{"id":"gen9vgc2023regulationc-1856663943","p1":"AceTrainerNite","p2":"Dattobandit","format":"[Gen 9] VGC 2023 Regulation C","log":"|j|\u2606AceTrainerNite\n|j|\u2606Dattobandit\n|t:|1683090391\n|gametype|doubles\n|player|p1|AceTrainerNite|benga|\n|player|p2|Dattobandit|101|\n|teamsize|p1|6\n|teamsize|p2|6\n|gen|9\n|tier|[Gen 9] VGC 2023 Regulation C\n|rule|Species Clause: Limit one of each Pok\u00e9mon\n|rule|Item Clause: Limit one of each item\n|clearpoke\n|poke|p1|Roaring Moon, L50|\n|poke|p1|Tinkaton, L50, F|\n|poke|p1|Annihilape, L50, M|\n|poke|p1|Arcanine, L50, F|\n|poke|p1|Palafin, L50, M|\n|poke|p1|Amoonguss, L50, M|\n|poke|p2|Armarouge, L50, F|\n|poke|p2|Indeedee-F, L50, F|\n|poke|p2|Dragapult, L50, M|\n|poke|p2|Gholdengo, L50|\n|poke|p2|Murkrow, L50, F|\n|poke|p2|Iron Hands, L50|\n|teampreview|4\n|\n|t:|1683090435\n|start\n|switch|p1a: Bethuna|Roaring Moon, L50, shiny|100\/100\n|switch|p1b: Hercules|Palafin, L50, M, shiny|100\/100\n|switch|p2a: Murkrow|Murkrow, L50, F, shiny|100\/100\n|switch|p2b: Iron Hands|Iron Hands, L50|100\/100\n|-enditem|p1a: Bethuna|Booster Energy\n|-activate|p1a: Bethuna|ability: Protosynthesis|[fromitem]\n|-start|p1a: Bethuna|protosynthesisatk\n|-enditem|p2b: Iron Hands|Booster Energy\n|-activate|p2b: Iron Hands|ability: Quark Drive|[fromitem]\n|-start|p2b: Iron Hands|quarkdriveatk\n|turn|1\n|\n|t:|1683090464\n|detailschange|p1b: Hercules|Palafin-Hero, L50, M, shiny\n|switch|p1b: Truffles|Amoonguss, L50, M, shiny|100\/100\n|move|p1a: Bethuna|Protect|p1a: Bethuna\n|-singleturn|p1a: Bethuna|Protect\n|move|p2a: Murkrow|Tailwind|p2a: Murkrow\n|-sidestart|p2: Dattobandit|move: Tailwind\n|move|p2b: Iron Hands|Wild Charge|p1a: Bethuna\n|-activate|p1a: Bethuna|move: Protect\n|\n|upkeep\n|turn|2\n|\n|t:|1683090496\n|move|p1b: Truffles|Rage Powder|p1b: Truffles\n|-singleturn|p1b: Truffles|move: Rage Powder\n|move|p1a: Bethuna|Dragon Dance|p1a: Bethuna\n|-boost|p1a: Bethuna|atk|1\n|-boost|p1a: Bethuna|spe|1\n|move|p2b: Iron Hands|Wild Charge|p1b: Truffles\n|-resisted|p1b: Truffles\n|-damage|p1b: Truffles|72\/100\n|-damage|p2b: Iron Hands|94\/100|[from] Recoil\n|move|p2a: Murkrow|Whirlwind|p1b: Truffles\n|drag|p1b: Mochi|Arcanine, L50, F, shiny|100\/100\n|-ability|p1b: Mochi|Intimidate|boost\n|-unboost|p2a: Murkrow|atk|1\n|-unboost|p2b: Iron Hands|atk|1\n|\n|upkeep\n|turn|3\n|\n|t:|1683090528\n|move|p1a: Bethuna|Protect|p1a: Bethuna\n|-singleturn|p1a: Bethuna|Protect\n|move|p1b: Mochi|Will-O-Wisp|p2b: Iron Hands\n|-status|p2b: Iron Hands|brn\n|move|p2b: Iron Hands|Drain Punch|p1b: Mochi\n|-damage|p1b: Mochi|80\/100\n|-heal|p2b: Iron Hands|100\/100 brn|[from] drain|[of] p1b: Mochi\n|move|p2a: Murkrow|Whirlwind|p1a: Bethuna\n|-hint|Since gen 7, Dark is immune to Prankster moves.\n|-immune|p1a: Bethuna\n|\n|-damage|p2b: Iron Hands|94\/100 brn|[from] brn\n|upkeep\n|turn|4\n|\n|t:|1683090560\n|-terastallize|p1a: Bethuna|Flying\n|move|p1a: Bethuna|Acrobatics|p2a: Murkrow\n|-crit|p2a: Murkrow\n|-damage|p2a: Murkrow|0 fnt\n|faint|p2a: Murkrow\n|move|p1b: Mochi|Flare Blitz|p2b: Iron Hands\n|-damage|p2b: Iron Hands|59\/100 brn\n|-damage|p1b: Mochi|65\/100|[from] Recoil\n|move|p2b: Iron Hands|Wild Charge|p1a: Bethuna\n|-supereffective|p1a: Bethuna\n|-damage|p1a: Bethuna|61\/100\n|-damage|p2b: Iron Hands|52\/100 brn|[from] Recoil\n|\n|-damage|p2b: Iron Hands|45\/100 brn|[from] brn\n|-sideend|p2: Dattobandit|move: Tailwind\n|upkeep\n|\n|t:|1683090582\n|switch|p2a: Gholdengo|Gholdengo, L50|100\/100\n|turn|5\n|\n|t:|1683090604\n|switch|p1b: Truffles|Amoonguss, L50, M, shiny|100\/100\n|-terastallize|p2a: Gholdengo|Fairy\n|move|p1a: Bethuna|Throat Chop|p2a: Gholdengo\n|-resisted|p2a: Gholdengo\n|-damage|p2a: Gholdengo|58\/100\n|-start|p2a: Gholdengo|Throat Chop|[silent]\n|move|p2a: Gholdengo|Dazzling Gleam|p1a: Bethuna|[spread] p1a,p1b\n|-resisted|p1b: Truffles\n|-damage|p1a: Bethuna|30\/100\n|-damage|p1b: Truffles|89\/100\n|move|p2b: Iron Hands|Drain Punch|p1b: Truffles\n|-resisted|p1b: Truffles\n|-damage|p1b: Truffles|81\/100\n|-heal|p2b: Iron Hands|49\/100 brn|[from] drain|[of] p1b: Truffles\n|\n|-damage|p2b: Iron Hands|43\/100 brn|[from] brn\n|upkeep\n|turn|6\n|\n|t:|1683090631\n|move|p1b: Truffles|Rage Powder|p1b: Truffles\n|-singleturn|p1b: Truffles|move: Rage Powder\n|move|p1a: Bethuna|Acrobatics|p2a: Gholdengo\n|-damage|p2a: Gholdengo|0 fnt\n|faint|p2a: Gholdengo\n|move|p2b: Iron Hands|Wild Charge|p1b: Truffles\n|-resisted|p1b: Truffles\n|-damage|p1b: Truffles|72\/100\n|-damage|p2b: Iron Hands|41\/100 brn|[from] Recoil\n|\n|-damage|p2b: Iron Hands|35\/100 brn|[from] brn\n|upkeep\n|\n|t:|1683090644\n|switch|p2a: Indeedee|Indeedee-F, L50, F|100\/100\n|-fieldstart|move: Psychic Terrain|[from] ability: Psychic Surge|[of] p2a: Indeedee\n|-enditem|p2a: Indeedee|Psychic Seed\n|-boost|p2a: Indeedee|spd|1|[from] item: Psychic Seed\n|turn|7\n|\n|t:|1683090685\n|move|p2a: Indeedee|Follow Me|p2a: Indeedee\n|-singleturn|p2a: Indeedee|move: Follow Me\n|move|p1b: Truffles|Rage Powder|p1b: Truffles\n|-singleturn|p1b: Truffles|move: Rage Powder\n|move|p1a: Bethuna|Throat Chop|p2a: Indeedee\n|-supereffective|p2a: Indeedee\n|-damage|p2a: Indeedee|0 fnt\n|faint|p2a: Indeedee\n|move|p2b: Iron Hands|Drain Punch|p1b: Truffles\n|-resisted|p1b: Truffles\n|-damage|p1b: Truffles|65\/100\n|-heal|p2b: Iron Hands|38\/100 brn|[from] drain|[of] p1b: Truffles\n|\n|-damage|p2b: Iron Hands|32\/100 brn|[from] brn\n|upkeep\n|turn|8\n|\n|t:|1683090714\n|switch|p1b: Mochi|Arcanine, L50, F, shiny|65\/100\n|-ability|p1b: Mochi|Intimidate|boost\n|-unboost|p2b: Iron Hands|atk|1\n|move|p1a: Bethuna|Acrobatics|p2b: Iron Hands\n|-crit|p2b: Iron Hands\n|-damage|p2b: Iron Hands|0 fnt\n|faint|p2b: Iron Hands\n|-end|p2b: Iron Hands|Quark Drive|[silent]\n|\n|win|AceTrainerNite\n","uploadtime":1683090725,"views":8,"p1id":"acetrainernite","p2id":"dattobandit","formatid":"gen9vgc2023regulationc","rating":0,"private":0,"password":""}