{"id":"gen9vgc2023regulationc-1859287385","p1":"AndrwApple","p2":"crowlersar24","format":"[Gen 9] VGC 2023 Regulation C","log":"|j|\u2606AndrwApple\n|j|\u2606crowlersar24\n|t:|1683428968\n|gametype|doubles\n|player|p1|AndrwApple|1|\n|player|p2|crowlersar24|colress|\n|teamsize|p1|6\n|teamsize|p2|6\n|gen|9\n|tier|[Gen 9] VGC 2023 Regulation C\n|rule|Species Clause: Limit one of each Pok\u00e9mon\n|rule|Item Clause: Limit one of each item\n|clearpoke\n|poke|p1|Arcanine, L50, M|\n|poke|p1|Amoonguss, L50, F|\n|poke|p1|Garganacl, L50, M|\n|poke|p1|Palafin, L50, M|\n|poke|p1|Chien-Pao, L50|\n|poke|p1|Dragonite, L50, F|\n|poke|p2|Chien-Pao, L50|\n|poke|p2|Dragonite, L50, M|\n|poke|p2|Flutter Mane, L50|\n|poke|p2|Great Tusk, L50|\n|poke|p2|Lilligant, L50, F|\n|poke|p2|Torkoal, L50, F|\n|teampreview|4\nAndrwApple has agreed to open team sheets.\n|c|\u2606AndrwApple|Gl\n|c|\u2606crowlersar24|Go\n|c|\u2606crowlersar24|Gl*\n|\n|t:|1683429020\n|start\n|switch|p1a: Menzart|Dragonite, L50, F|100\/100\n|switch|p1b: Arcanine|Arcanine, L50, M|100\/100\n|switch|p2a: Torkoal|Torkoal, L50, F|100\/100\n|switch|p2b: Flutter Mane|Flutter Mane, L50|100\/100\n|-ability|p1b: Arcanine|Intimidate|boost\n|-unboost|p2a: Torkoal|atk|1\n|-unboost|p2b: Flutter Mane|atk|1\n|-weather|SunnyDay|[from] ability: Drought|[of] p2a: Torkoal\n|-activate|p2b: Flutter Mane|ability: Protosynthesis\n|-start|p2b: Flutter Mane|protosynthesisspe\n|turn|1\n|c|\u2606crowlersar24|TENGO MIEDO REEN ATACA YA\n|\n|t:|1683429157\n|-terastallize|p1a: Menzart|Flying\n|move|p2b: Flutter Mane|Shadow Ball|p1b: Arcanine\n|-crit|p1b: Arcanine\n|-damage|p1b: Arcanine|9\/100\n|move|p1b: Arcanine|Flare Blitz|p2b: Flutter Mane\n|-damage|p2b: Flutter Mane|0 fnt\n|faint|p2b: Flutter Mane\n|-end|p2b: Flutter Mane|Protosynthesis|[silent]\n|-damage|p1b: Arcanine|0 fnt|[from] Recoil\n|faint|p1b: Arcanine\n|move|p1a: Menzart|Tera Blast|p2a: Torkoal\n|-damage|p2a: Torkoal|52\/100\n|move|p2a: Torkoal|Heat Wave|p1a: Menzart\n|-damage|p1a: Menzart|75\/100\n|\n|-weather|SunnyDay|[upkeep]\n|upkeep\n|c|\u2606AndrwApple|A lol tiraste shadow al arcanine\n|\n|t:|1683429208\n|switch|p2b: Dragonite|Dragonite, L50, M|100\/100\n|switch|p1b: Garganacl|Garganacl, L50, M|100\/100\n|turn|2\n|\n|t:|1683429224\n|-terastallize|p2a: Torkoal|Fire\n|move|p1b: Garganacl|Protect|p1b: Garganacl\n|-singleturn|p1b: Garganacl|Protect\n|move|p2b: Dragonite|Outrage|p1b: Garganacl\n|-activate|p1b: Garganacl|move: Protect\n|move|p1a: Menzart|Tera Blast|p2b: Dragonite\n|-damage|p2b: Dragonite|63\/100\n|move|p2a: Torkoal|Heat Wave|p1a: Menzart|[spread] p1a\n|-activate|p1b: Garganacl|move: Protect\n|-damage|p1a: Menzart|25\/100\n|\n|-weather|SunnyDay|[upkeep]\n|upkeep\n|turn|3\n|\n|t:|1683429246\n|move|p1a: Menzart|Extreme Speed|p2a: Torkoal\n|-damage|p2a: Torkoal|28\/100\n|move|p2b: Dragonite|Outrage|p1b: Garganacl\n|-damage|p1b: Garganacl|32\/100\n|-enditem|p1b: Garganacl|Sitrus Berry|[eat]\n|-heal|p1b: Garganacl|57\/100|[from] item: Sitrus Berry\n|move|p1b: Garganacl|Salt Cure|p2a: Torkoal\n|-supereffective|p2a: Torkoal\n|-damage|p2a: Torkoal|7\/100\n|-start|p2a: Torkoal|Salt Cure\n|move|p2a: Torkoal|Heat Wave|p1b: Garganacl|[spread] p1a,p1b\n|-resisted|p1b: Garganacl\n|-damage|p1a: Menzart|0 fnt\n|-damage|p1b: Garganacl|31\/100\n|faint|p1a: Menzart\n|\n|-weather|SunnyDay|[upkeep]\n|-damage|p2a: Torkoal|0 fnt|[from] Salt Cure\n|faint|p2a: Torkoal\n|upkeep\n|\n|t:|1683429262\n|switch|p1a: Chien-Pao|Chien-Pao, L50|100\/100\n|switch|p2a: Chien-Pao|Chien-Pao, L50|100\/100\n|-ability|p2a: Chien-Pao|Sword of Ruin\n|-ability|p1a: Chien-Pao|Sword of Ruin\n|turn|4\n|\n|t:|1683429275\n|move|p1b: Garganacl|Protect|p1b: Garganacl\n|-singleturn|p1b: Garganacl|Protect\n|move|p1a: Chien-Pao|Ice Spinner|p2b: Dragonite\n|-supereffective|p2b: Dragonite\n|-damage|p2b: Dragonite|0 fnt\n|faint|p2b: Dragonite\n|move|p2a: Chien-Pao|Sacred Sword|p1a: Chien-Pao\n|-supereffective|p1a: Chien-Pao\n|-enditem|p1a: Chien-Pao|Focus Sash\n|-damage|p1a: Chien-Pao|1\/100\n|\n|-weather|SunnyDay|[upkeep]\n|upkeep\n|turn|5\n|\n|t:|1683429289\n|move|p2a: Chien-Pao|Sucker Punch|p1a: Chien-Pao\n|-resisted|p1a: Chien-Pao\n|-crit|p1a: Chien-Pao\n|-damage|p1a: Chien-Pao|0 fnt\n|faint|p1a: Chien-Pao\n|move|p1b: Garganacl|Salt Cure|p2a: Chien-Pao\n|-supereffective|p2a: Chien-Pao\n|-damage|p2a: Chien-Pao|58\/100\n|-start|p2a: Chien-Pao|Salt Cure\n|\n|-weather|none\n|-damage|p2a: Chien-Pao|46\/100|[from] Salt Cure\n|upkeep\n|turn|6\n|\n|t:|1683429298\n|move|p1b: Garganacl|Protect|p1b: Garganacl\n|-singleturn|p1b: Garganacl|Protect\n|move|p2a: Chien-Pao|Sacred Sword|p1b: Garganacl\n|-activate|p1b: Garganacl|move: Protect\n|\n|-damage|p2a: Chien-Pao|33\/100|[from] Salt Cure\n|upkeep\n|turn|7\n|\n|t:|1683429302\n|move|p1b: Garganacl|Protect||[still]\n|-fail|p1b: Garganacl\n|move|p2a: Chien-Pao|Sacred Sword|p1b: Garganacl\n|-supereffective|p1b: Garganacl\n|-damage|p1b: Garganacl|0 fnt\n|faint|p1b: Garganacl\n|\n|win|crowlersar24\n|l|\u2606AndrwApple\n|c|\u2606crowlersar24|Gg\n|j|\u2606AndrwApple\n|player|p1|AndrwApple|1\n","uploadtime":1683429317,"views":15,"p1id":"andrwapple","p2id":"crowlersar24","formatid":"gen9vgc2023regulationc","rating":0,"private":0,"password":""}