{"id":"gen9vgc2023regulationc-1857241060","p1":"gideon.prager20","p2":"Xalvadore","format":"[Gen 9] VGC 2023 Regulation C","log":"|j|\u2606gideon.prager20\n|j|\u2606Xalvadore\n|t:|1683162278\n|gametype|doubles\n|player|p1|gideon.prager20|169|1179\n|player|p2|Xalvadore|marnie|1205\n|teamsize|p1|6\n|teamsize|p2|6\n|gen|9\n|tier|[Gen 9] VGC 2023 Regulation C\n|rated|\n|rule|Species Clause: Limit one of each Pok\u00e9mon\n|rule|Item Clause: Limit one of each item\n|clearpoke\n|poke|p1|Tinkaton, L50, F|\n|poke|p1|Gholdengo, L50|\n|poke|p1|Arcanine, L50, F|\n|poke|p1|Iron Bundle, L50|\n|poke|p1|Iron Hands, L50|\n|poke|p1|Roaring Moon, L50|\n|poke|p2|Dragonite, L50, F|\n|poke|p2|Tyranitar, L50, F|\n|poke|p2|Gastrodon, L50, F|\n|poke|p2|Arcanine, L50, M|\n|poke|p2|Meowscarada, L50, F|\n|poke|p2|Scizor, L50, M|\n|teampreview|4\n|\n|t:|1683162312\n|start\n|switch|p1a: Gholdengo|Gholdengo, L50|100\/100\n|switch|p1b: Iron Bundle|Iron Bundle, L50|100\/100\n|switch|p2a: Tyranitar|Tyranitar, L50, F|100\/100\n|switch|p2b: Dragonite|Dragonite, L50, F|100\/100\n|-weather|Sandstorm|[from] ability: Sand Stream|[of] p2a: Tyranitar\n|turn|1\n|inactive|Battle timer is ON: inactive players will automatically lose when time's up. (requested by gideon.prager20)\n|\n|t:|1683162330\n|move|p2b: Dragonite|Extreme Speed|p1b: Iron Bundle\n|-damage|p1b: Iron Bundle|55\/100\n|move|p1b: Iron Bundle|Freeze-Dry|p2b: Dragonite\n|-supereffective|p2b: Dragonite\n|-damage|p2b: Dragonite|33\/100\n|move|p1a: Gholdengo|Make It Rain|p2a: Tyranitar|[spread] p2a,p2b\n|-supereffective|p2a: Tyranitar\n|-damage|p2a: Tyranitar|52\/100\n|-damage|p2b: Dragonite|0 fnt\n|-unboost|p1a: Gholdengo|spa|1\n|faint|p2b: Dragonite\n|-damage|p1a: Gholdengo|91\/100|[from] item: Life Orb\n|move|p2a: Tyranitar|Rock Slide|p1b: Iron Bundle|[spread] p1a,p1b\n|-resisted|p1a: Gholdengo\n|-supereffective|p1b: Iron Bundle\n|-damage|p1a: Gholdengo|74\/100\n|-damage|p1b: Iron Bundle|0 fnt\n|faint|p1b: Iron Bundle\n|-end|p1b: Iron Bundle|Quark Drive|[silent]\n|\n|-weather|Sandstorm|[upkeep]\n|upkeep\n|\n|t:|1683162349\n|switch|p1b: Iron Hands|Iron Hands, L50|100\/100\n|switch|p2b: Meowscarada|Meowscarada, L50, F|100\/100\n|turn|2\n|\n|t:|1683162368\n|switch|p1a: Arcanine|Arcanine, L50, F|100\/100\n|-ability|p1a: Arcanine|Intimidate|boost\n|-unboost|p2a: Tyranitar|atk|1\n|-unboost|p2b: Meowscarada|atk|1\n|switch|p2a: Arcanine|Arcanine, L50, M|100\/100\n|-ability|p2a: Arcanine|Intimidate|boost\n|-unboost|p1a: Arcanine|atk|1\n|-unboost|p1b: Iron Hands|atk|1\n|move|p2b: Meowscarada|Protect|p2b: Meowscarada\n|-singleturn|p2b: Meowscarada|Protect\n|move|p1b: Iron Hands|Drain Punch|p2a: Arcanine\n|-damage|p2a: Arcanine|71\/100\n|\n|-weather|Sandstorm|[upkeep]\n|-damage|p2b: Meowscarada|95\/100|[from] Sandstorm\n|-damage|p1b: Iron Hands|94\/100|[from] Sandstorm\n|-heal|p1b: Iron Hands|100\/100|[from] item: Leftovers\n|upkeep\n|turn|3\n|inactive|Xalvadore has 30 seconds left.\n|\n|t:|1683162398\n|-end|p1b: Iron Hands|Quark Drive|[silent]\n|switch|p1b: Gholdengo|Gholdengo, L50|74\/100\n|-terastallize|p2b: Meowscarada|Dark\n|move|p2b: Meowscarada|Knock Off|p1a: Arcanine\n|-damage|p1a: Arcanine|32\/100\n|-enditem|p1a: Arcanine|Safety Goggles|[from] move: Knock Off|[of] p2b: Meowscarada\n|-damage|p2b: Meowscarada|85\/100|[from] item: Life Orb\n|move|p1a: Arcanine|Flamethrower|p2b: Meowscarada\n|-crit|p2b: Meowscarada\n|-damage|p2b: Meowscarada|0 fnt\n|faint|p2b: Meowscarada\n|move|p2a: Arcanine|Will-O-Wisp|p1b: Gholdengo\n|-immune|p1b: Gholdengo|[from] ability: Good as Gold\n|\n|-weather|Sandstorm|[upkeep]\n|-damage|p1a: Arcanine|26\/100|[from] Sandstorm\n|upkeep\n|\n|t:|1683162414\n|switch|p2b: Tyranitar|Tyranitar, L50, F|52\/100\n|turn|4\n|\n|t:|1683162427\n|move|p1b: Gholdengo|Protect|p1b: Gholdengo\n|-singleturn|p1b: Gholdengo|Protect\n|move|p1a: Arcanine|Will-O-Wisp|p2b: Tyranitar\n|-status|p2b: Tyranitar|brn\n|move|p2a: Arcanine|Flare Blitz|p1b: Gholdengo\n|-activate|p1b: Gholdengo|move: Protect\n|move|p2b: Tyranitar|Rock Slide|p1a: Arcanine|[spread] p1a\n|-activate|p1b: Gholdengo|move: Protect\n|-supereffective|p1a: Arcanine\n|-damage|p1a: Arcanine|0 fnt\n|faint|p1a: Arcanine\n|\n|-weather|Sandstorm|[upkeep]\n|-damage|p2b: Tyranitar|46\/100 brn|[from] brn\n|upkeep\n|\n|t:|1683162437\n|switch|p1a: Iron Hands|Iron Hands, L50|100\/100\n|turn|5\n|\n|t:|1683162451\n|move|p2a: Arcanine|Flare Blitz|p1b: Gholdengo\n|-supereffective|p1b: Gholdengo\n|-damage|p1b: Gholdengo|0 fnt\n|faint|p1b: Gholdengo\n|-damage|p2a: Arcanine|51\/100|[from] Recoil\n|move|p2b: Tyranitar|Rock Tomb|p1a: Iron Hands\n|-resisted|p1a: Iron Hands\n|-damage|p1a: Iron Hands|94\/100\n|-unboost|p1a: Iron Hands|spe|1\n|move|p1a: Iron Hands|Drain Punch|p2b: Tyranitar\n|-supereffective|p2b: Tyranitar\n|-damage|p2b: Tyranitar|0 fnt\n|-heal|p1a: Iron Hands|100\/100|[from] drain|[of] p2b: Tyranitar\n|faint|p2b: Tyranitar\n|\n|-weather|none\n|upkeep\n|turn|6\n|\n|t:|1683162467\n|move|p2a: Arcanine|Will-O-Wisp|p1a: Iron Hands|[miss]\n|-miss|p2a: Arcanine|p1a: Iron Hands\n|move|p1a: Iron Hands|Swords Dance|p1a: Iron Hands\n|-boost|p1a: Iron Hands|atk|2\n|\n|upkeep\n|turn|7\n|\n|t:|1683162476\n|move|p2a: Arcanine|Will-O-Wisp|p1a: Iron Hands\n|-status|p1a: Iron Hands|brn\n|move|p1a: Iron Hands|Swords Dance|p1a: Iron Hands\n|-boost|p1a: Iron Hands|atk|2\n|\n|-damage|p1a: Iron Hands|94\/100 brn|[from] brn\n|upkeep\n|turn|8\n|\n|t:|1683162484\n|move|p2a: Arcanine|Flare Blitz|p1a: Iron Hands\n|-damage|p1a: Iron Hands|64\/100 brn\n|-damage|p2a: Arcanine|39\/100|[from] Recoil\n|move|p1a: Iron Hands|Swords Dance|p1a: Iron Hands\n|-boost|p1a: Iron Hands|atk|2\n|\n|-heal|p1a: Iron Hands|70\/100 brn|[from] item: Leftovers\n|-damage|p1a: Iron Hands|64\/100 brn|[from] brn\n|upkeep\n|turn|9\n|\n|t:|1683162494\n|move|p2a: Arcanine|Flare Blitz|p1a: Iron Hands\n|-damage|p1a: Iron Hands|29\/100 brn\n|-damage|p2a: Arcanine|26\/100|[from] Recoil\n|move|p1a: Iron Hands|Drain Punch|p2a: Arcanine\n|-damage|p2a: Arcanine|0 fnt\n|-heal|p1a: Iron Hands|40\/100 brn|[from] drain|[of] p2a: Arcanine\n|faint|p2a: Arcanine\n|\n|win|gideon.prager20\n|raw|gideon.prager20's rating: 1179 → 1206<\/strong> (+27 for winning)\n|raw|Xalvadore's rating: 1205 → 1178<\/strong> (-27 for losing)\n|c|\u2606Xalvadore|gg\n","uploadtime":1683162504,"views":11,"p1id":"gideonprager20","p2id":"xalvadore","formatid":"gen9vgc2023regulationc","rating":1178,"private":0,"password":""}