{"id":"gen9vgc2023regulationc-1862067886","p1":"zippLapZapper","p2":"itshotafoutside","format":"[Gen 9] VGC 2023 Regulation C","log":"|j|\u2606zippLapZapper\n|j|\u2606itshotafoutside\n|t:|1683833775\n|gametype|doubles\n|player|p1|zippLapZapper|hilbert-wonderlauncher|1390\n|player|p2|itshotafoutside|giovanni|1330\n|teamsize|p1|6\n|teamsize|p2|6\n|gen|9\n|tier|[Gen 9] VGC 2023 Regulation C\n|rated|\n|rule|Species Clause: Limit one of each Pok\u00e9mon\n|rule|Item Clause: Limit one of each item\n|clearpoke\n|poke|p1|Garchomp, L50, M|\n|poke|p1|Talonflame, L50, M|\n|poke|p1|Flutter Mane, L50|\n|poke|p1|Iron Bundle, L50|\n|poke|p1|Chien-Pao, L50|\n|poke|p1|Tyranitar, L50, M|\n|poke|p2|Abomasnow, L50, F|\n|poke|p2|Iron Bundle, L50|\n|poke|p2|Glaceon, L50, F|\n|poke|p2|Ceruledge, L50, M|\n|poke|p2|Amoonguss, L50, M|\n|poke|p2|Flutter Mane, L50|\n|teampreview|4\nzippLapZapper has agreed to open team sheets.\n|inactive|Battle timer is ON: inactive players will automatically lose when time's up. (requested by itshotafoutside)\nitshotafoutside rejected open team sheets.\n|\n|t:|1683833822\n|start\n|switch|p1a: Talonflame|Talonflame, L50, M|100\/100\n|switch|p1b: Tyranitar|Tyranitar, L50, M|100\/100\n|switch|p2a: Ceruledge|Ceruledge, L50, M|100\/100\n|switch|p2b: Amoonguss|Amoonguss, L50, M|100\/100\n|-weather|Sandstorm|[from] ability: Sand Stream|[of] p1b: Tyranitar\n|turn|1\n|\n|t:|1683833843\n|move|p2a: Ceruledge|Shadow Sneak|p1a: Talonflame\n|-damage|p1a: Talonflame|74\/100\n|move|p1a: Talonflame|Taunt|p2b: Amoonguss\n|-start|p2b: Amoonguss|move: Taunt\n|move|p1b: Tyranitar|Rock Slide|p2b: Amoonguss|[spread] p2a,p2b\n|-supereffective|p2a: Ceruledge\n|-damage|p2a: Ceruledge|21\/100\n|-damage|p2b: Amoonguss|73\/100\n|cant|p2b: Amoonguss|flinch\n|\n|-weather|Sandstorm|[upkeep]\n|-damage|p2a: Ceruledge|15\/100|[from] Sandstorm\n|-damage|p2b: Amoonguss|67\/100|[from] Sandstorm\n|upkeep\n|turn|2\n|\n|t:|1683833862\n|move|p1a: Talonflame|Tailwind|p1a: Talonflame\n|-sidestart|p1: zippLapZapper|move: Tailwind\n|move|p1b: Tyranitar|Rock Slide|p2a: Ceruledge|[spread] p2a,p2b\n|-supereffective|p2a: Ceruledge\n|-crit|p2a: Ceruledge\n|-damage|p2a: Ceruledge|0 fnt\n|-damage|p2b: Amoonguss|40\/100\n|-enditem|p2b: Amoonguss|Sitrus Berry|[eat]\n|-heal|p2b: Amoonguss|65\/100|[from] item: Sitrus Berry\n|faint|p2a: Ceruledge\n|move|p2b: Amoonguss|Pollen Puff|p1a: Talonflame\n|-resisted|p1a: Talonflame\n|-damage|p1a: Talonflame|68\/100\n|\n|-weather|Sandstorm|[upkeep]\n|-damage|p2b: Amoonguss|59\/100|[from] Sandstorm\n|upkeep\n|\n|t:|1683833865\n|switch|p2a: Iron Bundle|Iron Bundle, L50|100\/100\n|turn|3\n|inactive|zippLapZapper has 30 seconds left.\n|\n|t:|1683833892\n|switch|p2b: Abomasnow|Abomasnow, L50, F, shiny|100\/100\n|-weather|Snow|[from] ability: Snow Warning|[of] p2b: Abomasnow\n|-terastallize|p2a: Iron Bundle|Ice\n|move|p1a: Talonflame|Brave Bird|p2b: Abomasnow\n|-supereffective|p2b: Abomasnow\n|-damage|p2b: Abomasnow|55\/100\n|-damage|p1a: Talonflame|51\/100|[from] Recoil\n|move|p1b: Tyranitar|Assurance|p2b: Abomasnow\n|-damage|p2b: Abomasnow|12\/100\n|move|p2a: Iron Bundle|Blizzard|p1b: Tyranitar|[spread] p1a,p1b\n|-damage|p1a: Talonflame|0 fnt\n|-damage|p1b: Tyranitar|50\/100\n|-status|p1b: Tyranitar|frz\n|faint|p1a: Talonflame\n|\n|-weather|Snow|[upkeep]\n|upkeep\n|\n|t:|1683833896\n|switch|p1a: Flutter Mane|Flutter Mane, L50|100\/100\n|turn|4\n|\n|t:|1683833909\n|-terastallize|p1a: Flutter Mane|Water\n|move|p2b: Abomasnow|Helping Hand|p2a: Iron Bundle\n|-singleturn|p2a: Iron Bundle|Helping Hand|[of] p2b: Abomasnow\n|move|p1a: Flutter Mane|Moonblast|p2a: Iron Bundle\n|-damage|p2a: Iron Bundle|0 fnt\n|faint|p2a: Iron Bundle\n|-end|p2a: Iron Bundle|Quark Drive|[silent]\n|-curestatus|p1b: Tyranitar|frz|[msg]\n|move|p1b: Tyranitar|Rock Slide|p2b: Abomasnow\n|-supereffective|p2b: Abomasnow\n|-damage|p2b: Abomasnow|0 fnt\n|faint|p2b: Abomasnow\n|\n|-weather|Snow|[upkeep]\n|upkeep\n|\n|t:|1683833918\n|switch|p2b: Amoonguss|Amoonguss, L50, M|92\/100\n|turn|5\n|\n|t:|1683833930\n|move|p2b: Amoonguss|Rage Powder|p2b: Amoonguss\n|-singleturn|p2b: Amoonguss|move: Rage Powder\n|move|p1a: Flutter Mane|Moonblast|p2b: Amoonguss\n|-resisted|p2b: Amoonguss\n|-crit|p2b: Amoonguss\n|-damage|p2b: Amoonguss|47\/100\n|move|p1b: Tyranitar|Assurance|p2b: Amoonguss\n|-damage|p2b: Amoonguss|0 fnt\n|faint|p2b: Amoonguss\n|\n|win|zippLapZapper\n|raw|zippLapZapper's rating: 1390 → 1407<\/strong> (+17 for winning)\n|raw|itshotafoutside's rating: 1330 → 1313<\/strong> (-17 for losing)\n","uploadtime":1683833939,"views":12,"p1id":"zipplapzapper","p2id":"itshotafoutside","formatid":"gen9vgc2023regulationc","rating":1313,"private":0,"password":""}