{"id":"gen9vgc2023regulationc-1848719864","p1":"G3rd","p2":"mithical","format":"[Gen 9] VGC 2023 Regulation C","log":"|j|\u2606G3rd\n|j|\u2606mithical\n|t:|1682103763\n|gametype|doubles\n|player|p1|G3rd|giovanni|1290\n|player|p2|mithical|crasherwake|1337\n|teamsize|p1|6\n|teamsize|p2|6\n|gen|9\n|tier|[Gen 9] VGC 2023 Regulation C\n|rated|\n|rule|Species Clause: Limit one of each Pok\u00e9mon\n|rule|Item Clause: Limit one of each item\n|clearpoke\n|poke|p1|Talonflame, L50, M|\n|poke|p1|Baxcalibur, L50, F|\n|poke|p1|Amoonguss, L50, F|\n|poke|p1|Flutter Mane, L50|\n|poke|p1|Gyarados, L50, M|\n|poke|p1|Chi-Yu, L50|\n|poke|p2|Arcanine, L50, M|\n|poke|p2|Chien-Pao, L50|\n|poke|p2|Palafin, L50, M|\n|poke|p2|Dragonite, L50, M|\n|poke|p2|Amoonguss, L50, F|\n|poke|p2|Flutter Mane, L50|\n|teampreview|4\nG3rd has agreed to open team sheets.\n|inactive|Battle timer is ON: inactive players will automatically lose when time's up. (requested by G3rd)\n|\n|t:|1682103788\n|start\n|switch|p1a: Amoonguss|Amoonguss, L50, F|100\/100\n|switch|p1b: Flutter Mane|Flutter Mane, L50|100\/100\n|switch|p2a: Dragonite|Dragonite, L50, M|100\/100\n|switch|p2b: Palafin|Palafin, L50, M|100\/100\n|-enditem|p1b: Flutter Mane|Booster Energy\n|-activate|p1b: Flutter Mane|ability: Protosynthesis|[fromitem]\n|-start|p1b: Flutter Mane|protosynthesisspa\n|turn|1\n|inactive|G3rd has 30 seconds left.\n|\n|t:|1682103823\n|detailschange|p2b: Palafin|Palafin-Hero, L50, M\n|switch|p2b: Chien-Pao|Chien-Pao, L50|100\/100\n|-ability|p2b: Chien-Pao|Sword of Ruin\n|switch|p1a: Gyarados|Gyarados, L50, M|100\/100\n|-ability|p1a: Gyarados|Intimidate|boost\n|-unboost|p2a: Dragonite|atk|1\n|-unboost|p2b: Chien-Pao|atk|1\n|-terastallize|p2a: Dragonite|Normal\n|move|p1b: Flutter Mane|Substitute|p1b: Flutter Mane\n|-start|p1b: Flutter Mane|Substitute\n|-damage|p1b: Flutter Mane|76\/100\n|move|p2a: Dragonite|Ice Spinner|p1a: Gyarados\n|-damage|p1a: Gyarados|53\/100\n|\n|upkeep\n|turn|2\n|inactive|G3rd has 30 seconds left.\n|\n|t:|1682103854\n|switch|p1a: Amoonguss|Amoonguss, L50, F|100\/100\n|switch|p2a: Flutter|Flutter Mane, L50|100\/100\n|move|p2b: Chien-Pao|Ice Spinner|p1b: Flutter Mane\n|-crit|p1b: Flutter Mane\n|-end|p1b: Flutter Mane|Substitute\n|move|p1b: Flutter Mane|Moonblast|p2b: Chien-Pao\n|-supereffective|p2b: Chien-Pao\n|-enditem|p2b: Chien-Pao|Focus Sash\n|-damage|p2b: Chien-Pao|1\/100\n|-unboost|p2b: Chien-Pao|spa|1\n|\n|upkeep\n|turn|3\n|inactive|G3rd has 30 seconds left.\n|inactive|G3rd has 20 seconds left.\n|inactive|G3rd has 15 seconds left.\n|\n|t:|1682103899\n|move|p1b: Flutter Mane|Protect|p1b: Flutter Mane\n|-singleturn|p1b: Flutter Mane|Protect\n|move|p2b: Chien-Pao|Ice Spinner|p1a: Amoonguss\n|-supereffective|p1a: Amoonguss\n|-damage|p1a: Amoonguss|39\/100\n|-enditem|p1a: Amoonguss|Sitrus Berry|[eat]\n|-heal|p1a: Amoonguss|64\/100|[from] item: Sitrus Berry\n|move|p2a: Flutter|Shadow Ball|p1b: Flutter Mane\n|-activate|p1b: Flutter Mane|move: Protect\n|move|p1a: Amoonguss|Pollen Puff|p2b: Chien-Pao\n|-supereffective|p2b: Chien-Pao\n|-damage|p2b: Chien-Pao|0 fnt\n|faint|p2b: Chien-Pao\n|\n|upkeep\n|\n|t:|1682103912\n|switch|p2b: Dragonite|Dragonite, L50, M, tera:Normal|100\/100\n|turn|4\n|inactive|G3rd has 30 seconds left.\n|\n|t:|1682103943\n|move|p2a: Flutter|Shadow Ball|p1b: Flutter Mane\n|-supereffective|p1b: Flutter Mane\n|-damage|p1b: Flutter Mane|0 fnt\n|faint|p1b: Flutter Mane\n|-end|p1b: Flutter Mane|Protosynthesis|[silent]\n|-damage|p2a: Flutter|91\/100|[from] item: Life Orb\n|move|p2b: Dragonite|Ice Spinner|p1a: Amoonguss\n|-supereffective|p1a: Amoonguss\n|-damage|p1a: Amoonguss|0 fnt\n|faint|p1a: Amoonguss\n|\n|upkeep\n|\n|t:|1682103951\n|switch|p1b: Baxcalibur|Baxcalibur, L50, F|100\/100\n|switch|p1a: Gyarados|Gyarados, L50, M|53\/100\n|-ability|p1a: Gyarados|Intimidate|boost\n|-unboost|p2a: Flutter|atk|1\n|-unboost|p2b: Dragonite|atk|1\n|turn|5\n|inactive|G3rd has 30 seconds left.\n|inactive|G3rd has 20 seconds left.\n|\n|t:|1682103991\n|switch|p2b: Palafin|Palafin-Hero, L50, M|100\/100\n|-activate|p2b: Palafin|ability: Zero to Hero\n|-terastallize|p1a: Gyarados|Steel\n|move|p2a: Flutter|Protect|p2a: Flutter\n|-singleturn|p2a: Flutter|Protect\n|move|p1b: Baxcalibur|Glaive Rush|p2b: Palafin\n|-damage|p2b: Palafin|18\/100\n|-singlemove|p1b: Baxcalibur|Glaive Rush|[silent]\n|move|p1a: Gyarados|Iron Head|p2a: Flutter\n|-activate|p2a: Flutter|move: Protect\n|\n|upkeep\n|turn|6\n|inactive|G3rd has 30 seconds left.\n|inactive|G3rd has 20 seconds left.\n|inactive|G3rd has 15 seconds left.\n|\n|t:|1682104031\n|move|p2b: Palafin|Protect|p2b: Palafin\n|-singleturn|p2b: Palafin|Protect\n|move|p2a: Flutter|Dazzling Gleam|p1b: Baxcalibur|[spread] p1a,p1b\n|-resisted|p1a: Gyarados\n|-supereffective|p1b: Baxcalibur\n|-damage|p1a: Gyarados|33\/100\n|-damage|p1b: Baxcalibur|0 fnt\n|faint|p1b: Baxcalibur\n|-damage|p2a: Flutter|81\/100|[from] item: Life Orb\n|move|p1a: Gyarados|Iron Head|p2a: Flutter\n|-supereffective|p2a: Flutter\n|-damage|p2a: Flutter|0 fnt\n|faint|p2a: Flutter\n|-end|p2a: Flutter|Protosynthesis|[silent]\n|\n|upkeep\n|\n|t:|1682104037\n|switch|p2a: Dragonite|Dragonite, L50, M, tera:Normal|100\/100\n|turn|7\n|\n|t:|1682104047\n|move|p1a: Gyarados|Helping Hand|p1: Baxcalibur|[notarget]\n|-fail|p1a: Gyarados\n|move|p2a: Dragonite|Extreme Speed|p1a: Gyarados\n|-resisted|p1a: Gyarados\n|-damage|p1a: Gyarados|0 fnt\n|faint|p1a: Gyarados\n|\n|win|mithical\n|raw|G3rd's rating: 1290 → 1268<\/strong> (-22 for losing)\n|raw|mithical's rating: 1337 → 1354<\/strong> (+17 for winning)\n","uploadtime":1682104055,"views":17,"p1id":"g3rd","p2id":"mithical","formatid":"gen9vgc2023regulationc","rating":1268,"private":0,"password":""}