{"id":"gen9vgc2023regulationc-1847484742","p1":"red de pokemon oro","p2":"leafyarrow","format":"[Gen 9] VGC 2023 Regulation C","log":"|j|\u2606red de pokemon oro\n|j|\u2606leafyarrow\n|t:|1681960976\n|gametype|doubles\n|player|p1|red de pokemon oro|red|\n|player|p2|leafyarrow|1|\n|teamsize|p1|6\n|teamsize|p2|6\n|gen|9\n|tier|[Gen 9] VGC 2023 Regulation C\n|rated|Tournament battle\n|rule|Species Clause: Limit one of each Pok\u00e9mon\n|rule|Item Clause: Limit one of each item\n|clearpoke\n|poke|p1|Wo-Chien, L50|\n|poke|p1|Dragapult, L50, M|\n|poke|p1|Gholdengo, L50|\n|poke|p1|Tauros-Paldea-Aqua, L50, M|\n|poke|p1|Roaring Moon, L50|\n|poke|p1|Ting-Lu, L50|\n|poke|p2|Flutter Mane, L50|\n|poke|p2|Palafin, L50, M|\n|poke|p2|Amoonguss, L50, F|\n|poke|p2|Ting-Lu, L50|\n|poke|p2|Arcanine, L50, F|\n|poke|p2|Roaring Moon, L50|\n|teampreview|4\n|raw| Open Team Sheet for red de pokemon oro<\/summary>Wo-Chien @ Covert Cloak Ability: Tablets of Ruin Level: 50 Tera Type: Poison - Leech Seed - Pollen Puff - Ruination - Knock Off Dragapult @ Light Clay Ability: Cursed Body Level: 50 Tera Type: Steel - Light Screen - Reflect - Hex - Will-O-Wisp Gholdengo @ Metal Coat Ability: Good as Gold Level: 50 Tera Type: Fairy - Nasty Plot - Protect - Make It Rain - Dazzling Gleam Tauros (Tauros-Paldea-Aqua) (M) @ Safety Goggles Ability: Intimidate Level: 50 Tera Type: Fire - Protect - Aqua Jet - Raging Bull - Body Press Roaring Moon @ Booster Energy Ability: Protosynthesis Level: 50 Tera Type: Poison - Acrobatics - Protect - Breaking Swipe - Iron Head Ting-Lu @ Sitrus Berry Ability: Vessel of Ruin Level: 50 Tera Type: Fire - Protect - Whirlwind - Ruination - Rock Slide <\/details><\/div> Open Team Sheet for leafyarrow<\/summary>Flutter Mane @ Choice Specs Ability: Protosynthesis Level: 50 Tera Type: Fairy - Moonblast - Dazzling Gleam - Shadow Ball - Power Gem Palafin @ Mystic Water Ability: Zero to Hero Level: 50 Tera Type: Water - Jet Punch - Wave Crash - Haze - Protect Amoonguss @ Sitrus Berry Ability: Regenerator Level: 50 Tera Type: Flying - Pollen Puff - Protect - Spore - Rage Powder Ting-Lu @ Assault Vest Ability: Vessel of Ruin Level: 50 Tera Type: Poison - Ruination - Stomping Tantrum - Heavy Slam - Fissure Arcanine @ Safety Goggles Ability: Intimidate Level: 50 Tera Type: Grass - Flare Blitz - Will-O-Wisp - Protect - Extreme Speed Roaring Moon @ Booster Energy Ability: Protosynthesis Level: 50 Tera Type: Flying - Throat Chop - Acrobatics - Dragon Dance - Protect <\/details><\/div>\n|\n|t:|1681961068\n|start\n|switch|p1a: Dragapult|Dragapult, L50, M|100\/100\n|switch|p1b: Gholdengo|Gholdengo, L50|100\/100\n|switch|p2a: Palafin|Palafin, L50, M|100\/100\n|switch|p2b: Roaring Moon|Roaring Moon, L50|100\/100\n|-enditem|p2b: Roaring Moon|Booster Energy\n|-activate|p2b: Roaring Moon|ability: Protosynthesis|[fromitem]\n|-start|p2b: Roaring Moon|protosynthesisspe\n|turn|1\n|\n|t:|1681961105\n|switch|p1a: Tauros|Tauros-Paldea-Aqua, L50, M|100\/100\n|-ability|p1a: Tauros|Intimidate|boost\n|-unboost|p2a: Palafin|atk|1\n|-unboost|p2b: Roaring Moon|atk|1\n|detailschange|p2a: Palafin|Palafin-Hero, L50, M\n|switch|p2a: Arcanine|Arcanine, L50, F|100\/100\n|-ability|p2a: Arcanine|Intimidate|boost\n|-unboost|p1a: Tauros|atk|1\n|-unboost|p1b: Gholdengo|atk|1\n|move|p1b: Gholdengo|Protect|p1b: Gholdengo\n|-singleturn|p1b: Gholdengo|Protect\n|move|p2b: Roaring Moon|Acrobatics|p1b: Gholdengo\n|-activate|p1b: Gholdengo|move: Protect\n|\n|upkeep\n|turn|2\n|j|+ansena(\u25e1 \u203f \u25e1 \u273f)\n|j| Shrek100k\n|\n|t:|1681961162\n|switch|p1b: Dragapult|Dragapult, L50, M|100\/100\n|-terastallize|p1a: Tauros|Fire\n|move|p2b: Roaring Moon|Throat Chop|p1b: Dragapult\n|-supereffective|p1b: Dragapult\n|-damage|p1b: Dragapult|36\/100\n|-start|p1b: Dragapult|Throat Chop|[silent]\n|move|p2a: Arcanine|Flare Blitz|p1b: Dragapult\n|-resisted|p1b: Dragapult\n|-damage|p1b: Dragapult|8\/100\n|-damage|p2a: Arcanine|91\/100|[from] Recoil\n|move|p1a: Tauros|Body Press|p2b: Roaring Moon\n|-supereffective|p2b: Roaring Moon\n|-damage|p2b: Roaring Moon|25\/100\n|\n|upkeep\n|turn|3\n|\n|t:|1681961214\n|switch|p2a: Palafin|Palafin-Hero, L50, M|100\/100\n|-activate|p2a: Palafin|ability: Zero to Hero\n|move|p2b: Roaring Moon|Protect|p2b: Roaring Moon\n|-singleturn|p2b: Roaring Moon|Protect\n|move|p1b: Dragapult|Reflect|p1b: Dragapult\n|-sidestart|p1: red de pokemon oro|Reflect\n|move|p1a: Tauros|Body Press|p2b: Roaring Moon\n|-activate|p2b: Roaring Moon|move: Protect\n|\n|-end|p1b: Dragapult|Throat Chop|[silent]\n|upkeep\n|turn|4\n|\n|t:|1681961243\n|switch|p1a: Wo-Chien|Wo-Chien, L50|100\/100\n|-ability|p1a: Wo-Chien|Tablets of Ruin\n|-terastallize|p2a: Palafin|Water\n|move|p2b: Roaring Moon|Acrobatics|p1b: Dragapult\n|-damage|p1b: Dragapult|0 fnt\n|faint|p1b: Dragapult\n|move|p2a: Palafin|Wave Crash|p1a: Wo-Chien\n|-resisted|p1a: Wo-Chien\n|-damage|p1a: Wo-Chien|79\/100\n|-damage|p2a: Palafin|94\/100|[from] Recoil\n|\n|upkeep\n|\n|t:|1681961258\n|switch|p1b: Gholdengo|Gholdengo, L50|100\/100\n|turn|5\n|\n|t:|1681961274\n|move|p2b: Roaring Moon|Protect|p2b: Roaring Moon\n|-singleturn|p2b: Roaring Moon|Protect\n|move|p2a: Palafin|Haze|p2a: Palafin\n|-clearallboost\n|move|p1b: Gholdengo|Dazzling Gleam|p2a: Palafin|[spread] p2a\n|-activate|p2b: Roaring Moon|move: Protect\n|-damage|p2a: Palafin|75\/100\n|move|p1a: Wo-Chien|Pollen Puff|p1b: Gholdengo\n|-immune|p1b: Gholdengo\n|\n|upkeep\n|turn|6\n|j| toglez\n|\n|t:|1681961313\n|move|p2b: Roaring Moon|Acrobatics|p1a: Wo-Chien\n|-supereffective|p1a: Wo-Chien\n|-damage|p1a: Wo-Chien|50\/100\n|move|p2a: Palafin|Wave Crash|p1a: Wo-Chien\n|-resisted|p1a: Wo-Chien\n|-damage|p1a: Wo-Chien|27\/100\n|-damage|p2a: Palafin|67\/100|[from] Recoil\n|move|p1b: Gholdengo|Dazzling Gleam|p2a: Palafin|[spread] p2a,p2b\n|-crit|p2a: Palafin\n|-supereffective|p2b: Roaring Moon\n|-damage|p2a: Palafin|37\/100\n|-damage|p2b: Roaring Moon|0 fnt\n|faint|p2b: Roaring Moon\n|-end|p2b: Roaring Moon|Protosynthesis|[silent]\n|move|p1a: Wo-Chien|Pollen Puff|p1b: Gholdengo\n|-immune|p1b: Gholdengo\n|\n|upkeep\n|\n|t:|1681961334\n|switch|p2b: Flutter Mane|Flutter Mane, L50|100\/100\n|turn|7\n|j| did it done\n|\n|t:|1681961369\n|switch|p1b: Tauros|Tauros-Paldea-Aqua, L50, M, tera:Fire|100\/100\n|-ability|p1b: Tauros|Intimidate|boost\n|-unboost|p2a: Palafin|atk|1\n|-unboost|p2b: Flutter Mane|atk|1\n|move|p2b: Flutter Mane|Moonblast|p1a: Wo-Chien\n|-supereffective|p1a: Wo-Chien\n|-damage|p1a: Wo-Chien|0 fnt\n|faint|p1a: Wo-Chien\n|move|p2a: Palafin|Wave Crash|p1b: Tauros\n|-supereffective|p1b: Tauros\n|-damage|p1b: Tauros|11\/100\n|-damage|p2a: Palafin|10\/100|[from] Recoil\n|\n|upkeep\n|\n|t:|1681961373\n|switch|p1a: Gholdengo|Gholdengo, L50|100\/100\n|turn|8\n|l|+ansena(\u25e1 \u203f \u25e1 \u273f)\n|\n|t:|1681961393\n|switch|p2a: Arcanine|Arcanine, L50, F|91\/100\n|-ability|p2a: Arcanine|Intimidate|boost\n|-unboost|p1a: Gholdengo|atk|1\n|-unboost|p1b: Tauros|atk|1\n|move|p1b: Tauros|Aqua Jet|p2a: Arcanine\n|-supereffective|p2a: Arcanine\n|-damage|p2a: Arcanine|67\/100\n|move|p2b: Flutter Mane|Moonblast|p1b: Tauros\n|-resisted|p1b: Tauros\n|-damage|p1b: Tauros|0 fnt\n|faint|p1b: Tauros\n|move|p1a: Gholdengo|Nasty Plot|p1a: Gholdengo\n|-boost|p1a: Gholdengo|spa|2\n|\n|upkeep\n|turn|9\n|\n|t:|1681961410\n|move|p2b: Flutter Mane|Moonblast|p1a: Gholdengo\n|-resisted|p1a: Gholdengo\n|-damage|p1a: Gholdengo|70\/100\n|move|p2a: Arcanine|Flare Blitz|p1a: Gholdengo\n|-supereffective|p1a: Gholdengo\n|-damage|p1a: Gholdengo|23\/100\n|-damage|p2a: Arcanine|52\/100|[from] Recoil\n|move|p1a: Gholdengo|Make It Rain|p2b: Flutter Mane|[spread] p2a,p2b\n|-resisted|p2a: Arcanine\n|-supereffective|p2b: Flutter Mane\n|-damage|p2a: Arcanine|0 fnt\n|-damage|p2b: Flutter Mane|0 fnt\n|-unboost|p1a: Gholdengo|spa|1\n|faint|p2a: Arcanine\n|faint|p2b: Flutter Mane\n|-end|p2b: Flutter Mane|Protosynthesis|[silent]\n|\n|upkeep\n|c|\u2606red de pokemon oro|Gg\n|\n|t:|1681961426\n|switch|p2b: Palafin|Palafin-Hero, L50, M, tera:Water|10\/100\n|turn|10\n|c|\u2606leafyarrow|gg\n|\n|t:|1681961430\n|move|p2b: Palafin|Protect|p2b: Palafin\n|-singleturn|p2b: Palafin|Protect\n|move|p1a: Gholdengo|Dazzling Gleam|p2b: Palafin\n|-activate|p2b: Palafin|move: Protect\n|\n|-sideend|p1: red de pokemon oro|Reflect\n|upkeep\n|turn|11\n|j| benjirz9\n|\n|t:|1681961440\n|move|p1a: Gholdengo|Protect|p1a: Gholdengo\n|-singleturn|p1a: Gholdengo|Protect\n|move|p2b: Palafin|Wave Crash|p1a: Gholdengo\n|-activate|p1a: Gholdengo|move: Protect\n|\n|upkeep\n|turn|12\n|\n|t:|1681961447\n|move|p2b: Palafin|Jet Punch|p1a: Gholdengo\n|-damage|p1a: Gholdengo|0 fnt\n|faint|p1a: Gholdengo\n|\n|win|leafyarrow\n|n|\u2606red de pokemon oro|reddepokemonoro\n|n|\u2606leafyarrow|leafyarrow\n|n| Shrek100k|shrek100k\n|n| toglez|toglez\n|n| did it done|diditdone\n|n| benjirz9|benjirz9\n|l| did it done\n","uploadtime":1681961455,"views":3,"p1id":"reddepokemonoro","p2id":"leafyarrow","formatid":"gen9vgc2023regulationc","rating":0,"private":0,"password":""}