{"id":"gen9vgc2023regulationc-1858736746","p1":"GodBroJ","p2":"Kipzho","format":"[Gen 9] VGC 2023 Regulation C","log":"|j|\u2606GodBroJ\n|j|\u2606Kipzho\n|t:|1683350913\n|gametype|doubles\n|player|p1|GodBroJ|101|1285\n|player|p2|Kipzho|pokemonranger-gen4|1248\n|teamsize|p1|6\n|teamsize|p2|6\n|gen|9\n|tier|[Gen 9] VGC 2023 Regulation C\n|rated|\n|rule|Species Clause: Limit one of each Pok\u00e9mon\n|rule|Item Clause: Limit one of each item\n|clearpoke\n|poke|p1|Scizor, L50, M|\n|poke|p1|Azumarill, L50, F|\n|poke|p1|Garchomp, L50, F|\n|poke|p1|Chi-Yu, L50|\n|poke|p1|Flutter Mane, L50|\n|poke|p1|Abomasnow, L50, M|\n|poke|p2|Scizor, L50, M|\n|poke|p2|Gyarados, L50, M|\n|poke|p2|Great Tusk, L50|\n|poke|p2|Rotom-Mow, L50|\n|poke|p2|Chi-Yu, L50|\n|poke|p2|Flutter Mane, L50|\n|teampreview|4\nKipzho has agreed to open team sheets.\n|\n|t:|1683351024\n|start\n|switch|p1a: Chi-Yu|Chi-Yu, L50|100\/100\n|switch|p1b: Abomasnow|Abomasnow, L50, M|100\/100\n|switch|p2a: Camahueto|Great Tusk, L50|100\/100\n|switch|p2b: Caleuche|Gyarados, L50, M, shiny|100\/100\n|-ability|p1a: Chi-Yu|Beads of Ruin\n|-ability|p2b: Caleuche|Intimidate|boost\n|-unboost|p1a: Chi-Yu|atk|1\n|-unboost|p1b: Abomasnow|atk|1\n|-weather|Snow|[from] ability: Snow Warning|[of] p1b: Abomasnow\n|turn|1\n|\n|t:|1683351051\n|switch|p1b: Azumarill|Azumarill, L50, F|100\/100\n|-terastallize|p1a: Chi-Yu|Water\n|move|p2a: Camahueto|Close Combat|p1a: Chi-Yu\n|-damage|p1a: Chi-Yu|35\/100\n|-unboost|p2a: Camahueto|def|1\n|-unboost|p2a: Camahueto|spd|1\n|move|p1a: Chi-Yu|Nasty Plot|p1a: Chi-Yu\n|-boost|p1a: Chi-Yu|spa|2\n|move|p2b: Caleuche|Taunt|p1b: Azumarill\n|-start|p1b: Azumarill|move: Taunt\n|\n|-weather|Snow|[upkeep]\n|-heal|p1a: Chi-Yu|41\/100|[from] item: Leftovers\n|upkeep\n|turn|2\n|\n|t:|1683351071\n|move|p1a: Chi-Yu|Protect|p1a: Chi-Yu\n|-singleturn|p1a: Chi-Yu|Protect\n|move|p1b: Azumarill|Aqua Jet|p2a: Camahueto\n|-supereffective|p2a: Camahueto\n|-damage|p2a: Camahueto|46\/100\n|move|p2a: Camahueto|Close Combat|p1a: Chi-Yu\n|-activate|p1a: Chi-Yu|move: Protect\n|move|p2b: Caleuche|Thunder Wave|p1b: Azumarill\n|-status|p1b: Azumarill|par\n|\n|-weather|Snow|[upkeep]\n|-heal|p1a: Chi-Yu|47\/100|[from] item: Leftovers\n|upkeep\n|turn|3\n|\n|t:|1683351090\n|-end|p2a: Camahueto|Protosynthesis|[silent]\n|switch|p2a: Fiura|Flutter Mane, L50|100\/100\n|switch|p1a: Scizor|Scizor, L50, M|100\/100\n|cant|p1b: Azumarill|par\n|move|p2b: Caleuche|Thunder Wave|p1a: Scizor\n|-status|p1a: Scizor|par\n|\n|-weather|Snow|[upkeep]\n|-end|p1b: Azumarill|move: Taunt\n|upkeep\n|turn|4\n|\n|t:|1683351125\n|-end|p2a: Fiura|Protosynthesis|[silent]\n|switch|p2a: Camahueto|Great Tusk, L50|46\/100\n|move|p1a: Scizor|Bullet Punch|p2a: Camahueto\n|-damage|p2a: Camahueto|22\/100\n|move|p2b: Caleuche|Waterfall|p1a: Scizor\n|-damage|p1a: Scizor|64\/100 par\n|cant|p1b: Azumarill|par\n|\n|-weather|Snow|[upkeep]\n|upkeep\n|turn|5\n|\n|t:|1683351153\n|-end|p2a: Camahueto|Protosynthesis|[silent]\n|switch|p2a: Curanto|Chi-Yu, L50|100\/100\n|-ability|p2a: Curanto|Beads of Ruin\n|move|p1a: Scizor|Bullet Punch|p2b: Caleuche\n|-resisted|p2b: Caleuche\n|-damage|p2b: Caleuche|85\/100\n|move|p1b: Azumarill|Aqua Jet|p2a: Curanto\n|-supereffective|p2a: Curanto\n|-damage|p2a: Curanto|47\/100\n|move|p2b: Caleuche|Waterfall|p1a: Scizor\n|-damage|p1a: Scizor|28\/100 par\n|\n|-weather|none\n|-heal|p2a: Curanto|53\/100|[from] item: Leftovers\n|upkeep\n|turn|6\n|\n|t:|1683351174\n|move|p2a: Curanto|Protect|p2a: Curanto\n|-singleturn|p2a: Curanto|Protect\n|move|p1a: Scizor|Bullet Punch|p2a: Curanto\n|-activate|p2a: Curanto|move: Protect\n|cant|p1b: Azumarill|par\n|move|p2b: Caleuche|Waterfall|p1a: Scizor\n|-damage|p1a: Scizor|0 fnt\n|faint|p1a: Scizor\n|\n|-heal|p2a: Curanto|59\/100|[from] item: Leftovers\n|upkeep\n|\n|t:|1683351191\n|switch|p1a: Chi-Yu|Chi-Yu, L50, tera:Water|47\/100\n|-ability|p1a: Chi-Yu|Beads of Ruin\n|turn|7\n|c|\u2606GodBroJ|come the fuck on\n|\n|t:|1683351234\n|-terastallize|p2a: Curanto|Water\n|move|p1a: Chi-Yu|Protect|p1a: Chi-Yu\n|-singleturn|p1a: Chi-Yu|Protect\n|move|p1b: Azumarill|Aqua Jet|p2a: Curanto\n|-resisted|p2a: Curanto\n|-damage|p2a: Curanto|45\/100\n|move|p2a: Curanto|Dark Pulse|p1a: Chi-Yu\n|-activate|p1a: Chi-Yu|move: Protect\n|move|p2b: Caleuche|Thunder Wave|p1a: Chi-Yu\n|-activate|p1a: Chi-Yu|move: Protect\n|\n|-heal|p1a: Chi-Yu|54\/100|[from] item: Leftovers\n|-heal|p2a: Curanto|51\/100|[from] item: Leftovers\n|upkeep\n|turn|8\n|c|\u2606GodBroJ|i hope your sister getting her organs cut out of her body in park\n|n|\u203dGodBroJ|godbroj\n|c|&|\/log GodBroJ was locked from talking by Artemis for a week. (\u2606GodBroJ: i hope your sister getting her organs cut out of her body in park)\n|c|&|\/raw This action was done automatically. Want to learn more about the AI? Visit the information thread<\/a>.<\/small>\n|-message|GodBroJ forfeited.\n|\n|win|Kipzho\n|raw|GodBroJ's rating: 1285 → 1257<\/strong> (-28 for losing)\n|raw|Kipzho's rating: 1248 → 1276<\/strong> (+28 for winning)\n","uploadtime":1683351254,"views":7,"p1id":"godbroj","p2id":"kipzho","formatid":"gen9vgc2023regulationc","rating":1257,"private":0,"password":""}