{"id":"gen9vgc2023regulationc-1848758077","p1":"ryanogiggs11","p2":"FlowersBloom","format":"[Gen 9] VGC 2023 Regulation C","log":"|j|\u2606ryanogiggs11\n|j|\u2606FlowersBloom\n|t:|1682107438\n|gametype|doubles\n|player|p1|ryanogiggs11|dawn|\n|player|p2|FlowersBloom|1|\n|teamsize|p1|6\n|teamsize|p2|6\n|gen|9\n|tier|[Gen 9] VGC 2023 Regulation C\n|rule|Species Clause: Limit one of each Pok\u00e9mon\n|rule|Item Clause: Limit one of each item\n|clearpoke\n|poke|p1|Dondozo, L50, F|\n|poke|p1|Tatsugiri, L50, F|\n|poke|p1|Annihilape, L50, F|\n|poke|p1|Dragapult, L50, F|\n|poke|p1|Vivillon-Ocean, L50, F|\n|poke|p1|Flamigo, L50, F|\n|poke|p2|Scream Tail, L50|\n|poke|p2|Gothitelle, L50, M|\n|poke|p2|Palafin, L50, F|\n|poke|p2|Tauros-Paldea-Blaze, L50, M|\n|poke|p2|Pachirisu, L50, M|\n|poke|p2|Zoroark, L50, F|\n|teampreview|4\n|inactive|Battle timer is ON: inactive players will automatically lose when time's up. (requested by FlowersBloom)\n|inactiveoff|Battle timer is now OFF.\n|c|\u2606ryanogiggs11|g2\n|c|\u2606ryanogiggs11|Fun game last game\n|c|\u2606FlowersBloom|yes sir!\n|c|\u2606FlowersBloom|starting timer :)\n|inactive|Battle timer is ON: inactive players will automatically lose when time's up. (requested by FlowersBloom)\n|c|\u2606ryanogiggs11|Go ahead :)\n|\n|t:|1682107915\n|start\n|switch|p1a: Annihilape|Annihilape, L50, F|100\/100\n|switch|p1b: Dragapult|Dragapult, L50, F|100\/100\n|switch|p2a: Scream Tail|Scream Tail, L50, shiny|100\/100\n|switch|p2b: Gothitelle|Gothitelle, L50, M|100\/100\n|-enditem|p2a: Scream Tail|Booster Energy\n|-activate|p2a: Scream Tail|ability: Protosynthesis|[fromitem]\n|-start|p2a: Scream Tail|protosynthesisspe\n|turn|1\n|j| sucabaVGC\n|inactive|ryanogiggs11 has 30 seconds left.\n|inactive|FlowersBloom has 30 seconds left.\n|inactive|ryanogiggs11 has 20 seconds left.\n|inactive|FlowersBloom has 20 seconds left.\n|j| Kazoomoose\n|j| Haxxson\n|\n|t:|1682107952\n|-terastallize|p2a: Scream Tail|Steel\n|move|p2b: Gothitelle|Protect|p2b: Gothitelle\n|-singleturn|p2b: Gothitelle|Protect\n|move|p2a: Scream Tail|Dazzling Gleam|p1b: Dragapult|[spread] p1a,p1b\n|-supereffective|p1a: Annihilape\n|-supereffective|p1b: Dragapult\n|-damage|p1a: Annihilape|77\/100\n|-damage|p1b: Dragapult|59\/100\n|-enditem|p1a: Annihilape|Weakness Policy\n|-boost|p1a: Annihilape|atk|2|[from] item: Weakness Policy\n|-boost|p1a: Annihilape|spa|2|[from] item: Weakness Policy\n|move|p1b: Dragapult|Shadow Ball|p2a: Scream Tail\n|-damage|p2a: Scream Tail|62\/100\n|move|p1a: Annihilape|Bulk Up|p1a: Annihilape\n|-boost|p1a: Annihilape|atk|1\n|-boost|p1a: Annihilape|def|1\n|\n|upkeep\n|turn|2\n|inactive|FlowersBloom has 30 seconds left.\n|inactive|ryanogiggs11 has 30 seconds left.\n|inactive|FlowersBloom has 20 seconds left.\n|inactive|ryanogiggs11 has 20 seconds left.\n|inactive|FlowersBloom has 15 seconds left.\n|inactive|ryanogiggs11 has 15 seconds left.\n|inactive|FlowersBloom has 10 seconds left.\n|inactive|FlowersBloom has 5 seconds left.\n|\n|t:|1682108005\n|move|p2a: Scream Tail|Dazzling Gleam|p1b: Dragapult|[spread] p1a,p1b\n|-supereffective|p1a: Annihilape\n|-supereffective|p1b: Dragapult\n|-damage|p1a: Annihilape|54\/100\n|-damage|p1b: Dragapult|21\/100\n|move|p1b: Dragapult|Shadow Ball|p2b: Gothitelle\n|-supereffective|p2b: Gothitelle\n|-damage|p2b: Gothitelle|16\/100\n|-enditem|p2b: Gothitelle|Sitrus Berry|[eat]\n|-heal|p2b: Gothitelle|40\/100|[from] item: Sitrus Berry\n|move|p1a: Annihilape|Drain Punch|p2a: Scream Tail\n|-supereffective|p2a: Scream Tail\n|-damage|p2a: Scream Tail|0 fnt\n|-heal|p1a: Annihilape|86\/100|[from] drain|[of] p2a: Scream Tail\n|faint|p2a: Scream Tail\n|-end|p2a: Scream Tail|Protosynthesis|[silent]\n|move|p2b: Gothitelle|Psychic|p1a: Annihilape\n|-supereffective|p1a: Annihilape\n|-damage|p1a: Annihilape|30\/100\n|\n|upkeep\n|\n|t:|1682108017\n|switch|p2a: Pachirisu|Pachirisu, L50, M|100\/100\n|turn|3\n|j| thejordanvgc\n|inactive|FlowersBloom has 30 seconds left.\n|\n|t:|1682108044\n|-terastallize|p1a: Annihilape|Steel\n|move|p2b: Gothitelle|Protect|p2b: Gothitelle\n|-singleturn|p2b: Gothitelle|Protect\n|move|p1b: Dragapult|Shadow Ball|p2b: Gothitelle\n|-activate|p2b: Gothitelle|move: Protect\n|move|p2a: Pachirisu|Knock Off|p1a: Annihilape\n|-crit|p1a: Annihilape\n|-damage|p1a: Annihilape|0 fnt\n|faint|p1a: Annihilape\n|\n|upkeep\n|\n|t:|1682108058\n|switch|p1a: Dondozo|Dondozo, L50, F|100\/100\n|turn|4\n|\n|t:|1682108077\n|switch|p2b: Pachirisu|Pachirisu, L50, M|100\/100\n|move|p1a: Dondozo|Protect|p1a: Dondozo\n|-singleturn|p1a: Dondozo|Protect\n|move|p2a: Pachirisu|Sucker Punch|p1b: Dragapult\n|-supereffective|p1b: Dragapult\n|-damage|p1b: Dragapult|0 fnt\n|faint|p1b: Dragapult\n|\n|upkeep\n|\n|t:|1682108086\n|switch|p1b: Tatsugiri|Tatsugiri, L50, F|100\/100\n|-activate|p1b: Tatsugiri|ability: Commander|[of] p1a: Dondozo\n|-boost|p1a: Dondozo|atk|2\n|-boost|p1a: Dondozo|spa|2\n|-boost|p1a: Dondozo|spe|2\n|-boost|p1a: Dondozo|def|2\n|-boost|p1a: Dondozo|spd|2\n|turn|5\n|inactive|ryanogiggs11 has 30 seconds left.\n|\n|t:|1682108118\n|move|p2a: Pachirisu|Protect|p2a: Pachirisu\n|-singleturn|p2a: Pachirisu|Protect\n|move|p1a: Dondozo|Order Up|p2a: Pachirisu\n|-activate|p2a: Pachirisu|move: Protect\n|move|p2b: Pachirisu|Nuzzle|p1a: Dondozo\n|-supereffective|p1a: Dondozo\n|-damage|p1a: Dondozo|97\/100\n|-status|p1a: Dondozo|par\n|\n|-heal|p1a: Dondozo|100\/100 par|[from] item: Leftovers\n|upkeep\n|turn|6\n|inactive|FlowersBloom has 30 seconds left.\n|\n|t:|1682108145\n|switch|p2a: Gothitelle|Gothitelle, L50, M|40\/100\n|move|p2b: Pachirisu|Super Fang|p1a: Dondozo\n|-damage|p1a: Dondozo|50\/100 par\n|move|p1a: Dondozo|Order Up|p2a: Gothitelle\n|-damage|p2a: Gothitelle|0 fnt\n|faint|p2a: Gothitelle\n|-boost|p1a: Dondozo|atk|1\n|\n|-heal|p1a: Dondozo|57\/100 par|[from] item: Leftovers\n|upkeep\n|\n|t:|1682108148\n|switch|p2a: Pachirisu|Pachirisu, L50, M|100\/100\n|turn|7\n|\n|t:|1682108162\n|cant|p1a: Dondozo|par\n|move|p2b: Pachirisu|Follow Me|p2b: Pachirisu\n|-singleturn|p2b: Pachirisu|move: Follow Me\n|move|p2a: Pachirisu|Knock Off|p1a: Dondozo\n|-damage|p1a: Dondozo|41\/100 par\n|-enditem|p1a: Dondozo|Leftovers|[from] move: Knock Off|[of] p2a: Pachirisu\n|\n|upkeep\n|turn|8\n|\n|t:|1682108174\n|move|p2b: Pachirisu|Follow Me|p2b: Pachirisu\n|-singleturn|p2b: Pachirisu|move: Follow Me\n|move|p2a: Pachirisu|Knock Off|p1a: Dondozo\n|-damage|p1a: Dondozo|29\/100 par\n|cant|p1a: Dondozo|par\n|\n|upkeep\n|turn|9\n|\n|t:|1682108186\n|move|p2b: Pachirisu|Follow Me|p2b: Pachirisu\n|-singleturn|p2b: Pachirisu|move: Follow Me\n|move|p2a: Pachirisu|Knock Off|p1a: Dondozo\n|-damage|p1a: Dondozo|17\/100 par\n|move|p1a: Dondozo|Order Up|p2b: Pachirisu\n|-damage|p2b: Pachirisu|32\/100\n|-boost|p1a: Dondozo|atk|1\n|\n|upkeep\n|turn|10\n|inactive|FlowersBloom has 30 seconds left.\n|\n|t:|1682108213\n|move|p2b: Pachirisu|Follow Me|p2b: Pachirisu\n|-singleturn|p2b: Pachirisu|move: Follow Me\n|move|p2a: Pachirisu|Knock Off|p1a: Dondozo\n|-damage|p1a: Dondozo|5\/100 par\n|move|p1a: Dondozo|Order Up|p2b: Pachirisu\n|-damage|p2b: Pachirisu|0 fnt\n|faint|p2b: Pachirisu\n|-boost|p1a: Dondozo|atk|1\n|\n|upkeep\n|turn|11\n|inactive|ryanogiggs11 has 30 seconds left.\n|inactive|ryanogiggs11 has 20 seconds left.\n|\n|t:|1682108248\n|move|p2a: Pachirisu|Knock Off|p1a: Dondozo\n|-damage|p1a: Dondozo|0 fnt\n|faint|p1a: Dondozo\n|\n|upkeep\n|turn|12\n|\n|t:|1682108255\n|move|p2a: Pachirisu|Knock Off|p1b: Tatsugiri\n|-damage|p1b: Tatsugiri|7\/100\n|-enditem|p1b: Tatsugiri|Sitrus Berry|[from] move: Knock Off|[of] p2a: Pachirisu\n|move|p1b: Tatsugiri|Draco Meteor|p2a: Pachirisu\n|-crit|p2a: Pachirisu\n|-enditem|p2a: Pachirisu|Focus Sash\n|-damage|p2a: Pachirisu|1\/100\n|-unboost|p1b: Tatsugiri|spa|2\n|replace|p2a: Zoroark|Zoroark, L50, F\n|-end|p2a: Zoroark|Illusion\n|\n|upkeep\n|turn|13\n|c|\u2606ryanogiggs11|Huh that wasnt a second pachirisu?\n|\n|t:|1682108278\n|move|p2a: Zoroark|Knock Off|p1b: Tatsugiri\n|-damage|p1b: Tatsugiri|0 fnt\n|faint|p1b: Tatsugiri\n|\n|win|FlowersBloom\n|c|\u2606FlowersBloom|haha i guess not\n|c|\u2606ryanogiggs11|gg\n|c|\u2606FlowersBloom|gg\n|l| Haxxson\n|l| Kazoomoose\n|j| KCXII\n|l| KCXII\n|l| thejordanvgc\n","uploadtime":1682108827,"views":60,"p1id":"ryanogiggs11","p2id":"flowersbloom","formatid":"gen9vgc2023regulationc","rating":0,"private":0,"password":""}