{"id":"gen9vgc2023regulationc-1846132099","p1":"DADANCAM","p2":"Elathari","format":"[Gen 9] VGC 2023 Regulation C","log":"|j|\u2606DADANCAM\n|j|\u2606Elathari\n|t:|1681811323\n|gametype|doubles\n|player|p1|DADANCAM|fisherman-gen4|1064\n|player|p2|Elathari|marley|1038\n|teamsize|p1|6\n|teamsize|p2|6\n|gen|9\n|tier|[Gen 9] VGC 2023 Regulation C\n|rated|\n|rule|Species Clause: Limit one of each Pok\u00e9mon\n|rule|Item Clause: Limit one of each item\n|clearpoke\n|poke|p1|Maushold-Four, L50|\n|poke|p1|Glimmora, L50, F|\n|poke|p1|Dondozo, L50, F|\n|poke|p1|Tatsugiri, L50, M|\n|poke|p1|Chien-Pao, L50|\n|poke|p1|Dragonite, L50, M|\n|poke|p2|Arboliva, L50, M|\n|poke|p2|Annihilape, L50, F|\n|poke|p2|Farigiraf, L50, F|\n|poke|p2|Hatterene, L50, F|\n|poke|p2|Glimmora, L50, M|\n|poke|p2|Arcanine, L50, F|\n|teampreview|4\n|inactive|Battle timer is ON: inactive players will automatically lose when time's up. (requested by Elathari)\nDADANCAM has agreed to open team sheets.\n|inactive|DADANCAM has 60 seconds left.\n|\n|t:|1681811373\n|start\n|switch|p1a: Glimmora|Glimmora, L50, F, shiny|100\/100\n|switch|p1b: Maushold|Maushold-Four, L50, shiny|100\/100\n|switch|p2a: Farigiraf|Farigiraf, L50, F|100\/100\n|switch|p2b: Annihilape|Annihilape, L50, F|100\/100\n|turn|1\n|inactive|DADANCAM has 30 seconds left.\n|inactive|Elathari has 30 seconds left.\n|inactive|Elathari has 20 seconds left.\n|inactive|DADANCAM has 20 seconds left.\n|inactive|Elathari has 15 seconds left.\n|\n|t:|1681811416\n|-terastallize|p1b: Maushold|Ghost\n|move|p1b: Maushold|Follow Me|p1b: Maushold\n|-singleturn|p1b: Maushold|move: Follow Me\n|move|p2b: Annihilape|Close Combat|p1b: Maushold\n|-immune|p1b: Maushold\n|move|p1a: Glimmora|Mortal Spin|p2a: Farigiraf|[spread] p2a,p2b\n|-resisted|p2b: Annihilape\n|-damage|p2a: Farigiraf|96\/100\n|-damage|p2b: Annihilape|99\/100\n|-status|p2a: Farigiraf|psn\n|-status|p2b: Annihilape|psn\n|move|p2a: Farigiraf|Reflect|p2a: Farigiraf\n|-sidestart|p2: Elathari|Reflect\n|\n|-damage|p2b: Annihilape|86\/100 psn|[from] psn\n|-damage|p2a: Farigiraf|84\/100 psn|[from] psn\n|upkeep\n|turn|2\n|\n|t:|1681811437\n|switch|p2b: Glimmora|Glimmora, L50, M|100\/100\n|move|p1b: Maushold|Protect|p1b: Maushold\n|-singleturn|p1b: Maushold|Protect\n|move|p1a: Glimmora|Sludge Bomb|p2a: Farigiraf\n|-damage|p2a: Farigiraf|48\/100 psn\n|move|p2a: Farigiraf|Trick Room|p2a: Farigiraf\n|-fieldstart|move: Trick Room|[of] p2a: Farigiraf\n|\n|-damage|p2a: Farigiraf|35\/100 psn|[from] psn\n|upkeep\n|turn|3\n|inactive|DADANCAM has 30 seconds left.\n|inactive|Elathari has 30 seconds left.\n|\n|t:|1681811469\n|move|p2a: Farigiraf|Hyper Voice|p1b: Maushold|[spread] p1a\n|-immune|p1b: Maushold\n|-resisted|p1a: Glimmora\n|-damage|p1a: Glimmora|94\/100\n|move|p1a: Glimmora|Dazzling Gleam|p2b: Glimmora|[spread] p2a,p2b\n|-resisted|p2b: Glimmora\n|-damage|p2a: Farigiraf|20\/100 psn\n|-damage|p2b: Glimmora|87\/100\n|move|p1b: Maushold|Super Fang|p2b: Glimmora|[miss]\n|-miss|p1b: Maushold|p2b: Glimmora\n|move|p2b: Glimmora|Mortal Spin|p1a: Glimmora|[spread] p1a,p1b\n|-resisted|p1a: Glimmora\n|-resisted|p1b: Maushold\n|-damage|p1a: Glimmora|93\/100\n|-damage|p1b: Maushold|98\/100\n|-status|p1b: Maushold|psn\n|-activate|p1a: Glimmora|ability: Toxic Debris\n|-sidestart|p2: Elathari|move: Toxic Spikes\n|-sideend|p2: Elathari|Toxic Spikes|[from] move: Mortal Spin|[of] p2b: Glimmora\n|\n|-heal|p2b: Glimmora|93\/100|[from] item: Black Sludge\n|-damage|p2a: Farigiraf|8\/100 psn|[from] psn\n|-damage|p1b: Maushold|86\/100 psn|[from] psn\n|upkeep\n|turn|4\n|inactive|DADANCAM has 30 seconds left.\n|inactive|Elathari has 30 seconds left.\n|\n|t:|1681811500\n|move|p2a: Farigiraf|Helping Hand|p2b: Glimmora\n|-singleturn|p2b: Glimmora|Helping Hand|[of] p2a: Farigiraf\n|move|p1a: Glimmora|Dazzling Gleam|p2a: Farigiraf|[spread] p2a,p2b\n|-resisted|p2b: Glimmora\n|-damage|p2a: Farigiraf|0 fnt\n|-damage|p2b: Glimmora|80\/100\n|faint|p2a: Farigiraf\n|move|p1b: Maushold|Super Fang|p2b: Glimmora\n|-damage|p2b: Glimmora|40\/100\n|-activate|p2b: Glimmora|ability: Toxic Debris\n|-sidestart|p1: DADANCAM|move: Toxic Spikes\n|move|p2b: Glimmora|Power Gem|p1a: Glimmora\n|-damage|p1a: Glimmora|62\/100\n|\n|-heal|p2b: Glimmora|46\/100|[from] item: Black Sludge\n|-damage|p1b: Maushold|73\/100 psn|[from] psn\n|upkeep\n|\n|t:|1681811517\n|switch|p2a: Annihilape|Annihilape, L50, F|86\/100 psn\n|turn|5\n|\n|t:|1681811523\n|move|p1b: Maushold|Protect|p1b: Maushold\n|-singleturn|p1b: Maushold|Protect\n|move|p2b: Glimmora|Spiky Shield|p2b: Glimmora\n|-singleturn|p2b: Glimmora|move: Protect\n|move|p1a: Glimmora|Mortal Spin|p2b: Glimmora|[spread] p2a\n|-activate|p2b: Glimmora|move: Protect\n|-damage|p1a: Glimmora|50\/100|[from] Spiky Shield|[of] p2b: Glimmora\n|-resisted|p2a: Annihilape\n|-damage|p2a: Annihilape|85\/100 psn\n|-sideend|p1: DADANCAM|Toxic Spikes|[from] move: Mortal Spin|[of] p1a: Glimmora\n|move|p2a: Annihilape|Rage Fist|p1a: Glimmora\n|-damage|p1a: Glimmora|3\/100\n|-activate|p1a: Glimmora|ability: Toxic Debris\n|-sidestart|p2: Elathari|move: Toxic Spikes\n|\n|-heal|p2b: Glimmora|52\/100|[from] item: Black Sludge\n|-damage|p1b: Maushold|61\/100 psn|[from] psn\n|-damage|p2a: Annihilape|72\/100 psn|[from] psn\n|-sideend|p2: Elathari|Reflect\n|upkeep\n|turn|6\n|inactive|DADANCAM has 30 seconds left.\n|inactive|DADANCAM has 20 seconds left.\n|inactive|DADANCAM has 15 seconds left.\n|\n|t:|1681811568\n|switch|p1a: Dondozo|Dondozo, L50, F, shiny|100\/100\n|move|p1b: Maushold|Protect||[still]\n|-fail|p1b: Maushold\n|move|p2b: Glimmora|Stealth Rock|p1b: Maushold\n|-sidestart|p1: DADANCAM|move: Stealth Rock\n|move|p2a: Annihilape|Rage Fist|p1b: Maushold\n|-supereffective|p1b: Maushold\n|-damage|p1b: Maushold|0 fnt\n|faint|p1b: Maushold\n|\n|-heal|p2b: Glimmora|58\/100|[from] item: Black Sludge\n|-damage|p2a: Annihilape|60\/100 psn|[from] psn\n|-fieldend|move: Trick Room\n|upkeep\n|\n|t:|1681811580\n|switch|p1b: Glimmora|Glimmora, L50, F, shiny|3\/100\n|-damage|p1b: Glimmora|0 fnt|[from] Stealth Rock\n|faint|p1b: Glimmora\n|\n|t:|1681811584\n|switch|p1b: Tatsugiri|Tatsugiri, L50, M, shiny|100\/100\n|-activate|p1b: Tatsugiri|ability: Commander|[of] p1a: Dondozo\n|-boost|p1a: Dondozo|atk|2\n|-boost|p1a: Dondozo|spa|2\n|-boost|p1a: Dondozo|spe|2\n|-boost|p1a: Dondozo|def|2\n|-boost|p1a: Dondozo|spd|2\n|turn|7\n|\n|t:|1681811596\n|move|p2a: Annihilape|Rage Fist|p1a: Dondozo\n|-crit|p1a: Dondozo\n|-damage|p1a: Dondozo|50\/100\n|move|p2b: Glimmora|Mortal Spin|p1b: Tatsugiri|[spread] p1a\n|-miss|p2b: Glimmora|p1b: Tatsugiri\n|-damage|p1a: Dondozo|48\/100\n|-status|p1a: Dondozo|psn\n|-sideend|p2: Elathari|Toxic Spikes|[from] move: Mortal Spin|[of] p2b: Glimmora\n|move|p1a: Dondozo|Earthquake|p2a: Annihilape|[spread] p2a,p2b\n|-miss|p1a: Dondozo|p1b: Tatsugiri\n|-supereffective|p2b: Glimmora\n|-damage|p2a: Annihilape|23\/100 psn\n|-damage|p2b: Glimmora|0 fnt\n|-activate|p2b: Glimmora|ability: Toxic Debris\n|-sidestart|p1: DADANCAM|move: Toxic Spikes\n|faint|p2b: Glimmora\n|\n|-damage|p2a: Annihilape|10\/100 psn|[from] psn\n|-damage|p1a: Dondozo|36\/100 psn|[from] psn\n|upkeep\n|\n|t:|1681811615\n|switch|p2b: Arboliva|Arboliva, L50, M|100\/100\n|turn|8\n|\n|t:|1681811625\n|move|p1a: Dondozo|Protect|p1a: Dondozo\n|-singleturn|p1a: Dondozo|Protect\n|move|p2a: Annihilape|Rage Fist|p1a: Dondozo\n|-activate|p1a: Dondozo|move: Protect\n|move|p2b: Arboliva|Giga Drain|p1a: Dondozo\n|-activate|p1a: Dondozo|move: Protect\n|\n|-damage|p2a: Annihilape|0 fnt|[from] psn\n|faint|p2a: Annihilape\n|-damage|p1a: Dondozo|23\/100 psn|[from] psn\n|upkeep\n|turn|9\n|\n|t:|1681811639\n|move|p1a: Dondozo|Rest|p1a: Dondozo\n|-status|p1a: Dondozo|slp|[from] move: Rest\n|-heal|p1a: Dondozo|100\/100 slp|[silent]\n|-enditem|p1a: Dondozo|Chesto Berry|[eat]\n|-curestatus|p1a: Dondozo|slp|[msg]\n|move|p2b: Arboliva|Giga Drain|p1a: Dondozo\n|-supereffective|p1a: Dondozo\n|-damage|p1a: Dondozo|70\/100\n|\n|upkeep\n|turn|10\n|\n|t:|1681811649\n|move|p1a: Dondozo|Order Up|p2b: Arboliva\n|-damage|p2b: Arboliva|61\/100\n|-fieldstart|move: Grassy Terrain|[from] ability: Seed Sower|[of] p2b: Arboliva\n|-boost|p1a: Dondozo|atk|1\n|move|p2b: Arboliva|Giga Drain|p1a: Dondozo\n|-supereffective|p1a: Dondozo\n|-damage|p1a: Dondozo|28\/100\n|-heal|p2b: Arboliva|90\/100|[from] drain|[of] p1a: Dondozo\n|\n|-heal|p1a: Dondozo|34\/100|[from] Grassy Terrain\n|-heal|p2b: Arboliva|96\/100|[from] Grassy Terrain\n|upkeep\n|turn|11\n|\n|t:|1681811666\n|move|p1a: Dondozo|Order Up|p2b: Arboliva\n|-damage|p2b: Arboliva|43\/100\n|-boost|p1a: Dondozo|atk|1\n|move|p2b: Arboliva|Giga Drain|p1a: Dondozo\n|-supereffective|p1a: Dondozo\n|-damage|p1a: Dondozo|0 fnt\n|-heal|p2b: Arboliva|67\/100|[from] drain|[of] p1a: Dondozo\n|faint|p1a: Dondozo\n|\n|-heal|p2b: Arboliva|73\/100|[from] Grassy Terrain\n|upkeep\n|turn|12\n|\n|t:|1681811680\n|move|p1b: Tatsugiri|Icy Wind|p2b: Arboliva\n|-supereffective|p2b: Arboliva\n|-damage|p2b: Arboliva|49\/100\n|-unboost|p2b: Arboliva|spe|1\n|move|p2b: Arboliva|Giga Drain|p2: Annihilape|[notarget]\n|-fail|p2b: Arboliva\n|\n|-heal|p2b: Arboliva|55\/100|[from] Grassy Terrain\n|upkeep\n|turn|13\n|\n|t:|1681811690\n|move|p1b: Tatsugiri|Icy Wind|p2b: Arboliva\n|-supereffective|p2b: Arboliva\n|-damage|p2b: Arboliva|28\/100\n|-unboost|p2b: Arboliva|spe|1\n|move|p2b: Arboliva|Giga Drain|p1b: Tatsugiri\n|-damage|p1b: Tatsugiri|23\/100\n|-heal|p2b: Arboliva|59\/100|[from] drain|[of] p1b: Tatsugiri\n|\n|-heal|p1b: Tatsugiri|30\/100|[from] Grassy Terrain\n|-heal|p2b: Arboliva|65\/100|[from] Grassy Terrain\n|upkeep\n|turn|14\n|\n|t:|1681811702\n|move|p1b: Tatsugiri|Icy Wind|p2b: Arboliva\n|-supereffective|p2b: Arboliva\n|-damage|p2b: Arboliva|41\/100\n|-unboost|p2b: Arboliva|spe|1\n|move|p2b: Arboliva|Giga Drain|p1b: Tatsugiri\n|-damage|p1b: Tatsugiri|0 fnt\n|-heal|p2b: Arboliva|52\/100|[from] drain|[of] p1b: Tatsugiri\n|faint|p1b: Tatsugiri\n|\n|win|Elathari\n|raw|DADANCAM's rating: 1064 → 1043<\/strong> (-21 for losing)\n|raw|Elathari's rating: 1038 → 1075<\/strong> (+37 for winning)\n|l|\u2606DADANCAM\n","uploadtime":1681811714,"views":13,"p1id":"dadancam","p2id":"elathari","formatid":"gen9vgc2023regulationc","rating":1043,"private":0,"password":""}