{"id":"gen9vgc2023regulationc-1845624418","p1":"fo50","p2":"gemifi","format":"[Gen 9] VGC 2023 Regulation C","log":"|j|\u2606fo50\n|j|\u2606gemifi\n|t:|1681750400\n|gametype|doubles\n|player|p1|fo50|169|1086\n|player|p2|gemifi|aromalady|1138\n|teamsize|p1|6\n|teamsize|p2|6\n|gen|9\n|tier|[Gen 9] VGC 2023 Regulation C\n|rated|\n|rule|Species Clause: Limit one of each Pok\u00e9mon\n|rule|Item Clause: Limit one of each item\n|clearpoke\n|poke|p1|Scovillain, L50, M|\n|poke|p1|Dragonite, L50, F|\n|poke|p1|Tinkaton, L50, F|\n|poke|p1|Amoonguss, L50, M|\n|poke|p1|Torkoal, L50, F|\n|poke|p1|Scizor, L50, F|\n|poke|p2|Chien-Pao, L50|\n|poke|p2|Mudsdale, L50, F|\n|poke|p2|Maushold-Four, L50|\n|poke|p2|Tyranitar, L50, M|\n|poke|p2|Flutter Mane, L50|\n|poke|p2|Amoonguss, L50, F|\n|teampreview|4\n|\n|t:|1681750431\n|start\n|switch|p1a: Scizor|Scizor, L50, F|100\/100\n|switch|p1b: Tinkaton|Tinkaton, L50, F|100\/100\n|switch|p2a: Arthur Morgan|Mudsdale, L50, F|100\/100\n|switch|p2b: Tyranitar|Tyranitar, L50, M|100\/100\n|-weather|Sandstorm|[from] ability: Sand Stream|[of] p2b: Tyranitar\n|turn|1\n|\n|t:|1681750455\n|-terastallize|p2a: Arthur Morgan|Rock\n|move|p1b: Tinkaton|Fake Out|p2b: Tyranitar\n|-resisted|p2b: Tyranitar\n|-damage|p2b: Tyranitar|98\/100\n|move|p1a: Scizor|Swords Dance|p1a: Scizor\n|-boost|p1a: Scizor|atk|2\n|cant|p2b: Tyranitar|flinch\n|move|p2a: Arthur Morgan|Body Press|p1b: Tinkaton\n|-damage|p1b: Tinkaton|71\/100\n|\n|-weather|Sandstorm|[upkeep]\n|-heal|p1b: Tinkaton|78\/100|[from] item: Leftovers\n|upkeep\n|turn|2\n|\n|t:|1681750486\n|move|p1a: Scizor|Bullet Punch|p2b: Tyranitar\n|-supereffective|p2b: Tyranitar\n|-damage|p2b: Tyranitar|0 fnt\n|faint|p2b: Tyranitar\n|move|p1b: Tinkaton|Draining Kiss|p2a: Arthur Morgan\n|-damage|p2a: Arthur Morgan|93\/100\n|-heal|p1b: Tinkaton|84\/100|[from] drain|[of] p2a: Arthur Morgan\n|-ability|p2a: Arthur Morgan|Stamina|boost\n|-boost|p2a: Arthur Morgan|def|1\n|move|p2a: Arthur Morgan|Body Press|p1a: Scizor\n|-damage|p1a: Scizor|64\/100\n|\n|-weather|Sandstorm|[upkeep]\n|-heal|p1b: Tinkaton|90\/100|[from] item: Leftovers\n|-heal|p2a: Arthur Morgan|99\/100|[from] item: Leftovers\n|upkeep\n|\n|t:|1681750499\n|switch|p2b: Steve|Maushold-Four, L50|100\/100\n|turn|3\n|\n|t:|1681750516\n|move|p1a: Scizor|Bullet Punch|p2b: Steve\n|-damage|p2b: Steve|14\/100\n|move|p2b: Steve|Population Bomb|p2a: Arthur Morgan\n|-resisted|p2a: Arthur Morgan\n|-damage|p2a: Arthur Morgan|98\/100\n|-ability|p2a: Arthur Morgan|Stamina|boost\n|-boost|p2a: Arthur Morgan|def|1\n|-resisted|p2a: Arthur Morgan\n|-damage|p2a: Arthur Morgan|97\/100\n|-ability|p2a: Arthur Morgan|Stamina|boost\n|-boost|p2a: Arthur Morgan|def|1\n|-resisted|p2a: Arthur Morgan\n|-damage|p2a: Arthur Morgan|97\/100\n|-ability|p2a: Arthur Morgan|Stamina|boost\n|-boost|p2a: Arthur Morgan|def|1\n|-resisted|p2a: Arthur Morgan\n|-damage|p2a: Arthur Morgan|96\/100\n|-ability|p2a: Arthur Morgan|Stamina|boost\n|-boost|p2a: Arthur Morgan|def|1\n|-resisted|p2a: Arthur Morgan\n|-damage|p2a: Arthur Morgan|96\/100\n|-ability|p2a: Arthur Morgan|Stamina|boost\n|-boost|p2a: Arthur Morgan|def|1\n|-resisted|p2a: Arthur Morgan\n|-damage|p2a: Arthur Morgan|95\/100\n|-resisted|p2a: Arthur Morgan\n|-damage|p2a: Arthur Morgan|95\/100\n|-resisted|p2a: Arthur Morgan\n|-damage|p2a: Arthur Morgan|94\/100\n|-resisted|p2a: Arthur Morgan\n|-damage|p2a: Arthur Morgan|94\/100\n|-resisted|p2a: Arthur Morgan\n|-damage|p2a: Arthur Morgan|93\/100\n|-hitcount|p2a: Arthur Morgan|10\n|move|p1b: Tinkaton|Draining Kiss|p2b: Steve\n|-damage|p2b: Steve|0 fnt\n|-heal|p1b: Tinkaton|99\/100|[from] drain|[of] p2b: Steve\n|faint|p2b: Steve\n|move|p2a: Arthur Morgan|Body Press|p1a: Scizor\n|-damage|p1a: Scizor|0 fnt\n|faint|p1a: Scizor\n|\n|-weather|Sandstorm|[upkeep]\n|-heal|p1b: Tinkaton|100\/100|[from] item: Leftovers\n|-heal|p2a: Arthur Morgan|99\/100|[from] item: Leftovers\n|upkeep\n|\n|t:|1681750555\n|switch|p2b: Ness|Flutter Mane, L50|100\/100\n|switch|p1a: Scovillain|Scovillain, L50, M|100\/100\n|-enditem|p2b: Ness|Booster Energy\n|-activate|p2b: Ness|ability: Protosynthesis|[fromitem]\n|-start|p2b: Ness|protosynthesisspe\n|turn|4\n|\n|t:|1681750570\n|move|p1a: Scovillain|Protect|p1a: Scovillain\n|-singleturn|p1a: Scovillain|Protect\n|move|p2b: Ness|Mystical Fire|p1b: Tinkaton\n|-supereffective|p1b: Tinkaton\n|-damage|p1b: Tinkaton|67\/100\n|-unboost|p1b: Tinkaton|spa|1\n|move|p1b: Tinkaton|Knock Off|p2b: Ness\n|-damage|p2b: Ness|74\/100\n|move|p2a: Arthur Morgan|Body Press|p1a: Scovillain\n|-activate|p1a: Scovillain|move: Protect\n|\n|-weather|Sandstorm|[upkeep]\n|-damage|p2b: Ness|68\/100|[from] Sandstorm\n|-damage|p1a: Scovillain|95\/100|[from] Sandstorm\n|-heal|p1b: Tinkaton|73\/100|[from] item: Leftovers\n|-heal|p2a: Arthur Morgan|100\/100|[from] item: Leftovers\n|upkeep\n|turn|5\n|\n|t:|1681750592\n|switch|p1b: Torkoal|Torkoal, L50, F|100\/100\n|-weather|SunnyDay|[from] ability: Drought|[of] p1b: Torkoal\n|-item|p1b: Torkoal|Air Balloon\n|move|p2b: Ness|Mystical Fire|p1b: Torkoal\n|-resisted|p1b: Torkoal\n|-damage|p1b: Torkoal|67\/100\n|-unboost|p1b: Torkoal|spa|1\n|-enditem|p1b: Torkoal|Air Balloon\n|move|p1a: Scovillain|Solar Beam||[still]\n|-prepare|p1a: Scovillain|Solar Beam\n|-anim|p1a: Scovillain|Solar Beam|p2a: Arthur Morgan\n|-supereffective|p2a: Arthur Morgan\n|-damage|p2a: Arthur Morgan|0 fnt\n|faint|p2a: Arthur Morgan\n|-damage|p1a: Scovillain|85\/100|[from] item: Life Orb\n|\n|-weather|SunnyDay|[upkeep]\n|upkeep\n|turn|6\n|-message|gemifi forfeited.\n|\n|win|fo50\n|raw|fo50's rating: 1086 → 1117<\/strong> (+31 for winning)\n|raw|gemifi's rating: 1138 → 1109<\/strong> (-29 for losing)\n|l|\u2606gemifi\n","uploadtime":1681750614,"views":8,"p1id":"fo50","p2id":"gemifi","formatid":"gen9vgc2023regulationc","rating":1109,"private":0,"password":""}