{"id":"gen9vgc2023regulationc-1850303186","p1":"Mess in Distress","p2":"Jamel 1","format":"[Gen 9] VGC 2023 Regulation C","log":"|j|\u2606Mess in Distress\n|j|\u2606Jamel 1\n|t:|1682314305\n|gametype|doubles\n|player|p1|Mess in Distress|1|1580\n|player|p2|Jamel 1|cyrus|1614\n|teamsize|p1|4\n|teamsize|p2|6\n|gen|9\n|tier|[Gen 9] VGC 2023 Regulation C\n|rated|\n|rule|Species Clause: Limit one of each Pok\u00e9mon\n|rule|Item Clause: Limit one of each item\n|clearpoke\n|poke|p1|Murkrow, L50, F|\n|poke|p1|Great Tusk, L50|\n|poke|p1|Ceruledge, L50, F|\n|poke|p1|Flutter Mane, L50|\n|poke|p2|Armarouge, L50, M|\n|poke|p2|Stonjourner, L50, F|\n|poke|p2|Indeedee-F, L50, F|\n|poke|p2|Hawlucha, L50, M|\n|poke|p2|Tinkaton, L50, F|\n|poke|p2|Maushold, L50|\n|teampreview|4\n|\n|t:|1682314331\n|start\n|switch|p1a: Great Tusk|Great Tusk, L50|100\/100\n|switch|p1b: Murkrow|Murkrow, L50, F|100\/100\n|switch|p2a: Tinkaton|Tinkaton, L50, F|100\/100\n|switch|p2b: Armarouge|Armarouge, L50, M|100\/100\n|turn|1\n|\n|t:|1682314346\n|-terastallize|p1a: Great Tusk|Ground\n|move|p2b: Armarouge|Endure|p2b: Armarouge\n|-singleturn|p2b: Armarouge|move: Endure\n|move|p1b: Murkrow|Sunny Day|p1b: Murkrow\n|-weather|SunnyDay\n|-activate|p1a: Great Tusk|ability: Protosynthesis\n|-start|p1a: Great Tusk|protosynthesisatk\n|move|p2a: Tinkaton|Play Rough|p1b: Murkrow\n|-supereffective|p1b: Murkrow\n|-damage|p1b: Murkrow|39\/100\n|move|p1a: Great Tusk|Earthquake|p2a: Tinkaton|[spread] p2a,p2b\n|-immune|p1b: Murkrow\n|-supereffective|p2a: Tinkaton\n|-enditem|p2a: Tinkaton|Shuca Berry|[eat]\n|-enditem|p2a: Tinkaton|Shuca Berry|[weaken]\n|-supereffective|p2b: Armarouge\n|-damage|p2a: Tinkaton|0 fnt\n|-activate|p2b: Armarouge|move: Endure\n|-damage|p2b: Armarouge|1\/100\n|-ability|p2b: Armarouge|Weak Armor|boost\n|-unboost|p2b: Armarouge|def|1\n|-boost|p2b: Armarouge|spe|2\n|-enditem|p2b: Armarouge|Weakness Policy\n|-boost|p2b: Armarouge|atk|2|[from] item: Weakness Policy\n|-boost|p2b: Armarouge|spa|2|[from] item: Weakness Policy\n|faint|p2a: Tinkaton\n|\n|-weather|SunnyDay|[upkeep]\n|upkeep\n|j| areallyrandomguy\n|\n|t:|1682314368\n|switch|p2a: Indeedee|Indeedee-F, L50, F|100\/100\n|-fieldstart|move: Psychic Terrain|[from] ability: Psychic Surge|[of] p2a: Indeedee\n|turn|2\n|\n|t:|1682314390\n|move|p2a: Indeedee|Helping Hand|p2b: Armarouge\n|-singleturn|p2b: Armarouge|Helping Hand|[of] p2a: Indeedee\n|move|p1b: Murkrow|Tailwind|p1b: Murkrow\n|-sidestart|p1: Mess in Distress|move: Tailwind\n|move|p1a: Great Tusk|Earthquake|p2b: Armarouge|[spread] p2a,p2b\n|-immune|p1b: Murkrow\n|-supereffective|p2b: Armarouge\n|-damage|p2a: Indeedee|0 fnt\n|-damage|p2b: Armarouge|0 fnt\n|faint|p2a: Indeedee\n|faint|p2b: Armarouge\n|\n|-weather|SunnyDay|[upkeep]\n|upkeep\n|\n|t:|1682314397\n|switch|p2b: Hawlucha|Hawlucha, L50, M|100\/100\n|-enditem|p2b: Hawlucha|Psychic Seed\n|-boost|p2b: Hawlucha|spd|1|[from] item: Psychic Seed\n|turn|3\n|\n|t:|1682314405\n|-end|p1a: Great Tusk|Protosynthesis|[silent]\n|switch|p1a: Ceruledge|Ceruledge, L50, F|100\/100\n|move|p2b: Hawlucha|Bulk Up|p2b: Hawlucha\n|-boost|p2b: Hawlucha|atk|1\n|-boost|p2b: Hawlucha|def|1\n|move|p1b: Murkrow|Brave Bird|p2b: Hawlucha\n|-supereffective|p2b: Hawlucha\n|-damage|p2b: Hawlucha|26\/100\n|-damage|p1b: Murkrow|17\/100|[from] Recoil\n|\n|-weather|SunnyDay|[upkeep]\n|upkeep\n|turn|4\n|\n|t:|1682314428\n|-terastallize|p2b: Hawlucha|Fighting\n|move|p1b: Murkrow|Haze|p1b: Murkrow\n|-clearallboost\n|move|p2b: Hawlucha|Drain Punch|p1b: Murkrow\n|-damage|p1b: Murkrow|0 fnt\n|-heal|p2b: Hawlucha|36\/100|[from] drain|[of] p1b: Murkrow\n|faint|p1b: Murkrow\n|move|p1a: Ceruledge|Bulk Up|p1a: Ceruledge\n|-boost|p1a: Ceruledge|atk|1\n|-boost|p1a: Ceruledge|def|1\n|\n|-weather|SunnyDay|[upkeep]\n|upkeep\n|\n|t:|1682314437\n|switch|p1b: Flutter Mane|Flutter Mane, L50|100\/100\n|-activate|p1b: Flutter Mane|ability: Protosynthesis\n|-start|p1b: Flutter Mane|protosynthesisspa\n|turn|5\n|-message|Jamel 1 forfeited.\n|\n|win|Mess in Distress\n|raw|Mess in Distress's rating: 1580 → 1602<\/strong> (+22 for winning)\n|raw|Jamel 1's rating: 1614 → 1592<\/strong> (-22 for losing)\n|l|\u2606Jamel 1\n","uploadtime":1682314450,"views":33,"p1id":"messindistress","p2id":"jamel1","formatid":"gen9vgc2023regulationc","rating":1592,"private":0,"password":""}