{"id":"gen9vgc2023regulationc-1857659734","p1":"OgreTesting","p2":"Lutrinae Arctis","format":"[Gen 9] VGC 2023 Regulation C","log":"|j|\u2606OgreTesting\n|j|\u2606Lutrinae Arctis\n|t:|1683219200\n|gametype|doubles\n|player|p1|OgreTesting|n-masters|1310\n|player|p2|Lutrinae Arctis|dawn-gen4pt|1238\n|teamsize|p1|6\n|teamsize|p2|6\n|gen|9\n|tier|[Gen 9] VGC 2023 Regulation C\n|rated|\n|rule|Species Clause: Limit one of each Pok\u00e9mon\n|rule|Item Clause: Limit one of each item\n|clearpoke\n|poke|p1|Iron Hands, L50|\n|poke|p1|Flutter Mane, L50|\n|poke|p1|Ting-Lu, L50|\n|poke|p1|Gyarados, L50, M|\n|poke|p1|Amoonguss, L50, F|\n|poke|p1|Chi-Yu, L50|\n|poke|p2|Flutter Mane, L50|\n|poke|p2|Jumpluff, L50, M|\n|poke|p2|Wo-Chien, L50|\n|poke|p2|Torkoal, L50, M|\n|poke|p2|Roaring Moon, L50|\n|poke|p2|Chi-Yu, L50|\n|teampreview|4\nOgreTesting has agreed to open team sheets.\n|inactive|Battle timer is ON: inactive players will automatically lose when time's up. (requested by Lutrinae Arctis)\nLutrinae Arctis has agreed to open team sheets.\n|inactive|OgreTesting has 60 seconds left.\n|inactive|OgreTesting has 30 seconds left.\n|\n|t:|1683219276\n|start\n|switch|p1a: Iron Hands|Iron Hands, L50|100\/100\n|switch|p1b: Gyarados|Gyarados, L50, M|100\/100\n|switch|p2a: Flutter Mane|Flutter Mane, L50|100\/100\n|switch|p2b: Wo-Chien|Wo-Chien, L50|100\/100\n|-ability|p1b: Gyarados|Intimidate|boost\n|-unboost|p2a: Flutter Mane|atk|1\n|-unboost|p2b: Wo-Chien|atk|1\n|-enditem|p2b: Wo-Chien|Eject Pack\n|\n|t:|1683219294\n|switch|p2b: Chi-Yu|Chi-Yu, L50|100\/100\n|-ability|p2b: Chi-Yu|Beads of Ruin\n|turn|1\n|inactive|OgreTesting has 30 seconds left.\n|inactive|OgreTesting has 20 seconds left.\n|inactive|OgreTesting has 15 seconds left.\n|inactive|OgreTesting has 10 seconds left.\n|\n|t:|1683219343\n|-terastallize|p1a: Iron Hands|Fire\n|move|p2b: Chi-Yu|Protect|p2b: Chi-Yu\n|-singleturn|p2b: Chi-Yu|Protect\n|move|p1b: Gyarados|Waterfall|p2b: Chi-Yu\n|-activate|p2b: Chi-Yu|move: Protect\n|move|p1a: Iron Hands|Thunder Punch|p2a: Flutter Mane\n|-damage|p2a: Flutter Mane|57\/100\n|move|p2a: Flutter Mane|Moonblast|p1b: Gyarados\n|-damage|p1b: Gyarados|53\/100\n|\n|upkeep\n|turn|2\n|inactive|OgreTesting has 30 seconds left.\n|\n|t:|1683219370\n|move|p2b: Chi-Yu|Dark Pulse|p1b: Gyarados\n|-damage|p1b: Gyarados|5\/100\n|-enditem|p1b: Gyarados|Aguav Berry|[eat]\n|-heal|p1b: Gyarados|38\/100|[from] item: Aguav Berry\n|move|p1b: Gyarados|Waterfall|p2a: Flutter Mane\n|-damage|p2a: Flutter Mane|21\/100\n|move|p1a: Iron Hands|Thunder Punch|p2a: Flutter Mane\n|-damage|p2a: Flutter Mane|0 fnt\n|faint|p2a: Flutter Mane\n|-end|p2a: Flutter Mane|Protosynthesis|[silent]\n|\n|upkeep\n|\n|t:|1683219380\n|switch|p2a: Torkoal|Torkoal, L50, M|100\/100\n|-weather|SunnyDay|[from] ability: Drought|[of] p2a: Torkoal\n|turn|3\n|inactive|OgreTesting has 30 seconds left.\n|inactive|OgreTesting has 20 seconds left.\n|\n|t:|1683219417\n|switch|p1b: Ting-Lu|Ting-Lu, L50|100\/100\n|-ability|p1b: Ting-Lu|Vessel of Ruin\n|-terastallize|p2a: Torkoal|Fire\n|move|p2b: Chi-Yu|Dark Pulse|p1b: Ting-Lu\n|-resisted|p1b: Ting-Lu\n|-damage|p1b: Ting-Lu|91\/100\n|move|p1a: Iron Hands|Swords Dance|p1a: Iron Hands\n|-boost|p1a: Iron Hands|atk|2\n|move|p2a: Torkoal|Flamethrower|p1a: Iron Hands\n|-resisted|p1a: Iron Hands\n|-damage|p1a: Iron Hands|54\/100\n|\n|-weather|SunnyDay|[upkeep]\n|upkeep\n|turn|4\n|inactive|OgreTesting has 30 seconds left.\n|\n|t:|1683219448\n|move|p2b: Chi-Yu|Flamethrower|p1b: Ting-Lu\n|-damage|p1b: Ting-Lu|59\/100\n|move|p1b: Ting-Lu|Ruination|p2a: Torkoal\n|-damage|p2a: Torkoal|51\/100\n|move|p1a: Iron Hands|Drain Punch|p2a: Torkoal\n|-damage|p2a: Torkoal|0 fnt\n|-heal|p1a: Iron Hands|73\/100|[from] drain|[of] p2a: Torkoal\n|faint|p2a: Torkoal\n|\n|-weather|SunnyDay|[upkeep]\n|upkeep\n|inactive|Lutrinae Arctis has 30 seconds left.\n|\n|t:|1683219478\n|switch|p2a: Wo-Chien|Wo-Chien, L50|100\/100\n|-ability|p2a: Wo-Chien|Tablets of Ruin\n|turn|5\n|inactive|OgreTesting has 30 seconds left.\n|\n|t:|1683219508\n|move|p2b: Chi-Yu|Flamethrower|p1a: Iron Hands\n|-resisted|p1a: Iron Hands\n|-damage|p1a: Iron Hands|47\/100\n|move|p1b: Ting-Lu|Stomping Tantrum|p2b: Chi-Yu\n|-supereffective|p2b: Chi-Yu\n|-damage|p2b: Chi-Yu|36\/100\n|move|p1a: Iron Hands|Drain Punch|p2a: Wo-Chien\n|-supereffective|p2a: Wo-Chien\n|-damage|p2a: Wo-Chien|0 fnt\n|-heal|p1a: Iron Hands|87\/100|[from] drain|[of] p2a: Wo-Chien\n|faint|p2a: Wo-Chien\n|\n|-weather|SunnyDay|[upkeep]\n|upkeep\n|turn|6\n|-message|Lutrinae Arctis forfeited.\n|\n|win|OgreTesting\n|raw|OgreTesting's rating: 1310 → 1326<\/strong> (+16 for winning)\n|raw|Lutrinae Arctis's rating: 1238 → 1218<\/strong> (-20 for losing)\n","uploadtime":1683219551,"views":16,"p1id":"ogretesting","p2id":"lutrinaearctis","formatid":"gen9vgc2023regulationc","rating":1218,"private":0,"password":""}