{"id":"gen9vgc2023regulationc-1864337959","p1":"ambatunut","p2":"ShaytheFair","format":"[Gen 9] VGC 2023 Regulation C","log":"|j|\u2606ambatunut\n|j|\u2606ShaytheFair\n|t:|1684157095\n|gametype|doubles\n|player|p1|ambatunut|dancer|\n|player|p2|ShaytheFair|veteranf|\n|teamsize|p1|6\n|teamsize|p2|6\n|gen|9\n|tier|[Gen 9] VGC 2023 Regulation C\n|rule|Species Clause: Limit one of each Pok\u00e9mon\n|rule|Item Clause: Limit one of each item\n|clearpoke\n|poke|p1|Garchomp, L50, M|\n|poke|p1|Talonflame, L50, F|\n|poke|p1|Chien-Pao, L50|\n|poke|p1|Flutter Mane, L50|\n|poke|p1|Tyranitar, L50, F|\n|poke|p1|Iron Bundle, L50|\n|poke|p2|Palafin, L50, F|\n|poke|p2|Flutter Mane, L50|\n|poke|p2|Arcanine, L50, F|\n|poke|p2|Ting-Lu, L50|\n|poke|p2|Amoonguss, L50, F|\n|poke|p2|Kingambit, L50, M|\n|teampreview|4\nShaytheFair has agreed to open team sheets.\nambatunut has agreed to open team sheets.\n|c|\u2606ShaytheFair|Glhf\n|c|\u2606ambatunut|glhf\n|j| elrradomito\n|\n|t:|1684157273\n|start\n|switch|p1a: Mrs Doubt PK-FIRE|Talonflame, L50, F, shiny|100\/100\n|switch|p1b: Chompasaurus Rex|Garchomp, L50, M|100\/100\n|switch|p2a: Phish Food|Palafin, L50, F|100\/100\n|switch|p2b: Moose Tracks|Ting-Lu, L50|100\/100\n|-ability|p2b: Moose Tracks|Vessel of Ruin\n|turn|1\n|c|\u2606ambatunut|qq do you have the replay of that last match?\n|c|\u2606ShaytheFair|yup\n|c|\u2606ambatunut|could you dm it pls\n|c|\u2606ambatunut|ty\n|\n|t:|1684157367\n|detailschange|p2a: Phish Food|Palafin-Hero, L50, F\n|switch|p2a: Cookies n Cream|Amoonguss, L50, F|100\/100\n|move|p1b: Chompasaurus Rex|Protect|p1b: Chompasaurus Rex\n|-singleturn|p1b: Chompasaurus Rex|Protect\n|move|p1a: Mrs Doubt PK-FIRE|Will-O-Wisp|p2b: Moose Tracks|[miss]\n|-miss|p1a: Mrs Doubt PK-FIRE|p2b: Moose Tracks\n|move|p2b: Moose Tracks|Ruination|p1b: Chompasaurus Rex\n|-activate|p1b: Chompasaurus Rex|move: Protect\n|\n|upkeep\n|turn|2\n|\n|t:|1684157388\n|switch|p2b: Phish Food|Palafin-Hero, L50, F|100\/100\n|-activate|p2b: Phish Food|ability: Zero to Hero\n|move|p1a: Mrs Doubt PK-FIRE|Taunt|p2a: Cookies n Cream\n|-start|p2a: Cookies n Cream|move: Taunt\n|move|p1b: Chompasaurus Rex|Earthquake|p2a: Cookies n Cream|[spread] p2a,p2b\n|-immune|p1a: Mrs Doubt PK-FIRE\n|-crit|p2a: Cookies n Cream\n|-damage|p2a: Cookies n Cream|55\/100\n|-damage|p2b: Phish Food|67\/100\n|cant|p2a: Cookies n Cream|move: Taunt|Spore\n|\n|upkeep\n|turn|3\n|\n|t:|1684157421\n|move|p1a: Mrs Doubt PK-FIRE|Brave Bird|p2b: Phish Food\n|-damage|p2b: Phish Food|36\/100\n|-damage|p1a: Mrs Doubt PK-FIRE|89\/100|[from] Recoil\n|move|p2b: Phish Food|Jet Punch|p1a: Mrs Doubt PK-FIRE\n|-supereffective|p1a: Mrs Doubt PK-FIRE\n|-damage|p1a: Mrs Doubt PK-FIRE|0 fnt\n|faint|p1a: Mrs Doubt PK-FIRE\n|move|p1b: Chompasaurus Rex|Earthquake|p2a: Cookies n Cream|[spread] p2a,p2b\n|-damage|p2a: Cookies n Cream|23\/100\n|-damage|p2b: Phish Food|0 fnt\n|faint|p2b: Phish Food\n|move|p2a: Cookies n Cream|Pollen Puff|p2: Phish Food|[notarget]\n|-fail|p2a: Cookies n Cream\n|\n|upkeep\n|\n|t:|1684157442\n|switch|p1a: George Costanza|Iron Bundle, L50|100\/100\n|switch|p2b: Moose Tracks|Ting-Lu, L50|100\/100\n|-ability|p2b: Moose Tracks|Vessel of Ruin\n|-enditem|p1a: George Costanza|Booster Energy\n|-activate|p1a: George Costanza|ability: Quark Drive|[fromitem]\n|-start|p1a: George Costanza|quarkdrivespe\n|turn|4\n|\n|t:|1684157461\n|-terastallize|p2b: Moose Tracks|Water\n|move|p1a: George Costanza|Freeze-Dry|p2b: Moose Tracks\n|-supereffective|p2b: Moose Tracks\n|-damage|p2b: Moose Tracks|74\/100\n|move|p1b: Chompasaurus Rex|Stomping Tantrum|p2a: Cookies n Cream\n|-damage|p2a: Cookies n Cream|0 fnt\n|-damage|p1b: Chompasaurus Rex|84\/100|[from] item: Rocky Helmet|[of] p2a: Cookies n Cream\n|faint|p2a: Cookies n Cream\n|move|p2b: Moose Tracks|Heavy Slam|p1a: George Costanza\n|-damage|p1a: George Costanza|55\/100\n|\n|upkeep\n|\n|t:|1684157473\n|switch|p2a: Butter Pecan|Arcanine, L50, F|100\/100\n|-ability|p2a: Butter Pecan|Intimidate|boost\n|-unboost|p1a: George Costanza|atk|1\n|-fail|p1b: Chompasaurus Rex|unboost|[from] item: Clear Amulet|[of] p1b: Chompasaurus Rex\n|turn|5\n|\n|t:|1684157487\n|move|p1b: Chompasaurus Rex|Protect|p1b: Chompasaurus Rex\n|-singleturn|p1b: Chompasaurus Rex|Protect\n|move|p2a: Butter Pecan|Extreme Speed|p1a: George Costanza\n|-damage|p1a: George Costanza|26\/100\n|move|p1a: George Costanza|Hydro Pump|p2a: Butter Pecan\n|-supereffective|p2a: Butter Pecan\n|-damage|p2a: Butter Pecan|8\/100\n|move|p2b: Moose Tracks|Ruination|p1b: Chompasaurus Rex\n|-activate|p1b: Chompasaurus Rex|move: Protect\n|\n|upkeep\n|turn|6\n|\n|t:|1684157542\n|move|p1a: George Costanza|Protect|p1a: George Costanza\n|-singleturn|p1a: George Costanza|Protect\n|move|p2a: Butter Pecan|Extreme Speed|p1a: George Costanza\n|-activate|p1a: George Costanza|move: Protect\n|move|p1b: Chompasaurus Rex|Earthquake|p2b: Moose Tracks|[spread] p2a,p2b\n|-activate|p1a: George Costanza|move: Protect\n|-supereffective|p2a: Butter Pecan\n|-damage|p2a: Butter Pecan|0 fnt\n|-damage|p2b: Moose Tracks|49\/100\n|faint|p2a: Butter Pecan\n|move|p2b: Moose Tracks|Ruination|p1b: Chompasaurus Rex\n|-damage|p1b: Chompasaurus Rex|42\/100\n|\n|upkeep\n|turn|7\n|c|\u2606ShaytheFair|GG\n|\n|t:|1684157574\n|move|p1a: George Costanza|Freeze-Dry|p2b: Moose Tracks\n|-supereffective|p2b: Moose Tracks\n|-damage|p2b: Moose Tracks|24\/100\n|move|p1b: Chompasaurus Rex|Dragon Claw|p2b: Moose Tracks\n|-damage|p2b: Moose Tracks|0 fnt\n|faint|p2b: Moose Tracks\n|\n|win|ambatunut\n|c|\u2606ambatunut|damn\n|c|\u2606ambatunut|gg\n|c|\u2606ambatunut|wp\n|c|\u2606ShaytheFair|Nah, you had this in the bag\n|c|\u2606ShaytheFair|I made a lot of mistakes\n|c|\u2606ShaytheFair|Good job\n|c|\u2606ambatunut|if you stayed in w ting-lu it woulda been better\n|c|\u2606ambatunut|you played well\n|c|\u2606ambatunut|had dun, ty for the matches\n|c|\u2606ambatunut|fun*\n|c|\u2606ShaytheFair|thanks, and you're right about tinglu\n|l|\u2606ambatunut\n|c|\u2606ShaytheFair|I should have kept it out there\n","uploadtime":1684157587,"views":23,"p1id":"ambatunut","p2id":"shaythefair","formatid":"gen9vgc2023regulationc","rating":0,"private":0,"password":""}