{"id":"gen9vgc2023regulationc-1849702184","p1":"teriso169","p2":"pupulovessixsheep","format":"[Gen 9] VGC 2023 Regulation C","log":"|j|\u2606teriso169\n|j|\u2606pupulovessixsheep\n|t:|1682235428\n|gametype|doubles\n|player|p1|teriso169|hiker-gen4|1367\n|player|p2|pupulovessixsheep|169|1381\n|teamsize|p1|6\n|teamsize|p2|6\n|gen|9\n|tier|[Gen 9] VGC 2023 Regulation C\n|rated|\n|rule|Species Clause: Limit one of each Pok\u00e9mon\n|rule|Item Clause: Limit one of each item\n|clearpoke\n|poke|p1|Brute Bonnet, L50|\n|poke|p1|Chien-Pao, L50|\n|poke|p1|Great Tusk, L50|\n|poke|p1|Sandy Shocks, L50|\n|poke|p1|Ceruledge, L50, M|\n|poke|p1|Ting-Lu, L50|\n|poke|p2|Talonflame, L50, M|\n|poke|p2|Chi-Yu, L50|\n|poke|p2|Flutter Mane, L50|\n|poke|p2|Amoonguss, L50, F|\n|poke|p2|Tyranitar, L50, F|\n|poke|p2|Houndstone, L50, M|\n|teampreview|4\n|inactive|Battle timer is ON: inactive players will automatically lose when time's up. (requested by teriso169)\n|j| Billy the Vikavolt\n|inactive|teriso169 has 60 seconds left.\n|inactive|pupulovessixsheep has 60 seconds left.\n|inactive|pupulovessixsheep has 30 seconds left.\n|\n|t:|1682235497\n|start\n|switch|p1a: Magnum opus|Sandy Shocks, L50, shiny|100\/100\n|switch|p1b: King dice|Ceruledge, L50, M, shiny|100\/100\n|switch|p2a: Chi-Yu|Chi-Yu, L50|100\/100\n|switch|p2b: Talonflame|Talonflame, L50, M, shiny|100\/100\n|-ability|p2a: Chi-Yu|Beads of Ruin\n|turn|1\n|\n|t:|1682235515\n|move|p1b: King dice|Protect|p1b: King dice\n|-singleturn|p1b: King dice|Protect\n|move|p2a: Chi-Yu|Dark Pulse|p1b: King dice\n|-activate|p1b: King dice|move: Protect\n|move|p2b: Talonflame|Overheat|p1a: Magnum opus\n|-damage|p1a: Magnum opus|27\/100\n|-unboost|p2b: Talonflame|spa|2\n|move|p1a: Magnum opus|Earth Power|p2a: Chi-Yu\n|-supereffective|p2a: Chi-Yu\n|-damage|p2a: Chi-Yu|0 fnt\n|faint|p2a: Chi-Yu\n|-damage|p1a: Magnum opus|17\/100|[from] item: Life Orb\n|\n|upkeep\n|\n|t:|1682235530\n|switch|p2a: Tyranitar|Tyranitar, L50, F, shiny|100\/100\n|-weather|Sandstorm|[from] ability: Sand Stream|[of] p2a: Tyranitar\n|turn|2\n|\n|t:|1682235547\n|-terastallize|p1b: King dice|Grass\n|move|p1a: Magnum opus|Protect|p1a: Magnum opus\n|-singleturn|p1a: Magnum opus|Protect\n|move|p2b: Talonflame|Tailwind|p2b: Talonflame\n|-sidestart|p2: pupulovessixsheep|move: Tailwind\n|move|p2a: Tyranitar|Rock Slide|p1b: King dice|[spread] p1b\n|-activate|p1a: Magnum opus|move: Protect\n|-damage|p1b: King dice|71\/100\n|move|p1b: King dice|Tera Blast|p2a: Tyranitar\n|-supereffective|p2a: Tyranitar\n|-damage|p2a: Tyranitar|39\/100\n|-enditem|p2a: Tyranitar|Weakness Policy\n|-boost|p2a: Tyranitar|atk|2|[from] item: Weakness Policy\n|-boost|p2a: Tyranitar|spa|2|[from] item: Weakness Policy\n|\n|-weather|Sandstorm|[upkeep]\n|-damage|p2b: Talonflame|95\/100|[from] Sandstorm\n|-damage|p1b: King dice|65\/100|[from] Sandstorm\n|upkeep\n|turn|3\n|\n|t:|1682235568\n|move|p1b: King dice|Protect|p1b: King dice\n|-singleturn|p1b: King dice|Protect\n|move|p2b: Talonflame|Air Slash|p1b: King dice\n|-activate|p1b: King dice|move: Protect\n|move|p2a: Tyranitar|Rock Slide|p1b: King dice|[spread] p1a\n|-activate|p1b: King dice|move: Protect\n|-resisted|p1a: Magnum opus\n|-damage|p1a: Magnum opus|0 fnt\n|faint|p1a: Magnum opus\n|-end|p1a: Magnum opus|Protosynthesis|[silent]\n|\n|-weather|Sandstorm|[upkeep]\n|-damage|p2b: Talonflame|89\/100|[from] Sandstorm\n|-damage|p1b: King dice|59\/100|[from] Sandstorm\n|upkeep\n|\n|t:|1682235580\n|switch|p1a: Frankie heffley|Chien-Pao, L50|100\/100\n|-ability|p1a: Frankie heffley|Sword of Ruin\n|turn|4\n|\n|t:|1682235590\n|switch|p1b: Bowling bowl|Ting-Lu, L50|100\/100\n|-ability|p1b: Bowling bowl|Vessel of Ruin\n|move|p2b: Talonflame|Overheat|p1a: Frankie heffley\n|-supereffective|p1a: Frankie heffley\n|-damage|p1a: Frankie heffley|46\/100\n|-unboost|p2b: Talonflame|spa|2\n|move|p2a: Tyranitar|Rock Slide|p1a: Frankie heffley|[spread] p1a,p1b\n|-supereffective|p1a: Frankie heffley\n|-resisted|p1b: Bowling bowl\n|-damage|p1a: Frankie heffley|0 fnt\n|-damage|p1b: Bowling bowl|79\/100\n|faint|p1a: Frankie heffley\n|\n|-weather|Sandstorm|[upkeep]\n|-damage|p2b: Talonflame|83\/100|[from] Sandstorm\n|upkeep\n|\n|t:|1682235599\n|switch|p1a: King dice|Ceruledge, L50, M, shiny, tera:Grass|59\/100\n|turn|5\n|\n|t:|1682235610\n|move|p2a: Tyranitar|Protect|p2a: Tyranitar\n|-singleturn|p2a: Tyranitar|Protect\n|move|p1a: King dice|Protect|p1a: King dice\n|-singleturn|p1a: King dice|Protect\n|move|p2b: Talonflame|Taunt|p1b: Bowling bowl\n|-start|p1b: Bowling bowl|move: Taunt\n|move|p1b: Bowling bowl|Stomping Tantrum|p2a: Tyranitar\n|-activate|p2a: Tyranitar|move: Protect\n|\n|-weather|Sandstorm|[upkeep]\n|-damage|p2b: Talonflame|77\/100|[from] Sandstorm\n|-damage|p1a: King dice|53\/100|[from] Sandstorm\n|-sideend|p2: pupulovessixsheep|move: Tailwind\n|upkeep\n|turn|6\n|\n|t:|1682235630\n|move|p2b: Talonflame|Tailwind|p2b: Talonflame\n|-sidestart|p2: pupulovessixsheep|move: Tailwind\n|move|p2a: Tyranitar|Rock Slide|p1a: King dice|[spread] p1a,p1b\n|-resisted|p1b: Bowling bowl\n|-damage|p1a: King dice|0 fnt\n|-damage|p1b: Bowling bowl|63\/100\n|faint|p1a: King dice\n|move|p1b: Bowling bowl|Throat Chop|p2b: Talonflame\n|-damage|p2b: Talonflame|30\/100\n|-start|p2b: Talonflame|Throat Chop|[silent]\n|\n|-weather|none\n|upkeep\n|turn|7\n|\n|t:|1682235644\n|move|p2b: Talonflame|Air Slash|p1b: Bowling bowl\n|-damage|p1b: Bowling bowl|60\/100\n|move|p2a: Tyranitar|Rock Slide|p1b: Bowling bowl\n|-resisted|p1b: Bowling bowl\n|-crit|p1b: Bowling bowl\n|-damage|p1b: Bowling bowl|25\/100\n|move|p1b: Bowling bowl|Throat Chop|p2b: Talonflame\n|-damage|p2b: Talonflame|0 fnt\n|faint|p2b: Talonflame\n|\n|-end|p1b: Bowling bowl|move: Taunt\n|upkeep\n|\n|t:|1682235657\n|switch|p2b: Flutter Mane|Flutter Mane, L50|100\/100\n|-enditem|p2b: Flutter Mane|Booster Energy\n|-activate|p2b: Flutter Mane|ability: Protosynthesis|[fromitem]\n|-start|p2b: Flutter Mane|protosynthesisspa\n|turn|8\n|-message|teriso169 forfeited.\n|\n|win|pupulovessixsheep\n|raw|teriso169's rating: 1367 → 1348<\/strong> (-19 for losing)\n|raw|pupulovessixsheep's rating: 1381 → 1400<\/strong> (+19 for winning)\n|l|\u2606teriso169\n","uploadtime":1682235666,"views":12,"p1id":"teriso169","p2id":"pupulovessixsheep","formatid":"gen9vgc2023regulationc","rating":1348,"private":0,"password":""}