{"id":"gen9vgc2023regulationc-1850894809","p1":"rengoku stan","p2":"DefiAntVGC","format":"[Gen 9] VGC 2023 Regulation C","log":"|j|\u2606rengoku stan\n|j|\u2606DefiAntVGC\n|t:|1682379374\n|gametype|doubles\n|player|p1|rengoku stan|170|\n|player|p2|DefiAntVGC|volo|\n|teamsize|p1|6\n|teamsize|p2|6\n|gen|9\n|tier|[Gen 9] VGC 2023 Regulation C\n|rated|Tournament battle\n|rule|Species Clause: Limit one of each Pok\u00e9mon\n|rule|Item Clause: Limit one of each item\n|clearpoke\n|poke|p1|Flutter Mane, L50|\n|poke|p1|Iron Bundle, L50|\n|poke|p1|Garchomp, L50, F|\n|poke|p1|Tyranitar, L50, M|\n|poke|p1|Amoonguss, L50, F|\n|poke|p1|Murkrow, L50, F|\n|poke|p2|Wo-Chien, L50|\n|poke|p2|Flutter Mane, L50|\n|poke|p2|Gyarados, L50, F|\n|poke|p2|Chi-Yu, L50|\n|poke|p2|Ting-Lu, L50|\n|poke|p2|Glimmora, L50, M|\n|teampreview|4\n|raw| Open Team Sheet for rengoku stan<\/summary>Flutter Mane @ Choice Specs Ability: Protosynthesis Level: 50 Tera Type: Water - Dazzling Gleam - Shadow Ball - Moonblast - Thunderbolt Iron Bundle @ Booster Energy Ability: Quark Drive Level: 50 Shiny: Yes Tera Type: Ice - Icy Wind - Freeze-Dry - Hydro Pump - Protect Garchomp @ Life Orb Ability: Rough Skin Level: 50 Tera Type: Steel - Earthquake - Rock Slide - Swords Dance - Protect Tyranitar @ Assault Vest Ability: Sand Stream Level: 50 Tera Type: Grass - Rock Slide - Crunch - Low Kick - Heavy Slam Amoonguss @ Sitrus Berry Ability: Regenerator Level: 50 Tera Type: Water - Spore - Rage Powder - Pollen Puff - Clear Smog Murkrow @ Eviolite Ability: Prankster Level: 50 Tera Type: Ghost - Tailwind - Taunt - Haze - Brave Bird <\/details><\/div> Open Team Sheet for DefiAntVGC<\/summary>Wo-Chien @ Assault Vest Ability: Tablets of Ruin Level: 50 Tera Type: Water - Ruination - Pollen Puff - Snarl - Energy Ball Flutter Mane @ Choice Specs Ability: Protosynthesis Level: 50 Tera Type: Fairy - Dazzling Gleam - Moonblast - Thunderbolt - Shadow Ball Gyarados @ Lum Berry Ability: Intimidate Level: 50 Tera Type: Grass - Waterfall - Thunder Wave - Taunt - Protect Chi-Yu @ Focus Sash Ability: Beads of Ruin Level: 50 Tera Type: Fire - Heat Wave - Dark Pulse - Will-O-Wisp - Protect Ting-Lu @ Sitrus Berry Ability: Vessel of Ruin Level: 50 Tera Type: Fairy - Body Press - Snarl - Protect - Ruination Glimmora @ Life Orb Ability: Toxic Debris Level: 50 Tera Type: Flying - Power Gem - Sludge Bomb - Earth Power - Spiky Shield <\/details><\/div>\n|c|\u2606rengoku stan|glhf\n|j| chicagolocaltop16\n|c|\u2606DefiAntVGC|glhf\n|j| modicum of respect\n|c|\u2606rengoku stan|goated wo chien set btw\n|j| Radio Free C-Side\n|n| rengoku stan stan|modicumofrespect\n|c|\u2606DefiAntVGC|ty\n|c| rengoku stan stan|!!!\n|j| CatCookie01\n|j| Djden005\n|\n|t:|1682379434\n|start\n|switch|p1a: Iron Bundle|Iron Bundle, L50, shiny|100\/100\n|switch|p1b: Garchomp|Garchomp, L50, F|100\/100\n|switch|p2a: Flutter Mane|Flutter Mane, L50|100\/100\n|switch|p2b: Glimmora|Glimmora, L50, M|100\/100\n|-enditem|p1a: Iron Bundle|Booster Energy\n|-activate|p1a: Iron Bundle|ability: Quark Drive|[fromitem]\n|-start|p1a: Iron Bundle|quarkdrivespe\n|turn|1\n|l| CatCookie01\n|c|\u2606rengoku stan|no way\n|l| Djden005\n|c|\u2606rengoku stan|what a name\n|\n|t:|1682379469\n|move|p1a: Iron Bundle|Protect|p1a: Iron Bundle\n|-singleturn|p1a: Iron Bundle|Protect\n|move|p1b: Garchomp|Protect|p1b: Garchomp\n|-singleturn|p1b: Garchomp|Protect\n|move|p2b: Glimmora|Spiky Shield|p2b: Glimmora\n|-singleturn|p2b: Glimmora|move: Protect\n|move|p2a: Flutter Mane|Thunderbolt|p1a: Iron Bundle\n|-activate|p1a: Iron Bundle|move: Protect\n|\n|upkeep\n|turn|2\n|c| rengoku stan stan|what a turn\n|\n|t:|1682379480\n|switch|p2b: Wo-Chien|Wo-Chien, L50|100\/100\n|-ability|p2b: Wo-Chien|Tablets of Ruin\n|-terastallize|p1b: Garchomp|Steel\n|move|p1a: Iron Bundle|Icy Wind|p2b: Wo-Chien|[spread] p2a,p2b\n|-supereffective|p2b: Wo-Chien\n|-damage|p2a: Flutter Mane|77\/100\n|-damage|p2b: Wo-Chien|81\/100\n|-unboost|p2a: Flutter Mane|spe|1\n|-unboost|p2b: Wo-Chien|spe|1\n|move|p1b: Garchomp|Rock Slide|p2a: Flutter Mane|[spread] p2a,p2b\n|-damage|p2a: Flutter Mane|37\/100\n|-damage|p2b: Wo-Chien|68\/100\n|-damage|p1b: Garchomp|91\/100|[from] item: Life Orb\n|move|p2a: Flutter Mane|Thunderbolt|p1a: Iron Bundle\n|-supereffective|p1a: Iron Bundle\n|-damage|p1a: Iron Bundle|0 fnt\n|faint|p1a: Iron Bundle\n|-end|p1a: Iron Bundle|Quark Drive|[silent]\n|\n|upkeep\n|\n|t:|1682379491\n|switch|p1a: Flutter Mane|Flutter Mane, L50|100\/100\n|turn|3\n|j| Jrdog\n|\n|t:|1682379500\n|-end|p2a: Flutter Mane|Protosynthesis|[silent]\n|switch|p2a: Glimmora|Glimmora, L50, M|100\/100\n|move|p1b: Garchomp|Rock Slide|p2a: Glimmora|[spread] p2a\n|-miss|p1b: Garchomp|p2b: Wo-Chien\n|-damage|p2a: Glimmora|80\/100\n|-activate|p2a: Glimmora|ability: Toxic Debris\n|-sidestart|p1: rengoku stan|move: Toxic Spikes\n|-damage|p1b: Garchomp|81\/100|[from] item: Life Orb\n|move|p1a: Flutter Mane|Moonblast|p2b: Wo-Chien\n|-supereffective|p2b: Wo-Chien\n|-damage|p2b: Wo-Chien|0 fnt\n|faint|p2b: Wo-Chien\n|\n|upkeep\n|\n|t:|1682379508\n|switch|p2b: Ting-Lu|Ting-Lu, L50|100\/100\n|-ability|p2b: Ting-Lu|Vessel of Ruin\n|turn|4\n|\n|t:|1682379526\n|-terastallize|p2a: Glimmora|Flying\n|move|p1b: Garchomp|Rock Slide|p2a: Glimmora|[spread] p2a,p2b\n|-supereffective|p2a: Glimmora\n|-resisted|p2b: Ting-Lu\n|-damage|p2a: Glimmora|29\/100\n|-damage|p2b: Ting-Lu|94\/100\n|-activate|p2a: Glimmora|ability: Toxic Debris\n|-sidestart|p1: rengoku stan|move: Toxic Spikes\n|-damage|p1b: Garchomp|71\/100|[from] item: Life Orb\n|move|p1a: Flutter Mane|Moonblast|p2a: Glimmora\n|-damage|p2a: Glimmora|0 fnt\n|faint|p2a: Glimmora\n|cant|p2b: Ting-Lu|flinch\n|\n|upkeep\n|\n|t:|1682379536\n|switch|p2a: Flutter Mane|Flutter Mane, L50|37\/100\n|turn|5\n|\n|t:|1682379550\n|-end|p1a: Flutter Mane|Protosynthesis|[silent]\n|switch|p1a: Amoonguss|Amoonguss, L50, F|100\/100\n|-sideend|p1: rengoku stan|move: Toxic Spikes|[of] p1a: Amoonguss\n|move|p2a: Flutter Mane|Shadow Ball|p1a: Amoonguss\n|-damage|p1a: Amoonguss|62\/100\n|-unboost|p1a: Amoonguss|spd|1\n|move|p1b: Garchomp|Earthquake|p2a: Flutter Mane|[spread] p1a,p2a,p2b\n|-damage|p1a: Amoonguss|9\/100\n|-damage|p2a: Flutter Mane|0 fnt\n|-damage|p2b: Ting-Lu|69\/100\n|-enditem|p1a: Amoonguss|Sitrus Berry|[eat]\n|-heal|p1a: Amoonguss|34\/100|[from] item: Sitrus Berry\n|faint|p2a: Flutter Mane\n|-end|p2a: Flutter Mane|Protosynthesis|[silent]\n|-damage|p1b: Garchomp|61\/100|[from] item: Life Orb\n|move|p2b: Ting-Lu|Body Press|p1b: Garchomp\n|-supereffective|p1b: Garchomp\n|-damage|p1b: Garchomp|10\/100\n|-damage|p2b: Ting-Lu|57\/100|[from] ability: Rough Skin|[of] p1b: Garchomp\n|\n|upkeep\n|turn|6\n|l| Jrdog\n|\n|t:|1682379563\n|move|p1b: Garchomp|Swords Dance|p1b: Garchomp\n|-boost|p1b: Garchomp|atk|2\n|move|p1a: Amoonguss|Spore|p2b: Ting-Lu\n|-status|p2b: Ting-Lu|slp|[from] move: Spore\n|cant|p2b: Ting-Lu|slp\n|\n|upkeep\n|turn|7\n|\n|t:|1682379573\n|move|p1b: Garchomp|Rock Slide|p2b: Ting-Lu|[miss]\n|-miss|p1b: Garchomp|p2b: Ting-Lu\n|move|p1a: Amoonguss|Pollen Puff|p1b: Garchomp\n|-heal|p1b: Garchomp|60\/100\n|cant|p2b: Ting-Lu|slp\n|\n|upkeep\n|turn|8\n|\n|t:|1682379582\n|switch|p1a: Flutter Mane|Flutter Mane, L50|100\/100\n|move|p1b: Garchomp|Protect|p1b: Garchomp\n|-singleturn|p1b: Garchomp|Protect\n|cant|p2b: Ting-Lu|slp\n|\n|upkeep\n|turn|9\n|\n|t:|1682379586\n|move|p1b: Garchomp|Earthquake|p2b: Ting-Lu|[spread] p1a,p2b\n|-damage|p1a: Flutter Mane|0 fnt\n|-damage|p2b: Ting-Lu|3\/100 slp\n|-enditem|p2b: Ting-Lu|Sitrus Berry|[eat]\n|-heal|p2b: Ting-Lu|28\/100 slp|[from] item: Sitrus Berry\n|faint|p1a: Flutter Mane\n|-end|p1a: Flutter Mane|Protosynthesis|[silent]\n|-damage|p1b: Garchomp|50\/100|[from] item: Life Orb\n|-curestatus|p2b: Ting-Lu|slp|[msg]\n|move|p2b: Ting-Lu|Body Press|p1b: Garchomp\n|-supereffective|p1b: Garchomp\n|-damage|p1b: Garchomp|3\/100\n|-damage|p2b: Ting-Lu|15\/100|[from] ability: Rough Skin|[of] p1b: Garchomp\n|\n|upkeep\n|\n|t:|1682379589\n|switch|p1a: Amoonguss|Amoonguss, L50, F|67\/100\n|turn|10\n|c|\u2606rengoku stan|lol\n|\n|t:|1682379597\n|move|p2b: Ting-Lu|Protect|p2b: Ting-Lu\n|-singleturn|p2b: Ting-Lu|Protect\n|move|p1b: Garchomp|Earthquake|p2b: Ting-Lu|[spread] p1a\n|-activate|p2b: Ting-Lu|move: Protect\n|-damage|p1a: Amoonguss|0 fnt\n|faint|p1a: Amoonguss\n|-damage|p1b: Garchomp|0 fnt|[from] item: Life Orb\n|faint|p1b: Garchomp\n|\n|win|DefiAntVGC\n|n|\u2606rengoku stan|rengokustan\n|n|\u2606DefiAntVGC|defiantvgc\n|n| chicagolocaltop16|chicagolocaltop16\n|n| Radio Free C-Side|radiofreecside\n|n| rengoku stan stan|rengokustanstan\n","uploadtime":1682379597,"views":11,"p1id":"rengokustan","p2id":"defiantvgc","formatid":"gen9vgc2023regulationc","rating":0,"private":0,"password":""}