{"id":"gen9vgc2023regulationc-1857114062","p1":"carlospe1205","p2":"A.Ramiirez9","format":"[Gen 9] VGC 2023 Regulation C","log":"|j|\u2606carlospe1205\n|j|\u2606A.Ramiirez9\n|t:|1683147183\n|gametype|doubles\n|player|p1|carlospe1205|bugsy|1137\n|player|p2|A.Ramiirez9|n|1104\n|teamsize|p1|6\n|teamsize|p2|6\n|gen|9\n|tier|[Gen 9] VGC 2023 Regulation C\n|rated|\n|rule|Species Clause: Limit one of each Pok\u00e9mon\n|rule|Item Clause: Limit one of each item\n|clearpoke\n|poke|p1|Baxcalibur, L50, M|\n|poke|p1|Talonflame, L50, M|\n|poke|p1|Amoonguss, L50, F|\n|poke|p1|Grimmsnarl, L50, M|\n|poke|p1|Flutter Mane, L50|\n|poke|p1|Chi-Yu, L50|\n|poke|p2|Abomasnow, L50, M|\n|poke|p2|Iron Bundle, L50|\n|poke|p2|Ceruledge, L50, M|\n|poke|p2|Wo-Chien, L50|\n|poke|p2|Glimmora, L50, F|\n|poke|p2|Corviknight, L50, M|\n|teampreview|4\n|\n|t:|1683147208\n|start\n|switch|p1a: Krompus|Grimmsnarl, L50, M|100\/100\n|switch|p1b: AMOGUS|Amoonguss, L50, F|100\/100\n|switch|p2a: Ceruledge|Ceruledge, L50, M, shiny|100\/100\n|switch|p2b: Glimmora|Glimmora, L50, F, shiny|100\/100\n|turn|1\n|inactive|Battle timer is ON: inactive players will automatically lose when time's up. (requested by A.Ramiirez9)\n|\n|t:|1683147237\n|-terastallize|p2a: Ceruledge|Grass\n|move|p1a: Krompus|Fake Out|p2b: Glimmora\n|-resisted|p2b: Glimmora\n|-damage|p2b: Glimmora|94\/100\n|-activate|p2b: Glimmora|ability: Toxic Debris\n|-sidestart|p1: carlospe1205|move: Toxic Spikes\n|move|p2a: Ceruledge|Bulk Up|p2a: Ceruledge\n|-boost|p2a: Ceruledge|atk|1\n|-boost|p2a: Ceruledge|def|1\n|cant|p2b: Glimmora|flinch\n|move|p1b: AMOGUS|Spore|p2b: Glimmora\n|-status|p2b: Glimmora|slp|[from] move: Spore\n|\n|upkeep\n|turn|2\n|\n|t:|1683147260\n|move|p1a: Krompus|Reflect|p1a: Krompus\n|-sidestart|p1: carlospe1205|Reflect\n|move|p2a: Ceruledge|Bitter Blade|p1b: AMOGUS\n|-supereffective|p1b: AMOGUS\n|-damage|p1b: AMOGUS|35\/100\n|-damage|p2a: Ceruledge|84\/100|[from] item: Rocky Helmet|[of] p1b: AMOGUS\n|cant|p2b: Glimmora|slp\n|move|p1b: AMOGUS|Clear Smog|p2a: Ceruledge\n|-supereffective|p2a: Ceruledge\n|-damage|p2a: Ceruledge|49\/100\n|-clearboost|p2a: Ceruledge\n|\n|upkeep\n|turn|3\n|\n|t:|1683147277\n|switch|p1b: Luz|Chi-Yu, L50|100\/100\n|-status|p1b: Luz|psn\n|-ability|p1b: Luz|Beads of Ruin\n|move|p1a: Krompus|Spirit Break|p2a: Ceruledge\n|-damage|p2a: Ceruledge|0 fnt\n|faint|p2a: Ceruledge\n|cant|p2b: Glimmora|slp\n|\n|-damage|p1b: Luz|88\/100 psn|[from] psn\n|upkeep\n|\n|t:|1683147287\n|switch|p2a: Iron Bundle|Iron Bundle, L50, shiny|100\/100\n|-enditem|p2a: Iron Bundle|Booster Energy\n|-activate|p2a: Iron Bundle|ability: Quark Drive|[fromitem]\n|-start|p2a: Iron Bundle|quarkdrivespe\n|turn|4\n|\n|t:|1683147299\n|move|p1b: Luz|Protect|p1b: Luz\n|-singleturn|p1b: Luz|Protect\n|move|p1a: Krompus|Light Screen|p1a: Krompus\n|-sidestart|p1: carlospe1205|move: Light Screen\n|move|p2a: Iron Bundle|Hydro Pump|p1b: Luz\n|-activate|p1b: Luz|move: Protect\n|cant|p2b: Glimmora|slp\n|\n|-damage|p1b: Luz|76\/100 psn|[from] psn\n|upkeep\n|turn|5\n|\n|t:|1683147319\n|switch|p1a: AMOGUS|Amoonguss, L50, F|68\/100\n|-sideend|p1: carlospe1205|move: Toxic Spikes|[of] p1a: AMOGUS\n|-terastallize|p1b: Luz|Flying\n|move|p2a: Iron Bundle|Hydro Pump|p1b: Luz\n|-damage|p1b: Luz|41\/100 psn\n|move|p1b: Luz|Nasty Plot|p1b: Luz\n|-boost|p1b: Luz|spa|2\n|-curestatus|p2b: Glimmora|slp|[msg]\n|move|p2b: Glimmora|Mortal Spin|p1b: Luz|[spread] p1a,p1b\n|-damage|p1a: AMOGUS|65\/100\n|-damage|p1b: Luz|36\/100 psn\n|-damage|p2b: Glimmora|77\/100|[from] item: Rocky Helmet|[of] p1a: AMOGUS\n|\n|-damage|p1b: Luz|24\/100 psn|[from] psn\n|upkeep\n|turn|6\n|inactive|carlospe1205 has 30 seconds left.\n|\n|t:|1683147346\n|switch|p2b: Corviknight|Corviknight, L50, M, shiny|100\/100\n|move|p1b: Luz|Protect|p1b: Luz\n|-singleturn|p1b: Luz|Protect\n|move|p2a: Iron Bundle|Freeze-Dry|p1b: Luz\n|-activate|p1b: Luz|move: Protect\n|move|p1a: AMOGUS|Spore|p2a: Iron Bundle\n|-status|p2a: Iron Bundle|slp|[from] move: Spore\n|\n|-damage|p1b: Luz|12\/100 psn|[from] psn\n|upkeep\n|turn|7\n|\n|t:|1683147367\n|cant|p2a: Iron Bundle|slp\n|move|p1b: Luz|Heat Wave|p2a: Iron Bundle|[spread] p2a,p2b\n|-supereffective|p2b: Corviknight\n|-damage|p2a: Iron Bundle|0 fnt\n|-damage|p2b: Corviknight|0 fnt\n|faint|p2a: Iron Bundle\n|-end|p2a: Iron Bundle|Quark Drive|[silent]\n|faint|p2b: Corviknight\n|-damage|p1b: Luz|2\/100 psn|[from] item: Life Orb\n|move|p1a: AMOGUS|Pollen Puff|p1b: Luz\n|-heal|p1b: Luz|52\/100 psn\n|\n|-damage|p1b: Luz|39\/100 psn|[from] psn\n|upkeep\n|\n|t:|1683147373\n|switch|p2b: Glimmora|Glimmora, L50, F, shiny|77\/100\n|turn|8\n|l|\u2606A.Ramiirez9\n|inactive|A.Ramiirez9 disconnected and has a minute to reconnect!\n|player|p2|\n|inactive|A.Ramiirez9 has 30 seconds left.\n|inactive|A.Ramiirez9 has 20 seconds left.\n|inactive|A.Ramiirez9 has 15 seconds left.\n|inactive|A.Ramiirez9 has 10 seconds left.\n|inactive|A.Ramiirez9 has 5 seconds left.\n|-message|A.Ramiirez9 lost due to inactivity.\n|\n|win|carlospe1205\n|raw|carlospe1205's rating: 1137 → 1160<\/strong> (+23 for winning)\n|raw|A.Ramiirez9's rating: 1104 → 1081<\/strong> (-23 for losing)\n","uploadtime":1683147431,"views":6,"p1id":"carlospe1205","p2id":"aramiirez9","formatid":"gen9vgc2023regulationc","rating":1081,"private":0,"password":""}