{"id":"gen9vgc2023regulationc-1860954702","p1":"swePenguin","p2":"NXP-UwU","format":"[Gen 9] VGC 2023 Regulation C","log":"|j|\u2606swePenguin\n|j|\u2606NXP-UwU\n|t:|1683702427\n|gametype|doubles\n|player|p1|swePenguin|clerkf|\n|player|p2|NXP-UwU|acerola|\n|teamsize|p1|6\n|teamsize|p2|6\n|gen|9\n|tier|[Gen 9] VGC 2023 Regulation C\n|rule|Species Clause: Limit one of each Pok\u00e9mon\n|rule|Item Clause: Limit one of each item\n|clearpoke\n|poke|p1|Annihilape, L50, M|\n|poke|p1|Maushold-Four, L50|\n|poke|p1|Dudunsparce-*, L50, F|\n|poke|p1|Gyarados, L50, F|\n|poke|p1|Dragapult, L50, F|\n|poke|p1|Dragalge, L50, M|\n|poke|p2|Lurantis, L50, F|\n|poke|p2|Indeedee-F, L50, F|\n|poke|p2|Corviknight, L50, F|\n|poke|p2|Mimikyu, L50, F|\n|poke|p2|Hatterene, L50, F|\n|poke|p2|Gastrodon, L50, M|\n|teampreview|4\n|\n|t:|1683702495\n|start\n|switch|p1a: Annihilape|Annihilape, L50, M|100\/100\n|switch|p1b: Maushold|Maushold-Four, L50|100\/100\n|switch|p2a: Mimikyu|Mimikyu, L50, F|100\/100\n|switch|p2b: Corviknight|Corviknight, L50, F|100\/100\n|turn|1\n|\n|t:|1683702517\n|move|p1b: Maushold|Taunt|p2a: Mimikyu\n|-start|p2a: Mimikyu|move: Taunt\n|move|p1a: Annihilape|Rage Fist|p2a: Mimikyu\n|-activate|p2a: Mimikyu|ability: Disguise\n|-damage|p2a: Mimikyu|100\/100\n|-damage|p1a: Annihilape|84\/100|[from] item: Rocky Helmet|[of] p2a: Mimikyu\n|detailschange|p2a: Mimikyu|Mimikyu-Busted, L50, F\n|-damage|p2a: Mimikyu|88\/100|[from] pokemon: Mimikyu-Busted\n|-damage|p1a: Annihilape|75\/100|[from] item: Life Orb\n|move|p2b: Corviknight|Iron Defense|p2b: Corviknight\n|-boost|p2b: Corviknight|def|2\n|cant|p2a: Mimikyu|move: Taunt|Trick Room\n|\n|upkeep\n|turn|2\n|\n|t:|1683702564\n|switch|p2a: Indeedee|Indeedee-F, L50, F|100\/100\n|-fieldstart|move: Psychic Terrain|[from] ability: Psychic Surge|[of] p2a: Indeedee\n|-enditem|p2a: Indeedee|Psychic Seed\n|-boost|p2a: Indeedee|spd|1|[from] item: Psychic Seed\n|move|p1b: Maushold|Beat Up|p1a: Annihilape\n|-damage|p1a: Annihilape|72\/100\n|-damage|p1a: Annihilape|70\/100\n|-damage|p1a: Annihilape|66\/100\n|-damage|p1a: Annihilape|64\/100\n|-hitcount|p1a: Annihilape|4\n|move|p1a: Annihilape|Rage Fist|p2a: Indeedee\n|-immune|p2a: Indeedee\n|move|p2b: Corviknight|Iron Defense|p2b: Corviknight\n|-boost|p2b: Corviknight|def|2\n|\n|upkeep\n|turn|3\n|\n|t:|1683702599\n|-terastallize|p1a: Annihilape|Ghost\n|move|p1b: Maushold|Follow Me|p1b: Maushold\n|-singleturn|p1b: Maushold|move: Follow Me\n|move|p2a: Indeedee|Follow Me|p2a: Indeedee\n|-singleturn|p2a: Indeedee|move: Follow Me\n|move|p1a: Annihilape|Drain Punch|p2a: Indeedee\n|-damage|p2a: Indeedee|32\/100\n|-heal|p1a: Annihilape|97\/100|[from] drain|[of] p2a: Indeedee\n|-damage|p1a: Annihilape|88\/100|[from] item: Life Orb\n|move|p2b: Corviknight|Body Press|p1b: Maushold\n|-supereffective|p1b: Maushold\n|-damage|p1b: Maushold|0 fnt\n|faint|p1b: Maushold\n|\n|upkeep\n|\n|t:|1683702624\n|switch|p1b: Dragalge|Dragalge, L50, M|100\/100\n|turn|4\n|\n|t:|1683702637\n|move|p1a: Annihilape|Drain Punch|p2a: Indeedee\n|-damage|p2a: Indeedee|0 fnt\n|-heal|p1a: Annihilape|100\/100|[from] drain|[of] p2a: Indeedee\n|faint|p2a: Indeedee\n|-damage|p1a: Annihilape|91\/100|[from] item: Life Orb\n|move|p2b: Corviknight|Taunt|p1b: Dragalge\n|-start|p1b: Dragalge|move: Taunt\n|cant|p1b: Dragalge|move: Taunt|Haze\n|\n|upkeep\n|\n|t:|1683702660\n|switch|p2a: Mimikyu|Mimikyu-Busted, L50, F|88\/100\n|turn|5\n|\n|t:|1683702677\n|move|p1a: Annihilape|Rage Fist|p2a: Mimikyu\n|-supereffective|p2a: Mimikyu\n|-damage|p2a: Mimikyu|0 fnt\n|-damage|p1a: Annihilape|75\/100|[from] item: Rocky Helmet|[of] p2a: Mimikyu\n|faint|p2a: Mimikyu\n|-damage|p1a: Annihilape|65\/100|[from] item: Life Orb\n|move|p2b: Corviknight|Iron Defense|p2b: Corviknight\n|-boost|p2b: Corviknight|def|2\n|move|p1b: Dragalge|Sludge Bomb|p2b: Corviknight\n|-immune|p2b: Corviknight\n|\n|upkeep\n|\n|t:|1683702688\n|switch|p2a: Hatterene|Hatterene, L50, F|100\/100\n|turn|6\n|c|\u2606NXP-UwU|!weak hatterene\n|c| NXP-UwU|\/raw Hatterene (ignoring abilities): Weaknesses<\/span>: Ghost, Poison, Steel Resistances<\/span>: Fighting<\/b>, Psychic Immunities<\/span>: Dragon<\/div>\n|\n|t:|1683702793\n|move|p1a: Annihilape|Rage Fist|p2a: Hatterene\n|-supereffective|p2a: Hatterene\n|-damage|p2a: Hatterene|0 fnt\n|faint|p2a: Hatterene\n|-damage|p1a: Annihilape|55\/100|[from] item: Life Orb\n|move|p2b: Corviknight|Body Press|p1b: Dragalge\n|-resisted|p1b: Dragalge\n|-damage|p1b: Dragalge|54\/100\n|move|p1b: Dragalge|Thunderbolt|p2b: Corviknight\n|-supereffective|p2b: Corviknight\n|-damage|p2b: Corviknight|68\/100\n|\n|-heal|p2b: Corviknight|74\/100|[from] item: Leftovers\n|-end|p1b: Dragalge|move: Taunt\n|-fieldend|move: Psychic Terrain\n|upkeep\n|turn|7\n|\n|t:|1683702815\n|move|p1a: Annihilape|Rage Fist|p2b: Corviknight\n|-damage|p2b: Corviknight|30\/100\n|-damage|p1a: Annihilape|45\/100|[from] item: Life Orb\n|move|p2b: Corviknight|Taunt|p1b: Dragalge\n|-start|p1b: Dragalge|move: Taunt\n|move|p1b: Dragalge|Thunderbolt|p2b: Corviknight\n|-supereffective|p2b: Corviknight\n|-damage|p2b: Corviknight|0 fnt\n|faint|p2b: Corviknight\n|\n|win|swePenguin\n|l|\u2606NXP-UwU\n","uploadtime":1683702835,"views":13,"p1id":"swepenguin","p2id":"nxpuwu","formatid":"gen9vgc2023regulationc","rating":0,"private":0,"password":""}