{"id":"gen9vgc2023regulationc-1846477421","p1":"PokemonPesticide","p2":"Ricardo Randorez","format":"[Gen 9] VGC 2023 Regulation C","log":"|j|\u2606PokemonPesticide\n|j|\u2606Ricardo Randorez\n|t:|1681844107\n|gametype|doubles\n|player|p1|PokemonPesticide|rocketgrunt|1096\n|player|p2|Ricardo Randorez|102|1196\n|teamsize|p1|6\n|teamsize|p2|6\n|gen|9\n|tier|[Gen 9] VGC 2023 Regulation C\n|rated|\n|rule|Species Clause: Limit one of each Pok\u00e9mon\n|rule|Item Clause: Limit one of each item\n|clearpoke\n|poke|p1|Seviper, L50, F|\n|poke|p1|Wo-Chien, L50|\n|poke|p1|Flutter Mane, L50|\n|poke|p1|Gyarados, L50, M|\n|poke|p1|Rabsca, L50, F|\n|poke|p1|Klefki, L50, F|\n|poke|p2|Gyarados, L50, F|\n|poke|p2|Arcanine, L50, M|\n|poke|p2|Dragonite, L50, M|\n|poke|p2|Flutter Mane, L50|\n|poke|p2|Iron Jugulis, L50|\n|poke|p2|Chien-Pao, L50|\n|teampreview|4\n|inactive|Battle timer is ON: inactive players will automatically lose when time's up. (requested by Ricardo Randorez)\nRicardo Randorez has agreed to open team sheets.\n|c|\u2606Ricardo Randorez|Let\u2019s go pap\n|\n|t:|1681844155\n|start\n|switch|p1a: Seviper|Seviper, L50, F|100\/100\n|switch|p1b: Wo-Chien|Wo-Chien, L50|100\/100\n|switch|p2a: Arcanine|Arcanine, L50, M|100\/100\n|switch|p2b: Gyarados|Gyarados, L50, F|100\/100\n|-ability|p2a: Arcanine|Intimidate|boost\n|-unboost|p1a: Seviper|atk|1\n|-unboost|p1b: Wo-Chien|atk|1\n|-ability|p1b: Wo-Chien|Tablets of Ruin\n|turn|1\n|inactive|PokemonPesticide has 30 seconds left.\n|inactive|Ricardo Randorez has 30 seconds left.\n|inactive|PokemonPesticide has 20 seconds left.\n|inactive|PokemonPesticide has 15 seconds left.\n|\n|t:|1681844196\n|move|p2b: Gyarados|Dragon Dance|p2b: Gyarados\n|-boost|p2b: Gyarados|atk|1\n|-boost|p2b: Gyarados|spe|1\n|move|p2a: Arcanine|Howl|p2a: Arcanine|[spread] p2a,p2b\n|-boost|p2a: Arcanine|atk|1\n|-boost|p2b: Gyarados|atk|1\n|move|p1b: Wo-Chien|Leech Seed|p2a: Arcanine\n|-start|p2a: Arcanine|move: Leech Seed\n|move|p1a: Seviper|Poison Fang|p2b: Gyarados\n|-crit|p2b: Gyarados\n|-damage|p2b: Gyarados|76\/100\n|-status|p2b: Gyarados|tox\n|\n|-damage|p2a: Arcanine|88\/100|[from] Leech Seed|[of] p1b: Wo-Chien\n|-damage|p2b: Gyarados|70\/100 tox|[from] psn\n|upkeep\n|turn|2\n|inactive|PokemonPesticide has 30 seconds left.\n|inactive|Ricardo Randorez has 30 seconds left.\n|inactive|PokemonPesticide has 20 seconds left.\n|\n|t:|1681844240\n|switch|p1a: Gyarados|Gyarados, L50, M|100\/100\n|-ability|p1a: Gyarados|Intimidate|boost\n|-unboost|p2a: Arcanine|atk|1\n|-fail|p2b: Gyarados|unboost|[from] item: Clear Amulet|[of] p2b: Gyarados\n|-terastallize|p2b: Gyarados|Flying\n|move|p2b: Gyarados|Tera Blast|p1b: Wo-Chien\n|-supereffective|p1b: Wo-Chien\n|-damage|p1b: Wo-Chien|0 fnt\n|faint|p1b: Wo-Chien\n|-ability|p2b: Gyarados|Moxie|boost\n|-boost|p2b: Gyarados|atk|1\n|-enditem|p1a: Gyarados|Mirror Herb\n|-boost|p1a: Gyarados|atk|1|[from] item: Mirror Herb\n|move|p2a: Arcanine|Flare Blitz|p1a: Gyarados\n|-resisted|p1a: Gyarados\n|-damage|p1a: Gyarados|71\/100\n|-damage|p2a: Arcanine|79\/100|[from] Recoil\n|\n|-damage|p2b: Gyarados|58\/100 tox|[from] psn\n|upkeep\n|\n|t:|1681844266\n|switch|p1b: Rabsca|Rabsca, L50, F, shiny|100\/100\n|turn|3\n|inactive|PokemonPesticide has 30 seconds left.\n|\n|t:|1681844292\n|switch|p2a: Dragonite|Dragonite, L50, M|100\/100\n|-terastallize|p1b: Rabsca|Fairy\n|move|p2b: Gyarados|Tera Blast|p1a: Gyarados\n|-damage|p1a: Gyarados|0 fnt\n|faint|p1a: Gyarados\n|-ability|p2b: Gyarados|Moxie|boost\n|-boost|p2b: Gyarados|atk|1\n|move|p1b: Rabsca|Psychic|p2b: Gyarados\n|-damage|p2b: Gyarados|25\/100 tox\n|\n|-damage|p2b: Gyarados|7\/100 tox|[from] psn\n|upkeep\n|\n|t:|1681844304\n|switch|p1a: Seviper|Seviper, L50, F|100\/100\n|turn|4\n|\n|t:|1681844318\n|move|p2a: Dragonite|Extreme Speed|p1b: Rabsca\n|-damage|p1b: Rabsca|46\/100\n|move|p2b: Gyarados|Tera Blast|p1a: Seviper\n|-damage|p1a: Seviper|0 fnt\n|faint|p1a: Seviper\n|-ability|p2b: Gyarados|Moxie|boost\n|-boost|p2b: Gyarados|atk|1\n|move|p1b: Rabsca|Revival Blessing|p1b: Rabsca\n|\n|t:|1681844339\n|-heal|p1: Gyarados|50\/100|[from] move: Revival Blessing\n|\n|-damage|p2b: Gyarados|0 fnt|[from] psn\n|faint|p2b: Gyarados\n|upkeep\n|\n|t:|1681844350\n|switch|p2b: Chien-Pao|Chien-Pao, L50|100\/100\n|switch|p1a: Gyarados|Gyarados, L50, M|50\/100\n|-ability|p2b: Chien-Pao|Sword of Ruin\n|-ability|p1a: Gyarados|Intimidate|boost\n|-fail|p2a: Dragonite|unboost|Attack|[from] ability: Inner Focus|[of] p2a: Dragonite\n|-unboost|p2b: Chien-Pao|atk|1\n|turn|5\n|\n|t:|1681844364\n|move|p2a: Dragonite|Extreme Speed|p1a: Gyarados\n|-crit|p1a: Gyarados\n|-damage|p1a: Gyarados|0 fnt\n|faint|p1a: Gyarados\n|move|p2b: Chien-Pao|Sucker Punch|p1b: Rabsca\n|-resisted|p1b: Rabsca\n|-damage|p1b: Rabsca|30\/100\n|move|p1b: Rabsca|Bug Buzz|p2b: Chien-Pao\n|-supereffective|p2b: Chien-Pao\n|-enditem|p2b: Chien-Pao|Focus Sash\n|-damage|p2b: Chien-Pao|1\/100\n|\n|upkeep\n|turn|6\n|\n|t:|1681844381\n|move|p2a: Dragonite|Extreme Speed|p1b: Rabsca\n|-damage|p1b: Rabsca|0 fnt\n|faint|p1b: Rabsca\n|\n|win|Ricardo Randorez\n|raw|PokemonPesticide's rating: 1096 → 1078<\/strong> (-18 for losing)\n|raw|Ricardo Randorez's rating: 1196 → 1214<\/strong> (+18 for winning)\n|l|\u2606PokemonPesticide\n","uploadtime":1681844388,"views":9,"p1id":"pokemonpesticide","p2id":"ricardorandorez","formatid":"gen9vgc2023regulationc","rating":1078,"private":0,"password":""}