{"id":"gen9vgc2023regulationc-1845657184","p1":"Sophie Lumina","p2":"arodplays","format":"[Gen 9] VGC 2023 Regulation C","log":"|j|\u2606Sophie Lumina\n|j|\u2606arodplays\n|t:|1681753105\n|gametype|doubles\n|player|p1|Sophie Lumina|iono|1138\n|player|p2|arodplays|102|1049\n|teamsize|p1|6\n|teamsize|p2|6\n|gen|9\n|tier|[Gen 9] VGC 2023 Regulation C\n|rated|\n|rule|Species Clause: Limit one of each Pok\u00e9mon\n|rule|Item Clause: Limit one of each item\n|clearpoke\n|poke|p1|Volcarona, L50, M|\n|poke|p1|Bellibolt, L50, M|\n|poke|p1|Glimmora, L50, M|\n|poke|p1|Orthworm, L50, F|\n|poke|p1|Dragonite, L50, F|\n|poke|p1|Great Tusk, L50|\n|poke|p2|Glimmora, L50, F|\n|poke|p2|Amoonguss, L50, F|\n|poke|p2|Skeledirge, L50, F|\n|poke|p2|Girafarig, L50, F|\n|poke|p2|Gyarados, L50, M|\n|poke|p2|Sandy Shocks, L50|\n|teampreview|4\n|inactive|Battle timer is ON: inactive players will automatically lose when time's up. (requested by arodplays)\n|l|\u2606Sophie Lumina\n|inactive|Sophie Lumina disconnected and has a minute to reconnect!\n|player|p1|\narodplays rejected open team sheets.\n|inactive|arodplays has 60 seconds left.\n|j|\u2606Sophie Lumina\n|inactive|Sophie Lumina reconnected and has 60 seconds left.\n|player|p1|Sophie Lumina|iono\n|c|\u2606Sophie Lumina|my bac\n|c|\u2606Sophie Lumina|idk how that happened\n|c|\u2606arodplays|all good\n|c|\u2606arodplays|good luck friend\n|inactive|Sophie Lumina has 30 seconds left.\n|\n|t:|1681753173\n|start\n|switch|p1a: Glimmora|Glimmora, L50, M|100\/100\n|switch|p1b: Great Tusk|Great Tusk, L50|100\/100\n|switch|p2a: Gyarados|Gyarados, L50, M|100\/100\n|switch|p2b: Girafarig|Girafarig, L50, F|100\/100\n|-ability|p2a: Gyarados|Intimidate|boost\n|-unboost|p1a: Glimmora|atk|1\n|-unboost|p1b: Great Tusk|atk|1\n|-enditem|p1b: Great Tusk|Booster Energy\n|-activate|p1b: Great Tusk|ability: Protosynthesis|[fromitem]\n|-start|p1b: Great Tusk|protosynthesisdef\n|turn|1\n|c|\u2606Sophie Lumina|you too, glhf\n|inactive|Sophie Lumina has 30 seconds left.\n|\n|t:|1681753203\n|move|p2a: Gyarados|Protect|p2a: Gyarados\n|-singleturn|p2a: Gyarados|Protect\n|move|p1a: Glimmora|Reflect|p1a: Glimmora\n|-sidestart|p1: Sophie Lumina|Reflect\n|move|p1b: Great Tusk|Knock Off|p2b: Girafarig\n|-supereffective|p2b: Girafarig\n|-damage|p2b: Girafarig|61\/100\n|-enditem|p2b: Girafarig|Eviolite|[from] move: Knock Off|[of] p1b: Great Tusk\n|move|p2b: Girafarig|Agility|p2b: Girafarig\n|-boost|p2b: Girafarig|spe|2\n|\n|upkeep\n|turn|2\n|\n|t:|1681753227\n|-end|p1b: Great Tusk|Protosynthesis|[silent]\n|switch|p1b: Bellibolt|Bellibolt, L50, M|100\/100\n|move|p2b: Girafarig|Nasty Plot|p2b: Girafarig\n|-boost|p2b: Girafarig|spa|2\n|move|p1a: Glimmora|Light Screen|p1a: Glimmora\n|-sidestart|p1: Sophie Lumina|move: Light Screen\n|move|p2a: Gyarados|Chilling Water|p1b: Bellibolt\n|-damage|p1b: Bellibolt|94\/100\n|-unboost|p1b: Bellibolt|atk|1\n|-start|p1b: Bellibolt|Charge|Chilling Water|[from] ability: Electromorphosis\n|\n|upkeep\n|turn|3\n|\n|t:|1681753249\n|move|p2a: Gyarados|Protect|p2a: Gyarados\n|-singleturn|p2a: Gyarados|Protect\n|move|p2b: Girafarig|Baton Pass|p2b: Girafarig\n|\n|t:|1681753256\n|switch|p2b: Glimmora|Glimmora, L50, F|100\/100|[from] Baton Pass\n|move|p1a: Glimmora|Mortal Spin|p2b: Glimmora|[spread] p2b\n|-activate|p2a: Gyarados|move: Protect\n|-resisted|p2b: Glimmora\n|-damage|p2b: Glimmora|99\/100\n|-activate|p2b: Glimmora|ability: Toxic Debris\n|-sidestart|p1: Sophie Lumina|move: Toxic Spikes\n|-sideend|p1: Sophie Lumina|Toxic Spikes|[from] move: Mortal Spin|[of] p1a: Glimmora\n|move|p1b: Bellibolt|Parabolic Charge|p2b: Glimmora|[spread] p1a,p2b\n|-activate|p2a: Gyarados|move: Protect\n|-damage|p1a: Glimmora|65\/100\n|-heal|p1b: Bellibolt|100\/100|[from] drain|[of] p1a: Glimmora\n|-damage|p2b: Glimmora|65\/100\n|-end|p1b: Bellibolt|Charge|[silent]\n|\n|upkeep\n|turn|4\n|inactive|arodplays has 30 seconds left.\n|\n|t:|1681753284\n|switch|p1a: Great Tusk|Great Tusk, L50|100\/100\n|move|p2a: Gyarados|Helping Hand|p2b: Glimmora\n|-singleturn|p2b: Glimmora|Helping Hand|[of] p2a: Gyarados\n|move|p2b: Glimmora|Sludge Wave|p1a: Great Tusk|[spread] p2a,p1a,p1b\n|-resisted|p1a: Great Tusk\n|-damage|p2a: Gyarados|23\/100\n|-damage|p1a: Great Tusk|58\/100\n|-damage|p1b: Bellibolt|44\/100\n|-start|p1b: Bellibolt|Charge|Sludge Wave|[from] ability: Electromorphosis\n|move|p1b: Bellibolt|Parabolic Charge|p2b: Glimmora|[spread] p2a,p2b\n|-immune|p1a: Great Tusk\n|-supereffective|p2a: Gyarados\n|-damage|p2a: Gyarados|0 fnt\n|-heal|p1b: Bellibolt|56\/100|[from] drain|[of] p2a: Gyarados\n|-damage|p2b: Glimmora|31\/100\n|-heal|p1b: Bellibolt|72\/100|[from] drain|[of] p2b: Glimmora\n|faint|p2a: Gyarados\n|-end|p1b: Bellibolt|Charge|[silent]\n|\n|upkeep\n|\n|t:|1681753299\n|switch|p2a: Skeledirge|Skeledirge, L50, F|100\/100\n|turn|5\n|\n|t:|1681753316\n|-terastallize|p2a: Skeledirge|Fairy\n|move|p1b: Bellibolt|Protect|p1b: Bellibolt\n|-singleturn|p1b: Bellibolt|Protect\n|move|p2b: Glimmora|Power Gem|p1b: Bellibolt\n|-activate|p1b: Bellibolt|move: Protect\n|move|p1a: Great Tusk|Earthquake|p2a: Skeledirge|[spread] p2a,p2b\n|-activate|p1b: Bellibolt|move: Protect\n|-supereffective|p2b: Glimmora\n|-damage|p2a: Skeledirge|74\/100\n|-damage|p2b: Glimmora|0 fnt\n|-activate|p2b: Glimmora|ability: Toxic Debris\n|-sidestart|p1: Sophie Lumina|move: Toxic Spikes\n|faint|p2b: Glimmora\n|move|p2a: Skeledirge|Torch Song|p1a: Great Tusk\n|-damage|p1a: Great Tusk|33\/100\n|-boost|p2a: Skeledirge|spa|1\n|\n|-heal|p2a: Skeledirge|81\/100|[from] item: Leftovers\n|upkeep\n|c|\u2606arodplays|nice protect there\n|\n|t:|1681753332\n|switch|p2b: Girafarig|Girafarig, L50, F|61\/100\n|turn|6\n|\n|t:|1681753349\n|move|p1a: Great Tusk|Rapid Spin|p2a: Skeledirge\n|-damage|p2a: Skeledirge|68\/100\n|-boost|p1a: Great Tusk|spe|1\n|-sideend|p1: Sophie Lumina|Toxic Spikes|[from] move: Rapid Spin|[of] p1a: Great Tusk\n|move|p2b: Girafarig|Agility|p2b: Girafarig\n|-boost|p2b: Girafarig|spe|2\n|move|p2a: Skeledirge|Torch Song|p1a: Great Tusk\n|-damage|p1a: Great Tusk|0 fnt\n|-boost|p2a: Skeledirge|spa|1\n|faint|p1a: Great Tusk\n|-end|p1a: Great Tusk|Protosynthesis|[silent]\n|move|p1b: Bellibolt|Parabolic Charge|p2b: Girafarig|[spread] p2a,p2b\n|-damage|p2a: Skeledirge|41\/100\n|-heal|p1b: Bellibolt|90\/100|[from] drain|[of] p2a: Skeledirge\n|-damage|p2b: Girafarig|32\/100\n|-heal|p1b: Bellibolt|100\/100|[from] drain|[of] p2b: Girafarig\n|\n|-heal|p2a: Skeledirge|47\/100|[from] item: Leftovers\n|upkeep\n|inactive|Sophie Lumina has 30 seconds left.\n|\n|t:|1681753374\n|switch|p1a: Glimmora|Glimmora, L50, M|65\/100\n|turn|7\n|\n|t:|1681753382\n|move|p2a: Skeledirge|Protect|p2a: Skeledirge\n|-singleturn|p2a: Skeledirge|Protect\n|move|p2b: Girafarig|Nasty Plot|p2b: Girafarig\n|-boost|p2b: Girafarig|spa|2\n|move|p1a: Glimmora|Mortal Spin|p2a: Skeledirge|[spread] p2b\n|-activate|p2a: Skeledirge|move: Protect\n|-damage|p2b: Girafarig|26\/100\n|-status|p2b: Girafarig|psn\n|move|p1b: Bellibolt|Parabolic Charge|p2b: Girafarig|[spread] p1a,p2b\n|-activate|p2a: Skeledirge|move: Protect\n|-damage|p1a: Glimmora|47\/100\n|-damage|p2b: Girafarig|0 fnt\n|faint|p2b: Girafarig\n|\n|-heal|p2a: Skeledirge|53\/100|[from] item: Leftovers\n|upkeep\n|turn|8\n|inactive|Sophie Lumina has 30 seconds left.\n|\n|t:|1681753410\n|move|p1a: Glimmora|Memento|p2a: Skeledirge\n|-unboost|p2a: Skeledirge|atk|2\n|-unboost|p2a: Skeledirge|spa|2\n|faint|p1a: Glimmora\n|move|p2a: Skeledirge|Torch Song|p1b: Bellibolt\n|-damage|p1b: Bellibolt|83\/100\n|-boost|p2a: Skeledirge|spa|1\n|-start|p1b: Bellibolt|Charge|Torch Song|[from] ability: Electromorphosis\n|move|p1b: Bellibolt|Acid Spray|p2a: Skeledirge\n|-supereffective|p2a: Skeledirge\n|-damage|p2a: Skeledirge|25\/100\n|-unboost|p2a: Skeledirge|spd|2\n|\n|-heal|p2a: Skeledirge|31\/100|[from] item: Leftovers\n|-sideend|p1: Sophie Lumina|Reflect\n|upkeep\n|\n|t:|1681753429\n|switch|p1a: Orthworm|Orthworm, L50, F|100\/100\n|turn|9\n|\n|t:|1681753438\n|move|p2a: Skeledirge|Slack Off|p2a: Skeledirge\n|-heal|p2a: Skeledirge|81\/100\n|move|p1a: Orthworm|Iron Defense|p1a: Orthworm\n|-boost|p1a: Orthworm|def|2\n|move|p1b: Bellibolt|Acid Spray|p2a: Skeledirge\n|-supereffective|p2a: Skeledirge\n|-damage|p2a: Skeledirge|26\/100\n|-unboost|p2a: Skeledirge|spd|2\n|\n|-heal|p2a: Skeledirge|32\/100|[from] item: Leftovers\n|-sideend|p1: Sophie Lumina|move: Light Screen\n|upkeep\n|turn|10\n|\n|t:|1681753456\n|move|p2a: Skeledirge|Torch Song|p1b: Bellibolt\n|-damage|p1b: Bellibolt|40\/100\n|-boost|p2a: Skeledirge|spa|1\n|-start|p1b: Bellibolt|Charge|Torch Song|[from] ability: Electromorphosis\n|move|p1a: Orthworm|Body Press|p2a: Skeledirge\n|-resisted|p2a: Skeledirge\n|-damage|p2a: Skeledirge|22\/100\n|move|p1b: Bellibolt|Acid Spray|p2a: Skeledirge\n|-supereffective|p2a: Skeledirge\n|-damage|p2a: Skeledirge|0 fnt\n|faint|p2a: Skeledirge\n|\n|win|Sophie Lumina\n|raw|Sophie Lumina's rating: 1138 → 1157<\/strong> (+19 for winning)\n|raw|arodplays's rating: 1049 → 1036<\/strong> (-13 for losing)\n|c|\u2606arodplays|gg\n|c|\u2606Sophie Lumina|gg\n|l|\u2606arodplays\n|c|\u2606Sophie Lumina|it's funny cuz like\n|c|\u2606Sophie Lumina|ppl never expect the bellibolt sweep\n","uploadtime":1681753691,"views":13,"p1id":"sophielumina","p2id":"arodplays","formatid":"gen9vgc2023regulationc","rating":1036,"private":0,"password":""}