{"id":"gen9vgc2023regulationc-1860915477","p1":"bigj009","p2":"iStockphoto","format":"[Gen 9] VGC 2023 Regulation C","log":"|j|\u2606bigj009\n|j|\u2606iStockphoto\n|t:|1683695248\n|gametype|doubles\n|player|p1|bigj009|lucas|1311\n|player|p2|iStockphoto|170|1246\n|teamsize|p1|6\n|teamsize|p2|6\n|gen|9\n|tier|[Gen 9] VGC 2023 Regulation C\n|rated|\n|rule|Species Clause: Limit one of each Pok\u00e9mon\n|rule|Item Clause: Limit one of each item\n|clearpoke\n|poke|p1|Flutter Mane, L50|\n|poke|p1|Chi-Yu, L50|\n|poke|p1|Iron Bundle, L50|\n|poke|p1|Torkoal, L50, M|\n|poke|p1|Indeedee-F, L50, F|\n|poke|p1|Iron Hands, L50|\n|poke|p2|Abomasnow, L50, F|\n|poke|p2|Baxcalibur, L50, F|\n|poke|p2|Ting-Lu, L50|\n|poke|p2|Maushold, L50|\n|poke|p2|Wo-Chien, L50|\n|poke|p2|Gholdengo, L50|\n|teampreview|4\niStockphoto has agreed to open team sheets.\n|inactive|Battle timer is ON: inactive players will automatically lose when time's up. (requested by bigj009)\nbigj009 has agreed to open team sheets.\n|inactive|bigj009 has 60 seconds left.\n|\n|t:|1683695290\n|start\n|switch|p1a: Chi-Yu|Chi-Yu, L50|100\/100\n|switch|p1b: Iron Bundle|Iron Bundle, L50|100\/100\n|switch|p2a: Ting-Lu|Ting-Lu, L50|100\/100\n|switch|p2b: Maushold|Maushold, L50|100\/100\n|-ability|p1a: Chi-Yu|Beads of Ruin\n|-ability|p2a: Ting-Lu|Vessel of Ruin\n|-enditem|p1b: Iron Bundle|Booster Energy\n|-activate|p1b: Iron Bundle|ability: Quark Drive|[fromitem]\n|-start|p1b: Iron Bundle|quarkdrivespe\n|turn|1\n|\n|t:|1683695310\n|-terastallize|p2a: Ting-Lu|Poison\n|move|p2b: Maushold|Protect|p2b: Maushold\n|-singleturn|p2b: Maushold|Protect\n|move|p1b: Iron Bundle|Icy Wind|p2a: Ting-Lu|[spread] p2a\n|-activate|p2b: Maushold|move: Protect\n|-damage|p2a: Ting-Lu|96\/100\n|-unboost|p2a: Ting-Lu|spe|1\n|move|p1a: Chi-Yu|Heat Wave|p2b: Maushold|[spread] p2a\n|-activate|p2b: Maushold|move: Protect\n|-damage|p2a: Ting-Lu|79\/100\n|-damage|p1a: Chi-Yu|91\/100|[from] item: Life Orb\n|move|p2a: Ting-Lu|Stomping Tantrum|p1a: Chi-Yu\n|-supereffective|p1a: Chi-Yu\n|-damage|p1a: Chi-Yu|0 fnt\n|faint|p1a: Chi-Yu\n|\n|upkeep\n|\n|t:|1683695326\n|switch|p1a: Iron Hands|Iron Hands, L50|100\/100\n|turn|2\n|\n|t:|1683695341\n|-terastallize|p1a: Iron Hands|Ground\n|move|p1b: Iron Bundle|Protect|p1b: Iron Bundle\n|-singleturn|p1b: Iron Bundle|Protect\n|move|p2b: Maushold|Follow Me|p2b: Maushold\n|-singleturn|p2b: Maushold|move: Follow Me\n|move|p1a: Iron Hands|Earthquake|p2a: Ting-Lu|[spread] p2a,p2b\n|-activate|p1b: Iron Bundle|move: Protect\n|-supereffective|p2a: Ting-Lu\n|-damage|p2a: Ting-Lu|43\/100\n|-damage|p2b: Maushold|44\/100\n|move|p2a: Ting-Lu|Stomping Tantrum|p1a: Iron Hands\n|-damage|p1a: Iron Hands|83\/100\n|\n|upkeep\n|turn|3\n|inactive|iStockphoto has 30 seconds left.\n|\n|t:|1683695375\n|switch|p2a: Abomasnow|Abomasnow, L50, F|100\/100\n|-weather|Snow|[from] ability: Snow Warning|[of] p2a: Abomasnow\n|move|p1b: Iron Bundle|Icy Wind|p2a: Abomasnow|[spread] p2a,p2b\n|-damage|p2a: Abomasnow|90\/100\n|-damage|p2b: Maushold|22\/100\n|-unboost|p2a: Abomasnow|spe|1\n|-unboost|p2b: Maushold|spe|1\n|move|p2b: Maushold|Taunt|p1a: Iron Hands\n|-start|p1a: Iron Hands|move: Taunt\n|move|p1a: Iron Hands|Drain Punch|p2b: Maushold\n|-supereffective|p2b: Maushold\n|-damage|p2b: Maushold|0 fnt\n|-heal|p1a: Iron Hands|91\/100|[from] drain|[of] p2b: Maushold\n|faint|p2b: Maushold\n|\n|-weather|Snow|[upkeep]\n|upkeep\n|\n|t:|1683695391\n|switch|p2b: Baxcalibur|Baxcalibur, L50, F|100\/100\n|turn|4\n|\n|t:|1683695403\n|-end|p1a: Iron Hands|Quark Drive|[silent]\n|switch|p1a: Flutter Mane|Flutter Mane, L50|100\/100\n|move|p1b: Iron Bundle|Icy Wind|p2b: Baxcalibur|[spread] p2b\n|-miss|p1b: Iron Bundle|p2a: Abomasnow\n|-damage|p2b: Baxcalibur|84\/100\n|move|p2b: Baxcalibur|Icicle Crash|p1a: Flutter Mane|[miss]\n|-miss|p2b: Baxcalibur|p1a: Flutter Mane\n|move|p2a: Abomasnow|Aurora Veil|p2a: Abomasnow\n|-sidestart|p2: iStockphoto|move: Aurora Veil\n|\n|-weather|Snow|[upkeep]\n|upkeep\n|turn|5\n|\n|t:|1683695427\n|switch|p2a: Ting-Lu|Ting-Lu, L50, tera:Poison|43\/100\n|-ability|p2a: Ting-Lu|Vessel of Ruin\n|move|p2b: Baxcalibur|Ice Shard|p1a: Flutter Mane\n|-damage|p1a: Flutter Mane|43\/100\n|move|p1b: Iron Bundle|Icy Wind|p2a: Ting-Lu|[spread] p2b\n|-miss|p1b: Iron Bundle|p2a: Ting-Lu\n|-damage|p2b: Baxcalibur|76\/100\n|move|p1a: Flutter Mane|Dazzling Gleam|p2b: Baxcalibur|[spread] p2a,p2b\n|-resisted|p2a: Ting-Lu\n|-supereffective|p2b: Baxcalibur\n|-damage|p2a: Ting-Lu|40\/100\n|-damage|p2b: Baxcalibur|42\/100\n|\n|-weather|Snow|[upkeep]\n|upkeep\n|turn|6\n|inactive|iStockphoto has 30 seconds left.\n|\n|t:|1683695452\n|move|p2b: Baxcalibur|Ice Shard|p1a: Flutter Mane\n|-damage|p1a: Flutter Mane|0 fnt\n|faint|p1a: Flutter Mane\n|-end|p1a: Flutter Mane|Protosynthesis|[silent]\n|move|p1b: Iron Bundle|Freeze-Dry|p2b: Baxcalibur\n|-damage|p2b: Baxcalibur|26\/100\n|move|p2a: Ting-Lu|Fissure|p1b: Iron Bundle|[miss]\n|-miss|p2a: Ting-Lu|p1b: Iron Bundle\n|\n|-weather|Snow|[upkeep]\n|upkeep\n|\n|t:|1683695461\n|switch|p1a: Iron Hands|Iron Hands, L50, tera:Ground|91\/100\n|turn|7\n|\n|t:|1683695475\n|move|p1b: Iron Bundle|Freeze-Dry|p2b: Baxcalibur\n|-damage|p2b: Baxcalibur|10\/100\n|move|p2b: Baxcalibur|Icicle Crash|p1a: Iron Hands|[miss]\n|-miss|p2b: Baxcalibur|p1a: Iron Hands\n|move|p1a: Iron Hands|Drain Punch|p2b: Baxcalibur\n|-supereffective|p2b: Baxcalibur\n|-damage|p2b: Baxcalibur|0 fnt\n|-heal|p1a: Iron Hands|95\/100|[from] drain|[of] p2b: Baxcalibur\n|faint|p2b: Baxcalibur\n|move|p2a: Ting-Lu|Stomping Tantrum|p1a: Iron Hands\n|-damage|p1a: Iron Hands|58\/100\n|\n|-weather|none\n|upkeep\n|c|\u2606iStockphoto|this kills the man\n|\n|t:|1683695491\n|switch|p2b: Abomasnow|Abomasnow, L50, F|90\/100\n|-weather|Snow|[from] ability: Snow Warning|[of] p2b: Abomasnow\n|turn|8\n|c|\u2606bigj009|im sorry for those misses\n|c|\u2606bigj009|that is very unlucky\n|inactive|iStockphoto has 30 seconds left.\n|\n|t:|1683695517\n|move|p1b: Iron Bundle|Icy Wind|p2b: Abomasnow|[spread] p2a,p2b\n|-crit|p2b: Abomasnow\n|-damage|p2a: Ting-Lu|36\/100\n|-damage|p2b: Abomasnow|75\/100\n|-unboost|p2a: Ting-Lu|spe|1\n|-unboost|p2b: Abomasnow|spe|1\n|move|p1a: Iron Hands|Earthquake|p2a: Ting-Lu|[spread] p1b,p2a,p2b\n|-supereffective|p2a: Ting-Lu\n|-resisted|p2b: Abomasnow\n|-damage|p1b: Iron Bundle|64\/100\n|-damage|p2a: Ting-Lu|4\/100\n|-damage|p2b: Abomasnow|64\/100\n|move|p2b: Abomasnow|Blizzard|p1b: Iron Bundle|[spread] p1a,p1b\n|-supereffective|p1a: Iron Hands\n|-resisted|p1b: Iron Bundle\n|-damage|p1a: Iron Hands|35\/100\n|-damage|p1b: Iron Bundle|54\/100\n|move|p2a: Ting-Lu|Fissure|p1b: Iron Bundle|[miss]\n|-miss|p2a: Ting-Lu|p1b: Iron Bundle\n|\n|-weather|Snow|[upkeep]\n|-sideend|p2: iStockphoto|move: Aurora Veil\n|upkeep\n|turn|9\n|\n|t:|1683695538\n|move|p1b: Iron Bundle|Freeze-Dry|p2a: Ting-Lu\n|-damage|p2a: Ting-Lu|0 fnt\n|faint|p2a: Ting-Lu\n|move|p1a: Iron Hands|Drain Punch|p2b: Abomasnow\n|-supereffective|p2b: Abomasnow\n|-damage|p2b: Abomasnow|0 fnt\n|-heal|p1a: Iron Hands|59\/100|[from] drain|[of] p2b: Abomasnow\n|faint|p2b: Abomasnow\n|\n|win|bigj009\n|raw|bigj009's rating: 1311 → 1327<\/strong> (+16 for winning)\n|raw|iStockphoto's rating: 1246 → 1226<\/strong> (-20 for losing)\n|c|\u2606iStockphoto|gg!\n","uploadtime":1683695552,"views":16,"p1id":"bigj009","p2id":"istockphoto","formatid":"gen9vgc2023regulationc","rating":1226,"private":0,"password":""}