{"id":"gen9vgc2023regulationc-1849330812","p1":"PSNOfficial","p2":"TheOrangeGrape","format":"[Gen 9] VGC 2023 Regulation C","log":"|j|\u2606PSNOfficial\n|j|\u2606TheOrangeGrape\n|t:|1682186672\n|gametype|doubles\n|player|p1|PSNOfficial|169|1289\n|player|p2|TheOrangeGrape|266|1285\n|teamsize|p1|6\n|teamsize|p2|6\n|gen|9\n|tier|[Gen 9] VGC 2023 Regulation C\n|rated|\n|rule|Species Clause: Limit one of each Pok\u00e9mon\n|rule|Item Clause: Limit one of each item\n|clearpoke\n|poke|p1|Ting-Lu, L50|\n|poke|p1|Klefki, L50, F|\n|poke|p1|Torkoal, L50, M|\n|poke|p1|Iron Hands, L50|\n|poke|p1|Flutter Mane, L50|\n|poke|p1|Brute Bonnet, L50|\n|poke|p2|Baxcalibur, L50, M|\n|poke|p2|Grimmsnarl, L50, M|\n|poke|p2|Azumarill, L50, M|\n|poke|p2|Chi-Yu, L50|\n|poke|p2|Salamence, L50, M|\n|poke|p2|Flutter Mane, L50|\n|teampreview|4\n|inactive|Battle timer is ON: inactive players will automatically lose when time's up. (requested by PSNOfficial)\n|\n|t:|1682186707\n|start\n|switch|p1a: Lu Ten|Ting-Lu, L50|100\/100\n|switch|p1b: Kile|Klefki, L50, F|100\/100\n|switch|p2a: Grimmsnarl|Grimmsnarl, L50, M|100\/100\n|switch|p2b: Baxcalibur|Baxcalibur, L50, M|100\/100\n|-ability|p1a: Lu Ten|Vessel of Ruin\n|turn|1\n|\n|t:|1682186723\n|-terastallize|p1a: Lu Ten|Fairy\n|move|p2a: Grimmsnarl|Fake Out|p1b: Kile\n|-resisted|p1b: Kile\n|-damage|p1b: Kile|94\/100\n|move|p2b: Baxcalibur|Dragon Dance|p2b: Baxcalibur\n|-boost|p2b: Baxcalibur|atk|1\n|-boost|p2b: Baxcalibur|spe|1\n|move|p1a: Lu Ten|Fissure|p2b: Baxcalibur|[miss]\n|-miss|p1a: Lu Ten|p2b: Baxcalibur\n|cant|p1b: Kile|flinch\n|\n|upkeep\n|turn|2\n|\n|t:|1682186742\n|move|p1b: Kile|Reflect|p1b: Kile\n|-sidestart|p1: PSNOfficial|Reflect\n|move|p2a: Grimmsnarl|Misty Terrain|p2a: Grimmsnarl\n|-fieldstart|move: Misty Terrain\n|move|p2b: Baxcalibur|Icicle Spear|p1a: Lu Ten\n|-damage|p1a: Lu Ten|92\/100\n|-damage|p1a: Lu Ten|84\/100\n|-damage|p1a: Lu Ten|76\/100\n|-damage|p1a: Lu Ten|68\/100\n|-hitcount|p1a: Lu Ten|4\n|move|p1a: Lu Ten|Stomping Tantrum|p2b: Baxcalibur\n|-damage|p2b: Baxcalibur|43\/100\n|\n|-heal|p1a: Lu Ten|74\/100|[from] item: Leftovers\n|upkeep\n|turn|3\n|\n|t:|1682186762\n|move|p2a: Grimmsnarl|Thunder Wave|p1b: Kile\n|-activate|p1b: Kile|move: Misty Terrain\n|move|p2b: Baxcalibur|Icicle Spear|p1a: Lu Ten\n|-damage|p1a: Lu Ten|66\/100\n|-damage|p1a: Lu Ten|59\/100\n|-damage|p1a: Lu Ten|51\/100\n|-damage|p1a: Lu Ten|43\/100\n|-damage|p1a: Lu Ten|35\/100\n|-hitcount|p1a: Lu Ten|5\n|move|p1a: Lu Ten|Fissure|p2b: Baxcalibur|[miss]\n|-miss|p1a: Lu Ten|p2b: Baxcalibur\n|move|p1b: Kile|Trick Room|p1b: Kile\n|-fieldstart|move: Trick Room|[of] p1b: Kile\n|\n|-heal|p1a: Lu Ten|41\/100|[from] item: Leftovers\n|upkeep\n|turn|4\n|\n|t:|1682186784\n|switch|p2a: Salamence|Salamence, L50, M|100\/100\n|-ability|p2a: Salamence|Intimidate|boost\n|-unboost|p1a: Lu Ten|atk|1\n|-unboost|p1b: Kile|atk|1\n|move|p2b: Baxcalibur|Protect|p2b: Baxcalibur\n|-singleturn|p2b: Baxcalibur|Protect\n|move|p1a: Lu Ten|Stomping Tantrum|p2b: Baxcalibur\n|-activate|p2b: Baxcalibur|move: Protect\n|move|p1b: Kile|Dazzling Gleam|p2a: Salamence|[spread] p2a\n|-activate|p2b: Baxcalibur|move: Protect\n|-supereffective|p2a: Salamence\n|-damage|p2a: Salamence|69\/100\n|\n|-heal|p1a: Lu Ten|47\/100|[from] item: Leftovers\n|upkeep\n|turn|5\n|\n|t:|1682186804\n|switch|p2b: Chi-Yu|Chi-Yu, L50|100\/100\n|-ability|p2b: Chi-Yu|Beads of Ruin\n|move|p1a: Lu Ten|Fissure|p2b: Chi-Yu\n|-damage|p2b: Chi-Yu|0 fnt\n|faint|p2b: Chi-Yu\n|-ohko\n|move|p1b: Kile|Dazzling Gleam|p2a: Salamence\n|-supereffective|p2a: Salamence\n|-damage|p2a: Salamence|22\/100\n|-enditem|p2a: Salamence|Sitrus Berry|[eat]\n|-heal|p2a: Salamence|46\/100|[from] item: Sitrus Berry\n|move|p2a: Salamence|Hydro Pump|p1a: Lu Ten|[miss]\n|-miss|p2a: Salamence|p1a: Lu Ten\n|\n|-heal|p1a: Lu Ten|53\/100|[from] item: Leftovers\n|upkeep\n|-message|TheOrangeGrape forfeited.\n|\n|win|PSNOfficial\n|raw|PSNOfficial's rating: 1289 → 1314<\/strong> (+25 for winning)\n|raw|TheOrangeGrape's rating: 1285 → 1260<\/strong> (-25 for losing)\n|l|\u2606TheOrangeGrape\n","uploadtime":1682186826,"views":6,"p1id":"psnofficial","p2id":"theorangegrape","formatid":"gen9vgc2023regulationc","rating":1260,"private":0,"password":""}