{"id":"gen9vgc2023regulationc-1857378418","p1":"Roden-AB","p2":"XJ09","format":"[Gen 9] VGC 2023 Regulation C","log":"|j|\u2606Roden-AB\n|j|\u2606XJ09\n|t:|1683183176\n|gametype|doubles\n|player|p1|Roden-AB|ingo|1229\n|player|p2|XJ09|cynthia|1335\n|teamsize|p1|6\n|teamsize|p2|6\n|gen|9\n|tier|[Gen 9] VGC 2023 Regulation C\n|rated|\n|rule|Species Clause: Limit one of each Pok\u00e9mon\n|rule|Item Clause: Limit one of each item\n|clearpoke\n|poke|p1|Salamence, L50, M|\n|poke|p1|Chien-Pao, L50|\n|poke|p1|Arcanine, L50, M|\n|poke|p1|Flutter Mane, L50|\n|poke|p1|Azumarill, L50, M|\n|poke|p1|Tsareena, L50, F|\n|poke|p2|Roaring Moon, L50|\n|poke|p2|Garganacl, L50, F|\n|poke|p2|Ting-Lu, L50|\n|poke|p2|Gyarados, L50, F|\n|poke|p2|Annihilape, L50, F|\n|poke|p2|Grimmsnarl, L50, M|\n|teampreview|4\n|inactive|Battle timer is ON: inactive players will automatically lose when time's up. (requested by XJ09)\n|\n|t:|1683183223\n|start\n|switch|p1a: Salamence|Salamence, L50, M|100\/100\n|switch|p1b: Chien-Pao|Chien-Pao, L50|100\/100\n|switch|p2a: Grimmsnarl|Grimmsnarl, L50, M|100\/100\n|switch|p2b: Annihilape|Annihilape, L50, F|100\/100\n|-ability|p1b: Chien-Pao|Sword of Ruin\n|-ability|p1a: Salamence|Intimidate|boost\n|-unboost|p2a: Grimmsnarl|atk|1\n|-unboost|p2b: Annihilape|atk|1\n|-ability|p2b: Annihilape|Defiant|boost\n|-boost|p2b: Annihilape|atk|2\n|-enditem|p1a: Salamence|Mirror Herb\n|-boost|p1a: Salamence|atk|2|[from] item: Mirror Herb\n|turn|1\n|\n|t:|1683183246\n|move|p2a: Grimmsnarl|Parting Shot|p1a: Salamence\n|-unboost|p1a: Salamence|atk|1\n|-unboost|p1a: Salamence|spa|1\n|\n|t:|1683183250\n|switch|p2a: Gyarados|Gyarados, L50, F|100\/100|[from] Parting Shot\n|-ability|p2a: Gyarados|Intimidate|boost\n|-unboost|p1a: Salamence|atk|1\n|-unboost|p1b: Chien-Pao|atk|1\n|move|p1b: Chien-Pao|Ice Spinner|p2a: Gyarados\n|-damage|p2a: Gyarados|47\/100\n|-damage|p1b: Chien-Pao|91\/100|[from] item: Life Orb\n|move|p1a: Salamence|Rock Slide|p2b: Annihilape|[spread] p2a,p2b\n|-supereffective|p2a: Gyarados\n|-resisted|p2b: Annihilape\n|-damage|p2a: Gyarados|0 fnt\n|-damage|p2b: Annihilape|85\/100\n|faint|p2a: Gyarados\n|move|p2b: Annihilape|Drain Punch|p1b: Chien-Pao\n|-supereffective|p1b: Chien-Pao\n|-damage|p1b: Chien-Pao|0 fnt\n|-heal|p2b: Annihilape|100\/100|[from] drain|[of] p1b: Chien-Pao\n|faint|p1b: Chien-Pao\n|\n|upkeep\n|\n|t:|1683183273\n|switch|p1b: Arcanine|Arcanine, L50, M|100\/100\n|switch|p2a: Grimmsnarl|Grimmsnarl, L50, M|100\/100\n|-ability|p1b: Arcanine|Intimidate|boost\n|-unboost|p2a: Grimmsnarl|atk|1\n|-unboost|p2b: Annihilape|atk|1\n|-ability|p2b: Annihilape|Defiant|boost\n|-boost|p2b: Annihilape|atk|2\n|turn|2\n|\n|t:|1683183292\n|move|p2a: Grimmsnarl|Thunder Wave|p1a: Salamence\n|-status|p1a: Salamence|par\n|move|p1b: Arcanine|Will-O-Wisp|p2b: Annihilape\n|-status|p2b: Annihilape|brn\n|move|p2b: Annihilape|Rage Fist|p1a: Salamence\n|-damage|p1a: Salamence|49\/100 par\n|move|p1a: Salamence|Rock Slide|p2b: Annihilape|[spread] p2a\n|-miss|p1a: Salamence|p2b: Annihilape\n|-damage|p2a: Grimmsnarl|80\/100\n|\n|-damage|p2b: Annihilape|94\/100 brn|[from] brn\n|upkeep\n|turn|3\n|\n|t:|1683183313\n|move|p2a: Grimmsnarl|Parting Shot|p1b: Arcanine\n|-unboost|p1b: Arcanine|atk|1\n|-unboost|p1b: Arcanine|spa|1\n|\n|t:|1683183317\n|switch|p2a: Garganacl|Garganacl, L50, F|100\/100|[from] Parting Shot\n|move|p1b: Arcanine|Flare Blitz|p2b: Annihilape\n|-damage|p2b: Annihilape|58\/100 brn\n|-damage|p1b: Arcanine|88\/100|[from] Recoil\n|move|p2b: Annihilape|Rage Fist|p1a: Salamence\n|-damage|p1a: Salamence|0 fnt\n|faint|p1a: Salamence\n|\n|-damage|p2b: Annihilape|52\/100 brn|[from] brn\n|upkeep\n|\n|t:|1683183323\n|switch|p1a: Flutter Mane|Flutter Mane, L50|100\/100\n|turn|4\n|\n|t:|1683183337\n|-terastallize|p1b: Arcanine|Water\n|move|p2b: Annihilape|Protect|p2b: Annihilape\n|-singleturn|p2b: Annihilape|Protect\n|move|p1a: Flutter Mane|Shadow Ball|p2b: Annihilape\n|-activate|p2b: Annihilape|move: Protect\n|move|p1b: Arcanine|Tera Blast|p2a: Garganacl\n|-supereffective|p2a: Garganacl\n|-damage|p2a: Garganacl|72\/100\n|move|p2a: Garganacl|Salt Cure|p1a: Flutter Mane\n|-damage|p1a: Flutter Mane|68\/100\n|-start|p1a: Flutter Mane|Salt Cure\n|\n|-heal|p2a: Garganacl|77\/100|[from] item: Leftovers\n|-damage|p2b: Annihilape|46\/100 brn|[from] brn\n|-damage|p1a: Flutter Mane|56\/100|[from] Salt Cure\n|upkeep\n|-enditem|p2b: Annihilape|Sitrus Berry|[eat]\n|-heal|p2b: Annihilape|71\/100 brn|[from] item: Sitrus Berry\n|turn|5\n|inactive|XJ09 has 30 seconds left.\n|\n|t:|1683183365\n|-terastallize|p2a: Garganacl|Flying\n|move|p1a: Flutter Mane|Moonblast|p2b: Annihilape\n|-supereffective|p2b: Annihilape\n|-damage|p2b: Annihilape|0 fnt\n|faint|p2b: Annihilape\n|move|p1b: Arcanine|Tera Blast|p2a: Garganacl\n|-damage|p2a: Garganacl|62\/100\n|move|p2a: Garganacl|Salt Cure|p1b: Arcanine\n|-damage|p1b: Arcanine|73\/100\n|-start|p1b: Arcanine|Salt Cure\n|\n|-heal|p2a: Garganacl|68\/100|[from] item: Leftovers\n|-damage|p1a: Flutter Mane|44\/100|[from] Salt Cure\n|-damage|p1b: Arcanine|48\/100|[from] Salt Cure\n|upkeep\n|\n|t:|1683183380\n|switch|p2b: Grimmsnarl|Grimmsnarl, L50, M|80\/100\n|turn|6\n|\n|t:|1683183390\n|move|p2b: Grimmsnarl|Trick|p1a: Flutter Mane\n|-activate|p2b: Grimmsnarl|move: Trick|[of] p1a: Flutter Mane\n|-item|p1a: Flutter Mane|Lagging Tail|[from] move: Trick\n|-item|p2b: Grimmsnarl|Focus Sash|[from] move: Trick\n|move|p1a: Flutter Mane|Moonblast|p2b: Grimmsnarl\n|-supereffective|p2b: Grimmsnarl\n|-damage|p2b: Grimmsnarl|0 fnt\n|faint|p2b: Grimmsnarl\n|move|p1b: Arcanine|Flare Blitz|p2a: Garganacl\n|-damage|p2a: Garganacl|46\/100\n|-damage|p1b: Arcanine|40\/100|[from] Recoil\n|move|p2a: Garganacl|Recover|p2a: Garganacl\n|-heal|p2a: Garganacl|96\/100\n|\n|-heal|p2a: Garganacl|100\/100|[from] item: Leftovers\n|-damage|p1a: Flutter Mane|31\/100|[from] Salt Cure\n|-damage|p1b: Arcanine|15\/100|[from] Salt Cure\n|upkeep\n|turn|7\n|\n|t:|1683183414\n|move|p2a: Garganacl|Protect|p2a: Garganacl\n|-singleturn|p2a: Garganacl|Protect\n|move|p1b: Arcanine|Flare Blitz|p2a: Garganacl\n|-activate|p2a: Garganacl|move: Protect\n|move|p1a: Flutter Mane|Moonblast|p2a: Garganacl\n|-activate|p2a: Garganacl|move: Protect\n|\n|-damage|p1a: Flutter Mane|19\/100|[from] Salt Cure\n|-damage|p1b: Arcanine|0 fnt|[from] Salt Cure\n|faint|p1b: Arcanine\n|upkeep\n|turn|8\n|-message|Roden-AB forfeited.\n|\n|win|XJ09\n|raw|Roden-AB's rating: 1229 → 1211<\/strong> (-18 for losing)\n|raw|XJ09's rating: 1335 → 1349<\/strong> (+14 for winning)\n|l|\u2606Roden-AB\n","uploadtime":1683183434,"views":5,"p1id":"rodenab","p2id":"xj09","formatid":"gen9vgc2023regulationc","rating":1211,"private":0,"password":""}