{"id":"gen9vgc2023regulationc-1856784369","p1":"SurpriseAttacks","p2":"Deadhead Omega","format":"[Gen 9] VGC 2023 Regulation C","log":"|j|\u2606SurpriseAttacks\n|j|\u2606Deadhead Omega\n|t:|1683110974\n|gametype|doubles\n|player|p1|SurpriseAttacks|gentleman-gen4|\n|player|p2|Deadhead Omega|benga|\n|teamsize|p1|6\n|teamsize|p2|6\n|gen|9\n|tier|[Gen 9] VGC 2023 Regulation C\n|rated|Tournament battle\n|rule|Species Clause: Limit one of each Pok\u00e9mon\n|rule|Item Clause: Limit one of each item\n|clearpoke\n|poke|p1|Baxcalibur, L50, M|\n|poke|p1|Brute Bonnet, L50|\n|poke|p1|Gyarados, L50, M|\n|poke|p1|Flutter Mane, L50|\n|poke|p1|Rotom-Heat, L50|\n|poke|p1|Garganacl, L50, F|\n|poke|p2|Chien-Pao, L50|\n|poke|p2|Dragonite, L50, M|\n|poke|p2|Amoonguss, L50, F|\n|poke|p2|Arcanine, L50, F|\n|poke|p2|Flutter Mane, L50|\n|poke|p2|Palafin, L50, M|\n|teampreview|4\nSurpriseAttacks has agreed to open team sheets.\nDeadhead Omega has agreed to open team sheets.\n|\n|t:|1683111084\n|start\n|switch|p1a: Garganacl|Garganacl, L50, F|100\/100\n|switch|p1b: Rotom|Rotom-Heat, L50|100\/100\n|switch|p2a: Flutter Mane|Flutter Mane, L50|100\/100\n|switch|p2b: Amoonguss|Amoonguss, L50, F|100\/100\n|turn|1\n|\n|t:|1683111111\n|-terastallize|p2a: Flutter Mane|Fairy\n|move|p1b: Rotom|Protect|p1b: Rotom\n|-singleturn|p1b: Rotom|Protect\n|move|p2a: Flutter Mane|Dazzling Gleam|p1a: Garganacl|[spread] p1a\n|-activate|p1b: Rotom|move: Protect\n|-damage|p1a: Garganacl|59\/100\n|move|p1a: Garganacl|Rock Slide|p2a: Flutter Mane|[spread] p2a,p2b\n|-damage|p2a: Flutter Mane|63\/100\n|-damage|p2b: Amoonguss|80\/100\n|move|p2b: Amoonguss|Pollen Puff|p2a: Flutter Mane\n|-heal|p2a: Flutter Mane|100\/100\n|\n|upkeep\n|turn|2\n|\n|t:|1683111148\n|move|p2a: Flutter Mane|Dazzling Gleam|p1b: Rotom|[spread] p1a,p1b\n|-resisted|p1b: Rotom\n|-damage|p1a: Garganacl|22\/100\n|-damage|p1b: Rotom|66\/100\n|move|p1b: Rotom|Nasty Plot|p1b: Rotom\n|-boost|p1b: Rotom|spa|2\n|move|p1a: Garganacl|Rock Slide|p2a: Flutter Mane|[spread] p2a,p2b\n|-damage|p2a: Flutter Mane|62\/100\n|-damage|p2b: Amoonguss|61\/100\n|move|p2b: Amoonguss|Pollen Puff|p2a: Flutter Mane\n|-heal|p2a: Flutter Mane|100\/100\n|\n|upkeep\n|turn|3\n|\n|t:|1683111182\n|switch|p1a: Gyarados|Gyarados, L50, M|100\/100\n|-ability|p1a: Gyarados|Intimidate|boost\n|-unboost|p2a: Flutter Mane|atk|1\n|-unboost|p2b: Amoonguss|atk|1\n|move|p2a: Flutter Mane|Dazzling Gleam|p1a: Gyarados|[spread] p1a,p1b\n|-resisted|p1b: Rotom\n|-damage|p1a: Gyarados|44\/100\n|-damage|p1b: Rotom|30\/100\n|-enditem|p1a: Gyarados|Sitrus Berry|[eat]\n|-heal|p1a: Gyarados|69\/100|[from] item: Sitrus Berry\n|move|p1b: Rotom|Overheat|p2a: Flutter Mane\n|-damage|p2a: Flutter Mane|0 fnt\n|-unboost|p1b: Rotom|spa|2\n|faint|p2a: Flutter Mane\n|-end|p2a: Flutter Mane|Protosynthesis|[silent]\n|move|p2b: Amoonguss|Clear Smog|p1b: Rotom\n|-damage|p1b: Rotom|13\/100\n|-clearboost|p1b: Rotom\n|\n|upkeep\n|\n|t:|1683111200\n|switch|p2a: Dragonite|Dragonite, L50, M|100\/100\n|turn|4\n|\n|t:|1683111208\n|switch|p1b: Garganacl|Garganacl, L50, F|22\/100\n|switch|p2b: Arcanine|Arcanine, L50, F|100\/100\n|-ability|p2b: Arcanine|Intimidate|boost\n|-unboost|p1a: Gyarados|atk|1\n|-unboost|p1b: Garganacl|atk|1\n|move|p1a: Gyarados|Thunder Wave|p2a: Dragonite\n|-status|p2a: Dragonite|par\n|move|p2a: Dragonite|Rock Slide|p1b: Garganacl|[spread] p1b\n|-miss|p2a: Dragonite|p1a: Gyarados\n|-damage|p1b: Garganacl|0 fnt\n|faint|p1b: Garganacl\n|\n|upkeep\n|\n|t:|1683111226\n|switch|p1b: Baxcalibur|Baxcalibur, L50, M|100\/100\n|turn|5\n|inactive|Battle timer is ON: inactive players will automatically lose when time's up. (requested by SurpriseAttacks)\n|\n|t:|1683111251\n|move|p2b: Arcanine|Flare Blitz|p1b: Baxcalibur\n|-damage|p1b: Baxcalibur|48\/100\n|-ability|p1b: Baxcalibur|Thermal Exchange|boost\n|-boost|p1b: Baxcalibur|atk|1\n|-damage|p2b: Arcanine|80\/100|[from] Recoil\n|move|p1b: Baxcalibur|Icicle Spear|p2a: Dragonite\n|-supereffective|p2a: Dragonite\n|-damage|p2a: Dragonite|44\/100 par\n|-supereffective|p2a: Dragonite\n|-damage|p2a: Dragonite|0 fnt\n|faint|p2a: Dragonite\n|-hitcount|p2: Dragonite|2\n|-damage|p1b: Baxcalibur|39\/100|[from] item: Life Orb\n|move|p1a: Gyarados|Thunder Wave|p2b: Arcanine\n|-status|p2b: Arcanine|par\n|\n|upkeep\n|\n|t:|1683111260\n|switch|p2a: Amoonguss|Amoonguss, L50, F|61\/100\n|turn|6\n|-message|Deadhead Omega forfeited.\n|\n|win|SurpriseAttacks\n|n|\u2606SurpriseAttacks|surpriseattacks\n|n|\u2606Deadhead Omega|deadheadomega\n|l|\u2606Deadhead Omega\n","uploadtime":1683111271,"views":7,"p1id":"surpriseattacks","p2id":"deadheadomega","formatid":"gen9vgc2023regulationc","rating":0,"private":0,"password":""}