{"id":"gen9vgc2023regulationc-1848945701","p1":"Royalpooppi","p2":"Kammala","format":"[Gen 9] VGC 2023 Regulation C","log":"|j|\u2606Royalpooppi\n|j|\u2606Kammala\n|t:|1682129524\n|gametype|doubles\n|player|p1|Royalpooppi|2|1370\n|player|p2|Kammala|102|1397\n|teamsize|p1|6\n|teamsize|p2|6\n|gen|9\n|tier|[Gen 9] VGC 2023 Regulation C\n|rated|\n|rule|Species Clause: Limit one of each Pok\u00e9mon\n|rule|Item Clause: Limit one of each item\n|clearpoke\n|poke|p1|Frosmoth, L50, M|\n|poke|p1|Abomasnow, L50, M|\n|poke|p1|Arcanine, L50, M|\n|poke|p1|Azumarill, L50, F|\n|poke|p1|Chien-Pao, L50|\n|poke|p1|Annihilape, L50, M|\n|poke|p2|Azumarill, L50, M|\n|poke|p2|Amoonguss, L50, F|\n|poke|p2|Tauros-Paldea-Blaze, L50, M|\n|poke|p2|Ting-Lu, L50|\n|poke|p2|Baxcalibur, L50, F|\n|poke|p2|Flutter Mane, L50|\n|teampreview|4\n|inactive|Battle timer is ON: inactive players will automatically lose when time's up. (requested by Kammala)\nKammala has agreed to open team sheets.\n|\n|t:|1682129553\n|start\n|switch|p1a: Frosmoth|Frosmoth, L50, M, shiny|100\/100\n|switch|p1b: Abomasnow|Abomasnow, L50, M, shiny|100\/100\n|switch|p2a: Flutter Mane|Flutter Mane, L50|100\/100\n|switch|p2b: Azumarill|Azumarill, L50, M|100\/100\n|-weather|Snow|[from] ability: Snow Warning|[of] p1b: Abomasnow\n|-enditem|p2a: Flutter Mane|Booster Energy\n|-activate|p2a: Flutter Mane|ability: Protosynthesis|[fromitem]\n|-start|p2a: Flutter Mane|protosynthesisspa\n|turn|1\n|\n|t:|1682129568\n|move|p2b: Azumarill|Aqua Jet|p1a: Frosmoth\n|-damage|p1a: Frosmoth|75\/100\n|move|p2a: Flutter Mane|Moonblast|p1b: Abomasnow\n|-damage|p1b: Abomasnow|20\/100\n|move|p1a: Frosmoth|Blizzard|p2a: Flutter Mane|[spread] p2a,p2b\n|-resisted|p2b: Azumarill\n|-damage|p2a: Flutter Mane|50\/100\n|-damage|p2b: Azumarill|85\/100\n|move|p1b: Abomasnow|Energy Ball|p2b: Azumarill\n|-supereffective|p2b: Azumarill\n|-damage|p2b: Azumarill|30\/100\n|\n|-weather|Snow|[upkeep]\n|upkeep\n|turn|2\n|\n|t:|1682129593\n|switch|p1b: Azumarill|Azumarill, L50, F, shiny|100\/100\n|move|p2b: Azumarill|Aqua Jet|p1a: Frosmoth\n|-damage|p1a: Frosmoth|47\/100\n|move|p2a: Flutter Mane|Dazzling Gleam|p1a: Frosmoth|[spread] p1a,p1b\n|-damage|p1a: Frosmoth|30\/100\n|-damage|p1b: Azumarill|55\/100\n|move|p1a: Frosmoth|Blizzard|p2b: Azumarill|[spread] p2a,p2b\n|-resisted|p2b: Azumarill\n|-damage|p2a: Flutter Mane|6\/100\n|-damage|p2b: Azumarill|14\/100\n|\n|-weather|Snow|[upkeep]\n|upkeep\n|turn|3\n|\n|t:|1682129609\n|move|p2a: Flutter Mane|Protect|p2a: Flutter Mane\n|-singleturn|p2a: Flutter Mane|Protect\n|move|p1b: Azumarill|Aqua Jet|p2a: Flutter Mane\n|-activate|p2a: Flutter Mane|move: Protect\n|move|p2b: Azumarill|Aqua Jet|p1a: Frosmoth\n|-damage|p1a: Frosmoth|4\/100\n|move|p1a: Frosmoth|Blizzard|p2b: Azumarill|[spread] p2b\n|-activate|p2a: Flutter Mane|move: Protect\n|-resisted|p2b: Azumarill\n|-damage|p2b: Azumarill|0 fnt\n|faint|p2b: Azumarill\n|\n|-weather|Snow|[upkeep]\n|upkeep\n|\n|t:|1682129628\n|switch|p2b: Tauros|Tauros-Paldea-Blaze, L50, M|100\/100\n|-ability|p2b: Tauros|Intimidate|boost\n|-unboost|p1a: Frosmoth|atk|1\n|-unboost|p1b: Azumarill|atk|1\n|turn|4\n|\n|t:|1682129639\n|-end|p2a: Flutter Mane|Protosynthesis|[silent]\n|switch|p2a: Ting-Lu|Ting-Lu, L50|100\/100\n|-ability|p2a: Ting-Lu|Vessel of Ruin\n|move|p2b: Tauros|Protect|p2b: Tauros\n|-singleturn|p2b: Tauros|Protect\n|move|p1b: Azumarill|Aqua Jet|p2a: Ting-Lu\n|-supereffective|p2a: Ting-Lu\n|-damage|p2a: Ting-Lu|72\/100\n|-damage|p1b: Azumarill|45\/100|[from] item: Life Orb\n|move|p1a: Frosmoth|Blizzard|p2b: Tauros|[spread] p2a\n|-activate|p2b: Tauros|move: Protect\n|-supereffective|p2a: Ting-Lu\n|-damage|p2a: Ting-Lu|20\/100\n|-status|p2a: Ting-Lu|frz\n|\n|-weather|Snow|[upkeep]\n|-heal|p2a: Ting-Lu|26\/100 frz|[from] item: Leftovers\n|upkeep\n|turn|5\n|\n|t:|1682129660\n|-curestatus|p2a: Ting-Lu|frz|[msg]\n|move|p2a: Ting-Lu|Protect|p2a: Ting-Lu\n|-singleturn|p2a: Ting-Lu|Protect\n|move|p1b: Azumarill|Aqua Jet|p2a: Ting-Lu\n|-activate|p2a: Ting-Lu|move: Protect\n|move|p2b: Tauros|Flare Blitz|p1a: Frosmoth\n|-supereffective|p1a: Frosmoth\n|-crit|p1a: Frosmoth\n|-damage|p1a: Frosmoth|0 fnt\n|faint|p1a: Frosmoth\n|-damage|p2b: Tauros|99\/100|[from] Recoil\n|\n|-weather|none\n|-heal|p2a: Ting-Lu|32\/100|[from] item: Leftovers\n|upkeep\n|\n|t:|1682129671\n|switch|p1a: Abomasnow|Abomasnow, L50, M, shiny|20\/100\n|-weather|Snow|[from] ability: Snow Warning|[of] p1a: Abomasnow\n|turn|6\n|\n|t:|1682129687\n|move|p2b: Tauros|Flare Blitz|p1a: Abomasnow\n|-supereffective|p1a: Abomasnow\n|-damage|p1a: Abomasnow|0 fnt\n|faint|p1a: Abomasnow\n|-damage|p2b: Tauros|92\/100|[from] Recoil\n|move|p1b: Azumarill|Liquidation|p2b: Tauros\n|-supereffective|p2b: Tauros\n|-damage|p2b: Tauros|2\/100\n|-damage|p1b: Azumarill|35\/100|[from] item: Life Orb\n|move|p2a: Ting-Lu|Stealth Rock|p1b: Azumarill\n|-sidestart|p1: Royalpooppi|move: Stealth Rock\n|\n|-weather|Snow|[upkeep]\n|-heal|p2a: Ting-Lu|38\/100|[from] item: Leftovers\n|upkeep\n|\n|t:|1682129696\n|switch|p1a: Chien-Pao|Chien-Pao, L50|100\/100\n|-damage|p1a: Chien-Pao|76\/100|[from] Stealth Rock\n|-ability|p1a: Chien-Pao|Sword of Ruin\n|turn|7\n|\n|t:|1682129712\n|-terastallize|p2a: Ting-Lu|Poison\n|move|p2b: Tauros|Protect|p2b: Tauros\n|-singleturn|p2b: Tauros|Protect\n|move|p1b: Azumarill|Aqua Jet|p2b: Tauros\n|-activate|p2b: Tauros|move: Protect\n|move|p1a: Chien-Pao|Ice Spinner|p2a: Ting-Lu\n|-damage|p2a: Ting-Lu|2\/100\n|move|p2a: Ting-Lu|Heavy Slam|p1a: Chien-Pao\n|-supereffective|p1a: Chien-Pao\n|-crit|p1a: Chien-Pao\n|-damage|p1a: Chien-Pao|0 fnt\n|faint|p1a: Chien-Pao\n|\n|-weather|Snow|[upkeep]\n|-heal|p2a: Ting-Lu|8\/100|[from] item: Leftovers\n|upkeep\n|turn|8\n|-message|Royalpooppi forfeited.\n|\n|win|Kammala\n|raw|Royalpooppi's rating: 1370 → 1352<\/strong> (-18 for losing)\n|raw|Kammala's rating: 1397 → 1415<\/strong> (+18 for winning)\n","uploadtime":1682129732,"views":31,"p1id":"royalpooppi","p2id":"kammala","formatid":"gen9vgc2023regulationc","rating":1352,"private":0,"password":""}