{"id":"gen9vgc2023regulationc-1849474017","p1":"panth413","p2":"guiso21","format":"[Gen 9] VGC 2023 Regulation C","log":"|j|\u2606panth413\n|j|\u2606guiso21\n|t:|1682202656\n|gametype|doubles\n|player|p1|panth413|169|1111\n|player|p2|guiso21|volkner|1006\n|teamsize|p1|6\n|teamsize|p2|6\n|gen|9\n|tier|[Gen 9] VGC 2023 Regulation C\n|rated|\n|rule|Species Clause: Limit one of each Pok\u00e9mon\n|rule|Item Clause: Limit one of each item\n|clearpoke\n|poke|p1|Tyranitar, L50, F|\n|poke|p1|Lycanroc, L50, F|\n|poke|p1|Houndstone, L50, F|\n|poke|p1|Garchomp, L50, F|\n|poke|p1|Iron Bundle, L50|\n|poke|p1|Talonflame, L50, M|\n|poke|p2|Chien-Pao, L50|\n|poke|p2|Mimikyu, L50, F|\n|poke|p2|Raichu, L50, M|\n|poke|p2|Gholdengo, L50|\n|poke|p2|Iron Moth, L50|\n|poke|p2|Rotom-Wash, L50|\n|teampreview|4\nguiso21 has agreed to open team sheets.\n|\n|t:|1682202707\n|start\n|switch|p1a: Talonflame|Talonflame, L50, M|100\/100\n|switch|p1b: Garchomp|Garchomp, L50, F|100\/100\n|switch|p2a: Rotom|Rotom-Wash, L50|100\/100\n|switch|p2b: Honda Civic|Raichu, L50, M|100\/100\n|turn|1\n|inactive|Battle timer is ON: inactive players will automatically lose when time's up. (requested by panth413)\n|inactive|guiso21 has 60 seconds left.\n|inactive|guiso21 has 30 seconds left.\n|inactive|guiso21 has 20 seconds left.\n|inactive|guiso21 has 15 seconds left.\n|inactive|guiso21 has 10 seconds left.\n|inactive|guiso21 has 5 seconds left.\n|\n|t:|1682202863\n|-terastallize|p1a: Talonflame|Ghost\n|move|p1a: Talonflame|Tailwind|p1a: Talonflame\n|-sidestart|p1: panth413|move: Tailwind\n|move|p1b: Garchomp|Dragon Claw|p2a: Rotom\n|-damage|p2a: Rotom|64\/100\n|move|p2b: Honda Civic|Brick Break|p1b: Garchomp\n|-damage|p1b: Garchomp|83\/100\n|-damage|p2b: Honda Civic|89\/100|[from] ability: Rough Skin|[of] p1b: Garchomp\n|move|p2a: Rotom|Tera Blast|p1b: Garchomp\n|-damage|p1b: Garchomp|62\/100\n|\n|upkeep\n|turn|2\n|inactive|guiso21 has 30 seconds left.\n|inactive|guiso21 has 20 seconds left.\n|inactive|guiso21 has 15 seconds left.\n|inactive|guiso21 has 10 seconds left.\n|inactive|guiso21 has 5 seconds left.\n|\n|t:|1682202918\n|move|p1a: Talonflame|Will-O-Wisp|p2b: Honda Civic\n|-status|p2b: Honda Civic|brn\n|move|p1b: Garchomp|Dragon Claw|p2a: Rotom\n|-damage|p2a: Rotom|21\/100\n|move|p2b: Honda Civic|Brick Break|p1b: Garchomp\n|-damage|p1b: Garchomp|53\/100\n|-damage|p2b: Honda Civic|77\/100 brn|[from] ability: Rough Skin|[of] p1b: Garchomp\n|move|p2a: Rotom|Tera Blast|p1a: Talonflame\n|-immune|p1a: Talonflame\n|\n|-damage|p2b: Honda Civic|71\/100 brn|[from] brn\n|upkeep\n|turn|3\n|inactive|guiso21 has 30 seconds left.\n|inactive|guiso21 has 20 seconds left.\n|inactive|guiso21 has 15 seconds left.\n|inactive|guiso21 has 10 seconds left.\n|inactive|guiso21 has 5 seconds left.\n|\n|t:|1682202973\n|move|p1a: Talonflame|Brave Bird|p2a: Rotom\n|-resisted|p2a: Rotom\n|-damage|p2a: Rotom|0 fnt\n|faint|p2a: Rotom\n|-damage|p1a: Talonflame|94\/100|[from] Recoil\n|move|p1b: Garchomp|Earthquake|p2b: Honda Civic|[spread] p1a,p2b\n|-supereffective|p2b: Honda Civic\n|-damage|p1a: Talonflame|40\/100\n|-damage|p2b: Honda Civic|0 fnt\n|faint|p2b: Honda Civic\n|\n|upkeep\n|inactive|guiso21 has 30 seconds left.\n|inactive|guiso21 has 20 seconds left.\n|inactive|guiso21 has 15 seconds left.\n|inactive|guiso21 has 10 seconds left.\n|inactive|guiso21 has 5 seconds left.\n|\n|t:|1682203028\n|switch|p2b: Iron Moth|Iron Moth, L50|100\/100\n|switch|p2a: Chien-Pao|Chien-Pao, L50|100\/100\n|-ability|p2a: Chien-Pao|Sword of Ruin\n|turn|4\n|inactive|guiso21 has 30 seconds left.\n|inactive|guiso21 has 20 seconds left.\n|inactive|guiso21 has 15 seconds left.\n|inactive|guiso21 has 10 seconds left.\n|inactive|guiso21 has 5 seconds left.\n|\n|t:|1682203083\n|move|p1a: Talonflame|Will-O-Wisp|p2a: Chien-Pao\n|-status|p2a: Chien-Pao|brn\n|move|p1b: Garchomp|Rock Slide|p2b: Iron Moth|[spread] p2a\n|-miss|p1b: Garchomp|p2b: Iron Moth\n|-supereffective|p2a: Chien-Pao\n|-damage|p2a: Chien-Pao|49\/100 brn\n|move|p2a: Chien-Pao|Ice Spinner|p1a: Talonflame\n|-damage|p1a: Talonflame|0 fnt\n|faint|p1a: Talonflame\n|move|p2b: Iron Moth|Heat Wave|p1b: Garchomp\n|-resisted|p1b: Garchomp\n|-damage|p1b: Garchomp|27\/100\n|-status|p1b: Garchomp|brn\n|\n|-damage|p1b: Garchomp|21\/100 brn|[from] brn\n|-damage|p2a: Chien-Pao|43\/100 brn|[from] brn\n|-sideend|p1: panth413|move: Tailwind\n|upkeep\n|\n|t:|1682203103\n|switch|p1a: Tyranitar|Tyranitar, L50, F|100\/100\n|-weather|Sandstorm|[from] ability: Sand Stream|[of] p1a: Tyranitar\n|turn|5\n|inactive|guiso21 has 30 seconds left.\n|inactive|guiso21 has 20 seconds left.\n|inactive|guiso21 has 15 seconds left.\n|inactive|guiso21 has 10 seconds left.\n|inactive|guiso21 has 5 seconds left.\n|\n|t:|1682203158\n|move|p2a: Chien-Pao|Ice Spinner|p1a: Tyranitar\n|-damage|p1a: Tyranitar|79\/100\n|move|p1b: Garchomp|Rock Slide|p2a: Chien-Pao|[spread] p2a\n|-miss|p1b: Garchomp|p2b: Iron Moth\n|-supereffective|p2a: Chien-Pao\n|-damage|p2a: Chien-Pao|16\/100 brn\n|move|p2b: Iron Moth|Heat Wave|p1a: Tyranitar|[spread] p1a\n|-miss|p2b: Iron Moth|p1b: Garchomp\n|-resisted|p1a: Tyranitar\n|-damage|p1a: Tyranitar|71\/100\n|move|p1a: Tyranitar|Rock Slide|p2a: Chien-Pao|[spread] p2b\n|-miss|p1a: Tyranitar|p2a: Chien-Pao\n|-supereffective|p2b: Iron Moth\n|-damage|p2b: Iron Moth|0 fnt\n|faint|p2b: Iron Moth\n|-end|p2b: Iron Moth|Quark Drive|[silent]\n|\n|-weather|Sandstorm|[upkeep]\n|-damage|p2a: Chien-Pao|10\/100 brn|[from] Sandstorm\n|-damage|p2a: Chien-Pao|4\/100 brn|[from] brn\n|-damage|p1b: Garchomp|15\/100 brn|[from] brn\n|upkeep\n|turn|6\n|inactive|panth413 has 30 seconds left.\n|inactive|guiso21 has 30 seconds left.\n|inactive|guiso21 has 20 seconds left.\n|inactive|guiso21 has 15 seconds left.\n|inactive|guiso21 has 10 seconds left.\n|inactive|guiso21 has 5 seconds left.\n|\n|t:|1682203213\n|move|p2a: Chien-Pao|Ice Spinner|p1b: Garchomp\n|-supereffective|p1b: Garchomp\n|-damage|p1b: Garchomp|0 fnt\n|-damage|p2a: Chien-Pao|0 fnt|[from] ability: Rough Skin|[of] p1b: Garchomp\n|faint|p1b: Garchomp\n|faint|p2a: Chien-Pao\n|\n|win|panth413\n|raw|panth413's rating: 1111 → 1129<\/strong> (+18 for winning)\n|raw|guiso21's rating: 1006 → 1000<\/strong> (-6 for losing)\n","uploadtime":1682203220,"views":6,"p1id":"panth413","p2id":"guiso21","formatid":"gen9vgc2023regulationc","rating":1000,"private":0,"password":""}