{"id":"gen9vgc2023regulationc-1847502896","p1":"Braix2570","p2":"mt_akn","format":"[Gen 9] VGC 2023 Regulation C","log":"|j|\u2606Braix2570\n|j|\u2606mt_akn\n|t:|1681963607\n|gametype|doubles\n|player|p1|Braix2570|dawn-gen4pt|1191\n|player|p2|mt_akn|hilbert|1229\n|teamsize|p1|6\n|teamsize|p2|6\n|gen|9\n|tier|[Gen 9] VGC 2023 Regulation C\n|rated|\n|rule|Species Clause: Limit one of each Pok\u00e9mon\n|rule|Item Clause: Limit one of each item\n|clearpoke\n|poke|p1|Chien-Pao, L50|\n|poke|p1|Dragapult, L50, F|\n|poke|p1|Flutter Mane, L50|\n|poke|p1|Amoonguss, L50, F|\n|poke|p1|Palafin, L50, M|\n|poke|p1|Arcanine, L50, M|\n|poke|p2|Tinkaton, L50, F|\n|poke|p2|Arcanine, L50, F|\n|poke|p2|Roaring Moon, L50|\n|poke|p2|Ting-Lu, L50|\n|poke|p2|Murkrow, L50, F|\n|poke|p2|Meowscarada, L50, M|\n|teampreview|4\n|inactive|Battle timer is ON: inactive players will automatically lose when time's up. (requested by Braix2570)\n|inactive|Braix2570 has 60 seconds left.\n|inactive|Braix2570 has 30 seconds left.\n|\n|t:|1681963675\n|start\n|switch|p1a: Palafin|Palafin, L50, M, shiny|100\/100\n|switch|p1b: Chien-Pao|Chien-Pao, L50|100\/100\n|switch|p2a: Tinkaton|Tinkaton, L50, F|100\/100\n|switch|p2b: Roaring Moon|Roaring Moon, L50|100\/100\n|-ability|p1b: Chien-Pao|Sword of Ruin\n|-ability|p2a: Tinkaton|Mold Breaker\n|-enditem|p2b: Roaring Moon|Booster Energy\n|-activate|p2b: Roaring Moon|ability: Protosynthesis|[fromitem]\n|-start|p2b: Roaring Moon|protosynthesisatk\n|turn|1\n|inactive|mt_akn has 30 seconds left.\n|\n|t:|1681963701\n|detailschange|p1a: Palafin|Palafin-Hero, L50, M, shiny\n|switch|p1a: Amoonguss|Amoonguss, L50, F|100\/100\n|move|p1b: Chien-Pao|Protect|p1b: Chien-Pao\n|-singleturn|p1b: Chien-Pao|Protect\n|move|p2a: Tinkaton|Fake Out|p1b: Chien-Pao\n|-activate|p1b: Chien-Pao|move: Protect\n|move|p2b: Roaring Moon|Iron Head|p1a: Amoonguss\n|-damage|p1a: Amoonguss|56\/100\n|\n|upkeep\n|turn|2\n|\n|t:|1681963725\n|move|p1a: Amoonguss|Rage Powder|p1a: Amoonguss\n|-singleturn|p1a: Amoonguss|move: Rage Powder\n|move|p1b: Chien-Pao|Sacred Sword|p2b: Roaring Moon\n|-supereffective|p2b: Roaring Moon\n|-damage|p2b: Roaring Moon|2\/100\n|move|p2b: Roaring Moon|Acrobatics|p1a: Amoonguss\n|-supereffective|p1a: Amoonguss\n|-damage|p1a: Amoonguss|0 fnt\n|faint|p1a: Amoonguss\n|move|p2a: Tinkaton|Gigaton Hammer|p1b: Chien-Pao\n|-supereffective|p1b: Chien-Pao\n|-enditem|p1b: Chien-Pao|Focus Sash\n|-damage|p1b: Chien-Pao|1\/100\n|\n|upkeep\n|\n|t:|1681963736\n|switch|p1a: Arcanine|Arcanine, L50, M|100\/100\n|-ability|p1a: Arcanine|Intimidate|boost\n|-unboost|p2a: Tinkaton|atk|1\n|-unboost|p2b: Roaring Moon|atk|1\n|turn|3\n|\n|t:|1681963758\n|-end|p2b: Roaring Moon|Protosynthesis|[silent]\n|switch|p2b: Ting-Lu|Ting-Lu, L50|100\/100\n|-ability|p2b: Ting-Lu|Vessel of Ruin\n|move|p1b: Chien-Pao|Protect|p1b: Chien-Pao\n|-singleturn|p1b: Chien-Pao|Protect\n|move|p2a: Tinkaton|Baby-Doll Eyes|p1b: Chien-Pao\n|-activate|p1b: Chien-Pao|move: Protect\n|move|p1a: Arcanine|Flare Blitz|p2a: Tinkaton\n|-supereffective|p2a: Tinkaton\n|-damage|p2a: Tinkaton|0 fnt\n|faint|p2a: Tinkaton\n|-damage|p1a: Arcanine|74\/100|[from] Recoil\n|\n|upkeep\n|\n|t:|1681963762\n|switch|p2a: Murkrow|Murkrow, L50, F|100\/100\n|turn|4\n|\n|t:|1681963787\n|-terastallize|p2b: Ting-Lu|Poison\n|move|p1b: Chien-Pao|Ice Spinner|p2b: Ting-Lu\n|-damage|p2b: Ting-Lu|73\/100\n|move|p1a: Arcanine|Flare Blitz|p2a: Murkrow\n|-damage|p2a: Murkrow|30\/100\n|-damage|p1a: Arcanine|57\/100|[from] Recoil\n|move|p2a: Murkrow|Foul Play|p1a: Arcanine\n|-damage|p1a: Arcanine|0 fnt\n|faint|p1a: Arcanine\n|move|p2b: Ting-Lu|Stomping Tantrum|p1b: Chien-Pao\n|-damage|p1b: Chien-Pao|0 fnt\n|faint|p1b: Chien-Pao\n|\n|upkeep\n|\n|t:|1681963805\n|switch|p1b: Palafin|Palafin-Hero, L50, M, shiny|100\/100\n|-activate|p1b: Palafin|ability: Zero to Hero\n|turn|5\n|\n|t:|1681963812\n|-terastallize|p1b: Palafin|Water\n|move|p1b: Palafin|Jet Punch|p2a: Murkrow\n|-damage|p2a: Murkrow|0 fnt\n|faint|p2a: Murkrow\n|move|p2b: Ting-Lu|Fissure|p1b: Palafin\n|-damage|p1b: Palafin|0 fnt\n|faint|p1b: Palafin\n|-ohko\n|\n|win|mt_akn\n|raw|Braix2570's rating: 1191 → 1169<\/strong> (-22 for losing)\n|raw|mt_akn's rating: 1229 → 1251<\/strong> (+22 for winning)\n|c|\u2606mt_akn|I hate fissure\n|c|\u2606Braix2570|dude\n|c|\u2606mt_akn|It feels dirty\n|c|\u2606Braix2570|first time I got hit\n|c|\u2606Braix2570|fissure\n|c|\u2606Braix2570|is nasty\n|c|\u2606mt_akn|Ban fissurw\n|c|\u2606mt_akn|Too op\n|c|\u2606Braix2570|lit\n|c|\u2606mt_akn|gg dude\n|c|\u2606Braix2570|gg man\n|c|\u2606mt_akn|Have a good day\n|l|\u2606mt_akn\n|c|\u2606Braix2570|u2 bro\n","uploadtime":1681963883,"views":5,"p1id":"braix2570","p2id":"mtakn","formatid":"gen9vgc2023regulationc","rating":1169,"private":0,"password":""}