{"id":"gen9vgc2023regulationc-1849506121","p1":"tealpens1","p2":"VicWeby","format":"[Gen 9] VGC 2023 Regulation C","log":"|j|\u2606tealpens1\n|j|\u2606VicWeby\n|t:|1682206580\n|gametype|doubles\n|player|p1|tealpens1|170|\n|player|p2|VicWeby|2|\n|teamsize|p1|6\n|teamsize|p2|6\n|gen|9\n|tier|[Gen 9] VGC 2023 Regulation C\n|rule|Species Clause: Limit one of each Pok\u00e9mon\n|rule|Item Clause: Limit one of each item\n|clearpoke\n|poke|p1|Tyranitar, L50, F|\n|poke|p1|Lycanroc, L50, F|\n|poke|p1|Maushold-Four, L50|\n|poke|p1|Annihilape, L50, F|\n|poke|p1|Ting-Lu, L50|\n|poke|p1|Flutter Mane, L50|\n|poke|p2|Arcanine, L50, F|\n|poke|p2|Palafin, L50, M|\n|poke|p2|Flutter Mane, L50|\n|poke|p2|Roaring Moon, L50|\n|poke|p2|Amoonguss, L50, M|\n|poke|p2|Ting-Lu, L50|\n|teampreview|4\n|\n|t:|1682206681\n|start\n|switch|p1a: Maushold|Maushold-Four, L50|100\/100\n|switch|p1b: Annihilape|Annihilape, L50, F|100\/100\n|switch|p2a: Palafin|Palafin, L50, M, shiny|100\/100\n|switch|p2b: Amoonguss|Amoonguss, L50, M|100\/100\n|turn|1\n|\n|t:|1682206716\n|move|p1a: Maushold|Follow Me|p1a: Maushold\n|-singleturn|p1a: Maushold|move: Follow Me\n|move|p1b: Annihilape|Bulk Up|p1b: Annihilape\n|-boost|p1b: Annihilape|atk|1\n|-boost|p1b: Annihilape|def|1\n|move|p2a: Palafin|Wave Crash|p1a: Maushold\n|-damage|p1a: Maushold|44\/100\n|-damage|p2a: Palafin|84\/100|[from] Recoil\n|move|p2b: Amoonguss|Spore|p1a: Maushold\n|-activate|p1a: Maushold|item: Safety Goggles|Spore\n|\n|upkeep\n|turn|2\n|\n|t:|1682206772\n|move|p2b: Amoonguss|Rage Powder|p2b: Amoonguss\n|-singleturn|p2b: Amoonguss|move: Rage Powder\n|move|p1a: Maushold|Beat Up|p1b: Annihilape\n|-damage|p1b: Annihilape|99\/100\n|-damage|p1b: Annihilape|97\/100\n|-damage|p1b: Annihilape|95\/100\n|-damage|p1b: Annihilape|93\/100\n|-hitcount|p1b: Annihilape|4\n|move|p2a: Palafin|Haze|p2a: Palafin\n|-clearallboost\n|move|p1b: Annihilape|Rage Fist|p2b: Amoonguss\n|-damage|p2b: Amoonguss|13\/100\n|-enditem|p2b: Amoonguss|Sitrus Berry|[eat]\n|-heal|p2b: Amoonguss|38\/100|[from] item: Sitrus Berry\n|\n|-heal|p1b: Annihilape|99\/100|[from] item: Leftovers\n|upkeep\n|turn|3\n|\n|t:|1682206824\n|move|p2b: Amoonguss|Protect|p2b: Amoonguss\n|-singleturn|p2b: Amoonguss|Protect\n|move|p2a: Palafin|Jet Punch|p1a: Maushold\n|-damage|p1a: Maushold|15\/100\n|move|p1a: Maushold|Beat Up|p1b: Annihilape\n|-damage|p1b: Annihilape|98\/100\n|-damage|p1b: Annihilape|95\/100\n|-damage|p1b: Annihilape|92\/100\n|-damage|p1b: Annihilape|89\/100\n|-hitcount|p1b: Annihilape|4\n|move|p1b: Annihilape|Rage Fist|p2a: Palafin\n|-damage|p2a: Palafin|0 fnt\n|faint|p2a: Palafin\n|\n|-heal|p1b: Annihilape|96\/100|[from] item: Leftovers\n|upkeep\n|\n|t:|1682206842\n|switch|p2a: Flutter Mane|Flutter Mane, L50|100\/100\n|turn|4\n|\n|t:|1682206921\n|switch|p2b: Roaring Moon|Roaring Moon, L50|100\/100\n|-enditem|p2b: Roaring Moon|Booster Energy\n|-activate|p2b: Roaring Moon|ability: Protosynthesis|[fromitem]\n|-start|p2b: Roaring Moon|protosynthesisspe\n|-terastallize|p1b: Annihilape|Fire\n|move|p1a: Maushold|Protect|p1a: Maushold\n|-singleturn|p1a: Maushold|Protect\n|move|p2a: Flutter Mane|Substitute|p2a: Flutter Mane\n|-start|p2a: Flutter Mane|Substitute\n|-damage|p2a: Flutter Mane|75\/100\n|move|p1b: Annihilape|Rage Fist|p2a: Flutter Mane\n|-supereffective|p2a: Flutter Mane\n|-end|p2a: Flutter Mane|Substitute\n|\n|-heal|p1b: Annihilape|100\/100|[from] item: Leftovers\n|upkeep\n|turn|5\n|\n|t:|1682207007\n|switch|p1a: Tyranitar|Tyranitar, L50, F|100\/100\n|-weather|Sandstorm|[from] ability: Sand Stream|[of] p1a: Tyranitar\n|move|p1b: Annihilape|Protect|p1b: Annihilape\n|-singleturn|p1b: Annihilape|Protect\n|move|p2b: Roaring Moon|Throat Chop|p1b: Annihilape\n|-activate|p1b: Annihilape|move: Protect\n|move|p2a: Flutter Mane|Moonblast|p1a: Tyranitar\n|-supereffective|p1a: Tyranitar\n|-damage|p1a: Tyranitar|50\/100\n|-unboost|p1a: Tyranitar|spa|1\n|-damage|p2a: Flutter Mane|66\/100|[from] item: Life Orb\n|\n|-weather|Sandstorm|[upkeep]\n|-damage|p2b: Roaring Moon|94\/100|[from] Sandstorm\n|-damage|p2a: Flutter Mane|60\/100|[from] Sandstorm\n|-damage|p1b: Annihilape|94\/100|[from] Sandstorm\n|-heal|p1b: Annihilape|100\/100|[from] item: Leftovers\n|upkeep\n|turn|6\n|\n|t:|1682207069\n|-end|p2a: Flutter Mane|Protosynthesis|[silent]\n|switch|p2a: Amoonguss|Amoonguss, L50, M|71\/100\n|move|p2b: Roaring Moon|Protect|p2b: Roaring Moon\n|-singleturn|p2b: Roaring Moon|Protect\n|move|p1b: Annihilape|Drain Punch|p2b: Roaring Moon\n|-activate|p2b: Roaring Moon|move: Protect\n|move|p1a: Tyranitar|Crunch|p2a: Amoonguss\n|-damage|p2a: Amoonguss|31\/100\n|\n|-weather|Sandstorm|[upkeep]\n|-damage|p2b: Roaring Moon|88\/100|[from] Sandstorm\n|-damage|p1b: Annihilape|94\/100|[from] Sandstorm\n|-damage|p2a: Amoonguss|25\/100|[from] Sandstorm\n|-heal|p1b: Annihilape|100\/100|[from] item: Leftovers\n|upkeep\n|turn|7\n|\n|t:|1682207146\n|move|p1b: Annihilape|Protect|p1b: Annihilape\n|-singleturn|p1b: Annihilape|Protect\n|move|p2b: Roaring Moon|Throat Chop|p1b: Annihilape\n|-activate|p1b: Annihilape|move: Protect\n|move|p1a: Tyranitar|Ice Punch|p2a: Amoonguss\n|-supereffective|p2a: Amoonguss\n|-damage|p2a: Amoonguss|0 fnt\n|faint|p2a: Amoonguss\n|\n|-weather|Sandstorm|[upkeep]\n|-damage|p2b: Roaring Moon|82\/100|[from] Sandstorm\n|-damage|p1b: Annihilape|94\/100|[from] Sandstorm\n|-heal|p1b: Annihilape|100\/100|[from] item: Leftovers\n|upkeep\n|\n|t:|1682207160\n|switch|p2a: Flutter Mane|Flutter Mane, L50|60\/100\n|turn|8\n|\n|t:|1682207206\n|move|p2b: Roaring Moon|Throat Chop|p1b: Annihilape\n|-damage|p1b: Annihilape|60\/100\n|-start|p1b: Annihilape|Throat Chop|[silent]\n|move|p2a: Flutter Mane|Moonblast|p1a: Tyranitar\n|-supereffective|p1a: Tyranitar\n|-damage|p1a: Tyranitar|0 fnt\n|faint|p1a: Tyranitar\n|-damage|p2a: Flutter Mane|50\/100|[from] item: Life Orb\n|move|p1b: Annihilape|Drain Punch|p2b: Roaring Moon\n|-supereffective|p2b: Roaring Moon\n|-damage|p2b: Roaring Moon|4\/100\n|-heal|p1b: Annihilape|96\/100|[from] drain|[of] p2b: Roaring Moon\n|\n|-weather|Sandstorm|[upkeep]\n|-damage|p2b: Roaring Moon|0 fnt|[from] Sandstorm\n|-damage|p2a: Flutter Mane|44\/100|[from] Sandstorm\n|-damage|p1b: Annihilape|90\/100|[from] Sandstorm\n|faint|p2b: Roaring Moon\n|-end|p2b: Roaring Moon|Protosynthesis|[silent]\n|-heal|p1b: Annihilape|96\/100|[from] item: Leftovers\n|upkeep\n|\n|t:|1682207223\n|switch|p1a: Lycanroc|Lycanroc, L50, F|100\/100\n|turn|9\n|\n|t:|1682207255\n|move|p1a: Lycanroc|Howl|p1a: Lycanroc|[spread] p1a,p1b\n|-boost|p1a: Lycanroc|atk|1\n|-boost|p1b: Annihilape|atk|1\n|move|p2a: Flutter Mane|Shadow Ball|p1b: Annihilape\n|-damage|p1b: Annihilape|54\/100\n|-damage|p2a: Flutter Mane|34\/100|[from] item: Life Orb\n|move|p1b: Annihilape|Rage Fist|p2a: Flutter Mane\n|-supereffective|p2a: Flutter Mane\n|-damage|p2a: Flutter Mane|0 fnt\n|faint|p2a: Flutter Mane\n|-end|p2a: Flutter Mane|Protosynthesis|[silent]\n|\n|win|tealpens1\n","uploadtime":1682207267,"views":3,"p1id":"tealpens1","p2id":"vicweby","formatid":"gen9vgc2023regulationc","rating":0,"private":0,"password":""}