{"id":"gen9vgc2023regulationc-1861543280","p1":"Zardycoolers","p2":"Croagunk88","format":"[Gen 9] VGC 2023 Regulation C","log":"|j|\u2606Zardycoolers\n|j|\u2606Croagunk88\n|t:|1683771025\n|gametype|doubles\n|player|p1|Zardycoolers|266|1146\n|player|p2|Croagunk88|101|1200\n|teamsize|p1|6\n|teamsize|p2|6\n|gen|9\n|tier|[Gen 9] VGC 2023 Regulation C\n|rated|\n|rule|Species Clause: Limit one of each Pok\u00e9mon\n|rule|Item Clause: Limit one of each item\n|clearpoke\n|poke|p1|Iron Bundle, L50|\n|poke|p1|Chi-Yu, L50|\n|poke|p1|Ceruledge, L50, M|\n|poke|p1|Indeedee-F, L50, F|\n|poke|p1|Iron Hands, L50|\n|poke|p1|Armarouge, L50, F|\n|poke|p2|Jumpluff, L50, F|\n|poke|p2|Torkoal, L50, F|\n|poke|p2|Great Tusk, L50|\n|poke|p2|Tyranitar, L50, F|\n|poke|p2|Flutter Mane, L50|\n|poke|p2|Brute Bonnet, L50|\n|teampreview|4\n|\n|t:|1683771073\n|start\n|switch|p1a: Armarouge|Armarouge, L50, F|100\/100\n|switch|p1b: Indeedee|Indeedee-F, L50, F|100\/100\n|switch|p2a: Jumpluff|Jumpluff, L50, F|100\/100\n|switch|p2b: Torkoal|Torkoal, L50, F|100\/100\n|-fieldstart|move: Psychic Terrain|[from] ability: Psychic Surge|[of] p1b: Indeedee\n|-enditem|p1b: Indeedee|Psychic Seed\n|-boost|p1b: Indeedee|spd|1|[from] item: Psychic Seed\n|-weather|SunnyDay|[from] ability: Drought|[of] p2b: Torkoal\n|turn|1\n|\n|t:|1683771094\n|move|p2a: Jumpluff|Tailwind|p2a: Jumpluff\n|-sidestart|p2: Croagunk88|move: Tailwind\n|move|p1a: Armarouge|Expanding Force|p2b: Torkoal|[spread] p2a,p2b\n|-damage|p2a: Jumpluff|26\/100\n|-damage|p2b: Torkoal|33\/100\n|move|p2b: Torkoal|Overheat|p1b: Indeedee|[miss]\n|-miss|p2b: Torkoal|p1b: Indeedee\n|move|p1b: Indeedee|Trick Room|p1b: Indeedee\n|-fieldstart|move: Trick Room|[of] p1b: Indeedee\n|\n|-weather|SunnyDay|[upkeep]\n|upkeep\n|turn|2\n|\n|t:|1683771157\n|move|p1b: Indeedee|Helping Hand|p1a: Armarouge\n|-singleturn|p1a: Armarouge|Helping Hand|[of] p1b: Indeedee\n|move|p2b: Torkoal|Fissure|p1a: Armarouge|[miss]\n|-miss|p2b: Torkoal|p1a: Armarouge\n|move|p1a: Armarouge|Expanding Force|p2a: Jumpluff|[spread] p2a,p2b\n|-damage|p2a: Jumpluff|0 fnt\n|-damage|p2b: Torkoal|0 fnt\n|faint|p2a: Jumpluff\n|faint|p2b: Torkoal\n|\n|-weather|SunnyDay|[upkeep]\n|upkeep\n|\n|t:|1683771180\n|switch|p2b: Flutter Mane|Flutter Mane, L50|100\/100\n|switch|p2a: Great Tusk|Great Tusk, L50|100\/100\n|-activate|p2b: Flutter Mane|ability: Protosynthesis\n|-start|p2b: Flutter Mane|protosynthesisspa\n|-activate|p2a: Great Tusk|ability: Protosynthesis\n|-start|p2a: Great Tusk|protosynthesisatk\n|turn|3\n|\n|t:|1683771205\n|-terastallize|p2a: Great Tusk|Steel\n|move|p1b: Indeedee|Helping Hand|p1a: Armarouge\n|-singleturn|p1a: Armarouge|Helping Hand|[of] p1b: Indeedee\n|move|p2b: Flutter Mane|Protect|p2b: Flutter Mane\n|-singleturn|p2b: Flutter Mane|Protect\n|move|p1a: Armarouge|Expanding Force|p2b: Flutter Mane|[spread] p2a\n|-activate|p2b: Flutter Mane|move: Protect\n|-resisted|p2a: Great Tusk\n|-damage|p2a: Great Tusk|27\/100\n|move|p2a: Great Tusk|Headlong Rush|p1a: Armarouge\n|-supereffective|p1a: Armarouge\n|-damage|p1a: Armarouge|0 fnt\n|-unboost|p2a: Great Tusk|def|1\n|-unboost|p2a: Great Tusk|spd|1\n|faint|p1a: Armarouge\n|\n|-weather|SunnyDay|[upkeep]\n|upkeep\n|\n|t:|1683771225\n|switch|p1a: Iron Hands|Iron Hands, L50|100\/100\n|turn|4\n|\n|t:|1683771276\n|move|p1b: Indeedee|Follow Me|p1b: Indeedee\n|-singleturn|p1b: Indeedee|move: Follow Me\n|move|p1a: Iron Hands|Drain Punch|p2a: Great Tusk\n|-supereffective|p2a: Great Tusk\n|-damage|p2a: Great Tusk|0 fnt\n|faint|p2a: Great Tusk\n|-end|p2a: Great Tusk|Protosynthesis|[silent]\n|move|p2b: Flutter Mane|Dazzling Gleam|p1a: Iron Hands|[spread] p1a,p1b\n|-supereffective|p1a: Iron Hands\n|-damage|p1a: Iron Hands|11\/100\n|-damage|p1b: Indeedee|67\/100\n|-damage|p2b: Flutter Mane|91\/100|[from] item: Life Orb\n|\n|-weather|SunnyDay|[upkeep]\n|-sideend|p2: Croagunk88|move: Tailwind\n|upkeep\n|turn|5\n|\n|t:|1683771305\n|move|p2b: Flutter Mane|Protect|p2b: Flutter Mane\n|-singleturn|p2b: Flutter Mane|Protect\n|move|p1a: Iron Hands|Thunder Punch|p2b: Flutter Mane\n|-activate|p2b: Flutter Mane|move: Protect\n|move|p1b: Indeedee|Psychic|p2b: Flutter Mane\n|-activate|p2b: Flutter Mane|move: Protect\n|\n|-weather|none\n|-end|p2b: Flutter Mane|Protosynthesis\n|-fieldend|move: Trick Room\n|-fieldend|move: Psychic Terrain\n|upkeep\n|turn|6\n|\n|t:|1683771317\n|move|p2b: Flutter Mane|Dazzling Gleam|p1a: Iron Hands|[spread] p1a,p1b\n|-supereffective|p1a: Iron Hands\n|-damage|p1a: Iron Hands|0 fnt\n|-damage|p1b: Indeedee|42\/100\n|faint|p1a: Iron Hands\n|-end|p1a: Iron Hands|Quark Drive|[silent]\n|-damage|p2b: Flutter Mane|81\/100|[from] item: Life Orb\n|move|p1b: Indeedee|Trick Room|p1b: Indeedee\n|-fieldstart|move: Trick Room|[of] p1b: Indeedee\n|\n|upkeep\n|\n|t:|1683771325\n|switch|p1a: Chi-Yu|Chi-Yu, L50|100\/100\n|-ability|p1a: Chi-Yu|Beads of Ruin\n|turn|7\n|\n|t:|1683771337\n|move|p1b: Indeedee|Helping Hand|p1a: Chi-Yu\n|-singleturn|p1a: Chi-Yu|Helping Hand|[of] p1b: Indeedee\n|move|p1a: Chi-Yu|Heat Wave|p2b: Flutter Mane\n|-damage|p2b: Flutter Mane|0 fnt\n|faint|p2b: Flutter Mane\n|-end|p2b: Flutter Mane|Protosynthesis|[silent]\n|-damage|p1a: Chi-Yu|91\/100|[from] item: Life Orb\n|\n|win|Zardycoolers\n|raw|Zardycoolers's rating: 1146 → 1175<\/strong> (+29 for winning)\n|raw|Croagunk88's rating: 1200 → 1171<\/strong> (-29 for losing)\n|l|\u2606Zardycoolers\n|l|\u2606Croagunk88\n|j|\u2606Zardycoolers\n|player|p1|Zardycoolers|266\n","uploadtime":1683771348,"views":16,"p1id":"zardycoolers","p2id":"croagunk88","formatid":"gen9vgc2023regulationc","rating":1171,"private":0,"password":""}