{"id":"gen9vgc2023regulationc-1845880138","p1":"Crest of Thunders","p2":"Ianne Wildfyre","format":"[Gen 9] VGC 2023 Regulation C","log":"|j|\u2606Crest of Thunders\n|j|\u2606Ianne Wildfyre\n|t:|1681774691\n|gametype|doubles\n|player|p1|Crest of Thunders|barry|1288\n|player|p2|Ianne Wildfyre|ingo|1354\n|teamsize|p1|6\n|teamsize|p2|6\n|gen|9\n|tier|[Gen 9] VGC 2023 Regulation C\n|rated|\n|rule|Species Clause: Limit one of each Pok\u00e9mon\n|rule|Item Clause: Limit one of each item\n|clearpoke\n|poke|p1|Iron Hands, L50|\n|poke|p1|Arcanine, L50, M|\n|poke|p1|Ting-Lu, L50|\n|poke|p1|Flutter Mane, L50|\n|poke|p1|Iron Bundle, L50|\n|poke|p1|Amoonguss, L50, F|\n|poke|p2|Iron Bundle, L50|\n|poke|p2|Great Tusk, L50|\n|poke|p2|Murkrow, L50, M|\n|poke|p2|Flutter Mane, L50|\n|poke|p2|Chi-Yu, L50|\n|poke|p2|Dragonite, L50, M|\n|teampreview|4\n|c|\u2606Crest of Thunders|glhf\nCrest of Thunders has agreed to open team sheets.\n|inactive|Battle timer is ON: inactive players will automatically lose when time's up. (requested by Crest of Thunders)\n|inactive|Crest of Thunders has 60 seconds left.\n|\n|t:|1681774736\n|start\n|switch|p1a: Gravestone|Flutter Mane, L50, shiny|100\/100\n|switch|p1b: 5A1NT_N1K|Iron Bundle, L50|100\/100\n|switch|p2a: Chi-Yu|Chi-Yu, L50|100\/100\n|switch|p2b: Iron Bundle|Iron Bundle, L50|100\/100\n|-ability|p2a: Chi-Yu|Beads of Ruin\n|-enditem|p1b: 5A1NT_N1K|Booster Energy\n|-activate|p1b: 5A1NT_N1K|ability: Quark Drive|[fromitem]\n|-start|p1b: 5A1NT_N1K|quarkdrivespe\n|-enditem|p2b: Iron Bundle|Booster Energy\n|-activate|p2b: Iron Bundle|ability: Quark Drive|[fromitem]\n|-start|p2b: Iron Bundle|quarkdrivespe\n|turn|1\n|inactive|Crest of Thunders has 30 seconds left.\n|inactive|Ianne Wildfyre has 30 seconds left.\n|inactive|Crest of Thunders has 20 seconds left.\n|inactive|Ianne Wildfyre has 20 seconds left.\n|inactive|Ianne Wildfyre has 15 seconds left.\n|inactive|Ianne Wildfyre has 10 seconds left.\n|\n|t:|1681774783\n|-terastallize|p2a: Chi-Yu|Grass\n|-terastallize|p1a: Gravestone|Water\n|move|p1b: 5A1NT_N1K|Icy Wind|p2a: Chi-Yu|[spread] p2a,p2b\n|-supereffective|p2a: Chi-Yu\n|-resisted|p2b: Iron Bundle\n|-damage|p2a: Chi-Yu|53\/100\n|-damage|p2b: Iron Bundle|87\/100\n|-unboost|p2a: Chi-Yu|spe|1\n|-unboost|p2b: Iron Bundle|spe|1\n|move|p2b: Iron Bundle|Icy Wind|p1a: Gravestone|[spread] p1a,p1b\n|-resisted|p1a: Gravestone\n|-resisted|p1b: 5A1NT_N1K\n|-damage|p1a: Gravestone|88\/100\n|-damage|p1b: 5A1NT_N1K|88\/100\n|-unboost|p1a: Gravestone|spe|1\n|-unboost|p1b: 5A1NT_N1K|spe|1\n|move|p2a: Chi-Yu|Overheat|p1a: Gravestone\n|-resisted|p1a: Gravestone\n|-damage|p1a: Gravestone|45\/100\n|-unboost|p2a: Chi-Yu|spa|2\n|move|p1a: Gravestone|Moonblast|p2b: Iron Bundle\n|-damage|p2b: Iron Bundle|0 fnt\n|faint|p2b: Iron Bundle\n|-end|p2b: Iron Bundle|Quark Drive|[silent]\n|-damage|p1a: Gravestone|35\/100|[from] item: Life Orb\n|\n|upkeep\n|\n|t:|1681774806\n|switch|p2b: Dragonite|Dragonite, L50, M|100\/100\n|turn|2\n|\n|t:|1681774818\n|switch|p2a: Great Tusk|Great Tusk, L50|100\/100\n|move|p1a: Gravestone|Protect|p1a: Gravestone\n|-singleturn|p1a: Gravestone|Protect\n|move|p2b: Dragonite|Extreme Speed|p1a: Gravestone\n|-activate|p1a: Gravestone|move: Protect\n|move|p1b: 5A1NT_N1K|Icy Wind|p2b: Dragonite|[spread] p2a,p2b\n|-supereffective|p2a: Great Tusk\n|-supereffective|p2b: Dragonite\n|-damage|p2a: Great Tusk|37\/100\n|-damage|p2b: Dragonite|75\/100\n|-unboost|p2a: Great Tusk|spe|1\n|-unboost|p2b: Dragonite|spe|1\n|\n|upkeep\n|turn|3\n|\n|t:|1681774838\n|-end|p1a: Gravestone|Protosynthesis|[silent]\n|switch|p1a: Mellow|Amoonguss, L50, F|100\/100\n|move|p2a: Great Tusk|Protect|p2a: Great Tusk\n|-singleturn|p2a: Great Tusk|Protect\n|move|p2b: Dragonite|Extreme Speed|p1a: Mellow\n|-damage|p1a: Mellow|73\/100\n|move|p1b: 5A1NT_N1K|Icy Wind|p2a: Great Tusk|[spread] p2b\n|-activate|p2a: Great Tusk|move: Protect\n|-supereffective|p2b: Dragonite\n|-damage|p2b: Dragonite|23\/100\n|-unboost|p2b: Dragonite|spe|1\n|\n|upkeep\n|turn|4\n|\n|t:|1681774859\n|move|p2b: Dragonite|Extreme Speed|p1b: 5A1NT_N1K\n|-damage|p1b: 5A1NT_N1K|49\/100\n|move|p1b: 5A1NT_N1K|Freeze-Dry|p2a: Great Tusk\n|-supereffective|p2a: Great Tusk\n|-damage|p2a: Great Tusk|0 fnt\n|faint|p2a: Great Tusk\n|-end|p2a: Great Tusk|Protosynthesis|[silent]\n|move|p1a: Mellow|Pollen Puff|p1b: 5A1NT_N1K\n|-heal|p1b: 5A1NT_N1K|99\/100\n|\n|upkeep\n|\n|t:|1681774865\n|switch|p2a: Chi-Yu|Chi-Yu, L50, tera:Grass|53\/100\n|-ability|p2a: Chi-Yu|Beads of Ruin\n|turn|5\n|\n|t:|1681774889\n|move|p2b: Dragonite|Extreme Speed|p1b: 5A1NT_N1K\n|-damage|p1b: 5A1NT_N1K|61\/100\n|move|p2a: Chi-Yu|Heat Wave|p1a: Mellow|[spread] p1a,p1b\n|-supereffective|p1a: Mellow\n|-damage|p1a: Mellow|0 fnt\n|-damage|p1b: 5A1NT_N1K|0 fnt\n|faint|p1a: Mellow\n|faint|p1b: 5A1NT_N1K\n|-end|p1b: 5A1NT_N1K|Quark Drive|[silent]\n|\n|upkeep\n|\n|t:|1681774895\n|switch|p1b: Gravestone|Flutter Mane, L50, shiny, tera:Water|35\/100\n|switch|p1a: Claude|Ting-Lu, L50|100\/100\n|-ability|p1a: Claude|Vessel of Ruin\n|turn|6\n|inactive|Crest of Thunders has 30 seconds left.\n|\n|t:|1681774923\n|move|p1b: Gravestone|Protect|p1b: Gravestone\n|-singleturn|p1b: Gravestone|Protect\n|move|p2b: Dragonite|Extreme Speed|p1b: Gravestone\n|-activate|p1b: Gravestone|move: Protect\n|move|p2a: Chi-Yu|Heat Wave|p1a: Claude|[spread] p1a\n|-activate|p1b: Gravestone|move: Protect\n|-damage|p1a: Claude|83\/100\n|move|p1a: Claude|Heavy Slam|p2b: Dragonite\n|-damage|p2b: Dragonite|0 fnt\n|faint|p2b: Dragonite\n|\n|upkeep\n|turn|7\n|\n|t:|1681774939\n|move|p2a: Chi-Yu|Heat Wave|p1a: Claude|[spread] p1a,p1b\n|-resisted|p1b: Gravestone\n|-damage|p1a: Claude|66\/100\n|-damage|p1b: Gravestone|19\/100\n|-status|p1b: Gravestone|brn\n|move|p1b: Gravestone|Moonblast|p2a: Chi-Yu\n|-damage|p2a: Chi-Yu|0 fnt\n|faint|p2a: Chi-Yu\n|-damage|p1b: Gravestone|10\/100 brn|[from] item: Life Orb\n|\n|win|Crest of Thunders\n|raw|Crest of Thunders's rating: 1288 → 1318<\/strong> (+30 for winning)\n|raw|Ianne Wildfyre's rating: 1354 → 1330<\/strong> (-24 for losing)\n|c|\u2606Crest of Thunders|gg\n|l|\u2606Ianne Wildfyre\n","uploadtime":1681774951,"views":14,"p1id":"crestofthunders","p2id":"iannewildfyre","formatid":"gen9vgc2023regulationc","rating":1318,"private":0,"password":""}