{"id":"gen9vgc2023regulationc-1863457345","p1":"mnky6","p2":"RIPTheDollarMenu","format":"[Gen 9] VGC 2023 Regulation C","log":"|j|\u2606mnky6\n|j|\u2606RIPTheDollarMenu\n|t:|1684019833\n|gametype|doubles\n|player|p1|mnky6|102|1356\n|player|p2|RIPTheDollarMenu|waiter-gen4|1340\n|teamsize|p1|6\n|teamsize|p2|6\n|gen|9\n|tier|[Gen 9] VGC 2023 Regulation C\n|rated|\n|rule|Species Clause: Limit one of each Pok\u00e9mon\n|rule|Item Clause: Limit one of each item\n|clearpoke\n|poke|p1|Palafin, L50, M|\n|poke|p1|Arcanine, L50, M|\n|poke|p1|Amoonguss, L50, M|\n|poke|p1|Kingambit, L50, M|\n|poke|p1|Flutter Mane, L50|\n|poke|p1|Dragonite, L50, F|\n|poke|p2|Tyranitar, L50, F|\n|poke|p2|Garchomp, L50, M|\n|poke|p2|Scream Tail, L50|\n|poke|p2|Corviknight, L50, M|\n|poke|p2|Gyarados, L50, M|\n|poke|p2|Iron Hands, L50|\n|teampreview|4\n|\n|t:|1684019885\n|start\n|switch|p1a: Palafin|Palafin, L50, M|100\/100\n|switch|p1b: Dragonite|Dragonite, L50, F|100\/100\n|switch|p2a: Beholder|Scream Tail, L50, shiny|100\/100\n|switch|p2b: Corviknight|Corviknight, L50, M|100\/100\n|-enditem|p2a: Beholder|Booster Energy\n|-activate|p2a: Beholder|ability: Protosynthesis|[fromitem]\n|-start|p2a: Beholder|protosynthesisspe\n|turn|1\n|\n|t:|1684019907\n|detailschange|p1a: Palafin|Palafin-Hero, L50, M\n|switch|p1a: Arcanine|Arcanine, L50, M|100\/100\n|-ability|p1a: Arcanine|Intimidate|boost\n|-unboost|p2a: Beholder|atk|1\n|-ability|p2b: Corviknight|Mirror Armor\n|-unboost|p1a: Arcanine|atk|1\n|-terastallize|p1b: Dragonite|Flying\n|move|p2a: Beholder|Thunder Wave|p1a: Arcanine|[miss]\n|-miss|p2a: Beholder|p1a: Arcanine\n|move|p1b: Dragonite|Tera Blast|p2a: Beholder\n|-damage|p2a: Beholder|49\/100\n|move|p2b: Corviknight|Brave Bird|p1b: Dragonite\n|-damage|p1b: Dragonite|79\/100\n|-damage|p2b: Corviknight|94\/100|[from] Recoil\n|\n|upkeep\n|turn|2\n|\n|t:|1684019939\n|move|p2a: Beholder|Disable|p1b: Dragonite\n|-start|p1b: Dragonite|Disable|Tera Blast\n|move|p1a: Arcanine|Howl|p1a: Arcanine|[spread] p1a,p1b\n|-boost|p1a: Arcanine|atk|1\n|-boost|p1b: Dragonite|atk|1\n|cant|p1b: Dragonite|Disable|Tera Blast\n|move|p2b: Corviknight|Brave Bird|p1a: Arcanine\n|-damage|p1a: Arcanine|62\/100\n|-damage|p2b: Corviknight|82\/100|[from] Recoil\n|\n|upkeep\n|turn|3\n|\n|t:|1684019966\n|-end|p2a: Beholder|Protosynthesis|[silent]\n|switch|p2a: Tarrasque|Tyranitar, L50, F, shiny|100\/100\n|-weather|Sandstorm|[from] ability: Sand Stream|[of] p2a: Tarrasque\n|-terastallize|p2b: Corviknight|Dragon\n|move|p1b: Dragonite|Extreme Speed|p2a: Tarrasque\n|-resisted|p2a: Tarrasque\n|-damage|p2a: Tarrasque|80\/100\n|move|p1a: Arcanine|Will-O-Wisp|p2b: Corviknight\n|-status|p2b: Corviknight|brn\n|move|p2b: Corviknight|Brave Bird|p1a: Arcanine\n|-damage|p1a: Arcanine|42\/100\n|-damage|p2b: Corviknight|76\/100 brn|[from] Recoil\n|\n|-weather|Sandstorm|[upkeep]\n|-damage|p1b: Dragonite|73\/100|[from] Sandstorm\n|-damage|p2b: Corviknight|70\/100 brn|[from] brn\n|upkeep\n|turn|4\n|\n|t:|1684019988\n|switch|p2b: Genie|Iron Hands, L50, shiny|100\/100\n|move|p2a: Tarrasque|Protect|p2a: Tarrasque\n|-singleturn|p2a: Tarrasque|Protect\n|move|p1a: Arcanine|Howl|p1a: Arcanine|[spread] p1a,p1b\n|-boost|p1a: Arcanine|atk|1\n|-boost|p1b: Dragonite|atk|1\n|move|p1b: Dragonite|Low Kick|p2a: Tarrasque\n|-activate|p2a: Tarrasque|move: Protect\n|\n|-weather|Sandstorm|[upkeep]\n|-damage|p1b: Dragonite|66\/100|[from] Sandstorm\n|-damage|p2b: Genie|95\/100|[from] Sandstorm\n|upkeep\n|turn|5\n|\n|t:|1684020008\n|move|p2b: Genie|Fake Out|p1a: Arcanine\n|-damage|p1a: Arcanine|29\/100\n|cant|p1a: Arcanine|flinch\n|move|p1b: Dragonite|Low Kick|p2a: Tarrasque\n|-supereffective|p2a: Tarrasque\n|-damage|p2a: Tarrasque|0 fnt\n|faint|p2a: Tarrasque\n|\n|-weather|Sandstorm|[upkeep]\n|-damage|p1b: Dragonite|60\/100|[from] Sandstorm\n|-damage|p2b: Genie|89\/100|[from] Sandstorm\n|-end|p1b: Dragonite|Disable\n|upkeep\n|\n|t:|1684020015\n|switch|p2a: Corviknight|Corviknight, L50, M, tera:Dragon|70\/100 brn\n|turn|6\n|c|\u2606RIPTheDollarMenu|gg\n|c|\u2606RIPTheDollarMenu|not sure how I get out of this one\n|\n|t:|1684020041\n|move|p1a: Arcanine|Will-O-Wisp|p2b: Genie\n|-status|p2b: Genie|brn\n|move|p1b: Dragonite|Tera Blast|p2b: Genie\n|-damage|p2b: Genie|1\/100 brn\n|-enditem|p2b: Genie|Sitrus Berry|[eat]\n|-heal|p2b: Genie|26\/100 brn|[from] item: Sitrus Berry\n|move|p2a: Corviknight|Brave Bird|p1a: Arcanine\n|-damage|p1a: Arcanine|10\/100\n|-damage|p2a: Corviknight|63\/100 brn|[from] Recoil\n|move|p2b: Genie|Wild Charge|p1b: Dragonite\n|-supereffective|p1b: Dragonite\n|-damage|p1b: Dragonite|8\/100\n|-damage|p2b: Genie|16\/100 brn|[from] Recoil\n|\n|-weather|Sandstorm|[upkeep]\n|-damage|p1b: Dragonite|2\/100|[from] Sandstorm\n|-damage|p2b: Genie|10\/100 brn|[from] Sandstorm\n|-damage|p2a: Corviknight|58\/100 brn|[from] brn\n|-damage|p2b: Genie|4\/100 brn|[from] brn\n|upkeep\n|turn|7\n|\n|t:|1684020081\n|switch|p2a: Beholder|Scream Tail, L50, shiny|49\/100\n|move|p1a: Arcanine|Extreme Speed|p2a: Beholder\n|-damage|p2a: Beholder|25\/100\n|move|p1b: Dragonite|Extreme Speed|p2a: Beholder\n|-damage|p2a: Beholder|0 fnt\n|faint|p2a: Beholder\n|-end|p2a: Beholder|Protosynthesis|[silent]\n|move|p2b: Genie|Drain Punch|p1a: Arcanine\n|-damage|p1a: Arcanine|0 fnt\n|-heal|p2b: Genie|8\/100 brn|[from] drain|[of] p1a: Arcanine\n|faint|p1a: Arcanine\n|\n|-weather|none\n|-damage|p2b: Genie|2\/100 brn|[from] brn\n|upkeep\n|\n|t:|1684020100\n|switch|p2a: Corviknight|Corviknight, L50, M, tera:Dragon|58\/100 brn\n|switch|p1a: Palafin|Palafin-Hero, L50, M|100\/100\n|-activate|p1a: Palafin|ability: Zero to Hero\n|turn|8\n|\n|t:|1684020111\n|move|p1a: Palafin|Protect|p1a: Palafin\n|-singleturn|p1a: Palafin|Protect\n|move|p1b: Dragonite|Extreme Speed|p2a: Corviknight\n|-damage|p2a: Corviknight|6\/100 brn\n|move|p2a: Corviknight|Roost|p2a: Corviknight\n|-heal|p2a: Corviknight|56\/100 brn\n|move|p2b: Genie|Drain Punch|p1b: Dragonite\n|-resisted|p1b: Dragonite\n|-damage|p1b: Dragonite|0 fnt\n|-heal|p2b: Genie|3\/100 brn|[from] drain|[of] p1b: Dragonite\n|faint|p1b: Dragonite\n|\n|-damage|p2a: Corviknight|50\/100 brn|[from] brn\n|-damage|p2b: Genie|0 fnt|[from] brn\n|faint|p2b: Genie\n|-end|p2b: Genie|Quark Drive|[silent]\n|upkeep\n|\n|t:|1684020125\n|switch|p1b: Flutter Mane|Flutter Mane, L50|100\/100\n|-enditem|p1b: Flutter Mane|Booster Energy\n|-activate|p1b: Flutter Mane|ability: Protosynthesis|[fromitem]\n|-start|p1b: Flutter Mane|protosynthesisspa\n|turn|9\n|\n|t:|1684020139\n|move|p1b: Flutter Mane|Moonblast|p2a: Corviknight\n|-supereffective|p2a: Corviknight\n|-damage|p2a: Corviknight|0 fnt\n|faint|p2a: Corviknight\n|\n|win|mnky6\n|raw|mnky6's rating: 1356 → 1375<\/strong> (+19 for winning)\n|raw|RIPTheDollarMenu's rating: 1340 → 1321<\/strong> (-19 for losing)\n","uploadtime":1684020143,"views":10,"p1id":"mnky6","p2id":"ripthedollarmenu","formatid":"gen9vgc2023regulationc","rating":1321,"private":0,"password":""}