{"id":"gen9vgc2023regulationc-1858526332","p1":"benjc","p2":"Yashwant22","format":"[Gen 9] VGC 2023 Regulation C","log":"|j|\u2606benjc\n|j|\u2606Yashwant22\n|t:|1683321455\n|gametype|doubles\n|player|p1|benjc|preschooler|1200\n|player|p2|Yashwant22|clown|1116\n|teamsize|p1|6\n|teamsize|p2|6\n|gen|9\n|tier|[Gen 9] VGC 2023 Regulation C\n|rated|\n|rule|Species Clause: Limit one of each Pok\u00e9mon\n|rule|Item Clause: Limit one of each item\n|clearpoke\n|poke|p1|Talonflame, L50, M|\n|poke|p1|Wo-Chien, L50|\n|poke|p1|Iron Bundle, L50|\n|poke|p1|Great Tusk, L50|\n|poke|p1|Flutter Mane, L50|\n|poke|p1|Espathra, L50, M|\n|poke|p2|Eelektross, L50, F|\n|poke|p2|Noivern, L50, F|\n|poke|p2|Garchomp, L50, F|\n|poke|p2|Chi-Yu, L50|\n|poke|p2|Corviknight, L50, M|\n|poke|p2|Klefki, L50, F|\n|teampreview|4\n|inactive|Battle timer is ON: inactive players will automatically lose when time's up. (requested by Yashwant22)\n|inactive|benjc also wants the timer to be on.\n|inactive|benjc has 60 seconds left.\n|\n|t:|1683321503\n|start\n|switch|p1a: Wo-Chien|Wo-Chien, L50|100\/100\n|switch|p1b: Iron Bundle|Iron Bundle, L50|100\/100\n|switch|p2a: Klefki|Klefki, L50, F|100\/100\n|switch|p2b: Eelektross|Eelektross, L50, F|100\/100\n|-ability|p1a: Wo-Chien|Tablets of Ruin\n|-enditem|p1b: Iron Bundle|Booster Energy\n|-activate|p1b: Iron Bundle|ability: Quark Drive|[fromitem]\n|-start|p1b: Iron Bundle|quarkdrivespe\n|turn|1\n|\n|t:|1683321516\n|-end|p1b: Iron Bundle|Quark Drive|[silent]\n|switch|p1b: Espathra|Espathra, L50, M|100\/100\n|move|p2a: Klefki|Thunder Wave|p1b: Espathra\n|-status|p1b: Espathra|par\n|move|p1a: Wo-Chien|Growth|p1a: Wo-Chien\n|-boost|p1a: Wo-Chien|atk|1\n|-boost|p1a: Wo-Chien|spa|1\n|move|p2b: Eelektross|Drain Punch|p1a: Wo-Chien\n|-supereffective|p1a: Wo-Chien\n|-damage|p1a: Wo-Chien|69\/100\n|\n|-heal|p1a: Wo-Chien|75\/100|[from] item: Leftovers\n|upkeep\n|turn|2\n|\n|t:|1683321529\n|move|p2a: Klefki|Light Screen|p2a: Klefki\n|-sidestart|p2: Yashwant22|move: Light Screen\n|move|p1a: Wo-Chien|Growth|p1a: Wo-Chien\n|-boost|p1a: Wo-Chien|atk|1\n|-boost|p1a: Wo-Chien|spa|1\n|cant|p1b: Espathra|par\n|move|p2b: Eelektross|Drain Punch|p1a: Wo-Chien\n|-supereffective|p1a: Wo-Chien\n|-damage|p1a: Wo-Chien|45\/100\n|\n|-heal|p1a: Wo-Chien|52\/100|[from] item: Leftovers\n|-ability|p1b: Espathra|Speed Boost|boost\n|-boost|p1b: Espathra|spe|1\n|upkeep\n|turn|3\n|\n|t:|1683321542\n|move|p1a: Wo-Chien|Protect|p1a: Wo-Chien\n|-singleturn|p1a: Wo-Chien|Protect\n|move|p2a: Klefki|Thunder Wave|p1a: Wo-Chien\n|-activate|p1a: Wo-Chien|move: Protect\n|move|p1b: Espathra|Reflect|p1b: Espathra\n|-sidestart|p1: benjc|Reflect\n|move|p2b: Eelektross|Wild Charge|p1b: Espathra\n|-damage|p1b: Espathra|63\/100 par\n|-damage|p2b: Eelektross|90\/100|[from] Recoil\n|\n|-heal|p1a: Wo-Chien|58\/100|[from] item: Leftovers\n|-ability|p1b: Espathra|Speed Boost|boost\n|-boost|p1b: Espathra|spe|1\n|upkeep\n|turn|4\n|\n|t:|1683321558\n|-terastallize|p1a: Wo-Chien|Poison\n|move|p2a: Klefki|Thunder Wave|p1a: Wo-Chien\n|-status|p1a: Wo-Chien|par\n|move|p1b: Espathra|Lumina Crash|p2b: Eelektross\n|-damage|p2b: Eelektross|64\/100\n|-unboost|p2b: Eelektross|spd|2\n|move|p2b: Eelektross|Wild Charge|p1b: Espathra\n|-damage|p1b: Espathra|27\/100 par\n|-damage|p2b: Eelektross|54\/100|[from] Recoil\n|move|p1a: Wo-Chien|Giga Drain|p2b: Eelektross\n|-damage|p2b: Eelektross|0 fnt\n|-heal|p1a: Wo-Chien|80\/100 par|[from] drain|[of] p2b: Eelektross\n|faint|p2b: Eelektross\n|\n|-heal|p1a: Wo-Chien|86\/100 par|[from] item: Leftovers\n|-ability|p1b: Espathra|Speed Boost|boost\n|-boost|p1b: Espathra|spe|1\n|upkeep\n|\n|t:|1683321569\n|switch|p2b: Garchomp|Garchomp, L50, F|100\/100\n|turn|5\n|\n|t:|1683321584\n|move|p1b: Espathra|Lumina Crash|p2b: Garchomp\n|-damage|p2b: Garchomp|74\/100\n|-unboost|p2b: Garchomp|spd|2\n|move|p2b: Garchomp|Earthquake|p1a: Wo-Chien|[spread] p2a,p1a,p1b\n|-supereffective|p2a: Klefki\n|-supereffective|p1a: Wo-Chien\n|-damage|p2a: Klefki|39\/100\n|-damage|p1a: Wo-Chien|48\/100 par\n|-damage|p1b: Espathra|0 fnt\n|faint|p1b: Espathra\n|-damage|p2b: Garchomp|64\/100|[from] item: Life Orb\n|move|p2a: Klefki|Play Rough|p1a: Wo-Chien|[miss]\n|-miss|p2a: Klefki|p1a: Wo-Chien\n|cant|p1a: Wo-Chien|par\n|\n|-heal|p1a: Wo-Chien|55\/100 par|[from] item: Leftovers\n|upkeep\n|\n|t:|1683321607\n|switch|p1b: Iron Bundle|Iron Bundle, L50|100\/100\n|turn|6\n|\n|t:|1683321616\n|move|p1b: Iron Bundle|Protect|p1b: Iron Bundle\n|-singleturn|p1b: Iron Bundle|Protect\n|move|p2b: Garchomp|Protect|p2b: Garchomp\n|-singleturn|p2b: Garchomp|Protect\n|move|p2a: Klefki|Thunder Wave|p1b: Iron Bundle\n|-activate|p1b: Iron Bundle|move: Protect\n|cant|p1a: Wo-Chien|par\n|\n|-heal|p1a: Wo-Chien|61\/100 par|[from] item: Leftovers\n|upkeep\n|turn|7\n|\n|t:|1683321625\n|-end|p1b: Iron Bundle|Quark Drive|[silent]\n|switch|p1b: Great Tusk|Great Tusk, L50|100\/100\n|switch|p2b: Chi-Yu|Chi-Yu, L50|100\/100\n|-ability|p2b: Chi-Yu|Beads of Ruin\n|move|p2a: Klefki|Thunder Wave|p1b: Great Tusk\n|-immune|p1b: Great Tusk\n|move|p1a: Wo-Chien|Giga Drain|p2b: Chi-Yu\n|-resisted|p2b: Chi-Yu\n|-damage|p2b: Chi-Yu|78\/100\n|-heal|p1a: Wo-Chien|69\/100 par|[from] drain|[of] p2b: Chi-Yu\n|\n|-heal|p1a: Wo-Chien|75\/100 par|[from] item: Leftovers\n|upkeep\n|turn|8\n|\n|t:|1683321641\n|move|p1a: Wo-Chien|Protect|p1a: Wo-Chien\n|-singleturn|p1a: Wo-Chien|Protect\n|move|p2a: Klefki|Reflect|p2a: Klefki\n|-sidestart|p2: Yashwant22|Reflect\n|move|p2b: Chi-Yu|Dark Pulse|p1a: Wo-Chien\n|-activate|p1a: Wo-Chien|move: Protect\n|move|p1b: Great Tusk|Earthquake|p2b: Chi-Yu|[spread] p2a,p2b\n|-activate|p1a: Wo-Chien|move: Protect\n|-supereffective|p2a: Klefki\n|-supereffective|p2b: Chi-Yu\n|-damage|p2a: Klefki|5\/100\n|-damage|p2b: Chi-Yu|19\/100\n|\n|-heal|p1a: Wo-Chien|81\/100 par|[from] item: Leftovers\n|upkeep\n|turn|9\n|\n|t:|1683321664\n|switch|p1a: Iron Bundle|Iron Bundle, L50|100\/100\n|move|p2b: Chi-Yu|Dark Pulse|p1a: Iron Bundle\n|-damage|p1a: Iron Bundle|0 fnt\n|faint|p1a: Iron Bundle\n|-end|p1a: Iron Bundle|Quark Drive|[silent]\n|move|p1b: Great Tusk|Earthquake|p2a: Klefki|[spread] p2a,p2b\n|-supereffective|p2a: Klefki\n|-crit|p2a: Klefki\n|-supereffective|p2b: Chi-Yu\n|-damage|p2a: Klefki|0 fnt\n|-damage|p2b: Chi-Yu|0 fnt\n|faint|p2a: Klefki\n|faint|p2b: Chi-Yu\n|\n|-sideend|p2: Yashwant22|move: Light Screen\n|upkeep\n|\n|t:|1683321671\n|switch|p1a: Wo-Chien|Wo-Chien, L50, tera:Poison|81\/100 par\n|switch|p2b: Garchomp|Garchomp, L50, F|64\/100\n|-ability|p1a: Wo-Chien|Tablets of Ruin\n|turn|10\n|\n|t:|1683321681\n|move|p2b: Garchomp|Earthquake|p1b: Great Tusk|[spread] p1a,p1b\n|-supereffective|p1a: Wo-Chien\n|-damage|p1a: Wo-Chien|38\/100 par\n|-damage|p1b: Great Tusk|82\/100\n|-damage|p2b: Garchomp|54\/100|[from] item: Life Orb\n|move|p1b: Great Tusk|Ice Spinner|p2b: Garchomp\n|-supereffective|p2b: Garchomp\n|-damage|p2b: Garchomp|0 fnt\n|-damage|p1b: Great Tusk|70\/100|[from] ability: Rough Skin|[of] p2b: Garchomp\n|faint|p2b: Garchomp\n|\n|win|benjc\n|raw|benjc's rating: 1200 → 1219<\/strong> (+19 for winning)\n|raw|Yashwant22's rating: 1116 → 1097<\/strong> (-19 for losing)\n|l|\u2606Yashwant22\n|c|\u2606benjc|gg\\\n","uploadtime":1683321699,"views":4,"p1id":"benjc","p2id":"yashwant22","formatid":"gen9vgc2023regulationc","rating":1097,"private":0,"password":""}