{"id":"gen9vgc2023regulationc-1845593203","p1":"lenindelcidl","p2":"that_qtpi","format":"[Gen 9] VGC 2023 Regulation C","log":"|j|\u2606lenindelcidl\n|j|\u2606that_qtpi\n|t:|1681747820\n|gametype|doubles\n|player|p1|lenindelcidl|riley|1084\n|player|p2|that_qtpi|caitlin|1026\n|teamsize|p1|6\n|teamsize|p2|6\n|gen|9\n|tier|[Gen 9] VGC 2023 Regulation C\n|rated|\n|rule|Species Clause: Limit one of each Pok\u00e9mon\n|rule|Item Clause: Limit one of each item\n|clearpoke\n|poke|p1|Iron Hands, L50|\n|poke|p1|Armarouge, L50, F|\n|poke|p1|Indeedee-F, L50, F|\n|poke|p1|Hydreigon, L50, M|\n|poke|p1|Sylveon, L50, M|\n|poke|p1|Grimmsnarl, L50, M|\n|poke|p2|Kingambit, L50, M|\n|poke|p2|Arcanine, L50, M|\n|poke|p2|Amoonguss, L50, F|\n|poke|p2|Flutter Mane, L50|\n|poke|p2|Iron Hands, L50|\n|poke|p2|Palafin, L50, F|\n|teampreview|4\nthat_qtpi has agreed to open team sheets.\n|inactive|Battle timer is ON: inactive players will automatically lose when time's up. (requested by that_qtpi)\n|inactive|lenindelcidl has 60 seconds left.\n|\n|t:|1681747885\n|start\n|switch|p1a: Armarouge|Armarouge, L50, F, shiny|100\/100\n|switch|p1b: Indeedee|Indeedee-F, L50, F|100\/100\n|switch|p2a: Arcanine|Arcanine, L50, M|100\/100\n|switch|p2b: Flutter Mane|Flutter Mane, L50, shiny|100\/100\n|-fieldstart|move: Psychic Terrain|[from] ability: Psychic Surge|[of] p1b: Indeedee\n|-enditem|p2b: Flutter Mane|Booster Energy\n|-activate|p2b: Flutter Mane|ability: Protosynthesis|[fromitem]\n|-start|p2b: Flutter Mane|protosynthesisspe\n|turn|1\n|\n|t:|1681747911\n|-end|p2b: Flutter Mane|Protosynthesis|[silent]\n|switch|p2b: Kingambit|Kingambit, L50, M, shiny|100\/100\n|move|p1b: Indeedee|Follow Me|p1b: Indeedee\n|-singleturn|p1b: Indeedee|move: Follow Me\n|move|p2a: Arcanine|Snarl|p1a: Armarouge|[spread] p1a,p1b\n|-supereffective|p1a: Armarouge\n|-supereffective|p1b: Indeedee\n|-damage|p1a: Armarouge|81\/100\n|-damage|p1b: Indeedee|85\/100\n|-unboost|p1b: Indeedee|spa|1\n|move|p1a: Armarouge|Trick Room|p1a: Armarouge\n|-fieldstart|move: Trick Room|[of] p1a: Armarouge\n|\n|upkeep\n|turn|2\n|inactive|lenindelcidl has 30 seconds left.\n|inactive|that_qtpi has 30 seconds left.\n|\n|t:|1681747941\n|-terastallize|p2b: Kingambit|Flying\n|move|p1b: Indeedee|Follow Me|p1b: Indeedee\n|-singleturn|p1b: Indeedee|move: Follow Me\n|move|p2b: Kingambit|Kowtow Cleave|p1b: Indeedee\n|-supereffective|p1b: Indeedee\n|-damage|p1b: Indeedee|0 fnt\n|faint|p1b: Indeedee\n|move|p1a: Armarouge|Armor Cannon|p2b: Kingambit\n|-damage|p2b: Kingambit|64\/100\n|-unboost|p1a: Armarouge|def|1\n|-unboost|p1a: Armarouge|spd|1\n|move|p2a: Arcanine|Snarl|p1a: Armarouge\n|-supereffective|p1a: Armarouge\n|-damage|p1a: Armarouge|40\/100\n|\n|upkeep\n|\n|t:|1681747948\n|switch|p1b: Iron Hands|Iron Hands, L50, shiny|100\/100\n|-enditem|p1b: Iron Hands|Booster Energy\n|-activate|p1b: Iron Hands|ability: Quark Drive|[fromitem]\n|-start|p1b: Iron Hands|quarkdriveatk\n|turn|3\n|\n|t:|1681747965\n|switch|p2b: Amoonguss|Amoonguss, L50, F|100\/100\n|move|p1b: Iron Hands|Thunder Punch|p2b: Amoonguss\n|-resisted|p2b: Amoonguss\n|-damage|p2b: Amoonguss|75\/100\n|move|p1a: Armarouge|Expanding Force|p2b: Amoonguss|[spread] p2a,p2b\n|-supereffective|p2b: Amoonguss\n|-crit|p2b: Amoonguss\n|-damage|p2a: Arcanine|41\/100\n|-damage|p2b: Amoonguss|0 fnt\n|faint|p2b: Amoonguss\n|move|p2a: Arcanine|Will-O-Wisp|p1b: Iron Hands\n|-status|p1b: Iron Hands|brn\n|\n|-heal|p2a: Arcanine|47\/100|[from] item: Leftovers\n|-damage|p1b: Iron Hands|94\/100 brn|[from] brn\n|upkeep\n|\n|t:|1681747989\n|switch|p2b: Kingambit|Kingambit, L50, M, shiny, tera:Flying|64\/100\n|turn|4\n|\n|t:|1681747997\n|move|p1b: Iron Hands|Thunder Punch|p2b: Kingambit\n|-supereffective|p2b: Kingambit\n|-damage|p2b: Kingambit|22\/100\n|move|p2b: Kingambit|Kowtow Cleave|p1a: Armarouge\n|-supereffective|p1a: Armarouge\n|-damage|p1a: Armarouge|0 fnt\n|faint|p1a: Armarouge\n|move|p2a: Arcanine|Flare Blitz|p1b: Iron Hands\n|-damage|p1b: Iron Hands|65\/100 brn\n|-damage|p2a: Arcanine|34\/100|[from] Recoil\n|\n|-heal|p2a: Arcanine|40\/100|[from] item: Leftovers\n|-damage|p1b: Iron Hands|59\/100 brn|[from] brn\n|upkeep\n|\n|t:|1681748004\n|switch|p1a: Grimmsnarl|Grimmsnarl, L50, M|100\/100\n|turn|5\n|\n|t:|1681748025\n|switch|p2b: Flutter Mane|Flutter Mane, L50, shiny|100\/100\n|move|p1b: Iron Hands|Thunder Punch|p2b: Flutter Mane\n|-damage|p2b: Flutter Mane|42\/100\n|move|p1a: Grimmsnarl|Foul Play|p2a: Arcanine\n|-damage|p2a: Arcanine|4\/100\n|move|p2a: Arcanine|Will-O-Wisp|p1a: Grimmsnarl\n|-status|p1a: Grimmsnarl|brn\n|\n|-heal|p2a: Arcanine|10\/100|[from] item: Leftovers\n|-damage|p1b: Iron Hands|53\/100 brn|[from] brn\n|-damage|p1a: Grimmsnarl|94\/100 brn|[from] brn\n|-fieldend|move: Trick Room\n|-fieldend|move: Psychic Terrain\n|upkeep\n|turn|6\n|inactive|lenindelcidl has 30 seconds left.\n|\n|t:|1681748053\n|-terastallize|p1a: Grimmsnarl|Fairy\n|move|p2b: Flutter Mane|Dazzling Gleam|p1b: Iron Hands|[spread] p1a,p1b\n|-supereffective|p1b: Iron Hands\n|-damage|p1a: Grimmsnarl|66\/100 brn\n|-damage|p1b: Iron Hands|0 fnt\n|faint|p1b: Iron Hands\n|-end|p1b: Iron Hands|Quark Drive|[silent]\n|move|p2a: Arcanine|Flare Blitz|p1a: Grimmsnarl\n|-damage|p1a: Grimmsnarl|13\/100 brn\n|-damage|p2a: Arcanine|0 fnt|[from] Recoil\n|faint|p2a: Arcanine\n|move|p1a: Grimmsnarl|Foul Play|p2b: Flutter Mane\n|-crit|p2b: Flutter Mane\n|-damage|p2b: Flutter Mane|18\/100\n|\n|-damage|p1a: Grimmsnarl|8\/100 brn|[from] brn\n|upkeep\n|\n|t:|1681748066\n|switch|p2a: Kingambit|Kingambit, L50, M, shiny, tera:Flying|22\/100\n|turn|7\n|\n|t:|1681748077\n|move|p2a: Kingambit|Sucker Punch|p1a: Grimmsnarl\n|-resisted|p1a: Grimmsnarl\n|-damage|p1a: Grimmsnarl|0 fnt\n|faint|p1a: Grimmsnarl\n|\n|win|that_qtpi\n|raw|lenindelcidl's rating: 1084 → 1058<\/strong> (-26 for losing)\n|raw|that_qtpi's rating: 1026 → 1068<\/strong> (+42 for winning)\n|l|\u2606lenindelcidl\n","uploadtime":1681748177,"views":11,"p1id":"lenindelcidl","p2id":"thatqtpi","formatid":"gen9vgc2023regulationc","rating":1058,"private":0,"password":""}