{"id":"gen9vgc2023regulationc-1863302709","p1":"godtech946","p2":"Hactorgv_128","format":"[Gen 9] VGC 2023 Regulation C","log":"|j|\u2606godtech946\n|j|\u2606Hactorgv_128\n|t:|1683999986\n|gametype|doubles\n|player|p1|godtech946|veteran|1034\n|player|p2|Hactorgv_128|102|1111\n|teamsize|p1|6\n|teamsize|p2|6\n|gen|9\n|tier|[Gen 9] VGC 2023 Regulation C\n|rated|\n|rule|Species Clause: Limit one of each Pok\u00e9mon\n|rule|Item Clause: Limit one of each item\n|clearpoke\n|poke|p1|Grimmsnarl, L50, M|\n|poke|p1|Azumarill, L50, M|\n|poke|p1|Dondozo, L50, M|\n|poke|p1|Ting-Lu, L50|\n|poke|p1|Annihilape, L50, M|\n|poke|p1|Arcanine, L50, F|\n|poke|p2|Farigiraf, L50, F|\n|poke|p2|Breloom, L50, F|\n|poke|p2|Iron Hands, L50|\n|poke|p2|Gastrodon, L50, M|\n|poke|p2|Goodra, L50, M|\n|poke|p2|Mudsdale, L50, M|\n|teampreview|4\nHactorgv_128 has agreed to open team sheets.\n|\n|t:|1684000001\n|start\n|switch|p1a: Annihilape|Annihilape, L50, M|100\/100\n|switch|p1b: Ting-Lu|Ting-Lu, L50|100\/100\n|switch|p2a: Farigiraf|Farigiraf, L50, F|100\/100\n|switch|p2b: Breloom|Breloom, L50, F|100\/100\n|-ability|p1b: Ting-Lu|Vessel of Ruin\n|turn|1\n|\n|t:|1684000013\n|move|p1a: Annihilape|Final Gambit|p2b: Breloom\n|-damage|p2b: Breloom|0 fnt\n|faint|p1a: Annihilape\n|faint|p2b: Breloom\n|move|p1b: Ting-Lu|Fissure|p2a: Farigiraf|[miss]\n|-miss|p1b: Ting-Lu|p2a: Farigiraf\n|move|p2a: Farigiraf|Trick Room|p2a: Farigiraf\n|-fieldstart|move: Trick Room|[of] p2a: Farigiraf\n|\n|upkeep\n|\n|t:|1684000025\n|switch|p2b: Iron Hands|Iron Hands, L50|100\/100\n|switch|p1a: Dondozo|Dondozo, L50, M|100\/100\n|turn|2\n|\n|t:|1684000069\n|move|p1a: Dondozo|Fissure|p2b: Iron Hands\n|-damage|p2b: Iron Hands|0 fnt\n|faint|p2b: Iron Hands\n|-end|p2b: Iron Hands|Quark Drive|[silent]\n|-ohko\n|move|p1b: Ting-Lu|Fissure|p2a: Farigiraf\n|-damage|p2a: Farigiraf|0 fnt\n|faint|p2a: Farigiraf\n|-ohko\n|\n|upkeep\n|\n|t:|1684000082\n|switch|p2b: Gastrodon|Gastrodon, L50, M|100\/100\n|turn|3\n|\n|t:|1684000086\n|move|p1a: Dondozo|Fissure|p2b: Gastrodon|[miss]\n|-miss|p1a: Dondozo|p2b: Gastrodon\n|move|p2b: Gastrodon|Muddy Water|p1a: Dondozo|[spread] p1a\n|-miss|p2b: Gastrodon|p1b: Ting-Lu\n|-resisted|p1a: Dondozo\n|-damage|p1a: Dondozo|95\/100\n|-unboost|p1a: Dondozo|accuracy|1\n|move|p1b: Ting-Lu|Fissure|p2b: Gastrodon|[miss]\n|-miss|p1b: Ting-Lu|p2b: Gastrodon\n|\n|upkeep\n|turn|4\n|\n|t:|1684000098\n|move|p1a: Dondozo|Fissure|p2b: Gastrodon|[miss]\n|-miss|p1a: Dondozo|p2b: Gastrodon\n|move|p2b: Gastrodon|Muddy Water|p1b: Ting-Lu|[spread] p1a\n|-miss|p2b: Gastrodon|p1b: Ting-Lu\n|-resisted|p1a: Dondozo\n|-damage|p1a: Dondozo|89\/100\n|move|p1b: Ting-Lu|Fissure|p2b: Gastrodon|[miss]\n|-miss|p1b: Ting-Lu|p2b: Gastrodon\n|\n|upkeep\n|turn|5\n|\n|t:|1684000111\n|move|p1a: Dondozo|Fissure|p2b: Gastrodon\n|-damage|p2b: Gastrodon|0 fnt\n|faint|p2b: Gastrodon\n|-ohko\n|\n|win|godtech946\n|raw|godtech946's rating: 1034 → 1077<\/strong> (+43 for winning)\n|raw|Hactorgv_128's rating: 1111 → 1081<\/strong> (-30 for losing)\n|l|\u2606Hactorgv_128\n","uploadtime":1684000122,"views":5,"p1id":"godtech946","p2id":"hactorgv128","formatid":"gen9vgc2023regulationc","rating":1077,"private":0,"password":""}