{"id":"gen9vgc2023regulationc-1854689474","p1":"Sumovgc","p2":"Raderph","format":"[Gen 9] VGC 2023 Regulation C","log":"|j|\u2606Sumovgc\n|j|\u2606Raderph\n|t:|1682850892\n|gametype|doubles\n|player|p1|Sumovgc|169|\n|player|p2|Raderph|hiker|\n|teamsize|p1|6\n|teamsize|p2|6\n|gen|9\n|tier|[Gen 9] VGC 2023 Regulation C\n|rule|Species Clause: Limit one of each Pok\u00e9mon\n|rule|Item Clause: Limit one of each item\n|clearpoke\n|poke|p1|Chi-Yu, L50|\n|poke|p1|Sandy Shocks, L50|\n|poke|p1|Sableye, L50, F|\n|poke|p1|Pachirisu, L50, M|\n|poke|p1|Tyranitar, L50, M|\n|poke|p1|Lycanroc, L50, F|\n|poke|p2|Grimmsnarl, L50, M|\n|poke|p2|Great Tusk, L50|\n|poke|p2|Lilligant, L50, F|\n|poke|p2|Dragalge, L50, F|\n|poke|p2|Lokix, L50, M|\n|poke|p2|Iron Valiant, L50|\n|teampreview|4\nRaderph has agreed to open team sheets.\nSumovgc has agreed to open team sheets.\n|c|\u2606Raderph|G3, GLHF\n|c|\u2606Sumovgc|game 3 glhf\n|\n|t:|1682850961\n|start\n|switch|p1a: 3 pronged attack|Sandy Shocks, L50|100\/100\n|switch|p1b: Anul Beads|Chi-Yu, L50|100\/100\n|switch|p2a: Sasquatch|Grimmsnarl, L50, M|100\/100\n|switch|p2b: Dover Demon|Great Tusk, L50|100\/100\n|-ability|p1b: Anul Beads|Beads of Ruin\n|-enditem|p1a: 3 pronged attack|Booster Energy\n|-activate|p1a: 3 pronged attack|ability: Protosynthesis|[fromitem]\n|-start|p1a: 3 pronged attack|protosynthesisspa\n|turn|1\n|\n|t:|1682851013\n|switch|p1b: TheDogIStoleFromSy|Lycanroc, L50, F|100\/100\n|-terastallize|p2b: Dover Demon|Ground\n|move|p1a: 3 pronged attack|Protect|p1a: 3 pronged attack\n|-singleturn|p1a: 3 pronged attack|Protect\n|move|p2a: Sasquatch|Fake Out|p1b: TheDogIStoleFromSy\n|-resisted|p1b: TheDogIStoleFromSy\n|-damage|p1b: TheDogIStoleFromSy|91\/100\n|move|p2b: Dover Demon|Headlong Rush|p1b: TheDogIStoleFromSy\n|-supereffective|p1b: TheDogIStoleFromSy\n|-damage|p1b: TheDogIStoleFromSy|0 fnt\n|-unboost|p2b: Dover Demon|def|1\n|-unboost|p2b: Dover Demon|spd|1\n|faint|p1b: TheDogIStoleFromSy\n|-damage|p2b: Dover Demon|90\/100|[from] item: Life Orb\n|\n|upkeep\n|\n|t:|1682851026\n|switch|p1b: Anul Beads|Chi-Yu, L50|100\/100\n|-ability|p1b: Anul Beads|Beads of Ruin\n|turn|2\n|\n|t:|1682851059\n|move|p2a: Sasquatch|Light Screen|p2a: Sasquatch\n|-sidestart|p2: Raderph|move: Light Screen\n|move|p1b: Anul Beads|Heat Wave|p2a: Sasquatch|[spread] p2b\n|-miss|p1b: Anul Beads|p2a: Sasquatch\n|-damage|p2b: Dover Demon|3\/100\n|move|p1a: 3 pronged attack|Earth Power|p2b: Dover Demon\n|-damage|p2b: Dover Demon|0 fnt\n|faint|p2b: Dover Demon\n|-end|p2b: Dover Demon|Protosynthesis|[silent]\n|\n|upkeep\n|\n|t:|1682851081\n|switch|p2b: Olgoi-Khorkhoi|Lokix, L50, M|100\/100\n|turn|3\n|\n|t:|1682851105\n|move|p2b: Olgoi-Khorkhoi|Sucker Punch|p1a: 3 pronged attack\n|-damage|p1a: 3 pronged attack|54\/100\n|move|p1b: Anul Beads|Heat Wave|p2a: Sasquatch|[spread] p2a,p2b\n|-supereffective|p2b: Olgoi-Khorkhoi\n|-damage|p2a: Sasquatch|63\/100\n|-damage|p2b: Olgoi-Khorkhoi|0 fnt\n|faint|p2b: Olgoi-Khorkhoi\n|move|p1a: 3 pronged attack|Discharge|p2a: Sasquatch|[spread] p1b,p2a\n|-damage|p1b: Anul Beads|56\/100\n|-damage|p2a: Sasquatch|31\/100\n|-status|p1b: Anul Beads|par\n|-status|p2a: Sasquatch|par\n|move|p2a: Sasquatch|Spirit Break|p1b: Anul Beads\n|-damage|p1b: Anul Beads|10\/100 par\n|-unboost|p1b: Anul Beads|spa|1\n|\n|upkeep\n|\n|t:|1682851121\n|switch|p2b: Yeren|Iron Valiant, L50|100\/100\n|-enditem|p2b: Yeren|Booster Energy\n|-activate|p2b: Yeren|ability: Quark Drive|[fromitem]\n|-start|p2b: Yeren|quarkdrivespe\n|turn|4\n|\n|t:|1682851140\n|move|p2b: Yeren|Leaf Blade|p1b: Anul Beads\n|-resisted|p1b: Anul Beads\n|-damage|p1b: Anul Beads|0 fnt\n|faint|p1b: Anul Beads\n|move|p1a: 3 pronged attack|Discharge|p2a: Sasquatch|[spread] p2a,p2b\n|-damage|p2a: Sasquatch|8\/100 par\n|-damage|p2b: Yeren|54\/100\n|move|p2a: Sasquatch|Spirit Break|p1a: 3 pronged attack\n|-damage|p1a: 3 pronged attack|21\/100\n|-unboost|p1a: 3 pronged attack|spa|1\n|\n|upkeep\n|\n|t:|1682851150\n|switch|p1b: Mecha Gojira|Tyranitar, L50, M|100\/100\n|-weather|Sandstorm|[from] ability: Sand Stream|[of] p1b: Mecha Gojira\n|turn|5\n|\n|t:|1682851170\n|-terastallize|p1b: Mecha Gojira|Flying\n|move|p1a: 3 pronged attack|Protect|p1a: 3 pronged attack\n|-singleturn|p1a: 3 pronged attack|Protect\n|move|p2a: Sasquatch|Reflect|p2a: Sasquatch\n|-sidestart|p2: Raderph|Reflect\n|move|p2b: Yeren|Leaf Blade|p1a: 3 pronged attack\n|-activate|p1a: 3 pronged attack|move: Protect\n|move|p1b: Mecha Gojira|Iron Head|p2a: Sasquatch\n|-supereffective|p2a: Sasquatch\n|-damage|p2a: Sasquatch|0 fnt\n|faint|p2a: Sasquatch\n|\n|-weather|Sandstorm|[upkeep]\n|-damage|p2b: Yeren|48\/100|[from] Sandstorm\n|upkeep\n|turn|6\n|\n|t:|1682851193\n|move|p2b: Yeren|Protect|p2b: Yeren\n|-singleturn|p2b: Yeren|Protect\n|move|p1a: 3 pronged attack|Earth Power|p2b: Yeren\n|-activate|p2b: Yeren|move: Protect\n|move|p1b: Mecha Gojira|Tera Blast|p2b: Yeren\n|-activate|p2b: Yeren|move: Protect\n|\n|-weather|Sandstorm|[upkeep]\n|-damage|p2b: Yeren|42\/100|[from] Sandstorm\n|upkeep\n|turn|7\n|\n|t:|1682851203\n|move|p2b: Yeren|Close Combat|p1b: Mecha Gojira\n|-resisted|p1b: Mecha Gojira\n|-damage|p1b: Mecha Gojira|77\/100\n|-unboost|p2b: Yeren|def|1\n|-unboost|p2b: Yeren|spd|1\n|move|p1a: 3 pronged attack|Earth Power|p2b: Yeren\n|-damage|p2b: Yeren|0 fnt\n|faint|p2b: Yeren\n|-end|p2b: Yeren|Quark Drive|[silent]\n|\n|win|Sumovgc\n|c|\u2606Raderph|GGs\n|c|\u2606Sumovgc|gg wp\n","uploadtime":1682851214,"views":12,"p1id":"sumovgc","p2id":"raderph","formatid":"gen9vgc2023regulationc","rating":0,"private":0,"password":""}