{"id":"gen9vgc2023regulationc-1862533255","p1":"Wiglett7","p2":"Morielli","format":"[Gen 9] VGC 2023 Regulation C","log":"|j|\u2606Wiglett7\n|j|\u2606Morielli\n|t:|1683898235\n|gametype|doubles\n|player|p1|Wiglett7|2|1090\n|player|p2|Morielli|101|1046\n|teamsize|p1|6\n|teamsize|p2|6\n|gen|9\n|tier|[Gen 9] VGC 2023 Regulation C\n|rated|\n|rule|Species Clause: Limit one of each Pok\u00e9mon\n|rule|Item Clause: Limit one of each item\n|clearpoke\n|poke|p1|Palafin, L50, M|\n|poke|p1|Quaquaval, L50, F|\n|poke|p1|Skeledirge, L50, M|\n|poke|p1|Amoonguss, L50, F|\n|poke|p1|Murkrow, L50, F|\n|poke|p1|Sylveon, L50, M|\n|poke|p2|Hatterene, L50, F|\n|poke|p2|Dondozo, L50, F|\n|poke|p2|Torkoal, L50, F|\n|poke|p2|Farigiraf, L50, F|\n|poke|p2|Wo-Chien, L50|\n|poke|p2|Tatsugiri, L50, F|\n|teampreview|4\n|\n|t:|1683898280\n|start\n|switch|p1a: Palafin|Palafin, L50, M|100\/100\n|switch|p1b: Murkrow|Murkrow, L50, F|100\/100\n|switch|p2a: Hatterene|Hatterene, L50, F|100\/100\n|switch|p2b: Dondozo|Dondozo, L50, F|100\/100\n|turn|1\n|\n|t:|1683898304\n|detailschange|p1a: Palafin|Palafin-Hero, L50, M\n|switch|p1a: Amoonguss|Amoonguss, L50, F|100\/100\n|-terastallize|p2b: Dondozo|Ghost\n|move|p1b: Murkrow|Tailwind|p1b: Murkrow\n|-sidestart|p1: Wiglett7|move: Tailwind\n|move|p2b: Dondozo|Curse|p1a: Amoonguss\n|-start|p1a: Amoonguss|Curse|[of] p2b: Dondozo\n|-damage|p2b: Dondozo|50\/100\n|-enditem|p2b: Dondozo|Sitrus Berry|[eat]\n|-heal|p2b: Dondozo|75\/100|[from] item: Sitrus Berry\n|move|p2a: Hatterene|Trick Room|p2a: Hatterene\n|-fieldstart|move: Trick Room|[of] p2a: Hatterene\n|\n|-damage|p1a: Amoonguss|75\/100|[from] Curse\n|upkeep\n|turn|2\n|\n|t:|1683898333\n|move|p2a: Hatterene|Dazzling Gleam|p1a: Amoonguss|[spread] p1a,p1b\n|-resisted|p1a: Amoonguss\n|-supereffective|p1b: Murkrow\n|-damage|p1a: Amoonguss|59\/100\n|-damage|p1b: Murkrow|27\/100\n|move|p2b: Dondozo|Wave Crash|p1b: Murkrow\n|-damage|p1b: Murkrow|0 fnt\n|faint|p1b: Murkrow\n|-damage|p2b: Dondozo|69\/100|[from] Recoil\n|move|p1a: Amoonguss|Spore|p2b: Dondozo\n|-status|p2b: Dondozo|slp|[from] move: Spore\n|\n|-damage|p1a: Amoonguss|34\/100|[from] Curse\n|upkeep\n|-enditem|p1a: Amoonguss|Sitrus Berry|[eat]\n|-heal|p1a: Amoonguss|59\/100|[from] item: Sitrus Berry\n|\n|t:|1683898354\n|switch|p1b: Sylveon|Sylveon, L50, M|100\/100\n|turn|3\n|\n|t:|1683898384\n|switch|p2b: Wo-Chien|Wo-Chien, L50|100\/100\n|-ability|p2b: Wo-Chien|Tablets of Ruin\n|switch|p1a: Palafin|Palafin-Hero, L50, M|100\/100\n|-activate|p1a: Palafin|ability: Zero to Hero\n|move|p2a: Hatterene|Shadow Ball|p1a: Palafin\n|-damage|p1a: Palafin|66\/100\n|move|p1b: Sylveon|Hyper Voice|p2a: Hatterene|[spread] p2a,p2b\n|-damage|p2a: Hatterene|79\/100\n|-damage|p2b: Wo-Chien|87\/100\n|-enditem|p1b: Sylveon|Throat Spray\n|-boost|p1b: Sylveon|spa|1|[from] item: Throat Spray\n|\n|-heal|p2b: Wo-Chien|94\/100|[from] item: Leftovers\n|upkeep\n|turn|4\n|\n|t:|1683898425\n|-terastallize|p1b: Sylveon|Fire\n|move|p2a: Hatterene|Shadow Ball|p1a: Palafin\n|-damage|p1a: Palafin|34\/100\n|move|p2b: Wo-Chien|Ruination|p1b: Sylveon\n|-damage|p1b: Sylveon|50\/100\n|move|p1b: Sylveon|Tera Blast|p2b: Wo-Chien\n|-supereffective|p2b: Wo-Chien\n|-damage|p2b: Wo-Chien|21\/100\n|move|p1a: Palafin|Wave Crash|p2a: Hatterene\n|-damage|p2a: Hatterene|0 fnt\n|faint|p2a: Hatterene\n|-damage|p1a: Palafin|16\/100|[from] Recoil\n|\n|-heal|p2b: Wo-Chien|27\/100|[from] item: Leftovers\n|-sideend|p1: Wiglett7|move: Tailwind\n|upkeep\n|\n|t:|1683898441\n|switch|p2a: Dondozo|Dondozo, L50, F, tera:Ghost|69\/100 slp\n|turn|5\n|\n|t:|1683898495\n|move|p2b: Wo-Chien|Protect|p2b: Wo-Chien\n|-singleturn|p2b: Wo-Chien|Protect\n|cant|p2a: Dondozo|slp\n|move|p1b: Sylveon|Tera Blast|p2b: Wo-Chien\n|-activate|p2b: Wo-Chien|move: Protect\n|move|p1a: Palafin|Wave Crash|p2a: Dondozo\n|-damage|p2a: Dondozo|29\/100 slp\n|-damage|p1a: Palafin|0 fnt|[from] Recoil\n|faint|p1a: Palafin\n|\n|-heal|p2b: Wo-Chien|33\/100|[from] item: Leftovers\n|-fieldend|move: Trick Room\n|upkeep\n|\n|t:|1683898510\n|switch|p1a: Amoonguss|Amoonguss, L50, F|93\/100\n|turn|6\n|\n|t:|1683898535\n|move|p2b: Wo-Chien|Pollen Puff|p2a: Dondozo\n|-heal|p2a: Dondozo|79\/100 slp\n|move|p1b: Sylveon|Tera Blast|p2a: Dondozo\n|-damage|p2a: Dondozo|38\/100 slp\n|move|p1a: Amoonguss|Pollen Puff|p2a: Dondozo\n|-resisted|p2a: Dondozo\n|-damage|p2a: Dondozo|32\/100 slp\n|cant|p2a: Dondozo|slp\n|\n|-heal|p2b: Wo-Chien|40\/100|[from] item: Leftovers\n|upkeep\n|turn|7\n|\n|t:|1683898576\n|move|p2b: Wo-Chien|Pollen Puff|p2a: Dondozo\n|-heal|p2a: Dondozo|82\/100 slp\n|move|p1b: Sylveon|Tera Blast|p2b: Wo-Chien\n|-supereffective|p2b: Wo-Chien\n|-damage|p2b: Wo-Chien|0 fnt\n|faint|p2b: Wo-Chien\n|move|p1a: Amoonguss|Pollen Puff|p1b: Sylveon\n|-heal|p1b: Sylveon|100\/100\n|cant|p2a: Dondozo|slp\n|\n|upkeep\n|\n|t:|1683898589\n|switch|p2b: Tatsugiri|Tatsugiri, L50, F|100\/100\n|-activate|p2b: Tatsugiri|ability: Commander|[of] p2a: Dondozo\n|-boost|p2a: Dondozo|atk|2\n|-boost|p2a: Dondozo|spa|2\n|-boost|p2a: Dondozo|spe|2\n|-boost|p2a: Dondozo|def|2\n|-boost|p2a: Dondozo|spd|2\n|turn|8\n|\n|t:|1683898601\n|move|p1b: Sylveon|Protect|p1b: Sylveon\n|-singleturn|p1b: Sylveon|Protect\n|-curestatus|p2a: Dondozo|slp|[msg]\n|move|p2a: Dondozo|Curse|p1a: Amoonguss\n|-start|p1a: Amoonguss|Curse|[of] p2a: Dondozo\n|-damage|p2a: Dondozo|32\/100\n|move|p1a: Amoonguss|Clear Smog|p2a: Dondozo\n|-resisted|p2a: Dondozo\n|-damage|p2a: Dondozo|29\/100\n|-clearboost|p2a: Dondozo\n|\n|-damage|p1a: Amoonguss|68\/100|[from] Curse\n|upkeep\n|turn|9\n|\n|t:|1683898625\n|move|p1b: Sylveon|Tera Blast|p2a: Dondozo\n|-damage|p2a: Dondozo|0 fnt\n|faint|p2a: Dondozo\n|move|p1a: Amoonguss|Spore|p2b: Tatsugiri\n|-status|p2b: Tatsugiri|slp|[from] move: Spore\n|\n|-damage|p1a: Amoonguss|43\/100|[from] Curse\n|upkeep\n|turn|10\n|inactive|Battle timer is ON: inactive players will automatically lose when time's up. (requested by Morielli)\n|-message|Morielli forfeited.\n|\n|win|Wiglett7\n|raw|Wiglett7's rating: 1090 → 1113<\/strong> (+23 for winning)\n|raw|Morielli's rating: 1046 → 1031<\/strong> (-15 for losing)\n|l|\u2606Morielli\n","uploadtime":1683898641,"views":11,"p1id":"wiglett7","p2id":"morielli","formatid":"gen9vgc2023regulationc","rating":1031,"private":0,"password":""}