{"id":"gen9vgc2023regulationc-1852870600","p1":"Yknow... Him","p2":"Frankie Chess","format":"[Gen 9] VGC 2023 Regulation C","log":"|j|\u2606Yknow... Him\n|j|\u2606Frankie Chess\n|t:|1682613223\n|gametype|doubles\n|player|p1|Yknow... Him|170|1098\n|player|p2|Frankie Chess|170|1000\n|teamsize|p1|6\n|teamsize|p2|6\n|gen|9\n|tier|[Gen 9] VGC 2023 Regulation C\n|rated|\n|rule|Species Clause: Limit one of each Pok\u00e9mon\n|rule|Item Clause: Limit one of each item\n|clearpoke\n|poke|p1|Iron Bundle, L50|\n|poke|p1|Flutter Mane, L50|\n|poke|p1|Great Tusk, L50|\n|poke|p1|Kingambit, L50, F|\n|poke|p1|Arcanine, L50, M|\n|poke|p1|Corviknight, L50, F|\n|poke|p2|Pelipper, L50, M|\n|poke|p2|Floatzel, L50, F|\n|poke|p2|Chien-Pao, L50|\n|poke|p2|Brute Bonnet, L50|\n|poke|p2|Gholdengo, L50|\n|poke|p2|Iron Hands, L50|\n|teampreview|4\n|inactive|Battle timer is ON: inactive players will automatically lose when time's up. (requested by Yknow... Him)\n|\n|t:|1682613270\n|start\n|switch|p1a: Great Tusk|Great Tusk, L50|100\/100\n|switch|p1b: Corviknight|Corviknight, L50, F|100\/100\n|switch|p2a: Pelipper|Pelipper, L50, M|100\/100\n|switch|p2b: Iron Hands|Iron Hands, L50|100\/100\n|-weather|RainDance|[from] ability: Drizzle|[of] p2a: Pelipper\n|turn|1\n|inactive|Frankie Chess has 30 seconds left.\n|inactive|Frankie Chess has 20 seconds left.\n|\n|t:|1682613308\n|switch|p1b: Iron Bundle|Iron Bundle, L50|100\/100\n|-enditem|p1b: Iron Bundle|Booster Energy\n|-activate|p1b: Iron Bundle|ability: Quark Drive|[fromitem]\n|-start|p1b: Iron Bundle|quarkdrivespe\n|move|p1a: Great Tusk|Protect|p1a: Great Tusk\n|-singleturn|p1a: Great Tusk|Protect\n|move|p2b: Iron Hands|Fake Out|p1b: Iron Bundle\n|-damage|p1b: Iron Bundle|81\/100\n|move|p2a: Pelipper|Tailwind|p2a: Pelipper\n|-sidestart|p2: Frankie Chess|move: Tailwind\n|\n|-weather|RainDance|[upkeep]\n|upkeep\n|turn|2\n|inactive|Yknow... Him has 30 seconds left.\n|\n|t:|1682613339\n|move|p1b: Iron Bundle|Freeze-Dry|p2a: Pelipper\n|-supereffective|p2a: Pelipper\n|-damage|p2a: Pelipper|0 fnt\n|faint|p2a: Pelipper\n|move|p1a: Great Tusk|Headlong Rush|p2b: Iron Hands\n|-supereffective|p2b: Iron Hands\n|-damage|p2b: Iron Hands|15\/100\n|-unboost|p1a: Great Tusk|def|1\n|-unboost|p1a: Great Tusk|spd|1\n|move|p2b: Iron Hands|Volt Switch|p1b: Iron Bundle\n|-supereffective|p1b: Iron Bundle\n|-damage|p1b: Iron Bundle|29\/100\n|\n|t:|1682613350\n|-end|p2b: Iron Hands|Quark Drive|[silent]\n|switch|p2b: Floatzel|Floatzel, L50, F|100\/100|[from] Volt Switch\n|\n|-weather|RainDance|[upkeep]\n|upkeep\n|\n|t:|1682613354\n|switch|p2a: Chien-Pao|Chien-Pao, L50|100\/100\n|-ability|p2a: Chien-Pao|Sword of Ruin\n|turn|3\n|inactive|Frankie Chess has 30 seconds left.\n|inactive|Frankie Chess has 20 seconds left.\n|inactive|Frankie Chess has 15 seconds left.\n|inactive|Yknow... Him has 30 seconds left.\n|\n|t:|1682613400\n|-end|p1a: Great Tusk|Protosynthesis|[silent]\n|switch|p1a: Arcanine|Arcanine, L50, M|100\/100\n|-ability|p1a: Arcanine|Intimidate|boost\n|-unboost|p2a: Chien-Pao|atk|1\n|-unboost|p2b: Floatzel|atk|1\n|move|p2b: Floatzel|Wave Crash|p1b: Iron Bundle\n|-resisted|p1b: Iron Bundle\n|-damage|p1b: Iron Bundle|0 fnt\n|faint|p1b: Iron Bundle\n|-end|p1b: Iron Bundle|Quark Drive|[silent]\n|-damage|p2b: Floatzel|93\/100|[from] Recoil\n|-damage|p2b: Floatzel|83\/100|[from] item: Life Orb\n|move|p2a: Chien-Pao|Ice Spinner|p1a: Arcanine\n|-resisted|p1a: Arcanine\n|-damage|p1a: Arcanine|80\/100\n|\n|-weather|RainDance|[upkeep]\n|upkeep\n|\n|t:|1682613414\n|switch|p1b: Corviknight|Corviknight, L50, F|100\/100\n|turn|4\n|\n|t:|1682613428\n|switch|p2b: Iron Hands|Iron Hands, L50|15\/100\n|move|p2a: Chien-Pao|Protect|p2a: Chien-Pao\n|-singleturn|p2a: Chien-Pao|Protect\n|move|p1a: Arcanine|Will-O-Wisp|p2a: Chien-Pao\n|-activate|p2a: Chien-Pao|move: Protect\n|move|p1b: Corviknight|Bulk Up|p1b: Corviknight\n|-boost|p1b: Corviknight|atk|1\n|-boost|p1b: Corviknight|def|1\n|\n|-weather|RainDance|[upkeep]\n|-sideend|p2: Frankie Chess|move: Tailwind\n|upkeep\n|turn|5\n|inactive|Frankie Chess has 30 seconds left.\n|\n|t:|1682613458\n|move|p2a: Chien-Pao|Sacred Sword|p1b: Corviknight\n|-damage|p1b: Corviknight|77\/100\n|move|p1a: Arcanine|Will-O-Wisp|p2a: Chien-Pao\n|-status|p2a: Chien-Pao|brn\n|move|p1b: Corviknight|Tailwind|p1b: Corviknight\n|-sidestart|p1: Yknow... Him|move: Tailwind\n|move|p2b: Iron Hands|Wild Charge|p1b: Corviknight\n|-supereffective|p1b: Corviknight\n|-damage|p1b: Corviknight|0 fnt\n|faint|p1b: Corviknight\n|-damage|p2b: Iron Hands|0 fnt|[from] Recoil\n|faint|p2b: Iron Hands\n|-end|p2b: Iron Hands|Quark Drive|[silent]\n|\n|-weather|RainDance|[upkeep]\n|-damage|p2a: Chien-Pao|95\/100 brn|[from] brn\n|upkeep\n|\n|t:|1682613473\n|switch|p1b: Great Tusk|Great Tusk, L50|100\/100\n|switch|p2b: Floatzel|Floatzel, L50, F|83\/100\n|turn|6\n|\n|t:|1682613496\n|move|p2a: Chien-Pao|Protect|p2a: Chien-Pao\n|-singleturn|p2a: Chien-Pao|Protect\n|move|p2b: Floatzel|Wave Crash|p1a: Arcanine\n|-supereffective|p1a: Arcanine\n|-damage|p1a: Arcanine|0 fnt\n|faint|p1a: Arcanine\n|-damage|p2b: Floatzel|51\/100|[from] Recoil\n|-damage|p2b: Floatzel|41\/100|[from] item: Life Orb\n|move|p1b: Great Tusk|Close Combat|p2a: Chien-Pao\n|-activate|p2a: Chien-Pao|move: Protect\n|\n|-weather|RainDance|[upkeep]\n|-damage|p2a: Chien-Pao|89\/100 brn|[from] brn\n|upkeep\n|turn|7\n|inactive|Frankie Chess has 30 seconds left.\n|\n|t:|1682613528\n|-terastallize|p2a: Chien-Pao|Ghost\n|move|p2b: Floatzel|Wave Crash|p1b: Great Tusk\n|-supereffective|p1b: Great Tusk\n|-enditem|p1b: Great Tusk|Focus Sash\n|-damage|p1b: Great Tusk|1\/100\n|-damage|p2b: Floatzel|3\/100|[from] Recoil\n|-damage|p2b: Floatzel|0 fnt|[from] item: Life Orb\n|faint|p2b: Floatzel\n|move|p1b: Great Tusk|Close Combat|p2a: Chien-Pao\n|-immune|p2a: Chien-Pao\n|move|p2a: Chien-Pao|Ice Spinner|p1b: Great Tusk\n|-supereffective|p1b: Great Tusk\n|-damage|p1b: Great Tusk|0 fnt\n|faint|p1b: Great Tusk\n|-end|p1b: Great Tusk|Protosynthesis|[silent]\n|\n|win|Frankie Chess\n|raw|Yknow... Him's rating: 1098 → 1067<\/strong> (-31 for losing)\n|raw|Frankie Chess's rating: 1000 → 1051<\/strong> (+51 for winning)\n|l|\u2606Yknow... Him\n","uploadtime":1682613614,"views":7,"p1id":"yknowhim","p2id":"frankiechess","formatid":"gen9vgc2023regulationc","rating":1051,"private":0,"password":""}