{"id":"gen9vgc2023regulationc-1863788344","p1":"Cm3112","p2":"nickfang6","format":"[Gen 9] VGC 2023 Regulation C","log":"|j|\u2606Cm3112\n|j|\u2606nickfang6\n|t:|1684077816\n|gametype|doubles\n|player|p1|Cm3112|1|1595\n|player|p2|nickfang6|101|1538\n|teamsize|p1|6\n|teamsize|p2|6\n|gen|9\n|tier|[Gen 9] VGC 2023 Regulation C\n|rated|\n|rule|Species Clause: Limit one of each Pok\u00e9mon\n|rule|Item Clause: Limit one of each item\n|clearpoke\n|poke|p1|Grimmsnarl, L50, M|\n|poke|p1|Iron Hands, L50|\n|poke|p1|Gholdengo, L50|\n|poke|p1|Dragonite, L50, M|\n|poke|p1|Chien-Pao, L50|\n|poke|p1|Wo-Chien, L50|\n|poke|p2|Flutter Mane, L50|\n|poke|p2|Great Tusk, L50|\n|poke|p2|Iron Bundle, L50|\n|poke|p2|Kingambit, L50, F|\n|poke|p2|Abomasnow, L50, F|\n|poke|p2|Chien-Pao, L50|\n|teampreview|4\n|inactive|Battle timer is ON: inactive players will automatically lose when time's up. (requested by nickfang6)\n|j| gible123456\nnickfang6 has agreed to open team sheets.\n|inactive|nickfang6 has 60 seconds left.\nCm3112 has agreed to open team sheets.\n|inactive|nickfang6 has 30 seconds left.\n|\n|t:|1684077883\n|start\n|switch|p1a: Grimmsnarl|Grimmsnarl, L50, M|100\/100\n|switch|p1b: Gholdengo|Gholdengo, L50|100\/100\n|switch|p2a: Kingambit|Kingambit, L50, F|100\/100\n|switch|p2b: Flutter Mane|Flutter Mane, L50|100\/100\n|-enditem|p2b: Flutter Mane|Booster Energy\n|-activate|p2b: Flutter Mane|ability: Protosynthesis|[fromitem]\n|-start|p2b: Flutter Mane|protosynthesisspe\n|turn|1\n|inactive|Cm3112 has 30 seconds left.\n|inactive|nickfang6 has 30 seconds left.\n|inactive|Cm3112 has 20 seconds left.\n|inactive|nickfang6 has 20 seconds left.\n|inactive|Cm3112 has 15 seconds left.\n|inactive|Cm3112 has 10 seconds left.\n|\n|t:|1684077930\n|move|p2b: Flutter Mane|Protect|p2b: Flutter Mane\n|-singleturn|p2b: Flutter Mane|Protect\n|move|p1a: Grimmsnarl|Fake Out|p2a: Kingambit\n|-resisted|p2a: Kingambit\n|-damage|p2a: Kingambit|95\/100\n|move|p1b: Gholdengo|Make It Rain|p2b: Flutter Mane|[spread] p2a\n|-activate|p2b: Flutter Mane|move: Protect\n|-resisted|p2a: Kingambit\n|-damage|p2a: Kingambit|78\/100\n|-unboost|p1b: Gholdengo|spa|1\n|cant|p2a: Kingambit|flinch\n|\n|upkeep\n|turn|2\n|inactive|Cm3112 has 30 seconds left.\n|inactive|nickfang6 has 30 seconds left.\n|inactive|Cm3112 has 20 seconds left.\n|inactive|Cm3112 has 15 seconds left.\n|inactive|nickfang6 has 20 seconds left.\n|inactive|nickfang6 has 15 seconds left.\n|inactive|nickfang6 has 10 seconds left.\n|\n|t:|1684077984\n|switch|p1b: Iron Hands|Iron Hands, L50|100\/100\n|move|p1a: Grimmsnarl|Sucker Punch|p2b: Flutter Mane\n|-damage|p2b: Flutter Mane|37\/100\n|move|p2b: Flutter Mane|Shadow Ball|p1b: Iron Hands\n|-damage|p1b: Iron Hands|78\/100\n|move|p2a: Kingambit|Iron Head|p1a: Grimmsnarl\n|-supereffective|p1a: Grimmsnarl\n|-enditem|p1a: Grimmsnarl|Focus Sash\n|-damage|p1a: Grimmsnarl|1\/100\n|\n|upkeep\n|turn|3\n|inactive|Cm3112 has 30 seconds left.\n|inactive|nickfang6 has 30 seconds left.\n|inactive|Cm3112 has 20 seconds left.\n|\n|t:|1684078021\n|switch|p2a: Great Tusk|Great Tusk, L50|100\/100\n|-terastallize|p2b: Flutter Mane|Fairy\n|move|p1a: Grimmsnarl|Sucker Punch|p2b: Flutter Mane\n|-resisted|p2b: Flutter Mane\n|-damage|p2b: Flutter Mane|9\/100\n|move|p2b: Flutter Mane|Dazzling Gleam|p1b: Iron Hands|[spread] p1a,p1b\n|-supereffective|p1a: Grimmsnarl\n|-supereffective|p1b: Iron Hands\n|-damage|p1a: Grimmsnarl|0 fnt\n|-damage|p1b: Iron Hands|33\/100\n|faint|p1a: Grimmsnarl\n|move|p1b: Iron Hands|Drain Punch|p2a: Great Tusk\n|-damage|p2a: Great Tusk|65\/100\n|-heal|p1b: Iron Hands|46\/100|[from] drain|[of] p2a: Great Tusk\n|\n|upkeep\n|inactive|Cm3112 has 30 seconds left.\n|\n|t:|1684078052\n|switch|p1a: Gholdengo|Gholdengo, L50|100\/100\n|turn|4\n|inactive|Cm3112 has 30 seconds left.\n|inactive|Cm3112 has 20 seconds left.\n|inactive|Cm3112 has 15 seconds left.\n|inactive|Cm3112 has 10 seconds left.\n|inactive|Cm3112 has 5 seconds left.\n|\n|t:|1684078105\n|-terastallize|p1a: Gholdengo|Water\n|move|p2b: Flutter Mane|Protect|p2b: Flutter Mane\n|-singleturn|p2b: Flutter Mane|Protect\n|move|p2a: Great Tusk|Earthquake|p1a: Gholdengo|[spread] p1a,p1b\n|-activate|p2b: Flutter Mane|move: Protect\n|-supereffective|p1b: Iron Hands\n|-damage|p1a: Gholdengo|63\/100\n|-damage|p1b: Iron Hands|0 fnt\n|faint|p1b: Iron Hands\n|-end|p1b: Iron Hands|Quark Drive|[silent]\n|move|p1a: Gholdengo|Tera Blast|p2a: Great Tusk\n|-supereffective|p2a: Great Tusk\n|-damage|p2a: Great Tusk|0 fnt\n|faint|p2a: Great Tusk\n|-end|p2a: Great Tusk|Protosynthesis|[silent]\n|\n|upkeep\n|inactive|nickfang6 has 30 seconds left.\n|\n|t:|1684078133\n|switch|p2a: Chien-Pao|Chien-Pao, L50|100\/100\n|switch|p1b: Chien-Pao|Chien-Pao, L50|100\/100\n|-ability|p2a: Chien-Pao|Sword of Ruin\n|-ability|p1b: Chien-Pao|Sword of Ruin\n|turn|5\n|inactive|nickfang6 has 30 seconds left.\n|inactive|Cm3112 has 30 seconds left.\n|inactive|nickfang6 has 20 seconds left.\n|inactive|nickfang6 has 15 seconds left.\n|inactive|nickfang6 has 10 seconds left.\n|\n|t:|1684078181\n|move|p1b: Chien-Pao|Sucker Punch|p2b: Flutter Mane\n|-resisted|p2b: Flutter Mane\n|-damage|p2b: Flutter Mane|0 fnt\n|faint|p2b: Flutter Mane\n|-end|p2b: Flutter Mane|Protosynthesis|[silent]\n|move|p2a: Chien-Pao|Sacred Sword|p1b: Chien-Pao\n|-supereffective|p1b: Chien-Pao\n|-damage|p1b: Chien-Pao|0 fnt\n|faint|p1b: Chien-Pao\n|move|p1a: Gholdengo|Make It Rain|p2a: Chien-Pao\n|-supereffective|p2a: Chien-Pao\n|-enditem|p2a: Chien-Pao|Focus Sash\n|-damage|p2a: Chien-Pao|1\/100\n|-unboost|p1a: Gholdengo|spa|1\n|\n|upkeep\n|\n|t:|1684078183\n|switch|p2b: Kingambit|Kingambit, L50, F|78\/100\n|turn|6\n|-message|Cm3112 forfeited.\n|\n|win|nickfang6\n|raw|Cm3112's rating: 1595 → 1572<\/strong> (-23 for losing)\n|raw|nickfang6's rating: 1538 → 1561<\/strong> (+23 for winning)\n|l|\u2606Cm3112\n","uploadtime":1684078201,"views":14,"p1id":"cm3112","p2id":"nickfang6","formatid":"gen9vgc2023regulationc","rating":1561,"private":0,"password":""}