{"id":"gen9vgc2023regulationc-1860187910","p1":"m175128050523","p2":"walk_the_void","format":"[Gen 9] VGC 2023 Regulation C","log":"|j|\u2606m175128050523\n|j|\u2606walk_the_void\n|t:|1683606964\n|gametype|doubles\n|player|p1|m175128050523|silver|1111\n|player|p2|walk_the_void|clair|1131\n|teamsize|p1|6\n|teamsize|p2|6\n|gen|9\n|tier|[Gen 9] VGC 2023 Regulation C\n|rated|\n|rule|Species Clause: Limit one of each Pok\u00e9mon\n|rule|Item Clause: Limit one of each item\n|clearpoke\n|poke|p1|Chien-Pao, L50|\n|poke|p1|Dragonite, L50, M|\n|poke|p1|Palafin, L50, M|\n|poke|p1|Arcanine, L50, M|\n|poke|p1|Amoonguss, L50, M|\n|poke|p1|Iron Hands, L50|\n|poke|p2|Cetitan, L50, M|\n|poke|p2|Abomasnow, L50, M|\n|poke|p2|Sylveon, L50, F|\n|poke|p2|Arcanine, L50, M|\n|poke|p2|Iron Bundle, L50|\n|poke|p2|Kingambit, L50, M|\n|teampreview|4\nm175128050523 has agreed to open team sheets.\n|inactive|Battle timer is ON: inactive players will automatically lose when time's up. (requested by m175128050523)\n|\n|t:|1683607046\n|start\n|switch|p1a: Dragonite|Dragonite, L50, M|100\/100\n|switch|p1b: Chien-Pao|Chien-Pao, L50|100\/100\n|switch|p2a: Rover|Abomasnow, L50, M|100\/100\n|switch|p2b: Silverheart|Iron Bundle, L50, shiny|100\/100\n|-ability|p1b: Chien-Pao|Sword of Ruin\n|-weather|Snow|[from] ability: Snow Warning|[of] p2a: Rover\n|-enditem|p2b: Silverheart|Booster Energy\n|-activate|p2b: Silverheart|ability: Quark Drive|[fromitem]\n|-start|p2b: Silverheart|quarkdrivespe\n|turn|1\n|inactive|walk_the_void has 30 seconds left.\n|inactive|walk_the_void has 20 seconds left.\n|inactive|walk_the_void has 15 seconds left.\n|inactive|walk_the_void has 10 seconds left.\n|\n|t:|1683607094\n|-terastallize|p1a: Dragonite|Normal\n|move|p1b: Chien-Pao|Protect|p1b: Chien-Pao\n|-singleturn|p1b: Chien-Pao|Protect\n|move|p1a: Dragonite|Extreme Speed|p2b: Silverheart\n|-damage|p2b: Silverheart|30\/100\n|move|p2b: Silverheart|Icy Wind|p1b: Chien-Pao|[spread] \n|-activate|p1b: Chien-Pao|move: Protect\n|-miss|p2b: Silverheart|p1a: Dragonite\n|move|p2a: Rover|Aurora Veil|p2a: Rover\n|-sidestart|p2: walk_the_void|move: Aurora Veil\n|\n|-weather|Snow|[upkeep]\n|upkeep\n|turn|2\n|inactive|m175128050523 has 30 seconds left.\n|inactive|m175128050523 has 20 seconds left.\n|\n|t:|1683607129\n|switch|p1b: Arcanine|Arcanine, L50, M|100\/100\n|-ability|p1b: Arcanine|Intimidate|boost\n|-unboost|p2a: Rover|atk|1\n|-unboost|p2b: Silverheart|atk|1\n|move|p2b: Silverheart|Protect|p2b: Silverheart\n|-singleturn|p2b: Silverheart|Protect\n|move|p1a: Dragonite|Extreme Speed|p2b: Silverheart\n|-activate|p2b: Silverheart|move: Protect\n|move|p2a: Rover|Blizzard|p1b: Arcanine|[spread] p1a,p1b\n|-resisted|p1b: Arcanine\n|-damage|p1a: Dragonite|73\/100\n|-damage|p1b: Arcanine|89\/100\n|\n|-weather|Snow|[upkeep]\n|upkeep\n|turn|3\n|\n|t:|1683607149\n|-end|p2b: Silverheart|Quark Drive|[silent]\n|switch|p2b: Blitzen|Arcanine, L50, M|100\/100\n|-ability|p2b: Blitzen|Intimidate|boost\n|-fail|p1a: Dragonite|unboost|Attack|[from] ability: Inner Focus|[of] p1a: Dragonite\n|-unboost|p1b: Arcanine|atk|1\n|move|p1a: Dragonite|Extreme Speed|p2b: Blitzen\n|-damage|p2b: Blitzen|48\/100\n|move|p1b: Arcanine|Flare Blitz|p2a: Rover\n|-supereffective|p2a: Rover\n|-damage|p2a: Rover|36\/100\n|-damage|p1b: Arcanine|68\/100|[from] Recoil\n|move|p2a: Rover|Blizzard|p1a: Dragonite|[spread] p1a,p1b\n|-resisted|p1b: Arcanine\n|-damage|p1a: Dragonite|46\/100\n|-damage|p1b: Arcanine|57\/100\n|-status|p1a: Dragonite|frz\n|\n|-weather|Snow|[upkeep]\n|upkeep\n|turn|4\n|inactive|m175128050523 has 30 seconds left.\n|\n|t:|1683607179\n|switch|p2b: Bunker|Cetitan, L50, M, shiny|100\/100\n|switch|p1a: Palafin|Palafin, L50, M|100\/100\n|move|p2a: Rover|Protect|p2a: Rover\n|-singleturn|p2a: Rover|Protect\n|move|p1b: Arcanine|Flare Blitz|p2a: Rover\n|-activate|p2a: Rover|move: Protect\n|\n|-weather|Snow|[upkeep]\n|upkeep\n|turn|5\n|\n|t:|1683607195\n|detailschange|p1a: Palafin|Palafin-Hero, L50, M\n|switch|p1a: Dragonite|Dragonite, L50, M, tera:Normal|46\/100 frz\n|-terastallize|p2b: Bunker|Ground\n|move|p2b: Bunker|Earthquake|p1a: Dragonite|[spread] p2a,p1a,p1b\n|-resisted|p2a: Rover\n|-supereffective|p1b: Arcanine\n|-damage|p2a: Rover|25\/100\n|-damage|p1a: Dragonite|4\/100 frz\n|-damage|p1b: Arcanine|0 fnt\n|faint|p1b: Arcanine\n|move|p2a: Rover|Energy Ball|p1a: Dragonite\n|-damage|p1a: Dragonite|0 fnt\n|faint|p1a: Dragonite\n|\n|-weather|none\n|-sideend|p2: walk_the_void|move: Aurora Veil\n|upkeep\n|\n|t:|1683607213\n|switch|p1a: Chien-Pao|Chien-Pao, L50|100\/100\n|switch|p1b: Palafin|Palafin-Hero, L50, M|100\/100\n|-ability|p1a: Chien-Pao|Sword of Ruin\n|-activate|p1b: Palafin|ability: Zero to Hero\n|turn|6\n|\n|t:|1683607225\n|switch|p2b: Silverheart|Iron Bundle, L50, shiny|30\/100\n|switch|p2a: Blitzen|Arcanine, L50, M|48\/100\n|-ability|p2a: Blitzen|Intimidate|boost\n|-unboost|p1a: Chien-Pao|atk|1\n|-unboost|p1b: Palafin|atk|1\n|move|p1b: Palafin|Jet Punch|p2b: Silverheart\n|-resisted|p2b: Silverheart\n|-damage|p2b: Silverheart|6\/100\n|move|p1a: Chien-Pao|Ice Spinner|p2a: Blitzen\n|-resisted|p2a: Blitzen\n|-damage|p2a: Blitzen|29\/100\n|\n|upkeep\n|turn|7\n|\n|t:|1683607243\n|move|p1a: Chien-Pao|Ice Shard|p2b: Silverheart\n|-resisted|p2b: Silverheart\n|-damage|p2b: Silverheart|0 fnt\n|faint|p2b: Silverheart\n|-end|p2b: Silverheart|Quark Drive|[silent]\n|move|p1b: Palafin|Jet Punch|p2a: Blitzen\n|-supereffective|p2a: Blitzen\n|-damage|p2a: Blitzen|0 fnt\n|faint|p2a: Blitzen\n|\n|upkeep\n|\n|t:|1683607251\n|switch|p2b: Bunker|Cetitan, L50, M, shiny, tera:Ground|100\/100\n|switch|p2a: Rover|Abomasnow, L50, M|25\/100\n|-weather|Snow|[from] ability: Snow Warning|[of] p2a: Rover\n|turn|8\n|\n|t:|1683607261\n|move|p1a: Chien-Pao|Ice Shard|p2b: Bunker\n|-supereffective|p2b: Bunker\n|-damage|p2b: Bunker|66\/100\n|move|p1b: Palafin|Jet Punch|p2b: Bunker\n|-supereffective|p2b: Bunker\n|-damage|p2b: Bunker|0 fnt\n|faint|p2b: Bunker\n|move|p2a: Rover|Energy Ball|p1b: Palafin\n|-supereffective|p1b: Palafin\n|-damage|p1b: Palafin|38\/100\n|-unboost|p1b: Palafin|spd|1\n|\n|-weather|Snow|[upkeep]\n|upkeep\n|turn|9\n|\n|t:|1683607275\n|move|p1a: Chien-Pao|Ice Spinner|p2a: Rover\n|-damage|p2a: Rover|0 fnt\n|faint|p2a: Rover\n|\n|win|m175128050523\n|raw|m175128050523's rating: 1111 → 1137<\/strong> (+26 for winning)\n|raw|walk_the_void's rating: 1131 → 1105<\/strong> (-26 for losing)\n","uploadtime":1683607280,"views":6,"p1id":"m175128050523","p2id":"walkthevoid","formatid":"gen9vgc2023regulationc","rating":1105,"private":0,"password":""}