{"id":"gen9vgc2023regulationc-1854159032","p1":"LasermanZ111","p2":"Esspecialy","format":"[Gen 9] VGC 2023 Regulation C","log":"|j|\u2606LasermanZ111\n|j|\u2606Esspecialy\n|t:|1682777887\n|gametype|doubles\n|player|p1|LasermanZ111|red|1288\n|player|p2|Esspecialy|burglar|1365\n|teamsize|p1|6\n|teamsize|p2|6\n|gen|9\n|tier|[Gen 9] VGC 2023 Regulation C\n|rated|\n|rule|Species Clause: Limit one of each Pok\u00e9mon\n|rule|Item Clause: Limit one of each item\n|clearpoke\n|poke|p1|Chi-Yu, L50|\n|poke|p1|Amoonguss, L50, M|\n|poke|p1|Flutter Mane, L50|\n|poke|p1|Iron Hands, L50|\n|poke|p1|Gyarados, L50, M|\n|poke|p1|Baxcalibur, L50, M|\n|poke|p2|Iron Jugulis, L50|\n|poke|p2|Azumarill, L50, F|\n|poke|p2|Pincurchin, L50, M|\n|poke|p2|Lilligant, L50, F|\n|poke|p2|Iron Treads, L50|\n|poke|p2|Ceruledge, L50, M|\n|teampreview|4\nLasermanZ111 has agreed to open team sheets.\n|inactive|Battle timer is ON: inactive players will automatically lose when time's up. (requested by Esspecialy)\n|inactive|LasermanZ111 has 60 seconds left.\n|inactive|LasermanZ111 has 30 seconds left.\n|inactive|LasermanZ111 has 20 seconds left.\n|inactive|LasermanZ111 has 15 seconds left.\n|inactive|LasermanZ111 has 10 seconds left.\n|\n|t:|1682778018\n|start\n|switch|p1a: Iron Hands|Iron Hands, L50|100\/100\n|switch|p1b: Chi-Yu|Chi-Yu, L50|100\/100\n|switch|p2a: E-Jugs|Iron Jugulis, L50, shiny|100\/100\n|switch|p2b: E-Churchin|Pincurchin, L50, M, shiny|100\/100\n|-ability|p1b: Chi-Yu|Beads of Ruin\n|-fieldstart|move: Electric Terrain|[from] ability: Electric Surge|[of] p2b: E-Churchin\n|-activate|p2a: E-Jugs|ability: Quark Drive\n|-start|p2a: E-Jugs|quarkdrivespe\n|-activate|p1a: Iron Hands|ability: Quark Drive\n|-start|p1a: Iron Hands|quarkdriveatk\n|turn|1\n|inactive|LasermanZ111 has 30 seconds left.\n|\n|t:|1682778049\n|move|p1a: Iron Hands|Fake Out|p2a: E-Jugs\n|-damage|p2a: E-Jugs|81\/100\n|cant|p2a: E-Jugs|flinch\n|move|p1b: Chi-Yu|Overheat|p2b: E-Churchin\n|-damage|p2b: E-Churchin|4\/100\n|-unboost|p1b: Chi-Yu|spa|2\n|move|p2b: E-Churchin|Zing Zap|p1b: Chi-Yu\n|-damage|p1b: Chi-Yu|43\/100\n|\n|upkeep\n|turn|2\n|\n|t:|1682778070\n|move|p1b: Chi-Yu|Protect|p1b: Chi-Yu\n|-singleturn|p1b: Chi-Yu|Protect\n|move|p2a: E-Jugs|Tailwind|p2a: E-Jugs\n|-sidestart|p2: Esspecialy|move: Tailwind\n|move|p1a: Iron Hands|Wild Charge|p2a: E-Jugs\n|-supereffective|p2a: E-Jugs\n|-damage|p2a: E-Jugs|0 fnt\n|faint|p2a: E-Jugs\n|-end|p2a: E-Jugs|Quark Drive|[silent]\n|-damage|p1a: Iron Hands|83\/100|[from] Recoil\n|move|p2b: E-Churchin|Zing Zap|p1b: Chi-Yu\n|-activate|p1b: Chi-Yu|move: Protect\n|\n|upkeep\n|\n|t:|1682778082\n|switch|p2a: E-Marill|Azumarill, L50, F|100\/100\n|turn|3\n|inactive|LasermanZ111 has 30 seconds left.\n|\n|t:|1682778115\n|switch|p1b: Flutter Mane|Flutter Mane, L50|100\/100\n|-enditem|p1b: Flutter Mane|Booster Energy\n|-activate|p1b: Flutter Mane|ability: Protosynthesis|[fromitem]\n|-start|p1b: Flutter Mane|protosynthesisspe\n|move|p2a: E-Marill|Play Rough|p1a: Iron Hands\n|-supereffective|p1a: Iron Hands\n|-damage|p1a: Iron Hands|0 fnt\n|faint|p1a: Iron Hands\n|-end|p1a: Iron Hands|Quark Drive|[silent]\n|move|p2b: E-Churchin|Thunder Wave|p1b: Flutter Mane\n|-status|p1b: Flutter Mane|par\n|\n|upkeep\n|inactive|LasermanZ111 has 30 seconds left.\n|\n|t:|1682778149\n|switch|p1a: Gyarados|Gyarados, L50, M, shiny|100\/100\n|-ability|p1a: Gyarados|Intimidate|boost\n|-unboost|p2a: E-Marill|atk|1\n|-unboost|p2b: E-Churchin|atk|1\n|turn|4\n|\n|t:|1682778165\n|-terastallize|p2a: E-Marill|Water\n|-terastallize|p1a: Gyarados|Steel\n|move|p1b: Flutter Mane|Protect|p1b: Flutter Mane\n|-singleturn|p1b: Flutter Mane|Protect\n|move|p2b: E-Churchin|Sucker Punch|p1a: Gyarados\n|-crit|p1a: Gyarados\n|-damage|p1a: Gyarados|81\/100\n|move|p2a: E-Marill|Liquidation|p1b: Flutter Mane\n|-activate|p1b: Flutter Mane|move: Protect\n|move|p1a: Gyarados|Waterfall|p2b: E-Churchin\n|-damage|p2b: E-Churchin|0 fnt\n|faint|p2b: E-Churchin\n|\n|upkeep\n|\n|t:|1682778172\n|switch|p2b: E-Treads|Iron Treads, L50, shiny|100\/100\n|-activate|p2b: E-Treads|ability: Quark Drive\n|-start|p2b: E-Treads|quarkdriveatk\n|turn|5\n|inactive|LasermanZ111 has 30 seconds left.\n|inactive|Esspecialy has 30 seconds left.\n|\n|t:|1682778202\n|move|p2b: E-Treads|Stomping Tantrum|p1a: Gyarados\n|-supereffective|p1a: Gyarados\n|-damage|p1a: Gyarados|0 fnt\n|faint|p1a: Gyarados\n|move|p2a: E-Marill|Liquidation|p1b: Flutter Mane\n|-damage|p1b: Flutter Mane|25\/100 par\n|cant|p1b: Flutter Mane|par\n|\n|-sideend|p2: Esspecialy|move: Tailwind\n|upkeep\n|c|\u2606LasermanZ111|oh come on\n|c|\u2606LasermanZ111|this is why ots is a thing in the first place\n|\n|t:|1682778222\n|switch|p1a: Chi-Yu|Chi-Yu, L50|43\/100\n|-ability|p1a: Chi-Yu|Beads of Ruin\n|turn|6\n|c|\u2606Esspecialy|lol\n|\n|t:|1682778247\n|move|p2a: E-Marill|Aqua Jet|p1a: Chi-Yu\n|-supereffective|p1a: Chi-Yu\n|-damage|p1a: Chi-Yu|0 fnt\n|faint|p1a: Chi-Yu\n|move|p2b: E-Treads|Stomping Tantrum|p1b: Flutter Mane\n|-damage|p1b: Flutter Mane|0 fnt\n|faint|p1b: Flutter Mane\n|-end|p1b: Flutter Mane|Protosynthesis|[silent]\n|\n|win|Esspecialy\n|raw|LasermanZ111's rating: 1288 → 1268<\/strong> (-20 for losing)\n|raw|Esspecialy's rating: 1365 → 1381<\/strong> (+16 for winning)\n|c|\u2606Esspecialy|i mean my azu is AV so i dont think dgleam would have done much\n","uploadtime":1682778256,"views":48,"p1id":"lasermanz111","p2id":"esspecialy","formatid":"gen9vgc2023regulationc","rating":1268,"private":0,"password":""}