{"id":"gen9vgc2023regulationc-1852115794","p1":"ScrubShadedPurple","p2":"Wormfury","format":"[Gen 9] VGC 2023 Regulation C","log":"|j|\u2606ScrubShadedPurple\n|j|\u2606Wormfury\n|t:|1682525410\n|gametype|doubles\n|player|p1|ScrubShadedPurple|102|1244\n|player|p2|Wormfury|169|1311\n|teamsize|p1|6\n|teamsize|p2|6\n|gen|9\n|tier|[Gen 9] VGC 2023 Regulation C\n|rated|\n|rule|Species Clause: Limit one of each Pok\u00e9mon\n|rule|Item Clause: Limit one of each item\n|clearpoke\n|poke|p1|Ceruledge, L50, F|\n|poke|p1|Chien-Pao, L50|\n|poke|p1|Amoonguss, L50, F|\n|poke|p1|Corviknight, L50, M|\n|poke|p1|Flutter Mane, L50|\n|poke|p1|Iron Hands, L50|\n|poke|p2|Flutter Mane, L50|\n|poke|p2|Annihilape, L50, M|\n|poke|p2|Palafin, L50, M|\n|poke|p2|Abomasnow, L50, M|\n|poke|p2|Iron Bundle, L50|\n|poke|p2|Roaring Moon, L50|\n|teampreview|4\n|inactive|Battle timer is ON: inactive players will automatically lose when time's up. (requested by ScrubShadedPurple)\n|inactive|ScrubShadedPurple has 60 seconds left.\n|inactive|Wormfury has 60 seconds left.\n|inactive|Wormfury has 30 seconds left.\n|\n|t:|1682525472\n|start\n|switch|p1a: Amoonguss|Amoonguss, L50, F|100\/100\n|switch|p1b: Ceruledge|Ceruledge, L50, F, shiny|100\/100\n|switch|p2a: Palafin|Palafin, L50, M|100\/100\n|switch|p2b: Iron Bundle|Iron Bundle, L50|100\/100\n|turn|1\n|\n|t:|1682525495\n|detailschange|p2a: Palafin|Palafin-Hero, L50, M\n|switch|p2a: Obomasnow|Abomasnow, L50, M, shiny|100\/100\n|-weather|Snow|[from] ability: Snow Warning|[of] p2a: Obomasnow\n|move|p1b: Ceruledge|Protect|p1b: Ceruledge\n|-singleturn|p1b: Ceruledge|Protect\n|move|p2b: Iron Bundle|Blizzard|p1a: Amoonguss|[spread] p1a\n|-activate|p1b: Ceruledge|move: Protect\n|-supereffective|p1a: Amoonguss\n|-damage|p1a: Amoonguss|5\/100\n|-damage|p2b: Iron Bundle|91\/100|[from] item: Life Orb\n|move|p1a: Amoonguss|Spore|p2b: Iron Bundle\n|-status|p2b: Iron Bundle|slp|[from] move: Spore\n|\n|-weather|Snow|[upkeep]\n|upkeep\n|turn|2\n|\n|t:|1682525520\n|switch|p1a: Iron Hands|Iron Hands, L50|100\/100\n|move|p2a: Obomasnow|Protect|p2a: Obomasnow\n|-singleturn|p2a: Obomasnow|Protect\n|cant|p2b: Iron Bundle|slp\n|move|p1b: Ceruledge|Bulk Up|p1b: Ceruledge\n|-boost|p1b: Ceruledge|atk|1\n|-boost|p1b: Ceruledge|def|1\n|\n|-weather|Snow|[upkeep]\n|upkeep\n|turn|3\n|inactive|ScrubShadedPurple has 30 seconds left.\n|\n|t:|1682525547\n|move|p1a: Iron Hands|Fake Out|p2a: Obomasnow\n|-damage|p2a: Obomasnow|86\/100\n|cant|p2b: Iron Bundle|slp\n|move|p1b: Ceruledge|Bitter Blade|p2b: Iron Bundle\n|-crit|p2b: Iron Bundle\n|-damage|p2b: Iron Bundle|0 fnt\n|faint|p2b: Iron Bundle\n|-end|p2b: Iron Bundle|Quark Drive|[silent]\n|cant|p2a: Obomasnow|flinch\n|\n|-weather|Snow|[upkeep]\n|upkeep\n|\n|t:|1682525558\n|switch|p2b: Flutter Mane|Flutter Mane, L50, shiny|100\/100\n|turn|4\n|\n|t:|1682525575\n|move|p1b: Ceruledge|Protect|p1b: Ceruledge\n|-singleturn|p1b: Ceruledge|Protect\n|move|p2b: Flutter Mane|Dazzling Gleam|p1a: Iron Hands|[spread] p1a\n|-activate|p1b: Ceruledge|move: Protect\n|-supereffective|p1a: Iron Hands\n|-damage|p1a: Iron Hands|67\/100\n|move|p2a: Obomasnow|Aurora Veil|p2a: Obomasnow\n|-sidestart|p2: Wormfury|move: Aurora Veil\n|move|p1a: Iron Hands|Volt Switch|p2b: Flutter Mane\n|-damage|p2b: Flutter Mane|91\/100\n|\n|t:|1682525589\n|-end|p1a: Iron Hands|Quark Drive|[silent]\n|switch|p1a: Amoonguss|Amoonguss, L50, F|38\/100|[from] Volt Switch\n|\n|-weather|Snow|[upkeep]\n|upkeep\n|turn|5\n|inactive|Wormfury has 30 seconds left.\n|\n|t:|1682525615\n|switch|p1a: Iron Hands|Iron Hands, L50|67\/100\n|-terastallize|p1b: Ceruledge|Grass\n|move|p2a: Obomasnow|Helping Hand|p2b: Flutter Mane\n|-singleturn|p2b: Flutter Mane|Helping Hand|[of] p2a: Obomasnow\n|move|p1b: Ceruledge|Shadow Sneak|p2b: Flutter Mane\n|-supereffective|p2b: Flutter Mane\n|-damage|p2b: Flutter Mane|5\/100\n|move|p2b: Flutter Mane|Dazzling Gleam|p1b: Ceruledge|[spread] p1a,p1b\n|-supereffective|p1a: Iron Hands\n|-damage|p1a: Iron Hands|14\/100\n|-damage|p1b: Ceruledge|59\/100\n|\n|-weather|none\n|upkeep\n|turn|6\n|\n|t:|1682525638\n|move|p1a: Iron Hands|Fake Out|p2a: Obomasnow\n|-damage|p2a: Obomasnow|73\/100\n|move|p1b: Ceruledge|Shadow Sneak|p2b: Flutter Mane\n|-supereffective|p2b: Flutter Mane\n|-damage|p2b: Flutter Mane|0 fnt\n|faint|p2b: Flutter Mane\n|-end|p2b: Flutter Mane|Protosynthesis|[silent]\n|cant|p2a: Obomasnow|flinch\n|\n|upkeep\n|\n|t:|1682525641\n|switch|p2b: Palafin|Palafin-Hero, L50, M|100\/100\n|-activate|p2b: Palafin|ability: Zero to Hero\n|turn|7\n|inactive|ScrubShadedPurple has 30 seconds left.\n|\n|t:|1682525667\n|move|p2a: Obomasnow|Ice Shard|p1a: Iron Hands\n|-damage|p1a: Iron Hands|4\/100\n|move|p2b: Palafin|Acrobatics|p1b: Ceruledge\n|-supereffective|p1b: Ceruledge\n|-damage|p1b: Ceruledge|23\/100\n|move|p1b: Ceruledge|Bitter Blade|p2a: Obomasnow\n|-supereffective|p2a: Obomasnow\n|-damage|p2a: Obomasnow|0 fnt\n|-heal|p1b: Ceruledge|63\/100|[from] drain|[of] p2a: Obomasnow\n|faint|p2a: Obomasnow\n|move|p1a: Iron Hands|Wild Charge|p2b: Palafin\n|-supereffective|p2b: Palafin\n|-damage|p2b: Palafin|23\/100\n|-damage|p1a: Iron Hands|0 fnt|[from] Recoil\n|faint|p1a: Iron Hands\n|-end|p1a: Iron Hands|Quark Drive|[silent]\n|\n|upkeep\n|-message|Wormfury forfeited.\n|\n|win|ScrubShadedPurple\n|raw|ScrubShadedPurple's rating: 1244 → 1274<\/strong> (+30 for winning)\n|raw|Wormfury's rating: 1311 → 1287<\/strong> (-24 for losing)\n|l|\u2606Wormfury\n","uploadtime":1682525684,"views":9,"p1id":"scrubshadedpurple","p2id":"wormfury","formatid":"gen9vgc2023regulationc","rating":1274,"private":0,"password":""}