{"id":"gen9vgc2023regulationc-1857929781","p1":"bubafulbo","p2":"McDubbieEnthusiast","format":"[Gen 9] VGC 2023 Regulation C","log":"|j|\u2606bubafulbo\n|j|\u2606McDubbieEnthusiast\n|t:|1683248648\n|gametype|doubles\n|player|p1|bubafulbo|cynthia-gen4|1291\n|player|p2|McDubbieEnthusiast|waiter-gen4|1378\n|teamsize|p1|6\n|teamsize|p2|6\n|gen|9\n|tier|[Gen 9] VGC 2023 Regulation C\n|rated|\n|rule|Species Clause: Limit one of each Pok\u00e9mon\n|rule|Item Clause: Limit one of each item\n|clearpoke\n|poke|p1|Dragapult, L50, M|\n|poke|p1|Amoonguss, L50, F|\n|poke|p1|Ting-Lu, L50|\n|poke|p1|Arcanine, L50, M|\n|poke|p1|Palafin, L50, M|\n|poke|p1|Flutter Mane, L50|\n|poke|p2|Tyranitar, L50, M|\n|poke|p2|Garchomp, L50, F|\n|poke|p2|Scream Tail, L50|\n|poke|p2|Corviknight, L50, F|\n|poke|p2|Gholdengo, L50|\n|poke|p2|Dragonite, L50, M|\n|teampreview|4\n|inactive|Battle timer is ON: inactive players will automatically lose when time's up. (requested by McDubbieEnthusiast)\n|inactive|bubafulbo has 60 seconds left.\n|\n|t:|1683248728\n|start\n|switch|p1a: Dragapult|Dragapult, L50, M|100\/100\n|switch|p1b: Arcanine|Arcanine, L50, M|100\/100\n|switch|p2a: Beholder|Scream Tail, L50, shiny|100\/100\n|switch|p2b: Tarrasque|Tyranitar, L50, M, shiny|100\/100\n|-ability|p1b: Arcanine|Intimidate|boost\n|-unboost|p2a: Beholder|atk|1\n|-unboost|p2b: Tarrasque|atk|1\n|-weather|Sandstorm|[from] ability: Sand Stream|[of] p2b: Tarrasque\n|-enditem|p2a: Beholder|Booster Energy\n|-activate|p2a: Beholder|ability: Protosynthesis|[fromitem]\n|-start|p2a: Beholder|protosynthesisspe\n|turn|1\n|inactive|bubafulbo has 30 seconds left.\n|inactive|McDubbieEnthusiast has 30 seconds left.\n|\n|t:|1683248757\n|move|p2b: Tarrasque|Protect|p2b: Tarrasque\n|-singleturn|p2b: Tarrasque|Protect\n|move|p2a: Beholder|Thunder Wave|p1b: Arcanine\n|-status|p1b: Arcanine|par\n|move|p1a: Dragapult|Phantom Force||[still]\n|-prepare|p1a: Dragapult|Phantom Force\n|move|p1b: Arcanine|Wild Charge|p2b: Tarrasque\n|-activate|p2b: Tarrasque|move: Protect\n|\n|-weather|Sandstorm|[upkeep]\n|-damage|p2a: Beholder|95\/100|[from] Sandstorm\n|-damage|p1a: Dragapult|94\/100|[from] Sandstorm\n|-damage|p1b: Arcanine|94\/100 par|[from] Sandstorm\n|upkeep\n|turn|2\n|inactive|McDubbieEnthusiast has 30 seconds left.\n|\n|t:|1683248785\n|switch|p1b: Ting-Lu|Ting-Lu, L50|100\/100\n|-ability|p1b: Ting-Lu|Vessel of Ruin\n|move|p2a: Beholder|Encore||[still]\n|-fail|p2a: Beholder\n|move|p1a: Dragapult|Phantom Force|p2a: Beholder|[from]lockedmove\n|-supereffective|p2a: Beholder\n|-damage|p2a: Beholder|24\/100\n|move|p2b: Tarrasque|Dragon Dance|p2b: Tarrasque\n|-boost|p2b: Tarrasque|atk|1\n|-boost|p2b: Tarrasque|spe|1\n|\n|-weather|Sandstorm|[upkeep]\n|-damage|p2a: Beholder|18\/100|[from] Sandstorm\n|-damage|p1a: Dragapult|88\/100|[from] Sandstorm\n|upkeep\n|turn|3\n|inactive|bubafulbo has 30 seconds left.\n|\n|t:|1683248816\n|move|p2a: Beholder|Thunder Wave|p1a: Dragapult\n|-status|p1a: Dragapult|par\n|move|p2b: Tarrasque|Dragon Dance|p2b: Tarrasque\n|-boost|p2b: Tarrasque|atk|1\n|-boost|p2b: Tarrasque|spe|1\n|cant|p1a: Dragapult|par\n|move|p1b: Ting-Lu|Ruination|p2b: Tarrasque\n|-damage|p2b: Tarrasque|51\/100\n|\n|-weather|Sandstorm|[upkeep]\n|-damage|p2a: Beholder|13\/100|[from] Sandstorm\n|-damage|p1a: Dragapult|82\/100 par|[from] Sandstorm\n|upkeep\n|turn|4\n|\n|t:|1683248838\n|move|p2b: Tarrasque|Protect|p2b: Tarrasque\n|-singleturn|p2b: Tarrasque|Protect\n|move|p2a: Beholder|Disable|p1b: Ting-Lu\n|-start|p1b: Ting-Lu|Disable|Ruination\n|move|p1a: Dragapult|Phantom Force||[still]\n|-prepare|p1a: Dragapult|Phantom Force\n|move|p1b: Ting-Lu|Stomping Tantrum|p2b: Tarrasque\n|-activate|p2b: Tarrasque|move: Protect\n|\n|-weather|Sandstorm|[upkeep]\n|-damage|p2a: Beholder|7\/100|[from] Sandstorm\n|-damage|p1a: Dragapult|76\/100 par|[from] Sandstorm\n|upkeep\n|turn|5\n|inactive|McDubbieEnthusiast has 30 seconds left.\n|inactive|McDubbieEnthusiast has 20 seconds left.\n|inactive|McDubbieEnthusiast has 15 seconds left.\n|inactive|McDubbieEnthusiast has 10 seconds left.\n|\n|t:|1683248888\n|switch|p2b: Brass|Dragonite, L50, M|100\/100\n|move|p2a: Beholder|Encore|p1b: Ting-Lu\n|-start|p1b: Ting-Lu|Encore\n|move|p1a: Dragapult|Phantom Force|p2b: Brass|[from]lockedmove\n|-damage|p2b: Brass|60\/100\n|move|p1b: Ting-Lu|Stomping Tantrum|p2b: Brass\n|-immune|p2b: Brass\n|\n|-weather|none\n|upkeep\n|turn|6\n|inactive|McDubbieEnthusiast has 30 seconds left.\n|\n|t:|1683248921\n|move|p2a: Beholder|Dazzling Gleam|p1b: Ting-Lu|[spread] p1a,p1b\n|-supereffective|p1a: Dragapult\n|-supereffective|p1b: Ting-Lu\n|-crit|p1b: Ting-Lu\n|-damage|p1a: Dragapult|45\/100 par\n|-damage|p1b: Ting-Lu|85\/100\n|move|p2b: Brass|Outrage|p1a: Dragapult\n|-supereffective|p1a: Dragapult\n|-damage|p1a: Dragapult|0 fnt\n|faint|p1a: Dragapult\n|move|p1b: Ting-Lu|Stomping Tantrum|p2a: Beholder\n|-crit|p2a: Beholder\n|-damage|p2a: Beholder|0 fnt\n|faint|p2a: Beholder\n|-end|p2a: Beholder|Protosynthesis|[silent]\n|\n|upkeep\n|\n|t:|1683248942\n|switch|p1a: Arcanine|Arcanine, L50, M|94\/100 par\n|switch|p2a: Mimic|Gholdengo, L50|100\/100\n|-ability|p1a: Arcanine|Intimidate|boost\n|-unboost|p2a: Mimic|atk|1\n|-fail|p2b: Brass|unboost|Attack|[from] ability: Inner Focus|[of] p2b: Brass\n|turn|7\n|inactive|McDubbieEnthusiast has 30 seconds left.\n|inactive|McDubbieEnthusiast has 20 seconds left.\n|inactive|McDubbieEnthusiast has 15 seconds left.\n|\n|t:|1683248982\n|-terastallize|p2a: Mimic|Water\n|move|p2a: Mimic|Hex|p1a: Arcanine\n|-damage|p1a: Arcanine|39\/100 par\n|move|p2b: Brass|Outrage|p1b: Ting-Lu|[from]lockedmove\n|-damage|p1b: Ting-Lu|15\/100\n|move|p1b: Ting-Lu|Stomping Tantrum|p2a: Mimic\n|-damage|p2a: Mimic|64\/100\n|move|p1a: Arcanine|Flare Blitz|p2a: Mimic\n|-resisted|p2a: Mimic\n|-damage|p2a: Mimic|36\/100\n|-damage|p1a: Arcanine|31\/100 par|[from] Recoil\n|\n|-end|p1b: Ting-Lu|Encore\n|-end|p1b: Ting-Lu|Disable\n|upkeep\n|turn|8\n|inactive|bubafulbo has 30 seconds left.\n|inactive|bubafulbo has 20 seconds left.\n|inactive|bubafulbo has 15 seconds left.\n|\n|t:|1683249025\n|move|p2a: Mimic|Hex|p1a: Arcanine\n|-damage|p1a: Arcanine|0 fnt\n|faint|p1a: Arcanine\n|move|p2b: Brass|Outrage|p1b: Ting-Lu|[from]lockedmove\n|-damage|p1b: Ting-Lu|0 fnt\n|faint|p1b: Ting-Lu\n|-start|p2b: Brass|confusion|[fatigue]\n|\n|upkeep\n|\n|t:|1683249028\n|switch|p1b: Flutter Mane|Flutter Mane, L50|100\/100\n|turn|9\n|\n|t:|1683249052\n|switch|p2a: Tarrasque|Tyranitar, L50, M, shiny|51\/100\n|-weather|Sandstorm|[from] ability: Sand Stream|[of] p2a: Tarrasque\n|-terastallize|p1b: Flutter Mane|Fairy\n|move|p1b: Flutter Mane|Dazzling Gleam|p2a: Tarrasque|[spread] p2a,p2b\n|-supereffective|p2a: Tarrasque\n|-supereffective|p2b: Brass\n|-damage|p2a: Tarrasque|0 fnt\n|-damage|p2b: Brass|0 fnt\n|faint|p2a: Tarrasque\n|faint|p2b: Brass\n|\n|-weather|Sandstorm|[upkeep]\n|-damage|p1b: Flutter Mane|94\/100|[from] Sandstorm\n|upkeep\n|\n|t:|1683249063\n|switch|p2b: Mimic|Gholdengo, L50, tera:Water|36\/100\n|turn|10\n|\n|t:|1683249065\n|move|p2b: Mimic|Make It Rain|p1b: Flutter Mane\n|-supereffective|p1b: Flutter Mane\n|-damage|p1b: Flutter Mane|0 fnt\n|-unboost|p2b: Mimic|spa|1\n|faint|p1b: Flutter Mane\n|-end|p1b: Flutter Mane|Protosynthesis|[silent]\n|\n|win|McDubbieEnthusiast\n|raw|bubafulbo's rating: 1291 → 1272<\/strong> (-19 for losing)\n|raw|McDubbieEnthusiast's rating: 1378 → 1393<\/strong> (+15 for winning)\n|l|\u2606bubafulbo\n","uploadtime":1683249086,"views":17,"p1id":"bubafulbo","p2id":"mcdubbieenthusiast","formatid":"gen9vgc2023regulationc","rating":1272,"private":0,"password":""}