{"id":"gen9vgc2023regulationc-1846014951","p1":"ZeerRanger","p2":"FurretSucksVGC","format":"[Gen 9] VGC 2023 Regulation C","log":"|j|\u2606ZeerRanger\n|j|\u2606FurretSucksVGC\n|t:|1681791675\n|gametype|doubles\n|player|p1|ZeerRanger|170|1421\n|player|p2|FurretSucksVGC|hilbert|1413\n|teamsize|p1|6\n|teamsize|p2|6\n|gen|9\n|tier|[Gen 9] VGC 2023 Regulation C\n|rated|\n|rule|Species Clause: Limit one of each Pok\u00e9mon\n|rule|Item Clause: Limit one of each item\n|clearpoke\n|poke|p1|Arcanine, L50, M|\n|poke|p1|Flutter Mane, L50|\n|poke|p1|Tsareena, L50, F|\n|poke|p1|Stonjourner, L50, M|\n|poke|p1|Iron Bundle, L50|\n|poke|p1|Kingambit, L50, F|\n|poke|p2|Revavroom, L50, M|\n|poke|p2|Iron Hands, L50|\n|poke|p2|Vivillon, L50, M|\n|poke|p2|Baxcalibur, L50, M|\n|poke|p2|Chi-Yu, L50|\n|poke|p2|Vaporeon, L50, F|\n|teampreview|4\nFurretSucksVGC has agreed to open team sheets.\nZeerRanger has agreed to open team sheets.\n|\n|t:|1681791787\n|start\n|switch|p1a: Stonjourner|Stonjourner, L50, M|100\/100\n|switch|p1b: Arcanine|Arcanine, L50, M|100\/100\n|switch|p2a: Vivillon|Vivillon, L50, M|100\/100\n|switch|p2b: Vaporeon|Vaporeon, L50, F|100\/100\n|-ability|p1b: Arcanine|Intimidate|boost\n|-unboost|p2a: Vivillon|atk|1\n|-unboost|p2b: Vaporeon|atk|1\n|turn|1\n|\n|t:|1681791830\n|switch|p1b: Kingambit|Kingambit, L50, F|100\/100\n|move|p2a: Vivillon|Sleep Powder|p1a: Stonjourner\n|-status|p1a: Stonjourner|slp|[from] move: Sleep Powder\n|cant|p1a: Stonjourner|slp\n|move|p2b: Vaporeon|Muddy Water|p1a: Stonjourner|[spread] p1a\n|-miss|p2b: Vaporeon|p1b: Kingambit\n|-supereffective|p1a: Stonjourner\n|-enditem|p1a: Stonjourner|Focus Sash\n|-damage|p1a: Stonjourner|1\/100 slp\n|\n|upkeep\n|turn|2\n|\n|t:|1681791878\n|-curestatus|p1a: Stonjourner|slp|[msg]\n|move|p1a: Stonjourner|Protect|p1a: Stonjourner\n|-singleturn|p1a: Stonjourner|Protect\n|move|p1b: Kingambit|Sucker Punch|p2b: Vaporeon\n|-damage|p2b: Vaporeon|39\/100\n|move|p2a: Vivillon|Sleep Powder|p1b: Kingambit\n|-status|p1b: Kingambit|slp|[from] move: Sleep Powder\n|move|p2b: Vaporeon|Muddy Water|p1a: Stonjourner|[spread] p1b\n|-activate|p1a: Stonjourner|move: Protect\n|-damage|p1b: Kingambit|67\/100 slp\n|-unboost|p1b: Kingambit|accuracy|1\n|-ability|p1b: Kingambit|Defiant|boost\n|-boost|p1b: Kingambit|atk|2\n|\n|upkeep\n|turn|3\n|inactive|Battle timer is ON: inactive players will automatically lose when time's up. (requested by ZeerRanger)\n|\n|t:|1681791945\n|switch|p2b: Chi-Yu|Chi-Yu, L50|100\/100\n|-ability|p2b: Chi-Yu|Beads of Ruin\n|move|p1a: Stonjourner|Wide Guard|p1a: Stonjourner\n|-singleturn|p1a: Stonjourner|Wide Guard\n|cant|p1b: Kingambit|slp\n|move|p2a: Vivillon|Pollen Puff|p1a: Stonjourner\n|-damage|p1a: Stonjourner|0 fnt\n|faint|p1a: Stonjourner\n|\n|upkeep\n|\n|t:|1681791961\n|switch|p1a: Flutter Mane|Flutter Mane, L50|100\/100\n|turn|4\n|\n|t:|1681791986\n|switch|p1b: Arcanine|Arcanine, L50, M|100\/100\n|-ability|p1b: Arcanine|Intimidate|boost\n|-unboost|p2a: Vivillon|atk|1\n|-unboost|p2b: Chi-Yu|atk|1\n|move|p2b: Chi-Yu|Heat Wave|p1a: Flutter Mane|[spread] p1a,p1b\n|-resisted|p1b: Arcanine\n|-damage|p1a: Flutter Mane|47\/100\n|-damage|p1b: Arcanine|66\/100\n|move|p1a: Flutter Mane|Mystical Fire|p2b: Chi-Yu\n|-resisted|p2b: Chi-Yu\n|-damage|p2b: Chi-Yu|78\/100\n|-unboost|p2b: Chi-Yu|spa|1\n|move|p2a: Vivillon|Pollen Puff|p1b: Arcanine\n|-resisted|p1b: Arcanine\n|-damage|p1b: Arcanine|36\/100\n|\n|upkeep\n|turn|5\n|inactive|ZeerRanger has 30 seconds left.\n|inactive|FurretSucksVGC has 30 seconds left.\n|inactive|FurretSucksVGC has 20 seconds left.\n|inactive|ZeerRanger has 20 seconds left.\n|inactive|FurretSucksVGC has 15 seconds left.\n|inactive|FurretSucksVGC has 10 seconds left.\n|inactive|FurretSucksVGC has 5 seconds left.\n|\n|t:|1681792039\n|switch|p2b: Vaporeon|Vaporeon, L50, F|39\/100\n|move|p2a: Vivillon|Protect|p2a: Vivillon\n|-singleturn|p2a: Vivillon|Protect\n|move|p1b: Arcanine|Extreme Speed|p2b: Vaporeon\n|-damage|p2b: Vaporeon|17\/100\n|move|p1a: Flutter Mane|Mystical Fire|p2b: Vaporeon\n|-resisted|p2b: Vaporeon\n|-damage|p2b: Vaporeon|1\/100\n|-unboost|p2b: Vaporeon|spa|1\n|\n|upkeep\n|turn|6\n|inactive|FurretSucksVGC has 30 seconds left.\n|\n|t:|1681792065\n|switch|p2a: Chi-Yu|Chi-Yu, L50|78\/100\n|-ability|p2a: Chi-Yu|Beads of Ruin\n|move|p1b: Arcanine|Extreme Speed|p2b: Vaporeon\n|-damage|p2b: Vaporeon|0 fnt\n|faint|p2b: Vaporeon\n|move|p1a: Flutter Mane|Mystical Fire|p2a: Chi-Yu\n|-resisted|p2a: Chi-Yu\n|-damage|p2a: Chi-Yu|58\/100\n|-unboost|p2a: Chi-Yu|spa|1\n|\n|upkeep\n|\n|t:|1681792083\n|switch|p2b: Revavroom|Revavroom, L50, M|100\/100\n|turn|7\n|j| Ittymitty\n|j| Nightflash2736\n|inactive|ZeerRanger has 30 seconds left.\n|inactive|FurretSucksVGC has 30 seconds left.\n|l| Nightflash2736\n|inactive|FurretSucksVGC has 20 seconds left.\n|\n|t:|1681792121\n|-terastallize|p2b: Revavroom|Water\n|move|p1b: Arcanine|Extreme Speed|p2a: Chi-Yu\n|-damage|p2a: Chi-Yu|19\/100\n|move|p2a: Chi-Yu|Dark Pulse|p1b: Arcanine\n|-damage|p1b: Arcanine|0 fnt\n|faint|p1b: Arcanine\n|move|p1a: Flutter Mane|Mystical Fire|p2a: Chi-Yu\n|-resisted|p2a: Chi-Yu\n|-damage|p2a: Chi-Yu|0 fnt\n|faint|p2a: Chi-Yu\n|move|p2b: Revavroom|Shift Gear|p2b: Revavroom\n|-boost|p2b: Revavroom|spe|2\n|-boost|p2b: Revavroom|atk|1\n|\n|upkeep\n|\n|t:|1681792140\n|switch|p1b: Kingambit|Kingambit, L50, F|67\/100 slp\n|switch|p2a: Vivillon|Vivillon, L50, M|100\/100\n|turn|8\n|\n|t:|1681792152\n|move|p2b: Revavroom|Iron Head|p1a: Flutter Mane\n|-supereffective|p1a: Flutter Mane\n|-damage|p1a: Flutter Mane|0 fnt\n|faint|p1a: Flutter Mane\n|-end|p1a: Flutter Mane|Protosynthesis|[silent]\n|move|p2a: Vivillon|Pollen Puff|p1b: Kingambit\n|-damage|p1b: Kingambit|34\/100 slp\n|-curestatus|p1b: Kingambit|slp|[msg]\n|move|p1b: Kingambit|Kowtow Cleave|p2b: Revavroom\n|-damage|p2b: Revavroom|39\/100\n|\n|upkeep\n|turn|9\n|inactive|ZeerRanger has 30 seconds left.\n|inactive|FurretSucksVGC has 30 seconds left.\n|inactive|ZeerRanger has 20 seconds left.\n|inactive|ZeerRanger has 15 seconds left.\n|\n|t:|1681792193\n|move|p2b: Revavroom|Protect|p2b: Revavroom\n|-singleturn|p2b: Revavroom|Protect\n|move|p1b: Kingambit|Sucker Punch||[still]\n|-fail|p1b: Kingambit\n|move|p2a: Vivillon|Sleep Powder|p1b: Kingambit\n|-status|p1b: Kingambit|slp|[from] move: Sleep Powder\n|\n|upkeep\n|turn|10\n|c|\u2606ZeerRanger|gg\n|\n|t:|1681792211\n|-terastallize|p1b: Kingambit|Dark\n|cant|p1b: Kingambit|slp\n|move|p2b: Revavroom|Iron Head|p1b: Kingambit\n|-damage|p1b: Kingambit|0 fnt\n|faint|p1b: Kingambit\n|\n|win|FurretSucksVGC\n|raw|ZeerRanger's rating: 1421 → 1401<\/strong> (-20 for losing)\n|raw|FurretSucksVGC's rating: 1413 → 1433<\/strong> (+20 for winning)\n|c|\u2606FurretSucksVGC|gg\n|l|\u2606ZeerRanger\n","uploadtime":1681792234,"views":6,"p1id":"zeerranger","p2id":"furretsucksvgc","formatid":"gen9vgc2023regulationc","rating":1401,"private":0,"password":""}