{"id":"gen9vgc2023regulationc-1847508419","p1":"TrainerRYSA","p2":"darlingtonia","format":"[Gen 9] VGC 2023 Regulation C","log":"|j|\u2606TrainerRYSA\n|j|\u2606darlingtonia\n|t:|1681964490\n|gametype|doubles\n|player|p1|TrainerRYSA|169|\n|player|p2|darlingtonia|proton|\n|teamsize|p1|6\n|teamsize|p2|6\n|gen|9\n|tier|[Gen 9] VGC 2023 Regulation C\n|rule|Species Clause: Limit one of each Pok\u00e9mon\n|rule|Item Clause: Limit one of each item\n|clearpoke\n|poke|p1|Flutter Mane, L50|\n|poke|p1|Iron Hands, L50|\n|poke|p1|Dragonite, L50, M|\n|poke|p1|Umbreon, L50, M|\n|poke|p1|Gyarados, L50, M|\n|poke|p1|Palafin, L50, M|\n|poke|p2|Chi-Yu, L50|\n|poke|p2|Palafin, L50, M|\n|poke|p2|Amoonguss, L50, F|\n|poke|p2|Glimmora, L50, M|\n|poke|p2|Flutter Mane, L50|\n|poke|p2|Dragonite, L50, M|\n|teampreview|4\ndarlingtonia has agreed to open team sheets.\n|\n|t:|1681964522\n|start\n|switch|p1a: Gyarados|Gyarados, L50, M, shiny|100\/100\n|switch|p1b: Iron Hands|Iron Hands, L50|100\/100\n|switch|p2a: Amoonguss|Amoonguss, L50, F|100\/100\n|switch|p2b: Chi-Yu|Chi-Yu, L50|100\/100\n|-ability|p2b: Chi-Yu|Beads of Ruin\n|-ability|p1a: Gyarados|Intimidate|boost\n|-unboost|p2a: Amoonguss|atk|1\n|-unboost|p2b: Chi-Yu|atk|1\n|turn|1\n|\n|t:|1681964556\n|-terastallize|p2b: Chi-Yu|Ghost\n|move|p2a: Amoonguss|Protect|p2a: Amoonguss\n|-singleturn|p2a: Amoonguss|Protect\n|move|p2b: Chi-Yu|Dark Pulse|p1a: Gyarados\n|-damage|p1a: Gyarados|39\/100\n|-enditem|p1a: Gyarados|Sitrus Berry|[eat]\n|-heal|p1a: Gyarados|63\/100|[from] item: Sitrus Berry\n|move|p1a: Gyarados|Taunt|p2a: Amoonguss\n|-activate|p2a: Amoonguss|move: Protect\n|move|p1b: Iron Hands|Drain Punch|p2b: Chi-Yu\n|-immune|p2b: Chi-Yu\n|\n|upkeep\n|turn|2\n|\n|t:|1681964582\n|-end|p1b: Iron Hands|Quark Drive|[silent]\n|switch|p1b: Dragonite|Dragonite, L50, M, shiny|100\/100\n|move|p2b: Chi-Yu|Dark Pulse|p1a: Gyarados\n|-damage|p1a: Gyarados|0 fnt\n|faint|p1a: Gyarados\n|move|p2a: Amoonguss|Pollen Puff|p2b: Chi-Yu\n|-immune|p2b: Chi-Yu\n|\n|upkeep\n|\n|t:|1681964596\n|switch|p1a: Flutter Mane|Flutter Mane, L50|100\/100\n|-enditem|p1a: Flutter Mane|Booster Energy\n|-activate|p1a: Flutter Mane|ability: Protosynthesis|[fromitem]\n|-start|p1a: Flutter Mane|protosynthesisspa\n|turn|3\n|\n|t:|1681964613\n|-terastallize|p1a: Flutter Mane|Steel\n|move|p2a: Amoonguss|Rage Powder|p2a: Amoonguss\n|-singleturn|p2a: Amoonguss|move: Rage Powder\n|move|p1a: Flutter Mane|Dazzling Gleam|p2a: Amoonguss|[spread] p2a,p2b\n|-resisted|p2a: Amoonguss\n|-damage|p2a: Amoonguss|77\/100\n|-damage|p2b: Chi-Yu|66\/100\n|move|p2b: Chi-Yu|Tera Blast|p1a: Flutter Mane\n|-damage|p1a: Flutter Mane|45\/100\n|move|p1b: Dragonite|Outrage|p2a: Amoonguss\n|-damage|p2a: Amoonguss|0 fnt\n|faint|p2a: Amoonguss\n|\n|upkeep\n|\n|t:|1681964627\n|switch|p2a: Dragonite|Dragonite, L50, M|100\/100\n|turn|4\n|\n|t:|1681964651\n|move|p1a: Flutter Mane|Shadow Ball|p2b: Chi-Yu\n|-supereffective|p2b: Chi-Yu\n|-damage|p2b: Chi-Yu|0 fnt\n|faint|p2b: Chi-Yu\n|move|p1b: Dragonite|Outrage|p2a: Dragonite|[from]lockedmove\n|-supereffective|p2a: Dragonite\n|-crit|p2a: Dragonite\n|-damage|p2a: Dragonite|0 fnt\n|faint|p2a: Dragonite\n|\n|upkeep\n|\n|t:|1681964660\n|switch|p2a: Glimmora|Glimmora, L50, M|100\/100\n|turn|5\n|\n|t:|1681964670\n|move|p1a: Flutter Mane|Shadow Ball|p2a: Glimmora\n|-damage|p2a: Glimmora|31\/100\n|move|p2a: Glimmora|Earth Power|p1a: Flutter Mane\n|-supereffective|p1a: Flutter Mane\n|-damage|p1a: Flutter Mane|0 fnt\n|faint|p1a: Flutter Mane\n|-end|p1a: Flutter Mane|Protosynthesis|[silent]\n|move|p1b: Dragonite|Outrage|p2a: Glimmora|[from]lockedmove\n|-damage|p2a: Glimmora|0 fnt\n|-activate|p2a: Glimmora|ability: Toxic Debris\n|-sidestart|p1: TrainerRYSA|move: Toxic Spikes\n|faint|p2a: Glimmora\n|-start|p1b: Dragonite|confusion|[fatigue]\n|\n|win|TrainerRYSA\n|c|\u2606TrainerRYSA|gg\n","uploadtime":1681964685,"views":27,"p1id":"trainerrysa","p2id":"darlingtonia","formatid":"gen9vgc2023regulationc","rating":0,"private":0,"password":""}