{"id":"gen9vgc2023regulationc-1847101861","p1":"tukeydukey","p2":"abelomatrix","format":"[Gen 9] VGC 2023 Regulation C","log":"|j|\u2606tukeydukey\n|j|\u2606abelomatrix\n|t:|1681919192\n|gametype|doubles\n|player|p1|tukeydukey|elesa|1095\n|player|p2|abelomatrix|266|1075\n|teamsize|p1|6\n|teamsize|p2|6\n|gen|9\n|tier|[Gen 9] VGC 2023 Regulation C\n|rated|\n|rule|Species Clause: Limit one of each Pok\u00e9mon\n|rule|Item Clause: Limit one of each item\n|clearpoke\n|poke|p1|Pelipper, L50, F|\n|poke|p1|Palafin, L50, F|\n|poke|p1|Glimmora, L50, F|\n|poke|p1|Wo-Chien, L50|\n|poke|p1|Flutter Mane, L50|\n|poke|p1|Rotom-Wash, L50|\n|poke|p2|Amoonguss, L50, M|\n|poke|p2|Salamence, L50, M|\n|poke|p2|Pawmot, L50, F|\n|poke|p2|Pelipper, L50, M|\n|poke|p2|Palafin, L50, M|\n|poke|p2|Kingambit, L50, F|\n|teampreview|4\n|inactive|Battle timer is ON: inactive players will automatically lose when time's up. (requested by tukeydukey)\n|inactive|abelomatrix has 60 seconds left.\n|\n|t:|1681919230\n|start\n|switch|p1a: Glimmora|Glimmora, L50, F|100\/100\n|switch|p1b: Wo-Chien|Wo-Chien, L50|100\/100\n|switch|p2a: Pelipper|Pelipper, L50, M|100\/100\n|switch|p2b: Palafin|Palafin, L50, M|100\/100\n|-ability|p1b: Wo-Chien|Tablets of Ruin\n|-weather|RainDance|[from] ability: Drizzle|[of] p2a: Pelipper\n|turn|1\n|inactive|tukeydukey has 30 seconds left.\n|\n|t:|1681919257\n|move|p2b: Palafin|Flip Turn|p1b: Wo-Chien\n|-resisted|p1b: Wo-Chien\n|-damage|p1b: Wo-Chien|90\/100\n|\n|t:|1681919261\n|detailschange|p2b: Palafin|Palafin-Hero, L50, M\n|switch|p2b: Amoonguss|Amoonguss, L50, M, shiny|100\/100|[from] Flip Turn\n|move|p1a: Glimmora|Power Gem|p2a: Pelipper\n|-supereffective|p2a: Pelipper\n|-damage|p2a: Pelipper|0 fnt\n|faint|p2a: Pelipper\n|move|p1b: Wo-Chien|Leech Seed|p2b: Amoonguss\n|-immune|p2b: Amoonguss\n|\n|-weather|RainDance|[upkeep]\n|-heal|p1b: Wo-Chien|96\/100|[from] item: Leftovers\n|upkeep\n|\n|t:|1681919273\n|switch|p2a: Pawmot|Pawmot, L50, F|100\/100\n|turn|2\n|\n|t:|1681919292\n|move|p1a: Glimmora|Spiky Shield|p1a: Glimmora\n|-singleturn|p1a: Glimmora|move: Protect\n|move|p2a: Pawmot|Revival Blessing|p2a: Pawmot\n|\n|t:|1681919299\n|-heal|p2: Pelipper|50\/100|[from] move: Revival Blessing\n|move|p1b: Wo-Chien|Foul Play|p2a: Pawmot\n|-resisted|p2a: Pawmot\n|-damage|p2a: Pawmot|60\/100\n|move|p2b: Amoonguss|Pollen Puff|p1b: Wo-Chien\n|-supereffective|p1b: Wo-Chien\n|-damage|p1b: Wo-Chien|15\/100\n|\n|-weather|RainDance|[upkeep]\n|-heal|p1b: Wo-Chien|21\/100|[from] item: Leftovers\n|upkeep\n|turn|3\n|inactive|tukeydukey has 30 seconds left.\n|\n|t:|1681919330\n|move|p1b: Wo-Chien|Protect|p1b: Wo-Chien\n|-singleturn|p1b: Wo-Chien|Protect\n|move|p2a: Pawmot|Close Combat|p1b: Wo-Chien\n|-activate|p1b: Wo-Chien|move: Protect\n|move|p1a: Glimmora|Power Gem|p2a: Pawmot\n|-resisted|p2a: Pawmot\n|-damage|p2a: Pawmot|23\/100\n|move|p2b: Amoonguss|Pollen Puff|p2a: Pawmot\n|-heal|p2a: Pawmot|73\/100\n|\n|-weather|RainDance|[upkeep]\n|-heal|p1b: Wo-Chien|27\/100|[from] item: Leftovers\n|upkeep\n|turn|4\n|\n|t:|1681919352\n|-terastallize|p1b: Wo-Chien|Poison\n|move|p2b: Amoonguss|Rage Powder|p2b: Amoonguss\n|-singleturn|p2b: Amoonguss|move: Rage Powder\n|move|p2a: Pawmot|Close Combat|p1b: Wo-Chien\n|-resisted|p1b: Wo-Chien\n|-damage|p1b: Wo-Chien|12\/100\n|-unboost|p2a: Pawmot|def|1\n|-unboost|p2a: Pawmot|spd|1\n|move|p1a: Glimmora|Mortal Spin|p2a: Pawmot|[spread] p2a,p2b\n|-damage|p2a: Pawmot|65\/100\n|-damage|p2b: Amoonguss|96\/100\n|-status|p2a: Pawmot|psn\n|move|p1b: Wo-Chien|Foul Play|p2b: Amoonguss\n|-damage|p2b: Amoonguss|72\/100\n|\n|-weather|RainDance|[upkeep]\n|-heal|p1b: Wo-Chien|19\/100|[from] item: Leftovers\n|-damage|p2a: Pawmot|52\/100 psn|[from] psn\n|upkeep\n|turn|5\n|inactive|tukeydukey has 30 seconds left.\n|inactive|abelomatrix has 30 seconds left.\n|inactive|abelomatrix has 20 seconds left.\n|inactive|abelomatrix has 15 seconds left.\n|\n|t:|1681919395\n|switch|p2a: Pelipper|Pelipper, L50, M|50\/100\n|-enditem|p2a: Pelipper|Sitrus Berry|[eat]\n|-heal|p2a: Pelipper|75\/100|[from] item: Sitrus Berry\n|move|p1b: Wo-Chien|Protect|p1b: Wo-Chien\n|-singleturn|p1b: Wo-Chien|Protect\n|move|p1a: Glimmora|Sludge Bomb|p2b: Amoonguss\n|-damage|p2b: Amoonguss|24\/100\n|move|p2b: Amoonguss|Leaf Storm|p1a: Glimmora\n|-damage|p1a: Glimmora|28\/100\n|-unboost|p2b: Amoonguss|spa|2\n|\n|-weather|none\n|-heal|p1b: Wo-Chien|25\/100|[from] item: Leftovers\n|upkeep\n|turn|6\n|inactive|abelomatrix has 30 seconds left.\n|inactive|abelomatrix has 20 seconds left.\n|\n|t:|1681919432\n|switch|p2b: Pawmot|Pawmot, L50, F|52\/100 psn\n|move|p1a: Glimmora|Sludge Bomb|p2b: Pawmot\n|-damage|p2b: Pawmot|0 fnt\n|faint|p2b: Pawmot\n|move|p1b: Wo-Chien|Leech Seed|p2a: Pelipper\n|-start|p2a: Pelipper|move: Leech Seed\n|move|p2a: Pelipper|Tailwind|p2a: Pelipper\n|-sidestart|p2: abelomatrix|move: Tailwind\n|\n|-heal|p1b: Wo-Chien|31\/100|[from] item: Leftovers\n|-damage|p2a: Pelipper|63\/100|[from] Leech Seed|[of] p1b: Wo-Chien\n|-heal|p1b: Wo-Chien|42\/100|[silent]\n|upkeep\n|\n|t:|1681919457\n|switch|p2b: Amoonguss|Amoonguss, L50, M, shiny|57\/100\n|turn|7\n|inactive|tukeydukey has 30 seconds left.\n|\n|t:|1681919488\n|switch|p2a: Palafin|Palafin-Hero, L50, M|100\/100\n|-activate|p2a: Palafin|ability: Zero to Hero\n|switch|p1b: Palafin|Palafin, L50, F|100\/100\n|move|p1a: Glimmora|Spiky Shield|p1a: Glimmora\n|-singleturn|p1a: Glimmora|move: Protect\n|move|p2b: Amoonguss|Pollen Puff|p1b: Palafin\n|-damage|p1b: Palafin|69\/100\n|\n|upkeep\n|turn|8\n|inactive|tukeydukey has 30 seconds left.\n|inactive|abelomatrix has 30 seconds left.\n|inactive|abelomatrix has 20 seconds left.\n|inactive|abelomatrix has 15 seconds left.\n|\n|t:|1681919532\n|switch|p2a: Pelipper|Pelipper, L50, M|63\/100\n|-weather|RainDance|[from] ability: Drizzle|[of] p2a: Pelipper\n|switch|p1a: Pelipper|Pelipper, L50, F|100\/100\n|detailschange|p1b: Palafin|Palafin-Hero, L50, F\n|switch|p1b: Wo-Chien|Wo-Chien, L50, tera:Poison|42\/100\n|-ability|p1b: Wo-Chien|Tablets of Ruin\n|move|p2b: Amoonguss|Leaf Storm|p1b: Wo-Chien|[miss]\n|-miss|p2b: Amoonguss|p1b: Wo-Chien\n|\n|-weather|RainDance|[upkeep]\n|-heal|p1b: Wo-Chien|48\/100|[from] item: Leftovers\n|upkeep\n|turn|9\n|inactive|abelomatrix has 30 seconds left.\n|inactive|abelomatrix has 20 seconds left.\n|inactive|abelomatrix has 15 seconds left.\n|inactive|abelomatrix has 10 seconds left.\n|inactive|abelomatrix has 5 seconds left.\n|\n|t:|1681919587\n|move|p2a: Pelipper|Hurricane|p1b: Wo-Chien\n|-damage|p1b: Wo-Chien|10\/100\n|move|p1a: Pelipper|Hurricane|p2b: Amoonguss\n|-supereffective|p2b: Amoonguss\n|-enditem|p2b: Amoonguss|Coba Berry|[eat]\n|-enditem|p2b: Amoonguss|Coba Berry|[weaken]\n|-damage|p2b: Amoonguss|9\/100\n|move|p2b: Amoonguss|Leaf Storm|p1b: Wo-Chien\n|-resisted|p1b: Wo-Chien\n|-damage|p1b: Wo-Chien|0 fnt\n|-unboost|p2b: Amoonguss|spa|2\n|faint|p1b: Wo-Chien\n|\n|-weather|RainDance|[upkeep]\n|-sideend|p2: abelomatrix|move: Tailwind\n|upkeep\n|\n|t:|1681919600\n|switch|p1b: Glimmora|Glimmora, L50, F|28\/100\n|turn|10\n|\n|t:|1681919609\n|switch|p2b: Palafin|Palafin-Hero, L50, M|100\/100\n|move|p1b: Glimmora|Power Gem|p2a: Pelipper\n|-supereffective|p2a: Pelipper\n|-crit|p2a: Pelipper\n|-damage|p2a: Pelipper|0 fnt\n|faint|p2a: Pelipper\n|move|p1a: Pelipper|Hurricane|p2b: Palafin\n|-damage|p2b: Palafin|34\/100\n|\n|-weather|RainDance|[upkeep]\n|upkeep\n|inactive|abelomatrix has 30 seconds left.\n|inactive|abelomatrix has 20 seconds left.\n|inactive|abelomatrix has 15 seconds left.\n|inactive|abelomatrix has 10 seconds left.\n|\n|t:|1681919655\n|switch|p2a: Amoonguss|Amoonguss, L50, M, shiny|42\/100\n|turn|11\n|\n|t:|1681919667\n|-terastallize|p2b: Palafin|Water\n|move|p1b: Glimmora|Spiky Shield|p1b: Glimmora\n|-singleturn|p1b: Glimmora|move: Protect\n|move|p2b: Palafin|Wave Crash|p1b: Glimmora\n|-activate|p1b: Glimmora|move: Protect\n|-damage|p2b: Palafin|22\/100|[from] Spiky Shield|[of] p1b: Glimmora\n|move|p1a: Pelipper|Hurricane|p2a: Amoonguss\n|-supereffective|p2a: Amoonguss\n|-crit|p2a: Amoonguss\n|-damage|p2a: Amoonguss|0 fnt\n|faint|p2a: Amoonguss\n|\n|-weather|RainDance|[upkeep]\n|upkeep\n|turn|12\n|inactive|abelomatrix has 30 seconds left.\n|-message|abelomatrix forfeited.\n|\n|win|tukeydukey\n|raw|tukeydukey's rating: 1095 → 1119<\/strong> (+24 for winning)\n|raw|abelomatrix's rating: 1075 → 1055<\/strong> (-20 for losing)\n|l|\u2606abelomatrix\n","uploadtime":1681919703,"views":5,"p1id":"tukeydukey","p2id":"abelomatrix","formatid":"gen9vgc2023regulationc","rating":1055,"private":0,"password":""}