{"id":"gen9vgc2023regulationc-1863271710","p1":"Bacon204","p2":"judevgc","format":"[Gen 9] VGC 2023 Regulation C","log":"|j|\u2606Bacon204\n|j|\u2606judevgc\n|t:|1683996263\n|gametype|doubles\n|player|p1|Bacon204|2|\n|player|p2|judevgc|falkner|\n|teamsize|p1|6\n|teamsize|p2|6\n|gen|9\n|tier|[Gen 9] VGC 2023 Regulation C\n|rule|Species Clause: Limit one of each Pok\u00e9mon\n|rule|Item Clause: Limit one of each item\n|clearpoke\n|poke|p1|Ting-Lu, L50|\n|poke|p1|Florges, L50, F|\n|poke|p1|Volcarona, L50, F|\n|poke|p1|Dudunsparce-*, L50, M|\n|poke|p1|Raichu, L50, F|\n|poke|p1|Gyarados, L50, M|\n|poke|p2|Roaring Moon, L50|\n|poke|p2|Tauros-Paldea-Aqua, L50, M|\n|poke|p2|Glimmora, L50, M|\n|poke|p2|Floette-Blue, L50, F|\n|poke|p2|Indeedee-F, L50, F|\n|poke|p2|Brambleghast, L50, F|\n|teampreview|4\njudevgc rejected open team sheets.\n|c|\u2606judevgc|g3\n|j| eshe0\n|j| Blaziken Blazers\n|j| Finnyiii\n|c| eshe0|who is finnyii?\n|c| eshe0|hemlo btw\n|c| eshe0|good afternoon, evening, morning or whatever it is where u all live\n|c| Blaziken Blazers|Lol\n|l| Finnyiii\n|c| eshe0|bye, finnyii\n|c|\u2606judevgc|glhf\n|\n|t:|1683997399\n|start\n|switch|p1a: Raichu|Raichu, L50, F|100\/100\n|switch|p1b: Gyarados|Gyarados, L50, M|100\/100\n|switch|p2a: Glimmora|Glimmora, L50, M|100\/100\n|switch|p2b: Tauros|Tauros-Paldea-Aqua, L50, M|100\/100\n|-ability|p2b: Tauros|Intimidate|boost\n|-unboost|p1a: Raichu|atk|1\n|-unboost|p1b: Gyarados|atk|1\n|-ability|p1b: Gyarados|Intimidate|boost\n|-unboost|p2a: Glimmora|atk|1\n|-unboost|p2b: Tauros|atk|1\n|turn|1\n|\n|t:|1683997467\n|switch|p2b: Brambleghast|Brambleghast, L50, F|100\/100\n|move|p1a: Raichu|Fake Out|p2b: Brambleghast\n|-immune|p2b: Brambleghast\n|move|p2a: Glimmora|Mortal Spin|p1b: Gyarados|[spread] p1a,p1b\n|-damage|p1a: Raichu|94\/100\n|-damage|p1b: Gyarados|98\/100\n|-status|p1a: Raichu|psn\n|-status|p1b: Gyarados|psn\n|move|p1b: Gyarados|Dragon Dance|p1b: Gyarados\n|-boost|p1b: Gyarados|atk|1\n|-boost|p1b: Gyarados|spe|1\n|\n|-damage|p1a: Raichu|82\/100 psn|[from] psn\n|-damage|p1b: Gyarados|85\/100 psn|[from] psn\n|upkeep\n|turn|2\n|\n|t:|1683997496\n|switch|p2a: Tauros|Tauros-Paldea-Aqua, L50, M|100\/100\n|-ability|p2a: Tauros|Intimidate|boost\n|-unboost|p1a: Raichu|atk|1\n|-unboost|p1b: Gyarados|atk|1\n|move|p2b: Brambleghast|Protect|p2b: Brambleghast\n|-singleturn|p2b: Brambleghast|Protect\n|move|p1a: Raichu|Charm|p2b: Brambleghast\n|-activate|p2b: Brambleghast|move: Protect\n|move|p1b: Gyarados|Dragon Dance|p1b: Gyarados\n|-boost|p1b: Gyarados|atk|1\n|-boost|p1b: Gyarados|spe|1\n|\n|-damage|p1b: Gyarados|73\/100 psn|[from] psn\n|-damage|p1a: Raichu|70\/100 psn|[from] psn\n|upkeep\n|turn|3\n|\n|t:|1683997540\n|move|p2b: Brambleghast|Shadow Sneak|p1b: Gyarados\n|-damage|p1b: Gyarados|52\/100 psn\n|move|p1b: Gyarados|Crunch|p2b: Brambleghast\n|-supereffective|p2b: Brambleghast\n|-damage|p2b: Brambleghast|0 fnt\n|faint|p2b: Brambleghast\n|-damage|p1b: Gyarados|42\/100 psn|[from] item: Life Orb\n|move|p1a: Raichu|Volt Switch|p2a: Tauros\n|-supereffective|p2a: Tauros\n|-damage|p2a: Tauros|32\/100\n|\n|t:|1683997553\n|switch|p1a: Volcarona|Volcarona, L50, F|100\/100|[from] Volt Switch\n|move|p2a: Tauros|Raging Bull|p1b: Gyarados\n|-resisted|p1b: Gyarados\n|-damage|p1b: Gyarados|14\/100 psn\n|-damage|p2a: Tauros|22\/100|[from] item: Life Orb\n|\n|-damage|p1b: Gyarados|1\/100 psn|[from] psn\n|upkeep\n|\n|t:|1683997634\n|switch|p2b: Glimmora|Glimmora, L50, M|100\/100\n|turn|4\n|\n|t:|1683997685\n|move|p2b: Glimmora|Spiky Shield|p2b: Glimmora\n|-singleturn|p2b: Glimmora|move: Protect\n|move|p1b: Gyarados|Waterfall|p2b: Glimmora\n|-activate|p2b: Glimmora|move: Protect\n|-damage|p1b: Gyarados|0 fnt|[from] Spiky Shield|[of] p2b: Glimmora\n|faint|p1b: Gyarados\n|move|p2a: Tauros|Raging Bull|p1a: Volcarona\n|-supereffective|p1a: Volcarona\n|-enditem|p1a: Volcarona|Passho Berry|[eat]\n|-enditem|p1a: Volcarona|Passho Berry|[weaken]\n|-damage|p1a: Volcarona|53\/100\n|-status|p2a: Tauros|brn|[from] ability: Flame Body|[of] p1a: Volcarona\n|-damage|p2a: Tauros|12\/100 brn|[from] item: Life Orb\n|move|p1a: Volcarona|Air Slash|p2a: Tauros\n|-supereffective|p2a: Tauros\n|-damage|p2a: Tauros|0 fnt\n|faint|p2a: Tauros\n|\n|upkeep\n|\n|t:|1683997707\n|switch|p2a: Roaring Moon|Roaring Moon, L50|100\/100\n|switch|p1b: Raichu|Raichu, L50, F|70\/100 psn\n|-enditem|p2a: Roaring Moon|Booster Energy\n|-activate|p2a: Roaring Moon|ability: Protosynthesis|[fromitem]\n|-start|p2a: Roaring Moon|protosynthesisatk\n|turn|5\n|\n|t:|1683997758\n|-terastallize|p1a: Volcarona|Poison\n|move|p2a: Roaring Moon|Protect|p2a: Roaring Moon\n|-singleturn|p2a: Roaring Moon|Protect\n|move|p1a: Volcarona|Rage Powder|p1a: Volcarona\n|-singleturn|p1a: Volcarona|move: Rage Powder\n|move|p1b: Raichu|Play Rough|p2a: Roaring Moon\n|-activate|p2a: Roaring Moon|move: Protect\n|move|p2b: Glimmora|Sludge Bomb|p1a: Volcarona\n|-resisted|p1a: Volcarona\n|-crit|p1a: Volcarona\n|-damage|p1a: Volcarona|26\/100\n|\n|-damage|p1b: Raichu|58\/100 psn|[from] psn\n|upkeep\n|turn|6\n|\n|t:|1683997902\n|-terastallize|p2a: Roaring Moon|Flying\n|move|p2a: Roaring Moon|Acrobatics|p1a: Volcarona\n|-damage|p1a: Volcarona|0 fnt\n|faint|p1a: Volcarona\n|move|p1b: Raichu|Charm|p2a: Roaring Moon\n|-unboost|p2a: Roaring Moon|atk|2\n|move|p2b: Glimmora|Sludge Bomb|p1b: Raichu\n|-damage|p1b: Raichu|0 fnt\n|faint|p1b: Raichu\n|\n|upkeep\n|\n|t:|1683997912\n|switch|p1a: Ting-Lu|Ting-Lu, L50|100\/100\n|-ability|p1a: Ting-Lu|Vessel of Ruin\n|turn|7\n|\n|t:|1683997919\n|move|p2a: Roaring Moon|Breaking Swipe|p1a: Ting-Lu\n|-damage|p1a: Ting-Lu|92\/100\n|-unboost|p1a: Ting-Lu|atk|1\n|move|p2b: Glimmora|Mortal Spin|p1a: Ting-Lu\n|-resisted|p1a: Ting-Lu\n|-damage|p1a: Ting-Lu|91\/100\n|-status|p1a: Ting-Lu|psn\n|move|p1a: Ting-Lu|Rock Slide|p2a: Roaring Moon|[spread] \n|-miss|p1a: Ting-Lu|p2a: Roaring Moon\n|-miss|p1a: Ting-Lu|p2b: Glimmora\n|\n|-damage|p1a: Ting-Lu|79\/100 psn|[from] psn\n|upkeep\n|turn|8\n|\n|t:|1683997937\n|move|p2a: Roaring Moon|Protect|p2a: Roaring Moon\n|-singleturn|p2a: Roaring Moon|Protect\n|move|p2b: Glimmora|Spiky Shield|p2b: Glimmora\n|-singleturn|p2b: Glimmora|move: Protect\n|move|p1a: Ting-Lu|Ruination|p2a: Roaring Moon\n|-activate|p2a: Roaring Moon|move: Protect\n|\n|-damage|p1a: Ting-Lu|67\/100 psn|[from] psn\n|upkeep\n|turn|9\n|\n|t:|1683997950\n|move|p2a: Roaring Moon|Breaking Swipe|p1a: Ting-Lu\n|-damage|p1a: Ting-Lu|57\/100 psn\n|-unboost|p1a: Ting-Lu|atk|1\n|move|p2b: Glimmora|Sludge Bomb|p1a: Ting-Lu\n|-resisted|p1a: Ting-Lu\n|-damage|p1a: Ting-Lu|48\/100 psn\n|move|p1a: Ting-Lu|Ruination|p2b: Glimmora\n|-damage|p2b: Glimmora|51\/100\n|\n|-damage|p1a: Ting-Lu|36\/100 psn|[from] psn\n|upkeep\n|turn|10\n|\n|t:|1683997958\n|move|p2a: Roaring Moon|Protect|p2a: Roaring Moon\n|-singleturn|p2a: Roaring Moon|Protect\n|move|p2b: Glimmora|Spiky Shield|p2b: Glimmora\n|-singleturn|p2b: Glimmora|move: Protect\n|move|p1a: Ting-Lu|Stomping Tantrum|p2b: Glimmora\n|-activate|p2b: Glimmora|move: Protect\n|-damage|p1a: Ting-Lu|23\/100 psn|[from] Spiky Shield|[of] p2b: Glimmora\n|\n|-damage|p1a: Ting-Lu|11\/100 psn|[from] psn\n|upkeep\n|turn|11\n|\n|t:|1683997964\n|move|p2a: Roaring Moon|Acrobatics|p1a: Ting-Lu\n|-damage|p1a: Ting-Lu|0 fnt\n|faint|p1a: Ting-Lu\n|\n|win|judevgc\n|c| eshe0|gg\n|c|\u2606Bacon204|gg\n|c|\u2606judevgc|ggs\n","uploadtime":1683997974,"views":7,"p1id":"bacon204","p2id":"judevgc","formatid":"gen9vgc2023regulationc","rating":0,"private":0,"password":""}