{"id":"gen9vgc2023regulationc-1859353799","p1":"Freischieb","p2":"Raderph","format":"[Gen 9] VGC 2023 Regulation C","log":"|j|\u2606Freischieb\n|j|\u2606Raderph\n|t:|1683444324\n|gametype|doubles\n|player|p1|Freischieb|266|\n|player|p2|Raderph|hiker|\n|teamsize|p1|6\n|teamsize|p2|6\n|gen|9\n|tier|[Gen 9] VGC 2023 Regulation C\n|rule|Species Clause: Limit one of each Pok\u00e9mon\n|rule|Item Clause: Limit one of each item\n|clearpoke\n|poke|p1|Arcanine, L50, M|\n|poke|p1|Chien-Pao, L50|\n|poke|p1|Mabosstiff, L50, M|\n|poke|p1|Drifblim, L50, F|\n|poke|p1|Lycanroc-Dusk, L50, F|\n|poke|p1|Staraptor, L50, M|\n|poke|p2|Great Tusk, L50|\n|poke|p2|Oricorio-Pom-Pom, L50, M|\n|poke|p2|Volcarona, L50, F|\n|poke|p2|Iron Valiant, L50|\n|poke|p2|Dragalge, L50, F|\n|poke|p2|Haunter, L50, F|\n|teampreview|4\nFreischieb has agreed to open team sheets.\nRaderph has agreed to open team sheets.\n|\n|t:|1683444417\n|start\n|switch|p1a: Lycanroc|Lycanroc-Dusk, L50, F|100\/100\n|switch|p1b: Staraptor|Staraptor, L50, M|100\/100\n|switch|p2a: \u970a\u77e5\u306e\u592a\u967d\u4fe1\u4ef0|Volcarona, L50, F|100\/100\n|switch|p2b: FIGHTCLUBCHINATOWN|Oricorio-Pom-Pom, L50, M|100\/100\n|turn|1\n|\n|t:|1683444486\n|move|p2b: FIGHTCLUBCHINATOWN|Protect|p2b: FIGHTCLUBCHINATOWN\n|-singleturn|p2b: FIGHTCLUBCHINATOWN|Protect\n|move|p1a: Lycanroc|Accelerock|p2a: \u970a\u77e5\u306e\u592a\u967d\u4fe1\u4ef0\n|-supereffective|p2a: \u970a\u77e5\u306e\u592a\u967d\u4fe1\u4ef0\n|-enditem|p2a: \u970a\u77e5\u306e\u592a\u967d\u4fe1\u4ef0|Focus Sash\n|-damage|p2a: \u970a\u77e5\u306e\u592a\u967d\u4fe1\u4ef0|1\/100\n|move|p1b: Staraptor|Brave Bird|p2a: \u970a\u77e5\u306e\u592a\u967d\u4fe1\u4ef0\n|-supereffective|p2a: \u970a\u77e5\u306e\u592a\u967d\u4fe1\u4ef0\n|-damage|p2a: \u970a\u77e5\u306e\u592a\u967d\u4fe1\u4ef0|0 fnt\n|faint|p2a: \u970a\u77e5\u306e\u592a\u967d\u4fe1\u4ef0\n|-damage|p1b: Staraptor|99\/100|[from] Recoil\n|\n|upkeep\n|\n|t:|1683444498\n|switch|p2a: PERFECT KNIGHTMARE|Iron Valiant, L50|100\/100\n|-enditem|p2a: PERFECT KNIGHTMARE|Booster Energy\n|-activate|p2a: PERFECT KNIGHTMARE|ability: Quark Drive|[fromitem]\n|-start|p2a: PERFECT KNIGHTMARE|quarkdrivespe\n|turn|2\n|\n|t:|1683444550\n|switch|p1b: Mabosstiff|Mabosstiff, L50, M|100\/100\n|-ability|p1b: Mabosstiff|Intimidate|boost\n|-unboost|p2a: PERFECT KNIGHTMARE|atk|1\n|-unboost|p2b: FIGHTCLUBCHINATOWN|atk|1\n|-terastallize|p2a: PERFECT KNIGHTMARE|Steel\n|move|p2a: PERFECT KNIGHTMARE|Quick Guard|p2a: PERFECT KNIGHTMARE\n|-singleturn|p2a: PERFECT KNIGHTMARE|Quick Guard\n|move|p1a: Lycanroc|Rock Slide|p2b: FIGHTCLUBCHINATOWN|[spread] p2a,p2b\n|-resisted|p2a: PERFECT KNIGHTMARE\n|-supereffective|p2b: FIGHTCLUBCHINATOWN\n|-damage|p2a: PERFECT KNIGHTMARE|82\/100\n|-damage|p2b: FIGHTCLUBCHINATOWN|0 fnt\n|faint|p2b: FIGHTCLUBCHINATOWN\n|\n|upkeep\n|\n|t:|1683444562\n|switch|p2b: BE THE KING|Great Tusk, L50|100\/100\n|turn|3\n|\n|t:|1683444593\n|-terastallize|p1b: Mabosstiff|Fairy\n|move|p1a: Lycanroc|Protect|p1a: Lycanroc\n|-singleturn|p1a: Lycanroc|Protect\n|move|p2a: PERFECT KNIGHTMARE|Aura Sphere|p1a: Lycanroc\n|-activate|p1a: Lycanroc|move: Protect\n|move|p2b: BE THE KING|Body Press|p1b: Mabosstiff\n|-resisted|p1b: Mabosstiff\n|-damage|p1b: Mabosstiff|80\/100\n|move|p1b: Mabosstiff|Play Rough|p2b: BE THE KING\n|-supereffective|p2b: BE THE KING\n|-damage|p2b: BE THE KING|43\/100\n|\n|upkeep\n|turn|4\n|\n|t:|1683444625\n|move|p2a: PERFECT KNIGHTMARE|Thunderbolt|p1a: Lycanroc\n|-damage|p1a: Lycanroc|53\/100\n|move|p1a: Lycanroc|Howl|p1a: Lycanroc|[spread] p1a,p1b\n|-boost|p1a: Lycanroc|atk|1\n|-boost|p1b: Mabosstiff|atk|1\n|move|p2b: BE THE KING|Rock Slide|p1a: Lycanroc|[spread] p1b\n|-miss|p2b: BE THE KING|p1a: Lycanroc\n|-damage|p1b: Mabosstiff|62\/100\n|move|p1b: Mabosstiff|Play Rough|p2b: BE THE KING\n|-supereffective|p2b: BE THE KING\n|-crit|p2b: BE THE KING\n|-damage|p2b: BE THE KING|0 fnt\n|faint|p2b: BE THE KING\n|-end|p2b: BE THE KING|Protosynthesis|[silent]\n|\n|upkeep\n|turn|5\n|\n|t:|1683444666\n|switch|p1a: Arcanine|Arcanine, L50, M|100\/100\n|-ability|p1a: Arcanine|Intimidate|boost\n|-unboost|p2a: PERFECT KNIGHTMARE|atk|1\n|move|p2a: PERFECT KNIGHTMARE|Aura Sphere|p1a: Arcanine\n|-damage|p1a: Arcanine|60\/100\n|move|p1b: Mabosstiff|Trailblaze|p2a: PERFECT KNIGHTMARE\n|-resisted|p2a: PERFECT KNIGHTMARE\n|-damage|p2a: PERFECT KNIGHTMARE|68\/100\n|-boost|p1b: Mabosstiff|spe|1\n|\n|upkeep\n|turn|6\n|\n|t:|1683444681\n|move|p2a: PERFECT KNIGHTMARE|Aura Sphere|p1a: Arcanine\n|-damage|p1a: Arcanine|18\/100\n|-enditem|p1a: Arcanine|Aguav Berry|[eat]\n|-heal|p1a: Arcanine|51\/100|[from] item: Aguav Berry\n|move|p1b: Mabosstiff|Trailblaze|p2a: PERFECT KNIGHTMARE\n|-resisted|p2a: PERFECT KNIGHTMARE\n|-damage|p2a: PERFECT KNIGHTMARE|52\/100\n|-boost|p1b: Mabosstiff|spe|1\n|move|p1a: Arcanine|Flare Blitz|p2a: PERFECT KNIGHTMARE\n|-supereffective|p2a: PERFECT KNIGHTMARE\n|-damage|p2a: PERFECT KNIGHTMARE|0 fnt\n|faint|p2a: PERFECT KNIGHTMARE\n|-end|p2a: PERFECT KNIGHTMARE|Quark Drive|[silent]\n|-damage|p1a: Arcanine|37\/100|[from] Recoil\n|\n|win|Freischieb\n","uploadtime":1683444698,"views":8,"p1id":"freischieb","p2id":"raderph","formatid":"gen9vgc2023regulationc","rating":0,"private":0,"password":""}