{"id":"gen9vgc2023regulationc-1861686815","p1":"The_AG_Is_Real","p2":"haha you rage quit","format":"[Gen 9] VGC 2023 Regulation C","log":"|j|\u203dThe_AG_Is_Real\n|j|\u2606haha you rage quit\n|t:|1683794371\n|gametype|doubles\n|player|p1|The_AG_Is_Real|candice|1214\n|player|p2|haha you rage quit|pokemaniac|1137\n|teamsize|p1|6\n|teamsize|p2|6\n|gen|9\n|tier|[Gen 9] VGC 2023 Regulation C\n|rated|\n|rule|Species Clause: Limit one of each Pok\u00e9mon\n|rule|Item Clause: Limit one of each item\n|clearpoke\n|poke|p1|Toxtricity, L50, F|\n|poke|p1|Dondozo, L50, M|\n|poke|p1|Chi-Yu, L50|\n|poke|p1|Salamence, L50, M|\n|poke|p1|Iron Bundle, L50|\n|poke|p1|Lurantis, L50, M|\n|poke|p2|Murkrow, L50, M|\n|poke|p2|Great Tusk, L50|\n|poke|p2|Flutter Mane, L50|\n|poke|p2|Jumpluff, L50, M|\n|poke|p2|Torkoal, L50, M|\n|poke|p2|Kingambit, L50, M|\n|teampreview|4\n|inactive|Battle timer is ON: inactive players will automatically lose when time's up. (requested by The_AG_Is_Real)\n|\n|t:|1683794388\n|start\n|switch|p1a: Salamence|Salamence, L50, M|100\/100\n|switch|p1b: Iron Bundle|Iron Bundle, L50|100\/100\n|switch|p2a: Jumpluff|Jumpluff, L50, M|100\/100\n|switch|p2b: Torkoal|Torkoal, L50, M|100\/100\n|-ability|p1a: Salamence|Intimidate|boost\n|-unboost|p2a: Jumpluff|atk|1\n|-unboost|p2b: Torkoal|atk|1\n|-enditem|p2b: Torkoal|Eject Pack\n|\n|t:|1683794399\n|switch|p2b: Flutter Mane|Flutter Mane, L50, shiny|100\/100\n|-enditem|p1b: Iron Bundle|Booster Energy\n|-activate|p1b: Iron Bundle|ability: Quark Drive|[fromitem]\n|-start|p1b: Iron Bundle|quarkdrivespe\n|turn|1\n|\n|t:|1683794415\n|move|p2b: Flutter Mane|Protect|p2b: Flutter Mane\n|-singleturn|p2b: Flutter Mane|Protect\n|move|p1b: Iron Bundle|Icy Wind|p2b: Flutter Mane|[spread] p2a\n|-activate|p2b: Flutter Mane|move: Protect\n|-supereffective|p2a: Jumpluff\n|-damage|p2a: Jumpluff|26\/100\n|move|p1a: Salamence|Tailwind|p1a: Salamence\n|-sidestart|p1: The_AG_Is_Real|move: Tailwind\n|move|p2a: Jumpluff|Tailwind|p2a: Jumpluff\n|-sidestart|p2: haha you rage quit|move: Tailwind\n|\n|upkeep\n|turn|2\n|inactive|haha you rage quit has 30 seconds left.\n|inactive|haha you rage quit has 20 seconds left.\n|\n|t:|1683794451\n|-terastallize|p1a: Salamence|Steel\n|move|p1b: Iron Bundle|Icy Wind|p2a: Jumpluff|[spread] p2a,p2b\n|-supereffective|p2a: Jumpluff\n|-damage|p2a: Jumpluff|0 fnt\n|-damage|p2b: Flutter Mane|78\/100\n|-unboost|p2b: Flutter Mane|spe|1\n|faint|p2a: Jumpluff\n|move|p1a: Salamence|Iron Head|p2b: Flutter Mane\n|-supereffective|p2b: Flutter Mane\n|-damage|p2b: Flutter Mane|0 fnt\n|faint|p2b: Flutter Mane\n|-end|p2b: Flutter Mane|Protosynthesis|[silent]\n|\n|upkeep\n|\n|t:|1683794460\n|switch|p2b: Great Tusk|Great Tusk, L50, shiny|100\/100\n|switch|p2a: Torkoal|Torkoal, L50, M|100\/100\n|-weather|SunnyDay|[from] ability: Drought|[of] p2a: Torkoal\n|-activate|p2b: Great Tusk|ability: Protosynthesis\n|-start|p2b: Great Tusk|protosynthesisatk\n|turn|3\n|\n|t:|1683794478\n|move|p2b: Great Tusk|Protect|p2b: Great Tusk\n|-singleturn|p2b: Great Tusk|Protect\n|move|p1b: Iron Bundle|Freeze-Dry|p2b: Great Tusk\n|-activate|p2b: Great Tusk|move: Protect\n|move|p1a: Salamence|Dragon Claw|p2b: Great Tusk\n|-activate|p2b: Great Tusk|move: Protect\n|move|p2a: Torkoal|Overheat|p1a: Salamence\n|-supereffective|p1a: Salamence\n|-damage|p1a: Salamence|0 fnt\n|-unboost|p2a: Torkoal|spa|2\n|faint|p1a: Salamence\n|\n|-weather|SunnyDay|[upkeep]\n|upkeep\n|inactive|The_AG_Is_Real has 30 seconds left.\n|\n|t:|1683794503\n|switch|p1a: Lurantis|Lurantis, L50, M|100\/100\n|turn|4\n|\n|t:|1683794524\n|-terastallize|p2b: Great Tusk|Steel\n|move|p1b: Iron Bundle|Icy Wind|p2b: Great Tusk|[spread] p2a,p2b\n|-resisted|p2a: Torkoal\n|-resisted|p2b: Great Tusk\n|-crit|p2b: Great Tusk\n|-damage|p2a: Torkoal|86\/100\n|-damage|p2b: Great Tusk|84\/100\n|-unboost|p2a: Torkoal|spe|1\n|move|p1a: Lurantis|Leaf Storm|p2b: Great Tusk\n|-resisted|p2b: Great Tusk\n|-damage|p2b: Great Tusk|59\/100\n|-boost|p1a: Lurantis|spa|2\n|move|p2b: Great Tusk|Rock Slide|p1b: Iron Bundle|[spread] p1a,p1b\n|-supereffective|p1b: Iron Bundle\n|-damage|p1a: Lurantis|65\/100\n|-damage|p1b: Iron Bundle|32\/100\n|move|p2a: Torkoal|Overheat|p1a: Lurantis\n|-supereffective|p1a: Lurantis\n|-crit|p1a: Lurantis\n|-damage|p1a: Lurantis|0 fnt\n|-unboost|p2a: Torkoal|spa|2\n|faint|p1a: Lurantis\n|\n|-weather|SunnyDay|[upkeep]\n|-sideend|p2: haha you rage quit|move: Tailwind\n|-sideend|p1: The_AG_Is_Real|move: Tailwind\n|upkeep\n|\n|t:|1683794529\n|switch|p1a: Dondozo|Dondozo, L50, M|100\/100\n|turn|5\n|inactive|haha you rage quit has 30 seconds left.\n|inactive|haha you rage quit has 20 seconds left.\n|\n|t:|1683794566\n|move|p1b: Iron Bundle|Protect|p1b: Iron Bundle\n|-singleturn|p1b: Iron Bundle|Protect\n|move|p2b: Great Tusk|Protect|p2b: Great Tusk\n|-singleturn|p2b: Great Tusk|Protect\n|move|p1a: Dondozo|Fissure|p2b: Great Tusk\n|-activate|p2b: Great Tusk|move: Protect\n|move|p2a: Torkoal|Fissure|p1a: Dondozo|[miss]\n|-miss|p2a: Torkoal|p1a: Dondozo\n|\n|-weather|SunnyDay|[upkeep]\n|upkeep\n|turn|6\n|inactive|The_AG_Is_Real has 30 seconds left.\n|inactive|The_AG_Is_Real has 20 seconds left.\n|\n|t:|1683794604\n|move|p1b: Iron Bundle|Hydro Pump|p2a: Torkoal\n|-supereffective|p2a: Torkoal\n|-damage|p2a: Torkoal|21\/100\n|move|p2b: Great Tusk|Rock Slide|p1b: Iron Bundle|[spread] p1a\n|-miss|p2b: Great Tusk|p1b: Iron Bundle\n|-damage|p1a: Dondozo|82\/100\n|move|p1a: Dondozo|Fissure|p2b: Great Tusk|[miss]\n|-miss|p1a: Dondozo|p2b: Great Tusk\n|move|p2a: Torkoal|Fissure|p1a: Dondozo|[miss]\n|-miss|p2a: Torkoal|p1a: Dondozo\n|\n|-weather|SunnyDay|[upkeep]\n|upkeep\n|turn|7\n|\n|t:|1683794626\n|move|p2a: Torkoal|Helping Hand|p2b: Great Tusk\n|-singleturn|p2b: Great Tusk|Helping Hand|[of] p2a: Torkoal\n|move|p1b: Iron Bundle|Hydro Pump|p2b: Great Tusk\n|-damage|p2b: Great Tusk|30\/100\n|move|p2b: Great Tusk|Headlong Rush|p1a: Dondozo\n|-damage|p1a: Dondozo|0 fnt\n|-unboost|p2b: Great Tusk|def|1\n|-unboost|p2b: Great Tusk|spd|1\n|faint|p1a: Dondozo\n|\n|-weather|none\n|-end|p2b: Great Tusk|Protosynthesis\n|upkeep\n|turn|8\n|\n|t:|1683794637\n|move|p1b: Iron Bundle|Hydro Pump|p2b: Great Tusk\n|-damage|p2b: Great Tusk|0 fnt\n|faint|p2b: Great Tusk\n|-end|p2b: Great Tusk|Protosynthesis|[silent]\n|move|p2a: Torkoal|Overheat|p1b: Iron Bundle\n|-damage|p1b: Iron Bundle|0 fnt\n|-unboost|p2a: Torkoal|spa|2\n|faint|p1b: Iron Bundle\n|-end|p1b: Iron Bundle|Quark Drive|[silent]\n|\n|win|haha you rage quit\n|raw|The_AG_Is_Real's rating: 1214 → 1184<\/strong> (-30 for losing)\n|raw|haha you rage quit's rating: 1137 → 1167<\/strong> (+30 for winning)\n|l|\u203dThe_AG_Is_Real\n","uploadtime":1683794651,"views":11,"p1id":"theagisreal","p2id":"hahayouragequit","formatid":"gen9vgc2023regulationc","rating":1167,"private":0,"password":""}