{"id":"gen9vgc2023regulationc-1848672130","p1":"AlexanderB0399","p2":"Baudry","format":"[Gen 9] VGC 2023 Regulation C","log":"|j|\u2606AlexanderB0399\n|j|\u2606Baudry\n|t:|1682099541\n|gametype|doubles\n|player|p1|AlexanderB0399|alder|1343\n|player|p2|Baudry|1|1328\n|teamsize|p1|6\n|teamsize|p2|6\n|gen|9\n|tier|[Gen 9] VGC 2023 Regulation C\n|rated|\n|rule|Species Clause: Limit one of each Pok\u00e9mon\n|rule|Item Clause: Limit one of each item\n|clearpoke\n|poke|p1|Palafin, L50, F|\n|poke|p1|Chien-Pao, L50|\n|poke|p1|Dragapult, L50, F|\n|poke|p1|Amoonguss, L50, M|\n|poke|p1|Arcanine, L50, F|\n|poke|p1|Flutter Mane, L50|\n|poke|p2|Glimmora, L50, F|\n|poke|p2|Wo-Chien, L50|\n|poke|p2|Ting-Lu, L50|\n|poke|p2|Gyarados, L50, F|\n|poke|p2|Talonflame, L50, F|\n|poke|p2|Annihilape, L50, M|\n|teampreview|4\n|inactive|Battle timer is ON: inactive players will automatically lose when time's up. (requested by Baudry)\n|inactive|AlexanderB0399 has 60 seconds left.\n|inactive|Baudry has 60 seconds left.\n|inactive|Baudry has 30 seconds left.\n|\n|t:|1682099602\n|start\n|switch|p1a: Dozo|Palafin, L50, F|100\/100\n|switch|p1b: ChiYu|Arcanine, L50, F|100\/100\n|switch|p2a: Annihilape|Annihilape, L50, M|100\/100\n|switch|p2b: Gyarados|Gyarados, L50, F|100\/100\n|-ability|p1b: ChiYu|Intimidate|boost\n|-unboost|p2a: Annihilape|atk|1\n|-ability|p2a: Annihilape|Defiant|boost\n|-boost|p2a: Annihilape|atk|2\n|-unboost|p2b: Gyarados|atk|1\n|-ability|p2b: Gyarados|Intimidate|boost\n|-unboost|p1a: Dozo|atk|1\n|-unboost|p1b: ChiYu|atk|1\n|turn|1\n|inactive|Baudry has 30 seconds left.\n|\n|t:|1682099630\n|move|p1b: ChiYu|Protect|p1b: ChiYu\n|-singleturn|p1b: ChiYu|Protect\n|move|p2a: Annihilape|Protect|p2a: Annihilape\n|-singleturn|p2a: Annihilape|Protect\n|move|p2b: Gyarados|Thunder Wave|p1b: ChiYu\n|-activate|p1b: ChiYu|move: Protect\n|move|p1a: Dozo|Haze|p1a: Dozo\n|-clearallboost\n|\n|upkeep\n|turn|2\n|inactive|Baudry has 30 seconds left.\n|inactive|Baudry has 20 seconds left.\n|\n|t:|1682099668\n|detailschange|p1a: Dozo|Palafin-Hero, L50, F\n|switch|p1a: WoChien|Amoonguss, L50, M|100\/100\n|switch|p2a: Wo-Chien|Wo-Chien, L50|100\/100\n|-ability|p2a: Wo-Chien|Tablets of Ruin\n|move|p1b: ChiYu|Will-O-Wisp|p2a: Wo-Chien\n|-status|p2a: Wo-Chien|brn\n|move|p2b: Gyarados|Thunder Wave|p1b: ChiYu\n|-status|p1b: ChiYu|par\n|\n|-damage|p2a: Wo-Chien|94\/100 brn|[from] brn\n|upkeep\n|turn|3\n|inactive|AlexanderB0399 has 30 seconds left.\n|inactive|AlexanderB0399 has 20 seconds left.\n|\n|t:|1682099706\n|move|p1b: ChiYu|Protect|p1b: ChiYu\n|-singleturn|p1b: ChiYu|Protect\n|move|p2b: Gyarados|Taunt|p1a: WoChien\n|-start|p1a: WoChien|move: Taunt\n|move|p2a: Wo-Chien|Knock Off|p1a: WoChien\n|-damage|p1a: WoChien|91\/100\n|-enditem|p1a: WoChien|Sitrus Berry|[from] move: Knock Off|[of] p2a: Wo-Chien\n|cant|p1a: WoChien|move: Taunt|Spore\n|\n|-heal|p2a: Wo-Chien|100\/100 brn|[from] item: Leftovers\n|-damage|p2a: Wo-Chien|94\/100 brn|[from] brn\n|upkeep\n|turn|4\n|\n|t:|1682099729\n|move|p2b: Gyarados|Waterfall|p1b: ChiYu\n|-supereffective|p1b: ChiYu\n|-damage|p1b: ChiYu|42\/100 par\n|move|p2a: Wo-Chien|Leech Seed|p1b: ChiYu\n|-start|p1b: ChiYu|move: Leech Seed\n|cant|p1b: ChiYu|flinch\n|move|p1a: WoChien|Pollen Puff|p2a: Wo-Chien\n|-supereffective|p2a: Wo-Chien\n|-damage|p2a: Wo-Chien|46\/100 brn\n|\n|-heal|p2a: Wo-Chien|53\/100 brn|[from] item: Leftovers\n|-damage|p1b: ChiYu|30\/100 par|[from] Leech Seed|[of] p2a: Wo-Chien\n|-heal|p2a: Wo-Chien|65\/100 brn|[silent]\n|-damage|p2a: Wo-Chien|59\/100 brn|[from] brn\n|upkeep\n|turn|5\n|inactive|AlexanderB0399 has 30 seconds left.\n|inactive|Baudry has 30 seconds left.\n|\n|t:|1682099758\n|switch|p2b: Annihilape|Annihilape, L50, M|100\/100\n|switch|p1a: Dozo|Palafin-Hero, L50, F|100\/100\n|-activate|p1a: Dozo|ability: Zero to Hero\n|move|p2a: Wo-Chien|Protect|p2a: Wo-Chien\n|-singleturn|p2a: Wo-Chien|Protect\n|move|p1b: ChiYu|Flare Blitz|p2a: Wo-Chien\n|-activate|p2a: Wo-Chien|move: Protect\n|\n|-heal|p2a: Wo-Chien|65\/100 brn|[from] item: Leftovers\n|-damage|p1b: ChiYu|17\/100 par|[from] Leech Seed|[of] p2a: Wo-Chien\n|-heal|p2a: Wo-Chien|78\/100 brn|[silent]\n|-damage|p2a: Wo-Chien|71\/100 brn|[from] brn\n|upkeep\n|turn|6\n|\n|t:|1682099780\n|switch|p2b: Gyarados|Gyarados, L50, F|100\/100\n|-ability|p2b: Gyarados|Intimidate|boost\n|-unboost|p1a: Dozo|atk|1\n|-unboost|p1b: ChiYu|atk|1\n|-terastallize|p1a: Dozo|Water\n|move|p1a: Dozo|Wave Crash|p2b: Gyarados\n|-resisted|p2b: Gyarados\n|-damage|p2b: Gyarados|65\/100\n|-damage|p1a: Dozo|90\/100|[from] Recoil\n|move|p2a: Wo-Chien|Leech Seed|p1a: Dozo\n|-start|p1a: Dozo|move: Leech Seed\n|move|p1b: ChiYu|Flare Blitz|p2a: Wo-Chien\n|-supereffective|p2a: Wo-Chien\n|-damage|p2a: Wo-Chien|36\/100 brn\n|-damage|p1b: ChiYu|6\/100 par|[from] Recoil\n|\n|-heal|p2a: Wo-Chien|42\/100 brn|[from] item: Leftovers\n|-damage|p1a: Dozo|78\/100|[from] Leech Seed|[of] p2a: Wo-Chien\n|-heal|p2a: Wo-Chien|55\/100 brn|[silent]\n|-damage|p1b: ChiYu|0 fnt|[from] Leech Seed|[of] p2a: Wo-Chien\n|-heal|p2a: Wo-Chien|61\/100 brn|[silent]\n|faint|p1b: ChiYu\n|-damage|p2a: Wo-Chien|55\/100 brn|[from] brn\n|upkeep\n|\n|t:|1682099787\n|switch|p1b: Bundle|Chien-Pao, L50|100\/100\n|-ability|p1b: Bundle|Sword of Ruin\n|turn|7\n|inactive|Baudry has 30 seconds left.\n|inactive|Baudry has 20 seconds left.\n|inactive|Baudry has 15 seconds left.\n|inactive|Baudry has 10 seconds left.\n|inactive|Baudry has 5 seconds left.\n|\n|t:|1682099842\n|-terastallize|p2a: Wo-Chien|Poison\n|move|p1b: Bundle|Ice Spinner|p2b: Gyarados\n|-damage|p2b: Gyarados|21\/100\n|-enditem|p2b: Gyarados|Sitrus Berry|[eat]\n|-heal|p2b: Gyarados|46\/100|[from] item: Sitrus Berry\n|move|p2b: Gyarados|Thunder Wave|p1b: Bundle\n|-status|p1b: Bundle|par\n|move|p1a: Dozo|Wave Crash|p2b: Gyarados\n|-resisted|p2b: Gyarados\n|-damage|p2b: Gyarados|0 fnt\n|faint|p2b: Gyarados\n|-damage|p1a: Dozo|65\/100|[from] Recoil\n|move|p2a: Wo-Chien|Knock Off|p1a: Dozo\n|-damage|p1a: Dozo|51\/100\n|-enditem|p1a: Dozo|Mystic Water|[from] move: Knock Off|[of] p2a: Wo-Chien\n|\n|-heal|p2a: Wo-Chien|61\/100 brn|[from] item: Leftovers\n|-damage|p1a: Dozo|39\/100|[from] Leech Seed|[of] p2a: Wo-Chien\n|-heal|p2a: Wo-Chien|74\/100 brn|[silent]\n|-damage|p2a: Wo-Chien|68\/100 brn|[from] brn\n|upkeep\n|inactive|Baudry has 30 seconds left.\n|\n|t:|1682099868\n|switch|p2b: Annihilape|Annihilape, L50, M|100\/100\n|turn|8\n|\n|t:|1682099875\n|switch|p1a: WoChien|Amoonguss, L50, M|100\/100\n|move|p1b: Bundle|Protect|p1b: Bundle\n|-singleturn|p1b: Bundle|Protect\n|move|p2a: Wo-Chien|Protect|p2a: Wo-Chien\n|-singleturn|p2a: Wo-Chien|Protect\n|move|p2b: Annihilape|Bulk Up|p2b: Annihilape\n|-boost|p2b: Annihilape|atk|1\n|-boost|p2b: Annihilape|def|1\n|\n|-heal|p2a: Wo-Chien|74\/100 brn|[from] item: Leftovers\n|-damage|p2a: Wo-Chien|68\/100 brn|[from] brn\n|upkeep\n|turn|9\n|\n|t:|1682099899\n|move|p2b: Annihilape|Drain Punch|p1b: Bundle\n|-supereffective|p1b: Bundle\n|-enditem|p1b: Bundle|Focus Sash\n|-damage|p1b: Bundle|1\/100 par\n|move|p1b: Bundle|Ice Spinner|p2a: Wo-Chien\n|-damage|p2a: Wo-Chien|38\/100 brn\n|move|p2a: Wo-Chien|Pollen Puff|p1b: Bundle\n|-supereffective|p1b: Bundle\n|-damage|p1b: Bundle|0 fnt\n|faint|p1b: Bundle\n|move|p1a: WoChien|Spore|p2b: Annihilape\n|-activate|p2b: Annihilape|item: Safety Goggles|Spore\n|\n|-heal|p2a: Wo-Chien|44\/100 brn|[from] item: Leftovers\n|-damage|p2a: Wo-Chien|38\/100 brn|[from] brn\n|upkeep\n|\n|t:|1682099912\n|switch|p1b: Dozo|Palafin-Hero, L50, F, tera:Water|39\/100\n|turn|10\n|inactive|AlexanderB0399 has 30 seconds left.\n|inactive|Baudry has 30 seconds left.\n|inactive|Baudry has 20 seconds left.\n|\n|t:|1682099948\n|move|p1b: Dozo|Haze|p1b: Dozo\n|-clearallboost\n|move|p2b: Annihilape|Rage Fist|p1b: Dozo\n|-damage|p1b: Dozo|24\/100\n|move|p2a: Wo-Chien|Pollen Puff|p1b: Dozo\n|-damage|p1b: Dozo|5\/100\n|move|p1a: WoChien|Pollen Puff|p1b: Dozo\n|-heal|p1b: Dozo|55\/100\n|\n|-heal|p2a: Wo-Chien|44\/100 brn|[from] item: Leftovers\n|-damage|p2a: Wo-Chien|38\/100 brn|[from] brn\n|upkeep\n|turn|11\n|\n|t:|1682099968\n|move|p1b: Dozo|Wave Crash|p2a: Wo-Chien\n|-damage|p2a: Wo-Chien|0 fnt\n|faint|p2a: Wo-Chien\n|-damage|p1b: Dozo|43\/100|[from] Recoil\n|move|p2b: Annihilape|Bulk Up|p2b: Annihilape\n|-boost|p2b: Annihilape|atk|1\n|-boost|p2b: Annihilape|def|1\n|move|p1a: WoChien|Pollen Puff|p1b: Dozo\n|-heal|p1b: Dozo|93\/100\n|\n|upkeep\n|\n|t:|1682099981\n|switch|p2a: Talonflame|Talonflame, L50, F|100\/100\n|turn|12\n|inactive|Baudry has 30 seconds left.\n|\n|t:|1682100009\n|move|p2a: Talonflame|Brave Bird|p1a: WoChien\n|-supereffective|p1a: WoChien\n|-damage|p1a: WoChien|10\/100\n|-damage|p2a: Talonflame|65\/100|[from] Recoil\n|move|p1b: Dozo|Jet Punch|p2a: Talonflame\n|-supereffective|p2a: Talonflame\n|-damage|p2a: Talonflame|0 fnt\n|faint|p2a: Talonflame\n|move|p2b: Annihilape|Bulk Up|p2b: Annihilape\n|-boost|p2b: Annihilape|atk|1\n|-boost|p2b: Annihilape|def|1\n|move|p1a: WoChien|Pollen Puff|p2b: Annihilape\n|-resisted|p2b: Annihilape\n|-damage|p2b: Annihilape|98\/100\n|\n|upkeep\n|turn|13\n|\n|t:|1682100029\n|move|p1b: Dozo|Haze|p1b: Dozo\n|-clearallboost\n|move|p2b: Annihilape|Rage Fist|p1b: Dozo\n|-damage|p1b: Dozo|54\/100\n|move|p1a: WoChien|Pollen Puff|p1b: Dozo\n|-heal|p1b: Dozo|100\/100\n|\n|upkeep\n|turn|14\n|inactive|Baudry has 30 seconds left.\n|\n|t:|1682100055\n|move|p1b: Dozo|Wave Crash|p2b: Annihilape\n|-damage|p2b: Annihilape|1\/100\n|-damage|p1b: Dozo|67\/100|[from] Recoil\n|move|p2b: Annihilape|Rage Fist|p1a: WoChien\n|-damage|p1a: WoChien|0 fnt\n|faint|p1a: WoChien\n|\n|upkeep\n|turn|15\n|\n|t:|1682100066\n|move|p1b: Dozo|Jet Punch|p2b: Annihilape\n|-damage|p2b: Annihilape|0 fnt\n|faint|p2b: Annihilape\n|\n|win|AlexanderB0399\n|raw|AlexanderB0399's rating: 1343 → 1362<\/strong> (+19 for winning)\n|raw|Baudry's rating: 1328 → 1309<\/strong> (-19 for losing)\n|l|\u2606Baudry\n","uploadtime":1682100072,"views":15,"p1id":"alexanderb0399","p2id":"baudry","formatid":"gen9vgc2023regulationc","rating":1309,"private":0,"password":""}