{"id":"gen9vgc2023regulationc-1862155077","p1":"TonnyDolfing","p2":"MoArUuRaOm","format":"[Gen 9] VGC 2023 Regulation C","log":"|j|\u2606TonnyDolfing\n|j|\u2606MoArUuRaOm\n|t:|1683842977\n|gametype|doubles\n|player|p1|TonnyDolfing|lucas-gen4pt|1188\n|player|p2|MoArUuRaOm|101|1199\n|teamsize|p1|6\n|teamsize|p2|6\n|gen|9\n|tier|[Gen 9] VGC 2023 Regulation C\n|rated|\n|rule|Species Clause: Limit one of each Pok\u00e9mon\n|rule|Item Clause: Limit one of each item\n|clearpoke\n|poke|p1|Abomasnow, L50, F|\n|poke|p1|Chien-Pao, L50|\n|poke|p1|Kingambit, L50, F|\n|poke|p1|Dondozo, L50, F|\n|poke|p1|Garganacl, L50, F|\n|poke|p1|Ting-Lu, L50|\n|poke|p2|Flutter Mane, L50|\n|poke|p2|Torkoal, L50, F|\n|poke|p2|Great Tusk, L50|\n|poke|p2|Jumpluff, L50, M|\n|poke|p2|Kingambit, L50, M|\n|poke|p2|Chien-Pao, L50|\n|teampreview|4\n|inactive|Battle timer is ON: inactive players will automatically lose when time's up. (requested by TonnyDolfing)\n|\n|t:|1683843035\n|start\n|switch|p1a: Chien-Pao|Chien-Pao, L50|100\/100\n|switch|p1b: Ting-Lu|Ting-Lu, L50|100\/100\n|switch|p2a: Kingambit|Kingambit, L50, M|100\/100\n|switch|p2b: Flutter Mane|Flutter Mane, L50|100\/100\n|-ability|p1a: Chien-Pao|Sword of Ruin\n|-ability|p1b: Ting-Lu|Vessel of Ruin\n|turn|1\n|inactive|MoArUuRaOm has 30 seconds left.\n|\n|t:|1683843064\n|-terastallize|p2a: Kingambit|Fire\n|move|p1a: Chien-Pao|Sucker Punch|p2b: Flutter Mane\n|-damage|p2b: Flutter Mane|42\/100\n|move|p2b: Flutter Mane|Dazzling Gleam|p1b: Ting-Lu|[spread] p1a,p1b\n|-supereffective|p1a: Chien-Pao\n|-supereffective|p1b: Ting-Lu\n|-damage|p1a: Chien-Pao|52\/100\n|-damage|p1b: Ting-Lu|59\/100\n|move|p2a: Kingambit|Iron Head|p1a: Chien-Pao\n|-supereffective|p1a: Chien-Pao\n|-damage|p1a: Chien-Pao|0 fnt\n|faint|p1a: Chien-Pao\n|move|p1b: Ting-Lu|Fissure|p2a: Kingambit\n|-damage|p2a: Kingambit|0 fnt\n|faint|p2a: Kingambit\n|-ohko\n|\n|-heal|p1b: Ting-Lu|65\/100|[from] item: Leftovers\n|upkeep\n|\n|t:|1683843083\n|switch|p1a: Abomasnow|Abomasnow, L50, F|100\/100\n|switch|p2a: Torkoal|Torkoal, L50, F|100\/100\n|-weather|Snow|[from] ability: Snow Warning|[of] p1a: Abomasnow\n|-weather|SunnyDay|[from] ability: Drought|[of] p2a: Torkoal\n|-activate|p2b: Flutter Mane|ability: Protosynthesis\n|-start|p2b: Flutter Mane|protosynthesisspa\n|turn|2\n|\n|t:|1683843104\n|move|p2a: Torkoal|Helping Hand|p2b: Flutter Mane\n|-singleturn|p2b: Flutter Mane|Helping Hand|[of] p2a: Torkoal\n|move|p2b: Flutter Mane|Dazzling Gleam|p1a: Abomasnow|[spread] p1a,p1b\n|-supereffective|p1b: Ting-Lu\n|-damage|p1a: Abomasnow|43\/100\n|-damage|p1b: Ting-Lu|0 fnt\n|faint|p1b: Ting-Lu\n|move|p1a: Abomasnow|Aurora Veil||[still]\n|-fail|p1a: Abomasnow\n|\n|-weather|SunnyDay|[upkeep]\n|upkeep\n|\n|t:|1683843114\n|switch|p1b: Garganacl|Garganacl, L50, F|100\/100\n|turn|3\n|\n|t:|1683843129\n|move|p2b: Flutter Mane|Dazzling Gleam|p1b: Garganacl|[spread] p1a,p1b\n|-damage|p1a: Abomasnow|0 fnt\n|-damage|p1b: Garganacl|56\/100\n|faint|p1a: Abomasnow\n|move|p1b: Garganacl|Salt Cure|p2b: Flutter Mane\n|-damage|p2b: Flutter Mane|22\/100\n|-start|p2b: Flutter Mane|Salt Cure\n|move|p2a: Torkoal|Overheat|p1b: Garganacl\n|-resisted|p1b: Garganacl\n|-damage|p1b: Garganacl|33\/100\n|-unboost|p2a: Torkoal|spa|2\n|-enditem|p2a: Torkoal|Eject Pack\n|-enditem|p1b: Garganacl|Sitrus Berry|[eat]\n|-heal|p1b: Garganacl|58\/100|[from] item: Sitrus Berry\n|\n|t:|1683843141\n|switch|p2a: Great Tusk|Great Tusk, L50|100\/100\n|-activate|p2a: Great Tusk|ability: Protosynthesis\n|-start|p2a: Great Tusk|protosynthesisatk\n|\n|-weather|SunnyDay|[upkeep]\n|-damage|p2b: Flutter Mane|10\/100|[from] Salt Cure\n|upkeep\n|turn|4\n|\n|t:|1683843152\n|move|p1b: Garganacl|Protect|p1b: Garganacl\n|-singleturn|p1b: Garganacl|Protect\n|move|p2a: Great Tusk|Headlong Rush|p1b: Garganacl\n|-activate|p1b: Garganacl|move: Protect\n|move|p2b: Flutter Mane|Dazzling Gleam|p1b: Garganacl\n|-activate|p1b: Garganacl|move: Protect\n|\n|-weather|SunnyDay|[upkeep]\n|-damage|p2b: Flutter Mane|0 fnt|[from] Salt Cure\n|faint|p2b: Flutter Mane\n|-end|p2b: Flutter Mane|Protosynthesis|[silent]\n|upkeep\n|\n|t:|1683843161\n|switch|p2b: Torkoal|Torkoal, L50, F|100\/100\n|turn|5\n|\n|t:|1683843170\n|-terastallize|p1b: Garganacl|Ghost\n|move|p2b: Torkoal|Helping Hand|p2a: Great Tusk\n|-singleturn|p2a: Great Tusk|Helping Hand|[of] p2b: Torkoal\n|move|p2a: Great Tusk|Headlong Rush|p1b: Garganacl\n|-damage|p1b: Garganacl|0 fnt\n|-unboost|p2a: Great Tusk|def|1\n|-unboost|p2a: Great Tusk|spd|1\n|faint|p1b: Garganacl\n|\n|win|MoArUuRaOm\n|raw|TonnyDolfing's rating: 1188 → 1164<\/strong> (-24 for losing)\n|raw|MoArUuRaOm's rating: 1199 → 1223<\/strong> (+24 for winning)\n|c|\u2606TonnyDolfing|gg\n","uploadtime":1683843185,"views":8,"p1id":"tonnydolfing","p2id":"moaruuraom","formatid":"gen9vgc2023regulationc","rating":1164,"private":0,"password":""}