{"id":"gen9vgc2023regulationc-1848458903","p1":"Tilzy","p2":"Kabunger","format":"[Gen 9] VGC 2023 Regulation C","log":"|j|\u2606Tilzy\n|j|\u2606Kabunger\n|t:|1682080648\n|gametype|doubles\n|player|p1|Tilzy|morty|\n|player|p2|Kabunger|hilda-wonderlauncher|\n|teamsize|p1|6\n|teamsize|p2|6\n|gen|9\n|tier|[Gen 9] VGC 2023 Regulation C\n|rated|Tournament battle\n|rule|Species Clause: Limit one of each Pok\u00e9mon\n|rule|Item Clause: Limit one of each item\n|clearpoke\n|poke|p1|Dondozo, L50, M|\n|poke|p1|Tatsugiri, L50, M|\n|poke|p1|Pelipper, L50, F|\n|poke|p1|Drednaw, L50, M|\n|poke|p1|Chien-Pao, L50|\n|poke|p1|Dragonite, L50, F|\n|poke|p2|Baxcalibur, L50, M|\n|poke|p2|Chi-Yu, L50|\n|poke|p2|Gyarados, L50, F|\n|poke|p2|Amoonguss, L50, M|\n|poke|p2|Ting-Lu, L50|\n|poke|p2|Flutter Mane, L50|\n|teampreview|4\n|raw| Open Team Sheet for Tilzy<\/summary>Dondozo @ Life Orb Ability: Unaware Level: 50 Tera Type: Water - Wave Crash - Surf - Sleep Talk - Protect Tatsugiri @ Choice Scarf Ability: Commander Level: 50 Tera Type: Steel - Muddy Water - Icy Wind - Draco Meteor - Helping Hand Pelipper @ Damp Rock Ability: Drizzle Level: 50 Tera Type: Steel - Hurricane - Hydro Pump - Tailwind - Protect Drednaw @ Choice Band Ability: Swift Swim Level: 50 Tera Type: Grass - Rock Slide - Waterfall - Tera Blast - Earthquake Chien-Pao @ Focus Sash Ability: Sword of Ruin Level: 50 Tera Type: Dark - Ice Spinner - Sucker Punch - Sacred Sword - Protect Dragonite @ Lum Berry Ability: Inner Focus Level: 50 Tera Type: Normal - Extreme Speed - Ice Spinner - Thunder Punch - Protect <\/details><\/div> Open Team Sheet for Kabunger<\/summary>Baxington (Baxcalibur) @ Clear Amulet Ability: Thermal Exchange Level: 50 Tera Type: Poison - Icicle Crash - Glaive Rush - Ice Shard - Protect Chi-Yu @ Choice Specs Ability: Beads of Ruin Level: 50 Tera Type: Ghost - Overheat - Dark Pulse - Heat Wave - Psychic Gyarados @ Lum Berry Ability: Intimidate Level: 50 Tera Type: Steel - Waterfall - Iron Head - Thunder Wave - Taunt Amoonguss @ Sitrus Berry Ability: Regenerator Level: 50 Tera Type: Water - Rage Powder - Spore - Pollen Puff - Protect Ting-Luser (Ting-Lu) @ Assault Vest Ability: Vessel of Ruin Level: 50 Tera Type: Grass - Stomping Tantrum - Ruination - Fissure - Heavy Slam Flutter Mane @ Booster Energy Ability: Protosynthesis Level: 50 Tera Type: Fairy - Moonblast - Shadow Ball - Substitute - Protect <\/details><\/div>\n|c|\u2606Kabunger|give me a moment\n|c|\u2606Kabunger|still need to process surf dozo\n|inactive|Battle timer is ON: inactive players will automatically lose when time's up. (requested by Tilzy)\n|c|\u2606Tilzy|lul\n|\n|t:|1682080694\n|start\n|switch|p1a: Pelipper|Pelipper, L50, F|100\/100\n|switch|p1b: Dragonite|Dragonite, L50, F|100\/100\n|switch|p2a: Ting-Luser|Ting-Lu, L50|100\/100\n|switch|p2b: Baxington|Baxcalibur, L50, M|100\/100\n|-weather|RainDance|[from] ability: Drizzle|[of] p1a: Pelipper\n|-ability|p2a: Ting-Luser|Vessel of Ruin\n|turn|1\n|\n|t:|1682080718\n|-terastallize|p1b: Dragonite|Normal\n|-terastallize|p2a: Ting-Luser|Grass\n|move|p2b: Baxington|Icicle Crash|p1a: Pelipper\n|-damage|p1a: Pelipper|39\/100\n|move|p1b: Dragonite|Ice Spinner|p2b: Baxington\n|-damage|p2b: Baxington|67\/100\n|move|p1a: Pelipper|Hurricane|p2a: Ting-Luser\n|-supereffective|p2a: Ting-Luser\n|-damage|p2a: Ting-Luser|63\/100\n|move|p2a: Ting-Luser|Ruination|p1b: Dragonite\n|-damage|p1b: Dragonite|51\/100\n|\n|-weather|RainDance|[upkeep]\n|upkeep\n|turn|2\n|\n|t:|1682080739\n|move|p1a: Pelipper|Protect|p1a: Pelipper\n|-singleturn|p1a: Pelipper|Protect\n|move|p2b: Baxington|Glaive Rush|p1b: Dragonite\n|-damage|p1b: Dragonite|0 fnt\n|-singlemove|p2b: Baxington|Glaive Rush|[silent]\n|faint|p1b: Dragonite\n|move|p2a: Ting-Luser|Stomping Tantrum|p1a: Pelipper\n|-activate|p1a: Pelipper|move: Protect\n|\n|-weather|RainDance|[upkeep]\n|upkeep\n|c|\u2606Kabunger|the stomping there was a misclick\n|\n|t:|1682080758\n|switch|p1b: Drednaw|Drednaw, L50, M|100\/100\n|turn|3\n|c|\u2606Kabunger|RUH ROH\n|\n|t:|1682080768\n|switch|p2b: Gyarados|Gyarados, L50, F|100\/100\n|-ability|p2b: Gyarados|Intimidate|boost\n|-unboost|p1a: Pelipper|atk|1\n|-unboost|p1b: Drednaw|atk|1\n|move|p1b: Drednaw|Rock Slide|p2a: Ting-Luser|[spread] p2b\n|-miss|p1b: Drednaw|p2a: Ting-Luser\n|-supereffective|p2b: Gyarados\n|-damage|p2b: Gyarados|37\/100\n|move|p1a: Pelipper|Hurricane|p2a: Ting-Luser\n|-supereffective|p2a: Ting-Luser\n|-damage|p2a: Ting-Luser|28\/100\n|move|p2a: Ting-Luser|Stomping Tantrum|p1b: Drednaw\n|-supereffective|p1b: Drednaw\n|-damage|p1b: Drednaw|25\/100\n|\n|-weather|RainDance|[upkeep]\n|upkeep\n|turn|4\n|\n|t:|1682080786\n|switch|p2a: Amoonguss|Amoonguss, L50, M|100\/100\n|move|p1b: Drednaw|Rock Slide|p2b: Gyarados|[spread] p2a\n|-miss|p1b: Drednaw|p2b: Gyarados\n|-damage|p2a: Amoonguss|79\/100\n|move|p2b: Gyarados|Waterfall|p1b: Drednaw\n|-damage|p1b: Drednaw|0 fnt\n|faint|p1b: Drednaw\n|move|p1a: Pelipper|Hurricane|p2a: Amoonguss\n|-supereffective|p2a: Amoonguss\n|-damage|p2a: Amoonguss|0 fnt\n|faint|p2a: Amoonguss\n|\n|-weather|RainDance|[upkeep]\n|upkeep\n|\n|t:|1682080797\n|switch|p1b: Chien-Pao|Chien-Pao, L50|100\/100\n|switch|p2a: Baxington|Baxcalibur, L50, M|67\/100\n|-ability|p1b: Chien-Pao|Sword of Ruin\n|turn|5\n|\n|t:|1682080809\n|switch|p2b: Ting-Luser|Ting-Lu, L50, tera:Grass|28\/100\n|-ability|p2b: Ting-Luser|Vessel of Ruin\n|move|p2a: Baxington|Protect|p2a: Baxington\n|-singleturn|p2a: Baxington|Protect\n|move|p1b: Chien-Pao|Sacred Sword|p2a: Baxington\n|-activate|p2a: Baxington|move: Protect\n|move|p1a: Pelipper|Hurricane|p2b: Ting-Luser\n|-supereffective|p2b: Ting-Luser\n|-damage|p2b: Ting-Luser|0 fnt\n|faint|p2b: Ting-Luser\n|\n|-weather|RainDance|[upkeep]\n|upkeep\n|\n|t:|1682080821\n|switch|p2b: Gyarados|Gyarados, L50, F|37\/100\n|-ability|p2b: Gyarados|Intimidate|boost\n|-unboost|p1a: Pelipper|atk|1\n|-unboost|p1b: Chien-Pao|atk|1\n|turn|6\n|j| Eldegoss32\n|l| Eldegoss32\n|inactive|Tilzy has 30 seconds left.\n|\n|t:|1682080854\n|move|p1b: Chien-Pao|Sacred Sword|p2a: Baxington\n|-supereffective|p2a: Baxington\n|-damage|p2a: Baxington|14\/100\n|move|p2a: Baxington|Glaive Rush|p1a: Pelipper\n|-damage|p1a: Pelipper|0 fnt\n|-singlemove|p2a: Baxington|Glaive Rush|[silent]\n|faint|p1a: Pelipper\n|move|p2b: Gyarados|Iron Head|p1b: Chien-Pao\n|-supereffective|p1b: Chien-Pao\n|-damage|p1b: Chien-Pao|18\/100\n|\n|-weather|RainDance|[upkeep]\n|upkeep\n|turn|7\n|\n|t:|1682080865\n|move|p1b: Chien-Pao|Sucker Punch|p2b: Gyarados\n|-damage|p2b: Gyarados|4\/100\n|move|p2a: Baxington|Ice Shard|p1b: Chien-Pao\n|-resisted|p1b: Chien-Pao\n|-damage|p1b: Chien-Pao|2\/100\n|move|p2b: Gyarados|Waterfall|p1b: Chien-Pao\n|-damage|p1b: Chien-Pao|0 fnt\n|faint|p1b: Chien-Pao\n|\n|win|Kabunger\n|n|\u2606Tilzy|tilzy\n|n|\u2606Kabunger|kabunger\n|l|\u2606Tilzy\n|l|\u2606Kabunger\n|j|\u2606Kabunger\n|player|p2|Kabunger|hilda-wonderlauncher\n","uploadtime":1682081007,"views":16,"p1id":"tilzy","p2id":"kabunger","formatid":"gen9vgc2023regulationc","rating":0,"private":0,"password":""}