{"id":"gen9vgc2023regulationc-1864050600","p1":"Sandy_Simis","p2":"Leore","format":"[Gen 9] VGC 2023 Regulation C","log":"|j|\u2606Sandy_Simis\n|j|\u2606Leore\n|t:|1684110491\n|gametype|doubles\n|player|p1|Sandy_Simis|2|\n|player|p2|Leore|lance|\n|teamsize|p1|6\n|teamsize|p2|6\n|gen|9\n|tier|[Gen 9] VGC 2023 Regulation C\n|rule|Species Clause: Limit one of each Pok\u00e9mon\n|rule|Item Clause: Limit one of each item\n|clearpoke\n|poke|p1|Iron Jugulis, L50|\n|poke|p1|Gholdengo, L50|\n|poke|p1|Amoonguss, L50, M|\n|poke|p1|Garchomp, L50, F|\n|poke|p1|Gyarados, L50, M|\n|poke|p1|Iron Hands, L50|\n|poke|p2|Palafin, L50, M|\n|poke|p2|Flutter Mane, L50|\n|poke|p2|Arcanine, L50, M|\n|poke|p2|Ting-Lu, L50|\n|poke|p2|Amoonguss, L50, F|\n|poke|p2|Kingambit, L50, M|\n|teampreview|4\nLeore has agreed to open team sheets.\n|c|\u2606Sandy_Simis|G\n|c|\u2606Sandy_Simis|*g1\nSandy_Simis has agreed to open team sheets.\n|c|\u2606Leore|Ready?\n|c|\u2606Sandy_Simis|Yert\n|c|\u2606Leore|aight glhf\n|c|\u2606Sandy_Simis|Glhf\n|j| yomoves\n|inactive|Battle timer is ON: inactive players will automatically lose when time's up. (requested by Leore)\n|inactive|Sandy_Simis has 60 seconds left.\n|\n|t:|1684110792\n|start\n|switch|p1a: I'm The Joker Baby|Iron Jugulis, L50|100\/100\n|switch|p1b: Smokin Token|Gholdengo, L50|100\/100\n|switch|p2a: Palafin|Palafin, L50, M|100\/100\n|switch|p2b: Amoonguss|Amoonguss, L50, F|100\/100\n|-enditem|p1a: I'm The Joker Baby|Booster Energy\n|-activate|p1a: I'm The Joker Baby|ability: Quark Drive|[fromitem]\n|-start|p1a: I'm The Joker Baby|quarkdrivespe\n|turn|1\n|\n|t:|1684110817\n|-terastallize|p2a: Palafin|Water\n|move|p1a: I'm The Joker Baby|Protect|p1a: I'm The Joker Baby\n|-singleturn|p1a: I'm The Joker Baby|Protect\n|move|p2b: Amoonguss|Rage Powder|p2b: Amoonguss\n|-singleturn|p2b: Amoonguss|move: Rage Powder\n|move|p1b: Smokin Token|Nasty Plot|p1b: Smokin Token\n|-boost|p1b: Smokin Token|spa|2\n|move|p2a: Palafin|Wave Crash|p1b: Smokin Token\n|-damage|p1b: Smokin Token|18\/100\n|-damage|p2a: Palafin|77\/100|[from] Recoil\n|\n|-heal|p1b: Smokin Token|24\/100|[from] item: Leftovers\n|upkeep\n|turn|2\n|\n|t:|1684110841\n|move|p1b: Smokin Token|Protect|p1b: Smokin Token\n|-singleturn|p1b: Smokin Token|Protect\n|move|p2b: Amoonguss|Protect|p2b: Amoonguss\n|-singleturn|p2b: Amoonguss|Protect\n|move|p2a: Palafin|Jet Punch|p1b: Smokin Token\n|-activate|p1b: Smokin Token|move: Protect\n|move|p1a: I'm The Joker Baby|Air Slash|p2b: Amoonguss\n|-activate|p2b: Amoonguss|move: Protect\n|\n|-heal|p1b: Smokin Token|30\/100|[from] item: Leftovers\n|upkeep\n|turn|3\n|\n|t:|1684110859\n|switch|p1b: AMONG U-|Amoonguss, L50, M|100\/100\n|switch|p2b: Flutter Mane|Flutter Mane, L50|100\/100\n|-enditem|p2b: Flutter Mane|Booster Energy\n|-activate|p2b: Flutter Mane|ability: Protosynthesis|[fromitem]\n|-start|p2b: Flutter Mane|protosynthesisspa\n|move|p2a: Palafin|Jet Punch|p1b: AMONG U-\n|-resisted|p1b: AMONG U-\n|-damage|p1b: AMONG U-|85\/100\n|-damage|p2a: Palafin|61\/100|[from] item: Rocky Helmet|[of] p1b: AMONG U-\n|move|p1a: I'm The Joker Baby|Air Slash|p2b: Flutter Mane\n|-damage|p2b: Flutter Mane|68\/100\n|\n|upkeep\n|turn|4\n|inactive|Sandy_Simis has 30 seconds left.\n|inactive|Sandy_Simis has 20 seconds left.\n|\n|t:|1684110897\n|detailschange|p2a: Palafin|Palafin-Hero, L50, M, tera:Water\n|switch|p2a: Arcanine|Arcanine, L50, M|100\/100\n|-ability|p2a: Arcanine|Intimidate|boost\n|-unboost|p1a: I'm The Joker Baby|atk|1\n|-unboost|p1b: AMONG U-|atk|1\n|-terastallize|p1a: I'm The Joker Baby|Steel\n|move|p1a: I'm The Joker Baby|Snarl|p2a: Arcanine|[spread] p2a,p2b\n|-damage|p2a: Arcanine|82\/100\n|-damage|p2b: Flutter Mane|51\/100\n|-unboost|p2a: Arcanine|spa|1\n|-unboost|p2b: Flutter Mane|spa|1\n|move|p2b: Flutter Mane|Moonblast|p1a: I'm The Joker Baby\n|-resisted|p1a: I'm The Joker Baby\n|-damage|p1a: I'm The Joker Baby|80\/100\n|-unboost|p1a: I'm The Joker Baby|spa|1\n|move|p1b: AMONG U-|Spore|p2a: Arcanine\n|-activate|p2a: Arcanine|item: Safety Goggles|Spore\n|\n|upkeep\n|turn|5\n|inactive|Sandy_Simis has 30 seconds left.\n|\n|t:|1684110923\n|-end|p2b: Flutter Mane|Protosynthesis|[silent]\n|switch|p2b: Amoonguss|Amoonguss, L50, F|100\/100\n|move|p1b: AMONG U-|Protect|p1b: AMONG U-\n|-singleturn|p1b: AMONG U-|Protect\n|move|p1a: I'm The Joker Baby|Snarl|p2b: Amoonguss|[spread] p2b\n|-miss|p1a: I'm The Joker Baby|p2a: Arcanine\n|-damage|p2b: Amoonguss|92\/100\n|-unboost|p2b: Amoonguss|spa|1\n|move|p2a: Arcanine|Flare Blitz|p1a: I'm The Joker Baby\n|-supereffective|p1a: I'm The Joker Baby\n|-damage|p1a: I'm The Joker Baby|0 fnt\n|faint|p1a: I'm The Joker Baby\n|-end|p1a: I'm The Joker Baby|Quark Drive|[silent]\n|-damage|p2a: Arcanine|56\/100|[from] Recoil\n|\n|upkeep\n|\n|t:|1684110939\n|switch|p1a: Iron Hands|Iron Hands, L50|100\/100\n|turn|6\n|\n|t:|1684110962\n|switch|p2a: Flutter Mane|Flutter Mane, L50|51\/100\n|move|p1a: Iron Hands|Fake Out|p2b: Amoonguss\n|-damage|p2b: Amoonguss|80\/100\n|-damage|p1a: Iron Hands|84\/100|[from] item: Rocky Helmet|[of] p2b: Amoonguss\n|cant|p2b: Amoonguss|flinch\n|move|p1b: AMONG U-|Spore|p2b: Amoonguss\n|-immune|p2b: Amoonguss\n|\n|upkeep\n|turn|7\n|\n|t:|1684110984\n|-end|p2a: Flutter Mane|Protosynthesis|[silent]\n|switch|p2a: Arcanine|Arcanine, L50, M|56\/100\n|-ability|p2a: Arcanine|Intimidate|boost\n|-unboost|p1a: Iron Hands|atk|1\n|-unboost|p1b: AMONG U-|atk|1\n|move|p1a: Iron Hands|Thunder Punch|p2a: Arcanine\n|-damage|p2a: Arcanine|30\/100\n|move|p2b: Amoonguss|Pollen Puff|p2a: Arcanine\n|-heal|p2a: Arcanine|80\/100\n|move|p1b: AMONG U-|Pollen Puff|p1a: Iron Hands\n|-heal|p1a: Iron Hands|100\/100\n|\n|upkeep\n|turn|8\n|\n|t:|1684111008\n|move|p1b: AMONG U-|Rage Powder|p1b: AMONG U-\n|-singleturn|p1b: AMONG U-|move: Rage Powder\n|move|p2a: Arcanine|Will-O-Wisp|p1a: Iron Hands\n|-status|p1a: Iron Hands|brn\n|move|p1a: Iron Hands|Volt Switch|p2a: Arcanine\n|-damage|p2a: Arcanine|66\/100\n|\n|t:|1684111016\n|-end|p1a: Iron Hands|Quark Drive|[silent]\n|switch|p1a: Smokin Token|Gholdengo, L50|30\/100|[from] Volt Switch\n|move|p2b: Amoonguss|Pollen Puff|p2a: Arcanine\n|-heal|p2a: Arcanine|100\/100\n|\n|-heal|p1a: Smokin Token|35\/100|[from] item: Leftovers\n|upkeep\n|turn|9\n|\n|t:|1684111033\n|move|p1a: Smokin Token|Shadow Ball|p2a: Arcanine\n|-damage|p2a: Arcanine|53\/100\n|move|p2a: Arcanine|Flare Blitz|p1a: Smokin Token\n|-supereffective|p1a: Smokin Token\n|-damage|p1a: Smokin Token|0 fnt\n|faint|p1a: Smokin Token\n|-damage|p2a: Arcanine|43\/100|[from] Recoil\n|move|p2b: Amoonguss|Pollen Puff|p1b: AMONG U-\n|-damage|p1b: AMONG U-|74\/100\n|move|p1b: AMONG U-|Pollen Puff|p1: Smokin Token|[notarget]\n|-fail|p1b: AMONG U-\n|\n|upkeep\n|\n|t:|1684111039\n|switch|p1a: Iron Hands|Iron Hands, L50|100\/100 brn\n|turn|10\n|\n|t:|1684111051\n|switch|p2a: Flutter Mane|Flutter Mane, L50|51\/100\n|move|p1a: Iron Hands|Drain Punch|p2b: Amoonguss\n|-resisted|p2b: Amoonguss\n|-crit|p2b: Amoonguss\n|-damage|p2b: Amoonguss|68\/100\n|-damage|p1a: Iron Hands|84\/100 brn|[from] item: Rocky Helmet|[of] p2b: Amoonguss\n|move|p2b: Amoonguss|Pollen Puff|p2a: Flutter Mane\n|-heal|p2a: Flutter Mane|100\/100\n|move|p1b: AMONG U-|Pollen Puff|p1a: Iron Hands\n|-heal|p1a: Iron Hands|100\/100 brn\n|\n|-damage|p1a: Iron Hands|95\/100 brn|[from] brn\n|upkeep\n|turn|11\n|\n|t:|1684111068\n|move|p2b: Amoonguss|Rage Powder|p2b: Amoonguss\n|-singleturn|p2b: Amoonguss|move: Rage Powder\n|move|p2a: Flutter Mane|Moonblast|p1a: Iron Hands\n|-supereffective|p1a: Iron Hands\n|-damage|p1a: Iron Hands|43\/100 brn\n|move|p1a: Iron Hands|Thunder Punch|p2b: Amoonguss\n|-resisted|p2b: Amoonguss\n|-damage|p2b: Amoonguss|59\/100\n|-status|p2b: Amoonguss|par\n|-damage|p1a: Iron Hands|27\/100 brn|[from] item: Rocky Helmet|[of] p2b: Amoonguss\n|move|p1b: AMONG U-|Spore|p2a: Flutter Mane\n|-status|p2a: Flutter Mane|slp|[from] move: Spore\n|\n|-damage|p1a: Iron Hands|21\/100 brn|[from] brn\n|upkeep\n|turn|12\n|\n|t:|1684111085\n|-end|p2a: Flutter Mane|Protosynthesis|[silent]\n|switch|p2a: Arcanine|Arcanine, L50, M|43\/100\n|-ability|p2a: Arcanine|Intimidate|boost\n|-unboost|p1a: Iron Hands|atk|1\n|-unboost|p1b: AMONG U-|atk|1\n|move|p1a: Iron Hands|Thunder Punch|p2a: Arcanine\n|-damage|p2a: Arcanine|29\/100\n|move|p1b: AMONG U-|Pollen Puff|p1a: Iron Hands\n|-heal|p1a: Iron Hands|71\/100 brn\n|cant|p2b: Amoonguss|par\n|\n|-damage|p1a: Iron Hands|65\/100 brn|[from] brn\n|upkeep\n|turn|13\n|\n|t:|1684111104\n|move|p1b: AMONG U-|Protect|p1b: AMONG U-\n|-singleturn|p1b: AMONG U-|Protect\n|move|p2a: Arcanine|Flare Blitz|p1b: AMONG U-\n|-activate|p1b: AMONG U-|move: Protect\n|move|p1a: Iron Hands|Drain Punch|p2a: Arcanine\n|-damage|p2a: Arcanine|15\/100\n|-heal|p1a: Iron Hands|71\/100 brn|[from] drain|[of] p2a: Arcanine\n|move|p2b: Amoonguss|Pollen Puff|p2a: Arcanine\n|-heal|p2a: Arcanine|64\/100\n|\n|-damage|p1a: Iron Hands|65\/100 brn|[from] brn\n|upkeep\n|turn|14\n|\n|t:|1684111120\n|move|p2a: Arcanine|Flare Blitz|p1b: AMONG U-\n|-supereffective|p1b: AMONG U-\n|-damage|p1b: AMONG U-|0 fnt\n|-damage|p2a: Arcanine|48\/100|[from] item: Rocky Helmet|[of] p1b: AMONG U-\n|faint|p1b: AMONG U-\n|-damage|p2a: Arcanine|21\/100|[from] Recoil\n|move|p1a: Iron Hands|Drain Punch|p2a: Arcanine\n|-damage|p2a: Arcanine|8\/100\n|-heal|p1a: Iron Hands|70\/100 brn|[from] drain|[of] p2a: Arcanine\n|move|p2b: Amoonguss|Pollen Puff|p2a: Arcanine\n|-heal|p2a: Arcanine|58\/100\n|\n|-damage|p1a: Iron Hands|64\/100 brn|[from] brn\n|upkeep\n|turn|15\n|\n|t:|1684111138\n|move|p2a: Arcanine|Flare Blitz|p1a: Iron Hands\n|-damage|p1a: Iron Hands|29\/100 brn\n|-damage|p2a: Arcanine|44\/100|[from] Recoil\n|move|p1a: Iron Hands|Drain Punch|p2a: Arcanine\n|-damage|p2a: Arcanine|31\/100\n|-heal|p1a: Iron Hands|35\/100 brn|[from] drain|[of] p2a: Arcanine\n|move|p2b: Amoonguss|Pollen Puff|p2a: Arcanine\n|-heal|p2a: Arcanine|81\/100\n|\n|-damage|p1a: Iron Hands|29\/100 brn|[from] brn\n|upkeep\n|turn|16\n|\n|t:|1684111152\n|move|p2a: Arcanine|Flare Blitz|p1a: Iron Hands\n|-damage|p1a: Iron Hands|0 fnt\n|faint|p1a: Iron Hands\n|-end|p1a: Iron Hands|Quark Drive|[silent]\n|-damage|p2a: Arcanine|70\/100|[from] Recoil\n|\n|win|Leore\n|l|\u2606Sandy_Simis\n","uploadtime":1684111159,"views":13,"p1id":"sandysimis","p2id":"leore","formatid":"gen9vgc2023regulationc","rating":0,"private":0,"password":""}