{"id":"gen9vgc2023regulationc-1846001533","p1":"Squirtlekilla","p2":"GrizzleGhast","format":"[Gen 9] VGC 2023 Regulation C","log":"|j|\u2606Squirtlekilla\n|j|\u2606GrizzleGhast\n|t:|1681789622\n|gametype|doubles\n|player|p1|Squirtlekilla|169|1107\n|player|p2|GrizzleGhast|brycenman|1112\n|teamsize|p1|6\n|teamsize|p2|6\n|gen|9\n|tier|[Gen 9] VGC 2023 Regulation C\n|rated|\n|rule|Species Clause: Limit one of each Pok\u00e9mon\n|rule|Item Clause: Limit one of each item\n|clearpoke\n|poke|p1|Amoonguss, L50, F|\n|poke|p1|Flutter Mane, L50|\n|poke|p1|Glimmora, L50, F|\n|poke|p1|Garganacl, L50, M|\n|poke|p1|Wo-Chien, L50|\n|poke|p1|Garchomp, L50, M|\n|poke|p2|Wo-Chien, L50|\n|poke|p2|Flutter Mane, L50|\n|poke|p2|Glimmora, L50, M|\n|poke|p2|Ting-Lu, L50|\n|poke|p2|Baxcalibur, L50, M|\n|poke|p2|Garganacl, L50, M|\n|teampreview|4\nGrizzleGhast rejected open team sheets.\n|\n|t:|1681789661\n|start\n|switch|p1a: Glimmora|Glimmora, L50, F|100\/100\n|switch|p1b: Garchomp|Garchomp, L50, M|100\/100\n|switch|p2a: Wo-Chien|Wo-Chien, L50|100\/100\n|switch|p2b: Glimmora|Glimmora, L50, M|100\/100\n|-ability|p2a: Wo-Chien|Tablets of Ruin\n|turn|1\n|\n|t:|1681789711\n|switch|p1a: Amoonguss|Amoonguss, L50, F|100\/100\n|move|p1b: Garchomp|Earthquake|p2a: Wo-Chien|[spread] p1a,p2a,p2b\n|-resisted|p2a: Wo-Chien\n|-supereffective|p2b: Glimmora\n|-damage|p1a: Amoonguss|67\/100\n|-damage|p2a: Wo-Chien|89\/100\n|-damage|p2b: Glimmora|0 fnt\n|-activate|p2b: Glimmora|ability: Toxic Debris\n|-sidestart|p1: Squirtlekilla|move: Toxic Spikes\n|faint|p2b: Glimmora\n|move|p2a: Wo-Chien|Leech Seed|p1b: Garchomp\n|-start|p1b: Garchomp|move: Leech Seed\n|\n|-heal|p2a: Wo-Chien|95\/100|[from] item: Leftovers\n|-damage|p1b: Garchomp|88\/100|[from] Leech Seed|[of] p2a: Wo-Chien\n|-heal|p2a: Wo-Chien|100\/100|[silent]\n|upkeep\n|\n|t:|1681789730\n|switch|p2b: Flutter Mane|Flutter Mane, L50|100\/100\n|turn|2\n|\n|t:|1681789756\n|switch|p1b: Glimmora|Glimmora, L50, F|100\/100\n|-sideend|p1: Squirtlekilla|move: Toxic Spikes|[of] p1b: Glimmora\n|move|p2b: Flutter Mane|Dazzling Gleam|p1a: Amoonguss|[spread] p1a,p1b\n|-resisted|p1a: Amoonguss\n|-resisted|p1b: Glimmora\n|-damage|p1a: Amoonguss|57\/100\n|-damage|p1b: Glimmora|88\/100\n|move|p2a: Wo-Chien|Ruination|p1a: Amoonguss\n|-damage|p1a: Amoonguss|29\/100\n|move|p1a: Amoonguss|Spore|p2b: Flutter Mane\n|-status|p2b: Flutter Mane|slp|[from] move: Spore\n|\n|upkeep\n|turn|3\n|\n|t:|1681789787\n|-end|p2b: Flutter Mane|Protosynthesis|[silent]\n|switch|p2b: Ting-Lu|Ting-Lu, L50|100\/100\n|-ability|p2b: Ting-Lu|Vessel of Ruin\n|switch|p1a: Garganacl|Garganacl, L50, M|100\/100\n|-terastallize|p1b: Glimmora|Grass\n|move|p1b: Glimmora|Mortal Spin|p2a: Wo-Chien|[spread] p2a,p2b\n|-supereffective|p2a: Wo-Chien\n|-resisted|p2b: Ting-Lu\n|-damage|p2a: Wo-Chien|94\/100\n|-damage|p2b: Ting-Lu|99\/100\n|-status|p2a: Wo-Chien|psn\n|-status|p2b: Ting-Lu|psn\n|move|p2a: Wo-Chien|Leech Seed|p1b: Glimmora\n|-immune|p1b: Glimmora\n|\n|-heal|p2a: Wo-Chien|100\/100 psn|[from] item: Leftovers\n|-damage|p2a: Wo-Chien|88\/100 psn|[from] psn\n|-damage|p2b: Ting-Lu|87\/100 psn|[from] psn\n|upkeep\n|turn|4\n|\n|t:|1681789838\n|move|p1b: Glimmora|Venoshock|p2a: Wo-Chien\n|-supereffective|p2a: Wo-Chien\n|-crit|p2a: Wo-Chien\n|-damage|p2a: Wo-Chien|0 fnt\n|faint|p2a: Wo-Chien\n|move|p2b: Ting-Lu|Fissure|p1a: Garganacl\n|-damage|p1a: Garganacl|0 fnt\n|faint|p1a: Garganacl\n|-ohko\n|\n|-damage|p2b: Ting-Lu|75\/100 psn|[from] psn\n|upkeep\n|\n|t:|1681789857\n|switch|p2a: Flutter Mane|Flutter Mane, L50|100\/100 slp\n|switch|p1a: Amoonguss|Amoonguss, L50, F|62\/100\n|turn|5\n|\n|t:|1681789896\n|-terastallize|p2a: Flutter Mane|Ghost\n|cant|p2a: Flutter Mane|slp\n|move|p1b: Glimmora|Energy Ball|p2b: Ting-Lu\n|-supereffective|p2b: Ting-Lu\n|-damage|p2b: Ting-Lu|27\/100 psn\n|move|p2b: Ting-Lu|Fissure|p1a: Amoonguss\n|-damage|p1a: Amoonguss|0 fnt\n|faint|p1a: Amoonguss\n|-ohko\n|\n|-damage|p2b: Ting-Lu|15\/100 psn|[from] psn\n|upkeep\n|\n|t:|1681789911\n|switch|p1a: Garchomp|Garchomp, L50, M|88\/100\n|turn|6\n|\n|t:|1681789938\n|cant|p2a: Flutter Mane|slp\n|move|p1a: Garchomp|Rock Slide|p2b: Ting-Lu|[spread] p2a,p2b\n|-resisted|p2b: Ting-Lu\n|-damage|p2a: Flutter Mane|57\/100 slp\n|-damage|p2b: Ting-Lu|9\/100 psn\n|move|p1b: Glimmora|Energy Ball|p2a: Flutter Mane\n|-damage|p2a: Flutter Mane|16\/100 slp\n|move|p2b: Ting-Lu|Fissure|p1a: Garchomp|[miss]\n|-miss|p2b: Ting-Lu|p1a: Garchomp\n|\n|-damage|p2b: Ting-Lu|0 fnt|[from] psn\n|faint|p2b: Ting-Lu\n|upkeep\n|turn|7\n|\n|t:|1681789961\n|cant|p2a: Flutter Mane|slp\n|move|p1a: Garchomp|Iron Head|p2a: Flutter Mane\n|-damage|p2a: Flutter Mane|0 fnt\n|faint|p2a: Flutter Mane\n|-end|p2a: Flutter Mane|Protosynthesis|[silent]\n|\n|win|Squirtlekilla\n|raw|Squirtlekilla's rating: 1107 → 1132<\/strong> (+25 for winning)\n|raw|GrizzleGhast's rating: 1112 → 1087<\/strong> (-25 for losing)\n|l|\u2606GrizzleGhast\n","uploadtime":1681789970,"views":4,"p1id":"squirtlekilla","p2id":"grizzleghast","formatid":"gen9vgc2023regulationc","rating":1087,"private":0,"password":""}