{"id":"gen9vgc2023regulationc-1851534755","p1":"BroDontFuckWithMe","p2":"Kodora","format":"[Gen 9] VGC 2023 Regulation C","log":"|j|\u2606BroDontFuckWithMe\n|j|\u203dKodora\n|t:|1682453390\n|gametype|doubles\n|player|p1|BroDontFuckWithMe|265|1608\n|player|p2|Kodora|101|1511\n|teamsize|p1|6\n|teamsize|p2|6\n|gen|9\n|tier|[Gen 9] VGC 2023 Regulation C\n|rated|\n|rule|Species Clause: Limit one of each Pok\u00e9mon\n|rule|Item Clause: Limit one of each item\n|clearpoke\n|poke|p1|Great Tusk, L50|\n|poke|p1|Amoonguss, L50, M|\n|poke|p1|Tyranitar, L50, F|\n|poke|p1|Iron Bundle, L50|\n|poke|p1|Talonflame, L50, M|\n|poke|p1|Gholdengo, L50|\n|poke|p2|Murkrow, L50, F|\n|poke|p2|Iron Bundle, L50|\n|poke|p2|Chi-Yu, L50|\n|poke|p2|Great Tusk, L50|\n|poke|p2|Flutter Mane, L50|\n|poke|p2|Farigiraf, L50, F|\n|teampreview|4\n|inactive|Battle timer is ON: inactive players will automatically lose when time's up. (requested by BroDontFuckWithMe)\n|inactive|Kodora has 60 seconds left.\nKodora has agreed to open team sheets.\nBroDontFuckWithMe has agreed to open team sheets.\n|\n|t:|1682453460\n|start\n|switch|p1a: Great Tusk|Great Tusk, L50|100\/100\n|switch|p1b: Iron Bundle|Iron Bundle, L50|100\/100\n|switch|p2a: Chi-Yu|Chi-Yu, L50|100\/100\n|switch|p2b: Murkrow|Murkrow, L50, F|100\/100\n|-ability|p2a: Chi-Yu|Beads of Ruin\n|-enditem|p1b: Iron Bundle|Booster Energy\n|-activate|p1b: Iron Bundle|ability: Quark Drive|[fromitem]\n|-start|p1b: Iron Bundle|quarkdrivespe\n|turn|1\n|\n|t:|1682453485\n|move|p2a: Chi-Yu|Protect|p2a: Chi-Yu\n|-singleturn|p2a: Chi-Yu|Protect\n|move|p2b: Murkrow|Tailwind|p2b: Murkrow\n|-sidestart|p2: Kodora|move: Tailwind\n|move|p1b: Iron Bundle|Icy Wind|p2b: Murkrow|[spread] p2b\n|-activate|p2a: Chi-Yu|move: Protect\n|-supereffective|p2b: Murkrow\n|-damage|p2b: Murkrow|41\/100\n|-unboost|p2b: Murkrow|spe|1\n|move|p1a: Great Tusk|Rock Slide|p2b: Murkrow|[spread] p2b\n|-activate|p2a: Chi-Yu|move: Protect\n|-supereffective|p2b: Murkrow\n|-damage|p2b: Murkrow|0 fnt\n|faint|p2b: Murkrow\n|\n|upkeep\n|inactive|Kodora has 30 seconds left.\n|inactive|Kodora has 20 seconds left.\n|inactive|Kodora has 15 seconds left.\n|\n|t:|1682453525\n|switch|p2b: Great Tusk|Great Tusk, L50, shiny|100\/100\n|turn|2\n|\n|t:|1682453545\n|-end|p1a: Great Tusk|Protosynthesis|[silent]\n|switch|p1a: Tyranitar|Tyranitar, L50, F|100\/100\n|-weather|Sandstorm|[from] ability: Sand Stream|[of] p1a: Tyranitar\n|-terastallize|p2a: Chi-Yu|Grass\n|move|p2b: Great Tusk|Protect|p2b: Great Tusk\n|-singleturn|p2b: Great Tusk|Protect\n|move|p2a: Chi-Yu|Tera Blast|p1b: Iron Bundle\n|-supereffective|p1b: Iron Bundle\n|-damage|p1b: Iron Bundle|0 fnt\n|faint|p1b: Iron Bundle\n|-end|p1b: Iron Bundle|Quark Drive|[silent]\n|-damage|p2a: Chi-Yu|91\/100|[from] item: Life Orb\n|\n|-weather|Sandstorm|[upkeep]\n|-damage|p2a: Chi-Yu|84\/100|[from] Sandstorm\n|upkeep\n|\n|t:|1682453558\n|switch|p1b: Talonflame|Talonflame, L50, M|100\/100\n|turn|3\n|inactive|Kodora has 30 seconds left.\n|inactive|Kodora has 20 seconds left.\n|inactive|BroDontFuckWithMe has 30 seconds left.\n|inactive|Kodora has 15 seconds left.\n|inactive|BroDontFuckWithMe has 20 seconds left.\n|inactive|BroDontFuckWithMe has 15 seconds left.\n|\n|t:|1682453614\n|-terastallize|p1a: Tyranitar|Flying\n|move|p2a: Chi-Yu|Protect|p2a: Chi-Yu\n|-singleturn|p2a: Chi-Yu|Protect\n|move|p1b: Talonflame|Brave Bird|p2a: Chi-Yu\n|-activate|p2a: Chi-Yu|move: Protect\n|move|p2b: Great Tusk|Close Combat|p1a: Tyranitar\n|-resisted|p1a: Tyranitar\n|-damage|p1a: Tyranitar|73\/100\n|-unboost|p2b: Great Tusk|def|1\n|-unboost|p2b: Great Tusk|spd|1\n|move|p1a: Tyranitar|Tera Blast|p2b: Great Tusk\n|-supereffective|p2b: Great Tusk\n|-crit|p2b: Great Tusk\n|-damage|p2b: Great Tusk|0 fnt\n|faint|p2b: Great Tusk\n|-end|p2b: Great Tusk|Protosynthesis|[silent]\n|\n|-weather|Sandstorm|[upkeep]\n|-damage|p2a: Chi-Yu|78\/100|[from] Sandstorm\n|-damage|p1a: Tyranitar|67\/100|[from] Sandstorm\n|upkeep\n|inactive|Kodora has 30 seconds left.\n|j| ElQuePruebaTimsUwU\n|inactive|Kodora has 20 seconds left.\n|l| ElQuePruebaTimsUwU\n|inactive|Kodora has 15 seconds left.\n|\n|t:|1682453658\n|switch|p2b: Flutter Mane|Flutter Mane, L50|100\/100\n|turn|4\n|\n|t:|1682453668\n|move|p1b: Talonflame|Tailwind|p1b: Talonflame\n|-sidestart|p1: BroDontFuckWithMe|move: Tailwind\n|move|p2b: Flutter Mane|Moonblast|p1b: Talonflame\n|-resisted|p1b: Talonflame\n|-crit|p1b: Talonflame\n|-damage|p1b: Talonflame|0 fnt\n|faint|p1b: Talonflame\n|move|p2a: Chi-Yu|Heat Wave|p1a: Tyranitar|[miss]\n|-miss|p2a: Chi-Yu|p1a: Tyranitar\n|move|p1a: Tyranitar|Tera Blast|p2a: Chi-Yu\n|-supereffective|p2a: Chi-Yu\n|-damage|p2a: Chi-Yu|0 fnt\n|faint|p2a: Chi-Yu\n|\n|-weather|Sandstorm|[upkeep]\n|-damage|p2b: Flutter Mane|95\/100|[from] Sandstorm\n|-damage|p1a: Tyranitar|61\/100|[from] Sandstorm\n|-sideend|p2: Kodora|move: Tailwind\n|upkeep\n|\n|t:|1682453670\n|switch|p1b: Great Tusk|Great Tusk, L50|100\/100\n|turn|5\n|\n|t:|1682453674\n|move|p1b: Great Tusk|Headlong Rush|p2b: Flutter Mane\n|-damage|p2b: Flutter Mane|0 fnt\n|-unboost|p1b: Great Tusk|def|1\n|-unboost|p1b: Great Tusk|spd|1\n|faint|p2b: Flutter Mane\n|-end|p2b: Flutter Mane|Protosynthesis|[silent]\n|\n|win|BroDontFuckWithMe\n|raw|BroDontFuckWithMe's rating: 1608 → 1621<\/strong> (+13 for winning)\n|raw|Kodora's rating: 1472 → 1459<\/strong> (-13 for losing)\n","uploadtime":1682453678,"views":19,"p1id":"brodontfuckwithme","p2id":"kodora","formatid":"gen9vgc2023regulationc","rating":1459,"private":0,"password":""}