{"id":"gen9vgc2023regulationc-1854913902","p1":"awesome10billion","p2":"aquaarmor23","format":"[Gen 9] VGC 2023 Regulation C","log":"|j|\u2606awesome10billion\n|j|\u2606aquaarmor23\n|t:|1682880177\n|gametype|doubles\n|player|p1|awesome10billion|170|\n|player|p2|aquaarmor23|266|\n|teamsize|p1|6\n|teamsize|p2|6\n|gen|9\n|tier|[Gen 9] VGC 2023 Regulation C\n|rule|Species Clause: Limit one of each Pok\u00e9mon\n|rule|Item Clause: Limit one of each item\n|clearpoke\n|poke|p1|Iron Hands, L50|\n|poke|p1|Amoonguss, L50, F|\n|poke|p1|Pelipper, L50, M|\n|poke|p1|Palafin, L50, F|\n|poke|p1|Baxcalibur, L50, F|\n|poke|p1|Dragonite, L50, F|\n|poke|p2|Torkoal, L50, F|\n|poke|p2|Flutter Mane, L50|\n|poke|p2|Lilligant, L50, F|\n|poke|p2|Great Tusk, L50|\n|poke|p2|Iron Hands, L50|\n|poke|p2|Chien-Pao, L50|\n|teampreview|4\n|inactive|Battle timer is ON: inactive players will automatically lose when time's up. (requested by awesome10billion)\nawesome10billion has agreed to open team sheets.\naquaarmor23 has agreed to open team sheets.\n|inactive|awesome10billion has 60 seconds left.\n|\n|t:|1682880216\n|start\n|switch|p1a: Iron Hands|Iron Hands, L50|100\/100\n|switch|p1b: Palafin|Palafin, L50, F|100\/100\n|switch|p2a: i like turtles|Torkoal, L50, F|100\/100\n|switch|p2b: flowey|Lilligant, L50, F|100\/100\n|-weather|SunnyDay|[from] ability: Drought|[of] p2a: i like turtles\n|turn|1\n|inactive|awesome10billion has 30 seconds left.\n|inactive|aquaarmor23 has 30 seconds left.\n|\n|t:|1682880248\n|detailschange|p1b: Palafin|Palafin-Hero, L50, F\n|switch|p1b: Pelipper|Pelipper, L50, M|100\/100\n|-weather|RainDance|[from] ability: Drizzle|[of] p1b: Pelipper\n|-terastallize|p2b: flowey|Ghost\n|move|p2b: flowey|Sleep Powder|p1b: Pelipper\n|-status|p1b: Pelipper|slp|[from] move: Sleep Powder\n|move|p1a: Iron Hands|Volt Switch|p2a: i like turtles\n|-damage|p2a: i like turtles|83\/100\n|\n|t:|1682880258\n|-end|p1a: Iron Hands|Quark Drive|[silent]\n|switch|p1a: Palafin|Palafin-Hero, L50, F|100\/100|[from] Volt Switch\n|-activate|p1a: Palafin|ability: Zero to Hero\n|move|p2a: i like turtles|Earth Power|p1a: Palafin\n|-damage|p1a: Palafin|73\/100\n|-unboost|p1a: Palafin|spd|1\n|\n|-weather|RainDance|[upkeep]\n|upkeep\n|turn|2\n|\n|t:|1682880281\n|switch|p2a: flesh hands|Iron Hands, L50|100\/100\n|-enditem|p2a: flesh hands|Booster Energy\n|-activate|p2a: flesh hands|ability: Quark Drive|[fromitem]\n|-start|p2a: flesh hands|quarkdriveatk\n|-terastallize|p1a: Palafin|Water\n|move|p2b: flowey|Protect|p2b: flowey\n|-singleturn|p2b: flowey|Protect\n|move|p1a: Palafin|Wave Crash|p2a: flesh hands\n|-damage|p2a: flesh hands|0 fnt\n|faint|p2a: flesh hands\n|-end|p2a: flesh hands|Quark Drive|[silent]\n|-damage|p1a: Palafin|36\/100|[from] Recoil\n|cant|p1b: Pelipper|slp\n|\n|-weather|RainDance|[upkeep]\n|upkeep\n|\n|t:|1682880295\n|switch|p2a: i like turtles|Torkoal, L50, F|83\/100\n|-weather|SunnyDay|[from] ability: Drought|[of] p2a: i like turtles\n|turn|3\n|\n|t:|1682880317\n|move|p2b: flowey|Sleep Powder|p1a: Palafin\n|-status|p1a: Palafin|slp|[from] move: Sleep Powder\n|cant|p1a: Palafin|slp\n|cant|p1b: Pelipper|slp\n|move|p2a: i like turtles|Eruption|p1a: Palafin|[spread] p1a,p1b\n|-resisted|p1a: Palafin\n|-resisted|p1b: Pelipper\n|-damage|p1a: Palafin|0 fnt\n|-damage|p1b: Pelipper|52\/100 slp\n|faint|p1a: Palafin\n|\n|-weather|SunnyDay|[upkeep]\n|upkeep\n|j| BumpyBumps\n|\n|t:|1682880329\n|switch|p1a: Baxcalibur|Baxcalibur, L50, F|100\/100\n|turn|4\n|\n|t:|1682880345\n|switch|p1b: Iron Hands|Iron Hands, L50|100\/100\n|move|p2b: flowey|Protect|p2b: flowey\n|-singleturn|p2b: flowey|Protect\n|move|p1a: Baxcalibur|Glaive Rush|p2b: flowey\n|-activate|p2b: flowey|move: Protect\n|move|p2a: i like turtles|Earth Power|p1a: Baxcalibur\n|-damage|p1a: Baxcalibur|78\/100\n|\n|-weather|SunnyDay|[upkeep]\n|upkeep\n|turn|5\n|\n|t:|1682880368\n|move|p1b: Iron Hands|Fake Out|p2a: i like turtles\n|-damage|p2a: i like turtles|70\/100\n|move|p2b: flowey|After You|p2a: i like turtles\n|-activate|p2a: i like turtles|move: After You\n|cant|p2a: i like turtles|flinch\n|move|p1a: Baxcalibur|Glaive Rush|p2b: flowey\n|-damage|p2b: flowey|0 fnt\n|-singlemove|p1a: Baxcalibur|Glaive Rush|[silent]\n|faint|p2b: flowey\n|\n|-weather|SunnyDay|[upkeep]\n|upkeep\n|\n|t:|1682880378\n|switch|p2b: kitty|Chien-Pao, L50|100\/100\n|-ability|p2b: kitty|Sword of Ruin\n|turn|6\n|inactive|aquaarmor23 has 30 seconds left.\n|\n|t:|1682880413\n|move|p1a: Baxcalibur|Protect|p1a: Baxcalibur\n|-singleturn|p1a: Baxcalibur|Protect\n|move|p2b: kitty|Sacred Sword|p1b: Iron Hands\n|-damage|p1b: Iron Hands|76\/100\n|move|p1b: Iron Hands|Volt Switch|p2a: i like turtles\n|-damage|p2a: i like turtles|52\/100\n|\n|t:|1682880421\n|-end|p1b: Iron Hands|Quark Drive|[silent]\n|switch|p1b: Pelipper|Pelipper, L50, M|52\/100 slp|[from] Volt Switch\n|-weather|RainDance|[from] ability: Drizzle|[of] p1b: Pelipper\n|move|p2a: i like turtles|Eruption|p1a: Baxcalibur|[spread] p1b\n|-activate|p1a: Baxcalibur|move: Protect\n|-resisted|p1b: Pelipper\n|-damage|p1b: Pelipper|42\/100 slp\n|\n|-weather|RainDance|[upkeep]\n|upkeep\n|turn|7\n|\n|t:|1682880443\n|move|p1a: Baxcalibur|Ice Shard|p2b: kitty\n|-resisted|p2b: kitty\n|-damage|p2b: kitty|82\/100\n|move|p2b: kitty|Sacred Sword|p1a: Baxcalibur\n|-supereffective|p1a: Baxcalibur\n|-damage|p1a: Baxcalibur|6\/100\n|cant|p1b: Pelipper|slp\n|move|p2a: i like turtles|Earth Power|p1a: Baxcalibur\n|-damage|p1a: Baxcalibur|0 fnt\n|faint|p1a: Baxcalibur\n|\n|-weather|RainDance|[upkeep]\n|upkeep\n|l| BumpyBumps\n|\n|t:|1682880454\n|switch|p1a: Iron Hands|Iron Hands, L50|76\/100\n|turn|8\n|\n|t:|1682880464\n|move|p2b: kitty|Protect|p2b: kitty\n|-singleturn|p2b: kitty|Protect\n|move|p2a: i like turtles|Protect|p2a: i like turtles\n|-singleturn|p2a: i like turtles|Protect\n|-curestatus|p1b: Pelipper|slp|[msg]\n|move|p1b: Pelipper|Hurricane|p2a: i like turtles\n|-activate|p2a: i like turtles|move: Protect\n|move|p1a: Iron Hands|Close Combat|p2b: kitty\n|-activate|p2b: kitty|move: Protect\n|\n|-weather|RainDance|[upkeep]\n|upkeep\n|turn|9\n|inactive|aquaarmor23 has 30 seconds left.\n|\n|t:|1682880496\n|move|p2b: kitty|Ice Spinner|p1b: Pelipper\n|-damage|p1b: Pelipper|0 fnt\n|faint|p1b: Pelipper\n|move|p1a: Iron Hands|Close Combat|p2b: kitty\n|-supereffective|p2b: kitty\n|-damage|p2b: kitty|0 fnt\n|-unboost|p1a: Iron Hands|def|1\n|-unboost|p1a: Iron Hands|spd|1\n|faint|p2b: kitty\n|move|p2a: i like turtles|Earth Power|p1a: Iron Hands\n|-supereffective|p1a: Iron Hands\n|-damage|p1a: Iron Hands|35\/100\n|\n|-weather|RainDance|[upkeep]\n|upkeep\n|turn|10\n|\n|t:|1682880511\n|move|p1a: Iron Hands|Close Combat|p2a: i like turtles\n|-damage|p2a: i like turtles|3\/100\n|-unboost|p1a: Iron Hands|def|1\n|-unboost|p1a: Iron Hands|spd|1\n|move|p2a: i like turtles|Earth Power|p1a: Iron Hands\n|-supereffective|p1a: Iron Hands\n|-damage|p1a: Iron Hands|0 fnt\n|faint|p1a: Iron Hands\n|-end|p1a: Iron Hands|Quark Drive|[silent]\n|\n|win|aquaarmor23\n|c|\u2606aquaarmor23|gg\n|c|\u2606awesome10billion|GG\n|l|\u2606aquaarmor23\n","uploadtime":1682880524,"views":7,"p1id":"awesome10billion","p2id":"aquaarmor23","formatid":"gen9vgc2023regulationc","rating":0,"private":0,"password":""}