{"id":"gen9vgc2023regulationc-1855807707","p1":"MegaFromMom","p2":"Kirizoamaro","format":"[Gen 9] VGC 2023 Regulation C","log":"|j|\u2606MegaFromMom\n|j|\u2606Kirizoamaro\n|t:|1682986535\n|gametype|doubles\n|player|p1|MegaFromMom|1|1000\n|player|p2|Kirizoamaro|lance|1000\n|teamsize|p1|6\n|teamsize|p2|6\n|gen|9\n|tier|[Gen 9] VGC 2023 Regulation C\n|rated|\n|rule|Species Clause: Limit one of each Pok\u00e9mon\n|rule|Item Clause: Limit one of each item\n|clearpoke\n|poke|p1|Skeledirge, L50, M|\n|poke|p1|Meowscarada, L50, M|\n|poke|p1|Iron Bundle, L50|\n|poke|p1|Kingambit, L50, M|\n|poke|p1|Sylveon, L50, M|\n|poke|p1|Jumpluff, L50, M|\n|poke|p2|Dondozo, L50, M|\n|poke|p2|Tatsugiri-Stretchy, L50, F|\n|poke|p2|Chi-Yu, L50|\n|poke|p2|Flutter Mane, L50|\n|poke|p2|Dragonite, L50, F|\n|poke|p2|Glimmora, L50, M|\n|teampreview|4\n|\n|t:|1682986579\n|start\n|switch|p1a: SantaMiniFri|Iron Bundle, L50, shiny|100\/100\n|switch|p1b: FloatinCandy|Jumpluff, L50, M, shiny|100\/100\n|switch|p2a: Glimmora|Glimmora, L50, M|100\/100\n|switch|p2b: Dondozo|Dondozo, L50, M|100\/100\n|-enditem|p1a: SantaMiniFri|Booster Energy\n|-activate|p1a: SantaMiniFri|ability: Quark Drive|[fromitem]\n|-start|p1a: SantaMiniFri|quarkdrivespa\n|turn|1\n|\n|t:|1682986598\n|-terastallize|p1a: SantaMiniFri|Water\n|move|p1a: SantaMiniFri|Hydro Pump|p2b: Dondozo\n|-resisted|p2b: Dondozo\n|-damage|p2b: Dondozo|64\/100\n|move|p1b: FloatinCandy|Tailwind|p1b: FloatinCandy\n|-sidestart|p1: MegaFromMom|move: Tailwind\n|move|p2a: Glimmora|Toxic|p1b: FloatinCandy\n|-status|p1b: FloatinCandy|tox\n|move|p2b: Dondozo|Yawn|p1a: SantaMiniFri\n|-start|p1a: SantaMiniFri|move: Yawn|[of] p2b: Dondozo\n|\n|-damage|p1b: FloatinCandy|94\/100 tox|[from] psn\n|upkeep\n|turn|2\n|\n|t:|1682986630\n|move|p1b: FloatinCandy|Helping Hand|p1a: SantaMiniFri\n|-singleturn|p1a: SantaMiniFri|Helping Hand|[of] p1b: FloatinCandy\n|move|p2b: Dondozo|Protect|p2b: Dondozo\n|-singleturn|p2b: Dondozo|Protect\n|move|p1a: SantaMiniFri|Freeze-Dry|p2b: Dondozo\n|-activate|p2b: Dondozo|move: Protect\n|move|p2a: Glimmora|Toxic|p1a: SantaMiniFri\n|-status|p1a: SantaMiniFri|tox\n|\n|-damage|p1a: SantaMiniFri|94\/100 tox|[from] psn\n|-damage|p1b: FloatinCandy|82\/100 tox|[from] psn\n|-end|p1a: SantaMiniFri|move: Yawn|[silent]\n|upkeep\n|turn|3\n|\n|t:|1682986664\n|move|p2a: Glimmora|Spiky Shield|p2a: Glimmora\n|-singleturn|p2a: Glimmora|move: Protect\n|move|p1a: SantaMiniFri|Freeze-Dry|p2b: Dondozo\n|-supereffective|p2b: Dondozo\n|-damage|p2b: Dondozo|0 fnt\n|faint|p2b: Dondozo\n|move|p1b: FloatinCandy|Sleep Powder|p2a: Glimmora\n|-activate|p2a: Glimmora|move: Protect\n|\n|-damage|p1a: SantaMiniFri|82\/100 tox|[from] psn\n|-damage|p1b: FloatinCandy|64\/100 tox|[from] psn\n|upkeep\n|\n|t:|1682986679\n|switch|p2b: Flutter Mane|Flutter Mane, L50|100\/100\n|-enditem|p2b: Flutter Mane|Booster Energy\n|-activate|p2b: Flutter Mane|ability: Protosynthesis|[fromitem]\n|-start|p2b: Flutter Mane|protosynthesisspe\n|turn|4\n|\n|t:|1682986695\n|move|p1a: SantaMiniFri|Protect|p1a: SantaMiniFri\n|-singleturn|p1a: SantaMiniFri|Protect\n|move|p2b: Flutter Mane|Protect|p2b: Flutter Mane\n|-singleturn|p2b: Flutter Mane|Protect\n|move|p1b: FloatinCandy|Giga Drain|p2a: Glimmora\n|-damage|p2a: Glimmora|79\/100\n|-heal|p1b: FloatinCandy|74\/100 tox|[from] drain|[of] p2a: Glimmora\n|move|p2a: Glimmora|Power Gem|p1b: FloatinCandy\n|-supereffective|p1b: FloatinCandy\n|-damage|p1b: FloatinCandy|0 fnt\n|faint|p1b: FloatinCandy\n|\n|-damage|p1a: SantaMiniFri|64\/100 tox|[from] psn\n|-sideend|p1: MegaFromMom|move: Tailwind\n|upkeep\n|\n|t:|1682986714\n|switch|p1b: SwordDude|Kingambit, L50, M, shiny|100\/100\n|turn|5\n|\n|t:|1682986733\n|-terastallize|p2b: Flutter Mane|Steel\n|move|p2b: Flutter Mane|Substitute|p2b: Flutter Mane\n|-start|p2b: Flutter Mane|Substitute\n|-damage|p2b: Flutter Mane|76\/100\n|move|p1a: SantaMiniFri|Freeze-Dry|p2a: Glimmora\n|-damage|p2a: Glimmora|17\/100\n|move|p2a: Glimmora|Earth Power|p1b: SwordDude\n|-supereffective|p1b: SwordDude\n|-damage|p1b: SwordDude|23\/100\n|move|p1b: SwordDude|Iron Head|p2b: Flutter Mane\n|-resisted|p2b: Flutter Mane\n|-end|p2b: Flutter Mane|Substitute\n|\n|-damage|p1a: SantaMiniFri|39\/100 tox|[from] psn\n|upkeep\n|turn|6\n|\n|t:|1682986758\n|move|p2b: Flutter Mane|Protect|p2b: Flutter Mane\n|-singleturn|p2b: Flutter Mane|Protect\n|move|p2a: Glimmora|Spiky Shield|p2a: Glimmora\n|-singleturn|p2a: Glimmora|move: Protect\n|move|p1b: SwordDude|Protect|p1b: SwordDude\n|-singleturn|p1b: SwordDude|Protect\n|move|p1a: SantaMiniFri|Blizzard|p2b: Flutter Mane|[spread] \n|-activate|p2a: Glimmora|move: Protect\n|-activate|p2b: Flutter Mane|move: Protect\n|\n|-damage|p1a: SantaMiniFri|9\/100 tox|[from] psn\n|upkeep\n|turn|7\n|\n|t:|1682986791\n|-end|p1a: SantaMiniFri|Quark Drive|[silent]\n|switch|p1a: Flowroma|Meowscarada, L50, M, shiny|100\/100\n|move|p2b: Flutter Mane|Moonblast|p1b: SwordDude\n|-damage|p1b: SwordDude|0 fnt\n|faint|p1b: SwordDude\n|move|p2a: Glimmora|Earth Power|p1a: Flowroma\n|-resisted|p1a: Flowroma\n|-damage|p1a: Flowroma|76\/100\n|\n|upkeep\n|\n|t:|1682986804\n|switch|p1b: SantaMiniFri|Iron Bundle, L50, shiny, tera:Water|9\/100 tox\n|turn|8\n|\n|t:|1682986826\n|move|p2b: Flutter Mane|Protect|p2b: Flutter Mane\n|-singleturn|p2b: Flutter Mane|Protect\n|move|p2a: Glimmora|Spiky Shield|p2a: Glimmora\n|-singleturn|p2a: Glimmora|move: Protect\n|move|p1b: SantaMiniFri|Hydro Pump|p2b: Flutter Mane\n|-activate|p2b: Flutter Mane|move: Protect\n|move|p1a: Flowroma|Flower Trick|p2a: Glimmora\n|-start|p1a: Flowroma|typechange|Grass|[from] ability: Protean\n|-activate|p2a: Glimmora|move: Protect\n|\n|-damage|p1b: SantaMiniFri|3\/100 tox|[from] psn\n|upkeep\n|turn|9\n|\n|t:|1682986855\n|move|p1b: SantaMiniFri|Protect|p1b: SantaMiniFri\n|-singleturn|p1b: SantaMiniFri|Protect\n|move|p2b: Flutter Mane|Hex|p1a: Flowroma\n|-damage|p1a: Flowroma|26\/100\n|move|p1a: Flowroma|Flower Trick|p2a: Glimmora\n|-crit|p2a: Glimmora\n|-damage|p2a: Glimmora|0 fnt\n|-activate|p2a: Glimmora|ability: Toxic Debris\n|-sidestart|p1: MegaFromMom|move: Toxic Spikes\n|faint|p2a: Glimmora\n|\n|-damage|p1b: SantaMiniFri|0 fnt|[from] psn\n|faint|p1b: SantaMiniFri\n|-end|p1b: SantaMiniFri|Quark Drive|[silent]\n|upkeep\n|\n|t:|1682986868\n|switch|p2a: Dragonite|Dragonite, L50, F|100\/100\n|turn|10\n|\n|t:|1682986884\n|move|p2a: Dragonite|Extreme Speed|p1a: Flowroma\n|-damage|p1a: Flowroma|0 fnt\n|faint|p1a: Flowroma\n|\n|win|Kirizoamaro\n|raw|MegaFromMom's rating: 1000 → 1000<\/strong> (+0 for losing)\n|raw|Kirizoamaro's rating: 1000 → 1040<\/strong> (+40 for winning)\n","uploadtime":1682986891,"views":14,"p1id":"megafrommom","p2id":"kirizoamaro","formatid":"gen9vgc2023regulationc","rating":1000,"private":0,"password":""}