{"id":"gen9vgc2023regulationc-1846796755","p1":"ExcelSheet","p2":"tonythebrony","format":"[Gen 9] VGC 2023 Regulation C","log":"|j|\u2606ExcelSheet\n|j|\u2606tonythebrony\n|t:|1681880917\n|gametype|doubles\n|player|p1|ExcelSheet|hilbert-wonderlauncher|1135\n|player|p2|tonythebrony|gardenia|1229\n|teamsize|p1|6\n|teamsize|p2|6\n|gen|9\n|tier|[Gen 9] VGC 2023 Regulation C\n|rated|\n|rule|Species Clause: Limit one of each Pok\u00e9mon\n|rule|Item Clause: Limit one of each item\n|clearpoke\n|poke|p1|Palafin, L50, M|\n|poke|p1|Flutter Mane, L50|\n|poke|p1|Arcanine, L50, F|\n|poke|p1|Amoonguss, L50, M|\n|poke|p1|Ting-Lu, L50|\n|poke|p1|Baxcalibur, L50, F|\n|poke|p2|Arcanine, L50, F|\n|poke|p2|Flutter Mane, L50|\n|poke|p2|Slither Wing, L50|\n|poke|p2|Meowscarada, L50, F|\n|poke|p2|Chien-Pao, L50|\n|poke|p2|Dragonite, L50, M|\n|teampreview|4\n|inactive|Battle timer is ON: inactive players will automatically lose when time's up. (requested by ExcelSheet)\nExcelSheet has agreed to open team sheets.\n|inactive|ExcelSheet has 60 seconds left.\n|inactive|tonythebrony has 60 seconds left.\n|\n|t:|1681880954\n|start\n|switch|p1a: Arcanine|Arcanine, L50, F, shiny|100\/100\n|switch|p1b: Palafin|Palafin, L50, M, shiny|100\/100\n|switch|p2a: Meowscarada|Meowscarada, L50, F|100\/100\n|switch|p2b: Dragonite|Dragonite, L50, M|100\/100\n|-ability|p1a: Arcanine|Intimidate|boost\n|-unboost|p2a: Meowscarada|atk|1\n|-unboost|p2b: Dragonite|atk|1\n|turn|1\n|\n|t:|1681880977\n|switch|p2a: Arcanine|Arcanine, L50, F|100\/100\n|-ability|p2a: Arcanine|Intimidate|boost\n|-unboost|p1a: Arcanine|atk|1\n|-unboost|p1b: Palafin|atk|1\n|move|p1b: Palafin|Protect|p1b: Palafin\n|-singleturn|p1b: Palafin|Protect\n|move|p1a: Arcanine|Will-O-Wisp|p2b: Dragonite\n|-status|p2b: Dragonite|brn\n|-enditem|p2b: Dragonite|Lum Berry|[eat]\n|-curestatus|p2b: Dragonite|brn|[msg]\n|move|p2b: Dragonite|Tailwind|p2b: Dragonite\n|-sidestart|p2: tonythebrony|move: Tailwind\n|\n|upkeep\n|turn|2\n|\n|t:|1681880999\n|switch|p2b: Flutter Mane|Flutter Mane, L50|100\/100\n|detailschange|p1b: Palafin|Palafin-Hero, L50, M, shiny\n|switch|p1b: Baxcalibur|Baxcalibur, L50, F, shiny|100\/100\n|move|p2a: Arcanine|Will-O-Wisp|p1b: Baxcalibur\n|-immune|p1b: Baxcalibur|[from] ability: Thermal Exchange\n|move|p1a: Arcanine|Will-O-Wisp|p2b: Flutter Mane\n|-status|p2b: Flutter Mane|brn\n|\n|-damage|p2b: Flutter Mane|94\/100 brn|[from] brn\n|upkeep\n|turn|3\n|inactive|ExcelSheet has 30 seconds left.\n|inactive|ExcelSheet has 20 seconds left.\n|\n|t:|1681881035\n|switch|p2a: Meowscarada|Meowscarada, L50, F|100\/100\n|move|p1b: Baxcalibur|Protect|p1b: Baxcalibur\n|-singleturn|p1b: Baxcalibur|Protect\n|move|p2b: Flutter Mane|Dazzling Gleam|p1a: Arcanine|[spread] p1a\n|-activate|p1b: Baxcalibur|move: Protect\n|-resisted|p1a: Arcanine\n|-damage|p1a: Arcanine|72\/100\n|move|p1a: Arcanine|Flare Blitz|p2b: Flutter Mane\n|-damage|p2b: Flutter Mane|4\/100 brn\n|-damage|p1a: Arcanine|50\/100|[from] Recoil\n|\n|-damage|p2b: Flutter Mane|0 fnt|[from] brn\n|faint|p2b: Flutter Mane\n|-end|p2b: Flutter Mane|Protosynthesis|[silent]\n|upkeep\n|\n|t:|1681881049\n|switch|p2b: Dragonite|Dragonite, L50, M|100\/100\n|turn|4\n|inactive|ExcelSheet has 30 seconds left.\n|\n|t:|1681881082\n|switch|p2a: Arcanine|Arcanine, L50, F|100\/100\n|-ability|p2a: Arcanine|Intimidate|boost\n|-unboost|p1a: Arcanine|atk|1\n|-fail|p1b: Baxcalibur|unboost|[from] item: Clear Amulet|[of] p1b: Baxcalibur\n|move|p1a: Arcanine|Protect|p1a: Arcanine\n|-singleturn|p1a: Arcanine|Protect\n|move|p2b: Dragonite|Dragon Claw|p1b: Baxcalibur\n|-supereffective|p1b: Baxcalibur\n|-crit|p1b: Baxcalibur\n|-damage|p1b: Baxcalibur|0 fnt\n|faint|p1b: Baxcalibur\n|\n|-sideend|p2: tonythebrony|move: Tailwind\n|upkeep\n|\n|t:|1681881095\n|switch|p1b: Palafin|Palafin-Hero, L50, M, shiny|100\/100\n|-activate|p1b: Palafin|ability: Zero to Hero\n|turn|5\n|\n|t:|1681881124\n|-terastallize|p1b: Palafin|Water\n|move|p2a: Arcanine|Extreme Speed|p1a: Arcanine\n|-damage|p1a: Arcanine|18\/100\n|move|p2b: Dragonite|Extreme Speed|p1a: Arcanine\n|-damage|p1a: Arcanine|0 fnt\n|faint|p1a: Arcanine\n|move|p1b: Palafin|Jet Punch|p2a: Arcanine\n|-supereffective|p2a: Arcanine\n|-damage|p2a: Arcanine|0 fnt\n|faint|p2a: Arcanine\n|\n|upkeep\n|\n|t:|1681881134\n|switch|p2a: Meowscarada|Meowscarada, L50, F|100\/100\n|switch|p1a: Amoonguss|Amoonguss, L50, M, shiny|100\/100\n|turn|6\n|\n|t:|1681881151\n|-terastallize|p2b: Dragonite|Flying\n|move|p1b: Palafin|Protect|p1b: Palafin\n|-singleturn|p1b: Palafin|Protect\n|move|p2a: Meowscarada|Flower Trick|p1b: Palafin\n|-activate|p1b: Palafin|move: Protect\n|move|p2b: Dragonite|Tera Blast|p1a: Amoonguss\n|-supereffective|p1a: Amoonguss\n|-damage|p1a: Amoonguss|0 fnt\n|faint|p1a: Amoonguss\n|\n|upkeep\n|turn|7\n|\n|t:|1681881174\n|move|p1b: Palafin|Jet Punch|p2a: Meowscarada\n|-resisted|p2a: Meowscarada\n|-damage|p2a: Meowscarada|46\/100\n|move|p2a: Meowscarada|Flower Trick|p1b: Palafin\n|-supereffective|p1b: Palafin\n|-crit|p1b: Palafin\n|-damage|p1b: Palafin|0 fnt\n|faint|p1b: Palafin\n|-damage|p2a: Meowscarada|36\/100|[from] item: Life Orb\n|\n|win|tonythebrony\n|raw|ExcelSheet's rating: 1135 → 1117<\/strong> (-18 for losing)\n|raw|tonythebrony's rating: 1229 → 1247<\/strong> (+18 for winning)\n|l|\u2606tonythebrony\n","uploadtime":1681881199,"views":11,"p1id":"excelsheet","p2id":"tonythebrony","formatid":"gen9vgc2023regulationc","rating":1117,"private":0,"password":""}