{"id":"gen9vgc2023regulationc-1860675574","p1":"seismattersCORNER","p2":"TheSalsaKid","format":"[Gen 9] VGC 2023 Regulation C","log":"|j|\u2606seismattersCORNER\n|j|\u2606TheSalsaKid\n|t:|1683665066\n|gametype|doubles\n|player|p1|seismattersCORNER|emmet|1344\n|player|p2|TheSalsaKid|2|1364\n|teamsize|p1|6\n|teamsize|p2|6\n|gen|9\n|tier|[Gen 9] VGC 2023 Regulation C\n|rated|\n|rule|Species Clause: Limit one of each Pok\u00e9mon\n|rule|Item Clause: Limit one of each item\n|clearpoke\n|poke|p1|Flutter Mane, L50|\n|poke|p1|Iron Bundle, L50|\n|poke|p1|Arcanine, L50, M|\n|poke|p1|Amoonguss, L50, F|\n|poke|p1|Kingambit, L50, F|\n|poke|p1|Dragonite, L50, M|\n|poke|p2|Goodra, L50, M|\n|poke|p2|Gyarados, L50, M|\n|poke|p2|Ceruledge, L50, M|\n|poke|p2|Volcarona, L50, F|\n|poke|p2|Meowscarada, L50, M|\n|poke|p2|Tinkaton, L50, F|\n|teampreview|4\nseismattersCORNER has agreed to open team sheets.\n|inactive|Battle timer is ON: inactive players will automatically lose when time's up. (requested by seismattersCORNER)\n|inactive|seismattersCORNER has 60 seconds left.\n|\n|t:|1683665128\n|start\n|switch|p1a: Flutter Mane|Flutter Mane, L50|100\/100\n|switch|p1b: Dragonite|Dragonite, L50, M|100\/100\n|switch|p2a: Gyarados|Gyarados, L50, M, shiny|100\/100\n|switch|p2b: Goodra|Goodra, L50, M, shiny|100\/100\n|-ability|p2a: Gyarados|Intimidate|boost\n|-unboost|p1a: Flutter Mane|atk|1\n|-unboost|p1b: Dragonite|atk|1\n|turn|1\n|inactive|seismattersCORNER has 30 seconds left.\n|inactive|seismattersCORNER has 20 seconds left.\n|\n|t:|1683665163\n|-end|p1a: Flutter Mane|Protosynthesis|[silent]\n|switch|p1a: Amoonguss|Amoonguss, L50, F|100\/100\n|move|p2a: Gyarados|Waterfall|p1a: Amoonguss\n|-resisted|p1a: Amoonguss\n|-damage|p1a: Amoonguss|85\/100\n|move|p2b: Goodra|Power Whip|p1a: Amoonguss\n|-resisted|p1a: Amoonguss\n|-damage|p1a: Amoonguss|78\/100\n|move|p1b: Dragonite|Tailwind|p1b: Dragonite\n|-sidestart|p1: seismattersCORNER|move: Tailwind\n|\n|upkeep\n|turn|2\n|\n|t:|1683665188\n|move|p1b: Dragonite|Protect|p1b: Dragonite\n|-singleturn|p1b: Dragonite|Protect\n|move|p2a: Gyarados|Taunt|p1a: Amoonguss\n|-start|p1a: Amoonguss|move: Taunt\n|move|p2b: Goodra|Outrage|p1a: Amoonguss\n|-damage|p1a: Amoonguss|34\/100\n|-enditem|p1a: Amoonguss|Sitrus Berry|[eat]\n|-heal|p1a: Amoonguss|59\/100|[from] item: Sitrus Berry\n|cant|p1a: Amoonguss|move: Taunt|Spore\n|\n|upkeep\n|turn|3\n|inactive|seismattersCORNER has 30 seconds left.\n|inactive|seismattersCORNER has 20 seconds left.\n|\n|t:|1683665227\n|-terastallize|p1b: Dragonite|Flying\n|move|p1b: Dragonite|Tera Blast|p2b: Goodra\n|-damage|p2b: Goodra|58\/100\n|move|p2a: Gyarados|Thunder Wave|p1b: Dragonite\n|-status|p1b: Dragonite|par\n|-enditem|p1b: Dragonite|Lum Berry|[eat]\n|-curestatus|p1b: Dragonite|par|[msg]\n|move|p2b: Goodra|Outrage|p1a: Amoonguss|[from]lockedmove\n|-damage|p1a: Amoonguss|16\/100\n|-start|p2b: Goodra|confusion|[fatigue]\n|move|p1a: Amoonguss|Pollen Puff|p1b: Dragonite\n|-immune|p1b: Dragonite\n|\n|upkeep\n|turn|4\n|\n|t:|1683665248\n|switch|p1a: Flutter Mane|Flutter Mane, L50|100\/100\n|move|p1b: Dragonite|Tera Blast|p2b: Goodra\n|-damage|p2b: Goodra|8\/100\n|move|p2a: Gyarados|Waterfall|p1a: Flutter Mane\n|-damage|p1a: Flutter Mane|35\/100\n|-activate|p2b: Goodra|confusion\n|move|p2b: Goodra|Thunder Punch|p1b: Dragonite\n|-supereffective|p1b: Dragonite\n|-damage|p1b: Dragonite|78\/100\n|\n|-sideend|p1: seismattersCORNER|move: Tailwind\n|upkeep\n|turn|5\n|\n|t:|1683665272\n|move|p1a: Flutter Mane|Thunderbolt|p2a: Gyarados\n|-supereffective|p2a: Gyarados\n|-damage|p2a: Gyarados|0 fnt\n|faint|p2a: Gyarados\n|-activate|p2b: Goodra|confusion\n|move|p2b: Goodra|Thunder Punch|p1b: Dragonite\n|-supereffective|p1b: Dragonite\n|-damage|p1b: Dragonite|32\/100\n|move|p1b: Dragonite|Tera Blast|p2b: Goodra\n|-damage|p2b: Goodra|0 fnt\n|faint|p2b: Goodra\n|\n|upkeep\n|\n|t:|1683665278\n|switch|p2a: Tinkaton|Tinkaton, L50, F|100\/100\n|switch|p2b: Meowscarada|Meowscarada, L50, M|100\/100\n|-ability|p2a: Tinkaton|Mold Breaker\n|turn|6\n|\n|t:|1683665292\n|-end|p1a: Flutter Mane|Protosynthesis|[silent]\n|switch|p1a: Amoonguss|Amoonguss, L50, F|49\/100\n|move|p2b: Meowscarada|Protect|p2b: Meowscarada\n|-start|p2b: Meowscarada|typechange|Normal|[from] ability: Protean\n|-singleturn|p2b: Meowscarada|Protect\n|move|p1b: Dragonite|Protect|p1b: Dragonite\n|-singleturn|p1b: Dragonite|Protect\n|move|p2a: Tinkaton|Fake Out|p1b: Dragonite\n|-activate|p1b: Dragonite|move: Protect\n|\n|upkeep\n|turn|7\n|inactive|seismattersCORNER has 30 seconds left.\n|inactive|TheSalsaKid has 30 seconds left.\n|inactive|TheSalsaKid has 20 seconds left.\n|\n|t:|1683665331\n|-terastallize|p2b: Meowscarada|Grass\n|move|p2b: Meowscarada|Flower Trick|p1b: Dragonite\n|-resisted|p1b: Dragonite\n|-crit|p1b: Dragonite\n|-damage|p1b: Dragonite|0 fnt\n|faint|p1b: Dragonite\n|-damage|p2b: Meowscarada|91\/100|[from] item: Life Orb\n|move|p2a: Tinkaton|Gigaton Hammer|p1a: Amoonguss\n|-damage|p1a: Amoonguss|0 fnt\n|faint|p1a: Amoonguss\n|\n|upkeep\n|\n|t:|1683665349\n|switch|p1b: Iron Bundle|Iron Bundle, L50|100\/100\n|switch|p1a: Flutter Mane|Flutter Mane, L50|35\/100\n|-enditem|p1b: Iron Bundle|Booster Energy\n|-activate|p1b: Iron Bundle|ability: Quark Drive|[fromitem]\n|-start|p1b: Iron Bundle|quarkdrivespe\n|turn|8\n|\n|t:|1683665377\n|move|p1b: Iron Bundle|Icy Wind|p2a: Tinkaton|[spread] p2a,p2b\n|-resisted|p2a: Tinkaton\n|-supereffective|p2b: Meowscarada\n|-damage|p2a: Tinkaton|88\/100\n|-damage|p2b: Meowscarada|23\/100\n|-unboost|p2a: Tinkaton|spe|1\n|-unboost|p2b: Meowscarada|spe|1\n|move|p1a: Flutter Mane|Shadow Ball|p2b: Meowscarada\n|-damage|p2b: Meowscarada|0 fnt\n|faint|p2b: Meowscarada\n|move|p2a: Tinkaton|Play Rough|p1a: Flutter Mane\n|-damage|p1a: Flutter Mane|0 fnt\n|faint|p1a: Flutter Mane\n|-end|p1a: Flutter Mane|Protosynthesis|[silent]\n|\n|upkeep\n|turn|9\n|\n|t:|1683665391\n|move|p1b: Iron Bundle|Hydro Pump|p2a: Tinkaton\n|-damage|p2a: Tinkaton|28\/100\n|move|p2a: Tinkaton|Gigaton Hammer|p1b: Iron Bundle\n|-damage|p1b: Iron Bundle|23\/100\n|\n|upkeep\n|turn|10\n|\n|t:|1683665398\n|move|p1b: Iron Bundle|Hydro Pump|p2a: Tinkaton|[miss]\n|-miss|p1b: Iron Bundle|p2a: Tinkaton\n|move|p2a: Tinkaton|Play Rough|p1b: Iron Bundle\n|-damage|p1b: Iron Bundle|0 fnt\n|faint|p1b: Iron Bundle\n|-end|p1b: Iron Bundle|Quark Drive|[silent]\n|\n|win|TheSalsaKid\n|raw|seismattersCORNER's rating: 1344 → 1325<\/strong> (-19 for losing)\n|raw|TheSalsaKid's rating: 1364 → 1383<\/strong> (+19 for winning)\n","uploadtime":1683665403,"views":11,"p1id":"seismatterscorner","p2id":"thesalsakid","formatid":"gen9vgc2023regulationc","rating":1325,"private":0,"password":""}