{"id":"gen9vgc2023regulationc-1851919605","p1":"haha u rage quit","p2":"everlol","format":"[Gen 9] VGC 2023 Regulation C","log":"|j|\u2606haha u rage quit\n|j|\u2606everlol\n|t:|1682505909\n|gametype|doubles\n|player|p1|haha u rage quit|pokemaniac|1398\n|player|p2|everlol|266|1416\n|teamsize|p1|6\n|teamsize|p2|6\n|gen|9\n|tier|[Gen 9] VGC 2023 Regulation C\n|rated|\n|rule|Species Clause: Limit one of each Pok\u00e9mon\n|rule|Item Clause: Limit one of each item\n|clearpoke\n|poke|p1|Glimmora, L50, M|\n|poke|p1|Iron Bundle, L50|\n|poke|p1|Dondozo, L50, M|\n|poke|p1|Dragonite, L50, M|\n|poke|p1|Tatsugiri-Droopy, L50, M|\n|poke|p1|Chi-Yu, L50|\n|poke|p2|Chi-Yu, L50|\n|poke|p2|Flutter Mane, L50|\n|poke|p2|Indeedee-F, L50, F|\n|poke|p2|Talonflame, L50, M|\n|poke|p2|Hawlucha, L50, F|\n|poke|p2|Armarouge, L50, M|\n|teampreview|4\n|inactive|Battle timer is ON: inactive players will automatically lose when time's up. (requested by everlol)\n|\n|t:|1682505957\n|start\n|switch|p1a: Chi-Yu|Chi-Yu, L50|100\/100\n|switch|p1b: Dragonite|Dragonite, L50, M|100\/100\n|switch|p2a: Indeedee|Indeedee-F, L50, F|100\/100\n|switch|p2b: Hawlucha|Hawlucha, L50, F|100\/100\n|-ability|p1a: Chi-Yu|Beads of Ruin\n|-fieldstart|move: Psychic Terrain|[from] ability: Psychic Surge|[of] p2a: Indeedee\n|-enditem|p2b: Hawlucha|Psychic Seed\n|-boost|p2b: Hawlucha|spd|1|[from] item: Psychic Seed\n|turn|1\n|\n|t:|1682505974\n|move|p1a: Chi-Yu|Protect|p1a: Chi-Yu\n|-singleturn|p1a: Chi-Yu|Protect\n|move|p2a: Indeedee|Follow Me|p2a: Indeedee\n|-singleturn|p2a: Indeedee|move: Follow Me\n|move|p2b: Hawlucha|Close Combat|p1a: Chi-Yu\n|-activate|p1a: Chi-Yu|move: Protect\n|move|p1b: Dragonite|Ice Spinner|p2a: Indeedee\n|-damage|p2a: Indeedee|56\/100\n|-fieldend|move: Psychic Terrain\n|\n|upkeep\n|turn|2\n|\n|t:|1682505994\n|switch|p2a: Talonflame|Talonflame, L50, M|100\/100\n|move|p2b: Hawlucha|Protect|p2b: Hawlucha\n|-singleturn|p2b: Hawlucha|Protect\n|move|p1a: Chi-Yu|Dark Pulse|p2b: Hawlucha\n|-activate|p2b: Hawlucha|move: Protect\n|move|p1b: Dragonite|Ice Spinner|p2b: Hawlucha\n|-activate|p2b: Hawlucha|move: Protect\n|\n|upkeep\n|turn|3\n|inactive|everlol has 30 seconds left.\n|inactive|haha u rage quit has 30 seconds left.\n|\n|t:|1682506032\n|switch|p2a: Indeedee|Indeedee-F, L50, F|56\/100\n|-fieldstart|move: Psychic Terrain|[from] ability: Psychic Surge|[of] p2a: Indeedee\n|-terastallize|p2b: Hawlucha|Steel\n|move|p1a: Chi-Yu|Protect|p1a: Chi-Yu\n|-singleturn|p1a: Chi-Yu|Protect\n|move|p2b: Hawlucha|Close Combat|p1a: Chi-Yu\n|-activate|p1a: Chi-Yu|move: Protect\n|move|p1b: Dragonite|Ice Spinner|p2b: Hawlucha\n|-resisted|p2b: Hawlucha\n|-damage|p2b: Hawlucha|65\/100\n|-fieldend|move: Psychic Terrain\n|\n|upkeep\n|turn|4\n|inactive|haha u rage quit has 30 seconds left.\n|inactive|everlol has 30 seconds left.\n|\n|t:|1682506058\n|-terastallize|p1a: Chi-Yu|Ghost\n|move|p2b: Hawlucha|Close Combat|p1a: Chi-Yu\n|-immune|p1a: Chi-Yu\n|move|p1a: Chi-Yu|Heat Wave|p2b: Hawlucha|[spread] p2a\n|-miss|p1a: Chi-Yu|p2b: Hawlucha\n|-damage|p2a: Indeedee|8\/100\n|-status|p2a: Indeedee|brn\n|move|p1b: Dragonite|Ice Spinner|p2a: Indeedee\n|-damage|p2a: Indeedee|0 fnt\n|faint|p2a: Indeedee\n|\n|upkeep\n|\n|t:|1682506062\n|switch|p2a: Talonflame|Talonflame, L50, M|100\/100\n|turn|5\n|\n|t:|1682506077\n|move|p1a: Chi-Yu|Protect|p1a: Chi-Yu\n|-singleturn|p1a: Chi-Yu|Protect\n|move|p2a: Talonflame|Brave Bird|p1b: Dragonite\n|-damage|p1b: Dragonite|77\/100\n|-damage|p2a: Talonflame|91\/100|[from] Recoil\n|move|p2b: Hawlucha|Acrobatics|p1b: Dragonite\n|-damage|p1b: Dragonite|26\/100\n|move|p1b: Dragonite|Ice Spinner|p2b: Hawlucha\n|-resisted|p2b: Hawlucha\n|-damage|p2b: Hawlucha|31\/100\n|\n|upkeep\n|turn|6\n|\n|t:|1682506092\n|move|p2b: Hawlucha|Protect|p2b: Hawlucha\n|-singleturn|p2b: Hawlucha|Protect\n|move|p2a: Talonflame|Brave Bird|p1b: Dragonite\n|-damage|p1b: Dragonite|0 fnt\n|faint|p1b: Dragonite\n|-damage|p2a: Talonflame|80\/100|[from] Recoil\n|move|p1a: Chi-Yu|Heat Wave|p2b: Hawlucha|[spread] p2a\n|-activate|p2b: Hawlucha|move: Protect\n|-resisted|p2a: Talonflame\n|-damage|p2a: Talonflame|35\/100\n|-enditem|p2a: Talonflame|Sitrus Berry|[eat]\n|-heal|p2a: Talonflame|60\/100|[from] item: Sitrus Berry\n|\n|upkeep\n|\n|t:|1682506099\n|switch|p1b: Dondozo|Dondozo, L50, M|100\/100\n|turn|7\n|\n|t:|1682506105\n|move|p1b: Dondozo|Protect|p1b: Dondozo\n|-singleturn|p1b: Dondozo|Protect\n|move|p2b: Hawlucha|Acrobatics|p1a: Chi-Yu\n|-damage|p1a: Chi-Yu|16\/100\n|move|p2a: Talonflame|Sunny Day|p2a: Talonflame\n|-weather|SunnyDay\n|move|p1a: Chi-Yu|Heat Wave|p2b: Hawlucha|[spread] p2a,p2b\n|-resisted|p2a: Talonflame\n|-supereffective|p2b: Hawlucha\n|-damage|p2a: Talonflame|0 fnt\n|-damage|p2b: Hawlucha|0 fnt\n|faint|p2a: Talonflame\n|faint|p2b: Hawlucha\n|\n|-weather|SunnyDay|[upkeep]\n|upkeep\n|\n|t:|1682506111\n|switch|p2b: Flutter Mane|Flutter Mane, L50|100\/100\n|-activate|p2b: Flutter Mane|ability: Protosynthesis\n|-start|p2b: Flutter Mane|protosynthesisspa\n|turn|8\n|\n|t:|1682506118\n|switch|p1a: Tatsugiri|Tatsugiri-Droopy, L50, M|100\/100\n|-activate|p1a: Tatsugiri|ability: Commander|[of] p1b: Dondozo\n|-boost|p1b: Dondozo|atk|2\n|-boost|p1b: Dondozo|spa|2\n|-boost|p1b: Dondozo|spe|2\n|-boost|p1b: Dondozo|def|2\n|-boost|p1b: Dondozo|spd|2\n|move|p2b: Flutter Mane|Moonblast|p1b: Dondozo\n|-crit|p1b: Dondozo\n|-damage|p1b: Dondozo|0 fnt\n|faint|p1b: Dondozo\n|\n|-weather|SunnyDay|[upkeep]\n|upkeep\n|\n|t:|1682506124\n|switch|p1b: Chi-Yu|Chi-Yu, L50, tera:Ghost|16\/100\n|-ability|p1b: Chi-Yu|Beads of Ruin\n|turn|9\n|\n|t:|1682506129\n|move|p1a: Tatsugiri|Icy Wind|p2b: Flutter Mane\n|-damage|p2b: Flutter Mane|76\/100\n|-unboost|p2b: Flutter Mane|spe|1\n|move|p1b: Chi-Yu|Overheat|p2b: Flutter Mane\n|-damage|p2b: Flutter Mane|0 fnt\n|-unboost|p1b: Chi-Yu|spa|2\n|faint|p2b: Flutter Mane\n|-end|p2b: Flutter Mane|Protosynthesis|[silent]\n|\n|win|haha u rage quit\n|raw|haha u rage quit's rating: 1398 → 1419<\/strong> (+21 for winning)\n|raw|everlol's rating: 1416 → 1395<\/strong> (-21 for losing)\n|l|\u2606everlol\n","uploadtime":1682506145,"views":9,"p1id":"hahauragequit","p2id":"everlol","formatid":"gen9vgc2023regulationc","rating":1395,"private":0,"password":""}