{"id":"gen9vgc2023regulationc-1848312599","p1":"marioman6444","p2":"cimu97","format":"[Gen 9] VGC 2023 Regulation C","log":"|j|\u2606marioman6444\n|j|\u2606cimu97\n|t:|1682058545\n|gametype|doubles\n|player|p1|marioman6444|hoopster|1327\n|player|p2|cimu97|lucas|1295\n|teamsize|p1|6\n|teamsize|p2|6\n|gen|9\n|tier|[Gen 9] VGC 2023 Regulation C\n|rated|\n|rule|Species Clause: Limit one of each Pok\u00e9mon\n|rule|Item Clause: Limit one of each item\n|clearpoke\n|poke|p1|Garchomp, L50, F|\n|poke|p1|Iron Bundle, L50|\n|poke|p1|Maushold, L50|\n|poke|p1|Gholdengo, L50|\n|poke|p1|Garganacl, L50, F|\n|poke|p1|Amoonguss, L50, M|\n|poke|p2|Annihilape, L50, M|\n|poke|p2|Chi-Yu, L50|\n|poke|p2|Maushold, L50|\n|poke|p2|Amoonguss, L50, F|\n|poke|p2|Flutter Mane, L50|\n|poke|p2|Roaring Moon, L50|\n|teampreview|4\nmarioman6444 rejected open team sheets.\n|inactive|Battle timer is ON: inactive players will automatically lose when time's up. (requested by cimu97)\n|inactive|marioman6444 has 60 seconds left.\n|inactive|marioman6444 has 30 seconds left.\n|\n|t:|1682058620\n|start\n|switch|p1a: Amoonguss|Amoonguss, L50, M|100\/100\n|switch|p1b: Gholdengo|Gholdengo, L50|100\/100\n|switch|p2a: Chi-Yu|Chi-Yu, L50|100\/100\n|switch|p2b: Flutter Mane|Flutter Mane, L50|100\/100\n|-ability|p2a: Chi-Yu|Beads of Ruin\n|turn|1\n|\n|t:|1682058638\n|-end|p2b: Flutter Mane|Protosynthesis|[silent]\n|switch|p2b: Amoonguss|Amoonguss, L50, F|100\/100\n|switch|p1a: Garganacl|Garganacl, L50, F|100\/100\n|-terastallize|p1b: Gholdengo|Water\n|move|p2a: Chi-Yu|Overheat|p1a: Garganacl\n|-resisted|p1a: Garganacl\n|-damage|p1a: Garganacl|74\/100\n|-unboost|p2a: Chi-Yu|spa|2\n|move|p1b: Gholdengo|Make It Rain|p2a: Chi-Yu|[spread] p2a,p2b\n|-resisted|p2a: Chi-Yu\n|-damage|p2a: Chi-Yu|78\/100\n|-damage|p2b: Amoonguss|57\/100\n|-unboost|p1b: Gholdengo|spa|1\n|\n|upkeep\n|turn|2\n|inactive|cimu97 has 30 seconds left.\n|\n|t:|1682058665\n|switch|p2a: Annihilape|Annihilape, L50, M|100\/100\n|move|p2b: Amoonguss|Rage Powder|p2b: Amoonguss\n|-singleturn|p2b: Amoonguss|move: Rage Powder\n|move|p1b: Gholdengo|Nasty Plot|p1b: Gholdengo\n|-boost|p1b: Gholdengo|spa|2\n|move|p1a: Garganacl|Heavy Slam|p2b: Amoonguss\n|-damage|p2b: Amoonguss|31\/100\n|-damage|p1a: Garganacl|58\/100|[from] item: Rocky Helmet|[of] p2b: Amoonguss\n|\n|upkeep\n|turn|3\n|\n|t:|1682058684\n|-terastallize|p2a: Annihilape|Fire\n|move|p2b: Amoonguss|Rage Powder|p2b: Amoonguss\n|-singleturn|p2b: Amoonguss|move: Rage Powder\n|move|p2a: Annihilape|Bulk Up|p2a: Annihilape\n|-boost|p2a: Annihilape|atk|1\n|-boost|p2a: Annihilape|def|1\n|move|p1b: Gholdengo|Nasty Plot|p1b: Gholdengo\n|-boost|p1b: Gholdengo|spa|2\n|move|p1a: Garganacl|Salt Cure|p2b: Amoonguss\n|-damage|p2b: Amoonguss|18\/100\n|-start|p2b: Amoonguss|Salt Cure\n|\n|-damage|p2b: Amoonguss|6\/100|[from] Salt Cure\n|upkeep\n|turn|4\n|inactive|marioman6444 has 30 seconds left.\n|inactive|cimu97 has 30 seconds left.\n|inactive|marioman6444 has 20 seconds left.\n|inactive|cimu97 has 20 seconds left.\n|inactive|marioman6444 has 15 seconds left.\n|inactive|marioman6444 has 10 seconds left.\n|inactive|marioman6444 has 5 seconds left.\n|\n|t:|1682058739\n|move|p2a: Annihilape|Protect|p2a: Annihilape\n|-singleturn|p2a: Annihilape|Protect\n|move|p1b: Gholdengo|Make It Rain|p2b: Amoonguss|[spread] p2b\n|-activate|p2a: Annihilape|move: Protect\n|-damage|p2b: Amoonguss|0 fnt\n|-unboost|p1b: Gholdengo|spa|1\n|faint|p2b: Amoonguss\n|move|p1a: Garganacl|Salt Cure|p2a: Annihilape\n|-activate|p2a: Annihilape|move: Protect\n|\n|upkeep\n|\n|t:|1682058760\n|switch|p2b: Chi-Yu|Chi-Yu, L50|78\/100\n|-ability|p2b: Chi-Yu|Beads of Ruin\n|turn|5\n|\n|t:|1682058783\n|move|p2b: Chi-Yu|Snarl|p1b: Gholdengo|[spread] p1a,p1b\n|-damage|p1a: Garganacl|39\/100\n|-damage|p1b: Gholdengo|74\/100\n|-unboost|p1a: Garganacl|spa|1\n|-unboost|p1b: Gholdengo|spa|1\n|move|p2a: Annihilape|Drain Punch|p1a: Garganacl\n|-supereffective|p1a: Garganacl\n|-damage|p1a: Garganacl|0 fnt\n|faint|p1a: Garganacl\n|move|p1b: Gholdengo|Power Gem|p2a: Annihilape\n|-supereffective|p2a: Annihilape\n|-damage|p2a: Annihilape|17\/100\n|\n|-heal|p2a: Annihilape|23\/100|[from] item: Leftovers\n|upkeep\n|\n|t:|1682058803\n|switch|p1a: Happy Happy|Iron Bundle, L50|100\/100\n|-enditem|p1a: Happy Happy|Booster Energy\n|-activate|p1a: Happy Happy|ability: Quark Drive|[fromitem]\n|-start|p1a: Happy Happy|quarkdrivespe\n|turn|6\n|\n|t:|1682058827\n|move|p1a: Happy Happy|Hydro Pump|p2a: Annihilape\n|-supereffective|p2a: Annihilape\n|-damage|p2a: Annihilape|0 fnt\n|faint|p2a: Annihilape\n|move|p2b: Chi-Yu|Snarl|p1a: Happy Happy|[spread] p1a,p1b\n|-damage|p1a: Happy Happy|42\/100\n|-damage|p1b: Gholdengo|48\/100\n|-unboost|p1a: Happy Happy|spa|1\n|-unboost|p1b: Gholdengo|spa|1\n|-enditem|p1b: Gholdengo|Sitrus Berry|[eat]\n|-heal|p1b: Gholdengo|73\/100|[from] item: Sitrus Berry\n|move|p1b: Gholdengo|Power Gem|p2b: Chi-Yu\n|-supereffective|p2b: Chi-Yu\n|-damage|p2b: Chi-Yu|23\/100\n|\n|upkeep\n|\n|t:|1682058841\n|switch|p2a: Flutter Mane|Flutter Mane, L50|100\/100\n|turn|7\n|inactive|marioman6444 has 30 seconds left.\n|inactive|marioman6444 has 20 seconds left.\n|inactive|marioman6444 has 15 seconds left.\n|\n|t:|1682058881\n|move|p1a: Happy Happy|Protect|p1a: Happy Happy\n|-singleturn|p1a: Happy Happy|Protect\n|move|p2b: Chi-Yu|Snarl|p1b: Gholdengo|[spread] p1b\n|-activate|p1a: Happy Happy|move: Protect\n|-damage|p1b: Gholdengo|44\/100\n|-unboost|p1b: Gholdengo|spa|1\n|move|p2a: Flutter Mane|Energy Ball|p1a: Happy Happy\n|-activate|p1a: Happy Happy|move: Protect\n|move|p1b: Gholdengo|Make It Rain|p2b: Chi-Yu|[spread] p2a,p2b\n|-supereffective|p2a: Flutter Mane\n|-resisted|p2b: Chi-Yu\n|-damage|p2a: Flutter Mane|32\/100\n|-damage|p2b: Chi-Yu|9\/100\n|-unboost|p1b: Gholdengo|spa|1\n|\n|upkeep\n|turn|8\n|inactive|marioman6444 has 30 seconds left.\n|\n|t:|1682058908\n|switch|p1b: Amoonguss|Amoonguss, L50, M|100\/100\n|move|p1a: Happy Happy|Encore|p2a: Flutter Mane\n|-start|p2a: Flutter Mane|Encore\n|move|p2b: Chi-Yu|Snarl|p1b: Amoonguss|[spread] p1a,p1b\n|-damage|p1a: Happy Happy|0 fnt\n|-damage|p1b: Amoonguss|79\/100\n|-unboost|p1b: Amoonguss|spa|1\n|faint|p1a: Happy Happy\n|-end|p1a: Happy Happy|Quark Drive|[silent]\n|move|p2a: Flutter Mane|Energy Ball|p1b: Amoonguss\n|-resisted|p1b: Amoonguss\n|-damage|p1b: Amoonguss|71\/100\n|\n|upkeep\n|\n|t:|1682058915\n|switch|p1a: Gholdengo|Gholdengo, L50, tera:Water|44\/100\n|turn|9\n|\n|t:|1682058926\n|move|p1b: Amoonguss|Rage Powder|p1b: Amoonguss\n|-singleturn|p1b: Amoonguss|move: Rage Powder\n|move|p2b: Chi-Yu|Snarl|p1a: Gholdengo|[spread] p1a,p1b\n|-damage|p1a: Gholdengo|16\/100\n|-damage|p1b: Amoonguss|47\/100\n|-unboost|p1a: Gholdengo|spa|1\n|-unboost|p1b: Amoonguss|spa|1\n|move|p2a: Flutter Mane|Energy Ball|p1b: Amoonguss\n|-resisted|p1b: Amoonguss\n|-damage|p1b: Amoonguss|39\/100\n|move|p1a: Gholdengo|Make It Rain|p2a: Flutter Mane|[spread] p2a,p2b\n|-supereffective|p2a: Flutter Mane\n|-resisted|p2b: Chi-Yu\n|-damage|p2a: Flutter Mane|0 fnt\n|-damage|p2b: Chi-Yu|0 fnt\n|-unboost|p1a: Gholdengo|spa|1\n|faint|p2a: Flutter Mane\n|-end|p2a: Flutter Mane|Protosynthesis|[silent]\n|faint|p2b: Chi-Yu\n|\n|win|marioman6444\n|raw|marioman6444's rating: 1351 → 1368<\/strong> (+17 for winning)\n|raw|cimu97's rating: 1295 → 1274<\/strong> (-21 for losing)\n|l|\u2606cimu97\n|c|\u2606marioman6444|gg!\n","uploadtime":1682058948,"views":8,"p1id":"marioman6444","p2id":"cimu97","formatid":"gen9vgc2023regulationc","rating":1274,"private":0,"password":""}