{"id":"gen9vgc2023regulationc-1863746438","p1":"cchestnut4","p2":"ZachuVGC","format":"[Gen 9] VGC 2023 Regulation C","log":"|j|\u2606cchestnut4\n|j|\u2606ZachuVGC\n|t:|1684071212\n|gametype|doubles\n|player|p1|cchestnut4|fisherman-gen1rb|\n|player|p2|ZachuVGC|may-masters3|\n|teamsize|p1|6\n|teamsize|p2|6\n|gen|9\n|tier|[Gen 9] VGC 2023 Regulation C\n|rated|Tournament battle\n|rule|Species Clause: Limit one of each Pok\u00e9mon\n|rule|Item Clause: Limit one of each item\n|clearpoke\n|poke|p1|Vivillon, L50, M|\n|poke|p1|Annihilape, L50, M|\n|poke|p1|Abomasnow, L50, F|\n|poke|p1|Iron Bundle, L50|\n|poke|p1|Chien-Pao, L50|\n|poke|p1|Ting-Lu, L50|\n|poke|p2|Dragonite, L50, F|\n|poke|p2|Great Tusk, L50|\n|poke|p2|Amoonguss, L50, M|\n|poke|p2|Flutter Mane, L50|\n|poke|p2|Chien-Pao, L50|\n|poke|p2|Azumarill, L50, M|\n|teampreview|4\n|raw| Open Team Sheet for cchestnut4<\/summary>Vivillon @ Focus Sash Ability: Friend Guard Level: 50 Tera Type: Ghost - Pollen Puff - Rage Powder - Safeguard - Protect Annihilape @ Roseli Berry Ability: Defiant Level: 50 Tera Type: Fire - Phantom Force - Close Combat - Rage Fist - Taunt Abomasnow @ Life Orb Ability: Snow Warning Level: 50 Tera Type: Water - Blizzard - Energy Ball - Ice Shard - Protect Iron Bundle @ Booster Energy Ability: Quark Drive Level: 50 Tera Type: Ice - Aurora Veil - Blizzard - Hydro Pump - Protect Chien-Pao @ Sitrus Berry Ability: Sword of Ruin Level: 50 Tera Type: Fire - Ice Spinner - Sacred Sword - Sucker Punch - Haze Ting-Lu @ Choice Band Ability: Vessel of Ruin Level: 50 Tera Type: Ground - Earthquake - Stomping Tantrum - Throat Chop - Rock Slide <\/details><\/div> Open Team Sheet for ZachuVGC<\/summary>Firnen (Dragonite) @ Lum Berry Ability: Multiscale Level: 50 Shiny: Yes Tera Type: Normal - Protect - Extreme Speed - Fire Punch - Roost Nose Collector (Great Tusk) @ Choice Scarf Ability: Protosynthesis Level: 50 Hidden Power: Fighting Tera Type: Fire - Headlong Rush - Earthquake - Close Combat - Rock Slide Ariana Grande (Amoonguss) @ Covert Cloak Ability: Regenerator Level: 50 Tera Type: Water - Protect - Spore - Rage Powder - Pollen Puff Katherine (Flutter Mane) @ Booster Energy Ability: Protosynthesis Level: 50 Tera Type: Fairy - Protect - Moonblast - Shadow Ball - Substitute Tai Lung (Chien-Pao) @ Focus Sash Ability: Sword of Ruin Level: 50 Tera Type: Fairy - Protect - Ice Spinner - Sucker Punch - Sacred Sword Face of Mercy (Azumarill) @ Sitrus Berry Ability: Huge Power Level: 50 Tera Type: Water - Perish Song - Protect - Play Rough - Aqua Jet <\/details><\/div>\n|j| leonwannabe\n|\n|t:|1684071291\n|start\n|switch|p1a: Vivillon|Vivillon, L50, M|100\/100\n|switch|p1b: Chien-Pao|Chien-Pao, L50|100\/100\n|switch|p2a: Nose Collector|Great Tusk, L50|100\/100\n|switch|p2b: Katherine|Flutter Mane, L50|100\/100\n|-ability|p1b: Chien-Pao|Sword of Ruin\n|-enditem|p2b: Katherine|Booster Energy\n|-activate|p2b: Katherine|ability: Protosynthesis|[fromitem]\n|-start|p2b: Katherine|protosynthesisspe\n|turn|1\n|\n|t:|1684071325\n|move|p1a: Vivillon|Rage Powder|p1a: Vivillon\n|-singleturn|p1a: Vivillon|move: Rage Powder\n|move|p2b: Katherine|Substitute|p2b: Katherine\n|-start|p2b: Katherine|Substitute\n|-damage|p2b: Katherine|76\/100\n|move|p2a: Nose Collector|Rock Slide|p1a: Vivillon|[spread] p1a,p1b\n|-supereffective|p1a: Vivillon\n|-supereffective|p1b: Chien-Pao\n|-enditem|p1a: Vivillon|Focus Sash\n|-damage|p1a: Vivillon|1\/100\n|-damage|p1b: Chien-Pao|71\/100\n|move|p1b: Chien-Pao|Ice Spinner|p2a: Nose Collector\n|-supereffective|p2a: Nose Collector\n|-damage|p2a: Nose Collector|25\/100\n|\n|upkeep\n|turn|2\n|\n|t:|1684071362\n|move|p1b: Chien-Pao|Sucker Punch|p2a: Nose Collector\n|-resisted|p2a: Nose Collector\n|-damage|p2a: Nose Collector|9\/100\n|move|p2b: Katherine|Moonblast|p1b: Chien-Pao\n|-supereffective|p1b: Chien-Pao\n|-damage|p1b: Chien-Pao|0 fnt\n|faint|p1b: Chien-Pao\n|move|p2a: Nose Collector|Rock Slide|p1a: Vivillon\n|-supereffective|p1a: Vivillon\n|-damage|p1a: Vivillon|0 fnt\n|faint|p1a: Vivillon\n|\n|upkeep\n|\n|t:|1684071370\n|switch|p1b: Iron Bundle|Iron Bundle, L50|100\/100\n|switch|p1a: Ting-Lu|Ting-Lu, L50|100\/100\n|-ability|p1a: Ting-Lu|Vessel of Ruin\n|-enditem|p1b: Iron Bundle|Booster Energy\n|-activate|p1b: Iron Bundle|ability: Quark Drive|[fromitem]\n|-start|p1b: Iron Bundle|quarkdrivespe\n|turn|3\n|\n|t:|1684071386\n|-terastallize|p1a: Ting-Lu|Ground\n|move|p2b: Katherine|Protect|p2b: Katherine\n|-singleturn|p2b: Katherine|Protect\n|move|p1b: Iron Bundle|Protect|p1b: Iron Bundle\n|-singleturn|p1b: Iron Bundle|Protect\n|move|p2a: Nose Collector|Rock Slide|p1a: Ting-Lu|[spread] p1a\n|-activate|p1b: Iron Bundle|move: Protect\n|-resisted|p1a: Ting-Lu\n|-damage|p1a: Ting-Lu|95\/100\n|move|p1a: Ting-Lu|Earthquake|p2b: Katherine|[spread] p2a\n|-activate|p1b: Iron Bundle|move: Protect\n|-activate|p2b: Katherine|move: Protect\n|-damage|p2a: Nose Collector|0 fnt\n|faint|p2a: Nose Collector\n|-end|p2a: Nose Collector|Protosynthesis|[silent]\n|\n|upkeep\n|\n|t:|1684071401\n|switch|p2a: Face of Mercy|Azumarill, L50, M|100\/100\n|turn|4\n|l| leonwannabe\n|\n|t:|1684071412\n|-terastallize|p2b: Katherine|Fairy\n|move|p2b: Katherine|Moonblast|p1b: Iron Bundle\n|-damage|p1b: Iron Bundle|25\/100\n|-unboost|p1b: Iron Bundle|spa|1\n|move|p1b: Iron Bundle|Aurora Veil||[still]\n|-fail|p1b: Iron Bundle\n|move|p1a: Ting-Lu|Earthquake|p2a: Face of Mercy|[spread] p1b,p2a,p2b\n|-end|p2b: Katherine|Substitute\n|-damage|p1b: Iron Bundle|0 fnt\n|-damage|p2a: Face of Mercy|32\/100\n|-enditem|p2a: Face of Mercy|Sitrus Berry|[eat]\n|-heal|p2a: Face of Mercy|57\/100|[from] item: Sitrus Berry\n|faint|p1b: Iron Bundle\n|-end|p1b: Iron Bundle|Quark Drive|[silent]\n|move|p2a: Face of Mercy|Perish Song|p2a: Face of Mercy\n|-start|p1a: Ting-Lu|perish3|[silent]\n|-start|p2a: Face of Mercy|perish3|[silent]\n|-start|p2b: Katherine|perish3|[silent]\n|-fieldactivate|move: Perish Song\n|\n|-start|p2b: Katherine|perish3\n|-start|p1a: Ting-Lu|perish3\n|-start|p2a: Face of Mercy|perish3\n|upkeep\n|turn|5\n|\n|t:|1684071424\n|move|p2b: Katherine|Protect|p2b: Katherine\n|-singleturn|p2b: Katherine|Protect\n|move|p2a: Face of Mercy|Protect|p2a: Face of Mercy\n|-singleturn|p2a: Face of Mercy|Protect\n|move|p1a: Ting-Lu|Earthquake|p2b: Katherine|[spread] \n|-activate|p2a: Face of Mercy|move: Protect\n|-activate|p2b: Katherine|move: Protect\n|\n|-start|p2b: Katherine|perish2\n|-start|p1a: Ting-Lu|perish2\n|-start|p2a: Face of Mercy|perish2\n|upkeep\n|turn|6\n|c|\u2606ZachuVGC|gg\n|\n|t:|1684071431\n|switch|p2a: Tai Lung|Chien-Pao, L50|100\/100\n|-ability|p2a: Tai Lung|Sword of Ruin\n|move|p2b: Katherine|Substitute|p2b: Katherine\n|-start|p2b: Katherine|Substitute\n|-damage|p2b: Katherine|52\/100\n|move|p1a: Ting-Lu|Earthquake|p2a: Tai Lung|[spread] p2a,p2b\n|-crit|p2b: Katherine\n|-end|p2b: Katherine|Substitute\n|-enditem|p2a: Tai Lung|Focus Sash\n|-damage|p2a: Tai Lung|1\/100\n|\n|-start|p2b: Katherine|perish1\n|-start|p1a: Ting-Lu|perish1\n|upkeep\n|turn|7\n|-message|cchestnut4 forfeited.\n|\n|win|ZachuVGC\n|n|\u2606cchestnut4|cchestnut4\n|n|\u2606ZachuVGC|zachuvgc\n|l|\u2606cchestnut4\n","uploadtime":1684073361,"views":13,"p1id":"cchestnut4","p2id":"zachuvgc","formatid":"gen9vgc2023regulationc","rating":0,"private":0,"password":""}