{"id":"gen9vgc2023regulationc-1854440941","p1":"Texas Landsharks","p2":"gazzlb","format":"[Gen 9] VGC 2023 Regulation C","log":"|j|\u2606Texas Landsharks\n|j|\u2606gazzlb\n|t:|1682811267\n|gametype|doubles\n|player|p1|Texas Landsharks|cynthia|\n|player|p2|gazzlb|170|\n|teamsize|p1|6\n|teamsize|p2|6\n|gen|9\n|tier|[Gen 9] VGC 2023 Regulation C\n|rule|Species Clause: Limit one of each Pok\u00e9mon\n|rule|Item Clause: Limit one of each item\n|clearpoke\n|poke|p1|Spiritomb, L50, M|\n|poke|p1|Torkoal, L50, F|\n|poke|p1|Sandy Shocks, L50|\n|poke|p1|Revavroom, L50, M|\n|poke|p1|Dragonite, L50, M|\n|poke|p1|Hariyama, L50, M|\n|poke|p2|Indeedee-F, L50, F|\n|poke|p2|Armarouge, L50, M|\n|poke|p2|Dachsbun, L50, M|\n|poke|p2|Hippowdon, L50, F|\n|poke|p2|Lycanroc, L50, M|\n|poke|p2|Falinks, L50|\n|teampreview|4\n|j| Jay Jingles\n|j| Kyogre Canucks\n|c|\u2606gazzlb|g2\n|j| Dogzie\n|j| anthonynn\nTexas Landsharks rejected open team sheets.\n|j| kevsmoreno\n|c| Jay Jingles|May the loser lose\n|\n|t:|1682811641\n|start\n|switch|p1a: Spiritomb|Spiritomb, L50, M|100\/100\n|switch|p1b: Revavroom|Revavroom, L50, M|100\/100\n|switch|p2a: Armarouge|Armarouge, L50, M, shiny|100\/100\n|switch|p2b: Dachsbun|Dachsbun, L50, M|100\/100\n|turn|1\n|c| Kyogre Canucks|And may the winner win\n|c| anthonynn|May the odds be ever in your favor\n|\n|t:|1682811675\n|-terastallize|p2b: Dachsbun|Fairy\n|-terastallize|p1b: Revavroom|Steel\n|move|p2a: Armarouge|Lava Plume|p1a: Spiritomb|[spread] p1a,p1b\n|-ability|p2b: Dachsbun|Well-Baked Body|boost\n|-boost|p2b: Dachsbun|def|2\n|-supereffective|p1b: Revavroom\n|-damage|p1a: Spiritomb|71\/100\n|-damage|p1b: Revavroom|38\/100\n|-enditem|p1b: Revavroom|Weakness Policy\n|-boost|p1b: Revavroom|atk|2|[from] item: Weakness Policy\n|-boost|p1b: Revavroom|spa|2|[from] item: Weakness Policy\n|move|p2b: Dachsbun|Play Rough|p1a: Spiritomb\n|-supereffective|p1a: Spiritomb\n|-damage|p1a: Spiritomb|2\/100\n|-enditem|p1a: Spiritomb|Aguav Berry|[eat]\n|-heal|p1a: Spiritomb|36\/100|[from] item: Aguav Berry\n|move|p1b: Revavroom|Spin Out|p2b: Dachsbun\n|-supereffective|p2b: Dachsbun\n|-enditem|p2b: Dachsbun|Babiri Berry|[eat]\n|-enditem|p2b: Dachsbun|Babiri Berry|[weaken]\n|-damage|p2b: Dachsbun|27\/100\n|-unboost|p1b: Revavroom|spe|2\n|move|p1a: Spiritomb|Trick Room|p1a: Spiritomb\n|-fieldstart|move: Trick Room|[of] p1a: Spiritomb\n|\n|upkeep\n|turn|2\n|c| Jay Jingles|SHUT UP ANT\n|c| anthonynn|*do dooo do do*\n|\n|t:|1682811707\n|move|p2b: Dachsbun|Helping Hand|p2a: Armarouge\n|-singleturn|p2a: Armarouge|Helping Hand|[of] p2b: Dachsbun\n|move|p1a: Spiritomb|Will-O-Wisp|p2b: Dachsbun\n|-ability|p2b: Dachsbun|Well-Baked Body|boost\n|-boost|p2b: Dachsbun|def|2\n|move|p1b: Revavroom|Assurance|p2a: Armarouge\n|-supereffective|p2a: Armarouge\n|-damage|p2a: Armarouge|11\/100\n|move|p2a: Armarouge|Lava Plume|p1a: Spiritomb|[spread] p1a,p1b\n|-ability|p2b: Dachsbun|Well-Baked Body|boost\n|-boost|p2b: Dachsbun|def|2\n|-supereffective|p1b: Revavroom\n|-damage|p1a: Spiritomb|0 fnt\n|-damage|p1b: Revavroom|0 fnt\n|faint|p1a: Spiritomb\n|faint|p1b: Revavroom\n|\n|upkeep\n|\n|t:|1682811722\n|switch|p1a: Torkoal|Torkoal, L50, F|100\/100\n|switch|p1b: Hariyama|Hariyama, L50, M|100\/100\n|-weather|SunnyDay|[from] ability: Drought|[of] p1a: Torkoal\n|turn|3\n|\n|t:|1682811736\n|move|p1a: Torkoal|Earth Power|p2b: Dachsbun\n|-damage|p2b: Dachsbun|0 fnt\n|faint|p2b: Dachsbun\n|move|p1b: Hariyama|Rock Slide|p2a: Armarouge\n|-supereffective|p2a: Armarouge\n|-damage|p2a: Armarouge|0 fnt\n|faint|p2a: Armarouge\n|\n|-weather|SunnyDay|[upkeep]\n|-status|p1b: Hariyama|brn|[from] item: Flame Orb\n|upkeep\n|\n|t:|1682811742\n|switch|p2b: Hippowdon|Hippowdon, L50, F|100\/100\n|switch|p2a: Indeedee|Indeedee-F, L50, F|100\/100\n|-weather|Sandstorm|[from] ability: Sand Stream|[of] p2b: Hippowdon\n|-fieldstart|move: Psychic Terrain|[from] ability: Psychic Surge|[of] p2a: Indeedee\n|-enditem|p2a: Indeedee|Psychic Seed\n|-boost|p2a: Indeedee|spd|1|[from] item: Psychic Seed\n|turn|4\n|c|\u2606Texas Landsharks|i wanted to boost it\n|\n|t:|1682811771\n|move|p2a: Indeedee|Helping Hand|p2b: Hippowdon\n|-singleturn|p2b: Hippowdon|Helping Hand|[of] p2a: Indeedee\n|move|p1a: Torkoal|Earth Power|p2a: Indeedee\n|-damage|p2a: Indeedee|85\/100\n|move|p1b: Hariyama|Knock Off|p2a: Indeedee\n|-supereffective|p2a: Indeedee\n|-crit|p2a: Indeedee\n|-damage|p2a: Indeedee|0 fnt\n|faint|p2a: Indeedee\n|move|p2b: Hippowdon|Stomping Tantrum|p1a: Torkoal\n|-supereffective|p1a: Torkoal\n|-damage|p1a: Torkoal|21\/100\n|\n|-weather|Sandstorm|[upkeep]\n|-damage|p1a: Torkoal|15\/100|[from] Sandstorm\n|-damage|p1b: Hariyama|95\/100 brn|[from] Sandstorm\n|-damage|p1b: Hariyama|89\/100 brn|[from] brn\n|upkeep\n|turn|5\n|\n|t:|1682811796\n|move|p2b: Hippowdon|Protect|p2b: Hippowdon\n|-singleturn|p2b: Hippowdon|Protect\n|move|p1a: Torkoal|Flamethrower|p2b: Hippowdon\n|-activate|p2b: Hippowdon|move: Protect\n|move|p1b: Hariyama|Knock Off|p2b: Hippowdon\n|-activate|p2b: Hippowdon|move: Protect\n|\n|-weather|Sandstorm|[upkeep]\n|-damage|p1a: Torkoal|9\/100|[from] Sandstorm\n|-damage|p1b: Hariyama|83\/100 brn|[from] Sandstorm\n|-damage|p1b: Hariyama|77\/100 brn|[from] brn\n|-fieldend|move: Trick Room\n|upkeep\n|turn|6\n|\n|t:|1682811819\n|move|p2b: Hippowdon|Stomping Tantrum|p1b: Hariyama\n|-damage|p1b: Hariyama|44\/100 brn\n|move|p1b: Hariyama|Drain Punch|p2b: Hippowdon\n|-damage|p2b: Hippowdon|59\/100\n|-heal|p1b: Hariyama|64\/100 brn|[from] drain|[of] p2b: Hippowdon\n|move|p1a: Torkoal|Flamethrower|p2b: Hippowdon\n|-damage|p2b: Hippowdon|11\/100\n|\n|-weather|Sandstorm|[upkeep]\n|-damage|p1b: Hariyama|58\/100 brn|[from] Sandstorm\n|-damage|p1a: Torkoal|3\/100|[from] Sandstorm\n|-heal|p2b: Hippowdon|18\/100|[from] item: Leftovers\n|-damage|p1b: Hariyama|52\/100 brn|[from] brn\n|upkeep\n|turn|7\n|\n|t:|1682811834\n|move|p2b: Hippowdon|Protect|p2b: Hippowdon\n|-singleturn|p2b: Hippowdon|Protect\n|move|p1b: Hariyama|Drain Punch|p2b: Hippowdon\n|-activate|p2b: Hippowdon|move: Protect\n|move|p1a: Torkoal|Flamethrower|p2b: Hippowdon\n|-activate|p2b: Hippowdon|move: Protect\n|\n|-weather|Sandstorm|[upkeep]\n|-damage|p1b: Hariyama|46\/100 brn|[from] Sandstorm\n|-damage|p1a: Torkoal|0 fnt|[from] Sandstorm\n|faint|p1a: Torkoal\n|-heal|p2b: Hippowdon|24\/100|[from] item: Leftovers\n|-damage|p1b: Hariyama|40\/100 brn|[from] brn\n|upkeep\n|turn|8\n|\n|t:|1682811853\n|move|p2b: Hippowdon|Stomping Tantrum|p1b: Hariyama\n|-damage|p1b: Hariyama|6\/100 brn\n|move|p1b: Hariyama|Drain Punch|p2b: Hippowdon\n|-damage|p2b: Hippowdon|0 fnt\n|-heal|p1b: Hariyama|17\/100 brn|[from] drain|[of] p2b: Hippowdon\n|faint|p2b: Hippowdon\n|\n|win|Texas Landsharks\n|l| kevsmoreno\n|l| Dogzie\n|c|\u2606Texas Landsharks|gg\n|c|\u2606gazzlb|gg\n|l| anthonynn\n|j| kevsmoreno\n|l| kevsmoreno\n|l| Jay Jingles\n|l|\u2606gazzlb\n|j|\u2606gazzlb\n|player|p2|gazzlb|170\n","uploadtime":1682811862,"views":19,"p1id":"texaslandsharks","p2id":"gazzlb","formatid":"gen9vgc2023regulationc","rating":0,"private":0,"password":""}