{"id":"gen9vgc2023regulationc-1863828342","p1":"j4ce","p2":"Applejacks15","format":"[Gen 9] VGC 2023 Regulation C","log":"|j|\u2606j4ce\n|j|\u2606Applejacks15\n|t:|1684082680\n|gametype|doubles\n|player|p1|j4ce|1|\n|player|p2|Applejacks15|supernerd|\n|teamsize|p1|6\n|teamsize|p2|6\n|gen|9\n|tier|[Gen 9] VGC 2023 Regulation C\n|rule|Species Clause: Limit one of each Pok\u00e9mon\n|rule|Item Clause: Limit one of each item\n|clearpoke\n|poke|p1|Florges, L50, F|\n|poke|p1|Donphan, L50, M|\n|poke|p1|Zoroark, L50, M|\n|poke|p1|Stonjourner, L50, M|\n|poke|p1|Stantler, L50, M|\n|poke|p1|Forretress, L50, F|\n|poke|p2|Sandaconda, L50, F|\n|poke|p2|Seviper, L50, F|\n|poke|p2|Banette, L50, M|\n|poke|p2|Lycanroc-Dusk, L50, M|\n|poke|p2|Rotom-Fan, L50|\n|poke|p2|Bruxish, L50, F|\n|teampreview|4\n|c|\u2606j4ce|g2\nj4ce rejected open team sheets.\n|c|\u2606j4ce|glhf!\n|c|\u2606Applejacks15|glhf x2!\n|\n|t:|1684083432\n|start\n|switch|p1a: Staghorn Fern|Stantler, L50, M|100\/100\n|switch|p1b: Hyacinth|Florges, L50, F, shiny|100\/100\n|switch|p2a: imabigfan|Rotom-Fan, L50|100\/100\n|switch|p2b: imaslitherysnake|Sandaconda, L50, F|100\/100\n|-ability|p1a: Staghorn Fern|Intimidate|boost\n|-unboost|p2a: imabigfan|atk|1\n|-unboost|p2b: imaslitherysnake|atk|1\n|turn|1\n|\n|t:|1684083477\n|switch|p1a: Dirt|Stonjourner, L50, M|100\/100\n|move|p2a: imabigfan|Discharge|p1a: Dirt|[spread] p1a,p1b\n|-immune|p2b: imaslitherysnake\n|-damage|p1a: Dirt|37\/100\n|-damage|p1b: Hyacinth|77\/100\n|move|p1b: Hyacinth|Dazzling Gleam|p2a: imabigfan|[spread] p2a,p2b\n|-damage|p2a: imabigfan|53\/100\n|-damage|p2b: imaslitherysnake|32\/100\n|move|p2b: imaslitherysnake|Glare|p1b: Hyacinth\n|-status|p1b: Hyacinth|par\n|\n|upkeep\n|turn|2\n|\n|t:|1684083508\n|move|p1a: Dirt|Protect|p1a: Dirt\n|-singleturn|p1a: Dirt|Protect\n|move|p2a: imabigfan|Discharge|p1b: Hyacinth|[spread] p1b\n|-activate|p1a: Dirt|move: Protect\n|-immune|p2b: imaslitherysnake\n|-damage|p1b: Hyacinth|55\/100 par\n|move|p2b: imaslitherysnake|Earthquake|p1a: Dirt|[spread] p1b\n|-activate|p1a: Dirt|move: Protect\n|-immune|p2a: imabigfan\n|-damage|p1b: Hyacinth|4\/100 par\n|-damage|p2b: imaslitherysnake|22\/100|[from] item: Life Orb\n|move|p1b: Hyacinth|Dazzling Gleam|p2b: imaslitherysnake|[spread] p2a,p2b\n|-damage|p2a: imabigfan|6\/100\n|-damage|p2b: imaslitherysnake|0 fnt\n|faint|p2b: imaslitherysnake\n|\n|upkeep\n|\n|t:|1684083528\n|switch|p2b: imafancyfish|Bruxish, L50, F|100\/100\n|turn|3\n|\n|t:|1684083544\n|move|p2b: imafancyfish|Protect|p2b: imafancyfish\n|-singleturn|p2b: imafancyfish|Protect\n|move|p1a: Dirt|Protect||[still]\n|-fail|p1a: Dirt\n|move|p2a: imabigfan|Discharge|p1b: Hyacinth|[spread] p1a,p1b\n|-activate|p2b: imafancyfish|move: Protect\n|-damage|p1a: Dirt|0 fnt\n|-damage|p1b: Hyacinth|0 fnt\n|faint|p1a: Dirt\n|faint|p1b: Hyacinth\n|\n|upkeep\n|\n|t:|1684083550\n|switch|p1b: Chestnut|Forretress, L50, F|100\/100\n|switch|p1a: Staghorn Fern|Stantler, L50, M|100\/100\n|-ability|p1a: Staghorn Fern|Intimidate|boost\n|-unboost|p2a: imabigfan|atk|1\n|-unboost|p2b: imafancyfish|atk|1\n|turn|4\n|\n|t:|1684083584\n|switch|p2a: imasneakysnake|Seviper, L50, F|100\/100\n|-terastallize|p1b: Chestnut|Electric\n|move|p2b: imafancyfish|Taunt|p1a: Staghorn Fern\n|-start|p1a: Staghorn Fern|move: Taunt\n|move|p1b: Chestnut|Iron Defense|p1b: Chestnut\n|-boost|p1b: Chestnut|def|2\n|cant|p1a: Staghorn Fern|move: Taunt|Trick Room\n|\n|upkeep\n|turn|5\n|\n|t:|1684083651\n|move|p2b: imafancyfish|Wave Crash|p1a: Staghorn Fern\n|-damage|p1a: Staghorn Fern|70\/100\n|-damage|p2b: imafancyfish|88\/100|[from] Recoil\n|move|p2a: imasneakysnake|Sludge Bomb|p1b: Chestnut\n|-damage|p1b: Chestnut|61\/100\n|move|p1a: Staghorn Fern|Double-Edge|p2a: imasneakysnake\n|-damage|p2a: imasneakysnake|35\/100\n|-damage|p1a: Staghorn Fern|50\/100|[from] Recoil\n|move|p1b: Chestnut|Body Press|p2a: imasneakysnake\n|-resisted|p2a: imasneakysnake\n|-damage|p2a: imasneakysnake|0 fnt\n|faint|p2a: imasneakysnake\n|\n|-heal|p1b: Chestnut|67\/100|[from] item: Leftovers\n|upkeep\n|\n|t:|1684083666\n|switch|p2a: imabigfan|Rotom-Fan, L50|6\/100\n|turn|6\n|\n|t:|1684083693\n|-terastallize|p2a: imabigfan|Ice\n|move|p2a: imabigfan|Tera Blast|p1b: Chestnut\n|-damage|p1b: Chestnut|29\/100\n|move|p2b: imafancyfish|Wave Crash|p1b: Chestnut\n|-damage|p1b: Chestnut|11\/100\n|-damage|p2b: imafancyfish|81\/100|[from] Recoil\n|move|p1a: Staghorn Fern|Double-Edge|p2a: imabigfan\n|-damage|p2a: imabigfan|0 fnt\n|faint|p2a: imabigfan\n|-damage|p1a: Staghorn Fern|49\/100|[from] Recoil\n|move|p1b: Chestnut|Body Press|p2b: imafancyfish\n|-resisted|p2b: imafancyfish\n|-damage|p2b: imafancyfish|39\/100\n|\n|-heal|p1b: Chestnut|18\/100|[from] item: Leftovers\n|-end|p1a: Staghorn Fern|move: Taunt\n|upkeep\n|turn|7\n|\n|t:|1684083760\n|move|p2b: imafancyfish|Wave Crash|p1b: Chestnut\n|-damage|p1b: Chestnut|0 fnt\n|faint|p1b: Chestnut\n|-damage|p2b: imafancyfish|32\/100|[from] Recoil\n|move|p1a: Staghorn Fern|Double-Edge|p2b: imafancyfish\n|-damage|p2b: imafancyfish|0 fnt\n|faint|p2b: imafancyfish\n|-damage|p1a: Staghorn Fern|40\/100|[from] Recoil\n|\n|win|j4ce\n|c|\u2606Applejacks15|gg!\n|c|\u2606j4ce|gg!\n|c|\u2606j4ce|g3 for fun?\n","uploadtime":1684083796,"views":17,"p1id":"j4ce","p2id":"applejacks15","formatid":"gen9vgc2023regulationc","rating":0,"private":0,"password":""}