{"id":"gen9vgc2023regulationc-1844865319","p1":"WE SilentVGC","p2":"YouSlakingBro","format":"[Gen 9] VGC 2023 Regulation C","log":"|j|\u2606WE SilentVGC\n|j|\u2606YouSlakingBro\n|t:|1681658078\n|gametype|doubles\n|player|p1|WE SilentVGC|drayden|1196\n|player|p2|YouSlakingBro|2|1292\n|teamsize|p1|6\n|teamsize|p2|6\n|gen|9\n|tier|[Gen 9] VGC 2023 Regulation C\n|rated|\n|rule|Species Clause: Limit one of each Pok\u00e9mon\n|rule|Item Clause: Limit one of each item\n|clearpoke\n|poke|p1|Iron Bundle, L50|\n|poke|p1|Iron Moth, L50|\n|poke|p1|Pachirisu, L50, F|\n|poke|p1|Tinkaton, L50, F|\n|poke|p1|Gyarados, L50, F|\n|poke|p1|Wo-Chien, L50|\n|poke|p2|Indeedee-F, L50, F|\n|poke|p2|Hatterene, L50, F|\n|poke|p2|Torkoal, L50, M|\n|poke|p2|Iron Hands, L50|\n|poke|p2|Brute Bonnet, L50|\n|poke|p2|Chi-Yu, L50|\n|teampreview|4\n|j| Rage Fish\n|\n|t:|1681658129\n|start\n|switch|p1a: Crimson|Iron Moth, L50, shiny|100\/100\n|switch|p1b: Tinkaton|Tinkaton, L50, F|100\/100\n|switch|p2a: Indeedee|Indeedee-F, L50, F|100\/100\n|switch|p2b: Hatterene|Hatterene, L50, F|100\/100\n|-ability|p1b: Tinkaton|Mold Breaker\n|-fieldstart|move: Psychic Terrain|[from] ability: Psychic Surge|[of] p2a: Indeedee\n|-enditem|p2a: Indeedee|Psychic Seed\n|-boost|p2a: Indeedee|spd|1|[from] item: Psychic Seed\n|turn|1\n|inactive|Battle timer is ON: inactive players will automatically lose when time's up. (requested by WE SilentVGC)\n|\n|t:|1681658145\n|move|p1b: Tinkaton|Helping Hand|p1a: Crimson\n|-singleturn|p1a: Crimson|Helping Hand|[of] p1b: Tinkaton\n|move|p2b: Hatterene|Protect|p2b: Hatterene\n|-singleturn|p2b: Hatterene|Protect\n|move|p1a: Crimson|Sludge Wave|p2a: Indeedee|[spread] p2a\n|-activate|p2b: Hatterene|move: Protect\n|-immune|p1b: Tinkaton\n|-damage|p2a: Indeedee|51\/100\n|-damage|p1a: Crimson|91\/100|[from] item: Life Orb\n|move|p2a: Indeedee|Trick Room|p2a: Indeedee\n|-fieldstart|move: Trick Room|[of] p2a: Indeedee\n|\n|upkeep\n|turn|2\n|\n|t:|1681658162\n|move|p1a: Crimson|Protect|p1a: Crimson\n|-singleturn|p1a: Crimson|Protect\n|move|p2a: Indeedee|Follow Me|p2a: Indeedee\n|-singleturn|p2a: Indeedee|move: Follow Me\n|move|p2b: Hatterene|Psychic|p1a: Crimson\n|-activate|p1a: Crimson|move: Protect\n|move|p1b: Tinkaton|Gigaton Hammer|p2a: Indeedee\n|-damage|p2a: Indeedee|4\/100\n|\n|upkeep\n|turn|3\n|\n|t:|1681658180\n|-terastallize|p1a: Crimson|Grass\n|move|p2a: Indeedee|Helping Hand|p2b: Hatterene\n|-singleturn|p2b: Hatterene|Helping Hand|[of] p2a: Indeedee\n|move|p1b: Tinkaton|Helping Hand|p1a: Crimson\n|-singleturn|p1a: Crimson|Helping Hand|[of] p1b: Tinkaton\n|move|p2b: Hatterene|Psychic|p1b: Tinkaton\n|-resisted|p1b: Tinkaton\n|-damage|p1b: Tinkaton|41\/100\n|-damage|p2b: Hatterene|91\/100|[from] item: Life Orb\n|move|p1a: Crimson|Sludge Wave|p2a: Indeedee|[spread] p2a,p2b\n|-immune|p1b: Tinkaton\n|-supereffective|p2b: Hatterene\n|-damage|p2a: Indeedee|0 fnt\n|-damage|p2b: Hatterene|0 fnt\n|faint|p2a: Indeedee\n|faint|p2b: Hatterene\n|-damage|p1a: Crimson|82\/100|[from] item: Life Orb\n|\n|upkeep\n|\n|t:|1681658184\n|switch|p2b: Iron Hands|Iron Hands, L50|100\/100\n|switch|p2a: Torkoal|Torkoal, L50, M|100\/100\n|-weather|SunnyDay|[from] ability: Drought|[of] p2a: Torkoal\n|-enditem|p2b: Iron Hands|Booster Energy\n|-activate|p2b: Iron Hands|ability: Quark Drive|[fromitem]\n|-start|p2b: Iron Hands|quarkdriveatk\n|turn|4\n|inactive|WE SilentVGC has 30 seconds left.\n|\n|t:|1681658211\n|-terastallize|p2a: Torkoal|Fire\n|move|p1a: Crimson|Protect|p1a: Crimson\n|-singleturn|p1a: Crimson|Protect\n|move|p2a: Torkoal|Eruption|p1b: Tinkaton|[spread] p1b\n|-activate|p1a: Crimson|move: Protect\n|-supereffective|p1b: Tinkaton\n|-enditem|p1b: Tinkaton|Occa Berry|[eat]\n|-enditem|p1b: Tinkaton|Occa Berry|[weaken]\n|-damage|p1b: Tinkaton|0 fnt\n|faint|p1b: Tinkaton\n|move|p2b: Iron Hands|Swords Dance|p2b: Iron Hands\n|-boost|p2b: Iron Hands|atk|2\n|\n|-weather|SunnyDay|[upkeep]\n|upkeep\n|\n|t:|1681658224\n|switch|p1b: Iron Bundle|Iron Bundle, L50|100\/100\n|turn|5\n|\n|t:|1681658242\n|move|p1a: Crimson|Protect||[still]\n|-fail|p1a: Crimson\n|move|p1b: Iron Bundle|Protect|p1b: Iron Bundle\n|-singleturn|p1b: Iron Bundle|Protect\n|move|p2a: Torkoal|Eruption|p1a: Crimson|[spread] p1a\n|-activate|p1b: Iron Bundle|move: Protect\n|-supereffective|p1a: Crimson\n|-damage|p1a: Crimson|0 fnt\n|faint|p1a: Crimson\n|-end|p1a: Crimson|Quark Drive|[silent]\n|move|p2b: Iron Hands|Drain Punch|p1b: Iron Bundle\n|-activate|p1b: Iron Bundle|move: Protect\n|\n|-weather|SunnyDay|[upkeep]\n|-fieldend|move: Trick Room\n|-fieldend|move: Psychic Terrain\n|upkeep\n|\n|t:|1681658255\n|switch|p1a: Gyarados|Gyarados, L50, F, shiny|100\/100\n|turn|6\n|\n|t:|1681658263\n|move|p1b: Iron Bundle|Freeze-Dry|p2b: Iron Hands\n|-damage|p2b: Iron Hands|72\/100\n|move|p1a: Gyarados|Earthquake|p2b: Iron Hands|[spread] p1b,p2a,p2b\n|-supereffective|p2a: Torkoal\n|-supereffective|p2b: Iron Hands\n|-damage|p1b: Iron Bundle|75\/100\n|-damage|p2a: Torkoal|65\/100\n|-damage|p2b: Iron Hands|40\/100\n|move|p2b: Iron Hands|Thunder Punch|p1b: Iron Bundle\n|-supereffective|p1b: Iron Bundle\n|-damage|p1b: Iron Bundle|0 fnt\n|faint|p1b: Iron Bundle\n|-end|p1b: Iron Bundle|Quark Drive|[silent]\n|move|p2a: Torkoal|Eruption|p1a: Gyarados\n|-resisted|p1a: Gyarados\n|-damage|p1a: Gyarados|44\/100\n|\n|-weather|SunnyDay|[upkeep]\n|upkeep\n|turn|7\n|\n|t:|1681658281\n|move|p2b: Iron Hands|Protect|p2b: Iron Hands\n|-singleturn|p2b: Iron Hands|Protect\n|move|p1a: Gyarados|Earthquake|p2b: Iron Hands|[spread] p2a\n|-activate|p2b: Iron Hands|move: Protect\n|-supereffective|p2a: Torkoal\n|-damage|p2a: Torkoal|32\/100\n|move|p2a: Torkoal|Eruption|p1a: Gyarados\n|-resisted|p1a: Gyarados\n|-damage|p1a: Gyarados|17\/100\n|\n|-weather|SunnyDay|[upkeep]\n|upkeep\n|turn|8\n|\n|t:|1681658292\n|move|p1a: Gyarados|Earthquake|p2b: Iron Hands|[spread] p2a,p2b\n|-supereffective|p2a: Torkoal\n|-supereffective|p2b: Iron Hands\n|-damage|p2a: Torkoal|0 fnt\n|-damage|p2b: Iron Hands|9\/100\n|faint|p2a: Torkoal\n|-ability|p1a: Gyarados|Moxie|boost\n|-boost|p1a: Gyarados|atk|1\n|move|p2b: Iron Hands|Thunder Punch|p1a: Gyarados\n|-supereffective|p1a: Gyarados\n|-damage|p1a: Gyarados|0 fnt\n|faint|p1a: Gyarados\n|\n|win|YouSlakingBro\n|raw|WE SilentVGC's rating: 1196 → 1178<\/strong> (-18 for losing)\n|raw|YouSlakingBro's rating: 1292 → 1310<\/strong> (+18 for winning)\n","uploadtime":1681658303,"views":20,"p1id":"wesilentvgc","p2id":"youslakingbro","formatid":"gen9vgc2023regulationc","rating":1178,"private":0,"password":""}