{"id":"gen9vgc2023regulationc-1847292580","p1":"Chicosospechas","p2":"Solanor","format":"[Gen 9] VGC 2023 Regulation C","log":"|j|\u2606Chicosospechas\n|j|\u2606Solanor\n|t:|1681935397\n|gametype|doubles\n|player|p1|Chicosospechas|lance|1421\n|player|p2|Solanor|ltsurge|1413\n|teamsize|p1|6\n|teamsize|p2|6\n|gen|9\n|tier|[Gen 9] VGC 2023 Regulation C\n|rated|\n|rule|Species Clause: Limit one of each Pok\u00e9mon\n|rule|Item Clause: Limit one of each item\n|clearpoke\n|poke|p1|Dondozo, L50, F|\n|poke|p1|Tatsugiri, L50, M|\n|poke|p1|Chi-Yu, L50|\n|poke|p1|Flutter Mane, L50|\n|poke|p1|Dragonite, L50, F|\n|poke|p1|Kingambit, L50, F|\n|poke|p2|Dondozo, L50, M|\n|poke|p2|Tatsugiri, L50, F|\n|poke|p2|Pelipper, L50, F|\n|poke|p2|Palafin, L50, M|\n|poke|p2|Iron Bundle, L50|\n|poke|p2|Drednaw, L50, M|\n|teampreview|4\n|inactive|Battle timer is ON: inactive players will automatically lose when time's up. (requested by Solanor)\nChicosospechas has agreed to open team sheets.\n|\n|t:|1681935412\n|start\n|switch|p1a: Er Coleta|Flutter Mane, L50|100\/100\n|switch|p1b: Pezque\u00f1in|Chi-Yu, L50|100\/100\n|switch|p2a: Dondozo|Dondozo, L50, M|100\/100\n|switch|p2b: Palafin|Palafin, L50, M|100\/100\n|-ability|p1b: Pezque\u00f1in|Beads of Ruin\n|-enditem|p1a: Er Coleta|Booster Energy\n|-activate|p1a: Er Coleta|ability: Protosynthesis|[fromitem]\n|-start|p1a: Er Coleta|protosynthesisspa\n|turn|1\n|\n|t:|1681935429\n|detailschange|p2b: Palafin|Palafin-Hero, L50, M\n|switch|p2b: Pelipper|Pelipper, L50, F|100\/100\n|-weather|RainDance|[from] ability: Drizzle|[of] p2b: Pelipper\n|-terastallize|p1a: Er Coleta|Fairy\n|move|p2a: Dondozo|Protect|p2a: Dondozo\n|-singleturn|p2a: Dondozo|Protect\n|move|p1a: Er Coleta|Moonblast|p2b: Pelipper\n|-enditem|p2b: Pelipper|Focus Sash\n|-damage|p2b: Pelipper|1\/100\n|move|p1b: Pezque\u00f1in|Dark Pulse|p2a: Dondozo\n|-activate|p2a: Dondozo|move: Protect\n|\n|-weather|RainDance|[upkeep]\n|upkeep\n|turn|2\n|inactive|Solanor has 30 seconds left.\n|inactive|Chicosospechas has 30 seconds left.\n|inactive|Solanor has 20 seconds left.\n|\n|t:|1681935476\n|switch|p2b: Tatsugiri|Tatsugiri, L50, F|100\/100\n|-activate|p2b: Tatsugiri|ability: Commander|[of] p2a: Dondozo\n|-boost|p2a: Dondozo|atk|2\n|-boost|p2a: Dondozo|spa|2\n|-boost|p2a: Dondozo|spe|2\n|-boost|p2a: Dondozo|def|2\n|-boost|p2a: Dondozo|spd|2\n|move|p1a: Er Coleta|Protect|p1a: Er Coleta\n|-singleturn|p1a: Er Coleta|Protect\n|move|p2a: Dondozo|Wave Crash|p1a: Er Coleta\n|-activate|p1a: Er Coleta|move: Protect\n|move|p1b: Pezque\u00f1in|Heat Wave|p2a: Dondozo|[spread] p2a\n|-miss|p1b: Pezque\u00f1in|p2b: Tatsugiri\n|-resisted|p2a: Dondozo\n|-damage|p2a: Dondozo|94\/100\n|\n|-weather|RainDance|[upkeep]\n|upkeep\n|turn|3\n|\n|t:|1681935495\n|move|p2a: Dondozo|Surf|p1b: Pezque\u00f1in|[spread] p1a,p1b\n|-miss|p2a: Dondozo|p2b: Tatsugiri\n|-supereffective|p1b: Pezque\u00f1in\n|-damage|p1a: Er Coleta|0 fnt\n|-enditem|p1b: Pezque\u00f1in|Focus Sash\n|-damage|p1b: Pezque\u00f1in|1\/100\n|faint|p1a: Er Coleta\n|-end|p1a: Er Coleta|Protosynthesis|[silent]\n|-damage|p2a: Dondozo|84\/100|[from] item: Life Orb\n|move|p1b: Pezque\u00f1in|Dark Pulse|p2a: Dondozo\n|-damage|p2a: Dondozo|52\/100\n|\n|-weather|RainDance|[upkeep]\n|upkeep\n|\n|t:|1681935500\n|switch|p1a: Big Dozo|Dondozo, L50, F|100\/100\n|turn|4\n|\n|t:|1681935513\n|move|p1b: Pezque\u00f1in|Protect|p1b: Pezque\u00f1in\n|-singleturn|p1b: Pezque\u00f1in|Protect\n|move|p2a: Dondozo|Surf|p1b: Pezque\u00f1in|[spread] p1a\n|-miss|p2a: Dondozo|p2b: Tatsugiri\n|-activate|p1b: Pezque\u00f1in|move: Protect\n|-resisted|p1a: Big Dozo\n|-damage|p1a: Big Dozo|41\/100\n|-damage|p2a: Dondozo|42\/100|[from] item: Life Orb\n|move|p1a: Big Dozo|Wave Crash|p2a: Dondozo\n|-resisted|p2a: Dondozo\n|-damage|p2a: Dondozo|22\/100\n|-damage|p1a: Big Dozo|35\/100|[from] Recoil\n|-damage|p1a: Big Dozo|25\/100|[from] item: Life Orb\n|\n|-weather|RainDance|[upkeep]\n|upkeep\n|turn|5\n|\n|t:|1681935527\n|switch|p1b: Lil Giri|Tatsugiri, L50, M|100\/100\n|-activate|p1b: Lil Giri|ability: Commander|[of] p1a: Big Dozo\n|-boost|p1a: Big Dozo|atk|2\n|-boost|p1a: Big Dozo|spa|2\n|-boost|p1a: Big Dozo|spe|2\n|-boost|p1a: Big Dozo|def|2\n|-boost|p1a: Big Dozo|spd|2\n|move|p2a: Dondozo|Surf|p1a: Big Dozo|[spread] p1a\n|-miss|p2a: Dondozo|p2b: Tatsugiri\n|-miss|p2a: Dondozo|p1b: Lil Giri\n|-resisted|p1a: Big Dozo\n|-damage|p1a: Big Dozo|0 fnt\n|faint|p1a: Big Dozo\n|-damage|p2a: Dondozo|12\/100|[from] item: Life Orb\n|\n|-weather|none\n|upkeep\n|\n|t:|1681935530\n|switch|p1a: Pezque\u00f1in|Chi-Yu, L50|1\/100\n|-ability|p1a: Pezque\u00f1in|Beads of Ruin\n|turn|6\n|inactive|Solanor has 30 seconds left.\n|\n|t:|1681935559\n|move|p2a: Dondozo|Protect|p2a: Dondozo\n|-singleturn|p2a: Dondozo|Protect\n|move|p1b: Lil Giri|Draco Meteor|p2a: Dondozo\n|-activate|p2a: Dondozo|move: Protect\n|move|p1a: Pezque\u00f1in|Dark Pulse|p2b: Tatsugiri|[miss]\n|-miss|p1a: Pezque\u00f1in|p2b: Tatsugiri\n|\n|upkeep\n|turn|7\n|\n|t:|1681935568\n|move|p1b: Lil Giri|Draco Meteor|p2a: Dondozo|[miss]\n|-miss|p1b: Lil Giri|p2a: Dondozo\n|move|p2a: Dondozo|Surf|p1a: Pezque\u00f1in|[spread] p1a,p1b\n|-miss|p2a: Dondozo|p2b: Tatsugiri\n|-supereffective|p1a: Pezque\u00f1in\n|-crit|p1a: Pezque\u00f1in\n|-resisted|p1b: Lil Giri\n|-damage|p1a: Pezque\u00f1in|0 fnt\n|-damage|p1b: Lil Giri|76\/100\n|faint|p1a: Pezque\u00f1in\n|-damage|p2a: Dondozo|3\/100|[from] item: Life Orb\n|\n|upkeep\n|turn|8\n|-message|Chicosospechas forfeited.\n|\n|win|Solanor\n|raw|Chicosospechas's rating: 1421 → 1401<\/strong> (-20 for losing)\n|raw|Solanor's rating: 1413 → 1433<\/strong> (+20 for winning)\n","uploadtime":1681935597,"views":13,"p1id":"chicosospechas","p2id":"solanor","formatid":"gen9vgc2023regulationc","rating":1401,"private":0,"password":""}