{"id":"gen9vgc2023regulationc-1845952327","p1":"Zucmpall","p2":"peytoncookie","format":"[Gen 9] VGC 2023 Regulation C","log":"|j|\u2606Zucmpall\n|j|\u2606peytoncookie\n|t:|1681783148\n|gametype|doubles\n|player|p1|Zucmpall|170|1193\n|player|p2|peytoncookie|ninjaboy|1272\n|teamsize|p1|6\n|teamsize|p2|6\n|gen|9\n|tier|[Gen 9] VGC 2023 Regulation C\n|rated|\n|rule|Species Clause: Limit one of each Pok\u00e9mon\n|rule|Item Clause: Limit one of each item\n|clearpoke\n|poke|p1|Volcarona, L50, M|\n|poke|p1|Gyarados, L50, M|\n|poke|p1|Flutter Mane, L50|\n|poke|p1|Brute Bonnet, L50|\n|poke|p1|Great Tusk, L50|\n|poke|p1|Murkrow, L50, F|\n|poke|p2|Gothitelle, L50, M|\n|poke|p2|Scream Tail, L50|\n|poke|p2|Arcanine, L50, M|\n|poke|p2|Ting-Lu, L50|\n|poke|p2|Flutter Mane, L50|\n|poke|p2|Palafin, L50, M|\n|teampreview|4\npeytoncookie has agreed to open team sheets.\n|\n|t:|1681783202\n|start\n|switch|p1a: Badwish|Murkrow, L50, F|100\/100\n|switch|p1b: Gyarados|Gyarados, L50, M, shiny|100\/100\n|switch|p2a: Gothitelle|Gothitelle, L50, M|100\/100\n|switch|p2b: Palafin|Palafin, L50, M|100\/100\n|-ability|p1b: Gyarados|Intimidate|boost\n|-unboost|p2a: Gothitelle|atk|1\n|-unboost|p2b: Palafin|atk|1\n|turn|1\n|\n|t:|1681783229\n|detailschange|p2b: Palafin|Palafin-Hero, L50, M\n|switch|p2b: Scream Tail|Scream Tail, L50, shiny|100\/100\n|-enditem|p2b: Scream Tail|Booster Energy\n|-activate|p2b: Scream Tail|ability: Protosynthesis|[fromitem]\n|-start|p2b: Scream Tail|protosynthesisspe\n|move|p2a: Gothitelle|Fake Out|p1a: Badwish\n|-damage|p1a: Badwish|97\/100\n|cant|p1a: Badwish|flinch\n|move|p1b: Gyarados|Thunder Wave|p2b: Scream Tail\n|-status|p2b: Scream Tail|par\n|\n|upkeep\n|turn|2\n|\n|t:|1681783257\n|move|p1b: Gyarados|Protect|p1b: Gyarados\n|-singleturn|p1b: Gyarados|Protect\n|move|p2a: Gothitelle|Protect|p2a: Gothitelle\n|-singleturn|p2a: Gothitelle|Protect\n|move|p1a: Badwish|Taunt|p2b: Scream Tail\n|-start|p2b: Scream Tail|move: Taunt\n|cant|p2b: Scream Tail|move: Taunt|Perish Song\n|\n|upkeep\n|turn|3\n|\n|t:|1681783286\n|move|p2b: Scream Tail|Play Rough|p1a: Badwish\n|-supereffective|p1a: Badwish\n|-damage|p1a: Badwish|49\/100\n|-unboost|p1a: Badwish|atk|1\n|move|p1b: Gyarados|Waterfall|p2a: Gothitelle\n|-damage|p2a: Gothitelle|73\/100\n|move|p1a: Badwish|Foul Play|p2a: Gothitelle\n|-supereffective|p2a: Gothitelle\n|-damage|p2a: Gothitelle|53\/100\n|move|p2a: Gothitelle|Psychic|p1b: Gyarados\n|-damage|p1b: Gyarados|75\/100\n|-unboost|p1b: Gyarados|spd|1\n|\n|upkeep\n|turn|4\n|\n|t:|1681783316\n|move|p1b: Gyarados|Protect|p1b: Gyarados\n|-singleturn|p1b: Gyarados|Protect\n|move|p2a: Gothitelle|Protect|p2a: Gothitelle\n|-singleturn|p2a: Gothitelle|Protect\n|move|p1a: Badwish|Haze|p1a: Badwish\n|-clearallboost\n|move|p2b: Scream Tail|Play Rough|p1a: Badwish\n|-supereffective|p1a: Badwish\n|-damage|p1a: Badwish|1\/100\n|\n|-end|p2b: Scream Tail|move: Taunt\n|upkeep\n|turn|5\n|\n|t:|1681783345\n|move|p1a: Badwish|Taunt|p2b: Scream Tail\n|-start|p2b: Scream Tail|move: Taunt\n|move|p2b: Scream Tail|Play Rough|p1a: Badwish\n|-supereffective|p1a: Badwish\n|-damage|p1a: Badwish|0 fnt\n|faint|p1a: Badwish\n|move|p1b: Gyarados|Waterfall|p2a: Gothitelle\n|-damage|p2a: Gothitelle|23\/100\n|-enditem|p2a: Gothitelle|Sitrus Berry|[eat]\n|-heal|p2a: Gothitelle|48\/100|[from] item: Sitrus Berry\n|cant|p2a: Gothitelle|flinch\n|\n|upkeep\n|\n|t:|1681783363\n|switch|p1a: Flutter Mane|Flutter Mane, L50|100\/100\n|turn|6\n|\n|t:|1681783381\n|-terastallize|p1a: Flutter Mane|Ghost\n|move|p1a: Flutter Mane|Shadow Ball|p2b: Scream Tail\n|-supereffective|p2b: Scream Tail\n|-damage|p2b: Scream Tail|0 fnt\n|faint|p2b: Scream Tail\n|-end|p2b: Scream Tail|Protosynthesis|[silent]\n|move|p1b: Gyarados|Iron Head|p2a: Gothitelle\n|-damage|p2a: Gothitelle|30\/100\n|cant|p2a: Gothitelle|flinch\n|\n|upkeep\n|\n|t:|1681783393\n|switch|p2b: Flutter Mane|Flutter Mane, L50|100\/100\n|turn|7\n|\n|t:|1681783406\n|move|p2b: Flutter Mane|Protect|p2b: Flutter Mane\n|-singleturn|p2b: Flutter Mane|Protect\n|move|p1a: Flutter Mane|Shadow Ball|p2a: Gothitelle\n|-supereffective|p2a: Gothitelle\n|-damage|p2a: Gothitelle|0 fnt\n|faint|p2a: Gothitelle\n|move|p1b: Gyarados|Thunder Wave|p2b: Flutter Mane\n|-activate|p2b: Flutter Mane|move: Protect\n|\n|upkeep\n|\n|t:|1681783420\n|switch|p2a: Palafin|Palafin-Hero, L50, M|100\/100\n|-activate|p2a: Palafin|ability: Zero to Hero\n|turn|8\n|\n|t:|1681783450\n|-terastallize|p2a: Palafin|Water\n|move|p2a: Palafin|Jet Punch|p1a: Flutter Mane\n|-damage|p1a: Flutter Mane|0 fnt\n|faint|p1a: Flutter Mane\n|-end|p1a: Flutter Mane|Protosynthesis|[silent]\n|move|p2b: Flutter Mane|Shadow Ball|p1b: Gyarados\n|-damage|p1b: Gyarados|39\/100\n|-enditem|p1b: Gyarados|Sitrus Berry|[eat]\n|-heal|p1b: Gyarados|64\/100|[from] item: Sitrus Berry\n|move|p1b: Gyarados|Iron Head|p2b: Flutter Mane\n|-supereffective|p2b: Flutter Mane\n|-enditem|p2b: Flutter Mane|Focus Sash\n|-damage|p2b: Flutter Mane|1\/100\n|\n|upkeep\n|\n|t:|1681783468\n|switch|p1a: Brute Bonnet|Brute Bonnet, L50|100\/100\n|-enditem|p1a: Brute Bonnet|Booster Energy\n|-activate|p1a: Brute Bonnet|ability: Protosynthesis|[fromitem]\n|-start|p1a: Brute Bonnet|protosynthesisatk\n|turn|9\n|\n|t:|1681783500\n|move|p2b: Flutter Mane|Protect|p2b: Flutter Mane\n|-singleturn|p2b: Flutter Mane|Protect\n|move|p1a: Brute Bonnet|Sucker Punch||[still]\n|-fail|p1a: Brute Bonnet\n|move|p2a: Palafin|Wave Crash|p1b: Gyarados\n|-resisted|p1b: Gyarados\n|-damage|p1b: Gyarados|5\/100\n|-damage|p2a: Palafin|81\/100|[from] Recoil\n|move|p1b: Gyarados|Thunder Wave|p2a: Palafin\n|-status|p2a: Palafin|par\n|\n|upkeep\n|turn|10\n|\n|t:|1681783523\n|move|p2b: Flutter Mane|Protect||[still]\n|-fail|p2b: Flutter Mane\n|move|p1b: Gyarados|Protect|p1b: Gyarados\n|-singleturn|p1b: Gyarados|Protect\n|move|p1a: Brute Bonnet|Sucker Punch||[still]\n|-fail|p1a: Brute Bonnet\n|cant|p2a: Palafin|par\n|\n|upkeep\n|turn|11\n|\n|t:|1681783553\n|move|p2b: Flutter Mane|Protect|p2b: Flutter Mane\n|-singleturn|p2b: Flutter Mane|Protect\n|move|p2a: Palafin|Jet Punch|p1b: Gyarados\n|-resisted|p1b: Gyarados\n|-damage|p1b: Gyarados|0 fnt\n|faint|p1b: Gyarados\n|move|p1a: Brute Bonnet|Seed Bomb|p2a: Palafin\n|-supereffective|p2a: Palafin\n|-damage|p2a: Palafin|0 fnt\n|faint|p2a: Palafin\n|\n|upkeep\n|turn|12\n|\n|t:|1681783568\n|move|p1a: Brute Bonnet|Sucker Punch||[still]\n|-fail|p1a: Brute Bonnet\n|move|p2b: Flutter Mane|Perish Song|p2b: Flutter Mane\n|-start|p1a: Brute Bonnet|perish3|[silent]\n|-start|p2b: Flutter Mane|perish3|[silent]\n|-fieldactivate|move: Perish Song\n|\n|-start|p2b: Flutter Mane|perish3\n|-start|p1a: Brute Bonnet|perish3\n|upkeep\n|turn|13\n|\n|t:|1681783578\n|move|p2b: Flutter Mane|Protect|p2b: Flutter Mane\n|-singleturn|p2b: Flutter Mane|Protect\n|move|p1a: Brute Bonnet|Seed Bomb|p2b: Flutter Mane\n|-activate|p2b: Flutter Mane|move: Protect\n|\n|-start|p2b: Flutter Mane|perish2\n|-start|p1a: Brute Bonnet|perish2\n|upkeep\n|turn|14\n|\n|t:|1681783586\n|move|p2b: Flutter Mane|Protect||[still]\n|-fail|p2b: Flutter Mane\n|move|p1a: Brute Bonnet|Seed Bomb|p2b: Flutter Mane\n|-damage|p2b: Flutter Mane|0 fnt\n|faint|p2b: Flutter Mane\n|-end|p2b: Flutter Mane|Protosynthesis|[silent]\n|\n|win|Zucmpall\n|raw|Zucmpall's rating: 1193 → 1224<\/strong> (+31 for winning)\n|raw|peytoncookie's rating: 1272 → 1241<\/strong> (-31 for losing)\n|l|\u2606Zucmpall\n","uploadtime":1681785972,"views":7,"p1id":"zucmpall","p2id":"peytoncookie","formatid":"gen9vgc2023regulationc","rating":1224,"private":0,"password":""}