{"id":"gen9vgc2023regulationc-1854083003","p1":"Kaizen5","p2":"subChar","format":"[Gen 9] VGC 2023 Regulation C","log":"|j|\u2606Kaizen5\n|j|\u2606subChar\n|t:|1682766164\n|gametype|doubles\n|player|p1|Kaizen5|2|1115\n|player|p2|subChar|rosa|1159\n|teamsize|p1|6\n|teamsize|p2|6\n|gen|9\n|tier|[Gen 9] VGC 2023 Regulation C\n|rated|\n|rule|Species Clause: Limit one of each Pok\u00e9mon\n|rule|Item Clause: Limit one of each item\n|clearpoke\n|poke|p1|Brute Bonnet, L50|\n|poke|p1|Grimmsnarl, L50, M|\n|poke|p1|Muk, L50, F|\n|poke|p1|Rotom-Heat, L50|\n|poke|p1|Tauros-Paldea-Aqua, L50, M|\n|poke|p1|Espathra, L50, F|\n|poke|p2|Dondozo, L50, F|\n|poke|p2|Tatsugiri, L50, F|\n|poke|p2|Iron Hands, L50|\n|poke|p2|Pincurchin, L50, F|\n|poke|p2|Armarouge, L50, F|\n|poke|p2|Indeedee-F, L50, F|\n|teampreview|4\n|inactive|Battle timer is ON: inactive players will automatically lose when time's up. (requested by subChar)\n|\n|t:|1682766194\n|start\n|switch|p1a: Espathra|Espathra, L50, F, shiny|100\/100\n|switch|p1b: Grimmsnarl|Grimmsnarl, L50, M|100\/100\n|switch|p2a: Man Ray|Armarouge, L50, F|100\/100\n|switch|p2b: Mindy|Indeedee-F, L50, F|100\/100\n|-fieldstart|move: Psychic Terrain|[from] ability: Psychic Surge|[of] p2b: Mindy\n|turn|1\n|inactive|Kaizen5 has 30 seconds left.\n|\n|t:|1682766225\n|move|p2b: Mindy|Follow Me|p2b: Mindy\n|-singleturn|p2b: Mindy|move: Follow Me\n|move|p1b: Grimmsnarl|Light Screen|p1b: Grimmsnarl\n|-sidestart|p1: Kaizen5|move: Light Screen\n|move|p1a: Espathra|Lumina Crash|p2b: Mindy\n|-resisted|p2b: Mindy\n|-damage|p2b: Mindy|71\/100\n|-unboost|p2b: Mindy|spd|2\n|-damage|p1a: Espathra|90\/100|[from] item: Life Orb\n|move|p2a: Man Ray|Trick Room|p2a: Man Ray\n|-fieldstart|move: Trick Room|[of] p2a: Man Ray\n|\n|-ability|p1a: Espathra|Speed Boost|boost\n|-boost|p1a: Espathra|spe|1\n|upkeep\n|turn|2\n|inactive|Kaizen5 has 30 seconds left.\n|\n|t:|1682766252\n|-terastallize|p1a: Espathra|Dark\n|move|p2b: Mindy|Follow Me|p2b: Mindy\n|-singleturn|p2b: Mindy|move: Follow Me\n|move|p2a: Man Ray|Heat Wave|p1a: Espathra|[spread] p1a,p1b\n|-damage|p1a: Espathra|52\/100\n|-damage|p1b: Grimmsnarl|77\/100\n|move|p1b: Grimmsnarl|Spirit Break|p2b: Mindy\n|-damage|p2b: Mindy|43\/100\n|-unboost|p2b: Mindy|spa|1\n|move|p1a: Espathra|Lumina Crash|p2b: Mindy\n|-resisted|p2b: Mindy\n|-damage|p2b: Mindy|0 fnt\n|faint|p2b: Mindy\n|-damage|p1a: Espathra|42\/100|[from] item: Life Orb\n|\n|-ability|p1a: Espathra|Speed Boost|boost\n|-boost|p1a: Espathra|spe|1\n|upkeep\n|\n|t:|1682766268\n|switch|p2b: Iron Hands|Iron Hands, L50|100\/100\n|turn|3\n|\n|t:|1682766280\n|switch|p1a: Tauros|Tauros-Paldea-Aqua, L50, M|100\/100\n|-ability|p1a: Tauros|Intimidate|boost\n|-unboost|p2a: Man Ray|atk|1\n|-unboost|p2b: Iron Hands|atk|1\n|move|p1b: Grimmsnarl|Parting Shot|p2a: Man Ray\n|-activate|p2a: Man Ray|move: Psychic Terrain\n|move|p2b: Iron Hands|Wild Charge|p1b: Grimmsnarl\n|-damage|p1b: Grimmsnarl|39\/100\n|-damage|p2b: Iron Hands|93\/100|[from] Recoil\n|move|p2a: Man Ray|Armor Cannon|p1a: Tauros\n|-resisted|p1a: Tauros\n|-damage|p1a: Tauros|73\/100\n|-unboost|p2a: Man Ray|def|1\n|-unboost|p2a: Man Ray|spd|1\n|\n|upkeep\n|turn|4\n|inactive|Kaizen5 has 30 seconds left.\n|\n|t:|1682766306\n|switch|p2a: Pincurchin|Pincurchin, L50, F|100\/100\n|-fieldstart|move: Electric Terrain|[from] ability: Electric Surge|[of] p2a: Pincurchin\n|-activate|p2b: Iron Hands|ability: Quark Drive\n|-start|p2b: Iron Hands|quarkdriveatk\n|switch|p1a: Muk|Muk, L50, F|100\/100\n|move|p2b: Iron Hands|Wild Charge|p1a: Muk\n|-damage|p1a: Muk|43\/100\n|-damage|p2b: Iron Hands|82\/100|[from] Recoil\n|move|p1b: Grimmsnarl|Spirit Break|p2b: Iron Hands\n|-supereffective|p2b: Iron Hands\n|-damage|p2b: Iron Hands|40\/100\n|-unboost|p2b: Iron Hands|spa|1\n|\n|-heal|p1a: Muk|49\/100|[from] item: Black Sludge\n|upkeep\n|turn|5\n|inactive|subChar has 30 seconds left.\n|inactive|subChar has 20 seconds left.\n|inactive|subChar has 15 seconds left.\n|\n|t:|1682766351\n|move|p1a: Muk|Protect|p1a: Muk\n|-singleturn|p1a: Muk|Protect\n|move|p1b: Grimmsnarl|Reflect|p1b: Grimmsnarl\n|-sidestart|p1: Kaizen5|Reflect\n|move|p2a: Pincurchin|Thunder|p1b: Grimmsnarl|[miss]\n|-miss|p2a: Pincurchin|p1b: Grimmsnarl\n|move|p2b: Iron Hands|Wild Charge|p1a: Muk\n|-activate|p1a: Muk|move: Protect\n|\n|-heal|p1a: Muk|55\/100|[from] item: Black Sludge\n|-fieldend|move: Trick Room\n|upkeep\n|turn|6\n|inactive|Kaizen5 has 30 seconds left.\n|\n|t:|1682766378\n|-end|p2b: Iron Hands|Quark Drive|[silent]\n|switch|p2b: Man Ray|Armarouge, L50, F|100\/100\n|move|p1b: Grimmsnarl|Parting Shot|p2b: Man Ray\n|-unboost|p2b: Man Ray|atk|1\n|-unboost|p2b: Man Ray|spa|1\n|\n|t:|1682766384\n|switch|p1b: Espathra|Espathra, L50, F, shiny, tera:Dark|42\/100|[from] Parting Shot\n|move|p1a: Muk|Curse|p1a: Muk\n|-unboost|p1a: Muk|spe|1\n|-boost|p1a: Muk|atk|1\n|-boost|p1a: Muk|def|1\n|move|p2a: Pincurchin|Thunder|p1a: Muk\n|-damage|p1a: Muk|4\/100\n|-status|p1a: Muk|par\n|-damage|p2a: Pincurchin|91\/100|[from] item: Life Orb\n|\n|-heal|p1a: Muk|10\/100 par|[from] item: Black Sludge\n|upkeep\n|turn|7\n|\n|t:|1682766403\n|move|p1b: Espathra|Protect|p1b: Espathra\n|-singleturn|p1b: Espathra|Protect\n|move|p1a: Muk|Protect|p1a: Muk\n|-singleturn|p1a: Muk|Protect\n|move|p2a: Pincurchin|Thunder|p1b: Espathra\n|-activate|p1b: Espathra|move: Protect\n|move|p2b: Man Ray|Trick Room|p2b: Man Ray\n|-fieldstart|move: Trick Room|[of] p2b: Man Ray\n|\n|-heal|p1a: Muk|16\/100 par|[from] item: Black Sludge\n|-ability|p1b: Espathra|Speed Boost|boost\n|-boost|p1b: Espathra|spe|1\n|upkeep\n|turn|8\n|\n|t:|1682766426\n|switch|p1b: Grimmsnarl|Grimmsnarl, L50, M|39\/100\n|move|p2a: Pincurchin|Thunder|p1b: Grimmsnarl|[miss]\n|-miss|p2a: Pincurchin|p1b: Grimmsnarl\n|move|p1a: Muk|Poison Jab|p2a: Pincurchin\n|-damage|p2a: Pincurchin|25\/100\n|move|p2b: Man Ray|Heat Wave|p1a: Muk|[spread] p1a,p1b\n|-damage|p1a: Muk|0 fnt\n|-damage|p1b: Grimmsnarl|25\/100\n|faint|p1a: Muk\n|\n|-sideend|p1: Kaizen5|move: Light Screen\n|-fieldend|move: Electric Terrain\n|upkeep\n|\n|t:|1682766439\n|switch|p1a: Tauros|Tauros-Paldea-Aqua, L50, M|73\/100\n|-ability|p1a: Tauros|Intimidate|boost\n|-unboost|p2a: Pincurchin|atk|1\n|-unboost|p2b: Man Ray|atk|1\n|turn|9\n|\n|t:|1682766451\n|switch|p2a: Iron Hands|Iron Hands, L50|40\/100\n|move|p1b: Grimmsnarl|Parting Shot|p2b: Man Ray\n|-unboost|p2b: Man Ray|atk|1\n|-unboost|p2b: Man Ray|spa|1\n|\n|t:|1682766456\n|switch|p1b: Espathra|Espathra, L50, F, shiny, tera:Dark|42\/100|[from] Parting Shot\n|move|p1a: Tauros|Aqua Jet|p2a: Iron Hands\n|-crit|p2a: Iron Hands\n|-damage|p2a: Iron Hands|22\/100\n|move|p2b: Man Ray|Heat Wave|p1b: Espathra|[spread] p1a,p1b\n|-resisted|p1a: Tauros\n|-damage|p1a: Tauros|62\/100\n|-damage|p1b: Espathra|10\/100\n|\n|upkeep\n|turn|10\n|inactive|Kaizen5 has 30 seconds left.\n|\n|t:|1682766482\n|switch|p1b: Grimmsnarl|Grimmsnarl, L50, M|25\/100\n|move|p1a: Tauros|Aqua Jet|p2b: Man Ray\n|-supereffective|p2b: Man Ray\n|-damage|p2b: Man Ray|60\/100\n|move|p2a: Iron Hands|Close Combat|p1a: Tauros\n|-crit|p1a: Tauros\n|-damage|p1a: Tauros|0 fnt\n|-unboost|p2a: Iron Hands|def|1\n|-unboost|p2a: Iron Hands|spd|1\n|faint|p1a: Tauros\n|move|p2b: Man Ray|Armor Cannon|p1b: Grimmsnarl\n|-damage|p1b: Grimmsnarl|0 fnt\n|-unboost|p2b: Man Ray|def|1\n|-unboost|p2b: Man Ray|spd|1\n|faint|p1b: Grimmsnarl\n|\n|upkeep\n|-message|Kaizen5 forfeited.\n|\n|win|subChar\n|raw|Kaizen5's rating: 1115 → 1093<\/strong> (-22 for losing)\n|raw|subChar's rating: 1159 → 1181<\/strong> (+22 for winning)\n|l|\u2606Kaizen5\n|c|\u2606subChar|gg\n","uploadtime":1682766506,"views":17,"p1id":"kaizen5","p2id":"subchar","formatid":"gen9vgc2023regulationc","rating":1093,"private":0,"password":""}