{"id":"gen9vgc2023regulationc-1852471578","p1":"leafyarrow","p2":"Jrose4444","format":"[Gen 9] VGC 2023 Regulation C","log":"|j|\u2606leafyarrow\n|j|\u2606Jrose4444\n|t:|1682561852\n|gametype|doubles\n|player|p1|leafyarrow|leaf-gen3|1290\n|player|p2|Jrose4444|101|1304\n|teamsize|p1|6\n|teamsize|p2|6\n|gen|9\n|tier|[Gen 9] VGC 2023 Regulation C\n|rated|\n|rule|Species Clause: Limit one of each Pok\u00e9mon\n|rule|Item Clause: Limit one of each item\n|clearpoke\n|poke|p1|Flutter Mane, L50|\n|poke|p1|Palafin, L50, M|\n|poke|p1|Amoonguss, L50, F|\n|poke|p1|Ting-Lu, L50|\n|poke|p1|Arcanine, L50, F|\n|poke|p1|Jolteon, L50, F|\n|poke|p2|Tyranitar, L50, F|\n|poke|p2|Lycanroc, L50, F|\n|poke|p2|Garchomp, L50, F|\n|poke|p2|Rotom-Heat, L50|\n|poke|p2|Wo-Chien, L50|\n|poke|p2|Meowscarada, L50, F|\n|teampreview|4\n|inactive|Battle timer is ON: inactive players will automatically lose when time's up. (requested by Jrose4444)\nleafyarrow has agreed to open team sheets.\n|inactive|leafyarrow has 60 seconds left.\n|inactive|Jrose4444 has 60 seconds left.\n|\n|t:|1682561887\n|start\n|switch|p1a: Palafin|Palafin, L50, M|100\/100\n|switch|p1b: Amoonguss|Amoonguss, L50, F|100\/100\n|switch|p2a: Lycanroc|Lycanroc, L50, F|100\/100\n|switch|p2b: Tyranitar|Tyranitar, L50, F|100\/100\n|-weather|Sandstorm|[from] ability: Sand Stream|[of] p2b: Tyranitar\n|turn|1\n|inactive|leafyarrow has 30 seconds left.\n|\n|t:|1682561922\n|-terastallize|p2b: Tyranitar|Flying\n|move|p1a: Palafin|Protect|p1a: Palafin\n|-singleturn|p1a: Palafin|Protect\n|move|p2a: Lycanroc|Rock Slide|p1a: Palafin|[spread] p1b\n|-activate|p1a: Palafin|move: Protect\n|-damage|p1b: Amoonguss|76\/100\n|move|p2b: Tyranitar|Tera Blast|p1b: Amoonguss\n|-supereffective|p1b: Amoonguss\n|-damage|p1b: Amoonguss|18\/100\n|-enditem|p1b: Amoonguss|Sitrus Berry|[eat]\n|-heal|p1b: Amoonguss|43\/100|[from] item: Sitrus Berry\n|move|p1b: Amoonguss|Spore|p2b: Tyranitar\n|-status|p2b: Tyranitar|slp|[from] move: Spore\n|\n|-weather|Sandstorm|[upkeep]\n|-damage|p1a: Palafin|95\/100|[from] Sandstorm\n|-damage|p2b: Tyranitar|94\/100 slp|[from] Sandstorm\n|-damage|p1b: Amoonguss|37\/100|[from] Sandstorm\n|upkeep\n|turn|2\n|inactive|Jrose4444 has 30 seconds left.\n|\n|t:|1682561949\n|detailschange|p1a: Palafin|Palafin-Hero, L50, M\n|switch|p1a: Arcanine|Arcanine, L50, F|100\/100\n|-ability|p1a: Arcanine|Intimidate|boost\n|-unboost|p2a: Lycanroc|atk|1\n|-unboost|p2b: Tyranitar|atk|1\n|move|p2a: Lycanroc|Rock Slide|p1b: Amoonguss|[spread] p1a\n|-miss|p2a: Lycanroc|p1b: Amoonguss\n|-supereffective|p1a: Arcanine\n|-damage|p1a: Arcanine|55\/100\n|cant|p2b: Tyranitar|slp\n|move|p1b: Amoonguss|Pollen Puff|p1a: Arcanine\n|-heal|p1a: Arcanine|100\/100\n|\n|-weather|Sandstorm|[upkeep]\n|-damage|p2b: Tyranitar|88\/100 slp|[from] Sandstorm\n|-damage|p1b: Amoonguss|31\/100|[from] Sandstorm\n|upkeep\n|turn|3\n|\n|t:|1682561972\n|-terastallize|p1a: Arcanine|Grass\n|move|p1b: Amoonguss|Protect|p1b: Amoonguss\n|-singleturn|p1b: Amoonguss|Protect\n|move|p2a: Lycanroc|Rock Slide|p1a: Arcanine|[spread] p1a\n|-activate|p1b: Amoonguss|move: Protect\n|-damage|p1a: Arcanine|79\/100\n|move|p1a: Arcanine|Will-O-Wisp|p2a: Lycanroc\n|-status|p2a: Lycanroc|brn\n|cant|p2b: Tyranitar|slp\n|\n|-weather|Sandstorm|[upkeep]\n|-damage|p2b: Tyranitar|82\/100 slp|[from] Sandstorm\n|-damage|p1b: Amoonguss|25\/100|[from] Sandstorm\n|-damage|p2a: Lycanroc|95\/100 brn|[from] brn\n|upkeep\n|turn|4\n|\n|t:|1682561995\n|switch|p1b: Palafin|Palafin-Hero, L50, M|95\/100\n|-activate|p1b: Palafin|ability: Zero to Hero\n|move|p1a: Arcanine|Protect|p1a: Arcanine\n|-singleturn|p1a: Arcanine|Protect\n|move|p2a: Lycanroc|Charm|p1a: Arcanine\n|-activate|p1a: Arcanine|move: Protect\n|-curestatus|p2b: Tyranitar|slp|[msg]\n|move|p2b: Tyranitar|Tera Blast|p1b: Palafin\n|-damage|p1b: Palafin|62\/100\n|\n|-weather|Sandstorm|[upkeep]\n|-damage|p1b: Palafin|56\/100|[from] Sandstorm\n|-damage|p2b: Tyranitar|76\/100|[from] Sandstorm\n|-damage|p2a: Lycanroc|89\/100 brn|[from] brn\n|upkeep\n|turn|5\n|\n|t:|1682562013\n|move|p1b: Palafin|Jet Punch|p2a: Lycanroc\n|-supereffective|p2a: Lycanroc\n|-damage|p2a: Lycanroc|0 fnt\n|faint|p2a: Lycanroc\n|move|p1a: Arcanine|Will-O-Wisp|p2b: Tyranitar\n|-status|p2b: Tyranitar|brn\n|move|p2b: Tyranitar|Thunderbolt|p1b: Palafin\n|-supereffective|p1b: Palafin\n|-damage|p1b: Palafin|6\/100\n|\n|-weather|none\n|-damage|p2b: Tyranitar|70\/100 brn|[from] brn\n|upkeep\n|\n|t:|1682562027\n|switch|p2a: Garchomp|Garchomp, L50, F|100\/100\n|turn|6\n|inactive|leafyarrow has 30 seconds left.\n|\n|t:|1682562060\n|switch|p1b: Amoonguss|Amoonguss, L50, F|58\/100\n|move|p2a: Garchomp|Earthquake|p1b: Amoonguss|[spread] p1a,p1b\n|-immune|p2b: Tyranitar\n|-resisted|p1a: Arcanine\n|-damage|p1a: Arcanine|60\/100\n|-damage|p1b: Amoonguss|28\/100\n|move|p1a: Arcanine|Will-O-Wisp|p2a: Garchomp\n|-status|p2a: Garchomp|brn\n|move|p2b: Tyranitar|Tera Blast|p1a: Arcanine\n|-supereffective|p1a: Arcanine\n|-damage|p1a: Arcanine|0 fnt\n|faint|p1a: Arcanine\n|\n|-damage|p2a: Garchomp|95\/100 brn|[from] brn\n|-damage|p2b: Tyranitar|64\/100 brn|[from] brn\n|upkeep\n|\n|t:|1682562077\n|switch|p1a: Flutter Mane|Flutter Mane, L50|100\/100\n|turn|7\n|\n|t:|1682562098\n|move|p1b: Amoonguss|Protect|p1b: Amoonguss\n|-singleturn|p1b: Amoonguss|Protect\n|move|p1a: Flutter Mane|Dazzling Gleam|p2a: Garchomp|[spread] p2a,p2b\n|-supereffective|p2a: Garchomp\n|-damage|p2a: Garchomp|0 fnt\n|-damage|p2b: Tyranitar|37\/100 brn\n|faint|p2a: Garchomp\n|move|p2b: Tyranitar|Tera Blast|p1b: Amoonguss\n|-activate|p1b: Amoonguss|move: Protect\n|\n|-damage|p2b: Tyranitar|31\/100 brn|[from] brn\n|upkeep\n|\n|t:|1682562106\n|switch|p2a: Rotom|Rotom-Heat, L50|100\/100\n|turn|8\n|\n|t:|1682562120\n|move|p1a: Flutter Mane|Dazzling Gleam|p2b: Tyranitar|[spread] p2a,p2b\n|-resisted|p2a: Rotom\n|-damage|p2a: Rotom|79\/100\n|-damage|p2b: Tyranitar|7\/100 brn\n|move|p2a: Rotom|Nasty Plot|p2a: Rotom\n|-boost|p2a: Rotom|spa|2\n|move|p2b: Tyranitar|Tera Blast|p1b: Amoonguss\n|-supereffective|p1b: Amoonguss\n|-damage|p1b: Amoonguss|0 fnt\n|faint|p1b: Amoonguss\n|\n|-damage|p2b: Tyranitar|0 fnt|[from] brn\n|faint|p2b: Tyranitar\n|upkeep\n|\n|t:|1682562131\n|switch|p1b: Palafin|Palafin-Hero, L50, M|6\/100\n|turn|9\n|\n|t:|1682562138\n|move|p1b: Palafin|Jet Punch|p2a: Rotom\n|-supereffective|p2a: Rotom\n|-damage|p2a: Rotom|0 fnt\n|faint|p2a: Rotom\n|\n|win|leafyarrow\n|raw|leafyarrow's rating: 1290 → 1316<\/strong> (+26 for winning)\n|raw|Jrose4444's rating: 1304 → 1283<\/strong> (-21 for losing)\n|l|\u2606Jrose4444\n","uploadtime":1682562146,"views":14,"p1id":"leafyarrow","p2id":"jrose4444","formatid":"gen9vgc2023regulationc","rating":1283,"private":0,"password":""}