{"id":"gen9vgc2023regulationc-1855682649","p1":"MinimanYT","p2":"Hikawari","format":"[Gen 9] VGC 2023 Regulation C","log":"|j|\u2606MinimanYT\n|j|\u2606Hikawari\n|t:|1682972839\n|gametype|doubles\n|player|p1|MinimanYT|iris|1394\n|player|p2|Hikawari|101|1450\n|teamsize|p1|6\n|teamsize|p2|6\n|gen|9\n|tier|[Gen 9] VGC 2023 Regulation C\n|rated|\n|rule|Species Clause: Limit one of each Pok\u00e9mon\n|rule|Item Clause: Limit one of each item\n|clearpoke\n|poke|p1|Amoonguss, L50, M|\n|poke|p1|Iron Bundle, L50|\n|poke|p1|Flutter Mane, L50|\n|poke|p1|Indeedee-F, L50, F|\n|poke|p1|Hawlucha, L50, F|\n|poke|p1|Ting-Lu, L50|\n|poke|p2|Amoonguss, L50, M|\n|poke|p2|Baxcalibur, L50, M|\n|poke|p2|Corviknight, L50, M|\n|poke|p2|Glimmora, L50, M|\n|poke|p2|Rotom-Wash, L50|\n|poke|p2|Gholdengo, L50|\n|teampreview|4\n|inactive|Battle timer is ON: inactive players will automatically lose when time's up. (requested by MinimanYT)\n|inactive|Hikawari also wants the timer to be on.\nHikawari has agreed to open team sheets.\nMinimanYT has agreed to open team sheets.\n|inactive|MinimanYT has 60 seconds left.\n|inactive|MinimanYT has 30 seconds left.\n|inactive|MinimanYT has 20 seconds left.\n|inactive|MinimanYT has 15 seconds left.\n|inactive|MinimanYT has 10 seconds left.\n|\n|t:|1682972921\n|start\n|switch|p1a: Indeedee|Indeedee-F, L50, F|100\/100\n|switch|p1b: Hawlucha|Hawlucha, L50, F|100\/100\n|switch|p2a: Glimmora|Glimmora, L50, M|100\/100\n|switch|p2b: Gholdengo|Gholdengo, L50|100\/100\n|-fieldstart|move: Psychic Terrain|[from] ability: Psychic Surge|[of] p1a: Indeedee\n|-enditem|p1b: Hawlucha|Psychic Seed\n|-boost|p1b: Hawlucha|spd|1|[from] item: Psychic Seed\n|turn|1\n|\n|t:|1682972944\n|switch|p1a: Ting-Lu|Ting-Lu, L50|100\/100\n|-ability|p1a: Ting-Lu|Vessel of Ruin\n|move|p1b: Hawlucha|Protect|p1b: Hawlucha\n|-singleturn|p1b: Hawlucha|Protect\n|move|p2a: Glimmora|Spiky Shield|p2a: Glimmora\n|-singleturn|p2a: Glimmora|move: Protect\n|move|p2b: Gholdengo|Nasty Plot|p2b: Gholdengo\n|-boost|p2b: Gholdengo|spa|2\n|\n|upkeep\n|turn|2\n|inactive|Hikawari has 30 seconds left.\n|inactive|MinimanYT has 30 seconds left.\n|inactive|Hikawari has 20 seconds left.\n|inactive|Hikawari has 15 seconds left.\n|inactive|MinimanYT has 20 seconds left.\n|inactive|MinimanYT has 15 seconds left.\n|inactive|MinimanYT has 10 seconds left.\n|\n|t:|1682973000\n|move|p1b: Hawlucha|Acrobatics|p2b: Gholdengo\n|-resisted|p2b: Gholdengo\n|-damage|p2b: Gholdengo|77\/100\n|move|p2a: Glimmora|Power Gem|p1b: Hawlucha\n|-damage|p1b: Hawlucha|64\/100\n|move|p2b: Gholdengo|Make It Rain|p1b: Hawlucha|[spread] p1a,p1b\n|-damage|p1a: Ting-Lu|68\/100\n|-damage|p1b: Hawlucha|0 fnt\n|-unboost|p2b: Gholdengo|spa|1\n|faint|p1b: Hawlucha\n|move|p1a: Ting-Lu|Earthquake|p2a: Glimmora|[spread] p2a,p2b\n|-supereffective|p2a: Glimmora\n|-supereffective|p2b: Gholdengo\n|-enditem|p2a: Glimmora|Focus Sash\n|-damage|p2a: Glimmora|1\/100\n|-damage|p2b: Gholdengo|12\/100\n|-activate|p2a: Glimmora|ability: Toxic Debris\n|-sidestart|p1: MinimanYT|move: Toxic Spikes\n|-enditem|p2b: Gholdengo|Sitrus Berry|[eat]\n|-heal|p2b: Gholdengo|37\/100|[from] item: Sitrus Berry\n|\n|upkeep\n|\n|t:|1682973010\n|switch|p1b: Amoonguss|Amoonguss, L50, M|100\/100\n|-sideend|p1: MinimanYT|move: Toxic Spikes|[of] p1b: Amoonguss\n|turn|3\n|\n|t:|1682973035\n|-terastallize|p2a: Glimmora|Grass\n|move|p2a: Glimmora|Energy Ball|p1a: Ting-Lu\n|-supereffective|p1a: Ting-Lu\n|-damage|p1a: Ting-Lu|32\/100\n|move|p2b: Gholdengo|Make It Rain|p1a: Ting-Lu|[spread] p1a,p1b\n|-damage|p1a: Ting-Lu|7\/100\n|-damage|p1b: Amoonguss|54\/100\n|-unboost|p2b: Gholdengo|spa|1\n|move|p1a: Ting-Lu|Stomping Tantrum|p2b: Gholdengo\n|-supereffective|p2b: Gholdengo\n|-damage|p2b: Gholdengo|0 fnt\n|faint|p2b: Gholdengo\n|move|p1b: Amoonguss|Pollen Puff|p1a: Ting-Lu\n|-heal|p1a: Ting-Lu|57\/100\n|\n|upkeep\n|\n|t:|1682973051\n|switch|p2b: Corviknight|Corviknight, L50, M|100\/100\n|turn|4\n|inactive|MinimanYT has 30 seconds left.\n|inactive|MinimanYT has 20 seconds left.\n|inactive|MinimanYT has 15 seconds left.\n|\n|t:|1682973094\n|switch|p1b: Indeedee|Indeedee-F, L50, F|100\/100\n|-terastallize|p1a: Ting-Lu|Poison\n|move|p2a: Glimmora|Energy Ball|p1a: Ting-Lu\n|-resisted|p1a: Ting-Lu\n|-damage|p1a: Ting-Lu|48\/100\n|move|p2b: Corviknight|Brave Bird|p1b: Indeedee\n|-damage|p1b: Indeedee|64\/100\n|-damage|p2b: Corviknight|90\/100|[from] Recoil\n|move|p1a: Ting-Lu|Stomping Tantrum|p2a: Glimmora\n|-resisted|p2a: Glimmora\n|-crit|p2a: Glimmora\n|-damage|p2a: Glimmora|0 fnt\n|-activate|p2a: Glimmora|ability: Toxic Debris\n|-sidestart|p1: MinimanYT|move: Toxic Spikes\n|faint|p2a: Glimmora\n|\n|-heal|p2b: Corviknight|96\/100|[from] item: Leftovers\n|upkeep\n|\n|t:|1682973111\n|switch|p2a: Baxcalibur|Baxcalibur, L50, M|100\/100\n|turn|5\n|inactive|MinimanYT has 30 seconds left.\n|\n|t:|1682973143\n|move|p1b: Indeedee|Follow Me|p1b: Indeedee\n|-singleturn|p1b: Indeedee|move: Follow Me\n|move|p2a: Baxcalibur|Icicle Spear|p1b: Indeedee\n|-damage|p1b: Indeedee|50\/100\n|-crit|p1b: Indeedee\n|-damage|p1b: Indeedee|28\/100\n|-damage|p1b: Indeedee|13\/100\n|-damage|p1b: Indeedee|0 fnt\n|faint|p1b: Indeedee\n|-hitcount|p1: Indeedee|4\n|move|p2b: Corviknight|Bulk Up|p2b: Corviknight\n|-boost|p2b: Corviknight|atk|1\n|-boost|p2b: Corviknight|def|1\n|move|p1a: Ting-Lu|Ruination|p2b: Corviknight\n|-damage|p2b: Corviknight|49\/100\n|\n|-heal|p2b: Corviknight|54\/100|[from] item: Leftovers\n|-fieldend|move: Psychic Terrain\n|upkeep\n|\n|t:|1682973156\n|switch|p1b: Amoonguss|Amoonguss, L50, M|87\/100\n|-sideend|p1: MinimanYT|move: Toxic Spikes|[of] p1b: Amoonguss\n|turn|6\n|\n|t:|1682973166\n|move|p1b: Amoonguss|Protect|p1b: Amoonguss\n|-singleturn|p1b: Amoonguss|Protect\n|move|p2a: Baxcalibur|Icicle Spear|p1b: Amoonguss\n|-activate|p1b: Amoonguss|move: Protect\n|move|p2b: Corviknight|Roost|p2b: Corviknight\n|-heal|p2b: Corviknight|100\/100\n|-singleturn|p2b: Corviknight|move: Roost\n|move|p1a: Ting-Lu|Ruination|p2a: Baxcalibur\n|-damage|p2a: Baxcalibur|51\/100\n|\n|upkeep\n|turn|7\n|\n|t:|1682973181\n|move|p1b: Amoonguss|Protect||[still]\n|-fail|p1b: Amoonguss\n|move|p2a: Baxcalibur|Icicle Spear|p1b: Amoonguss\n|-supereffective|p1b: Amoonguss\n|-damage|p1b: Amoonguss|63\/100\n|-supereffective|p1b: Amoonguss\n|-damage|p1b: Amoonguss|38\/100\n|-enditem|p1b: Amoonguss|Sitrus Berry|[eat]\n|-heal|p1b: Amoonguss|63\/100|[from] item: Sitrus Berry\n|-supereffective|p1b: Amoonguss\n|-damage|p1b: Amoonguss|36\/100\n|-supereffective|p1b: Amoonguss\n|-damage|p1b: Amoonguss|10\/100\n|-hitcount|p1b: Amoonguss|4\n|move|p2b: Corviknight|Bulk Up|p2b: Corviknight\n|-boost|p2b: Corviknight|atk|1\n|-boost|p2b: Corviknight|def|1\n|move|p1a: Ting-Lu|Heavy Slam|p2a: Baxcalibur\n|-supereffective|p2a: Baxcalibur\n|-damage|p2a: Baxcalibur|9\/100\n|\n|upkeep\n|turn|8\n|-message|MinimanYT forfeited.\n|\n|win|Hikawari\n|raw|MinimanYT's rating: 1394 → 1377<\/strong> (-17 for losing)\n|raw|Hikawari's rating: 1450 → 1467<\/strong> (+17 for winning)\n","uploadtime":1682973202,"views":21,"p1id":"minimanyt","p2id":"hikawari","formatid":"gen9vgc2023regulationc","rating":1377,"private":0,"password":""}