{"id":"gen9vgc2023regulationc-1853113774","p1":"VeryGayContentVGC","p2":"jsajsajs","format":"[Gen 9] VGC 2023 Regulation C","log":"|j|\u2606VeryGayContentVGC\n|j|\u2606jsajsajs\n|t:|1682636815\n|gametype|doubles\n|player|p1|VeryGayContentVGC|wallace|1421\n|player|p2|jsajsajs|blue|1365\n|teamsize|p1|6\n|teamsize|p2|6\n|gen|9\n|tier|[Gen 9] VGC 2023 Regulation C\n|rated|\n|rule|Species Clause: Limit one of each Pok\u00e9mon\n|rule|Item Clause: Limit one of each item\n|clearpoke\n|poke|p1|Flutter Mane, L50|\n|poke|p1|Dachsbun, L50, F|\n|poke|p1|Azumarill, L50, F|\n|poke|p1|Florges, L50, F|\n|poke|p1|Chi-Yu, L50|\n|poke|p1|Amoonguss, L50, F|\n|poke|p2|Arcanine, L50, F|\n|poke|p2|Palafin, L50, M|\n|poke|p2|Flutter Mane, L50|\n|poke|p2|Iron Hands, L50|\n|poke|p2|Ting-Lu, L50|\n|poke|p2|Amoonguss, L50, F|\n|teampreview|4\n|inactive|Battle timer is ON: inactive players will automatically lose when time's up. (requested by VeryGayContentVGC)\n|inactive|jsajsajs has 60 seconds left.\n|\n|t:|1682636859\n|start\n|switch|p1a: Dachsbun|Dachsbun, L50, F, shiny|100\/100\n|switch|p1b: Chi-Yu|Chi-Yu, L50|100\/100\n|switch|p2a: Delfin|Palafin, L50, M, shiny|100\/100\n|switch|p2b: Melenas|Flutter Mane, L50, shiny|100\/100\n|-ability|p1b: Chi-Yu|Beads of Ruin\n|turn|1\n|\n|t:|1682636877\n|-terastallize|p1b: Chi-Yu|Water\n|-terastallize|p2b: Melenas|Fairy\n|move|p2a: Delfin|Jet Punch|p1a: Dachsbun\n|-damage|p1a: Dachsbun|77\/100\n|move|p1b: Chi-Yu|Lava Plume|p2a: Delfin|[spread] p2a,p2b\n|-ability|p1a: Dachsbun|Well-Baked Body|boost\n|-boost|p1a: Dachsbun|def|2\n|-resisted|p2a: Delfin\n|-damage|p2a: Delfin|71\/100\n|-damage|p2b: Melenas|55\/100\n|move|p2b: Melenas|Dazzling Gleam|p1a: Dachsbun|[spread] p1a,p1b\n|-damage|p1a: Dachsbun|0 fnt\n|-damage|p1b: Chi-Yu|25\/100\n|faint|p1a: Dachsbun\n|-damage|p2b: Melenas|45\/100|[from] item: Life Orb\n|\n|upkeep\n|\n|t:|1682636890\n|switch|p1a: Azumarill|Azumarill, L50, F, shiny|100\/100\n|turn|2\n|\n|t:|1682636896\n|switch|p1b: Flutter Mane|Flutter Mane, L50, shiny|100\/100\n|detailschange|p2a: Delfin|Palafin-Hero, L50, M, shiny\n|switch|p2a: Perro|Arcanine, L50, F|100\/100\n|-ability|p2a: Perro|Intimidate|boost\n|-unboost|p1a: Azumarill|atk|1\n|-unboost|p1b: Flutter Mane|atk|1\n|move|p2b: Melenas|Protect|p2b: Melenas\n|-singleturn|p2b: Melenas|Protect\n|move|p1a: Azumarill|Aqua Jet|p2b: Melenas\n|-activate|p2b: Melenas|move: Protect\n|\n|upkeep\n|turn|3\n|\n|t:|1682636909\n|-end|p2b: Melenas|Protosynthesis|[silent]\n|switch|p2b: Seta|Amoonguss, L50, F|100\/100\n|move|p1b: Flutter Mane|Shadow Ball|p2b: Seta\n|-damage|p2b: Seta|68\/100\n|move|p2a: Perro|Will-O-Wisp|p1a: Azumarill\n|-status|p1a: Azumarill|brn\n|move|p1a: Azumarill|Liquidation|p2a: Perro\n|-supereffective|p2a: Perro\n|-damage|p2a: Perro|61\/100\n|\n|-damage|p1a: Azumarill|95\/100 brn|[from] brn\n|upkeep\n|turn|4\n|\n|t:|1682636926\n|switch|p1a: Chi-Yu|Chi-Yu, L50, tera:Water|25\/100\n|-ability|p1a: Chi-Yu|Beads of Ruin\n|move|p1b: Flutter Mane|Shadow Ball|p2b: Seta\n|-damage|p2b: Seta|27\/100\n|move|p2a: Perro|Flare Blitz|p1b: Flutter Mane\n|-enditem|p1b: Flutter Mane|Focus Sash\n|-damage|p1b: Flutter Mane|1\/100\n|-status|p1b: Flutter Mane|brn\n|-damage|p2a: Perro|38\/100|[from] Recoil\n|-enditem|p2a: Perro|Sitrus Berry|[eat]\n|-heal|p2a: Perro|63\/100|[from] item: Sitrus Berry\n|move|p2b: Seta|Pollen Puff|p2a: Perro\n|-heal|p2a: Perro|100\/100\n|\n|-damage|p1b: Flutter Mane|0 fnt|[from] brn\n|faint|p1b: Flutter Mane\n|-end|p1b: Flutter Mane|Protosynthesis|[silent]\n|upkeep\n|\n|t:|1682636935\n|switch|p1b: Azumarill|Azumarill, L50, F, shiny|95\/100 brn\n|turn|5\n|c|\u2606jsajsajs|wow\n|\n|t:|1682636952\n|move|p2a: Perro|Extreme Speed|p1a: Chi-Yu\n|-damage|p1a: Chi-Yu|0 fnt\n|faint|p1a: Chi-Yu\n|move|p2b: Seta|Rage Powder|p2b: Seta\n|-singleturn|p2b: Seta|move: Rage Powder\n|move|p1b: Azumarill|Liquidation|p2b: Seta\n|-resisted|p2b: Seta\n|-damage|p2b: Seta|14\/100\n|-unboost|p2b: Seta|def|1\n|-enditem|p2b: Seta|Wiki Berry|[eat]\n|-heal|p2b: Seta|47\/100|[from] item: Wiki Berry\n|\n|-damage|p1b: Azumarill|89\/100 brn|[from] brn\n|upkeep\n|turn|6\n|-message|VeryGayContentVGC forfeited.\n|\n|win|jsajsajs\n|raw|VeryGayContentVGC's rating: 1421 → 1398<\/strong> (-23 for losing)\n|raw|jsajsajs's rating: 1365 → 1388<\/strong> (+23 for winning)\n|l|\u2606VeryGayContentVGC\n","uploadtime":1682636968,"views":9,"p1id":"verygaycontentvgc","p2id":"jsajsajs","formatid":"gen9vgc2023regulationc","rating":1388,"private":0,"password":""}