{"id":"gen9vgc2023regulationc-1848342317","p1":"SaTsunnn","p2":"kxgflgllfllf","format":"[Gen 9] VGC 2023 Regulation C","log":"|j|\u2606SaTsunnn\n|j|\u2606kxgflgllfllf\n|t:|1682063669\n|gametype|doubles\n|player|p1|SaTsunnn|266|1043\n|player|p2|kxgflgllfllf|caitlin|1156\n|teamsize|p1|6\n|teamsize|p2|6\n|gen|9\n|tier|[Gen 9] VGC 2023 Regulation C\n|rated|\n|rule|Species Clause: Limit one of each Pok\u00e9mon\n|rule|Item Clause: Limit one of each item\n|clearpoke\n|poke|p1|Dragonite, L50, M|\n|poke|p1|Iron Moth, L50|\n|poke|p1|Mimikyu, L50, M|\n|poke|p1|Iron Hands, L50|\n|poke|p1|Flutter Mane, L50|\n|poke|p1|Ting-Lu, L50|\n|poke|p2|Ting-Lu, L50|\n|poke|p2|Wo-Chien, L50|\n|poke|p2|Glimmora, L50, M|\n|poke|p2|Gyarados, L50, M|\n|poke|p2|Flutter Mane, L50|\n|poke|p2|Arcanine, L50, M|\n|teampreview|4\n|inactive|Battle timer is ON: inactive players will automatically lose when time's up. (requested by kxgflgllfllf)\nkxgflgllfllf rejected open team sheets.\n|\n|t:|1682063719\n|start\n|switch|p1a: Mimikyu|Mimikyu, L50, M|100\/100\n|switch|p1b: Iron Moth|Iron Moth, L50|100\/100\n|switch|p2a: Arcanine|Arcanine, L50, M|100\/100\n|switch|p2b: Flutter Mane|Flutter Mane, L50|100\/100\n|-ability|p2a: Arcanine|Intimidate|boost\n|-unboost|p1a: Mimikyu|atk|1\n|-unboost|p1b: Iron Moth|atk|1\n|turn|1\n|inactive|kxgflgllfllf has 30 seconds left.\n|\n|t:|1682063749\n|switch|p2a: Gyarados|Gyarados, L50, M|100\/100\n|-ability|p2a: Gyarados|Intimidate|boost\n|-unboost|p1a: Mimikyu|atk|1\n|-unboost|p1b: Iron Moth|atk|1\n|move|p2b: Flutter Mane|Shadow Ball|p1b: Iron Moth\n|-damage|p1b: Iron Moth|34\/100\n|move|p1b: Iron Moth|Toxic Spikes|p2a: Gyarados\n|-sidestart|p2: kxgflgllfllf|move: Toxic Spikes\n|move|p1a: Mimikyu|Trick Room|p1a: Mimikyu\n|-fieldstart|move: Trick Room|[of] p1a: Mimikyu\n|\n|upkeep\n|turn|2\n|inactive|SaTsunnn has 30 seconds left.\n|inactive|SaTsunnn has 20 seconds left.\n|\n|t:|1682063786\n|-end|p2b: Flutter Mane|Protosynthesis|[silent]\n|switch|p2b: Glimmora|Glimmora, L50, M|100\/100\n|-sideend|p2: kxgflgllfllf|move: Toxic Spikes|[of] p2b: Glimmora\n|move|p2a: Gyarados|Waterfall|p1b: Iron Moth\n|-supereffective|p1b: Iron Moth\n|-damage|p1b: Iron Moth|0 fnt\n|faint|p1b: Iron Moth\n|-end|p1b: Iron Moth|Quark Drive|[silent]\n|move|p1a: Mimikyu|Will-O-Wisp|p2a: Gyarados\n|-status|p2a: Gyarados|brn\n|\n|-damage|p2a: Gyarados|95\/100 brn|[from] brn\n|upkeep\n|\n|t:|1682063797\n|switch|p1b: Ting-Lu|Ting-Lu, L50|100\/100\n|-ability|p1b: Ting-Lu|Vessel of Ruin\n|turn|3\n|inactive|SaTsunnn has 30 seconds left.\n|\n|t:|1682063830\n|move|p2b: Glimmora|Spiky Shield|p2b: Glimmora\n|-singleturn|p2b: Glimmora|move: Protect\n|move|p1b: Ting-Lu|Snarl|p2b: Glimmora|[spread] p2a\n|-activate|p2b: Glimmora|move: Protect\n|-damage|p2a: Gyarados|87\/100 brn\n|-unboost|p2a: Gyarados|spa|1\n|move|p2a: Gyarados|Waterfall|p1a: Mimikyu\n|-activate|p1a: Mimikyu|ability: Disguise\n|-damage|p1a: Mimikyu|100\/100\n|detailschange|p1a: Mimikyu|Mimikyu-Busted, L50, M\n|-damage|p1a: Mimikyu|88\/100|[from] pokemon: Mimikyu-Busted\n|move|p1a: Mimikyu|Will-O-Wisp|p2b: Glimmora\n|-activate|p2b: Glimmora|move: Protect\n|\n|-damage|p2a: Gyarados|81\/100 brn|[from] brn\n|upkeep\n|turn|4\n|inactive|SaTsunnn has 30 seconds left.\n|\n|t:|1682063864\n|switch|p2a: Arcanine|Arcanine, L50, M|100\/100\n|-ability|p2a: Arcanine|Intimidate|boost\n|-unboost|p1a: Mimikyu|atk|1\n|-unboost|p1b: Ting-Lu|atk|1\n|-terastallize|p1a: Mimikyu|Steel\n|move|p1a: Mimikyu|Shadow Sneak|p2b: Glimmora\n|-damage|p2b: Glimmora|95\/100\n|-activate|p2b: Glimmora|ability: Toxic Debris\n|-sidestart|p1: SaTsunnn|move: Toxic Spikes\n|move|p1b: Ting-Lu|Ruination|p2b: Glimmora\n|-damage|p2b: Glimmora|48\/100\n|-enditem|p2b: Glimmora|Sitrus Berry|[eat]\n|-heal|p2b: Glimmora|73\/100|[from] item: Sitrus Berry\n|move|p2b: Glimmora|Toxic|p1b: Ting-Lu\n|-status|p1b: Ting-Lu|tox\n|\n|-damage|p1b: Ting-Lu|94\/100 tox|[from] psn\n|upkeep\n|turn|5\n|inactive|SaTsunnn has 30 seconds left.\n|\n|t:|1682063895\n|switch|p2b: Gyarados|Gyarados, L50, M|81\/100 brn\n|-ability|p2b: Gyarados|Intimidate|boost\n|-unboost|p1a: Mimikyu|atk|1\n|-unboost|p1b: Ting-Lu|atk|1\n|move|p1b: Ting-Lu|Earthquake|p2b: Gyarados|[spread] p1a,p2a\n|-immune|p2b: Gyarados\n|-supereffective|p1a: Mimikyu\n|-supereffective|p2a: Arcanine\n|-damage|p1a: Mimikyu|52\/100\n|-damage|p2a: Arcanine|69\/100\n|move|p2a: Arcanine|Flare Blitz|p1a: Mimikyu\n|-supereffective|p1a: Mimikyu\n|-damage|p1a: Mimikyu|0 fnt\n|faint|p1a: Mimikyu\n|-damage|p2a: Arcanine|56\/100|[from] Recoil\n|\n|-damage|p1b: Ting-Lu|82\/100 tox|[from] psn\n|-damage|p2b: Gyarados|75\/100 brn|[from] brn\n|-fieldend|move: Trick Room\n|upkeep\n|\n|t:|1682063906\n|switch|p1a: Flutter Mane|Flutter Mane, L50|100\/100\n|-status|p1a: Flutter Mane|psn\n|-enditem|p1a: Flutter Mane|Booster Energy\n|-activate|p1a: Flutter Mane|ability: Protosynthesis|[fromitem]\n|-start|p1a: Flutter Mane|protosynthesisspe\n|turn|6\n|\n|t:|1682063925\n|move|p1a: Flutter Mane|Shadow Ball|p2b: Gyarados\n|-damage|p2b: Gyarados|45\/100 brn\n|move|p2a: Arcanine|Flare Blitz|p1a: Flutter Mane\n|-damage|p1a: Flutter Mane|0 fnt\n|faint|p1a: Flutter Mane\n|-end|p1a: Flutter Mane|Protosynthesis|[silent]\n|-damage|p2a: Arcanine|34\/100|[from] Recoil\n|move|p2b: Gyarados|Waterfall|p1b: Ting-Lu\n|-supereffective|p1b: Ting-Lu\n|-crit|p1b: Ting-Lu\n|-damage|p1b: Ting-Lu|44\/100 tox\n|move|p1b: Ting-Lu|Ruination|p2b: Gyarados\n|-damage|p2b: Gyarados|23\/100 brn\n|-enditem|p2b: Gyarados|Aguav Berry|[eat]\n|-heal|p2b: Gyarados|56\/100 brn|[from] item: Aguav Berry\n|\n|-damage|p1b: Ting-Lu|25\/100 tox|[from] psn\n|-damage|p2b: Gyarados|50\/100 brn|[from] brn\n|upkeep\n|-enditem|p1b: Ting-Lu|Iapapa Berry|[eat]\n|-heal|p1b: Ting-Lu|59\/100 tox|[from] item: Iapapa Berry\n|turn|7\n|-message|SaTsunnn forfeited.\n|\n|win|kxgflgllfllf\n|raw|SaTsunnn's rating: 1043 → 1033<\/strong> (-10 for losing)\n|raw|kxgflgllfllf's rating: 1182 → 1197<\/strong> (+15 for winning)\n|l|\u2606SaTsunnn\n","uploadtime":1682064089,"views":9,"p1id":"satsunnn","p2id":"kxgflgllfllf","formatid":"gen9vgc2023regulationc","rating":1033,"private":0,"password":""}