{"id":"gen9vgc2023regulationc-1861438473","p1":"Coppercaillie","p2":"revocolombia","format":"[Gen 9] VGC 2023 Regulation C","log":"|j|\u2606Coppercaillie\n|j|\u2606revocolombia\n|t:|1683757931\n|gametype|doubles\n|player|p1|Coppercaillie|101|1061\n|player|p2|revocolombia|169|1103\n|teamsize|p1|6\n|teamsize|p2|6\n|gen|9\n|tier|[Gen 9] VGC 2023 Regulation C\n|rated|\n|rule|Species Clause: Limit one of each Pok\u00e9mon\n|rule|Item Clause: Limit one of each item\n|clearpoke\n|poke|p1|Torkoal, L50, F|\n|poke|p1|Roaring Moon, L50|\n|poke|p1|Ceruledge, L50, F|\n|poke|p1|Iron Bundle, L50|\n|poke|p1|Murkrow, L50, M|\n|poke|p1|Indeedee, L50, M|\n|poke|p2|Flutter Mane, L50|\n|poke|p2|Great Tusk, L50|\n|poke|p2|Gholdengo, L50|\n|poke|p2|Chien-Pao, L50|\n|poke|p2|Murkrow, L50, F|\n|poke|p2|Dragonite, L50, M|\n|teampreview|4\n|\n|t:|1683757971\n|start\n|switch|p1a: Torkoal|Torkoal, L50, F|100\/100\n|switch|p1b: Roaring Moon|Roaring Moon, L50|100\/100\n|switch|p2a: Great Tusk|Great Tusk, L50|100\/100\n|switch|p2b: Murkrow|Murkrow, L50, F|100\/100\n|-weather|SunnyDay|[from] ability: Drought|[of] p1a: Torkoal\n|-activate|p1b: Roaring Moon|ability: Protosynthesis\n|-start|p1b: Roaring Moon|protosynthesisatk\n|-activate|p2a: Great Tusk|ability: Protosynthesis\n|-start|p2a: Great Tusk|protosynthesisatk\n|turn|1\n|\n|t:|1683758004\n|-terastallize|p2a: Great Tusk|Fire\n|move|p1b: Roaring Moon|Protect|p1b: Roaring Moon\n|-singleturn|p1b: Roaring Moon|Protect\n|move|p2b: Murkrow|Tailwind|p2b: Murkrow\n|-sidestart|p2: revocolombia|move: Tailwind\n|move|p2a: Great Tusk|Rock Slide|p1a: Torkoal|[spread] p1a\n|-activate|p1b: Roaring Moon|move: Protect\n|-supereffective|p1a: Torkoal\n|-damage|p1a: Torkoal|60\/100\n|move|p1a: Torkoal|Eruption|p2a: Great Tusk|[spread] p2a,p2b\n|-resisted|p2a: Great Tusk\n|-crit|p2a: Great Tusk\n|-damage|p2a: Great Tusk|57\/100\n|-damage|p2b: Murkrow|57\/100\n|\n|-weather|SunnyDay|[upkeep]\n|upkeep\n|turn|2\n|\n|t:|1683758029\n|switch|p2b: Dragonite|Dragonite, L50, M|100\/100\n|move|p2a: Great Tusk|Earthquake|p1a: Torkoal|[spread] p1a,p1b\n|-immune|p2b: Dragonite\n|-supereffective|p1a: Torkoal\n|-damage|p1a: Torkoal|0 fnt\n|-damage|p1b: Roaring Moon|30\/100\n|faint|p1a: Torkoal\n|move|p1b: Roaring Moon|Throat Chop|p2a: Great Tusk\n|-damage|p2a: Great Tusk|16\/100\n|-start|p2a: Great Tusk|Throat Chop|[silent]\n|\n|-weather|SunnyDay|[upkeep]\n|upkeep\n|\n|t:|1683758043\n|switch|p1a: Ceruledge|Ceruledge, L50, F|100\/100\n|turn|3\n|\n|t:|1683758052\n|move|p1b: Roaring Moon|Protect|p1b: Roaring Moon\n|-singleturn|p1b: Roaring Moon|Protect\n|move|p1a: Ceruledge|Shadow Sneak|p2a: Great Tusk\n|-damage|p2a: Great Tusk|0 fnt\n|faint|p2a: Great Tusk\n|-end|p2a: Great Tusk|Protosynthesis|[silent]\n|-damage|p1a: Ceruledge|90\/100|[from] item: Life Orb\n|move|p2b: Dragonite|Dragon Dance|p2b: Dragonite\n|-boost|p2b: Dragonite|atk|1\n|-boost|p2b: Dragonite|spe|1\n|\n|-weather|SunnyDay|[upkeep]\n|upkeep\n|\n|t:|1683758067\n|switch|p2a: Chien-Pao|Chien-Pao, L50|100\/100\n|-ability|p2a: Chien-Pao|Sword of Ruin\n|turn|4\n|\n|t:|1683758087\n|-terastallize|p1a: Ceruledge|Steel\n|move|p2b: Dragonite|Extreme Speed|p1b: Roaring Moon\n|-damage|p1b: Roaring Moon|0 fnt\n|faint|p1b: Roaring Moon\n|-end|p1b: Roaring Moon|Protosynthesis|[silent]\n|move|p2a: Chien-Pao|Sucker Punch|p1a: Ceruledge\n|-damage|p1a: Ceruledge|22\/100\n|move|p1a: Ceruledge|Bitter Blade|p2a: Chien-Pao\n|-supereffective|p2a: Chien-Pao\n|-enditem|p2a: Chien-Pao|Focus Sash\n|-damage|p2a: Chien-Pao|1\/100\n|-heal|p1a: Ceruledge|78\/100|[from] drain|[of] p2a: Chien-Pao\n|-damage|p1a: Ceruledge|68\/100|[from] item: Life Orb\n|\n|-weather|SunnyDay|[upkeep]\n|-sideend|p2: revocolombia|move: Tailwind\n|upkeep\n|\n|t:|1683758101\n|switch|p1b: Indeedee|Indeedee, L50, M|100\/100\n|-fieldstart|move: Psychic Terrain|[from] ability: Psychic Surge|[of] p1b: Indeedee\n|-enditem|p1b: Indeedee|Psychic Seed\n|-boost|p1b: Indeedee|spd|1|[from] item: Psychic Seed\n|turn|5\n|\n|t:|1683758134\n|move|p2b: Dragonite|Thunder Punch|p1a: Ceruledge\n|-damage|p1a: Ceruledge|0 fnt\n|faint|p1a: Ceruledge\n|move|p2a: Chien-Pao|Sacred Sword|p1b: Indeedee\n|-damage|p1b: Indeedee|9\/100\n|move|p1b: Indeedee|Dazzling Gleam|p2b: Dragonite|[spread] p2a,p2b\n|-supereffective|p2a: Chien-Pao\n|-supereffective|p2b: Dragonite\n|-damage|p2a: Chien-Pao|0 fnt\n|-damage|p2b: Dragonite|83\/100\n|faint|p2a: Chien-Pao\n|\n|-weather|SunnyDay|[upkeep]\n|upkeep\n|-message|Coppercaillie forfeited.\n|\n|win|revocolombia\n|raw|Coppercaillie's rating: 1061 → 1044<\/strong> (-17 for losing)\n|raw|revocolombia's rating: 1103 → 1125<\/strong> (+22 for winning)\n|l|\u2606Coppercaillie\n","uploadtime":1683758153,"views":4,"p1id":"coppercaillie","p2id":"revocolombia","formatid":"gen9vgc2023regulationc","rating":1044,"private":0,"password":""}