{"id":"gen9vgc2023regulationc-1849853126","p1":"JDN-2925","p2":"Zyros Phade","format":"[Gen 9] VGC 2023 Regulation C","log":"|j|\u2606JDN-2925\n|j|\u2606Zyros Phade\n|t:|1682260779\n|gametype|doubles\n|player|p1|JDN-2925|170|1306\n|player|p2|Zyros Phade|1|1416\n|teamsize|p1|6\n|teamsize|p2|6\n|gen|9\n|tier|[Gen 9] VGC 2023 Regulation C\n|rated|\n|rule|Species Clause: Limit one of each Pok\u00e9mon\n|rule|Item Clause: Limit one of each item\n|clearpoke\n|poke|p1|Chien-Pao, L50|\n|poke|p1|Glimmora, L50, F|\n|poke|p1|Flutter Mane, L50|\n|poke|p1|Dragonite, L50, F|\n|poke|p1|Palafin, L50, M|\n|poke|p1|Chi-Yu, L50|\n|poke|p2|Vivillon, L50, F|\n|poke|p2|Gyarados, L50, M|\n|poke|p2|Flutter Mane, L50|\n|poke|p2|Hydreigon, L50, F|\n|poke|p2|Grimmsnarl, L50, M|\n|poke|p2|Garchomp, L50, M|\n|teampreview|4\nZyros Phade has agreed to open team sheets.\n|\n|t:|1682260809\n|start\n|switch|p1a: Palafin|Palafin, L50, M|100\/100\n|switch|p1b: Chien-Pao|Chien-Pao, L50|100\/100\n|switch|p2a: Grimmsnarl|Grimmsnarl, L50, M|100\/100\n|switch|p2b: Garchomp|Garchomp, L50, M|100\/100\n|-ability|p1b: Chien-Pao|Sword of Ruin\n|turn|1\n|\n|t:|1682260830\n|detailschange|p1a: Palafin|Palafin-Hero, L50, M\n|switch|p1a: Dragonite|Dragonite, L50, F|100\/100\n|move|p2b: Garchomp|Protect|p2b: Garchomp\n|-singleturn|p2b: Garchomp|Protect\n|move|p1b: Chien-Pao|Ice Spinner|p2b: Garchomp\n|-activate|p2b: Garchomp|move: Protect\n|move|p2a: Grimmsnarl|Spirit Break|p1b: Chien-Pao\n|-supereffective|p1b: Chien-Pao\n|-damage|p1b: Chien-Pao|11\/100\n|-unboost|p1b: Chien-Pao|spa|1\n|\n|upkeep\n|turn|2\n|inactive|Battle timer is ON: inactive players will automatically lose when time's up. (requested by Zyros Phade)\n|\n|t:|1682260865\n|move|p2a: Grimmsnarl|Reflect|p2a: Grimmsnarl\n|-sidestart|p2: Zyros Phade|Reflect\n|move|p1b: Chien-Pao|Ice Spinner|p2b: Garchomp\n|-supereffective|p2b: Garchomp\n|-damage|p2b: Garchomp|0 fnt\n|-damage|p1b: Chien-Pao|0 fnt|[from] ability: Rough Skin|[of] p2b: Garchomp\n|faint|p2b: Garchomp\n|faint|p1b: Chien-Pao\n|move|p1a: Dragonite|Brick Break|p2a: Grimmsnarl\n|-sideend|p2: Zyros Phade|Reflect\n|-damage|p2a: Grimmsnarl|54\/100\n|\n|upkeep\n|\n|t:|1682260880\n|switch|p1b: Flutter Mane|Flutter Mane, L50|100\/100\n|switch|p2b: Flutter Mane|Flutter Mane, L50|100\/100\n|-enditem|p1b: Flutter Mane|Booster Energy\n|-activate|p1b: Flutter Mane|ability: Protosynthesis|[fromitem]\n|-start|p1b: Flutter Mane|protosynthesisspa\n|-enditem|p2b: Flutter Mane|Booster Energy\n|-activate|p2b: Flutter Mane|ability: Protosynthesis|[fromitem]\n|-start|p2b: Flutter Mane|protosynthesisspe\n|turn|3\n|\n|t:|1682260899\n|move|p2a: Grimmsnarl|Thunder Wave|p1b: Flutter Mane\n|-status|p1b: Flutter Mane|par\n|move|p2b: Flutter Mane|Calm Mind|p2b: Flutter Mane\n|-boost|p2b: Flutter Mane|spa|1\n|-boost|p2b: Flutter Mane|spd|1\n|move|p1a: Dragonite|Brick Break|p2a: Grimmsnarl\n|-damage|p2a: Grimmsnarl|12\/100\n|move|p1b: Flutter Mane|Shadow Ball|p2b: Flutter Mane\n|-supereffective|p2b: Flutter Mane\n|-damage|p2b: Flutter Mane|34\/100\n|\n|upkeep\n|turn|4\n|\n|t:|1682260916\n|switch|p2a: Vivillon|Vivillon, L50, F|100\/100\n|move|p2b: Flutter Mane|Hex|p1b: Flutter Mane\n|-supereffective|p1b: Flutter Mane\n|-damage|p1b: Flutter Mane|0 fnt\n|faint|p1b: Flutter Mane\n|-end|p1b: Flutter Mane|Protosynthesis|[silent]\n|move|p1a: Dragonite|Brick Break|p2a: Vivillon\n|-resisted|p2a: Vivillon\n|-damage|p2a: Vivillon|79\/100\n|\n|upkeep\n|\n|t:|1682260926\n|switch|p1b: Palafin|Palafin-Hero, L50, M|100\/100\n|-activate|p1b: Palafin|ability: Zero to Hero\n|turn|5\n|inactive|Zyros Phade has 30 seconds left.\n|\n|t:|1682260954\n|-terastallize|p2b: Flutter Mane|Water\n|-terastallize|p1b: Palafin|Water\n|move|p1b: Palafin|Jet Punch|p2b: Flutter Mane\n|-resisted|p2b: Flutter Mane\n|-damage|p2b: Flutter Mane|7\/100\n|move|p2b: Flutter Mane|Dazzling Gleam|p1b: Palafin|[spread] p1a,p1b\n|-supereffective|p1a: Dragonite\n|-damage|p1a: Dragonite|28\/100\n|-damage|p1b: Palafin|64\/100\n|move|p2a: Vivillon|Pollen Puff|p2b: Flutter Mane\n|-heal|p2b: Flutter Mane|57\/100\n|move|p1a: Dragonite|Brick Break|p2a: Vivillon\n|-resisted|p2a: Vivillon\n|-damage|p2a: Vivillon|58\/100\n|\n|upkeep\n|turn|6\n|inactive|JDN-2925 has 30 seconds left.\n|\n|t:|1682260980\n|move|p1b: Palafin|Jet Punch|p2b: Flutter Mane\n|-resisted|p2b: Flutter Mane\n|-damage|p2b: Flutter Mane|31\/100\n|move|p2b: Flutter Mane|Dazzling Gleam|p1a: Dragonite|[spread] p1a,p1b\n|-supereffective|p1a: Dragonite\n|-damage|p1a: Dragonite|0 fnt\n|-damage|p1b: Palafin|23\/100\n|faint|p1a: Dragonite\n|move|p2a: Vivillon|Pollen Puff|p2b: Flutter Mane\n|-heal|p2b: Flutter Mane|81\/100\n|\n|upkeep\n|turn|7\n|-message|JDN-2925 forfeited.\n|\n|win|Zyros Phade\n|raw|JDN-2925's rating: 1306 → 1292<\/strong> (-14 for losing)\n|raw|Zyros Phade's rating: 1416 → 1430<\/strong> (+14 for winning)\n|l|\u2606JDN-2925\n","uploadtime":1682260996,"views":8,"p1id":"jdn2925","p2id":"zyrosphade","formatid":"gen9vgc2023regulationc","rating":1292,"private":0,"password":""}