{"id":"gen9vgc2023regulationc-1854624262","p1":"xiaoyang2004","p2":"Cyclades","format":"[Gen 9] VGC 2023 Regulation C","log":"|j|\u2606xiaoyang2004\n|j|\u2606Cyclades\n|t:|1682838207\n|gametype|doubles\n|player|p1|xiaoyang2004|lyra|1410\n|player|p2|Cyclades|ninjaboy|1440\n|teamsize|p1|6\n|teamsize|p2|6\n|gen|9\n|tier|[Gen 9] VGC 2023 Regulation C\n|rated|\n|rule|Species Clause: Limit one of each Pok\u00e9mon\n|rule|Item Clause: Limit one of each item\n|clearpoke\n|poke|p1|Torkoal, L50, M|\n|poke|p1|Jumpluff, L50, M|\n|poke|p1|Great Tusk, L50|\n|poke|p1|Flutter Mane, L50|\n|poke|p1|Chi-Yu, L50|\n|poke|p1|Roaring Moon, L50|\n|poke|p2|Rotom-Wash, L50|\n|poke|p2|Ting-Lu, L50|\n|poke|p2|Arcanine, L50, F|\n|poke|p2|Flutter Mane, L50|\n|poke|p2|Amoonguss, L50, M|\n|poke|p2|Toxicroak, L50, M|\n|teampreview|4\n|\n|t:|1682838247\n|start\n|switch|p1a: Jumpluff|Jumpluff, L50, M|100\/100\n|switch|p1b: Torkoal|Torkoal, L50, M, shiny|100\/100\n|switch|p2a: Toxicroak|Toxicroak, L50, M, shiny|100\/100\n|switch|p2b: Ting-Lu|Ting-Lu, L50|100\/100\n|-ability|p2b: Ting-Lu|Vessel of Ruin\n|-weather|SunnyDay|[from] ability: Drought|[of] p1b: Torkoal\n|turn|1\n|\n|t:|1682838270\n|move|p2a: Toxicroak|Fake Out|p1b: Torkoal\n|-damage|p1b: Torkoal|91\/100\n|move|p1a: Jumpluff|Sleep Powder|p2b: Ting-Lu|[miss]\n|-miss|p1a: Jumpluff|p2b: Ting-Lu\n|move|p2b: Ting-Lu|Stomping Tantrum|p1b: Torkoal\n|-supereffective|p1b: Torkoal\n|-damage|p1b: Torkoal|37\/100\n|cant|p1b: Torkoal|flinch\n|\n|-weather|SunnyDay|[upkeep]\n|-damage|p2a: Toxicroak|88\/100|[from] ability: Dry Skin|[of] p2a: Toxicroak\n|upkeep\n|turn|2\n|\n|t:|1682838292\n|-terastallize|p2a: Toxicroak|Fire\n|move|p1a: Jumpluff|Sleep Powder|p2b: Ting-Lu\n|-status|p2b: Ting-Lu|slp|[from] move: Sleep Powder\n|move|p2a: Toxicroak|Gunk Shot|p1a: Jumpluff\n|-supereffective|p1a: Jumpluff\n|-damage|p1a: Jumpluff|0 fnt\n|faint|p1a: Jumpluff\n|cant|p2b: Ting-Lu|slp\n|move|p1b: Torkoal|Overheat|p2a: Toxicroak|[miss]\n|-miss|p1b: Torkoal|p2a: Toxicroak\n|\n|-weather|SunnyDay|[upkeep]\n|-damage|p2a: Toxicroak|75\/100|[from] ability: Dry Skin|[of] p2a: Toxicroak\n|upkeep\n|\n|t:|1682838305\n|switch|p1a: Great Tusk|Great Tusk, L50, shiny|100\/100\n|-activate|p1a: Great Tusk|ability: Protosynthesis\n|-start|p1a: Great Tusk|protosynthesisatk\n|turn|3\n|\n|t:|1682838330\n|move|p2a: Toxicroak|Sucker Punch|p1b: Torkoal\n|-damage|p1b: Torkoal|22\/100\n|move|p1a: Great Tusk|Close Combat|p2b: Ting-Lu\n|-supereffective|p2b: Ting-Lu\n|-damage|p2b: Ting-Lu|7\/100 slp\n|-unboost|p1a: Great Tusk|def|1\n|-unboost|p1a: Great Tusk|spd|1\n|cant|p2b: Ting-Lu|slp\n|move|p1b: Torkoal|Overheat|p2a: Toxicroak\n|-resisted|p2a: Toxicroak\n|-damage|p2a: Toxicroak|56\/100\n|-unboost|p1b: Torkoal|spa|2\n|-enditem|p1b: Torkoal|Eject Pack\n|\n|t:|1682838343\n|switch|p1b: Roaring Moon|Roaring Moon, L50, shiny|100\/100\n|-activate|p1b: Roaring Moon|ability: Protosynthesis\n|-start|p1b: Roaring Moon|protosynthesisatk\n|\n|-weather|SunnyDay|[upkeep]\n|-damage|p2a: Toxicroak|43\/100|[from] ability: Dry Skin|[of] p2a: Toxicroak\n|-heal|p2b: Ting-Lu|13\/100 slp|[from] item: Leftovers\n|upkeep\n|turn|4\n|\n|t:|1682838362\n|-terastallize|p1b: Roaring Moon|Fire\n|move|p1a: Great Tusk|Close Combat|p2a: Toxicroak\n|-damage|p2a: Toxicroak|0 fnt\n|-unboost|p1a: Great Tusk|def|1\n|-unboost|p1a: Great Tusk|spd|1\n|faint|p2a: Toxicroak\n|move|p1b: Roaring Moon|Tera Blast|p2b: Ting-Lu\n|-damage|p2b: Ting-Lu|0 fnt\n|faint|p2b: Ting-Lu\n|\n|-weather|SunnyDay|[upkeep]\n|upkeep\n|\n|t:|1682838376\n|switch|p2a: Flutter Mane|Flutter Mane, L50|100\/100\n|switch|p2b: Arcanine|Arcanine, L50, F|100\/100\n|-activate|p2a: Flutter Mane|ability: Protosynthesis\n|-start|p2a: Flutter Mane|protosynthesisspe\n|-ability|p2b: Arcanine|Intimidate|boost\n|-unboost|p1a: Great Tusk|atk|1\n|-fail|p1b: Roaring Moon|unboost|[from] item: Clear Amulet|[of] p1b: Roaring Moon\n|turn|5\n|\n|t:|1682838400\n|-end|p1a: Great Tusk|Protosynthesis|[silent]\n|switch|p1a: Torkoal|Torkoal, L50, M, shiny|22\/100\n|move|p2b: Arcanine|Extreme Speed|p1b: Roaring Moon\n|-damage|p1b: Roaring Moon|67\/100\n|move|p2a: Flutter Mane|Shadow Ball|p1b: Roaring Moon\n|-damage|p1b: Roaring Moon|7\/100\n|move|p1b: Roaring Moon|Tailwind|p1b: Roaring Moon\n|-sidestart|p1: xiaoyang2004|move: Tailwind\n|\n|-weather|none\n|-end|p1b: Roaring Moon|Protosynthesis\n|-end|p2a: Flutter Mane|Protosynthesis\n|upkeep\n|turn|6\n|\n|t:|1682838420\n|move|p1b: Roaring Moon|Protect|p1b: Roaring Moon\n|-singleturn|p1b: Roaring Moon|Protect\n|move|p2b: Arcanine|Extreme Speed|p1b: Roaring Moon\n|-activate|p1b: Roaring Moon|move: Protect\n|move|p2a: Flutter Mane|Shadow Ball|p1a: Torkoal\n|-damage|p1a: Torkoal|0 fnt\n|faint|p1a: Torkoal\n|\n|upkeep\n|\n|t:|1682838429\n|switch|p1a: Great Tusk|Great Tusk, L50, shiny|100\/100\n|turn|7\n|\n|t:|1682838457\n|move|p2b: Arcanine|Extreme Speed|p1b: Roaring Moon\n|-damage|p1b: Roaring Moon|0 fnt\n|faint|p1b: Roaring Moon\n|-end|p1b: Roaring Moon|Protosynthesis|[silent]\n|move|p1a: Great Tusk|Headlong Rush|p2a: Flutter Mane\n|-damage|p2a: Flutter Mane|0 fnt\n|-unboost|p1a: Great Tusk|def|1\n|-unboost|p1a: Great Tusk|spd|1\n|faint|p2a: Flutter Mane\n|-end|p2a: Flutter Mane|Protosynthesis|[silent]\n|\n|upkeep\n|turn|8\n|\n|t:|1682838468\n|move|p2b: Arcanine|Protect|p2b: Arcanine\n|-singleturn|p2b: Arcanine|Protect\n|move|p1a: Great Tusk|Headlong Rush|p2b: Arcanine\n|-activate|p2b: Arcanine|move: Protect\n|\n|-sideend|p1: xiaoyang2004|move: Tailwind\n|upkeep\n|turn|9\n|\n|t:|1682838477\n|move|p1a: Great Tusk|Headlong Rush|p2b: Arcanine\n|-supereffective|p2b: Arcanine\n|-damage|p2b: Arcanine|0 fnt\n|-unboost|p1a: Great Tusk|def|1\n|-unboost|p1a: Great Tusk|spd|1\n|faint|p2b: Arcanine\n|\n|win|xiaoyang2004\n|raw|xiaoyang2004's rating: 1410 → 1432<\/strong> (+22 for winning)\n|raw|Cyclades's rating: 1440 → 1418<\/strong> (-22 for losing)\n|l|\u2606Cyclades\n","uploadtime":1682838484,"views":18,"p1id":"xiaoyang2004","p2id":"cyclades","formatid":"gen9vgc2023regulationc","rating":1418,"private":0,"password":""}