{"id":"gen9vgc2023regulationc-1860608912","p1":"Spageddy69","p2":"Scrandrew","format":"[Gen 9] VGC 2023 Regulation C","log":"|j|\u2606Spageddy69\n|j|\u2606Scrandrew\n|t:|1683658671\n|gametype|doubles\n|player|p1|Spageddy69|101|\n|player|p2|Scrandrew|1|\n|teamsize|p1|6\n|teamsize|p2|6\n|gen|9\n|tier|[Gen 9] VGC 2023 Regulation C\n|rule|Species Clause: Limit one of each Pok\u00e9mon\n|rule|Item Clause: Limit one of each item\n|clearpoke\n|poke|p1|Dunsparce, L5, F|\n|poke|p1|Greavard, L5, M|\n|poke|p1|Sandygast, L5, M|\n|poke|p1|Quaxly, L5, F|\n|poke|p1|Rellor, L5, F|\n|poke|p1|Tynamo, L5, F|\n|poke|p2|Drifloon, L5, F|\n|poke|p2|Toedscool, L5, F|\n|poke|p2|Lechonk, L5, F|\n|poke|p2|Fuecoco, L5, M|\n|poke|p2|Azurill, L5, F|\n|poke|p2|Pawmi, L5, M|\n|teampreview|4\nSpageddy69 has agreed to open team sheets.\n|j| haydyg\n|c| haydyg|glglglgl gents\n|j| ZenN16\n|c|\u2606Scrandrew|we gud to go?\n|c| ZenN16|glhf\n|c|\u2606Spageddy69|Aye I am\n|j| mharidain\n|c|\u2606Scrandrew|lego\n|\n|t:|1683658804\n|start\n|switch|p1a: DuDunn|Dunsparce, L5, F, shiny|100\/100\n|switch|p1b: I did not do 9\/11|Quaxly, L5, F|100\/100\n|switch|p2a: Drifloon|Drifloon, L5, F|100\/100\n|switch|p2b: Azurill|Azurill, L5, F|100\/100\n|turn|1\n|\n|t:|1683658823\n|move|p1b: I did not do 9\/11|Protect|p1b: I did not do 9\/11\n|-singleturn|p1b: I did not do 9\/11|Protect\n|move|p2a: Drifloon|Tailwind|p2a: Drifloon\n|-sidestart|p2: Scrandrew|move: Tailwind\n|move|p2b: Azurill|Belly Drum|p2b: Azurill\n|-damage|p2b: Azurill|50\/100\n|-setboost|p2b: Azurill|atk|6|[from] move: Belly Drum\n|-enditem|p2b: Azurill|Oran Berry|[eat]\n|-heal|p2b: Azurill|96\/100|[from] item: Oran Berry\n|move|p1a: DuDunn|Coil|p1a: DuDunn\n|-boost|p1a: DuDunn|atk|1\n|-boost|p1a: DuDunn|def|1\n|-boost|p1a: DuDunn|accuracy|1\n|\n|upkeep\n|turn|2\n|\n|t:|1683658849\n|move|p2b: Azurill|Aqua Jet|p1a: DuDunn\n|-damage|p1a: DuDunn|56\/100\n|move|p2a: Drifloon|Will-O-Wisp|p1a: DuDunn|[miss]\n|-miss|p2a: Drifloon|p1a: DuDunn\n|move|p1b: I did not do 9\/11|Last Resort|p2b: Azurill\n|-damage|p2b: Azurill|19\/100\n|-damage|p1b: I did not do 9\/11|91\/100|[from] item: Life Orb\n|move|p1a: DuDunn|Glare|p2b: Azurill\n|-status|p2b: Azurill|par\n|\n|-heal|p1a: DuDunn|59\/100|[from] item: Leftovers\n|upkeep\n|turn|3\n|\n|t:|1683658878\n|switch|p2a: Toedscool|Toedscool, L5, F|100\/100\n|move|p2b: Azurill|Protect|p2b: Azurill\n|-singleturn|p2b: Azurill|Protect\n|move|p1b: I did not do 9\/11|Last Resort|p2b: Azurill\n|-activate|p2b: Azurill|move: Protect\n|move|p1a: DuDunn|Coil|p1a: DuDunn\n|-boost|p1a: DuDunn|atk|1\n|-boost|p1a: DuDunn|def|1\n|-boost|p1a: DuDunn|accuracy|1\n|\n|-heal|p1a: DuDunn|63\/100|[from] item: Leftovers\n|upkeep\n|turn|4\n|c| haydyg|he coiling tho\n|c| ZenN16|Dunsparce be looking thiccc\n|\n|t:|1683658925\n|move|p2b: Azurill|Aqua Jet|p1a: DuDunn\n|-damage|p1a: DuDunn|25\/100\n|move|p2a: Toedscool|Giga Drain|p1b: I did not do 9\/11\n|-supereffective|p1b: I did not do 9\/11\n|-damage|p1b: I did not do 9\/11|0 fnt\n|faint|p1b: I did not do 9\/11\n|move|p1a: DuDunn|Ice Spinner|p2a: Toedscool\n|-supereffective|p2a: Toedscool\n|-enditem|p2a: Toedscool|Focus Sash\n|-damage|p2a: Toedscool|5\/100\n|\n|-heal|p1a: DuDunn|28\/100|[from] item: Leftovers\n|-sideend|p2: Scrandrew|move: Tailwind\n|upkeep\n|\n|t:|1683658952\n|switch|p1b: Sandy|Sandygast, L5, M, shiny|100\/100\n|turn|5\n|\n|t:|1683659007\n|move|p2b: Azurill|Aqua Jet|p1a: DuDunn\n|-damage|p1a: DuDunn|0 fnt\n|faint|p1a: DuDunn\n|move|p1b: Sandy|Sludge Bomb|p2b: Azurill\n|-supereffective|p2b: Azurill\n|-damage|p2b: Azurill|0 fnt\n|faint|p2b: Azurill\n|move|p2a: Toedscool|Spore|p1b: Sandy\n|-status|p1b: Sandy|slp|[from] move: Spore\n|\n|upkeep\n|\n|t:|1683659019\n|switch|p1a: Candle Doge|Greavard, L5, M|100\/100\n|switch|p2b: Drifloon|Drifloon, L5, F|100\/100\n|turn|6\n|\n|t:|1683659058\n|move|p2a: Toedscool|Giga Drain|p1b: Sandy\n|-supereffective|p1b: Sandy\n|-damage|p1b: Sandy|20\/100 slp\n|-heal|p2a: Toedscool|56\/100|[from] drain|[of] p1b: Sandy\n|move|p2b: Drifloon|Tailwind|p2b: Drifloon\n|-sidestart|p2: Scrandrew|move: Tailwind\n|move|p1a: Candle Doge|Phantom Force||[still]\n|-prepare|p1a: Candle Doge|Phantom Force\n|cant|p1b: Sandy|slp\n|\n|upkeep\n|turn|7\n|\n|t:|1683659080\n|switch|p2b: Fuecoco|Fuecoco, L5, M|100\/100\n|move|p2a: Toedscool|Giga Drain|p1b: Sandy\n|-supereffective|p1b: Sandy\n|-damage|p1b: Sandy|0 fnt\n|-heal|p2a: Toedscool|70\/100|[from] drain|[of] p1b: Sandy\n|faint|p1b: Sandy\n|move|p1a: Candle Doge|Phantom Force|p2a: Toedscool|[from]lockedmove\n|-damage|p2a: Toedscool|0 fnt\n|faint|p2a: Toedscool\n|\n|upkeep\n|\n|t:|1683659091\n|switch|p2a: Drifloon|Drifloon, L5, F|100\/100\n|turn|8\n|\n|t:|1683659123\n|move|p2a: Drifloon|Shadow Ball|p1a: Candle Doge\n|-supereffective|p1a: Candle Doge\n|-damage|p1a: Candle Doge|40\/100\n|move|p2b: Fuecoco|Snarl|p1a: Candle Doge\n|-supereffective|p1a: Candle Doge\n|-damage|p1a: Candle Doge|0 fnt\n|faint|p1a: Candle Doge\n|\n|win|Scrandrew\n|c| haydyg|gggg\n|l| ZenN16\n|c|\u2606Spageddy69|gg\n|c|\u2606Scrandrew|gg\n|c| haydyg|very gg boys\n|l| mharidain\n|l|\u2606Spageddy69\n|l| haydyg\n|j| haydyg\n","uploadtime":1683659206,"views":23,"p1id":"spageddy69","p2id":"scrandrew","formatid":"gen9vgc2023regulationc","rating":0,"private":0,"password":""}