{"id":"gen9vgc2023regulationc-1849995523","p1":"TheNutmeg33","p2":"ThreeFingerDP","format":"[Gen 9] VGC 2023 Regulation C","log":"|j|\u2606TheNutmeg33\n|j|\u2606ThreeFingerDP\n|t:|1682276145\n|gametype|doubles\n|player|p1|TheNutmeg33|266|1395\n|player|p2|ThreeFingerDP|wallace|1330\n|teamsize|p1|6\n|teamsize|p2|6\n|gen|9\n|tier|[Gen 9] VGC 2023 Regulation C\n|rated|\n|rule|Species Clause: Limit one of each Pok\u00e9mon\n|rule|Item Clause: Limit one of each item\n|clearpoke\n|poke|p1|Roaring Moon, L50|\n|poke|p1|Iron Hands, L50|\n|poke|p1|Flutter Mane, L50|\n|poke|p1|Palafin, L50, F|\n|poke|p1|Amoonguss, L50, M|\n|poke|p1|Arcanine, L50, F|\n|poke|p2|Flutter Mane, L50|\n|poke|p2|Arcanine, L50, M|\n|poke|p2|Amoonguss, L50, F|\n|poke|p2|Palafin, L50, F|\n|poke|p2|Baxcalibur, L50, F|\n|poke|p2|Ting-Lu, L50|\n|teampreview|4\nThreeFingerDP has agreed to open team sheets.\n|inactive|Battle timer is ON: inactive players will automatically lose when time's up. (requested by ThreeFingerDP)\n|\n|t:|1682276182\n|start\n|switch|p1a: Palafin|Palafin, L50, F|100\/100\n|switch|p1b: Roaring Moon|Roaring Moon, L50|100\/100\n|switch|p2a: Flutter Mane|Flutter Mane, L50|100\/100\n|switch|p2b: Baxcalibur|Baxcalibur, L50, F|100\/100\n|-enditem|p1b: Roaring Moon|Booster Energy\n|-activate|p1b: Roaring Moon|ability: Protosynthesis|[fromitem]\n|-start|p1b: Roaring Moon|protosynthesisspe\n|turn|1\n|\n|t:|1682276205\n|-terastallize|p1b: Roaring Moon|Flying\n|-terastallize|p2b: Baxcalibur|Poison\n|move|p1a: Palafin|Jet Punch|p2a: Flutter Mane\n|-damage|p2a: Flutter Mane|61\/100\n|move|p1b: Roaring Moon|Acrobatics|p2a: Flutter Mane\n|-damage|p2a: Flutter Mane|0 fnt\n|faint|p2a: Flutter Mane\n|-end|p2a: Flutter Mane|Protosynthesis|[silent]\n|move|p2b: Baxcalibur|Glaive Rush|p1b: Roaring Moon\n|-damage|p1b: Roaring Moon|7\/100\n|-singlemove|p2b: Baxcalibur|Glaive Rush|[silent]\n|\n|upkeep\n|\n|t:|1682276218\n|switch|p2a: Arcanine|Arcanine, L50, M|100\/100\n|-ability|p2a: Arcanine|Intimidate|boost\n|-unboost|p1a: Palafin|atk|1\n|-unboost|p1b: Roaring Moon|atk|1\n|turn|2\n|\n|t:|1682276226\n|detailschange|p1a: Palafin|Palafin-Hero, L50, F\n|switch|p1a: Arcanine|Arcanine, L50, F, shiny|100\/100\n|-ability|p1a: Arcanine|Intimidate|boost\n|-unboost|p2a: Arcanine|atk|1\n|-unboost|p2b: Baxcalibur|atk|1\n|move|p2b: Baxcalibur|Ice Shard|p1b: Roaring Moon\n|-supereffective|p1b: Roaring Moon\n|-damage|p1b: Roaring Moon|0 fnt\n|faint|p1b: Roaring Moon\n|-end|p1b: Roaring Moon|Protosynthesis|[silent]\n|move|p2a: Arcanine|Will-O-Wisp|p1a: Arcanine\n|-immune|p1a: Arcanine\n|\n|upkeep\n|\n|t:|1682276238\n|switch|p1b: Iron Hands|Iron Hands, L50, shiny|100\/100\n|turn|3\n|\n|t:|1682276252\n|move|p2b: Baxcalibur|Protect|p2b: Baxcalibur\n|-singleturn|p2b: Baxcalibur|Protect\n|move|p1b: Iron Hands|Fake Out|p2a: Arcanine\n|-damage|p2a: Arcanine|83\/100\n|cant|p2a: Arcanine|flinch\n|move|p1a: Arcanine|Howl|p1a: Arcanine|[spread] p1a,p1b\n|-boost|p1a: Arcanine|atk|1\n|-boost|p1b: Iron Hands|atk|1\n|\n|upkeep\n|turn|4\n|\n|t:|1682276269\n|move|p1a: Arcanine|Extreme Speed|p2a: Arcanine\n|-damage|p2a: Arcanine|50\/100\n|move|p2a: Arcanine|Will-O-Wisp|p1b: Iron Hands\n|-status|p1b: Iron Hands|brn\n|move|p2b: Baxcalibur|Glaive Rush|p1a: Arcanine\n|-damage|p1a: Arcanine|53\/100\n|-singlemove|p2b: Baxcalibur|Glaive Rush|[silent]\n|move|p1b: Iron Hands|Wild Charge|p2a: Arcanine\n|-damage|p2a: Arcanine|10\/100\n|-damage|p1b: Iron Hands|92\/100 brn|[from] Recoil\n|\n|-damage|p1b: Iron Hands|86\/100 brn|[from] brn\n|upkeep\n|turn|5\n|\n|t:|1682276289\n|move|p2b: Baxcalibur|Protect|p2b: Baxcalibur\n|-singleturn|p2b: Baxcalibur|Protect\n|move|p1a: Arcanine|Extreme Speed|p2a: Arcanine\n|-damage|p2a: Arcanine|0 fnt\n|faint|p2a: Arcanine\n|move|p1b: Iron Hands|Drain Punch|p2b: Baxcalibur\n|-activate|p2b: Baxcalibur|move: Protect\n|\n|-damage|p1b: Iron Hands|80\/100 brn|[from] brn\n|upkeep\n|\n|t:|1682276295\n|switch|p2a: Ting-Lu|Ting-Lu, L50|100\/100\n|-ability|p2a: Ting-Lu|Vessel of Ruin\n|turn|6\n|\n|t:|1682276305\n|move|p1a: Arcanine|Will-O-Wisp|p2a: Ting-Lu\n|-status|p2a: Ting-Lu|brn\n|move|p2b: Baxcalibur|Glaive Rush|p1a: Arcanine\n|-damage|p1a: Arcanine|2\/100\n|-singlemove|p2b: Baxcalibur|Glaive Rush|[silent]\n|move|p2a: Ting-Lu|Stomping Tantrum|p1b: Iron Hands\n|-supereffective|p1b: Iron Hands\n|-damage|p1b: Iron Hands|50\/100 brn\n|move|p1b: Iron Hands|Drain Punch|p2b: Baxcalibur\n|-resisted|p2b: Baxcalibur\n|-damage|p2b: Baxcalibur|71\/100\n|-heal|p1b: Iron Hands|64\/100 brn|[from] drain|[of] p2b: Baxcalibur\n|\n|-damage|p2a: Ting-Lu|95\/100 brn|[from] brn\n|-damage|p1b: Iron Hands|58\/100 brn|[from] brn\n|upkeep\n|turn|7\n|\n|t:|1682276328\n|move|p2b: Baxcalibur|Ice Shard|p1a: Arcanine\n|-resisted|p1a: Arcanine\n|-damage|p1a: Arcanine|0 fnt\n|faint|p1a: Arcanine\n|move|p2a: Ting-Lu|Stomping Tantrum|p1b: Iron Hands\n|-supereffective|p1b: Iron Hands\n|-damage|p1b: Iron Hands|32\/100 brn\n|move|p1b: Iron Hands|Drain Punch|p2a: Ting-Lu\n|-supereffective|p2a: Ting-Lu\n|-damage|p2a: Ting-Lu|52\/100 brn\n|-heal|p1b: Iron Hands|54\/100 brn|[from] drain|[of] p2a: Ting-Lu\n|\n|-damage|p2a: Ting-Lu|46\/100 brn|[from] brn\n|-damage|p1b: Iron Hands|48\/100 brn|[from] brn\n|upkeep\n|\n|t:|1682276339\n|switch|p1a: Palafin|Palafin-Hero, L50, F|100\/100\n|-activate|p1a: Palafin|ability: Zero to Hero\n|turn|8\n|\n|t:|1682276348\n|move|p1a: Palafin|Wave Crash|p2b: Baxcalibur\n|-damage|p2b: Baxcalibur|0 fnt\n|faint|p2b: Baxcalibur\n|-damage|p1a: Palafin|76\/100|[from] Recoil\n|move|p2a: Ting-Lu|Fissure|p1a: Palafin\n|-damage|p1a: Palafin|0 fnt\n|faint|p1a: Palafin\n|-ohko\n|move|p1b: Iron Hands|Drain Punch|p2a: Ting-Lu\n|-supereffective|p2a: Ting-Lu\n|-damage|p2a: Ting-Lu|1\/100 brn\n|-heal|p1b: Iron Hands|71\/100 brn|[from] drain|[of] p2a: Ting-Lu\n|\n|-damage|p2a: Ting-Lu|0 fnt|[from] brn\n|faint|p2a: Ting-Lu\n|\n|win|TheNutmeg33\n|upkeep\n|raw|TheNutmeg33's rating: 1395 → 1411<\/strong> (+16 for winning)\n|raw|ThreeFingerDP's rating: 1330 → 1314<\/strong> (-16 for losing)\n|l|\u2606ThreeFingerDP\n","uploadtime":1682276367,"views":7,"p1id":"thenutmeg33","p2id":"threefingerdp","formatid":"gen9vgc2023regulationc","rating":1314,"private":0,"password":""}