{"id":"gen9vgc2023regulationc-1848163677","p1":"ApplinFan773","p2":"LordSno","format":"[Gen 9] VGC 2023 Regulation C","log":"|j|\u2606ApplinFan773\n|j|\u2606LordSno\n|t:|1682037228\n|gametype|doubles\n|player|p1|ApplinFan773|cilan|1197\n|player|p2|LordSno|265|1092\n|teamsize|p1|6\n|teamsize|p2|6\n|gen|9\n|tier|[Gen 9] VGC 2023 Regulation C\n|rated|\n|rule|Species Clause: Limit one of each Pok\u00e9mon\n|rule|Item Clause: Limit one of each item\n|clearpoke\n|poke|p1|Maushold-Four, L50|\n|poke|p1|Flutter Mane, L50|\n|poke|p1|Scream Tail, L50|\n|poke|p1|Arboliva, L50, F|\n|poke|p1|Ceruledge, L50, M|\n|poke|p1|Salamence, L50, M|\n|poke|p2|Chi-Yu, L50|\n|poke|p2|Flutter Mane, L50|\n|poke|p2|Torkoal, L50, M|\n|poke|p2|Jumpluff, L50, M|\n|poke|p2|Great Tusk, L50|\n|poke|p2|Wo-Chien, L50|\n|teampreview|4\n|inactive|Battle timer is ON: inactive players will automatically lose when time's up. (requested by ApplinFan773)\n|c|\u2606ApplinFan773|Glhf\n|inactive|ApplinFan773 has 60 seconds left.\n|\n|t:|1682037265\n|start\n|switch|p1a: Grim Shady|Ceruledge, L50, M|100\/100\n|switch|p1b: Persephone|Scream Tail, L50, shiny|100\/100\n|switch|p2a: Jumpluff|Jumpluff, L50, M|100\/100\n|switch|p2b: Torkoal|Torkoal, L50, M|100\/100\n|-weather|SunnyDay|[from] ability: Drought|[of] p2b: Torkoal\n|-activate|p1b: Persephone|ability: Protosynthesis\n|-start|p1b: Persephone|protosynthesisspe\n|turn|1\n|inactive|LordSno has 30 seconds left.\n|\n|t:|1682037291\n|move|p2a: Jumpluff|Sleep Powder|p1b: Persephone\n|-status|p1b: Persephone|slp|[from] move: Sleep Powder\n|cant|p1b: Persephone|slp\n|move|p1a: Grim Shady|Bitter Blade|p2a: Jumpluff\n|-supereffective|p2a: Jumpluff\n|-damage|p2a: Jumpluff|0 fnt\n|faint|p2a: Jumpluff\n|move|p2b: Torkoal|Yawn|p1a: Grim Shady\n|-start|p1a: Grim Shady|move: Yawn|[of] p2b: Torkoal\n|\n|-weather|SunnyDay|[upkeep]\n|upkeep\n|\n|t:|1682037303\n|switch|p2a: Chi-Yu|Chi-Yu, L50|100\/100\n|-ability|p2a: Chi-Yu|Beads of Ruin\n|turn|2\n|\n|t:|1682037319\n|cant|p1b: Persephone|slp\n|move|p2a: Chi-Yu|Nasty Plot|p2a: Chi-Yu\n|-boost|p2a: Chi-Yu|spa|2\n|move|p1a: Grim Shady|Close Combat|p2a: Chi-Yu\n|-supereffective|p2a: Chi-Yu\n|-damage|p2a: Chi-Yu|0 fnt\n|-unboost|p1a: Grim Shady|def|1\n|-unboost|p1a: Grim Shady|spd|1\n|faint|p2a: Chi-Yu\n|move|p2b: Torkoal|Overheat|p1b: Persephone\n|-damage|p1b: Persephone|44\/100 slp\n|-unboost|p2b: Torkoal|spa|2\n|-enditem|p2b: Torkoal|Eject Pack\n|\n|t:|1682037326\n|switch|p2b: Flutter Mane|Flutter Mane, L50|100\/100\n|-activate|p2b: Flutter Mane|ability: Protosynthesis\n|-start|p2b: Flutter Mane|protosynthesisspe\n|\n|-weather|SunnyDay|[upkeep]\n|-end|p1a: Grim Shady|move: Yawn|[silent]\n|-status|p1a: Grim Shady|slp\n|upkeep\n|\n|t:|1682037328\n|switch|p2a: Torkoal|Torkoal, L50, M|100\/100\n|turn|3\n|\n|t:|1682037345\n|switch|p1a: Salami|Salamence, L50, M, shiny|100\/100\n|-ability|p1a: Salami|Intimidate|boost\n|-unboost|p2a: Torkoal|atk|1\n|-unboost|p2b: Flutter Mane|atk|1\n|move|p2b: Flutter Mane|Shadow Ball|p1a: Salami\n|-damage|p1a: Salami|47\/100\n|-curestatus|p1b: Persephone|slp|[msg]\n|move|p1b: Persephone|Howl|p1b: Persephone|[spread] p1a,p1b\n|-boost|p1a: Salami|atk|1\n|-boost|p1b: Persephone|atk|1\n|move|p2a: Torkoal|Heat Wave|p1a: Salami|[spread] p1a,p1b\n|-resisted|p1a: Salami\n|-damage|p1a: Salami|19\/100\n|-damage|p1b: Persephone|14\/100\n|\n|-weather|SunnyDay|[upkeep]\n|upkeep\n|turn|4\n|inactive|ApplinFan773 has 30 seconds left.\n|\n|t:|1682037376\n|move|p2b: Flutter Mane|Dazzling Gleam|p1a: Salami|[spread] p1a,p1b\n|-supereffective|p1a: Salami\n|-damage|p1a: Salami|0 fnt\n|-damage|p1b: Persephone|0 fnt\n|faint|p1a: Salami\n|faint|p1b: Persephone\n|-end|p1b: Persephone|Protosynthesis|[silent]\n|move|p2a: Torkoal|Heat Wave|p1: Salami|[notarget]\n|-fail|p2a: Torkoal\n|\n|-weather|SunnyDay|[upkeep]\n|upkeep\n|\n|t:|1682037380\n|switch|p1b: Rhea|Arboliva, L50, F, shiny|100\/100\n|switch|p1a: Grim Shady|Ceruledge, L50, M|100\/100 slp\n|turn|5\n|\n|t:|1682037401\n|-terastallize|p1a: Grim Shady|Grass\n|move|p1b: Rhea|Protect|p1b: Rhea\n|-singleturn|p1b: Rhea|Protect\n|cant|p1a: Grim Shady|slp\n|move|p2b: Flutter Mane|Shadow Ball|p1a: Grim Shady\n|-crit|p1a: Grim Shady\n|-damage|p1a: Grim Shady|63\/100 slp\n|move|p2a: Torkoal|Heat Wave|p1a: Grim Shady|[spread] \n|-activate|p1b: Rhea|move: Protect\n|-start|p1a: Grim Shady|ability: Flash Fire\n|\n|-weather|none\n|-end|p2b: Flutter Mane|Protosynthesis\n|upkeep\n|turn|6\n|inactive|ApplinFan773 has 30 seconds left.\n|\n|t:|1682037427\n|move|p2b: Flutter Mane|Shadow Ball|p1a: Grim Shady\n|-damage|p1a: Grim Shady|33\/100 slp\n|-unboost|p1a: Grim Shady|spd|1\n|-curestatus|p1a: Grim Shady|slp|[msg]\n|move|p1a: Grim Shady|Bitter Blade|p2b: Flutter Mane\n|-enditem|p2b: Flutter Mane|Focus Sash\n|-damage|p2b: Flutter Mane|1\/100\n|-heal|p1a: Grim Shady|70\/100|[from] drain|[of] p2b: Flutter Mane\n|move|p1b: Rhea|Dazzling Gleam|p2a: Torkoal|[spread] p2a,p2b\n|-resisted|p2a: Torkoal\n|-damage|p2a: Torkoal|85\/100\n|-damage|p2b: Flutter Mane|0 fnt\n|faint|p2b: Flutter Mane\n|-end|p2b: Flutter Mane|Protosynthesis|[silent]\n|move|p2a: Torkoal|Yawn|p1b: Rhea\n|-start|p1b: Rhea|move: Yawn|[of] p2a: Torkoal\n|\n|upkeep\n|turn|7\n|-message|LordSno forfeited.\n|\n|win|ApplinFan773\n|raw|ApplinFan773's rating: 1197 → 1215<\/strong> (+18 for winning)\n|raw|LordSno's rating: 1092 → 1075<\/strong> (-17 for losing)\n|l|\u2606LordSno\n","uploadtime":1682037452,"views":5,"p1id":"applinfan773","p2id":"lordsno","formatid":"gen9vgc2023regulationc","rating":1075,"private":0,"password":""}