{"id":"gen9vgc2023regulationc-1853292389","p1":"wazzzuup","p2":"Sumo'sWeenusVGC","format":"[Gen 9] VGC 2023 Regulation C","log":"|j|\u2606wazzzuup\n|j|\u2606Sumo'sWeenusVGC\n|t:|1682662403\n|gametype|doubles\n|player|p1|wazzzuup|allister|1204\n|player|p2|Sumo'sWeenusVGC|colress|1128\n|teamsize|p1|6\n|teamsize|p2|6\n|gen|9\n|tier|[Gen 9] VGC 2023 Regulation C\n|rated|\n|rule|Species Clause: Limit one of each Pok\u00e9mon\n|rule|Item Clause: Limit one of each item\n|clearpoke\n|poke|p1|Amoonguss, L50, M|\n|poke|p1|Tyranitar, L50, M|\n|poke|p1|Garchomp, L50, F|\n|poke|p1|Palafin, L50, M|\n|poke|p1|Corviknight, L50, M|\n|poke|p1|Glimmora, L50, M|\n|poke|p2|Grimmsnarl, L50, M|\n|poke|p2|Scream Tail, L50|\n|poke|p2|Armarouge, L50, F|\n|poke|p2|Azumarill, L50, F|\n|poke|p2|Brute Bonnet, L50|\n|poke|p2|Bronzong, L50|\n|teampreview|4\n|inactive|Battle timer is ON: inactive players will automatically lose when time's up. (requested by Sumo'sWeenusVGC)\nSumo'sWeenusVGC has agreed to open team sheets.\nwazzzuup has agreed to open team sheets.\n|inactive|wazzzuup has 60 seconds left.\n|inactive|Sumo'sWeenusVGC has 60 seconds left.\n|inactive|Sumo'sWeenusVGC has 30 seconds left.\n|inactive|Sumo'sWeenusVGC has 20 seconds left.\n|inactive|Sumo'sWeenusVGC has 15 seconds left.\n|inactive|Sumo'sWeenusVGC has 10 seconds left.\n|\n|t:|1682662485\n|start\n|switch|p1a: Tyranitar|Tyranitar, L50, M|100\/100\n|switch|p1b: Glimmora|Glimmora, L50, M|100\/100\n|switch|p2a: Bronzong|Bronzong, L50|100\/100\n|switch|p2b: Grimmsnarl|Grimmsnarl, L50, M|100\/100\n|-weather|Sandstorm|[from] ability: Sand Stream|[of] p1a: Tyranitar\n|turn|1\n|inactive|Sumo'sWeenusVGC has 30 seconds left.\n|\n|t:|1682662511\n|move|p2b: Grimmsnarl|Fake Out|p1a: Tyranitar\n|-resisted|p1a: Tyranitar\n|-damage|p1a: Tyranitar|97\/100\n|move|p1b: Glimmora|Power Gem|p2a: Bronzong\n|-resisted|p2a: Bronzong\n|-crit|p2a: Bronzong\n|-damage|p2a: Bronzong|73\/100\n|cant|p1a: Tyranitar|flinch\n|move|p2a: Bronzong|Trick Room|p2a: Bronzong\n|-fieldstart|move: Trick Room|[of] p2a: Bronzong\n|\n|-weather|Sandstorm|[upkeep]\n|-damage|p2b: Grimmsnarl|95\/100|[from] Sandstorm\n|-heal|p2a: Bronzong|79\/100|[from] item: Leftovers\n|upkeep\n|turn|2\n|\n|t:|1682662533\n|-terastallize|p1a: Tyranitar|Flying\n|move|p2b: Grimmsnarl|Reflect|p2b: Grimmsnarl\n|-sidestart|p2: Sumo'sWeenusVGC|Reflect\n|move|p2a: Bronzong|Iron Defense|p2a: Bronzong\n|-boost|p2a: Bronzong|def|2\n|move|p1a: Tyranitar|Heavy Slam|p2b: Grimmsnarl\n|-supereffective|p2b: Grimmsnarl\n|-damage|p2b: Grimmsnarl|53\/100\n|-enditem|p2b: Grimmsnarl|Eject Button\n|\n|t:|1682662546\n|switch|p2b: Brute Bonnet|Brute Bonnet, L50|100\/100\n|move|p1b: Glimmora|Sludge Bomb|p2b: Brute Bonnet\n|-supereffective|p2b: Brute Bonnet\n|-damage|p2b: Brute Bonnet|22\/100\n|\n|-weather|Sandstorm|[upkeep]\n|-damage|p2b: Brute Bonnet|16\/100|[from] Sandstorm\n|-damage|p1a: Tyranitar|91\/100|[from] Sandstorm\n|-heal|p2a: Bronzong|85\/100|[from] item: Leftovers\n|upkeep\n|turn|3\n|\n|t:|1682662569\n|switch|p1a: Corviknight|Corviknight, L50, M|100\/100\n|move|p1b: Glimmora|Spiky Shield|p1b: Glimmora\n|-singleturn|p1b: Glimmora|move: Protect\n|move|p2a: Bronzong|Iron Defense|p2a: Bronzong\n|-boost|p2a: Bronzong|def|2\n|move|p2b: Brute Bonnet|Spore|p1b: Glimmora\n|-activate|p1b: Glimmora|move: Protect\n|\n|-weather|Sandstorm|[upkeep]\n|-damage|p2b: Brute Bonnet|9\/100|[from] Sandstorm\n|-heal|p2a: Bronzong|91\/100|[from] item: Leftovers\n|upkeep\n|turn|4\n|inactive|Sumo'sWeenusVGC has 30 seconds left.\n|inactive|Sumo'sWeenusVGC has 20 seconds left.\n|\n|t:|1682662607\n|switch|p1b: Garchomp|Garchomp, L50, F|100\/100\n|move|p2a: Bronzong|Iron Defense|p2a: Bronzong\n|-boost|p2a: Bronzong|def|2\n|move|p2b: Brute Bonnet|Bullet Seed|p1a: Corviknight\n|-resisted|p1a: Corviknight\n|-damage|p1a: Corviknight|98\/100\n|-resisted|p1a: Corviknight\n|-damage|p1a: Corviknight|95\/100\n|-resisted|p1a: Corviknight\n|-damage|p1a: Corviknight|92\/100\n|-resisted|p1a: Corviknight\n|-damage|p1a: Corviknight|89\/100\n|-hitcount|p1a: Corviknight|4\n|move|p1a: Corviknight|Iron Defense|p1a: Corviknight\n|-boost|p1a: Corviknight|def|2\n|\n|-weather|Sandstorm|[upkeep]\n|-damage|p2b: Brute Bonnet|3\/100|[from] Sandstorm\n|-heal|p2a: Bronzong|97\/100|[from] item: Leftovers\n|upkeep\n|turn|5\n|\n|t:|1682662632\n|move|p1b: Garchomp|Protect|p1b: Garchomp\n|-singleturn|p1b: Garchomp|Protect\n|move|p2a: Bronzong|Body Press|p1a: Corviknight\n|-damage|p1a: Corviknight|47\/100\n|move|p2b: Brute Bonnet|Spore|p1b: Garchomp\n|-activate|p1b: Garchomp|move: Protect\n|move|p1a: Corviknight|Iron Defense|p1a: Corviknight\n|-boost|p1a: Corviknight|def|2\n|\n|-weather|none\n|-heal|p2a: Bronzong|100\/100|[from] item: Leftovers\n|-fieldend|move: Trick Room\n|upkeep\n|turn|6\n|\n|t:|1682662651\n|move|p1b: Garchomp|Earthquake|p2b: Brute Bonnet|[spread] p2b\n|-immune|p1a: Corviknight\n|-immune|p2a: Bronzong|[from] ability: Levitate\n|-resisted|p2b: Brute Bonnet\n|-crit|p2b: Brute Bonnet\n|-damage|p2b: Brute Bonnet|0 fnt\n|faint|p2b: Brute Bonnet\n|-end|p2b: Brute Bonnet|Protosynthesis|[silent]\n|move|p1a: Corviknight|Iron Defense|p1a: Corviknight\n|-boost|p1a: Corviknight|def|2\n|move|p2a: Bronzong|Body Press|p1a: Corviknight\n|-damage|p1a: Corviknight|26\/100\n|\n|-sideend|p2: Sumo'sWeenusVGC|Reflect\n|upkeep\n|\n|t:|1682662666\n|switch|p2b: Grimmsnarl|Grimmsnarl, L50, M|53\/100\n|turn|7\n|\n|t:|1682662679\n|move|p2b: Grimmsnarl|Fake Out|p1b: Garchomp\n|-damage|p1b: Garchomp|89\/100\n|cant|p1b: Garchomp|flinch\n|move|p1a: Corviknight|Body Press|p2b: Grimmsnarl\n|-damage|p2b: Grimmsnarl|0 fnt\n|faint|p2b: Grimmsnarl\n|move|p2a: Bronzong|Trick Room|p2a: Bronzong\n|-fieldstart|move: Trick Room|[of] p2a: Bronzong\n|\n|upkeep\n|\n|t:|1682662687\n|switch|p2b: Armarouge|Armarouge, L50, F|100\/100\n|turn|8\n|\n|t:|1682662698\n|move|p2a: Bronzong|Body Press|p1b: Garchomp\n|-damage|p1b: Garchomp|0 fnt\n|faint|p1b: Garchomp\n|move|p1a: Corviknight|Body Press|p2a: Bronzong\n|-damage|p2a: Bronzong|85\/100\n|move|p2b: Armarouge|Aura Sphere|p1a: Corviknight\n|-damage|p1a: Corviknight|0 fnt\n|faint|p1a: Corviknight\n|\n|-heal|p2a: Bronzong|91\/100|[from] item: Leftovers\n|upkeep\n|\n|t:|1682662702\n|switch|p1a: Glimmora|Glimmora, L50, M|100\/100\n|switch|p1b: Tyranitar|Tyranitar, L50, M, tera:Flying|91\/100\n|-weather|Sandstorm|[from] ability: Sand Stream|[of] p1b: Tyranitar\n|turn|9\n|inactive|Sumo'sWeenusVGC has 30 seconds left.\n|\n|t:|1682662730\n|-terastallize|p2b: Armarouge|Grass\n|move|p2a: Bronzong|Body Press|p1a: Glimmora\n|-enditem|p1a: Glimmora|Focus Sash\n|-damage|p1a: Glimmora|1\/100\n|-activate|p1a: Glimmora|ability: Toxic Debris\n|-sidestart|p2: Sumo'sWeenusVGC|move: Toxic Spikes\n|move|p1b: Tyranitar|Assurance|p2b: Armarouge\n|-damage|p2b: Armarouge|68\/100\n|move|p2b: Armarouge|Psychic|p1a: Glimmora\n|-supereffective|p1a: Glimmora\n|-damage|p1a: Glimmora|0 fnt\n|faint|p1a: Glimmora\n|\n|-weather|Sandstorm|[upkeep]\n|-damage|p1b: Tyranitar|85\/100|[from] Sandstorm\n|-damage|p2b: Armarouge|62\/100|[from] Sandstorm\n|-heal|p2a: Bronzong|97\/100|[from] item: Leftovers\n|upkeep\n|turn|10\n|-message|wazzzuup forfeited.\n|\n|win|Sumo'sWeenusVGC\n|raw|wazzzuup's rating: 1204 → 1174<\/strong> (-30 for losing)\n|raw|Sumo'sWeenusVGC's rating: 1128 → 1158<\/strong> (+30 for winning)\n|l|\u2606wazzzuup\n","uploadtime":1682662751,"views":12,"p1id":"wazzzuup","p2id":"sumosweenusvgc","formatid":"gen9vgc2023regulationc","rating":1158,"private":0,"password":""}