{"id":"gen9vgc2023regulationc-1855181166","p1":"Moxie Boosted","p2":"Privnoval016","format":"[Gen 9] VGC 2023 Regulation C","log":"|j|\u2606Moxie Boosted\n|j|\u2606Privnoval016\n|t:|1682911466\n|gametype|doubles\n|player|p1|Moxie Boosted|clay|\n|player|p2|Privnoval016|calem-masters|\n|teamsize|p1|6\n|teamsize|p2|6\n|gen|9\n|tier|[Gen 9] VGC 2023 Regulation C\n|rated|Tournament battle\n|rule|Species Clause: Limit one of each Pok\u00e9mon\n|rule|Item Clause: Limit one of each item\n|clearpoke\n|poke|p1|Flutter Mane, L50|\n|poke|p1|Gyarados, L50, F|\n|poke|p1|Wo-Chien, L50|\n|poke|p1|Garganacl, L50, M|\n|poke|p1|Glimmora, L50, F|\n|poke|p1|Chi-Yu, L50|\n|poke|p2|Ceruledge, L50, F|\n|poke|p2|Amoonguss, L50, M|\n|poke|p2|Palafin, L50, M|\n|poke|p2|Scream Tail, L50|\n|poke|p2|Scizor, L50, F|\n|poke|p2|Chien-Pao, L50|\n|teampreview|4\nPrivnoval016 has agreed to open team sheets.\n|c|\u2606Privnoval016|glhf\n|j| a12351\n|j|%Borghi\n|c|\u2606Moxie Boosted|cgl hf\n|j| 1st Time Battler\nMoxie Boosted has agreed to open team sheets.\n|j| Kawoski\n|l| Kawoski\n|j| MetroVGC\n|l| a12351\n|l| MetroVGC\n|\n|t:|1682911541\n|start\n|switch|p1a: Gyarados|Gyarados, L50, F|100\/100\n|switch|p1b: Glimmora|Glimmora, L50, F|100\/100\n|switch|p2a: Trying To Make|Scizor, L50, F|100\/100\n|switch|p2b: That You Were|Palafin, L50, M, shiny|100\/100\n|-ability|p1a: Gyarados|Intimidate|boost\n|-unboost|p2a: Trying To Make|atk|1\n|-unboost|p2b: That You Were|atk|1\n|turn|1\n|\n|t:|1682911588\n|detailschange|p2b: That You Were|Palafin-Hero, L50, M, shiny\n|switch|p2b: I Realize|Amoonguss, L50, M, shiny|100\/100\n|switch|p1b: Wo-Chien|Wo-Chien, L50|100\/100\n|-ability|p1b: Wo-Chien|Tablets of Ruin\n|move|p1a: Gyarados|Thunder Wave|p2a: Trying To Make\n|-status|p2a: Trying To Make|par\n|move|p2a: Trying To Make|U-turn|p1b: Wo-Chien\n|-supereffective|p1b: Wo-Chien\n|-damage|p1b: Wo-Chien|0 fnt\n|faint|p1b: Wo-Chien\n|\n|t:|1682911603\n|switch|p2a: That You Were|Palafin-Hero, L50, M, shiny|100\/100|[from] U-turn\n|-activate|p2a: That You Were|ability: Zero to Hero\n|\n|upkeep\n|\n|t:|1682911608\n|switch|p1b: Glimmora|Glimmora, L50, F|100\/100\n|turn|2\n|j|+Gfazzo\n|\n|t:|1682911623\n|-terastallize|p2a: That You Were|Water\n|-terastallize|p1b: Glimmora|Grass\n|move|p2b: I Realize|Rage Powder|p2b: I Realize\n|-singleturn|p2b: I Realize|move: Rage Powder\n|move|p2a: That You Were|Jet Punch|p1b: Glimmora\n|-resisted|p1b: Glimmora\n|-damage|p1b: Glimmora|66\/100\n|move|p1a: Gyarados|Taunt|p2b: I Realize\n|-start|p2b: I Realize|move: Taunt\n|move|p1b: Glimmora|Mortal Spin|p2a: That You Were|[spread] p2a,p2b\n|-damage|p2a: That You Were|96\/100\n|-damage|p2b: I Realize|96\/100\n|-status|p2a: That You Were|psn\n|-status|p2b: I Realize|psn\n|-damage|p1b: Glimmora|50\/100|[from] item: Rocky Helmet|[of] p2b: I Realize\n|\n|-damage|p2a: That You Were|84\/100 psn|[from] psn\n|-damage|p2b: I Realize|84\/100 psn|[from] psn\n|upkeep\n|turn|3\n|\n|t:|1682911650\n|switch|p1a: Chi-Yu|Chi-Yu, L50|100\/100\n|-ability|p1a: Chi-Yu|Beads of Ruin\n|move|p2a: That You Were|Wave Crash|p1b: Glimmora\n|-resisted|p1b: Glimmora\n|-damage|p1b: Glimmora|0 fnt\n|faint|p1b: Glimmora\n|-damage|p2a: That You Were|69\/100 psn|[from] Recoil\n|move|p2b: I Realize|Pollen Puff|p2a: That You Were\n|-heal|p2a: That You Were|100\/100 psn\n|\n|-damage|p2a: That You Were|88\/100 psn|[from] psn\n|-damage|p2b: I Realize|72\/100 psn|[from] psn\n|upkeep\n|\n|t:|1682911660\n|switch|p1b: Gyarados|Gyarados, L50, F|100\/100\n|-ability|p1b: Gyarados|Intimidate|boost\n|-unboost|p2a: That You Were|atk|1\n|-unboost|p2b: I Realize|atk|1\n|turn|4\n|j| Kawoski\n|\n|t:|1682911684\n|move|p2a: That You Were|Jet Punch|p1a: Chi-Yu\n|-supereffective|p1a: Chi-Yu\n|-damage|p1a: Chi-Yu|0 fnt\n|faint|p1a: Chi-Yu\n|move|p1b: Gyarados|Waterfall|p2a: That You Were\n|-resisted|p2a: That You Were\n|-damage|p2a: That You Were|71\/100 psn\n|move|p2b: I Realize|Pollen Puff|p2a: That You Were\n|-heal|p2a: That You Were|100\/100 psn\n|\n|-damage|p2a: That You Were|88\/100 psn|[from] psn\n|-damage|p2b: I Realize|60\/100 psn|[from] psn\n|upkeep\n|turn|5\n|c|\u2606Moxie Boosted|gg wp\n|-message|Moxie Boosted forfeited.\n|\n|win|Privnoval016\n|n|\u2606Moxie Boosted|moxieboosted\n|n|\u2606Privnoval016|privnoval016\n|n| Borghi|borghi\n|n| 1st Time Battler|1sttimebattler\n|n| Gfazzo|gfazzo\n|n| Kawoski|kawoski\n|c|\u2606Privnoval016|gg\n|l|\u2606Moxie Boosted\n|j| HobbitVGC\n|l| Gfazzo\n|l| Kawoski\n|l| HobbitVGC\n","uploadtime":1682911722,"views":19,"p1id":"moxieboosted","p2id":"privnoval016","formatid":"gen9vgc2023regulationc","rating":0,"private":0,"password":""}