{"id":"gen9vgc2023regulationc-1850549523","p1":"anuunuu","p2":"SakiVGC","format":"[Gen 9] VGC 2023 Regulation C","log":"|j|\u2606anuunuu\n|j|\u2606SakiVGC\n|t:|1682347780\n|gametype|doubles\n|player|p1|anuunuu|2|1165\n|player|p2|SakiVGC|rosa|1162\n|teamsize|p1|6\n|teamsize|p2|6\n|gen|9\n|tier|[Gen 9] VGC 2023 Regulation C\n|rated|\n|rule|Species Clause: Limit one of each Pok\u00e9mon\n|rule|Item Clause: Limit one of each item\n|clearpoke\n|poke|p1|Iron Hands, L50|\n|poke|p1|Scream Tail, L50|\n|poke|p1|Farigiraf, L50, F|\n|poke|p1|Chien-Pao, L50|\n|poke|p1|Ceruledge, L50, M|\n|poke|p1|Gholdengo, L50|\n|poke|p2|Corviknight, L50, F|\n|poke|p2|Orthworm, L50, M|\n|poke|p2|Flutter Mane, L50|\n|poke|p2|Ting-Lu, L50|\n|poke|p2|Arcanine, L50, F|\n|poke|p2|Amoonguss, L50, M|\n|teampreview|4\n|inactive|Battle timer is ON: inactive players will automatically lose when time's up. (requested by SakiVGC)\n|inactive|anuunuu has 60 seconds left.\n|inactive|SakiVGC has 60 seconds left.\n|inactive|anuunuu has 30 seconds left.\n|inactive|SakiVGC has 30 seconds left.\n|inactive|SakiVGC has 20 seconds left.\n|inactive|SakiVGC has 15 seconds left.\n|\n|t:|1682347857\n|start\n|switch|p1a: Ceruledge|Ceruledge, L50, M|100\/100\n|switch|p1b: Scream Tail|Scream Tail, L50|100\/100\n|switch|p2a: Ting-Lu|Ting-Lu, L50|100\/100\n|switch|p2b: Orthworm|Orthworm, L50, M|100\/100\n|-ability|p2a: Ting-Lu|Vessel of Ruin\n|-enditem|p1b: Scream Tail|Booster Energy\n|-activate|p1b: Scream Tail|ability: Protosynthesis|[fromitem]\n|-start|p1b: Scream Tail|protosynthesisspe\n|turn|1\n|\n|t:|1682347876\n|move|p1b: Scream Tail|Howl|p1b: Scream Tail|[spread] p1a,p1b\n|-boost|p1a: Ceruledge|atk|1\n|-boost|p1b: Scream Tail|atk|1\n|move|p1a: Ceruledge|Bitter Blade|p2b: Orthworm\n|-supereffective|p2b: Orthworm\n|-damage|p2b: Orthworm|10\/100\n|move|p2b: Orthworm|Iron Defense|p2b: Orthworm\n|-boost|p2b: Orthworm|def|2\n|move|p2a: Ting-Lu|Fissure|p1b: Scream Tail\n|-damage|p1b: Scream Tail|0 fnt\n|faint|p1b: Scream Tail\n|-end|p1b: Scream Tail|Protosynthesis|[silent]\n|-ohko\n|\n|-heal|p2b: Orthworm|16\/100|[from] item: Leftovers\n|upkeep\n|\n|t:|1682347894\n|switch|p1b: Iron Hands|Iron Hands, L50|100\/100\n|turn|2\n|inactive|anuunuu has 30 seconds left.\n|\n|t:|1682347924\n|-end|p1b: Iron Hands|Quark Drive|[silent]\n|switch|p1b: Farigiraf|Farigiraf, L50, F|100\/100\n|-terastallize|p1a: Ceruledge|Grass\n|-terastallize|p2b: Orthworm|Fighting\n|move|p1a: Ceruledge|Bitter Blade|p2b: Orthworm\n|-damage|p2b: Orthworm|0 fnt\n|faint|p2b: Orthworm\n|move|p2a: Ting-Lu|Earthquake|p1b: Farigiraf|[spread] p1a,p1b\n|-resisted|p1a: Ceruledge\n|-damage|p1a: Ceruledge|78\/100\n|-damage|p1b: Farigiraf|63\/100\n|\n|upkeep\n|\n|t:|1682347936\n|switch|p2b: Flutter Mane|Flutter Mane, L50|100\/100\n|turn|3\n|\n|t:|1682347943\n|move|p2b: Flutter Mane|Protect|p2b: Flutter Mane\n|-singleturn|p2b: Flutter Mane|Protect\n|move|p1a: Ceruledge|Shadow Sneak|p2b: Flutter Mane\n|-activate|p2b: Flutter Mane|move: Protect\n|move|p2a: Ting-Lu|Fissure|p1a: Ceruledge\n|-damage|p1a: Ceruledge|0 fnt\n|faint|p1a: Ceruledge\n|-ohko\n|move|p1b: Farigiraf|Hyper Voice|p2a: Ting-Lu|[spread] p2a\n|-activate|p2b: Flutter Mane|move: Protect\n|-damage|p2a: Ting-Lu|89\/100\n|-enditem|p1b: Farigiraf|Throat Spray\n|-boost|p1b: Farigiraf|spa|1|[from] item: Throat Spray\n|\n|upkeep\n|\n|t:|1682347959\n|switch|p1a: Iron Hands|Iron Hands, L50|100\/100\n|turn|4\n|c|\u2606SakiVGC|2\/2 wth\n|c|\u2606SakiVGC|im so good lmao\n|\n|t:|1682347970\n|move|p2b: Flutter Mane|Dazzling Gleam|p1b: Farigiraf|[spread] p1a,p1b\n|-supereffective|p1a: Iron Hands\n|-crit|p1b: Farigiraf\n|-damage|p1a: Iron Hands|61\/100\n|-damage|p1b: Farigiraf|26\/100\n|move|p2a: Ting-Lu|Earthquake|p1b: Farigiraf|[spread] p2b,p1a,p1b\n|-supereffective|p1a: Iron Hands\n|-damage|p2b: Flutter Mane|13\/100\n|-damage|p1a: Iron Hands|8\/100\n|-damage|p1b: Farigiraf|0 fnt\n|faint|p1b: Farigiraf\n|move|p1a: Iron Hands|Thunder Punch|p2b: Flutter Mane\n|-damage|p2b: Flutter Mane|0 fnt\n|faint|p2b: Flutter Mane\n|-end|p2b: Flutter Mane|Protosynthesis|[silent]\n|\n|upkeep\n|\n|t:|1682347976\n|switch|p2b: Arcanine|Arcanine, L50, F|100\/100\n|-ability|p2b: Arcanine|Intimidate|boost\n|-unboost|p1a: Iron Hands|atk|1\n|turn|5\n|-message|anuunuu forfeited.\n|\n|win|SakiVGC\n|raw|anuunuu's rating: 1165 → 1140<\/strong> (-25 for losing)\n|raw|SakiVGC's rating: 1162 → 1187<\/strong> (+25 for winning)\n|l|\u2606anuunuu\n","uploadtime":1682348001,"views":20,"p1id":"anuunuu","p2id":"sakivgc","formatid":"gen9vgc2023regulationc","rating":1140,"private":0,"password":""}