{"id":"gen9vgc2023regulationc-1853150003","p1":"Edro360","p2":"Nochoice7","format":"[Gen 9] VGC 2023 Regulation C","log":"|j|\u2606Edro360\n|j|\u2606Nochoice7\n|t:|1682641268\n|gametype|doubles\n|player|p1|Edro360|170|1164\n|player|p2|Nochoice7|1|1121\n|teamsize|p1|6\n|teamsize|p2|6\n|gen|9\n|tier|[Gen 9] VGC 2023 Regulation C\n|rated|\n|rule|Species Clause: Limit one of each Pok\u00e9mon\n|rule|Item Clause: Limit one of each item\n|clearpoke\n|poke|p1|Chi-Yu, L50|\n|poke|p1|Ceruledge, L50, F|\n|poke|p1|Dachsbun, L50, M|\n|poke|p1|Iron Hands, L50|\n|poke|p1|Maushold-Four, L50|\n|poke|p1|Baxcalibur, L50, M|\n|poke|p2|Talonflame, L50, F|\n|poke|p2|Rotom-Wash, L50|\n|poke|p2|Tyranitar, L50, F|\n|poke|p2|Garchomp, L50, M|\n|poke|p2|Scizor, L50, M|\n|poke|p2|Gengar, L50, F|\n|teampreview|4\n|inactive|Battle timer is ON: inactive players will automatically lose when time's up. (requested by Nochoice7)\n|\n|t:|1682641297\n|start\n|switch|p1a: Chi-Yu|Chi-Yu, L50|100\/100\n|switch|p1b: Dachsbun|Dachsbun, L50, M|100\/100\n|switch|p2a: Garchomp|Garchomp, L50, M|100\/100\n|switch|p2b: Rotom|Rotom-Wash, L50|100\/100\n|-ability|p1a: Chi-Yu|Beads of Ruin\n|turn|1\n|\n|t:|1682641317\n|-terastallize|p1a: Chi-Yu|Bug\n|move|p2a: Garchomp|Earthquake|p1b: Dachsbun|[spread] p1a,p1b\n|-immune|p2b: Rotom|[from] ability: Levitate\n|-resisted|p1a: Chi-Yu\n|-damage|p1a: Chi-Yu|75\/100\n|-damage|p1b: Dachsbun|63\/100\n|move|p1b: Dachsbun|Yawn|p2b: Rotom\n|-start|p2b: Rotom|move: Yawn|[of] p1b: Dachsbun\n|move|p2b: Rotom|Discharge|p1a: Chi-Yu|[spread] p1a,p1b\n|-immune|p2a: Garchomp\n|-damage|p1a: Chi-Yu|56\/100\n|-damage|p1b: Dachsbun|15\/100\n|-status|p1b: Dachsbun|par\n|-enditem|p1b: Dachsbun|Aguav Berry|[eat]\n|-heal|p1b: Dachsbun|48\/100 par|[from] item: Aguav Berry\n|move|p1a: Chi-Yu|Lava Plume|p2b: Rotom|[spread] p2a,p2b\n|-ability|p1b: Dachsbun|Well-Baked Body|boost\n|-boost|p1b: Dachsbun|def|2\n|-resisted|p2a: Garchomp\n|-resisted|p2b: Rotom\n|-damage|p2a: Garchomp|81\/100\n|-damage|p2b: Rotom|87\/100\n|-status|p2a: Garchomp|brn\n|\n|-damage|p2a: Garchomp|75\/100 brn|[from] brn\n|upkeep\n|turn|2\n|inactive|Edro360 has 30 seconds left.\n|inactive|Nochoice7 has 30 seconds left.\n|inactive|Edro360 has 20 seconds left.\n|inactive|Nochoice7 has 20 seconds left.\n|inactive|Nochoice7 has 15 seconds left.\n|\n|t:|1682641358\n|move|p1a: Chi-Yu|Protect|p1a: Chi-Yu\n|-singleturn|p1a: Chi-Yu|Protect\n|move|p1b: Dachsbun|Protect|p1b: Dachsbun\n|-singleturn|p1b: Dachsbun|Protect\n|move|p2a: Garchomp|Rock Slide|p1a: Chi-Yu|[spread] \n|-activate|p1a: Chi-Yu|move: Protect\n|-activate|p1b: Dachsbun|move: Protect\n|move|p2b: Rotom|Volt Switch|p1b: Dachsbun\n|-activate|p1b: Dachsbun|move: Protect\n|\n|-damage|p2a: Garchomp|69\/100 brn|[from] brn\n|-end|p2b: Rotom|move: Yawn|[silent]\n|-status|p2b: Rotom|slp\n|upkeep\n|turn|3\n|inactive|Edro360 has 30 seconds left.\n|\n|t:|1682641385\n|move|p2a: Garchomp|Rock Slide|p1a: Chi-Yu|[spread] p1a,p1b\n|-supereffective|p1a: Chi-Yu\n|-damage|p1a: Chi-Yu|28\/100\n|-damage|p1b: Dachsbun|43\/100 par\n|cant|p2b: Rotom|slp\n|cant|p1a: Chi-Yu|flinch\n|move|p1b: Dachsbun|Draining Kiss|p2a: Garchomp\n|-supereffective|p2a: Garchomp\n|-damage|p2a: Garchomp|38\/100 brn\n|-heal|p1b: Dachsbun|68\/100 par|[from] drain|[of] p2a: Garchomp\n|-damage|p1b: Dachsbun|56\/100 par|[from] ability: Rough Skin|[of] p2a: Garchomp\n|\n|-damage|p2a: Garchomp|32\/100 brn|[from] brn\n|upkeep\n|turn|4\n|\n|t:|1682641409\n|move|p2a: Garchomp|Rock Slide|p1b: Dachsbun|[spread] p1b\n|-miss|p2a: Garchomp|p1a: Chi-Yu\n|-damage|p1b: Dachsbun|51\/100 par\n|cant|p2b: Rotom|slp\n|move|p1a: Chi-Yu|Lava Plume|p2a: Garchomp|[spread] p2a,p2b\n|-ability|p1b: Dachsbun|Well-Baked Body|boost\n|-boost|p1b: Dachsbun|def|2\n|-resisted|p2a: Garchomp\n|-resisted|p2b: Rotom\n|-damage|p2a: Garchomp|11\/100 brn\n|-damage|p2b: Rotom|70\/100 slp\n|move|p1b: Dachsbun|Body Press|p2b: Rotom\n|-crit|p2b: Rotom\n|-damage|p2b: Rotom|0 fnt\n|faint|p2b: Rotom\n|\n|-damage|p2a: Garchomp|5\/100 brn|[from] brn\n|upkeep\n|\n|t:|1682641431\n|switch|p2b: Gengar|Gengar, L50, F|100\/100\n|turn|5\n|\n|t:|1682641450\n|move|p1a: Chi-Yu|Protect|p1a: Chi-Yu\n|-singleturn|p1a: Chi-Yu|Protect\n|move|p1b: Dachsbun|Protect|p1b: Dachsbun\n|-singleturn|p1b: Dachsbun|Protect\n|move|p2b: Gengar|Shadow Ball|p1a: Chi-Yu\n|-activate|p1a: Chi-Yu|move: Protect\n|move|p2a: Garchomp|Rock Slide|p1b: Dachsbun|[spread] \n|-activate|p1a: Chi-Yu|move: Protect\n|-activate|p1b: Dachsbun|move: Protect\n|\n|-damage|p2a: Garchomp|0 fnt|[from] brn\n|faint|p2a: Garchomp\n|upkeep\n|\n|t:|1682641453\n|switch|p2a: Tyranitar|Tyranitar, L50, F|100\/100\n|-ability|p2a: Tyranitar|Unnerve\n|turn|6\n|\n|t:|1682641476\n|move|p2b: Gengar|Shadow Ball|p1a: Chi-Yu\n|-damage|p1a: Chi-Yu|0 fnt\n|faint|p1a: Chi-Yu\n|move|p1b: Dachsbun|Body Press|p2a: Tyranitar\n|-supereffective|p2a: Tyranitar\n|-damage|p2a: Tyranitar|0 fnt\n|faint|p2a: Tyranitar\n|\n|upkeep\n|\n|t:|1682641489\n|switch|p1a: Iron Hands|Iron Hands, L50|100\/100\n|turn|7\n|-message|Nochoice7 forfeited.\n|\n|win|Edro360\n|raw|Edro360's rating: 1164 → 1186<\/strong> (+22 for winning)\n|raw|Nochoice7's rating: 1121 → 1099<\/strong> (-22 for losing)\n|l|\u2606Nochoice7\n","uploadtime":1682641505,"views":4,"p1id":"edro360","p2id":"nochoice7","formatid":"gen9vgc2023regulationc","rating":1099,"private":0,"password":""}