{"id":"gen9vgc2023regulationc-1856851227","p1":"snowymonkey","p2":"olibjoli","format":"[Gen 9] VGC 2023 Regulation C","log":"|j|\u2606snowymonkey\n|j|\u2606olibjoli\n|t:|1683119352\n|gametype|doubles\n|player|p1|snowymonkey|170|1097\n|player|p2|olibjoli|102|1000\n|teamsize|p1|6\n|teamsize|p2|6\n|gen|9\n|tier|[Gen 9] VGC 2023 Regulation C\n|rated|\n|rule|Species Clause: Limit one of each Pok\u00e9mon\n|rule|Item Clause: Limit one of each item\n|clearpoke\n|poke|p1|Iron Jugulis, L50|\n|poke|p1|Gholdengo, L50|\n|poke|p1|Amoonguss, L50, M|\n|poke|p1|Garchomp, L50, F|\n|poke|p1|Gyarados, L50, F|\n|poke|p1|Iron Hands, L50|\n|poke|p2|Klefki, L50, M|\n|poke|p2|Arctibax, L50, F|\n|poke|p2|Sableye, L50, M|\n|poke|p2|Drifloon, L50, F|\n|poke|p2|Riolu, L50, F|\n|poke|p2|Dunsparce, L50, M|\n|teampreview|4\n|c|\u2606snowymonkey|I\n|c|\u2606snowymonkey|I have no idea what this is\n|c|\u2606snowymonkey|But i respect it\n|c|\u2606olibjoli|It's not good xD\n|c|\u2606olibjoli|I wanna make a team with all base stats as 100 or less work\nolibjoli has agreed to open team sheets.\n|\n|t:|1683119391\n|start\n|switch|p1a: Iron Hands|Iron Hands, L50|100\/100\n|switch|p1b: AMONG U-|Amoonguss, L50, M|100\/100\n|switch|p2a: Drifloon|Drifloon, L50, F|100\/100\n|switch|p2b: Riolu|Riolu, L50, F, shiny|100\/100\n|-item|p2a: Drifloon|Air Balloon\n|turn|1\n|\n|t:|1683119413\n|-terastallize|p2b: Riolu|Ghost\n|move|p1a: Iron Hands|Fake Out|p2b: Riolu\n|-immune|p2b: Riolu\n|move|p2b: Riolu|Swords Dance|p2b: Riolu\n|-boost|p2b: Riolu|atk|2\n|move|p2a: Drifloon|Disable||[still]\n|-fail|p2a: Drifloon\n|move|p1b: AMONG U-|Spore|p2b: Riolu\n|-status|p2b: Riolu|slp|[from] move: Spore\n|\n|upkeep\n|turn|2\n|\n|t:|1683119445\n|cant|p2b: Riolu|slp\n|move|p1b: AMONG U-|Protect|p1b: AMONG U-\n|-singleturn|p1b: AMONG U-|Protect\n|move|p2a: Drifloon|Tailwind|p2a: Drifloon\n|-sidestart|p2: olibjoli|move: Tailwind\n|move|p1a: Iron Hands|Thunder Punch|p2b: Riolu\n|-enditem|p2b: Riolu|Focus Sash\n|-damage|p2b: Riolu|1\/100 slp\n|\n|upkeep\n|turn|3\n|\n|t:|1683119465\n|cant|p2b: Riolu|slp\n|move|p2a: Drifloon|Destiny Bond|p2a: Drifloon\n|-singlemove|p2a: Drifloon|Destiny Bond\n|move|p1a: Iron Hands|Thunder Punch|p2b: Riolu\n|-damage|p2b: Riolu|0 fnt\n|faint|p2b: Riolu\n|move|p1b: AMONG U-|Pollen Puff|p1a: Iron Hands\n|-immune|p1a: Iron Hands\n|\n|upkeep\n|\n|t:|1683119476\n|switch|p2b: Klefki|Klefki, L50, M, shiny|100\/100\n|turn|4\n|\n|t:|1683119488\n|move|p2a: Drifloon|Helping Hand|p2b: Klefki\n|-singleturn|p2b: Klefki|Helping Hand|[of] p2a: Drifloon\n|move|p2b: Klefki|Play Rough|p1b: AMONG U-\n|-resisted|p1b: AMONG U-\n|-damage|p1b: AMONG U-|86\/100\n|-damage|p2b: Klefki|84\/100|[from] item: Rocky Helmet|[of] p1b: AMONG U-\n|move|p1a: Iron Hands|Volt Switch|p2a: Drifloon\n|-supereffective|p2a: Drifloon\n|-damage|p2a: Drifloon|60\/100\n|-enditem|p2a: Drifloon|Air Balloon\n|\n|t:|1683119500\n|-end|p1a: Iron Hands|Quark Drive|[silent]\n|switch|p1a: I'm The Joker Baby|Iron Jugulis, L50|100\/100|[from] Volt Switch\n|-enditem|p1a: I'm The Joker Baby|Booster Energy\n|-activate|p1a: I'm The Joker Baby|ability: Quark Drive|[fromitem]\n|-start|p1a: I'm The Joker Baby|quarkdrivespe\n|move|p1b: AMONG U-|Spore|p2b: Klefki\n|-status|p2b: Klefki|slp|[from] move: Spore\n|\n|upkeep\n|turn|5\n|\n|t:|1683119515\n|cant|p2b: Klefki|slp\n|move|p2a: Drifloon|Destiny Bond|p2a: Drifloon\n|-singlemove|p2a: Drifloon|Destiny Bond\n|move|p1a: I'm The Joker Baby|Tailwind|p1a: I'm The Joker Baby\n|-sidestart|p1: snowymonkey|move: Tailwind\n|move|p1b: AMONG U-|Spore|p2a: Drifloon\n|-status|p2a: Drifloon|slp|[from] move: Spore\n|\n|-sideend|p2: olibjoli|move: Tailwind\n|upkeep\n|turn|6\n|\n|t:|1683119533\n|cant|p2b: Klefki|slp\n|move|p1a: I'm The Joker Baby|Snarl|p2a: Drifloon|[spread] p2a,p2b\n|-supereffective|p2a: Drifloon\n|-resisted|p2b: Klefki\n|-damage|p2a: Drifloon|1\/100 slp\n|-damage|p2b: Klefki|75\/100 slp\n|-unboost|p2a: Drifloon|spa|1\n|-unboost|p2b: Klefki|spa|1\n|cant|p2a: Drifloon|slp\n|move|p1b: AMONG U-|Pollen Puff|p1a: I'm The Joker Baby\n|-immune|p1a: I'm The Joker Baby\n|\n|upkeep\n|turn|7\n|\n|t:|1683119551\n|move|p1a: I'm The Joker Baby|Air Slash|p2b: Klefki\n|-resisted|p2b: Klefki\n|-damage|p2b: Klefki|56\/100 slp\n|-curestatus|p2a: Drifloon|slp|[msg]\n|move|p2a: Drifloon|Destiny Bond|p2a: Drifloon\n|-singlemove|p2a: Drifloon|Destiny Bond\n|move|p1b: AMONG U-|Pollen Puff|p2a: Drifloon\n|-resisted|p2a: Drifloon\n|-damage|p2a: Drifloon|0 fnt\n|faint|p2a: Drifloon\n|-activate|p2a: Drifloon|move: Destiny Bond\n|faint|p1b: AMONG U-\n|-curestatus|p2b: Klefki|slp|[msg]\n|move|p2b: Klefki|Play Rough|p1a: I'm The Joker Baby\n|-supereffective|p1a: I'm The Joker Baby\n|-damage|p1a: I'm The Joker Baby|44\/100\n|\n|upkeep\n|\n|t:|1683119567\n|switch|p2a: Dunsparce|Dunsparce, L50, M|100\/100\n|switch|p1b: Iron Hands|Iron Hands, L50|100\/100\n|turn|8\n|\n|t:|1683119579\n|move|p1b: Iron Hands|Fake Out|p2a: Dunsparce\n|-damage|p2a: Dunsparce|83\/100\n|move|p1a: I'm The Joker Baby|Air Slash|p2b: Klefki\n|-resisted|p2b: Klefki\n|-damage|p2b: Klefki|38\/100\n|move|p2b: Klefki|Play Rough|p1a: I'm The Joker Baby\n|-supereffective|p1a: I'm The Joker Baby\n|-damage|p1a: I'm The Joker Baby|0 fnt\n|faint|p1a: I'm The Joker Baby\n|-end|p1a: I'm The Joker Baby|Quark Drive|[silent]\n|cant|p2a: Dunsparce|flinch\n|\n|-sideend|p1: snowymonkey|move: Tailwind\n|upkeep\n|\n|t:|1683119588\n|switch|p1a: Smokin Token|Gholdengo, L50|100\/100\n|turn|9\n|\n|t:|1683119600\n|-terastallize|p1b: Iron Hands|Grass\n|move|p2b: Klefki|Thunder Wave|p1b: Iron Hands\n|-status|p1b: Iron Hands|par\n|move|p1a: Smokin Token|Make It Rain|p2b: Klefki|[spread] p2a,p2b\n|-damage|p2a: Dunsparce|40\/100\n|-damage|p2b: Klefki|0 fnt\n|-unboost|p1a: Smokin Token|spa|1\n|faint|p2b: Klefki\n|move|p2a: Dunsparce|Rock Slide|p1a: Smokin Token|[spread] p1a\n|-miss|p2a: Dunsparce|p1b: Iron Hands\n|-resisted|p1a: Smokin Token\n|-damage|p1a: Smokin Token|92\/100\n|move|p1b: Iron Hands|Drain Punch|p2a: Dunsparce\n|-supereffective|p2a: Dunsparce\n|-damage|p2a: Dunsparce|0 fnt\n|faint|p2a: Dunsparce\n|\n|win|snowymonkey\n|raw|snowymonkey's rating: 1097 → 1116<\/strong> (+19 for winning)\n|raw|olibjoli's rating: 1000 → 1000<\/strong> (+0 for losing)\n|c|\u2606snowymonkey|Ggs\n","uploadtime":1683119617,"views":11,"p1id":"snowymonkey","p2id":"olibjoli","formatid":"gen9vgc2023regulationc","rating":1000,"private":0,"password":""}