{"id":"gen9vgc2023regulationc-1854624158","p1":"Lechonk is Love","p2":"Lazer911","format":"[Gen 9] VGC 2023 Regulation C","log":"|j|\u2606Lechonk is Love\n|j|\u2606Lazer911\n|t:|1682838185\n|gametype|doubles\n|player|p1|Lechonk is Love|crasherwake|1150\n|player|p2|Lazer911|winona|1047\n|teamsize|p1|6\n|teamsize|p2|6\n|gen|9\n|tier|[Gen 9] VGC 2023 Regulation C\n|rated|\n|rule|Species Clause: Limit one of each Pok\u00e9mon\n|rule|Item Clause: Limit one of each item\n|clearpoke\n|poke|p1|Ting-Lu, L50|\n|poke|p1|Amoonguss, L50, M|\n|poke|p1|Flutter Mane, L50|\n|poke|p1|Arcanine, L50, F|\n|poke|p1|Palafin, L50, F|\n|poke|p1|Roaring Moon, L50|\n|poke|p2|Tauros-Paldea-Blaze, L50, M|\n|poke|p2|Meowscarada, L50, M|\n|poke|p2|Flamigo, L50, M|\n|poke|p2|Grimmsnarl, L50, M|\n|poke|p2|Annihilape, L50, F|\n|poke|p2|Corviknight, L50, F|\n|teampreview|4\nLechonk is Love has agreed to open team sheets.\n|\n|t:|1682838231\n|start\n|switch|p1a: Flutter Mane|Flutter Mane, L50|100\/100\n|switch|p1b: 'Phins Up|Palafin, L50, F, shiny|100\/100\n|switch|p2a: Tauros|Tauros-Paldea-Blaze, L50, M|100\/100\n|switch|p2b: Meowscarada|Meowscarada, L50, M|100\/100\n|turn|1\n|\n|t:|1682838268\n|-terastallize|p1a: Flutter Mane|Fairy\n|-terastallize|p2a: Tauros|Fire\n|move|p1b: 'Phins Up|Protect|p1b: 'Phins Up\n|-singleturn|p1b: 'Phins Up|Protect\n|move|p2b: Meowscarada|Flower Trick|p2a: Tauros\n|-resisted|p2a: Tauros\n|-crit|p2a: Tauros\n|-damage|p2a: Tauros|74\/100\n|-setboost|p2a: Tauros|atk|6|[from] ability: Anger Point\n|move|p1a: Flutter Mane|Dazzling Gleam|p2a: Tauros|[spread] p2a,p2b\n|-resisted|p2a: Tauros\n|-supereffective|p2b: Meowscarada\n|-damage|p2a: Tauros|26\/100\n|-enditem|p2b: Meowscarada|Focus Sash\n|-damage|p2b: Meowscarada|1\/100\n|move|p2a: Tauros|Raging Bull|p1a: Flutter Mane\n|-damage|p1a: Flutter Mane|0 fnt\n|faint|p1a: Flutter Mane\n|-end|p1a: Flutter Mane|Protosynthesis|[silent]\n|\n|upkeep\n|\n|t:|1682838288\n|switch|p1a: Arcanine|Arcanine, L50, F, shiny|100\/100\n|-ability|p1a: Arcanine|Intimidate|boost\n|-unboost|p2a: Tauros|atk|1\n|-unboost|p2b: Meowscarada|atk|1\n|turn|2\n|c|\u2606Lechonk is Love|ok i see what you're cooking\n|\n|t:|1682838323\n|switch|p2b: Flamigo|Flamigo, L50, M|100\/100\n|-copyboost|p2b: Flamigo|p2a: Tauros|[from] ability: Costar\n|move|p2a: Tauros|Protect|p2a: Tauros\n|-singleturn|p2a: Tauros|Protect\n|move|p1a: Arcanine|Extreme Speed|p2b: Flamigo\n|-damage|p2b: Flamigo|67\/100\n|move|p1b: 'Phins Up|Jet Punch|p2a: Tauros\n|-activate|p2a: Tauros|move: Protect\n|\n|upkeep\n|turn|3\n|c|\u2606Lechonk is Love|let me turn the oven off though\n|\n|t:|1682838356\n|move|p1a: Arcanine|Extreme Speed|p2b: Flamigo\n|-damage|p2b: Flamigo|31\/100\n|move|p1b: 'Phins Up|Jet Punch|p2a: Tauros\n|-supereffective|p2a: Tauros\n|-crit|p2a: Tauros\n|-damage|p2a: Tauros|0 fnt\n|faint|p2a: Tauros\n|move|p2b: Flamigo|Brave Bird|p1b: 'Phins Up\n|-damage|p1b: 'Phins Up|0 fnt\n|faint|p1b: 'Phins Up\n|-damage|p2b: Flamigo|0 fnt|[from] Recoil\n|faint|p2b: Flamigo\n|\n|upkeep\n|\n|t:|1682838370\n|switch|p2a: Meowscarada|Meowscarada, L50, M|1\/100\n|switch|p2b: Corviknight|Corviknight, L50, F|100\/100\n|switch|p1b: Amoonguss|Amoonguss, L50, M, shiny|100\/100\n|-ability|p2b: Corviknight|Unnerve\n|turn|4\n|\n|t:|1682838398\n|move|p2a: Meowscarada|Protect|p2a: Meowscarada\n|-singleturn|p2a: Meowscarada|Protect\n|move|p1b: Amoonguss|Rage Powder|p1b: Amoonguss\n|-singleturn|p1b: Amoonguss|move: Rage Powder\n|move|p1a: Arcanine|Flare Blitz|p2b: Corviknight\n|-supereffective|p2b: Corviknight\n|-damage|p2b: Corviknight|10\/100\n|-enditem|p2b: Corviknight|Sitrus Berry|[eat]\n|-heal|p2b: Corviknight|35\/100|[from] item: Sitrus Berry\n|-damage|p1a: Arcanine|69\/100|[from] Recoil\n|move|p2b: Corviknight|Brave Bird|p1b: Amoonguss\n|-supereffective|p1b: Amoonguss\n|-damage|p1b: Amoonguss|22\/100\n|-damage|p2b: Corviknight|7\/100|[from] Recoil\n|\n|upkeep\n|turn|5\n|\n|t:|1682838430\n|move|p1a: Arcanine|Extreme Speed|p2a: Meowscarada\n|-damage|p2a: Meowscarada|0 fnt\n|faint|p2a: Meowscarada\n|move|p1b: Amoonguss|Rage Powder|p1b: Amoonguss\n|-singleturn|p1b: Amoonguss|move: Rage Powder\n|move|p2b: Corviknight|Brave Bird|p1b: Amoonguss\n|-supereffective|p1b: Amoonguss\n|-damage|p1b: Amoonguss|0 fnt\n|faint|p1b: Amoonguss\n|-damage|p2b: Corviknight|0 fnt|[from] Recoil\n|faint|p2b: Corviknight\n|\n|win|Lechonk is Love\n|raw|Lechonk is Love's rating: 1150 → 1168<\/strong> (+18 for winning)\n|raw|Lazer911's rating: 1047 → 1035<\/strong> (-12 for losing)\n|l|\u2606Lazer911\n","uploadtime":1682838460,"views":18,"p1id":"lechonkislove","p2id":"lazer911","formatid":"gen9vgc2023regulationc","rating":1035,"private":0,"password":""}