{"id":"gen9vgc2023regulationc-1859905885","p1":"poklmob","p2":"DDyarados29","format":"[Gen 9] VGC 2023 Regulation C","log":"|j|\u2606poklmob\n|j|\u2606DDyarados29\n|t:|1683574550\n|gametype|doubles\n|player|p1|poklmob|2|1312\n|player|p2|DDyarados29|wallace|1370\n|teamsize|p1|6\n|teamsize|p2|6\n|gen|9\n|tier|[Gen 9] VGC 2023 Regulation C\n|rated|\n|rule|Species Clause: Limit one of each Pok\u00e9mon\n|rule|Item Clause: Limit one of each item\n|clearpoke\n|poke|p1|Sylveon, L50, F|\n|poke|p1|Armarouge, L50, M|\n|poke|p1|Dondozo, L50, M|\n|poke|p1|Tatsugiri, L50, M|\n|poke|p1|Flutter Mane, L50|\n|poke|p1|Amoonguss, L50, F|\n|poke|p2|Flutter Mane, L50|\n|poke|p2|Gyarados, L50, F|\n|poke|p2|Scream Tail, L50|\n|poke|p2|Kingambit, L50, M|\n|poke|p2|Baxcalibur, L50, M|\n|poke|p2|Amoonguss, L50, F|\n|teampreview|4\nDDyarados29 has agreed to open team sheets.\n|inactive|Battle timer is ON: inactive players will automatically lose when time's up. (requested by DDyarados29)\n|\n|t:|1683574575\n|start\n|switch|p1a: Sylveon|Sylveon, L50, F|100\/100\n|switch|p1b: Armarouge|Armarouge, L50, M|100\/100\n|switch|p2a: Kingambit|Kingambit, L50, M|100\/100\n|switch|p2b: Scream Tail|Scream Tail, L50|100\/100\n|-enditem|p2b: Scream Tail|Booster Energy\n|-activate|p2b: Scream Tail|ability: Protosynthesis|[fromitem]\n|-start|p2b: Scream Tail|protosynthesisspe\n|turn|1\n|inactive|poklmob has 30 seconds left.\n|inactive|poklmob has 20 seconds left.\n|\n|t:|1683574611\n|-terastallize|p1b: Armarouge|Dark\n|move|p2a: Kingambit|Protect|p2a: Kingambit\n|-singleturn|p2a: Kingambit|Protect\n|move|p1a: Sylveon|Quick Attack|p1b: Armarouge\n|-supereffective|p1b: Armarouge\n|-damage|p1b: Armarouge|74\/100\n|-ability|p1b: Armarouge|Weak Armor|boost\n|-unboost|p1b: Armarouge|def|1\n|-boost|p1b: Armarouge|spe|2\n|-enditem|p1b: Armarouge|Weakness Policy\n|-boost|p1b: Armarouge|atk|2|[from] item: Weakness Policy\n|-boost|p1b: Armarouge|spa|2|[from] item: Weakness Policy\n|move|p2b: Scream Tail|Howl|p2b: Scream Tail|[spread] p2a,p2b\n|-boost|p2a: Kingambit|atk|1\n|-boost|p2b: Scream Tail|atk|1\n|move|p1b: Armarouge|Heat Wave|p2b: Scream Tail|[spread] p2b\n|-activate|p2a: Kingambit|move: Protect\n|-damage|p2b: Scream Tail|43\/100\n|\n|upkeep\n|turn|2\n|\n|t:|1683574625\n|-terastallize|p2a: Kingambit|Dark\n|move|p2a: Kingambit|Sucker Punch|p1b: Armarouge\n|-resisted|p1b: Armarouge\n|-damage|p1b: Armarouge|0 fnt\n|faint|p1b: Armarouge\n|move|p2b: Scream Tail|Encore|p1a: Sylveon\n|-start|p1a: Sylveon|Encore\n|move|p1a: Sylveon|Quick Attack|p2a: Kingambit\n|-supereffective|p2a: Kingambit\n|-damage|p2a: Kingambit|83\/100\n|\n|upkeep\n|\n|t:|1683574632\n|switch|p1b: Flutter Mane|Flutter Mane, L50|100\/100\n|turn|3\n|\n|t:|1683574639\n|switch|p1a: Amoonguss|Amoonguss, L50, F|100\/100\n|move|p2a: Kingambit|Protect|p2a: Kingambit\n|-singleturn|p2a: Kingambit|Protect\n|move|p1b: Flutter Mane|Moonblast|p2a: Kingambit\n|-activate|p2a: Kingambit|move: Protect\n|move|p2b: Scream Tail|Howl|p2b: Scream Tail|[spread] p2a,p2b\n|-boost|p2a: Kingambit|atk|1\n|-boost|p2b: Scream Tail|atk|1\n|\n|upkeep\n|turn|4\n|\n|t:|1683574655\n|move|p1a: Amoonguss|Rage Powder|p1a: Amoonguss\n|-singleturn|p1a: Amoonguss|move: Rage Powder\n|move|p2a: Kingambit|Sucker Punch||[still]\n|-fail|p2a: Kingambit\n|move|p1b: Flutter Mane|Moonblast|p2a: Kingambit\n|-supereffective|p2a: Kingambit\n|-damage|p2a: Kingambit|0 fnt\n|faint|p2a: Kingambit\n|move|p2b: Scream Tail|Misty Terrain|p2b: Scream Tail\n|-fieldstart|move: Misty Terrain\n|\n|upkeep\n|\n|t:|1683574662\n|switch|p2a: Flutter Mane|Flutter Mane, L50|100\/100\n|turn|5\n|inactive|poklmob has 30 seconds left.\n|inactive|DDyarados29 has 30 seconds left.\n|inactive|poklmob has 20 seconds left.\n|\n|t:|1683574700\n|move|p1a: Amoonguss|Rage Powder|p1a: Amoonguss\n|-singleturn|p1a: Amoonguss|move: Rage Powder\n|move|p1b: Flutter Mane|Moonblast|p2b: Scream Tail\n|-damage|p2b: Scream Tail|9\/100\n|-unboost|p2b: Scream Tail|spa|1\n|move|p2b: Scream Tail|Encore|p1a: Amoonguss\n|-start|p1a: Amoonguss|Encore\n|move|p2a: Flutter Mane|Shadow Ball|p1a: Amoonguss\n|-damage|p1a: Amoonguss|50\/100\n|\n|upkeep\n|turn|6\n|\n|t:|1683574721\n|move|p1a: Amoonguss|Rage Powder|p1a: Amoonguss\n|-singleturn|p1a: Amoonguss|move: Rage Powder\n|move|p1b: Flutter Mane|Moonblast|p2a: Flutter Mane\n|-damage|p2a: Flutter Mane|53\/100\n|move|p2b: Scream Tail|Play Rough|p1a: Amoonguss\n|-resisted|p1a: Amoonguss\n|-damage|p1a: Amoonguss|34\/100\n|move|p2a: Flutter Mane|Shadow Ball|p1a: Amoonguss\n|-damage|p1a: Amoonguss|0 fnt\n|faint|p1a: Amoonguss\n|\n|upkeep\n|\n|t:|1683574725\n|switch|p1a: Sylveon|Sylveon, L50, F|100\/100\n|turn|7\n|\n|t:|1683574739\n|move|p1a: Sylveon|Quick Attack|p2a: Flutter Mane\n|-damage|p2a: Flutter Mane|39\/100\n|move|p1b: Flutter Mane|Moonblast|p2a: Flutter Mane\n|-damage|p2a: Flutter Mane|0 fnt\n|faint|p2a: Flutter Mane\n|-end|p2a: Flutter Mane|Protosynthesis|[silent]\n|move|p2b: Scream Tail|Play Rough|p1b: Flutter Mane\n|-damage|p1b: Flutter Mane|1\/100\n|-unboost|p1b: Flutter Mane|atk|1\n|\n|upkeep\n|\n|t:|1683574745\n|switch|p2a: Michael Jordan|Amoonguss, L50, F|100\/100\n|turn|8\n|\n|t:|1683574765\n|move|p2a: Michael Jordan|Rage Powder|p2a: Michael Jordan\n|-singleturn|p2a: Michael Jordan|move: Rage Powder\n|move|p1a: Sylveon|Quick Attack|p2a: Michael Jordan\n|-resisted|p2a: Michael Jordan\n|-damage|p2a: Michael Jordan|96\/100\n|move|p1b: Flutter Mane|Moonblast|p2a: Michael Jordan\n|-resisted|p2a: Michael Jordan\n|-damage|p2a: Michael Jordan|73\/100\n|-unboost|p2a: Michael Jordan|spa|1\n|move|p2b: Scream Tail|Play Rough|p1b: Flutter Mane\n|-damage|p1b: Flutter Mane|0 fnt\n|faint|p1b: Flutter Mane\n|-end|p1b: Flutter Mane|Protosynthesis|[silent]\n|\n|-fieldend|Misty Terrain\n|upkeep\n|turn|9\n|\n|t:|1683574783\n|move|p2a: Michael Jordan|Rage Powder|p2a: Michael Jordan\n|-singleturn|p2a: Michael Jordan|move: Rage Powder\n|move|p2b: Scream Tail|Play Rough|p1a: Sylveon\n|-damage|p1a: Sylveon|40\/100\n|move|p1a: Sylveon|Hyper Voice|p2b: Scream Tail|[spread] p2a,p2b\n|-resisted|p2a: Michael Jordan\n|-damage|p2a: Michael Jordan|55\/100\n|-damage|p2b: Scream Tail|0 fnt\n|faint|p2b: Scream Tail\n|-end|p2b: Scream Tail|Protosynthesis|[silent]\n|-enditem|p1a: Sylveon|Throat Spray\n|-boost|p1a: Sylveon|spa|1|[from] item: Throat Spray\n|\n|upkeep\n|turn|10\n|\n|t:|1683574799\n|move|p1a: Sylveon|Hyper Voice|p2a: Michael Jordan\n|-resisted|p2a: Michael Jordan\n|-damage|p2a: Michael Jordan|18\/100\n|-enditem|p2a: Michael Jordan|Aguav Berry|[eat]\n|-heal|p2a: Michael Jordan|52\/100|[from] item: Aguav Berry\n|move|p2a: Michael Jordan|Clear Smog|p1a: Sylveon\n|-supereffective|p1a: Sylveon\n|-damage|p1a: Sylveon|25\/100\n|-clearboost|p1a: Sylveon\n|\n|upkeep\n|turn|11\n|\n|t:|1683574819\n|move|p1a: Sylveon|Hyper Voice|p2a: Michael Jordan\n|-resisted|p2a: Michael Jordan\n|-damage|p2a: Michael Jordan|27\/100\n|move|p2a: Michael Jordan|Clear Smog|p1a: Sylveon\n|-supereffective|p1a: Sylveon\n|-damage|p1a: Sylveon|9\/100\n|-clearboost|p1a: Sylveon\n|\n|upkeep\n|turn|12\n|\n|t:|1683574827\n|move|p1a: Sylveon|Hyper Voice|p2a: Michael Jordan\n|-resisted|p2a: Michael Jordan\n|-damage|p2a: Michael Jordan|4\/100\n|move|p2a: Michael Jordan|Clear Smog|p1a: Sylveon\n|-supereffective|p1a: Sylveon\n|-damage|p1a: Sylveon|0 fnt\n|-clearboost|p1a: Sylveon\n|faint|p1a: Sylveon\n|\n|win|DDyarados29\n|raw|poklmob's rating: 1338 → 1320<\/strong> (-18 for losing)\n|raw|DDyarados29's rating: 1370 → 1388<\/strong> (+18 for winning)\n|l|\u2606poklmob\n|c|\u2606DDyarados29|gg\n","uploadtime":1683574854,"views":7,"p1id":"poklmob","p2id":"ddyarados29","formatid":"gen9vgc2023regulationc","rating":1320,"private":0,"password":""}