{"id":"gen9vgc2023regulationc-1846696736","p1":"aggron zheng","p2":"aj90h","format":"[Gen 9] VGC 2023 Regulation C","log":"|j|\u2606aggron zheng\n|j|\u2606aj90h\n|t:|1681867058\n|gametype|doubles\n|player|p1|aggron zheng|101|1286\n|player|p2|aj90h|1|1268\n|teamsize|p1|6\n|teamsize|p2|6\n|gen|9\n|tier|[Gen 9] VGC 2023 Regulation C\n|rated|\n|rule|Species Clause: Limit one of each Pok\u00e9mon\n|rule|Item Clause: Limit one of each item\n|clearpoke\n|poke|p1|Dondozo, L50, F|\n|poke|p1|Tatsugiri, L50, F|\n|poke|p1|Chi-Yu, L50|\n|poke|p1|Iron Bundle, L50|\n|poke|p1|Dragonite, L50, M|\n|poke|p1|Glimmora, L50, M|\n|poke|p2|Chi-Yu, L50|\n|poke|p2|Dachsbun, L50, M|\n|poke|p2|Dragonite, L50, F|\n|poke|p2|Flutter Mane, L50|\n|poke|p2|Azumarill, L50, F|\n|poke|p2|Chien-Pao, L50|\n|teampreview|4\n|c|\u2606aggron zheng|glhf\naggron zheng has agreed to open team sheets.\naj90h has agreed to open team sheets.\n|\n|t:|1681867171\n|start\n|switch|p1a: Chi-Yu|Chi-Yu, L50|100\/100\n|switch|p1b: Glimmora|Glimmora, L50, M|100\/100\n|switch|p2a: Flutter Mane|Flutter Mane, L50|100\/100\n|switch|p2b: Dachsbun|Dachsbun, L50, M|100\/100\n|-ability|p1a: Chi-Yu|Beads of Ruin\n|-enditem|p2a: Flutter Mane|Booster Energy\n|-activate|p2a: Flutter Mane|ability: Protosynthesis|[fromitem]\n|-start|p2a: Flutter Mane|protosynthesisspe\n|turn|1\n|\n|t:|1681867217\n|move|p2a: Flutter Mane|Protect|p2a: Flutter Mane\n|-singleturn|p2a: Flutter Mane|Protect\n|move|p1a: Chi-Yu|Protect|p1a: Chi-Yu\n|-singleturn|p1a: Chi-Yu|Protect\n|move|p1b: Glimmora|Mortal Spin|p2a: Flutter Mane|[spread] p2b\n|-activate|p2a: Flutter Mane|move: Protect\n|-supereffective|p2b: Dachsbun\n|-damage|p2b: Dachsbun|92\/100\n|-status|p2b: Dachsbun|psn\n|move|p2b: Dachsbun|Body Press|p1a: Chi-Yu\n|-activate|p1a: Chi-Yu|move: Protect\n|\n|-heal|p2b: Dachsbun|98\/100 psn|[from] item: Leftovers\n|-damage|p2b: Dachsbun|86\/100 psn|[from] psn\n|upkeep\n|turn|2\n|\n|t:|1681867247\n|move|p2a: Flutter Mane|Shadow Ball|p1b: Glimmora\n|-damage|p1b: Glimmora|59\/100\n|move|p1a: Chi-Yu|Dark Pulse|p2a: Flutter Mane\n|-damage|p2a: Flutter Mane|48\/100\n|move|p1b: Glimmora|Sludge Bomb|p2a: Flutter Mane\n|-damage|p2a: Flutter Mane|0 fnt\n|faint|p2a: Flutter Mane\n|-end|p2a: Flutter Mane|Protosynthesis|[silent]\n|move|p2b: Dachsbun|Body Press|p1a: Chi-Yu\n|-supereffective|p1a: Chi-Yu\n|-damage|p1a: Chi-Yu|33\/100\n|\n|-heal|p2b: Dachsbun|92\/100 psn|[from] item: Leftovers\n|-damage|p2b: Dachsbun|80\/100 psn|[from] psn\n|upkeep\n|\n|t:|1681867267\n|switch|p2a: Azumarill|Azumarill, L50, F|100\/100\n|turn|3\n|\n|t:|1681867301\n|switch|p1a: Dondozo|Dondozo, L50, F|100\/100\n|move|p2a: Azumarill|Aqua Jet|p1a: Dondozo\n|-resisted|p1a: Dondozo\n|-damage|p1a: Dondozo|92\/100\n|move|p1b: Glimmora|Sludge Bomb|p2b: Dachsbun\n|-supereffective|p2b: Dachsbun\n|-damage|p2b: Dachsbun|0 fnt\n|faint|p2b: Dachsbun\n|\n|-heal|p1a: Dondozo|98\/100|[from] item: Leftovers\n|upkeep\n|\n|t:|1681867312\n|switch|p2b: Chien-Pao|Chien-Pao, L50|100\/100\n|-ability|p2b: Chien-Pao|Sword of Ruin\n|turn|4\n|\n|t:|1681867322\n|switch|p1b: Tatsugiri|Tatsugiri, L50, F|100\/100\n|-activate|p1b: Tatsugiri|ability: Commander|[of] p1a: Dondozo\n|-boost|p1a: Dondozo|atk|2\n|-boost|p1a: Dondozo|spa|2\n|-boost|p1a: Dondozo|spe|2\n|-boost|p1a: Dondozo|def|2\n|-boost|p1a: Dondozo|spd|2\n|move|p2b: Chien-Pao|Sucker Punch||[still]\n|-fail|p2b: Chien-Pao\n|move|p2a: Azumarill|Aqua Jet|p1b: Tatsugiri|[miss]\n|-miss|p2a: Azumarill|p1b: Tatsugiri\n|move|p1a: Dondozo|Earthquake|p2b: Chien-Pao|[spread] p2a,p2b\n|-miss|p1a: Dondozo|p1b: Tatsugiri\n|-damage|p2a: Azumarill|42\/100\n|-damage|p2b: Chien-Pao|42\/100\n|\n|-heal|p1a: Dondozo|100\/100|[from] item: Leftovers\n|upkeep\n|turn|5\n|\n|t:|1681867344\n|move|p2b: Chien-Pao|Throat Chop|p1a: Dondozo\n|-damage|p1a: Dondozo|82\/100\n|-start|p1a: Dondozo|Throat Chop|[silent]\n|move|p1a: Dondozo|Earthquake|p2b: Chien-Pao|[spread] p2a,p2b\n|-miss|p1a: Dondozo|p1b: Tatsugiri\n|-damage|p2a: Azumarill|0 fnt\n|-damage|p2b: Chien-Pao|0 fnt\n|faint|p2a: Azumarill\n|faint|p2b: Chien-Pao\n|\n|win|aggron zheng\n|raw|aggron zheng's rating: 1286 → 1310<\/strong> (+24 for winning)\n|raw|aj90h's rating: 1268 → 1244<\/strong> (-24 for losing)\n|c|\u2606aggron zheng|gg\n|l|\u2606aj90h\n","uploadtime":1681869615,"views":12,"p1id":"aggronzheng","p2id":"aj90h","formatid":"gen9vgc2023regulationc","rating":1244,"private":0,"password":""}