{"id":"gen9vgc2023regulationc-1848251097","p1":"Kammala","p2":"StevaX","format":"[Gen 9] VGC 2023 Regulation C","log":"|j|\u2606Kammala\n|j|\u2606StevaX\n|t:|1682048213\n|gametype|doubles\n|player|p1|Kammala|266|1343\n|player|p2|StevaX|steven|1276\n|teamsize|p1|6\n|teamsize|p2|6\n|gen|9\n|tier|[Gen 9] VGC 2023 Regulation C\n|rated|\n|rule|Species Clause: Limit one of each Pok\u00e9mon\n|rule|Item Clause: Limit one of each item\n|clearpoke\n|poke|p1|Azumarill, L50, F|\n|poke|p1|Amoonguss, L50, M|\n|poke|p1|Tauros-Paldea-Blaze, L50, M|\n|poke|p1|Ting-Lu, L50|\n|poke|p1|Baxcalibur, L50, M|\n|poke|p1|Flutter Mane, L50|\n|poke|p2|Great Tusk, L50|\n|poke|p2|Tyranitar, L50, M|\n|poke|p2|Flutter Mane, L50|\n|poke|p2|Iron Bundle, L50|\n|poke|p2|Amoonguss, L50, M|\n|poke|p2|Gothitelle, L50, F|\n|teampreview|4\n|inactive|Battle timer is ON: inactive players will automatically lose when time's up. (requested by Kammala)\nKammala has agreed to open team sheets.\n|inactive|Kammala has 60 seconds left.\n|\n|t:|1682048258\n|start\n|switch|p1a: Ting-Lu|Ting-Lu, L50|100\/100\n|switch|p1b: Azumarill|Azumarill, L50, F|100\/100\n|switch|p2a: Amoonguss|Amoonguss, L50, M, shiny|100\/100\n|switch|p2b: Iron Bundle|Iron Bundle, L50, shiny|100\/100\n|-ability|p1a: Ting-Lu|Vessel of Ruin\n|turn|1\n|\n|t:|1682048283\n|switch|p1b: Tauros|Tauros-Paldea-Blaze, L50, M|100\/100\n|-ability|p1b: Tauros|Intimidate|boost\n|-unboost|p2a: Amoonguss|atk|1\n|-unboost|p2b: Iron Bundle|atk|1\n|move|p2b: Iron Bundle|Icy Wind|p1b: Tauros|[spread] p1a,p1b\n|-supereffective|p1a: Ting-Lu\n|-resisted|p1b: Tauros\n|-damage|p1a: Ting-Lu|75\/100\n|-damage|p1b: Tauros|88\/100\n|-unboost|p1a: Ting-Lu|spe|1\n|-unboost|p1b: Tauros|spe|1\n|move|p2a: Amoonguss|Spore|p1b: Tauros\n|-activate|p1b: Tauros|item: Safety Goggles|Spore\n|move|p1a: Ting-Lu|Stealth Rock|p2b: Iron Bundle\n|-sidestart|p2: StevaX|move: Stealth Rock\n|\n|-heal|p1a: Ting-Lu|81\/100|[from] item: Leftovers\n|upkeep\n|turn|2\n|inactive|Kammala has 30 seconds left.\n|inactive|StevaX has 30 seconds left.\n|inactive|Kammala has 20 seconds left.\n|\n|t:|1682048320\n|-terastallize|p1b: Tauros|Grass\n|move|p1a: Ting-Lu|Protect|p1a: Ting-Lu\n|-singleturn|p1a: Ting-Lu|Protect\n|move|p2b: Iron Bundle|Hydro Pump|p1b: Tauros\n|-resisted|p1b: Tauros\n|-damage|p1b: Tauros|61\/100\n|move|p1b: Tauros|Close Combat|p2b: Iron Bundle\n|-supereffective|p2b: Iron Bundle\n|-damage|p2b: Iron Bundle|0 fnt\n|-unboost|p1b: Tauros|def|1\n|-unboost|p1b: Tauros|spd|1\n|faint|p2b: Iron Bundle\n|-end|p2b: Iron Bundle|Quark Drive|[silent]\n|move|p2a: Amoonguss|Spore|p1a: Ting-Lu\n|-activate|p1a: Ting-Lu|move: Protect\n|\n|-heal|p1a: Ting-Lu|87\/100|[from] item: Leftovers\n|upkeep\n|\n|t:|1682048334\n|switch|p2b: Flutter Mane|Flutter Mane, L50|100\/100\n|-damage|p2b: Flutter Mane|88\/100|[from] Stealth Rock\n|turn|3\n|\n|t:|1682048351\n|switch|p1b: Azumarill|Azumarill, L50, F|100\/100\n|-terastallize|p2b: Flutter Mane|Steel\n|move|p2b: Flutter Mane|Dazzling Gleam|p1a: Ting-Lu|[spread] p1a,p1b\n|-supereffective|p1a: Ting-Lu\n|-damage|p1a: Ting-Lu|39\/100\n|-damage|p1b: Azumarill|77\/100\n|move|p2a: Amoonguss|Spore|p1b: Azumarill\n|-status|p1b: Azumarill|slp|[from] move: Spore\n|move|p1a: Ting-Lu|Heavy Slam|p2b: Flutter Mane\n|-resisted|p2b: Flutter Mane\n|-damage|p2b: Flutter Mane|40\/100\n|\n|-heal|p1a: Ting-Lu|45\/100|[from] item: Leftovers\n|upkeep\n|turn|4\n|inactive|Kammala has 30 seconds left.\n|\n|t:|1682048376\n|move|p1a: Ting-Lu|Protect|p1a: Ting-Lu\n|-singleturn|p1a: Ting-Lu|Protect\n|cant|p1b: Azumarill|slp\n|move|p2b: Flutter Mane|Dazzling Gleam|p1b: Azumarill|[spread] p1b\n|-activate|p1a: Ting-Lu|move: Protect\n|-damage|p1b: Azumarill|53\/100 slp\n|move|p2a: Amoonguss|Pollen Puff|p2b: Flutter Mane\n|-heal|p2b: Flutter Mane|90\/100\n|\n|-heal|p1a: Ting-Lu|51\/100|[from] item: Leftovers\n|upkeep\n|turn|5\n|inactive|StevaX has 30 seconds left.\n|\n|t:|1682048402\n|move|p2b: Flutter Mane|Dazzling Gleam|p1a: Ting-Lu|[spread] p1a,p1b\n|-supereffective|p1a: Ting-Lu\n|-damage|p1a: Ting-Lu|1\/100\n|-damage|p1b: Azumarill|30\/100 slp\n|cant|p1b: Azumarill|slp\n|move|p2a: Amoonguss|Spore|p1a: Ting-Lu\n|-status|p1a: Ting-Lu|slp|[from] move: Spore\n|cant|p1a: Ting-Lu|slp\n|\n|-heal|p1a: Ting-Lu|7\/100 slp|[from] item: Leftovers\n|upkeep\n|turn|6\n|\n|t:|1682048422\n|move|p2b: Flutter Mane|Dazzling Gleam|p1b: Azumarill|[spread] p1a,p1b\n|-supereffective|p1a: Ting-Lu\n|-damage|p1a: Ting-Lu|0 fnt\n|-damage|p1b: Azumarill|8\/100 slp\n|faint|p1a: Ting-Lu\n|cant|p1b: Azumarill|slp\n|move|p2a: Amoonguss|Pollen Puff|p2b: Flutter Mane\n|-heal|p2b: Flutter Mane|100\/100\n|\n|upkeep\n|\n|t:|1682048431\n|switch|p1a: Tauros|Tauros-Paldea-Blaze, L50, M, tera:Grass|61\/100\n|-ability|p1a: Tauros|Intimidate|boost\n|-unboost|p2a: Amoonguss|atk|1\n|-unboost|p2b: Flutter Mane|atk|1\n|turn|7\n|\n|t:|1682048442\n|-curestatus|p1b: Azumarill|slp|[msg]\n|move|p1b: Azumarill|Aqua Jet|p2b: Flutter Mane\n|-damage|p2b: Flutter Mane|40\/100\n|move|p2b: Flutter Mane|Dazzling Gleam|p1a: Tauros|[spread] p1a,p1b\n|-damage|p1a: Tauros|2\/100\n|-damage|p1b: Azumarill|0 fnt\n|faint|p1b: Azumarill\n|move|p1a: Tauros|Flare Blitz|p2b: Flutter Mane\n|-supereffective|p2b: Flutter Mane\n|-damage|p2b: Flutter Mane|0 fnt\n|faint|p2b: Flutter Mane\n|-end|p2b: Flutter Mane|Protosynthesis|[silent]\n|-damage|p1a: Tauros|0 fnt|[from] Recoil\n|faint|p1a: Tauros\n|move|p2a: Amoonguss|Pollen Puff|p1: Tauros|[notarget]\n|-fail|p2a: Amoonguss\n|\n|upkeep\n|\n|t:|1682048463\n|switch|p2b: Tyranitar|Tyranitar, L50, M|100\/100\n|switch|p1b: Baxcalibur|Baxcalibur, L50, M|100\/100\n|-damage|p2b: Tyranitar|88\/100|[from] Stealth Rock\n|-weather|Sandstorm|[from] ability: Sand Stream|[of] p2b: Tyranitar\n|turn|8\n|\n|t:|1682048478\n|move|p1b: Baxcalibur|Icicle Crash|p2a: Amoonguss\n|-supereffective|p2a: Amoonguss\n|-damage|p2a: Amoonguss|0 fnt\n|faint|p2a: Amoonguss\n|move|p2b: Tyranitar|Fire Punch|p1b: Baxcalibur\n|-damage|p1b: Baxcalibur|72\/100\n|-ability|p1b: Baxcalibur|Thermal Exchange|boost\n|-boost|p1b: Baxcalibur|atk|1\n|\n|-weather|Sandstorm|[upkeep]\n|-damage|p1b: Baxcalibur|66\/100|[from] Sandstorm\n|upkeep\n|turn|9\n|\n|t:|1682048487\n|move|p1b: Baxcalibur|Icicle Crash|p2b: Tyranitar\n|-damage|p2b: Tyranitar|23\/100\n|cant|p2b: Tyranitar|flinch\n|\n|-weather|Sandstorm|[upkeep]\n|-damage|p1b: Baxcalibur|60\/100|[from] Sandstorm\n|upkeep\n|turn|10\n|\n|t:|1682048497\n|move|p1b: Baxcalibur|Icicle Crash|p2b: Tyranitar\n|-damage|p2b: Tyranitar|0 fnt\n|faint|p2b: Tyranitar\n|\n|win|Kammala\n|raw|Kammala's rating: 1343 → 1359<\/strong> (+16 for winning)\n|raw|StevaX's rating: 1276 → 1256<\/strong> (-20 for losing)\n","uploadtime":1682048505,"views":21,"p1id":"kammala","p2id":"stevax","formatid":"gen9vgc2023regulationc","rating":1256,"private":0,"password":""}