{"id":"gen9vgc2023regulationc-1857315986","p1":"Haula","p2":"leafyarrow","format":"[Gen 9] VGC 2023 Regulation C","log":"|j|\u2606Haula\n|j|\u2606leafyarrow\n|t:|1683172141\n|gametype|doubles\n|player|p1|Haula|barry|\n|player|p2|leafyarrow|leaf-masters|\n|teamsize|p1|6\n|teamsize|p2|6\n|gen|9\n|tier|[Gen 9] VGC 2023 Regulation C\n|rated|Tournament battle\n|rule|Species Clause: Limit one of each Pok\u00e9mon\n|rule|Item Clause: Limit one of each item\n|clearpoke\n|poke|p1|Gyarados, L50, F|\n|poke|p1|Flutter Mane, L50|\n|poke|p1|Volcarona, L50, F|\n|poke|p1|Chien-Pao, L50|\n|poke|p1|Gholdengo, L50|\n|poke|p1|Tyranitar, L50, F|\n|poke|p2|Flutter Mane, L50|\n|poke|p2|Palafin, L50, F|\n|poke|p2|Amoonguss, L50, F|\n|poke|p2|Ting-Lu, L50|\n|poke|p2|Arcanine, L50, M|\n|poke|p2|Kingambit, L50, M|\n|teampreview|4\n|raw| Open Team Sheet for Haula<\/summary>Gyarados @ Lum Berry Ability: Intimidate Level: 50 Tera Type: Flying - Dragon Dance - Protect - Tera Blast - Waterfall Flutter Mane @ Booster Energy Ability: Protosynthesis Level: 50 Tera Type: Fairy - Shadow Ball - Moonblast - Protect - Perish Song Volcarona @ Safety Goggles Ability: Flame Body Level: 50 Tera Type: Water - Overheat - Rage Powder - Protect - Will-O-Wisp Chien-Pao @ Focus Sash Ability: Sword of Ruin Level: 50 Tera Type: Dark - Sacred Sword - Haze - Sucker Punch - Ice Spinner Gholdengo @ Covert Cloak Ability: Good as Gold Level: 50 Tera Type: Steel - Protect - Nasty Plot - Make It Rain - Shadow Ball Tyranitar @ Assault Vest Ability: Sand Stream Level: 50 Tera Type: Flying - Rock Slide - Crunch - Low Kick - Tera Blast <\/details><\/div> Open Team Sheet for leafyarrow<\/summary>Flutter Mane @ Choice Specs Ability: Protosynthesis Level: 50 Tera Type: Fairy - Moonblast - Dazzling Gleam - Shadow Ball - Thunderbolt Palafin @ Mystic Water Ability: Zero to Hero Level: 50 Tera Type: Water - Jet Punch - Wave Crash - Haze - Protect Amoonguss @ Sitrus Berry Ability: Regenerator Level: 50 Tera Type: Water - Pollen Puff - Protect - Spore - Rage Powder Ting-Lu @ Assault Vest Ability: Vessel of Ruin Level: 50 Tera Type: Poison - Ruination - Stomping Tantrum - Heavy Slam - Fissure Arcanine @ Safety Goggles Ability: Intimidate Level: 50 Tera Type: Grass - Flare Blitz - Will-O-Wisp - Protect - Extreme Speed Kingambit @ Lum Berry Ability: Defiant Level: 50 Tera Type: Flying - Iron Head - Protect - Tera Blast - Kowtow Cleave <\/details><\/div>\n|inactive|Battle timer is ON: inactive players will automatically lose when time's up. (requested by Haula)\n|j| SparkySign\n|inactive|leafyarrow has 60 seconds left.\n|inactive|leafyarrow has 30 seconds left.\n|inactive|leafyarrow has 20 seconds left.\n|inactive|Haula has 60 seconds left.\n|inactive|leafyarrow has 15 seconds left.\n|inactive|leafyarrow has 10 seconds left.\n|inactive|leafyarrow has 5 seconds left.\n|\n|t:|1683172231\n|start\n|switch|p1a: Gyarados|Gyarados, L50, F|100\/100\n|switch|p1b: Volcarona|Volcarona, L50, F|100\/100\n|switch|p2a: Flutter Mane|Flutter Mane, L50|100\/100\n|switch|p2b: Amoonguss|Amoonguss, L50, F|100\/100\n|-ability|p1a: Gyarados|Intimidate|boost\n|-unboost|p2a: Flutter Mane|atk|1\n|-unboost|p2b: Amoonguss|atk|1\n|turn|1\n|inactive|leafyarrow has 30 seconds left.\n|\n|t:|1683172258\n|-end|p2a: Flutter Mane|Protosynthesis|[silent]\n|switch|p2a: Arcanine|Arcanine, L50, M|100\/100\n|-ability|p2a: Arcanine|Intimidate|boost\n|-unboost|p1a: Gyarados|atk|1\n|-unboost|p1b: Volcarona|atk|1\n|move|p1b: Volcarona|Rage Powder|p1b: Volcarona\n|-singleturn|p1b: Volcarona|move: Rage Powder\n|move|p1a: Gyarados|Dragon Dance|p1a: Gyarados\n|-boost|p1a: Gyarados|atk|1\n|-boost|p1a: Gyarados|spe|1\n|move|p2b: Amoonguss|Spore|p1a: Gyarados\n|-status|p1a: Gyarados|slp|[from] move: Spore\n|-enditem|p1a: Gyarados|Lum Berry|[eat]\n|-curestatus|p1a: Gyarados|slp|[msg]\n|\n|upkeep\n|turn|2\n|\n|t:|1683172279\n|move|p2b: Amoonguss|Protect|p2b: Amoonguss\n|-singleturn|p2b: Amoonguss|Protect\n|move|p1a: Gyarados|Waterfall|p2a: Arcanine\n|-supereffective|p2a: Arcanine\n|-damage|p2a: Arcanine|17\/100\n|move|p2a: Arcanine|Will-O-Wisp|p1a: Gyarados\n|-status|p1a: Gyarados|brn\n|move|p1b: Volcarona|Overheat|p2b: Amoonguss\n|-activate|p2b: Amoonguss|move: Protect\n|\n|-damage|p1a: Gyarados|94\/100 brn|[from] brn\n|upkeep\n|turn|3\n|inactive|leafyarrow has 30 seconds left.\n|inactive|leafyarrow has 20 seconds left.\n|\n|t:|1683172318\n|switch|p2a: Kingambit|Kingambit, L50, M|100\/100\n|move|p1a: Gyarados|Dragon Dance|p1a: Gyarados\n|-boost|p1a: Gyarados|atk|1\n|-boost|p1a: Gyarados|spe|1\n|move|p1b: Volcarona|Overheat|p2b: Amoonguss\n|-supereffective|p2b: Amoonguss\n|-damage|p2b: Amoonguss|2\/100\n|-unboost|p1b: Volcarona|spa|2\n|-enditem|p2b: Amoonguss|Sitrus Berry|[eat]\n|-heal|p2b: Amoonguss|27\/100|[from] item: Sitrus Berry\n|move|p2b: Amoonguss|Pollen Puff|p2a: Kingambit\n|-immune|p2a: Kingambit\n|\n|-damage|p1a: Gyarados|88\/100 brn|[from] brn\n|upkeep\n|turn|4\n|inactive|Haula has 30 seconds left.\n|inactive|leafyarrow has 30 seconds left.\n|\n|t:|1683172349\n|switch|p1b: Tyranitar|Tyranitar, L50, F|100\/100\n|-weather|Sandstorm|[from] ability: Sand Stream|[of] p1b: Tyranitar\n|move|p2b: Amoonguss|Protect|p2b: Amoonguss\n|-singleturn|p2b: Amoonguss|Protect\n|move|p1a: Gyarados|Waterfall|p2a: Kingambit\n|-damage|p2a: Kingambit|78\/100\n|move|p2a: Kingambit|Kowtow Cleave|p1a: Gyarados\n|-damage|p1a: Gyarados|33\/100 brn\n|\n|-weather|Sandstorm|[upkeep]\n|-damage|p1a: Gyarados|26\/100 brn|[from] Sandstorm\n|-damage|p2b: Amoonguss|21\/100|[from] Sandstorm\n|-damage|p1a: Gyarados|20\/100 brn|[from] brn\n|upkeep\n|turn|5\n|inactive|leafyarrow has 30 seconds left.\n|inactive|Haula has 30 seconds left.\n|inactive|Haula has 20 seconds left.\n|j| Radio Free C-Side\n|inactive|Haula has 15 seconds left.\n|inactive|Haula has 10 seconds left.\n|inactive|Haula has 5 seconds left.\n|\n|t:|1683172406\n|switch|p2b: Arcanine|Arcanine, L50, M|17\/100\n|-ability|p2b: Arcanine|Intimidate|boost\n|-unboost|p1a: Gyarados|atk|1\n|-unboost|p1b: Tyranitar|atk|1\n|-terastallize|p1b: Tyranitar|Flying\n|move|p2a: Kingambit|Protect|p2a: Kingambit\n|-singleturn|p2a: Kingambit|Protect\n|move|p1a: Gyarados|Waterfall|p2a: Kingambit\n|-activate|p2a: Kingambit|move: Protect\n|move|p1b: Tyranitar|Low Kick|p2a: Kingambit\n|-activate|p2a: Kingambit|move: Protect\n|\n|-weather|Sandstorm|[upkeep]\n|-damage|p1a: Gyarados|14\/100 brn|[from] Sandstorm\n|-damage|p1b: Tyranitar|95\/100|[from] Sandstorm\n|-damage|p1a: Gyarados|8\/100 brn|[from] brn\n|upkeep\n|turn|6\n|inactive|leafyarrow has 30 seconds left.\n|\n|t:|1683172433\n|switch|p2b: Amoonguss|Amoonguss, L50, F|55\/100\n|-terastallize|p2a: Kingambit|Flying\n|move|p1a: Gyarados|Waterfall|p2a: Kingambit\n|-damage|p2a: Kingambit|62\/100\n|move|p1b: Tyranitar|Low Kick|p2a: Kingambit\n|-resisted|p2a: Kingambit\n|-damage|p2a: Kingambit|54\/100\n|move|p2a: Kingambit|Kowtow Cleave|p1b: Tyranitar\n|-damage|p1b: Tyranitar|57\/100\n|\n|-weather|Sandstorm|[upkeep]\n|-damage|p1a: Gyarados|2\/100 brn|[from] Sandstorm\n|-damage|p1b: Tyranitar|51\/100|[from] Sandstorm\n|-damage|p2a: Kingambit|48\/100|[from] Sandstorm\n|-damage|p2b: Amoonguss|49\/100|[from] Sandstorm\n|-damage|p1a: Gyarados|0 fnt|[from] brn\n|faint|p1a: Gyarados\n|upkeep\n|j| MagmaPilled\n|\n|t:|1683172442\n|switch|p1a: Volcarona|Volcarona, L50, F|100\/100\n|turn|7\n|inactive|leafyarrow has 30 seconds left.\n|inactive|leafyarrow has 20 seconds left.\n|\n|t:|1683172478\n|switch|p2a: Arcanine|Arcanine, L50, M|17\/100\n|-ability|p2a: Arcanine|Intimidate|boost\n|-unboost|p1a: Volcarona|atk|1\n|-unboost|p1b: Tyranitar|atk|1\n|move|p1a: Volcarona|Overheat|p2b: Amoonguss|[miss]\n|-miss|p1a: Volcarona|p2b: Amoonguss\n|move|p1b: Tyranitar|Rock Slide|p2b: Amoonguss|[spread] p2a,p2b\n|-supereffective|p2a: Arcanine\n|-damage|p2a: Arcanine|0 fnt\n|-damage|p2b: Amoonguss|36\/100\n|faint|p2a: Arcanine\n|cant|p2b: Amoonguss|flinch\n|\n|-weather|Sandstorm|[upkeep]\n|-damage|p1b: Tyranitar|45\/100|[from] Sandstorm\n|-damage|p2b: Amoonguss|30\/100|[from] Sandstorm\n|upkeep\n|j| Gizball\n|j| bdogplatinum\n|\n|t:|1683172489\n|switch|p2a: Flutter Mane|Flutter Mane, L50|100\/100\n|turn|8\n|inactive|Haula has 30 seconds left.\n|inactive|Haula has 20 seconds left.\n|inactive|Haula has 15 seconds left.\n|\n|t:|1683172531\n|move|p2b: Amoonguss|Protect|p2b: Amoonguss\n|-singleturn|p2b: Amoonguss|Protect\n|move|p2a: Flutter Mane|Thunderbolt|p1b: Tyranitar\n|-supereffective|p1b: Tyranitar\n|-damage|p1b: Tyranitar|0 fnt\n|faint|p1b: Tyranitar\n|move|p1a: Volcarona|Overheat|p2b: Amoonguss\n|-activate|p2b: Amoonguss|move: Protect\n|\n|-weather|none\n|upkeep\n|\n|t:|1683172536\n|switch|p1b: Chien-Pao|Chien-Pao, L50|100\/100\n|-ability|p1b: Chien-Pao|Sword of Ruin\n|turn|9\n|\n|t:|1683172554\n|switch|p2b: Kingambit|Kingambit, L50, M, tera:Flying|48\/100\n|move|p1b: Chien-Pao|Sucker Punch|p2a: Flutter Mane\n|-damage|p2a: Flutter Mane|7\/100\n|move|p2a: Flutter Mane|Thunderbolt|p1b: Chien-Pao\n|-damage|p1b: Chien-Pao|25\/100\n|move|p1a: Volcarona|Overheat|p2b: Kingambit\n|-damage|p2b: Kingambit|0 fnt\n|-unboost|p1a: Volcarona|spa|2\n|faint|p2b: Kingambit\n|\n|upkeep\n|\n|t:|1683172566\n|switch|p2b: Amoonguss|Amoonguss, L50, F|64\/100\n|turn|10\n|inactive|leafyarrow has 30 seconds left.\n|\n|t:|1683172596\n|move|p1a: Volcarona|Rage Powder|p1a: Volcarona\n|-singleturn|p1a: Volcarona|move: Rage Powder\n|move|p2b: Amoonguss|Rage Powder|p2b: Amoonguss\n|-singleturn|p2b: Amoonguss|move: Rage Powder\n|move|p1b: Chien-Pao|Ice Spinner|p2b: Amoonguss\n|-supereffective|p2b: Amoonguss\n|-damage|p2b: Amoonguss|0 fnt\n|faint|p2b: Amoonguss\n|move|p2a: Flutter Mane|Thunderbolt|p1a: Volcarona\n|-damage|p1a: Volcarona|63\/100\n|\n|upkeep\n|turn|11\n|\n|t:|1683172608\n|move|p1a: Volcarona|Rage Powder|p1a: Volcarona\n|-singleturn|p1a: Volcarona|move: Rage Powder\n|move|p2a: Flutter Mane|Thunderbolt|p1a: Volcarona\n|-damage|p1a: Volcarona|26\/100\n|move|p1b: Chien-Pao|Ice Spinner|p2a: Flutter Mane\n|-damage|p2a: Flutter Mane|0 fnt\n|faint|p2a: Flutter Mane\n|-end|p2a: Flutter Mane|Protosynthesis|[silent]\n|\n|win|Haula\n|n|\u2606Haula|haula\n|n|\u2606leafyarrow|leafyarrow\n|n| SparkySign|sparkysign\n|n| Radio Free C-Side|radiofreecside\n|n| MagmaPilled|magmapilled\n|n| Gizball|gizball\n|n| bdogplatinum|bdogplatinum\n|l|\u2606Haula\n|l| MagmaPilled\n","uploadtime":1683172618,"views":7,"p1id":"haula","p2id":"leafyarrow","formatid":"gen9vgc2023regulationc","rating":0,"private":0,"password":""}