{"id":"gen9vgc2023regulationc-1855005526","p1":"Esspekkk","p2":"TempleofDune","format":"[Gen 9] VGC 2023 Regulation C","log":"|j|\u2606Esspekkk\n|j|\u2606TempleofDune\n|t:|1682890098\n|gametype|doubles\n|player|p1|Esspekkk|266|1346\n|player|p2|TempleofDune|swimmer|1396\n|teamsize|p1|6\n|teamsize|p2|6\n|gen|9\n|tier|[Gen 9] VGC 2023 Regulation C\n|rated|\n|rule|Species Clause: Limit one of each Pok\u00e9mon\n|rule|Item Clause: Limit one of each item\n|clearpoke\n|poke|p1|Talonflame, L50, F|\n|poke|p1|Iron Treads, L50|\n|poke|p1|Baxcalibur, L50, F|\n|poke|p1|Kingambit, L50, F|\n|poke|p1|Azumarill, L50, M|\n|poke|p1|Amoonguss, L50, M|\n|poke|p2|Wo-Chien, L50|\n|poke|p2|Glimmora, L50, M|\n|poke|p2|Dondozo, L50, M|\n|poke|p2|Tatsugiri, L50, M|\n|poke|p2|Ceruledge, L50, M|\n|poke|p2|Chien-Pao, L50|\n|teampreview|4\n|inactive|Battle timer is ON: inactive players will automatically lose when time's up. (requested by Esspekkk)\n|inactive|Esspekkk has 60 seconds left.\nTempleofDune has agreed to open team sheets.\n|\n|t:|1682890133\n|start\n|switch|p1a: Azumarill|Azumarill, L50, M, shiny|100\/100\n|switch|p1b: Amoonguss|Amoonguss, L50, M, shiny|100\/100\n|switch|p2a: Wo-Chien|Wo-Chien, L50|100\/100\n|switch|p2b: Glimmora|Glimmora, L50, M|100\/100\n|-ability|p2a: Wo-Chien|Tablets of Ruin\n|turn|1\n|inactive|Esspekkk has 30 seconds left.\n|inactive|TempleofDune has 30 seconds left.\n|\n|t:|1682890164\n|-terastallize|p2b: Glimmora|Grass\n|move|p1b: Amoonguss|Rage Powder|p1b: Amoonguss\n|-singleturn|p1b: Amoonguss|move: Rage Powder\n|move|p2b: Glimmora|Mortal Spin|p1a: Azumarill|[spread] p1a,p1b\n|-supereffective|p1a: Azumarill\n|-damage|p1a: Azumarill|94\/100\n|-damage|p1b: Amoonguss|97\/100\n|-status|p1a: Azumarill|psn\n|move|p2a: Wo-Chien|Foul Play|p1a: Azumarill\n|-resisted|p1a: Azumarill\n|-damage|p1a: Azumarill|78\/100 psn\n|move|p1a: Azumarill|Belly Drum|p1a: Azumarill\n|-damage|p1a: Azumarill|28\/100 psn\n|-setboost|p1a: Azumarill|atk|6|[from] move: Belly Drum\n|-enditem|p1a: Azumarill|Sitrus Berry|[eat]\n|-heal|p1a: Azumarill|52\/100 psn|[from] item: Sitrus Berry\n|\n|-damage|p1a: Azumarill|40\/100 psn|[from] psn\n|upkeep\n|turn|2\n|inactive|Esspekkk has 30 seconds left.\n|inactive|TempleofDune has 30 seconds left.\n|\n|t:|1682890198\n|-terastallize|p1a: Azumarill|Water\n|move|p2a: Wo-Chien|Protect|p2a: Wo-Chien\n|-singleturn|p2a: Wo-Chien|Protect\n|move|p1a: Azumarill|Aqua Jet|p2a: Wo-Chien\n|-activate|p2a: Wo-Chien|move: Protect\n|move|p2b: Glimmora|Sludge Bomb|p1a: Azumarill\n|-damage|p1a: Azumarill|1\/100 psn\n|move|p1b: Amoonguss|Pollen Puff|p2a: Wo-Chien\n|-activate|p2a: Wo-Chien|move: Protect\n|\n|-damage|p1a: Azumarill|0 fnt|[from] psn\n|faint|p1a: Azumarill\n|upkeep\n|\n|t:|1682890204\n|switch|p1a: Baxcalibur|Baxcalibur, L50, F|100\/100\n|turn|3\n|inactive|TempleofDune has 30 seconds left.\n|\n|t:|1682890236\n|move|p1a: Baxcalibur|Dragon Dance|p1a: Baxcalibur\n|-boost|p1a: Baxcalibur|atk|1\n|-boost|p1a: Baxcalibur|spe|1\n|move|p2b: Glimmora|Power Gem|p1a: Baxcalibur\n|-supereffective|p1a: Baxcalibur\n|-crit|p1a: Baxcalibur\n|-damage|p1a: Baxcalibur|0 fnt\n|faint|p1a: Baxcalibur\n|move|p2a: Wo-Chien|Leech Seed|p1b: Amoonguss\n|-immune|p1b: Amoonguss\n|move|p1b: Amoonguss|Pollen Puff|p1: Baxcalibur|[notarget]\n|-fail|p1b: Amoonguss\n|\n|upkeep\n|\n|t:|1682890242\n|switch|p1a: Iron Treads|Iron Treads, L50, shiny|100\/100\n|turn|4\n|\n|t:|1682890259\n|move|p1a: Iron Treads|Megahorn|p2b: Glimmora\n|-supereffective|p2b: Glimmora\n|-damage|p2b: Glimmora|29\/100\n|-activate|p2b: Glimmora|ability: Toxic Debris\n|-sidestart|p1: Esspekkk|move: Toxic Spikes\n|move|p2b: Glimmora|Earth Power|p1a: Iron Treads\n|-supereffective|p1a: Iron Treads\n|-damage|p1a: Iron Treads|25\/100\n|move|p2a: Wo-Chien|Foul Play|p1a: Iron Treads\n|-damage|p1a: Iron Treads|0 fnt\n|faint|p1a: Iron Treads\n|-end|p1a: Iron Treads|Quark Drive|[silent]\n|move|p1b: Amoonguss|Pollen Puff|p2a: Wo-Chien\n|-supereffective|p2a: Wo-Chien\n|-damage|p2a: Wo-Chien|48\/100\n|\n|-heal|p2a: Wo-Chien|55\/100|[from] item: Leftovers\n|upkeep\n|turn|5\n|l|\u2606Esspekkk\n|inactive|Esspekkk disconnected and has a minute to reconnect!\n|player|p1|\n|inactive|Esspekkk has 30 seconds left.\n|c|\u2606TempleofDune|megahorn was cool\n|inactive|Esspekkk has 20 seconds left.\n|inactive|Esspekkk has 15 seconds left.\n|inactive|Esspekkk has 10 seconds left.\n|inactive|Esspekkk has 5 seconds left.\n|-message|Esspekkk lost due to inactivity.\n|\n|win|TempleofDune\n|raw|Esspekkk's rating: 1346 → 1329<\/strong> (-17 for losing)\n|raw|TempleofDune's rating: 1396 → 1413<\/strong> (+17 for winning)\n","uploadtime":1682890530,"views":11,"p1id":"esspekkk","p2id":"templeofdune","formatid":"gen9vgc2023regulationc","rating":1329,"private":0,"password":""}