{"id":"gen9vgc2023regulationc-1864180182","p1":"RonnyThalko2","p2":"revocolombia","format":"[Gen 9] VGC 2023 Regulation C","log":"|j|\u2606RonnyThalko2\n|j|\u2606revocolombia\n|t:|1684131345\n|gametype|doubles\n|player|p1|RonnyThalko2|101|1251\n|player|p2|revocolombia|pokemonranger-gen4|1234\n|teamsize|p1|6\n|teamsize|p2|6\n|gen|9\n|tier|[Gen 9] VGC 2023 Regulation C\n|rated|\n|rule|Species Clause: Limit one of each Pok\u00e9mon\n|rule|Item Clause: Limit one of each item\n|clearpoke\n|poke|p1|Dondozo, L50, F|\n|poke|p1|Tatsugiri, L50, M|\n|poke|p1|Glimmora, L50, F|\n|poke|p1|Flutter Mane, L50|\n|poke|p1|Wo-Chien, L50|\n|poke|p1|Chi-Yu, L50|\n|poke|p2|Flutter Mane, L50|\n|poke|p2|Annihilape, L50, M|\n|poke|p2|Dragonite, L50, F|\n|poke|p2|Chien-Pao, L50|\n|poke|p2|Murkrow, L50, M|\n|poke|p2|Chi-Yu, L50|\n|teampreview|4\n|\n|t:|1684131384\n|start\n|switch|p1a: Chi-Yu|Chi-Yu, L50|100\/100\n|switch|p1b: Flutter Mane|Flutter Mane, L50|100\/100\n|switch|p2a: Chi-Yu|Chi-Yu, L50|100\/100\n|switch|p2b: Dragonite|Dragonite, L50, F|100\/100\n|-ability|p1a: Chi-Yu|Beads of Ruin\n|-ability|p2a: Chi-Yu|Beads of Ruin\n|turn|1\n|\n|t:|1684131409\n|-terastallize|p2b: Dragonite|Normal\n|move|p1b: Flutter Mane|Dazzling Gleam|p2a: Chi-Yu|[spread] p2a,p2b\n|-damage|p2a: Chi-Yu|56\/100\n|-damage|p2b: Dragonite|70\/100\n|move|p1a: Chi-Yu|Dark Pulse|p2a: Chi-Yu\n|-resisted|p2a: Chi-Yu\n|-damage|p2a: Chi-Yu|34\/100\n|move|p2b: Dragonite|Dragon Dance|p2b: Dragonite\n|-boost|p2b: Dragonite|atk|1\n|-boost|p2b: Dragonite|spe|1\n|move|p2a: Chi-Yu|Heat Wave|p1b: Flutter Mane|[spread] p1a,p1b\n|-resisted|p1a: Chi-Yu\n|-damage|p1a: Chi-Yu|71\/100\n|-damage|p1b: Flutter Mane|33\/100\n|-damage|p2a: Chi-Yu|24\/100|[from] item: Life Orb\n|\n|upkeep\n|turn|2\n|\n|t:|1684131440\n|move|p2a: Chi-Yu|Protect|p2a: Chi-Yu\n|-singleturn|p2a: Chi-Yu|Protect\n|move|p2b: Dragonite|Extreme Speed|p1a: Chi-Yu\n|-damage|p1a: Chi-Yu|0 fnt\n|faint|p1a: Chi-Yu\n|move|p1b: Flutter Mane|Dazzling Gleam|p2a: Chi-Yu|[spread] p2b\n|-activate|p2a: Chi-Yu|move: Protect\n|-damage|p2b: Dragonite|13\/100\n|\n|upkeep\n|\n|t:|1684131455\n|switch|p1a: Tatsugiri|Tatsugiri, L50, M|100\/100\n|turn|3\n|\n|t:|1684131478\n|move|p1a: Tatsugiri|Muddy Water|p2b: Dragonite|[spread] p2a\n|-miss|p1a: Tatsugiri|p2b: Dragonite\n|-supereffective|p2a: Chi-Yu\n|-damage|p2a: Chi-Yu|0 fnt\n|faint|p2a: Chi-Yu\n|move|p1b: Flutter Mane|Dazzling Gleam|p2b: Dragonite\n|-damage|p2b: Dragonite|0 fnt\n|faint|p2b: Dragonite\n|\n|upkeep\n|\n|t:|1684131488\n|switch|p2b: Murkrow|Murkrow, L50, M|100\/100\n|switch|p2a: Flutter Mane|Flutter Mane, L50|100\/100\n|-enditem|p2a: Flutter Mane|Booster Energy\n|-activate|p2a: Flutter Mane|ability: Protosynthesis|[fromitem]\n|-start|p2a: Flutter Mane|protosynthesisspe\n|turn|4\n|\n|t:|1684131501\n|-end|p1b: Flutter Mane|Protosynthesis|[silent]\n|switch|p1b: Dondozo|Dondozo, L50, F|100\/100\n|-activate|p1a: Tatsugiri|ability: Commander|[of] p1b: Dondozo\n|-boost|p1b: Dondozo|atk|2\n|-boost|p1b: Dondozo|spa|2\n|-boost|p1b: Dondozo|spe|2\n|-boost|p1b: Dondozo|def|2\n|-boost|p1b: Dondozo|spd|2\n|move|p2a: Flutter Mane|Dazzling Gleam|p1b: Dondozo|[spread] p1b\n|-miss|p2a: Flutter Mane|p1a: Tatsugiri\n|-damage|p1b: Dondozo|85\/100\n|move|p2b: Murkrow|Foul Play|p1a: Tatsugiri|[miss]\n|-miss|p2b: Murkrow|p1a: Tatsugiri\n|\n|-heal|p1b: Dondozo|92\/100|[from] item: Leftovers\n|upkeep\n|turn|5\n|\n|t:|1684131521\n|move|p2b: Murkrow|Haze|p2b: Murkrow\n|-clearallboost\n|move|p2a: Flutter Mane|Thunderbolt|p1b: Dondozo\n|-supereffective|p1b: Dondozo\n|-damage|p1b: Dondozo|35\/100\n|move|p1b: Dondozo|Wave Crash|p2a: Flutter Mane\n|-damage|p2a: Flutter Mane|9\/100\n|-damage|p1b: Dondozo|17\/100|[from] Recoil\n|\n|-heal|p1b: Dondozo|23\/100|[from] item: Leftovers\n|upkeep\n|turn|6\n|\n|t:|1684131547\n|move|p2a: Flutter Mane|Thunderbolt|p1b: Dondozo\n|-supereffective|p1b: Dondozo\n|-damage|p1b: Dondozo|0 fnt\n|faint|p1b: Dondozo\n|move|p2b: Murkrow|Foul Play|p1a: Tatsugiri\n|-damage|p1a: Tatsugiri|77\/100\n|\n|upkeep\n|\n|t:|1684131555\n|switch|p1b: Flutter Mane|Flutter Mane, L50|33\/100\n|turn|7\n|\n|t:|1684131564\n|-terastallize|p1a: Tatsugiri|Steel\n|move|p2b: Murkrow|Tailwind|p2b: Murkrow\n|-sidestart|p2: revocolombia|move: Tailwind\n|move|p2a: Flutter Mane|Dazzling Gleam|p1b: Flutter Mane|[spread] p1a,p1b\n|-resisted|p1a: Tatsugiri\n|-damage|p1a: Tatsugiri|58\/100\n|-damage|p1b: Flutter Mane|0 fnt\n|faint|p1b: Flutter Mane\n|-end|p1b: Flutter Mane|Protosynthesis|[silent]\n|move|p1a: Tatsugiri|Muddy Water|p2a: Flutter Mane|[spread] \n|-miss|p1a: Tatsugiri|p2a: Flutter Mane\n|-miss|p1a: Tatsugiri|p2b: Murkrow\n|\n|upkeep\n|turn|8\n|\n|t:|1684131583\n|move|p2a: Flutter Mane|Shadow Ball|p1a: Tatsugiri\n|-damage|p1a: Tatsugiri|1\/100\n|-unboost|p1a: Tatsugiri|spd|1\n|move|p2b: Murkrow|Foul Play|p1a: Tatsugiri\n|-damage|p1a: Tatsugiri|0 fnt\n|faint|p1a: Tatsugiri\n|\n|win|revocolombia\n|raw|RonnyThalko2's rating: 1251 → 1225<\/strong> (-26 for losing)\n|raw|revocolombia's rating: 1234 → 1260<\/strong> (+26 for winning)\n|l|\u2606RonnyThalko2\n","uploadtime":1684131593,"views":8,"p1id":"ronnythalko2","p2id":"revocolombia","formatid":"gen9vgc2023regulationc","rating":1225,"private":0,"password":""}