{"id":"gen9vgc2023regulationc-1845417689","p1":"Citoraptor","p2":"goatmilkin3d","format":"[Gen 9] VGC 2023 Regulation C","log":"|j|\u2606Citoraptor\n|j|\u2606goatmilkin3d\n|t:|1681730583\n|gametype|doubles\n|player|p1|Citoraptor|265|1046\n|player|p2|goatmilkin3d|swimmer|1131\n|teamsize|p1|6\n|teamsize|p2|6\n|gen|9\n|tier|[Gen 9] VGC 2023 Regulation C\n|rated|\n|rule|Species Clause: Limit one of each Pok\u00e9mon\n|rule|Item Clause: Limit one of each item\n|clearpoke\n|poke|p1|Blissey, L50, F|\n|poke|p1|Roaring Moon, L50|\n|poke|p1|Talonflame, L50, F|\n|poke|p1|Gholdengo, L50|\n|poke|p1|Chien-Pao, L50|\n|poke|p1|Wo-Chien, L50|\n|poke|p2|Tinkaton, L50, F|\n|poke|p2|Grimmsnarl, L50, M|\n|poke|p2|Tyranitar, L50, M|\n|poke|p2|Houndstone, L50, F|\n|poke|p2|Ceruledge, L50, M|\n|poke|p2|Great Tusk, L50|\n|teampreview|4\n|inactive|Battle timer is ON: inactive players will automatically lose when time's up. (requested by goatmilkin3d)\n|inactive|Citoraptor has 60 seconds left.\n|inactive|goatmilkin3d has 60 seconds left.\n|inactive|Citoraptor has 30 seconds left.\n|\n|t:|1681730649\n|start\n|switch|p1a: Gholdengo|Gholdengo, L50|100\/100\n|switch|p1b: Talonflame|Talonflame, L50, F|100\/100\n|switch|p2a: Tinkaton|Tinkaton, L50, F|100\/100\n|switch|p2b: Tyranitar|Tyranitar, L50, M, shiny|100\/100\n|-weather|Sandstorm|[from] ability: Sand Stream|[of] p2b: Tyranitar\n|turn|1\n|inactive|Citoraptor has 30 seconds left.\n|inactive|Citoraptor has 20 seconds left.\n|\n|t:|1681730687\n|move|p2a: Tinkaton|Fake Out|p1b: Talonflame\n|-damage|p1b: Talonflame|90\/100\n|move|p1b: Talonflame|Tailwind|p1b: Talonflame\n|-sidestart|p1: Citoraptor|move: Tailwind\n|move|p1a: Gholdengo|Make It Rain|p2b: Tyranitar|[spread] p2a,p2b\n|-supereffective|p2b: Tyranitar\n|-damage|p2a: Tinkaton|32\/100\n|-damage|p2b: Tyranitar|43\/100\n|-unboost|p1a: Gholdengo|spa|1\n|move|p2b: Tyranitar|Rock Slide|p1a: Gholdengo|[spread] p1a,p1b\n|-resisted|p1a: Gholdengo\n|-supereffective|p1b: Talonflame\n|-damage|p1a: Gholdengo|83\/100\n|-damage|p1b: Talonflame|0 fnt\n|faint|p1b: Talonflame\n|\n|-weather|Sandstorm|[upkeep]\n|upkeep\n|\n|t:|1681730709\n|switch|p1b: Chien-Pao|Chien-Pao, L50|100\/100\n|-ability|p1b: Chien-Pao|Sword of Ruin\n|turn|2\n|\n|t:|1681730727\n|switch|p2b: Ceruledge|Ceruledge, L50, M|100\/100\n|-terastallize|p1b: Chien-Pao|Dark\n|move|p2a: Tinkaton|Protect|p2a: Tinkaton\n|-singleturn|p2a: Tinkaton|Protect\n|move|p1b: Chien-Pao|Ice Spinner|p2a: Tinkaton\n|-activate|p2a: Tinkaton|move: Protect\n|move|p1a: Gholdengo|Make It Rain|p2b: Ceruledge|[spread] p2b\n|-activate|p2a: Tinkaton|move: Protect\n|-resisted|p2b: Ceruledge\n|-damage|p2b: Ceruledge|75\/100\n|-unboost|p1a: Gholdengo|spa|1\n|\n|-weather|Sandstorm|[upkeep]\n|-damage|p1b: Chien-Pao|95\/100|[from] Sandstorm\n|-damage|p2b: Ceruledge|69\/100|[from] Sandstorm\n|-heal|p2b: Ceruledge|75\/100|[from] item: Leftovers\n|upkeep\n|turn|3\n|inactive|Citoraptor has 30 seconds left.\n|inactive|goatmilkin3d has 30 seconds left.\n|inactive|goatmilkin3d has 20 seconds left.\n|inactive|goatmilkin3d has 15 seconds left.\n|\n|t:|1681730767\n|switch|p1a: Roaring Moon|Roaring Moon, L50, shiny|100\/100\n|-enditem|p1a: Roaring Moon|Booster Energy\n|-activate|p1a: Roaring Moon|ability: Protosynthesis|[fromitem]\n|-start|p1a: Roaring Moon|protosynthesisatk\n|-terastallize|p2b: Ceruledge|Grass\n|move|p1b: Chien-Pao|Ice Spinner|p2a: Tinkaton\n|-resisted|p2a: Tinkaton\n|-damage|p2a: Tinkaton|0 fnt\n|faint|p2a: Tinkaton\n|move|p2b: Ceruledge|Bulk Up|p2b: Ceruledge\n|-boost|p2b: Ceruledge|atk|1\n|-boost|p2b: Ceruledge|def|1\n|\n|-weather|Sandstorm|[upkeep]\n|-damage|p1b: Chien-Pao|89\/100|[from] Sandstorm\n|-damage|p1a: Roaring Moon|94\/100|[from] Sandstorm\n|-damage|p2b: Ceruledge|69\/100|[from] Sandstorm\n|-heal|p2b: Ceruledge|75\/100|[from] item: Leftovers\n|upkeep\n|\n|t:|1681730780\n|switch|p2a: Great Tusk|Great Tusk, L50|100\/100\n|turn|4\n|inactive|Citoraptor has 30 seconds left.\n|inactive|goatmilkin3d has 30 seconds left.\n|\n|t:|1681730809\n|move|p1b: Chien-Pao|Sacred Sword|p2a: Great Tusk\n|-crit|p2a: Great Tusk\n|-damage|p2a: Great Tusk|52\/100\n|move|p1a: Roaring Moon|Acrobatics|p2b: Ceruledge\n|-supereffective|p2b: Ceruledge\n|-damage|p2b: Ceruledge|0 fnt\n|faint|p2b: Ceruledge\n|move|p2a: Great Tusk|Close Combat|p1a: Roaring Moon\n|-supereffective|p1a: Roaring Moon\n|-damage|p1a: Roaring Moon|0 fnt\n|-unboost|p2a: Great Tusk|def|1\n|-unboost|p2a: Great Tusk|spd|1\n|faint|p1a: Roaring Moon\n|-end|p1a: Roaring Moon|Protosynthesis|[silent]\n|\n|-weather|Sandstorm|[upkeep]\n|-damage|p1b: Chien-Pao|83\/100|[from] Sandstorm\n|-sideend|p1: Citoraptor|move: Tailwind\n|upkeep\n|\n|t:|1681730826\n|switch|p1a: Gholdengo|Gholdengo, L50|83\/100\n|switch|p2b: Tyranitar|Tyranitar, L50, M, shiny|43\/100\n|turn|5\n|-message|goatmilkin3d forfeited.\n|\n|win|Citoraptor\n|raw|Citoraptor's rating: 1046 → 1087<\/strong> (+41 for winning)\n|raw|goatmilkin3d's rating: 1131 → 1100<\/strong> (-31 for losing)\n|l|\u2606goatmilkin3d\n","uploadtime":1681730838,"views":7,"p1id":"citoraptor","p2id":"goatmilkin3d","formatid":"gen9vgc2023regulationc","rating":1087,"private":0,"password":""}