{"id":"gen9vgc2023regulationc-1862903620","p1":"drv12","p2":"Lankymobs","format":"[Gen 9] VGC 2023 Regulation C","log":"|j|\u2606drv12\n|j|\u2606Lankymobs\n|t:|1683936225\n|gametype|doubles\n|player|p1|drv12|rosa|1457\n|player|p2|Lankymobs|102|1506\n|teamsize|p1|6\n|teamsize|p2|6\n|gen|9\n|tier|[Gen 9] VGC 2023 Regulation C\n|rated|\n|rule|Species Clause: Limit one of each Pok\u00e9mon\n|rule|Item Clause: Limit one of each item\n|clearpoke\n|poke|p1|Torkoal, L50, F|\n|poke|p1|Armarouge, L50, M|\n|poke|p1|Pelipper, L50, F|\n|poke|p1|Indeedee, L50, M|\n|poke|p1|Gallade, L50, M|\n|poke|p1|Flutter Mane, L50|\n|poke|p2|Hawlucha, L50, M|\n|poke|p2|Indeedee-F, L50, F|\n|poke|p2|Armarouge, L50, M|\n|poke|p2|Palafin, L50, F|\n|poke|p2|Sandy Shocks, L50|\n|poke|p2|Chien-Pao, L50|\n|teampreview|4\n|inactive|Battle timer is ON: inactive players will automatically lose when time's up. (requested by Lankymobs)\n|inactive|Lankymobs has 60 seconds left.\n|\n|t:|1683936272\n|start\n|switch|p1a: Indeedee|Indeedee, L50, M|100\/100\n|switch|p1b: Flutter Mane|Flutter Mane, L50|100\/100\n|switch|p2a: C. Falcon|Hawlucha, L50, M, shiny|100\/100\n|switch|p2b: Corrin|Palafin, L50, F, shiny|100\/100\n|-fieldstart|move: Psychic Terrain|[from] ability: Psychic Surge|[of] p1a: Indeedee\n|-enditem|p2a: C. Falcon|Psychic Seed\n|-boost|p2a: C. Falcon|spd|1|[from] item: Psychic Seed\n|turn|1\n|\n|t:|1683936290\n|-terastallize|p2a: C. Falcon|Steel\n|move|p2a: C. Falcon|Acrobatics|p1b: Flutter Mane\n|-damage|p1b: Flutter Mane|0 fnt\n|faint|p1b: Flutter Mane\n|-end|p1b: Flutter Mane|Protosynthesis|[silent]\n|move|p1a: Indeedee|Psychic|p2a: C. Falcon\n|-resisted|p2a: C. Falcon\n|-damage|p2a: C. Falcon|70\/100\n|move|p2b: Corrin|Close Combat|p1a: Indeedee\n|-damage|p1a: Indeedee|37\/100\n|-unboost|p2b: Corrin|def|1\n|-unboost|p2b: Corrin|spd|1\n|-enditem|p2b: Corrin|Eject Pack\n|\n|t:|1683936302\n|detailschange|p2b: Corrin|Palafin-Hero, L50, F, shiny\n|switch|p2b: R.O.B.|Sandy Shocks, L50, shiny|100\/100\n|-enditem|p2b: R.O.B.|Booster Energy\n|-activate|p2b: R.O.B.|ability: Protosynthesis|[fromitem]\n|-start|p2b: R.O.B.|protosynthesisspe\n|\n|upkeep\n|\n|t:|1683936307\n|switch|p1b: Armarouge|Armarouge, L50, M|100\/100\n|turn|2\n|\n|t:|1683936324\n|move|p1b: Armarouge|Protect|p1b: Armarouge\n|-singleturn|p1b: Armarouge|Protect\n|move|p2a: C. Falcon|Acrobatics|p1b: Armarouge\n|-activate|p1b: Armarouge|move: Protect\n|move|p2b: R.O.B.|Earth Power|p1a: Indeedee\n|-crit|p1a: Indeedee\n|-damage|p1a: Indeedee|0 fnt\n|faint|p1a: Indeedee\n|\n|upkeep\n|\n|t:|1683936334\n|switch|p1a: Torkoal|Torkoal, L50, F|100\/100\n|-weather|SunnyDay|[from] ability: Drought|[of] p1a: Torkoal\n|turn|3\n|\n|t:|1683936347\n|move|p1a: Torkoal|Protect|p1a: Torkoal\n|-singleturn|p1a: Torkoal|Protect\n|move|p2a: C. Falcon|Acrobatics|p1b: Armarouge\n|-damage|p1b: Armarouge|55\/100\n|move|p2b: R.O.B.|Earth Power|p1a: Torkoal\n|-activate|p1a: Torkoal|move: Protect\n|move|p1b: Armarouge|Trick Room|p1b: Armarouge\n|-fieldstart|move: Trick Room|[of] p1b: Armarouge\n|\n|-weather|SunnyDay|[upkeep]\n|upkeep\n|turn|4\n|\n|t:|1683936364\n|move|p2b: R.O.B.|Protect|p2b: R.O.B.\n|-singleturn|p2b: R.O.B.|Protect\n|move|p2a: C. Falcon|Detect|p2a: C. Falcon\n|-singleturn|p2a: C. Falcon|Protect\n|move|p1a: Torkoal|Eruption|p2a: C. Falcon|[spread] \n|-activate|p2a: C. Falcon|move: Protect\n|-activate|p2b: R.O.B.|move: Protect\n|move|p1b: Armarouge|Expanding Force|p2a: C. Falcon|[spread] \n|-activate|p2a: C. Falcon|move: Protect\n|-activate|p2b: R.O.B.|move: Protect\n|\n|-weather|SunnyDay|[upkeep]\n|upkeep\n|turn|5\n|inactive|Lankymobs has 30 seconds left.\n|\n|t:|1683936398\n|move|p1a: Torkoal|Eruption|p2b: R.O.B.|[spread] p2a,p2b\n|-supereffective|p2a: C. Falcon\n|-damage|p2a: C. Falcon|0 fnt\n|-damage|p2b: R.O.B.|0 fnt\n|faint|p2a: C. Falcon\n|faint|p2b: R.O.B.\n|-end|p2b: R.O.B.|Protosynthesis|[silent]\n|move|p1b: Armarouge|Expanding Force|p2: C. Falcon|[notarget]\n|-fail|p1b: Armarouge\n|\n|-weather|SunnyDay|[upkeep]\n|-fieldend|move: Psychic Terrain\n|upkeep\n|\n|t:|1683936402\n|switch|p2a: Isabelle|Indeedee-F, L50, F|100\/100\n|switch|p2b: Corrin|Palafin-Hero, L50, F, shiny|100\/100\n|-fieldstart|move: Psychic Terrain|[from] ability: Psychic Surge|[of] p2a: Isabelle\n|-activate|p2b: Corrin|ability: Zero to Hero\n|turn|6\n|\n|t:|1683936420\n|-terastallize|p1a: Torkoal|Grass\n|move|p1a: Torkoal|Eruption|p2a: Isabelle|[spread] p2a,p2b\n|-resisted|p2b: Corrin\n|-damage|p2a: Isabelle|20\/100\n|-damage|p2b: Corrin|53\/100\n|move|p1b: Armarouge|Expanding Force|p2b: Corrin|[spread] p2a,p2b\n|-resisted|p2a: Isabelle\n|-damage|p2a: Isabelle|0 fnt\n|-damage|p2b: Corrin|5\/100\n|faint|p2a: Isabelle\n|move|p2b: Corrin|Wave Crash|p1a: Torkoal\n|-resisted|p1a: Torkoal\n|-damage|p1a: Torkoal|85\/100\n|-damage|p2b: Corrin|0 fnt|[from] Recoil\n|faint|p2b: Corrin\n|\n|win|drv12\n|raw|drv12's rating: 1457 → 1480<\/strong> (+23 for winning)\n|raw|Lankymobs's rating: 1506 → 1483<\/strong> (-23 for losing)\n|l|\u2606Lankymobs\n","uploadtime":1683936442,"views":10,"p1id":"drv12","p2id":"lankymobs","formatid":"gen9vgc2023regulationc","rating":1480,"private":0,"password":""}