{"id":"gen9vgc2023regulationc-1851472653","p1":"NemesisRider","p2":"jeffman323","format":"[Gen 9] VGC 2023 Regulation C","log":"|j|\u2606NemesisRider\n|j|\u2606jeffman323\n|t:|1682447946\n|gametype|doubles\n|player|p1|NemesisRider|170|1541\n|player|p2|jeffman323|steven|1581\n|teamsize|p1|6\n|teamsize|p2|6\n|gen|9\n|tier|[Gen 9] VGC 2023 Regulation C\n|rated|\n|rule|Species Clause: Limit one of each Pok\u00e9mon\n|rule|Item Clause: Limit one of each item\n|clearpoke\n|poke|p1|Flutter Mane, L50|\n|poke|p1|Amoonguss, L50, F|\n|poke|p1|Baxcalibur, L50, M|\n|poke|p1|Talonflame, L50, M|\n|poke|p1|Bruxish, L50, F|\n|poke|p1|Iron Hands, L50|\n|poke|p2|Hatterene, L50, F|\n|poke|p2|Azumarill, L50, M|\n|poke|p2|Torkoal, L50, F|\n|poke|p2|Kingambit, L50, F|\n|poke|p2|Iron Hands, L50|\n|poke|p2|Stantler, L50, M|\n|teampreview|4\njeffman323 has agreed to open team sheets.\nNemesisRider has agreed to open team sheets.\n|inactive|Battle timer is ON: inactive players will automatically lose when time's up. (requested by NemesisRider)\n|j| Rayo20\n|inactive|jeffman323 has 60 seconds left.\n|inactive|jeffman323 has 30 seconds left.\n|\n|t:|1682448011\n|start\n|switch|p1a: Lando-T|Flutter Mane, L50|100\/100\n|switch|p1b: Catch These|Iron Hands, L50|100\/100\n|switch|p2a: Iron Hands|Iron Hands, L50|100\/100\n|switch|p2b: Hatterene|Hatterene, L50, F|100\/100\n|turn|1\n|inactive|NemesisRider has 30 seconds left.\n|\n|t:|1682448039\n|-end|p1b: Catch These|Quark Drive|[silent]\n|switch|p1b: Boongusium-Z|Amoonguss, L50, F|100\/100\n|move|p2a: Iron Hands|Fake Out|p1b: Boongusium-Z\n|-crit|p1b: Boongusium-Z\n|-damage|p1b: Boongusium-Z|81\/100\n|move|p1a: Lando-T|Shadow Ball|p2b: Hatterene\n|-supereffective|p2b: Hatterene\n|-enditem|p2b: Hatterene|Focus Sash\n|-damage|p2b: Hatterene|1\/100\n|move|p2b: Hatterene|Trick Room|p2b: Hatterene\n|-fieldstart|move: Trick Room|[of] p2b: Hatterene\n|\n|upkeep\n|turn|2\n|\n|t:|1682448062\n|-end|p2a: Iron Hands|Quark Drive|[silent]\n|switch|p2a: Kingambit|Kingambit, L50, F|100\/100\n|-end|p1a: Lando-T|Protosynthesis|[silent]\n|switch|p1a: Catch These|Iron Hands, L50|100\/100\n|move|p1b: Boongusium-Z|Clear Smog|p2b: Hatterene\n|-supereffective|p2b: Hatterene\n|-damage|p2b: Hatterene|0 fnt\n|-clearboost|p2b: Hatterene\n|faint|p2b: Hatterene\n|\n|upkeep\n|\n|t:|1682448070\n|switch|p2b: Iron Hands|Iron Hands, L50|100\/100\n|turn|3\n|\n|t:|1682448091\n|switch|p1b: Lando-T|Flutter Mane, L50|100\/100\n|-terastallize|p2a: Kingambit|Flying\n|move|p2b: Iron Hands|Fake Out|p1a: Catch These\n|-damage|p1a: Catch These|89\/100\n|move|p2a: Kingambit|Tera Blast|p1b: Lando-T\n|-damage|p1b: Lando-T|31\/100\n|cant|p1a: Catch These|flinch\n|\n|upkeep\n|turn|4\n|\n|t:|1682448113\n|move|p2a: Kingambit|Tera Blast|p1a: Catch These\n|-damage|p1a: Catch These|57\/100\n|move|p2b: Iron Hands|Earthquake|p1b: Lando-T|[spread] p1a,p1b\n|-immune|p2a: Kingambit\n|-supereffective|p1a: Catch These\n|-damage|p1a: Catch These|17\/100\n|-damage|p1b: Lando-T|0 fnt\n|-enditem|p1a: Catch These|Sitrus Berry|[eat]\n|-heal|p1a: Catch These|42\/100|[from] item: Sitrus Berry\n|faint|p1b: Lando-T\n|-end|p1b: Lando-T|Protosynthesis|[silent]\n|move|p1a: Catch These|Swords Dance|p1a: Catch These\n|-boost|p1a: Catch These|atk|2\n|\n|upkeep\n|\n|t:|1682448125\n|switch|p1b: Boongusium-Z|Amoonguss, L50, F|100\/100\n|turn|5\n|inactive|NemesisRider has 30 seconds left.\n|j| ScV Test\n|\n|t:|1682448157\n|-end|p2b: Iron Hands|Quark Drive|[silent]\n|switch|p2b: Azumarill|Azumarill, L50, M|100\/100\n|-terastallize|p1b: Boongusium-Z|Water\n|move|p1b: Boongusium-Z|Rage Powder|p1b: Boongusium-Z\n|-singleturn|p1b: Boongusium-Z|move: Rage Powder\n|move|p2a: Kingambit|Tera Blast|p1b: Boongusium-Z\n|-damage|p1b: Boongusium-Z|64\/100\n|move|p1a: Catch These|Drain Punch|p2b: Azumarill\n|-resisted|p2b: Azumarill\n|-damage|p2b: Azumarill|56\/100\n|-heal|p1a: Catch These|62\/100|[from] drain|[of] p2b: Azumarill\n|\n|-fieldend|move: Trick Room\n|upkeep\n|turn|6\n|inactive|NemesisRider has 30 seconds left.\n|\n|t:|1682448183\n|move|p1b: Boongusium-Z|Rage Powder|p1b: Boongusium-Z\n|-singleturn|p1b: Boongusium-Z|move: Rage Powder\n|move|p1a: Catch These|Thunder Punch|p2a: Kingambit\n|-supereffective|p2a: Kingambit\n|-damage|p2a: Kingambit|0 fnt\n|faint|p2a: Kingambit\n|move|p2b: Azumarill|Play Rough|p1b: Boongusium-Z\n|-damage|p1b: Boongusium-Z|18\/100\n|\n|upkeep\n|\n|t:|1682448190\n|switch|p2a: Iron Hands|Iron Hands, L50|100\/100\n|turn|7\n|inactive|jeffman323 has 30 seconds left.\n|\n|t:|1682448220\n|switch|p1b: Highcalibur|Baxcalibur, L50, M|100\/100\n|move|p1a: Catch These|Protect|p1a: Catch These\n|-singleturn|p1a: Catch These|Protect\n|move|p2a: Iron Hands|Fake Out|p1a: Catch These\n|-activate|p1a: Catch These|move: Protect\n|move|p2b: Azumarill|Play Rough|p1b: Highcalibur\n|-supereffective|p1b: Highcalibur\n|-damage|p1b: Highcalibur|12\/100\n|\n|upkeep\n|turn|8\n|\n|t:|1682448240\n|move|p2b: Azumarill|Protect|p2b: Azumarill\n|-singleturn|p2b: Azumarill|Protect\n|move|p1b: Highcalibur|Icicle Crash|p2b: Azumarill\n|-activate|p2b: Azumarill|move: Protect\n|move|p1a: Catch These|Thunder Punch|p2b: Azumarill\n|-activate|p2b: Azumarill|move: Protect\n|move|p2a: Iron Hands|Earthquake|p1a: Catch These|[spread] p1a,p1b\n|-activate|p2b: Azumarill|move: Protect\n|-supereffective|p1a: Catch These\n|-damage|p1a: Catch These|21\/100\n|-damage|p1b: Highcalibur|0 fnt\n|faint|p1b: Highcalibur\n|\n|upkeep\n|\n|t:|1682448244\n|switch|p1b: Boongusium-Z|Amoonguss, L50, F, tera:Water|51\/100\n|turn|9\n|\n|t:|1682448257\n|move|p1b: Boongusium-Z|Rage Powder|p1b: Boongusium-Z\n|-singleturn|p1b: Boongusium-Z|move: Rage Powder\n|move|p1a: Catch These|Drain Punch|p2a: Iron Hands\n|-damage|p2a: Iron Hands|46\/100\n|-heal|p1a: Catch These|52\/100|[from] drain|[of] p2a: Iron Hands\n|move|p2a: Iron Hands|Earthquake|p1a: Catch These|[spread] p2b,p1a,p1b\n|-supereffective|p1a: Catch These\n|-damage|p2b: Azumarill|25\/100\n|-damage|p1a: Catch These|12\/100\n|-damage|p1b: Boongusium-Z|27\/100\n|move|p2b: Azumarill|Play Rough|p1b: Boongusium-Z\n|-damage|p1b: Boongusium-Z|0 fnt\n|faint|p1b: Boongusium-Z\n|\n|upkeep\n|turn|10\n|c|\u2606jeffman323|gg wp\n|\n|t:|1682448275\n|move|p2b: Azumarill|Aqua Jet|p1a: Catch These\n|-damage|p1a: Catch These|0 fnt\n|faint|p1a: Catch These\n|-end|p1a: Catch These|Quark Drive|[silent]\n|\n|win|jeffman323\n|raw|NemesisRider's rating: 1541 → 1523<\/strong> (-18 for losing)\n|raw|jeffman323's rating: 1581 → 1599<\/strong> (+18 for winning)\n|c|\u2606NemesisRider|gg\n","uploadtime":1682448279,"views":9,"p1id":"nemesisrider","p2id":"jeffman323","formatid":"gen9vgc2023regulationc","rating":1523,"private":0,"password":""}