{"id":"gen9vgc2023regulationc-1860680341","p1":"lictab13","p2":"Phelon","format":"[Gen 9] VGC 2023 Regulation C","log":"|j|\u2606lictab13\n|j|\u2606Phelon\n|t:|1683665569\n|gametype|doubles\n|player|p1|lictab13|265|1255\n|player|p2|Phelon|burglar|1308\n|teamsize|p1|6\n|teamsize|p2|6\n|gen|9\n|tier|[Gen 9] VGC 2023 Regulation C\n|rated|\n|rule|Species Clause: Limit one of each Pok\u00e9mon\n|rule|Item Clause: Limit one of each item\n|clearpoke\n|poke|p1|Annihilape, L50, M|\n|poke|p1|Maushold, L50|\n|poke|p1|Orthworm, L50, M|\n|poke|p1|Dragonite, L50, F|\n|poke|p1|Ting-Lu, L50|\n|poke|p1|Gyarados, L50, M|\n|poke|p2|Iron Jugulis, L50|\n|poke|p2|Iron Hands, L50|\n|poke|p2|Gothitelle, L50, M|\n|poke|p2|Iron Bundle, L50|\n|poke|p2|Great Tusk, L50|\n|poke|p2|Chi-Yu, L50|\n|teampreview|4\n|inactive|Battle timer is ON: inactive players will automatically lose when time's up. (requested by lictab13)\nPhelon has agreed to open team sheets.\n|inactive|lictab13 has 60 seconds left.\n|inactive|Phelon has 60 seconds left.\n|inactive|lictab13 has 30 seconds left.\n|\n|t:|1683665637\n|start\n|switch|p1a: Orthworm|Orthworm, L50, M|100\/100\n|switch|p1b: Ting-Lu|Ting-Lu, L50|100\/100\n|switch|p2a: Gothitelle|Gothitelle, L50, M|100\/100\n|switch|p2b: Chi-Yu|Chi-Yu, L50|100\/100\n|-ability|p2b: Chi-Yu|Beads of Ruin\n|-ability|p1b: Ting-Lu|Vessel of Ruin\n|turn|1\n|\n|t:|1683665657\n|-terastallize|p1a: Orthworm|Fire\n|move|p2a: Gothitelle|Fake Out|p1b: Ting-Lu\n|-damage|p1b: Ting-Lu|97\/100\n|move|p2b: Chi-Yu|Dark Pulse|p1a: Orthworm\n|-damage|p1a: Orthworm|57\/100\n|cant|p1b: Ting-Lu|flinch\n|move|p1a: Orthworm|Shed Tail|p1a: Orthworm\n|-start|p1a: Orthworm|Substitute|[from] move: Shed Tail\n|-damage|p1a: Orthworm|7\/100\n|-enditem|p1a: Orthworm|Sitrus Berry|[eat]\n|-heal|p1a: Orthworm|32\/100|[from] item: Sitrus Berry\n|\n|t:|1683665673\n|switch|p1a: Dragonite|Dragonite, L50, F, shiny|100\/100|[from] Shed Tail\n|\n|upkeep\n|turn|2\n|\n|t:|1683665681\n|move|p2b: Chi-Yu|Protect|p2b: Chi-Yu\n|-singleturn|p2b: Chi-Yu|Protect\n|move|p1a: Dragonite|Dragon Dance|p1a: Dragonite\n|-boost|p1a: Dragonite|atk|1\n|-boost|p1a: Dragonite|spe|1\n|move|p2a: Gothitelle|Hypnosis|p1b: Ting-Lu|[miss]\n|-miss|p2a: Gothitelle|p1b: Ting-Lu\n|move|p1b: Ting-Lu|Earthquake|p2b: Chi-Yu|[spread] p2a\n|-activate|p2b: Chi-Yu|move: Protect\n|-immune|p1a: Dragonite\n|-damage|p2a: Gothitelle|74\/100\n|\n|upkeep\n|turn|3\n|\n|t:|1683665705\n|move|p1a: Dragonite|Extreme Speed|p2b: Chi-Yu\n|-damage|p2b: Chi-Yu|40\/100\n|move|p2b: Chi-Yu|Heat Wave|p1b: Ting-Lu|[spread] p1a,p1b\n|-resisted|p1a: Dragonite\n|-activate|p1a: Dragonite|move: Substitute|[damage]\n|-damage|p1b: Ting-Lu|80\/100\n|move|p2a: Gothitelle|Hypnosis|p1b: Ting-Lu|[miss]\n|-miss|p2a: Gothitelle|p1b: Ting-Lu\n|move|p1b: Ting-Lu|Earthquake|p2a: Gothitelle|[spread] p2a,p2b\n|-immune|p1a: Dragonite\n|-supereffective|p2b: Chi-Yu\n|-crit|p2b: Chi-Yu\n|-damage|p2a: Gothitelle|47\/100\n|-damage|p2b: Chi-Yu|0 fnt\n|-enditem|p2a: Gothitelle|Sitrus Berry|[eat]\n|-heal|p2a: Gothitelle|72\/100|[from] item: Sitrus Berry\n|faint|p2b: Chi-Yu\n|\n|upkeep\n|\n|t:|1683665716\n|switch|p2b: Iron Bundle|Iron Bundle, L50|100\/100\n|turn|4\n|\n|t:|1683665734\n|-terastallize|p2b: Iron Bundle|Ghost\n|move|p1a: Dragonite|Earthquake|p2a: Gothitelle|[spread] p1b,p2a,p2b\n|-damage|p1b: Ting-Lu|54\/100\n|-damage|p2a: Gothitelle|38\/100\n|-damage|p2b: Iron Bundle|54\/100\n|move|p2b: Iron Bundle|Icy Wind|p1a: Dragonite|[spread] p1a,p1b\n|-supereffective|p1a: Dragonite\n|-end|p1a: Dragonite|Substitute\n|-supereffective|p1b: Ting-Lu\n|-damage|p1b: Ting-Lu|38\/100\n|-unboost|p1b: Ting-Lu|spe|1\n|move|p2a: Gothitelle|Hypnosis|p1b: Ting-Lu|[miss]\n|-miss|p2a: Gothitelle|p1b: Ting-Lu\n|move|p1b: Ting-Lu|Earthquake|p2a: Gothitelle|[spread] p2a,p2b\n|-immune|p1a: Dragonite\n|-damage|p2a: Gothitelle|12\/100\n|-damage|p2b: Iron Bundle|12\/100\n|\n|upkeep\n|turn|5\n|\n|t:|1683665755\n|move|p2b: Iron Bundle|Protect|p2b: Iron Bundle\n|-singleturn|p2b: Iron Bundle|Protect\n|move|p1a: Dragonite|Earthquake|p2a: Gothitelle|[spread] p1b,p2a\n|-activate|p2b: Iron Bundle|move: Protect\n|-damage|p1b: Ting-Lu|13\/100\n|-damage|p2a: Gothitelle|0 fnt\n|faint|p2a: Gothitelle\n|move|p1b: Ting-Lu|Earthquake|p2b: Iron Bundle|[spread] \n|-activate|p2b: Iron Bundle|move: Protect\n|-immune|p1a: Dragonite\n|\n|upkeep\n|\n|t:|1683665762\n|switch|p2a: Great Tusk|Great Tusk, L50|100\/100\n|turn|6\n|inactive|lictab13 has 30 seconds left.\n|\n|t:|1683665795\n|switch|p1b: Gyarados|Gyarados, L50, M, shiny|100\/100\n|-ability|p1b: Gyarados|Intimidate|boost\n|-unboost|p2a: Great Tusk|atk|1\n|-unboost|p2b: Iron Bundle|atk|1\n|move|p2a: Great Tusk|Rock Slide|p1b: Gyarados|[spread] p1a,p1b\n|-supereffective|p1a: Dragonite\n|-supereffective|p1b: Gyarados\n|-damage|p1a: Dragonite|84\/100\n|-damage|p1b: Gyarados|70\/100\n|cant|p1a: Dragonite|flinch\n|move|p2b: Iron Bundle|Icy Wind|p1b: Gyarados|[spread] p1a,p1b\n|-supereffective|p1a: Dragonite\n|-damage|p1a: Dragonite|0 fnt\n|-damage|p1b: Gyarados|54\/100\n|-unboost|p1b: Gyarados|spe|1\n|faint|p1a: Dragonite\n|\n|upkeep\n|\n|t:|1683665816\n|switch|p1a: Ting-Lu|Ting-Lu, L50|13\/100\n|-ability|p1a: Ting-Lu|Vessel of Ruin\n|turn|7\n|\n|t:|1683665829\n|move|p2a: Great Tusk|Rock Slide|p1b: Gyarados|[spread] p1a,p1b\n|-resisted|p1a: Ting-Lu\n|-supereffective|p1b: Gyarados\n|-damage|p1a: Ting-Lu|9\/100\n|-damage|p1b: Gyarados|27\/100\n|move|p2b: Iron Bundle|Freeze-Dry|p1b: Gyarados\n|-supereffective|p1b: Gyarados\n|-damage|p1b: Gyarados|0 fnt\n|faint|p1b: Gyarados\n|move|p1a: Ting-Lu|Earthquake|p2a: Great Tusk|[spread] p2a,p2b\n|-crit|p2b: Iron Bundle\n|-damage|p2a: Great Tusk|78\/100\n|-damage|p2b: Iron Bundle|0 fnt\n|faint|p2b: Iron Bundle\n|-end|p2b: Iron Bundle|Quark Drive|[silent]\n|\n|upkeep\n|\n|t:|1683665839\n|switch|p1b: Orthworm|Orthworm, L50, M, tera:Fire|32\/100\n|turn|8\n|\n|t:|1683665849\n|move|p2a: Great Tusk|Rock Slide|p1b: Orthworm|[spread] p1a,p1b\n|-resisted|p1a: Ting-Lu\n|-supereffective|p1b: Orthworm\n|-damage|p1a: Ting-Lu|5\/100\n|-damage|p1b: Orthworm|11\/100\n|cant|p1a: Ting-Lu|flinch\n|move|p1b: Orthworm|Body Press|p2a: Great Tusk\n|-damage|p2a: Great Tusk|55\/100\n|\n|upkeep\n|turn|9\n|\n|t:|1683665859\n|move|p2a: Great Tusk|Rock Slide|p1a: Ting-Lu|[spread] p1a,p1b\n|-resisted|p1a: Ting-Lu\n|-supereffective|p1b: Orthworm\n|-damage|p1a: Ting-Lu|0 fnt\n|-damage|p1b: Orthworm|0 fnt\n|faint|p1a: Ting-Lu\n|faint|p1b: Orthworm\n|\n|win|Phelon\n|raw|lictab13's rating: 1255 → 1234<\/strong> (-21 for losing)\n|raw|Phelon's rating: 1308 → 1325<\/strong> (+17 for winning)\n|l|\u2606lictab13\n","uploadtime":1683665867,"views":16,"p1id":"lictab13","p2id":"phelon","formatid":"gen9vgc2023regulationc","rating":1234,"private":0,"password":""}