{"id":"gen9vgc2023regulationc-1857088478","p1":"NicoHaxVGC","p2":"hit my whip","format":"[Gen 9] VGC 2023 Regulation C","log":"|j|\u2606NicoHaxVGC\n|j|\u2606hit my whip\n|t:|1683144611\n|gametype|doubles\n|player|p1|NicoHaxVGC|red|1351\n|player|p2|hit my whip|acetrainerf-gen4dp|1321\n|teamsize|p1|6\n|teamsize|p2|6\n|gen|9\n|tier|[Gen 9] VGC 2023 Regulation C\n|rated|\n|rule|Species Clause: Limit one of each Pok\u00e9mon\n|rule|Item Clause: Limit one of each item\n|clearpoke\n|poke|p1|Corviknight, L50, F|\n|poke|p1|Ting-Lu, L50|\n|poke|p1|Annihilape, L50, M|\n|poke|p1|Maushold, L50|\n|poke|p1|Iron Bundle, L50|\n|poke|p1|Flutter Mane, L50|\n|poke|p2|Tyranitar, L50, M|\n|poke|p2|Houndstone, L50, F|\n|poke|p2|Flutter Mane, L50|\n|poke|p2|Gastrodon, L50, M|\n|poke|p2|Kingambit, L50, F|\n|poke|p2|Great Tusk, L50|\n|teampreview|4\n|inactive|Battle timer is ON: inactive players will automatically lose when time's up. (requested by hit my whip)\n|inactive|NicoHaxVGC also wants the timer to be on.\n|inactive|NicoHaxVGC has 60 seconds left.\n|\n|t:|1683144667\n|start\n|switch|p1a: Cyborg|Iron Bundle, L50|100\/100\n|switch|p1b: Star fire|Flutter Mane, L50|100\/100\n|switch|p2a: Houndstone|Houndstone, L50, F|100\/100\n|switch|p2b: Tyranitar|Tyranitar, L50, M|100\/100\n|-weather|Sandstorm|[from] ability: Sand Stream|[of] p2b: Tyranitar\n|-enditem|p1a: Cyborg|Booster Energy\n|-activate|p1a: Cyborg|ability: Quark Drive|[fromitem]\n|-start|p1a: Cyborg|quarkdrivespe\n|turn|1\n|inactive|hit my whip has 30 seconds left.\n|inactive|hit my whip has 20 seconds left.\n|\n|t:|1683144702\n|move|p1a: Cyborg|Icy Wind|p2a: Houndstone|[spread] p2a,p2b\n|-damage|p2a: Houndstone|80\/100\n|-damage|p2b: Tyranitar|93\/100\n|-unboost|p2a: Houndstone|spe|1\n|-unboost|p2b: Tyranitar|spe|1\n|move|p1b: Star fire|Shadow Ball|p2a: Houndstone\n|-supereffective|p2a: Houndstone\n|-damage|p2a: Houndstone|0 fnt\n|faint|p2a: Houndstone\n|move|p2b: Tyranitar|Dragon Dance|p2b: Tyranitar\n|-boost|p2b: Tyranitar|atk|1\n|-boost|p2b: Tyranitar|spe|1\n|\n|-weather|Sandstorm|[upkeep]\n|-damage|p1a: Cyborg|95\/100|[from] Sandstorm\n|-damage|p1b: Star fire|95\/100|[from] Sandstorm\n|upkeep\n|\n|t:|1683144715\n|switch|p2a: Flutter Mane|Flutter Mane, L50|100\/100\n|-enditem|p2a: Flutter Mane|Booster Energy\n|-activate|p2a: Flutter Mane|ability: Protosynthesis|[fromitem]\n|-start|p2a: Flutter Mane|protosynthesisspa\n|turn|2\n|\n|t:|1683144738\n|move|p2a: Flutter Mane|Protect|p2a: Flutter Mane\n|-singleturn|p2a: Flutter Mane|Protect\n|move|p1a: Cyborg|Icy Wind|p2a: Flutter Mane|[spread] p2b\n|-activate|p2a: Flutter Mane|move: Protect\n|-damage|p2b: Tyranitar|84\/100\n|-unboost|p2b: Tyranitar|spe|1\n|move|p1b: Star fire|Shadow Ball|p2a: Flutter Mane\n|-activate|p2a: Flutter Mane|move: Protect\n|move|p2b: Tyranitar|Rock Slide|p1a: Cyborg|[spread] p1a,p1b\n|-supereffective|p1a: Cyborg\n|-damage|p1a: Cyborg|3\/100\n|-damage|p1b: Star fire|34\/100\n|\n|-weather|Sandstorm|[upkeep]\n|-damage|p1a: Cyborg|0 fnt|[from] Sandstorm\n|-damage|p1b: Star fire|29\/100|[from] Sandstorm\n|-damage|p2a: Flutter Mane|95\/100|[from] Sandstorm\n|faint|p1a: Cyborg\n|-end|p1a: Cyborg|Quark Drive|[silent]\n|upkeep\n|\n|t:|1683144754\n|switch|p1a: Raven|Corviknight, L50, F|100\/100\n|turn|3\n|\n|t:|1683144760\n|-end|p1b: Star fire|Protosynthesis|[silent]\n|switch|p1b: Beast boy|Ting-Lu, L50|100\/100\n|-ability|p1b: Beast boy|Vessel of Ruin\n|-terastallize|p2a: Flutter Mane|Steel\n|move|p2a: Flutter Mane|Thunderbolt|p1a: Raven\n|-supereffective|p1a: Raven\n|-damage|p1a: Raven|52\/100\n|move|p1a: Raven|Tailwind|p1a: Raven\n|-sidestart|p1: NicoHaxVGC|move: Tailwind\n|move|p2b: Tyranitar|Rock Slide|p1a: Raven|[spread] p1a,p1b\n|-resisted|p1b: Beast boy\n|-damage|p1a: Raven|22\/100\n|-damage|p1b: Beast boy|90\/100\n|\n|-weather|Sandstorm|[upkeep]\n|upkeep\n|turn|4\n|\n|t:|1683144785\n|move|p1a: Raven|Iron Head|p2b: Tyranitar\n|-supereffective|p2b: Tyranitar\n|-damage|p2b: Tyranitar|42\/100\n|move|p2a: Flutter Mane|Dazzling Gleam|p1b: Beast boy|[spread] p1a,p1b\n|-resisted|p1a: Raven\n|-supereffective|p1b: Beast boy\n|-damage|p1a: Raven|9\/100\n|-damage|p1b: Beast boy|61\/100\n|move|p1b: Beast boy|Stomping Tantrum|p2a: Flutter Mane\n|-supereffective|p2a: Flutter Mane\n|-damage|p2a: Flutter Mane|5\/100\n|cant|p2b: Tyranitar|flinch\n|\n|-weather|Sandstorm|[upkeep]\n|upkeep\n|turn|5\n|\n|t:|1683144802\n|move|p2a: Flutter Mane|Protect|p2a: Flutter Mane\n|-singleturn|p2a: Flutter Mane|Protect\n|move|p1a: Raven|Brave Bird|p2a: Flutter Mane\n|-activate|p2a: Flutter Mane|move: Protect\n|move|p1b: Beast boy|Stomping Tantrum|p2b: Tyranitar\n|-supereffective|p2b: Tyranitar\n|-damage|p2b: Tyranitar|0 fnt\n|faint|p2b: Tyranitar\n|\n|-weather|none\n|upkeep\n|\n|t:|1683144807\n|switch|p2b: Great Tusk|Great Tusk, L50|100\/100\n|turn|6\n|inactive|NicoHaxVGC has 30 seconds left.\n|inactive|hit my whip has 30 seconds left.\n|inactive|NicoHaxVGC has 20 seconds left.\n|inactive|NicoHaxVGC has 15 seconds left.\n|inactive|NicoHaxVGC has 10 seconds left.\n|inactive|NicoHaxVGC has 5 seconds left.\n|inactive|hit my whip has 20 seconds left.\n|inactive|hit my whip has 15 seconds left.\n|\n|t:|1683144866\n|-terastallize|p1b: Beast boy|Grass\n|move|p2a: Flutter Mane|Protect||[still]\n|-fail|p2a: Flutter Mane\n|move|p2b: Great Tusk|Headlong Rush|p1b: Beast boy\n|-resisted|p1b: Beast boy\n|-damage|p1b: Beast boy|44\/100\n|-unboost|p2b: Great Tusk|def|1\n|-unboost|p2b: Great Tusk|spd|1\n|move|p1a: Raven|Brave Bird|p2b: Great Tusk\n|-supereffective|p2b: Great Tusk\n|-damage|p2b: Great Tusk|11\/100\n|-damage|p1a: Raven|0 fnt|[from] Recoil\n|faint|p1a: Raven\n|move|p1b: Beast boy|Rock Slide|p2a: Flutter Mane|[spread] p2a,p2b\n|-resisted|p2a: Flutter Mane\n|-resisted|p2b: Great Tusk\n|-damage|p2a: Flutter Mane|0 fnt\n|-damage|p2b: Great Tusk|7\/100\n|faint|p2a: Flutter Mane\n|-end|p2a: Flutter Mane|Protosynthesis|[silent]\n|\n|-sideend|p1: NicoHaxVGC|move: Tailwind\n|upkeep\n|-message|hit my whip forfeited.\n|\n|win|NicoHaxVGC\n|raw|NicoHaxVGC's rating: 1351 → 1371<\/strong> (+20 for winning)\n|raw|hit my whip's rating: 1346 → 1326<\/strong> (-20 for losing)\n|l|\u2606hit my whip\n","uploadtime":1683144885,"views":13,"p1id":"nicohaxvgc","p2id":"hitmywhip","formatid":"gen9vgc2023regulationc","rating":1326,"private":0,"password":""}