{"id":"gen9vgc2023regulationc-1848133065","p1":"Cyberdevil","p2":"SoggyWaffles35","format":"[Gen 9] VGC 2023 Regulation C","log":"|j|\u2606Cyberdevil\n|j|\u2606SoggyWaffles35\n|t:|1682033540\n|gametype|doubles\n|player|p1|Cyberdevil|pokekid|1173\n|player|p2|SoggyWaffles35|265|1191\n|teamsize|p1|6\n|teamsize|p2|6\n|gen|9\n|tier|[Gen 9] VGC 2023 Regulation C\n|rated|\n|rule|Species Clause: Limit one of each Pok\u00e9mon\n|rule|Item Clause: Limit one of each item\n|clearpoke\n|poke|p1|Chi-Yu, L50|\n|poke|p1|Dachsbun, L50, M|\n|poke|p1|Dragonite, L50, M|\n|poke|p1|Flutter Mane, L50|\n|poke|p1|Chien-Pao, L50|\n|poke|p1|Azumarill, L50, M|\n|poke|p2|Orthworm, L50, M|\n|poke|p2|Ting-Lu, L50|\n|poke|p2|Chien-Pao, L50|\n|poke|p2|Dragonite, L50, F|\n|poke|p2|Gyarados, L50, F|\n|poke|p2|Flutter Mane, L50|\n|teampreview|4\n|inactive|Battle timer is ON: inactive players will automatically lose when time's up. (requested by Cyberdevil)\nSoggyWaffles35 has agreed to open team sheets.\nCyberdevil has agreed to open team sheets.\n|inactive|Cyberdevil has 60 seconds left.\n|inactive|SoggyWaffles35 has 60 seconds left.\n|inactive|SoggyWaffles35 has 30 seconds left.\n|inactive|SoggyWaffles35 has 20 seconds left.\n|\n|t:|1682033619\n|start\n|switch|p1a: Incinerator|Chi-Yu, L50|100\/100\n|switch|p1b: Harbinger|Dachsbun, L50, M|100\/100\n|switch|p2a: Ting-Lu|Ting-Lu, L50|100\/100\n|switch|p2b: Orthworm|Orthworm, L50, M|100\/100\n|-ability|p1a: Incinerator|Beads of Ruin\n|-ability|p2a: Ting-Lu|Vessel of Ruin\n|turn|1\n|inactive|SoggyWaffles35 has 30 seconds left.\n|\n|t:|1682033653\n|-terastallize|p2b: Orthworm|Fire\n|move|p1a: Incinerator|Lava Plume|p2b: Orthworm|[spread] p2a,p2b\n|-ability|p1b: Harbinger|Well-Baked Body|boost\n|-boost|p1b: Harbinger|def|2\n|-resisted|p2b: Orthworm\n|-damage|p2a: Ting-Lu|73\/100\n|-damage|p2b: Orthworm|82\/100\n|move|p1b: Harbinger|Body Press|p2a: Ting-Lu\n|-supereffective|p2a: Ting-Lu\n|-damage|p2a: Ting-Lu|23\/100\n|move|p2b: Orthworm|Iron Defense|p2b: Orthworm\n|-boost|p2b: Orthworm|def|2\n|move|p2a: Ting-Lu|Earthquake|p1a: Incinerator|[spread] p1a,p1b\n|-heal|p2b: Orthworm|100\/100|[from] ability: Earth Eater|[of] p2a: Ting-Lu\n|-supereffective|p1a: Incinerator\n|-crit|p1b: Harbinger\n|-damage|p1a: Incinerator|0 fnt\n|-damage|p1b: Harbinger|41\/100\n|faint|p1a: Incinerator\n|\n|-heal|p1b: Harbinger|47\/100|[from] item: Leftovers\n|upkeep\n|\n|t:|1682033669\n|switch|p1a: Annihilator|Azumarill, L50, M|100\/100\n|turn|2\n|\n|t:|1682033689\n|switch|p2a: Dragonite|Dragonite, L50, F|100\/100\n|move|p1b: Harbinger|Body Press|p2a: Dragonite\n|-resisted|p2a: Dragonite\n|-damage|p2a: Dragonite|91\/100\n|move|p2b: Orthworm|Heavy Slam|p1b: Harbinger\n|-supereffective|p1b: Harbinger\n|-damage|p1b: Harbinger|11\/100\n|move|p1a: Annihilator|Liquidation|p2b: Orthworm\n|-supereffective|p2b: Orthworm\n|-damage|p2b: Orthworm|62\/100\n|\n|-heal|p1b: Harbinger|17\/100|[from] item: Leftovers\n|upkeep\n|turn|3\n|inactive|SoggyWaffles35 has 30 seconds left.\n|inactive|SoggyWaffles35 has 20 seconds left.\n|inactive|SoggyWaffles35 has 15 seconds left.\n|inactive|SoggyWaffles35 has 10 seconds left.\n|\n|t:|1682033737\n|move|p1b: Harbinger|Protect|p1b: Harbinger\n|-singleturn|p1b: Harbinger|Protect\n|move|p2a: Dragonite|Earthquake|p1a: Annihilator|[spread] p1a\n|-activate|p1b: Harbinger|move: Protect\n|-heal|p2b: Orthworm|87\/100|[from] ability: Earth Eater|[of] p2a: Dragonite\n|-damage|p1a: Annihilator|73\/100\n|move|p2b: Orthworm|Heavy Slam|p1b: Harbinger\n|-activate|p1b: Harbinger|move: Protect\n|move|p1a: Annihilator|Play Rough|p2a: Dragonite|[miss]\n|-miss|p1a: Annihilator|p2a: Dragonite\n|\n|-heal|p1b: Harbinger|23\/100|[from] item: Leftovers\n|upkeep\n|turn|4\n|inactive|Cyberdevil has 30 seconds left.\n|inactive|SoggyWaffles35 has 30 seconds left.\n|\n|t:|1682033767\n|-terastallize|p1b: Harbinger|Ghost\n|move|p2a: Dragonite|Thunder Punch|p1a: Annihilator\n|-supereffective|p1a: Annihilator\n|-damage|p1a: Annihilator|20\/100\n|move|p1b: Harbinger|Wish|p1b: Harbinger\n|move|p2b: Orthworm|Heavy Slam|p1b: Harbinger\n|-damage|p1b: Harbinger|5\/100\n|move|p1a: Annihilator|Play Rough|p2a: Dragonite\n|-supereffective|p2a: Dragonite\n|-damage|p2a: Dragonite|0 fnt\n|faint|p2a: Dragonite\n|\n|-heal|p1b: Harbinger|11\/100|[from] item: Leftovers\n|upkeep\n|\n|t:|1682033781\n|switch|p2a: Chien-Pao|Chien-Pao, L50|100\/100\n|-ability|p2a: Chien-Pao|Sword of Ruin\n|turn|5\n|\n|t:|1682033793\n|move|p1b: Harbinger|Protect|p1b: Harbinger\n|-singleturn|p1b: Harbinger|Protect\n|move|p1a: Annihilator|Protect|p1a: Annihilator\n|-singleturn|p1a: Annihilator|Protect\n|move|p2a: Chien-Pao|Ice Spinner|p1b: Harbinger\n|-activate|p1b: Harbinger|move: Protect\n|move|p2b: Orthworm|Heavy Slam|p1a: Annihilator\n|-activate|p1a: Annihilator|move: Protect\n|\n|-heal|p1b: Harbinger|61\/100|[from] move: Wish|[wisher] Harbinger\n|-heal|p1b: Harbinger|67\/100|[from] item: Leftovers\n|upkeep\n|turn|6\n|\n|t:|1682033816\n|move|p1a: Annihilator|Aqua Jet|p2a: Chien-Pao\n|-damage|p2a: Chien-Pao|67\/100\n|move|p2a: Chien-Pao|Ice Spinner|p1b: Harbinger\n|-damage|p1b: Harbinger|41\/100\n|move|p1b: Harbinger|Body Press|p2a: Chien-Pao\n|-supereffective|p2a: Chien-Pao\n|-damage|p2a: Chien-Pao|0 fnt\n|faint|p2a: Chien-Pao\n|move|p2b: Orthworm|Heavy Slam|p1a: Annihilator\n|-damage|p1a: Annihilator|0 fnt\n|faint|p1a: Annihilator\n|\n|-heal|p1b: Harbinger|47\/100|[from] item: Leftovers\n|upkeep\n|\n|t:|1682033830\n|switch|p2a: Ting-Lu|Ting-Lu, L50|23\/100\n|switch|p1a: Omen|Dragonite, L50, M|100\/100\n|-ability|p2a: Ting-Lu|Vessel of Ruin\n|turn|7\n|inactive|SoggyWaffles35 has 30 seconds left.\n|\n|t:|1682033858\n|move|p1b: Harbinger|Body Press|p2a: Ting-Lu\n|-supereffective|p2a: Ting-Lu\n|-damage|p2a: Ting-Lu|0 fnt\n|faint|p2a: Ting-Lu\n|move|p1a: Omen|Iron Head|p2b: Orthworm\n|-resisted|p2b: Orthworm\n|-damage|p2b: Orthworm|82\/100\n|move|p2b: Orthworm|Heavy Slam|p1b: Harbinger\n|-damage|p1b: Harbinger|30\/100\n|\n|-heal|p1b: Harbinger|36\/100|[from] item: Leftovers\n|upkeep\n|turn|8\n|\n|t:|1682033879\n|move|p1b: Harbinger|Yawn|p2b: Orthworm\n|-start|p2b: Orthworm|move: Yawn|[of] p1b: Harbinger\n|move|p1a: Omen|Iron Head|p2b: Orthworm\n|-resisted|p2b: Orthworm\n|-damage|p2b: Orthworm|76\/100\n|move|p2b: Orthworm|Heavy Slam|p1b: Harbinger\n|-damage|p1b: Harbinger|17\/100\n|\n|-heal|p1b: Harbinger|23\/100|[from] item: Leftovers\n|upkeep\n|turn|9\n|\n|t:|1682033904\n|move|p1b: Harbinger|Protect|p1b: Harbinger\n|-singleturn|p1b: Harbinger|Protect\n|move|p1a: Omen|Protect|p1a: Omen\n|-singleturn|p1a: Omen|Protect\n|move|p2b: Orthworm|Heavy Slam|p1b: Harbinger\n|-activate|p1b: Harbinger|move: Protect\n|\n|-heal|p1b: Harbinger|29\/100|[from] item: Leftovers\n|-end|p2b: Orthworm|move: Yawn|[silent]\n|-status|p2b: Orthworm|slp\n|upkeep\n|turn|10\n|\n|t:|1682033917\n|move|p1a: Omen|Extreme Speed|p2b: Orthworm\n|-damage|p2b: Orthworm|66\/100 slp\n|move|p1b: Harbinger|Wish|p1b: Harbinger\n|cant|p2b: Orthworm|slp\n|\n|-heal|p1b: Harbinger|35\/100|[from] item: Leftovers\n|upkeep\n|turn|11\n|\n|t:|1682033927\n|move|p1a: Omen|Extreme Speed|p2b: Orthworm\n|-damage|p2b: Orthworm|54\/100 slp\n|move|p1b: Harbinger|Body Press|p2b: Orthworm\n|-damage|p2b: Orthworm|39\/100 slp\n|-enditem|p2b: Orthworm|Sitrus Berry|[eat]\n|-heal|p2b: Orthworm|64\/100 slp|[from] item: Sitrus Berry\n|-curestatus|p2b: Orthworm|slp|[msg]\n|move|p2b: Orthworm|Iron Defense|p2b: Orthworm\n|-boost|p2b: Orthworm|def|2\n|\n|-heal|p1b: Harbinger|85\/100|[from] move: Wish|[wisher] Harbinger\n|-heal|p1b: Harbinger|91\/100|[from] item: Leftovers\n|upkeep\n|turn|12\n|inactive|Cyberdevil has 30 seconds left.\n|\n|t:|1682033960\n|move|p1a: Omen|Extreme Speed|p2b: Orthworm\n|-damage|p2b: Orthworm|56\/100\n|move|p1b: Harbinger|Yawn|p2b: Orthworm\n|-start|p2b: Orthworm|move: Yawn|[of] p1b: Harbinger\n|move|p2b: Orthworm|Body Press|p1a: Omen\n|-resisted|p1a: Omen\n|-damage|p1a: Omen|79\/100\n|\n|-heal|p1b: Harbinger|97\/100|[from] item: Leftovers\n|upkeep\n|turn|13\n|-message|SoggyWaffles35 forfeited.\n|\n|win|Cyberdevil\n|raw|Cyberdevil's rating: 1173 → 1199<\/strong> (+26 for winning)\n|raw|SoggyWaffles35's rating: 1191 → 1165<\/strong> (-26 for losing)\n|l|\u2606SoggyWaffles35\n","uploadtime":1682033977,"views":6,"p1id":"cyberdevil","p2id":"soggywaffles35","formatid":"gen9vgc2023regulationc","rating":1165,"private":0,"password":""}