{"id":"gen9vgc2023regulationc-1861700764","p1":"darthnius","p2":"RagnaC","format":"[Gen 9] VGC 2023 Regulation C","log":"|j|\u2606darthnius\n|j|\u2606RagnaC\n|t:|1683796653\n|gametype|doubles\n|player|p1|darthnius|volkner|1536\n|player|p2|RagnaC|red|1508\n|teamsize|p1|6\n|teamsize|p2|6\n|gen|9\n|tier|[Gen 9] VGC 2023 Regulation C\n|rated|\n|rule|Species Clause: Limit one of each Pok\u00e9mon\n|rule|Item Clause: Limit one of each item\n|clearpoke\n|poke|p1|Murkrow, L50, F|\n|poke|p1|Chi-Yu, L50|\n|poke|p1|Flutter Mane, L50|\n|poke|p1|Great Tusk, L50|\n|poke|p1|Brute Bonnet, L50|\n|poke|p1|Corviknight, L50, M|\n|poke|p2|Flutter Mane, L50|\n|poke|p2|Amoonguss, L50, M|\n|poke|p2|Chi-Yu, L50|\n|poke|p2|Murkrow, L50, F|\n|poke|p2|Great Tusk, L50|\n|poke|p2|Gyarados, L50, F|\n|teampreview|4\n|inactive|Battle timer is ON: inactive players will automatically lose when time's up. (requested by RagnaC)\ndarthnius has agreed to open team sheets.\nRagnaC has agreed to open team sheets.\n|inactive|darthnius has 60 seconds left.\n|inactive|RagnaC has 60 seconds left.\n|inactive|darthnius has 30 seconds left.\n|inactive|darthnius has 20 seconds left.\n|inactive|darthnius has 15 seconds left.\n|inactive|darthnius has 10 seconds left.\n|\n|t:|1683796735\n|start\n|switch|p1a: Corviknight|Corviknight, L50, M|100\/100\n|switch|p1b: Flutter Mane|Flutter Mane, L50|100\/100\n|switch|p2a: Murkrow|Murkrow, L50, F|100\/100\n|switch|p2b: Flutter Mane|Flutter Mane, L50|100\/100\n|turn|1\n|inactive|RagnaC has 30 seconds left.\n|\n|t:|1683796768\n|-terastallize|p1a: Corviknight|Fire\n|move|p2a: Murkrow|Tailwind|p2a: Murkrow\n|-sidestart|p2: RagnaC|move: Tailwind\n|move|p2b: Flutter Mane|Shadow Ball|p1b: Flutter Mane\n|-supereffective|p1b: Flutter Mane\n|-damage|p1b: Flutter Mane|0 fnt\n|faint|p1b: Flutter Mane\n|-end|p1b: Flutter Mane|Protosynthesis|[silent]\n|move|p1a: Corviknight|Iron Head|p2b: Flutter Mane\n|-supereffective|p2b: Flutter Mane\n|-damage|p2b: Flutter Mane|0 fnt\n|faint|p2b: Flutter Mane\n|-end|p2b: Flutter Mane|Protosynthesis|[silent]\n|\n|upkeep\n|\n|t:|1683796789\n|switch|p1b: Great Tusk|Great Tusk, L50|100\/100\n|switch|p2b: Gyarados|Gyarados, L50, F|100\/100\n|-ability|p2b: Gyarados|Intimidate|boost\n|-ability|p1a: Corviknight|Mirror Armor\n|-unboost|p2b: Gyarados|atk|1\n|-unboost|p1b: Great Tusk|atk|1\n|turn|2\n|\n|t:|1683796802\n|move|p2a: Murkrow|Foul Play|p1a: Corviknight\n|-damage|p1a: Corviknight|65\/100\n|move|p2b: Gyarados|Waterfall|p1b: Great Tusk\n|-supereffective|p1b: Great Tusk\n|-damage|p1b: Great Tusk|65\/100\n|move|p1b: Great Tusk|Rock Slide|p2a: Murkrow|[spread] p2a,p2b\n|-supereffective|p2a: Murkrow\n|-supereffective|p2b: Gyarados\n|-damage|p2a: Murkrow|72\/100\n|-damage|p2b: Gyarados|70\/100\n|move|p1a: Corviknight|Iron Head|p2a: Murkrow\n|-damage|p2a: Murkrow|23\/100\n|\n|upkeep\n|turn|3\n|j| Rabbihorn\n|\n|t:|1683796818\n|switch|p1a: Murkrow|Murkrow, L50, F|100\/100\n|move|p2a: Murkrow|Foul Play|p1a: Murkrow\n|-resisted|p1a: Murkrow\n|-damage|p1a: Murkrow|89\/100\n|move|p2b: Gyarados|Waterfall|p1b: Great Tusk\n|-supereffective|p1b: Great Tusk\n|-damage|p1b: Great Tusk|33\/100\n|move|p1b: Great Tusk|Rock Slide|p2a: Murkrow|[spread] p2a,p2b\n|-supereffective|p2a: Murkrow\n|-supereffective|p2b: Gyarados\n|-damage|p2a: Murkrow|0 fnt\n|-damage|p2b: Gyarados|40\/100\n|faint|p2a: Murkrow\n|\n|upkeep\n|\n|t:|1683796827\n|switch|p2a: Chi-Yu|Chi-Yu, L50|100\/100\n|-ability|p2a: Chi-Yu|Beads of Ruin\n|turn|4\n|\n|t:|1683796834\n|-terastallize|p2a: Chi-Yu|Water\n|move|p2b: Gyarados|Protect|p2b: Gyarados\n|-singleturn|p2b: Gyarados|Protect\n|move|p1a: Murkrow|Tailwind|p1a: Murkrow\n|-sidestart|p1: darthnius|move: Tailwind\n|move|p1b: Great Tusk|Rock Slide|p2a: Chi-Yu|[spread] p2a\n|-activate|p2b: Gyarados|move: Protect\n|-damage|p2a: Chi-Yu|85\/100\n|move|p2a: Chi-Yu|Heat Wave|p1a: Murkrow|[spread] p1a,p1b\n|-damage|p1a: Murkrow|33\/100\n|-damage|p1b: Great Tusk|0 fnt\n|faint|p1b: Great Tusk\n|-end|p1b: Great Tusk|Protosynthesis|[silent]\n|\n|-sideend|p2: RagnaC|move: Tailwind\n|upkeep\n|\n|t:|1683796847\n|switch|p1b: Corviknight|Corviknight, L50, M, tera:Fire|65\/100\n|turn|5\n|\n|t:|1683796855\n|move|p2a: Chi-Yu|Protect|p2a: Chi-Yu\n|-singleturn|p2a: Chi-Yu|Protect\n|move|p1a: Murkrow|Foul Play|p2b: Gyarados\n|-damage|p2b: Gyarados|14\/100\n|-enditem|p2b: Gyarados|Figy Berry|[eat]\n|-heal|p2b: Gyarados|47\/100|[from] item: Figy Berry\n|move|p1b: Corviknight|Brave Bird|p2a: Chi-Yu\n|-activate|p2a: Chi-Yu|move: Protect\n|move|p2b: Gyarados|Waterfall|p1b: Corviknight\n|-supereffective|p1b: Corviknight\n|-damage|p1b: Corviknight|21\/100\n|\n|upkeep\n|turn|6\n|\n|t:|1683796870\n|move|p1a: Murkrow|Sunny Day|p1a: Murkrow\n|-weather|SunnyDay\n|move|p1b: Corviknight|Brave Bird|p2a: Chi-Yu\n|-damage|p2a: Chi-Yu|0 fnt\n|faint|p2a: Chi-Yu\n|-damage|p1b: Corviknight|0 fnt|[from] Recoil\n|faint|p1b: Corviknight\n|move|p2b: Gyarados|Waterfall|p1a: Murkrow\n|-damage|p1a: Murkrow|24\/100\n|\n|-weather|SunnyDay|[upkeep]\n|upkeep\n|turn|7\n|\n|t:|1683796884\n|move|p2b: Gyarados|Protect|p2b: Gyarados\n|-singleturn|p2b: Gyarados|Protect\n|move|p1a: Murkrow|Foul Play|p2b: Gyarados\n|-activate|p2b: Gyarados|move: Protect\n|\n|-weather|SunnyDay|[upkeep]\n|-sideend|p1: darthnius|move: Tailwind\n|upkeep\n|turn|8\n|\n|t:|1683796889\n|move|p1a: Murkrow|Foul Play|p2b: Gyarados\n|-damage|p2b: Gyarados|23\/100\n|move|p2b: Gyarados|Waterfall|p1a: Murkrow\n|-damage|p1a: Murkrow|13\/100\n|\n|-weather|SunnyDay|[upkeep]\n|upkeep\n|turn|9\n|\n|t:|1683796898\n|move|p1a: Murkrow|Foul Play|p2b: Gyarados\n|-damage|p2b: Gyarados|0 fnt\n|faint|p2b: Gyarados\n|\n|win|darthnius\n|raw|darthnius's rating: 1536 → 1554<\/strong> (+18 for winning)\n|raw|RagnaC's rating: 1508 → 1490<\/strong> (-18 for losing)\n|l|\u2606RagnaC\n","uploadtime":1683796912,"views":17,"p1id":"darthnius","p2id":"ragnac","formatid":"gen9vgc2023regulationc","rating":1490,"private":0,"password":""}