{"id":"gen9vgc2023regulationc-1851765965","p1":"lamp114514","p2":"bentoboxkiller","format":"[Gen 9] VGC 2023 Regulation C","log":"|j|\u2606lamp114514\n|j|\u2606bentoboxkiller\n|t:|1682480205\n|gametype|doubles\n|player|p1|lamp114514|2|1263\n|player|p2|bentoboxkiller|1|1197\n|teamsize|p1|6\n|teamsize|p2|6\n|gen|9\n|tier|[Gen 9] VGC 2023 Regulation C\n|rated|\n|rule|Species Clause: Limit one of each Pok\u00e9mon\n|rule|Item Clause: Limit one of each item\n|clearpoke\n|poke|p1|Scizor, L50, M|\n|poke|p1|Flutter Mane, L50|\n|poke|p1|Rotom-Wash, L50|\n|poke|p1|Great Tusk, L50|\n|poke|p1|Arcanine, L50, M|\n|poke|p1|Chien-Pao, L50|\n|poke|p2|Iron Bundle, L50|\n|poke|p2|Orthworm, L50, M|\n|poke|p2|Ting-Lu, L50|\n|poke|p2|Garganacl, L50, F|\n|poke|p2|Flutter Mane, L50|\n|poke|p2|Misdreavus, L50, M|\n|teampreview|4\n|inactive|Battle timer is ON: inactive players will automatically lose when time's up. (requested by bentoboxkiller)\n|inactive|lamp114514 has 60 seconds left.\n|\n|t:|1682480239\n|start\n|switch|p1a: Arcanine|Arcanine, L50, M|100\/100\n|switch|p1b: Scizor|Scizor, L50, M|100\/100\n|switch|p2a: Orthworm|Orthworm, L50, M|100\/100\n|switch|p2b: Ting-Lu|Ting-Lu, L50|100\/100\n|-ability|p1a: Arcanine|Intimidate|boost\n|-unboost|p2a: Orthworm|atk|1\n|-unboost|p2b: Ting-Lu|atk|1\n|-ability|p2b: Ting-Lu|Vessel of Ruin\n|turn|1\n|\n|t:|1682480252\n|-terastallize|p1a: Arcanine|Grass\n|-terastallize|p2a: Orthworm|Fire\n|move|p1a: Arcanine|Flare Blitz|p2a: Orthworm\n|-resisted|p2a: Orthworm\n|-damage|p2a: Orthworm|80\/100\n|-damage|p1a: Arcanine|94\/100|[from] Recoil\n|move|p1b: Scizor|U-turn|p2b: Ting-Lu\n|-supereffective|p2b: Ting-Lu\n|-damage|p2b: Ting-Lu|53\/100\n|\n|t:|1682480263\n|switch|p1b: dont miss|Rotom-Wash, L50|100\/100|[from] U-turn\n|move|p2a: Orthworm|Iron Defense|p2a: Orthworm\n|-boost|p2a: Orthworm|def|2\n|move|p2b: Ting-Lu|Earthquake|p1a: Arcanine|[spread] p1a\n|-heal|p2a: Orthworm|100\/100|[from] ability: Earth Eater|[of] p2b: Ting-Lu\n|-immune|p1b: dont miss|[from] ability: Levitate\n|-resisted|p1a: Arcanine\n|-damage|p1a: Arcanine|81\/100\n|\n|upkeep\n|turn|2\n|\n|t:|1682480287\n|switch|p1a: Scizor|Scizor, L50, M|100\/100\n|switch|p2b: Iron Bundle|Iron Bundle, L50|100\/100\n|-enditem|p2b: Iron Bundle|Booster Energy\n|-activate|p2b: Iron Bundle|ability: Quark Drive|[fromitem]\n|-start|p2b: Iron Bundle|quarkdrivespe\n|move|p2a: Orthworm|Protect|p2a: Orthworm\n|-singleturn|p2a: Orthworm|Protect\n|move|p1b: dont miss|Hydro Pump|p2a: Orthworm\n|-activate|p2a: Orthworm|move: Protect\n|\n|upkeep\n|turn|3\n|\n|t:|1682480307\n|move|p1b: dont miss|Protect|p1b: dont miss\n|-singleturn|p1b: dont miss|Protect\n|move|p2b: Iron Bundle|Freeze-Dry|p1b: dont miss\n|-activate|p1b: dont miss|move: Protect\n|move|p1a: Scizor|Close Combat|p2b: Iron Bundle\n|-supereffective|p2b: Iron Bundle\n|-damage|p2b: Iron Bundle|0 fnt\n|-unboost|p1a: Scizor|def|1\n|-unboost|p1a: Scizor|spd|1\n|faint|p2b: Iron Bundle\n|-end|p2b: Iron Bundle|Quark Drive|[silent]\n|move|p2a: Orthworm|Iron Defense|p2a: Orthworm\n|-boost|p2a: Orthworm|def|2\n|\n|upkeep\n|\n|t:|1682480319\n|switch|p2b: Flutter Mane|Flutter Mane, L50|100\/100\n|turn|4\n|\n|t:|1682480335\n|move|p1a: Scizor|Protect|p1a: Scizor\n|-singleturn|p1a: Scizor|Protect\n|move|p2a: Orthworm|Protect|p2a: Orthworm\n|-singleturn|p2a: Orthworm|Protect\n|move|p2b: Flutter Mane|Thunderbolt|p1b: dont miss\n|-damage|p1b: dont miss|64\/100\n|move|p1b: dont miss|Hydro Pump|p2a: Orthworm\n|-activate|p2a: Orthworm|move: Protect\n|\n|upkeep\n|turn|5\n|inactive|bentoboxkiller has 30 seconds left.\n|\n|t:|1682480362\n|move|p1a: Scizor|Bullet Punch|p2b: Flutter Mane\n|-supereffective|p2b: Flutter Mane\n|-enditem|p2b: Flutter Mane|Focus Sash\n|-damage|p2b: Flutter Mane|1\/100\n|move|p2b: Flutter Mane|Moonblast|p1b: dont miss\n|-damage|p1b: dont miss|12\/100\n|-enditem|p1b: dont miss|Sitrus Berry|[eat]\n|-heal|p1b: dont miss|37\/100|[from] item: Sitrus Berry\n|move|p1b: dont miss|Hydro Pump|p2a: Orthworm|[miss]\n|-miss|p1b: dont miss|p2a: Orthworm\n|move|p2a: Orthworm|Body Press|p1a: Scizor\n|-damage|p1a: Scizor|0 fnt\n|faint|p1a: Scizor\n|\n|upkeep\n|\n|t:|1682480383\n|switch|p1a: Arcanine|Arcanine, L50, M, tera:Grass|81\/100\n|-ability|p1a: Arcanine|Intimidate|boost\n|-unboost|p2a: Orthworm|atk|1\n|-unboost|p2b: Flutter Mane|atk|1\n|turn|6\n|\n|t:|1682480407\n|move|p1b: dont miss|Protect|p1b: dont miss\n|-singleturn|p1b: dont miss|Protect\n|move|p2a: Orthworm|Protect|p2a: Orthworm\n|-singleturn|p2a: Orthworm|Protect\n|move|p2b: Flutter Mane|Thunderbolt|p1b: dont miss\n|-activate|p1b: dont miss|move: Protect\n|move|p1a: Arcanine|Snarl|p2b: Flutter Mane|[spread] p2b\n|-activate|p2a: Orthworm|move: Protect\n|-damage|p2b: Flutter Mane|0 fnt\n|faint|p2b: Flutter Mane\n|-end|p2b: Flutter Mane|Protosynthesis|[silent]\n|\n|upkeep\n|\n|t:|1682480415\n|switch|p2b: Ting-Lu|Ting-Lu, L50|53\/100\n|-ability|p2b: Ting-Lu|Vessel of Ruin\n|turn|7\n|\n|t:|1682480438\n|move|p1a: Arcanine|Extreme Speed|p2a: Orthworm\n|-damage|p2a: Orthworm|94\/100\n|move|p1b: dont miss|Hydro Pump|p2a: Orthworm\n|-supereffective|p2a: Orthworm\n|-damage|p2a: Orthworm|29\/100\n|move|p2a: Orthworm|Body Press|p1b: dont miss\n|-damage|p1b: dont miss|0 fnt\n|faint|p1b: dont miss\n|move|p2b: Ting-Lu|Rock Slide|p1a: Arcanine\n|-damage|p1a: Arcanine|53\/100\n|\n|upkeep\n|\n|t:|1682480447\n|switch|p1b: Chien-Pao|Chien-Pao, L50|100\/100\n|-ability|p1b: Chien-Pao|Sword of Ruin\n|turn|8\n|\n|t:|1682480459\n|move|p1b: Chien-Pao|Sacred Sword|p2a: Orthworm\n|-damage|p2a: Orthworm|0 fnt\n|faint|p2a: Orthworm\n|move|p1a: Arcanine|Flare Blitz|p2b: Ting-Lu\n|-damage|p2b: Ting-Lu|10\/100\n|-damage|p1a: Arcanine|36\/100|[from] Recoil\n|move|p2b: Ting-Lu|Earthquake|p1a: Arcanine|[spread] p1a,p1b\n|-resisted|p1a: Arcanine\n|-damage|p1a: Arcanine|10\/100\n|-damage|p1b: Chien-Pao|56\/100\n|\n|upkeep\n|turn|9\n|\n|t:|1682480472\n|move|p1a: Arcanine|Extreme Speed|p2b: Ting-Lu\n|-damage|p2b: Ting-Lu|0 fnt\n|faint|p2b: Ting-Lu\n|\n|win|lamp114514\n|raw|lamp114514's rating: 1263 → 1283<\/strong> (+20 for winning)\n|raw|bentoboxkiller's rating: 1197 → 1177<\/strong> (-20 for losing)\n|l|\u2606bentoboxkiller\n","uploadtime":1682480496,"views":24,"p1id":"lamp114514","p2id":"bentoboxkiller","formatid":"gen9vgc2023regulationc","rating":1177,"private":0,"password":""}