{"id":"gen9vgc2023regulationc-1855173002","p1":"Emberbloom","p2":"spma13","format":"[Gen 9] VGC 2023 Regulation C","log":"|j|\u2606Emberbloom\n|j|\u2606spma13\n|t:|1682910344\n|gametype|doubles\n|player|p1|Emberbloom|flannery|1322\n|player|p2|spma13|169|1271\n|teamsize|p1|6\n|teamsize|p2|6\n|gen|9\n|tier|[Gen 9] VGC 2023 Regulation C\n|rated|\n|rule|Species Clause: Limit one of each Pok\u00e9mon\n|rule|Item Clause: Limit one of each item\n|clearpoke\n|poke|p1|Corviknight, L50, F|\n|poke|p1|Tyranitar, L50, F|\n|poke|p1|Garchomp, L50, F|\n|poke|p1|Amoonguss, L50, M|\n|poke|p1|Arcanine, L50, F|\n|poke|p1|Iron Bundle, L50|\n|poke|p2|Grafaiai, L50, M|\n|poke|p2|Chien-Pao, L50|\n|poke|p2|Ting-Lu, L50|\n|poke|p2|Dragonite, L50, M|\n|poke|p2|Iron Bundle, L50|\n|poke|p2|Vivillon-Sun, L50, F|\n|teampreview|4\n|inactive|Battle timer is ON: inactive players will automatically lose when time's up. (requested by spma13)\n|inactive|Emberbloom has 60 seconds left.\n|\n|t:|1682910380\n|start\n|switch|p1a: Tyranitar|Tyranitar, L50, F, shiny|100\/100\n|switch|p1b: Arcanine|Arcanine, L50, F|100\/100\n|switch|p2a: King Julien|Grafaiai, L50, M|100\/100\n|switch|p2b: Fossa|Chien-Pao, L50|100\/100\n|-ability|p2b: Fossa|Sword of Ruin\n|-ability|p1b: Arcanine|Intimidate|boost\n|-unboost|p2a: King Julien|atk|1\n|-unboost|p2b: Fossa|atk|1\n|-weather|Sandstorm|[from] ability: Sand Stream|[of] p1a: Tyranitar\n|turn|1\n|inactive|Emberbloom has 30 seconds left.\n|\n|t:|1682910406\n|-terastallize|p1a: Tyranitar|Flying\n|move|p2b: Fossa|Protect|p2b: Fossa\n|-singleturn|p2b: Fossa|Protect\n|move|p2a: King Julien|Switcheroo|p1b: Arcanine\n|-activate|p2a: King Julien|move: Trick|[of] p1b: Arcanine\n|-item|p1b: Arcanine|Lagging Tail|[from] move: Switcheroo\n|-item|p2a: King Julien|Safety Goggles|[from] move: Switcheroo\n|move|p1b: Arcanine|Howl|p1b: Arcanine|[spread] p1a,p1b\n|-boost|p1a: Tyranitar|atk|1\n|-enditem|p2b: Fossa|Mirror Herb\n|-boost|p2b: Fossa|atk|1|[from] item: Mirror Herb\n|-boost|p1b: Arcanine|atk|1\n|move|p1a: Tyranitar|Low Kick|p2b: Fossa\n|-activate|p2b: Fossa|move: Protect\n|\n|-weather|Sandstorm|[upkeep]\n|-damage|p2b: Fossa|95\/100|[from] Sandstorm\n|-damage|p1b: Arcanine|94\/100|[from] Sandstorm\n|-damage|p1a: Tyranitar|95\/100|[from] Sandstorm\n|upkeep\n|turn|2\n|\n|t:|1682910429\n|-terastallize|p2b: Fossa|Flying\n|move|p1b: Arcanine|Extreme Speed|p2b: Fossa\n|-damage|p2b: Fossa|54\/100\n|move|p2a: King Julien|Swagger|p1a: Tyranitar\n|-boost|p1a: Tyranitar|atk|2\n|-start|p1a: Tyranitar|confusion\n|move|p2b: Fossa|Ice Spinner|p1a: Tyranitar\n|-supereffective|p1a: Tyranitar\n|-damage|p1a: Tyranitar|15\/100\n|-activate|p1a: Tyranitar|confusion\n|move|p1a: Tyranitar|Rock Slide|p2b: Fossa|[spread] p2a,p2b\n|-supereffective|p2b: Fossa\n|-damage|p2a: King Julien|0 fnt\n|-damage|p2b: Fossa|0 fnt\n|faint|p2a: King Julien\n|faint|p2b: Fossa\n|\n|-weather|Sandstorm|[upkeep]\n|-damage|p1b: Arcanine|88\/100|[from] Sandstorm\n|-damage|p1a: Tyranitar|9\/100|[from] Sandstorm\n|upkeep\n|\n|t:|1682910442\n|switch|p2b: Skipper|Iron Bundle, L50|100\/100\n|switch|p2a: Marty|Ting-Lu, L50|100\/100\n|-ability|p2a: Marty|Vessel of Ruin\n|-enditem|p2b: Skipper|Booster Energy\n|-activate|p2b: Skipper|ability: Quark Drive|[fromitem]\n|-start|p2b: Skipper|quarkdrivespe\n|turn|3\n|inactive|Emberbloom has 30 seconds left.\n|\n|t:|1682910476\n|switch|p1a: Corviknight|Corviknight, L50, F, shiny|100\/100\n|move|p1b: Arcanine|Extreme Speed|p2b: Skipper\n|-damage|p2b: Skipper|61\/100\n|move|p2b: Skipper|Freeze-Dry|p1a: Corviknight\n|-damage|p1a: Corviknight|79\/100\n|move|p2a: Marty|Stomping Tantrum|p1b: Arcanine\n|-supereffective|p1b: Arcanine\n|-damage|p1b: Arcanine|0 fnt\n|faint|p1b: Arcanine\n|\n|-weather|Sandstorm|[upkeep]\n|-damage|p2b: Skipper|55\/100|[from] Sandstorm\n|upkeep\n|\n|t:|1682910479\n|switch|p1b: Garchomp|Garchomp, L50, F|100\/100\n|turn|4\n|\n|t:|1682910495\n|move|p2b: Skipper|Protect|p2b: Skipper\n|-singleturn|p2b: Skipper|Protect\n|move|p1b: Garchomp|Protect|p1b: Garchomp\n|-singleturn|p1b: Garchomp|Protect\n|move|p1a: Corviknight|Tailwind|p1a: Corviknight\n|-sidestart|p1: Emberbloom|move: Tailwind\n|move|p2a: Marty|Stomping Tantrum|p1b: Garchomp\n|-activate|p1b: Garchomp|move: Protect\n|\n|-weather|Sandstorm|[upkeep]\n|-damage|p2b: Skipper|49\/100|[from] Sandstorm\n|upkeep\n|turn|5\n|\n|t:|1682910508\n|move|p1b: Garchomp|Earthquake|p2b: Skipper|[spread] p2a,p2b\n|-immune|p1a: Corviknight\n|-damage|p2a: Marty|75\/100\n|-damage|p2b: Skipper|1\/100\n|move|p2b: Skipper|Encore|p1a: Corviknight\n|-start|p1a: Corviknight|Encore\n|move|p1a: Corviknight|Tailwind||[still]\n|-fail|p1a: Corviknight\n|move|p2a: Marty|Stomping Tantrum|p1b: Garchomp|[miss]\n|-miss|p2a: Marty|p1b: Garchomp\n|\n|-weather|none\n|upkeep\n|turn|6\n|\n|t:|1682910524\n|switch|p1a: Tyranitar|Tyranitar, L50, F, shiny, tera:Flying|9\/100\n|-weather|Sandstorm|[from] ability: Sand Stream|[of] p1a: Tyranitar\n|move|p2b: Skipper|Protect|p2b: Skipper\n|-singleturn|p2b: Skipper|Protect\n|move|p1b: Garchomp|Rock Slide|p2a: Marty|[spread] p2a\n|-activate|p2b: Skipper|move: Protect\n|-resisted|p2a: Marty\n|-damage|p2a: Marty|69\/100\n|move|p2a: Marty|Stomping Tantrum|p1b: Garchomp\n|-damage|p1b: Garchomp|0 fnt\n|faint|p1b: Garchomp\n|\n|-weather|Sandstorm|[upkeep]\n|-damage|p2b: Skipper|0 fnt|[from] Sandstorm\n|-damage|p1a: Tyranitar|3\/100|[from] Sandstorm\n|faint|p2b: Skipper\n|-end|p2b: Skipper|Quark Drive|[silent]\n|upkeep\n|-message|spma13 forfeited.\n|\n|win|Emberbloom\n|raw|Emberbloom's rating: 1322 → 1339<\/strong> (+17 for winning)\n|raw|spma13's rating: 1271 → 1250<\/strong> (-21 for losing)\n|l|\u2606spma13\n","uploadtime":1682910547,"views":20,"p1id":"emberbloom","p2id":"spma13","formatid":"gen9vgc2023regulationc","rating":1250,"private":0,"password":""}