{"id":"gen9vgc2023regulationc-1858013622","p1":"BizRizz","p2":"Faan_Tung","format":"[Gen 9] VGC 2023 Regulation C","log":"|j|\u2606BizRizz\n|j|\u2606Faan_Tung\n|t:|1683260294\n|gametype|doubles\n|player|p1|BizRizz|ghetsis-gen5bw|1209\n|player|p2|Faan_Tung|tuberf|1118\n|teamsize|p1|6\n|teamsize|p2|6\n|gen|9\n|tier|[Gen 9] VGC 2023 Regulation C\n|rated|\n|rule|Species Clause: Limit one of each Pok\u00e9mon\n|rule|Item Clause: Limit one of each item\n|clearpoke\n|poke|p1|Dragonite, L50, F|\n|poke|p1|Ting-Lu, L50|\n|poke|p1|Chien-Pao, L50|\n|poke|p1|Corviknight, L50, M|\n|poke|p1|Amoonguss, L50, F|\n|poke|p1|Sylveon, L50, M|\n|poke|p2|Arcanine, L50, M|\n|poke|p2|Palafin, L50, M|\n|poke|p2|Alomomola, L50, F|\n|poke|p2|Kingambit, L50, M|\n|poke|p2|Great Tusk, L50|\n|poke|p2|Flutter Mane, L50|\n|teampreview|4\nFaan_Tung has agreed to open team sheets.\n|\n|t:|1683260336\n|start\n|switch|p1a: Dragonite|Dragonite, L50, F|100\/100\n|switch|p1b: Sylveon|Sylveon, L50, M|100\/100\n|switch|p2a: Arcanine|Arcanine, L50, M|100\/100\n|switch|p2b: Palafin|Palafin, L50, M|100\/100\n|-ability|p2a: Arcanine|Intimidate|boost\n|-unboost|p1a: Dragonite|atk|1\n|-unboost|p1b: Sylveon|atk|1\n|turn|1\n|\n|t:|1683260363\n|move|p2b: Palafin|Protect|p2b: Palafin\n|-singleturn|p2b: Palafin|Protect\n|move|p1a: Dragonite|Protect|p1a: Dragonite\n|-singleturn|p1a: Dragonite|Protect\n|move|p2a: Arcanine|Howl|p2a: Arcanine|[spread] p2a,p2b\n|-boost|p2a: Arcanine|atk|1\n|-boost|p2b: Palafin|atk|1\n|move|p1b: Sylveon|Hyper Voice|p2a: Arcanine|[spread] p2a\n|-activate|p2b: Palafin|move: Protect\n|-resisted|p2a: Arcanine\n|-damage|p2a: Arcanine|77\/100\n|-enditem|p1b: Sylveon|Throat Spray\n|-boost|p1b: Sylveon|spa|1|[from] item: Throat Spray\n|\n|upkeep\n|turn|2\n|\n|t:|1683260385\n|switch|p1a: Amoonguss|Amoonguss, L50, F|100\/100\n|move|p2a: Arcanine|Flare Blitz|p1b: Sylveon\n|-damage|p1b: Sylveon|17\/100\n|-damage|p2a: Arcanine|49\/100|[from] Recoil\n|move|p2b: Palafin|Wave Crash|p1b: Sylveon\n|-damage|p1b: Sylveon|0 fnt\n|faint|p1b: Sylveon\n|-damage|p2b: Palafin|95\/100|[from] Recoil\n|\n|upkeep\n|\n|t:|1683260402\n|switch|p1b: Dragonite|Dragonite, L50, F|100\/100\n|turn|3\n|\n|t:|1683260435\n|-terastallize|p1a: Amoonguss|Water\n|move|p2b: Palafin|Protect|p2b: Palafin\n|-singleturn|p2b: Palafin|Protect\n|move|p1b: Dragonite|Protect|p1b: Dragonite\n|-singleturn|p1b: Dragonite|Protect\n|move|p2a: Arcanine|Flare Blitz|p1a: Amoonguss\n|-resisted|p1a: Amoonguss\n|-damage|p1a: Amoonguss|69\/100\n|-damage|p2a: Arcanine|37\/100|[from] Recoil\n|move|p1a: Amoonguss|Spore|p2b: Palafin\n|-activate|p2b: Palafin|move: Protect\n|\n|upkeep\n|turn|4\n|\n|t:|1683260468\n|detailschange|p2b: Palafin|Palafin-Hero, L50, M\n|switch|p2b: Alomomola|Alomomola, L50, F, shiny|100\/100\n|move|p1b: Dragonite|Extreme Speed|p2a: Arcanine\n|-damage|p2a: Arcanine|2\/100\n|move|p2a: Arcanine|Will-O-Wisp|p1b: Dragonite\n|-status|p1b: Dragonite|brn\n|move|p1a: Amoonguss|Spore|p2b: Alomomola\n|-status|p2b: Alomomola|slp|[from] move: Spore\n|\n|-damage|p1b: Dragonite|94\/100 brn|[from] brn\n|upkeep\n|turn|5\n|\n|t:|1683260498\n|move|p2a: Arcanine|Extreme Speed|p1b: Dragonite\n|-damage|p1b: Dragonite|64\/100 brn\n|move|p1b: Dragonite|Extreme Speed|p2a: Arcanine\n|-damage|p2a: Arcanine|0 fnt\n|faint|p2a: Arcanine\n|cant|p2b: Alomomola|slp\n|move|p1a: Amoonguss|Pollen Puff|p2b: Alomomola\n|-damage|p2b: Alomomola|86\/100 slp\n|\n|-heal|p2b: Alomomola|92\/100 slp|[from] item: Leftovers\n|-damage|p1b: Dragonite|58\/100 brn|[from] brn\n|upkeep\n|\n|t:|1683260510\n|switch|p2a: Palafin|Palafin-Hero, L50, M|95\/100\n|-activate|p2a: Palafin|ability: Zero to Hero\n|turn|6\n|\n|t:|1683260523\n|move|p2a: Palafin|Protect|p2a: Palafin\n|-singleturn|p2a: Palafin|Protect\n|move|p1b: Dragonite|Extreme Speed|p2b: Alomomola\n|-damage|p2b: Alomomola|80\/100 slp\n|-curestatus|p2b: Alomomola|slp|[msg]\n|move|p2b: Alomomola|Wish|p2b: Alomomola\n|move|p1a: Amoonguss|Spore|p2a: Palafin\n|-activate|p2a: Palafin|move: Protect\n|\n|-heal|p2b: Alomomola|87\/100|[from] item: Leftovers\n|-damage|p1b: Dragonite|52\/100 brn|[from] brn\n|upkeep\n|turn|7\n|\n|t:|1683260550\n|-terastallize|p2a: Palafin|Water\n|move|p2b: Alomomola|Helping Hand|p2a: Palafin\n|-singleturn|p2a: Palafin|Helping Hand|[of] p2b: Alomomola\n|move|p1b: Dragonite|Extreme Speed|p2b: Alomomola\n|-damage|p2b: Alomomola|75\/100\n|move|p2a: Palafin|Wave Crash|p1a: Amoonguss\n|-resisted|p1a: Amoonguss\n|-damage|p1a: Amoonguss|0 fnt\n|faint|p1a: Amoonguss\n|-damage|p2a: Palafin|71\/100|[from] Recoil\n|\n|-heal|p2b: Alomomola|100\/100|[from] move: Wish|[wisher] Alomomola\n|-damage|p1b: Dragonite|46\/100 brn|[from] brn\n|upkeep\n|\n|t:|1683260561\n|switch|p1a: Ting-Lu|Ting-Lu, L50|100\/100\n|-ability|p1a: Ting-Lu|Vessel of Ruin\n|turn|8\n|\n|t:|1683260585\n|switch|p2a: Flutter Mane|Flutter Mane, L50, shiny|100\/100\n|move|p1b: Dragonite|Extreme Speed|p2a: Flutter Mane\n|-immune|p2a: Flutter Mane\n|move|p2b: Alomomola|Wish|p2b: Alomomola\n|move|p1a: Ting-Lu|Earthquake|p2a: Flutter Mane|[spread] p2a,p2b\n|-immune|p1b: Dragonite\n|-crit|p2a: Flutter Mane\n|-damage|p2a: Flutter Mane|12\/100\n|-damage|p2b: Alomomola|76\/100\n|\n|-heal|p2b: Alomomola|82\/100|[from] item: Leftovers\n|-damage|p1b: Dragonite|39\/100 brn|[from] brn\n|upkeep\n|turn|9\n|\n|t:|1683260610\n|switch|p2b: Palafin|Palafin-Hero, L50, M, tera:Water|71\/100\n|move|p2a: Flutter Mane|Dazzling Gleam|p1a: Ting-Lu|[spread] p1a,p1b\n|-supereffective|p1a: Ting-Lu\n|-supereffective|p1b: Dragonite\n|-damage|p1a: Ting-Lu|75\/100\n|-damage|p1b: Dragonite|0 fnt\n|faint|p1b: Dragonite\n|move|p1a: Ting-Lu|Earthquake|p2b: Palafin|[spread] p2a,p2b\n|-damage|p2a: Flutter Mane|0 fnt\n|-damage|p2b: Palafin|40\/100\n|faint|p2a: Flutter Mane\n|-end|p2a: Flutter Mane|Protosynthesis|[silent]\n|\n|-heal|p2b: Palafin|100\/100|[from] move: Wish|[wisher] Alomomola\n|upkeep\n|\n|t:|1683260622\n|switch|p2a: Alomomola|Alomomola, L50, F, shiny|100\/100\n|turn|10\n|-message|BizRizz forfeited.\n|\n|win|Faan_Tung\n|raw|BizRizz's rating: 1209 → 1178<\/strong> (-31 for losing)\n|raw|Faan_Tung's rating: 1118 → 1149<\/strong> (+31 for winning)\n|l|\u2606BizRizz\n|c|\u2606Faan_Tung|GG\n","uploadtime":1683260634,"views":7,"p1id":"bizrizz","p2id":"faantung","formatid":"gen9vgc2023regulationc","rating":1149,"private":0,"password":""}