{"id":"gen9vgc2023regulationc-1849431601","p1":"Kiriziozo","p2":"Seabear2112","format":"[Gen 9] VGC 2023 Regulation C","log":"|j|\u2606Kiriziozo\n|j|\u2606Seabear2112\n|t:|1682197755\n|gametype|doubles\n|player|p1|Kiriziozo|lance|1179\n|player|p2|Seabear2112|guitarist|1145\n|teamsize|p1|6\n|teamsize|p2|6\n|gen|9\n|tier|[Gen 9] VGC 2023 Regulation C\n|rated|\n|rule|Species Clause: Limit one of each Pok\u00e9mon\n|rule|Item Clause: Limit one of each item\n|clearpoke\n|poke|p1|Dondozo, L50, M|\n|poke|p1|Tatsugiri-Stretchy, L50, M|\n|poke|p1|Chi-Yu, L50|\n|poke|p1|Flutter Mane, L50|\n|poke|p1|Dragonite, L50, M|\n|poke|p1|Glimmora, L50, F|\n|poke|p2|Iron Bundle, L50|\n|poke|p2|Kingambit, L50, F|\n|poke|p2|Wo-Chien, L50|\n|poke|p2|Glimmora, L50, F|\n|poke|p2|Chi-Yu, L50|\n|poke|p2|Flutter Mane, L50|\n|teampreview|4\n|\n|t:|1682197777\n|start\n|switch|p1a: Glimmora|Glimmora, L50, F|100\/100\n|switch|p1b: Dondozo|Dondozo, L50, M|100\/100\n|switch|p2a: Glimmora|Glimmora, L50, F|100\/100\n|switch|p2b: Kingambit|Kingambit, L50, F|100\/100\n|turn|1\n|inactive|Battle timer is ON: inactive players will automatically lose when time's up. (requested by Seabear2112)\n|\n|t:|1682197793\n|-terastallize|p2b: Kingambit|Flying\n|move|p1a: Glimmora|Spiky Shield|p1a: Glimmora\n|-singleturn|p1a: Glimmora|move: Protect\n|move|p2a: Glimmora|Mortal Spin|p1a: Glimmora|[spread] p1b\n|-activate|p1a: Glimmora|move: Protect\n|-damage|p2a: Glimmora|88\/100|[from] Spiky Shield|[of] p1a: Glimmora\n|-damage|p1b: Dondozo|98\/100\n|-status|p1b: Dondozo|psn\n|move|p2b: Kingambit|Iron Head|p1a: Glimmora\n|-activate|p1a: Glimmora|move: Protect\n|-damage|p2b: Kingambit|88\/100|[from] Spiky Shield|[of] p1a: Glimmora\n|move|p1b: Dondozo|Yawn|p2b: Kingambit\n|-start|p2b: Kingambit|move: Yawn|[of] p1b: Dondozo\n|\n|-damage|p1b: Dondozo|85\/100 psn|[from] psn\n|upkeep\n|turn|2\n|\n|t:|1682197817\n|switch|p2b: Wo-Chien|Wo-Chien, L50|100\/100\n|-ability|p2b: Wo-Chien|Tablets of Ruin\n|move|p2a: Glimmora|Earth Power|p1a: Glimmora\n|-supereffective|p1a: Glimmora\n|-enditem|p1a: Glimmora|Focus Sash\n|-damage|p1a: Glimmora|1\/100\n|move|p1a: Glimmora|Toxic|p2b: Wo-Chien\n|-status|p2b: Wo-Chien|tox\n|move|p1b: Dondozo|Wave Crash|p2b: Wo-Chien\n|-resisted|p2b: Wo-Chien\n|-damage|p2b: Wo-Chien|86\/100 tox\n|-damage|p1b: Dondozo|82\/100 psn|[from] Recoil\n|\n|-heal|p2b: Wo-Chien|92\/100 tox|[from] item: Leftovers\n|-damage|p2b: Wo-Chien|86\/100 tox|[from] psn\n|-damage|p1b: Dondozo|69\/100 psn|[from] psn\n|upkeep\n|turn|3\n|inactive|Seabear2112 has 30 seconds left.\n|\n|t:|1682197844\n|move|p1b: Dondozo|Protect|p1b: Dondozo\n|-singleturn|p1b: Dondozo|Protect\n|move|p1a: Glimmora|Earth Power|p2a: Glimmora\n|-supereffective|p2a: Glimmora\n|-damage|p2a: Glimmora|0 fnt\n|faint|p2a: Glimmora\n|move|p2b: Wo-Chien|Leech Seed|p1b: Dondozo\n|-activate|p1b: Dondozo|move: Protect\n|\n|-heal|p2b: Wo-Chien|92\/100 tox|[from] item: Leftovers\n|-damage|p2b: Wo-Chien|80\/100 tox|[from] psn\n|-damage|p1b: Dondozo|57\/100 psn|[from] psn\n|upkeep\n|\n|t:|1682197856\n|switch|p2a: Iron Bundle|Iron Bundle, L50|100\/100\n|-enditem|p2a: Iron Bundle|Booster Energy\n|-activate|p2a: Iron Bundle|ability: Quark Drive|[fromitem]\n|-start|p2a: Iron Bundle|quarkdrivespe\n|turn|4\n|\n|t:|1682197868\n|move|p2a: Iron Bundle|Icy Wind|p1a: Glimmora|[spread] p1a\n|-miss|p2a: Iron Bundle|p1b: Dondozo\n|-damage|p1a: Glimmora|0 fnt\n|faint|p1a: Glimmora\n|move|p2b: Wo-Chien|Leech Seed|p1b: Dondozo\n|-start|p1b: Dondozo|move: Leech Seed\n|move|p1b: Dondozo|Bulldoze|p2b: Wo-Chien|[spread] p2a,p2b\n|-resisted|p2b: Wo-Chien\n|-damage|p2a: Iron Bundle|91\/100\n|-damage|p2b: Wo-Chien|76\/100 tox\n|-unboost|p2a: Iron Bundle|spe|1\n|-unboost|p2b: Wo-Chien|spe|1\n|\n|-heal|p2b: Wo-Chien|82\/100 tox|[from] item: Leftovers\n|-damage|p1b: Dondozo|44\/100 psn|[from] Leech Seed|[of] p2b: Wo-Chien\n|-heal|p2b: Wo-Chien|99\/100 tox|[silent]\n|-damage|p2b: Wo-Chien|80\/100 tox|[from] psn\n|-damage|p1b: Dondozo|32\/100 psn|[from] psn\n|upkeep\n|-enditem|p1b: Dondozo|Sitrus Berry|[eat]\n|-heal|p1b: Dondozo|57\/100 psn|[from] item: Sitrus Berry\n|\n|t:|1682197881\n|switch|p1a: Flutter Mane|Flutter Mane, L50|100\/100\n|-enditem|p1a: Flutter Mane|Booster Energy\n|-activate|p1a: Flutter Mane|ability: Protosynthesis|[fromitem]\n|-start|p1a: Flutter Mane|protosynthesisspe\n|turn|5\n|inactive|Seabear2112 has 30 seconds left.\n|inactive|Seabear2112 has 20 seconds left.\n|\n|t:|1682197920\n|-terastallize|p1a: Flutter Mane|Steel\n|move|p2a: Iron Bundle|Protect|p2a: Iron Bundle\n|-singleturn|p2a: Iron Bundle|Protect\n|move|p1a: Flutter Mane|Substitute|p1a: Flutter Mane\n|-start|p1a: Flutter Mane|Substitute\n|-damage|p1a: Flutter Mane|76\/100\n|move|p2b: Wo-Chien|Leech Seed||[still]\n|-fail|p2b: Wo-Chien\n|move|p1b: Dondozo|Wave Crash|p2a: Iron Bundle\n|-activate|p2a: Iron Bundle|move: Protect\n|\n|-heal|p2b: Wo-Chien|86\/100 tox|[from] item: Leftovers\n|-damage|p1b: Dondozo|44\/100 psn|[from] Leech Seed|[of] p2b: Wo-Chien\n|-heal|p2b: Wo-Chien|100\/100 tox|[silent]\n|-damage|p2b: Wo-Chien|75\/100 tox|[from] psn\n|-damage|p1b: Dondozo|32\/100 psn|[from] psn\n|upkeep\n|turn|6\n|inactive|Seabear2112 has 30 seconds left.\n|inactive|Seabear2112 has 20 seconds left.\n|inactive|Seabear2112 has 15 seconds left.\n|\n|t:|1682197962\n|move|p1a: Flutter Mane|Protect|p1a: Flutter Mane\n|-singleturn|p1a: Flutter Mane|Protect\n|move|p2a: Iron Bundle|Protect|p2a: Iron Bundle\n|-singleturn|p2a: Iron Bundle|Protect\n|move|p2b: Wo-Chien|Foul Play|p1a: Flutter Mane\n|-activate|p1a: Flutter Mane|move: Protect\n|move|p1b: Dondozo|Yawn|p2a: Iron Bundle\n|-activate|p2a: Iron Bundle|move: Protect\n|\n|-heal|p2b: Wo-Chien|82\/100 tox|[from] item: Leftovers\n|-damage|p1b: Dondozo|19\/100 psn|[from] Leech Seed|[of] p2b: Wo-Chien\n|-heal|p2b: Wo-Chien|98\/100 tox|[silent]\n|-damage|p2b: Wo-Chien|67\/100 tox|[from] psn\n|-damage|p1b: Dondozo|7\/100 psn|[from] psn\n|upkeep\n|turn|7\n|inactive|Seabear2112 has 30 seconds left.\n|\n|t:|1682197991\n|move|p1a: Flutter Mane|Moonblast|p2a: Iron Bundle\n|-damage|p2a: Iron Bundle|0 fnt\n|faint|p2a: Iron Bundle\n|-end|p2a: Iron Bundle|Quark Drive|[silent]\n|move|p2b: Wo-Chien|Foul Play|p1a: Flutter Mane\n|-end|p1a: Flutter Mane|Substitute\n|move|p1b: Dondozo|Wave Crash|p2b: Wo-Chien\n|-resisted|p2b: Wo-Chien\n|-damage|p2b: Wo-Chien|53\/100 tox\n|-damage|p1b: Dondozo|3\/100 psn|[from] Recoil\n|\n|-heal|p2b: Wo-Chien|59\/100 tox|[from] item: Leftovers\n|-damage|p1b: Dondozo|0 fnt|[from] Leech Seed|[of] p2b: Wo-Chien\n|-heal|p2b: Wo-Chien|63\/100 tox|[silent]\n|faint|p1b: Dondozo\n|-damage|p2b: Wo-Chien|25\/100 tox|[from] psn\n|upkeep\n|\n|t:|1682198006\n|switch|p2a: Kingambit|Kingambit, L50, F, tera:Flying|88\/100\n|switch|p1b: Chi-Yu|Chi-Yu, L50|100\/100\n|-ability|p1b: Chi-Yu|Beads of Ruin\n|turn|8\n|-message|Seabear2112 forfeited.\n|\n|win|Kiriziozo\n|raw|Kiriziozo's rating: 1179 → 1202<\/strong> (+23 for winning)\n|raw|Seabear2112's rating: 1145 → 1122<\/strong> (-23 for losing)\n|l|\u2606Seabear2112\n","uploadtime":1682198020,"views":8,"p1id":"kiriziozo","p2id":"seabear2112","formatid":"gen9vgc2023regulationc","rating":1122,"private":0,"password":""}