{"id":"gen9vgc2023regulationc-1857662986","p1":"Lutrinae Arctis","p2":"BluFalconTwitch","format":"[Gen 9] VGC 2023 Regulation C","log":"|j|\u2606Lutrinae Arctis\n|j|\u2606BluFalconTwitch\n|t:|1683219567\n|gametype|doubles\n|player|p1|Lutrinae Arctis|dawn-gen4pt|1218\n|player|p2|BluFalconTwitch|lance|1114\n|teamsize|p1|6\n|teamsize|p2|6\n|gen|9\n|tier|[Gen 9] VGC 2023 Regulation C\n|rated|\n|rule|Species Clause: Limit one of each Pok\u00e9mon\n|rule|Item Clause: Limit one of each item\n|clearpoke\n|poke|p1|Flutter Mane, L50|\n|poke|p1|Jumpluff, L50, M|\n|poke|p1|Wo-Chien, L50|\n|poke|p1|Torkoal, L50, F|\n|poke|p1|Roaring Moon, L50|\n|poke|p1|Chi-Yu, L50|\n|poke|p2|Chi-Yu, L50|\n|poke|p2|Arcanine, L50, F|\n|poke|p2|Quaquaval, L50, M|\n|poke|p2|Flutter Mane, L50|\n|poke|p2|Dragonite, L50, M|\n|poke|p2|Chien-Pao, L50|\n|teampreview|4\n|inactive|Battle timer is ON: inactive players will automatically lose when time's up. (requested by BluFalconTwitch)\nBluFalconTwitch has agreed to open team sheets.\nLutrinae Arctis has agreed to open team sheets.\n|inactive|BluFalconTwitch has 60 seconds left.\n|\n|t:|1683219620\n|start\n|switch|p1a: Flutter Mane|Flutter Mane, L50|100\/100\n|switch|p1b: Wo-Chien|Wo-Chien, L50|100\/100\n|switch|p2a: Dragonite|Dragonite, L50, M|100\/100\n|switch|p2b: Chien-Pao|Chien-Pao, L50|100\/100\n|-ability|p2b: Chien-Pao|Sword of Ruin\n|-ability|p1b: Wo-Chien|Tablets of Ruin\n|turn|1\n|\n|t:|1683219637\n|-terastallize|p2a: Dragonite|Flying\n|move|p2b: Chien-Pao|Sucker Punch||[still]\n|-fail|p2b: Chien-Pao\n|move|p2a: Dragonite|Tera Blast|p1b: Wo-Chien\n|-supereffective|p1b: Wo-Chien\n|-damage|p1b: Wo-Chien|0 fnt\n|faint|p1b: Wo-Chien\n|move|p1a: Flutter Mane|Trick Room|p1a: Flutter Mane\n|-fieldstart|move: Trick Room|[of] p1a: Flutter Mane\n|\n|upkeep\n|\n|t:|1683219643\n|switch|p1b: Torkoal|Torkoal, L50, F|100\/100\n|-weather|SunnyDay|[from] ability: Drought|[of] p1b: Torkoal\n|-activate|p1a: Flutter Mane|ability: Protosynthesis\n|-start|p1a: Flutter Mane|protosynthesisspa\n|turn|2\n|inactive|BluFalconTwitch has 30 seconds left.\n|\n|t:|1683219670\n|-terastallize|p1b: Torkoal|Fire\n|move|p2a: Dragonite|Extreme Speed|p1b: Torkoal\n|-damage|p1b: Torkoal|69\/100\n|move|p2b: Chien-Pao|Sucker Punch|p1b: Torkoal\n|-damage|p1b: Torkoal|32\/100\n|move|p1b: Torkoal|Eruption|p2b: Chien-Pao|[spread] p2a,p2b\n|-supereffective|p2b: Chien-Pao\n|-damage|p2a: Dragonite|70\/100\n|-enditem|p2b: Chien-Pao|Focus Sash\n|-damage|p2b: Chien-Pao|1\/100\n|move|p1a: Flutter Mane|Moonblast|p2a: Dragonite\n|-damage|p2a: Dragonite|39\/100\n|\n|-weather|SunnyDay|[upkeep]\n|upkeep\n|turn|3\n|inactive|BluFalconTwitch has 30 seconds left.\n|\n|t:|1683219704\n|switch|p1b: Chi-Yu|Chi-Yu, L50|100\/100\n|-ability|p1b: Chi-Yu|Beads of Ruin\n|move|p2a: Dragonite|Extreme Speed|p1b: Chi-Yu\n|-damage|p1b: Chi-Yu|50\/100\n|move|p2b: Chien-Pao|Sucker Punch|p1a: Flutter Mane\n|-damage|p1a: Flutter Mane|50\/100\n|move|p1a: Flutter Mane|Moonblast|p2a: Dragonite\n|-damage|p2a: Dragonite|0 fnt\n|faint|p2a: Dragonite\n|\n|-weather|SunnyDay|[upkeep]\n|upkeep\n|\n|t:|1683219716\n|switch|p2a: Paperonzolo|Quaquaval, L50, M|100\/100\n|turn|4\n|\n|t:|1683219735\n|move|p2a: Paperonzolo|Protect|p2a: Paperonzolo\n|-singleturn|p2a: Paperonzolo|Protect\n|move|p2b: Chien-Pao|Protect|p2b: Chien-Pao\n|-singleturn|p2b: Chien-Pao|Protect\n|move|p1a: Flutter Mane|Moonblast|p2a: Paperonzolo\n|-activate|p2a: Paperonzolo|move: Protect\n|move|p1b: Chi-Yu|Flamethrower|p2b: Chien-Pao\n|-activate|p2b: Chien-Pao|move: Protect\n|\n|-weather|SunnyDay|[upkeep]\n|upkeep\n|turn|5\n|\n|t:|1683219754\n|move|p2b: Chien-Pao|Sucker Punch|p1a: Flutter Mane\n|-damage|p1a: Flutter Mane|0 fnt\n|faint|p1a: Flutter Mane\n|-end|p1a: Flutter Mane|Protosynthesis|[silent]\n|move|p1b: Chi-Yu|Flamethrower|p2b: Chien-Pao\n|-supereffective|p2b: Chien-Pao\n|-damage|p2b: Chien-Pao|0 fnt\n|faint|p2b: Chien-Pao\n|move|p2a: Paperonzolo|Aqua Step|p1b: Chi-Yu\n|-supereffective|p1b: Chi-Yu\n|-damage|p1b: Chi-Yu|1\/100\n|-boost|p2a: Paperonzolo|spe|1\n|\n|-weather|SunnyDay|[upkeep]\n|-fieldend|move: Trick Room\n|upkeep\n|\n|t:|1683219766\n|switch|p2b: Flutter Mane|Flutter Mane, L50|100\/100\n|switch|p1a: Torkoal|Torkoal, L50, F, tera:Fire|32\/100\n|-activate|p2b: Flutter Mane|ability: Protosynthesis\n|-start|p2b: Flutter Mane|protosynthesisspa\n|turn|6\n|\n|t:|1683219783\n|move|p2a: Paperonzolo|Aqua Step|p1b: Chi-Yu\n|-supereffective|p1b: Chi-Yu\n|-damage|p1b: Chi-Yu|0 fnt\n|-boost|p2a: Paperonzolo|spe|1\n|faint|p1b: Chi-Yu\n|-ability|p2a: Paperonzolo|Moxie|boost\n|-boost|p2a: Paperonzolo|atk|1\n|move|p2b: Flutter Mane|Dazzling Gleam|p1a: Torkoal\n|-resisted|p1a: Torkoal\n|-damage|p1a: Torkoal|0 fnt\n|faint|p1a: Torkoal\n|\n|win|BluFalconTwitch\n|raw|Lutrinae Arctis's rating: 1218 → 1186<\/strong> (-32 for losing)\n|raw|BluFalconTwitch's rating: 1114 → 1146<\/strong> (+32 for winning)\n","uploadtime":1683219792,"views":16,"p1id":"lutrinaearctis","p2id":"blufalcontwitch","formatid":"gen9vgc2023regulationc","rating":1146,"private":0,"password":""}