{"id":"gen9vgc2023regulationc-1863924040","p1":"dusty_quello_faigo","p2":"WillieDangerously","format":"[Gen 9] VGC 2023 Regulation C","log":"|j|\u2606dusty_quello_faigo\n|j|\u2606WillieDangerously\n|t:|1684093857\n|gametype|doubles\n|player|p1|dusty_quello_faigo|clair|1143\n|player|p2|WillieDangerously|psychic-gen4|1176\n|teamsize|p1|6\n|teamsize|p2|6\n|gen|9\n|tier|[Gen 9] VGC 2023 Regulation C\n|rated|\n|rule|Species Clause: Limit one of each Pok\u00e9mon\n|rule|Item Clause: Limit one of each item\n|clearpoke\n|poke|p1|Flutter Mane, L50|\n|poke|p1|Arcanine, L50, M|\n|poke|p1|Ting-Lu, L50|\n|poke|p1|Maushold-Four, L50|\n|poke|p1|Palafin, L50, M|\n|poke|p1|Annihilape, L50, M|\n|poke|p2|Gholdengo, L50|\n|poke|p2|Wo-Chien, L50|\n|poke|p2|Iron Bundle, L50|\n|poke|p2|Dragapult, L50, F|\n|poke|p2|Hippowdon, L50, M|\n|poke|p2|Glimmora, L50, M|\n|teampreview|4\n|inactive|Battle timer is ON: inactive players will automatically lose when time's up. (requested by dusty_quello_faigo)\n|\n|t:|1684093893\n|start\n|switch|p1a: Maushold|Maushold-Four, L50|100\/100\n|switch|p1b: Flutter Mane|Flutter Mane, L50|100\/100\n|switch|p2a: Glimmora|Glimmora, L50, M|100\/100\n|switch|p2b: Hippowdon|Hippowdon, L50, M|100\/100\n|-weather|Sandstorm|[from] ability: Sand Stream|[of] p2b: Hippowdon\n|turn|1\n|inactive|WillieDangerously has 30 seconds left.\n|inactive|WillieDangerously has 20 seconds left.\n|\n|t:|1684093929\n|move|p1b: Flutter Mane|Shadow Ball|p2a: Glimmora\n|-damage|p2a: Glimmora|74\/100\n|-unboost|p2a: Glimmora|spd|1\n|-damage|p1b: Flutter Mane|90\/100|[from] item: Life Orb\n|move|p1a: Maushold|Super Fang|p2b: Hippowdon\n|-damage|p2b: Hippowdon|50\/100\n|move|p2a: Glimmora|Power Gem|p1a: Maushold\n|-damage|p1a: Maushold|64\/100\n|move|p2b: Hippowdon|Yawn|p1a: Maushold\n|-start|p1a: Maushold|move: Yawn|[of] p2b: Hippowdon\n|\n|-weather|Sandstorm|[upkeep]\n|-damage|p1b: Flutter Mane|84\/100|[from] Sandstorm\n|-damage|p1a: Maushold|58\/100|[from] Sandstorm\n|upkeep\n|turn|2\n|inactive|dusty_quello_faigo has 30 seconds left.\n|inactive|WillieDangerously has 30 seconds left.\n|inactive|dusty_quello_faigo has 20 seconds left.\n|inactive|WillieDangerously has 20 seconds left.\n|inactive|dusty_quello_faigo has 15 seconds left.\n|\n|t:|1684093970\n|switch|p1a: Annihilape|Annihilape, L50, M|100\/100\n|switch|p2a: Wo-Chien|Wo-Chien, L50|100\/100\n|-ability|p2a: Wo-Chien|Tablets of Ruin\n|move|p1b: Flutter Mane|Moonblast|p2b: Hippowdon\n|-damage|p2b: Hippowdon|0 fnt\n|faint|p2b: Hippowdon\n|-damage|p1b: Flutter Mane|74\/100|[from] item: Life Orb\n|\n|-weather|Sandstorm|[upkeep]\n|-damage|p1b: Flutter Mane|68\/100|[from] Sandstorm\n|-damage|p1a: Annihilape|94\/100|[from] Sandstorm\n|-damage|p2a: Wo-Chien|94\/100|[from] Sandstorm\n|-heal|p1a: Annihilape|100\/100|[from] item: Leftovers\n|-heal|p2a: Wo-Chien|100\/100|[from] item: Leftovers\n|upkeep\n|\n|t:|1684093982\n|switch|p2b: Dragapult|Dragapult, L50, F|100\/100\n|turn|3\n|\n|t:|1684093995\n|move|p2b: Dragapult|Disable|p1b: Flutter Mane\n|-start|p1b: Flutter Mane|Disable|Moonblast\n|move|p1b: Flutter Mane|Mystical Fire|p2a: Wo-Chien\n|-supereffective|p2a: Wo-Chien\n|-damage|p2a: Wo-Chien|56\/100\n|-unboost|p2a: Wo-Chien|spa|1\n|-damage|p1b: Flutter Mane|58\/100|[from] item: Life Orb\n|move|p1a: Annihilape|Bulk Up|p1a: Annihilape\n|-boost|p1a: Annihilape|atk|1\n|-boost|p1a: Annihilape|def|1\n|move|p2a: Wo-Chien|Leech Seed|p1a: Annihilape\n|-start|p1a: Annihilape|move: Leech Seed\n|\n|-weather|Sandstorm|[upkeep]\n|-damage|p2b: Dragapult|94\/100|[from] Sandstorm\n|-damage|p1b: Flutter Mane|52\/100|[from] Sandstorm\n|-damage|p1a: Annihilape|94\/100|[from] Sandstorm\n|-damage|p2a: Wo-Chien|49\/100|[from] Sandstorm\n|-heal|p1a: Annihilape|100\/100|[from] item: Leftovers\n|-heal|p2a: Wo-Chien|56\/100|[from] item: Leftovers\n|-damage|p1a: Annihilape|88\/100|[from] Leech Seed|[of] p2a: Wo-Chien\n|-heal|p2a: Wo-Chien|69\/100|[silent]\n|upkeep\n|turn|4\n|inactive|dusty_quello_faigo has 30 seconds left.\n|inactive|WillieDangerously has 30 seconds left.\n|inactive|WillieDangerously has 20 seconds left.\n|inactive|WillieDangerously has 15 seconds left.\n|\n|t:|1684094038\n|switch|p2b: Glimmora|Glimmora, L50, M|74\/100\n|-end|p1b: Flutter Mane|Protosynthesis|[silent]\n|switch|p1b: Maushold|Maushold-Four, L50|58\/100\n|move|p2a: Wo-Chien|Protect|p2a: Wo-Chien\n|-singleturn|p2a: Wo-Chien|Protect\n|move|p1a: Annihilape|Rage Fist|p2b: Glimmora\n|-damage|p2b: Glimmora|49\/100\n|-activate|p2b: Glimmora|ability: Toxic Debris\n|-sidestart|p1: dusty_quello_faigo|move: Toxic Spikes\n|\n|-weather|Sandstorm|[upkeep]\n|-damage|p1b: Maushold|52\/100|[from] Sandstorm\n|-damage|p1a: Annihilape|82\/100|[from] Sandstorm\n|-damage|p2a: Wo-Chien|63\/100|[from] Sandstorm\n|-heal|p1a: Annihilape|88\/100|[from] item: Leftovers\n|-heal|p2a: Wo-Chien|69\/100|[from] item: Leftovers\n|-damage|p1a: Annihilape|75\/100|[from] Leech Seed|[of] p2a: Wo-Chien\n|-heal|p2a: Wo-Chien|83\/100|[silent]\n|upkeep\n|turn|5\n|inactive|WillieDangerously has 30 seconds left.\n|\n|t:|1684094067\n|move|p1b: Maushold|Taunt|p2a: Wo-Chien\n|-start|p2a: Wo-Chien|move: Taunt\n|move|p2b: Glimmora|Mortal Spin|p1a: Annihilape|[spread] p1a,p1b\n|-resisted|p1a: Annihilape\n|-damage|p1a: Annihilape|75\/100\n|-damage|p1b: Maushold|48\/100\n|-status|p1a: Annihilape|psn\n|-status|p1b: Maushold|psn\n|-enditem|p1b: Maushold|Sitrus Berry|[eat]\n|-heal|p1b: Maushold|73\/100 psn|[from] item: Sitrus Berry\n|move|p1a: Annihilape|Drain Punch|p2b: Glimmora\n|-damage|p2b: Glimmora|9\/100\n|-heal|p1a: Annihilape|92\/100 psn|[from] drain|[of] p2b: Glimmora\n|-activate|p2b: Glimmora|ability: Toxic Debris\n|-sidestart|p1: dusty_quello_faigo|move: Toxic Spikes\n|move|p2a: Wo-Chien|Foul Play|p1a: Annihilape\n|-damage|p1a: Annihilape|58\/100 psn\n|\n|-weather|none\n|-heal|p1a: Annihilape|64\/100 psn|[from] item: Leftovers\n|-heal|p2a: Wo-Chien|89\/100|[from] item: Leftovers\n|-damage|p1a: Annihilape|52\/100 psn|[from] Leech Seed|[of] p2a: Wo-Chien\n|-heal|p2a: Wo-Chien|100\/100|[silent]\n|-damage|p1b: Maushold|61\/100 psn|[from] psn\n|-damage|p1a: Annihilape|39\/100 psn|[from] psn\n|upkeep\n|turn|6\n|inactive|dusty_quello_faigo has 30 seconds left.\n|inactive|WillieDangerously has 30 seconds left.\n|inactive|dusty_quello_faigo has 20 seconds left.\n|inactive|WillieDangerously has 20 seconds left.\n|\n|t:|1684094105\n|switch|p2b: Dragapult|Dragapult, L50, F|94\/100\n|-terastallize|p2a: Wo-Chien|Poison\n|move|p1b: Maushold|Beat Up|p2b: Dragapult\n|-supereffective|p2b: Dragapult\n|-damage|p2b: Dragapult|90\/100\n|-supereffective|p2b: Dragapult\n|-damage|p2b: Dragapult|83\/100\n|-supereffective|p2b: Dragapult\n|-damage|p2b: Dragapult|80\/100\n|-hitcount|p2b: Dragapult|3\n|move|p1a: Annihilape|Drain Punch|p2a: Wo-Chien\n|-resisted|p2a: Wo-Chien\n|-damage|p2a: Wo-Chien|85\/100\n|-heal|p1a: Annihilape|47\/100 psn|[from] drain|[of] p2a: Wo-Chien\n|move|p2a: Wo-Chien|Foul Play|p1a: Annihilape\n|-damage|p1a: Annihilape|12\/100 psn\n|\n|-heal|p1a: Annihilape|18\/100 psn|[from] item: Leftovers\n|-heal|p2a: Wo-Chien|91\/100|[from] item: Leftovers\n|-damage|p1a: Annihilape|6\/100 psn|[from] Leech Seed|[of] p2a: Wo-Chien\n|-heal|p2a: Wo-Chien|100\/100|[silent]\n|-damage|p1b: Maushold|49\/100 psn|[from] psn\n|-damage|p1a: Annihilape|0 fnt|[from] psn\n|faint|p1a: Annihilape\n|upkeep\n|inactive|dusty_quello_faigo has 30 seconds left.\n|\n|t:|1684094133\n|switch|p1a: Ting-Lu|Ting-Lu, L50|100\/100\n|-status|p1a: Ting-Lu|tox\n|-ability|p1a: Ting-Lu|Vessel of Ruin\n|turn|7\n|\n|t:|1684094157\n|switch|p2b: Glimmora|Glimmora, L50, M|9\/100\n|move|p1b: Maushold|Super Fang|p2a: Wo-Chien\n|-damage|p2a: Wo-Chien|50\/100\n|move|p2a: Wo-Chien|Pollen Puff|p2b: Glimmora\n|-heal|p2b: Glimmora|59\/100\n|move|p1a: Ting-Lu|Fissure|p2b: Glimmora|[miss]\n|-miss|p1a: Ting-Lu|p2b: Glimmora\n|\n|-heal|p2a: Wo-Chien|57\/100|[from] item: Leftovers\n|-damage|p1b: Maushold|36\/100 psn|[from] psn\n|-damage|p1a: Ting-Lu|95\/100 tox|[from] psn\n|-end|p2a: Wo-Chien|move: Taunt\n|upkeep\n|turn|8\n|inactive|WillieDangerously has 30 seconds left.\n|\n|t:|1684094185\n|switch|p2b: Dragapult|Dragapult, L50, F|80\/100\n|move|p2a: Wo-Chien|Protect|p2a: Wo-Chien\n|-singleturn|p2a: Wo-Chien|Protect\n|move|p1b: Maushold|Super Fang|p2a: Wo-Chien\n|-activate|p2a: Wo-Chien|move: Protect\n|move|p1a: Ting-Lu|Stomping Tantrum|p2b: Dragapult\n|-damage|p2b: Dragapult|8\/100\n|\n|-heal|p2a: Wo-Chien|63\/100|[from] item: Leftovers\n|-damage|p1b: Maushold|24\/100 psn|[from] psn\n|-damage|p1a: Ting-Lu|83\/100 tox|[from] psn\n|upkeep\n|turn|9\n|\n|t:|1684094205\n|move|p2b: Dragapult|Disable|p1a: Ting-Lu\n|-start|p1a: Ting-Lu|Disable|Stomping Tantrum\n|move|p1b: Maushold|Super Fang|p2a: Wo-Chien|[miss]\n|-miss|p1b: Maushold|p2a: Wo-Chien\n|move|p2a: Wo-Chien|Foul Play|p1b: Maushold\n|-damage|p1b: Maushold|1\/100 psn\n|cant|p1a: Ting-Lu|Disable|Stomping Tantrum\n|\n|-heal|p2a: Wo-Chien|69\/100|[from] item: Leftovers\n|-damage|p1b: Maushold|0 fnt|[from] psn\n|faint|p1b: Maushold\n|-damage|p1a: Ting-Lu|65\/100 tox|[from] psn\n|upkeep\n|\n|t:|1684094217\n|switch|p1b: Flutter Mane|Flutter Mane, L50|52\/100\n|-status|p1b: Flutter Mane|tox\n|turn|10\n|\n|t:|1684094232\n|move|p2b: Dragapult|Protect|p2b: Dragapult\n|-singleturn|p2b: Dragapult|Protect\n|move|p1b: Flutter Mane|Shadow Ball|p2a: Wo-Chien\n|-damage|p2a: Wo-Chien|40\/100\n|-damage|p1b: Flutter Mane|42\/100 tox|[from] item: Life Orb\n|move|p2a: Wo-Chien|Leech Seed|p1a: Ting-Lu\n|-start|p1a: Ting-Lu|move: Leech Seed\n|move|p1a: Ting-Lu|Heavy Slam|p2b: Dragapult\n|-activate|p2b: Dragapult|move: Protect\n|\n|-heal|p2a: Wo-Chien|46\/100|[from] item: Leftovers\n|-damage|p1a: Ting-Lu|52\/100 tox|[from] Leech Seed|[of] p2a: Wo-Chien\n|-heal|p2a: Wo-Chien|62\/100|[silent]\n|-damage|p1b: Flutter Mane|36\/100 tox|[from] psn\n|-damage|p1a: Ting-Lu|28\/100 tox|[from] psn\n|upkeep\n|turn|11\n|inactive|WillieDangerously has 30 seconds left.\n|inactive|WillieDangerously has 20 seconds left.\n|inactive|WillieDangerously has 15 seconds left.\n|\n|t:|1684094273\n|switch|p2b: Glimmora|Glimmora, L50, M|59\/100\n|-terastallize|p1b: Flutter Mane|Fire\n|move|p1b: Flutter Mane|Mystical Fire|p2a: Wo-Chien\n|-damage|p2a: Wo-Chien|37\/100\n|-unboost|p2a: Wo-Chien|spa|1\n|-damage|p1b: Flutter Mane|26\/100 tox|[from] item: Life Orb\n|move|p2a: Wo-Chien|Foul Play|p1b: Flutter Mane\n|-crit|p1b: Flutter Mane\n|-damage|p1b: Flutter Mane|0 fnt\n|faint|p1b: Flutter Mane\n|-end|p1b: Flutter Mane|Protosynthesis|[silent]\n|move|p1a: Ting-Lu|Heavy Slam|p2b: Glimmora\n|-supereffective|p2b: Glimmora\n|-damage|p2b: Glimmora|8\/100\n|\n|-heal|p2a: Wo-Chien|44\/100|[from] item: Leftovers\n|-damage|p1a: Ting-Lu|16\/100 tox|[from] Leech Seed|[of] p2a: Wo-Chien\n|-heal|p2a: Wo-Chien|60\/100|[silent]\n|-damage|p1a: Ting-Lu|0 fnt|[from] psn\n|faint|p1a: Ting-Lu\n|\n|win|WillieDangerously\n|upkeep\n|raw|dusty_quello_faigo's rating: 1143 → 1120<\/strong> (-23 for losing)\n|raw|WillieDangerously's rating: 1176 → 1199<\/strong> (+23 for winning)\n|l|\u2606dusty_quello_faigo\n","uploadtime":1684094298,"views":2,"p1id":"dustyquellofaigo","p2id":"williedangerously","formatid":"gen9vgc2023regulationc","rating":1120,"private":0,"password":""}