{"id":"gen9vgc2023regulationc-1845004266","p1":"MarioOnPS4","p2":"barabbabietola","format":"[Gen 9] VGC 2023 Regulation C","log":"|j|\u2606MarioOnPS4\n|j|\u2606barabbabietola\n|t:|1681673072\n|gametype|doubles\n|player|p1|MarioOnPS4|cyrus|1322\n|player|p2|barabbabietola|101|1227\n|teamsize|p1|6\n|teamsize|p2|6\n|gen|9\n|tier|[Gen 9] VGC 2023 Regulation C\n|rated|\n|rule|Species Clause: Limit one of each Pok\u00e9mon\n|rule|Item Clause: Limit one of each item\n|clearpoke\n|poke|p1|Orthworm, L50, M|\n|poke|p1|Iron Hands, L50|\n|poke|p1|Ting-Lu, L50|\n|poke|p1|Palafin, L50, F|\n|poke|p1|Arcanine, L50, F|\n|poke|p1|Amoonguss, L50, M|\n|poke|p2|Iron Bundle, L50|\n|poke|p2|Chi-Yu, L50|\n|poke|p2|Great Tusk, L50|\n|poke|p2|Scizor, L50, M|\n|poke|p2|Flutter Mane, L50|\n|poke|p2|Palafin, L50, M|\n|teampreview|4\n|inactive|Battle timer is ON: inactive players will automatically lose when time's up. (requested by MarioOnPS4)\n|inactive|MarioOnPS4 has 60 seconds left.\n|inactive|barabbabietola has 60 seconds left.\n|\n|t:|1681673120\n|start\n|switch|p1a: Palafin|Palafin, L50, F|100\/100\n|switch|p1b: Arcanine|Arcanine, L50, F|100\/100\n|switch|p2a: Palafin|Palafin, L50, M|100\/100\n|switch|p2b: Fluttolo|Flutter Mane, L50|100\/100\n|-ability|p1b: Arcanine|Intimidate|boost\n|-unboost|p2a: Palafin|atk|1\n|-unboost|p2b: Fluttolo|atk|1\n|turn|1\n|inactive|MarioOnPS4 has 30 seconds left.\n|inactive|barabbabietola has 30 seconds left.\n|inactive|barabbabietola has 20 seconds left.\n|\n|t:|1681673155\n|detailschange|p2a: Palafin|Palafin-Hero, L50, M\n|switch|p2a: GOAT Musk|Great Tusk, L50|100\/100\n|detailschange|p1a: Palafin|Palafin-Hero, L50, F\n|switch|p1a: Amoonguss|Amoonguss, L50, M|100\/100\n|move|p2b: Fluttolo|Power Gem|p1b: Arcanine\n|-supereffective|p1b: Arcanine\n|-damage|p1b: Arcanine|43\/100\n|move|p1b: Arcanine|Will-O-Wisp|p2a: GOAT Musk\n|-status|p2a: GOAT Musk|brn\n|\n|-damage|p2a: GOAT Musk|94\/100 brn|[from] brn\n|upkeep\n|turn|2\n|inactive|MarioOnPS4 has 30 seconds left.\n|inactive|barabbabietola has 30 seconds left.\n|inactive|MarioOnPS4 has 20 seconds left.\n|inactive|MarioOnPS4 has 15 seconds left.\n|inactive|MarioOnPS4 has 10 seconds left.\n|\n|t:|1681673203\n|-end|p2a: GOAT Musk|Protosynthesis|[silent]\n|switch|p2a: Chica-Mala|Chi-Yu, L50|100\/100\n|-ability|p2a: Chica-Mala|Beads of Ruin\n|move|p1a: Amoonguss|Rage Powder|p1a: Amoonguss\n|-singleturn|p1a: Amoonguss|move: Rage Powder\n|move|p2b: Fluttolo|Power Gem|p1a: Amoonguss\n|-damage|p1a: Amoonguss|68\/100\n|move|p1b: Arcanine|Flare Blitz|p2b: Fluttolo\n|-enditem|p2b: Fluttolo|Focus Sash\n|-damage|p2b: Fluttolo|1\/100\n|-damage|p1b: Arcanine|21\/100|[from] Recoil\n|\n|upkeep\n|turn|3\n|inactive|MarioOnPS4 has 30 seconds left.\n|inactive|barabbabietola has 30 seconds left.\n|inactive|MarioOnPS4 has 20 seconds left.\n|inactive|MarioOnPS4 has 15 seconds left.\n|inactive|MarioOnPS4 has 10 seconds left.\n|inactive|MarioOnPS4 has 5 seconds left.\n|\n|t:|1681673256\n|move|p1a: Amoonguss|Protect|p1a: Amoonguss\n|-singleturn|p1a: Amoonguss|Protect\n|move|p2b: Fluttolo|Shadow Ball|p1a: Amoonguss\n|-activate|p1a: Amoonguss|move: Protect\n|move|p2a: Chica-Mala|Dark Pulse|p1b: Arcanine\n|-damage|p1b: Arcanine|0 fnt\n|faint|p1b: Arcanine\n|\n|upkeep\n|inactive|MarioOnPS4 has 30 seconds left.\n|\n|t:|1681673288\n|switch|p1b: Palafin|Palafin-Hero, L50, F|100\/100\n|-activate|p1b: Palafin|ability: Zero to Hero\n|turn|4\n|\n|t:|1681673303\n|switch|p2a: Palafin|Palafin-Hero, L50, M|100\/100\n|-activate|p2a: Palafin|ability: Zero to Hero\n|switch|p1a: Ting-Lu|Ting-Lu, L50|100\/100\n|-ability|p1a: Ting-Lu|Vessel of Ruin\n|move|p2b: Fluttolo|Protect|p2b: Fluttolo\n|-singleturn|p2b: Fluttolo|Protect\n|move|p1b: Palafin|Jet Punch|p2a: Palafin\n|-resisted|p2a: Palafin\n|-damage|p2a: Palafin|76\/100\n|\n|upkeep\n|turn|5\n|inactive|MarioOnPS4 has 30 seconds left.\n|inactive|barabbabietola has 30 seconds left.\n|\n|t:|1681673337\n|switch|p1a: Amoonguss|Amoonguss, L50, M|100\/100\n|-terastallize|p2a: Palafin|Water\n|move|p2a: Palafin|Jet Punch|p1a: Amoonguss\n|-resisted|p1a: Amoonguss\n|-damage|p1a: Amoonguss|81\/100\n|move|p1b: Palafin|Jet Punch|p2b: Fluttolo\n|-damage|p2b: Fluttolo|0 fnt\n|faint|p2b: Fluttolo\n|-end|p2b: Fluttolo|Protosynthesis|[silent]\n|\n|upkeep\n|\n|t:|1681673350\n|switch|p2b: GOAT Musk|Great Tusk, L50|94\/100 brn\n|turn|6\n|inactive|MarioOnPS4 has 30 seconds left.\n|inactive|MarioOnPS4 has 20 seconds left.\n|inactive|MarioOnPS4 has 15 seconds left.\n|inactive|MarioOnPS4 has 10 seconds left.\n|\n|t:|1681673395\n|move|p2a: Palafin|Drain Punch|p1b: Palafin\n|-damage|p1b: Palafin|73\/100\n|-heal|p2a: Palafin|93\/100|[from] drain|[of] p1b: Palafin\n|move|p1b: Palafin|Wave Crash|p2b: GOAT Musk\n|-supereffective|p2b: GOAT Musk\n|-damage|p2b: GOAT Musk|0 fnt\n|faint|p2b: GOAT Musk\n|-end|p2b: GOAT Musk|Protosynthesis|[silent]\n|-damage|p1b: Palafin|43\/100|[from] Recoil\n|move|p1a: Amoonguss|Spore|p2a: Palafin\n|-status|p2a: Palafin|slp|[from] move: Spore\n|\n|upkeep\n|\n|t:|1681673403\n|switch|p2b: Chica-Mala|Chi-Yu, L50|100\/100\n|-ability|p2b: Chica-Mala|Beads of Ruin\n|turn|7\n|\n|t:|1681673416\n|move|p1b: Palafin|Jet Punch|p2b: Chica-Mala\n|-supereffective|p2b: Chica-Mala\n|-crit|p2b: Chica-Mala\n|-damage|p2b: Chica-Mala|0 fnt\n|faint|p2b: Chica-Mala\n|cant|p2a: Palafin|slp\n|move|p1a: Amoonguss|Pollen Puff|p1b: Palafin\n|-heal|p1b: Palafin|93\/100\n|\n|upkeep\n|turn|8\n|\n|t:|1681673437\n|-terastallize|p1b: Palafin|Water\n|cant|p2a: Palafin|slp\n|move|p1b: Palafin|Wave Crash|p2a: Palafin\n|-resisted|p2a: Palafin\n|-damage|p2a: Palafin|27\/100 slp\n|-damage|p1b: Palafin|75\/100|[from] Recoil\n|move|p1a: Amoonguss|Spore|p2a: Palafin\n|-fail|p2a: Palafin|slp\n|\n|upkeep\n|turn|9\n|-message|barabbabietola forfeited.\n|\n|win|MarioOnPS4\n|raw|MarioOnPS4's rating: 1322 → 1337<\/strong> (+15 for winning)\n|raw|barabbabietola's rating: 1227 → 1209<\/strong> (-18 for losing)\n|l|\u2606barabbabietola\n|l|\u2606MarioOnPS4\n|j|\u2606MarioOnPS4\n|player|p1|MarioOnPS4|cyrus\n","uploadtime":1681673466,"views":9,"p1id":"marioonps4","p2id":"barabbabietola","formatid":"gen9vgc2023regulationc","rating":1209,"private":0,"password":""}