{"id":"gen9vgc2023regulationc-1855568153","p1":"thrillcorner","p2":"qunqun24","format":"[Gen 9] VGC 2023 Regulation C","log":"|j|\u2606thrillcorner\n|j|\u2606qunqun24\n|t:|1682962746\n|gametype|doubles\n|player|p1|thrillcorner|red-masters2|1339\n|player|p2|qunqun24|2|1450\n|teamsize|p1|6\n|teamsize|p2|6\n|gen|9\n|tier|[Gen 9] VGC 2023 Regulation C\n|rated|\n|rule|Species Clause: Limit one of each Pok\u00e9mon\n|rule|Item Clause: Limit one of each item\n|clearpoke\n|poke|p1|Arcanine, L50, M|\n|poke|p1|Amoonguss, L50, F|\n|poke|p1|Kingambit, L50, M|\n|poke|p1|Flutter Mane, L50|\n|poke|p1|Ting-Lu, L50|\n|poke|p1|Palafin, L50, F|\n|poke|p2|Annihilape, L50, M|\n|poke|p2|Maushold-Four, L50|\n|poke|p2|Gholdengo, L50|\n|poke|p2|Gyarados, L50, F|\n|poke|p2|Scream Tail, L50|\n|poke|p2|Ting-Lu, L50|\n|teampreview|4\n|inactive|Battle timer is ON: inactive players will automatically lose when time's up. (requested by qunqun24)\n|\n|t:|1682962775\n|start\n|switch|p1a: Willow|Flutter Mane, L50|100\/100\n|switch|p1b: Blueshido|Kingambit, L50, M, shiny|100\/100\n|switch|p2a: Ting-Lu|Ting-Lu, L50|100\/100\n|switch|p2b: Scream Tail|Scream Tail, L50|100\/100\n|-ability|p2a: Ting-Lu|Vessel of Ruin\n|-enditem|p1a: Willow|Booster Energy\n|-activate|p1a: Willow|ability: Protosynthesis|[fromitem]\n|-start|p1a: Willow|protosynthesisspa\n|-enditem|p2b: Scream Tail|Booster Energy\n|-activate|p2b: Scream Tail|ability: Protosynthesis|[fromitem]\n|-start|p2b: Scream Tail|protosynthesisspe\n|turn|1\n|inactive|thrillcorner has 30 seconds left.\n|\n|t:|1682962801\n|-terastallize|p1b: Blueshido|Dark\n|move|p2b: Scream Tail|Reflect|p2b: Scream Tail\n|-sidestart|p2: qunqun24|Reflect\n|move|p1a: Willow|Shadow Ball|p2b: Scream Tail\n|-supereffective|p2b: Scream Tail\n|-damage|p2b: Scream Tail|48\/100\n|-unboost|p2b: Scream Tail|spd|1\n|move|p1b: Blueshido|Swords Dance|p1b: Blueshido\n|-boost|p1b: Blueshido|atk|2\n|move|p2a: Ting-Lu|Heavy Slam|p1a: Willow\n|-supereffective|p1a: Willow\n|-damage|p1a: Willow|0 fnt\n|faint|p1a: Willow\n|-end|p1a: Willow|Protosynthesis|[silent]\n|\n|upkeep\n|\n|t:|1682962814\n|switch|p1a: Pal-El|Palafin, L50, F|100\/100\n|turn|2\n|inactive|qunqun24 has 30 seconds left.\n|\n|t:|1682962843\n|-end|p2b: Scream Tail|Protosynthesis|[silent]\n|switch|p2b: Annihilape|Annihilape, L50, M|100\/100\n|detailschange|p1a: Pal-El|Palafin-Hero, L50, F\n|switch|p1a: Spordyceps|Amoonguss, L50, F|100\/100\n|move|p1b: Blueshido|Protect|p1b: Blueshido\n|-singleturn|p1b: Blueshido|Protect\n|move|p2a: Ting-Lu|Fissure|p1b: Blueshido\n|-activate|p1b: Blueshido|move: Protect\n|\n|upkeep\n|turn|3\n|inactive|thrillcorner has 30 seconds left.\n|\n|t:|1682962871\n|move|p2b: Annihilape|Protect|p2b: Annihilape\n|-singleturn|p2b: Annihilape|Protect\n|move|p1b: Blueshido|Swords Dance|p1b: Blueshido\n|-boost|p1b: Blueshido|atk|2\n|move|p1a: Spordyceps|Spore|p2a: Ting-Lu\n|-status|p2a: Ting-Lu|slp|[from] move: Spore\n|cant|p2a: Ting-Lu|slp\n|\n|upkeep\n|turn|4\n|\n|t:|1682962891\n|switch|p2a: Maushold|Maushold-Four, L50|100\/100\n|move|p2b: Annihilape|Bulk Up|p2b: Annihilape\n|-boost|p2b: Annihilape|atk|1\n|-boost|p2b: Annihilape|def|1\n|move|p1b: Blueshido|Kowtow Cleave|p2b: Annihilape\n|-damage|p2b: Annihilape|27\/100\n|move|p1a: Spordyceps|Pollen Puff|p1b: Blueshido\n|-immune|p1b: Blueshido\n|\n|-heal|p2b: Annihilape|34\/100|[from] item: Leftovers\n|upkeep\n|turn|5\n|\n|t:|1682962913\n|move|p2a: Maushold|Follow Me|p2a: Maushold\n|-singleturn|p2a: Maushold|move: Follow Me\n|move|p2b: Annihilape|Drain Punch|p1b: Blueshido\n|-supereffective|p1b: Blueshido\n|-damage|p1b: Blueshido|33\/100\n|-heal|p2b: Annihilape|67\/100|[from] drain|[of] p1b: Blueshido\n|move|p1b: Blueshido|Kowtow Cleave|p2a: Maushold\n|-damage|p2a: Maushold|0 fnt\n|faint|p2a: Maushold\n|move|p1a: Spordyceps|Spore|p2b: Annihilape\n|-status|p2b: Annihilape|slp|[from] move: Spore\n|\n|-heal|p2b: Annihilape|73\/100 slp|[from] item: Leftovers\n|-sideend|p2: qunqun24|Reflect\n|upkeep\n|-message|qunqun24 forfeited.\n|\n|win|thrillcorner\n|raw|thrillcorner's rating: 1339 → 1365<\/strong> (+26 for winning)\n|raw|qunqun24's rating: 1450 → 1424<\/strong> (-26 for losing)\n|l|\u2606qunqun24\n|c|\u2606thrillcorner|gg\n","uploadtime":1682962940,"views":54,"p1id":"thrillcorner","p2id":"qunqun24","formatid":"gen9vgc2023regulationc","rating":1365,"private":0,"password":""}