{"id":"gen9vgc2023regulationc-1845048340","p1":"SilverMKW","p2":"manuelkurry","format":"[Gen 9] VGC 2023 Regulation C","log":"|j|\u2606SilverMKW\n|j|\u2606manuelkurry\n|t:|1681677724\n|gametype|doubles\n|player|p1|SilverMKW|bellelba|1092\n|player|p2|manuelkurry|101|1000\n|teamsize|p1|6\n|teamsize|p2|6\n|gen|9\n|tier|[Gen 9] VGC 2023 Regulation C\n|rated|\n|rule|Species Clause: Limit one of each Pok\u00e9mon\n|rule|Item Clause: Limit one of each item\n|clearpoke\n|poke|p1|Flutter Mane, L50|\n|poke|p1|Lycanroc, L50, M|\n|poke|p1|Tyranitar, L50, M|\n|poke|p1|Indeedee-F, L50, F|\n|poke|p1|Iron Bundle, L50|\n|poke|p1|Chi-Yu, L50|\n|poke|p2|Amoonguss, L50, M|\n|poke|p2|Chien-Pao, L50|\n|poke|p2|Palafin, L50, F|\n|poke|p2|Roaring Moon, L50|\n|poke|p2|Armarouge, L50, M|\n|poke|p2|Ting-Lu, L50|\n|teampreview|4\nSilverMKW has agreed to open team sheets.\n|inactive|Battle timer is ON: inactive players will automatically lose when time's up. (requested by manuelkurry)\n|\n|t:|1681677798\n|start\n|switch|p1a: Tyranitar|Tyranitar, L50, M, shiny|100\/100\n|switch|p1b: Lycanroc|Lycanroc, L50, M, shiny|100\/100\n|switch|p2a: Amoonguss|Amoonguss, L50, M, shiny|100\/100\n|switch|p2b: Palafin|Palafin, L50, F, shiny|100\/100\n|-weather|Sandstorm|[from] ability: Sand Stream|[of] p1a: Tyranitar\n|turn|1\n|inactive|SilverMKW has 30 seconds left.\n|\n|t:|1681677825\n|switch|p1b: Indeedee|Indeedee-F, L50, F|100\/100\n|-fieldstart|move: Psychic Terrain|[from] ability: Psychic Surge|[of] p1b: Indeedee\n|move|p2a: Amoonguss|Rage Powder|p2a: Amoonguss\n|-singleturn|p2a: Amoonguss|move: Rage Powder\n|move|p2b: Palafin|Wave Crash|p1b: Indeedee\n|-damage|p1b: Indeedee|50\/100\n|-damage|p2b: Palafin|83\/100|[from] Recoil\n|move|p1a: Tyranitar|Rock Slide|p2a: Amoonguss|[spread] p2b\n|-miss|p1a: Tyranitar|p2a: Amoonguss\n|-damage|p2b: Palafin|42\/100\n|\n|-weather|Sandstorm|[upkeep]\n|-damage|p2b: Palafin|36\/100|[from] Sandstorm\n|-damage|p2a: Amoonguss|95\/100|[from] Sandstorm\n|upkeep\n|turn|2\n|\n|t:|1681677848\n|move|p2b: Palafin|Protect|p2b: Palafin\n|-singleturn|p2b: Palafin|Protect\n|move|p1b: Indeedee|Psychic|p2a: Amoonguss\n|-supereffective|p2a: Amoonguss\n|-damage|p2a: Amoonguss|45\/100\n|-enditem|p2a: Amoonguss|Sitrus Berry|[eat]\n|-heal|p2a: Amoonguss|70\/100|[from] item: Sitrus Berry\n|move|p1a: Tyranitar|Rock Slide|p2b: Palafin|[spread] p2a\n|-activate|p2b: Palafin|move: Protect\n|-damage|p2a: Amoonguss|35\/100\n|move|p2a: Amoonguss|Pollen Puff|p2b: Palafin\n|-activate|p2b: Palafin|move: Protect\n|\n|-weather|Sandstorm|[upkeep]\n|-damage|p2b: Palafin|30\/100|[from] Sandstorm\n|-damage|p2a: Amoonguss|29\/100|[from] Sandstorm\n|upkeep\n|turn|3\n|c|\u2606manuelkurry|JAJAJAJAJJ\n|inactive|SilverMKW has 30 seconds left.\n|inactive|manuelkurry has 30 seconds left.\n|\n|t:|1681677882\n|detailschange|p2b: Palafin|Palafin-Hero, L50, F, shiny\n|switch|p2b: Chien-Pao|Chien-Pao, L50|100\/100\n|-ability|p2b: Chien-Pao|Sword of Ruin\n|move|p2a: Amoonguss|Protect|p2a: Amoonguss\n|-singleturn|p2a: Amoonguss|Protect\n|move|p1b: Indeedee|Psychic|p2a: Amoonguss\n|-activate|p2a: Amoonguss|move: Protect\n|move|p1a: Tyranitar|Rock Slide|p2a: Amoonguss|[spread] p2b\n|-activate|p2a: Amoonguss|move: Protect\n|-supereffective|p2b: Chien-Pao\n|-damage|p2b: Chien-Pao|14\/100\n|\n|-weather|Sandstorm|[upkeep]\n|-damage|p2b: Chien-Pao|8\/100|[from] Sandstorm\n|-damage|p2a: Amoonguss|23\/100|[from] Sandstorm\n|upkeep\n|turn|4\n|inactive|SilverMKW has 30 seconds left.\n|inactive|manuelkurry has 30 seconds left.\n|\n|t:|1681677916\n|move|p1b: Indeedee|Follow Me|p1b: Indeedee\n|-singleturn|p1b: Indeedee|move: Follow Me\n|move|p2a: Amoonguss|Rage Powder|p2a: Amoonguss\n|-singleturn|p2a: Amoonguss|move: Rage Powder\n|move|p2b: Chien-Pao|Sacred Sword|p1b: Indeedee\n|-damage|p1b: Indeedee|12\/100\n|move|p1a: Tyranitar|Rock Slide|p2a: Amoonguss|[spread] p2a,p2b\n|-supereffective|p2b: Chien-Pao\n|-damage|p2a: Amoonguss|0 fnt\n|-damage|p2b: Chien-Pao|0 fnt\n|faint|p2a: Amoonguss\n|faint|p2b: Chien-Pao\n|\n|-weather|Sandstorm|[upkeep]\n|upkeep\n|\n|t:|1681677925\n|switch|p2b: Ting-Lu|Ting-Lu, L50|100\/100\n|switch|p2a: Palafin|Palafin-Hero, L50, F, shiny|30\/100\n|-activate|p2a: Palafin|ability: Zero to Hero\n|-ability|p2b: Ting-Lu|Vessel of Ruin\n|turn|5\n|\n|t:|1681677945\n|move|p1b: Indeedee|Follow Me|p1b: Indeedee\n|-singleturn|p1b: Indeedee|move: Follow Me\n|move|p2a: Palafin|Wave Crash|p1b: Indeedee\n|-damage|p1b: Indeedee|0 fnt\n|faint|p1b: Indeedee\n|-damage|p2a: Palafin|26\/100|[from] Recoil\n|move|p1a: Tyranitar|Low Kick|p2b: Ting-Lu\n|-supereffective|p2b: Ting-Lu\n|-damage|p2b: Ting-Lu|46\/100\n|move|p2b: Ting-Lu|Stomping Tantrum|p1a: Tyranitar\n|-supereffective|p1a: Tyranitar\n|-damage|p1a: Tyranitar|40\/100\n|\n|-weather|none\n|-fieldend|move: Psychic Terrain\n|upkeep\n|\n|t:|1681677961\n|switch|p1b: Lycanroc|Lycanroc, L50, M, shiny|100\/100\n|turn|6\n|\n|t:|1681677977\n|move|p2a: Palafin|Wave Crash|p1b: Lycanroc\n|-supereffective|p1b: Lycanroc\n|-enditem|p1b: Lycanroc|Focus Sash\n|-damage|p1b: Lycanroc|1\/100\n|-damage|p2a: Palafin|0 fnt|[from] Recoil\n|faint|p2a: Palafin\n|move|p1b: Lycanroc|Rock Slide|p2b: Ting-Lu\n|-resisted|p2b: Ting-Lu\n|-damage|p2b: Ting-Lu|33\/100\n|move|p1a: Tyranitar|Low Kick|p2b: Ting-Lu\n|-supereffective|p2b: Ting-Lu\n|-damage|p2b: Ting-Lu|0 fnt\n|faint|p2b: Ting-Lu\n|\n|win|SilverMKW\n|raw|SilverMKW's rating: 1092 → 1111<\/strong> (+19 for winning)\n|raw|manuelkurry's rating: 1000 → 1000<\/strong> (+0 for losing)\n|l|\u2606manuelkurry\n","uploadtime":1681677993,"views":11,"p1id":"silvermkw","p2id":"manuelkurry","formatid":"gen9vgc2023regulationc","rating":1000,"private":0,"password":""}