{"id":"gen9vgc2023regulationc-1860710615","p1":"R2vgc","p2":"AllTheBilgamesh","format":"[Gen 9] VGC 2023 Regulation C","log":"|j|\u2606R2vgc\n|j|\u2606AllTheBilgamesh\n|t:|1683668788\n|gametype|doubles\n|player|p1|R2vgc|1|1377\n|player|p2|AllTheBilgamesh|n|1384\n|teamsize|p1|6\n|teamsize|p2|6\n|gen|9\n|tier|[Gen 9] VGC 2023 Regulation C\n|rated|\n|rule|Species Clause: Limit one of each Pok\u00e9mon\n|rule|Item Clause: Limit one of each item\n|clearpoke\n|poke|p1|Bronzong, L50|\n|poke|p1|Ting-Lu, L50|\n|poke|p1|Dragonite, L50, F|\n|poke|p1|Amoonguss, L50, F|\n|poke|p1|Arcanine, L50, F|\n|poke|p1|Iron Bundle, L50|\n|poke|p2|Hydreigon, L50, M|\n|poke|p2|Chi-Yu, L50|\n|poke|p2|Flutter Mane, L50|\n|poke|p2|Kingambit, L50, M|\n|poke|p2|Great Tusk, L50|\n|poke|p2|Torkoal, L50, F|\n|teampreview|4\n|\n|t:|1683668828\n|start\n|switch|p1a: Bronzong|Bronzong, L50|100\/100\n|switch|p1b: Ting-Lu|Ting-Lu, L50|100\/100\n|switch|p2a: Kerbecs|Hydreigon, L50, M, shiny|100\/100\n|switch|p2b: Voldemort|Flutter Mane, L50|100\/100\n|-ability|p1b: Ting-Lu|Vessel of Ruin\n|turn|1\n|\n|t:|1683668860\n|-terastallize|p2b: Voldemort|Fairy\n|move|p2b: Voldemort|Moonblast|p1b: Ting-Lu\n|-supereffective|p1b: Ting-Lu\n|-damage|p1b: Ting-Lu|21\/100\n|-unboost|p1b: Ting-Lu|spa|1\n|move|p2a: Kerbecs|Heat Wave|p1b: Ting-Lu|[spread] p1a,p1b\n|-supereffective|p1a: Bronzong\n|-damage|p1a: Bronzong|69\/100\n|-damage|p1b: Ting-Lu|10\/100\n|move|p1b: Ting-Lu|Heavy Slam|p2b: Voldemort\n|-supereffective|p2b: Voldemort\n|-damage|p2b: Voldemort|0 fnt\n|faint|p2b: Voldemort\n|-end|p2b: Voldemort|Protosynthesis|[silent]\n|move|p1a: Bronzong|Trick Room|p1a: Bronzong\n|-fieldstart|move: Trick Room|[of] p1a: Bronzong\n|\n|upkeep\n|\n|t:|1683668878\n|switch|p2b: Isshin|Kingambit, L50, M, shiny|100\/100\n|turn|2\n|\n|t:|1683668889\n|move|p2b: Isshin|Sucker Punch|p1b: Ting-Lu\n|-resisted|p1b: Ting-Lu\n|-damage|p1b: Ting-Lu|0 fnt\n|faint|p1b: Ting-Lu\n|move|p1a: Bronzong|Iron Defense|p1a: Bronzong\n|-boost|p1a: Bronzong|def|2\n|move|p2a: Kerbecs|Dark Pulse|p1a: Bronzong\n|-supereffective|p1a: Bronzong\n|-damage|p1a: Bronzong|0 fnt\n|faint|p1a: Bronzong\n|\n|upkeep\n|\n|t:|1683668901\n|switch|p1a: Amoonguss|Amoonguss, L50, F|100\/100\n|switch|p1b: Dragonite|Dragonite, L50, F|100\/100\n|turn|3\n|\n|t:|1683668921\n|-terastallize|p1b: Dragonite|Flying\n|move|p1a: Amoonguss|Spore|p2b: Isshin\n|-status|p2b: Isshin|slp|[from] move: Spore\n|cant|p2b: Isshin|slp\n|move|p1b: Dragonite|Tera Blast|p2a: Kerbecs\n|-damage|p2a: Kerbecs|0 fnt\n|faint|p2a: Kerbecs\n|\n|upkeep\n|\n|t:|1683668933\n|switch|p2a: The Koal|Torkoal, L50, F|100\/100\n|-weather|SunnyDay|[from] ability: Drought|[of] p2a: The Koal\n|turn|4\n|\n|t:|1683668945\n|move|p2a: The Koal|Protect|p2a: The Koal\n|-singleturn|p2a: The Koal|Protect\n|move|p1a: Amoonguss|Spore|p2a: The Koal\n|-activate|p2a: The Koal|move: Protect\n|cant|p2b: Isshin|slp\n|move|p1b: Dragonite|Tera Blast|p2a: The Koal\n|-activate|p2a: The Koal|move: Protect\n|\n|-weather|SunnyDay|[upkeep]\n|upkeep\n|turn|5\n|\n|t:|1683668965\n|move|p2a: The Koal|Overheat|p1a: Amoonguss\n|-supereffective|p1a: Amoonguss\n|-damage|p1a: Amoonguss|0 fnt\n|-unboost|p2a: The Koal|spa|2\n|faint|p1a: Amoonguss\n|-curestatus|p2b: Isshin|slp|[msg]\n|move|p2b: Isshin|Kowtow Cleave|p1b: Dragonite\n|-damage|p1b: Dragonite|78\/100\n|move|p1b: Dragonite|Tera Blast|p2b: Isshin\n|-resisted|p2b: Isshin\n|-damage|p2b: Isshin|69\/100\n|\n|-weather|SunnyDay|[upkeep]\n|-fieldend|move: Trick Room\n|upkeep\n|turn|6\n|\n|t:|1683668984\n|move|p2a: The Koal|Helping Hand|p2b: Isshin\n|-singleturn|p2b: Isshin|Helping Hand|[of] p2a: The Koal\n|move|p1b: Dragonite|Tera Blast|p2a: The Koal\n|-damage|p2a: The Koal|25\/100\n|move|p2b: Isshin|Kowtow Cleave|p1b: Dragonite\n|-damage|p1b: Dragonite|18\/100\n|\n|-weather|SunnyDay|[upkeep]\n|upkeep\n|turn|7\n|\n|t:|1683668998\n|move|p2a: The Koal|Helping Hand|p2b: Isshin\n|-singleturn|p2b: Isshin|Helping Hand|[of] p2a: The Koal\n|move|p2b: Isshin|Sucker Punch|p1b: Dragonite\n|-damage|p1b: Dragonite|0 fnt\n|faint|p1b: Dragonite\n|\n|win|AllTheBilgamesh\n|raw|R2vgc's rating: 1377 → 1357<\/strong> (-20 for losing)\n|raw|AllTheBilgamesh's rating: 1384 → 1404<\/strong> (+20 for winning)\n|l|\u2606R2vgc\n","uploadtime":1683669010,"views":18,"p1id":"r2vgc","p2id":"allthebilgamesh","formatid":"gen9vgc2023regulationc","rating":1357,"private":0,"password":""}