{"id":"gen9vgc2023regulationc-1863955928","p1":"bigj009","p2":"Scottishtown","format":"[Gen 9] VGC 2023 Regulation C","log":"|j|\u2606bigj009\n|j|\u2606Scottishtown\n|t:|1684097703\n|gametype|doubles\n|player|p1|bigj009|lucas|1303\n|player|p2|Scottishtown|2|1358\n|teamsize|p1|6\n|teamsize|p2|6\n|gen|9\n|tier|[Gen 9] VGC 2023 Regulation C\n|rated|\n|rule|Species Clause: Limit one of each Pok\u00e9mon\n|rule|Item Clause: Limit one of each item\n|clearpoke\n|poke|p1|Flutter Mane, L50|\n|poke|p1|Chi-Yu, L50|\n|poke|p1|Iron Bundle, L50|\n|poke|p1|Torkoal, L50, F|\n|poke|p1|Indeedee-F, L50, F|\n|poke|p1|Iron Hands, L50|\n|poke|p2|Bronzong, L50|\n|poke|p2|Gyarados, L50, F|\n|poke|p2|Braviary, L50, M|\n|poke|p2|Ting-Lu, L50|\n|poke|p2|Abomasnow, L50, M|\n|poke|p2|Torkoal, L50, M|\n|teampreview|4\n|inactive|Battle timer is ON: inactive players will automatically lose when time's up. (requested by Scottishtown)\nbigj009 has agreed to open team sheets.\nScottishtown rejected open team sheets.\n|inactive|bigj009 has 60 seconds left.\n|inactive|Scottishtown has 60 seconds left.\n|\n|t:|1684097754\n|start\n|switch|p1a: Iron Bundle|Iron Bundle, L50|100\/100\n|switch|p1b: Flutter Mane|Flutter Mane, L50|100\/100\n|switch|p2a: Bronzong|Bronzong, L50|100\/100\n|switch|p2b: Ting-Lu|Ting-Lu, L50|100\/100\n|-ability|p2b: Ting-Lu|Vessel of Ruin\n|-enditem|p1a: Iron Bundle|Booster Energy\n|-activate|p1a: Iron Bundle|ability: Quark Drive|[fromitem]\n|-start|p1a: Iron Bundle|quarkdrivespe\n|turn|1\n|\n|t:|1684097777\n|-terastallize|p2a: Bronzong|Dark\n|move|p1a: Iron Bundle|Hydro Pump|p2b: Ting-Lu\n|-supereffective|p2b: Ting-Lu\n|-damage|p2b: Ting-Lu|40\/100\n|move|p1b: Flutter Mane|Dazzling Gleam|p2b: Ting-Lu|[spread] p2a,p2b\n|-supereffective|p2a: Bronzong\n|-crit|p2a: Bronzong\n|-supereffective|p2b: Ting-Lu\n|-damage|p2a: Bronzong|35\/100\n|-damage|p2b: Ting-Lu|0 fnt\n|faint|p2b: Ting-Lu\n|move|p2a: Bronzong|Trick Room|p2a: Bronzong\n|-fieldstart|move: Trick Room|[of] p2a: Bronzong\n|\n|upkeep\n|c|\u2606Scottishtown|Perfect crit\n|\n|t:|1684097796\n|switch|p2b: Torkoal|Torkoal, L50, M|100\/100\n|-weather|SunnyDay|[from] ability: Drought|[of] p2b: Torkoal\n|-activate|p1b: Flutter Mane|ability: Protosynthesis\n|-start|p1b: Flutter Mane|protosynthesisspa\n|turn|2\n|\n|t:|1684097809\n|move|p2b: Torkoal|Overheat|p1a: Iron Bundle\n|-damage|p1a: Iron Bundle|0 fnt\n|-unboost|p2b: Torkoal|spa|2\n|-enditem|p2b: Torkoal|Eject Pack\n|faint|p1a: Iron Bundle\n|-end|p1a: Iron Bundle|Quark Drive|[silent]\n|\n|t:|1684097815\n|switch|p2b: Gyarados|Gyarados, L50, F, shiny|100\/100\n|-ability|p2b: Gyarados|Intimidate|boost\n|-unboost|p1b: Flutter Mane|atk|1\n|move|p2a: Bronzong|Gyro Ball|p1b: Flutter Mane\n|-supereffective|p1b: Flutter Mane\n|-enditem|p1b: Flutter Mane|Focus Sash\n|-damage|p1b: Flutter Mane|1\/100\n|move|p1b: Flutter Mane|Dazzling Gleam|p2a: Bronzong|[spread] p2a,p2b\n|-supereffective|p2a: Bronzong\n|-damage|p2a: Bronzong|0 fnt\n|-damage|p2b: Gyarados|57\/100\n|faint|p2a: Bronzong\n|\n|-weather|SunnyDay|[upkeep]\n|upkeep\n|\n|t:|1684097832\n|switch|p2a: Torkoal|Torkoal, L50, M|100\/100\n|switch|p1a: Torkoal|Torkoal, L50, F|100\/100\n|turn|3\n|\n|t:|1684097845\n|-end|p1b: Flutter Mane|Protosynthesis|[silent]\n|switch|p1b: Chi-Yu|Chi-Yu, L50|100\/100\n|-ability|p1b: Chi-Yu|Beads of Ruin\n|-terastallize|p1a: Torkoal|Fire\n|move|p2b: Gyarados|Protect|p2b: Gyarados\n|-singleturn|p2b: Gyarados|Protect\n|move|p2a: Torkoal|Eruption|p1a: Torkoal|[spread] p1a,p1b\n|-resisted|p1a: Torkoal\n|-resisted|p1b: Chi-Yu\n|-damage|p1a: Torkoal|34\/100\n|-damage|p1b: Chi-Yu|69\/100\n|move|p1a: Torkoal|Heat Wave|p2b: Gyarados|[spread] p2a\n|-activate|p2b: Gyarados|move: Protect\n|-resisted|p2a: Torkoal\n|-damage|p2a: Torkoal|24\/100\n|\n|-weather|SunnyDay|[upkeep]\n|upkeep\n|turn|4\n|c|\u2606bigj009|perfect speed tie\n|inactive|bigj009 has 30 seconds left.\n|inactive|Scottishtown has 30 seconds left.\n|\n|t:|1684097874\n|move|p2a: Torkoal|Overheat|p1a: Torkoal\n|-resisted|p1a: Torkoal\n|-damage|p1a: Torkoal|0 fnt\n|-unboost|p2a: Torkoal|spa|2\n|faint|p1a: Torkoal\n|move|p2b: Gyarados|Waterfall|p1b: Chi-Yu\n|-supereffective|p1b: Chi-Yu\n|-damage|p1b: Chi-Yu|20\/100\n|move|p1b: Chi-Yu|Snarl|p2b: Gyarados|[spread] p2a,p2b\n|-damage|p2a: Torkoal|0 fnt\n|-damage|p2b: Gyarados|20\/100\n|-unboost|p2b: Gyarados|spa|1\n|-enditem|p2b: Gyarados|Sitrus Berry|[eat]\n|-heal|p2b: Gyarados|45\/100|[from] item: Sitrus Berry\n|faint|p2a: Torkoal\n|-damage|p1b: Chi-Yu|10\/100|[from] item: Life Orb\n|\n|-weather|SunnyDay|[upkeep]\n|upkeep\n|\n|t:|1684097890\n|switch|p1a: Flutter Mane|Flutter Mane, L50|1\/100\n|-activate|p1a: Flutter Mane|ability: Protosynthesis\n|-start|p1a: Flutter Mane|protosynthesisspa\n|turn|5\n|c|\u2606bigj009|twice\n|c|\u2606Scottishtown|Haha\n|\n|t:|1684097904\n|move|p1b: Chi-Yu|Protect|p1b: Chi-Yu\n|-singleturn|p1b: Chi-Yu|Protect\n|move|p2b: Gyarados|Waterfall|p1a: Flutter Mane\n|-damage|p1a: Flutter Mane|0 fnt\n|faint|p1a: Flutter Mane\n|-end|p1a: Flutter Mane|Protosynthesis|[silent]\n|\n|-weather|SunnyDay|[upkeep]\n|-fieldend|move: Trick Room\n|upkeep\n|turn|6\n|c|\u2606bigj009|this game is full of shit\n|c|\u2606Scottishtown|Oh god yeah and showdown makes it worse and plays up the odds massively\n|inactive|Scottishtown has 30 seconds left.\n|c|\u2606bigj009|fr!!\n|\n|t:|1684097935\n|move|p1b: Chi-Yu|Snarl|p2b: Gyarados\n|-damage|p2b: Gyarados|0 fnt\n|faint|p2b: Gyarados\n|-damage|p1b: Chi-Yu|0 fnt|[from] item: Life Orb\n|faint|p1b: Chi-Yu\n|\n|win|bigj009\n|raw|bigj009's rating: 1303 → 1326<\/strong> (+23 for winning)\n|raw|Scottishtown's rating: 1358 → 1335<\/strong> (-23 for losing)\n|c|\u2606bigj009|they do it on purpose\n","uploadtime":1684097913,"views":4,"p1id":"bigj009","p2id":"scottishtown","formatid":"gen9vgc2023regulationc","rating":1326,"private":0,"password":""}