{"id":"gen9vgc2023regulationc-1846330848","p1":"tera fairy Trump","p2":"Il Mule","format":"[Gen 9] VGC 2023 Regulation C","log":"|j|\u2606tera fairy Trump\n|j|\u2606Il Mule\n|t:|1681832231\n|gametype|doubles\n|player|p1|tera fairy Trump|1|1784\n|player|p2|Il Mule|youngster-gen4dp|1787\n|teamsize|p1|6\n|teamsize|p2|6\n|gen|9\n|tier|[Gen 9] VGC 2023 Regulation C\n|rated|\n|rule|Species Clause: Limit one of each Pok\u00e9mon\n|rule|Item Clause: Limit one of each item\n|clearpoke\n|poke|p1|Klefki, L50, M|\n|poke|p1|Gholdengo, L50|\n|poke|p1|Iron Bundle, L50|\n|poke|p1|Ting-Lu, L50|\n|poke|p1|Vivillon, L50, F|\n|poke|p1|Abomasnow, L50, F|\n|poke|p2|Great Tusk, L50|\n|poke|p2|Azumarill, L50, M|\n|poke|p2|Chi-Yu, L50|\n|poke|p2|Iron Bundle, L50|\n|poke|p2|Brute Bonnet, L50|\n|poke|p2|Gholdengo, L50|\n|teampreview|4\nIl Mule has agreed to open team sheets.\n|j| Xerneas Abuser\n|\n|t:|1681832280\n|start\n|switch|p1a: Vivillon|Vivillon, L50, F|100\/100\n|switch|p1b: Ting-Lu|Ting-Lu, L50|100\/100\n|switch|p2a: Tu quoque|Brute Bonnet, L50|100\/100\n|switch|p2b: Ciance|Gholdengo, L50|100\/100\n|-ability|p1b: Ting-Lu|Vessel of Ruin\n|turn|1\n|j| DondozoCrowned\n|c| Xerneas Abuser|make america xerneas again\n|c|\u2606Il Mule|tera grass signore\n|\n|t:|1681832318\n|move|p1a: Vivillon|Pollen Puff|p2a: Tu quoque\n|-supereffective|p2a: Tu quoque\n|-damage|p2a: Tu quoque|23\/100\n|move|p2b: Ciance|Make It Rain|p1a: Vivillon|[spread] p1a,p1b\n|-enditem|p1a: Vivillon|Focus Sash\n|-damage|p1a: Vivillon|1\/100\n|-damage|p1b: Ting-Lu|72\/100\n|-unboost|p2b: Ciance|spa|1\n|move|p2a: Tu quoque|Spore|p1b: Ting-Lu\n|-status|p1b: Ting-Lu|slp|[from] move: Spore\n|cant|p1b: Ting-Lu|slp\n|\n|upkeep\n|turn|2\n|\n|t:|1681832340\n|move|p1a: Vivillon|Protect|p1a: Vivillon\n|-singleturn|p1a: Vivillon|Protect\n|move|p2b: Ciance|Make It Rain|p1a: Vivillon|[spread] p1b\n|-activate|p1a: Vivillon|move: Protect\n|-damage|p1b: Ting-Lu|54\/100 slp\n|-unboost|p2b: Ciance|spa|1\n|move|p2a: Tu quoque|Bullet Seed|p1b: Ting-Lu\n|-supereffective|p1b: Ting-Lu\n|-crit|p1b: Ting-Lu\n|-damage|p1b: Ting-Lu|39\/100 slp\n|-enditem|p1b: Ting-Lu|Weakness Policy\n|-boost|p1b: Ting-Lu|atk|2|[from] item: Weakness Policy\n|-boost|p1b: Ting-Lu|spa|2|[from] item: Weakness Policy\n|-supereffective|p1b: Ting-Lu\n|-damage|p1b: Ting-Lu|29\/100 slp\n|-supereffective|p1b: Ting-Lu\n|-damage|p1b: Ting-Lu|20\/100 slp\n|-supereffective|p1b: Ting-Lu\n|-damage|p1b: Ting-Lu|8\/100 slp\n|-supereffective|p1b: Ting-Lu\n|-damage|p1b: Ting-Lu|0 fnt\n|faint|p1b: Ting-Lu\n|-hitcount|p1: Ting-Lu|5\n|\n|upkeep\n|c| Xerneas Abuser|4 x stab 75%\n|c|\u2606Il Mule|con ting lu\n|\n|t:|1681832362\n|switch|p1b: Iron Bundle|Iron Bundle, L50|100\/100\n|turn|3\n|\n|t:|1681832371\n|switch|p1a: Abomasnow|Abomasnow, L50, F|100\/100\n|-weather|Snow|[from] ability: Snow Warning|[of] p1a: Abomasnow\n|move|p2a: Tu quoque|Sucker Punch|p1b: Iron Bundle\n|-damage|p1b: Iron Bundle|75\/100\n|move|p1b: Iron Bundle|Blizzard|p2a: Tu quoque|[spread] p2a,p2b\n|-supereffective|p2a: Tu quoque\n|-resisted|p2b: Ciance\n|-damage|p2a: Tu quoque|0 fnt\n|-damage|p2b: Ciance|79\/100\n|faint|p2a: Tu quoque\n|-end|p2a: Tu quoque|Protosynthesis|[silent]\n|move|p2b: Ciance|Make It Rain|p1a: Abomasnow|[spread] p1a,p1b\n|-supereffective|p1a: Abomasnow\n|-damage|p1a: Abomasnow|27\/100\n|-damage|p1b: Iron Bundle|42\/100\n|-unboost|p2b: Ciance|spa|1\n|-enditem|p1a: Abomasnow|Sitrus Berry|[eat]\n|-heal|p1a: Abomasnow|52\/100|[from] item: Sitrus Berry\n|\n|-weather|Snow|[upkeep]\n|upkeep\n|c| Xerneas Abuser|hai ragione\n|\n|t:|1681832388\n|switch|p2a: Dentoni|Chi-Yu, L50|100\/100\n|-ability|p2a: Dentoni|Beads of Ruin\n|turn|4\n|\n|t:|1681832411\n|-terastallize|p1a: Abomasnow|Fire\n|move|p2a: Dentoni|Protect|p2a: Dentoni\n|-singleturn|p2a: Dentoni|Protect\n|move|p1b: Iron Bundle|Hydro Pump|p2a: Dentoni\n|-activate|p2a: Dentoni|move: Protect\n|move|p2b: Ciance|Make It Rain|p1a: Abomasnow|[spread] p1a,p1b\n|-resisted|p1a: Abomasnow\n|-damage|p1a: Abomasnow|33\/100\n|-damage|p1b: Iron Bundle|4\/100\n|-unboost|p2b: Ciance|spa|1\n|move|p1a: Abomasnow|Blizzard|p2a: Dentoni|[spread] p2b\n|-activate|p2a: Dentoni|move: Protect\n|-resisted|p2b: Ciance\n|-damage|p2b: Ciance|56\/100\n|\n|-weather|Snow|[upkeep]\n|upkeep\n|turn|5\n|c|\u2606Il Mule|qui ciance mi hai deluso\n|\n|t:|1681832448\n|-terastallize|p2a: Dentoni|Ghost\n|move|p1b: Iron Bundle|Blizzard|p2a: Dentoni|[spread] p2a,p2b\n|-resisted|p2b: Ciance\n|-damage|p2a: Dentoni|59\/100\n|-damage|p2b: Ciance|28\/100\n|move|p2a: Dentoni|Dark Pulse|p1a: Abomasnow\n|-damage|p1a: Abomasnow|0 fnt\n|faint|p1a: Abomasnow\n|move|p2b: Ciance|Make It Rain|p1b: Iron Bundle\n|-damage|p1b: Iron Bundle|0 fnt\n|-unboost|p2b: Ciance|spa|1\n|faint|p1b: Iron Bundle\n|-end|p1b: Iron Bundle|Quark Drive|[silent]\n|\n|-weather|Snow|[upkeep]\n|upkeep\n|c| Xerneas Abuser|vabb\u00e8 stravinta\n|j| tyruntula\n|c| Xerneas Abuser|ha solo seghe\n|j| SerseCosmiVGC\n|l| tyruntula\n|-message|tera fairy Trump forfeited.\n|\n|win|Il Mule\n|raw|tera fairy Trump's rating: 1784 → 1764<\/strong> (-20 for losing)\n|raw|Il Mule's rating: 1787 → 1807<\/strong> (+20 for winning)\n|l|\u2606tera fairy Trump\n|l|\u2606Il Mule\n","uploadtime":1681832463,"views":10,"p1id":"terafairytrump","p2id":"ilmule","formatid":"gen9vgc2023regulationc","rating":1764,"private":0,"password":""}