{"id":"gen9vgc2023regulationc-1849951709","p1":"WarlogFV","p2":"Hivemindisfun","format":"[Gen 9] VGC 2023 Regulation C","log":"|j|\u2606WarlogFV\n|j|\u2606Hivemindisfun\n|t:|1682271535\n|gametype|doubles\n|player|p1|WarlogFV|erika|1118\n|player|p2|Hivemindisfun|169|1047\n|teamsize|p1|6\n|teamsize|p2|6\n|gen|9\n|tier|[Gen 9] VGC 2023 Regulation C\n|rated|\n|rule|Species Clause: Limit one of each Pok\u00e9mon\n|rule|Item Clause: Limit one of each item\n|clearpoke\n|poke|p1|Dondozo, L50, F|\n|poke|p1|Farigiraf, L50, M|\n|poke|p1|Flutter Mane, L50|\n|poke|p1|Greedent, L50, M|\n|poke|p1|Tatsugiri, L50, F|\n|poke|p1|Torkoal, L50, F|\n|poke|p2|Ting-Lu, L50|\n|poke|p2|Gyarados, L50, M|\n|poke|p2|Iron Hands, L50|\n|poke|p2|Amoonguss, L50, F|\n|poke|p2|Flutter Mane, L50|\n|poke|p2|Talonflame, L50, M|\n|teampreview|4\n|inactive|Battle timer is ON: inactive players will automatically lose when time's up. (requested by Hivemindisfun)\n|\n|t:|1682271558\n|start\n|switch|p1a: Farigiraf|Farigiraf, L50, M|100\/100\n|switch|p1b: God Squirrel|Greedent, L50, M|100\/100\n|switch|p2a: Talonflame|Talonflame, L50, M|100\/100\n|switch|p2b: Iron Hands|Iron Hands, L50|100\/100\n|turn|1\n|\n|t:|1682271575\n|-terastallize|p1b: God Squirrel|Ghost\n|move|p2b: Iron Hands|Fake Out|p1a: Farigiraf\n|-damage|p1a: Farigiraf|85\/100\n|move|p2a: Talonflame|Will-O-Wisp|p1b: God Squirrel\n|-status|p1b: God Squirrel|brn\n|move|p1b: God Squirrel|Belly Drum|p1b: God Squirrel\n|-damage|p1b: God Squirrel|50\/100 brn\n|-setboost|p1b: God Squirrel|atk|6|[from] move: Belly Drum\n|-enditem|p1b: God Squirrel|Sitrus Berry|[eat]\n|-heal|p1b: God Squirrel|75\/100 brn|[from] item: Sitrus Berry\n|-heal|p1b: God Squirrel|100\/100 brn|[from] ability: Cheek Pouch\n|cant|p1a: Farigiraf|flinch\n|\n|-damage|p1b: God Squirrel|94\/100 brn|[from] brn\n|upkeep\n|turn|2\n|\n|t:|1682271598\n|move|p1b: God Squirrel|Protect|p1b: God Squirrel\n|-singleturn|p1b: God Squirrel|Protect\n|move|p2a: Talonflame|Brave Bird|p1b: God Squirrel\n|-activate|p1b: God Squirrel|move: Protect\n|move|p2b: Iron Hands|Wild Charge|p1b: God Squirrel\n|-activate|p1b: God Squirrel|move: Protect\n|move|p1a: Farigiraf|Trick Room|p1a: Farigiraf\n|-fieldstart|move: Trick Room|[of] p1a: Farigiraf\n|\n|-damage|p1b: God Squirrel|88\/100 brn|[from] brn\n|upkeep\n|turn|3\n|\n|t:|1682271618\n|move|p2a: Talonflame|Protect|p2a: Talonflame\n|-singleturn|p2a: Talonflame|Protect\n|move|p1b: God Squirrel|Facade|p2a: Talonflame\n|-activate|p2a: Talonflame|move: Protect\n|move|p2b: Iron Hands|Wild Charge|p1b: God Squirrel\n|-damage|p1b: God Squirrel|41\/100 brn\n|-damage|p2b: Iron Hands|91\/100|[from] Recoil\n|move|p1a: Farigiraf|Psychic|p2b: Iron Hands\n|-supereffective|p2b: Iron Hands\n|-damage|p2b: Iron Hands|10\/100\n|\n|-damage|p1b: God Squirrel|35\/100 brn|[from] brn\n|upkeep\n|turn|4\n|\n|t:|1682271637\n|move|p2a: Talonflame|Brave Bird|p1b: God Squirrel\n|-damage|p1b: God Squirrel|4\/100 brn\n|-damage|p2a: Talonflame|89\/100|[from] Recoil\n|move|p1b: God Squirrel|Facade|p2a: Talonflame\n|-damage|p2a: Talonflame|0 fnt\n|-damage|p1b: God Squirrel|0 fnt|[from] item: Rocky Helmet|[of] p2a: Talonflame\n|faint|p2a: Talonflame\n|faint|p1b: God Squirrel\n|move|p2b: Iron Hands|Wild Charge|p1a: Farigiraf\n|-damage|p1a: Farigiraf|38\/100\n|-damage|p2b: Iron Hands|0 fnt|[from] Recoil\n|faint|p2b: Iron Hands\n|-end|p2b: Iron Hands|Quark Drive|[silent]\n|move|p1a: Farigiraf|Hyper Voice|p2: Talonflame|[notarget]\n|-fail|p1a: Farigiraf\n|\n|upkeep\n|\n|t:|1682271655\n|switch|p1b: Dondozo|Dondozo, L50, F|100\/100\n|switch|p2b: Amoonguss|Amoonguss, L50, F|100\/100\n|switch|p2a: Ting-Lu|Ting-Lu, L50|100\/100\n|-ability|p2a: Ting-Lu|Vessel of Ruin\n|turn|5\n|inactive|WarlogFV has 30 seconds left.\n|l|\u2606WarlogFV\n|inactive|WarlogFV disconnected and has a minute to reconnect!\n|player|p1|\n|inactive|WarlogFV has 20 seconds left.\n|inactive|WarlogFV has 15 seconds left.\n|inactive|WarlogFV has 10 seconds left.\n|inactive|WarlogFV has 5 seconds left.\n|j|\u2606WarlogFV\n|inactive|WarlogFV reconnected and has 5 seconds left.\n|player|p1|WarlogFV|erika\n|\n|t:|1682271710\n|move|p2b: Amoonguss|Spore|p1b: Dondozo\n|-status|p1b: Dondozo|slp|[from] move: Spore\n|move|p2a: Ting-Lu|Heavy Slam|p1a: Farigiraf\n|-damage|p1a: Farigiraf|13\/100\n|cant|p1b: Dondozo|slp\n|move|p1a: Farigiraf|Trick Room|p1a: Farigiraf\n|-fieldend|move: Trick Room\n|\n|upkeep\n|turn|6\n|\n|t:|1682271728\n|cant|p1b: Dondozo|slp\n|move|p1a: Farigiraf|Psychic|p2b: Amoonguss\n|-supereffective|p2b: Amoonguss\n|-damage|p2b: Amoonguss|45\/100\n|-enditem|p2b: Amoonguss|Sitrus Berry|[eat]\n|-heal|p2b: Amoonguss|70\/100|[from] item: Sitrus Berry\n|move|p2a: Ting-Lu|Fissure|p1b: Dondozo|[miss]\n|-miss|p2a: Ting-Lu|p1b: Dondozo\n|move|p2b: Amoonguss|Pollen Puff|p1a: Farigiraf\n|-supereffective|p1a: Farigiraf\n|-damage|p1a: Farigiraf|0 fnt\n|faint|p1a: Farigiraf\n|\n|upkeep\n|\n|t:|1682271737\n|switch|p1a: Tatsugiri|Tatsugiri, L50, F|100\/100\n|-activate|p1a: Tatsugiri|ability: Commander|[of] p1b: Dondozo\n|-boost|p1b: Dondozo|atk|2\n|-boost|p1b: Dondozo|spa|2\n|-boost|p1b: Dondozo|spe|2\n|-boost|p1b: Dondozo|def|2\n|-boost|p1b: Dondozo|spd|2\n|turn|7\n|\n|t:|1682271756\n|move|p2b: Amoonguss|Rage Powder|p2b: Amoonguss\n|-singleturn|p2b: Amoonguss|move: Rage Powder\n|cant|p1b: Dondozo|slp\n|move|p2a: Ting-Lu|Fissure|p1b: Dondozo|[miss]\n|-miss|p2a: Ting-Lu|p1b: Dondozo\n|\n|upkeep\n|turn|8\n|\n|t:|1682271764\n|move|p2b: Amoonguss|Rage Powder|p2b: Amoonguss\n|-singleturn|p2b: Amoonguss|move: Rage Powder\n|-curestatus|p1b: Dondozo|slp|[msg]\n|move|p1b: Dondozo|Wave Crash|p2b: Amoonguss\n|-resisted|p2b: Amoonguss\n|-damage|p2b: Amoonguss|9\/100\n|-damage|p1b: Dondozo|81\/100|[from] Recoil\n|-damage|p1b: Dondozo|71\/100|[from] item: Life Orb\n|move|p2a: Ting-Lu|Fissure|p1b: Dondozo\n|-damage|p1b: Dondozo|0 fnt\n|faint|p1b: Dondozo\n|-ohko\n|\n|upkeep\n|turn|9\n|\n|t:|1682271781\n|move|p1a: Tatsugiri|Muddy Water|p2a: Ting-Lu|[spread] p2a,p2b\n|-supereffective|p2a: Ting-Lu\n|-resisted|p2b: Amoonguss\n|-damage|p2a: Ting-Lu|81\/100\n|-damage|p2b: Amoonguss|0 fnt\n|faint|p2b: Amoonguss\n|move|p2a: Ting-Lu|Ruination|p1a: Tatsugiri\n|-damage|p1a: Tatsugiri|50\/100\n|\n|upkeep\n|turn|10\n|\n|t:|1682271793\n|-terastallize|p2a: Ting-Lu|Poison\n|move|p1a: Tatsugiri|Muddy Water|p2a: Ting-Lu\n|-damage|p2a: Ting-Lu|68\/100\n|-unboost|p2a: Ting-Lu|accuracy|1\n|move|p2a: Ting-Lu|Stomping Tantrum|p1a: Tatsugiri\n|-damage|p1a: Tatsugiri|0 fnt\n|faint|p1a: Tatsugiri\n|\n|win|Hivemindisfun\n|raw|WarlogFV's rating: 1118 → 1090<\/strong> (-28 for losing)\n|raw|Hivemindisfun's rating: 1077 → 1109<\/strong> (+32 for winning)\n","uploadtime":1682271811,"views":10,"p1id":"warlogfv","p2id":"hivemindisfun","formatid":"gen9vgc2023regulationc","rating":1090,"private":0,"password":""}