{"id":"gen9vgc2023regulationc-1854950399","p1":"Ayrshire20Scythers","p2":"Pokemonster28","format":"[Gen 9] VGC 2023 Regulation C","log":"|j|\u2606Ayrshire20Scythers\n|j|\u2606Pokemonster28\n|t:|1682884145\n|gametype|doubles\n|player|p1|Ayrshire20Scythers|policeman-gen4|\n|player|p2|Pokemonster28|cynthia-gen4|\n|teamsize|p1|6\n|teamsize|p2|6\n|gen|9\n|tier|[Gen 9] VGC 2023 Regulation C\n|rule|Species Clause: Limit one of each Pok\u00e9mon\n|rule|Item Clause: Limit one of each item\n|clearpoke\n|poke|p1|Pincurchin, L50, M|\n|poke|p1|Iron Moth, L50|\n|poke|p1|Tyranitar, L50, M|\n|poke|p1|Iron Thorns, L50|\n|poke|p1|Iron Jugulis, L50|\n|poke|p1|Indeedee-F, L50, F|\n|poke|p2|Magnezone, L50|\n|poke|p2|Iron Bundle, L50|\n|poke|p2|Murkrow, L50, M|\n|poke|p2|Krookodile, L50, F|\n|poke|p2|Gothitelle, L50, M|\n|poke|p2|Iron Valiant, L50|\n|teampreview|4\n|inactive|Battle timer is ON: inactive players will automatically lose when time's up. (requested by Pokemonster28)\n|j| CommissarWhite\n|inactive|Pokemonster28 has 60 seconds left.\n|\n|t:|1682884188\n|start\n|switch|p1a: Iron Jugulis|Iron Jugulis, L50, shiny|100\/100\n|switch|p1b: Pincurchin|Pincurchin, L50, M, shiny|100\/100\n|switch|p2a: Murkrow|Murkrow, L50, M|100\/100\n|switch|p2b: Krookodile|Krookodile, L50, F|100\/100\n|-fieldstart|move: Electric Terrain|[from] ability: Electric Surge|[of] p1b: Pincurchin\n|-activate|p1a: Iron Jugulis|ability: Quark Drive\n|-start|p1a: Iron Jugulis|quarkdrivespe\n|turn|1\n|inactive|Ayrshire20Scythers has 30 seconds left.\n|inactive|Ayrshire20Scythers has 20 seconds left.\n|inactive|Ayrshire20Scythers has 15 seconds left.\n|inactive|Ayrshire20Scythers has 10 seconds left.\n|inactive|Ayrshire20Scythers has 5 seconds left.\n|\n|t:|1682884242\n|move|p1b: Pincurchin|Protect|p1b: Pincurchin\n|-singleturn|p1b: Pincurchin|Protect\n|move|p2a: Murkrow|Tailwind|p2a: Murkrow\n|-sidestart|p2: Pokemonster28|move: Tailwind\n|move|p2b: Krookodile|Close Combat|p1a: Iron Jugulis\n|-damage|p1a: Iron Jugulis|39\/100\n|-unboost|p2b: Krookodile|def|1\n|-unboost|p2b: Krookodile|spd|1\n|-enditem|p1a: Iron Jugulis|Sitrus Berry|[eat]\n|-heal|p1a: Iron Jugulis|64\/100|[from] item: Sitrus Berry\n|-damage|p2b: Krookodile|90\/100|[from] item: Life Orb\n|move|p1a: Iron Jugulis|Tailwind|p1a: Iron Jugulis\n|-sidestart|p1: Ayrshire20Scythers|move: Tailwind\n|\n|upkeep\n|turn|2\n|inactive|Ayrshire20Scythers has 30 seconds left.\n|inactive|Pokemonster28 has 30 seconds left.\n|\n|t:|1682884275\n|switch|p2a: Magnezone|Magnezone, L50|100\/100\n|move|p1a: Iron Jugulis|U-turn|p2b: Krookodile\n|-supereffective|p2b: Krookodile\n|-damage|p2b: Krookodile|45\/100\n|\n|t:|1682884283\n|-end|p1a: Iron Jugulis|Quark Drive|[silent]\n|switch|p1a: Indeedee|Indeedee-F, L50, F, shiny|100\/100|[from] U-turn\n|move|p2b: Krookodile|Close Combat|p1a: Indeedee\n|-damage|p1a: Indeedee|30\/100\n|-unboost|p2b: Krookodile|def|1\n|-unboost|p2b: Krookodile|spd|1\n|-damage|p2b: Krookodile|35\/100|[from] item: Life Orb\n|move|p1b: Pincurchin|Recover||[still]\n|-fail|p1b: Pincurchin|heal\n|\n|upkeep\n|turn|3\n|\n|t:|1682884305\n|move|p1b: Pincurchin|Protect|p1b: Pincurchin\n|-singleturn|p1b: Pincurchin|Protect\n|move|p1a: Indeedee|Fake Out|p2b: Krookodile\n|-crit|p2b: Krookodile\n|-damage|p2b: Krookodile|3\/100\n|cant|p2b: Krookodile|flinch\n|move|p2a: Magnezone|Discharge|p1a: Indeedee|[spread] p1a\n|-activate|p1b: Pincurchin|move: Protect\n|-immune|p2b: Krookodile\n|-damage|p1a: Indeedee|0 fnt\n|faint|p1a: Indeedee\n|\n|upkeep\n|\n|t:|1682884324\n|switch|p1a: Iron Moth|Iron Moth, L50, shiny|100\/100\n|-activate|p1a: Iron Moth|ability: Quark Drive\n|-start|p1a: Iron Moth|quarkdrivespe\n|turn|4\n|inactive|Pokemonster28 has 30 seconds left.\n|\n|t:|1682884356\n|switch|p1b: Iron Jugulis|Iron Jugulis, L50, shiny|64\/100\n|-activate|p1b: Iron Jugulis|ability: Quark Drive\n|-start|p1b: Iron Jugulis|quarkdrivespe\n|-terastallize|p2a: Magnezone|Water\n|move|p1a: Iron Moth|Heat Wave|p2a: Magnezone|[spread] p2a,p2b\n|-resisted|p2a: Magnezone\n|-damage|p2a: Magnezone|71\/100\n|-damage|p2b: Krookodile|0 fnt\n|faint|p2b: Krookodile\n|-damage|p1a: Iron Moth|90\/100|[from] item: Life Orb\n|move|p2a: Magnezone|Discharge|p1b: Iron Jugulis|[spread] p1a,p1b\n|-supereffective|p1b: Iron Jugulis\n|-damage|p1a: Iron Moth|35\/100\n|-damage|p1b: Iron Jugulis|0 fnt\n|-status|p1a: Iron Moth|par\n|faint|p1b: Iron Jugulis\n|-end|p1b: Iron Jugulis|Quark Drive|[silent]\n|\n|-sideend|p2: Pokemonster28|move: Tailwind\n|-sideend|p1: Ayrshire20Scythers|move: Tailwind\n|upkeep\n|\n|t:|1682884377\n|switch|p1b: Pincurchin|Pincurchin, L50, M, shiny|100\/100\n|switch|p2b: Murkrow|Murkrow, L50, M|100\/100\n|turn|5\n|\n|t:|1682884391\n|cant|p1a: Iron Moth|par\n|move|p2b: Murkrow|Tailwind|p2b: Murkrow\n|-sidestart|p2: Pokemonster28|move: Tailwind\n|move|p2a: Magnezone|Discharge|p1a: Iron Moth|[spread] p2b,p1a,p1b\n|-supereffective|p2b: Murkrow\n|-resisted|p1b: Pincurchin\n|-damage|p2b: Murkrow|14\/100\n|-damage|p1a: Iron Moth|0 fnt\n|-damage|p1b: Pincurchin|68\/100\n|faint|p1a: Iron Moth\n|-end|p1a: Iron Moth|Quark Drive|[silent]\n|move|p1b: Pincurchin|Discharge|p2a: Magnezone|[spread] p2a,p2b\n|-supereffective|p2a: Magnezone\n|-supereffective|p2b: Murkrow\n|-damage|p2a: Magnezone|12\/100\n|-damage|p2b: Murkrow|0 fnt\n|-status|p2a: Magnezone|par\n|faint|p2b: Murkrow\n|\n|upkeep\n|\n|t:|1682884400\n|switch|p2b: Iron Bundle|Iron Bundle, L50|100\/100\n|-activate|p2b: Iron Bundle|ability: Quark Drive\n|-start|p2b: Iron Bundle|quarkdrivespe\n|turn|6\n|\n|t:|1682884424\n|move|p2b: Iron Bundle|Freeze-Dry|p1b: Pincurchin\n|-damage|p1b: Pincurchin|0 fnt\n|faint|p1b: Pincurchin\n|\n|win|Pokemonster28\n|c|\u2606Pokemonster28|Gg\n|l| CommissarWhite\n","uploadtime":1682884437,"views":13,"p1id":"ayrshire20scythers","p2id":"pokemonster28","formatid":"gen9vgc2023regulationc","rating":0,"private":0,"password":""}