{"id":"gen9vgc2023regulationc-1856760314","p1":"Jscoot12","p2":"bombart","format":"[Gen 9] VGC 2023 Regulation C","log":"|j|\u2606Jscoot12\n|j|\u2606bombart\n|t:|1683107146\n|gametype|doubles\n|player|p1|Jscoot12|266|1276\n|player|p2|bombart|benga|1300\n|teamsize|p1|6\n|teamsize|p2|6\n|gen|9\n|tier|[Gen 9] VGC 2023 Regulation C\n|rated|\n|rule|Species Clause: Limit one of each Pok\u00e9mon\n|rule|Item Clause: Limit one of each item\n|clearpoke\n|poke|p1|Orthworm, L50, F|\n|poke|p1|Dragonite, L50, M|\n|poke|p1|Flutter Mane, L50|\n|poke|p1|Chi-Yu, L50|\n|poke|p1|Baxcalibur, L50, M|\n|poke|p1|Gyarados, L50, M|\n|poke|p2|Talonflame, L50, F|\n|poke|p2|Garchomp, L50, F|\n|poke|p2|Flutter Mane, L50|\n|poke|p2|Amoonguss, L50, F|\n|poke|p2|Gholdengo, L50|\n|poke|p2|Chi-Yu, L50|\n|teampreview|4\nbombart has agreed to open team sheets.\n|inactive|Battle timer is ON: inactive players will automatically lose when time's up. (requested by bombart)\n|inactive|bombart has 60 seconds left.\nJscoot12 has agreed to open team sheets.\n|\n|t:|1683107213\n|start\n|switch|p1a: Dragonite|Dragonite, L50, M|100\/100\n|switch|p1b: Gyarados|Gyarados, L50, M|100\/100\n|switch|p2a: Talonflame|Talonflame, L50, F|100\/100\n|switch|p2b: Chi-Yu|Chi-Yu, L50|100\/100\n|-ability|p2b: Chi-Yu|Beads of Ruin\n|-ability|p1b: Gyarados|Intimidate|boost\n|-unboost|p2a: Talonflame|atk|1\n|-unboost|p2b: Chi-Yu|atk|1\n|turn|1\n|inactive|Jscoot12 has 30 seconds left.\n|inactive|Jscoot12 has 20 seconds left.\n|inactive|bombart has 30 seconds left.\n|inactive|Jscoot12 has 15 seconds left.\n|\n|t:|1683107255\n|-terastallize|p2b: Chi-Yu|Water\n|move|p1a: Dragonite|Extreme Speed|p2a: Talonflame\n|-crit|p2a: Talonflame\n|-damage|p2a: Talonflame|41\/100\n|move|p2a: Talonflame|Will-O-Wisp|p1a: Dragonite\n|-status|p1a: Dragonite|brn\n|move|p2b: Chi-Yu|Dark Pulse|p1b: Gyarados\n|-damage|p1b: Gyarados|40\/100\n|-damage|p2b: Chi-Yu|91\/100|[from] item: Life Orb\n|move|p1b: Gyarados|Waterfall|p2a: Talonflame\n|-supereffective|p2a: Talonflame\n|-damage|p2a: Talonflame|0 fnt\n|faint|p2a: Talonflame\n|\n|-damage|p1a: Dragonite|94\/100 brn|[from] brn\n|upkeep\n|\n|t:|1683107277\n|switch|p2a: Gholdengo|Gholdengo, L50|100\/100\n|turn|2\n|\n|t:|1683107294\n|move|p2b: Chi-Yu|Dark Pulse|p1a: Dragonite\n|-damage|p1a: Dragonite|42\/100 brn\n|-damage|p2b: Chi-Yu|81\/100|[from] item: Life Orb\n|move|p2a: Gholdengo|Make It Rain|p1a: Dragonite|[spread] p1a,p1b\n|-resisted|p1b: Gyarados\n|-damage|p1a: Dragonite|0 fnt\n|-damage|p1b: Gyarados|0 fnt\n|-unboost|p2a: Gholdengo|spa|1\n|faint|p1a: Dragonite\n|faint|p1b: Gyarados\n|\n|upkeep\n|\n|t:|1683107309\n|switch|p1b: Chi-Yu|Chi-Yu, L50|100\/100\n|switch|p1a: Flutter Mane|Flutter Mane, L50|100\/100\n|-ability|p1b: Chi-Yu|Beads of Ruin\n|-enditem|p1a: Flutter Mane|Booster Energy\n|-activate|p1a: Flutter Mane|ability: Protosynthesis|[fromitem]\n|-start|p1a: Flutter Mane|protosynthesisspe\n|turn|3\n|\n|t:|1683107328\n|switch|p2a: Amoonguss|Amoonguss, L50, F|100\/100\n|-terastallize|p1b: Chi-Yu|Grass\n|move|p2b: Chi-Yu|Protect|p2b: Chi-Yu\n|-singleturn|p2b: Chi-Yu|Protect\n|move|p1a: Flutter Mane|Shadow Ball|p2a: Amoonguss\n|-damage|p2a: Amoonguss|59\/100\n|move|p1b: Chi-Yu|Tera Blast|p2b: Chi-Yu\n|-activate|p2b: Chi-Yu|move: Protect\n|\n|-heal|p2a: Amoonguss|65\/100|[from] item: Leftovers\n|upkeep\n|turn|4\n|\n|t:|1683107350\n|move|p2a: Amoonguss|Rage Powder|p2a: Amoonguss\n|-singleturn|p2a: Amoonguss|move: Rage Powder\n|move|p1a: Flutter Mane|Thunderbolt|p2a: Amoonguss\n|-resisted|p2a: Amoonguss\n|-damage|p2a: Amoonguss|48\/100\n|-status|p2a: Amoonguss|par\n|move|p1b: Chi-Yu|Tera Blast|p2b: Chi-Yu\n|-supereffective|p2b: Chi-Yu\n|-damage|p2b: Chi-Yu|0 fnt\n|faint|p2b: Chi-Yu\n|\n|-heal|p2a: Amoonguss|54\/100 par|[from] item: Leftovers\n|upkeep\n|\n|t:|1683107361\n|switch|p2b: Gholdengo|Gholdengo, L50|100\/100\n|turn|5\n|\n|t:|1683107368\n|move|p2a: Amoonguss|Rage Powder|p2a: Amoonguss\n|-singleturn|p2a: Amoonguss|move: Rage Powder\n|move|p1a: Flutter Mane|Shadow Ball|p2a: Amoonguss\n|-damage|p2a: Amoonguss|12\/100 par\n|move|p1b: Chi-Yu|Tera Blast|p2b: Gholdengo\n|-resisted|p2b: Gholdengo\n|-damage|p2b: Gholdengo|48\/100\n|move|p2b: Gholdengo|Make It Rain|p1b: Chi-Yu|[spread] p1a,p1b\n|-supereffective|p1a: Flutter Mane\n|-damage|p1a: Flutter Mane|0 fnt\n|-damage|p1b: Chi-Yu|30\/100\n|-unboost|p2b: Gholdengo|spa|1\n|faint|p1a: Flutter Mane\n|-end|p1a: Flutter Mane|Protosynthesis|[silent]\n|\n|-heal|p2a: Amoonguss|18\/100 par|[from] item: Leftovers\n|upkeep\n|turn|6\n|\n|t:|1683107390\n|move|p1b: Chi-Yu|Tera Blast|p2b: Gholdengo\n|-resisted|p2b: Gholdengo\n|-damage|p2b: Gholdengo|0 fnt\n|faint|p2b: Gholdengo\n|cant|p2a: Amoonguss|par\n|\n|-heal|p2a: Amoonguss|24\/100 par|[from] item: Leftovers\n|upkeep\n|turn|7\n|\n|t:|1683107400\n|move|p1b: Chi-Yu|Tera Blast|p2a: Amoonguss\n|-resisted|p2a: Amoonguss\n|-damage|p2a: Amoonguss|5\/100 par\n|move|p2a: Amoonguss|Pollen Puff|p1b: Chi-Yu\n|-supereffective|p1b: Chi-Yu\n|-damage|p1b: Chi-Yu|0 fnt\n|faint|p1b: Chi-Yu\n|\n|win|bombart\n|raw|Jscoot12's rating: 1276 → 1253<\/strong> (-23 for losing)\n|raw|bombart's rating: 1300 → 1323<\/strong> (+23 for winning)\n","uploadtime":1683107411,"views":16,"p1id":"jscoot12","p2id":"bombart","formatid":"gen9vgc2023regulationc","rating":1253,"private":0,"password":""}