{"id":"gen9vgc2023regulationc-1856605745","p1":"BURANYA","p2":"Krib_Underscore","format":"[Gen 9] VGC 2023 Regulation C","log":"|j|\u2606BURANYA\n|j|\u2606Krib_Underscore\n|t:|1683081526\n|gametype|doubles\n|player|p1|BURANYA|alder|1305\n|player|p2|Krib_Underscore|dancer|1285\n|teamsize|p1|6\n|teamsize|p2|6\n|gen|9\n|tier|[Gen 9] VGC 2023 Regulation C\n|rated|\n|rule|Species Clause: Limit one of each Pok\u00e9mon\n|rule|Item Clause: Limit one of each item\n|clearpoke\n|poke|p1|Slither Wing, L50|\n|poke|p1|Arcanine, L50, M|\n|poke|p1|Amoonguss, L50, M|\n|poke|p1|Corviknight, L50, F|\n|poke|p1|Iron Bundle, L50|\n|poke|p1|Flutter Mane, L50|\n|poke|p2|Armarouge, L50, M|\n|poke|p2|Indeedee-F, L50, F|\n|poke|p2|Great Tusk, L50|\n|poke|p2|Corviknight, L50, M|\n|poke|p2|Iron Bundle, L50|\n|poke|p2|Roaring Moon, L50|\n|teampreview|4\nKrib_Underscore has agreed to open team sheets.\n|inactive|Battle timer is ON: inactive players will automatically lose when time's up. (requested by Krib_Underscore)\n|inactive|BURANYA has 60 seconds left.\nBURANYA has agreed to open team sheets.\n|inactive|BURANYA has 30 seconds left.\n|inactive|BURANYA has 20 seconds left.\n|\n|t:|1683081652\n|start\n|switch|p1a: Iron Bundle|Iron Bundle, L50|100\/100\n|switch|p1b: Slither Wing|Slither Wing, L50|100\/100\n|switch|p2a: Taxi Service|Corviknight, L50, M, shiny|100\/100\n|switch|p2b: HoHoHomicide|Iron Bundle, L50|100\/100\n|-enditem|p1a: Iron Bundle|Booster Energy\n|-activate|p1a: Iron Bundle|ability: Quark Drive|[fromitem]\n|-start|p1a: Iron Bundle|quarkdrivespe\n|turn|1\n|\n|t:|1683081668\n|move|p2b: HoHoHomicide|Protect|p2b: HoHoHomicide\n|-singleturn|p2b: HoHoHomicide|Protect\n|move|p1a: Iron Bundle|Icy Wind|p2b: HoHoHomicide|[spread] p2a\n|-activate|p2b: HoHoHomicide|move: Protect\n|-damage|p2a: Taxi Service|82\/100\n|-ability|p2a: Taxi Service|Mirror Armor\n|-unboost|p1a: Iron Bundle|spe|1\n|move|p1b: Slither Wing|Flare Blitz|p2a: Taxi Service\n|-supereffective|p2a: Taxi Service\n|-damage|p2a: Taxi Service|23\/100\n|-damage|p1b: Slither Wing|84\/100|[from] item: Rocky Helmet|[of] p2a: Taxi Service\n|-damage|p1b: Slither Wing|60\/100|[from] Recoil\n|move|p2a: Taxi Service|Tailwind|p2a: Taxi Service\n|-sidestart|p2: Krib_Underscore|move: Tailwind\n|\n|upkeep\n|turn|2\n|inactive|Krib_Underscore has 30 seconds left.\n|\n|t:|1683081701\n|switch|p2a: Big Horns|Great Tusk, L50|100\/100\n|-end|p1b: Slither Wing|Protosynthesis|[silent]\n|switch|p1b: Arcanine|Arcanine, L50, M|100\/100\n|-ability|p1b: Arcanine|Intimidate|boost\n|-unboost|p2a: Big Horns|atk|1\n|-unboost|p2b: HoHoHomicide|atk|1\n|move|p2b: HoHoHomicide|Freeze-Dry|p1a: Iron Bundle\n|-damage|p1a: Iron Bundle|34\/100\n|move|p1a: Iron Bundle|Freeze-Dry|p2b: HoHoHomicide\n|-damage|p2b: HoHoHomicide|30\/100\n|\n|upkeep\n|turn|3\n|\n|t:|1683081722\n|move|p1a: Iron Bundle|Protect|p1a: Iron Bundle\n|-singleturn|p1a: Iron Bundle|Protect\n|move|p1b: Arcanine|Protect|p1b: Arcanine\n|-singleturn|p1b: Arcanine|Protect\n|move|p2b: HoHoHomicide|Freeze-Dry|p1a: Iron Bundle\n|-activate|p1a: Iron Bundle|move: Protect\n|move|p2a: Big Horns|Headlong Rush|p1b: Arcanine\n|-activate|p1b: Arcanine|move: Protect\n|\n|upkeep\n|turn|4\n|\n|t:|1683081740\n|-end|p1a: Iron Bundle|Quark Drive|[silent]\n|switch|p1a: Flutter Mane|Flutter Mane, L50|100\/100\n|move|p1b: Arcanine|Extreme Speed|p2b: HoHoHomicide\n|-damage|p2b: HoHoHomicide|5\/100\n|move|p2b: HoHoHomicide|Freeze-Dry|p1a: Flutter Mane\n|-damage|p1a: Flutter Mane|65\/100\n|-status|p1a: Flutter Mane|frz\n|move|p2a: Big Horns|Knock Off|p1b: Arcanine\n|-damage|p1b: Arcanine|76\/100\n|-enditem|p1b: Arcanine|Sitrus Berry|[from] move: Knock Off|[of] p2a: Big Horns\n|\n|-sideend|p2: Krib_Underscore|move: Tailwind\n|upkeep\n|turn|5\n|inactive|Krib_Underscore has 30 seconds left.\n|\n|t:|1683081774\n|move|p2b: HoHoHomicide|Protect|p2b: HoHoHomicide\n|-singleturn|p2b: HoHoHomicide|Protect\n|move|p1b: Arcanine|Extreme Speed|p2b: HoHoHomicide\n|-activate|p2b: HoHoHomicide|move: Protect\n|cant|p1a: Flutter Mane|frz\n|move|p2a: Big Horns|Knock Off|p1a: Flutter Mane\n|-damage|p1a: Flutter Mane|18\/100 frz\n|-enditem|p1a: Flutter Mane|Focus Sash|[from] move: Knock Off|[of] p2a: Big Horns\n|\n|upkeep\n|turn|6\n|inactive|Krib_Underscore has 30 seconds left.\n|\n|t:|1683081799\n|-end|p2a: Big Horns|Protosynthesis|[silent]\n|switch|p2a: Taxi Service|Corviknight, L50, M, shiny|23\/100\n|move|p1b: Arcanine|Extreme Speed|p2b: HoHoHomicide\n|-damage|p2b: HoHoHomicide|0 fnt\n|faint|p2b: HoHoHomicide\n|-end|p2b: HoHoHomicide|Quark Drive|[silent]\n|-curestatus|p1a: Flutter Mane|frz|[msg]\n|move|p1a: Flutter Mane|Dazzling Gleam|p2a: Taxi Service\n|-resisted|p2a: Taxi Service\n|-damage|p2a: Taxi Service|3\/100\n|\n|upkeep\n|\n|t:|1683081823\n|switch|p2b: Knockoff Mega|Roaring Moon, L50|100\/100\n|-enditem|p2b: Knockoff Mega|Booster Energy\n|-activate|p2b: Knockoff Mega|ability: Protosynthesis|[fromitem]\n|-start|p2b: Knockoff Mega|protosynthesisatk\n|turn|7\n|inactive|BURANYA has 30 seconds left.\n|\n|t:|1683081858\n|move|p2b: Knockoff Mega|Protect|p2b: Knockoff Mega\n|-singleturn|p2b: Knockoff Mega|Protect\n|move|p1a: Flutter Mane|Dazzling Gleam|p2b: Knockoff Mega|[spread] p2a\n|-activate|p2b: Knockoff Mega|move: Protect\n|-resisted|p2a: Taxi Service\n|-damage|p2a: Taxi Service|0 fnt\n|faint|p2a: Taxi Service\n|move|p1b: Arcanine|Flare Blitz|p2b: Knockoff Mega\n|-activate|p2b: Knockoff Mega|move: Protect\n|\n|upkeep\n|\n|t:|1683081872\n|switch|p2a: Big Horns|Great Tusk, L50|100\/100\n|turn|8\n|\n|t:|1683081895\n|-terastallize|p1a: Flutter Mane|Fairy\n|-terastallize|p2b: Knockoff Mega|Flying\n|move|p1b: Arcanine|Protect|p1b: Arcanine\n|-singleturn|p1b: Arcanine|Protect\n|move|p1a: Flutter Mane|Dazzling Gleam|p2b: Knockoff Mega|[spread] p2a,p2b\n|-supereffective|p2a: Big Horns\n|-damage|p2a: Big Horns|27\/100\n|-damage|p2b: Knockoff Mega|56\/100\n|move|p2b: Knockoff Mega|Acrobatics|p1a: Flutter Mane\n|-damage|p1a: Flutter Mane|0 fnt\n|faint|p1a: Flutter Mane\n|-end|p1a: Flutter Mane|Protosynthesis|[silent]\n|move|p2a: Big Horns|Headlong Rush|p1b: Arcanine\n|-activate|p1b: Arcanine|move: Protect\n|\n|upkeep\n|\n|t:|1683081898\n|switch|p1a: Iron Bundle|Iron Bundle, L50|34\/100\n|turn|9\n|inactive|Krib_Underscore has 30 seconds left.\n|\n|t:|1683081927\n|move|p1a: Iron Bundle|Icy Wind|p2a: Big Horns|[spread] p2b\n|-miss|p1a: Iron Bundle|p2a: Big Horns\n|-supereffective|p2b: Knockoff Mega\n|-damage|p2b: Knockoff Mega|15\/100\n|-unboost|p2b: Knockoff Mega|spe|1\n|move|p1b: Arcanine|Flare Blitz|p2b: Knockoff Mega\n|-damage|p2b: Knockoff Mega|0 fnt\n|faint|p2b: Knockoff Mega\n|-end|p2b: Knockoff Mega|Protosynthesis|[silent]\n|-damage|p1b: Arcanine|71\/100|[from] Recoil\n|move|p2a: Big Horns|Close Combat|p1a: Iron Bundle\n|-supereffective|p1a: Iron Bundle\n|-damage|p1a: Iron Bundle|0 fnt\n|-unboost|p2a: Big Horns|def|1\n|-unboost|p2a: Big Horns|spd|1\n|faint|p1a: Iron Bundle\n|-end|p1a: Iron Bundle|Quark Drive|[silent]\n|\n|upkeep\n|inactive|BURANYA has 30 seconds left.\n|inactive|BURANYA has 20 seconds left.\n|inactive|BURANYA has 15 seconds left.\n|inactive|BURANYA has 10 seconds left.\n|inactive|BURANYA has 5 seconds left.\n|\n|t:|1683081983\n|switch|p1a: Slither Wing|Slither Wing, L50|60\/100\n|turn|10\n|inactive|BURANYA has 30 seconds left.\n|inactive|BURANYA has 20 seconds left.\n|inactive|BURANYA has 15 seconds left.\n|inactive|BURANYA has 10 seconds left.\n|inactive|BURANYA has 5 seconds left.\n|\n|t:|1683082038\n|move|p1b: Arcanine|Flare Blitz|p2a: Big Horns\n|-crit|p2a: Big Horns\n|-damage|p2a: Big Horns|0 fnt\n|faint|p2a: Big Horns\n|-end|p2a: Big Horns|Protosynthesis|[silent]\n|-damage|p1b: Arcanine|62\/100|[from] Recoil\n|\n|win|BURANYA\n|raw|BURANYA's rating: 1305 → 1324<\/strong> (+19 for winning)\n|raw|Krib_Underscore's rating: 1285 → 1261<\/strong> (-24 for losing)\n|c|\u2606Krib_Underscore|gg\n","uploadtime":1683082048,"views":6,"p1id":"buranya","p2id":"kribunderscore","formatid":"gen9vgc2023regulationc","rating":1261,"private":0,"password":""}