{"id":"gen9vgc2023regulationc-1845250054","p1":"YouSlakingBro","p2":"SlowHomie","format":"[Gen 9] VGC 2023 Regulation C","log":"|j|\u2606YouSlakingBro\n|j|\u2606SlowHomie\n|t:|1681702078\n|gametype|doubles\n|player|p1|YouSlakingBro|2|\n|player|p2|SlowHomie|lucas|\n|teamsize|p1|6\n|teamsize|p2|6\n|gen|9\n|tier|[Gen 9] VGC 2023 Regulation C\n|rated|Tournament battle\n|rule|Species Clause: Limit one of each Pok\u00e9mon\n|rule|Item Clause: Limit one of each item\n|clearpoke\n|poke|p1|Indeedee-F, L50, F|\n|poke|p1|Hatterene, L50, F|\n|poke|p1|Torkoal, L50, M|\n|poke|p1|Iron Hands, L50|\n|poke|p1|Brute Bonnet, L50|\n|poke|p1|Chi-Yu, L50|\n|poke|p2|Orthworm, L50, F|\n|poke|p2|Dragonite, L50, F|\n|poke|p2|Ting-Lu, L50|\n|poke|p2|Gyarados, L50, F|\n|poke|p2|Flutter Mane, L50|\n|poke|p2|Amoonguss, L50, M|\n|teampreview|4\nSlowHomie has agreed to open team sheets.\n|\n|t:|1681702103\n|start\n|switch|p1a: Indeedee|Indeedee-F, L50, F|100\/100\n|switch|p1b: Hatterene|Hatterene, L50, F|100\/100\n|switch|p2a: Ting-Lu|Ting-Lu, L50|100\/100\n|switch|p2b: Orthworm|Orthworm, L50, F, shiny|100\/100\n|-ability|p2a: Ting-Lu|Vessel of Ruin\n|-fieldstart|move: Psychic Terrain|[from] ability: Psychic Surge|[of] p1a: Indeedee\n|-enditem|p1a: Indeedee|Psychic Seed\n|-boost|p1a: Indeedee|spd|1|[from] item: Psychic Seed\n|turn|1\n|\n|t:|1681702135\n|move|p1a: Indeedee|Follow Me|p1a: Indeedee\n|-singleturn|p1a: Indeedee|move: Follow Me\n|move|p2a: Ting-Lu|Earthquake|p1b: Hatterene|[spread] p1a,p1b\n|-immune|p2b: Orthworm|[from] ability: Earth Eater\n|-crit|p1a: Indeedee\n|-damage|p1a: Indeedee|47\/100\n|-damage|p1b: Hatterene|63\/100\n|move|p2b: Orthworm|Heavy Slam|p1a: Indeedee\n|-damage|p1a: Indeedee|13\/100\n|move|p1b: Hatterene|Trick Room|p1b: Hatterene\n|-fieldstart|move: Trick Room|[of] p1b: Hatterene\n|\n|upkeep\n|turn|2\n|\n|t:|1681702165\n|move|p1a: Indeedee|Helping Hand|p1b: Hatterene\n|-singleturn|p1b: Hatterene|Helping Hand|[of] p1a: Indeedee\n|move|p1b: Hatterene|Dazzling Gleam|p2b: Orthworm|[spread] p2a,p2b\n|-supereffective|p2a: Ting-Lu\n|-resisted|p2b: Orthworm\n|-damage|p2a: Ting-Lu|50\/100\n|-damage|p2b: Orthworm|69\/100\n|-damage|p1b: Hatterene|53\/100|[from] item: Life Orb\n|move|p2b: Orthworm|Shed Tail|p2b: Orthworm\n|-start|p2b: Orthworm|Substitute|[from] move: Shed Tail\n|-damage|p2b: Orthworm|19\/100\n|-enditem|p2b: Orthworm|Sitrus Berry|[eat]\n|-heal|p2b: Orthworm|44\/100|[from] item: Sitrus Berry\n|\n|t:|1681702187\n|switch|p2b: Amoonguss|Amoonguss, L50, M, shiny|100\/100|[from] Shed Tail\n|move|p2a: Ting-Lu|Rock Slide|p1a: Indeedee|[spread] p1a\n|-miss|p2a: Ting-Lu|p1b: Hatterene\n|-damage|p1a: Indeedee|0 fnt\n|faint|p1a: Indeedee\n|\n|upkeep\n|\n|t:|1681702216\n|switch|p1a: Chi-Yu|Chi-Yu, L50|100\/100\n|-ability|p1a: Chi-Yu|Beads of Ruin\n|turn|3\n|\n|t:|1681702237\n|-terastallize|p2b: Amoonguss|Water\n|move|p1b: Hatterene|Dazzling Gleam|p2b: Amoonguss|[spread] p2a,p2b\n|-end|p2b: Amoonguss|Substitute\n|-supereffective|p2a: Ting-Lu\n|-damage|p2a: Ting-Lu|5\/100\n|-damage|p1b: Hatterene|44\/100|[from] item: Life Orb\n|move|p2b: Amoonguss|Spore|p1a: Chi-Yu\n|-status|p1a: Chi-Yu|slp|[from] move: Spore\n|move|p2a: Ting-Lu|Rock Slide|p1a: Chi-Yu|[spread] p1a,p1b\n|-supereffective|p1a: Chi-Yu\n|-damage|p1a: Chi-Yu|56\/100 slp\n|-damage|p1b: Hatterene|24\/100\n|cant|p1a: Chi-Yu|slp\n|\n|upkeep\n|turn|4\n|\n|t:|1681702281\n|switch|p2a: Flutter Mane|Flutter Mane, L50, shiny|100\/100\n|move|p1b: Hatterene|Dazzling Gleam|p2a: Flutter Mane|[spread] p2a,p2b\n|-damage|p2a: Flutter Mane|42\/100\n|-damage|p2b: Amoonguss|38\/100\n|-damage|p1b: Hatterene|15\/100|[from] item: Life Orb\n|move|p2b: Amoonguss|Clear Smog|p1b: Hatterene\n|-supereffective|p1b: Hatterene\n|-damage|p1b: Hatterene|0 fnt\n|-clearboost|p1b: Hatterene\n|faint|p1b: Hatterene\n|-curestatus|p1a: Chi-Yu|slp|[msg]\n|move|p1a: Chi-Yu|Heat Wave|p2a: Flutter Mane|[spread] p2a,p2b\n|-resisted|p2b: Amoonguss\n|-damage|p2a: Flutter Mane|0 fnt\n|-damage|p2b: Amoonguss|12\/100\n|-enditem|p2b: Amoonguss|Aguav Berry|[eat]\n|-heal|p2b: Amoonguss|45\/100|[from] item: Aguav Berry\n|faint|p2a: Flutter Mane\n|-end|p2a: Flutter Mane|Protosynthesis|[silent]\n|\n|upkeep\n|\n|t:|1681702300\n|switch|p1b: Torkoal|Torkoal, L50, M|100\/100\n|switch|p2a: Ting-Lu|Ting-Lu, L50|5\/100\n|-weather|SunnyDay|[from] ability: Drought|[of] p1b: Torkoal\n|-ability|p2a: Ting-Lu|Vessel of Ruin\n|turn|5\n|j| jrdog\n|\n|t:|1681702332\n|switch|p2a: Orthworm|Orthworm, L50, F, shiny|44\/100\n|-terastallize|p1b: Torkoal|Fire\n|move|p1b: Torkoal|Eruption|p2b: Amoonguss|[spread] p2a,p2b\n|-supereffective|p2a: Orthworm\n|-resisted|p2b: Amoonguss\n|-damage|p2a: Orthworm|0 fnt\n|-damage|p2b: Amoonguss|0 fnt\n|faint|p2a: Orthworm\n|faint|p2b: Amoonguss\n|move|p1a: Chi-Yu|Heat Wave|p2: Orthworm|[notarget]\n|-fail|p1a: Chi-Yu\n|\n|-weather|SunnyDay|[upkeep]\n|-fieldend|move: Trick Room\n|-fieldend|move: Psychic Terrain\n|upkeep\n|\n|t:|1681702340\n|switch|p2b: Ting-Lu|Ting-Lu, L50|5\/100\n|-ability|p2b: Ting-Lu|Vessel of Ruin\n|turn|6\n|c|\u2606SlowHomie|Gg wp\n|c|\u2606YouSlakingBro|gg wp\n|\n|t:|1681702361\n|move|p1a: Chi-Yu|Heat Wave|p2b: Ting-Lu\n|-damage|p2b: Ting-Lu|0 fnt\n|faint|p2b: Ting-Lu\n|\n|win|YouSlakingBro\n|n|\u2606YouSlakingBro|youslakingbro\n|n|\u2606SlowHomie|slowhomie\n|n| jrdog|jrdog\n|l|\u2606SlowHomie\n","uploadtime":1681702372,"views":7,"p1id":"youslakingbro","p2id":"slowhomie","formatid":"gen9vgc2023regulationc","rating":0,"private":0,"password":""}