{"id":"gen9vgc2023regulationc-1852394685","p1":"GholDenko","p2":"Rk9s","format":"[Gen 9] VGC 2023 Regulation C","log":"|j|\u2606GholDenko\n|j|\u2606Rk9s\n|t:|1682552244\n|gametype|doubles\n|player|p1|GholDenko|drayden|\n|player|p2|Rk9s|fantina|\n|teamsize|p1|6\n|teamsize|p2|6\n|gen|9\n|tier|[Gen 9] VGC 2023 Regulation C\n|rule|Species Clause: Limit one of each Pok\u00e9mon\n|rule|Item Clause: Limit one of each item\n|clearpoke\n|poke|p1|Chien-Pao, L50|\n|poke|p1|Palafin, L50, M|\n|poke|p1|Corviknight, L50, F|\n|poke|p1|Volcarona, L50, F|\n|poke|p1|Gothitelle, L50, M|\n|poke|p1|Iron Hands, L50|\n|poke|p2|Chi-Yu, L50|\n|poke|p2|Gholdengo, L50|\n|poke|p2|Iron Bundle, L50|\n|poke|p2|Amoonguss, L50, F|\n|poke|p2|Talonflame, L50, M|\n|poke|p2|Garchomp, L50, F|\n|teampreview|4\n|c|\u2606GholDenko|G3\nGholDenko has agreed to open team sheets.\nRk9s has agreed to open team sheets.\n|c|\u2606Rk9s|Gl\n|c|\u2606GholDenko|u2!\n|\n|t:|1682553017\n|start\n|switch|p1a: Palafin|Palafin, L50, M, shiny|100\/100\n|switch|p1b: Gothitelle|Gothitelle, L50, M|100\/100\n|switch|p2a: Nerd|Iron Bundle, L50|100\/100\n|switch|p2b: Baddest Dude|Garchomp, L50, F|100\/100\n|turn|1\n|\n|t:|1682553044\n|detailschange|p1a: Palafin|Palafin-Hero, L50, M, shiny\n|switch|p1a: Corviknight|Corviknight, L50, F|100\/100\n|-terastallize|p2b: Baddest Dude|Fairy\n|move|p2a: Nerd|Freeze-Dry|p1a: Corviknight\n|-crit|p1a: Corviknight\n|-damage|p1a: Corviknight|55\/100\n|move|p2b: Baddest Dude|Rock Slide|p1a: Corviknight|[spread] p1a,p1b\n|-damage|p1a: Corviknight|39\/100\n|-damage|p1b: Gothitelle|83\/100\n|move|p1b: Gothitelle|Trick Room|p1b: Gothitelle\n|-fieldstart|move: Trick Room|[of] p1b: Gothitelle\n|\n|upkeep\n|turn|2\n|\n|t:|1682553074\n|move|p2b: Baddest Dude|Protect|p2b: Baddest Dude\n|-singleturn|p2b: Baddest Dude|Protect\n|move|p2a: Nerd|Protect|p2a: Nerd\n|-singleturn|p2a: Nerd|Protect\n|move|p1b: Gothitelle|Psychic|p2a: Nerd\n|-activate|p2a: Nerd|move: Protect\n|move|p1a: Corviknight|Bulk Up|p1a: Corviknight\n|-boost|p1a: Corviknight|atk|1\n|-boost|p1a: Corviknight|def|1\n|\n|upkeep\n|turn|3\n|\n|t:|1682553112\n|move|p1b: Gothitelle|Psychic|p2a: Nerd\n|-damage|p2a: Nerd|41\/100\n|move|p1a: Corviknight|Roost|p1a: Corviknight\n|-heal|p1a: Corviknight|89\/100\n|-singleturn|p1a: Corviknight|move: Roost\n|move|p2b: Baddest Dude|Rock Slide|p1b: Gothitelle|[spread] p1a,p1b\n|-resisted|p1a: Corviknight\n|-damage|p1a: Corviknight|84\/100\n|-damage|p1b: Gothitelle|63\/100\n|move|p2a: Nerd|Encore|p1a: Corviknight\n|-start|p1a: Corviknight|Encore\n|\n|upkeep\n|turn|4\n|\n|t:|1682553152\n|move|p2a: Nerd|Protect|p2a: Nerd\n|-singleturn|p2a: Nerd|Protect\n|move|p1b: Gothitelle|Psychic|p2b: Baddest Dude\n|-damage|p2b: Baddest Dude|65\/100\n|move|p1a: Corviknight|Roost|p1a: Corviknight\n|-heal|p1a: Corviknight|100\/100\n|-singleturn|p1a: Corviknight|move: Roost\n|move|p2b: Baddest Dude|Earthquake|p1b: Gothitelle|[spread] p1a,p1b\n|-activate|p2a: Nerd|move: Protect\n|-supereffective|p1a: Corviknight\n|-damage|p1a: Corviknight|61\/100\n|-damage|p1b: Gothitelle|25\/100\n|-enditem|p1b: Gothitelle|Sitrus Berry|[eat]\n|-heal|p1b: Gothitelle|50\/100|[from] item: Sitrus Berry\n|\n|upkeep\n|turn|5\n|\n|t:|1682553190\n|move|p2b: Baddest Dude|Protect|p2b: Baddest Dude\n|-singleturn|p2b: Baddest Dude|Protect\n|move|p2a: Nerd|Protect||[still]\n|-fail|p2a: Nerd\n|move|p1b: Gothitelle|Psychic|p2a: Nerd\n|-damage|p2a: Nerd|0 fnt\n|faint|p2a: Nerd\n|-end|p2a: Nerd|Quark Drive|[silent]\n|move|p1a: Corviknight|Roost|p1a: Corviknight\n|-heal|p1a: Corviknight|100\/100\n|-singleturn|p1a: Corviknight|move: Roost\n|\n|-fieldend|move: Trick Room\n|upkeep\n|\n|t:|1682553205\n|switch|p2a: Art kid|Chi-Yu, L50|100\/100\n|-ability|p2a: Art kid|Beads of Ruin\n|turn|6\n|\n|t:|1682553228\n|move|p1b: Gothitelle|Protect|p1b: Gothitelle\n|-singleturn|p1b: Gothitelle|Protect\n|move|p2b: Baddest Dude|Rock Slide|p1b: Gothitelle|[spread] p1a\n|-activate|p1b: Gothitelle|move: Protect\n|-damage|p1a: Corviknight|91\/100\n|move|p2a: Art kid|Heat Wave|p1b: Gothitelle|[spread] p1a\n|-activate|p1b: Gothitelle|move: Protect\n|-supereffective|p1a: Corviknight\n|-crit|p1a: Corviknight\n|-damage|p1a: Corviknight|0 fnt\n|faint|p1a: Corviknight\n|\n|upkeep\n|\n|t:|1682553248\n|switch|p1a: Iron Hands|Iron Hands, L50|100\/100\n|turn|7\n|\n|t:|1682553263\n|move|p1a: Iron Hands|Fake Out|p2b: Baddest Dude\n|-damage|p2b: Baddest Dude|50\/100\n|-damage|p1a: Iron Hands|88\/100|[from] ability: Rough Skin|[of] p2b: Baddest Dude\n|cant|p2b: Baddest Dude|flinch\n|move|p2a: Art kid|Heat Wave|p1a: Iron Hands|[spread] p1a,p1b\n|-damage|p1a: Iron Hands|53\/100\n|-damage|p1b: Gothitelle|0 fnt\n|faint|p1b: Gothitelle\n|\n|upkeep\n|\n|t:|1682553272\n|switch|p1b: Palafin|Palafin-Hero, L50, M, shiny|100\/100\n|-activate|p1b: Palafin|ability: Zero to Hero\n|turn|8\n|\n|t:|1682553290\n|switch|p2a: Cheer Captain|Talonflame, L50, M|100\/100\n|-terastallize|p1b: Palafin|Water\n|move|p1b: Palafin|Jet Punch|p2b: Baddest Dude\n|-damage|p2b: Baddest Dude|0 fnt\n|-damage|p1b: Palafin|88\/100|[from] ability: Rough Skin|[of] p2b: Baddest Dude\n|faint|p2b: Baddest Dude\n|move|p1a: Iron Hands|Drain Punch|p2a: Cheer Captain\n|-resisted|p2a: Cheer Captain\n|-damage|p2a: Cheer Captain|73\/100\n|-heal|p1a: Iron Hands|64\/100|[from] drain|[of] p2a: Cheer Captain\n|\n|upkeep\n|\n|t:|1682553304\n|switch|p2b: Art kid|Chi-Yu, L50|100\/100\n|-ability|p2b: Art kid|Beads of Ruin\n|turn|9\n|\n|t:|1682553322\n|move|p2a: Cheer Captain|Quick Guard|p2a: Cheer Captain\n|-singleturn|p2a: Cheer Captain|Quick Guard\n|move|p1b: Palafin|Jet Punch|p2b: Art kid\n|-activate|p2b: Art kid|move: Quick Guard\n|move|p2b: Art kid|Psychic|p1a: Iron Hands\n|-supereffective|p1a: Iron Hands\n|-damage|p1a: Iron Hands|0 fnt\n|faint|p1a: Iron Hands\n|-end|p1a: Iron Hands|Quark Drive|[silent]\n|\n|upkeep\n|turn|10\n|\n|t:|1682553336\n|move|p2a: Cheer Captain|Quick Guard|p2a: Cheer Captain\n|-singleturn|p2a: Cheer Captain|Quick Guard\n|move|p2b: Art kid|Psychic|p1b: Palafin\n|-damage|p1b: Palafin|26\/100\n|move|p1b: Palafin|Wave Crash|p2b: Art kid\n|-supereffective|p2b: Art kid\n|-damage|p2b: Art kid|0 fnt\n|faint|p2b: Art kid\n|-damage|p1b: Palafin|5\/100|[from] Recoil\n|\n|upkeep\n|turn|11\n|\n|t:|1682553351\n|move|p1b: Palafin|Jet Punch|p2a: Cheer Captain\n|-supereffective|p2a: Cheer Captain\n|-damage|p2a: Cheer Captain|0 fnt\n|faint|p2a: Cheer Captain\n|\n|win|GholDenko\n|c|\u2606Rk9s|Ggs\n|c|\u2606GholDenko|GGs\n","uploadtime":1682553363,"views":15,"p1id":"gholdenko","p2id":"rk9s","formatid":"gen9vgc2023regulationc","rating":0,"private":0,"password":""}