{"id":"gen9vgc2023regulationc-1852004895","p1":"Errjj","p2":"Lewlo","format":"[Gen 9] VGC 2023 Regulation C","log":"|j|\u2606Errjj\n|j|\u2606Lewlo\n|t:|1682515939\n|gametype|doubles\n|player|p1|Errjj|clay|1207\n|player|p2|Lewlo|pokemonbreeder-gen4|1203\n|teamsize|p1|6\n|teamsize|p2|6\n|gen|9\n|tier|[Gen 9] VGC 2023 Regulation C\n|rated|\n|rule|Species Clause: Limit one of each Pok\u00e9mon\n|rule|Item Clause: Limit one of each item\n|clearpoke\n|poke|p1|Chi-Yu, L50|\n|poke|p1|Dachsbun, L50, F|\n|poke|p1|Dragonite, L50, F|\n|poke|p1|Chien-Pao, L50|\n|poke|p1|Flutter Mane, L50|\n|poke|p1|Azumarill, L50, M|\n|poke|p2|Sylveon, L50, F|\n|poke|p2|Wo-Chien, L50|\n|poke|p2|Glimmora, L50, F|\n|poke|p2|Ting-Lu, L50|\n|poke|p2|Arcanine, L50, M|\n|poke|p2|Garganacl, L50, F|\n|teampreview|4\n|inactive|Battle timer is ON: inactive players will automatically lose when time's up. (requested by Lewlo)\nLewlo has agreed to open team sheets.\n|\n|t:|1682515964\n|start\n|switch|p1a: Chi-Yu|Chi-Yu, L50|100\/100\n|switch|p1b: Dachsbun|Dachsbun, L50, F|100\/100\n|switch|p2a: Erm Kinda cringe|Ting-Lu, L50|100\/100\n|switch|p2b: Sylveon|Sylveon, L50, F|100\/100\n|-ability|p1a: Chi-Yu|Beads of Ruin\n|-ability|p2a: Erm Kinda cringe|Vessel of Ruin\n|turn|1\n|\n|t:|1682515987\n|-terastallize|p1a: Chi-Yu|Ghost\n|move|p2b: Sylveon|Quick Attack|p2a: Erm Kinda cringe\n|-supereffective|p2a: Erm Kinda cringe\n|-crit|p2a: Erm Kinda cringe\n|-damage|p2a: Erm Kinda cringe|81\/100\n|-enditem|p2a: Erm Kinda cringe|Weakness Policy\n|-boost|p2a: Erm Kinda cringe|atk|2|[from] item: Weakness Policy\n|-boost|p2a: Erm Kinda cringe|spa|2|[from] item: Weakness Policy\n|move|p1a: Chi-Yu|Lava Plume|p2a: Erm Kinda cringe|[spread] p2a,p2b\n|-ability|p1b: Dachsbun|Well-Baked Body|boost\n|-boost|p1b: Dachsbun|def|2\n|-damage|p2a: Erm Kinda cringe|59\/100\n|-damage|p2b: Sylveon|78\/100\n|-enditem|p2b: Sylveon|Red Card|[of] p1a: Chi-Yu\n|drag|p1a: Flutter Mane|Flutter Mane, L50|100\/100\n|-enditem|p1a: Flutter Mane|Booster Energy\n|-activate|p1a: Flutter Mane|ability: Protosynthesis|[fromitem]\n|-start|p1a: Flutter Mane|protosynthesisspe\n|move|p1b: Dachsbun|Body Press|p2a: Erm Kinda cringe\n|-supereffective|p2a: Erm Kinda cringe\n|-damage|p2a: Erm Kinda cringe|14\/100\n|move|p2a: Erm Kinda cringe|Heavy Slam|p1b: Dachsbun\n|-supereffective|p1b: Dachsbun\n|-crit|p1b: Dachsbun\n|-damage|p1b: Dachsbun|0 fnt\n|faint|p1b: Dachsbun\n|\n|upkeep\n|inactive|Errjj has 30 seconds left.\n|\n|t:|1682516015\n|switch|p1b: Chi-Yu|Chi-Yu, L50, tera:Ghost|100\/100\n|-ability|p1b: Chi-Yu|Beads of Ruin\n|turn|2\n|inactive|Errjj has 30 seconds left.\n|\n|t:|1682516050\n|move|p2b: Sylveon|Detect|p2b: Sylveon\n|-singleturn|p2b: Sylveon|Protect\n|move|p1a: Flutter Mane|Dazzling Gleam|p2a: Erm Kinda cringe|[spread] p2a\n|-activate|p2b: Sylveon|move: Protect\n|-supereffective|p2a: Erm Kinda cringe\n|-damage|p2a: Erm Kinda cringe|0 fnt\n|faint|p2a: Erm Kinda cringe\n|move|p1b: Chi-Yu|Dark Pulse|p2b: Sylveon\n|-activate|p2b: Sylveon|move: Protect\n|\n|upkeep\n|\n|t:|1682516060\n|switch|p2a: Glimmora|Glimmora, L50, F|100\/100\n|turn|3\n|\n|t:|1682516072\n|move|p1a: Flutter Mane|Shadow Ball|p2a: Glimmora\n|-damage|p2a: Glimmora|60\/100\n|move|p1b: Chi-Yu|Dark Pulse|p2a: Glimmora\n|-damage|p2a: Glimmora|19\/100\n|move|p2a: Glimmora|Mortal Spin|p1a: Flutter Mane|[spread] p1a,p1b\n|-resisted|p1b: Chi-Yu\n|-damage|p1a: Flutter Mane|92\/100\n|-damage|p1b: Chi-Yu|97\/100\n|-status|p1a: Flutter Mane|psn\n|-status|p1b: Chi-Yu|psn\n|move|p2b: Sylveon|Hyper Voice|p1b: Chi-Yu|[spread] p1a,p1b\n|-damage|p1a: Flutter Mane|52\/100 psn\n|-damage|p1b: Chi-Yu|60\/100 psn\n|\n|-damage|p1a: Flutter Mane|39\/100 psn|[from] psn\n|-damage|p1b: Chi-Yu|48\/100 psn|[from] psn\n|upkeep\n|turn|4\n|inactive|Errjj has 30 seconds left.\n|\n|t:|1682516100\n|move|p1a: Flutter Mane|Shadow Ball|p2b: Sylveon\n|-damage|p2b: Sylveon|39\/100\n|move|p1b: Chi-Yu|Dark Pulse|p2a: Glimmora\n|-damage|p2a: Glimmora|0 fnt\n|faint|p2a: Glimmora\n|move|p2b: Sylveon|Hyper Voice|p1a: Flutter Mane|[spread] p1a,p1b\n|-damage|p1a: Flutter Mane|0 fnt\n|-damage|p1b: Chi-Yu|11\/100 psn\n|faint|p1a: Flutter Mane\n|-end|p1a: Flutter Mane|Protosynthesis|[silent]\n|\n|-damage|p1b: Chi-Yu|0 fnt|[from] psn\n|faint|p1b: Chi-Yu\n|upkeep\n|\n|t:|1682516120\n|switch|p1b: Azumarill|Azumarill, L50, M, shiny|100\/100\n|switch|p2a: Garganacl|Garganacl, L50, F|100\/100\n|turn|5\n|\n|t:|1682516131\n|move|p2b: Sylveon|Hyper Voice|p1b: Azumarill\n|-damage|p1b: Azumarill|55\/100\n|move|p1b: Azumarill|Liquidation|p2a: Garganacl\n|-supereffective|p2a: Garganacl\n|-damage|p2a: Garganacl|24\/100\n|-enditem|p2a: Garganacl|Sitrus Berry|[eat]\n|-heal|p2a: Garganacl|49\/100|[from] item: Sitrus Berry\n|move|p2a: Garganacl|Salt Cure|p1b: Azumarill\n|-damage|p1b: Azumarill|40\/100\n|-start|p1b: Azumarill|Salt Cure\n|\n|-damage|p1b: Azumarill|15\/100|[from] Salt Cure\n|upkeep\n|turn|6\n|\n|t:|1682516144\n|move|p2a: Garganacl|Protect|p2a: Garganacl\n|-singleturn|p2a: Garganacl|Protect\n|move|p2b: Sylveon|Hyper Voice|p1b: Azumarill\n|-damage|p1b: Azumarill|0 fnt\n|faint|p1b: Azumarill\n|\n|win|Lewlo\n|raw|Errjj's rating: 1207 → 1182<\/strong> (-25 for losing)\n|raw|Lewlo's rating: 1203 → 1228<\/strong> (+25 for winning)\n|c|\u2606Lewlo|gg\n|l|\u2606Errjj\n","uploadtime":1682516154,"views":8,"p1id":"errjj","p2id":"lewlo","formatid":"gen9vgc2023regulationc","rating":1182,"private":0,"password":""}