{"id":"gen9vgc2023regulationc-1855399591","p1":"bbcom233","p2":"768\u53f7\u6b66\u58ebmax","format":"[Gen 9] VGC 2023 Regulation C","log":"|j|\u2606bbcom233\n|j|\u2606768\u53f7\u6b66\u58ebmax\n|t:|1682947591\n|gametype|doubles\n|player|p1|bbcom233|170|\n|player|p2|768\u53f7\u6b66\u58ebmax|guzma|\n|teamsize|p1|6\n|teamsize|p2|6\n|gen|9\n|tier|[Gen 9] VGC 2023 Regulation C\n|rule|Species Clause: Limit one of each Pok\u00e9mon\n|rule|Item Clause: Limit one of each item\n|clearpoke\n|poke|p1|Grimmsnarl, L50, M|\n|poke|p1|Arcanine, L50, M|\n|poke|p1|Iron Hands, L50|\n|poke|p1|Corviknight, L50, M|\n|poke|p1|Flutter Mane, L50|\n|poke|p1|Palafin, L50, M|\n|poke|p2|Tyranitar, L50, M|\n|poke|p2|Lycanroc, L50, M|\n|poke|p2|Indeedee-F, L50, F|\n|poke|p2|Ting-Lu, L50|\n|poke|p2|Annihilape, L50, M|\n|poke|p2|Flutter Mane, L50|\n|teampreview|4\nbbcom233 has agreed to open team sheets.\n768\u53f7\u6b66\u58ebmax has agreed to open team sheets.\n|\n|t:|1682947686\n|start\n|switch|p1a: Palafin|Palafin, L50, M|100\/100\n|switch|p1b: Flutter Mane|Flutter Mane, L50, shiny|100\/100\n|switch|p2a: Annihilape|Annihilape, L50, M, shiny|100\/100\n|switch|p2b: Flutter Mane|Flutter Mane, L50, shiny|100\/100\n|-enditem|p2b: Flutter Mane|Booster Energy\n|-activate|p2b: Flutter Mane|ability: Protosynthesis|[fromitem]\n|-start|p2b: Flutter Mane|protosynthesisspe\n|-enditem|p1b: Flutter Mane|Booster Energy\n|-activate|p1b: Flutter Mane|ability: Protosynthesis|[fromitem]\n|-start|p1b: Flutter Mane|protosynthesisspa\n|turn|1\n|\n|t:|1682947740\n|-terastallize|p1b: Flutter Mane|Fairy\n|move|p2b: Flutter Mane|Protect|p2b: Flutter Mane\n|-singleturn|p2b: Flutter Mane|Protect\n|move|p2a: Annihilape|Protect|p2a: Annihilape\n|-singleturn|p2a: Annihilape|Protect\n|move|p1b: Flutter Mane|Moonblast|p2a: Annihilape\n|-activate|p2a: Annihilape|move: Protect\n|move|p1a: Palafin|Wave Crash|p2a: Annihilape\n|-activate|p2a: Annihilape|move: Protect\n|\n|upkeep\n|turn|2\n|\n|t:|1682947810\n|-terastallize|p2a: Annihilape|Water\n|move|p2b: Flutter Mane|Dazzling Gleam|p1b: Flutter Mane|[spread] p1a,p1b\n|-damage|p1a: Palafin|63\/100\n|-damage|p1b: Flutter Mane|74\/100\n|move|p1b: Flutter Mane|Moonblast|p2b: Flutter Mane\n|-damage|p2b: Flutter Mane|3\/100\n|move|p2a: Annihilape|Rage Fist|p1a: Palafin\n|-damage|p1a: Palafin|37\/100\n|move|p1a: Palafin|Wave Crash|p2b: Flutter Mane\n|-damage|p2b: Flutter Mane|0 fnt\n|faint|p2b: Flutter Mane\n|-end|p2b: Flutter Mane|Protosynthesis|[silent]\n|-damage|p1a: Palafin|37\/100|[from] Recoil\n|\n|upkeep\n|\n|t:|1682947824\n|switch|p2b: Tyranitar|Tyranitar, L50, M, shiny|100\/100\n|-weather|Sandstorm|[from] ability: Sand Stream|[of] p2b: Tyranitar\n|turn|3\n|\n|t:|1682947842\n|move|p1b: Flutter Mane|Moonblast|p2b: Tyranitar\n|-supereffective|p2b: Tyranitar\n|-damage|p2b: Tyranitar|0 fnt\n|faint|p2b: Tyranitar\n|move|p2a: Annihilape|Rage Fist|p1b: Flutter Mane\n|-damage|p1b: Flutter Mane|31\/100\n|move|p1a: Palafin|Wave Crash|p2a: Annihilape\n|-resisted|p2a: Annihilape\n|-damage|p2a: Annihilape|71\/100\n|-damage|p1a: Palafin|27\/100|[from] Recoil\n|\n|-weather|Sandstorm|[upkeep]\n|-damage|p1b: Flutter Mane|25\/100|[from] Sandstorm\n|-damage|p2a: Annihilape|65\/100|[from] Sandstorm\n|-damage|p1a: Palafin|21\/100|[from] Sandstorm\n|-heal|p2a: Annihilape|71\/100|[from] item: Leftovers\n|upkeep\n|\n|t:|1682947855\n|switch|p2b: Lycanroc|Lycanroc, L50, M|100\/100\n|turn|4\n|\n|t:|1682947890\n|-end|p1b: Flutter Mane|Protosynthesis|[silent]\n|switch|p1b: Corviknight|Corviknight, L50, M|100\/100\n|move|p1a: Palafin|Jet Punch|p2b: Lycanroc\n|-supereffective|p2b: Lycanroc\n|-damage|p2b: Lycanroc|7\/100\n|move|p2b: Lycanroc|Rock Slide|p1a: Palafin|[spread] p1a,p1b\n|-damage|p1a: Palafin|0 fnt\n|-damage|p1b: Corviknight|77\/100\n|faint|p1a: Palafin\n|move|p2a: Annihilape|Bulk Up|p2a: Annihilape\n|-boost|p2a: Annihilape|atk|1\n|-boost|p2a: Annihilape|def|1\n|\n|-weather|Sandstorm|[upkeep]\n|-damage|p2a: Annihilape|65\/100|[from] Sandstorm\n|-heal|p2a: Annihilape|71\/100|[from] item: Leftovers\n|upkeep\n|\n|t:|1682947933\n|switch|p1a: Arcanine|Arcanine, L50, M|100\/100\n|-ability|p1a: Arcanine|Intimidate|boost\n|-unboost|p2a: Annihilape|atk|1\n|-ability|p2a: Annihilape|Defiant|boost\n|-boost|p2a: Annihilape|atk|2\n|-unboost|p2b: Lycanroc|atk|1\n|turn|5\n|\n|t:|1682947964\n|move|p2b: Lycanroc|Protect|p2b: Lycanroc\n|-singleturn|p2b: Lycanroc|Protect\n|move|p1a: Arcanine|Extreme Speed|p2b: Lycanroc\n|-activate|p2b: Lycanroc|move: Protect\n|move|p2a: Annihilape|Rage Fist|p1a: Arcanine\n|-damage|p1a: Arcanine|0 fnt\n|faint|p1a: Arcanine\n|move|p1b: Corviknight|Bulk Up|p1b: Corviknight\n|-boost|p1b: Corviknight|atk|1\n|-boost|p1b: Corviknight|def|1\n|\n|-weather|Sandstorm|[upkeep]\n|-damage|p2a: Annihilape|65\/100|[from] Sandstorm\n|-heal|p2a: Annihilape|71\/100|[from] item: Leftovers\n|upkeep\n|\n|t:|1682947978\n|switch|p1a: Flutter Mane|Flutter Mane, L50, shiny, tera:Fairy|25\/100\n|turn|6\n|\n|t:|1682948011\n|move|p1a: Flutter Mane|Protect|p1a: Flutter Mane\n|-singleturn|p1a: Flutter Mane|Protect\n|move|p2b: Lycanroc|Rock Slide|p1b: Corviknight|[spread] \n|-activate|p1a: Flutter Mane|move: Protect\n|-miss|p2b: Lycanroc|p1b: Corviknight\n|move|p2a: Annihilape|Rage Fist|p1b: Corviknight\n|-damage|p1b: Corviknight|23\/100\n|move|p1b: Corviknight|Iron Head|p2b: Lycanroc\n|-supereffective|p2b: Lycanroc\n|-damage|p2b: Lycanroc|0 fnt\n|faint|p2b: Lycanroc\n|\n|-weather|Sandstorm|[upkeep]\n|-damage|p1a: Flutter Mane|19\/100|[from] Sandstorm\n|-damage|p2a: Annihilape|65\/100|[from] Sandstorm\n|-heal|p2a: Annihilape|71\/100|[from] item: Leftovers\n|upkeep\n|turn|7\n|\n|t:|1682948035\n|move|p1a: Flutter Mane|Moonblast|p2a: Annihilape\n|-damage|p2a: Annihilape|2\/100\n|-unboost|p2a: Annihilape|spa|1\n|-ability|p2a: Annihilape|Defiant|boost\n|-boost|p2a: Annihilape|atk|2\n|move|p2a: Annihilape|Drain Punch|p1a: Flutter Mane\n|-resisted|p1a: Flutter Mane\n|-damage|p1a: Flutter Mane|0 fnt\n|-heal|p2a: Annihilape|9\/100|[from] drain|[of] p1a: Flutter Mane\n|faint|p1a: Flutter Mane\n|-end|p1a: Flutter Mane|Protosynthesis|[silent]\n|move|p1b: Corviknight|Brave Bird|p2a: Annihilape\n|-damage|p2a: Annihilape|0 fnt\n|faint|p2a: Annihilape\n|-damage|p1b: Corviknight|20\/100|[from] Recoil\n|\n|win|bbcom233\n","uploadtime":1682948051,"views":40,"p1id":"bbcom233","p2id":"768max","formatid":"gen9vgc2023regulationc","rating":0,"private":0,"password":""}