{"id":"gen9vgc2023regulationc-1850979144","p1":"Echo Rose#9471","p2":"bobby0616","format":"[Gen 9] VGC 2023 Regulation C","log":"|j|\u2606Echo Rose#9471\n|j|\u2606bobby0616\n|t:|1682389536\n|gametype|doubles\n|player|p1|Echo Rose#9471|265|1363\n|player|p2|bobby0616|preschooler|1487\n|teamsize|p1|6\n|teamsize|p2|6\n|gen|9\n|tier|[Gen 9] VGC 2023 Regulation C\n|rated|\n|rule|Species Clause: Limit one of each Pok\u00e9mon\n|rule|Item Clause: Limit one of each item\n|clearpoke\n|poke|p1|Chi-Yu, L50|\n|poke|p1|Flutter Mane, L50|\n|poke|p1|Wo-Chien, L50|\n|poke|p1|Gastrodon, L50, M|\n|poke|p1|Corviknight, L50, F|\n|poke|p1|Glimmora, L50, M|\n|poke|p2|Corviknight, L50, F|\n|poke|p2|Brute Bonnet, L50|\n|poke|p2|Great Tusk, L50|\n|poke|p2|Flutter Mane, L50|\n|poke|p2|Murkrow, L50, M|\n|poke|p2|Chi-Yu, L50|\n|teampreview|4\n|l|\u2606Echo Rose#9471\n|player|p1|\n|j|\u2606Echo Rose#9471\n|player|p1|Echo Rose#9471|265\n|\n|t:|1682389600\n|start\n|switch|p1a: Glimmora|Glimmora, L50, M|100\/100\n|switch|p1b: Chi-Yu|Chi-Yu, L50|100\/100\n|switch|p2a: Corviknight|Corviknight, L50, F|100\/100\n|switch|p2b: Great Tusk|Great Tusk, L50|100\/100\n|-ability|p1b: Chi-Yu|Beads of Ruin\n|turn|1\n|\n|t:|1682389627\n|switch|p1a: Wo-Chien|Wo-Chien, L50|100\/100\n|-ability|p1a: Wo-Chien|Tablets of Ruin\n|switch|p2a: Murkrow|Murkrow, L50, M|100\/100\n|move|p1b: Chi-Yu|Protect|p1b: Chi-Yu\n|-singleturn|p1b: Chi-Yu|Protect\n|move|p2b: Great Tusk|Earthquake|p1a: Wo-Chien|[spread] p1a\n|-activate|p1b: Chi-Yu|move: Protect\n|-immune|p2a: Murkrow\n|-resisted|p1a: Wo-Chien\n|-damage|p1a: Wo-Chien|86\/100\n|\n|upkeep\n|turn|2\n|\n|t:|1682389663\n|switch|p2a: Corviknight|Corviknight, L50, F|100\/100\n|-terastallize|p1b: Chi-Yu|Water\n|move|p2b: Great Tusk|Earthquake|p1a: Wo-Chien|[spread] p1a,p1b\n|-immune|p2a: Corviknight\n|-resisted|p1a: Wo-Chien\n|-damage|p1a: Wo-Chien|71\/100\n|-damage|p1b: Chi-Yu|62\/100\n|move|p1b: Chi-Yu|Heat Wave|p2b: Great Tusk|[spread] p2a,p2b\n|-supereffective|p2a: Corviknight\n|-damage|p2a: Corviknight|0 fnt\n|-damage|p2b: Great Tusk|25\/100\n|faint|p2a: Corviknight\n|move|p1a: Wo-Chien|Pollen Puff|p1b: Chi-Yu\n|-heal|p1b: Chi-Yu|100\/100\n|\n|upkeep\n|\n|t:|1682389681\n|switch|p2a: Brute Bonnet|Brute Bonnet, L50|100\/100\n|turn|3\n|\n|t:|1682389691\n|-end|p2b: Great Tusk|Protosynthesis|[silent]\n|switch|p2b: Murkrow|Murkrow, L50, M|100\/100\n|-terastallize|p2a: Brute Bonnet|Fire\n|move|p1b: Chi-Yu|Heat Wave|p2a: Brute Bonnet|[spread] p2a,p2b\n|-resisted|p2a: Brute Bonnet\n|-damage|p2a: Brute Bonnet|78\/100\n|-damage|p2b: Murkrow|43\/100\n|-status|p2b: Murkrow|brn\n|move|p2a: Brute Bonnet|Bullet Seed|p1b: Chi-Yu\n|-supereffective|p1b: Chi-Yu\n|-damage|p1b: Chi-Yu|73\/100\n|-supereffective|p1b: Chi-Yu\n|-damage|p1b: Chi-Yu|50\/100\n|-supereffective|p1b: Chi-Yu\n|-damage|p1b: Chi-Yu|23\/100\n|-supereffective|p1b: Chi-Yu\n|-damage|p1b: Chi-Yu|0 fnt\n|faint|p1b: Chi-Yu\n|-hitcount|p1: Chi-Yu|4\n|move|p1a: Wo-Chien|Pollen Puff|p2a: Brute Bonnet\n|-resisted|p2a: Brute Bonnet\n|-damage|p2a: Brute Bonnet|68\/100\n|\n|-damage|p2b: Murkrow|37\/100 brn|[from] brn\n|upkeep\n|\n|t:|1682389706\n|switch|p1b: Glimmora|Glimmora, L50, M|100\/100\n|turn|4\n|\n|t:|1682389728\n|move|p1a: Wo-Chien|Protect|p1a: Wo-Chien\n|-singleturn|p1a: Wo-Chien|Protect\n|move|p2b: Murkrow|Tailwind|p2b: Murkrow\n|-sidestart|p2: bobby0616|move: Tailwind\n|move|p2a: Brute Bonnet|Spore|p1b: Glimmora\n|-status|p1b: Glimmora|slp|[from] move: Spore\n|cant|p1b: Glimmora|slp\n|\n|-damage|p2b: Murkrow|31\/100 brn|[from] brn\n|upkeep\n|turn|5\n|\n|t:|1682389752\n|switch|p2b: Great Tusk|Great Tusk, L50|25\/100\n|move|p2a: Brute Bonnet|Bullet Seed|p1b: Glimmora\n|-damage|p1b: Glimmora|89\/100 slp\n|-damage|p1b: Glimmora|79\/100 slp\n|-damage|p1b: Glimmora|69\/100 slp\n|-damage|p1b: Glimmora|59\/100 slp\n|-hitcount|p1b: Glimmora|4\n|cant|p1b: Glimmora|slp\n|move|p1a: Wo-Chien|Leech Seed|p2a: Brute Bonnet\n|-start|p2a: Brute Bonnet|move: Leech Seed\n|\n|-damage|p2a: Brute Bonnet|56\/100|[from] Leech Seed|[of] p1a: Wo-Chien\n|-heal|p1a: Wo-Chien|83\/100|[silent]\n|upkeep\n|turn|6\n|\n|t:|1682389782\n|-end|p2a: Brute Bonnet|Protosynthesis|[silent]\n|switch|p2a: Murkrow|Murkrow, L50, M|31\/100 brn\n|switch|p1b: Mercury|Corviknight, L50, F, shiny|100\/100\n|move|p2b: Great Tusk|Earthquake|p1b: Mercury|[spread] p1a\n|-immune|p2a: Murkrow\n|-immune|p1b: Mercury\n|-resisted|p1a: Wo-Chien\n|-damage|p1a: Wo-Chien|69\/100\n|move|p1a: Wo-Chien|Leech Seed|p2b: Great Tusk\n|-start|p2b: Great Tusk|move: Leech Seed\n|\n|-damage|p2b: Great Tusk|13\/100|[from] Leech Seed|[of] p1a: Wo-Chien\n|-heal|p1a: Wo-Chien|81\/100|[silent]\n|-damage|p2a: Murkrow|25\/100 brn|[from] brn\n|upkeep\n|turn|7\n|-message|bobby0616 forfeited.\n|\n|win|Echo Rose#9471\n|raw|Echo Rose#9471's rating: 1363 → 1390<\/strong> (+27 for winning)\n|raw|bobby0616's rating: 1487 → 1460<\/strong> (-27 for losing)\n|l|\u2606bobby0616\n","uploadtime":1682389802,"views":6,"p1id":"echorose9471","p2id":"bobby0616","formatid":"gen9vgc2023regulationc","rating":1390,"private":0,"password":""}