{"id":"gen9vgc2023regulationc-1852394554","p1":"GholDenko","p2":"Rk9s","format":"[Gen 9] VGC 2023 Regulation C","log":"|j|\u2606GholDenko\n|j|\u2606Rk9s\n|t:|1682552228\n|gametype|doubles\n|player|p1|GholDenko|drayden|\n|player|p2|Rk9s|fantina|\n|teamsize|p1|6\n|teamsize|p2|6\n|gen|9\n|tier|[Gen 9] VGC 2023 Regulation C\n|rule|Species Clause: Limit one of each Pok\u00e9mon\n|rule|Item Clause: Limit one of each item\n|clearpoke\n|poke|p1|Chien-Pao, L50|\n|poke|p1|Palafin, L50, M|\n|poke|p1|Corviknight, L50, M|\n|poke|p1|Volcarona, L50, M|\n|poke|p1|Gothitelle, L50, M|\n|poke|p1|Iron Hands, L50|\n|poke|p2|Chi-Yu, L50|\n|poke|p2|Gholdengo, L50|\n|poke|p2|Iron Bundle, L50|\n|poke|p2|Amoonguss, L50, F|\n|poke|p2|Talonflame, L50, F|\n|poke|p2|Garchomp, L50, F|\n|teampreview|4\n|c|\u2606GholDenko|G2\nGholDenko has agreed to open team sheets.\nRk9s has agreed to open team sheets.\n|c|\u2606GholDenko|And G2\n|c|\u2606GholDenko|GL HF!\n|c|\u2606Rk9s|Glhf\n|\n|t:|1682552652\n|start\n|switch|p1a: Gothitelle|Gothitelle, L50, M|100\/100\n|switch|p1b: Iron Hands|Iron Hands, L50|100\/100\n|switch|p2a: Football Captain|Gholdengo, L50|100\/100\n|switch|p2b: Cheer Captain|Talonflame, L50, F|100\/100\n|turn|1\n|\n|t:|1682552689\n|move|p2b: Cheer Captain|Brave Bird|p1a: Gothitelle\n|-damage|p1a: Gothitelle|56\/100\n|-damage|p2b: Cheer Captain|86\/100|[from] Recoil\n|move|p2a: Football Captain|Shadow Ball|p1b: Iron Hands\n|-crit|p1b: Iron Hands\n|-damage|p1b: Iron Hands|67\/100\n|-unboost|p1b: Iron Hands|spd|1\n|move|p1b: Iron Hands|Wild Charge|p2b: Cheer Captain\n|-supereffective|p2b: Cheer Captain\n|-damage|p2b: Cheer Captain|0 fnt\n|faint|p2b: Cheer Captain\n|-damage|p1b: Iron Hands|51\/100|[from] Recoil\n|move|p1a: Gothitelle|Trick Room|p1a: Gothitelle\n|-fieldstart|move: Trick Room|[of] p1a: Gothitelle\n|\n|upkeep\n|c|\u2606Rk9s|Dang I was trying to predict goth protect lol\n|\n|t:|1682552724\n|switch|p2b: Baddest Dude|Garchomp, L50, F|100\/100\n|turn|2\n|\n|t:|1682552764\n|switch|p1a: Corviknight|Corviknight, L50, M|100\/100\n|-terastallize|p2b: Baddest Dude|Fairy\n|move|p2a: Football Captain|Protect|p2a: Football Captain\n|-singleturn|p2a: Football Captain|Protect\n|move|p1b: Iron Hands|Volt Switch|p2a: Football Captain\n|-activate|p2a: Football Captain|move: Protect\n|move|p2b: Baddest Dude|Earthquake|p1b: Iron Hands|[spread] p1b\n|-activate|p2a: Football Captain|move: Protect\n|-immune|p1a: Corviknight\n|-supereffective|p1b: Iron Hands\n|-damage|p1b: Iron Hands|0 fnt\n|faint|p1b: Iron Hands\n|-end|p1b: Iron Hands|Quark Drive|[silent]\n|\n|upkeep\n|\n|t:|1682552780\n|switch|p1b: Gothitelle|Gothitelle, L50, M|56\/100\n|turn|3\n|\n|t:|1682552809\n|move|p1b: Gothitelle|Psychic|p2b: Baddest Dude\n|-damage|p2b: Baddest Dude|68\/100\n|move|p1a: Corviknight|Bulk Up|p1a: Corviknight\n|-boost|p1a: Corviknight|atk|1\n|-boost|p1a: Corviknight|def|1\n|move|p2a: Football Captain|Shadow Ball|p1a: Corviknight\n|-damage|p1a: Corviknight|62\/100\n|move|p2b: Baddest Dude|Rock Slide|p1b: Gothitelle|[spread] p1a\n|-miss|p2b: Baddest Dude|p1b: Gothitelle\n|-damage|p1a: Corviknight|52\/100\n|\n|upkeep\n|turn|4\n|\n|t:|1682552838\n|move|p1b: Gothitelle|Psychic|p2b: Baddest Dude\n|-damage|p2b: Baddest Dude|37\/100\n|move|p1a: Corviknight|Brave Bird|p2b: Baddest Dude\n|-damage|p2b: Baddest Dude|0 fnt\n|-damage|p1a: Corviknight|40\/100|[from] ability: Rough Skin|[of] p2b: Baddest Dude\n|faint|p2b: Baddest Dude\n|-damage|p1a: Corviknight|29\/100|[from] Recoil\n|move|p2a: Football Captain|Make It Rain|p1a: Corviknight|[spread] p1a,p1b\n|-resisted|p1a: Corviknight\n|-damage|p1a: Corviknight|8\/100\n|-damage|p1b: Gothitelle|20\/100\n|-unboost|p2a: Football Captain|spa|1\n|-enditem|p1b: Gothitelle|Sitrus Berry|[eat]\n|-heal|p1b: Gothitelle|45\/100|[from] item: Sitrus Berry\n|\n|upkeep\n|\n|t:|1682552856\n|switch|p2b: Art kid|Chi-Yu, L50|100\/100\n|-ability|p2b: Art kid|Beads of Ruin\n|turn|5\n|\n|t:|1682552880\n|move|p1b: Gothitelle|Psychic|p2a: Football Captain\n|-resisted|p2a: Football Captain\n|-damage|p2a: Football Captain|80\/100\n|move|p1a: Corviknight|Body Press|p2b: Art kid\n|-supereffective|p2b: Art kid\n|-damage|p2b: Art kid|1\/100\n|move|p2a: Football Captain|Nasty Plot|p2a: Football Captain\n|-boost|p2a: Football Captain|spa|2\n|move|p2b: Art kid|Heat Wave|p1b: Gothitelle|[spread] p1a,p1b\n|-supereffective|p1a: Corviknight\n|-damage|p1a: Corviknight|0 fnt\n|-damage|p1b: Gothitelle|0 fnt\n|faint|p1a: Corviknight\n|faint|p1b: Gothitelle\n|\n|-heal|p2a: Football Captain|85\/100|[from] item: Leftovers\n|-fieldend|move: Trick Room\n|upkeep\n|\n|t:|1682552895\n|switch|p1b: Chien-Pao|Chien-Pao, L50|100\/100\n|-ability|p1b: Chien-Pao|Sword of Ruin\n|turn|6\n|\n|t:|1682552913\n|move|p1b: Chien-Pao|Ice Spinner|p2b: Art kid\n|-resisted|p2b: Art kid\n|-damage|p2b: Art kid|0 fnt\n|faint|p2b: Art kid\n|move|p2a: Football Captain|Shadow Ball|p1b: Chien-Pao\n|-resisted|p1b: Chien-Pao\n|-damage|p1b: Chien-Pao|46\/100\n|\n|-heal|p2a: Football Captain|91\/100|[from] item: Leftovers\n|upkeep\n|turn|7\n|\n|t:|1682552933\n|move|p1b: Chien-Pao|Protect|p1b: Chien-Pao\n|-singleturn|p1b: Chien-Pao|Protect\n|move|p2a: Football Captain|Nasty Plot|p2a: Football Captain\n|-boost|p2a: Football Captain|spa|2\n|\n|-heal|p2a: Football Captain|97\/100|[from] item: Leftovers\n|upkeep\n|turn|8\n|\n|t:|1682552941\n|move|p2a: Football Captain|Protect|p2a: Football Captain\n|-singleturn|p2a: Football Captain|Protect\n|move|p1b: Chien-Pao|Sucker Punch||[still]\n|-fail|p1b: Chien-Pao\n|\n|-heal|p2a: Football Captain|100\/100|[from] item: Leftovers\n|upkeep\n|turn|9\n|\n|t:|1682552949\n|move|p1b: Chien-Pao|Sucker Punch|p2a: Football Captain\n|-supereffective|p2a: Football Captain\n|-damage|p2a: Football Captain|2\/100\n|move|p2a: Football Captain|Make It Rain|p1b: Chien-Pao\n|-supereffective|p1b: Chien-Pao\n|-damage|p1b: Chien-Pao|0 fnt\n|-unboost|p2a: Football Captain|spa|1\n|faint|p1b: Chien-Pao\n|\n|win|Rk9s\n|c|\u2606GholDenko|GGs\n|c|\u2606Rk9s|Holy smokes\n","uploadtime":1682552963,"views":9,"p1id":"gholdenko","p2id":"rk9s","formatid":"gen9vgc2023regulationc","rating":0,"private":0,"password":""}