{"id":"gen9vgc2023regulationc-1851733636","p1":"GoatedGoats","p2":"kushsmoker68","format":"[Gen 9] VGC 2023 Regulation C","log":"|j|\u2606GoatedGoats\n|j|\u2606kushsmoker68\n|t:|1682475742\n|gametype|doubles\n|player|p1|GoatedGoats|101|1129\n|player|p2|kushsmoker68|clerkf|1111\n|teamsize|p1|6\n|teamsize|p2|6\n|gen|9\n|tier|[Gen 9] VGC 2023 Regulation C\n|rated|\n|rule|Species Clause: Limit one of each Pok\u00e9mon\n|rule|Item Clause: Limit one of each item\n|clearpoke\n|poke|p1|Sandy Shocks, L50|\n|poke|p1|Flapple, L50, F|\n|poke|p1|Gholdengo, L50|\n|poke|p1|Iron Bundle, L50|\n|poke|p1|Blissey, L50, F|\n|poke|p1|Maushold, L50|\n|poke|p2|Indeedee-F, L50, F|\n|poke|p2|Armarouge, L50, F|\n|poke|p2|Maushold, L50|\n|poke|p2|Meowscarada, L50, F|\n|poke|p2|Annihilape, L50, F|\n|poke|p2|Palafin, L50, M|\n|teampreview|4\n|inactive|Battle timer is ON: inactive players will automatically lose when time's up. (requested by GoatedGoats)\n|inactive|GoatedGoats has 60 seconds left.\nkushsmoker68 has agreed to open team sheets.\n|inactive|GoatedGoats has 30 seconds left.\n|\n|t:|1682475809\n|start\n|switch|p1a: EGG|Blissey, L50, F|100\/100\n|switch|p1b: Famiwee|Maushold, L50|100\/100\n|switch|p2a: the red light|Indeedee-F, L50, F|100\/100\n|switch|p2b: ecco2k|Palafin, L50, M|100\/100\n|-fieldstart|move: Psychic Terrain|[from] ability: Psychic Surge|[of] p2a: the red light\n|-enditem|p2a: the red light|Psychic Seed\n|-boost|p2a: the red light|spd|1|[from] item: Psychic Seed\n|turn|1\n|\n|t:|1682475830\n|move|p2a: the red light|Protect|p2a: the red light\n|-singleturn|p2a: the red light|Protect\n|move|p1b: Famiwee|Taunt|p2a: the red light\n|-activate|p2a: the red light|move: Protect\n|move|p2b: ecco2k|Flip Turn|p1b: Famiwee\n|-damage|p1b: Famiwee|62\/100\n|\n|t:|1682475841\n|detailschange|p2b: ecco2k|Palafin-Hero, L50, M\n|switch|p2b: roxanne|Armarouge, L50, F|100\/100|[from] Flip Turn\n|move|p1a: EGG|Gravity|p1a: EGG\n|-fieldstart|move: Gravity\n|\n|upkeep\n|turn|2\n|inactive|kushsmoker68 has 30 seconds left.\n|\n|t:|1682475866\n|move|p2a: the red light|Helping Hand|p2b: roxanne\n|-singleturn|p2b: roxanne|Helping Hand|[of] p2a: the red light\n|move|p1b: Famiwee|Population Bomb|p2a: the red light\n|-damage|p2a: the red light|92\/100\n|-damage|p2a: the red light|84\/100\n|-damage|p2a: the red light|76\/100\n|-damage|p2a: the red light|69\/100\n|-damage|p2a: the red light|62\/100\n|-damage|p2a: the red light|54\/100\n|-damage|p2a: the red light|46\/100\n|-damage|p2a: the red light|38\/100\n|-damage|p2a: the red light|31\/100\n|-damage|p2a: the red light|23\/100\n|-hitcount|p2a: the red light|10\n|move|p2b: roxanne|Expanding Force|p1b: Famiwee|[spread] p1a,p1b\n|-damage|p1a: EGG|59\/100\n|-damage|p1b: Famiwee|0 fnt\n|faint|p1b: Famiwee\n|move|p1a: EGG|Sing|p2b: roxanne\n|-status|p2b: roxanne|slp|[from] move: Sing\n|\n|upkeep\n|\n|t:|1682475882\n|switch|p1b: Deliboss|Iron Bundle, L50|100\/100\n|turn|3\n|inactive|GoatedGoats has 30 seconds left.\n|\n|t:|1682475908\n|move|p2a: the red light|Protect|p2a: the red light\n|-singleturn|p2a: the red light|Protect\n|move|p1b: Deliboss|Hydro Pump|p2a: the red light\n|-activate|p2a: the red light|move: Protect\n|cant|p2b: roxanne|slp\n|move|p1a: EGG|Thunder|p2b: roxanne\n|-damage|p2b: roxanne|70\/100 slp\n|\n|upkeep\n|turn|4\n|inactive|GoatedGoats has 30 seconds left.\n|\n|t:|1682475934\n|move|p2a: the red light|Protect|p2a: the red light\n|-singleturn|p2a: the red light|Protect\n|move|p1b: Deliboss|Hydro Pump|p2b: roxanne\n|-supereffective|p2b: roxanne\n|-damage|p2b: roxanne|0 fnt\n|faint|p2b: roxanne\n|move|p1a: EGG|Thunder|p2a: the red light\n|-activate|p2a: the red light|move: Protect\n|\n|upkeep\n|\n|t:|1682475947\n|switch|p2b: tuxedo flower|Meowscarada, L50, F|100\/100\n|turn|5\n|\n|t:|1682475967\n|-terastallize|p2b: tuxedo flower|Grass\n|move|p1b: Deliboss|Protect|p1b: Deliboss\n|-singleturn|p1b: Deliboss|Protect\n|move|p2a: the red light|Follow Me|p2a: the red light\n|-singleturn|p2a: the red light|move: Follow Me\n|move|p2b: tuxedo flower|Flower Trick|p1a: EGG\n|-crit|p1a: EGG\n|-damage|p1a: EGG|0 fnt\n|faint|p1a: EGG\n|\n|-fieldend|move: Gravity\n|-fieldend|move: Psychic Terrain\n|upkeep\n|\n|t:|1682475977\n|switch|p1a: Banana Man|Gholdengo, L50|100\/100\n|turn|6\n|inactive|GoatedGoats has 30 seconds left.\n|\n|t:|1682476005\n|-terastallize|p1a: Banana Man|Fighting\n|move|p2a: the red light|Follow Me|p2a: the red light\n|-singleturn|p2a: the red light|move: Follow Me\n|move|p1b: Deliboss|Freeze-Dry|p2a: the red light\n|-damage|p2a: the red light|0 fnt\n|faint|p2a: the red light\n|move|p2b: tuxedo flower|U-turn|p1b: Deliboss\n|-damage|p1b: Deliboss|73\/100\n|\n|t:|1682476014\n|switch|p2b: ecco2k|Palafin-Hero, L50, M|100\/100|[from] U-turn\n|-activate|p2b: ecco2k|ability: Zero to Hero\n|move|p1a: Banana Man|Make It Rain|p2b: ecco2k\n|-resisted|p2b: ecco2k\n|-damage|p2b: ecco2k|48\/100\n|-unboost|p1a: Banana Man|spa|1\n|\n|upkeep\n|\n|t:|1682476026\n|switch|p2a: tuxedo flower|Meowscarada, L50, F, tera:Grass|100\/100\n|turn|7\n|\n|t:|1682476046\n|move|p2b: ecco2k|Jet Punch|p1a: Banana Man\n|-damage|p1a: Banana Man|52\/100\n|move|p1b: Deliboss|Freeze-Dry|p2b: ecco2k\n|-supereffective|p2b: ecco2k\n|-damage|p2b: ecco2k|0 fnt\n|faint|p2b: ecco2k\n|move|p2a: tuxedo flower|Flower Trick|p1b: Deliboss\n|-supereffective|p1b: Deliboss\n|-crit|p1b: Deliboss\n|-damage|p1b: Deliboss|0 fnt\n|faint|p1b: Deliboss\n|-end|p1b: Deliboss|Quark Drive|[silent]\n|move|p1a: Banana Man|Make It Rain|p2a: tuxedo flower\n|-enditem|p2a: tuxedo flower|Focus Sash\n|-damage|p2a: tuxedo flower|1\/100\n|-unboost|p1a: Banana Man|spa|1\n|\n|upkeep\n|turn|8\n|\n|t:|1682476065\n|move|p2a: tuxedo flower|Flower Trick|p1a: Banana Man\n|-crit|p1a: Banana Man\n|-damage|p1a: Banana Man|0 fnt\n|faint|p1a: Banana Man\n|\n|win|kushsmoker68\n|raw|GoatedGoats's rating: 1129 → 1103<\/strong> (-26 for losing)\n|raw|kushsmoker68's rating: 1111 → 1137<\/strong> (+26 for winning)\n|l|\u2606GoatedGoats\n","uploadtime":1682476077,"views":11,"p1id":"goatedgoats","p2id":"kushsmoker68","formatid":"gen9vgc2023regulationc","rating":1103,"private":0,"password":""}