{"id":"gen9vgc2023regulationc-1853004705","p1":"KrisKiwii","p2":"bostonl1","format":"[Gen 9] VGC 2023 Regulation C","log":"|j|\u2606KrisKiwii\n|j|\u2606bostonl1\n|t:|1682624854\n|gametype|doubles\n|player|p1|KrisKiwii|doubleteam|\n|player|p2|bostonl1|morty|\n|teamsize|p1|6\n|teamsize|p2|6\n|gen|9\n|tier|[Gen 9] VGC 2023 Regulation C\n|rule|Species Clause: Limit one of each Pok\u00e9mon\n|rule|Item Clause: Limit one of each item\n|clearpoke\n|poke|p1|Indeedee-F, L50, F|\n|poke|p1|Armarouge, L50, F|\n|poke|p1|Torkoal, L50, M|\n|poke|p1|Hatterene, L50, F|\n|poke|p1|Kingambit, L50, M|\n|poke|p1|Annihilape, L50, M|\n|poke|p2|Lycanroc, L50, M|\n|poke|p2|Tyranitar, L50, F|\n|poke|p2|Garchomp, L50, M|\n|poke|p2|Talonflame, L50, F|\n|poke|p2|Iron Bundle, L50|\n|poke|p2|Flutter Mane, L50|\n|teampreview|4\n|c|\u2606bostonl1|g1\n|c|\u2606KrisKiwii|open or?\n|c|\u2606bostonl1|yea ill send in dms\n|c|\u2606KrisKiwii|gotcha\n|c|\u2606bostonl1|also going ahead and starting all 3 games\n|c|\u2606bostonl1|makes it easier to keep tracxk of\n|j| PKV Pokevin\n|c| PKV Pokevin|come on Boston\n|c|\u2606bostonl1|no\n|c|\u2606bostonl1|:)\n|j| Inazuma-Fulgur\n|j| PincherD\n|c|\u2606bostonl1|ok glhf\n|c|\u2606KrisKiwii|you too ^^\n|\n|t:|1682625189\n|start\n|switch|p1a: Indeedee|Indeedee-F, L50, F|100\/100\n|switch|p1b: Annihilape|Annihilape, L50, M|100\/100\n|switch|p2a: doge|Lycanroc, L50, M|100\/100\n|switch|p2b: Tyranitar|Tyranitar, L50, F|100\/100\n|-weather|Sandstorm|[from] ability: Sand Stream|[of] p2b: Tyranitar\n|-fieldstart|move: Psychic Terrain|[from] ability: Psychic Surge|[of] p1a: Indeedee\n|-enditem|p1a: Indeedee|Psychic Seed\n|-boost|p1a: Indeedee|spd|1|[from] item: Psychic Seed\n|turn|1\n|\n|t:|1682625250\n|switch|p2b: Flutter Mane|Flutter Mane, L50|100\/100\n|move|p2a: doge|Rock Slide|p1b: Annihilape|[spread] p1a\n|-miss|p2a: doge|p1b: Annihilape\n|-damage|p1a: Indeedee|72\/100\n|move|p1b: Annihilape|Close Combat|p2b: Flutter Mane\n|-immune|p2b: Flutter Mane\n|move|p1a: Indeedee|Trick Room|p1a: Indeedee\n|-fieldstart|move: Trick Room|[of] p1a: Indeedee\n|\n|-weather|Sandstorm|[upkeep]\n|-damage|p1a: Indeedee|65\/100|[from] Sandstorm\n|-damage|p2b: Flutter Mane|94\/100|[from] Sandstorm\n|-damage|p1b: Annihilape|95\/100|[from] Sandstorm\n|upkeep\n|turn|2\n|\n|t:|1682625309\n|switch|p1b: Hatterene|Hatterene, L50, F|100\/100\n|-terastallize|p2a: doge|Ghost\n|move|p1a: Indeedee|Dazzling Gleam|p2a: doge|[spread] p2a,p2b\n|-damage|p2a: doge|77\/100\n|-damage|p2b: Flutter Mane|80\/100\n|move|p2b: Flutter Mane|Moonblast|p1b: Hatterene\n|-crit|p1b: Hatterene\n|-damage|p1b: Hatterene|0 fnt\n|faint|p1b: Hatterene\n|-damage|p2b: Flutter Mane|70\/100|[from] item: Life Orb\n|move|p2a: doge|Rock Slide|p1a: Indeedee\n|-damage|p1a: Indeedee|26\/100\n|\n|-weather|Sandstorm|[upkeep]\n|-damage|p1a: Indeedee|20\/100|[from] Sandstorm\n|-damage|p2b: Flutter Mane|64\/100|[from] Sandstorm\n|upkeep\n|\n|t:|1682625330\n|switch|p1b: Armarouge|Armarouge, L50, F|100\/100\n|turn|3\n|\n|t:|1682625352\n|move|p2b: Flutter Mane|Protect|p2b: Flutter Mane\n|-singleturn|p2b: Flutter Mane|Protect\n|move|p1b: Armarouge|Expanding Force|p2b: Flutter Mane|[spread] p2a\n|-activate|p2b: Flutter Mane|move: Protect\n|-damage|p2a: doge|0 fnt\n|faint|p2a: doge\n|move|p1a: Indeedee|Dazzling Gleam|p2b: Flutter Mane\n|-activate|p2b: Flutter Mane|move: Protect\n|\n|-weather|Sandstorm|[upkeep]\n|-damage|p1b: Armarouge|95\/100|[from] Sandstorm\n|-damage|p1a: Indeedee|14\/100|[from] Sandstorm\n|-damage|p2b: Flutter Mane|57\/100|[from] Sandstorm\n|upkeep\n|\n|t:|1682625361\n|switch|p2a: Tyranitar|Tyranitar, L50, F|100\/100\n|turn|4\n|\n|t:|1682625468\n|-terastallize|p1b: Armarouge|Dark\n|move|p1b: Armarouge|Expanding Force|p2a: Tyranitar|[spread] p2b\n|-immune|p2a: Tyranitar\n|-damage|p2b: Flutter Mane|0 fnt\n|faint|p2b: Flutter Mane\n|-end|p2b: Flutter Mane|Protosynthesis|[silent]\n|move|p1a: Indeedee|Dazzling Gleam|p2a: Tyranitar\n|-supereffective|p2a: Tyranitar\n|-damage|p2a: Tyranitar|86\/100\n|move|p2a: Tyranitar|Rock Slide|p1a: Indeedee|[spread] p1b\n|-miss|p2a: Tyranitar|p1a: Indeedee\n|-damage|p1b: Armarouge|68\/100\n|\n|-weather|Sandstorm|[upkeep]\n|-damage|p1b: Armarouge|62\/100|[from] Sandstorm\n|-damage|p1a: Indeedee|8\/100|[from] Sandstorm\n|upkeep\n|\n|t:|1682625481\n|switch|p2b: Iron Bundle|Iron Bundle, L50|100\/100\n|-enditem|p2b: Iron Bundle|Booster Energy\n|-activate|p2b: Iron Bundle|ability: Quark Drive|[fromitem]\n|-start|p2b: Iron Bundle|quarkdrivespe\n|turn|5\n|j| Lugiabirb\n|\n|t:|1682625543\n|move|p1b: Armarouge|Expanding Force|p2b: Iron Bundle|[spread] p2b\n|-immune|p2a: Tyranitar\n|-damage|p2b: Iron Bundle|0 fnt\n|faint|p2b: Iron Bundle\n|-end|p2b: Iron Bundle|Quark Drive|[silent]\n|move|p1a: Indeedee|Dazzling Gleam|p2a: Tyranitar\n|-supereffective|p2a: Tyranitar\n|-damage|p2a: Tyranitar|72\/100\n|move|p2a: Tyranitar|Rock Slide|p1b: Armarouge|[spread] p1a,p1b\n|-damage|p1a: Indeedee|0 fnt\n|-damage|p1b: Armarouge|34\/100\n|faint|p1a: Indeedee\n|\n|-weather|none\n|-fieldend|move: Trick Room\n|-fieldend|move: Psychic Terrain\n|upkeep\n|c| Lugiabirb|wheres the ruins\n|\n|t:|1682625560\n|switch|p1a: Annihilape|Annihilape, L50, M|95\/100\n|turn|6\n|inactive|Battle timer is ON: inactive players will automatically lose when time's up. (requested by bostonl1)\n|\n|t:|1682625588\n|move|p1a: Annihilape|Final Gambit|p2a: Tyranitar\n|-damage|p2a: Tyranitar|0 fnt\n|faint|p1a: Annihilape\n|faint|p2a: Tyranitar\n|\n|win|KrisKiwii\n|l| Lugiabirb\n|l| PKV Pokevin\n|c|\u2606bostonl1|gg\n|c|\u2606KrisKiwii|gg gr\n|l| PincherD\n|c|\u2606bostonl1|https:\/\/replay.pokemonshowdown.com\/gen9vgc2023regulationc-1853004705\n|j| PKV Pokevin\n|l| PKV Pokevin\n|j| PKV Pokevin\n|l| PKV Pokevin\n|l| Inazuma-Fulgur\n|l|\u2606bostonl1\n","uploadtime":1682625605,"views":13,"p1id":"kriskiwii","p2id":"bostonl1","formatid":"gen9vgc2023regulationc","rating":0,"private":0,"password":""}