{"id":"gen9vgc2023regulationc-1852319537","p1":"ghostyboyy97","p2":"wabawa","format":"[Gen 9] VGC 2023 Regulation C","log":"|j|\u2606ghostyboyy97\n|j|\u2606wabawa\n|t:|1682543577\n|gametype|doubles\n|player|p1|ghostyboyy97|cameraman|1142\n|player|p2|wabawa|102|1108\n|teamsize|p1|6\n|teamsize|p2|6\n|gen|9\n|tier|[Gen 9] VGC 2023 Regulation C\n|rated|\n|rule|Species Clause: Limit one of each Pok\u00e9mon\n|rule|Item Clause: Limit one of each item\n|clearpoke\n|poke|p1|Gastrodon, L50, F|\n|poke|p1|Ceruledge, L50, F|\n|poke|p1|Glimmora, L50, F|\n|poke|p1|Grimmsnarl, L50, M|\n|poke|p1|Iron Hands, L50|\n|poke|p1|Wo-Chien, L50|\n|poke|p2|Flutter Mane, L50|\n|poke|p2|Iron Bundle, L50|\n|poke|p2|Roaring Moon, L50|\n|poke|p2|Chi-Yu, L50|\n|poke|p2|Arcanine, L50, F|\n|poke|p2|Gyarados, L50, F|\n|teampreview|4\n|inactive|Battle timer is ON: inactive players will automatically lose when time's up. (requested by ghostyboyy97)\nghostyboyy97 has agreed to open team sheets.\n|inactive|ghostyboyy97 has 60 seconds left.\n|\n|t:|1682543609\n|start\n|switch|p1a: Grimmsnarl|Grimmsnarl, L50, M|100\/100\n|switch|p1b: Glimmora|Glimmora, L50, F|100\/100\n|switch|p2a: Flutter Mane|Flutter Mane, L50|100\/100\n|switch|p2b: Iron Bundle|Iron Bundle, L50|100\/100\n|turn|1\n|\n|t:|1682543625\n|move|p1a: Grimmsnarl|Fake Out|p2b: Iron Bundle\n|-damage|p2b: Iron Bundle|87\/100\n|cant|p2b: Iron Bundle|flinch\n|move|p2a: Flutter Mane|Moonblast|p1a: Grimmsnarl\n|-supereffective|p1a: Grimmsnarl\n|-damage|p1a: Grimmsnarl|0 fnt\n|faint|p1a: Grimmsnarl\n|move|p1b: Glimmora|Mortal Spin|p2b: Iron Bundle|[spread] p2a,p2b\n|-crit|p2b: Iron Bundle\n|-damage|p2a: Flutter Mane|89\/100\n|-damage|p2b: Iron Bundle|75\/100\n|-status|p2a: Flutter Mane|psn\n|-status|p2b: Iron Bundle|psn\n|\n|-damage|p2b: Iron Bundle|63\/100 psn|[from] psn\n|-damage|p2a: Flutter Mane|77\/100 psn|[from] psn\n|upkeep\n|\n|t:|1682543639\n|switch|p1a: Ceruledge|Ceruledge, L50, F|100\/100\n|turn|2\n|\n|t:|1682543651\n|switch|p1b: Gastrodon|Gastrodon, L50, F|100\/100\n|move|p1a: Ceruledge|Protect|p1a: Ceruledge\n|-singleturn|p1a: Ceruledge|Protect\n|move|p2b: Iron Bundle|Hydro Pump|p1b: Gastrodon\n|-ability|p1b: Gastrodon|Storm Drain|boost\n|-boost|p1b: Gastrodon|spa|1\n|move|p2a: Flutter Mane|Moonblast|p1a: Ceruledge\n|-activate|p1a: Ceruledge|move: Protect\n|\n|-damage|p2b: Iron Bundle|51\/100 psn|[from] psn\n|-damage|p2a: Flutter Mane|64\/100 psn|[from] psn\n|upkeep\n|turn|3\n|inactive|ghostyboyy97 has 30 seconds left.\n|inactive|ghostyboyy97 has 20 seconds left.\n|inactive|ghostyboyy97 has 15 seconds left.\n|inactive|ghostyboyy97 has 10 seconds left.\n|\n|t:|1682543698\n|-terastallize|p1a: Ceruledge|Grass\n|move|p2b: Iron Bundle|Freeze-Dry|p1b: Gastrodon\n|-supereffective|p1b: Gastrodon\n|-damage|p1b: Gastrodon|1\/100\n|move|p2a: Flutter Mane|Moonblast|p1a: Ceruledge\n|-damage|p1a: Ceruledge|26\/100\n|move|p1a: Ceruledge|Bulk Up|p1a: Ceruledge\n|-boost|p1a: Ceruledge|atk|1\n|-boost|p1a: Ceruledge|def|1\n|move|p1b: Gastrodon|Earth Power|p2b: Iron Bundle\n|-damage|p2b: Iron Bundle|0 fnt\n|faint|p2b: Iron Bundle\n|-end|p2b: Iron Bundle|Quark Drive|[silent]\n|\n|-damage|p2a: Flutter Mane|52\/100 psn|[from] psn\n|upkeep\n|\n|t:|1682543712\n|switch|p2b: Roaring Moon|Roaring Moon, L50|100\/100\n|-enditem|p2b: Roaring Moon|Booster Energy\n|-activate|p2b: Roaring Moon|ability: Protosynthesis|[fromitem]\n|-start|p2b: Roaring Moon|protosynthesisatk\n|turn|4\n|\n|t:|1682543728\n|switch|p1b: Glimmora|Glimmora, L50, F|100\/100\n|move|p1a: Ceruledge|Protect|p1a: Ceruledge\n|-singleturn|p1a: Ceruledge|Protect\n|move|p2a: Flutter Mane|Moonblast|p1a: Ceruledge\n|-activate|p1a: Ceruledge|move: Protect\n|move|p2b: Roaring Moon|Acrobatics|p1b: Glimmora\n|-resisted|p1b: Glimmora\n|-damage|p1b: Glimmora|70\/100\n|\n|-damage|p2a: Flutter Mane|40\/100 psn|[from] psn\n|upkeep\n|turn|5\n|\n|t:|1682543744\n|move|p1b: Glimmora|Spiky Shield|p1b: Glimmora\n|-singleturn|p1b: Glimmora|move: Protect\n|move|p1a: Ceruledge|Shadow Sneak|p2a: Flutter Mane\n|-supereffective|p2a: Flutter Mane\n|-damage|p2a: Flutter Mane|0 fnt\n|faint|p2a: Flutter Mane\n|-end|p2a: Flutter Mane|Protosynthesis|[silent]\n|move|p2b: Roaring Moon|Throat Chop|p1b: Glimmora\n|-activate|p1b: Glimmora|move: Protect\n|-damage|p2b: Roaring Moon|88\/100|[from] Spiky Shield|[of] p1b: Glimmora\n|\n|upkeep\n|\n|t:|1682543749\n|switch|p2a: Chi-Yu|Chi-Yu, L50|100\/100\n|-ability|p2a: Chi-Yu|Beads of Ruin\n|turn|6\n|\n|t:|1682543764\n|move|p1a: Ceruledge|Protect|p1a: Ceruledge\n|-singleturn|p1a: Ceruledge|Protect\n|move|p2a: Chi-Yu|Dark Pulse|p1a: Ceruledge\n|-activate|p1a: Ceruledge|move: Protect\n|move|p1b: Glimmora|Power Gem|p2a: Chi-Yu\n|-supereffective|p2a: Chi-Yu\n|-damage|p2a: Chi-Yu|4\/100\n|move|p2b: Roaring Moon|Throat Chop|p1b: Glimmora\n|-damage|p1b: Glimmora|0 fnt\n|faint|p1b: Glimmora\n|\n|-heal|p2a: Chi-Yu|10\/100|[from] item: Leftovers\n|upkeep\n|\n|t:|1682543776\n|switch|p1b: Gastrodon|Gastrodon, L50, F|1\/100\n|turn|7\n|\n|t:|1682543792\n|move|p1a: Ceruledge|Shadow Sneak|p2a: Chi-Yu\n|-resisted|p2a: Chi-Yu\n|-damage|p2a: Chi-Yu|0 fnt\n|faint|p2a: Chi-Yu\n|move|p2b: Roaring Moon|Throat Chop|p1a: Ceruledge\n|-damage|p1a: Ceruledge|0 fnt\n|faint|p1a: Ceruledge\n|move|p1b: Gastrodon|Yawn|p2b: Roaring Moon\n|-start|p2b: Roaring Moon|move: Yawn|[of] p1b: Gastrodon\n|\n|upkeep\n|turn|8\n|\n|t:|1682543802\n|move|p1b: Gastrodon|Protect|p1b: Gastrodon\n|-singleturn|p1b: Gastrodon|Protect\n|move|p2b: Roaring Moon|Throat Chop|p1b: Gastrodon\n|-activate|p1b: Gastrodon|move: Protect\n|\n|-end|p2b: Roaring Moon|move: Yawn|[silent]\n|-status|p2b: Roaring Moon|slp\n|upkeep\n|turn|9\n|\n|t:|1682543809\n|cant|p2b: Roaring Moon|slp\n|move|p1b: Gastrodon|Recover|p1b: Gastrodon\n|-heal|p1b: Gastrodon|51\/100\n|\n|upkeep\n|turn|10\n|\n|t:|1682543815\n|-curestatus|p2b: Roaring Moon|slp|[msg]\n|move|p2b: Roaring Moon|Throat Chop|p1b: Gastrodon\n|-damage|p1b: Gastrodon|0 fnt\n|faint|p1b: Gastrodon\n|\n|win|wabawa\n|raw|ghostyboyy97's rating: 1142 → 1115<\/strong> (-27 for losing)\n|raw|wabawa's rating: 1108 → 1135<\/strong> (+27 for winning)\n|l|\u2606wabawa\n|c|\u2606ghostyboyy97|ggwp\n","uploadtime":1682543825,"views":7,"p1id":"ghostyboyy97","p2id":"wabawa","formatid":"gen9vgc2023regulationc","rating":1115,"private":0,"password":""}