{"id":"gen9vgc2023regulationc-1852572711","p1":"mugiwaraLux","p2":"Kush_Fairy_dust","format":"[Gen 9] VGC 2023 Regulation C","log":"|j|\u2606mugiwaraLux\n|j|\u2606Kush_Fairy_dust\n|t:|1682578492\n|gametype|doubles\n|player|p1|mugiwaraLux|265|1371\n|player|p2|Kush_Fairy_dust|cress|1268\n|teamsize|p1|6\n|teamsize|p2|6\n|gen|9\n|tier|[Gen 9] VGC 2023 Regulation C\n|rated|\n|rule|Species Clause: Limit one of each Pok\u00e9mon\n|rule|Item Clause: Limit one of each item\n|clearpoke\n|poke|p1|Palafin, L50, M|\n|poke|p1|Amoonguss, L50, F|\n|poke|p1|Flutter Mane, L50|\n|poke|p1|Arcanine, L50, F|\n|poke|p1|Chien-Pao, L50|\n|poke|p1|Roaring Moon, L50|\n|poke|p2|Dondozo, L50, M|\n|poke|p2|Tatsugiri, L50, F|\n|poke|p2|Pelipper, L50, F|\n|poke|p2|Palafin, L50, M|\n|poke|p2|Iron Bundle, L50|\n|poke|p2|Quaquaval, L50, M|\n|teampreview|4\n|inactive|Battle timer is ON: inactive players will automatically lose when time's up. (requested by mugiwaraLux)\nmugiwaraLux has agreed to open team sheets.\n|inactive|Kush_Fairy_dust has 60 seconds left.\n|\n|t:|1682578540\n|start\n|switch|p1a: Mimi|Flutter Mane, L50|100\/100\n|switch|p1b: Palafin|Palafin, L50, M|100\/100\n|switch|p2a: Iron Bundle|Iron Bundle, L50|100\/100\n|switch|p2b: Palafin|Palafin, L50, M|100\/100\n|turn|1\n|\n|t:|1682578562\n|detailschange|p2b: Palafin|Palafin-Hero, L50, M\n|switch|p2b: Dondozo|Dondozo, L50, M|100\/100\n|detailschange|p1b: Palafin|Palafin-Hero, L50, M\n|switch|p1b: Chien-Pao|Chien-Pao, L50|100\/100\n|-ability|p1b: Chien-Pao|Sword of Ruin\n|move|p2a: Iron Bundle|Icy Wind|p1b: Chien-Pao|[spread] p1a,p1b\n|-resisted|p1b: Chien-Pao\n|-damage|p1a: Mimi|80\/100\n|-damage|p1b: Chien-Pao|84\/100\n|-unboost|p1a: Mimi|spe|1\n|-unboost|p1b: Chien-Pao|spe|1\n|move|p1a: Mimi|Thunderbolt|p2a: Iron Bundle\n|-supereffective|p2a: Iron Bundle\n|-damage|p2a: Iron Bundle|0 fnt\n|faint|p2a: Iron Bundle\n|-end|p2a: Iron Bundle|Quark Drive|[silent]\n|\n|upkeep\n|\n|t:|1682578577\n|switch|p2a: Tatsugiri|Tatsugiri, L50, F|100\/100\n|-activate|p2a: Tatsugiri|ability: Commander|[of] p2b: Dondozo\n|-boost|p2b: Dondozo|atk|2\n|-boost|p2b: Dondozo|spa|2\n|-boost|p2b: Dondozo|spe|2\n|-boost|p2b: Dondozo|def|2\n|-boost|p2b: Dondozo|spd|2\n|turn|2\n|\n|t:|1682578598\n|-end|p1a: Mimi|Protosynthesis|[silent]\n|switch|p1a: Amoonguss|Amoonguss, L50, F|100\/100\n|-terastallize|p2b: Dondozo|Steel\n|move|p1b: Chien-Pao|Sacred Sword|p2b: Dondozo\n|-supereffective|p2b: Dondozo\n|-damage|p2b: Dondozo|54\/100\n|move|p2b: Dondozo|Substitute|p2b: Dondozo\n|-start|p2b: Dondozo|Substitute\n|-damage|p2b: Dondozo|29\/100\n|\n|-heal|p2b: Dondozo|36\/100|[from] item: Leftovers\n|upkeep\n|turn|3\n|\n|t:|1682578622\n|switch|p1a: Palafin|Palafin-Hero, L50, M|100\/100\n|-activate|p1a: Palafin|ability: Zero to Hero\n|move|p1b: Chien-Pao|Sacred Sword|p2b: Dondozo\n|-supereffective|p2b: Dondozo\n|-end|p2b: Dondozo|Substitute\n|move|p2b: Dondozo|Order Up|p1b: Chien-Pao\n|-damage|p1b: Chien-Pao|18\/100\n|-boost|p2b: Dondozo|atk|1\n|\n|-heal|p2b: Dondozo|42\/100|[from] item: Leftovers\n|upkeep\n|turn|4\n|\n|t:|1682578638\n|move|p1a: Palafin|Haze|p1a: Palafin\n|-clearallboost\n|move|p1b: Chien-Pao|Sacred Sword|p2b: Dondozo\n|-supereffective|p2b: Dondozo\n|-damage|p2b: Dondozo|0 fnt\n|faint|p2b: Dondozo\n|\n|upkeep\n|\n|t:|1682578646\n|switch|p2b: Palafin|Palafin-Hero, L50, M|100\/100\n|-activate|p2b: Palafin|ability: Zero to Hero\n|turn|5\n|\n|t:|1682578662\n|move|p1a: Palafin|Protect|p1a: Palafin\n|-singleturn|p1a: Palafin|Protect\n|move|p1b: Chien-Pao|Sucker Punch|p2a: Tatsugiri\n|-damage|p2a: Tatsugiri|18\/100\n|move|p2b: Palafin|Drain Punch|p1a: Palafin\n|-activate|p1a: Palafin|move: Protect\n|move|p2a: Tatsugiri|Icy Wind|p1b: Chien-Pao|[spread] p1b\n|-activate|p1a: Palafin|move: Protect\n|-resisted|p1b: Chien-Pao\n|-damage|p1b: Chien-Pao|8\/100\n|-unboost|p1b: Chien-Pao|spe|1\n|\n|upkeep\n|turn|6\n|inactive|mugiwaraLux has 30 seconds left.\n|inactive|mugiwaraLux has 20 seconds left.\n|inactive|mugiwaraLux has 15 seconds left.\n|inactive|mugiwaraLux has 10 seconds left.\n|inactive|mugiwaraLux has 5 seconds left.\n|\n|t:|1682578713\n|move|p2a: Tatsugiri|Protect|p2a: Tatsugiri\n|-singleturn|p2a: Tatsugiri|Protect\n|move|p2b: Palafin|Jet Punch|p1b: Chien-Pao\n|-damage|p1b: Chien-Pao|0 fnt\n|faint|p1b: Chien-Pao\n|move|p1a: Palafin|Wave Crash|p2b: Palafin\n|-resisted|p2b: Palafin\n|-damage|p2b: Palafin|51\/100\n|-damage|p1a: Palafin|85\/100|[from] Recoil\n|\n|upkeep\n|\n|t:|1682578716\n|switch|p1b: Mimi|Flutter Mane, L50|80\/100\n|turn|7\n|\n|t:|1682578736\n|move|p1b: Mimi|Dazzling Gleam|p2b: Palafin|[spread] p2a,p2b\n|-supereffective|p2a: Tatsugiri\n|-damage|p2a: Tatsugiri|0 fnt\n|-damage|p2b: Palafin|22\/100\n|faint|p2a: Tatsugiri\n|move|p2b: Palafin|Wave Crash|p1b: Mimi\n|-damage|p1b: Mimi|0 fnt\n|faint|p1b: Mimi\n|-end|p1b: Mimi|Protosynthesis|[silent]\n|-damage|p2b: Palafin|0 fnt|[from] Recoil\n|faint|p2b: Palafin\n|\n|win|mugiwaraLux\n|raw|mugiwaraLux's rating: 1371 → 1385<\/strong> (+14 for winning)\n|raw|Kush_Fairy_dust's rating: 1268 → 1250<\/strong> (-18 for losing)\n|l|\u2606Kush_Fairy_dust\n|l|\u2606mugiwaraLux\n|j|\u2606mugiwaraLux\n|player|p1|mugiwaraLux|265\n","uploadtime":1682578772,"views":14,"p1id":"mugiwaralux","p2id":"kushfairydust","formatid":"gen9vgc2023regulationc","rating":1250,"private":0,"password":""}