{"id":"gen9vgc2023regulationc-1857963225","p1":"Bdogplatinum","p2":"RagnaC","format":"[Gen 9] VGC 2023 Regulation C","log":"|j|\u2606Bdogplatinum\n|j|\u2606RagnaC\n|t:|1683253006\n|gametype|doubles\n|player|p1|Bdogplatinum|cress|\n|player|p2|RagnaC|red|\n|teamsize|p1|6\n|teamsize|p2|6\n|gen|9\n|tier|[Gen 9] VGC 2023 Regulation C\n|rule|Species Clause: Limit one of each Pok\u00e9mon\n|rule|Item Clause: Limit one of each item\n|clearpoke\n|poke|p1|Armarouge, L50, M|\n|poke|p1|Indeedee-F, L50, F|\n|poke|p1|Hawlucha, L50, F|\n|poke|p1|Flutter Mane, L50|\n|poke|p1|Meowscarada, L50, M|\n|poke|p1|Kingambit, L50, M|\n|poke|p2|Palafin, L50, M|\n|poke|p2|Flutter Mane, L50|\n|poke|p2|Amoonguss, L50, M|\n|poke|p2|Chi-Yu, L50|\n|poke|p2|Iron Hands, L50|\n|poke|p2|Corviknight, L50, M|\n|teampreview|4\nBdogplatinum has agreed to open team sheets.\nRagnaC has agreed to open team sheets.\n|inactive|Battle timer is ON: inactive players will automatically lose when time's up. (requested by RagnaC)\n|j| aberen\n|inactive|Bdogplatinum has 60 seconds left.\n|inactive|RagnaC has 60 seconds left.\n|inactive|RagnaC has 30 seconds left.\n|\n|t:|1683253078\n|start\n|switch|p1a: Nacho Libre|Hawlucha, L50, F|100\/100\n|switch|p1b: Meowscarada|Meowscarada, L50, M|100\/100\n|switch|p2a: Palafin|Palafin, L50, M|100\/100\n|switch|p2b: Chi-Yu|Chi-Yu, L50|100\/100\n|-ability|p2b: Chi-Yu|Beads of Ruin\n|turn|1\n|inactive|Bdogplatinum has 30 seconds left.\n|inactive|RagnaC has 30 seconds left.\n|\n|t:|1683253112\n|detailschange|p2a: Palafin|Palafin-Hero, L50, M\n|switch|p2a: Corviknight|Corviknight, L50, M|100\/100\n|move|p1b: Meowscarada|U-turn|p2b: Chi-Yu\n|-start|p1b: Meowscarada|typechange|Bug|[from] ability: Protean\n|-damage|p2b: Chi-Yu|54\/100\n|\n|t:|1683253118\n|switch|p1b: hurdur|Flutter Mane, L50|100\/100|[from] U-turn\n|-enditem|p1b: hurdur|Booster Energy\n|-activate|p1b: hurdur|ability: Protosynthesis|[fromitem]\n|-start|p1b: hurdur|protosynthesisspa\n|move|p1a: Nacho Libre|Drain Punch|p2b: Chi-Yu\n|-supereffective|p2b: Chi-Yu\n|-damage|p2b: Chi-Yu|0 fnt\n|faint|p2b: Chi-Yu\n|\n|upkeep\n|inactive|RagnaC has 30 seconds left.\n|inactive|RagnaC has 20 seconds left.\n|\n|t:|1683253157\n|switch|p2b: Palafin|Palafin-Hero, L50, M|100\/100\n|-activate|p2b: Palafin|ability: Zero to Hero\n|turn|2\n|\n|t:|1683253182\n|switch|p1a: Glue|Indeedee-F, L50, F|100\/100\n|-fieldstart|move: Psychic Terrain|[from] ability: Psychic Surge|[of] p1a: Glue\n|move|p2b: Palafin|Protect|p2b: Palafin\n|-singleturn|p2b: Palafin|Protect\n|move|p1b: hurdur|Moonblast|p2b: Palafin\n|-activate|p2b: Palafin|move: Protect\n|move|p2a: Corviknight|Brave Bird|p1a: Glue\n|-damage|p1a: Glue|58\/100\n|-damage|p2a: Corviknight|87\/100|[from] Recoil\n|\n|upkeep\n|turn|3\n|inactive|RagnaC has 30 seconds left.\n|\n|t:|1683253209\n|-terastallize|p1b: hurdur|Fairy\n|move|p1a: Glue|Helping Hand|p1b: hurdur\n|-singleturn|p1b: hurdur|Helping Hand|[of] p1a: Glue\n|move|p1b: hurdur|Moonblast|p2b: Palafin\n|-damage|p2b: Palafin|0 fnt\n|faint|p2b: Palafin\n|move|p2a: Corviknight|Tailwind|p2a: Corviknight\n|-sidestart|p2: RagnaC|move: Tailwind\n|\n|upkeep\n|\n|t:|1683253215\n|switch|p2b: Flutter Mane|Flutter Mane, L50|100\/100\n|-enditem|p2b: Flutter Mane|Booster Energy\n|-activate|p2b: Flutter Mane|ability: Protosynthesis|[fromitem]\n|-start|p2b: Flutter Mane|protosynthesisspa\n|turn|4\n|\n|t:|1683253237\n|-terastallize|p2b: Flutter Mane|Fairy\n|move|p1a: Glue|Follow Me|p1a: Glue\n|-singleturn|p1a: Glue|move: Follow Me\n|move|p2b: Flutter Mane|Dazzling Gleam|p1a: Glue|[spread] p1a,p1b\n|-crit|p1a: Glue\n|-damage|p1a: Glue|0 fnt\n|-damage|p1b: hurdur|51\/100\n|faint|p1a: Glue\n|move|p2a: Corviknight|Brave Bird|p1b: hurdur\n|-damage|p1b: hurdur|0 fnt\n|faint|p1b: hurdur\n|-end|p1b: hurdur|Protosynthesis|[silent]\n|-damage|p2a: Corviknight|73\/100|[from] Recoil\n|\n|upkeep\n|\n|t:|1683253246\n|switch|p1b: Meowscarada|Meowscarada, L50, M|100\/100\n|switch|p1a: Nacho Libre|Hawlucha, L50, F|100\/100\n|-enditem|p1a: Nacho Libre|Psychic Seed\n|-boost|p1a: Nacho Libre|spd|1|[from] item: Psychic Seed\n|turn|5\n|inactive|RagnaC has 30 seconds left.\n|\n|t:|1683253274\n|move|p2b: Flutter Mane|Dazzling Gleam|p1a: Nacho Libre|[spread] p1a,p1b\n|-supereffective|p1a: Nacho Libre\n|-supereffective|p1b: Meowscarada\n|-damage|p1a: Nacho Libre|0 fnt\n|-damage|p1b: Meowscarada|0 fnt\n|faint|p1a: Nacho Libre\n|faint|p1b: Meowscarada\n|\n|win|RagnaC\n|l|\u2606Bdogplatinum\n","uploadtime":1683253598,"views":11,"p1id":"bdogplatinum","p2id":"ragnac","formatid":"gen9vgc2023regulationc","rating":0,"private":0,"password":""}