{"id":"gen9vgc2023regulationc-1858088072","p1":"kirans","p2":"Roopydoopy","format":"[Gen 9] VGC 2023 Regulation C","log":"|j|\u2606kirans\n|j|\u2606Roopydoopy\n|t:|1683273551\n|gametype|doubles\n|player|p1|kirans|rood|\n|player|p2|Roopydoopy|170|\n|teamsize|p1|6\n|teamsize|p2|6\n|gen|9\n|tier|[Gen 9] VGC 2023 Regulation C\n|rule|Species Clause: Limit one of each Pok\u00e9mon\n|rule|Item Clause: Limit one of each item\n|clearpoke\n|poke|p1|Iron Hands, L50|\n|poke|p1|Iron Moth, L50|\n|poke|p1|Corviknight, L50, M|\n|poke|p1|Dragonite, L50, M|\n|poke|p1|Abomasnow, L50, F|\n|poke|p1|Quaquaval, L50, M|\n|poke|p2|Wigglytuff, L50, M|\n|poke|p2|Lucario, L50, F|\n|poke|p2|Wo-Chien, L50|\n|poke|p2|Basculin, L50, F|\n|poke|p2|Gothorita, L50, F|\n|poke|p2|Arcanine, L50, F|\n|teampreview|4\n|j| Mattando97\n|inactive|Battle timer is ON: inactive players will automatically lose when time's up. (requested by kirans)\n|\n|t:|1683273619\n|start\n|switch|p1a: Iron Hands|Iron Hands, L50|100\/100\n|switch|p1b: Dragonite|Dragonite, L50, M|100\/100\n|switch|p2a: Britney|Wigglytuff, L50, M|100\/100\n|switch|p2b: Wo-Chien|Wo-Chien, L50|100\/100\n|-ability|p2b: Wo-Chien|Tablets of Ruin\n|turn|1\n|\n|t:|1683273643\n|-terastallize|p1b: Dragonite|Flying\n|move|p1a: Iron Hands|Fake Out|p2b: Wo-Chien\n|-damage|p2b: Wo-Chien|91\/100\n|move|p1b: Dragonite|Tera Blast|p2a: Britney\n|-damage|p2a: Britney|49\/100\n|cant|p2b: Wo-Chien|flinch\n|move|p2a: Britney|Encore|p1a: Iron Hands\n|-start|p1a: Iron Hands|Encore\n|\n|-heal|p2b: Wo-Chien|97\/100|[from] item: Leftovers\n|upkeep\n|turn|2\n|\n|t:|1683273667\n|-end|p1a: Iron Hands|Quark Drive|[silent]\n|switch|p1a: Quaquaval|Quaquaval, L50, M|100\/100\n|move|p1b: Dragonite|Tera Blast|p2a: Britney\n|-damage|p2a: Britney|0 fnt\n|faint|p2a: Britney\n|move|p2b: Wo-Chien|Leech Seed|p1b: Dragonite\n|-start|p1b: Dragonite|move: Leech Seed\n|\n|-heal|p2b: Wo-Chien|100\/100|[from] item: Leftovers\n|-damage|p1b: Dragonite|88\/100|[from] Leech Seed|[of] p2b: Wo-Chien\n|upkeep\n|\n|t:|1683273677\n|switch|p2a: Gothorita|Gothorita, L50, F|100\/100\n|turn|3\n|\n|t:|1683273690\n|move|p2a: Gothorita|Fake Out|p1a: Quaquaval\n|-damage|p1a: Quaquaval|96\/100\n|cant|p1a: Quaquaval|flinch\n|move|p1b: Dragonite|Tera Blast|p2a: Gothorita\n|-damage|p2a: Gothorita|60\/100\n|move|p2b: Wo-Chien|Leech Seed|p1a: Quaquaval\n|-start|p1a: Quaquaval|move: Leech Seed\n|\n|-damage|p1a: Quaquaval|83\/100|[from] Leech Seed|[of] p2b: Wo-Chien\n|-damage|p1b: Dragonite|76\/100|[from] Leech Seed|[of] p2b: Wo-Chien\n|upkeep\n|turn|4\n|inactive|kirans has 30 seconds left.\n|inactive|kirans has 20 seconds left.\n|inactive|kirans has 15 seconds left.\n|\n|t:|1683273732\n|switch|p2b: Arcanine|Arcanine, L50, F|100\/100\n|-ability|p2b: Arcanine|Intimidate|boost\n|-unboost|p1a: Quaquaval|atk|1\n|-fail|p1b: Dragonite|unboost|Attack|[from] ability: Inner Focus|[of] p1b: Dragonite\n|move|p2a: Gothorita|Protect|p2a: Gothorita\n|-singleturn|p2a: Gothorita|Protect\n|move|p1a: Quaquaval|Close Combat|p2b: Arcanine\n|-damage|p2b: Arcanine|48\/100\n|-unboost|p1a: Quaquaval|def|1\n|-unboost|p1a: Quaquaval|spd|1\n|move|p1b: Dragonite|Tera Blast|p2b: Arcanine\n|-damage|p2b: Arcanine|0 fnt\n|faint|p2b: Arcanine\n|\n|upkeep\n|\n|t:|1683273746\n|switch|p2b: Wo-Chien|Wo-Chien, L50|100\/100\n|-ability|p2b: Wo-Chien|Tablets of Ruin\n|turn|5\n|\n|t:|1683273768\n|-terastallize|p2b: Wo-Chien|Fairy\n|move|p1a: Quaquaval|Aqua Step|p2a: Gothorita\n|-damage|p2a: Gothorita|43\/100\n|-boost|p1a: Quaquaval|spe|1\n|move|p1b: Dragonite|Tera Blast|p2a: Gothorita\n|-damage|p2a: Gothorita|0 fnt\n|faint|p2a: Gothorita\n|move|p2b: Wo-Chien|Knock Off|p1a: Quaquaval\n|-resisted|p1a: Quaquaval\n|-damage|p1a: Quaquaval|58\/100\n|-enditem|p1a: Quaquaval|Assault Vest|[from] move: Knock Off|[of] p2b: Wo-Chien\n|\n|-damage|p1a: Quaquaval|45\/100|[from] Leech Seed|[of] p2b: Wo-Chien\n|-damage|p1b: Dragonite|64\/100|[from] Leech Seed|[of] p2b: Wo-Chien\n|upkeep\n|turn|6\n|\n|t:|1683273788\n|switch|p1a: Iron Hands|Iron Hands, L50|100\/100\n|switch|p1b: Iron Moth|Iron Moth, L50|100\/100\n|-enditem|p1b: Iron Moth|Booster Energy\n|-activate|p1b: Iron Moth|ability: Quark Drive|[fromitem]\n|-start|p1b: Iron Moth|quarkdrivespa\n|move|p2b: Wo-Chien|Leech Seed|p1a: Iron Hands\n|-start|p1a: Iron Hands|move: Leech Seed\n|\n|-damage|p1a: Iron Hands|88\/100|[from] Leech Seed|[of] p2b: Wo-Chien\n|upkeep\n|turn|7\n|\n|t:|1683273801\n|move|p1b: Iron Moth|Fiery Dance|p2b: Wo-Chien\n|-damage|p2b: Wo-Chien|64\/100\n|move|p2b: Wo-Chien|Leech Seed|p1b: Iron Moth\n|-start|p1b: Iron Moth|move: Leech Seed\n|move|p1a: Iron Hands|Swords Dance|p1a: Iron Hands\n|-boost|p1a: Iron Hands|atk|2\n|\n|-heal|p2b: Wo-Chien|70\/100|[from] item: Leftovers\n|-damage|p1b: Iron Moth|88\/100|[from] Leech Seed|[of] p2b: Wo-Chien\n|-heal|p2b: Wo-Chien|81\/100|[silent]\n|-damage|p1a: Iron Hands|76\/100|[from] Leech Seed|[of] p2b: Wo-Chien\n|-heal|p2b: Wo-Chien|97\/100|[silent]\n|upkeep\n|turn|8\n|\n|t:|1683273815\n|move|p2b: Wo-Chien|Protect|p2b: Wo-Chien\n|-singleturn|p2b: Wo-Chien|Protect\n|move|p1b: Iron Moth|Fiery Dance|p2b: Wo-Chien\n|-activate|p2b: Wo-Chien|move: Protect\n|move|p1a: Iron Hands|Swords Dance|p1a: Iron Hands\n|-boost|p1a: Iron Hands|atk|2\n|\n|-heal|p2b: Wo-Chien|100\/100|[from] item: Leftovers\n|-damage|p1b: Iron Moth|75\/100|[from] Leech Seed|[of] p2b: Wo-Chien\n|-damage|p1a: Iron Hands|64\/100|[from] Leech Seed|[of] p2b: Wo-Chien\n|upkeep\n|turn|9\n|\n|t:|1683273828\n|move|p1b: Iron Moth|Sludge Wave|p2b: Wo-Chien|[spread] p1a,p2b\n|-supereffective|p2b: Wo-Chien\n|-damage|p1a: Iron Hands|25\/100\n|-damage|p2b: Wo-Chien|40\/100\n|-enditem|p1a: Iron Hands|Sitrus Berry|[eat]\n|-heal|p1a: Iron Hands|50\/100|[from] item: Sitrus Berry\n|move|p2b: Wo-Chien|Knock Off|p1a: Iron Hands\n|-resisted|p1a: Iron Hands\n|-damage|p1a: Iron Hands|45\/100\n|move|p1a: Iron Hands|Thunder Punch|p2b: Wo-Chien\n|-damage|p2b: Wo-Chien|0 fnt\n|faint|p2b: Wo-Chien\n|\n|win|kirans\n|c|\u2606Roopydoopy|gg!\n","uploadtime":1683273842,"views":15,"p1id":"kirans","p2id":"roopydoopy","formatid":"gen9vgc2023regulationc","rating":0,"private":0,"password":""}