{"id":"gen9vgc2023regulationc-1852485726","p1":"Bloom 13","p2":"dogson5","format":"[Gen 9] VGC 2023 Regulation C","log":"|j|\u2606Bloom 13\n|j|\u2606dogson5\n|t:|1682563767\n|gametype|doubles\n|player|p1|Bloom 13|101|1408\n|player|p2|dogson5|nate|1515\n|teamsize|p1|6\n|teamsize|p2|6\n|gen|9\n|tier|[Gen 9] VGC 2023 Regulation C\n|rated|\n|rule|Species Clause: Limit one of each Pok\u00e9mon\n|rule|Item Clause: Limit one of each item\n|clearpoke\n|poke|p1|Flutter Mane, L50|\n|poke|p1|Chi-Yu, L50|\n|poke|p1|Glimmora, L50, M|\n|poke|p1|Gyarados, L50, M|\n|poke|p1|Dragonite, L50, F|\n|poke|p1|Baxcalibur, L50, F|\n|poke|p2|Orthworm, L50, F|\n|poke|p2|Dragonite, L50, F|\n|poke|p2|Ting-Lu, L50|\n|poke|p2|Gyarados, L50, M|\n|poke|p2|Flutter Mane, L50|\n|poke|p2|Chien-Pao, L50|\n|teampreview|4\nBloom 13 has agreed to open team sheets.\n|inactive|Battle timer is ON: inactive players will automatically lose when time's up. (requested by Bloom 13)\n|\n|t:|1682563801\n|start\n|switch|p1a: Chi-Yu|Chi-Yu, L50|100\/100\n|switch|p1b: Dragonite|Dragonite, L50, F|100\/100\n|switch|p2a: Gyarados|Gyarados, L50, M|100\/100\n|switch|p2b: Ting-Lu|Ting-Lu, L50|100\/100\n|-ability|p1a: Chi-Yu|Beads of Ruin\n|-ability|p2a: Gyarados|Intimidate|boost\n|-unboost|p1a: Chi-Yu|atk|1\n|-unboost|p1b: Dragonite|atk|1\n|-ability|p2b: Ting-Lu|Vessel of Ruin\n|turn|1\n|inactive|Bloom 13 has 30 seconds left.\n|inactive|dogson5 has 30 seconds left.\n|inactive|Bloom 13 has 20 seconds left.\n|inactive|dogson5 has 20 seconds left.\n|\n|t:|1682563841\n|switch|p1a: Gyarados|Gyarados, L50, M|100\/100\n|-ability|p1a: Gyarados|Intimidate|boost\n|-unboost|p2a: Gyarados|atk|1\n|-unboost|p2b: Ting-Lu|atk|1\n|-terastallize|p2b: Ting-Lu|Water\n|move|p2a: Gyarados|Thunder Wave|p1b: Dragonite\n|-status|p1b: Dragonite|par\n|-enditem|p1b: Dragonite|Lum Berry|[eat]\n|-curestatus|p1b: Dragonite|par|[msg]\n|move|p1b: Dragonite|Tailwind|p1b: Dragonite\n|-sidestart|p1: Bloom 13|move: Tailwind\n|move|p2b: Ting-Lu|Earthquake|p1a: Gyarados|[spread] \n|-immune|p2a: Gyarados\n|-immune|p1a: Gyarados\n|-immune|p1b: Dragonite\n|\n|upkeep\n|turn|2\n|\n|t:|1682563863\n|switch|p1b: Flutter Mane|Flutter Mane, L50|100\/100\n|-enditem|p1b: Flutter Mane|Booster Energy\n|-activate|p1b: Flutter Mane|ability: Protosynthesis|[fromitem]\n|-start|p1b: Flutter Mane|protosynthesisspa\n|move|p1a: Gyarados|Taunt|p2a: Gyarados\n|-start|p2a: Gyarados|move: Taunt\n|cant|p2a: Gyarados|move: Taunt|Thunder Wave\n|move|p2b: Ting-Lu|Earthquake|p1a: Gyarados|[spread] p1b\n|-immune|p2a: Gyarados\n|-immune|p1a: Gyarados\n|-damage|p1b: Flutter Mane|51\/100\n|\n|upkeep\n|turn|3\n|inactive|dogson5 has 30 seconds left.\n|\n|t:|1682563890\n|move|p1b: Flutter Mane|Protect|p1b: Flutter Mane\n|-singleturn|p1b: Flutter Mane|Protect\n|move|p1a: Gyarados|Thunder Wave|p2b: Ting-Lu\n|-status|p2b: Ting-Lu|par\n|move|p2a: Gyarados|Waterfall|p1b: Flutter Mane\n|-activate|p1b: Flutter Mane|move: Protect\n|cant|p2b: Ting-Lu|par\n|\n|upkeep\n|turn|4\n|\n|t:|1682563902\n|move|p1b: Flutter Mane|Hex|p2a: Gyarados\n|-damage|p2a: Gyarados|72\/100\n|move|p1a: Gyarados|Thunder Wave|p2a: Gyarados\n|-status|p2a: Gyarados|par\n|cant|p2a: Gyarados|par\n|move|p2b: Ting-Lu|Earthquake|p1a: Gyarados|[spread] p1b\n|-immune|p2a: Gyarados\n|-immune|p1a: Gyarados\n|-damage|p1b: Flutter Mane|6\/100\n|\n|-end|p2a: Gyarados|move: Taunt\n|-sideend|p1: Bloom 13|move: Tailwind\n|upkeep\n|turn|5\n|inactive|dogson5 has 30 seconds left.\n|\n|t:|1682563932\n|move|p1b: Flutter Mane|Protect|p1b: Flutter Mane\n|-singleturn|p1b: Flutter Mane|Protect\n|move|p1a: Gyarados|Taunt|p2a: Gyarados\n|-start|p2a: Gyarados|move: Taunt\n|move|p2a: Gyarados|Waterfall|p1b: Flutter Mane\n|-activate|p1b: Flutter Mane|move: Protect\n|move|p2b: Ting-Lu|Earthquake|p1b: Flutter Mane|[spread] \n|-activate|p1b: Flutter Mane|move: Protect\n|-immune|p2a: Gyarados\n|-immune|p1a: Gyarados\n|\n|upkeep\n|turn|6\n|\n|t:|1682563953\n|move|p1b: Flutter Mane|Hex|p2a: Gyarados\n|-damage|p2a: Gyarados|25\/100 par\n|move|p1a: Gyarados|Waterfall|p2b: Ting-Lu\n|-resisted|p2b: Ting-Lu\n|-damage|p2b: Ting-Lu|90\/100 par\n|move|p2a: Gyarados|Waterfall|p1b: Flutter Mane\n|-crit|p1b: Flutter Mane\n|-damage|p1b: Flutter Mane|0 fnt\n|faint|p1b: Flutter Mane\n|-end|p1b: Flutter Mane|Protosynthesis|[silent]\n|move|p2b: Ting-Lu|Earthquake|p1a: Gyarados|[spread] \n|-immune|p2a: Gyarados\n|-immune|p1a: Gyarados\n|\n|upkeep\n|\n|t:|1682563960\n|switch|p1b: Chi-Yu|Chi-Yu, L50|100\/100\n|-ability|p1b: Chi-Yu|Beads of Ruin\n|turn|7\n|\n|t:|1682563969\n|-terastallize|p1b: Chi-Yu|Grass\n|move|p1b: Chi-Yu|Tera Blast|p2b: Ting-Lu\n|-supereffective|p2b: Ting-Lu\n|-damage|p2b: Ting-Lu|0 fnt\n|faint|p2b: Ting-Lu\n|move|p1a: Gyarados|Waterfall|p2a: Gyarados\n|-resisted|p2a: Gyarados\n|-damage|p2a: Gyarados|6\/100 par\n|move|p2a: Gyarados|Waterfall|p1b: Chi-Yu\n|-resisted|p1b: Chi-Yu\n|-damage|p1b: Chi-Yu|89\/100\n|\n|-end|p2a: Gyarados|move: Taunt\n|upkeep\n|\n|t:|1682563994\n|switch|p2b: Flutter Mane|Flutter Mane, L50|100\/100\n|turn|8\n|\n|t:|1682564018\n|move|p2b: Flutter Mane|Moonblast|p1b: Chi-Yu\n|-damage|p1b: Chi-Yu|34\/100\n|-unboost|p1b: Chi-Yu|spa|1\n|move|p1b: Chi-Yu|Tera Blast|p2a: Gyarados\n|-damage|p2a: Gyarados|0 fnt\n|faint|p2a: Gyarados\n|move|p1a: Gyarados|Thunder Wave|p2b: Flutter Mane\n|-status|p2b: Flutter Mane|par\n|\n|upkeep\n|\n|t:|1682564027\n|switch|p2a: Chien-Pao|Chien-Pao, L50|100\/100\n|-ability|p2a: Chien-Pao|Sword of Ruin\n|turn|9\n|\n|t:|1682564039\n|move|p2a: Chien-Pao|Protect|p2a: Chien-Pao\n|-singleturn|p2a: Chien-Pao|Protect\n|move|p1b: Chi-Yu|Tera Blast|p2a: Chien-Pao\n|-activate|p2a: Chien-Pao|move: Protect\n|move|p1a: Gyarados|Thunder Wave|p2a: Chien-Pao\n|-activate|p2a: Chien-Pao|move: Protect\n|cant|p2b: Flutter Mane|par\n|\n|upkeep\n|turn|10\n|\n|t:|1682564057\n|move|p2a: Chien-Pao|Ice Spinner|p1b: Chi-Yu\n|-supereffective|p1b: Chi-Yu\n|-damage|p1b: Chi-Yu|0 fnt\n|faint|p1b: Chi-Yu\n|move|p1a: Gyarados|Iron Head|p2b: Flutter Mane\n|-supereffective|p2b: Flutter Mane\n|-damage|p2b: Flutter Mane|1\/100 par\n|cant|p2b: Flutter Mane|par\n|\n|upkeep\n|\n|t:|1682564064\n|switch|p1b: Dragonite|Dragonite, L50, F|100\/100\n|turn|11\n|\n|t:|1682564077\n|move|p2a: Chien-Pao|Ice Spinner|p1a: Gyarados\n|-damage|p1a: Gyarados|51\/100\n|move|p1b: Dragonite|Stomping Tantrum|p2b: Flutter Mane\n|-damage|p2b: Flutter Mane|0 fnt\n|faint|p2b: Flutter Mane\n|-end|p2b: Flutter Mane|Protosynthesis|[silent]\n|move|p1a: Gyarados|Thunder Wave|p2a: Chien-Pao\n|-status|p2a: Chien-Pao|par\n|\n|upkeep\n|turn|12\n|\n|t:|1682564088\n|move|p1b: Dragonite|Extreme Speed|p2a: Chien-Pao\n|-damage|p2a: Chien-Pao|56\/100 par\n|move|p1a: Gyarados|Iron Head|p2a: Chien-Pao\n|-supereffective|p2a: Chien-Pao\n|-damage|p2a: Chien-Pao|0 fnt\n|faint|p2a: Chien-Pao\n|\n|win|Bloom 13\n|raw|Bloom 13's rating: 1393 → 1420<\/strong> (+27 for winning)\n|raw|dogson5's rating: 1515 → 1488<\/strong> (-27 for losing)\n|l|\u2606Bloom 13\n","uploadtime":1682564096,"views":10,"p1id":"bloom13","p2id":"dogson5","formatid":"gen9vgc2023regulationc","rating":1420,"private":0,"password":""}