{"id":"gen9vgc2023regulationc-1855397833","p1":"ok^18","p2":"SpikeMike","format":"[Gen 9] VGC 2023 Regulation C","log":"|j|\u2606ok^18\n|j|\u2606SpikeMike\n|t:|1682947402\n|gametype|doubles\n|player|p1|ok^18|wally-masters|1172\n|player|p2|SpikeMike|molayne|1192\n|teamsize|p1|6\n|teamsize|p2|6\n|gen|9\n|tier|[Gen 9] VGC 2023 Regulation C\n|rated|\n|rule|Species Clause: Limit one of each Pok\u00e9mon\n|rule|Item Clause: Limit one of each item\n|clearpoke\n|poke|p1|Flutter Mane, L50|\n|poke|p1|Chi-Yu, L50|\n|poke|p1|Chien-Pao, L50|\n|poke|p1|Dragonite, L50, F|\n|poke|p1|Iron Bundle, L50|\n|poke|p1|Torkoal, L50, F|\n|poke|p2|Grafaiai, L50, M|\n|poke|p2|Slaking, L50, F|\n|poke|p2|Dragonite, L50, M|\n|poke|p2|Chien-Pao, L50|\n|poke|p2|Iron Hands, L50|\n|poke|p2|Amoonguss, L50, F|\n|teampreview|4\n|inactive|Battle timer is ON: inactive players will automatically lose when time's up. (requested by SpikeMike)\n|\n|t:|1682947430\n|start\n|switch|p1a: Torkoal|Torkoal, L50, F|100\/100\n|switch|p1b: Chien-Pao|Chien-Pao, L50|100\/100\n|switch|p2a: Charlie Puth|Chien-Pao, L50|100\/100\n|switch|p2b: Lewis Capaldi|Iron Hands, L50|100\/100\n|-ability|p1b: Chien-Pao|Sword of Ruin\n|-ability|p2a: Charlie Puth|Sword of Ruin\n|-weather|SunnyDay|[from] ability: Drought|[of] p1a: Torkoal\n|-enditem|p2b: Lewis Capaldi|Booster Energy\n|-activate|p2b: Lewis Capaldi|ability: Quark Drive|[fromitem]\n|-start|p2b: Lewis Capaldi|quarkdriveatk\n|turn|1\n|\n|t:|1682947454\n|-terastallize|p1b: Chien-Pao|Ghost\n|move|p2b: Lewis Capaldi|Fake Out|p1a: Torkoal\n|-damage|p1a: Torkoal|80\/100\n|move|p1b: Chien-Pao|Sacred Sword|p2a: Charlie Puth\n|-supereffective|p2a: Charlie Puth\n|-enditem|p2a: Charlie Puth|Focus Sash\n|-damage|p2a: Charlie Puth|1\/100\n|move|p2a: Charlie Puth|Sacred Sword|p1b: Chien-Pao\n|-immune|p1b: Chien-Pao\n|cant|p1a: Torkoal|flinch\n|\n|-weather|SunnyDay|[upkeep]\n|upkeep\n|turn|2\n|\n|t:|1682947476\n|move|p1b: Chien-Pao|Protect|p1b: Chien-Pao\n|-singleturn|p1b: Chien-Pao|Protect\n|move|p2a: Charlie Puth|Sucker Punch||[still]\n|-fail|p2a: Charlie Puth\n|move|p2b: Lewis Capaldi|Wild Charge|p1a: Torkoal\n|-damage|p1a: Torkoal|12\/100\n|-damage|p2b: Lewis Capaldi|89\/100|[from] Recoil\n|move|p1a: Torkoal|Heat Wave|p2a: Charlie Puth|[spread] p2b\n|-miss|p1a: Torkoal|p2a: Charlie Puth\n|-damage|p2b: Lewis Capaldi|33\/100\n|\n|-weather|SunnyDay|[upkeep]\n|upkeep\n|turn|3\n|inactive|ok^18 has 30 seconds left.\n|inactive|SpikeMike has 30 seconds left.\n|\n|t:|1682947505\n|switch|p2a: Bruno Mars|Dragonite, L50, M|100\/100\n|move|p1a: Torkoal|Protect|p1a: Torkoal\n|-singleturn|p1a: Torkoal|Protect\n|move|p1b: Chien-Pao|Sucker Punch||[still]\n|-fail|p1b: Chien-Pao\n|move|p2b: Lewis Capaldi|Drain Punch|p1a: Torkoal\n|-activate|p1a: Torkoal|move: Protect\n|\n|-weather|SunnyDay|[upkeep]\n|upkeep\n|turn|4\n|inactive|ok^18 has 30 seconds left.\n|\n|t:|1682947532\n|-terastallize|p2a: Bruno Mars|Normal\n|move|p2a: Bruno Mars|Aqua Jet|p1b: Chien-Pao\n|-damage|p1b: Chien-Pao|90\/100\n|move|p1b: Chien-Pao|Ice Spinner|p2a: Bruno Mars\n|-damage|p2a: Bruno Mars|46\/100\n|move|p2b: Lewis Capaldi|Drain Punch|p1a: Torkoal\n|-damage|p1a: Torkoal|0 fnt\n|-heal|p2b: Lewis Capaldi|38\/100|[from] drain|[of] p1a: Torkoal\n|faint|p1a: Torkoal\n|\n|-weather|SunnyDay|[upkeep]\n|upkeep\n|\n|t:|1682947546\n|switch|p1a: Flutter Mane|Flutter Mane, L50|100\/100\n|-activate|p1a: Flutter Mane|ability: Protosynthesis\n|-start|p1a: Flutter Mane|protosynthesisspe\n|turn|5\n|\n|t:|1682947570\n|-end|p2b: Lewis Capaldi|Quark Drive|[silent]\n|switch|p2b: Ed Sheeran|Amoonguss, L50, F|100\/100\n|move|p1a: Flutter Mane|Moonblast|p2b: Ed Sheeran\n|-resisted|p2b: Ed Sheeran\n|-damage|p2b: Ed Sheeran|62\/100\n|move|p1b: Chien-Pao|Ice Spinner|p2a: Bruno Mars\n|-damage|p2a: Bruno Mars|0 fnt\n|faint|p2a: Bruno Mars\n|\n|-weather|none\n|-end|p1a: Flutter Mane|Protosynthesis\n|upkeep\n|\n|t:|1682947584\n|switch|p2a: Charlie Puth|Chien-Pao, L50|1\/100\n|-ability|p2a: Charlie Puth|Sword of Ruin\n|turn|6\n|\n|t:|1682947609\n|move|p2b: Ed Sheeran|Rage Powder|p2b: Ed Sheeran\n|-singleturn|p2b: Ed Sheeran|move: Rage Powder\n|move|p2a: Charlie Puth|Sucker Punch|p1b: Chien-Pao\n|-supereffective|p1b: Chien-Pao\n|-damage|p1b: Chien-Pao|0 fnt\n|faint|p1b: Chien-Pao\n|move|p1a: Flutter Mane|Moonblast|p2b: Ed Sheeran\n|-resisted|p2b: Ed Sheeran\n|-damage|p2b: Ed Sheeran|23\/100\n|-enditem|p2b: Ed Sheeran|Sitrus Berry|[eat]\n|-heal|p2b: Ed Sheeran|48\/100|[from] item: Sitrus Berry\n|\n|upkeep\n|\n|t:|1682947621\n|switch|p1b: Iron Bundle|Iron Bundle, L50|100\/100\n|-enditem|p1b: Iron Bundle|Booster Energy\n|-activate|p1b: Iron Bundle|ability: Quark Drive|[fromitem]\n|-start|p1b: Iron Bundle|quarkdrivespe\n|turn|7\n|\n|t:|1682947632\n|move|p2b: Ed Sheeran|Protect|p2b: Ed Sheeran\n|-singleturn|p2b: Ed Sheeran|Protect\n|move|p2a: Charlie Puth|Sucker Punch|p1a: Flutter Mane\n|-damage|p1a: Flutter Mane|0 fnt\n|faint|p1a: Flutter Mane\n|-end|p1a: Flutter Mane|Protosynthesis|[silent]\n|move|p1b: Iron Bundle|Icy Wind|p2a: Charlie Puth|[spread] p2a\n|-activate|p2b: Ed Sheeran|move: Protect\n|-resisted|p2a: Charlie Puth\n|-damage|p2a: Charlie Puth|0 fnt\n|faint|p2a: Charlie Puth\n|\n|upkeep\n|\n|t:|1682947642\n|switch|p2a: Lewis Capaldi|Iron Hands, L50|38\/100\n|turn|8\n|\n|t:|1682947657\n|move|p2a: Lewis Capaldi|Fake Out|p1b: Iron Bundle\n|-damage|p1b: Iron Bundle|80\/100\n|cant|p1b: Iron Bundle|flinch\n|move|p2b: Ed Sheeran|Pollen Puff|p2a: Lewis Capaldi\n|-heal|p2a: Lewis Capaldi|87\/100\n|\n|upkeep\n|turn|9\n|\n|t:|1682947671\n|move|p2b: Ed Sheeran|Rage Powder|p2b: Ed Sheeran\n|-singleturn|p2b: Ed Sheeran|move: Rage Powder\n|move|p1b: Iron Bundle|Hydro Pump|p2b: Ed Sheeran|[miss]\n|-miss|p1b: Iron Bundle|p2b: Ed Sheeran\n|move|p2a: Lewis Capaldi|Drain Punch|p1b: Iron Bundle\n|-supereffective|p1b: Iron Bundle\n|-crit|p1b: Iron Bundle\n|-damage|p1b: Iron Bundle|0 fnt\n|-heal|p2a: Lewis Capaldi|100\/100|[from] drain|[of] p1b: Iron Bundle\n|faint|p1b: Iron Bundle\n|-end|p1b: Iron Bundle|Quark Drive|[silent]\n|\n|win|SpikeMike\n|raw|ok^18's rating: 1172 → 1148<\/strong> (-24 for losing)\n|raw|SpikeMike's rating: 1192 → 1216<\/strong> (+24 for winning)\n|c|\u2606SpikeMike|gg\n|l|\u2606ok^18\n","uploadtime":1682947682,"views":15,"p1id":"ok18","p2id":"spikemike","formatid":"gen9vgc2023regulationc","rating":1148,"private":0,"password":""}