{"id":"gen9vgc2023regulationc-1846687001","p1":"athico","p2":"Millie Jean","format":"[Gen 9] VGC 2023 Regulation C","log":"|j|\u2606athico\n|j|\u203dMillie Jean\n|t:|1681865883\n|gametype|doubles\n|player|p1|athico|266|1203\n|player|p2|Millie Jean|whitney|1311\n|teamsize|p1|6\n|teamsize|p2|6\n|gen|9\n|tier|[Gen 9] VGC 2023 Regulation C\n|rated|\n|rule|Species Clause: Limit one of each Pok\u00e9mon\n|rule|Item Clause: Limit one of each item\n|clearpoke\n|poke|p1|Annihilape, L50, F|\n|poke|p1|Flutter Mane, L50|\n|poke|p1|Maushold-Four, L50|\n|poke|p1|Amoonguss, L50, F|\n|poke|p1|Dragapult, L50, F|\n|poke|p1|Chien-Pao, L50|\n|poke|p2|Wo-Chien, L50|\n|poke|p2|Glimmora, L50, F|\n|poke|p2|Dondozo, L50, F|\n|poke|p2|Tatsugiri, L50, M|\n|poke|p2|Arcanine, L50, F|\n|poke|p2|Flutter Mane, L50|\n|teampreview|4\n|inactive|Battle timer is ON: inactive players will automatically lose when time's up. (requested by Millie Jean)\nMillie Jean has agreed to open team sheets.\n|inactive|Millie Jean has 60 seconds left.\n|\n|t:|1681865922\n|start\n|switch|p1a: Dragapult|Dragapult, L50, F|100\/100\n|switch|p1b: Maushold|Maushold-Four, L50|100\/100\n|switch|p2a: Wo-Chien|Wo-Chien, L50|100\/100\n|switch|p2b: Glimmora|Glimmora, L50, F|100\/100\n|-ability|p2a: Wo-Chien|Tablets of Ruin\n|turn|1\n|inactive|athico has 30 seconds left.\n|\n|t:|1681865952\n|move|p1b: Maushold|Protect|p1b: Maushold\n|-singleturn|p1b: Maushold|Protect\n|move|p1a: Dragapult|U-turn|p2a: Wo-Chien\n|-supereffective|p2a: Wo-Chien\n|-damage|p2a: Wo-Chien|21\/100\n|-enditem|p2a: Wo-Chien|Sitrus Berry|[eat]\n|-heal|p2a: Wo-Chien|46\/100|[from] item: Sitrus Berry\n|\n|t:|1681865960\n|switch|p1a: Annihilape|Annihilape, L50, F|100\/100|[from] U-turn\n|move|p2b: Glimmora|Mortal Spin|p1b: Maushold|[spread] p1a\n|-activate|p1b: Maushold|move: Protect\n|-resisted|p1a: Annihilape\n|-damage|p1a: Annihilape|99\/100\n|-status|p1a: Annihilape|psn\n|move|p2a: Wo-Chien|Leech Seed|p1b: Maushold\n|-activate|p1b: Maushold|move: Protect\n|\n|-heal|p1a: Annihilape|100\/100 psn|[from] item: Leftovers\n|-damage|p1a: Annihilape|88\/100 psn|[from] psn\n|upkeep\n|turn|2\n|\n|t:|1681865982\n|switch|p2b: Tatsugiri|Tatsugiri, L50, M|100\/100\n|switch|p2a: Dondozo|Dondozo, L50, F|100\/100\n|-activate|p2b: Tatsugiri|ability: Commander|[of] p2a: Dondozo\n|-boost|p2a: Dondozo|atk|2\n|-boost|p2a: Dondozo|spa|2\n|-boost|p2a: Dondozo|spe|2\n|-boost|p2a: Dondozo|def|2\n|-boost|p2a: Dondozo|spd|2\n|move|p1b: Maushold|Beat Up|p1a: Annihilape\n|-damage|p1a: Annihilape|86\/100 psn\n|-damage|p1a: Annihilape|84\/100 psn\n|-damage|p1a: Annihilape|82\/100 psn\n|-hitcount|p1a: Annihilape|3\n|move|p1a: Annihilape|Drain Punch|p2a: Dondozo\n|-damage|p2a: Dondozo|87\/100\n|-heal|p1a: Annihilape|89\/100 psn|[from] drain|[of] p2a: Dondozo\n|\n|-heal|p2a: Dondozo|93\/100|[from] item: Leftovers\n|-heal|p1a: Annihilape|95\/100 psn|[from] item: Leftovers\n|-damage|p1a: Annihilape|82\/100 psn|[from] psn\n|upkeep\n|turn|3\n|inactive|athico has 30 seconds left.\n|inactive|Millie Jean has 30 seconds left.\n|inactive|athico has 20 seconds left.\n|\n|t:|1681866018\n|move|p2a: Dondozo|Earthquake|p1b: Maushold|[spread] p1a,p1b\n|-miss|p2a: Dondozo|p2b: Tatsugiri\n|-damage|p1a: Annihilape|55\/100 psn\n|-damage|p1b: Maushold|60\/100\n|move|p1b: Maushold|Super Fang|p2a: Dondozo\n|-damage|p2a: Dondozo|47\/100\n|move|p1a: Annihilape|Rage Fist|p2a: Dondozo\n|-damage|p2a: Dondozo|0 fnt\n|faint|p2a: Dondozo\n|\n|-heal|p1a: Annihilape|61\/100 psn|[from] item: Leftovers\n|-damage|p1a: Annihilape|49\/100 psn|[from] psn\n|upkeep\n|\n|t:|1681866032\n|switch|p2a: Glimmora|Glimmora, L50, F|100\/100\n|turn|4\n|inactive|Millie Jean has 30 seconds left.\n|\n|t:|1681866057\n|-terastallize|p2a: Glimmora|Grass\n|move|p1b: Maushold|Follow Me|p1b: Maushold\n|-singleturn|p1b: Maushold|move: Follow Me\n|move|p2b: Tatsugiri|Draco Meteor|p1b: Maushold\n|-damage|p1b: Maushold|0 fnt\n|-unboost|p2b: Tatsugiri|spa|2\n|faint|p1b: Maushold\n|move|p1a: Annihilape|Rage Fist|p2a: Glimmora\n|-crit|p2a: Glimmora\n|-enditem|p2a: Glimmora|Focus Sash\n|-damage|p2a: Glimmora|1\/100\n|-activate|p2a: Glimmora|ability: Toxic Debris\n|-sidestart|p1: athico|move: Toxic Spikes\n|move|p2a: Glimmora|Energy Ball|p1a: Annihilape\n|-damage|p1a: Annihilape|14\/100 psn\n|\n|-heal|p1a: Annihilape|20\/100 psn|[from] item: Leftovers\n|-damage|p1a: Annihilape|8\/100 psn|[from] psn\n|upkeep\n|inactive|athico has 30 seconds left.\n|\n|t:|1681866090\n|switch|p1b: Dragapult|Dragapult, L50, F|100\/100\n|-status|p1b: Dragapult|psn\n|turn|5\n|\n|t:|1681866102\n|-terastallize|p1b: Dragapult|Dragon\n|move|p2b: Tatsugiri|Draco Meteor|p1b: Dragapult\n|-supereffective|p1b: Dragapult\n|-crit|p1b: Dragapult\n|-damage|p1b: Dragapult|0 fnt\n|-unboost|p2b: Tatsugiri|spa|2\n|faint|p1b: Dragapult\n|move|p1a: Annihilape|Rage Fist|p2b: Tatsugiri\n|-damage|p2b: Tatsugiri|0 fnt\n|faint|p2b: Tatsugiri\n|move|p2a: Glimmora|Earth Power|p1a: Annihilape\n|-damage|p1a: Annihilape|0 fnt\n|faint|p1a: Annihilape\n|\n|upkeep\n|\n|t:|1681866115\n|switch|p1b: Chien-Pao|Chien-Pao, L50|100\/100\n|switch|p2b: Wo-Chien|Wo-Chien, L50|46\/100\n|-status|p1b: Chien-Pao|psn\n|-ability|p1b: Chien-Pao|Sword of Ruin\n|-ability|p2b: Wo-Chien|Tablets of Ruin\n|turn|6\n|inactive|Millie Jean has 30 seconds left.\n|\n|t:|1681866140\n|move|p1b: Chien-Pao|Protect|p1b: Chien-Pao\n|-singleturn|p1b: Chien-Pao|Protect\n|move|p2a: Glimmora|Power Gem|p1b: Chien-Pao\n|-activate|p1b: Chien-Pao|move: Protect\n|move|p2b: Wo-Chien|Pollen Puff|p1b: Chien-Pao\n|-activate|p1b: Chien-Pao|move: Protect\n|\n|-damage|p1b: Chien-Pao|88\/100 psn|[from] psn\n|upkeep\n|turn|7\n|\n|t:|1681866157\n|move|p1b: Chien-Pao|Sucker Punch|p2a: Glimmora\n|-damage|p2a: Glimmora|0 fnt\n|-activate|p2a: Glimmora|ability: Toxic Debris\n|-sidestart|p1: athico|move: Toxic Spikes\n|faint|p2a: Glimmora\n|move|p2b: Wo-Chien|Leech Seed|p1b: Chien-Pao\n|-start|p1b: Chien-Pao|move: Leech Seed\n|\n|-damage|p1b: Chien-Pao|76\/100 psn|[from] Leech Seed|[of] p2b: Wo-Chien\n|-heal|p2b: Wo-Chien|56\/100|[silent]\n|-damage|p1b: Chien-Pao|64\/100 psn|[from] psn\n|upkeep\n|turn|8\n|\n|t:|1681866167\n|move|p2b: Wo-Chien|Protect|p2b: Wo-Chien\n|-singleturn|p2b: Wo-Chien|Protect\n|move|p1b: Chien-Pao|Sacred Sword|p2b: Wo-Chien\n|-activate|p2b: Wo-Chien|move: Protect\n|\n|-damage|p1b: Chien-Pao|52\/100 psn|[from] Leech Seed|[of] p2b: Wo-Chien\n|-heal|p2b: Wo-Chien|66\/100|[silent]\n|-damage|p1b: Chien-Pao|40\/100 psn|[from] psn\n|upkeep\n|turn|9\n|\n|t:|1681866182\n|move|p2b: Wo-Chien|Protect||[still]\n|-fail|p2b: Wo-Chien\n|move|p1b: Chien-Pao|Sacred Sword|p2b: Wo-Chien\n|-supereffective|p2b: Wo-Chien\n|-damage|p2b: Wo-Chien|19\/100\n|\n|-damage|p1b: Chien-Pao|27\/100 psn|[from] Leech Seed|[of] p2b: Wo-Chien\n|-heal|p2b: Wo-Chien|29\/100|[silent]\n|-damage|p1b: Chien-Pao|15\/100 psn|[from] psn\n|upkeep\n|turn|10\n|\n|t:|1681866199\n|move|p2b: Wo-Chien|Protect|p2b: Wo-Chien\n|-singleturn|p2b: Wo-Chien|Protect\n|move|p1b: Chien-Pao|Sacred Sword|p2b: Wo-Chien\n|-activate|p2b: Wo-Chien|move: Protect\n|\n|-damage|p1b: Chien-Pao|3\/100 psn|[from] Leech Seed|[of] p2b: Wo-Chien\n|-heal|p2b: Wo-Chien|39\/100|[silent]\n|-damage|p1b: Chien-Pao|0 fnt|[from] psn\n|faint|p1b: Chien-Pao\n|\n|win|Millie Jean\n|upkeep\n|raw|athico's rating: 1203 → 1186<\/strong> (-17 for losing)\n|raw|Millie Jean's rating: 1311 → 1325<\/strong> (+14 for winning)\n|l|\u2606athico\n","uploadtime":1681866212,"views":13,"p1id":"athico","p2id":"milliejean","formatid":"gen9vgc2023regulationc","rating":1186,"private":0,"password":""}