{"id":"gen9vgc2023regulationc-1855297469","p1":"Pnutnoob","p2":"Clicky-Clacky","format":"[Gen 9] VGC 2023 Regulation C","log":"|j|\u2606Pnutnoob\n|j|\u2606Clicky-Clacky\n|t:|1682932337\n|gametype|doubles\n|player|p1|Pnutnoob|unknown|1123\n|player|p2|Clicky-Clacky|170|1028\n|teamsize|p1|6\n|teamsize|p2|6\n|gen|9\n|tier|[Gen 9] VGC 2023 Regulation C\n|rated|\n|rule|Species Clause: Limit one of each Pok\u00e9mon\n|rule|Item Clause: Limit one of each item\n|clearpoke\n|poke|p1|Great Tusk, L50|\n|poke|p1|Pelipper, L50, F|\n|poke|p1|Palafin, L50, F|\n|poke|p1|Chien-Pao, L50|\n|poke|p1|Amoonguss, L50, F|\n|poke|p1|Gholdengo, L50|\n|poke|p2|Torkoal, L50, M|\n|poke|p2|Jumpluff, L50, F|\n|poke|p2|Flutter Mane, L50|\n|poke|p2|Great Tusk, L50|\n|poke|p2|Chi-Yu, L50|\n|poke|p2|Chien-Pao, L50|\n|teampreview|4\nClicky-Clacky rejected open team sheets.\n|inactive|Battle timer is ON: inactive players will automatically lose when time's up. (requested by Clicky-Clacky)\n|c|\u2606Clicky-Clacky|nhfyujikjgsdfghjklhgfdsaqwertyuiop[]\n|inactive|Pnutnoob has 60 seconds left.\n|\n|t:|1682932403\n|start\n|switch|p1a: Palafin|Palafin, L50, F|100\/100\n|switch|p1b: Chien-Pao|Chien-Pao, L50|100\/100\n|switch|p2a: Torkoal|Torkoal, L50, M|100\/100\n|switch|p2b: Jumpluff|Jumpluff, L50, F|100\/100\n|-ability|p1b: Chien-Pao|Sword of Ruin\n|-weather|SunnyDay|[from] ability: Drought|[of] p2a: Torkoal\n|turn|1\n|\n|t:|1682932420\n|detailschange|p1a: Palafin|Palafin-Hero, L50, F\n|switch|p1a: Pelipper|Pelipper, L50, F|100\/100\n|-weather|RainDance|[from] ability: Drizzle|[of] p1a: Pelipper\n|move|p2b: Jumpluff|Sleep Powder|p1b: Chien-Pao\n|-status|p1b: Chien-Pao|slp|[from] move: Sleep Powder\n|cant|p1b: Chien-Pao|slp\n|move|p2a: Torkoal|Yawn|p1a: Pelipper\n|-start|p1a: Pelipper|move: Yawn|[of] p2a: Torkoal\n|\n|-weather|RainDance|[upkeep]\n|upkeep\n|turn|2\n|inactive|Pnutnoob has 30 seconds left.\n|inactive|Pnutnoob has 20 seconds left.\n|inactive|Pnutnoob has 15 seconds left.\n|\n|t:|1682932465\n|switch|p2a: Chi-Yu|Chi-Yu, L50|100\/100\n|-ability|p2a: Chi-Yu|Beads of Ruin\n|move|p2b: Jumpluff|Tailwind|p2b: Jumpluff\n|-sidestart|p2: Clicky-Clacky|move: Tailwind\n|cant|p1b: Chien-Pao|slp\n|move|p1a: Pelipper|Hurricane|p2b: Jumpluff\n|-supereffective|p2b: Jumpluff\n|-damage|p2b: Jumpluff|0 fnt\n|faint|p2b: Jumpluff\n|\n|-weather|RainDance|[upkeep]\n|-end|p1a: Pelipper|move: Yawn|[silent]\n|-status|p1a: Pelipper|slp\n|upkeep\n|\n|t:|1682932478\n|switch|p2b: Torkoal|Torkoal, L50, M|100\/100\n|-weather|SunnyDay|[from] ability: Drought|[of] p2b: Torkoal\n|turn|3\n|\n|t:|1682932500\n|move|p2b: Torkoal|Helping Hand|p2a: Chi-Yu\n|-singleturn|p2a: Chi-Yu|Helping Hand|[of] p2b: Torkoal\n|-curestatus|p1b: Chien-Pao|slp|[msg]\n|move|p1b: Chien-Pao|Protect|p1b: Chien-Pao\n|-singleturn|p1b: Chien-Pao|Protect\n|cant|p1a: Pelipper|slp\n|move|p2a: Chi-Yu|Heat Wave|p1a: Pelipper|[spread] p1a\n|-activate|p1b: Chien-Pao|move: Protect\n|-resisted|p1a: Pelipper\n|-crit|p1a: Pelipper\n|-damage|p1a: Pelipper|0 fnt\n|faint|p1a: Pelipper\n|-damage|p2a: Chi-Yu|90\/100|[from] item: Life Orb\n|\n|-weather|SunnyDay|[upkeep]\n|upkeep\n|\n|t:|1682932514\n|switch|p1a: Great Tusk|Great Tusk, L50|100\/100\n|-activate|p1a: Great Tusk|ability: Protosynthesis\n|-start|p1a: Great Tusk|protosynthesisatk\n|turn|4\n|inactive|Pnutnoob has 30 seconds left.\n|inactive|Pnutnoob has 20 seconds left.\n|inactive|Pnutnoob has 15 seconds left.\n|\n|t:|1682932555\n|switch|p1b: Palafin|Palafin-Hero, L50, F|100\/100\n|-activate|p1b: Palafin|ability: Zero to Hero\n|move|p2b: Torkoal|Helping Hand|p2a: Chi-Yu\n|-singleturn|p2a: Chi-Yu|Helping Hand|[of] p2b: Torkoal\n|move|p1a: Great Tusk|Protect|p1a: Great Tusk\n|-singleturn|p1a: Great Tusk|Protect\n|move|p2a: Chi-Yu|Heat Wave|p1a: Great Tusk|[spread] p1b\n|-activate|p1a: Great Tusk|move: Protect\n|-resisted|p1b: Palafin\n|-damage|p1b: Palafin|36\/100\n|-status|p1b: Palafin|brn\n|-damage|p2a: Chi-Yu|80\/100|[from] item: Life Orb\n|\n|-weather|SunnyDay|[upkeep]\n|-damage|p1b: Palafin|30\/100 brn|[from] brn\n|upkeep\n|turn|5\n|inactive|Pnutnoob has 30 seconds left.\n|inactive|Pnutnoob has 20 seconds left.\n|inactive|Pnutnoob has 15 seconds left.\n|inactive|Pnutnoob has 10 seconds left.\n|\n|t:|1682932600\n|move|p2b: Torkoal|Helping Hand|p2a: Chi-Yu\n|-singleturn|p2a: Chi-Yu|Helping Hand|[of] p2b: Torkoal\n|move|p1b: Palafin|Protect|p1b: Palafin\n|-singleturn|p1b: Palafin|Protect\n|move|p2a: Chi-Yu|Heat Wave|p1b: Palafin|[spread] p1a\n|-activate|p1b: Palafin|move: Protect\n|-damage|p1a: Great Tusk|0 fnt\n|faint|p1a: Great Tusk\n|-end|p1a: Great Tusk|Protosynthesis|[silent]\n|-damage|p2a: Chi-Yu|70\/100|[from] item: Life Orb\n|\n|-weather|SunnyDay|[upkeep]\n|-damage|p1b: Palafin|24\/100 brn|[from] brn\n|-sideend|p2: Clicky-Clacky|move: Tailwind\n|upkeep\n|\n|t:|1682932608\n|switch|p1a: Chien-Pao|Chien-Pao, L50|100\/100\n|-ability|p1a: Chien-Pao|Sword of Ruin\n|turn|6\n|-message|Pnutnoob forfeited.\n|\n|win|Clicky-Clacky\n|raw|Pnutnoob's rating: 1123 → 1091<\/strong> (-32 for losing)\n|raw|Clicky-Clacky's rating: 1028 → 1073<\/strong> (+45 for winning)\n|l|\u2606Pnutnoob\n","uploadtime":1682932617,"views":24,"p1id":"pnutnoob","p2id":"clickyclacky","formatid":"gen9vgc2023regulationc","rating":1073,"private":0,"password":""}