{"id":"gen9vgc2023regulationc-1855816385","p1":"dark f25","p2":"subnori","format":"[Gen 9] VGC 2023 Regulation C","log":"|j|\u2606dark f25\n|j|\u2606subnori\n|t:|1682987552\n|gametype|doubles\n|player|p1|dark f25|ghetsis|1082\n|player|p2|subnori|youngcouple-gen4dp|1111\n|teamsize|p1|5\n|teamsize|p2|6\n|gen|9\n|tier|[Gen 9] VGC 2023 Regulation C\n|rated|\n|rule|Species Clause: Limit one of each Pok\u00e9mon\n|rule|Item Clause: Limit one of each item\n|clearpoke\n|poke|p1|Chien-Pao, L50|\n|poke|p1|Meowscarada, L50, M|\n|poke|p1|Wo-Chien, L50|\n|poke|p1|Grimmsnarl, L50, M|\n|poke|p1|Gastrodon, L50, M|\n|poke|p2|Abomasnow, L50, M|\n|poke|p2|Cetitan, L50, M|\n|poke|p2|Amoonguss, L50, F|\n|poke|p2|Salamence, L50, F|\n|poke|p2|Iron Bundle, L50|\n|poke|p2|Iron Valiant, L50|\n|teampreview|4\nsubnori has agreed to open team sheets.\n|\n|t:|1682987578\n|start\n|switch|p1a: Chien-Pao|Chien-Pao, L50|100\/100\n|switch|p1b: Meowscarada|Meowscarada, L50, M|100\/100\n|switch|p2a: Cetitan|Cetitan, L50, M|100\/100\n|switch|p2b: Salamence|Salamence, L50, F|100\/100\n|-ability|p1a: Chien-Pao|Sword of Ruin\n|-ability|p2b: Salamence|Intimidate|boost\n|-unboost|p1a: Chien-Pao|atk|1\n|-unboost|p1b: Meowscarada|atk|1\n|turn|1\n|\n|t:|1682987602\n|switch|p2b: Abomasnow|Abomasnow, L50, M|100\/100\n|-weather|Snow|[from] ability: Snow Warning|[of] p2b: Abomasnow\n|move|p1a: Chien-Pao|Icicle Crash|p2b: Abomasnow\n|-damage|p2b: Abomasnow|65\/100\n|move|p2a: Cetitan|Ice Spinner|p1b: Meowscarada\n|-supereffective|p1b: Meowscarada\n|-damage|p1b: Meowscarada|0 fnt\n|faint|p1b: Meowscarada\n|\n|-weather|Snow|[upkeep]\n|upkeep\n|\n|t:|1682987612\n|switch|p1b: Grimmsnarl|Grimmsnarl, L50, M|100\/100\n|turn|2\n|\n|t:|1682987621\n|switch|p1a: Wo-Chien|Wo-Chien, L50|100\/100\n|-ability|p1a: Wo-Chien|Tablets of Ruin\n|switch|p2a: Salamence|Salamence, L50, F|100\/100\n|-ability|p2a: Salamence|Intimidate|boost\n|-unboost|p1a: Wo-Chien|atk|1\n|-unboost|p1b: Grimmsnarl|atk|1\n|move|p1b: Grimmsnarl|Reflect|p1b: Grimmsnarl\n|-sidestart|p1: dark f25|Reflect\n|move|p2b: Abomasnow|Aurora Veil|p2b: Abomasnow\n|-sidestart|p2: subnori|move: Aurora Veil\n|\n|-weather|Snow|[upkeep]\n|upkeep\n|turn|3\n|\n|t:|1682987638\n|move|p1b: Grimmsnarl|Fake Out||[still]\n|-hint|Fake Out only works on your first turn out.\n|-fail|p1b: Grimmsnarl\n|move|p2a: Salamence|Heat Wave|p1b: Grimmsnarl|[spread] p1a,p1b\n|-supereffective|p1a: Wo-Chien\n|-damage|p1a: Wo-Chien|74\/100\n|-damage|p1b: Grimmsnarl|80\/100\n|move|p1a: Wo-Chien|Leech Seed|p2a: Salamence\n|-start|p2a: Salamence|move: Leech Seed\n|move|p2b: Abomasnow|Blizzard|p1a: Wo-Chien|[spread] p1a,p1b\n|-supereffective|p1a: Wo-Chien\n|-damage|p1a: Wo-Chien|33\/100\n|-damage|p1b: Grimmsnarl|50\/100\n|\n|-weather|Snow|[upkeep]\n|-heal|p1a: Wo-Chien|39\/100|[from] item: Leftovers\n|-damage|p2a: Salamence|88\/100|[from] Leech Seed|[of] p1a: Wo-Chien\n|-heal|p1a: Wo-Chien|52\/100|[silent]\n|upkeep\n|turn|4\n|\n|t:|1682987677\n|switch|p2a: Cetitan|Cetitan, L50, M|100\/100\n|move|p1b: Grimmsnarl|Parting Shot|p2a: Cetitan\n|-unboost|p2a: Cetitan|atk|1\n|-unboost|p2a: Cetitan|spa|1\n|\n|t:|1682987683\n|switch|p1b: Chien-Pao|Chien-Pao, L50|100\/100|[from] Parting Shot\n|-ability|p1b: Chien-Pao|Sword of Ruin\n|move|p1a: Wo-Chien|Dark Pulse|p2b: Abomasnow\n|-damage|p2b: Abomasnow|54\/100\n|move|p2b: Abomasnow|Blizzard|p1b: Chien-Pao|[spread] p1a,p1b\n|-supereffective|p1a: Wo-Chien\n|-resisted|p1b: Chien-Pao\n|-damage|p1a: Wo-Chien|13\/100\n|-damage|p1b: Chien-Pao|77\/100\n|\n|-weather|Snow|[upkeep]\n|-heal|p1a: Wo-Chien|19\/100|[from] item: Leftovers\n|upkeep\n|turn|5\n|\n|t:|1682987696\n|switch|p2a: Salamence|Salamence, L50, F|88\/100\n|-ability|p2a: Salamence|Intimidate|boost\n|-unboost|p1a: Wo-Chien|atk|1\n|-unboost|p1b: Chien-Pao|atk|1\n|switch|p1a: Grimmsnarl|Grimmsnarl, L50, M|50\/100\n|move|p1b: Chien-Pao|Sacred Sword|p2a: Salamence\n|-resisted|p2a: Salamence\n|-damage|p2a: Salamence|76\/100\n|move|p2b: Abomasnow|Blizzard|p1a: Grimmsnarl|[spread] p1a,p1b\n|-crit|p1a: Grimmsnarl\n|-resisted|p1b: Chien-Pao\n|-damage|p1a: Grimmsnarl|9\/100\n|-damage|p1b: Chien-Pao|55\/100\n|\n|-weather|none\n|-heal|p2a: Salamence|82\/100|[from] item: Leftovers\n|upkeep\n|turn|6\n|\n|t:|1682987708\n|switch|p2b: Iron Bundle|Iron Bundle, L50|100\/100\n|-enditem|p2b: Iron Bundle|Booster Energy\n|-activate|p2b: Iron Bundle|ability: Quark Drive|[fromitem]\n|-start|p2b: Iron Bundle|quarkdrivespe\n|move|p1a: Grimmsnarl|Fake Out|p2a: Salamence\n|-damage|p2a: Salamence|70\/100\n|move|p1b: Chien-Pao|Sacred Sword|p2b: Iron Bundle\n|-supereffective|p2b: Iron Bundle\n|-damage|p2b: Iron Bundle|54\/100\n|cant|p2a: Salamence|flinch\n|\n|-heal|p2a: Salamence|76\/100|[from] item: Leftovers\n|-sideend|p1: dark f25|Reflect\n|-sideend|p2: subnori|move: Aurora Veil\n|upkeep\n|turn|7\n|\n|t:|1682987725\n|switch|p2a: Abomasnow|Abomasnow, L50, M|54\/100\n|-weather|Snow|[from] ability: Snow Warning|[of] p2a: Abomasnow\n|-terastallize|p2b: Iron Bundle|Ice\n|move|p1a: Grimmsnarl|Parting Shot|p2a: Abomasnow\n|-unboost|p2a: Abomasnow|atk|1\n|-unboost|p2a: Abomasnow|spa|1\n|\n|t:|1682987733\n|switch|p1a: Wo-Chien|Wo-Chien, L50|19\/100|[from] Parting Shot\n|-ability|p1a: Wo-Chien|Tablets of Ruin\n|move|p2b: Iron Bundle|Blizzard|p1b: Chien-Pao|[spread] p1a,p1b\n|-supereffective|p1a: Wo-Chien\n|-resisted|p1b: Chien-Pao\n|-damage|p1a: Wo-Chien|0 fnt\n|-damage|p1b: Chien-Pao|11\/100\n|faint|p1a: Wo-Chien\n|move|p1b: Chien-Pao|Sacred Sword|p2b: Iron Bundle\n|-supereffective|p2b: Iron Bundle\n|-damage|p2b: Iron Bundle|0 fnt\n|faint|p2b: Iron Bundle\n|-end|p2b: Iron Bundle|Quark Drive|[silent]\n|\n|-weather|Snow|[upkeep]\n|upkeep\n|\n|t:|1682987744\n|switch|p2b: Cetitan|Cetitan, L50, M|100\/100\n|switch|p1a: Grimmsnarl|Grimmsnarl, L50, M|9\/100\n|turn|8\n|\n|t:|1682987753\n|move|p1a: Grimmsnarl|Fake Out|p2a: Abomasnow\n|-damage|p2a: Abomasnow|42\/100\n|move|p1b: Chien-Pao|Sacred Sword|p2b: Cetitan\n|-supereffective|p2b: Cetitan\n|-damage|p2b: Cetitan|60\/100\n|move|p2b: Cetitan|Earthquake|p1b: Chien-Pao|[spread] p2a,p1a,p1b\n|-resisted|p2a: Abomasnow\n|-crit|p1b: Chien-Pao\n|-damage|p2a: Abomasnow|24\/100\n|-damage|p1a: Grimmsnarl|0 fnt\n|-damage|p1b: Chien-Pao|0 fnt\n|faint|p1a: Grimmsnarl\n|faint|p1b: Chien-Pao\n|\n|win|subnori\n|raw|dark f25's rating: 1082 → 1062<\/strong> (-20 for losing)\n|raw|subnori's rating: 1111 → 1134<\/strong> (+23 for winning)\n|l|\u2606dark f25\n","uploadtime":1682987774,"views":16,"p1id":"darkf25","p2id":"subnori","formatid":"gen9vgc2023regulationc","rating":1062,"private":0,"password":""}