{"id":"gen9vgc2023regulationc-1861091704","p1":"LXF pokemon","p2":"NeverGonnaDoIt","format":"[Gen 9] VGC 2023 Regulation C","log":"|j|\u2606LXF pokemon\n|j|\u2606NeverGonnaDoIt\n|t:|1683725748\n|gametype|doubles\n|player|p1|LXF pokemon|hilbert|1266\n|player|p2|NeverGonnaDoIt|red-gen2|1235\n|teamsize|p1|6\n|teamsize|p2|6\n|gen|9\n|tier|[Gen 9] VGC 2023 Regulation C\n|rated|\n|rule|Species Clause: Limit one of each Pok\u00e9mon\n|rule|Item Clause: Limit one of each item\n|clearpoke\n|poke|p1|Murkrow, L50, M|\n|poke|p1|Flutter Mane, L50|\n|poke|p1|Great Tusk, L50|\n|poke|p1|Gyarados, L50, F|\n|poke|p1|Chi-Yu, L50|\n|poke|p1|Iron Bundle, L50|\n|poke|p2|Chi-Yu, L50|\n|poke|p2|Baxcalibur, L50, M|\n|poke|p2|Flutter Mane, L50|\n|poke|p2|Gyarados, L50, M|\n|poke|p2|Glimmora, L50, F|\n|poke|p2|Scizor, L50, M|\n|teampreview|4\n|inactive|Battle timer is ON: inactive players will automatically lose when time's up. (requested by LXF pokemon)\nNeverGonnaDoIt has agreed to open team sheets.\n|inactive|NeverGonnaDoIt has 60 seconds left.\n|\n|t:|1683725809\n|start\n|switch|p1a: Great Tusk|Great Tusk, L50|100\/100\n|switch|p1b: Chi-Yu|Chi-Yu, L50|100\/100\n|switch|p2a: Glimmora|Glimmora, L50, F, shiny|100\/100\n|switch|p2b: Baxcalibur|Baxcalibur, L50, M|100\/100\n|-ability|p1b: Chi-Yu|Beads of Ruin\n|turn|1\n|inactive|LXF pokemon has 30 seconds left.\n|inactive|NeverGonnaDoIt has 30 seconds left.\n|inactive|LXF pokemon has 20 seconds left.\n|inactive|LXF pokemon has 15 seconds left.\n|inactive|NeverGonnaDoIt has 20 seconds left.\n|inactive|NeverGonnaDoIt has 15 seconds left.\n|inactive|NeverGonnaDoIt has 10 seconds left.\n|\n|t:|1683725860\n|switch|p2a: Gyarados|Gyarados, L50, M, shiny|100\/100\n|-ability|p2a: Gyarados|Intimidate|boost\n|-unboost|p1a: Great Tusk|atk|1\n|-unboost|p1b: Chi-Yu|atk|1\n|move|p1a: Great Tusk|Headlong Rush|p2a: Gyarados\n|-immune|p2a: Gyarados\n|move|p1b: Chi-Yu|Heat Wave|p2b: Baxcalibur|[spread] p2a,p2b\n|-resisted|p2a: Gyarados\n|-damage|p2a: Gyarados|74\/100\n|-damage|p2b: Baxcalibur|44\/100\n|-ability|p2b: Baxcalibur|Thermal Exchange|boost\n|-boost|p2b: Baxcalibur|atk|1\n|-damage|p1b: Chi-Yu|91\/100|[from] item: Life Orb\n|move|p2b: Baxcalibur|Icicle Crash|p1a: Great Tusk\n|-supereffective|p1a: Great Tusk\n|-damage|p1a: Great Tusk|0 fnt\n|faint|p1a: Great Tusk\n|-end|p1a: Great Tusk|Protosynthesis|[silent]\n|-damage|p2b: Baxcalibur|34\/100|[from] item: Life Orb\n|\n|upkeep\n|\n|t:|1683725882\n|switch|p1a: Iron Bundle|Iron Bundle, L50|100\/100\n|-enditem|p1a: Iron Bundle|Booster Energy\n|-activate|p1a: Iron Bundle|ability: Quark Drive|[fromitem]\n|-start|p1a: Iron Bundle|quarkdrivespe\n|turn|2\n|inactive|NeverGonnaDoIt has 30 seconds left.\n|inactive|NeverGonnaDoIt has 20 seconds left.\n|inactive|NeverGonnaDoIt has 15 seconds left.\n|inactive|NeverGonnaDoIt has 10 seconds left.\n|inactive|NeverGonnaDoIt has 5 seconds left.\n|\n|t:|1683725936\n|switch|p2a: Glimmora|Glimmora, L50, F, shiny|100\/100\n|move|p2b: Baxcalibur|Protect|p2b: Baxcalibur\n|-singleturn|p2b: Baxcalibur|Protect\n|move|p1a: Iron Bundle|Freeze-Dry|p2a: Glimmora\n|-damage|p2a: Glimmora|71\/100\n|move|p1b: Chi-Yu|Heat Wave|p2b: Baxcalibur|[spread] p2a\n|-activate|p2b: Baxcalibur|move: Protect\n|-resisted|p2a: Glimmora\n|-damage|p2a: Glimmora|50\/100\n|-damage|p1b: Chi-Yu|81\/100|[from] item: Life Orb\n|\n|upkeep\n|turn|3\n|inactive|NeverGonnaDoIt has 30 seconds left.\n|inactive|NeverGonnaDoIt has 20 seconds left.\n|\n|t:|1683725974\n|move|p2b: Baxcalibur|Ice Shard|p1b: Chi-Yu\n|-resisted|p1b: Chi-Yu\n|-damage|p1b: Chi-Yu|52\/100\n|-damage|p2b: Baxcalibur|24\/100|[from] item: Life Orb\n|move|p1a: Iron Bundle|Freeze-Dry|p2a: Glimmora\n|-damage|p2a: Glimmora|22\/100\n|move|p1b: Chi-Yu|Heat Wave|p2a: Glimmora|[spread] p2b\n|-miss|p1b: Chi-Yu|p2a: Glimmora\n|-damage|p2b: Baxcalibur|0 fnt\n|faint|p2b: Baxcalibur\n|-damage|p1b: Chi-Yu|43\/100|[from] item: Life Orb\n|move|p2a: Glimmora|Sludge Bomb|p1b: Chi-Yu\n|-damage|p1b: Chi-Yu|0 fnt\n|faint|p1b: Chi-Yu\n|\n|upkeep\n|\n|t:|1683725992\n|switch|p1b: Flutter Mane|Flutter Mane, L50|100\/100\n|switch|p2b: Gyarados|Gyarados, L50, M, shiny|74\/100\n|-ability|p2b: Gyarados|Intimidate|boost\n|-unboost|p1a: Iron Bundle|atk|1\n|-unboost|p1b: Flutter Mane|atk|1\n|turn|4\n|inactive|LXF pokemon has 30 seconds left.\n|inactive|NeverGonnaDoIt has 30 seconds left.\n|inactive|LXF pokemon has 20 seconds left.\n|inactive|NeverGonnaDoIt has 20 seconds left.\n|inactive|LXF pokemon has 15 seconds left.\n|\n|t:|1683726036\n|-terastallize|p1b: Flutter Mane|Fairy\n|-terastallize|p2b: Gyarados|Grass\n|move|p1a: Iron Bundle|Freeze-Dry|p2b: Gyarados\n|-supereffective|p2b: Gyarados\n|-damage|p2b: Gyarados|25\/100\n|-status|p2b: Gyarados|frz\n|-enditem|p2b: Gyarados|Sitrus Berry|[eat]\n|-heal|p2b: Gyarados|50\/100 frz|[from] item: Sitrus Berry\n|move|p1b: Flutter Mane|Moonblast|p2a: Glimmora\n|-resisted|p2a: Glimmora\n|-damage|p2a: Glimmora|0 fnt\n|faint|p2a: Glimmora\n|cant|p2b: Gyarados|frz\n|\n|upkeep\n|\n|t:|1683726050\n|switch|p2a: Scizor|Scizor, L50, M|100\/100\n|turn|5\n|\n|t:|1683726059\n|cant|p2b: Gyarados|frz\n|move|p2a: Scizor|Bullet Punch|p1b: Flutter Mane\n|-supereffective|p1b: Flutter Mane\n|-damage|p1b: Flutter Mane|0 fnt\n|faint|p1b: Flutter Mane\n|-end|p1b: Flutter Mane|Protosynthesis|[silent]\n|move|p1a: Iron Bundle|Freeze-Dry|p2b: Gyarados\n|-supereffective|p2b: Gyarados\n|-damage|p2b: Gyarados|0 fnt\n|faint|p2b: Gyarados\n|\n|upkeep\n|turn|6\n|\n|t:|1683726071\n|move|p1a: Iron Bundle|Protect|p1a: Iron Bundle\n|-singleturn|p1a: Iron Bundle|Protect\n|move|p2a: Scizor|Pounce|p1a: Iron Bundle\n|-activate|p1a: Iron Bundle|move: Protect\n|\n|upkeep\n|turn|7\n|\n|t:|1683726079\n|move|p1a: Iron Bundle|Freeze-Dry|p2a: Scizor\n|-resisted|p2a: Scizor\n|-damage|p2a: Scizor|84\/100\n|move|p2a: Scizor|Pounce|p1a: Iron Bundle\n|-damage|p1a: Iron Bundle|58\/100\n|-unboost|p1a: Iron Bundle|spe|1\n|\n|upkeep\n|turn|8\n|\n|t:|1683726090\n|move|p1a: Iron Bundle|Freeze-Dry|p2a: Scizor\n|-resisted|p2a: Scizor\n|-damage|p2a: Scizor|68\/100\n|move|p2a: Scizor|Pounce|p1a: Iron Bundle\n|-damage|p1a: Iron Bundle|20\/100\n|-unboost|p1a: Iron Bundle|spe|1\n|\n|upkeep\n|turn|9\n|\n|t:|1683726098\n|move|p2a: Scizor|Bullet Punch|p1a: Iron Bundle\n|-damage|p1a: Iron Bundle|0 fnt\n|faint|p1a: Iron Bundle\n|-end|p1a: Iron Bundle|Quark Drive|[silent]\n|\n|win|NeverGonnaDoIt\n|raw|LXF pokemon's rating: 1266 → 1239<\/strong> (-27 for losing)\n|raw|NeverGonnaDoIt's rating: 1235 → 1262<\/strong> (+27 for winning)\n|l|\u2606LXF pokemon\n","uploadtime":1683726107,"views":21,"p1id":"lxfpokemon","p2id":"nevergonnadoit","formatid":"gen9vgc2023regulationc","rating":1239,"private":0,"password":""}