{"id":"gen9vgc2023regulationc-1860253190","p1":"Antares2011","p2":"Anonj1","format":"[Gen 9] VGC 2023 Regulation C","log":"|j|\u2606Antares2011\n|j|\u2606Anonj1\n|t:|1683619407\n|gametype|doubles\n|player|p1|Antares2011|giovanni|1082\n|player|p2|Anonj1|lady-gen4|1122\n|teamsize|p1|6\n|teamsize|p2|6\n|gen|9\n|tier|[Gen 9] VGC 2023 Regulation C\n|rated|\n|rule|Species Clause: Limit one of each Pok\u00e9mon\n|rule|Item Clause: Limit one of each item\n|clearpoke\n|poke|p1|Annihilape, L50, M|\n|poke|p1|Maushold, L50|\n|poke|p1|Ting-Lu, L50|\n|poke|p1|Dragonite, L50, M|\n|poke|p1|Dondozo, L50, M|\n|poke|p1|Tatsugiri, L50, M|\n|poke|p2|Amoonguss, L50, F|\n|poke|p2|Maushold-Four, L50|\n|poke|p2|Iron Hands, L50|\n|poke|p2|Chi-Yu, L50|\n|poke|p2|Flutter Mane, L50|\n|poke|p2|Dragalge, L50, F|\n|teampreview|4\n|inactive|Battle timer is ON: inactive players will automatically lose when time's up. (requested by Antares2011)\n|\n|t:|1683619429\n|start\n|switch|p1a: Dondozo|Dondozo, L50, M, shiny|100\/100\n|switch|p1b: Tatsugiri|Tatsugiri, L50, M, shiny|100\/100\n|switch|p2a: Chi-Yu|Chi-Yu, L50|100\/100\n|switch|p2b: Flutter Mane|Flutter Mane, L50|100\/100\n|-activate|p1b: Tatsugiri|ability: Commander|[of] p1a: Dondozo\n|-boost|p1a: Dondozo|atk|2\n|-boost|p1a: Dondozo|spa|2\n|-boost|p1a: Dondozo|spe|2\n|-boost|p1a: Dondozo|def|2\n|-boost|p1a: Dondozo|spd|2\n|-ability|p2a: Chi-Yu|Beads of Ruin\n|turn|1\n|\n|t:|1683619454\n|switch|p2a: Dragalge|Dragalge, L50, F|100\/100\n|-end|p2b: Flutter Mane|Protosynthesis|[silent]\n|switch|p2b: Iron Hands|Iron Hands, L50|100\/100\n|-enditem|p2b: Iron Hands|Booster Energy\n|-activate|p2b: Iron Hands|ability: Quark Drive|[fromitem]\n|-start|p2b: Iron Hands|quarkdriveatk\n|move|p1a: Dondozo|Earthquake|p2b: Iron Hands|[spread] p2a,p2b\n|-miss|p1a: Dondozo|p1b: Tatsugiri\n|-supereffective|p2a: Dragalge\n|-supereffective|p2b: Iron Hands\n|-damage|p2a: Dragalge|0 fnt\n|-damage|p2b: Iron Hands|42\/100\n|faint|p2a: Dragalge\n|\n|upkeep\n|\n|t:|1683619457\n|switch|p2a: Flutter Mane|Flutter Mane, L50|100\/100\n|turn|2\n|\n|t:|1683619476\n|-terastallize|p1a: Dondozo|Fire\n|move|p2b: Iron Hands|Fake Out|p1a: Dondozo\n|-damage|p1a: Dondozo|94\/100\n|move|p2a: Flutter Mane|Shadow Ball|p1a: Dondozo\n|-damage|p1a: Dondozo|73\/100\n|-unboost|p1a: Dondozo|spd|1\n|cant|p1a: Dondozo|flinch\n|\n|-heal|p1a: Dondozo|79\/100|[from] item: Leftovers\n|upkeep\n|turn|3\n|\n|t:|1683619500\n|-terastallize|p2b: Iron Hands|Fairy\n|move|p2a: Flutter Mane|Shadow Ball|p1a: Dondozo\n|-damage|p1a: Dondozo|52\/100\n|move|p1a: Dondozo|Earthquake|p2b: Iron Hands|[spread] p2a,p2b\n|-miss|p1a: Dondozo|p1b: Tatsugiri\n|-crit|p2b: Iron Hands\n|-enditem|p2a: Flutter Mane|Focus Sash\n|-damage|p2a: Flutter Mane|1\/100\n|-damage|p2b: Iron Hands|0 fnt\n|faint|p2b: Iron Hands\n|-end|p2b: Iron Hands|Quark Drive|[silent]\n|\n|-heal|p1a: Dondozo|58\/100|[from] item: Leftovers\n|upkeep\n|\n|t:|1683619510\n|switch|p2b: Chi-Yu|Chi-Yu, L50|100\/100\n|-ability|p2b: Chi-Yu|Beads of Ruin\n|turn|4\n|\n|t:|1683619516\n|move|p2b: Chi-Yu|Dark Pulse|p1a: Dondozo\n|-damage|p1a: Dondozo|23\/100\n|move|p2a: Flutter Mane|Shadow Ball|p1a: Dondozo\n|-damage|p1a: Dondozo|0 fnt\n|faint|p1a: Dondozo\n|\n|upkeep\n|\n|t:|1683619524\n|switch|p1a: Maushold|Maushold, L50, shiny|100\/100\n|turn|5\n|\n|t:|1683619529\n|move|p2b: Chi-Yu|Dark Pulse|p1a: Maushold\n|-damage|p1a: Maushold|16\/100\n|move|p2a: Flutter Mane|Dazzling Gleam|p1b: Tatsugiri|[spread] p1a,p1b\n|-supereffective|p1b: Tatsugiri\n|-damage|p1a: Maushold|0 fnt\n|-damage|p1b: Tatsugiri|0 fnt\n|faint|p1a: Maushold\n|faint|p1b: Tatsugiri\n|\n|upkeep\n|\n|t:|1683619538\n|switch|p1a: Dragonite|Dragonite, L50, M, shiny|100\/100\n|turn|6\n|\n|t:|1683619545\n|move|p1a: Dragonite|Extreme Speed|p2b: Chi-Yu\n|-damage|p2b: Chi-Yu|47\/100\n|move|p2b: Chi-Yu|Dark Pulse|p1a: Dragonite\n|-damage|p1a: Dragonite|68\/100\n|move|p2a: Flutter Mane|Dazzling Gleam|p1a: Dragonite\n|-supereffective|p1a: Dragonite\n|-damage|p1a: Dragonite|0 fnt\n|faint|p1a: Dragonite\n|\n|win|Anonj1\n|raw|Antares2011's rating: 1082 → 1062<\/strong> (-20 for losing)\n|raw|Anonj1's rating: 1122 → 1144<\/strong> (+22 for winning)\n|l|\u2606Antares2011\n|c|\u2606Anonj1|Gg\n","uploadtime":1683619568,"views":5,"p1id":"antares2011","p2id":"anonj1","formatid":"gen9vgc2023regulationc","rating":1062,"private":0,"password":""}