{"id":"gen9vgc2023regulationc-1851703103","p1":"Cheeseless","p2":"KingA_3","format":"[Gen 9] VGC 2023 Regulation C","log":"|j|\u203dCheeseless\n|j|\u2606KingA_3\n|t:|1682471932\n|gametype|doubles\n|player|p1|Cheeseless|170|1116\n|player|p2|KingA_3|102|1210\n|teamsize|p1|6\n|teamsize|p2|6\n|gen|9\n|tier|[Gen 9] VGC 2023 Regulation C\n|rated|\n|rule|Species Clause: Limit one of each Pok\u00e9mon\n|rule|Item Clause: Limit one of each item\n|clearpoke\n|poke|p1|Palafin, L50, F|\n|poke|p1|Scream Tail, L50|\n|poke|p1|Flutter Mane, L50|\n|poke|p1|Amoonguss, L50, M|\n|poke|p1|Gothitelle, L50, F|\n|poke|p1|Pyroar, L50, M|\n|poke|p2|Flutter Mane, L50|\n|poke|p2|Chi-Yu, L50|\n|poke|p2|Maushold, L50|\n|poke|p2|Dragonite, L50, M|\n|poke|p2|Annihilape, L50, M|\n|poke|p2|Gholdengo, L50|\n|teampreview|4\nCheeseless has agreed to open team sheets.\n|\n|t:|1682471960\n|start\n|switch|p1a: Flutter Mane|Flutter Mane, L50|100\/100\n|switch|p1b: Palafin|Palafin, L50, F|100\/100\n|switch|p2a: Flutter Mane|Flutter Mane, L50|100\/100\n|switch|p2b: Maushold|Maushold, L50|100\/100\n|turn|1\n|inactive|Battle timer is ON: inactive players will automatically lose when time's up. (requested by Cheeseless)\n|\n|t:|1682471980\n|-terastallize|p2a: Flutter Mane|Fairy\n|move|p1b: Palafin|Protect|p1b: Palafin\n|-singleturn|p1b: Palafin|Protect\n|move|p2b: Maushold|Follow Me|p2b: Maushold\n|-singleturn|p2b: Maushold|move: Follow Me\n|move|p1a: Flutter Mane|Perish Song|p1a: Flutter Mane\n|-start|p1a: Flutter Mane|perish3|[silent]\n|-start|p1b: Palafin|perish3|[silent]\n|-start|p2a: Flutter Mane|perish3|[silent]\n|-start|p2b: Maushold|perish3|[silent]\n|-fieldactivate|move: Perish Song\n|move|p2a: Flutter Mane|Moonblast|p1b: Palafin\n|-activate|p1b: Palafin|move: Protect\n|\n|-start|p2a: Flutter Mane|perish3\n|-start|p1a: Flutter Mane|perish3\n|-start|p2b: Maushold|perish3\n|-start|p1b: Palafin|perish3\n|upkeep\n|turn|2\n|\n|t:|1682472001\n|detailschange|p1b: Palafin|Palafin-Hero, L50, F\n|switch|p1b: Gothitelle|Gothitelle, L50, F|100\/100\n|move|p1a: Flutter Mane|Moonblast|p2a: Flutter Mane\n|-damage|p2a: Flutter Mane|63\/100\n|-unboost|p2a: Flutter Mane|spa|1\n|move|p2a: Flutter Mane|Moonblast|p1b: Gothitelle\n|-damage|p1b: Gothitelle|49\/100\n|-enditem|p1b: Gothitelle|Sitrus Berry|[eat]\n|-heal|p1b: Gothitelle|73\/100|[from] item: Sitrus Berry\n|move|p2b: Maushold|Taunt|p1a: Flutter Mane\n|-start|p1a: Flutter Mane|move: Taunt\n|\n|-start|p1a: Flutter Mane|perish2\n|-start|p2a: Flutter Mane|perish2\n|-start|p2b: Maushold|perish2\n|upkeep\n|turn|3\n|inactive|Cheeseless has 30 seconds left.\n|\n|t:|1682472029\n|-end|p1a: Flutter Mane|Protosynthesis|[silent]\n|switch|p1a: Pyroar|Pyroar, L50, M|100\/100\n|-ability|p1a: Pyroar|Unnerve\n|move|p2b: Maushold|Helping Hand|p2a: Flutter Mane\n|-singleturn|p2a: Flutter Mane|Helping Hand|[of] p2b: Maushold\n|move|p1b: Gothitelle|Protect|p1b: Gothitelle\n|-singleturn|p1b: Gothitelle|Protect\n|move|p2a: Flutter Mane|Moonblast|p1b: Gothitelle\n|-activate|p1b: Gothitelle|move: Protect\n|\n|-start|p2a: Flutter Mane|perish1\n|-start|p2b: Maushold|perish1\n|upkeep\n|turn|4\n|inactive|Cheeseless has 30 seconds left.\n|\n|t:|1682472058\n|switch|p1b: Flutter Mane|Flutter Mane, L50|100\/100\n|move|p2b: Maushold|Helping Hand|p2a: Flutter Mane\n|-singleturn|p2a: Flutter Mane|Helping Hand|[of] p2b: Maushold\n|move|p1a: Pyroar|Protect|p1a: Pyroar\n|-singleturn|p1a: Pyroar|Protect\n|move|p2a: Flutter Mane|Moonblast|p1b: Flutter Mane\n|-enditem|p1b: Flutter Mane|Focus Sash\n|-damage|p1b: Flutter Mane|1\/100\n|\n|-start|p2a: Flutter Mane|perish0\n|-start|p2b: Maushold|perish0\n|faint|p2a: Flutter Mane\n|-end|p2a: Flutter Mane|Protosynthesis|[silent]\n|faint|p2b: Maushold\n|upkeep\n|\n|t:|1682472071\n|switch|p2a: Gholdengo|Gholdengo, L50|100\/100\n|switch|p2b: Dragonite|Dragonite, L50, M|100\/100\n|turn|5\n|\n|t:|1682472083\n|move|p1b: Flutter Mane|Moonblast|p2b: Dragonite\n|-supereffective|p2b: Dragonite\n|-damage|p2b: Dragonite|0 fnt\n|faint|p2b: Dragonite\n|move|p1a: Pyroar|Flamethrower|p2a: Gholdengo\n|-supereffective|p2a: Gholdengo\n|-damage|p2a: Gholdengo|7\/100\n|move|p2a: Gholdengo|Make It Rain|p1a: Pyroar|[spread] p1a,p1b\n|-resisted|p1a: Pyroar\n|-supereffective|p1b: Flutter Mane\n|-damage|p1a: Pyroar|59\/100\n|-damage|p1b: Flutter Mane|0 fnt\n|-unboost|p2a: Gholdengo|spa|1\n|-enditem|p2a: Gholdengo|White Herb\n|-clearnegativeboost|p2a: Gholdengo|[silent]\n|faint|p1b: Flutter Mane\n|-end|p1b: Flutter Mane|Protosynthesis|[silent]\n|\n|upkeep\n|\n|t:|1682472098\n|switch|p1b: Palafin|Palafin-Hero, L50, F|100\/100\n|-activate|p1b: Palafin|ability: Zero to Hero\n|turn|6\n|-message|KingA_3 forfeited.\n|\n|win|Cheeseless\n|raw|Cheeseless's rating: 1116 → 1148<\/strong> (+32 for winning)\n|raw|KingA_3's rating: 1210 → 1178<\/strong> (-32 for losing)\n|l|\u2606KingA_3\n","uploadtime":1682472995,"views":14,"p1id":"cheeseless","p2id":"kinga3","formatid":"gen9vgc2023regulationc","rating":1148,"private":0,"password":""}