{"id":"gen9vgc2023regulationc-1856323923","p1":"Rateder","p2":"taterstotz","format":"[Gen 9] VGC 2023 Regulation C","log":"|j|\u2606Rateder\n|j|\u2606taterstotz\n|t:|1683050905\n|gametype|doubles\n|player|p1|Rateder|ethan|1180\n|player|p2|taterstotz|266|1194\n|teamsize|p1|6\n|teamsize|p2|6\n|gen|9\n|tier|[Gen 9] VGC 2023 Regulation C\n|rated|\n|rule|Species Clause: Limit one of each Pok\u00e9mon\n|rule|Item Clause: Limit one of each item\n|clearpoke\n|poke|p1|Flutter Mane, L50|\n|poke|p1|Ting-Lu, L50|\n|poke|p1|Amoonguss, L50, M|\n|poke|p1|Gastrodon, L50, F|\n|poke|p1|Orthworm, L50, M|\n|poke|p1|Gothitelle, L50, F|\n|poke|p2|Corviknight, L50, M|\n|poke|p2|Ting-Lu, L50|\n|poke|p2|Flutter Mane, L50|\n|poke|p2|Amoonguss, L50, F|\n|poke|p2|Arcanine, L50, F|\n|poke|p2|Baxcalibur, L50, F|\n|teampreview|4\n|inactive|Battle timer is ON: inactive players will automatically lose when time's up. (requested by Rateder)\nRateder rejected open team sheets.\n|inactive|Rateder has 60 seconds left.\n|\n|t:|1683050945\n|start\n|switch|p1a: Gothitelle|Gothitelle, L50, F|100\/100\n|switch|p1b: Orthworm|Orthworm, L50, M|100\/100\n|switch|p2a: Arcanine|Arcanine, L50, F|100\/100\n|switch|p2b: Corviknight|Corviknight, L50, M|100\/100\n|-ability|p2a: Arcanine|Intimidate|boost\n|-unboost|p1a: Gothitelle|atk|1\n|-unboost|p1b: Orthworm|atk|1\n|turn|1\n|\n|t:|1683050968\n|move|p1a: Gothitelle|Fake Out|p2a: Arcanine\n|-damage|p2a: Arcanine|96\/100\n|cant|p2a: Arcanine|flinch\n|move|p2b: Corviknight|Iron Defense|p2b: Corviknight\n|-boost|p2b: Corviknight|def|2\n|move|p1b: Orthworm|Shed Tail|p1b: Orthworm\n|-start|p1b: Orthworm|Substitute|[from] move: Shed Tail\n|-damage|p1b: Orthworm|50\/100\n|\n|t:|1683050977\n|switch|p1b: Flutter Mane|Flutter Mane, L50|100\/100|[from] Shed Tail\n|\n|upkeep\n|turn|2\n|\n|t:|1683050994\n|move|p1b: Flutter Mane|Perish Song|p1b: Flutter Mane\n|-start|p1a: Gothitelle|perish3|[silent]\n|-start|p1b: Flutter Mane|perish3|[silent]\n|-start|p2a: Arcanine|perish3|[silent]\n|-start|p2b: Corviknight|perish3|[silent]\n|-fieldactivate|move: Perish Song\n|move|p2a: Arcanine|Flare Blitz|p1b: Flutter Mane\n|-crit|p1b: Flutter Mane\n|-end|p1b: Flutter Mane|Substitute\n|-damage|p2a: Arcanine|88\/100|[from] Recoil|[of] p1b: Flutter Mane\n|move|p2b: Corviknight|Iron Head|p1b: Flutter Mane\n|-supereffective|p1b: Flutter Mane\n|-enditem|p1b: Flutter Mane|Focus Sash\n|-damage|p1b: Flutter Mane|1\/100\n|move|p1a: Gothitelle|Charm|p2a: Arcanine\n|-unboost|p2a: Arcanine|atk|2\n|\n|-start|p1b: Flutter Mane|perish3\n|-start|p2a: Arcanine|perish3\n|-start|p2b: Corviknight|perish3\n|-start|p1a: Gothitelle|perish3\n|upkeep\n|turn|3\n|inactive|Rateder has 30 seconds left.\n|\n|t:|1683051023\n|move|p1b: Flutter Mane|Protect|p1b: Flutter Mane\n|-singleturn|p1b: Flutter Mane|Protect\n|move|p2a: Arcanine|Flare Blitz|p1a: Gothitelle\n|-damage|p1a: Gothitelle|78\/100\n|-damage|p2a: Arcanine|81\/100|[from] Recoil\n|move|p2b: Corviknight|Iron Head|p1a: Gothitelle\n|-damage|p1a: Gothitelle|52\/100\n|cant|p1a: Gothitelle|flinch\n|\n|-start|p1b: Flutter Mane|perish2\n|-start|p2a: Arcanine|perish2\n|-start|p2b: Corviknight|perish2\n|-start|p1a: Gothitelle|perish2\n|upkeep\n|turn|4\n|inactive|Rateder has 30 seconds left.\n|\n|t:|1683051057\n|-end|p1b: Flutter Mane|Protosynthesis|[silent]\n|switch|p1b: Orthworm|Orthworm, L50, M|50\/100\n|move|p1a: Gothitelle|Protect|p1a: Gothitelle\n|-singleturn|p1a: Gothitelle|Protect\n|move|p2a: Arcanine|Flare Blitz|p1b: Orthworm\n|-supereffective|p1b: Orthworm\n|-damage|p1b: Orthworm|18\/100\n|-damage|p2a: Arcanine|71\/100|[from] Recoil\n|move|p2b: Corviknight|Body Press|p1b: Orthworm\n|-supereffective|p1b: Orthworm\n|-crit|p1b: Orthworm\n|-damage|p1b: Orthworm|0 fnt\n|faint|p1b: Orthworm\n|\n|-start|p2a: Arcanine|perish1\n|-start|p2b: Corviknight|perish1\n|-start|p1a: Gothitelle|perish1\n|upkeep\n|\n|t:|1683051075\n|switch|p1b: Flutter Mane|Flutter Mane, L50|1\/100\n|turn|5\n|\n|t:|1683051087\n|switch|p1a: Gastrodon|Gastrodon, L50, F|100\/100\n|move|p1b: Flutter Mane|Protect|p1b: Flutter Mane\n|-singleturn|p1b: Flutter Mane|Protect\n|move|p2a: Arcanine|Flare Blitz|p1a: Gastrodon\n|-resisted|p1a: Gastrodon\n|-damage|p1a: Gastrodon|89\/100\n|-damage|p2a: Arcanine|66\/100|[from] Recoil\n|move|p2b: Corviknight|Iron Head|p1a: Gastrodon\n|-resisted|p1a: Gastrodon\n|-damage|p1a: Gastrodon|77\/100\n|\n|-start|p2a: Arcanine|perish0\n|-start|p2b: Corviknight|perish0\n|faint|p2a: Arcanine\n|faint|p2b: Corviknight\n|upkeep\n|\n|t:|1683051099\n|switch|p2a: Ting-Lu|Ting-Lu, L50|100\/100\n|switch|p2b: Amoonguss|Amoonguss, L50, F|100\/100\n|-ability|p2a: Ting-Lu|Vessel of Ruin\n|turn|6\n|\n|t:|1683051115\n|move|p1a: Gastrodon|Protect|p1a: Gastrodon\n|-singleturn|p1a: Gastrodon|Protect\n|move|p2b: Amoonguss|Protect|p2b: Amoonguss\n|-singleturn|p2b: Amoonguss|Protect\n|move|p1b: Flutter Mane|Perish Song|p1b: Flutter Mane\n|-start|p1a: Gastrodon|perish3|[silent]\n|-start|p1b: Flutter Mane|perish3|[silent]\n|-start|p2a: Ting-Lu|perish3|[silent]\n|-start|p2b: Amoonguss|perish3|[silent]\n|-fieldactivate|move: Perish Song\n|move|p2a: Ting-Lu|Earthquake|p1b: Flutter Mane|[spread] p1b\n|-activate|p2b: Amoonguss|move: Protect\n|-activate|p1a: Gastrodon|move: Protect\n|-damage|p1b: Flutter Mane|0 fnt\n|faint|p1b: Flutter Mane\n|-end|p1b: Flutter Mane|Protosynthesis|[silent]\n|\n|-start|p2a: Ting-Lu|perish3\n|-start|p1a: Gastrodon|perish3\n|-start|p2b: Amoonguss|perish3\n|upkeep\n|\n|t:|1683051129\n|switch|p1b: Gothitelle|Gothitelle, L50, F|52\/100\n|turn|7\n|\n|t:|1683051148\n|move|p1b: Gothitelle|Fake Out|p2a: Ting-Lu\n|-damage|p2a: Ting-Lu|97\/100\n|cant|p2a: Ting-Lu|flinch\n|move|p1a: Gastrodon|Muddy Water|p2a: Ting-Lu|[spread] p2a,p2b\n|-supereffective|p2a: Ting-Lu\n|-resisted|p2b: Amoonguss\n|-damage|p2a: Ting-Lu|67\/100\n|-damage|p2b: Amoonguss|93\/100\n|-unboost|p2b: Amoonguss|accuracy|1\n|move|p2b: Amoonguss|Spore|p1a: Gastrodon\n|-status|p1a: Gastrodon|slp|[from] move: Spore\n|\n|-start|p2a: Ting-Lu|perish2\n|-start|p1a: Gastrodon|perish2\n|-start|p2b: Amoonguss|perish2\n|upkeep\n|turn|8\n|\n|t:|1683051170\n|move|p1b: Gothitelle|Protect|p1b: Gothitelle\n|-singleturn|p1b: Gothitelle|Protect\n|move|p2a: Ting-Lu|Earthquake|p1b: Gothitelle|[spread] p2b,p1a\n|-activate|p1b: Gothitelle|move: Protect\n|-damage|p2b: Amoonguss|50\/100\n|-damage|p1a: Gastrodon|22\/100 slp\n|cant|p1a: Gastrodon|slp\n|move|p2b: Amoonguss|Pollen Puff|p1a: Gastrodon\n|-damage|p1a: Gastrodon|8\/100 slp\n|\n|-start|p2a: Ting-Lu|perish1\n|-start|p1a: Gastrodon|perish1\n|-start|p2b: Amoonguss|perish1\n|upkeep\n|turn|9\n|\n|t:|1683051187\n|-terastallize|p1b: Gothitelle|Dark\n|move|p1b: Gothitelle|Protect||[still]\n|-fail|p1b: Gothitelle\n|move|p2a: Ting-Lu|Earthquake|p1a: Gastrodon|[spread] p2b,p1a,p1b\n|-damage|p2b: Amoonguss|9\/100\n|-damage|p1a: Gastrodon|0 fnt\n|-damage|p1b: Gothitelle|1\/100\n|-enditem|p1b: Gothitelle|Sitrus Berry|[eat]\n|-heal|p1b: Gothitelle|26\/100|[from] item: Sitrus Berry\n|-enditem|p2b: Amoonguss|Wiki Berry|[eat]\n|-heal|p2b: Amoonguss|42\/100|[from] item: Wiki Berry\n|faint|p1a: Gastrodon\n|move|p2b: Amoonguss|Pollen Puff|p1b: Gothitelle\n|-supereffective|p1b: Gothitelle\n|-damage|p1b: Gothitelle|2\/100\n|\n|-start|p2a: Ting-Lu|perish0\n|-start|p2b: Amoonguss|perish0\n|upkeep\n|faint|p2a: Ting-Lu\n|faint|p2b: Amoonguss\n|\n|win|Rateder\n|raw|Rateder's rating: 1180 → 1206<\/strong> (+26 for winning)\n|raw|taterstotz's rating: 1194 → 1168<\/strong> (-26 for losing)\n","uploadtime":1683051207,"views":15,"p1id":"rateder","p2id":"taterstotz","formatid":"gen9vgc2023regulationc","rating":1168,"private":0,"password":""}