{"id":"gen9vgc2023regulationc-1861745968","p1":"Arcacagne","p2":"Punta","format":"[Gen 9] VGC 2023 Regulation C","log":"|j|\u2606Arcacagne\n|j|\u2606Punta\n|t:|1683803597\n|gametype|doubles\n|player|p1|Arcacagne|102|1386\n|player|p2|Punta|170|1480\n|teamsize|p1|6\n|teamsize|p2|6\n|gen|9\n|tier|[Gen 9] VGC 2023 Regulation C\n|rated|\n|rule|Species Clause: Limit one of each Pok\u00e9mon\n|rule|Item Clause: Limit one of each item\n|clearpoke\n|poke|p1|Chi-Yu, L50|\n|poke|p1|Flutter Mane, L50|\n|poke|p1|Amoonguss, L50, M|\n|poke|p1|Ting-Lu, L50|\n|poke|p1|Iron Hands, L50|\n|poke|p1|Gyarados, L50, M|\n|poke|p2|Chien-Pao, L50|\n|poke|p2|Ting-Lu, L50|\n|poke|p2|Flutter Mane, L50|\n|poke|p2|Amoonguss, L50, M|\n|poke|p2|Dragonite, L50, F|\n|poke|p2|Palafin, L50, F|\n|teampreview|4\nPunta has agreed to open team sheets.\nArcacagne has agreed to open team sheets.\n|inactive|Battle timer is ON: inactive players will automatically lose when time's up. (requested by Punta)\n|\n|t:|1683803698\n|start\n|switch|p1a: Flutter Mane|Flutter Mane, L50|100\/100\n|switch|p1b: Amoonguss|Amoonguss, L50, M|100\/100\n|switch|p2a: Palafin|Palafin, L50, F|100\/100\n|switch|p2b: Flutter Mane|Flutter Mane, L50|100\/100\n|-enditem|p2b: Flutter Mane|Booster Energy\n|-activate|p2b: Flutter Mane|ability: Protosynthesis|[fromitem]\n|-start|p2b: Flutter Mane|protosynthesisspe\n|-enditem|p1a: Flutter Mane|Booster Energy\n|-activate|p1a: Flutter Mane|ability: Protosynthesis|[fromitem]\n|-start|p1a: Flutter Mane|protosynthesisspa\n|turn|1\n|inactive|Arcacagne has 30 seconds left.\n|inactive|Punta has 30 seconds left.\n|inactive|Punta has 20 seconds left.\n|inactive|Punta has 15 seconds left.\n|inactive|Punta has 10 seconds left.\n|\n|t:|1683803744\n|-end|p2b: Flutter Mane|Protosynthesis|[silent]\n|switch|p2b: Ting-Lu|Ting-Lu, L50|100\/100\n|-ability|p2b: Ting-Lu|Vessel of Ruin\n|move|p1a: Flutter Mane|Protect|p1a: Flutter Mane\n|-singleturn|p1a: Flutter Mane|Protect\n|move|p2a: Palafin|Protect|p2a: Palafin\n|-singleturn|p2a: Palafin|Protect\n|move|p1b: Amoonguss|Spore|p2b: Ting-Lu\n|-status|p2b: Ting-Lu|slp|[from] move: Spore\n|\n|upkeep\n|turn|2\n|\n|t:|1683803764\n|detailschange|p2a: Palafin|Palafin-Hero, L50, F\n|switch|p2a: Flutter Mane|Flutter Mane, L50|100\/100\n|move|p1b: Amoonguss|Rage Powder|p1b: Amoonguss\n|-singleturn|p1b: Amoonguss|move: Rage Powder\n|move|p1a: Flutter Mane|Substitute|p1a: Flutter Mane\n|-start|p1a: Flutter Mane|Substitute\n|-damage|p1a: Flutter Mane|76\/100\n|cant|p2b: Ting-Lu|slp\n|\n|upkeep\n|turn|3\n|\n|t:|1683803783\n|move|p2a: Flutter Mane|Shadow Ball|p1b: Amoonguss\n|-damage|p1b: Amoonguss|76\/100\n|-unboost|p1b: Amoonguss|spd|1\n|move|p1a: Flutter Mane|Moonblast|p2b: Ting-Lu\n|-supereffective|p2b: Ting-Lu\n|-damage|p2b: Ting-Lu|60\/100 slp\n|move|p1b: Amoonguss|Spore|p2a: Flutter Mane\n|-status|p2a: Flutter Mane|slp|[from] move: Spore\n|-curestatus|p2b: Ting-Lu|slp|[msg]\n|move|p2b: Ting-Lu|Heavy Slam|p1a: Flutter Mane\n|-supereffective|p1a: Flutter Mane\n|-end|p1a: Flutter Mane|Substitute\n|\n|upkeep\n|turn|4\n|inactive|Arcacagne has 30 seconds left.\n|\n|t:|1683803809\n|-end|p1a: Flutter Mane|Protosynthesis|[silent]\n|switch|p1a: Gyarados|Gyarados, L50, M|100\/100\n|-ability|p1a: Gyarados|Intimidate|boost\n|-unboost|p2a: Flutter Mane|atk|1\n|-unboost|p2b: Ting-Lu|atk|1\n|cant|p2a: Flutter Mane|slp\n|move|p1b: Amoonguss|Spore|p2b: Ting-Lu\n|-status|p2b: Ting-Lu|slp|[from] move: Spore\n|cant|p2b: Ting-Lu|slp\n|\n|upkeep\n|turn|5\n|-message|Punta forfeited.\n|\n|win|Arcacagne\n|raw|Arcacagne's rating: 1386 → 1411<\/strong> (+25 for winning)\n|raw|Punta's rating: 1480 → 1455<\/strong> (-25 for losing)\n|l|\u2606Punta\n","uploadtime":1683803826,"views":21,"p1id":"arcacagne","p2id":"punta","formatid":"gen9vgc2023regulationc","rating":1411,"private":0,"password":""}