{"id":"gen9vgc2023regulationc-1856289779","p1":"Conkledonk","p2":"Inferno prodigy","format":"[Gen 9] VGC 2023 Regulation C","log":"|j|\u2606Conkledonk\n|j|\u2606Inferno prodigy\n|t:|1683047978\n|gametype|doubles\n|player|p1|Conkledonk|hiker-gen4|\n|player|p2|Inferno prodigy|266|\n|teamsize|p1|6\n|teamsize|p2|6\n|gen|9\n|tier|[Gen 9] VGC 2023 Regulation C\n|rule|Species Clause: Limit one of each Pok\u00e9mon\n|rule|Item Clause: Limit one of each item\n|clearpoke\n|poke|p1|Dondozo, L50, F|\n|poke|p1|Tatsugiri-Stretchy, L50, F|\n|poke|p1|Glimmora, L50, F|\n|poke|p1|Pawmot, L50, F|\n|poke|p1|Talonflame, L50, F|\n|poke|p1|Gholdengo, L50|\n|poke|p2|Dragonite, L50, M|\n|poke|p2|Chien-Pao, L50|\n|poke|p2|Flutter Mane, L50|\n|poke|p2|Arcanine, L50, M|\n|poke|p2|Iron Hands, L50|\n|poke|p2|Palafin, L50, M|\n|teampreview|4\nConkledonk has agreed to open team sheets.\n|c|\u2606Conkledonk|g3\n|c|\u2606Conkledonk|glhf\n|\n|t:|1683048530\n|start\n|switch|p1a: Tatsugiri|Tatsugiri-Stretchy, L50, F|100\/100\n|switch|p1b: Pawmot|Pawmot, L50, F|100\/100\n|switch|p2a: Palafin|Palafin, L50, M|100\/100\n|switch|p2b: Arcanine|Arcanine, L50, M|100\/100\n|-ability|p2b: Arcanine|Intimidate|boost\n|-unboost|p1a: Tatsugiri|atk|1\n|-unboost|p1b: Pawmot|atk|1\n|turn|1\n|\n|t:|1683048555\n|detailschange|p2a: Palafin|Palafin-Hero, L50, M\n|switch|p2a: Dragonite|Dragonite, L50, M|100\/100\n|move|p2b: Arcanine|Protect|p2b: Arcanine\n|-singleturn|p2b: Arcanine|Protect\n|move|p1b: Pawmot|Fake Out|p2a: Dragonite\n|-damage|p2a: Dragonite|92\/100\n|move|p1a: Tatsugiri|Muddy Water|p2a: Dragonite|[spread] p2a\n|-activate|p2b: Arcanine|move: Protect\n|-resisted|p2a: Dragonite\n|-damage|p2a: Dragonite|76\/100\n|\n|upkeep\n|turn|2\n|\n|t:|1683048567\n|switch|p1a: Glimmora|Glimmora, L50, F, shiny|100\/100\n|move|p2a: Dragonite|Protect|p2a: Dragonite\n|-singleturn|p2a: Dragonite|Protect\n|move|p2b: Arcanine|Extreme Speed|p1a: Glimmora\n|-resisted|p1a: Glimmora\n|-damage|p1a: Glimmora|89\/100\n|-activate|p1a: Glimmora|ability: Toxic Debris\n|-sidestart|p2: Inferno prodigy|move: Toxic Spikes\n|move|p1b: Pawmot|Double Shock|p2b: Arcanine\n|-damage|p2b: Arcanine|59\/100\n|-start|p1b: Pawmot|typechange|???\/Fighting|[from] move: Double Shock\n|\n|upkeep\n|turn|3\n|\n|t:|1683048588\n|move|p1b: Pawmot|Close Combat|p2b: Arcanine\n|-damage|p2b: Arcanine|18\/100\n|-unboost|p1b: Pawmot|def|1\n|-unboost|p1b: Pawmot|spd|1\n|move|p2b: Arcanine|Flare Blitz|p1b: Pawmot\n|-enditem|p1b: Pawmot|Focus Sash\n|-damage|p1b: Pawmot|1\/100\n|-damage|p2b: Arcanine|0 fnt|[from] Recoil\n|faint|p2b: Arcanine\n|move|p1a: Glimmora|Power Gem|p2a: Dragonite\n|-supereffective|p2a: Dragonite\n|-damage|p2a: Dragonite|5\/100\n|move|p2a: Dragonite|Stomping Tantrum|p1a: Glimmora\n|-supereffective|p1a: Glimmora\n|-damage|p1a: Glimmora|0 fnt\n|-activate|p1a: Glimmora|ability: Toxic Debris\n|-sidestart|p2: Inferno prodigy|move: Toxic Spikes\n|faint|p1a: Glimmora\n|\n|upkeep\n|\n|t:|1683048599\n|switch|p2b: Iron Hands|Iron Hands, L50|100\/100\n|switch|p1a: Dondozo|Dondozo, L50, F|100\/100\n|-status|p2b: Iron Hands|tox\n|turn|4\n|\n|t:|1683048616\n|switch|p1b: Tatsugiri|Tatsugiri-Stretchy, L50, F|100\/100\n|-activate|p1b: Tatsugiri|ability: Commander|[of] p1a: Dondozo\n|-boost|p1a: Dondozo|atk|2\n|-boost|p1a: Dondozo|spa|2\n|-boost|p1a: Dondozo|spe|2\n|-boost|p1a: Dondozo|def|2\n|-boost|p1a: Dondozo|spd|2\n|-terastallize|p2b: Iron Hands|Grass\n|move|p1a: Dondozo|Protect|p1a: Dondozo\n|-singleturn|p1a: Dondozo|Protect\n|move|p2a: Dragonite|Extreme Speed|p1a: Dondozo\n|-activate|p1a: Dondozo|move: Protect\n|move|p2b: Iron Hands|Drain Punch|p1a: Dondozo\n|-activate|p1a: Dondozo|move: Protect\n|\n|-damage|p2b: Iron Hands|95\/100 tox|[from] psn\n|upkeep\n|turn|5\n|\n|t:|1683048630\n|-terastallize|p1a: Dondozo|Grass\n|move|p2a: Dragonite|Protect|p2a: Dragonite\n|-singleturn|p2a: Dragonite|Protect\n|move|p1a: Dondozo|Order Up|p2a: Dragonite\n|-activate|p2a: Dragonite|move: Protect\n|move|p2b: Iron Hands|Drain Punch|p1a: Dondozo\n|-damage|p1a: Dondozo|84\/100\n|-heal|p2b: Iron Hands|100\/100 tox|[from] drain|[of] p1a: Dondozo\n|\n|-heal|p1a: Dondozo|91\/100|[from] item: Leftovers\n|-damage|p2b: Iron Hands|89\/100 tox|[from] psn\n|upkeep\n|turn|6\n|\n|t:|1683048651\n|switch|p2a: Palafin|Palafin-Hero, L50, M|100\/100\n|-status|p2a: Palafin|tox\n|-activate|p2a: Palafin|ability: Zero to Hero\n|move|p1a: Dondozo|Order Up|p2a: Palafin\n|-damage|p2a: Palafin|60\/100 tox\n|-boost|p1a: Dondozo|spe|1\n|move|p2b: Iron Hands|Drain Punch|p1a: Dondozo\n|-damage|p1a: Dondozo|76\/100\n|-heal|p2b: Iron Hands|96\/100 tox|[from] drain|[of] p1a: Dondozo\n|\n|-heal|p1a: Dondozo|82\/100|[from] item: Leftovers\n|-damage|p2a: Palafin|54\/100 tox|[from] psn\n|-damage|p2b: Iron Hands|78\/100 tox|[from] psn\n|upkeep\n|turn|7\n|\n|t:|1683048665\n|-end|p2b: Iron Hands|Quark Drive|[silent]\n|switch|p2b: Dragonite|Dragonite, L50, M|5\/100\n|move|p2a: Palafin|Protect|p2a: Palafin\n|-singleturn|p2a: Palafin|Protect\n|move|p1a: Dondozo|Tera Blast|p2a: Palafin\n|-activate|p2a: Palafin|move: Protect\n|\n|-heal|p1a: Dondozo|88\/100|[from] item: Leftovers\n|-damage|p2a: Palafin|42\/100 tox|[from] psn\n|upkeep\n|turn|8\n|\n|t:|1683048675\n|switch|p2a: Iron Hands|Iron Hands, L50, tera:Grass|78\/100 tox\n|move|p1a: Dondozo|Tera Blast|p2a: Iron Hands\n|-resisted|p2a: Iron Hands\n|-damage|p2a: Iron Hands|57\/100 tox\n|move|p2b: Dragonite|Stomping Tantrum|p1a: Dondozo\n|-resisted|p1a: Dondozo\n|-damage|p1a: Dondozo|83\/100\n|\n|-heal|p1a: Dondozo|89\/100|[from] item: Leftovers\n|-damage|p2a: Iron Hands|51\/100 tox|[from] psn\n|upkeep\n|turn|9\n|-message|Inferno prodigy forfeited.\n|\n|win|Conkledonk\n|l|\u2606Inferno prodigy\n|c|\u2606Conkledonk|ggs\n","uploadtime":1683048815,"views":12,"p1id":"conkledonk","p2id":"infernoprodigy","formatid":"gen9vgc2023regulationc","rating":0,"private":0,"password":""}