{"id":"gen9vgc2023regulationc-1860924057","p1":"jecheonjo","p2":"johandk","format":"[Gen 9] VGC 2023 Regulation C","log":"|j|\u2606jecheonjo\n|j|\u2606johandk\n|t:|1683696798\n|gametype|doubles\n|player|p1|jecheonjo|266|1355\n|player|p2|johandk|265|1398\n|teamsize|p1|6\n|teamsize|p2|6\n|gen|9\n|tier|[Gen 9] VGC 2023 Regulation C\n|rated|\n|rule|Species Clause: Limit one of each Pok\u00e9mon\n|rule|Item Clause: Limit one of each item\n|clearpoke\n|poke|p1|Garchomp, L50, F|\n|poke|p1|Talonflame, L50, F|\n|poke|p1|Chien-Pao, L50|\n|poke|p1|Flutter Mane, L50|\n|poke|p1|Gyarados, L50, F|\n|poke|p1|Dragonite, L50, F|\n|poke|p2|Flutter Mane, L50|\n|poke|p2|Scream Tail, L50|\n|poke|p2|Chien-Pao, L50|\n|poke|p2|Gyarados, L50, M|\n|poke|p2|Ceruledge, L50, F|\n|poke|p2|Gastrodon-East, L50, F|\n|teampreview|4\n|inactive|Battle timer is ON: inactive players will automatically lose when time's up. (requested by jecheonjo)\n|inactive|jecheonjo has 60 seconds left.\n|\n|t:|1683696850\n|start\n|switch|p1a: Garchomp|Garchomp, L50, F|100\/100\n|switch|p1b: Talonflame|Talonflame, L50, F|100\/100\n|switch|p2a: Gyarados|Gyarados, L50, M, shiny|100\/100\n|switch|p2b: Flutter Mane|Flutter Mane, L50, shiny|100\/100\n|-ability|p2a: Gyarados|Intimidate|boost\n|-fail|p1a: Garchomp|unboost|[from] item: Clear Amulet|[of] p1a: Garchomp\n|-unboost|p1b: Talonflame|atk|1\n|turn|1\n|\n|t:|1683696869\n|move|p2b: Flutter Mane|Protect|p2b: Flutter Mane\n|-singleturn|p2b: Flutter Mane|Protect\n|move|p1a: Garchomp|Protect|p1a: Garchomp\n|-singleturn|p1a: Garchomp|Protect\n|move|p1b: Talonflame|Tailwind|p1b: Talonflame\n|-sidestart|p1: jecheonjo|move: Tailwind\n|move|p2a: Gyarados|Waterfall|p1b: Talonflame\n|-supereffective|p1b: Talonflame\n|-damage|p1b: Talonflame|32\/100\n|\n|upkeep\n|turn|2\n|\n|t:|1683696888\n|move|p1a: Garchomp|Earthquake|p2a: Gyarados|[spread] p2b\n|-immune|p1b: Talonflame\n|-immune|p2a: Gyarados\n|-damage|p2b: Flutter Mane|49\/100\n|move|p1b: Talonflame|Brave Bird|p2b: Flutter Mane\n|-damage|p2b: Flutter Mane|16\/100\n|-enditem|p2b: Flutter Mane|Wiki Berry|[eat]\n|-heal|p2b: Flutter Mane|49\/100|[from] item: Wiki Berry\n|-damage|p1b: Talonflame|23\/100|[from] Recoil\n|move|p2b: Flutter Mane|Moonblast|p1a: Garchomp\n|-supereffective|p1a: Garchomp\n|-damage|p1a: Garchomp|0 fnt\n|faint|p1a: Garchomp\n|move|p2a: Gyarados|Waterfall|p1b: Talonflame\n|-supereffective|p1b: Talonflame\n|-damage|p1b: Talonflame|0 fnt\n|faint|p1b: Talonflame\n|\n|upkeep\n|\n|t:|1683696908\n|switch|p1a: Dragonite|Dragonite, L50, F|100\/100\n|switch|p1b: Flutter Mane|Flutter Mane, L50|100\/100\n|turn|3\n|\n|t:|1683696924\n|move|p2b: Flutter Mane|Protect|p2b: Flutter Mane\n|-singleturn|p2b: Flutter Mane|Protect\n|move|p1b: Flutter Mane|Moonblast|p2b: Flutter Mane\n|-activate|p2b: Flutter Mane|move: Protect\n|move|p1a: Dragonite|Thunder Punch|p2a: Gyarados\n|-supereffective|p2a: Gyarados\n|-damage|p2a: Gyarados|0 fnt\n|faint|p2a: Gyarados\n|\n|upkeep\n|\n|t:|1683696936\n|switch|p2a: Scream Tail|Scream Tail, L50|100\/100\n|-enditem|p2a: Scream Tail|Booster Energy\n|-activate|p2a: Scream Tail|ability: Protosynthesis|[fromitem]\n|-start|p2a: Scream Tail|protosynthesisspe\n|turn|4\n|\n|t:|1683696952\n|-terastallize|p1a: Dragonite|Flying\n|move|p1b: Flutter Mane|Moonblast|p2b: Flutter Mane\n|-damage|p2b: Flutter Mane|0 fnt\n|faint|p2b: Flutter Mane\n|-end|p2b: Flutter Mane|Protosynthesis|[silent]\n|move|p2a: Scream Tail|Disable|p1b: Flutter Mane\n|-start|p1b: Flutter Mane|Disable|Moonblast\n|move|p1a: Dragonite|Tera Blast|p2a: Scream Tail\n|-damage|p2a: Scream Tail|51\/100\n|\n|-sideend|p1: jecheonjo|move: Tailwind\n|upkeep\n|\n|t:|1683696966\n|switch|p2b: Chien-Pao|Chien-Pao, L50|100\/100\n|-ability|p2b: Chien-Pao|Sword of Ruin\n|turn|5\n|\n|t:|1683696975\n|move|p1a: Dragonite|Extreme Speed|p2b: Chien-Pao\n|-damage|p2b: Chien-Pao|55\/100\n|move|p2a: Scream Tail|Encore|p1b: Flutter Mane\n|-start|p1b: Flutter Mane|Encore\n|move|p2b: Chien-Pao|Ice Spinner|p1a: Dragonite\n|-supereffective|p1a: Dragonite\n|-damage|p1a: Dragonite|47\/100\n|-activate|p1b: Flutter Mane|move: Struggle\n|move|p1b: Flutter Mane|Struggle|p2a: Scream Tail\n|-damage|p2a: Scream Tail|45\/100\n|-damage|p1b: Flutter Mane|76\/100|[from] recoil\n|\n|upkeep\n|turn|6\n|\n|t:|1683696994\n|move|p1a: Dragonite|Extreme Speed|p2b: Chien-Pao\n|-damage|p2b: Chien-Pao|14\/100\n|move|p2a: Scream Tail|Howl|p2a: Scream Tail|[spread] p2a,p2b\n|-boost|p2a: Scream Tail|atk|1\n|-boost|p2b: Chien-Pao|atk|1\n|move|p2b: Chien-Pao|Ice Spinner|p1a: Dragonite\n|-supereffective|p1a: Dragonite\n|-damage|p1a: Dragonite|0 fnt\n|faint|p1a: Dragonite\n|-activate|p1b: Flutter Mane|move: Struggle\n|move|p1b: Flutter Mane|Struggle|p2b: Chien-Pao\n|-damage|p2b: Chien-Pao|7\/100\n|-damage|p1b: Flutter Mane|51\/100|[from] recoil\n|\n|upkeep\n|turn|7\n|-message|jecheonjo forfeited.\n|\n|win|johandk\n|raw|jecheonjo's rating: 1355 → 1337<\/strong> (-18 for losing)\n|raw|johandk's rating: 1398 → 1416<\/strong> (+18 for winning)\n|l|\u2606jecheonjo\n","uploadtime":1683697016,"views":16,"p1id":"jecheonjo","p2id":"johandk","formatid":"gen9vgc2023regulationc","rating":1337,"private":0,"password":""}