{"id":"gen9vgc2023regulationc-1855692578","p1":"Kyogre33","p2":"zippLapZapper","format":"[Gen 9] VGC 2023 Regulation C","log":"|j|\u2606Kyogre33\n|j|\u2606zippLapZapper\n|t:|1682973793\n|gametype|doubles\n|player|p1|Kyogre33|steven|\n|player|p2|zippLapZapper|hilbert-wonderlauncher|\n|teamsize|p1|6\n|teamsize|p2|6\n|gen|9\n|tier|[Gen 9] VGC 2023 Regulation C\n|rule|Species Clause: Limit one of each Pok\u00e9mon\n|rule|Item Clause: Limit one of each item\n|clearpoke\n|poke|p1|Baxcalibur, L50, F|\n|poke|p1|Ting-Lu, L50|\n|poke|p1|Palafin, L50, M|\n|poke|p1|Amoonguss, L50, F|\n|poke|p1|Arcanine, L50, M|\n|poke|p1|Flutter Mane, L50|\n|poke|p2|Garchomp, L50, M|\n|poke|p2|Talonflame, L50, M|\n|poke|p2|Tyranitar, L50, M|\n|poke|p2|Iron Bundle, L50|\n|poke|p2|Flutter Mane, L50|\n|poke|p2|Chien-Pao, L50|\n|teampreview|4\nKyogre33 has agreed to open team sheets.\n|inactive|Battle timer is ON: inactive players will automatically lose when time's up. (requested by Kyogre33)\n|c|\u2606zippLapZapper|hey!\n|c|\u2606zippLapZapper|g1\n|c|\u2606Kyogre33|ok\n|c|\u2606Kyogre33|glhf\nzippLapZapper has agreed to open team sheets.\n|inactiveoff|Battle timer is now OFF.\n|\n|t:|1682973877\n|start\n|switch|p1a: Flutter Mane|Flutter Mane, L50|100\/100\n|switch|p1b: Palafin|Palafin, L50, M|100\/100\n|switch|p2a: Garchomp|Garchomp, L50, M|100\/100\n|switch|p2b: Chien-Pao|Chien-Pao, L50|100\/100\n|-ability|p2b: Chien-Pao|Sword of Ruin\n|turn|1\n|c|\u2606zippLapZapper|we can play with timer if you want\n|c|\u2606Kyogre33|ok\n|inactive|Battle timer is ON: inactive players will automatically lose when time's up. (requested by Kyogre33)\n|c|\u2606Kyogre33|do you do tournaments?\n|inactive|Kyogre33 has 30 seconds left.\n|inactive|zippLapZapper has 30 seconds left.\n|c|\u2606zippLapZapper|yep\n|c|\u2606Kyogre33|same\n|c|\u2606zippLapZapper|nice :D\n|inactive|Kyogre33 has 20 seconds left.\n|inactive|Kyogre33 has 15 seconds left.\n|inactive|Kyogre33 has 10 seconds left.\n|\n|t:|1682973937\n|-terastallize|p2b: Chien-Pao|Flying\n|-terastallize|p1a: Flutter Mane|Fairy\n|move|p1b: Palafin|Jet Punch|p2b: Chien-Pao\n|-damage|p2b: Chien-Pao|63\/100\n|move|p2b: Chien-Pao|Ice Spinner|p1a: Flutter Mane\n|-damage|p1a: Flutter Mane|27\/100\n|move|p1a: Flutter Mane|Dazzling Gleam|p2b: Chien-Pao|[spread] p2a,p2b\n|-supereffective|p2a: Garchomp\n|-damage|p2a: Garchomp|0 fnt\n|-damage|p2b: Chien-Pao|0 fnt\n|faint|p2a: Garchomp\n|faint|p2b: Chien-Pao\n|\n|upkeep\n|\n|t:|1682973950\n|switch|p2b: Tyranitar|Tyranitar, L50, M|100\/100\n|switch|p2a: Flutter Mane|Flutter Mane, L50|100\/100\n|-weather|Sandstorm|[from] ability: Sand Stream|[of] p2b: Tyranitar\n|turn|2\n|c|\u2606Kyogre33|im bulky flutter btw\n|c|\u2606zippLapZapper|i figured\n|\n|t:|1682973975\n|detailschange|p1b: Palafin|Palafin-Hero, L50, M\n|switch|p1b: Arcanine|Arcanine, L50, M|100\/100\n|-ability|p1b: Arcanine|Intimidate|boost\n|-unboost|p2a: Flutter Mane|atk|1\n|-unboost|p2b: Tyranitar|atk|1\n|move|p2a: Flutter Mane|Shadow Ball|p1a: Flutter Mane\n|-damage|p1a: Flutter Mane|0 fnt\n|faint|p1a: Flutter Mane\n|-end|p1a: Flutter Mane|Protosynthesis|[silent]\n|move|p2b: Tyranitar|Rock Slide|p1b: Arcanine\n|-supereffective|p1b: Arcanine\n|-damage|p1b: Arcanine|40\/100\n|\n|-weather|Sandstorm|[upkeep]\n|-damage|p2a: Flutter Mane|95\/100|[from] Sandstorm\n|upkeep\n|\n|t:|1682973987\n|switch|p1a: Palafin|Palafin-Hero, L50, M|100\/100\n|-activate|p1a: Palafin|ability: Zero to Hero\n|turn|3\n|\n|t:|1682974000\n|move|p1a: Palafin|Protect|p1a: Palafin\n|-singleturn|p1a: Palafin|Protect\n|move|p2a: Flutter Mane|Shadow Ball|p1a: Palafin\n|-activate|p1a: Palafin|move: Protect\n|move|p1b: Arcanine|Howl|p1b: Arcanine|[spread] p1a,p1b\n|-boost|p1a: Palafin|atk|1\n|-boost|p1b: Arcanine|atk|1\n|move|p2b: Tyranitar|Assurance|p1a: Palafin\n|-activate|p1a: Palafin|move: Protect\n|\n|-weather|Sandstorm|[upkeep]\n|-damage|p2a: Flutter Mane|89\/100|[from] Sandstorm\n|-damage|p1a: Palafin|95\/100|[from] Sandstorm\n|upkeep\n|turn|4\n|\n|t:|1682974017\n|move|p1a: Palafin|Jet Punch|p2a: Flutter Mane\n|-damage|p2a: Flutter Mane|0 fnt\n|faint|p2a: Flutter Mane\n|-end|p2a: Flutter Mane|Protosynthesis|[silent]\n|move|p1b: Arcanine|Will-O-Wisp|p2b: Tyranitar\n|-status|p2b: Tyranitar|brn\n|move|p2b: Tyranitar|Rock Slide|p1b: Arcanine|[spread] p1a,p1b\n|-supereffective|p1b: Arcanine\n|-damage|p1a: Palafin|85\/100\n|-damage|p1b: Arcanine|17\/100\n|\n|-weather|Sandstorm|[upkeep]\n|-damage|p1a: Palafin|79\/100|[from] Sandstorm\n|-damage|p2b: Tyranitar|95\/100 brn|[from] brn\n|upkeep\n|turn|5\n|-message|zippLapZapper forfeited.\n|\n|win|Kyogre33\n|l|\u2606Kyogre33\n|c|\u2606zippLapZapper|gg\n","uploadtime":1682974369,"views":17,"p1id":"kyogre33","p2id":"zipplapzapper","formatid":"gen9vgc2023regulationc","rating":0,"private":0,"password":""}