{"id":"gen9vgc2023regulationc-1849362017","p1":"OvidioGza","p2":"perseusrad","format":"[Gen 9] VGC 2023 Regulation C","log":"|j|\u2606OvidioGza\n|j|\u2606perseusrad\n|t:|1682190036\n|gametype|doubles\n|player|p1|OvidioGza|riley|1250\n|player|p2|perseusrad|265|1302\n|teamsize|p1|6\n|teamsize|p2|6\n|gen|9\n|tier|[Gen 9] VGC 2023 Regulation C\n|rated|\n|rule|Species Clause: Limit one of each Pok\u00e9mon\n|rule|Item Clause: Limit one of each item\n|clearpoke\n|poke|p1|Palafin, L50, M|\n|poke|p1|Amoonguss, L50, M|\n|poke|p1|Flutter Mane, L50|\n|poke|p1|Tyranitar, L50, F|\n|poke|p1|Arcanine, L50, F|\n|poke|p1|Baxcalibur, L50, F|\n|poke|p2|Flutter Mane, L50|\n|poke|p2|Chien-Pao, L50|\n|poke|p2|Amoonguss, L50, M|\n|poke|p2|Arcanine, L50, M|\n|poke|p2|Azumarill, L50, M|\n|poke|p2|Dragonite, L50, F|\n|teampreview|4\n|inactive|Battle timer is ON: inactive players will automatically lose when time's up. (requested by perseusrad)\nperseusrad rejected open team sheets.\n|inactive|OvidioGza has 60 seconds left.\n|\n|t:|1682190090\n|start\n|switch|p1a: Flutter Mane|Flutter Mane, L50|100\/100\n|switch|p1b: Baxcalibur|Baxcalibur, L50, F|100\/100\n|switch|p2a: Amoonguss|Amoonguss, L50, M|100\/100\n|switch|p2b: Azumarill|Azumarill, L50, M|100\/100\n|turn|1\n|\n|t:|1682190113\n|-terastallize|p1b: Baxcalibur|Poison\n|-terastallize|p2a: Amoonguss|Water\n|move|p1a: Flutter Mane|Shadow Ball|p2a: Amoonguss\n|-damage|p2a: Amoonguss|51\/100\n|-unboost|p2a: Amoonguss|spd|1\n|-damage|p1a: Flutter Mane|91\/100|[from] item: Life Orb\n|move|p1b: Baxcalibur|Glaive Rush|p2a: Amoonguss\n|-damage|p2a: Amoonguss|0 fnt\n|-singlemove|p1b: Baxcalibur|Glaive Rush|[silent]\n|faint|p2a: Amoonguss\n|move|p2b: Azumarill|Play Rough|p1b: Baxcalibur\n|-resisted|p1b: Baxcalibur\n|-damage|p1b: Baxcalibur|53\/100\n|\n|upkeep\n|\n|t:|1682190124\n|switch|p2a: Dragonite|Dragonite, L50, F|100\/100\n|turn|2\n|\n|t:|1682190147\n|-end|p1a: Flutter Mane|Protosynthesis|[silent]\n|switch|p1a: Tyranitar|Tyranitar, L50, F|100\/100\n|-weather|Sandstorm|[from] ability: Sand Stream|[of] p1a: Tyranitar\n|switch|p2a: Flutter Mane|Flutter Mane, L50|100\/100\n|-enditem|p2a: Flutter Mane|Booster Energy\n|-activate|p2a: Flutter Mane|ability: Protosynthesis|[fromitem]\n|-start|p2a: Flutter Mane|protosynthesisspe\n|switch|p1b: Amoonguss|Amoonguss, L50, M|100\/100\n|move|p2b: Azumarill|Liquidation|p1a: Tyranitar\n|-supereffective|p1a: Tyranitar\n|-damage|p1a: Tyranitar|19\/100\n|\n|-weather|Sandstorm|[upkeep]\n|-damage|p2a: Flutter Mane|94\/100|[from] Sandstorm\n|-damage|p2b: Azumarill|95\/100|[from] Sandstorm\n|-damage|p1b: Amoonguss|95\/100|[from] Sandstorm\n|upkeep\n|turn|3\n|\n|t:|1682190170\n|move|p2a: Flutter Mane|Dazzling Gleam|p1b: Amoonguss|[spread] p1a,p1b\n|-supereffective|p1a: Tyranitar\n|-resisted|p1b: Amoonguss\n|-damage|p1a: Tyranitar|0 fnt\n|-damage|p1b: Amoonguss|81\/100\n|faint|p1a: Tyranitar\n|move|p2b: Azumarill|Ice Spinner|p1b: Amoonguss\n|-supereffective|p1b: Amoonguss\n|-damage|p1b: Amoonguss|23\/100\n|-damage|p2b: Azumarill|78\/100|[from] item: Rocky Helmet|[of] p1b: Amoonguss\n|move|p1b: Amoonguss|Spore|p2a: Flutter Mane\n|-status|p2a: Flutter Mane|slp|[from] move: Spore\n|\n|-weather|Sandstorm|[upkeep]\n|-damage|p2a: Flutter Mane|88\/100 slp|[from] Sandstorm\n|-damage|p2b: Azumarill|72\/100|[from] Sandstorm\n|-damage|p1b: Amoonguss|17\/100|[from] Sandstorm\n|upkeep\n|\n|t:|1682190189\n|switch|p1a: Flutter Mane|Flutter Mane, L50|91\/100\n|turn|4\n|\n|t:|1682190213\n|switch|p1b: Baxcalibur|Baxcalibur, L50, F, tera:Poison|53\/100\n|cant|p2a: Flutter Mane|slp\n|move|p1a: Flutter Mane|Moonblast|p2a: Flutter Mane\n|-damage|p2a: Flutter Mane|16\/100 slp\n|-damage|p1a: Flutter Mane|81\/100|[from] item: Life Orb\n|move|p2b: Azumarill|Liquidation|p1a: Flutter Mane\n|-damage|p1a: Flutter Mane|0 fnt\n|faint|p1a: Flutter Mane\n|-end|p1a: Flutter Mane|Protosynthesis|[silent]\n|\n|-weather|Sandstorm|[upkeep]\n|-damage|p2a: Flutter Mane|10\/100 slp|[from] Sandstorm\n|-damage|p1b: Baxcalibur|47\/100|[from] Sandstorm\n|-damage|p2b: Azumarill|67\/100|[from] Sandstorm\n|upkeep\n|\n|t:|1682190221\n|switch|p1a: Amoonguss|Amoonguss, L50, M|50\/100\n|turn|5\n|\n|t:|1682190229\n|cant|p2a: Flutter Mane|slp\n|move|p1b: Baxcalibur|Swords Dance|p1b: Baxcalibur\n|-boost|p1b: Baxcalibur|atk|2\n|move|p2b: Azumarill|Liquidation|p1b: Baxcalibur\n|-damage|p1b: Baxcalibur|0 fnt\n|faint|p1b: Baxcalibur\n|move|p1a: Amoonguss|Spore|p2b: Azumarill\n|-status|p2b: Azumarill|slp|[from] move: Spore\n|\n|-weather|Sandstorm|[upkeep]\n|-damage|p2a: Flutter Mane|4\/100 slp|[from] Sandstorm\n|-damage|p2b: Azumarill|61\/100 slp|[from] Sandstorm\n|-damage|p1a: Amoonguss|44\/100|[from] Sandstorm\n|upkeep\n|turn|6\n|-message|OvidioGza forfeited.\n|\n|win|perseusrad\n|raw|OvidioGza's rating: 1250 → 1229<\/strong> (-21 for losing)\n|raw|perseusrad's rating: 1302 → 1319<\/strong> (+17 for winning)\n","uploadtime":1682190258,"views":12,"p1id":"ovidiogza","p2id":"perseusrad","formatid":"gen9vgc2023regulationc","rating":1229,"private":0,"password":""}