{"id":"gen9vgc2023regulationc-1847064062","p1":"willz_vgc","p2":"ts02942461","format":"[Gen 9] VGC 2023 Regulation C","log":"|j|\u2606willz_vgc\n|j|\u2606ts02942461\n|t:|1681916089\n|gametype|doubles\n|player|p1|willz_vgc|101|1219\n|player|p2|ts02942461|169|1254\n|teamsize|p1|6\n|teamsize|p2|6\n|gen|9\n|tier|[Gen 9] VGC 2023 Regulation C\n|rated|\n|rule|Species Clause: Limit one of each Pok\u00e9mon\n|rule|Item Clause: Limit one of each item\n|clearpoke\n|poke|p1|Dragonite, L50, M|\n|poke|p1|Palafin, L50, M|\n|poke|p1|Flutter Mane, L50|\n|poke|p1|Amoonguss, L50, F|\n|poke|p1|Arcanine, L50, M|\n|poke|p1|Ting-Lu, L50|\n|poke|p2|Scizor, L50, M|\n|poke|p2|Gastrodon, L50, M|\n|poke|p2|Farigiraf, L50, M|\n|poke|p2|Dudunsparce-*, L50, F|\n|poke|p2|Sandy Shocks, L50|\n|poke|p2|Staraptor, L50, M|\n|teampreview|4\nts02942461 has agreed to open team sheets.\n|inactive|Battle timer is ON: inactive players will automatically lose when time's up. (requested by ts02942461)\n|inactive|willz_vgc has 60 seconds left.\n|inactive|willz_vgc has 30 seconds left.\n|\n|t:|1681916182\n|start\n|switch|p1a: Palafin|Palafin, L50, M|100\/100\n|switch|p1b: Arcanine|Arcanine, L50, M|100\/100\n|switch|p2a: Dudunsparce|Dudunsparce, L50, F|100\/100\n|switch|p2b: Staraptor|Staraptor, L50, M|100\/100\n|-ability|p2b: Staraptor|Intimidate|boost\n|-unboost|p1a: Palafin|atk|1\n|-unboost|p1b: Arcanine|atk|1\n|-ability|p1b: Arcanine|Intimidate|boost\n|-unboost|p2a: Dudunsparce|atk|1\n|-ability|p2a: Dudunsparce|Rattled|boost\n|-boost|p2a: Dudunsparce|spe|1\n|-unboost|p2b: Staraptor|atk|1\n|turn|1\n|\n|t:|1681916200\n|detailschange|p1a: Palafin|Palafin-Hero, L50, M\n|switch|p1a: Amoonguss|Amoonguss, L50, F|100\/100\n|move|p1b: Arcanine|Protect|p1b: Arcanine\n|-singleturn|p1b: Arcanine|Protect\n|move|p2b: Staraptor|U-turn|p1b: Arcanine\n|-activate|p1b: Arcanine|move: Protect\n|move|p2a: Dudunsparce|Stealth Rock|p1b: Arcanine\n|-sidestart|p1: willz_vgc|move: Stealth Rock\n|\n|upkeep\n|turn|2\n|inactive|willz_vgc has 30 seconds left.\n|\n|t:|1681916232\n|move|p1a: Amoonguss|Protect|p1a: Amoonguss\n|-singleturn|p1a: Amoonguss|Protect\n|move|p2b: Staraptor|U-turn|p1a: Amoonguss\n|-activate|p1a: Amoonguss|move: Protect\n|move|p1b: Arcanine|Will-O-Wisp|p2a: Dudunsparce\n|-status|p2a: Dudunsparce|brn\n|move|p2a: Dudunsparce|Ice Spinner|p1a: Amoonguss\n|-activate|p1a: Amoonguss|move: Protect\n|\n|-damage|p2a: Dudunsparce|94\/100 brn|[from] brn\n|upkeep\n|turn|3\n|inactive|willz_vgc has 30 seconds left.\n|\n|t:|1681916261\n|switch|p1b: Palafin|Palafin-Hero, L50, M|100\/100\n|-damage|p1b: Palafin|88\/100|[from] Stealth Rock\n|-activate|p1b: Palafin|ability: Zero to Hero\n|-terastallize|p1a: Amoonguss|Dark\n|move|p2b: Staraptor|U-turn|p1a: Amoonguss\n|-supereffective|p1a: Amoonguss\n|-damage|p1a: Amoonguss|75\/100\n|-damage|p2b: Staraptor|84\/100|[from] item: Rocky Helmet|[of] p1a: Amoonguss\n|\n|t:|1681916276\n|switch|p2b: Scizor|Scizor, L50, M|100\/100|[from] U-turn\n|move|p2a: Dudunsparce|Hyper Drill|p1b: Palafin\n|-damage|p1b: Palafin|76\/100\n|move|p1a: Amoonguss|Spore|p2b: Scizor\n|-activate|p2b: Scizor|item: Safety Goggles|Spore\n|\n|-heal|p2a: Dudunsparce|100\/100 brn|[from] item: Leftovers\n|-damage|p2a: Dudunsparce|94\/100 brn|[from] brn\n|upkeep\n|turn|4\n|\n|t:|1681916296\n|switch|p2a: Gastrodon|Gastrodon, L50, M|100\/100\n|move|p1b: Palafin|Drain Punch|p2b: Scizor\n|-crit|p2b: Scizor\n|-damage|p2b: Scizor|52\/100\n|-heal|p1b: Palafin|99\/100|[from] drain|[of] p2b: Scizor\n|move|p2b: Scizor|Swords Dance|p2b: Scizor\n|-boost|p2b: Scizor|atk|2\n|move|p1a: Amoonguss|Pollen Puff|p1b: Palafin\n|-heal|p1b: Palafin|100\/100\n|\n|upkeep\n|turn|5\n|\n|t:|1681916315\n|switch|p1a: Arcanine|Arcanine, L50, M|100\/100\n|-damage|p1a: Arcanine|75\/100|[from] Stealth Rock\n|-ability|p1a: Arcanine|Intimidate|boost\n|-unboost|p2a: Gastrodon|atk|1\n|-unboost|p2b: Scizor|atk|1\n|move|p1b: Palafin|Protect|p1b: Palafin\n|-singleturn|p1b: Palafin|Protect\n|move|p2b: Scizor|Protect|p2b: Scizor\n|-singleturn|p2b: Scizor|Protect\n|move|p2a: Gastrodon|Chilling Water|p1b: Palafin\n|-activate|p1b: Palafin|move: Protect\n|\n|upkeep\n|turn|6\n|\n|t:|1681916333\n|switch|p1b: Amoonguss|Amoonguss, L50, F, tera:Dark|100\/100\n|-damage|p1b: Amoonguss|88\/100|[from] Stealth Rock\n|-terastallize|p2b: Scizor|Fire\n|move|p1a: Arcanine|Flare Blitz|p2b: Scizor\n|-resisted|p2b: Scizor\n|-damage|p2b: Scizor|25\/100\n|-damage|p1a: Arcanine|66\/100|[from] Recoil\n|move|p2b: Scizor|Pounce|p1b: Amoonguss\n|-supereffective|p1b: Amoonguss\n|-damage|p1b: Amoonguss|0 fnt\n|-damage|p2b: Scizor|9\/100|[from] item: Rocky Helmet|[of] p1b: Amoonguss\n|faint|p1b: Amoonguss\n|move|p2a: Gastrodon|Earth Power|p1a: Arcanine\n|-supereffective|p1a: Arcanine\n|-damage|p1a: Arcanine|5\/100\n|\n|upkeep\n|\n|t:|1681916356\n|switch|p1b: Ting-Lu|Ting-Lu, L50|100\/100\n|-damage|p1b: Ting-Lu|94\/100|[from] Stealth Rock\n|-ability|p1b: Ting-Lu|Vessel of Ruin\n|turn|7\n|inactive|willz_vgc has 30 seconds left.\n|\n|t:|1681916394\n|move|p1a: Arcanine|Protect|p1a: Arcanine\n|-singleturn|p1a: Arcanine|Protect\n|move|p2b: Scizor|Protect|p2b: Scizor\n|-singleturn|p2b: Scizor|Protect\n|move|p1b: Ting-Lu|Stomping Tantrum|p2a: Gastrodon\n|-crit|p2a: Gastrodon\n|-damage|p2a: Gastrodon|61\/100\n|move|p2a: Gastrodon|Chilling Water|p1a: Arcanine\n|-activate|p1a: Arcanine|move: Protect\n|\n|upkeep\n|turn|8\n|\n|t:|1681916413\n|switch|p2b: Dudunsparce|Dudunsparce, L50, F|94\/100 brn\n|move|p1a: Arcanine|Snarl|p2b: Dudunsparce|[spread] p2a,p2b\n|-damage|p2a: Gastrodon|55\/100\n|-damage|p2b: Dudunsparce|89\/100 brn\n|-unboost|p2a: Gastrodon|spa|1\n|-unboost|p2b: Dudunsparce|spa|1\n|-ability|p2b: Dudunsparce|Rattled|boost\n|-boost|p2b: Dudunsparce|spe|1\n|move|p1b: Ting-Lu|Stomping Tantrum|p2b: Dudunsparce\n|-damage|p2b: Dudunsparce|59\/100 brn\n|move|p2a: Gastrodon|Chilling Water|p1a: Arcanine\n|-supereffective|p1a: Arcanine\n|-damage|p1a: Arcanine|0 fnt\n|faint|p1a: Arcanine\n|\n|-heal|p2b: Dudunsparce|66\/100 brn|[from] item: Leftovers\n|-damage|p2b: Dudunsparce|59\/100 brn|[from] brn\n|upkeep\n|\n|t:|1681916419\n|switch|p1a: Palafin|Palafin-Hero, L50, M|100\/100\n|-damage|p1a: Palafin|88\/100|[from] Stealth Rock\n|turn|9\n|\n|t:|1681916437\n|switch|p2b: Staraptor|Staraptor, L50, M|84\/100\n|-ability|p2b: Staraptor|Intimidate|boost\n|-unboost|p1a: Palafin|atk|1\n|-unboost|p1b: Ting-Lu|atk|1\n|move|p1a: Palafin|Protect|p1a: Palafin\n|-singleturn|p1a: Palafin|Protect\n|move|p2a: Gastrodon|Protect|p2a: Gastrodon\n|-singleturn|p2a: Gastrodon|Protect\n|move|p1b: Ting-Lu|Stomping Tantrum|p2a: Gastrodon\n|-activate|p2a: Gastrodon|move: Protect\n|\n|upkeep\n|turn|10\n|inactive|ts02942461 has 30 seconds left.\n|inactive|willz_vgc has 30 seconds left.\n|inactive|ts02942461 has 20 seconds left.\n|\n|t:|1681916476\n|switch|p2a: Dudunsparce|Dudunsparce, L50, F|59\/100 brn\n|move|p2b: Staraptor|U-turn|p1b: Ting-Lu\n|-supereffective|p1b: Ting-Lu\n|-damage|p1b: Ting-Lu|70\/100\n|\n|t:|1681916482\n|switch|p2b: Gastrodon|Gastrodon, L50, M|55\/100|[from] U-turn\n|move|p1a: Palafin|Drain Punch|p2a: Dudunsparce\n|-supereffective|p2a: Dudunsparce\n|-damage|p2a: Dudunsparce|22\/100 brn\n|-heal|p1a: Palafin|100\/100|[from] drain|[of] p2a: Dudunsparce\n|move|p1b: Ting-Lu|Body Press|p2a: Dudunsparce\n|-supereffective|p2a: Dudunsparce\n|-damage|p2a: Dudunsparce|0 fnt\n|faint|p2a: Dudunsparce\n|\n|upkeep\n|\n|t:|1681916496\n|switch|p2a: Staraptor|Staraptor, L50, M|84\/100\n|-ability|p2a: Staraptor|Intimidate|boost\n|-unboost|p1a: Palafin|atk|1\n|-unboost|p1b: Ting-Lu|atk|1\n|turn|11\n|\n|t:|1681916514\n|move|p2a: Staraptor|Close Combat|p1b: Ting-Lu\n|-supereffective|p1b: Ting-Lu\n|-damage|p1b: Ting-Lu|30\/100\n|-unboost|p2a: Staraptor|def|1\n|-unboost|p2a: Staraptor|spd|1\n|move|p1a: Palafin|Haze|p1a: Palafin\n|-clearallboost\n|move|p1b: Ting-Lu|Stomping Tantrum|p2b: Gastrodon\n|-damage|p2b: Gastrodon|28\/100\n|-enditem|p2b: Gastrodon|Sitrus Berry|[eat]\n|-heal|p2b: Gastrodon|53\/100|[from] item: Sitrus Berry\n|move|p2b: Gastrodon|Recover|p2b: Gastrodon\n|-heal|p2b: Gastrodon|100\/100\n|\n|upkeep\n|turn|12\n|inactive|willz_vgc has 30 seconds left.\n|\n|t:|1681916539\n|move|p2a: Staraptor|Close Combat|p1b: Ting-Lu\n|-supereffective|p1b: Ting-Lu\n|-damage|p1b: Ting-Lu|0 fnt\n|-unboost|p2a: Staraptor|def|1\n|-unboost|p2a: Staraptor|spd|1\n|faint|p1b: Ting-Lu\n|move|p1a: Palafin|Drain Punch|p2a: Staraptor\n|-damage|p2a: Staraptor|27\/100\n|move|p2b: Gastrodon|Chilling Water|p1a: Palafin\n|-resisted|p1a: Palafin\n|-damage|p1a: Palafin|92\/100\n|-unboost|p1a: Palafin|atk|1\n|\n|upkeep\n|turn|13\n|\n|t:|1681916557\n|move|p2a: Staraptor|Close Combat|p1a: Palafin\n|-damage|p1a: Palafin|61\/100\n|-unboost|p2a: Staraptor|def|1\n|-unboost|p2a: Staraptor|spd|1\n|move|p1a: Palafin|Drain Punch|p2a: Staraptor\n|-damage|p2a: Staraptor|0 fnt\n|-heal|p1a: Palafin|74\/100|[from] drain|[of] p2a: Staraptor\n|faint|p2a: Staraptor\n|move|p2b: Gastrodon|Chilling Water|p1a: Palafin\n|-resisted|p1a: Palafin\n|-damage|p1a: Palafin|67\/100\n|-unboost|p1a: Palafin|atk|1\n|\n|upkeep\n|\n|t:|1681916571\n|switch|p2a: Scizor|Scizor, L50, M, tera:Fire|9\/100\n|turn|14\n|\n|t:|1681916579\n|move|p2a: Scizor|Protect|p2a: Scizor\n|-singleturn|p2a: Scizor|Protect\n|move|p1a: Palafin|Drain Punch|p2a: Scizor\n|-activate|p2a: Scizor|move: Protect\n|move|p2b: Gastrodon|Earth Power|p1a: Palafin\n|-damage|p1a: Palafin|37\/100\n|-unboost|p1a: Palafin|spd|1\n|\n|upkeep\n|turn|15\n|\n|t:|1681916592\n|move|p1a: Palafin|Drain Punch|p2a: Scizor\n|-damage|p2a: Scizor|0 fnt\n|-heal|p1a: Palafin|41\/100|[from] drain|[of] p2a: Scizor\n|faint|p2a: Scizor\n|move|p2b: Gastrodon|Earth Power|p1a: Palafin\n|-damage|p1a: Palafin|0 fnt\n|faint|p1a: Palafin\n|\n|win|ts02942461\n|raw|willz_vgc's rating: 1219 → 1197<\/strong> (-22 for losing)\n|raw|ts02942461's rating: 1254 → 1276<\/strong> (+22 for winning)\n|c|\u2606willz_vgc|You are awful\n|l|\u2606willz_vgc\n","uploadtime":1681916809,"views":6,"p1id":"willzvgc","p2id":"ts02942461","formatid":"gen9vgc2023regulationc","rating":1197,"private":0,"password":""}