{"id":"gen9vgc2023regulationc-1855871695","p1":"Kiriziomaro","p2":"massson","format":"[Gen 9] VGC 2023 Regulation C","log":"|j|\u2606Kiriziomaro\n|j|\u2606massson\n|t:|1682994269\n|gametype|doubles\n|player|p1|Kiriziomaro|lance|1278\n|player|p2|massson|101|1340\n|teamsize|p1|6\n|teamsize|p2|6\n|gen|9\n|tier|[Gen 9] VGC 2023 Regulation C\n|rated|\n|rule|Species Clause: Limit one of each Pok\u00e9mon\n|rule|Item Clause: Limit one of each item\n|clearpoke\n|poke|p1|Dondozo, L50, F|\n|poke|p1|Tatsugiri-Stretchy, L50, M|\n|poke|p1|Chi-Yu, L50|\n|poke|p1|Flutter Mane, L50|\n|poke|p1|Dragonite, L50, F|\n|poke|p1|Glimmora, L50, M|\n|poke|p2|Tyranitar, L50, F|\n|poke|p2|Ting-Lu, L50|\n|poke|p2|Flutter Mane, L50|\n|poke|p2|Ceruledge, L50, F|\n|poke|p2|Dragonite, L50, F|\n|poke|p2|Iron Bundle, L50|\n|teampreview|4\n|inactive|Battle timer is ON: inactive players will automatically lose when time's up. (requested by Kiriziomaro)\n|\n|t:|1682994307\n|start\n|switch|p1a: Glimmora|Glimmora, L50, M|100\/100\n|switch|p1b: Tatsugiri|Tatsugiri-Stretchy, L50, M|100\/100\n|switch|p2a: Ceruledge|Ceruledge, L50, F|100\/100\n|switch|p2b: Ting-Lu|Ting-Lu, L50|100\/100\n|-ability|p2b: Ting-Lu|Vessel of Ruin\n|turn|1\n|inactive|massson has 30 seconds left.\n|\n|t:|1682994334\n|-terastallize|p2a: Ceruledge|Grass\n|move|p1a: Glimmora|Toxic|p2a: Ceruledge\n|-status|p2a: Ceruledge|tox\n|move|p2a: Ceruledge|Bulk Up|p2a: Ceruledge\n|-boost|p2a: Ceruledge|atk|1\n|-boost|p2a: Ceruledge|def|1\n|move|p1b: Tatsugiri|Muddy Water|p2a: Ceruledge|[spread] p2a\n|-miss|p1b: Tatsugiri|p2b: Ting-Lu\n|-resisted|p2a: Ceruledge\n|-damage|p2a: Ceruledge|82\/100 tox\n|move|p2b: Ting-Lu|Ruination|p1a: Glimmora\n|-damage|p1a: Glimmora|51\/100\n|\n|-damage|p2a: Ceruledge|76\/100 tox|[from] psn\n|upkeep\n|turn|2\n|\n|t:|1682994354\n|move|p2a: Ceruledge|Protect|p2a: Ceruledge\n|-singleturn|p2a: Ceruledge|Protect\n|move|p1a: Glimmora|Toxic|p2b: Ting-Lu\n|-status|p2b: Ting-Lu|tox\n|move|p1b: Tatsugiri|Muddy Water|p2a: Ceruledge|[spread] p2b\n|-activate|p2a: Ceruledge|move: Protect\n|-supereffective|p2b: Ting-Lu\n|-damage|p2b: Ting-Lu|59\/100 tox\n|-unboost|p2b: Ting-Lu|accuracy|1\n|move|p2b: Ting-Lu|Earthquake|p1a: Glimmora|[spread] p1a,p1b\n|-activate|p2a: Ceruledge|move: Protect\n|-supereffective|p1a: Glimmora\n|-damage|p1a: Glimmora|0 fnt\n|-damage|p1b: Tatsugiri|43\/100\n|-activate|p1a: Glimmora|ability: Toxic Debris\n|-sidestart|p2: massson|move: Toxic Spikes\n|faint|p1a: Glimmora\n|\n|-damage|p2a: Ceruledge|63\/100 tox|[from] psn\n|-damage|p2b: Ting-Lu|53\/100 tox|[from] psn\n|upkeep\n|\n|t:|1682994371\n|switch|p1a: Dondozo|Dondozo, L50, F|100\/100\n|turn|3\n|\n|t:|1682994386\n|move|p1a: Dondozo|Protect|p1a: Dondozo\n|-singleturn|p1a: Dondozo|Protect\n|move|p2a: Ceruledge|Shadow Sneak|p1b: Tatsugiri\n|-damage|p1b: Tatsugiri|0 fnt\n|faint|p1b: Tatsugiri\n|move|p2b: Ting-Lu|Ruination|p1a: Dondozo\n|-activate|p1a: Dondozo|move: Protect\n|\n|-damage|p2a: Ceruledge|45\/100 tox|[from] psn\n|-damage|p2b: Ting-Lu|41\/100 tox|[from] psn\n|upkeep\n|\n|t:|1682994394\n|switch|p1b: Flutter Mane|Flutter Mane, L50|100\/100\n|-enditem|p1b: Flutter Mane|Booster Energy\n|-activate|p1b: Flutter Mane|ability: Protosynthesis|[fromitem]\n|-start|p1b: Flutter Mane|protosynthesisspe\n|turn|4\n|inactive|Kiriziomaro has 30 seconds left.\n|\n|t:|1682994424\n|-terastallize|p1b: Flutter Mane|Steel\n|move|p2a: Ceruledge|Protect|p2a: Ceruledge\n|-singleturn|p2a: Ceruledge|Protect\n|move|p1a: Dondozo|Protect||[still]\n|-fail|p1a: Dondozo\n|move|p1b: Flutter Mane|Moonblast|p2b: Ting-Lu\n|-supereffective|p2b: Ting-Lu\n|-damage|p2b: Ting-Lu|6\/100 tox\n|-unboost|p2b: Ting-Lu|spa|1\n|move|p2b: Ting-Lu|Heavy Slam|p1b: Flutter Mane\n|-resisted|p1b: Flutter Mane\n|-damage|p1b: Flutter Mane|58\/100\n|\n|-damage|p2a: Ceruledge|20\/100 tox|[from] psn\n|-damage|p2b: Ting-Lu|0 fnt|[from] psn\n|faint|p2b: Ting-Lu\n|upkeep\n|\n|t:|1682994444\n|switch|p2b: Iron Bundle|Iron Bundle, L50|100\/100\n|-status|p2b: Iron Bundle|psn\n|-enditem|p2b: Iron Bundle|Booster Energy\n|-activate|p2b: Iron Bundle|ability: Quark Drive|[fromitem]\n|-start|p2b: Iron Bundle|quarkdrivespe\n|turn|5\n|inactive|massson has 30 seconds left.\n|\n|t:|1682994474\n|move|p1b: Flutter Mane|Protect|p1b: Flutter Mane\n|-singleturn|p1b: Flutter Mane|Protect\n|move|p2a: Ceruledge|Shadow Sneak|p1b: Flutter Mane\n|-activate|p1b: Flutter Mane|move: Protect\n|move|p2b: Iron Bundle|Freeze-Dry|p1a: Dondozo\n|-supereffective|p1a: Dondozo\n|-damage|p1a: Dondozo|56\/100\n|move|p1a: Dondozo|Bulldoze|p2a: Ceruledge|[spread] p2a,p2b\n|-activate|p1b: Flutter Mane|move: Protect\n|-resisted|p2a: Ceruledge\n|-damage|p2a: Ceruledge|15\/100 tox\n|-damage|p2b: Iron Bundle|88\/100 psn\n|-unboost|p2b: Iron Bundle|spe|1\n|\n|-damage|p2b: Iron Bundle|76\/100 psn|[from] psn\n|-damage|p2a: Ceruledge|0 fnt|[from] psn\n|faint|p2a: Ceruledge\n|upkeep\n|\n|t:|1682994490\n|switch|p2a: Flutter Mane|Flutter Mane, L50|100\/100\n|-status|p2a: Flutter Mane|psn\n|turn|6\n|inactive|massson has 30 seconds left.\n|\n|t:|1682994526\n|move|p1b: Flutter Mane|Hex|p2a: Flutter Mane\n|-supereffective|p2a: Flutter Mane\n|-damage|p2a: Flutter Mane|0 fnt\n|faint|p2a: Flutter Mane\n|-end|p2a: Flutter Mane|Protosynthesis|[silent]\n|move|p2b: Iron Bundle|Freeze-Dry|p1a: Dondozo\n|-supereffective|p1a: Dondozo\n|-damage|p1a: Dondozo|9\/100\n|-enditem|p1a: Dondozo|Sitrus Berry|[eat]\n|-heal|p1a: Dondozo|34\/100|[from] item: Sitrus Berry\n|move|p1a: Dondozo|Wave Crash|p2b: Iron Bundle\n|-resisted|p2b: Iron Bundle\n|-damage|p2b: Iron Bundle|53\/100 psn\n|-damage|p1a: Dondozo|30\/100|[from] Recoil\n|\n|-damage|p2b: Iron Bundle|41\/100 psn|[from] psn\n|upkeep\n|turn|7\n|-message|massson forfeited.\n|\n|win|Kiriziomaro\n|raw|Kiriziomaro's rating: 1278 → 1307<\/strong> (+29 for winning)\n|raw|massson's rating: 1340 → 1316<\/strong> (-24 for losing)\n|l|\u2606massson\n","uploadtime":1682994544,"views":11,"p1id":"kiriziomaro","p2id":"massson","formatid":"gen9vgc2023regulationc","rating":1307,"private":0,"password":""}