{"id":"gen9vgc2023regulationc-1846029303","p1":"donpapa22","p2":"superseriousboi","format":"[Gen 9] VGC 2023 Regulation C","log":"|j|\u2606donpapa22\n|j|\u2606superseriousboi\n|t:|1681794076\n|gametype|doubles\n|player|p1|donpapa22|102|1048\n|player|p2|superseriousboi|266|1073\n|teamsize|p1|6\n|teamsize|p2|6\n|gen|9\n|tier|[Gen 9] VGC 2023 Regulation C\n|rated|\n|rule|Species Clause: Limit one of each Pok\u00e9mon\n|rule|Item Clause: Limit one of each item\n|clearpoke\n|poke|p1|Armarouge, L50, M|\n|poke|p1|Dachsbun, L50, F|\n|poke|p1|Indeedee, L50, M|\n|poke|p1|Meowscarada, L50, F|\n|poke|p1|Chi-Yu, L50|\n|poke|p1|Palafin, L50, F|\n|poke|p2|Arcanine, L50, M|\n|poke|p2|Maushold, L50|\n|poke|p2|Garganacl, L50, M|\n|poke|p2|Palafin, L50, M|\n|poke|p2|Tropius, L50, M|\n|poke|p2|Klefki, L50, M|\n|teampreview|4\n|inactive|Battle timer is ON: inactive players will automatically lose when time's up. (requested by donpapa22)\n|\n|t:|1681794124\n|start\n|switch|p1a: Palafin|Palafin, L50, F|100\/100\n|switch|p1b: Indeedee|Indeedee, L50, M|100\/100\n|switch|p2a: Arcanine|Arcanine, L50, M|100\/100\n|switch|p2b: Palafin|Palafin, L50, M|100\/100\n|-fieldstart|move: Psychic Terrain|[from] ability: Psychic Surge|[of] p1b: Indeedee\n|-ability|p2a: Arcanine|Intimidate|boost\n|-unboost|p1a: Palafin|atk|1\n|-unboost|p1b: Indeedee|atk|1\n|turn|1\n|inactive|donpapa22 has 30 seconds left.\n|inactive|donpapa22 has 20 seconds left.\n|\n|t:|1681794162\n|detailschange|p1a: Palafin|Palafin-Hero, L50, F\n|switch|p1a: Armarouge|Armarouge, L50, M|100\/100\n|detailschange|p2b: Palafin|Palafin-Hero, L50, M\n|switch|p2b: Maushold|Maushold, L50|100\/100\n|move|p1b: Indeedee|Psychic|p2a: Arcanine\n|-damage|p2a: Arcanine|56\/100\n|move|p2a: Arcanine|Snarl|p1b: Indeedee|[spread] p1a,p1b\n|-supereffective|p1a: Armarouge\n|-supereffective|p1b: Indeedee\n|-damage|p1a: Armarouge|77\/100\n|-damage|p1b: Indeedee|73\/100\n|-unboost|p1a: Armarouge|spa|1\n|-unboost|p1b: Indeedee|spa|1\n|\n|upkeep\n|turn|2\n|inactive|donpapa22 has 30 seconds left.\n|inactive|superseriousboi has 30 seconds left.\n|\n|t:|1681794193\n|move|p1a: Armarouge|Expanding Force|p2b: Maushold|[spread] p2a,p2b\n|-damage|p2a: Arcanine|31\/100\n|-damage|p2b: Maushold|62\/100\n|move|p2b: Maushold|Super Fang|p1a: Armarouge\n|-damage|p1a: Armarouge|39\/100\n|move|p1b: Indeedee|Hyper Voice|p2b: Maushold|[spread] p2a,p2b\n|-damage|p2a: Arcanine|16\/100\n|-damage|p2b: Maushold|37\/100\n|move|p2a: Arcanine|Snarl|p1b: Indeedee|[spread] p1a,p1b\n|-supereffective|p1a: Armarouge\n|-crit|p1a: Armarouge\n|-supereffective|p1b: Indeedee\n|-damage|p1a: Armarouge|10\/100\n|-damage|p1b: Indeedee|43\/100\n|-unboost|p1a: Armarouge|spa|1\n|-unboost|p1b: Indeedee|spa|1\n|\n|upkeep\n|turn|3\n|inactive|superseriousboi has 30 seconds left.\n|\n|t:|1681794218\n|switch|p1a: Palafin|Palafin-Hero, L50, F|100\/100\n|-activate|p1a: Palafin|ability: Zero to Hero\n|move|p2b: Maushold|Super Fang|p1b: Indeedee\n|-damage|p1b: Indeedee|22\/100\n|move|p1b: Indeedee|Psychic|p2a: Arcanine\n|-damage|p2a: Arcanine|0 fnt\n|faint|p2a: Arcanine\n|\n|upkeep\n|\n|t:|1681794231\n|switch|p2a: Garganacl|Garganacl, L50, M|100\/100\n|turn|4\n|\n|t:|1681794252\n|switch|p1b: Dachsbun|Dachsbun, L50, F|100\/100\n|-terastallize|p2a: Garganacl|Flying\n|move|p2b: Maushold|Super Fang|p1a: Palafin\n|-damage|p1a: Palafin|51\/100\n|move|p1a: Palafin|Wave Crash|p2a: Garganacl\n|-damage|p2a: Garganacl|59\/100\n|-damage|p1a: Palafin|37\/100|[from] Recoil\n|move|p2a: Garganacl|Salt Cure|p1a: Palafin\n|-damage|p1a: Palafin|23\/100\n|-start|p1a: Palafin|Salt Cure\n|\n|-heal|p2a: Garganacl|65\/100|[from] item: Leftovers\n|-damage|p1a: Palafin|0 fnt|[from] Salt Cure\n|faint|p1a: Palafin\n|upkeep\n|\n|t:|1681794267\n|switch|p1a: Armarouge|Armarouge, L50, M|10\/100\n|turn|5\n|\n|t:|1681794274\n|move|p1a: Armarouge|Lava Plume|p2b: Maushold|[spread] p2a,p2b\n|-ability|p1b: Dachsbun|Well-Baked Body|boost\n|-boost|p1b: Dachsbun|def|2\n|-damage|p2a: Garganacl|52\/100\n|-damage|p2b: Maushold|5\/100\n|move|p2b: Maushold|Super Fang|p1b: Dachsbun\n|-damage|p1b: Dachsbun|50\/100\n|move|p1b: Dachsbun|Body Press|p2b: Maushold\n|-supereffective|p2b: Maushold\n|-damage|p2b: Maushold|0 fnt\n|faint|p2b: Maushold\n|move|p2a: Garganacl|Salt Cure|p1a: Armarouge\n|-supereffective|p1a: Armarouge\n|-crit|p1a: Armarouge\n|-damage|p1a: Armarouge|0 fnt\n|faint|p1a: Armarouge\n|\n|-heal|p1b: Dachsbun|57\/100|[from] item: Leftovers\n|-heal|p2a: Garganacl|58\/100|[from] item: Leftovers\n|-fieldend|move: Psychic Terrain\n|upkeep\n|\n|t:|1681794291\n|switch|p2b: Palafin|Palafin-Hero, L50, M|100\/100\n|switch|p1a: Indeedee|Indeedee, L50, M|22\/100\n|-fieldstart|move: Psychic Terrain|[from] ability: Psychic Surge|[of] p1a: Indeedee\n|-activate|p2b: Palafin|ability: Zero to Hero\n|turn|6\n|\n|t:|1681794306\n|move|p1a: Indeedee|Hyper Voice|p2a: Garganacl|[spread] p2a,p2b\n|-crit|p2a: Garganacl\n|-damage|p2a: Garganacl|27\/100\n|-damage|p2b: Palafin|67\/100\n|move|p2b: Palafin|Haze|p2b: Palafin\n|-clearallboost\n|move|p1b: Dachsbun|Body Press|p2b: Palafin\n|-damage|p2b: Palafin|45\/100\n|move|p2a: Garganacl|Salt Cure|p1a: Indeedee\n|-damage|p1a: Indeedee|0 fnt\n|faint|p1a: Indeedee\n|\n|-heal|p1b: Dachsbun|63\/100|[from] item: Leftovers\n|-heal|p2a: Garganacl|33\/100|[from] item: Leftovers\n|upkeep\n|turn|7\n|inactive|donpapa22 has 30 seconds left.\n|inactive|donpapa22 has 20 seconds left.\n|inactive|donpapa22 has 15 seconds left.\n|inactive|donpapa22 has 10 seconds left.\n|\n|t:|1681794354\n|move|p2b: Palafin|Wave Crash|p1b: Dachsbun\n|-damage|p1b: Dachsbun|0 fnt\n|faint|p1b: Dachsbun\n|-damage|p2b: Palafin|29\/100|[from] Recoil\n|\n|win|superseriousboi\n|raw|donpapa22's rating: 1048 → 1032<\/strong> (-16 for losing)\n|raw|superseriousboi's rating: 1073 → 1100<\/strong> (+27 for winning)\n","uploadtime":1681794358,"views":3,"p1id":"donpapa22","p2id":"superseriousboi","formatid":"gen9vgc2023regulationc","rating":1032,"private":0,"password":""}