{"id":"gen9vgc2023regulationc-1861141367","p1":"Aldrich DL","p2":"trace","format":"[Gen 9] VGC 2023 Regulation C","log":"|j|\u2606Aldrich DL\n|j|\u2606trace\n|t:|1683730196\n|gametype|doubles\n|player|p1|Aldrich DL|richboy-gen3|\n|player|p2|trace|#trace|\n|teamsize|p1|6\n|teamsize|p2|6\n|gen|9\n|tier|[Gen 9] VGC 2023 Regulation C\n|rule|Species Clause: Limit one of each Pok\u00e9mon\n|rule|Item Clause: Limit one of each item\n|clearpoke\n|poke|p1|Armarouge, L50, F|\n|poke|p1|Dragapult, L50, F|\n|poke|p1|Rotom-Wash, L50|\n|poke|p1|Indeedee-F, L50, F|\n|poke|p1|Ceruledge, L50, F|\n|poke|p1|Hawlucha, L50, M|\n|poke|p2|Tinkaton, L50, F|\n|poke|p2|Rotom-Wash, L50|\n|poke|p2|Annihilape, L50, F|\n|poke|p2|Corviknight, L50, F|\n|poke|p2|Espathra, L50, F|\n|poke|p2|Amoonguss, L50, M|\n|teampreview|4\nAldrich DL has agreed to open team sheets.\ntrace has agreed to open team sheets.\n|\n|t:|1683730252\n|start\n|switch|p1a: d|Dragapult, L50, F|100\/100\n|switch|p1b: a|Armarouge, L50, F|100\/100\n|switch|p2a: White Spell|Tinkaton, L50, F|100\/100\n|switch|p2b: ODDS&ENDS|Annihilape, L50, F|100\/100\n|-ability|p2a: White Spell|Mold Breaker\n|turn|1\n|\n|t:|1683730278\n|-terastallize|p2b: ODDS&ENDS|Steel\n|move|p1a: d|Protect|p1a: d\n|-singleturn|p1a: d|Protect\n|move|p1b: a|Protect|p1b: a\n|-singleturn|p1b: a|Protect\n|move|p2a: White Spell|Fake Out|p1b: a\n|-activate|p1b: a|move: Protect\n|move|p2b: ODDS&ENDS|Rage Fist|p1b: a\n|-activate|p1b: a|move: Protect\n|\n|upkeep\n|turn|2\n|\n|t:|1683730305\n|-terastallize|p1b: a|Psychic\n|move|p2b: ODDS&ENDS|Protect|p2b: ODDS&ENDS\n|-singleturn|p2b: ODDS&ENDS|Protect\n|move|p1a: d|U-turn|p1b: a\n|-supereffective|p1b: a\n|-damage|p1b: a|56\/100\n|-ability|p1b: a|Weak Armor|boost\n|-unboost|p1b: a|def|1\n|-boost|p1b: a|spe|2\n|-enditem|p1b: a|Weakness Policy\n|-boost|p1b: a|atk|2|[from] item: Weakness Policy\n|-boost|p1b: a|spa|2|[from] item: Weakness Policy\n|\n|t:|1683730310\n|switch|p1a: i|Indeedee-F, L50, F|100\/100|[from] U-turn\n|-fieldstart|move: Psychic Terrain|[from] ability: Psychic Surge|[of] p1a: i\n|move|p1b: a|Armor Cannon|p2b: ODDS&ENDS\n|-activate|p2b: ODDS&ENDS|move: Protect\n|move|p2a: White Spell|Knock Off|p1a: i\n|-supereffective|p1a: i\n|-damage|p1a: i|65\/100\n|-enditem|p1a: i|Aguav Berry|[from] move: Knock Off|[of] p2a: White Spell\n|\n|upkeep\n|turn|3\n|\n|t:|1683730325\n|switch|p2b: LEVEL|Amoonguss, L50, M|100\/100\n|move|p1a: i|Helping Hand|p1b: a\n|-singleturn|p1b: a|Helping Hand|[of] p1a: i\n|move|p1b: a|Expanding Force|p2b: LEVEL|[spread] p2a,p2b\n|-resisted|p2a: White Spell\n|-supereffective|p2b: LEVEL\n|-damage|p2a: White Spell|34\/100\n|-damage|p2b: LEVEL|0 fnt\n|faint|p2b: LEVEL\n|move|p2a: White Spell|Gigaton Hammer|p1b: a\n|-damage|p1b: a|0 fnt\n|faint|p1b: a\n|\n|upkeep\n|\n|t:|1683730339\n|switch|p1b: h|Hawlucha, L50, M|100\/100\n|switch|p2b: ODDS&ENDS|Annihilape, L50, F, tera:Steel|100\/100\n|-enditem|p1b: h|Psychic Seed\n|-boost|p1b: h|spd|1|[from] item: Psychic Seed\n|turn|4\n|\n|t:|1683730354\n|switch|p2b: Indigo in Blue|Corviknight, L50, F|100\/100\n|move|p1a: i|Follow Me|p1a: i\n|-singleturn|p1a: i|move: Follow Me\n|move|p1b: h|Swords Dance|p1b: h\n|-boost|p1b: h|atk|2\n|move|p2a: White Spell|Play Rough|p1a: i\n|-damage|p1a: i|42\/100\n|\n|upkeep\n|turn|5\n|\n|t:|1683730378\n|move|p1a: i|Follow Me|p1a: i\n|-singleturn|p1a: i|move: Follow Me\n|move|p1b: h|Close Combat|p2a: White Spell\n|-damage|p2a: White Spell|0 fnt\n|-unboost|p1b: h|def|1\n|-unboost|p1b: h|spd|1\n|faint|p2a: White Spell\n|move|p2b: Indigo in Blue|Brave Bird|p1a: i\n|-damage|p1a: i|2\/100\n|-damage|p2b: Indigo in Blue|89\/100|[from] Recoil\n|\n|upkeep\n|\n|t:|1683730382\n|switch|p2a: ODDS&ENDS|Annihilape, L50, F, tera:Steel|100\/100\n|turn|6\n|\n|t:|1683730406\n|move|p1a: i|Follow Me|p1a: i\n|-singleturn|p1a: i|move: Follow Me\n|move|p1b: h|Close Combat|p2b: Indigo in Blue\n|-damage|p2b: Indigo in Blue|17\/100\n|-unboost|p1b: h|def|1\n|-unboost|p1b: h|spd|1\n|move|p2a: ODDS&ENDS|Rage Fist|p1a: i\n|-immune|p1a: i\n|move|p2b: Indigo in Blue|Body Press|p1a: i\n|-damage|p1a: i|0 fnt\n|faint|p1a: i\n|\n|-fieldend|move: Psychic Terrain\n|upkeep\n|\n|t:|1683730416\n|switch|p1a: d|Dragapult, L50, F|100\/100\n|turn|7\n|c|\u2606trace|i misclicked\n|c|\u2606trace|lmao\n|c|\u2606trace|fuck\n|\n|t:|1683730433\n|move|p1b: h|Protect|p1b: h\n|-singleturn|p1b: h|Protect\n|move|p2a: ODDS&ENDS|Protect|p2a: ODDS&ENDS\n|-singleturn|p2a: ODDS&ENDS|Protect\n|move|p1a: d|Dragon Darts|p2b: Indigo in Blue\n|-resisted|p2b: Indigo in Blue\n|-damage|p2b: Indigo in Blue|9\/100\n|-anim|p1a: d|Dragon Darts|p2b: Indigo in Blue\n|-resisted|p2b: Indigo in Blue\n|-damage|p2b: Indigo in Blue|0 fnt\n|faint|p2b: Indigo in Blue\n|\n|upkeep\n|turn|8\n|\n|t:|1683730444\n|move|p1b: h|Close Combat|p2a: ODDS&ENDS\n|-supereffective|p2a: ODDS&ENDS\n|-damage|p2a: ODDS&ENDS|0 fnt\n|-unboost|p1b: h|def|1\n|-unboost|p1b: h|spd|1\n|faint|p2a: ODDS&ENDS\n|\n|win|Aldrich DL\n|l|\u2606trace\n","uploadtime":1683730448,"views":9,"p1id":"aldrichdl","p2id":"trace","formatid":"gen9vgc2023regulationc","rating":0,"private":0,"password":""}