{"id":"gen9vgc2023regulationc-1857056631","p1":"hit my whip","p2":"NicoHaxVGC","format":"[Gen 9] VGC 2023 Regulation C","log":"|j|\u2606hit my whip\n|j|\u2606NicoHaxVGC\n|t:|1683141539\n|gametype|doubles\n|player|p1|hit my whip|acetrainerf-gen4dp|1280\n|player|p2|NicoHaxVGC|red|1256\n|teamsize|p1|6\n|teamsize|p2|6\n|gen|9\n|tier|[Gen 9] VGC 2023 Regulation C\n|rated|\n|rule|Species Clause: Limit one of each Pok\u00e9mon\n|rule|Item Clause: Limit one of each item\n|clearpoke\n|poke|p1|Tyranitar, L50, F|\n|poke|p1|Houndstone, L50, F|\n|poke|p1|Flutter Mane, L50|\n|poke|p1|Gastrodon, L50, M|\n|poke|p1|Kingambit, L50, F|\n|poke|p1|Great Tusk, L50|\n|poke|p2|Corviknight, L50, F|\n|poke|p2|Ting-Lu, L50|\n|poke|p2|Annihilape, L50, M|\n|poke|p2|Maushold, L50|\n|poke|p2|Iron Bundle, L50|\n|poke|p2|Flutter Mane, L50|\n|teampreview|4\n|inactive|Battle timer is ON: inactive players will automatically lose when time's up. (requested by NicoHaxVGC)\n|inactive|hit my whip also wants the timer to be on.\n|\n|t:|1683141562\n|start\n|switch|p1a: Houndstone|Houndstone, L50, F|100\/100\n|switch|p1b: Tyranitar|Tyranitar, L50, F|100\/100\n|switch|p2a: Raven|Corviknight, L50, F|100\/100\n|switch|p2b: Cyborg|Iron Bundle, L50|100\/100\n|-weather|Sandstorm|[from] ability: Sand Stream|[of] p1b: Tyranitar\n|-enditem|p2b: Cyborg|Booster Energy\n|-activate|p2b: Cyborg|ability: Quark Drive|[fromitem]\n|-start|p2b: Cyborg|quarkdrivespe\n|turn|1\n|\n|t:|1683141575\n|-terastallize|p1b: Tyranitar|Flying\n|move|p2b: Cyborg|Icy Wind|p1a: Houndstone|[spread] p1a,p1b\n|-supereffective|p1b: Tyranitar\n|-damage|p1a: Houndstone|83\/100\n|-damage|p1b: Tyranitar|76\/100\n|-unboost|p1a: Houndstone|spe|1\n|-unboost|p1b: Tyranitar|spe|1\n|move|p1a: Houndstone|Howl|p1a: Houndstone|[spread] p1a,p1b\n|-boost|p1a: Houndstone|atk|1\n|-boost|p1b: Tyranitar|atk|1\n|move|p2a: Raven|Tailwind|p2a: Raven\n|-sidestart|p2: NicoHaxVGC|move: Tailwind\n|move|p1b: Tyranitar|Dragon Dance|p1b: Tyranitar\n|-boost|p1b: Tyranitar|atk|1\n|-boost|p1b: Tyranitar|spe|1\n|\n|-weather|Sandstorm|[upkeep]\n|-damage|p2b: Cyborg|95\/100|[from] Sandstorm\n|-damage|p1b: Tyranitar|70\/100|[from] Sandstorm\n|upkeep\n|turn|2\n|inactive|NicoHaxVGC has 30 seconds left.\n|\n|t:|1683141605\n|switch|p2a: Star fire|Flutter Mane, L50|100\/100\n|move|p2b: Cyborg|Freeze-Dry|p1b: Tyranitar\n|-supereffective|p1b: Tyranitar\n|-damage|p1b: Tyranitar|28\/100\n|move|p1a: Houndstone|Will-O-Wisp|p2a: Star fire\n|-status|p2a: Star fire|brn\n|move|p1b: Tyranitar|Rock Slide|p2b: Cyborg|[spread] p2a\n|-miss|p1b: Tyranitar|p2b: Cyborg\n|-damage|p2a: Star fire|21\/100 brn\n|\n|-weather|Sandstorm|[upkeep]\n|-damage|p2b: Cyborg|89\/100|[from] Sandstorm\n|-damage|p2a: Star fire|16\/100 brn|[from] Sandstorm\n|-damage|p1b: Tyranitar|22\/100|[from] Sandstorm\n|-damage|p2a: Star fire|10\/100 brn|[from] brn\n|upkeep\n|turn|3\n|inactive|hit my whip has 30 seconds left.\n|\n|t:|1683141634\n|move|p2b: Cyborg|Freeze-Dry|p1b: Tyranitar\n|-supereffective|p1b: Tyranitar\n|-damage|p1b: Tyranitar|0 fnt\n|faint|p1b: Tyranitar\n|move|p2a: Star fire|Shadow Ball|p1a: Houndstone\n|-supereffective|p1a: Houndstone\n|-damage|p1a: Houndstone|0 fnt\n|faint|p1a: Houndstone\n|\n|-weather|Sandstorm|[upkeep]\n|-damage|p2b: Cyborg|84\/100|[from] Sandstorm\n|-damage|p2a: Star fire|4\/100 brn|[from] Sandstorm\n|-damage|p2a: Star fire|0 fnt|[from] brn\n|faint|p2a: Star fire\n|-end|p2a: Star fire|Protosynthesis|[silent]\n|upkeep\n|\n|t:|1683141656\n|switch|p2a: Raven|Corviknight, L50, F|100\/100\n|switch|p1a: Flutter Mane|Flutter Mane, L50|100\/100\n|switch|p1b: Great Tusk|Great Tusk, L50|100\/100\n|-enditem|p1a: Flutter Mane|Booster Energy\n|-activate|p1a: Flutter Mane|ability: Protosynthesis|[fromitem]\n|-start|p1a: Flutter Mane|protosynthesisspa\n|turn|4\n|\n|t:|1683141674\n|move|p2b: Cyborg|Freeze-Dry|p1b: Great Tusk\n|-supereffective|p1b: Great Tusk\n|-damage|p1b: Great Tusk|2\/100\n|move|p1b: Great Tusk|Close Combat|p2a: Raven\n|-damage|p2a: Raven|46\/100\n|-unboost|p1b: Great Tusk|def|1\n|-unboost|p1b: Great Tusk|spd|1\n|move|p2a: Raven|Iron Head|p1a: Flutter Mane\n|-supereffective|p1a: Flutter Mane\n|-damage|p1a: Flutter Mane|15\/100\n|move|p1a: Flutter Mane|Thunderbolt|p2b: Cyborg\n|-supereffective|p2b: Cyborg\n|-damage|p2b: Cyborg|0 fnt\n|faint|p2b: Cyborg\n|-end|p2b: Cyborg|Quark Drive|[silent]\n|\n|-weather|Sandstorm|[upkeep]\n|-damage|p1a: Flutter Mane|9\/100|[from] Sandstorm\n|-sideend|p2: NicoHaxVGC|move: Tailwind\n|upkeep\n|\n|t:|1683141689\n|switch|p2b: Maushold|Maushold, L50|100\/100\n|turn|5\n|\n|t:|1683141697\n|-terastallize|p2b: Maushold|Ghost\n|move|p2b: Maushold|Follow Me|p2b: Maushold\n|-singleturn|p2b: Maushold|move: Follow Me\n|move|p1b: Great Tusk|Close Combat|p2b: Maushold\n|-immune|p2b: Maushold\n|move|p1a: Flutter Mane|Thunderbolt|p2b: Maushold\n|-damage|p2b: Maushold|65\/100\n|move|p2a: Raven|Iron Head|p1a: Flutter Mane\n|-supereffective|p1a: Flutter Mane\n|-damage|p1a: Flutter Mane|0 fnt\n|faint|p1a: Flutter Mane\n|-end|p1a: Flutter Mane|Protosynthesis|[silent]\n|\n|-weather|none\n|upkeep\n|turn|6\n|-message|hit my whip forfeited.\n|\n|win|NicoHaxVGC\n|raw|hit my whip's rating: 1280 → 1253<\/strong> (-27 for losing)\n|raw|NicoHaxVGC's rating: 1256 → 1283<\/strong> (+27 for winning)\n|l|\u2606hit my whip\n","uploadtime":1683141709,"views":14,"p1id":"hitmywhip","p2id":"nicohaxvgc","formatid":"gen9vgc2023regulationc","rating":1253,"private":0,"password":""}