{"id":"gen9vgc2023regulationc-1861198228","p1":"Mafiapony","p2":"Spler","format":"[Gen 9] VGC 2023 Regulation C","log":"|j|\u2606Mafiapony\n|j|\u2606Spler\n|t:|1683735118\n|gametype|doubles\n|player|p1|Mafiapony|265|1175\n|player|p2|Spler|102|1182\n|teamsize|p1|6\n|teamsize|p2|6\n|gen|9\n|tier|[Gen 9] VGC 2023 Regulation C\n|rated|\n|rule|Species Clause: Limit one of each Pok\u00e9mon\n|rule|Item Clause: Limit one of each item\n|clearpoke\n|poke|p1|Scream Tail, L50|\n|poke|p1|Maushold-Four, L50|\n|poke|p1|Dragapult, L50, M|\n|poke|p1|Iron Hands, L50|\n|poke|p1|Ceruledge, L50, M|\n|poke|p1|Dragonite, L50, M|\n|poke|p2|Chien-Pao, L50|\n|poke|p2|Garchomp, L50, F|\n|poke|p2|Scizor, L50, M|\n|poke|p2|Gyarados, L50, F|\n|poke|p2|Farigiraf, L50, M|\n|poke|p2|Iron Hands, L50|\n|teampreview|4\nSpler rejected open team sheets.\n|inactive|Battle timer is ON: inactive players will automatically lose when time's up. (requested by Spler)\n|\n|t:|1683735157\n|start\n|switch|p1a: Scream Tail|Scream Tail, L50|100\/100\n|switch|p1b: Maushold|Maushold-Four, L50|100\/100\n|switch|p2a: Chien-Pao|Chien-Pao, L50|100\/100\n|switch|p2b: Scizor|Scizor, L50, M|100\/100\n|-ability|p2a: Chien-Pao|Sword of Ruin\n|-enditem|p1a: Scream Tail|Booster Energy\n|-activate|p1a: Scream Tail|ability: Protosynthesis|[fromitem]\n|-start|p1a: Scream Tail|protosynthesisspe\n|turn|1\n|inactive|Mafiapony has 30 seconds left.\n|\n|t:|1683735189\n|-terastallize|p1b: Maushold|Normal\n|move|p2b: Scizor|Bullet Punch|p1a: Scream Tail\n|-supereffective|p1a: Scream Tail\n|-damage|p1a: Scream Tail|31\/100\n|move|p1a: Scream Tail|Howl|p1a: Scream Tail|[spread] p1a,p1b\n|-boost|p1a: Scream Tail|atk|1\n|-boost|p1b: Maushold|atk|1\n|move|p2a: Chien-Pao|Ice Spinner|p1b: Maushold\n|-crit|p1b: Maushold\n|-damage|p1b: Maushold|0 fnt\n|faint|p1b: Maushold\n|\n|upkeep\n|\n|t:|1683735208\n|switch|p1b: Iron Hands|Iron Hands, L50|100\/100\n|turn|2\n|\n|t:|1683735215\n|move|p2a: Chien-Pao|Protect|p2a: Chien-Pao\n|-singleturn|p2a: Chien-Pao|Protect\n|move|p1b: Iron Hands|Fake Out|p2b: Scizor\n|-resisted|p2b: Scizor\n|-damage|p2b: Scizor|90\/100\n|cant|p2b: Scizor|flinch\n|move|p1a: Scream Tail|Baton Pass|p1a: Scream Tail\n|\n|t:|1683735223\n|-end|p1a: Scream Tail|Protosynthesis|[silent]\n|switch|p1a: Dragonite|Dragonite, L50, M|100\/100|[from] Baton Pass\n|\n|upkeep\n|turn|3\n|\n|t:|1683735243\n|move|p1a: Dragonite|Protect|p1a: Dragonite\n|-singleturn|p1a: Dragonite|Protect\n|move|p2b: Scizor|Bullet Punch|p1a: Dragonite\n|-activate|p1a: Dragonite|move: Protect\n|move|p2a: Chien-Pao|Ice Spinner|p1a: Dragonite\n|-activate|p1a: Dragonite|move: Protect\n|move|p1b: Iron Hands|Drain Punch|p2a: Chien-Pao\n|-supereffective|p2a: Chien-Pao\n|-enditem|p2a: Chien-Pao|Focus Sash\n|-damage|p2a: Chien-Pao|1\/100\n|\n|upkeep\n|turn|4\n|inactive|Mafiapony has 30 seconds left.\n|inactive|Mafiapony has 20 seconds left.\n|\n|t:|1683735281\n|-end|p1b: Iron Hands|Quark Drive|[silent]\n|switch|p1b: Scream Tail|Scream Tail, L50|31\/100\n|move|p1a: Dragonite|Extreme Speed|p2a: Chien-Pao\n|-damage|p2a: Chien-Pao|0 fnt\n|faint|p2a: Chien-Pao\n|move|p2b: Scizor|Bullet Punch|p1a: Dragonite\n|-damage|p1a: Dragonite|78\/100\n|\n|upkeep\n|\n|t:|1683735296\n|switch|p2a: Iron Hands|Iron Hands, L50|100\/100\n|turn|5\n|\n|t:|1683735303\n|move|p1a: Dragonite|Protect|p1a: Dragonite\n|-singleturn|p1a: Dragonite|Protect\n|move|p2a: Iron Hands|Fake Out|p1a: Dragonite\n|-activate|p1a: Dragonite|move: Protect\n|move|p2b: Scizor|Bullet Punch|p1b: Scream Tail\n|-supereffective|p1b: Scream Tail\n|-damage|p1b: Scream Tail|0 fnt\n|faint|p1b: Scream Tail\n|-end|p1b: Scream Tail|Protosynthesis|[silent]\n|\n|upkeep\n|\n|t:|1683735312\n|switch|p1b: Iron Hands|Iron Hands, L50|100\/100\n|turn|6\n|\n|t:|1683735333\n|move|p1b: Iron Hands|Fake Out|p2a: Iron Hands\n|-damage|p2a: Iron Hands|89\/100\n|move|p2b: Scizor|Bullet Punch|p1a: Dragonite\n|-damage|p1a: Dragonite|32\/100\n|-enditem|p1a: Dragonite|Sitrus Berry|[eat]\n|-heal|p1a: Dragonite|57\/100|[from] item: Sitrus Berry\n|move|p1a: Dragonite|Iron Head|p2a: Iron Hands\n|-resisted|p2a: Iron Hands\n|-damage|p2a: Iron Hands|76\/100\n|cant|p2a: Iron Hands|flinch\n|\n|upkeep\n|turn|7\n|\n|t:|1683735356\n|move|p1a: Dragonite|Protect|p1a: Dragonite\n|-singleturn|p1a: Dragonite|Protect\n|move|p2b: Scizor|Bullet Punch|p1a: Dragonite\n|-activate|p1a: Dragonite|move: Protect\n|move|p1b: Iron Hands|Drain Punch|p2a: Iron Hands\n|-damage|p2a: Iron Hands|43\/100\n|move|p2a: Iron Hands|Thunder Punch|p1a: Dragonite\n|-activate|p1a: Dragonite|move: Protect\n|\n|upkeep\n|turn|8\n|\n|t:|1683735371\n|move|p1a: Dragonite|Extreme Speed|p2a: Iron Hands\n|-damage|p2a: Iron Hands|17\/100\n|move|p2b: Scizor|Bullet Punch|p1a: Dragonite\n|-damage|p1a: Dragonite|17\/100\n|move|p1b: Iron Hands|Drain Punch|p2a: Iron Hands\n|-damage|p2a: Iron Hands|0 fnt\n|faint|p2a: Iron Hands\n|-end|p2a: Iron Hands|Quark Drive|[silent]\n|\n|upkeep\n|\n|t:|1683735381\n|switch|p2a: Garchomp|Garchomp, L50, F|100\/100\n|turn|9\n|\n|t:|1683735400\n|-terastallize|p2a: Garchomp|Ground\n|move|p1a: Dragonite|Extreme Speed|p2a: Garchomp\n|-damage|p2a: Garchomp|64\/100\n|-damage|p1a: Dragonite|5\/100|[from] ability: Rough Skin|[of] p2a: Garchomp\n|move|p2b: Scizor|Bullet Punch|p1a: Dragonite\n|-damage|p1a: Dragonite|0 fnt\n|faint|p1a: Dragonite\n|move|p2a: Garchomp|Stomping Tantrum|p1b: Iron Hands\n|-supereffective|p1b: Iron Hands\n|-damage|p1b: Iron Hands|28\/100\n|move|p1b: Iron Hands|Drain Punch|p2a: Garchomp\n|-damage|p2a: Garchomp|19\/100\n|-heal|p1b: Iron Hands|46\/100|[from] drain|[of] p2a: Garchomp\n|-damage|p1b: Iron Hands|34\/100|[from] ability: Rough Skin|[of] p2a: Garchomp\n|\n|upkeep\n|turn|10\n|\n|t:|1683735422\n|move|p2b: Scizor|Bullet Punch|p1b: Iron Hands\n|-resisted|p1b: Iron Hands\n|-damage|p1b: Iron Hands|17\/100\n|move|p2a: Garchomp|Stomping Tantrum|p1b: Iron Hands\n|-supereffective|p1b: Iron Hands\n|-damage|p1b: Iron Hands|0 fnt\n|faint|p1b: Iron Hands\n|-end|p1b: Iron Hands|Quark Drive|[silent]\n|\n|win|Spler\n|raw|Mafiapony's rating: 1175 → 1151<\/strong> (-24 for losing)\n|raw|Spler's rating: 1182 → 1206<\/strong> (+24 for winning)\n|l|\u2606Mafiapony\n","uploadtime":1683735432,"views":8,"p1id":"mafiapony","p2id":"spler","formatid":"gen9vgc2023regulationc","rating":1151,"private":0,"password":""}