{"id":"gen9vgc2023regulationc-1855150813","p1":"BananaBroSHSID","p2":"Clicky-Clacky","format":"[Gen 9] VGC 2023 Regulation C","log":"|j|\u2606BananaBroSHSID\n|j|\u2606Clicky-Clacky\n|t:|1682907510\n|gametype|doubles\n|player|p1|BananaBroSHSID|unknown|1169\n|player|p2|Clicky-Clacky|170|1077\n|teamsize|p1|6\n|teamsize|p2|6\n|gen|9\n|tier|[Gen 9] VGC 2023 Regulation C\n|rated|\n|rule|Species Clause: Limit one of each Pok\u00e9mon\n|rule|Item Clause: Limit one of each item\n|clearpoke\n|poke|p1|Flutter Mane, L50|\n|poke|p1|Amoonguss, L50, M|\n|poke|p1|Palafin, L50, M|\n|poke|p1|Chi-Yu, L50|\n|poke|p1|Iron Bundle, L50|\n|poke|p1|Dragonite, L50, M|\n|poke|p2|Torkoal, L50, F|\n|poke|p2|Jumpluff, L50, F|\n|poke|p2|Flutter Mane, L50|\n|poke|p2|Great Tusk, L50|\n|poke|p2|Chi-Yu, L50|\n|poke|p2|Chien-Pao, L50|\n|teampreview|4\n|inactive|Battle timer is ON: inactive players will automatically lose when time's up. (requested by BananaBroSHSID)\nBananaBroSHSID has agreed to open team sheets.\nClicky-Clacky rejected open team sheets.\n|\n|t:|1682907540\n|start\n|switch|p1a: Flutter Mane|Flutter Mane, L50|100\/100\n|switch|p1b: Palafin|Palafin, L50, M|100\/100\n|switch|p2a: Torkoal|Torkoal, L50, F|100\/100\n|switch|p2b: Jumpluff|Jumpluff, L50, F|100\/100\n|-weather|SunnyDay|[from] ability: Drought|[of] p2a: Torkoal\n|-activate|p1a: Flutter Mane|ability: Protosynthesis\n|-start|p1a: Flutter Mane|protosynthesisspe\n|turn|1\n|inactive|BananaBroSHSID has 30 seconds left.\n|inactive|Clicky-Clacky has 30 seconds left.\n|inactive|Clicky-Clacky has 20 seconds left.\n|\n|t:|1682907576\n|move|p1b: Palafin|Protect|p1b: Palafin\n|-singleturn|p1b: Palafin|Protect\n|move|p2b: Jumpluff|Sleep Powder|p1a: Flutter Mane\n|-status|p1a: Flutter Mane|slp|[from] move: Sleep Powder\n|cant|p1a: Flutter Mane|slp\n|move|p2a: Torkoal|Yawn|p1b: Palafin\n|-activate|p1b: Palafin|move: Protect\n|\n|-weather|SunnyDay|[upkeep]\n|upkeep\n|turn|2\n|\n|t:|1682907596\n|move|p1b: Palafin|Jet Punch|p2a: Torkoal\n|-supereffective|p2a: Torkoal\n|-damage|p2a: Torkoal|80\/100\n|move|p2b: Jumpluff|Tailwind|p2b: Jumpluff\n|-sidestart|p2: Clicky-Clacky|move: Tailwind\n|-curestatus|p1a: Flutter Mane|slp|[msg]\n|move|p1a: Flutter Mane|Power Gem|p2b: Jumpluff\n|-supereffective|p2b: Jumpluff\n|-damage|p2b: Jumpluff|5\/100\n|move|p2a: Torkoal|Yawn|p1b: Palafin\n|-start|p1b: Palafin|move: Yawn|[of] p2a: Torkoal\n|\n|-weather|SunnyDay|[upkeep]\n|upkeep\n|turn|3\n|\n|t:|1682907616\n|switch|p2b: Chi-Yu|Chi-Yu, L50|100\/100\n|-ability|p2b: Chi-Yu|Beads of Ruin\n|move|p2a: Torkoal|Protect|p2a: Torkoal\n|-singleturn|p2a: Torkoal|Protect\n|move|p1b: Palafin|Jet Punch|p2b: Chi-Yu\n|-supereffective|p2b: Chi-Yu\n|-damage|p2b: Chi-Yu|62\/100\n|move|p1a: Flutter Mane|Power Gem|p2a: Torkoal\n|-activate|p2a: Torkoal|move: Protect\n|\n|-weather|SunnyDay|[upkeep]\n|-end|p1b: Palafin|move: Yawn|[silent]\n|-status|p1b: Palafin|slp\n|upkeep\n|turn|4\n|\n|t:|1682907638\n|detailschange|p1b: Palafin|Palafin-Hero, L50, M\n|switch|p1b: Iron Bundle|Iron Bundle, L50|100\/100\n|-enditem|p1b: Iron Bundle|Booster Energy\n|-activate|p1b: Iron Bundle|ability: Quark Drive|[fromitem]\n|-start|p1b: Iron Bundle|quarkdrivespe\n|move|p2a: Torkoal|Helping Hand|p2b: Chi-Yu\n|-singleturn|p2b: Chi-Yu|Helping Hand|[of] p2a: Torkoal\n|move|p2b: Chi-Yu|Heat Wave|p1b: Iron Bundle|[spread] p1a,p1b\n|-damage|p1a: Flutter Mane|0 fnt\n|-damage|p1b: Iron Bundle|0 fnt\n|faint|p1a: Flutter Mane\n|-end|p1a: Flutter Mane|Protosynthesis|[silent]\n|faint|p1b: Iron Bundle\n|-end|p1b: Iron Bundle|Quark Drive|[silent]\n|-damage|p2b: Chi-Yu|52\/100|[from] item: Life Orb\n|\n|-weather|SunnyDay|[upkeep]\n|upkeep\n|\n|t:|1682907653\n|switch|p1b: Palafin|Palafin-Hero, L50, M|100\/100 slp\n|switch|p1a: Chi-Yu|Chi-Yu, L50|100\/100\n|-ability|p1a: Chi-Yu|Beads of Ruin\n|-activate|p1b: Palafin|ability: Zero to Hero\n|turn|5\n|\n|t:|1682907677\n|move|p2b: Chi-Yu|Protect|p2b: Chi-Yu\n|-singleturn|p2b: Chi-Yu|Protect\n|cant|p1b: Palafin|slp\n|move|p1a: Chi-Yu|Heat Wave|p2b: Chi-Yu|[spread] p2a\n|-activate|p2b: Chi-Yu|move: Protect\n|-resisted|p2a: Torkoal\n|-damage|p2a: Torkoal|41\/100\n|move|p2a: Torkoal|Yawn|p1a: Chi-Yu\n|-start|p1a: Chi-Yu|move: Yawn|[of] p2a: Torkoal\n|\n|-weather|none\n|-sideend|p2: Clicky-Clacky|move: Tailwind\n|upkeep\n|turn|6\n|\n|t:|1682907696\n|move|p2a: Torkoal|Protect|p2a: Torkoal\n|-singleturn|p2a: Torkoal|Protect\n|move|p1a: Chi-Yu|Heat Wave|p2a: Torkoal|[spread] p2b\n|-activate|p2a: Torkoal|move: Protect\n|-resisted|p2b: Chi-Yu\n|-damage|p2b: Chi-Yu|30\/100\n|cant|p1b: Palafin|slp\n|move|p2b: Chi-Yu|Heat Wave|p1b: Palafin|[spread] p1a,p1b\n|-resisted|p1a: Chi-Yu\n|-resisted|p1b: Palafin\n|-damage|p1a: Chi-Yu|74\/100\n|-damage|p1b: Palafin|65\/100 slp\n|-damage|p2b: Chi-Yu|20\/100|[from] item: Life Orb\n|\n|-end|p1a: Chi-Yu|move: Yawn|[silent]\n|-status|p1a: Chi-Yu|slp\n|upkeep\n|turn|7\n|\n|t:|1682907709\n|move|p2a: Torkoal|Helping Hand|p2b: Chi-Yu\n|-singleturn|p2b: Chi-Yu|Helping Hand|[of] p2a: Torkoal\n|cant|p1b: Palafin|slp\n|cant|p1a: Chi-Yu|slp\n|move|p2b: Chi-Yu|Heat Wave|p1a: Chi-Yu|[spread] p1a\n|-miss|p2b: Chi-Yu|p1b: Palafin\n|-resisted|p1a: Chi-Yu\n|-damage|p1a: Chi-Yu|29\/100 slp\n|-damage|p2b: Chi-Yu|10\/100|[from] item: Life Orb\n|\n|upkeep\n|turn|8\n|\n|t:|1682907728\n|move|p2b: Chi-Yu|Protect|p2b: Chi-Yu\n|-singleturn|p2b: Chi-Yu|Protect\n|-curestatus|p1b: Palafin|slp|[msg]\n|move|p1b: Palafin|Jet Punch|p2b: Chi-Yu\n|-activate|p2b: Chi-Yu|move: Protect\n|cant|p1a: Chi-Yu|slp\n|move|p2a: Torkoal|Overheat|p1a: Chi-Yu\n|-resisted|p1a: Chi-Yu\n|-damage|p1a: Chi-Yu|7\/100 slp\n|-unboost|p2a: Torkoal|spa|2\n|-enditem|p2a: Torkoal|Eject Pack\n|\n|t:|1682907738\n|switch|p2a: Flutter Mane|Flutter Mane, L50|100\/100\n|\n|upkeep\n|turn|9\n|\n|t:|1682907747\n|switch|p2b: Torkoal|Torkoal, L50, F|41\/100\n|-weather|SunnyDay|[from] ability: Drought|[of] p2b: Torkoal\n|-activate|p2a: Flutter Mane|ability: Protosynthesis\n|-start|p2a: Flutter Mane|protosynthesisspe\n|move|p1b: Palafin|Jet Punch|p2b: Torkoal\n|-supereffective|p2b: Torkoal\n|-damage|p2b: Torkoal|11\/100\n|move|p2a: Flutter Mane|Dazzling Gleam|p1a: Chi-Yu|[spread] p1a,p1b\n|-damage|p1a: Chi-Yu|0 fnt\n|-damage|p1b: Palafin|0 fnt\n|faint|p1a: Chi-Yu\n|faint|p1b: Palafin\n|\n|win|Clicky-Clacky\n|raw|BananaBroSHSID's rating: 1169 → 1138<\/strong> (-31 for losing)\n|raw|Clicky-Clacky's rating: 1077 → 1113<\/strong> (+36 for winning)\n|l|\u2606BananaBroSHSID\n","uploadtime":1682907769,"views":15,"p1id":"bananabroshsid","p2id":"clickyclacky","formatid":"gen9vgc2023regulationc","rating":1113,"private":0,"password":""}