{"id":"gen9vgc2023regulationc-1853139005","p1":"Shnipe_Cizy","p2":"Hugs Kryptonite","format":"[Gen 9] VGC 2023 Regulation C","log":"|j|\u2606Shnipe_Cizy\n|j|\u2606Hugs Kryptonite\n|t:|1682639907\n|gametype|doubles\n|player|p1|Shnipe_Cizy|lance|1149\n|player|p2|Hugs Kryptonite|169|1153\n|teamsize|p1|6\n|teamsize|p2|6\n|gen|9\n|tier|[Gen 9] VGC 2023 Regulation C\n|rated|\n|rule|Species Clause: Limit one of each Pok\u00e9mon\n|rule|Item Clause: Limit one of each item\n|clearpoke\n|poke|p1|Dragonite, L50, F|\n|poke|p1|Palafin, L50, F|\n|poke|p1|Amoonguss, L50, M|\n|poke|p1|Iron Hands, L50|\n|poke|p1|Chien-Pao, L50|\n|poke|p1|Flutter Mane, L50|\n|poke|p2|Dragonite, L50, M|\n|poke|p2|Palafin, L50, F|\n|poke|p2|Haxorus, L50, F|\n|poke|p2|Pelipper, L50, M|\n|poke|p2|Wo-Chien, L50|\n|poke|p2|Iron Bundle, L50|\n|teampreview|4\n|inactive|Battle timer is ON: inactive players will automatically lose when time's up. (requested by Shnipe_Cizy)\nShnipe_Cizy has agreed to open team sheets.\n|inactive|Hugs Kryptonite has 60 seconds left.\n|l|\u2606Shnipe_Cizy\n|inactive|Shnipe_Cizy disconnected and has a minute to reconnect!\n|player|p1|\n|j|\u2606Shnipe_Cizy\n|inactive|Shnipe_Cizy reconnected.\n|player|p1|Shnipe_Cizy|lance\n|inactive|Hugs Kryptonite has 30 seconds left.\n|\n|t:|1682639975\n|start\n|switch|p1a: Dragonite|Dragonite, L50, F|100\/100\n|switch|p1b: Palafin|Palafin, L50, F|100\/100\n|switch|p2a: Dragonite|Dragonite, L50, M|100\/100\n|switch|p2b: Iron Bundle|Iron Bundle, L50|100\/100\n|-enditem|p2b: Iron Bundle|Booster Energy\n|-activate|p2b: Iron Bundle|ability: Quark Drive|[fromitem]\n|-start|p2b: Iron Bundle|quarkdrivespe\n|turn|1\n|\n|t:|1682639991\n|detailschange|p1b: Palafin|Palafin-Hero, L50, F\n|switch|p1b: Flutter Mane|Flutter Mane, L50|100\/100\n|-enditem|p1b: Flutter Mane|Booster Energy\n|-activate|p1b: Flutter Mane|ability: Protosynthesis|[fromitem]\n|-start|p1b: Flutter Mane|protosynthesisspa\n|-terastallize|p1a: Dragonite|Normal\n|move|p1a: Dragonite|Extreme Speed|p2b: Iron Bundle\n|-damage|p2b: Iron Bundle|18\/100\n|move|p2b: Iron Bundle|Freeze-Dry|p1a: Dragonite\n|-damage|p1a: Dragonite|69\/100\n|-status|p1a: Dragonite|frz\n|move|p2a: Dragonite|Tailwind|p2a: Dragonite\n|-sidestart|p2: Hugs Kryptonite|move: Tailwind\n|\n|upkeep\n|turn|2\n|\n|t:|1682640009\n|move|p2b: Iron Bundle|Protect|p2b: Iron Bundle\n|-singleturn|p2b: Iron Bundle|Protect\n|cant|p1a: Dragonite|frz\n|move|p2a: Dragonite|Iron Head|p1b: Flutter Mane\n|-supereffective|p1b: Flutter Mane\n|-damage|p1b: Flutter Mane|3\/100\n|cant|p1b: Flutter Mane|flinch\n|\n|upkeep\n|turn|3\n|inactive|Hugs Kryptonite has 30 seconds left.\n|\n|t:|1682640043\n|-curestatus|p1a: Dragonite|frz|[msg]\n|move|p1a: Dragonite|Extreme Speed|p2b: Iron Bundle\n|-damage|p2b: Iron Bundle|0 fnt\n|faint|p2b: Iron Bundle\n|-end|p2b: Iron Bundle|Quark Drive|[silent]\n|move|p2a: Dragonite|Iron Head|p1a: Dragonite\n|-damage|p1a: Dragonite|39\/100\n|move|p1b: Flutter Mane|Dazzling Gleam|p2a: Dragonite\n|-supereffective|p2a: Dragonite\n|-damage|p2a: Dragonite|50\/100\n|\n|upkeep\n|\n|t:|1682640054\n|switch|p2b: Pelipper|Pelipper, L50, M|100\/100\n|-weather|RainDance|[from] ability: Drizzle|[of] p2b: Pelipper\n|turn|4\n|\n|t:|1682640075\n|-terastallize|p2a: Dragonite|Steel\n|move|p1b: Flutter Mane|Protect|p1b: Flutter Mane\n|-singleturn|p1b: Flutter Mane|Protect\n|move|p2b: Pelipper|Wide Guard|p2b: Pelipper\n|-singleturn|p2b: Pelipper|Wide Guard\n|move|p1a: Dragonite|Extreme Speed|p2a: Dragonite\n|-resisted|p2a: Dragonite\n|-damage|p2a: Dragonite|17\/100\n|move|p2a: Dragonite|Iron Head|p1a: Dragonite\n|-damage|p1a: Dragonite|0 fnt\n|faint|p1a: Dragonite\n|\n|-weather|RainDance|[upkeep]\n|-sideend|p2: Hugs Kryptonite|move: Tailwind\n|upkeep\n|\n|t:|1682640086\n|switch|p1a: Palafin|Palafin-Hero, L50, F|100\/100\n|-activate|p1a: Palafin|ability: Zero to Hero\n|turn|5\n|\n|t:|1682640102\n|move|p2a: Dragonite|Protect|p2a: Dragonite\n|-singleturn|p2a: Dragonite|Protect\n|move|p1a: Palafin|Jet Punch|p2a: Dragonite\n|-activate|p2a: Dragonite|move: Protect\n|move|p1b: Flutter Mane|Moonblast|p2b: Pelipper\n|-damage|p2b: Pelipper|0 fnt\n|faint|p2b: Pelipper\n|\n|-weather|RainDance|[upkeep]\n|upkeep\n|\n|t:|1682640109\n|switch|p2b: Palafin|Palafin, L50, F|100\/100\n|turn|6\n|\n|t:|1682640117\n|move|p2a: Dragonite|Extreme Speed|p1a: Palafin\n|-damage|p1a: Palafin|74\/100\n|move|p2b: Palafin|Jet Punch|p1b: Flutter Mane\n|-damage|p1b: Flutter Mane|0 fnt\n|faint|p1b: Flutter Mane\n|-end|p1b: Flutter Mane|Protosynthesis|[silent]\n|-damage|p2b: Palafin|91\/100|[from] item: Life Orb\n|move|p1a: Palafin|Jet Punch|p2a: Dragonite\n|-damage|p2a: Dragonite|0 fnt\n|faint|p2a: Dragonite\n|\n|-weather|RainDance|[upkeep]\n|upkeep\n|\n|t:|1682640123\n|switch|p1b: Chien-Pao|Chien-Pao, L50|100\/100\n|-ability|p1b: Chien-Pao|Sword of Ruin\n|turn|7\n|\n|t:|1682640132\n|move|p1b: Chien-Pao|Sucker Punch|p2b: Palafin\n|-damage|p2b: Palafin|32\/100\n|move|p1a: Palafin|Jet Punch|p2b: Palafin\n|-resisted|p2b: Palafin\n|-damage|p2b: Palafin|0 fnt\n|faint|p2b: Palafin\n|\n|win|Shnipe_Cizy\n|raw|Shnipe_Cizy's rating: 1149 → 1174<\/strong> (+25 for winning)\n|raw|Hugs Kryptonite's rating: 1153 → 1128<\/strong> (-25 for losing)\n|l|\u2606Hugs Kryptonite\n","uploadtime":1682640143,"views":8,"p1id":"shnipecizy","p2id":"hugskryptonite","formatid":"gen9vgc2023regulationc","rating":1128,"private":0,"password":""}