{"id":"gen9vgc2023regulationc-1855081896","p1":"imtesingmybestteam","p2":"Clicky-Clacky","format":"[Gen 9] VGC 2023 Regulation C","log":"|j|\u2606imtesingmybestteam\n|j|\u2606Clicky-Clacky\n|t:|1682899062\n|gametype|doubles\n|player|p1|imtesingmybestteam|red|1026\n|player|p2|Clicky-Clacky|170|1062\n|teamsize|p1|6\n|teamsize|p2|6\n|gen|9\n|tier|[Gen 9] VGC 2023 Regulation C\n|rated|\n|rule|Species Clause: Limit one of each Pok\u00e9mon\n|rule|Item Clause: Limit one of each item\n|clearpoke\n|poke|p1|Dondozo, L50, M|\n|poke|p1|Tatsugiri, L50, M|\n|poke|p1|Zorua, L50, M|\n|poke|p1|Vigoroth, L50, M|\n|poke|p1|Indeedee, L50, M|\n|poke|p1|Gholdengo, L50|\n|poke|p2|Torkoal, L50, F|\n|poke|p2|Jumpluff, L50, M|\n|poke|p2|Flutter Mane, L50|\n|poke|p2|Great Tusk, L50|\n|poke|p2|Chi-Yu, L50|\n|poke|p2|Chien-Pao, L50|\n|teampreview|4\n|inactive|Battle timer is ON: inactive players will automatically lose when time's up. (requested by imtesingmybestteam)\n|\n|t:|1682899084\n|start\n|switch|p1a: Dondozo|Dondozo, L50, M, shiny|100\/100\n|switch|p1b: Tatsugiri|Tatsugiri, L50, M, shiny|100\/100\n|switch|p2a: Torkoal|Torkoal, L50, F|100\/100\n|switch|p2b: Jumpluff|Jumpluff, L50, M|100\/100\n|-activate|p1b: Tatsugiri|ability: Commander|[of] p1a: Dondozo\n|-boost|p1a: Dondozo|atk|2\n|-boost|p1a: Dondozo|spa|2\n|-boost|p1a: Dondozo|spe|2\n|-boost|p1a: Dondozo|def|2\n|-boost|p1a: Dondozo|spd|2\n|-weather|SunnyDay|[from] ability: Drought|[of] p2a: Torkoal\n|turn|1\n|\n|t:|1682899104\n|move|p2b: Jumpluff|Tailwind|p2b: Jumpluff\n|-sidestart|p2: Clicky-Clacky|move: Tailwind\n|move|p1a: Dondozo|Order Up|p1b: Tatsugiri|[miss]\n|-miss|p1a: Dondozo|p1b: Tatsugiri\n|move|p2a: Torkoal|Yawn|p1a: Dondozo\n|-start|p1a: Dondozo|move: Yawn|[of] p2a: Torkoal\n|\n|-weather|SunnyDay|[upkeep]\n|upkeep\n|turn|2\n|\n|t:|1682899118\n|move|p2a: Torkoal|Protect|p2a: Torkoal\n|-singleturn|p2a: Torkoal|Protect\n|move|p2b: Jumpluff|Sleep Powder|p1b: Tatsugiri|[miss]\n|-miss|p2b: Jumpluff|p1b: Tatsugiri\n|move|p1a: Dondozo|Earthquake|p2a: Torkoal|[spread] \n|-miss|p1a: Dondozo|p1b: Tatsugiri\n|-activate|p2a: Torkoal|move: Protect\n|-immune|p2b: Jumpluff\n|\n|-weather|SunnyDay|[upkeep]\n|-end|p1a: Dondozo|move: Yawn|[silent]\n|-status|p1a: Dondozo|slp\n|upkeep\n|turn|3\n|inactive|Clicky-Clacky has 30 seconds left.\n|\n|t:|1682899149\n|switch|p2a: Chi-Yu|Chi-Yu, L50|100\/100\n|-ability|p2a: Chi-Yu|Beads of Ruin\n|move|p2b: Jumpluff|Sleep Powder|p1b: Tatsugiri|[miss]\n|-miss|p2b: Jumpluff|p1b: Tatsugiri\n|cant|p1a: Dondozo|slp\n|\n|-weather|SunnyDay|[upkeep]\n|upkeep\n|turn|4\n|inactive|Clicky-Clacky has 30 seconds left.\n|\n|t:|1682899178\n|move|p2b: Jumpluff|Leaf Storm|p1a: Dondozo\n|-supereffective|p1a: Dondozo\n|-damage|p1a: Dondozo|71\/100 slp\n|-unboost|p2b: Jumpluff|spa|2\n|move|p2a: Chi-Yu|Heat Wave|p1b: Tatsugiri|[spread] p1a\n|-miss|p2a: Chi-Yu|p1b: Tatsugiri\n|-resisted|p1a: Dondozo\n|-damage|p1a: Dondozo|49\/100 slp\n|-damage|p2a: Chi-Yu|90\/100|[from] item: Life Orb\n|cant|p1a: Dondozo|slp\n|\n|-weather|SunnyDay|[upkeep]\n|-sideend|p2: Clicky-Clacky|move: Tailwind\n|upkeep\n|turn|5\n|\n|t:|1682899193\n|move|p2b: Jumpluff|Sleep Powder|p1b: Tatsugiri|[miss]\n|-miss|p2b: Jumpluff|p1b: Tatsugiri\n|-curestatus|p1a: Dondozo|slp|[msg]\n|move|p1a: Dondozo|Outrage|p2a: Chi-Yu\n|-damage|p2a: Chi-Yu|0 fnt\n|faint|p2a: Chi-Yu\n|-damage|p1a: Dondozo|40\/100|[from] item: Life Orb\n|\n|-weather|none\n|upkeep\n|\n|t:|1682899201\n|switch|p2a: Flutter Mane|Flutter Mane, L50|100\/100\n|turn|6\n|\n|t:|1682899211\n|move|p2a: Flutter Mane|Dazzling Gleam|p1a: Dondozo|[spread] p1a\n|-miss|p2a: Flutter Mane|p1b: Tatsugiri\n|-damage|p1a: Dondozo|20\/100\n|move|p1a: Dondozo|Outrage|p2a: Flutter Mane|[from]lockedmove\n|-immune|p2a: Flutter Mane\n|-start|p1a: Dondozo|confusion|[fatigue]\n|move|p2b: Jumpluff|Sleep Powder|p1b: Tatsugiri|[miss]\n|-miss|p2b: Jumpluff|p1b: Tatsugiri\n|\n|upkeep\n|turn|7\n|\n|t:|1682899230\n|move|p2a: Flutter Mane|Dazzling Gleam|p1b: Tatsugiri|[spread] p1a\n|-miss|p2a: Flutter Mane|p1b: Tatsugiri\n|-damage|p1a: Dondozo|1\/100\n|-activate|p1a: Dondozo|confusion\n|move|p1a: Dondozo|Earthquake|p2a: Flutter Mane|[spread] p2a\n|-miss|p1a: Dondozo|p1b: Tatsugiri\n|-immune|p2b: Jumpluff\n|-damage|p2a: Flutter Mane|28\/100\n|-damage|p1a: Dondozo|0 fnt|[from] item: Life Orb\n|faint|p1a: Dondozo\n|move|p2b: Jumpluff|Sleep Powder|p1b: Tatsugiri\n|-status|p1b: Tatsugiri|slp|[from] move: Sleep Powder\n|\n|upkeep\n|\n|t:|1682899243\n|switch|p1a: Gholdengo|Gholdengo, L50|100\/100\n|turn|8\n|\n|t:|1682899260\n|cant|p1b: Tatsugiri|slp\n|move|p2a: Flutter Mane|Dazzling Gleam|p1a: Gholdengo|[spread] p1a,p1b\n|-resisted|p1a: Gholdengo\n|-supereffective|p1b: Tatsugiri\n|-damage|p1a: Gholdengo|73\/100\n|-enditem|p1b: Tatsugiri|Focus Sash\n|-damage|p1b: Tatsugiri|1\/100 slp\n|move|p2b: Jumpluff|Tailwind|p2b: Jumpluff\n|-sidestart|p2: Clicky-Clacky|move: Tailwind\n|move|p1a: Gholdengo|Make It Rain|p2a: Flutter Mane|[spread] p2a,p2b\n|-supereffective|p2a: Flutter Mane\n|-crit|p2a: Flutter Mane\n|-damage|p2a: Flutter Mane|0 fnt\n|-damage|p2b: Jumpluff|57\/100\n|-unboost|p1a: Gholdengo|spa|1\n|faint|p2a: Flutter Mane\n|-end|p2a: Flutter Mane|Protosynthesis|[silent]\n|\n|upkeep\n|\n|t:|1682899273\n|switch|p2a: Torkoal|Torkoal, L50, F|100\/100\n|-weather|SunnyDay|[from] ability: Drought|[of] p2a: Torkoal\n|turn|9\n|\n|t:|1682899296\n|-terastallize|p1a: Gholdengo|Steel\n|-curestatus|p1b: Tatsugiri|slp|[msg]\n|move|p1b: Tatsugiri|Protect|p1b: Tatsugiri\n|-singleturn|p1b: Tatsugiri|Protect\n|move|p2b: Jumpluff|Leaf Storm|p1b: Tatsugiri\n|-activate|p1b: Tatsugiri|move: Protect\n|move|p1a: Gholdengo|Make It Rain|p2a: Torkoal|[spread] p2a,p2b\n|-resisted|p2a: Torkoal\n|-damage|p2a: Torkoal|82\/100\n|-damage|p2b: Jumpluff|24\/100\n|-unboost|p1a: Gholdengo|spa|1\n|move|p2a: Torkoal|Overheat|p1a: Gholdengo\n|-supereffective|p1a: Gholdengo\n|-damage|p1a: Gholdengo|0 fnt\n|-unboost|p2a: Torkoal|spa|2\n|faint|p1a: Gholdengo\n|\n|-weather|SunnyDay|[upkeep]\n|upkeep\n|\n|t:|1682899316\n|switch|p1a: Indeedee|Indeedee, L50, M, shiny|100\/100\n|-fieldstart|move: Psychic Terrain|[from] ability: Psychic Surge|[of] p1a: Indeedee\n|-item|p1a: Indeedee|Air Balloon\n|turn|10\n|\n|t:|1682899332\n|move|p2b: Jumpluff|Leaf Storm|p1b: Tatsugiri\n|-damage|p1b: Tatsugiri|0 fnt\n|-unboost|p2b: Jumpluff|spa|2\n|faint|p1b: Tatsugiri\n|move|p2a: Torkoal|Overheat|p1a: Indeedee|[miss]\n|-miss|p2a: Torkoal|p1a: Indeedee\n|move|p1a: Indeedee|Trick Room|p1a: Indeedee\n|-fieldstart|move: Trick Room|[of] p1a: Indeedee\n|\n|-weather|SunnyDay|[upkeep]\n|upkeep\n|turn|11\n|\n|t:|1682899347\n|move|p2a: Torkoal|Protect|p2a: Torkoal\n|-singleturn|p2a: Torkoal|Protect\n|move|p1a: Indeedee|Dazzling Gleam|p2a: Torkoal|[spread] p2b\n|-activate|p2a: Torkoal|move: Protect\n|-damage|p2b: Jumpluff|9\/100\n|move|p2b: Jumpluff|Leaf Storm|p1a: Indeedee\n|-damage|p1a: Indeedee|88\/100\n|-unboost|p2b: Jumpluff|spa|2\n|-enditem|p1a: Indeedee|Air Balloon\n|\n|-weather|SunnyDay|[upkeep]\n|-sideend|p2: Clicky-Clacky|move: Tailwind\n|upkeep\n|turn|12\n|\n|t:|1682899365\n|move|p2a: Torkoal|Overheat|p1a: Indeedee\n|-damage|p1a: Indeedee|56\/100\n|-unboost|p2a: Torkoal|spa|2\n|move|p1a: Indeedee|Dazzling Gleam|p2a: Torkoal|[spread] p2a,p2b\n|-resisted|p2a: Torkoal\n|-damage|p2a: Torkoal|76\/100\n|-damage|p2b: Jumpluff|0 fnt\n|faint|p2b: Jumpluff\n|\n|-weather|SunnyDay|[upkeep]\n|upkeep\n|turn|13\n|\n|t:|1682899380\n|move|p1a: Indeedee|Helping Hand|p1: Tatsugiri|[notarget]\n|-fail|p1a: Indeedee\n|move|p2a: Torkoal|Overheat|p1a: Indeedee\n|-damage|p1a: Indeedee|32\/100\n|-unboost|p2a: Torkoal|spa|2\n|\n|-weather|none\n|upkeep\n|turn|14\n|\n|t:|1682899386\n|move|p1a: Indeedee|Protect|p1a: Indeedee\n|-singleturn|p1a: Indeedee|Protect\n|move|p2a: Torkoal|Overheat|p1a: Indeedee\n|-activate|p1a: Indeedee|move: Protect\n|\n|-fieldend|move: Trick Room\n|-fieldend|move: Psychic Terrain\n|upkeep\n|turn|15\n|\n|t:|1682899395\n|move|p2a: Torkoal|Overheat|p1a: Indeedee\n|-damage|p1a: Indeedee|21\/100\n|move|p1a: Indeedee|Trick Room|p1a: Indeedee\n|-fieldstart|move: Trick Room|[of] p1a: Indeedee\n|\n|upkeep\n|turn|16\n|\n|t:|1682899405\n|move|p2a: Torkoal|Overheat|p1a: Indeedee\n|-damage|p1a: Indeedee|11\/100\n|move|p1a: Indeedee|Dazzling Gleam|p2a: Torkoal\n|-resisted|p2a: Torkoal\n|-damage|p2a: Torkoal|67\/100\n|\n|upkeep\n|turn|17\n|\n|t:|1682899416\n|move|p1a: Indeedee|Protect|p1a: Indeedee\n|-singleturn|p1a: Indeedee|Protect\n|move|p2a: Torkoal|Overheat|p1a: Indeedee\n|-activate|p1a: Indeedee|move: Protect\n|\n|upkeep\n|turn|18\n|\n|t:|1682899434\n|move|p2a: Torkoal|Protect|p2a: Torkoal\n|-singleturn|p2a: Torkoal|Protect\n|move|p1a: Indeedee|Dazzling Gleam|p2a: Torkoal\n|-activate|p2a: Torkoal|move: Protect\n|\n|upkeep\n|turn|19\n|\n|t:|1682899447\n|move|p2a: Torkoal|Yawn|p1a: Indeedee\n|-start|p1a: Indeedee|move: Yawn|[of] p2a: Torkoal\n|move|p1a: Indeedee|Trick Room|p1a: Indeedee\n|-fieldend|move: Trick Room\n|\n|upkeep\n|turn|20\n|inactive|imtesingmybestteam has 30 seconds left.\n|c|\u2606Clicky-Clacky|i lost my pp\n|inactive|imtesingmybestteam has 20 seconds left.\n|inactive|imtesingmybestteam has 15 seconds left.\n|inactive|imtesingmybestteam has 10 seconds left.\n|\n|t:|1682899494\n|move|p2a: Torkoal|Protect|p2a: Torkoal\n|-singleturn|p2a: Torkoal|Protect\n|move|p1a: Indeedee|Dazzling Gleam|p2a: Torkoal\n|-activate|p2a: Torkoal|move: Protect\n|\n|-end|p1a: Indeedee|move: Yawn|[silent]\n|-status|p1a: Indeedee|slp\n|upkeep\n|turn|21\n|\n|t:|1682899516\n|-terastallize|p2a: Torkoal|Flying\n|cant|p1a: Indeedee|slp\n|move|p2a: Torkoal|Protect||[still]\n|-fail|p2a: Torkoal\n|\n|upkeep\n|turn|22\n|inactive|imtesingmybestteam has 30 seconds left.\n|inactive|imtesingmybestteam has 20 seconds left.\n|\n|t:|1682899553\n|move|p2a: Torkoal|Helping Hand|p2: Jumpluff|[notarget]\n|-fail|p2a: Torkoal\n|-curestatus|p1a: Indeedee|slp|[msg]\n|move|p1a: Indeedee|Dazzling Gleam|p2a: Torkoal\n|-damage|p2a: Torkoal|49\/100\n|\n|upkeep\n|turn|23\n|\n|t:|1682899569\n|move|p2a: Torkoal|Yawn|p1a: Indeedee\n|-start|p1a: Indeedee|move: Yawn|[of] p2a: Torkoal\n|move|p1a: Indeedee|Trick Room|p1a: Indeedee\n|-fieldstart|move: Trick Room|[of] p1a: Indeedee\n|\n|upkeep\n|turn|24\n|\n|t:|1682899587\n|move|p2a: Torkoal|Protect|p2a: Torkoal\n|-singleturn|p2a: Torkoal|Protect\n|move|p1a: Indeedee|Dazzling Gleam|p2a: Torkoal\n|-activate|p2a: Torkoal|move: Protect\n|\n|-end|p1a: Indeedee|move: Yawn|[silent]\n|-status|p1a: Indeedee|slp\n|upkeep\n|turn|25\n|\n|t:|1682899596\n|move|p2a: Torkoal|Protect||[still]\n|-fail|p2a: Torkoal\n|cant|p1a: Indeedee|slp\n|\n|upkeep\n|turn|26\n|\n|t:|1682899607\n|move|p2a: Torkoal|Helping Hand|p2: Jumpluff|[notarget]\n|-fail|p2a: Torkoal\n|cant|p1a: Indeedee|slp\n|\n|upkeep\n|turn|27\n|\n|t:|1682899613\n|move|p2a: Torkoal|Helping Hand|p2: Jumpluff|[notarget]\n|-fail|p2a: Torkoal\n|-curestatus|p1a: Indeedee|slp|[msg]\n|move|p1a: Indeedee|Dazzling Gleam|p2a: Torkoal\n|-damage|p2a: Torkoal|28\/100\n|\n|-fieldend|move: Trick Room\n|upkeep\n|turn|28\n|\n|t:|1682899627\n|move|p2a: Torkoal|Protect|p2a: Torkoal\n|-singleturn|p2a: Torkoal|Protect\n|move|p1a: Indeedee|Dazzling Gleam|p2a: Torkoal\n|-activate|p2a: Torkoal|move: Protect\n|\n|upkeep\n|turn|29\n|inactive|imtesingmybestteam has 30 seconds left.\n|\n|t:|1682899641\n|move|p1a: Indeedee|Dazzling Gleam|p2a: Torkoal\n|-damage|p2a: Torkoal|7\/100\n|move|p2a: Torkoal|Yawn|p1a: Indeedee\n|-start|p1a: Indeedee|move: Yawn|[of] p2a: Torkoal\n|\n|upkeep\n|turn|30\n|inactive|imtesingmybestteam has 30 seconds left this turn.\n|\n|t:|1682899649\n|move|p2a: Torkoal|Protect|p2a: Torkoal\n|-singleturn|p2a: Torkoal|Protect\n|move|p1a: Indeedee|Dazzling Gleam|p2a: Torkoal\n|-activate|p2a: Torkoal|move: Protect\n|\n|-end|p1a: Indeedee|move: Yawn|[silent]\n|-status|p1a: Indeedee|slp\n|upkeep\n|turn|31\n|inactive|imtesingmybestteam has 25 seconds left this turn.\n|inactive|imtesingmybestteam has 20 seconds left.\n|\n|t:|1682899660\n|move|p2a: Torkoal|Helping Hand|p2: Jumpluff|[notarget]\n|-fail|p2a: Torkoal\n|cant|p1a: Indeedee|slp\n|\n|upkeep\n|turn|32\n|inactive|imtesingmybestteam has 20 seconds left this turn.\n|inactive|imtesingmybestteam has 15 seconds left.\n|\n|t:|1682899667\n|move|p2a: Torkoal|Protect|p2a: Torkoal\n|-singleturn|p2a: Torkoal|Protect\n|cant|p1a: Indeedee|slp\n|\n|upkeep\n|turn|33\n|inactive|imtesingmybestteam has 15 seconds left this turn.\n|inactive|imtesingmybestteam has 10 seconds left.\n|\n|t:|1682899676\n|move|p2a: Torkoal|Protect||[still]\n|-fail|p2a: Torkoal\n|-curestatus|p1a: Indeedee|slp|[msg]\n|move|p1a: Indeedee|Dazzling Gleam|p2a: Torkoal\n|-damage|p2a: Torkoal|0 fnt\n|faint|p2a: Torkoal\n|\n|win|imtesingmybestteam\n|inactive|imtesingmybestteam has 10 seconds left this turn.\n|raw|imtesingmybestteam's rating: 1026 → 1066<\/strong> (+40 for winning)\n|raw|Clicky-Clacky's rating: 1062 → 1041<\/strong> (-21 for losing)\n","uploadtime":1682899692,"views":7,"p1id":"imtesingmybestteam","p2id":"clickyclacky","formatid":"gen9vgc2023regulationc","rating":1041,"private":0,"password":""}