{"id":"gen9vgc2023regulationc-1845097990","p1":"clegge7","p2":"Audi A5 Sportback","format":"[Gen 9] VGC 2023 Regulation C","log":"|j|\u2606clegge7\n|j|\u2606Audi A5 Sportback\n|t:|1681683276\n|gametype|doubles\n|player|p1|clegge7|2|1195\n|player|p2|Audi A5 Sportback|266|1228\n|teamsize|p1|6\n|teamsize|p2|6\n|gen|9\n|tier|[Gen 9] VGC 2023 Regulation C\n|rated|\n|rule|Species Clause: Limit one of each Pok\u00e9mon\n|rule|Item Clause: Limit one of each item\n|clearpoke\n|poke|p1|Flutter Mane, L50|\n|poke|p1|Palafin, L50, F|\n|poke|p1|Arcanine, L50, M|\n|poke|p1|Amoonguss, L50, M|\n|poke|p1|Ting-Lu, L50|\n|poke|p1|Dragonite, L50, F|\n|poke|p2|Roaring Moon, L50|\n|poke|p2|Flutter Mane, L50|\n|poke|p2|Ting-Lu, L50|\n|poke|p2|Arcanine, L50, M|\n|poke|p2|Amoonguss, L50, M|\n|poke|p2|Palafin, L50, F|\n|teampreview|4\nclegge7 has agreed to open team sheets.\n|c|\u2606clegge7|ots?\nAudi A5 Sportback has agreed to open team sheets.\n|c|\u2606Audi A5 Sportback|Sure sorry that I didn\u2019t see\n|\n|t:|1681683417\n|start\n|switch|p1a: Palafin|Palafin, L50, F|100\/100\n|switch|p1b: Dragonite|Dragonite, L50, F|100\/100\n|switch|p2a: Mimi|Flutter Mane, L50|100\/100\n|switch|p2b: Palafin|Palafin, L50, F, shiny|100\/100\n|turn|1\n|inactive|Battle timer is ON: inactive players will automatically lose when time's up. (requested by clegge7)\n|\n|t:|1681683440\n|detailschange|p2b: Palafin|Palafin-Hero, L50, F, shiny\n|switch|p2b: Roaring Moon|Roaring Moon, L50, shiny|100\/100\n|-enditem|p2b: Roaring Moon|Booster Energy\n|-activate|p2b: Roaring Moon|ability: Protosynthesis|[fromitem]\n|-start|p2b: Roaring Moon|protosynthesisatk\n|-terastallize|p1b: Dragonite|Flying\n|move|p1a: Palafin|Jet Punch|p2a: Mimi\n|-damage|p2a: Mimi|69\/100\n|move|p2a: Mimi|Shadow Ball|p1a: Palafin\n|-damage|p1a: Palafin|24\/100\n|move|p1b: Dragonite|Tera Blast|p2a: Mimi\n|-damage|p2a: Mimi|0 fnt\n|faint|p2a: Mimi\n|-end|p2a: Mimi|Protosynthesis|[silent]\n|\n|upkeep\n|\n|t:|1681683457\n|switch|p2a: Palafin|Palafin-Hero, L50, F, shiny|100\/100\n|-activate|p2a: Palafin|ability: Zero to Hero\n|turn|2\n|\n|t:|1681683477\n|move|p1a: Palafin|Protect|p1a: Palafin\n|-singleturn|p1a: Palafin|Protect\n|move|p2b: Roaring Moon|Dragon Dance|p2b: Roaring Moon\n|-boost|p2b: Roaring Moon|atk|1\n|-boost|p2b: Roaring Moon|spe|1\n|move|p2a: Palafin|Substitute|p2a: Palafin\n|-start|p2a: Palafin|Substitute\n|-damage|p2a: Palafin|76\/100\n|move|p1b: Dragonite|Tera Blast|p2a: Palafin\n|-end|p2a: Palafin|Substitute\n|\n|upkeep\n|turn|3\n|\n|t:|1681683496\n|-terastallize|p2a: Palafin|Water\n|move|p2b: Roaring Moon|Acrobatics|p1a: Palafin\n|-damage|p1a: Palafin|0 fnt\n|faint|p1a: Palafin\n|move|p2a: Palafin|Wave Crash|p1b: Dragonite\n|-damage|p1b: Dragonite|0 fnt\n|faint|p1b: Dragonite\n|-damage|p2a: Palafin|46\/100|[from] Recoil\n|\n|upkeep\n|\n|t:|1681683503\n|switch|p1a: Arcanine|Arcanine, L50, M|100\/100\n|switch|p1b: Ting-Lu|Ting-Lu, L50|100\/100\n|-ability|p1a: Arcanine|Intimidate|boost\n|-unboost|p2a: Palafin|atk|1\n|-unboost|p2b: Roaring Moon|atk|1\n|-ability|p1b: Ting-Lu|Vessel of Ruin\n|turn|4\n|\n|t:|1681683518\n|switch|p2a: Amoonguss|Amoonguss, L50, M, shiny|100\/100\n|move|p2b: Roaring Moon|Protect|p2b: Roaring Moon\n|-singleturn|p2b: Roaring Moon|Protect\n|move|p1a: Arcanine|Protect|p1a: Arcanine\n|-singleturn|p1a: Arcanine|Protect\n|move|p1b: Ting-Lu|Rock Tomb|p2a: Amoonguss\n|-damage|p2a: Amoonguss|85\/100\n|-unboost|p2a: Amoonguss|spe|1\n|\n|upkeep\n|turn|5\n|\n|t:|1681683542\n|move|p2b: Roaring Moon|Throat Chop|p1a: Arcanine\n|-crit|p1a: Arcanine\n|-damage|p1a: Arcanine|0 fnt\n|faint|p1a: Arcanine\n|move|p1b: Ting-Lu|Stomping Tantrum|p2a: Amoonguss\n|-damage|p2a: Amoonguss|59\/100\n|move|p2a: Amoonguss|Spore|p1b: Ting-Lu\n|-status|p1b: Ting-Lu|slp|[from] move: Spore\n|\n|upkeep\n|turn|6\n|c|\u2606clegge7|cool\n|c|\u2606clegge7|crit\n|c|\u2606clegge7|lovely\n|-message|clegge7 forfeited.\n|\n|win|Audi A5 Sportback\n|raw|clegge7's rating: 1195 → 1172<\/strong> (-23 for losing)\n|raw|Audi A5 Sportback's rating: 1228 → 1251<\/strong> (+23 for winning)\n|l|\u2606clegge7\n","uploadtime":1681683575,"views":10,"p1id":"clegge7","p2id":"audia5sportback","formatid":"gen9vgc2023regulationc","rating":1172,"private":0,"password":""}