{"id":"gen9vgc2023regulationc-1856006702","p1":"sasavegeta","p2":"ElRompeTesoOLT","format":"[Gen 9] VGC 2023 Regulation C","log":"|j|\u2606sasavegeta\n|j|\u2606ElRompeTesoOLT\n|t:|1683016042\n|gametype|doubles\n|player|p1|sasavegeta|smasher|1074\n|player|p2|ElRompeTesoOLT|ghetsis|1159\n|teamsize|p1|6\n|teamsize|p2|6\n|gen|9\n|tier|[Gen 9] VGC 2023 Regulation C\n|rated|\n|rule|Species Clause: Limit one of each Pok\u00e9mon\n|rule|Item Clause: Limit one of each item\n|clearpoke\n|poke|p1|Ting-Lu, L50|\n|poke|p1|Dragonite, L50, M|\n|poke|p1|Iron Bundle, L50|\n|poke|p1|Flutter Mane, L50|\n|poke|p1|Arcanine, L50, F|\n|poke|p1|Amoonguss, L50, F|\n|poke|p2|Oranguru, L50, M|\n|poke|p2|Scream Tail, L50|\n|poke|p2|Ting-Lu, L50|\n|poke|p2|Pelipper, L50, M|\n|poke|p2|Tatsugiri, L50, M|\n|poke|p2|Dondozo, L50, F|\n|teampreview|4\n|inactive|Battle timer is ON: inactive players will automatically lose when time's up. (requested by sasavegeta)\nElRompeTesoOLT rejected open team sheets.\n|inactive|sasavegeta has 60 seconds left.\n|inactive|sasavegeta has 30 seconds left.\n|inactive|sasavegeta has 20 seconds left.\n|\n|t:|1683016115\n|start\n|switch|p1a: Iron Bundle|Iron Bundle, L50|100\/100\n|switch|p1b: Flutter Mane|Flutter Mane, L50|100\/100\n|switch|p2a: Pelipper|Pelipper, L50, M|100\/100\n|switch|p2b: Scream Tail|Scream Tail, L50|100\/100\n|-weather|RainDance|[from] ability: Drizzle|[of] p2a: Pelipper\n|-enditem|p1b: Flutter Mane|Booster Energy\n|-activate|p1b: Flutter Mane|ability: Protosynthesis|[fromitem]\n|-start|p1b: Flutter Mane|protosynthesisspa\n|turn|1\n|inactive|sasavegeta has 30 seconds left.\n|inactive|sasavegeta has 20 seconds left.\n|inactive|sasavegeta has 15 seconds left.\n|\n|t:|1683016157\n|move|p2a: Pelipper|Protect|p2a: Pelipper\n|-singleturn|p2a: Pelipper|Protect\n|move|p1a: Iron Bundle|Freeze-Dry|p2a: Pelipper\n|-activate|p2a: Pelipper|move: Protect\n|move|p1b: Flutter Mane|Shadow Ball|p2b: Scream Tail\n|-supereffective|p2b: Scream Tail\n|-damage|p2b: Scream Tail|28\/100\n|-enditem|p2b: Scream Tail|Sitrus Berry|[eat]\n|-heal|p2b: Scream Tail|52\/100|[from] item: Sitrus Berry\n|move|p2b: Scream Tail|Amnesia|p2b: Scream Tail\n|-boost|p2b: Scream Tail|spd|2\n|\n|-weather|RainDance|[upkeep]\n|upkeep\n|turn|2\n|\n|t:|1683016181\n|move|p1a: Iron Bundle|Freeze-Dry|p2a: Pelipper\n|-supereffective|p2a: Pelipper\n|-damage|p2a: Pelipper|0 fnt\n|faint|p2a: Pelipper\n|move|p1b: Flutter Mane|Shadow Ball|p2b: Scream Tail\n|-supereffective|p2b: Scream Tail\n|-damage|p2b: Scream Tail|14\/100\n|move|p2b: Scream Tail|Baton Pass|p2b: Scream Tail\n|\n|t:|1683016188\n|-end|p2b: Scream Tail|Protosynthesis|[silent]\n|switch|p2b: Dondozo|Dondozo, L50, F|100\/100|[from] Baton Pass\n|\n|-weather|RainDance|[upkeep]\n|upkeep\n|\n|t:|1683016190\n|switch|p2a: Tatsugiri-S|Tatsugiri, L50, M|100\/100\n|-activate|p2a: Tatsugiri-S|ability: Commander|[of] p2b: Dondozo\n|-boost|p2b: Dondozo|atk|2\n|-boost|p2b: Dondozo|spa|2\n|-boost|p2b: Dondozo|spe|2\n|-boost|p2b: Dondozo|def|2\n|-boost|p2b: Dondozo|spd|2\n|turn|3\n|inactive|sasavegeta has 30 seconds left.\n|inactive|sasavegeta has 20 seconds left.\n|inactive|sasavegeta has 15 seconds left.\n|inactive|sasavegeta has 10 seconds left.\n|\n|t:|1683016239\n|-terastallize|p2b: Dondozo|Steel\n|move|p1a: Iron Bundle|Freeze-Dry|p2b: Dondozo\n|-resisted|p2b: Dondozo\n|-damage|p2b: Dondozo|95\/100\n|move|p1b: Flutter Mane|Moonblast|p2b: Dondozo\n|-resisted|p2b: Dondozo\n|-damage|p2b: Dondozo|84\/100\n|move|p2b: Dondozo|Tera Blast|p1b: Flutter Mane\n|-supereffective|p1b: Flutter Mane\n|-damage|p1b: Flutter Mane|0 fnt\n|faint|p1b: Flutter Mane\n|-end|p1b: Flutter Mane|Protosynthesis|[silent]\n|\n|-weather|RainDance|[upkeep]\n|upkeep\n|\n|t:|1683016256\n|switch|p1b: Amoonguss|Amoonguss, L50, F|100\/100\n|turn|4\n|\n|t:|1683016272\n|move|p1a: Iron Bundle|Icy Wind|p2b: Dondozo|[spread] p2b\n|-miss|p1a: Iron Bundle|p2a: Tatsugiri-S\n|-resisted|p2b: Dondozo\n|-damage|p2b: Dondozo|81\/100\n|-unboost|p2b: Dondozo|spe|1\n|move|p2b: Dondozo|Tera Blast|p1b: Amoonguss\n|-damage|p1b: Amoonguss|34\/100\n|move|p1b: Amoonguss|Spore|p2b: Dondozo\n|-status|p2b: Dondozo|slp|[from] move: Spore\n|-enditem|p2b: Dondozo|Chesto Berry|[eat]\n|-curestatus|p2b: Dondozo|slp|[msg]\n|\n|-weather|RainDance|[upkeep]\n|upkeep\n|turn|5\n|inactive|sasavegeta has 30 seconds left.\n|\n|t:|1683016299\n|move|p1b: Amoonguss|Protect|p1b: Amoonguss\n|-singleturn|p1b: Amoonguss|Protect\n|move|p1a: Iron Bundle|Hydro Pump|p2b: Dondozo|[miss]\n|-miss|p1a: Iron Bundle|p2b: Dondozo\n|move|p2b: Dondozo|Tera Blast|p1b: Amoonguss\n|-activate|p1b: Amoonguss|move: Protect\n|\n|-weather|RainDance|[upkeep]\n|upkeep\n|turn|6\n|\n|t:|1683016320\n|switch|p1b: Dragonite|Dragonite, L50, M|100\/100\n|move|p1a: Iron Bundle|Hydro Pump|p2b: Dondozo\n|-damage|p2b: Dondozo|52\/100\n|move|p2b: Dondozo|Tera Blast|p1b: Dragonite\n|-damage|p1b: Dragonite|55\/100\n|\n|-weather|RainDance|[upkeep]\n|upkeep\n|turn|7\n|inactive|sasavegeta has 30 seconds left.\n|\n|t:|1683016349\n|move|p1a: Iron Bundle|Hydro Pump|p2b: Dondozo\n|-crit|p2b: Dondozo\n|-damage|p2b: Dondozo|0 fnt\n|faint|p2b: Dondozo\n|move|p1b: Dragonite|Thunder Punch|p2a: Tatsugiri-S\n|-damage|p2a: Tatsugiri-S|58\/100\n|\n|-weather|RainDance|[upkeep]\n|upkeep\n|\n|t:|1683016354\n|switch|p2b: Scream Tail|Scream Tail, L50|14\/100\n|turn|8\n|-message|ElRompeTesoOLT forfeited.\n|\n|win|sasavegeta\n|raw|sasavegeta's rating: 1074 → 1110<\/strong> (+36 for winning)\n|raw|ElRompeTesoOLT's rating: 1159 → 1128<\/strong> (-31 for losing)\n|l|\u2606ElRompeTesoOLT\n","uploadtime":1683016382,"views":18,"p1id":"sasavegeta","p2id":"elrompetesoolt","formatid":"gen9vgc2023regulationc","rating":1110,"private":0,"password":""}