{"id":"gen9vgc2023regulationc-1860699569","p1":"SwampCorner","p2":"mathtass","format":"[Gen 9] VGC 2023 Regulation C","log":"|j|\u2606SwampCorner\n|j|\u2606mathtass\n|t:|1683667592\n|gametype|doubles\n|player|p1|SwampCorner|boarder|1366\n|player|p2|mathtass|265|1315\n|teamsize|p1|6\n|teamsize|p2|6\n|gen|9\n|tier|[Gen 9] VGC 2023 Regulation C\n|rated|\n|rule|Species Clause: Limit one of each Pok\u00e9mon\n|rule|Item Clause: Limit one of each item\n|clearpoke\n|poke|p1|Iron Bundle, L50|\n|poke|p1|Abomasnow, L50, F|\n|poke|p1|Chi-Yu, L50|\n|poke|p1|Glimmora, L50, F|\n|poke|p1|Dondozo, L50, F|\n|poke|p1|Tatsugiri-Stretchy, L50, M|\n|poke|p2|Amoonguss, L50, F|\n|poke|p2|Chi-Yu, L50|\n|poke|p2|Arcanine, L50, F|\n|poke|p2|Dragonite, L50, M|\n|poke|p2|Flutter Mane, L50|\n|poke|p2|Iron Hands, L50|\n|teampreview|4\n|\n|t:|1683667622\n|start\n|switch|p1a: Iron Bundle|Iron Bundle, L50|100\/100\n|switch|p1b: Dondozo|Dondozo, L50, F|100\/100\n|switch|p2a: Titan|Dragonite, L50, M, shiny|100\/100\n|switch|p2b: Simba|Arcanine, L50, F, shiny|100\/100\n|-ability|p2b: Simba|Intimidate|boost\n|-unboost|p1a: Iron Bundle|atk|1\n|-fail|p1b: Dondozo|unboost|Attack|[from] ability: Oblivious|[of] p1b: Dondozo\n|turn|1\n|\n|t:|1683667648\n|switch|p1b: Abomasnow|Abomasnow, L50, F|100\/100\n|-weather|Snow|[from] ability: Snow Warning|[of] p1b: Abomasnow\n|-terastallize|p1a: Iron Bundle|Ice\n|-terastallize|p2a: Titan|Flying\n|move|p1a: Iron Bundle|Blizzard|p2b: Simba|[spread] p2a,p2b\n|-supereffective|p2a: Titan\n|-resisted|p2b: Simba\n|-damage|p2a: Titan|31\/100\n|-damage|p2b: Simba|61\/100\n|move|p2b: Simba|Howl|p2b: Simba|[spread] p2a,p2b\n|-boost|p2a: Titan|atk|1\n|-boost|p2b: Simba|atk|1\n|move|p2a: Titan|Tera Blast|p1a: Iron Bundle\n|-damage|p1a: Iron Bundle|19\/100\n|\n|-weather|Snow|[upkeep]\n|upkeep\n|turn|2\n|\n|t:|1683667664\n|move|p1b: Abomasnow|Helping Hand|p1a: Iron Bundle\n|-singleturn|p1a: Iron Bundle|Helping Hand|[of] p1b: Abomasnow\n|move|p2a: Titan|Extreme Speed|p1a: Iron Bundle\n|-damage|p1a: Iron Bundle|0 fnt\n|faint|p1a: Iron Bundle\n|-end|p1a: Iron Bundle|Quark Drive|[silent]\n|move|p2b: Simba|Flare Blitz|p1b: Abomasnow\n|-supereffective|p1b: Abomasnow\n|-damage|p1b: Abomasnow|0 fnt\n|faint|p1b: Abomasnow\n|-damage|p2b: Simba|28\/100|[from] Recoil\n|-enditem|p2b: Simba|Sitrus Berry|[eat]\n|-heal|p2b: Simba|53\/100|[from] item: Sitrus Berry\n|\n|-weather|Snow|[upkeep]\n|upkeep\n|\n|t:|1683667670\n|switch|p1a: Dondozo|Dondozo, L50, F|100\/100\n|switch|p1b: Tatsugiri|Tatsugiri-Stretchy, L50, M|100\/100\n|-activate|p1b: Tatsugiri|ability: Commander|[of] p1a: Dondozo\n|-boost|p1a: Dondozo|atk|2\n|-boost|p1a: Dondozo|spa|2\n|-boost|p1a: Dondozo|spe|2\n|-boost|p1a: Dondozo|def|2\n|-boost|p1a: Dondozo|spd|2\n|turn|3\n|\n|t:|1683667681\n|move|p1a: Dondozo|Earthquake|p2b: Simba|[spread] p2b\n|-miss|p1a: Dondozo|p1b: Tatsugiri\n|-immune|p2a: Titan\n|-supereffective|p2b: Simba\n|-damage|p2b: Simba|0 fnt\n|faint|p2b: Simba\n|move|p2a: Titan|Tera Blast|p1a: Dondozo\n|-damage|p1a: Dondozo|66\/100\n|\n|-weather|Snow|[upkeep]\n|-heal|p1a: Dondozo|72\/100|[from] item: Leftovers\n|upkeep\n|\n|t:|1683667695\n|switch|p2b: Lady Mane|Flutter Mane, L50, shiny|100\/100\n|turn|4\n|\n|t:|1683667700\n|move|p1a: Dondozo|Protect|p1a: Dondozo\n|-singleturn|p1a: Dondozo|Protect\n|move|p2b: Lady Mane|Moonblast|p1a: Dondozo\n|-activate|p1a: Dondozo|move: Protect\n|move|p2a: Titan|Tera Blast|p1a: Dondozo\n|-activate|p1a: Dondozo|move: Protect\n|\n|-weather|Snow|[upkeep]\n|-heal|p1a: Dondozo|78\/100|[from] item: Leftovers\n|upkeep\n|turn|5\n|\n|t:|1683667712\n|move|p2b: Lady Mane|Protect|p2b: Lady Mane\n|-singleturn|p2b: Lady Mane|Protect\n|move|p1a: Dondozo|Wave Crash|p2a: Titan\n|-damage|p2a: Titan|0 fnt\n|faint|p2a: Titan\n|-damage|p1a: Dondozo|70\/100|[from] Recoil\n|\n|-weather|none\n|-heal|p1a: Dondozo|76\/100|[from] item: Leftovers\n|upkeep\n|\n|t:|1683667744\n|switch|p2a: Blaze|Chi-Yu, L50|100\/100\n|-ability|p2a: Blaze|Beads of Ruin\n|turn|6\n|\n|t:|1683667756\n|move|p1a: Dondozo|Protect|p1a: Dondozo\n|-singleturn|p1a: Dondozo|Protect\n|move|p2a: Blaze|Protect|p2a: Blaze\n|-singleturn|p2a: Blaze|Protect\n|move|p2b: Lady Mane|Moonblast|p1a: Dondozo\n|-activate|p1a: Dondozo|move: Protect\n|\n|-heal|p1a: Dondozo|82\/100|[from] item: Leftovers\n|upkeep\n|turn|7\n|\n|t:|1683667762\n|move|p2b: Lady Mane|Moonblast|p1a: Dondozo\n|-crit|p1a: Dondozo\n|-damage|p1a: Dondozo|0 fnt\n|faint|p1a: Dondozo\n|move|p2a: Blaze|Dark Pulse|p1b: Tatsugiri\n|-damage|p1b: Tatsugiri|11\/100\n|-damage|p2a: Blaze|90\/100|[from] item: Life Orb\n|\n|upkeep\n|turn|8\n|\n|t:|1683667771\n|move|p2a: Blaze|Protect|p2a: Blaze\n|-singleturn|p2a: Blaze|Protect\n|move|p1b: Tatsugiri|Muddy Water|p2b: Lady Mane|[spread] p2b\n|-activate|p2a: Blaze|move: Protect\n|-damage|p2b: Lady Mane|52\/100\n|move|p2b: Lady Mane|Dazzling Gleam|p1b: Tatsugiri\n|-supereffective|p1b: Tatsugiri\n|-damage|p1b: Tatsugiri|0 fnt\n|faint|p1b: Tatsugiri\n|\n|win|mathtass\n|raw|SwampCorner's rating: 1366 → 1343<\/strong> (-23 for losing)\n|raw|mathtass's rating: 1315 → 1338<\/strong> (+23 for winning)\n","uploadtime":1683667781,"views":14,"p1id":"swampcorner","p2id":"mathtass","formatid":"gen9vgc2023regulationc","rating":1338,"private":0,"password":""}