{"id":"gen9vgc2023regulationc-1863148806","p1":"Rocket Chemi","p2":"Barbie120","format":"[Gen 9] VGC 2023 Regulation C","log":"|j|\u2606Rocket Chemi\n|j|\u2606Barbie120\n|t:|1683979723\n|gametype|doubles\n|player|p1|Rocket Chemi|teamrocket|1143\n|player|p2|Barbie120|drayden|1118\n|teamsize|p1|6\n|teamsize|p2|6\n|gen|9\n|tier|[Gen 9] VGC 2023 Regulation C\n|rated|\n|rule|Species Clause: Limit one of each Pok\u00e9mon\n|rule|Item Clause: Limit one of each item\n|clearpoke\n|poke|p1|Chi-Yu, L50|\n|poke|p1|Dachsbun, L50, F|\n|poke|p1|Baxcalibur, L50, F|\n|poke|p1|Ting-Lu, L50|\n|poke|p1|Tauros-Paldea-Aqua, L50, M|\n|poke|p1|Flutter Mane, L50|\n|poke|p2|Flutter Mane, L50|\n|poke|p2|Great Tusk, L50|\n|poke|p2|Murkrow, L50, M|\n|poke|p2|Chi-Yu, L50|\n|poke|p2|Kingambit, L50, F|\n|poke|p2|Gyarados, L50, F|\n|teampreview|4\nRocket Chemi has agreed to open team sheets.\nBarbie120 has agreed to open team sheets.\n|\n|t:|1683979847\n|start\n|switch|p1a: Chi-Yu|Chi-Yu, L50|100\/100\n|switch|p1b: Dachsbun|Dachsbun, L50, F, shiny|100\/100\n|switch|p2a: Great Tusk|Great Tusk, L50|100\/100\n|switch|p2b: Murkrow|Murkrow, L50, M|100\/100\n|-ability|p1a: Chi-Yu|Beads of Ruin\n|turn|1\n|inactive|Battle timer is ON: inactive players will automatically lose when time's up. (requested by Barbie120)\n|\n|t:|1683979914\n|-terastallize|p1a: Chi-Yu|Grass\n|move|p2b: Murkrow|Tailwind|p2b: Murkrow\n|-sidestart|p2: Barbie120|move: Tailwind\n|move|p2a: Great Tusk|Earthquake|p1b: Dachsbun|[spread] p1a,p1b\n|-immune|p2b: Murkrow\n|-resisted|p1a: Chi-Yu\n|-damage|p1a: Chi-Yu|72\/100\n|-damage|p1b: Dachsbun|58\/100\n|move|p1a: Chi-Yu|Lava Plume|p2a: Great Tusk|[spread] p2a,p2b\n|-ability|p1b: Dachsbun|Well-Baked Body|boost\n|-boost|p1b: Dachsbun|def|2\n|-damage|p2a: Great Tusk|31\/100\n|-damage|p2b: Murkrow|55\/100\n|move|p1b: Dachsbun|Yawn|p2a: Great Tusk\n|-start|p2a: Great Tusk|move: Yawn|[of] p1b: Dachsbun\n|\n|-heal|p1b: Dachsbun|65\/100|[from] item: Leftovers\n|upkeep\n|turn|2\n|inactive|Rocket Chemi has 30 seconds left.\n|\n|t:|1683979939\n|-end|p2a: Great Tusk|Protosynthesis|[silent]\n|switch|p2a: Flutter Mane|Flutter Mane, L50|100\/100\n|move|p2b: Murkrow|Taunt|p1b: Dachsbun\n|-start|p1b: Dachsbun|move: Taunt\n|move|p1a: Chi-Yu|Lava Plume|p2a: Flutter Mane|[spread] p2a,p2b\n|-ability|p1b: Dachsbun|Well-Baked Body|boost\n|-boost|p1b: Dachsbun|def|2\n|-damage|p2a: Flutter Mane|63\/100\n|-damage|p2b: Murkrow|4\/100\n|cant|p1b: Dachsbun|move: Taunt|Wish\n|\n|-heal|p1b: Dachsbun|71\/100|[from] item: Leftovers\n|upkeep\n|turn|3\n|inactive|Rocket Chemi has 30 seconds left.\n|inactive|Rocket Chemi has 20 seconds left.\n|inactive|Rocket Chemi has 15 seconds left.\n|\n|t:|1683979981\n|switch|p1a: Ting-Lu|Ting-Lu, L50|100\/100\n|-ability|p1a: Ting-Lu|Vessel of Ruin\n|move|p2b: Murkrow|Sunny Day|p2b: Murkrow\n|-weather|SunnyDay\n|-activate|p2a: Flutter Mane|ability: Protosynthesis\n|-start|p2a: Flutter Mane|protosynthesisspe\n|move|p2a: Flutter Mane|Moonblast|p1a: Ting-Lu\n|-supereffective|p1a: Ting-Lu\n|-damage|p1a: Ting-Lu|47\/100\n|-enditem|p1a: Ting-Lu|Sitrus Berry|[eat]\n|-heal|p1a: Ting-Lu|72\/100|[from] item: Sitrus Berry\n|move|p1b: Dachsbun|Body Press|p2b: Murkrow\n|-crit|p2b: Murkrow\n|-damage|p2b: Murkrow|0 fnt\n|faint|p2b: Murkrow\n|\n|-weather|SunnyDay|[upkeep]\n|-heal|p1b: Dachsbun|77\/100|[from] item: Leftovers\n|upkeep\n|\n|t:|1683980006\n|switch|p2b: Kingambit|Kingambit, L50, F|100\/100\n|turn|4\n|inactive|Rocket Chemi has 30 seconds left.\n|\n|t:|1683980033\n|-terastallize|p2b: Kingambit|Fire\n|move|p2a: Flutter Mane|Moonblast|p1b: Dachsbun\n|-crit|p1b: Dachsbun\n|-damage|p1b: Dachsbun|3\/100\n|move|p2b: Kingambit|Low Kick|p1a: Ting-Lu\n|-supereffective|p1a: Ting-Lu\n|-damage|p1a: Ting-Lu|23\/100\n|move|p1b: Dachsbun|Body Press|p2b: Kingambit\n|-damage|p2b: Kingambit|54\/100\n|move|p1a: Ting-Lu|Heavy Slam|p2a: Flutter Mane\n|-supereffective|p2a: Flutter Mane\n|-damage|p2a: Flutter Mane|0 fnt\n|faint|p2a: Flutter Mane\n|-end|p2a: Flutter Mane|Protosynthesis|[silent]\n|\n|-weather|SunnyDay|[upkeep]\n|-heal|p1b: Dachsbun|9\/100|[from] item: Leftovers\n|-end|p1b: Dachsbun|move: Taunt\n|-sideend|p2: Barbie120|move: Tailwind\n|upkeep\n|\n|t:|1683980047\n|switch|p2a: Great Tusk|Great Tusk, L50|31\/100\n|-activate|p2a: Great Tusk|ability: Protosynthesis\n|-start|p2a: Great Tusk|protosynthesisatk\n|turn|5\n|inactive|Rocket Chemi has 30 seconds left.\n|inactive|Rocket Chemi has 20 seconds left.\n|inactive|Rocket Chemi has 15 seconds left.\n|inactive|Rocket Chemi has 10 seconds left.\n|inactive|Rocket Chemi has 5 seconds left.\n|\n|t:|1683980100\n|move|p2a: Great Tusk|Headlong Rush|p1b: Dachsbun\n|-damage|p1b: Dachsbun|0 fnt\n|-unboost|p2a: Great Tusk|def|1\n|-unboost|p2a: Great Tusk|spd|1\n|faint|p1b: Dachsbun\n|move|p2b: Kingambit|Low Kick|p1a: Ting-Lu\n|-supereffective|p1a: Ting-Lu\n|-damage|p1a: Ting-Lu|0 fnt\n|faint|p1a: Ting-Lu\n|\n|-weather|SunnyDay|[upkeep]\n|upkeep\n|\n|t:|1683980109\n|switch|p1b: Flutter Mane|Flutter Mane, L50, shiny|100\/100\n|switch|p1a: Chi-Yu|Chi-Yu, L50, tera:Grass|72\/100\n|-ability|p1a: Chi-Yu|Beads of Ruin\n|-activate|p1b: Flutter Mane|ability: Protosynthesis\n|-start|p1b: Flutter Mane|protosynthesisspa\n|turn|6\n|inactive|Rocket Chemi has 30 seconds left.\n|inactive|Rocket Chemi has 20 seconds left.\n|inactive|Rocket Chemi has 15 seconds left.\n|inactive|Rocket Chemi has 10 seconds left.\n|\n|t:|1683980159\n|move|p2b: Kingambit|Sucker Punch|p1b: Flutter Mane\n|-damage|p1b: Flutter Mane|29\/100\n|move|p2a: Great Tusk|Headlong Rush|p1b: Flutter Mane\n|-damage|p1b: Flutter Mane|0 fnt\n|-unboost|p2a: Great Tusk|def|1\n|-unboost|p2a: Great Tusk|spd|1\n|faint|p1b: Flutter Mane\n|-end|p1b: Flutter Mane|Protosynthesis|[silent]\n|move|p1a: Chi-Yu|Flamethrower|p2a: Great Tusk\n|-damage|p2a: Great Tusk|0 fnt\n|faint|p2a: Great Tusk\n|-end|p2a: Great Tusk|Protosynthesis|[silent]\n|\n|-weather|SunnyDay|[upkeep]\n|upkeep\n|turn|7\n|\n|t:|1683980178\n|move|p1a: Chi-Yu|Flamethrower|p2b: Kingambit\n|-resisted|p2b: Kingambit\n|-damage|p2b: Kingambit|19\/100\n|move|p2b: Kingambit|Kowtow Cleave|p1a: Chi-Yu\n|-damage|p1a: Chi-Yu|0 fnt\n|faint|p1a: Chi-Yu\n|\n|win|Barbie120\n|raw|Rocket Chemi's rating: 1143 → 1116<\/strong> (-27 for losing)\n|raw|Barbie120's rating: 1118 → 1145<\/strong> (+27 for winning)\n","uploadtime":1683980190,"views":19,"p1id":"rocketchemi","p2id":"barbie120","formatid":"gen9vgc2023regulationc","rating":1116,"private":0,"password":""}