{"id":"gen9vgc2023regulationc-1859687153","p1":"ff3rchus","p2":"WillieDangerously","format":"[Gen 9] VGC 2023 Regulation C","log":"|j|\u2606ff3rchus\n|j|\u2606WillieDangerously\n|t:|1683556116\n|gametype|doubles\n|player|p1|ff3rchus|buck|1066\n|player|p2|WillieDangerously|psychic-gen4|1060\n|teamsize|p1|6\n|teamsize|p2|6\n|gen|9\n|tier|[Gen 9] VGC 2023 Regulation C\n|rated|\n|rule|Species Clause: Limit one of each Pok\u00e9mon\n|rule|Item Clause: Limit one of each item\n|clearpoke\n|poke|p1|Floatzel, L50, F|\n|poke|p1|Pelipper, L50, M|\n|poke|p1|Flutter Mane, L50|\n|poke|p1|Lurantis, L50, M|\n|poke|p1|Garganacl, L50, M|\n|poke|p1|Iron Hands, L50|\n|poke|p2|Espathra, L50, M|\n|poke|p2|Iron Bundle, L50|\n|poke|p2|Iron Valiant, L50|\n|poke|p2|Salamence, L50, M|\n|poke|p2|Scizor, L50, M|\n|poke|p2|Sandy Shocks, L50|\n|teampreview|4\nff3rchus rejected open team sheets.\n|inactive|Battle timer is ON: inactive players will automatically lose when time's up. (requested by ff3rchus)\n|inactive|WillieDangerously has 60 seconds left.\n|\n|t:|1683556189\n|start\n|switch|p1a: Pelipper|Pelipper, L50, M|100\/100\n|switch|p1b: Iron Hands|Iron Hands, L50|100\/100\n|switch|p2a: Sandy Shocks|Sandy Shocks, L50|100\/100\n|switch|p2b: Salamence|Salamence, L50, M|100\/100\n|-weather|RainDance|[from] ability: Drizzle|[of] p1a: Pelipper\n|-enditem|p2a: Sandy Shocks|Booster Energy\n|-activate|p2a: Sandy Shocks|ability: Protosynthesis|[fromitem]\n|-start|p2a: Sandy Shocks|protosynthesisspe\n|turn|1\n|\n|t:|1683556211\n|-terastallize|p2a: Sandy Shocks|Ghost\n|move|p2a: Sandy Shocks|Gravity|p2a: Sandy Shocks\n|-fieldstart|move: Gravity\n|move|p2b: Salamence|Dragon Rush|p1a: Pelipper\n|-damage|p1a: Pelipper|19\/100\n|move|p1a: Pelipper|Tailwind|p1a: Pelipper\n|-sidestart|p1: ff3rchus|move: Tailwind\n|move|p1b: Iron Hands|Wild Charge|p2b: Salamence\n|-damage|p2b: Salamence|6\/100\n|-damage|p1b: Iron Hands|84\/100|[from] Recoil\n|\n|-weather|RainDance|[upkeep]\n|upkeep\n|turn|2\n|inactive|ff3rchus has 30 seconds left.\n|\n|t:|1683556238\n|move|p2a: Sandy Shocks|Earth Power|p1b: Iron Hands\n|-supereffective|p1b: Iron Hands\n|-damage|p1b: Iron Hands|1\/100\n|move|p1a: Pelipper|Hurricane|p2b: Salamence\n|-damage|p2b: Salamence|0 fnt\n|faint|p2b: Salamence\n|move|p1b: Iron Hands|Wild Charge|p2a: Sandy Shocks\n|-damage|p2a: Sandy Shocks|14\/100\n|-damage|p1b: Iron Hands|0 fnt|[from] Recoil\n|faint|p1b: Iron Hands\n|-end|p1b: Iron Hands|Quark Drive|[silent]\n|\n|-weather|RainDance|[upkeep]\n|upkeep\n|\n|t:|1683556251\n|switch|p2b: Scizor|Scizor, L50, M|100\/100\n|switch|p1b: Floatzel|Floatzel, L50, F|100\/100\n|turn|3\n|inactive|WillieDangerously has 30 seconds left.\n|\n|t:|1683556280\n|move|p1b: Floatzel|Protect|p1b: Floatzel\n|-singleturn|p1b: Floatzel|Protect\n|move|p2a: Sandy Shocks|Protect|p2a: Sandy Shocks\n|-singleturn|p2a: Sandy Shocks|Protect\n|move|p1a: Pelipper|Hurricane|p2a: Sandy Shocks\n|-activate|p2a: Sandy Shocks|move: Protect\n|move|p2b: Scizor|Swords Dance|p2b: Scizor\n|-boost|p2b: Scizor|atk|2\n|\n|-weather|RainDance|[upkeep]\n|upkeep\n|turn|4\n|inactive|ff3rchus has 30 seconds left.\n|\n|t:|1683556314\n|-end|p2a: Sandy Shocks|Protosynthesis|[silent]\n|switch|p2a: Iron Valiant|Iron Valiant, L50|100\/100\n|move|p2b: Scizor|Feint|p1a: Pelipper\n|-damage|p1a: Pelipper|0 fnt\n|faint|p1a: Pelipper\n|move|p1b: Floatzel|Wave Crash|p2b: Scizor\n|-damage|p2b: Scizor|0 fnt\n|faint|p2b: Scizor\n|-damage|p1b: Floatzel|66\/100|[from] Recoil\n|\n|-weather|RainDance|[upkeep]\n|-sideend|p1: ff3rchus|move: Tailwind\n|upkeep\n|\n|t:|1683556329\n|switch|p1a: Lurantis|Lurantis, L50, M, shiny|100\/100\n|switch|p2b: Sandy Shocks|Sandy Shocks, L50, tera:Ghost|14\/100\n|turn|5\n|\n|t:|1683556354\n|move|p1b: Floatzel|Ice Spinner|p2b: Sandy Shocks\n|-damage|p2b: Sandy Shocks|0 fnt\n|faint|p2b: Sandy Shocks\n|-end|p2b: Sandy Shocks|Protosynthesis|[silent]\n|move|p2a: Iron Valiant|Hypnosis|p1b: Floatzel\n|-status|p1b: Floatzel|slp|[from] move: Hypnosis\n|move|p1a: Lurantis|Leaf Storm|p2a: Iron Valiant\n|-crit|p2a: Iron Valiant\n|-enditem|p2a: Iron Valiant|Focus Sash\n|-damage|p2a: Iron Valiant|1\/100\n|-boost|p1a: Lurantis|spa|2\n|\n|-weather|none\n|-fieldend|move: Gravity\n|upkeep\n|turn|6\n|\n|t:|1683556369\n|move|p2a: Iron Valiant|Focus Blast|p1a: Lurantis\n|-damage|p1a: Lurantis|31\/100\n|cant|p1b: Floatzel|slp\n|move|p1a: Lurantis|Pollen Puff|p2a: Iron Valiant\n|-resisted|p2a: Iron Valiant\n|-damage|p2a: Iron Valiant|0 fnt\n|faint|p2a: Iron Valiant\n|-end|p2a: Iron Valiant|Quark Drive|[silent]\n|\n|win|ff3rchus\n|raw|ff3rchus's rating: 1066 → 1096<\/strong> (+30 for winning)\n|raw|WillieDangerously's rating: 1060 → 1041<\/strong> (-19 for losing)\n","uploadtime":1683556373,"views":7,"p1id":"ff3rchus","p2id":"williedangerously","formatid":"gen9vgc2023regulationc","rating":1041,"private":0,"password":""}