{"id":"gen9vgc2023regulationc-1846316100","p1":"Seedot is my god","p2":"Vampirestarfish","format":"[Gen 9] VGC 2023 Regulation C","log":"|j|\u2606Seedot is my god\n|j|\u2606Vampirestarfish\n|t:|1681831036\n|gametype|doubles\n|player|p1|Seedot is my god|169|1057\n|player|p2|Vampirestarfish|unknownf|1187\n|teamsize|p1|6\n|teamsize|p2|6\n|gen|9\n|tier|[Gen 9] VGC 2023 Regulation C\n|rated|\n|rule|Species Clause: Limit one of each Pok\u00e9mon\n|rule|Item Clause: Limit one of each item\n|clearpoke\n|poke|p1|Chi-Yu, L50|\n|poke|p1|Dachsbun, L50, F|\n|poke|p1|Dragonite, L50, F|\n|poke|p1|Chien-Pao, L50|\n|poke|p1|Flutter Mane, L50|\n|poke|p1|Gyarados, L50, F|\n|poke|p2|Amoonguss, L50, F|\n|poke|p2|Chi-Yu, L50|\n|poke|p2|Dachsbun, L50, M|\n|poke|p2|Torkoal, L50, F|\n|poke|p2|Revavroom, L50, M|\n|poke|p2|Flutter Mane, L50|\n|teampreview|4\nSeedot is my god has agreed to open team sheets.\n|inactive|Battle timer is ON: inactive players will automatically lose when time's up. (requested by Seedot is my god)\n|\n|t:|1681831065\n|start\n|switch|p1a: Chi-Yu|Chi-Yu, L50|100\/100\n|switch|p1b: Dachsbun|Dachsbun, L50, F|100\/100\n|switch|p2a: Dachsbun|Dachsbun, L50, M|100\/100\n|switch|p2b: Chi-Yu|Chi-Yu, L50|100\/100\n|-ability|p2b: Chi-Yu|Beads of Ruin\n|-ability|p1a: Chi-Yu|Beads of Ruin\n|turn|1\n|inactive|Vampirestarfish has 30 seconds left.\n|inactive|Vampirestarfish has 20 seconds left.\n|inactive|Vampirestarfish has 15 seconds left.\n|\n|t:|1681831110\n|-terastallize|p1a: Chi-Yu|Ghost\n|move|p1a: Chi-Yu|Snarl|p2a: Dachsbun|[spread] p2a,p2b\n|-resisted|p2a: Dachsbun\n|-resisted|p2b: Chi-Yu\n|-damage|p2a: Dachsbun|88\/100\n|-damage|p2b: Chi-Yu|88\/100\n|-unboost|p2a: Dachsbun|spa|1\n|-unboost|p2b: Chi-Yu|spa|1\n|move|p2b: Chi-Yu|Lava Plume|p1b: Dachsbun|[spread] p1a\n|-ability|p2a: Dachsbun|Well-Baked Body|boost\n|-boost|p2a: Dachsbun|def|2\n|-ability|p1b: Dachsbun|Well-Baked Body|boost\n|-boost|p1b: Dachsbun|def|2\n|-damage|p1a: Chi-Yu|81\/100\n|move|p2a: Dachsbun|Body Press|p1a: Chi-Yu\n|-immune|p1a: Chi-Yu\n|move|p1b: Dachsbun|Body Press|p2b: Chi-Yu\n|-supereffective|p2b: Chi-Yu\n|-damage|p2b: Chi-Yu|0 fnt\n|faint|p2b: Chi-Yu\n|\n|-heal|p2a: Dachsbun|94\/100|[from] item: Leftovers\n|upkeep\n|\n|t:|1681831131\n|switch|p2b: Flutter Mane|Flutter Mane, L50|100\/100\n|turn|2\n|\n|t:|1681831148\n|move|p1a: Chi-Yu|Snarl|p2b: Flutter Mane|[spread] p2a,p2b\n|-resisted|p2a: Dachsbun\n|-crit|p2b: Flutter Mane\n|-damage|p2a: Dachsbun|80\/100\n|-damage|p2b: Flutter Mane|50\/100\n|-unboost|p2a: Dachsbun|spa|1\n|-unboost|p2b: Flutter Mane|spa|1\n|move|p2b: Flutter Mane|Dazzling Gleam|p1a: Chi-Yu|[spread] p1a,p1b\n|-damage|p1a: Chi-Yu|56\/100\n|-damage|p1b: Dachsbun|63\/100\n|move|p1b: Dachsbun|Yawn|p2b: Flutter Mane\n|-start|p2b: Flutter Mane|move: Yawn|[of] p1b: Dachsbun\n|move|p2a: Dachsbun|Baton Pass|p2a: Dachsbun\n|\n|t:|1681831159\n|switch|p2a: Revavroom|Revavroom, L50, M|100\/100|[from] Baton Pass\n|\n|-heal|p1b: Dachsbun|69\/100|[from] item: Leftovers\n|upkeep\n|turn|3\n|\n|t:|1681831178\n|-end|p2b: Flutter Mane|Protosynthesis|[silent]\n|switch|p2b: Dachsbun|Dachsbun, L50, M|80\/100\n|-terastallize|p2a: Revavroom|Water\n|move|p1a: Chi-Yu|Snarl|p2b: Dachsbun|[spread] p2a,p2b\n|-resisted|p2b: Dachsbun\n|-damage|p2a: Revavroom|79\/100\n|-damage|p2b: Dachsbun|68\/100\n|-unboost|p2a: Revavroom|spa|1\n|-unboost|p2b: Dachsbun|spa|1\n|move|p1b: Dachsbun|Body Press|p2a: Revavroom\n|-damage|p2a: Revavroom|54\/100\n|move|p2a: Revavroom|Iron Head|p1b: Dachsbun\n|-supereffective|p1b: Dachsbun\n|-damage|p1b: Dachsbun|44\/100\n|\n|-heal|p2b: Dachsbun|74\/100|[from] item: Leftovers\n|-heal|p1b: Dachsbun|50\/100|[from] item: Leftovers\n|upkeep\n|turn|4\n|inactive|Vampirestarfish has 30 seconds left.\n|\n|t:|1681831204\n|switch|p1a: Flutter Mane|Flutter Mane, L50|100\/100\n|-enditem|p1a: Flutter Mane|Booster Energy\n|-activate|p1a: Flutter Mane|ability: Protosynthesis|[fromitem]\n|-start|p1a: Flutter Mane|protosynthesisspe\n|move|p2b: Dachsbun|Wish|p2b: Dachsbun\n|move|p1b: Dachsbun|Yawn|p2a: Revavroom\n|-start|p2a: Revavroom|move: Yawn|[of] p1b: Dachsbun\n|move|p2a: Revavroom|Gunk Shot|p1b: Dachsbun\n|-supereffective|p1b: Dachsbun\n|-damage|p1b: Dachsbun|17\/100\n|\n|-heal|p2b: Dachsbun|80\/100|[from] item: Leftovers\n|-heal|p1b: Dachsbun|23\/100|[from] item: Leftovers\n|upkeep\n|turn|5\n|inactive|Seedot is my god has 30 seconds left.\n|inactive|Vampirestarfish has 30 seconds left.\n|\n|t:|1681831239\n|switch|p1b: Chi-Yu|Chi-Yu, L50, tera:Ghost|56\/100\n|-ability|p1b: Chi-Yu|Beads of Ruin\n|move|p1a: Flutter Mane|Shadow Ball|p2a: Revavroom\n|-damage|p2a: Revavroom|11\/100\n|move|p2b: Dachsbun|Body Press|p1b: Chi-Yu\n|-immune|p1b: Chi-Yu\n|move|p2a: Revavroom|Gunk Shot|p1a: Flutter Mane\n|-damage|p1a: Flutter Mane|0 fnt\n|faint|p1a: Flutter Mane\n|-end|p1a: Flutter Mane|Protosynthesis|[silent]\n|\n|-heal|p2b: Dachsbun|100\/100|[from] move: Wish|[wisher] Dachsbun\n|-end|p2a: Revavroom|move: Yawn|[silent]\n|-status|p2a: Revavroom|slp\n|upkeep\n|\n|t:|1681831255\n|switch|p1a: Chien-Pao|Chien-Pao, L50|100\/100\n|-ability|p1a: Chien-Pao|Sword of Ruin\n|turn|6\n|\n|t:|1681831278\n|move|p1b: Chi-Yu|Dark Pulse|p2b: Dachsbun\n|-resisted|p2b: Dachsbun\n|-damage|p2b: Dachsbun|77\/100\n|move|p1a: Chien-Pao|Ice Spinner|p2b: Dachsbun\n|-damage|p2b: Dachsbun|23\/100\n|move|p2b: Dachsbun|Body Press|p1a: Chien-Pao\n|-supereffective|p1a: Chien-Pao\n|-enditem|p1a: Chien-Pao|Focus Sash\n|-damage|p1a: Chien-Pao|1\/100\n|cant|p2a: Revavroom|slp\n|\n|-heal|p2b: Dachsbun|29\/100|[from] item: Leftovers\n|upkeep\n|turn|7\n|inactive|Vampirestarfish has 30 seconds left.\n|\n|t:|1681831305\n|move|p1b: Chi-Yu|Dark Pulse|p2a: Revavroom\n|-damage|p2a: Revavroom|0 fnt\n|faint|p2a: Revavroom\n|move|p1a: Chien-Pao|Ice Spinner|p2b: Dachsbun\n|-damage|p2b: Dachsbun|0 fnt\n|faint|p2b: Dachsbun\n|\n|upkeep\n|\n|t:|1681831317\n|switch|p2b: Flutter Mane|Flutter Mane, L50|50\/100\n|turn|8\n|\n|t:|1681831330\n|move|p2b: Flutter Mane|Protect|p2b: Flutter Mane\n|-singleturn|p2b: Flutter Mane|Protect\n|move|p1a: Chien-Pao|Sucker Punch||[still]\n|-fail|p1a: Chien-Pao\n|move|p1b: Chi-Yu|Dark Pulse|p2b: Flutter Mane\n|-activate|p2b: Flutter Mane|move: Protect\n|\n|upkeep\n|turn|9\n|\n|t:|1681831338\n|move|p1a: Chien-Pao|Sucker Punch|p2b: Flutter Mane\n|-damage|p2b: Flutter Mane|0 fnt\n|faint|p2b: Flutter Mane\n|-end|p2b: Flutter Mane|Protosynthesis|[silent]\n|\n|win|Seedot is my god\n|raw|Seedot is my god's rating: 1057 → 1100<\/strong> (+43 for winning)\n|raw|Vampirestarfish's rating: 1187 → 1153<\/strong> (-34 for losing)\n|l|\u2606Vampirestarfish\n","uploadtime":1681831346,"views":6,"p1id":"seedotismygod","p2id":"vampirestarfish","formatid":"gen9vgc2023regulationc","rating":1100,"private":0,"password":""}