{"id":"gen9vgc2023regulationc-1846892385","p1":"Vgc2k23","p2":"zfbzcgb","format":"[Gen 9] VGC 2023 Regulation C","log":"|j|\u2606Vgc2k23\n|j|\u2606zfbzcgb\n|t:|1681896922\n|gametype|doubles\n|player|p1|Vgc2k23|266|1078\n|player|p2|zfbzcgb|170|1072\n|teamsize|p1|6\n|teamsize|p2|6\n|gen|9\n|tier|[Gen 9] VGC 2023 Regulation C\n|rated|\n|rule|Species Clause: Limit one of each Pok\u00e9mon\n|rule|Item Clause: Limit one of each item\n|clearpoke\n|poke|p1|Palafin, L50, M|\n|poke|p1|Chien-Pao, L50|\n|poke|p1|Dragapult, L50, M|\n|poke|p1|Amoonguss, L50, F|\n|poke|p1|Arcanine, L50, M|\n|poke|p1|Flutter Mane, L50|\n|poke|p2|Torkoal, L50, F|\n|poke|p2|Chi-Yu, L50|\n|poke|p2|Bronzong, L50|\n|poke|p2|Gastrodon, L50, M|\n|poke|p2|Grimmsnarl, L50, M|\n|poke|p2|Skeledirge, L50, F|\n|teampreview|4\n|inactive|Battle timer is ON: inactive players will automatically lose when time's up. (requested by zfbzcgb)\n|\n|t:|1681896958\n|start\n|switch|p1a: AM|Amoonguss, L50, F|100\/100\n|switch|p1b: PH|Palafin, L50, M|100\/100\n|switch|p2a: Grimmsnarl|Grimmsnarl, L50, M|100\/100\n|switch|p2b: Bronzong|Bronzong, L50|100\/100\n|turn|1\n|\n|t:|1681896981\n|detailschange|p1b: PH|Palafin-Hero, L50, M\n|switch|p1b: AR|Arcanine, L50, M|100\/100\n|-ability|p1b: AR|Intimidate|boost\n|-unboost|p2a: Grimmsnarl|atk|1\n|-unboost|p2b: Bronzong|atk|1\n|move|p2a: Grimmsnarl|Fake Out|p1a: AM\n|-damage|p1a: AM|92\/100\n|move|p2b: Bronzong|Iron Head|p1a: AM\n|-damage|p1a: AM|78\/100\n|cant|p1a: AM|flinch\n|\n|upkeep\n|turn|2\n|inactive|Vgc2k23 has 30 seconds left.\n|\n|t:|1681897014\n|switch|p2b: Skeledirge|Skeledirge, L50, F|100\/100\n|move|p2a: Grimmsnarl|Trick|p1a: AM\n|-activate|p2a: Grimmsnarl|move: Trick|[of] p1a: AM\n|-item|p1a: AM|Lagging Tail|[from] move: Trick\n|-item|p2a: Grimmsnarl|Sitrus Berry|[from] move: Trick\n|move|p1b: AR|Flare Blitz|p2b: Skeledirge\n|-resisted|p2b: Skeledirge\n|-damage|p2b: Skeledirge|79\/100\n|-damage|p1b: AR|93\/100|[from] Recoil\n|move|p1a: AM|Spore|p2b: Skeledirge\n|-status|p2b: Skeledirge|slp|[from] move: Spore\n|\n|-heal|p2b: Skeledirge|85\/100 slp|[from] item: Leftovers\n|upkeep\n|turn|3\n|\n|t:|1681897037\n|switch|p1b: PH|Palafin-Hero, L50, M|100\/100\n|-activate|p1b: PH|ability: Zero to Hero\n|cant|p2b: Skeledirge|slp\n|move|p2a: Grimmsnarl|Spirit Break|p1b: PH\n|-damage|p1b: PH|75\/100\n|-unboost|p1b: PH|spa|1\n|move|p1a: AM|Spore|p2a: Grimmsnarl\n|-status|p2a: Grimmsnarl|slp|[from] move: Spore\n|\n|-heal|p2b: Skeledirge|91\/100 slp|[from] item: Leftovers\n|upkeep\n|turn|4\n|\n|t:|1681897057\n|switch|p2a: Gastrodon|Gastrodon, L50, M|100\/100\n|move|p1a: AM|Rage Powder|p1a: AM\n|-singleturn|p1a: AM|move: Rage Powder\n|move|p1b: PH|Jet Punch|p2a: Gastrodon\n|-activate|p2a: Gastrodon|ability: Storm Drain\n|-ability|p2a: Gastrodon|Storm Drain|boost\n|-boost|p2a: Gastrodon|spa|1\n|cant|p2b: Skeledirge|slp\n|\n|-heal|p2b: Skeledirge|97\/100 slp|[from] item: Leftovers\n|upkeep\n|turn|5\n|\n|t:|1681897073\n|switch|p1b: DP|Dragapult, L50, M|100\/100\n|move|p2a: Gastrodon|Protect|p2a: Gastrodon\n|-singleturn|p2a: Gastrodon|Protect\n|cant|p2b: Skeledirge|slp\n|move|p1a: AM|Spore|p2a: Gastrodon\n|-activate|p2a: Gastrodon|move: Protect\n|\n|-heal|p2b: Skeledirge|100\/100 slp|[from] item: Leftovers\n|upkeep\n|turn|6\n|\n|t:|1681897092\n|switch|p2a: Grimmsnarl|Grimmsnarl, L50, M|100\/100 slp\n|-terastallize|p2b: Skeledirge|Fairy\n|move|p1b: DP|Dragon Darts|p2a: Grimmsnarl\n|-immune|p2b: Skeledirge\n|-curestatus|p2b: Skeledirge|slp|[msg]\n|move|p2b: Skeledirge|Torch Song|p1a: AM\n|-supereffective|p1a: AM\n|-damage|p1a: AM|14\/100\n|-boost|p2b: Skeledirge|spa|1\n|move|p1a: AM|Spore|p2a: Grimmsnarl\n|-fail|p2a: Grimmsnarl|slp\n|\n|upkeep\n|turn|7\n|\n|t:|1681897114\n|switch|p1b: PH|Palafin-Hero, L50, M|75\/100\n|switch|p1a: AR|Arcanine, L50, M|93\/100\n|-ability|p1a: AR|Intimidate|boost\n|-unboost|p2a: Grimmsnarl|atk|1\n|-unboost|p2b: Skeledirge|atk|1\n|cant|p2a: Grimmsnarl|slp\n|move|p2b: Skeledirge|Torch Song|p1a: AR\n|-resisted|p1a: AR\n|-damage|p1a: AR|57\/100\n|-boost|p2b: Skeledirge|spa|1\n|\n|upkeep\n|turn|8\n|\n|t:|1681897137\n|move|p2b: Skeledirge|Protect|p2b: Skeledirge\n|-singleturn|p2b: Skeledirge|Protect\n|cant|p2a: Grimmsnarl|slp\n|move|p1a: AR|Flare Blitz|p2a: Grimmsnarl\n|-damage|p2a: Grimmsnarl|42\/100 slp\n|-enditem|p2a: Grimmsnarl|Sitrus Berry|[eat]\n|-heal|p2a: Grimmsnarl|67\/100 slp|[from] item: Sitrus Berry\n|-damage|p1a: AR|38\/100|[from] Recoil\n|move|p1b: PH|Haze|p1b: PH\n|-clearallboost\n|\n|upkeep\n|turn|9\n|inactive|Vgc2k23 has 30 seconds left.\n|\n|t:|1681897171\n|switch|p1a: DP|Dragapult, L50, M|100\/100\n|switch|p1b: AM|Amoonguss, L50, F|47\/100\n|switch|p2a: Gastrodon|Gastrodon, L50, M|100\/100\n|move|p2b: Skeledirge|Encore||[still]\n|-fail|p2b: Skeledirge\n|\n|upkeep\n|turn|10\n|\n|t:|1681897189\n|move|p1a: DP|Phantom Force||[still]\n|-prepare|p1a: DP|Phantom Force\n|move|p2b: Skeledirge|Torch Song|p1b: AM\n|-supereffective|p1b: AM\n|-damage|p1b: AM|0 fnt\n|-boost|p2b: Skeledirge|spa|1\n|faint|p1b: AM\n|move|p2a: Gastrodon|Earth Power|p1a: DP|[miss]\n|-miss|p2a: Gastrodon|p1a: DP\n|\n|upkeep\n|\n|t:|1681897204\n|switch|p1b: AR|Arcanine, L50, M|38\/100\n|-ability|p1b: AR|Intimidate|boost\n|-unboost|p2a: Gastrodon|atk|1\n|-unboost|p2b: Skeledirge|atk|1\n|turn|11\n|\n|t:|1681897214\n|switch|p2b: Grimmsnarl|Grimmsnarl, L50, M|67\/100 slp\n|switch|p2a: Bronzong|Bronzong, L50|100\/100\n|move|p1b: AR|Protect|p1b: AR\n|-singleturn|p1b: AR|Protect\n|move|p1a: DP|Phantom Force|p2b: Grimmsnarl|[from]lockedmove\n|-resisted|p2b: Grimmsnarl\n|-damage|p2b: Grimmsnarl|28\/100 slp\n|\n|upkeep\n|turn|12\n|inactive|Vgc2k23 has 30 seconds left.\n|inactive|Vgc2k23 has 20 seconds left.\n|inactive|Vgc2k23 has 15 seconds left.\n|inactive|Vgc2k23 has 10 seconds left.\n|inactive|Vgc2k23 has 5 seconds left.\n|\n|t:|1681897267\n|switch|p1a: PH|Palafin-Hero, L50, M|75\/100\n|switch|p2a: Skeledirge|Skeledirge, L50, F, tera:Fairy|100\/100\n|-curestatus|p2b: Grimmsnarl|slp|[msg]\n|move|p2b: Grimmsnarl|Sucker Punch||[still]\n|-fail|p2b: Grimmsnarl\n|move|p1b: AR|Will-O-Wisp|p2a: Skeledirge\n|-status|p2a: Skeledirge|brn\n|\n|-damage|p2a: Skeledirge|95\/100 brn|[from] brn\n|upkeep\n|turn|13\n|\n|t:|1681897292\n|switch|p2a: Gastrodon|Gastrodon, L50, M|100\/100\n|move|p1a: PH|Protect|p1a: PH\n|-singleturn|p1a: PH|Protect\n|move|p2b: Grimmsnarl|Sucker Punch||[still]\n|-fail|p2b: Grimmsnarl\n|move|p1b: AR|Will-O-Wisp|p2b: Grimmsnarl\n|-status|p2b: Grimmsnarl|brn\n|\n|-damage|p2b: Grimmsnarl|22\/100 brn|[from] brn\n|upkeep\n|turn|14\n|inactive|Vgc2k23 has 30 seconds left.\n|\n|t:|1681897323\n|switch|p1a: DP|Dragapult, L50, M|100\/100\n|move|p2b: Grimmsnarl|Trick|p1a: DP\n|-activate|p2b: Grimmsnarl|move: Trick|[of] p1a: DP\n|-enditem|p1a: DP|Choice Band|[silent]|[from] move: Trick\n|-item|p2b: Grimmsnarl|Choice Band|[from] move: Trick\n|move|p1b: AR|Will-O-Wisp|p2a: Gastrodon\n|-status|p2a: Gastrodon|brn\n|move|p2a: Gastrodon|Earth Power|p1b: AR\n|-supereffective|p1b: AR\n|-damage|p1b: AR|0 fnt\n|faint|p1b: AR\n|\n|-damage|p2b: Grimmsnarl|16\/100 brn|[from] brn\n|-damage|p2a: Gastrodon|95\/100 brn|[from] brn\n|upkeep\n|\n|t:|1681897339\n|switch|p1b: PH|Palafin-Hero, L50, M|75\/100\n|turn|15\n|\n|t:|1681897358\n|move|p1b: PH|Protect|p1b: PH\n|-singleturn|p1b: PH|Protect\n|move|p2a: Gastrodon|Protect|p2a: Gastrodon\n|-singleturn|p2a: Gastrodon|Protect\n|move|p2b: Grimmsnarl|Sucker Punch|p1a: DP\n|-supereffective|p1a: DP\n|-damage|p1a: DP|32\/100\n|move|p1a: DP|Dragon Darts|p2a: Gastrodon\n|-immune|p2b: Grimmsnarl\n|\n|-damage|p2b: Grimmsnarl|10\/100 brn|[from] brn\n|-damage|p2a: Gastrodon|89\/100 brn|[from] brn\n|upkeep\n|turn|16\n|inactive|Vgc2k23 has 30 seconds left.\n|\n|t:|1681897385\n|move|p2b: Grimmsnarl|Sucker Punch|p1a: DP\n|-supereffective|p1a: DP\n|-damage|p1a: DP|0 fnt\n|faint|p1a: DP\n|move|p1b: PH|Haze|p1b: PH\n|-clearallboost\n|move|p2a: Gastrodon|Earth Power|p1b: PH\n|-damage|p1b: PH|40\/100\n|\n|-damage|p2b: Grimmsnarl|5\/100 brn|[from] brn\n|-damage|p2a: Gastrodon|83\/100 brn|[from] brn\n|upkeep\n|turn|17\n|-message|Vgc2k23 forfeited.\n|\n|win|zfbzcgb\n|raw|Vgc2k23's rating: 1078 → 1055<\/strong> (-23 for losing)\n|raw|zfbzcgb's rating: 1054 → 1088<\/strong> (+34 for winning)\n|l|\u2606Vgc2k23\n","uploadtime":1681897392,"views":14,"p1id":"vgc2k23","p2id":"zfbzcgb","formatid":"gen9vgc2023regulationc","rating":1055,"private":0,"password":""}