{"id":"gen9vgc2023regulationc-1846323174","p1":"haha u rage quit","p2":"Koopacomander3","format":"[Gen 9] VGC 2023 Regulation C","log":"|j|\u2606haha u rage quit\n|j|\u2606Koopacomander3\n|t:|1681831610\n|gametype|doubles\n|player|p1|haha u rage quit|pokemaniac|1101\n|player|p2|Koopacomander3|barry|1029\n|teamsize|p1|6\n|teamsize|p2|6\n|gen|9\n|tier|[Gen 9] VGC 2023 Regulation C\n|rated|\n|rule|Species Clause: Limit one of each Pok\u00e9mon\n|rule|Item Clause: Limit one of each item\n|clearpoke\n|poke|p1|Amoonguss, L50, M|\n|poke|p1|Flutter Mane, L50|\n|poke|p1|Arcanine, L50, M|\n|poke|p1|Iron Bundle, L50|\n|poke|p1|Baxcalibur, L50, M|\n|poke|p1|Palafin, L50, M|\n|poke|p2|Ting-Lu, L50|\n|poke|p2|Brute Bonnet, L50|\n|poke|p2|Bronzong, L50|\n|poke|p2|Armarouge, L50, M|\n|poke|p2|Kingambit, L50, F|\n|poke|p2|Dragonite, L50, F|\n|teampreview|4\n|inactive|Battle timer is ON: inactive players will automatically lose when time's up. (requested by Koopacomander3)\n|inactive|haha u rage quit has 60 seconds left.\n|\n|t:|1681831659\n|start\n|switch|p1a: Flutter Mane|Flutter Mane, L50|100\/100\n|switch|p1b: Arcanine|Arcanine, L50, M|100\/100\n|switch|p2a: Kingambit|Kingambit, L50, F|100\/100\n|switch|p2b: Ting-Lu|Ting-Lu, L50|100\/100\n|-ability|p1b: Arcanine|Intimidate|boost\n|-unboost|p2a: Kingambit|atk|1\n|-ability|p2a: Kingambit|Defiant|boost\n|-boost|p2a: Kingambit|atk|2\n|-unboost|p2b: Ting-Lu|atk|1\n|-ability|p2b: Ting-Lu|Vessel of Ruin\n|-enditem|p1a: Flutter Mane|Booster Energy\n|-activate|p1a: Flutter Mane|ability: Protosynthesis|[fromitem]\n|-start|p1a: Flutter Mane|protosynthesisspe\n|turn|1\n|inactive|Koopacomander3 has 30 seconds left.\n|inactive|Koopacomander3 has 20 seconds left.\n|\n|t:|1681831696\n|-terastallize|p2a: Kingambit|Dark\n|move|p1a: Flutter Mane|Protect|p1a: Flutter Mane\n|-singleturn|p1a: Flutter Mane|Protect\n|move|p1b: Arcanine|Flare Blitz|p2a: Kingambit\n|-damage|p2a: Kingambit|59\/100\n|-status|p2a: Kingambit|brn\n|-damage|p1b: Arcanine|84\/100|[from] Recoil\n|move|p2a: Kingambit|Kowtow Cleave|p1b: Arcanine\n|-crit|p1b: Arcanine\n|-damage|p1b: Arcanine|0 fnt\n|faint|p1b: Arcanine\n|move|p2b: Ting-Lu|Fissure|p1a: Flutter Mane\n|-activate|p1a: Flutter Mane|move: Protect\n|\n|-damage|p2a: Kingambit|54\/100 brn|[from] brn\n|upkeep\n|\n|t:|1681831717\n|switch|p1b: Palafin|Palafin, L50, M|100\/100\n|turn|2\n|\n|t:|1681831734\n|switch|p2a: Brute Bonnet|Brute Bonnet, L50|100\/100\n|-enditem|p2a: Brute Bonnet|Booster Energy\n|-activate|p2a: Brute Bonnet|ability: Protosynthesis|[fromitem]\n|-start|p2a: Brute Bonnet|protosynthesisatk\n|-terastallize|p1a: Flutter Mane|Fairy\n|move|p1a: Flutter Mane|Dazzling Gleam|p2a: Brute Bonnet|[spread] p2a,p2b\n|-supereffective|p2a: Brute Bonnet\n|-supereffective|p2b: Ting-Lu\n|-damage|p2a: Brute Bonnet|44\/100\n|-damage|p2b: Ting-Lu|68\/100\n|move|p1b: Palafin|Wave Crash|p2b: Ting-Lu\n|-supereffective|p2b: Ting-Lu\n|-damage|p2b: Ting-Lu|16\/100\n|-damage|p1b: Palafin|78\/100|[from] Recoil\n|move|p2b: Ting-Lu|Ruination|p1a: Flutter Mane\n|-damage|p1a: Flutter Mane|51\/100\n|\n|upkeep\n|turn|3\n|inactive|haha u rage quit has 30 seconds left.\n|inactive|Koopacomander3 has 30 seconds left.\n|inactive|Koopacomander3 has 20 seconds left.\n|inactive|Koopacomander3 has 15 seconds left.\n|\n|t:|1681831778\n|detailschange|p1b: Palafin|Palafin-Hero, L50, M\n|switch|p1b: Baxcalibur|Baxcalibur, L50, M|100\/100\n|move|p1a: Flutter Mane|Protect|p1a: Flutter Mane\n|-singleturn|p1a: Flutter Mane|Protect\n|move|p2a: Brute Bonnet|Seed Bomb|p1b: Baxcalibur\n|-resisted|p1b: Baxcalibur\n|-damage|p1b: Baxcalibur|74\/100\n|move|p2b: Ting-Lu|Fissure|p1b: Baxcalibur|[miss]\n|-miss|p2b: Ting-Lu|p1b: Baxcalibur\n|\n|upkeep\n|turn|4\n|\n|t:|1681831794\n|move|p2a: Brute Bonnet|Protect|p2a: Brute Bonnet\n|-singleturn|p2a: Brute Bonnet|Protect\n|move|p1a: Flutter Mane|Dazzling Gleam|p2b: Ting-Lu|[spread] p2b\n|-activate|p2a: Brute Bonnet|move: Protect\n|-supereffective|p2b: Ting-Lu\n|-damage|p2b: Ting-Lu|0 fnt\n|faint|p2b: Ting-Lu\n|move|p1b: Baxcalibur|Icicle Spear|p2a: Brute Bonnet\n|-activate|p2a: Brute Bonnet|move: Protect\n|\n|upkeep\n|\n|t:|1681831814\n|switch|p2b: Bronzong|Bronzong, L50|100\/100\n|turn|5\n|inactive|haha u rage quit has 30 seconds left.\n|\n|t:|1681831842\n|move|p1a: Flutter Mane|Shadow Ball|p2b: Bronzong\n|-supereffective|p2b: Bronzong\n|-damage|p2b: Bronzong|32\/100\n|move|p1b: Baxcalibur|Icicle Spear|p2a: Brute Bonnet\n|-supereffective|p2a: Brute Bonnet\n|-damage|p2a: Brute Bonnet|18\/100\n|-supereffective|p2a: Brute Bonnet\n|-damage|p2a: Brute Bonnet|0 fnt\n|faint|p2a: Brute Bonnet\n|-end|p2a: Brute Bonnet|Protosynthesis|[silent]\n|-hitcount|p2: Brute Bonnet|2\n|move|p2b: Bronzong|Trick Room|p2b: Bronzong\n|-fieldstart|move: Trick Room|[of] p2b: Bronzong\n|\n|-heal|p2b: Bronzong|38\/100|[from] item: Leftovers\n|upkeep\n|\n|t:|1681831857\n|switch|p2a: Kingambit|Kingambit, L50, F, tera:Dark|54\/100 brn\n|turn|6\n|\n|t:|1681831872\n|move|p1b: Baxcalibur|Protect|p1b: Baxcalibur\n|-singleturn|p1b: Baxcalibur|Protect\n|move|p1a: Flutter Mane|Protect|p1a: Flutter Mane\n|-singleturn|p1a: Flutter Mane|Protect\n|move|p2b: Bronzong|Iron Head|p1a: Flutter Mane\n|-activate|p1a: Flutter Mane|move: Protect\n|move|p2a: Kingambit|Kowtow Cleave|p1b: Baxcalibur\n|-activate|p1b: Baxcalibur|move: Protect\n|\n|-heal|p2b: Bronzong|44\/100|[from] item: Leftovers\n|-damage|p2a: Kingambit|48\/100 brn|[from] brn\n|upkeep\n|turn|7\n|inactive|haha u rage quit has 30 seconds left.\n|\n|t:|1681831902\n|-end|p1a: Flutter Mane|Protosynthesis|[silent]\n|switch|p1a: Palafin|Palafin-Hero, L50, M|78\/100\n|-activate|p1a: Palafin|ability: Zero to Hero\n|move|p2b: Bronzong|Iron Head|p1a: Palafin\n|-resisted|p1a: Palafin\n|-damage|p1a: Palafin|68\/100\n|move|p2a: Kingambit|Kowtow Cleave|p1a: Palafin\n|-damage|p1a: Palafin|36\/100\n|move|p1b: Baxcalibur|Glaive Rush|p2a: Kingambit\n|-damage|p2a: Kingambit|0 fnt\n|-singlemove|p1b: Baxcalibur|Glaive Rush|[silent]\n|faint|p2a: Kingambit\n|\n|-heal|p2b: Bronzong|49\/100|[from] item: Leftovers\n|upkeep\n|turn|8\n|\n|t:|1681831922\n|move|p1a: Palafin|Jet Punch|p2b: Bronzong\n|-damage|p2b: Bronzong|7\/100\n|move|p2b: Bronzong|Body Press|p1b: Baxcalibur\n|-supereffective|p1b: Baxcalibur\n|-damage|p1b: Baxcalibur|0 fnt\n|faint|p1b: Baxcalibur\n|\n|-heal|p2b: Bronzong|13\/100|[from] item: Leftovers\n|upkeep\n|\n|t:|1681831927\n|switch|p1b: Flutter Mane|Flutter Mane, L50, tera:Fairy|51\/100\n|turn|9\n|\n|t:|1681831934\n|move|p1a: Palafin|Jet Punch|p2b: Bronzong\n|-damage|p2b: Bronzong|0 fnt\n|faint|p2b: Bronzong\n|\n|win|haha u rage quit\n|raw|haha u rage quit's rating: 1101 → 1121<\/strong> (+20 for winning)\n|raw|Koopacomander3's rating: 1029 → 1018<\/strong> (-11 for losing)\n|l|\u2606Koopacomander3\n","uploadtime":1681831960,"views":4,"p1id":"hahauragequit","p2id":"koopacomander3","formatid":"gen9vgc2023regulationc","rating":1018,"private":0,"password":""}