{"id":"gen9vgc2023regulationc-1846836216","p1":"Lupostrasz","p2":"DROOOOOGS","format":"[Gen 9] VGC 2023 Regulation C","log":"|j|\u2606Lupostrasz\n|j|\u2606DROOOOOGS\n|t:|1681887925\n|gametype|doubles\n|player|p1|Lupostrasz|skier|1000\n|player|p2|DROOOOOGS|102|1035\n|teamsize|p1|6\n|teamsize|p2|6\n|gen|9\n|tier|[Gen 9] VGC 2023 Regulation C\n|rated|\n|rule|Species Clause: Limit one of each Pok\u00e9mon\n|rule|Item Clause: Limit one of each item\n|clearpoke\n|poke|p1|Garchomp, L50, M|\n|poke|p1|Chien-Pao, L50|\n|poke|p1|Flutter Mane, L50|\n|poke|p1|Gyarados, L50, F|\n|poke|p1|Chi-Yu, L50|\n|poke|p1|Talonflame, L50, M|\n|poke|p2|Arcanine, L50, F|\n|poke|p2|Iron Hands, L50|\n|poke|p2|Hariyama, L50, F|\n|poke|p2|Flutter Mane, L50|\n|poke|p2|Grimmsnarl, L50, M|\n|poke|p2|Kingambit, L50, F|\n|teampreview|4\n|\n|t:|1681887979\n|start\n|switch|p1a: Chien-Pao|Chien-Pao, L50|100\/100\n|switch|p1b: Flutter Mane|Flutter Mane, L50|100\/100\n|switch|p2a: Kingambit|Kingambit, L50, F|100\/100\n|switch|p2b: Arcanine|Arcanine, L50, F|100\/100\n|-ability|p1a: Chien-Pao|Sword of Ruin\n|-ability|p2b: Arcanine|Intimidate|boost\n|-unboost|p1a: Chien-Pao|atk|1\n|-unboost|p1b: Flutter Mane|atk|1\n|turn|1\n|\n|t:|1681888033\n|-end|p1b: Flutter Mane|Protosynthesis|[silent]\n|switch|p1b: Garchomp|Garchomp, L50, M|100\/100\n|switch|p2a: Iron Hands|Iron Hands, L50|100\/100\n|move|p1a: Chien-Pao|Protect|p1a: Chien-Pao\n|-singleturn|p1a: Chien-Pao|Protect\n|move|p2b: Arcanine|Will-O-Wisp|p1a: Chien-Pao\n|-activate|p1a: Chien-Pao|move: Protect\n|\n|upkeep\n|turn|2\n|\n|t:|1681888110\n|-terastallize|p1a: Chien-Pao|Flying\n|move|p2a: Iron Hands|Fake Out|p1b: Garchomp\n|-damage|p1b: Garchomp|80\/100\n|-damage|p2a: Iron Hands|88\/100|[from] ability: Rough Skin|[of] p1b: Garchomp\n|move|p1a: Chien-Pao|Ice Spinner|p2a: Iron Hands\n|-damage|p2a: Iron Hands|62\/100\n|cant|p1b: Garchomp|flinch\n|move|p2b: Arcanine|Will-O-Wisp|p1b: Garchomp\n|-status|p1b: Garchomp|brn\n|\n|-damage|p1b: Garchomp|74\/100 brn|[from] brn\n|upkeep\n|turn|3\n|\n|t:|1681888148\n|move|p1a: Chien-Pao|Sacred Sword|p2b: Arcanine\n|-crit|p2b: Arcanine\n|-damage|p2b: Arcanine|25\/100\n|-enditem|p2b: Arcanine|Iapapa Berry|[eat]\n|-heal|p2b: Arcanine|58\/100|[from] item: Iapapa Berry\n|move|p1b: Garchomp|Earthquake|p2b: Arcanine|[spread] p2a,p2b\n|-immune|p1a: Chien-Pao\n|-supereffective|p2a: Iron Hands\n|-supereffective|p2b: Arcanine\n|-crit|p2b: Arcanine\n|-damage|p2a: Iron Hands|16\/100\n|-damage|p2b: Arcanine|0 fnt\n|-enditem|p2a: Iron Hands|Sitrus Berry|[eat]\n|-heal|p2a: Iron Hands|41\/100|[from] item: Sitrus Berry\n|faint|p2b: Arcanine\n|-damage|p1b: Garchomp|64\/100 brn|[from] item: Life Orb\n|move|p2a: Iron Hands|Wild Charge|p1a: Chien-Pao\n|-supereffective|p1a: Chien-Pao\n|-enditem|p1a: Chien-Pao|Focus Sash\n|-damage|p1a: Chien-Pao|1\/100\n|-damage|p2a: Iron Hands|24\/100|[from] Recoil\n|\n|-damage|p1b: Garchomp|58\/100 brn|[from] brn\n|upkeep\n|\n|t:|1681888173\n|switch|p2b: Kingambit|Kingambit, L50, F|100\/100\n|turn|4\n|\n|t:|1681888235\n|switch|p1b: Gyarados|Gyarados, L50, F|100\/100\n|-ability|p1b: Gyarados|Intimidate|boost\n|-unboost|p2a: Iron Hands|atk|1\n|-unboost|p2b: Kingambit|atk|1\n|-ability|p2b: Kingambit|Defiant|boost\n|-boost|p2b: Kingambit|atk|2\n|-terastallize|p2b: Kingambit|Water\n|move|p2b: Kingambit|Sucker Punch|p1a: Chien-Pao\n|-damage|p1a: Chien-Pao|0 fnt\n|faint|p1a: Chien-Pao\n|move|p2a: Iron Hands|Drain Punch|p1b: Gyarados\n|-resisted|p1b: Gyarados\n|-damage|p1b: Gyarados|82\/100\n|-heal|p2a: Iron Hands|31\/100|[from] drain|[of] p1b: Gyarados\n|\n|upkeep\n|\n|t:|1681888257\n|switch|p1a: Garchomp|Garchomp, L50, M|58\/100 brn\n|turn|5\n|\n|t:|1681888285\n|move|p2b: Kingambit|Sucker Punch|p1a: Garchomp\n|-damage|p1a: Garchomp|0 fnt\n|-damage|p2b: Kingambit|88\/100|[from] ability: Rough Skin|[of] p1a: Garchomp\n|faint|p1a: Garchomp\n|move|p1b: Gyarados|Thunder Wave|p2b: Kingambit\n|-status|p2b: Kingambit|par\n|move|p2a: Iron Hands|Wild Charge|p1b: Gyarados\n|-supereffective|p1b: Gyarados\n|-damage|p1b: Gyarados|0 fnt\n|faint|p1b: Gyarados\n|-damage|p2a: Iron Hands|16\/100|[from] Recoil\n|\n|upkeep\n|\n|t:|1681888301\n|switch|p1a: Flutter Mane|Flutter Mane, L50|100\/100\n|turn|6\n|\n|t:|1681888307\n|move|p2b: Kingambit|Sucker Punch|p1a: Flutter Mane\n|-damage|p1a: Flutter Mane|0 fnt\n|faint|p1a: Flutter Mane\n|-end|p1a: Flutter Mane|Protosynthesis|[silent]\n|\n|win|DROOOOOGS\n|raw|Lupostrasz's rating: 1000 → 1000<\/strong> (+0 for losing)\n|raw|DROOOOOGS's rating: 1035 → 1066<\/strong> (+31 for winning)\n|l|\u2606DROOOOOGS\n","uploadtime":1681888315,"views":16,"p1id":"lupostrasz","p2id":"drooooogs","formatid":"gen9vgc2023regulationc","rating":1000,"private":0,"password":""}