{"id":"gen9vgc2023regulationc-1859211406","p1":"StormBirdAR!081","p2":"AlvaroMoon","format":"[Gen 9] VGC 2023 Regulation C","log":"|j|\u2606StormBirdAR!081\n|j|\u2606AlvaroMoon\n|t:|1683418536\n|gametype|doubles\n|player|p1|StormBirdAR!081|170|1084\n|player|p2|AlvaroMoon|nate|1133\n|teamsize|p1|6\n|teamsize|p2|6\n|gen|9\n|tier|[Gen 9] VGC 2023 Regulation C\n|rated|\n|rule|Species Clause: Limit one of each Pok\u00e9mon\n|rule|Item Clause: Limit one of each item\n|clearpoke\n|poke|p1|Flutter Mane, L50|\n|poke|p1|Scovillain, L50, M|\n|poke|p1|Dragapult, L50, F|\n|poke|p1|Iron Bundle, L50|\n|poke|p1|Iron Moth, L50|\n|poke|p1|Torkoal, L50, F|\n|poke|p2|Garganacl, L50, M|\n|poke|p2|Glimmora, L50, F|\n|poke|p2|Amoonguss, L50, F|\n|poke|p2|Iron Bundle, L50|\n|poke|p2|Ceruledge, L50, M|\n|poke|p2|Orthworm, L50, M|\n|teampreview|4\n|inactive|Battle timer is ON: inactive players will automatically lose when time's up. (requested by AlvaroMoon)\nStormBirdAR!081 has agreed to open team sheets.\n|inactive|StormBirdAR!081 has 60 seconds left.\n|\n|t:|1683418570\n|start\n|switch|p1a: Torkoal|Torkoal, L50, F|100\/100\n|switch|p1b: Scovillain|Scovillain, L50, M|100\/100\n|switch|p2a: Glimmora|Glimmora, L50, F, shiny|100\/100\n|switch|p2b: Iron Bundle|Iron Bundle, L50, shiny|100\/100\n|-weather|SunnyDay|[from] ability: Drought|[of] p1a: Torkoal\n|-item|p1a: Torkoal|Air Balloon\n|-enditem|p2b: Iron Bundle|Booster Energy\n|-activate|p2b: Iron Bundle|ability: Quark Drive|[fromitem]\n|-start|p2b: Iron Bundle|quarkdrivespe\n|turn|1\n|inactive|StormBirdAR!081 has 30 seconds left.\n|inactive|AlvaroMoon has 30 seconds left.\n|\n|t:|1683418603\n|move|p2b: Iron Bundle|Hydro Pump|p1a: Torkoal\n|-supereffective|p1a: Torkoal\n|-damage|p1a: Torkoal|31\/100\n|-enditem|p1a: Torkoal|Air Balloon\n|move|p1b: Scovillain|Spicy Extract|p2b: Iron Bundle\n|-boost|p2b: Iron Bundle|atk|2\n|-unboost|p2b: Iron Bundle|def|2\n|-enditem|p1b: Scovillain|Mirror Herb\n|-boost|p1b: Scovillain|atk|2|[from] item: Mirror Herb\n|move|p2a: Glimmora|Mortal Spin|p1a: Torkoal|[spread] p1a,p1b\n|-supereffective|p1b: Scovillain\n|-damage|p1a: Torkoal|27\/100\n|-damage|p1b: Scovillain|83\/100\n|-status|p1a: Torkoal|psn\n|-status|p1b: Scovillain|psn\n|move|p1a: Torkoal|Earth Power|p2a: Glimmora\n|-supereffective|p2a: Glimmora\n|-damage|p2a: Glimmora|2\/100\n|\n|-weather|SunnyDay|[upkeep]\n|-damage|p1b: Scovillain|71\/100 psn|[from] psn\n|-damage|p1a: Torkoal|15\/100 psn|[from] psn\n|upkeep\n|turn|2\n|inactive|StormBirdAR!081 has 30 seconds left.\n|inactive|AlvaroMoon has 30 seconds left.\n|\n|t:|1683418631\n|move|p2b: Iron Bundle|Freeze-Dry|p1b: Scovillain\n|-damage|p1b: Scovillain|4\/100 psn\n|move|p1b: Scovillain|Razor Leaf|p2b: Iron Bundle|[spread] p2a,p2b\n|-supereffective|p2b: Iron Bundle\n|-damage|p2a: Glimmora|0 fnt\n|-damage|p2b: Iron Bundle|0 fnt\n|-activate|p2a: Glimmora|ability: Toxic Debris\n|-sidestart|p1: StormBirdAR!081|move: Toxic Spikes\n|faint|p2a: Glimmora\n|faint|p2b: Iron Bundle\n|-end|p2b: Iron Bundle|Quark Drive|[silent]\n|move|p1a: Torkoal|Earth Power|p2: Glimmora|[notarget]\n|-fail|p1a: Torkoal\n|\n|-weather|SunnyDay|[upkeep]\n|-damage|p1b: Scovillain|0 fnt|[from] psn\n|faint|p1b: Scovillain\n|-damage|p1a: Torkoal|2\/100 psn|[from] psn\n|upkeep\n|\n|t:|1683418650\n|switch|p2b: Garganacl|Garganacl, L50, M, shiny|100\/100\n|switch|p2a: Ceruledge|Ceruledge, L50, M, shiny|100\/100\n|switch|p1b: Iron Moth|Iron Moth, L50|100\/100\n|-sideend|p1: StormBirdAR!081|move: Toxic Spikes|[of] p1b: Iron Moth\n|turn|3\n|\n|t:|1683418673\n|-terastallize|p2a: Ceruledge|Water\n|move|p1b: Iron Moth|Sludge Wave|p2b: Garganacl|[spread] p1a,p2a,p2b\n|-resisted|p2b: Garganacl\n|-damage|p1a: Torkoal|0 fnt\n|-damage|p2a: Ceruledge|38\/100\n|-damage|p2b: Garganacl|76\/100\n|faint|p1a: Torkoal\n|-damage|p1b: Iron Moth|91\/100|[from] item: Life Orb\n|move|p2a: Ceruledge|Phantom Force||[still]\n|-prepare|p2a: Ceruledge|Phantom Force\n|move|p2b: Garganacl|Salt Cure|p1b: Iron Moth\n|-supereffective|p1b: Iron Moth\n|-damage|p1b: Iron Moth|39\/100\n|-start|p1b: Iron Moth|Salt Cure\n|\n|-weather|SunnyDay|[upkeep]\n|-heal|p2b: Garganacl|82\/100|[from] item: Leftovers\n|-damage|p1b: Iron Moth|27\/100|[from] Salt Cure\n|upkeep\n|\n|t:|1683418690\n|switch|p1a: Iron Bundle|Iron Bundle, L50|100\/100\n|-enditem|p1a: Iron Bundle|Booster Energy\n|-activate|p1a: Iron Bundle|ability: Quark Drive|[fromitem]\n|-start|p1a: Iron Bundle|quarkdrivespe\n|turn|4\n|\n|t:|1683418708\n|move|p2b: Garganacl|Wide Guard|p2b: Garganacl\n|-singleturn|p2b: Garganacl|Wide Guard\n|move|p1a: Iron Bundle|Hydro Pump|p2b: Garganacl\n|-supereffective|p2b: Garganacl\n|-damage|p2b: Garganacl|31\/100\n|move|p1b: Iron Moth|Fiery Dance|p2b: Garganacl\n|-resisted|p2b: Garganacl\n|-damage|p2b: Garganacl|0 fnt\n|-boost|p1b: Iron Moth|spa|1\n|faint|p2b: Garganacl\n|-damage|p1b: Iron Moth|17\/100|[from] item: Life Orb\n|move|p2a: Ceruledge|Phantom Force|p1b: Iron Moth|[from]lockedmove\n|-damage|p1b: Iron Moth|0 fnt\n|faint|p1b: Iron Moth\n|-end|p1b: Iron Moth|Quark Drive|[silent]\n|\n|-weather|SunnyDay|[upkeep]\n|upkeep\n|turn|5\n|\n|t:|1683418728\n|move|p1a: Iron Bundle|Freeze-Dry|p2a: Ceruledge\n|-supereffective|p2a: Ceruledge\n|-damage|p2a: Ceruledge|0 fnt\n|faint|p2a: Ceruledge\n|\n|win|StormBirdAR!081\n|raw|StormBirdAR!081's rating: 1084 → 1115<\/strong> (+31 for winning)\n|raw|AlvaroMoon's rating: 1133 → 1104<\/strong> (-29 for losing)\n|c|\u2606StormBirdAR!081|Gg\n|l|\u2606AlvaroMoon\n","uploadtime":1683418761,"views":9,"p1id":"stormbirdar081","p2id":"alvaromoon","formatid":"gen9vgc2023regulationc","rating":1104,"private":0,"password":""}