{"id":"gen9vgc2023regulationc-1854918782","p1":"AzaleaAkari","p2":"gamerdudehs","format":"[Gen 9] VGC 2023 Regulation C","log":"|j|\u2606AzaleaAkari\n|j|\u2606gamerdudehs\n|t:|1682880707\n|gametype|doubles\n|player|p1|AzaleaAkari|170|\n|player|p2|gamerdudehs|102|\n|teamsize|p1|6\n|teamsize|p2|6\n|gen|9\n|tier|[Gen 9] VGC 2023 Regulation C\n|rule|Species Clause: Limit one of each Pok\u00e9mon\n|rule|Item Clause: Limit one of each item\n|clearpoke\n|poke|p1|Dondozo, L50, M|\n|poke|p1|Tatsugiri, L50, F|\n|poke|p1|Pelipper, L50, M|\n|poke|p1|Drednaw, L50, F|\n|poke|p1|Dragonite, L50, F|\n|poke|p1|Chien-Pao, L50|\n|poke|p2|Iron Jugulis, L50|\n|poke|p2|Great Tusk, L50|\n|poke|p2|Iron Bundle, L50|\n|poke|p2|Iron Hands, L50|\n|poke|p2|Gholdengo, L50|\n|poke|p2|Gothitelle, L50, F|\n|teampreview|4\ngamerdudehs has agreed to open team sheets.\nAzaleaAkari has agreed to open team sheets.\n|\n|t:|1682880768\n|start\n|switch|p1a: Pelipper|Pelipper, L50, M|100\/100\n|switch|p1b: Drednaw|Drednaw, L50, F|100\/100\n|switch|p2a: Iron Jugulis|Iron Jugulis, L50|100\/100\n|switch|p2b: Iron Hands|Iron Hands, L50|100\/100\n|-weather|RainDance|[from] ability: Drizzle|[of] p1a: Pelipper\n|-enditem|p2a: Iron Jugulis|Booster Energy\n|-activate|p2a: Iron Jugulis|ability: Quark Drive|[fromitem]\n|-start|p2a: Iron Jugulis|quarkdrivespe\n|turn|1\n|inactive|Battle timer is ON: inactive players will automatically lose when time's up. (requested by AzaleaAkari)\n|\n|t:|1682880854\n|move|p1a: Pelipper|Protect|p1a: Pelipper\n|-singleturn|p1a: Pelipper|Protect\n|move|p1b: Drednaw|Waterfall|p2a: Iron Jugulis\n|-damage|p2a: Iron Jugulis|11\/100\n|move|p2a: Iron Jugulis|Tailwind|p2a: Iron Jugulis\n|-sidestart|p2: gamerdudehs|move: Tailwind\n|move|p2b: Iron Hands|Close Combat|p1b: Drednaw\n|-supereffective|p1b: Drednaw\n|-damage|p1b: Drednaw|0 fnt\n|-unboost|p2b: Iron Hands|def|1\n|-unboost|p2b: Iron Hands|spd|1\n|faint|p1b: Drednaw\n|\n|-weather|RainDance|[upkeep]\n|upkeep\n|\n|t:|1682880878\n|switch|p1b: Dondozo|Dondozo, L50, M|100\/100\n|turn|2\n|inactive|AzaleaAkari has 30 seconds left.\n|inactive|AzaleaAkari has 20 seconds left.\n|\n|t:|1682880913\n|-terastallize|p1a: Pelipper|Steel\n|move|p2a: Iron Jugulis|Protect|p2a: Iron Jugulis\n|-singleturn|p2a: Iron Jugulis|Protect\n|move|p2b: Iron Hands|Wild Charge|p1a: Pelipper\n|-damage|p1a: Pelipper|48\/100\n|-damage|p2b: Iron Hands|91\/100|[from] Recoil\n|move|p1b: Dondozo|Wave Crash|p2a: Iron Jugulis\n|-activate|p2a: Iron Jugulis|move: Protect\n|move|p1a: Pelipper|Hurricane|p2b: Iron Hands\n|-damage|p2b: Iron Hands|52\/100\n|-start|p2b: Iron Hands|confusion\n|\n|-weather|RainDance|[upkeep]\n|upkeep\n|turn|3\n|inactive|AzaleaAkari has 30 seconds left.\n|inactive|gamerdudehs has 30 seconds left.\n|inactive|gamerdudehs has 20 seconds left.\n|inactive|gamerdudehs has 15 seconds left.\n|\n|t:|1682880954\n|move|p1a: Pelipper|Protect|p1a: Pelipper\n|-singleturn|p1a: Pelipper|Protect\n|move|p2a: Iron Jugulis|Air Slash|p1b: Dondozo|[miss]\n|-miss|p2a: Iron Jugulis|p1b: Dondozo\n|-activate|p2b: Iron Hands|confusion\n|-damage|p2b: Iron Hands|37\/100|[from] confusion\n|move|p1b: Dondozo|Surf|p2a: Iron Jugulis|[spread] p2a,p2b\n|-activate|p1a: Pelipper|move: Protect\n|-damage|p2a: Iron Jugulis|0 fnt\n|-damage|p2b: Iron Hands|14\/100\n|faint|p2a: Iron Jugulis\n|-end|p2a: Iron Jugulis|Quark Drive|[silent]\n|-damage|p1b: Dondozo|91\/100|[from] item: Life Orb\n|\n|-weather|RainDance|[upkeep]\n|upkeep\n|\n|t:|1682880966\n|switch|p2a: Iron Bundle|Iron Bundle, L50|100\/100\n|turn|4\n|inactive|AzaleaAkari has 30 seconds left.\n|inactive|AzaleaAkari has 20 seconds left.\n|\n|t:|1682881001\n|switch|p1a: Tatsugiri|Tatsugiri, L50, F|100\/100\n|-activate|p1a: Tatsugiri|ability: Commander|[of] p1b: Dondozo\n|-boost|p1b: Dondozo|atk|2\n|-boost|p1b: Dondozo|spa|2\n|-boost|p1b: Dondozo|spe|2\n|-boost|p1b: Dondozo|def|2\n|-boost|p1b: Dondozo|spd|2\n|move|p2a: Iron Bundle|Freeze-Dry|p1b: Dondozo\n|-supereffective|p1b: Dondozo\n|-damage|p1b: Dondozo|54\/100\n|move|p1b: Dondozo|Surf|p2a: Iron Bundle|[spread] p2a,p2b\n|-miss|p1b: Dondozo|p1a: Tatsugiri\n|-resisted|p2a: Iron Bundle\n|-crit|p2b: Iron Hands\n|-damage|p2a: Iron Bundle|9\/100\n|-damage|p2b: Iron Hands|0 fnt\n|faint|p2b: Iron Hands\n|-end|p2b: Iron Hands|Quark Drive|[silent]\n|-damage|p1b: Dondozo|44\/100|[from] item: Life Orb\n|\n|-weather|RainDance|[upkeep]\n|-sideend|p2: gamerdudehs|move: Tailwind\n|upkeep\n|\n|t:|1682881017\n|switch|p2b: Gholdengo|Gholdengo, L50|100\/100\n|turn|5\n|inactive|AzaleaAkari has 30 seconds left.\n|\n|t:|1682881049\n|move|p2a: Iron Bundle|Freeze-Dry|p1b: Dondozo\n|-supereffective|p1b: Dondozo\n|-damage|p1b: Dondozo|3\/100\n|move|p1b: Dondozo|Wave Crash|p2b: Gholdengo\n|-damage|p2b: Gholdengo|0 fnt\n|faint|p2b: Gholdengo\n|-damage|p1b: Dondozo|0 fnt|[from] Recoil\n|faint|p1b: Dondozo\n|\n|-weather|RainDance|[upkeep]\n|upkeep\n|\n|t:|1682881059\n|switch|p1b: Pelipper|Pelipper, L50, M, tera:Steel|48\/100\n|turn|6\n|\n|t:|1682881080\n|move|p1a: Tatsugiri|Muddy Water|p2a: Iron Bundle\n|-resisted|p2a: Iron Bundle\n|-damage|p2a: Iron Bundle|0 fnt\n|faint|p2a: Iron Bundle\n|-end|p2a: Iron Bundle|Quark Drive|[silent]\n|\n|win|AzaleaAkari\n|c|\u2606gamerdudehs|gg\n|c|\u2606AzaleaAkari|gg\n","uploadtime":1682881092,"views":9,"p1id":"azaleaakari","p2id":"gamerdudehs","formatid":"gen9vgc2023regulationc","rating":0,"private":0,"password":""}