{"id":"gen9vgc2023regulationc-1855822504","p1":"sabertooth81","p2":"Colinspeed1","format":"[Gen 9] VGC 2023 Regulation C","log":"|j|\u2606sabertooth81\n|j|\u2606Colinspeed1\n|t:|1682988278\n|gametype|doubles\n|player|p1|sabertooth81|acetrainerf-gen4dp|1101\n|player|p2|Colinspeed1|101|1148\n|teamsize|p1|6\n|teamsize|p2|6\n|gen|9\n|tier|[Gen 9] VGC 2023 Regulation C\n|rated|\n|rule|Species Clause: Limit one of each Pok\u00e9mon\n|rule|Item Clause: Limit one of each item\n|clearpoke\n|poke|p1|Talonflame, L50, F|\n|poke|p1|Sableye, L50, F|\n|poke|p1|Breloom, L50, F|\n|poke|p1|Tsareena, L50, F|\n|poke|p1|Appletun, L50, F|\n|poke|p1|Azumarill, L50, M|\n|poke|p2|Volcarona, L50, F|\n|poke|p2|Arcanine, L50, F|\n|poke|p2|Ceruledge, L50, F|\n|poke|p2|Skeledirge, L50, F|\n|poke|p2|Torkoal, L50, M|\n|poke|p2|Scovillain, L50, F|\n|teampreview|4\n|inactive|Battle timer is ON: inactive players will automatically lose when time's up. (requested by sabertooth81)\n|inactive|sabertooth81 has 60 seconds left.\n|\n|t:|1682988312\n|start\n|switch|p1a: Talonflame|Talonflame, L50, F, shiny|100\/100\n|switch|p1b: Sableye|Sableye, L50, F|100\/100\n|switch|p2a: Arcanine|Arcanine, L50, F|100\/100\n|switch|p2b: Skeledirge|Skeledirge, L50, F|100\/100\n|-ability|p2a: Arcanine|Intimidate|boost\n|-unboost|p1a: Talonflame|atk|1\n|-unboost|p1b: Sableye|atk|1\n|turn|1\n|\n|t:|1682988323\n|move|p2a: Arcanine|Extreme Speed|p1a: Talonflame\n|-damage|p1a: Talonflame|66\/100\n|move|p1b: Sableye|Trick|p2b: Skeledirge\n|-activate|p1b: Sableye|move: Trick|[of] p2b: Skeledirge\n|-item|p2b: Skeledirge|Choice Band|[from] move: Trick\n|-item|p1b: Sableye|Throat Spray|[from] move: Trick\n|move|p1a: Talonflame|Tailwind|p1a: Talonflame\n|-sidestart|p1: sabertooth81|move: Tailwind\n|move|p2b: Skeledirge|Torch Song|p1b: Sableye\n|-damage|p1b: Sableye|39\/100\n|-boost|p2b: Skeledirge|spa|1\n|\n|upkeep\n|turn|2\n|inactive|sabertooth81 has 30 seconds left.\n|inactive|sabertooth81 has 20 seconds left.\n|inactive|sabertooth81 has 15 seconds left.\n|\n|t:|1682988367\n|move|p2a: Arcanine|Extreme Speed|p1a: Talonflame\n|-damage|p1a: Talonflame|29\/100\n|move|p1a: Talonflame|Brave Bird|p2a: Arcanine\n|-damage|p2a: Arcanine|57\/100\n|-damage|p1a: Talonflame|16\/100|[from] Recoil\n|move|p1b: Sableye|Foul Play|p2b: Skeledirge\n|-supereffective|p2b: Skeledirge\n|-crit|p2b: Skeledirge\n|-damage|p2b: Skeledirge|48\/100\n|move|p2b: Skeledirge|Torch Song|p1b: Sableye\n|-damage|p1b: Sableye|0 fnt\n|-boost|p2b: Skeledirge|spa|1\n|faint|p1b: Sableye\n|\n|upkeep\n|\n|t:|1682988385\n|switch|p1b: Azumarill|Azumarill, L50, M|100\/100\n|turn|3\n|\n|t:|1682988407\n|move|p2a: Arcanine|Extreme Speed|p1b: Azumarill\n|-damage|p1b: Azumarill|73\/100\n|move|p1a: Talonflame|Brave Bird|p2b: Skeledirge\n|-damage|p2b: Skeledirge|11\/100\n|-damage|p1a: Talonflame|2\/100|[from] Recoil\n|move|p1b: Azumarill|Belly Drum|p1b: Azumarill\n|-damage|p1b: Azumarill|24\/100\n|-setboost|p1b: Azumarill|atk|6|[from] move: Belly Drum\n|-enditem|p1b: Azumarill|Sitrus Berry|[eat]\n|-heal|p1b: Azumarill|48\/100|[from] item: Sitrus Berry\n|move|p2b: Skeledirge|Torch Song|p1a: Talonflame\n|-resisted|p1a: Talonflame\n|-damage|p1a: Talonflame|0 fnt\n|-boost|p2b: Skeledirge|spa|1\n|faint|p1a: Talonflame\n|\n|upkeep\n|\n|t:|1682988421\n|switch|p1a: Breloom|Breloom, L50, F, shiny|100\/100\n|turn|4\n|\n|t:|1682988433\n|-terastallize|p1a: Breloom|Flying\n|move|p2a: Arcanine|Extreme Speed|p1b: Azumarill\n|-damage|p1b: Azumarill|19\/100\n|move|p1a: Breloom|Aerial Ace|p2a: Arcanine\n|-damage|p2a: Arcanine|0 fnt\n|faint|p2a: Arcanine\n|move|p1b: Azumarill|Waterfall|p2b: Skeledirge\n|-supereffective|p2b: Skeledirge\n|-damage|p2b: Skeledirge|0 fnt\n|faint|p2b: Skeledirge\n|\n|-sideend|p1: sabertooth81|move: Tailwind\n|upkeep\n|\n|t:|1682988447\n|switch|p2a: Volcarona|Volcarona, L50, F|100\/100\n|switch|p2b: Ceruledge|Ceruledge, L50, F|100\/100\n|turn|5\n|\n|t:|1682988468\n|move|p2b: Ceruledge|Endure|p2b: Ceruledge\n|-singleturn|p2b: Ceruledge|move: Endure\n|move|p2a: Volcarona|Giga Drain|p1b: Azumarill\n|-immune|p1b: Azumarill|[from] ability: Sap Sipper\n|move|p1a: Breloom|Aerial Ace|p2a: Volcarona\n|-supereffective|p2a: Volcarona\n|-enditem|p2a: Volcarona|Focus Sash\n|-damage|p2a: Volcarona|1\/100\n|move|p1b: Azumarill|Ice Spinner|p2b: Ceruledge\n|-resisted|p2b: Ceruledge\n|-damage|p2b: Ceruledge|48\/100\n|-ability|p2b: Ceruledge|Weak Armor|boost\n|-unboost|p2b: Ceruledge|def|1\n|-boost|p2b: Ceruledge|spe|2\n|\n|upkeep\n|turn|6\n|\n|t:|1682988487\n|-terastallize|p2b: Ceruledge|Fire\n|move|p1a: Breloom|Mach Punch|p2a: Volcarona\n|-resisted|p2a: Volcarona\n|-damage|p2a: Volcarona|0 fnt\n|faint|p2a: Volcarona\n|move|p2b: Ceruledge|Bitter Blade|p1a: Breloom\n|-damage|p1a: Breloom|17\/100\n|-heal|p2b: Ceruledge|95\/100|[from] drain|[of] p1a: Breloom\n|move|p1b: Azumarill|Waterfall|p2b: Ceruledge\n|-supereffective|p2b: Ceruledge\n|-crit|p2b: Ceruledge\n|-damage|p2b: Ceruledge|0 fnt\n|faint|p2b: Ceruledge\n|\n|win|sabertooth81\n|raw|sabertooth81's rating: 1101 → 1129<\/strong> (+28 for winning)\n|raw|Colinspeed1's rating: 1148 → 1120<\/strong> (-28 for losing)\n|l|\u2606Colinspeed1\n","uploadtime":1682988636,"views":11,"p1id":"sabertooth81","p2id":"colinspeed1","formatid":"gen9vgc2023regulationc","rating":1120,"private":0,"password":""}