{"id":"gen9vgc2023regulationc-1859487823","p1":"ProAfroTest","p2":"Idk544","format":"[Gen 9] VGC 2023 Regulation C","log":"|j|\u2606ProAfroTest\n|j|\u2606Idk544\n|t:|1683474798\n|gametype|doubles\n|player|p1|ProAfroTest|crasherwake|1299\n|player|p2|Idk544|silver|1403\n|teamsize|p1|6\n|teamsize|p2|6\n|gen|9\n|tier|[Gen 9] VGC 2023 Regulation C\n|rated|\n|rule|Species Clause: Limit one of each Pok\u00e9mon\n|rule|Item Clause: Limit one of each item\n|clearpoke\n|poke|p1|Palafin, L50, M|\n|poke|p1|Arcanine, L50, M|\n|poke|p1|Amoonguss, L50, M|\n|poke|p1|Ting-Lu, L50|\n|poke|p1|Baxcalibur, L50, M|\n|poke|p1|Flutter Mane, L50|\n|poke|p2|Orthworm, L50, M|\n|poke|p2|Iron Hands, L50|\n|poke|p2|Flutter Mane, L50|\n|poke|p2|Gholdengo, L50|\n|poke|p2|Gyarados, L50, M|\n|poke|p2|Ting-Lu, L50|\n|teampreview|4\nIdk544 has agreed to open team sheets.\n|inactive|Battle timer is ON: inactive players will automatically lose when time's up. (requested by ProAfroTest)\nProAfroTest has agreed to open team sheets.\n|inactiveoff|Battle timer is now OFF.\n|inactive|Battle timer is ON: inactive players will automatically lose when time's up. (requested by ProAfroTest)\n|inactive|Idk544 has 30 seconds left.\n|inactive|Idk544 has 20 seconds left.\n|\n|t:|1683474951\n|start\n|switch|p1a: Ciro|Palafin, L50, M|100\/100\n|switch|p1b: Ugo|Amoonguss, L50, M, shiny|100\/100\n|switch|p2a: Orthworm|Orthworm, L50, M|100\/100\n|switch|p2b: Iron Hands|Iron Hands, L50|100\/100\n|turn|1\n|inactive|ProAfroTest has 30 seconds left.\n|\n|t:|1683474983\n|move|p2b: Iron Hands|Fake Out|p1b: Ugo\n|-damage|p1b: Ugo|88\/100\n|move|p1a: Ciro|Taunt|p2a: Orthworm\n|-start|p2a: Orthworm|move: Taunt\n|cant|p2a: Orthworm|move: Taunt|Shed Tail\n|cant|p1b: Ugo|flinch\n|\n|upkeep\n|turn|2\n|inactive|ProAfroTest has 30 seconds left.\n|inactive|Idk544 has 30 seconds left.\n|\n|t:|1683475017\n|switch|p2a: Gholdengo|Gholdengo, L50|100\/100\n|move|p1a: Ciro|Protect|p1a: Ciro\n|-singleturn|p1a: Ciro|Protect\n|move|p2b: Iron Hands|Volt Switch|p1a: Ciro\n|-activate|p1a: Ciro|move: Protect\n|move|p1b: Ugo|Spore|p2b: Iron Hands\n|-status|p2b: Iron Hands|slp|[from] move: Spore\n|\n|upkeep\n|turn|3\n|inactive|ProAfroTest has 30 seconds left.\n|\n|t:|1683475042\n|detailschange|p1a: Ciro|Palafin-Hero, L50, M\n|switch|p1a: Ting-Luigi|Ting-Lu, L50|100\/100\n|-ability|p1a: Ting-Luigi|Vessel of Ruin\n|-end|p2b: Iron Hands|Quark Drive|[silent]\n|switch|p2b: Orthworm|Orthworm, L50, M|100\/100\n|move|p2a: Gholdengo|Nasty Plot|p2a: Gholdengo\n|-boost|p2a: Gholdengo|spa|2\n|move|p1b: Ugo|Pollen Puff|p2a: Gholdengo\n|-resisted|p2a: Gholdengo\n|-damage|p2a: Gholdengo|97\/100\n|\n|-heal|p2a: Gholdengo|100\/100|[from] item: Leftovers\n|upkeep\n|turn|4\n|inactive|ProAfroTest has 30 seconds left.\n|inactive|Idk544 has 30 seconds left.\n|inactive|ProAfroTest has 20 seconds left.\n|inactive|ProAfroTest has 15 seconds left.\n|inactive|ProAfroTest has 10 seconds left.\n|inactive|ProAfroTest has 5 seconds left.\n|\n|t:|1683475097\n|move|p2a: Gholdengo|Protect|p2a: Gholdengo\n|-singleturn|p2a: Gholdengo|Protect\n|move|p2b: Orthworm|Shed Tail|p2b: Orthworm\n|-start|p2b: Orthworm|Substitute|[from] move: Shed Tail\n|-damage|p2b: Orthworm|50\/100\n|-enditem|p2b: Orthworm|Sitrus Berry|[eat]\n|-heal|p2b: Orthworm|75\/100|[from] item: Sitrus Berry\n|\n|t:|1683475105\n|switch|p2b: Gyarados|Gyarados, L50, M|100\/100|[from] Shed Tail\n|-ability|p2b: Gyarados|Intimidate|boost\n|-unboost|p1a: Ting-Luigi|atk|1\n|-unboost|p1b: Ugo|atk|1\n|move|p1a: Ting-Luigi|Stomping Tantrum|p2a: Gholdengo\n|-activate|p2a: Gholdengo|move: Protect\n|move|p1b: Ugo|Spore|p2a: Gholdengo\n|-activate|p2a: Gholdengo|move: Protect\n|\n|upkeep\n|turn|5\n|inactive|ProAfroTest has 30 seconds left.\n|\n|t:|1683475132\n|-terastallize|p2a: Gholdengo|Water\n|move|p2a: Gholdengo|Shadow Ball|p1b: Ugo\n|-damage|p1b: Ugo|33\/100\n|-enditem|p1b: Ugo|Sitrus Berry|[eat]\n|-heal|p1b: Ugo|58\/100|[from] item: Sitrus Berry\n|move|p2b: Gyarados|Dragon Dance|p2b: Gyarados\n|-boost|p2b: Gyarados|atk|1\n|-boost|p2b: Gyarados|spe|1\n|move|p1a: Ting-Luigi|Stomping Tantrum|p2a: Gholdengo\n|-damage|p2a: Gholdengo|75\/100\n|move|p1b: Ugo|Pollen Puff|p1a: Ting-Luigi\n|-immune|p1a: Ting-Luigi\n|\n|-heal|p2a: Gholdengo|81\/100|[from] item: Leftovers\n|upkeep\n|turn|6\n|inactive|ProAfroTest has 30 seconds left.\n|inactive|Idk544 has 30 seconds left.\n|\n|t:|1683475163\n|move|p2b: Gyarados|Waterfall|p1a: Ting-Luigi\n|-supereffective|p1a: Ting-Luigi\n|-damage|p1a: Ting-Luigi|15\/100\n|move|p2a: Gholdengo|Make It Rain|p1b: Ugo|[spread] p1a,p1b\n|-damage|p1a: Ting-Luigi|0 fnt\n|-damage|p1b: Ugo|0 fnt\n|-unboost|p2a: Gholdengo|spa|1\n|faint|p1a: Ting-Luigi\n|faint|p1b: Ugo\n|\n|-heal|p2a: Gholdengo|87\/100|[from] item: Leftovers\n|upkeep\n|\n|t:|1683475176\n|switch|p1a: Mauro|Baxcalibur, L50, M|100\/100\n|switch|p1b: Ciro|Palafin-Hero, L50, M|100\/100\n|-activate|p1b: Ciro|ability: Zero to Hero\n|turn|7\n|inactive|ProAfroTest has 30 seconds left.\n|inactive|Idk544 has 30 seconds left.\n|\n|t:|1683475207\n|-terastallize|p1a: Mauro|Poison\n|move|p1b: Ciro|Protect|p1b: Ciro\n|-singleturn|p1b: Ciro|Protect\n|move|p2b: Gyarados|Waterfall|p1b: Ciro\n|-activate|p1b: Ciro|move: Protect\n|move|p2a: Gholdengo|Shadow Ball|p1b: Ciro\n|-activate|p1b: Ciro|move: Protect\n|move|p1a: Mauro|Icicle Crash|p2b: Gyarados\n|-end|p2b: Gyarados|Substitute\n|\n|-heal|p2a: Gholdengo|93\/100|[from] item: Leftovers\n|upkeep\n|turn|8\n|inactive|ProAfroTest has 30 seconds left.\n|inactive|Idk544 has 30 seconds left.\n|inactive|Idk544 has 20 seconds left.\n|\n|t:|1683475245\n|move|p2b: Gyarados|Waterfall|p1a: Mauro\n|-damage|p1a: Mauro|39\/100\n|move|p2a: Gholdengo|Shadow Ball|p1a: Mauro\n|-damage|p1a: Mauro|0 fnt\n|faint|p1a: Mauro\n|move|p1b: Ciro|Wave Crash|p2a: Gholdengo\n|-resisted|p2a: Gholdengo\n|-damage|p2a: Gholdengo|43\/100\n|-damage|p1b: Ciro|87\/100|[from] Recoil\n|\n|-heal|p2a: Gholdengo|49\/100|[from] item: Leftovers\n|upkeep\n|turn|9\n|c|\u2606ProAfroTest|gg\n|-message|ProAfroTest forfeited.\n|\n|win|Idk544\n|raw|ProAfroTest's rating: 1299 → 1281<\/strong> (-18 for losing)\n|raw|Idk544's rating: 1403 → 1417<\/strong> (+14 for winning)\n|c|\u2606Idk544|Gg\n","uploadtime":1683475270,"views":8,"p1id":"proafrotest","p2id":"idk544","formatid":"gen9vgc2023regulationc","rating":1281,"private":0,"password":""}