{"id":"gen9vgc2023regulationc-1857447523","p1":"leoroop","p2":"Toespaz","format":"[Gen 9] VGC 2023 Regulation C","log":"|j|\u2606leoroop\n|j|\u2606Toespaz\n|t:|1683194703\n|gametype|doubles\n|player|p1|leoroop|backpacker|1186\n|player|p2|Toespaz|burglar|1130\n|teamsize|p1|6\n|teamsize|p2|6\n|gen|9\n|tier|[Gen 9] VGC 2023 Regulation C\n|rated|\n|rule|Species Clause: Limit one of each Pok\u00e9mon\n|rule|Item Clause: Limit one of each item\n|clearpoke\n|poke|p1|Gyarados, L50, M|\n|poke|p1|Amoonguss, L50, M|\n|poke|p1|Kingambit, L50, F|\n|poke|p1|Flutter Mane, L50|\n|poke|p1|Chi-Yu, L50|\n|poke|p1|Baxcalibur, L50, F|\n|poke|p2|Dondozo, L50, F|\n|poke|p2|Tatsugiri, L50, M|\n|poke|p2|Flamigo, L50, F|\n|poke|p2|Annihilape, L50, F|\n|poke|p2|Maushold-Four, L50|\n|poke|p2|Cetitan, L50, M|\n|teampreview|4\nToespaz rejected open team sheets.\n|\n|t:|1683194731\n|start\n|switch|p1a: Flutter Mane|Flutter Mane, L50, shiny|100\/100\n|switch|p1b: Chi-Yu|Chi-Yu, L50|100\/100\n|switch|p2a: Annihilape|Annihilape, L50, F|100\/100\n|switch|p2b: Tatsugiri|Tatsugiri, L50, M|100\/100\n|-ability|p1b: Chi-Yu|Beads of Ruin\n|-enditem|p1a: Flutter Mane|Booster Energy\n|-activate|p1a: Flutter Mane|ability: Protosynthesis|[fromitem]\n|-start|p1a: Flutter Mane|protosynthesisspe\n|turn|1\n|\n|t:|1683194771\n|-terastallize|p1a: Flutter Mane|Fairy\n|move|p2b: Tatsugiri|Endure|p2b: Tatsugiri\n|-singleturn|p2b: Tatsugiri|move: Endure\n|move|p1a: Flutter Mane|Dazzling Gleam|p2a: Annihilape|[spread] p2a,p2b\n|-supereffective|p2a: Annihilape\n|-supereffective|p2b: Tatsugiri\n|-damage|p2a: Annihilape|10\/100\n|-activate|p2b: Tatsugiri|move: Endure\n|-damage|p2b: Tatsugiri|1\/100\n|move|p2a: Annihilape|Final Gambit|p1b: Chi-Yu\n|-damage|p1b: Chi-Yu|86\/100\n|faint|p2a: Annihilape\n|move|p1b: Chi-Yu|Dark Pulse|p2b: Tatsugiri\n|-activate|p2b: Tatsugiri|move: Endure\n|-damage|p2b: Tatsugiri|1\/100\n|\n|-status|p2b: Tatsugiri|tox|[from] item: Toxic Orb\n|upkeep\n|\n|t:|1683194786\n|switch|p2a: Dondozo|Dondozo, L50, F|100\/100\n|-activate|p2b: Tatsugiri|ability: Commander|[of] p2a: Dondozo\n|-boost|p2a: Dondozo|atk|2\n|-boost|p2a: Dondozo|spa|2\n|-boost|p2a: Dondozo|spe|2\n|-boost|p2a: Dondozo|def|2\n|-boost|p2a: Dondozo|spd|2\n|turn|2\n|\n|t:|1683194799\n|switch|p1b: Gyarados|Gyarados, L50, M|100\/100\n|-ability|p1b: Gyarados|Intimidate|boost\n|-unboost|p2a: Dondozo|atk|1\n|-unboost|p2b: Tatsugiri|atk|1\n|move|p1a: Flutter Mane|Protect|p1a: Flutter Mane\n|-singleturn|p1a: Flutter Mane|Protect\n|move|p2a: Dondozo|Protect||[still]\n|-fail|p2a: Dondozo\n|\n|-damage|p2b: Tatsugiri|0 fnt|[from] psn\n|faint|p2b: Tatsugiri\n|upkeep\n|\n|t:|1683194809\n|switch|p2b: Flamigo|Flamigo, L50, F|100\/100\n|-copyboost|p2b: Flamigo|p2a: Dondozo|[from] ability: Costar\n|turn|3\n|\n|t:|1683194842\n|-terastallize|p2b: Flamigo|Steel\n|move|p2b: Flamigo|Brave Bird|p1a: Flutter Mane\n|-damage|p1a: Flutter Mane|0 fnt\n|faint|p1a: Flutter Mane\n|-end|p1a: Flutter Mane|Protosynthesis|[silent]\n|-damage|p2b: Flamigo|67\/100|[from] Recoil\n|move|p2a: Dondozo|Wave Crash|p1b: Gyarados\n|-resisted|p1b: Gyarados\n|-damage|p1b: Gyarados|56\/100\n|-damage|p2a: Dondozo|88\/100|[from] Recoil\n|move|p1b: Gyarados|Thunder Wave|p2a: Dondozo|[miss]\n|-miss|p1b: Gyarados|p2a: Dondozo\n|\n|-heal|p2a: Dondozo|94\/100|[from] item: Leftovers\n|upkeep\n|\n|t:|1683194855\n|switch|p1a: Amoonguss|Amoonguss, L50, M|100\/100\n|turn|4\n|\n|t:|1683194863\n|move|p1a: Amoonguss|Rage Powder|p1a: Amoonguss\n|-singleturn|p1a: Amoonguss|move: Rage Powder\n|move|p2b: Flamigo|Brave Bird|p1a: Amoonguss\n|-supereffective|p1a: Amoonguss\n|-damage|p1a: Amoonguss|0 fnt\n|faint|p1a: Amoonguss\n|-damage|p2b: Flamigo|21\/100|[from] Recoil\n|move|p2a: Dondozo|Substitute|p2a: Dondozo\n|-start|p2a: Dondozo|Substitute\n|-damage|p2a: Dondozo|69\/100\n|move|p1b: Gyarados|Thunder Wave|p2b: Flamigo\n|-status|p2b: Flamigo|par\n|\n|-heal|p2a: Dondozo|75\/100|[from] item: Leftovers\n|upkeep\n|\n|t:|1683194871\n|switch|p1a: Chi-Yu|Chi-Yu, L50|86\/100\n|-ability|p1a: Chi-Yu|Beads of Ruin\n|turn|5\n|\n|t:|1683194897\n|cant|p2b: Flamigo|par\n|move|p1a: Chi-Yu|Snarl|p2b: Flamigo|[spread] p2a,p2b\n|-damage|p2a: Dondozo|60\/100\n|-damage|p2b: Flamigo|0 fnt\n|-unboost|p2a: Dondozo|spa|1\n|faint|p2b: Flamigo\n|move|p2a: Dondozo|Wave Crash|p1a: Chi-Yu\n|-supereffective|p1a: Chi-Yu\n|-damage|p1a: Chi-Yu|0 fnt\n|faint|p1a: Chi-Yu\n|-damage|p2a: Dondozo|42\/100|[from] Recoil\n|move|p1b: Gyarados|Waterfall|p2a: Dondozo\n|-resisted|p2a: Dondozo\n|-crit|p2a: Dondozo\n|-activate|p2a: Dondozo|move: Substitute|[damage]\n|\n|-heal|p2a: Dondozo|48\/100|[from] item: Leftovers\n|upkeep\n|turn|6\n|\n|t:|1683194915\n|move|p2a: Dondozo|Order Up|p1b: Gyarados\n|-damage|p1b: Gyarados|21\/100\n|-boost|p2a: Dondozo|atk|1\n|move|p1b: Gyarados|Waterfall|p2a: Dondozo\n|-resisted|p2a: Dondozo\n|-activate|p2a: Dondozo|move: Substitute|[damage]\n|\n|-heal|p2a: Dondozo|55\/100|[from] item: Leftovers\n|upkeep\n|turn|7\n|-message|leoroop forfeited.\n|\n|win|Toespaz\n|raw|leoroop's rating: 1186 → 1157<\/strong> (-29 for losing)\n|raw|Toespaz's rating: 1130 → 1159<\/strong> (+29 for winning)\n|l|\u2606Toespaz\n","uploadtime":1683194929,"views":15,"p1id":"leoroop","p2id":"toespaz","formatid":"gen9vgc2023regulationc","rating":1157,"private":0,"password":""}