{"id":"gen9vgc2023regulationc-1862936156","p1":"MelhorFrostBR","p2":"lolugotbombed","format":"[Gen 9] VGC 2023 Regulation C","log":"|j|\u2606MelhorFrostBR\n|j|\u2606lolugotbombed\n|t:|1683940764\n|gametype|doubles\n|player|p1|MelhorFrostBR|1|1069\n|player|p2|lolugotbombed|101|1040\n|teamsize|p1|6\n|teamsize|p2|6\n|gen|9\n|tier|[Gen 9] VGC 2023 Regulation C\n|rated|\n|rule|Species Clause: Limit one of each Pok\u00e9mon\n|rule|Item Clause: Limit one of each item\n|clearpoke\n|poke|p1|Chi-Yu, L50|\n|poke|p1|Abomasnow, L50, M|\n|poke|p1|Iron Bundle, L50|\n|poke|p1|Flutter Mane, L50|\n|poke|p1|Arcanine, L50, F|\n|poke|p1|Ting-Lu, L50|\n|poke|p2|Annihilape, L50, M|\n|poke|p2|Maushold, L50|\n|poke|p2|Great Tusk, L50|\n|poke|p2|Flutter Mane, L50|\n|poke|p2|Iron Bundle, L50|\n|poke|p2|Arcanine, L50, M|\n|teampreview|4\n|inactive|Battle timer is ON: inactive players will automatically lose when time's up. (requested by lolugotbombed)\n|inactive|MelhorFrostBR has 60 seconds left.\n|inactive|lolugotbombed has 60 seconds left.\n|inactive|lolugotbombed has 30 seconds left.\n|inactive|lolugotbombed has 20 seconds left.\n|\n|t:|1683940836\n|start\n|switch|p1a: Ting-Lu|Ting-Lu, L50|100\/100\n|switch|p1b: Flutter Mane|Flutter Mane, L50|100\/100\n|switch|p2a: Great Tusk|Great Tusk, L50|100\/100\n|switch|p2b: Iron Bundle|Iron Bundle, L50|100\/100\n|-ability|p1a: Ting-Lu|Vessel of Ruin\n|-enditem|p2b: Iron Bundle|Booster Energy\n|-activate|p2b: Iron Bundle|ability: Quark Drive|[fromitem]\n|-start|p2b: Iron Bundle|quarkdrivespe\n|turn|1\n|inactive|MelhorFrostBR has 30 seconds left.\n|inactive|lolugotbombed has 30 seconds left.\n|inactive|MelhorFrostBR has 20 seconds left.\n|inactive|MelhorFrostBR has 15 seconds left.\n|\n|t:|1683940878\n|-terastallize|p2b: Iron Bundle|Flying\n|-terastallize|p1b: Flutter Mane|Steel\n|move|p2b: Iron Bundle|Flip Turn|p1a: Ting-Lu\n|-supereffective|p1a: Ting-Lu\n|-damage|p1a: Ting-Lu|80\/100\n|\n|t:|1683940891\n|-end|p2b: Iron Bundle|Quark Drive|[silent]\n|switch|p2b: Maushold|Maushold, L50|100\/100|[from] Flip Turn\n|move|p1b: Flutter Mane|Dazzling Gleam|p2b: Maushold|[spread] p2a,p2b\n|-supereffective|p2a: Great Tusk\n|-damage|p2a: Great Tusk|22\/100\n|-damage|p2b: Maushold|67\/100\n|move|p2a: Great Tusk|Earthquake|p1b: Flutter Mane|[spread] p2b,p1a,p1b\n|-supereffective|p1b: Flutter Mane\n|-damage|p2b: Maushold|15\/100\n|-damage|p1a: Ting-Lu|56\/100\n|-damage|p1b: Flutter Mane|0 fnt\n|faint|p1b: Flutter Mane\n|-end|p1b: Flutter Mane|Protosynthesis|[silent]\n|move|p1a: Ting-Lu|Rock Slide|p2a: Great Tusk|[spread] p2a,p2b\n|-resisted|p2a: Great Tusk\n|-damage|p2a: Great Tusk|19\/100\n|-damage|p2b: Maushold|0 fnt\n|faint|p2b: Maushold\n|\n|upkeep\n|\n|t:|1683940911\n|switch|p1b: Iron Bundle|Iron Bundle, L50|100\/100\n|switch|p2b: Iron Bundle|Iron Bundle, L50, tera:Flying|100\/100\n|-enditem|p1b: Iron Bundle|Booster Energy\n|-activate|p1b: Iron Bundle|ability: Quark Drive|[fromitem]\n|-start|p1b: Iron Bundle|quarkdrivespe\n|turn|2\n|inactive|lolugotbombed has 30 seconds left.\n|\n|t:|1683940943\n|move|p1b: Iron Bundle|Blizzard|p2b: Iron Bundle|[spread] p2a\n|-miss|p1b: Iron Bundle|p2b: Iron Bundle\n|-supereffective|p2a: Great Tusk\n|-damage|p2a: Great Tusk|0 fnt\n|faint|p2a: Great Tusk\n|-end|p2a: Great Tusk|Protosynthesis|[silent]\n|move|p2b: Iron Bundle|Flip Turn|p1a: Ting-Lu\n|-supereffective|p1a: Ting-Lu\n|-damage|p1a: Ting-Lu|39\/100\n|\n|t:|1683940952\n|-end|p2b: Iron Bundle|Quark Drive|[silent]\n|switch|p2b: Annihilape|Annihilape, L50, M|100\/100|[from] Flip Turn\n|move|p1a: Ting-Lu|Stomping Tantrum|p2b: Annihilape\n|-damage|p2b: Annihilape|61\/100\n|\n|upkeep\n|\n|t:|1683940957\n|switch|p2a: Iron Bundle|Iron Bundle, L50, tera:Flying|100\/100\n|turn|3\n|inactive|lolugotbombed has 30 seconds left.\n|\n|t:|1683940984\n|move|p1b: Iron Bundle|Blizzard|p2b: Annihilape|[spread] p2a\n|-miss|p1b: Iron Bundle|p2b: Annihilape\n|-supereffective|p2a: Iron Bundle\n|-damage|p2a: Iron Bundle|0 fnt\n|faint|p2a: Iron Bundle\n|-end|p2a: Iron Bundle|Quark Drive|[silent]\n|move|p2b: Annihilape|Drain Punch|p1b: Iron Bundle\n|-supereffective|p1b: Iron Bundle\n|-damage|p1b: Iron Bundle|4\/100\n|-heal|p2b: Annihilape|95\/100|[from] drain|[of] p1b: Iron Bundle\n|move|p1a: Ting-Lu|Stomping Tantrum|p2b: Annihilape\n|-damage|p2b: Annihilape|59\/100\n|\n|upkeep\n|turn|4\n|inactive|lolugotbombed has 30 seconds left.\n|\n|t:|1683941010\n|move|p1b: Iron Bundle|Protect|p1b: Iron Bundle\n|-singleturn|p1b: Iron Bundle|Protect\n|move|p2b: Annihilape|Drain Punch|p1a: Ting-Lu\n|-supereffective|p1a: Ting-Lu\n|-damage|p1a: Ting-Lu|0 fnt\n|-heal|p2b: Annihilape|84\/100|[from] drain|[of] p1a: Ting-Lu\n|faint|p1a: Ting-Lu\n|\n|upkeep\n|\n|t:|1683941017\n|switch|p1a: Chi-Yu|Chi-Yu, L50|100\/100\n|-ability|p1a: Chi-Yu|Beads of Ruin\n|turn|5\n|\n|t:|1683941039\n|move|p1b: Iron Bundle|Freeze-Dry|p2b: Annihilape\n|-damage|p2b: Annihilape|36\/100\n|move|p1a: Chi-Yu|Overheat|p2b: Annihilape|[miss]\n|-miss|p1a: Chi-Yu|p2b: Annihilape\n|move|p2b: Annihilape|Drain Punch|p1a: Chi-Yu\n|-supereffective|p1a: Chi-Yu\n|-damage|p1a: Chi-Yu|0 fnt\n|-heal|p2b: Annihilape|71\/100|[from] drain|[of] p1a: Chi-Yu\n|faint|p1a: Chi-Yu\n|\n|upkeep\n|turn|6\n|l|\u2606MelhorFrostBR\n|inactive|MelhorFrostBR disconnected and has a minute to reconnect!\n|player|p1|\n|inactive|MelhorFrostBR has 30 seconds left.\n|inactive|MelhorFrostBR has 20 seconds left.\n|inactive|MelhorFrostBR has 15 seconds left.\n|inactive|MelhorFrostBR has 10 seconds left.\n|inactive|MelhorFrostBR has 5 seconds left.\n|-message|MelhorFrostBR lost due to inactivity.\n|\n|win|lolugotbombed\n|raw|MelhorFrostBR's rating: 1069 → 1047<\/strong> (-22 for losing)\n|raw|lolugotbombed's rating: 1040 → 1077<\/strong> (+37 for winning)\n","uploadtime":1683941100,"views":11,"p1id":"melhorfrostbr","p2id":"lolugotbombed","formatid":"gen9vgc2023regulationc","rating":1047,"private":0,"password":""}