{"id":"gen9vgc2023regulationc-1854521463","p1":"ShaytheFair","p2":"ShyDude","format":"[Gen 9] VGC 2023 Regulation C","log":"|j|\u2606ShaytheFair\n|j|\u2606ShyDude\n|t:|1682821729\n|gametype|doubles\n|player|p1|ShaytheFair|veteranf|\n|player|p2|ShyDude|cynthia-gen4|\n|teamsize|p1|6\n|teamsize|p2|6\n|gen|9\n|tier|[Gen 9] VGC 2023 Regulation C\n|rule|Species Clause: Limit one of each Pok\u00e9mon\n|rule|Item Clause: Limit one of each item\n|clearpoke\n|poke|p1|Palafin, L50, F|\n|poke|p1|Flutter Mane, L50|\n|poke|p1|Arcanine, L50, M|\n|poke|p1|Ting-Lu, L50|\n|poke|p1|Amoonguss, L50, F|\n|poke|p1|Kingambit, L50, F|\n|poke|p2|Dondozo, L50, M|\n|poke|p2|Tatsugiri-Droopy, L50, M|\n|poke|p2|Chien-Pao, L50|\n|poke|p2|Chi-Yu, L50|\n|poke|p2|Flutter Mane, L50|\n|poke|p2|Tarountula, L50, M|\n|teampreview|4\nShyDude has agreed to open team sheets.\nShaytheFair has agreed to open team sheets.\n|c|\u2606ShyDude|g1\n|c|\u2606ShyDude|gl hf!!\n|c|\u2606ShaytheFair|you too!\n|\n|t:|1682821925\n|start\n|switch|p1a: Fish Food|Palafin, L50, F|100\/100\n|switch|p1b: Cookies n Cream|Amoonguss, L50, F|100\/100\n|switch|p2a: Chi-Yu|Chi-Yu, L50|100\/100\n|switch|p2b: Tatsugiri|Tatsugiri-Droopy, L50, M|100\/100\n|-ability|p2a: Chi-Yu|Beads of Ruin\n|turn|1\n|inactive|Battle timer is ON: inactive players will automatically lose when time's up. (requested by ShaytheFair)\n|\n|t:|1682821945\n|detailschange|p1a: Fish Food|Palafin-Hero, L50, F\n|switch|p1a: Chocolate Cherry|Flutter Mane, L50|100\/100\n|-enditem|p1a: Chocolate Cherry|Booster Energy\n|-activate|p1a: Chocolate Cherry|ability: Protosynthesis|[fromitem]\n|-start|p1a: Chocolate Cherry|protosynthesisspa\n|move|p1b: Cookies n Cream|Rage Powder|p1b: Cookies n Cream\n|-singleturn|p1b: Cookies n Cream|move: Rage Powder\n|move|p2a: Chi-Yu|Heat Wave|p1b: Cookies n Cream|[spread] p1b\n|-miss|p2a: Chi-Yu|p1a: Chocolate Cherry\n|-supereffective|p1b: Cookies n Cream\n|-damage|p1b: Cookies n Cream|5\/100\n|move|p2b: Tatsugiri|Muddy Water|p1a: Chocolate Cherry|[spread] p1a,p1b\n|-resisted|p1b: Cookies n Cream\n|-damage|p1a: Chocolate Cherry|30\/100\n|-damage|p1b: Cookies n Cream|0 fnt\n|faint|p1b: Cookies n Cream\n|\n|upkeep\n|\n|t:|1682821959\n|switch|p1b: Fish Food|Palafin-Hero, L50, F|100\/100\n|-activate|p1b: Fish Food|ability: Zero to Hero\n|turn|2\n|\n|t:|1682821972\n|move|p1a: Chocolate Cherry|Protect|p1a: Chocolate Cherry\n|-singleturn|p1a: Chocolate Cherry|Protect\n|move|p2a: Chi-Yu|Heat Wave|p1a: Chocolate Cherry|[spread] p1b\n|-activate|p1a: Chocolate Cherry|move: Protect\n|-resisted|p1b: Fish Food\n|-damage|p1b: Fish Food|75\/100\n|move|p2b: Tatsugiri|Muddy Water|p1b: Fish Food|[spread] p1b\n|-activate|p1a: Chocolate Cherry|move: Protect\n|-resisted|p1b: Fish Food\n|-damage|p1b: Fish Food|41\/100\n|-unboost|p1b: Fish Food|accuracy|1\n|move|p1b: Fish Food|Substitute|p1b: Fish Food\n|-start|p1b: Fish Food|Substitute\n|-damage|p1b: Fish Food|16\/100\n|\n|upkeep\n|turn|3\n|inactive|ShaytheFair has 30 seconds left.\n|\n|t:|1682821997\n|move|p1b: Fish Food|Jet Punch|p2b: Tatsugiri\n|-activate|p2b: Tatsugiri|ability: Storm Drain\n|-ability|p2b: Tatsugiri|Storm Drain|boost\n|-boost|p2b: Tatsugiri|spa|1\n|move|p2a: Chi-Yu|Heat Wave|p1a: Chocolate Cherry|[spread] p1a,p1b\n|-resisted|p1b: Fish Food\n|-end|p1b: Fish Food|Substitute\n|-damage|p1a: Chocolate Cherry|0 fnt\n|faint|p1a: Chocolate Cherry\n|-end|p1a: Chocolate Cherry|Protosynthesis|[silent]\n|move|p2b: Tatsugiri|Muddy Water|p1b: Fish Food\n|-resisted|p1b: Fish Food\n|-damage|p1b: Fish Food|0 fnt\n|faint|p1b: Fish Food\n|\n|upkeep\n|\n|t:|1682822013\n|switch|p1a: Moose Tracks|Ting-Lu, L50|100\/100\n|-ability|p1a: Moose Tracks|Vessel of Ruin\n|turn|4\n|\n|t:|1682822018\n|-terastallize|p1a: Moose Tracks|Water\n|move|p2a: Chi-Yu|Heat Wave|p1a: Moose Tracks\n|-resisted|p1a: Moose Tracks\n|-damage|p1a: Moose Tracks|89\/100\n|move|p2b: Tatsugiri|Muddy Water|p1a: Moose Tracks|[miss]\n|-miss|p2b: Tatsugiri|p1a: Moose Tracks\n|move|p1a: Moose Tracks|Earthquake|p2a: Chi-Yu|[spread] p2a,p2b\n|-supereffective|p2a: Chi-Yu\n|-damage|p2a: Chi-Yu|0 fnt\n|-damage|p2b: Tatsugiri|29\/100\n|faint|p2a: Chi-Yu\n|\n|upkeep\n|\n|t:|1682822024\n|switch|p2a: Juandozo|Dondozo, L50, M|100\/100\n|turn|5\n|\n|t:|1682822033\n|switch|p2b: Flutter Mane|Flutter Mane, L50|100\/100\n|-enditem|p2b: Flutter Mane|Booster Energy\n|-activate|p2b: Flutter Mane|ability: Protosynthesis|[fromitem]\n|-start|p2b: Flutter Mane|protosynthesisspa\n|move|p1a: Moose Tracks|Heavy Slam|p2a: Juandozo\n|-resisted|p2a: Juandozo\n|-damage|p2a: Juandozo|93\/100\n|move|p2a: Juandozo|Yawn|p1a: Moose Tracks\n|-start|p1a: Moose Tracks|move: Yawn|[of] p2a: Juandozo\n|\n|-heal|p2a: Juandozo|99\/100|[from] item: Leftovers\n|upkeep\n|turn|6\n|\n|t:|1682822047\n|move|p2b: Flutter Mane|Protect|p2b: Flutter Mane\n|-singleturn|p2b: Flutter Mane|Protect\n|move|p2a: Juandozo|Protect|p2a: Juandozo\n|-singleturn|p2a: Juandozo|Protect\n|move|p1a: Moose Tracks|Ruination|p2a: Juandozo\n|-activate|p2a: Juandozo|move: Protect\n|\n|-heal|p2a: Juandozo|100\/100|[from] item: Leftovers\n|-end|p1a: Moose Tracks|move: Yawn|[silent]\n|-status|p1a: Moose Tracks|slp\n|upkeep\n|turn|7\n|c|\u2606ShaytheFair|GG\n|\n|t:|1682822057\n|move|p2b: Flutter Mane|Moonblast|p1a: Moose Tracks\n|-damage|p1a: Moose Tracks|68\/100 slp\n|cant|p1a: Moose Tracks|slp\n|move|p2a: Juandozo|Liquidation|p1a: Moose Tracks\n|-resisted|p1a: Moose Tracks\n|-damage|p1a: Moose Tracks|58\/100 slp\n|\n|upkeep\n|turn|8\n|c|\u2606ShyDude|gg\n|\n|t:|1682822068\n|move|p2b: Flutter Mane|Moonblast|p1a: Moose Tracks\n|-damage|p1a: Moose Tracks|33\/100 slp\n|cant|p1a: Moose Tracks|slp\n|move|p2a: Juandozo|Liquidation|p1a: Moose Tracks\n|-resisted|p1a: Moose Tracks\n|-damage|p1a: Moose Tracks|23\/100 slp\n|\n|upkeep\n|turn|9\n|\n|t:|1682822077\n|move|p2b: Flutter Mane|Moonblast|p1a: Moose Tracks\n|-damage|p1a: Moose Tracks|1\/100 slp\n|cant|p1a: Moose Tracks|slp\n|move|p2a: Juandozo|Liquidation|p1a: Moose Tracks\n|-resisted|p1a: Moose Tracks\n|-damage|p1a: Moose Tracks|0 fnt\n|faint|p1a: Moose Tracks\n|\n|win|ShyDude\n","uploadtime":1682822088,"views":10,"p1id":"shaythefair","p2id":"shydude","formatid":"gen9vgc2023regulationc","rating":0,"private":0,"password":""}