{"id":"gen9vgc2023regulationc-1858914779","p1":"Tamejo","p2":"CarlettoJack","format":"[Gen 9] VGC 2023 Regulation C","log":"|j|\u2606Tamejo\n|j|\u2606CarlettoJack\n|t:|1683382872\n|gametype|doubles\n|player|p1|Tamejo|rood|\n|player|p2|CarlettoJack|roughneck-gen4|\n|teamsize|p1|6\n|teamsize|p2|6\n|gen|9\n|tier|[Gen 9] VGC 2023 Regulation C\n|rule|Species Clause: Limit one of each Pok\u00e9mon\n|rule|Item Clause: Limit one of each item\n|clearpoke\n|poke|p1|Murkrow, L50, F|\n|poke|p1|Great Tusk, L50|\n|poke|p1|Iron Bundle, L50|\n|poke|p1|Chi-Yu, L50|\n|poke|p1|Iron Hands, L50|\n|poke|p1|Amoonguss, L50, F|\n|poke|p2|Abomasnow, L50, M|\n|poke|p2|Iron Bundle, L50|\n|poke|p2|Iron Hands, L50|\n|poke|p2|Great Tusk, L50|\n|poke|p2|Talonflame, L50, F|\n|poke|p2|Flutter Mane, L50|\n|teampreview|4\n|j| 25kBuddha\nTamejo has agreed to open team sheets.\nCarlettoJack has agreed to open team sheets.\n|c|\u2606Tamejo|G1\n|c| 25kBuddha|whats team sheets\n|l| 25kBuddha\n|j| 25kBuddha\n|l| 25kBuddha\n|\n|t:|1683382966\n|start\n|switch|p1a: Murkrow|Murkrow, L50, F|100\/100\n|switch|p1b: Great Tusk|Great Tusk, L50|100\/100\n|switch|p2a: Talonflame|Talonflame, L50, F|100\/100\n|switch|p2b: Great Tusk|Great Tusk, L50|100\/100\n|turn|1\n|\n|t:|1683383048\n|move|p2a: Talonflame|Tailwind|p2a: Talonflame\n|-sidestart|p2: CarlettoJack|move: Tailwind\n|move|p2b: Great Tusk|Earthquake|p1a: Murkrow|[spread] p1b\n|-immune|p2a: Talonflame\n|-immune|p1a: Murkrow\n|-damage|p1b: Great Tusk|48\/100\n|move|p1b: Great Tusk|Rock Slide|p2b: Great Tusk|[spread] \n|-miss|p1b: Great Tusk|p2a: Talonflame\n|-miss|p1b: Great Tusk|p2b: Great Tusk\n|move|p1a: Murkrow|Brave Bird|p2b: Great Tusk\n|-supereffective|p2b: Great Tusk\n|-damage|p2b: Great Tusk|49\/100\n|-damage|p1a: Murkrow|81\/100|[from] Recoil\n|\n|upkeep\n|turn|2\n|\n|t:|1683383067\n|move|p1b: Great Tusk|Protect|p1b: Great Tusk\n|-singleturn|p1b: Great Tusk|Protect\n|move|p1a: Murkrow|Tailwind|p1a: Murkrow\n|-sidestart|p1: Tamejo|move: Tailwind\n|move|p2a: Talonflame|Taunt|p1a: Murkrow\n|-start|p1a: Murkrow|move: Taunt\n|move|p2b: Great Tusk|Earthquake|p1a: Murkrow|[spread] \n|-activate|p1b: Great Tusk|move: Protect\n|-immune|p2a: Talonflame\n|-immune|p1a: Murkrow\n|\n|upkeep\n|turn|3\n|\n|t:|1683383089\n|-end|p2b: Great Tusk|Protosynthesis|[silent]\n|switch|p2b: Iron Hands|Iron Hands, L50|100\/100\n|move|p2a: Talonflame|Brave Bird|p1b: Great Tusk\n|-supereffective|p1b: Great Tusk\n|-damage|p1b: Great Tusk|0 fnt\n|faint|p1b: Great Tusk\n|-end|p1b: Great Tusk|Protosynthesis|[silent]\n|-damage|p2a: Talonflame|81\/100|[from] Recoil\n|move|p1a: Murkrow|Brave Bird|p2a: Talonflame\n|-damage|p2a: Talonflame|22\/100\n|-damage|p1a: Murkrow|63\/100|[from] Recoil\n|\n|upkeep\n|\n|t:|1683383106\n|switch|p1b: Iron Bundle|Iron Bundle, L50|100\/100\n|-enditem|p1b: Iron Bundle|Booster Energy\n|-activate|p1b: Iron Bundle|ability: Quark Drive|[fromitem]\n|-start|p1b: Iron Bundle|quarkdrivespe\n|turn|4\n|\n|t:|1683383128\n|switch|p1a: Chi-Yu|Chi-Yu, L50|100\/100\n|-ability|p1a: Chi-Yu|Beads of Ruin\n|move|p1b: Iron Bundle|Protect|p1b: Iron Bundle\n|-singleturn|p1b: Iron Bundle|Protect\n|move|p2a: Talonflame|Flare Blitz|p1a: Chi-Yu\n|-resisted|p1a: Chi-Yu\n|-damage|p1a: Chi-Yu|61\/100\n|-damage|p2a: Talonflame|11\/100|[from] Recoil\n|move|p2b: Iron Hands|Wild Charge|p1b: Iron Bundle\n|-activate|p1b: Iron Bundle|move: Protect\n|\n|-sideend|p2: CarlettoJack|move: Tailwind\n|upkeep\n|turn|5\n|\n|t:|1683383151\n|-terastallize|p1b: Iron Bundle|Poison\n|move|p1b: Iron Bundle|Hydro Pump|p2b: Iron Hands\n|-damage|p2b: Iron Hands|60\/100\n|move|p1a: Chi-Yu|Heat Wave|p2b: Iron Hands|[spread] p2a,p2b\n|-resisted|p2a: Talonflame\n|-damage|p2a: Talonflame|0 fnt\n|-damage|p2b: Iron Hands|16\/100\n|faint|p2a: Talonflame\n|move|p2b: Iron Hands|Wild Charge|p1b: Iron Bundle\n|-damage|p1b: Iron Bundle|39\/100\n|-damage|p2b: Iron Hands|8\/100|[from] Recoil\n|\n|-sideend|p1: Tamejo|move: Tailwind\n|upkeep\n|\n|t:|1683383172\n|switch|p2a: Flutter Mane|Flutter Mane, L50|100\/100\n|turn|6\n|\n|t:|1683383202\n|-terastallize|p2a: Flutter Mane|Fairy\n|move|p1b: Iron Bundle|Icy Wind|p2b: Iron Hands|[spread] p2a,p2b\n|-damage|p2a: Flutter Mane|75\/100\n|-damage|p2b: Iron Hands|0 fnt\n|-unboost|p2a: Flutter Mane|spe|1\n|faint|p2b: Iron Hands\n|-end|p2b: Iron Hands|Quark Drive|[silent]\n|move|p1a: Chi-Yu|Heat Wave|p2a: Flutter Mane\n|-damage|p2a: Flutter Mane|0 fnt\n|faint|p2a: Flutter Mane\n|-end|p2a: Flutter Mane|Protosynthesis|[silent]\n|\n|upkeep\n|j| lucarioex555\n|\n|t:|1683383221\n|switch|p2a: Great Tusk|Great Tusk, L50|49\/100\n|turn|7\n|\n|t:|1683383227\n|move|p1b: Iron Bundle|Freeze-Dry|p2a: Great Tusk\n|-supereffective|p2a: Great Tusk\n|-damage|p2a: Great Tusk|0 fnt\n|faint|p2a: Great Tusk\n|-end|p2a: Great Tusk|Protosynthesis|[silent]\n|\n|win|Tamejo\n|c|\u2606Tamejo|Gg\n|c|\u2606CarlettoJack|gg\n|l| lucarioex555\n|l|\u2606CarlettoJack\n","uploadtime":1683384288,"views":5,"p1id":"tamejo","p2id":"carlettojack","formatid":"gen9vgc2023regulationc","rating":0,"private":0,"password":""}