{"id":"gen9vgc2023regulationc-1855125002","p1":"Kekeletanant12","p2":"I love Pippo borga","format":"[Gen 9] VGC 2023 Regulation C","log":"|j|\u2606Kekeletanant12\n|j|\u2606I love Pippo borga\n|t:|1682904313\n|gametype|doubles\n|player|p1|Kekeletanant12|265|1086\n|player|p2|I love Pippo borga|1|1035\n|teamsize|p1|6\n|teamsize|p2|6\n|gen|9\n|tier|[Gen 9] VGC 2023 Regulation C\n|rated|\n|rule|Species Clause: Limit one of each Pok\u00e9mon\n|rule|Item Clause: Limit one of each item\n|clearpoke\n|poke|p1|Flutter Mane, L50|\n|poke|p1|Tatsugiri, L50, M|\n|poke|p1|Dondozo, L50, M|\n|poke|p1|Flamigo, L50, F|\n|poke|p1|Garchomp, L50, M|\n|poke|p1|Gholdengo, L50|\n|poke|p2|Iron Hands, L50|\n|poke|p2|Ting-Lu, L50|\n|poke|p2|Amoonguss, L50, M|\n|poke|p2|Gyarados, L50, F|\n|poke|p2|Iron Bundle, L50|\n|poke|p2|Flutter Mane, L50|\n|teampreview|4\n|inactive|Battle timer is ON: inactive players will automatically lose when time's up. (requested by I love Pippo borga)\n|\n|t:|1682904356\n|start\n|switch|p1a: Flutter Mane|Flutter Mane, L50|100\/100\n|switch|p1b: Gholdengo|Gholdengo, L50|100\/100\n|switch|p2a: Gyarados|Gyarados, L50, F|100\/100\n|switch|p2b: Ting-Lu|Ting-Lu, L50|100\/100\n|-ability|p2a: Gyarados|Intimidate|boost\n|-unboost|p1a: Flutter Mane|atk|1\n|-unboost|p1b: Gholdengo|atk|1\n|-ability|p2b: Ting-Lu|Vessel of Ruin\n|turn|1\n|\n|t:|1682904380\n|move|p1a: Flutter Mane|Moonblast|p2b: Ting-Lu\n|-supereffective|p2b: Ting-Lu\n|-crit|p2b: Ting-Lu\n|-damage|p2b: Ting-Lu|49\/100\n|move|p1b: Gholdengo|Dazzling Gleam|p2a: Gyarados|[spread] p2a,p2b\n|-supereffective|p2b: Ting-Lu\n|-damage|p2a: Gyarados|83\/100\n|-damage|p2b: Ting-Lu|26\/100\n|-damage|p1b: Gholdengo|91\/100|[from] item: Life Orb\n|move|p2a: Gyarados|Thunder Wave|p1a: Flutter Mane\n|-status|p1a: Flutter Mane|par\n|move|p2b: Ting-Lu|Ruination|p1b: Gholdengo\n|-damage|p1b: Gholdengo|46\/100\n|\n|upkeep\n|turn|2\n|inactive|I love Pippo borga has 30 seconds left.\n|\n|t:|1682904409\n|switch|p2b: Flutter Mane|Flutter Mane, L50|100\/100\n|move|p1b: Gholdengo|Dazzling Gleam|p2b: Flutter Mane|[spread] p2a,p2b\n|-damage|p2a: Gyarados|59\/100\n|-damage|p2b: Flutter Mane|76\/100\n|-damage|p1b: Gholdengo|36\/100|[from] item: Life Orb\n|move|p2a: Gyarados|Waterfall|p1a: Flutter Mane\n|-damage|p1a: Flutter Mane|32\/100 par\n|cant|p1a: Flutter Mane|flinch\n|\n|upkeep\n|turn|3\n|\n|t:|1682904433\n|-terastallize|p1b: Gholdengo|Steel\n|move|p2b: Flutter Mane|Shadow Ball|p1b: Gholdengo\n|-damage|p1b: Gholdengo|0 fnt\n|faint|p1b: Gholdengo\n|move|p2a: Gyarados|Waterfall|p1a: Flutter Mane\n|-damage|p1a: Flutter Mane|0 fnt\n|faint|p1a: Flutter Mane\n|-end|p1a: Flutter Mane|Protosynthesis|[silent]\n|\n|upkeep\n|\n|t:|1682904444\n|switch|p1a: Garchomp|Garchomp, L50, M|100\/100\n|switch|p1b: Flamigo|Flamigo, L50, F|100\/100\n|-copyboost|p1b: Flamigo|p1a: Garchomp|[from] ability: Costar\n|turn|4\n|\n|t:|1682904466\n|-end|p2b: Flutter Mane|Protosynthesis|[silent]\n|switch|p2b: Iron Hands|Iron Hands, L50|100\/100\n|move|p1a: Garchomp|Iron Head|p2b: Iron Hands\n|-resisted|p2b: Iron Hands\n|-damage|p2b: Iron Hands|91\/100\n|move|p1b: Flamigo|Brave Bird|p2a: Gyarados\n|-damage|p2a: Gyarados|5\/100\n|-enditem|p2a: Gyarados|Aguav Berry|[eat]\n|-heal|p2a: Gyarados|38\/100|[from] item: Aguav Berry\n|-damage|p1b: Flamigo|78\/100|[from] Recoil\n|move|p2a: Gyarados|Thunder Wave|p1b: Flamigo\n|-status|p1b: Flamigo|par\n|\n|upkeep\n|turn|5\n|\n|t:|1682904487\n|move|p1a: Garchomp|Earthquake|p2a: Gyarados|[spread] p2b\n|-immune|p1b: Flamigo\n|-immune|p2a: Gyarados\n|-supereffective|p2b: Iron Hands\n|-damage|p2b: Iron Hands|36\/100\n|move|p2a: Gyarados|Waterfall|p1a: Garchomp\n|-damage|p1a: Garchomp|68\/100\n|-damage|p2a: Gyarados|26\/100|[from] ability: Rough Skin|[of] p1a: Garchomp\n|-damage|p2a: Gyarados|10\/100|[from] item: Rocky Helmet|[of] p1a: Garchomp\n|move|p1b: Flamigo|Brave Bird|p2b: Iron Hands\n|-damage|p2b: Iron Hands|0 fnt\n|faint|p2b: Iron Hands\n|-end|p2b: Iron Hands|Quark Drive|[silent]\n|-damage|p1b: Flamigo|61\/100 par|[from] Recoil\n|\n|upkeep\n|\n|t:|1682904500\n|switch|p2b: Flutter Mane|Flutter Mane, L50|76\/100\n|turn|6\n|\n|t:|1682904511\n|move|p2b: Flutter Mane|Dazzling Gleam|p1a: Garchomp|[spread] p1a,p1b\n|-supereffective|p1a: Garchomp\n|-supereffective|p1b: Flamigo\n|-damage|p1a: Garchomp|0 fnt\n|-damage|p1b: Flamigo|0 fnt\n|faint|p1a: Garchomp\n|faint|p1b: Flamigo\n|\n|win|I love Pippo borga\n|raw|Kekeletanant12's rating: 1086 → 1060<\/strong> (-26 for losing)\n|raw|I love Pippo borga's rating: 1035 → 1075<\/strong> (+40 for winning)\n","uploadtime":1682904520,"views":16,"p1id":"kekeletanant12","p2id":"ilovepippoborga","formatid":"gen9vgc2023regulationc","rating":1060,"private":0,"password":""}