{"id":"gen9vgc2023regulationc-1862589640","p1":"Dr_McKey","p2":"LutyAlphayOmega","format":"[Gen 9] VGC 2023 Regulation C","log":"|j|\u2606Dr_McKey\n|j|\u2606LutyAlphayOmega\n|t:|1683903480\n|gametype|doubles\n|player|p1|Dr_McKey|koga|1116\n|player|p2|LutyAlphayOmega|1|1186\n|teamsize|p1|6\n|teamsize|p2|6\n|gen|9\n|tier|[Gen 9] VGC 2023 Regulation C\n|rated|\n|rule|Species Clause: Limit one of each Pok\u00e9mon\n|rule|Item Clause: Limit one of each item\n|clearpoke\n|poke|p1|Ceruledge, L50, F|\n|poke|p1|Scizor, L50, M|\n|poke|p1|Wo-Chien, L50|\n|poke|p1|Gyarados, L50, M|\n|poke|p1|Glimmora, L50, M|\n|poke|p1|Clodsire, L50, M|\n|poke|p2|Dragonite, L50, M|\n|poke|p2|Orthworm, L50, F|\n|poke|p2|Talonflame, L50, M|\n|poke|p2|Gyarados, L50, M|\n|poke|p2|Ting-Lu, L50|\n|poke|p2|Flutter Mane, L50|\n|teampreview|4\n|inactive|Battle timer is ON: inactive players will automatically lose when time's up. (requested by Dr_McKey)\n|inactive|LutyAlphayOmega has 60 seconds left.\n|\n|t:|1683903557\n|start\n|switch|p1a: Glimmora|Glimmora, L50, M, shiny|100\/100\n|switch|p1b: Clodsire|Clodsire, L50, M|100\/100\n|switch|p2a: Gyarados|Gyarados, L50, M|100\/100\n|switch|p2b: Orthworm|Orthworm, L50, F|100\/100\n|-ability|p2a: Gyarados|Intimidate|boost\n|-unboost|p1a: Glimmora|atk|1\n|-unboost|p1b: Clodsire|atk|1\n|turn|1\n|inactive|LutyAlphayOmega has 30 seconds left.\n|\n|t:|1683903588\n|move|p2a: Gyarados|Protect|p2a: Gyarados\n|-singleturn|p2a: Gyarados|Protect\n|move|p1a: Glimmora|Power Gem|p2a: Gyarados\n|-activate|p2a: Gyarados|move: Protect\n|move|p2b: Orthworm|Shed Tail|p2b: Orthworm\n|-start|p2b: Orthworm|Substitute|[from] move: Shed Tail\n|-damage|p2b: Orthworm|50\/100\n|-enditem|p2b: Orthworm|Sitrus Berry|[eat]\n|-heal|p2b: Orthworm|75\/100|[from] item: Sitrus Berry\n|\n|t:|1683903596\n|switch|p2b: Dragonite|Dragonite, L50, M|100\/100|[from] Shed Tail\n|move|p1b: Clodsire|Toxic|p2a: Gyarados\n|-activate|p2a: Gyarados|move: Protect\n|\n|upkeep\n|turn|2\n|inactive|Dr_McKey has 30 seconds left.\n|\n|t:|1683903627\n|move|p2a: Gyarados|Waterfall|p1a: Glimmora\n|-supereffective|p1a: Glimmora\n|-damage|p1a: Glimmora|42\/100\n|-activate|p1a: Glimmora|ability: Toxic Debris\n|-sidestart|p2: LutyAlphayOmega|move: Toxic Spikes\n|move|p1a: Glimmora|Power Gem|p2b: Dragonite\n|-supereffective|p2b: Dragonite\n|-end|p2b: Dragonite|Substitute\n|move|p2b: Dragonite|Dragon Dance|p2b: Dragonite\n|-boost|p2b: Dragonite|atk|1\n|-boost|p2b: Dragonite|spe|1\n|move|p1b: Clodsire|Chilling Water|p2a: Gyarados\n|-resisted|p2a: Gyarados\n|-damage|p2a: Gyarados|98\/100\n|-unboost|p2a: Gyarados|atk|1\n|\n|upkeep\n|turn|3\n|\n|t:|1683903649\n|switch|p2a: Orthworm|Orthworm, L50, F|75\/100\n|move|p2b: Dragonite|Earthquake|p1a: Glimmora|[spread] p1a,p1b\n|-heal|p2a: Orthworm|100\/100|[from] ability: Earth Eater|[of] p2b: Dragonite\n|-supereffective|p1a: Glimmora\n|-crit|p1a: Glimmora\n|-supereffective|p1b: Clodsire\n|-damage|p1a: Glimmora|0 fnt\n|-damage|p1b: Clodsire|31\/100\n|-activate|p1a: Glimmora|ability: Toxic Debris\n|-sidestart|p2: LutyAlphayOmega|move: Toxic Spikes\n|faint|p1a: Glimmora\n|move|p1b: Clodsire|Chilling Water|p2b: Dragonite\n|-resisted|p2b: Dragonite\n|-damage|p2b: Dragonite|99\/100\n|-unboost|p2b: Dragonite|atk|1\n|\n|-heal|p1b: Clodsire|37\/100|[from] item: Black Sludge\n|upkeep\n|\n|t:|1683903668\n|switch|p1a: Gyarados|Gyarados, L50, M, shiny|100\/100\n|-ability|p1a: Gyarados|Intimidate|boost\n|-unboost|p2a: Orthworm|atk|1\n|-unboost|p2b: Dragonite|atk|1\n|turn|4\n|inactive|LutyAlphayOmega has 30 seconds left.\n|inactive|LutyAlphayOmega has 20 seconds left.\n|\n|t:|1683903707\n|-terastallize|p2b: Dragonite|Flying\n|move|p2b: Dragonite|Tera Blast|p1a: Gyarados\n|-damage|p1a: Gyarados|56\/100\n|move|p1a: Gyarados|Taunt|p2a: Orthworm\n|-start|p2a: Orthworm|move: Taunt\n|cant|p2a: Orthworm|move: Taunt|Shed Tail\n|move|p1b: Clodsire|Recover|p1b: Clodsire\n|-heal|p1b: Clodsire|87\/100\n|\n|-heal|p1b: Clodsire|93\/100|[from] item: Black Sludge\n|upkeep\n|turn|5\n|\n|t:|1683903731\n|switch|p1a: Ceruledge|Ceruledge, L50, F, shiny|100\/100\n|switch|p2a: Gyarados|Gyarados, L50, M|98\/100\n|-ability|p2a: Gyarados|Intimidate|boost\n|-fail|p1a: Ceruledge|unboost|[from] item: Clear Amulet|[of] p1a: Ceruledge\n|-unboost|p1b: Clodsire|atk|1\n|move|p2b: Dragonite|Earthquake|p1a: Ceruledge|[spread] p1a,p1b\n|-immune|p2a: Gyarados\n|-supereffective|p1a: Ceruledge\n|-supereffective|p1b: Clodsire\n|-damage|p1a: Ceruledge|55\/100\n|-damage|p1b: Clodsire|64\/100\n|move|p1b: Clodsire|Toxic|p2b: Dragonite\n|-status|p2b: Dragonite|tox\n|\n|-heal|p1b: Clodsire|70\/100|[from] item: Black Sludge\n|-damage|p2b: Dragonite|93\/100 tox|[from] psn\n|upkeep\n|turn|6\n|inactive|Dr_McKey has 30 seconds left.\n|\n|t:|1683903761\n|switch|p1a: Gyarados|Gyarados, L50, M, shiny|56\/100\n|-ability|p1a: Gyarados|Intimidate|boost\n|-unboost|p2a: Gyarados|atk|1\n|-unboost|p2b: Dragonite|atk|1\n|move|p2b: Dragonite|Dragon Dance|p2b: Dragonite\n|-boost|p2b: Dragonite|atk|1\n|-boost|p2b: Dragonite|spe|1\n|move|p2a: Gyarados|Waterfall|p1a: Gyarados\n|-resisted|p1a: Gyarados\n|-damage|p1a: Gyarados|44\/100\n|-enditem|p1a: Gyarados|Sitrus Berry|[eat]\n|-heal|p1a: Gyarados|69\/100|[from] item: Sitrus Berry\n|move|p1b: Clodsire|Toxic|p2a: Gyarados\n|-status|p2a: Gyarados|tox\n|\n|-heal|p1b: Clodsire|76\/100|[from] item: Black Sludge\n|-damage|p2b: Dragonite|81\/100 tox|[from] psn\n|-damage|p2a: Gyarados|92\/100 tox|[from] psn\n|upkeep\n|turn|7\n|inactive|Dr_McKey has 30 seconds left.\n|\n|t:|1683903791\n|move|p2b: Dragonite|Dragon Dance|p2b: Dragonite\n|-boost|p2b: Dragonite|atk|1\n|-boost|p2b: Dragonite|spe|1\n|move|p2a: Gyarados|Thunder Wave|p1a: Gyarados\n|-status|p1a: Gyarados|par\n|move|p1a: Gyarados|Taunt|p2b: Dragonite\n|-start|p2b: Dragonite|move: Taunt\n|move|p1b: Clodsire|Chilling Water|p2b: Dragonite\n|-damage|p2b: Dragonite|76\/100 tox\n|-unboost|p2b: Dragonite|atk|1\n|\n|-heal|p1b: Clodsire|82\/100|[from] item: Black Sludge\n|-damage|p2b: Dragonite|57\/100 tox|[from] psn\n|-damage|p2a: Gyarados|80\/100 tox|[from] psn\n|upkeep\n|turn|8\n|inactive|Dr_McKey has 30 seconds left.\n|\n|t:|1683903825\n|move|p2b: Dragonite|Tera Blast|p1a: Gyarados\n|-damage|p1a: Gyarados|27\/100 par\n|move|p2a: Gyarados|Waterfall|p1a: Gyarados\n|-resisted|p1a: Gyarados\n|-damage|p1a: Gyarados|16\/100 par\n|cant|p1a: Gyarados|flinch\n|move|p1b: Clodsire|Chilling Water|p2b: Dragonite\n|-damage|p2b: Dragonite|52\/100 tox\n|-unboost|p2b: Dragonite|atk|1\n|\n|-heal|p1b: Clodsire|88\/100|[from] item: Black Sludge\n|-damage|p2b: Dragonite|27\/100 tox|[from] psn\n|-damage|p2a: Gyarados|62\/100 tox|[from] psn\n|upkeep\n|turn|9\n|inactive|LutyAlphayOmega has 30 seconds left.\n|\n|t:|1683903851\n|move|p2b: Dragonite|Tera Blast|p1a: Gyarados\n|-damage|p1a: Gyarados|0 fnt\n|faint|p1a: Gyarados\n|move|p2a: Gyarados|Waterfall|p1b: Clodsire\n|-heal|p1b: Clodsire|100\/100|[from] ability: Water Absorb|[of] p2a: Gyarados\n|move|p1b: Clodsire|Chilling Water|p2a: Gyarados\n|-resisted|p2a: Gyarados\n|-damage|p2a: Gyarados|59\/100 tox\n|-unboost|p2a: Gyarados|atk|1\n|\n|-damage|p2b: Dragonite|0 fnt|[from] psn\n|faint|p2b: Dragonite\n|-damage|p2a: Gyarados|35\/100 tox|[from] psn\n|upkeep\n|\n|t:|1683903868\n|switch|p1a: Ceruledge|Ceruledge, L50, F, shiny|55\/100\n|switch|p2b: Talonflame|Talonflame, L50, M|100\/100\n|turn|10\n|inactive|LutyAlphayOmega has 30 seconds left.\n|inactive|LutyAlphayOmega has 20 seconds left.\n|\n|t:|1683903905\n|switch|p2a: Orthworm|Orthworm, L50, F|100\/100\n|move|p1a: Ceruledge|Protect|p1a: Ceruledge\n|-singleturn|p1a: Ceruledge|Protect\n|move|p2b: Talonflame|Tailwind|p2b: Talonflame\n|-sidestart|p2: LutyAlphayOmega|move: Tailwind\n|move|p1b: Clodsire|Chilling Water|p2b: Talonflame\n|-supereffective|p2b: Talonflame\n|-damage|p2b: Talonflame|86\/100\n|\n|upkeep\n|turn|11\n|inactive|Dr_McKey has 30 seconds left.\n|inactive|LutyAlphayOmega has 30 seconds left.\n|\n|t:|1683903931\n|move|p2b: Talonflame|Will-O-Wisp|p1b: Clodsire\n|-status|p1b: Clodsire|brn\n|move|p2a: Orthworm|Shed Tail|p2a: Orthworm\n|-start|p2a: Orthworm|Substitute|[from] move: Shed Tail\n|-damage|p2a: Orthworm|50\/100\n|\n|t:|1683903937\n|switch|p2a: Gyarados|Gyarados, L50, M|35\/100 tox|[from] Shed Tail\n|-ability|p2a: Gyarados|Intimidate|boost\n|-fail|p1a: Ceruledge|unboost|[from] item: Clear Amulet|[of] p1a: Ceruledge\n|-unboost|p1b: Clodsire|atk|1\n|move|p1a: Ceruledge|Bulk Up|p1a: Ceruledge\n|-boost|p1a: Ceruledge|atk|1\n|-boost|p1a: Ceruledge|def|1\n|move|p1b: Clodsire|Chilling Water|p2b: Talonflame\n|-supereffective|p2b: Talonflame\n|-damage|p2b: Talonflame|72\/100\n|\n|-damage|p2a: Gyarados|29\/100 tox|[from] psn\n|-damage|p1b: Clodsire|94\/100 brn|[from] brn\n|upkeep\n|turn|12\n|\n|t:|1683903959\n|switch|p2b: Orthworm|Orthworm, L50, F|50\/100\n|move|p1a: Ceruledge|Protect|p1a: Ceruledge\n|-singleturn|p1a: Ceruledge|Protect\n|move|p2a: Gyarados|Iron Head|p1b: Clodsire\n|-damage|p1b: Clodsire|76\/100 brn\n|cant|p1b: Clodsire|flinch\n|\n|-heal|p1b: Clodsire|82\/100 brn|[from] item: Black Sludge\n|-damage|p2a: Gyarados|17\/100 tox|[from] psn\n|-damage|p1b: Clodsire|76\/100 brn|[from] brn\n|upkeep\n|turn|13\n|\n|t:|1683903980\n|-terastallize|p1a: Ceruledge|Grass\n|move|p2a: Gyarados|Waterfall|p1a: Ceruledge\n|-resisted|p1a: Ceruledge\n|-damage|p1a: Ceruledge|42\/100\n|move|p2b: Orthworm|Heavy Slam|p1a: Ceruledge\n|-damage|p1a: Ceruledge|14\/100\n|move|p1a: Ceruledge|Bitter Blade|p2b: Orthworm\n|-supereffective|p2b: Orthworm\n|-damage|p2b: Orthworm|0 fnt\n|-heal|p1a: Ceruledge|38\/100|[from] drain|[of] p2b: Orthworm\n|faint|p2b: Orthworm\n|move|p1b: Clodsire|Chilling Water|p2a: Gyarados\n|-resisted|p2a: Gyarados\n|-crit|p2a: Gyarados\n|-activate|p2a: Gyarados|move: Substitute|[damage]\n|\n|-heal|p1b: Clodsire|82\/100 brn|[from] item: Black Sludge\n|-damage|p2a: Gyarados|0 fnt|[from] psn\n|faint|p2a: Gyarados\n|-damage|p1b: Clodsire|76\/100 brn|[from] brn\n|-sideend|p2: LutyAlphayOmega|move: Tailwind\n|upkeep\n|-message|LutyAlphayOmega forfeited.\n|\n|win|Dr_McKey\n|raw|Dr_McKey's rating: 1116 → 1146<\/strong> (+30 for winning)\n|raw|LutyAlphayOmega's rating: 1186 → 1156<\/strong> (-30 for losing)\n|l|\u2606LutyAlphayOmega\n","uploadtime":1683904025,"views":8,"p1id":"drmckey","p2id":"lutyalphayomega","formatid":"gen9vgc2023regulationc","rating":1146,"private":0,"password":""}