{"id":"gen9vgc2023regulationc-1863254315","p1":"Chamix90","p2":"adrpen","format":"[Gen 9] VGC 2023 Regulation C","log":"|j|\u2606Chamix90\n|j|\u2606adrpen\n|t:|1683994185\n|gametype|doubles\n|player|p1|Chamix90|265|1197\n|player|p2|adrpen|boarder|1118\n|teamsize|p1|6\n|teamsize|p2|6\n|gen|9\n|tier|[Gen 9] VGC 2023 Regulation C\n|rated|\n|rule|Species Clause: Limit one of each Pok\u00e9mon\n|rule|Item Clause: Limit one of each item\n|clearpoke\n|poke|p1|Chi-Yu, L50|\n|poke|p1|Annihilape, L50, M|\n|poke|p1|Maushold-Four, L50|\n|poke|p1|Wo-Chien, L50|\n|poke|p1|Iron Bundle, L50|\n|poke|p1|Gyarados, L50, M|\n|poke|p2|Amoonguss, L50, M|\n|poke|p2|Palafin, L50, M|\n|poke|p2|Iron Hands, L50|\n|poke|p2|Arcanine, L50, M|\n|poke|p2|Flutter Mane, L50|\n|poke|p2|Dragonite, L50, M|\n|teampreview|4\n|inactive|Battle timer is ON: inactive players will automatically lose when time's up. (requested by adrpen)\n|inactive|Chamix90 has 60 seconds left.\n|inactive|adrpen has 60 seconds left.\nChamix90 has agreed to open team sheets.\n|\n|t:|1683994237\n|start\n|switch|p1a: Agnese|Maushold-Four, L50, shiny|100\/100\n|switch|p1b: Federico|Annihilape, L50, M, shiny|100\/100\n|switch|p2a: Iron Hands|Iron Hands, L50, shiny|100\/100\n|switch|p2b: Flutter Mane|Flutter Mane, L50|100\/100\n|-enditem|p2b: Flutter Mane|Booster Energy\n|-activate|p2b: Flutter Mane|ability: Protosynthesis|[fromitem]\n|-start|p2b: Flutter Mane|protosynthesisspa\n|turn|1\n|inactive|adrpen has 30 seconds left.\n|\n|t:|1683994270\n|-terastallize|p1b: Federico|Fire\n|move|p1a: Agnese|Protect|p1a: Agnese\n|-singleturn|p1a: Agnese|Protect\n|move|p2b: Flutter Mane|Substitute|p2b: Flutter Mane\n|-start|p2b: Flutter Mane|Substitute\n|-damage|p2b: Flutter Mane|76\/100\n|move|p1b: Federico|Bulk Up|p1b: Federico\n|-boost|p1b: Federico|atk|1\n|-boost|p1b: Federico|def|1\n|move|p2a: Iron Hands|Heavy Slam|p1b: Federico\n|-resisted|p1b: Federico\n|-crit|p1b: Federico\n|-damage|p1b: Federico|78\/100\n|\n|upkeep\n|turn|2\n|inactive|adrpen has 30 seconds left.\n|\n|t:|1683994305\n|move|p2b: Flutter Mane|Protect|p2b: Flutter Mane\n|-singleturn|p2b: Flutter Mane|Protect\n|move|p1a: Agnese|Beat Up|p1b: Federico\n|-damage|p1b: Federico|77\/100\n|-damage|p1b: Federico|76\/100\n|-damage|p1b: Federico|75\/100\n|-damage|p1b: Federico|74\/100\n|-hitcount|p1b: Federico|4\n|move|p1b: Federico|Rage Fist|p2a: Iron Hands\n|-damage|p2a: Iron Hands|0 fnt\n|faint|p2a: Iron Hands\n|-end|p2a: Iron Hands|Quark Drive|[silent]\n|\n|upkeep\n|\n|t:|1683994326\n|switch|p2a: Dragonite|Dragonite, L50, M|100\/100\n|turn|3\n|\n|t:|1683994341\n|-terastallize|p2a: Dragonite|Flying\n|move|p1a: Agnese|Follow Me|p1a: Agnese\n|-singleturn|p1a: Agnese|move: Follow Me\n|move|p2b: Flutter Mane|Moonblast|p1a: Agnese\n|-damage|p1a: Agnese|30\/100\n|move|p2a: Dragonite|Tera Blast|p1a: Agnese\n|-damage|p1a: Agnese|0 fnt\n|faint|p1a: Agnese\n|move|p1b: Federico|Rage Fist|p2a: Dragonite\n|-damage|p2a: Dragonite|0 fnt\n|faint|p2a: Dragonite\n|\n|upkeep\n|\n|t:|1683994357\n|switch|p1a: Vavusu|Wo-Chien, L50|100\/100\n|switch|p2a: Amoonguss|Amoonguss, L50, M, shiny|100\/100\n|-ability|p1a: Vavusu|Tablets of Ruin\n|turn|4\n|\n|t:|1683994369\n|move|p2a: Amoonguss|Protect|p2a: Amoonguss\n|-singleturn|p2a: Amoonguss|Protect\n|move|p2b: Flutter Mane|Shadow Ball|p1b: Federico\n|-damage|p1b: Federico|33\/100\n|-enditem|p1b: Federico|Sitrus Berry|[eat]\n|-heal|p1b: Federico|58\/100|[from] item: Sitrus Berry\n|move|p1b: Federico|Rage Fist|p2a: Amoonguss\n|-activate|p2a: Amoonguss|move: Protect\n|move|p1a: Vavusu|Pollen Puff|p1b: Federico\n|-heal|p1b: Federico|100\/100\n|\n|upkeep\n|turn|5\n|inactive|Chamix90 has 30 seconds left.\n|\n|t:|1683994401\n|move|p2b: Flutter Mane|Moonblast|p1a: Vavusu\n|-supereffective|p1a: Vavusu\n|-damage|p1a: Vavusu|10\/100\n|-unboost|p1a: Vavusu|spa|1\n|move|p1b: Federico|Rage Fist|p2a: Amoonguss\n|-damage|p2a: Amoonguss|0 fnt\n|-damage|p1b: Federico|84\/100|[from] item: Rocky Helmet|[of] p2a: Amoonguss\n|faint|p2a: Amoonguss\n|move|p1a: Vavusu|Pollen Puff|p2b: Flutter Mane\n|-resisted|p2b: Flutter Mane\n|-activate|p2b: Flutter Mane|move: Substitute|[damage]\n|\n|-heal|p1a: Vavusu|16\/100|[from] item: Leftovers\n|upkeep\n|turn|6\n|\n|t:|1683994425\n|move|p1a: Vavusu|Protect|p1a: Vavusu\n|-singleturn|p1a: Vavusu|Protect\n|move|p2b: Flutter Mane|Shadow Ball|p1b: Federico\n|-damage|p1b: Federico|46\/100\n|move|p1b: Federico|Rage Fist|p2b: Flutter Mane\n|-supereffective|p2b: Flutter Mane\n|-end|p2b: Flutter Mane|Substitute\n|\n|-heal|p1a: Vavusu|22\/100|[from] item: Leftovers\n|upkeep\n|turn|7\n|inactive|Chamix90 has 30 seconds left.\n|\n|t:|1683994453\n|move|p1b: Federico|Protect|p1b: Federico\n|-singleturn|p1b: Federico|Protect\n|move|p2b: Flutter Mane|Shadow Ball|p1b: Federico\n|-activate|p1b: Federico|move: Protect\n|move|p1a: Vavusu|Pollen Puff|p2b: Flutter Mane\n|-resisted|p2b: Flutter Mane\n|-damage|p2b: Flutter Mane|73\/100\n|\n|-heal|p1a: Vavusu|29\/100|[from] item: Leftovers\n|upkeep\n|turn|8\n|\n|t:|1683994476\n|move|p2b: Flutter Mane|Shadow Ball|p1b: Federico\n|-damage|p1b: Federico|10\/100\n|move|p1b: Federico|Rage Fist|p2b: Flutter Mane\n|-supereffective|p2b: Flutter Mane\n|-damage|p2b: Flutter Mane|0 fnt\n|faint|p2b: Flutter Mane\n|-end|p2b: Flutter Mane|Protosynthesis|[silent]\n|\n|win|Chamix90\n|raw|Chamix90's rating: 1197 → 1216<\/strong> (+19 for winning)\n|raw|adrpen's rating: 1118 → 1099<\/strong> (-19 for losing)\n","uploadtime":1683994489,"views":3,"p1id":"chamix90","p2id":"adrpen","formatid":"gen9vgc2023regulationc","rating":1099,"private":0,"password":""}