{"id":"gen9vgc2023regulationc-1848195476","p1":"Ellvaekyoo","p2":"chatonbrutal","format":"[Gen 9] VGC 2023 Regulation C","log":"|j|\u2606Ellvaekyoo\n|j|\u2606chatonbrutal\n|t:|1682041062\n|gametype|doubles\n|player|p1|Ellvaekyoo|blaine|1196\n|player|p2|chatonbrutal|2|1219\n|teamsize|p1|6\n|teamsize|p2|6\n|gen|9\n|tier|[Gen 9] VGC 2023 Regulation C\n|rated|\n|rule|Species Clause: Limit one of each Pok\u00e9mon\n|rule|Item Clause: Limit one of each item\n|clearpoke\n|poke|p1|Glimmora, L50, F|\n|poke|p1|Wo-Chien, L50|\n|poke|p1|Flutter Mane, L50|\n|poke|p1|Arcanine, L50, M|\n|poke|p1|Dondozo, L50, M|\n|poke|p1|Tatsugiri, L50, F|\n|poke|p2|Amoonguss, L50, M|\n|poke|p2|Iron Hands, L50|\n|poke|p2|Palafin, L50, M|\n|poke|p2|Flutter Mane, L50|\n|poke|p2|Kingambit, L50, M|\n|poke|p2|Gholdengo, L50|\n|teampreview|4\n|inactive|Battle timer is ON: inactive players will automatically lose when time's up. (requested by Ellvaekyoo)\n|inactive|chatonbrutal has 60 seconds left.\n|\n|t:|1682041115\n|start\n|switch|p1a: Glimmora|Glimmora, L50, F|100\/100\n|switch|p1b: Arcanine|Arcanine, L50, M|100\/100\n|switch|p2a: Iron Hands|Iron Hands, L50|100\/100\n|switch|p2b: Amoonguss|Amoonguss, L50, M|100\/100\n|-ability|p1b: Arcanine|Intimidate|boost\n|-unboost|p2a: Iron Hands|atk|1\n|-unboost|p2b: Amoonguss|atk|1\n|turn|1\n|inactive|Ellvaekyoo has 30 seconds left.\n|inactive|Ellvaekyoo has 20 seconds left.\n|inactive|Ellvaekyoo has 15 seconds left.\n|\n|t:|1682041157\n|switch|p1b: Flutter Mane|Flutter Mane, L50|100\/100\n|-terastallize|p1a: Glimmora|Grass\n|move|p2a: Iron Hands|Fake Out|p1b: Flutter Mane\n|-immune|p1b: Flutter Mane\n|move|p1a: Glimmora|Earth Power|p2a: Iron Hands\n|-supereffective|p2a: Iron Hands\n|-damage|p2a: Iron Hands|70\/100\n|move|p2b: Amoonguss|Spore|p1a: Glimmora\n|-immune|p1a: Glimmora\n|\n|upkeep\n|turn|2\n|inactive|Ellvaekyoo has 30 seconds left.\n|inactive|chatonbrutal has 30 seconds left.\n|\n|t:|1682041186\n|-end|p1b: Flutter Mane|Protosynthesis|[silent]\n|switch|p1b: Arcanine|Arcanine, L50, M|100\/100\n|-ability|p1b: Arcanine|Intimidate|boost\n|-unboost|p2a: Iron Hands|atk|1\n|-unboost|p2b: Amoonguss|atk|1\n|-end|p2a: Iron Hands|Quark Drive|[silent]\n|switch|p2a: Gholdengo|Gholdengo, L50|100\/100\n|move|p1a: Glimmora|Sludge Bomb|p2a: Gholdengo\n|-immune|p2a: Gholdengo\n|move|p2b: Amoonguss|Spore|p1b: Arcanine\n|-status|p1b: Arcanine|slp|[from] move: Spore\n|\n|upkeep\n|turn|3\n|inactive|chatonbrutal has 30 seconds left.\n|\n|t:|1682041217\n|move|p2b: Amoonguss|Rage Powder|p2b: Amoonguss\n|-singleturn|p2b: Amoonguss|move: Rage Powder\n|move|p1a: Glimmora|Earth Power|p2a: Gholdengo\n|-supereffective|p2a: Gholdengo\n|-damage|p2a: Gholdengo|39\/100\n|move|p2a: Gholdengo|Nasty Plot|p2a: Gholdengo\n|-boost|p2a: Gholdengo|spa|2\n|cant|p1b: Arcanine|slp\n|\n|upkeep\n|turn|4\n|\n|t:|1682041230\n|move|p2a: Gholdengo|Protect|p2a: Gholdengo\n|-singleturn|p2a: Gholdengo|Protect\n|move|p1a: Glimmora|Earth Power|p2a: Gholdengo\n|-activate|p2a: Gholdengo|move: Protect\n|-curestatus|p1b: Arcanine|slp|[msg]\n|move|p1b: Arcanine|Flare Blitz|p2b: Amoonguss\n|-supereffective|p2b: Amoonguss\n|-damage|p2b: Amoonguss|0 fnt\n|faint|p2b: Amoonguss\n|-damage|p1b: Arcanine|63\/100|[from] Recoil\n|\n|upkeep\n|\n|t:|1682041246\n|switch|p2b: Iron Hands|Iron Hands, L50|70\/100\n|turn|5\n|\n|t:|1682041260\n|switch|p1b: Wo-Chien|Wo-Chien, L50|100\/100\n|-ability|p1b: Wo-Chien|Tablets of Ruin\n|-terastallize|p2a: Gholdengo|Water\n|move|p2b: Iron Hands|Fake Out|p1a: Glimmora\n|-damage|p1a: Glimmora|85\/100\n|-activate|p1a: Glimmora|ability: Toxic Debris\n|-sidestart|p2: chatonbrutal|move: Toxic Spikes\n|cant|p1a: Glimmora|flinch\n|move|p2a: Gholdengo|Make It Rain|p1a: Glimmora|[spread] p1a,p1b\n|-damage|p1a: Glimmora|5\/100\n|-damage|p1b: Wo-Chien|47\/100\n|-unboost|p2a: Gholdengo|spa|1\n|\n|upkeep\n|turn|6\n|inactive|Ellvaekyoo has 30 seconds left.\n|inactive|chatonbrutal has 30 seconds left.\n|\n|t:|1682041293\n|move|p2a: Gholdengo|Protect|p2a: Gholdengo\n|-singleturn|p2a: Gholdengo|Protect\n|move|p1a: Glimmora|Earth Power|p2b: Iron Hands\n|-supereffective|p2b: Iron Hands\n|-damage|p2b: Iron Hands|39\/100\n|move|p1b: Wo-Chien|Giga Drain|p2a: Gholdengo\n|-activate|p2a: Gholdengo|move: Protect\n|move|p2b: Iron Hands|Drain Punch|p1b: Wo-Chien\n|-supereffective|p1b: Wo-Chien\n|-damage|p1b: Wo-Chien|0 fnt\n|-heal|p2b: Iron Hands|58\/100|[from] drain|[of] p1b: Wo-Chien\n|faint|p1b: Wo-Chien\n|\n|upkeep\n|\n|t:|1682041308\n|switch|p1b: Flutter Mane|Flutter Mane, L50|100\/100\n|turn|7\n|\n|t:|1682041324\n|move|p1b: Flutter Mane|Dazzling Gleam|p2a: Gholdengo|[spread] p2a,p2b\n|-supereffective|p2b: Iron Hands\n|-damage|p2a: Gholdengo|2\/100\n|-damage|p2b: Iron Hands|24\/100\n|move|p1a: Glimmora|Energy Ball|p2a: Gholdengo\n|-supereffective|p2a: Gholdengo\n|-damage|p2a: Gholdengo|0 fnt\n|faint|p2a: Gholdengo\n|move|p2b: Iron Hands|Wild Charge|p1b: Flutter Mane\n|-enditem|p1b: Flutter Mane|Focus Sash\n|-damage|p1b: Flutter Mane|1\/100\n|-damage|p2b: Iron Hands|10\/100|[from] Recoil\n|\n|upkeep\n|\n|t:|1682041335\n|switch|p2a: Flutter Mane|Flutter Mane, L50|100\/100\n|-status|p2a: Flutter Mane|psn\n|turn|8\n|inactive|Ellvaekyoo has 30 seconds left.\n|\n|t:|1682041363\n|move|p1b: Flutter Mane|Protect|p1b: Flutter Mane\n|-singleturn|p1b: Flutter Mane|Protect\n|move|p2a: Flutter Mane|Dazzling Gleam|p1b: Flutter Mane|[spread] p1a\n|-activate|p1b: Flutter Mane|move: Protect\n|-damage|p1a: Glimmora|0 fnt\n|faint|p1a: Glimmora\n|move|p2b: Iron Hands|Drain Punch|p1b: Flutter Mane\n|-activate|p1b: Flutter Mane|move: Protect\n|\n|-damage|p2a: Flutter Mane|88\/100 psn|[from] psn\n|upkeep\n|\n|t:|1682041374\n|switch|p1a: Arcanine|Arcanine, L50, M|63\/100\n|-ability|p1a: Arcanine|Intimidate|boost\n|-unboost|p2a: Flutter Mane|atk|1\n|-unboost|p2b: Iron Hands|atk|1\n|turn|9\n|inactive|chatonbrutal has 30 seconds left.\n|inactive|chatonbrutal has 20 seconds left.\n|inactive|chatonbrutal has 15 seconds left.\n|\n|t:|1682041414\n|move|p2a: Flutter Mane|Dazzling Gleam|p1b: Flutter Mane|[spread] p1a,p1b\n|-resisted|p1a: Arcanine\n|-damage|p1a: Arcanine|49\/100\n|-damage|p1b: Flutter Mane|0 fnt\n|-enditem|p1a: Arcanine|Sitrus Berry|[eat]\n|-heal|p1a: Arcanine|74\/100|[from] item: Sitrus Berry\n|faint|p1b: Flutter Mane\n|-end|p1b: Flutter Mane|Protosynthesis|[silent]\n|move|p1a: Arcanine|Snarl|p2a: Flutter Mane|[spread] p2a,p2b\n|-resisted|p2b: Iron Hands\n|-damage|p2a: Flutter Mane|79\/100 psn\n|-damage|p2b: Iron Hands|8\/100\n|-unboost|p2a: Flutter Mane|spa|1\n|-unboost|p2b: Iron Hands|spa|1\n|move|p2b: Iron Hands|Wild Charge|p1a: Arcanine\n|-damage|p1a: Arcanine|40\/100\n|-damage|p2b: Iron Hands|0 fnt|[from] Recoil\n|faint|p2b: Iron Hands\n|-end|p2b: Iron Hands|Quark Drive|[silent]\n|\n|-damage|p2a: Flutter Mane|67\/100 psn|[from] psn\n|upkeep\n|turn|10\n|c|\u2606chatonbrutal|gg\n|inactive|Ellvaekyoo has 30 seconds left.\n|\n|t:|1682041443\n|move|p2a: Flutter Mane|Shadow Ball|p1a: Arcanine\n|-damage|p1a: Arcanine|12\/100\n|-unboost|p1a: Arcanine|spd|1\n|move|p1a: Arcanine|Flare Blitz|p2a: Flutter Mane\n|-damage|p2a: Flutter Mane|0 fnt\n|faint|p2a: Flutter Mane\n|-end|p2a: Flutter Mane|Protosynthesis|[silent]\n|-damage|p1a: Arcanine|0 fnt|[from] Recoil\n|faint|p1a: Arcanine\n|\n|win|Ellvaekyoo\n|raw|Ellvaekyoo's rating: 1196 → 1223<\/strong> (+27 for winning)\n|raw|chatonbrutal's rating: 1219 → 1192<\/strong> (-27 for losing)\n|l|\u2606chatonbrutal\n","uploadtime":1682041470,"views":11,"p1id":"ellvaekyoo","p2id":"chatonbrutal","formatid":"gen9vgc2023regulationc","rating":1192,"private":0,"password":""}