{"id":"gen9vgc2023regulationc-1856121877","p1":"dddaaannniii","p2":"Karajony","format":"[Gen 9] VGC 2023 Regulation C","log":"|j|\u2606dddaaannniii\n|j|\u2606Karajony\n|t:|1683032480\n|gametype|doubles\n|player|p1|dddaaannniii|fisherman-gen4|1289\n|player|p2|Karajony|worker-gen4|1243\n|teamsize|p1|6\n|teamsize|p2|6\n|gen|9\n|tier|[Gen 9] VGC 2023 Regulation C\n|rated|\n|rule|Species Clause: Limit one of each Pok\u00e9mon\n|rule|Item Clause: Limit one of each item\n|clearpoke\n|poke|p1|Dondozo, L50, F|\n|poke|p1|Tatsugiri, L50, M|\n|poke|p1|Chi-Yu, L50|\n|poke|p1|Flutter Mane, L50|\n|poke|p1|Dragonite, L50, M|\n|poke|p1|Glimmora, L50, M|\n|poke|p2|Palafin, L50, M|\n|poke|p2|Ting-Lu, L50|\n|poke|p2|Arcanine, L50, F|\n|poke|p2|Amoonguss, L50, F|\n|poke|p2|Flutter Mane, L50|\n|poke|p2|Baxcalibur, L50, M|\n|teampreview|4\n|inactive|Battle timer is ON: inactive players will automatically lose when time's up. (requested by Karajony)\n|\n|t:|1683032511\n|start\n|switch|p1a: Flutter Mane|Flutter Mane, L50|100\/100\n|switch|p1b: Glimmora|Glimmora, L50, M|100\/100\n|switch|p2a: Ting-Lu|Ting-Lu, L50|100\/100\n|switch|p2b: Palafin|Palafin, L50, M, shiny|100\/100\n|-ability|p2a: Ting-Lu|Vessel of Ruin\n|-enditem|p1a: Flutter Mane|Booster Energy\n|-activate|p1a: Flutter Mane|ability: Protosynthesis|[fromitem]\n|-start|p1a: Flutter Mane|protosynthesisspe\n|turn|1\n|\n|t:|1683032535\n|detailschange|p2b: Palafin|Palafin-Hero, L50, M, shiny\n|switch|p2b: Amoonguss|Amoonguss, L50, F|100\/100\n|move|p1a: Flutter Mane|Substitute|p1a: Flutter Mane\n|-start|p1a: Flutter Mane|Substitute\n|-damage|p1a: Flutter Mane|76\/100\n|move|p1b: Glimmora|Toxic|p2a: Ting-Lu\n|-status|p2a: Ting-Lu|tox\n|move|p2a: Ting-Lu|Fissure|p1b: Glimmora|[miss]\n|-miss|p2a: Ting-Lu|p1b: Glimmora\n|\n|-damage|p2a: Ting-Lu|94\/100 tox|[from] psn\n|upkeep\n|turn|2\n|\n|t:|1683032558\n|move|p1a: Flutter Mane|Protect|p1a: Flutter Mane\n|-singleturn|p1a: Flutter Mane|Protect\n|move|p2b: Amoonguss|Rage Powder|p2b: Amoonguss\n|-singleturn|p2b: Amoonguss|move: Rage Powder\n|move|p1b: Glimmora|Toxic|p2b: Amoonguss\n|-status|p2b: Amoonguss|tox\n|move|p2a: Ting-Lu|Stomping Tantrum|p1b: Glimmora\n|-supereffective|p1b: Glimmora\n|-enditem|p1b: Glimmora|Focus Sash\n|-damage|p1b: Glimmora|1\/100\n|\n|-damage|p2a: Ting-Lu|82\/100 tox|[from] psn\n|-damage|p2b: Amoonguss|95\/100 tox|[from] psn\n|upkeep\n|turn|3\n|\n|t:|1683032578\n|switch|p2a: Baxcalibur|Baxcalibur, L50, M|100\/100\n|move|p1b: Glimmora|Spiky Shield|p1b: Glimmora\n|-singleturn|p1b: Glimmora|move: Protect\n|move|p2b: Amoonguss|Rage Powder|p2b: Amoonguss\n|-singleturn|p2b: Amoonguss|move: Rage Powder\n|move|p1a: Flutter Mane|Hex|p2b: Amoonguss\n|-damage|p2b: Amoonguss|32\/100 tox\n|-enditem|p2b: Amoonguss|Sitrus Berry|[eat]\n|-heal|p2b: Amoonguss|57\/100 tox|[from] item: Sitrus Berry\n|\n|-damage|p2b: Amoonguss|45\/100 tox|[from] psn\n|upkeep\n|turn|4\n|inactive|Karajony has 30 seconds left.\n|\n|t:|1683032604\n|switch|p2b: Palafin|Palafin-Hero, L50, M, shiny|100\/100\n|-activate|p2b: Palafin|ability: Zero to Hero\n|-terastallize|p2a: Baxcalibur|Water\n|move|p2a: Baxcalibur|Ice Shard|p1b: Glimmora\n|-damage|p1b: Glimmora|0 fnt\n|faint|p1b: Glimmora\n|move|p1a: Flutter Mane|Hex|p2b: Palafin\n|-damage|p2b: Palafin|65\/100\n|\n|upkeep\n|\n|t:|1683032616\n|switch|p1b: Dragonite|Dragonite, L50, M|100\/100\n|turn|5\n|\n|t:|1683032638\n|switch|p1b: Tatsugiri|Tatsugiri, L50, M|100\/100\n|move|p2a: Baxcalibur|Ice Shard|p1b: Tatsugiri\n|-damage|p1b: Tatsugiri|66\/100\n|move|p1a: Flutter Mane|Moonblast|p2b: Palafin\n|-damage|p2b: Palafin|10\/100\n|move|p2b: Palafin|Wave Crash|p1b: Tatsugiri\n|-activate|p1b: Tatsugiri|ability: Storm Drain\n|-ability|p1b: Tatsugiri|Storm Drain|boost\n|-boost|p1b: Tatsugiri|spa|1\n|\n|upkeep\n|turn|6\n|\n|t:|1683032658\n|switch|p2b: Amoonguss|Amoonguss, L50, F|78\/100 tox\n|move|p1a: Flutter Mane|Hex|p2b: Amoonguss\n|-damage|p2b: Amoonguss|20\/100 tox\n|move|p2a: Baxcalibur|Icicle Spear|p1a: Flutter Mane\n|-end|p1a: Flutter Mane|Substitute\n|-damage|p1a: Flutter Mane|48\/100\n|-damage|p1a: Flutter Mane|16\/100\n|-damage|p1a: Flutter Mane|0 fnt\n|faint|p1a: Flutter Mane\n|-end|p1a: Flutter Mane|Protosynthesis|[silent]\n|-hitcount|p1: Flutter Mane|4\n|move|p1b: Tatsugiri|Draco Meteor|p2a: Baxcalibur\n|-damage|p2a: Baxcalibur|0 fnt\n|-unboost|p1b: Tatsugiri|spa|2\n|faint|p2a: Baxcalibur\n|\n|-damage|p2b: Amoonguss|14\/100 tox|[from] psn\n|upkeep\n|\n|t:|1683032676\n|switch|p1a: Dragonite|Dragonite, L50, M|100\/100\n|switch|p2a: Palafin|Palafin-Hero, L50, M, shiny|10\/100\n|turn|7\n|\n|t:|1683032686\n|switch|p2b: Ting-Lu|Ting-Lu, L50|82\/100 tox\n|-ability|p2b: Ting-Lu|Vessel of Ruin\n|move|p2a: Palafin|Protect|p2a: Palafin\n|-singleturn|p2a: Palafin|Protect\n|move|p1a: Dragonite|Extreme Speed|p2a: Palafin\n|-activate|p2a: Palafin|move: Protect\n|move|p1b: Tatsugiri|Draco Meteor|p2b: Ting-Lu\n|-damage|p2b: Ting-Lu|56\/100 tox\n|-unboost|p1b: Tatsugiri|spa|2\n|\n|-damage|p2b: Ting-Lu|50\/100 tox|[from] psn\n|upkeep\n|turn|8\n|\n|t:|1683032710\n|switch|p2a: Amoonguss|Amoonguss, L50, F|47\/100 tox\n|move|p1a: Dragonite|Extreme Speed|p2a: Amoonguss\n|-damage|p2a: Amoonguss|22\/100 tox\n|move|p1b: Tatsugiri|Draco Meteor|p2b: Ting-Lu\n|-damage|p2b: Ting-Lu|36\/100 tox\n|-unboost|p1b: Tatsugiri|spa|2\n|move|p2b: Ting-Lu|Heavy Slam|p1b: Tatsugiri\n|-resisted|p1b: Tatsugiri\n|-damage|p1b: Tatsugiri|36\/100\n|\n|-damage|p2b: Ting-Lu|23\/100 tox|[from] psn\n|-damage|p2a: Amoonguss|16\/100 tox|[from] psn\n|upkeep\n|turn|9\n|inactive|Karajony has 30 seconds left.\n|\n|t:|1683032739\n|move|p1a: Dragonite|Aerial Ace|p2a: Amoonguss\n|-supereffective|p2a: Amoonguss\n|-damage|p2a: Amoonguss|0 fnt\n|faint|p2a: Amoonguss\n|move|p1b: Tatsugiri|Draco Meteor|p2b: Ting-Lu|[miss]\n|-miss|p1b: Tatsugiri|p2b: Ting-Lu\n|move|p2b: Ting-Lu|Heavy Slam|p1b: Tatsugiri\n|-resisted|p1b: Tatsugiri\n|-damage|p1b: Tatsugiri|8\/100\n|\n|-damage|p2b: Ting-Lu|5\/100 tox|[from] psn\n|upkeep\n|\n|t:|1683032750\n|switch|p2a: Palafin|Palafin-Hero, L50, M, shiny|10\/100\n|turn|10\n|\n|t:|1683032756\n|move|p2a: Palafin|Protect|p2a: Palafin\n|-singleturn|p2a: Palafin|Protect\n|move|p1a: Dragonite|Extreme Speed|p2a: Palafin\n|-activate|p2a: Palafin|move: Protect\n|move|p1b: Tatsugiri|Draco Meteor|p2b: Ting-Lu\n|-damage|p2b: Ting-Lu|0 fnt\n|-unboost|p1b: Tatsugiri|spa|1\n|faint|p2b: Ting-Lu\n|\n|upkeep\n|turn|11\n|\n|t:|1683032770\n|move|p1a: Dragonite|Extreme Speed|p2a: Palafin\n|-damage|p2a: Palafin|0 fnt\n|faint|p2a: Palafin\n|\n|win|dddaaannniii\n|raw|dddaaannniii's rating: 1289 → 1311<\/strong> (+22 for winning)\n|raw|Karajony's rating: 1243 → 1221<\/strong> (-22 for losing)\n","uploadtime":1683032777,"views":11,"p1id":"dddaaannniii","p2id":"karajony","formatid":"gen9vgc2023regulationc","rating":1221,"private":0,"password":""}