{"id":"gen9vgc2023regulationc-1852484087","p1":"etosan","p2":"asmodeusaure","format":"[Gen 9] VGC 2023 Regulation C","log":"|j|\u2606etosan\n|j|\u2606asmodeusaure\n|t:|1682563540\n|gametype|doubles\n|player|p1|etosan|169|1099\n|player|p2|asmodeusaure|169|1101\n|teamsize|p1|6\n|teamsize|p2|6\n|gen|9\n|tier|[Gen 9] VGC 2023 Regulation C\n|rated|\n|rule|Species Clause: Limit one of each Pok\u00e9mon\n|rule|Item Clause: Limit one of each item\n|clearpoke\n|poke|p1|Amoonguss, L50, M|\n|poke|p1|Flutter Mane, L50|\n|poke|p1|Palafin, L50, F|\n|poke|p1|Espathra, L50, M|\n|poke|p1|Chien-Pao, L50|\n|poke|p1|Annihilape, L50, F|\n|poke|p2|Flutter Mane, L50|\n|poke|p2|Murkrow, L50, M|\n|poke|p2|Amoonguss, L50, F|\n|poke|p2|Torkoal, L50, M|\n|poke|p2|Lilligant, L50, F|\n|poke|p2|Indeedee-F, L50, F|\n|teampreview|4\n|\n|t:|1682563562\n|start\n|switch|p1a: Amoonguss|Amoonguss, L50, M|100\/100\n|switch|p1b: Palafin|Palafin, L50, F|100\/100\n|switch|p2a: Lilligant|Lilligant, L50, F|100\/100\n|switch|p2b: Flutter Mane|Flutter Mane, L50|100\/100\n|turn|1\n|\n|t:|1682563605\n|-end|p2b: Flutter Mane|Protosynthesis|[silent]\n|switch|p2b: Torkoal|Torkoal, L50, M|100\/100\n|-weather|SunnyDay|[from] ability: Drought|[of] p2b: Torkoal\n|-terastallize|p1b: Palafin|Water\n|move|p1a: Amoonguss|Rage Powder|p1a: Amoonguss\n|-singleturn|p1a: Amoonguss|move: Rage Powder\n|move|p2a: Lilligant|Sleep Powder|p1b: Palafin|[miss]\n|-miss|p2a: Lilligant|p1b: Palafin\n|move|p1b: Palafin|Flip Turn|p2b: Torkoal\n|-supereffective|p2b: Torkoal\n|-damage|p2b: Torkoal|66\/100\n|\n|t:|1682563622\n|detailschange|p1b: Palafin|Palafin-Hero, L50, F, tera:Water\n|switch|p1b: Annihilape|Annihilape, L50, F|100\/100|[from] Flip Turn\n|\n|-weather|SunnyDay|[upkeep]\n|upkeep\n|turn|2\n|inactive|Battle timer is ON: inactive players will automatically lose when time's up. (requested by asmodeusaure)\n|\n|t:|1682563668\n|move|p2a: Lilligant|After You|p2b: Torkoal\n|-activate|p2b: Torkoal|move: After You\n|move|p2b: Torkoal|Eruption|p1b: Annihilape|[spread] p1a,p1b\n|-supereffective|p1a: Amoonguss\n|-damage|p1a: Amoonguss|24\/100\n|-damage|p1b: Annihilape|49\/100\n|move|p1b: Annihilape|Bulk Up|p1b: Annihilape\n|-boost|p1b: Annihilape|atk|1\n|-boost|p1b: Annihilape|def|1\n|move|p1a: Amoonguss|Spore|p2b: Torkoal\n|-status|p2b: Torkoal|slp|[from] move: Spore\n|\n|-weather|SunnyDay|[upkeep]\n|-heal|p1a: Amoonguss|29\/100|[from] item: Black Sludge\n|upkeep\n|turn|3\n|inactive|asmodeusaure has 30 seconds left.\n|\n|t:|1682563695\n|switch|p1a: Espathra|Espathra, L50, M|100\/100\n|cant|p2b: Torkoal|slp\n|move|p2a: Lilligant|Leaf Storm|p1b: Annihilape\n|-damage|p1b: Annihilape|0 fnt\n|-unboost|p2a: Lilligant|spa|2\n|faint|p1b: Annihilape\n|\n|-weather|SunnyDay|[upkeep]\n|upkeep\n|\n|t:|1682563705\n|switch|p1b: Palafin|Palafin-Hero, L50, F, tera:Water|100\/100\n|-activate|p1b: Palafin|ability: Zero to Hero\n|turn|4\n|\n|t:|1682563719\n|switch|p1b: Amoonguss|Amoonguss, L50, M|62\/100\n|switch|p2b: Indeedee|Indeedee-F, L50, F|100\/100\n|-fieldstart|move: Psychic Terrain|[from] ability: Psychic Surge|[of] p2b: Indeedee\n|-enditem|p2b: Indeedee|Psychic Seed\n|-boost|p2b: Indeedee|spd|1|[from] item: Psychic Seed\n|move|p1a: Espathra|Protect|p1a: Espathra\n|-singleturn|p1a: Espathra|Protect\n|move|p2a: Lilligant|Sleep Powder|p1b: Amoonguss\n|-immune|p1b: Amoonguss\n|\n|-weather|SunnyDay|[upkeep]\n|-heal|p1b: Amoonguss|68\/100|[from] item: Black Sludge\n|-ability|p1a: Espathra|Speed Boost|boost\n|-boost|p1a: Espathra|spe|1\n|upkeep\n|turn|5\n|inactive|asmodeusaure has 30 seconds left.\n|\n|t:|1682563750\n|switch|p2a: Flutter Mane|Flutter Mane, L50|100\/100\n|-activate|p2a: Flutter Mane|ability: Protosynthesis\n|-start|p2a: Flutter Mane|protosynthesisspe\n|move|p2b: Indeedee|Follow Me|p2b: Indeedee\n|-singleturn|p2b: Indeedee|move: Follow Me\n|move|p1a: Espathra|Substitute|p1a: Espathra\n|-start|p1a: Espathra|Substitute\n|-damage|p1a: Espathra|76\/100\n|move|p1b: Amoonguss|Spore|p2b: Indeedee\n|-status|p2b: Indeedee|slp|[from] move: Spore\n|\n|-weather|none\n|-end|p2a: Flutter Mane|Protosynthesis\n|-heal|p1a: Espathra|82\/100|[from] item: Leftovers\n|-heal|p1b: Amoonguss|74\/100|[from] item: Black Sludge\n|-ability|p1a: Espathra|Speed Boost|boost\n|-boost|p1a: Espathra|spe|1\n|upkeep\n|turn|6\n|inactive|etosan has 30 seconds left.\n|inactive|asmodeusaure has 30 seconds left.\n|inactive|asmodeusaure has 20 seconds left.\n|inactive|asmodeusaure has 15 seconds left.\n|\n|t:|1682563791\n|cant|p2b: Indeedee|slp\n|move|p1a: Espathra|Calm Mind|p1a: Espathra\n|-boost|p1a: Espathra|spa|1\n|-boost|p1a: Espathra|spd|1\n|move|p2a: Flutter Mane|Shadow Ball|p1b: Amoonguss\n|-damage|p1b: Amoonguss|29\/100\n|move|p1b: Amoonguss|Spore|p2a: Flutter Mane\n|-status|p2a: Flutter Mane|slp|[from] move: Spore\n|\n|-heal|p1a: Espathra|88\/100|[from] item: Leftovers\n|-heal|p1b: Amoonguss|35\/100|[from] item: Black Sludge\n|-ability|p1a: Espathra|Speed Boost|boost\n|-boost|p1a: Espathra|spe|1\n|upkeep\n|turn|7\n|\n|t:|1682563813\n|-end|p2a: Flutter Mane|Protosynthesis|[silent]\n|switch|p2a: Torkoal|Torkoal, L50, M|66\/100 slp\n|-weather|SunnyDay|[from] ability: Drought|[of] p2a: Torkoal\n|-curestatus|p2b: Indeedee|slp|[msg]\n|move|p2b: Indeedee|Follow Me|p2b: Indeedee\n|-singleturn|p2b: Indeedee|move: Follow Me\n|move|p1a: Espathra|Calm Mind|p1a: Espathra\n|-boost|p1a: Espathra|spa|1\n|-boost|p1a: Espathra|spd|1\n|move|p1b: Amoonguss|Clear Smog|p2b: Indeedee\n|-damage|p2b: Indeedee|90\/100\n|-clearboost|p2b: Indeedee\n|\n|-weather|SunnyDay|[upkeep]\n|-heal|p1a: Espathra|94\/100|[from] item: Leftovers\n|-heal|p1b: Amoonguss|41\/100|[from] item: Black Sludge\n|-ability|p1a: Espathra|Speed Boost|boost\n|-boost|p1a: Espathra|spe|1\n|upkeep\n|turn|8\n|inactive|etosan has 30 seconds left.\n|\n|t:|1682563844\n|-terastallize|p2a: Torkoal|Fire\n|move|p2b: Indeedee|Follow Me|p2b: Indeedee\n|-singleturn|p2b: Indeedee|move: Follow Me\n|move|p1a: Espathra|Dazzling Gleam|p2a: Torkoal|[spread] p2a,p2b\n|-resisted|p2a: Torkoal\n|-damage|p2a: Torkoal|41\/100 slp\n|-damage|p2b: Indeedee|55\/100\n|move|p1b: Amoonguss|Giga Drain|p2b: Indeedee\n|-damage|p2b: Indeedee|33\/100\n|-heal|p1b: Amoonguss|50\/100|[from] drain|[of] p2b: Indeedee\n|-curestatus|p2a: Torkoal|slp|[msg]\n|move|p2a: Torkoal|Eruption|p1b: Amoonguss|[spread] p1a,p1b\n|-end|p1a: Espathra|Substitute\n|-supereffective|p1b: Amoonguss\n|-damage|p1b: Amoonguss|0 fnt\n|faint|p1b: Amoonguss\n|\n|-weather|SunnyDay|[upkeep]\n|-heal|p1a: Espathra|99\/100|[from] item: Leftovers\n|-fieldend|move: Psychic Terrain\n|-ability|p1a: Espathra|Speed Boost|boost\n|-boost|p1a: Espathra|spe|1\n|upkeep\n|\n|t:|1682563867\n|switch|p1b: Palafin|Palafin-Hero, L50, F, tera:Water|100\/100\n|turn|9\n|\n|t:|1682563885\n|switch|p2b: Lilligant|Lilligant, L50, F|100\/100\n|move|p2a: Torkoal|Protect|p2a: Torkoal\n|-singleturn|p2a: Torkoal|Protect\n|move|p1a: Espathra|Dazzling Gleam|p2b: Lilligant|[spread] p2b\n|-activate|p2a: Torkoal|move: Protect\n|-damage|p2b: Lilligant|41\/100\n|move|p1b: Palafin|Wave Crash|p2a: Torkoal\n|-activate|p2a: Torkoal|move: Protect\n|\n|-weather|SunnyDay|[upkeep]\n|-heal|p1a: Espathra|100\/100|[from] item: Leftovers\n|-ability|p1a: Espathra|Speed Boost|boost\n|-boost|p1a: Espathra|spe|1\n|upkeep\n|turn|10\n|inactive|asmodeusaure has 30 seconds left.\n|\n|t:|1682563914\n|move|p1a: Espathra|Dazzling Gleam|p2a: Torkoal|[spread] p2a,p2b\n|-resisted|p2a: Torkoal\n|-damage|p2a: Torkoal|16\/100\n|-damage|p2b: Lilligant|0 fnt\n|faint|p2b: Lilligant\n|move|p1b: Palafin|Wave Crash|p2a: Torkoal\n|-supereffective|p2a: Torkoal\n|-damage|p2a: Torkoal|0 fnt\n|faint|p2a: Torkoal\n|-damage|p1b: Palafin|96\/100|[from] Recoil\n|\n|-weather|SunnyDay|[upkeep]\n|upkeep\n|\n|t:|1682563925\n|switch|p2b: Indeedee|Indeedee-F, L50, F|33\/100\n|switch|p2a: Flutter Mane|Flutter Mane, L50|100\/100 slp\n|-activate|p2a: Flutter Mane|ability: Protosynthesis\n|-start|p2a: Flutter Mane|protosynthesisspe\n|-fieldstart|move: Psychic Terrain|[from] ability: Psychic Surge|[of] p2b: Indeedee\n|turn|11\n|\n|t:|1682563937\n|move|p2b: Indeedee|Follow Me|p2b: Indeedee\n|-singleturn|p2b: Indeedee|move: Follow Me\n|move|p1a: Espathra|Dazzling Gleam|p2b: Indeedee|[spread] p2a,p2b\n|-damage|p2a: Flutter Mane|63\/100 slp\n|-damage|p2b: Indeedee|0 fnt\n|faint|p2b: Indeedee\n|cant|p2a: Flutter Mane|slp\n|move|p1b: Palafin|Wave Crash|p2a: Flutter Mane\n|-damage|p2a: Flutter Mane|0 fnt\n|faint|p2a: Flutter Mane\n|-end|p2a: Flutter Mane|Protosynthesis|[silent]\n|-damage|p1b: Palafin|80\/100|[from] Recoil\n|\n|win|etosan\n|raw|etosan's rating: 1099 → 1124<\/strong> (+25 for winning)\n|raw|asmodeusaure's rating: 1101 → 1076<\/strong> (-25 for losing)\n|l|\u2606asmodeusaure\n","uploadtime":1682563970,"views":10,"p1id":"etosan","p2id":"asmodeusaure","formatid":"gen9vgc2023regulationc","rating":1076,"private":0,"password":""}