{"id":"gen9vgc2023regulationc-1856057301","p1":"limebeee","p2":"Karajony","format":"[Gen 9] VGC 2023 Regulation C","log":"|j|\u2606limebeee\n|j|\u2606Karajony\n|t:|1683024340\n|gametype|doubles\n|player|p1|limebeee|1|1052\n|player|p2|Karajony|worker-gen4|1116\n|teamsize|p1|6\n|teamsize|p2|6\n|gen|9\n|tier|[Gen 9] VGC 2023 Regulation C\n|rated|\n|rule|Species Clause: Limit one of each Pok\u00e9mon\n|rule|Item Clause: Limit one of each item\n|clearpoke\n|poke|p1|Chi-Yu, L50|\n|poke|p1|Flutter Mane, L50|\n|poke|p1|Ting-Lu, L50|\n|poke|p1|Amoonguss, L50, F|\n|poke|p1|Dragonite, L50, F|\n|poke|p1|Arcanine, L50, M|\n|poke|p2|Palafin, L50, M|\n|poke|p2|Ting-Lu, L50|\n|poke|p2|Arcanine, L50, F|\n|poke|p2|Amoonguss, L50, F|\n|poke|p2|Flutter Mane, L50|\n|poke|p2|Baxcalibur, L50, F|\n|teampreview|4\n|inactive|Battle timer is ON: inactive players will automatically lose when time's up. (requested by Karajony)\n|inactive|Karajony has 60 seconds left.\n|inactive|limebeee has 60 seconds left.\n|\n|t:|1683024379\n|start\n|switch|p1a: Flutter Mane|Flutter Mane, L50|100\/100\n|switch|p1b: Arcanine|Arcanine, L50, M|100\/100\n|switch|p2a: Ting-Lu|Ting-Lu, L50|100\/100\n|switch|p2b: Baxcalibur|Baxcalibur, L50, F|100\/100\n|-ability|p1b: Arcanine|Intimidate|boost\n|-unboost|p2a: Ting-Lu|atk|1\n|-unboost|p2b: Baxcalibur|atk|1\n|-ability|p2a: Ting-Lu|Vessel of Ruin\n|turn|1\n|\n|t:|1683024395\n|switch|p2b: Arcanine|Arcanine, L50, F|100\/100\n|-ability|p2b: Arcanine|Intimidate|boost\n|-unboost|p1a: Flutter Mane|atk|1\n|-unboost|p1b: Arcanine|atk|1\n|move|p1a: Flutter Mane|Moonblast|p2b: Arcanine\n|-resisted|p2b: Arcanine\n|-damage|p2b: Arcanine|81\/100\n|move|p1b: Arcanine|Will-O-Wisp|p2a: Ting-Lu\n|-status|p2a: Ting-Lu|brn\n|move|p2a: Ting-Lu|Heavy Slam|p1a: Flutter Mane\n|-supereffective|p1a: Flutter Mane\n|-crit|p1a: Flutter Mane\n|-enditem|p1a: Flutter Mane|Focus Sash\n|-damage|p1a: Flutter Mane|1\/100\n|\n|-damage|p2a: Ting-Lu|94\/100 brn|[from] brn\n|upkeep\n|turn|2\n|\n|t:|1683024416\n|move|p1a: Flutter Mane|Protect|p1a: Flutter Mane\n|-singleturn|p1a: Flutter Mane|Protect\n|move|p2b: Arcanine|Flare Blitz|p1a: Flutter Mane\n|-activate|p1a: Flutter Mane|move: Protect\n|move|p1b: Arcanine|Flare Blitz|p2a: Ting-Lu\n|-damage|p2a: Ting-Lu|76\/100 brn\n|-damage|p1b: Arcanine|93\/100|[from] Recoil\n|move|p2a: Ting-Lu|Fissure|p1b: Arcanine|[miss]\n|-miss|p2a: Ting-Lu|p1b: Arcanine\n|\n|-heal|p1b: Arcanine|99\/100|[from] item: Leftovers\n|-damage|p2a: Ting-Lu|70\/100 brn|[from] brn\n|upkeep\n|turn|3\n|\n|t:|1683024433\n|switch|p1b: Chi-Yu|Chi-Yu, L50|100\/100\n|-ability|p1b: Chi-Yu|Beads of Ruin\n|-terastallize|p1a: Flutter Mane|Fairy\n|move|p1a: Flutter Mane|Moonblast|p2a: Ting-Lu\n|-supereffective|p2a: Ting-Lu\n|-damage|p2a: Ting-Lu|8\/100 brn\n|-unboost|p2a: Ting-Lu|spa|1\n|move|p2b: Arcanine|Flare Blitz|p1a: Flutter Mane\n|-crit|p1a: Flutter Mane\n|-damage|p1a: Flutter Mane|0 fnt\n|faint|p1a: Flutter Mane\n|-end|p1a: Flutter Mane|Protosynthesis|[silent]\n|-damage|p2b: Arcanine|80\/100|[from] Recoil\n|move|p2a: Ting-Lu|Stomping Tantrum|p1b: Chi-Yu\n|-supereffective|p1b: Chi-Yu\n|-damage|p1b: Chi-Yu|22\/100\n|\n|-damage|p2a: Ting-Lu|2\/100 brn|[from] brn\n|upkeep\n|\n|t:|1683024452\n|switch|p1a: Arcanine|Arcanine, L50, M|99\/100\n|-ability|p1a: Arcanine|Intimidate|boost\n|-unboost|p2a: Ting-Lu|atk|1\n|-unboost|p2b: Arcanine|atk|1\n|turn|4\n|\n|t:|1683024463\n|move|p1b: Chi-Yu|Protect|p1b: Chi-Yu\n|-singleturn|p1b: Chi-Yu|Protect\n|move|p2b: Arcanine|Extreme Speed|p1b: Chi-Yu\n|-activate|p1b: Chi-Yu|move: Protect\n|move|p1a: Arcanine|Flare Blitz|p2b: Arcanine\n|-resisted|p2b: Arcanine\n|-damage|p2b: Arcanine|59\/100\n|-damage|p1a: Arcanine|92\/100|[from] Recoil\n|move|p2a: Ting-Lu|Ruination|p1a: Arcanine\n|-damage|p1a: Arcanine|47\/100\n|\n|-heal|p1a: Arcanine|53\/100|[from] item: Leftovers\n|-damage|p2a: Ting-Lu|0 fnt|[from] brn\n|faint|p2a: Ting-Lu\n|upkeep\n|\n|t:|1683024481\n|switch|p2a: Baxcalibur|Baxcalibur, L50, F|100\/100\n|turn|5\n|\n|t:|1683024492\n|switch|p1b: Amoonguss|Amoonguss, L50, F|100\/100\n|-terastallize|p2a: Baxcalibur|Water\n|move|p2b: Arcanine|Extreme Speed|p1b: Amoonguss\n|-damage|p1b: Amoonguss|85\/100\n|move|p1a: Arcanine|Flare Blitz|p2a: Baxcalibur\n|-resisted|p2a: Baxcalibur\n|-damage|p2a: Baxcalibur|82\/100\n|-ability|p2a: Baxcalibur|Thermal Exchange|boost\n|-boost|p2a: Baxcalibur|atk|1\n|-damage|p1a: Arcanine|46\/100|[from] Recoil\n|move|p2a: Baxcalibur|Glaive Rush|p1a: Arcanine\n|-damage|p1a: Arcanine|0 fnt\n|-singlemove|p2a: Baxcalibur|Glaive Rush|[silent]\n|faint|p1a: Arcanine\n|\n|upkeep\n|\n|t:|1683024507\n|switch|p1a: Chi-Yu|Chi-Yu, L50|22\/100\n|-ability|p1a: Chi-Yu|Beads of Ruin\n|turn|6\n|\n|t:|1683024516\n|move|p2b: Arcanine|Extreme Speed|p1a: Chi-Yu\n|-damage|p1a: Chi-Yu|0 fnt\n|faint|p1a: Chi-Yu\n|move|p1b: Amoonguss|Rage Powder|p1b: Amoonguss\n|-singleturn|p1b: Amoonguss|move: Rage Powder\n|move|p2a: Baxcalibur|Icicle Spear|p1b: Amoonguss\n|-supereffective|p1b: Amoonguss\n|-damage|p1b: Amoonguss|35\/100\n|-enditem|p1b: Amoonguss|Sitrus Berry|[eat]\n|-heal|p1b: Amoonguss|60\/100|[from] item: Sitrus Berry\n|-supereffective|p1b: Amoonguss\n|-damage|p1b: Amoonguss|15\/100\n|-supereffective|p1b: Amoonguss\n|-crit|p1b: Amoonguss\n|-damage|p1b: Amoonguss|0 fnt\n|faint|p1b: Amoonguss\n|-hitcount|p1: Amoonguss|3\n|\n|win|Karajony\n|raw|limebeee's rating: 1052 → 1037<\/strong> (-15 for losing)\n|raw|Karajony's rating: 1116 → 1136<\/strong> (+20 for winning)\n|l|\u2606limebeee\n","uploadtime":1683024531,"views":12,"p1id":"limebeee","p2id":"karajony","formatid":"gen9vgc2023regulationc","rating":1037,"private":0,"password":""}