{"id":"gen9vgc2023regulationc-1852024755","p1":"Insertable194","p2":"Funnyman Krebs","format":"[Gen 9] VGC 2023 Regulation C","log":"|j|\u2606Insertable194\n|j|\u2606Funnyman Krebs\n|t:|1682517760\n|gametype|doubles\n|player|p1|Insertable194|hilbert-wonderlauncher|1497\n|player|p2|Funnyman Krebs|wallace|1423\n|teamsize|p1|6\n|teamsize|p2|6\n|gen|9\n|tier|[Gen 9] VGC 2023 Regulation C\n|rated|\n|rule|Species Clause: Limit one of each Pok\u00e9mon\n|rule|Item Clause: Limit one of each item\n|clearpoke\n|poke|p1|Ting-Lu, L50|\n|poke|p1|Palafin, L50, F|\n|poke|p1|Amoonguss, L50, F|\n|poke|p1|Arcanine, L50, F|\n|poke|p1|Flutter Mane, L50|\n|poke|p1|Iron Hands, L50|\n|poke|p2|Glimmora, L50, M|\n|poke|p2|Dondozo, L50, M|\n|poke|p2|Tatsugiri, L50, M|\n|poke|p2|Iron Bundle, L50|\n|poke|p2|Amoonguss, L50, M|\n|poke|p2|Chi-Yu, L50|\n|teampreview|4\nInsertable194 has agreed to open team sheets.\n|inactive|Battle timer is ON: inactive players will automatically lose when time's up. (requested by Insertable194)\nFunnyman Krebs has agreed to open team sheets.\n|inactive|Insertable194 has 60 seconds left.\n|inactive|Funnyman Krebs has 60 seconds left.\n|\n|t:|1682517813\n|start\n|switch|p1a: Ting-Lu|Ting-Lu, L50|100\/100\n|switch|p1b: Flutter Mane|Flutter Mane, L50|100\/100\n|switch|p2a: Iron Santa|Iron Bundle, L50|100\/100\n|switch|p2b: Smiles back|Chi-Yu, L50|100\/100\n|-ability|p2b: Smiles back|Beads of Ruin\n|-ability|p1a: Ting-Lu|Vessel of Ruin\n|-enditem|p2a: Iron Santa|Booster Energy\n|-activate|p2a: Iron Santa|ability: Quark Drive|[fromitem]\n|-start|p2a: Iron Santa|quarkdrivespe\n|turn|1\n|inactive|Insertable194 has 30 seconds left.\n|inactive|Funnyman Krebs has 30 seconds left.\n|inactive|Insertable194 has 20 seconds left.\n|\n|t:|1682517851\n|switch|p2b: Large Marge|Dondozo, L50, M|100\/100\n|-terastallize|p1b: Flutter Mane|Water\n|move|p2a: Iron Santa|Icy Wind|p1a: Ting-Lu|[spread] p1a,p1b\n|-supereffective|p1a: Ting-Lu\n|-resisted|p1b: Flutter Mane\n|-damage|p1a: Ting-Lu|87\/100\n|-damage|p1b: Flutter Mane|94\/100\n|-unboost|p1a: Ting-Lu|spe|1\n|-unboost|p1b: Flutter Mane|spe|1\n|move|p1b: Flutter Mane|Dazzling Gleam|p2a: Iron Santa|[spread] p2a,p2b\n|-damage|p2a: Iron Santa|55\/100\n|-damage|p2b: Large Marge|63\/100\n|move|p1a: Ting-Lu|Stomping Tantrum|p2b: Large Marge\n|-damage|p2b: Large Marge|39\/100\n|\n|upkeep\n|turn|2\n|inactive|Insertable194 has 30 seconds left.\n|\n|t:|1682517883\n|switch|p1a: Amoonguss|Amoonguss, L50, F|100\/100\n|move|p2b: Large Marge|Protect|p2b: Large Marge\n|-singleturn|p2b: Large Marge|Protect\n|move|p2a: Iron Santa|Chilling Water|p1a: Amoonguss\n|-resisted|p1a: Amoonguss\n|-damage|p1a: Amoonguss|90\/100\n|-unboost|p1a: Amoonguss|atk|1\n|move|p1b: Flutter Mane|Dazzling Gleam|p2b: Large Marge|[spread] p2a\n|-activate|p2b: Large Marge|move: Protect\n|-crit|p2a: Iron Santa\n|-damage|p2a: Iron Santa|0 fnt\n|faint|p2a: Iron Santa\n|-end|p2a: Iron Santa|Quark Drive|[silent]\n|\n|upkeep\n|inactive|Funnyman Krebs has 30 seconds left.\n|\n|t:|1682517917\n|switch|p2a: Smiles back|Chi-Yu, L50|100\/100\n|-ability|p2a: Smiles back|Beads of Ruin\n|turn|3\n|\n|t:|1682517936\n|switch|p2a: Sashimi|Tatsugiri, L50, M|100\/100\n|-activate|p2a: Sashimi|ability: Commander|[of] p2b: Large Marge\n|-boost|p2b: Large Marge|atk|2\n|-boost|p2b: Large Marge|spa|2\n|-boost|p2b: Large Marge|spe|2\n|-boost|p2b: Large Marge|def|2\n|-boost|p2b: Large Marge|spd|2\n|-end|p1b: Flutter Mane|Protosynthesis|[silent]\n|switch|p1b: Arcanine|Arcanine, L50, F|100\/100\n|-ability|p1b: Arcanine|Intimidate|boost\n|-unboost|p2a: Sashimi|atk|1\n|-unboost|p2b: Large Marge|atk|1\n|move|p2b: Large Marge|Wave Crash|p1b: Arcanine\n|-supereffective|p1b: Arcanine\n|-damage|p1b: Arcanine|0 fnt\n|faint|p1b: Arcanine\n|-damage|p2b: Large Marge|10\/100|[from] Recoil\n|-damage|p2b: Large Marge|0 fnt|[from] item: Life Orb\n|faint|p2b: Large Marge\n|move|p1a: Amoonguss|Spore|p2a: Sashimi\n|-status|p2a: Sashimi|slp|[from] move: Spore\n|\n|upkeep\n|\n|t:|1682517955\n|switch|p1b: Ting-Lu|Ting-Lu, L50|87\/100\n|switch|p2b: Smiles back|Chi-Yu, L50|100\/100\n|-ability|p2b: Smiles back|Beads of Ruin\n|-ability|p1b: Ting-Lu|Vessel of Ruin\n|turn|4\n|\n|t:|1682517973\n|-terastallize|p2b: Smiles back|Grass\n|cant|p2a: Sashimi|slp\n|move|p2b: Smiles back|Heat Wave|p1b: Ting-Lu|[spread] p1a\n|-miss|p2b: Smiles back|p1b: Ting-Lu\n|-supereffective|p1a: Amoonguss\n|-damage|p1a: Amoonguss|29\/100\n|-enditem|p1a: Amoonguss|Sitrus Berry|[eat]\n|-heal|p1a: Amoonguss|54\/100|[from] item: Sitrus Berry\n|move|p1b: Ting-Lu|Stomping Tantrum|p2b: Smiles back\n|-resisted|p2b: Smiles back\n|-damage|p2b: Smiles back|73\/100\n|move|p1a: Amoonguss|Pollen Puff|p2b: Smiles back\n|-supereffective|p2b: Smiles back\n|-damage|p2b: Smiles back|40\/100\n|\n|upkeep\n|turn|5\n|\n|t:|1682517993\n|move|p1a: Amoonguss|Protect|p1a: Amoonguss\n|-singleturn|p1a: Amoonguss|Protect\n|-curestatus|p2a: Sashimi|slp|[msg]\n|move|p2a: Sashimi|Muddy Water|p1b: Ting-Lu|[spread] p1b\n|-activate|p1a: Amoonguss|move: Protect\n|-supereffective|p1b: Ting-Lu\n|-damage|p1b: Ting-Lu|60\/100\n|move|p2b: Smiles back|Heat Wave|p1a: Amoonguss|[spread] p1b\n|-activate|p1a: Amoonguss|move: Protect\n|-damage|p1b: Ting-Lu|42\/100\n|move|p1b: Ting-Lu|Heavy Slam|p2b: Smiles back\n|-damage|p2b: Smiles back|0 fnt\n|faint|p2b: Smiles back\n|\n|upkeep\n|turn|6\n|\n|t:|1682518014\n|move|p2a: Sashimi|Muddy Water|p1b: Ting-Lu|[spread] p1a,p1b\n|-resisted|p1a: Amoonguss\n|-supereffective|p1b: Ting-Lu\n|-damage|p1a: Amoonguss|43\/100\n|-damage|p1b: Ting-Lu|20\/100\n|move|p1b: Ting-Lu|Ruination|p2a: Sashimi\n|-damage|p2a: Sashimi|51\/100\n|move|p1a: Amoonguss|Spore|p2a: Sashimi\n|-status|p2a: Sashimi|slp|[from] move: Spore\n|\n|upkeep\n|turn|7\n|-message|Funnyman Krebs forfeited.\n|\n|win|Insertable194\n|raw|Insertable194's rating: 1497 → 1513<\/strong> (+16 for winning)\n|raw|Funnyman Krebs's rating: 1423 → 1407<\/strong> (-16 for losing)\n|l|\u2606Funnyman Krebs\n","uploadtime":1682518030,"views":3,"p1id":"insertable194","p2id":"funnymankrebs","formatid":"gen9vgc2023regulationc","rating":1407,"private":0,"password":""}