{"id":"gen9vgc2023regulationc-1857063074","p1":"DracFrost","p2":"ThatGuyTi","format":"[Gen 9] VGC 2023 Regulation C","log":"|j|\u2606DracFrost\n|j|\u2606ThatGuyTi\n|t:|1683142171\n|gametype|doubles\n|player|p1|DracFrost|sabrina|1163\n|player|p2|ThatGuyTi|lance|1151\n|teamsize|p1|6\n|teamsize|p2|6\n|gen|9\n|tier|[Gen 9] VGC 2023 Regulation C\n|rated|\n|rule|Species Clause: Limit one of each Pok\u00e9mon\n|rule|Item Clause: Limit one of each item\n|clearpoke\n|poke|p1|Abomasnow, L50, M|\n|poke|p1|Iron Bundle, L50|\n|poke|p1|Arcanine, L50, F|\n|poke|p1|Ting-Lu, L50|\n|poke|p1|Maushold, L50|\n|poke|p1|Ceruledge, L50, F|\n|poke|p2|Chien-Pao, L50|\n|poke|p2|Arcanine, L50, F|\n|poke|p2|Amoonguss, L50, M|\n|poke|p2|Dragapult, L50, F|\n|poke|p2|Palafin, L50, F|\n|poke|p2|Flutter Mane, L50|\n|teampreview|4\n|inactive|Battle timer is ON: inactive players will automatically lose when time's up. (requested by ThatGuyTi)\n|\n|t:|1683142231\n|start\n|switch|p1a: Maushold|Maushold, L50|100\/100\n|switch|p1b: Ceruledge|Ceruledge, L50, F|100\/100\n|switch|p2a: Arcanine|Arcanine, L50, F|100\/100\n|switch|p2b: Chien-Pao|Chien-Pao, L50|100\/100\n|-ability|p2b: Chien-Pao|Sword of Ruin\n|turn|1\n|inactive|DracFrost has 30 seconds left.\n|inactive|ThatGuyTi has 30 seconds left.\n|inactive|DracFrost has 20 seconds left.\n|inactive|DracFrost has 15 seconds left.\n|inactive|DracFrost has 10 seconds left.\n|inactive|DracFrost has 5 seconds left.\n|\n|t:|1683142284\n|-terastallize|p2a: Arcanine|Steel\n|-terastallize|p1a: Maushold|Ghost\n|move|p1a: Maushold|Follow Me|p1a: Maushold\n|-singleturn|p1a: Maushold|move: Follow Me\n|move|p2b: Chien-Pao|Sacred Sword|p1a: Maushold\n|-immune|p1a: Maushold\n|move|p2a: Arcanine|Iron Head|p1a: Maushold\n|-damage|p1a: Maushold|50\/100\n|move|p1b: Ceruledge|Bulk Up|p1b: Ceruledge\n|-boost|p1b: Ceruledge|atk|1\n|-boost|p1b: Ceruledge|def|1\n|\n|upkeep\n|turn|2\n|inactive|DracFrost has 30 seconds left.\n|\n|t:|1683142314\n|move|p1a: Maushold|Protect|p1a: Maushold\n|-singleturn|p1a: Maushold|Protect\n|move|p2b: Chien-Pao|Throat Chop|p1b: Ceruledge\n|-supereffective|p1b: Ceruledge\n|-crit|p1b: Ceruledge\n|-damage|p1b: Ceruledge|0 fnt\n|faint|p1b: Ceruledge\n|move|p2a: Arcanine|Iron Head|p1a: Maushold\n|-activate|p1a: Maushold|move: Protect\n|\n|upkeep\n|inactive|DracFrost has 30 seconds left.\n|\n|t:|1683142343\n|switch|p1b: Arcanine|Arcanine, L50, F|100\/100\n|-ability|p1b: Arcanine|Intimidate|boost\n|-unboost|p2a: Arcanine|atk|1\n|-unboost|p2b: Chien-Pao|atk|1\n|turn|3\n|\n|t:|1683142360\n|move|p2a: Arcanine|Extreme Speed|p1b: Arcanine\n|-damage|p1b: Arcanine|87\/100\n|move|p2b: Chien-Pao|Throat Chop|p1a: Maushold\n|-supereffective|p1a: Maushold\n|-damage|p1a: Maushold|0 fnt\n|faint|p1a: Maushold\n|move|p1b: Arcanine|Flare Blitz|p2b: Chien-Pao\n|-supereffective|p2b: Chien-Pao\n|-enditem|p2b: Chien-Pao|Focus Sash\n|-damage|p2b: Chien-Pao|1\/100\n|-damage|p1b: Arcanine|61\/100|[from] Recoil\n|\n|upkeep\n|\n|t:|1683142372\n|switch|p1a: Iron Bundle|Iron Bundle, L50|100\/100\n|-enditem|p1a: Iron Bundle|Booster Energy\n|-activate|p1a: Iron Bundle|ability: Quark Drive|[fromitem]\n|-start|p1a: Iron Bundle|quarkdrivespe\n|turn|4\n|inactive|DracFrost has 30 seconds left.\n|\n|t:|1683142400\n|move|p1b: Arcanine|Protect|p1b: Arcanine\n|-singleturn|p1b: Arcanine|Protect\n|move|p1a: Iron Bundle|Icy Wind|p2a: Arcanine|[spread] p2a,p2b\n|-resisted|p2a: Arcanine\n|-resisted|p2b: Chien-Pao\n|-damage|p2a: Arcanine|90\/100\n|-damage|p2b: Chien-Pao|0 fnt\n|-unboost|p2a: Arcanine|spe|1\n|faint|p2b: Chien-Pao\n|move|p2a: Arcanine|Iron Head|p1a: Iron Bundle\n|-damage|p1a: Iron Bundle|69\/100\n|\n|upkeep\n|\n|t:|1683142411\n|switch|p2b: Palafin|Palafin, L50, F|100\/100\n|turn|5\n|\n|t:|1683142433\n|move|p2b: Palafin|Protect|p2b: Palafin\n|-singleturn|p2b: Palafin|Protect\n|move|p1a: Iron Bundle|Freeze-Dry|p2b: Palafin\n|-activate|p2b: Palafin|move: Protect\n|move|p1b: Arcanine|Will-O-Wisp|p2a: Arcanine\n|-start|p2a: Arcanine|ability: Flash Fire\n|move|p2a: Arcanine|Iron Head|p1a: Iron Bundle\n|-damage|p1a: Iron Bundle|39\/100\n|\n|upkeep\n|turn|6\n|\n|t:|1683142449\n|detailschange|p2b: Palafin|Palafin-Hero, L50, F\n|switch|p2b: Flutter Mane|Flutter Mane, L50|100\/100\n|-enditem|p2b: Flutter Mane|Booster Energy\n|-activate|p2b: Flutter Mane|ability: Protosynthesis|[fromitem]\n|-start|p2b: Flutter Mane|protosynthesisspe\n|move|p1a: Iron Bundle|Freeze-Dry|p2b: Flutter Mane\n|-damage|p2b: Flutter Mane|70\/100\n|move|p1b: Arcanine|Flare Blitz|p2a: Arcanine\n|-immune|p2a: Arcanine|[from] ability: Flash Fire\n|move|p2a: Arcanine|Iron Head|p1a: Iron Bundle\n|-damage|p1a: Iron Bundle|6\/100\n|\n|upkeep\n|turn|7\n|-message|DracFrost forfeited.\n|\n|win|ThatGuyTi\n|raw|DracFrost's rating: 1163 → 1137<\/strong> (-26 for losing)\n|raw|ThatGuyTi's rating: 1151 → 1177<\/strong> (+26 for winning)\n|l|\u2606DracFrost\n","uploadtime":1683142465,"views":10,"p1id":"dracfrost","p2id":"thatguyti","formatid":"gen9vgc2023regulationc","rating":1137,"private":0,"password":""}