{"id":"gen9vgc2023regulationc-1861622014","p1":"KillGore642","p2":"MN007","format":"[Gen 9] VGC 2023 Regulation C","log":"|j|\u2606KillGore642\n|j|\u2606MN007\n|t:|1683783104\n|gametype|doubles\n|player|p1|KillGore642|169|1078\n|player|p2|MN007|169|1000\n|teamsize|p1|6\n|teamsize|p2|6\n|gen|9\n|tier|[Gen 9] VGC 2023 Regulation C\n|rated|\n|rule|Species Clause: Limit one of each Pok\u00e9mon\n|rule|Item Clause: Limit one of each item\n|clearpoke\n|poke|p1|Torkoal, L50, F|\n|poke|p1|Arcanine, L50, F|\n|poke|p1|Sandy Shocks, L50|\n|poke|p1|Dachsbun, L50, M|\n|poke|p1|Arboliva, L50, M|\n|poke|p1|Chi-Yu, L50|\n|poke|p2|Breloom, L50, F|\n|poke|p2|Gholdengo, L50|\n|poke|p2|Drednaw, L50, M|\n|poke|p2|Palafin, L50, M|\n|poke|p2|Pelipper, L50, M|\n|poke|p2|Hydreigon, L50, F|\n|teampreview|4\n|\n|t:|1683783152\n|start\n|switch|p1a: Sandy Shocks|Sandy Shocks, L50|100\/100\n|switch|p1b: Chi-Yu|Chi-Yu, L50|100\/100\n|switch|p2a: Palafin|Palafin, L50, M|100\/100\n|switch|p2b: Pelipper|Pelipper, L50, M|100\/100\n|-ability|p1b: Chi-Yu|Beads of Ruin\n|-weather|RainDance|[from] ability: Drizzle|[of] p2b: Pelipper\n|turn|1\n|\n|t:|1683783215\n|detailschange|p2a: Palafin|Palafin-Hero, L50, M\n|switch|p2a: Drednaw|Drednaw, L50, M|100\/100\n|move|p1a: Sandy Shocks|Thunderbolt|p2b: Pelipper\n|-supereffective|p2b: Pelipper\n|-damage|p2b: Pelipper|0 fnt\n|faint|p2b: Pelipper\n|move|p1b: Chi-Yu|Snarl|p2a: Drednaw\n|-damage|p2a: Drednaw|46\/100\n|-unboost|p2a: Drednaw|spa|1\n|\n|-weather|RainDance|[upkeep]\n|upkeep\n|\n|t:|1683783227\n|switch|p2b: Palafin|Palafin-Hero, L50, M|100\/100\n|-activate|p2b: Palafin|ability: Zero to Hero\n|turn|2\n|\n|t:|1683783254\n|move|p2b: Palafin|Jet Punch|p1a: Sandy Shocks\n|-supereffective|p1a: Sandy Shocks\n|-enditem|p1a: Sandy Shocks|Focus Sash\n|-damage|p1a: Sandy Shocks|1\/100\n|move|p2a: Drednaw|Liquidation|p1b: Chi-Yu\n|-supereffective|p1b: Chi-Yu\n|-damage|p1b: Chi-Yu|0 fnt\n|faint|p1b: Chi-Yu\n|-damage|p2a: Drednaw|37\/100|[from] item: Life Orb\n|move|p1a: Sandy Shocks|Thunderbolt|p2b: Palafin\n|-supereffective|p2b: Palafin\n|-damage|p2b: Palafin|19\/100\n|\n|-weather|RainDance|[upkeep]\n|upkeep\n|\n|t:|1683783268\n|switch|p1b: Torkoal|Torkoal, L50, F|100\/100\n|-weather|SunnyDay|[from] ability: Drought|[of] p1b: Torkoal\n|-activate|p1a: Sandy Shocks|ability: Protosynthesis\n|-start|p1a: Sandy Shocks|protosynthesisspe\n|turn|3\n|\n|t:|1683783286\n|-terastallize|p2b: Palafin|Water\n|move|p2b: Palafin|Jet Punch|p1b: Torkoal\n|-supereffective|p1b: Torkoal\n|-damage|p1b: Torkoal|46\/100\n|move|p1a: Sandy Shocks|Thunderbolt|p2b: Palafin\n|-supereffective|p2b: Palafin\n|-damage|p2b: Palafin|0 fnt\n|faint|p2b: Palafin\n|move|p2a: Drednaw|Rock Slide|p1a: Sandy Shocks|[spread] p1a,p1b\n|-resisted|p1a: Sandy Shocks\n|-supereffective|p1b: Torkoal\n|-damage|p1a: Sandy Shocks|0 fnt\n|-damage|p1b: Torkoal|0 fnt\n|faint|p1a: Sandy Shocks\n|-end|p1a: Sandy Shocks|Protosynthesis|[silent]\n|faint|p1b: Torkoal\n|-damage|p2a: Drednaw|27\/100|[from] item: Life Orb\n|\n|-weather|SunnyDay|[upkeep]\n|upkeep\n|\n|t:|1683783305\n|switch|p1a: Arboliva|Arboliva, L50, M|100\/100\n|switch|p2b: Hydreigon|Hydreigon, L50, F|100\/100\n|turn|4\n|\n|t:|1683783317\n|-terastallize|p1a: Arboliva|Fairy\n|move|p2a: Drednaw|Protect|p2a: Drednaw\n|-singleturn|p2a: Drednaw|Protect\n|move|p2b: Hydreigon|Focus Energy|p2b: Hydreigon\n|-start|p2b: Hydreigon|move: Focus Energy\n|move|p1a: Arboliva|Dazzling Gleam|p2a: Drednaw|[spread] p2b\n|-activate|p2a: Drednaw|move: Protect\n|-supereffective|p2b: Hydreigon\n|-damage|p2b: Hydreigon|0 fnt\n|faint|p2b: Hydreigon\n|\n|-weather|SunnyDay|[upkeep]\n|upkeep\n|turn|5\n|\n|t:|1683783335\n|move|p2a: Drednaw|Rock Slide|p1a: Arboliva\n|-damage|p1a: Arboliva|59\/100\n|-damage|p2a: Drednaw|17\/100|[from] item: Life Orb\n|move|p1a: Arboliva|Giga Drain|p2a: Drednaw\n|-supereffective|p2a: Drednaw\n|-damage|p2a: Drednaw|0 fnt\n|-heal|p1a: Arboliva|67\/100|[from] drain|[of] p2a: Drednaw\n|faint|p2a: Drednaw\n|\n|win|KillGore642\n|raw|KillGore642's rating: 1078 → 1100<\/strong> (+22 for winning)\n|raw|MN007's rating: 1000 → 1000<\/strong> (+0 for losing)\n","uploadtime":1683783347,"views":9,"p1id":"killgore642","p2id":"mn007","formatid":"gen9vgc2023regulationc","rating":1000,"private":0,"password":""}