{"id":"gen9vgc2023regulationc-1857898612","p1":"COSMONAUTA J","p2":"santi_SBA","format":"[Gen 9] VGC 2023 Regulation C","log":"|j|\u2606COSMONAUTA J\n|j|\u2606santi_SBA\n|t:|1683244708\n|gametype|doubles\n|player|p1|COSMONAUTA J|cyrus|1212\n|player|p2|santi_SBA|1|1254\n|teamsize|p1|6\n|teamsize|p2|6\n|gen|9\n|tier|[Gen 9] VGC 2023 Regulation C\n|rated|\n|rule|Species Clause: Limit one of each Pok\u00e9mon\n|rule|Item Clause: Limit one of each item\n|clearpoke\n|poke|p1|Palafin, L50, M|\n|poke|p1|Arcanine, L50, M|\n|poke|p1|Dragonite, L50, F|\n|poke|p1|Amoonguss, L50, M|\n|poke|p1|Flutter Mane, L50|\n|poke|p1|Chien-Pao, L50|\n|poke|p2|Murkrow, L50, M|\n|poke|p2|Chi-Yu, L50|\n|poke|p2|Annihilape, L50, M|\n|poke|p2|Torkoal, L50, M|\n|poke|p2|Oranguru, L50, M|\n|poke|p2|Armarouge, L50, F|\n|teampreview|4\n|c|\u2606COSMONAUTA J|ots?\nCOSMONAUTA J has agreed to open team sheets.\n|inactive|Battle timer is ON: inactive players will automatically lose when time's up. (requested by santi_SBA)\nsanti_SBA rejected open team sheets.\n|\n|t:|1683244758\n|start\n|switch|p1a: Olho de Tigre|Chien-Pao, L50|100\/100\n|switch|p1b: 1010|Dragonite, L50, F|100\/100\n|switch|p2a: Annihilape|Annihilape, L50, M|100\/100\n|switch|p2b: Oranguru|Oranguru, L50, M|100\/100\n|-ability|p1a: Olho de Tigre|Sword of Ruin\n|turn|1\n|inactive|COSMONAUTA J has 30 seconds left.\n|inactive|santi_SBA has 30 seconds left.\n|inactive|santi_SBA has 20 seconds left.\n|\n|t:|1683244796\n|-terastallize|p1b: 1010|Normal\n|move|p1b: 1010|Extreme Speed|p2b: Oranguru\n|-damage|p2b: Oranguru|15\/100\n|move|p1a: Olho de Tigre|Sucker Punch|p2a: Annihilape\n|-damage|p2a: Annihilape|59\/100\n|move|p2a: Annihilape|Final Gambit|p1b: 1010\n|-damage|p1b: 1010|34\/100\n|faint|p2a: Annihilape\n|move|p2b: Oranguru|Trick Room|p2b: Oranguru\n|-fieldstart|move: Trick Room|[of] p2b: Oranguru\n|\n|upkeep\n|\n|t:|1683244809\n|switch|p2a: Torkoal|Torkoal, L50, M|100\/100\n|-weather|SunnyDay|[from] ability: Drought|[of] p2a: Torkoal\n|turn|2\n|\n|t:|1683244822\n|move|p1a: Olho de Tigre|Protect|p1a: Olho de Tigre\n|-singleturn|p1a: Olho de Tigre|Protect\n|move|p1b: 1010|Extreme Speed|p2a: Torkoal\n|-damage|p2a: Torkoal|28\/100\n|move|p2a: Torkoal|Eruption|p1a: Olho de Tigre|[spread] p1b\n|-activate|p1a: Olho de Tigre|move: Protect\n|-damage|p1b: 1010|12\/100\n|move|p2b: Oranguru|Instruct|p2a: Torkoal\n|-singleturn|p2a: Torkoal|move: Instruct|[of] p2b: Oranguru\n|move|p2a: Torkoal|Eruption|p1b: 1010|[spread] p1b\n|-activate|p1a: Olho de Tigre|move: Protect\n|-damage|p1b: 1010|0 fnt\n|faint|p1b: 1010\n|\n|-weather|SunnyDay|[upkeep]\n|upkeep\n|\n|t:|1683244839\n|switch|p1b: O Cara de \u00d3culos|Arcanine, L50, M|100\/100\n|-ability|p1b: O Cara de \u00d3culos|Intimidate|boost\n|-unboost|p2a: Torkoal|atk|1\n|-fail|p2b: Oranguru|unboost|Attack|[from] ability: Inner Focus|[of] p2b: Oranguru\n|turn|3\n|inactive|santi_SBA has 30 seconds left.\n|inactive|santi_SBA has 20 seconds left.\n|inactive|santi_SBA has 15 seconds left.\n|inactive|santi_SBA has 10 seconds left.\n|inactive|santi_SBA has 5 seconds left.\n|\n|t:|1683244892\n|move|p1b: O Cara de \u00d3culos|Extreme Speed|p2b: Oranguru\n|-damage|p2b: Oranguru|0 fnt\n|faint|p2b: Oranguru\n|move|p1a: Olho de Tigre|Sucker Punch|p2a: Torkoal\n|-damage|p2a: Torkoal|0 fnt\n|faint|p2a: Torkoal\n|\n|-weather|SunnyDay|[upkeep]\n|upkeep\n|\n|t:|1683244900\n|switch|p2b: Armarouge|Armarouge, L50, F|100\/100\n|turn|4\n|\n|t:|1683244912\n|-terastallize|p2b: Armarouge|Grass\n|move|p1b: O Cara de \u00d3culos|Protect|p1b: O Cara de \u00d3culos\n|-singleturn|p1b: O Cara de \u00d3culos|Protect\n|move|p1a: Olho de Tigre|Sucker Punch|p2b: Armarouge\n|-damage|p2b: Armarouge|61\/100\n|move|p2b: Armarouge|Heat Wave|p1a: Olho de Tigre|[spread] p1a\n|-activate|p1b: O Cara de \u00d3culos|move: Protect\n|-supereffective|p1a: Olho de Tigre\n|-enditem|p1a: Olho de Tigre|Focus Sash\n|-damage|p1a: Olho de Tigre|1\/100\n|\n|-weather|SunnyDay|[upkeep]\n|upkeep\n|turn|5\n|\n|t:|1683244933\n|switch|p1a: penumbra|Flutter Mane, L50, shiny|100\/100\n|-activate|p1a: penumbra|ability: Protosynthesis\n|-start|p1a: penumbra|protosynthesisspa\n|move|p1b: O Cara de \u00d3culos|Extreme Speed|p2b: Armarouge\n|-damage|p2b: Armarouge|37\/100\n|move|p2b: Armarouge|Heat Wave|p1b: O Cara de \u00d3culos|[spread] p1a,p1b\n|-resisted|p1b: O Cara de \u00d3culos\n|-damage|p1a: penumbra|54\/100\n|-damage|p1b: O Cara de \u00d3culos|74\/100\n|\n|-weather|SunnyDay|[upkeep]\n|-fieldend|move: Trick Room\n|upkeep\n|turn|6\n|\n|t:|1683244953\n|move|p1b: O Cara de \u00d3culos|Extreme Speed|p2b: Armarouge\n|-damage|p2b: Armarouge|15\/100\n|move|p1a: penumbra|Moonblast|p2b: Armarouge\n|-damage|p2b: Armarouge|0 fnt\n|faint|p2b: Armarouge\n|\n|win|COSMONAUTA J\n|raw|COSMONAUTA J's rating: 1212 → 1240<\/strong> (+28 for winning)\n|raw|santi_SBA's rating: 1254 → 1226<\/strong> (-28 for losing)\n|l|\u2606COSMONAUTA J\n","uploadtime":1683245053,"views":5,"p1id":"cosmonautaj","p2id":"santisba","formatid":"gen9vgc2023regulationc","rating":1226,"private":0,"password":""}