{"id":"gen9vgc2023regulationc-1859556439","p1":"MaxDOM","p2":"dutch night rider","format":"[Gen 9] VGC 2023 Regulation C","log":"|j|\u2606MaxDOM\n|j|\u2606dutch night rider\n|t:|1683541264\n|gametype|doubles\n|player|p1|MaxDOM|266|1059\n|player|p2|dutch night rider|chili|1044\n|teamsize|p1|6\n|teamsize|p2|6\n|gen|9\n|tier|[Gen 9] VGC 2023 Regulation C\n|rated|\n|rule|Species Clause: Limit one of each Pok\u00e9mon\n|rule|Item Clause: Limit one of each item\n|clearpoke\n|poke|p1|Luxray, L50, F|\n|poke|p1|Glaceon, L50, F|\n|poke|p1|Abomasnow, L50, F|\n|poke|p1|Floatzel, L50, M|\n|poke|p1|Beartic, L50, F|\n|poke|p1|Froslass, L50, F|\n|poke|p2|Oricorio-Pom-Pom, L50, F|\n|poke|p2|Volcarona, L50, M|\n|poke|p2|Abomasnow, L50, F|\n|poke|p2|Iron Bundle, L50|\n|poke|p2|Dragonite, L50, F|\n|poke|p2|Espathra, L50, F|\n|teampreview|4\n|\n|t:|1683541299\n|start\n|switch|p1a: Abomasnow|Abomasnow, L50, F|100\/100\n|switch|p1b: Froslass|Froslass, L50, F|100\/100\n|switch|p2a: dancer|Oricorio-Pom-Pom, L50, F|100\/100\n|switch|p2b: solar|Volcarona, L50, M|100\/100\n|-weather|Snow|[from] ability: Snow Warning|[of] p1a: Abomasnow\n|turn|1\n|inactive|Battle timer is ON: inactive players will automatically lose when time's up. (requested by MaxDOM)\n|\n|t:|1683541332\n|-terastallize|p2a: dancer|Fire\n|-terastallize|p1a: Abomasnow|Water\n|move|p1b: Froslass|Blizzard|p2b: solar|[spread] p2a,p2b\n|-resisted|p2a: dancer\n|-resisted|p2b: solar\n|-damage|p2a: dancer|75\/100\n|-damage|p2b: solar|85\/100\n|-status|p2b: solar|frz\n|cant|p2b: solar|frz\n|move|p2a: dancer|Tera Blast|p1b: Froslass\n|-supereffective|p1b: Froslass\n|-enditem|p1b: Froslass|Focus Sash\n|-damage|p1b: Froslass|1\/100\n|move|p1a: Abomasnow|Aurora Veil|p1a: Abomasnow\n|-sidestart|p1: MaxDOM|move: Aurora Veil\n|\n|-weather|Snow|[upkeep]\n|upkeep\n|turn|2\n|inactive|dutch night rider has 30 seconds left.\n|\n|t:|1683541359\n|move|p1b: Froslass|Thunder|p2a: dancer|[miss]\n|-miss|p1b: Froslass|p2a: dancer\n|-curestatus|p2b: solar|frz|[msg]\n|move|p2b: solar|Giga Drain|p1a: Abomasnow\n|-supereffective|p1a: Abomasnow\n|-damage|p1a: Abomasnow|73\/100\n|-heal|p2b: solar|100\/100|[from] drain|[of] p1a: Abomasnow\n|move|p2a: dancer|Revelation Dance|p1b: Froslass\n|-supereffective|p1b: Froslass\n|-damage|p1b: Froslass|0 fnt\n|faint|p1b: Froslass\n|move|p1a: Abomasnow|Leech Seed|p2b: solar|[miss]\n|-miss|p1a: Abomasnow|p2b: solar\n|\n|-weather|Snow|[upkeep]\n|upkeep\n|\n|t:|1683541367\n|switch|p1b: Beartic|Beartic, L50, F|100\/100\n|turn|3\n|\n|t:|1683541380\n|move|p2b: solar|Quiver Dance|p2b: solar\n|-boost|p2b: solar|spa|1\n|-boost|p2b: solar|spd|1\n|-boost|p2b: solar|spe|1\n|-activate|p2a: dancer|ability: Dancer\n|move|p2a: dancer|Quiver Dance|p2a: dancer|[from]ability: Dancer\n|-boost|p2a: dancer|spa|1\n|-boost|p2a: dancer|spd|1\n|-boost|p2a: dancer|spe|1\n|move|p2a: dancer|Revelation Dance|p1b: Beartic\n|-supereffective|p1b: Beartic\n|-damage|p1b: Beartic|0 fnt\n|faint|p1b: Beartic\n|move|p1a: Abomasnow|Leech Seed|p2a: dancer\n|-start|p2a: dancer|move: Leech Seed\n|\n|-weather|Snow|[upkeep]\n|-damage|p2a: dancer|63\/100|[from] Leech Seed|[of] p1a: Abomasnow\n|-heal|p1a: Abomasnow|84\/100|[silent]\n|upkeep\n|inactive|MaxDOM has 30 seconds left.\n|\n|t:|1683541405\n|switch|p1b: Glaceon|Glaceon, L50, F|100\/100\n|turn|4\n|\n|t:|1683541414\n|move|p2b: solar|Quiver Dance|p2b: solar\n|-boost|p2b: solar|spa|1\n|-boost|p2b: solar|spd|1\n|-boost|p2b: solar|spe|1\n|-activate|p2a: dancer|ability: Dancer\n|move|p2a: dancer|Quiver Dance|p2a: dancer|[from]ability: Dancer\n|-boost|p2a: dancer|spa|1\n|-boost|p2a: dancer|spd|1\n|-boost|p2a: dancer|spe|1\n|move|p2a: dancer|Revelation Dance|p1b: Glaceon\n|-supereffective|p1b: Glaceon\n|-damage|p1b: Glaceon|0 fnt\n|faint|p1b: Glaceon\n|move|p1a: Abomasnow|Leech Seed|p2b: solar\n|-start|p2b: solar|move: Leech Seed\n|\n|-weather|Snow|[upkeep]\n|-damage|p2b: solar|88\/100|[from] Leech Seed|[of] p1a: Abomasnow\n|-heal|p1a: Abomasnow|97\/100|[silent]\n|-damage|p2a: dancer|51\/100|[from] Leech Seed|[of] p1a: Abomasnow\n|-heal|p1a: Abomasnow|100\/100|[silent]\n|upkeep\n|turn|5\n|inactive|MaxDOM has 30 seconds left.\n|inactive|dutch night rider has 30 seconds left.\n|\n|t:|1683541445\n|move|p2b: solar|Giga Drain|p1a: Abomasnow\n|-supereffective|p1a: Abomasnow\n|-damage|p1a: Abomasnow|46\/100\n|-heal|p2b: solar|100\/100|[from] drain|[of] p1a: Abomasnow\n|move|p2a: dancer|Roost|p2a: dancer\n|-heal|p2a: dancer|100\/100\n|move|p1a: Abomasnow|Blizzard|p2b: solar|[spread] p2a,p2b\n|-resisted|p2a: dancer\n|-resisted|p2b: solar\n|-damage|p2a: dancer|90\/100\n|-damage|p2b: solar|94\/100\n|\n|-weather|none\n|-damage|p2b: solar|82\/100|[from] Leech Seed|[of] p1a: Abomasnow\n|-heal|p1a: Abomasnow|59\/100|[silent]\n|-damage|p2a: dancer|78\/100|[from] Leech Seed|[of] p1a: Abomasnow\n|-heal|p1a: Abomasnow|71\/100|[silent]\n|-sideend|p1: MaxDOM|move: Aurora Veil\n|upkeep\n|turn|6\n|-message|MaxDOM forfeited.\n|\n|win|dutch night rider\n|raw|MaxDOM's rating: 1059 → 1039<\/strong> (-20 for losing)\n|raw|dutch night rider's rating: 1044 → 1079<\/strong> (+35 for winning)\n|l|\u2606MaxDOM\n|c|\u2606dutch night rider|gg\n","uploadtime":1683541479,"views":13,"p1id":"maxdom","p2id":"dutchnightrider","formatid":"gen9vgc2023regulationc","rating":1039,"private":0,"password":""}