{"id":"gen9vgc2023regulationc-1847012529","p1":"Bolsa_25","p2":"Barbie120","format":"[Gen 9] VGC 2023 Regulation C","log":"|j|\u2606Bolsa_25\n|j|\u2606Barbie120\n|t:|1681911619\n|gametype|doubles\n|player|p1|Bolsa_25|tate|1391\n|player|p2|Barbie120|drayden|1418\n|teamsize|p1|6\n|teamsize|p2|6\n|gen|9\n|tier|[Gen 9] VGC 2023 Regulation C\n|rated|\n|rule|Species Clause: Limit one of each Pok\u00e9mon\n|rule|Item Clause: Limit one of each item\n|clearpoke\n|poke|p1|Ting-Lu, L50|\n|poke|p1|Grimmsnarl, L50, M|\n|poke|p1|Gastrodon, L50, M|\n|poke|p1|Annihilape, L50, M|\n|poke|p1|Indeedee-F, L50, F|\n|poke|p1|Wo-Chien, L50|\n|poke|p2|Indeedee-F, L50, F|\n|poke|p2|Chi-Yu, L50|\n|poke|p2|Arcanine, L50, M|\n|poke|p2|Flutter Mane, L50|\n|poke|p2|Baxcalibur, L50, F|\n|poke|p2|Corviknight, L50, F|\n|teampreview|4\n|\n|t:|1681911651\n|start\n|switch|p1a: Grimmsnarl|Grimmsnarl, L50, M|100\/100\n|switch|p1b: Annihilape|Annihilape, L50, M|100\/100\n|switch|p2a: Corviknight|Corviknight, L50, F|100\/100\n|switch|p2b: Baxcalibur|Baxcalibur, L50, F|100\/100\n|turn|1\n|\n|t:|1681911662\n|-terastallize|p1b: Annihilape|Fire\n|-terastallize|p2b: Baxcalibur|Ground\n|move|p1a: Grimmsnarl|Reflect|p1a: Grimmsnarl\n|-sidestart|p1: Bolsa_25|Reflect\n|move|p1b: Annihilape|Bulk Up|p1b: Annihilape\n|-boost|p1b: Annihilape|atk|1\n|-boost|p1b: Annihilape|def|1\n|move|p2b: Baxcalibur|Earthquake|p1a: Grimmsnarl|[spread] p1a,p1b\n|-immune|p2a: Corviknight\n|-supereffective|p1b: Annihilape\n|-damage|p1a: Grimmsnarl|71\/100\n|-damage|p1b: Annihilape|61\/100\n|move|p2a: Corviknight|Bulk Up|p2a: Corviknight\n|-boost|p2a: Corviknight|atk|1\n|-boost|p2a: Corviknight|def|1\n|\n|upkeep\n|turn|2\n|\n|t:|1681911679\n|move|p1a: Grimmsnarl|Parting Shot|p2b: Baxcalibur\n|-unboost|p2b: Baxcalibur|atk|1\n|-unboost|p2b: Baxcalibur|spa|1\n|\n|t:|1681911683\n|switch|p1a: Ting-Lu|Ting-Lu, L50|100\/100|[from] Parting Shot\n|-ability|p1a: Ting-Lu|Vessel of Ruin\n|move|p1b: Annihilape|Bulk Up|p1b: Annihilape\n|-boost|p1b: Annihilape|atk|1\n|-boost|p1b: Annihilape|def|1\n|move|p2b: Baxcalibur|Earthquake|p1b: Annihilape|[spread] p1a,p1b\n|-immune|p2a: Corviknight\n|-supereffective|p1b: Annihilape\n|-damage|p1a: Ting-Lu|88\/100\n|-damage|p1b: Annihilape|40\/100\n|move|p2a: Corviknight|Body Press|p1b: Annihilape\n|-damage|p1b: Annihilape|28\/100\n|\n|upkeep\n|turn|3\n|\n|t:|1681911701\n|switch|p1a: Grimmsnarl|Grimmsnarl, L50, M|71\/100\n|move|p1b: Annihilape|Rage Fist|p2b: Baxcalibur\n|-damage|p2b: Baxcalibur|0 fnt\n|faint|p2b: Baxcalibur\n|move|p2a: Corviknight|Bulk Up|p2a: Corviknight\n|-boost|p2a: Corviknight|atk|1\n|-boost|p2a: Corviknight|def|1\n|\n|upkeep\n|\n|t:|1681911710\n|switch|p2b: Flutter Mane|Flutter Mane, L50|100\/100\n|-enditem|p2b: Flutter Mane|Booster Energy\n|-activate|p2b: Flutter Mane|ability: Protosynthesis|[fromitem]\n|-start|p2b: Flutter Mane|protosynthesisspe\n|turn|4\n|\n|t:|1681911717\n|move|p1b: Annihilape|Protect|p1b: Annihilape\n|-singleturn|p1b: Annihilape|Protect\n|move|p1a: Grimmsnarl|Light Screen|p1a: Grimmsnarl\n|-sidestart|p1: Bolsa_25|move: Light Screen\n|move|p2b: Flutter Mane|Thunderbolt|p1b: Annihilape\n|-activate|p1b: Annihilape|move: Protect\n|move|p2a: Corviknight|Body Press|p1a: Grimmsnarl\n|-damage|p1a: Grimmsnarl|44\/100\n|\n|upkeep\n|turn|5\n|\n|t:|1681911725\n|move|p2b: Flutter Mane|Protect|p2b: Flutter Mane\n|-singleturn|p2b: Flutter Mane|Protect\n|move|p1a: Grimmsnarl|Parting Shot|p2b: Flutter Mane\n|-activate|p2b: Flutter Mane|move: Protect\n|move|p1b: Annihilape|Rage Fist|p2a: Corviknight\n|-damage|p2a: Corviknight|40\/100\n|move|p2a: Corviknight|Body Press|p1a: Grimmsnarl\n|-damage|p1a: Grimmsnarl|14\/100\n|\n|-heal|p2a: Corviknight|46\/100|[from] item: Leftovers\n|upkeep\n|turn|6\n|\n|t:|1681911737\n|move|p2a: Corviknight|Protect|p2a: Corviknight\n|-singleturn|p2a: Corviknight|Protect\n|move|p1a: Grimmsnarl|Parting Shot|p2b: Flutter Mane\n|-unboost|p2b: Flutter Mane|atk|1\n|-unboost|p2b: Flutter Mane|spa|1\n|\n|t:|1681911739\n|switch|p1a: Ting-Lu|Ting-Lu, L50|88\/100|[from] Parting Shot\n|-ability|p1a: Ting-Lu|Vessel of Ruin\n|move|p2b: Flutter Mane|Shadow Ball|p1b: Annihilape\n|-damage|p1b: Annihilape|16\/100\n|move|p1b: Annihilape|Rage Fist|p2a: Corviknight\n|-activate|p2a: Corviknight|move: Protect\n|\n|-heal|p2a: Corviknight|52\/100|[from] item: Leftovers\n|upkeep\n|turn|7\n|\n|t:|1681911762\n|switch|p2a: Chi-Yu|Chi-Yu, L50|100\/100\n|-ability|p2a: Chi-Yu|Beads of Ruin\n|move|p2b: Flutter Mane|Shadow Ball|p1b: Annihilape\n|-crit|p1b: Annihilape\n|-damage|p1b: Annihilape|0 fnt\n|faint|p1b: Annihilape\n|move|p1a: Ting-Lu|Heavy Slam|p2b: Flutter Mane\n|-supereffective|p2b: Flutter Mane\n|-damage|p2b: Flutter Mane|0 fnt\n|faint|p2b: Flutter Mane\n|-end|p2b: Flutter Mane|Protosynthesis|[silent]\n|\n|upkeep\n|\n|t:|1681911769\n|switch|p2b: Corviknight|Corviknight, L50, F|52\/100\n|switch|p1b: Gastrodon|Gastrodon, L50, M|100\/100\n|turn|8\n|\n|t:|1681911778\n|move|p2a: Chi-Yu|Protect|p2a: Chi-Yu\n|-singleturn|p2a: Chi-Yu|Protect\n|move|p2b: Corviknight|Bulk Up|p2b: Corviknight\n|-boost|p2b: Corviknight|atk|1\n|-boost|p2b: Corviknight|def|1\n|move|p1b: Gastrodon|Ice Beam|p2b: Corviknight\n|-damage|p2b: Corviknight|33\/100\n|move|p1a: Ting-Lu|Earthquake|p2a: Chi-Yu|[spread] p1b\n|-activate|p2a: Chi-Yu|move: Protect\n|-immune|p2b: Corviknight\n|-damage|p1b: Gastrodon|82\/100\n|\n|-heal|p2b: Corviknight|40\/100|[from] item: Leftovers\n|-sideend|p1: Bolsa_25|Reflect\n|upkeep\n|turn|9\n|\n|t:|1681911793\n|move|p2b: Corviknight|Protect|p2b: Corviknight\n|-singleturn|p2b: Corviknight|Protect\n|move|p2a: Chi-Yu|Dark Pulse|p1b: Gastrodon\n|-damage|p1b: Gastrodon|56\/100\n|move|p1b: Gastrodon|Ice Beam|p2b: Corviknight\n|-activate|p2b: Corviknight|move: Protect\n|move|p1a: Ting-Lu|Rock Tomb|p2a: Chi-Yu\n|-supereffective|p2a: Chi-Yu\n|-damage|p2a: Chi-Yu|50\/100\n|-unboost|p2a: Chi-Yu|spe|1\n|\n|-heal|p2b: Corviknight|46\/100|[from] item: Leftovers\n|upkeep\n|turn|10\n|\n|t:|1681911813\n|move|p2a: Chi-Yu|Dark Pulse|p1b: Gastrodon\n|-damage|p1b: Gastrodon|30\/100\n|move|p2b: Corviknight|Body Press|p1b: Gastrodon\n|-damage|p1b: Gastrodon|0 fnt\n|faint|p1b: Gastrodon\n|move|p1a: Ting-Lu|Rock Tomb|p2a: Chi-Yu\n|-supereffective|p2a: Chi-Yu\n|-damage|p2a: Chi-Yu|0 fnt\n|faint|p2a: Chi-Yu\n|\n|-heal|p2b: Corviknight|52\/100|[from] item: Leftovers\n|upkeep\n|-message|Bolsa_25 forfeited.\n|\n|win|Barbie120\n|raw|Bolsa_25's rating: 1391 → 1373<\/strong> (-18 for losing)\n|raw|Barbie120's rating: 1418 → 1436<\/strong> (+18 for winning)\n|l|\u2606Bolsa_25\n","uploadtime":1681911825,"views":13,"p1id":"bolsa25","p2id":"barbie120","formatid":"gen9vgc2023regulationc","rating":1373,"private":0,"password":""}