{"id":"gen9vgc2023regulationc-1861619585","p1":"PixelDupe1","p2":"SharkbaitJay","format":"[Gen 9] VGC 2023 Regulation C","log":"|j|\u2606PixelDupe1\n|j|\u2606SharkbaitJay\n|t:|1683782651\n|gametype|doubles\n|player|p1|PixelDupe1|palmer|1298\n|player|p2|SharkbaitJay|170|1236\n|teamsize|p1|6\n|teamsize|p2|6\n|gen|9\n|tier|[Gen 9] VGC 2023 Regulation C\n|rated|\n|rule|Species Clause: Limit one of each Pok\u00e9mon\n|rule|Item Clause: Limit one of each item\n|clearpoke\n|poke|p1|Iron Hands, L50|\n|poke|p1|Oranguru, L50, F|\n|poke|p1|Abomasnow, L50, M|\n|poke|p1|Iron Bundle, L50|\n|poke|p1|Flutter Mane, L50|\n|poke|p1|Amoonguss, L50, M|\n|poke|p2|Tyranitar, L50, F|\n|poke|p2|Lycanroc, L50, F|\n|poke|p2|Flutter Mane, L50|\n|poke|p2|Chi-Yu, L50|\n|poke|p2|Scizor, L50, M|\n|poke|p2|Iron Bundle, L50|\n|teampreview|4\nPixelDupe1 has agreed to open team sheets.\nSharkbaitJay has agreed to open team sheets.\n|\n|t:|1683782733\n|start\n|switch|p1a: Mr. Hands|Iron Hands, L50|100\/100\n|switch|p1b: Bell|Oranguru, L50, F|100\/100\n|switch|p2a: Flutter Mane|Flutter Mane, L50|100\/100\n|switch|p2b: Chi-Yu|Chi-Yu, L50|100\/100\n|-ability|p2b: Chi-Yu|Beads of Ruin\n|turn|1\n|\n|t:|1683782763\n|-terastallize|p1a: Mr. Hands|Fire\n|move|p2b: Chi-Yu|Protect|p2b: Chi-Yu\n|-singleturn|p2b: Chi-Yu|Protect\n|move|p1a: Mr. Hands|Fake Out|p2b: Chi-Yu\n|-activate|p2b: Chi-Yu|move: Protect\n|move|p2a: Flutter Mane|Moonblast|p1b: Bell\n|-damage|p1b: Bell|35\/100\n|-unboost|p1b: Bell|spa|1\n|-enditem|p1b: Bell|Sitrus Berry|[eat]\n|-heal|p1b: Bell|60\/100|[from] item: Sitrus Berry\n|move|p1b: Bell|Trick Room|p1b: Bell\n|-fieldstart|move: Trick Room|[of] p1b: Bell\n|\n|upkeep\n|turn|2\n|\n|t:|1683782802\n|switch|p2b: Scizor|Scizor, L50, M|100\/100\n|-end|p2a: Flutter Mane|Protosynthesis|[silent]\n|switch|p2a: Tyranitar|Tyranitar, L50, F|100\/100\n|-weather|Sandstorm|[from] ability: Sand Stream|[of] p2a: Tyranitar\n|move|p1b: Bell|Psychic|p2a: Tyranitar\n|-immune|p2a: Tyranitar\n|move|p1a: Mr. Hands|Drain Punch|p2b: Scizor\n|-damage|p2b: Scizor|60\/100\n|\n|-weather|Sandstorm|[upkeep]\n|-damage|p1b: Bell|54\/100|[from] Sandstorm\n|-damage|p1a: Mr. Hands|94\/100|[from] Sandstorm\n|upkeep\n|turn|3\n|\n|t:|1683782840\n|move|p2a: Tyranitar|Protect|p2a: Tyranitar\n|-singleturn|p2a: Tyranitar|Protect\n|move|p1b: Bell|Instruct|p1a: Mr. Hands\n|-singleturn|p1a: Mr. Hands|move: Instruct|[of] p1b: Bell\n|move|p1a: Mr. Hands|Drain Punch|p2b: Scizor\n|-damage|p2b: Scizor|22\/100\n|-heal|p1a: Mr. Hands|100\/100|[from] drain|[of] p2b: Scizor\n|move|p1a: Mr. Hands|Wild Charge|p2b: Scizor\n|-damage|p2b: Scizor|0 fnt\n|faint|p2b: Scizor\n|-damage|p1a: Mr. Hands|96\/100|[from] Recoil\n|\n|-weather|Sandstorm|[upkeep]\n|-damage|p1b: Bell|47\/100|[from] Sandstorm\n|-damage|p1a: Mr. Hands|90\/100|[from] Sandstorm\n|upkeep\n|\n|t:|1683782856\n|switch|p2b: Chi-Yu|Chi-Yu, L50|100\/100\n|-ability|p2b: Chi-Yu|Beads of Ruin\n|turn|4\n|\n|t:|1683782876\n|move|p2b: Chi-Yu|Protect|p2b: Chi-Yu\n|-singleturn|p2b: Chi-Yu|Protect\n|move|p1b: Bell|Instruct|p1a: Mr. Hands\n|-singleturn|p1a: Mr. Hands|move: Instruct|[of] p1b: Bell\n|move|p1a: Mr. Hands|Wild Charge|p2b: Chi-Yu\n|-activate|p2b: Chi-Yu|move: Protect\n|move|p1a: Mr. Hands|Wild Charge|p2a: Tyranitar\n|-damage|p2a: Tyranitar|59\/100\n|-damage|p1a: Mr. Hands|81\/100|[from] Recoil\n|move|p2a: Tyranitar|Rock Slide|p1a: Mr. Hands|[spread] p1a,p1b\n|-supereffective|p1a: Mr. Hands\n|-damage|p1a: Mr. Hands|41\/100\n|-damage|p1b: Bell|21\/100\n|\n|-weather|Sandstorm|[upkeep]\n|-damage|p1b: Bell|15\/100|[from] Sandstorm\n|-damage|p1a: Mr. Hands|35\/100|[from] Sandstorm\n|-damage|p2b: Chi-Yu|94\/100|[from] Sandstorm\n|upkeep\n|turn|5\n|\n|t:|1683782927\n|move|p1b: Bell|Instruct|p1a: Mr. Hands\n|-singleturn|p1a: Mr. Hands|move: Instruct|[of] p1b: Bell\n|move|p1a: Mr. Hands|Wild Charge|p2a: Tyranitar\n|-damage|p2a: Tyranitar|15\/100\n|-damage|p1a: Mr. Hands|25\/100|[from] Recoil\n|move|p1a: Mr. Hands|Drain Punch|p2b: Chi-Yu\n|-supereffective|p2b: Chi-Yu\n|-damage|p2b: Chi-Yu|0 fnt\n|-heal|p1a: Mr. Hands|55\/100|[from] drain|[of] p2b: Chi-Yu\n|faint|p2b: Chi-Yu\n|move|p2a: Tyranitar|Rock Slide|p1b: Bell|[spread] p1a,p1b\n|-supereffective|p1a: Mr. Hands\n|-crit|p1b: Bell\n|-damage|p1a: Mr. Hands|7\/100\n|-damage|p1b: Bell|0 fnt\n|faint|p1b: Bell\n|\n|-weather|Sandstorm|[upkeep]\n|-damage|p1a: Mr. Hands|1\/100|[from] Sandstorm\n|-fieldend|move: Trick Room\n|upkeep\n|\n|t:|1683782947\n|switch|p2b: Flutter Mane|Flutter Mane, L50|100\/100\n|switch|p1b: Abomasnow|Abomasnow, L50, M|100\/100\n|-weather|Snow|[from] ability: Snow Warning|[of] p1b: Abomasnow\n|turn|6\n|\n|t:|1683782973\n|move|p1b: Abomasnow|Protect|p1b: Abomasnow\n|-singleturn|p1b: Abomasnow|Protect\n|move|p2b: Flutter Mane|Moonblast|p1b: Abomasnow\n|-activate|p1b: Abomasnow|move: Protect\n|move|p2a: Tyranitar|Rock Slide|p1b: Abomasnow|[spread] p1a\n|-activate|p1b: Abomasnow|move: Protect\n|-supereffective|p1a: Mr. Hands\n|-damage|p1a: Mr. Hands|0 fnt\n|faint|p1a: Mr. Hands\n|-end|p1a: Mr. Hands|Quark Drive|[silent]\n|\n|-weather|Snow|[upkeep]\n|upkeep\n|\n|t:|1683782982\n|switch|p1a: Iron Bundle|Iron Bundle, L50, shiny|100\/100\n|turn|7\n|\n|t:|1683783002\n|-terastallize|p2b: Flutter Mane|Water\n|move|p1a: Iron Bundle|Blizzard|p2a: Tyranitar|[spread] p2a,p2b\n|-resisted|p2b: Flutter Mane\n|-damage|p2a: Tyranitar|0 fnt\n|-damage|p2b: Flutter Mane|82\/100\n|faint|p2a: Tyranitar\n|move|p2b: Flutter Mane|Moonblast|p1a: Iron Bundle\n|-enditem|p1a: Iron Bundle|Focus Sash\n|-damage|p1a: Iron Bundle|1\/100\n|move|p1b: Abomasnow|Blizzard|p2b: Flutter Mane\n|-resisted|p2b: Flutter Mane\n|-crit|p2b: Flutter Mane\n|-damage|p2b: Flutter Mane|53\/100\n|\n|-weather|Snow|[upkeep]\n|upkeep\n|turn|8\n|\n|t:|1683783018\n|move|p1a: Iron Bundle|Aurora Veil|p1a: Iron Bundle\n|-sidestart|p1: PixelDupe1|move: Aurora Veil\n|move|p2b: Flutter Mane|Moonblast|p1a: Iron Bundle\n|-damage|p1a: Iron Bundle|0 fnt\n|faint|p1a: Iron Bundle\n|-end|p1a: Iron Bundle|Quark Drive|[silent]\n|move|p1b: Abomasnow|Giga Drain|p2b: Flutter Mane\n|-supereffective|p2b: Flutter Mane\n|-damage|p2b: Flutter Mane|0 fnt\n|faint|p2b: Flutter Mane\n|-end|p2b: Flutter Mane|Protosynthesis|[silent]\n|\n|win|PixelDupe1\n|raw|PixelDupe1's rating: 1298 → 1319<\/strong> (+21 for winning)\n|raw|SharkbaitJay's rating: 1236 → 1215<\/strong> (-21 for losing)\n|c|\u2606SharkbaitJay|gg\n|c|\u2606PixelDupe1|gg\n","uploadtime":1683783144,"views":7,"p1id":"pixeldupe1","p2id":"sharkbaitjay","formatid":"gen9vgc2023regulationc","rating":1215,"private":0,"password":""}