{"id":"gen9vgc2023regulationc-1858079505","p1":"ShedinjaSoup","p2":"Vitalis24","format":"[Gen 9] VGC 2023 Regulation C","log":"|j|\u2606ShedinjaSoup\n|j|\u2606Vitalis24\n|t:|1683272116\n|gametype|doubles\n|player|p1|ShedinjaSoup|gentleman|1183\n|player|p2|Vitalis24|ethan|1286\n|teamsize|p1|6\n|teamsize|p2|6\n|gen|9\n|tier|[Gen 9] VGC 2023 Regulation C\n|rated|\n|rule|Species Clause: Limit one of each Pok\u00e9mon\n|rule|Item Clause: Limit one of each item\n|clearpoke\n|poke|p1|Dondozo, L50, F|\n|poke|p1|Tatsugiri-Stretchy, L50, F|\n|poke|p1|Pelipper, L50, F|\n|poke|p1|Drednaw, L50, F|\n|poke|p1|Iron Bundle, L50|\n|poke|p1|Baxcalibur, L50, F|\n|poke|p2|Indeedee-F, L50, F|\n|poke|p2|Flutter Mane, L50|\n|poke|p2|Murkrow, L50, F|\n|poke|p2|Great Tusk, L50|\n|poke|p2|Iron Bundle, L50|\n|poke|p2|Chi-Yu, L50|\n|teampreview|4\n|inactive|Battle timer is ON: inactive players will automatically lose when time's up. (requested by ShedinjaSoup)\n|inactive|Vitalis24 has 60 seconds left.\n|\n|t:|1683272158\n|start\n|switch|p1a: Pelipper|Pelipper, L50, F, shiny|100\/100\n|switch|p1b: Dondozo|Dondozo, L50, F, shiny|100\/100\n|switch|p2a: Murkrow|Murkrow, L50, F|100\/100\n|switch|p2b: Iron Bundle|Iron Bundle, L50|100\/100\n|-weather|RainDance|[from] ability: Drizzle|[of] p1a: Pelipper\n|-enditem|p2b: Iron Bundle|Booster Energy\n|-activate|p2b: Iron Bundle|ability: Quark Drive|[fromitem]\n|-start|p2b: Iron Bundle|quarkdrivespe\n|turn|1\n|inactive|Vitalis24 has 30 seconds left.\n|\n|t:|1683272187\n|move|p1a: Pelipper|Protect|p1a: Pelipper\n|-singleturn|p1a: Pelipper|Protect\n|move|p2a: Murkrow|Thunder Wave|p1b: Dondozo\n|-status|p1b: Dondozo|par\n|move|p2b: Iron Bundle|Freeze-Dry|p1a: Pelipper\n|-activate|p1a: Pelipper|move: Protect\n|move|p1b: Dondozo|Wave Crash|p2b: Iron Bundle\n|-resisted|p2b: Iron Bundle\n|-damage|p2b: Iron Bundle|53\/100\n|-damage|p1b: Dondozo|92\/100 par|[from] Recoil\n|-damage|p1b: Dondozo|82\/100 par|[from] item: Life Orb\n|\n|-weather|RainDance|[upkeep]\n|upkeep\n|turn|2\n|inactive|Vitalis24 has 30 seconds left.\n|\n|t:|1683272216\n|switch|p1a: Tatsugiri|Tatsugiri-Stretchy, L50, F, shiny|100\/100\n|-activate|p1a: Tatsugiri|ability: Commander|[of] p1b: Dondozo\n|-boost|p1b: Dondozo|atk|2\n|-boost|p1b: Dondozo|spa|2\n|-boost|p1b: Dondozo|spe|2\n|-boost|p1b: Dondozo|def|2\n|-boost|p1b: Dondozo|spd|2\n|-terastallize|p1b: Dondozo|Water\n|move|p2a: Murkrow|Thunder Wave|p1a: Tatsugiri|[miss]\n|-miss|p2a: Murkrow|p1a: Tatsugiri\n|move|p2b: Iron Bundle|Freeze-Dry|p1b: Dondozo\n|-supereffective|p1b: Dondozo\n|-damage|p1b: Dondozo|42\/100 par\n|move|p1b: Dondozo|Surf|p2a: Murkrow|[spread] p2a,p2b\n|-miss|p1b: Dondozo|p1a: Tatsugiri\n|-resisted|p2b: Iron Bundle\n|-damage|p2a: Murkrow|0 fnt\n|-damage|p2b: Iron Bundle|0 fnt\n|faint|p2a: Murkrow\n|faint|p2b: Iron Bundle\n|-end|p2b: Iron Bundle|Quark Drive|[silent]\n|-damage|p1b: Dondozo|32\/100 par|[from] item: Life Orb\n|\n|-weather|RainDance|[upkeep]\n|upkeep\n|\n|t:|1683272240\n|switch|p2b: Chi-Yu|Chi-Yu, L50|100\/100\n|switch|p2a: Flutter Mane|Flutter Mane, L50|100\/100\n|-ability|p2b: Chi-Yu|Beads of Ruin\n|turn|3\n|\n|t:|1683272263\n|-terastallize|p2b: Chi-Yu|Grass\n|move|p2a: Flutter Mane|Thunderbolt|p1b: Dondozo\n|-supereffective|p1b: Dondozo\n|-damage|p1b: Dondozo|0 fnt\n|faint|p1b: Dondozo\n|move|p2b: Chi-Yu|Dark Pulse|p1a: Tatsugiri\n|-damage|p1a: Tatsugiri|23\/100\n|\n|-weather|RainDance|[upkeep]\n|upkeep\n|\n|t:|1683272270\n|switch|p1b: Pelipper|Pelipper, L50, F, shiny|100\/100\n|turn|4\n|\n|t:|1683272286\n|move|p1a: Tatsugiri|Helping Hand|p1b: Pelipper\n|-singleturn|p1b: Pelipper|Helping Hand|[of] p1a: Tatsugiri\n|move|p2a: Flutter Mane|Thunderbolt|p1b: Pelipper\n|-supereffective|p1b: Pelipper\n|-crit|p1b: Pelipper\n|-damage|p1b: Pelipper|0 fnt\n|faint|p1b: Pelipper\n|move|p2b: Chi-Yu|Dark Pulse|p1a: Tatsugiri\n|-damage|p1a: Tatsugiri|0 fnt\n|faint|p1a: Tatsugiri\n|\n|-weather|RainDance|[upkeep]\n|upkeep\n|\n|t:|1683272293\n|switch|p1a: Drednaw|Drednaw, L50, F, shiny|100\/100\n|turn|5\n|\n|t:|1683272307\n|move|p2a: Flutter Mane|Protect|p2a: Flutter Mane\n|-singleturn|p2a: Flutter Mane|Protect\n|move|p1a: Drednaw|Earthquake|p2b: Chi-Yu|[spread] p2b\n|-activate|p2a: Flutter Mane|move: Protect\n|-resisted|p2b: Chi-Yu\n|-damage|p2b: Chi-Yu|67\/100\n|move|p2b: Chi-Yu|Will-O-Wisp|p1a: Drednaw\n|-status|p1a: Drednaw|brn\n|\n|-weather|RainDance|[upkeep]\n|-damage|p1a: Drednaw|94\/100 brn|[from] brn\n|upkeep\n|turn|6\n|-message|ShedinjaSoup forfeited.\n|\n|win|Vitalis24\n|raw|ShedinjaSoup's rating: 1183 → 1165<\/strong> (-18 for losing)\n|raw|Vitalis24's rating: 1286 → 1304<\/strong> (+18 for winning)\n|l|\u2606ShedinjaSoup\n","uploadtime":1683272323,"views":6,"p1id":"shedinjasoup","p2id":"vitalis24","formatid":"gen9vgc2023regulationc","rating":1165,"private":0,"password":""}