{"id":"gen9vgc2023regulationc-1858078483","p1":"Myshirtisdirty","p2":"leoroop","format":"[Gen 9] VGC 2023 Regulation C","log":"|j|\u2606Myshirtisdirty\n|j|\u2606leoroop\n|t:|1683271935\n|gametype|doubles\n|player|p1|Myshirtisdirty|170|1333\n|player|p2|leoroop|backpacker|1329\n|teamsize|p1|6\n|teamsize|p2|6\n|gen|9\n|tier|[Gen 9] VGC 2023 Regulation C\n|rated|\n|rule|Species Clause: Limit one of each Pok\u00e9mon\n|rule|Item Clause: Limit one of each item\n|clearpoke\n|poke|p1|Iron Bundle, L50|\n|poke|p1|Abomasnow, L50, F|\n|poke|p1|Baxcalibur, L50, F|\n|poke|p1|Murkrow, L50, M|\n|poke|p1|Flutter Mane, L50|\n|poke|p1|Chi-Yu, L50|\n|poke|p2|Gyarados, L50, F|\n|poke|p2|Amoonguss, L50, F|\n|poke|p2|Kingambit, L50, F|\n|poke|p2|Flutter Mane, L50|\n|poke|p2|Chi-Yu, L50|\n|poke|p2|Baxcalibur, L50, M|\n|teampreview|4\n|\n|t:|1683271975\n|start\n|switch|p1a: Iron Bundle|Iron Bundle, L50|100\/100\n|switch|p1b: Abomasnow|Abomasnow, L50, F|100\/100\n|switch|p2a: Chi-Yu|Chi-Yu, L50|100\/100\n|switch|p2b: Amoonguss|Amoonguss, L50, F|100\/100\n|-ability|p2a: Chi-Yu|Beads of Ruin\n|-weather|Snow|[from] ability: Snow Warning|[of] p1b: Abomasnow\n|-enditem|p1a: Iron Bundle|Booster Energy\n|-activate|p1a: Iron Bundle|ability: Quark Drive|[fromitem]\n|-start|p1a: Iron Bundle|quarkdrivespe\n|turn|1\n|\n|t:|1683272011\n|move|p2b: Amoonguss|Rage Powder|p2b: Amoonguss\n|-singleturn|p2b: Amoonguss|move: Rage Powder\n|move|p1a: Iron Bundle|Aurora Veil|p1a: Iron Bundle\n|-sidestart|p1: Myshirtisdirty|move: Aurora Veil\n|move|p2a: Chi-Yu|Heat Wave|p1b: Abomasnow|[spread] p1a,p1b\n|-supereffective|p1b: Abomasnow\n|-damage|p1a: Iron Bundle|28\/100\n|-damage|p1b: Abomasnow|0 fnt\n|faint|p1b: Abomasnow\n|\n|-weather|Snow|[upkeep]\n|upkeep\n|\n|t:|1683272036\n|switch|p1b: Flutter Mane|Flutter Mane, L50|100\/100\n|turn|2\n|\n|t:|1683272049\n|switch|p2a: Kingambit|Kingambit, L50, F|100\/100\n|move|p1a: Iron Bundle|Blizzard|p2a: Kingambit|[spread] p2a,p2b\n|-resisted|p2a: Kingambit\n|-supereffective|p2b: Amoonguss\n|-damage|p2a: Kingambit|86\/100\n|-damage|p2b: Amoonguss|34\/100\n|-enditem|p2b: Amoonguss|Sitrus Berry|[eat]\n|-heal|p2b: Amoonguss|59\/100|[from] item: Sitrus Berry\n|move|p1b: Flutter Mane|Power Gem|p2a: Kingambit\n|-resisted|p2a: Kingambit\n|-damage|p2a: Kingambit|74\/100\n|move|p2b: Amoonguss|Spore|p1b: Flutter Mane\n|-status|p1b: Flutter Mane|slp|[from] move: Spore\n|\n|-weather|Snow|[upkeep]\n|upkeep\n|turn|3\n|\n|t:|1683272079\n|-end|p1b: Flutter Mane|Protosynthesis|[silent]\n|switch|p1b: Chi-Yu|Chi-Yu, L50|100\/100\n|-ability|p1b: Chi-Yu|Beads of Ruin\n|switch|p2b: Chi-Yu|Chi-Yu, L50|100\/100\n|-ability|p2b: Chi-Yu|Beads of Ruin\n|move|p1a: Iron Bundle|Blizzard|p2b: Chi-Yu|[spread] p2a,p2b\n|-resisted|p2a: Kingambit\n|-resisted|p2b: Chi-Yu\n|-damage|p2a: Kingambit|55\/100\n|-damage|p2b: Chi-Yu|77\/100\n|move|p2a: Kingambit|Iron Head|p1b: Chi-Yu\n|-resisted|p1b: Chi-Yu\n|-damage|p1b: Chi-Yu|82\/100\n|\n|-weather|Snow|[upkeep]\n|upkeep\n|turn|4\n|\n|t:|1683272106\n|switch|p2a: Baxcalibur|Baxcalibur, L50, M|100\/100\n|move|p1b: Chi-Yu|Protect|p1b: Chi-Yu\n|-singleturn|p1b: Chi-Yu|Protect\n|move|p1a: Iron Bundle|Hydro Pump|p2a: Baxcalibur|[miss]\n|-miss|p1a: Iron Bundle|p2a: Baxcalibur\n|move|p2b: Chi-Yu|Snarl|p1b: Chi-Yu|[spread] p1a\n|-activate|p1b: Chi-Yu|move: Protect\n|-damage|p1a: Iron Bundle|0 fnt\n|faint|p1a: Iron Bundle\n|-end|p1a: Iron Bundle|Quark Drive|[silent]\n|\n|-weather|Snow|[upkeep]\n|upkeep\n|\n|t:|1683272117\n|switch|p1a: Flutter Mane|Flutter Mane, L50|100\/100 slp\n|turn|5\n|\n|t:|1683272136\n|move|p2b: Chi-Yu|Snarl|p1b: Chi-Yu|[spread] p1a,p1b\n|-resisted|p1b: Chi-Yu\n|-damage|p1a: Flutter Mane|83\/100 slp\n|-damage|p1b: Chi-Yu|76\/100\n|-unboost|p1a: Flutter Mane|spa|1\n|-unboost|p1b: Chi-Yu|spa|1\n|cant|p1a: Flutter Mane|slp\n|move|p1b: Chi-Yu|Heat Wave|p2b: Chi-Yu|[spread] p2a,p2b\n|-resisted|p2b: Chi-Yu\n|-damage|p2a: Baxcalibur|67\/100\n|-damage|p2b: Chi-Yu|65\/100\n|-ability|p2a: Baxcalibur|Thermal Exchange|boost\n|-boost|p2a: Baxcalibur|atk|1\n|move|p2a: Baxcalibur|Glaive Rush|p1b: Chi-Yu\n|-damage|p1b: Chi-Yu|0 fnt\n|-singlemove|p2a: Baxcalibur|Glaive Rush|[silent]\n|faint|p1b: Chi-Yu\n|\n|-weather|none\n|-sideend|p1: Myshirtisdirty|move: Aurora Veil\n|upkeep\n|turn|6\n|\n|t:|1683272155\n|-terastallize|p1a: Flutter Mane|Fairy\n|move|p2a: Baxcalibur|Ice Shard|p1a: Flutter Mane\n|-damage|p1a: Flutter Mane|32\/100 slp\n|move|p2b: Chi-Yu|Snarl|p1a: Flutter Mane\n|-resisted|p1a: Flutter Mane\n|-crit|p1a: Flutter Mane\n|-damage|p1a: Flutter Mane|5\/100 slp\n|-unboost|p1a: Flutter Mane|spa|1\n|cant|p1a: Flutter Mane|slp\n|\n|upkeep\n|turn|7\n|\n|t:|1683272170\n|move|p2a: Baxcalibur|Ice Shard|p1a: Flutter Mane\n|-damage|p1a: Flutter Mane|0 fnt\n|faint|p1a: Flutter Mane\n|-end|p1a: Flutter Mane|Protosynthesis|[silent]\n|\n|win|leoroop\n|raw|Myshirtisdirty's rating: 1333 → 1313<\/strong> (-20 for losing)\n|raw|leoroop's rating: 1329 → 1349<\/strong> (+20 for winning)\n","uploadtime":1683272177,"views":15,"p1id":"myshirtisdirty","p2id":"leoroop","formatid":"gen9vgc2023regulationc","rating":1313,"private":0,"password":""}