{"id":"gen9vgc2023regulationc-1861369859","p1":"vhne","p2":"XL Twin Mattress","format":"[Gen 9] VGC 2023 Regulation C","log":"|j|\u2606vhne\n|j|\u2606XL Twin Mattress\n|t:|1683750412\n|gametype|doubles\n|player|p1|vhne|red|1381\n|player|p2|XL Twin Mattress|lance-masters|1426\n|teamsize|p1|6\n|teamsize|p2|6\n|gen|9\n|tier|[Gen 9] VGC 2023 Regulation C\n|rated|\n|rule|Species Clause: Limit one of each Pok\u00e9mon\n|rule|Item Clause: Limit one of each item\n|clearpoke\n|poke|p1|Volcarona, L50, M|\n|poke|p1|Amoonguss, L50, M|\n|poke|p1|Gyarados, L50, M|\n|poke|p1|Flutter Mane, L50|\n|poke|p1|Iron Hands, L50|\n|poke|p1|Roaring Moon, L50|\n|poke|p2|Iron Bundle, L50|\n|poke|p2|Chi-Yu, L50|\n|poke|p2|Corviknight, L50, M|\n|poke|p2|Brute Bonnet, L50|\n|poke|p2|Flutter Mane, L50|\n|poke|p2|Dragonite, L50, M|\n|teampreview|4\n|\n|t:|1683750467\n|start\n|switch|p1a: Volcarona|Volcarona, L50, M|100\/100\n|switch|p1b: Iron Hands|Iron Hands, L50|100\/100\n|switch|p2a: Brute Bonnet|Brute Bonnet, L50|100\/100\n|switch|p2b: Corviknight|Corviknight, L50, M|100\/100\n|turn|1\n|\n|t:|1683750496\n|-terastallize|p2b: Corviknight|Fire\n|move|p1b: Iron Hands|Fake Out|p2a: Brute Bonnet\n|-damage|p2a: Brute Bonnet|85\/100\n|move|p1a: Volcarona|Quiver Dance|p1a: Volcarona\n|-boost|p1a: Volcarona|spa|1\n|-boost|p1a: Volcarona|spd|1\n|-boost|p1a: Volcarona|spe|1\n|move|p2b: Corviknight|Tailwind|p2b: Corviknight\n|-sidestart|p2: XL Twin Mattress|move: Tailwind\n|cant|p2a: Brute Bonnet|flinch\n|\n|upkeep\n|turn|2\n|\n|t:|1683750514\n|move|p2b: Corviknight|Brave Bird|p1a: Volcarona\n|-supereffective|p1a: Volcarona\n|-damage|p1a: Volcarona|0 fnt\n|faint|p1a: Volcarona\n|-damage|p2b: Corviknight|67\/100|[from] Recoil\n|move|p2a: Brute Bonnet|Spore|p1b: Iron Hands\n|-status|p1b: Iron Hands|slp|[from] move: Spore\n|cant|p1b: Iron Hands|slp\n|\n|upkeep\n|\n|t:|1683750526\n|switch|p1a: Amoonguss|Amoonguss, L50, M, shiny|100\/100\n|turn|3\n|\n|t:|1683750537\n|-terastallize|p1a: Amoonguss|Water\n|move|p2b: Corviknight|Brave Bird|p1a: Amoonguss\n|-damage|p1a: Amoonguss|56\/100\n|-damage|p2b: Corviknight|50\/100|[from] item: Rocky Helmet|[of] p1a: Amoonguss\n|-damage|p2b: Corviknight|33\/100|[from] Recoil\n|move|p2a: Brute Bonnet|Bullet Seed|p1b: Iron Hands\n|-damage|p1b: Iron Hands|91\/100 slp\n|-damage|p1b: Iron Hands|81\/100 slp\n|-damage|p1b: Iron Hands|71\/100 slp\n|-damage|p1b: Iron Hands|60\/100 slp\n|-hitcount|p1b: Iron Hands|4\n|cant|p1b: Iron Hands|slp\n|move|p1a: Amoonguss|Spore|p2b: Corviknight\n|-status|p2b: Corviknight|slp|[from] move: Spore\n|-enditem|p2b: Corviknight|Lum Berry|[eat]\n|-curestatus|p2b: Corviknight|slp|[msg]\n|\n|upkeep\n|turn|4\n|\n|t:|1683750559\n|move|p2b: Corviknight|Roost|p2b: Corviknight\n|-heal|p2b: Corviknight|83\/100\n|move|p2a: Brute Bonnet|Bullet Seed|p1a: Amoonguss\n|-supereffective|p1a: Amoonguss\n|-damage|p1a: Amoonguss|33\/100\n|-supereffective|p1a: Amoonguss\n|-damage|p1a: Amoonguss|9\/100\n|-supereffective|p1a: Amoonguss\n|-damage|p1a: Amoonguss|0 fnt\n|faint|p1a: Amoonguss\n|-hitcount|p1: Amoonguss|3\n|cant|p1b: Iron Hands|slp\n|\n|-sideend|p2: XL Twin Mattress|move: Tailwind\n|upkeep\n|inactive|Battle timer is ON: inactive players will automatically lose when time's up. (requested by vhne)\n|\n|t:|1683750564\n|switch|p1a: Roaring Moon|Roaring Moon, L50|100\/100\n|-enditem|p1a: Roaring Moon|Booster Energy\n|-activate|p1a: Roaring Moon|ability: Protosynthesis|[fromitem]\n|-start|p1a: Roaring Moon|protosynthesisatk\n|turn|5\n|inactive|XL Twin Mattress has 30 seconds left.\n|\n|t:|1683750591\n|-end|p2a: Brute Bonnet|Protosynthesis|[silent]\n|switch|p2a: Dragonite|Dragonite, L50, M|100\/100\n|move|p1a: Roaring Moon|Protect|p1a: Roaring Moon\n|-singleturn|p1a: Roaring Moon|Protect\n|move|p2b: Corviknight|Tailwind|p2b: Corviknight\n|-sidestart|p2: XL Twin Mattress|move: Tailwind\n|-curestatus|p1b: Iron Hands|slp|[msg]\n|move|p1b: Iron Hands|Drain Punch|p2a: Dragonite\n|-resisted|p2a: Dragonite\n|-damage|p2a: Dragonite|90\/100\n|-heal|p1b: Iron Hands|65\/100|[from] drain|[of] p2a: Dragonite\n|\n|upkeep\n|turn|6\n|\n|t:|1683750611\n|move|p2a: Dragonite|Stomping Tantrum|p1b: Iron Hands\n|-supereffective|p1b: Iron Hands\n|-damage|p1b: Iron Hands|23\/100\n|move|p2b: Corviknight|Brave Bird|p1b: Iron Hands\n|-damage|p1b: Iron Hands|0 fnt\n|faint|p1b: Iron Hands\n|-end|p1b: Iron Hands|Quark Drive|[silent]\n|-damage|p2b: Corviknight|74\/100|[from] Recoil\n|move|p1a: Roaring Moon|Dragon Dance|p1a: Roaring Moon\n|-boost|p1a: Roaring Moon|atk|1\n|-boost|p1a: Roaring Moon|spe|1\n|\n|upkeep\n|turn|7\n|\n|t:|1683750633\n|move|p1a: Roaring Moon|Protect|p1a: Roaring Moon\n|-singleturn|p1a: Roaring Moon|Protect\n|move|p2a: Dragonite|Extreme Speed|p1a: Roaring Moon\n|-activate|p1a: Roaring Moon|move: Protect\n|move|p2b: Corviknight|Brave Bird|p1a: Roaring Moon\n|-activate|p1a: Roaring Moon|move: Protect\n|\n|upkeep\n|turn|8\n|\n|t:|1683750658\n|move|p1a: Roaring Moon|Acrobatics|p2b: Corviknight\n|-damage|p2b: Corviknight|6\/100\n|move|p2a: Dragonite|Low Kick|p1a: Roaring Moon\n|-supereffective|p1a: Roaring Moon\n|-damage|p1a: Roaring Moon|0 fnt\n|faint|p1a: Roaring Moon\n|-end|p1a: Roaring Moon|Protosynthesis|[silent]\n|\n|win|XL Twin Mattress\n|raw|vhne's rating: 1381 → 1364<\/strong> (-17 for losing)\n|raw|XL Twin Mattress's rating: 1426 → 1443<\/strong> (+17 for winning)\n|l|\u2606vhne\n","uploadtime":1683750665,"views":14,"p1id":"vhne","p2id":"xltwinmattress","formatid":"gen9vgc2023regulationc","rating":1364,"private":0,"password":""}