{"id":"gen9vgc2023regulationc-1851361105","p1":"mythical weavile","p2":"JQIO","format":"[Gen 9] VGC 2023 Regulation C","log":"|j|\u2606mythical weavile\n|j|\u2606JQIO\n|t:|1682438899\n|gametype|doubles\n|player|p1|mythical weavile|169|1356\n|player|p2|JQIO|caitlin|1297\n|teamsize|p1|6\n|teamsize|p2|6\n|gen|9\n|tier|[Gen 9] VGC 2023 Regulation C\n|rated|\n|rule|Species Clause: Limit one of each Pok\u00e9mon\n|rule|Item Clause: Limit one of each item\n|clearpoke\n|poke|p1|Dondozo, L50, M|\n|poke|p1|Tatsugiri, L50, M|\n|poke|p1|Flutter Mane, L50|\n|poke|p1|Glimmora, L50, F|\n|poke|p1|Chi-Yu, L50|\n|poke|p1|Iron Bundle, L50|\n|poke|p2|Palafin, L50, F|\n|poke|p2|Chien-Pao, L50|\n|poke|p2|Dragapult, L50, F|\n|poke|p2|Amoonguss, L50, M|\n|poke|p2|Arcanine, L50, M|\n|poke|p2|Flutter Mane, L50|\n|teampreview|4\n|inactive|Battle timer is ON: inactive players will automatically lose when time's up. (requested by mythical weavile)\n|\n|t:|1682438927\n|start\n|switch|p1a: Chi-Yu|Chi-Yu, L50|100\/100\n|switch|p1b: Iron Bundle|Iron Bundle, L50|100\/100\n|switch|p2a: Dozo|Palafin, L50, F|100\/100\n|switch|p2b: Bundle|Chien-Pao, L50|100\/100\n|-ability|p2b: Bundle|Sword of Ruin\n|-ability|p1a: Chi-Yu|Beads of Ruin\n|-enditem|p1b: Iron Bundle|Booster Energy\n|-activate|p1b: Iron Bundle|ability: Quark Drive|[fromitem]\n|-start|p1b: Iron Bundle|quarkdrivespe\n|turn|1\n|\n|t:|1682438951\n|move|p2b: Bundle|Protect|p2b: Bundle\n|-singleturn|p2b: Bundle|Protect\n|move|p1a: Chi-Yu|Protect|p1a: Chi-Yu\n|-singleturn|p1a: Chi-Yu|Protect\n|move|p2a: Dozo|Protect|p2a: Dozo\n|-singleturn|p2a: Dozo|Protect\n|move|p1b: Iron Bundle|Freeze-Dry|p2a: Dozo\n|-activate|p2a: Dozo|move: Protect\n|\n|upkeep\n|turn|2\n|inactive|JQIO has 30 seconds left.\n|\n|t:|1682438982\n|detailschange|p2a: Dozo|Palafin-Hero, L50, F\n|switch|p2a: ChiYu|Arcanine, L50, M|100\/100\n|-ability|p2a: ChiYu|Intimidate|boost\n|-unboost|p1a: Chi-Yu|atk|1\n|-unboost|p1b: Iron Bundle|atk|1\n|-terastallize|p2b: Bundle|Ghost\n|move|p1b: Iron Bundle|Icy Wind|p2b: Bundle|[spread] p2a,p2b\n|-resisted|p2a: ChiYu\n|-damage|p2a: ChiYu|86\/100\n|-damage|p2b: Bundle|56\/100\n|-unboost|p2a: ChiYu|spe|1\n|-unboost|p2b: Bundle|spe|1\n|move|p1a: Chi-Yu|Heat Wave|p2a: ChiYu|[spread] p2a,p2b\n|-resisted|p2a: ChiYu\n|-damage|p2a: ChiYu|60\/100\n|-damage|p2b: Bundle|0 fnt\n|faint|p2b: Bundle\n|\n|upkeep\n|\n|t:|1682438997\n|switch|p2b: Dozo|Palafin-Hero, L50, F|100\/100\n|-activate|p2b: Dozo|ability: Zero to Hero\n|turn|3\n|\n|t:|1682439012\n|move|p1a: Chi-Yu|Protect|p1a: Chi-Yu\n|-singleturn|p1a: Chi-Yu|Protect\n|move|p2a: ChiYu|Extreme Speed|p1b: Iron Bundle\n|-damage|p1b: Iron Bundle|75\/100\n|move|p2b: Dozo|Jet Punch|p1b: Iron Bundle\n|-resisted|p1b: Iron Bundle\n|-damage|p1b: Iron Bundle|46\/100\n|move|p1b: Iron Bundle|Hydro Pump|p2a: ChiYu\n|-supereffective|p2a: ChiYu\n|-damage|p2a: ChiYu|0 fnt\n|faint|p2a: ChiYu\n|\n|upkeep\n|\n|t:|1682439021\n|switch|p2a: WoChien|Amoonguss, L50, M|100\/100\n|turn|4\n|\n|t:|1682439035\n|move|p2a: WoChien|Protect|p2a: WoChien\n|-singleturn|p2a: WoChien|Protect\n|move|p2b: Dozo|Jet Punch|p1a: Chi-Yu\n|-supereffective|p1a: Chi-Yu\n|-enditem|p1a: Chi-Yu|Focus Sash\n|-damage|p1a: Chi-Yu|1\/100\n|move|p1b: Iron Bundle|Freeze-Dry|p2b: Dozo\n|-supereffective|p2b: Dozo\n|-damage|p2b: Dozo|9\/100\n|-status|p2b: Dozo|frz\n|move|p1a: Chi-Yu|Overheat|p2a: WoChien\n|-activate|p2a: WoChien|move: Protect\n|\n|upkeep\n|turn|5\n|-message|JQIO forfeited.\n|\n|win|mythical weavile\n|raw|mythical weavile's rating: 1356 → 1373<\/strong> (+17 for winning)\n|raw|JQIO's rating: 1297 → 1276<\/strong> (-21 for losing)\n|l|\u2606JQIO\n","uploadtime":1682439055,"views":15,"p1id":"mythicalweavile","p2id":"jqio","formatid":"gen9vgc2023regulationc","rating":1276,"private":0,"password":""}