{"id":"gen9vgc2023regulationc-1845472809","p1":"hancec","p2":"zortom","format":"[Gen 9] VGC 2023 Regulation C","log":"|j|\u2606hancec\n|j|\u2606zortom\n|t:|1681737136\n|gametype|doubles\n|player|p1|hancec|gentleman-gen4dp|1328\n|player|p2|zortom|skyla|1354\n|teamsize|p1|6\n|teamsize|p2|6\n|gen|9\n|tier|[Gen 9] VGC 2023 Regulation C\n|rated|\n|rule|Species Clause: Limit one of each Pok\u00e9mon\n|rule|Item Clause: Limit one of each item\n|clearpoke\n|poke|p1|Murkrow, L50, M|\n|poke|p1|Iron Bundle, L50|\n|poke|p1|Chi-Yu, L50|\n|poke|p1|Gholdengo, L50|\n|poke|p1|Great Tusk, L50|\n|poke|p1|Farigiraf, L50, F|\n|poke|p2|Abomasnow, L50, F|\n|poke|p2|Iron Bundle, L50|\n|poke|p2|Ceruledge, L50, F|\n|poke|p2|Chi-Yu, L50|\n|poke|p2|Ting-Lu, L50|\n|poke|p2|Iron Hands, L50|\n|teampreview|4\nhancec has agreed to open team sheets.\nzortom has agreed to open team sheets.\n|inactive|Battle timer is ON: inactive players will automatically lose when time's up. (requested by zortom)\n|\n|t:|1681737204\n|start\n|switch|p1a: Murkrow|Murkrow, L50, M, shiny|100\/100\n|switch|p1b: Chi-Yu|Chi-Yu, L50|100\/100\n|switch|p2a: Iron Hands|Iron Hands, L50|100\/100\n|switch|p2b: Ting-Lu|Ting-Lu, L50|100\/100\n|-ability|p1b: Chi-Yu|Beads of Ruin\n|-ability|p2b: Ting-Lu|Vessel of Ruin\n|turn|1\n|inactive|zortom has 30 seconds left.\n|inactive|hancec has 30 seconds left.\n|\n|t:|1681737244\n|switch|p2b: Ceruledge|Ceruledge, L50, F|100\/100\n|move|p1b: Chi-Yu|Protect|p1b: Chi-Yu\n|-singleturn|p1b: Chi-Yu|Protect\n|move|p1a: Murkrow|Sunny Day|p1a: Murkrow\n|-weather|SunnyDay\n|move|p2a: Iron Hands|Volt Switch|p1a: Murkrow\n|-supereffective|p1a: Murkrow\n|-damage|p1a: Murkrow|20\/100\n|\n|t:|1681737255\n|-end|p2a: Iron Hands|Quark Drive|[silent]\n|switch|p2a: Ting-Lu|Ting-Lu, L50|100\/100|[from] Volt Switch\n|-ability|p2a: Ting-Lu|Vessel of Ruin\n|\n|-weather|SunnyDay|[upkeep]\n|upkeep\n|turn|2\n|inactive|hancec has 30 seconds left.\n|inactive|zortom has 30 seconds left.\n|\n|t:|1681737290\n|-terastallize|p1b: Chi-Yu|Fire\n|move|p2b: Ceruledge|Protect|p2b: Ceruledge\n|-singleturn|p2b: Ceruledge|Protect\n|move|p1a: Murkrow|Tailwind|p1a: Murkrow\n|-sidestart|p1: hancec|move: Tailwind\n|move|p1b: Chi-Yu|Overheat|p2a: Ting-Lu\n|-damage|p2a: Ting-Lu|1\/100\n|-unboost|p1b: Chi-Yu|spa|2\n|move|p2a: Ting-Lu|Stomping Tantrum|p1b: Chi-Yu\n|-supereffective|p1b: Chi-Yu\n|-damage|p1b: Chi-Yu|29\/100\n|\n|-weather|SunnyDay|[upkeep]\n|-heal|p2a: Ting-Lu|7\/100|[from] item: Leftovers\n|upkeep\n|turn|3\n|\n|t:|1681737310\n|move|p2a: Ting-Lu|Protect|p2a: Ting-Lu\n|-singleturn|p2a: Ting-Lu|Protect\n|move|p1a: Murkrow|Haze|p1a: Murkrow\n|-clearallboost\n|move|p2b: Ceruledge|Shadow Sneak|p1b: Chi-Yu\n|-damage|p1b: Chi-Yu|0 fnt\n|faint|p1b: Chi-Yu\n|-damage|p2b: Ceruledge|91\/100|[from] item: Life Orb\n|\n|-weather|SunnyDay|[upkeep]\n|-heal|p2a: Ting-Lu|13\/100|[from] item: Leftovers\n|upkeep\n|\n|t:|1681737320\n|switch|p1b: Great Tusk|Great Tusk, L50|100\/100\n|-activate|p1b: Great Tusk|ability: Protosynthesis\n|-start|p1b: Great Tusk|protosynthesisatk\n|turn|4\n|j| AcariciamEsta\n|inactive|zortom has 30 seconds left.\n|inactive|zortom has 20 seconds left.\n|\n|t:|1681737360\n|-terastallize|p2b: Ceruledge|Grass\n|move|p1a: Murkrow|Brave Bird|p2b: Ceruledge\n|-supereffective|p2b: Ceruledge\n|-damage|p2b: Ceruledge|0 fnt\n|faint|p2b: Ceruledge\n|-damage|p1a: Murkrow|0 fnt|[from] Recoil\n|faint|p1a: Murkrow\n|move|p1b: Great Tusk|Earthquake|p2a: Ting-Lu\n|-damage|p2a: Ting-Lu|0 fnt\n|faint|p2a: Ting-Lu\n|\n|-weather|SunnyDay|[upkeep]\n|upkeep\n|\n|t:|1681737375\n|switch|p1a: Gholdengo|Gholdengo, L50|100\/100\n|switch|p2b: Iron Bundle|Iron Bundle, L50|100\/100\n|switch|p2a: Iron Hands|Iron Hands, L50|100\/100\n|-enditem|p2b: Iron Bundle|Booster Energy\n|-activate|p2b: Iron Bundle|ability: Quark Drive|[fromitem]\n|-start|p2b: Iron Bundle|quarkdrivespe\n|turn|5\n|inactive|zortom has 30 seconds left.\n|inactive|zortom has 20 seconds left.\n|\n|t:|1681737413\n|move|p1b: Great Tusk|Protect|p1b: Great Tusk\n|-singleturn|p1b: Great Tusk|Protect\n|move|p2a: Iron Hands|Fake Out|p1b: Great Tusk\n|-activate|p1b: Great Tusk|move: Protect\n|move|p2b: Iron Bundle|Freeze-Dry|p1a: Gholdengo\n|-resisted|p1a: Gholdengo\n|-damage|p1a: Gholdengo|78\/100\n|move|p1a: Gholdengo|Thunderbolt|p2b: Iron Bundle\n|-supereffective|p2b: Iron Bundle\n|-damage|p2b: Iron Bundle|0 fnt\n|faint|p2b: Iron Bundle\n|-end|p2b: Iron Bundle|Quark Drive|[silent]\n|\n|-weather|none\n|-end|p1b: Great Tusk|Protosynthesis\n|-sideend|p1: hancec|move: Tailwind\n|upkeep\n|turn|6\n|-message|zortom forfeited.\n|\n|win|hancec\n|raw|hancec's rating: 1328 → 1349<\/strong> (+21 for winning)\n|raw|zortom's rating: 1354 → 1333<\/strong> (-21 for losing)\n|l|\u2606zortom\n","uploadtime":1681737428,"views":27,"p1id":"hancec","p2id":"zortom","formatid":"gen9vgc2023regulationc","rating":1333,"private":0,"password":""}