{"id":"gen9vgc2023regulationc-1856678642","p1":"Dont141","p2":"andre90210","format":"[Gen 9] VGC 2023 Regulation C","log":"|j|\u2606Dont141\n|j|\u2606andre90210\n|t:|1683093037\n|gametype|doubles\n|player|p1|Dont141|misty|1090\n|player|p2|andre90210|lucas|1057\n|teamsize|p1|6\n|teamsize|p2|6\n|gen|9\n|tier|[Gen 9] VGC 2023 Regulation C\n|rated|\n|rule|Species Clause: Limit one of each Pok\u00e9mon\n|rule|Item Clause: Limit one of each item\n|clearpoke\n|poke|p1|Iron Valiant, L50|\n|poke|p1|Scizor, L50, M|\n|poke|p1|Ceruledge, L50, F|\n|poke|p1|Chien-Pao, L50|\n|poke|p1|Gyarados, L50, F|\n|poke|p1|Dragapult, L50, M|\n|poke|p2|Baxcalibur, L50, F|\n|poke|p2|Palafin, L50, F|\n|poke|p2|Arcanine, L50, F|\n|poke|p2|Amoonguss, L50, M|\n|poke|p2|Flutter Mane, L50|\n|poke|p2|Ting-Lu, L50|\n|teampreview|4\n|inactive|Battle timer is ON: inactive players will automatically lose when time's up. (requested by Dont141)\n|inactive|Dont141 has 60 seconds left.\n|\n|t:|1683093077\n|start\n|switch|p1a: Chien-Pao|Chien-Pao, L50|100\/100\n|switch|p1b: Scizor|Scizor, L50, M|100\/100\n|switch|p2a: Palafin|Palafin, L50, F|100\/100\n|switch|p2b: Arcanine|Arcanine, L50, F|100\/100\n|-ability|p1a: Chien-Pao|Sword of Ruin\n|-ability|p2b: Arcanine|Intimidate|boost\n|-fail|p1a: Chien-Pao|unboost|[from] item: Clear Amulet|[of] p1a: Chien-Pao\n|-unboost|p1b: Scizor|atk|1\n|turn|1\n|inactive|andre90210 has 30 seconds left.\n|\n|t:|1683093106\n|detailschange|p2a: Palafin|Palafin-Hero, L50, F\n|switch|p2a: Ting-Lu|Ting-Lu, L50|100\/100\n|-ability|p2a: Ting-Lu|Vessel of Ruin\n|switch|p1b: Ceruledge|Ceruledge, L50, F|100\/100\n|move|p1a: Chien-Pao|Protect|p1a: Chien-Pao\n|-singleturn|p1a: Chien-Pao|Protect\n|move|p2b: Arcanine|Flare Blitz|p1b: Ceruledge\n|-start|p1b: Ceruledge|ability: Flash Fire\n|\n|upkeep\n|turn|2\n|inactive|andre90210 has 30 seconds left.\n|\n|t:|1683093137\n|move|p1a: Chien-Pao|Ice Spinner|p2a: Ting-Lu\n|-supereffective|p2a: Ting-Lu\n|-damage|p2a: Ting-Lu|47\/100\n|move|p2b: Arcanine|Will-O-Wisp|p1a: Chien-Pao\n|-status|p1a: Chien-Pao|brn\n|move|p1b: Ceruledge|Bitter Blade|p2a: Ting-Lu\n|-damage|p2a: Ting-Lu|1\/100\n|move|p2a: Ting-Lu|Fissure|p1a: Chien-Pao\n|-damage|p1a: Chien-Pao|0 fnt\n|faint|p1a: Chien-Pao\n|-ohko\n|\n|upkeep\n|\n|t:|1683093156\n|switch|p1a: Iron Valiant|Iron Valiant, L50|100\/100\n|-enditem|p1a: Iron Valiant|Booster Energy\n|-activate|p1a: Iron Valiant|ability: Quark Drive|[fromitem]\n|-start|p1a: Iron Valiant|quarkdrivespa\n|turn|3\n|\n|t:|1683093176\n|move|p1b: Ceruledge|Shadow Sneak|p2a: Ting-Lu\n|-resisted|p2a: Ting-Lu\n|-damage|p2a: Ting-Lu|0 fnt\n|faint|p2a: Ting-Lu\n|move|p1a: Iron Valiant|Close Combat|p2b: Arcanine\n|-damage|p2b: Arcanine|46\/100\n|-unboost|p1a: Iron Valiant|def|1\n|-unboost|p1a: Iron Valiant|spd|1\n|move|p2b: Arcanine|Flare Blitz|p1a: Iron Valiant\n|-damage|p1a: Iron Valiant|6\/100\n|-damage|p2b: Arcanine|19\/100|[from] Recoil\n|-enditem|p2b: Arcanine|Figy Berry|[eat]\n|-heal|p2b: Arcanine|52\/100|[from] item: Figy Berry\n|\n|upkeep\n|\n|t:|1683093194\n|switch|p2a: Amoonguss|Amoonguss, L50, M|100\/100\n|turn|4\n|\n|t:|1683093201\n|move|p1b: Ceruledge|Quick Guard|p1b: Ceruledge\n|-singleturn|p1b: Ceruledge|Quick Guard\n|move|p1a: Iron Valiant|Psyshock|p2a: Amoonguss\n|-supereffective|p2a: Amoonguss\n|-damage|p2a: Amoonguss|53\/100\n|move|p2b: Arcanine|Snarl|p1b: Ceruledge|[spread] p1a,p1b\n|-resisted|p1a: Iron Valiant\n|-supereffective|p1b: Ceruledge\n|-damage|p1a: Iron Valiant|0 fnt\n|-damage|p1b: Ceruledge|79\/100\n|-unboost|p1b: Ceruledge|spa|1\n|faint|p1a: Iron Valiant\n|-end|p1a: Iron Valiant|Quark Drive|[silent]\n|move|p2a: Amoonguss|Pollen Puff|p2b: Arcanine\n|-heal|p2b: Arcanine|100\/100\n|\n|upkeep\n|\n|t:|1683093209\n|switch|p1a: Scizor|Scizor, L50, M|100\/100\n|turn|5\n|\n|t:|1683093223\n|-terastallize|p1a: Scizor|Water\n|move|p2a: Amoonguss|Protect|p2a: Amoonguss\n|-singleturn|p2a: Amoonguss|Protect\n|move|p2b: Arcanine|Flare Blitz|p1a: Scizor\n|-resisted|p1a: Scizor\n|-crit|p1a: Scizor\n|-damage|p1a: Scizor|65\/100\n|-damage|p2b: Arcanine|89\/100|[from] Recoil\n|move|p1b: Ceruledge|Bitter Blade|p2a: Amoonguss\n|-activate|p2a: Amoonguss|move: Protect\n|move|p1a: Scizor|Swords Dance|p1a: Scizor\n|-boost|p1a: Scizor|atk|2\n|\n|upkeep\n|turn|6\n|\n|t:|1683093248\n|move|p1a: Scizor|Bullet Punch|p2b: Arcanine\n|-resisted|p2b: Arcanine\n|-damage|p2b: Arcanine|58\/100\n|move|p2b: Arcanine|Will-O-Wisp|p1b: Ceruledge\n|-immune|p1b: Ceruledge|[from] ability: Flash Fire\n|move|p1b: Ceruledge|Bitter Blade|p2a: Amoonguss\n|-supereffective|p2a: Amoonguss\n|-damage|p2a: Amoonguss|0 fnt\n|-heal|p1b: Ceruledge|100\/100|[from] drain|[of] p2a: Amoonguss\n|faint|p2a: Amoonguss\n|\n|upkeep\n|\n|t:|1683093261\n|switch|p2a: Palafin|Palafin-Hero, L50, F|100\/100\n|-activate|p2a: Palafin|ability: Zero to Hero\n|turn|7\n|inactive|andre90210 has 30 seconds left.\n|\n|t:|1683093287\n|-terastallize|p2b: Arcanine|Grass\n|move|p1b: Ceruledge|Shadow Sneak|p2a: Palafin\n|-damage|p2a: Palafin|84\/100\n|move|p2a: Palafin|Jet Punch|p1b: Ceruledge\n|-supereffective|p1b: Ceruledge\n|-enditem|p1b: Ceruledge|Focus Sash\n|-damage|p1b: Ceruledge|1\/100\n|move|p2b: Arcanine|Flare Blitz|p1b: Ceruledge\n|-immune|p1b: Ceruledge|[from] ability: Flash Fire\n|move|p1a: Scizor|Pounce|p2a: Palafin\n|-damage|p2a: Palafin|1\/100\n|-unboost|p2a: Palafin|spe|1\n|\n|upkeep\n|turn|8\n|inactive|Dont141 has 30 seconds left.\n|\n|t:|1683093313\n|move|p1b: Ceruledge|Shadow Sneak|p2a: Palafin\n|-damage|p2a: Palafin|0 fnt\n|faint|p2a: Palafin\n|move|p2b: Arcanine|Flare Blitz|p1a: Scizor\n|-resisted|p1a: Scizor\n|-damage|p1a: Scizor|40\/100\n|-damage|p2b: Arcanine|49\/100|[from] Recoil\n|move|p1a: Scizor|Pounce|p2b: Arcanine\n|-supereffective|p2b: Arcanine\n|-damage|p2b: Arcanine|0 fnt\n|faint|p2b: Arcanine\n|\n|win|Dont141\n|raw|Dont141's rating: 1090 → 1114<\/strong> (+24 for winning)\n|raw|andre90210's rating: 1057 → 1040<\/strong> (-17 for losing)\n|c|\u2606Dont141|gg\n","uploadtime":1683093336,"views":7,"p1id":"dont141","p2id":"andre90210","formatid":"gen9vgc2023regulationc","rating":1040,"private":0,"password":""}