{"id":"gen9vgc2023regulationc-1861532926","p1":"thrillcorner","p2":"Mystic_Spearit","format":"[Gen 9] VGC 2023 Regulation C","log":"|j|\u2606thrillcorner\n|j|\u2606Mystic_Spearit\n|t:|1683769692\n|gametype|doubles\n|player|p1|thrillcorner|red-masters2|1370\n|player|p2|Mystic_Spearit|hilbert|1306\n|teamsize|p1|6\n|teamsize|p2|6\n|gen|9\n|tier|[Gen 9] VGC 2023 Regulation C\n|rated|\n|rule|Species Clause: Limit one of each Pok\u00e9mon\n|rule|Item Clause: Limit one of each item\n|clearpoke\n|poke|p1|Arcanine, L50, F|\n|poke|p1|Amoonguss, L50, F|\n|poke|p1|Flutter Mane, L50|\n|poke|p1|Chi-Yu, L50|\n|poke|p1|Iron Bundle, L50|\n|poke|p1|Palafin, L50, M|\n|poke|p2|Ceruledge, L50, M|\n|poke|p2|Garchomp, L50, M|\n|poke|p2|Salazzle, L50, F|\n|poke|p2|Flutter Mane, L50|\n|poke|p2|Talonflame, L50, M|\n|poke|p2|Gyarados, L50, M|\n|teampreview|4\nthrillcorner has agreed to open team sheets.\nMystic_Spearit has agreed to open team sheets.\n|inactive|Battle timer is ON: inactive players will automatically lose when time's up. (requested by Mystic_Spearit)\n|inactive|thrillcorner has 60 seconds left.\n|inactive|Mystic_Spearit has 60 seconds left.\n|inactive|thrillcorner has 30 seconds left.\n|\n|t:|1683769766\n|start\n|switch|p1a: Palafin|Palafin, L50, M|100\/100\n|switch|p1b: Arcanine|Arcanine, L50, F|100\/100\n|switch|p2a: Talonflame|Talonflame, L50, M|100\/100\n|switch|p2b: Garchomp|Garchomp, L50, M|100\/100\n|-ability|p1b: Arcanine|Intimidate|boost\n|-unboost|p2a: Talonflame|atk|1\n|-fail|p2b: Garchomp|unboost|[from] item: Clear Amulet|[of] p2b: Garchomp\n|turn|1\n|inactive|thrillcorner has 30 seconds left.\n|inactive|thrillcorner has 20 seconds left.\n|inactive|thrillcorner has 15 seconds left.\n|\n|t:|1683769808\n|-terastallize|p1b: Arcanine|Grass\n|move|p1a: Palafin|Jet Punch|p2a: Talonflame\n|-supereffective|p2a: Talonflame\n|-damage|p2a: Talonflame|25\/100\n|move|p2a: Talonflame|Will-O-Wisp|p1a: Palafin\n|-status|p1a: Palafin|brn\n|move|p2b: Garchomp|Earthquake|p1b: Arcanine|[spread] p1a,p1b\n|-immune|p2a: Talonflame\n|-resisted|p1b: Arcanine\n|-damage|p1a: Palafin|55\/100 brn\n|-damage|p1b: Arcanine|79\/100\n|move|p1b: Arcanine|Will-O-Wisp|p2b: Garchomp\n|-status|p2b: Garchomp|brn\n|\n|-damage|p2b: Garchomp|95\/100 brn|[from] brn\n|-damage|p1a: Palafin|50\/100 brn|[from] brn\n|upkeep\n|turn|2\n|inactive|thrillcorner has 30 seconds left.\n|inactive|Mystic_Spearit has 30 seconds left.\n|inactive|Mystic_Spearit has 20 seconds left.\n|\n|t:|1683769844\n|move|p1b: Arcanine|Extreme Speed|p2a: Talonflame\n|-damage|p2a: Talonflame|0 fnt\n|faint|p2a: Talonflame\n|move|p1a: Palafin|Jet Punch|p2b: Garchomp\n|-damage|p2b: Garchomp|81\/100 brn\n|-damage|p1a: Palafin|37\/100 brn|[from] ability: Rough Skin|[of] p2b: Garchomp\n|move|p2b: Garchomp|Earthquake|p1a: Palafin|[spread] p1a,p1b\n|-resisted|p1b: Arcanine\n|-damage|p1a: Palafin|16\/100 brn\n|-damage|p1b: Arcanine|68\/100\n|\n|-damage|p2b: Garchomp|75\/100 brn|[from] brn\n|-damage|p1a: Palafin|10\/100 brn|[from] brn\n|upkeep\n|\n|t:|1683769857\n|switch|p2a: Flutter Mane|Flutter Mane, L50|100\/100\n|turn|3\n|\n|t:|1683769873\n|move|p1b: Arcanine|Protect|p1b: Arcanine\n|-singleturn|p1b: Arcanine|Protect\n|move|p1a: Palafin|Jet Punch|p2a: Flutter Mane\n|-damage|p2a: Flutter Mane|78\/100\n|move|p2a: Flutter Mane|Substitute|p2a: Flutter Mane\n|-start|p2a: Flutter Mane|Substitute\n|-damage|p2a: Flutter Mane|54\/100\n|move|p2b: Garchomp|Dragon Claw|p1a: Palafin\n|-damage|p1a: Palafin|0 fnt\n|faint|p1a: Palafin\n|\n|-heal|p2a: Flutter Mane|60\/100|[from] item: Leftovers\n|-damage|p2b: Garchomp|70\/100 brn|[from] brn\n|upkeep\n|\n|t:|1683769886\n|switch|p1a: Iron Bundle|Iron Bundle, L50|100\/100\n|-enditem|p1a: Iron Bundle|Booster Energy\n|-activate|p1a: Iron Bundle|ability: Quark Drive|[fromitem]\n|-start|p1a: Iron Bundle|quarkdrivespe\n|turn|4\n|\n|t:|1683769904\n|move|p2a: Flutter Mane|Protect|p2a: Flutter Mane\n|-singleturn|p2a: Flutter Mane|Protect\n|move|p1a: Iron Bundle|Icy Wind|p2b: Garchomp|[spread] p2b\n|-activate|p2a: Flutter Mane|move: Protect\n|-supereffective|p2b: Garchomp\n|-damage|p2b: Garchomp|0 fnt\n|faint|p2b: Garchomp\n|move|p1b: Arcanine|Flare Blitz|p2a: Flutter Mane\n|-activate|p2a: Flutter Mane|move: Protect\n|\n|-heal|p2a: Flutter Mane|66\/100|[from] item: Leftovers\n|upkeep\n|\n|t:|1683769915\n|switch|p2b: Ceruledge|Ceruledge, L50, M|100\/100\n|turn|5\n|\n|t:|1683769927\n|switch|p1b: Flutter Mane|Flutter Mane, L50|100\/100\n|-terastallize|p2b: Ceruledge|Grass\n|move|p1a: Iron Bundle|Icy Wind|p2a: Flutter Mane|[spread] p2a,p2b\n|-activate|p2a: Flutter Mane|move: Substitute|[damage]\n|-supereffective|p2b: Ceruledge\n|-crit|p2b: Ceruledge\n|-damage|p2b: Ceruledge|56\/100\n|-unboost|p2b: Ceruledge|spe|1\n|move|p2a: Flutter Mane|Moonblast|p1a: Iron Bundle\n|-damage|p1a: Iron Bundle|17\/100\n|move|p2b: Ceruledge|Bitter Blade|p1b: Flutter Mane\n|-damage|p1b: Flutter Mane|21\/100\n|-heal|p2b: Ceruledge|88\/100|[from] drain|[of] p1b: Flutter Mane\n|\n|-heal|p2a: Flutter Mane|72\/100|[from] item: Leftovers\n|upkeep\n|turn|6\n|inactive|Mystic_Spearit has 30 seconds left.\n|\n|t:|1683769954\n|-end|p1b: Flutter Mane|Protosynthesis|[silent]\n|switch|p1b: Arcanine|Arcanine, L50, F, tera:Grass|68\/100\n|-ability|p1b: Arcanine|Intimidate|boost\n|-immune|p2a: Flutter Mane\n|-unboost|p2b: Ceruledge|atk|1\n|move|p2b: Ceruledge|Shadow Sneak|p1b: Arcanine\n|-damage|p1b: Arcanine|53\/100\n|move|p1a: Iron Bundle|Freeze-Dry|p2b: Ceruledge\n|-supereffective|p2b: Ceruledge\n|-damage|p2b: Ceruledge|40\/100\n|move|p2a: Flutter Mane|Moonblast|p1a: Iron Bundle\n|-damage|p1a: Iron Bundle|0 fnt\n|faint|p1a: Iron Bundle\n|-end|p1a: Iron Bundle|Quark Drive|[silent]\n|\n|-heal|p2a: Flutter Mane|78\/100|[from] item: Leftovers\n|upkeep\n|\n|t:|1683769968\n|switch|p1a: Flutter Mane|Flutter Mane, L50|21\/100\n|turn|7\n|\n|t:|1683769978\n|move|p1b: Arcanine|Extreme Speed|p2b: Ceruledge\n|-damage|p2b: Ceruledge|13\/100\n|move|p2b: Ceruledge|Shadow Sneak|p1a: Flutter Mane\n|-supereffective|p1a: Flutter Mane\n|-damage|p1a: Flutter Mane|0 fnt\n|faint|p1a: Flutter Mane\n|-end|p1a: Flutter Mane|Protosynthesis|[silent]\n|move|p2a: Flutter Mane|Shadow Ball|p1b: Arcanine\n|-damage|p1b: Arcanine|10\/100\n|\n|-heal|p2a: Flutter Mane|84\/100|[from] item: Leftovers\n|upkeep\n|turn|8\n|c|\u2606thrillcorner|gg\n|-message|thrillcorner forfeited.\n|\n|win|Mystic_Spearit\n|raw|thrillcorner's rating: 1370 → 1346<\/strong> (-24 for losing)\n|raw|Mystic_Spearit's rating: 1306 → 1330<\/strong> (+24 for winning)\n","uploadtime":1683769992,"views":119,"p1id":"thrillcorner","p2id":"mysticspearit","formatid":"gen9vgc2023regulationc","rating":1330,"private":0,"password":""}