{"id":"gen9vgc2023regulationc-1859048681","p1":"KnickNom","p2":"Lugiabirb","format":"[Gen 9] VGC 2023 Regulation C","log":"|j|\u2606KnickNom\n|j|\u2606Lugiabirb\n|t:|1683398423\n|gametype|doubles\n|player|p1|KnickNom|leon|\n|player|p2|Lugiabirb|leon|\n|teamsize|p1|6\n|teamsize|p2|6\n|gen|9\n|tier|[Gen 9] VGC 2023 Regulation C\n|rule|Species Clause: Limit one of each Pok\u00e9mon\n|rule|Item Clause: Limit one of each item\n|clearpoke\n|poke|p1|Iron Treads, L50|\n|poke|p1|Pincurchin, L50, M|\n|poke|p1|Indeedee-F, L50, F|\n|poke|p1|Iron Valiant, L50|\n|poke|p1|Iron Thorns, L50|\n|poke|p1|Ting-Lu, L50|\n|poke|p2|Garchomp, L50, F|\n|poke|p2|Tyranitar, L50, M|\n|poke|p2|Houndstone, L50, F|\n|poke|p2|Zoroark, L50, M|\n|poke|p2|Palafin, L50, M|\n|poke|p2|Amoonguss, L50, F|\n|teampreview|4\n|c|\u2606KnickNom|HOUNDSTONE\n|c|\u2606Lugiabirb|g1\n|j| mom lover\n|j| jeff lmao\n|j| spazime\n|j| Bibleman9\n|c| Bibleman9|Here to return the support\n|l| spazime\n|j| spaceyL1\n|c|\u2606KnickNom|rdy whenevr\n|\n|t:|1683398596\n|start\n|switch|p1a: Pincurchin|Pincurchin, L50, M|100\/100\n|switch|p1b: Iron Valiant|Iron Valiant, L50|100\/100\n|switch|p2a: Garchomp|Garchomp, L50, F|100\/100\n|switch|p2b: Palafin|Palafin, L50, M|100\/100\n|-fieldstart|move: Electric Terrain|[from] ability: Electric Surge|[of] p1a: Pincurchin\n|-activate|p1b: Iron Valiant|ability: Quark Drive\n|-start|p1b: Iron Valiant|quarkdrivespe\n|-enditem|p1a: Pincurchin|Electric Seed\n|-boost|p1a: Pincurchin|def|1|[from] item: Electric Seed\n|turn|1\n|inactive|Battle timer is ON: inactive players will automatically lose when time's up. (requested by KnickNom)\n|inactive|Lugiabirb has 60 seconds left.\n|inactive|KnickNom has 60 seconds left.\n|\n|t:|1683398641\n|detailschange|p2b: Palafin|Palafin-Hero, L50, M\n|switch|p2b: Houndstone|Houndstone, L50, F|100\/100\n|-terastallize|p1b: Iron Valiant|Fairy\n|move|p2a: Garchomp|Protect|p2a: Garchomp\n|-singleturn|p2a: Garchomp|Protect\n|move|p1b: Iron Valiant|Dazzling Gleam|p2a: Garchomp|[spread] p2b\n|-activate|p2a: Garchomp|move: Protect\n|-damage|p2b: Houndstone|51\/100\n|-damage|p1b: Iron Valiant|91\/100|[from] item: Life Orb\n|move|p1a: Pincurchin|Thunder Wave|p2a: Garchomp\n|-activate|p2a: Garchomp|move: Protect\n|\n|upkeep\n|turn|2\n|inactive|Lugiabirb has 30 seconds left.\n|inactive|Lugiabirb has 20 seconds left.\n|inactive|Lugiabirb has 15 seconds left.\n|inactive|Lugiabirb has 10 seconds left.\n|\n|t:|1683398690\n|switch|p2a: Tyranitar|Tyranitar, L50, M|100\/100\n|-weather|Sandstorm|[from] ability: Sand Stream|[of] p2a: Tyranitar\n|move|p1a: Pincurchin|Sucker Punch||[still]\n|-fail|p1a: Pincurchin\n|move|p1b: Iron Valiant|Dazzling Gleam|p2b: Houndstone|[spread] p2a,p2b\n|-supereffective|p2a: Tyranitar\n|-damage|p2a: Tyranitar|54\/100\n|-damage|p2b: Houndstone|0 fnt\n|faint|p2b: Houndstone\n|-damage|p1b: Iron Valiant|82\/100|[from] item: Life Orb\n|\n|-weather|Sandstorm|[upkeep]\n|-damage|p1b: Iron Valiant|76\/100|[from] Sandstorm\n|-damage|p1a: Pincurchin|95\/100|[from] Sandstorm\n|upkeep\n|\n|t:|1683398704\n|switch|p2b: Palafin|Palafin-Hero, L50, M|100\/100\n|-activate|p2b: Palafin|ability: Zero to Hero\n|turn|3\n|inactive|Lugiabirb has 30 seconds left.\n|inactive|KnickNom has 30 seconds left.\n|inactive|Lugiabirb has 20 seconds left.\n|\n|t:|1683398742\n|-terastallize|p2a: Tyranitar|Flying\n|move|p1b: Iron Valiant|Protect|p1b: Iron Valiant\n|-singleturn|p1b: Iron Valiant|Protect\n|move|p2b: Palafin|Protect|p2b: Palafin\n|-singleturn|p2b: Palafin|Protect\n|move|p2a: Tyranitar|Rock Slide|p1a: Pincurchin|[spread] p1a\n|-activate|p1b: Iron Valiant|move: Protect\n|-crit|p1a: Pincurchin\n|-damage|p1a: Pincurchin|55\/100\n|cant|p1a: Pincurchin|flinch\n|\n|-weather|Sandstorm|[upkeep]\n|-damage|p1b: Iron Valiant|70\/100|[from] Sandstorm\n|-damage|p2b: Palafin|95\/100|[from] Sandstorm\n|-damage|p2a: Tyranitar|49\/100|[from] Sandstorm\n|-damage|p1a: Pincurchin|50\/100|[from] Sandstorm\n|upkeep\n|turn|4\n|inactive|Lugiabirb has 30 seconds left.\n|inactive|Lugiabirb has 20 seconds left.\n|inactive|Lugiabirb has 15 seconds left.\n|inactive|Lugiabirb has 10 seconds left.\n|\n|t:|1683398788\n|-end|p1b: Iron Valiant|Quark Drive|[silent]\n|switch|p1b: Iron Treads|Iron Treads, L50|100\/100\n|-activate|p1b: Iron Treads|ability: Quark Drive\n|-start|p1b: Iron Treads|quarkdrivespe\n|move|p2b: Palafin|Jet Punch|p1a: Pincurchin\n|-damage|p1a: Pincurchin|22\/100\n|move|p2a: Tyranitar|Rock Slide|p1b: Iron Treads|[spread] p1a\n|-miss|p2a: Tyranitar|p1b: Iron Treads\n|-damage|p1a: Pincurchin|4\/100\n|move|p1a: Pincurchin|Discharge|p2b: Palafin|[spread] p2a,p2b\n|-immune|p1b: Iron Treads\n|-supereffective|p2a: Tyranitar\n|-supereffective|p2b: Palafin\n|-damage|p2a: Tyranitar|19\/100\n|-damage|p2b: Palafin|53\/100\n|-status|p2a: Tyranitar|par\n|\n|-weather|Sandstorm|[upkeep]\n|-damage|p2b: Palafin|47\/100|[from] Sandstorm\n|-damage|p2a: Tyranitar|14\/100 par|[from] Sandstorm\n|-damage|p1a: Pincurchin|0 fnt|[from] Sandstorm\n|faint|p1a: Pincurchin\n|upkeep\n|\n|t:|1683398808\n|switch|p1a: Ting-Lu|Ting-Lu, L50|100\/100\n|-ability|p1a: Ting-Lu|Vessel of Ruin\n|turn|5\n|inactive|Lugiabirb has 30 seconds left.\n|\n|t:|1683398837\n|switch|p2a: Garchomp|Garchomp, L50, F|100\/100\n|move|p1b: Iron Treads|Rock Slide|p2a: Garchomp|[spread] p2a,p2b\n|-resisted|p2a: Garchomp\n|-damage|p2a: Garchomp|92\/100\n|-damage|p2b: Palafin|30\/100\n|cant|p2b: Palafin|flinch\n|move|p1a: Ting-Lu|Stomping Tantrum|p2b: Palafin\n|-damage|p2b: Palafin|0 fnt\n|faint|p2b: Palafin\n|\n|-weather|Sandstorm|[upkeep]\n|-fieldend|move: Electric Terrain\n|-end|p1b: Iron Treads|Quark Drive\n|upkeep\n|\n|t:|1683398846\n|switch|p2b: Tyranitar|Tyranitar, L50, M, tera:Flying|14\/100 par\n|turn|6\n|c|\u2606KnickNom|bro\n|inactive|KnickNom has 30 seconds left.\n|\n|t:|1683398876\n|move|p2a: Garchomp|Earthquake|p1b: Iron Treads|[spread] p1a,p1b\n|-immune|p2b: Tyranitar\n|-supereffective|p1b: Iron Treads\n|-damage|p1a: Ting-Lu|76\/100\n|-damage|p1b: Iron Treads|27\/100\n|move|p1b: Iron Treads|Rock Slide|p2b: Tyranitar|[spread] p2a,p2b\n|-resisted|p2a: Garchomp\n|-supereffective|p2b: Tyranitar\n|-damage|p2a: Garchomp|84\/100\n|-damage|p2b: Tyranitar|0 fnt\n|faint|p2b: Tyranitar\n|move|p1a: Ting-Lu|Throat Chop|p2a: Garchomp|[miss]\n|-miss|p1a: Ting-Lu|p2a: Garchomp\n|\n|-weather|none\n|upkeep\n|turn|7\n|\n|t:|1683398894\n|move|p2a: Garchomp|Earthquake|p1b: Iron Treads|[spread] p1a,p1b\n|-supereffective|p1b: Iron Treads\n|-damage|p1a: Ting-Lu|53\/100\n|-damage|p1b: Iron Treads|0 fnt\n|faint|p1b: Iron Treads\n|-end|p1b: Iron Treads|Quark Drive|[silent]\n|move|p1a: Ting-Lu|Throat Chop|p2a: Garchomp\n|-damage|p2a: Garchomp|46\/100\n|-start|p2a: Garchomp|Throat Chop|[silent]\n|\n|upkeep\n|\n|t:|1683398897\n|switch|p1b: Iron Valiant|Iron Valiant, L50, tera:Fairy|70\/100\n|turn|8\n|\n|t:|1683398908\n|move|p1b: Iron Valiant|Dazzling Gleam|p2a: Garchomp\n|-supereffective|p2a: Garchomp\n|-damage|p2a: Garchomp|0 fnt\n|faint|p2a: Garchomp\n|-damage|p1b: Iron Valiant|60\/100|[from] item: Life Orb\n|\n|win|KnickNom\n|l| Bibleman9\n|c|\u2606KnickNom|https:\/\/play.pokemonshowdown.com\/battle-gen9vgc2023regulationc-1859048902\n|l| mom lover\n|j| Akari Disapproves\n|l| Akari Disapproves\n","uploadtime":1683399329,"views":23,"p1id":"knicknom","p2id":"lugiabirb","formatid":"gen9vgc2023regulationc","rating":0,"private":0,"password":""}