{"id":"gen9vgc2023regulationc-1854908852","p1":"haha you rage quit","p2":"JustinBlaise","format":"[Gen 9] VGC 2023 Regulation C","log":"|j|\u2606haha you rage quit\n|j|\u2606JustinBlaise\n|t:|1682879626\n|gametype|doubles\n|player|p1|haha you rage quit|pokemaniac|1239\n|player|p2|JustinBlaise|blue|1264\n|teamsize|p1|6\n|teamsize|p2|6\n|gen|9\n|tier|[Gen 9] VGC 2023 Regulation C\n|rated|\n|rule|Species Clause: Limit one of each Pok\u00e9mon\n|rule|Item Clause: Limit one of each item\n|clearpoke\n|poke|p1|Pelipper, L50, M|\n|poke|p1|Indeedee-F, L50, F|\n|poke|p1|Armarouge, L50, M|\n|poke|p1|Gastrodon, L50, M|\n|poke|p1|Hatterene, L50, F|\n|poke|p1|Kingambit, L50, M|\n|poke|p2|Dondozo, L50, M|\n|poke|p2|Tatsugiri-Droopy, L50, M|\n|poke|p2|Pelipper, L50, M|\n|poke|p2|Drednaw, L50, F|\n|poke|p2|Dragonite, L50, F|\n|poke|p2|Chien-Pao, L50|\n|teampreview|4\n|inactive|Battle timer is ON: inactive players will automatically lose when time's up. (requested by JustinBlaise)\n|inactive|haha you rage quit has 60 seconds left.\n|inactive|haha you rage quit has 30 seconds left.\n|\n|t:|1682879757\n|start\n|switch|p1a: Indeedee|Indeedee-F, L50, F, shiny|100\/100\n|switch|p1b: Armarouge|Armarouge, L50, M|100\/100\n|switch|p2a: Pelipper|Pelipper, L50, M|100\/100\n|switch|p2b: Drednaw|Drednaw, L50, F|100\/100\n|-weather|RainDance|[from] ability: Drizzle|[of] p2a: Pelipper\n|-fieldstart|move: Psychic Terrain|[from] ability: Psychic Surge|[of] p1a: Indeedee\n|-enditem|p1a: Indeedee|Psychic Seed\n|-boost|p1a: Indeedee|spd|1|[from] item: Psychic Seed\n|turn|1\n|inactive|haha you rage quit has 30 seconds left.\n|inactive|haha you rage quit has 20 seconds left.\n|\n|t:|1682879795\n|-terastallize|p1b: Armarouge|Grass\n|move|p1b: Armarouge|Wide Guard|p1b: Armarouge\n|-singleturn|p1b: Armarouge|Wide Guard\n|move|p2b: Drednaw|Rock Slide|p1b: Armarouge|[spread] \n|-activate|p1a: Indeedee|move: Wide Guard\n|-activate|p1b: Armarouge|move: Wide Guard\n|move|p2a: Pelipper|Hurricane|p1b: Armarouge\n|-supereffective|p1b: Armarouge\n|-damage|p1b: Armarouge|0 fnt\n|faint|p1b: Armarouge\n|move|p1a: Indeedee|Trick Room|p1a: Indeedee\n|-fieldstart|move: Trick Room|[of] p1a: Indeedee\n|\n|-weather|RainDance|[upkeep]\n|upkeep\n|inactive|haha you rage quit has 30 seconds left.\n|\n|t:|1682879824\n|switch|p1b: Hatterene|Hatterene, L50, F|100\/100\n|turn|2\n|inactive|JustinBlaise has 30 seconds left.\n|inactive|JustinBlaise has 20 seconds left.\n|inactive|JustinBlaise has 15 seconds left.\n|\n|t:|1682879867\n|move|p1a: Indeedee|Helping Hand|p1b: Hatterene\n|-singleturn|p1b: Hatterene|Helping Hand|[of] p1a: Indeedee\n|move|p1b: Hatterene|Dazzling Gleam|p2a: Pelipper|[spread] p2a,p2b\n|-crit|p2b: Drednaw\n|-damage|p2a: Pelipper|0 fnt\n|-damage|p2b: Drednaw|0 fnt\n|faint|p2a: Pelipper\n|faint|p2b: Drednaw\n|-damage|p1b: Hatterene|91\/100|[from] item: Life Orb\n|\n|-weather|RainDance|[upkeep]\n|upkeep\n|\n|t:|1682879880\n|switch|p2a: Dragonite|Dragonite, L50, F|100\/100\n|switch|p2b: Chien-Pao|Chien-Pao, L50|100\/100\n|-ability|p2b: Chien-Pao|Sword of Ruin\n|turn|3\n|\n|t:|1682879903\n|move|p1b: Hatterene|Protect|p1b: Hatterene\n|-singleturn|p1b: Hatterene|Protect\n|move|p2a: Dragonite|Protect|p2a: Dragonite\n|-singleturn|p2a: Dragonite|Protect\n|move|p2b: Chien-Pao|Protect|p2b: Chien-Pao\n|-singleturn|p2b: Chien-Pao|Protect\n|move|p1a: Indeedee|Dazzling Gleam|p2a: Dragonite|[spread] \n|-activate|p2a: Dragonite|move: Protect\n|-activate|p2b: Chien-Pao|move: Protect\n|\n|-weather|RainDance|[upkeep]\n|upkeep\n|turn|4\n|inactive|haha you rage quit has 30 seconds left.\n|inactive|JustinBlaise has 30 seconds left.\n|inactive|JustinBlaise has 20 seconds left.\n|inactive|JustinBlaise has 15 seconds left.\n|\n|t:|1682879945\n|-terastallize|p2a: Dragonite|Normal\n|move|p1b: Hatterene|Dazzling Gleam|p2b: Chien-Pao|[spread] p2a,p2b\n|-supereffective|p2b: Chien-Pao\n|-damage|p2a: Dragonite|60\/100\n|-enditem|p2b: Chien-Pao|Focus Sash\n|-damage|p2b: Chien-Pao|1\/100\n|-damage|p1b: Hatterene|81\/100|[from] item: Life Orb\n|move|p1a: Indeedee|Dazzling Gleam|p2b: Chien-Pao|[spread] p2a,p2b\n|-supereffective|p2b: Chien-Pao\n|-damage|p2a: Dragonite|49\/100\n|-damage|p2b: Chien-Pao|0 fnt\n|faint|p2b: Chien-Pao\n|move|p2a: Dragonite|Ice Spinner|p1b: Hatterene\n|-damage|p1b: Hatterene|49\/100\n|-fieldend|move: Psychic Terrain\n|\n|-weather|RainDance|[upkeep]\n|upkeep\n|turn|5\n|\n|t:|1682879957\n|move|p1a: Indeedee|Helping Hand|p1b: Hatterene\n|-singleturn|p1b: Hatterene|Helping Hand|[of] p1a: Indeedee\n|move|p2a: Dragonite|Protect|p2a: Dragonite\n|-singleturn|p2a: Dragonite|Protect\n|move|p1b: Hatterene|Psychic|p2a: Dragonite\n|-activate|p2a: Dragonite|move: Protect\n|\n|-weather|RainDance|[upkeep]\n|-fieldend|move: Trick Room\n|upkeep\n|turn|6\n|\n|t:|1682879977\n|move|p2a: Dragonite|Extreme Speed|p1b: Hatterene\n|-crit|p1b: Hatterene\n|-damage|p1b: Hatterene|0 fnt\n|faint|p1b: Hatterene\n|move|p1a: Indeedee|Follow Me|p1a: Indeedee\n|-singleturn|p1a: Indeedee|move: Follow Me\n|\n|-weather|RainDance|[upkeep]\n|upkeep\n|\n|t:|1682879981\n|switch|p1b: Gastrodon|Gastrodon, L50, M|100\/100\n|turn|7\n|\n|t:|1682879993\n|move|p2a: Dragonite|Extreme Speed|p1a: Indeedee\n|-damage|p1a: Indeedee|45\/100\n|move|p1a: Indeedee|Dazzling Gleam|p2a: Dragonite\n|-damage|p2a: Dragonite|33\/100\n|move|p1b: Gastrodon|Muddy Water|p2a: Dragonite\n|-damage|p2a: Dragonite|0 fnt\n|faint|p2a: Dragonite\n|\n|win|haha you rage quit\n|raw|haha you rage quit's rating: 1239 → 1266<\/strong> (+27 for winning)\n|raw|JustinBlaise's rating: 1264 → 1237<\/strong> (-27 for losing)\n|l|\u2606JustinBlaise\n","uploadtime":1682880006,"views":4,"p1id":"hahayouragequit","p2id":"justinblaise","formatid":"gen9vgc2023regulationc","rating":1237,"private":0,"password":""}