{"id":"gen9vgc2023regulationc-1860161889","p1":"GamerShawty03","p2":"astraysz","format":"[Gen 9] VGC 2023 Regulation C","log":"|j|\u2606GamerShawty03\n|j|\u2606astraysz\n|t:|1683602983\n|gametype|doubles\n|player|p1|GamerShawty03|170|1219\n|player|p2|astraysz|266|1167\n|teamsize|p1|6\n|teamsize|p2|6\n|gen|9\n|tier|[Gen 9] VGC 2023 Regulation C\n|rated|\n|rule|Species Clause: Limit one of each Pok\u00e9mon\n|rule|Item Clause: Limit one of each item\n|clearpoke\n|poke|p1|Ting-Lu, L50|\n|poke|p1|Flutter Mane, L50|\n|poke|p1|Amoonguss, L50, F|\n|poke|p1|Arcanine, L50, M|\n|poke|p1|Dragonite, L50, M|\n|poke|p1|Bronzong, L50|\n|poke|p2|Gyarados, L50, M|\n|poke|p2|Ceruledge, L50, F|\n|poke|p2|Chien-Pao, L50|\n|poke|p2|Maushold-Four, L50|\n|poke|p2|Annihilape, L50, M|\n|poke|p2|Flutter Mane, L50|\n|teampreview|4\n|inactive|Battle timer is ON: inactive players will automatically lose when time's up. (requested by astraysz)\n|\n|t:|1683603015\n|start\n|switch|p1a: Flutter Mane|Flutter Mane, L50|100\/100\n|switch|p1b: Dragonite|Dragonite, L50, M|100\/100\n|switch|p2a: Maushold|Maushold-Four, L50|100\/100\n|switch|p2b: Annihilape|Annihilape, L50, M|100\/100\n|-enditem|p1a: Flutter Mane|Booster Energy\n|-activate|p1a: Flutter Mane|ability: Protosynthesis|[fromitem]\n|-start|p1a: Flutter Mane|protosynthesisspa\n|turn|1\n|inactive|GamerShawty03 has 30 seconds left.\n|\n|t:|1683603043\n|-terastallize|p1a: Flutter Mane|Fairy\n|-terastallize|p2b: Annihilape|Fire\n|move|p1b: Dragonite|Extreme Speed|p2b: Annihilape\n|-damage|p2b: Annihilape|69\/100\n|move|p1a: Flutter Mane|Dazzling Gleam|p2a: Maushold|[spread] p2a,p2b\n|-resisted|p2b: Annihilape\n|-damage|p2a: Maushold|28\/100\n|-damage|p2b: Annihilape|50\/100\n|-enditem|p2a: Maushold|Sitrus Berry|[eat]\n|-heal|p2a: Maushold|52\/100|[from] item: Sitrus Berry\n|move|p2a: Maushold|Beat Up|p2b: Annihilape\n|-damage|p2b: Annihilape|49\/100\n|-damage|p2b: Annihilape|47\/100\n|-damage|p2b: Annihilape|45\/100\n|-damage|p2b: Annihilape|43\/100\n|-hitcount|p2b: Annihilape|4\n|move|p2b: Annihilape|Bulk Up|p2b: Annihilape\n|-boost|p2b: Annihilape|atk|1\n|-boost|p2b: Annihilape|def|1\n|\n|-heal|p2b: Annihilape|49\/100|[from] item: Leftovers\n|upkeep\n|turn|2\n|inactive|astraysz has 30 seconds left.\n|\n|t:|1683603076\n|move|p2a: Maushold|Protect|p2a: Maushold\n|-singleturn|p2a: Maushold|Protect\n|move|p2b: Annihilape|Protect|p2b: Annihilape\n|-singleturn|p2b: Annihilape|Protect\n|move|p1b: Dragonite|Extreme Speed|p2a: Maushold\n|-activate|p2a: Maushold|move: Protect\n|move|p1a: Flutter Mane|Shadow Ball|p2b: Annihilape\n|-activate|p2b: Annihilape|move: Protect\n|\n|-heal|p2b: Annihilape|55\/100|[from] item: Leftovers\n|upkeep\n|turn|3\n|\n|t:|1683603089\n|move|p2a: Maushold|Follow Me|p2a: Maushold\n|-singleturn|p2a: Maushold|move: Follow Me\n|move|p1b: Dragonite|Extreme Speed|p2a: Maushold\n|-damage|p2a: Maushold|0 fnt\n|faint|p2a: Maushold\n|move|p1a: Flutter Mane|Shadow Ball|p2b: Annihilape\n|-damage|p2b: Annihilape|4\/100\n|move|p2b: Annihilape|Rage Fist|p1a: Flutter Mane\n|-damage|p1a: Flutter Mane|0 fnt\n|faint|p1a: Flutter Mane\n|-end|p1a: Flutter Mane|Protosynthesis|[silent]\n|\n|-heal|p2b: Annihilape|10\/100|[from] item: Leftovers\n|upkeep\n|\n|t:|1683603107\n|switch|p1a: Amoonguss|Amoonguss, L50, F|100\/100\n|switch|p2a: Flutter Mane|Flutter Mane, L50|100\/100\n|-enditem|p2a: Flutter Mane|Booster Energy\n|-activate|p2a: Flutter Mane|ability: Protosynthesis|[fromitem]\n|-start|p2a: Flutter Mane|protosynthesisspe\n|turn|4\n|\n|t:|1683603129\n|move|p1b: Dragonite|Extreme Speed|p2b: Annihilape\n|-damage|p2b: Annihilape|0 fnt\n|faint|p2b: Annihilape\n|move|p2a: Flutter Mane|Moonblast|p1b: Dragonite\n|-supereffective|p1b: Dragonite\n|-damage|p1b: Dragonite|52\/100\n|move|p1a: Amoonguss|Spore|p2a: Flutter Mane\n|-status|p2a: Flutter Mane|slp|[from] move: Spore\n|\n|upkeep\n|\n|t:|1683603135\n|switch|p2b: Gyarados|Gyarados, L50, M|100\/100\n|-ability|p2b: Gyarados|Intimidate|boost\n|-unboost|p1a: Amoonguss|atk|1\n|-unboost|p1b: Dragonite|atk|1\n|turn|5\n|\n|t:|1683603148\n|move|p1b: Dragonite|Extreme Speed|p2b: Gyarados\n|-damage|p2b: Gyarados|66\/100\n|cant|p2a: Flutter Mane|slp\n|move|p2b: Gyarados|Dragon Dance|p2b: Gyarados\n|-boost|p2b: Gyarados|atk|1\n|-boost|p2b: Gyarados|spe|1\n|move|p1a: Amoonguss|Pollen Puff|p1b: Dragonite\n|-heal|p1b: Dragonite|100\/100\n|\n|upkeep\n|turn|6\n|\n|t:|1683603163\n|switch|p1b: Arcanine|Arcanine, L50, M|100\/100\n|-ability|p1b: Arcanine|Intimidate|boost\n|-unboost|p2a: Flutter Mane|atk|1\n|-unboost|p2b: Gyarados|atk|1\n|cant|p2a: Flutter Mane|slp\n|move|p2b: Gyarados|Waterfall|p1b: Arcanine\n|-supereffective|p1b: Arcanine\n|-damage|p1b: Arcanine|11\/100\n|move|p1a: Amoonguss|Spore|p2b: Gyarados\n|-status|p2b: Gyarados|slp|[from] move: Spore\n|-enditem|p2b: Gyarados|Lum Berry|[eat]\n|-curestatus|p2b: Gyarados|slp|[msg]\n|\n|upkeep\n|turn|7\n|\n|t:|1683603179\n|move|p1b: Arcanine|Protect|p1b: Arcanine\n|-singleturn|p1b: Arcanine|Protect\n|cant|p2a: Flutter Mane|slp\n|move|p2b: Gyarados|Waterfall|p1b: Arcanine\n|-activate|p1b: Arcanine|move: Protect\n|move|p1a: Amoonguss|Spore|p2b: Gyarados\n|-status|p2b: Gyarados|slp|[from] move: Spore\n|\n|upkeep\n|turn|8\n|\n|t:|1683603203\n|-curestatus|p2a: Flutter Mane|slp|[msg]\n|move|p2a: Flutter Mane|Shadow Ball|p1b: Arcanine\n|-damage|p1b: Arcanine|0 fnt\n|faint|p1b: Arcanine\n|cant|p2b: Gyarados|slp\n|move|p1a: Amoonguss|Spore|p2a: Flutter Mane\n|-status|p2a: Flutter Mane|slp|[from] move: Spore\n|\n|upkeep\n|\n|t:|1683603217\n|switch|p1b: Dragonite|Dragonite, L50, M|100\/100\n|turn|9\n|\n|t:|1683603234\n|move|p1b: Dragonite|Extreme Speed|p2b: Gyarados\n|-damage|p2b: Gyarados|10\/100 slp\n|cant|p2a: Flutter Mane|slp\n|cant|p2b: Gyarados|slp\n|move|p1a: Amoonguss|Clear Smog|p2a: Flutter Mane\n|-damage|p2a: Flutter Mane|86\/100 slp\n|-clearboost|p2a: Flutter Mane\n|\n|upkeep\n|turn|10\n|\n|t:|1683603253\n|cant|p2b: Gyarados|slp\n|move|p1b: Dragonite|Extreme Speed|p2b: Gyarados\n|-damage|p2b: Gyarados|0 fnt\n|faint|p2b: Gyarados\n|-curestatus|p2a: Flutter Mane|slp|[msg]\n|move|p2a: Flutter Mane|Moonblast|p1b: Dragonite\n|-supereffective|p1b: Dragonite\n|-damage|p1b: Dragonite|55\/100\n|-unboost|p1b: Dragonite|spa|1\n|move|p1a: Amoonguss|Clear Smog|p2a: Flutter Mane\n|-damage|p2a: Flutter Mane|70\/100\n|-clearboost|p2a: Flutter Mane\n|\n|upkeep\n|turn|11\n|\n|t:|1683603263\n|move|p1b: Dragonite|Extreme Speed|p2a: Flutter Mane\n|-immune|p2a: Flutter Mane\n|move|p2a: Flutter Mane|Moonblast|p1b: Dragonite\n|-supereffective|p1b: Dragonite\n|-damage|p1b: Dragonite|0 fnt\n|faint|p1b: Dragonite\n|move|p1a: Amoonguss|Spore|p2a: Flutter Mane\n|-status|p2a: Flutter Mane|slp|[from] move: Spore\n|\n|upkeep\n|turn|12\n|\n|t:|1683603269\n|cant|p2a: Flutter Mane|slp\n|move|p1a: Amoonguss|Clear Smog|p2a: Flutter Mane\n|-damage|p2a: Flutter Mane|57\/100 slp\n|-clearboost|p2a: Flutter Mane\n|\n|upkeep\n|turn|13\n|\n|t:|1683603272\n|cant|p2a: Flutter Mane|slp\n|move|p1a: Amoonguss|Clear Smog|p2a: Flutter Mane\n|-damage|p2a: Flutter Mane|42\/100 slp\n|-clearboost|p2a: Flutter Mane\n|\n|upkeep\n|turn|14\n|\n|t:|1683603274\n|-curestatus|p2a: Flutter Mane|slp|[msg]\n|move|p2a: Flutter Mane|Shadow Ball|p1a: Amoonguss\n|-damage|p1a: Amoonguss|66\/100\n|move|p1a: Amoonguss|Clear Smog|p2a: Flutter Mane\n|-damage|p2a: Flutter Mane|25\/100\n|-clearboost|p2a: Flutter Mane\n|\n|upkeep\n|turn|15\n|\n|t:|1683603277\n|move|p2a: Flutter Mane|Shadow Ball|p1a: Amoonguss\n|-damage|p1a: Amoonguss|28\/100\n|-enditem|p1a: Amoonguss|Sitrus Berry|[eat]\n|-heal|p1a: Amoonguss|53\/100|[from] item: Sitrus Berry\n|move|p1a: Amoonguss|Spore|p2a: Flutter Mane\n|-status|p2a: Flutter Mane|slp|[from] move: Spore\n|\n|upkeep\n|turn|16\n|\n|t:|1683603280\n|cant|p2a: Flutter Mane|slp\n|move|p1a: Amoonguss|Clear Smog|p2a: Flutter Mane\n|-damage|p2a: Flutter Mane|10\/100 slp\n|-clearboost|p2a: Flutter Mane\n|\n|upkeep\n|turn|17\n|\n|t:|1683603282\n|cant|p2a: Flutter Mane|slp\n|move|p1a: Amoonguss|Clear Smog|p2a: Flutter Mane\n|-damage|p2a: Flutter Mane|0 fnt\n|-clearboost|p2a: Flutter Mane\n|faint|p2a: Flutter Mane\n|-end|p2a: Flutter Mane|Protosynthesis|[silent]\n|\n|win|GamerShawty03\n|raw|GamerShawty03's rating: 1219 → 1240<\/strong> (+21 for winning)\n|raw|astraysz's rating: 1167 → 1146<\/strong> (-21 for losing)\n|l|\u2606astraysz\n|c|\u2606GamerShawty03|gg wp\n","uploadtime":1683603298,"views":9,"p1id":"gamershawty03","p2id":"astraysz","formatid":"gen9vgc2023regulationc","rating":1146,"private":0,"password":""}