{"id":"gen9vgc2023regulationc-1857152475","p1":"Wander36","p2":"adrpen","format":"[Gen 9] VGC 2023 Regulation C","log":"|j|\u2606Wander36\n|j|\u2606adrpen\n|t:|1683151375\n|gametype|doubles\n|player|p1|Wander36|artist-gen4|1241\n|player|p2|adrpen|cynthia|1145\n|teamsize|p1|6\n|teamsize|p2|6\n|gen|9\n|tier|[Gen 9] VGC 2023 Regulation C\n|rated|\n|rule|Species Clause: Limit one of each Pok\u00e9mon\n|rule|Item Clause: Limit one of each item\n|clearpoke\n|poke|p1|Dragonite, L50, M|\n|poke|p1|Corviknight, L50, F|\n|poke|p1|Talonflame, L50, F|\n|poke|p1|Iron Hands, L50|\n|poke|p1|Chien-Pao, L50|\n|poke|p1|Arcanine, L50, M|\n|poke|p2|Amoonguss, L50, M|\n|poke|p2|Palafin, L50, M|\n|poke|p2|Iron Hands, L50|\n|poke|p2|Arcanine, L50, M|\n|poke|p2|Flutter Mane, L50|\n|poke|p2|Dragonite, L50, M|\n|teampreview|4\n|inactive|Battle timer is ON: inactive players will automatically lose when time's up. (requested by Wander36)\n|\n|t:|1683151455\n|start\n|switch|p1a: Corviknight|Corviknight, L50, F, shiny|100\/100\n|switch|p1b: Arcanine|Arcanine, L50, M, shiny|100\/100\n|switch|p2a: Palafin|Palafin, L50, M, shiny|100\/100\n|switch|p2b: Iron Hands|Iron Hands, L50, shiny|100\/100\n|-ability|p1b: Arcanine|Intimidate|boost\n|-unboost|p2a: Palafin|atk|1\n|-unboost|p2b: Iron Hands|atk|1\n|turn|1\n|inactive|adrpen has 30 seconds left.\n|inactive|adrpen has 20 seconds left.\n|\n|t:|1683151495\n|detailschange|p2a: Palafin|Palafin-Hero, L50, M, shiny\n|switch|p2a: Dragonite|Dragonite, L50, M|100\/100\n|move|p1b: Arcanine|Protect|p1b: Arcanine\n|-singleturn|p1b: Arcanine|Protect\n|move|p2b: Iron Hands|Fake Out|p1b: Arcanine\n|-activate|p1b: Arcanine|move: Protect\n|move|p1a: Corviknight|Bulk Up|p1a: Corviknight\n|-boost|p1a: Corviknight|atk|1\n|-boost|p1a: Corviknight|def|1\n|\n|upkeep\n|turn|2\n|inactive|adrpen has 30 seconds left.\n|\n|t:|1683151529\n|move|p2a: Dragonite|Protect|p2a: Dragonite\n|-singleturn|p2a: Dragonite|Protect\n|move|p1b: Arcanine|Will-O-Wisp|p2a: Dragonite\n|-activate|p2a: Dragonite|move: Protect\n|move|p1a: Corviknight|Bulk Up|p1a: Corviknight\n|-boost|p1a: Corviknight|atk|1\n|-boost|p1a: Corviknight|def|1\n|move|p2b: Iron Hands|Wild Charge|p1a: Corviknight\n|-supereffective|p1a: Corviknight\n|-damage|p1a: Corviknight|73\/100\n|-damage|p2b: Iron Hands|95\/100|[from] Recoil\n|\n|-heal|p1a: Corviknight|79\/100|[from] item: Leftovers\n|upkeep\n|turn|3\n|inactive|adrpen has 30 seconds left.\n|\n|t:|1683151555\n|-end|p2b: Iron Hands|Quark Drive|[silent]\n|switch|p2b: Palafin|Palafin-Hero, L50, M, shiny|100\/100\n|-activate|p2b: Palafin|ability: Zero to Hero\n|move|p2a: Dragonite|Extreme Speed|p1b: Arcanine\n|-damage|p1b: Arcanine|66\/100\n|move|p1b: Arcanine|Will-O-Wisp|p2a: Dragonite\n|-status|p2a: Dragonite|brn\n|-enditem|p2a: Dragonite|Lum Berry|[eat]\n|-curestatus|p2a: Dragonite|brn|[msg]\n|move|p1a: Corviknight|Bulk Up|p1a: Corviknight\n|-boost|p1a: Corviknight|atk|1\n|-boost|p1a: Corviknight|def|1\n|\n|-heal|p1a: Corviknight|85\/100|[from] item: Leftovers\n|upkeep\n|turn|4\n|inactive|Wander36 has 30 seconds left.\n|inactive|adrpen has 30 seconds left.\n|\n|t:|1683151588\n|-terastallize|p1b: Arcanine|Grass\n|move|p2a: Dragonite|Extreme Speed|p1b: Arcanine\n|-damage|p1b: Arcanine|32\/100\n|move|p1b: Arcanine|Will-O-Wisp|p2b: Palafin\n|-status|p2b: Palafin|brn\n|move|p2b: Palafin|Haze|p2b: Palafin\n|-clearallboost\n|move|p1a: Corviknight|Bulk Up|p1a: Corviknight\n|-boost|p1a: Corviknight|atk|1\n|-boost|p1a: Corviknight|def|1\n|\n|-heal|p1a: Corviknight|91\/100|[from] item: Leftovers\n|-damage|p2b: Palafin|95\/100 brn|[from] brn\n|upkeep\n|turn|5\n|inactive|Wander36 has 30 seconds left.\n|inactive|adrpen has 30 seconds left.\n|\n|t:|1683151617\n|move|p1b: Arcanine|Protect|p1b: Arcanine\n|-singleturn|p1b: Arcanine|Protect\n|move|p2a: Dragonite|Extreme Speed|p1b: Arcanine\n|-activate|p1b: Arcanine|move: Protect\n|move|p2b: Palafin|Haze|p2b: Palafin\n|-clearallboost\n|move|p1a: Corviknight|Brave Bird|p2a: Dragonite\n|-damage|p2a: Dragonite|80\/100\n|-damage|p1a: Corviknight|85\/100|[from] Recoil\n|\n|-heal|p1a: Corviknight|91\/100|[from] item: Leftovers\n|-damage|p2b: Palafin|89\/100 brn|[from] brn\n|upkeep\n|turn|6\n|inactive|Wander36 has 30 seconds left.\n|inactive|adrpen has 30 seconds left.\n|inactive|Wander36 has 20 seconds left.\n|\n|t:|1683151653\n|switch|p2b: Iron Hands|Iron Hands, L50, shiny|95\/100\n|move|p2a: Dragonite|Extreme Speed|p1b: Arcanine\n|-damage|p1b: Arcanine|0 fnt\n|faint|p1b: Arcanine\n|move|p1a: Corviknight|Bulk Up|p1a: Corviknight\n|-boost|p1a: Corviknight|atk|1\n|-boost|p1a: Corviknight|def|1\n|\n|-heal|p1a: Corviknight|97\/100|[from] item: Leftovers\n|upkeep\n|\n|t:|1683151665\n|switch|p1b: Chien-Pao|Chien-Pao, L50|100\/100\n|-ability|p1b: Chien-Pao|Sword of Ruin\n|turn|7\n|\n|t:|1683151690\n|switch|p2a: Palafin|Palafin-Hero, L50, M, shiny|89\/100 brn\n|move|p1b: Chien-Pao|Protect|p1b: Chien-Pao\n|-singleturn|p1b: Chien-Pao|Protect\n|move|p1a: Corviknight|Bulk Up|p1a: Corviknight\n|-boost|p1a: Corviknight|atk|1\n|-boost|p1a: Corviknight|def|1\n|move|p2b: Iron Hands|Wild Charge|p1a: Corviknight\n|-supereffective|p1a: Corviknight\n|-damage|p1a: Corviknight|44\/100\n|-damage|p2b: Iron Hands|83\/100|[from] Recoil\n|\n|-heal|p1a: Corviknight|50\/100|[from] item: Leftovers\n|-damage|p2a: Palafin|83\/100 brn|[from] brn\n|upkeep\n|turn|8\n|inactive|Wander36 has 30 seconds left.\n|inactive|adrpen has 30 seconds left.\n|\n|t:|1683151720\n|move|p1b: Chien-Pao|Ice Spinner|p2b: Iron Hands\n|-damage|p2b: Iron Hands|45\/100\n|move|p2a: Palafin|Haze|p2a: Palafin\n|-clearallboost\n|move|p1a: Corviknight|Brave Bird|p2b: Iron Hands\n|-damage|p2b: Iron Hands|10\/100\n|-damage|p1a: Corviknight|36\/100|[from] Recoil\n|move|p2b: Iron Hands|Drain Punch|p1b: Chien-Pao\n|-supereffective|p1b: Chien-Pao\n|-enditem|p1b: Chien-Pao|Focus Sash\n|-damage|p1b: Chien-Pao|1\/100\n|-heal|p2b: Iron Hands|42\/100|[from] drain|[of] p1b: Chien-Pao\n|\n|-heal|p1a: Corviknight|42\/100|[from] item: Leftovers\n|-damage|p2a: Palafin|77\/100 brn|[from] brn\n|upkeep\n|turn|9\n|inactive|Wander36 has 30 seconds left.\n|\n|t:|1683151748\n|move|p1b: Chien-Pao|Protect|p1b: Chien-Pao\n|-singleturn|p1b: Chien-Pao|Protect\n|move|p2a: Palafin|Wave Crash|p1a: Corviknight\n|-damage|p1a: Corviknight|0 fnt\n|faint|p1a: Corviknight\n|-damage|p2a: Palafin|63\/100 brn|[from] Recoil\n|move|p2b: Iron Hands|Wild Charge|p1b: Chien-Pao\n|-activate|p1b: Chien-Pao|move: Protect\n|\n|-damage|p2a: Palafin|57\/100 brn|[from] brn\n|upkeep\n|\n|t:|1683151761\n|switch|p1a: Talonflame|Talonflame, L50, F|100\/100\n|turn|10\n|\n|t:|1683151773\n|move|p1a: Talonflame|Brave Bird|p2a: Palafin\n|-damage|p2a: Palafin|0 fnt\n|faint|p2a: Palafin\n|-damage|p1a: Talonflame|76\/100|[from] Recoil\n|move|p1b: Chien-Pao|Ice Spinner|p2b: Iron Hands\n|-damage|p2b: Iron Hands|3\/100\n|move|p2b: Iron Hands|Wild Charge|p1a: Talonflame\n|-supereffective|p1a: Talonflame\n|-damage|p1a: Talonflame|0 fnt\n|faint|p1a: Talonflame\n|-damage|p2b: Iron Hands|0 fnt|[from] Recoil\n|faint|p2b: Iron Hands\n|-end|p2b: Iron Hands|Quark Drive|[silent]\n|\n|upkeep\n|-message|Wander36 forfeited.\n|\n|win|adrpen\n|raw|Wander36's rating: 1241 → 1209<\/strong> (-32 for losing)\n|raw|adrpen's rating: 1145 → 1177<\/strong> (+32 for winning)\n|l|\u2606Wander36\n","uploadtime":1683151795,"views":5,"p1id":"wander36","p2id":"adrpen","formatid":"gen9vgc2023regulationc","rating":1177,"private":0,"password":""}