{"id":"gen9vgc2023regulationc-1852451943","p1":"Joltona","p2":"foiledfeline","format":"[Gen 9] VGC 2023 Regulation C","log":"|j|\u2606Joltona\n|j|\u2606foiledfeline\n|t:|1682559335\n|gametype|doubles\n|player|p1|Joltona|flannery|1216\n|player|p2|foiledfeline|102|1297\n|teamsize|p1|6\n|teamsize|p2|6\n|gen|9\n|tier|[Gen 9] VGC 2023 Regulation C\n|rated|\n|rule|Species Clause: Limit one of each Pok\u00e9mon\n|rule|Item Clause: Limit one of each item\n|clearpoke\n|poke|p1|Hatterene, L50, F|\n|poke|p1|Indeedee-F, L50, F|\n|poke|p1|Torkoal, L50, F|\n|poke|p1|Hariyama, L50, M|\n|poke|p1|Farigiraf, L50, M|\n|poke|p1|Kingambit, L50, M|\n|poke|p2|Flutter Mane, L50|\n|poke|p2|Talonflame, L50, M|\n|poke|p2|Baxcalibur, L50, M|\n|poke|p2|Ting-Lu, L50|\n|poke|p2|Breloom, L50, M|\n|poke|p2|Gyarados, L50, F|\n|teampreview|4\nfoiledfeline has agreed to open team sheets.\n|inactive|Battle timer is ON: inactive players will automatically lose when time's up. (requested by Joltona)\n|\n|t:|1682559384\n|start\n|switch|p1a: Hatterene|Hatterene, L50, F|100\/100\n|switch|p1b: Indeedee|Indeedee-F, L50, F|100\/100\n|switch|p2a: Gyarados|Gyarados, L50, F|100\/100\n|switch|p2b: Ting-Lu|Ting-Lu, L50|100\/100\n|-ability|p2a: Gyarados|Intimidate|boost\n|-unboost|p1a: Hatterene|atk|1\n|-unboost|p1b: Indeedee|atk|1\n|-fieldstart|move: Psychic Terrain|[from] ability: Psychic Surge|[of] p1b: Indeedee\n|-enditem|p1b: Indeedee|Psychic Seed\n|-boost|p1b: Indeedee|spd|1|[from] item: Psychic Seed\n|-ability|p2b: Ting-Lu|Vessel of Ruin\n|turn|1\n|\n|t:|1682559401\n|move|p1b: Indeedee|Follow Me|p1b: Indeedee\n|-singleturn|p1b: Indeedee|move: Follow Me\n|move|p2a: Gyarados|Taunt|p1b: Indeedee\n|-start|p1b: Indeedee|move: Taunt\n|move|p2b: Ting-Lu|Heavy Slam|p1b: Indeedee\n|-damage|p1b: Indeedee|58\/100\n|move|p1a: Hatterene|Trick Room|p1a: Hatterene\n|-fieldstart|move: Trick Room|[of] p1a: Hatterene\n|\n|upkeep\n|turn|2\n|\n|t:|1682559423\n|move|p1a: Hatterene|Dazzling Gleam|p2b: Ting-Lu|[spread] p2a,p2b\n|-supereffective|p2b: Ting-Lu\n|-damage|p2a: Gyarados|79\/100\n|-damage|p2b: Ting-Lu|60\/100\n|move|p2b: Ting-Lu|Earthquake|p1a: Hatterene|[spread] p1a,p1b\n|-immune|p2a: Gyarados\n|-damage|p1a: Hatterene|57\/100\n|-damage|p1b: Indeedee|23\/100\n|move|p1b: Indeedee|Psychic|p2a: Gyarados\n|-damage|p2a: Gyarados|54\/100\n|move|p2a: Gyarados|Iron Head|p1a: Hatterene\n|-supereffective|p1a: Hatterene\n|-damage|p1a: Hatterene|2\/100\n|\n|-heal|p2b: Ting-Lu|66\/100|[from] item: Leftovers\n|upkeep\n|turn|3\n|inactive|Joltona has 30 seconds left.\n|inactive|foiledfeline has 30 seconds left.\n|\n|t:|1682559465\n|switch|p2a: Flutter Mane|Flutter Mane, L50|100\/100\n|-enditem|p2a: Flutter Mane|Booster Energy\n|-activate|p2a: Flutter Mane|ability: Protosynthesis|[fromitem]\n|-start|p2a: Flutter Mane|protosynthesisspa\n|move|p2b: Ting-Lu|Protect|p2b: Ting-Lu\n|-singleturn|p2b: Ting-Lu|Protect\n|move|p1a: Hatterene|Dazzling Gleam|p2b: Ting-Lu|[spread] p2a\n|-activate|p2b: Ting-Lu|move: Protect\n|-damage|p2a: Flutter Mane|73\/100\n|move|p1b: Indeedee|Energy Ball|p2b: Ting-Lu\n|-activate|p2b: Ting-Lu|move: Protect\n|\n|-heal|p2b: Ting-Lu|72\/100|[from] item: Leftovers\n|upkeep\n|turn|4\n|\n|t:|1682559483\n|move|p2a: Flutter Mane|Protect|p2a: Flutter Mane\n|-singleturn|p2a: Flutter Mane|Protect\n|move|p1a: Hatterene|Shadow Ball|p2a: Flutter Mane\n|-activate|p2a: Flutter Mane|move: Protect\n|move|p2b: Ting-Lu|Earthquake|p1b: Indeedee|[spread] p1a,p1b\n|-activate|p2a: Flutter Mane|move: Protect\n|-damage|p1a: Hatterene|0 fnt\n|-damage|p1b: Indeedee|0 fnt\n|faint|p1a: Hatterene\n|faint|p1b: Indeedee\n|\n|-heal|p2b: Ting-Lu|78\/100|[from] item: Leftovers\n|upkeep\n|\n|t:|1682559490\n|switch|p1a: Torkoal|Torkoal, L50, F|100\/100\n|switch|p1b: Kingambit|Kingambit, L50, M|100\/100\n|-weather|SunnyDay|[from] ability: Drought|[of] p1a: Torkoal\n|turn|5\n|\n|t:|1682559511\n|-end|p2a: Flutter Mane|Protosynthesis|[silent]\n|switch|p2a: Baxcalibur|Baxcalibur, L50, M|100\/100\n|-terastallize|p1b: Kingambit|Water\n|move|p1a: Torkoal|Eruption|p2a: Baxcalibur|[spread] p2a,p2b\n|-damage|p2a: Baxcalibur|41\/100\n|-damage|p2b: Ting-Lu|33\/100\n|-ability|p2a: Baxcalibur|Thermal Exchange|boost\n|-boost|p2a: Baxcalibur|atk|1\n|move|p1b: Kingambit|Tera Blast|p2b: Ting-Lu\n|-supereffective|p2b: Ting-Lu\n|-damage|p2b: Ting-Lu|5\/100\n|move|p2b: Ting-Lu|Ruination|p1a: Torkoal\n|-damage|p1a: Torkoal|51\/100\n|\n|-weather|SunnyDay|[upkeep]\n|-heal|p2b: Ting-Lu|11\/100|[from] item: Leftovers\n|-fieldend|move: Trick Room\n|-fieldend|move: Psychic Terrain\n|upkeep\n|turn|6\n|inactive|foiledfeline has 30 seconds left.\n|\n|t:|1682559543\n|move|p2b: Ting-Lu|Protect|p2b: Ting-Lu\n|-singleturn|p2b: Ting-Lu|Protect\n|move|p1b: Kingambit|Sucker Punch|p2a: Baxcalibur\n|-damage|p2a: Baxcalibur|7\/100\n|move|p2a: Baxcalibur|Earthquake|p1a: Torkoal|[spread] p1a,p1b\n|-activate|p2b: Ting-Lu|move: Protect\n|-supereffective|p1a: Torkoal\n|-damage|p1a: Torkoal|0 fnt\n|-damage|p1b: Kingambit|68\/100\n|faint|p1a: Torkoal\n|\n|-weather|SunnyDay|[upkeep]\n|-heal|p2b: Ting-Lu|17\/100|[from] item: Leftovers\n|upkeep\n|turn|7\n|-message|Joltona forfeited.\n|\n|win|foiledfeline\n|raw|Joltona's rating: 1216 → 1197<\/strong> (-19 for losing)\n|raw|foiledfeline's rating: 1297 → 1316<\/strong> (+19 for winning)\n|l|\u2606Joltona\n","uploadtime":1682559559,"views":13,"p1id":"joltona","p2id":"foiledfeline","formatid":"gen9vgc2023regulationc","rating":1197,"private":0,"password":""}