{"id":"gen9vgc2023regulationc-1861127304","p1":"D-scNSe","p2":"Iceman5687","format":"[Gen 9] VGC 2023 Regulation C","log":"|j|\u2606D-scNSe\n|j|\u2606Iceman5687\n|t:|1683728981\n|gametype|doubles\n|player|p1|D-scNSe|169|1404\n|player|p2|Iceman5687|170|1317\n|teamsize|p1|6\n|teamsize|p2|6\n|gen|9\n|tier|[Gen 9] VGC 2023 Regulation C\n|rated|\n|rule|Species Clause: Limit one of each Pok\u00e9mon\n|rule|Item Clause: Limit one of each item\n|clearpoke\n|poke|p1|Flutter Mane, L50|\n|poke|p1|Ting-Lu, L50|\n|poke|p1|Maushold-Four, L50|\n|poke|p1|Annihilape, L50, F|\n|poke|p1|Iron Bundle, L50|\n|poke|p1|Arcanine, L50, M|\n|poke|p2|Gholdengo, L50|\n|poke|p2|Chi-Yu, L50|\n|poke|p2|Iron Bundle, L50|\n|poke|p2|Murkrow, L50, F|\n|poke|p2|Iron Hands, L50|\n|poke|p2|Flutter Mane, L50|\n|teampreview|4\n|inactive|Battle timer is ON: inactive players will automatically lose when time's up. (requested by D-scNSe)\n|\n|t:|1683729033\n|start\n|switch|p1a: Arcanine|Arcanine, L50, M|100\/100\n|switch|p1b: Iron Bundle|Iron Bundle, L50|100\/100\n|switch|p2a: Iron Bundle|Iron Bundle, L50|100\/100\n|switch|p2b: Chi-Yu|Chi-Yu, L50|100\/100\n|-ability|p2b: Chi-Yu|Beads of Ruin\n|-ability|p1a: Arcanine|Intimidate|boost\n|-unboost|p2a: Iron Bundle|atk|1\n|-unboost|p2b: Chi-Yu|atk|1\n|-enditem|p2a: Iron Bundle|Booster Energy\n|-activate|p2a: Iron Bundle|ability: Quark Drive|[fromitem]\n|-start|p2a: Iron Bundle|quarkdrivespe\n|turn|1\n|inactive|D-scNSe has 30 seconds left.\n|\n|t:|1683729063\n|move|p1a: Arcanine|Extreme Speed|p2b: Chi-Yu\n|-damage|p2b: Chi-Yu|58\/100\n|move|p2a: Iron Bundle|Hydro Pump|p1a: Arcanine\n|-supereffective|p1a: Arcanine\n|-damage|p1a: Arcanine|0 fnt\n|faint|p1a: Arcanine\n|move|p1b: Iron Bundle|Hydro Pump|p2b: Chi-Yu|[miss]\n|-miss|p1b: Iron Bundle|p2b: Chi-Yu\n|move|p2b: Chi-Yu|Heat Wave|p1b: Iron Bundle\n|-enditem|p1b: Iron Bundle|Focus Sash\n|-damage|p1b: Iron Bundle|1\/100\n|\n|upkeep\n|\n|t:|1683729076\n|switch|p1a: Annihilape|Annihilape, L50, F|100\/100\n|turn|2\n|\n|t:|1683729089\n|-terastallize|p1a: Annihilape|Fire\n|move|p2a: Iron Bundle|Icy Wind|p1b: Iron Bundle|[spread] p1a,p1b\n|-resisted|p1a: Annihilape\n|-resisted|p1b: Iron Bundle\n|-damage|p1a: Annihilape|88\/100\n|-damage|p1b: Iron Bundle|0 fnt\n|-unboost|p1a: Annihilape|spe|1\n|-ability|p1a: Annihilape|Defiant|boost\n|-boost|p1a: Annihilape|atk|2\n|faint|p1b: Iron Bundle\n|-end|p1b: Iron Bundle|Quark Drive|[silent]\n|move|p2b: Chi-Yu|Dark Pulse|p1a: Annihilape\n|-damage|p1a: Annihilape|32\/100\n|move|p1a: Annihilape|Drain Punch|p2a: Iron Bundle\n|-supereffective|p2a: Iron Bundle\n|-damage|p2a: Iron Bundle|0 fnt\n|-heal|p1a: Annihilape|63\/100|[from] drain|[of] p2a: Iron Bundle\n|faint|p2a: Iron Bundle\n|-end|p2a: Iron Bundle|Quark Drive|[silent]\n|\n|-heal|p1a: Annihilape|69\/100|[from] item: Leftovers\n|upkeep\n|\n|t:|1683729105\n|switch|p1b: Flutter Mane|Flutter Mane, L50|100\/100\n|switch|p2a: Iron Hands|Iron Hands, L50|100\/100\n|-enditem|p1b: Flutter Mane|Booster Energy\n|-activate|p1b: Flutter Mane|ability: Protosynthesis|[fromitem]\n|-start|p1b: Flutter Mane|protosynthesisspe\n|turn|3\n|\n|t:|1683729121\n|move|p1a: Annihilape|Protect|p1a: Annihilape\n|-singleturn|p1a: Annihilape|Protect\n|move|p2a: Iron Hands|Fake Out|p1a: Annihilape\n|-activate|p1a: Annihilape|move: Protect\n|move|p1b: Flutter Mane|Moonblast|p2a: Iron Hands\n|-supereffective|p2a: Iron Hands\n|-damage|p2a: Iron Hands|33\/100\n|move|p2b: Chi-Yu|Heat Wave|p1b: Flutter Mane|[spread] p1b\n|-activate|p1a: Annihilape|move: Protect\n|-damage|p1b: Flutter Mane|52\/100\n|-status|p1b: Flutter Mane|brn\n|\n|-heal|p1a: Annihilape|75\/100|[from] item: Leftovers\n|-damage|p1b: Flutter Mane|45\/100 brn|[from] brn\n|upkeep\n|turn|4\n|\n|t:|1683729145\n|move|p1b: Flutter Mane|Moonblast|p2a: Iron Hands\n|-supereffective|p2a: Iron Hands\n|-damage|p2a: Iron Hands|0 fnt\n|faint|p2a: Iron Hands\n|-end|p2a: Iron Hands|Quark Drive|[silent]\n|move|p2b: Chi-Yu|Heat Wave|p1a: Annihilape|[spread] p1a,p1b\n|-resisted|p1a: Annihilape\n|-damage|p1a: Annihilape|53\/100\n|-damage|p1b: Flutter Mane|0 fnt\n|faint|p1b: Flutter Mane\n|-end|p1b: Flutter Mane|Protosynthesis|[silent]\n|move|p1a: Annihilape|Drain Punch|p2b: Chi-Yu\n|-supereffective|p2b: Chi-Yu\n|-damage|p2b: Chi-Yu|0 fnt\n|-heal|p1a: Annihilape|70\/100|[from] drain|[of] p2b: Chi-Yu\n|faint|p2b: Chi-Yu\n|\n|-heal|p1a: Annihilape|76\/100|[from] item: Leftovers\n|upkeep\n|\n|t:|1683729153\n|switch|p2b: Gholdengo|Gholdengo, L50|100\/100\n|turn|5\n|\n|t:|1683729164\n|-terastallize|p2b: Gholdengo|Steel\n|move|p2b: Gholdengo|Power Gem|p1a: Annihilape\n|-supereffective|p1a: Annihilape\n|-damage|p1a: Annihilape|0 fnt\n|faint|p1a: Annihilape\n|\n|win|Iceman5687\n|raw|D-scNSe's rating: 1404 → 1379<\/strong> (-25 for losing)\n|raw|Iceman5687's rating: 1317 → 1342<\/strong> (+25 for winning)\n","uploadtime":1683729172,"views":11,"p1id":"dscnse","p2id":"iceman5687","formatid":"gen9vgc2023regulationc","rating":1342,"private":0,"password":""}