{"id":"gen9vgc2023regulationc-1847581370","p1":"twist22","p2":"Serr_Pincass","format":"[Gen 9] VGC 2023 Regulation C","log":"|j|\u2606twist22\n|j|\u2606Serr_Pincass\n|t:|1681977019\n|gametype|doubles\n|player|p1|twist22|bellelba|1217\n|player|p2|Serr_Pincass|170|1170\n|teamsize|p1|6\n|teamsize|p2|6\n|gen|9\n|tier|[Gen 9] VGC 2023 Regulation C\n|rated|\n|rule|Species Clause: Limit one of each Pok\u00e9mon\n|rule|Item Clause: Limit one of each item\n|clearpoke\n|poke|p1|Bronzong, L50|\n|poke|p1|Arcanine, L50, F|\n|poke|p1|Amoonguss, L50, M|\n|poke|p1|Flutter Mane, L50|\n|poke|p1|Chi-Yu, L50|\n|poke|p1|Torkoal, L50, F|\n|poke|p2|Forretress, L50, F|\n|poke|p2|Klawf, L50, M|\n|poke|p2|Tyranitar, L50, F|\n|poke|p2|Garchomp, L50, F|\n|poke|p2|Ting-Lu, L50|\n|poke|p2|Amoonguss, L50, F|\n|teampreview|4\n|inactive|Battle timer is ON: inactive players will automatically lose when time's up. (requested by twist22)\n|\n|t:|1681977043\n|start\n|switch|p1a: Torkoal|Torkoal, L50, F|100\/100\n|switch|p1b: Flutter Mane|Flutter Mane, L50|100\/100\n|switch|p2a: Tyranitar|Tyranitar, L50, F|100\/100\n|switch|p2b: Klawf|Klawf, L50, M|100\/100\n|-weather|Sandstorm|[from] ability: Sand Stream|[of] p2a: Tyranitar\n|-weather|SunnyDay|[from] ability: Drought|[of] p1a: Torkoal\n|-activate|p1b: Flutter Mane|ability: Protosynthesis\n|-start|p1b: Flutter Mane|protosynthesisspe\n|turn|1\n|inactive|twist22 has 30 seconds left.\n|inactive|Serr_Pincass has 30 seconds left.\n|inactive|Serr_Pincass has 20 seconds left.\n|inactive|Serr_Pincass has 15 seconds left.\n|inactive|Serr_Pincass has 10 seconds left.\n|\n|t:|1681977089\n|switch|p2b: Garchomp|Garchomp, L50, F|100\/100\n|-terastallize|p2a: Tyranitar|Flying\n|move|p1a: Torkoal|Protect|p1a: Torkoal\n|-singleturn|p1a: Torkoal|Protect\n|move|p2a: Tyranitar|Power Gem|p1a: Torkoal\n|-activate|p1a: Torkoal|move: Protect\n|move|p1b: Flutter Mane|Trick Room|p1b: Flutter Mane\n|-fieldstart|move: Trick Room|[of] p1b: Flutter Mane\n|\n|-weather|SunnyDay|[upkeep]\n|upkeep\n|turn|2\n|inactive|Serr_Pincass has 30 seconds left.\n|\n|t:|1681977121\n|move|p1a: Torkoal|Eruption|p2a: Tyranitar|[spread] p2a,p2b\n|-resisted|p2b: Garchomp\n|-damage|p2a: Tyranitar|54\/100\n|-damage|p2b: Garchomp|57\/100\n|move|p2a: Tyranitar|Dark Pulse|p1b: Flutter Mane\n|-damage|p1b: Flutter Mane|65\/100\n|move|p2b: Garchomp|Earthquake|p1b: Flutter Mane|[spread] p1a,p1b\n|-immune|p2a: Tyranitar\n|-supereffective|p1a: Torkoal\n|-damage|p1a: Torkoal|15\/100\n|-damage|p1b: Flutter Mane|0 fnt\n|faint|p1b: Flutter Mane\n|-end|p1b: Flutter Mane|Protosynthesis|[silent]\n|\n|-weather|SunnyDay|[upkeep]\n|upkeep\n|\n|t:|1681977135\n|switch|p1b: Bronzong|Bronzong, L50|100\/100\n|turn|3\n|\n|t:|1681977155\n|switch|p2a: Ting-Lu|Ting-Lu, L50|100\/100\n|-ability|p2a: Ting-Lu|Vessel of Ruin\n|move|p1a: Torkoal|Protect|p1a: Torkoal\n|-singleturn|p1a: Torkoal|Protect\n|move|p1b: Bronzong|Iron Defense|p1b: Bronzong\n|-boost|p1b: Bronzong|def|2\n|move|p2b: Garchomp|Earthquake|p1b: Bronzong|[spread] p2a\n|-activate|p1a: Torkoal|move: Protect\n|-immune|p1b: Bronzong|[from] ability: Levitate\n|-damage|p2a: Ting-Lu|63\/100\n|\n|-weather|SunnyDay|[upkeep]\n|upkeep\n|turn|4\n|\n|t:|1681977179\n|switch|p2b: Tyranitar|Tyranitar, L50, F, tera:Flying|54\/100\n|-weather|Sandstorm|[from] ability: Sand Stream|[of] p2b: Tyranitar\n|move|p1a: Torkoal|Flamethrower|p2a: Ting-Lu\n|-damage|p2a: Ting-Lu|38\/100\n|move|p1b: Bronzong|Iron Defense|p1b: Bronzong\n|-boost|p1b: Bronzong|def|2\n|move|p2a: Ting-Lu|Ruination|p1b: Bronzong\n|-damage|p1b: Bronzong|50\/100\n|\n|-weather|Sandstorm|[upkeep]\n|-damage|p1a: Torkoal|8\/100|[from] Sandstorm\n|-damage|p2b: Tyranitar|48\/100|[from] Sandstorm\n|-heal|p1b: Bronzong|57\/100|[from] item: Leftovers\n|upkeep\n|turn|5\n|inactive|twist22 has 30 seconds left.\n|inactive|Serr_Pincass has 30 seconds left.\n|\n|t:|1681977211\n|switch|p2b: Klawf|Klawf, L50, M|100\/100\n|move|p2a: Ting-Lu|Protect|p2a: Ting-Lu\n|-singleturn|p2a: Ting-Lu|Protect\n|move|p1a: Torkoal|Flamethrower|p2b: Klawf\n|-resisted|p2b: Klawf\n|-damage|p2b: Klawf|82\/100\n|move|p1b: Bronzong|Body Press|p2a: Ting-Lu\n|-activate|p2a: Ting-Lu|move: Protect\n|\n|-weather|Sandstorm|[upkeep]\n|-damage|p1a: Torkoal|2\/100|[from] Sandstorm\n|-heal|p1b: Bronzong|63\/100|[from] item: Leftovers\n|-fieldend|move: Trick Room\n|upkeep\n|turn|6\n|inactive|twist22 has 30 seconds left.\n|inactive|twist22 has 20 seconds left.\n|inactive|Serr_Pincass has 30 seconds left.\n|\n|t:|1681977248\n|move|p1b: Bronzong|Protect|p1b: Bronzong\n|-singleturn|p1b: Bronzong|Protect\n|move|p2b: Klawf|Rock Slide|p1a: Torkoal|[spread] p1a\n|-activate|p1b: Bronzong|move: Protect\n|-supereffective|p1a: Torkoal\n|-damage|p1a: Torkoal|0 fnt\n|faint|p1a: Torkoal\n|move|p2a: Ting-Lu|Ruination|p1b: Bronzong\n|-activate|p1b: Bronzong|move: Protect\n|\n|-weather|Sandstorm|[upkeep]\n|-heal|p1b: Bronzong|69\/100|[from] item: Leftovers\n|upkeep\n|\n|t:|1681977262\n|switch|p1a: Amoonguss|Amoonguss, L50, M|100\/100\n|turn|7\n|\n|t:|1681977271\n|move|p2b: Klawf|Rock Slide|p1b: Bronzong|[spread] p1a,p1b\n|-resisted|p1b: Bronzong\n|-damage|p1a: Amoonguss|86\/100\n|-damage|p1b: Bronzong|67\/100\n|move|p2a: Ting-Lu|Ruination|p1b: Bronzong\n|-damage|p1b: Bronzong|34\/100\n|move|p1b: Bronzong|Body Press|p2b: Klawf\n|-supereffective|p2b: Klawf\n|-damage|p2b: Klawf|0 fnt\n|faint|p2b: Klawf\n|move|p1a: Amoonguss|Pollen Puff|p1b: Bronzong\n|-heal|p1b: Bronzong|84\/100\n|\n|-weather|Sandstorm|[upkeep]\n|-damage|p1a: Amoonguss|80\/100|[from] Sandstorm\n|-heal|p1b: Bronzong|90\/100|[from] item: Leftovers\n|upkeep\n|\n|t:|1681977290\n|switch|p2b: Garchomp|Garchomp, L50, F|57\/100\n|turn|8\n|\n|t:|1681977305\n|move|p2b: Garchomp|Rock Slide|p1b: Bronzong|[spread] p1b\n|-miss|p2b: Garchomp|p1a: Amoonguss\n|-resisted|p1b: Bronzong\n|-damage|p1b: Bronzong|86\/100\n|move|p2a: Ting-Lu|Fissure|p1a: Amoonguss|[miss]\n|-miss|p2a: Ting-Lu|p1a: Amoonguss\n|move|p1b: Bronzong|Body Press|p2a: Ting-Lu\n|-supereffective|p2a: Ting-Lu\n|-damage|p2a: Ting-Lu|0 fnt\n|-damage|p1b: Bronzong|70\/100|[from] item: Rocky Helmet|[of] p2a: Ting-Lu\n|faint|p2a: Ting-Lu\n|move|p1a: Amoonguss|Spore|p2b: Garchomp\n|-status|p2b: Garchomp|slp|[from] move: Spore\n|\n|-weather|none\n|-heal|p1b: Bronzong|76\/100|[from] item: Leftovers\n|upkeep\n|\n|t:|1681977323\n|switch|p2a: Tyranitar|Tyranitar, L50, F, tera:Flying|48\/100\n|-weather|Sandstorm|[from] ability: Sand Stream|[of] p2a: Tyranitar\n|turn|9\n|\n|t:|1681977330\n|cant|p2b: Garchomp|slp\n|move|p2a: Tyranitar|Tera Blast|p1a: Amoonguss\n|-supereffective|p1a: Amoonguss\n|-damage|p1a: Amoonguss|20\/100\n|move|p1b: Bronzong|Body Press|p2b: Garchomp\n|-crit|p2b: Garchomp\n|-damage|p2b: Garchomp|0 fnt\n|-damage|p1b: Bronzong|64\/100|[from] ability: Rough Skin|[of] p2b: Garchomp\n|faint|p2b: Garchomp\n|move|p1a: Amoonguss|Spore|p2a: Tyranitar\n|-status|p2a: Tyranitar|slp|[from] move: Spore\n|\n|-weather|Sandstorm|[upkeep]\n|-damage|p2a: Tyranitar|42\/100 slp|[from] Sandstorm\n|-damage|p1a: Amoonguss|14\/100|[from] Sandstorm\n|-heal|p1b: Bronzong|70\/100|[from] item: Leftovers\n|upkeep\n|turn|10\n|-message|Serr_Pincass forfeited.\n|\n|win|twist22\n|raw|twist22's rating: 1217 → 1239<\/strong> (+22 for winning)\n|raw|Serr_Pincass's rating: 1170 → 1148<\/strong> (-22 for losing)\n|l|\u2606Serr_Pincass\n|l|\u2606twist22\n|j|\u2606twist22\n|player|p1|twist22|bellelba\n","uploadtime":1681977577,"views":5,"p1id":"twist22","p2id":"serrpincass","formatid":"gen9vgc2023regulationc","rating":1148,"private":0,"password":""}