{"id":"gen9vgc2023regulationc-1857811725","p1":"gGusto","p2":"mathtass","format":"[Gen 9] VGC 2023 Regulation C","log":"|j|\u2606gGusto\n|j|\u2606mathtass\n|t:|1683234299\n|gametype|doubles\n|player|p1|gGusto|169|1372\n|player|p2|mathtass|265|1343\n|teamsize|p1|6\n|teamsize|p2|6\n|gen|9\n|tier|[Gen 9] VGC 2023 Regulation C\n|rated|\n|rule|Species Clause: Limit one of each Pok\u00e9mon\n|rule|Item Clause: Limit one of each item\n|clearpoke\n|poke|p1|Maushold-Four, L50|\n|poke|p1|Annihilape, L50, M|\n|poke|p1|Chi-Yu, L50|\n|poke|p1|Gyarados, L50, M|\n|poke|p1|Flutter Mane, L50|\n|poke|p1|Roaring Moon, L50|\n|poke|p2|Amoonguss, L50, F|\n|poke|p2|Chi-Yu, L50|\n|poke|p2|Arcanine, L50, M|\n|poke|p2|Dragonite, L50, M|\n|poke|p2|Flutter Mane, L50|\n|poke|p2|Iron Hands, L50|\n|teampreview|4\n|inactive|Battle timer is ON: inactive players will automatically lose when time's up. (requested by gGusto)\ngGusto has agreed to open team sheets.\nmathtass has agreed to open team sheets.\n|inactive|gGusto has 60 seconds left.\n|\n|t:|1683234339\n|start\n|switch|p1a: Maushold|Maushold-Four, L50|100\/100\n|switch|p1b: Chi-Yu|Chi-Yu, L50|100\/100\n|switch|p2a: Blaze|Chi-Yu, L50|100\/100\n|switch|p2b: Lady Mane|Flutter Mane, L50, shiny|100\/100\n|-ability|p2a: Blaze|Beads of Ruin\n|-ability|p1b: Chi-Yu|Beads of Ruin\n|turn|1\n|\n|t:|1683234361\n|move|p1a: Maushold|Protect|p1a: Maushold\n|-singleturn|p1a: Maushold|Protect\n|move|p2b: Lady Mane|Moonblast|p1b: Chi-Yu\n|-damage|p1b: Chi-Yu|64\/100\n|move|p2a: Blaze|Snarl|p1b: Chi-Yu|[spread] p1b\n|-activate|p1a: Maushold|move: Protect\n|-resisted|p1b: Chi-Yu\n|-damage|p1b: Chi-Yu|52\/100\n|-unboost|p1b: Chi-Yu|spa|1\n|-damage|p2a: Blaze|90\/100|[from] item: Life Orb\n|move|p1b: Chi-Yu|Dark Pulse|p2b: Lady Mane\n|-damage|p2b: Lady Mane|64\/100\n|\n|-heal|p1b: Chi-Yu|59\/100|[from] item: Leftovers\n|upkeep\n|turn|2\n|\n|t:|1683234377\n|move|p1a: Maushold|Follow Me|p1a: Maushold\n|-singleturn|p1a: Maushold|move: Follow Me\n|move|p2b: Lady Mane|Moonblast|p1a: Maushold\n|-damage|p1a: Maushold|41\/100\n|move|p2a: Blaze|Heat Wave|p1a: Maushold|[spread] p1a,p1b\n|-resisted|p1b: Chi-Yu\n|-damage|p1a: Maushold|0 fnt\n|-damage|p1b: Chi-Yu|42\/100\n|faint|p1a: Maushold\n|-damage|p2a: Blaze|80\/100|[from] item: Life Orb\n|move|p1b: Chi-Yu|Nasty Plot|p1b: Chi-Yu\n|-boost|p1b: Chi-Yu|spa|2\n|\n|-heal|p1b: Chi-Yu|49\/100|[from] item: Leftovers\n|upkeep\n|\n|t:|1683234383\n|switch|p1a: Gyarados|Gyarados, L50, M|100\/100\n|-ability|p1a: Gyarados|Intimidate|boost\n|-unboost|p2a: Blaze|atk|1\n|-unboost|p2b: Lady Mane|atk|1\n|turn|3\n|\n|t:|1683234405\n|move|p1b: Chi-Yu|Protect|p1b: Chi-Yu\n|-singleturn|p1b: Chi-Yu|Protect\n|move|p2b: Lady Mane|Moonblast|p1a: Gyarados\n|-damage|p1a: Gyarados|49\/100\n|move|p2a: Blaze|Dark Pulse|p1a: Gyarados\n|-damage|p1a: Gyarados|0 fnt\n|faint|p1a: Gyarados\n|-damage|p2a: Blaze|70\/100|[from] item: Life Orb\n|\n|-heal|p1b: Chi-Yu|55\/100|[from] item: Leftovers\n|upkeep\n|\n|t:|1683234411\n|switch|p1a: Flutter Mane|Flutter Mane, L50|100\/100\n|turn|4\n|\n|t:|1683234417\n|-terastallize|p1a: Flutter Mane|Fairy\n|move|p2b: Lady Mane|Protect|p2b: Lady Mane\n|-singleturn|p2b: Lady Mane|Protect\n|move|p1a: Flutter Mane|Dazzling Gleam|p2b: Lady Mane|[spread] p2a\n|-activate|p2b: Lady Mane|move: Protect\n|-damage|p2a: Blaze|0 fnt\n|faint|p2a: Blaze\n|move|p1b: Chi-Yu|Heat Wave|p2b: Lady Mane\n|-activate|p2b: Lady Mane|move: Protect\n|\n|-heal|p1b: Chi-Yu|61\/100|[from] item: Leftovers\n|upkeep\n|\n|t:|1683234433\n|switch|p2a: Iron Man|Iron Hands, L50, shiny|100\/100\n|turn|5\n|\n|t:|1683234452\n|-terastallize|p2a: Iron Man|Fire\n|move|p2a: Iron Man|Fake Out|p1a: Flutter Mane\n|-damage|p1a: Flutter Mane|82\/100\n|move|p2b: Lady Mane|Moonblast|p1a: Flutter Mane\n|-damage|p1a: Flutter Mane|20\/100\n|cant|p1a: Flutter Mane|flinch\n|move|p1b: Chi-Yu|Heat Wave|p2a: Iron Man|[spread] p2a,p2b\n|-resisted|p2a: Iron Man\n|-damage|p2a: Iron Man|76\/100\n|-damage|p2b: Lady Mane|0 fnt\n|faint|p2b: Lady Mane\n|-end|p2b: Lady Mane|Protosynthesis|[silent]\n|\n|-heal|p1b: Chi-Yu|67\/100|[from] item: Leftovers\n|upkeep\n|\n|t:|1683234461\n|switch|p2b: Simba|Arcanine, L50, M, shiny|100\/100\n|-ability|p2b: Simba|Intimidate|boost\n|-unboost|p1a: Flutter Mane|atk|1\n|-unboost|p1b: Chi-Yu|atk|1\n|turn|6\n|\n|t:|1683234468\n|move|p1a: Flutter Mane|Dazzling Gleam|p2a: Iron Man|[spread] p2a,p2b\n|-resisted|p2a: Iron Man\n|-resisted|p2b: Simba\n|-damage|p2a: Iron Man|44\/100\n|-damage|p2b: Simba|58\/100\n|move|p1b: Chi-Yu|Dark Pulse|p2a: Iron Man\n|-damage|p2a: Iron Man|0 fnt\n|faint|p2a: Iron Man\n|-end|p2a: Iron Man|Quark Drive|[silent]\n|move|p2b: Simba|Flare Blitz|p1a: Flutter Mane\n|-damage|p1a: Flutter Mane|0 fnt\n|faint|p1a: Flutter Mane\n|-end|p1a: Flutter Mane|Protosynthesis|[silent]\n|-damage|p2b: Simba|53\/100|[from] Recoil\n|\n|-heal|p1b: Chi-Yu|74\/100|[from] item: Leftovers\n|upkeep\n|turn|7\n|\n|t:|1683234477\n|move|p1b: Chi-Yu|Dark Pulse|p2b: Simba\n|-damage|p2b: Simba|0 fnt\n|faint|p2b: Simba\n|\n|win|gGusto\n|raw|gGusto's rating: 1372 → 1390<\/strong> (+18 for winning)\n|raw|mathtass's rating: 1343 → 1325<\/strong> (-18 for losing)\n","uploadtime":1683234480,"views":6,"p1id":"ggusto","p2id":"mathtass","formatid":"gen9vgc2023regulationc","rating":1325,"private":0,"password":""}