{"id":"gen9vgc2023regulationc-1859806798","p1":"No1OhioVGC","p2":"johigfcvy9","format":"[Gen 9] VGC 2023 Regulation C","log":"|j|\u2606No1OhioVGC\n|j|\u2606johigfcvy9\n|t:|1683566133\n|gametype|doubles\n|player|p1|No1OhioVGC|gambler|\n|player|p2|johigfcvy9|schoolkid-gen4|\n|teamsize|p1|6\n|teamsize|p2|6\n|gen|9\n|tier|[Gen 9] VGC 2023 Regulation C\n|rated|Tournament battle\n|rule|Species Clause: Limit one of each Pok\u00e9mon\n|rule|Item Clause: Limit one of each item\n|clearpoke\n|poke|p1|Great Tusk, L50|\n|poke|p1|Dragonite, L50, M|\n|poke|p1|Chien-Pao, L50|\n|poke|p1|Flutter Mane, L50|\n|poke|p1|Torkoal, L50, M|\n|poke|p1|Lilligant, L50, F|\n|poke|p2|Hawlucha, L50, M|\n|poke|p2|Indeedee-F, L50, F|\n|poke|p2|Armarouge, L50, F|\n|poke|p2|Dondozo, L50, M|\n|poke|p2|Tatsugiri, L50, M|\n|poke|p2|Flutter Mane, L50|\n|teampreview|4\n|raw| Open Team Sheet for No1OhioVGC<\/summary>Great Tusk @ Choice Scarf Ability: Protosynthesis Level: 50 Hidden Power: Fighting Tera Type: Fire - Headlong Rush - Close Combat - Earthquake - Rock Slide Dragonite @ Lum Berry Ability: Multiscale Level: 50 Tera Type: Flying - Tera Blast - Extreme Speed - Stomping Tantrum - Tailwind Chien-Pao @ Life Orb Ability: Sword of Ruin Level: 50 Tera Type: Ghost - Ice Spinner - Sucker Punch - Sacred Sword - Protect Flutter Mane @ Choice Specs Ability: Protosynthesis Level: 50 Tera Type: Fairy - Moonblast - Dazzling Gleam - Shadow Ball - Psyshock Torkoal @ Charcoal Ability: Drought Level: 50 Tera Type: Flying - Eruption - Flamethrower - Yawn - Helping Hand Lilligant (F) @ Focus Sash Ability: Chlorophyll Level: 50 Tera Type: Ghost - Leaf Storm - Sleep Powder - After You - Protect <\/details><\/div> Open Team Sheet for johigfcvy9<\/summary>Rey (Hawlucha) (M) @ Psychic Seed Ability: Unburden Level: 50 Shiny: Yes Tera Type: Steel - Close Combat - Acrobatics - Taunt - Detect yessir (Indeedee-F) (F) @ Safety Goggles Ability: Psychic Surge Level: 50 Tera Type: Fairy - Psychic - Follow Me - Helping Hand - Dazzling Gleam La Rouge (Armarouge) (F) @ Focus Sash Ability: Weak Armor Level: 50 Tera Type: Psychic - Armor Cannon - Expanding Force - Destiny Bond - Protect #RIPDOZO (Dondozo) (M) @ Life Orb Ability: Unaware Level: 50 Tera Type: Flying - Wave Crash - Earthquake - Tera Blast - Protect :eyebrow: (Tatsugiri) (M) @ Choice Scarf Ability: Commander Level: 50 Tera Type: Steel - Muddy Water - Draco Meteor - Icy Wind - Helping Hand butter bane (Flutter Mane) @ Booster Energy Ability: Protosynthesis Level: 50 Tera Type: Steel - Protect - Shadow Ball - Moonblast - Dazzling Gleam <\/details><\/div>\n|c|\u2606johigfcvy9|glhf\n|j| salamiReal\n|c|\u2606No1OhioVGC|glhf\n|j| LoafOfGodlyBread\n|c| LoafOfGodlyBread|hawlucha sweep\n|inactive|Battle timer is ON: inactive players will automatically lose when time's up. (requested by No1OhioVGC)\n|\n|t:|1683566177\n|start\n|switch|p1a: Dragonite|Dragonite, L50, M|100\/100\n|switch|p1b: Torkoal|Torkoal, L50, M|100\/100\n|switch|p2a: yessir|Indeedee-F, L50, F|100\/100\n|switch|p2b: La Rouge|Armarouge, L50, F|100\/100\n|-fieldstart|move: Psychic Terrain|[from] ability: Psychic Surge|[of] p2a: yessir\n|-weather|SunnyDay|[from] ability: Drought|[of] p1b: Torkoal\n|turn|1\n|j| Wyvern129\n|inactive|No1OhioVGC has 30 seconds left.\n|\n|t:|1683566204\n|move|p2a: yessir|Helping Hand|p2b: La Rouge\n|-singleturn|p2b: La Rouge|Helping Hand|[of] p2a: yessir\n|move|p2b: La Rouge|Expanding Force|p1b: Torkoal|[spread] p1a,p1b\n|-damage|p1a: Dragonite|59\/100\n|-damage|p1b: Torkoal|0 fnt\n|faint|p1b: Torkoal\n|move|p1a: Dragonite|Tailwind|p1a: Dragonite\n|-sidestart|p1: No1OhioVGC|move: Tailwind\n|\n|-weather|SunnyDay|[upkeep]\n|upkeep\n|\n|t:|1683566209\n|switch|p1b: Flutter Mane|Flutter Mane, L50|100\/100\n|-activate|p1b: Flutter Mane|ability: Protosynthesis\n|-start|p1b: Flutter Mane|protosynthesisspa\n|turn|2\n|inactive|johigfcvy9 has 30 seconds left.\n|\n|t:|1683566239\n|-terastallize|p1a: Dragonite|Flying\n|move|p2a: yessir|Follow Me|p2a: yessir\n|-singleturn|p2a: yessir|move: Follow Me\n|move|p1b: Flutter Mane|Dazzling Gleam|p2a: yessir|[spread] p2a,p2b\n|-resisted|p2b: La Rouge\n|-damage|p2a: yessir|32\/100\n|-damage|p2b: La Rouge|57\/100\n|move|p1a: Dragonite|Tera Blast|p2a: yessir\n|-damage|p2a: yessir|0 fnt\n|faint|p2a: yessir\n|move|p2b: La Rouge|Expanding Force|p1a: Dragonite|[spread] p1a,p1b\n|-damage|p1a: Dragonite|0 fnt\n|-damage|p1b: Flutter Mane|29\/100\n|faint|p1a: Dragonite\n|\n|-weather|SunnyDay|[upkeep]\n|upkeep\n|\n|t:|1683566257\n|switch|p1a: Lilligant|Lilligant, L50, F|100\/100\n|switch|p2a: #RIPDOZO|Dondozo, L50, M|100\/100\n|turn|3\n|\n|t:|1683566272\n|move|p2a: #RIPDOZO|Protect|p2a: #RIPDOZO\n|-singleturn|p2a: #RIPDOZO|Protect\n|move|p1a: Lilligant|Leaf Storm|p2b: La Rouge\n|-resisted|p2b: La Rouge\n|-damage|p2b: La Rouge|15\/100\n|-unboost|p1a: Lilligant|spa|2\n|move|p1b: Flutter Mane|Dazzling Gleam|p2a: #RIPDOZO|[spread] p2b\n|-activate|p2a: #RIPDOZO|move: Protect\n|-resisted|p2b: La Rouge\n|-damage|p2b: La Rouge|0 fnt\n|faint|p2b: La Rouge\n|\n|-weather|SunnyDay|[upkeep]\n|upkeep\n|\n|t:|1683566281\n|switch|p2b: :eyebrow:|Tatsugiri, L50, M|100\/100\n|-activate|p2b: :eyebrow:|ability: Commander|[of] p2a: #RIPDOZO\n|-boost|p2a: #RIPDOZO|atk|2\n|-boost|p2a: #RIPDOZO|spa|2\n|-boost|p2a: #RIPDOZO|spe|2\n|-boost|p2a: #RIPDOZO|def|2\n|-boost|p2a: #RIPDOZO|spd|2\n|turn|4\n|\n|t:|1683566298\n|-terastallize|p2a: #RIPDOZO|Flying\n|move|p1a: Lilligant|Sleep Powder|p2a: #RIPDOZO\n|-status|p2a: #RIPDOZO|slp|[from] move: Sleep Powder\n|move|p1b: Flutter Mane|Dazzling Gleam|p2b: :eyebrow:|[spread] p2a\n|-miss|p1b: Flutter Mane|p2b: :eyebrow:\n|-damage|p2a: #RIPDOZO|62\/100 slp\n|cant|p2a: #RIPDOZO|slp\n|\n|-weather|SunnyDay|[upkeep]\n|-sideend|p1: No1OhioVGC|move: Tailwind\n|upkeep\n|turn|5\n|\n|t:|1683566319\n|move|p1a: Lilligant|Leaf Storm|p2a: #RIPDOZO\n|-resisted|p2a: #RIPDOZO\n|-crit|p2a: #RIPDOZO\n|-damage|p2a: #RIPDOZO|9\/100 slp\n|-unboost|p1a: Lilligant|spa|2\n|move|p1b: Flutter Mane|Dazzling Gleam|p2b: :eyebrow:|[spread] p2a\n|-miss|p1b: Flutter Mane|p2b: :eyebrow:\n|-damage|p2a: #RIPDOZO|0 fnt\n|faint|p2a: #RIPDOZO\n|\n|-weather|none\n|-end|p1b: Flutter Mane|Protosynthesis\n|-fieldend|move: Psychic Terrain\n|upkeep\n|turn|6\n|\n|t:|1683566331\n|move|p2b: :eyebrow:|Muddy Water|p1b: Flutter Mane|[spread] p1b\n|-miss|p2b: :eyebrow:|p1a: Lilligant\n|-damage|p1b: Flutter Mane|0 fnt\n|faint|p1b: Flutter Mane\n|-end|p1b: Flutter Mane|Protosynthesis|[silent]\n|move|p1a: Lilligant|Sleep Powder|p2b: :eyebrow:|[miss]\n|-miss|p1a: Lilligant|p2b: :eyebrow:\n|\n|upkeep\n|turn|7\n|\n|t:|1683566339\n|move|p2b: :eyebrow:|Muddy Water|p1a: Lilligant\n|-resisted|p1a: Lilligant\n|-damage|p1a: Lilligant|66\/100\n|-unboost|p1a: Lilligant|accuracy|1\n|move|p1a: Lilligant|Sleep Powder|p2b: :eyebrow:|[miss]\n|-miss|p1a: Lilligant|p2b: :eyebrow:\n|\n|upkeep\n|turn|8\n|\n|t:|1683566344\n|move|p2b: :eyebrow:|Muddy Water|p1a: Lilligant|[miss]\n|-miss|p2b: :eyebrow:|p1a: Lilligant\n|move|p1a: Lilligant|Sleep Powder|p2b: :eyebrow:|[miss]\n|-miss|p1a: Lilligant|p2b: :eyebrow:\n|\n|upkeep\n|turn|9\n|\n|t:|1683566348\n|move|p2b: :eyebrow:|Muddy Water|p1a: Lilligant\n|-resisted|p1a: Lilligant\n|-crit|p1a: Lilligant\n|-damage|p1a: Lilligant|18\/100\n|move|p1a: Lilligant|Sleep Powder|p2b: :eyebrow:\n|-status|p2b: :eyebrow:|slp|[from] move: Sleep Powder\n|\n|upkeep\n|turn|10\n|\n|t:|1683566353\n|cant|p2b: :eyebrow:|slp\n|move|p1a: Lilligant|Leaf Storm|p2b: :eyebrow:\n|-damage|p2b: :eyebrow:|71\/100 slp\n|-unboost|p1a: Lilligant|spa|2\n|\n|upkeep\n|turn|11\n|\n|t:|1683566357\n|cant|p2b: :eyebrow:|slp\n|move|p1a: Lilligant|Leaf Storm|p2b: :eyebrow:\n|-damage|p2b: :eyebrow:|52\/100 slp\n|\n|upkeep\n|turn|12\n|\n|t:|1683566361\n|cant|p2b: :eyebrow:|slp\n|move|p1a: Lilligant|Leaf Storm|p2b: :eyebrow:\n|-damage|p2b: :eyebrow:|32\/100 slp\n|\n|upkeep\n|turn|13\n|\n|t:|1683566366\n|-curestatus|p2b: :eyebrow:|slp|[msg]\n|move|p2b: :eyebrow:|Muddy Water|p1a: Lilligant|[miss]\n|-miss|p2b: :eyebrow:|p1a: Lilligant\n|move|p1a: Lilligant|Leaf Storm|p2b: :eyebrow:\n|-damage|p2b: :eyebrow:|13\/100\n|\n|upkeep\n|turn|14\n|\n|t:|1683566370\n|move|p2b: :eyebrow:|Muddy Water|p1a: Lilligant\n|-resisted|p1a: Lilligant\n|-damage|p1a: Lilligant|0 fnt\n|faint|p1a: Lilligant\n|\n|win|johigfcvy9\n|n|\u2606No1OhioVGC|no1ohiovgc\n|n|\u2606johigfcvy9|johigfcvy9\n|n| salamiReal|salamireal\n|n| LoafOfGodlyBread|loafofgodlybread\n|n| Wyvern129|wyvern129\n","uploadtime":1683566371,"views":14,"p1id":"no1ohiovgc","p2id":"johigfcvy9","formatid":"gen9vgc2023regulationc","rating":0,"private":0,"password":""}