{"id":"gen9vgc2023regulationc-1851694230","p1":"Kiryae","p2":"Doomtheboomkin","format":"[Gen 9] VGC 2023 Regulation C","log":"|j|\u2606Kiryae\n|j|\u2606Doomtheboomkin\n|t:|1682470851\n|gametype|doubles\n|player|p1|Kiryae|1|\n|player|p2|Doomtheboomkin|shadowtriad|\n|teamsize|p1|6\n|teamsize|p2|6\n|gen|9\n|tier|[Gen 9] VGC 2023 Regulation C\n|rule|Species Clause: Limit one of each Pok\u00e9mon\n|rule|Item Clause: Limit one of each item\n|clearpoke\n|poke|p1|Chi-Yu, L50|\n|poke|p1|Palafin, L50, M|\n|poke|p1|Pelipper, L50, M|\n|poke|p1|Iron Hands, L50|\n|poke|p1|Amoonguss, L50, F|\n|poke|p1|Flutter Mane, L50|\n|poke|p2|Baxcalibur, L50, M|\n|poke|p2|Chien-Pao, L50|\n|poke|p2|Dragonite, L50, F|\n|poke|p2|Palafin, L50, F|\n|poke|p2|Pelipper, L50, F|\n|poke|p2|Amoonguss, L50, F|\n|teampreview|4\n|inactive|Battle timer is ON: inactive players will automatically lose when time's up. (requested by Kiryae)\n|inactive|Doomtheboomkin also wants the timer to be on.\nDoomtheboomkin has agreed to open team sheets.\nKiryae has agreed to open team sheets.\n|inactive|Doomtheboomkin has 60 seconds left.\n|\n|t:|1682470881\n|start\n|switch|p1a: Iron Hands|Iron Hands, L50|100\/100\n|switch|p1b: Pelipper|Pelipper, L50, M|100\/100\n|switch|p2a: Pizz-azz|Chien-Pao, L50|100\/100\n|switch|p2b: Palafin|Palafin, L50, F|100\/100\n|-ability|p2a: Pizz-azz|Sword of Ruin\n|-weather|RainDance|[from] ability: Drizzle|[of] p1b: Pelipper\n|turn|1\n|\n|t:|1682470901\n|detailschange|p2b: Palafin|Palafin-Hero, L50, F\n|switch|p2b: Amoonguss|Amoonguss, L50, F|100\/100\n|move|p2a: Pizz-azz|Ice Spinner|p1b: Pelipper\n|-damage|p1b: Pelipper|37\/100\n|move|p1b: Pelipper|Hurricane|p2b: Amoonguss\n|-supereffective|p2b: Amoonguss\n|-damage|p2b: Amoonguss|17\/100\n|-enditem|p2b: Amoonguss|Sitrus Berry|[eat]\n|-heal|p2b: Amoonguss|42\/100|[from] item: Sitrus Berry\n|move|p1a: Iron Hands|Close Combat|p2a: Pizz-azz\n|-supereffective|p2a: Pizz-azz\n|-enditem|p2a: Pizz-azz|Focus Sash\n|-damage|p2a: Pizz-azz|1\/100\n|-unboost|p1a: Iron Hands|def|1\n|-unboost|p1a: Iron Hands|spd|1\n|\n|-weather|RainDance|[upkeep]\n|upkeep\n|turn|2\n|inactive|Kiryae has 30 seconds left.\n|inactive|Kiryae has 20 seconds left.\n|inactive|Kiryae has 15 seconds left.\n|inactive|Kiryae has 10 seconds left.\n|inactive|Kiryae has 5 seconds left.\n|\n|t:|1682470952\n|switch|p2b: Dragonite|Dragonite, L50, F|100\/100\n|-terastallize|p1a: Iron Hands|Grass\n|move|p1b: Pelipper|Protect|p1b: Pelipper\n|-singleturn|p1b: Pelipper|Protect\n|move|p2a: Pizz-azz|Ice Spinner|p1b: Pelipper\n|-activate|p1b: Pelipper|move: Protect\n|move|p1a: Iron Hands|Close Combat|p2a: Pizz-azz\n|-supereffective|p2a: Pizz-azz\n|-damage|p2a: Pizz-azz|0 fnt\n|-unboost|p1a: Iron Hands|def|1\n|-unboost|p1a: Iron Hands|spd|1\n|faint|p2a: Pizz-azz\n|\n|-weather|RainDance|[upkeep]\n|upkeep\n|\n|t:|1682470966\n|switch|p2a: Palafin|Palafin-Hero, L50, F|100\/100\n|-activate|p2a: Palafin|ability: Zero to Hero\n|turn|3\n|\n|t:|1682470978\n|switch|p1b: Flutter Mane|Flutter Mane, L50|100\/100\n|-end|p1a: Iron Hands|Quark Drive|[silent]\n|switch|p1a: Chi-Yu|Chi-Yu, L50|100\/100\n|-ability|p1a: Chi-Yu|Beads of Ruin\n|-terastallize|p2b: Dragonite|Flying\n|move|p2a: Palafin|Jet Punch|p1b: Flutter Mane\n|-damage|p1b: Flutter Mane|0 fnt\n|faint|p1b: Flutter Mane\n|-end|p1b: Flutter Mane|Protosynthesis|[silent]\n|move|p2b: Dragonite|Tera Blast|p1a: Chi-Yu\n|-damage|p1a: Chi-Yu|13\/100\n|\n|-weather|RainDance|[upkeep]\n|upkeep\n|\n|t:|1682470994\n|switch|p1b: Iron Hands|Iron Hands, L50, tera:Grass|100\/100\n|turn|4\n|\n|t:|1682471007\n|move|p2a: Palafin|Protect|p2a: Palafin\n|-singleturn|p2a: Palafin|Protect\n|move|p2b: Dragonite|Protect|p2b: Dragonite\n|-singleturn|p2b: Dragonite|Protect\n|move|p1a: Chi-Yu|Dark Pulse|p2b: Dragonite\n|-activate|p2b: Dragonite|move: Protect\n|move|p1b: Iron Hands|Wild Charge|p2a: Palafin\n|-activate|p2a: Palafin|move: Protect\n|\n|-weather|RainDance|[upkeep]\n|upkeep\n|turn|5\n|inactive|Kiryae has 30 seconds left.\n|\n|t:|1682471035\n|move|p2a: Palafin|Jet Punch|p1a: Chi-Yu\n|-supereffective|p1a: Chi-Yu\n|-damage|p1a: Chi-Yu|0 fnt\n|faint|p1a: Chi-Yu\n|move|p2b: Dragonite|Tera Blast|p1b: Iron Hands\n|-supereffective|p1b: Iron Hands\n|-damage|p1b: Iron Hands|7\/100\n|move|p1b: Iron Hands|Wild Charge|p2b: Dragonite\n|-supereffective|p2b: Dragonite\n|-damage|p2b: Dragonite|56\/100\n|-damage|p1b: Iron Hands|0 fnt|[from] Recoil\n|faint|p1b: Iron Hands\n|-end|p1b: Iron Hands|Quark Drive|[silent]\n|\n|-weather|none\n|upkeep\n|\n|t:|1682471047\n|switch|p1b: Pelipper|Pelipper, L50, M|37\/100\n|-weather|RainDance|[from] ability: Drizzle|[of] p1b: Pelipper\n|turn|6\n|-message|Kiryae forfeited.\n|\n|win|Doomtheboomkin\n|l|\u2606Kiryae\n","uploadtime":1682471269,"views":12,"p1id":"kiryae","p2id":"doomtheboomkin","formatid":"gen9vgc2023regulationc","rating":0,"private":0,"password":""}