{"id":"gen9vgc2023regulationc-1847002530","p1":"FosTPF","p2":"qzy1993","format":"[Gen 9] VGC 2023 Regulation C","log":"|j|\u2606FosTPF\n|j|\u2606qzy1993\n|t:|1681910690\n|gametype|doubles\n|player|p1|FosTPF|steven|1122\n|player|p2|qzy1993|170|1147\n|teamsize|p1|6\n|teamsize|p2|6\n|gen|9\n|tier|[Gen 9] VGC 2023 Regulation C\n|rated|\n|rule|Species Clause: Limit one of each Pok\u00e9mon\n|rule|Item Clause: Limit one of each item\n|clearpoke\n|poke|p1|Amoonguss, L50, F|\n|poke|p1|Palafin, L50, F|\n|poke|p1|Arcanine, L50, F|\n|poke|p1|Flutter Mane, L50|\n|poke|p1|Ting-Lu, L50|\n|poke|p1|Roaring Moon, L50|\n|poke|p2|Flutter Mane, L50|\n|poke|p2|Palafin, L50, M|\n|poke|p2|Amoonguss, L50, M|\n|poke|p2|Arcanine, L50, F|\n|poke|p2|Baxcalibur, L50, M|\n|poke|p2|Ting-Lu, L50|\n|teampreview|4\n|\n|t:|1681910745\n|start\n|switch|p1a: Flutter Mane|Flutter Mane, L50|100\/100\n|switch|p1b: Palafin|Palafin, L50, F|100\/100\n|switch|p2a: Flutter Mane|Flutter Mane, L50|100\/100\n|switch|p2b: Palafin|Palafin, L50, M|100\/100\n|-enditem|p2a: Flutter Mane|Booster Energy\n|-activate|p2a: Flutter Mane|ability: Protosynthesis|[fromitem]\n|-start|p2a: Flutter Mane|protosynthesisspe\n|turn|1\n|inactive|Battle timer is ON: inactive players will automatically lose when time's up. (requested by qzy1993)\n|inactive|qzy1993 has 60 seconds left.\n|inactive|qzy1993 has 30 seconds left.\n|\n|t:|1681910808\n|-end|p1a: Flutter Mane|Protosynthesis|[silent]\n|switch|p1a: Amoonguss|Amoonguss, L50, F|100\/100\n|detailschange|p1b: Palafin|Palafin-Hero, L50, F\n|switch|p1b: Arcanine|Arcanine, L50, F|100\/100\n|-ability|p1b: Arcanine|Intimidate|boost\n|-unboost|p2a: Flutter Mane|atk|1\n|-unboost|p2b: Palafin|atk|1\n|move|p2a: Flutter Mane|Shadow Ball|p1a: Amoonguss\n|-damage|p1a: Amoonguss|61\/100\n|move|p2b: Palafin|Flip Turn|p1a: Amoonguss\n|-resisted|p1a: Amoonguss\n|-damage|p1a: Amoonguss|54\/100\n|\n|t:|1681910822\n|detailschange|p2b: Palafin|Palafin-Hero, L50, M\n|switch|p2b: Arcanine|Arcanine, L50, F|100\/100|[from] Flip Turn\n|-ability|p2b: Arcanine|Intimidate|boost\n|-unboost|p1a: Amoonguss|atk|1\n|-unboost|p1b: Arcanine|atk|1\n|\n|upkeep\n|turn|2\n|\n|t:|1681910836\n|move|p2a: Flutter Mane|Protect|p2a: Flutter Mane\n|-singleturn|p2a: Flutter Mane|Protect\n|move|p1a: Amoonguss|Protect|p1a: Amoonguss\n|-singleturn|p1a: Amoonguss|Protect\n|move|p1b: Arcanine|Flare Blitz|p2a: Flutter Mane\n|-activate|p2a: Flutter Mane|move: Protect\n|move|p2b: Arcanine|Flare Blitz|p1a: Amoonguss\n|-activate|p1a: Amoonguss|move: Protect\n|\n|upkeep\n|turn|3\n|inactive|qzy1993 has 30 seconds left.\n|\n|t:|1681910864\n|switch|p1a: Palafin|Palafin-Hero, L50, F|100\/100\n|-activate|p1a: Palafin|ability: Zero to Hero\n|move|p2a: Flutter Mane|Shadow Ball|p1a: Palafin\n|-damage|p1a: Palafin|53\/100\n|move|p1b: Arcanine|Will-O-Wisp|p2a: Flutter Mane\n|-status|p2a: Flutter Mane|brn\n|move|p2b: Arcanine|Flare Blitz|p1a: Palafin\n|-resisted|p1a: Palafin\n|-damage|p1a: Palafin|29\/100\n|-damage|p2b: Arcanine|93\/100|[from] Recoil\n|\n|-damage|p2a: Flutter Mane|94\/100 brn|[from] brn\n|upkeep\n|turn|4\n|inactive|qzy1993 has 30 seconds left.\n|inactive|qzy1993 has 20 seconds left.\n|inactive|qzy1993 has 15 seconds left.\n|inactive|qzy1993 has 10 seconds left.\n|\n|t:|1681910910\n|switch|p2b: Baxcalibur|Baxcalibur, L50, M|100\/100\n|move|p1a: Palafin|Protect|p1a: Palafin\n|-singleturn|p1a: Palafin|Protect\n|move|p2a: Flutter Mane|Shadow Ball|p1a: Palafin\n|-activate|p1a: Palafin|move: Protect\n|move|p1b: Arcanine|Flare Blitz|p2a: Flutter Mane\n|-damage|p2a: Flutter Mane|23\/100 brn\n|-damage|p1b: Arcanine|84\/100|[from] Recoil\n|\n|-damage|p2a: Flutter Mane|17\/100 brn|[from] brn\n|upkeep\n|turn|5\n|inactive|FosTPF has 30 seconds left.\n|\n|t:|1681910938\n|switch|p1a: Amoonguss|Amoonguss, L50, F|87\/100\n|move|p2a: Flutter Mane|Shadow Ball|p1a: Amoonguss\n|-damage|p1a: Amoonguss|52\/100\n|move|p2b: Baxcalibur|Earthquake|p1b: Arcanine|[spread] p2a,p1a,p1b\n|-supereffective|p1b: Arcanine\n|-damage|p2a: Flutter Mane|0 fnt\n|-damage|p1a: Amoonguss|28\/100\n|-damage|p1b: Arcanine|33\/100\n|-enditem|p1a: Amoonguss|Sitrus Berry|[eat]\n|-heal|p1a: Amoonguss|53\/100|[from] item: Sitrus Berry\n|faint|p2a: Flutter Mane\n|-end|p2a: Flutter Mane|Protosynthesis|[silent]\n|move|p1b: Arcanine|Flare Blitz|p2b: Baxcalibur\n|-damage|p2b: Baxcalibur|70\/100\n|-ability|p2b: Baxcalibur|Thermal Exchange|boost\n|-boost|p2b: Baxcalibur|atk|1\n|-damage|p1b: Arcanine|23\/100|[from] Recoil\n|\n|upkeep\n|\n|t:|1681910960\n|switch|p2a: Palafin|Palafin-Hero, L50, M|100\/100\n|-activate|p2a: Palafin|ability: Zero to Hero\n|turn|6\n|\n|t:|1681910982\n|move|p1b: Arcanine|Protect|p1b: Arcanine\n|-singleturn|p1b: Arcanine|Protect\n|move|p2a: Palafin|Wave Crash|p1b: Arcanine\n|-activate|p1b: Arcanine|move: Protect\n|move|p2b: Baxcalibur|Icicle Spear|p1a: Amoonguss\n|-supereffective|p1a: Amoonguss\n|-damage|p1a: Amoonguss|17\/100\n|-supereffective|p1a: Amoonguss\n|-damage|p1a: Amoonguss|0 fnt\n|faint|p1a: Amoonguss\n|-hitcount|p1: Amoonguss|2\n|\n|upkeep\n|\n|t:|1681910995\n|switch|p1a: Flutter Mane|Flutter Mane, L50|100\/100\n|turn|7\n|inactive|qzy1993 has 30 seconds left.\n|inactive|qzy1993 has 20 seconds left.\n|\n|t:|1681911031\n|-terastallize|p2b: Baxcalibur|Poison\n|move|p2a: Palafin|Jet Punch|p1b: Arcanine\n|-supereffective|p1b: Arcanine\n|-damage|p1b: Arcanine|0 fnt\n|faint|p1b: Arcanine\n|move|p1a: Flutter Mane|Shadow Ball|p2b: Baxcalibur\n|-damage|p2b: Baxcalibur|22\/100\n|-unboost|p2b: Baxcalibur|spd|1\n|move|p2b: Baxcalibur|Icicle Spear|p1a: Flutter Mane\n|-damage|p1a: Flutter Mane|52\/100\n|-damage|p1a: Flutter Mane|6\/100\n|-damage|p1a: Flutter Mane|0 fnt\n|faint|p1a: Flutter Mane\n|-end|p1a: Flutter Mane|Protosynthesis|[silent]\n|-hitcount|p1: Flutter Mane|3\n|\n|upkeep\n|-message|FosTPF forfeited.\n|\n|win|qzy1993\n|raw|FosTPF's rating: 1122 → 1099<\/strong> (-23 for losing)\n|raw|qzy1993's rating: 1147 → 1170<\/strong> (+23 for winning)\n|l|\u2606FosTPF\n","uploadtime":1681911070,"views":11,"p1id":"fostpf","p2id":"qzy1993","formatid":"gen9vgc2023regulationc","rating":1099,"private":0,"password":""}