{"id":"gen9vgc2023regulationc-1850866754","p1":"XHyrule","p2":"Frytosss","format":"[Gen 9] VGC 2023 Regulation C","log":"|j|\u2606XHyrule\n|j|\u2606Frytosss\n|t:|1682376081\n|gametype|doubles\n|player|p1|XHyrule|red|\n|player|p2|Frytosss|170|\n|teamsize|p1|6\n|teamsize|p2|6\n|gen|9\n|tier|[Gen 9] VGC 2023 Regulation C\n|rule|Species Clause: Limit one of each Pok\u00e9mon\n|rule|Item Clause: Limit one of each item\n|clearpoke\n|poke|p1|Chi-Yu, L50|\n|poke|p1|Flutter Mane, L50|\n|poke|p1|Torkoal, L50, M|\n|poke|p1|Iron Bundle, L50|\n|poke|p1|Sandy Shocks, L50|\n|poke|p1|Quaquaval, L50, M|\n|poke|p2|Quaquaval, L50, M|\n|poke|p2|Pelipper, L50, M|\n|poke|p2|Gyarados, L50, M|\n|poke|p2|Cloyster, L50, F|\n|poke|p2|Clawitzer, L50, F|\n|poke|p2|Rotom-Wash, L50|\n|teampreview|4\n|\n|t:|1682376115\n|start\n|switch|p1a: Cleiton|Iron Bundle, L50|100\/100\n|switch|p1b: Cl\u00e1udia|Flutter Mane, L50|100\/100\n|switch|p2a: Falo|Gyarados, L50, M|100\/100\n|switch|p2b: Geraldo|Pelipper, L50, M|100\/100\n|-ability|p2a: Falo|Intimidate|boost\n|-unboost|p1a: Cleiton|atk|1\n|-unboost|p1b: Cl\u00e1udia|atk|1\n|-weather|RainDance|[from] ability: Drizzle|[of] p2b: Geraldo\n|-enditem|p1a: Cleiton|Booster Energy\n|-activate|p1a: Cleiton|ability: Quark Drive|[fromitem]\n|-start|p1a: Cleiton|quarkdrivespe\n|turn|1\n|\n|t:|1682376151\n|-terastallize|p2a: Falo|Steel\n|move|p1a: Cleiton|Freeze-Dry|p2a: Falo\n|-resisted|p2a: Falo\n|-damage|p2a: Falo|82\/100\n|-status|p2a: Falo|frz\n|cant|p2a: Falo|frz\n|move|p1b: Cl\u00e1udia|Energy Ball|p2b: Geraldo\n|-damage|p2b: Geraldo|58\/100\n|-damage|p1b: Cl\u00e1udia|90\/100|[from] item: Life Orb\n|move|p2b: Geraldo|Tailwind|p2b: Geraldo\n|-sidestart|p2: Frytosss|move: Tailwind\n|\n|-weather|RainDance|[upkeep]\n|upkeep\n|turn|2\n|\n|t:|1682376194\n|cant|p2a: Falo|frz\n|move|p1a: Cleiton|Icy Wind|p2a: Falo|[spread] p2a,p2b\n|-resisted|p2a: Falo\n|-damage|p2a: Falo|72\/100 frz\n|-damage|p2b: Geraldo|38\/100\n|-unboost|p2a: Falo|spe|1\n|-unboost|p2b: Geraldo|spe|1\n|move|p1b: Cl\u00e1udia|Shadow Ball|p2a: Falo\n|-damage|p2a: Falo|13\/100 frz\n|-damage|p1b: Cl\u00e1udia|80\/100|[from] item: Life Orb\n|move|p2b: Geraldo|Hurricane|p1a: Cleiton\n|-damage|p1a: Cleiton|29\/100\n|\n|-weather|RainDance|[upkeep]\n|upkeep\n|turn|3\n|\n|t:|1682376216\n|move|p2b: Geraldo|Wide Guard|p2b: Geraldo\n|-singleturn|p2b: Geraldo|Wide Guard\n|move|p1a: Cleiton|Icy Wind|p2a: Falo|[spread] \n|-activate|p2a: Falo|move: Wide Guard\n|-activate|p2b: Geraldo|move: Wide Guard\n|-curestatus|p2a: Falo|frz|[msg]\n|move|p2a: Falo|Iron Head|p1b: Cl\u00e1udia\n|-supereffective|p1b: Cl\u00e1udia\n|-damage|p1b: Cl\u00e1udia|0 fnt\n|faint|p1b: Cl\u00e1udia\n|-end|p1b: Cl\u00e1udia|Protosynthesis|[silent]\n|\n|-weather|RainDance|[upkeep]\n|upkeep\n|\n|t:|1682376234\n|switch|p1b: Paulo|Sandy Shocks, L50|100\/100\n|turn|4\n|\n|t:|1682376255\n|move|p1a: Cleiton|Protect|p1a: Cleiton\n|-singleturn|p1a: Cleiton|Protect\n|move|p1b: Paulo|Protect|p1b: Paulo\n|-singleturn|p1b: Paulo|Protect\n|move|p2a: Falo|Iron Head|p1a: Cleiton\n|-activate|p1a: Cleiton|move: Protect\n|move|p2b: Geraldo|Hurricane|p1a: Cleiton\n|-activate|p1a: Cleiton|move: Protect\n|\n|-weather|RainDance|[upkeep]\n|-sideend|p2: Frytosss|move: Tailwind\n|upkeep\n|turn|5\n|\n|t:|1682376280\n|move|p2b: Geraldo|Wide Guard|p2b: Geraldo\n|-singleturn|p2b: Geraldo|Wide Guard\n|move|p1a: Cleiton|Freeze-Dry|p2a: Falo\n|-resisted|p2a: Falo\n|-damage|p2a: Falo|0 fnt\n|faint|p2a: Falo\n|move|p1b: Paulo|Electro Ball|p2b: Geraldo\n|-supereffective|p2b: Geraldo\n|-damage|p2b: Geraldo|0 fnt\n|faint|p2b: Geraldo\n|\n|-weather|RainDance|[upkeep]\n|upkeep\n|\n|t:|1682376290\n|switch|p2a: Brastemp|Rotom-Wash, L50|100\/100\n|switch|p2b: Brazilian Guy|Quaquaval, L50, M|100\/100\n|turn|6\n|\n|t:|1682376318\n|move|p1a: Cleiton|Protect|p1a: Cleiton\n|-singleturn|p1a: Cleiton|Protect\n|move|p1b: Paulo|Protect|p1b: Paulo\n|-singleturn|p1b: Paulo|Protect\n|move|p2b: Brazilian Guy|Protect|p2b: Brazilian Guy\n|-singleturn|p2b: Brazilian Guy|Protect\n|move|p2a: Brastemp|Light Screen|p2a: Brastemp\n|-sidestart|p2: Frytosss|move: Light Screen\n|\n|-weather|RainDance|[upkeep]\n|upkeep\n|turn|7\n|\n|t:|1682376353\n|move|p1a: Cleiton|Freeze-Dry|p2b: Brazilian Guy\n|-supereffective|p2b: Brazilian Guy\n|-damage|p2b: Brazilian Guy|45\/100\n|move|p1b: Paulo|Electro Ball|p2b: Brazilian Guy\n|-supereffective|p2b: Brazilian Guy\n|-damage|p2b: Brazilian Guy|0 fnt\n|faint|p2b: Brazilian Guy\n|move|p2a: Brastemp|Reflect|p2a: Brastemp\n|-sidestart|p2: Frytosss|Reflect\n|\n|-weather|RainDance|[upkeep]\n|upkeep\n|turn|8\n|-message|Frytosss forfeited.\n|\n|win|XHyrule\n|l|\u2606Frytosss\n|j|\u2606Frytosss\n|player|p2|Frytosss|170\n|l|\u2606XHyrule\n","uploadtime":1682376373,"views":13,"p1id":"xhyrule","p2id":"frytosss","formatid":"gen9vgc2023regulationc","rating":0,"private":0,"password":""}