{"id":"gen9vgc2023regulationc-1854844208","p1":"bennoVGC","p2":"flameingpigey2","format":"[Gen 9] VGC 2023 Regulation C","log":"|j|\u2606bennoVGC\n|j|\u2606flameingpigey2\n|t:|1682872548\n|gametype|doubles\n|player|p1|bennoVGC|265|\n|player|p2|flameingpigey2|hilbert-wonderlauncher|\n|teamsize|p1|6\n|teamsize|p2|6\n|gen|9\n|tier|[Gen 9] VGC 2023 Regulation C\n|rule|Species Clause: Limit one of each Pok\u00e9mon\n|rule|Item Clause: Limit one of each item\n|clearpoke\n|poke|p1|Palafin, L50, M|\n|poke|p1|Arcanine, L50, M|\n|poke|p1|Flutter Mane, L50|\n|poke|p1|Amoonguss, L50, F|\n|poke|p1|Pawmot, L50, F|\n|poke|p1|Ting-Lu, L50|\n|poke|p2|Garganacl, L50, M|\n|poke|p2|Arcanine, L50, M|\n|poke|p2|Iron Hands, L50|\n|poke|p2|Gothitelle, L50, F|\n|poke|p2|Amoonguss, L50, M|\n|poke|p2|Flutter Mane, L50|\n|teampreview|4\nflameingpigey2 has agreed to open team sheets.\nbennoVGC has agreed to open team sheets.\n|\n|t:|1682872588\n|start\n|switch|p1a: Flutter Mane|Flutter Mane, L50, shiny|100\/100\n|switch|p1b: Ting-Lu|Ting-Lu, L50|100\/100\n|switch|p2a: Gothitelle|Gothitelle, L50, F|100\/100\n|switch|p2b: Arcanine|Arcanine, L50, M|100\/100\n|-ability|p2b: Arcanine|Intimidate|boost\n|-unboost|p1a: Flutter Mane|atk|1\n|-unboost|p1b: Ting-Lu|atk|1\n|-ability|p1b: Ting-Lu|Vessel of Ruin\n|turn|1\n|\n|t:|1682872627\n|-end|p1a: Flutter Mane|Protosynthesis|[silent]\n|switch|p1a: Arcanine|Arcanine, L50, M, shiny|100\/100\n|-ability|p1a: Arcanine|Intimidate|boost\n|-unboost|p2a: Gothitelle|atk|1\n|-unboost|p2b: Arcanine|atk|1\n|move|p2a: Gothitelle|Fake Out|p1b: Ting-Lu\n|-damage|p1b: Ting-Lu|98\/100\n|move|p2b: Arcanine|Flare Blitz|p1a: Arcanine\n|-resisted|p1a: Arcanine\n|-damage|p1a: Arcanine|77\/100\n|-damage|p2b: Arcanine|92\/100|[from] Recoil\n|cant|p1b: Ting-Lu|flinch\n|\n|upkeep\n|turn|2\n|\n|t:|1682872669\n|switch|p2b: Iron Hands|Iron Hands, L50|100\/100\n|move|p1a: Arcanine|Flare Blitz|p2a: Gothitelle\n|-damage|p2a: Gothitelle|50\/100\n|-enditem|p2a: Gothitelle|Sitrus Berry|[eat]\n|-heal|p2a: Gothitelle|75\/100|[from] item: Sitrus Berry\n|-damage|p1a: Arcanine|62\/100|[from] Recoil\n|move|p2a: Gothitelle|Charm|p1b: Ting-Lu\n|-unboost|p1b: Ting-Lu|atk|2\n|move|p1b: Ting-Lu|Fissure|p2b: Iron Hands\n|-damage|p2b: Iron Hands|0 fnt\n|faint|p2b: Iron Hands\n|-end|p2b: Iron Hands|Quark Drive|[silent]\n|-ohko\n|\n|upkeep\n|c|\u2606flameingpigey2|you had double power stomping tantrum LOL\n|c|\u2606bennoVGC|yeah but figured I wouldn't do much anyway.\n|c|\u2606bennoVGC|but yeah true\n|\n|t:|1682872742\n|switch|p2b: Arcanine|Arcanine, L50, M|92\/100\n|-ability|p2b: Arcanine|Intimidate|boost\n|-unboost|p1a: Arcanine|atk|1\n|-unboost|p1b: Ting-Lu|atk|1\n|turn|3\n|\n|t:|1682872757\n|switch|p2a: Garganacl|Garganacl, L50, M|100\/100\n|move|p1a: Arcanine|Flare Blitz|p2a: Garganacl\n|-resisted|p2a: Garganacl\n|-damage|p2a: Garganacl|90\/100\n|-damage|p1a: Arcanine|59\/100|[from] Recoil\n|move|p2b: Arcanine|Flare Blitz|p1b: Ting-Lu\n|-damage|p1b: Ting-Lu|62\/100\n|-damage|p2b: Arcanine|76\/100|[from] Recoil\n|move|p1b: Ting-Lu|Fissure|p2b: Arcanine\n|-damage|p2b: Arcanine|0 fnt\n|faint|p2b: Arcanine\n|-ohko\n|\n|-heal|p2a: Garganacl|96\/100|[from] item: Leftovers\n|upkeep\n|\n|t:|1682872772\n|switch|p2b: Gothitelle|Gothitelle, L50, F|75\/100\n|turn|4\n|\n|t:|1682872832\n|move|p1a: Arcanine|Protect|p1a: Arcanine\n|-singleturn|p1a: Arcanine|Protect\n|move|p2b: Gothitelle|Fake Out|p1b: Ting-Lu\n|-damage|p1b: Ting-Lu|59\/100\n|cant|p1b: Ting-Lu|flinch\n|move|p2a: Garganacl|Salt Cure|p1b: Ting-Lu\n|-resisted|p1b: Ting-Lu\n|-damage|p1b: Ting-Lu|55\/100\n|-start|p1b: Ting-Lu|Salt Cure\n|\n|-heal|p2a: Garganacl|100\/100|[from] item: Leftovers\n|-damage|p1b: Ting-Lu|42\/100|[from] Salt Cure\n|upkeep\n|turn|5\n|\n|t:|1682872858\n|move|p2b: Gothitelle|Protect|p2b: Gothitelle\n|-singleturn|p2b: Gothitelle|Protect\n|move|p2a: Garganacl|Protect|p2a: Garganacl\n|-singleturn|p2a: Garganacl|Protect\n|move|p1a: Arcanine|Flare Blitz|p2b: Gothitelle\n|-activate|p2b: Gothitelle|move: Protect\n|move|p1b: Ting-Lu|Fissure|p2a: Garganacl\n|-activate|p2a: Garganacl|move: Protect\n|\n|-damage|p1b: Ting-Lu|30\/100|[from] Salt Cure\n|upkeep\n|turn|6\n|\n|t:|1682872895\n|move|p1a: Arcanine|Flare Blitz|p2b: Gothitelle\n|-damage|p2b: Gothitelle|43\/100\n|-damage|p1a: Arcanine|49\/100|[from] Recoil\n|move|p2b: Gothitelle|Psychic|p1a: Arcanine\n|-damage|p1a: Arcanine|24\/100\n|move|p1b: Ting-Lu|Fissure|p2a: Garganacl|[miss]\n|-miss|p1b: Ting-Lu|p2a: Garganacl\n|move|p2a: Garganacl|Salt Cure|p1a: Arcanine\n|-supereffective|p1a: Arcanine\n|-damage|p1a: Arcanine|0 fnt\n|faint|p1a: Arcanine\n|\n|-damage|p1b: Ting-Lu|18\/100|[from] Salt Cure\n|upkeep\n|\n|t:|1682872908\n|switch|p1a: Flutter Mane|Flutter Mane, L50, shiny|100\/100\n|turn|7\n|\n|t:|1682872948\n|move|p2b: Gothitelle|Protect|p2b: Gothitelle\n|-singleturn|p2b: Gothitelle|Protect\n|move|p2a: Garganacl|Protect|p2a: Garganacl\n|-singleturn|p2a: Garganacl|Protect\n|move|p1a: Flutter Mane|Moonblast|p2b: Gothitelle\n|-activate|p2b: Gothitelle|move: Protect\n|move|p1b: Ting-Lu|Ruination|p2a: Garganacl\n|-activate|p2a: Garganacl|move: Protect\n|\n|-damage|p1b: Ting-Lu|6\/100|[from] Salt Cure\n|upkeep\n|turn|8\n|\n|t:|1682872975\n|move|p1a: Flutter Mane|Moonblast|p2b: Gothitelle\n|-damage|p2b: Gothitelle|7\/100\n|-unboost|p2b: Gothitelle|spa|1\n|move|p2b: Gothitelle|Psychic|p1a: Flutter Mane\n|-damage|p1a: Flutter Mane|87\/100\n|move|p1b: Ting-Lu|Ruination|p2a: Garganacl\n|-damage|p2a: Garganacl|51\/100\n|move|p2a: Garganacl|Salt Cure|p1a: Flutter Mane\n|-damage|p1a: Flutter Mane|60\/100\n|-start|p1a: Flutter Mane|Salt Cure\n|\n|-heal|p2a: Garganacl|57\/100|[from] item: Leftovers\n|-damage|p1a: Flutter Mane|48\/100|[from] Salt Cure\n|-damage|p1b: Ting-Lu|0 fnt|[from] Salt Cure\n|faint|p1b: Ting-Lu\n|upkeep\n|\n|t:|1682872984\n|switch|p1b: Amoonguss|Amoonguss, L50, F, shiny|100\/100\n|turn|9\n|\n|t:|1682873070\n|-terastallize|p1b: Amoonguss|Water\n|move|p2a: Garganacl|Protect|p2a: Garganacl\n|-singleturn|p2a: Garganacl|Protect\n|move|p1a: Flutter Mane|Moonblast|p2a: Garganacl\n|-activate|p2a: Garganacl|move: Protect\n|move|p2b: Gothitelle|Psychic|p1b: Amoonguss\n|-damage|p1b: Amoonguss|83\/100\n|move|p1b: Amoonguss|Pollen Puff|p1a: Flutter Mane\n|-heal|p1a: Flutter Mane|98\/100\n|\n|-heal|p2a: Garganacl|62\/100|[from] item: Leftovers\n|-damage|p1a: Flutter Mane|86\/100|[from] Salt Cure\n|upkeep\n|turn|10\n|\n|t:|1682873104\n|move|p1a: Flutter Mane|Moonblast|p2a: Garganacl\n|-damage|p2a: Garganacl|13\/100\n|move|p2b: Gothitelle|Psychic|p1b: Amoonguss\n|-damage|p1b: Amoonguss|66\/100\n|move|p2a: Garganacl|Recover|p2a: Garganacl\n|-heal|p2a: Garganacl|63\/100\n|move|p1b: Amoonguss|Pollen Puff|p2b: Gothitelle\n|-supereffective|p2b: Gothitelle\n|-damage|p2b: Gothitelle|0 fnt\n|faint|p2b: Gothitelle\n|\n|-heal|p2a: Garganacl|69\/100|[from] item: Leftovers\n|-damage|p1a: Flutter Mane|74\/100|[from] Salt Cure\n|upkeep\n|turn|11\n|\n|t:|1682873120\n|move|p2a: Garganacl|Protect|p2a: Garganacl\n|-singleturn|p2a: Garganacl|Protect\n|move|p1a: Flutter Mane|Moonblast|p2a: Garganacl\n|-activate|p2a: Garganacl|move: Protect\n|move|p1b: Amoonguss|Pollen Puff|p2a: Garganacl\n|-activate|p2a: Garganacl|move: Protect\n|\n|-heal|p2a: Garganacl|75\/100|[from] item: Leftovers\n|-damage|p1a: Flutter Mane|62\/100|[from] Salt Cure\n|upkeep\n|turn|12\n|\n|t:|1682873136\n|move|p1a: Flutter Mane|Moonblast|p2a: Garganacl\n|-damage|p2a: Garganacl|25\/100\n|move|p2a: Garganacl|Recover|p2a: Garganacl\n|-heal|p2a: Garganacl|75\/100\n|move|p1b: Amoonguss|Pollen Puff|p1a: Flutter Mane\n|-heal|p1a: Flutter Mane|100\/100\n|\n|-heal|p2a: Garganacl|81\/100|[from] item: Leftovers\n|-damage|p1a: Flutter Mane|89\/100|[from] Salt Cure\n|upkeep\n|turn|13\n|\n|t:|1682873157\n|move|p2a: Garganacl|Protect|p2a: Garganacl\n|-singleturn|p2a: Garganacl|Protect\n|move|p1a: Flutter Mane|Moonblast|p2a: Garganacl\n|-activate|p2a: Garganacl|move: Protect\n|move|p1b: Amoonguss|Pollen Puff|p2a: Garganacl\n|-activate|p2a: Garganacl|move: Protect\n|\n|-heal|p2a: Garganacl|87\/100|[from] item: Leftovers\n|-damage|p1a: Flutter Mane|77\/100|[from] Salt Cure\n|upkeep\n|turn|14\n|\n|t:|1682873165\n|move|p1a: Flutter Mane|Moonblast|p2a: Garganacl\n|-damage|p2a: Garganacl|38\/100\n|move|p2a: Garganacl|Recover|p2a: Garganacl\n|-heal|p2a: Garganacl|88\/100\n|move|p1b: Amoonguss|Pollen Puff|p1a: Flutter Mane\n|-heal|p1a: Flutter Mane|100\/100\n|\n|-heal|p2a: Garganacl|94\/100|[from] item: Leftovers\n|-damage|p1a: Flutter Mane|89\/100|[from] Salt Cure\n|upkeep\n|turn|15\n|c|\u2606bennoVGC|so is this ever gonna end?\n|\n|t:|1682873175\n|move|p2a: Garganacl|Protect|p2a: Garganacl\n|-singleturn|p2a: Garganacl|Protect\n|move|p1a: Flutter Mane|Moonblast|p2a: Garganacl\n|-activate|p2a: Garganacl|move: Protect\n|move|p1b: Amoonguss|Pollen Puff|p2a: Garganacl\n|-activate|p2a: Garganacl|move: Protect\n|\n|-heal|p2a: Garganacl|99\/100|[from] item: Leftovers\n|-damage|p1a: Flutter Mane|77\/100|[from] Salt Cure\n|upkeep\n|turn|16\n|c|\u2606flameingpigey2|yes\n|c|\u2606bennoVGC|oh yeah I see it lol\n|\n|t:|1682873197\n|move|p1a: Flutter Mane|Moonblast|p2a: Garganacl\n|-crit|p2a: Garganacl\n|-damage|p2a: Garganacl|33\/100\n|move|p2a: Garganacl|Salt Cure|p1b: Amoonguss\n|-damage|p1b: Amoonguss|54\/100\n|-start|p1b: Amoonguss|Salt Cure\n|move|p1b: Amoonguss|Pollen Puff|p2a: Garganacl\n|-damage|p2a: Garganacl|20\/100\n|\n|-heal|p2a: Garganacl|26\/100|[from] item: Leftovers\n|-damage|p1a: Flutter Mane|65\/100|[from] Salt Cure\n|-damage|p1b: Amoonguss|29\/100|[from] Salt Cure\n|upkeep\n|-enditem|p1b: Amoonguss|Sitrus Berry|[eat]\n|-heal|p1b: Amoonguss|54\/100|[from] item: Sitrus Berry\n|turn|17\n|c|\u2606bennoVGC|gg\n|c|\u2606flameingpigey2|im so mad\n|c|\u2606bennoVGC|I get it\n|\n|t:|1682873214\n|move|p2a: Garganacl|Protect|p2a: Garganacl\n|-singleturn|p2a: Garganacl|Protect\n|move|p1a: Flutter Mane|Moonblast|p2a: Garganacl\n|-activate|p2a: Garganacl|move: Protect\n|move|p1b: Amoonguss|Pollen Puff|p2a: Garganacl\n|-activate|p2a: Garganacl|move: Protect\n|\n|-heal|p2a: Garganacl|32\/100|[from] item: Leftovers\n|-damage|p1a: Flutter Mane|53\/100|[from] Salt Cure\n|-damage|p1b: Amoonguss|29\/100|[from] Salt Cure\n|upkeep\n|turn|18\n|c|\u2606bennoVGC|sorry about the one\n|c|\u2606bennoVGC|that\n|\n|t:|1682873241\n|move|p2a: Garganacl|Protect||[still]\n|-fail|p2a: Garganacl\n|move|p1a: Flutter Mane|Moonblast|p2a: Garganacl\n|-damage|p2a: Garganacl|0 fnt\n|faint|p2a: Garganacl\n|\n|win|bennoVGC\n","uploadtime":1682873843,"views":9,"p1id":"bennovgc","p2id":"flameingpigey2","formatid":"gen9vgc2023regulationc","rating":0,"private":0,"password":""}