{"id":"gen9vgc2023regulationc-1857177505","p1":"afasgjnsg","p2":"Kaiszerr","format":"[Gen 9] VGC 2023 Regulation C","log":"|j|\u2606afasgjnsg\n|j|\u2606Kaiszerr\n|t:|1683154373\n|gametype|doubles\n|player|p1|afasgjnsg|rosa|1099\n|player|p2|Kaiszerr|caitlin|1090\n|teamsize|p1|6\n|teamsize|p2|6\n|gen|9\n|tier|[Gen 9] VGC 2023 Regulation C\n|rated|\n|rule|Species Clause: Limit one of each Pok\u00e9mon\n|rule|Item Clause: Limit one of each item\n|clearpoke\n|poke|p1|Torkoal, L50, M|\n|poke|p1|Jumpluff, L50, M|\n|poke|p1|Great Tusk, L50|\n|poke|p1|Glimmora, L50, M|\n|poke|p1|Gastrodon-East, L50, F|\n|poke|p1|Flutter Mane, L50|\n|poke|p2|Chi-Yu, L50|\n|poke|p2|Flutter Mane, L50|\n|poke|p2|Palafin, L50, F|\n|poke|p2|Arcanine, L50, M|\n|poke|p2|Amoonguss, L50, F|\n|poke|p2|Chien-Pao, L50|\n|teampreview|4\n|inactive|Battle timer is ON: inactive players will automatically lose when time's up. (requested by afasgjnsg)\n|inactive|Kaiszerr also wants the timer to be on.\n|\n|t:|1683154399\n|start\n|switch|p1a: Jumpluff|Jumpluff, L50, M|100\/100\n|switch|p1b: Torkoal|Torkoal, L50, M|100\/100\n|switch|p2a: Palafin|Palafin, L50, F|100\/100\n|switch|p2b: Flutter Mane|Flutter Mane, L50|100\/100\n|-weather|SunnyDay|[from] ability: Drought|[of] p1b: Torkoal\n|-activate|p2b: Flutter Mane|ability: Protosynthesis\n|-start|p2b: Flutter Mane|protosynthesisspe\n|turn|1\n|\n|t:|1683154422\n|-terastallize|p1b: Torkoal|Fire\n|move|p2a: Palafin|Protect|p2a: Palafin\n|-singleturn|p2a: Palafin|Protect\n|move|p1a: Jumpluff|Sleep Powder|p2b: Flutter Mane\n|-status|p2b: Flutter Mane|slp|[from] move: Sleep Powder\n|cant|p2b: Flutter Mane|slp\n|move|p1b: Torkoal|Eruption|p2b: Flutter Mane|[spread] p2b\n|-activate|p2a: Palafin|move: Protect\n|-crit|p2b: Flutter Mane\n|-damage|p2b: Flutter Mane|0 fnt\n|faint|p2b: Flutter Mane\n|-end|p2b: Flutter Mane|Protosynthesis|[silent]\n|\n|-weather|SunnyDay|[upkeep]\n|upkeep\n|\n|t:|1683154433\n|switch|p2b: Chien-Pao|Chien-Pao, L50|100\/100\n|-ability|p2b: Chien-Pao|Sword of Ruin\n|turn|2\n|inactive|afasgjnsg has 30 seconds left.\n|\n|t:|1683154459\n|detailschange|p2a: Palafin|Palafin-Hero, L50, F\n|switch|p2a: Arcanine|Arcanine, L50, M|100\/100\n|-ability|p2a: Arcanine|Intimidate|boost\n|-unboost|p1a: Jumpluff|atk|1\n|-unboost|p1b: Torkoal|atk|1\n|-terastallize|p2b: Chien-Pao|Ghost\n|move|p1a: Jumpluff|Rage Powder|p1a: Jumpluff\n|-singleturn|p1a: Jumpluff|move: Rage Powder\n|move|p2b: Chien-Pao|Crunch|p1a: Jumpluff\n|-damage|p1a: Jumpluff|9\/100\n|-unboost|p1a: Jumpluff|def|1\n|-damage|p2b: Chien-Pao|84\/100|[from] item: Rocky Helmet|[of] p1a: Jumpluff\n|move|p1b: Torkoal|Eruption|p2a: Arcanine|[spread] p2a,p2b\n|-resisted|p2a: Arcanine\n|-damage|p2a: Arcanine|56\/100\n|-damage|p2b: Chien-Pao|0 fnt\n|faint|p2b: Chien-Pao\n|\n|-weather|SunnyDay|[upkeep]\n|upkeep\n|\n|t:|1683154470\n|switch|p2b: Palafin|Palafin-Hero, L50, F|100\/100\n|-activate|p2b: Palafin|ability: Zero to Hero\n|turn|3\n|inactive|afasgjnsg has 30 seconds left.\n|\n|t:|1683154500\n|move|p2a: Arcanine|Protect|p2a: Arcanine\n|-singleturn|p2a: Arcanine|Protect\n|move|p2b: Palafin|Jet Punch|p1a: Jumpluff\n|-resisted|p1a: Jumpluff\n|-damage|p1a: Jumpluff|0 fnt\n|-damage|p2b: Palafin|84\/100|[from] item: Rocky Helmet|[of] p1a: Jumpluff\n|faint|p1a: Jumpluff\n|move|p1b: Torkoal|Eruption|p2b: Palafin|[spread] p2b\n|-activate|p2a: Arcanine|move: Protect\n|-resisted|p2b: Palafin\n|-damage|p2b: Palafin|18\/100\n|\n|-weather|SunnyDay|[upkeep]\n|upkeep\n|\n|t:|1683154513\n|switch|p1a: Flutter Mane|Flutter Mane, L50|100\/100\n|-activate|p1a: Flutter Mane|ability: Protosynthesis\n|-start|p1a: Flutter Mane|protosynthesisspa\n|turn|4\n|\n|t:|1683154524\n|move|p1b: Torkoal|Protect|p1b: Torkoal\n|-singleturn|p1b: Torkoal|Protect\n|move|p2b: Palafin|Wave Crash|p1b: Torkoal\n|-activate|p1b: Torkoal|move: Protect\n|move|p2a: Arcanine|Flare Blitz|p1a: Flutter Mane\n|-damage|p1a: Flutter Mane|0 fnt\n|faint|p1a: Flutter Mane\n|-end|p1a: Flutter Mane|Protosynthesis|[silent]\n|-damage|p2a: Arcanine|32\/100|[from] Recoil\n|\n|-weather|SunnyDay|[upkeep]\n|upkeep\n|\n|t:|1683154531\n|switch|p1a: Gastrodon|Gastrodon-East, L50, F|100\/100\n|turn|5\n|\n|t:|1683154544\n|move|p2b: Palafin|Protect|p2b: Palafin\n|-singleturn|p2b: Palafin|Protect\n|move|p2a: Arcanine|Snarl|p1b: Torkoal|[spread] p1a,p1b\n|-crit|p1a: Gastrodon\n|-damage|p1a: Gastrodon|88\/100\n|-damage|p1b: Torkoal|86\/100\n|-unboost|p1a: Gastrodon|spa|1\n|-unboost|p1b: Torkoal|spa|1\n|move|p1a: Gastrodon|Recover|p1a: Gastrodon\n|-heal|p1a: Gastrodon|100\/100\n|move|p1b: Torkoal|Eruption|p2a: Arcanine|[spread] p2a\n|-activate|p2b: Palafin|move: Protect\n|-resisted|p2a: Arcanine\n|-damage|p2a: Arcanine|6\/100\n|\n|-weather|none\n|upkeep\n|turn|6\n|\n|t:|1683154563\n|move|p1a: Gastrodon|Protect|p1a: Gastrodon\n|-singleturn|p1a: Gastrodon|Protect\n|move|p2b: Palafin|Jet Punch|p1a: Gastrodon\n|-activate|p1a: Gastrodon|ability: Storm Drain\n|-activate|p1a: Gastrodon|move: Protect\n|move|p2a: Arcanine|Snarl|p1b: Torkoal|[spread] p1b\n|-activate|p1a: Gastrodon|move: Protect\n|-crit|p1b: Torkoal\n|-damage|p1b: Torkoal|65\/100\n|-unboost|p1b: Torkoal|spa|1\n|move|p1b: Torkoal|Eruption|p2a: Arcanine|[spread] p2a,p2b\n|-resisted|p2a: Arcanine\n|-resisted|p2b: Palafin\n|-damage|p2a: Arcanine|0 fnt\n|-damage|p2b: Palafin|3\/100\n|faint|p2a: Arcanine\n|\n|upkeep\n|turn|7\n|-message|Kaiszerr forfeited.\n|\n|win|afasgjnsg\n|raw|afasgjnsg's rating: 1099 → 1123<\/strong> (+24 for winning)\n|raw|Kaiszerr's rating: 1090 → 1067<\/strong> (-23 for losing)\n|l|\u2606Kaiszerr\n","uploadtime":1683154579,"views":7,"p1id":"afasgjnsg","p2id":"kaiszerr","formatid":"gen9vgc2023regulationc","rating":1067,"private":0,"password":""}