{"id":"gen9vgc2023regulationc-1851725060","p1":"pchan1f","p2":"juninhoooo99099","format":"[Gen 9] VGC 2023 Regulation C","log":"|j|\u2606pchan1f\n|j|\u2606juninhoooo99099\n|t:|1682474618\n|gametype|doubles\n|player|p1|pchan1f|169|1034\n|player|p2|juninhoooo99099|cynthia|1032\n|teamsize|p1|6\n|teamsize|p2|6\n|gen|9\n|tier|[Gen 9] VGC 2023 Regulation C\n|rated|\n|rule|Species Clause: Limit one of each Pok\u00e9mon\n|rule|Item Clause: Limit one of each item\n|clearpoke\n|poke|p1|Wo-Chien, L50|\n|poke|p1|Murkrow, L50, M|\n|poke|p1|Tsareena, L50, F|\n|poke|p1|Gholdengo, L50|\n|poke|p1|Iron Hands, L50|\n|poke|p1|Palafin, L50, M|\n|poke|p2|Iron Hands, L50|\n|poke|p2|Amoonguss, L50, F|\n|poke|p2|Pelipper, L50, F|\n|poke|p2|Palafin, L50, F|\n|poke|p2|Baxcalibur, L50, F|\n|poke|p2|Dragonite, L50, F|\n|teampreview|4\n|\n|t:|1682474669\n|start\n|switch|p1a: Iron Hands|Iron Hands, L50|100\/100\n|switch|p1b: Gholdengo|Gholdengo, L50|100\/100\n|switch|p2a: Beaker|Pelipper, L50, F|100\/100\n|switch|p2b: Torqoise|Palafin, L50, F|100\/100\n|-weather|RainDance|[from] ability: Drizzle|[of] p2a: Beaker\n|turn|1\n|inactive|Battle timer is ON: inactive players will automatically lose when time's up. (requested by pchan1f)\n|\n|t:|1682474695\n|detailschange|p2b: Torqoise|Palafin-Hero, L50, F\n|switch|p2b: Maradona|Iron Hands, L50, shiny|100\/100\n|switch|p1b: Palafin|Palafin, L50, M|100\/100\n|move|p1a: Iron Hands|Fake Out|p2b: Maradona\n|-damage|p2b: Maradona|90\/100\n|move|p2a: Beaker|Tailwind|p2a: Beaker\n|-sidestart|p2: juninhoooo99099|move: Tailwind\n|\n|-weather|RainDance|[upkeep]\n|upkeep\n|turn|2\n|inactive|pchan1f has 30 seconds left.\n|\n|t:|1682474721\n|switch|p2a: Shrom41Mor|Amoonguss, L50, F|100\/100\n|detailschange|p1b: Palafin|Palafin-Hero, L50, M\n|switch|p1b: Tsareena|Tsareena, L50, F|100\/100\n|move|p2b: Maradona|Wild Charge|p1b: Tsareena\n|-resisted|p1b: Tsareena\n|-damage|p1b: Tsareena|76\/100\n|-damage|p2b: Maradona|86\/100|[from] Recoil\n|move|p1a: Iron Hands|Volt Switch|p2a: Shrom41Mor\n|-resisted|p2a: Shrom41Mor\n|-damage|p2a: Shrom41Mor|95\/100\n|\n|t:|1682474743\n|-end|p1a: Iron Hands|Quark Drive|[silent]\n|switch|p1a: Palafin|Palafin-Hero, L50, M|100\/100|[from] Volt Switch\n|-activate|p1a: Palafin|ability: Zero to Hero\n|\n|-weather|RainDance|[upkeep]\n|upkeep\n|turn|3\n|\n|t:|1682474763\n|-terastallize|p1a: Palafin|Water\n|-terastallize|p2a: Shrom41Mor|Steel\n|move|p1b: Tsareena|Helping Hand|p1a: Palafin\n|-singleturn|p1a: Palafin|Helping Hand|[of] p1b: Tsareena\n|move|p2a: Shrom41Mor|Rage Powder|p2a: Shrom41Mor\n|-singleturn|p2a: Shrom41Mor|move: Rage Powder\n|move|p1a: Palafin|Jet Punch|p2a: Shrom41Mor\n|-damage|p2a: Shrom41Mor|0 fnt\n|faint|p2a: Shrom41Mor\n|move|p2b: Maradona|Wild Charge|p1a: Palafin\n|-supereffective|p1a: Palafin\n|-damage|p1a: Palafin|19\/100\n|-damage|p2b: Maradona|69\/100|[from] Recoil\n|\n|-weather|RainDance|[upkeep]\n|upkeep\n|\n|t:|1682474774\n|switch|p2a: Torqoise|Palafin-Hero, L50, F|100\/100\n|-activate|p2a: Torqoise|ability: Zero to Hero\n|turn|4\n|inactive|pchan1f has 30 seconds left.\n|\n|t:|1682474809\n|move|p2a: Torqoise|Protect|p2a: Torqoise\n|-singleturn|p2a: Torqoise|Protect\n|move|p1a: Palafin|Jet Punch|p2b: Maradona\n|-damage|p2b: Maradona|19\/100\n|move|p2b: Maradona|Close Combat|p1b: Tsareena\n|-damage|p1b: Tsareena|10\/100\n|-unboost|p2b: Maradona|def|1\n|-unboost|p2b: Maradona|spd|1\n|-enditem|p1b: Tsareena|Sitrus Berry|[eat]\n|-heal|p1b: Tsareena|34\/100|[from] item: Sitrus Berry\n|move|p1b: Tsareena|Trop Kick|p2a: Torqoise\n|-activate|p2a: Torqoise|move: Protect\n|\n|-weather|RainDance|[upkeep]\n|-sideend|p2: juninhoooo99099|move: Tailwind\n|upkeep\n|turn|5\n|inactive|pchan1f has 30 seconds left.\n|inactive|juninhoooo99099 has 30 seconds left.\n|inactive|pchan1f has 20 seconds left.\n|\n|t:|1682474851\n|move|p2b: Maradona|Fake Out||[still]\n|cant|p1b: Tsareena|ability: Queenly Majesty|Fake Out|[of] p2b: Maradona\n|move|p1a: Palafin|Jet Punch|p2a: Torqoise\n|-resisted|p2a: Torqoise\n|-damage|p2a: Torqoise|66\/100\n|move|p1b: Tsareena|Trop Kick|p2a: Torqoise\n|-supereffective|p2a: Torqoise\n|-damage|p2a: Torqoise|15\/100\n|-unboost|p2a: Torqoise|atk|1\n|move|p2a: Torqoise|Wave Crash|p1a: Palafin\n|-resisted|p1a: Palafin\n|-damage|p1a: Palafin|0 fnt\n|faint|p1a: Palafin\n|-damage|p2a: Torqoise|9\/100|[from] Recoil\n|\n|-weather|none\n|upkeep\n|\n|t:|1682474867\n|switch|p1a: Iron Hands|Iron Hands, L50|100\/100\n|turn|6\n|inactive|pchan1f has 30 seconds left.\n|inactive|pchan1f has 20 seconds left.\n|\n|t:|1682474904\n|move|p2a: Torqoise|Protect|p2a: Torqoise\n|-singleturn|p2a: Torqoise|Protect\n|move|p1a: Iron Hands|Fake Out|p2a: Torqoise\n|-activate|p2a: Torqoise|move: Protect\n|move|p1b: Tsareena|Trop Kick|p2b: Maradona\n|-damage|p2b: Maradona|0 fnt\n|faint|p2b: Maradona\n|-end|p2b: Maradona|Quark Drive|[silent]\n|\n|upkeep\n|\n|t:|1682474912\n|switch|p2b: Beaker|Pelipper, L50, F|100\/100\n|-weather|RainDance|[from] ability: Drizzle|[of] p2b: Beaker\n|turn|7\n|\n|t:|1682474933\n|move|p1b: Tsareena|Trop Kick|p2a: Torqoise\n|-supereffective|p2a: Torqoise\n|-damage|p2a: Torqoise|0 fnt\n|faint|p2a: Torqoise\n|move|p2b: Beaker|Hurricane|p1b: Tsareena\n|-supereffective|p1b: Tsareena\n|-damage|p1b: Tsareena|0 fnt\n|faint|p1b: Tsareena\n|move|p1a: Iron Hands|Wild Charge|p2b: Beaker\n|-supereffective|p2b: Beaker\n|-enditem|p2b: Beaker|Focus Sash\n|-damage|p2b: Beaker|1\/100\n|-damage|p1a: Iron Hands|86\/100|[from] Recoil\n|\n|-weather|RainDance|[upkeep]\n|upkeep\n|\n|t:|1682474946\n|switch|p1b: Gholdengo|Gholdengo, L50|100\/100\n|turn|8\n|\n|t:|1682474955\n|move|p2b: Beaker|Protect|p2b: Beaker\n|-singleturn|p2b: Beaker|Protect\n|move|p1b: Gholdengo|Shadow Ball|p2b: Beaker\n|-activate|p2b: Beaker|move: Protect\n|move|p1a: Iron Hands|Volt Switch|p2b: Beaker\n|-activate|p2b: Beaker|move: Protect\n|\n|-weather|RainDance|[upkeep]\n|upkeep\n|turn|9\n|\n|t:|1682474972\n|move|p2b: Beaker|Hurricane|p1a: Iron Hands\n|-damage|p1a: Iron Hands|57\/100\n|move|p1b: Gholdengo|Shadow Ball|p2b: Beaker\n|-damage|p2b: Beaker|0 fnt\n|faint|p2b: Beaker\n|\n|win|pchan1f\n|raw|pchan1f's rating: 1034 → 1069<\/strong> (+35 for winning)\n|raw|juninhoooo99099's rating: 1032 → 1017<\/strong> (-15 for losing)\n|c|\u2606pchan1f|ggs\n|l|\u2606juninhoooo99099\n","uploadtime":1682475893,"views":6,"p1id":"pchan1f","p2id":"juninhoooo99099","formatid":"gen9vgc2023regulationc","rating":1017,"private":0,"password":""}