{"id":"gen9vgc2023regulationc-1858047916","p1":"McPborn","p2":"carlospe1205","format":"[Gen 9] VGC 2023 Regulation C","log":"|j|\u2606McPborn\n|j|\u2606carlospe1205\n|t:|1683266445\n|gametype|doubles\n|player|p1|McPborn|170|1121\n|player|p2|carlospe1205|bugsy|1080\n|teamsize|p1|6\n|teamsize|p2|6\n|gen|9\n|tier|[Gen 9] VGC 2023 Regulation C\n|rated|\n|rule|Species Clause: Limit one of each Pok\u00e9mon\n|rule|Item Clause: Limit one of each item\n|clearpoke\n|poke|p1|Slither Wing, L50|\n|poke|p1|Chi-Yu, L50|\n|poke|p1|Abomasnow, L50, M|\n|poke|p1|Flutter Mane, L50|\n|poke|p1|Scizor, L50, F|\n|poke|p1|Iron Bundle, L50|\n|poke|p2|Baxcalibur, L50, M|\n|poke|p2|Talonflame, L50, F|\n|poke|p2|Amoonguss, L50, M|\n|poke|p2|Grimmsnarl, L50, M|\n|poke|p2|Flutter Mane, L50|\n|poke|p2|Chi-Yu, L50|\n|teampreview|4\n|inactive|Battle timer is ON: inactive players will automatically lose when time's up. (requested by McPborn)\n|inactive|McPborn has 60 seconds left.\n|\n|t:|1683266495\n|start\n|switch|p1a: Scizor|Scizor, L50, F|100\/100\n|switch|p1b: DeliBundle|Iron Bundle, L50, shiny|100\/100\n|switch|p2a: Krompus|Grimmsnarl, L50, M|100\/100\n|switch|p2b: AMOGUS|Amoonguss, L50, M|100\/100\n|-enditem|p1b: DeliBundle|Booster Energy\n|-activate|p1b: DeliBundle|ability: Quark Drive|[fromitem]\n|-start|p1b: DeliBundle|quarkdrivespe\n|turn|1\n|\n|t:|1683266519\n|move|p2a: Krompus|Fake Out|p1a: Scizor\n|-resisted|p1a: Scizor\n|-damage|p1a: Scizor|93\/100\n|cant|p1a: Scizor|flinch\n|move|p1b: DeliBundle|Freeze-Dry|p2b: AMOGUS\n|-supereffective|p2b: AMOGUS\n|-damage|p2b: AMOGUS|35\/100\n|move|p2b: AMOGUS|Spore|p1b: DeliBundle\n|-status|p1b: DeliBundle|slp|[from] move: Spore\n|\n|upkeep\n|turn|2\n|\n|t:|1683266538\n|move|p2a: Krompus|Reflect|p2a: Krompus\n|-sidestart|p2: carlospe1205|Reflect\n|cant|p1b: DeliBundle|slp\n|move|p1a: Scizor|X-Scissor|p2b: AMOGUS\n|-damage|p2b: AMOGUS|14\/100\n|-damage|p1a: Scizor|77\/100|[from] item: Rocky Helmet|[of] p2b: AMOGUS\n|move|p2b: AMOGUS|Spore|p1a: Scizor\n|-status|p1a: Scizor|slp|[from] move: Spore\n|\n|upkeep\n|turn|3\n|\n|t:|1683266554\n|switch|p2b: Luz|Chi-Yu, L50|100\/100\n|-ability|p2b: Luz|Beads of Ruin\n|move|p2a: Krompus|Light Screen|p2a: Krompus\n|-sidestart|p2: carlospe1205|move: Light Screen\n|cant|p1a: Scizor|slp\n|cant|p1b: DeliBundle|slp\n|\n|upkeep\n|turn|4\n|\n|t:|1683266568\n|-terastallize|p1a: Scizor|Water\n|-curestatus|p1b: DeliBundle|slp|[msg]\n|move|p1b: DeliBundle|Icy Wind|p2a: Krompus|[spread] p2a,p2b\n|-resisted|p2b: Luz\n|-damage|p2a: Krompus|77\/100\n|-damage|p2b: Luz|94\/100\n|-unboost|p2a: Krompus|spe|1\n|-unboost|p2b: Luz|spe|1\n|move|p2b: Luz|Nasty Plot|p2b: Luz\n|-boost|p2b: Luz|spa|2\n|cant|p1a: Scizor|slp\n|move|p2a: Krompus|Spirit Break|p1b: DeliBundle\n|-damage|p1b: DeliBundle|59\/100\n|-unboost|p1b: DeliBundle|spa|1\n|\n|upkeep\n|turn|5\n|inactive|McPborn has 30 seconds left.\n|\n|t:|1683266595\n|switch|p2a: AMOGUS|Amoonguss, L50, M|47\/100\n|move|p1b: DeliBundle|Protect|p1b: DeliBundle\n|-singleturn|p1b: DeliBundle|Protect\n|move|p2b: Luz|Protect|p2b: Luz\n|-singleturn|p2b: Luz|Protect\n|cant|p1a: Scizor|slp\n|\n|upkeep\n|turn|6\n|\n|t:|1683266613\n|move|p2a: AMOGUS|Rage Powder|p2a: AMOGUS\n|-singleturn|p2a: AMOGUS|move: Rage Powder\n|move|p1b: DeliBundle|Freeze-Dry|p2a: AMOGUS\n|-supereffective|p2a: AMOGUS\n|-damage|p2a: AMOGUS|6\/100\n|move|p2b: Luz|Nasty Plot|p2b: Luz\n|-boost|p2b: Luz|spa|2\n|-curestatus|p1a: Scizor|slp|[msg]\n|move|p1a: Scizor|Tera Blast|p2a: AMOGUS\n|-resisted|p2a: AMOGUS\n|-damage|p2a: AMOGUS|0 fnt\n|faint|p2a: AMOGUS\n|\n|upkeep\n|\n|t:|1683266622\n|switch|p2a: Krompus|Grimmsnarl, L50, M|77\/100\n|turn|7\n|\n|t:|1683266650\n|switch|p1a: Miss Dreavus|Flutter Mane, L50|100\/100\n|move|p1b: DeliBundle|Protect|p1b: DeliBundle\n|-singleturn|p1b: DeliBundle|Protect\n|move|p2a: Krompus|Fake Out|p1a: Miss Dreavus\n|-immune|p1a: Miss Dreavus\n|move|p2b: Luz|Dark Pulse|p1b: DeliBundle\n|-activate|p1b: DeliBundle|move: Protect\n|\n|upkeep\n|turn|8\n|inactive|McPborn has 30 seconds left.\n|inactive|McPborn has 20 seconds left.\n|\n|t:|1683266685\n|move|p1b: DeliBundle|Icy Wind|p2a: Krompus|[spread] p2a,p2b\n|-resisted|p2b: Luz\n|-damage|p2a: Krompus|62\/100\n|-damage|p2b: Luz|89\/100\n|-unboost|p2a: Krompus|spe|1\n|-unboost|p2b: Luz|spe|1\n|move|p1a: Miss Dreavus|Moonblast|p2b: Luz\n|-damage|p2b: Luz|42\/100\n|move|p2a: Krompus|Spirit Break|p1a: Miss Dreavus\n|-damage|p1a: Miss Dreavus|38\/100\n|-unboost|p1a: Miss Dreavus|spa|1\n|move|p2b: Luz|Heat Wave|p1b: DeliBundle|[spread] p1a,p1b\n|-damage|p1a: Miss Dreavus|0 fnt\n|-damage|p1b: DeliBundle|0 fnt\n|faint|p1a: Miss Dreavus\n|-end|p1a: Miss Dreavus|Protosynthesis|[silent]\n|faint|p1b: DeliBundle\n|-end|p1b: DeliBundle|Quark Drive|[silent]\n|-damage|p2b: Luz|33\/100|[from] item: Life Orb\n|\n|upkeep\n|\n|t:|1683266702\n|switch|p1b: Scizor|Scizor, L50, F, tera:Water|77\/100\n|switch|p1a: Bamm|Slither Wing, L50|100\/100\n|turn|9\n|\n|t:|1683266712\n|switch|p2a: Miko|Flutter Mane, L50|100\/100\n|-enditem|p2a: Miko|Booster Energy\n|-activate|p2a: Miko|ability: Protosynthesis|[fromitem]\n|-start|p2a: Miko|protosynthesisspa\n|move|p2b: Luz|Protect|p2b: Luz\n|-singleturn|p2b: Luz|Protect\n|move|p1a: Bamm|First Impression|p2b: Luz\n|-activate|p2b: Luz|move: Protect\n|move|p1b: Scizor|Bullet Punch|p2a: Miko\n|-supereffective|p2a: Miko\n|-damage|p2a: Miko|0 fnt\n|faint|p2a: Miko\n|-end|p2a: Miko|Protosynthesis|[silent]\n|\n|-sideend|p2: carlospe1205|Reflect\n|upkeep\n|\n|t:|1683266715\n|switch|p2a: Krompus|Grimmsnarl, L50, M|62\/100\n|turn|10\n|\n|t:|1683266736\n|move|p2a: Krompus|Fake Out|p1b: Scizor\n|-damage|p1b: Scizor|63\/100\n|move|p1a: Bamm|Leech Life|p2a: Krompus\n|-damage|p2a: Krompus|0 fnt\n|faint|p2a: Krompus\n|cant|p1b: Scizor|flinch\n|move|p2b: Luz|Heat Wave|p1a: Bamm|[spread] p1a,p1b\n|-supereffective|p1a: Bamm\n|-resisted|p1b: Scizor\n|-damage|p1a: Bamm|0 fnt\n|-damage|p1b: Scizor|0 fnt\n|faint|p1a: Bamm\n|-end|p1a: Bamm|Protosynthesis|[silent]\n|faint|p1b: Scizor\n|-damage|p2b: Luz|23\/100|[from] item: Life Orb\n|\n|win|carlospe1205\n|raw|McPborn's rating: 1121 → 1093<\/strong> (-28 for losing)\n|raw|carlospe1205's rating: 1080 → 1111<\/strong> (+31 for winning)\n|l|\u2606McPborn\n","uploadtime":1683266756,"views":11,"p1id":"mcpborn","p2id":"carlospe1205","formatid":"gen9vgc2023regulationc","rating":1093,"private":0,"password":""}