{"id":"gen9vgc2023regulationc-1859534690","p1":"godlyreal","p2":"Tempest brute","format":"[Gen 9] VGC 2023 Regulation C","log":"|j|\u2606godlyreal\n|j|\u2606Tempest brute\n|t:|1683537435\n|gametype|doubles\n|player|p1|godlyreal|lady|\n|player|p2|Tempest brute|veteran|\n|teamsize|p1|6\n|teamsize|p2|4\n|gen|9\n|tier|[Gen 9] VGC 2023 Regulation C\n|rated|Tournament battle\n|rule|Species Clause: Limit one of each Pok\u00e9mon\n|rule|Item Clause: Limit one of each item\n|clearpoke\n|poke|p1|Sandy Shocks, L50|\n|poke|p1|Espathra, L50, F|\n|poke|p1|Flutter Mane, L50|\n|poke|p1|Talonflame, L50, M|\n|poke|p1|Chi-Yu, L50|\n|poke|p1|Great Tusk, L50|\n|poke|p2|Ting-Lu, L50|\n|poke|p2|Roaring Moon, L50|\n|poke|p2|Klefki, L50, M|\n|poke|p2|Skeledirge, L50, M|\n|teampreview|4\n|raw| Open Team Sheet for godlyreal<\/summary>Sandy Shocks @ Booster Energy Ability: Protosynthesis Level: 50 Tera Type: Ghost - Protect - Earth Power - Gravity - Thunder Espathra @ Focus Sash Ability: Speed Boost Level: 50 Tera Type: Fairy - Skill Swap - Lumina Crash - Protect - Hypnosis Flutter Mane @ Life Orb Ability: Protosynthesis Level: 50 Tera Type: Fairy - Dazzling Gleam - Shadow Ball - Moonblast - Protect Talonflame @ Safety Goggles Ability: Gale Wings Level: 50 Tera Type: Ghost - Brave Bird - Tailwind - Will-O-Wisp - Taunt Chi-Yu @ Charcoal Ability: Beads of Ruin Level: 50 Tera Type: Grass - Heat Wave - Dark Pulse - Tera Blast - Protect Great Tusk @ Assault Vest Ability: Protosynthesis Level: 50 Hidden Power: Fighting Tera Type: Steel - Close Combat - Earthquake - Headlong Rush - Ice Spinner <\/details><\/div> Open Team Sheet for Tempest brute<\/summary>Ting-Lu @ Leftovers Ability: Vessel of Ruin Level: 50 Tera Type: Water - Body Press - Throat Chop - Whirlwind - Protect Roaring Moon @ Booster Energy Ability: Protosynthesis Level: 50 Tera Type: Flying - Substitute - Acrobatics - Jaw Lock - Protect Klefki @ Light Clay Ability: Prankster Level: 50 Tera Type: Water - Reflect - Light Screen - Thunder Wave - Dazzling Gleam Skeledirge @ Sitrus Berry Ability: Unaware Level: 50 Tera Type: Fairy - Will-O-Wisp - Torch Song - Shadow Ball - Slack Off <\/details><\/div>\n|c|\u2606godlyreal|the rematch\n|j| Think Storm\n|\n|t:|1683537446\n|start\n|switch|p1a: Sandy Shocks|Sandy Shocks, L50|100\/100\n|switch|p1b: Flutter Mane|Flutter Mane, L50|100\/100\n|switch|p2a: Ting-Lu|Ting-Lu, L50|100\/100\n|switch|p2b: Roaring Moon|Roaring Moon, L50|100\/100\n|-ability|p2a: Ting-Lu|Vessel of Ruin\n|-enditem|p2b: Roaring Moon|Booster Energy\n|-activate|p2b: Roaring Moon|ability: Protosynthesis|[fromitem]\n|-start|p2b: Roaring Moon|protosynthesisspe\n|-enditem|p1a: Sandy Shocks|Booster Energy\n|-activate|p1a: Sandy Shocks|ability: Protosynthesis|[fromitem]\n|-start|p1a: Sandy Shocks|protosynthesisspe\n|turn|1\n|c| Think Storm|the four mon rizz\n|c|\u2606Tempest brute|i fianlly have th opower\n|\n|t:|1683537465\n|-terastallize|p1b: Flutter Mane|Fairy\n|move|p2b: Roaring Moon|Protect|p2b: Roaring Moon\n|-singleturn|p2b: Roaring Moon|Protect\n|move|p1a: Sandy Shocks|Gravity|p1a: Sandy Shocks\n|-fieldstart|move: Gravity\n|move|p1b: Flutter Mane|Dazzling Gleam|p2b: Roaring Moon|[spread] p2a\n|-activate|p2b: Roaring Moon|move: Protect\n|-supereffective|p2a: Ting-Lu\n|-damage|p2a: Ting-Lu|41\/100\n|-damage|p1b: Flutter Mane|91\/100|[from] item: Life Orb\n|move|p2a: Ting-Lu|Whirlwind|p1b: Flutter Mane\n|-end|p1b: Flutter Mane|Protosynthesis|[silent]\n|drag|p1b: Chi-Yu|Chi-Yu, L50|100\/100\n|-ability|p1b: Chi-Yu|Beads of Ruin\n|\n|-heal|p2a: Ting-Lu|47\/100|[from] item: Leftovers\n|upkeep\n|turn|2\n|j| A Borygon\n|\n|t:|1683537485\n|-end|p1a: Sandy Shocks|Protosynthesis|[silent]\n|switch|p1a: Flutter Mane|Flutter Mane, L50, tera:Fairy|91\/100\n|move|p1b: Chi-Yu|Protect|p1b: Chi-Yu\n|-singleturn|p1b: Chi-Yu|Protect\n|move|p2a: Ting-Lu|Protect|p2a: Ting-Lu\n|-singleturn|p2a: Ting-Lu|Protect\n|move|p2b: Roaring Moon|Substitute|p2b: Roaring Moon\n|-start|p2b: Roaring Moon|Substitute\n|-damage|p2b: Roaring Moon|75\/100\n|\n|-heal|p2a: Ting-Lu|53\/100|[from] item: Leftovers\n|upkeep\n|turn|3\n|\n|t:|1683537501\n|switch|p2a: Klefki|Klefki, L50, M|100\/100\n|move|p2b: Roaring Moon|Acrobatics|p1a: Flutter Mane\n|-damage|p1a: Flutter Mane|30\/100\n|move|p1a: Flutter Mane|Dazzling Gleam|p2b: Roaring Moon|[spread] p2a,p2b\n|-supereffective|p2b: Roaring Moon\n|-end|p2b: Roaring Moon|Substitute\n|-resisted|p2a: Klefki\n|-damage|p2a: Klefki|69\/100\n|-damage|p1a: Flutter Mane|20\/100|[from] item: Life Orb\n|move|p1b: Chi-Yu|Heat Wave|p2a: Klefki|[spread] p2a,p2b\n|-supereffective|p2a: Klefki\n|-resisted|p2b: Roaring Moon\n|-damage|p2a: Klefki|0 fnt\n|-damage|p2b: Roaring Moon|52\/100\n|faint|p2a: Klefki\n|\n|upkeep\n|\n|t:|1683537513\n|switch|p2a: Ting-Lu|Ting-Lu, L50|53\/100\n|-ability|p2a: Ting-Lu|Vessel of Ruin\n|turn|4\n|\n|t:|1683537522\n|-end|p1a: Flutter Mane|Protosynthesis|[silent]\n|switch|p1a: Espathra|Espathra, L50, F|100\/100\n|move|p2b: Roaring Moon|Jaw Lock|p1a: Espathra\n|-supereffective|p1a: Espathra\n|-enditem|p1a: Espathra|Focus Sash\n|-damage|p1a: Espathra|1\/100\n|-activate|p2b: Roaring Moon|trapped\n|-activate|p1a: Espathra|trapped\n|move|p1b: Chi-Yu|Heat Wave|p2a: Ting-Lu|[spread] p2a,p2b\n|-resisted|p2b: Roaring Moon\n|-damage|p2a: Ting-Lu|22\/100\n|-damage|p2b: Roaring Moon|35\/100\n|-status|p2a: Ting-Lu|brn\n|move|p2a: Ting-Lu|Body Press|p1b: Chi-Yu\n|-supereffective|p1b: Chi-Yu\n|-damage|p1b: Chi-Yu|65\/100\n|\n|-heal|p2a: Ting-Lu|28\/100 brn|[from] item: Leftovers\n|-damage|p2a: Ting-Lu|22\/100 brn|[from] brn\n|upkeep\n|turn|5\n|\n|t:|1683537545\n|move|p1a: Espathra|Protect|p1a: Espathra\n|-singleturn|p1a: Espathra|Protect\n|move|p2b: Roaring Moon|Substitute|p2b: Roaring Moon\n|-start|p2b: Roaring Moon|Substitute\n|-damage|p2b: Roaring Moon|10\/100\n|move|p1b: Chi-Yu|Heat Wave|p2a: Ting-Lu|[spread] p2a,p2b\n|-resisted|p2b: Roaring Moon\n|-activate|p2b: Roaring Moon|move: Substitute|[damage]\n|-damage|p2a: Ting-Lu|0 fnt\n|faint|p2a: Ting-Lu\n|\n|-fieldend|move: Gravity\n|-ability|p1a: Espathra|Speed Boost|boost\n|-boost|p1a: Espathra|spe|1\n|upkeep\n|\n|t:|1683537547\n|switch|p2a: Skeledirge|Skeledirge, L50, M|100\/100\n|turn|6\n|c|\u2606godlyreal|hey whats ur speed stat looking like\n|\n|t:|1683537580\n|-terastallize|p2b: Roaring Moon|Flying\n|move|p1a: Espathra|Skill Swap|p1b: Chi-Yu\n|-activate|p1a: Espathra|move: Skill Swap|||[of] p1b: Chi-Yu\n|-ability|p1a: Espathra|Beads of Ruin\n|move|p2b: Roaring Moon|Acrobatics|p1b: Chi-Yu\n|-damage|p1b: Chi-Yu|2\/100\n|move|p1b: Chi-Yu|Dark Pulse|p2a: Skeledirge\n|-supereffective|p2a: Skeledirge\n|-crit|p2a: Skeledirge\n|-damage|p2a: Skeledirge|0 fnt\n|faint|p2a: Skeledirge\n|\n|-ability|p1b: Chi-Yu|Speed Boost|boost\n|-boost|p1b: Chi-Yu|spe|1\n|upkeep\n|turn|7\n|c|\u2606Tempest brute|why\n|\n|t:|1683537597\n|move|p1b: Chi-Yu|Protect|p1b: Chi-Yu\n|-singleturn|p1b: Chi-Yu|Protect\n|move|p1a: Espathra|Lumina Crash|p2b: Roaring Moon\n|-end|p2b: Roaring Moon|Substitute\n|move|p2b: Roaring Moon|Acrobatics|p1b: Chi-Yu\n|-activate|p1b: Chi-Yu|move: Protect\n|\n|-ability|p1b: Chi-Yu|Speed Boost|boost\n|-boost|p1b: Chi-Yu|spe|1\n|upkeep\n|turn|8\n|c|\u2606godlyreal|meta gaming\n|-message|Tempest brute forfeited.\n|\n|win|godlyreal\n|n|\u2606godlyreal|godlyreal\n|n|\u2606Tempest brute|tempestbrute\n|n| Think Storm|thinkstorm\n|n| A Borygon|aborygon\n|l|\u2606Tempest brute\n|c| Think Storm|the better q is\n|c| Think Storm|why not\n|c|\u2606godlyreal|gg\n|l| Think Storm\n|j| DreyxPokemonmaster\n|l| DreyxPokemonmaster\n|l| A Borygon\n","uploadtime":1683538367,"views":10,"p1id":"godlyreal","p2id":"tempestbrute","formatid":"gen9vgc2023regulationc","rating":0,"private":0,"password":""}