{"id":"gen9vgc2023regulationc-1851766448","p1":"NicoHaxVGC","p2":"r3gCt3st","format":"[Gen 9] VGC 2023 Regulation C","log":"|j|\u2606NicoHaxVGC\n|j|\u2606r3gCt3st\n|t:|1682480279\n|gametype|doubles\n|player|p1|NicoHaxVGC|hilbert-wonderlauncher|1288\n|player|p2|r3gCt3st|unknown|1286\n|teamsize|p1|6\n|teamsize|p2|4\n|gen|9\n|tier|[Gen 9] VGC 2023 Regulation C\n|rated|\n|rule|Species Clause: Limit one of each Pok\u00e9mon\n|rule|Item Clause: Limit one of each item\n|clearpoke\n|poke|p1|Corviknight, L50, M|\n|poke|p1|Annihilape, L50, F|\n|poke|p1|Amoonguss, L50, F|\n|poke|p1|Ting-Lu, L50|\n|poke|p1|Flutter Mane, L50|\n|poke|p1|Iron Bundle, L50|\n|poke|p2|Drifblim, L50, F|\n|poke|p2|Annihilape, L50, M|\n|poke|p2|Indeedee-F, L50, F|\n|poke|p2|Maushold-Four, L50|\n|teampreview|4\n|inactive|Battle timer is ON: inactive players will automatically lose when time's up. (requested by NicoHaxVGC)\n|inactive|NicoHaxVGC has 60 seconds left.\n|\n|t:|1682480318\n|start\n|switch|p1a: Amoonguss|Amoonguss, L50, F|100\/100\n|switch|p1b: Ting-Lu|Ting-Lu, L50|100\/100\n|switch|p2a: Drifblim|Drifblim, L50, F|100\/100\n|switch|p2b: Annihilape|Annihilape, L50, M|100\/100\n|-ability|p1b: Ting-Lu|Vessel of Ruin\n|turn|1\n|\n|t:|1682480329\n|move|p2b: Annihilape|Bulk Up|p2b: Annihilape\n|-boost|p2b: Annihilape|atk|1\n|-boost|p2b: Annihilape|def|1\n|move|p2a: Drifblim|Skill Swap|p2b: Annihilape\n|-activate|p2a: Drifblim|move: Skill Swap|||[of] p2b: Annihilape\n|move|p1b: Ting-Lu|Stone Edge|p2a: Drifblim|[miss]\n|-miss|p1b: Ting-Lu|p2a: Drifblim\n|move|p1a: Amoonguss|Spore|p2b: Annihilape\n|-status|p2b: Annihilape|slp|[from] move: Spore\n|\n|upkeep\n|turn|2\n|\n|t:|1682480346\n|cant|p2b: Annihilape|slp\n|move|p2a: Drifblim|Memento|p1b: Ting-Lu\n|-unboost|p1b: Ting-Lu|atk|2\n|-unboost|p1b: Ting-Lu|spa|2\n|faint|p2a: Drifblim\n|move|p1b: Ting-Lu|Stone Edge|p2b: Annihilape\n|-resisted|p2b: Annihilape\n|-damage|p2b: Annihilape|97\/100 slp\n|move|p1a: Amoonguss|Clear Smog|p2b: Annihilape\n|-resisted|p2b: Annihilape\n|-damage|p2b: Annihilape|92\/100 slp\n|-clearboost|p2b: Annihilape\n|\n|upkeep\n|\n|t:|1682480363\n|switch|p2a: Indeedee|Indeedee-F, L50, F|100\/100\n|-fieldstart|move: Psychic Terrain|[from] ability: Psychic Surge|[of] p2a: Indeedee\n|-enditem|p2b: Annihilape|Psychic Seed\n|-boost|p2b: Annihilape|spd|1|[from] item: Psychic Seed\n|turn|3\n|\n|t:|1682480379\n|move|p2a: Indeedee|Follow Me|p2a: Indeedee\n|-singleturn|p2a: Indeedee|move: Follow Me\n|-curestatus|p2b: Annihilape|slp|[msg]\n|move|p2b: Annihilape|Bulk Up|p2b: Annihilape\n|-boost|p2b: Annihilape|atk|1\n|-boost|p2b: Annihilape|def|1\n|move|p1b: Ting-Lu|Ruination|p2a: Indeedee\n|-damage|p2a: Indeedee|51\/100\n|move|p1a: Amoonguss|Spore|p2a: Indeedee\n|-status|p2a: Indeedee|slp|[from] move: Spore\n|\n|upkeep\n|turn|4\n|\n|t:|1682480400\n|switch|p2a: Maushold|Maushold-Four, L50|100\/100\n|move|p2b: Annihilape|Protect|p2b: Annihilape\n|-singleturn|p2b: Annihilape|Protect\n|move|p1a: Amoonguss|Rage Powder|p1a: Amoonguss\n|-singleturn|p1a: Amoonguss|move: Rage Powder\n|move|p1b: Ting-Lu|Ruination|p2b: Annihilape\n|-activate|p2b: Annihilape|move: Protect\n|\n|upkeep\n|turn|5\n|\n|t:|1682480411\n|move|p1a: Amoonguss|Rage Powder|p1a: Amoonguss\n|-singleturn|p1a: Amoonguss|move: Rage Powder\n|move|p2b: Annihilape|Bulk Up|p2b: Annihilape\n|-boost|p2b: Annihilape|atk|1\n|-boost|p2b: Annihilape|def|1\n|move|p2a: Maushold|Encore|p1a: Amoonguss\n|-start|p1a: Amoonguss|Encore\n|move|p1b: Ting-Lu|Ruination|p2b: Annihilape|[miss]\n|-miss|p1b: Ting-Lu|p2b: Annihilape\n|\n|upkeep\n|turn|6\n|\n|t:|1682480433\n|move|p1a: Amoonguss|Rage Powder|p1a: Amoonguss\n|-singleturn|p1a: Amoonguss|move: Rage Powder\n|move|p2b: Annihilape|Rage Fist|p1a: Amoonguss\n|-damage|p1a: Amoonguss|6\/100\n|-enditem|p1a: Amoonguss|Sitrus Berry|[eat]\n|-heal|p1a: Amoonguss|31\/100|[from] item: Sitrus Berry\n|move|p2a: Maushold|Population Bomb|p1a: Amoonguss\n|-damage|p1a: Amoonguss|21\/100\n|-damage|p1a: Amoonguss|11\/100\n|-damage|p1a: Amoonguss|3\/100\n|-damage|p1a: Amoonguss|0 fnt\n|faint|p1a: Amoonguss\n|-hitcount|p1: Amoonguss|4\n|move|p1b: Ting-Lu|Ruination|p2b: Annihilape\n|-damage|p2b: Annihilape|46\/100\n|\n|upkeep\n|\n|t:|1682480452\n|switch|p1a: Flutter Mane|Flutter Mane, L50|100\/100\n|turn|7\n|\n|t:|1682480465\n|switch|p1b: Annihilape|Annihilape, L50, F|100\/100\n|-terastallize|p2b: Annihilape|Fire\n|-terastallize|p1a: Flutter Mane|Fairy\n|move|p2b: Annihilape|Rage Fist|p1a: Flutter Mane\n|-damage|p1a: Flutter Mane|0 fnt\n|faint|p1a: Flutter Mane\n|-end|p1a: Flutter Mane|Protosynthesis|[silent]\n|move|p2a: Maushold|Bite|p1b: Annihilape\n|-damage|p1b: Annihilape|78\/100\n|\n|-heal|p1b: Annihilape|85\/100|[from] item: Leftovers\n|-fieldend|move: Psychic Terrain\n|upkeep\n|\n|t:|1682480477\n|switch|p1a: Ting-Lu|Ting-Lu, L50|100\/100\n|-ability|p1a: Ting-Lu|Vessel of Ruin\n|turn|8\n|inactive|NicoHaxVGC has 30 seconds left.\n|\n|t:|1682480505\n|move|p2b: Annihilape|Protect|p2b: Annihilape\n|-singleturn|p2b: Annihilape|Protect\n|move|p2a: Maushold|Protect|p2a: Maushold\n|-singleturn|p2a: Maushold|Protect\n|move|p1b: Annihilape|Drain Punch|p2b: Annihilape\n|-activate|p2b: Annihilape|move: Protect\n|move|p1a: Ting-Lu|Stone Edge|p2b: Annihilape\n|-activate|p2b: Annihilape|move: Protect\n|\n|-heal|p1b: Annihilape|91\/100|[from] item: Leftovers\n|upkeep\n|turn|9\n|\n|t:|1682480522\n|move|p2b: Annihilape|Drain Punch|p1a: Ting-Lu\n|-supereffective|p1a: Ting-Lu\n|-damage|p1a: Ting-Lu|38\/100\n|-heal|p2b: Annihilape|81\/100|[from] drain|[of] p1a: Ting-Lu\n|move|p2a: Maushold|Population Bomb|p1a: Ting-Lu\n|-damage|p1a: Ting-Lu|31\/100\n|-damage|p1a: Ting-Lu|24\/100\n|-damage|p1a: Ting-Lu|18\/100\n|-damage|p1a: Ting-Lu|11\/100\n|-damage|p1a: Ting-Lu|5\/100\n|-damage|p1a: Ting-Lu|0 fnt\n|faint|p1a: Ting-Lu\n|-hitcount|p1: Ting-Lu|6\n|move|p1b: Annihilape|Drain Punch|p2b: Annihilape\n|-damage|p2b: Annihilape|67\/100\n|-heal|p1b: Annihilape|98\/100|[from] drain|[of] p2b: Annihilape\n|\n|-heal|p1b: Annihilape|100\/100|[from] item: Leftovers\n|upkeep\n|turn|10\n|\n|t:|1682480544\n|switch|p2a: Indeedee|Indeedee-F, L50, F|51\/100 slp\n|-fieldstart|move: Psychic Terrain|[from] ability: Psychic Surge|[of] p2a: Indeedee\n|move|p2b: Annihilape|Rage Fist|p1b: Annihilape\n|-supereffective|p1b: Annihilape\n|-damage|p1b: Annihilape|0 fnt\n|faint|p1b: Annihilape\n|\n|win|r3gCt3st\n|raw|NicoHaxVGC's rating: 1288 → 1263<\/strong> (-25 for losing)\n|raw|r3gCt3st's rating: 1286 → 1311<\/strong> (+25 for winning)\n","uploadtime":1682480563,"views":13,"p1id":"nicohaxvgc","p2id":"r3gct3st","formatid":"gen9vgc2023regulationc","rating":1263,"private":0,"password":""}