{"id":"gen9vgc2023regulationc-1854434882","p1":"NicoHaxVGC","p2":"you're a clod sire","format":"[Gen 9] VGC 2023 Regulation C","log":"|j|\u2606NicoHaxVGC\n|j|\u2606you're a clod sire\n|t:|1682810505\n|gametype|doubles\n|player|p1|NicoHaxVGC|red|1345\n|player|p2|you're a clod sire|cynthia-masters3|1284\n|teamsize|p1|6\n|teamsize|p2|6\n|gen|9\n|tier|[Gen 9] VGC 2023 Regulation C\n|rated|\n|rule|Species Clause: Limit one of each Pok\u00e9mon\n|rule|Item Clause: Limit one of each item\n|clearpoke\n|poke|p1|Corviknight, L50, F|\n|poke|p1|Ting-Lu, L50|\n|poke|p1|Annihilape, L50, M|\n|poke|p1|Iron Bundle, L50|\n|poke|p1|Flutter Mane, L50|\n|poke|p1|Maushold, L50|\n|poke|p2|Annihilape, L50, F|\n|poke|p2|Meowscarada, L50, M|\n|poke|p2|Iron Bundle, L50|\n|poke|p2|Skeledirge, L50, F|\n|poke|p2|Volcarona, L50, F|\n|poke|p2|Dragapult, L50, M|\n|teampreview|4\n|inactive|Battle timer is ON: inactive players will automatically lose when time's up. (requested by NicoHaxVGC)\n|inactive|you're a clod sire also wants the timer to be on.\n|\n|t:|1682810526\n|start\n|switch|p1a: Raven|Corviknight, L50, F|100\/100\n|switch|p1b: Beast boy|Ting-Lu, L50|100\/100\n|switch|p2a: Iron Bundle|Iron Bundle, L50|100\/100\n|switch|p2b: Skeledirge|Skeledirge, L50, F|100\/100\n|-ability|p1b: Beast boy|Vessel of Ruin\n|-enditem|p2a: Iron Bundle|Booster Energy\n|-activate|p2a: Iron Bundle|ability: Quark Drive|[fromitem]\n|-start|p2a: Iron Bundle|quarkdrivespe\n|turn|1\n|inactive|NicoHaxVGC has 30 seconds left.\n|inactive|NicoHaxVGC has 20 seconds left.\n|\n|t:|1682810564\n|-terastallize|p1a: Raven|Fire\n|move|p2a: Iron Bundle|Icy Wind|p1a: Raven|[spread] p1a,p1b\n|-resisted|p1a: Raven\n|-supereffective|p1b: Beast boy\n|-damage|p1a: Raven|94\/100\n|-damage|p1b: Beast boy|85\/100\n|-ability|p1a: Raven|Mirror Armor\n|-unboost|p2a: Iron Bundle|spe|1\n|-unboost|p1b: Beast boy|spe|1\n|move|p1a: Raven|Tailwind|p1a: Raven\n|-sidestart|p1: NicoHaxVGC|move: Tailwind\n|move|p1b: Beast boy|Stone Edge|p2b: Skeledirge\n|-supereffective|p2b: Skeledirge\n|-damage|p2b: Skeledirge|54\/100\n|move|p2b: Skeledirge|Torch Song|p1a: Raven\n|-resisted|p1a: Raven\n|-damage|p1a: Raven|73\/100\n|-boost|p2b: Skeledirge|spa|1\n|\n|upkeep\n|turn|2\n|c|\u2606you're a clod sire|I never expect corv, ngl\n|inactive|NicoHaxVGC has 30 seconds left.\n|inactive|you're a clod sire has 30 seconds left.\n|\n|t:|1682810598\n|move|p1a: Raven|Brave Bird|p2b: Skeledirge\n|-damage|p2b: Skeledirge|19\/100\n|-damage|p1a: Raven|61\/100|[from] Recoil\n|move|p2a: Iron Bundle|Hydro Pump|p1a: Raven\n|-supereffective|p1a: Raven\n|-damage|p1a: Raven|0 fnt\n|faint|p1a: Raven\n|move|p1b: Beast boy|Heavy Slam|p2a: Iron Bundle\n|-damage|p2a: Iron Bundle|60\/100\n|move|p2b: Skeledirge|Torch Song|p1b: Beast boy\n|-crit|p1b: Beast boy\n|-damage|p1b: Beast boy|34\/100\n|-boost|p2b: Skeledirge|spa|1\n|\n|upkeep\n|\n|t:|1682810616\n|switch|p1a: Star fire|Flutter Mane, L50|100\/100\n|turn|3\n|\n|t:|1682810629\n|move|p1a: Star fire|Dazzling Gleam|p2b: Skeledirge|[spread] p2a,p2b\n|-resisted|p2b: Skeledirge\n|-damage|p2a: Iron Bundle|0 fnt\n|-damage|p2b: Skeledirge|1\/100\n|faint|p2a: Iron Bundle\n|-end|p2a: Iron Bundle|Quark Drive|[silent]\n|move|p1b: Beast boy|Stomping Tantrum|p2b: Skeledirge\n|-supereffective|p2b: Skeledirge\n|-damage|p2b: Skeledirge|0 fnt\n|faint|p2b: Skeledirge\n|\n|upkeep\n|\n|t:|1682810638\n|switch|p2a: Meowscarada|Meowscarada, L50, M|100\/100\n|switch|p2b: Dragapult|Dragapult, L50, M|100\/100\n|turn|4\n|inactive|NicoHaxVGC has 30 seconds left.\n|inactive|NicoHaxVGC has 20 seconds left.\n|\n|t:|1682810673\n|-terastallize|p2b: Dragapult|Electric\n|move|p1a: Star fire|Dazzling Gleam|p2b: Dragapult|[spread] p2a,p2b\n|-supereffective|p2a: Meowscarada\n|-damage|p2a: Meowscarada|4\/100\n|-damage|p2b: Dragapult|54\/100\n|move|p2b: Dragapult|Shadow Ball|p1a: Star fire\n|-supereffective|p1a: Star fire\n|-damage|p1a: Star fire|58\/100\n|-unboost|p1a: Star fire|spd|1\n|move|p2a: Meowscarada|Flower Trick|p1a: Star fire\n|-start|p2a: Meowscarada|typechange|Grass|[from] ability: Protean\n|-crit|p1a: Star fire\n|-damage|p1a: Star fire|0 fnt\n|faint|p1a: Star fire\n|-end|p1a: Star fire|Protosynthesis|[silent]\n|move|p1b: Beast boy|Heavy Slam|p2b: Dragapult\n|-resisted|p2b: Dragapult\n|-damage|p2b: Dragapult|31\/100\n|\n|-sideend|p1: NicoHaxVGC|move: Tailwind\n|upkeep\n|\n|t:|1682810691\n|switch|p1a: Cyborg|Iron Bundle, L50|100\/100\n|-enditem|p1a: Cyborg|Booster Energy\n|-activate|p1a: Cyborg|ability: Quark Drive|[fromitem]\n|-start|p1a: Cyborg|quarkdrivespe\n|turn|5\n|inactive|you're a clod sire has 30 seconds left.\n|inactive|you're a clod sire has 20 seconds left.\n|inactive|you're a clod sire has 15 seconds left.\n|inactive|you're a clod sire has 10 seconds left.\n|inactive|you're a clod sire has 5 seconds left.\n|\n|t:|1682810746\n|move|p1a: Cyborg|Icy Wind|p2b: Dragapult|[spread] p2a,p2b\n|-supereffective|p2a: Meowscarada\n|-damage|p2a: Meowscarada|0 fnt\n|-damage|p2b: Dragapult|12\/100\n|faint|p2a: Meowscarada\n|move|p2b: Dragapult|Shadow Ball|p1a: Cyborg\n|-damage|p1a: Cyborg|54\/100\n|move|p1b: Beast boy|Stomping Tantrum|p2b: Dragapult\n|-supereffective|p2b: Dragapult\n|-damage|p2b: Dragapult|0 fnt\n|faint|p2b: Dragapult\n|\n|win|NicoHaxVGC\n|raw|NicoHaxVGC's rating: 1345 → 1362<\/strong> (+17 for winning)\n|raw|you're a clod sire's rating: 1284 → 1263<\/strong> (-21 for losing)\n","uploadtime":1682810761,"views":26,"p1id":"nicohaxvgc","p2id":"youreaclodsire","formatid":"gen9vgc2023regulationc","rating":1263,"private":0,"password":""}