{"id":"gen9vgc2023regulationc-1855033819","p1":"gataen42","p2":"NDShepard","format":"[Gen 9] VGC 2023 Regulation C","log":"|j|\u2606gataen42\n|j|\u2606NDShepard\n|t:|1682893317\n|gametype|doubles\n|player|p1|gataen42|lass-gen4|\n|player|p2|NDShepard|caitlin|\n|teamsize|p1|6\n|teamsize|p2|6\n|gen|9\n|tier|[Gen 9] VGC 2023 Regulation C\n|rule|Species Clause: Limit one of each Pok\u00e9mon\n|rule|Item Clause: Limit one of each item\n|clearpoke\n|poke|p1|Amoonguss, L50, F|\n|poke|p1|Chi-Yu, L50|\n|poke|p1|Gyarados, L50, M|\n|poke|p1|Flutter Mane, L50|\n|poke|p1|Klefki, L50, F|\n|poke|p1|Roaring Moon, L50|\n|poke|p2|Torkoal, L50, F|\n|poke|p2|Hoppip, L50, F|\n|poke|p2|Flutter Mane, L50|\n|poke|p2|Great Tusk, L50|\n|poke|p2|Chien-Pao, L50|\n|poke|p2|Kingambit, L50, F|\n|teampreview|4\nNDShepard has agreed to open team sheets.\n|j| Nineveh\n|j| Elyoss\n|l| Elyoss\n|j| Toadow\n|j| Otark\n|j| Elyoss\ngataen42 has agreed to open team sheets.\n|j| Squash\n|j| Masskeauuu\n|j| Sharow\n|j| Misstikon\n|j| Heika\n|j| wertsd26\n|j| Gelbel3c\n|l| Elyoss\n|j| Elyoss\n|\n|t:|1682893773\n|start\n|switch|p1a: Alekso <3|Amoonguss, L50, F|100\/100\n|switch|p1b: EviGaro <3|Roaring Moon, L50|100\/100\n|switch|p2a: Torkoal|Torkoal, L50, F|100\/100\n|switch|p2b: Hoppip|Hoppip, L50, F, shiny|100\/100\n|-weather|SunnyDay|[from] ability: Drought|[of] p2a: Torkoal\n|-activate|p1b: EviGaro <3|ability: Protosynthesis\n|-start|p1b: EviGaro <3|protosynthesisspe\n|turn|1\n|\n|t:|1682893795\n|move|p1b: EviGaro <3|Tailwind|p1b: EviGaro <3\n|-sidestart|p1: gataen42|move: Tailwind\n|move|p2b: Hoppip|Tailwind|p2b: Hoppip\n|-sidestart|p2: NDShepard|move: Tailwind\n|move|p2a: Torkoal|Overheat|p1a: Alekso <3\n|-supereffective|p1a: Alekso <3\n|-damage|p1a: Alekso <3|2\/100\n|-unboost|p2a: Torkoal|spa|2\n|-enditem|p2a: Torkoal|Eject Pack\n|-enditem|p1a: Alekso <3|Sitrus Berry|[eat]\n|-heal|p1a: Alekso <3|27\/100|[from] item: Sitrus Berry\n|c|\u2606gataen42|voil\u00e0 tu vois\n|l| wertsd26\n|\n|t:|1682893815\n|switch|p2a: Flutter Mane|Flutter Mane, L50|100\/100\n|-activate|p2a: Flutter Mane|ability: Protosynthesis\n|-start|p2a: Flutter Mane|protosynthesisspe\n|move|p1a: Alekso <3|Spore|p2a: Flutter Mane\n|-status|p2a: Flutter Mane|slp|[from] move: Spore\n|\n|-weather|SunnyDay|[upkeep]\n|upkeep\n|turn|2\n|j| wertsd26\n|\n|t:|1682893834\n|switch|p1a: hurtadoo <3|Flutter Mane, L50|100\/100\n|-activate|p1a: hurtadoo <3|ability: Protosynthesis\n|-start|p1a: hurtadoo <3|protosynthesisspe\n|cant|p2a: Flutter Mane|slp\n|move|p1b: EviGaro <3|Throat Chop|p2a: Flutter Mane\n|-damage|p2a: Flutter Mane|36\/100 slp\n|-start|p2a: Flutter Mane|Throat Chop|[silent]\n|move|p2b: Hoppip|Sleep Powder|p1b: EviGaro <3|[miss]\n|-miss|p2b: Hoppip|p1b: EviGaro <3\n|\n|-weather|SunnyDay|[upkeep]\n|upkeep\n|turn|3\n|\n|t:|1682893852\n|move|p1a: hurtadoo <3|Dazzling Gleam|p2a: Flutter Mane|[spread] p2a,p2b\n|-damage|p2a: Flutter Mane|0 fnt\n|-damage|p2b: Hoppip|12\/100\n|faint|p2a: Flutter Mane\n|-end|p2a: Flutter Mane|Protosynthesis|[silent]\n|move|p1b: EviGaro <3|Throat Chop|p2b: Hoppip\n|-damage|p2b: Hoppip|0 fnt\n|faint|p2b: Hoppip\n|\n|-weather|SunnyDay|[upkeep]\n|upkeep\n|\n|t:|1682893858\n|switch|p2a: Torkoal|Torkoal, L50, F|100\/100\n|switch|p2b: Kingambit|Kingambit, L50, F|100\/100\n|turn|4\n|\n|t:|1682893918\n|-terastallize|p1a: hurtadoo <3|Water\n|move|p1a: hurtadoo <3|Dazzling Gleam|p2b: Kingambit|[spread] p2a,p2b\n|-resisted|p2a: Torkoal\n|-damage|p2a: Torkoal|80\/100\n|-damage|p2b: Kingambit|72\/100\n|move|p1b: EviGaro <3|Throat Chop|p2b: Kingambit\n|-resisted|p2b: Kingambit\n|-damage|p2b: Kingambit|59\/100\n|-start|p2b: Kingambit|Throat Chop|[silent]\n|move|p2b: Kingambit|Kowtow Cleave|p1b: EviGaro <3\n|-resisted|p1b: EviGaro <3\n|-crit|p1b: EviGaro <3\n|-damage|p1b: EviGaro <3|61\/100\n|move|p2a: Torkoal|Yawn|p1a: hurtadoo <3\n|-start|p1a: hurtadoo <3|move: Yawn|[of] p2a: Torkoal\n|\n|-weather|SunnyDay|[upkeep]\n|-sideend|p2: NDShepard|move: Tailwind\n|-sideend|p1: gataen42|move: Tailwind\n|upkeep\n|turn|5\n|j| lemonstre1\n|l| Elyoss\n|\n|t:|1682893957\n|-end|p1a: hurtadoo <3|Protosynthesis|[silent]\n|switch|p1a: Alekso <3|Amoonguss, L50, F|60\/100\n|move|p1b: EviGaro <3|Throat Chop|p2a: Torkoal\n|-damage|p2a: Torkoal|52\/100\n|-start|p2a: Torkoal|Throat Chop|[silent]\n|move|p2b: Kingambit|Iron Head|p1b: EviGaro <3\n|-damage|p1b: EviGaro <3|14\/100\n|move|p2a: Torkoal|Yawn|p1b: EviGaro <3\n|-start|p1b: EviGaro <3|move: Yawn|[of] p2a: Torkoal\n|\n|-weather|none\n|-end|p1b: EviGaro <3|Protosynthesis\n|-end|p2b: Kingambit|Throat Chop|[silent]\n|upkeep\n|-enditem|p1b: EviGaro <3|Booster Energy\n|-activate|p1b: EviGaro <3|ability: Protosynthesis|[fromitem]\n|-start|p1b: EviGaro <3|protosynthesisspe\n|turn|6\n|j| Zenadark\n|\n|t:|1682893979\n|move|p1b: EviGaro <3|Tailwind|p1b: EviGaro <3\n|-sidestart|p1: gataen42|move: Tailwind\n|move|p1a: Alekso <3|Spore|p2b: Kingambit\n|-status|p2b: Kingambit|slp|[from] move: Spore\n|cant|p2b: Kingambit|slp\n|move|p2a: Torkoal|Overheat|p1a: Alekso <3\n|-supereffective|p1a: Alekso <3\n|-damage|p1a: Alekso <3|0 fnt\n|-unboost|p2a: Torkoal|spa|2\n|faint|p1a: Alekso <3\n|\n|-end|p2a: Torkoal|Throat Chop|[silent]\n|-end|p1b: EviGaro <3|move: Yawn|[silent]\n|-status|p1b: EviGaro <3|slp\n|upkeep\n|l| wertsd26\n|j| Elyoss\n|\n|t:|1682893987\n|switch|p1a: Tuthur <3|Chi-Yu, L50|100\/100\n|-ability|p1a: Tuthur <3|Beads of Ruin\n|turn|7\n|l| Nineveh\n|j| Nineveh\n|\n|t:|1682894004\n|-terastallize|p2b: Kingambit|Fire\n|cant|p1b: EviGaro <3|slp\n|move|p1a: Tuthur <3|Dark Pulse|p2a: Torkoal\n|-damage|p2a: Torkoal|0 fnt\n|faint|p2a: Torkoal\n|-damage|p1a: Tuthur <3|91\/100|[from] item: Life Orb\n|-curestatus|p2b: Kingambit|slp|[msg]\n|move|p2b: Kingambit|Kowtow Cleave|p1a: Tuthur <3\n|-resisted|p1a: Tuthur <3\n|-damage|p1a: Tuthur <3|47\/100\n|\n|upkeep\n|turn|8\n|\n|t:|1682894017\n|cant|p1b: EviGaro <3|slp\n|move|p1a: Tuthur <3|Dark Pulse|p2b: Kingambit\n|-crit|p2b: Kingambit\n|-damage|p2b: Kingambit|0 fnt\n|faint|p2b: Kingambit\n|-damage|p1a: Tuthur <3|37\/100|[from] item: Life Orb\n|\n|win|gataen42\n|c|\u2606gataen42|gg\n|l| Heika\n|l| Elyoss\n|l| Gelbel3c\n|l| Otark\n|l| Masskeauuu\n|c|\u2606NDShepard|ggs\n|l| Misstikon\n|l|\u2606NDShepard\n","uploadtime":1682894050,"views":10,"p1id":"gataen42","p2id":"ndshepard","formatid":"gen9vgc2023regulationc","rating":0,"private":0,"password":""}