{"id":"gen9vgc2023regulationc-1847449531","p1":"Fekasu","p2":"Markingdra","format":"[Gen 9] VGC 2023 Regulation C","log":"|j|\u2606Fekasu\n|j|\u2606Markingdra\n|t:|1681956494\n|gametype|doubles\n|player|p1|Fekasu|pokekid|1330\n|player|p2|Markingdra|rocketgrunt|1422\n|teamsize|p1|6\n|teamsize|p2|6\n|gen|9\n|tier|[Gen 9] VGC 2023 Regulation C\n|rated|\n|rule|Species Clause: Limit one of each Pok\u00e9mon\n|rule|Item Clause: Limit one of each item\n|clearpoke\n|poke|p1|Baxcalibur, L50, F|\n|poke|p1|Arcanine, L50, M|\n|poke|p1|Amoonguss, L50, M|\n|poke|p1|Rotom-Wash, L50|\n|poke|p1|Corviknight, L50, F|\n|poke|p1|Ceruledge, L50, M|\n|poke|p2|Flutter Mane, L50|\n|poke|p2|Amoonguss, L50, M|\n|poke|p2|Pelipper, L50, M|\n|poke|p2|Palafin, L50, F|\n|poke|p2|Chien-Pao, L50|\n|poke|p2|Iron Hands, L50|\n|teampreview|4\nFekasu has agreed to open team sheets.\nMarkingdra has agreed to open team sheets.\n|inactive|Battle timer is ON: inactive players will automatically lose when time's up. (requested by Fekasu)\n|\n|t:|1681956594\n|start\n|switch|p1a: Rotom|Rotom-Wash, L50|100\/100\n|switch|p1b: Corviknight|Corviknight, L50, F|100\/100\n|switch|p2a: Palafin|Palafin, L50, F, shiny|100\/100\n|switch|p2b: Chien-Pao|Chien-Pao, L50|100\/100\n|-ability|p2b: Chien-Pao|Sword of Ruin\n|turn|1\n|\n|t:|1681956606\n|-terastallize|p2b: Chien-Pao|Dark\n|move|p1a: Rotom|Volt Switch|p2a: Palafin\n|-supereffective|p2a: Palafin\n|-damage|p2a: Palafin|10\/100\n|\n|t:|1681956612\n|switch|p1a: Arcanine|Arcanine, L50, M|100\/100|[from] Volt Switch\n|-ability|p1a: Arcanine|Intimidate|boost\n|-unboost|p2a: Palafin|atk|1\n|-unboost|p2b: Chien-Pao|atk|1\n|move|p2b: Chien-Pao|Crunch|p1a: Arcanine\n|-crit|p1a: Arcanine\n|-damage|p1a: Arcanine|0 fnt\n|faint|p1a: Arcanine\n|move|p2a: Palafin|Wave Crash|p1b: Corviknight\n|-damage|p1b: Corviknight|65\/100\n|-damage|p2a: Palafin|0 fnt|[from] Recoil\n|faint|p2a: Palafin\n|move|p1b: Corviknight|Tailwind|p1b: Corviknight\n|-sidestart|p1: Fekasu|move: Tailwind\n|\n|upkeep\n|\n|t:|1681956626\n|switch|p1a: Baxcalibur|Baxcalibur, L50, F|100\/100\n|switch|p2a: Iron Hands|Iron Hands, L50, shiny|100\/100\n|turn|2\n|\n|t:|1681956638\n|move|p1a: Baxcalibur|Protect|p1a: Baxcalibur\n|-singleturn|p1a: Baxcalibur|Protect\n|move|p2a: Iron Hands|Fake Out|p1b: Corviknight\n|-resisted|p1b: Corviknight\n|-damage|p1b: Corviknight|56\/100\n|cant|p1b: Corviknight|flinch\n|move|p2b: Chien-Pao|Crunch|p1a: Baxcalibur\n|-activate|p1a: Baxcalibur|move: Protect\n|\n|upkeep\n|turn|3\n|\n|t:|1681956649\n|switch|p2b: Pelipper|Pelipper, L50, M, shiny|100\/100\n|-weather|RainDance|[from] ability: Drizzle|[of] p2b: Pelipper\n|-terastallize|p1a: Baxcalibur|Ground\n|move|p1a: Baxcalibur|Earthquake|p2a: Iron Hands|[spread] p2a\n|-immune|p1b: Corviknight\n|-immune|p2b: Pelipper\n|-supereffective|p2a: Iron Hands\n|-damage|p2a: Iron Hands|43\/100\n|move|p1b: Corviknight|U-turn|p2b: Pelipper\n|-resisted|p2b: Pelipper\n|-damage|p2b: Pelipper|90\/100\n|\n|t:|1681956662\n|switch|p1b: Rotom|Rotom-Wash, L50|100\/100|[from] U-turn\n|move|p2a: Iron Hands|Thunder Punch|p1b: Rotom\n|-damage|p1b: Rotom|49\/100\n|\n|-weather|RainDance|[upkeep]\n|upkeep\n|turn|4\n|inactive|Markingdra has 30 seconds left.\n|\n|t:|1681956691\n|move|p2b: Pelipper|Protect|p2b: Pelipper\n|-singleturn|p2b: Pelipper|Protect\n|move|p1b: Rotom|Thunderbolt|p2b: Pelipper\n|-activate|p2b: Pelipper|move: Protect\n|move|p1a: Baxcalibur|Earthquake|p2a: Iron Hands|[spread] p2a\n|-activate|p2b: Pelipper|move: Protect\n|-immune|p1b: Rotom|[from] ability: Levitate\n|-supereffective|p2a: Iron Hands\n|-damage|p2a: Iron Hands|0 fnt\n|faint|p2a: Iron Hands\n|-end|p2a: Iron Hands|Quark Drive|[silent]\n|\n|-weather|RainDance|[upkeep]\n|-sideend|p1: Fekasu|move: Tailwind\n|upkeep\n|\n|t:|1681956699\n|switch|p2a: Chien-Pao|Chien-Pao, L50, tera:Dark|100\/100\n|-ability|p2a: Chien-Pao|Sword of Ruin\n|turn|5\n|\n|t:|1681956712\n|move|p1a: Baxcalibur|Protect|p1a: Baxcalibur\n|-singleturn|p1a: Baxcalibur|Protect\n|move|p1b: Rotom|Thunderbolt|p2b: Pelipper\n|-supereffective|p2b: Pelipper\n|-damage|p2b: Pelipper|0 fnt\n|faint|p2b: Pelipper\n|move|p2a: Chien-Pao|Crunch|p1b: Rotom\n|-damage|p1b: Rotom|0 fnt\n|faint|p1b: Rotom\n|\n|-weather|RainDance|[upkeep]\n|upkeep\n|\n|t:|1681956720\n|switch|p1b: Corviknight|Corviknight, L50, F|56\/100\n|turn|6\n|\n|t:|1681956743\n|move|p1a: Baxcalibur|Ice Shard|p2a: Chien-Pao\n|-damage|p2a: Chien-Pao|67\/100\n|move|p2a: Chien-Pao|Crunch|p1b: Corviknight\n|-damage|p1b: Corviknight|0 fnt\n|faint|p1b: Corviknight\n|\n|-weather|RainDance|[upkeep]\n|upkeep\n|turn|7\n|\n|t:|1681956755\n|move|p2a: Chien-Pao|Crunch|p1a: Baxcalibur\n|-damage|p1a: Baxcalibur|0 fnt\n|faint|p1a: Baxcalibur\n|\n|win|Markingdra\n|raw|Fekasu's rating: 1330 → 1315<\/strong> (-15 for losing)\n|raw|Markingdra's rating: 1422 → 1437<\/strong> (+15 for winning)\n|l|\u2606Fekasu\n","uploadtime":1681956767,"views":3,"p1id":"fekasu","p2id":"markingdra","formatid":"gen9vgc2023regulationc","rating":1315,"private":0,"password":""}