{"id":"gen9vgc2023regulationc-1854961646","p1":"Betty23333","p2":"henritos22","format":"[Gen 9] VGC 2023 Regulation C","log":"|j|\u2606Betty23333\n|j|\u2606henritos22\n|t:|1682885349\n|gametype|doubles\n|player|p1|Betty23333|lass-gen4dp|1049\n|player|p2|henritos22|266|1038\n|teamsize|p1|6\n|teamsize|p2|6\n|gen|9\n|tier|[Gen 9] VGC 2023 Regulation C\n|rated|\n|rule|Species Clause: Limit one of each Pok\u00e9mon\n|rule|Item Clause: Limit one of each item\n|clearpoke\n|poke|p1|Armarouge, L50, M|\n|poke|p1|Palafin, L50, F|\n|poke|p1|Indeedee-F, L50, F|\n|poke|p1|Maushold-Four, L50|\n|poke|p1|Garganacl, L50, F|\n|poke|p1|Mimikyu, L50, M|\n|poke|p2|Raichu, L50, M|\n|poke|p2|Braviary, L50, M|\n|poke|p2|Mismagius, L50, M|\n|poke|p2|Abomasnow, L50, F|\n|poke|p2|Cetitan, L50, F|\n|poke|p2|Clodsire, L50, F|\n|teampreview|4\n|inactive|Battle timer is ON: inactive players will automatically lose when time's up. (requested by henritos22)\n|\n|t:|1682885375\n|start\n|switch|p1a: Palafin|Palafin, L50, F|100\/100\n|switch|p1b: Armarouge|Armarouge, L50, M|100\/100\n|switch|p2a: Abomasnow|Abomasnow, L50, F|100\/100\n|switch|p2b: Mismagius|Mismagius, L50, M|100\/100\n|-weather|Snow|[from] ability: Snow Warning|[of] p2a: Abomasnow\n|turn|1\n|\n|t:|1682885390\n|move|p1b: Armarouge|Wide Guard|p1b: Armarouge\n|-singleturn|p1b: Armarouge|Wide Guard\n|move|p2b: Mismagius|Hyper Voice|p1b: Armarouge|[spread] \n|-activate|p1a: Palafin|move: Wide Guard\n|-activate|p1b: Armarouge|move: Wide Guard\n|move|p1a: Palafin|Flip Turn|p1b: Armarouge\n|-supereffective|p1b: Armarouge\n|-damage|p1b: Armarouge|51\/100\n|-ability|p1b: Armarouge|Weak Armor|boost\n|-unboost|p1b: Armarouge|def|1\n|-boost|p1b: Armarouge|spe|2\n|-enditem|p1b: Armarouge|Weakness Policy\n|-boost|p1b: Armarouge|atk|2|[from] item: Weakness Policy\n|-boost|p1b: Armarouge|spa|2|[from] item: Weakness Policy\n|\n|t:|1682885410\n|detailschange|p1a: Palafin|Palafin-Hero, L50, F\n|switch|p1a: Indeedee|Indeedee-F, L50, F|100\/100|[from] Flip Turn\n|-fieldstart|move: Psychic Terrain|[from] ability: Psychic Surge|[of] p1a: Indeedee\n|-enditem|p1a: Indeedee|Psychic Seed\n|-boost|p1a: Indeedee|spd|1|[from] item: Psychic Seed\n|move|p2a: Abomasnow|Aurora Veil|p2a: Abomasnow\n|-sidestart|p2: henritos22|move: Aurora Veil\n|\n|-weather|Snow|[upkeep]\n|upkeep\n|turn|2\n|\n|t:|1682885428\n|move|p1a: Indeedee|Follow Me|p1a: Indeedee\n|-singleturn|p1a: Indeedee|move: Follow Me\n|move|p1b: Armarouge|Armor Cannon|p2a: Abomasnow\n|-supereffective|p2a: Abomasnow\n|-damage|p2a: Abomasnow|0 fnt\n|-unboost|p1b: Armarouge|def|1\n|-unboost|p1b: Armarouge|spd|1\n|faint|p2a: Abomasnow\n|move|p2b: Mismagius|Hyper Voice|p1a: Indeedee|[spread] p1a,p1b\n|-damage|p1a: Indeedee|86\/100\n|-damage|p1b: Armarouge|8\/100\n|-enditem|p2b: Mismagius|Throat Spray\n|-boost|p2b: Mismagius|spa|1|[from] item: Throat Spray\n|\n|-weather|Snow|[upkeep]\n|upkeep\n|\n|t:|1682885452\n|switch|p2a: Raichu|Raichu, L50, M|100\/100\n|turn|3\n|inactive|Betty23333 has 30 seconds left.\n|inactive|Betty23333 has 20 seconds left.\n|\n|t:|1682885491\n|-terastallize|p2b: Mismagius|Dark\n|move|p1a: Indeedee|Helping Hand|p1b: Armarouge\n|-singleturn|p1b: Armarouge|Helping Hand|[of] p1a: Indeedee\n|move|p2a: Raichu|Protect|p2a: Raichu\n|-singleturn|p2a: Raichu|Protect\n|move|p1b: Armarouge|Armor Cannon|p2b: Mismagius\n|-damage|p2b: Mismagius|0 fnt\n|-unboost|p1b: Armarouge|def|1\n|-unboost|p1b: Armarouge|spd|1\n|faint|p2b: Mismagius\n|\n|-weather|Snow|[upkeep]\n|upkeep\n|\n|t:|1682885501\n|switch|p2b: Cetitan|Cetitan, L50, F|100\/100\n|turn|4\n|\n|t:|1682885514\n|move|p1a: Indeedee|Follow Me|p1a: Indeedee\n|-singleturn|p1a: Indeedee|move: Follow Me\n|move|p1b: Armarouge|Armor Cannon|p2b: Cetitan\n|-supereffective|p2b: Cetitan\n|-damage|p2b: Cetitan|0 fnt\n|-unboost|p1b: Armarouge|def|1\n|-unboost|p1b: Armarouge|spd|1\n|faint|p2b: Cetitan\n|move|p2a: Raichu|Surf|p1a: Indeedee|[spread] p1a,p1b\n|-crit|p1a: Indeedee\n|-supereffective|p1b: Armarouge\n|-damage|p1a: Indeedee|58\/100\n|-damage|p1b: Armarouge|0 fnt\n|faint|p1b: Armarouge\n|\n|-weather|Snow|[upkeep]\n|upkeep\n|\n|t:|1682885521\n|switch|p1b: Mimikyu|Mimikyu, L50, M|100\/100\n|turn|5\n|-message|henritos22 forfeited.\n|\n|win|Betty23333\n|raw|Betty23333's rating: 1049 → 1081<\/strong> (+32 for winning)\n|raw|henritos22's rating: 1038 → 1023<\/strong> (-15 for losing)\n|l|\u2606henritos22\n","uploadtime":1682885525,"views":5,"p1id":"betty23333","p2id":"henritos22","formatid":"gen9vgc2023regulationc","rating":1023,"private":0,"password":""}