{"id":"gen9vgc2023regulationc-1847895351","p1":"Jovi-samu","p2":"zjes9402221","format":"[Gen 9] VGC 2023 Regulation C","log":"|j|\u2606Jovi-samu\n|j|\u2606zjes9402221\n|t:|1682010730\n|gametype|doubles\n|player|p1|Jovi-samu|2|1000\n|player|p2|zjes9402221|102|1076\n|teamsize|p1|6\n|teamsize|p2|6\n|gen|9\n|tier|[Gen 9] VGC 2023 Regulation C\n|rated|\n|rule|Species Clause: Limit one of each Pok\u00e9mon\n|rule|Item Clause: Limit one of each item\n|clearpoke\n|poke|p1|Coalossal, L50, M|\n|poke|p1|Dragapult, L50, F|\n|poke|p1|Chi-Yu, L50|\n|poke|p1|Torkoal, L50, M|\n|poke|p1|Scovillain, L50, F|\n|poke|p1|Gastrodon, L50, F|\n|poke|p2|Wo-Chien, L50|\n|poke|p2|Arcanine, L50, F|\n|poke|p2|Palafin, L50, M|\n|poke|p2|Glimmora, L50, F|\n|poke|p2|Dragonite, L50, F|\n|poke|p2|Gothitelle, L50, F|\n|teampreview|4\n|inactive|Battle timer is ON: inactive players will automatically lose when time's up. (requested by zjes9402221)\n|inactive|Jovi-samu also wants the timer to be on.\n|inactive|zjes9402221 has 60 seconds left.\n|inactive|zjes9402221 has 30 seconds left.\n|\n|t:|1682010798\n|start\n|switch|p1a: Coalossal|Coalossal, L50, M|100\/100\n|switch|p1b: Dragapult|Dragapult, L50, F|100\/100\n|switch|p2a: Gothitelle|Gothitelle, L50, F|100\/100\n|switch|p2b: Palafin|Palafin, L50, M|100\/100\n|turn|1\n|inactive|Jovi-samu has 30 seconds left.\n|inactive|zjes9402221 has 30 seconds left.\n|inactive|Jovi-samu has 20 seconds left.\n|inactive|zjes9402221 has 20 seconds left.\n|\n|t:|1682010837\n|switch|p1b: Torkoal|Torkoal, L50, M|100\/100\n|-weather|SunnyDay|[from] ability: Drought|[of] p1b: Torkoal\n|detailschange|p2b: Palafin|Palafin-Hero, L50, M\n|switch|p2b: Wo-Chien|Wo-Chien, L50|100\/100\n|-ability|p2b: Wo-Chien|Tablets of Ruin\n|move|p1a: Coalossal|Protect|p1a: Coalossal\n|-singleturn|p1a: Coalossal|Protect\n|move|p2a: Gothitelle|Trick Room|p2a: Gothitelle\n|-fieldstart|move: Trick Room|[of] p2a: Gothitelle\n|\n|-weather|SunnyDay|[upkeep]\n|upkeep\n|turn|2\n|inactive|zjes9402221 has 30 seconds left.\n|inactive|zjes9402221 has 20 seconds left.\n|\n|t:|1682010874\n|-terastallize|p2b: Wo-Chien|Poison\n|move|p1b: Torkoal|Stealth Rock|p2a: Gothitelle\n|-sidestart|p2: zjes9402221|move: Stealth Rock\n|move|p1a: Coalossal|Heat Wave|p2b: Wo-Chien|[spread] p2a,p2b\n|-damage|p2a: Gothitelle|59\/100\n|-damage|p2b: Wo-Chien|74\/100\n|move|p2a: Gothitelle|Psychic|p1b: Torkoal\n|-damage|p1b: Torkoal|65\/100\n|move|p2b: Wo-Chien|Leech Seed|p1b: Torkoal|[miss]\n|-miss|p2b: Wo-Chien|p1b: Torkoal\n|\n|-weather|SunnyDay|[upkeep]\n|-heal|p2b: Wo-Chien|80\/100|[from] item: Leftovers\n|upkeep\n|turn|3\n|inactive|Jovi-samu has 30 seconds left.\n|inactive|zjes9402221 has 30 seconds left.\n|inactive|zjes9402221 has 20 seconds left.\n|inactive|zjes9402221 has 15 seconds left.\n|inactive|zjes9402221 has 10 seconds left.\n|\n|t:|1682010920\n|move|p1b: Torkoal|Yawn|p2a: Gothitelle\n|-start|p2a: Gothitelle|move: Yawn|[of] p1b: Torkoal\n|move|p1a: Coalossal|Earth Power|p2b: Wo-Chien\n|-supereffective|p2b: Wo-Chien\n|-damage|p2b: Wo-Chien|47\/100\n|move|p2a: Gothitelle|Psychic|p1b: Torkoal\n|-damage|p1b: Torkoal|28\/100\n|move|p2b: Wo-Chien|Leech Seed|p1a: Coalossal\n|-start|p1a: Coalossal|move: Leech Seed\n|\n|-weather|SunnyDay|[upkeep]\n|-heal|p2b: Wo-Chien|53\/100|[from] item: Leftovers\n|-damage|p1a: Coalossal|88\/100|[from] Leech Seed|[of] p2b: Wo-Chien\n|-heal|p2b: Wo-Chien|65\/100|[silent]\n|upkeep\n|turn|4\n|inactive|Jovi-samu has 30 seconds left.\n|inactive|zjes9402221 has 30 seconds left.\n|inactive|Jovi-samu has 20 seconds left.\n|inactive|zjes9402221 has 20 seconds left.\n|inactive|zjes9402221 has 15 seconds left.\n|inactive|zjes9402221 has 10 seconds left.\n|\n|t:|1682010966\n|switch|p2a: Palafin|Palafin-Hero, L50, M|100\/100\n|-damage|p2a: Palafin|88\/100|[from] Stealth Rock\n|-activate|p2a: Palafin|ability: Zero to Hero\n|move|p2b: Wo-Chien|Protect|p2b: Wo-Chien\n|-singleturn|p2b: Wo-Chien|Protect\n|move|p1b: Torkoal|Will-O-Wisp|p2b: Wo-Chien\n|-activate|p2b: Wo-Chien|move: Protect\n|move|p1a: Coalossal|Heat Wave|p2a: Palafin|[spread] p2a\n|-activate|p2b: Wo-Chien|move: Protect\n|-resisted|p2a: Palafin\n|-damage|p2a: Palafin|69\/100\n|\n|-weather|SunnyDay|[upkeep]\n|-heal|p2b: Wo-Chien|71\/100|[from] item: Leftovers\n|-damage|p1a: Coalossal|76\/100|[from] Leech Seed|[of] p2b: Wo-Chien\n|-heal|p2b: Wo-Chien|83\/100|[silent]\n|upkeep\n|turn|5\n|inactive|Jovi-samu has 30 seconds left.\n|inactive|zjes9402221 has 30 seconds left.\n|inactive|Jovi-samu has 20 seconds left.\n|\n|t:|1682011005\n|switch|p1b: Dragapult|Dragapult, L50, F|100\/100\n|move|p2a: Palafin|Protect|p2a: Palafin\n|-singleturn|p2a: Palafin|Protect\n|move|p1a: Coalossal|Heat Wave|p2b: Wo-Chien|[spread] p2b\n|-activate|p2a: Palafin|move: Protect\n|-crit|p2b: Wo-Chien\n|-damage|p2b: Wo-Chien|43\/100\n|move|p2b: Wo-Chien|Knock Off|p1a: Coalossal\n|-damage|p1a: Coalossal|56\/100\n|-enditem|p1a: Coalossal|Weakness Policy|[from] move: Knock Off|[of] p2b: Wo-Chien\n|\n|-weather|SunnyDay|[upkeep]\n|-heal|p2b: Wo-Chien|49\/100|[from] item: Leftovers\n|-damage|p1a: Coalossal|43\/100|[from] Leech Seed|[of] p2b: Wo-Chien\n|-heal|p2b: Wo-Chien|61\/100|[silent]\n|-fieldend|move: Trick Room\n|upkeep\n|turn|6\n|inactive|Jovi-samu has 30 seconds left.\n|inactive|zjes9402221 has 30 seconds left.\n|inactive|zjes9402221 has 20 seconds left.\n|inactive|zjes9402221 has 15 seconds left.\n|inactive|zjes9402221 has 10 seconds left.\n|\n|t:|1682011051\n|switch|p2a: Gothitelle|Gothitelle, L50, F|59\/100\n|-damage|p2a: Gothitelle|47\/100|[from] Stealth Rock\n|-terastallize|p1b: Dragapult|Steel\n|move|p1b: Dragapult|Dragon Dance|p1b: Dragapult\n|-boost|p1b: Dragapult|atk|1\n|-boost|p1b: Dragapult|spe|1\n|move|p2b: Wo-Chien|Leech Seed|p1b: Dragapult\n|-start|p1b: Dragapult|move: Leech Seed\n|move|p1a: Coalossal|Heat Wave|p2a: Gothitelle|[spread] p2a,p2b\n|-damage|p2a: Gothitelle|6\/100\n|-damage|p2b: Wo-Chien|37\/100\n|-status|p2a: Gothitelle|brn\n|-enditem|p2a: Gothitelle|Iapapa Berry|[eat]\n|-heal|p2a: Gothitelle|39\/100 brn|[from] item: Iapapa Berry\n|\n|-weather|SunnyDay|[upkeep]\n|-heal|p2b: Wo-Chien|42\/100|[from] item: Leftovers\n|-damage|p1b: Dragapult|88\/100|[from] Leech Seed|[of] p2b: Wo-Chien\n|-heal|p2b: Wo-Chien|53\/100|[silent]\n|-damage|p1a: Coalossal|31\/100|[from] Leech Seed|[of] p2b: Wo-Chien\n|-heal|p2b: Wo-Chien|65\/100|[silent]\n|-damage|p2a: Gothitelle|34\/100 brn|[from] brn\n|upkeep\n|turn|7\n|inactive|Jovi-samu has 30 seconds left.\n|inactive|zjes9402221 has 30 seconds left.\n|inactive|Jovi-samu has 20 seconds left.\n|inactive|zjes9402221 has 20 seconds left.\n|inactive|Jovi-samu has 15 seconds left.\n|inactive|Jovi-samu has 10 seconds left.\n|inactive|zjes9402221 has 15 seconds left.\n|\n|t:|1682011099\n|move|p2b: Wo-Chien|Protect|p2b: Wo-Chien\n|-singleturn|p2b: Wo-Chien|Protect\n|move|p1b: Dragapult|Dragon Darts|p2a: Gothitelle\n|-damage|p2a: Gothitelle|8\/100 brn\n|-anim|p1b: Dragapult|Dragon Darts|p2a: Gothitelle\n|-damage|p2a: Gothitelle|0 fnt\n|faint|p2a: Gothitelle\n|move|p1a: Coalossal|Heat Wave|p2b: Wo-Chien\n|-activate|p2b: Wo-Chien|move: Protect\n|\n|-weather|SunnyDay|[upkeep]\n|-heal|p2b: Wo-Chien|71\/100|[from] item: Leftovers\n|-damage|p1b: Dragapult|76\/100|[from] Leech Seed|[of] p2b: Wo-Chien\n|-heal|p2b: Wo-Chien|81\/100|[silent]\n|-damage|p1a: Coalossal|18\/100|[from] Leech Seed|[of] p2b: Wo-Chien\n|-heal|p2b: Wo-Chien|93\/100|[silent]\n|upkeep\n|\n|t:|1682011117\n|switch|p2a: Palafin|Palafin-Hero, L50, M|69\/100\n|-damage|p2a: Palafin|57\/100|[from] Stealth Rock\n|turn|8\n|inactive|zjes9402221 has 30 seconds left.\n|\n|t:|1682011144\n|move|p2a: Palafin|Aqua Jet|p1a: Coalossal\n|-supereffective|p1a: Coalossal\n|-damage|p1a: Coalossal|0 fnt\n|faint|p1a: Coalossal\n|move|p1b: Dragapult|Dragon Darts|p2a: Palafin\n|-damage|p2a: Palafin|31\/100\n|-anim|p1b: Dragapult|Dragon Darts|p2b: Wo-Chien\n|-damage|p2b: Wo-Chien|72\/100\n|move|p2b: Wo-Chien|Knock Off|p1b: Dragapult\n|-damage|p1b: Dragapult|40\/100\n|-enditem|p1b: Dragapult|Focus Sash|[from] move: Knock Off|[of] p2b: Wo-Chien\n|\n|-weather|none\n|-heal|p2b: Wo-Chien|78\/100|[from] item: Leftovers\n|-damage|p1b: Dragapult|27\/100|[from] Leech Seed|[of] p2b: Wo-Chien\n|-heal|p2b: Wo-Chien|88\/100|[silent]\n|upkeep\n|\n|t:|1682011158\n|switch|p1a: Torkoal|Torkoal, L50, M|28\/100\n|-weather|SunnyDay|[from] ability: Drought|[of] p1a: Torkoal\n|turn|9\n|\n|t:|1682011169\n|move|p2a: Palafin|Protect|p2a: Palafin\n|-singleturn|p2a: Palafin|Protect\n|move|p2b: Wo-Chien|Protect|p2b: Wo-Chien\n|-singleturn|p2b: Wo-Chien|Protect\n|move|p1b: Dragapult|Dragon Darts|p2a: Palafin\n|-activate|p2b: Wo-Chien|move: Protect\n|move|p1a: Torkoal|Will-O-Wisp|p2b: Wo-Chien\n|-activate|p2b: Wo-Chien|move: Protect\n|\n|-weather|SunnyDay|[upkeep]\n|-heal|p2b: Wo-Chien|94\/100|[from] item: Leftovers\n|-damage|p1b: Dragapult|15\/100|[from] Leech Seed|[of] p2b: Wo-Chien\n|-heal|p2b: Wo-Chien|100\/100|[silent]\n|upkeep\n|turn|10\n|inactive|zjes9402221 has 30 seconds left.\n|\n|t:|1682011198\n|move|p2a: Palafin|Aqua Jet|p1a: Torkoal\n|-supereffective|p1a: Torkoal\n|-damage|p1a: Torkoal|10\/100\n|move|p1b: Dragapult|Dragon Darts|p2a: Palafin\n|-damage|p2a: Palafin|7\/100\n|-anim|p1b: Dragapult|Dragon Darts|p2b: Wo-Chien\n|-damage|p2b: Wo-Chien|78\/100\n|move|p2b: Wo-Chien|Knock Off|p1a: Torkoal\n|-damage|p1a: Torkoal|0 fnt\n|-enditem|p1a: Torkoal|Heat Rock|[from] move: Knock Off|[of] p2b: Wo-Chien\n|faint|p1a: Torkoal\n|\n|-weather|SunnyDay|[upkeep]\n|-heal|p2b: Wo-Chien|84\/100|[from] item: Leftovers\n|-damage|p1b: Dragapult|3\/100|[from] Leech Seed|[of] p2b: Wo-Chien\n|-heal|p2b: Wo-Chien|94\/100|[silent]\n|upkeep\n|\n|t:|1682011207\n|switch|p1a: Chi-Yu|Chi-Yu, L50|100\/100\n|-ability|p1a: Chi-Yu|Beads of Ruin\n|turn|11\n|\n|t:|1682011228\n|move|p2a: Palafin|Aqua Jet|p1b: Dragapult\n|-damage|p1b: Dragapult|0 fnt\n|faint|p1b: Dragapult\n|move|p1a: Chi-Yu|Heat Wave|p2a: Palafin|[spread] p2a,p2b\n|-resisted|p2a: Palafin\n|-damage|p2a: Palafin|0 fnt\n|-damage|p2b: Wo-Chien|44\/100\n|faint|p2a: Palafin\n|move|p2b: Wo-Chien|Leech Seed|p1a: Chi-Yu\n|-start|p1a: Chi-Yu|move: Leech Seed\n|\n|-weather|SunnyDay|[upkeep]\n|-heal|p2b: Wo-Chien|50\/100|[from] item: Leftovers\n|-damage|p1a: Chi-Yu|88\/100|[from] Leech Seed|[of] p2b: Wo-Chien\n|-heal|p2b: Wo-Chien|58\/100|[silent]\n|upkeep\n|\n|t:|1682011242\n|switch|p2a: Glimmora|Glimmora, L50, F|100\/100\n|-damage|p2a: Glimmora|89\/100|[from] Stealth Rock\n|turn|12\n|\n|t:|1682011254\n|move|p2a: Glimmora|Protect|p2a: Glimmora\n|-singleturn|p2a: Glimmora|Protect\n|move|p2b: Wo-Chien|Protect|p2b: Wo-Chien\n|-singleturn|p2b: Wo-Chien|Protect\n|move|p1a: Chi-Yu|Heat Wave|p2b: Wo-Chien|[spread] \n|-activate|p2a: Glimmora|move: Protect\n|-activate|p2b: Wo-Chien|move: Protect\n|\n|-weather|SunnyDay|[upkeep]\n|-heal|p2b: Wo-Chien|64\/100|[from] item: Leftovers\n|-damage|p1a: Chi-Yu|76\/100|[from] Leech Seed|[of] p2b: Wo-Chien\n|-heal|p2b: Wo-Chien|72\/100|[silent]\n|upkeep\n|turn|13\n|inactive|zjes9402221 has 30 seconds left.\n|\n|t:|1682011271\n|move|p1a: Chi-Yu|Heat Wave|p2a: Glimmora|[spread] p2a,p2b\n|-resisted|p2a: Glimmora\n|-damage|p2a: Glimmora|36\/100\n|-damage|p2b: Wo-Chien|28\/100\n|move|p2a: Glimmora|Power Gem|p1a: Chi-Yu\n|-supereffective|p1a: Chi-Yu\n|-damage|p1a: Chi-Yu|0 fnt\n|faint|p1a: Chi-Yu\n|\n|win|zjes9402221\n|inactive|zjes9402221 has 30 seconds left this turn.\n|raw|Jovi-samu's rating: 1000 → 1000<\/strong> (+0 for losing)\n|raw|zjes9402221's rating: 1076 → 1098<\/strong> (+22 for winning)\n","uploadtime":1682011329,"views":19,"p1id":"jovisamu","p2id":"zjes9402221","formatid":"gen9vgc2023regulationc","rating":1000,"private":0,"password":""}