{"id":"gen9vgc2023regulationc-1847818194","p1":"ThatGuyTi","p2":"k-chanz","format":"[Gen 9] VGC 2023 Regulation C","log":"|j|\u2606ThatGuyTi\n|j|\u2606k-chanz\n|t:|1682004492\n|gametype|doubles\n|player|p1|ThatGuyTi|lance|1118\n|player|p2|k-chanz|170|1076\n|teamsize|p1|6\n|teamsize|p2|6\n|gen|9\n|tier|[Gen 9] VGC 2023 Regulation C\n|rated|\n|rule|Species Clause: Limit one of each Pok\u00e9mon\n|rule|Item Clause: Limit one of each item\n|clearpoke\n|poke|p1|Chien-Pao, L50|\n|poke|p1|Arcanine, L50, F|\n|poke|p1|Amoonguss, L50, F|\n|poke|p1|Dragapult, L50, M|\n|poke|p1|Palafin, L50, M|\n|poke|p1|Flutter Mane, L50|\n|poke|p2|Abomasnow, L50, F|\n|poke|p2|Flutter Mane, L50|\n|poke|p2|Ting-Lu, L50|\n|poke|p2|Gyarados, L50, F|\n|poke|p2|Murkrow, L50, F|\n|poke|p2|Iron Moth, L50|\n|teampreview|4\n|\n|t:|1682004538\n|start\n|switch|p1a: Palafin|Palafin, L50, M|100\/100\n|switch|p1b: Arcanine|Arcanine, L50, F|100\/100\n|switch|p2a: Iron Moth|Iron Moth, L50|100\/100\n|switch|p2b: Murkrow|Murkrow, L50, F|100\/100\n|-ability|p1b: Arcanine|Intimidate|boost\n|-unboost|p2a: Iron Moth|atk|1\n|-unboost|p2b: Murkrow|atk|1\n|turn|1\n|inactive|Battle timer is ON: inactive players will automatically lose when time's up. (requested by k-chanz)\n|\n|t:|1682004569\n|-terastallize|p1a: Palafin|Water\n|move|p2a: Iron Moth|Protect|p2a: Iron Moth\n|-singleturn|p2a: Iron Moth|Protect\n|move|p1b: Arcanine|Extreme Speed|p2a: Iron Moth\n|-activate|p2a: Iron Moth|move: Protect\n|move|p2b: Murkrow|Tailwind|p2b: Murkrow\n|-sidestart|p2: k-chanz|move: Tailwind\n|move|p1a: Palafin|Wave Crash|p2a: Iron Moth\n|-activate|p2a: Iron Moth|move: Protect\n|\n|upkeep\n|turn|2\n|inactive|k-chanz has 30 seconds left.\n|inactive|k-chanz has 20 seconds left.\n|\n|t:|1682004604\n|detailschange|p1a: Palafin|Palafin-Hero, L50, M, tera:Water\n|switch|p1a: Amoonguss|Amoonguss, L50, F, shiny|100\/100\n|-terastallize|p2a: Iron Moth|Grass\n|move|p1b: Arcanine|Extreme Speed|p2a: Iron Moth\n|-damage|p2a: Iron Moth|61\/100\n|move|p2b: Murkrow|Feather Dance|p1a: Amoonguss\n|-unboost|p1a: Amoonguss|atk|2\n|move|p2a: Iron Moth|Energy Ball|p1a: Amoonguss\n|-resisted|p1a: Amoonguss\n|-damage|p1a: Amoonguss|89\/100\n|\n|upkeep\n|turn|3\n|\n|t:|1682004627\n|move|p2a: Iron Moth|Protect|p2a: Iron Moth\n|-singleturn|p2a: Iron Moth|Protect\n|move|p1a: Amoonguss|Rage Powder|p1a: Amoonguss\n|-singleturn|p1a: Amoonguss|move: Rage Powder\n|move|p2b: Murkrow|Feather Dance|p1a: Amoonguss\n|-unboost|p1a: Amoonguss|atk|2\n|move|p1b: Arcanine|Flare Blitz|p2b: Murkrow\n|-damage|p2b: Murkrow|37\/100\n|-damage|p1b: Arcanine|83\/100|[from] Recoil\n|\n|upkeep\n|turn|4\n|\n|t:|1682004647\n|-end|p2a: Iron Moth|Quark Drive|[silent]\n|switch|p2a: Ting-Lu|Ting-Lu, L50|100\/100\n|-ability|p2a: Ting-Lu|Vessel of Ruin\n|move|p1a: Amoonguss|Protect|p1a: Amoonguss\n|-singleturn|p1a: Amoonguss|Protect\n|move|p2b: Murkrow|Taunt|p1a: Amoonguss\n|-activate|p1a: Amoonguss|move: Protect\n|move|p1b: Arcanine|Flare Blitz|p2a: Ting-Lu\n|-damage|p2a: Ting-Lu|67\/100\n|-damage|p1b: Arcanine|65\/100|[from] Recoil\n|\n|-heal|p2a: Ting-Lu|73\/100|[from] item: Leftovers\n|-sideend|p2: k-chanz|move: Tailwind\n|upkeep\n|turn|5\n|inactive|ThatGuyTi has 30 seconds left.\n|inactive|k-chanz has 30 seconds left.\n|\n|t:|1682004679\n|switch|p1b: Chien-Pao|Chien-Pao, L50|100\/100\n|-ability|p1b: Chien-Pao|Sword of Ruin\n|move|p2b: Murkrow|Taunt|p1a: Amoonguss\n|-start|p1a: Amoonguss|move: Taunt\n|-enditem|p1a: Amoonguss|Mental Herb\n|-end|p1a: Amoonguss|move: Taunt\n|move|p2a: Ting-Lu|Earthquake|p1a: Amoonguss|[spread] p1a,p1b\n|-immune|p2b: Murkrow\n|-damage|p1a: Amoonguss|48\/100\n|-damage|p1b: Chien-Pao|50\/100\n|move|p1a: Amoonguss|Energy Ball|p2a: Ting-Lu\n|-supereffective|p2a: Ting-Lu\n|-damage|p2a: Ting-Lu|38\/100\n|\n|-heal|p2a: Ting-Lu|44\/100|[from] item: Leftovers\n|upkeep\n|turn|6\n|\n|t:|1682004704\n|move|p2b: Murkrow|Taunt|p1a: Amoonguss\n|-start|p1a: Amoonguss|move: Taunt\n|move|p1b: Chien-Pao|Ice Spinner|p2a: Ting-Lu\n|-supereffective|p2a: Ting-Lu\n|-damage|p2a: Ting-Lu|0 fnt\n|faint|p2a: Ting-Lu\n|move|p1a: Amoonguss|Pollen Puff|p1b: Chien-Pao\n|-heal|p1b: Chien-Pao|99\/100\n|\n|upkeep\n|l|\u2606k-chanz\n|inactive|k-chanz disconnected and has a minute to reconnect!\n|player|p2|\n|inactive|k-chanz has 30 seconds left.\n|inactive|k-chanz has 20 seconds left.\n|inactive|k-chanz has 15 seconds left.\n|inactive|k-chanz has 10 seconds left.\n|inactive|k-chanz has 5 seconds left.\n|-message|k-chanz lost due to inactivity.\n|\n|win|ThatGuyTi\n|raw|ThatGuyTi's rating: 1118 → 1140<\/strong> (+22 for winning)\n|raw|k-chanz's rating: 1076 → 1057<\/strong> (-19 for losing)\n","uploadtime":1682004762,"views":10,"p1id":"thatguyti","p2id":"kchanz","formatid":"gen9vgc2023regulationc","rating":1057,"private":0,"password":""}