{"id":"gen9vgc2023regulationc-1853184018","p1":"chiptherip10","p2":"AnimeRedneck","format":"[Gen 9] VGC 2023 Regulation C","log":"|j|\u2606chiptherip10\n|j|\u2606AnimeRedneck\n|t:|1682645574\n|gametype|doubles\n|player|p1|chiptherip10|ltsurge|\n|player|p2|AnimeRedneck|pryce|\n|teamsize|p1|6\n|teamsize|p2|6\n|gen|9\n|tier|[Gen 9] VGC 2023 Regulation C\n|rule|Species Clause: Limit one of each Pok\u00e9mon\n|rule|Item Clause: Limit one of each item\n|clearpoke\n|poke|p1|Breloom, L50, F|\n|poke|p1|Chien-Pao, L50|\n|poke|p1|Palafin, L50, F|\n|poke|p1|Kilowattrel, L50, M|\n|poke|p1|Iron Treads, L50|\n|poke|p1|Stantler, L50, M|\n|poke|p2|Mabosstiff, L50, F|\n|poke|p2|Corviknight, L50, M|\n|poke|p2|Pawmot, L50, F|\n|poke|p2|Dondozo, L50, M|\n|poke|p2|Tatsugiri, L50, M|\n|poke|p2|Chi-Yu, L50|\n|teampreview|4\n|inactive|Battle timer is ON: inactive players will automatically lose when time's up. (requested by chiptherip10)\nAnimeRedneck rejected open team sheets.\n|inactiveoff|Battle timer is now OFF.\n|\n|t:|1682645718\n|start\n|switch|p1a: Palafin|Palafin, L50, F, shiny|100\/100\n|switch|p1b: Breloom|Breloom, L50, F|100\/100\n|switch|p2a: Ted Bundy|Pawmot, L50, F, shiny|100\/100\n|switch|p2b: Edmund Kemper|Dondozo, L50, M|100\/100\n|turn|1\n|\n|t:|1682645750\n|detailschange|p1a: Palafin|Palafin-Hero, L50, F, shiny\n|switch|p1a: Chien-Pao|Chien-Pao, L50|100\/100\n|-ability|p1a: Chien-Pao|Sword of Ruin\n|-terastallize|p2b: Edmund Kemper|Grass\n|move|p2a: Ted Bundy|Fake Out|p1b: Breloom\n|-damage|p1b: Breloom|79\/100\n|cant|p1b: Breloom|flinch\n|move|p2b: Edmund Kemper|Yawn|p1b: Breloom\n|-start|p1b: Breloom|move: Yawn|[of] p2b: Edmund Kemper\n|\n|upkeep\n|turn|2\n|\n|t:|1682645806\n|switch|p1b: Iron Treads|Iron Treads, L50, shiny|100\/100\n|-enditem|p1b: Iron Treads|Booster Energy\n|-activate|p1b: Iron Treads|ability: Quark Drive|[fromitem]\n|-start|p1b: Iron Treads|quarkdrivespe\n|move|p1a: Chien-Pao|Protect|p1a: Chien-Pao\n|-singleturn|p1a: Chien-Pao|Protect\n|move|p2b: Edmund Kemper|Protect|p2b: Edmund Kemper\n|-singleturn|p2b: Edmund Kemper|Protect\n|move|p2a: Ted Bundy|Double Shock|p1b: Iron Treads\n|-immune|p1b: Iron Treads\n|\n|upkeep\n|turn|3\n|\n|t:|1682645838\n|move|p2a: Ted Bundy|Protect|p2a: Ted Bundy\n|-singleturn|p2a: Ted Bundy|Protect\n|move|p1b: Iron Treads|Ice Spinner|p2b: Edmund Kemper\n|-supereffective|p2b: Edmund Kemper\n|-damage|p2b: Edmund Kemper|55\/100\n|move|p1a: Chien-Pao|Sacred Sword|p2b: Edmund Kemper\n|-damage|p2b: Edmund Kemper|28\/100\n|-enditem|p2b: Edmund Kemper|Sitrus Berry|[eat]\n|-heal|p2b: Edmund Kemper|52\/100|[from] item: Sitrus Berry\n|move|p2b: Edmund Kemper|Wave Crash|p1b: Iron Treads\n|-supereffective|p1b: Iron Treads\n|-damage|p1b: Iron Treads|0 fnt\n|faint|p1b: Iron Treads\n|-end|p1b: Iron Treads|Quark Drive|[silent]\n|-damage|p2b: Edmund Kemper|28\/100|[from] Recoil\n|\n|upkeep\n|\n|t:|1682645869\n|switch|p1b: Breloom|Breloom, L50, F|79\/100\n|turn|4\n|\n|t:|1682645890\n|move|p2b: Edmund Kemper|Protect|p2b: Edmund Kemper\n|-singleturn|p2b: Edmund Kemper|Protect\n|move|p1b: Breloom|Mach Punch|p2a: Ted Bundy\n|-damage|p2a: Ted Bundy|26\/100\n|move|p1a: Chien-Pao|Sacred Sword|p2a: Ted Bundy\n|-damage|p2a: Ted Bundy|0 fnt\n|faint|p2a: Ted Bundy\n|\n|upkeep\n|\n|t:|1682645897\n|switch|p2a: Richard Ramirez|Chi-Yu, L50|100\/100\n|-ability|p2a: Richard Ramirez|Beads of Ruin\n|turn|5\n|\n|t:|1682645946\n|move|p1b: Breloom|Mach Punch|p2a: Richard Ramirez\n|-supereffective|p2a: Richard Ramirez\n|-damage|p2a: Richard Ramirez|2\/100\n|move|p1a: Chien-Pao|Sacred Sword|p2b: Edmund Kemper\n|-damage|p2b: Edmund Kemper|0 fnt\n|faint|p2b: Edmund Kemper\n|move|p2a: Richard Ramirez|Heat Wave|p1b: Breloom|[spread] p1a,p1b\n|-supereffective|p1a: Chien-Pao\n|-supereffective|p1b: Breloom\n|-enditem|p1a: Chien-Pao|Focus Sash\n|-damage|p1a: Chien-Pao|1\/100\n|-damage|p1b: Breloom|0 fnt\n|faint|p1b: Breloom\n|\n|upkeep\n|\n|t:|1682645958\n|switch|p1b: Palafin|Palafin-Hero, L50, F, shiny|100\/100\n|switch|p2b: Zodiac|Tatsugiri, L50, M|100\/100\n|-activate|p1b: Palafin|ability: Zero to Hero\n|turn|6\n|\n|t:|1682645995\n|-terastallize|p1b: Palafin|Fairy\n|move|p1a: Chien-Pao|Protect|p1a: Chien-Pao\n|-singleturn|p1a: Chien-Pao|Protect\n|move|p2a: Richard Ramirez|Protect|p2a: Richard Ramirez\n|-singleturn|p2a: Richard Ramirez|Protect\n|move|p1b: Palafin|Tera Blast|p2b: Zodiac\n|-supereffective|p2b: Zodiac\n|-damage|p2b: Zodiac|0 fnt\n|faint|p2b: Zodiac\n|\n|upkeep\n|turn|7\n|\n|t:|1682646015\n|move|p1b: Palafin|Jet Punch|p2a: Richard Ramirez\n|-supereffective|p2a: Richard Ramirez\n|-damage|p2a: Richard Ramirez|0 fnt\n|faint|p2a: Richard Ramirez\n|\n|win|chiptherip10\n|l|\u2606AnimeRedneck\n","uploadtime":1682646058,"views":6,"p1id":"chiptherip10","p2id":"animeredneck","formatid":"gen9vgc2023regulationc","rating":0,"private":0,"password":""}