{"id":"gen9vgc2023regulationc-1856386461","p1":"TheHilbo","p2":"SoulVice","format":"[Gen 9] VGC 2023 Regulation C","log":"|j|\u2606TheHilbo\n|j|\u2606SoulVice\n|t:|1683056514\n|gametype|doubles\n|player|p1|TheHilbo|2|1130\n|player|p2|SoulVice|2|1200\n|teamsize|p1|6\n|teamsize|p2|6\n|gen|9\n|tier|[Gen 9] VGC 2023 Regulation C\n|rated|\n|rule|Species Clause: Limit one of each Pok\u00e9mon\n|rule|Item Clause: Limit one of each item\n|clearpoke\n|poke|p1|Skeledirge, L50, F|\n|poke|p1|Oranguru, L50, M|\n|poke|p1|Dondozo, L50, M|\n|poke|p1|Glimmora, L50, M|\n|poke|p1|Wo-Chien, L50|\n|poke|p1|Flutter Mane, L50|\n|poke|p2|Flutter Mane, L50|\n|poke|p2|Electrode, L50|\n|poke|p2|Chi-Yu, L50|\n|poke|p2|Scizor, L50, M|\n|poke|p2|Ting-Lu, L50|\n|poke|p2|Brute Bonnet, L50|\n|teampreview|4\n|\n|t:|1683056552\n|start\n|switch|p1a: Oranguru|Oranguru, L50, M|100\/100\n|switch|p1b: Wo-Chien|Wo-Chien, L50|100\/100\n|switch|p2a: Flutter Mane|Flutter Mane, L50|100\/100\n|switch|p2b: Electrode|Electrode, L50, shiny|100\/100\n|-ability|p1b: Wo-Chien|Tablets of Ruin\n|turn|1\n|\n|t:|1683056581\n|switch|p1b: Skeledirge|Skeledirge, L50, F|100\/100\n|-terastallize|p2a: Flutter Mane|Fairy\n|move|p2b: Electrode|Metal Sound|p1b: Skeledirge\n|-unboost|p1b: Skeledirge|spd|2\n|move|p2a: Flutter Mane|Dazzling Gleam|p1a: Oranguru|[spread] p1a,p1b\n|-resisted|p1b: Skeledirge\n|-damage|p1a: Oranguru|45\/100\n|-damage|p1b: Skeledirge|41\/100\n|move|p1a: Oranguru|Trick Room|p1a: Oranguru\n|-fieldstart|move: Trick Room|[of] p1a: Oranguru\n|\n|upkeep\n|turn|2\n|\n|t:|1683056608\n|move|p1b: Skeledirge|Torch Song|p2a: Flutter Mane\n|-crit|p2a: Flutter Mane\n|-damage|p2a: Flutter Mane|42\/100\n|-boost|p1b: Skeledirge|spa|1\n|-enditem|p1b: Skeledirge|Throat Spray\n|-boost|p1b: Skeledirge|spa|1|[from] item: Throat Spray\n|-activate|p1a: Oranguru|ability: Symbiosis|Life Orb|[of] p1b: Skeledirge\n|move|p1a: Oranguru|Instruct|p1b: Skeledirge\n|-singleturn|p1b: Skeledirge|move: Instruct|[of] p1a: Oranguru\n|move|p1b: Skeledirge|Torch Song|p2a: Flutter Mane\n|-damage|p2a: Flutter Mane|0 fnt\n|-boost|p1b: Skeledirge|spa|1\n|faint|p2a: Flutter Mane\n|-end|p2a: Flutter Mane|Protosynthesis|[silent]\n|-damage|p1b: Skeledirge|31\/100|[from] item: Life Orb\n|move|p2b: Electrode|Foul Play|p1a: Oranguru\n|-supereffective|p1a: Oranguru\n|-damage|p1a: Oranguru|27\/100\n|\n|upkeep\n|\n|t:|1683056626\n|switch|p2a: Brute Bonnet|Brute Bonnet, L50|100\/100\n|-enditem|p2a: Brute Bonnet|Booster Energy\n|-activate|p2a: Brute Bonnet|ability: Protosynthesis|[fromitem]\n|-start|p2a: Brute Bonnet|protosynthesisatk\n|turn|3\n|\n|t:|1683056642\n|move|p1b: Skeledirge|Heat Wave|p2a: Brute Bonnet|[spread] p2a,p2b\n|-supereffective|p2a: Brute Bonnet\n|-damage|p2a: Brute Bonnet|0 fnt\n|-enditem|p2b: Electrode|Focus Sash\n|-damage|p2b: Electrode|1\/100\n|faint|p2a: Brute Bonnet\n|-end|p2a: Brute Bonnet|Protosynthesis|[silent]\n|-damage|p1b: Skeledirge|21\/100|[from] item: Life Orb\n|move|p1a: Oranguru|Instruct|p1b: Skeledirge\n|-singleturn|p1b: Skeledirge|move: Instruct|[of] p1a: Oranguru\n|move|p1b: Skeledirge|Heat Wave|p2b: Electrode\n|-damage|p2b: Electrode|0 fnt\n|faint|p2b: Electrode\n|-damage|p1b: Skeledirge|11\/100|[from] item: Life Orb\n|\n|upkeep\n|\n|t:|1683056661\n|switch|p2a: Chi-Yu|Chi-Yu, L50|100\/100\n|-ability|p2a: Chi-Yu|Beads of Ruin\n|turn|4\n|\n|t:|1683056681\n|switch|p1a: Dondozo|Dondozo, L50, M|100\/100\n|move|p1b: Skeledirge|Heat Wave|p2a: Chi-Yu\n|-resisted|p2a: Chi-Yu\n|-damage|p2a: Chi-Yu|30\/100\n|-damage|p1b: Skeledirge|1\/100|[from] item: Life Orb\n|move|p2a: Chi-Yu|Heat Wave|p1a: Dondozo|[spread] p1a,p1b\n|-resisted|p1a: Dondozo\n|-resisted|p1b: Skeledirge\n|-damage|p1a: Dondozo|83\/100\n|-damage|p1b: Skeledirge|0 fnt\n|-status|p1a: Dondozo|brn\n|faint|p1b: Skeledirge\n|\n|-heal|p1a: Dondozo|89\/100 brn|[from] item: Leftovers\n|-damage|p1a: Dondozo|83\/100 brn|[from] brn\n|upkeep\n|\n|t:|1683056696\n|switch|p1b: Oranguru|Oranguru, L50, M|27\/100\n|turn|5\n|\n|t:|1683056704\n|move|p1a: Dondozo|Fissure|p2a: Chi-Yu|[miss]\n|-miss|p1a: Dondozo|p2a: Chi-Yu\n|move|p1b: Oranguru|Instruct|p1a: Dondozo\n|-singleturn|p1a: Dondozo|move: Instruct|[of] p1b: Oranguru\n|move|p1a: Dondozo|Fissure|p2a: Chi-Yu\n|-damage|p2a: Chi-Yu|0 fnt\n|faint|p2a: Chi-Yu\n|-ohko\n|\n|win|TheHilbo\n|raw|TheHilbo's rating: 1130 → 1160<\/strong> (+30 for winning)\n|raw|SoulVice's rating: 1200 → 1170<\/strong> (-30 for losing)\n|l|\u2606SoulVice\n","uploadtime":1683056717,"views":10,"p1id":"thehilbo","p2id":"soulvice","formatid":"gen9vgc2023regulationc","rating":1160,"private":0,"password":""}