{"id":"gen9vgc2023regulationc-1851801888","p1":"Bolg","p2":"TrueSunSeal","format":"[Gen 9] VGC 2023 Regulation C","log":"|j|\u2606Bolg\n|j|\u2606TrueSunSeal\n|t:|1682486203\n|gametype|doubles\n|player|p1|Bolg|1|1160\n|player|p2|TrueSunSeal|red-gen2|1088\n|teamsize|p1|6\n|teamsize|p2|6\n|gen|9\n|tier|[Gen 9] VGC 2023 Regulation C\n|rated|\n|rule|Species Clause: Limit one of each Pok\u00e9mon\n|rule|Item Clause: Limit one of each item\n|clearpoke\n|poke|p1|Armarouge, L50, F|\n|poke|p1|Indeedee-F, L50, F|\n|poke|p1|Arboliva, L50, M|\n|poke|p1|Iron Hands, L50|\n|poke|p1|Amoonguss, L50, M|\n|poke|p1|Torkoal, L50, F|\n|poke|p2|Chi-Yu, L50|\n|poke|p2|Baxcalibur, L50, F|\n|poke|p2|Flutter Mane, L50|\n|poke|p2|Gyarados, L50, M|\n|poke|p2|Glimmora, L50, F|\n|poke|p2|Scizor, L50, M|\n|teampreview|4\n|\n|t:|1682486254\n|start\n|switch|p1a: Indeedee|Indeedee-F, L50, F|100\/100\n|switch|p1b: Amoonguss|Amoonguss, L50, M|100\/100\n|switch|p2a: Chi-Yu|Chi-Yu, L50|100\/100\n|switch|p2b: Gyarados|Gyarados, L50, M, shiny|100\/100\n|-ability|p2a: Chi-Yu|Beads of Ruin\n|-ability|p2b: Gyarados|Intimidate|boost\n|-unboost|p1a: Indeedee|atk|1\n|-unboost|p1b: Amoonguss|atk|1\n|-fieldstart|move: Psychic Terrain|[from] ability: Psychic Surge|[of] p1a: Indeedee\n|turn|1\n|inactive|Battle timer is ON: inactive players will automatically lose when time's up. (requested by Bolg)\n|\n|t:|1682486272\n|-terastallize|p2a: Chi-Yu|Grass\n|-terastallize|p1b: Amoonguss|Water\n|move|p1a: Indeedee|Protect|p1a: Indeedee\n|-singleturn|p1a: Indeedee|Protect\n|move|p2a: Chi-Yu|Heat Wave|p1b: Amoonguss|[spread] p1b\n|-activate|p1a: Indeedee|move: Protect\n|-resisted|p1b: Amoonguss\n|-damage|p1b: Amoonguss|76\/100\n|move|p2b: Gyarados|Taunt|p1a: Indeedee\n|-activate|p1a: Indeedee|move: Protect\n|move|p1b: Amoonguss|Spore|p2a: Chi-Yu\n|-immune|p2a: Chi-Yu\n|\n|upkeep\n|turn|2\n|\n|t:|1682486288\n|move|p2a: Chi-Yu|Heat Wave|p1a: Indeedee|[spread] p1a,p1b\n|-resisted|p1b: Amoonguss\n|-crit|p1b: Amoonguss\n|-damage|p1a: Indeedee|43\/100\n|-damage|p1b: Amoonguss|39\/100\n|move|p2b: Gyarados|Taunt|p1a: Indeedee\n|-start|p1a: Indeedee|move: Taunt\n|-enditem|p1a: Indeedee|Mental Herb\n|-end|p1a: Indeedee|move: Taunt\n|move|p1b: Amoonguss|Spore|p2b: Gyarados\n|-status|p2b: Gyarados|slp|[from] move: Spore\n|move|p1a: Indeedee|Trick Room|p1a: Indeedee\n|-fieldstart|move: Trick Room|[of] p1a: Indeedee\n|\n|upkeep\n|turn|3\n|inactive|Bolg has 30 seconds left.\n|inactive|TrueSunSeal has 30 seconds left.\n|inactive|Bolg has 20 seconds left.\n|inactive|TrueSunSeal has 20 seconds left.\n|\n|t:|1682486327\n|switch|p1b: Torkoal|Torkoal, L50, F|100\/100\n|-weather|SunnyDay|[from] ability: Drought|[of] p1b: Torkoal\n|switch|p2a: Glimmora|Glimmora, L50, F, shiny|100\/100\n|move|p1a: Indeedee|Dazzling Gleam|p2b: Gyarados|[spread] p2a,p2b\n|-resisted|p2a: Glimmora\n|-damage|p2a: Glimmora|96\/100\n|-damage|p2b: Gyarados|89\/100 slp\n|cant|p2b: Gyarados|slp\n|\n|-weather|SunnyDay|[upkeep]\n|upkeep\n|turn|4\n|\n|t:|1682486351\n|move|p1a: Indeedee|Follow Me|p1a: Indeedee\n|-singleturn|p1a: Indeedee|move: Follow Me\n|move|p1b: Torkoal|Eruption|p2b: Gyarados|[spread] p2a,p2b\n|-resisted|p2a: Glimmora\n|-resisted|p2b: Gyarados\n|-damage|p2a: Glimmora|65\/100\n|-damage|p2b: Gyarados|47\/100 slp\n|-enditem|p2b: Gyarados|Sitrus Berry|[eat]\n|-heal|p2b: Gyarados|72\/100 slp|[from] item: Sitrus Berry\n|move|p2a: Glimmora|Power Gem|p1a: Indeedee\n|-damage|p1a: Indeedee|7\/100\n|-curestatus|p2b: Gyarados|slp|[msg]\n|move|p2b: Gyarados|Taunt|p1a: Indeedee\n|-start|p1a: Indeedee|move: Taunt\n|\n|-weather|SunnyDay|[upkeep]\n|upkeep\n|turn|5\n|\n|t:|1682486372\n|switch|p1b: Iron Hands|Iron Hands, L50|100\/100\n|move|p1a: Indeedee|Dazzling Gleam|p2b: Gyarados|[spread] p2a,p2b\n|-resisted|p2a: Glimmora\n|-damage|p2a: Glimmora|61\/100\n|-damage|p2b: Gyarados|60\/100\n|move|p2a: Glimmora|Power Gem|p1b: Iron Hands\n|-resisted|p1b: Iron Hands\n|-damage|p1b: Iron Hands|87\/100\n|move|p2b: Gyarados|Waterfall|p1b: Iron Hands\n|-damage|p1b: Iron Hands|76\/100\n|\n|-weather|SunnyDay|[upkeep]\n|-fieldend|move: Psychic Terrain\n|upkeep\n|turn|6\n|\n|t:|1682486390\n|switch|p1a: Amoonguss|Amoonguss, L50, M, tera:Water|72\/100\n|switch|p2a: Flutter Mane|Flutter Mane, L50|100\/100\n|-activate|p2a: Flutter Mane|ability: Protosynthesis\n|-start|p2a: Flutter Mane|protosynthesisspa\n|move|p1b: Iron Hands|Heavy Slam|p2a: Flutter Mane\n|-supereffective|p2a: Flutter Mane\n|-crit|p2a: Flutter Mane\n|-damage|p2a: Flutter Mane|0 fnt\n|faint|p2a: Flutter Mane\n|-end|p2a: Flutter Mane|Protosynthesis|[silent]\n|move|p2b: Gyarados|Waterfall|p1a: Amoonguss\n|-resisted|p1a: Amoonguss\n|-damage|p1a: Amoonguss|62\/100\n|\n|-weather|SunnyDay|[upkeep]\n|-fieldend|move: Trick Room\n|upkeep\n|\n|t:|1682486414\n|switch|p2a: Chi-Yu|Chi-Yu, L50, tera:Grass|100\/100\n|-ability|p2a: Chi-Yu|Beads of Ruin\n|turn|7\n|\n|t:|1682486430\n|move|p2b: Gyarados|Helping Hand|p2a: Chi-Yu\n|-singleturn|p2a: Chi-Yu|Helping Hand|[of] p2b: Gyarados\n|move|p1a: Amoonguss|Protect|p1a: Amoonguss\n|-singleturn|p1a: Amoonguss|Protect\n|move|p2a: Chi-Yu|Heat Wave|p1b: Iron Hands|[spread] p1b\n|-activate|p1a: Amoonguss|move: Protect\n|-damage|p1b: Iron Hands|0 fnt\n|faint|p1b: Iron Hands\n|-end|p1b: Iron Hands|Quark Drive|[silent]\n|\n|-weather|none\n|upkeep\n|-message|Bolg forfeited.\n|\n|win|TrueSunSeal\n|raw|Bolg's rating: 1160 → 1130<\/strong> (-30 for losing)\n|raw|TrueSunSeal's rating: 1088 → 1120<\/strong> (+32 for winning)\n|l|\u2606Bolg\n","uploadtime":1682486451,"views":19,"p1id":"bolg","p2id":"truesunseal","formatid":"gen9vgc2023regulationc","rating":1120,"private":0,"password":""}