{"id":"gen9vgc2023regulationc-1859174709","p1":"PkhunterHK","p2":"Mega Laatios","format":"[Gen 9] VGC 2023 Regulation C","log":"|j|\u2606PkhunterHK\n|j|\u2606Mega Laatios\n|t:|1683413684\n|gametype|doubles\n|player|p1|PkhunterHK|maylene|1360\n|player|p2|Mega Laatios|brawly|1265\n|teamsize|p1|6\n|teamsize|p2|6\n|gen|9\n|tier|[Gen 9] VGC 2023 Regulation C\n|rated|\n|rule|Species Clause: Limit one of each Pok\u00e9mon\n|rule|Item Clause: Limit one of each item\n|clearpoke\n|poke|p1|Azumarill, L50, F|\n|poke|p1|Gothorita, L50, M|\n|poke|p1|Gothitelle, L50, F|\n|poke|p1|Coalossal, L50, F|\n|poke|p1|Dragapult, L50, F|\n|poke|p1|Flutter Mane, L50|\n|poke|p2|Great Tusk, L50|\n|poke|p2|Palafin, L50, F|\n|poke|p2|Kingambit, L50, F|\n|poke|p2|Dragonite, L50, F|\n|poke|p2|Chien-Pao, L50|\n|poke|p2|Pelipper, L50, F|\n|teampreview|4\n|inactive|Battle timer is ON: inactive players will automatically lose when time's up. (requested by PkhunterHK)\n|inactive|Mega Laatios has 60 seconds left.\n|\n|t:|1683413721\n|start\n|switch|p1a: Gothitelle|Gothitelle, L50, F|100\/100\n|switch|p1b: Flutter Mane|Flutter Mane, L50|100\/100\n|switch|p2a: Great Tusk|Great Tusk, L50|100\/100\n|switch|p2b: Kingambit|Kingambit, L50, F|100\/100\n|-enditem|p1b: Flutter Mane|Booster Energy\n|-activate|p1b: Flutter Mane|ability: Protosynthesis|[fromitem]\n|-start|p1b: Flutter Mane|protosynthesisspe\n|turn|1\n|inactive|PkhunterHK has 30 seconds left.\n|inactive|PkhunterHK has 20 seconds left.\n|\n|t:|1683413758\n|-terastallize|p2b: Kingambit|Flying\n|move|p1a: Gothitelle|Fake Out|p2b: Kingambit\n|-damage|p2b: Kingambit|97\/100\n|cant|p2b: Kingambit|flinch\n|move|p1b: Flutter Mane|Perish Song|p1b: Flutter Mane\n|-start|p1a: Gothitelle|perish3|[silent]\n|-start|p1b: Flutter Mane|perish3|[silent]\n|-start|p2a: Great Tusk|perish3|[silent]\n|-start|p2b: Kingambit|perish3|[silent]\n|-fieldactivate|move: Perish Song\n|move|p2a: Great Tusk|Earthquake|p1b: Flutter Mane|[spread] p1a,p1b\n|-immune|p2b: Kingambit\n|-damage|p1a: Gothitelle|65\/100\n|-damage|p1b: Flutter Mane|54\/100\n|-enditem|p1a: Gothitelle|Eject Button\n|l|\u2606PkhunterHK\n|inactive|PkhunterHK disconnected and has a minute to reconnect!\n|player|p1|\n|inactive|PkhunterHK has 30 seconds left.\n|inactive|PkhunterHK has 20 seconds left.\n|j|\u2606PkhunterHK\n|inactive|PkhunterHK reconnected and has 20 seconds left.\n|player|p1|PkhunterHK|maylene\n|inactive|PkhunterHK has 15 seconds left.\n|\n|t:|1683413800\n|switch|p1a: Gothorita|Gothorita, L50, M|100\/100\n|\n|-start|p1b: Flutter Mane|perish3\n|-start|p2a: Great Tusk|perish3\n|-start|p2b: Kingambit|perish3\n|upkeep\n|turn|2\n|\n|t:|1683413818\n|move|p1b: Flutter Mane|Protect|p1b: Flutter Mane\n|-singleturn|p1b: Flutter Mane|Protect\n|move|p1a: Gothorita|Fake Out|p2b: Kingambit\n|-damage|p2b: Kingambit|94\/100\n|move|p2a: Great Tusk|Earthquake|p1b: Flutter Mane|[spread] p1a\n|-activate|p1b: Flutter Mane|move: Protect\n|-immune|p2b: Kingambit\n|-damage|p1a: Gothorita|70\/100\n|cant|p2b: Kingambit|flinch\n|\n|-start|p1b: Flutter Mane|perish2\n|-start|p2a: Great Tusk|perish2\n|-start|p2b: Kingambit|perish2\n|upkeep\n|turn|3\n|inactive|PkhunterHK has 30 seconds left.\n|inactive|Mega Laatios has 30 seconds left.\n|\n|t:|1683413845\n|-end|p1b: Flutter Mane|Protosynthesis|[silent]\n|switch|p1b: Gothitelle|Gothitelle, L50, F|65\/100\n|move|p1a: Gothorita|Protect|p1a: Gothorita\n|-singleturn|p1a: Gothorita|Protect\n|move|p2a: Great Tusk|Earthquake|p1a: Gothorita|[spread] p1b\n|-activate|p1a: Gothorita|move: Protect\n|-immune|p2b: Kingambit\n|-damage|p1b: Gothitelle|30\/100\n|move|p2b: Kingambit|Kowtow Cleave|p1b: Gothitelle\n|-supereffective|p1b: Gothitelle\n|-damage|p1b: Gothitelle|0 fnt\n|faint|p1b: Gothitelle\n|-damage|p2b: Kingambit|84\/100|[from] item: Life Orb\n|\n|-start|p2a: Great Tusk|perish1\n|-start|p2b: Kingambit|perish1\n|upkeep\n|\n|t:|1683413849\n|switch|p1b: Azumarill|Azumarill, L50, F|100\/100\n|turn|4\n|inactive|Mega Laatios has 30 seconds left.\n|\n|t:|1683413877\n|move|p1b: Azumarill|Protect|p1b: Azumarill\n|-singleturn|p1b: Azumarill|Protect\n|move|p2a: Great Tusk|Earthquake|p1b: Azumarill|[spread] p1a\n|-activate|p1b: Azumarill|move: Protect\n|-immune|p2b: Kingambit\n|-damage|p1a: Gothorita|39\/100\n|move|p2b: Kingambit|Kowtow Cleave|p1a: Gothorita\n|-supereffective|p1a: Gothorita\n|-damage|p1a: Gothorita|0 fnt\n|faint|p1a: Gothorita\n|-damage|p2b: Kingambit|74\/100|[from] item: Life Orb\n|\n|-start|p2a: Great Tusk|perish0\n|-start|p2b: Kingambit|perish0\n|faint|p2a: Great Tusk\n|-end|p2a: Great Tusk|Protosynthesis|[silent]\n|faint|p2b: Kingambit\n|upkeep\n|\n|t:|1683413892\n|switch|p2a: Dragonite|Dragonite, L50, F|100\/100\n|switch|p2b: Chien-Pao|Chien-Pao, L50|100\/100\n|switch|p1a: Flutter Mane|Flutter Mane, L50|54\/100\n|-ability|p2b: Chien-Pao|Sword of Ruin\n|turn|5\n|inactive|Mega Laatios has 30 seconds left.\n|\n|t:|1683413919\n|move|p2a: Dragonite|Extreme Speed|p1b: Azumarill\n|-crit|p1b: Azumarill\n|-damage|p1b: Azumarill|21\/100\n|-enditem|p1b: Azumarill|Sitrus Berry|[eat]\n|-heal|p1b: Azumarill|46\/100|[from] item: Sitrus Berry\n|move|p2b: Chien-Pao|Sucker Punch||[still]\n|-fail|p2b: Chien-Pao\n|move|p1a: Flutter Mane|Perish Song|p1a: Flutter Mane\n|-start|p1a: Flutter Mane|perish3|[silent]\n|-start|p1b: Azumarill|perish3|[silent]\n|-start|p2a: Dragonite|perish3|[silent]\n|-start|p2b: Chien-Pao|perish3|[silent]\n|-fieldactivate|move: Perish Song\n|move|p1b: Azumarill|Play Rough|p2b: Chien-Pao\n|-supereffective|p2b: Chien-Pao\n|-enditem|p2b: Chien-Pao|Focus Sash\n|-damage|p2b: Chien-Pao|1\/100\n|\n|-start|p2b: Chien-Pao|perish3\n|-start|p1a: Flutter Mane|perish3\n|-start|p2a: Dragonite|perish3\n|-start|p1b: Azumarill|perish3\n|upkeep\n|turn|6\n|inactive|PkhunterHK has 30 seconds left.\n|\n|t:|1683413947\n|move|p1a: Flutter Mane|Protect|p1a: Flutter Mane\n|-singleturn|p1a: Flutter Mane|Protect\n|move|p1b: Azumarill|Protect|p1b: Azumarill\n|-singleturn|p1b: Azumarill|Protect\n|move|p2a: Dragonite|Extreme Speed|p1b: Azumarill\n|-activate|p1b: Azumarill|move: Protect\n|move|p2b: Chien-Pao|Sucker Punch||[still]\n|-fail|p2b: Chien-Pao\n|\n|-start|p2b: Chien-Pao|perish2\n|-start|p1a: Flutter Mane|perish2\n|-start|p2a: Dragonite|perish2\n|-start|p1b: Azumarill|perish2\n|upkeep\n|turn|7\n|\n|t:|1683413967\n|-terastallize|p1a: Flutter Mane|Dark\n|move|p2a: Dragonite|Extreme Speed|p1b: Azumarill\n|-damage|p1b: Azumarill|0 fnt\n|faint|p1b: Azumarill\n|move|p2b: Chien-Pao|Sucker Punch|p1a: Flutter Mane\n|-resisted|p1a: Flutter Mane\n|-damage|p1a: Flutter Mane|28\/100\n|move|p1a: Flutter Mane|Dazzling Gleam|p2b: Chien-Pao|[spread] p2a,p2b\n|-supereffective|p2a: Dragonite\n|-supereffective|p2b: Chien-Pao\n|-damage|p2a: Dragonite|75\/100\n|-damage|p2b: Chien-Pao|0 fnt\n|faint|p2b: Chien-Pao\n|\n|-start|p1a: Flutter Mane|perish1\n|-start|p2a: Dragonite|perish1\n|upkeep\n|turn|8\n|\n|t:|1683413983\n|move|p2a: Dragonite|Extreme Speed|p1a: Flutter Mane\n|-damage|p1a: Flutter Mane|0 fnt\n|faint|p1a: Flutter Mane\n|-end|p1a: Flutter Mane|Protosynthesis|[silent]\n|\n|win|Mega Laatios\n|raw|PkhunterHK's rating: 1360 → 1335<\/strong> (-25 for losing)\n|raw|Mega Laatios's rating: 1265 → 1297<\/strong> (+32 for winning)\n","uploadtime":1683413990,"views":5,"p1id":"pkhunterhk","p2id":"megalaatios","formatid":"gen9vgc2023regulationc","rating":1297,"private":0,"password":""}