{"id":"gen9vgc2023regulationc-1850793543","p1":"Vast Universe","p2":"Benjaturtle","format":"[Gen 9] VGC 2023 Regulation C","log":"|j|\u2606Vast Universe\n|j|\u2606Benjaturtle\n|t:|1682368379\n|gametype|doubles\n|player|p1|Vast Universe|101|1169\n|player|p2|Benjaturtle|infielder|1098\n|teamsize|p1|6\n|teamsize|p2|6\n|gen|9\n|tier|[Gen 9] VGC 2023 Regulation C\n|rated|\n|rule|Species Clause: Limit one of each Pok\u00e9mon\n|rule|Item Clause: Limit one of each item\n|clearpoke\n|poke|p1|Tinkaton, L50, F|\n|poke|p1|Ting-Lu, L50|\n|poke|p1|Tauros-Paldea-Blaze, L50, M|\n|poke|p1|Meowscarada, L50, F|\n|poke|p1|Rotom-Wash, L50|\n|poke|p1|Brute Bonnet, L50|\n|poke|p2|Ceruledge, L50, F|\n|poke|p2|Gastrodon-East, L50, M|\n|poke|p2|Wo-Chien, L50|\n|poke|p2|Gholdengo, L50|\n|poke|p2|Grimmsnarl, L50, M|\n|poke|p2|Flutter Mane, L50|\n|teampreview|4\n|inactive|Battle timer is ON: inactive players will automatically lose when time's up. (requested by Vast Universe)\n|inactive|Vast Universe has 60 seconds left.\n|inactive|Benjaturtle has 60 seconds left.\n|\n|t:|1682368414\n|start\n|switch|p1a: Tinkaton|Tinkaton, L50, F|100\/100\n|switch|p1b: Meowscarada|Meowscarada, L50, F, shiny|100\/100\n|switch|p2a: Wo-Chien|Wo-Chien, L50|100\/100\n|switch|p2b: Ceruledge|Ceruledge, L50, F|100\/100\n|-ability|p2a: Wo-Chien|Tablets of Ruin\n|turn|1\n|inactive|Benjaturtle has 30 seconds left.\n|\n|t:|1682368446\n|move|p2a: Wo-Chien|Protect|p2a: Wo-Chien\n|-singleturn|p2a: Wo-Chien|Protect\n|move|p1a: Tinkaton|Baby-Doll Eyes|p2b: Ceruledge\n|-unboost|p2b: Ceruledge|atk|1\n|move|p1b: Meowscarada|U-turn|p2a: Wo-Chien\n|-start|p1b: Meowscarada|typechange|Bug|[from] ability: Protean\n|-activate|p2a: Wo-Chien|move: Protect\n|move|p2b: Ceruledge|Bitter Blade|p1b: Meowscarada\n|-supereffective|p1b: Meowscarada\n|-damage|p1b: Meowscarada|21\/100\n|\n|upkeep\n|turn|2\n|\n|t:|1682368468\n|switch|p2b: Gastrodon|Gastrodon-East, L50, M|100\/100\n|-terastallize|p2a: Wo-Chien|Poison\n|move|p1a: Tinkaton|Baby-Doll Eyes|p2b: Gastrodon\n|-unboost|p2b: Gastrodon|atk|1\n|move|p1b: Meowscarada|U-turn|p2a: Wo-Chien\n|-resisted|p2a: Wo-Chien\n|-damage|p2a: Wo-Chien|86\/100\n|\n|t:|1682368482\n|switch|p1b: Ting-Lu|Ting-Lu, L50|100\/100|[from] U-turn\n|-ability|p1b: Ting-Lu|Vessel of Ruin\n|move|p2a: Wo-Chien|Leech Seed|p1a: Tinkaton\n|-start|p1a: Tinkaton|move: Leech Seed\n|\n|-heal|p2a: Wo-Chien|93\/100|[from] item: Leftovers\n|-damage|p1a: Tinkaton|88\/100|[from] Leech Seed|[of] p2a: Wo-Chien\n|-heal|p2a: Wo-Chien|100\/100|[silent]\n|upkeep\n|turn|3\n|\n|t:|1682368501\n|switch|p1a: Rotom|Rotom-Wash, L50|100\/100\n|move|p2a: Wo-Chien|Leech Seed|p1b: Ting-Lu\n|-start|p1b: Ting-Lu|move: Leech Seed\n|move|p1b: Ting-Lu|Fissure|p2b: Gastrodon\n|-damage|p2b: Gastrodon|0 fnt\n|faint|p2b: Gastrodon\n|-ohko\n|\n|-damage|p1b: Ting-Lu|88\/100|[from] Leech Seed|[of] p2a: Wo-Chien\n|upkeep\n|\n|t:|1682368512\n|switch|p2b: Ceruledge|Ceruledge, L50, F|100\/100\n|turn|4\n|\n|t:|1682368519\n|move|p1a: Rotom|Hydro Pump|p2b: Ceruledge\n|-supereffective|p2b: Ceruledge\n|-damage|p2b: Ceruledge|22\/100\n|move|p2b: Ceruledge|Bulk Up|p2b: Ceruledge\n|-boost|p2b: Ceruledge|atk|1\n|-boost|p2b: Ceruledge|def|1\n|move|p2a: Wo-Chien|Leech Seed|p1a: Rotom\n|-start|p1a: Rotom|move: Leech Seed\n|move|p1b: Ting-Lu|Stomping Tantrum|p2b: Ceruledge\n|-supereffective|p2b: Ceruledge\n|-damage|p2b: Ceruledge|0 fnt\n|faint|p2b: Ceruledge\n|\n|-heal|p1b: Ting-Lu|94\/100|[from] item: Leftovers\n|-damage|p1a: Rotom|88\/100|[from] Leech Seed|[of] p2a: Wo-Chien\n|-damage|p1b: Ting-Lu|82\/100|[from] Leech Seed|[of] p2a: Wo-Chien\n|upkeep\n|\n|t:|1682368525\n|switch|p2b: Gholdengo|Gholdengo, L50|100\/100\n|turn|5\n|\n|t:|1682368545\n|switch|p1a: Tinkaton|Tinkaton, L50, F|88\/100\n|move|p2a: Wo-Chien|Protect|p2a: Wo-Chien\n|-singleturn|p2a: Wo-Chien|Protect\n|move|p2b: Gholdengo|Shadow Ball|p1a: Tinkaton\n|-damage|p1a: Tinkaton|61\/100\n|move|p1b: Ting-Lu|Fissure|p2b: Gholdengo|[miss]\n|-miss|p1b: Ting-Lu|p2b: Gholdengo\n|\n|-heal|p1b: Ting-Lu|88\/100|[from] item: Leftovers\n|-damage|p1b: Ting-Lu|76\/100|[from] Leech Seed|[of] p2a: Wo-Chien\n|upkeep\n|turn|6\n|inactive|Benjaturtle has 30 seconds left.\n|inactive|Benjaturtle has 20 seconds left.\n|inactive|Benjaturtle has 15 seconds left.\n|\n|t:|1682368589\n|move|p1a: Tinkaton|Fake Out|p2a: Wo-Chien\n|-damage|p2a: Wo-Chien|95\/100\n|move|p2b: Gholdengo|Shadow Ball|p1a: Tinkaton\n|-damage|p1a: Tinkaton|33\/100\n|cant|p2a: Wo-Chien|flinch\n|move|p1b: Ting-Lu|Stomping Tantrum|p2a: Wo-Chien\n|-supereffective|p2a: Wo-Chien\n|-damage|p2a: Wo-Chien|20\/100\n|\n|-heal|p2a: Wo-Chien|26\/100|[from] item: Leftovers\n|-heal|p1b: Ting-Lu|82\/100|[from] item: Leftovers\n|-damage|p1b: Ting-Lu|69\/100|[from] Leech Seed|[of] p2a: Wo-Chien\n|-heal|p2a: Wo-Chien|42\/100|[silent]\n|upkeep\n|turn|7\n|inactive|Vast Universe has 30 seconds left.\n|\n|t:|1682368618\n|move|p1a: Tinkaton|Protect|p1a: Tinkaton\n|-singleturn|p1a: Tinkaton|Protect\n|move|p2a: Wo-Chien|Protect|p2a: Wo-Chien\n|-singleturn|p2a: Wo-Chien|Protect\n|move|p2b: Gholdengo|Shadow Ball|p1a: Tinkaton\n|-activate|p1a: Tinkaton|move: Protect\n|move|p1b: Ting-Lu|Fissure|p2b: Gholdengo|[miss]\n|-miss|p1b: Ting-Lu|p2b: Gholdengo\n|\n|-heal|p2a: Wo-Chien|48\/100|[from] item: Leftovers\n|-heal|p1b: Ting-Lu|75\/100|[from] item: Leftovers\n|-damage|p1b: Ting-Lu|63\/100|[from] Leech Seed|[of] p2a: Wo-Chien\n|-heal|p2a: Wo-Chien|65\/100|[silent]\n|upkeep\n|turn|8\n|inactive|Benjaturtle has 30 seconds left.\n|\n|t:|1682368647\n|move|p2b: Gholdengo|Shadow Ball|p1b: Ting-Lu\n|-resisted|p1b: Ting-Lu\n|-damage|p1b: Ting-Lu|50\/100\n|move|p1a: Tinkaton|Gigaton Hammer|p2a: Wo-Chien\n|-damage|p2a: Wo-Chien|34\/100\n|move|p2a: Wo-Chien|Leech Seed|p1a: Tinkaton\n|-start|p1a: Tinkaton|move: Leech Seed\n|move|p1b: Ting-Lu|Stomping Tantrum|p2a: Wo-Chien\n|-supereffective|p2a: Wo-Chien\n|-damage|p2a: Wo-Chien|0 fnt\n|faint|p2a: Wo-Chien\n|\n|-heal|p1b: Ting-Lu|56\/100|[from] item: Leftovers\n|upkeep\n|turn|9\n|-message|Benjaturtle forfeited.\n|\n|win|Vast Universe\n|raw|Vast Universe's rating: 1169 → 1189<\/strong> (+20 for winning)\n|raw|Benjaturtle's rating: 1098 → 1078<\/strong> (-20 for losing)\n|l|\u2606Benjaturtle\n","uploadtime":1682368666,"views":14,"p1id":"vastuniverse","p2id":"benjaturtle","formatid":"gen9vgc2023regulationc","rating":1078,"private":0,"password":""}