{"id":"gen9vgc2023regulationc-1854840543","p1":"bennoVGC","p2":"flameingpigey2","format":"[Gen 9] VGC 2023 Regulation C","log":"|j|\u2606bennoVGC\n|j|\u2606flameingpigey2\n|t:|1682872150\n|gametype|doubles\n|player|p1|bennoVGC|265|\n|player|p2|flameingpigey2|hilbert-wonderlauncher|\n|teamsize|p1|6\n|teamsize|p2|6\n|gen|9\n|tier|[Gen 9] VGC 2023 Regulation C\n|rule|Species Clause: Limit one of each Pok\u00e9mon\n|rule|Item Clause: Limit one of each item\n|clearpoke\n|poke|p1|Palafin, L50, F|\n|poke|p1|Arcanine, L50, M|\n|poke|p1|Flutter Mane, L50|\n|poke|p1|Amoonguss, L50, M|\n|poke|p1|Pawmot, L50, M|\n|poke|p1|Ting-Lu, L50|\n|poke|p2|Garganacl, L50, F|\n|poke|p2|Arcanine, L50, M|\n|poke|p2|Iron Hands, L50|\n|poke|p2|Gothitelle, L50, F|\n|poke|p2|Amoonguss, L50, F|\n|poke|p2|Flutter Mane, L50|\n|teampreview|4\nflameingpigey2 has agreed to open team sheets.\nbennoVGC has agreed to open team sheets.\n|c|\u2606bennoVGC|g1\n|c|\u2606bennoVGC|u just wanna start?\n|c|\u2606bennoVGC|gl hf :D\n|inactive|Battle timer is ON: inactive players will automatically lose when time's up. (requested by bennoVGC)\n|inactive|bennoVGC has 60 seconds left.\n|c|\u2606flameingpigey2|yeah, ill accept after this\n|c|\u2606flameingpigey2|glhf!\n|c|\u2606bennoVGC|cool :D\n|\n|t:|1682872239\n|start\n|switch|p1a: Palafin|Palafin, L50, F, shiny|100\/100\n|switch|p1b: Flutter Mane|Flutter Mane, L50, shiny|100\/100\n|switch|p2a: Gothitelle|Gothitelle, L50, F|100\/100\n|switch|p2b: Arcanine|Arcanine, L50, M|100\/100\n|-ability|p2b: Arcanine|Intimidate|boost\n|-unboost|p1a: Palafin|atk|1\n|-unboost|p1b: Flutter Mane|atk|1\n|turn|1\n|inactive|bennoVGC has 30 seconds left.\n|inactive|flameingpigey2 has 30 seconds left.\n|inactive|bennoVGC has 20 seconds left.\n|\n|t:|1682872277\n|-terastallize|p1a: Palafin|Water\n|move|p2a: Gothitelle|Fake Out|p1a: Palafin\n|-damage|p1a: Palafin|94\/100\n|move|p1b: Flutter Mane|Shadow Ball|p2b: Arcanine\n|-damage|p2b: Arcanine|36\/100\n|cant|p1a: Palafin|flinch\n|move|p2b: Arcanine|Flare Blitz|p1b: Flutter Mane\n|-damage|p1b: Flutter Mane|0 fnt\n|faint|p1b: Flutter Mane\n|-end|p1b: Flutter Mane|Protosynthesis|[silent]\n|-damage|p2b: Arcanine|9\/100|[from] Recoil\n|\n|upkeep\n|\n|t:|1682872292\n|switch|p1b: Amoonguss|Amoonguss, L50, M, shiny|100\/100\n|turn|2\n|inactive|flameingpigey2 has 30 seconds left.\n|inactive|flameingpigey2 has 20 seconds left.\n|\n|t:|1682872327\n|move|p2a: Gothitelle|Protect|p2a: Gothitelle\n|-singleturn|p2a: Gothitelle|Protect\n|move|p1a: Palafin|Jet Punch|p2b: Arcanine\n|-supereffective|p2b: Arcanine\n|-damage|p2b: Arcanine|0 fnt\n|faint|p2b: Arcanine\n|move|p1b: Amoonguss|Spore|p2a: Gothitelle\n|-activate|p2a: Gothitelle|move: Protect\n|\n|upkeep\n|\n|t:|1682872344\n|switch|p2b: Garganacl|Garganacl, L50, F|100\/100\n|turn|3\n|inactive|bennoVGC has 30 seconds left.\n|inactive|flameingpigey2 has 30 seconds left.\n|\n|t:|1682872376\n|-terastallize|p2b: Garganacl|Ghost\n|move|p1a: Palafin|Haze|p1a: Palafin\n|-clearallboost\n|move|p2a: Gothitelle|Psychic|p1b: Amoonguss\n|-supereffective|p1b: Amoonguss\n|-damage|p1b: Amoonguss|51\/100\n|move|p2b: Garganacl|Salt Cure|p1a: Palafin\n|-damage|p1a: Palafin|76\/100\n|-start|p1a: Palafin|Salt Cure\n|move|p1b: Amoonguss|Spore|p2a: Gothitelle\n|-status|p2a: Gothitelle|slp|[from] move: Spore\n|\n|-damage|p1a: Palafin|51\/100|[from] Salt Cure\n|upkeep\n|turn|4\n|inactive|flameingpigey2 has 30 seconds left.\n|\n|t:|1682872410\n|cant|p2a: Gothitelle|slp\n|move|p1b: Amoonguss|Protect|p1b: Amoonguss\n|-singleturn|p1b: Amoonguss|Protect\n|move|p1a: Palafin|Wave Crash|p2a: Gothitelle\n|-damage|p2a: Gothitelle|28\/100 slp\n|-enditem|p2a: Gothitelle|Sitrus Berry|[eat]\n|-heal|p2a: Gothitelle|53\/100 slp|[from] item: Sitrus Berry\n|-damage|p1a: Palafin|29\/100|[from] Recoil\n|move|p2b: Garganacl|Salt Cure|p1a: Palafin\n|-damage|p1a: Palafin|13\/100\n|\n|-damage|p1a: Palafin|0 fnt|[from] Salt Cure\n|faint|p1a: Palafin\n|upkeep\n|\n|t:|1682872420\n|switch|p1a: Arcanine|Arcanine, L50, M, shiny|100\/100\n|-ability|p1a: Arcanine|Intimidate|boost\n|-unboost|p2a: Gothitelle|atk|1\n|-unboost|p2b: Garganacl|atk|1\n|turn|5\n|inactive|flameingpigey2 has 30 seconds left.\n|\n|t:|1682872449\n|move|p2b: Garganacl|Protect|p2b: Garganacl\n|-singleturn|p2b: Garganacl|Protect\n|move|p1b: Amoonguss|Rage Powder|p1b: Amoonguss\n|-singleturn|p1b: Amoonguss|move: Rage Powder\n|move|p1a: Arcanine|Flare Blitz|p2a: Gothitelle\n|-damage|p2a: Gothitelle|0 fnt\n|faint|p2a: Gothitelle\n|-damage|p1a: Arcanine|85\/100|[from] Recoil\n|\n|upkeep\n|\n|t:|1682872457\n|switch|p2a: Iron Hands|Iron Hands, L50|100\/100\n|turn|6\n|\n|t:|1682872475\n|move|p1a: Arcanine|Protect|p1a: Arcanine\n|-singleturn|p1a: Arcanine|Protect\n|move|p1b: Amoonguss|Protect|p1b: Amoonguss\n|-singleturn|p1b: Amoonguss|Protect\n|move|p2a: Iron Hands|Fake Out|p1a: Arcanine\n|-activate|p1a: Arcanine|move: Protect\n|move|p2b: Garganacl|Salt Cure|p1b: Amoonguss\n|-activate|p1b: Amoonguss|move: Protect\n|\n|upkeep\n|turn|7\n|inactive|flameingpigey2 has 30 seconds left.\n|\n|t:|1682872500\n|move|p1a: Arcanine|Flare Blitz|p2a: Iron Hands\n|-damage|p2a: Iron Hands|65\/100\n|-damage|p1a: Arcanine|72\/100|[from] Recoil\n|move|p2a: Iron Hands|Close Combat|p1a: Arcanine\n|-damage|p1a: Arcanine|0 fnt\n|-unboost|p2a: Iron Hands|def|1\n|-unboost|p2a: Iron Hands|spd|1\n|faint|p1a: Arcanine\n|move|p2b: Garganacl|Salt Cure|p1b: Amoonguss\n|-damage|p1b: Amoonguss|43\/100\n|-start|p1b: Amoonguss|Salt Cure\n|-enditem|p1b: Amoonguss|Sitrus Berry|[eat]\n|-heal|p1b: Amoonguss|67\/100|[from] item: Sitrus Berry\n|move|p1b: Amoonguss|Spore|p2a: Iron Hands\n|-status|p2a: Iron Hands|slp|[from] move: Spore\n|\n|-damage|p1b: Amoonguss|55\/100|[from] Salt Cure\n|upkeep\n|turn|8\n|\n|t:|1682872521\n|cant|p2a: Iron Hands|slp\n|move|p2b: Garganacl|Salt Cure|p1b: Amoonguss\n|-damage|p1b: Amoonguss|47\/100\n|move|p1b: Amoonguss|Pollen Puff|p2a: Iron Hands\n|-resisted|p2a: Iron Hands\n|-damage|p2a: Iron Hands|58\/100 slp\n|\n|-damage|p1b: Amoonguss|34\/100|[from] Salt Cure\n|upkeep\n|turn|9\n|\n|t:|1682872535\n|-curestatus|p2a: Iron Hands|slp|[msg]\n|move|p2a: Iron Hands|Close Combat|p1b: Amoonguss\n|-resisted|p1b: Amoonguss\n|-damage|p1b: Amoonguss|6\/100\n|-unboost|p2a: Iron Hands|def|1\n|-unboost|p2a: Iron Hands|spd|1\n|move|p2b: Garganacl|Salt Cure|p1b: Amoonguss\n|-damage|p1b: Amoonguss|0 fnt\n|faint|p1b: Amoonguss\n|\n|win|flameingpigey2\n|c|\u2606flameingpigey2|gg\n|c|\u2606bennoVGC|gg\n","uploadtime":1682873816,"views":9,"p1id":"bennovgc","p2id":"flameingpigey2","formatid":"gen9vgc2023regulationc","rating":0,"private":0,"password":""}