{"id":"gen9vgc2023regulationc-1864359460","p1":"littlemasteraik","p2":"BadShape","format":"[Gen 9] VGC 2023 Regulation C","log":"|j|\u2606littlemasteraik\n|j|\u2606BadShape\n|t:|1684159325\n|gametype|doubles\n|player|p1|littlemasteraik|102|1396\n|player|p2|BadShape|169|1326\n|teamsize|p1|6\n|teamsize|p2|6\n|gen|9\n|tier|[Gen 9] VGC 2023 Regulation C\n|rated|\n|rule|Species Clause: Limit one of each Pok\u00e9mon\n|rule|Item Clause: Limit one of each item\n|clearpoke\n|poke|p1|Talonflame, L50, M|\n|poke|p1|Amoonguss, L50, M|\n|poke|p1|Flutter Mane, L50|\n|poke|p1|Chi-Yu, L50|\n|poke|p1|Iron Bundle, L50|\n|poke|p1|Azumarill, L50, M|\n|poke|p2|Lycanroc, L50, F|\n|poke|p2|Corviknight, L50, F|\n|poke|p2|Iron Bundle, L50|\n|poke|p2|Tyranitar, L50, F|\n|poke|p2|Garchomp, L50, F|\n|poke|p2|Flutter Mane, L50|\n|teampreview|4\n|j| Alolaninetales92\n|inactive|Battle timer is ON: inactive players will automatically lose when time's up. (requested by BadShape)\n|\n|t:|1684159354\n|start\n|switch|p1a: Talonflame|Talonflame, L50, M|100\/100\n|switch|p1b: Flutter Mane|Flutter Mane, L50|100\/100\n|switch|p2a: Lycanroc|Lycanroc, L50, F|100\/100\n|switch|p2b: Tyranitar|Tyranitar, L50, F|100\/100\n|-weather|Sandstorm|[from] ability: Sand Stream|[of] p2b: Tyranitar\n|turn|1\n|\n|t:|1684159374\n|-terastallize|p1b: Flutter Mane|Fairy\n|move|p1a: Talonflame|Tailwind|p1a: Talonflame\n|-sidestart|p1: littlemasteraik|move: Tailwind\n|move|p1b: Flutter Mane|Moonblast|p2b: Tyranitar\n|-supereffective|p2b: Tyranitar\n|-damage|p2b: Tyranitar|27\/100\n|-unboost|p2b: Tyranitar|spa|1\n|move|p2a: Lycanroc|Rock Slide|p1a: Talonflame|[spread] p1a,p1b\n|-supereffective|p1a: Talonflame\n|-damage|p1a: Talonflame|0 fnt\n|-damage|p1b: Flutter Mane|59\/100\n|faint|p1a: Talonflame\n|move|p2b: Tyranitar|Rock Slide|p1b: Flutter Mane\n|-crit|p1b: Flutter Mane\n|-damage|p1b: Flutter Mane|0 fnt\n|faint|p1b: Flutter Mane\n|-end|p1b: Flutter Mane|Protosynthesis|[silent]\n|\n|-weather|Sandstorm|[upkeep]\n|upkeep\n|\n|t:|1684159391\n|switch|p1a: Chi-Yu|Chi-Yu, L50|100\/100\n|switch|p1b: Azumarill|Azumarill, L50, M|100\/100\n|-ability|p1a: Chi-Yu|Beads of Ruin\n|turn|2\n|inactive|BadShape has 30 seconds left.\n|\n|t:|1684159420\n|move|p1a: Chi-Yu|Protect|p1a: Chi-Yu\n|-singleturn|p1a: Chi-Yu|Protect\n|move|p2a: Lycanroc|Close Combat|p1a: Chi-Yu\n|-activate|p1a: Chi-Yu|move: Protect\n|move|p1b: Azumarill|Liquidation|p2a: Lycanroc\n|-supereffective|p2a: Lycanroc\n|-enditem|p2a: Lycanroc|Focus Sash\n|-damage|p2a: Lycanroc|1\/100\n|-unboost|p2a: Lycanroc|def|1\n|move|p2b: Tyranitar|Rock Slide|p1a: Chi-Yu|[spread] p1b\n|-activate|p1a: Chi-Yu|move: Protect\n|-damage|p1b: Azumarill|72\/100\n|\n|-weather|Sandstorm|[upkeep]\n|-damage|p1a: Chi-Yu|94\/100|[from] Sandstorm\n|-damage|p1b: Azumarill|66\/100|[from] Sandstorm\n|-heal|p1a: Chi-Yu|100\/100|[from] item: Leftovers\n|upkeep\n|turn|3\n|\n|t:|1684159443\n|move|p1b: Azumarill|Aqua Jet|p2a: Lycanroc\n|-supereffective|p2a: Lycanroc\n|-damage|p2a: Lycanroc|0 fnt\n|faint|p2a: Lycanroc\n|move|p1a: Chi-Yu|Dark Pulse|p2b: Tyranitar\n|-resisted|p2b: Tyranitar\n|-damage|p2b: Tyranitar|17\/100\n|move|p2b: Tyranitar|Rock Slide|p1a: Chi-Yu|[spread] p1a,p1b\n|-supereffective|p1a: Chi-Yu\n|-damage|p1a: Chi-Yu|26\/100\n|-damage|p1b: Azumarill|34\/100\n|\n|-weather|Sandstorm|[upkeep]\n|-damage|p1a: Chi-Yu|20\/100|[from] Sandstorm\n|-damage|p1b: Azumarill|28\/100|[from] Sandstorm\n|-heal|p1a: Chi-Yu|26\/100|[from] item: Leftovers\n|upkeep\n|\n|t:|1684159460\n|switch|p2a: Garchomp|Garchomp, L50, F|100\/100\n|turn|4\n|\n|t:|1684159468\n|move|p2a: Garchomp|Protect|p2a: Garchomp\n|-singleturn|p2a: Garchomp|Protect\n|move|p1b: Azumarill|Aqua Jet|p2b: Tyranitar\n|-supereffective|p2b: Tyranitar\n|-damage|p2b: Tyranitar|0 fnt\n|faint|p2b: Tyranitar\n|move|p1a: Chi-Yu|Dark Pulse|p2a: Garchomp\n|-activate|p2a: Garchomp|move: Protect\n|\n|-weather|Sandstorm|[upkeep]\n|-damage|p1a: Chi-Yu|20\/100|[from] Sandstorm\n|-damage|p1b: Azumarill|22\/100|[from] Sandstorm\n|-heal|p1a: Chi-Yu|26\/100|[from] item: Leftovers\n|-sideend|p1: littlemasteraik|move: Tailwind\n|upkeep\n|\n|t:|1684159480\n|switch|p2b: Corviknight|Corviknight, L50, F|100\/100\n|turn|5\n|\n|t:|1684159495\n|move|p1a: Chi-Yu|Protect|p1a: Chi-Yu\n|-singleturn|p1a: Chi-Yu|Protect\n|move|p2a: Garchomp|Earthquake|p1b: Azumarill|[spread] p1b\n|-activate|p1a: Chi-Yu|move: Protect\n|-immune|p2b: Corviknight\n|-damage|p1b: Azumarill|0 fnt\n|faint|p1b: Azumarill\n|move|p2b: Corviknight|Tailwind|p2b: Corviknight\n|-sidestart|p2: BadShape|move: Tailwind\n|\n|-weather|none\n|-heal|p1a: Chi-Yu|33\/100|[from] item: Leftovers\n|upkeep\n|turn|6\n|\n|t:|1684159510\n|move|p2a: Garchomp|Earthquake|p1a: Chi-Yu|[spread] p1a\n|-immune|p2b: Corviknight\n|-supereffective|p1a: Chi-Yu\n|-damage|p1a: Chi-Yu|0 fnt\n|faint|p1a: Chi-Yu\n|\n|win|BadShape\n|raw|littlemasteraik's rating: 1396 → 1372<\/strong> (-24 for losing)\n|raw|BadShape's rating: 1326 → 1350<\/strong> (+24 for winning)\n|l| Alolaninetales92\n","uploadtime":1684159519,"views":10,"p1id":"littlemasteraik","p2id":"badshape","formatid":"gen9vgc2023regulationc","rating":1350,"private":0,"password":""}