{"id":"gen9vgc2023regulationc-1862097263","p1":"rtjonesy","p2":"Piccolo Ruiz","format":"[Gen 9] VGC 2023 Regulation C","log":"|j|\u2606rtjonesy\n|j|\u2606Piccolo Ruiz\n|t:|1683836664\n|gametype|doubles\n|player|p1|rtjonesy|infielder|1329\n|player|p2|Piccolo Ruiz|valerie|1369\n|teamsize|p1|6\n|teamsize|p2|6\n|gen|9\n|tier|[Gen 9] VGC 2023 Regulation C\n|rated|\n|rule|Species Clause: Limit one of each Pok\u00e9mon\n|rule|Item Clause: Limit one of each item\n|clearpoke\n|poke|p1|Grimmsnarl, L50, M|\n|poke|p1|Annihilape, L50, M|\n|poke|p1|Flutter Mane, L50|\n|poke|p1|Chi-Yu, L50|\n|poke|p1|Arcanine, L50, M|\n|poke|p1|Great Tusk, L50|\n|poke|p2|Flutter Mane, L50|\n|poke|p2|Amoonguss, L50, F|\n|poke|p2|Gyarados, L50, F|\n|poke|p2|Chi-Yu, L50|\n|poke|p2|Ting-Lu, L50|\n|poke|p2|Baxcalibur, L50, F|\n|teampreview|4\n|inactive|Battle timer is ON: inactive players will automatically lose when time's up. (requested by Piccolo Ruiz)\n|inactive|rtjonesy has 60 seconds left.\n|inactive|Piccolo Ruiz has 60 seconds left.\n|inactive|Piccolo Ruiz has 30 seconds left.\n|inactive|Piccolo Ruiz has 20 seconds left.\n|inactive|Piccolo Ruiz has 15 seconds left.\n|inactive|Piccolo Ruiz has 10 seconds left.\n|inactive|Piccolo Ruiz has 5 seconds left.\n|\n|t:|1683836751\n|start\n|switch|p1a: Grimmsnarl|Grimmsnarl, L50, M|100\/100\n|switch|p1b: Annihilape|Annihilape, L50, M|100\/100\n|switch|p2a: Ting-Lu|Ting-Lu, L50|100\/100\n|switch|p2b: Amoonguss|Amoonguss, L50, F, shiny|100\/100\n|-ability|p2a: Ting-Lu|Vessel of Ruin\n|turn|1\n|inactive|Piccolo Ruiz has 30 seconds left.\n|\n|t:|1683836779\n|switch|p1b: Arcanine|Arcanine, L50, M|100\/100\n|-ability|p1b: Arcanine|Intimidate|boost\n|-unboost|p2a: Ting-Lu|atk|1\n|-unboost|p2b: Amoonguss|atk|1\n|move|p2b: Amoonguss|Rage Powder|p2b: Amoonguss\n|-singleturn|p2b: Amoonguss|move: Rage Powder\n|move|p1a: Grimmsnarl|Reflect|p1a: Grimmsnarl\n|-sidestart|p1: rtjonesy|Reflect\n|move|p2a: Ting-Lu|Heavy Slam|p1a: Grimmsnarl\n|-supereffective|p1a: Grimmsnarl\n|-damage|p1a: Grimmsnarl|71\/100\n|\n|upkeep\n|turn|2\n|inactive|Piccolo Ruiz has 30 seconds left.\n|\n|t:|1683836813\n|switch|p2b: Katya|Baxcalibur, L50, F, shiny|100\/100\n|move|p1b: Arcanine|Will-O-Wisp|p2a: Ting-Lu\n|-status|p2a: Ting-Lu|brn\n|move|p1a: Grimmsnarl|Spirit Break|p2b: Katya\n|-supereffective|p2b: Katya\n|-damage|p2b: Katya|42\/100\n|move|p2a: Ting-Lu|Ruination|p1a: Grimmsnarl\n|-damage|p1a: Grimmsnarl|36\/100\n|\n|-damage|p2a: Ting-Lu|95\/100 brn|[from] brn\n|upkeep\n|turn|3\n|inactive|rtjonesy has 30 seconds left.\n|inactive|Piccolo Ruiz has 30 seconds left.\n|\n|t:|1683836843\n|move|p2b: Katya|Protect|p2b: Katya\n|-singleturn|p2b: Katya|Protect\n|move|p1a: Grimmsnarl|Scary Face|p2b: Katya\n|-activate|p2b: Katya|move: Protect\n|move|p1b: Arcanine|Snarl|p2b: Katya|[spread] p2a\n|-activate|p2b: Katya|move: Protect\n|-resisted|p2a: Ting-Lu\n|-damage|p2a: Ting-Lu|93\/100 brn\n|-unboost|p2a: Ting-Lu|spa|1\n|move|p2a: Ting-Lu|Ruination|p1b: Arcanine\n|-damage|p1b: Arcanine|51\/100\n|\n|-damage|p2a: Ting-Lu|88\/100 brn|[from] brn\n|upkeep\n|turn|4\n|inactive|Piccolo Ruiz has 30 seconds left.\n|\n|t:|1683836876\n|switch|p1b: Great Tusk|Great Tusk, L50|100\/100\n|move|p2b: Katya|Icicle Crash|p1a: Grimmsnarl\n|-damage|p1a: Grimmsnarl|2\/100\n|move|p1a: Grimmsnarl|Spirit Break|p2b: Katya\n|-supereffective|p2b: Katya\n|-damage|p2b: Katya|0 fnt\n|faint|p2b: Katya\n|move|p2a: Ting-Lu|Ruination|p1b: Great Tusk\n|-damage|p1b: Great Tusk|50\/100\n|\n|-damage|p2a: Ting-Lu|82\/100 brn|[from] brn\n|upkeep\n|\n|t:|1683836892\n|switch|p2b: Sasha Colby|Flutter Mane, L50|100\/100\n|-enditem|p2b: Sasha Colby|Booster Energy\n|-activate|p2b: Sasha Colby|ability: Protosynthesis|[fromitem]\n|-start|p2b: Sasha Colby|protosynthesisspa\n|turn|5\n|\n|t:|1683836902\n|switch|p2a: Amoonguss|Amoonguss, L50, F, shiny|100\/100\n|move|p2b: Sasha Colby|Protect|p2b: Sasha Colby\n|-singleturn|p2b: Sasha Colby|Protect\n|move|p1a: Grimmsnarl|Scary Face|p2b: Sasha Colby\n|-activate|p2b: Sasha Colby|move: Protect\n|move|p1b: Great Tusk|Headlong Rush|p2b: Sasha Colby\n|-activate|p2b: Sasha Colby|move: Protect\n|\n|upkeep\n|turn|6\n|inactive|rtjonesy has 30 seconds left.\n|inactive|rtjonesy has 20 seconds left.\n|inactive|rtjonesy has 15 seconds left.\n|inactive|rtjonesy has 10 seconds left.\n|\n|t:|1683836949\n|move|p2a: Amoonguss|Rage Powder|p2a: Amoonguss\n|-singleturn|p2a: Amoonguss|move: Rage Powder\n|move|p1a: Grimmsnarl|Light Screen|p1a: Grimmsnarl\n|-sidestart|p1: rtjonesy|move: Light Screen\n|move|p2b: Sasha Colby|Dazzling Gleam|p1b: Great Tusk|[spread] p1a,p1b\n|-supereffective|p1a: Grimmsnarl\n|-supereffective|p1b: Great Tusk\n|-damage|p1a: Grimmsnarl|0 fnt\n|-damage|p1b: Great Tusk|0 fnt\n|faint|p1a: Grimmsnarl\n|faint|p1b: Great Tusk\n|-end|p1b: Great Tusk|Protosynthesis|[silent]\n|\n|upkeep\n|\n|t:|1683836956\n|switch|p1b: Annihilape|Annihilape, L50, M|100\/100\n|switch|p1a: Arcanine|Arcanine, L50, M|51\/100\n|-ability|p1a: Arcanine|Intimidate|boost\n|-unboost|p2a: Amoonguss|atk|1\n|-unboost|p2b: Sasha Colby|atk|1\n|turn|7\n|\n|t:|1683836966\n|-terastallize|p1b: Annihilape|Fire\n|move|p2b: Sasha Colby|Protect|p2b: Sasha Colby\n|-singleturn|p2b: Sasha Colby|Protect\n|move|p1a: Arcanine|Flare Blitz|p2a: Amoonguss\n|-supereffective|p2a: Amoonguss\n|-damage|p2a: Amoonguss|2\/100\n|-enditem|p2a: Amoonguss|Sitrus Berry|[eat]\n|-heal|p2a: Amoonguss|27\/100|[from] item: Sitrus Berry\n|-damage|p1a: Arcanine|14\/100|[from] Recoil\n|move|p1b: Annihilape|Rage Fist|p2a: Amoonguss\n|-damage|p2a: Amoonguss|11\/100\n|move|p2a: Amoonguss|Spore|p1b: Annihilape\n|-status|p1b: Annihilape|slp|[from] move: Spore\n|\n|upkeep\n|turn|8\n|inactive|rtjonesy has 30 seconds left.\n|\n|t:|1683836994\n|switch|p2a: Ting-Lu|Ting-Lu, L50|82\/100 brn\n|-ability|p2a: Ting-Lu|Vessel of Ruin\n|move|p2b: Sasha Colby|Shadow Ball|p1a: Arcanine\n|-damage|p1a: Arcanine|0 fnt\n|faint|p1a: Arcanine\n|cant|p1b: Annihilape|slp\n|\n|-damage|p2a: Ting-Lu|76\/100 brn|[from] brn\n|-sideend|p1: rtjonesy|Reflect\n|upkeep\n|turn|9\n|\n|t:|1683837014\n|-end|p2b: Sasha Colby|Protosynthesis|[silent]\n|switch|p2b: Amoonguss|Amoonguss, L50, F, shiny|44\/100\n|cant|p1b: Annihilape|slp\n|move|p2a: Ting-Lu|Ruination|p1b: Annihilape\n|-damage|p1b: Annihilape|51\/100 slp\n|\n|-heal|p1b: Annihilape|57\/100 slp|[from] item: Leftovers\n|-damage|p2a: Ting-Lu|70\/100 brn|[from] brn\n|upkeep\n|turn|10\n|\n|t:|1683837025\n|cant|p1b: Annihilape|slp\n|move|p2a: Ting-Lu|Ruination|p1b: Annihilape\n|-damage|p1b: Annihilape|29\/100 slp\n|move|p2b: Amoonguss|Spore|p1b: Annihilape\n|-fail|p1b: Annihilape|slp\n|\n|-heal|p1b: Annihilape|35\/100 slp|[from] item: Leftovers\n|-damage|p2a: Ting-Lu|64\/100 brn|[from] brn\n|upkeep\n|turn|11\n|\n|t:|1683837045\n|-curestatus|p1b: Annihilape|slp|[msg]\n|move|p1b: Annihilape|Drain Punch|p2a: Ting-Lu\n|-supereffective|p2a: Ting-Lu\n|-damage|p2a: Ting-Lu|28\/100 brn\n|-heal|p1b: Annihilape|55\/100|[from] drain|[of] p2a: Ting-Lu\n|move|p2a: Ting-Lu|Ruination|p1b: Annihilape\n|-damage|p1b: Annihilape|28\/100\n|move|p2b: Amoonguss|Spore|p1b: Annihilape\n|-status|p1b: Annihilape|slp|[from] move: Spore\n|\n|-heal|p1b: Annihilape|34\/100 slp|[from] item: Leftovers\n|-damage|p2a: Ting-Lu|22\/100 brn|[from] brn\n|upkeep\n|turn|12\n|\n|t:|1683837059\n|switch|p2b: Sasha Colby|Flutter Mane, L50|100\/100\n|cant|p1b: Annihilape|slp\n|move|p2a: Ting-Lu|Ruination|p1b: Annihilape\n|-damage|p1b: Annihilape|18\/100 slp\n|\n|-heal|p1b: Annihilape|24\/100 slp|[from] item: Leftovers\n|-damage|p2a: Ting-Lu|16\/100 brn|[from] brn\n|upkeep\n|turn|13\n|-message|rtjonesy forfeited.\n|\n|win|Piccolo Ruiz\n|raw|rtjonesy's rating: 1329 → 1311<\/strong> (-18 for losing)\n|raw|Piccolo Ruiz's rating: 1369 → 1387<\/strong> (+18 for winning)\n|l|\u2606rtjonesy\n","uploadtime":1683837071,"views":15,"p1id":"rtjonesy","p2id":"piccoloruiz","formatid":"gen9vgc2023regulationc","rating":1311,"private":0,"password":""}