{"id":"gen9vgc2023regulationc-1859208934","p1":"Kaf7","p2":"BIGHAXORUSFAN147","format":"[Gen 9] VGC 2023 Regulation C","log":"|j|\u2606Kaf7\n|j|\u2606BIGHAXORUSFAN147\n|t:|1683418194\n|gametype|doubles\n|player|p1|Kaf7|265|1552\n|player|p2|BIGHAXORUSFAN147|grimsley-masters|1551\n|teamsize|p1|6\n|teamsize|p2|6\n|gen|9\n|tier|[Gen 9] VGC 2023 Regulation C\n|rated|\n|rule|Species Clause: Limit one of each Pok\u00e9mon\n|rule|Item Clause: Limit one of each item\n|clearpoke\n|poke|p1|Quaquaval, L50, F|\n|poke|p1|Iron Bundle, L50|\n|poke|p1|Drednaw, L50, M|\n|poke|p1|Pelipper, L50, M|\n|poke|p1|Bruxish, L50, M|\n|poke|p1|Gastrodon-East, L50, M|\n|poke|p2|Kingambit, L50, M|\n|poke|p2|Dragonite, L50, M|\n|poke|p2|Palafin, L50, M|\n|poke|p2|Amoonguss, L50, M|\n|poke|p2|Arcanine, L50, M|\n|poke|p2|Flutter Mane, L50|\n|teampreview|4\nBIGHAXORUSFAN147 has agreed to open team sheets.\n|\n|t:|1683418242\n|start\n|switch|p1a: Gastrodon|Gastrodon-East, L50, M|100\/100\n|switch|p1b: Pelipper|Pelipper, L50, M|100\/100\n|switch|p2a: Mihawk|Kingambit, L50, M|100\/100\n|switch|p2b: Zoro|Dragonite, L50, M, shiny|100\/100\n|-weather|RainDance|[from] ability: Drizzle|[of] p1b: Pelipper\n|turn|1\n|\n|t:|1683418270\n|-terastallize|p2b: Zoro|Flying\n|move|p1b: Pelipper|Tailwind|p1b: Pelipper\n|-sidestart|p1: Kaf7|move: Tailwind\n|move|p1a: Gastrodon|Muddy Water|p2b: Zoro|[spread] p2a\n|-miss|p1a: Gastrodon|p2b: Zoro\n|-damage|p2a: Mihawk|64\/100\n|move|p2b: Zoro|Tera Blast|p1b: Pelipper\n|-damage|p1b: Pelipper|33\/100\n|move|p2a: Mihawk|Swords Dance|p2a: Mihawk\n|-boost|p2a: Mihawk|atk|2\n|\n|-weather|RainDance|[upkeep]\n|upkeep\n|turn|2\n|\n|t:|1683418290\n|move|p2a: Mihawk|Protect|p2a: Mihawk\n|-singleturn|p2a: Mihawk|Protect\n|move|p1b: Pelipper|Hurricane|p2a: Mihawk\n|-activate|p2a: Mihawk|move: Protect\n|move|p1a: Gastrodon|Muddy Water|p2a: Mihawk|[spread] p2b\n|-activate|p2a: Mihawk|move: Protect\n|-damage|p2b: Zoro|90\/100\n|move|p2b: Zoro|Tera Blast|p1a: Gastrodon\n|-damage|p1a: Gastrodon|45\/100\n|\n|-weather|RainDance|[upkeep]\n|-heal|p1a: Gastrodon|51\/100|[from] item: Leftovers\n|upkeep\n|turn|3\n|\n|t:|1683418332\n|move|p2b: Zoro|Extreme Speed|p1b: Pelipper\n|-damage|p1b: Pelipper|2\/100\n|move|p2a: Mihawk|Sucker Punch|p1a: Gastrodon\n|-damage|p1a: Gastrodon|0 fnt\n|faint|p1a: Gastrodon\n|move|p1b: Pelipper|Hurricane|p2b: Zoro\n|-damage|p2b: Zoro|64\/100\n|\n|-weather|RainDance|[upkeep]\n|upkeep\n|\n|t:|1683418341\n|switch|p1a: Quaquaval|Quaquaval, L50, F|100\/100\n|turn|4\n|\n|t:|1683418365\n|move|p2a: Mihawk|Protect|p2a: Mihawk\n|-singleturn|p2a: Mihawk|Protect\n|move|p1a: Quaquaval|Aqua Step|p2b: Zoro\n|-damage|p2b: Zoro|0 fnt\n|-boost|p1a: Quaquaval|spe|1\n|faint|p2b: Zoro\n|-ability|p1a: Quaquaval|Moxie|boost\n|-boost|p1a: Quaquaval|atk|1\n|move|p1b: Pelipper|Hurricane|p2a: Mihawk\n|-activate|p2a: Mihawk|move: Protect\n|\n|-weather|RainDance|[upkeep]\n|-sideend|p1: Kaf7|move: Tailwind\n|upkeep\n|\n|t:|1683418384\n|switch|p2b: Perona|Flutter Mane, L50|100\/100\n|turn|5\n|\n|t:|1683418396\n|-terastallize|p1a: Quaquaval|Water\n|move|p1b: Pelipper|Wide Guard|p1b: Pelipper\n|-singleturn|p1b: Pelipper|Wide Guard\n|move|p1a: Quaquaval|Aqua Jet|p2a: Mihawk\n|-damage|p2a: Mihawk|0 fnt\n|faint|p2a: Mihawk\n|-ability|p1a: Quaquaval|Moxie|boost\n|-boost|p1a: Quaquaval|atk|1\n|move|p2b: Perona|Dazzling Gleam|p1a: Quaquaval|[spread] \n|-activate|p1a: Quaquaval|move: Wide Guard\n|-activate|p1b: Pelipper|move: Wide Guard\n|\n|-weather|RainDance|[upkeep]\n|upkeep\n|\n|t:|1683418403\n|switch|p2a: Aramaki|Amoonguss, L50, M|100\/100\n|turn|6\n|\n|t:|1683418418\n|move|p2a: Aramaki|Rage Powder|p2a: Aramaki\n|-singleturn|p2a: Aramaki|move: Rage Powder\n|move|p1a: Quaquaval|Aqua Step|p2a: Aramaki\n|-resisted|p2a: Aramaki\n|-damage|p2a: Aramaki|22\/100\n|-boost|p1a: Quaquaval|spe|1\n|-enditem|p2a: Aramaki|Sitrus Berry|[eat]\n|-heal|p2a: Aramaki|47\/100|[from] item: Sitrus Berry\n|move|p2b: Perona|Dazzling Gleam|p1a: Quaquaval|[spread] p1a,p1b\n|-crit|p1a: Quaquaval\n|-damage|p1a: Quaquaval|5\/100\n|-damage|p1b: Pelipper|0 fnt\n|faint|p1b: Pelipper\n|\n|-weather|RainDance|[upkeep]\n|upkeep\n|\n|t:|1683418422\n|switch|p1b: Drednaw|Drednaw, L50, M|100\/100\n|turn|7\n|\n|t:|1683418431\n|move|p2a: Aramaki|Rage Powder|p2a: Aramaki\n|-singleturn|p2a: Aramaki|move: Rage Powder\n|move|p1a: Quaquaval|Aqua Step|p2a: Aramaki\n|-resisted|p2a: Aramaki\n|-damage|p2a: Aramaki|0 fnt\n|-boost|p1a: Quaquaval|spe|1\n|faint|p2a: Aramaki\n|-ability|p1a: Quaquaval|Moxie|boost\n|-boost|p1a: Quaquaval|atk|1\n|move|p1b: Drednaw|Rock Slide|p2b: Perona|[miss]\n|-miss|p1b: Drednaw|p2b: Perona\n|move|p2b: Perona|Dazzling Gleam|p1a: Quaquaval|[spread] p1a,p1b\n|-damage|p1a: Quaquaval|0 fnt\n|-damage|p1b: Drednaw|40\/100\n|faint|p1a: Quaquaval\n|\n|-weather|RainDance|[upkeep]\n|upkeep\n|turn|8\n|\n|t:|1683418441\n|move|p1b: Drednaw|Rock Slide|p2b: Perona\n|-damage|p2b: Perona|19\/100\n|cant|p2b: Perona|flinch\n|\n|-weather|none\n|upkeep\n|turn|9\n|\n|t:|1683418446\n|move|p2b: Perona|Dazzling Gleam|p1b: Drednaw\n|-damage|p1b: Drednaw|0 fnt\n|faint|p1b: Drednaw\n|\n|win|BIGHAXORUSFAN147\n|raw|Kaf7's rating: 1552 → 1532<\/strong> (-20 for losing)\n|raw|BIGHAXORUSFAN147's rating: 1551 → 1571<\/strong> (+20 for winning)\n|l|\u2606Kaf7\n","uploadtime":1683418451,"views":9,"p1id":"kaf7","p2id":"bighaxorusfan147","formatid":"gen9vgc2023regulationc","rating":1532,"private":0,"password":""}