{"id":"gen9vgc2023regulationc-1852064921","p1":"Nerd159","p2":"PruebasNabil","format":"[Gen 9] VGC 2023 Regulation C","log":"|j|\u2606Nerd159\n|j|\u2606PruebasNabil\n|t:|1682521231\n|gametype|doubles\n|player|p1|Nerd159|170|1554\n|player|p2|PruebasNabil|ethan|1606\n|teamsize|p1|6\n|teamsize|p2|6\n|gen|9\n|tier|[Gen 9] VGC 2023 Regulation C\n|rated|\n|rule|Species Clause: Limit one of each Pok\u00e9mon\n|rule|Item Clause: Limit one of each item\n|clearpoke\n|poke|p1|Iron Bundle, L50|\n|poke|p1|Abomasnow, L50, F|\n|poke|p1|Gholdengo, L50|\n|poke|p1|Iron Hands, L50|\n|poke|p1|Dragonite, L50, F|\n|poke|p1|Maushold-Four, L50|\n|poke|p2|Great Tusk, L50|\n|poke|p2|Chien-Pao, L50|\n|poke|p2|Dragonite, L50, M|\n|poke|p2|Iron Bundle, L50|\n|poke|p2|Flutter Mane, L50|\n|poke|p2|Arcanine, L50, F|\n|teampreview|4\n|j| Kingdm23\n|inactive|Battle timer is ON: inactive players will automatically lose when time's up. (requested by Nerd159)\n|\n|t:|1682521257\n|start\n|switch|p1a: Iron Hands|Iron Hands, L50|100\/100\n|switch|p1b: Abomasnow|Abomasnow, L50, F|100\/100\n|switch|p2a: Iron Bundle|Iron Bundle, L50, shiny|100\/100\n|switch|p2b: Flutter Mane|Flutter Mane, L50|100\/100\n|-weather|Snow|[from] ability: Snow Warning|[of] p1b: Abomasnow\n|-enditem|p2a: Iron Bundle|Booster Energy\n|-activate|p2a: Iron Bundle|ability: Quark Drive|[fromitem]\n|-start|p2a: Iron Bundle|quarkdrivespe\n|turn|1\n|\n|t:|1682521276\n|-terastallize|p2a: Iron Bundle|Ghost\n|-terastallize|p1a: Iron Hands|Grass\n|move|p1a: Iron Hands|Fake Out|p2a: Iron Bundle\n|-immune|p2a: Iron Bundle\n|move|p2a: Iron Bundle|Icy Wind|p1a: Iron Hands|[spread] p1a,p1b\n|-supereffective|p1a: Iron Hands\n|-damage|p1a: Iron Hands|77\/100\n|-damage|p1b: Abomasnow|78\/100\n|-unboost|p1a: Iron Hands|spe|1\n|-unboost|p1b: Abomasnow|spe|1\n|move|p2b: Flutter Mane|Dazzling Gleam|p1b: Abomasnow|[spread] p1a,p1b\n|-damage|p1a: Iron Hands|55\/100\n|-damage|p1b: Abomasnow|36\/100\n|-damage|p2b: Flutter Mane|91\/100|[from] item: Life Orb\n|move|p1b: Abomasnow|Aurora Veil|p1b: Abomasnow\n|-sidestart|p1: Nerd159|move: Aurora Veil\n|\n|-weather|Snow|[upkeep]\n|upkeep\n|turn|2\n|\n|t:|1682521293\n|move|p2a: Iron Bundle|Freeze-Dry|p1b: Abomasnow\n|-damage|p1b: Abomasnow|12\/100\n|move|p2b: Flutter Mane|Moonblast|p1a: Iron Hands\n|-damage|p1a: Iron Hands|30\/100\n|-damage|p2b: Flutter Mane|82\/100|[from] item: Life Orb\n|move|p1b: Abomasnow|Blizzard|p2b: Flutter Mane|[spread] p2a,p2b\n|-damage|p2a: Iron Bundle|35\/100\n|-damage|p2b: Flutter Mane|49\/100\n|move|p1a: Iron Hands|Wild Charge|p2b: Flutter Mane\n|-damage|p2b: Flutter Mane|0 fnt\n|faint|p2b: Flutter Mane\n|-end|p2b: Flutter Mane|Protosynthesis|[silent]\n|-damage|p1a: Iron Hands|23\/100|[from] Recoil\n|\n|-weather|Snow|[upkeep]\n|upkeep\n|\n|t:|1682521300\n|switch|p2b: Chien-Pao|Chien-Pao, L50|100\/100\n|-ability|p2b: Chien-Pao|Sword of Ruin\n|turn|3\n|inactive|Nerd159 has 30 seconds left.\n|inactive|Nerd159 has 20 seconds left.\n|inactive|Nerd159 has 15 seconds left.\n|\n|t:|1682521341\n|switch|p1b: Maushold|Maushold-Four, L50|100\/100\n|move|p2b: Chien-Pao|Protect|p2b: Chien-Pao\n|-singleturn|p2b: Chien-Pao|Protect\n|move|p2a: Iron Bundle|Icy Wind|p1a: Iron Hands|[spread] p1a,p1b\n|-supereffective|p1a: Iron Hands\n|-damage|p1a: Iron Hands|12\/100\n|-damage|p1b: Maushold|84\/100\n|-unboost|p1a: Iron Hands|spe|1\n|-unboost|p1b: Maushold|spe|1\n|move|p1a: Iron Hands|Close Combat|p2b: Chien-Pao\n|-activate|p2b: Chien-Pao|move: Protect\n|\n|-weather|Snow|[upkeep]\n|upkeep\n|turn|4\n|\n|t:|1682521352\n|move|p1b: Maushold|Follow Me|p1b: Maushold\n|-singleturn|p1b: Maushold|move: Follow Me\n|move|p2a: Iron Bundle|Icy Wind|p1b: Maushold|[spread] p1a,p1b\n|-supereffective|p1a: Iron Hands\n|-damage|p1a: Iron Hands|0 fnt\n|-damage|p1b: Maushold|68\/100\n|-unboost|p1b: Maushold|spe|1\n|faint|p1a: Iron Hands\n|-end|p1a: Iron Hands|Quark Drive|[silent]\n|move|p2b: Chien-Pao|Sacred Sword|p1b: Maushold\n|-supereffective|p1b: Maushold\n|-damage|p1b: Maushold|11\/100\n|\n|-weather|Snow|[upkeep]\n|upkeep\n|c|\u2606Nerd159|L\n|\n|t:|1682521362\n|switch|p1a: Iron Bundle|Iron Bundle, L50|100\/100\n|turn|5\n|\n|t:|1682521372\n|move|p1b: Maushold|Protect|p1b: Maushold\n|-singleturn|p1b: Maushold|Protect\n|move|p2a: Iron Bundle|Icy Wind|p1b: Maushold|[spread] p1a\n|-activate|p1b: Maushold|move: Protect\n|-resisted|p1a: Iron Bundle\n|-damage|p1a: Iron Bundle|96\/100\n|-unboost|p1a: Iron Bundle|spe|1\n|move|p2b: Chien-Pao|Sacred Sword|p1a: Iron Bundle\n|-supereffective|p1a: Iron Bundle\n|-damage|p1a: Iron Bundle|58\/100\n|move|p1a: Iron Bundle|Blizzard|p2b: Chien-Pao|[spread] p2a,p2b\n|-resisted|p2b: Chien-Pao\n|-damage|p2a: Iron Bundle|0 fnt\n|-damage|p2b: Chien-Pao|49\/100\n|faint|p2a: Iron Bundle\n|-end|p2a: Iron Bundle|Quark Drive|[silent]\n|\n|-weather|none\n|upkeep\n|\n|t:|1682521386\n|switch|p2a: Arcanine|Arcanine, L50, F|100\/100\n|-ability|p2a: Arcanine|Intimidate|boost\n|-unboost|p1a: Iron Bundle|atk|1\n|-unboost|p1b: Maushold|atk|1\n|turn|6\n|\n|t:|1682521403\n|-end|p1a: Iron Bundle|Quark Drive|[silent]\n|switch|p1a: Abomasnow|Abomasnow, L50, F|12\/100\n|-weather|Snow|[from] ability: Snow Warning|[of] p1a: Abomasnow\n|move|p1b: Maushold|Protect|p1b: Maushold\n|-singleturn|p1b: Maushold|Protect\n|move|p2a: Arcanine|Extreme Speed|p1b: Maushold\n|-activate|p1b: Maushold|move: Protect\n|move|p2b: Chien-Pao|Sacred Sword|p1a: Abomasnow\n|-supereffective|p1a: Abomasnow\n|-damage|p1a: Abomasnow|0 fnt\n|faint|p1a: Abomasnow\n|\n|-weather|Snow|[upkeep]\n|upkeep\n|\n|t:|1682521406\n|switch|p1a: Iron Bundle|Iron Bundle, L50|58\/100\n|turn|7\n|\n|t:|1682521416\n|move|p1b: Maushold|Helping Hand|p1a: Iron Bundle\n|-singleturn|p1a: Iron Bundle|Helping Hand|[of] p1b: Maushold\n|move|p2a: Arcanine|Extreme Speed|p1b: Maushold\n|-damage|p1b: Maushold|0 fnt\n|faint|p1b: Maushold\n|move|p1a: Iron Bundle|Blizzard|p2a: Arcanine|[spread] p2a,p2b\n|-resisted|p2a: Arcanine\n|-resisted|p2b: Chien-Pao\n|-damage|p2a: Arcanine|65\/100\n|-damage|p2b: Chien-Pao|0 fnt\n|faint|p2b: Chien-Pao\n|\n|-weather|Snow|[upkeep]\n|upkeep\n|turn|8\n|\n|t:|1682521439\n|move|p2a: Arcanine|Extreme Speed|p1a: Iron Bundle\n|-damage|p1a: Iron Bundle|42\/100\n|move|p1a: Iron Bundle|Blizzard|p2a: Arcanine\n|-resisted|p2a: Arcanine\n|-damage|p2a: Arcanine|29\/100\n|\n|-weather|Snow|[upkeep]\n|-sideend|p1: Nerd159|move: Aurora Veil\n|upkeep\n|turn|9\n|\n|t:|1682521446\n|move|p1a: Iron Bundle|Blizzard|p2a: Arcanine\n|-resisted|p2a: Arcanine\n|-damage|p2a: Arcanine|0 fnt\n|faint|p2a: Arcanine\n|\n|win|Nerd159\n|raw|Nerd159's rating: 1554 → 1577<\/strong> (+23 for winning)\n|raw|PruebasNabil's rating: 1606 → 1583<\/strong> (-23 for losing)\n","uploadtime":1682521450,"views":25,"p1id":"nerd159","p2id":"pruebasnabil","formatid":"gen9vgc2023regulationc","rating":1577,"private":0,"password":""}