{"id":"gen9vgc2023regulationc-1855474996","p1":"pokemon_and_beer","p2":"Dr Necro","format":"[Gen 9] VGC 2023 Regulation C","log":"|j|\u2606pokemon_and_beer\n|j|\u2606Dr Necro\n|t:|1682954814\n|gametype|doubles\n|player|p1|pokemon_and_beer|norman|1511\n|player|p2|Dr Necro|medium|1578\n|teamsize|p1|6\n|teamsize|p2|6\n|gen|9\n|tier|[Gen 9] VGC 2023 Regulation C\n|rated|\n|rule|Species Clause: Limit one of each Pok\u00e9mon\n|rule|Item Clause: Limit one of each item\n|clearpoke\n|poke|p1|Arcanine, L50, M|\n|poke|p1|Amoonguss, L50, M|\n|poke|p1|Kingambit, L50, F|\n|poke|p1|Flutter Mane, L50|\n|poke|p1|Ting-Lu, L50|\n|poke|p1|Palafin, L50, F|\n|poke|p2|Ting-Lu, L50|\n|poke|p2|Flutter Mane, L50|\n|poke|p2|Arcanine, L50, M|\n|poke|p2|Palafin, L50, M|\n|poke|p2|Baxcalibur, L50, M|\n|poke|p2|Amoonguss, L50, M|\n|teampreview|4\n|c|\u2606pokemon_and_beer|gl hf\nDr Necro has agreed to open team sheets.\npokemon_and_beer has agreed to open team sheets.\n|inactive|Battle timer is ON: inactive players will automatically lose when time's up. (requested by Dr Necro)\n|inactive|pokemon_and_beer has 60 seconds left.\n|\n|t:|1682954915\n|start\n|switch|p1a: Blueshido|Kingambit, L50, F, shiny|100\/100\n|switch|p1b: Ripley|Arcanine, L50, M|100\/100\n|switch|p2a: Baxcalibur|Baxcalibur, L50, M|100\/100\n|switch|p2b: Palafin|Palafin, L50, M|100\/100\n|-ability|p1b: Ripley|Intimidate|boost\n|-fail|p2a: Baxcalibur|unboost|[from] item: Clear Amulet|[of] p2a: Baxcalibur\n|-unboost|p2b: Palafin|atk|1\n|turn|1\n|\n|t:|1682954931\n|detailschange|p2b: Palafin|Palafin-Hero, L50, M\n|switch|p2b: Ting-Lu|Ting-Lu, L50|100\/100\n|-ability|p2b: Ting-Lu|Vessel of Ruin\n|-terastallize|p2a: Baxcalibur|Poison\n|move|p1b: Ripley|Howl|p1b: Ripley|[spread] p1a,p1b\n|-boost|p1a: Blueshido|atk|1\n|-boost|p1b: Ripley|atk|1\n|move|p2a: Baxcalibur|Glaive Rush|p1b: Ripley\n|-damage|p1b: Ripley|33\/100\n|-singlemove|p2a: Baxcalibur|Glaive Rush|[silent]\n|move|p1a: Blueshido|Swords Dance|p1a: Blueshido\n|-boost|p1a: Blueshido|atk|2\n|\n|upkeep\n|turn|2\n|inactive|pokemon_and_beer has 30 seconds left.\n|inactive|Dr Necro has 30 seconds left.\n|inactive|Dr Necro has 20 seconds left.\n|inactive|Dr Necro has 15 seconds left.\n|inactive|Dr Necro has 10 seconds left.\n|\n|t:|1682954981\n|move|p2a: Baxcalibur|Protect|p2a: Baxcalibur\n|-singleturn|p2a: Baxcalibur|Protect\n|move|p1b: Ripley|Will-O-Wisp|p2b: Ting-Lu\n|-status|p2b: Ting-Lu|brn\n|move|p1a: Blueshido|Kowtow Cleave|p2b: Ting-Lu\n|-resisted|p2b: Ting-Lu\n|-damage|p2b: Ting-Lu|66\/100 brn\n|move|p2b: Ting-Lu|Ruination|p1a: Blueshido\n|-damage|p1a: Blueshido|51\/100\n|\n|-damage|p2b: Ting-Lu|60\/100 brn|[from] brn\n|upkeep\n|turn|3\n|inactive|pokemon_and_beer has 30 seconds left.\n|inactive|pokemon_and_beer has 20 seconds left.\n|inactive|pokemon_and_beer has 15 seconds left.\n|\n|t:|1682955025\n|move|p1a: Blueshido|Sucker Punch|p2a: Baxcalibur\n|-crit|p2a: Baxcalibur\n|-damage|p2a: Baxcalibur|0 fnt\n|faint|p2a: Baxcalibur\n|move|p1b: Ripley|Flare Blitz|p2b: Ting-Lu\n|-damage|p2b: Ting-Lu|26\/100 brn\n|-damage|p1b: Ripley|18\/100|[from] Recoil\n|move|p2b: Ting-Lu|Sand Tomb|p1a: Blueshido\n|-supereffective|p1a: Blueshido\n|-damage|p1a: Blueshido|41\/100\n|-activate|p1a: Blueshido|move: Sand Tomb|[of] p2b: Ting-Lu\n|\n|-damage|p2b: Ting-Lu|20\/100 brn|[from] brn\n|-damage|p1a: Blueshido|29\/100|[from] move: Sand Tomb|[partiallytrapped]\n|upkeep\n|\n|t:|1682955047\n|switch|p2a: Palafin|Palafin-Hero, L50, M|100\/100\n|-activate|p2a: Palafin|ability: Zero to Hero\n|turn|4\n|inactive|pokemon_and_beer has 30 seconds left.\n|inactive|pokemon_and_beer has 20 seconds left.\n|inactive|pokemon_and_beer has 15 seconds left.\n|inactive|pokemon_and_beer has 10 seconds left.\n|\n|t:|1682955093\n|move|p2a: Palafin|Protect|p2a: Palafin\n|-singleturn|p2a: Palafin|Protect\n|move|p1b: Ripley|Extreme Speed|p2a: Palafin\n|-activate|p2a: Palafin|move: Protect\n|move|p1a: Blueshido|Kowtow Cleave|p2b: Ting-Lu\n|-resisted|p2b: Ting-Lu\n|-damage|p2b: Ting-Lu|0 fnt\n|faint|p2b: Ting-Lu\n|\n|-end|p1a: Blueshido|Sand Tomb|[partiallytrapped]|[silent]\n|upkeep\n|\n|t:|1682955113\n|switch|p2b: Flutter Mane|Flutter Mane, L50|100\/100\n|-enditem|p2b: Flutter Mane|Booster Energy\n|-activate|p2b: Flutter Mane|ability: Protosynthesis|[fromitem]\n|-start|p2b: Flutter Mane|protosynthesisspa\n|turn|5\n|j| Zenrog\n|inactive|pokemon_and_beer has 30 seconds left.\n|\n|t:|1682955143\n|switch|p1b: Ting-Lu|Ting-Lu, L50|100\/100\n|-ability|p1b: Ting-Lu|Vessel of Ruin\n|move|p2a: Palafin|Jet Punch|p1a: Blueshido\n|-damage|p1a: Blueshido|0 fnt\n|faint|p1a: Blueshido\n|move|p2b: Flutter Mane|Moonblast|p1b: Ting-Lu\n|-supereffective|p1b: Ting-Lu\n|-damage|p1b: Ting-Lu|39\/100\n|\n|-heal|p1b: Ting-Lu|45\/100|[from] item: Leftovers\n|upkeep\n|\n|t:|1682955160\n|switch|p1a: Ripley|Arcanine, L50, M|18\/100\n|-ability|p1a: Ripley|Intimidate|boost\n|-unboost|p2a: Palafin|atk|1\n|-unboost|p2b: Flutter Mane|atk|1\n|turn|6\n|inactive|Dr Necro has 30 seconds left.\n|inactive|Dr Necro has 20 seconds left.\n|inactive|Dr Necro has 15 seconds left.\n|\n|t:|1682955204\n|-terastallize|p1b: Ting-Lu|Water\n|move|p2b: Flutter Mane|Protect|p2b: Flutter Mane\n|-singleturn|p2b: Flutter Mane|Protect\n|move|p1a: Ripley|Will-O-Wisp|p2a: Palafin\n|-status|p2a: Palafin|brn\n|move|p2a: Palafin|Substitute|p2a: Palafin\n|-start|p2a: Palafin|Substitute\n|-damage|p2a: Palafin|76\/100 brn\n|move|p1b: Ting-Lu|Heavy Slam|p2b: Flutter Mane\n|-activate|p2b: Flutter Mane|move: Protect\n|\n|-heal|p1b: Ting-Lu|51\/100|[from] item: Leftovers\n|-damage|p2a: Palafin|70\/100 brn|[from] brn\n|upkeep\n|turn|7\n|j| Labelex\n|\n|t:|1682955229\n|move|p1a: Ripley|Extreme Speed|p2a: Palafin\n|-crit|p2a: Palafin\n|-end|p2a: Palafin|Substitute\n|move|p2b: Flutter Mane|Moonblast|p1b: Ting-Lu\n|-damage|p1b: Ting-Lu|18\/100\n|-unboost|p1b: Ting-Lu|spa|1\n|move|p2a: Palafin|Wave Crash|p1b: Ting-Lu\n|-resisted|p1b: Ting-Lu\n|-damage|p1b: Ting-Lu|9\/100\n|-damage|p2a: Palafin|67\/100 brn|[from] Recoil\n|move|p1b: Ting-Lu|Heavy Slam|p2b: Flutter Mane\n|-supereffective|p2b: Flutter Mane\n|-damage|p2b: Flutter Mane|0 fnt\n|faint|p2b: Flutter Mane\n|-end|p2b: Flutter Mane|Protosynthesis|[silent]\n|\n|-heal|p1b: Ting-Lu|15\/100|[from] item: Leftovers\n|-damage|p2a: Palafin|61\/100 brn|[from] brn\n|upkeep\n|turn|8\n|-message|Dr Necro forfeited.\n|\n|win|pokemon_and_beer\n|raw|pokemon_and_beer's rating: 1511 → 1535<\/strong> (+24 for winning)\n|raw|Dr Necro's rating: 1578 → 1554<\/strong> (-24 for losing)\n|l|\u2606Dr Necro\n|c|\u2606pokemon_and_beer|gg\n|l| Zenrog\n","uploadtime":1682955295,"views":23,"p1id":"pokemonandbeer","p2id":"drnecro","formatid":"gen9vgc2023regulationc","rating":1535,"private":0,"password":""}