{"id":"gen9vgc2023regulationc-1853196693","p1":"gGusto","p2":"GholDenko","format":"[Gen 9] VGC 2023 Regulation C","log":"|j|\u2606gGusto\n|j|\u2606GholDenko\n|t:|1682647254\n|gametype|doubles\n|player|p1|gGusto|265|\n|player|p2|GholDenko|drayden|\n|teamsize|p1|6\n|teamsize|p2|6\n|gen|9\n|tier|[Gen 9] VGC 2023 Regulation C\n|rule|Species Clause: Limit one of each Pok\u00e9mon\n|rule|Item Clause: Limit one of each item\n|clearpoke\n|poke|p1|Ting-Lu, L50|\n|poke|p1|Umbreon, L50, F|\n|poke|p1|Cetitan, L50, M|\n|poke|p1|Arcanine, L50, M|\n|poke|p1|Azumarill, L50, F|\n|poke|p1|Arboliva, L50, M|\n|poke|p2|Maushold, L50|\n|poke|p2|Skeledirge, L50, F|\n|poke|p2|Dunsparce, L50, M|\n|poke|p2|Gogoat, L50, M|\n|poke|p2|Staraptor, L50, M|\n|poke|p2|Slowking, L50, M|\n|teampreview|4\n|inactive|Battle timer is ON: inactive players will automatically lose when time's up. (requested by gGusto)\n|inactive|GholDenko also wants the timer to be on.\n|inactive|GholDenko no longer wants the timer on, but the timer is staying on because ggusto still does.\n|c|\u2606GholDenko|G1\ngGusto has agreed to open team sheets.\n|c|\u2606GholDenko|Let's start 3 games\n|c|\u2606gGusto|oops dont do that\n|inactive|gGusto has 60 seconds left.\n|inactive|GholDenko has 60 seconds left.\n|c|\u2606GholDenko|Pause the timer please\n|inactiveoff|Battle timer is now OFF.\n|c|\u2606GholDenko|While we open the other two\n|c|\u2606GholDenko|ty\nGholDenko rejected open team sheets.\n|c|\u2606GholDenko|And back to G1\n|c|\u2606GholDenko|GL HF1\n|c|\u2606GholDenko|HF!*\n|c|\u2606gGusto|stop game 3\n|c|\u2606gGusto|timer\n|c|\u2606GholDenko|Oops yep\n|\n|t:|1682647420\n|start\n|switch|p1a: Ting-Lu|Ting-Lu, L50|100\/100\n|switch|p1b: Umbreon|Umbreon, L50, F|100\/100\n|switch|p2a: Maushold|Maushold, L50|100\/100\n|switch|p2b: Dunsparce|Dunsparce, L50, M|100\/100\n|-ability|p1a: Ting-Lu|Vessel of Ruin\n|turn|1\n|\n|t:|1682647453\n|switch|p1b: Arcanine|Arcanine, L50, M|100\/100\n|-ability|p1b: Arcanine|Intimidate|boost\n|-unboost|p2a: Maushold|atk|1\n|-unboost|p2b: Dunsparce|atk|1\n|-ability|p2b: Dunsparce|Rattled|boost\n|-boost|p2b: Dunsparce|spe|1\n|switch|p2b: Gogoat|Gogoat, L50, M|100\/100\n|move|p2a: Maushold|Protect|p2a: Maushold\n|-singleturn|p2a: Maushold|Protect\n|move|p1a: Ting-Lu|Throat Chop|p2b: Gogoat\n|-damage|p2b: Gogoat|72\/100\n|-start|p2b: Gogoat|Throat Chop|[silent]\n|\n|upkeep\n|turn|2\n|\n|t:|1682647488\n|move|p2a: Maushold|Follow Me|p2a: Maushold\n|-singleturn|p2a: Maushold|move: Follow Me\n|move|p1b: Arcanine|Howl|p1b: Arcanine|[spread] p1a,p1b\n|-boost|p1a: Ting-Lu|atk|1\n|-boost|p1b: Arcanine|atk|1\n|move|p2b: Gogoat|Bulk Up|p2b: Gogoat\n|-boost|p2b: Gogoat|atk|1\n|-boost|p2b: Gogoat|def|1\n|move|p1a: Ting-Lu|Stealth Rock|p2a: Maushold\n|-sidestart|p2: GholDenko|move: Stealth Rock\n|\n|-end|p2b: Gogoat|Throat Chop|[silent]\n|upkeep\n|turn|3\n|\n|t:|1682647515\n|move|p2a: Maushold|Encore|p1a: Ting-Lu\n|-start|p1a: Ting-Lu|Encore\n|move|p1b: Arcanine|Flare Blitz|p2b: Gogoat\n|-supereffective|p2b: Gogoat\n|-damage|p2b: Gogoat|12\/100\n|-damage|p1b: Arcanine|78\/100|[from] Recoil\n|move|p2b: Gogoat|Trailblaze|p1b: Arcanine\n|-resisted|p1b: Arcanine\n|-damage|p1b: Arcanine|61\/100\n|-boost|p2b: Gogoat|spe|1\n|move|p1a: Ting-Lu|Stealth Rock||[still]\n|-fail|p1a: Ting-Lu\n|\n|upkeep\n|turn|4\n|\n|t:|1682647542\n|switch|p1a: Cetitan|Cetitan, L50, M|100\/100\n|move|p2a: Maushold|Follow Me|p2a: Maushold\n|-singleturn|p2a: Maushold|move: Follow Me\n|move|p1b: Arcanine|Extreme Speed|p2a: Maushold\n|-damage|p2a: Maushold|64\/100\n|move|p2b: Gogoat|Horn Leech|p1b: Arcanine\n|-resisted|p1b: Arcanine\n|-damage|p1b: Arcanine|38\/100\n|-heal|p2b: Gogoat|22\/100|[from] drain|[of] p1b: Arcanine\n|\n|upkeep\n|turn|5\n|\n|t:|1682647598\n|switch|p1b: Umbreon|Umbreon, L50, F|100\/100\n|move|p2a: Maushold|Protect|p2a: Maushold\n|-singleturn|p2a: Maushold|Protect\n|move|p2b: Gogoat|Horn Leech|p1a: Cetitan\n|-damage|p1a: Cetitan|50\/100\n|-heal|p2b: Gogoat|50\/100|[from] drain|[of] p1a: Cetitan\n|move|p1a: Cetitan|Superpower|p2a: Maushold\n|-activate|p2a: Maushold|move: Protect\n|\n|upkeep\n|turn|6\n|\n|t:|1682647640\n|switch|p1a: Arcanine|Arcanine, L50, M|38\/100\n|-ability|p1a: Arcanine|Intimidate|boost\n|-unboost|p2a: Maushold|atk|1\n|-fail|p2b: Gogoat|unboost|[from] item: Clear Amulet|[of] p2b: Gogoat\n|move|p2a: Maushold|Follow Me|p2a: Maushold\n|-singleturn|p2a: Maushold|move: Follow Me\n|move|p2b: Gogoat|Horn Leech|p1a: Arcanine\n|-resisted|p1a: Arcanine\n|-damage|p1a: Arcanine|14\/100\n|-heal|p2b: Gogoat|60\/100|[from] drain|[of] p1a: Arcanine\n|move|p1b: Umbreon|Yawn|p2a: Maushold\n|-start|p2a: Maushold|move: Yawn|[of] p1b: Umbreon\n|\n|upkeep\n|turn|7\n|\n|t:|1682647667\n|switch|p2a: Dunsparce|Dunsparce, L50, M|100\/100\n|-damage|p2a: Dunsparce|88\/100|[from] Stealth Rock\n|move|p1a: Arcanine|Will-O-Wisp|p2b: Gogoat\n|-status|p2b: Gogoat|brn\n|move|p2b: Gogoat|Horn Leech|p1a: Arcanine\n|-resisted|p1a: Arcanine\n|-damage|p1a: Arcanine|3\/100\n|-heal|p2b: Gogoat|65\/100 brn|[from] drain|[of] p1a: Arcanine\n|move|p1b: Umbreon|Yawn||[still]\n|-fail|p1b: Umbreon\n|\n|-damage|p2b: Gogoat|59\/100 brn|[from] brn\n|upkeep\n|turn|8\n|\n|t:|1682647692\n|move|p1a: Arcanine|Flare Blitz|p2b: Gogoat\n|-supereffective|p2b: Gogoat\n|-damage|p2b: Gogoat|5\/100 brn\n|-damage|p1a: Arcanine|0 fnt|[from] Recoil\n|faint|p1a: Arcanine\n|move|p2b: Gogoat|Trailblaze|p1b: Umbreon\n|-damage|p1b: Umbreon|91\/100\n|-boost|p2b: Gogoat|spe|1\n|move|p1b: Umbreon|Yawn|p2a: Dunsparce\n|-start|p2a: Dunsparce|move: Yawn|[of] p1b: Umbreon\n|move|p2a: Dunsparce|Roost|p2a: Dunsparce\n|-heal|p2a: Dunsparce|100\/100\n|-singleturn|p2a: Dunsparce|move: Roost\n|\n|-heal|p1b: Umbreon|97\/100|[from] item: Leftovers\n|-damage|p2b: Gogoat|0 fnt|[from] brn\n|faint|p2b: Gogoat\n|upkeep\n|\n|t:|1682647722\n|switch|p1a: Cetitan|Cetitan, L50, M|50\/100\n|switch|p2b: Maushold|Maushold, L50|64\/100\n|-damage|p2b: Maushold|52\/100|[from] Stealth Rock\n|turn|9\n|\n|t:|1682647742\n|switch|p1a: Ting-Lu|Ting-Lu, L50|100\/100\n|-ability|p1a: Ting-Lu|Vessel of Ruin\n|-terastallize|p2a: Dunsparce|Psychic\n|move|p2b: Maushold|Beat Up|p2a: Dunsparce\n|-supereffective|p2a: Dunsparce\n|-damage|p2a: Dunsparce|97\/100\n|-ability|p2a: Dunsparce|Rattled|boost\n|-boost|p2a: Dunsparce|spe|1\n|-enditem|p2a: Dunsparce|Weakness Policy\n|-boost|p2a: Dunsparce|atk|2|[from] item: Weakness Policy\n|-boost|p2a: Dunsparce|spa|2|[from] item: Weakness Policy\n|-supereffective|p2a: Dunsparce\n|-damage|p2a: Dunsparce|94\/100\n|-ability|p2a: Dunsparce|Rattled|boost\n|-boost|p2a: Dunsparce|spe|1\n|-supereffective|p2a: Dunsparce\n|-damage|p2a: Dunsparce|90\/100\n|-ability|p2a: Dunsparce|Rattled|boost\n|-boost|p2a: Dunsparce|spe|1\n|-hitcount|p2a: Dunsparce|3\n|move|p2a: Dunsparce|Baton Pass|p2a: Dunsparce\n|\n|t:|1682647759\n|switch|p2a: Skeledirge|Skeledirge, L50, F|100\/100|[from] Baton Pass\n|-damage|p2a: Skeledirge|75\/100|[from] Stealth Rock\n|move|p1b: Umbreon|Yawn|p2b: Maushold\n|-start|p2b: Maushold|move: Yawn|[of] p1b: Umbreon\n|\n|-heal|p1b: Umbreon|100\/100|[from] item: Leftovers\n|upkeep\n|turn|10\n|\n|t:|1682647780\n|-terastallize|p1a: Ting-Lu|Water\n|move|p2b: Maushold|Follow Me|p2b: Maushold\n|-singleturn|p2b: Maushold|move: Follow Me\n|move|p2a: Skeledirge|Torch Song|p1a: Ting-Lu\n|-resisted|p1a: Ting-Lu\n|-damage|p1a: Ting-Lu|85\/100\n|-boost|p2a: Skeledirge|spa|1\n|move|p1b: Umbreon|Yawn||[still]\n|-fail|p1b: Umbreon\n|move|p1a: Ting-Lu|Throat Chop|p2b: Maushold\n|-damage|p2b: Maushold|2\/100\n|-start|p2b: Maushold|Throat Chop|[silent]\n|\n|-end|p2b: Maushold|move: Yawn|[silent]\n|-status|p2b: Maushold|slp\n|upkeep\n|turn|11\n|\n|t:|1682647813\n|cant|p2b: Maushold|slp\n|move|p2a: Skeledirge|Shadow Ball|p1a: Ting-Lu\n|-damage|p1a: Ting-Lu|44\/100\n|move|p1b: Umbreon|Foul Play|p2a: Skeledirge\n|-supereffective|p2a: Skeledirge\n|-damage|p2a: Skeledirge|55\/100\n|move|p1a: Ting-Lu|Throat Chop|p2a: Skeledirge\n|-supereffective|p2a: Skeledirge\n|-damage|p2a: Skeledirge|21\/100\n|-start|p2a: Skeledirge|Throat Chop|[silent]\n|-enditem|p2a: Skeledirge|Sitrus Berry|[eat]\n|-heal|p2a: Skeledirge|46\/100|[from] item: Sitrus Berry\n|\n|-end|p2b: Maushold|Throat Chop|[silent]\n|upkeep\n|turn|12\n|\n|t:|1682647860\n|cant|p2b: Maushold|slp\n|move|p2a: Skeledirge|Slack Off|p2a: Skeledirge\n|-heal|p2a: Skeledirge|96\/100\n|move|p1b: Umbreon|Yawn|p2a: Skeledirge\n|-start|p2a: Skeledirge|move: Yawn|[of] p1b: Umbreon\n|move|p1a: Ting-Lu|Throat Chop|p2a: Skeledirge\n|-supereffective|p2a: Skeledirge\n|-damage|p2a: Skeledirge|58\/100\n|\n|-end|p2a: Skeledirge|Throat Chop|[silent]\n|upkeep\n|turn|13\n|\n|t:|1682647886\n|move|p1a: Ting-Lu|Protect|p1a: Ting-Lu\n|-singleturn|p1a: Ting-Lu|Protect\n|-curestatus|p2b: Maushold|slp|[msg]\n|move|p2b: Maushold|Follow Me|p2b: Maushold\n|-singleturn|p2b: Maushold|move: Follow Me\n|move|p2a: Skeledirge|Shadow Ball|p1a: Ting-Lu\n|-activate|p1a: Ting-Lu|move: Protect\n|move|p1b: Umbreon|Foul Play|p2b: Maushold\n|-damage|p2b: Maushold|0 fnt\n|faint|p2b: Maushold\n|\n|-end|p2a: Skeledirge|move: Yawn|[silent]\n|-status|p2a: Skeledirge|slp\n|upkeep\n|\n|t:|1682647897\n|switch|p2b: Dunsparce|Dunsparce, L50, M, tera:Psychic|90\/100\n|-damage|p2b: Dunsparce|78\/100|[from] Stealth Rock\n|turn|14\n|\n|t:|1682647909\n|cant|p2a: Skeledirge|slp\n|move|p1b: Umbreon|Foul Play|p2a: Skeledirge\n|-supereffective|p2a: Skeledirge\n|-damage|p2a: Skeledirge|34\/100 slp\n|move|p2b: Dunsparce|Hyper Voice|p1b: Umbreon|[spread] p1a,p1b\n|-damage|p1a: Ting-Lu|30\/100\n|-damage|p1b: Umbreon|87\/100\n|move|p1a: Ting-Lu|Throat Chop|p2a: Skeledirge\n|-supereffective|p2a: Skeledirge\n|-damage|p2a: Skeledirge|0 fnt\n|faint|p2a: Skeledirge\n|\n|-heal|p1b: Umbreon|93\/100|[from] item: Leftovers\n|upkeep\n|turn|15\n|\n|t:|1682647923\n|move|p1b: Umbreon|Yawn|p2b: Dunsparce\n|-start|p2b: Dunsparce|move: Yawn|[of] p1b: Umbreon\n|move|p2b: Dunsparce|Hyper Voice|p1a: Ting-Lu|[spread] p1a,p1b\n|-damage|p1a: Ting-Lu|17\/100\n|-damage|p1b: Umbreon|80\/100\n|move|p1a: Ting-Lu|Throat Chop|p2b: Dunsparce\n|-supereffective|p2b: Dunsparce\n|-damage|p2b: Dunsparce|0 fnt\n|faint|p2b: Dunsparce\n|\n|win|gGusto\n|c|\u2606gGusto|ggs\n|c|\u2606GholDenko|GGs!\n|l|\u2606gGusto\n","uploadtime":1682647935,"views":9,"p1id":"ggusto","p2id":"gholdenko","formatid":"gen9vgc2023regulationc","rating":0,"private":0,"password":""}