{"id":"gen9vgc2023regulationc-1845752875","p1":"Oorko","p2":"Gabriele1617","format":"[Gen 9] VGC 2023 Regulation C","log":"|j|\u2606Oorko\n|j|\u2606Gabriele1617\n|t:|1681761314\n|gametype|doubles\n|player|p1|Oorko|dragontamer|1330\n|player|p2|Gabriele1617|n|1230\n|teamsize|p1|6\n|teamsize|p2|6\n|gen|9\n|tier|[Gen 9] VGC 2023 Regulation C\n|rated|\n|rule|Species Clause: Limit one of each Pok\u00e9mon\n|rule|Item Clause: Limit one of each item\n|clearpoke\n|poke|p1|Amoonguss, L50, M|\n|poke|p1|Gholdengo, L50|\n|poke|p1|Pelipper, L50, F|\n|poke|p1|Palafin, L50, F|\n|poke|p1|Kingambit, L50, M|\n|poke|p1|Chien-Pao, L50|\n|poke|p2|Palafin, L50, M|\n|poke|p2|Flutter Mane, L50|\n|poke|p2|Ting-Lu, L50|\n|poke|p2|Amoonguss, L50, M|\n|poke|p2|Arcanine, L50, M|\n|poke|p2|Roaring Moon, L50|\n|teampreview|4\n|inactive|Battle timer is ON: inactive players will automatically lose when time's up. (requested by Oorko)\nGabriele1617 rejected open team sheets.\n|inactive|Oorko has 60 seconds left.\n|inactive|Gabriele1617 has 60 seconds left.\n|inactive|Gabriele1617 has 30 seconds left.\n|inactive|Gabriele1617 has 20 seconds left.\n|\n|t:|1681761386\n|start\n|switch|p1a: Amoonguss|Amoonguss, L50, M|100\/100\n|switch|p1b: Gholdengo|Gholdengo, L50|100\/100\n|switch|p2a: Palafin|Palafin, L50, M, shiny|100\/100\n|switch|p2b: Flutter Mane|Flutter Mane, L50, shiny|100\/100\n|turn|1\n|inactive|Gabriele1617 has 30 seconds left.\n|inactive|Gabriele1617 has 20 seconds left.\n|\n|t:|1681761426\n|-end|p2b: Flutter Mane|Protosynthesis|[silent]\n|switch|p2b: Ting-Lu|Ting-Lu, L50|100\/100\n|-ability|p2b: Ting-Lu|Vessel of Ruin\n|detailschange|p2a: Palafin|Palafin-Hero, L50, M, shiny\n|switch|p2a: Amoonguss|Amoonguss, L50, M, shiny|100\/100\n|move|p1a: Amoonguss|Rage Powder|p1a: Amoonguss\n|-singleturn|p1a: Amoonguss|move: Rage Powder\n|move|p1b: Gholdengo|Nasty Plot|p1b: Gholdengo\n|-boost|p1b: Gholdengo|spa|2\n|\n|upkeep\n|turn|2\n|\n|t:|1681761445\n|-terastallize|p1b: Gholdengo|Water\n|move|p2a: Amoonguss|Protect|p2a: Amoonguss\n|-singleturn|p2a: Amoonguss|Protect\n|move|p1b: Gholdengo|Nasty Plot|p1b: Gholdengo\n|-boost|p1b: Gholdengo|spa|2\n|move|p2b: Ting-Lu|Fissure|p1b: Gholdengo\n|-damage|p1b: Gholdengo|0 fnt\n|faint|p1b: Gholdengo\n|-ohko\n|move|p1a: Amoonguss|Spore|p2b: Ting-Lu\n|-status|p2b: Ting-Lu|slp|[from] move: Spore\n|\n|upkeep\n|c|\u2606Gabriele1617|g\n|c|\u2606Gabriele1617|gg\n|\n|t:|1681761465\n|switch|p1b: Palafin|Palafin, L50, F|100\/100\n|turn|3\n|inactive|Oorko has 30 seconds left.\n|inactive|Gabriele1617 has 30 seconds left.\n|\n|t:|1681761494\n|move|p1b: Palafin|Wave Crash|p2b: Ting-Lu\n|-supereffective|p2b: Ting-Lu\n|-damage|p2b: Ting-Lu|54\/100 slp\n|-damage|p1b: Palafin|81\/100|[from] Recoil\n|cant|p2b: Ting-Lu|slp\n|move|p1a: Amoonguss|Pollen Puff|p2b: Ting-Lu\n|-supereffective|p2b: Ting-Lu\n|-damage|p2b: Ting-Lu|42\/100 slp\n|move|p2a: Amoonguss|Spore|p1b: Palafin\n|-activate|p1b: Palafin|item: Safety Goggles|Spore\n|\n|upkeep\n|turn|4\n|inactive|Oorko has 30 seconds left.\n|inactive|Gabriele1617 has 30 seconds left.\n|inactive|Gabriele1617 has 20 seconds left.\n|\n|t:|1681761533\n|move|p1b: Palafin|Wave Crash|p2b: Ting-Lu\n|-supereffective|p2b: Ting-Lu\n|-damage|p2b: Ting-Lu|0 fnt\n|faint|p2b: Ting-Lu\n|-damage|p1b: Palafin|64\/100|[from] Recoil\n|move|p1a: Amoonguss|Pollen Puff|p2a: Amoonguss\n|-damage|p2a: Amoonguss|84\/100\n|move|p2a: Amoonguss|Pollen Puff|p1b: Palafin\n|-damage|p1b: Palafin|40\/100\n|\n|upkeep\n|\n|t:|1681761539\n|switch|p2b: Flutter Mane|Flutter Mane, L50, shiny|100\/100\n|turn|5\n|\n|t:|1681761553\n|detailschange|p1b: Palafin|Palafin-Hero, L50, F\n|switch|p1b: Kingambit|Kingambit, L50, M|100\/100\n|move|p2b: Flutter Mane|Shadow Ball|p1a: Amoonguss\n|-damage|p1a: Amoonguss|42\/100\n|-unboost|p1a: Amoonguss|spd|1\n|-enditem|p1a: Amoonguss|Sitrus Berry|[eat]\n|-heal|p1a: Amoonguss|67\/100|[from] item: Sitrus Berry\n|move|p1a: Amoonguss|Spore|p2b: Flutter Mane\n|-status|p2b: Flutter Mane|slp|[from] move: Spore\n|move|p2a: Amoonguss|Pollen Puff|p1a: Amoonguss\n|-crit|p1a: Amoonguss\n|-damage|p1a: Amoonguss|31\/100\n|\n|upkeep\n|turn|6\n|inactive|Oorko has 30 seconds left.\n|\n|t:|1681761582\n|-end|p2b: Flutter Mane|Protosynthesis|[silent]\n|switch|p2b: Palafin|Palafin-Hero, L50, M, shiny|100\/100\n|-activate|p2b: Palafin|ability: Zero to Hero\n|switch|p1a: Palafin|Palafin-Hero, L50, F|40\/100\n|-activate|p1a: Palafin|ability: Zero to Hero\n|move|p1b: Kingambit|Swords Dance|p1b: Kingambit\n|-boost|p1b: Kingambit|atk|2\n|move|p2a: Amoonguss|Spore|p1b: Kingambit\n|-status|p1b: Kingambit|slp|[from] move: Spore\n|-enditem|p1b: Kingambit|Lum Berry|[eat]\n|-curestatus|p1b: Kingambit|slp|[msg]\n|\n|upkeep\n|turn|7\n|c|\u2606Gabriele1617|lol palafin safety\n|c|\u2606Gabriele1617|gg\n|inactive|Oorko has 30 seconds left.\n|inactive|Gabriele1617 has 30 seconds left.\n|\n|t:|1681761620\n|switch|p1a: Amoonguss|Amoonguss, L50, M|64\/100\n|move|p2b: Palafin|Protect|p2b: Palafin\n|-singleturn|p2b: Palafin|Protect\n|move|p1b: Kingambit|Protect|p1b: Kingambit\n|-singleturn|p1b: Kingambit|Protect\n|move|p2a: Amoonguss|Spore|p1b: Kingambit\n|-activate|p1b: Kingambit|move: Protect\n|\n|upkeep\n|turn|8\n|inactive|Gabriele1617 has 30 seconds left.\n|inactive|Gabriele1617 has 20 seconds left.\n|inactive|Gabriele1617 has 15 seconds left.\n|\n|t:|1681761663\n|-terastallize|p2b: Palafin|Water\n|move|p2a: Amoonguss|Rage Powder|p2a: Amoonguss\n|-singleturn|p2a: Amoonguss|move: Rage Powder\n|move|p1a: Amoonguss|Rage Powder|p1a: Amoonguss\n|-singleturn|p1a: Amoonguss|move: Rage Powder\n|move|p2b: Palafin|Wave Crash|p1a: Amoonguss\n|-resisted|p1a: Amoonguss\n|-damage|p1a: Amoonguss|15\/100\n|-damage|p2b: Palafin|83\/100|[from] Recoil\n|move|p1b: Kingambit|Kowtow Cleave|p2a: Amoonguss\n|-damage|p2a: Amoonguss|0 fnt\n|faint|p2a: Amoonguss\n|\n|upkeep\n|\n|t:|1681761673\n|switch|p2a: Flutter Mane|Flutter Mane, L50, shiny|100\/100 slp\n|turn|9\n|inactive|Oorko has 30 seconds left.\n|\n|t:|1681761699\n|move|p1a: Amoonguss|Rage Powder|p1a: Amoonguss\n|-singleturn|p1a: Amoonguss|move: Rage Powder\n|move|p2b: Palafin|Jet Punch|p1a: Amoonguss\n|-resisted|p1a: Amoonguss\n|-damage|p1a: Amoonguss|0 fnt\n|faint|p1a: Amoonguss\n|cant|p2a: Flutter Mane|slp\n|move|p1b: Kingambit|Kowtow Cleave|p2b: Palafin\n|-damage|p2b: Palafin|1\/100\n|\n|upkeep\n|\n|t:|1681761710\n|switch|p1a: Palafin|Palafin-Hero, L50, F|40\/100\n|turn|10\n|\n|t:|1681761733\n|move|p1b: Kingambit|Protect|p1b: Kingambit\n|-singleturn|p1b: Kingambit|Protect\n|move|p1a: Palafin|Jet Punch|p2b: Palafin\n|-resisted|p2b: Palafin\n|-damage|p2b: Palafin|0 fnt\n|faint|p2b: Palafin\n|cant|p2a: Flutter Mane|slp\n|\n|upkeep\n|turn|11\n|c|\u2606Oorko|Ops\n|c|\u2606Oorko|Gsbri\u00e9 parla dopo va\n|inactive|Oorko has 30 seconds left.\n|\n|t:|1681761765\n|move|p1a: Palafin|Jet Punch|p2a: Flutter Mane\n|-damage|p2a: Flutter Mane|40\/100 slp\n|move|p1b: Kingambit|Sucker Punch|p2a: Flutter Mane\n|-damage|p2a: Flutter Mane|0 fnt\n|faint|p2a: Flutter Mane\n|-end|p2a: Flutter Mane|Protosynthesis|[silent]\n|\n|win|Oorko\n|raw|Oorko's rating: 1330 → 1344<\/strong> (+14 for winning)\n|raw|Gabriele1617's rating: 1230 → 1212<\/strong> (-18 for losing)\n|c|\u2606Oorko|Loool\n|c|\u2606Oorko|Figura di merda\n|l|\u2606Gabriele1617\n|c|\u2606Oorko|Da replay sicuro \ud83d\ude05\n","uploadtime":1681761826,"views":10,"p1id":"oorko","p2id":"gabriele1617","formatid":"gen9vgc2023regulationc","rating":1212,"private":0,"password":""}