{"id":"gen9vgc2023regulationc-1856401423","p1":"Gloredex","p2":"UncleKasai","format":"[Gen 9] VGC 2023 Regulation C","log":"|j|\u2606Gloredex\n|j|\u2606UncleKasai\n|t:|1683057909\n|gametype|doubles\n|player|p1|Gloredex|101|1035\n|player|p2|UncleKasai|wallace|1084\n|teamsize|p1|6\n|teamsize|p2|6\n|gen|9\n|tier|[Gen 9] VGC 2023 Regulation C\n|rated|\n|rule|Species Clause: Limit one of each Pok\u00e9mon\n|rule|Item Clause: Limit one of each item\n|clearpoke\n|poke|p1|Amoonguss, L50, M|\n|poke|p1|Spiritomb, L50, F|\n|poke|p1|Wo-Chien, L50|\n|poke|p1|Torkoal, L50, M|\n|poke|p1|Hatterene, L50, F|\n|poke|p1|Gholdengo, L50|\n|poke|p2|Ting-Lu, L50|\n|poke|p2|Flutter Mane, L50|\n|poke|p2|Roaring Moon, L50|\n|poke|p2|Arcanine, L50, M|\n|poke|p2|Amoonguss, L50, M|\n|poke|p2|Chi-Yu, L50|\n|teampreview|4\nGloredex rejected open team sheets.\n|inactive|Battle timer is ON: inactive players will automatically lose when time's up. (requested by UncleKasai)\n|\n|t:|1683057964\n|start\n|switch|p1a: Spiritomb|Spiritomb, L50, F|100\/100\n|switch|p1b: Amoonguss|Amoonguss, L50, M|100\/100\n|switch|p2a: Flutter Mane|Flutter Mane, L50|100\/100\n|switch|p2b: Chi-Yu|Chi-Yu, L50|100\/100\n|-ability|p2b: Chi-Yu|Beads of Ruin\n|turn|1\n|inactive|Gloredex has 30 seconds left.\n|inactive|UncleKasai has 30 seconds left.\n|\n|t:|1683058001\n|move|p1b: Amoonguss|Rage Powder|p1b: Amoonguss\n|-singleturn|p1b: Amoonguss|move: Rage Powder\n|move|p2b: Chi-Yu|Overheat|p1b: Amoonguss\n|-supereffective|p1b: Amoonguss\n|-enditem|p1b: Amoonguss|Focus Sash\n|-damage|p1b: Amoonguss|1\/100\n|-unboost|p2b: Chi-Yu|spa|2\n|move|p2a: Flutter Mane|Dazzling Gleam|p1b: Amoonguss|[spread] p1a,p1b\n|-supereffective|p1a: Spiritomb\n|-resisted|p1b: Amoonguss\n|-damage|p1a: Spiritomb|28\/100\n|-damage|p1b: Amoonguss|0 fnt\n|faint|p1b: Amoonguss\n|move|p1a: Spiritomb|Trick Room|p1a: Spiritomb\n|-fieldstart|move: Trick Room|[of] p1a: Spiritomb\n|\n|-heal|p1a: Spiritomb|34\/100|[from] item: Leftovers\n|upkeep\n|\n|t:|1683058023\n|switch|p1b: Torkoal|Torkoal, L50, M|100\/100\n|-weather|SunnyDay|[from] ability: Drought|[of] p1b: Torkoal\n|-activate|p2a: Flutter Mane|ability: Protosynthesis\n|-start|p2a: Flutter Mane|protosynthesisspe\n|turn|2\n|inactive|Gloredex has 30 seconds left.\n|inactive|Gloredex has 20 seconds left.\n|\n|t:|1683058062\n|switch|p2b: Ting-Lu|Ting-Lu, L50|100\/100\n|-ability|p2b: Ting-Lu|Vessel of Ruin\n|-terastallize|p1b: Torkoal|Fire\n|move|p2a: Flutter Mane|Protect|p2a: Flutter Mane\n|-singleturn|p2a: Flutter Mane|Protect\n|move|p1b: Torkoal|Eruption|p2b: Ting-Lu|[spread] p2b\n|-activate|p2a: Flutter Mane|move: Protect\n|-damage|p2b: Ting-Lu|66\/100\n|move|p1a: Spiritomb|Pain Split|p2b: Ting-Lu\n|-sethp|p2b: Ting-Lu|44\/100|[from] move: Pain Split|[silent]\n|-sethp|p1a: Spiritomb|67\/100|[from] move: Pain Split\n|\n|-weather|SunnyDay|[upkeep]\n|-heal|p1a: Spiritomb|72\/100|[from] item: Leftovers\n|upkeep\n|turn|3\n|inactive|Gloredex has 30 seconds left.\n|inactive|UncleKasai has 30 seconds left.\n|inactive|Gloredex has 20 seconds left.\n|\n|t:|1683058099\n|move|p1b: Torkoal|Eruption|p2a: Flutter Mane|[spread] p2a,p2b\n|-damage|p2a: Flutter Mane|21\/100\n|-damage|p2b: Ting-Lu|8\/100\n|move|p1a: Spiritomb|Will-O-Wisp|p2b: Ting-Lu\n|-status|p2b: Ting-Lu|brn\n|move|p2b: Ting-Lu|Stomping Tantrum|p1b: Torkoal\n|-supereffective|p1b: Torkoal\n|-damage|p1b: Torkoal|73\/100\n|move|p2a: Flutter Mane|Shadow Ball|p1b: Torkoal\n|-damage|p1b: Torkoal|32\/100\n|\n|-weather|SunnyDay|[upkeep]\n|-heal|p1a: Spiritomb|78\/100|[from] item: Leftovers\n|-damage|p2b: Ting-Lu|2\/100 brn|[from] brn\n|upkeep\n|turn|4\n|inactive|Gloredex has 30 seconds left.\n|inactive|UncleKasai has 30 seconds left.\n|\n|t:|1683058128\n|move|p2a: Flutter Mane|Protect|p2a: Flutter Mane\n|-singleturn|p2a: Flutter Mane|Protect\n|move|p1b: Torkoal|Eruption|p2b: Ting-Lu|[spread] p2b\n|-activate|p2a: Flutter Mane|move: Protect\n|-crit|p2b: Ting-Lu\n|-damage|p2b: Ting-Lu|0 fnt\n|faint|p2b: Ting-Lu\n|move|p1a: Spiritomb|Foul Play|p2a: Flutter Mane\n|-activate|p2a: Flutter Mane|move: Protect\n|\n|-weather|SunnyDay|[upkeep]\n|-heal|p1a: Spiritomb|84\/100|[from] item: Leftovers\n|upkeep\n|\n|t:|1683058143\n|switch|p2b: Roaring Moon|Roaring Moon, L50|100\/100\n|-activate|p2b: Roaring Moon|ability: Protosynthesis\n|-start|p2b: Roaring Moon|protosynthesisatk\n|turn|5\n|\n|t:|1683058164\n|move|p2b: Roaring Moon|Protect|p2b: Roaring Moon\n|-singleturn|p2b: Roaring Moon|Protect\n|move|p2a: Flutter Mane|Protect||[still]\n|-fail|p2a: Flutter Mane\n|move|p1b: Torkoal|Eruption|p2a: Flutter Mane|[spread] p2a\n|-activate|p2b: Roaring Moon|move: Protect\n|-damage|p2a: Flutter Mane|0 fnt\n|faint|p2a: Flutter Mane\n|-end|p2a: Flutter Mane|Protosynthesis|[silent]\n|move|p1a: Spiritomb|Will-O-Wisp|p2b: Roaring Moon\n|-activate|p2b: Roaring Moon|move: Protect\n|\n|-weather|SunnyDay|[upkeep]\n|-heal|p1a: Spiritomb|90\/100|[from] item: Leftovers\n|-fieldend|move: Trick Room\n|upkeep\n|\n|t:|1683058177\n|switch|p2a: Chi-Yu|Chi-Yu, L50|100\/100\n|-ability|p2a: Chi-Yu|Beads of Ruin\n|turn|6\n|\n|t:|1683058197\n|-terastallize|p2b: Roaring Moon|Flying\n|move|p1b: Torkoal|Protect|p1b: Torkoal\n|-singleturn|p1b: Torkoal|Protect\n|move|p2a: Chi-Yu|Dark Pulse|p1a: Spiritomb\n|-damage|p1a: Spiritomb|49\/100\n|move|p2b: Roaring Moon|Throat Chop|p1a: Spiritomb\n|-damage|p1a: Spiritomb|0 fnt\n|faint|p1a: Spiritomb\n|\n|-weather|none\n|-end|p2b: Roaring Moon|Protosynthesis\n|upkeep\n|-enditem|p2b: Roaring Moon|Booster Energy\n|-activate|p2b: Roaring Moon|ability: Protosynthesis|[fromitem]\n|-start|p2b: Roaring Moon|protosynthesisatk\n|\n|t:|1683058209\n|switch|p1a: Hatterene|Hatterene, L50, F|100\/100\n|turn|7\n|\n|t:|1683058229\n|move|p2a: Chi-Yu|Dark Pulse|p1b: Torkoal\n|-damage|p1b: Torkoal|0 fnt\n|faint|p1b: Torkoal\n|move|p2b: Roaring Moon|Acrobatics|p1a: Hatterene\n|-damage|p1a: Hatterene|7\/100\n|move|p1a: Hatterene|Dazzling Gleam|p2b: Roaring Moon|[spread] p2a,p2b\n|-damage|p2a: Chi-Yu|43\/100\n|-damage|p2b: Roaring Moon|54\/100\n|-damage|p1a: Hatterene|0 fnt|[from] item: Life Orb\n|faint|p1a: Hatterene\n|\n|win|UncleKasai\n|raw|Gloredex's rating: 1035 → 1022<\/strong> (-13 for losing)\n|raw|UncleKasai's rating: 1084 → 1108<\/strong> (+24 for winning)\n","uploadtime":1683058242,"views":8,"p1id":"gloredex","p2id":"unclekasai","formatid":"gen9vgc2023regulationc","rating":1022,"private":0,"password":""}