{"id":"gen9vgc2023regulationc-1855726041","p1":"chest","p2":"mence x vgc","format":"[Gen 9] VGC 2023 Regulation C","log":"|j|\u2606chest\n|j|\u2606mence x vgc\n|t:|1682977198\n|gametype|doubles\n|player|p1|chest|101|1435\n|player|p2|mence x vgc|janine|1411\n|teamsize|p1|6\n|teamsize|p2|6\n|gen|9\n|tier|[Gen 9] VGC 2023 Regulation C\n|rated|\n|rule|Species Clause: Limit one of each Pok\u00e9mon\n|rule|Item Clause: Limit one of each item\n|clearpoke\n|poke|p1|Gyarados, L50, M|\n|poke|p1|Ceruledge, L50, F|\n|poke|p1|Amoonguss, L50, M|\n|poke|p1|Ting-Lu, L50|\n|poke|p1|Flutter Mane, L50|\n|poke|p1|Iron Hands, L50|\n|poke|p2|Amoonguss, L50, F|\n|poke|p2|Gyarados, L50, F|\n|poke|p2|Iron Hands, L50|\n|poke|p2|Flutter Mane, L50|\n|poke|p2|Chi-Yu, L50|\n|poke|p2|Ting-Lu, L50|\n|teampreview|4\n|inactive|Battle timer is ON: inactive players will automatically lose when time's up. (requested by mence x vgc)\n|inactive|chest also wants the timer to be on.\n|inactive|chest has 60 seconds left.\n|inactive|mence x vgc has 60 seconds left.\n|inactive|mence x vgc has 30 seconds left.\n|inactive|mence x vgc has 20 seconds left.\n|inactive|mence x vgc has 15 seconds left.\n|\n|t:|1682977273\n|start\n|switch|p1a: Rayleigh|Ceruledge, L50, F|100\/100\n|switch|p1b: Bambi|Ting-Lu, L50|100\/100\n|switch|p2a: Amoonguss|Amoonguss, L50, F, shiny|100\/100\n|switch|p2b: Flutter Mane|Flutter Mane, L50, shiny|100\/100\n|-ability|p1b: Bambi|Vessel of Ruin\n|-enditem|p2b: Flutter Mane|Booster Energy\n|-activate|p2b: Flutter Mane|ability: Protosynthesis|[fromitem]\n|-start|p2b: Flutter Mane|protosynthesisspa\n|turn|1\n|inactive|chest has 30 seconds left.\n|inactive|chest has 20 seconds left.\n|\n|t:|1682977308\n|-terastallize|p1a: Rayleigh|Grass\n|-terastallize|p2a: Amoonguss|Water\n|move|p2a: Amoonguss|Rage Powder|p2a: Amoonguss\n|-singleturn|p2a: Amoonguss|move: Rage Powder\n|move|p2b: Flutter Mane|Shadow Ball|p1a: Rayleigh\n|-damage|p1a: Rayleigh|60\/100\n|move|p1a: Rayleigh|Bitter Blade|p2a: Amoonguss\n|-resisted|p2a: Amoonguss\n|-damage|p2a: Amoonguss|84\/100\n|-heal|p1a: Rayleigh|71\/100|[from] drain|[of] p2a: Amoonguss\n|move|p1b: Bambi|Heavy Slam|p2a: Amoonguss\n|-resisted|p2a: Amoonguss\n|-damage|p2a: Amoonguss|68\/100\n|\n|upkeep\n|turn|2\n|inactive|chest has 30 seconds left.\n|inactive|mence x vgc has 30 seconds left.\n|\n|t:|1682977341\n|move|p2b: Flutter Mane|Protect|p2b: Flutter Mane\n|-singleturn|p2b: Flutter Mane|Protect\n|move|p1a: Rayleigh|Bulk Up|p1a: Rayleigh\n|-boost|p1a: Rayleigh|atk|1\n|-boost|p1a: Rayleigh|def|1\n|move|p1b: Bambi|Heavy Slam|p2b: Flutter Mane\n|-activate|p2b: Flutter Mane|move: Protect\n|move|p2a: Amoonguss|Pollen Puff|p1a: Rayleigh\n|-supereffective|p1a: Rayleigh\n|-damage|p1a: Rayleigh|47\/100\n|\n|upkeep\n|turn|3\n|inactive|mence x vgc has 30 seconds left.\n|\n|t:|1682977366\n|move|p1a: Rayleigh|Protect|p1a: Rayleigh\n|-singleturn|p1a: Rayleigh|Protect\n|move|p2a: Amoonguss|Rage Powder|p2a: Amoonguss\n|-singleturn|p2a: Amoonguss|move: Rage Powder\n|move|p2b: Flutter Mane|Shadow Ball|p1a: Rayleigh\n|-activate|p1a: Rayleigh|move: Protect\n|move|p1b: Bambi|Heavy Slam|p2a: Amoonguss\n|-resisted|p2a: Amoonguss\n|-damage|p2a: Amoonguss|52\/100\n|\n|upkeep\n|turn|4\n|\n|t:|1682977391\n|move|p2a: Amoonguss|Rage Powder|p2a: Amoonguss\n|-singleturn|p2a: Amoonguss|move: Rage Powder\n|move|p2b: Flutter Mane|Moonblast|p1a: Rayleigh\n|-damage|p1a: Rayleigh|0 fnt\n|faint|p1a: Rayleigh\n|move|p1b: Bambi|Stomping Tantrum|p2a: Amoonguss\n|-damage|p2a: Amoonguss|20\/100\n|-enditem|p2a: Amoonguss|Sitrus Berry|[eat]\n|-heal|p2a: Amoonguss|45\/100|[from] item: Sitrus Berry\n|\n|upkeep\n|\n|t:|1682977400\n|switch|p1a: La Gamba|Gyarados, L50, M, shiny|100\/100\n|-ability|p1a: La Gamba|Intimidate|boost\n|-unboost|p2a: Amoonguss|atk|1\n|-unboost|p2b: Flutter Mane|atk|1\n|turn|5\n|inactive|chest has 30 seconds left.\n|\n|t:|1682977425\n|-end|p2b: Flutter Mane|Protosynthesis|[silent]\n|switch|p2b: Iron Hands|Iron Hands, L50, shiny|100\/100\n|switch|p2a: Gyarados|Gyarados, L50, F, shiny|100\/100\n|-ability|p2a: Gyarados|Intimidate|boost\n|-unboost|p1a: La Gamba|atk|1\n|-unboost|p1b: Bambi|atk|1\n|move|p1a: La Gamba|Taunt|p2a: Gyarados\n|-start|p2a: Gyarados|move: Taunt\n|move|p1b: Bambi|Stomping Tantrum|p2b: Iron Hands\n|-supereffective|p2b: Iron Hands\n|-damage|p2b: Iron Hands|64\/100\n|\n|upkeep\n|turn|6\n|inactive|chest has 30 seconds left.\n|\n|t:|1682977457\n|switch|p1a: Melameneo|Flutter Mane, L50|100\/100\n|move|p2a: Gyarados|Waterfall|p1b: Bambi\n|-supereffective|p1b: Bambi\n|-damage|p1b: Bambi|58\/100\n|move|p2b: Iron Hands|Drain Punch|p1b: Bambi\n|-supereffective|p1b: Bambi\n|-damage|p1b: Bambi|2\/100\n|-heal|p2b: Iron Hands|93\/100|[from] drain|[of] p1b: Bambi\n|move|p1b: Bambi|Stomping Tantrum|p2b: Iron Hands\n|-supereffective|p2b: Iron Hands\n|-damage|p2b: Iron Hands|58\/100\n|\n|upkeep\n|turn|7\n|inactive|mence x vgc has 30 seconds left.\n|inactive|mence x vgc has 20 seconds left.\n|inactive|mence x vgc has 15 seconds left.\n|inactive|mence x vgc has 10 seconds left.\n|inactive|mence x vgc has 5 seconds left.\n|\n|t:|1682977508\n|switch|p1b: La Gamba|Gyarados, L50, M, shiny|100\/100\n|-ability|p1b: La Gamba|Intimidate|boost\n|-unboost|p2a: Gyarados|atk|1\n|-unboost|p2b: Iron Hands|atk|1\n|move|p1a: Melameneo|Moonblast|p2b: Iron Hands\n|-supereffective|p2b: Iron Hands\n|-damage|p2b: Iron Hands|0 fnt\n|faint|p2b: Iron Hands\n|-end|p2b: Iron Hands|Quark Drive|[silent]\n|move|p2a: Gyarados|Waterfall|p1a: Melameneo\n|-damage|p1a: Melameneo|59\/100\n|\n|-end|p2a: Gyarados|move: Taunt\n|upkeep\n|\n|t:|1682977520\n|switch|p2b: Flutter Mane|Flutter Mane, L50, shiny|100\/100\n|turn|8\n|\n|t:|1682977530\n|-end|p1a: Melameneo|Protosynthesis|[silent]\n|switch|p1a: Bambi|Ting-Lu, L50|2\/100\n|-ability|p1a: Bambi|Vessel of Ruin\n|move|p2b: Flutter Mane|Protect|p2b: Flutter Mane\n|-singleturn|p2b: Flutter Mane|Protect\n|move|p1b: La Gamba|Thunder Wave|p2b: Flutter Mane\n|-activate|p2b: Flutter Mane|move: Protect\n|move|p2a: Gyarados|Thunder Wave|p1a: Bambi\n|-immune|p1a: Bambi\n|\n|upkeep\n|turn|9\n|\n|t:|1682977547\n|-end|p2b: Flutter Mane|Protosynthesis|[silent]\n|switch|p2b: Amoonguss|Amoonguss, L50, F, shiny, tera:Water|78\/100\n|move|p1b: La Gamba|Thunder Wave|p2b: Amoonguss\n|-status|p2b: Amoonguss|par\n|move|p2a: Gyarados|Waterfall|p1a: Bambi\n|-supereffective|p1a: Bambi\n|-damage|p1a: Bambi|0 fnt\n|faint|p1a: Bambi\n|\n|upkeep\n|\n|t:|1682977556\n|switch|p1a: Melameneo|Flutter Mane, L50|59\/100\n|turn|10\n|\n|t:|1682977569\n|move|p1a: Melameneo|Hex|p2b: Amoonguss\n|-damage|p2b: Amoonguss|0 fnt\n|faint|p2b: Amoonguss\n|move|p1b: La Gamba|Thunder Wave|p2a: Gyarados|[miss]\n|-miss|p1b: La Gamba|p2a: Gyarados\n|move|p2a: Gyarados|Thunder Wave|p1a: Melameneo|[miss]\n|-miss|p2a: Gyarados|p1a: Melameneo\n|\n|upkeep\n|\n|t:|1682977577\n|switch|p2b: Flutter Mane|Flutter Mane, L50, shiny|100\/100\n|turn|11\n|inactive|mence x vgc has 30 seconds left.\n|inactive|mence x vgc has 20 seconds left.\n|inactive|mence x vgc has 15 seconds left.\n|inactive|mence x vgc has 10 seconds left.\n|\n|t:|1682977625\n|move|p2b: Flutter Mane|Protect|p2b: Flutter Mane\n|-singleturn|p2b: Flutter Mane|Protect\n|move|p1a: Melameneo|Hex|p2b: Flutter Mane\n|-activate|p2b: Flutter Mane|move: Protect\n|move|p1b: La Gamba|Thunder Wave|p2a: Gyarados\n|-status|p2a: Gyarados|par\n|move|p2a: Gyarados|Thunder Wave|p1b: La Gamba|[miss]\n|-miss|p2a: Gyarados|p1b: La Gamba\n|\n|upkeep\n|turn|12\n|inactive|mence x vgc has 30 seconds left.\n|inactive|chest has 30 seconds left.\n|inactive|mence x vgc has 20 seconds left.\n|inactive|mence x vgc has 15 seconds left.\n|inactive|chest has 20 seconds left.\n|\n|t:|1682977671\n|move|p1a: Melameneo|Hex|p2b: Flutter Mane\n|-supereffective|p2b: Flutter Mane\n|-damage|p2b: Flutter Mane|0 fnt\n|faint|p2b: Flutter Mane\n|-end|p2b: Flutter Mane|Protosynthesis|[silent]\n|move|p1b: La Gamba|Taunt|p2a: Gyarados\n|-start|p2a: Gyarados|move: Taunt\n|cant|p2a: Gyarados|move: Taunt|Thunder Wave\n|\n|upkeep\n|turn|13\n|-message|mence x vgc forfeited.\n|\n|win|chest\n|raw|chest's rating: 1435 → 1454<\/strong> (+19 for winning)\n|raw|mence x vgc's rating: 1411 → 1392<\/strong> (-19 for losing)\n","uploadtime":1682977681,"views":12,"p1id":"chest","p2id":"mencexvgc","formatid":"gen9vgc2023regulationc","rating":1392,"private":0,"password":""}