{"id":"gen9vgc2023regulationc-1862991306","p1":"HallucinogenicBulb","p2":"Toedscool4school","format":"[Gen 9] VGC 2023 Regulation C","log":"|j|\u2606HallucinogenicBulb\n|j|\u2606Toedscool4school\n|t:|1683948750\n|gametype|doubles\n|player|p1|HallucinogenicBulb|hiker-gen4|1189\n|player|p2|Toedscool4school|adaman|1276\n|teamsize|p1|6\n|teamsize|p2|6\n|gen|9\n|tier|[Gen 9] VGC 2023 Regulation C\n|rated|\n|rule|Species Clause: Limit one of each Pok\u00e9mon\n|rule|Item Clause: Limit one of each item\n|clearpoke\n|poke|p1|Garchomp, L50, M|\n|poke|p1|Rotom-Wash, L50|\n|poke|p1|Talonflame, L50, F|\n|poke|p1|Orthworm, L50, M|\n|poke|p1|Iron Jugulis, L50|\n|poke|p1|Flutter Mane, L50|\n|poke|p2|Dondozo, L50, F|\n|poke|p2|Tatsugiri, L50, M|\n|poke|p2|Glimmora, L50, F|\n|poke|p2|Flutter Mane, L50|\n|poke|p2|Chi-Yu, L50|\n|poke|p2|Dragonite, L50, F|\n|teampreview|4\n|inactive|Battle timer is ON: inactive players will automatically lose when time's up. (requested by Toedscool4school)\nToedscool4school has agreed to open team sheets.\n|inactive|HallucinogenicBulb has 60 seconds left.\n|inactive|Toedscool4school has 60 seconds left.\n|\n|t:|1683948811\n|start\n|switch|p1a: Valkyrie|Talonflame, L50, F|100\/100\n|switch|p1b: Mr. Clean|Rotom-Wash, L50, shiny|100\/100\n|switch|p2a: Glimmora|Glimmora, L50, F|100\/100\n|switch|p2b: Chi-Yu|Chi-Yu, L50|100\/100\n|-ability|p2b: Chi-Yu|Beads of Ruin\n|turn|1\n|\n|t:|1683948831\n|move|p1a: Valkyrie|Tailwind|p1a: Valkyrie\n|-sidestart|p1: HallucinogenicBulb|move: Tailwind\n|move|p1b: Mr. Clean|Hydro Pump|p2b: Chi-Yu\n|-supereffective|p2b: Chi-Yu\n|-damage|p2b: Chi-Yu|0 fnt\n|faint|p2b: Chi-Yu\n|move|p2a: Glimmora|Power Gem|p1b: Mr. Clean\n|-damage|p1b: Mr. Clean|50\/100\n|\n|upkeep\n|\n|t:|1683948841\n|switch|p2b: Dondozo|Dondozo, L50, F|100\/100\n|turn|2\n|\n|t:|1683948859\n|move|p1b: Mr. Clean|Protect|p1b: Mr. Clean\n|-singleturn|p1b: Mr. Clean|Protect\n|move|p2b: Dondozo|Protect|p2b: Dondozo\n|-singleturn|p2b: Dondozo|Protect\n|move|p1a: Valkyrie|Will-O-Wisp|p2b: Dondozo\n|-activate|p2b: Dondozo|move: Protect\n|move|p2a: Glimmora|Power Gem|p1b: Mr. Clean\n|-activate|p1b: Mr. Clean|move: Protect\n|\n|upkeep\n|turn|3\n|\n|t:|1683948874\n|switch|p2b: Tatsugiri|Tatsugiri, L50, M|100\/100\n|move|p1a: Valkyrie|Will-O-Wisp|p2b: Tatsugiri\n|-status|p2b: Tatsugiri|brn\n|move|p1b: Mr. Clean|Volt Switch|p2b: Tatsugiri\n|-damage|p2b: Tatsugiri|60\/100 brn\n|\n|t:|1683948883\n|switch|p1b: Sauce God|Garchomp, L50, M|100\/100|[from] Volt Switch\n|move|p2a: Glimmora|Power Gem|p1a: Valkyrie\n|-supereffective|p1a: Valkyrie\n|-damage|p1a: Valkyrie|0 fnt\n|faint|p1a: Valkyrie\n|\n|-damage|p2b: Tatsugiri|54\/100 brn|[from] brn\n|upkeep\n|\n|t:|1683948896\n|switch|p1a: Mr. Clean|Rotom-Wash, L50, shiny|50\/100\n|turn|4\n|\n|t:|1683948908\n|switch|p2a: Dondozo|Dondozo, L50, F|100\/100\n|-activate|p2b: Tatsugiri|ability: Commander|[of] p2a: Dondozo\n|-boost|p2a: Dondozo|atk|2\n|-boost|p2a: Dondozo|spa|2\n|-boost|p2a: Dondozo|spe|2\n|-boost|p2a: Dondozo|def|2\n|-boost|p2a: Dondozo|spd|2\n|move|p1b: Sauce God|Earthquake|p2a: Dondozo|[spread] p2a\n|-miss|p1b: Sauce God|p2b: Tatsugiri\n|-immune|p1a: Mr. Clean|[from] ability: Levitate\n|-damage|p2a: Dondozo|87\/100\n|move|p1a: Mr. Clean|Thunderbolt|p2b: Tatsugiri|[miss]\n|-miss|p1a: Mr. Clean|p2b: Tatsugiri\n|\n|-heal|p2a: Dondozo|93\/100|[from] item: Leftovers\n|-damage|p2b: Tatsugiri|49\/100 brn|[from] brn\n|-sideend|p1: HallucinogenicBulb|move: Tailwind\n|upkeep\n|turn|5\n|\n|t:|1683948931\n|-terastallize|p2a: Dondozo|Grass\n|move|p1b: Sauce God|Swords Dance|p1b: Sauce God\n|-boost|p1b: Sauce God|atk|2\n|move|p2a: Dondozo|Wave Crash|p1b: Sauce God\n|-damage|p1b: Sauce God|13\/100\n|-damage|p2a: Dondozo|81\/100|[from] ability: Rough Skin|[of] p1b: Sauce God\n|-damage|p2a: Dondozo|60\/100|[from] Recoil\n|move|p1a: Mr. Clean|Thunderbolt|p2a: Dondozo\n|-resisted|p2a: Dondozo\n|-damage|p2a: Dondozo|52\/100\n|\n|-heal|p2a: Dondozo|58\/100|[from] item: Leftovers\n|-damage|p2b: Tatsugiri|43\/100 brn|[from] brn\n|upkeep\n|turn|6\n|\n|t:|1683948955\n|move|p1b: Sauce God|Protect|p1b: Sauce God\n|-singleturn|p1b: Sauce God|Protect\n|move|p2a: Dondozo|Rest|p2a: Dondozo\n|-status|p2a: Dondozo|slp|[from] move: Rest\n|-heal|p2a: Dondozo|100\/100 slp|[silent]\n|move|p1a: Mr. Clean|Volt Switch|p2a: Dondozo\n|-resisted|p2a: Dondozo\n|-damage|p2a: Dondozo|95\/100 slp\n|\n|t:|1683948964\n|switch|p1a: Aether|Flutter Mane, L50|100\/100|[from] Volt Switch\n|\n|-heal|p2a: Dondozo|100\/100 slp|[from] item: Leftovers\n|-damage|p2b: Tatsugiri|38\/100 brn|[from] brn\n|upkeep\n|turn|7\n|\n|t:|1683948982\n|-terastallize|p1a: Aether|Fire\n|move|p1a: Aether|Mystical Fire|p2a: Dondozo\n|-supereffective|p2a: Dondozo\n|-damage|p2a: Dondozo|69\/100 slp\n|-unboost|p2a: Dondozo|spa|1\n|move|p1b: Sauce God|Dragon Claw|p2a: Dondozo\n|-crit|p2a: Dondozo\n|-damage|p2a: Dondozo|29\/100 slp\n|cant|p2a: Dondozo|slp\n|\n|-heal|p2a: Dondozo|36\/100 slp|[from] item: Leftovers\n|-damage|p2b: Tatsugiri|32\/100 brn|[from] brn\n|upkeep\n|turn|8\n|\n|t:|1683949000\n|move|p1a: Aether|Mystical Fire|p2a: Dondozo\n|-supereffective|p2a: Dondozo\n|-damage|p2a: Dondozo|0 fnt\n|faint|p2a: Dondozo\n|move|p1b: Sauce God|Swords Dance|p1b: Sauce God\n|-boost|p1b: Sauce God|atk|2\n|\n|-damage|p2b: Tatsugiri|26\/100 brn|[from] brn\n|upkeep\n|\n|t:|1683949004\n|switch|p2a: Glimmora|Glimmora, L50, F|100\/100\n|turn|9\n|\n|t:|1683949011\n|-end|p1a: Aether|Protosynthesis|[silent]\n|switch|p1a: Mr. Clean|Rotom-Wash, L50, shiny|50\/100\n|move|p2b: Tatsugiri|Icy Wind|p1a: Mr. Clean|[spread] p1a,p1b\n|-resisted|p1a: Mr. Clean\n|-supereffective|p1b: Sauce God\n|-damage|p1a: Mr. Clean|43\/100\n|-damage|p1b: Sauce God|0 fnt\n|-unboost|p1a: Mr. Clean|spe|1\n|faint|p1b: Sauce God\n|move|p2a: Glimmora|Power Gem|p1a: Mr. Clean\n|-damage|p1a: Mr. Clean|0 fnt\n|faint|p1a: Mr. Clean\n|\n|-damage|p2b: Tatsugiri|21\/100 brn|[from] brn\n|upkeep\n|\n|t:|1683949026\n|switch|p1a: Aether|Flutter Mane, L50, tera:Fire|100\/100\n|turn|10\n|\n|t:|1683949040\n|move|p2b: Tatsugiri|Icy Wind|p1a: Aether\n|-resisted|p1a: Aether\n|-crit|p1a: Aether\n|-damage|p1a: Aether|87\/100\n|-unboost|p1a: Aether|spe|1\n|move|p2a: Glimmora|Power Gem|p1a: Aether\n|-supereffective|p1a: Aether\n|-damage|p1a: Aether|10\/100\n|move|p1a: Aether|Shadow Ball|p2a: Glimmora\n|-damage|p2a: Glimmora|21\/100\n|\n|-damage|p2b: Tatsugiri|15\/100 brn|[from] brn\n|upkeep\n|turn|11\n|\n|t:|1683949053\n|move|p2b: Tatsugiri|Icy Wind|p1a: Aether\n|-resisted|p1a: Aether\n|-damage|p1a: Aether|1\/100\n|-unboost|p1a: Aether|spe|1\n|move|p2a: Glimmora|Power Gem|p1a: Aether\n|-supereffective|p1a: Aether\n|-damage|p1a: Aether|0 fnt\n|faint|p1a: Aether\n|-end|p1a: Aether|Protosynthesis|[silent]\n|\n|win|Toedscool4school\n|raw|HallucinogenicBulb's rating: 1189 → 1170<\/strong> (-19 for losing)\n|raw|Toedscool4school's rating: 1276 → 1295<\/strong> (+19 for winning)\n","uploadtime":1683949059,"views":12,"p1id":"hallucinogenicbulb","p2id":"toedscool4school","formatid":"gen9vgc2023regulationc","rating":1170,"private":0,"password":""}