{"id":"gen9vgc2023regulationc-1858249886","p1":"Wertystar","p2":"nhubhuk","format":"[Gen 9] VGC 2023 Regulation C","log":"|j|\u2606Wertystar\n|j|\u2606nhubhuk\n|t:|1683295272\n|gametype|doubles\n|player|p1|Wertystar|supernerd|1336\n|player|p2|nhubhuk|lucas|1275\n|teamsize|p1|6\n|teamsize|p2|6\n|gen|9\n|tier|[Gen 9] VGC 2023 Regulation C\n|rated|\n|rule|Species Clause: Limit one of each Pok\u00e9mon\n|rule|Item Clause: Limit one of each item\n|clearpoke\n|poke|p1|Rabsca, L50, M|\n|poke|p1|Annihilape, L50, M|\n|poke|p1|Chien-Pao, L50|\n|poke|p1|Great Tusk, L50|\n|poke|p1|Murkrow, L50, F|\n|poke|p1|Flutter Mane, L50|\n|poke|p2|Coalossal, L50, M|\n|poke|p2|Dragapult, L50, M|\n|poke|p2|Chien-Pao, L50|\n|poke|p2|Marill, L50, M|\n|poke|p2|Palafin, L50, M|\n|poke|p2|Orthworm, L50, M|\n|teampreview|4\n|c|\u2606Wertystar|marill?\n|inactive|Battle timer is ON: inactive players will automatically lose when time's up. (requested by nhubhuk)\n|c|\u2606Wertystar|can you explane me that one lmao\n|\n|t:|1683295321\n|start\n|switch|p1a: Great Tusk|Great Tusk, L50, shiny|100\/100\n|switch|p1b: Murkrow|Murkrow, L50, F, shiny|100\/100\n|switch|p2a: Coalossal|Coalossal, L50, M|100\/100\n|switch|p2b: Marill|Marill, L50, M, shiny|100\/100\n|turn|1\n|c|\u2606Wertystar|aqua jet?\n|c|\u2606Wertystar|for collos\n|inactive|Wertystar has 30 seconds left.\n|\n|t:|1683295351\n|move|p1a: Great Tusk|Protect|p1a: Great Tusk\n|-singleturn|p1a: Great Tusk|Protect\n|move|p2a: Coalossal|Protect|p2a: Coalossal\n|-singleturn|p2a: Coalossal|Protect\n|move|p1b: Murkrow|Tailwind|p1b: Murkrow\n|-sidestart|p1: Wertystar|move: Tailwind\n|move|p2b: Marill|Sing|p1a: Great Tusk\n|-activate|p1a: Great Tusk|move: Protect\n|\n|upkeep\n|turn|2\n|\n|t:|1683295366\n|switch|p2a: Orthworm|Orthworm, L50, M|100\/100\n|-terastallize|p1a: Great Tusk|Ground\n|move|p1b: Murkrow|Sunny Day|p1b: Murkrow\n|-weather|SunnyDay\n|-activate|p1a: Great Tusk|ability: Protosynthesis\n|-start|p1a: Great Tusk|protosynthesisatk\n|move|p1a: Great Tusk|Earthquake|p2b: Marill|[spread] p2b\n|-immune|p2a: Orthworm|[from] ability: Earth Eater\n|-immune|p1b: Murkrow\n|-damage|p2b: Marill|25\/100\n|-damage|p1a: Great Tusk|91\/100|[from] item: Life Orb\n|move|p2b: Marill|Perish Song|p2b: Marill\n|-start|p1a: Great Tusk|perish3|[silent]\n|-start|p1b: Murkrow|perish3|[silent]\n|-start|p2a: Orthworm|perish3|[silent]\n|-start|p2b: Marill|perish3|[silent]\n|-fieldactivate|move: Perish Song\n|\n|-weather|SunnyDay|[upkeep]\n|-start|p1a: Great Tusk|perish3\n|-start|p1b: Murkrow|perish3\n|-start|p2a: Orthworm|perish3\n|-start|p2b: Marill|perish3\n|upkeep\n|turn|3\n|inactive|Wertystar has 30 seconds left.\n|inactive|nhubhuk has 30 seconds left.\n|\n|t:|1683295393\n|move|p2b: Marill|Protect|p2b: Marill\n|-singleturn|p2b: Marill|Protect\n|move|p1a: Great Tusk|Rock Slide|p2b: Marill|[spread] \n|-activate|p2b: Marill|move: Protect\n|-miss|p1a: Great Tusk|p2a: Orthworm\n|move|p1b: Murkrow|Foul Play|p2a: Orthworm\n|-damage|p2a: Orthworm|78\/100\n|move|p2a: Orthworm|Shed Tail|p2a: Orthworm\n|-start|p2a: Orthworm|Substitute|[from] move: Shed Tail\n|-damage|p2a: Orthworm|28\/100\n|-enditem|p2a: Orthworm|Sitrus Berry|[eat]\n|-heal|p2a: Orthworm|53\/100|[from] item: Sitrus Berry\n|\n|t:|1683295410\n|switch|p2a: Dragapult|Dragapult, L50, M, shiny|100\/100|[from] Shed Tail\n|\n|-weather|SunnyDay|[upkeep]\n|-start|p1a: Great Tusk|perish2\n|-start|p1b: Murkrow|perish2\n|-start|p2b: Marill|perish2\n|upkeep\n|turn|4\n|\n|t:|1683295426\n|-end|p1a: Great Tusk|Protosynthesis|[silent]\n|switch|p1a: Rabsca|Rabsca, L50, M, shiny|100\/100\n|switch|p2b: Orthworm|Orthworm, L50, M|53\/100\n|move|p1b: Murkrow|Foul Play|p2a: Dragapult\n|-supereffective|p2a: Dragapult\n|-end|p2a: Dragapult|Substitute\n|move|p2a: Dragapult|Dragon Darts|p1b: Murkrow\n|-crit|p1b: Murkrow\n|-damage|p1b: Murkrow|47\/100\n|-anim|p2a: Dragapult|Dragon Darts|p1a: Rabsca\n|-damage|p1a: Rabsca|69\/100\n|\n|-weather|SunnyDay|[upkeep]\n|-start|p1b: Murkrow|perish1\n|-sideend|p1: Wertystar|move: Tailwind\n|upkeep\n|turn|5\n|inactive|nhubhuk has 30 seconds left.\n|inactive|nhubhuk has 20 seconds left.\n|inactive|nhubhuk has 15 seconds left.\n|\n|t:|1683295467\n|move|p1a: Rabsca|Protect|p1a: Rabsca\n|-singleturn|p1a: Rabsca|Protect\n|move|p1b: Murkrow|Tailwind|p1b: Murkrow\n|-sidestart|p1: Wertystar|move: Tailwind\n|move|p2a: Dragapult|Dragon Darts|p1b: Murkrow\n|-damage|p1b: Murkrow|9\/100\n|-anim|p2a: Dragapult|Dragon Darts|p1b: Murkrow\n|-damage|p1b: Murkrow|0 fnt\n|faint|p1b: Murkrow\n|move|p2b: Orthworm|Iron Defense|p2b: Orthworm\n|-boost|p2b: Orthworm|def|2\n|\n|-weather|SunnyDay|[upkeep]\n|upkeep\n|\n|t:|1683295481\n|switch|p1b: Chien-Pao|Chien-Pao, L50|100\/100\n|-ability|p1b: Chien-Pao|Sword of Ruin\n|turn|6\n|\n|t:|1683295497\n|switch|p2a: Marill|Marill, L50, M, shiny|25\/100\n|move|p1b: Chien-Pao|Ice Spinner|p2a: Marill\n|-resisted|p2a: Marill\n|-damage|p2a: Marill|3\/100\n|move|p1a: Rabsca|Revival Blessing|p1a: Rabsca\n|-enditem|p1a: Rabsca|Leppa Berry|[eat]\n|-activate|p1a: Rabsca|item: Leppa Berry|Revival Blessing|[consumed]\n|\n|t:|1683295503\n|-heal|p1: Murkrow|50\/100|[from] move: Revival Blessing\n|move|p2b: Orthworm|Body Press|p1b: Chien-Pao\n|-supereffective|p1b: Chien-Pao\n|-enditem|p1b: Chien-Pao|Focus Sash\n|-damage|p1b: Chien-Pao|1\/100\n|\n|-weather|none\n|upkeep\n|turn|7\n|\n|t:|1683295523\n|move|p2a: Marill|Aqua Jet|p1b: Chien-Pao\n|-damage|p1b: Chien-Pao|0 fnt\n|faint|p1b: Chien-Pao\n|move|p1a: Rabsca|Revival Blessing|p1a: Rabsca\n|\n|t:|1683295529\n|-heal|p1: Chien-Pao|50\/100|[from] move: Revival Blessing\n|switch|p1b: Chien-Pao|Chien-Pao, L50|50\/100\n|-ability|p1b: Chien-Pao|Sword of Ruin\n|move|p2b: Orthworm|Iron Defense|p2b: Orthworm\n|-boost|p2b: Orthworm|def|2\n|\n|upkeep\n|turn|8\n|\n|t:|1683295543\n|move|p2a: Marill|Protect|p2a: Marill\n|-singleturn|p2a: Marill|Protect\n|move|p1b: Chien-Pao|Sacred Sword|p2b: Orthworm\n|-supereffective|p2b: Orthworm\n|-damage|p2b: Orthworm|0 fnt\n|faint|p2b: Orthworm\n|move|p1a: Rabsca|Bug Buzz|p2a: Marill\n|-activate|p2a: Marill|move: Protect\n|\n|-sideend|p1: Wertystar|move: Tailwind\n|upkeep\n|\n|t:|1683295553\n|switch|p2b: Coalossal|Coalossal, L50, M|100\/100\n|turn|9\n|\n|t:|1683295577\n|move|p2a: Marill|Aqua Jet|p2b: Coalossal\n|-supereffective|p2b: Coalossal\n|-damage|p2b: Coalossal|75\/100\n|-ability|p2b: Coalossal|Steam Engine|boost\n|-boost|p2b: Coalossal|spe|6\n|-enditem|p2b: Coalossal|Weakness Policy\n|-boost|p2b: Coalossal|atk|2|[from] item: Weakness Policy\n|-boost|p2b: Coalossal|spa|2|[from] item: Weakness Policy\n|move|p2b: Coalossal|Rock Slide|p1a: Rabsca|[spread] p1a,p1b\n|-supereffective|p1a: Rabsca\n|-supereffective|p1b: Chien-Pao\n|-damage|p1a: Rabsca|0 fnt\n|-damage|p1b: Chien-Pao|0 fnt\n|faint|p1a: Rabsca\n|faint|p1b: Chien-Pao\n|\n|upkeep\n|\n|t:|1683295586\n|switch|p1b: Great Tusk|Great Tusk, L50, shiny, tera:Ground|91\/100\n|switch|p1a: Murkrow|Murkrow, L50, F, shiny|50\/100\n|turn|10\n|\n|t:|1683295604\n|move|p2b: Coalossal|Protect|p2b: Coalossal\n|-singleturn|p2b: Coalossal|Protect\n|move|p1a: Murkrow|Tailwind|p1a: Murkrow\n|-sidestart|p1: Wertystar|move: Tailwind\n|move|p1b: Great Tusk|Earthquake|p2b: Coalossal|[spread] p2a\n|-activate|p2b: Coalossal|move: Protect\n|-immune|p1a: Murkrow\n|-damage|p2a: Marill|0 fnt\n|faint|p2a: Marill\n|-damage|p1b: Great Tusk|81\/100|[from] item: Life Orb\n|\n|upkeep\n|\n|t:|1683295616\n|switch|p2a: Dragapult|Dragapult, L50, M, shiny|100\/100\n|turn|11\n|\n|t:|1683295630\n|-terastallize|p2b: Coalossal|Ground\n|move|p1a: Murkrow|Sunny Day|p1a: Murkrow\n|-weather|SunnyDay\n|-activate|p1b: Great Tusk|ability: Protosynthesis\n|-start|p1b: Great Tusk|protosynthesisatk\n|move|p2b: Coalossal|Flare Blitz|p1b: Great Tusk\n|-damage|p1b: Great Tusk|0 fnt\n|faint|p1b: Great Tusk\n|-end|p1b: Great Tusk|Protosynthesis|[silent]\n|-damage|p2b: Coalossal|48\/100|[from] Recoil\n|move|p2a: Dragapult|Dragon Darts|p1a: Murkrow\n|-damage|p1a: Murkrow|14\/100\n|-anim|p2a: Dragapult|Dragon Darts|p1a: Murkrow\n|-damage|p1a: Murkrow|0 fnt\n|faint|p1a: Murkrow\n|\n|win|nhubhuk\n|raw|Wertystar's rating: 1336 → 1313<\/strong> (-23 for losing)\n|raw|nhubhuk's rating: 1275 → 1304<\/strong> (+29 for winning)\n|c|\u2606Wertystar|gg\n|c|\u2606Wertystar|intresting team\n","uploadtime":1683295661,"views":11,"p1id":"wertystar","p2id":"nhubhuk","formatid":"gen9vgc2023regulationc","rating":1304,"private":0,"password":""}