{"id":"gen9vgc2023regulationc-1846990691","p1":"jinier157","p2":"Matutinha","format":"[Gen 9] VGC 2023 Regulation C","log":"|j|\u2606jinier157\n|j|\u2606Matutinha\n|t:|1681909559\n|gametype|doubles\n|player|p1|jinier157|170|1678\n|player|p2|Matutinha|266|1707\n|teamsize|p1|6\n|teamsize|p2|6\n|gen|9\n|tier|[Gen 9] VGC 2023 Regulation C\n|rated|\n|rule|Species Clause: Limit one of each Pok\u00e9mon\n|rule|Item Clause: Limit one of each item\n|clearpoke\n|poke|p1|Talonflame, L50, F|\n|poke|p1|Garchomp, L50, F|\n|poke|p1|Chi-Yu, L50|\n|poke|p1|Iron Bundle, L50|\n|poke|p1|Flutter Mane, L50|\n|poke|p1|Indeedee-F, L50, F|\n|poke|p2|Flutter Mane, L50|\n|poke|p2|Iron Bundle, L50|\n|poke|p2|Abomasnow, L50, M|\n|poke|p2|Ting-Lu, L50|\n|poke|p2|Dragonite, L50, M|\n|poke|p2|Chien-Pao, L50|\n|teampreview|4\n|inactive|Battle timer is ON: inactive players will automatically lose when time's up. (requested by Matutinha)\n|\n|t:|1681909604\n|start\n|switch|p1a: Talonflame|Talonflame, L50, F|100\/100\n|switch|p1b: Flutter Mane|Flutter Mane, L50|100\/100\n|switch|p2a: Ting-Lu|Ting-Lu, L50|100\/100\n|switch|p2b: Dragonite|Dragonite, L50, M|100\/100\n|-ability|p2a: Ting-Lu|Vessel of Ruin\n|turn|1\n|j| psyquiv\n|\n|t:|1681909623\n|-terastallize|p2a: Ting-Lu|Fire\n|move|p2b: Dragonite|Extreme Speed|p1a: Talonflame\n|-damage|p1a: Talonflame|61\/100\n|move|p1a: Talonflame|Tailwind|p1a: Talonflame\n|-sidestart|p1: jinier157|move: Tailwind\n|move|p1b: Flutter Mane|Dazzling Gleam|p2b: Dragonite|[spread] p2a,p2b\n|-resisted|p2a: Ting-Lu\n|-supereffective|p2b: Dragonite\n|-damage|p2a: Ting-Lu|85\/100\n|-damage|p2b: Dragonite|70\/100\n|move|p2a: Ting-Lu|Heavy Slam|p1b: Flutter Mane\n|-supereffective|p1b: Flutter Mane\n|-damage|p1b: Flutter Mane|0 fnt\n|faint|p1b: Flutter Mane\n|-end|p1b: Flutter Mane|Protosynthesis|[silent]\n|\n|upkeep\n|\n|t:|1681909628\n|switch|p1b: Garchomp|Garchomp, L50, F|100\/100\n|turn|2\n|j| sadgirl23\n|\n|t:|1681909650\n|move|p2b: Dragonite|Extreme Speed|p1a: Talonflame\n|-crit|p1a: Talonflame\n|-damage|p1a: Talonflame|7\/100\n|move|p1a: Talonflame|Brave Bird|p2b: Dragonite\n|-damage|p2b: Dragonite|38\/100\n|-damage|p1a: Talonflame|0 fnt|[from] Recoil\n|faint|p1a: Talonflame\n|move|p1b: Garchomp|Rock Slide|p2a: Ting-Lu|[spread] p2a\n|-miss|p1b: Garchomp|p2b: Dragonite\n|-supereffective|p2a: Ting-Lu\n|-damage|p2a: Ting-Lu|57\/100\n|-damage|p1b: Garchomp|91\/100|[from] item: Life Orb\n|cant|p2a: Ting-Lu|flinch\n|\n|upkeep\n|\n|t:|1681909656\n|switch|p1a: Chi-Yu|Chi-Yu, L50|100\/100\n|-ability|p1a: Chi-Yu|Beads of Ruin\n|turn|3\n|\n|t:|1681909680\n|move|p1a: Chi-Yu|Protect|p1a: Chi-Yu\n|-singleturn|p1a: Chi-Yu|Protect\n|move|p2b: Dragonite|Extreme Speed|p1a: Chi-Yu\n|-activate|p1a: Chi-Yu|move: Protect\n|move|p1b: Garchomp|Rock Slide|p2b: Dragonite|[spread] p2a,p2b\n|-supereffective|p2a: Ting-Lu\n|-supereffective|p2b: Dragonite\n|-damage|p2a: Ting-Lu|27\/100\n|-damage|p2b: Dragonite|0 fnt\n|faint|p2b: Dragonite\n|-damage|p1b: Garchomp|81\/100|[from] item: Life Orb\n|move|p2a: Ting-Lu|Bulldoze|p1b: Garchomp|[spread] p1b\n|-activate|p1a: Chi-Yu|move: Protect\n|-damage|p1b: Garchomp|60\/100\n|-unboost|p1b: Garchomp|spe|1\n|\n|upkeep\n|\n|t:|1681909697\n|switch|p2b: Iron Bundle|Iron Bundle, L50|100\/100\n|-enditem|p2b: Iron Bundle|Booster Energy\n|-activate|p2b: Iron Bundle|ability: Quark Drive|[fromitem]\n|-start|p2b: Iron Bundle|quarkdrivespe\n|turn|4\n|\n|t:|1681909711\n|-terastallize|p1b: Garchomp|Fire\n|move|p2b: Iron Bundle|Protect|p2b: Iron Bundle\n|-singleturn|p2b: Iron Bundle|Protect\n|move|p1a: Chi-Yu|Snarl|p2a: Ting-Lu|[spread] p2a\n|-activate|p2b: Iron Bundle|move: Protect\n|-damage|p2a: Ting-Lu|10\/100\n|move|p1b: Garchomp|Rock Slide|p2b: Iron Bundle|[spread] p2a\n|-activate|p2b: Iron Bundle|move: Protect\n|-supereffective|p2a: Ting-Lu\n|-damage|p2a: Ting-Lu|0 fnt\n|faint|p2a: Ting-Lu\n|-damage|p1b: Garchomp|50\/100|[from] item: Life Orb\n|\n|-sideend|p1: jinier157|move: Tailwind\n|upkeep\n|\n|t:|1681909724\n|switch|p2a: Abomasnow|Abomasnow, L50, M|100\/100\n|-weather|Snow|[from] ability: Snow Warning|[of] p2a: Abomasnow\n|turn|5\n|\n|t:|1681909743\n|move|p2a: Abomasnow|Ice Shard|p1a: Chi-Yu\n|-resisted|p1a: Chi-Yu\n|-damage|p1a: Chi-Yu|88\/100\n|-damage|p2a: Abomasnow|91\/100|[from] item: Life Orb\n|move|p2b: Iron Bundle|Hydro Pump|p1b: Garchomp\n|-supereffective|p1b: Garchomp\n|-damage|p1b: Garchomp|0 fnt\n|faint|p1b: Garchomp\n|move|p1a: Chi-Yu|Heat Wave|p2b: Iron Bundle|[spread] p2a\n|-miss|p1a: Chi-Yu|p2b: Iron Bundle\n|-supereffective|p2a: Abomasnow\n|-damage|p2a: Abomasnow|0 fnt\n|faint|p2a: Abomasnow\n|\n|-weather|Snow|[upkeep]\n|upkeep\n|turn|6\n|\n|t:|1681909757\n|move|p2b: Iron Bundle|Hydro Pump|p1a: Chi-Yu\n|-supereffective|p1a: Chi-Yu\n|-damage|p1a: Chi-Yu|0 fnt\n|faint|p1a: Chi-Yu\n|\n|win|Matutinha\n|raw|jinier157's rating: 1678 → 1660<\/strong> (-18 for losing)\n|raw|Matutinha's rating: 1707 → 1725<\/strong> (+18 for winning)\n|l|\u2606jinier157\n|l| sadgirl23\n|l|\u2606Matutinha\n","uploadtime":1681909765,"views":6,"p1id":"jinier157","p2id":"matutinha","formatid":"gen9vgc2023regulationc","rating":1660,"private":0,"password":""}