{"id":"gen9vgc2023regulationc-1853181915","p1":"XtheGAMEmaster","p2":"OS29090","format":"[Gen 9] VGC 2023 Regulation C","log":"|j|\u2606XtheGAMEmaster\n|j|\u2606OS29090\n|t:|1682645297\n|gametype|doubles\n|player|p1|XtheGAMEmaster|palmer|1045\n|player|p2|OS29090|1|1052\n|teamsize|p1|6\n|teamsize|p2|6\n|gen|9\n|tier|[Gen 9] VGC 2023 Regulation C\n|rated|\n|rule|Species Clause: Limit one of each Pok\u00e9mon\n|rule|Item Clause: Limit one of each item\n|clearpoke\n|poke|p1|Jigglypuff, L50, M|\n|poke|p1|Chien-Pao, L50|\n|poke|p1|Dragonite, L50, M|\n|poke|p1|Palafin, L50, M|\n|poke|p1|Flutter Mane, L50|\n|poke|p1|Wo-Chien, L50|\n|poke|p2|Bronzong, L50|\n|poke|p2|Grimmsnarl, L50, M|\n|poke|p2|Abomasnow, L50, M|\n|poke|p2|Ting-Lu, L50|\n|poke|p2|Arcanine, L50, F|\n|poke|p2|Flutter Mane, L50|\n|teampreview|4\n|\n|t:|1682645353\n|start\n|switch|p1a: Palafin|Palafin, L50, M|100\/100\n|switch|p1b: Chien-Pao|Chien-Pao, L50|100\/100\n|switch|p2a: Grimmsnarl|Grimmsnarl, L50, M|100\/100\n|switch|p2b: Bronzong|Bronzong, L50|100\/100\n|-ability|p1b: Chien-Pao|Sword of Ruin\n|turn|1\n|\n|t:|1682645377\n|detailschange|p1a: Palafin|Palafin-Hero, L50, M\n|switch|p1a: friend shaped|Jigglypuff, L50, M, shiny|100\/100\n|move|p2a: Grimmsnarl|Fake Out|p1b: Chien-Pao\n|-damage|p1b: Chien-Pao|89\/100\n|cant|p1b: Chien-Pao|flinch\n|move|p2b: Bronzong|Trick Room|p2b: Bronzong\n|-fieldstart|move: Trick Room|[of] p2b: Bronzong\n|\n|upkeep\n|turn|2\n|\n|t:|1682645406\n|move|p1b: Chien-Pao|Protect|p1b: Chien-Pao\n|-singleturn|p1b: Chien-Pao|Protect\n|move|p2a: Grimmsnarl|Parting Shot|p1b: Chien-Pao\n|-activate|p1b: Chien-Pao|move: Protect\n|move|p1a: friend shaped|Gyro Ball|p2a: Grimmsnarl\n|-supereffective|p2a: Grimmsnarl\n|-damage|p2a: Grimmsnarl|49\/100\n|move|p2b: Bronzong|Safeguard|p2b: Bronzong\n|-sidestart|p2: OS29090|Safeguard\n|\n|upkeep\n|turn|3\n|\n|t:|1682645437\n|switch|p1b: Palafin|Palafin-Hero, L50, M|100\/100\n|-activate|p1b: Palafin|ability: Zero to Hero\n|move|p2a: Grimmsnarl|Sucker Punch|p1a: friend shaped\n|-resisted|p1a: friend shaped\n|-damage|p1a: friend shaped|79\/100\n|move|p1a: friend shaped|Gyro Ball|p2a: Grimmsnarl\n|-supereffective|p2a: Grimmsnarl\n|-damage|p2a: Grimmsnarl|11\/100\n|move|p2b: Bronzong|Gyro Ball|p1b: Palafin\n|-resisted|p1b: Palafin\n|-damage|p1b: Palafin|85\/100\n|\n|upkeep\n|turn|4\n|\n|t:|1682645459\n|move|p1a: friend shaped|Protect|p1a: friend shaped\n|-singleturn|p1a: friend shaped|Protect\n|move|p2b: Bronzong|Protect|p2b: Bronzong\n|-singleturn|p2b: Bronzong|Protect\n|move|p2a: Grimmsnarl|Parting Shot|p1b: Palafin\n|-unboost|p1b: Palafin|atk|1\n|-unboost|p1b: Palafin|spa|1\n|\n|t:|1682645468\n|switch|p2a: Abomasnow|Abomasnow, L50, M|100\/100|[from] Parting Shot\n|-weather|Snow|[from] ability: Snow Warning|[of] p2a: Abomasnow\n|move|p1b: Palafin|Jet Punch|p2a: Abomasnow\n|-resisted|p2a: Abomasnow\n|-crit|p2a: Abomasnow\n|-damage|p2a: Abomasnow|76\/100\n|\n|-weather|Snow|[upkeep]\n|upkeep\n|turn|5\n|\n|t:|1682645494\n|switch|p1b: Flutter Mane|Flutter Mane, L50|100\/100\n|move|p1a: friend shaped|Taunt|p2b: Bronzong\n|-start|p2b: Bronzong|move: Taunt\n|move|p2b: Bronzong|Gyro Ball|p1b: Flutter Mane\n|-supereffective|p1b: Flutter Mane\n|-damage|p1b: Flutter Mane|27\/100\n|move|p2a: Abomasnow|Giga Drain|p1b: Flutter Mane\n|-damage|p1b: Flutter Mane|7\/100\n|-heal|p2a: Abomasnow|84\/100|[from] drain|[of] p1b: Flutter Mane\n|\n|-weather|Snow|[upkeep]\n|-heal|p1b: Flutter Mane|13\/100|[from] item: Leftovers\n|-fieldend|move: Trick Room\n|upkeep\n|turn|6\n|\n|t:|1682645518\n|switch|p2b: Ting-Lu|Ting-Lu, L50|100\/100\n|-ability|p2b: Ting-Lu|Vessel of Ruin\n|move|p1b: Flutter Mane|Moonblast|p2a: Abomasnow\n|-damage|p2a: Abomasnow|50\/100\n|move|p2a: Abomasnow|Blizzard|p1b: Flutter Mane|[spread] p1a,p1b\n|-damage|p1a: friend shaped|52\/100\n|-damage|p1b: Flutter Mane|0 fnt\n|faint|p1b: Flutter Mane\n|-end|p1b: Flutter Mane|Protosynthesis|[silent]\n|move|p1a: friend shaped|Gyro Ball|p2a: Abomasnow\n|-supereffective|p2a: Abomasnow\n|-damage|p2a: Abomasnow|28\/100\n|-enditem|p2a: Abomasnow|Weakness Policy\n|-boost|p2a: Abomasnow|atk|2|[from] item: Weakness Policy\n|-boost|p2a: Abomasnow|spa|2|[from] item: Weakness Policy\n|\n|-weather|Snow|[upkeep]\n|-sideend|p2: OS29090|Safeguard\n|upkeep\n|\n|t:|1682645529\n|switch|p1b: Chien-Pao|Chien-Pao, L50|89\/100\n|-ability|p1b: Chien-Pao|Sword of Ruin\n|turn|7\n|\n|t:|1682645562\n|-terastallize|p1b: Chien-Pao|Dark\n|move|p1a: friend shaped|Protect|p1a: friend shaped\n|-singleturn|p1a: friend shaped|Protect\n|move|p1b: Chien-Pao|Crunch|p2a: Abomasnow\n|-damage|p2a: Abomasnow|0 fnt\n|faint|p2a: Abomasnow\n|move|p2b: Ting-Lu|Stone Edge|p1b: Chien-Pao\n|-damage|p1b: Chien-Pao|35\/100\n|\n|-weather|Snow|[upkeep]\n|upkeep\n|\n|t:|1682645571\n|switch|p2a: Grimmsnarl|Grimmsnarl, L50, M|11\/100\n|turn|8\n|\n|t:|1682645604\n|move|p1b: Chien-Pao|Protect|p1b: Chien-Pao\n|-singleturn|p1b: Chien-Pao|Protect\n|move|p2a: Grimmsnarl|Fake Out|p1b: Chien-Pao\n|-activate|p1b: Chien-Pao|move: Protect\n|move|p2b: Ting-Lu|Stone Edge|p1b: Chien-Pao\n|-activate|p1b: Chien-Pao|move: Protect\n|move|p1a: friend shaped|Gyro Ball|p2a: Grimmsnarl\n|-supereffective|p2a: Grimmsnarl\n|-damage|p2a: Grimmsnarl|0 fnt\n|faint|p2a: Grimmsnarl\n|\n|-weather|none\n|upkeep\n|\n|t:|1682645616\n|switch|p2a: Bronzong|Bronzong, L50|100\/100\n|turn|9\n|\n|t:|1682645625\n|move|p1b: Chien-Pao|Crunch|p2a: Bronzong\n|-supereffective|p2a: Bronzong\n|-damage|p2a: Bronzong|0 fnt\n|faint|p2a: Bronzong\n|move|p2b: Ting-Lu|Stone Edge|p1b: Chien-Pao\n|-damage|p1b: Chien-Pao|0 fnt\n|faint|p1b: Chien-Pao\n|move|p1a: friend shaped|Perish Song|p1a: friend shaped\n|-start|p1a: friend shaped|perish3|[silent]\n|-start|p2b: Ting-Lu|perish3|[silent]\n|-fieldactivate|move: Perish Song\n|\n|-start|p2b: Ting-Lu|perish3\n|-start|p1a: friend shaped|perish3\n|upkeep\n|\n|t:|1682645630\n|switch|p1b: Palafin|Palafin-Hero, L50, M|85\/100\n|turn|10\n|-message|OS29090 forfeited.\n|\n|win|XtheGAMEmaster\n|raw|XtheGAMEmaster's rating: 1045 → 1079<\/strong> (+34 for winning)\n|raw|OS29090's rating: 1052 → 1034<\/strong> (-18 for losing)\n|l|\u2606OS29090\n","uploadtime":1682645654,"views":21,"p1id":"xthegamemaster","p2id":"os29090","formatid":"gen9vgc2023regulationc","rating":1034,"private":0,"password":""}