{"id":"gen9vgc2023regulationc-1859139158","p1":"DragonairJordan23","p2":"KJQuil","format":"[Gen 9] VGC 2023 Regulation C","log":"|j|\u2606DragonairJordan23\n|j|\u2606KJQuil\n|t:|1683409175\n|gametype|doubles\n|player|p1|DragonairJordan23|kiawe|1262\n|player|p2|KJQuil|lucas|1162\n|teamsize|p1|5\n|teamsize|p2|6\n|gen|9\n|tier|[Gen 9] VGC 2023 Regulation C\n|rated|\n|rule|Species Clause: Limit one of each Pok\u00e9mon\n|rule|Item Clause: Limit one of each item\n|clearpoke\n|poke|p1|Ting-Lu, L50|\n|poke|p1|Abomasnow, L50, M|\n|poke|p1|Iron Bundle, L50|\n|poke|p1|Flutter Mane, L50|\n|poke|p1|Slither Wing, L50|\n|poke|p2|Dragonite, L50, M|\n|poke|p2|Chien-Pao, L50|\n|poke|p2|Gholdengo, L50|\n|poke|p2|Ting-Lu, L50|\n|poke|p2|Grimmsnarl, L50, M|\n|poke|p2|Armarouge, L50, M|\n|teampreview|4\nDragonairJordan23 has agreed to open team sheets.\n|\n|t:|1683409214\n|start\n|switch|p1a: Abomasnow|Abomasnow, L50, M|100\/100\n|switch|p1b: Flutter Mane|Flutter Mane, L50|100\/100\n|switch|p2a: Gholdengo|Gholdengo, L50|100\/100\n|switch|p2b: Dragonite|Dragonite, L50, M|100\/100\n|-weather|Snow|[from] ability: Snow Warning|[of] p1a: Abomasnow\n|turn|1\n|\n|t:|1683409253\n|-terastallize|p2a: Gholdengo|Steel\n|move|p2a: Gholdengo|Make It Rain|p1b: Flutter Mane|[spread] p1a,p1b\n|-supereffective|p1a: Abomasnow\n|-supereffective|p1b: Flutter Mane\n|-damage|p1a: Abomasnow|0 fnt\n|-damage|p1b: Flutter Mane|0 fnt\n|-unboost|p2a: Gholdengo|spa|1\n|faint|p1a: Abomasnow\n|faint|p1b: Flutter Mane\n|-end|p1b: Flutter Mane|Protosynthesis|[silent]\n|move|p2b: Dragonite|Dragon Dance|p2b: Dragonite\n|-boost|p2b: Dragonite|atk|1\n|-boost|p2b: Dragonite|spe|1\n|\n|-weather|Snow|[upkeep]\n|upkeep\n|\n|t:|1683409260\n|switch|p1b: Slither Wing|Slither Wing, L50|100\/100\n|switch|p1a: Ting-Lu|Ting-Lu, L50|100\/100\n|-ability|p1a: Ting-Lu|Vessel of Ruin\n|turn|2\n|\n|t:|1683409279\n|switch|p2a: Armarouge|Armarouge, L50, M|100\/100\n|-terastallize|p1b: Slither Wing|Fire\n|move|p2b: Dragonite|Dragon Dance|p2b: Dragonite\n|-boost|p2b: Dragonite|atk|1\n|-boost|p2b: Dragonite|spe|1\n|move|p1b: Slither Wing|Will-O-Wisp|p2b: Dragonite\n|-status|p2b: Dragonite|brn\n|move|p1a: Ting-Lu|Sand Tomb|p2a: Armarouge\n|-supereffective|p2a: Armarouge\n|-damage|p2a: Armarouge|69\/100\n|-activate|p2a: Armarouge|move: Sand Tomb|[of] p1a: Ting-Lu\n|\n|-weather|Snow|[upkeep]\n|-heal|p2a: Armarouge|75\/100|[from] item: Leftovers\n|-damage|p2b: Dragonite|94\/100 brn|[from] brn\n|-damage|p2a: Armarouge|63\/100|[from] move: Sand Tomb|[partiallytrapped]\n|upkeep\n|turn|3\n|\n|t:|1683409301\n|move|p2b: Dragonite|Waterfall|p1a: Ting-Lu\n|-supereffective|p1a: Ting-Lu\n|-damage|p1a: Ting-Lu|62\/100\n|move|p1b: Slither Wing|Bulk Up|p1b: Slither Wing\n|-boost|p1b: Slither Wing|atk|1\n|-boost|p1b: Slither Wing|def|1\n|move|p2a: Armarouge|Psyshock|p1b: Slither Wing\n|-damage|p1b: Slither Wing|80\/100\n|move|p1a: Ting-Lu|Rock Slide|p2b: Dragonite|[spread] p2a,p2b\n|-supereffective|p2a: Armarouge\n|-supereffective|p2b: Dragonite\n|-damage|p2a: Armarouge|31\/100\n|-damage|p2b: Dragonite|60\/100 brn\n|-enditem|p2b: Dragonite|Weakness Policy\n|-boost|p2b: Dragonite|atk|2|[from] item: Weakness Policy\n|-boost|p2b: Dragonite|spa|2|[from] item: Weakness Policy\n|\n|-weather|Snow|[upkeep]\n|-heal|p1b: Slither Wing|86\/100|[from] item: Leftovers\n|-heal|p2a: Armarouge|37\/100|[from] item: Leftovers\n|-damage|p2b: Dragonite|54\/100 brn|[from] brn\n|-damage|p2a: Armarouge|24\/100|[from] move: Sand Tomb|[partiallytrapped]\n|upkeep\n|turn|4\n|\n|t:|1683409325\n|move|p2a: Armarouge|Wide Guard|p2a: Armarouge\n|-singleturn|p2a: Armarouge|Wide Guard\n|move|p2b: Dragonite|Waterfall|p1a: Ting-Lu\n|-supereffective|p1a: Ting-Lu\n|-damage|p1a: Ting-Lu|7\/100\n|move|p1b: Slither Wing|Leech Life|p2b: Dragonite\n|-resisted|p2b: Dragonite\n|-damage|p2b: Dragonite|21\/100 brn\n|-heal|p1b: Slither Wing|100\/100|[from] drain|[of] p2b: Dragonite\n|move|p1a: Ting-Lu|Throat Chop|p2b: Dragonite\n|-crit|p2b: Dragonite\n|-damage|p2b: Dragonite|0 fnt\n|faint|p2b: Dragonite\n|\n|-weather|Snow|[upkeep]\n|-heal|p2a: Armarouge|31\/100|[from] item: Leftovers\n|-damage|p2a: Armarouge|18\/100|[from] move: Sand Tomb|[partiallytrapped]\n|upkeep\n|\n|t:|1683409342\n|switch|p2b: Gholdengo|Gholdengo, L50, tera:Steel|100\/100\n|turn|5\n|\n|t:|1683409372\n|move|p2b: Gholdengo|Shadow Ball|p1b: Slither Wing\n|-damage|p1b: Slither Wing|73\/100\n|move|p1b: Slither Wing|Flare Blitz|p2b: Gholdengo\n|-supereffective|p2b: Gholdengo\n|-damage|p2b: Gholdengo|0 fnt\n|faint|p2b: Gholdengo\n|-damage|p1b: Slither Wing|46\/100|[from] Recoil\n|move|p2a: Armarouge|Armor Cannon|p1a: Ting-Lu\n|-crit|p1a: Ting-Lu\n|-damage|p1a: Ting-Lu|0 fnt\n|-unboost|p2a: Armarouge|def|1\n|-unboost|p2a: Armarouge|spd|1\n|faint|p1a: Ting-Lu\n|\n|-weather|none\n|-heal|p1b: Slither Wing|52\/100|[from] item: Leftovers\n|-heal|p2a: Armarouge|24\/100|[from] item: Leftovers\n|-end|p2a: Armarouge|Sand Tomb|[partiallytrapped]|[silent]\n|upkeep\n|\n|t:|1683409387\n|switch|p2b: Ting-Lu|Ting-Lu, L50|100\/100\n|-ability|p2b: Ting-Lu|Vessel of Ruin\n|turn|6\n|\n|t:|1683409401\n|move|p1b: Slither Wing|Leech Life|p2a: Armarouge\n|-damage|p2a: Armarouge|0 fnt\n|-heal|p1b: Slither Wing|64\/100|[from] drain|[of] p2a: Armarouge\n|faint|p2a: Armarouge\n|move|p2b: Ting-Lu|Stomping Tantrum|p1b: Slither Wing\n|-supereffective|p1b: Slither Wing\n|-damage|p1b: Slither Wing|10\/100\n|\n|-heal|p1b: Slither Wing|16\/100|[from] item: Leftovers\n|upkeep\n|turn|7\n|\n|t:|1683409411\n|move|p1b: Slither Wing|Leech Life|p2b: Ting-Lu\n|-supereffective|p2b: Ting-Lu\n|-damage|p2b: Ting-Lu|30\/100\n|-heal|p1b: Slither Wing|65\/100|[from] drain|[of] p2b: Ting-Lu\n|move|p2b: Ting-Lu|Stomping Tantrum|p1b: Slither Wing\n|-supereffective|p1b: Slither Wing\n|-damage|p1b: Slither Wing|1\/100\n|\n|-heal|p1b: Slither Wing|7\/100|[from] item: Leftovers\n|upkeep\n|turn|8\n|\n|t:|1683409424\n|move|p1b: Slither Wing|Leech Life|p2b: Ting-Lu\n|-supereffective|p2b: Ting-Lu\n|-damage|p2b: Ting-Lu|0 fnt\n|-heal|p1b: Slither Wing|27\/100|[from] drain|[of] p2b: Ting-Lu\n|faint|p2b: Ting-Lu\n|\n|win|DragonairJordan23\n|raw|DragonairJordan23's rating: 1262 → 1280<\/strong> (+18 for winning)\n|raw|KJQuil's rating: 1162 → 1144<\/strong> (-18 for losing)\n|c|\u2606DragonairJordan23|gg\n","uploadtime":1683409434,"views":9,"p1id":"dragonairjordan23","p2id":"kjquil","formatid":"gen9vgc2023regulationc","rating":1144,"private":0,"password":""}