{"id":"gen9vgc2023regulationc-1863433838","p1":"eshe0","p2":"Behindyaa","format":"[Gen 9] VGC 2023 Regulation C","log":"|j|\u2606eshe0\n|j|\u2606Behindyaa\n|t:|1684016581\n|gametype|doubles\n|player|p1|eshe0|2|\n|player|p2|Behindyaa|170|\n|teamsize|p1|6\n|teamsize|p2|6\n|gen|9\n|tier|[Gen 9] VGC 2023 Regulation C\n|rule|Species Clause: Limit one of each Pok\u00e9mon\n|rule|Item Clause: Limit one of each item\n|clearpoke\n|poke|p1|Iron Valiant, L50|\n|poke|p1|Kingambit, L50, F|\n|poke|p1|Stantler, L50, M|\n|poke|p1|Goodra, L50, F|\n|poke|p1|Gengar, L50, F|\n|poke|p1|Pawmot, L50, F|\n|poke|p2|Iron Hands, L50|\n|poke|p2|Tyranitar, L50, F|\n|poke|p2|Houndstone, L50, F|\n|poke|p2|Arboliva, L50, F|\n|poke|p2|Corviknight, L50, F|\n|poke|p2|Clodsire, L50, M|\n|teampreview|4\n|c|\u2606eshe0|g2\n|j| judevgc\n|\n|t:|1684017032\n|start\n|switch|p1a: La madre de Jos\u00e9|Goodra, L50, F|100\/100\n|switch|p1b: Jos\u00e9 Mu\u00f1oz|Iron Valiant, L50|100\/100\n|switch|p2a: Clodsire|Clodsire, L50, M|100\/100\n|switch|p2b: Corviknight|Corviknight, L50, F|100\/100\n|-ability|p2b: Corviknight|Pressure\n|turn|1\n|\n|t:|1684017056\n|-end|p1b: Jos\u00e9 Mu\u00f1oz|Quark Drive|[silent]\n|switch|p1b: David Mu\u00f1oz|Stantler, L50, M|100\/100\n|-ability|p1b: David Mu\u00f1oz|Intimidate|boost\n|-unboost|p2a: Clodsire|atk|1\n|-unboost|p2b: Corviknight|atk|1\n|move|p1a: La madre de Jos\u00e9|Flamethrower|p2b: Corviknight\n|-supereffective|p2b: Corviknight\n|-damage|p2b: Corviknight|65\/100\n|move|p2b: Corviknight|U-turn|p1a: La madre de Jos\u00e9\n|-damage|p1a: La madre de Jos\u00e9|89\/100\n|\n|t:|1684017070\n|switch|p2b: Iron Hands|Iron Hands, L50|100\/100|[from] U-turn\n|-enditem|p2b: Iron Hands|Booster Energy\n|-activate|p2b: Iron Hands|ability: Quark Drive|[fromitem]\n|-start|p2b: Iron Hands|quarkdriveatk\n|move|p2a: Clodsire|Gunk Shot|p1b: David Mu\u00f1oz|[miss]\n|-miss|p2a: Clodsire|p1b: David Mu\u00f1oz\n|\n|-heal|p1a: La madre de Jos\u00e9|95\/100|[from] item: Leftovers\n|upkeep\n|turn|2\n|\n|t:|1684017102\n|move|p1b: David Mu\u00f1oz|Body Slam|p2b: Iron Hands\n|-damage|p2b: Iron Hands|83\/100\n|move|p1a: La madre de Jos\u00e9|Draco Meteor|p2b: Iron Hands\n|-damage|p2b: Iron Hands|33\/100\n|-unboost|p1a: La madre de Jos\u00e9|spa|2\n|move|p2b: Iron Hands|Drain Punch|p1b: David Mu\u00f1oz\n|-supereffective|p1b: David Mu\u00f1oz\n|-damage|p1b: David Mu\u00f1oz|19\/100\n|-heal|p2b: Iron Hands|61\/100|[from] drain|[of] p1b: David Mu\u00f1oz\n|move|p2a: Clodsire|Gunk Shot|p1b: David Mu\u00f1oz\n|-damage|p1b: David Mu\u00f1oz|2\/100\n|\n|-heal|p1a: La madre de Jos\u00e9|100\/100|[from] item: Leftovers\n|upkeep\n|turn|3\n|\n|t:|1684017128\n|switch|p1a: El padre de Jos\u00e9|Kingambit, L50, F|100\/100\n|move|p1b: David Mu\u00f1oz|Protect|p1b: David Mu\u00f1oz\n|-singleturn|p1b: David Mu\u00f1oz|Protect\n|move|p2b: Iron Hands|Ice Punch|p1a: El padre de Jos\u00e9\n|-resisted|p1a: El padre de Jos\u00e9\n|-crit|p1a: El padre de Jos\u00e9\n|-damage|p1a: El padre de Jos\u00e9|80\/100\n|move|p2a: Clodsire|Gunk Shot|p1a: El padre de Jos\u00e9\n|-immune|p1a: El padre de Jos\u00e9\n|\n|upkeep\n|turn|4\n|\n|t:|1684017154\n|-terastallize|p1a: El padre de Jos\u00e9|Ghost\n|move|p1b: David Mu\u00f1oz|Body Slam|p2b: Iron Hands\n|-damage|p2b: Iron Hands|44\/100\n|move|p2b: Iron Hands|Drain Punch|p1a: El padre de Jos\u00e9\n|-immune|p1a: El padre de Jos\u00e9\n|move|p1a: El padre de Jos\u00e9|Kowtow Cleave|p2b: Iron Hands\n|-resisted|p2b: Iron Hands\n|-damage|p2b: Iron Hands|28\/100\n|move|p2a: Clodsire|Gunk Shot|p1b: David Mu\u00f1oz\n|-damage|p1b: David Mu\u00f1oz|0 fnt\n|faint|p1b: David Mu\u00f1oz\n|\n|upkeep\n|\n|t:|1684017166\n|switch|p1b: Jos\u00e9 Mu\u00f1oz|Iron Valiant, L50|100\/100\n|turn|5\n|\n|t:|1684017177\n|move|p1b: Jos\u00e9 Mu\u00f1oz|Moonblast|p2b: Iron Hands\n|-supereffective|p2b: Iron Hands\n|-damage|p2b: Iron Hands|0 fnt\n|faint|p2b: Iron Hands\n|-end|p2b: Iron Hands|Quark Drive|[silent]\n|move|p1a: El padre de Jos\u00e9|Kowtow Cleave|p2a: Clodsire\n|-damage|p2a: Clodsire|46\/100\n|move|p2a: Clodsire|Gunk Shot|p1b: Jos\u00e9 Mu\u00f1oz|[miss]\n|-miss|p2a: Clodsire|p1b: Jos\u00e9 Mu\u00f1oz\n|\n|-heal|p2a: Clodsire|52\/100|[from] item: Black Sludge\n|upkeep\n|\n|t:|1684017188\n|switch|p2b: Arboliva|Arboliva, L50, F|100\/100\n|turn|6\n|\n|t:|1684017209\n|move|p2b: Arboliva|Protect|p2b: Arboliva\n|-singleturn|p2b: Arboliva|Protect\n|move|p1b: Jos\u00e9 Mu\u00f1oz|Knock Off|p2b: Arboliva\n|-activate|p2b: Arboliva|move: Protect\n|move|p1a: El padre de Jos\u00e9|Kowtow Cleave|p2a: Clodsire\n|-damage|p2a: Clodsire|0 fnt\n|faint|p2a: Clodsire\n|\n|upkeep\n|\n|t:|1684017218\n|switch|p2a: Corviknight|Corviknight, L50, F|65\/100\n|-ability|p2a: Corviknight|Pressure\n|turn|7\n|\n|t:|1684017229\n|move|p1b: Jos\u00e9 Mu\u00f1oz|Aura Sphere|p2b: Arboliva\n|-supereffective|p2b: Arboliva\n|-damage|p2b: Arboliva|55\/100\n|-fieldstart|move: Grassy Terrain|[from] ability: Seed Sower|[of] p2b: Arboliva\n|move|p2a: Corviknight|Brave Bird|p1b: Jos\u00e9 Mu\u00f1oz\n|-supereffective|p1b: Jos\u00e9 Mu\u00f1oz\n|-damage|p1b: Jos\u00e9 Mu\u00f1oz|14\/100\n|-enditem|p1b: Jos\u00e9 Mu\u00f1oz|Aguav Berry|[eat]\n|-heal|p1b: Jos\u00e9 Mu\u00f1oz|47\/100|[from] item: Aguav Berry\n|-damage|p2a: Corviknight|40\/100|[from] Recoil\n|move|p2b: Arboliva|Giga Drain|p1a: El padre de Jos\u00e9\n|-damage|p1a: El padre de Jos\u00e9|39\/100\n|-heal|p2b: Arboliva|78\/100|[from] drain|[of] p1a: El padre de Jos\u00e9\n|move|p1a: El padre de Jos\u00e9|Kowtow Cleave|p2b: Arboliva\n|-crit|p2b: Arboliva\n|-damage|p2b: Arboliva|0 fnt\n|faint|p2b: Arboliva\n|\n|-heal|p1b: Jos\u00e9 Mu\u00f1oz|53\/100|[from] Grassy Terrain\n|-heal|p1a: El padre de Jos\u00e9|45\/100|[from] Grassy Terrain\n|upkeep\n|turn|8\n|\n|t:|1684017255\n|move|p1b: Jos\u00e9 Mu\u00f1oz|Aura Sphere|p2a: Corviknight\n|-damage|p2a: Corviknight|17\/100\n|move|p2a: Corviknight|Iron Head|p1b: Jos\u00e9 Mu\u00f1oz\n|-supereffective|p1b: Jos\u00e9 Mu\u00f1oz\n|-damage|p1b: Jos\u00e9 Mu\u00f1oz|0 fnt\n|faint|p1b: Jos\u00e9 Mu\u00f1oz\n|-end|p1b: Jos\u00e9 Mu\u00f1oz|Quark Drive|[silent]\n|move|p1a: El padre de Jos\u00e9|Kowtow Cleave|p2a: Corviknight\n|-damage|p2a: Corviknight|0 fnt\n|faint|p2a: Corviknight\n|\n|win|eshe0\n|c|\u2606eshe0|gg\n|c|\u2606Behindyaa|gg\n|l| judevgc\n","uploadtime":1684017288,"views":9,"p1id":"eshe0","p2id":"behindyaa","formatid":"gen9vgc2023regulationc","rating":0,"private":0,"password":""}