{"id":"gen9vgc2023regulationc-1859803541","p1":"Cigtar","p2":"Mr. Darwin","format":"[Gen 9] VGC 2023 Regulation C","log":"|j|\u2606Cigtar\n|j|\u2606Mr. Darwin\n|t:|1683565864\n|gametype|doubles\n|player|p1|Cigtar|grusha|\n|player|p2|Mr. Darwin|unknown|\n|teamsize|p1|6\n|teamsize|p2|6\n|gen|9\n|tier|[Gen 9] VGC 2023 Regulation C\n|rule|Species Clause: Limit one of each Pok\u00e9mon\n|rule|Item Clause: Limit one of each item\n|clearpoke\n|poke|p1|Chi-Yu, L50|\n|poke|p1|Gyarados, L50, M|\n|poke|p1|Sableye, L50, F|\n|poke|p1|Toedscruel, L50, F|\n|poke|p1|Farigiraf, L50, F|\n|poke|p1|Seviper, L50, F|\n|poke|p2|Gastrodon, L50, M|\n|poke|p2|Tyranitar, L50, F|\n|poke|p2|Garganacl, L50, F|\n|poke|p2|Grimmsnarl, L50, M|\n|poke|p2|Iron Moth, L50|\n|poke|p2|Houndstone, L50, F|\n|teampreview|4\n|j| judevgc\n|\n|t:|1683565924\n|start\n|switch|p1a: Toedscruel|Toedscruel, L50, F|100\/100\n|switch|p1b: Seviper|Seviper, L50, F|100\/100\n|switch|p2a: Tyranitar|Tyranitar, L50, F|100\/100\n|switch|p2b: Houndstone|Houndstone, L50, F|100\/100\n|-weather|Sandstorm|[from] ability: Sand Stream|[of] p2a: Tyranitar\n|turn|1\n|inactive|Battle timer is ON: inactive players will automatically lose when time's up. (requested by Mr. Darwin)\n|inactive|Cigtar has 60 seconds left.\n|l| judevgc\n|inactive|Cigtar has 30 seconds left.\n|inactive|Cigtar has 20 seconds left.\n|j| judevgc\n|inactive|Cigtar has 15 seconds left.\n|inactive|Cigtar has 10 seconds left.\n|\n|t:|1683566008\n|move|p1a: Toedscruel|Rage Powder|p1a: Toedscruel\n|-singleturn|p1a: Toedscruel|move: Rage Powder\n|move|p2b: Houndstone|Howl|p2b: Houndstone|[spread] p2a,p2b\n|-boost|p2a: Tyranitar|atk|1\n|-boost|p2b: Houndstone|atk|1\n|move|p1b: Seviper|Brick Break|p2a: Tyranitar\n|-supereffective|p2a: Tyranitar\n|-damage|p2a: Tyranitar|4\/100\n|-damage|p1b: Seviper|91\/100|[from] item: Life Orb\n|move|p2a: Tyranitar|Rock Slide|p1a: Toedscruel|[spread] p1a,p1b\n|-resisted|p1a: Toedscruel\n|-damage|p1a: Toedscruel|79\/100\n|-damage|p1b: Seviper|9\/100\n|\n|-weather|Sandstorm|[upkeep]\n|-damage|p1b: Seviper|3\/100|[from] Sandstorm\n|upkeep\n|turn|2\n|inactive|Mr. Darwin has 30 seconds left.\n|\n|t:|1683566036\n|move|p1a: Toedscruel|Rage Powder|p1a: Toedscruel\n|-singleturn|p1a: Toedscruel|move: Rage Powder\n|move|p2b: Houndstone|Shadow Sneak|p1a: Toedscruel\n|-damage|p1a: Toedscruel|44\/100\n|-damage|p2b: Houndstone|91\/100|[from] item: Life Orb\n|move|p1b: Seviper|Earthquake|p2b: Houndstone|[spread] p1a,p2a,p2b\n|-resisted|p1a: Toedscruel\n|-supereffective|p2a: Tyranitar\n|-damage|p1a: Toedscruel|31\/100\n|-damage|p2a: Tyranitar|0 fnt\n|-damage|p2b: Houndstone|56\/100\n|faint|p2a: Tyranitar\n|-damage|p1b: Seviper|0 fnt|[from] item: Life Orb\n|faint|p1b: Seviper\n|\n|-weather|Sandstorm|[upkeep]\n|upkeep\n|\n|t:|1683566050\n|switch|p1b: Gyarados|Gyarados, L50, M|100\/100\n|switch|p2a: Garganacl|Garganacl, L50, F, shiny|100\/100\n|-ability|p1b: Gyarados|Intimidate|boost\n|-unboost|p2a: Garganacl|atk|1\n|-unboost|p2b: Houndstone|atk|1\n|turn|3\n|\n|t:|1683566062\n|move|p2b: Houndstone|Last Respects|p1a: Toedscruel\n|-damage|p1a: Toedscruel|0 fnt\n|faint|p1a: Toedscruel\n|-damage|p2b: Houndstone|46\/100|[from] item: Life Orb\n|move|p1b: Gyarados|Waterfall|p2a: Garganacl\n|-supereffective|p2a: Garganacl\n|-damage|p2a: Garganacl|45\/100\n|move|p2a: Garganacl|Salt Cure|p1b: Gyarados\n|-supereffective|p1b: Gyarados\n|-damage|p1b: Gyarados|79\/100\n|-start|p1b: Gyarados|Salt Cure\n|\n|-weather|Sandstorm|[upkeep]\n|-damage|p1b: Gyarados|73\/100|[from] Sandstorm\n|-heal|p2a: Garganacl|51\/100|[from] item: Leftovers\n|-damage|p1b: Gyarados|48\/100|[from] Salt Cure\n|upkeep\n|\n|t:|1683566068\n|switch|p1a: Sableye|Sableye, L50, F|100\/100\n|turn|4\n|\n|t:|1683566090\n|move|p2a: Garganacl|Protect|p2a: Garganacl\n|-singleturn|p2a: Garganacl|Protect\n|move|p1a: Sableye|Fake Out|p2a: Garganacl\n|-activate|p2a: Garganacl|move: Protect\n|move|p2b: Houndstone|Last Respects|p1a: Sableye\n|-damage|p1a: Sableye|23\/100\n|-damage|p2b: Houndstone|37\/100|[from] item: Life Orb\n|move|p1b: Gyarados|Waterfall|p2b: Houndstone\n|-damage|p2b: Houndstone|0 fnt\n|faint|p2b: Houndstone\n|\n|-weather|Sandstorm|[upkeep]\n|-damage|p1b: Gyarados|41\/100|[from] Sandstorm\n|-damage|p1a: Sableye|18\/100|[from] Sandstorm\n|-heal|p2a: Garganacl|57\/100|[from] item: Leftovers\n|-damage|p1b: Gyarados|17\/100|[from] Salt Cure\n|upkeep\n|\n|t:|1683566101\n|switch|p2b: Gastrodon|Gastrodon, L50, M|100\/100\n|turn|5\n|\n|t:|1683566115\n|-terastallize|p2a: Garganacl|Flying\n|move|p1b: Gyarados|Ice Fang|p2b: Gastrodon\n|-damage|p2b: Gastrodon|81\/100\n|move|p1a: Sableye|Brick Break|p2a: Garganacl\n|-resisted|p2a: Garganacl\n|-damage|p2a: Garganacl|53\/100\n|move|p2b: Gastrodon|Muddy Water|p1a: Sableye|[spread] p1a,p1b\n|-resisted|p1b: Gyarados\n|-damage|p1a: Sableye|0 fnt\n|-damage|p1b: Gyarados|3\/100\n|-unboost|p1b: Gyarados|accuracy|1\n|faint|p1a: Sableye\n|move|p2a: Garganacl|Salt Cure|p1b: Gyarados\n|-supereffective|p1b: Gyarados\n|-damage|p1b: Gyarados|0 fnt\n|faint|p1b: Gyarados\n|\n|win|Mr. Darwin\n|c|\u2606Mr. Darwin|gg\n|c|\u2606Cigtar|gg\n|c|\u2606Cigtar|I had game 2\n|c|\u2606Mr. Darwin|do you still have the other games open?\n|c|\u2606Cigtar|yes\n|c|\u2606Mr. Darwin|that miss was super clutch and the fact gastro survived was wild\n|c|\u2606Mr. Darwin|Do we upload replays and stats or just replays?\n|l| judevgc\n","uploadtime":1683566223,"views":15,"p1id":"cigtar","p2id":"mrdarwin","formatid":"gen9vgc2023regulationc","rating":0,"private":0,"password":""}