{"id":"gen9vgc2023regulationc-1857699483","p1":"fkhg","p2":"fooms","format":"[Gen 9] VGC 2023 Regulation C","log":"|j|\u2606fkhg\n|j|\u2606fooms\n|t:|1683223449\n|gametype|doubles\n|player|p1|fkhg|102|1115\n|player|p2|fooms|fisherman|1052\n|teamsize|p1|6\n|teamsize|p2|6\n|gen|9\n|tier|[Gen 9] VGC 2023 Regulation C\n|rated|\n|rule|Species Clause: Limit one of each Pok\u00e9mon\n|rule|Item Clause: Limit one of each item\n|clearpoke\n|poke|p1|Noivern, L50, F|\n|poke|p1|Sylveon, L50, F|\n|poke|p1|Iron Hands, L50|\n|poke|p1|Oranguru, L50, F|\n|poke|p1|Chi-Yu, L50|\n|poke|p1|Amoonguss, L50, F|\n|poke|p2|Toedscruel, L50, F|\n|poke|p2|Meowscarada, L50, M|\n|poke|p2|Rotom-Wash, L50|\n|poke|p2|Skeledirge, L50, M|\n|poke|p2|Dragalge, L50, F|\n|poke|p2|Gardevoir, L50, M|\n|teampreview|4\n|\n|t:|1683223475\n|start\n|switch|p1a: Sylveon|Sylveon, L50, F|100\/100\n|switch|p1b: Iron Hands|Iron Hands, L50|100\/100\n|switch|p2a: Skeledirge|Skeledirge, L50, M|100\/100\n|switch|p2b: Gardevoir|Gardevoir, L50, M|100\/100\n|turn|1\n|\n|t:|1683223494\n|move|p2b: Gardevoir|Psychic|p1b: Iron Hands\n|-supereffective|p1b: Iron Hands\n|-damage|p1b: Iron Hands|34\/100\n|move|p2a: Skeledirge|Will-O-Wisp|p1b: Iron Hands\n|-status|p1b: Iron Hands|brn\n|move|p1b: Iron Hands|Volt Switch|p2a: Skeledirge\n|-damage|p2a: Skeledirge|86\/100\n|\n|t:|1683223501\n|-end|p1b: Iron Hands|Quark Drive|[silent]\n|switch|p1b: Noivern|Noivern, L50, F|100\/100|[from] Volt Switch\n|move|p1a: Sylveon|Skill Swap|p1b: Noivern\n|-activate|p1a: Sylveon|move: Skill Swap|||[of] p1b: Noivern\n|\n|upkeep\n|turn|2\n|\n|t:|1683223523\n|-terastallize|p1b: Noivern|Fairy\n|move|p1a: Sylveon|Helping Hand|p1b: Noivern\n|-singleturn|p1b: Noivern|Helping Hand|[of] p1a: Sylveon\n|move|p1b: Noivern|Boomburst|p2b: Gardevoir|[spread] p2a,p2b\n|-activate|p1a: Sylveon|ability: Telepathy\n|-resisted|p2a: Skeledirge\n|-damage|p2a: Skeledirge|20\/100\n|-damage|p2b: Gardevoir|25\/100\n|move|p2b: Gardevoir|Dazzling Gleam|p1b: Noivern|[spread] p1a,p1b\n|-damage|p1a: Sylveon|75\/100\n|-damage|p1b: Noivern|54\/100\n|move|p2a: Skeledirge|Torch Song|p1a: Sylveon\n|-crit|p1a: Sylveon\n|-damage|p1a: Sylveon|43\/100\n|-boost|p2a: Skeledirge|spa|1\n|-enditem|p1a: Sylveon|Sitrus Berry|[eat]\n|-heal|p1a: Sylveon|68\/100|[from] item: Sitrus Berry\n|\n|upkeep\n|turn|3\n|\n|t:|1683223548\n|move|p1a: Sylveon|Helping Hand|p1b: Noivern\n|-singleturn|p1b: Noivern|Helping Hand|[of] p1a: Sylveon\n|move|p1b: Noivern|Boomburst|p2a: Skeledirge|[spread] p2a,p2b\n|-activate|p1a: Sylveon|ability: Telepathy\n|-resisted|p2a: Skeledirge\n|-damage|p2a: Skeledirge|0 fnt\n|-damage|p2b: Gardevoir|0 fnt\n|faint|p2a: Skeledirge\n|faint|p2b: Gardevoir\n|\n|upkeep\n|\n|t:|1683223553\n|switch|p2b: Toedscruel|Toedscruel, L50, F|100\/100\n|switch|p2a: Dragalge|Dragalge, L50, F|100\/100\n|turn|4\n|\n|t:|1683223561\n|move|p1a: Sylveon|Helping Hand|p1b: Noivern\n|-singleturn|p1b: Noivern|Helping Hand|[of] p1a: Sylveon\n|move|p1b: Noivern|Boomburst|p2a: Dragalge|[spread] p2a,p2b\n|-activate|p1a: Sylveon|ability: Telepathy\n|-damage|p2a: Dragalge|5\/100\n|-damage|p2b: Toedscruel|17\/100\n|move|p2a: Dragalge|Sludge Bomb|p1b: Noivern\n|-supereffective|p1b: Noivern\n|-damage|p1b: Noivern|0 fnt\n|faint|p1b: Noivern\n|move|p2b: Toedscruel|Spore|p1a: Sylveon\n|-status|p1a: Sylveon|slp|[from] move: Spore\n|\n|-heal|p2a: Dragalge|10\/100|[from] item: Black Sludge\n|upkeep\n|\n|t:|1683223572\n|switch|p1b: Chi-Yu|Chi-Yu, L50|100\/100\n|-ability|p1b: Chi-Yu|Beads of Ruin\n|turn|5\n|\n|t:|1683223580\n|cant|p1a: Sylveon|slp\n|move|p2b: Toedscruel|Rage Powder|p2b: Toedscruel\n|-singleturn|p2b: Toedscruel|move: Rage Powder\n|move|p1b: Chi-Yu|Heat Wave|p2b: Toedscruel|[spread] \n|-miss|p1b: Chi-Yu|p2a: Dragalge\n|-miss|p1b: Chi-Yu|p2b: Toedscruel\n|move|p2a: Dragalge|Draco Meteor|p1b: Chi-Yu\n|-damage|p1b: Chi-Yu|13\/100\n|-unboost|p2a: Dragalge|spa|2\n|\n|-heal|p2a: Dragalge|16\/100|[from] item: Black Sludge\n|upkeep\n|turn|6\n|\n|t:|1683223593\n|move|p2b: Toedscruel|Rage Powder|p2b: Toedscruel\n|-singleturn|p2b: Toedscruel|move: Rage Powder\n|move|p1b: Chi-Yu|Heat Wave|p2b: Toedscruel|[spread] p2a,p2b\n|-resisted|p2a: Dragalge\n|-supereffective|p2b: Toedscruel\n|-enditem|p2b: Toedscruel|Occa Berry|[eat]\n|-enditem|p2b: Toedscruel|Occa Berry|[weaken]\n|-damage|p2a: Dragalge|0 fnt\n|-damage|p2b: Toedscruel|0 fnt\n|faint|p2a: Dragalge\n|faint|p2b: Toedscruel\n|-damage|p1b: Chi-Yu|4\/100|[from] item: Life Orb\n|\n|win|fkhg\n|raw|fkhg's rating: 1115 → 1136<\/strong> (+21 for winning)\n|raw|fooms's rating: 1052 → 1037<\/strong> (-15 for losing)\n|l|\u2606fooms\n","uploadtime":1683223645,"views":11,"p1id":"fkhg","p2id":"fooms","formatid":"gen9vgc2023regulationc","rating":1037,"private":0,"password":""}