{"id":"gen9vgc2023regulationc-1857775298","p1":"StormBirdAR!081","p2":"guts53Mx","format":"[Gen 9] VGC 2023 Regulation C","log":"|j|\u2606StormBirdAR!081\n|j|\u2606guts53Mx\n|t:|1683230538\n|gametype|doubles\n|player|p1|StormBirdAR!081|102|1083\n|player|p2|guts53Mx|ghetsis|1010\n|teamsize|p1|6\n|teamsize|p2|6\n|gen|9\n|tier|[Gen 9] VGC 2023 Regulation C\n|rated|\n|rule|Species Clause: Limit one of each Pok\u00e9mon\n|rule|Item Clause: Limit one of each item\n|clearpoke\n|poke|p1|Scovillain, L50, M|\n|poke|p1|Maushold-Four, L50|\n|poke|p1|Ceruledge, L50, F|\n|poke|p1|Torkoal, L50, M|\n|poke|p1|Dragapult, L50, M|\n|poke|p1|Scizor, L50, F|\n|poke|p2|Palafin, L50, M|\n|poke|p2|Gyarados, L50, M|\n|poke|p2|Great Tusk, L50|\n|poke|p2|Kingambit, L50, M|\n|poke|p2|Dragonite, L50, M|\n|poke|p2|Indeedee-F, L50, F|\n|teampreview|4\nStormBirdAR!081 has agreed to open team sheets.\n|inactive|Battle timer is ON: inactive players will automatically lose when time's up. (requested by StormBirdAR!081)\n|inactive|StormBirdAR!081 has 60 seconds left.\n|\n|t:|1683230608\n|start\n|switch|p1a: Torkoal|Torkoal, L50, M|100\/100\n|switch|p1b: Scovillain|Scovillain, L50, M|100\/100\n|switch|p2a: Indeedee|Indeedee-F, L50, F|100\/100\n|switch|p2b: Gyarados|Gyarados, L50, M|100\/100\n|-ability|p2b: Gyarados|Intimidate|boost\n|-unboost|p1a: Torkoal|atk|1\n|-unboost|p1b: Scovillain|atk|1\n|-weather|SunnyDay|[from] ability: Drought|[of] p1a: Torkoal\n|turn|1\n|inactive|StormBirdAR!081 has 30 seconds left.\n|inactive|StormBirdAR!081 has 20 seconds left.\n|inactive|StormBirdAR!081 has 15 seconds left.\n|inactive|StormBirdAR!081 has 10 seconds left.\n|\n|t:|1683230656\n|move|p2a: Indeedee|Fake Out|p1a: Torkoal\n|-damage|p1a: Torkoal|94\/100\n|move|p1b: Scovillain|Spicy Extract|p2a: Indeedee\n|-boost|p2a: Indeedee|atk|2\n|-unboost|p2a: Indeedee|def|2\n|-enditem|p1b: Scovillain|Mirror Herb\n|-boost|p1b: Scovillain|atk|2|[from] item: Mirror Herb\n|move|p2b: Gyarados|Thunder Wave|p1a: Torkoal\n|-status|p1a: Torkoal|par\n|cant|p1a: Torkoal|flinch\n|\n|-weather|SunnyDay|[upkeep]\n|upkeep\n|turn|2\n|\n|t:|1683230680\n|switch|p1a: Dragapult|Dragapult, L50, M|100\/100\n|move|p1b: Scovillain|Crunch|p2a: Indeedee\n|-supereffective|p2a: Indeedee\n|-damage|p2a: Indeedee|0 fnt\n|faint|p2a: Indeedee\n|move|p2b: Gyarados|Thunder Wave|p1b: Scovillain|[miss]\n|-miss|p2b: Gyarados|p1b: Scovillain\n|\n|-weather|SunnyDay|[upkeep]\n|upkeep\n|\n|t:|1683230695\n|switch|p2a: Great Tusk|Great Tusk, L50|100\/100\n|-activate|p2a: Great Tusk|ability: Protosynthesis\n|-start|p2a: Great Tusk|protosynthesisatk\n|turn|3\n|\n|t:|1683230712\n|move|p1b: Scovillain|Spicy Extract|p1a: Dragapult\n|-fail|p1a: Dragapult|unboost|[from] ability: Clear Body|[of] p1a: Dragapult\n|-boost|p1a: Dragapult|atk|2\n|move|p2a: Great Tusk|Rock Slide|p1a: Dragapult|[spread] p1a,p1b\n|-supereffective|p1b: Scovillain\n|-damage|p1a: Dragapult|61\/100\n|-damage|p1b: Scovillain|3\/100\n|move|p1a: Dragapult|Dragon Darts|p2b: Gyarados\n|-damage|p2b: Gyarados|27\/100\n|-enditem|p2b: Gyarados|Sitrus Berry|[eat]\n|-heal|p2b: Gyarados|52\/100|[from] item: Sitrus Berry\n|-anim|p1a: Dragapult|Dragon Darts|p2a: Great Tusk\n|-damage|p2a: Great Tusk|51\/100\n|-damage|p1a: Dragapult|51\/100|[from] item: Life Orb\n|move|p2b: Gyarados|Thunder Wave|p1a: Dragapult|[miss]\n|-miss|p2b: Gyarados|p1a: Dragapult\n|\n|-weather|SunnyDay|[upkeep]\n|upkeep\n|turn|4\n|inactive|StormBirdAR!081 has 30 seconds left.\n|inactive|guts53Mx has 30 seconds left.\n|\n|t:|1683230743\n|move|p1a: Dragapult|Sucker Punch|p2a: Great Tusk\n|-resisted|p2a: Great Tusk\n|-damage|p2a: Great Tusk|29\/100\n|-damage|p1a: Dragapult|41\/100|[from] item: Life Orb\n|move|p1b: Scovillain|Razor Leaf|p2a: Great Tusk|[spread] p2a,p2b\n|-supereffective|p2a: Great Tusk\n|-damage|p2a: Great Tusk|0 fnt\n|-damage|p2b: Gyarados|17\/100\n|faint|p2a: Great Tusk\n|-end|p2a: Great Tusk|Protosynthesis|[silent]\n|move|p2b: Gyarados|Thunder Wave|p1a: Dragapult\n|-status|p1a: Dragapult|par\n|\n|-weather|SunnyDay|[upkeep]\n|upkeep\n|\n|t:|1683230757\n|switch|p2a: Dragonite|Dragonite, L50, M|100\/100\n|turn|5\n|\n|t:|1683230771\n|-terastallize|p2a: Dragonite|Normal\n|move|p2b: Gyarados|Protect|p2b: Gyarados\n|-singleturn|p2b: Gyarados|Protect\n|move|p1b: Scovillain|Razor Leaf|p2b: Gyarados|[spread] p2a\n|-activate|p2b: Gyarados|move: Protect\n|-damage|p2a: Dragonite|83\/100\n|move|p2a: Dragonite|Body Slam|p1b: Scovillain\n|-damage|p1b: Scovillain|0 fnt\n|faint|p1b: Scovillain\n|cant|p1a: Dragapult|par\n|\n|-weather|none\n|upkeep\n|\n|t:|1683230790\n|switch|p1b: Torkoal|Torkoal, L50, M|94\/100 par\n|-weather|SunnyDay|[from] ability: Drought|[of] p1b: Torkoal\n|turn|6\n|inactive|StormBirdAR!081 has 30 seconds left.\n|\n|t:|1683230822\n|cant|p1a: Dragapult|par\n|move|p2a: Dragonite|Body Slam|p1a: Dragapult\n|-immune|p1a: Dragapult\n|move|p2b: Gyarados|Waterfall|p1b: Torkoal\n|-supereffective|p1b: Torkoal\n|-damage|p1b: Torkoal|66\/100 par\n|move|p1b: Torkoal|Earth Power|p2a: Dragonite\n|-damage|p2a: Dragonite|43\/100\n|\n|-weather|SunnyDay|[upkeep]\n|upkeep\n|turn|7\n|\n|t:|1683230839\n|move|p1a: Dragapult|Sucker Punch|p2b: Gyarados\n|-damage|p2b: Gyarados|0 fnt\n|faint|p2b: Gyarados\n|-damage|p1a: Dragapult|31\/100 par|[from] item: Life Orb\n|move|p2a: Dragonite|Body Slam|p1b: Torkoal\n|-damage|p1b: Torkoal|11\/100 par\n|move|p1b: Torkoal|Earth Power|p2a: Dragonite\n|-damage|p2a: Dragonite|0 fnt\n|faint|p2a: Dragonite\n|\n|win|StormBirdAR!081\n|raw|StormBirdAR!081's rating: 1083 → 1105<\/strong> (+22 for winning)\n|raw|guts53Mx's rating: 1010 → 1001<\/strong> (-9 for losing)\n|l|\u2606guts53Mx\n","uploadtime":1683230889,"views":10,"p1id":"stormbirdar081","p2id":"guts53mx","formatid":"gen9vgc2023regulationc","rating":1001,"private":0,"password":""}