{"id":"gen9vgc2023regulationc-1858551939","p1":"capibaraanapoli","p2":"GrifoneFolleVGC","format":"[Gen 9] VGC 2023 Regulation C","log":"|j|\u2606capibaraanapoli\n|j|\u2606GrifoneFolleVGC\n|t:|1683324428\n|gametype|doubles\n|player|p1|capibaraanapoli|102|1313\n|player|p2|GrifoneFolleVGC|cynthia-gen4|1402\n|teamsize|p1|6\n|teamsize|p2|6\n|gen|9\n|tier|[Gen 9] VGC 2023 Regulation C\n|rated|\n|rule|Species Clause: Limit one of each Pok\u00e9mon\n|rule|Item Clause: Limit one of each item\n|clearpoke\n|poke|p1|Ursaring, L50, M|\n|poke|p1|Gardevoir, L50, F|\n|poke|p1|Indeedee-F, L50, F|\n|poke|p1|Appletun, L50, M|\n|poke|p1|Hawlucha, L50, M|\n|poke|p1|Ting-Lu, L50|\n|poke|p2|Garchomp, L50, M|\n|poke|p2|Corviknight, L50, F|\n|poke|p2|Flutter Mane, L50|\n|poke|p2|Chi-Yu, L50|\n|poke|p2|Gyarados, L50, F|\n|poke|p2|Amoonguss, L50, M|\n|teampreview|4\nGrifoneFolleVGC has agreed to open team sheets.\n|inactive|Battle timer is ON: inactive players will automatically lose when time's up. (requested by capibaraanapoli)\n|inactive|GrifoneFolleVGC has 60 seconds left.\n|\n|t:|1683324497\n|start\n|switch|p1a: Hawlucha|Hawlucha, L50, M, shiny|100\/100\n|switch|p1b: Indeedee|Indeedee-F, L50, F|100\/100\n|switch|p2a: Flutter Mane|Flutter Mane, L50|100\/100\n|switch|p2b: Gyarados|Gyarados, L50, F|100\/100\n|-ability|p2b: Gyarados|Intimidate|boost\n|-unboost|p1a: Hawlucha|atk|1\n|-unboost|p1b: Indeedee|atk|1\n|-fieldstart|move: Psychic Terrain|[from] ability: Psychic Surge|[of] p1b: Indeedee\n|-enditem|p1a: Hawlucha|Psychic Seed\n|-boost|p1a: Hawlucha|spd|1|[from] item: Psychic Seed\n|-enditem|p2a: Flutter Mane|Booster Energy\n|-activate|p2a: Flutter Mane|ability: Protosynthesis|[fromitem]\n|-start|p2a: Flutter Mane|protosynthesisspa\n|turn|1\n|\n|t:|1683324515\n|move|p1b: Indeedee|Helping Hand|p1a: Hawlucha\n|-singleturn|p1a: Hawlucha|Helping Hand|[of] p1b: Indeedee\n|move|p2a: Flutter Mane|Protect|p2a: Flutter Mane\n|-singleturn|p2a: Flutter Mane|Protect\n|move|p1a: Hawlucha|Acrobatics|p2a: Flutter Mane\n|-activate|p2a: Flutter Mane|move: Protect\n|move|p2b: Gyarados|Taunt|p1a: Hawlucha\n|-start|p1a: Hawlucha|move: Taunt\n|\n|upkeep\n|turn|2\n|\n|t:|1683324534\n|move|p1b: Indeedee|Helping Hand|p1a: Hawlucha\n|-singleturn|p1a: Hawlucha|Helping Hand|[of] p1b: Indeedee\n|move|p1a: Hawlucha|Acrobatics|p2a: Flutter Mane\n|-damage|p2a: Flutter Mane|8\/100\n|move|p2a: Flutter Mane|Dazzling Gleam|p1a: Hawlucha|[spread] p1a,p1b\n|-supereffective|p1a: Hawlucha\n|-damage|p1a: Hawlucha|15\/100\n|-damage|p1b: Indeedee|62\/100\n|-enditem|p1b: Indeedee|Eject Button\n|\n|t:|1683324545\n|switch|p1b: Ting-Lu|Ting-Lu, L50|100\/100\n|-ability|p1b: Ting-Lu|Vessel of Ruin\n|move|p2b: Gyarados|Thunder Wave|p1a: Hawlucha|[miss]\n|-miss|p2b: Gyarados|p1a: Hawlucha\n|\n|upkeep\n|turn|3\n|inactive|capibaraanapoli has 30 seconds left.\n|inactive|capibaraanapoli has 20 seconds left.\n|\n|t:|1683324585\n|move|p2a: Flutter Mane|Protect|p2a: Flutter Mane\n|-singleturn|p2a: Flutter Mane|Protect\n|move|p1a: Hawlucha|Rock Slide|p2b: Gyarados|[spread] p2b\n|-activate|p2a: Flutter Mane|move: Protect\n|-supereffective|p2b: Gyarados\n|-damage|p2b: Gyarados|82\/100\n|cant|p2b: Gyarados|flinch\n|move|p1b: Ting-Lu|Rock Slide|p2a: Flutter Mane|[spread] p2b\n|-activate|p2a: Flutter Mane|move: Protect\n|-supereffective|p2b: Gyarados\n|-damage|p2b: Gyarados|32\/100\n|-enditem|p2b: Gyarados|Sitrus Berry|[eat]\n|-heal|p2b: Gyarados|57\/100|[from] item: Sitrus Berry\n|\n|upkeep\n|turn|4\n|\n|t:|1683324609\n|-end|p2a: Flutter Mane|Protosynthesis|[silent]\n|switch|p2a: Corviknight|Corviknight, L50, F|100\/100\n|move|p1a: Hawlucha|Rock Slide|p2a: Corviknight|[spread] p2a,p2b\n|-supereffective|p2b: Gyarados\n|-damage|p2a: Corviknight|91\/100\n|-damage|p2b: Gyarados|37\/100\n|move|p2b: Gyarados|Waterfall|p1a: Hawlucha\n|-damage|p1a: Hawlucha|0 fnt\n|faint|p1a: Hawlucha\n|move|p1b: Ting-Lu|Rock Slide|p2b: Gyarados|[spread] p2a,p2b\n|-supereffective|p2b: Gyarados\n|-damage|p2a: Corviknight|66\/100\n|-damage|p2b: Gyarados|0 fnt\n|faint|p2b: Gyarados\n|\n|upkeep\n|c|\u2606GrifoneFolleVGC|un pelo troia la madonna\n|\n|t:|1683324628\n|switch|p1a: Indeedee|Indeedee-F, L50, F|62\/100\n|switch|p2b: Flutter Mane|Flutter Mane, L50|8\/100\n|turn|5\n|\n|t:|1683324636\n|move|p2b: Flutter Mane|Dazzling Gleam|p1b: Ting-Lu|[spread] p1a,p1b\n|-supereffective|p1b: Ting-Lu\n|-damage|p1a: Indeedee|39\/100\n|-damage|p1b: Ting-Lu|66\/100\n|move|p2a: Corviknight|Roost|p2a: Corviknight\n|-heal|p2a: Corviknight|100\/100\n|-singleturn|p2a: Corviknight|move: Roost\n|move|p1a: Indeedee|Dazzling Gleam|p2a: Corviknight|[spread] p2a,p2b\n|-resisted|p2a: Corviknight\n|-damage|p2a: Corviknight|96\/100\n|-damage|p2b: Flutter Mane|0 fnt\n|faint|p2b: Flutter Mane\n|-end|p2b: Flutter Mane|Protosynthesis|[silent]\n|move|p1b: Ting-Lu|Rock Slide|p2a: Corviknight\n|-resisted|p2a: Corviknight\n|-damage|p2a: Corviknight|81\/100\n|\n|-fieldend|move: Psychic Terrain\n|upkeep\n|\n|t:|1683324649\n|switch|p2b: Chi-Yu|Chi-Yu, L50|100\/100\n|-ability|p2b: Chi-Yu|Beads of Ruin\n|turn|6\n|\n|t:|1683324668\n|move|p2b: Chi-Yu|Protect|p2b: Chi-Yu\n|-singleturn|p2b: Chi-Yu|Protect\n|move|p2a: Corviknight|Brave Bird|p1a: Indeedee\n|-damage|p1a: Indeedee|0 fnt\n|faint|p1a: Indeedee\n|-damage|p2a: Corviknight|70\/100|[from] Recoil\n|move|p1b: Ting-Lu|Rock Slide|p2b: Chi-Yu|[spread] p2a\n|-activate|p2b: Chi-Yu|move: Protect\n|-damage|p2a: Corviknight|45\/100\n|\n|upkeep\n|\n|t:|1683324672\n|switch|p1a: Appletun|Appletun, L50, M|100\/100\n|turn|7\n|\n|t:|1683324690\n|-terastallize|p2b: Chi-Yu|Grass\n|move|p2b: Chi-Yu|Heat Wave|p1b: Ting-Lu|[spread] p1a,p1b\n|-damage|p1a: Appletun|77\/100\n|-damage|p1b: Ting-Lu|34\/100\n|-damage|p2b: Chi-Yu|91\/100|[from] item: Life Orb\n|move|p2a: Corviknight|Roost|p2a: Corviknight\n|-heal|p2a: Corviknight|95\/100\n|-singleturn|p2a: Corviknight|move: Roost\n|move|p1b: Ting-Lu|Rock Slide|p2b: Chi-Yu|[spread] p2a,p2b\n|-resisted|p2a: Corviknight\n|-damage|p2a: Corviknight|84\/100\n|-damage|p2b: Chi-Yu|45\/100\n|move|p1a: Appletun|Leech Seed|p2a: Corviknight\n|-start|p2a: Corviknight|move: Leech Seed\n|\n|-heal|p1a: Appletun|83\/100|[from] item: Leftovers\n|-damage|p2a: Corviknight|72\/100|[from] Leech Seed|[of] p1a: Appletun\n|-heal|p1a: Appletun|94\/100|[silent]\n|upkeep\n|turn|8\n|\n|t:|1683324712\n|move|p2b: Chi-Yu|Tera Blast|p1b: Ting-Lu\n|-supereffective|p1b: Ting-Lu\n|-damage|p1b: Ting-Lu|0 fnt\n|faint|p1b: Ting-Lu\n|-damage|p2b: Chi-Yu|36\/100|[from] item: Life Orb\n|move|p2a: Corviknight|Brave Bird|p1a: Appletun\n|-supereffective|p1a: Appletun\n|-damage|p1a: Appletun|33\/100\n|-damage|p2a: Corviknight|50\/100|[from] Recoil\n|move|p1a: Appletun|Iron Defense|p1a: Appletun\n|-boost|p1a: Appletun|def|2\n|\n|-heal|p1a: Appletun|39\/100|[from] item: Leftovers\n|-damage|p2a: Corviknight|38\/100|[from] Leech Seed|[of] p1a: Appletun\n|-heal|p1a: Appletun|51\/100|[silent]\n|upkeep\n|turn|9\n|\n|t:|1683324727\n|move|p1a: Appletun|Protect|p1a: Appletun\n|-singleturn|p1a: Appletun|Protect\n|move|p2b: Chi-Yu|Dark Pulse|p1a: Appletun\n|-activate|p1a: Appletun|move: Protect\n|move|p2a: Corviknight|Roost|p2a: Corviknight\n|-heal|p2a: Corviknight|88\/100\n|-singleturn|p2a: Corviknight|move: Roost\n|\n|-heal|p1a: Appletun|57\/100|[from] item: Leftovers\n|-damage|p2a: Corviknight|76\/100|[from] Leech Seed|[of] p1a: Appletun\n|-heal|p1a: Appletun|68\/100|[silent]\n|upkeep\n|turn|10\n|\n|t:|1683324736\n|-terastallize|p1a: Appletun|Steel\n|move|p2b: Chi-Yu|Heat Wave|p1a: Appletun|[miss]\n|-miss|p2b: Chi-Yu|p1a: Appletun\n|move|p2a: Corviknight|Brave Bird|p1a: Appletun\n|-resisted|p1a: Appletun\n|-damage|p1a: Appletun|60\/100\n|-damage|p2a: Corviknight|73\/100|[from] Recoil\n|move|p1a: Appletun|Body Press|p2b: Chi-Yu\n|-damage|p2b: Chi-Yu|0 fnt\n|faint|p2b: Chi-Yu\n|\n|-heal|p1a: Appletun|66\/100|[from] item: Leftovers\n|-damage|p2a: Corviknight|61\/100|[from] Leech Seed|[of] p1a: Appletun\n|-heal|p1a: Appletun|77\/100|[silent]\n|upkeep\n|turn|11\n|\n|t:|1683324747\n|move|p2a: Corviknight|Roost|p2a: Corviknight\n|-heal|p2a: Corviknight|100\/100\n|-singleturn|p2a: Corviknight|move: Roost\n|move|p1a: Appletun|Body Press|p2a: Corviknight\n|-supereffective|p2a: Corviknight\n|-damage|p2a: Corviknight|30\/100\n|\n|-heal|p1a: Appletun|83\/100|[from] item: Leftovers\n|-damage|p2a: Corviknight|18\/100|[from] Leech Seed|[of] p1a: Appletun\n|-heal|p1a: Appletun|95\/100|[silent]\n|upkeep\n|turn|12\n|-message|GrifoneFolleVGC forfeited.\n|\n|win|capibaraanapoli\n|raw|capibaraanapoli's rating: 1313 → 1338<\/strong> (+25 for winning)\n|raw|GrifoneFolleVGC's rating: 1402 → 1377<\/strong> (-25 for losing)\n","uploadtime":1683324758,"views":6,"p1id":"capibaraanapoli","p2id":"grifonefollevgc","formatid":"gen9vgc2023regulationc","rating":1338,"private":0,"password":""}