{"id":"gen9vgc2023regulationc-1849374332","p1":"R2VGC","p2":"MarcoPiero","format":"[Gen 9] VGC 2023 Regulation C","log":"|j|\u2606R2VGC\n|j|\u2606MarcoPiero\n|t:|1682191409\n|gametype|doubles\n|player|p1|R2VGC|170|1251\n|player|p2|MarcoPiero|dancer|1335\n|teamsize|p1|6\n|teamsize|p2|6\n|gen|9\n|tier|[Gen 9] VGC 2023 Regulation C\n|rated|\n|rule|Species Clause: Limit one of each Pok\u00e9mon\n|rule|Item Clause: Limit one of each item\n|clearpoke\n|poke|p1|Flutter Mane, L50|\n|poke|p1|Garganacl, L50, F|\n|poke|p1|Amoonguss, L50, F|\n|poke|p1|Palafin, L50, M|\n|poke|p1|Arcanine, L50, M|\n|poke|p1|Ting-Lu, L50|\n|poke|p2|Arcanine, L50, F|\n|poke|p2|Chien-Pao, L50|\n|poke|p2|Dragapult, L50, M|\n|poke|p2|Flutter Mane, L50|\n|poke|p2|Amoonguss, L50, F|\n|poke|p2|Palafin, L50, M|\n|teampreview|4\n|inactive|Battle timer is ON: inactive players will automatically lose when time's up. (requested by MarcoPiero)\n|inactive|MarcoPiero has 60 seconds left.\n|\n|t:|1682191454\n|start\n|switch|p1a: Garganacl|Garganacl, L50, F|100\/100\n|switch|p1b: Arcanine|Arcanine, L50, M|100\/100\n|switch|p2a: Palafin|Palafin, L50, M|100\/100\n|switch|p2b: Dragapult|Dragapult, L50, M|100\/100\n|-ability|p1b: Arcanine|Intimidate|boost\n|-unboost|p2a: Palafin|atk|1\n|-fail|p2b: Dragapult|unboost|[from] ability: Clear Body|[of] p2b: Dragapult\n|turn|1\n|inactive|R2VGC has 30 seconds left.\n|inactive|MarcoPiero has 30 seconds left.\n|inactive|MarcoPiero has 20 seconds left.\n|\n|t:|1682191493\n|detailschange|p2a: Palafin|Palafin-Hero, L50, M\n|switch|p2a: Chien-Pao|Chien-Pao, L50|100\/100\n|-ability|p2a: Chien-Pao|Sword of Ruin\n|-terastallize|p2b: Dragapult|Steel\n|move|p2b: Dragapult|Tera Blast|p1a: Garganacl\n|-supereffective|p1a: Garganacl\n|-damage|p1a: Garganacl|1\/100\n|move|p1b: Arcanine|Will-O-Wisp|p2b: Dragapult\n|-status|p2b: Dragapult|brn\n|move|p1a: Garganacl|Salt Cure|p2b: Dragapult\n|-resisted|p2b: Dragapult\n|-damage|p2b: Dragapult|89\/100 brn\n|-start|p2b: Dragapult|Salt Cure\n|\n|-heal|p1a: Garganacl|7\/100|[from] item: Leftovers\n|-damage|p2b: Dragapult|83\/100 brn|[from] brn\n|-damage|p2b: Dragapult|58\/100 brn|[from] Salt Cure\n|upkeep\n|turn|2\n|inactive|R2VGC has 30 seconds left.\n|inactive|MarcoPiero has 30 seconds left.\n|inactive|MarcoPiero has 20 seconds left.\n|\n|t:|1682191531\n|switch|p2a: Arcanine|Arcanine, L50, F|100\/100\n|-ability|p2a: Arcanine|Intimidate|boost\n|-unboost|p1a: Garganacl|atk|1\n|-unboost|p1b: Arcanine|atk|1\n|move|p1a: Garganacl|Protect|p1a: Garganacl\n|-singleturn|p1a: Garganacl|Protect\n|move|p2b: Dragapult|Tera Blast|p1a: Garganacl\n|-activate|p1a: Garganacl|move: Protect\n|move|p1b: Arcanine|Will-O-Wisp|p2a: Arcanine\n|-immune|p2a: Arcanine\n|\n|-heal|p1a: Garganacl|13\/100|[from] item: Leftovers\n|-damage|p2b: Dragapult|52\/100 brn|[from] brn\n|-damage|p2b: Dragapult|27\/100 brn|[from] Salt Cure\n|upkeep\n|turn|3\n|inactive|MarcoPiero has 30 seconds left.\n|inactive|MarcoPiero has 20 seconds left.\n|\n|t:|1682191568\n|switch|p2b: Chien-Pao|Chien-Pao, L50|100\/100\n|-ability|p2b: Chien-Pao|Sword of Ruin\n|switch|p1a: Amoonguss|Amoonguss, L50, F|100\/100\n|move|p1b: Arcanine|Extreme Speed|p2a: Arcanine\n|-damage|p2a: Arcanine|79\/100\n|move|p2a: Arcanine|Flare Blitz|p1a: Amoonguss\n|-supereffective|p1a: Amoonguss\n|-damage|p1a: Amoonguss|0 fnt\n|-damage|p2a: Arcanine|63\/100|[from] item: Rocky Helmet|[of] p1a: Amoonguss\n|faint|p1a: Amoonguss\n|-damage|p2a: Arcanine|26\/100|[from] Recoil\n|\n|upkeep\n|\n|t:|1682191583\n|switch|p1a: Flutter Mane|Flutter Mane, L50|100\/100\n|turn|4\n|inactive|MarcoPiero has 30 seconds left.\n|\n|t:|1682191611\n|-terastallize|p1a: Flutter Mane|Fairy\n|move|p1b: Arcanine|Extreme Speed|p2b: Chien-Pao\n|-damage|p2b: Chien-Pao|77\/100\n|move|p2a: Arcanine|Extreme Speed|p1b: Arcanine\n|-damage|p1b: Arcanine|73\/100\n|move|p2b: Chien-Pao|Sucker Punch|p1a: Flutter Mane\n|-resisted|p1a: Flutter Mane\n|-damage|p1a: Flutter Mane|56\/100\n|move|p1a: Flutter Mane|Dazzling Gleam|p2b: Chien-Pao|[spread] p2a,p2b\n|-resisted|p2a: Arcanine\n|-supereffective|p2b: Chien-Pao\n|-damage|p2a: Arcanine|0 fnt\n|-damage|p2b: Chien-Pao|0 fnt\n|faint|p2a: Arcanine\n|faint|p2b: Chien-Pao\n|\n|upkeep\n|\n|t:|1682191625\n|switch|p2b: Palafin|Palafin-Hero, L50, M|100\/100\n|switch|p2a: Dragapult|Dragapult, L50, M, tera:Steel|27\/100 brn\n|-activate|p2b: Palafin|ability: Zero to Hero\n|turn|5\n|\n|t:|1682191644\n|-end|p1a: Flutter Mane|Protosynthesis|[silent]\n|switch|p1a: Garganacl|Garganacl, L50, F|13\/100\n|move|p1b: Arcanine|Extreme Speed|p2b: Palafin\n|-damage|p2b: Palafin|85\/100\n|move|p2b: Palafin|Jet Punch|p1a: Garganacl\n|-supereffective|p1a: Garganacl\n|-damage|p1a: Garganacl|0 fnt\n|faint|p1a: Garganacl\n|move|p2a: Dragapult|Phantom Force||[still]\n|-prepare|p2a: Dragapult|Phantom Force\n|\n|-damage|p2a: Dragapult|21\/100 brn|[from] brn\n|upkeep\n|\n|t:|1682191656\n|switch|p1a: Flutter Mane|Flutter Mane, L50, tera:Fairy|56\/100\n|turn|6\n|\n|t:|1682191667\n|move|p2b: Palafin|Jet Punch|p1b: Arcanine\n|-supereffective|p1b: Arcanine\n|-damage|p1b: Arcanine|0 fnt\n|faint|p1b: Arcanine\n|move|p2a: Dragapult|Phantom Force|p1a: Flutter Mane|[from]lockedmove\n|-damage|p1a: Flutter Mane|0 fnt\n|faint|p1a: Flutter Mane\n|-end|p1a: Flutter Mane|Protosynthesis|[silent]\n|\n|win|MarcoPiero\n|raw|R2VGC's rating: 1251 → 1232<\/strong> (-19 for losing)\n|raw|MarcoPiero's rating: 1335 → 1350<\/strong> (+15 for winning)\n","uploadtime":1682191713,"views":8,"p1id":"r2vgc","p2id":"marcopiero","formatid":"gen9vgc2023regulationc","rating":1232,"private":0,"password":""}