{"id":"gen9vgc2023regulationc-1852057233","p1":"Keroki","p2":"LibraryMushroom","format":"[Gen 9] VGC 2023 Regulation C","log":"|j|\u2606Keroki\n|j|\u2606LibraryMushroom\n|t:|1682520582\n|gametype|doubles\n|player|p1|Keroki|dawn|1044\n|player|p2|LibraryMushroom|blue|1042\n|teamsize|p1|6\n|teamsize|p2|6\n|gen|9\n|tier|[Gen 9] VGC 2023 Regulation C\n|rated|\n|rule|Species Clause: Limit one of each Pok\u00e9mon\n|rule|Item Clause: Limit one of each item\n|clearpoke\n|poke|p1|Abomasnow, L50, F|\n|poke|p1|Baxcalibur, L50, M|\n|poke|p1|Iron Bundle, L50|\n|poke|p1|Gholdengo, L50|\n|poke|p1|Pawmot, L50, F|\n|poke|p1|Arboliva, L50, M|\n|poke|p2|Scizor, L50, F|\n|poke|p2|Flutter Mane, L50|\n|poke|p2|Chien-Pao, L50|\n|poke|p2|Arcanine, L50, F|\n|poke|p2|Azumarill, L50, F|\n|poke|p2|Amoonguss, L50, M|\n|teampreview|4\n|inactive|Battle timer is ON: inactive players will automatically lose when time's up. (requested by Keroki)\n|inactive|LibraryMushroom has 60 seconds left.\n|\n|t:|1682520631\n|start\n|switch|p1a: Arboliva|Arboliva, L50, M|100\/100\n|switch|p1b: Iron Bundle|Iron Bundle, L50|100\/100\n|switch|p2a: Ice Weasel|Chien-Pao, L50|100\/100\n|switch|p2b: Scissors|Scizor, L50, F|100\/100\n|-ability|p2a: Ice Weasel|Sword of Ruin\n|turn|1\n|inactive|Keroki has 30 seconds left.\n|inactive|Keroki has 20 seconds left.\n|inactive|Keroki has 15 seconds left.\n|\n|t:|1682520673\n|move|p2b: Scissors|Bullet Punch|p1b: Iron Bundle\n|-damage|p1b: Iron Bundle|54\/100\n|move|p2a: Ice Weasel|Sacred Sword|p1b: Iron Bundle\n|-supereffective|p1b: Iron Bundle\n|-damage|p1b: Iron Bundle|0 fnt\n|faint|p1b: Iron Bundle\n|-end|p1b: Iron Bundle|Quark Drive|[silent]\n|move|p1a: Arboliva|Leaf Storm|p2a: Ice Weasel\n|-enditem|p2a: Ice Weasel|Focus Sash\n|-damage|p2a: Ice Weasel|1\/100\n|-unboost|p1a: Arboliva|spa|2\n|\n|upkeep\n|\n|t:|1682520682\n|switch|p1b: Abomasnow|Abomasnow, L50, F|100\/100\n|-weather|Snow|[from] ability: Snow Warning|[of] p1b: Abomasnow\n|turn|2\n|\n|t:|1682520695\n|switch|p1a: Baxcalibur|Baxcalibur, L50, M|100\/100\n|move|p2b: Scissors|Bullet Punch|p1b: Abomasnow\n|-supereffective|p1b: Abomasnow\n|-damage|p1b: Abomasnow|32\/100\n|move|p2a: Ice Weasel|Ice Spinner|p1a: Baxcalibur\n|-damage|p1a: Baxcalibur|66\/100\n|move|p1b: Abomasnow|Aurora Veil|p1b: Abomasnow\n|-sidestart|p1: Keroki|move: Aurora Veil\n|\n|-weather|Snow|[upkeep]\n|-heal|p1a: Baxcalibur|72\/100|[from] ability: Ice Body\n|-heal|p1a: Baxcalibur|78\/100|[from] item: Leftovers\n|upkeep\n|turn|3\n|\n|t:|1682520717\n|move|p1b: Abomasnow|Protect|p1b: Abomasnow\n|-singleturn|p1b: Abomasnow|Protect\n|move|p2b: Scissors|Bullet Punch|p1b: Abomasnow\n|-activate|p1b: Abomasnow|move: Protect\n|move|p2a: Ice Weasel|Sacred Sword|p1a: Baxcalibur\n|-supereffective|p1a: Baxcalibur\n|-damage|p1a: Baxcalibur|41\/100\n|move|p1a: Baxcalibur|Brick Break|p2a: Ice Weasel\n|-supereffective|p2a: Ice Weasel\n|-damage|p2a: Ice Weasel|0 fnt\n|faint|p2a: Ice Weasel\n|\n|-weather|Snow|[upkeep]\n|-heal|p1a: Baxcalibur|47\/100|[from] ability: Ice Body\n|-heal|p1a: Baxcalibur|53\/100|[from] item: Leftovers\n|upkeep\n|\n|t:|1682520726\n|switch|p2a: Jessica|Azumarill, L50, F|100\/100\n|turn|4\n|\n|t:|1682520744\n|switch|p1a: Arboliva|Arboliva, L50, M|100\/100\n|-terastallize|p1b: Abomasnow|Water\n|move|p2b: Scissors|Bullet Punch|p1b: Abomasnow\n|-resisted|p1b: Abomasnow\n|-damage|p1b: Abomasnow|18\/100\n|move|p1b: Abomasnow|Giga Drain|p2a: Jessica\n|-supereffective|p2a: Jessica\n|-damage|p2a: Jessica|59\/100\n|-heal|p1b: Abomasnow|40\/100|[from] drain|[of] p2a: Jessica\n|move|p2a: Jessica|Play Rough|p1a: Arboliva\n|-damage|p1a: Arboliva|58\/100\n|-fieldstart|move: Grassy Terrain|[from] ability: Seed Sower|[of] p1a: Arboliva\n|\n|-weather|Snow|[upkeep]\n|-heal|p1b: Abomasnow|46\/100|[from] Grassy Terrain\n|-heal|p2a: Jessica|65\/100|[from] Grassy Terrain\n|-heal|p1a: Arboliva|64\/100|[from] Grassy Terrain\n|upkeep\n|turn|5\n|\n|t:|1682520768\n|move|p2b: Scissors|U-turn|p1a: Arboliva\n|-supereffective|p1a: Arboliva\n|-damage|p1a: Arboliva|7\/100\n|-enditem|p1a: Arboliva|Sitrus Berry|[eat]\n|-heal|p1a: Arboliva|32\/100|[from] item: Sitrus Berry\n|\n|t:|1682520781\n|switch|p2b: Fido|Arcanine, L50, F|100\/100|[from] U-turn\n|-ability|p2b: Fido|Intimidate|boost\n|-unboost|p1a: Arboliva|atk|1\n|-unboost|p1b: Abomasnow|atk|1\n|move|p1b: Abomasnow|Giga Drain|p2a: Jessica\n|-supereffective|p2a: Jessica\n|-damage|p2a: Jessica|13\/100\n|-heal|p1b: Abomasnow|74\/100|[from] drain|[of] p2a: Jessica\n|move|p2a: Jessica|Play Rough|p1b: Abomasnow\n|-damage|p1b: Abomasnow|31\/100\n|move|p1a: Arboliva|Leaf Storm|p2a: Jessica\n|-supereffective|p2a: Jessica\n|-damage|p2a: Jessica|0 fnt\n|-unboost|p1a: Arboliva|spa|2\n|faint|p2a: Jessica\n|\n|-weather|Snow|[upkeep]\n|-heal|p1b: Abomasnow|38\/100|[from] Grassy Terrain\n|-heal|p1a: Arboliva|38\/100|[from] Grassy Terrain\n|upkeep\n|\n|t:|1682520783\n|switch|p2a: Scissors|Scizor, L50, F|100\/100\n|turn|6\n|\n|t:|1682520802\n|switch|p1a: Baxcalibur|Baxcalibur, L50, M|53\/100\n|move|p2b: Fido|Howl|p2b: Fido|[spread] p2a,p2b\n|-boost|p2a: Scissors|atk|1\n|-boost|p2b: Fido|atk|1\n|move|p2a: Scissors|U-turn|p1a: Baxcalibur\n|-crit|p1a: Baxcalibur\n|-damage|p1a: Baxcalibur|0 fnt\n|faint|p1a: Baxcalibur\n|move|p1b: Abomasnow|Blizzard|p2b: Fido|[spread] p2a,p2b\n|-resisted|p2a: Scissors\n|-resisted|p2b: Fido\n|-damage|p2a: Scissors|80\/100\n|-damage|p2b: Fido|82\/100\n|\n|-weather|none\n|-heal|p2b: Fido|88\/100|[from] Grassy Terrain\n|-heal|p2a: Scissors|86\/100|[from] Grassy Terrain\n|-heal|p1b: Abomasnow|44\/100|[from] Grassy Terrain\n|-sideend|p1: Keroki|move: Aurora Veil\n|upkeep\n|\n|t:|1682520809\n|switch|p1a: Arboliva|Arboliva, L50, M|38\/100\n|turn|7\n|-message|Keroki forfeited.\n|\n|win|LibraryMushroom\n|raw|Keroki's rating: 1044 → 1027<\/strong> (-17 for losing)\n|raw|LibraryMushroom's rating: 1042 → 1076<\/strong> (+34 for winning)\n|l|\u2606Keroki\n","uploadtime":1682520824,"views":16,"p1id":"keroki","p2id":"librarymushroom","formatid":"gen9vgc2023regulationc","rating":1027,"private":0,"password":""}