{"id":"gen9vgc2023regulationc-1846041910","p1":"99jiuli","p2":"AItaChidori24","format":"[Gen 9] VGC 2023 Regulation C","log":"|j|\u260699jiuli\n|j|\u2606AItaChidori24\n|t:|1681796245\n|gametype|doubles\n|player|p1|99jiuli|169|1097\n|player|p2|AItaChidori24|265|1000\n|teamsize|p1|6\n|teamsize|p2|6\n|gen|9\n|tier|[Gen 9] VGC 2023 Regulation C\n|rated|\n|rule|Species Clause: Limit one of each Pok\u00e9mon\n|rule|Item Clause: Limit one of each item\n|clearpoke\n|poke|p1|Torkoal, L50, F|\n|poke|p1|Lilligant, L50, F|\n|poke|p1|Dragonite, L50, M|\n|poke|p1|Chien-Pao, L50|\n|poke|p1|Great Tusk, L50|\n|poke|p1|Flutter Mane, L50|\n|poke|p2|Palafin, L50, F|\n|poke|p2|Chien-Pao, L50|\n|poke|p2|Roaring Moon, L50|\n|poke|p2|Amoonguss, L50, F|\n|poke|p2|Arcanine, L50, F|\n|poke|p2|Flutter Mane, L50|\n|teampreview|4\n|inactive|Battle timer is ON: inactive players will automatically lose when time's up. (requested by 99jiuli)\n|inactive|99jiuli has 60 seconds left.\n|inactive|AItaChidori24 has 60 seconds left.\n|\n|t:|1681796288\n|start\n|switch|p1a: Torkoal|Torkoal, L50, F|100\/100\n|switch|p1b: Lilligant|Lilligant, L50, F|100\/100\n|switch|p2a: Roaring Moon|Roaring Moon, L50|100\/100\n|switch|p2b: Dozo|Palafin, L50, F|100\/100\n|-weather|SunnyDay|[from] ability: Drought|[of] p1a: Torkoal\n|-activate|p2a: Roaring Moon|ability: Protosynthesis\n|-start|p2a: Roaring Moon|protosynthesisatk\n|turn|1\n|\n|t:|1681796313\n|detailschange|p2b: Dozo|Palafin-Hero, L50, F\n|switch|p2b: ChiYu|Arcanine, L50, F|100\/100\n|-ability|p2b: ChiYu|Intimidate|boost\n|-unboost|p1a: Torkoal|atk|1\n|-unboost|p1b: Lilligant|atk|1\n|move|p1b: Lilligant|Sleep Powder|p2a: Roaring Moon\n|-status|p2a: Roaring Moon|slp|[from] move: Sleep Powder\n|cant|p2a: Roaring Moon|slp\n|move|p1a: Torkoal|Eruption|p2b: ChiYu|[spread] p2a,p2b\n|-resisted|p2a: Roaring Moon\n|-resisted|p2b: ChiYu\n|-damage|p2a: Roaring Moon|54\/100 slp\n|-damage|p2b: ChiYu|53\/100\n|\n|-weather|SunnyDay|[upkeep]\n|-heal|p2a: Roaring Moon|60\/100 slp|[from] item: Leftovers\n|upkeep\n|turn|2\n|\n|t:|1681796334\n|move|p1b: Lilligant|Sleep Powder|p2b: ChiYu\n|-activate|p2b: ChiYu|item: Safety Goggles|Sleep Powder\n|-curestatus|p2a: Roaring Moon|slp|[msg]\n|move|p2a: Roaring Moon|Dragon Dance|p2a: Roaring Moon\n|-boost|p2a: Roaring Moon|atk|1\n|-boost|p2a: Roaring Moon|spe|1\n|move|p2b: ChiYu|Flare Blitz|p1b: Lilligant\n|-supereffective|p1b: Lilligant\n|-damage|p1b: Lilligant|0 fnt\n|faint|p1b: Lilligant\n|-damage|p2b: ChiYu|23\/100|[from] Recoil\n|move|p1a: Torkoal|Eruption|p2a: Roaring Moon|[spread] p2a,p2b\n|-resisted|p2a: Roaring Moon\n|-resisted|p2b: ChiYu\n|-damage|p2a: Roaring Moon|19\/100\n|-damage|p2b: ChiYu|0 fnt\n|faint|p2b: ChiYu\n|\n|-weather|SunnyDay|[upkeep]\n|-heal|p2a: Roaring Moon|25\/100|[from] item: Leftovers\n|upkeep\n|inactive|99jiuli has 30 seconds left.\n|\n|t:|1681796359\n|switch|p1b: Dragonite|Dragonite, L50, M|100\/100\n|switch|p2b: Dozo|Palafin-Hero, L50, F|100\/100\n|-activate|p2b: Dozo|ability: Zero to Hero\n|turn|3\n|\n|t:|1681796372\n|move|p2a: Roaring Moon|Protect|p2a: Roaring Moon\n|-singleturn|p2a: Roaring Moon|Protect\n|move|p1a: Torkoal|Protect|p1a: Torkoal\n|-singleturn|p1a: Torkoal|Protect\n|move|p1b: Dragonite|Extreme Speed|p2a: Roaring Moon\n|-activate|p2a: Roaring Moon|move: Protect\n|move|p2b: Dozo|Wave Crash|p1a: Torkoal\n|-activate|p1a: Torkoal|move: Protect\n|\n|-weather|SunnyDay|[upkeep]\n|-heal|p2a: Roaring Moon|32\/100|[from] item: Leftovers\n|upkeep\n|turn|4\n|inactive|AItaChidori24 has 30 seconds left.\n|inactive|AItaChidori24 has 20 seconds left.\n|\n|t:|1681796408\n|move|p1b: Dragonite|Extreme Speed|p2a: Roaring Moon\n|-damage|p2a: Roaring Moon|0 fnt\n|faint|p2a: Roaring Moon\n|-end|p2a: Roaring Moon|Protosynthesis|[silent]\n|move|p2b: Dozo|Wave Crash|p1a: Torkoal\n|-supereffective|p1a: Torkoal\n|-damage|p1a: Torkoal|33\/100\n|-damage|p2b: Dozo|81\/100|[from] Recoil\n|move|p1a: Torkoal|Heat Wave|p2b: Dozo\n|-resisted|p2b: Dozo\n|-damage|p2b: Dozo|46\/100\n|\n|-weather|SunnyDay|[upkeep]\n|upkeep\n|\n|t:|1681796420\n|switch|p2a: Bundle|Chien-Pao, L50|100\/100\n|-ability|p2a: Bundle|Sword of Ruin\n|turn|5\n|\n|t:|1681796441\n|-terastallize|p2a: Bundle|Ghost\n|-terastallize|p1b: Dragonite|Flying\n|move|p2b: Dozo|Protect|p2b: Dozo\n|-singleturn|p2b: Dozo|Protect\n|move|p1a: Torkoal|Protect|p1a: Torkoal\n|-singleturn|p1a: Torkoal|Protect\n|move|p1b: Dragonite|Extreme Speed|p2b: Dozo\n|-activate|p2b: Dozo|move: Protect\n|move|p2a: Bundle|Ice Spinner|p1b: Dragonite\n|-supereffective|p1b: Dragonite\n|-damage|p1b: Dragonite|49\/100\n|\n|-weather|none\n|upkeep\n|turn|6\n|inactive|AItaChidori24 has 30 seconds left.\n|\n|t:|1681796467\n|move|p1b: Dragonite|Extreme Speed|p2b: Dozo\n|-damage|p2b: Dozo|0 fnt\n|faint|p2b: Dozo\n|move|p2a: Bundle|Ice Spinner|p1b: Dragonite\n|-supereffective|p1b: Dragonite\n|-damage|p1b: Dragonite|0 fnt\n|faint|p1b: Dragonite\n|move|p1a: Torkoal|Heat Wave|p2a: Bundle\n|-damage|p2a: Bundle|19\/100\n|-status|p2a: Bundle|brn\n|\n|-damage|p2a: Bundle|13\/100 brn|[from] brn\n|upkeep\n|\n|t:|1681796480\n|switch|p1b: Chien-Pao|Chien-Pao, L50|100\/100\n|-ability|p1b: Chien-Pao|Sword of Ruin\n|turn|7\n|-message|AItaChidori24 forfeited.\n|\n|win|99jiuli\n|raw|99jiuli's rating: 1097 → 1116<\/strong> (+19 for winning)\n|raw|AItaChidori24's rating: 1000 → 1000<\/strong> (+0 for losing)\n|l|\u2606AItaChidori24\n","uploadtime":1681796493,"views":9,"p1id":"99jiuli","p2id":"aitachidori24","formatid":"gen9vgc2023regulationc","rating":1000,"private":0,"password":""}