{"id":"gen9vgc2023regulationc-1861246550","p1":"DocBobPA","p2":"ScrubShadedPurple","format":"[Gen 9] VGC 2023 Regulation C","log":"|j|\u2606DocBobPA\n|j|\u2606ScrubShadedPurple\n|t:|1683739212\n|gametype|doubles\n|player|p1|DocBobPA|pokemaniac|1125\n|player|p2|ScrubShadedPurple|170|1103\n|teamsize|p1|6\n|teamsize|p2|6\n|gen|9\n|tier|[Gen 9] VGC 2023 Regulation C\n|rated|\n|rule|Species Clause: Limit one of each Pok\u00e9mon\n|rule|Item Clause: Limit one of each item\n|clearpoke\n|poke|p1|Chi-Yu, L50|\n|poke|p1|Torkoal, L50, F|\n|poke|p1|Skeledirge, L50, M|\n|poke|p1|Armarouge, L50, F|\n|poke|p1|Flutter Mane, L50|\n|poke|p1|Indeedee-F, L50, F|\n|poke|p2|Revavroom, L50, M|\n|poke|p2|Gyarados, L50, M|\n|poke|p2|Maushold, L50|\n|poke|p2|Volcarona, L50, M|\n|poke|p2|Ting-Lu, L50|\n|poke|p2|Flutter Mane, L50|\n|teampreview|4\n|inactive|Battle timer is ON: inactive players will automatically lose when time's up. (requested by DocBobPA)\n|inactive|ScrubShadedPurple has 60 seconds left.\n|\n|t:|1683739256\n|start\n|switch|p1a: Torkoal|Torkoal, L50, F|100\/100\n|switch|p1b: Indeedee|Indeedee-F, L50, F|100\/100\n|switch|p2a: Maushold|Maushold, L50|100\/100\n|switch|p2b: Revavroom|Revavroom, L50, M|100\/100\n|-fieldstart|move: Psychic Terrain|[from] ability: Psychic Surge|[of] p1b: Indeedee\n|-weather|SunnyDay|[from] ability: Drought|[of] p1a: Torkoal\n|turn|1\n|\n|t:|1683739280\n|switch|p2b: Ting-Lu|Ting-Lu, L50|100\/100\n|-ability|p2b: Ting-Lu|Vessel of Ruin\n|move|p2a: Maushold|Protect|p2a: Maushold\n|-singleturn|p2a: Maushold|Protect\n|move|p1b: Indeedee|Follow Me|p1b: Indeedee\n|-singleturn|p1b: Indeedee|move: Follow Me\n|move|p1a: Torkoal|Eruption|p2a: Maushold|[spread] p2b\n|-activate|p2a: Maushold|move: Protect\n|-damage|p2b: Ting-Lu|80\/100\n|\n|-weather|SunnyDay|[upkeep]\n|upkeep\n|turn|2\n|\n|t:|1683739303\n|move|p1b: Indeedee|Follow Me|p1b: Indeedee\n|-singleturn|p1b: Indeedee|move: Follow Me\n|move|p2a: Maushold|Population Bomb|p1b: Indeedee\n|-damage|p1b: Indeedee|94\/100\n|-damage|p1b: Indeedee|88\/100\n|-damage|p1b: Indeedee|81\/100\n|-damage|p1b: Indeedee|76\/100\n|-damage|p1b: Indeedee|69\/100\n|-damage|p1b: Indeedee|62\/100\n|-damage|p1b: Indeedee|56\/100\n|-damage|p1b: Indeedee|50\/100\n|-damage|p1b: Indeedee|43\/100\n|-damage|p1b: Indeedee|36\/100\n|-hitcount|p1b: Indeedee|10\n|-enditem|p1b: Indeedee|Eject Button\n|\n|t:|1683739320\n|switch|p1b: Armarouge|Armarouge, L50, F|100\/100\n|move|p2b: Ting-Lu|Stomping Tantrum|p1a: Torkoal\n|-supereffective|p1a: Torkoal\n|-damage|p1a: Torkoal|41\/100\n|move|p1a: Torkoal|Eruption|p2b: Ting-Lu|[spread] p2a,p2b\n|-damage|p2a: Maushold|72\/100\n|-damage|p2b: Ting-Lu|70\/100\n|\n|-weather|SunnyDay|[upkeep]\n|upkeep\n|turn|3\n|inactive|ScrubShadedPurple has 30 seconds left.\n|inactive|ScrubShadedPurple has 20 seconds left.\n|inactive|ScrubShadedPurple has 15 seconds left.\n|inactive|ScrubShadedPurple has 10 seconds left.\n|\n|t:|1683739367\n|-terastallize|p1b: Armarouge|Grass\n|move|p2a: Maushold|Protect|p2a: Maushold\n|-singleturn|p2a: Maushold|Protect\n|move|p1a: Torkoal|Protect|p1a: Torkoal\n|-singleturn|p1a: Torkoal|Protect\n|move|p2b: Ting-Lu|Earthquake|p1a: Torkoal|[spread] p1b\n|-activate|p2a: Maushold|move: Protect\n|-activate|p1a: Torkoal|move: Protect\n|-resisted|p1b: Armarouge\n|-damage|p1b: Armarouge|87\/100\n|move|p1b: Armarouge|Trick Room|p1b: Armarouge\n|-fieldstart|move: Trick Room|[of] p1b: Armarouge\n|\n|-weather|SunnyDay|[upkeep]\n|-heal|p1b: Armarouge|93\/100|[from] item: Leftovers\n|upkeep\n|turn|4\n|inactive|DocBobPA has 30 seconds left.\n|inactive|ScrubShadedPurple has 30 seconds left.\n|\n|t:|1683739395\n|move|p1a: Torkoal|Lava Plume|p2a: Maushold|[spread] p2a,p2b\n|-start|p1b: Armarouge|ability: Flash Fire\n|-damage|p2a: Maushold|38\/100\n|-damage|p2b: Ting-Lu|58\/100\n|-status|p2a: Maushold|brn\n|move|p2b: Ting-Lu|Ruination|p1b: Armarouge\n|-damage|p1b: Armarouge|47\/100\n|move|p1b: Armarouge|Energy Ball|p2b: Ting-Lu\n|-supereffective|p2b: Ting-Lu\n|-damage|p2b: Ting-Lu|35\/100\n|move|p2a: Maushold|Encore|p1b: Armarouge\n|-start|p1b: Armarouge|Encore\n|\n|-weather|SunnyDay|[upkeep]\n|-heal|p1b: Armarouge|53\/100|[from] item: Leftovers\n|-damage|p2a: Maushold|31\/100 brn|[from] brn\n|upkeep\n|turn|5\n|inactive|DocBobPA has 30 seconds left.\n|inactive|ScrubShadedPurple has 30 seconds left.\n|\n|t:|1683739429\n|move|p1a: Torkoal|Lava Plume|p2b: Ting-Lu|[spread] p2a,p2b\n|-immune|p1b: Armarouge|[from] ability: Flash Fire\n|-damage|p2a: Maushold|0 fnt\n|-damage|p2b: Ting-Lu|23\/100\n|faint|p2a: Maushold\n|move|p2b: Ting-Lu|Stomping Tantrum|p1a: Torkoal\n|-supereffective|p1a: Torkoal\n|-damage|p1a: Torkoal|0 fnt\n|faint|p1a: Torkoal\n|move|p1b: Armarouge|Energy Ball|p2b: Ting-Lu\n|-supereffective|p2b: Ting-Lu\n|-damage|p2b: Ting-Lu|0 fnt\n|faint|p2b: Ting-Lu\n|\n|-weather|none\n|-heal|p1b: Armarouge|59\/100|[from] item: Leftovers\n|-fieldend|move: Psychic Terrain\n|upkeep\n|\n|t:|1683739454\n|switch|p1a: Indeedee|Indeedee-F, L50, F|36\/100\n|switch|p2b: Gyarados|Gyarados, L50, M|100\/100\n|switch|p2a: Revavroom|Revavroom, L50, M|100\/100\n|-ability|p2b: Gyarados|Intimidate|boost\n|-unboost|p1a: Indeedee|atk|1\n|-unboost|p1b: Armarouge|atk|1\n|-fieldstart|move: Psychic Terrain|[from] ability: Psychic Surge|[of] p1a: Indeedee\n|turn|6\n|inactive|ScrubShadedPurple has 30 seconds left.\n|inactive|ScrubShadedPurple has 20 seconds left.\n|inactive|ScrubShadedPurple has 15 seconds left.\n|\n|t:|1683739497\n|move|p1b: Armarouge|Energy Ball|p2b: Gyarados\n|-damage|p2b: Gyarados|63\/100\n|move|p2b: Gyarados|Taunt|p1a: Indeedee\n|-start|p1a: Indeedee|move: Taunt\n|move|p1a: Indeedee|Hyper Voice|p2b: Gyarados|[spread] p2a,p2b\n|-resisted|p2a: Revavroom\n|-damage|p2a: Revavroom|82\/100\n|-damage|p2b: Gyarados|44\/100\n|move|p2a: Revavroom|Shift Gear|p2a: Revavroom\n|-boost|p2a: Revavroom|spe|2\n|-boost|p2a: Revavroom|atk|1\n|\n|-heal|p1b: Armarouge|66\/100|[from] item: Leftovers\n|upkeep\n|turn|7\n|inactive|ScrubShadedPurple has 30 seconds left.\n|\n|t:|1683739529\n|move|p1b: Armarouge|Energy Ball|p2b: Gyarados\n|-damage|p2b: Gyarados|11\/100\n|-enditem|p2b: Gyarados|Iapapa Berry|[eat]\n|-heal|p2b: Gyarados|45\/100|[from] item: Iapapa Berry\n|move|p1a: Indeedee|Psychic|p2a: Revavroom\n|-damage|p2a: Revavroom|14\/100\n|move|p2b: Gyarados|Waterfall|p1a: Indeedee\n|-damage|p1a: Indeedee|0 fnt\n|faint|p1a: Indeedee\n|move|p2a: Revavroom|Poison Jab|p1b: Armarouge\n|-supereffective|p1b: Armarouge\n|-damage|p1b: Armarouge|0 fnt\n|faint|p1b: Armarouge\n|\n|-fieldend|move: Trick Room\n|upkeep\n|\n|t:|1683739547\n|switch|p1b: Flutter Mane|Flutter Mane, L50|100\/100\n|turn|8\n|inactive|ScrubShadedPurple has 30 seconds left.\n|\n|t:|1683739572\n|move|p2a: Revavroom|Poison Jab|p1b: Flutter Mane\n|-enditem|p1b: Flutter Mane|Focus Sash\n|-damage|p1b: Flutter Mane|1\/100\n|-status|p1b: Flutter Mane|psn\n|move|p1b: Flutter Mane|Thunderbolt|p2b: Gyarados\n|-supereffective|p2b: Gyarados\n|-damage|p2b: Gyarados|0 fnt\n|faint|p2b: Gyarados\n|\n|-damage|p1b: Flutter Mane|0 fnt|[from] psn\n|faint|p1b: Flutter Mane\n|-end|p1b: Flutter Mane|Protosynthesis|[silent]\n|\n|win|ScrubShadedPurple\n|upkeep\n|raw|DocBobPA's rating: 1125 → 1098<\/strong> (-27 for losing)\n|raw|ScrubShadedPurple's rating: 1103 → 1130<\/strong> (+27 for winning)\n","uploadtime":1683739587,"views":11,"p1id":"docbobpa","p2id":"scrubshadedpurple","formatid":"gen9vgc2023regulationc","rating":1098,"private":0,"password":""}