{"id":"gen9vgc2023regulationc-1851540995","p1":"life4life","p2":"Zero possibilita","format":"[Gen 9] VGC 2023 Regulation C","log":"|j|\u2606life4life\n|j|\u2606Zero possibilita\n|t:|1682453964\n|gametype|doubles\n|player|p1|life4life|102|1122\n|player|p2|Zero possibilita|fisherman-gen4|1174\n|teamsize|p1|6\n|teamsize|p2|6\n|gen|9\n|tier|[Gen 9] VGC 2023 Regulation C\n|rated|\n|rule|Species Clause: Limit one of each Pok\u00e9mon\n|rule|Item Clause: Limit one of each item\n|clearpoke\n|poke|p1|Lucario, L50, M|\n|poke|p1|Flamigo, L50, M|\n|poke|p1|Maushold-Four, L50|\n|poke|p1|Goodra, L50, M|\n|poke|p1|Mimikyu, L50, F|\n|poke|p1|Gyarados, L50, M|\n|poke|p2|Abomasnow, L50, F|\n|poke|p2|Iron Bundle, L50|\n|poke|p2|Flutter Mane, L50|\n|poke|p2|Glaceon, L50, F|\n|poke|p2|Gyarados, L50, F|\n|poke|p2|Chi-Yu, L50|\n|teampreview|4\n|inactive|Battle timer is ON: inactive players will automatically lose when time's up. (requested by Zero possibilita)\n|inactive|Zero possibilita has 60 seconds left.\n|\n|t:|1682454026\n|start\n|switch|p1a: Lucario|Lucario, L50, M|100\/100\n|switch|p1b: Maushold|Maushold-Four, L50|100\/100\n|switch|p2a: Abomasnow|Abomasnow, L50, F|100\/100\n|switch|p2b: Glaceon|Glaceon, L50, F|100\/100\n|-weather|Snow|[from] ability: Snow Warning|[of] p2a: Abomasnow\n|turn|1\n|inactive|life4life has 30 seconds left.\n|inactive|Zero possibilita has 30 seconds left.\n|inactive|life4life has 20 seconds left.\n|inactive|life4life has 15 seconds left.\n|\n|t:|1682454068\n|move|p1b: Maushold|Beat Up|p1a: Lucario\n|-resisted|p1a: Lucario\n|-damage|p1a: Lucario|98\/100\n|-ability|p1a: Lucario|Justified|boost\n|-boost|p1a: Lucario|atk|1\n|-resisted|p1a: Lucario\n|-damage|p1a: Lucario|97\/100\n|-ability|p1a: Lucario|Justified|boost\n|-boost|p1a: Lucario|atk|1\n|-resisted|p1a: Lucario\n|-damage|p1a: Lucario|96\/100\n|-ability|p1a: Lucario|Justified|boost\n|-boost|p1a: Lucario|atk|1\n|-resisted|p1a: Lucario\n|-damage|p1a: Lucario|94\/100\n|-ability|p1a: Lucario|Justified|boost\n|-boost|p1a: Lucario|atk|1\n|-hitcount|p1a: Lucario|4\n|move|p1a: Lucario|Trailblaze|p2b: Glaceon|[miss]\n|-miss|p1a: Lucario|p2b: Glaceon\n|move|p2a: Abomasnow|Earth Power|p1a: Lucario\n|-supereffective|p1a: Lucario\n|-damage|p1a: Lucario|12\/100\n|-enditem|p1a: Lucario|Weakness Policy\n|-boost|p1a: Lucario|atk|2|[from] item: Weakness Policy\n|-boost|p1a: Lucario|spa|2|[from] item: Weakness Policy\n|-damage|p2a: Abomasnow|91\/100|[from] item: Life Orb\n|move|p2b: Glaceon|Blizzard|p1a: Lucario|[spread] p1a,p1b\n|-resisted|p1a: Lucario\n|-damage|p1a: Lucario|0 fnt\n|-damage|p1b: Maushold|54\/100\n|faint|p1a: Lucario\n|-enditem|p1b: Maushold|Eject Button\n|inactive|life4life has 30 seconds left.\n|inactive|life4life has 20 seconds left.\n|inactive|life4life has 15 seconds left.\n|\n|t:|1682454111\n|switch|p1b: Goodra|Goodra, L50, M|100\/100\n|\n|-weather|Snow|[upkeep]\n|upkeep\n|inactive|life4life has 30 seconds left.\n|inactive|life4life has 20 seconds left.\n|inactive|life4life has 15 seconds left.\n|\n|t:|1682454153\n|switch|p1a: Maushold|Maushold-Four, L50|54\/100\n|turn|2\n|inactive|Zero possibilita has 30 seconds left.\n|inactive|Zero possibilita has 20 seconds left.\n|\n|t:|1682454191\n|move|p2b: Glaceon|Helping Hand|p2a: Abomasnow\n|-singleturn|p2a: Abomasnow|Helping Hand|[of] p2b: Glaceon\n|move|p1a: Maushold|Thunder Wave|p2b: Glaceon|[miss]\n|-miss|p1a: Maushold|p2b: Glaceon\n|move|p1b: Goodra|Rock Slide|p2a: Abomasnow|[spread] p2a,p2b\n|-supereffective|p2a: Abomasnow\n|-supereffective|p2b: Glaceon\n|-damage|p2a: Abomasnow|73\/100\n|-damage|p2b: Glaceon|84\/100\n|move|p2a: Abomasnow|Blizzard|p1a: Maushold|[spread] p1a,p1b\n|-supereffective|p1b: Goodra\n|-damage|p1a: Maushold|0 fnt\n|-damage|p1b: Goodra|58\/100\n|faint|p1a: Maushold\n|-damage|p2a: Abomasnow|64\/100|[from] item: Life Orb\n|\n|-weather|Snow|[upkeep]\n|upkeep\n|inactive|life4life has 30 seconds left.\n|inactive|life4life has 20 seconds left.\n|\n|t:|1682454228\n|switch|p1a: Flamigo|Flamigo, L50, M|100\/100\n|-copyboost|p1a: Flamigo|p1b: Goodra|[from] ability: Costar\n|turn|3\n|\n|t:|1682454241\n|move|p2b: Glaceon|Helping Hand|p2a: Abomasnow\n|-singleturn|p2a: Abomasnow|Helping Hand|[of] p2b: Glaceon\n|move|p2a: Abomasnow|Ice Shard|p1a: Flamigo\n|-supereffective|p1a: Flamigo\n|-damage|p1a: Flamigo|36\/100\n|-damage|p2a: Abomasnow|54\/100|[from] item: Life Orb\n|move|p1a: Flamigo|Sky Attack||[still]\n|-prepare|p1a: Flamigo|Sky Attack\n|-enditem|p1a: Flamigo|Power Herb\n|-anim|p1a: Flamigo|Sky Attack|p2b: Glaceon\n|-damage|p2b: Glaceon|41\/100\n|move|p1b: Goodra|Rock Slide|p2b: Glaceon|[spread] p2a,p2b\n|-supereffective|p2a: Abomasnow\n|-supereffective|p2b: Glaceon\n|-damage|p2a: Abomasnow|35\/100\n|-damage|p2b: Glaceon|24\/100\n|\n|-weather|Snow|[upkeep]\n|upkeep\n|turn|4\n|inactive|life4life has 30 seconds left.\n|inactive|Zero possibilita has 30 seconds left.\n|inactive|life4life has 20 seconds left.\n|inactive|life4life has 15 seconds left.\n|inactive|life4life has 10 seconds left.\n|\n|t:|1682454291\n|move|p2a: Abomasnow|Ice Shard|p1a: Flamigo\n|-supereffective|p1a: Flamigo\n|-damage|p1a: Flamigo|0 fnt\n|faint|p1a: Flamigo\n|-damage|p2a: Abomasnow|26\/100|[from] item: Life Orb\n|move|p1b: Goodra|Rock Slide|p2a: Abomasnow|[spread] p2a,p2b\n|-supereffective|p2a: Abomasnow\n|-crit|p2a: Abomasnow\n|-supereffective|p2b: Glaceon\n|-damage|p2a: Abomasnow|0 fnt\n|-damage|p2b: Glaceon|9\/100\n|faint|p2a: Abomasnow\n|move|p2b: Glaceon|Blizzard|p1b: Goodra\n|-supereffective|p1b: Goodra\n|-damage|p1b: Goodra|17\/100\n|\n|-weather|Snow|[upkeep]\n|upkeep\n|\n|t:|1682454312\n|switch|p2a: Chi-Yu|Chi-Yu, L50|100\/100\n|-ability|p2a: Chi-Yu|Beads of Ruin\n|turn|5\n|\n|t:|1682454331\n|-terastallize|p1b: Goodra|Water\n|move|p2a: Chi-Yu|Dark Pulse|p1b: Goodra\n|-damage|p1b: Goodra|0 fnt\n|faint|p1b: Goodra\n|\n|win|Zero possibilita\n|raw|life4life's rating: 1122 → 1101<\/strong> (-21 for losing)\n|raw|Zero possibilita's rating: 1174 → 1195<\/strong> (+21 for winning)\n","uploadtime":1682454342,"views":17,"p1id":"life4life","p2id":"zeropossibilita","formatid":"gen9vgc2023regulationc","rating":1101,"private":0,"password":""}