{"id":"gen9vgc2023regulationc-1848141981","p1":"Kaibar","p2":"Eselprimo","format":"[Gen 9] VGC 2023 Regulation C","log":"|j|\u2606Kaibar\n|j|\u2606Eselprimo\n|t:|1682034592\n|gametype|doubles\n|player|p1|Kaibar|blackbelt-gen4dp|1159\n|player|p2|Eselprimo|169|1061\n|teamsize|p1|6\n|teamsize|p2|6\n|gen|9\n|tier|[Gen 9] VGC 2023 Regulation C\n|rated|\n|rule|Species Clause: Limit one of each Pok\u00e9mon\n|rule|Item Clause: Limit one of each item\n|clearpoke\n|poke|p1|Arcanine, L50, M|\n|poke|p1|Amoonguss, L50, F|\n|poke|p1|Kingambit, L50, F|\n|poke|p1|Flutter Mane, L50|\n|poke|p1|Dragonite, L50, F|\n|poke|p1|Palafin, L50, F|\n|poke|p2|Maushold-Four, L50|\n|poke|p2|Goodra, L50, F|\n|poke|p2|Gyarados, L50, M|\n|poke|p2|Scizor, L50, M|\n|poke|p2|Honchkrow, L50, M|\n|poke|p2|Dragonite, L50, M|\n|teampreview|4\n|\n|t:|1682034612\n|start\n|switch|p1a: Kingambit|Kingambit, L50, F|100\/100\n|switch|p1b: Windy|Arcanine, L50, M, shiny|100\/100\n|switch|p2a: Maushold|Maushold-Four, L50|100\/100\n|switch|p2b: Honchkrow|Honchkrow, L50, M|100\/100\n|-ability|p1b: Windy|Intimidate|boost\n|-unboost|p2a: Maushold|atk|1\n|-unboost|p2b: Honchkrow|atk|1\n|turn|1\n|\n|t:|1682034645\n|move|p2a: Maushold|Follow Me|p2a: Maushold\n|-singleturn|p2a: Maushold|move: Follow Me\n|move|p1b: Windy|Howl|p1b: Windy|[spread] p1a,p1b\n|-boost|p1a: Kingambit|atk|1\n|-boost|p1b: Windy|atk|1\n|move|p2b: Honchkrow|Night Slash|p1b: Windy\n|-crit|p1b: Windy\n|-damage|p1b: Windy|41\/100\n|move|p1a: Kingambit|Swords Dance|p1a: Kingambit\n|-boost|p1a: Kingambit|atk|2\n|\n|upkeep\n|turn|2\n|\n|t:|1682034664\n|move|p1a: Kingambit|Protect|p1a: Kingambit\n|-singleturn|p1a: Kingambit|Protect\n|move|p2a: Maushold|Follow Me|p2a: Maushold\n|-singleturn|p2a: Maushold|move: Follow Me\n|move|p1b: Windy|Howl|p1b: Windy|[spread] p1a,p1b\n|-boost|p1a: Kingambit|atk|1\n|-boost|p1b: Windy|atk|1\n|move|p2b: Honchkrow|Tailwind|p2b: Honchkrow\n|-sidestart|p2: Eselprimo|move: Tailwind\n|\n|upkeep\n|turn|3\n|\n|t:|1682034700\n|move|p2a: Maushold|Protect|p2a: Maushold\n|-singleturn|p2a: Maushold|Protect\n|move|p2b: Honchkrow|Night Slash|p1b: Windy\n|-crit|p1b: Windy\n|-damage|p1b: Windy|0 fnt\n|faint|p1b: Windy\n|move|p1a: Kingambit|Kowtow Cleave|p2a: Maushold\n|-activate|p2a: Maushold|move: Protect\n|\n|upkeep\n|\n|t:|1682034712\n|switch|p1b: Amoonguss|Amoonguss, L50, F|100\/100\n|turn|4\n|\n|t:|1682034733\n|-terastallize|p2b: Honchkrow|Flying\n|-terastallize|p1b: Amoonguss|Water\n|move|p2a: Maushold|Feint|p1b: Amoonguss\n|-damage|p1b: Amoonguss|95\/100\n|move|p1b: Amoonguss|Rage Powder|p1b: Amoonguss\n|-singleturn|p1b: Amoonguss|move: Rage Powder\n|move|p2b: Honchkrow|Brave Bird|p1b: Amoonguss\n|-damage|p1b: Amoonguss|42\/100\n|-enditem|p1b: Amoonguss|Sitrus Berry|[eat]\n|-heal|p1b: Amoonguss|67\/100|[from] item: Sitrus Berry\n|-damage|p2b: Honchkrow|79\/100|[from] Recoil\n|move|p1a: Kingambit|Kowtow Cleave|p2a: Maushold\n|-damage|p2a: Maushold|0 fnt\n|faint|p2a: Maushold\n|\n|upkeep\n|\n|t:|1682034751\n|switch|p2a: Scizor|Scizor, L50, M|100\/100\n|turn|5\n|\n|t:|1682034770\n|move|p2a: Scizor|Protect|p2a: Scizor\n|-singleturn|p2a: Scizor|Protect\n|move|p1b: Amoonguss|Rage Powder|p1b: Amoonguss\n|-singleturn|p1b: Amoonguss|move: Rage Powder\n|move|p1a: Kingambit|Sucker Punch|p2b: Honchkrow\n|-damage|p2b: Honchkrow|0 fnt\n|faint|p2b: Honchkrow\n|\n|-sideend|p2: Eselprimo|move: Tailwind\n|upkeep\n|\n|t:|1682034780\n|switch|p2b: Goodra|Goodra, L50, F|100\/100\n|turn|6\n|\n|t:|1682034804\n|move|p2a: Scizor|Protect|p2a: Scizor\n|-singleturn|p2a: Scizor|Protect\n|move|p1a: Kingambit|Sucker Punch||[still]\n|-fail|p1a: Kingambit\n|move|p2b: Goodra|Thunderbolt|p1b: Amoonguss\n|-supereffective|p1b: Amoonguss\n|-damage|p1b: Amoonguss|32\/100\n|move|p1b: Amoonguss|Spore|p2b: Goodra\n|-status|p2b: Goodra|slp|[from] move: Spore\n|\n|upkeep\n|turn|7\n|\n|t:|1682034823\n|cant|p2b: Goodra|slp\n|move|p2a: Scizor|Close Combat|p1a: Kingambit\n|-supereffective|p1a: Kingambit\n|-damage|p1a: Kingambit|0 fnt\n|-unboost|p2a: Scizor|def|1\n|-unboost|p2a: Scizor|spd|1\n|faint|p1a: Kingambit\n|-damage|p2a: Scizor|91\/100|[from] item: Life Orb\n|move|p1b: Amoonguss|Spore|p2a: Scizor\n|-status|p2a: Scizor|slp|[from] move: Spore\n|\n|upkeep\n|\n|t:|1682034834\n|switch|p1a: Flutter Mane|Flutter Mane, L50|100\/100\n|-enditem|p1a: Flutter Mane|Booster Energy\n|-activate|p1a: Flutter Mane|ability: Protosynthesis|[fromitem]\n|-start|p1a: Flutter Mane|protosynthesisspa\n|turn|8\n|\n|t:|1682034855\n|cant|p2a: Scizor|slp\n|move|p1a: Flutter Mane|Dazzling Gleam|p2a: Scizor|[spread] p2a,p2b\n|-resisted|p2a: Scizor\n|-supereffective|p2b: Goodra\n|-damage|p2a: Scizor|60\/100 slp\n|-damage|p2b: Goodra|67\/100 slp\n|cant|p2b: Goodra|slp\n|move|p1b: Amoonguss|Pollen Puff|p2b: Goodra\n|-damage|p2b: Goodra|59\/100 slp\n|\n|upkeep\n|turn|9\n|\n|t:|1682034873\n|move|p1b: Amoonguss|Rage Powder|p1b: Amoonguss\n|-singleturn|p1b: Amoonguss|move: Rage Powder\n|cant|p2a: Scizor|slp\n|move|p1a: Flutter Mane|Moonblast|p2b: Goodra\n|-supereffective|p2b: Goodra\n|-damage|p2b: Goodra|0 fnt\n|faint|p2b: Goodra\n|\n|upkeep\n|turn|10\n|\n|t:|1682034897\n|move|p1b: Amoonguss|Rage Powder|p1b: Amoonguss\n|-singleturn|p1b: Amoonguss|move: Rage Powder\n|move|p1a: Flutter Mane|Moonblast|p2a: Scizor\n|-resisted|p2a: Scizor\n|-damage|p2a: Scizor|2\/100 slp\n|-unboost|p2a: Scizor|spa|1\n|cant|p2a: Scizor|slp\n|\n|upkeep\n|turn|11\n|-message|Eselprimo forfeited.\n|\n|win|Kaibar\n|raw|Kaibar's rating: 1159 → 1177<\/strong> (+18 for winning)\n|raw|Eselprimo's rating: 1061 → 1047<\/strong> (-14 for losing)\n|l|\u2606Eselprimo\n","uploadtime":1682034913,"views":7,"p1id":"kaibar","p2id":"eselprimo","formatid":"gen9vgc2023regulationc","rating":1047,"private":0,"password":""}