{"id":"gen9vgc2023regulationc-1849061687","p1":"Azrocketman","p2":"doodlebob01","format":"[Gen 9] VGC 2023 Regulation C","log":"|j|\u2606Azrocketman\n|j|\u2606doodlebob01\n|t:|1682147739\n|gametype|doubles\n|player|p1|Azrocketman|101|1000\n|player|p2|doodlebob01|169|1046\n|teamsize|p1|6\n|teamsize|p2|6\n|gen|9\n|tier|[Gen 9] VGC 2023 Regulation C\n|rated|\n|rule|Species Clause: Limit one of each Pok\u00e9mon\n|rule|Item Clause: Limit one of each item\n|clearpoke\n|poke|p1|Armarouge, L50, M|\n|poke|p1|Ampharos, L50, M|\n|poke|p1|Stonjourner, L50, M|\n|poke|p1|Torkoal, L50, M|\n|poke|p1|Meowscarada, L50, M|\n|poke|p1|Hypno, L50, M|\n|poke|p2|Altaria, L50, M|\n|poke|p2|Iron Treads, L50|\n|poke|p2|Pincurchin, L50, F|\n|poke|p2|Iron Moth, L50|\n|poke|p2|Forretress, L50, M|\n|poke|p2|Iron Hands, L50|\n|teampreview|4\n|\n|t:|1682147777\n|start\n|switch|p1a: Armarouge|Armarouge, L50, M|100\/100\n|switch|p1b: Ampharos|Ampharos, L50, M|100\/100\n|switch|p2a: Iron Treads|Iron Treads, L50|100\/100\n|switch|p2b: Altaria|Altaria, L50, M|100\/100\n|-ability|p2b: Altaria|Cloud Nine\n|turn|1\n|\n|t:|1682147811\n|move|p1b: Ampharos|Protect|p1b: Ampharos\n|-singleturn|p1b: Ampharos|Protect\n|move|p2a: Iron Treads|Earthquake|p1b: Ampharos|[spread] p1a\n|-activate|p1b: Ampharos|move: Protect\n|-immune|p2b: Altaria\n|-supereffective|p1a: Armarouge\n|-damage|p1a: Armarouge|14\/100\n|-damage|p2a: Iron Treads|91\/100|[from] item: Life Orb\n|move|p2b: Altaria|Dragon Breath|p1a: Armarouge\n|-damage|p1a: Armarouge|0 fnt\n|faint|p1a: Armarouge\n|\n|upkeep\n|\n|t:|1682147825\n|switch|p1a: Stonjourner|Stonjourner, L50, M|100\/100\n|turn|2\n|\n|t:|1682147845\n|move|p1a: Stonjourner|Wide Guard|p1a: Stonjourner\n|-singleturn|p1a: Stonjourner|Wide Guard\n|move|p2a: Iron Treads|Earthquake|p1a: Stonjourner|[spread] \n|-activate|p1a: Stonjourner|move: Wide Guard\n|-activate|p1b: Ampharos|move: Wide Guard\n|-immune|p2b: Altaria\n|move|p2b: Altaria|Cotton Guard|p2b: Altaria\n|-boost|p2b: Altaria|def|3\n|move|p1b: Ampharos|Dazzling Gleam|p2b: Altaria|[spread] p2a,p2b\n|-resisted|p2a: Iron Treads\n|-supereffective|p2b: Altaria\n|-damage|p2a: Iron Treads|71\/100\n|-damage|p2b: Altaria|46\/100\n|\n|upkeep\n|turn|3\n|\n|t:|1682147880\n|-terastallize|p2b: Altaria|Ice\n|move|p1b: Ampharos|Protect|p1b: Ampharos\n|-singleturn|p1b: Ampharos|Protect\n|move|p2a: Iron Treads|Iron Head|p1a: Stonjourner\n|-supereffective|p1a: Stonjourner\n|-damage|p1a: Stonjourner|28\/100\n|-enditem|p1a: Stonjourner|Sitrus Berry|[eat]\n|-heal|p1a: Stonjourner|52\/100|[from] item: Sitrus Berry\n|-damage|p2a: Iron Treads|62\/100|[from] item: Life Orb\n|move|p2b: Altaria|Cotton Guard|p2b: Altaria\n|-boost|p2b: Altaria|def|3\n|move|p1a: Stonjourner|Earthquake|p2a: Iron Treads|[spread] p2a,p2b\n|-activate|p1b: Ampharos|move: Protect\n|-supereffective|p2a: Iron Treads\n|-damage|p2a: Iron Treads|11\/100\n|-damage|p2b: Altaria|36\/100\n|\n|upkeep\n|turn|4\n|\n|t:|1682147925\n|move|p1a: Stonjourner|Wide Guard|p1a: Stonjourner\n|-singleturn|p1a: Stonjourner|Wide Guard\n|move|p2a: Iron Treads|Iron Head|p1a: Stonjourner\n|-supereffective|p1a: Stonjourner\n|-crit|p1a: Stonjourner\n|-damage|p1a: Stonjourner|0 fnt\n|faint|p1a: Stonjourner\n|-damage|p2a: Iron Treads|1\/100|[from] item: Life Orb\n|move|p2b: Altaria|Dragon Breath|p1b: Ampharos\n|-damage|p1b: Ampharos|78\/100\n|move|p1b: Ampharos|Dazzling Gleam|p2a: Iron Treads|[spread] p2a,p2b\n|-resisted|p2a: Iron Treads\n|-damage|p2a: Iron Treads|0 fnt\n|-damage|p2b: Altaria|16\/100\n|faint|p2a: Iron Treads\n|-end|p2a: Iron Treads|Quark Drive|[silent]\n|\n|upkeep\n|\n|t:|1682147940\n|switch|p2a: Iron Hands|Iron Hands, L50|100\/100\n|switch|p1a: Hypno|Hypno, L50, M|100\/100\n|turn|5\n|\n|t:|1682147977\n|-terastallize|p1a: Hypno|Fairy\n|move|p2b: Altaria|Ice Beam|p1a: Hypno\n|-damage|p1a: Hypno|79\/100\n|move|p1a: Hypno|Role Play|p1b: Ampharos\n|-endability|p1a: Hypno|Inner Focus|[from] move: Role Play\n|-ability|p1a: Hypno|Plus|[from] move: Role Play|[of] p1b: Ampharos\n|move|p2a: Iron Hands|Close Combat|p1b: Ampharos\n|-damage|p1b: Ampharos|9\/100\n|-unboost|p2a: Iron Hands|def|1\n|-unboost|p2a: Iron Hands|spd|1\n|move|p1b: Ampharos|Dazzling Gleam|p2a: Iron Hands|[spread] p2a,p2b\n|-supereffective|p2a: Iron Hands\n|-damage|p2a: Iron Hands|22\/100\n|-damage|p2b: Altaria|0 fnt\n|faint|p2b: Altaria\n|\n|-heal|p1a: Hypno|85\/100|[from] item: Leftovers\n|upkeep\n|\n|t:|1682147993\n|switch|p2b: Pincurchin|Pincurchin, L50, F|100\/100\n|-fieldstart|move: Electric Terrain|[from] ability: Electric Surge|[of] p2b: Pincurchin\n|-enditem|p2a: Iron Hands|Electric Seed\n|-boost|p2a: Iron Hands|def|1|[from] item: Electric Seed\n|-activate|p2a: Iron Hands|ability: Quark Drive\n|-start|p2a: Iron Hands|quarkdriveatk\n|turn|6\n|\n|t:|1682148025\n|move|p1b: Ampharos|Protect|p1b: Ampharos\n|-singleturn|p1b: Ampharos|Protect\n|move|p2b: Pincurchin|Protect|p2b: Pincurchin\n|-singleturn|p2b: Pincurchin|Protect\n|move|p1a: Hypno|Draining Kiss|p2a: Iron Hands\n|-supereffective|p2a: Iron Hands\n|-damage|p2a: Iron Hands|0 fnt\n|-heal|p1a: Hypno|100\/100|[from] drain|[of] p2a: Iron Hands\n|faint|p2a: Iron Hands\n|-end|p2a: Iron Hands|Quark Drive|[silent]\n|\n|upkeep\n|turn|7\n|\n|t:|1682148068\n|move|p1a: Hypno|Helping Hand|p1b: Ampharos\n|-singleturn|p1b: Ampharos|Helping Hand|[of] p1a: Hypno\n|move|p1b: Ampharos|Dazzling Gleam|p2b: Pincurchin\n|-damage|p2b: Pincurchin|23\/100\n|move|p2b: Pincurchin|Zing Zap|p1a: Hypno\n|-damage|p1a: Hypno|60\/100\n|\n|-heal|p1a: Hypno|66\/100|[from] item: Leftovers\n|upkeep\n|turn|8\n|-message|doodlebob01 forfeited.\n|\n|win|Azrocketman\n|raw|Azrocketman's rating: 1000 → 1045<\/strong> (+45 for winning)\n|raw|doodlebob01's rating: 1046 → 1027<\/strong> (-19 for losing)\n|l|\u2606doodlebob01\n","uploadtime":1682148090,"views":10,"p1id":"azrocketman","p2id":"doodlebob01","formatid":"gen9vgc2023regulationc","rating":1027,"private":0,"password":""}