{"id":"gen9vgc2023regulationc-1845399515","p1":"hysaaron","p2":"asdsadfd","format":"[Gen 9] VGC 2023 Regulation C","log":"|j|\u2606hysaaron\n|j|\u2606asdsadfd\n|t:|1681727902\n|gametype|doubles\n|player|p1|hysaaron|169|1108\n|player|p2|asdsadfd|1|1027\n|teamsize|p1|6\n|teamsize|p2|6\n|gen|9\n|tier|[Gen 9] VGC 2023 Regulation C\n|rated|\n|rule|Species Clause: Limit one of each Pok\u00e9mon\n|rule|Item Clause: Limit one of each item\n|clearpoke\n|poke|p1|Annihilape, L50, F|\n|poke|p1|Maushold, L50|\n|poke|p1|Chien-Pao, L50|\n|poke|p1|Scizor, L50, F|\n|poke|p1|Gyarados, L50, F|\n|poke|p1|Ting-Lu, L50|\n|poke|p2|Flutter Mane, L50|\n|poke|p2|Dragonite, L50, M|\n|poke|p2|Chien-Pao, L50|\n|poke|p2|Amoonguss, L50, M|\n|poke|p2|Talonflame, L50, F|\n|poke|p2|Gyarados, L50, M|\n|teampreview|4\n|inactive|Battle timer is ON: inactive players will automatically lose when time's up. (requested by hysaaron)\n|\n|t:|1681727935\n|start\n|switch|p1a: Maushold|Maushold, L50|100\/100\n|switch|p1b: Annihilape|Annihilape, L50, F|100\/100\n|switch|p2a: Gyarados|Gyarados, L50, M|100\/100\n|switch|p2b: Chien-Pao|Chien-Pao, L50|100\/100\n|-ability|p2b: Chien-Pao|Sword of Ruin\n|-ability|p2a: Gyarados|Intimidate|boost\n|-unboost|p1a: Maushold|atk|1\n|-unboost|p1b: Annihilape|atk|1\n|-ability|p1b: Annihilape|Defiant|boost\n|-boost|p1b: Annihilape|atk|2\n|turn|1\n|inactive|hysaaron has 30 seconds left.\n|inactive|asdsadfd has 30 seconds left.\n|inactive|hysaaron has 20 seconds left.\n|inactive|hysaaron has 15 seconds left.\n|\n|t:|1681727976\n|move|p2b: Chien-Pao|Sucker Punch||[still]\n|-fail|p2b: Chien-Pao\n|move|p1a: Maushold|Super Fang|p2b: Chien-Pao\n|-damage|p2b: Chien-Pao|51\/100\n|move|p2a: Gyarados|Thunder Wave|p1a: Maushold\n|-status|p1a: Maushold|par\n|move|p1b: Annihilape|Bulk Up|p1b: Annihilape\n|-boost|p1b: Annihilape|atk|1\n|-boost|p1b: Annihilape|def|1\n|\n|upkeep\n|turn|2\n|inactive|hysaaron has 30 seconds left.\n|inactive|asdsadfd has 30 seconds left.\n|inactive|hysaaron has 20 seconds left.\n|inactive|hysaaron has 15 seconds left.\n|\n|t:|1681728020\n|switch|p2b: Amoonguss|Amoonguss, L50, M|100\/100\n|move|p2a: Gyarados|Protect|p2a: Gyarados\n|-singleturn|p2a: Gyarados|Protect\n|move|p1b: Annihilape|Protect|p1b: Annihilape\n|-singleturn|p1b: Annihilape|Protect\n|move|p1a: Maushold|Super Fang|p2a: Gyarados\n|-activate|p2a: Gyarados|move: Protect\n|\n|upkeep\n|turn|3\n|inactive|asdsadfd has 30 seconds left.\n|\n|t:|1681728048\n|move|p2a: Gyarados|Waterfall|p1a: Maushold\n|-damage|p1a: Maushold|44\/100 par\n|move|p1b: Annihilape|Rage Fist|p2b: Amoonguss\n|-damage|p2b: Amoonguss|56\/100\n|cant|p1a: Maushold|par\n|move|p2b: Amoonguss|Spore|p1b: Annihilape\n|-status|p1b: Annihilape|slp|[from] move: Spore\n|\n|upkeep\n|turn|4\n|\n|t:|1681728071\n|move|p2b: Amoonguss|Protect|p2b: Amoonguss\n|-singleturn|p2b: Amoonguss|Protect\n|move|p2a: Gyarados|Waterfall|p1a: Maushold\n|-damage|p1a: Maushold|0 fnt\n|faint|p1a: Maushold\n|cant|p1b: Annihilape|slp\n|\n|upkeep\n|\n|t:|1681728083\n|switch|p1a: Chien-Pao|Chien-Pao, L50|100\/100\n|-ability|p1a: Chien-Pao|Sword of Ruin\n|turn|5\n|inactive|hysaaron has 30 seconds left.\n|\n|t:|1681728110\n|-terastallize|p2b: Amoonguss|Water\n|move|p2a: Gyarados|Protect|p2a: Gyarados\n|-singleturn|p2a: Gyarados|Protect\n|move|p1a: Chien-Pao|Ice Spinner|p2b: Amoonguss\n|-resisted|p2b: Amoonguss\n|-damage|p2b: Amoonguss|34\/100\n|-enditem|p2b: Amoonguss|Sitrus Berry|[eat]\n|-heal|p2b: Amoonguss|58\/100|[from] item: Sitrus Berry\n|cant|p1b: Annihilape|slp\n|move|p2b: Amoonguss|Spore|p1a: Chien-Pao\n|-status|p1a: Chien-Pao|slp|[from] move: Spore\n|\n|upkeep\n|turn|6\n|inactive|asdsadfd has 30 seconds left.\n|inactive|hysaaron has 30 seconds left.\n|\n|t:|1681728146\n|switch|p2a: Flutter Mane|Flutter Mane, L50|100\/100\n|-enditem|p2a: Flutter Mane|Booster Energy\n|-activate|p2a: Flutter Mane|ability: Protosynthesis|[fromitem]\n|-start|p2a: Flutter Mane|protosynthesisspa\n|switch|p2b: Chien-Pao|Chien-Pao, L50|51\/100\n|-ability|p2b: Chien-Pao|Sword of Ruin\n|cant|p1a: Chien-Pao|slp\n|-curestatus|p1b: Annihilape|slp|[msg]\n|move|p1b: Annihilape|Rage Fist|p2b: Chien-Pao\n|-resisted|p2b: Chien-Pao\n|-damage|p2b: Chien-Pao|19\/100\n|\n|upkeep\n|turn|7\n|inactive|hysaaron has 30 seconds left.\n|inactive|asdsadfd has 30 seconds left.\n|\n|t:|1681728176\n|-terastallize|p1b: Annihilape|Fire\n|cant|p1a: Chien-Pao|slp\n|move|p2b: Chien-Pao|Sacred Sword|p1b: Annihilape\n|-damage|p1b: Annihilape|60\/100\n|move|p2a: Flutter Mane|Shadow Ball|p1b: Annihilape\n|-damage|p1b: Annihilape|10\/100\n|move|p1b: Annihilape|Rage Fist|p2a: Flutter Mane\n|-supereffective|p2a: Flutter Mane\n|-damage|p2a: Flutter Mane|0 fnt\n|faint|p2a: Flutter Mane\n|-end|p2a: Flutter Mane|Protosynthesis|[silent]\n|\n|-heal|p1b: Annihilape|16\/100|[from] item: Leftovers\n|upkeep\n|\n|t:|1681728189\n|switch|p2a: Gyarados|Gyarados, L50, M|100\/100\n|-ability|p2a: Gyarados|Intimidate|boost\n|-unboost|p1a: Chien-Pao|atk|1\n|-unboost|p1b: Annihilape|atk|1\n|-ability|p1b: Annihilape|Defiant|boost\n|-boost|p1b: Annihilape|atk|2\n|turn|8\n|\n|t:|1681728213\n|switch|p1a: Gyarados|Gyarados, L50, F, shiny|100\/100\n|-ability|p1a: Gyarados|Intimidate|boost\n|-unboost|p2a: Gyarados|atk|1\n|-unboost|p2b: Chien-Pao|atk|1\n|move|p1b: Annihilape|Protect|p1b: Annihilape\n|-singleturn|p1b: Annihilape|Protect\n|move|p2b: Chien-Pao|Sacred Sword|p1a: Gyarados\n|-resisted|p1a: Gyarados\n|-damage|p1a: Gyarados|91\/100\n|move|p2a: Gyarados|Waterfall|p1b: Annihilape\n|-activate|p1b: Annihilape|move: Protect\n|\n|-heal|p1b: Annihilape|22\/100|[from] item: Leftovers\n|upkeep\n|turn|9\n|inactive|hysaaron has 30 seconds left.\n|inactive|asdsadfd has 30 seconds left.\n|inactive|hysaaron has 20 seconds left.\n|inactive|hysaaron has 15 seconds left.\n|\n|t:|1681728257\n|move|p1b: Annihilape|Protect||[still]\n|-fail|p1b: Annihilape\n|move|p2b: Chien-Pao|Sucker Punch||[still]\n|-fail|p2b: Chien-Pao\n|move|p2a: Gyarados|Taunt|p1a: Gyarados\n|-start|p1a: Gyarados|move: Taunt\n|move|p1a: Gyarados|Iron Head|p2b: Chien-Pao\n|-supereffective|p2b: Chien-Pao\n|-damage|p2b: Chien-Pao|0 fnt\n|faint|p2b: Chien-Pao\n|\n|-heal|p1b: Annihilape|28\/100|[from] item: Leftovers\n|upkeep\n|\n|t:|1681728268\n|switch|p2b: Amoonguss|Amoonguss, L50, M, tera:Water|92\/100\n|turn|10\n|\n|t:|1681728287\n|switch|p1a: Chien-Pao|Chien-Pao, L50|100\/100 slp\n|-ability|p1a: Chien-Pao|Sword of Ruin\n|move|p2a: Gyarados|Waterfall|p1b: Annihilape\n|-supereffective|p1b: Annihilape\n|-damage|p1b: Annihilape|0 fnt\n|faint|p1b: Annihilape\n|move|p2b: Amoonguss|Spore|p1a: Chien-Pao\n|-fail|p1a: Chien-Pao|slp\n|\n|upkeep\n|\n|t:|1681728298\n|switch|p1b: Gyarados|Gyarados, L50, F, shiny|91\/100\n|-ability|p1b: Gyarados|Intimidate|boost\n|-unboost|p2a: Gyarados|atk|1\n|-unboost|p2b: Amoonguss|atk|1\n|turn|11\n|\n|t:|1681728320\n|cant|p1a: Chien-Pao|slp\n|move|p2a: Gyarados|Thunder Wave|p1b: Gyarados\n|-status|p1b: Gyarados|par\n|move|p1b: Gyarados|Iron Head|p2a: Gyarados\n|-resisted|p2a: Gyarados\n|-damage|p2a: Gyarados|82\/100\n|move|p2b: Amoonguss|Spore|p1a: Chien-Pao\n|-fail|p1a: Chien-Pao|slp\n|\n|upkeep\n|turn|12\n|\n|t:|1681728343\n|-curestatus|p1a: Chien-Pao|slp|[msg]\n|move|p1a: Chien-Pao|Ice Spinner|p2a: Gyarados\n|-damage|p2a: Gyarados|15\/100\n|-enditem|p2a: Gyarados|Aguav Berry|[eat]\n|-heal|p2a: Gyarados|48\/100|[from] item: Aguav Berry\n|move|p2a: Gyarados|Waterfall|p1a: Chien-Pao\n|-damage|p1a: Chien-Pao|73\/100\n|cant|p1b: Gyarados|par\n|move|p2b: Amoonguss|Spore|p1a: Chien-Pao\n|-status|p1a: Chien-Pao|slp|[from] move: Spore\n|\n|upkeep\n|turn|13\n|\n|t:|1681728359\n|cant|p1a: Chien-Pao|slp\n|move|p2a: Gyarados|Waterfall|p1a: Chien-Pao\n|-crit|p1a: Chien-Pao\n|-damage|p1a: Chien-Pao|0 fnt\n|faint|p1a: Chien-Pao\n|move|p1b: Gyarados|Thunder Wave|p2b: Amoonguss\n|-status|p2b: Amoonguss|par\n|move|p2b: Amoonguss|Pollen Puff|p1b: Gyarados\n|-resisted|p1b: Gyarados\n|-damage|p1b: Gyarados|84\/100 par\n|\n|upkeep\n|turn|14\n|\n|t:|1681728381\n|move|p2b: Amoonguss|Rage Powder|p2b: Amoonguss\n|-singleturn|p2b: Amoonguss|move: Rage Powder\n|move|p2a: Gyarados|Waterfall|p1b: Gyarados\n|-resisted|p1b: Gyarados\n|-damage|p1b: Gyarados|76\/100 par\n|move|p1b: Gyarados|Iron Head|p2b: Amoonguss\n|-resisted|p2b: Amoonguss\n|-damage|p2b: Amoonguss|82\/100 par\n|\n|upkeep\n|turn|15\n|\n|t:|1681728395\n|move|p2b: Amoonguss|Rage Powder|p2b: Amoonguss\n|-singleturn|p2b: Amoonguss|move: Rage Powder\n|move|p2a: Gyarados|Waterfall|p1b: Gyarados\n|-resisted|p1b: Gyarados\n|-damage|p1b: Gyarados|68\/100 par\n|cant|p1b: Gyarados|flinch\n|\n|upkeep\n|turn|16\n|\n|t:|1681728404\n|cant|p2b: Amoonguss|par\n|move|p2a: Gyarados|Waterfall|p1b: Gyarados\n|-resisted|p1b: Gyarados\n|-damage|p1b: Gyarados|60\/100 par\n|move|p1b: Gyarados|Thunder Wave|p2a: Gyarados\n|-status|p2a: Gyarados|par\n|\n|upkeep\n|turn|17\n|\n|t:|1681728415\n|move|p2a: Gyarados|Waterfall|p1b: Gyarados\n|-resisted|p1b: Gyarados\n|-damage|p1b: Gyarados|52\/100 par\n|move|p1b: Gyarados|Iron Head|p2a: Gyarados\n|-resisted|p2a: Gyarados\n|-damage|p2a: Gyarados|32\/100 par\n|move|p2b: Amoonguss|Pollen Puff|p1b: Gyarados\n|-resisted|p1b: Gyarados\n|-damage|p1b: Gyarados|44\/100 par\n|-enditem|p1b: Gyarados|Sitrus Berry|[eat]\n|-heal|p1b: Gyarados|69\/100 par|[from] item: Sitrus Berry\n|\n|upkeep\n|turn|18\n|\n|t:|1681728432\n|move|p2a: Gyarados|Waterfall|p1b: Gyarados\n|-resisted|p1b: Gyarados\n|-damage|p1b: Gyarados|61\/100 par\n|cant|p1b: Gyarados|par\n|move|p2b: Amoonguss|Pollen Puff|p2a: Gyarados\n|-heal|p2a: Gyarados|82\/100 par\n|\n|upkeep\n|turn|19\n|inactive|hysaaron has 30 seconds left.\n|\n|t:|1681728444\n|move|p2a: Gyarados|Waterfall|p1b: Gyarados\n|-resisted|p1b: Gyarados\n|-damage|p1b: Gyarados|53\/100 par\n|cant|p1b: Gyarados|flinch\n|move|p2b: Amoonguss|Pollen Puff|p1b: Gyarados\n|-resisted|p1b: Gyarados\n|-damage|p1b: Gyarados|44\/100 par\n|\n|upkeep\n|turn|20\n|inactive|hysaaron has 30 seconds left this turn.\n|inactive|hysaaron has 20 seconds left.\n|\n|t:|1681728455\n|move|p2a: Gyarados|Waterfall|p1b: Gyarados\n|-resisted|p1b: Gyarados\n|-crit|p1b: Gyarados\n|-damage|p1b: Gyarados|19\/100 par\n|move|p1b: Gyarados|Iron Head|p2a: Gyarados\n|-resisted|p2a: Gyarados\n|-damage|p2a: Gyarados|69\/100 par\n|move|p2b: Amoonguss|Pollen Puff|p1b: Gyarados\n|-resisted|p1b: Gyarados\n|-damage|p1b: Gyarados|11\/100 par\n|\n|upkeep\n|turn|21\n|inactive|hysaaron has 20 seconds left this turn.\n|inactive|hysaaron has 15 seconds left.\n|inactive|hysaaron has 10 seconds left.\n|\n|t:|1681728468\n|move|p1b: Gyarados|Protect|p1b: Gyarados\n|-singleturn|p1b: Gyarados|Protect\n|move|p2a: Gyarados|Waterfall|p1b: Gyarados\n|-activate|p1b: Gyarados|move: Protect\n|move|p2b: Amoonguss|Pollen Puff|p1b: Gyarados\n|-activate|p1b: Gyarados|move: Protect\n|\n|upkeep\n|turn|22\n|inactive|hysaaron has 10 seconds left this turn.\n|inactive|hysaaron has 5 seconds left.\n|\n|t:|1681728480\n|move|p1b: Gyarados|Protect|p1b: Gyarados\n|-singleturn|p1b: Gyarados|Protect\n|move|p2a: Gyarados|Waterfall|p1b: Gyarados\n|-activate|p1b: Gyarados|move: Protect\n|move|p2b: Amoonguss|Pollen Puff|p1b: Gyarados\n|-activate|p1b: Gyarados|move: Protect\n|\n|upkeep\n|turn|23\n|inactive|hysaaron has 5 seconds left this turn.\n|inactive|asdsadfd has 30 seconds left.\n|-message|hysaaron lost due to inactivity.\n|\n|win|asdsadfd\n|raw|hysaaron's rating: 1108 → 1077<\/strong> (-31 for losing)\n|raw|asdsadfd's rating: 1027 → 1071<\/strong> (+44 for winning)\n","uploadtime":1681728494,"views":8,"p1id":"hysaaron","p2id":"asdsadfd","formatid":"gen9vgc2023regulationc","rating":1071,"private":0,"password":""}