{"id":"gen9vgc2023regulationc-1856297436","p1":"OopsINandos'dAgain","p2":"Wheeel","format":"[Gen 9] VGC 2023 Regulation C","log":"|j|\u2606OopsINandos'dAgain\n|j|\u2606Wheeel\n|t:|1683048632\n|gametype|doubles\n|player|p1|OopsINandos'dAgain|youngster-gen4dp|1326\n|player|p2|Wheeel|265|1277\n|teamsize|p1|6\n|teamsize|p2|6\n|gen|9\n|tier|[Gen 9] VGC 2023 Regulation C\n|rated|\n|rule|Species Clause: Limit one of each Pok\u00e9mon\n|rule|Item Clause: Limit one of each item\n|clearpoke\n|poke|p1|Annihilape, L50, F|\n|poke|p1|Maushold-Four, L50|\n|poke|p1|Iron Bundle, L50|\n|poke|p1|Abomasnow, L50, M|\n|poke|p1|Tauros-Paldea-Aqua, L50, M|\n|poke|p1|Cryogonal, L50|\n|poke|p2|Chi-Yu, L50|\n|poke|p2|Roaring Moon, L50|\n|poke|p2|Amoonguss, L50, F|\n|poke|p2|Iron Bundle, L50|\n|poke|p2|Gholdengo, L50|\n|poke|p2|Ting-Lu, L50|\n|teampreview|4\n|inactive|Battle timer is ON: inactive players will automatically lose when time's up. (requested by OopsINandos'dAgain)\nWheeel has agreed to open team sheets.\n|\n|t:|1683048669\n|start\n|switch|p1a: Annihilape|Annihilape, L50, F|100\/100\n|switch|p1b: Maushold|Maushold-Four, L50|100\/100\n|switch|p2a: Chi-Yu|Chi-Yu, L50|100\/100\n|switch|p2b: Iron Bundle|Iron Bundle, L50|100\/100\n|-ability|p2a: Chi-Yu|Beads of Ruin\n|turn|1\n|\n|t:|1683048687\n|switch|p2a: Amoonguss|Amoonguss, L50, F|100\/100\n|-terastallize|p1a: Annihilape|Fire\n|move|p2b: Iron Bundle|Protect|p2b: Iron Bundle\n|-singleturn|p2b: Iron Bundle|Protect\n|move|p1b: Maushold|Follow Me|p1b: Maushold\n|-singleturn|p1b: Maushold|move: Follow Me\n|move|p1a: Annihilape|Bulk Up|p1a: Annihilape\n|-boost|p1a: Annihilape|atk|1\n|-boost|p1a: Annihilape|def|1\n|\n|upkeep\n|turn|2\n|inactive|Wheeel has 30 seconds left.\n|\n|t:|1683048717\n|move|p2b: Iron Bundle|Hydro Pump|p1a: Annihilape\n|-supereffective|p1a: Annihilape\n|-damage|p1a: Annihilape|38\/100\n|move|p1b: Maushold|Super Fang|p2b: Iron Bundle\n|-damage|p2b: Iron Bundle|50\/100\n|move|p1a: Annihilape|Drain Punch|p2b: Iron Bundle\n|-supereffective|p2b: Iron Bundle\n|-damage|p2b: Iron Bundle|0 fnt\n|-heal|p1a: Annihilape|55\/100|[from] drain|[of] p2b: Iron Bundle\n|faint|p2b: Iron Bundle\n|-end|p2b: Iron Bundle|Quark Drive|[silent]\n|move|p2a: Amoonguss|Spore|p1b: Maushold\n|-status|p1b: Maushold|slp|[from] move: Spore\n|\n|-heal|p1a: Annihilape|61\/100|[from] item: Leftovers\n|upkeep\n|\n|t:|1683048725\n|switch|p2b: Roaring Moon|Roaring Moon, L50|100\/100\n|-enditem|p2b: Roaring Moon|Booster Energy\n|-activate|p2b: Roaring Moon|ability: Protosynthesis|[fromitem]\n|-start|p2b: Roaring Moon|protosynthesisatk\n|turn|3\n|\n|t:|1683048738\n|-terastallize|p2b: Roaring Moon|Flying\n|move|p1a: Annihilape|Protect|p1a: Annihilape\n|-singleturn|p1a: Annihilape|Protect\n|cant|p1b: Maushold|slp\n|move|p2b: Roaring Moon|Dragon Dance|p2b: Roaring Moon\n|-boost|p2b: Roaring Moon|atk|1\n|-boost|p2b: Roaring Moon|spe|1\n|move|p2a: Amoonguss|Spore|p1a: Annihilape\n|-activate|p1a: Annihilape|move: Protect\n|\n|-heal|p1a: Annihilape|67\/100|[from] item: Leftovers\n|upkeep\n|turn|4\n|inactive|Wheeel has 30 seconds left.\n|\n|t:|1683048768\n|move|p2a: Amoonguss|Rage Powder|p2a: Amoonguss\n|-singleturn|p2a: Amoonguss|move: Rage Powder\n|move|p2b: Roaring Moon|Acrobatics|p1a: Annihilape\n|-damage|p1a: Annihilape|4\/100\n|cant|p1b: Maushold|slp\n|move|p1a: Annihilape|Rage Fist|p2a: Amoonguss\n|-damage|p2a: Amoonguss|26\/100\n|-enditem|p2a: Amoonguss|Sitrus Berry|[eat]\n|-heal|p2a: Amoonguss|51\/100|[from] item: Sitrus Berry\n|\n|-heal|p1a: Annihilape|10\/100|[from] item: Leftovers\n|upkeep\n|turn|5\n|inactive|Wheeel has 30 seconds left.\n|inactive|Wheeel has 20 seconds left.\n|\n|t:|1683048805\n|move|p1a: Annihilape|Protect|p1a: Annihilape\n|-singleturn|p1a: Annihilape|Protect\n|move|p2a: Amoonguss|Rage Powder|p2a: Amoonguss\n|-singleturn|p2a: Amoonguss|move: Rage Powder\n|move|p2b: Roaring Moon|Acrobatics|p1a: Annihilape\n|-activate|p1a: Annihilape|move: Protect\n|-curestatus|p1b: Maushold|slp|[msg]\n|move|p1b: Maushold|Super Fang|p2a: Amoonguss\n|-damage|p2a: Amoonguss|26\/100\n|\n|-heal|p1a: Annihilape|17\/100|[from] item: Leftovers\n|upkeep\n|turn|6\n|\n|t:|1683048819\n|move|p2b: Roaring Moon|Protect|p2b: Roaring Moon\n|-singleturn|p2b: Roaring Moon|Protect\n|move|p1b: Maushold|Follow Me|p1b: Maushold\n|-singleturn|p1b: Maushold|move: Follow Me\n|move|p1a: Annihilape|Rage Fist|p2b: Roaring Moon\n|-activate|p2b: Roaring Moon|move: Protect\n|move|p2a: Amoonguss|Spore|p1b: Maushold\n|-status|p1b: Maushold|slp|[from] move: Spore\n|\n|-heal|p1a: Annihilape|23\/100|[from] item: Leftovers\n|upkeep\n|turn|7\n|\n|t:|1683048832\n|move|p1a: Annihilape|Protect|p1a: Annihilape\n|-singleturn|p1a: Annihilape|Protect\n|move|p2b: Roaring Moon|Acrobatics|p1a: Annihilape\n|-activate|p1a: Annihilape|move: Protect\n|cant|p1b: Maushold|slp\n|move|p2a: Amoonguss|Pollen Puff|p1b: Maushold\n|-damage|p1b: Maushold|78\/100 slp\n|\n|-heal|p1a: Annihilape|29\/100|[from] item: Leftovers\n|upkeep\n|turn|8\n|inactive|OopsINandos'dAgain has 30 seconds left.\n|\n|t:|1683048866\n|switch|p2a: Chi-Yu|Chi-Yu, L50|100\/100\n|-ability|p2a: Chi-Yu|Beads of Ruin\n|move|p1a: Annihilape|Protect||[still]\n|-fail|p1a: Annihilape\n|move|p2b: Roaring Moon|Acrobatics|p1a: Annihilape\n|-damage|p1a: Annihilape|0 fnt\n|faint|p1a: Annihilape\n|cant|p1b: Maushold|slp\n|\n|upkeep\n|\n|t:|1683048876\n|switch|p1a: Iron Bundle|Iron Bundle, L50|100\/100\n|-enditem|p1a: Iron Bundle|Booster Energy\n|-activate|p1a: Iron Bundle|ability: Quark Drive|[fromitem]\n|-start|p1a: Iron Bundle|quarkdrivespe\n|turn|9\n|\n|t:|1683048889\n|switch|p1b: Abomasnow|Abomasnow, L50, M|100\/100\n|-weather|Snow|[from] ability: Snow Warning|[of] p1b: Abomasnow\n|move|p2b: Roaring Moon|Protect|p2b: Roaring Moon\n|-singleturn|p2b: Roaring Moon|Protect\n|move|p1a: Iron Bundle|Aurora Veil|p1a: Iron Bundle\n|-sidestart|p1: OopsINandos'dAgain|move: Aurora Veil\n|move|p2a: Chi-Yu|Dark Pulse|p1a: Iron Bundle\n|-damage|p1a: Iron Bundle|23\/100\n|\n|-weather|Snow|[upkeep]\n|upkeep\n|turn|10\n|inactive|Wheeel has 30 seconds left.\n|inactive|Wheeel has 20 seconds left.\n|\n|t:|1683048928\n|move|p1b: Abomasnow|Helping Hand|p1a: Iron Bundle\n|-singleturn|p1a: Iron Bundle|Helping Hand|[of] p1b: Abomasnow\n|move|p1a: Iron Bundle|Blizzard|p2b: Roaring Moon|[spread] p2a,p2b\n|-resisted|p2a: Chi-Yu\n|-supereffective|p2b: Roaring Moon\n|-damage|p2a: Chi-Yu|75\/100\n|-damage|p2b: Roaring Moon|0 fnt\n|faint|p2b: Roaring Moon\n|-end|p2b: Roaring Moon|Protosynthesis|[silent]\n|move|p2a: Chi-Yu|Overheat|p1b: Abomasnow\n|-supereffective|p1b: Abomasnow\n|-damage|p1b: Abomasnow|0 fnt\n|-unboost|p2a: Chi-Yu|spa|2\n|faint|p1b: Abomasnow\n|\n|-weather|Snow|[upkeep]\n|upkeep\n|\n|t:|1683048939\n|switch|p2b: Amoonguss|Amoonguss, L50, F|59\/100\n|switch|p1b: Maushold|Maushold-Four, L50|78\/100 slp\n|turn|11\n|\n|t:|1683048957\n|move|p1a: Iron Bundle|Protect|p1a: Iron Bundle\n|-singleturn|p1a: Iron Bundle|Protect\n|move|p2b: Amoonguss|Protect|p2b: Amoonguss\n|-singleturn|p2b: Amoonguss|Protect\n|-curestatus|p1b: Maushold|slp|[msg]\n|move|p1b: Maushold|Super Fang|p2a: Chi-Yu\n|-damage|p2a: Chi-Yu|38\/100\n|move|p2a: Chi-Yu|Dark Pulse|p1a: Iron Bundle\n|-activate|p1a: Iron Bundle|move: Protect\n|\n|-weather|Snow|[upkeep]\n|upkeep\n|turn|12\n|\n|t:|1683048978\n|move|p2b: Amoonguss|Protect||[still]\n|-fail|p2b: Amoonguss\n|move|p1b: Maushold|Follow Me|p1b: Maushold\n|-singleturn|p1b: Maushold|move: Follow Me\n|move|p1a: Iron Bundle|Blizzard|p2a: Chi-Yu|[spread] p2a,p2b\n|-resisted|p2a: Chi-Yu\n|-supereffective|p2b: Amoonguss\n|-damage|p2a: Chi-Yu|18\/100\n|-damage|p2b: Amoonguss|0 fnt\n|faint|p2b: Amoonguss\n|move|p2a: Chi-Yu|Dark Pulse|p1b: Maushold\n|-crit|p1b: Maushold\n|-damage|p1b: Maushold|0 fnt\n|faint|p1b: Maushold\n|\n|-weather|Snow|[upkeep]\n|upkeep\n|turn|13\n|inactive|OopsINandos'dAgain has 30 seconds left.\n|\n|t:|1683049005\n|move|p1a: Iron Bundle|Blizzard|p2a: Chi-Yu\n|-resisted|p2a: Chi-Yu\n|-damage|p2a: Chi-Yu|0 fnt\n|faint|p2a: Chi-Yu\n|\n|win|OopsINandos'dAgain\n|raw|OopsINandos'dAgain's rating: 1326 → 1343<\/strong> (+17 for winning)\n|raw|Wheeel's rating: 1277 → 1256<\/strong> (-21 for losing)\n|l|\u2606OopsINandos'dAgain\n","uploadtime":1683049325,"views":15,"p1id":"oopsinandosdagain","p2id":"wheeel","formatid":"gen9vgc2023regulationc","rating":1256,"private":0,"password":""}