{"id":"gen9vgc2023regulationc-1856650716","p1":"Philzkidd","p2":"OnHoldWithTheIRS","format":"[Gen 9] VGC 2023 Regulation C","log":"|j|\u2606Philzkidd\n|j|\u2606OnHoldWithTheIRS\n|t:|1683088132\n|gametype|doubles\n|player|p1|Philzkidd|1|1173\n|player|p2|OnHoldWithTheIRS|clerk|1246\n|teamsize|p1|6\n|teamsize|p2|6\n|gen|9\n|tier|[Gen 9] VGC 2023 Regulation C\n|rated|\n|rule|Species Clause: Limit one of each Pok\u00e9mon\n|rule|Item Clause: Limit one of each item\n|clearpoke\n|poke|p1|Maushold, L50|\n|poke|p1|Gholdengo, L50|\n|poke|p1|Annihilape, L50, M|\n|poke|p1|Iron Bundle, L50|\n|poke|p1|Arcanine, L50, F|\n|poke|p1|Roaring Moon, L50|\n|poke|p2|Baxcalibur, L50, F|\n|poke|p2|Klefki, L50, M|\n|poke|p2|Ceruledge, L50, F|\n|poke|p2|Ting-Lu, L50|\n|poke|p2|Amoonguss, L50, F|\n|poke|p2|Iron Bundle, L50|\n|teampreview|4\nOnHoldWithTheIRS has agreed to open team sheets.\nPhilzkidd has agreed to open team sheets.\n|\n|t:|1683088215\n|start\n|switch|p1a: Maushold|Maushold, L50|100\/100\n|switch|p1b: Gholdengo|Gholdengo, L50|100\/100\n|switch|p2a: Klefki|Klefki, L50, M|100\/100\n|switch|p2b: Ceruledge|Ceruledge, L50, F|100\/100\n|turn|1\n|\n|t:|1683088246\n|move|p1a: Maushold|Follow Me|p1a: Maushold\n|-singleturn|p1a: Maushold|move: Follow Me\n|move|p2a: Klefki|Thunder Wave|p1a: Maushold\n|-status|p1a: Maushold|par\n|move|p2b: Ceruledge|Bulk Up|p2b: Ceruledge\n|-boost|p2b: Ceruledge|atk|1\n|-boost|p2b: Ceruledge|def|1\n|move|p1b: Gholdengo|Nasty Plot|p1b: Gholdengo\n|-boost|p1b: Gholdengo|spa|2\n|\n|upkeep\n|turn|2\n|\n|t:|1683088271\n|-terastallize|p1b: Gholdengo|Water\n|move|p2b: Ceruledge|Protect|p2b: Ceruledge\n|-singleturn|p2b: Ceruledge|Protect\n|cant|p1a: Maushold|par\n|move|p2a: Klefki|Light Screen|p2a: Klefki\n|-sidestart|p2: OnHoldWithTheIRS|move: Light Screen\n|move|p1b: Gholdengo|Shadow Ball|p2b: Ceruledge\n|-activate|p2b: Ceruledge|move: Protect\n|\n|upkeep\n|turn|3\n|\n|t:|1683088337\n|switch|p2a: Ting-Lu|Ting-Lu, L50|100\/100\n|-ability|p2a: Ting-Lu|Vessel of Ruin\n|-terastallize|p2b: Ceruledge|Grass\n|move|p1b: Gholdengo|Shadow Ball|p2b: Ceruledge\n|-damage|p2b: Ceruledge|65\/100\n|move|p2b: Ceruledge|Bitter Blade|p1a: Maushold\n|-damage|p1a: Maushold|36\/100 par\n|-heal|p2b: Ceruledge|100\/100|[from] drain|[of] p1a: Maushold\n|move|p1a: Maushold|Beat Up|p2b: Ceruledge\n|-damage|p2b: Ceruledge|99\/100\n|-damage|p2b: Ceruledge|97\/100\n|-damage|p2b: Ceruledge|94\/100\n|-damage|p2b: Ceruledge|92\/100\n|-hitcount|p2b: Ceruledge|4\n|\n|upkeep\n|turn|4\n|\n|t:|1683088377\n|move|p1b: Gholdengo|Shadow Ball|p2a: Ting-Lu\n|-resisted|p2a: Ting-Lu\n|-damage|p2a: Ting-Lu|92\/100\n|move|p2b: Ceruledge|Bulk Up|p2b: Ceruledge\n|-boost|p2b: Ceruledge|atk|1\n|-boost|p2b: Ceruledge|def|1\n|move|p2a: Ting-Lu|Snarl|p1a: Maushold|[spread] p1a,p1b\n|-crit|p1b: Gholdengo\n|-damage|p1a: Maushold|27\/100 par\n|-damage|p1b: Gholdengo|91\/100\n|-unboost|p1a: Maushold|spa|1\n|-unboost|p1b: Gholdengo|spa|1\n|move|p1a: Maushold|Super Fang|p2a: Ting-Lu\n|-damage|p2a: Ting-Lu|46\/100\n|\n|-heal|p1b: Gholdengo|97\/100|[from] item: Leftovers\n|upkeep\n|turn|5\n|\n|t:|1683088406\n|move|p1b: Gholdengo|Shadow Ball|p2b: Ceruledge\n|-damage|p2b: Ceruledge|64\/100\n|move|p2b: Ceruledge|Bitter Blade|p1a: Maushold\n|-damage|p1a: Maushold|0 fnt\n|-heal|p2b: Ceruledge|78\/100|[from] drain|[of] p1a: Maushold\n|faint|p1a: Maushold\n|move|p2a: Ting-Lu|Snarl|p1b: Gholdengo\n|-damage|p1b: Gholdengo|87\/100\n|-unboost|p1b: Gholdengo|spa|1\n|\n|-heal|p1b: Gholdengo|94\/100|[from] item: Leftovers\n|upkeep\n|\n|t:|1683088418\n|switch|p1a: Roaring Moon|Roaring Moon, L50|100\/100\n|-enditem|p1a: Roaring Moon|Booster Energy\n|-activate|p1a: Roaring Moon|ability: Protosynthesis|[fromitem]\n|-start|p1a: Roaring Moon|protosynthesisatk\n|turn|6\n|\n|t:|1683088470\n|switch|p2a: Klefki|Klefki, L50, M|100\/100\n|move|p2b: Ceruledge|Protect|p2b: Ceruledge\n|-singleturn|p2b: Ceruledge|Protect\n|move|p1a: Roaring Moon|Acrobatics|p2b: Ceruledge\n|-activate|p2b: Ceruledge|move: Protect\n|move|p1b: Gholdengo|Nasty Plot|p1b: Gholdengo\n|-boost|p1b: Gholdengo|spa|2\n|\n|-heal|p1b: Gholdengo|99\/100|[from] item: Leftovers\n|-sideend|p2: OnHoldWithTheIRS|move: Light Screen\n|upkeep\n|turn|7\n|\n|t:|1683088510\n|move|p2a: Klefki|Thunder Wave|p1b: Gholdengo\n|-immune|p1b: Gholdengo|[from] ability: Good as Gold\n|move|p1a: Roaring Moon|Throat Chop|p2a: Klefki\n|-resisted|p2a: Klefki\n|-damage|p2a: Klefki|72\/100\n|-start|p2a: Klefki|Throat Chop|[silent]\n|move|p1b: Gholdengo|Make It Rain|p2b: Ceruledge|[spread] p2a,p2b\n|-damage|p2a: Klefki|0 fnt\n|-damage|p2b: Ceruledge|0 fnt\n|-unboost|p1b: Gholdengo|spa|1\n|faint|p2a: Klefki\n|faint|p2b: Ceruledge\n|\n|-heal|p1b: Gholdengo|100\/100|[from] item: Leftovers\n|upkeep\n|\n|t:|1683088529\n|switch|p2b: Iron Bundle|Iron Bundle, L50|100\/100\n|switch|p2a: Ting-Lu|Ting-Lu, L50|46\/100\n|-ability|p2a: Ting-Lu|Vessel of Ruin\n|turn|8\n|\n|t:|1683088558\n|move|p2b: Iron Bundle|Freeze-Dry|p1a: Roaring Moon\n|-supereffective|p1a: Roaring Moon\n|-damage|p1a: Roaring Moon|39\/100\n|move|p1a: Roaring Moon|Acrobatics|p2b: Iron Bundle\n|-damage|p2b: Iron Bundle|36\/100\n|move|p1b: Gholdengo|Shadow Ball|p2b: Iron Bundle\n|-damage|p2b: Iron Bundle|0 fnt\n|faint|p2b: Iron Bundle\n|-end|p2b: Iron Bundle|Quark Drive|[silent]\n|move|p2a: Ting-Lu|Heavy Slam|p1a: Roaring Moon\n|-damage|p1a: Roaring Moon|23\/100\n|\n|upkeep\n|turn|9\n|\n|t:|1683088577\n|move|p1a: Roaring Moon|Throat Chop|p2a: Ting-Lu\n|-resisted|p2a: Ting-Lu\n|-damage|p2a: Ting-Lu|27\/100\n|-start|p2a: Ting-Lu|Throat Chop|[silent]\n|move|p1b: Gholdengo|Make It Rain|p2a: Ting-Lu\n|-damage|p2a: Ting-Lu|0 fnt\n|-unboost|p1b: Gholdengo|spa|1\n|faint|p2a: Ting-Lu\n|\n|win|Philzkidd\n|raw|Philzkidd's rating: 1173 → 1203<\/strong> (+30 for winning)\n|raw|OnHoldWithTheIRS's rating: 1246 → 1216<\/strong> (-30 for losing)\n|c|\u2606OnHoldWithTheIRS|gg\n","uploadtime":1683088595,"views":11,"p1id":"philzkidd","p2id":"onholdwiththeirs","formatid":"gen9vgc2023regulationc","rating":1203,"private":0,"password":""}