{"id":"gen9vgc2023regulationc-1844938259","p1":"juacox300","p2":"Jamtarokun","format":"[Gen 9] VGC 2023 Regulation C","log":"|j|\u2606juacox300\n|j|\u2606Jamtarokun\n|t:|1681666124\n|gametype|doubles\n|player|p1|juacox300|unknown|1282\n|player|p2|Jamtarokun|cheryl|1184\n|teamsize|p1|6\n|teamsize|p2|6\n|gen|9\n|tier|[Gen 9] VGC 2023 Regulation C\n|rated|\n|rule|Species Clause: Limit one of each Pok\u00e9mon\n|rule|Item Clause: Limit one of each item\n|clearpoke\n|poke|p1|Skeledirge, L50, M|\n|poke|p1|Meowscarada, L50, F|\n|poke|p1|Iron Bundle, L50|\n|poke|p1|Tauros-Paldea-Aqua, L50, M|\n|poke|p1|Chi-Yu, L50|\n|poke|p1|Flutter Mane, L50|\n|poke|p2|Annihilape, L50, F|\n|poke|p2|Farigiraf, L50, F|\n|poke|p2|Torkoal, L50, M|\n|poke|p2|Lilligant, L50, F|\n|poke|p2|Revavroom, L50, M|\n|poke|p2|Great Tusk, L50|\n|teampreview|4\n|inactive|Battle timer is ON: inactive players will automatically lose when time's up. (requested by Jamtarokun)\n|\n|t:|1681666215\n|start\n|switch|p1a: Chi-Yu|Chi-Yu, L50|100\/100\n|switch|p1b: Skeledirge|Skeledirge, L50, M|100\/100\n|switch|p2a: Farigiraf|Farigiraf, L50, F|100\/100\n|switch|p2b: Annihilape|Annihilape, L50, F|100\/100\n|-ability|p1a: Chi-Yu|Beads of Ruin\n|turn|1\n|\n|t:|1681666235\n|move|p2b: Annihilape|Protect|p2b: Annihilape\n|-singleturn|p2b: Annihilape|Protect\n|move|p1a: Chi-Yu|Snarl|p2a: Farigiraf|[spread] p2a\n|-activate|p2b: Annihilape|move: Protect\n|-supereffective|p2a: Farigiraf\n|-damage|p2a: Farigiraf|34\/100\n|-unboost|p2a: Farigiraf|spa|1\n|-damage|p1a: Chi-Yu|90\/100|[from] item: Life Orb\n|move|p1b: Skeledirge|Shadow Ball|p2b: Annihilape\n|-activate|p2b: Annihilape|move: Protect\n|move|p2a: Farigiraf|Trick Room|p2a: Farigiraf\n|-fieldstart|move: Trick Room|[of] p2a: Farigiraf\n|\n|upkeep\n|turn|2\n|\n|t:|1681666254\n|move|p1a: Chi-Yu|Protect|p1a: Chi-Yu\n|-singleturn|p1a: Chi-Yu|Protect\n|move|p2a: Farigiraf|Beat Up|p2b: Annihilape\n|-damage|p2b: Annihilape|98\/100\n|-damage|p2b: Annihilape|94\/100\n|-damage|p2b: Annihilape|91\/100\n|-damage|p2b: Annihilape|88\/100\n|-hitcount|p2b: Annihilape|4\n|move|p2b: Annihilape|Rage Fist|p1b: Skeledirge\n|-supereffective|p1b: Skeledirge\n|-damage|p1b: Skeledirge|0 fnt\n|faint|p1b: Skeledirge\n|\n|upkeep\n|\n|t:|1681666262\n|switch|p1b: Flutter Mane|Flutter Mane, L50|100\/100\n|turn|3\n|\n|t:|1681666269\n|-terastallize|p1b: Flutter Mane|Fairy\n|move|p2a: Farigiraf|Ally Switch|p2a: Farigiraf\n|swap|p2a: Farigiraf|1|[from] move: Ally Switch\n|move|p2a: Annihilape|Rage Fist|p1b: Flutter Mane\n|-enditem|p1b: Flutter Mane|Focus Sash\n|-damage|p1b: Flutter Mane|1\/100\n|move|p1a: Chi-Yu|Snarl|p2a: Annihilape|[spread] p2a,p2b\n|-supereffective|p2b: Farigiraf\n|-damage|p2a: Annihilape|57\/100\n|-damage|p2b: Farigiraf|0 fnt\n|-unboost|p2a: Annihilape|spa|1\n|-ability|p2a: Annihilape|Defiant|boost\n|-boost|p2a: Annihilape|atk|2\n|faint|p2b: Farigiraf\n|-damage|p1a: Chi-Yu|80\/100|[from] item: Life Orb\n|move|p1b: Flutter Mane|Dazzling Gleam|p2a: Annihilape\n|-supereffective|p2a: Annihilape\n|-damage|p2a: Annihilape|0 fnt\n|faint|p2a: Annihilape\n|\n|upkeep\n|\n|t:|1681666280\n|switch|p2b: Torkoal|Torkoal, L50, M|100\/100\n|switch|p2a: Great Tusk|Great Tusk, L50|100\/100\n|-weather|SunnyDay|[from] ability: Drought|[of] p2b: Torkoal\n|-activate|p2a: Great Tusk|ability: Protosynthesis\n|-start|p2a: Great Tusk|protosynthesisatk\n|-activate|p1b: Flutter Mane|ability: Protosynthesis\n|-start|p1b: Flutter Mane|protosynthesisspa\n|turn|4\n|\n|t:|1681666289\n|-terastallize|p2a: Great Tusk|Ground\n|move|p2b: Torkoal|Protect|p2b: Torkoal\n|-singleturn|p2b: Torkoal|Protect\n|move|p2a: Great Tusk|Earthquake|p1b: Flutter Mane|[spread] p1a,p1b\n|-activate|p2b: Torkoal|move: Protect\n|-supereffective|p1a: Chi-Yu\n|-crit|p1a: Chi-Yu\n|-damage|p1a: Chi-Yu|0 fnt\n|-damage|p1b: Flutter Mane|0 fnt\n|faint|p1a: Chi-Yu\n|faint|p1b: Flutter Mane\n|-end|p1b: Flutter Mane|Protosynthesis|[silent]\n|\n|-weather|SunnyDay|[upkeep]\n|upkeep\n|\n|t:|1681666295\n|switch|p1b: Iron Bundle|Iron Bundle, L50|100\/100\n|-enditem|p1b: Iron Bundle|Booster Energy\n|-activate|p1b: Iron Bundle|ability: Quark Drive|[fromitem]\n|-start|p1b: Iron Bundle|quarkdrivespe\n|turn|5\n|\n|t:|1681666299\n|move|p1b: Iron Bundle|Protect|p1b: Iron Bundle\n|-singleturn|p1b: Iron Bundle|Protect\n|move|p2b: Torkoal|Eruption|p1b: Iron Bundle\n|-activate|p1b: Iron Bundle|move: Protect\n|move|p2a: Great Tusk|Close Combat|p1b: Iron Bundle\n|-activate|p1b: Iron Bundle|move: Protect\n|\n|-weather|SunnyDay|[upkeep]\n|-fieldend|move: Trick Room\n|upkeep\n|turn|6\n|\n|t:|1681666309\n|move|p1b: Iron Bundle|Hydro Pump|p2b: Torkoal\n|-supereffective|p2b: Torkoal\n|-damage|p2b: Torkoal|14\/100\n|move|p2a: Great Tusk|Close Combat|p1b: Iron Bundle\n|-supereffective|p1b: Iron Bundle\n|-damage|p1b: Iron Bundle|0 fnt\n|-unboost|p2a: Great Tusk|def|1\n|-unboost|p2a: Great Tusk|spd|1\n|-enditem|p2a: Great Tusk|White Herb\n|-clearnegativeboost|p2a: Great Tusk|[silent]\n|faint|p1b: Iron Bundle\n|-end|p1b: Iron Bundle|Quark Drive|[silent]\n|\n|win|Jamtarokun\n|raw|juacox300's rating: 1282 → 1250<\/strong> (-32 for losing)\n|raw|Jamtarokun's rating: 1184 → 1216<\/strong> (+32 for winning)\n|l|\u2606juacox300\n","uploadtime":1681666321,"views":11,"p1id":"juacox300","p2id":"jamtarokun","formatid":"gen9vgc2023regulationc","rating":1216,"private":0,"password":""}