{"id":"gen9vgc2023regulationc-1858634445","p1":"covidiott","p2":"CovaStar","format":"[Gen 9] VGC 2023 Regulation C","log":"|j|\u2606covidiott\n|j|\u2606CovaStar\n|t:|1683335190\n|gametype|doubles\n|player|p1|covidiott|thorton|1185\n|player|p2|CovaStar|pokemonranger-gen4|1169\n|teamsize|p1|6\n|teamsize|p2|6\n|gen|9\n|tier|[Gen 9] VGC 2023 Regulation C\n|rated|\n|rule|Species Clause: Limit one of each Pok\u00e9mon\n|rule|Item Clause: Limit one of each item\n|clearpoke\n|poke|p1|Glimmora, L50, M|\n|poke|p1|Dondozo, L50, M|\n|poke|p1|Tatsugiri, L50, F|\n|poke|p1|Chi-Yu, L50|\n|poke|p1|Iron Bundle, L50|\n|poke|p1|Dragonite, L50, F|\n|poke|p2|Pachirisu, L50, F|\n|poke|p2|Kilowattrel, L50, M|\n|poke|p2|Ting-Lu, L50|\n|poke|p2|Corviknight, L50, F|\n|poke|p2|Vivillon, L50, F|\n|poke|p2|Talonflame, L50, M|\n|teampreview|4\n|inactive|Battle timer is ON: inactive players will automatically lose when time's up. (requested by CovaStar)\n|inactive|covidiott has 60 seconds left.\n|inactive|CovaStar has 60 seconds left.\n|\n|t:|1683335251\n|start\n|switch|p1a: Glimmora|Glimmora, L50, M, shiny|100\/100\n|switch|p1b: Dondozo|Dondozo, L50, M|100\/100\n|switch|p2a: Ting-Lu|Ting-Lu, L50|100\/100\n|switch|p2b: Kilowattrel|Kilowattrel, L50, M|100\/100\n|-ability|p2a: Ting-Lu|Vessel of Ruin\n|turn|1\n|inactive|covidiott has 30 seconds left.\n|inactive|CovaStar has 30 seconds left.\n|inactive|covidiott has 20 seconds left.\n|inactive|covidiott has 15 seconds left.\n|\n|t:|1683335292\n|move|p1b: Dondozo|Protect|p1b: Dondozo\n|-singleturn|p1b: Dondozo|Protect\n|move|p2b: Kilowattrel|Discharge|p1b: Dondozo|[spread] p1a\n|-activate|p1b: Dondozo|move: Protect\n|-immune|p2a: Ting-Lu\n|-damage|p1a: Glimmora|80\/100\n|move|p1a: Glimmora|Mortal Spin|p2b: Kilowattrel|[spread] p2a,p2b\n|-resisted|p2a: Ting-Lu\n|-damage|p2a: Ting-Lu|99\/100\n|-damage|p2b: Kilowattrel|92\/100\n|-status|p2a: Ting-Lu|psn\n|-status|p2b: Kilowattrel|psn\n|move|p2a: Ting-Lu|Earthquake|p1a: Glimmora|[spread] p1a\n|-activate|p1b: Dondozo|move: Protect\n|-immune|p2b: Kilowattrel\n|-supereffective|p1a: Glimmora\n|-damage|p1a: Glimmora|0 fnt\n|-activate|p1a: Glimmora|ability: Toxic Debris\n|-sidestart|p2: CovaStar|move: Toxic Spikes\n|faint|p1a: Glimmora\n|\n|-damage|p2b: Kilowattrel|79\/100 psn|[from] psn\n|-damage|p2a: Ting-Lu|87\/100 psn|[from] psn\n|upkeep\n|\n|t:|1683335314\n|switch|p1a: Tatsugiri|Tatsugiri, L50, F|100\/100\n|-activate|p1a: Tatsugiri|ability: Commander|[of] p1b: Dondozo\n|-boost|p1b: Dondozo|atk|2\n|-boost|p1b: Dondozo|spa|2\n|-boost|p1b: Dondozo|spe|2\n|-boost|p1b: Dondozo|def|2\n|-boost|p1b: Dondozo|spd|2\n|turn|2\n|\n|t:|1683335331\n|-terastallize|p1b: Dondozo|Grass\n|move|p2b: Kilowattrel|Discharge|p1b: Dondozo|[spread] p1b\n|-miss|p2b: Kilowattrel|p1a: Tatsugiri\n|-immune|p2a: Ting-Lu\n|-resisted|p1b: Dondozo\n|-damage|p1b: Dondozo|94\/100\n|-status|p1b: Dondozo|par\n|move|p2a: Ting-Lu|Rock Slide|p1b: Dondozo|[spread] p1b\n|-miss|p2a: Ting-Lu|p1a: Tatsugiri\n|-damage|p1b: Dondozo|87\/100 par\n|cant|p1b: Dondozo|flinch\n|\n|-heal|p1b: Dondozo|93\/100 par|[from] item: Leftovers\n|-damage|p2b: Kilowattrel|67\/100 psn|[from] psn\n|-damage|p2a: Ting-Lu|74\/100 psn|[from] psn\n|upkeep\n|turn|3\n|c|\u2606covidiott|oh fk off this stupid ass game\n|inactive|CovaStar has 30 seconds left.\n|inactive|CovaStar has 20 seconds left.\n|c|\u2606covidiott|htfu\n|\n|t:|1683335368\n|switch|p2b: Pachirisu|Pachirisu, L50, F, shiny|100\/100\n|-status|p2b: Pachirisu|psn\n|move|p2a: Ting-Lu|Rock Slide|p1b: Dondozo|[spread] p1b\n|-miss|p2a: Ting-Lu|p1a: Tatsugiri\n|-damage|p1b: Dondozo|87\/100 par\n|cant|p1b: Dondozo|flinch\n|\n|-heal|p1b: Dondozo|93\/100 par|[from] item: Leftovers\n|-damage|p2b: Pachirisu|89\/100 psn|[from] psn\n|-damage|p2a: Ting-Lu|62\/100 psn|[from] psn\n|upkeep\n|turn|4\n|c|\u2606covidiott|i lose\n|\n|t:|1683335386\n|move|p2b: Pachirisu|Super Fang|p1b: Dondozo\n|-damage|p1b: Dondozo|47\/100 par\n|move|p2a: Ting-Lu|Rock Slide|p1a: Tatsugiri|[spread] p1b\n|-miss|p2a: Ting-Lu|p1a: Tatsugiri\n|-damage|p1b: Dondozo|41\/100 par\n|move|p1b: Dondozo|Earthquake|p2b: Pachirisu|[spread] p2a,p2b\n|-miss|p1b: Dondozo|p1a: Tatsugiri\n|-supereffective|p2b: Pachirisu\n|-damage|p2a: Ting-Lu|35\/100 psn\n|-damage|p2b: Pachirisu|14\/100 psn\n|-enditem|p2b: Pachirisu|Sitrus Berry|[eat]\n|-heal|p2b: Pachirisu|39\/100 psn|[from] item: Sitrus Berry\n|\n|-heal|p1b: Dondozo|47\/100 par|[from] item: Leftovers\n|-damage|p2b: Pachirisu|27\/100 psn|[from] psn\n|-damage|p2a: Ting-Lu|22\/100 psn|[from] psn\n|upkeep\n|turn|5\n|c|\u2606covidiott|fkin ridiculous\n|inactive|covidiott has 30 seconds left.\n|inactive|CovaStar has 30 seconds left.\n|\n|t:|1683335420\n|switch|p2a: Talonflame|Talonflame, L50, M|100\/100\n|move|p2b: Pachirisu|Super Fang|p1b: Dondozo\n|-damage|p1b: Dondozo|24\/100 par\n|move|p1b: Dondozo|Wave Crash|p2b: Pachirisu\n|-damage|p2b: Pachirisu|0 fnt\n|faint|p2b: Pachirisu\n|-damage|p1b: Dondozo|17\/100 par|[from] Recoil\n|\n|-heal|p1b: Dondozo|24\/100 par|[from] item: Leftovers\n|upkeep\n|\n|t:|1683335444\n|switch|p2b: Ting-Lu|Ting-Lu, L50|22\/100 psn\n|-ability|p2b: Ting-Lu|Vessel of Ruin\n|turn|6\n|c|\u2606covidiott|htfu\n|\n|t:|1683335466\n|move|p1b: Dondozo|Protect|p1b: Dondozo\n|-singleturn|p1b: Dondozo|Protect\n|move|p2a: Talonflame|Brave Bird|p1b: Dondozo\n|-activate|p1b: Dondozo|move: Protect\n|move|p2b: Ting-Lu|Throat Chop|p1b: Dondozo\n|-activate|p1b: Dondozo|move: Protect\n|\n|-heal|p1b: Dondozo|30\/100 par|[from] item: Leftovers\n|-damage|p2b: Ting-Lu|10\/100 psn|[from] psn\n|upkeep\n|turn|7\n|\n|t:|1683335484\n|move|p2a: Talonflame|Brave Bird|p1b: Dondozo\n|-supereffective|p1b: Dondozo\n|-damage|p1b: Dondozo|3\/100 par\n|-damage|p2a: Talonflame|89\/100|[from] Recoil\n|move|p2b: Ting-Lu|Throat Chop|p1b: Dondozo\n|-damage|p1b: Dondozo|0 fnt\n|faint|p1b: Dondozo\n|\n|-damage|p2b: Ting-Lu|0 fnt|[from] psn\n|faint|p2b: Ting-Lu\n|upkeep\n|\n|t:|1683335495\n|switch|p2b: Kilowattrel|Kilowattrel, L50, M|67\/100 psn\n|switch|p1b: Chi-Yu|Chi-Yu, L50|100\/100\n|-ability|p1b: Chi-Yu|Beads of Ruin\n|turn|8\n|inactive|covidiott has 30 seconds left.\n|\n|t:|1683335522\n|move|p1a: Tatsugiri|Draco Meteor|p2a: Talonflame\n|-damage|p2a: Talonflame|0 fnt\n|-unboost|p1a: Tatsugiri|spa|2\n|faint|p2a: Talonflame\n|move|p2b: Kilowattrel|Air Slash|p1a: Tatsugiri\n|-damage|p1a: Tatsugiri|14\/100\n|move|p1b: Chi-Yu|Dark Pulse|p2b: Kilowattrel\n|-damage|p2b: Kilowattrel|0 fnt\n|faint|p2b: Kilowattrel\n|\n|win|covidiott\n|raw|covidiott's rating: 1185 → 1209<\/strong> (+24 for winning)\n|raw|CovaStar's rating: 1169 → 1145<\/strong> (-24 for losing)\n","uploadtime":1683335352,"views":7,"p1id":"covidiott","p2id":"covastar","formatid":"gen9vgc2023regulationc","rating":1145,"private":0,"password":""}