{"id":"gen9vgc2023regulationc-1846611999","p1":"BIGHAXORUSFAN147","p2":"DeathToScarfChiYu","format":"[Gen 9] VGC 2023 Regulation C","log":"|j|\u2606BIGHAXORUSFAN147\n|j|\u2606DeathToScarfChiYu\n|t:|1681857175\n|gametype|doubles\n|player|p1|BIGHAXORUSFAN147|grimsley-masters|1634\n|player|p2|DeathToScarfChiYu|fennel|1737\n|teamsize|p1|6\n|teamsize|p2|6\n|gen|9\n|tier|[Gen 9] VGC 2023 Regulation C\n|rated|\n|rule|Species Clause: Limit one of each Pok\u00e9mon\n|rule|Item Clause: Limit one of each item\n|clearpoke\n|poke|p1|Roaring Moon, L50|\n|poke|p1|Palafin, L50, M|\n|poke|p1|Ting-Lu, L50|\n|poke|p1|Amoonguss, L50, M|\n|poke|p1|Arcanine, L50, M|\n|poke|p1|Flutter Mane, L50|\n|poke|p2|Bellibolt, L50, M|\n|poke|p2|Gastrodon-East, L50, F|\n|poke|p2|Iron Treads, L50|\n|poke|p2|Mimikyu, L50, M|\n|poke|p2|Chi-Yu, L50|\n|poke|p2|Corviknight, L50, F|\n|teampreview|4\nDeathToScarfChiYu has agreed to open team sheets.\nBIGHAXORUSFAN147 has agreed to open team sheets.\n|inactive|Battle timer is ON: inactive players will automatically lose when time's up. (requested by DeathToScarfChiYu)\n|\n|t:|1681857246\n|start\n|switch|p1a: Iris|Roaring Moon, L50|100\/100\n|switch|p1b: Celeste|Flutter Mane, L50|100\/100\n|switch|p2a: Pretty Sweet|Mimikyu, L50, M|100\/100\n|switch|p2b: Skyline To|Corviknight, L50, F|100\/100\n|-enditem|p1a: Iris|Booster Energy\n|-activate|p1a: Iris|ability: Protosynthesis|[fromitem]\n|-start|p1a: Iris|protosynthesisatk\n|turn|1\n|inactive|BIGHAXORUSFAN147 has 30 seconds left.\n|inactive|BIGHAXORUSFAN147 has 20 seconds left.\n|inactive|BIGHAXORUSFAN147 has 15 seconds left.\n|inactive|BIGHAXORUSFAN147 has 10 seconds left.\n|\n|t:|1681857292\n|-end|p1b: Celeste|Protosynthesis|[silent]\n|switch|p1b: Avery|Ting-Lu, L50|100\/100\n|-ability|p1b: Avery|Vessel of Ruin\n|switch|p2b: White Ferrari|Iron Treads, L50|100\/100\n|-enditem|p2b: White Ferrari|Booster Energy\n|-activate|p2b: White Ferrari|ability: Quark Drive|[fromitem]\n|-start|p2b: White Ferrari|quarkdrivespe\n|move|p1a: Iris|Protect|p1a: Iris\n|-singleturn|p1a: Iris|Protect\n|move|p2a: Pretty Sweet|Play Rough|p1a: Iris\n|-activate|p1a: Iris|move: Protect\n|\n|upkeep\n|turn|2\n|inactive|BIGHAXORUSFAN147 has 30 seconds left.\n|j| RedCharonKnight\n|\n|t:|1681857323\n|switch|p1b: Adam|Arcanine, L50, M|100\/100\n|-ability|p1b: Adam|Intimidate|boost\n|-unboost|p2a: Pretty Sweet|atk|1\n|-unboost|p2b: White Ferrari|atk|1\n|-terastallize|p1a: Iris|Flying\n|move|p2b: White Ferrari|Ice Spinner|p1a: Iris\n|-supereffective|p1a: Iris\n|-damage|p1a: Iris|69\/100\n|move|p2a: Pretty Sweet|Will-O-Wisp|p1b: Adam\n|-immune|p1b: Adam\n|move|p1a: Iris|Dragon Dance|p1a: Iris\n|-boost|p1a: Iris|atk|1\n|-boost|p1a: Iris|spe|1\n|\n|upkeep\n|turn|3\n|\n|t:|1681857338\n|move|p1a: Iris|Protect|p1a: Iris\n|-singleturn|p1a: Iris|Protect\n|move|p2b: White Ferrari|Ice Spinner|p1a: Iris\n|-activate|p1a: Iris|move: Protect\n|move|p2a: Pretty Sweet|Taunt|p1b: Adam\n|-start|p1b: Adam|move: Taunt\n|move|p1b: Adam|Flare Blitz|p2a: Pretty Sweet\n|-activate|p2a: Pretty Sweet|ability: Disguise\n|-damage|p2a: Pretty Sweet|100\/100\n|detailschange|p2a: Pretty Sweet|Mimikyu-Busted, L50, M\n|-damage|p2a: Pretty Sweet|88\/100|[from] pokemon: Mimikyu-Busted\n|\n|upkeep\n|turn|4\n|\n|t:|1681857355\n|move|p2a: Pretty Sweet|Shadow Sneak|p1a: Iris\n|-damage|p1a: Iris|54\/100\n|-damage|p2a: Pretty Sweet|79\/100|[from] item: Life Orb\n|move|p2b: White Ferrari|Ice Spinner|p1a: Iris\n|-supereffective|p1a: Iris\n|-damage|p1a: Iris|18\/100\n|move|p1a: Iris|Acrobatics|p2a: Pretty Sweet\n|-damage|p2a: Pretty Sweet|0 fnt\n|faint|p2a: Pretty Sweet\n|move|p1b: Adam|Flare Blitz|p2b: White Ferrari\n|-supereffective|p2b: White Ferrari\n|-damage|p2b: White Ferrari|16\/100\n|-damage|p1b: Adam|77\/100|[from] Recoil\n|\n|upkeep\n|l|\u2606DeathToScarfChiYu\n|inactive|DeathToScarfChiYu disconnected and has a minute to reconnect!\n|player|p2|\n|j|\u2606DeathToScarfChiYu\n|inactive|DeathToScarfChiYu reconnected and has 35 seconds left.\n|player|p2|DeathToScarfChiYu|fennel\n|inactive|DeathToScarfChiYu has 30 seconds left.\n|\n|t:|1681857380\n|switch|p2a: Skyline To|Corviknight, L50, F|100\/100\n|turn|5\n|\n|t:|1681857392\n|-terastallize|p2a: Skyline To|Fire\n|move|p2b: White Ferrari|Protect|p2b: White Ferrari\n|-singleturn|p2b: White Ferrari|Protect\n|move|p1a: Iris|Protect|p1a: Iris\n|-singleturn|p1a: Iris|Protect\n|move|p1b: Adam|Flare Blitz|p2a: Skyline To\n|-resisted|p2a: Skyline To\n|-damage|p2a: Skyline To|81\/100\n|-damage|p1b: Adam|70\/100|[from] Recoil\n|move|p2a: Skyline To|Bulk Up|p2a: Skyline To\n|-boost|p2a: Skyline To|atk|1\n|-boost|p2a: Skyline To|def|1\n|\n|-end|p1b: Adam|move: Taunt\n|upkeep\n|turn|6\n|inactive|BIGHAXORUSFAN147 has 30 seconds left.\n|inactive|BIGHAXORUSFAN147 has 20 seconds left.\n|\n|t:|1681857431\n|move|p1a: Iris|Protect|p1a: Iris\n|-singleturn|p1a: Iris|Protect\n|move|p2b: White Ferrari|Ice Spinner|p1a: Iris\n|-activate|p1a: Iris|move: Protect\n|move|p1b: Adam|Flare Blitz|p2b: White Ferrari\n|-supereffective|p2b: White Ferrari\n|-damage|p2b: White Ferrari|0 fnt\n|faint|p2b: White Ferrari\n|-end|p2b: White Ferrari|Quark Drive|[silent]\n|-damage|p1b: Adam|66\/100|[from] Recoil\n|move|p2a: Skyline To|Bulk Up|p2a: Skyline To\n|-boost|p2a: Skyline To|atk|1\n|-boost|p2a: Skyline To|def|1\n|\n|upkeep\n|\n|t:|1681857438\n|switch|p2b: Self Control|Gastrodon-East, L50, F|100\/100\n|turn|7\n|inactive|BIGHAXORUSFAN147 has 30 seconds left.\n|\n|t:|1681857464\n|move|p1b: Adam|Extreme Speed|p2a: Skyline To\n|-damage|p2a: Skyline To|71\/100\n|move|p1a: Iris|Acrobatics|p2a: Skyline To\n|-damage|p2a: Skyline To|17\/100\n|move|p2a: Skyline To|Iron Head|p1a: Iris\n|-damage|p1a: Iris|0 fnt\n|faint|p1a: Iris\n|-end|p1a: Iris|Protosynthesis|[silent]\n|move|p2b: Self Control|Recover||[still]\n|-fail|p2b: Self Control|heal\n|\n|upkeep\n|\n|t:|1681857476\n|switch|p1a: Celeste|Flutter Mane, L50|100\/100\n|turn|8\n|c|\u2606DeathToScarfChiYu|That double lmao\n|-message|DeathToScarfChiYu forfeited.\n|\n|win|BIGHAXORUSFAN147\n|raw|BIGHAXORUSFAN147's rating: 1634 → 1660<\/strong> (+26 for winning)\n|raw|DeathToScarfChiYu's rating: 1737 → 1711<\/strong> (-26 for losing)\n|l|\u2606DeathToScarfChiYu\n|c|\u2606BIGHAXORUSFAN147|had to try\n|c|\u2606BIGHAXORUSFAN147|gg\n","uploadtime":1681857506,"views":11,"p1id":"bighaxorusfan147","p2id":"deathtoscarfchiyu","formatid":"gen9vgc2023regulationc","rating":1660,"private":0,"password":""}