{"id":"gen9vgc2023regulationc-1846780393","p1":"gholdjunge","p2":"qiin5","format":"[Gen 9] VGC 2023 Regulation C","log":"|j|\u2606gholdjunge\n|j|\u2606qiin5\n|t:|1681878147\n|gametype|doubles\n|player|p1|gholdjunge|youngster-gen2|1510\n|player|p2|qiin5|policeman|1515\n|teamsize|p1|6\n|teamsize|p2|6\n|gen|9\n|tier|[Gen 9] VGC 2023 Regulation C\n|rated|\n|rule|Species Clause: Limit one of each Pok\u00e9mon\n|rule|Item Clause: Limit one of each item\n|clearpoke\n|poke|p1|Azumarill, L50, M|\n|poke|p1|Pelipper, L50, F|\n|poke|p1|Chien-Pao, L50|\n|poke|p1|Amoonguss, L50, F|\n|poke|p1|Iron Hands, L50|\n|poke|p1|Flutter Mane, L50|\n|poke|p2|Amoonguss, L50, M|\n|poke|p2|Arcanine, L50, F|\n|poke|p2|Palafin, L50, M|\n|poke|p2|Ting-Lu, L50|\n|poke|p2|Flutter Mane, L50|\n|poke|p2|Baxcalibur, L50, M|\n|teampreview|4\n|\n|t:|1681878205\n|start\n|switch|p1a: Azumarill|Azumarill, L50, M|100\/100\n|switch|p1b: Pelipper|Pelipper, L50, F|100\/100\n|switch|p2a: Flutter Mane|Flutter Mane, L50|100\/100\n|switch|p2b: Palafin|Palafin, L50, M|100\/100\n|-weather|RainDance|[from] ability: Drizzle|[of] p1b: Pelipper\n|turn|1\n|\n|t:|1681878222\n|move|p1b: Pelipper|Helping Hand|p1a: Azumarill\n|-singleturn|p1a: Azumarill|Helping Hand|[of] p1b: Pelipper\n|move|p2b: Palafin|Jet Punch|p1b: Pelipper\n|-resisted|p1b: Pelipper\n|-damage|p1b: Pelipper|77\/100\n|move|p1a: Azumarill|Aqua Jet|p2a: Flutter Mane\n|-damage|p2a: Flutter Mane|14\/100\n|move|p2a: Flutter Mane|Dazzling Gleam|p1b: Pelipper|[spread] p1a,p1b\n|-damage|p1a: Azumarill|48\/100\n|-damage|p1b: Pelipper|28\/100\n|-enditem|p1b: Pelipper|Sitrus Berry|[eat]\n|-heal|p1b: Pelipper|53\/100|[from] item: Sitrus Berry\n|\n|-weather|RainDance|[upkeep]\n|upkeep\n|turn|2\n|\n|t:|1681878251\n|-end|p2a: Flutter Mane|Protosynthesis|[silent]\n|switch|p2a: Amoonguss|Amoonguss, L50, M|100\/100\n|switch|p1b: Amoonguss|Amoonguss, L50, F|100\/100\n|move|p1a: Azumarill|Protect|p1a: Azumarill\n|-singleturn|p1a: Azumarill|Protect\n|move|p2b: Palafin|Wave Crash|p1b: Amoonguss\n|-resisted|p1b: Amoonguss\n|-damage|p1b: Amoonguss|67\/100\n|-damage|p2b: Palafin|89\/100|[from] Recoil\n|\n|-weather|RainDance|[upkeep]\n|upkeep\n|turn|3\n|\n|t:|1681878288\n|move|p2b: Palafin|Protect|p2b: Palafin\n|-singleturn|p2b: Palafin|Protect\n|move|p1a: Azumarill|Protect|p1a: Azumarill\n|-singleturn|p1a: Azumarill|Protect\n|move|p2a: Amoonguss|Spore|p1a: Azumarill\n|-activate|p1a: Azumarill|move: Protect\n|move|p1b: Amoonguss|Spore|p2b: Palafin\n|-activate|p2b: Palafin|move: Protect\n|\n|-weather|RainDance|[upkeep]\n|upkeep\n|turn|4\n|\n|t:|1681878309\n|move|p1b: Amoonguss|Rage Powder|p1b: Amoonguss\n|-singleturn|p1b: Amoonguss|move: Rage Powder\n|move|p2b: Palafin|Wave Crash|p1b: Amoonguss\n|-resisted|p1b: Amoonguss\n|-damage|p1b: Amoonguss|31\/100\n|-damage|p2b: Palafin|76\/100|[from] Recoil\n|move|p1a: Azumarill|Liquidation|p2b: Palafin\n|-resisted|p2b: Palafin\n|-damage|p2b: Palafin|34\/100\n|move|p2a: Amoonguss|Spore|p1a: Azumarill\n|-status|p1a: Azumarill|slp|[from] move: Spore\n|-enditem|p1a: Azumarill|Lum Berry|[eat]\n|-curestatus|p1a: Azumarill|slp|[msg]\n|\n|-weather|RainDance|[upkeep]\n|upkeep\n|turn|5\n|\n|t:|1681878347\n|switch|p1b: Chien-Pao|Chien-Pao, L50|100\/100\n|-ability|p1b: Chien-Pao|Sword of Ruin\n|move|p1a: Azumarill|Protect|p1a: Azumarill\n|-singleturn|p1a: Azumarill|Protect\n|move|p2a: Amoonguss|Rage Powder|p2a: Amoonguss\n|-singleturn|p2a: Amoonguss|move: Rage Powder\n|move|p2b: Palafin|Wave Crash|p1b: Chien-Pao\n|-enditem|p1b: Chien-Pao|Focus Sash\n|-damage|p1b: Chien-Pao|1\/100\n|-damage|p2b: Palafin|10\/100|[from] Recoil\n|\n|-weather|none\n|upkeep\n|turn|6\n|\n|t:|1681878368\n|switch|p1a: Amoonguss|Amoonguss, L50, F|64\/100\n|move|p1b: Chien-Pao|Protect|p1b: Chien-Pao\n|-singleturn|p1b: Chien-Pao|Protect\n|move|p2a: Amoonguss|Rage Powder|p2a: Amoonguss\n|-singleturn|p2a: Amoonguss|move: Rage Powder\n|move|p2b: Palafin|Jet Punch|p1b: Chien-Pao\n|-activate|p1b: Chien-Pao|move: Protect\n|\n|upkeep\n|turn|7\n|j| TsukiGumi\n|\n|t:|1681878391\n|detailschange|p2b: Palafin|Palafin-Hero, L50, M\n|switch|p2b: Arcanine|Arcanine, L50, F|100\/100\n|-ability|p2b: Arcanine|Intimidate|boost\n|-unboost|p1a: Amoonguss|atk|1\n|-unboost|p1b: Chien-Pao|atk|1\n|move|p1a: Amoonguss|Rage Powder|p1a: Amoonguss\n|-singleturn|p1a: Amoonguss|move: Rage Powder\n|move|p1b: Chien-Pao|Ice Spinner|p2a: Amoonguss\n|-supereffective|p2a: Amoonguss\n|-damage|p2a: Amoonguss|31\/100\n|-enditem|p2a: Amoonguss|Sitrus Berry|[eat]\n|-heal|p2a: Amoonguss|56\/100|[from] item: Sitrus Berry\n|move|p2a: Amoonguss|Pollen Puff|p1b: Chien-Pao\n|-supereffective|p1b: Chien-Pao\n|-damage|p1b: Chien-Pao|0 fnt\n|faint|p1b: Chien-Pao\n|\n|upkeep\n|\n|t:|1681878415\n|switch|p1b: Pelipper|Pelipper, L50, F|53\/100\n|-weather|RainDance|[from] ability: Drizzle|[of] p1b: Pelipper\n|turn|8\n|j| Manchester1997\n|\n|t:|1681878434\n|move|p2a: Amoonguss|Protect|p2a: Amoonguss\n|-singleturn|p2a: Amoonguss|Protect\n|move|p2b: Arcanine|Flare Blitz|p1a: Amoonguss\n|-supereffective|p1a: Amoonguss\n|-damage|p1a: Amoonguss|27\/100\n|-damage|p2b: Arcanine|87\/100|[from] Recoil\n|move|p1b: Pelipper|Hurricane|p2a: Amoonguss\n|-activate|p2a: Amoonguss|move: Protect\n|move|p1a: Amoonguss|Pollen Puff|p1b: Pelipper\n|-heal|p1b: Pelipper|100\/100\n|\n|-weather|RainDance|[upkeep]\n|upkeep\n|turn|9\n|j| ScV Test\n|\n|t:|1681878457\n|switch|p1a: Azumarill|Azumarill, L50, M|48\/100\n|-terastallize|p2a: Amoonguss|Water\n|move|p2b: Arcanine|Flare Blitz|p1a: Azumarill\n|-resisted|p1a: Azumarill\n|-damage|p1a: Azumarill|36\/100\n|-damage|p2b: Arcanine|83\/100|[from] Recoil\n|move|p1b: Pelipper|Hurricane|p2a: Amoonguss\n|-crit|p2a: Amoonguss\n|-damage|p2a: Amoonguss|10\/100\n|move|p2a: Amoonguss|Spore|p1b: Pelipper\n|-status|p1b: Pelipper|slp|[from] move: Spore\n|\n|-weather|RainDance|[upkeep]\n|upkeep\n|turn|10\n|\n|t:|1681878496\n|switch|p1b: Amoonguss|Amoonguss, L50, F|61\/100\n|switch|p2a: Palafin|Palafin-Hero, L50, M|10\/100\n|-activate|p2a: Palafin|ability: Zero to Hero\n|move|p2b: Arcanine|Will-O-Wisp|p1a: Azumarill|[miss]\n|-miss|p2b: Arcanine|p1a: Azumarill\n|move|p1a: Azumarill|Liquidation|p2b: Arcanine\n|-supereffective|p2b: Arcanine\n|-damage|p2b: Arcanine|0 fnt\n|faint|p2b: Arcanine\n|\n|-weather|RainDance|[upkeep]\n|upkeep\n|\n|t:|1681878511\n|switch|p2b: Amoonguss|Amoonguss, L50, M, tera:Water|43\/100\n|turn|11\n|\n|t:|1681878547\n|move|p1b: Amoonguss|Rage Powder|p1b: Amoonguss\n|-singleturn|p1b: Amoonguss|move: Rage Powder\n|move|p2a: Palafin|Wave Crash|p1b: Amoonguss\n|-resisted|p1b: Amoonguss\n|-damage|p1b: Amoonguss|3\/100\n|-enditem|p1b: Amoonguss|Wiki Berry|[eat]\n|-heal|p1b: Amoonguss|36\/100|[from] item: Wiki Berry\n|-damage|p2a: Palafin|0 fnt|[from] Recoil\n|faint|p2a: Palafin\n|move|p1a: Azumarill|Play Rough|p2b: Amoonguss\n|-damage|p2b: Amoonguss|0 fnt\n|faint|p2b: Amoonguss\n|\n|-weather|RainDance|[upkeep]\n|upkeep\n|-message|qiin5 forfeited.\n|\n|win|gholdjunge\n|raw|gholdjunge's rating: 1510 → 1530<\/strong> (+20 for winning)\n|raw|qiin5's rating: 1515 → 1495<\/strong> (-20 for losing)\n|l|\u2606qiin5\n","uploadtime":1681878572,"views":11,"p1id":"gholdjunge","p2id":"qiin5","formatid":"gen9vgc2023regulationc","rating":1495,"private":0,"password":""}