{"id":"gen9vgc2023regulationc-1855134075","p1":"akcolade","p2":"Charlisito","format":"[Gen 9] VGC 2023 Regulation C","log":"|j|\u2606akcolade\n|j|\u2606Charlisito\n|t:|1682905417\n|gametype|doubles\n|player|p1|akcolade|265|1275\n|player|p2|Charlisito|2|1163\n|teamsize|p1|6\n|teamsize|p2|6\n|gen|9\n|tier|[Gen 9] VGC 2023 Regulation C\n|rated|\n|rule|Species Clause: Limit one of each Pok\u00e9mon\n|rule|Item Clause: Limit one of each item\n|clearpoke\n|poke|p1|Skeledirge, L50, F|\n|poke|p1|Azumarill, L50, F|\n|poke|p1|Amoonguss, L50, M|\n|poke|p1|Gholdengo, L50|\n|poke|p1|Orthworm, L50, M|\n|poke|p1|Braviary, L50, M|\n|poke|p2|Bellibolt, L50, F|\n|poke|p2|Palafin, L50, M|\n|poke|p2|Arcanine, L50, M|\n|poke|p2|Amoonguss, L50, M|\n|poke|p2|Flutter Mane, L50|\n|poke|p2|Ting-Lu, L50|\n|teampreview|4\nakcolade has agreed to open team sheets.\n|inactive|Battle timer is ON: inactive players will automatically lose when time's up. (requested by akcolade)\n|c|\u2606akcolade|hf\nCharlisito has agreed to open team sheets.\n|inactive|Charlisito has 60 seconds left.\n|\n|t:|1682905489\n|start\n|switch|p1a: Amoonguss|Amoonguss, L50, M|100\/100\n|switch|p1b: Braviary|Braviary, L50, M|100\/100\n|switch|p2a: Bellibolt|Bellibolt, L50, F|100\/100\n|switch|p2b: Amoonguss|Amoonguss, L50, M|100\/100\n|turn|1\n|\n|t:|1682905508\n|move|p1a: Amoonguss|Rage Powder|p1a: Amoonguss\n|-singleturn|p1a: Amoonguss|move: Rage Powder\n|move|p1b: Braviary|Brave Bird|p2b: Amoonguss\n|-supereffective|p2b: Amoonguss\n|-damage|p2b: Amoonguss|0 fnt\n|faint|p2b: Amoonguss\n|-damage|p1b: Braviary|68\/100|[from] Recoil\n|move|p2a: Bellibolt|Volt Switch|p1a: Amoonguss\n|-resisted|p1a: Amoonguss\n|-damage|p1a: Amoonguss|89\/100\n|\n|t:|1682905514\n|switch|p2a: Ting-Lu|Ting-Lu, L50|100\/100|[from] Volt Switch\n|-ability|p2a: Ting-Lu|Vessel of Ruin\n|\n|upkeep\n|\n|t:|1682905515\n|switch|p2b: Bellibolt|Bellibolt, L50, F|100\/100\n|turn|2\n|inactive|akcolade has 30 seconds left.\n|\n|t:|1682905550\n|move|p1b: Braviary|Brave Bird|p2a: Ting-Lu\n|-damage|p2a: Ting-Lu|53\/100\n|-damage|p1b: Braviary|49\/100|[from] Recoil\n|move|p2a: Ting-Lu|Ruination|p1a: Amoonguss\n|-damage|p1a: Amoonguss|45\/100\n|move|p2b: Bellibolt|Parabolic Charge|p1a: Amoonguss|[spread] p1a,p1b\n|-immune|p2a: Ting-Lu\n|-resisted|p1a: Amoonguss\n|-supereffective|p1b: Braviary\n|-damage|p1a: Amoonguss|38\/100\n|-damage|p1b: Braviary|22\/100\n|move|p1a: Amoonguss|Spore|p2b: Bellibolt\n|-status|p2b: Bellibolt|slp|[from] move: Spore\n|\n|-heal|p2a: Ting-Lu|59\/100|[from] item: Leftovers\n|upkeep\n|turn|3\n|\n|t:|1682905566\n|move|p1b: Braviary|Brave Bird|p2a: Ting-Lu\n|-damage|p2a: Ting-Lu|8\/100\n|-damage|p1b: Braviary|1\/100|[from] Recoil\n|move|p2a: Ting-Lu|Heavy Slam|p1b: Braviary\n|-damage|p1b: Braviary|0 fnt\n|faint|p1b: Braviary\n|cant|p2b: Bellibolt|slp\n|move|p1a: Amoonguss|Pollen Puff|p1: Braviary|[notarget]\n|-fail|p1a: Amoonguss\n|\n|-heal|p2a: Ting-Lu|14\/100|[from] item: Leftovers\n|upkeep\n|\n|t:|1682905575\n|switch|p1b: Skeledirge|Skeledirge, L50, F|100\/100\n|turn|4\n|\n|t:|1682905591\n|-terastallize|p1b: Skeledirge|Fairy\n|move|p2a: Ting-Lu|Protect|p2a: Ting-Lu\n|-singleturn|p2a: Ting-Lu|Protect\n|move|p1b: Skeledirge|Torch Song|p2a: Ting-Lu\n|-activate|p2a: Ting-Lu|move: Protect\n|-curestatus|p2b: Bellibolt|slp|[msg]\n|move|p2b: Bellibolt|Chilling Water|p1b: Skeledirge\n|-damage|p1b: Skeledirge|94\/100\n|-unboost|p1b: Skeledirge|atk|1\n|move|p1a: Amoonguss|Spore|p2b: Bellibolt\n|-status|p2b: Bellibolt|slp|[from] move: Spore\n|\n|-heal|p1b: Skeledirge|99\/100|[from] item: Leftovers\n|-heal|p2a: Ting-Lu|20\/100|[from] item: Leftovers\n|upkeep\n|turn|5\n|inactive|Charlisito has 30 seconds left.\n|\n|t:|1682905618\n|move|p1b: Skeledirge|Torch Song|p2a: Ting-Lu\n|-damage|p2a: Ting-Lu|2\/100\n|-boost|p1b: Skeledirge|spa|1\n|cant|p2b: Bellibolt|slp\n|move|p2a: Ting-Lu|Heavy Slam|p1b: Skeledirge\n|-supereffective|p1b: Skeledirge\n|-damage|p1b: Skeledirge|70\/100\n|move|p1a: Amoonguss|Spore|p2a: Ting-Lu\n|-status|p2a: Ting-Lu|slp|[from] move: Spore\n|\n|-heal|p1b: Skeledirge|76\/100|[from] item: Leftovers\n|-heal|p2a: Ting-Lu|8\/100 slp|[from] item: Leftovers\n|upkeep\n|turn|6\n|\n|t:|1682905629\n|move|p1a: Amoonguss|Rage Powder|p1a: Amoonguss\n|-singleturn|p1a: Amoonguss|move: Rage Powder\n|move|p1b: Skeledirge|Torch Song|p2a: Ting-Lu\n|-crit|p2a: Ting-Lu\n|-damage|p2a: Ting-Lu|0 fnt\n|-boost|p1b: Skeledirge|spa|1\n|faint|p2a: Ting-Lu\n|-curestatus|p2b: Bellibolt|slp|[msg]\n|move|p2b: Bellibolt|Parabolic Charge|p1b: Skeledirge|[spread] p1a,p1b\n|-resisted|p1a: Amoonguss\n|-damage|p1a: Amoonguss|30\/100\n|-damage|p1b: Skeledirge|62\/100\n|\n|-heal|p1b: Skeledirge|69\/100|[from] item: Leftovers\n|upkeep\n|\n|t:|1682905633\n|switch|p2a: Flutter Mane|Flutter Mane, L50|100\/100\n|-enditem|p2a: Flutter Mane|Booster Energy\n|-activate|p2a: Flutter Mane|ability: Protosynthesis|[fromitem]\n|-start|p2a: Flutter Mane|protosynthesisspa\n|turn|7\n|\n|t:|1682905643\n|-terastallize|p2a: Flutter Mane|Fairy\n|move|p1a: Amoonguss|Rage Powder|p1a: Amoonguss\n|-singleturn|p1a: Amoonguss|move: Rage Powder\n|move|p2a: Flutter Mane|Dazzling Gleam|p1b: Skeledirge|[spread] p1a,p1b\n|-resisted|p1a: Amoonguss\n|-damage|p1a: Amoonguss|2\/100\n|-damage|p1b: Skeledirge|26\/100\n|move|p1b: Skeledirge|Hex|p2a: Flutter Mane\n|-damage|p2a: Flutter Mane|59\/100\n|move|p2b: Bellibolt|Volt Switch|p1a: Amoonguss\n|-resisted|p1a: Amoonguss\n|-damage|p1a: Amoonguss|0 fnt\n|faint|p1a: Amoonguss\n|\n|-heal|p1b: Skeledirge|32\/100|[from] item: Leftovers\n|upkeep\n|\n|t:|1682905646\n|switch|p1a: Gholdengo|Gholdengo, L50|100\/100\n|turn|8\n|\n|t:|1682905657\n|move|p2a: Flutter Mane|Protect|p2a: Flutter Mane\n|-singleturn|p2a: Flutter Mane|Protect\n|move|p2b: Bellibolt|Sucker Punch|p1a: Gholdengo\n|-supereffective|p1a: Gholdengo\n|-damage|p1a: Gholdengo|79\/100\n|move|p1a: Gholdengo|Make It Rain|p2a: Flutter Mane|[spread] p2b\n|-activate|p2a: Flutter Mane|move: Protect\n|-resisted|p2b: Bellibolt\n|-damage|p2b: Bellibolt|89\/100\n|-unboost|p1a: Gholdengo|spa|1\n|-start|p2b: Bellibolt|Charge|Make It Rain|[from] ability: Electromorphosis\n|move|p1b: Skeledirge|Torch Song|p2b: Bellibolt\n|-damage|p2b: Bellibolt|59\/100\n|-boost|p1b: Skeledirge|spa|1\n|-start|p2b: Bellibolt|Charge|Torch Song|[from] ability: Electromorphosis\n|\n|-heal|p1b: Skeledirge|38\/100|[from] item: Leftovers\n|upkeep\n|turn|9\n|\n|t:|1682905668\n|move|p1a: Gholdengo|Make It Rain|p2b: Bellibolt|[spread] p2a,p2b\n|-supereffective|p2a: Flutter Mane\n|-resisted|p2b: Bellibolt\n|-damage|p2a: Flutter Mane|13\/100\n|-damage|p2b: Bellibolt|52\/100\n|-unboost|p1a: Gholdengo|spa|1\n|-start|p2b: Bellibolt|Charge|Make It Rain|[from] ability: Electromorphosis\n|move|p2a: Flutter Mane|Shadow Ball|p1b: Skeledirge\n|-damage|p1b: Skeledirge|0 fnt\n|faint|p1b: Skeledirge\n|move|p2b: Bellibolt|Parabolic Charge|p1a: Gholdengo|[spread] p2a,p1a\n|-damage|p2a: Flutter Mane|0 fnt\n|-heal|p2b: Bellibolt|57\/100|[from] drain|[of] p2a: Flutter Mane\n|-damage|p1a: Gholdengo|43\/100\n|-heal|p2b: Bellibolt|75\/100|[from] drain|[of] p1a: Gholdengo\n|faint|p2a: Flutter Mane\n|-end|p2a: Flutter Mane|Protosynthesis|[silent]\n|-end|p2b: Bellibolt|Charge|[silent]\n|\n|upkeep\n|turn|10\n|c|\u2606akcolade|gg\n|\n|t:|1682905680\n|move|p1a: Gholdengo|Make It Rain|p2b: Bellibolt\n|-resisted|p2b: Bellibolt\n|-damage|p2b: Bellibolt|67\/100\n|-unboost|p1a: Gholdengo|spa|1\n|-start|p2b: Bellibolt|Charge|Make It Rain|[from] ability: Electromorphosis\n|move|p2b: Bellibolt|Parabolic Charge|p1a: Gholdengo\n|-damage|p1a: Gholdengo|0 fnt\n|-heal|p2b: Bellibolt|88\/100|[from] drain|[of] p1a: Gholdengo\n|faint|p1a: Gholdengo\n|-end|p2b: Bellibolt|Charge|[silent]\n|\n|win|Charlisito\n|raw|akcolade's rating: 1275 → 1242<\/strong> (-33 for losing)\n|raw|Charlisito's rating: 1163 → 1196<\/strong> (+33 for winning)\n","uploadtime":1682905686,"views":15,"p1id":"akcolade","p2id":"charlisito","formatid":"gen9vgc2023regulationc","rating":1196,"private":0,"password":""}