{"id":"gen9vgc2023regulationc-1849115777","p1":"mx555","p2":"ReCapra","format":"[Gen 9] VGC 2023 Regulation C","log":"|j|\u2606mx555\n|j|\u2606ReCapra\n|t:|1682158296\n|gametype|doubles\n|player|p1|mx555|101|1492\n|player|p2|ReCapra|emmet|1480\n|teamsize|p1|6\n|teamsize|p2|6\n|gen|9\n|tier|[Gen 9] VGC 2023 Regulation C\n|rated|\n|rule|Species Clause: Limit one of each Pok\u00e9mon\n|rule|Item Clause: Limit one of each item\n|clearpoke\n|poke|p1|Farigiraf, L50, F|\n|poke|p1|Iron Hands, L50|\n|poke|p1|Amoonguss, L50, M|\n|poke|p1|Iron Bundle, L50|\n|poke|p1|Chi-Yu, L50|\n|poke|p1|Flutter Mane, L50|\n|poke|p2|Flutter Mane, L50|\n|poke|p2|Gyarados, L50, M|\n|poke|p2|Abomasnow, L50, M|\n|poke|p2|Iron Bundle, L50|\n|poke|p2|Garchomp, L50, M|\n|poke|p2|Talonflame, L50, M|\n|teampreview|4\n|\n|t:|1682158359\n|start\n|switch|p1a: Farigiraf|Farigiraf, L50, F|100\/100\n|switch|p1b: Iron Hands|Iron Hands, L50|100\/100\n|switch|p2a: Nicolas Cage|Flutter Mane, L50|100\/100\n|switch|p2b: Aaaboomaa|Abomasnow, L50, M, shiny|100\/100\n|-weather|Snow|[from] ability: Snow Warning|[of] p2b: Aaaboomaa\n|turn|1\n|\n|t:|1682158380\n|-terastallize|p1b: Iron Hands|Grass\n|move|p2a: Nicolas Cage|Dazzling Gleam|p1a: Farigiraf|[spread] p1a,p1b\n|-damage|p1a: Farigiraf|50\/100\n|-damage|p1b: Iron Hands|65\/100\n|move|p2b: Aaaboomaa|Aurora Veil|p2b: Aaaboomaa\n|-sidestart|p2: ReCapra|move: Aurora Veil\n|move|p1b: Iron Hands|Belly Drum|p1b: Iron Hands\n|-damage|p1b: Iron Hands|15\/100\n|-setboost|p1b: Iron Hands|atk|6|[from] move: Belly Drum\n|-enditem|p1b: Iron Hands|Sitrus Berry|[eat]\n|-heal|p1b: Iron Hands|40\/100|[from] item: Sitrus Berry\n|move|p1a: Farigiraf|Trick Room|p1a: Farigiraf\n|-fieldstart|move: Trick Room|[of] p1a: Farigiraf\n|\n|-weather|Snow|[upkeep]\n|upkeep\n|turn|2\n|\n|t:|1682158415\n|move|p1a: Farigiraf|Ally Switch|p1a: Farigiraf\n|swap|p1a: Farigiraf|1|[from] move: Ally Switch\n|move|p1a: Iron Hands|Drain Punch|p2b: Aaaboomaa\n|-supereffective|p2b: Aaaboomaa\n|-damage|p2b: Aaaboomaa|0 fnt\n|-heal|p1a: Iron Hands|78\/100|[from] drain|[of] p2b: Aaaboomaa\n|faint|p2b: Aaaboomaa\n|move|p2a: Nicolas Cage|Dazzling Gleam|p1b: Farigiraf|[spread] p1a,p1b\n|-damage|p1a: Iron Hands|42\/100\n|-damage|p1b: Farigiraf|3\/100\n|\n|-weather|Snow|[upkeep]\n|upkeep\n|\n|t:|1682158425\n|switch|p2b: Garchomp|Garchomp, L50, M|100\/100\n|turn|3\n|inactive|Battle timer is ON: inactive players will automatically lose when time's up. (requested by ReCapra)\n|\n|t:|1682158534\n|move|p2b: Garchomp|Protect|p2b: Garchomp\n|-singleturn|p2b: Garchomp|Protect\n|move|p1a: Iron Hands|Drain Punch|p2b: Garchomp\n|-activate|p2b: Garchomp|move: Protect\n|move|p1b: Farigiraf|Hyper Voice|p2a: Nicolas Cage|[spread] \n|-activate|p2b: Garchomp|move: Protect\n|-immune|p2a: Nicolas Cage\n|move|p2a: Nicolas Cage|Dazzling Gleam|p1b: Farigiraf|[spread] p1a,p1b\n|-damage|p1a: Iron Hands|6\/100\n|-damage|p1b: Farigiraf|0 fnt\n|faint|p1b: Farigiraf\n|\n|-weather|Snow|[upkeep]\n|upkeep\n|\n|t:|1682158537\n|switch|p1b: Amoonguss|Amoonguss, L50, M|100\/100\n|turn|4\n|inactive|ReCapra has 30 seconds left.\n|\n|t:|1682158564\n|move|p1b: Amoonguss|Spore|p2a: Nicolas Cage\n|-status|p2a: Nicolas Cage|slp|[from] move: Spore\n|move|p1a: Iron Hands|Drain Punch|p2b: Garchomp\n|-damage|p2b: Garchomp|3\/100\n|-heal|p1a: Iron Hands|41\/100|[from] drain|[of] p2b: Garchomp\n|-damage|p1a: Iron Hands|29\/100|[from] ability: Rough Skin|[of] p2b: Garchomp\n|move|p2b: Garchomp|Earthquake|p1b: Amoonguss|[spread] p2a,p1a,p1b\n|-resisted|p1a: Iron Hands\n|-damage|p2a: Nicolas Cage|36\/100 slp\n|-damage|p1a: Iron Hands|12\/100\n|-damage|p1b: Amoonguss|56\/100\n|-damage|p2b: Garchomp|0 fnt|[from] item: Life Orb\n|faint|p2b: Garchomp\n|cant|p2a: Nicolas Cage|slp\n|\n|-weather|Snow|[upkeep]\n|upkeep\n|\n|t:|1682158567\n|switch|p2b: Kowalsky|Iron Bundle, L50, shiny|100\/100\n|turn|5\n|\n|t:|1682158581\n|-terastallize|p2b: Kowalsky|Ice\n|move|p1b: Amoonguss|Pollen Puff|p1a: Iron Hands\n|-heal|p1a: Iron Hands|62\/100\n|move|p1a: Iron Hands|Drain Punch|p2b: Kowalsky\n|-supereffective|p2b: Kowalsky\n|-damage|p2b: Kowalsky|0 fnt\n|-heal|p1a: Iron Hands|88\/100|[from] drain|[of] p2b: Kowalsky\n|faint|p2b: Kowalsky\n|-end|p2b: Kowalsky|Quark Drive|[silent]\n|cant|p2a: Nicolas Cage|slp\n|\n|-weather|none\n|-sideend|p2: ReCapra|move: Aurora Veil\n|-fieldend|move: Trick Room\n|upkeep\n|turn|6\n|-message|ReCapra forfeited.\n|\n|win|mx555\n|raw|mx555's rating: 1492 → 1511<\/strong> (+19 for winning)\n|raw|ReCapra's rating: 1480 → 1461<\/strong> (-19 for losing)\n|l|\u2606ReCapra\n","uploadtime":1682158593,"views":10,"p1id":"mx555","p2id":"recapra","formatid":"gen9vgc2023regulationc","rating":1461,"private":0,"password":""}