{"id":"gen9vgc2023regulationc-1857622681","p1":"Sugarvgc","p2":"Insertable194","format":"[Gen 9] VGC 2023 Regulation C","log":"|j|\u2606Sugarvgc\n|j|\u2606Insertable194\n|t:|1683213845\n|gametype|doubles\n|player|p1|Sugarvgc|102|1434\n|player|p2|Insertable194|hilbert-wonderlauncher|1473\n|teamsize|p1|6\n|teamsize|p2|6\n|gen|9\n|tier|[Gen 9] VGC 2023 Regulation C\n|rated|\n|rule|Species Clause: Limit one of each Pok\u00e9mon\n|rule|Item Clause: Limit one of each item\n|clearpoke\n|poke|p1|Breloom, L50, M|\n|poke|p1|Hydreigon, L50, M|\n|poke|p1|Tyranitar, L50, M|\n|poke|p1|Dragapult, L50, M|\n|poke|p1|Salamence, L50, M|\n|poke|p1|Garchomp, L50, F|\n|poke|p2|Flutter Mane, L50|\n|poke|p2|Wo-Chien, L50|\n|poke|p2|Gholdengo, L50|\n|poke|p2|Gyarados, L50, F|\n|poke|p2|Chi-Yu, L50|\n|poke|p2|Iron Hands, L50|\n|teampreview|4\nInsertable194 has agreed to open team sheets.\n|inactive|Battle timer is ON: inactive players will automatically lose when time's up. (requested by Insertable194)\n|inactive|Sugarvgc has 60 seconds left.\n|j| Rocket Grunt Izzy\n|inactive|Insertable194 has 60 seconds left.\n|\n|t:|1683213903\n|start\n|switch|p1a: Garchomp|Garchomp, L50, F|100\/100\n|switch|p1b: Hydreigon|Hydreigon, L50, M|100\/100\n|switch|p2a: Flutter Mane|Flutter Mane, L50|100\/100\n|switch|p2b: Wo-Chien|Wo-Chien, L50|100\/100\n|-ability|p2b: Wo-Chien|Tablets of Ruin\n|-enditem|p2a: Flutter Mane|Booster Energy\n|-activate|p2a: Flutter Mane|ability: Protosynthesis|[fromitem]\n|-start|p2a: Flutter Mane|protosynthesisspe\n|turn|1\n|raw| The server is restarting soon.<\/b> Please finish your battles quickly. No new battles can be started until the server resets in a few minutes.<\/div>\n|inactive|staff also wants the timer to be on.\n|raw| Moderated chat was set to +!<\/b> Only users of rank + and higher can talk.<\/div>\n|\n|t:|1683213925\n|-terastallize|p1b: Hydreigon|Fire\n|move|p2a: Flutter Mane|Substitute|p2a: Flutter Mane\n|-start|p2a: Flutter Mane|Substitute\n|-damage|p2a: Flutter Mane|76\/100\n|move|p1a: Garchomp|Earthquake|p2b: Wo-Chien|[spread] p2a,p2b\n|-immune|p1b: Hydreigon|[from] ability: Levitate\n|-end|p2a: Flutter Mane|Substitute\n|-resisted|p2b: Wo-Chien\n|-damage|p2b: Wo-Chien|89\/100\n|move|p1b: Hydreigon|Tailwind|p1b: Hydreigon\n|-sidestart|p1: Sugarvgc|move: Tailwind\n|move|p2b: Wo-Chien|Leech Seed|p1a: Garchomp\n|-start|p1a: Garchomp|move: Leech Seed\n|\n|-heal|p2b: Wo-Chien|95\/100|[from] item: Leftovers\n|-damage|p1a: Garchomp|88\/100|[from] Leech Seed|[of] p2b: Wo-Chien\n|-heal|p2b: Wo-Chien|100\/100|[silent]\n|upkeep\n|turn|2\n|inactive|Sugarvgc has 30 seconds left.\n|inactive|Insertable194 has 30 seconds left.\n|\n|t:|1683213951\n|-end|p2a: Flutter Mane|Protosynthesis|[silent]\n|switch|p2a: Gyarados|Gyarados, L50, F|100\/100\n|-ability|p2a: Gyarados|Intimidate|boost\n|-unboost|p1a: Garchomp|atk|1\n|-unboost|p1b: Hydreigon|atk|1\n|move|p2b: Wo-Chien|Protect|p2b: Wo-Chien\n|-singleturn|p2b: Wo-Chien|Protect\n|move|p1a: Garchomp|Earthquake|p2a: Gyarados|[spread] \n|-activate|p2b: Wo-Chien|move: Protect\n|-immune|p1b: Hydreigon|[from] ability: Levitate\n|-immune|p2a: Gyarados\n|move|p1b: Hydreigon|Heat Wave|p2a: Gyarados|[spread] p2a\n|-activate|p2b: Wo-Chien|move: Protect\n|-resisted|p2a: Gyarados\n|-damage|p2a: Gyarados|85\/100\n|\n|-damage|p1a: Garchomp|76\/100|[from] Leech Seed|[of] p2b: Wo-Chien\n|upkeep\n|turn|3\n|\n|t:|1683213969\n|switch|p1a: Dragapult|Dragapult, L50, M|100\/100\n|move|p1b: Hydreigon|Heat Wave|p2a: Gyarados|[spread] p2a,p2b\n|-resisted|p2a: Gyarados\n|-supereffective|p2b: Wo-Chien\n|-damage|p2a: Gyarados|69\/100\n|-damage|p2b: Wo-Chien|54\/100\n|move|p2a: Gyarados|Thunder Wave|p1b: Hydreigon\n|-status|p1b: Hydreigon|par\n|move|p2b: Wo-Chien|Leech Seed|p1b: Hydreigon\n|-start|p1b: Hydreigon|move: Leech Seed\n|\n|-heal|p2b: Wo-Chien|60\/100|[from] item: Leftovers\n|-damage|p1b: Hydreigon|89\/100 par|[from] Leech Seed|[of] p2b: Wo-Chien\n|-heal|p2b: Wo-Chien|70\/100|[silent]\n|upkeep\n|turn|4\n|inactive|Insertable194 has 30 seconds left.\n|\n|t:|1683214004\n|move|p2b: Wo-Chien|Protect|p2b: Wo-Chien\n|-singleturn|p2b: Wo-Chien|Protect\n|move|p1a: Dragapult|Dragon Darts|p2a: Gyarados\n|-damage|p2a: Gyarados|43\/100\n|-enditem|p2a: Gyarados|Sitrus Berry|[eat]\n|-heal|p2a: Gyarados|68\/100|[from] item: Sitrus Berry\n|-anim|p1a: Dragapult|Dragon Darts|p2a: Gyarados\n|-damage|p2a: Gyarados|46\/100\n|-damage|p1a: Dragapult|91\/100|[from] item: Life Orb\n|move|p2a: Gyarados|Thunder Wave|p1a: Dragapult\n|-status|p1a: Dragapult|par\n|move|p1b: Hydreigon|Heat Wave|p2a: Gyarados|[spread] p2a\n|-activate|p2b: Wo-Chien|move: Protect\n|-resisted|p2a: Gyarados\n|-damage|p2a: Gyarados|31\/100\n|\n|-heal|p2b: Wo-Chien|77\/100|[from] item: Leftovers\n|-damage|p1b: Hydreigon|77\/100 par|[from] Leech Seed|[of] p2b: Wo-Chien\n|-heal|p2b: Wo-Chien|87\/100|[silent]\n|-sideend|p1: Sugarvgc|move: Tailwind\n|upkeep\n|turn|5\n|\n|t:|1683214025\n|switch|p1b: Garchomp|Garchomp, L50, F|76\/100\n|move|p2a: Gyarados|Waterfall|p1b: Garchomp\n|-damage|p1b: Garchomp|53\/100\n|move|p1a: Dragapult|Will-O-Wisp|p2a: Gyarados\n|-status|p2a: Gyarados|brn\n|move|p2b: Wo-Chien|Foul Play|p1a: Dragapult\n|-supereffective|p1a: Dragapult\n|-damage|p1a: Dragapult|0 fnt\n|faint|p1a: Dragapult\n|\n|-heal|p2b: Wo-Chien|93\/100|[from] item: Leftovers\n|-damage|p2a: Gyarados|25\/100 brn|[from] brn\n|upkeep\n|\n|t:|1683214036\n|switch|p1a: Hydreigon|Hydreigon, L50, M, tera:Fire|77\/100 par\n|turn|6\n|inactive|Insertable194 has 30 seconds left.\n|\n|t:|1683214061\n|switch|p2a: Gholdengo|Gholdengo, L50|100\/100\n|move|p1b: Garchomp|Dragon Claw|p2a: Gholdengo\n|-resisted|p2a: Gholdengo\n|-damage|p2a: Gholdengo|86\/100\n|move|p2b: Wo-Chien|Leech Seed|p1a: Hydreigon\n|-start|p1a: Hydreigon|move: Leech Seed\n|move|p1a: Hydreigon|Tailwind|p1a: Hydreigon\n|-sidestart|p1: Sugarvgc|move: Tailwind\n|\n|-heal|p2b: Wo-Chien|99\/100|[from] item: Leftovers\n|-damage|p1a: Hydreigon|65\/100 par|[from] Leech Seed|[of] p2b: Wo-Chien\n|-heal|p2b: Wo-Chien|100\/100|[silent]\n|upkeep\n|turn|7\n|\n|t:|1683214076\n|switch|p1b: Breloom|Breloom, L50, M|100\/100\n|switch|p2a: Gyarados|Gyarados, L50, F|25\/100 brn\n|-ability|p2a: Gyarados|Intimidate|boost\n|-unboost|p1a: Hydreigon|atk|1\n|-unboost|p1b: Breloom|atk|1\n|move|p1a: Hydreigon|Heat Wave|p2a: Gyarados|[spread] p2a,p2b\n|-resisted|p2a: Gyarados\n|-supereffective|p2b: Wo-Chien\n|-damage|p2a: Gyarados|11\/100 brn\n|-damage|p2b: Wo-Chien|50\/100\n|move|p2b: Wo-Chien|Leech Seed|p1b: Breloom\n|-immune|p1b: Breloom\n|\n|-heal|p2b: Wo-Chien|57\/100|[from] item: Leftovers\n|-damage|p1a: Hydreigon|53\/100 par|[from] Leech Seed|[of] p2b: Wo-Chien\n|-heal|p2b: Wo-Chien|67\/100|[silent]\n|-damage|p2a: Gyarados|5\/100 brn|[from] brn\n|upkeep\n|turn|8\n|l|\u2606Sugarvgc\n|inactive|Sugarvgc disconnected and has a minute to reconnect!\n|player|p1|\n|inactive|Sugarvgc has 30 seconds left.\n|inactive|Sugarvgc has 20 seconds left.\n|inactive|Sugarvgc has 15 seconds left.\n|inactive|Sugarvgc has 10 seconds left.\n|inactive|Sugarvgc has 5 seconds left.\n|-message|Sugarvgc lost due to inactivity.\n|\n|win|Insertable194\n|raw|Sugarvgc's rating: 1434 → 1416<\/strong> (-18 for losing)\n|raw|Insertable194's rating: 1473 → 1491<\/strong> (+18 for winning)\n","uploadtime":1683214134,"views":9,"p1id":"sugarvgc","p2id":"insertable194","formatid":"gen9vgc2023regulationc","rating":1416,"private":0,"password":""}