{"id":"gen9vgc2023regulationc-1863636952","p1":"Ahtvm","p2":"TheGalvinBros","format":"[Gen 9] VGC 2023 Regulation C","log":"|j|\u2606Ahtvm\n|j|\u2606TheGalvinBros\n|t:|1684048689\n|gametype|doubles\n|player|p1|Ahtvm|shadowtriad|1075\n|player|p2|TheGalvinBros|backers|1054\n|teamsize|p1|6\n|teamsize|p2|6\n|gen|9\n|tier|[Gen 9] VGC 2023 Regulation C\n|rated|\n|rule|Species Clause: Limit one of each Pok\u00e9mon\n|rule|Item Clause: Limit one of each item\n|clearpoke\n|poke|p1|Torkoal, L50, M|\n|poke|p1|Chi-Yu, L50|\n|poke|p1|Dragonite, L50, M|\n|poke|p1|Iron Hands, L50|\n|poke|p1|Garchomp, L50, F|\n|poke|p1|Gholdengo, L50|\n|poke|p2|Scizor, L50, M|\n|poke|p2|Falinks, L50|\n|poke|p2|Ting-Lu, L50|\n|poke|p2|Gothitelle, L50, F|\n|poke|p2|Flutter Mane, L50|\n|poke|p2|Amoonguss, L50, F|\n|teampreview|4\n|inactive|Battle timer is ON: inactive players will automatically lose when time's up. (requested by Ahtvm)\n|\n|t:|1684048746\n|start\n|switch|p1a: Torkoal|Torkoal, L50, M|100\/100\n|switch|p1b: Chi-Yu|Chi-Yu, L50|100\/100\n|switch|p2a: Whoopass|Flutter Mane, L50|100\/100\n|switch|p2b: Foreman|Scizor, L50, M|100\/100\n|-ability|p1b: Chi-Yu|Beads of Ruin\n|-weather|SunnyDay|[from] ability: Drought|[of] p1a: Torkoal\n|-activate|p2a: Whoopass|ability: Protosynthesis\n|-start|p2a: Whoopass|protosynthesisspa\n|turn|1\n|inactive|Ahtvm has 30 seconds left.\n|inactive|TheGalvinBros has 30 seconds left.\n|inactive|TheGalvinBros has 20 seconds left.\n|inactive|TheGalvinBros has 15 seconds left.\n|inactive|TheGalvinBros has 10 seconds left.\n|inactive|TheGalvinBros has 5 seconds left.\n|\n|t:|1684048800\n|-terastallize|p2b: Foreman|Fire\n|move|p1b: Chi-Yu|Heat Wave|p2b: Foreman|[spread] p2a,p2b\n|-resisted|p2b: Foreman\n|-damage|p2a: Whoopass|19\/100\n|-damage|p2b: Foreman|58\/100\n|move|p2a: Whoopass|Moonblast|p1b: Chi-Yu\n|-damage|p1b: Chi-Yu|24\/100\n|move|p2b: Foreman|Swords Dance|p2b: Foreman\n|-boost|p2b: Foreman|atk|2\n|move|p1a: Torkoal|Eruption|p2b: Foreman|[spread] p2a,p2b\n|-resisted|p2b: Foreman\n|-crit|p2b: Foreman\n|-damage|p2a: Whoopass|0 fnt\n|-damage|p2b: Foreman|0 fnt\n|faint|p2a: Whoopass\n|-end|p2a: Whoopass|Protosynthesis|[silent]\n|faint|p2b: Foreman\n|\n|-weather|SunnyDay|[upkeep]\n|upkeep\n|\n|t:|1684048823\n|switch|p2a: Mole|Ting-Lu, L50|100\/100\n|switch|p2b: Lefri|Falinks, L50|100\/100\n|-ability|p2a: Mole|Vessel of Ruin\n|turn|2\n|\n|t:|1684048845\n|move|p2b: Lefri|Protect|p2b: Lefri\n|-singleturn|p2b: Lefri|Protect\n|move|p1b: Chi-Yu|Heat Wave|p2a: Mole|[spread] p2a\n|-activate|p2b: Lefri|move: Protect\n|-damage|p2a: Mole|74\/100\n|move|p2a: Mole|Ruination|p1a: Torkoal\n|-damage|p1a: Torkoal|51\/100\n|move|p1a: Torkoal|Eruption|p2a: Mole|[spread] p2a\n|-activate|p2b: Lefri|move: Protect\n|-damage|p2a: Mole|64\/100\n|\n|-weather|SunnyDay|[upkeep]\n|upkeep\n|turn|3\n|\n|t:|1684048868\n|move|p1b: Chi-Yu|Heat Wave|p2a: Mole|[spread] p2a,p2b\n|-damage|p2a: Mole|39\/100\n|-damage|p2b: Lefri|6\/100\n|move|p2b: Lefri|No Retreat|p2b: Lefri\n|-boost|p2b: Lefri|atk|1\n|-boost|p2b: Lefri|def|1\n|-boost|p2b: Lefri|spa|1\n|-boost|p2b: Lefri|spd|1\n|-boost|p2b: Lefri|spe|1\n|-start|p2b: Lefri|move: No Retreat\n|move|p2a: Mole|Stomping Tantrum|p1a: Torkoal\n|-supereffective|p1a: Torkoal\n|-damage|p1a: Torkoal|16\/100\n|move|p1a: Torkoal|Eruption|p2b: Lefri|[spread] p2a,p2b\n|-crit|p2a: Mole\n|-damage|p2a: Mole|34\/100\n|-damage|p2b: Lefri|0 fnt\n|faint|p2b: Lefri\n|\n|-weather|SunnyDay|[upkeep]\n|upkeep\n|turn|4\n|\n|t:|1684048890\n|move|p1b: Chi-Yu|Heat Wave|p2a: Mole|[miss]\n|-miss|p1b: Chi-Yu|p2a: Mole\n|move|p2a: Mole|Stomping Tantrum|p1a: Torkoal\n|-supereffective|p1a: Torkoal\n|-damage|p1a: Torkoal|0 fnt\n|faint|p1a: Torkoal\n|\n|-weather|SunnyDay|[upkeep]\n|upkeep\n|\n|t:|1684048896\n|switch|p1a: Iron Hands|Iron Hands, L50|100\/100\n|turn|5\n|\n|t:|1684048921\n|switch|p1b: Gholdengo|Gholdengo, L50|100\/100\n|move|p1a: Iron Hands|Fake Out|p2a: Mole\n|-damage|p2a: Mole|25\/100\n|cant|p2a: Mole|flinch\n|\n|-weather|SunnyDay|[upkeep]\n|upkeep\n|turn|6\n|inactive|TheGalvinBros has 30 seconds left.\n|-message|TheGalvinBros forfeited.\n|\n|win|Ahtvm\n|raw|Ahtvm's rating: 1075 → 1102<\/strong> (+27 for winning)\n|raw|TheGalvinBros's rating: 1054 → 1037<\/strong> (-17 for losing)\n","uploadtime":1684048955,"views":12,"p1id":"ahtvm","p2id":"thegalvinbros","formatid":"gen9vgc2023regulationc","rating":1037,"private":0,"password":""}