{"id":"gen9vgc2023regulationc-1848450933","p1":"Ellvaekyoo","p2":"Kaouwu(He\/They)","format":"[Gen 9] VGC 2023 Regulation C","log":"|j|\u2606Ellvaekyoo\n|j|\u2606Kaouwu(He\/They)\n|t:|1682079722\n|gametype|doubles\n|player|p1|Ellvaekyoo|clerk|1225\n|player|p2|Kaouwu(He\/They)|marley|1135\n|teamsize|p1|6\n|teamsize|p2|6\n|gen|9\n|tier|[Gen 9] VGC 2023 Regulation C\n|rated|\n|rule|Species Clause: Limit one of each Pok\u00e9mon\n|rule|Item Clause: Limit one of each item\n|clearpoke\n|poke|p1|Glimmora, L50, F|\n|poke|p1|Wo-Chien, L50|\n|poke|p1|Flutter Mane, L50|\n|poke|p1|Arcanine, L50, M|\n|poke|p1|Dondozo, L50, M|\n|poke|p1|Tatsugiri, L50, F|\n|poke|p2|Gothitelle, L50, M|\n|poke|p2|Iron Hands, L50|\n|poke|p2|Palafin, L50, M|\n|poke|p2|Chien-Pao, L50|\n|poke|p2|Flutter Mane, L50|\n|poke|p2|Amoonguss, L50, M|\n|teampreview|4\n|inactive|Battle timer is ON: inactive players will automatically lose when time's up. (requested by Ellvaekyoo)\n|inactive|Ellvaekyoo has 60 seconds left.\n|\n|t:|1682079761\n|start\n|switch|p1a: Wo-Chien|Wo-Chien, L50|100\/100\n|switch|p1b: Arcanine|Arcanine, L50, M|100\/100\n|switch|p2a: CBD|Gothitelle, L50, M|100\/100\n|switch|p2b: Colocon|Palafin, L50, M, shiny|100\/100\n|-ability|p1b: Arcanine|Intimidate|boost\n|-unboost|p2a: CBD|atk|1\n|-unboost|p2b: Colocon|atk|1\n|-ability|p1a: Wo-Chien|Tablets of Ruin\n|turn|1\n|inactive|Ellvaekyoo has 30 seconds left.\n|\n|t:|1682079795\n|-terastallize|p1b: Arcanine|Grass\n|move|p2b: Colocon|Flip Turn|p1b: Arcanine\n|-resisted|p1b: Arcanine\n|-crit|p1b: Arcanine\n|-damage|p1b: Arcanine|87\/100\n|\n|t:|1682079802\n|detailschange|p2b: Colocon|Palafin-Hero, L50, M, shiny\n|switch|p2b: THC|Iron Hands, L50, shiny|100\/100|[from] Flip Turn\n|move|p1b: Arcanine|Will-O-Wisp|p2b: THC\n|-status|p2b: THC|brn\n|move|p1a: Wo-Chien|Leech Seed|p2a: CBD\n|-start|p2a: CBD|move: Leech Seed\n|move|p2a: CBD|Taunt|p1a: Wo-Chien\n|-start|p1a: Wo-Chien|move: Taunt\n|\n|-damage|p2a: CBD|88\/100|[from] Leech Seed|[of] p1a: Wo-Chien\n|-damage|p2b: THC|94\/100 brn|[from] brn\n|upkeep\n|turn|2\n|inactive|Ellvaekyoo has 30 seconds left.\n|\n|t:|1682079831\n|move|p1b: Arcanine|Snarl|p2a: CBD|[spread] p2a,p2b\n|-supereffective|p2a: CBD\n|-resisted|p2b: THC\n|-damage|p2a: CBD|72\/100\n|-damage|p2b: THC|92\/100 brn\n|-unboost|p2a: CBD|spa|1\n|-unboost|p2b: THC|spa|1\n|move|p1a: Wo-Chien|Knock Off|p2a: CBD\n|-supereffective|p2a: CBD\n|-damage|p2a: CBD|27\/100\n|-enditem|p2a: CBD|Leftovers|[from] move: Knock Off|[of] p1a: Wo-Chien\n|move|p2a: CBD|Psychic|p1b: Arcanine\n|-damage|p1b: Arcanine|68\/100\n|move|p2b: THC|Close Combat|p1a: Wo-Chien\n|-supereffective|p1a: Wo-Chien\n|-damage|p1a: Wo-Chien|69\/100\n|-unboost|p2b: THC|def|1\n|-unboost|p2b: THC|spd|1\n|\n|-damage|p2a: CBD|15\/100|[from] Leech Seed|[of] p1a: Wo-Chien\n|-heal|p1a: Wo-Chien|84\/100|[silent]\n|-damage|p2b: THC|86\/100 brn|[from] brn\n|upkeep\n|turn|3\n|inactive|Ellvaekyoo has 30 seconds left.\n|inactive|Kaouwu(He\/They) has 30 seconds left.\n|\n|t:|1682079857\n|switch|p2a: Mota|Flutter Mane, L50, shiny|100\/100\n|move|p1b: Arcanine|Snarl|p2a: Mota|[spread] p2a,p2b\n|-resisted|p2b: THC\n|-damage|p2a: Mota|92\/100\n|-damage|p2b: THC|82\/100 brn\n|-unboost|p2a: Mota|spa|1\n|-unboost|p2b: THC|spa|1\n|move|p1a: Wo-Chien|Giga Drain|p2b: THC\n|-damage|p2b: THC|60\/100 brn\n|-heal|p1a: Wo-Chien|100\/100|[from] drain|[of] p2b: THC\n|move|p2b: THC|Close Combat|p1a: Wo-Chien\n|-supereffective|p1a: Wo-Chien\n|-damage|p1a: Wo-Chien|65\/100\n|-unboost|p2b: THC|def|1\n|-unboost|p2b: THC|spd|1\n|\n|-damage|p2b: THC|54\/100 brn|[from] brn\n|upkeep\n|turn|4\n|\n|t:|1682079879\n|-terastallize|p2a: Mota|Fairy\n|move|p2a: Mota|Dazzling Gleam|p1a: Wo-Chien|[spread] p1a,p1b\n|-supereffective|p1a: Wo-Chien\n|-damage|p1a: Wo-Chien|16\/100\n|-damage|p1b: Arcanine|28\/100\n|-enditem|p1b: Arcanine|Sitrus Berry|[eat]\n|-heal|p1b: Arcanine|53\/100|[from] item: Sitrus Berry\n|-damage|p2a: Mota|82\/100|[from] item: Life Orb\n|move|p1b: Arcanine|Snarl|p2a: Mota|[spread] p2a,p2b\n|-resisted|p2a: Mota\n|-resisted|p2b: THC\n|-damage|p2a: Mota|78\/100\n|-damage|p2b: THC|49\/100 brn\n|-unboost|p2a: Mota|spa|1\n|-unboost|p2b: THC|spa|1\n|move|p1a: Wo-Chien|Giga Drain|p2b: THC\n|-damage|p2b: THC|20\/100 brn\n|-heal|p1a: Wo-Chien|39\/100|[from] drain|[of] p2b: THC\n|move|p2b: THC|Drain Punch|p1a: Wo-Chien\n|-supereffective|p1a: Wo-Chien\n|-damage|p1a: Wo-Chien|16\/100\n|-heal|p2b: THC|30\/100 brn|[from] drain|[of] p1a: Wo-Chien\n|\n|-damage|p2b: THC|24\/100 brn|[from] brn\n|-end|p1a: Wo-Chien|move: Taunt\n|upkeep\n|turn|5\n|inactive|Ellvaekyoo has 30 seconds left.\n|\n|t:|1682079907\n|switch|p1a: Glimmora|Glimmora, L50, F|100\/100\n|move|p2a: Mota|Dazzling Gleam|p1a: Glimmora|[spread] p1a,p1b\n|-resisted|p1a: Glimmora\n|-damage|p1a: Glimmora|86\/100\n|-damage|p1b: Arcanine|27\/100\n|-damage|p2a: Mota|68\/100|[from] item: Life Orb\n|move|p1b: Arcanine|Flare Blitz|p2a: Mota\n|-damage|p2a: Mota|0 fnt\n|faint|p2a: Mota\n|-end|p2a: Mota|Protosynthesis|[silent]\n|-damage|p1b: Arcanine|12\/100|[from] Recoil\n|move|p2b: THC|Drain Punch|p1b: Arcanine\n|-damage|p1b: Arcanine|0 fnt\n|-heal|p2b: THC|28\/100 brn|[from] drain|[of] p1b: Arcanine\n|faint|p1b: Arcanine\n|\n|-damage|p2b: THC|22\/100 brn|[from] brn\n|upkeep\n|\n|t:|1682079932\n|switch|p2a: Colocon|Palafin-Hero, L50, M, shiny|100\/100\n|switch|p1b: Flutter Mane|Flutter Mane, L50|100\/100\n|-activate|p2a: Colocon|ability: Zero to Hero\n|turn|6\n|inactive|Ellvaekyoo has 30 seconds left.\n|\n|t:|1682079957\n|switch|p1a: Wo-Chien|Wo-Chien, L50|16\/100\n|-ability|p1a: Wo-Chien|Tablets of Ruin\n|move|p1b: Flutter Mane|Dazzling Gleam|p2b: THC|[spread] p2a,p2b\n|-supereffective|p2b: THC\n|-damage|p2a: Colocon|66\/100\n|-damage|p2b: THC|0 fnt\n|faint|p2b: THC\n|-end|p2b: THC|Quark Drive|[silent]\n|move|p2a: Colocon|Wave Crash|p1b: Flutter Mane\n|-enditem|p1b: Flutter Mane|Focus Sash\n|-damage|p1b: Flutter Mane|1\/100\n|-damage|p2a: Colocon|41\/100|[from] Recoil\n|\n|upkeep\n|\n|t:|1682079969\n|switch|p2b: CBD|Gothitelle, L50, M|15\/100\n|turn|7\n|\n|t:|1682079982\n|move|p1b: Flutter Mane|Protect|p1b: Flutter Mane\n|-singleturn|p1b: Flutter Mane|Protect\n|move|p2a: Colocon|Protect|p2a: Colocon\n|-singleturn|p2a: Colocon|Protect\n|move|p1a: Wo-Chien|Protect|p1a: Wo-Chien\n|-singleturn|p1a: Wo-Chien|Protect\n|move|p2b: CBD|Psychic|p1b: Flutter Mane\n|-activate|p1b: Flutter Mane|move: Protect\n|\n|upkeep\n|turn|8\n|\n|t:|1682079999\n|move|p1b: Flutter Mane|Dazzling Gleam|p2b: CBD|[spread] p2a,p2b\n|-crit|p2a: Colocon\n|-damage|p2a: Colocon|0 fnt\n|-damage|p2b: CBD|0 fnt\n|faint|p2a: Colocon\n|faint|p2b: CBD\n|\n|win|Ellvaekyoo\n|raw|Ellvaekyoo's rating: 1225 → 1244<\/strong> (+19 for winning)\n|raw|Kaouwu(He/They)'s rating: 1135 → 1116<\/strong> (-19 for losing)\n|c|\u2606Ellvaekyoo|noob\n|l|\u2606Kaouwu(He\/They)\n","uploadtime":1682080069,"views":14,"p1id":"ellvaekyoo","p2id":"kaouwuhethey","formatid":"gen9vgc2023regulationc","rating":1116,"private":0,"password":""}