{"id":"gen9vgc2023regulationc-1852163390","p1":"jeffman323","p2":"Close_Teamlist_69","format":"[Gen 9] VGC 2023 Regulation C","log":"|j|\u2606jeffman323\n|j|\u2606Close_Teamlist_69\n|t:|1682529339\n|gametype|doubles\n|player|p1|jeffman323|steven|1650\n|player|p2|Close_Teamlist_69|101|1558\n|teamsize|p1|6\n|teamsize|p2|6\n|gen|9\n|tier|[Gen 9] VGC 2023 Regulation C\n|rated|\n|rule|Species Clause: Limit one of each Pok\u00e9mon\n|rule|Item Clause: Limit one of each item\n|clearpoke\n|poke|p1|Hatterene, L50, F|\n|poke|p1|Azumarill, L50, F|\n|poke|p1|Brute Bonnet, L50|\n|poke|p1|Kingambit, L50, M|\n|poke|p1|Iron Hands, L50|\n|poke|p1|Stantler, L50, M|\n|poke|p2|Maushold, L50|\n|poke|p2|Mudsdale, L50, M|\n|poke|p2|Chien-Pao, L50|\n|poke|p2|Torkoal, L50, M|\n|poke|p2|Flutter Mane, L50|\n|poke|p2|Brute Bonnet, L50|\n|teampreview|4\nClose_Teamlist_69 rejected open team sheets.\n|c|\u2606jeffman323|lmao\n|c|\u2606jeffman323|alrighty then\n|c|\u2606Close_Teamlist_69|gl gl\n|c|\u2606Close_Teamlist_69|:)\n|inactive|Battle timer is ON: inactive players will automatically lose when time's up. (requested by Close_Teamlist_69)\n|j| Nihilego Abduction\n|\n|t:|1682529389\n|start\n|switch|p1a: Iron Hands|Iron Hands, L50|100\/100\n|switch|p1b: Stantler|Stantler, L50, M|100\/100\n|switch|p2a: Torkoal|Torkoal, L50, M|100\/100\n|switch|p2b: Maushold|Maushold, L50|100\/100\n|-ability|p1b: Stantler|Intimidate|boost\n|-unboost|p2a: Torkoal|atk|1\n|-unboost|p2b: Maushold|atk|1\n|-weather|SunnyDay|[from] ability: Drought|[of] p2a: Torkoal\n|turn|1\n|j| Withoutexcuse\n|\n|t:|1682529414\n|-terastallize|p2a: Torkoal|Fire\n|move|p1a: Iron Hands|Fake Out|p2a: Torkoal\n|-damage|p2a: Torkoal|91\/100\n|move|p2b: Maushold|After You|p2a: Torkoal\n|-activate|p2a: Torkoal|move: After You\n|cant|p2a: Torkoal|flinch\n|move|p1b: Stantler|Reflect|p1b: Stantler\n|-sidestart|p1: jeffman323|Reflect\n|\n|-weather|SunnyDay|[upkeep]\n|upkeep\n|turn|2\n|\n|t:|1682529436\n|move|p2b: Maushold|After You|p2a: Torkoal\n|-activate|p2a: Torkoal|move: After You\n|move|p2a: Torkoal|Eruption|p1b: Stantler|[spread] p1a,p1b\n|-damage|p1a: Iron Hands|25\/100\n|-damage|p1b: Stantler|26\/100\n|move|p1b: Stantler|Light Screen|p1b: Stantler\n|-sidestart|p1: jeffman323|move: Light Screen\n|move|p1a: Iron Hands|Earthquake|p2b: Maushold|[spread] p1b,p2a,p2b\n|-supereffective|p2a: Torkoal\n|-damage|p1b: Stantler|8\/100\n|-damage|p2a: Torkoal|55\/100\n|-damage|p2b: Maushold|63\/100\n|\n|-weather|SunnyDay|[upkeep]\n|upkeep\n|turn|3\n|\n|t:|1682529455\n|-end|p1a: Iron Hands|Quark Drive|[silent]\n|switch|p1a: Azumarill|Azumarill, L50, F|100\/100\n|move|p2b: Maushold|After You|p2a: Torkoal\n|-activate|p2a: Torkoal|move: After You\n|move|p2a: Torkoal|Eruption|p1b: Stantler|[spread] p1a,p1b\n|-resisted|p1a: Azumarill\n|-damage|p1a: Azumarill|75\/100\n|-damage|p1b: Stantler|0 fnt\n|faint|p1b: Stantler\n|\n|-weather|SunnyDay|[upkeep]\n|upkeep\n|\n|t:|1682529463\n|switch|p1b: Hatterene|Hatterene, L50, F|100\/100\n|turn|4\n|\n|t:|1682529470\n|-terastallize|p1b: Hatterene|Fire\n|move|p2b: Maushold|After You|p2a: Torkoal\n|-activate|p2a: Torkoal|move: After You\n|move|p2a: Torkoal|Eruption|p1b: Hatterene|[spread] p1a,p1b\n|-resisted|p1a: Azumarill\n|-resisted|p1b: Hatterene\n|-crit|p1b: Hatterene\n|-damage|p1a: Azumarill|49\/100\n|-damage|p1b: Hatterene|36\/100\n|move|p1a: Azumarill|Liquidation|p2a: Torkoal\n|-supereffective|p2a: Torkoal\n|-damage|p2a: Torkoal|24\/100\n|move|p1b: Hatterene|Trick Room|p1b: Hatterene\n|-fieldstart|move: Trick Room|[of] p1b: Hatterene\n|\n|-weather|SunnyDay|[upkeep]\n|upkeep\n|turn|5\n|inactive|jeffman323 has 30 seconds left.\n|inactive|Close_Teamlist_69 has 30 seconds left.\n|inactive|jeffman323 has 20 seconds left.\n|\n|t:|1682529507\n|move|p2a: Torkoal|Eruption|p1b: Hatterene|[spread] p1a,p1b\n|-resisted|p1a: Azumarill\n|-resisted|p1b: Hatterene\n|-damage|p1a: Azumarill|37\/100\n|-damage|p1b: Hatterene|25\/100\n|move|p1b: Hatterene|Dazzling Gleam|p2b: Maushold|[spread] p2a,p2b\n|-resisted|p2a: Torkoal\n|-damage|p2a: Torkoal|7\/100\n|-damage|p2b: Maushold|20\/100\n|move|p1a: Azumarill|Liquidation|p2a: Torkoal\n|-supereffective|p2a: Torkoal\n|-damage|p2a: Torkoal|0 fnt\n|faint|p2a: Torkoal\n|move|p2b: Maushold|After You||[still]\n|-fail|p2b: Maushold\n|\n|-weather|none\n|-sideend|p1: jeffman323|Reflect\n|upkeep\n|\n|t:|1682529527\n|switch|p2a: Brute Bonnet|Brute Bonnet, L50|100\/100\n|turn|6\n|\n|t:|1682529550\n|switch|p1b: Iron Hands|Iron Hands, L50|25\/100\n|switch|p2b: Chien-Pao|Chien-Pao, L50|100\/100\n|-ability|p2b: Chien-Pao|Sword of Ruin\n|move|p2a: Brute Bonnet|Sucker Punch||[still]\n|-fail|p2a: Brute Bonnet\n|move|p1a: Azumarill|Play Rough|p2a: Brute Bonnet\n|-supereffective|p2a: Brute Bonnet\n|-damage|p2a: Brute Bonnet|0 fnt\n|faint|p2a: Brute Bonnet\n|-end|p2a: Brute Bonnet|Protosynthesis|[silent]\n|\n|-sideend|p1: jeffman323|move: Light Screen\n|upkeep\n|\n|t:|1682529563\n|switch|p2a: Maushold|Maushold, L50|20\/100\n|turn|7\n|\n|t:|1682529579\n|move|p1b: Iron Hands|Fake Out|p2b: Chien-Pao\n|-damage|p2b: Chien-Pao|83\/100\n|move|p2a: Maushold|Follow Me|p2a: Maushold\n|-singleturn|p2a: Maushold|move: Follow Me\n|move|p1a: Azumarill|Aqua Jet|p2a: Maushold\n|-damage|p2a: Maushold|0 fnt\n|faint|p2a: Maushold\n|cant|p2b: Chien-Pao|flinch\n|\n|upkeep\n|turn|8\n|-message|Close_Teamlist_69 forfeited.\n|\n|win|jeffman323\n|raw|jeffman323's rating: 1650 → 1665<\/strong> (+15 for winning)\n|raw|Close_Teamlist_69's rating: 1558 → 1543<\/strong> (-15 for losing)\n|l|\u2606Close_Teamlist_69\n","uploadtime":1682529589,"views":11,"p1id":"jeffman323","p2id":"closeteamlist69","formatid":"gen9vgc2023regulationc","rating":1543,"private":0,"password":""}