{"id":"gen9vgc2023regulationc-1855825197","p1":"littletimmyfan","p2":"jazammm","format":"[Gen 9] VGC 2023 Regulation C","log":"|j|\u2606littletimmyfan\n|j|\u2606jazammm\n|t:|1682988595\n|gametype|doubles\n|player|p1|littletimmyfan|1|1062\n|player|p2|jazammm|1|1045\n|teamsize|p1|6\n|teamsize|p2|6\n|gen|9\n|tier|[Gen 9] VGC 2023 Regulation C\n|rated|\n|rule|Species Clause: Limit one of each Pok\u00e9mon\n|rule|Item Clause: Limit one of each item\n|clearpoke\n|poke|p1|Meowscarada, L50, M|\n|poke|p1|Garchomp, L50, M|\n|poke|p1|Ceruledge, L50, F|\n|poke|p1|Kingambit, L50, F|\n|poke|p1|Talonflame, L50, F|\n|poke|p1|Palafin, L50, F|\n|poke|p2|Maushold, L50|\n|poke|p2|Flamigo, L50, F|\n|poke|p2|Iron Hands, L50|\n|poke|p2|Mudsdale, L50, M|\n|poke|p2|Espathra, L50, F|\n|poke|p2|Grimmsnarl, L50, M|\n|teampreview|4\n|\n|t:|1682988632\n|start\n|switch|p1a: Talonflame|Talonflame, L50, F|100\/100\n|switch|p1b: Ceruledge|Ceruledge, L50, F|100\/100\n|switch|p2a: Mudsdale|Mudsdale, L50, M|100\/100\n|switch|p2b: Maushold|Maushold, L50|100\/100\n|turn|1\n|\n|t:|1682988666\n|move|p1b: Ceruledge|Protect|p1b: Ceruledge\n|-singleturn|p1b: Ceruledge|Protect\n|move|p1a: Talonflame|Tailwind|p1a: Talonflame\n|-sidestart|p1: littletimmyfan|move: Tailwind\n|move|p2b: Maushold|Population Bomb|p2a: Mudsdale\n|-damage|p2a: Mudsdale|95\/100\n|-ability|p2a: Mudsdale|Stamina|boost\n|-boost|p2a: Mudsdale|def|1\n|-damage|p2a: Mudsdale|91\/100\n|-ability|p2a: Mudsdale|Stamina|boost\n|-boost|p2a: Mudsdale|def|1\n|-damage|p2a: Mudsdale|88\/100\n|-ability|p2a: Mudsdale|Stamina|boost\n|-boost|p2a: Mudsdale|def|1\n|-damage|p2a: Mudsdale|86\/100\n|-ability|p2a: Mudsdale|Stamina|boost\n|-boost|p2a: Mudsdale|def|1\n|-damage|p2a: Mudsdale|83\/100\n|-ability|p2a: Mudsdale|Stamina|boost\n|-boost|p2a: Mudsdale|def|1\n|-damage|p2a: Mudsdale|82\/100\n|-ability|p2a: Mudsdale|Stamina|boost\n|-boost|p2a: Mudsdale|def|1\n|-damage|p2a: Mudsdale|80\/100\n|-damage|p2a: Mudsdale|78\/100\n|-damage|p2a: Mudsdale|76\/100\n|-damage|p2a: Mudsdale|75\/100\n|-hitcount|p2a: Mudsdale|10\n|move|p2a: Mudsdale|Body Press|p1a: Talonflame\n|-resisted|p1a: Talonflame\n|-damage|p1a: Talonflame|51\/100\n|-heal|p2a: Mudsdale|81\/100|[from] item: Shell Bell|[of] p1a: Talonflame\n|\n|upkeep\n|turn|2\n|\n|t:|1682988703\n|switch|p1b: Meowscarada|Meowscarada, L50, M|100\/100\n|move|p1a: Talonflame|Will-O-Wisp|p2a: Mudsdale\n|-status|p2a: Mudsdale|brn\n|move|p2b: Maushold|U-turn|p1b: Meowscarada\n|-supereffective|p1b: Meowscarada\n|-enditem|p1b: Meowscarada|Focus Sash\n|-damage|p1b: Meowscarada|1\/100\n|\n|t:|1682988713\n|switch|p2b: Iron Hands|Iron Hands, L50|100\/100|[from] U-turn\n|move|p2a: Mudsdale|Fissure|p1b: Meowscarada|[miss]\n|-miss|p2a: Mudsdale|p1b: Meowscarada\n|\n|-damage|p2a: Mudsdale|75\/100 brn|[from] brn\n|upkeep\n|turn|3\n|\n|t:|1682988742\n|move|p2b: Iron Hands|Fake Out|p1b: Meowscarada\n|-damage|p1b: Meowscarada|0 fnt\n|faint|p1b: Meowscarada\n|move|p1a: Talonflame|Will-O-Wisp|p2b: Iron Hands\n|-status|p2b: Iron Hands|brn\n|move|p2a: Mudsdale|Body Press|p1a: Talonflame\n|-resisted|p1a: Talonflame\n|-damage|p1a: Talonflame|26\/100\n|-heal|p2a: Mudsdale|78\/100 brn|[from] item: Shell Bell|[of] p1a: Talonflame\n|\n|-damage|p2b: Iron Hands|94\/100 brn|[from] brn\n|-damage|p2a: Mudsdale|72\/100 brn|[from] brn\n|upkeep\n|\n|t:|1682988761\n|switch|p1b: Garchomp|Garchomp, L50, M|100\/100\n|turn|4\n|\n|t:|1682988776\n|move|p1a: Talonflame|Protect|p1a: Talonflame\n|-singleturn|p1a: Talonflame|Protect\n|move|p1b: Garchomp|Swords Dance|p1b: Garchomp\n|-boost|p1b: Garchomp|atk|2\n|move|p2b: Iron Hands|Thunder Punch|p1a: Talonflame\n|-activate|p1a: Talonflame|move: Protect\n|move|p2a: Mudsdale|Body Press|p1b: Garchomp\n|-damage|p1b: Garchomp|65\/100\n|-damage|p2a: Mudsdale|60\/100 brn|[from] ability: Rough Skin|[of] p1b: Garchomp\n|-heal|p2a: Mudsdale|65\/100 brn|[from] item: Shell Bell|[of] p1b: Garchomp\n|\n|-damage|p2b: Iron Hands|88\/100 brn|[from] brn\n|-damage|p2a: Mudsdale|59\/100 brn|[from] brn\n|-sideend|p1: littletimmyfan|move: Tailwind\n|upkeep\n|turn|5\n|\n|t:|1682988791\n|-end|p2b: Iron Hands|Quark Drive|[silent]\n|switch|p2b: Flamigo|Flamigo, L50, F|100\/100\n|-copyboost|p2b: Flamigo|p2a: Mudsdale|[from] ability: Costar\n|move|p1a: Talonflame|Tailwind|p1a: Talonflame\n|-sidestart|p1: littletimmyfan|move: Tailwind\n|move|p1b: Garchomp|Earthquake|p2a: Mudsdale|[spread] p2a\n|-immune|p1a: Talonflame\n|-immune|p2b: Flamigo\n|-damage|p2a: Mudsdale|32\/100 brn\n|-damage|p1b: Garchomp|55\/100|[from] item: Life Orb\n|move|p2a: Mudsdale|Fissure|p1b: Garchomp|[miss]\n|-miss|p2a: Mudsdale|p1b: Garchomp\n|\n|-damage|p2a: Mudsdale|27\/100 brn|[from] brn\n|upkeep\n|turn|6\n|\n|t:|1682988818\n|move|p1a: Talonflame|Will-O-Wisp|p2b: Flamigo\n|-status|p2b: Flamigo|brn\n|move|p1b: Garchomp|Dragon Claw|p2a: Mudsdale\n|-damage|p2a: Mudsdale|0 fnt\n|faint|p2a: Mudsdale\n|-damage|p1b: Garchomp|45\/100|[from] item: Life Orb\n|move|p2b: Flamigo|Brave Bird|p1a: Talonflame\n|-damage|p1a: Talonflame|0 fnt\n|faint|p1a: Talonflame\n|-damage|p2b: Flamigo|91\/100 brn|[from] Recoil\n|-damage|p2b: Flamigo|81\/100 brn|[from] item: Life Orb\n|\n|-damage|p2b: Flamigo|76\/100 brn|[from] brn\n|upkeep\n|\n|t:|1682988835\n|switch|p1a: Ceruledge|Ceruledge, L50, F|100\/100\n|switch|p2a: Iron Hands|Iron Hands, L50|88\/100 brn\n|turn|7\n|\n|t:|1682988861\n|move|p1a: Ceruledge|Protect|p1a: Ceruledge\n|-singleturn|p1a: Ceruledge|Protect\n|move|p2a: Iron Hands|Fake Out|p1b: Garchomp\n|-damage|p1b: Garchomp|37\/100\n|-damage|p2a: Iron Hands|76\/100 brn|[from] ability: Rough Skin|[of] p1b: Garchomp\n|cant|p1b: Garchomp|flinch\n|move|p2b: Flamigo|Brave Bird|p1b: Garchomp\n|-damage|p1b: Garchomp|0 fnt\n|-damage|p2b: Flamigo|64\/100 brn|[from] ability: Rough Skin|[of] p1b: Garchomp\n|faint|p1b: Garchomp\n|-damage|p2b: Flamigo|50\/100 brn|[from] Recoil\n|-damage|p2b: Flamigo|40\/100 brn|[from] item: Life Orb\n|\n|-damage|p2b: Flamigo|34\/100 brn|[from] brn\n|-damage|p2a: Iron Hands|70\/100 brn|[from] brn\n|upkeep\n|turn|8\n|\n|t:|1682988881\n|-terastallize|p1a: Ceruledge|Fairy\n|move|p1a: Ceruledge|Tera Blast|p2a: Iron Hands\n|-supereffective|p2a: Iron Hands\n|-damage|p2a: Iron Hands|14\/100 brn\n|-enditem|p2a: Iron Hands|Eject Button\n|\n|t:|1682988891\n|-end|p2a: Iron Hands|Quark Drive|[silent]\n|switch|p2a: Maushold|Maushold, L50|100\/100\n|move|p2b: Flamigo|Throat Chop|p1a: Ceruledge\n|-resisted|p1a: Ceruledge\n|-damage|p1a: Ceruledge|90\/100\n|-start|p1a: Ceruledge|Throat Chop|[silent]\n|-damage|p2b: Flamigo|25\/100 brn|[from] item: Life Orb\n|\n|-damage|p2b: Flamigo|19\/100 brn|[from] brn\n|-sideend|p1: littletimmyfan|move: Tailwind\n|upkeep\n|turn|9\n|\n|t:|1682988904\n|move|p2a: Maushold|Population Bomb|p1a: Ceruledge\n|-damage|p1a: Ceruledge|79\/100\n|-damage|p1a: Ceruledge|70\/100\n|-damage|p1a: Ceruledge|60\/100\n|-hitcount|p1a: Ceruledge|3\n|move|p2b: Flamigo|Brave Bird|p1a: Ceruledge\n|-damage|p1a: Ceruledge|15\/100\n|-damage|p2b: Flamigo|2\/100 brn|[from] Recoil\n|-damage|p2b: Flamigo|0 fnt|[from] item: Life Orb\n|faint|p2b: Flamigo\n|move|p1a: Ceruledge|Bitter Blade|p2a: Maushold\n|-damage|p2a: Maushold|18\/100\n|-heal|p1a: Ceruledge|51\/100|[from] drain|[of] p2a: Maushold\n|\n|-end|p1a: Ceruledge|Throat Chop|[silent]\n|upkeep\n|\n|t:|1682988912\n|switch|p2b: Iron Hands|Iron Hands, L50|14\/100 brn\n|turn|10\n|\n|t:|1682988923\n|move|p1a: Ceruledge|Protect|p1a: Ceruledge\n|-singleturn|p1a: Ceruledge|Protect\n|move|p2b: Iron Hands|Fake Out|p1a: Ceruledge\n|-activate|p1a: Ceruledge|move: Protect\n|move|p2a: Maushold|Population Bomb|p1a: Ceruledge\n|-activate|p1a: Ceruledge|move: Protect\n|\n|-damage|p2b: Iron Hands|8\/100 brn|[from] brn\n|upkeep\n|turn|11\n|\n|t:|1682988943\n|move|p2a: Maushold|Population Bomb|p1a: Ceruledge|[miss]\n|-miss|p2a: Maushold|p1a: Ceruledge\n|move|p1a: Ceruledge|Bitter Blade|p2a: Maushold\n|-damage|p2a: Maushold|0 fnt\n|-heal|p1a: Ceruledge|58\/100|[from] drain|[of] p2a: Maushold\n|faint|p2a: Maushold\n|move|p2b: Iron Hands|Thunder Punch|p1a: Ceruledge\n|-damage|p1a: Ceruledge|31\/100\n|\n|-damage|p2b: Iron Hands|2\/100 brn|[from] brn\n|upkeep\n|turn|12\n|\n|t:|1682988955\n|move|p1a: Ceruledge|Shadow Sneak|p2b: Iron Hands\n|-damage|p2b: Iron Hands|0 fnt\n|faint|p2b: Iron Hands\n|-end|p2b: Iron Hands|Quark Drive|[silent]\n|\n|win|littletimmyfan\n|raw|littletimmyfan's rating: 1062 → 1090<\/strong> (+28 for winning)\n|raw|jazammm's rating: 1027 → 1014<\/strong> (-13 for losing)\n","uploadtime":1682988965,"views":16,"p1id":"littletimmyfan","p2id":"jazammm","formatid":"gen9vgc2023regulationc","rating":1014,"private":0,"password":""}