{"id":"gen9vgc2023regulationc-1859658984","p1":"123156151315692sd","p2":"peepoodeez","format":"[Gen 9] VGC 2023 Regulation C","log":"|j|\u2606123156151315692sd\n|j|\u2606peepoodeez\n|t:|1683553554\n|gametype|doubles\n|player|p1|123156151315692sd|1|1040\n|player|p2|peepoodeez|cynthia|1103\n|teamsize|p1|6\n|teamsize|p2|6\n|gen|9\n|tier|[Gen 9] VGC 2023 Regulation C\n|rated|\n|rule|Species Clause: Limit one of each Pok\u00e9mon\n|rule|Item Clause: Limit one of each item\n|clearpoke\n|poke|p1|Volcarona, L50, F|\n|poke|p1|Amoonguss, L50, M|\n|poke|p1|Gyarados, L50, M|\n|poke|p1|Flutter Mane, L50|\n|poke|p1|Iron Hands, L50|\n|poke|p1|Roaring Moon, L50|\n|poke|p2|Palafin, L50, M|\n|poke|p2|Coalossal, L50, M|\n|poke|p2|Flamigo, L50, M|\n|poke|p2|Arcanine, L50, M|\n|poke|p2|Pelipper, L50, F|\n|poke|p2|Meowscarada, L50, M|\n|teampreview|4\n|inactive|Battle timer is ON: inactive players will automatically lose when time's up. (requested by peepoodeez)\n|inactive|123156151315692sd has 60 seconds left.\npeepoodeez rejected open team sheets.\n|\n|t:|1683553606\n|start\n|switch|p1a: Volcarona|Volcarona, L50, F|100\/100\n|switch|p1b: Gyarados|Gyarados, L50, M|100\/100\n|switch|p2a: Palafin|Palafin, L50, M|100\/100\n|switch|p2b: Coalossal|Coalossal, L50, M|100\/100\n|-ability|p1b: Gyarados|Intimidate|boost\n|-unboost|p2a: Palafin|atk|1\n|-unboost|p2b: Coalossal|atk|1\n|turn|1\n|inactive|peepoodeez has 30 seconds left.\n|\n|t:|1683553638\n|-terastallize|p2b: Coalossal|Ground\n|move|p2a: Palafin|Flip Turn|p2b: Coalossal\n|-supereffective|p2b: Coalossal\n|-damage|p2b: Coalossal|81\/100\n|-ability|p2b: Coalossal|Steam Engine|boost\n|-boost|p2b: Coalossal|spe|6\n|-enditem|p2b: Coalossal|Weakness Policy\n|-boost|p2b: Coalossal|atk|2|[from] item: Weakness Policy\n|-boost|p2b: Coalossal|spa|2|[from] item: Weakness Policy\n|\n|t:|1683553647\n|detailschange|p2a: Palafin|Palafin-Hero, L50, M\n|switch|p2a: Flamigo|Flamigo, L50, M|100\/100|[from] Flip Turn\n|-copyboost|p2a: Flamigo|p2b: Coalossal|[from] ability: Costar\n|move|p2b: Coalossal|Rock Slide|p1b: Gyarados|[spread] \n|-miss|p2b: Coalossal|p1a: Volcarona\n|-miss|p2b: Coalossal|p1b: Gyarados\n|move|p1a: Volcarona|Quiver Dance|p1a: Volcarona\n|-boost|p1a: Volcarona|spa|1\n|-boost|p1a: Volcarona|spd|1\n|-boost|p1a: Volcarona|spe|1\n|move|p1b: Gyarados|Thunder Wave|p2a: Flamigo\n|-status|p2a: Flamigo|par\n|\n|upkeep\n|turn|2\n|c|\u2606peepoodeez|BRUH\n|c|\u2606peepoodeez|I'm gonna kill myself if that ever happens again\n|inactive|peepoodeez has 30 seconds left.\n|c|\u2606peepoodeez|Rock slide missed BOTH!\n|inactive|peepoodeez has 20 seconds left.\n|\n|t:|1683553686\n|move|p2a: Flamigo|Protect|p2a: Flamigo\n|-singleturn|p2a: Flamigo|Protect\n|move|p1a: Volcarona|Giga Drain|p2b: Coalossal\n|-supereffective|p2b: Coalossal\n|-damage|p2b: Coalossal|17\/100\n|move|p2b: Coalossal|Rock Slide|p1a: Volcarona|[spread] p1a,p1b\n|-supereffective|p1a: Volcarona\n|-supereffective|p1b: Gyarados\n|-damage|p1a: Volcarona|0 fnt\n|-damage|p1b: Gyarados|35\/100\n|-enditem|p1b: Gyarados|Sitrus Berry|[eat]\n|-heal|p1b: Gyarados|60\/100|[from] item: Sitrus Berry\n|faint|p1a: Volcarona\n|cant|p1b: Gyarados|flinch\n|\n|upkeep\n|\n|t:|1683553704\n|switch|p1a: Roaring Moon|Roaring Moon, L50|100\/100\n|-enditem|p1a: Roaring Moon|Booster Energy\n|-activate|p1a: Roaring Moon|ability: Protosynthesis|[fromitem]\n|-start|p1a: Roaring Moon|protosynthesisatk\n|turn|3\n|\n|t:|1683553718\n|move|p1a: Roaring Moon|Protect|p1a: Roaring Moon\n|-singleturn|p1a: Roaring Moon|Protect\n|move|p2a: Flamigo|Close Combat|p1a: Roaring Moon\n|-activate|p1a: Roaring Moon|move: Protect\n|move|p2b: Coalossal|Rock Slide|p1a: Roaring Moon|[spread] p1b\n|-activate|p1a: Roaring Moon|move: Protect\n|-supereffective|p1b: Gyarados\n|-damage|p1b: Gyarados|0 fnt\n|faint|p1b: Gyarados\n|\n|upkeep\n|\n|t:|1683553726\n|switch|p1b: Amoonguss|Amoonguss, L50, M|100\/100\n|turn|4\n|\n|t:|1683553743\n|move|p1a: Roaring Moon|Protect|p1a: Roaring Moon\n|-singleturn|p1a: Roaring Moon|Protect\n|move|p2a: Flamigo|Close Combat|p1a: Roaring Moon\n|-activate|p1a: Roaring Moon|move: Protect\n|move|p2b: Coalossal|Heat Crash|p1b: Amoonguss\n|-supereffective|p1b: Amoonguss\n|-damage|p1b: Amoonguss|0 fnt\n|-damage|p2b: Coalossal|0 fnt|[from] item: Rocky Helmet|[of] p1b: Amoonguss\n|faint|p1b: Amoonguss\n|faint|p2b: Coalossal\n|\n|upkeep\n|c|\u2606peepoodeez|You are so lucky\n|\n|t:|1683553757\n|switch|p2b: Palafin|Palafin-Hero, L50, M|100\/100\n|-activate|p2b: Palafin|ability: Zero to Hero\n|turn|5\n|\n|t:|1683553767\n|move|p2a: Flamigo|Close Combat|p1a: Roaring Moon\n|-supereffective|p1a: Roaring Moon\n|-damage|p1a: Roaring Moon|0 fnt\n|-unboost|p2a: Flamigo|def|1\n|-unboost|p2a: Flamigo|spd|1\n|faint|p1a: Roaring Moon\n|-end|p1a: Roaring Moon|Protosynthesis|[silent]\n|\n|win|peepoodeez\n|raw|123156151315692sd's rating: 1040 → 1027<\/strong> (-13 for losing)\n|raw|peepoodeez's rating: 1103 → 1124<\/strong> (+21 for winning)\n|c|\u2606peepoodeez|Whatever, get fuck ed\n","uploadtime":1683553771,"views":6,"p1id":"123156151315692sd","p2id":"peepoodeez","formatid":"gen9vgc2023regulationc","rating":1027,"private":0,"password":""}