{"id":"gen9vgc2023regulationc-1859198286","p1":"GoRelicantGo","p2":"Charlisito","format":"[Gen 9] VGC 2023 Regulation C","log":"|j|\u2606GoRelicantGo\n|j|\u2606Charlisito\n|t:|1683416774\n|gametype|doubles\n|player|p1|GoRelicantGo|265|1324\n|player|p2|Charlisito|101|1342\n|teamsize|p1|6\n|teamsize|p2|6\n|gen|9\n|tier|[Gen 9] VGC 2023 Regulation C\n|rated|\n|rule|Species Clause: Limit one of each Pok\u00e9mon\n|rule|Item Clause: Limit one of each item\n|clearpoke\n|poke|p1|Glimmora, L50, F|\n|poke|p1|Hippowdon, L50, F|\n|poke|p1|Klefki, L50, M|\n|poke|p1|Lycanroc, L50, M|\n|poke|p1|Chien-Pao, L50|\n|poke|p1|Dragonite, L50, F|\n|poke|p2|Bellibolt, L50, F|\n|poke|p2|Palafin, L50, M|\n|poke|p2|Arcanine, L50, M|\n|poke|p2|Amoonguss, L50, M|\n|poke|p2|Flutter Mane, L50|\n|poke|p2|Ting-Lu, L50|\n|teampreview|4\n|\n|t:|1683416814\n|start\n|switch|p1a: Glimmora|Glimmora, L50, F|100\/100\n|switch|p1b: Klefki|Klefki, L50, M|100\/100\n|switch|p2a: Ting-Lu|Ting-Lu, L50|100\/100\n|switch|p2b: Arcanine|Arcanine, L50, M|100\/100\n|-ability|p2b: Arcanine|Intimidate|boost\n|-unboost|p1a: Glimmora|atk|1\n|-unboost|p1b: Klefki|atk|1\n|-ability|p2a: Ting-Lu|Vessel of Ruin\n|turn|1\n|\n|t:|1683416838\n|move|p1b: Klefki|Reflect|p1b: Klefki\n|-sidestart|p1: GoRelicantGo|Reflect\n|move|p2b: Arcanine|Flare Blitz|p1b: Klefki\n|-supereffective|p1b: Klefki\n|-damage|p1b: Klefki|39\/100\n|-damage|p2b: Arcanine|84\/100|[from] Recoil\n|move|p1a: Glimmora|Mortal Spin|p2a: Ting-Lu|[spread] p2a,p2b\n|-resisted|p2a: Ting-Lu\n|-damage|p2a: Ting-Lu|99\/100\n|-damage|p2b: Arcanine|81\/100\n|-status|p2a: Ting-Lu|psn\n|-status|p2b: Arcanine|psn\n|move|p2a: Ting-Lu|Ruination|p1a: Glimmora\n|-damage|p1a: Glimmora|51\/100\n|\n|-heal|p2a: Ting-Lu|100\/100 psn|[from] item: Leftovers\n|-damage|p2b: Arcanine|68\/100 psn|[from] psn\n|-damage|p2a: Ting-Lu|88\/100 psn|[from] psn\n|upkeep\n|turn|2\n|\n|t:|1683416871\n|switch|p1b: Hippowdon|Hippowdon, L50, F|100\/100\n|-weather|Sandstorm|[from] ability: Sand Stream|[of] p1b: Hippowdon\n|move|p2b: Arcanine|Protect|p2b: Arcanine\n|-singleturn|p2b: Arcanine|Protect\n|move|p1a: Glimmora|Power Gem|p2b: Arcanine\n|-activate|p2b: Arcanine|move: Protect\n|move|p2a: Ting-Lu|Stomping Tantrum|p1a: Glimmora\n|-supereffective|p1a: Glimmora\n|-damage|p1a: Glimmora|0 fnt\n|-activate|p1a: Glimmora|ability: Toxic Debris\n|-sidestart|p2: Charlisito|move: Toxic Spikes\n|faint|p1a: Glimmora\n|\n|-weather|Sandstorm|[upkeep]\n|-heal|p2a: Ting-Lu|94\/100 psn|[from] item: Leftovers\n|-damage|p2b: Arcanine|56\/100 psn|[from] psn\n|-damage|p2a: Ting-Lu|82\/100 psn|[from] psn\n|upkeep\n|\n|t:|1683416905\n|switch|p1a: Klefki|Klefki, L50, M|39\/100\n|turn|3\n|\n|t:|1683416915\n|move|p2b: Arcanine|Flare Blitz|p1a: Klefki\n|-supereffective|p1a: Klefki\n|-damage|p1a: Klefki|0 fnt\n|faint|p1a: Klefki\n|-damage|p2b: Arcanine|45\/100 psn|[from] Recoil\n|move|p1b: Hippowdon|Stealth Rock|p2a: Ting-Lu\n|-sidestart|p2: Charlisito|move: Stealth Rock\n|move|p2a: Ting-Lu|Ruination|p1b: Hippowdon\n|-damage|p1b: Hippowdon|51\/100\n|\n|-weather|Sandstorm|[upkeep]\n|-heal|p1b: Hippowdon|57\/100|[from] item: Leftovers\n|-heal|p2a: Ting-Lu|88\/100 psn|[from] item: Leftovers\n|-damage|p2b: Arcanine|33\/100 psn|[from] psn\n|-damage|p2a: Ting-Lu|75\/100 psn|[from] psn\n|upkeep\n|\n|t:|1683416927\n|switch|p1a: Dragonite|Dragonite, L50, F|100\/100\n|turn|4\n|\n|t:|1683416938\n|move|p1a: Dragonite|Protect|p1a: Dragonite\n|-singleturn|p1a: Dragonite|Protect\n|move|p2b: Arcanine|Will-O-Wisp|p1a: Dragonite\n|-activate|p1a: Dragonite|move: Protect\n|move|p1b: Hippowdon|Sand Tomb|p2a: Ting-Lu\n|-damage|p2a: Ting-Lu|68\/100 psn\n|-activate|p2a: Ting-Lu|move: Sand Tomb|[of] p1b: Hippowdon\n|move|p2a: Ting-Lu|Ruination|p1a: Dragonite\n|-activate|p1a: Dragonite|move: Protect\n|\n|-weather|Sandstorm|[upkeep]\n|-damage|p1a: Dragonite|94\/100|[from] Sandstorm\n|-heal|p1b: Hippowdon|63\/100|[from] item: Leftovers\n|-heal|p2a: Ting-Lu|74\/100 psn|[from] item: Leftovers\n|-damage|p2b: Arcanine|21\/100 psn|[from] psn\n|-damage|p2a: Ting-Lu|61\/100 psn|[from] psn\n|-damage|p2a: Ting-Lu|49\/100 psn|[from] move: Sand Tomb|[partiallytrapped]\n|upkeep\n|turn|5\n|\n|t:|1683416975\n|move|p2a: Ting-Lu|Protect|p2a: Ting-Lu\n|-singleturn|p2a: Ting-Lu|Protect\n|move|p1a: Dragonite|Extreme Speed|p2b: Arcanine\n|-damage|p2b: Arcanine|0 fnt\n|faint|p2b: Arcanine\n|move|p1b: Hippowdon|Sand Tomb|p2a: Ting-Lu\n|-activate|p2a: Ting-Lu|move: Protect\n|\n|-weather|Sandstorm|[upkeep]\n|-damage|p1a: Dragonite|88\/100|[from] Sandstorm\n|-heal|p1b: Hippowdon|69\/100|[from] item: Leftovers\n|-heal|p2a: Ting-Lu|55\/100 psn|[from] item: Leftovers\n|-damage|p2a: Ting-Lu|43\/100 psn|[from] psn\n|-damage|p2a: Ting-Lu|30\/100 psn|[from] move: Sand Tomb|[partiallytrapped]\n|upkeep\n|\n|t:|1683416980\n|switch|p2b: Amoonguss|Amoonguss, L50, M|100\/100\n|-sideend|p2: Charlisito|move: Toxic Spikes|[of] p2b: Amoonguss\n|-damage|p2b: Amoonguss|88\/100|[from] Stealth Rock\n|turn|6\n|\n|t:|1683417000\n|-terastallize|p1a: Dragonite|Flying\n|-terastallize|p2b: Amoonguss|Water\n|move|p1a: Dragonite|Tera Blast|p2b: Amoonguss\n|-damage|p2b: Amoonguss|36\/100\n|-enditem|p2b: Amoonguss|Sitrus Berry|[eat]\n|-heal|p2b: Amoonguss|60\/100|[from] item: Sitrus Berry\n|move|p1b: Hippowdon|Stealth Rock||[still]\n|-fail|p1b: Hippowdon\n|move|p2a: Ting-Lu|Ruination|p1a: Dragonite\n|-damage|p1a: Dragonite|44\/100\n|move|p2b: Amoonguss|Pollen Puff|p2a: Ting-Lu\n|-heal|p2a: Ting-Lu|80\/100 psn\n|\n|-weather|none\n|-heal|p1b: Hippowdon|75\/100|[from] item: Leftovers\n|-heal|p2a: Ting-Lu|86\/100 psn|[from] item: Leftovers\n|-damage|p2a: Ting-Lu|74\/100 psn|[from] psn\n|-damage|p2a: Ting-Lu|61\/100 psn|[from] move: Sand Tomb|[partiallytrapped]\n|upkeep\n|turn|7\n|\n|t:|1683417029\n|move|p1a: Dragonite|Tera Blast|p2b: Amoonguss\n|-damage|p2b: Amoonguss|6\/100\n|move|p1b: Hippowdon|Sand Tomb|p2b: Amoonguss|[miss]\n|-miss|p1b: Hippowdon|p2b: Amoonguss\n|move|p2a: Ting-Lu|Stomping Tantrum|p1b: Hippowdon\n|-damage|p1b: Hippowdon|60\/100\n|move|p2b: Amoonguss|Spore|p1a: Dragonite\n|-status|p1a: Dragonite|slp|[from] move: Spore\n|\n|-heal|p1b: Hippowdon|66\/100|[from] item: Leftovers\n|-heal|p2a: Ting-Lu|67\/100 psn|[from] item: Leftovers\n|-damage|p2a: Ting-Lu|55\/100 psn|[from] psn\n|-damage|p2a: Ting-Lu|43\/100 psn|[from] move: Sand Tomb|[partiallytrapped]\n|upkeep\n|turn|8\n|\n|t:|1683417061\n|cant|p1a: Dragonite|slp\n|move|p1b: Hippowdon|Sand Tomb|p2b: Amoonguss\n|-damage|p2b: Amoonguss|0 fnt\n|faint|p2b: Amoonguss\n|move|p2a: Ting-Lu|Heavy Slam|p1a: Dragonite\n|-damage|p1a: Dragonite|31\/100 slp\n|\n|-heal|p1b: Hippowdon|72\/100|[from] item: Leftovers\n|-heal|p2a: Ting-Lu|49\/100 psn|[from] item: Leftovers\n|-damage|p2a: Ting-Lu|36\/100 psn|[from] psn\n|-damage|p2a: Ting-Lu|24\/100 psn|[from] move: Sand Tomb|[partiallytrapped]\n|-sideend|p1: GoRelicantGo|Reflect\n|upkeep\n|\n|t:|1683417065\n|switch|p2b: Flutter Mane|Flutter Mane, L50|100\/100\n|-damage|p2b: Flutter Mane|88\/100|[from] Stealth Rock\n|-enditem|p2b: Flutter Mane|Booster Energy\n|-activate|p2b: Flutter Mane|ability: Protosynthesis|[fromitem]\n|-start|p2b: Flutter Mane|protosynthesisspa\n|turn|9\n|\n|t:|1683417096\n|cant|p1a: Dragonite|slp\n|move|p2b: Flutter Mane|Moonblast|p1a: Dragonite\n|-crit|p1a: Dragonite\n|-damage|p1a: Dragonite|0 fnt\n|faint|p1a: Dragonite\n|move|p1b: Hippowdon|Yawn|p2b: Flutter Mane\n|-start|p2b: Flutter Mane|move: Yawn|[of] p1b: Hippowdon\n|move|p2a: Ting-Lu|Ruination|p1b: Hippowdon\n|-damage|p1b: Hippowdon|36\/100\n|\n|-heal|p1b: Hippowdon|42\/100|[from] item: Leftovers\n|-heal|p2a: Ting-Lu|30\/100 psn|[from] item: Leftovers\n|-damage|p2a: Ting-Lu|18\/100 psn|[from] psn\n|-end|p2a: Ting-Lu|Sand Tomb|[partiallytrapped]\n|upkeep\n|turn|10\n|\n|t:|1683417117\n|move|p1b: Hippowdon|Protect|p1b: Hippowdon\n|-singleturn|p1b: Hippowdon|Protect\n|move|p2a: Ting-Lu|Protect|p2a: Ting-Lu\n|-singleturn|p2a: Ting-Lu|Protect\n|move|p2b: Flutter Mane|Moonblast|p1b: Hippowdon\n|-activate|p1b: Hippowdon|move: Protect\n|\n|-heal|p1b: Hippowdon|48\/100|[from] item: Leftovers\n|-heal|p2a: Ting-Lu|24\/100 psn|[from] item: Leftovers\n|-damage|p2a: Ting-Lu|11\/100 psn|[from] psn\n|-end|p2b: Flutter Mane|move: Yawn|[silent]\n|-status|p2b: Flutter Mane|slp\n|upkeep\n|turn|11\n|\n|t:|1683417132\n|cant|p2b: Flutter Mane|slp\n|move|p1b: Hippowdon|Sand Tomb|p2b: Flutter Mane\n|-damage|p2b: Flutter Mane|65\/100 slp\n|-activate|p2b: Flutter Mane|move: Sand Tomb|[of] p1b: Hippowdon\n|move|p2a: Ting-Lu|Stomping Tantrum|p1b: Hippowdon\n|-damage|p1b: Hippowdon|28\/100\n|\n|-heal|p1b: Hippowdon|34\/100|[from] item: Leftovers\n|-heal|p2a: Ting-Lu|17\/100 psn|[from] item: Leftovers\n|-damage|p2a: Ting-Lu|5\/100 psn|[from] psn\n|-damage|p2b: Flutter Mane|53\/100 slp|[from] move: Sand Tomb|[partiallytrapped]\n|upkeep\n|turn|12\n|\n|t:|1683417147\n|-curestatus|p2b: Flutter Mane|slp|[msg]\n|move|p2b: Flutter Mane|Moonblast|p1b: Hippowdon\n|-damage|p1b: Hippowdon|0 fnt\n|faint|p1b: Hippowdon\n|\n|win|Charlisito\n|raw|GoRelicantGo's rating: 1324 → 1305<\/strong> (-19 for losing)\n|raw|Charlisito's rating: 1342 → 1361<\/strong> (+19 for winning)\n","uploadtime":1683417152,"views":6,"p1id":"gorelicantgo","p2id":"charlisito","formatid":"gen9vgc2023regulationc","rating":1305,"private":0,"password":""}