{"id":"gen9vgc2023regulationc-1851025229","p1":"soleilfe","p2":"eggplanet07","format":"[Gen 9] VGC 2023 Regulation C","log":"|j|\u2606soleilfe\n|j|\u2606eggplanet07\n|t:|1682395835\n|gametype|doubles\n|player|p1|soleilfe|hilda-wonderlauncher|1262\n|player|p2|eggplanet07|rosa|1202\n|teamsize|p1|6\n|teamsize|p2|6\n|gen|9\n|tier|[Gen 9] VGC 2023 Regulation C\n|rated|\n|rule|Species Clause: Limit one of each Pok\u00e9mon\n|rule|Item Clause: Limit one of each item\n|clearpoke\n|poke|p1|Ting-Lu, L50|\n|poke|p1|Slither Wing, L50|\n|poke|p1|Dragonite, L50, M|\n|poke|p1|Torkoal, L50, M|\n|poke|p1|Gyarados, L50, M|\n|poke|p1|Lilligant, L50, F|\n|poke|p2|Raichu, L50, M|\n|poke|p2|Ting-Lu, L50|\n|poke|p2|Amoonguss, L50, F|\n|poke|p2|Gyarados, L50, F|\n|poke|p2|Flutter Mane, L50|\n|poke|p2|Palafin, L50, M|\n|teampreview|4\n|inactive|Battle timer is ON: inactive players will automatically lose when time's up. (requested by eggplanet07)\n|inactive|soleilfe has 60 seconds left.\n|inactive|eggplanet07 has 60 seconds left.\n|\n|t:|1682395879\n|start\n|switch|p1a: Ting-Lu|Ting-Lu, L50|100\/100\n|switch|p1b: Slither Wing|Slither Wing, L50, shiny|100\/100\n|switch|p2a: Palafin|Palafin, L50, M|100\/100\n|switch|p2b: Flutter Mane|Flutter Mane, L50, shiny|100\/100\n|-ability|p1a: Ting-Lu|Vessel of Ruin\n|-enditem|p2b: Flutter Mane|Booster Energy\n|-activate|p2b: Flutter Mane|ability: Protosynthesis|[fromitem]\n|-start|p2b: Flutter Mane|protosynthesisspa\n|turn|1\n|\n|t:|1682395902\n|detailschange|p2a: Palafin|Palafin-Hero, L50, M\n|switch|p2a: Gyarados|Gyarados, L50, F, shiny|100\/100\n|-ability|p2a: Gyarados|Intimidate|boost\n|-unboost|p1a: Ting-Lu|atk|1\n|-unboost|p1b: Slither Wing|atk|1\n|-terastallize|p1a: Ting-Lu|Poison\n|move|p1b: Slither Wing|First Impression|p2a: Gyarados\n|-resisted|p2a: Gyarados\n|-damage|p2a: Gyarados|75\/100\n|-damage|p1b: Slither Wing|91\/100|[from] item: Life Orb\n|move|p2b: Flutter Mane|Dazzling Gleam|p1b: Slither Wing|[spread] p1a,p1b\n|-resisted|p1a: Ting-Lu\n|-supereffective|p1b: Slither Wing\n|-damage|p1a: Ting-Lu|92\/100\n|-damage|p1b: Slither Wing|15\/100\n|move|p1a: Ting-Lu|Heavy Slam|p2b: Flutter Mane\n|-supereffective|p2b: Flutter Mane\n|-damage|p2b: Flutter Mane|10\/100\n|\n|upkeep\n|turn|2\n|inactive|soleilfe has 30 seconds left.\n|inactive|eggplanet07 has 30 seconds left.\n|\n|t:|1682395933\n|-end|p1b: Slither Wing|Protosynthesis|[silent]\n|switch|p1b: Torkoal|Torkoal, L50, M|100\/100\n|-weather|SunnyDay|[from] ability: Drought|[of] p1b: Torkoal\n|move|p2b: Flutter Mane|Protect|p2b: Flutter Mane\n|-singleturn|p2b: Flutter Mane|Protect\n|move|p2a: Gyarados|Waterfall|p1a: Ting-Lu\n|-damage|p1a: Ting-Lu|80\/100\n|move|p1a: Ting-Lu|Ruination|p2a: Gyarados\n|-damage|p2a: Gyarados|38\/100\n|\n|-weather|SunnyDay|[upkeep]\n|upkeep\n|turn|3\n|\n|t:|1682395955\n|move|p2b: Flutter Mane|Shadow Ball|p1b: Torkoal\n|-damage|p1b: Torkoal|36\/100\n|move|p2a: Gyarados|Rain Dance|p2a: Gyarados\n|-weather|RainDance\n|move|p1a: Ting-Lu|Heavy Slam|p2a: Gyarados\n|-resisted|p2a: Gyarados\n|-damage|p2a: Gyarados|30\/100\n|move|p1b: Torkoal|Heat Wave|p2b: Flutter Mane|[spread] p2b\n|-miss|p1b: Torkoal|p2a: Gyarados\n|-damage|p2b: Flutter Mane|0 fnt\n|faint|p2b: Flutter Mane\n|-end|p2b: Flutter Mane|Protosynthesis|[silent]\n|\n|-weather|RainDance|[upkeep]\n|upkeep\n|\n|t:|1682395970\n|switch|p2b: Palafin|Palafin-Hero, L50, M|100\/100\n|-activate|p2b: Palafin|ability: Zero to Hero\n|turn|4\n|\n|t:|1682395978\n|switch|p1b: Lilligant|Lilligant, L50, F|100\/100\n|-terastallize|p2b: Palafin|Water\n|move|p2a: Gyarados|Waterfall|p1b: Lilligant\n|-resisted|p1b: Lilligant\n|-damage|p1b: Lilligant|50\/100\n|move|p2b: Palafin|Wave Crash|p1a: Ting-Lu\n|-damage|p1a: Ting-Lu|0 fnt\n|faint|p1a: Ting-Lu\n|-damage|p2b: Palafin|68\/100|[from] Recoil\n|\n|-weather|RainDance|[upkeep]\n|upkeep\n|\n|t:|1682395990\n|switch|p1a: Torkoal|Torkoal, L50, M|36\/100\n|-weather|SunnyDay|[from] ability: Drought|[of] p1a: Torkoal\n|turn|5\n|\n|t:|1682395998\n|move|p2b: Palafin|Protect|p2b: Palafin\n|-singleturn|p2b: Palafin|Protect\n|move|p1a: Torkoal|Protect|p1a: Torkoal\n|-singleturn|p1a: Torkoal|Protect\n|move|p1b: Lilligant|Sleep Powder|p2a: Gyarados\n|-activate|p2a: Gyarados|item: Safety Goggles|Sleep Powder\n|move|p2a: Gyarados|Rain Dance|p2a: Gyarados\n|-weather|RainDance\n|\n|-weather|RainDance|[upkeep]\n|upkeep\n|turn|6\n|\n|t:|1682396018\n|switch|p1a: Slither Wing|Slither Wing, L50, shiny|15\/100\n|move|p2b: Palafin|Jet Punch|p1b: Lilligant\n|-resisted|p1b: Lilligant\n|-damage|p1b: Lilligant|0 fnt\n|faint|p1b: Lilligant\n|move|p2a: Gyarados|Waterfall|p1a: Slither Wing\n|-damage|p1a: Slither Wing|0 fnt\n|faint|p1a: Slither Wing\n|-end|p1a: Slither Wing|Protosynthesis|[silent]\n|\n|-weather|RainDance|[upkeep]\n|upkeep\n|c|\u2606soleilfe|who tf runs safety goggle rain dance gyarados\n|inactive|soleilfe has 30 seconds left.\n|l|\u2606soleilfe\n|inactive|soleilfe disconnected and has a minute to reconnect!\n|player|p1|\n|inactive|soleilfe has 20 seconds left.\n|inactive|soleilfe has 15 seconds left.\n|inactive|soleilfe has 10 seconds left.\n|inactive|soleilfe has 5 seconds left.\n|-message|soleilfe lost due to inactivity.\n|\n|win|eggplanet07\n|raw|soleilfe's rating: 1262 → 1233<\/strong> (-29 for losing)\n|raw|eggplanet07's rating: 1202 → 1231<\/strong> (+29 for winning)\n","uploadtime":1682396077,"views":11,"p1id":"soleilfe","p2id":"eggplanet07","formatid":"gen9vgc2023regulationc","rating":1231,"private":0,"password":""}