{"id":"gen9vgc2023regulationc-1849182682","p1":"Kammala","p2":"ProR7","format":"[Gen 9] VGC 2023 Regulation C","log":"|j|\u2606Kammala\n|j|\u2606ProR7\n|t:|1682169547\n|gametype|doubles\n|player|p1|Kammala|2|1370\n|player|p2|ProR7|n|1325\n|teamsize|p1|6\n|teamsize|p2|6\n|gen|9\n|tier|[Gen 9] VGC 2023 Regulation C\n|rated|\n|rule|Species Clause: Limit one of each Pok\u00e9mon\n|rule|Item Clause: Limit one of each item\n|clearpoke\n|poke|p1|Azumarill, L50, M|\n|poke|p1|Amoonguss, L50, M|\n|poke|p1|Tauros-Paldea-Blaze, L50, M|\n|poke|p1|Ting-Lu, L50|\n|poke|p1|Baxcalibur, L50, F|\n|poke|p1|Flutter Mane, L50|\n|poke|p2|Ting-Lu, L50|\n|poke|p2|Arcanine, L50, F|\n|poke|p2|Flutter Mane, L50|\n|poke|p2|Amoonguss, L50, M|\n|poke|p2|Palafin, L50, F|\n|poke|p2|Chien-Pao, L50|\n|teampreview|4\n|inactive|Battle timer is ON: inactive players will automatically lose when time's up. (requested by ProR7)\n|inactive|Kammala also wants the timer to be on.\nKammala has agreed to open team sheets.\n|inactive|ProR7 has 60 seconds left.\n|\n|t:|1682169586\n|start\n|switch|p1a: Ting-Lu|Ting-Lu, L50|100\/100\n|switch|p1b: Azumarill|Azumarill, L50, M|100\/100\n|switch|p2a: Amoonguss|Amoonguss, L50, M, shiny|100\/100\n|switch|p2b: Flutter Mane|Flutter Mane, L50|100\/100\n|-ability|p1a: Ting-Lu|Vessel of Ruin\n|-enditem|p2b: Flutter Mane|Booster Energy\n|-activate|p2b: Flutter Mane|ability: Protosynthesis|[fromitem]\n|-start|p2b: Flutter Mane|protosynthesisspa\n|turn|1\n|\n|t:|1682169607\n|switch|p1b: Tauros|Tauros-Paldea-Blaze, L50, M|100\/100\n|-ability|p1b: Tauros|Intimidate|boost\n|-unboost|p2a: Amoonguss|atk|1\n|-unboost|p2b: Flutter Mane|atk|1\n|-terastallize|p1a: Ting-Lu|Poison\n|move|p2b: Flutter Mane|Protect|p2b: Flutter Mane\n|-singleturn|p2b: Flutter Mane|Protect\n|move|p1a: Ting-Lu|Stealth Rock|p2b: Flutter Mane\n|-sidestart|p2: ProR7|move: Stealth Rock\n|move|p2a: Amoonguss|Spore|p1a: Ting-Lu\n|-status|p1a: Ting-Lu|slp|[from] move: Spore\n|\n|upkeep\n|turn|2\n|inactive|Kammala has 30 seconds left.\n|\n|t:|1682169634\n|switch|p2a: Arcanine|Arcanine, L50, F|100\/100\n|-damage|p2a: Arcanine|76\/100|[from] Stealth Rock\n|-ability|p2a: Arcanine|Intimidate|boost\n|-unboost|p1a: Ting-Lu|atk|1\n|-unboost|p1b: Tauros|atk|1\n|move|p2b: Flutter Mane|Dazzling Gleam|p1b: Tauros|[spread] p1a,p1b\n|-resisted|p1a: Ting-Lu\n|-damage|p1a: Ting-Lu|90\/100 slp\n|-damage|p1b: Tauros|58\/100\n|move|p1b: Tauros|Flare Blitz|p2a: Arcanine\n|-resisted|p2a: Arcanine\n|-damage|p2a: Arcanine|59\/100\n|-damage|p1b: Tauros|52\/100|[from] Recoil\n|cant|p1a: Ting-Lu|slp\n|\n|-heal|p1a: Ting-Lu|96\/100 slp|[from] item: Leftovers\n|upkeep\n|turn|3\n|\n|t:|1682169656\n|move|p1b: Tauros|Protect|p1b: Tauros\n|-singleturn|p1b: Tauros|Protect\n|move|p2a: Arcanine|Extreme Speed|p1b: Tauros\n|-activate|p1b: Tauros|move: Protect\n|move|p2b: Flutter Mane|Dazzling Gleam|p1a: Ting-Lu|[spread] p1a\n|-activate|p1b: Tauros|move: Protect\n|-resisted|p1a: Ting-Lu\n|-damage|p1a: Ting-Lu|86\/100 slp\n|-curestatus|p1a: Ting-Lu|slp|[msg]\n|move|p1a: Ting-Lu|Heavy Slam|p2b: Flutter Mane\n|-supereffective|p2b: Flutter Mane\n|-damage|p2b: Flutter Mane|21\/100\n|\n|-heal|p1a: Ting-Lu|92\/100|[from] item: Leftovers\n|upkeep\n|turn|4\n|inactive|Kammala has 30 seconds left.\n|\n|t:|1682169684\n|-end|p2b: Flutter Mane|Protosynthesis|[silent]\n|switch|p2b: Amoonguss|Amoonguss, L50, M, shiny|100\/100\n|-damage|p2b: Amoonguss|88\/100|[from] Stealth Rock\n|move|p2a: Arcanine|Extreme Speed|p1b: Tauros\n|-damage|p1b: Tauros|25\/100\n|move|p1b: Tauros|Close Combat|p2a: Arcanine\n|-damage|p2a: Arcanine|25\/100\n|-unboost|p1b: Tauros|def|1\n|-unboost|p1b: Tauros|spd|1\n|move|p1a: Ting-Lu|Ruination|p2a: Arcanine\n|-damage|p2a: Arcanine|13\/100\n|\n|-heal|p1a: Ting-Lu|98\/100|[from] item: Leftovers\n|upkeep\n|turn|5\n|inactive|ProR7 has 30 seconds left.\n|inactive|ProR7 has 20 seconds left.\n|inactive|ProR7 has 15 seconds left.\n|inactive|ProR7 has 10 seconds left.\n|inactive|ProR7 has 5 seconds left.\n|\n|t:|1682169737\n|switch|p1b: Azumarill|Azumarill, L50, M|100\/100\n|move|p1a: Ting-Lu|Protect|p1a: Ting-Lu\n|-singleturn|p1a: Ting-Lu|Protect\n|move|p2a: Arcanine|Extreme Speed|p1a: Ting-Lu\n|-activate|p1a: Ting-Lu|move: Protect\n|move|p2b: Amoonguss|Pollen Puff|p2a: Arcanine\n|-heal|p2a: Arcanine|63\/100\n|\n|-heal|p1a: Ting-Lu|100\/100|[from] item: Leftovers\n|upkeep\n|turn|6\n|\n|t:|1682169757\n|-terastallize|p2a: Arcanine|Water\n|move|p2a: Arcanine|Howl|p2a: Arcanine|[spread] p2a,p2b\n|-boost|p2a: Arcanine|atk|1\n|-boost|p2b: Amoonguss|atk|1\n|move|p1b: Azumarill|Liquidation|p2a: Arcanine\n|-resisted|p2a: Arcanine\n|-damage|p2a: Arcanine|32\/100\n|move|p1a: Ting-Lu|Ruination|p2b: Amoonguss\n|-damage|p2b: Amoonguss|44\/100\n|-enditem|p2b: Amoonguss|Sitrus Berry|[eat]\n|-heal|p2b: Amoonguss|69\/100|[from] item: Sitrus Berry\n|move|p2b: Amoonguss|Pollen Puff|p2a: Arcanine\n|-heal|p2a: Arcanine|82\/100\n|\n|upkeep\n|turn|7\n|\n|t:|1682169777\n|move|p2a: Arcanine|Howl|p2a: Arcanine|[spread] p2a,p2b\n|-boost|p2a: Arcanine|atk|1\n|-boost|p2b: Amoonguss|atk|1\n|move|p1b: Azumarill|Play Rough|p2a: Arcanine\n|-damage|p2a: Arcanine|15\/100\n|move|p1a: Ting-Lu|Ruination|p2a: Arcanine|[miss]\n|-miss|p1a: Ting-Lu|p2a: Arcanine\n|move|p2b: Amoonguss|Spore|p1b: Azumarill\n|-status|p1b: Azumarill|slp|[from] move: Spore\n|\n|upkeep\n|turn|8\n|\n|t:|1682169794\n|move|p2a: Arcanine|Howl|p2a: Arcanine|[spread] p2a,p2b\n|-boost|p2a: Arcanine|atk|1\n|-boost|p2b: Amoonguss|atk|1\n|cant|p1b: Azumarill|slp\n|move|p1a: Ting-Lu|Ruination|p2b: Amoonguss\n|-damage|p2b: Amoonguss|35\/100\n|move|p2b: Amoonguss|Pollen Puff|p2a: Arcanine\n|-heal|p2a: Arcanine|65\/100\n|\n|upkeep\n|turn|9\n|\n|t:|1682169809\n|switch|p2b: Flutter Mane|Flutter Mane, L50|21\/100\n|-damage|p2b: Flutter Mane|9\/100|[from] Stealth Rock\n|move|p2a: Arcanine|Extreme Speed|p1b: Azumarill\n|-damage|p1b: Azumarill|31\/100 slp\n|-curestatus|p1b: Azumarill|slp|[msg]\n|move|p1b: Azumarill|Play Rough|p2a: Arcanine\n|-damage|p2a: Arcanine|2\/100\n|move|p1a: Ting-Lu|Heavy Slam|p2b: Flutter Mane\n|-supereffective|p2b: Flutter Mane\n|-damage|p2b: Flutter Mane|0 fnt\n|faint|p2b: Flutter Mane\n|-end|p2b: Flutter Mane|Protosynthesis|[silent]\n|\n|upkeep\n|\n|t:|1682169831\n|switch|p2b: Amoonguss|Amoonguss, L50, M, shiny|68\/100\n|-damage|p2b: Amoonguss|56\/100|[from] Stealth Rock\n|turn|10\n|\n|t:|1682169849\n|move|p2a: Arcanine|Extreme Speed|p1a: Ting-Lu\n|-damage|p1a: Ting-Lu|63\/100\n|move|p1b: Azumarill|Aqua Jet|p2a: Arcanine\n|-resisted|p2a: Arcanine\n|-damage|p2a: Arcanine|0 fnt\n|faint|p2a: Arcanine\n|move|p1a: Ting-Lu|Heavy Slam|p2b: Amoonguss\n|-damage|p2b: Amoonguss|32\/100\n|move|p2b: Amoonguss|Pollen Puff|p2: Arcanine|[notarget]\n|-fail|p2b: Amoonguss\n|\n|-heal|p1a: Ting-Lu|69\/100|[from] item: Leftovers\n|upkeep\n|\n|t:|1682169854\n|switch|p2a: Chien-Pao|Chien-Pao, L50|100\/100\n|-damage|p2a: Chien-Pao|75\/100|[from] Stealth Rock\n|-ability|p2a: Chien-Pao|Sword of Ruin\n|turn|11\n|\n|t:|1682169870\n|switch|p1b: Tauros|Tauros-Paldea-Blaze, L50, M|25\/100\n|-ability|p1b: Tauros|Intimidate|boost\n|-unboost|p2a: Chien-Pao|atk|1\n|-unboost|p2b: Amoonguss|atk|1\n|move|p2a: Chien-Pao|Protect|p2a: Chien-Pao\n|-singleturn|p2a: Chien-Pao|Protect\n|move|p1a: Ting-Lu|Protect|p1a: Ting-Lu\n|-singleturn|p1a: Ting-Lu|Protect\n|move|p2b: Amoonguss|Spore|p1a: Ting-Lu\n|-activate|p1a: Ting-Lu|move: Protect\n|\n|-heal|p1a: Ting-Lu|75\/100|[from] item: Leftovers\n|upkeep\n|turn|12\n|-message|ProR7 forfeited.\n|\n|win|Kammala\n|raw|Kammala's rating: 1370 → 1387<\/strong> (+17 for winning)\n|raw|ProR7's rating: 1325 → 1308<\/strong> (-17 for losing)\n|l|\u2606ProR7\n","uploadtime":1682169887,"views":24,"p1id":"kammala","p2id":"pror7","formatid":"gen9vgc2023regulationc","rating":1308,"private":0,"password":""}