{"id":"gen9vgc2023regulationc-1859006715","p1":"McDubbieEnthusiast","p2":"shikico","format":"[Gen 9] VGC 2023 Regulation C","log":"|j|\u2606McDubbieEnthusiast\n|j|\u2606shikico\n|t:|1683393516\n|gametype|doubles\n|player|p1|McDubbieEnthusiast|waiter-gen4|1492\n|player|p2|shikico|169|1590\n|teamsize|p1|6\n|teamsize|p2|6\n|gen|9\n|tier|[Gen 9] VGC 2023 Regulation C\n|rated|\n|rule|Species Clause: Limit one of each Pok\u00e9mon\n|rule|Item Clause: Limit one of each item\n|clearpoke\n|poke|p1|Tyranitar, L50, M|\n|poke|p1|Garchomp, L50, M|\n|poke|p1|Scream Tail, L50|\n|poke|p1|Corviknight, L50, M|\n|poke|p1|Gholdengo, L50|\n|poke|p1|Dragonite, L50, M|\n|poke|p2|Abomasnow, L50, F|\n|poke|p2|Farigiraf, L50, F|\n|poke|p2|Hawlucha, L50, F|\n|poke|p2|Iron Hands, L50|\n|poke|p2|Iron Bundle, L50|\n|poke|p2|Beartic, L50, F|\n|teampreview|4\n|inactive|Battle timer is ON: inactive players will automatically lose when time's up. (requested by shikico)\n|j| johnnyh719\n|inactive|McDubbieEnthusiast has 60 seconds left.\n|inactive|shikico has 60 seconds left.\n|inactive|McDubbieEnthusiast has 30 seconds left.\n|inactive|shikico has 30 seconds left.\n|\n|t:|1683393582\n|start\n|switch|p1a: Mimic|Gholdengo, L50|100\/100\n|switch|p1b: Brass|Dragonite, L50, M|100\/100\n|switch|p2a: Iron Hands|Iron Hands, L50|100\/100\n|switch|p2b: Beartic|Beartic, L50, F|100\/100\n|turn|1\n|inactive|McDubbieEnthusiast has 30 seconds left.\n|inactive|shikico has 30 seconds left.\n|inactive|McDubbieEnthusiast has 20 seconds left.\n|inactive|shikico has 20 seconds left.\n|inactive|McDubbieEnthusiast has 15 seconds left.\n|inactive|shikico has 15 seconds left.\n|inactive|McDubbieEnthusiast has 10 seconds left.\n|\n|t:|1683393627\n|switch|p1a: Beholder|Scream Tail, L50, shiny|100\/100\n|-enditem|p1a: Beholder|Booster Energy\n|-activate|p1a: Beholder|ability: Protosynthesis|[fromitem]\n|-start|p1a: Beholder|protosynthesisspe\n|-terastallize|p1b: Brass|Flying\n|move|p2b: Beartic|Protect|p2b: Beartic\n|-singleturn|p2b: Beartic|Protect\n|move|p2a: Iron Hands|Fake Out|p1b: Brass\n|-damage|p1b: Brass|84\/100\n|move|p1b: Brass|Tera Blast|p2b: Beartic\n|-activate|p2b: Beartic|move: Protect\n|\n|upkeep\n|turn|2\n|inactive|shikico has 30 seconds left.\n|inactive|McDubbieEnthusiast has 30 seconds left.\n|\n|t:|1683393661\n|move|p1a: Beholder|Encore|p2b: Beartic\n|-start|p2b: Beartic|Encore\n|move|p1b: Brass|Tera Blast|p2a: Iron Hands\n|-damage|p2a: Iron Hands|40\/100\n|move|p2b: Beartic|Protect||[still]\n|-fail|p2b: Beartic\n|move|p2a: Iron Hands|Wild Charge|p1b: Brass\n|-supereffective|p1b: Brass\n|-damage|p1b: Brass|0 fnt\n|faint|p1b: Brass\n|-damage|p2a: Iron Hands|24\/100|[from] Recoil\n|\n|upkeep\n|\n|t:|1683393679\n|switch|p1b: Tarrasque|Tyranitar, L50, M, shiny|100\/100\n|-weather|Sandstorm|[from] ability: Sand Stream|[of] p1b: Tarrasque\n|turn|3\n|inactive|shikico has 30 seconds left.\n|\n|t:|1683393704\n|switch|p2b: Farigiraf|Farigiraf, L50, F|100\/100\n|move|p1a: Beholder|Dazzling Gleam|p2a: Iron Hands|[spread] p2a,p2b\n|-supereffective|p2a: Iron Hands\n|-damage|p2a: Iron Hands|8\/100\n|-damage|p2b: Farigiraf|83\/100\n|move|p1b: Tarrasque|Rock Slide|p2a: Iron Hands|[spread] p2a,p2b\n|-resisted|p2a: Iron Hands\n|-damage|p2a: Iron Hands|0 fnt\n|-damage|p2b: Farigiraf|50\/100\n|faint|p2a: Iron Hands\n|-end|p2a: Iron Hands|Quark Drive|[silent]\n|\n|-weather|Sandstorm|[upkeep]\n|-damage|p1a: Beholder|95\/100|[from] Sandstorm\n|-damage|p2b: Farigiraf|44\/100|[from] Sandstorm\n|upkeep\n|inactive|shikico has 30 seconds left.\n|\n|t:|1683393738\n|switch|p2a: Abomasnow|Abomasnow, L50, F|100\/100\n|-weather|Snow|[from] ability: Snow Warning|[of] p2a: Abomasnow\n|turn|4\n|inactive|shikico has 30 seconds left.\n|inactive|shikico has 20 seconds left.\n|inactive|shikico has 15 seconds left.\n|inactive|shikico has 10 seconds left.\n|\n|t:|1683393785\n|-terastallize|p2a: Abomasnow|Rock\n|move|p2b: Farigiraf|Protect|p2b: Farigiraf\n|-singleturn|p2b: Farigiraf|Protect\n|move|p1a: Beholder|Dazzling Gleam|p2a: Abomasnow|[spread] p2a\n|-activate|p2b: Farigiraf|move: Protect\n|-crit|p2a: Abomasnow\n|-damage|p2a: Abomasnow|75\/100\n|move|p1b: Tarrasque|Rock Slide|p2b: Farigiraf|[spread] \n|-activate|p2b: Farigiraf|move: Protect\n|-miss|p1b: Tarrasque|p2a: Abomasnow\n|move|p2a: Abomasnow|Giga Drain|p1b: Tarrasque\n|-supereffective|p1b: Tarrasque\n|-damage|p1b: Tarrasque|30\/100\n|-heal|p2a: Abomasnow|100\/100|[from] drain|[of] p1b: Tarrasque\n|-enditem|p1b: Tarrasque|Weakness Policy\n|-boost|p1b: Tarrasque|atk|2|[from] item: Weakness Policy\n|-boost|p1b: Tarrasque|spa|2|[from] item: Weakness Policy\n|\n|-weather|Snow|[upkeep]\n|upkeep\n|turn|5\n|\n|t:|1683393807\n|move|p1a: Beholder|Disable|p2a: Abomasnow\n|-start|p2a: Abomasnow|Disable|Giga Drain\n|move|p1b: Tarrasque|Rock Slide|p2b: Farigiraf|[spread] p2a,p2b\n|-damage|p2a: Abomasnow|26\/100\n|-damage|p2b: Farigiraf|0 fnt\n|faint|p2b: Farigiraf\n|move|p2a: Abomasnow|Blizzard|p1b: Tarrasque|[spread] p1a,p1b\n|-damage|p1a: Beholder|72\/100\n|-damage|p1b: Tarrasque|0 fnt\n|-status|p1a: Beholder|frz\n|faint|p1b: Tarrasque\n|\n|-weather|Snow|[upkeep]\n|upkeep\n|\n|t:|1683393819\n|switch|p1b: Mimic|Gholdengo, L50|100\/100\n|switch|p2b: Beartic|Beartic, L50, F|100\/100\n|turn|6\n|inactive|shikico has 30 seconds left.\n|\n|t:|1683393847\n|move|p2b: Beartic|Protect|p2b: Beartic\n|-singleturn|p2b: Beartic|Protect\n|cant|p1a: Beholder|frz\n|move|p1b: Mimic|Make It Rain|p2b: Beartic|[spread] p2a\n|-activate|p2b: Beartic|move: Protect\n|-supereffective|p2a: Abomasnow\n|-damage|p2a: Abomasnow|0 fnt\n|-unboost|p1b: Mimic|spa|1\n|faint|p2a: Abomasnow\n|\n|-weather|Snow|[upkeep]\n|upkeep\n|turn|7\n|\n|t:|1683393860\n|-curestatus|p1a: Beholder|frz|[msg]\n|move|p1a: Beholder|Thunder Wave|p2b: Beartic\n|-status|p2b: Beartic|par\n|move|p1b: Mimic|Make It Rain|p2b: Beartic\n|-supereffective|p2b: Beartic\n|-damage|p2b: Beartic|0 fnt\n|-unboost|p1b: Mimic|spa|1\n|faint|p2b: Beartic\n|\n|win|McDubbieEnthusiast\n|raw|McDubbieEnthusiast's rating: 1492 → 1517<\/strong> (+25 for winning)\n|raw|shikico's rating: 1590 → 1565<\/strong> (-25 for losing)\n|l|\u2606shikico\n","uploadtime":1683393891,"views":13,"p1id":"mcdubbieenthusiast","p2id":"shikico","formatid":"gen9vgc2023regulationc","rating":1517,"private":0,"password":""}