{"id":"gen9vgc2023regulationc-1849498102","p1":"Xepher008","p2":"Houliewho","format":"[Gen 9] VGC 2023 Regulation C","log":"|j|\u2606Xepher008\n|j|\u2606Houliewho\n|t:|1682205582\n|gametype|doubles\n|player|p1|Xepher008|101|1212\n|player|p2|Houliewho|102|1243\n|teamsize|p1|6\n|teamsize|p2|6\n|gen|9\n|tier|[Gen 9] VGC 2023 Regulation C\n|rated|\n|rule|Species Clause: Limit one of each Pok\u00e9mon\n|rule|Item Clause: Limit one of each item\n|clearpoke\n|poke|p1|Flutter Mane, L50|\n|poke|p1|Gastrodon, L50, M|\n|poke|p1|Chi-Yu, L50|\n|poke|p1|Chien-Pao, L50|\n|poke|p1|Dragonite, L50, M|\n|poke|p1|Amoonguss, L50, F|\n|poke|p2|Wo-Chien, L50|\n|poke|p2|Toxapex, L50, M|\n|poke|p2|Flutter Mane, L50|\n|poke|p2|Ting-Lu, L50|\n|poke|p2|Glimmora, L50, F|\n|poke|p2|Chi-Yu, L50|\n|teampreview|4\n|inactive|Battle timer is ON: inactive players will automatically lose when time's up. (requested by Houliewho)\n|inactive|Xepher008 has 60 seconds left.\n|\n|t:|1682205614\n|start\n|switch|p1a: Chi-Yu|Chi-Yu, L50|100\/100\n|switch|p1b: Flutter Mane|Flutter Mane, L50|100\/100\n|switch|p2a: Glimmora|Glimmora, L50, F|100\/100\n|switch|p2b: Toxapex|Toxapex, L50, M|100\/100\n|-ability|p1a: Chi-Yu|Beads of Ruin\n|turn|1\n|inactive|Xepher008 has 30 seconds left.\n|inactive|Houliewho has 30 seconds left.\n|inactive|Xepher008 has 20 seconds left.\n|\n|t:|1682205649\n|-terastallize|p1a: Chi-Yu|Ghost\n|move|p1b: Flutter Mane|Shadow Ball|p2a: Glimmora\n|-damage|p2a: Glimmora|44\/100\n|move|p1a: Chi-Yu|Snarl|p2b: Toxapex|[spread] p2a,p2b\n|-damage|p2a: Glimmora|24\/100\n|-damage|p2b: Toxapex|78\/100\n|-unboost|p2a: Glimmora|spa|1\n|-unboost|p2b: Toxapex|spa|1\n|move|p2a: Glimmora|Mortal Spin|p1a: Chi-Yu|[spread] p1a,p1b\n|-resisted|p1a: Chi-Yu\n|-damage|p1a: Chi-Yu|97\/100\n|-damage|p1b: Flutter Mane|89\/100\n|-status|p1a: Chi-Yu|psn\n|-status|p1b: Flutter Mane|psn\n|move|p2b: Toxapex|Infestation|p1b: Flutter Mane\n|-resisted|p1b: Flutter Mane\n|-damage|p1b: Flutter Mane|88\/100 psn\n|-activate|p1b: Flutter Mane|move: Infestation|[of] p2b: Toxapex\n|\n|-damage|p1b: Flutter Mane|76\/100 psn|[from] psn\n|-damage|p1a: Chi-Yu|85\/100 psn|[from] psn\n|-damage|p1b: Flutter Mane|64\/100 psn|[from] move: Infestation|[partiallytrapped]\n|upkeep\n|turn|2\n|inactive|Xepher008 has 30 seconds left.\n|inactive|Houliewho has 30 seconds left.\n|\n|t:|1682205683\n|move|p1b: Flutter Mane|Shadow Ball|p2a: Glimmora\n|-damage|p2a: Glimmora|0 fnt\n|faint|p2a: Glimmora\n|move|p1a: Chi-Yu|Snarl|p2b: Toxapex\n|-damage|p2b: Toxapex|44\/100\n|-unboost|p2b: Toxapex|spa|1\n|move|p2b: Toxapex|Infestation|p1a: Chi-Yu\n|-resisted|p1a: Chi-Yu\n|-damage|p1a: Chi-Yu|84\/100 psn\n|-activate|p1a: Chi-Yu|move: Infestation|[of] p2b: Toxapex\n|\n|-damage|p1b: Flutter Mane|52\/100 psn|[from] psn\n|-damage|p1a: Chi-Yu|72\/100 psn|[from] psn\n|-damage|p1b: Flutter Mane|39\/100 psn|[from] move: Infestation|[partiallytrapped]\n|-damage|p1a: Chi-Yu|60\/100 psn|[from] move: Infestation|[partiallytrapped]\n|upkeep\n|\n|t:|1682205702\n|switch|p2a: Wo-Chien|Wo-Chien, L50|100\/100\n|-ability|p2a: Wo-Chien|Tablets of Ruin\n|turn|3\n|\n|t:|1682205711\n|move|p2a: Wo-Chien|Protect|p2a: Wo-Chien\n|-singleturn|p2a: Wo-Chien|Protect\n|move|p1b: Flutter Mane|Shadow Ball|p2b: Toxapex\n|-damage|p2b: Toxapex|0 fnt\n|faint|p2b: Toxapex\n|move|p1a: Chi-Yu|Heat Wave|p2a: Wo-Chien\n|-activate|p2a: Wo-Chien|move: Protect\n|\n|-damage|p1b: Flutter Mane|27\/100 psn|[from] psn\n|-damage|p1a: Chi-Yu|48\/100 psn|[from] psn\n|-end|p1b: Flutter Mane|Infestation|[partiallytrapped]|[silent]\n|-end|p1a: Chi-Yu|Infestation|[partiallytrapped]|[silent]\n|upkeep\n|\n|t:|1682205723\n|switch|p2b: Chi-Yu|Chi-Yu, L50|100\/100\n|-ability|p2b: Chi-Yu|Beads of Ruin\n|turn|4\n|\n|t:|1682205736\n|-terastallize|p2a: Wo-Chien|Water\n|move|p1b: Flutter Mane|Shadow Ball|p2b: Chi-Yu\n|-resisted|p2b: Chi-Yu\n|-damage|p2b: Chi-Yu|59\/100\n|move|p1a: Chi-Yu|Heat Wave|p2a: Wo-Chien|[spread] p2a,p2b\n|-resisted|p2a: Wo-Chien\n|-resisted|p2b: Chi-Yu\n|-damage|p2a: Wo-Chien|83\/100\n|-damage|p2b: Chi-Yu|36\/100\n|move|p2b: Chi-Yu|Heat Wave|p1b: Flutter Mane|[spread] p1a,p1b\n|-damage|p1a: Chi-Yu|0 fnt\n|-damage|p1b: Flutter Mane|0 fnt\n|faint|p1a: Chi-Yu\n|faint|p1b: Flutter Mane\n|-end|p1b: Flutter Mane|Protosynthesis|[silent]\n|move|p2a: Wo-Chien|Pollen Puff|p2b: Chi-Yu\n|-heal|p2b: Chi-Yu|86\/100\n|\n|-heal|p2a: Wo-Chien|89\/100|[from] item: Leftovers\n|upkeep\n|\n|t:|1682205757\n|switch|p1b: Chien-Pao|Chien-Pao, L50|100\/100\n|switch|p1a: Dragonite|Dragonite, L50, M|100\/100\n|-ability|p1b: Chien-Pao|Sword of Ruin\n|turn|5\n|\n|t:|1682205781\n|move|p1a: Dragonite|Extreme Speed|p2a: Wo-Chien\n|-damage|p2a: Wo-Chien|50\/100\n|move|p1b: Chien-Pao|Sacred Sword|p2b: Chi-Yu\n|-supereffective|p2b: Chi-Yu\n|-damage|p2b: Chi-Yu|0 fnt\n|faint|p2b: Chi-Yu\n|move|p2a: Wo-Chien|Leech Seed|p1b: Chien-Pao|[miss]\n|-miss|p2a: Wo-Chien|p1b: Chien-Pao\n|\n|-heal|p2a: Wo-Chien|56\/100|[from] item: Leftovers\n|upkeep\n|turn|6\n|-message|Houliewho forfeited.\n|\n|win|Xepher008\n|raw|Xepher008's rating: 1212 → 1239<\/strong> (+27 for winning)\n|raw|Houliewho's rating: 1243 → 1216<\/strong> (-27 for losing)\n|l|\u2606Houliewho\n","uploadtime":1682205801,"views":4,"p1id":"xepher008","p2id":"houliewho","formatid":"gen9vgc2023regulationc","rating":1216,"private":0,"password":""}