{"id":"gen9vgc2023regulationc-1863296786","p1":"FuratBang","p2":"Richweav13","format":"[Gen 9] VGC 2023 Regulation C","log":"|j|\u2606FuratBang\n|j|\u2606Richweav13\n|t:|1683999272\n|gametype|doubles\n|player|p1|FuratBang|crasherwake|\n|player|p2|Richweav13|169|\n|teamsize|p1|6\n|teamsize|p2|6\n|gen|9\n|tier|[Gen 9] VGC 2023 Regulation C\n|rule|Species Clause: Limit one of each Pok\u00e9mon\n|rule|Item Clause: Limit one of each item\n|clearpoke\n|poke|p1|Iron Hands, L50|\n|poke|p1|Tauros-Paldea-Blaze, L50, M|\n|poke|p1|Rotom-Wash, L50|\n|poke|p1|Mimikyu, L50, M|\n|poke|p1|Goodra, L50, F|\n|poke|p1|Impidimp, L50, M|\n|poke|p2|Sandy Shocks, L50|\n|poke|p2|Torkoal, L50, M|\n|poke|p2|Espathra, L50, F|\n|poke|p2|Haxorus, L50, F|\n|poke|p2|Gallade, L50, M|\n|poke|p2|Lilligant, L50, F|\n|teampreview|4\n|c|\u2606Richweav13|g2\n|c|\u2606FuratBang|glhf\n|j| KCXII\n|c|\u2606Richweav13|you too\n|\n|t:|1684000056\n|start\n|switch|p1a: Mimikyu|Mimikyu, L50, M|100\/100\n|switch|p1b: Impidimp|Impidimp, L50, M|100\/100\n|switch|p2a: Espathra|Espathra, L50, F|100\/100\n|switch|p2b: Haxorus|Haxorus, L50, F|100\/100\n|-ability|p2b: Haxorus|Mold Breaker\n|turn|1\n|\n|t:|1684000108\n|-terastallize|p2b: Haxorus|Ghost\n|move|p1b: Impidimp|Fake Out|p2a: Espathra\n|-damage|p2a: Espathra|93\/100\n|move|p2b: Haxorus|Shadow Claw|p1a: Mimikyu\n|-supereffective|p1a: Mimikyu\n|-damage|p1a: Mimikyu|0 fnt\n|faint|p1a: Mimikyu\n|cant|p2a: Espathra|flinch\n|\n|-ability|p2a: Espathra|Speed Boost|boost\n|-boost|p2a: Espathra|spe|1\n|upkeep\n|c|\u2606FuratBang|ah fck i forget ability\n|c|\u2606Richweav13|lol\n|\n|t:|1684000159\n|switch|p1a: Goodra|Goodra, L50, F|100\/100\n|turn|2\n|\n|t:|1684000220\n|move|p1b: Impidimp|Reflect|p1b: Impidimp\n|-sidestart|p1: FuratBang|Reflect\n|move|p2a: Espathra|Dazzling Gleam|p1b: Impidimp|[spread] p1a,p1b\n|-supereffective|p1a: Goodra\n|-supereffective|p1b: Impidimp\n|-damage|p1a: Goodra|78\/100\n|-damage|p1b: Impidimp|65\/100\n|move|p2b: Haxorus|Iron Head|p1b: Impidimp\n|-supereffective|p1b: Impidimp\n|-damage|p1b: Impidimp|0 fnt\n|faint|p1b: Impidimp\n|move|p1a: Goodra|Flamethrower|p2b: Haxorus\n|-damage|p2b: Haxorus|54\/100\n|\n|-heal|p1a: Goodra|84\/100|[from] item: Leftovers\n|-ability|p2a: Espathra|Speed Boost|boost\n|-boost|p2a: Espathra|spe|1\n|upkeep\n|\n|t:|1684000236\n|switch|p1b: Iron Hands|Iron Hands, L50|100\/100\n|turn|3\n|\n|t:|1684000352\n|move|p2a: Espathra|Protect|p2a: Espathra\n|-singleturn|p2a: Espathra|Protect\n|move|p1b: Iron Hands|Fake Out|p2a: Espathra\n|-activate|p2a: Espathra|move: Protect\n|move|p2b: Haxorus|Shadow Claw|p1b: Iron Hands\n|-damage|p1b: Iron Hands|82\/100\n|move|p1a: Goodra|Hydro Pump|p2b: Haxorus|[miss]\n|-miss|p1a: Goodra|p2b: Haxorus\n|\n|-heal|p1a: Goodra|90\/100|[from] item: Leftovers\n|-ability|p2a: Espathra|Speed Boost|boost\n|-boost|p2a: Espathra|spe|1\n|upkeep\n|turn|4\n|\n|t:|1684000455\n|-terastallize|p1a: Goodra|Fairy\n|move|p2a: Espathra|Lumina Crash|p1b: Iron Hands\n|-supereffective|p1b: Iron Hands\n|-damage|p1b: Iron Hands|34\/100\n|-unboost|p1b: Iron Hands|spd|2\n|move|p2b: Haxorus|Dragon Claw|p1a: Goodra\n|-immune|p1a: Goodra\n|move|p1a: Goodra|Hydro Pump|p2b: Haxorus|[miss]\n|-miss|p1a: Goodra|p2b: Haxorus\n|move|p1b: Iron Hands|Stomping Tantrum|p2a: Espathra\n|-damage|p2a: Espathra|43\/100\n|\n|-heal|p1a: Goodra|96\/100|[from] item: Leftovers\n|-ability|p2a: Espathra|Speed Boost|boost\n|-boost|p2a: Espathra|spe|1\n|upkeep\n|turn|5\n|c|\u2606FuratBang|bruh\n|\n|t:|1684000494\n|move|p2a: Espathra|Lumina Crash|p1b: Iron Hands\n|-supereffective|p1b: Iron Hands\n|-crit|p1b: Iron Hands\n|-damage|p1b: Iron Hands|0 fnt\n|faint|p1b: Iron Hands\n|-end|p1b: Iron Hands|Quark Drive|[silent]\n|move|p2b: Haxorus|Iron Head|p1a: Goodra\n|-supereffective|p1a: Goodra\n|-damage|p1a: Goodra|33\/100\n|cant|p1a: Goodra|flinch\n|\n|-heal|p1a: Goodra|39\/100|[from] item: Leftovers\n|-ability|p2a: Espathra|Speed Boost|boost\n|-boost|p2a: Espathra|spe|1\n|upkeep\n|turn|6\n|c|\u2606Richweav13|wow\n|c|\u2606FuratBang|...\n|\n|t:|1684000512\n|move|p2a: Espathra|Flash Cannon|p1a: Goodra\n|-supereffective|p1a: Goodra\n|-damage|p1a: Goodra|6\/100\n|move|p2b: Haxorus|Iron Head|p1a: Goodra\n|-supereffective|p1a: Goodra\n|-damage|p1a: Goodra|0 fnt\n|faint|p1a: Goodra\n|\n|win|Richweav13\n|c|\u2606Richweav13|gg\n|c|\u2606FuratBang|gg\n|l| KCXII\n|j| j4ce\n|l| j4ce\n","uploadtime":1684001578,"views":16,"p1id":"furatbang","p2id":"richweav13","formatid":"gen9vgc2023regulationc","rating":0,"private":0,"password":""}