{"id":"gen9vgc2023regulationc-1852401883","p1":"sandrin16","p2":"Bruneiiiii","format":"[Gen 9] VGC 2023 Regulation C","log":"|j|\u2606sandrin16\n|j|\u2606Bruneiiiii\n|t:|1682553145\n|gametype|doubles\n|player|p1|sandrin16|pokemaniac|\n|player|p2|Bruneiiiii|veteran|\n|teamsize|p1|6\n|teamsize|p2|6\n|gen|9\n|tier|[Gen 9] VGC 2023 Regulation C\n|rule|Species Clause: Limit one of each Pok\u00e9mon\n|rule|Item Clause: Limit one of each item\n|clearpoke\n|poke|p1|Flutter Mane, L50|\n|poke|p1|Dondozo, L50, F|\n|poke|p1|Scovillain, L50, F|\n|poke|p1|Tatsugiri-Droopy, L50, F|\n|poke|p1|Glimmora, L50, F|\n|poke|p1|Gyarados, L50, F|\n|poke|p2|Garganacl, L50, F|\n|poke|p2|Maushold, L50|\n|poke|p2|Brute Bonnet, L50|\n|poke|p2|Hatterene, L50, F|\n|poke|p2|Baxcalibur, L50, M|\n|poke|p2|Kingambit, L50, F|\n|teampreview|4\n|\n|t:|1682553177\n|start\n|switch|p1a: Flutter Mane|Flutter Mane, L50|100\/100\n|switch|p1b: Gyarados|Gyarados, L50, F|100\/100\n|switch|p2a: Baxcalibur|Baxcalibur, L50, M, shiny|100\/100\n|switch|p2b: Hatterene|Hatterene, L50, F, shiny|100\/100\n|-ability|p1b: Gyarados|Intimidate|boost\n|-unboost|p2a: Baxcalibur|atk|1\n|-unboost|p2b: Hatterene|atk|1\n|-enditem|p1a: Flutter Mane|Booster Energy\n|-activate|p1a: Flutter Mane|ability: Protosynthesis|[fromitem]\n|-start|p1a: Flutter Mane|protosynthesisspa\n|turn|1\n|j| frankeke\n|\n|t:|1682553217\n|move|p2b: Hatterene|Protect|p2b: Hatterene\n|-singleturn|p2b: Hatterene|Protect\n|move|p1a: Flutter Mane|Moonblast|p2a: Baxcalibur\n|-supereffective|p2a: Baxcalibur\n|-damage|p2a: Baxcalibur|0 fnt\n|faint|p2a: Baxcalibur\n|move|p1b: Gyarados|Iron Head|p2b: Hatterene\n|-activate|p2b: Hatterene|move: Protect\n|\n|upkeep\n|\n|t:|1682553226\n|switch|p2a: Kingambit|Kingambit, L50, F|100\/100\n|turn|2\n|\n|t:|1682553248\n|move|p1a: Flutter Mane|Mystical Fire|p2a: Kingambit\n|-supereffective|p2a: Kingambit\n|-damage|p2a: Kingambit|45\/100\n|-unboost|p2a: Kingambit|spa|1\n|-ability|p2a: Kingambit|Defiant|boost\n|-boost|p2a: Kingambit|atk|2\n|move|p1b: Gyarados|Dragon Dance|p1b: Gyarados\n|-boost|p1b: Gyarados|atk|1\n|-boost|p1b: Gyarados|spe|1\n|move|p2a: Kingambit|Kowtow Cleave|p1a: Flutter Mane\n|-damage|p1a: Flutter Mane|0 fnt\n|faint|p1a: Flutter Mane\n|-end|p1a: Flutter Mane|Protosynthesis|[silent]\n|move|p2b: Hatterene|Trick Room|p2b: Hatterene\n|-fieldstart|move: Trick Room|[of] p2b: Hatterene\n|\n|upkeep\n|\n|t:|1682553278\n|switch|p1a: Dondozo|Dondozo, L50, F|100\/100\n|turn|3\n|\n|t:|1682553307\n|-terastallize|p2a: Kingambit|Ghost\n|move|p1a: Dondozo|Protect|p1a: Dondozo\n|-singleturn|p1a: Dondozo|Protect\n|move|p2b: Hatterene|Dazzling Gleam|p1a: Dondozo|[spread] p1b\n|-activate|p1a: Dondozo|move: Protect\n|-crit|p1b: Gyarados\n|-damage|p1b: Gyarados|39\/100\n|-enditem|p1b: Gyarados|Sitrus Berry|[eat]\n|-heal|p1b: Gyarados|64\/100|[from] item: Sitrus Berry\n|move|p2a: Kingambit|Iron Head|p1b: Gyarados\n|-resisted|p1b: Gyarados\n|-damage|p1b: Gyarados|4\/100\n|move|p1b: Gyarados|Iron Head|p2b: Hatterene\n|-supereffective|p2b: Hatterene\n|-damage|p2b: Hatterene|11\/100\n|\n|upkeep\n|turn|4\n|\n|t:|1682553379\n|move|p2b: Hatterene|Dazzling Gleam|p1a: Dondozo|[spread] p1a,p1b\n|-damage|p1a: Dondozo|65\/100\n|-damage|p1b: Gyarados|0 fnt\n|faint|p1b: Gyarados\n|move|p1a: Dondozo|Liquidation|p2a: Kingambit\n|-damage|p2a: Kingambit|22\/100\n|move|p2a: Kingambit|Iron Head|p1a: Dondozo\n|-resisted|p1a: Dondozo\n|-damage|p1a: Dondozo|53\/100\n|\n|-heal|p1a: Dondozo|60\/100|[from] item: Leftovers\n|upkeep\n|\n|t:|1682553390\n|switch|p1b: Tatsugiri|Tatsugiri-Droopy, L50, F|100\/100\n|-activate|p1b: Tatsugiri|ability: Commander|[of] p1a: Dondozo\n|-boost|p1a: Dondozo|atk|2\n|-boost|p1a: Dondozo|spa|2\n|-boost|p1a: Dondozo|spe|2\n|-boost|p1a: Dondozo|def|2\n|-boost|p1a: Dondozo|spd|2\n|turn|5\n|\n|t:|1682553427\n|-terastallize|p1a: Dondozo|Grass\n|move|p2b: Hatterene|Dazzling Gleam|p1b: Tatsugiri|[spread] p1a\n|-miss|p2b: Hatterene|p1b: Tatsugiri\n|-damage|p1a: Dondozo|40\/100\n|move|p2a: Kingambit|Kowtow Cleave|p1a: Dondozo\n|-damage|p1a: Dondozo|28\/100\n|move|p1a: Dondozo|Liquidation|p2b: Hatterene\n|-crit|p2b: Hatterene\n|-damage|p2b: Hatterene|0 fnt\n|faint|p2b: Hatterene\n|\n|-heal|p1a: Dondozo|34\/100|[from] item: Leftovers\n|upkeep\n|\n|t:|1682553440\n|switch|p2b: Garganacl|Garganacl, L50, F, shiny|100\/100\n|turn|6\n|\n|t:|1682553460\n|move|p1a: Dondozo|Protect|p1a: Dondozo\n|-singleturn|p1a: Dondozo|Protect\n|move|p2b: Garganacl|Salt Cure|p1a: Dondozo\n|-activate|p1a: Dondozo|move: Protect\n|move|p2a: Kingambit|Iron Head|p1a: Dondozo\n|-activate|p1a: Dondozo|move: Protect\n|\n|-heal|p1a: Dondozo|41\/100|[from] item: Leftovers\n|-fieldend|move: Trick Room\n|upkeep\n|turn|7\n|\n|t:|1682553502\n|move|p1a: Dondozo|Liquidation|p2b: Garganacl\n|-supereffective|p2b: Garganacl\n|-crit|p2b: Garganacl\n|-damage|p2b: Garganacl|0 fnt\n|faint|p2b: Garganacl\n|move|p2a: Kingambit|Iron Head|p1a: Dondozo\n|-damage|p1a: Dondozo|30\/100\n|\n|-heal|p1a: Dondozo|36\/100|[from] item: Leftovers\n|upkeep\n|turn|8\n|\n|t:|1682553513\n|move|p1a: Dondozo|Protect|p1a: Dondozo\n|-singleturn|p1a: Dondozo|Protect\n|move|p2a: Kingambit|Brick Break|p1a: Dondozo\n|-activate|p1a: Dondozo|move: Protect\n|\n|-heal|p1a: Dondozo|43\/100|[from] item: Leftovers\n|upkeep\n|turn|9\n|\n|t:|1682553522\n|move|p2a: Kingambit|Sucker Punch||[still]\n|-fail|p2a: Kingambit\n|move|p1a: Dondozo|Yawn|p2a: Kingambit\n|-start|p2a: Kingambit|move: Yawn|[of] p1a: Dondozo\n|\n|-heal|p1a: Dondozo|49\/100|[from] item: Leftovers\n|upkeep\n|turn|10\n|\n|t:|1682553530\n|move|p1a: Dondozo|Protect|p1a: Dondozo\n|-singleturn|p1a: Dondozo|Protect\n|move|p2a: Kingambit|Sucker Punch||[still]\n|-fail|p2a: Kingambit\n|\n|-heal|p1a: Dondozo|55\/100|[from] item: Leftovers\n|-end|p2a: Kingambit|move: Yawn|[silent]\n|-status|p2a: Kingambit|slp\n|upkeep\n|turn|11\n|\n|t:|1682553542\n|move|p1a: Dondozo|Liquidation|p2a: Kingambit\n|-damage|p2a: Kingambit|0 fnt\n|faint|p2a: Kingambit\n|\n|win|sandrin16\n|l|\u2606Bruneiiiii\n","uploadtime":1682553560,"views":9,"p1id":"sandrin16","p2id":"bruneiiiii","formatid":"gen9vgc2023regulationc","rating":0,"private":0,"password":""}