{"id":"gen9vgc2023regulationc-1848577668","p1":"inertiac","p2":"sauceconnoisseur","format":"[Gen 9] VGC 2023 Regulation C","log":"|j|\u2606inertiac\n|j|\u2606sauceconnoisseur\n|t:|1682091504\n|gametype|doubles\n|player|p1|inertiac|1|1277\n|player|p2|sauceconnoisseur|swimmer|1387\n|teamsize|p1|6\n|teamsize|p2|6\n|gen|9\n|tier|[Gen 9] VGC 2023 Regulation C\n|rated|\n|rule|Species Clause: Limit one of each Pok\u00e9mon\n|rule|Item Clause: Limit one of each item\n|clearpoke\n|poke|p1|Annihilape, L50, M|\n|poke|p1|Maushold, L50|\n|poke|p1|Chien-Pao, L50|\n|poke|p1|Dragonite, L50, M|\n|poke|p1|Ting-Lu, L50|\n|poke|p1|Gyarados, L50, F|\n|poke|p2|Maushold, L50|\n|poke|p2|Annihilape, L50, F|\n|poke|p2|Amoonguss, L50, M|\n|poke|p2|Flutter Mane, L50|\n|poke|p2|Talonflame, L50, M|\n|poke|p2|Palafin, L50, M|\n|teampreview|4\n|inactive|Battle timer is ON: inactive players will automatically lose when time's up. (requested by inertiac)\nsauceconnoisseur has agreed to open team sheets.\n|inactive|inertiac has 60 seconds left.\n|inactive|sauceconnoisseur has 60 seconds left.\n|\n|t:|1682091556\n|start\n|switch|p1a: Chien-Pao|Chien-Pao, L50|100\/100\n|switch|p1b: Dragonite|Dragonite, L50, M|100\/100\n|switch|p2a: Amoonguss|Amoonguss, L50, M|100\/100\n|switch|p2b: Talonflame|Talonflame, L50, M|100\/100\n|-ability|p1a: Chien-Pao|Sword of Ruin\n|turn|1\n|\n|t:|1682091581\n|move|p2a: Amoonguss|Protect|p2a: Amoonguss\n|-singleturn|p2a: Amoonguss|Protect\n|move|p1b: Dragonite|Extreme Speed|p2a: Amoonguss\n|-activate|p2a: Amoonguss|move: Protect\n|move|p1a: Chien-Pao|Ice Spinner|p2a: Amoonguss\n|-activate|p2a: Amoonguss|move: Protect\n|move|p2b: Talonflame|Will-O-Wisp|p1b: Dragonite\n|-status|p1b: Dragonite|brn\n|-enditem|p1b: Dragonite|Lum Berry|[eat]\n|-curestatus|p1b: Dragonite|brn|[msg]\n|\n|upkeep\n|turn|2\n|\n|t:|1682091608\n|switch|p2a: Ape 2.0|Annihilape, L50, F|100\/100\n|move|p1b: Dragonite|Extreme Speed|p2b: Talonflame\n|-damage|p2b: Talonflame|56\/100\n|move|p1a: Chien-Pao|Ice Spinner|p2a: Ape 2.0\n|-damage|p2a: Ape 2.0|51\/100\n|move|p2b: Talonflame|Tailwind|p2b: Talonflame\n|-sidestart|p2: sauceconnoisseur|move: Tailwind\n|\n|-heal|p2a: Ape 2.0|57\/100|[from] item: Leftovers\n|upkeep\n|turn|3\n|\n|t:|1682091630\n|move|p2a: Ape 2.0|Protect|p2a: Ape 2.0\n|-singleturn|p2a: Ape 2.0|Protect\n|move|p1b: Dragonite|Extreme Speed|p2b: Talonflame\n|-damage|p2b: Talonflame|12\/100\n|move|p2b: Talonflame|Will-O-Wisp|p1b: Dragonite\n|-status|p1b: Dragonite|brn\n|move|p1a: Chien-Pao|Ice Spinner|p2b: Talonflame\n|-damage|p2b: Talonflame|0 fnt\n|faint|p2b: Talonflame\n|\n|-heal|p2a: Ape 2.0|63\/100|[from] item: Leftovers\n|-damage|p1b: Dragonite|95\/100 brn|[from] brn\n|upkeep\n|\n|t:|1682091639\n|switch|p2b: Maushold|Maushold, L50|100\/100\n|turn|4\n|\n|t:|1682091646\n|move|p2b: Maushold|Beat Up|p2a: Ape 2.0\n|-damage|p2a: Ape 2.0|60\/100\n|-damage|p2a: Ape 2.0|59\/100\n|-damage|p2a: Ape 2.0|56\/100\n|-hitcount|p2a: Ape 2.0|3\n|move|p2a: Ape 2.0|Rage Fist|p1b: Dragonite\n|-crit|p1b: Dragonite\n|-damage|p1b: Dragonite|0 fnt\n|faint|p1b: Dragonite\n|move|p1a: Chien-Pao|Ice Spinner|p2b: Maushold\n|-damage|p2b: Maushold|42\/100\n|\n|-heal|p2a: Ape 2.0|62\/100|[from] item: Leftovers\n|upkeep\n|\n|t:|1682091656\n|switch|p1b: Annihilape|Annihilape, L50, M|100\/100\n|turn|5\n|inactive|inertiac has 30 seconds left.\n|\n|t:|1682091683\n|-terastallize|p2b: Maushold|Ghost\n|-terastallize|p1a: Chien-Pao|Ghost\n|move|p2b: Maushold|Follow Me|p2b: Maushold\n|-singleturn|p2b: Maushold|move: Follow Me\n|move|p1a: Chien-Pao|Sucker Punch||[still]\n|-fail|p1a: Chien-Pao\n|move|p2a: Ape 2.0|Rage Fist|p1b: Annihilape\n|-supereffective|p1b: Annihilape\n|-crit|p1b: Annihilape\n|-damage|p1b: Annihilape|0 fnt\n|faint|p1b: Annihilape\n|\n|-heal|p2a: Ape 2.0|68\/100|[from] item: Leftovers\n|-sideend|p2: sauceconnoisseur|move: Tailwind\n|upkeep\n|-message|inertiac forfeited.\n|\n|win|sauceconnoisseur\n|raw|inertiac's rating: 1277 → 1260<\/strong> (-17 for losing)\n|raw|sauceconnoisseur's rating: 1387 → 1401<\/strong> (+14 for winning)\n|l|\u2606inertiac\n","uploadtime":1682091694,"views":10,"p1id":"inertiac","p2id":"sauceconnoisseur","formatid":"gen9vgc2023regulationc","rating":1260,"private":0,"password":""}