{"id":"gen9vgc2023regulationc-1859534241","p1":"gEBEMBA","p2":"ethan06","format":"[Gen 9] VGC 2023 Regulation C","log":"|j|\u2606gEBEMBA\n|j|\u2606ethan06\n|t:|1683537288\n|gametype|doubles\n|player|p1|gEBEMBA|101|\n|player|p2|ethan06|ninjaboy|\n|teamsize|p1|6\n|teamsize|p2|6\n|gen|9\n|tier|[Gen 9] VGC 2023 Regulation C\n|rule|Species Clause: Limit one of each Pok\u00e9mon\n|rule|Item Clause: Limit one of each item\n|clearpoke\n|poke|p1|Slaking, L50, F|\n|poke|p1|Grafaiai, L50, M|\n|poke|p1|Wo-Chien, L50|\n|poke|p1|Flutter Mane, L50|\n|poke|p1|Chi-Yu, L50|\n|poke|p1|Talonflame, L50, F|\n|poke|p2|Dondozo, L50, M|\n|poke|p2|Tatsugiri-Droopy, L50, F|\n|poke|p2|Amoonguss, L50, F|\n|poke|p2|Ting-Lu, L50|\n|poke|p2|Gallade, L50, M|\n|poke|p2|Bellibolt, L50, M|\n|teampreview|4\n|inactive|Battle timer is ON: inactive players will automatically lose when time's up. (requested by gEBEMBA)\ngEBEMBA has agreed to open team sheets.\nethan06 has agreed to open team sheets.\n|inactive|gEBEMBA has 60 seconds left.\n|inactive|ethan06 has 60 seconds left.\n|inactive|gEBEMBA has 30 seconds left.\n|inactive|gEBEMBA has 20 seconds left.\n|\n|t:|1683537364\n|start\n|switch|p1a: Wo-Chien|Wo-Chien, L50|100\/100\n|switch|p1b: Chi-Yu|Chi-Yu, L50|100\/100\n|switch|p2a: Gallade|Gallade, L50, M|100\/100\n|switch|p2b: Dondozo|Dondozo, L50, M|100\/100\n|-ability|p1b: Chi-Yu|Beads of Ruin\n|-ability|p1a: Wo-Chien|Tablets of Ruin\n|turn|1\n|inactive|gEBEMBA has 30 seconds left.\n|inactive|ethan06 has 30 seconds left.\n|inactive|gEBEMBA has 20 seconds left.\n|inactive|gEBEMBA has 15 seconds left.\n|\n|t:|1683537409\n|switch|p2b: Ting-Lu|Ting-Lu, L50|100\/100\n|-ability|p2b: Ting-Lu|Vessel of Ruin\n|-terastallize|p2a: Gallade|Fire\n|move|p1b: Chi-Yu|Protect|p1b: Chi-Yu\n|-singleturn|p1b: Chi-Yu|Protect\n|move|p2a: Gallade|Sacred Sword|p1b: Chi-Yu\n|-activate|p1b: Chi-Yu|move: Protect\n|move|p1a: Wo-Chien|Giga Drain|p2b: Ting-Lu\n|-supereffective|p2b: Ting-Lu\n|-damage|p2b: Ting-Lu|75\/100\n|\n|upkeep\n|turn|2\n|inactive|gEBEMBA has 30 seconds left.\n|\n|t:|1683537435\n|move|p1b: Chi-Yu|Overheat|p2b: Ting-Lu\n|-damage|p2b: Ting-Lu|31\/100\n|-unboost|p1b: Chi-Yu|spa|2\n|move|p2a: Gallade|Sacred Sword|p1b: Chi-Yu\n|-supereffective|p1b: Chi-Yu\n|-damage|p1b: Chi-Yu|0 fnt\n|faint|p1b: Chi-Yu\n|move|p1a: Wo-Chien|Leech Seed|p2a: Gallade\n|-start|p2a: Gallade|move: Leech Seed\n|move|p2b: Ting-Lu|Ruination|p1a: Wo-Chien\n|-damage|p1a: Wo-Chien|50\/100\n|\n|-heal|p1a: Wo-Chien|57\/100|[from] item: Leftovers\n|-damage|p2a: Gallade|88\/100|[from] Leech Seed|[of] p1a: Wo-Chien\n|-heal|p1a: Wo-Chien|68\/100|[silent]\n|upkeep\n|\n|t:|1683537453\n|switch|p1b: Slaking|Slaking, L50, F|100\/100\n|turn|3\n|inactive|gEBEMBA has 30 seconds left.\n|\n|t:|1683537487\n|switch|p2a: Dondozo|Dondozo, L50, M|100\/100\n|move|p1a: Wo-Chien|Protect|p1a: Wo-Chien\n|-singleturn|p1a: Wo-Chien|Protect\n|move|p1b: Slaking|Play Rough|p2b: Ting-Lu\n|-supereffective|p2b: Ting-Lu\n|-damage|p2b: Ting-Lu|0 fnt\n|faint|p2b: Ting-Lu\n|\n|-heal|p1a: Wo-Chien|74\/100|[from] item: Leftovers\n|upkeep\n|\n|t:|1683537497\n|switch|p2b: Tatsugiri|Tatsugiri-Droopy, L50, F|100\/100\n|-activate|p2b: Tatsugiri|ability: Commander|[of] p2a: Dondozo\n|-boost|p2a: Dondozo|atk|2\n|-boost|p2a: Dondozo|spa|2\n|-boost|p2a: Dondozo|spe|2\n|-boost|p2a: Dondozo|def|2\n|-boost|p2a: Dondozo|spd|2\n|turn|4\n|\n|t:|1683537511\n|switch|p1b: Grafaiai|Grafaiai, L50, M|100\/100\n|move|p2a: Dondozo|Body Press|p1a: Wo-Chien\n|-supereffective|p1a: Wo-Chien\n|-damage|p1a: Wo-Chien|12\/100\n|move|p1a: Wo-Chien|Leech Seed|p2a: Dondozo\n|-start|p2a: Dondozo|move: Leech Seed\n|\n|-heal|p1a: Wo-Chien|19\/100|[from] item: Leftovers\n|-damage|p2a: Dondozo|88\/100|[from] Leech Seed|[of] p1a: Wo-Chien\n|-heal|p1a: Wo-Chien|35\/100|[silent]\n|upkeep\n|turn|5\n|\n|t:|1683537526\n|move|p1a: Wo-Chien|Protect|p1a: Wo-Chien\n|-singleturn|p1a: Wo-Chien|Protect\n|move|p1b: Grafaiai|Doodle|p2a: Dondozo\n|-endability|p1a: Wo-Chien|Tablets of Ruin|[from] move: Doodle\n|-ability|p1a: Wo-Chien|Unaware|[from] move: Doodle\n|-endability|p1b: Grafaiai|Prankster|[from] move: Doodle\n|-ability|p1b: Grafaiai|Unaware|[from] move: Doodle\n|move|p2a: Dondozo|Body Press|p1a: Wo-Chien\n|-activate|p1a: Wo-Chien|move: Protect\n|\n|-heal|p1a: Wo-Chien|42\/100|[from] item: Leftovers\n|-damage|p2a: Dondozo|76\/100|[from] Leech Seed|[of] p1a: Wo-Chien\n|-heal|p1a: Wo-Chien|58\/100|[silent]\n|upkeep\n|turn|6\n|inactive|gEBEMBA has 30 seconds left.\n|\n|t:|1683537557\n|move|p1b: Grafaiai|Knock Off|p2a: Dondozo\n|-damage|p2a: Dondozo|60\/100\n|-enditem|p2a: Dondozo|Chesto Berry|[from] move: Knock Off|[of] p1b: Grafaiai\n|move|p2a: Dondozo|Body Press|p1a: Wo-Chien\n|-supereffective|p1a: Wo-Chien\n|-damage|p1a: Wo-Chien|19\/100\n|move|p1a: Wo-Chien|Giga Drain|p2a: Dondozo\n|-supereffective|p2a: Dondozo\n|-damage|p2a: Dondozo|25\/100\n|-heal|p1a: Wo-Chien|42\/100|[from] drain|[of] p2a: Dondozo\n|\n|-heal|p1a: Wo-Chien|48\/100|[from] item: Leftovers\n|-damage|p2a: Dondozo|12\/100|[from] Leech Seed|[of] p1a: Wo-Chien\n|-heal|p1a: Wo-Chien|65\/100|[silent]\n|upkeep\n|turn|7\n|inactive|gEBEMBA has 30 seconds left.\n|\n|t:|1683537583\n|switch|p1a: Slaking|Slaking, L50, F|100\/100\n|move|p1b: Grafaiai|Doodle|p2a: Dondozo\n|-endability|p1a: Slaking|Truant|[from] move: Doodle\n|-ability|p1a: Slaking|Unaware|[from] move: Doodle\n|move|p2a: Dondozo|Body Press|p1b: Grafaiai\n|-damage|p1b: Grafaiai|62\/100\n|\n|-damage|p2a: Dondozo|0 fnt|[from] Leech Seed|[of] p1a: Slaking\n|faint|p2a: Dondozo\n|upkeep\n|\n|t:|1683537592\n|switch|p2a: Gallade|Gallade, L50, M, tera:Fire|88\/100\n|turn|8\n|\n|t:|1683537615\n|move|p1a: Slaking|Sucker Punch|p2a: Gallade\n|-damage|p2a: Gallade|40\/100\n|move|p2b: Tatsugiri|Muddy Water|p1b: Grafaiai|[spread] p1a,p1b\n|-damage|p1a: Slaking|78\/100\n|-damage|p1b: Grafaiai|3\/100\n|-unboost|p1a: Slaking|accuracy|1\n|move|p1b: Grafaiai|Poison Jab|p2a: Gallade\n|-damage|p2a: Gallade|0 fnt\n|faint|p2a: Gallade\n|\n|upkeep\n|turn|9\n|\n|t:|1683537634\n|switch|p1a: Wo-Chien|Wo-Chien, L50|65\/100\n|-ability|p1a: Wo-Chien|Tablets of Ruin\n|move|p2b: Tatsugiri|Muddy Water|p1a: Wo-Chien|[spread] p1a,p1b\n|-resisted|p1a: Wo-Chien\n|-damage|p1a: Wo-Chien|56\/100\n|-damage|p1b: Grafaiai|0 fnt\n|faint|p1b: Grafaiai\n|\n|-heal|p1a: Wo-Chien|62\/100|[from] item: Leftovers\n|upkeep\n|\n|t:|1683537637\n|switch|p1b: Slaking|Slaking, L50, F|78\/100\n|turn|10\n|\n|t:|1683537646\n|move|p1b: Slaking|Sucker Punch|p2b: Tatsugiri\n|-damage|p2b: Tatsugiri|55\/100\n|move|p2b: Tatsugiri|Muddy Water|p1a: Wo-Chien|[spread] p1a,p1b\n|-resisted|p1a: Wo-Chien\n|-damage|p1a: Wo-Chien|53\/100\n|-damage|p1b: Slaking|56\/100\n|move|p1a: Wo-Chien|Giga Drain|p2b: Tatsugiri\n|-damage|p2b: Tatsugiri|23\/100\n|-heal|p1a: Wo-Chien|65\/100|[from] drain|[of] p2b: Tatsugiri\n|\n|-heal|p1a: Wo-Chien|71\/100|[from] item: Leftovers\n|upkeep\n|turn|11\n|\n|t:|1683537656\n|cant|p1b: Slaking|ability: Truant\n|move|p2b: Tatsugiri|Muddy Water|p1b: Slaking|[spread] p1a,p1b\n|-resisted|p1a: Wo-Chien\n|-damage|p1a: Wo-Chien|62\/100\n|-damage|p1b: Slaking|34\/100\n|-unboost|p1b: Slaking|accuracy|1\n|move|p1a: Wo-Chien|Giga Drain|p2b: Tatsugiri\n|-damage|p2b: Tatsugiri|0 fnt\n|-heal|p1a: Wo-Chien|71\/100|[from] drain|[of] p2b: Tatsugiri\n|faint|p2b: Tatsugiri\n|\n|win|gEBEMBA\n","uploadtime":1683537661,"views":13,"p1id":"gebemba","p2id":"ethan06","formatid":"gen9vgc2023regulationc","rating":0,"private":0,"password":""}