{"id":"gen9vgc2023regulationc-1854251216","p1":"Turnips-suck","p2":"LordGig","format":"[Gen 9] VGC 2023 Regulation C","log":"|j|\u2606Turnips-suck\n|j|\u2606LordGig\n|t:|1682788707\n|gametype|doubles\n|player|p1|Turnips-suck|elesa|\n|player|p2|LordGig|colress|\n|teamsize|p1|6\n|teamsize|p2|6\n|gen|9\n|tier|[Gen 9] VGC 2023 Regulation C\n|rule|Species Clause: Limit one of each Pok\u00e9mon\n|rule|Item Clause: Limit one of each item\n|clearpoke\n|poke|p1|Flutter Mane, L50|\n|poke|p1|Tauros-Paldea-Blaze, L50, M|\n|poke|p1|Gyarados, L50, M|\n|poke|p1|Ting-Lu, L50|\n|poke|p1|Appletun, L50, F|\n|poke|p1|Pachirisu, L50, M|\n|poke|p2|Cloyster, L50, M|\n|poke|p2|Iron Jugulis, L50|\n|poke|p2|Quaquaval, L50, F|\n|poke|p2|Gholdengo, L50|\n|poke|p2|Donphan, L50, M|\n|poke|p2|Primeape, L50, F|\n|teampreview|4\n|inactive|Battle timer is ON: inactive players will automatically lose when time's up. (requested by Turnips-suck)\n|inactiveoff|Battle timer is now OFF.\n|c|\u2606Turnips-suck|glhf 2\n|\n|t:|1682788730\n|start\n|switch|p1a: Champ|Pachirisu, L50, M|100\/100\n|switch|p1b: One Hit Wonder|Flutter Mane, L50|100\/100\n|switch|p2a: Juggy B (Rapper)|Iron Jugulis, L50|100\/100\n|switch|p2b: Paul|Donphan, L50, M, shiny|100\/100\n|-enditem|p2a: Juggy B (Rapper)|Booster Energy\n|-activate|p2a: Juggy B (Rapper)|ability: Quark Drive|[fromitem]\n|-start|p2a: Juggy B (Rapper)|quarkdrivespe\n|turn|1\n|\n|t:|1682788743\n|move|p1a: Champ|Baby-Doll Eyes|p2b: Paul\n|-unboost|p2b: Paul|atk|1\n|move|p1b: One Hit Wonder|Moonblast|p2a: Juggy B (Rapper)\n|-supereffective|p2a: Juggy B (Rapper)\n|-damage|p2a: Juggy B (Rapper)|19\/100\n|move|p2a: Juggy B (Rapper)|Tailwind|p2a: Juggy B (Rapper)\n|-sidestart|p2: LordGig|move: Tailwind\n|move|p2b: Paul|High Horsepower|p1a: Champ\n|-supereffective|p1a: Champ\n|-enditem|p1a: Champ|Focus Sash\n|-damage|p1a: Champ|1\/100\n|\n|upkeep\n|turn|2\n|\n|t:|1682788798\n|-end|p2a: Juggy B (Rapper)|Quark Drive|[silent]\n|switch|p2a: Zuumba Instructor|Quaquaval, L50, F|100\/100\n|move|p1a: Champ|Follow Me|p1a: Champ\n|-singleturn|p1a: Champ|move: Follow Me\n|move|p1b: One Hit Wonder|Moonblast|p2a: Zuumba Instructor\n|-supereffective|p2a: Zuumba Instructor\n|-damage|p2a: Zuumba Instructor|0 fnt\n|faint|p2a: Zuumba Instructor\n|move|p2b: Paul|High Horsepower|p1a: Champ\n|-supereffective|p1a: Champ\n|-damage|p1a: Champ|0 fnt\n|faint|p1a: Champ\n|\n|upkeep\n|\n|t:|1682788809\n|switch|p1a: Guillermo|Tauros-Paldea-Blaze, L50, M|100\/100\n|switch|p2a: Abit Bana Wilkin|Cloyster, L50, M|100\/100\n|-ability|p1a: Guillermo|Intimidate|boost\n|-unboost|p2a: Abit Bana Wilkin|atk|1\n|-unboost|p2b: Paul|atk|1\n|turn|3\n|\n|t:|1682788822\n|move|p1b: One Hit Wonder|Moonblast|p2a: Abit Bana Wilkin\n|-enditem|p2a: Abit Bana Wilkin|Focus Sash\n|-damage|p2a: Abit Bana Wilkin|1\/100\n|move|p2a: Abit Bana Wilkin|Icicle Spear|p1b: One Hit Wonder\n|-damage|p1b: One Hit Wonder|87\/100\n|-damage|p1b: One Hit Wonder|72\/100\n|-damage|p1b: One Hit Wonder|58\/100\n|-damage|p1b: One Hit Wonder|45\/100\n|-damage|p1b: One Hit Wonder|31\/100\n|-hitcount|p1b: One Hit Wonder|5\n|move|p2b: Paul|High Horsepower|p1b: One Hit Wonder\n|-damage|p1b: One Hit Wonder|0 fnt\n|faint|p1b: One Hit Wonder\n|-end|p1b: One Hit Wonder|Protosynthesis|[silent]\n|move|p1a: Guillermo|Wild Charge|p2a: Abit Bana Wilkin\n|-supereffective|p2a: Abit Bana Wilkin\n|-damage|p2a: Abit Bana Wilkin|0 fnt\n|faint|p2a: Abit Bana Wilkin\n|-damage|p1a: Guillermo|99\/100|[from] Recoil\n|\n|upkeep\n|\n|t:|1682788840\n|switch|p1b: Granny Smith|Appletun, L50, F|100\/100\n|switch|p2a: Juggy B (Rapper)|Iron Jugulis, L50|19\/100\n|turn|4\n|\n|t:|1682788850\n|-terastallize|p1a: Guillermo|Electric\n|move|p2a: Juggy B (Rapper)|Hydro Pump|p1a: Guillermo|[miss]\n|-miss|p2a: Juggy B (Rapper)|p1a: Guillermo\n|move|p2b: Paul|High Horsepower|p1a: Guillermo\n|-supereffective|p1a: Guillermo\n|-damage|p1a: Guillermo|19\/100\n|move|p1a: Guillermo|Wild Charge|p2a: Juggy B (Rapper)\n|-supereffective|p2a: Juggy B (Rapper)\n|-damage|p2a: Juggy B (Rapper)|0 fnt\n|faint|p2a: Juggy B (Rapper)\n|-end|p2a: Juggy B (Rapper)|Quark Drive|[silent]\n|-damage|p1a: Guillermo|13\/100|[from] Recoil\n|move|p1b: Granny Smith|Apple Acid|p2b: Paul\n|-supereffective|p2b: Paul\n|-damage|p2b: Paul|24\/100\n|-unboost|p2b: Paul|spd|1\n|\n|-sideend|p2: LordGig|move: Tailwind\n|upkeep\n|turn|5\n|c|\u2606LordGig|nooo\n|c|\u2606LordGig|the miss\n|c|\u2606Turnips-suck|sorry about that miss\n|\n|t:|1682788867\n|move|p1a: Guillermo|Raging Bull|p2b: Paul\n|-damage|p2b: Paul|0 fnt\n|faint|p2b: Paul\n|\n|win|Turnips-suck\n|c|\u2606Turnips-suck|gg\n|c|\u2606LordGig|that fr mightve been game decider gg\n","uploadtime":1682788873,"views":20,"p1id":"turnipssuck","p2id":"lordgig","formatid":"gen9vgc2023regulationc","rating":0,"private":0,"password":""}