{"id":"gen9vgc2023regulationc-1852081452","p1":"JoshMcTest","p2":"nik993","format":"[Gen 9] VGC 2023 Regulation C","log":"|j|\u2606JoshMcTest\n|j|\u2606nik993\n|t:|1682522594\n|gametype|doubles\n|player|p1|JoshMcTest|teamrocket|1391\n|player|p2|nik993|101|1448\n|teamsize|p1|6\n|teamsize|p2|6\n|gen|9\n|tier|[Gen 9] VGC 2023 Regulation C\n|rated|\n|rule|Species Clause: Limit one of each Pok\u00e9mon\n|rule|Item Clause: Limit one of each item\n|clearpoke\n|poke|p1|Dragalge, L50, M|\n|poke|p1|Bronzong, L50|\n|poke|p1|Grimmsnarl, L50, M|\n|poke|p1|Torkoal, L50, M|\n|poke|p1|Mimikyu, L50, M|\n|poke|p1|Hariyama, L50, M|\n|poke|p2|Palafin, L50, M|\n|poke|p2|Iron Hands, L50|\n|poke|p2|Amoonguss, L50, M|\n|poke|p2|Arcanine, L50, M|\n|poke|p2|Chien-Pao, L50|\n|poke|p2|Dragonite, L50, F|\n|teampreview|4\nnik993 has agreed to open team sheets.\nJoshMcTest has agreed to open team sheets.\n|\n|t:|1682522664\n|start\n|switch|p1a: Bronzong|Bronzong, L50|100\/100\n|switch|p1b: Torkoal|Torkoal, L50, M|100\/100\n|switch|p2a: Palafin|Palafin, L50, M|100\/100\n|switch|p2b: Iron Hands|Iron Hands, L50|100\/100\n|-weather|SunnyDay|[from] ability: Drought|[of] p1b: Torkoal\n|turn|1\n|\n|t:|1682522696\n|detailschange|p2a: Palafin|Palafin-Hero, L50, M\n|switch|p2a: Arcanine|Arcanine, L50, M|100\/100\n|-ability|p2a: Arcanine|Intimidate|boost\n|-unboost|p1a: Bronzong|atk|1\n|-unboost|p1b: Torkoal|atk|1\n|switch|p1b: Hariyama|Hariyama, L50, M|100\/100\n|-terastallize|p2b: Iron Hands|Fire\n|move|p1a: Bronzong|Protect|p1a: Bronzong\n|-singleturn|p1a: Bronzong|Protect\n|move|p2b: Iron Hands|Fake Out|p1a: Bronzong\n|-activate|p1a: Bronzong|move: Protect\n|\n|-weather|SunnyDay|[upkeep]\n|-status|p1b: Hariyama|brn|[from] item: Flame Orb\n|upkeep\n|turn|2\n|\n|t:|1682522714\n|move|p1a: Bronzong|Protect||[still]\n|-fail|p1a: Bronzong\n|move|p2a: Arcanine|Howl|p2a: Arcanine|[spread] p2a,p2b\n|-boost|p2a: Arcanine|atk|1\n|-boost|p2b: Iron Hands|atk|1\n|move|p2b: Iron Hands|Drain Punch|p1b: Hariyama\n|-damage|p1b: Hariyama|45\/100 brn\n|move|p1b: Hariyama|Close Combat|p2a: Arcanine\n|-damage|p2a: Arcanine|0 fnt\n|-unboost|p1b: Hariyama|def|1\n|-unboost|p1b: Hariyama|spd|1\n|faint|p2a: Arcanine\n|\n|-weather|SunnyDay|[upkeep]\n|-damage|p1b: Hariyama|39\/100 brn|[from] brn\n|upkeep\n|\n|t:|1682522726\n|switch|p2a: Dragonite|Dragonite, L50, F|100\/100\n|turn|3\n|\n|t:|1682522742\n|move|p2a: Dragonite|Dragon Dance|p2a: Dragonite\n|-boost|p2a: Dragonite|atk|1\n|-boost|p2a: Dragonite|spe|1\n|move|p2b: Iron Hands|Drain Punch|p1b: Hariyama\n|-damage|p1b: Hariyama|0 fnt\n|faint|p1b: Hariyama\n|move|p1a: Bronzong|Trick Room|p1a: Bronzong\n|-fieldstart|move: Trick Room|[of] p1a: Bronzong\n|\n|-weather|SunnyDay|[upkeep]\n|upkeep\n|inactive|Battle timer is ON: inactive players will automatically lose when time's up. (requested by nik993)\n|\n|t:|1682522762\n|switch|p1b: Torkoal|Torkoal, L50, M|100\/100\n|turn|4\n|\n|t:|1682522775\n|-terastallize|p1b: Torkoal|Fire\n|move|p2a: Dragonite|Extreme Speed|p1b: Torkoal\n|-damage|p1b: Torkoal|65\/100\n|move|p1b: Torkoal|Eruption|p2a: Dragonite|[spread] p2a,p2b\n|-resisted|p2a: Dragonite\n|-resisted|p2b: Iron Hands\n|-damage|p2a: Dragonite|65\/100\n|-damage|p2b: Iron Hands|81\/100\n|move|p1a: Bronzong|Gyro Ball|p2a: Dragonite\n|-damage|p2a: Dragonite|36\/100\n|move|p2b: Iron Hands|Drain Punch|p1b: Torkoal\n|-damage|p1b: Torkoal|19\/100\n|-heal|p2b: Iron Hands|97\/100|[from] drain|[of] p1b: Torkoal\n|\n|-weather|SunnyDay|[upkeep]\n|upkeep\n|turn|5\n|\n|t:|1682522790\n|move|p1b: Torkoal|Protect|p1b: Torkoal\n|-singleturn|p1b: Torkoal|Protect\n|move|p2a: Dragonite|Extreme Speed|p1b: Torkoal\n|-activate|p1b: Torkoal|move: Protect\n|move|p1a: Bronzong|Gyro Ball|p2a: Dragonite\n|-damage|p2a: Dragonite|9\/100\n|move|p2b: Iron Hands|Drain Punch|p1a: Bronzong\n|-damage|p1a: Bronzong|48\/100\n|-heal|p2b: Iron Hands|100\/100|[from] drain|[of] p1a: Bronzong\n|\n|-weather|none\n|upkeep\n|turn|6\n|\n|t:|1682522799\n|move|p2a: Dragonite|Extreme Speed|p1b: Torkoal\n|-damage|p1b: Torkoal|0 fnt\n|faint|p1b: Torkoal\n|move|p1a: Bronzong|Gyro Ball|p2a: Dragonite\n|-damage|p2a: Dragonite|0 fnt\n|faint|p2a: Dragonite\n|move|p2b: Iron Hands|Drain Punch|p1a: Bronzong\n|-damage|p1a: Bronzong|0 fnt\n|faint|p1a: Bronzong\n|\n|upkeep\n|\n|t:|1682522802\n|switch|p1a: Dragalge|Dragalge, L50, M|100\/100\n|switch|p2a: Palafin|Palafin-Hero, L50, M|100\/100\n|-activate|p2a: Palafin|ability: Zero to Hero\n|turn|7\n|\n|t:|1682522812\n|move|p2a: Palafin|Jet Punch|p1a: Dragalge\n|-resisted|p1a: Dragalge\n|-crit|p1a: Dragalge\n|-damage|p1a: Dragalge|60\/100\n|move|p1a: Dragalge|Draco Meteor|p2b: Iron Hands\n|-damage|p2b: Iron Hands|50\/100\n|-unboost|p1a: Dragalge|spa|2\n|-damage|p1a: Dragalge|50\/100|[from] item: Life Orb\n|move|p2b: Iron Hands|Drain Punch|p1a: Dragalge\n|-resisted|p1a: Dragalge\n|-damage|p1a: Dragalge|19\/100\n|-heal|p2b: Iron Hands|61\/100|[from] drain|[of] p1a: Dragalge\n|\n|-fieldend|move: Trick Room\n|upkeep\n|turn|8\n|-message|JoshMcTest forfeited.\n|\n|win|nik993\n|raw|JoshMcTest's rating: 1391 → 1374<\/strong> (-17 for losing)\n|raw|nik993's rating: 1448 → 1465<\/strong> (+17 for winning)\n|l|\u2606JoshMcTest\n","uploadtime":1682522826,"views":50,"p1id":"joshmctest","p2id":"nik993","formatid":"gen9vgc2023regulationc","rating":1374,"private":0,"password":""}