{"id":"gen9vgc2023regulationc-1849949851","p1":"LeeGengarBR","p2":"Wildgreatball","format":"[Gen 9] VGC 2023 Regulation C","log":"|j|\u2606LeeGengarBR\n|j|\u2606Wildgreatball\n|t:|1682271335\n|gametype|doubles\n|player|p1|LeeGengarBR|red|1390\n|player|p2|Wildgreatball|clown|1393\n|teamsize|p1|6\n|teamsize|p2|6\n|gen|9\n|tier|[Gen 9] VGC 2023 Regulation C\n|rated|\n|rule|Species Clause: Limit one of each Pok\u00e9mon\n|rule|Item Clause: Limit one of each item\n|clearpoke\n|poke|p1|Annihilape, L50, F|\n|poke|p1|Garchomp, L50, M|\n|poke|p1|Amoonguss, L50, F|\n|poke|p1|Talonflame, L50, M|\n|poke|p1|Chien-Pao, L50|\n|poke|p1|Gyarados, L50, M|\n|poke|p2|Palafin, L50, M|\n|poke|p2|Chien-Pao, L50|\n|poke|p2|Dragapult, L50, M|\n|poke|p2|Amoonguss, L50, M|\n|poke|p2|Arcanine, L50, M|\n|poke|p2|Flutter Mane, L50|\n|teampreview|4\nWildgreatball has agreed to open team sheets.\nLeeGengarBR has agreed to open team sheets.\n|inactive|Battle timer is ON: inactive players will automatically lose when time's up. (requested by LeeGengarBR)\n|inactive|Wildgreatball has 60 seconds left.\n|\n|t:|1682271388\n|start\n|switch|p1a: Talonflame|Talonflame, L50, M|100\/100\n|switch|p1b: Garchomp|Garchomp, L50, M|100\/100\n|switch|p2a: Dozo|Palafin, L50, M|100\/100\n|switch|p2b: Dnite|Dragapult, L50, M|100\/100\n|turn|1\n|\n|t:|1682271408\n|-terastallize|p2b: Dnite|Steel\n|move|p1a: Talonflame|Tailwind|p1a: Talonflame\n|-sidestart|p1: LeeGengarBR|move: Tailwind\n|move|p2a: Dozo|Jet Punch|p1a: Talonflame\n|-supereffective|p1a: Talonflame\n|-damage|p1a: Talonflame|11\/100\n|move|p1b: Garchomp|Dragon Claw|p2b: Dnite\n|-resisted|p2b: Dnite\n|-damage|p2b: Dnite|57\/100\n|move|p2b: Dnite|Dragon Darts|p1b: Garchomp\n|-supereffective|p1b: Garchomp\n|-damage|p1b: Garchomp|36\/100\n|-anim|p2b: Dnite|Dragon Darts|p1a: Talonflame\n|-damage|p1a: Talonflame|0 fnt\n|faint|p1a: Talonflame\n|\n|upkeep\n|\n|t:|1682271422\n|switch|p1a: Gyarados|Gyarados, L50, M|100\/100\n|-ability|p1a: Gyarados|Intimidate|boost\n|-unboost|p2a: Dozo|atk|1\n|-fail|p2b: Dnite|unboost|[from] ability: Clear Body|[of] p2b: Dnite\n|turn|2\n|\n|t:|1682271442\n|-terastallize|p1a: Gyarados|Water\n|move|p2a: Dozo|Jet Punch|p1b: Garchomp\n|-damage|p1b: Garchomp|21\/100\n|-damage|p2a: Dozo|88\/100|[from] ability: Rough Skin|[of] p1b: Garchomp\n|move|p1b: Garchomp|Dragon Claw|p2b: Dnite\n|-resisted|p2b: Dnite\n|-damage|p2b: Dnite|9\/100\n|move|p2b: Dnite|Dragon Darts|p1a: Gyarados\n|-damage|p1a: Gyarados|62\/100\n|-anim|p2b: Dnite|Dragon Darts|p1b: Garchomp\n|-supereffective|p1b: Garchomp\n|-damage|p1b: Garchomp|0 fnt\n|faint|p1b: Garchomp\n|move|p1a: Gyarados|Waterfall|p2b: Dnite\n|-damage|p2b: Dnite|0 fnt\n|faint|p2b: Dnite\n|\n|upkeep\n|\n|t:|1682271458\n|switch|p2b: Mimi|Flutter Mane, L50|100\/100\n|switch|p1b: Chien-Pao|Chien-Pao, L50|100\/100\n|-ability|p1b: Chien-Pao|Sword of Ruin\n|-enditem|p2b: Mimi|Booster Energy\n|-activate|p2b: Mimi|ability: Protosynthesis|[fromitem]\n|-start|p2b: Mimi|protosynthesisspa\n|turn|3\n|\n|t:|1682271473\n|detailschange|p2a: Dozo|Palafin-Hero, L50, M\n|switch|p2a: ChiYu|Arcanine, L50, M|100\/100\n|-ability|p2a: ChiYu|Intimidate|boost\n|-unboost|p1a: Gyarados|atk|1\n|-unboost|p1b: Chien-Pao|atk|1\n|move|p2b: Mimi|Protect|p2b: Mimi\n|-singleturn|p2b: Mimi|Protect\n|move|p1b: Chien-Pao|Sucker Punch||[still]\n|-fail|p1b: Chien-Pao\n|move|p1a: Gyarados|Waterfall|p2a: ChiYu\n|-supereffective|p2a: ChiYu\n|-damage|p2a: ChiYu|0 fnt\n|faint|p2a: ChiYu\n|\n|upkeep\n|\n|t:|1682271485\n|switch|p2a: Dozo|Palafin-Hero, L50, M|88\/100\n|-activate|p2a: Dozo|ability: Zero to Hero\n|turn|4\n|\n|t:|1682271505\n|move|p1b: Chien-Pao|Protect|p1b: Chien-Pao\n|-singleturn|p1b: Chien-Pao|Protect\n|move|p2b: Mimi|Protect||[still]\n|-fail|p2b: Mimi\n|move|p1a: Gyarados|Waterfall|p2b: Mimi\n|-damage|p2b: Mimi|39\/100\n|move|p2a: Dozo|Wave Crash|p1b: Chien-Pao\n|-activate|p1b: Chien-Pao|move: Protect\n|\n|-sideend|p1: LeeGengarBR|move: Tailwind\n|upkeep\n|turn|5\n|\n|t:|1682271522\n|move|p1b: Chien-Pao|Sucker Punch|p2b: Mimi\n|-damage|p2b: Mimi|0 fnt\n|faint|p2b: Mimi\n|-end|p2b: Mimi|Protosynthesis|[silent]\n|move|p2a: Dozo|Wave Crash|p1b: Chien-Pao\n|-enditem|p1b: Chien-Pao|Focus Sash\n|-damage|p1b: Chien-Pao|1\/100\n|-damage|p2a: Dozo|63\/100|[from] Recoil\n|move|p1a: Gyarados|Thunder Wave|p2a: Dozo\n|-status|p2a: Dozo|par\n|\n|upkeep\n|turn|6\n|\n|t:|1682271534\n|move|p1b: Chien-Pao|Protect|p1b: Chien-Pao\n|-singleturn|p1b: Chien-Pao|Protect\n|move|p2a: Dozo|Jet Punch|p1b: Chien-Pao\n|-activate|p1b: Chien-Pao|move: Protect\n|move|p1a: Gyarados|Waterfall|p2a: Dozo\n|-resisted|p2a: Dozo\n|-damage|p2a: Dozo|44\/100 par\n|\n|upkeep\n|turn|7\n|c|\u2606Wildgreatball|gg\n|\n|t:|1682271543\n|move|p1b: Chien-Pao|Sucker Punch|p2a: Dozo\n|-damage|p2a: Dozo|18\/100 par\n|move|p2a: Dozo|Jet Punch|p1b: Chien-Pao\n|-damage|p1b: Chien-Pao|0 fnt\n|faint|p1b: Chien-Pao\n|move|p1a: Gyarados|Waterfall|p2a: Dozo\n|-resisted|p2a: Dozo\n|-damage|p2a: Dozo|2\/100 par\n|\n|upkeep\n|turn|8\n|\n|t:|1682271556\n|move|p2a: Dozo|Jet Punch|p1a: Gyarados\n|-resisted|p1a: Gyarados\n|-damage|p1a: Gyarados|34\/100\n|-enditem|p1a: Gyarados|Sitrus Berry|[eat]\n|-heal|p1a: Gyarados|58\/100|[from] item: Sitrus Berry\n|move|p1a: Gyarados|Waterfall|p2a: Dozo\n|-resisted|p2a: Dozo\n|-damage|p2a: Dozo|0 fnt\n|faint|p2a: Dozo\n|\n|win|LeeGengarBR\n|raw|LeeGengarBR's rating: 1390 → 1410<\/strong> (+20 for winning)\n|raw|Wildgreatball's rating: 1393 → 1373<\/strong> (-20 for losing)\n|l|\u2606Wildgreatball\n","uploadtime":1682271568,"views":6,"p1id":"leegengarbr","p2id":"wildgreatball","formatid":"gen9vgc2023regulationc","rating":1373,"private":0,"password":""}