{"id":"gen9vgc2023regulationc-1852362490","p1":"r3gCt3st","p2":"imElated","format":"[Gen 9] VGC 2023 Regulation C","log":"|j|\u2606r3gCt3st\n|j|\u2606imElated\n|t:|1682548363\n|gametype|doubles\n|player|p1|r3gCt3st|unknown|1392\n|player|p2|imElated|101|1405\n|teamsize|p1|6\n|teamsize|p2|6\n|gen|9\n|tier|[Gen 9] VGC 2023 Regulation C\n|rated|\n|rule|Species Clause: Limit one of each Pok\u00e9mon\n|rule|Item Clause: Limit one of each item\n|clearpoke\n|poke|p1|Gyarados, L50, M|\n|poke|p1|Annihilape, L50, F|\n|poke|p1|Ting-Lu, L50|\n|poke|p1|Flutter Mane, L50|\n|poke|p1|Amoonguss, L50, M|\n|poke|p1|Grimmsnarl, L50, M|\n|poke|p2|Talonflame, L50, F|\n|poke|p2|Garchomp, L50, M|\n|poke|p2|Flutter Mane, L50|\n|poke|p2|Glimmora, L50, M|\n|poke|p2|Kingambit, L50, F|\n|poke|p2|Tyranitar, L50, F|\n|teampreview|4\n|\n|t:|1682548402\n|start\n|switch|p1a: Grimmsnarl|Grimmsnarl, L50, M|100\/100\n|switch|p1b: Amoonguss|Amoonguss, L50, M|100\/100\n|switch|p2a: Glimmora|Glimmora, L50, M|100\/100\n|switch|p2b: Tyranitar|Tyranitar, L50, F|100\/100\n|-weather|Sandstorm|[from] ability: Sand Stream|[of] p2b: Tyranitar\n|turn|1\n|j| observ\n|\n|t:|1682548423\n|-terastallize|p2a: Glimmora|Grass\n|move|p1a: Grimmsnarl|Reflect|p1a: Grimmsnarl\n|-sidestart|p1: r3gCt3st|Reflect\n|move|p2a: Glimmora|Mortal Spin|p1b: Amoonguss|[spread] p1a,p1b\n|-supereffective|p1a: Grimmsnarl\n|-damage|p1a: Grimmsnarl|95\/100\n|-damage|p1b: Amoonguss|98\/100\n|-status|p1a: Grimmsnarl|psn\n|-damage|p2a: Glimmora|84\/100|[from] item: Rocky Helmet|[of] p1b: Amoonguss\n|move|p2b: Tyranitar|Earthquake|p1a: Grimmsnarl|[spread] p2a,p1a,p1b\n|-resisted|p2a: Glimmora\n|-crit|p1b: Amoonguss\n|-damage|p2a: Glimmora|70\/100\n|-damage|p1a: Grimmsnarl|74\/100 psn\n|-damage|p1b: Amoonguss|65\/100\n|-activate|p2a: Glimmora|ability: Toxic Debris\n|-sidestart|p1: r3gCt3st|move: Toxic Spikes\n|move|p1b: Amoonguss|Spore|p2a: Glimmora\n|-immune|p2a: Glimmora\n|\n|-weather|Sandstorm|[upkeep]\n|-damage|p2a: Glimmora|65\/100|[from] Sandstorm\n|-damage|p1a: Grimmsnarl|68\/100 psn|[from] Sandstorm\n|-damage|p1b: Amoonguss|59\/100|[from] Sandstorm\n|-damage|p1a: Grimmsnarl|55\/100 psn|[from] psn\n|upkeep\n|turn|2\n|\n|t:|1682548448\n|move|p1a: Grimmsnarl|Light Screen|p1a: Grimmsnarl\n|-sidestart|p1: r3gCt3st|move: Light Screen\n|move|p2a: Glimmora|Sludge Wave|p1a: Grimmsnarl|[spread] p2b,p1a,p1b\n|-resisted|p2b: Tyranitar\n|-supereffective|p1a: Grimmsnarl\n|-damage|p2b: Tyranitar|95\/100\n|-damage|p1a: Grimmsnarl|13\/100 psn\n|-damage|p1b: Amoonguss|37\/100\n|move|p2b: Tyranitar|Earthquake|p1b: Amoonguss|[spread] p2a,p1a,p1b\n|-resisted|p2a: Glimmora\n|-damage|p2a: Glimmora|52\/100\n|-damage|p1a: Grimmsnarl|0 fnt\n|-damage|p1b: Amoonguss|22\/100\n|-activate|p2a: Glimmora|ability: Toxic Debris\n|-sidestart|p1: r3gCt3st|move: Toxic Spikes\n|faint|p1a: Grimmsnarl\n|move|p1b: Amoonguss|Spore|p2b: Tyranitar\n|-status|p2b: Tyranitar|slp|[from] move: Spore\n|\n|-weather|Sandstorm|[upkeep]\n|-damage|p2a: Glimmora|46\/100|[from] Sandstorm\n|-damage|p1b: Amoonguss|16\/100|[from] Sandstorm\n|-enditem|p2a: Glimmora|Sitrus Berry|[eat]\n|-heal|p2a: Glimmora|70\/100|[from] item: Sitrus Berry\n|upkeep\n|\n|t:|1682548454\n|switch|p1a: Gyarados|Gyarados, L50, M|100\/100\n|-ability|p1a: Gyarados|Intimidate|boost\n|-unboost|p2a: Glimmora|atk|1\n|-unboost|p2b: Tyranitar|atk|1\n|turn|3\n|\n|t:|1682548474\n|move|p1b: Amoonguss|Protect|p1b: Amoonguss\n|-singleturn|p1b: Amoonguss|Protect\n|move|p2a: Glimmora|Sludge Wave|p1a: Gyarados|[spread] p2b,p1a\n|-activate|p1b: Amoonguss|move: Protect\n|-resisted|p2b: Tyranitar\n|-damage|p2b: Tyranitar|88\/100 slp\n|-damage|p1a: Gyarados|80\/100\n|move|p1a: Gyarados|Dragon Dance|p1a: Gyarados\n|-boost|p1a: Gyarados|atk|1\n|-boost|p1a: Gyarados|spe|1\n|cant|p2b: Tyranitar|slp\n|\n|-weather|Sandstorm|[upkeep]\n|-damage|p1a: Gyarados|74\/100|[from] Sandstorm\n|-damage|p2a: Glimmora|65\/100|[from] Sandstorm\n|-damage|p1b: Amoonguss|11\/100|[from] Sandstorm\n|upkeep\n|turn|4\n|\n|t:|1682548490\n|-terastallize|p1a: Gyarados|Flying\n|move|p1a: Gyarados|Tera Blast|p2a: Glimmora\n|-supereffective|p2a: Glimmora\n|-damage|p2a: Glimmora|0 fnt\n|faint|p2a: Glimmora\n|cant|p2b: Tyranitar|slp\n|move|p1b: Amoonguss|Pollen Puff|p1a: Gyarados\n|-heal|p1a: Gyarados|100\/100\n|\n|-weather|Sandstorm|[upkeep]\n|-damage|p1a: Gyarados|95\/100|[from] Sandstorm\n|-damage|p1b: Amoonguss|5\/100|[from] Sandstorm\n|upkeep\n|\n|t:|1682548505\n|switch|p2a: Garchomp|Garchomp, L50, M|100\/100\n|turn|5\n|\n|t:|1682548513\n|switch|p1b: Annihilape|Annihilape, L50, F|100\/100\n|-status|p1b: Annihilape|tox\n|move|p2a: Garchomp|Protect|p2a: Garchomp\n|-singleturn|p2a: Garchomp|Protect\n|move|p1a: Gyarados|Waterfall|p2b: Tyranitar\n|-supereffective|p2b: Tyranitar\n|-crit|p2b: Tyranitar\n|-damage|p2b: Tyranitar|0 fnt\n|faint|p2b: Tyranitar\n|\n|-weather|none\n|-damage|p1b: Annihilape|94\/100 tox|[from] psn\n|upkeep\n|\n|t:|1682548525\n|switch|p2b: Flutter Mane|Flutter Mane, L50|100\/100\n|-enditem|p2b: Flutter Mane|Booster Energy\n|-activate|p2b: Flutter Mane|ability: Protosynthesis|[fromitem]\n|-start|p2b: Flutter Mane|protosynthesisspa\n|turn|6\n|\n|t:|1682548540\n|move|p2b: Flutter Mane|Dazzling Gleam|p1a: Gyarados|[spread] p1a,p1b\n|-supereffective|p1b: Annihilape\n|-damage|p1a: Gyarados|66\/100\n|-damage|p1b: Annihilape|48\/100 tox\n|move|p1a: Gyarados|Waterfall|p2b: Flutter Mane\n|-damage|p2b: Flutter Mane|0 fnt\n|faint|p2b: Flutter Mane\n|-end|p2b: Flutter Mane|Protosynthesis|[silent]\n|move|p2a: Garchomp|Rock Slide|p1a: Gyarados|[spread] p1a,p1b\n|-supereffective|p1a: Gyarados\n|-resisted|p1b: Annihilape\n|-damage|p1a: Gyarados|36\/100\n|-damage|p1b: Annihilape|40\/100 tox\n|-damage|p2a: Garchomp|91\/100|[from] item: Life Orb\n|cant|p1b: Annihilape|flinch\n|\n|-heal|p1b: Annihilape|46\/100 tox|[from] item: Leftovers\n|-damage|p1b: Annihilape|34\/100 tox|[from] psn\n|upkeep\n|turn|7\n|\n|t:|1682548564\n|move|p2a: Garchomp|Protect|p2a: Garchomp\n|-singleturn|p2a: Garchomp|Protect\n|move|p1a: Gyarados|Waterfall|p2a: Garchomp\n|-activate|p2a: Garchomp|move: Protect\n|move|p1b: Annihilape|Rage Fist|p2a: Garchomp\n|-activate|p2a: Garchomp|move: Protect\n|\n|-heal|p1b: Annihilape|40\/100 tox|[from] item: Leftovers\n|-damage|p1b: Annihilape|21\/100 tox|[from] psn\n|upkeep\n|turn|8\n|\n|t:|1682548577\n|move|p1a: Gyarados|Waterfall|p2a: Garchomp\n|-damage|p2a: Garchomp|38\/100\n|move|p2a: Garchomp|Rock Slide|p1a: Gyarados|[spread] p1a,p1b\n|-supereffective|p1a: Gyarados\n|-resisted|p1b: Annihilape\n|-damage|p1a: Gyarados|1\/100\n|-damage|p1b: Annihilape|13\/100 tox\n|-damage|p2a: Garchomp|28\/100|[from] item: Life Orb\n|move|p1b: Annihilape|Rage Fist|p2a: Garchomp\n|-damage|p2a: Garchomp|0 fnt\n|faint|p2a: Garchomp\n|\n|win|r3gCt3st\n|raw|r3gCt3st's rating: 1392 → 1413<\/strong> (+21 for winning)\n|raw|imElated's rating: 1405 → 1384<\/strong> (-21 for losing)\n","uploadtime":1682548581,"views":16,"p1id":"r3gct3st","p2id":"imelated","formatid":"gen9vgc2023regulationc","rating":1384,"private":0,"password":""}