{"id":"gen9vgc2023regulationc-1844821210","p1":"DeepDarkJcc","p2":"PokemonPesticide","format":"[Gen 9] VGC 2023 Regulation C","log":"|j|\u2606DeepDarkJcc\n|j|\u2606PokemonPesticide\n|t:|1681652630\n|gametype|doubles\n|player|p1|DeepDarkJcc|swimmerf|1000\n|player|p2|PokemonPesticide|rocketgrunt|1000\n|teamsize|p1|6\n|teamsize|p2|6\n|gen|9\n|tier|[Gen 9] VGC 2023 Regulation C\n|rated|\n|rule|Species Clause: Limit one of each Pok\u00e9mon\n|rule|Item Clause: Limit one of each item\n|clearpoke\n|poke|p1|Great Tusk, L50|\n|poke|p1|Flutter Mane, L50|\n|poke|p1|Chien-Pao, L50|\n|poke|p1|Torkoal, L50, F|\n|poke|p1|Jumpluff, L50, F|\n|poke|p1|Kingambit, L50, F|\n|poke|p2|Klefki, L50, M|\n|poke|p2|Seviper, L50, M|\n|poke|p2|Kingambit, L50, F|\n|poke|p2|Slither Wing, L50|\n|poke|p2|Farigiraf, L50, M|\n|poke|p2|Amoonguss, L50, F|\n|teampreview|4\n|\n|t:|1681652677\n|start\n|switch|p1a: \u7164\u70ad\u9f9f|Torkoal, L50, F|100\/100\n|switch|p1b: \u6bfd\u5b50\u68c9|Jumpluff, L50, F, shiny|100\/100\n|switch|p2a: Klefki|Klefki, L50, M|100\/100\n|switch|p2b: Amoonguss|Amoonguss, L50, F|100\/100\n|-weather|SunnyDay|[from] ability: Drought|[of] p1a: \u7164\u70ad\u9f9f\n|turn|1\n|\n|t:|1681652720\n|move|p1b: \u6bfd\u5b50\u68c9|Sleep Powder|p2a: Klefki\n|-status|p2a: Klefki|slp|[from] move: Sleep Powder\n|move|p2b: Amoonguss|Spore|p1a: \u7164\u70ad\u9f9f\n|-status|p1a: \u7164\u70ad\u9f9f|slp|[from] move: Spore\n|cant|p1a: \u7164\u70ad\u9f9f|slp\n|cant|p2a: Klefki|slp\n|\n|-weather|SunnyDay|[upkeep]\n|upkeep\n|turn|2\n|\n|t:|1681652758\n|switch|p2a: Slither Wing|Slither Wing, L50|100\/100\n|-activate|p2a: Slither Wing|ability: Protosynthesis\n|-start|p2a: Slither Wing|protosynthesisatk\n|switch|p1a: \u96c4\u4f1f\u4fa0|Great Tusk, L50, shiny|100\/100\n|-activate|p1a: \u96c4\u4f1f\u4fa0|ability: Protosynthesis\n|-start|p1a: \u96c4\u4f1f\u4fa0|protosynthesisatk\n|move|p1b: \u6bfd\u5b50\u68c9|Tailwind|p1b: \u6bfd\u5b50\u68c9\n|-sidestart|p1: DeepDarkJcc|move: Tailwind\n|move|p2b: Amoonguss|Hex|p1a: \u96c4\u4f1f\u4fa0\n|-damage|p1a: \u96c4\u4f1f\u4fa0|84\/100\n|\n|-weather|SunnyDay|[upkeep]\n|upkeep\n|turn|3\n|\n|t:|1681652787\n|-terastallize|p1a: \u96c4\u4f1f\u4fa0|Fire\n|move|p2b: Amoonguss|Rage Powder|p2b: Amoonguss\n|-singleturn|p2b: Amoonguss|move: Rage Powder\n|move|p1b: \u6bfd\u5b50\u68c9|Sleep Powder|p2a: Slither Wing|[miss]\n|-miss|p1b: \u6bfd\u5b50\u68c9|p2a: Slither Wing\n|move|p1a: \u96c4\u4f1f\u4fa0|Earthquake|p2a: Slither Wing|[spread] p2a,p2b\n|-immune|p1b: \u6bfd\u5b50\u68c9\n|-resisted|p2a: Slither Wing\n|-damage|p2a: Slither Wing|78\/100\n|-damage|p2b: Amoonguss|46\/100\n|move|p2a: Slither Wing|Will-O-Wisp|p1a: \u96c4\u4f1f\u4fa0\n|-immune|p1a: \u96c4\u4f1f\u4fa0\n|\n|-weather|SunnyDay|[upkeep]\n|-heal|p2b: Amoonguss|52\/100|[from] item: Leftovers\n|upkeep\n|turn|4\n|\n|t:|1681652811\n|move|p1b: \u6bfd\u5b50\u68c9|Encore|p2a: Slither Wing\n|-start|p2a: Slither Wing|Encore\n|move|p1a: \u96c4\u4f1f\u4fa0|Earthquake|p2b: Amoonguss|[spread] p2a,p2b\n|-immune|p1b: \u6bfd\u5b50\u68c9\n|-resisted|p2a: Slither Wing\n|-damage|p2a: Slither Wing|55\/100\n|-damage|p2b: Amoonguss|4\/100\n|move|p2a: Slither Wing|Will-O-Wisp|p1a: \u96c4\u4f1f\u4fa0\n|-immune|p1a: \u96c4\u4f1f\u4fa0\n|move|p2b: Amoonguss|Spore|p1a: \u96c4\u4f1f\u4fa0\n|-status|p1a: \u96c4\u4f1f\u4fa0|slp|[from] move: Spore\n|\n|-weather|SunnyDay|[upkeep]\n|-heal|p2b: Amoonguss|10\/100|[from] item: Leftovers\n|upkeep\n|turn|5\n|\n|t:|1681652838\n|-end|p1a: \u96c4\u4f1f\u4fa0|Protosynthesis|[silent]\n|switch|p1a: \u7164\u70ad\u9f9f|Torkoal, L50, F|100\/100 slp\n|-end|p2a: Slither Wing|Protosynthesis|[silent]\n|switch|p2a: Klefki|Klefki, L50, M|100\/100 slp\n|switch|p2b: Farigiraf|Farigiraf, L50, M|100\/100\n|move|p1b: \u6bfd\u5b50\u68c9|Leaf Storm|p2b: Farigiraf\n|-damage|p2b: Farigiraf|73\/100\n|-unboost|p1b: \u6bfd\u5b50\u68c9|spa|2\n|\n|-weather|none\n|-sideend|p1: DeepDarkJcc|move: Tailwind\n|upkeep\n|turn|6\n|\n|t:|1681652878\n|move|p1b: \u6bfd\u5b50\u68c9|Sleep Powder|p2b: Farigiraf\n|-status|p2b: Farigiraf|slp|[from] move: Sleep Powder\n|cant|p2b: Farigiraf|slp\n|-curestatus|p1a: \u7164\u70ad\u9f9f|slp|[msg]\n|move|p1a: \u7164\u70ad\u9f9f|Overheat|p2b: Farigiraf\n|-damage|p2b: Farigiraf|9\/100 slp\n|-unboost|p1a: \u7164\u70ad\u9f9f|spa|2\n|-enditem|p1a: \u7164\u70ad\u9f9f|Eject Pack\n|\n|t:|1681652892\n|switch|p1a: \u632f\u7ffc\u53d1|Flutter Mane, L50|100\/100\n|-curestatus|p2a: Klefki|slp|[msg]\n|move|p2a: Klefki|Trick Room|p2a: Klefki\n|-fieldstart|move: Trick Room|[of] p2a: Klefki\n|\n|upkeep\n|turn|7\n|inactive|Battle timer is ON: inactive players will automatically lose when time's up. (requested by PokemonPesticide)\n|\n|t:|1681652926\n|-end|p1a: \u632f\u7ffc\u53d1|Protosynthesis|[silent]\n|switch|p1a: \u96c4\u4f1f\u4fa0|Great Tusk, L50, shiny, tera:Fire|84\/100 slp\n|-curestatus|p2b: Farigiraf|slp|[msg]\n|move|p2b: Farigiraf|Wish|p2b: Farigiraf\n|move|p2a: Klefki|Steel Beam|p1a: \u96c4\u4f1f\u4fa0\n|-resisted|p1a: \u96c4\u4f1f\u4fa0\n|-damage|p1a: \u96c4\u4f1f\u4fa0|62\/100 slp\n|-damage|p2a: Klefki|50\/100|[from] steelbeam\n|move|p1b: \u6bfd\u5b50\u68c9|Leaf Storm|p2b: Farigiraf\n|-damage|p2b: Farigiraf|0 fnt\n|-unboost|p1b: \u6bfd\u5b50\u68c9|spa|2\n|faint|p2b: Farigiraf\n|\n|upkeep\n|\n|t:|1681652943\n|switch|p2b: Slither Wing|Slither Wing, L50|55\/100\n|-enditem|p2b: Slither Wing|Booster Energy\n|-activate|p2b: Slither Wing|ability: Protosynthesis|[fromitem]\n|-start|p2b: Slither Wing|protosynthesisatk\n|turn|8\n|inactive|PokemonPesticide has 30 seconds left.\n|\n|t:|1681652973\n|move|p2a: Klefki|Fairy Lock|p2a: Klefki\n|-fieldactivate|move: Fairy Lock\n|move|p2b: Slither Wing|Acrobatics|p1b: \u6bfd\u5b50\u68c9\n|-supereffective|p1b: \u6bfd\u5b50\u68c9\n|-damage|p1b: \u6bfd\u5b50\u68c9|25\/100\n|move|p1b: \u6bfd\u5b50\u68c9|Sleep Powder|p2b: Slither Wing|[miss]\n|-miss|p1b: \u6bfd\u5b50\u68c9|p2b: Slither Wing\n|cant|p1a: \u96c4\u4f1f\u4fa0|slp\n|\n|-heal|p2b: Slither Wing|100\/100|[from] move: Wish|[wisher] Farigiraf\n|upkeep\n|turn|9\n|inactive|PokemonPesticide has 30 seconds left.\n|\n|t:|1681653008\n|move|p2a: Klefki|Fairy Lock||[still]\n|-fail|p2a: Klefki\n|move|p2b: Slither Wing|Acrobatics|p1b: \u6bfd\u5b50\u68c9\n|-supereffective|p1b: \u6bfd\u5b50\u68c9\n|-damage|p1b: \u6bfd\u5b50\u68c9|0 fnt\n|faint|p1b: \u6bfd\u5b50\u68c9\n|cant|p1a: \u96c4\u4f1f\u4fa0|slp\n|\n|upkeep\n|\n|t:|1681653017\n|switch|p1b: \u7164\u70ad\u9f9f|Torkoal, L50, F|100\/100\n|-weather|SunnyDay|[from] ability: Drought|[of] p1b: \u7164\u70ad\u9f9f\n|-activate|p1a: \u96c4\u4f1f\u4fa0|ability: Protosynthesis\n|-start|p1a: \u96c4\u4f1f\u4fa0|protosynthesisatk\n|turn|10\n|\n|t:|1681653033\n|move|p2a: Klefki|Fairy Lock|p2a: Klefki\n|-fieldactivate|move: Fairy Lock\n|move|p1b: \u7164\u70ad\u9f9f|Overheat|p2a: Klefki\n|-supereffective|p2a: Klefki\n|-damage|p2a: Klefki|0 fnt\n|-unboost|p1b: \u7164\u70ad\u9f9f|spa|2\n|faint|p2a: Klefki\n|move|p2b: Slither Wing|Body Press|p1a: \u96c4\u4f1f\u4fa0\n|-damage|p1a: \u96c4\u4f1f\u4fa0|31\/100 slp\n|-curestatus|p1a: \u96c4\u4f1f\u4fa0|slp|[msg]\n|move|p1a: \u96c4\u4f1f\u4fa0|Close Combat|p2b: Slither Wing\n|-resisted|p2b: Slither Wing\n|-damage|p2b: Slither Wing|66\/100\n|-unboost|p1a: \u96c4\u4f1f\u4fa0|def|1\n|-unboost|p1a: \u96c4\u4f1f\u4fa0|spd|1\n|\n|-weather|SunnyDay|[upkeep]\n|-fieldend|move: Trick Room\n|upkeep\n|\n|t:|1681653055\n|switch|p2a: Amoonguss|Amoonguss, L50, F|43\/100\n|turn|11\n|\n|t:|1681653072\n|move|p1a: \u96c4\u4f1f\u4fa0|Close Combat|p2a: Amoonguss\n|-resisted|p2a: Amoonguss\n|-damage|p2a: Amoonguss|2\/100\n|-unboost|p1a: \u96c4\u4f1f\u4fa0|def|1\n|-unboost|p1a: \u96c4\u4f1f\u4fa0|spd|1\n|move|p2b: Slither Wing|Body Press|p1a: \u96c4\u4f1f\u4fa0\n|-damage|p1a: \u96c4\u4f1f\u4fa0|0 fnt\n|faint|p1a: \u96c4\u4f1f\u4fa0\n|-end|p1a: \u96c4\u4f1f\u4fa0|Protosynthesis|[silent]\n|move|p2a: Amoonguss|Spore|p1b: \u7164\u70ad\u9f9f\n|-status|p1b: \u7164\u70ad\u9f9f|slp|[from] move: Spore\n|cant|p1b: \u7164\u70ad\u9f9f|slp\n|\n|-weather|SunnyDay|[upkeep]\n|-heal|p2a: Amoonguss|8\/100|[from] item: Leftovers\n|upkeep\n|\n|t:|1681653090\n|switch|p1a: \u632f\u7ffc\u53d1|Flutter Mane, L50|100\/100\n|-activate|p1a: \u632f\u7ffc\u53d1|ability: Protosynthesis\n|-start|p1a: \u632f\u7ffc\u53d1|protosynthesisspa\n|turn|12\n|inactive|PokemonPesticide has 30 seconds left.\n|\n|t:|1681653117\n|-terastallize|p2b: Slither Wing|Bug\n|cant|p1b: \u7164\u70ad\u9f9f|slp\n|move|p1a: \u632f\u7ffc\u53d1|Dazzling Gleam|p2b: Slither Wing|[spread] p2a,p2b\n|-resisted|p2a: Amoonguss\n|-damage|p2a: Amoonguss|0 fnt\n|-damage|p2b: Slither Wing|6\/100\n|faint|p2a: Amoonguss\n|move|p2b: Slither Wing|Acrobatics|p1a: \u632f\u7ffc\u53d1\n|-damage|p1a: \u632f\u7ffc\u53d1|7\/100\n|\n|-weather|SunnyDay|[upkeep]\n|upkeep\n|turn|13\n|\n|t:|1681653131\n|move|p1a: \u632f\u7ffc\u53d1|Dazzling Gleam|p2b: Slither Wing\n|-damage|p2b: Slither Wing|0 fnt\n|faint|p2b: Slither Wing\n|-end|p2b: Slither Wing|Protosynthesis|[silent]\n|\n|win|DeepDarkJcc\n|raw|DeepDarkJcc's rating: 1000 → 1040<\/strong> (+40 for winning)\n|raw|PokemonPesticide's rating: 1000 → 1000<\/strong> (+0 for losing)\n|l|\u2606PokemonPesticide\n","uploadtime":1681653190,"views":13,"p1id":"deepdarkjcc","p2id":"pokemonpesticide","formatid":"gen9vgc2023regulationc","rating":1000,"private":0,"password":""}