{"id":"gen9vgc2023regulationc-1855366031","p1":"Hinokami Ascension","p2":"Xhzbxhdjdb","format":"[Gen 9] VGC 2023 Regulation C","log":"|j|\u2606Hinokami Ascension\n|j|\u2606Xhzbxhdjdb\n|t:|1682943628\n|gametype|doubles\n|player|p1|Hinokami Ascension|hilbert-wonderlauncher|1088\n|player|p2|Xhzbxhdjdb|266|1035\n|teamsize|p1|6\n|teamsize|p2|6\n|gen|9\n|tier|[Gen 9] VGC 2023 Regulation C\n|rated|\n|rule|Species Clause: Limit one of each Pok\u00e9mon\n|rule|Item Clause: Limit one of each item\n|clearpoke\n|poke|p1|Talonflame, L50, M|\n|poke|p1|Iron Bundle, L50|\n|poke|p1|Torkoal, L50, F|\n|poke|p1|Flutter Mane, L50|\n|poke|p1|Great Tusk, L50|\n|poke|p1|Chi-Yu, L50|\n|poke|p2|Hippowdon, L50, F|\n|poke|p2|Garganacl, L50, M|\n|poke|p2|Ting-Lu, L50|\n|poke|p2|Amoonguss, L50, M|\n|poke|p2|Bronzong, L50|\n|poke|p2|Iron Hands, L50|\n|teampreview|4\n|inactive|Battle timer is ON: inactive players will automatically lose when time's up. (requested by Xhzbxhdjdb)\n|\n|t:|1682943766\n|start\n|switch|p1a: Tomioka|Iron Bundle, L50, shiny|100\/100\n|switch|p1b: Shinobu|Flutter Mane, L50, shiny|100\/100\n|switch|p2a: Iron Hands|Iron Hands, L50|100\/100\n|switch|p2b: Garganacl|Garganacl, L50, M|100\/100\n|-enditem|p1a: Tomioka|Booster Energy\n|-activate|p1a: Tomioka|ability: Quark Drive|[fromitem]\n|-start|p1a: Tomioka|quarkdrivespe\n|-enditem|p2a: Iron Hands|Booster Energy\n|-activate|p2a: Iron Hands|ability: Quark Drive|[fromitem]\n|-start|p2a: Iron Hands|quarkdriveatk\n|turn|1\n|inactive|Xhzbxhdjdb has 30 seconds left.\n|\n|t:|1682943795\n|-end|p1b: Shinobu|Protosynthesis|[silent]\n|switch|p1b: Inosuke|Great Tusk, L50, shiny|100\/100\n|move|p1a: Tomioka|Protect|p1a: Tomioka\n|-singleturn|p1a: Tomioka|Protect\n|move|p2a: Iron Hands|Fake Out|p1a: Tomioka\n|-activate|p1a: Tomioka|move: Protect\n|move|p2b: Garganacl|Salt Cure|p1b: Inosuke\n|-resisted|p1b: Inosuke\n|-damage|p1b: Inosuke|98\/100\n|-start|p1b: Inosuke|Salt Cure\n|\n|-damage|p1b: Inosuke|86\/100|[from] Salt Cure\n|upkeep\n|turn|2\n|inactive|Xhzbxhdjdb has 30 seconds left.\n|\n|t:|1682943826\n|-end|p1a: Tomioka|Quark Drive|[silent]\n|switch|p1a: Shinobu|Flutter Mane, L50, shiny|100\/100\n|-end|p2a: Iron Hands|Quark Drive|[silent]\n|switch|p2a: Ting-Lu|Ting-Lu, L50|100\/100\n|-ability|p2a: Ting-Lu|Vessel of Ruin\n|move|p1b: Inosuke|Headlong Rush|p2a: Ting-Lu\n|-crit|p2a: Ting-Lu\n|-damage|p2a: Ting-Lu|46\/100\n|-unboost|p1b: Inosuke|def|1\n|-unboost|p1b: Inosuke|spd|1\n|move|p2b: Garganacl|Salt Cure|p1a: Shinobu\n|-damage|p1a: Shinobu|73\/100\n|-start|p1a: Shinobu|Salt Cure\n|\n|-damage|p1b: Inosuke|74\/100|[from] Salt Cure\n|-damage|p1a: Shinobu|61\/100|[from] Salt Cure\n|upkeep\n|turn|3\n|inactive|Xhzbxhdjdb has 30 seconds left.\n|\n|t:|1682943860\n|switch|p2a: Hippowdon|Hippowdon, L50, F|100\/100\n|-weather|Sandstorm|[from] ability: Sand Stream|[of] p2a: Hippowdon\n|move|p2b: Garganacl|Wide Guard|p2b: Garganacl\n|-singleturn|p2b: Garganacl|Wide Guard\n|move|p1b: Inosuke|Headlong Rush|p2b: Garganacl\n|-supereffective|p2b: Garganacl\n|-damage|p2b: Garganacl|25\/100\n|-unboost|p1b: Inosuke|def|1\n|-unboost|p1b: Inosuke|spd|1\n|move|p1a: Shinobu|Moonblast|p2a: Hippowdon\n|-damage|p2a: Hippowdon|42\/100\n|\n|-weather|Sandstorm|[upkeep]\n|-damage|p1a: Shinobu|56\/100|[from] Sandstorm\n|-heal|p2b: Garganacl|31\/100|[from] item: Leftovers\n|-damage|p1b: Inosuke|62\/100|[from] Salt Cure\n|-damage|p1a: Shinobu|44\/100|[from] Salt Cure\n|upkeep\n|turn|4\n|inactive|Xhzbxhdjdb has 30 seconds left.\n|inactive|Xhzbxhdjdb has 20 seconds left.\n|inactive|Xhzbxhdjdb has 15 seconds left.\n|\n|t:|1682943905\n|move|p2a: Hippowdon|Protect|p2a: Hippowdon\n|-singleturn|p2a: Hippowdon|Protect\n|move|p1b: Inosuke|Headlong Rush|p2b: Garganacl\n|-supereffective|p2b: Garganacl\n|-damage|p2b: Garganacl|0 fnt\n|-unboost|p1b: Inosuke|def|1\n|-unboost|p1b: Inosuke|spd|1\n|faint|p2b: Garganacl\n|move|p1a: Shinobu|Moonblast|p2a: Hippowdon\n|-activate|p2a: Hippowdon|move: Protect\n|\n|-weather|Sandstorm|[upkeep]\n|-damage|p1a: Shinobu|38\/100|[from] Sandstorm\n|-damage|p1b: Inosuke|50\/100|[from] Salt Cure\n|-damage|p1a: Shinobu|26\/100|[from] Salt Cure\n|upkeep\n|\n|t:|1682943916\n|switch|p2b: Iron Hands|Iron Hands, L50|100\/100\n|turn|5\n|\n|t:|1682943936\n|-end|p1b: Inosuke|Protosynthesis|[silent]\n|switch|p1b: Tomioka|Iron Bundle, L50, shiny|100\/100\n|switch|p2a: Ting-Lu|Ting-Lu, L50|46\/100\n|-ability|p2a: Ting-Lu|Vessel of Ruin\n|move|p2b: Iron Hands|Fake Out|p1b: Tomioka\n|-crit|p1b: Tomioka\n|-damage|p1b: Tomioka|74\/100\n|move|p1a: Shinobu|Moonblast|p2a: Ting-Lu\n|-supereffective|p2a: Ting-Lu\n|-damage|p2a: Ting-Lu|0 fnt\n|faint|p2a: Ting-Lu\n|\n|-weather|Sandstorm|[upkeep]\n|-damage|p1b: Tomioka|68\/100|[from] Sandstorm\n|-damage|p1a: Shinobu|21\/100|[from] Sandstorm\n|-damage|p2b: Iron Hands|94\/100|[from] Sandstorm\n|-damage|p1a: Shinobu|9\/100|[from] Salt Cure\n|upkeep\n|\n|t:|1682943944\n|switch|p2a: Hippowdon|Hippowdon, L50, F|42\/100\n|turn|6\n|\n|t:|1682943956\n|-end|p1a: Shinobu|Protosynthesis|[silent]\n|switch|p1a: Rengoku|Chi-Yu, L50|100\/100\n|-ability|p1a: Rengoku|Beads of Ruin\n|move|p1b: Tomioka|Protect|p1b: Tomioka\n|-singleturn|p1b: Tomioka|Protect\n|move|p2b: Iron Hands|Drain Punch|p1b: Tomioka\n|-activate|p1b: Tomioka|move: Protect\n|move|p2a: Hippowdon|Sand Tomb|p1a: Rengoku\n|-supereffective|p1a: Rengoku\n|-damage|p1a: Rengoku|50\/100\n|-activate|p1a: Rengoku|move: Sand Tomb|[of] p2a: Hippowdon\n|\n|-weather|Sandstorm|[upkeep]\n|-damage|p1b: Tomioka|63\/100|[from] Sandstorm\n|-damage|p1a: Rengoku|44\/100|[from] Sandstorm\n|-damage|p2b: Iron Hands|88\/100|[from] Sandstorm\n|-damage|p1a: Rengoku|27\/100|[from] move: Sand Tomb|[partiallytrapped]\n|upkeep\n|turn|7\n|inactive|Xhzbxhdjdb has 30 seconds left.\n|\n|t:|1682943985\n|move|p2a: Hippowdon|Protect|p2a: Hippowdon\n|-singleturn|p2a: Hippowdon|Protect\n|move|p1b: Tomioka|Freeze-Dry|p2a: Hippowdon\n|-activate|p2a: Hippowdon|move: Protect\n|move|p1a: Rengoku|Overheat|p2b: Iron Hands\n|-damage|p2b: Iron Hands|0 fnt\n|-unboost|p1a: Rengoku|spa|2\n|faint|p2b: Iron Hands\n|-end|p2b: Iron Hands|Quark Drive|[silent]\n|-damage|p1a: Rengoku|17\/100|[from] item: Life Orb\n|\n|-weather|none\n|-damage|p1a: Rengoku|1\/100|[from] move: Sand Tomb|[partiallytrapped]\n|upkeep\n|turn|8\n|\n|t:|1682944003\n|-terastallize|p1b: Tomioka|Ice\n|move|p1b: Tomioka|Freeze-Dry|p2a: Hippowdon\n|-supereffective|p2a: Hippowdon\n|-damage|p2a: Hippowdon|0 fnt\n|faint|p2a: Hippowdon\n|\n|win|Hinokami Ascension\n|raw|Hinokami Ascension's rating: 1096 → 1117<\/strong> (+21 for winning)\n|raw|Xhzbxhdjdb's rating: 1035 → 1022<\/strong> (-13 for losing)\n|l|\u2606Xhzbxhdjdb\n","uploadtime":1682944025,"views":15,"p1id":"hinokamiascension","p2id":"xhzbxhdjdb","formatid":"gen9vgc2023regulationc","rating":1022,"private":0,"password":""}