{"id":"gen9vgc2023regulationc-1851683533","p1":"Om3gamouse","p2":"Lowfatcoffee","format":"[Gen 9] VGC 2023 Regulation C","log":"|j|\u2606Om3gamouse\n|j|\u2606Lowfatcoffee\n|t:|1682469538\n|gametype|doubles\n|player|p1|Om3gamouse|larry|1151\n|player|p2|Lowfatcoffee|lady|1070\n|teamsize|p1|6\n|teamsize|p2|6\n|gen|9\n|tier|[Gen 9] VGC 2023 Regulation C\n|rated|\n|rule|Species Clause: Limit one of each Pok\u00e9mon\n|rule|Item Clause: Limit one of each item\n|clearpoke\n|poke|p1|Arcanine, L50, F|\n|poke|p1|Iron Bundle, L50|\n|poke|p1|Amoonguss, L50, F|\n|poke|p1|Palafin, L50, M|\n|poke|p1|Tinkaton, L50, F|\n|poke|p1|Kingambit, L50, F|\n|poke|p2|Amoonguss, L50, M|\n|poke|p2|Roaring Moon, L50|\n|poke|p2|Murkrow, L50, F|\n|poke|p2|Palafin, L50, F|\n|poke|p2|Flutter Mane, L50|\n|poke|p2|Arcanine, L50, M|\n|teampreview|4\nOm3gamouse has agreed to open team sheets.\n|inactive|Battle timer is ON: inactive players will automatically lose when time's up. (requested by Om3gamouse)\n|inactive|Om3gamouse has 60 seconds left.\n|inactive|Lowfatcoffee has 60 seconds left.\n|inactive|Lowfatcoffee has 30 seconds left.\n|\n|t:|1682469607\n|start\n|switch|p1a: Kingambit|Kingambit, L50, F|100\/100\n|switch|p1b: Iron Bundle|Iron Bundle, L50|100\/100\n|switch|p2a: Flutter Mane|Flutter Mane, L50|100\/100\n|switch|p2b: Palafin|Palafin, L50, F|100\/100\n|-enditem|p1b: Iron Bundle|Booster Energy\n|-activate|p1b: Iron Bundle|ability: Quark Drive|[fromitem]\n|-start|p1b: Iron Bundle|quarkdrivespe\n|turn|1\n|inactive|Lowfatcoffee has 30 seconds left.\n|inactive|Lowfatcoffee has 20 seconds left.\n|\n|t:|1682469643\n|-terastallize|p2a: Flutter Mane|Fairy\n|move|p1a: Kingambit|Sucker Punch|p2a: Flutter Mane\n|-resisted|p2a: Flutter Mane\n|-damage|p2a: Flutter Mane|65\/100\n|move|p1b: Iron Bundle|Freeze-Dry|p2b: Palafin\n|-supereffective|p2b: Palafin\n|-damage|p2b: Palafin|0 fnt\n|faint|p2b: Palafin\n|move|p2a: Flutter Mane|Moonblast|p1a: Kingambit\n|-damage|p1a: Kingambit|34\/100\n|\n|upkeep\n|\n|t:|1682469657\n|switch|p2b: Amoonguss|Amoonguss, L50, M|100\/100\n|turn|2\n|\n|t:|1682469677\n|switch|p1a: Arcanine|Arcanine, L50, F|100\/100\n|-ability|p1a: Arcanine|Intimidate|boost\n|-unboost|p2a: Flutter Mane|atk|1\n|-unboost|p2b: Amoonguss|atk|1\n|move|p1b: Iron Bundle|Protect|p1b: Iron Bundle\n|-singleturn|p1b: Iron Bundle|Protect\n|move|p2a: Flutter Mane|Moonblast|p1a: Arcanine\n|-resisted|p1a: Arcanine\n|-damage|p1a: Arcanine|44\/100\n|move|p2b: Amoonguss|Spore|p1b: Iron Bundle\n|-activate|p1b: Iron Bundle|move: Protect\n|\n|upkeep\n|turn|3\n|inactive|Om3gamouse has 30 seconds left.\n|inactive|Om3gamouse has 20 seconds left.\n|\n|t:|1682469714\n|switch|p2b: Arcanine|Arcanine, L50, M|100\/100\n|-ability|p2b: Arcanine|Intimidate|boost\n|-unboost|p1a: Arcanine|atk|1\n|-unboost|p1b: Iron Bundle|atk|1\n|move|p1b: Iron Bundle|Icy Wind|p2a: Flutter Mane|[spread] p2a,p2b\n|-resisted|p2b: Arcanine\n|-damage|p2a: Flutter Mane|47\/100\n|-damage|p2b: Arcanine|90\/100\n|-unboost|p2a: Flutter Mane|spe|1\n|-unboost|p2b: Arcanine|spe|1\n|move|p1a: Arcanine|Flare Blitz|p2a: Flutter Mane\n|-damage|p2a: Flutter Mane|0 fnt\n|faint|p2a: Flutter Mane\n|-end|p2a: Flutter Mane|Protosynthesis|[silent]\n|-damage|p1a: Arcanine|30\/100|[from] Recoil\n|\n|upkeep\n|\n|t:|1682469728\n|switch|p2a: Amoonguss|Amoonguss, L50, M|100\/100\n|turn|4\n|\n|t:|1682469748\n|move|p2a: Amoonguss|Protect|p2a: Amoonguss\n|-singleturn|p2a: Amoonguss|Protect\n|move|p1b: Iron Bundle|Freeze-Dry|p2a: Amoonguss\n|-activate|p2a: Amoonguss|move: Protect\n|move|p1a: Arcanine|Flare Blitz|p2a: Amoonguss\n|-activate|p2a: Amoonguss|move: Protect\n|move|p2b: Arcanine|Flare Blitz|p1b: Iron Bundle\n|-damage|p1b: Iron Bundle|32\/100\n|-damage|p2b: Arcanine|75\/100|[from] Recoil\n|\n|upkeep\n|turn|5\n|inactive|Lowfatcoffee has 30 seconds left.\n|inactive|Lowfatcoffee has 20 seconds left.\n|\n|t:|1682469784\n|switch|p1a: Kingambit|Kingambit, L50, F|34\/100\n|move|p1b: Iron Bundle|Protect|p1b: Iron Bundle\n|-singleturn|p1b: Iron Bundle|Protect\n|move|p2b: Arcanine|Extreme Speed|p1a: Kingambit\n|-resisted|p1a: Kingambit\n|-damage|p1a: Kingambit|25\/100\n|move|p2a: Amoonguss|Rage Powder|p2a: Amoonguss\n|-singleturn|p2a: Amoonguss|move: Rage Powder\n|\n|upkeep\n|turn|6\n|inactive|Lowfatcoffee has 30 seconds left.\n|\n|t:|1682469815\n|-terastallize|p1a: Kingambit|Flying\n|move|p2a: Amoonguss|Rage Powder|p2a: Amoonguss\n|-singleturn|p2a: Amoonguss|move: Rage Powder\n|move|p1b: Iron Bundle|Icy Wind|p2a: Amoonguss|[spread] p2a,p2b\n|-supereffective|p2a: Amoonguss\n|-resisted|p2b: Arcanine\n|-damage|p2a: Amoonguss|62\/100\n|-damage|p2b: Arcanine|64\/100\n|-unboost|p2a: Amoonguss|spe|1\n|-unboost|p2b: Arcanine|spe|1\n|move|p1a: Kingambit|Tera Blast|p2a: Amoonguss\n|-supereffective|p2a: Amoonguss\n|-damage|p2a: Amoonguss|0 fnt\n|faint|p2a: Amoonguss\n|move|p2b: Arcanine|Flare Blitz|p1a: Kingambit\n|-damage|p1a: Kingambit|0 fnt\n|faint|p1a: Kingambit\n|-damage|p2b: Arcanine|56\/100|[from] Recoil\n|\n|upkeep\n|-message|Lowfatcoffee forfeited.\n|\n|win|Om3gamouse\n|raw|Om3gamouse's rating: 1169 → 1187<\/strong> (+18 for winning)\n|raw|Lowfatcoffee's rating: 1070 → 1055<\/strong> (-15 for losing)\n|l|\u2606Lowfatcoffee\n","uploadtime":1682469838,"views":14,"p1id":"om3gamouse","p2id":"lowfatcoffee","formatid":"gen9vgc2023regulationc","rating":1055,"private":0,"password":""}