{"id":"gen9vgc2023regulationc-1850063236","p1":"CmeaS23","p2":"juxp","format":"[Gen 9] VGC 2023 Regulation C","log":"|j|\u2606CmeaS23\n|j|\u2606juxp\n|t:|1682283176\n|gametype|doubles\n|player|p1|CmeaS23|1|1272\n|player|p2|juxp|acetrainerf-gen4|1213\n|teamsize|p1|6\n|teamsize|p2|6\n|gen|9\n|tier|[Gen 9] VGC 2023 Regulation C\n|rated|\n|rule|Species Clause: Limit one of each Pok\u00e9mon\n|rule|Item Clause: Limit one of each item\n|clearpoke\n|poke|p1|Scizor, L50, F|\n|poke|p1|Dragonite, L50, F|\n|poke|p1|Amoonguss, L50, M|\n|poke|p1|Flutter Mane, L50|\n|poke|p1|Gyarados, L50, M|\n|poke|p1|Ting-Lu, L50|\n|poke|p2|Kingambit, L50, M|\n|poke|p2|Palafin, L50, M|\n|poke|p2|Chi-Yu, L50|\n|poke|p2|Flutter Mane, L50|\n|poke|p2|Amoonguss, L50, M|\n|poke|p2|Gyarados, L50, F|\n|teampreview|4\n|\n|t:|1682283223\n|start\n|switch|p1a: Ting-Lu|Ting-Lu, L50|100\/100\n|switch|p1b: Gyarados|Gyarados, L50, M|100\/100\n|switch|p2a: Kingambit|Kingambit, L50, M, shiny|100\/100\n|switch|p2b: Palafin|Palafin, L50, M, shiny|100\/100\n|-ability|p1b: Gyarados|Intimidate|boost\n|-unboost|p2a: Kingambit|atk|1\n|-ability|p2a: Kingambit|Defiant|boost\n|-boost|p2a: Kingambit|atk|2\n|-unboost|p2b: Palafin|atk|1\n|-ability|p1a: Ting-Lu|Vessel of Ruin\n|turn|1\n|\n|t:|1682283243\n|detailschange|p2b: Palafin|Palafin-Hero, L50, M, shiny\n|switch|p2b: Gyarados|Gyarados, L50, F, shiny|100\/100\n|-ability|p2b: Gyarados|Intimidate|boost\n|-unboost|p1a: Ting-Lu|atk|1\n|-unboost|p1b: Gyarados|atk|1\n|move|p1b: Gyarados|Thunder Wave|p2b: Gyarados\n|-status|p2b: Gyarados|par\n|move|p2a: Kingambit|Low Kick|p1a: Ting-Lu\n|-supereffective|p1a: Ting-Lu\n|-damage|p1a: Ting-Lu|19\/100\n|move|p1a: Ting-Lu|Fissure|p2a: Kingambit|[miss]\n|-miss|p1a: Ting-Lu|p2a: Kingambit\n|\n|upkeep\n|turn|2\n|\n|t:|1682283308\n|switch|p1a: Dragonite|Dragonite, L50, F|100\/100\n|move|p1b: Gyarados|Thunder Wave|p2a: Kingambit\n|-status|p2a: Kingambit|par\n|move|p2b: Gyarados|Iron Head|p1b: Gyarados\n|-resisted|p1b: Gyarados\n|-damage|p1b: Gyarados|85\/100\n|move|p2a: Kingambit|Low Kick|p1a: Dragonite\n|-resisted|p1a: Dragonite\n|-damage|p1a: Dragonite|85\/100\n|\n|upkeep\n|turn|3\n|inactive|Battle timer is ON: inactive players will automatically lose when time's up. (requested by CmeaS23)\n|\n|t:|1682283337\n|switch|p2b: Palafin|Palafin-Hero, L50, M, shiny|100\/100\n|-activate|p2b: Palafin|ability: Zero to Hero\n|cant|p2a: Kingambit|par\n|move|p1b: Gyarados|Waterfall|p2a: Kingambit\n|-damage|p2a: Kingambit|80\/100 par\n|move|p1a: Dragonite|Tailwind|p1a: Dragonite\n|-sidestart|p1: CmeaS23|move: Tailwind\n|\n|upkeep\n|turn|4\n|\n|t:|1682283357\n|switch|p2b: Gyarados|Gyarados, L50, F, shiny|100\/100 par\n|-ability|p2b: Gyarados|Intimidate|boost\n|-unboost|p1a: Dragonite|atk|1\n|-unboost|p1b: Gyarados|atk|1\n|-terastallize|p1a: Dragonite|Flying\n|move|p2a: Kingambit|Sucker Punch|p1a: Dragonite\n|-damage|p1a: Dragonite|31\/100\n|move|p1b: Gyarados|Thunder Wave|p2b: Gyarados\n|-fail|p2b: Gyarados|par\n|move|p1a: Dragonite|Tera Blast|p2b: Gyarados\n|-damage|p2b: Gyarados|59\/100 par\n|\n|upkeep\n|turn|5\n|inactive|juxp has 30 seconds left.\n|\n|t:|1682283385\n|switch|p1a: Ting-Lu|Ting-Lu, L50|19\/100\n|-ability|p1a: Ting-Lu|Vessel of Ruin\n|move|p2a: Kingambit|Sucker Punch||[still]\n|-fail|p2a: Kingambit\n|move|p1b: Gyarados|Waterfall|p2b: Gyarados\n|-resisted|p2b: Gyarados\n|-damage|p2b: Gyarados|47\/100 par\n|move|p2b: Gyarados|Iron Head|p1b: Gyarados\n|-resisted|p1b: Gyarados\n|-damage|p1b: Gyarados|70\/100\n|\n|upkeep\n|turn|6\n|\n|t:|1682283404\n|switch|p1a: Amoonguss|Amoonguss, L50, M|100\/100\n|move|p2a: Kingambit|Sucker Punch||[still]\n|-fail|p2a: Kingambit\n|move|p1b: Gyarados|Waterfall|p2a: Kingambit\n|-damage|p2a: Kingambit|64\/100 par\n|move|p2b: Gyarados|Waterfall|p1a: Amoonguss\n|-resisted|p1a: Amoonguss\n|-damage|p1a: Amoonguss|86\/100\n|\n|-sideend|p1: CmeaS23|move: Tailwind\n|upkeep\n|turn|7\n|\n|t:|1682283425\n|switch|p1b: Dragonite|Dragonite, L50, F, tera:Flying|31\/100\n|switch|p2b: Palafin|Palafin-Hero, L50, M, shiny|100\/100\n|move|p1a: Amoonguss|Pollen Puff|p1b: Dragonite\n|-heal|p1b: Dragonite|80\/100\n|cant|p2a: Kingambit|par\n|\n|upkeep\n|turn|8\n|\n|t:|1682283453\n|-terastallize|p2b: Palafin|Water\n|move|p2a: Kingambit|Sucker Punch|p1b: Dragonite\n|-damage|p1b: Dragonite|22\/100\n|move|p2b: Palafin|Wave Crash|p1a: Amoonguss\n|-resisted|p1a: Amoonguss\n|-damage|p1a: Amoonguss|38\/100\n|-enditem|p1a: Amoonguss|Sitrus Berry|[eat]\n|-heal|p1a: Amoonguss|62\/100|[from] item: Sitrus Berry\n|-damage|p2b: Palafin|84\/100|[from] Recoil\n|move|p1b: Dragonite|Tera Blast|p2a: Kingambit\n|-resisted|p2a: Kingambit\n|-damage|p2a: Kingambit|40\/100 par\n|move|p1a: Amoonguss|Spore|p2b: Palafin\n|-status|p2b: Palafin|slp|[from] move: Spore\n|\n|upkeep\n|turn|9\n|\n|t:|1682283475\n|move|p1a: Amoonguss|Rage Powder|p1a: Amoonguss\n|-singleturn|p1a: Amoonguss|move: Rage Powder\n|move|p2a: Kingambit|Sucker Punch||[still]\n|-fail|p2a: Kingambit\n|cant|p2b: Palafin|slp\n|move|p1b: Dragonite|Tera Blast|p2b: Palafin\n|-damage|p2b: Palafin|30\/100 slp\n|\n|upkeep\n|turn|10\n|\n|t:|1682283499\n|move|p1a: Amoonguss|Rage Powder|p1a: Amoonguss\n|-singleturn|p1a: Amoonguss|move: Rage Powder\n|cant|p2b: Palafin|slp\n|move|p1b: Dragonite|Tera Blast|p2b: Palafin\n|-damage|p2b: Palafin|0 fnt\n|faint|p2b: Palafin\n|move|p2a: Kingambit|Kowtow Cleave|p1a: Amoonguss\n|-damage|p1a: Amoonguss|12\/100\n|\n|upkeep\n|\n|t:|1682283509\n|switch|p2b: Chi-Yu|Chi-Yu, L50|100\/100\n|-ability|p2b: Chi-Yu|Beads of Ruin\n|turn|11\n|\n|t:|1682283529\n|switch|p1b: Ting-Lu|Ting-Lu, L50|19\/100\n|-ability|p1b: Ting-Lu|Vessel of Ruin\n|move|p2b: Chi-Yu|Heat Wave|p1b: Ting-Lu|[spread] p1a,p1b\n|-supereffective|p1a: Amoonguss\n|-damage|p1a: Amoonguss|0 fnt\n|-damage|p1b: Ting-Lu|0 fnt\n|faint|p1a: Amoonguss\n|faint|p1b: Ting-Lu\n|move|p2a: Kingambit|Kowtow Cleave|p1: Amoonguss|[notarget]\n|-fail|p2a: Kingambit\n|\n|upkeep\n|\n|t:|1682283536\n|switch|p1b: Dragonite|Dragonite, L50, F, tera:Flying|22\/100\n|switch|p1a: Gyarados|Gyarados, L50, M|70\/100\n|-ability|p1a: Gyarados|Intimidate|boost\n|-unboost|p2a: Kingambit|atk|1\n|-ability|p2a: Kingambit|Defiant|boost\n|-boost|p2a: Kingambit|atk|2\n|-unboost|p2b: Chi-Yu|atk|1\n|turn|12\n|\n|t:|1682283547\n|move|p2a: Kingambit|Sucker Punch|p1a: Gyarados\n|-damage|p1a: Gyarados|0 fnt\n|faint|p1a: Gyarados\n|move|p2b: Chi-Yu|Heat Wave|p1b: Dragonite\n|-damage|p1b: Dragonite|0 fnt\n|faint|p1b: Dragonite\n|\n|win|juxp\n|raw|CmeaS23's rating: 1272 → 1243<\/strong> (-29 for losing)\n|raw|juxp's rating: 1213 → 1242<\/strong> (+29 for winning)\n|l|\u2606CmeaS23\n","uploadtime":1682283564,"views":10,"p1id":"cmeas23","p2id":"juxp","formatid":"gen9vgc2023regulationc","rating":1242,"private":0,"password":""}