{"id":"gen9vgc2023regulationc-1861445356","p1":"thunderlour","p2":"SeydouVGC","format":"[Gen 9] VGC 2023 Regulation C","log":"|j|\u2606thunderlour\n|j|\u2606SeydouVGC\n|t:|1683758767\n|gametype|doubles\n|player|p1|thunderlour|lucas-gen4pt|1202\n|player|p2|SeydouVGC|flint|1166\n|teamsize|p1|6\n|teamsize|p2|6\n|gen|9\n|tier|[Gen 9] VGC 2023 Regulation C\n|rated|\n|rule|Species Clause: Limit one of each Pok\u00e9mon\n|rule|Item Clause: Limit one of each item\n|clearpoke\n|poke|p1|Annihilape, L50, F|\n|poke|p1|Iron Bundle, L50|\n|poke|p1|Flutter Mane, L50|\n|poke|p1|Abomasnow, L50, M|\n|poke|p1|Wo-Chien, L50|\n|poke|p1|Gyarados, L50, M|\n|poke|p2|Torkoal, L50, M|\n|poke|p2|Bronzong, L50|\n|poke|p2|Gyarados, L50, M|\n|poke|p2|Amoonguss, L50, F|\n|poke|p2|Roaring Moon, L50|\n|poke|p2|Ting-Lu, L50|\n|teampreview|4\n|\n|t:|1683758814\n|start\n|switch|p1a: Annihilape|Annihilape, L50, F|100\/100\n|switch|p1b: Flutter Mane|Flutter Mane, L50|100\/100\n|switch|p2a: Bronzong|Bronzong, L50, shiny|100\/100\n|switch|p2b: Gyarados|Gyarados, L50, M, shiny|100\/100\n|-ability|p2b: Gyarados|Intimidate|boost\n|-unboost|p1a: Annihilape|atk|1\n|-ability|p1a: Annihilape|Defiant|boost\n|-boost|p1a: Annihilape|atk|2\n|-unboost|p1b: Flutter Mane|atk|1\n|turn|1\n|\n|t:|1683758839\n|-terastallize|p2a: Bronzong|Fire\n|move|p1b: Flutter Mane|Taunt|p2a: Bronzong\n|-start|p2a: Bronzong|move: Taunt\n|move|p2b: Gyarados|Iron Head|p1b: Flutter Mane\n|-supereffective|p1b: Flutter Mane\n|-damage|p1b: Flutter Mane|19\/100\n|move|p1a: Annihilape|Bulk Up|p1a: Annihilape\n|-boost|p1a: Annihilape|atk|1\n|-boost|p1a: Annihilape|def|1\n|cant|p2a: Bronzong|move: Taunt|Trick Room\n|\n|-heal|p1b: Flutter Mane|25\/100|[from] item: Leftovers\n|upkeep\n|turn|2\n|\n|t:|1683758864\n|-end|p1b: Flutter Mane|Protosynthesis|[silent]\n|switch|p1b: Wo-Chien|Wo-Chien, L50|100\/100\n|-ability|p1b: Wo-Chien|Tablets of Ruin\n|move|p2b: Gyarados|Taunt|p1a: Annihilape\n|-start|p1a: Annihilape|move: Taunt\n|cant|p1a: Annihilape|move: Taunt|Bulk Up\n|move|p2a: Bronzong|Heavy Slam|p1b: Wo-Chien\n|-damage|p1b: Wo-Chien|87\/100\n|-damage|p2a: Bronzong|84\/100|[from] item: Rocky Helmet|[of] p1b: Wo-Chien\n|\n|upkeep\n|turn|3\n|\n|t:|1683758886\n|switch|p2a: Amoonguss|Amoonguss, L50, F, shiny|100\/100\n|move|p2b: Gyarados|Taunt|p1b: Wo-Chien\n|-start|p1b: Wo-Chien|move: Taunt\n|move|p1a: Annihilape|Drain Punch|p2a: Amoonguss\n|-resisted|p2a: Amoonguss\n|-damage|p2a: Amoonguss|81\/100\n|cant|p1b: Wo-Chien|move: Taunt|Leech Seed\n|\n|upkeep\n|turn|4\n|\n|t:|1683758907\n|switch|p2b: Bronzong|Bronzong, L50, shiny, tera:Fire|84\/100\n|switch|p1a: Abomasnow|Abomasnow, L50, M|100\/100\n|-weather|Snow|[from] ability: Snow Warning|[of] p1a: Abomasnow\n|move|p2a: Amoonguss|Rage Powder|p2a: Amoonguss\n|-singleturn|p2a: Amoonguss|move: Rage Powder\n|move|p1b: Wo-Chien|Ruination|p2b: Bronzong\n|-damage|p2b: Bronzong|42\/100\n|\n|-weather|Snow|[upkeep]\n|upkeep\n|turn|5\n|\n|t:|1683758935\n|switch|p2a: Torkoal|Torkoal, L50, M, shiny|100\/100\n|-weather|SunnyDay|[from] ability: Drought|[of] p2a: Torkoal\n|move|p1b: Wo-Chien|Ruination|p2b: Bronzong\n|-damage|p2b: Bronzong|22\/100\n|move|p1a: Abomasnow|Blizzard|p2b: Bronzong|[spread] p2a,p2b\n|-resisted|p2a: Torkoal\n|-resisted|p2b: Bronzong\n|-damage|p2a: Torkoal|81\/100\n|-damage|p2b: Bronzong|10\/100\n|move|p2b: Bronzong|Trick Room|p2b: Bronzong\n|-fieldstart|move: Trick Room|[of] p2b: Bronzong\n|\n|-weather|SunnyDay|[upkeep]\n|-end|p1b: Wo-Chien|move: Taunt\n|upkeep\n|turn|6\n|\n|t:|1683758951\n|switch|p2b: Amoonguss|Amoonguss, L50, F, shiny|100\/100\n|switch|p1a: Flutter Mane|Flutter Mane, L50|25\/100\n|-activate|p1a: Flutter Mane|ability: Protosynthesis\n|-start|p1a: Flutter Mane|protosynthesisspe\n|move|p1b: Wo-Chien|Protect|p1b: Wo-Chien\n|-singleturn|p1b: Wo-Chien|Protect\n|move|p2a: Torkoal|Eruption|p1b: Wo-Chien|[spread] p1a\n|-activate|p1b: Wo-Chien|move: Protect\n|-damage|p1a: Flutter Mane|0 fnt\n|faint|p1a: Flutter Mane\n|-end|p1a: Flutter Mane|Protosynthesis|[silent]\n|\n|-weather|SunnyDay|[upkeep]\n|upkeep\n|\n|t:|1683758962\n|switch|p1a: Abomasnow|Abomasnow, L50, M|100\/100\n|-weather|Snow|[from] ability: Snow Warning|[of] p1a: Abomasnow\n|turn|7\n|\n|t:|1683758997\n|move|p2a: Torkoal|Eruption|p1b: Wo-Chien|[spread] p1a,p1b\n|-supereffective|p1a: Abomasnow\n|-supereffective|p1b: Wo-Chien\n|-enditem|p1a: Abomasnow|Focus Sash\n|-damage|p1a: Abomasnow|1\/100\n|-damage|p1b: Wo-Chien|26\/100\n|move|p2b: Amoonguss|Pollen Puff|p2a: Torkoal\n|-heal|p2a: Torkoal|100\/100\n|move|p1a: Abomasnow|Aurora Veil|p1a: Abomasnow\n|-sidestart|p1: thunderlour|move: Aurora Veil\n|move|p1b: Wo-Chien|Leech Seed|p2a: Torkoal\n|-start|p2a: Torkoal|move: Leech Seed\n|\n|-weather|Snow|[upkeep]\n|-damage|p2a: Torkoal|88\/100|[from] Leech Seed|[of] p1b: Wo-Chien\n|-heal|p1b: Wo-Chien|38\/100|[silent]\n|upkeep\n|turn|8\n|\n|t:|1683759014\n|move|p1b: Wo-Chien|Protect|p1b: Wo-Chien\n|-singleturn|p1b: Wo-Chien|Protect\n|move|p2a: Torkoal|Eruption|p1a: Abomasnow|[spread] p1a\n|-activate|p1b: Wo-Chien|move: Protect\n|-supereffective|p1a: Abomasnow\n|-damage|p1a: Abomasnow|0 fnt\n|faint|p1a: Abomasnow\n|move|p2b: Amoonguss|Pollen Puff|p2a: Torkoal\n|-heal|p2a: Torkoal|100\/100\n|\n|-weather|Snow|[upkeep]\n|-damage|p2a: Torkoal|88\/100|[from] Leech Seed|[of] p1b: Wo-Chien\n|-heal|p1b: Wo-Chien|49\/100|[silent]\n|upkeep\n|\n|t:|1683759018\n|switch|p1a: Annihilape|Annihilape, L50, F|100\/100\n|turn|9\n|\n|t:|1683759041\n|-terastallize|p1a: Annihilape|Fire\n|move|p2a: Torkoal|Eruption|p1b: Wo-Chien|[spread] p1a,p1b\n|-resisted|p1a: Annihilape\n|-supereffective|p1b: Wo-Chien\n|-damage|p1a: Annihilape|84\/100\n|-damage|p1b: Wo-Chien|0 fnt\n|faint|p1b: Wo-Chien\n|move|p2b: Amoonguss|Spore|p1a: Annihilape\n|-status|p1a: Annihilape|slp|[from] move: Spore\n|cant|p1a: Annihilape|slp\n|\n|-weather|Snow|[upkeep]\n|-fieldend|move: Trick Room\n|upkeep\n|turn|10\n|-message|thunderlour forfeited.\n|\n|win|SeydouVGC\n|raw|thunderlour's rating: 1202 → 1174<\/strong> (-28 for losing)\n|raw|SeydouVGC's rating: 1166 → 1194<\/strong> (+28 for winning)\n|l|\u2606thunderlour\n","uploadtime":1683759055,"views":6,"p1id":"thunderlour","p2id":"seydouvgc","formatid":"gen9vgc2023regulationc","rating":1174,"private":0,"password":""}