{"id":"gen9vgc2023regulationc-1857950890","p1":"CH4NGE","p2":"BizRizz","format":"[Gen 9] VGC 2023 Regulation C","log":"|j|\u2606CH4NGE\n|j|\u2606BizRizz\n|t:|1683251368\n|gametype|doubles\n|player|p1|CH4NGE|lady|1305\n|player|p2|BizRizz|ghetsis-gen5bw|1229\n|teamsize|p1|6\n|teamsize|p2|6\n|gen|9\n|tier|[Gen 9] VGC 2023 Regulation C\n|rated|\n|rule|Species Clause: Limit one of each Pok\u00e9mon\n|rule|Item Clause: Limit one of each item\n|clearpoke\n|poke|p1|Flutter Mane, L50|\n|poke|p1|Arcanine, L50, M|\n|poke|p1|Palafin, L50, M|\n|poke|p1|Amoonguss, L50, F|\n|poke|p1|Dragonite, L50, F|\n|poke|p1|Ting-Lu, L50|\n|poke|p2|Dragonite, L50, M|\n|poke|p2|Ting-Lu, L50|\n|poke|p2|Chien-Pao, L50|\n|poke|p2|Corviknight, L50, M|\n|poke|p2|Amoonguss, L50, F|\n|poke|p2|Sylveon, L50, M|\n|teampreview|4\nCH4NGE has agreed to open team sheets.\nBizRizz rejected open team sheets.\n|\n|t:|1683251441\n|start\n|switch|p1a: Arcanine|Arcanine, L50, M|100\/100\n|switch|p1b: Flutter Mane|Flutter Mane, L50|100\/100\n|switch|p2a: Corviknight|Corviknight, L50, M, shiny|100\/100\n|switch|p2b: Ting-Lu|Ting-Lu, L50|100\/100\n|-ability|p1a: Arcanine|Intimidate|boost\n|-ability|p2a: Corviknight|Mirror Armor\n|-unboost|p1a: Arcanine|atk|1\n|-unboost|p2b: Ting-Lu|atk|1\n|-ability|p2b: Ting-Lu|Vessel of Ruin\n|turn|1\n|\n|t:|1683251492\n|-end|p1b: Flutter Mane|Protosynthesis|[silent]\n|switch|p1b: Dragonite|Dragonite, L50, F|100\/100\n|switch|p2b: Sylveon|Sylveon, L50, M|100\/100\n|move|p1a: Arcanine|Will-O-Wisp|p2b: Sylveon|[miss]\n|-miss|p1a: Arcanine|p2b: Sylveon\n|move|p2a: Corviknight|Tailwind|p2a: Corviknight\n|-sidestart|p2: BizRizz|move: Tailwind\n|\n|upkeep\n|turn|2\n|\n|t:|1683251520\n|switch|p2a: Ting-Lu|Ting-Lu, L50|100\/100\n|-ability|p2a: Ting-Lu|Vessel of Ruin\n|-terastallize|p1b: Dragonite|Normal\n|move|p1b: Dragonite|Extreme Speed|p2b: Sylveon\n|-damage|p2b: Sylveon|41\/100\n|move|p2b: Sylveon|Hyper Voice|p1b: Dragonite|[spread] p1a,p1b\n|-resisted|p1a: Arcanine\n|-damage|p1a: Arcanine|88\/100\n|-damage|p1b: Dragonite|87\/100\n|-enditem|p2b: Sylveon|Throat Spray\n|-boost|p2b: Sylveon|spa|1|[from] item: Throat Spray\n|move|p1a: Arcanine|Howl|p1a: Arcanine|[spread] p1a,p1b\n|-boost|p1a: Arcanine|atk|1\n|-boost|p1b: Dragonite|atk|1\n|\n|upkeep\n|turn|3\n|\n|t:|1683251553\n|switch|p2a: Dragonite|Dragonite, L50, M|100\/100\n|move|p2b: Sylveon|Protect|p2b: Sylveon\n|-singleturn|p2b: Sylveon|Protect\n|move|p1b: Dragonite|Extreme Speed|p2b: Sylveon\n|-activate|p2b: Sylveon|move: Protect\n|move|p1a: Arcanine|Will-O-Wisp|p2a: Dragonite\n|-status|p2a: Dragonite|brn\n|\n|-damage|p2a: Dragonite|95\/100 brn|[from] brn\n|upkeep\n|turn|4\n|\n|t:|1683251577\n|switch|p2b: Corviknight|Corviknight, L50, M, shiny|100\/100\n|move|p2a: Dragonite|Extreme Speed|p1b: Dragonite\n|-damage|p1b: Dragonite|73\/100\n|move|p1b: Dragonite|Extreme Speed|p2b: Corviknight\n|-resisted|p2b: Corviknight\n|-crit|p2b: Corviknight\n|-damage|p2b: Corviknight|54\/100\n|move|p1a: Arcanine|Howl|p1a: Arcanine|[spread] p1a,p1b\n|-boost|p1a: Arcanine|atk|1\n|-boost|p1b: Dragonite|atk|1\n|\n|-damage|p2a: Dragonite|89\/100 brn|[from] brn\n|-sideend|p2: BizRizz|move: Tailwind\n|upkeep\n|turn|5\n|\n|t:|1683251602\n|-terastallize|p2b: Corviknight|Fire\n|move|p2a: Dragonite|Extreme Speed|p1a: Arcanine\n|-damage|p1a: Arcanine|71\/100\n|move|p1a: Arcanine|Flare Blitz|p2b: Corviknight\n|-resisted|p2b: Corviknight\n|-damage|p2b: Corviknight|28\/100\n|-damage|p1a: Arcanine|63\/100|[from] Recoil\n|move|p1b: Dragonite|Ice Spinner|p2a: Dragonite\n|-supereffective|p2a: Dragonite\n|-damage|p2a: Dragonite|0 fnt\n|faint|p2a: Dragonite\n|move|p2b: Corviknight|Brave Bird|p1b: Dragonite\n|-damage|p1b: Dragonite|32\/100\n|-damage|p2b: Corviknight|15\/100|[from] Recoil\n|\n|upkeep\n|\n|t:|1683251618\n|switch|p2a: Ting-Lu|Ting-Lu, L50|100\/100\n|-ability|p2a: Ting-Lu|Vessel of Ruin\n|turn|6\n|\n|t:|1683251634\n|move|p1b: Dragonite|Extreme Speed|p2b: Corviknight\n|-damage|p2b: Corviknight|0 fnt\n|faint|p2b: Corviknight\n|move|p1a: Arcanine|Will-O-Wisp|p2a: Ting-Lu\n|-status|p2a: Ting-Lu|brn\n|move|p2a: Ting-Lu|Stomping Tantrum|p1a: Arcanine\n|-supereffective|p1a: Arcanine\n|-crit|p1a: Arcanine\n|-damage|p1a: Arcanine|7\/100\n|\n|-damage|p2a: Ting-Lu|95\/100 brn|[from] brn\n|upkeep\n|\n|t:|1683251644\n|switch|p2b: Sylveon|Sylveon, L50, M|41\/100\n|turn|7\n|\n|t:|1683251653\n|move|p2b: Sylveon|Protect|p2b: Sylveon\n|-singleturn|p2b: Sylveon|Protect\n|move|p1a: Arcanine|Howl|p1a: Arcanine|[spread] p1a,p1b\n|-boost|p1a: Arcanine|atk|1\n|-boost|p1b: Dragonite|atk|1\n|move|p1b: Dragonite|Ice Spinner|p2a: Ting-Lu\n|-supereffective|p2a: Ting-Lu\n|-damage|p2a: Ting-Lu|0 fnt\n|faint|p2a: Ting-Lu\n|\n|upkeep\n|turn|8\n|-message|BizRizz forfeited.\n|\n|win|CH4NGE\n|raw|CH4NGE's rating: 1305 → 1321<\/strong> (+16 for winning)\n|raw|BizRizz's rating: 1229 → 1209<\/strong> (-20 for losing)\n|l|\u2606BizRizz\n","uploadtime":1683251668,"views":10,"p1id":"ch4nge","p2id":"bizrizz","formatid":"gen9vgc2023regulationc","rating":1209,"private":0,"password":""}