{"id":"gen9vgc2023regulationc-1845232853","p1":"nano2803","p2":"HeffNastyy","format":"[Gen 9] VGC 2023 Regulation C","log":"|j|\u2606nano2803\n|j|\u2606HeffNastyy\n|t:|1681699695\n|gametype|doubles\n|player|p1|nano2803|steven|\n|player|p2|HeffNastyy|lance|\n|teamsize|p1|6\n|teamsize|p2|6\n|gen|9\n|tier|[Gen 9] VGC 2023 Regulation C\n|rated|Tournament battle\n|rule|Species Clause: Limit one of each Pok\u00e9mon\n|rule|Item Clause: Limit one of each item\n|clearpoke\n|poke|p1|Glimmora, L50, M|\n|poke|p1|Flutter Mane, L50|\n|poke|p1|Garchomp, L50, F|\n|poke|p1|Talonflame, L50, F|\n|poke|p1|Gyarados, L50, F|\n|poke|p1|Kingambit, L50, M|\n|poke|p2|Garchomp, L50, F|\n|poke|p2|Chien-Pao, L50|\n|poke|p2|Talonflame, L50, M|\n|poke|p2|Gyarados, L50, F|\n|poke|p2|Flutter Mane, L50|\n|poke|p2|Iron Hands, L50|\n|teampreview|4\n|raw| Open Team Sheet for nano2803<\/summary>Glimmora @ Focus Sash Ability: Toxic Debris Level: 50 Tera Type: Flying - Power Gem - Earth Power - Mortal Spin - Spiky Shield Flutter Mane @ Booster Energy Ability: Protosynthesis Level: 50 Tera Type: Fairy - Moonblast - Dazzling Gleam - Hex - Protect Garchomp @ Choice Band Ability: Rough Skin Level: 50 Tera Type: Fire - Earthquake - Stomping Tantrum - Rock Slide - Tera Blast Talonflame @ Safety Goggles Ability: Gale Wings Level: 50 Tera Type: Ghost - Brave Bird - Tailwind - Will-O-Wisp - Taunt Gyarados @ Sitrus Berry Ability: Intimidate Level: 50 Tera Type: Grass - Waterfall - Thunder Wave - Helping Hand - Protect Kingambit @ Assault Vest Ability: Defiant Level: 50 Tera Type: Flying - Kowtow Cleave - Iron Head - Sucker Punch - Low Kick <\/details><\/div> Open Team Sheet for HeffNastyy<\/summary>Chompa (Garchomp) (F) @ Life Orb Ability: Rough Skin Level: 50 Shiny: Yes Tera Type: Fire - Earthquake - Dragon Claw - Rock Slide - Protect Chien-Pao @ Focus Sash Ability: Sword of Ruin Level: 50 Tera Type: Flying - Ice Spinner - Throat Chop - Haze - Protect Fawkes (Talonflame) @ Safety Goggles Ability: Gale Wings Level: 50 Shiny: Yes Tera Type: Ghost - Brave Bird - Will-O-Wisp - Tailwind - Quick Guard Jaws (Gyarados) @ Sitrus Berry Ability: Intimidate Level: 50 Shiny: Yes Tera Type: Steel - Waterfall - Taunt - Thunder Wave - Helping Hand Flutter Mane @ Booster Energy Ability: Protosynthesis Level: 50 Tera Type: Fairy - Moonblast - Shadow Ball - Dazzling Gleam - Protect Riley (Iron Hands) @ Assault Vest Ability: Quark Drive Level: 50 Tera Type: Grass - Volt Switch - Drain Punch - Wild Charge - Fake Out <\/details><\/div>\n|c|\u2606HeffNastyy|gl hf\n|c|\u2606nano2803|nice team lol\n|c|\u2606HeffNastyy|thanks u2 lol\n|\n|t:|1681699792\n|start\n|switch|p1a: Glimmora|Glimmora, L50, M|100\/100\n|switch|p1b: Talonflame|Talonflame, L50, F|100\/100\n|switch|p2a: Chien-Pao|Chien-Pao, L50|100\/100\n|switch|p2b: Riley|Iron Hands, L50|100\/100\n|-ability|p2a: Chien-Pao|Sword of Ruin\n|turn|1\n|j| rina slaywayama\n|inactive|Battle timer is ON: inactive players will automatically lose when time's up. (requested by HeffNastyy)\n|\n|t:|1681699841\n|switch|p1b: Flutter Mane|Flutter Mane, L50|100\/100\n|-enditem|p1b: Flutter Mane|Booster Energy\n|-activate|p1b: Flutter Mane|ability: Protosynthesis|[fromitem]\n|-start|p1b: Flutter Mane|protosynthesisspa\n|move|p2b: Riley|Fake Out|p1b: Flutter Mane\n|-immune|p1b: Flutter Mane\n|move|p2a: Chien-Pao|Ice Spinner|p1b: Flutter Mane\n|-damage|p1b: Flutter Mane|22\/100\n|move|p1a: Glimmora|Mortal Spin|p2b: Riley|[spread] p2a,p2b\n|-damage|p2a: Chien-Pao|95\/100\n|-damage|p2b: Riley|96\/100\n|-status|p2a: Chien-Pao|psn\n|-status|p2b: Riley|psn\n|\n|-damage|p2a: Chien-Pao|82\/100 psn|[from] psn\n|-damage|p2b: Riley|84\/100 psn|[from] psn\n|upkeep\n|turn|2\n|l| rina slaywayama\n|inactive|nano2803 has 30 seconds left.\n|inactive|HeffNastyy has 30 seconds left.\n|\n|t:|1681699867\n|-terastallize|p2b: Riley|Grass\n|move|p2a: Chien-Pao|Protect|p2a: Chien-Pao\n|-singleturn|p2a: Chien-Pao|Protect\n|move|p1b: Flutter Mane|Moonblast|p2b: Riley\n|-damage|p2b: Riley|51\/100 psn\n|-unboost|p2b: Riley|spa|1\n|move|p1a: Glimmora|Earth Power|p2b: Riley\n|-resisted|p2b: Riley\n|-damage|p2b: Riley|44\/100 psn\n|move|p2b: Riley|Wild Charge|p1b: Flutter Mane\n|-damage|p1b: Flutter Mane|0 fnt\n|faint|p1b: Flutter Mane\n|-end|p1b: Flutter Mane|Protosynthesis|[silent]\n|-damage|p2b: Riley|41\/100 psn|[from] Recoil\n|\n|-damage|p2a: Chien-Pao|70\/100 psn|[from] psn\n|-damage|p2b: Riley|28\/100 psn|[from] psn\n|upkeep\n|\n|t:|1681699874\n|switch|p1b: Talonflame|Talonflame, L50, F|100\/100\n|turn|3\n|inactive|nano2803 has 30 seconds left.\n|inactive|nano2803 has 20 seconds left.\n|inactive|nano2803 has 15 seconds left.\n|inactive|HeffNastyy has 30 seconds left.\n|inactive|HeffNastyy has 20 seconds left.\n|inactive|HeffNastyy has 15 seconds left.\n|inactive|HeffNastyy has 10 seconds left.\n|\n|t:|1681699939\n|switch|p2a: Chompa|Garchomp, L50, F, shiny|100\/100\n|move|p1b: Talonflame|Tailwind|p1b: Talonflame\n|-sidestart|p1: nano2803|move: Tailwind\n|move|p1a: Glimmora|Power Gem|p2a: Chompa\n|-resisted|p2a: Chompa\n|-damage|p2a: Chompa|79\/100\n|move|p2b: Riley|Drain Punch|p1a: Glimmora\n|-damage|p1a: Glimmora|55\/100\n|-heal|p2b: Riley|43\/100 psn|[from] drain|[of] p1a: Glimmora\n|-activate|p1a: Glimmora|ability: Toxic Debris\n|-sidestart|p2: HeffNastyy|move: Toxic Spikes\n|\n|-damage|p2b: Riley|31\/100 psn|[from] psn\n|upkeep\n|turn|4\n|inactive|nano2803 has 30 seconds left.\n|inactive|HeffNastyy has 30 seconds left.\n|inactive|nano2803 has 20 seconds left.\n|inactive|nano2803 has 15 seconds left.\n|\n|t:|1681699980\n|move|p1b: Talonflame|Will-O-Wisp|p2a: Chompa\n|-status|p2a: Chompa|brn\n|move|p1a: Glimmora|Power Gem|p2b: Riley\n|-damage|p2b: Riley|11\/100 psn\n|move|p2a: Chompa|Rock Slide|p1b: Talonflame|[spread] p1a,p1b\n|-supereffective|p1b: Talonflame\n|-damage|p1a: Glimmora|40\/100\n|-damage|p1b: Talonflame|23\/100\n|-activate|p1a: Glimmora|ability: Toxic Debris\n|-sidestart|p2: HeffNastyy|move: Toxic Spikes\n|-damage|p2a: Chompa|69\/100 brn|[from] item: Life Orb\n|move|p2b: Riley|Drain Punch|p1a: Glimmora\n|-damage|p1a: Glimmora|0 fnt\n|-heal|p2b: Riley|24\/100 psn|[from] drain|[of] p1a: Glimmora\n|faint|p1a: Glimmora\n|\n|-damage|p2b: Riley|12\/100 psn|[from] psn\n|-damage|p2a: Chompa|63\/100 brn|[from] brn\n|upkeep\n|\n|t:|1681699985\n|switch|p1a: Garchomp|Garchomp, L50, F|100\/100\n|turn|5\n|inactive|HeffNastyy has 30 seconds left.\n|inactive|nano2803 has 30 seconds left.\n|inactive|HeffNastyy has 20 seconds left.\n|\n|t:|1681700021\n|move|p2a: Chompa|Protect|p2a: Chompa\n|-singleturn|p2a: Chompa|Protect\n|move|p1b: Talonflame|Brave Bird|p2a: Chompa\n|-activate|p2a: Chompa|move: Protect\n|move|p1a: Garchomp|Earthquake|p2b: Riley|[spread] p2b\n|-activate|p2a: Chompa|move: Protect\n|-immune|p1b: Talonflame\n|-resisted|p2b: Riley\n|-damage|p2b: Riley|0 fnt\n|faint|p2b: Riley\n|-end|p2b: Riley|Quark Drive|[silent]\n|\n|-damage|p2a: Chompa|58\/100 brn|[from] brn\n|upkeep\n|\n|t:|1681700034\n|switch|p2b: Fawkes|Talonflame, L50, M, shiny|100\/100\n|turn|6\n|c|\u2606nano2803|g\n|c|\u2606nano2803|g\n|\n|t:|1681700055\n|move|p2b: Fawkes|Tailwind|p2b: Fawkes\n|-sidestart|p2: HeffNastyy|move: Tailwind\n|move|p1b: Talonflame|Brave Bird|p2b: Fawkes\n|-damage|p2b: Fawkes|40\/100\n|-damage|p1b: Talonflame|0 fnt|[from] Recoil\n|faint|p1b: Talonflame\n|move|p1a: Garchomp|Earthquake|p2a: Chompa|[spread] p2a\n|-immune|p2b: Fawkes\n|-damage|p2a: Chompa|0 fnt\n|faint|p2a: Chompa\n|\n|-sideend|p1: nano2803|move: Tailwind\n|upkeep\n|\n|t:|1681700067\n|switch|p2a: Chien-Pao|Chien-Pao, L50|70\/100 psn\n|-ability|p2a: Chien-Pao|Sword of Ruin\n|turn|7\n|\n|t:|1681700083\n|-terastallize|p1a: Garchomp|Fire\n|move|p2a: Chien-Pao|Ice Spinner|p1a: Garchomp\n|-resisted|p1a: Garchomp\n|-damage|p1a: Garchomp|74\/100\n|-damage|p2a: Chien-Pao|58\/100 psn|[from] ability: Rough Skin|[of] p1a: Garchomp\n|move|p2b: Fawkes|Brave Bird|p1a: Garchomp\n|-crit|p1a: Garchomp\n|-damage|p1a: Garchomp|0 fnt\n|-damage|p2b: Fawkes|27\/100|[from] ability: Rough Skin|[of] p1a: Garchomp\n|faint|p1a: Garchomp\n|-damage|p2b: Fawkes|3\/100|[from] Recoil\n|\n|win|HeffNastyy\n|n|\u2606nano2803|nano2803\n|n|\u2606HeffNastyy|heffnastyy\n|c|\u2606HeffNastyy|gg\n|c|\u2606nano2803|noooo\n|c|\u2606HeffNastyy|lol\n|c|\u2606HeffNastyy|was close\n|c|\u2606nano2803|wouldntve mattered but it still hurts\n|c|\u2606HeffNastyy|yeah\n","uploadtime":1681700110,"views":9,"p1id":"nano2803","p2id":"heffnastyy","formatid":"gen9vgc2023regulationc","rating":0,"private":0,"password":""}