{"id":"gen9vgc2023regulationc-1856353430","p1":"Dre702","p2":"carlospe1205","format":"[Gen 9] VGC 2023 Regulation C","log":"|j|\u2606Dre702\n|j|\u2606carlospe1205\n|t:|1683053439\n|gametype|doubles\n|player|p1|Dre702|2|1000\n|player|p2|carlospe1205|bugsy|1099\n|teamsize|p1|6\n|teamsize|p2|6\n|gen|9\n|tier|[Gen 9] VGC 2023 Regulation C\n|rated|\n|rule|Species Clause: Limit one of each Pok\u00e9mon\n|rule|Item Clause: Limit one of each item\n|clearpoke\n|poke|p1|Goodra, L50, F|\n|poke|p1|Pelipper, L50, M|\n|poke|p1|Tinkaton, L50, F|\n|poke|p1|Indeedee-F, L50, F|\n|poke|p1|Ting-Lu, L50|\n|poke|p1|Armarouge, L50, M|\n|poke|p2|Baxcalibur, L50, F|\n|poke|p2|Talonflame, L50, F|\n|poke|p2|Amoonguss, L50, M|\n|poke|p2|Grimmsnarl, L50, M|\n|poke|p2|Flutter Mane, L50|\n|poke|p2|Chi-Yu, L50|\n|teampreview|4\n|\n|t:|1683053477\n|start\n|switch|p1a: Tinkaton|Tinkaton, L50, F|100\/100\n|switch|p1b: Pelipper|Pelipper, L50, M|100\/100\n|switch|p2a: Krompus|Grimmsnarl, L50, M|100\/100\n|switch|p2b: AMOGUS|Amoonguss, L50, M|100\/100\n|-weather|RainDance|[from] ability: Drizzle|[of] p1b: Pelipper\n|turn|1\n|\n|t:|1683053505\n|move|p2a: Krompus|Fake Out|p1b: Pelipper\n|-damage|p1b: Pelipper|86\/100\n|move|p1a: Tinkaton|Gigaton Hammer|p2a: Krompus\n|-supereffective|p2a: Krompus\n|-damage|p2a: Krompus|0 fnt\n|faint|p2a: Krompus\n|cant|p1b: Pelipper|flinch\n|move|p2b: AMOGUS|Spore|p1b: Pelipper\n|-status|p1b: Pelipper|slp|[from] move: Spore\n|\n|-weather|RainDance|[upkeep]\n|-heal|p1b: Pelipper|92\/100 slp|[from] item: Leftovers\n|upkeep\n|\n|t:|1683053513\n|switch|p2a: Lourdes|Talonflame, L50, F|100\/100\n|turn|2\n|\n|t:|1683053527\n|move|p1a: Tinkaton|Protect|p1a: Tinkaton\n|-singleturn|p1a: Tinkaton|Protect\n|move|p2a: Lourdes|Tailwind|p2a: Lourdes\n|-sidestart|p2: carlospe1205|move: Tailwind\n|move|p2b: AMOGUS|Spore|p1a: Tinkaton\n|-activate|p1a: Tinkaton|move: Protect\n|cant|p1b: Pelipper|slp\n|\n|-weather|RainDance|[upkeep]\n|-heal|p1b: Pelipper|98\/100 slp|[from] item: Leftovers\n|upkeep\n|turn|3\n|\n|t:|1683053552\n|switch|p1a: Armarouge|Armarouge, L50, M|100\/100\n|move|p2a: Lourdes|Taunt|p1b: Pelipper\n|-start|p1b: Pelipper|move: Taunt\n|move|p2b: AMOGUS|Spore|p1a: Armarouge\n|-status|p1a: Armarouge|slp|[from] move: Spore\n|cant|p1b: Pelipper|slp\n|\n|-weather|RainDance|[upkeep]\n|-heal|p1b: Pelipper|100\/100 slp|[from] item: Leftovers\n|upkeep\n|turn|4\n|\n|t:|1683053592\n|switch|p2b: Spiny|Baxcalibur, L50, F|100\/100\n|move|p2a: Lourdes|Taunt|p1a: Armarouge\n|-start|p1a: Armarouge|move: Taunt\n|cant|p1a: Armarouge|slp\n|cant|p1b: Pelipper|slp\n|\n|-weather|RainDance|[upkeep]\n|upkeep\n|turn|5\n|\n|t:|1683053621\n|-terastallize|p2b: Spiny|Steel\n|move|p2a: Lourdes|Ember|p2b: Spiny\n|-supereffective|p2b: Spiny\n|-damage|p2b: Spiny|91\/100\n|-ability|p2b: Spiny|Thermal Exchange|boost\n|-boost|p2b: Spiny|atk|1\n|-enditem|p2b: Spiny|Weakness Policy\n|-boost|p2b: Spiny|atk|2|[from] item: Weakness Policy\n|-boost|p2b: Spiny|spa|2|[from] item: Weakness Policy\n|move|p2b: Spiny|Glaive Rush|p1b: Pelipper\n|-damage|p1b: Pelipper|0 fnt\n|-singlemove|p2b: Spiny|Glaive Rush|[silent]\n|faint|p1b: Pelipper\n|-curestatus|p1a: Armarouge|slp|[msg]\n|move|p1a: Armarouge|Expanding Force|p2b: Spiny\n|-resisted|p2b: Spiny\n|-damage|p2b: Spiny|34\/100\n|-damage|p1a: Armarouge|91\/100|[from] item: Life Orb\n|\n|-weather|none\n|-sideend|p2: carlospe1205|move: Tailwind\n|upkeep\n|\n|t:|1683053642\n|switch|p1b: Tinkaton|Tinkaton, L50, F|100\/100\n|turn|6\n|\n|t:|1683053669\n|move|p2b: Spiny|Protect|p2b: Spiny\n|-singleturn|p2b: Spiny|Protect\n|move|p1b: Tinkaton|Fake Out|p2b: Spiny\n|-activate|p2b: Spiny|move: Protect\n|move|p2a: Lourdes|Tailwind|p2a: Lourdes\n|-sidestart|p2: carlospe1205|move: Tailwind\n|move|p1a: Armarouge|Expanding Force|p2a: Lourdes\n|-crit|p2a: Lourdes\n|-damage|p2a: Lourdes|0 fnt\n|faint|p2a: Lourdes\n|-damage|p1a: Armarouge|81\/100|[from] item: Life Orb\n|\n|-end|p1a: Armarouge|move: Taunt\n|upkeep\n|\n|t:|1683053680\n|switch|p2a: AMOGUS|Amoonguss, L50, M|100\/100\n|turn|7\n|\n|t:|1683053712\n|switch|p1b: Indeedee|Indeedee-F, L50, F|100\/100\n|move|p1a: Armarouge|Protect|p1a: Armarouge\n|-singleturn|p1a: Armarouge|Protect\n|move|p2b: Spiny|Glaive Rush|p1a: Armarouge\n|-activate|p1a: Armarouge|move: Protect\n|move|p2a: AMOGUS|Pollen Puff|p2b: Spiny\n|-heal|p2b: Spiny|84\/100\n|\n|upkeep\n|turn|8\n|-message|Dre702 forfeited.\n|\n|win|carlospe1205\n|raw|Dre702's rating: 1000 → 1000<\/strong> (+0 for losing)\n|raw|carlospe1205's rating: 1099 → 1117<\/strong> (+18 for winning)\n|l|\u2606Dre702\n","uploadtime":1683053743,"views":7,"p1id":"dre702","p2id":"carlospe1205","formatid":"gen9vgc2023regulationc","rating":1000,"private":0,"password":""}