{"id":"gen9vgc2023regulationc-1847032638","p1":"Esspecialy","p2":"Supersuperscoops","format":"[Gen 9] VGC 2023 Regulation C","log":"|j|\u2606Esspecialy\n|j|\u2606Supersuperscoops\n|t:|1681913406\n|gametype|doubles\n|player|p1|Esspecialy|roughneck|1456\n|player|p2|Supersuperscoops|102|1478\n|teamsize|p1|6\n|teamsize|p2|6\n|gen|9\n|tier|[Gen 9] VGC 2023 Regulation C\n|rated|\n|rule|Species Clause: Limit one of each Pok\u00e9mon\n|rule|Item Clause: Limit one of each item\n|clearpoke\n|poke|p1|Roaring Moon, L50|\n|poke|p1|Great Tusk, L50|\n|poke|p1|Chi-Yu, L50|\n|poke|p1|Gholdengo, L50|\n|poke|p1|Iron Bundle, L50|\n|poke|p1|Flutter Mane, L50|\n|poke|p2|Ting-Lu, L50|\n|poke|p2|Chi-Yu, L50|\n|poke|p2|Amoonguss, L50, M|\n|poke|p2|Azumarill, L50, F|\n|poke|p2|Orthworm, L50, M|\n|poke|p2|Flutter Mane, L50|\n|teampreview|4\n|inactive|Battle timer is ON: inactive players will automatically lose when time's up. (requested by Supersuperscoops)\n|j| FrozenThorn\nEsspecialy rejected open team sheets.\n|\n|t:|1681913429\n|start\n|switch|p1a: Hoondoom|Chi-Yu, L50|100\/100\n|switch|p1b: Arctofish|Iron Bundle, L50|100\/100\n|switch|p2a: Flutter Mane|Flutter Mane, L50|100\/100\n|switch|p2b: Chi-Yu|Chi-Yu, L50|100\/100\n|-ability|p2b: Chi-Yu|Beads of Ruin\n|-ability|p1a: Hoondoom|Beads of Ruin\n|-enditem|p2a: Flutter Mane|Booster Energy\n|-activate|p2a: Flutter Mane|ability: Protosynthesis|[fromitem]\n|-start|p2a: Flutter Mane|protosynthesisspe\n|turn|1\n|j| Mybossisabum\n|\n|t:|1681913454\n|-terastallize|p1b: Arctofish|Water\n|move|p2a: Flutter Mane|Dazzling Gleam|p1a: Hoondoom|[spread] p1a,p1b\n|-damage|p1a: Hoondoom|64\/100\n|-damage|p1b: Arctofish|13\/100\n|move|p1b: Arctofish|Hydro Pump|p2b: Chi-Yu\n|-supereffective|p2b: Chi-Yu\n|-damage|p2b: Chi-Yu|0 fnt\n|faint|p2b: Chi-Yu\n|move|p1a: Hoondoom|Heat Wave|p2a: Flutter Mane\n|-damage|p2a: Flutter Mane|31\/100\n|\n|upkeep\n|\n|t:|1681913473\n|switch|p2b: Azumarill|Azumarill, L50, F|100\/100\n|turn|2\n|\n|t:|1681913496\n|move|p2b: Azumarill|Aqua Jet|p1a: Hoondoom\n|-supereffective|p1a: Hoondoom\n|-damage|p1a: Hoondoom|0 fnt\n|faint|p1a: Hoondoom\n|move|p2a: Flutter Mane|Dazzling Gleam|p1b: Arctofish\n|-damage|p1b: Arctofish|0 fnt\n|faint|p1b: Arctofish\n|-end|p1b: Arctofish|Quark Drive|[silent]\n|\n|upkeep\n|\n|t:|1681913499\n|switch|p1b: 1OfAKind|Great Tusk, L50, shiny|100\/100\n|switch|p1a: Mimicyou|Flutter Mane, L50|100\/100\n|turn|3\n|l| Mybossisabum\n|\n|t:|1681913510\n|move|p2a: Flutter Mane|Protect|p2a: Flutter Mane\n|-singleturn|p2a: Flutter Mane|Protect\n|move|p1b: 1OfAKind|Protect|p1b: 1OfAKind\n|-singleturn|p1b: 1OfAKind|Protect\n|move|p2b: Azumarill|Aqua Jet|p1b: 1OfAKind\n|-activate|p1b: 1OfAKind|move: Protect\n|move|p1a: Mimicyou|Dazzling Gleam|p2b: Azumarill|[spread] p2b\n|-activate|p2a: Flutter Mane|move: Protect\n|-damage|p2b: Azumarill|48\/100\n|\n|upkeep\n|turn|4\n|\n|t:|1681913519\n|move|p2b: Azumarill|Aqua Jet|p1b: 1OfAKind\n|-supereffective|p1b: 1OfAKind\n|-damage|p1b: 1OfAKind|56\/100\n|move|p2a: Flutter Mane|Dazzling Gleam|p1b: 1OfAKind|[spread] p1a,p1b\n|-crit|p1a: Mimicyou\n|-supereffective|p1b: 1OfAKind\n|-damage|p1a: Mimicyou|59\/100\n|-damage|p1b: 1OfAKind|0 fnt\n|faint|p1b: 1OfAKind\n|-end|p1b: 1OfAKind|Protosynthesis|[silent]\n|move|p1a: Mimicyou|Dazzling Gleam|p2b: Azumarill|[spread] p2a,p2b\n|-damage|p2a: Flutter Mane|0 fnt\n|-damage|p2b: Azumarill|0 fnt\n|faint|p2a: Flutter Mane\n|-end|p2a: Flutter Mane|Protosynthesis|[silent]\n|faint|p2b: Azumarill\n|\n|upkeep\n|\n|t:|1681913523\n|switch|p2b: Amoonguss|Amoonguss, L50, M|100\/100\n|turn|5\n|\n|t:|1681913530\n|move|p1a: Mimicyou|Dazzling Gleam|p2b: Amoonguss\n|-resisted|p2b: Amoonguss\n|-damage|p2b: Amoonguss|73\/100\n|move|p2b: Amoonguss|Spore|p1a: Mimicyou\n|-status|p1a: Mimicyou|slp|[from] move: Spore\n|\n|upkeep\n|turn|6\n|\n|t:|1681913533\n|cant|p1a: Mimicyou|slp\n|move|p2b: Amoonguss|Pollen Puff|p1a: Mimicyou\n|-resisted|p1a: Mimicyou\n|-damage|p1a: Mimicyou|56\/100 slp\n|\n|upkeep\n|turn|7\n|\n|t:|1681913535\n|cant|p1a: Mimicyou|slp\n|move|p2b: Amoonguss|Pollen Puff|p1a: Mimicyou\n|-resisted|p1a: Mimicyou\n|-damage|p1a: Mimicyou|52\/100 slp\n|\n|upkeep\n|turn|8\n|\n|t:|1681913539\n|cant|p1a: Mimicyou|slp\n|move|p2b: Amoonguss|Pollen Puff|p1a: Mimicyou\n|-resisted|p1a: Mimicyou\n|-damage|p1a: Mimicyou|48\/100 slp\n|\n|upkeep\n|turn|9\n|\n|t:|1681913541\n|-curestatus|p1a: Mimicyou|slp|[msg]\n|move|p1a: Mimicyou|Dazzling Gleam|p2b: Amoonguss\n|-resisted|p2b: Amoonguss\n|-damage|p2b: Amoonguss|47\/100\n|move|p2b: Amoonguss|Spore|p1a: Mimicyou\n|-status|p1a: Mimicyou|slp|[from] move: Spore\n|\n|upkeep\n|turn|10\n|\n|t:|1681913544\n|cant|p1a: Mimicyou|slp\n|move|p2b: Amoonguss|Pollen Puff|p1a: Mimicyou\n|-resisted|p1a: Mimicyou\n|-damage|p1a: Mimicyou|44\/100 slp\n|\n|upkeep\n|turn|11\n|\n|t:|1681913546\n|cant|p1a: Mimicyou|slp\n|move|p2b: Amoonguss|Pollen Puff|p1a: Mimicyou\n|-resisted|p1a: Mimicyou\n|-damage|p1a: Mimicyou|40\/100 slp\n|\n|upkeep\n|turn|12\n|\n|t:|1681913548\n|-curestatus|p1a: Mimicyou|slp|[msg]\n|move|p1a: Mimicyou|Dazzling Gleam|p2b: Amoonguss\n|-resisted|p2b: Amoonguss\n|-damage|p2b: Amoonguss|24\/100\n|move|p2b: Amoonguss|Pollen Puff|p1a: Mimicyou\n|-resisted|p1a: Mimicyou\n|-damage|p1a: Mimicyou|37\/100\n|\n|upkeep\n|turn|13\n|-message|Supersuperscoops forfeited.\n|\n|win|Esspecialy\n|raw|Esspecialy's rating: 1456 → 1477<\/strong> (+21 for winning)\n|raw|Supersuperscoops's rating: 1478 → 1457<\/strong> (-21 for losing)\n|l|\u2606Supersuperscoops\n","uploadtime":1681913556,"views":7,"p1id":"esspecialy","p2id":"supersuperscoops","formatid":"gen9vgc2023regulationc","rating":1457,"private":0,"password":""}