{"id":"gen9vgc2023regulationc-1850401832","p1":"pegasso","p2":"Akshajplayzpokemon","format":"[Gen 9] VGC 2023 Regulation C","log":"|j|\u2606pegasso\n|j|\u2606Akshajplayzpokemon\n|t:|1682331437\n|gametype|doubles\n|player|p1|pegasso|1|1067\n|player|p2|Akshajplayzpokemon|riley|1000\n|teamsize|p1|6\n|teamsize|p2|6\n|gen|9\n|tier|[Gen 9] VGC 2023 Regulation C\n|rated|\n|rule|Species Clause: Limit one of each Pok\u00e9mon\n|rule|Item Clause: Limit one of each item\n|clearpoke\n|poke|p1|Chi-Yu, L50|\n|poke|p1|Glimmora, L50, F|\n|poke|p1|Corviknight, L50, F|\n|poke|p1|Kingambit, L50, M|\n|poke|p1|Great Tusk, L50|\n|poke|p1|Rotom-Wash, L50|\n|poke|p2|Tatsugiri-Stretchy, L50, M|\n|poke|p2|Dondozo, L50, F|\n|poke|p2|Indeedee-F, L50, F|\n|poke|p2|Jolteon, L50, M|\n|poke|p2|Flamigo, L50, M|\n|poke|p2|Dragonite, L50, M|\n|teampreview|4\n|inactive|Battle timer is ON: inactive players will automatically lose when time's up. (requested by Akshajplayzpokemon)\n|\n|t:|1682331466\n|start\n|switch|p1a: Kingambit|Kingambit, L50, M|100\/100\n|switch|p1b: Great Tusk|Great Tusk, L50|100\/100\n|switch|p2a: Dondozo|Dondozo, L50, F|100\/100\n|switch|p2b: Tatsugiri|Tatsugiri-Stretchy, L50, M|100\/100\n|-activate|p2b: Tatsugiri|ability: Commander|[of] p2a: Dondozo\n|-boost|p2a: Dondozo|atk|2\n|-boost|p2a: Dondozo|spa|2\n|-boost|p2a: Dondozo|spe|2\n|-boost|p2a: Dondozo|def|2\n|-boost|p2a: Dondozo|spd|2\n|turn|1\n|inactive|pegasso has 30 seconds left.\n|\n|t:|1682331500\n|-end|p1b: Great Tusk|Protosynthesis|[silent]\n|switch|p1b: Glimmora|Glimmora, L50, F|100\/100\n|-terastallize|p1a: Kingambit|Fairy\n|move|p2a: Dondozo|Aqua Tail|p1b: Glimmora\n|-supereffective|p1b: Glimmora\n|-damage|p1b: Glimmora|0 fnt\n|-activate|p1b: Glimmora|ability: Toxic Debris\n|-sidestart|p2: Akshajplayzpokemon|move: Toxic Spikes\n|faint|p1b: Glimmora\n|move|p1a: Kingambit|Kowtow Cleave|p2a: Dondozo\n|-damage|p2a: Dondozo|85\/100\n|\n|-heal|p2a: Dondozo|92\/100|[from] item: Leftovers\n|-status|p2b: Tatsugiri|tox|[from] item: Toxic Orb\n|upkeep\n|\n|t:|1682331522\n|switch|p1b: Rotom|Rotom-Wash, L50|100\/100\n|turn|2\n|\n|t:|1682331536\n|switch|p1a: Great Tusk|Great Tusk, L50|100\/100\n|move|p2a: Dondozo|Order Up|p1b: Rotom\n|-damage|p1b: Rotom|50\/100\n|-boost|p2a: Dondozo|spe|1\n|move|p1b: Rotom|Discharge|p2b: Tatsugiri|[spread] p2a\n|-miss|p1b: Rotom|p2b: Tatsugiri\n|-immune|p1a: Great Tusk\n|-supereffective|p2a: Dondozo\n|-damage|p2a: Dondozo|74\/100\n|\n|-heal|p2a: Dondozo|81\/100|[from] item: Leftovers\n|-damage|p2b: Tatsugiri|94\/100 tox|[from] psn\n|upkeep\n|turn|3\n|\n|t:|1682331556\n|move|p1a: Great Tusk|Protect|p1a: Great Tusk\n|-singleturn|p1a: Great Tusk|Protect\n|move|p2a: Dondozo|Aqua Tail|p1a: Great Tusk\n|-activate|p1a: Great Tusk|move: Protect\n|move|p1b: Rotom|Discharge|p2b: Tatsugiri|[spread] p2a\n|-miss|p1b: Rotom|p2b: Tatsugiri\n|-activate|p1a: Great Tusk|move: Protect\n|-supereffective|p2a: Dondozo\n|-damage|p2a: Dondozo|64\/100\n|\n|-heal|p2a: Dondozo|70\/100|[from] item: Leftovers\n|-damage|p2b: Tatsugiri|82\/100 tox|[from] psn\n|upkeep\n|turn|4\n|inactive|pegasso has 30 seconds left.\n|\n|t:|1682331585\n|switch|p1b: Kingambit|Kingambit, L50, M, tera:Fairy|100\/100\n|move|p2a: Dondozo|Aqua Tail|p1a: Great Tusk\n|-supereffective|p1a: Great Tusk\n|-damage|p1a: Great Tusk|24\/100\n|move|p1a: Great Tusk|Headlong Rush|p2a: Dondozo\n|-damage|p2a: Dondozo|49\/100\n|-unboost|p1a: Great Tusk|def|1\n|-unboost|p1a: Great Tusk|spd|1\n|\n|-heal|p2a: Dondozo|55\/100|[from] item: Leftovers\n|-damage|p2b: Tatsugiri|63\/100 tox|[from] psn\n|upkeep\n|turn|5\n|\n|t:|1682331608\n|move|p1a: Great Tusk|Protect|p1a: Great Tusk\n|-singleturn|p1a: Great Tusk|Protect\n|move|p2a: Dondozo|Aqua Tail|p1a: Great Tusk\n|-activate|p1a: Great Tusk|move: Protect\n|move|p1b: Kingambit|Iron Head|p2a: Dondozo\n|-resisted|p2a: Dondozo\n|-damage|p2a: Dondozo|48\/100\n|\n|-heal|p2a: Dondozo|54\/100|[from] item: Leftovers\n|-damage|p2b: Tatsugiri|38\/100 tox|[from] psn\n|upkeep\n|turn|6\n|\n|t:|1682331623\n|-end|p1a: Great Tusk|Protosynthesis|[silent]\n|switch|p1a: Rotom|Rotom-Wash, L50|50\/100\n|move|p2a: Dondozo|Aqua Tail|p1a: Rotom\n|-resisted|p1a: Rotom\n|-damage|p1a: Rotom|9\/100\n|-enditem|p1a: Rotom|Aguav Berry|[eat]\n|-heal|p1a: Rotom|42\/100|[from] item: Aguav Berry\n|move|p1b: Kingambit|Kowtow Cleave|p2a: Dondozo\n|-crit|p2a: Dondozo\n|-damage|p2a: Dondozo|4\/100\n|\n|-heal|p2a: Dondozo|10\/100|[from] item: Leftovers\n|-damage|p2b: Tatsugiri|7\/100 tox|[from] psn\n|upkeep\n|turn|7\n|\n|t:|1682331647\n|move|p2a: Dondozo|Protect|p2a: Dondozo\n|-singleturn|p2a: Dondozo|Protect\n|move|p1b: Kingambit|Sucker Punch||[still]\n|-fail|p1b: Kingambit\n|move|p1a: Rotom|Light Screen|p1a: Rotom\n|-sidestart|p1: pegasso|move: Light Screen\n|\n|-heal|p2a: Dondozo|16\/100|[from] item: Leftovers\n|-damage|p2b: Tatsugiri|0 fnt|[from] psn\n|faint|p2b: Tatsugiri\n|upkeep\n|\n|t:|1682331656\n|switch|p2b: Flamigo|Flamigo, L50, M|100\/100\n|-copyboost|p2b: Flamigo|p2a: Dondozo|[from] ability: Costar\n|turn|8\n|inactive|pegasso has 30 seconds left.\n|inactive|Akshajplayzpokemon has 30 seconds left.\n|inactive|pegasso has 20 seconds left.\n|\n|t:|1682331700\n|move|p1b: Kingambit|Sucker Punch|p2a: Dondozo\n|-damage|p2a: Dondozo|3\/100\n|move|p2b: Flamigo|Brave Bird|p1b: Kingambit\n|-damage|p1b: Kingambit|0 fnt\n|-damage|p2b: Flamigo|84\/100|[from] item: Rocky Helmet|[of] p1b: Kingambit\n|faint|p1b: Kingambit\n|-damage|p2b: Flamigo|47\/100|[from] Recoil\n|-damage|p2b: Flamigo|37\/100|[from] item: Life Orb\n|move|p2a: Dondozo|Order Up|p1a: Rotom\n|-damage|p1a: Rotom|0 fnt\n|faint|p1a: Rotom\n|-boost|p2a: Dondozo|spe|1\n|\n|-heal|p2a: Dondozo|9\/100|[from] item: Leftovers\n|upkeep\n|inactive|pegasso has 30 seconds left.\n|\n|t:|1682331725\n|switch|p1b: Great Tusk|Great Tusk, L50|24\/100\n|turn|9\n|\n|t:|1682331734\n|move|p2b: Flamigo|Liquidation|p1b: Great Tusk\n|-supereffective|p1b: Great Tusk\n|-damage|p1b: Great Tusk|0 fnt\n|faint|p1b: Great Tusk\n|-end|p1b: Great Tusk|Protosynthesis|[silent]\n|-damage|p2b: Flamigo|28\/100|[from] item: Life Orb\n|\n|win|Akshajplayzpokemon\n|raw|pegasso's rating: 1067 → 1043<\/strong> (-24 for losing)\n|raw|Akshajplayzpokemon's rating: 1000 → 1048<\/strong> (+48 for winning)\n","uploadtime":1682331742,"views":22,"p1id":"pegasso","p2id":"akshajplayzpokemon","formatid":"gen9vgc2023regulationc","rating":1043,"private":0,"password":""}