{"id":"gen9vgc2023regulationc-1855512155","p1":"SquidBox","p2":"germany_cart","format":"[Gen 9] VGC 2023 Regulation C","log":"|j|\u2606SquidBox\n|j|\u2606germany_cart\n|t:|1682958025\n|gametype|doubles\n|player|p1|SquidBox|101|1091\n|player|p2|germany_cart|102|1039\n|teamsize|p1|6\n|teamsize|p2|6\n|gen|9\n|tier|[Gen 9] VGC 2023 Regulation C\n|rated|\n|rule|Species Clause: Limit one of each Pok\u00e9mon\n|rule|Item Clause: Limit one of each item\n|clearpoke\n|poke|p1|Iron Moth, L50|\n|poke|p1|Tauros-Paldea-Blaze, L50, M|\n|poke|p1|Foongus, L50, F|\n|poke|p1|Salamence, L50, M|\n|poke|p1|Tinkaton, L50, F|\n|poke|p1|Indeedee, L50, M|\n|poke|p2|Dondozo, L50, F|\n|poke|p2|Ting-Lu, L50|\n|poke|p2|Flutter Mane, L50|\n|poke|p2|Gholdengo, L50|\n|poke|p2|Iron Bundle, L50|\n|poke|p2|Dragonite, L50, M|\n|teampreview|4\n|inactive|Battle timer is ON: inactive players will automatically lose when time's up. (requested by SquidBox)\n|inactive|SquidBox has 60 seconds left.\n|inactive|germany_cart has 60 seconds left.\ngermany_cart rejected open team sheets.\n|\n|t:|1682958073\n|start\n|switch|p1a: Volcarona\u200e\u200e\u200e|Iron Moth, L50|100\/100\n|switch|p1b: Grimmsnarl\u200e|Tinkaton, L50, F|100\/100\n|switch|p2a: Dondozo|Dondozo, L50, F|100\/100\n|switch|p2b: Ting-Lu|Ting-Lu, L50|100\/100\n|-ability|p1b: Grimmsnarl\u200e|Mold Breaker\n|-ability|p2b: Ting-Lu|Vessel of Ruin\n|-enditem|p1a: Volcarona\u200e\u200e\u200e|Booster Energy\n|-activate|p1a: Volcarona\u200e\u200e\u200e|ability: Quark Drive|[fromitem]\n|-start|p1a: Volcarona\u200e\u200e\u200e|quarkdrivespe\n|turn|1\n|inactive|SquidBox has 30 seconds left.\n|\n|t:|1682958101\n|move|p1b: Grimmsnarl\u200e|Fake Out|p2b: Ting-Lu\n|-damage|p2b: Ting-Lu|96\/100\n|move|p1a: Volcarona\u200e\u200e\u200e|Fiery Dance|p2b: Ting-Lu\n|-damage|p2b: Ting-Lu|76\/100\n|-boost|p1a: Volcarona\u200e\u200e\u200e|spa|1\n|cant|p2b: Ting-Lu|flinch\n|move|p2a: Dondozo|Yawn|p1a: Volcarona\u200e\u200e\u200e\n|-start|p1a: Volcarona\u200e\u200e\u200e|move: Yawn|[of] p2a: Dondozo\n|\n|upkeep\n|turn|2\n|inactive|germany_cart has 30 seconds left.\n|inactive|germany_cart has 20 seconds left.\n|\n|t:|1682958137\n|move|p1a: Volcarona\u200e\u200e\u200e|Energy Ball|p2a: Dondozo\n|-supereffective|p2a: Dondozo\n|-damage|p2a: Dondozo|45\/100\n|move|p1b: Grimmsnarl\u200e|Knock Off|p2b: Ting-Lu\n|-resisted|p2b: Ting-Lu\n|-damage|p2b: Ting-Lu|71\/100\n|-enditem|p2b: Ting-Lu|Lum Berry|[from] move: Knock Off|[of] p1b: Grimmsnarl\u200e\n|move|p2b: Ting-Lu|Stealth Rock|p1b: Grimmsnarl\u200e\n|-sidestart|p1: SquidBox|move: Stealth Rock\n|move|p2a: Dondozo|Yawn||[still]\n|-fail|p2a: Dondozo\n|\n|-heal|p2a: Dondozo|51\/100|[from] item: Leftovers\n|-end|p1a: Volcarona\u200e\u200e\u200e|move: Yawn|[silent]\n|-status|p1a: Volcarona\u200e\u200e\u200e|slp\n|upkeep\n|turn|3\n|\n|t:|1682958157\n|-terastallize|p1a: Volcarona\u200e\u200e\u200e|Grass\n|cant|p1a: Volcarona\u200e\u200e\u200e|slp\n|move|p1b: Grimmsnarl\u200e|Knock Off|p2a: Dondozo\n|-damage|p2a: Dondozo|38\/100\n|-enditem|p2a: Dondozo|Leftovers|[from] move: Knock Off|[of] p1b: Grimmsnarl\u200e\n|move|p2b: Ting-Lu|Stomping Tantrum|p1b: Grimmsnarl\u200e\n|-supereffective|p1b: Grimmsnarl\u200e\n|-enditem|p1b: Grimmsnarl\u200e|Shuca Berry|[eat]\n|-enditem|p1b: Grimmsnarl\u200e|Shuca Berry|[weaken]\n|-damage|p1b: Grimmsnarl\u200e|65\/100\n|move|p2a: Dondozo|Yawn|p1b: Grimmsnarl\u200e\n|-start|p1b: Grimmsnarl\u200e|move: Yawn|[of] p2a: Dondozo\n|\n|upkeep\n|turn|4\n|inactive|SquidBox has 30 seconds left.\n|\n|t:|1682958189\n|switch|p1b: Arcanine\u200e|Tauros-Paldea-Blaze, L50, M|100\/100\n|-damage|p1b: Arcanine\u200e|88\/100|[from] Stealth Rock\n|-ability|p1b: Arcanine\u200e|Intimidate|boost\n|-unboost|p2a: Dondozo|atk|1\n|-unboost|p2b: Ting-Lu|atk|1\n|switch|p2b: Iron Bundle|Iron Bundle, L50|100\/100\n|move|p2a: Dondozo|Protect|p2a: Dondozo\n|-singleturn|p2a: Dondozo|Protect\n|-curestatus|p1a: Volcarona\u200e\u200e\u200e|slp|[msg]\n|move|p1a: Volcarona\u200e\u200e\u200e|Acid Spray|p2b: Iron Bundle\n|-damage|p2b: Iron Bundle|39\/100\n|-unboost|p2b: Iron Bundle|spd|2\n|\n|upkeep\n|turn|5\n|\n|t:|1682958210\n|move|p1a: Volcarona\u200e\u200e\u200e|Heat Wave|p2b: Iron Bundle|[spread] p2b\n|-miss|p1a: Volcarona\u200e\u200e\u200e|p2a: Dondozo\n|-damage|p2b: Iron Bundle|0 fnt\n|faint|p2b: Iron Bundle\n|-end|p2b: Iron Bundle|Quark Drive|[silent]\n|move|p1b: Arcanine\u200e|Wild Charge|p2a: Dondozo\n|-supereffective|p2a: Dondozo\n|-crit|p2a: Dondozo\n|-damage|p2a: Dondozo|0 fnt\n|faint|p2a: Dondozo\n|-damage|p1b: Arcanine\u200e|75\/100|[from] Recoil\n|\n|upkeep\n|\n|t:|1682958214\n|switch|p2b: Gholdengo|Gholdengo, L50|100\/100\n|switch|p2a: Ting-Lu|Ting-Lu, L50|71\/100\n|-ability|p2a: Ting-Lu|Vessel of Ruin\n|turn|6\n|\n|t:|1682958234\n|-terastallize|p2b: Gholdengo|Water\n|move|p2a: Ting-Lu|Protect|p2a: Ting-Lu\n|-singleturn|p2a: Ting-Lu|Protect\n|move|p1a: Volcarona\u200e\u200e\u200e|Heat Wave|p2a: Ting-Lu|[spread] p2b\n|-activate|p2a: Ting-Lu|move: Protect\n|-resisted|p2b: Gholdengo\n|-damage|p2b: Gholdengo|77\/100\n|move|p1b: Arcanine\u200e|Close Combat|p2a: Ting-Lu\n|-activate|p2a: Ting-Lu|move: Protect\n|move|p2b: Gholdengo|Trick|p1a: Volcarona\u200e\u200e\u200e\n|-activate|p2b: Gholdengo|move: Trick|[of] p1a: Volcarona\u200e\u200e\u200e\n|-item|p1a: Volcarona\u200e\u200e\u200e|Choice Specs|[from] move: Trick\n|-enditem|p2b: Gholdengo|Choice Specs|[silent]|[from] move: Trick\n|\n|upkeep\n|turn|7\n|inactive|SquidBox has 30 seconds left.\n|\n|t:|1682958268\n|move|p1a: Volcarona\u200e\u200e\u200e|Energy Ball|p2a: Ting-Lu\n|-supereffective|p2a: Ting-Lu\n|-damage|p2a: Ting-Lu|0 fnt\n|faint|p2a: Ting-Lu\n|move|p1b: Arcanine\u200e|Wild Charge|p2b: Gholdengo\n|-supereffective|p2b: Gholdengo\n|-damage|p2b: Gholdengo|16\/100\n|-damage|p1b: Arcanine\u200e|60\/100|[from] Recoil\n|move|p2b: Gholdengo|Shadow Ball|p1b: Arcanine\u200e\n|-damage|p1b: Arcanine\u200e|6\/100\n|-enditem|p1b: Arcanine\u200e|Sitrus Berry|[eat]\n|-heal|p1b: Arcanine\u200e|31\/100|[from] item: Sitrus Berry\n|\n|upkeep\n|turn|8\n|\n|t:|1682958283\n|move|p1a: Volcarona\u200e\u200e\u200e|Energy Ball|p2b: Gholdengo\n|-supereffective|p2b: Gholdengo\n|-damage|p2b: Gholdengo|0 fnt\n|faint|p2b: Gholdengo\n|\n|win|SquidBox\n|raw|SquidBox's rating: 1091 → 1113<\/strong> (+22 for winning)\n|raw|germany_cart's rating: 1039 → 1026<\/strong> (-13 for losing)\n|l|\u2606germany_cart\n","uploadtime":1682958355,"views":15,"p1id":"squidbox","p2id":"germanycart","formatid":"gen9vgc2023regulationc","rating":1026,"private":0,"password":""}