{"id":"gen9vgc2023regulationc-1852236301","p1":"Narcotik","p2":"NoahMP3","format":"[Gen 9] VGC 2023 Regulation C","log":"|j|\u2606Narcotik\n|j|\u2606NoahMP3\n|t:|1682535436\n|gametype|doubles\n|player|p1|Narcotik|steven|1046\n|player|p2|NoahMP3|chuck|1127\n|teamsize|p1|6\n|teamsize|p2|6\n|gen|9\n|tier|[Gen 9] VGC 2023 Regulation C\n|rated|\n|rule|Species Clause: Limit one of each Pok\u00e9mon\n|rule|Item Clause: Limit one of each item\n|clearpoke\n|poke|p1|Scizor, L50, F|\n|poke|p1|Arcanine, L50, F|\n|poke|p1|Chien-Pao, L50|\n|poke|p1|Dragonite, L50, M|\n|poke|p1|Amoonguss, L50, M|\n|poke|p1|Gholdengo, L50|\n|poke|p2|Hatterene, L50, F|\n|poke|p2|Indeedee-F, L50, F|\n|poke|p2|Hariyama, L50, F|\n|poke|p2|Oranguru, L50, F|\n|poke|p2|Wo-Chien, L50|\n|poke|p2|Torkoal, L50, M|\n|teampreview|4\n|inactive|Battle timer is ON: inactive players will automatically lose when time's up. (requested by NoahMP3)\n|inactive|Narcotik has 60 seconds left.\n|\n|t:|1682535469\n|start\n|switch|p1a: Chien-Pao|Chien-Pao, L50|100\/100\n|switch|p1b: Gholdengo|Gholdengo, L50|100\/100\n|switch|p2a: Torkoal|Torkoal, L50, M|100\/100\n|switch|p2b: Hatterene|Hatterene, L50, F|100\/100\n|-ability|p1a: Chien-Pao|Sword of Ruin\n|-weather|SunnyDay|[from] ability: Drought|[of] p2a: Torkoal\n|turn|1\n|\n|t:|1682535490\n|-terastallize|p2b: Hatterene|Water\n|move|p1a: Chien-Pao|Ice Spinner|p2b: Hatterene\n|-resisted|p2b: Hatterene\n|-damage|p2b: Hatterene|72\/100\n|move|p1b: Gholdengo|Shadow Ball|p2a: Torkoal\n|-damage|p2a: Torkoal|46\/100\n|move|p2a: Torkoal|Heat Wave|p1b: Gholdengo|[spread] p1a,p1b\n|-supereffective|p1a: Chien-Pao\n|-supereffective|p1b: Gholdengo\n|-enditem|p1a: Chien-Pao|Focus Sash\n|-damage|p1a: Chien-Pao|1\/100\n|-damage|p1b: Gholdengo|0 fnt\n|faint|p1b: Gholdengo\n|move|p2b: Hatterene|Trick Room|p2b: Hatterene\n|-fieldstart|move: Trick Room|[of] p2b: Hatterene\n|\n|-weather|SunnyDay|[upkeep]\n|-heal|p2b: Hatterene|79\/100|[from] item: Leftovers\n|upkeep\n|\n|t:|1682535506\n|switch|p1b: Arcanine|Arcanine, L50, F|100\/100\n|-ability|p1b: Arcanine|Intimidate|boost\n|-unboost|p2a: Torkoal|atk|1\n|-unboost|p2b: Hatterene|atk|1\n|turn|2\n|inactive|Narcotik has 30 seconds left.\n|\n|t:|1682535535\n|switch|p2a: Indeedee|Indeedee-F, L50, F|100\/100\n|-fieldstart|move: Psychic Terrain|[from] ability: Psychic Surge|[of] p2a: Indeedee\n|move|p2b: Hatterene|Dazzling Gleam|p1b: Arcanine|[spread] p1a,p1b\n|-supereffective|p1a: Chien-Pao\n|-resisted|p1b: Arcanine\n|-damage|p1a: Chien-Pao|0 fnt\n|-damage|p1b: Arcanine|80\/100\n|faint|p1a: Chien-Pao\n|move|p1b: Arcanine|Wild Charge|p2b: Hatterene\n|-supereffective|p2b: Hatterene\n|-damage|p2b: Hatterene|24\/100\n|-damage|p1b: Arcanine|67\/100|[from] Recoil\n|\n|-weather|SunnyDay|[upkeep]\n|-heal|p2b: Hatterene|30\/100|[from] item: Leftovers\n|upkeep\n|\n|t:|1682535549\n|switch|p1a: Scizor|Scizor, L50, F|100\/100\n|turn|3\n|\n|t:|1682535568\n|switch|p2b: Wo-Chien|Wo-Chien, L50|100\/100\n|-ability|p2b: Wo-Chien|Tablets of Ruin\n|move|p2a: Indeedee|Skill Swap|p1b: Arcanine\n|-activate|p2a: Indeedee|move: Skill Swap|Intimidate|Psychic Surge|[of] p1b: Arcanine\n|-ability|p2a: Indeedee|Intimidate|boost\n|-unboost|p1a: Scizor|atk|1\n|-unboost|p1b: Arcanine|atk|1\n|move|p1a: Scizor|Swords Dance|p1a: Scizor\n|-boost|p1a: Scizor|atk|2\n|move|p1b: Arcanine|Wild Charge|p2b: Wo-Chien\n|-resisted|p2b: Wo-Chien\n|-damage|p2b: Wo-Chien|94\/100\n|-damage|p1b: Arcanine|65\/100|[from] Recoil\n|\n|-weather|SunnyDay|[upkeep]\n|upkeep\n|turn|4\n|inactive|NoahMP3 has 30 seconds left.\n|\n|t:|1682535596\n|move|p2b: Wo-Chien|Growth|p2b: Wo-Chien\n|-boost|p2b: Wo-Chien|atk|2\n|-boost|p2b: Wo-Chien|spa|2\n|move|p2a: Indeedee|Skill Swap|p2b: Wo-Chien\n|-activate|p2a: Indeedee|move: Skill Swap|||[of] p2b: Wo-Chien\n|-ability|p2a: Indeedee|Tablets of Ruin\n|-ability|p2b: Wo-Chien|Intimidate|boost\n|-unboost|p1a: Scizor|atk|1\n|-unboost|p1b: Arcanine|atk|1\n|move|p1a: Scizor|Close Combat|p2b: Wo-Chien\n|-supereffective|p2b: Wo-Chien\n|-damage|p2b: Wo-Chien|19\/100\n|-unboost|p1a: Scizor|def|1\n|-unboost|p1a: Scizor|spd|1\n|-enditem|p2b: Wo-Chien|Sitrus Berry|[eat]\n|-heal|p2b: Wo-Chien|44\/100|[from] item: Sitrus Berry\n|-damage|p1a: Scizor|91\/100|[from] item: Life Orb\n|move|p1b: Arcanine|Flare Blitz|p2a: Indeedee\n|-damage|p2a: Indeedee|61\/100\n|-damage|p1b: Arcanine|52\/100|[from] Recoil\n|\n|-weather|SunnyDay|[upkeep]\n|upkeep\n|turn|5\n|inactive|Narcotik has 30 seconds left.\n|inactive|NoahMP3 has 30 seconds left.\n|\n|t:|1682535626\n|move|p2b: Wo-Chien|Solar Beam||[still]\n|-prepare|p2b: Wo-Chien|Solar Beam\n|-anim|p2b: Wo-Chien|Solar Beam|p1b: Arcanine\n|-resisted|p1b: Arcanine\n|-damage|p1b: Arcanine|0 fnt\n|faint|p1b: Arcanine\n|move|p2a: Indeedee|Skill Swap|p2b: Wo-Chien\n|-activate|p2a: Indeedee|move: Skill Swap|||[of] p2b: Wo-Chien\n|-ability|p2a: Indeedee|Intimidate|boost\n|-unboost|p1a: Scizor|atk|1\n|-ability|p2b: Wo-Chien|Tablets of Ruin\n|move|p1a: Scizor|Close Combat|p2b: Wo-Chien\n|-supereffective|p2b: Wo-Chien\n|-damage|p2b: Wo-Chien|0 fnt\n|-unboost|p1a: Scizor|def|1\n|-unboost|p1a: Scizor|spd|1\n|faint|p2b: Wo-Chien\n|-damage|p1a: Scizor|81\/100|[from] item: Life Orb\n|\n|-weather|none\n|-fieldend|move: Trick Room\n|upkeep\n|\n|t:|1682535643\n|switch|p2b: Torkoal|Torkoal, L50, M|46\/100\n|-weather|SunnyDay|[from] ability: Drought|[of] p2b: Torkoal\n|turn|6\n|\n|t:|1682535653\n|-terastallize|p1a: Scizor|Electric\n|move|p1a: Scizor|Tera Blast|p2b: Torkoal\n|-damage|p2b: Torkoal|16\/100\n|-damage|p1a: Scizor|72\/100|[from] item: Life Orb\n|move|p2b: Torkoal|Heat Wave|p1a: Scizor\n|-damage|p1a: Scizor|0 fnt\n|faint|p1a: Scizor\n|\n|win|NoahMP3\n|raw|Narcotik's rating: 1046 → 1033<\/strong> (-13 for losing)\n|raw|NoahMP3's rating: 1127 → 1146<\/strong> (+19 for winning)\n|l|\u2606Narcotik\n","uploadtime":1682535662,"views":15,"p1id":"narcotik","p2id":"noahmp3","formatid":"gen9vgc2023regulationc","rating":1033,"private":0,"password":""}