{"id":"gen9vgc2023regulationc-1845442662","p1":"pokemon_and_beer","p2":"jeremydidi","format":"[Gen 9] VGC 2023 Regulation C","log":"|j|\u2606pokemon_and_beer\n|j|\u2606jeremydidi\n|t:|1681733816\n|gametype|doubles\n|player|p1|pokemon_and_beer|gentleman-gen4dp|1411\n|player|p2|jeremydidi|170|1463\n|teamsize|p1|6\n|teamsize|p2|6\n|gen|9\n|tier|[Gen 9] VGC 2023 Regulation C\n|rated|\n|rule|Species Clause: Limit one of each Pok\u00e9mon\n|rule|Item Clause: Limit one of each item\n|clearpoke\n|poke|p1|Abomasnow, L50, M|\n|poke|p1|Iron Bundle, L50|\n|poke|p1|Chi-Yu, L50|\n|poke|p1|Azumarill, L50, M|\n|poke|p1|Dragonite, L50, F|\n|poke|p1|Scizor, L50, F|\n|poke|p2|Salazzle, L50, F|\n|poke|p2|Indeedee-F, L50, F|\n|poke|p2|Garganacl, L50, M|\n|poke|p2|Gyarados, L50, M|\n|poke|p2|Bronzong, L50|\n|poke|p2|Gholdengo, L50|\n|teampreview|4\n|c|\u2606pokemon_and_beer|gl hf\npokemon_and_beer rejected open team sheets.\n|inactive|Battle timer is ON: inactive players will automatically lose when time's up. (requested by pokemon_and_beer)\n|inactive|pokemon_and_beer has 60 seconds left.\n|\n|t:|1681733931\n|start\n|switch|p1a: Abomasnow|Abomasnow, L50, M|100\/100\n|switch|p1b: Iron Bundle|Iron Bundle, L50|100\/100\n|switch|p2a: Garganacl|Garganacl, L50, M|100\/100\n|switch|p2b: Indeedee|Indeedee-F, L50, F|100\/100\n|-fieldstart|move: Psychic Terrain|[from] ability: Psychic Surge|[of] p2b: Indeedee\n|-weather|Snow|[from] ability: Snow Warning|[of] p1a: Abomasnow\n|-enditem|p1b: Iron Bundle|Booster Energy\n|-activate|p1b: Iron Bundle|ability: Quark Drive|[fromitem]\n|-start|p1b: Iron Bundle|quarkdrivespe\n|turn|1\n|inactive|pokemon_and_beer has 30 seconds left.\n|\n|t:|1681733957\n|-terastallize|p2a: Garganacl|Poison\n|move|p1b: Iron Bundle|Aurora Veil|p1b: Iron Bundle\n|-sidestart|p1: pokemon_and_beer|move: Aurora Veil\n|move|p1a: Abomasnow|Energy Ball|p2a: Garganacl\n|-resisted|p2a: Garganacl\n|-damage|p2a: Garganacl|81\/100\n|move|p2a: Garganacl|Body Press|p1b: Iron Bundle\n|-supereffective|p1b: Iron Bundle\n|-damage|p1b: Iron Bundle|65\/100\n|move|p2b: Indeedee|Trick Room|p2b: Indeedee\n|-fieldstart|move: Trick Room|[of] p2b: Indeedee\n|\n|-weather|Snow|[upkeep]\n|upkeep\n|turn|2\n|\n|t:|1681733976\n|move|p2a: Garganacl|Salt Cure|p1b: Iron Bundle\n|-supereffective|p1b: Iron Bundle\n|-damage|p1b: Iron Bundle|50\/100\n|-start|p1b: Iron Bundle|Salt Cure\n|move|p1a: Abomasnow|Blizzard|p2b: Indeedee|[spread] p2a,p2b\n|-damage|p2a: Garganacl|46\/100\n|-damage|p2b: Indeedee|66\/100\n|-status|p2b: Indeedee|frz\n|cant|p2b: Indeedee|frz\n|move|p1b: Iron Bundle|Blizzard|p2a: Garganacl|[spread] p2a,p2b\n|-damage|p2a: Garganacl|11\/100\n|-damage|p2b: Indeedee|23\/100 frz\n|\n|-weather|Snow|[upkeep]\n|-damage|p1b: Iron Bundle|25\/100|[from] Salt Cure\n|upkeep\n|turn|3\n|inactive|jeremydidi has 30 seconds left.\n|inactive|pokemon_and_beer has 30 seconds left.\n|\n|t:|1681734020\n|-end|p1b: Iron Bundle|Quark Drive|[silent]\n|switch|p1b: Dragonite|Dragonite, L50, F|100\/100\n|move|p2a: Garganacl|Salt Cure|p1a: Abomasnow\n|-supereffective|p1a: Abomasnow\n|-damage|p1a: Abomasnow|84\/100\n|-start|p1a: Abomasnow|Salt Cure\n|move|p1a: Abomasnow|Energy Ball|p2b: Indeedee\n|-damage|p2b: Indeedee|0 fnt\n|faint|p2b: Indeedee\n|\n|-weather|Snow|[upkeep]\n|-damage|p1a: Abomasnow|72\/100|[from] Salt Cure\n|upkeep\n|\n|t:|1681734032\n|switch|p2b: Gyarados|Gyarados, L50, M|100\/100\n|-ability|p2b: Gyarados|Intimidate|boost\n|-unboost|p1a: Abomasnow|atk|1\n|-fail|p1b: Dragonite|unboost|Attack|[from] ability: Inner Focus|[of] p1b: Dragonite\n|turn|4\n|\n|t:|1681734055\n|switch|p1a: Azumarill|Azumarill, L50, M|100\/100\n|move|p2a: Garganacl|Recover|p2a: Garganacl\n|-heal|p2a: Garganacl|61\/100\n|move|p2b: Gyarados|Ice Fang|p1b: Dragonite\n|-supereffective|p1b: Dragonite\n|-damage|p1b: Dragonite|29\/100\n|move|p1b: Dragonite|Ice Spinner|p2a: Garganacl\n|-damage|p2a: Garganacl|40\/100\n|-fieldend|move: Psychic Terrain\n|-damage|p1b: Dragonite|12\/100|[from] item: Rocky Helmet|[of] p2a: Garganacl\n|-damage|p1b: Dragonite|3\/100|[from] item: Life Orb\n|\n|-weather|Snow|[upkeep]\n|upkeep\n|turn|5\n|inactive|pokemon_and_beer has 30 seconds left.\n|inactive|jeremydidi has 30 seconds left.\n|\n|t:|1681734086\n|move|p1b: Dragonite|Protect|p1b: Dragonite\n|-singleturn|p1b: Dragonite|Protect\n|move|p2a: Garganacl|Recover|p2a: Garganacl\n|-heal|p2a: Garganacl|90\/100\n|move|p1a: Azumarill|Play Rough|p2b: Gyarados\n|-damage|p2b: Gyarados|34\/100\n|move|p2b: Gyarados|Iron Head|p1a: Azumarill\n|-damage|p1a: Azumarill|80\/100\n|\n|-weather|none\n|-sideend|p1: pokemon_and_beer|move: Aurora Veil\n|-fieldend|move: Trick Room\n|upkeep\n|turn|6\n|inactive|pokemon_and_beer has 30 seconds left.\n|inactive|jeremydidi has 30 seconds left.\n|\n|t:|1681734116\n|move|p1b: Dragonite|Extreme Speed|p2b: Gyarados\n|-damage|p2b: Gyarados|0 fnt\n|faint|p2b: Gyarados\n|-damage|p1b: Dragonite|0 fnt|[from] item: Life Orb\n|faint|p1b: Dragonite\n|move|p1a: Azumarill|Liquidation|p2a: Garganacl\n|-damage|p2a: Garganacl|52\/100\n|-damage|p1a: Azumarill|63\/100|[from] item: Rocky Helmet|[of] p2a: Garganacl\n|move|p2a: Garganacl|Iron Defense|p2a: Garganacl\n|-boost|p2a: Garganacl|def|2\n|\n|upkeep\n|\n|t:|1681734136\n|switch|p1b: Abomasnow|Abomasnow, L50, M|72\/100\n|switch|p2b: Salazzle|Salazzle, L50, F|100\/100\n|-weather|Snow|[from] ability: Snow Warning|[of] p1b: Abomasnow\n|turn|7\n|\n|t:|1681734159\n|-terastallize|p1b: Abomasnow|Water\n|move|p1a: Azumarill|Aqua Jet|p2b: Salazzle\n|-supereffective|p2b: Salazzle\n|-enditem|p2b: Salazzle|Focus Sash\n|-damage|p2b: Salazzle|1\/100\n|move|p2b: Salazzle|Overheat|p1b: Abomasnow\n|-resisted|p1b: Abomasnow\n|-damage|p1b: Abomasnow|52\/100\n|-unboost|p2b: Salazzle|spa|2\n|move|p1b: Abomasnow|Blizzard|p2b: Salazzle|[spread] p2a,p2b\n|-resisted|p2b: Salazzle\n|-damage|p2a: Garganacl|19\/100\n|-damage|p2b: Salazzle|0 fnt\n|faint|p2b: Salazzle\n|move|p2a: Garganacl|Recover|p2a: Garganacl\n|-heal|p2a: Garganacl|69\/100\n|\n|-weather|Snow|[upkeep]\n|upkeep\n|turn|8\n|inactive|pokemon_and_beer has 30 seconds left.\n|inactive|jeremydidi has 30 seconds left.\n|\n|t:|1681734186\n|switch|p1a: Iron Bundle|Iron Bundle, L50|25\/100\n|move|p1b: Abomasnow|Blizzard|p2a: Garganacl\n|-damage|p2a: Garganacl|18\/100\n|move|p2a: Garganacl|Recover|p2a: Garganacl\n|-heal|p2a: Garganacl|68\/100\n|\n|-weather|Snow|[upkeep]\n|upkeep\n|turn|9\n|\n|t:|1681734198\n|move|p1a: Iron Bundle|Blizzard|p2a: Garganacl\n|-damage|p2a: Garganacl|20\/100\n|move|p1b: Abomasnow|Blizzard|p2a: Garganacl\n|-damage|p2a: Garganacl|0 fnt\n|faint|p2a: Garganacl\n|\n|win|pokemon_and_beer\n|raw|pokemon_and_beer's rating: 1411 → 1434<\/strong> (+23 for winning)\n|raw|jeremydidi's rating: 1463 → 1440<\/strong> (-23 for losing)\n|l|\u2606jeremydidi\n|c|\u2606pokemon_and_beer|gg\n","uploadtime":1681734220,"views":14,"p1id":"pokemonandbeer","p2id":"jeremydidi","formatid":"gen9vgc2023regulationc","rating":1434,"private":0,"password":""}