{"id":"gen9vgc2023regulationc-1859935880","p1":"santi_san02","p2":"LokiMouse","format":"[Gen 9] VGC 2023 Regulation C","log":"|j|\u2606santi_san02\n|j|\u2606LokiMouse\n|t:|1683577264\n|gametype|doubles\n|player|p1|santi_san02|veteran|1101\n|player|p2|LokiMouse|101|1084\n|teamsize|p1|6\n|teamsize|p2|6\n|gen|9\n|tier|[Gen 9] VGC 2023 Regulation C\n|rated|\n|rule|Species Clause: Limit one of each Pok\u00e9mon\n|rule|Item Clause: Limit one of each item\n|clearpoke\n|poke|p1|Pawmot, L50, M|\n|poke|p1|Flutter Mane, L50|\n|poke|p1|Azumarill, L50, F|\n|poke|p1|Kingambit, L50, F|\n|poke|p1|Lilligant, L50, F|\n|poke|p1|Torkoal, L50, F|\n|poke|p2|Dachsbun, L50, M|\n|poke|p2|Great Tusk, L50|\n|poke|p2|Chi-Yu, L50|\n|poke|p2|Baxcalibur, L50, M|\n|poke|p2|Flutter Mane, L50|\n|poke|p2|Coalossal, L50, M|\n|teampreview|4\n|\n|t:|1683577290\n|start\n|switch|p1a: Pawmot|Pawmot, L50, M|100\/100\n|switch|p1b: Azumarill|Azumarill, L50, F|100\/100\n|switch|p2a: Great Tusk|Great Tusk, L50|100\/100\n|switch|p2b: Baxcalibur|Baxcalibur, L50, M|100\/100\n|turn|1\n|inactive|Battle timer is ON: inactive players will automatically lose when time's up. (requested by santi_san02)\n|\n|t:|1683577336\n|-terastallize|p1b: Azumarill|Water\n|move|p1a: Pawmot|Fake Out|p2a: Great Tusk\n|-damage|p2a: Great Tusk|92\/100\n|cant|p2a: Great Tusk|flinch\n|move|p2b: Baxcalibur|Icicle Spear|p1a: Pawmot\n|-damage|p1a: Pawmot|73\/100\n|-damage|p1a: Pawmot|46\/100\n|-damage|p1a: Pawmot|21\/100\n|-damage|p1a: Pawmot|0 fnt\n|faint|p1a: Pawmot\n|-hitcount|p1: Pawmot|4\n|move|p1b: Azumarill|Liquidation|p2a: Great Tusk\n|-supereffective|p2a: Great Tusk\n|-damage|p2a: Great Tusk|0 fnt\n|faint|p2a: Great Tusk\n|-end|p2a: Great Tusk|Protosynthesis|[silent]\n|\n|upkeep\n|\n|t:|1683577358\n|switch|p1a: Flutter Mane|Flutter Mane, L50|100\/100\n|switch|p2a: Chi-Yu|Chi-Yu, L50|100\/100\n|-ability|p2a: Chi-Yu|Beads of Ruin\n|turn|2\n|\n|t:|1683577381\n|switch|p2a: Dachsbun|Dachsbun, L50, M|100\/100\n|-terastallize|p2b: Baxcalibur|Poison\n|move|p1b: Azumarill|Aqua Jet|p2a: Dachsbun\n|-damage|p2a: Dachsbun|72\/100\n|move|p1a: Flutter Mane|Moonblast|p2b: Baxcalibur\n|-resisted|p2b: Baxcalibur\n|-damage|p2b: Baxcalibur|77\/100\n|move|p2b: Baxcalibur|Icicle Spear|p1a: Flutter Mane\n|-damage|p1a: Flutter Mane|68\/100\n|-damage|p1a: Flutter Mane|36\/100\n|-crit|p1a: Flutter Mane\n|-damage|p1a: Flutter Mane|0 fnt\n|faint|p1a: Flutter Mane\n|-end|p1a: Flutter Mane|Protosynthesis|[silent]\n|-hitcount|p1: Flutter Mane|3\n|\n|-heal|p2a: Dachsbun|78\/100|[from] item: Leftovers\n|upkeep\n|\n|t:|1683577384\n|switch|p1a: Kingambit|Kingambit, L50, F|100\/100\n|-activate|p1a: Kingambit|ability: Supreme Overlord\n|-start|p1a: Kingambit|fallen2|[silent]\n|turn|3\n|inactive|LokiMouse has 30 seconds left.\n|\n|t:|1683577416\n|move|p2a: Dachsbun|Protect|p2a: Dachsbun\n|-singleturn|p2a: Dachsbun|Protect\n|move|p2b: Baxcalibur|Glaive Rush|p1b: Azumarill\n|-damage|p1b: Azumarill|27\/100\n|-singlemove|p2b: Baxcalibur|Glaive Rush|[silent]\n|move|p1b: Azumarill|Liquidation|p2a: Dachsbun\n|-activate|p2a: Dachsbun|move: Protect\n|move|p1a: Kingambit|Iron Head|p2b: Baxcalibur\n|-damage|p2b: Baxcalibur|0 fnt\n|faint|p2b: Baxcalibur\n|\n|-heal|p2a: Dachsbun|84\/100|[from] item: Leftovers\n|upkeep\n|\n|t:|1683577428\n|switch|p2b: Chi-Yu|Chi-Yu, L50|100\/100\n|-ability|p2b: Chi-Yu|Beads of Ruin\n|turn|4\n|\n|t:|1683577440\n|move|p1a: Kingambit|Sucker Punch|p2b: Chi-Yu\n|-resisted|p2b: Chi-Yu\n|-damage|p2b: Chi-Yu|62\/100\n|move|p1b: Azumarill|Aqua Jet|p2b: Chi-Yu\n|-supereffective|p2b: Chi-Yu\n|-damage|p2b: Chi-Yu|0 fnt\n|faint|p2b: Chi-Yu\n|move|p2a: Dachsbun|Body Press|p1a: Kingambit\n|-supereffective|p1a: Kingambit\n|-enditem|p1a: Kingambit|Chople Berry|[eat]\n|-enditem|p1a: Kingambit|Chople Berry|[weaken]\n|-damage|p1a: Kingambit|59\/100\n|\n|-heal|p2a: Dachsbun|89\/100|[from] item: Leftovers\n|upkeep\n|turn|5\n|\n|t:|1683577461\n|move|p2a: Dachsbun|Protect|p2a: Dachsbun\n|-singleturn|p2a: Dachsbun|Protect\n|move|p1b: Azumarill|Liquidation|p2a: Dachsbun\n|-activate|p2a: Dachsbun|move: Protect\n|move|p1a: Kingambit|Iron Head|p2a: Dachsbun\n|-activate|p2a: Dachsbun|move: Protect\n|\n|-heal|p2a: Dachsbun|95\/100|[from] item: Leftovers\n|upkeep\n|turn|6\n|\n|t:|1683577473\n|move|p2a: Dachsbun|Body Press|p1a: Kingambit\n|-supereffective|p1a: Kingambit\n|-damage|p1a: Kingambit|0 fnt\n|faint|p1a: Kingambit\n|-end|p1a: Kingambit|fallen2|[silent]\n|move|p1b: Azumarill|Liquidation|p2a: Dachsbun\n|-damage|p2a: Dachsbun|36\/100\n|\n|-heal|p2a: Dachsbun|41\/100|[from] item: Leftovers\n|upkeep\n|turn|7\n|\n|t:|1683577486\n|move|p2a: Dachsbun|Protect|p2a: Dachsbun\n|-singleturn|p2a: Dachsbun|Protect\n|move|p1b: Azumarill|Aqua Jet|p2a: Dachsbun\n|-activate|p2a: Dachsbun|move: Protect\n|\n|-heal|p2a: Dachsbun|47\/100|[from] item: Leftovers\n|upkeep\n|turn|8\n|\n|t:|1683577499\n|move|p2a: Dachsbun|Play Rough|p1b: Azumarill\n|-damage|p1b: Azumarill|0 fnt\n|faint|p1b: Azumarill\n|\n|win|LokiMouse\n|raw|santi_san02's rating: 1101 → 1075<\/strong> (-26 for losing)\n|raw|LokiMouse's rating: 1084 → 1113<\/strong> (+29 for winning)\n","uploadtime":1683577507,"views":12,"p1id":"santisan02","p2id":"lokimouse","formatid":"gen9vgc2023regulationc","rating":1075,"private":0,"password":""}