{"id":"gen9vgc2023regulationc-1851966369","p1":"SleepyBadGirl","p2":"Tilzie","format":"[Gen 9] VGC 2023 Regulation C","log":"|j|\u2606SleepyBadGirl\n|j|\u2606Tilzie\n|t:|1682511963\n|gametype|doubles\n|player|p1|SleepyBadGirl|nate|1637\n|player|p2|Tilzie|170|1582\n|teamsize|p1|6\n|teamsize|p2|6\n|gen|9\n|tier|[Gen 9] VGC 2023 Regulation C\n|rated|\n|rule|Species Clause: Limit one of each Pok\u00e9mon\n|rule|Item Clause: Limit one of each item\n|clearpoke\n|poke|p1|Talonflame, L50, F|\n|poke|p1|Chi-Yu, L50|\n|poke|p1|Iron Bundle, L50|\n|poke|p1|Flutter Mane, L50|\n|poke|p1|Abomasnow, L50, M|\n|poke|p1|Garchomp, L50, M|\n|poke|p2|Dondozo, L50, F|\n|poke|p2|Tatsugiri, L50, F|\n|poke|p2|Pelipper, L50, F|\n|poke|p2|Drednaw, L50, F|\n|poke|p2|Chien-Pao, L50|\n|poke|p2|Dragonite, L50, F|\n|teampreview|4\n|inactive|Battle timer is ON: inactive players will automatically lose when time's up. (requested by SleepyBadGirl)\nTilzie has agreed to open team sheets.\n|inactive|SleepyBadGirl has 60 seconds left.\n|\n|t:|1682512006\n|start\n|switch|p1a: Iron Bundle|Iron Bundle, L50|100\/100\n|switch|p1b: Chi-Yu|Chi-Yu, L50|100\/100\n|switch|p2a: Drednaw|Drednaw, L50, F|100\/100\n|switch|p2b: Dondozo|Dondozo, L50, F|100\/100\n|-ability|p1b: Chi-Yu|Beads of Ruin\n|turn|1\n|inactive|Tilzie has 30 seconds left.\n|\n|t:|1682512039\n|switch|p2b: Pelipper|Pelipper, L50, F|100\/100\n|-weather|RainDance|[from] ability: Drizzle|[of] p2b: Pelipper\n|-terastallize|p1b: Chi-Yu|Grass\n|move|p2a: Drednaw|Rock Slide|p1b: Chi-Yu|[spread] p1a,p1b\n|-supereffective|p1a: Iron Bundle\n|-damage|p1a: Iron Bundle|0 fnt\n|-damage|p1b: Chi-Yu|32\/100\n|faint|p1a: Iron Bundle\n|-end|p1a: Iron Bundle|Quark Drive|[silent]\n|move|p1b: Chi-Yu|Tera Blast|p2b: Pelipper\n|-damage|p2b: Pelipper|10\/100\n|\n|-weather|RainDance|[upkeep]\n|upkeep\n|\n|t:|1682512053\n|switch|p1a: Flutter Mane|Flutter Mane, L50|100\/100\n|-enditem|p1a: Flutter Mane|Booster Energy\n|-activate|p1a: Flutter Mane|ability: Protosynthesis|[fromitem]\n|-start|p1a: Flutter Mane|protosynthesisspa\n|turn|2\n|\n|t:|1682512062\n|switch|p1b: Abomasnow|Abomasnow, L50, M|100\/100\n|-weather|Snow|[from] ability: Snow Warning|[of] p1b: Abomasnow\n|move|p1a: Flutter Mane|Thunderbolt|p2a: Drednaw\n|-supereffective|p2a: Drednaw\n|-damage|p2a: Drednaw|0 fnt\n|faint|p2a: Drednaw\n|move|p2b: Pelipper|Hurricane|p1a: Flutter Mane|[miss]\n|-miss|p2b: Pelipper|p1a: Flutter Mane\n|\n|-weather|Snow|[upkeep]\n|upkeep\n|\n|t:|1682512068\n|switch|p2a: Dondozo|Dondozo, L50, F|100\/100\n|turn|3\n|\n|t:|1682512077\n|switch|p2b: Tatsugiri|Tatsugiri, L50, F|100\/100\n|-activate|p2b: Tatsugiri|ability: Commander|[of] p2a: Dondozo\n|-boost|p2a: Dondozo|atk|2\n|-boost|p2a: Dondozo|spa|2\n|-boost|p2a: Dondozo|spe|2\n|-boost|p2a: Dondozo|def|2\n|-boost|p2a: Dondozo|spd|2\n|-terastallize|p2a: Dondozo|Water\n|move|p2a: Dondozo|Surf|p1b: Abomasnow|[spread] p1a,p1b\n|-miss|p2a: Dondozo|p2b: Tatsugiri\n|-resisted|p1b: Abomasnow\n|-crit|p1b: Abomasnow\n|-damage|p1a: Flutter Mane|22\/100\n|-damage|p1b: Abomasnow|29\/100\n|-damage|p2a: Dondozo|91\/100|[from] item: Life Orb\n|move|p1a: Flutter Mane|Thunderbolt|p2a: Dondozo\n|-supereffective|p2a: Dondozo\n|-damage|p2a: Dondozo|44\/100\n|move|p1b: Abomasnow|Aurora Veil|p1b: Abomasnow\n|-sidestart|p1: SleepyBadGirl|move: Aurora Veil\n|\n|-weather|Snow|[upkeep]\n|upkeep\n|turn|4\n|inactive|SleepyBadGirl has 30 seconds left.\n|inactive|Tilzie has 30 seconds left.\n|inactive|Tilzie has 20 seconds left.\n|inactive|Tilzie has 15 seconds left.\n|inactive|SleepyBadGirl has 20 seconds left.\n|inactive|Tilzie has 10 seconds left.\n|\n|t:|1682512126\n|move|p1a: Flutter Mane|Protect|p1a: Flutter Mane\n|-singleturn|p1a: Flutter Mane|Protect\n|move|p1b: Abomasnow|Ice Shard|p2a: Dondozo\n|-resisted|p2a: Dondozo\n|-damage|p2a: Dondozo|41\/100\n|move|p2a: Dondozo|Surf|p1b: Abomasnow|[spread] p1b\n|-miss|p2a: Dondozo|p2b: Tatsugiri\n|-activate|p1a: Flutter Mane|move: Protect\n|-resisted|p1b: Abomasnow\n|-damage|p1b: Abomasnow|0 fnt\n|faint|p1b: Abomasnow\n|-damage|p2a: Dondozo|31\/100|[from] item: Life Orb\n|\n|-weather|Snow|[upkeep]\n|upkeep\n|\n|t:|1682512133\n|switch|p1b: Chi-Yu|Chi-Yu, L50, tera:Grass|32\/100\n|-ability|p1b: Chi-Yu|Beads of Ruin\n|turn|5\n|\n|t:|1682512142\n|move|p1b: Chi-Yu|Tera Blast|p2a: Dondozo\n|-supereffective|p2a: Dondozo\n|-damage|p2a: Dondozo|0 fnt\n|faint|p2a: Dondozo\n|move|p1a: Flutter Mane|Moonblast|p2b: Tatsugiri\n|-supereffective|p2b: Tatsugiri\n|-damage|p2b: Tatsugiri|0 fnt\n|faint|p2b: Tatsugiri\n|\n|-weather|Snow|[upkeep]\n|upkeep\n|-message|Tilzie forfeited.\n|\n|win|SleepyBadGirl\n|raw|SleepyBadGirl's rating: 1637 → 1654<\/strong> (+17 for winning)\n|raw|Tilzie's rating: 1582 → 1565<\/strong> (-17 for losing)\n|l|\u2606Tilzie\n","uploadtime":1682512151,"views":8,"p1id":"sleepybadgirl","p2id":"tilzie","formatid":"gen9vgc2023regulationc","rating":1565,"private":0,"password":""}