{"id":"gen9vgc2023regulationc-1852373282","p1":"gGusto","p2":"Post GC2 testing","format":"[Gen 9] VGC 2023 Regulation C","log":"|j|\u2606gGusto\n|j|\u2606Post GC2 testing\n|t:|1682549640\n|gametype|doubles\n|player|p1|gGusto|170|1355\n|player|p2|Post GC2 testing|colress|1382\n|teamsize|p1|6\n|teamsize|p2|6\n|gen|9\n|tier|[Gen 9] VGC 2023 Regulation C\n|rated|\n|rule|Species Clause: Limit one of each Pok\u00e9mon\n|rule|Item Clause: Limit one of each item\n|clearpoke\n|poke|p1|Flutter Mane, L50|\n|poke|p1|Arcanine, L50, F|\n|poke|p1|Amoonguss, L50, M|\n|poke|p1|Palafin, L50, F|\n|poke|p1|Ting-Lu, L50|\n|poke|p1|Baxcalibur, L50, M|\n|poke|p2|Orthworm, L50, M|\n|poke|p2|Dragonite, L50, F|\n|poke|p2|Ting-Lu, L50|\n|poke|p2|Gyarados, L50, M|\n|poke|p2|Flutter Mane, L50|\n|poke|p2|Chien-Pao, L50|\n|teampreview|4\n|inactive|Battle timer is ON: inactive players will automatically lose when time's up. (requested by gGusto)\ngGusto has agreed to open team sheets.\n|inactive|Post GC2 testing has 60 seconds left.\n|inactive|gGusto has 60 seconds left.\n|\n|t:|1682549690\n|start\n|switch|p1a: Palafin|Palafin, L50, F|100\/100\n|switch|p1b: Baxcalibur|Baxcalibur, L50, M|100\/100\n|switch|p2a: Ting-Lu|Ting-Lu, L50|100\/100\n|switch|p2b: Orthworm|Orthworm, L50, M|100\/100\n|-ability|p2a: Ting-Lu|Vessel of Ruin\n|turn|1\n|\n|t:|1682549700\n|move|p1a: Palafin|Wave Crash|p2a: Ting-Lu\n|-supereffective|p2a: Ting-Lu\n|-damage|p2a: Ting-Lu|38\/100\n|-damage|p1a: Palafin|77\/100|[from] Recoil\n|move|p1b: Baxcalibur|Icicle Crash|p2a: Ting-Lu\n|-supereffective|p2a: Ting-Lu\n|-damage|p2a: Ting-Lu|0 fnt\n|faint|p2a: Ting-Lu\n|-damage|p1b: Baxcalibur|91\/100|[from] item: Life Orb\n|move|p2b: Orthworm|Body Press|p1b: Baxcalibur\n|-supereffective|p1b: Baxcalibur\n|-damage|p1b: Baxcalibur|36\/100\n|\n|upkeep\n|\n|t:|1682549705\n|switch|p2a: Flutter Mane|Flutter Mane, L50|100\/100\n|turn|2\n|\n|t:|1682549714\n|detailschange|p1a: Palafin|Palafin-Hero, L50, F\n|switch|p1a: Ting-Lu|Ting-Lu, L50|100\/100\n|-ability|p1a: Ting-Lu|Vessel of Ruin\n|-terastallize|p2a: Flutter Mane|Fairy\n|move|p1b: Baxcalibur|Ice Shard|p2a: Flutter Mane\n|-damage|p2a: Flutter Mane|50\/100\n|-damage|p1b: Baxcalibur|26\/100|[from] item: Life Orb\n|move|p2a: Flutter Mane|Dazzling Gleam|p1b: Baxcalibur|[spread] p1a,p1b\n|-supereffective|p1a: Ting-Lu\n|-supereffective|p1b: Baxcalibur\n|-damage|p1a: Ting-Lu|63\/100\n|-damage|p1b: Baxcalibur|0 fnt\n|faint|p1b: Baxcalibur\n|move|p2b: Orthworm|Shed Tail|p2b: Orthworm\n|-start|p2b: Orthworm|Substitute|[from] move: Shed Tail\n|-damage|p2b: Orthworm|50\/100\n|-enditem|p2b: Orthworm|Sitrus Berry|[eat]\n|-heal|p2b: Orthworm|75\/100|[from] item: Sitrus Berry\n|\n|t:|1682549727\n|switch|p2b: Dragonite|Dragonite, L50, F|100\/100|[from] Shed Tail\n|\n|upkeep\n|\n|t:|1682549730\n|switch|p1b: Palafin|Palafin-Hero, L50, F|77\/100\n|-activate|p1b: Palafin|ability: Zero to Hero\n|turn|3\n|j| Athed_Anachy\n|\n|t:|1682549739\n|-end|p2a: Flutter Mane|Protosynthesis|[silent]\n|switch|p2a: Orthworm|Orthworm, L50, M|75\/100\n|move|p1b: Palafin|Protect|p1b: Palafin\n|-singleturn|p1b: Palafin|Protect\n|move|p2b: Dragonite|Dragon Dance|p2b: Dragonite\n|-boost|p2b: Dragonite|atk|1\n|-boost|p2b: Dragonite|spe|1\n|move|p1a: Ting-Lu|Ruination|p2b: Dragonite\n|-end|p2b: Dragonite|Substitute\n|\n|upkeep\n|turn|4\n|\n|t:|1682549748\n|move|p2b: Dragonite|Earthquake|p1b: Palafin|[spread] p1a,p1b\n|-heal|p2a: Orthworm|100\/100|[from] ability: Earth Eater|[of] p2b: Dragonite\n|-damage|p1a: Ting-Lu|41\/100\n|-damage|p1b: Palafin|42\/100\n|move|p1b: Palafin|Drain Punch|p2a: Orthworm\n|-supereffective|p2a: Orthworm\n|-damage|p2a: Orthworm|61\/100\n|-heal|p1b: Palafin|59\/100|[from] drain|[of] p2a: Orthworm\n|move|p2a: Orthworm|Body Press|p1a: Ting-Lu\n|-supereffective|p1a: Ting-Lu\n|-damage|p1a: Ting-Lu|5\/100\n|move|p1a: Ting-Lu|Ruination|p2b: Dragonite\n|-damage|p2b: Dragonite|50\/100\n|\n|upkeep\n|turn|5\n|\n|t:|1682549759\n|switch|p1a: Arcanine|Arcanine, L50, F|100\/100\n|-ability|p1a: Arcanine|Intimidate|boost\n|-unboost|p2a: Orthworm|atk|1\n|-unboost|p2b: Dragonite|atk|1\n|move|p2b: Dragonite|Earthquake|p1b: Palafin|[spread] p1a,p1b\n|-heal|p2a: Orthworm|86\/100|[from] ability: Earth Eater|[of] p2b: Dragonite\n|-supereffective|p1a: Arcanine\n|-damage|p1a: Arcanine|54\/100\n|-damage|p1b: Palafin|34\/100\n|move|p1b: Palafin|Drain Punch|p2a: Orthworm\n|-supereffective|p2a: Orthworm\n|-damage|p2a: Orthworm|43\/100\n|-heal|p1b: Palafin|52\/100|[from] drain|[of] p2a: Orthworm\n|move|p2a: Orthworm|Iron Defense|p2a: Orthworm\n|-boost|p2a: Orthworm|def|2\n|\n|upkeep\n|turn|6\n|\n|t:|1682549770\n|move|p2b: Dragonite|Earthquake|p1b: Palafin|[spread] p1a,p1b\n|-heal|p2a: Orthworm|68\/100|[from] ability: Earth Eater|[of] p2b: Dragonite\n|-supereffective|p1a: Arcanine\n|-damage|p1a: Arcanine|0 fnt\n|-damage|p1b: Palafin|30\/100\n|faint|p1a: Arcanine\n|move|p1b: Palafin|Drain Punch|p2a: Orthworm\n|-supereffective|p2a: Orthworm\n|-damage|p2a: Orthworm|44\/100\n|-heal|p1b: Palafin|40\/100|[from] drain|[of] p2a: Orthworm\n|move|p2a: Orthworm|Body Press|p1b: Palafin\n|-damage|p1b: Palafin|0 fnt\n|faint|p1b: Palafin\n|\n|upkeep\n|-message|gGusto forfeited.\n|\n|win|Post GC2 testing\n|raw|gGusto's rating: 1355 → 1337<\/strong> (-18 for losing)\n|raw|Post GC2 testing's rating: 1382 → 1400<\/strong> (+18 for winning)\n|l|\u2606gGusto\n","uploadtime":1682549819,"views":14,"p1id":"ggusto","p2id":"postgc2testing","formatid":"gen9vgc2023regulationc","rating":1337,"private":0,"password":""}