{"id":"gen9vgc2023regulationc-1846831582","p1":"Sumo'sWeenusVGC","p2":"MangledGalah","format":"[Gen 9] VGC 2023 Regulation C","log":"|j|\u2606Sumo'sWeenusVGC\n|j|\u2606MangledGalah\n|t:|1681887137\n|gametype|doubles\n|player|p1|Sumo'sWeenusVGC|colress|1207\n|player|p2|MangledGalah|266|1323\n|teamsize|p1|6\n|teamsize|p2|6\n|gen|9\n|tier|[Gen 9] VGC 2023 Regulation C\n|rated|\n|rule|Species Clause: Limit one of each Pok\u00e9mon\n|rule|Item Clause: Limit one of each item\n|clearpoke\n|poke|p1|Annihilape, L50, M|\n|poke|p1|Chien-Pao, L50|\n|poke|p1|Flutter Mane, L50|\n|poke|p1|Arcanine, L50, M|\n|poke|p1|Palafin, L50, F|\n|poke|p1|Amoonguss, L50, F|\n|poke|p2|Flutter Mane, L50|\n|poke|p2|Garganacl, L50, M|\n|poke|p2|Sylveon, L50, M|\n|poke|p2|Brute Bonnet, L50|\n|poke|p2|Dragapult, L50, F|\n|poke|p2|Palafin, L50, M|\n|teampreview|4\n|inactive|Battle timer is ON: inactive players will automatically lose when time's up. (requested by Sumo'sWeenusVGC)\nSumo'sWeenusVGC has agreed to open team sheets.\n|inactive|Sumo'sWeenusVGC has 60 seconds left.\n|inactive|MangledGalah has 60 seconds left.\n|\n|t:|1681887184\n|start\n|switch|p1a: Noodle|Chien-Pao, L50|100\/100\n|switch|p1b: Doll-Pugno|Palafin, L50, F, shiny|100\/100\n|switch|p2a: Flutter Mane|Flutter Mane, L50, shiny|100\/100\n|switch|p2b: Palafin|Palafin, L50, M, shiny|100\/100\n|-ability|p1a: Noodle|Sword of Ruin\n|turn|1\n|\n|t:|1681887209\n|move|p1a: Noodle|Sucker Punch|p2a: Flutter Mane\n|-damage|p2a: Flutter Mane|25\/100\n|move|p2b: Palafin|Jet Punch|p1a: Noodle\n|-damage|p1a: Noodle|63\/100\n|move|p1b: Doll-Pugno|Jet Punch|p2a: Flutter Mane\n|-damage|p2a: Flutter Mane|0 fnt\n|faint|p2a: Flutter Mane\n|-end|p2a: Flutter Mane|Protosynthesis|[silent]\n|\n|upkeep\n|\n|t:|1681887225\n|switch|p2a: Sylveon|Sylveon, L50, M, shiny|100\/100\n|turn|2\n|\n|t:|1681887245\n|detailschange|p2b: Palafin|Palafin-Hero, L50, M, shiny\n|switch|p2b: Dragapult|Dragapult, L50, F, shiny|100\/100\n|detailschange|p1b: Doll-Pugno|Palafin-Hero, L50, F, shiny\n|switch|p1b: Slif's Woof|Arcanine, L50, M, shiny|100\/100\n|-ability|p1b: Slif's Woof|Intimidate|boost\n|-unboost|p2a: Sylveon|atk|1\n|-fail|p2b: Dragapult|unboost|[from] ability: Clear Body|[of] p2b: Dragapult\n|move|p1a: Noodle|Ice Spinner|p2b: Dragapult\n|-supereffective|p2b: Dragapult\n|-damage|p2b: Dragapult|0 fnt\n|faint|p2b: Dragapult\n|move|p2a: Sylveon|Hyper Voice|p1b: Slif's Woof|[spread] p1a,p1b\n|-supereffective|p1a: Noodle\n|-resisted|p1b: Slif's Woof\n|-damage|p1a: Noodle|0 fnt\n|-damage|p1b: Slif's Woof|87\/100\n|faint|p1a: Noodle\n|\n|upkeep\n|\n|t:|1681887262\n|switch|p2b: Palafin|Palafin-Hero, L50, M, shiny|100\/100\n|switch|p1a: Psi Mu Signma|Annihilape, L50, M, shiny|100\/100\n|-activate|p2b: Palafin|ability: Zero to Hero\n|turn|3\n|\n|t:|1681887282\n|-terastallize|p2b: Palafin|Water\n|-terastallize|p1b: Slif's Woof|Normal\n|move|p1a: Psi Mu Signma|Protect|p1a: Psi Mu Signma\n|-singleturn|p1a: Psi Mu Signma|Protect\n|move|p2b: Palafin|Jet Punch|p1a: Psi Mu Signma\n|-activate|p1a: Psi Mu Signma|move: Protect\n|move|p1b: Slif's Woof|Howl|p1b: Slif's Woof|[spread] p1a,p1b\n|-boost|p1a: Psi Mu Signma|atk|1\n|-boost|p1b: Slif's Woof|atk|1\n|move|p2a: Sylveon|Hyper Voice|p1a: Psi Mu Signma|[spread] p1b\n|-activate|p1a: Psi Mu Signma|move: Protect\n|-damage|p1b: Slif's Woof|54\/100\n|\n|upkeep\n|turn|4\n|inactive|MangledGalah has 30 seconds left.\n|inactive|Sumo'sWeenusVGC has 30 seconds left.\n|\n|t:|1681887314\n|move|p1b: Slif's Woof|Extreme Speed|p2a: Sylveon\n|-damage|p2a: Sylveon|45\/100\n|move|p2b: Palafin|Jet Punch|p1b: Slif's Woof\n|-damage|p1b: Slif's Woof|0 fnt\n|faint|p1b: Slif's Woof\n|move|p1a: Psi Mu Signma|Rage Fist|p2a: Sylveon\n|-damage|p2a: Sylveon|10\/100\n|move|p2a: Sylveon|Hyper Voice|p1a: Psi Mu Signma\n|-supereffective|p1a: Psi Mu Signma\n|-damage|p1a: Psi Mu Signma|35\/100\n|\n|-heal|p1a: Psi Mu Signma|41\/100|[from] item: Leftovers\n|-heal|p2a: Sylveon|16\/100|[from] item: Leftovers\n|upkeep\n|\n|t:|1681887327\n|switch|p1b: Doll-Pugno|Palafin-Hero, L50, F, shiny|100\/100\n|-activate|p1b: Doll-Pugno|ability: Zero to Hero\n|turn|5\n|\n|t:|1681887352\n|move|p1a: Psi Mu Signma|Protect|p1a: Psi Mu Signma\n|-singleturn|p1a: Psi Mu Signma|Protect\n|move|p2b: Palafin|Jet Punch|p1a: Psi Mu Signma\n|-activate|p1a: Psi Mu Signma|move: Protect\n|move|p1b: Doll-Pugno|Jet Punch|p2a: Sylveon\n|-damage|p2a: Sylveon|0 fnt\n|faint|p2a: Sylveon\n|\n|-heal|p1a: Psi Mu Signma|47\/100|[from] item: Leftovers\n|upkeep\n|turn|6\n|\n|t:|1681887364\n|move|p2b: Palafin|Jet Punch|p1a: Psi Mu Signma\n|-crit|p1a: Psi Mu Signma\n|-damage|p1a: Psi Mu Signma|0 fnt\n|faint|p1a: Psi Mu Signma\n|move|p1b: Doll-Pugno|Wave Crash|p2b: Palafin\n|-resisted|p2b: Palafin\n|-damage|p2b: Palafin|59\/100\n|-damage|p1b: Doll-Pugno|87\/100|[from] Recoil\n|\n|upkeep\n|turn|7\n|\n|t:|1681887378\n|move|p1b: Doll-Pugno|Jet Punch|p2b: Palafin\n|-resisted|p2b: Palafin\n|-damage|p2b: Palafin|37\/100\n|move|p2b: Palafin|Wave Crash|p1b: Doll-Pugno\n|-resisted|p1b: Doll-Pugno\n|-damage|p1b: Doll-Pugno|34\/100\n|-damage|p2b: Palafin|19\/100|[from] Recoil\n|\n|upkeep\n|turn|8\n|\n|t:|1681887391\n|move|p2b: Palafin|Jet Punch|p1b: Doll-Pugno\n|-resisted|p1b: Doll-Pugno\n|-damage|p1b: Doll-Pugno|8\/100\n|move|p1b: Doll-Pugno|Jet Punch|p2b: Palafin\n|-resisted|p2b: Palafin\n|-crit|p2b: Palafin\n|-damage|p2b: Palafin|0 fnt\n|faint|p2b: Palafin\n|\n|win|Sumo'sWeenusVGC\n|raw|Sumo'sWeenusVGC's rating: 1207 → 1240<\/strong> (+33 for winning)\n|raw|MangledGalah's rating: 1323 → 1297<\/strong> (-26 for losing)\n|l|\u2606MangledGalah\n","uploadtime":1681887401,"views":10,"p1id":"sumosweenusvgc","p2id":"mangledgalah","formatid":"gen9vgc2023regulationc","rating":1240,"private":0,"password":""}