{"id":"gen9vgc2023regulationc-1846993428","p1":"Alaskan_fisher","p2":"Bozzolodio","format":"[Gen 9] VGC 2023 Regulation C","log":"|j|\u2606Alaskan_fisher\n|j|\u2606Bozzolodio\n|t:|1681909824\n|gametype|doubles\n|player|p1|Alaskan_fisher|fisherman-gen4|1169\n|player|p2|Bozzolodio|giovanni|1091\n|teamsize|p1|6\n|teamsize|p2|6\n|gen|9\n|tier|[Gen 9] VGC 2023 Regulation C\n|rated|\n|rule|Species Clause: Limit one of each Pok\u00e9mon\n|rule|Item Clause: Limit one of each item\n|clearpoke\n|poke|p1|Maushold-Four, L50|\n|poke|p1|Iron Hands, L50|\n|poke|p1|Palafin, L50, F|\n|poke|p1|Ting-Lu, L50|\n|poke|p1|Flutter Mane, L50|\n|poke|p1|Arcanine, L50, F|\n|poke|p2|Dragonite, L50, F|\n|poke|p2|Chien-Pao, L50|\n|poke|p2|Maushold, L50|\n|poke|p2|Farigiraf, L50, M|\n|poke|p2|Annihilape, L50, M|\n|poke|p2|Scizor, L50, M|\n|teampreview|4\nAlaskan_fisher has agreed to open team sheets.\n|inactive|Battle timer is ON: inactive players will automatically lose when time's up. (requested by Alaskan_fisher)\n|\n|t:|1681909908\n|start\n|switch|p1a: Arcanine|Arcanine, L50, F|100\/100\n|switch|p1b: Maushold|Maushold-Four, L50|100\/100\n|switch|p2a: Farigiraf|Farigiraf, L50, M|100\/100\n|switch|p2b: Dragonite|Dragonite, L50, F|100\/100\n|-ability|p1a: Arcanine|Intimidate|boost\n|-unboost|p2a: Farigiraf|atk|1\n|-unboost|p2b: Dragonite|atk|1\n|turn|1\n|\n|t:|1681909933\n|move|p1b: Maushold|Helping Hand|p1a: Arcanine\n|-singleturn|p1a: Arcanine|Helping Hand|[of] p1b: Maushold\n|move|p2a: Farigiraf|Protect|p2a: Farigiraf\n|-singleturn|p2a: Farigiraf|Protect\n|move|p1a: Arcanine|Crunch|p2a: Farigiraf\n|-activate|p2a: Farigiraf|move: Protect\n|move|p2b: Dragonite|Tailwind|p2b: Dragonite\n|-sidestart|p2: Bozzolodio|move: Tailwind\n|\n|upkeep\n|turn|2\n|inactive|Bozzolodio has 30 seconds left.\n|inactive|Bozzolodio has 20 seconds left.\n|inactive|Bozzolodio has 15 seconds left.\n|inactive|Bozzolodio has 10 seconds left.\n|inactive|Bozzolodio has 5 seconds left.\n|\n|t:|1681909983\n|switch|p2a: Scizor|Scizor, L50, M|100\/100\n|switch|p1a: Ting-Lu|Ting-Lu, L50|100\/100\n|-ability|p1a: Ting-Lu|Vessel of Ruin\n|move|p1b: Maushold|Protect|p1b: Maushold\n|-singleturn|p1b: Maushold|Protect\n|move|p2b: Dragonite|Extreme Speed|p1a: Ting-Lu\n|-crit|p1a: Ting-Lu\n|-damage|p1a: Ting-Lu|83\/100\n|\n|upkeep\n|turn|3\n|inactive|Alaskan_fisher has 30 seconds left.\n|inactive|Bozzolodio has 30 seconds left.\n|inactive|Bozzolodio has 20 seconds left.\n|inactive|Bozzolodio has 15 seconds left.\n|inactive|Alaskan_fisher has 20 seconds left.\n|inactive|Bozzolodio has 10 seconds left.\n|\n|t:|1681910032\n|move|p2b: Dragonite|Ice Spinner|p1a: Ting-Lu\n|-supereffective|p1a: Ting-Lu\n|-damage|p1a: Ting-Lu|68\/100\n|move|p2a: Scizor|Close Combat|p1b: Maushold\n|-supereffective|p1b: Maushold\n|-damage|p1b: Maushold|0 fnt\n|-unboost|p2a: Scizor|def|1\n|-unboost|p2a: Scizor|spd|1\n|faint|p1b: Maushold\n|-damage|p2a: Scizor|91\/100|[from] item: Life Orb\n|move|p1a: Ting-Lu|Stomping Tantrum|p2a: Scizor\n|-damage|p2a: Scizor|50\/100\n|\n|upkeep\n|\n|t:|1681910045\n|switch|p1b: Arcanine|Arcanine, L50, F|100\/100\n|-ability|p1b: Arcanine|Intimidate|boost\n|-unboost|p2a: Scizor|atk|1\n|-unboost|p2b: Dragonite|atk|1\n|turn|4\n|\n|t:|1681910070\n|switch|p1a: Flutter Mane|Flutter Mane, L50|100\/100\n|move|p2b: Dragonite|Ice Spinner|p1a: Flutter Mane\n|-damage|p1a: Flutter Mane|71\/100\n|move|p2a: Scizor|U-turn|p1a: Flutter Mane\n|-resisted|p1a: Flutter Mane\n|-damage|p1a: Flutter Mane|54\/100\n|-damage|p2a: Scizor|40\/100|[from] item: Life Orb\n|\n|t:|1681910080\n|switch|p2a: Farigiraf|Farigiraf, L50, M|100\/100|[from] U-turn\n|move|p1b: Arcanine|Flare Blitz|p2b: Dragonite\n|-resisted|p2b: Dragonite\n|-damage|p2b: Dragonite|78\/100\n|-status|p2b: Dragonite|brn\n|-enditem|p2b: Dragonite|Lum Berry|[eat]\n|-curestatus|p2b: Dragonite|brn|[msg]\n|-damage|p1b: Arcanine|93\/100|[from] Recoil\n|\n|-sideend|p2: Bozzolodio|move: Tailwind\n|upkeep\n|turn|5\n|\n|t:|1681910102\n|switch|p2b: Scizor|Scizor, L50, M|40\/100\n|move|p1a: Flutter Mane|Moonblast|p2a: Farigiraf\n|-damage|p2a: Farigiraf|51\/100\n|move|p1b: Arcanine|Flare Blitz|p2a: Farigiraf\n|-damage|p2a: Farigiraf|0 fnt\n|faint|p2a: Farigiraf\n|-damage|p1b: Arcanine|74\/100|[from] Recoil\n|\n|upkeep\n|\n|t:|1681910113\n|switch|p2a: Dragonite|Dragonite, L50, F|78\/100\n|turn|6\n|\n|t:|1681910122\n|-terastallize|p1a: Flutter Mane|Steel\n|move|p2b: Scizor|Bullet Punch|p1a: Flutter Mane\n|-resisted|p1a: Flutter Mane\n|-crit|p1a: Flutter Mane\n|-damage|p1a: Flutter Mane|0 fnt\n|faint|p1a: Flutter Mane\n|-end|p1a: Flutter Mane|Protosynthesis|[silent]\n|-damage|p2b: Scizor|31\/100|[from] item: Life Orb\n|move|p1b: Arcanine|Flare Blitz|p2b: Scizor\n|-supereffective|p2b: Scizor\n|-crit|p2b: Scizor\n|-damage|p2b: Scizor|0 fnt\n|faint|p2b: Scizor\n|-damage|p1b: Arcanine|65\/100|[from] Recoil\n|move|p2a: Dragonite|Tailwind|p2a: Dragonite\n|-sidestart|p2: Bozzolodio|move: Tailwind\n|\n|upkeep\n|\n|t:|1681910136\n|switch|p1a: Ting-Lu|Ting-Lu, L50|68\/100\n|switch|p2b: Annihilape|Annihilape, L50, M|100\/100\n|-ability|p1a: Ting-Lu|Vessel of Ruin\n|turn|7\n|\n|t:|1681910151\n|-terastallize|p2a: Dragonite|Normal\n|move|p2a: Dragonite|Extreme Speed|p1b: Arcanine\n|-damage|p1b: Arcanine|19\/100\n|move|p2b: Annihilape|Drain Punch|p1a: Ting-Lu\n|-supereffective|p1a: Ting-Lu\n|-damage|p1a: Ting-Lu|33\/100\n|move|p1b: Arcanine|Flare Blitz|p2b: Annihilape\n|-damage|p2b: Annihilape|8\/100\n|-status|p2b: Annihilape|brn\n|-damage|p1b: Arcanine|0 fnt|[from] Recoil\n|faint|p1b: Arcanine\n|move|p1a: Ting-Lu|Stomping Tantrum|p2b: Annihilape\n|-damage|p2b: Annihilape|0 fnt\n|faint|p2b: Annihilape\n|\n|upkeep\n|turn|8\n|\n|t:|1681910169\n|move|p2a: Dragonite|Extreme Speed|p1a: Ting-Lu\n|-damage|p1a: Ting-Lu|9\/100\n|move|p1a: Ting-Lu|Fissure|p2a: Dragonite|[miss]\n|-miss|p1a: Ting-Lu|p2a: Dragonite\n|\n|upkeep\n|turn|9\n|\n|t:|1681910178\n|move|p2a: Dragonite|Extreme Speed|p1a: Ting-Lu\n|-damage|p1a: Ting-Lu|0 fnt\n|faint|p1a: Ting-Lu\n|\n|win|Bozzolodio\n|raw|Alaskan_fisher's rating: 1169 → 1138<\/strong> (-31 for losing)\n|raw|Bozzolodio's rating: 1091 → 1123<\/strong> (+32 for winning)\n|l|\u2606Bozzolodio\n|l|\u2606Alaskan_fisher\n|j|\u2606Alaskan_fisher\n|player|p1|Alaskan_fisher|fisherman-gen4\n","uploadtime":1681910374,"views":8,"p1id":"alaskanfisher","p2id":"bozzolodio","formatid":"gen9vgc2023regulationc","rating":1123,"private":0,"password":""}