{"id":"gen9vgc2023regulationc-1864029122","p1":"Ciq108","p2":"quick222","format":"[Gen 9] VGC 2023 Regulation C","log":"|j|\u2606Ciq108\n|j|\u2606quick222\n|t:|1684107471\n|gametype|doubles\n|player|p1|Ciq108|170|\n|player|p2|quick222|cynthia-gen4|\n|teamsize|p1|6\n|teamsize|p2|6\n|gen|9\n|tier|[Gen 9] VGC 2023 Regulation C\n|rule|Species Clause: Limit one of each Pok\u00e9mon\n|rule|Item Clause: Limit one of each item\n|clearpoke\n|poke|p1|Talonflame, L50, F|\n|poke|p1|Garchomp, L50, M|\n|poke|p1|Chi-Yu, L50|\n|poke|p1|Flutter Mane, L50|\n|poke|p1|Iron Bundle, L50|\n|poke|p1|Tsareena, L50, F|\n|poke|p2|Great Tusk, L50|\n|poke|p2|Talonflame, L50, F|\n|poke|p2|Chi-Yu, L50|\n|poke|p2|Flutter Mane, L50|\n|poke|p2|Kingambit, L50, M|\n|poke|p2|Iron Bundle, L50|\n|teampreview|4\nCiq108 has agreed to open team sheets.\nquick222 has agreed to open team sheets.\n|c|\u2606quick222|glhf\n|c|\u2606Ciq108|U2\n|\n|t:|1684107603\n|start\n|switch|p1a: Talonflame|Talonflame, L50, F|100\/100\n|switch|p1b: Flutter Mane|Flutter Mane, L50|100\/100\n|switch|p2a: Iron Bundle|Iron Bundle, L50|100\/100\n|switch|p2b: Talonflame|Talonflame, L50, F|100\/100\n|-enditem|p2a: Iron Bundle|Booster Energy\n|-activate|p2a: Iron Bundle|ability: Quark Drive|[fromitem]\n|-start|p2a: Iron Bundle|quarkdrivespe\n|turn|1\n|\n|t:|1684107643\n|move|p1a: Talonflame|Quick Guard|p1a: Talonflame\n|-singleturn|p1a: Talonflame|Quick Guard\n|move|p2b: Talonflame|Tailwind|p2b: Talonflame\n|-sidestart|p2: quick222|move: Tailwind\n|move|p2a: Iron Bundle|Icy Wind|p1a: Talonflame|[spread] p1a,p1b\n|-damage|p1a: Talonflame|74\/100\n|-damage|p1b: Flutter Mane|80\/100\n|-unboost|p1a: Talonflame|spe|1\n|-unboost|p1b: Flutter Mane|spe|1\n|move|p1b: Flutter Mane|Moonblast|p2a: Iron Bundle\n|-damage|p2a: Iron Bundle|0 fnt\n|faint|p2a: Iron Bundle\n|-end|p2a: Iron Bundle|Quark Drive|[silent]\n|\n|upkeep\n|\n|t:|1684107664\n|switch|p2a: Chi-Yu|Chi-Yu, L50|100\/100\n|-ability|p2a: Chi-Yu|Beads of Ruin\n|turn|2\n|\n|t:|1684107693\n|-end|p1b: Flutter Mane|Protosynthesis|[silent]\n|switch|p1b: Garchomp|Garchomp, L50, M|100\/100\n|move|p2b: Talonflame|Brave Bird|p1a: Talonflame\n|-damage|p1a: Talonflame|37\/100\n|-damage|p2b: Talonflame|89\/100|[from] Recoil\n|move|p2a: Chi-Yu|Dark Pulse|p1a: Talonflame\n|-damage|p1a: Talonflame|0 fnt\n|faint|p1a: Talonflame\n|\n|upkeep\n|\n|t:|1684107709\n|switch|p1a: Chi-Yu|Chi-Yu, L50|100\/100\n|-ability|p1a: Chi-Yu|Beads of Ruin\n|turn|3\n|\n|t:|1684107743\n|move|p2b: Talonflame|Will-O-Wisp|p1b: Garchomp\n|-status|p1b: Garchomp|brn\n|move|p2a: Chi-Yu|Overheat|p1a: Chi-Yu\n|-resisted|p1a: Chi-Yu\n|-damage|p1a: Chi-Yu|61\/100\n|-unboost|p2a: Chi-Yu|spa|2\n|move|p1a: Chi-Yu|Dark Pulse|p2b: Talonflame\n|-damage|p2b: Talonflame|17\/100\n|move|p1b: Garchomp|Stomping Tantrum|p2a: Chi-Yu\n|-supereffective|p2a: Chi-Yu\n|-damage|p2a: Chi-Yu|10\/100\n|-damage|p1b: Garchomp|91\/100 brn|[from] item: Life Orb\n|\n|-damage|p1b: Garchomp|85\/100 brn|[from] brn\n|upkeep\n|turn|4\n|\n|t:|1684107795\n|move|p2a: Chi-Yu|Protect|p2a: Chi-Yu\n|-singleturn|p2a: Chi-Yu|Protect\n|move|p2b: Talonflame|Brave Bird|p1a: Chi-Yu\n|-damage|p1a: Chi-Yu|4\/100\n|-damage|p2b: Talonflame|3\/100|[from] Recoil\n|move|p1a: Chi-Yu|Dark Pulse|p2a: Chi-Yu\n|-activate|p2a: Chi-Yu|move: Protect\n|move|p1b: Garchomp|Dragon Claw|p2b: Talonflame\n|-damage|p2b: Talonflame|0 fnt\n|faint|p2b: Talonflame\n|-damage|p1b: Garchomp|75\/100 brn|[from] item: Life Orb\n|\n|-damage|p1b: Garchomp|69\/100 brn|[from] brn\n|-sideend|p2: quick222|move: Tailwind\n|upkeep\n|\n|t:|1684107800\n|switch|p2b: Kingambit|Kingambit, L50, M|100\/100\n|turn|5\n|\n|t:|1684107821\n|-terastallize|p2b: Kingambit|Flying\n|move|p2b: Kingambit|Sucker Punch|p1a: Chi-Yu\n|-resisted|p1a: Chi-Yu\n|-damage|p1a: Chi-Yu|0 fnt\n|faint|p1a: Chi-Yu\n|move|p1b: Garchomp|Earthquake|p2b: Kingambit|[spread] p2a\n|-immune|p2b: Kingambit\n|-supereffective|p2a: Chi-Yu\n|-damage|p2a: Chi-Yu|0 fnt\n|faint|p2a: Chi-Yu\n|-damage|p1b: Garchomp|59\/100 brn|[from] item: Life Orb\n|\n|-damage|p1b: Garchomp|53\/100 brn|[from] brn\n|upkeep\n|\n|t:|1684107827\n|switch|p1a: Flutter Mane|Flutter Mane, L50|80\/100\n|turn|6\n|\n|t:|1684107836\n|-terastallize|p1a: Flutter Mane|Fairy\n|move|p2b: Kingambit|Sucker Punch|p1a: Flutter Mane\n|-resisted|p1a: Flutter Mane\n|-damage|p1a: Flutter Mane|35\/100\n|move|p1a: Flutter Mane|Moonblast|p2b: Kingambit\n|-damage|p2b: Kingambit|30\/100\n|move|p1b: Garchomp|Dragon Claw|p2b: Kingambit\n|-damage|p2b: Kingambit|9\/100\n|-damage|p1b: Garchomp|43\/100 brn|[from] item: Life Orb\n|\n|-damage|p1b: Garchomp|37\/100 brn|[from] brn\n|upkeep\n|turn|7\n|\n|t:|1684107849\n|move|p2b: Kingambit|Sucker Punch|p1a: Flutter Mane\n|-resisted|p1a: Flutter Mane\n|-damage|p1a: Flutter Mane|0 fnt\n|faint|p1a: Flutter Mane\n|-end|p1a: Flutter Mane|Protosynthesis|[silent]\n|move|p1b: Garchomp|Dragon Claw|p2b: Kingambit\n|-damage|p2b: Kingambit|0 fnt\n|faint|p2b: Kingambit\n|-damage|p1b: Garchomp|27\/100 brn|[from] item: Life Orb\n|\n|win|Ciq108\n|c|\u2606quick222|gg\n","uploadtime":1684107859,"views":12,"p1id":"ciq108","p2id":"quick222","formatid":"gen9vgc2023regulationc","rating":0,"private":0,"password":""}