{"id":"gen9vgc2023regulationc-1848331518","p1":"Auraen","p2":"Valkenhine","format":"[Gen 9] VGC 2023 Regulation C","log":"|j|\u2606Auraen\n|j|\u2606Valkenhine\n|t:|1682061855\n|gametype|doubles\n|player|p1|Auraen|flannery|1140\n|player|p2|Valkenhine|koga|1101\n|teamsize|p1|6\n|teamsize|p2|6\n|gen|9\n|tier|[Gen 9] VGC 2023 Regulation C\n|rated|\n|rule|Species Clause: Limit one of each Pok\u00e9mon\n|rule|Item Clause: Limit one of each item\n|clearpoke\n|poke|p1|Wo-Chien, L50|\n|poke|p1|Rotom-Heat, L50|\n|poke|p1|Gothitelle, L50, F|\n|poke|p1|Hariyama, L50, F|\n|poke|p1|Glimmora, L50, M|\n|poke|p1|Dragapult, L50, F|\n|poke|p2|Vaporeon, L50, F|\n|poke|p2|Grimmsnarl, L50, M|\n|poke|p2|Flutter Mane, L50|\n|poke|p2|Palafin, L50, M|\n|poke|p2|Dragapult, L50, M|\n|poke|p2|Volcarona, L50, F|\n|teampreview|4\n|\n|t:|1682061907\n|start\n|switch|p1a: Glimmora|Glimmora, L50, M|100\/100\n|switch|p1b: Gothitelle|Gothitelle, L50, F|100\/100\n|switch|p2a: Grimmsnarl|Grimmsnarl, L50, M|100\/100\n|switch|p2b: Palafin|Palafin, L50, M|100\/100\n|turn|1\n|\n|t:|1682061934\n|move|p2b: Palafin|Protect|p2b: Palafin\n|-singleturn|p2b: Palafin|Protect\n|move|p2a: Grimmsnarl|Taunt|p1b: Gothitelle\n|-start|p1b: Gothitelle|move: Taunt\n|move|p1a: Glimmora|Mortal Spin|p2b: Palafin|[spread] p2a\n|-activate|p2b: Palafin|move: Protect\n|-supereffective|p2a: Grimmsnarl\n|-damage|p2a: Grimmsnarl|91\/100\n|-status|p2a: Grimmsnarl|psn\n|cant|p1b: Gothitelle|move: Taunt|Trick Room\n|\n|-damage|p2a: Grimmsnarl|78\/100 psn|[from] psn\n|upkeep\n|turn|2\n|\n|t:|1682061960\n|move|p2b: Palafin|Jet Punch|p1a: Glimmora\n|-supereffective|p1a: Glimmora\n|-damage|p1a: Glimmora|55\/100\n|-activate|p1a: Glimmora|ability: Toxic Debris\n|-sidestart|p2: Valkenhine|move: Toxic Spikes\n|move|p2a: Grimmsnarl|Parting Shot|p1a: Glimmora\n|-unboost|p1a: Glimmora|atk|1\n|-unboost|p1a: Glimmora|spa|1\n|\n|t:|1682061970\n|switch|p2a: Volcarona|Volcarona, L50, F|100\/100|[from] Parting Shot\n|-status|p2a: Volcarona|psn\n|move|p1a: Glimmora|Mortal Spin|p2a: Volcarona|[spread] p2a,p2b\n|-damage|p2a: Volcarona|98\/100 psn\n|-damage|p2b: Palafin|97\/100\n|-status|p2b: Palafin|psn\n|move|p1b: Gothitelle|Psychic|p2b: Palafin\n|-damage|p2b: Palafin|62\/100 psn\n|\n|-heal|p2a: Volcarona|100\/100 psn|[from] item: Leftovers\n|-damage|p2b: Palafin|50\/100 psn|[from] psn\n|-damage|p2a: Volcarona|88\/100 psn|[from] psn\n|upkeep\n|turn|3\n|\n|t:|1682062001\n|move|p2b: Palafin|Jet Punch|p1b: Gothitelle\n|-damage|p1b: Gothitelle|75\/100\n|move|p2a: Volcarona|Quiver Dance|p2a: Volcarona\n|-boost|p2a: Volcarona|spa|1\n|-boost|p2a: Volcarona|spd|1\n|-boost|p2a: Volcarona|spe|1\n|move|p1a: Glimmora|Power Gem|p2a: Volcarona\n|-supereffective|p2a: Volcarona\n|-damage|p2a: Volcarona|30\/100 psn\n|move|p1b: Gothitelle|Psychic|p2a: Volcarona\n|-damage|p2a: Volcarona|11\/100 psn\n|\n|-heal|p2a: Volcarona|17\/100 psn|[from] item: Leftovers\n|-damage|p2a: Volcarona|5\/100 psn|[from] psn\n|-damage|p2b: Palafin|38\/100 psn|[from] psn\n|-end|p1b: Gothitelle|move: Taunt\n|upkeep\n|turn|4\n|\n|t:|1682062036\n|switch|p1a: Rotom|Rotom-Heat, L50|100\/100\n|-terastallize|p2a: Volcarona|Grass\n|move|p2b: Palafin|Jet Punch|p1a: Rotom\n|-supereffective|p1a: Rotom\n|-damage|p1a: Rotom|43\/100\n|move|p2a: Volcarona|Morning Sun|p2a: Volcarona\n|-heal|p2a: Volcarona|55\/100 psn\n|move|p1b: Gothitelle|Trick Room|p1b: Gothitelle\n|-fieldstart|move: Trick Room|[of] p1b: Gothitelle\n|\n|-heal|p2a: Volcarona|61\/100 psn|[from] item: Leftovers\n|-damage|p2b: Palafin|26\/100 psn|[from] psn\n|-damage|p2a: Volcarona|48\/100 psn|[from] psn\n|upkeep\n|turn|5\n|\n|t:|1682062057\n|-terastallize|p1a: Rotom|Electric\n|move|p2b: Palafin|Jet Punch|p1a: Rotom\n|-damage|p1a: Rotom|18\/100\n|move|p1b: Gothitelle|Heal Pulse|p1a: Rotom\n|-heal|p1a: Rotom|68\/100\n|move|p1a: Rotom|Overheat|p2a: Volcarona|[miss]\n|-miss|p1a: Rotom|p2a: Volcarona\n|move|p2a: Volcarona|Morning Sun|p2a: Volcarona\n|-heal|p2a: Volcarona|98\/100 psn\n|\n|-heal|p2a: Volcarona|100\/100 psn|[from] item: Leftovers\n|-damage|p2b: Palafin|14\/100 psn|[from] psn\n|-damage|p2a: Volcarona|88\/100 psn|[from] psn\n|upkeep\n|turn|6\n|\n|t:|1682062093\n|move|p1b: Gothitelle|Heal Pulse|p1a: Rotom\n|-heal|p1a: Rotom|100\/100\n|move|p1a: Rotom|Overheat|p2a: Volcarona\n|-supereffective|p2a: Volcarona\n|-damage|p2a: Volcarona|24\/100 psn\n|-unboost|p1a: Rotom|spa|2\n|move|p2b: Palafin|Drain Punch|p1a: Rotom\n|-damage|p1a: Rotom|79\/100\n|-heal|p2b: Palafin|22\/100 psn|[from] drain|[of] p1a: Rotom\n|move|p2a: Volcarona|Quiver Dance|p2a: Volcarona\n|-boost|p2a: Volcarona|spa|1\n|-boost|p2a: Volcarona|spd|1\n|-boost|p2a: Volcarona|spe|1\n|\n|-heal|p2a: Volcarona|31\/100 psn|[from] item: Leftovers\n|-damage|p2b: Palafin|10\/100 psn|[from] psn\n|-damage|p2a: Volcarona|18\/100 psn|[from] psn\n|upkeep\n|turn|7\n|\n|t:|1682062113\n|move|p1b: Gothitelle|Psychic|p2a: Volcarona\n|-damage|p2a: Volcarona|5\/100 psn\n|move|p1a: Rotom|Overheat|p2a: Volcarona|[miss]\n|-miss|p1a: Rotom|p2a: Volcarona\n|move|p2b: Palafin|Drain Punch|p1a: Rotom\n|-damage|p1a: Rotom|59\/100\n|-heal|p2b: Palafin|17\/100 psn|[from] drain|[of] p1a: Rotom\n|move|p2a: Volcarona|Morning Sun|p2a: Volcarona\n|-heal|p2a: Volcarona|55\/100 psn\n|\n|-heal|p2a: Volcarona|61\/100 psn|[from] item: Leftovers\n|-damage|p2b: Palafin|5\/100 psn|[from] psn\n|-damage|p2a: Volcarona|49\/100 psn|[from] psn\n|upkeep\n|turn|8\n|\n|t:|1682062140\n|switch|p1a: Glimmora|Glimmora, L50, M|55\/100\n|move|p2b: Palafin|Jet Punch|p1a: Glimmora\n|-supereffective|p1a: Glimmora\n|-damage|p1a: Glimmora|13\/100\n|-activate|p1a: Glimmora|ability: Toxic Debris\n|-sidestart|p2: Valkenhine|move: Toxic Spikes\n|move|p1b: Gothitelle|Heal Pulse|p1a: Glimmora\n|-heal|p1a: Glimmora|63\/100\n|move|p2a: Volcarona|Morning Sun|p2a: Volcarona\n|-heal|p2a: Volcarona|99\/100 psn\n|\n|-heal|p2a: Volcarona|100\/100 psn|[from] item: Leftovers\n|-damage|p2b: Palafin|0 fnt|[from] psn\n|faint|p2b: Palafin\n|-damage|p2a: Volcarona|88\/100 psn|[from] psn\n|-fieldend|move: Trick Room\n|upkeep\n|\n|t:|1682062158\n|switch|p2b: Grimmsnarl|Grimmsnarl, L50, M|78\/100 psn\n|turn|9\n|\n|t:|1682062166\n|move|p2b: Grimmsnarl|Taunt|p1b: Gothitelle\n|-start|p1b: Gothitelle|move: Taunt\n|move|p2a: Volcarona|Heat Wave|p1b: Gothitelle|[spread] p1a,p1b\n|-resisted|p1a: Glimmora\n|-damage|p1a: Glimmora|41\/100\n|-damage|p1b: Gothitelle|27\/100\n|move|p1a: Glimmora|Sludge Bomb|p2a: Volcarona\n|-supereffective|p2a: Volcarona\n|-damage|p2a: Volcarona|49\/100 psn\n|cant|p1b: Gothitelle|move: Taunt|Trick Room\n|\n|-heal|p2a: Volcarona|56\/100 psn|[from] item: Leftovers\n|-damage|p2a: Volcarona|43\/100 psn|[from] psn\n|-damage|p2b: Grimmsnarl|66\/100 psn|[from] psn\n|upkeep\n|turn|10\n|\n|t:|1682062188\n|switch|p1b: Rotom|Rotom-Heat, L50, tera:Electric|59\/100\n|move|p2b: Grimmsnarl|Light Screen|p2b: Grimmsnarl\n|-sidestart|p2: Valkenhine|move: Light Screen\n|move|p2a: Volcarona|Heat Wave|p1b: Rotom|[spread] p1a,p1b\n|-resisted|p1a: Glimmora\n|-damage|p1a: Glimmora|19\/100\n|-damage|p1b: Rotom|4\/100\n|move|p1a: Glimmora|Sludge Bomb|p2a: Volcarona\n|-supereffective|p2a: Volcarona\n|-damage|p2a: Volcarona|18\/100 psn\n|\n|-heal|p2a: Volcarona|24\/100 psn|[from] item: Leftovers\n|-damage|p2a: Volcarona|12\/100 psn|[from] psn\n|-damage|p2b: Grimmsnarl|53\/100 psn|[from] psn\n|upkeep\n|turn|11\n|\n|t:|1682062206\n|move|p2b: Grimmsnarl|Parting Shot|p1a: Glimmora\n|-unboost|p1a: Glimmora|atk|1\n|-unboost|p1a: Glimmora|spa|1\n|\n|t:|1682062210\n|switch|p2b: Vaporeon|Vaporeon, L50, F|100\/100|[from] Parting Shot\n|-status|p2b: Vaporeon|tox\n|move|p2a: Volcarona|Morning Sun|p2a: Volcarona\n|-heal|p2a: Volcarona|62\/100 psn\n|move|p1b: Rotom|Overheat|p2a: Volcarona\n|-supereffective|p2a: Volcarona\n|-damage|p2a: Volcarona|30\/100 psn\n|-unboost|p1b: Rotom|spa|2\n|move|p1a: Glimmora|Sludge Bomb|p2a: Volcarona\n|-supereffective|p2a: Volcarona\n|-damage|p2a: Volcarona|14\/100 psn\n|\n|-heal|p2a: Volcarona|20\/100 psn|[from] item: Leftovers\n|-damage|p2a: Volcarona|7\/100 psn|[from] psn\n|-damage|p2b: Vaporeon|95\/100 tox|[from] psn\n|upkeep\n|turn|12\n|\n|t:|1682062243\n|switch|p1a: Wo-Chien|Wo-Chien, L50|100\/100\n|-ability|p1a: Wo-Chien|Tablets of Ruin\n|move|p2a: Volcarona|Morning Sun|p2a: Volcarona\n|-heal|p2a: Volcarona|57\/100 psn\n|move|p1b: Rotom|Overheat|p2a: Volcarona\n|-supereffective|p2a: Volcarona\n|-damage|p2a: Volcarona|43\/100 psn\n|-unboost|p1b: Rotom|spa|2\n|move|p2b: Vaporeon|Ice Beam|p1a: Wo-Chien\n|-supereffective|p1a: Wo-Chien\n|-damage|p1a: Wo-Chien|67\/100\n|\n|-heal|p2a: Volcarona|49\/100 psn|[from] item: Leftovers\n|-heal|p1a: Wo-Chien|73\/100|[from] item: Leftovers\n|-damage|p2a: Volcarona|36\/100 psn|[from] psn\n|-damage|p2b: Vaporeon|83\/100 tox|[from] psn\n|upkeep\n|turn|13\n|\n|t:|1682062268\n|move|p1b: Rotom|Protect|p1b: Rotom\n|-singleturn|p1b: Rotom|Protect\n|move|p1a: Wo-Chien|Protect|p1a: Wo-Chien\n|-singleturn|p1a: Wo-Chien|Protect\n|move|p2a: Volcarona|Heat Wave|p1b: Rotom|[spread] \n|-activate|p1a: Wo-Chien|move: Protect\n|-activate|p1b: Rotom|move: Protect\n|move|p2b: Vaporeon|Hydro Pump|p1a: Wo-Chien\n|-activate|p1a: Wo-Chien|move: Protect\n|\n|-heal|p2a: Volcarona|43\/100 psn|[from] item: Leftovers\n|-heal|p1a: Wo-Chien|80\/100|[from] item: Leftovers\n|-damage|p2a: Volcarona|30\/100 psn|[from] psn\n|-damage|p2b: Vaporeon|65\/100 tox|[from] psn\n|upkeep\n|turn|14\n|\n|t:|1682062294\n|switch|p1a: Glimmora|Glimmora, L50, M|19\/100\n|move|p2a: Volcarona|Morning Sun|p2a: Volcarona\n|-heal|p2a: Volcarona|80\/100 psn\n|move|p1b: Rotom|Overheat|p2a: Volcarona\n|-supereffective|p2a: Volcarona\n|-damage|p2a: Volcarona|70\/100 psn\n|-unboost|p1b: Rotom|spa|2\n|move|p2b: Vaporeon|Ice Beam|p1b: Rotom\n|-damage|p1b: Rotom|0 fnt\n|faint|p1b: Rotom\n|\n|-heal|p2a: Volcarona|76\/100 psn|[from] item: Leftovers\n|-damage|p2a: Volcarona|64\/100 psn|[from] psn\n|-damage|p2b: Vaporeon|41\/100 tox|[from] psn\n|upkeep\n|-enditem|p2b: Vaporeon|Sitrus Berry|[eat]\n|-heal|p2b: Vaporeon|66\/100 tox|[from] item: Sitrus Berry\n|\n|t:|1682062312\n|switch|p1b: Wo-Chien|Wo-Chien, L50|80\/100\n|-ability|p1b: Wo-Chien|Tablets of Ruin\n|turn|15\n|\n|t:|1682062321\n|switch|p2b: Grimmsnarl|Grimmsnarl, L50, M|53\/100 psn\n|move|p2a: Volcarona|Heat Wave|p1a: Glimmora|[spread] p1a,p1b\n|-resisted|p1a: Glimmora\n|-supereffective|p1b: Wo-Chien\n|-damage|p1a: Glimmora|0 fnt\n|-damage|p1b: Wo-Chien|0 fnt\n|faint|p1a: Glimmora\n|faint|p1b: Wo-Chien\n|\n|-heal|p2a: Volcarona|70\/100 psn|[from] item: Leftovers\n|-damage|p2a: Volcarona|57\/100 psn|[from] psn\n|-damage|p2b: Grimmsnarl|41\/100 psn|[from] psn\n|upkeep\n|-message|Auraen forfeited.\n|\n|win|Valkenhine\n|raw|Auraen's rating: 1140 → 1112<\/strong> (-28 for losing)\n|raw|Valkenhine's rating: 1101 → 1129<\/strong> (+28 for winning)\n|l|\u2606Auraen\n","uploadtime":1682062338,"views":10,"p1id":"auraen","p2id":"valkenhine","formatid":"gen9vgc2023regulationc","rating":1112,"private":0,"password":""}