{"id":"gen9vgc2023regulationc-1859941763","p1":"TjVGC","p2":"WooTang104","format":"[Gen 9] VGC 2023 Regulation C","log":"|j|\u2606TjVGC\n|j|\u2606WooTang104\n|t:|1683577810\n|gametype|doubles\n|player|p1|TjVGC|1|1053\n|player|p2|WooTang104|backpacker|1000\n|teamsize|p1|6\n|teamsize|p2|6\n|gen|9\n|tier|[Gen 9] VGC 2023 Regulation C\n|rated|\n|rule|Species Clause: Limit one of each Pok\u00e9mon\n|rule|Item Clause: Limit one of each item\n|clearpoke\n|poke|p1|Ceruledge, L50, M|\n|poke|p1|Chi-Yu, L50|\n|poke|p1|Murkrow, L50, F|\n|poke|p1|Iron Hands, L50|\n|poke|p1|Flutter Mane, L50|\n|poke|p1|Iron Bundle, L50|\n|poke|p2|Iron Bundle, L50|\n|poke|p2|Abomasnow, L50, F|\n|poke|p2|Baxcalibur, L50, M|\n|poke|p2|Gyarados, L50, M|\n|poke|p2|Flutter Mane, L50|\n|poke|p2|Chien-Pao, L50|\n|teampreview|4\n|inactive|Battle timer is ON: inactive players will automatically lose when time's up. (requested by WooTang104)\n|inactive|TjVGC also wants the timer to be on.\n|inactive|TjVGC has 60 seconds left.\n|inactive|WooTang104 has 60 seconds left.\n|\n|t:|1683577868\n|start\n|switch|p1a: Iron Bundle|Iron Bundle, L50|100\/100\n|switch|p1b: Iron Hands|Iron Hands, L50|100\/100\n|switch|p2a: Flutter Mane|Flutter Mane, L50|100\/100\n|switch|p2b: Gyarados|Gyarados, L50, M|100\/100\n|-ability|p2b: Gyarados|Intimidate|boost\n|-unboost|p1a: Iron Bundle|atk|1\n|-unboost|p1b: Iron Hands|atk|1\n|-enditem|p1a: Iron Bundle|Booster Energy\n|-activate|p1a: Iron Bundle|ability: Quark Drive|[fromitem]\n|-start|p1a: Iron Bundle|quarkdrivespe\n|turn|1\n|inactive|TjVGC has 30 seconds left.\n|\n|t:|1683577896\n|switch|p2b: Baxcalibur|Baxcalibur, L50, M|100\/100\n|-terastallize|p1b: Iron Hands|Grass\n|move|p1b: Iron Hands|Fake Out|p2b: Baxcalibur\n|-damage|p2b: Baxcalibur|88\/100\n|-damage|p1b: Iron Hands|91\/100|[from] item: Life Orb\n|move|p1a: Iron Bundle|Icy Wind|p2a: Flutter Mane|[spread] p2a,p2b\n|-damage|p2a: Flutter Mane|81\/100\n|-damage|p2b: Baxcalibur|75\/100\n|-unboost|p2a: Flutter Mane|spe|1\n|-unboost|p2b: Baxcalibur|spe|1\n|move|p2a: Flutter Mane|Moonblast|p1b: Iron Hands\n|-damage|p1b: Iron Hands|36\/100\n|-unboost|p1b: Iron Hands|spa|1\n|-damage|p2a: Flutter Mane|71\/100|[from] item: Life Orb\n|\n|upkeep\n|turn|2\n|inactive|WooTang104 has 30 seconds left.\n|\n|t:|1683577922\n|move|p1b: Iron Hands|Detect|p1b: Iron Hands\n|-singleturn|p1b: Iron Hands|Protect\n|move|p2b: Baxcalibur|Ice Shard|p1b: Iron Hands\n|-activate|p1b: Iron Hands|move: Protect\n|move|p1a: Iron Bundle|Freeze-Dry|p2a: Flutter Mane\n|-damage|p2a: Flutter Mane|37\/100\n|move|p2a: Flutter Mane|Shadow Ball|p1a: Iron Bundle\n|-damage|p1a: Iron Bundle|0 fnt\n|faint|p1a: Iron Bundle\n|-end|p1a: Iron Bundle|Quark Drive|[silent]\n|-damage|p2a: Flutter Mane|28\/100|[from] item: Life Orb\n|\n|upkeep\n|\n|t:|1683577940\n|switch|p1a: Memey|Flutter Mane, L50, shiny|100\/100\n|turn|3\n|\n|t:|1683577964\n|switch|p2b: Gyarados|Gyarados, L50, M|100\/100\n|-ability|p2b: Gyarados|Intimidate|boost\n|-unboost|p1a: Memey|atk|1\n|-unboost|p1b: Iron Hands|atk|1\n|-end|p1b: Iron Hands|Quark Drive|[silent]\n|switch|p1b: Soul|Chi-Yu, L50|100\/100\n|-ability|p1b: Soul|Beads of Ruin\n|move|p1a: Memey|Dazzling Gleam|p2a: Flutter Mane|[spread] p2a,p2b\n|-damage|p2a: Flutter Mane|0 fnt\n|-damage|p2b: Gyarados|45\/100\n|faint|p2a: Flutter Mane\n|-end|p2a: Flutter Mane|Protosynthesis|[silent]\n|\n|upkeep\n|\n|t:|1683577979\n|switch|p2a: Chien-Pao|Chien-Pao, L50|100\/100\n|-ability|p2a: Chien-Pao|Sword of Ruin\n|turn|4\n|inactive|WooTang104 has 30 seconds left.\n|inactive|WooTang104 has 20 seconds left.\n|\n|t:|1683578015\n|move|p2a: Chien-Pao|Sucker Punch|p1a: Memey\n|-damage|p1a: Memey|0 fnt\n|faint|p1a: Memey\n|-end|p1a: Memey|Protosynthesis|[silent]\n|move|p1b: Soul|Heat Wave|p2b: Gyarados|[spread] p2a,p2b\n|-supereffective|p2a: Chien-Pao\n|-resisted|p2b: Gyarados\n|-enditem|p2a: Chien-Pao|Focus Sash\n|-damage|p2a: Chien-Pao|1\/100\n|-damage|p2b: Gyarados|18\/100\n|move|p2b: Gyarados|Waterfall|p1b: Soul\n|-supereffective|p1b: Soul\n|-enditem|p1b: Soul|Focus Sash\n|-damage|p1b: Soul|1\/100\n|\n|upkeep\n|\n|t:|1683578030\n|switch|p1a: Iron Hands|Iron Hands, L50, tera:Grass|36\/100\n|turn|5\n|\n|t:|1683578052\n|move|p1a: Iron Hands|Fake Out|p2a: Chien-Pao\n|-damage|p2a: Chien-Pao|0 fnt\n|faint|p2a: Chien-Pao\n|-damage|p1a: Iron Hands|27\/100|[from] item: Life Orb\n|move|p1b: Soul|Heat Wave|p2b: Gyarados\n|-resisted|p2b: Gyarados\n|-damage|p2b: Gyarados|0 fnt\n|faint|p2b: Gyarados\n|\n|upkeep\n|\n|t:|1683578063\n|switch|p2b: Baxcalibur|Baxcalibur, L50, M|75\/100\n|turn|6\n|\n|t:|1683578069\n|move|p1b: Soul|Protect|p1b: Soul\n|-singleturn|p1b: Soul|Protect\n|move|p2b: Baxcalibur|Ice Shard|p1b: Soul\n|-activate|p1b: Soul|move: Protect\n|move|p1a: Iron Hands|Drain Punch|p2b: Baxcalibur\n|-supereffective|p2b: Baxcalibur\n|-damage|p2b: Baxcalibur|0 fnt\n|-heal|p1a: Iron Hands|61\/100|[from] drain|[of] p2b: Baxcalibur\n|faint|p2b: Baxcalibur\n|-damage|p1a: Iron Hands|51\/100|[from] item: Life Orb\n|\n|win|TjVGC\n|raw|TjVGC's rating: 1053 → 1080<\/strong> (+27 for winning)\n|raw|WooTang104's rating: 1000 → 1000<\/strong> (+0 for losing)\n|l|\u2606WooTang104\n|c|\u2606TjVGC|gg\n","uploadtime":1683578077,"views":12,"p1id":"tjvgc","p2id":"wootang104","formatid":"gen9vgc2023regulationc","rating":1000,"private":0,"password":""}