{"id":"gen9vgc2023regulationc-1859455306","p1":"M4tty02","p2":"Tamejo","format":"[Gen 9] VGC 2023 Regulation C","log":"|j|\u2606M4tty02\n|j|\u2606Tamejo\n|t:|1683470761\n|gametype|doubles\n|player|p1|M4tty02|emmet|\n|player|p2|Tamejo|rood|\n|teamsize|p1|6\n|teamsize|p2|6\n|gen|9\n|tier|[Gen 9] VGC 2023 Regulation C\n|rule|Species Clause: Limit one of each Pok\u00e9mon\n|rule|Item Clause: Limit one of each item\n|clearpoke\n|poke|p1|Chi-Yu, L50|\n|poke|p1|Flutter Mane, L50|\n|poke|p1|Amoonguss, L50, F|\n|poke|p1|Iron Hands, L50|\n|poke|p1|Palafin, L50, M|\n|poke|p1|Arcanine, L50, F|\n|poke|p2|Murkrow, L50, M|\n|poke|p2|Great Tusk, L50|\n|poke|p2|Iron Bundle, L50|\n|poke|p2|Chi-Yu, L50|\n|poke|p2|Iron Hands, L50|\n|poke|p2|Amoonguss, L50, F|\n|teampreview|4\n|j| lucarioex555\nTamejo has agreed to open team sheets.\n|j| Bud gg uvihg\n|c|\u2606Tamejo|G2\nM4tty02 has agreed to open team sheets.\n|c|\u2606Tamejo|Almeno per la team preview possiamo lasciare senza timer pls?\n|c| Bud gg uvihg|Dai tamejoooo\n|c| lucarioex555|va bene dw\n|c| Bud gg uvihg|Calcolatore alla mano\n|c| Bud gg uvihg|E via\n|\n|t:|1683470819\n|start\n|switch|p1a: Chi-Yu|Chi-Yu, L50|100\/100\n|switch|p1b: Iron Hands|Iron Hands, L50|100\/100\n|switch|p2a: Iron Bundle|Iron Bundle, L50|100\/100\n|switch|p2b: Iron Hands|Iron Hands, L50|100\/100\n|-ability|p1a: Chi-Yu|Beads of Ruin\n|-enditem|p2a: Iron Bundle|Booster Energy\n|-activate|p2a: Iron Bundle|ability: Quark Drive|[fromitem]\n|-start|p2a: Iron Bundle|quarkdrivespe\n|turn|1\n|\n|t:|1683470873\n|-terastallize|p1a: Chi-Yu|Grass\n|move|p2a: Iron Bundle|Protect|p2a: Iron Bundle\n|-singleturn|p2a: Iron Bundle|Protect\n|move|p1b: Iron Hands|Fake Out|p2b: Iron Hands\n|-damage|p2b: Iron Hands|91\/100\n|move|p1a: Chi-Yu|Heat Wave|p2b: Iron Hands|[spread] p2b\n|-activate|p2a: Iron Bundle|move: Protect\n|-damage|p2b: Iron Hands|63\/100\n|cant|p2b: Iron Hands|flinch\n|\n|upkeep\n|turn|2\n|\n|t:|1683470948\n|switch|p1a: Arcanine|Arcanine, L50, F, shiny|100\/100\n|-ability|p1a: Arcanine|Intimidate|boost\n|-unboost|p2a: Iron Bundle|atk|1\n|-unboost|p2b: Iron Hands|atk|1\n|-terastallize|p2a: Iron Bundle|Poison\n|move|p2a: Iron Bundle|Icy Wind|p1b: Iron Hands|[spread] p1a\n|-miss|p2a: Iron Bundle|p1b: Iron Hands\n|-resisted|p1a: Arcanine\n|-damage|p1a: Arcanine|90\/100\n|-unboost|p1a: Arcanine|spe|1\n|move|p1b: Iron Hands|Wild Charge|p2a: Iron Bundle\n|-damage|p2a: Iron Bundle|38\/100\n|-damage|p1b: Iron Hands|92\/100|[from] Recoil\n|move|p2b: Iron Hands|Volt Switch|p1a: Arcanine\n|-crit|p1a: Arcanine\n|-damage|p1a: Arcanine|70\/100\n|c| Bud gg uvihg|Dai dai\n|\n|t:|1683471000\n|-end|p2b: Iron Hands|Quark Drive|[silent]\n|switch|p2b: Great Tusk|Great Tusk, L50|100\/100|[from] Volt Switch\n|\n|upkeep\n|turn|3\n|\n|t:|1683471035\n|switch|p1a: Flutter Mane|Flutter Mane, L50|100\/100\n|-enditem|p1a: Flutter Mane|Booster Energy\n|-activate|p1a: Flutter Mane|ability: Protosynthesis|[fromitem]\n|-start|p1a: Flutter Mane|protosynthesisspa\n|move|p2a: Iron Bundle|Protect|p2a: Iron Bundle\n|-singleturn|p2a: Iron Bundle|Protect\n|move|p2b: Great Tusk|Headlong Rush|p1a: Flutter Mane\n|-damage|p1a: Flutter Mane|0 fnt\n|-unboost|p2b: Great Tusk|def|1\n|-unboost|p2b: Great Tusk|spd|1\n|faint|p1a: Flutter Mane\n|-end|p1a: Flutter Mane|Protosynthesis|[silent]\n|move|p1b: Iron Hands|Volt Switch|p2a: Iron Bundle\n|-activate|p2a: Iron Bundle|move: Protect\n|\n|upkeep\n|\n|t:|1683471048\n|switch|p1a: Arcanine|Arcanine, L50, F, shiny|70\/100\n|-ability|p1a: Arcanine|Intimidate|boost\n|-unboost|p2a: Iron Bundle|atk|1\n|-unboost|p2b: Great Tusk|atk|1\n|turn|4\n|\n|t:|1683471072\n|-end|p2b: Great Tusk|Protosynthesis|[silent]\n|switch|p2b: Iron Hands|Iron Hands, L50|63\/100\n|move|p1a: Arcanine|Protect|p1a: Arcanine\n|-singleturn|p1a: Arcanine|Protect\n|move|p2a: Iron Bundle|Hydro Pump|p1a: Arcanine\n|-activate|p1a: Arcanine|move: Protect\n|move|p1b: Iron Hands|Wild Charge|p2a: Iron Bundle\n|-damage|p2a: Iron Bundle|0 fnt\n|faint|p2a: Iron Bundle\n|-end|p2a: Iron Bundle|Quark Drive|[silent]\n|-damage|p1b: Iron Hands|87\/100|[from] Recoil\n|\n|upkeep\n|\n|t:|1683471086\n|switch|p2a: Great Tusk|Great Tusk, L50|100\/100\n|turn|5\n|\n|t:|1683471128\n|move|p2b: Iron Hands|Fake Out|p1b: Iron Hands\n|-damage|p1b: Iron Hands|76\/100\n|move|p2a: Great Tusk|Headlong Rush|p1b: Iron Hands\n|-supereffective|p1b: Iron Hands\n|-damage|p1b: Iron Hands|0 fnt\n|-unboost|p2a: Great Tusk|def|1\n|-unboost|p2a: Great Tusk|spd|1\n|faint|p1b: Iron Hands\n|-end|p1b: Iron Hands|Quark Drive|[silent]\n|move|p1a: Arcanine|Will-O-Wisp|p2b: Iron Hands\n|-status|p2b: Iron Hands|brn\n|\n|-damage|p2b: Iron Hands|57\/100 brn|[from] brn\n|upkeep\n|\n|t:|1683471133\n|switch|p1b: Chi-Yu|Chi-Yu, L50, tera:Grass|100\/100\n|-ability|p1b: Chi-Yu|Beads of Ruin\n|turn|6\n|\n|t:|1683471169\n|move|p2a: Great Tusk|Protect|p2a: Great Tusk\n|-singleturn|p2a: Great Tusk|Protect\n|move|p1a: Arcanine|Extreme Speed|p2a: Great Tusk\n|-activate|p2a: Great Tusk|move: Protect\n|move|p1b: Chi-Yu|Psychic|p2a: Great Tusk\n|-activate|p2a: Great Tusk|move: Protect\n|move|p2b: Iron Hands|Volt Switch|p1a: Arcanine\n|-damage|p1a: Arcanine|49\/100\n|\n|t:|1683471190\n|-end|p2b: Iron Hands|Quark Drive|[silent]\n|switch|p2b: Chi-Yu|Chi-Yu, L50|100\/100|[from] Volt Switch\n|-ability|p2b: Chi-Yu|Beads of Ruin\n|\n|upkeep\n|turn|7\n|\n|t:|1683471229\n|move|p1a: Arcanine|Extreme Speed|p2b: Chi-Yu\n|-damage|p2b: Chi-Yu|59\/100\n|move|p1b: Chi-Yu|Psychic|p2a: Great Tusk\n|-supereffective|p2a: Great Tusk\n|-enditem|p2a: Great Tusk|Focus Sash\n|-damage|p2a: Great Tusk|1\/100\n|-unboost|p2a: Great Tusk|spd|1\n|move|p2b: Chi-Yu|Dark Pulse|p1a: Arcanine\n|-damage|p1a: Arcanine|0 fnt\n|faint|p1a: Arcanine\n|move|p2a: Great Tusk|Close Combat|p1b: Chi-Yu\n|-damage|p1b: Chi-Yu|0 fnt\n|-unboost|p2a: Great Tusk|def|1\n|-unboost|p2a: Great Tusk|spd|1\n|faint|p1b: Chi-Yu\n|\n|win|Tamejo\n|c|\u2606M4tty02|gg\n|c|\u2606Tamejo|Gg\n|l| Bud gg uvihg\n|l| lucarioex555\n|l|\u2606M4tty02\n|j| Bud gg uvihg\n|l| Bud gg uvihg\n","uploadtime":1683471283,"views":12,"p1id":"m4tty02","p2id":"tamejo","formatid":"gen9vgc2023regulationc","rating":0,"private":0,"password":""}