{"id":"gen9vgc2023regulationc-1857393604","p1":"Yiiiii","p2":"haha you rage quit","format":"[Gen 9] VGC 2023 Regulation C","log":"|j|\u2606Yiiiii\n|j|\u2606haha you rage quit\n|t:|1683185810\n|gametype|doubles\n|player|p1|Yiiiii|1|1208\n|player|p2|haha you rage quit|pokemaniac|1269\n|teamsize|p1|6\n|teamsize|p2|6\n|gen|9\n|tier|[Gen 9] VGC 2023 Regulation C\n|rated|\n|rule|Species Clause: Limit one of each Pok\u00e9mon\n|rule|Item Clause: Limit one of each item\n|clearpoke\n|poke|p1|Wo-Chien, L50|\n|poke|p1|Chi-Yu, L50|\n|poke|p1|Scizor, L50, F|\n|poke|p1|Iron Bundle, L50|\n|poke|p1|Baxcalibur, L50, M|\n|poke|p1|Flutter Mane, L50|\n|poke|p2|Flutter Mane, L50|\n|poke|p2|Chi-Yu, L50|\n|poke|p2|Baxcalibur, L50, M|\n|poke|p2|Gholdengo, L50|\n|poke|p2|Scyther, L50, M|\n|poke|p2|Murkrow, L50, M|\n|teampreview|4\n|inactive|Battle timer is ON: inactive players will automatically lose when time's up. (requested by haha you rage quit)\n|\n|t:|1683185905\n|start\n|switch|p1a: Chi-Yu|Chi-Yu, L50|100\/100\n|switch|p1b: Scizor|Scizor, L50, F|100\/100\n|switch|p2a: Baxcalibur|Baxcalibur, L50, M|100\/100\n|switch|p2b: Murkrow|Murkrow, L50, M|100\/100\n|-ability|p1a: Chi-Yu|Beads of Ruin\n|turn|1\n|inactive|haha you rage quit has 30 seconds left.\n|\n|t:|1683185937\n|-terastallize|p2a: Baxcalibur|Steel\n|move|p1a: Chi-Yu|Protect|p1a: Chi-Yu\n|-singleturn|p1a: Chi-Yu|Protect\n|move|p2b: Murkrow|Tailwind|p2b: Murkrow\n|-sidestart|p2: haha you rage quit|move: Tailwind\n|move|p2a: Baxcalibur|Earthquake|p1a: Chi-Yu|[spread] p1b\n|-activate|p1a: Chi-Yu|move: Protect\n|-immune|p2b: Murkrow\n|-damage|p1b: Scizor|70\/100\n|move|p1b: Scizor|Tailwind|p1b: Scizor\n|-sidestart|p1: Yiiiii|move: Tailwind\n|\n|upkeep\n|turn|2\n|inactive|haha you rage quit has 30 seconds left.\n|\n|t:|1683185966\n|move|p2b: Murkrow|Foul Play|p1b: Scizor\n|-damage|p1b: Scizor|13\/100\n|move|p1a: Chi-Yu|Heat Wave|p2a: Baxcalibur|[spread] p2a\n|-miss|p1a: Chi-Yu|p2b: Murkrow\n|-supereffective|p2a: Baxcalibur\n|-damage|p2a: Baxcalibur|0 fnt\n|faint|p2a: Baxcalibur\n|-damage|p1a: Chi-Yu|91\/100|[from] item: Life Orb\n|move|p1b: Scizor|Close Combat|p2b: Murkrow\n|-damage|p2b: Murkrow|9\/100\n|-unboost|p1b: Scizor|def|1\n|-unboost|p1b: Scizor|spd|1\n|\n|upkeep\n|\n|t:|1683185987\n|switch|p2a: Chi-Yu|Chi-Yu, L50|100\/100\n|-ability|p2a: Chi-Yu|Beads of Ruin\n|turn|3\n|inactive|Yiiiii has 30 seconds left.\n|inactive|haha you rage quit has 30 seconds left.\n|\n|t:|1683186022\n|move|p1a: Chi-Yu|Protect|p1a: Chi-Yu\n|-singleturn|p1a: Chi-Yu|Protect\n|move|p1b: Scizor|Bullet Punch|p2b: Murkrow\n|-damage|p2b: Murkrow|0 fnt\n|faint|p2b: Murkrow\n|move|p2a: Chi-Yu|Nasty Plot|p2a: Chi-Yu\n|-boost|p2a: Chi-Yu|spa|2\n|\n|upkeep\n|\n|t:|1683186031\n|switch|p2b: Gholdengo|Gholdengo, L50|100\/100\n|turn|4\n|\n|t:|1683186043\n|move|p2b: Gholdengo|Protect|p2b: Gholdengo\n|-singleturn|p2b: Gholdengo|Protect\n|move|p1a: Chi-Yu|Dark Pulse|p2b: Gholdengo\n|-activate|p2b: Gholdengo|move: Protect\n|move|p2a: Chi-Yu|Snarl|p1a: Chi-Yu|[spread] p1a,p1b\n|-resisted|p1a: Chi-Yu\n|-damage|p1a: Chi-Yu|68\/100\n|-damage|p1b: Scizor|0 fnt\n|-unboost|p1a: Chi-Yu|spa|1\n|faint|p1b: Scizor\n|\n|-sideend|p1: Yiiiii|move: Tailwind\n|-sideend|p2: haha you rage quit|move: Tailwind\n|upkeep\n|\n|t:|1683186055\n|switch|p1b: Flutter Mane|Flutter Mane, L50|100\/100\n|turn|5\n|\n|t:|1683186080\n|switch|p1a: Baxcalibur|Baxcalibur, L50, M|100\/100\n|move|p1b: Flutter Mane|Moonblast|p2a: Chi-Yu\n|-damage|p2a: Chi-Yu|30\/100\n|-unboost|p2a: Chi-Yu|spa|1\n|-enditem|p2a: Chi-Yu|Sitrus Berry|[eat]\n|-heal|p2a: Chi-Yu|54\/100|[from] item: Sitrus Berry\n|move|p2a: Chi-Yu|Snarl|p1a: Baxcalibur|[spread] p1a\n|-miss|p2a: Chi-Yu|p1b: Flutter Mane\n|-damage|p1a: Baxcalibur|53\/100\n|move|p2b: Gholdengo|Make It Rain|p1b: Flutter Mane|[spread] p1a,p1b\n|-supereffective|p1a: Baxcalibur\n|-supereffective|p1b: Flutter Mane\n|-damage|p1a: Baxcalibur|0 fnt\n|-damage|p1b: Flutter Mane|0 fnt\n|-unboost|p2b: Gholdengo|spa|1\n|faint|p1a: Baxcalibur\n|faint|p1b: Flutter Mane\n|-end|p1b: Flutter Mane|Protosynthesis|[silent]\n|\n|upkeep\n|\n|t:|1683186099\n|switch|p1a: Chi-Yu|Chi-Yu, L50|68\/100\n|-ability|p1a: Chi-Yu|Beads of Ruin\n|turn|6\n|\n|t:|1683186104\n|move|p2b: Gholdengo|Protect|p2b: Gholdengo\n|-singleturn|p2b: Gholdengo|Protect\n|move|p1a: Chi-Yu|Heat Wave|p2b: Gholdengo|[spread] p2a\n|-activate|p2b: Gholdengo|move: Protect\n|-resisted|p2a: Chi-Yu\n|-damage|p2a: Chi-Yu|33\/100\n|-damage|p1a: Chi-Yu|58\/100|[from] item: Life Orb\n|move|p2a: Chi-Yu|Snarl|p1a: Chi-Yu\n|-resisted|p1a: Chi-Yu\n|-damage|p1a: Chi-Yu|33\/100\n|-unboost|p1a: Chi-Yu|spa|1\n|\n|upkeep\n|turn|7\n|\n|t:|1683186122\n|move|p1a: Chi-Yu|Heat Wave|p2a: Chi-Yu|[spread] \n|-miss|p1a: Chi-Yu|p2a: Chi-Yu\n|-miss|p1a: Chi-Yu|p2b: Gholdengo\n|move|p2a: Chi-Yu|Snarl|p1a: Chi-Yu\n|-resisted|p1a: Chi-Yu\n|-damage|p1a: Chi-Yu|8\/100\n|-unboost|p1a: Chi-Yu|spa|1\n|move|p2b: Gholdengo|Power Gem|p1a: Chi-Yu\n|-supereffective|p1a: Chi-Yu\n|-damage|p1a: Chi-Yu|0 fnt\n|faint|p1a: Chi-Yu\n|\n|win|haha you rage quit\n|raw|Yiiiii's rating: 1208 → 1187<\/strong> (-21 for losing)\n|raw|haha you rage quit's rating: 1269 → 1290<\/strong> (+21 for winning)\n|l|\u2606Yiiiii\n","uploadtime":1683186144,"views":4,"p1id":"yiiiii","p2id":"hahayouragequit","formatid":"gen9vgc2023regulationc","rating":1187,"private":0,"password":""}