{"id":"gen9vgc2023regulationc-1857829699","p1":"T8XICIDAD","p2":"Illouri","format":"[Gen 9] VGC 2023 Regulation C","log":"|j|\u2606T8XICIDAD\n|j|\u2606Illouri\n|t:|1683236268\n|gametype|doubles\n|player|p1|T8XICIDAD|clair|1145\n|player|p2|Illouri|whitney-masters|1050\n|teamsize|p1|6\n|teamsize|p2|6\n|gen|9\n|tier|[Gen 9] VGC 2023 Regulation C\n|rated|\n|rule|Species Clause: Limit one of each Pok\u00e9mon\n|rule|Item Clause: Limit one of each item\n|clearpoke\n|poke|p1|Amoonguss, L50, M|\n|poke|p1|Palafin, L50, F|\n|poke|p1|Arcanine, L50, F|\n|poke|p1|Flutter Mane, L50|\n|poke|p1|Ting-Lu, L50|\n|poke|p1|Kingambit, L50, F|\n|poke|p2|Arcanine, L50, F|\n|poke|p2|Chien-Pao, L50|\n|poke|p2|Flutter Mane, L50|\n|poke|p2|Iron Hands, L50|\n|poke|p2|Palafin, L50, F|\n|poke|p2|Amoonguss, L50, F|\n|teampreview|4\n|inactive|Battle timer is ON: inactive players will automatically lose when time's up. (requested by Illouri)\n|\n|t:|1683236291\n|start\n|switch|p1a: Amoonguss|Amoonguss, L50, M|100\/100\n|switch|p1b: Flutter Mane|Flutter Mane, L50|100\/100\n|switch|p2a: Arcanine|Arcanine, L50, F|100\/100\n|switch|p2b: Flutter Mane|Flutter Mane, L50|100\/100\n|-ability|p2a: Arcanine|Intimidate|boost\n|-unboost|p1a: Amoonguss|atk|1\n|-unboost|p1b: Flutter Mane|atk|1\n|-enditem|p1b: Flutter Mane|Booster Energy\n|-activate|p1b: Flutter Mane|ability: Protosynthesis|[fromitem]\n|-start|p1b: Flutter Mane|protosynthesisspe\n|-enditem|p2b: Flutter Mane|Booster Energy\n|-activate|p2b: Flutter Mane|ability: Protosynthesis|[fromitem]\n|-start|p2b: Flutter Mane|protosynthesisspe\n|turn|1\n|inactive|Illouri has 30 seconds left.\n|\n|t:|1683236318\n|switch|p1a: Arcanine|Arcanine, L50, F|100\/100\n|-ability|p1a: Arcanine|Intimidate|boost\n|-unboost|p2a: Arcanine|atk|1\n|-unboost|p2b: Flutter Mane|atk|1\n|move|p1b: Flutter Mane|Protect|p1b: Flutter Mane\n|-singleturn|p1b: Flutter Mane|Protect\n|move|p2b: Flutter Mane|Shadow Ball|p1b: Flutter Mane\n|-activate|p1b: Flutter Mane|move: Protect\n|move|p2a: Arcanine|Flare Blitz|p1a: Arcanine\n|-resisted|p1a: Arcanine\n|-damage|p1a: Arcanine|82\/100\n|-damage|p2a: Arcanine|94\/100|[from] Recoil\n|\n|upkeep\n|turn|2\n|\n|t:|1683236336\n|switch|p2a: Palafin|Palafin, L50, F, shiny|100\/100\n|move|p2b: Flutter Mane|Shadow Ball|p1b: Flutter Mane\n|-supereffective|p1b: Flutter Mane\n|-damage|p1b: Flutter Mane|18\/100\n|move|p1b: Flutter Mane|Shadow Ball|p2b: Flutter Mane\n|-supereffective|p2b: Flutter Mane\n|-damage|p2b: Flutter Mane|13\/100\n|move|p1a: Arcanine|Flare Blitz|p2b: Flutter Mane\n|-damage|p2b: Flutter Mane|0 fnt\n|faint|p2b: Flutter Mane\n|-end|p2b: Flutter Mane|Protosynthesis|[silent]\n|-damage|p1a: Arcanine|78\/100|[from] Recoil\n|\n|upkeep\n|\n|t:|1683236350\n|switch|p2b: Arcanine|Arcanine, L50, F|94\/100\n|-ability|p2b: Arcanine|Intimidate|boost\n|-unboost|p1a: Arcanine|atk|1\n|-unboost|p1b: Flutter Mane|atk|1\n|turn|3\n|\n|t:|1683236368\n|switch|p1a: Amoonguss|Amoonguss, L50, M|100\/100\n|detailschange|p2a: Palafin|Palafin-Hero, L50, F, shiny\n|switch|p2a: Amoonguss|Amoonguss, L50, F|100\/100\n|move|p2b: Arcanine|Protect|p2b: Arcanine\n|-singleturn|p2b: Arcanine|Protect\n|move|p1b: Flutter Mane|Dazzling Gleam|p2b: Arcanine|[spread] p2a\n|-activate|p2b: Arcanine|move: Protect\n|-resisted|p2a: Amoonguss\n|-damage|p2a: Amoonguss|88\/100\n|\n|upkeep\n|turn|4\n|\n|t:|1683236388\n|switch|p1a: Arcanine|Arcanine, L50, F|78\/100\n|-ability|p1a: Arcanine|Intimidate|boost\n|-unboost|p2a: Amoonguss|atk|1\n|-unboost|p2b: Arcanine|atk|1\n|move|p2b: Arcanine|Protect||[still]\n|-fail|p2b: Arcanine\n|move|p1b: Flutter Mane|Shadow Ball|p2a: Amoonguss\n|-damage|p2a: Amoonguss|53\/100\n|move|p2a: Amoonguss|Pollen Puff|p1b: Flutter Mane\n|-resisted|p1b: Flutter Mane\n|-damage|p1b: Flutter Mane|14\/100\n|\n|upkeep\n|turn|5\n|inactive|T8XICIDAD has 30 seconds left.\n|\n|t:|1683236418\n|switch|p2a: Palafin|Palafin-Hero, L50, F, shiny|100\/100\n|-activate|p2a: Palafin|ability: Zero to Hero\n|move|p1b: Flutter Mane|Moonblast|p2b: Arcanine\n|-resisted|p2b: Arcanine\n|-damage|p2b: Arcanine|68\/100\n|-unboost|p2b: Arcanine|spa|1\n|move|p1a: Arcanine|Howl|p1a: Arcanine|[spread] p1a,p1b\n|-boost|p1a: Arcanine|atk|1\n|-boost|p1b: Flutter Mane|atk|1\n|move|p2b: Arcanine|Flare Blitz|p1b: Flutter Mane\n|-damage|p1b: Flutter Mane|0 fnt\n|faint|p1b: Flutter Mane\n|-end|p1b: Flutter Mane|Protosynthesis|[silent]\n|-damage|p2b: Arcanine|65\/100|[from] Recoil\n|\n|upkeep\n|\n|t:|1683236432\n|switch|p1b: Amoonguss|Amoonguss, L50, M|100\/100\n|turn|6\n|\n|t:|1683236457\n|switch|p1a: Palafin|Palafin, L50, F|100\/100\n|switch|p2b: Amoonguss|Amoonguss, L50, F|86\/100\n|move|p2a: Palafin|Wave Crash|p1a: Palafin\n|-resisted|p1a: Palafin\n|-damage|p1a: Palafin|57\/100\n|-damage|p2a: Palafin|86\/100|[from] Recoil\n|move|p1b: Amoonguss|Spore|p2a: Palafin\n|-status|p2a: Palafin|slp|[from] move: Spore\n|\n|upkeep\n|turn|7\n|\n|t:|1683236478\n|detailschange|p1a: Palafin|Palafin-Hero, L50, F\n|switch|p1a: Arcanine|Arcanine, L50, F|78\/100\n|-ability|p1a: Arcanine|Intimidate|boost\n|-fail|p2a: Palafin|unboost|[from] item: Clear Amulet|[of] p2a: Palafin\n|-unboost|p2b: Amoonguss|atk|1\n|cant|p2a: Palafin|slp\n|move|p1b: Amoonguss|Pollen Puff|p1a: Arcanine\n|-heal|p1a: Arcanine|100\/100\n|move|p2b: Amoonguss|Spore|p1a: Arcanine\n|-activate|p1a: Arcanine|item: Safety Goggles|Spore\n|\n|upkeep\n|turn|8\n|\n|t:|1683236499\n|move|p1b: Amoonguss|Rage Powder|p1b: Amoonguss\n|-singleturn|p1b: Amoonguss|move: Rage Powder\n|move|p1a: Arcanine|Flare Blitz|p2b: Amoonguss\n|-supereffective|p2b: Amoonguss\n|-damage|p2b: Amoonguss|5\/100\n|-damage|p1a: Arcanine|84\/100|[from] item: Rocky Helmet|[of] p2b: Amoonguss\n|-damage|p1a: Arcanine|54\/100|[from] Recoil\n|cant|p2a: Palafin|slp\n|move|p2b: Amoonguss|Pollen Puff|p2a: Palafin\n|-heal|p2a: Palafin|100\/100 slp\n|\n|upkeep\n|turn|9\n|\n|t:|1683236513\n|move|p2b: Amoonguss|Protect|p2b: Amoonguss\n|-singleturn|p2b: Amoonguss|Protect\n|move|p1b: Amoonguss|Rage Powder|p1b: Amoonguss\n|-singleturn|p1b: Amoonguss|move: Rage Powder\n|move|p1a: Arcanine|Howl|p1a: Arcanine|[spread] p1a,p1b\n|-boost|p1a: Arcanine|atk|1\n|-boost|p1b: Amoonguss|atk|1\n|-curestatus|p2a: Palafin|slp|[msg]\n|move|p2a: Palafin|Wave Crash|p1b: Amoonguss\n|-resisted|p1b: Amoonguss\n|-damage|p1b: Amoonguss|69\/100\n|-damage|p2a: Palafin|84\/100|[from] item: Rocky Helmet|[of] p1b: Amoonguss\n|-damage|p2a: Palafin|73\/100|[from] Recoil\n|\n|upkeep\n|turn|10\n|inactive|T8XICIDAD has 30 seconds left.\n|inactive|Illouri has 30 seconds left.\n|\n|t:|1683236546\n|switch|p2b: Arcanine|Arcanine, L50, F|65\/100\n|-ability|p2b: Arcanine|Intimidate|boost\n|-unboost|p1a: Arcanine|atk|1\n|-unboost|p1b: Amoonguss|atk|1\n|move|p1b: Amoonguss|Rage Powder|p1b: Amoonguss\n|-singleturn|p1b: Amoonguss|move: Rage Powder\n|move|p1a: Arcanine|Will-O-Wisp|p2a: Palafin\n|-status|p2a: Palafin|brn\n|move|p2a: Palafin|Haze|p2a: Palafin\n|-clearallboost\n|\n|-damage|p2a: Palafin|67\/100 brn|[from] brn\n|upkeep\n|turn|11\n|\n|t:|1683236567\n|switch|p1a: Palafin|Palafin-Hero, L50, F|57\/100\n|-activate|p1a: Palafin|ability: Zero to Hero\n|move|p1b: Amoonguss|Protect|p1b: Amoonguss\n|-singleturn|p1b: Amoonguss|Protect\n|move|p2b: Arcanine|Flare Blitz|p1b: Amoonguss\n|-activate|p1b: Amoonguss|move: Protect\n|move|p2a: Palafin|Wave Crash|p1a: Palafin\n|-resisted|p1a: Palafin\n|-damage|p1a: Palafin|41\/100\n|-damage|p2a: Palafin|61\/100 brn|[from] Recoil\n|\n|-damage|p2a: Palafin|55\/100 brn|[from] brn\n|upkeep\n|turn|12\n|\n|t:|1683236590\n|switch|p1b: Arcanine|Arcanine, L50, F|54\/100\n|-ability|p1b: Arcanine|Intimidate|boost\n|-fail|p2a: Palafin|unboost|[from] item: Clear Amulet|[of] p2a: Palafin\n|-unboost|p2b: Arcanine|atk|1\n|-terastallize|p1a: Palafin|Water\n|move|p1a: Palafin|Jet Punch|p2b: Arcanine\n|-supereffective|p2b: Arcanine\n|-damage|p2b: Arcanine|0 fnt\n|faint|p2b: Arcanine\n|move|p2a: Palafin|Close Combat|p1a: Palafin\n|-damage|p1a: Palafin|17\/100\n|-unboost|p2a: Palafin|def|1\n|-unboost|p2a: Palafin|spd|1\n|\n|-damage|p2a: Palafin|49\/100 brn|[from] brn\n|upkeep\n|\n|t:|1683236605\n|switch|p2b: Amoonguss|Amoonguss, L50, F|38\/100\n|turn|13\n|\n|t:|1683236629\n|move|p1b: Arcanine|Extreme Speed|p2a: Palafin\n|-crit|p2a: Palafin\n|-damage|p2a: Palafin|8\/100 brn\n|move|p1a: Palafin|Jet Punch|p2a: Palafin\n|-resisted|p2a: Palafin\n|-damage|p2a: Palafin|0 fnt\n|faint|p2a: Palafin\n|move|p2b: Amoonguss|Pollen Puff|p2: Palafin|[notarget]\n|-fail|p2b: Amoonguss\n|\n|upkeep\n|turn|14\n|\n|t:|1683236644\n|move|p2b: Amoonguss|Protect|p2b: Amoonguss\n|-singleturn|p2b: Amoonguss|Protect\n|move|p1b: Arcanine|Flare Blitz|p2b: Amoonguss\n|-activate|p2b: Amoonguss|move: Protect\n|move|p1a: Palafin|Wave Crash|p2b: Amoonguss\n|-activate|p2b: Amoonguss|move: Protect\n|\n|upkeep\n|turn|15\n|inactive|Illouri has 30 seconds left.\n|inactive|Illouri has 20 seconds left.\n|inactive|Illouri has 15 seconds left.\n|inactive|Illouri has 10 seconds left.\n|inactive|Illouri has 5 seconds left.\n|\n|t:|1683236695\n|move|p2b: Amoonguss|Protect||[still]\n|-fail|p2b: Amoonguss\n|move|p1b: Arcanine|Flare Blitz|p2b: Amoonguss\n|-supereffective|p2b: Amoonguss\n|-damage|p2b: Amoonguss|0 fnt\n|-damage|p1b: Arcanine|37\/100|[from] item: Rocky Helmet|[of] p2b: Amoonguss\n|faint|p2b: Amoonguss\n|-damage|p1b: Arcanine|24\/100|[from] Recoil\n|\n|win|T8XICIDAD\n|raw|T8XICIDAD's rating: 1145 → 1163<\/strong> (+18 for winning)\n|raw|Illouri's rating: 1050 → 1037<\/strong> (-13 for losing)\n|l|\u2606Illouri\n","uploadtime":1683236714,"views":11,"p1id":"t8xicidad","p2id":"illouri","formatid":"gen9vgc2023regulationc","rating":1037,"private":0,"password":""}