{"id":"gen9vgc2023regulationc-1850361968","p1":"muggcat","p2":"urafatgronklol","format":"[Gen 9] VGC 2023 Regulation C","log":"|j|\u2606muggcat\n|j|\u2606urafatgronklol\n|t:|1682324908\n|gametype|doubles\n|player|p1|muggcat|roxie|1118\n|player|p2|urafatgronklol|ethan|1042\n|teamsize|p1|6\n|teamsize|p2|6\n|gen|9\n|tier|[Gen 9] VGC 2023 Regulation C\n|rated|\n|rule|Species Clause: Limit one of each Pok\u00e9mon\n|rule|Item Clause: Limit one of each item\n|clearpoke\n|poke|p1|Palafin, L50, F|\n|poke|p1|Chien-Pao, L50|\n|poke|p1|Murkrow, L50, F|\n|poke|p1|Gholdengo, L50|\n|poke|p1|Chi-Yu, L50|\n|poke|p1|Clodsire, L50, F|\n|poke|p2|Hattrem, L50, F|\n|poke|p2|Amoonguss, L50, F|\n|poke|p2|Flutter Mane, L50|\n|poke|p2|Ting-Lu, L50|\n|poke|p2|Kingambit, L50, F|\n|poke|p2|Dudunsparce-*, L50, F|\n|teampreview|4\n|inactive|Battle timer is ON: inactive players will automatically lose when time's up. (requested by urafatgronklol)\n|\n|t:|1682324944\n|start\n|switch|p1a: Palafin|Palafin, L50, F|100\/100\n|switch|p1b: Murkrow|Murkrow, L50, F|100\/100\n|switch|p2a: Hattrem|Hattrem, L50, F|100\/100\n|switch|p2b: Amoonguss|Amoonguss, L50, F|100\/100\n|turn|1\n|\n|t:|1682324968\n|detailschange|p1a: Palafin|Palafin-Hero, L50, F\n|switch|p1a: Gholdengo|Gholdengo, L50|100\/100\n|move|p1b: Murkrow|Taunt|p2b: Amoonguss\n|-start|p2b: Amoonguss|move: Taunt\n|move|p2a: Hattrem|Nuzzle|p1a: Gholdengo\n|-damage|p1a: Gholdengo|97\/100\n|cant|p2b: Amoonguss|move: Taunt|Spore\n|\n|upkeep\n|turn|2\n|inactive|urafatgronklol has 30 seconds left.\n|\n|t:|1682324994\n|move|p1b: Murkrow|Taunt|p2a: Hattrem\n|move|p2a: Hattrem|Taunt|p1b: Murkrow|[from]ability: Magic Bounce\n|-start|p1b: Murkrow|move: Taunt\n|move|p1a: Gholdengo|Make It Rain|p2a: Hattrem|[spread] p2a,p2b\n|-damage|p2a: Hattrem|69\/100\n|-damage|p2b: Amoonguss|67\/100\n|-unboost|p1a: Gholdengo|spa|1\n|move|p2a: Hattrem|Nuzzle|p1b: Murkrow\n|-supereffective|p1b: Murkrow\n|-damage|p1b: Murkrow|93\/100\n|-status|p1b: Murkrow|par\n|move|p2b: Amoonguss|Pollen Puff|p1a: Gholdengo\n|-resisted|p1a: Gholdengo\n|-damage|p1a: Gholdengo|92\/100\n|\n|upkeep\n|turn|3\n|inactive|muggcat has 30 seconds left.\n|\n|t:|1682325026\n|switch|p1a: Chien-Pao|Chien-Pao, L50|100\/100\n|-ability|p1a: Chien-Pao|Sword of Ruin\n|switch|p1b: Palafin|Palafin-Hero, L50, F|100\/100\n|-activate|p1b: Palafin|ability: Zero to Hero\n|move|p2a: Hattrem|Life Dew|p2a: Hattrem|[spread] p2a,p2b\n|-heal|p2a: Hattrem|94\/100\n|-heal|p2b: Amoonguss|92\/100\n|move|p2b: Amoonguss|Pollen Puff|p2a: Hattrem\n|-heal|p2a: Hattrem|100\/100\n|\n|-end|p2b: Amoonguss|move: Taunt\n|upkeep\n|turn|4\n|inactive|muggcat has 30 seconds left.\n|inactive|urafatgronklol has 30 seconds left.\n|inactive|muggcat has 20 seconds left.\n|inactive|muggcat has 15 seconds left.\n|\n|t:|1682325068\n|move|p1a: Chien-Pao|Ice Spinner|p2b: Amoonguss\n|-supereffective|p2b: Amoonguss\n|-crit|p2b: Amoonguss\n|-damage|p2b: Amoonguss|0 fnt\n|faint|p2b: Amoonguss\n|move|p1b: Palafin|Wave Crash|p2a: Hattrem\n|-damage|p2a: Hattrem|7\/100\n|-damage|p1b: Palafin|71\/100|[from] Recoil\n|move|p2a: Hattrem|Trick Room|p2a: Hattrem\n|-fieldstart|move: Trick Room|[of] p2a: Hattrem\n|\n|upkeep\n|\n|t:|1682325080\n|switch|p2b: Ting-Lu|Ting-Lu, L50|100\/100\n|-ability|p2b: Ting-Lu|Vessel of Ruin\n|turn|5\n|inactive|muggcat has 30 seconds left.\n|\n|t:|1682325106\n|-terastallize|p1a: Chien-Pao|Flying\n|move|p2a: Hattrem|Protect|p2a: Hattrem\n|-singleturn|p2a: Hattrem|Protect\n|move|p1b: Palafin|Jet Punch|p2b: Ting-Lu\n|-supereffective|p2b: Ting-Lu\n|-damage|p2b: Ting-Lu|38\/100\n|move|p2b: Ting-Lu|Fissure|p1a: Chien-Pao\n|-immune|p1a: Chien-Pao\n|move|p1a: Chien-Pao|Ice Spinner|p2b: Ting-Lu\n|-supereffective|p2b: Ting-Lu\n|-damage|p2b: Ting-Lu|0 fnt\n|faint|p2b: Ting-Lu\n|\n|upkeep\n|\n|t:|1682325120\n|switch|p2b: Kingambit|Kingambit, L50, F|100\/100\n|-item|p2b: Kingambit|Air Balloon\n|turn|6\n|inactive|muggcat has 30 seconds left.\n|\n|t:|1682325154\n|-terastallize|p2b: Kingambit|Dark\n|move|p1b: Palafin|Jet Punch|p2a: Hattrem\n|-damage|p2a: Hattrem|0 fnt\n|faint|p2a: Hattrem\n|move|p2b: Kingambit|Kowtow Cleave|p1a: Chien-Pao\n|-damage|p1a: Chien-Pao|10\/100\n|move|p1a: Chien-Pao|Haze|p1a: Chien-Pao\n|-clearallboost\n|\n|upkeep\n|turn|7\n|\n|t:|1682325171\n|move|p2b: Kingambit|Sucker Punch|p1a: Chien-Pao\n|-damage|p1a: Chien-Pao|0 fnt\n|faint|p1a: Chien-Pao\n|move|p1b: Palafin|Jet Punch|p2b: Kingambit\n|-damage|p2b: Kingambit|73\/100\n|-enditem|p2b: Kingambit|Air Balloon\n|\n|upkeep\n|\n|t:|1682325181\n|switch|p1a: Murkrow|Murkrow, L50, F|93\/100 par\n|turn|8\n|\n|t:|1682325197\n|move|p1b: Palafin|Protect|p1b: Palafin\n|-singleturn|p1b: Palafin|Protect\n|move|p2b: Kingambit|Kowtow Cleave|p1b: Palafin\n|-activate|p1b: Palafin|move: Protect\n|move|p1a: Murkrow|Taunt|p2b: Kingambit\n|-start|p2b: Kingambit|move: Taunt\n|\n|-fieldend|move: Trick Room\n|upkeep\n|turn|9\n|\n|t:|1682325216\n|move|p2b: Kingambit|Sucker Punch|p1b: Palafin\n|-crit|p1b: Palafin\n|-damage|p1b: Palafin|0 fnt\n|faint|p1b: Palafin\n|cant|p1a: Murkrow|par\n|\n|upkeep\n|\n|t:|1682325223\n|switch|p1b: Gholdengo|Gholdengo, L50|92\/100\n|turn|10\n|\n|t:|1682325235\n|move|p1b: Gholdengo|Protect|p1b: Gholdengo\n|-singleturn|p1b: Gholdengo|Protect\n|move|p2b: Kingambit|Sucker Punch||[still]\n|-fail|p2b: Kingambit\n|move|p1a: Murkrow|Foul Play|p2b: Kingambit\n|-resisted|p2b: Kingambit\n|-damage|p2b: Kingambit|49\/100\n|\n|upkeep\n|turn|11\n|\n|t:|1682325252\n|move|p2b: Kingambit|Sucker Punch|p1b: Gholdengo\n|-supereffective|p1b: Gholdengo\n|-damage|p1b: Gholdengo|0 fnt\n|faint|p1b: Gholdengo\n|cant|p1a: Murkrow|par\n|\n|-end|p2b: Kingambit|move: Taunt\n|upkeep\n|turn|12\n|-message|muggcat forfeited.\n|\n|win|urafatgronklol\n|raw|muggcat's rating: 1118 → 1088<\/strong> (-30 for losing)\n|raw|urafatgronklol's rating: 1042 → 1083<\/strong> (+41 for winning)\n|l|\u2606muggcat\n|c|\u2606urafatgronklol|gg\n","uploadtime":1682325272,"views":26,"p1id":"muggcat","p2id":"urafatgronklol","formatid":"gen9vgc2023regulationc","rating":1083,"private":0,"password":""}