{"id":"gen9vgc2023regulationc-1854481146","p1":"James897_YT","p2":"jaymac11","format":"[Gen 9] VGC 2023 Regulation C","log":"|j|\u2606James897_YT\n|j|\u2606jaymac11\n|t:|1682816462\n|gametype|doubles\n|player|p1|James897_YT|cynthia-gen4|1138\n|player|p2|jaymac11|lucas|1227\n|teamsize|p1|6\n|teamsize|p2|6\n|gen|9\n|tier|[Gen 9] VGC 2023 Regulation C\n|rated|\n|rule|Species Clause: Limit one of each Pok\u00e9mon\n|rule|Item Clause: Limit one of each item\n|clearpoke\n|poke|p1|Amoonguss, L50, M|\n|poke|p1|Arcanine, L50, M|\n|poke|p1|Palafin, L50, F|\n|poke|p1|Flutter Mane, L50|\n|poke|p1|Dragonite, L50, M|\n|poke|p1|Murkrow, L50, M|\n|poke|p2|Scizor, L50, M|\n|poke|p2|Amoonguss, L50, M|\n|poke|p2|Dragonite, L50, M|\n|poke|p2|Ting-Lu, L50|\n|poke|p2|Chien-Pao, L50|\n|poke|p2|Chi-Yu, L50|\n|teampreview|4\n|inactive|Battle timer is ON: inactive players will automatically lose when time's up. (requested by James897_YT)\n|inactive|jaymac11 has 60 seconds left.\n|\n|t:|1682816494\n|start\n|switch|p1a: Murkrow|Murkrow, L50, M|100\/100\n|switch|p1b: Palafin|Palafin, L50, F|100\/100\n|switch|p2a: Scizor|Scizor, L50, M|100\/100\n|switch|p2b: Chien-Pao|Chien-Pao, L50|100\/100\n|-ability|p2b: Chien-Pao|Sword of Ruin\n|turn|1\n|\n|t:|1682816510\n|detailschange|p1b: Palafin|Palafin-Hero, L50, F\n|switch|p1b: Arcanine|Arcanine, L50, M|100\/100\n|-ability|p1b: Arcanine|Intimidate|boost\n|-fail|p2a: Scizor|unboost|[from] item: Clear Amulet|[of] p2a: Scizor\n|-unboost|p2b: Chien-Pao|atk|1\n|move|p1a: Murkrow|Tailwind|p1a: Murkrow\n|-sidestart|p1: James897_YT|move: Tailwind\n|move|p2b: Chien-Pao|Ice Spinner|p1a: Murkrow\n|-supereffective|p1a: Murkrow\n|-damage|p1a: Murkrow|24\/100\n|move|p2a: Scizor|Swords Dance|p2a: Scizor\n|-boost|p2a: Scizor|atk|2\n|\n|upkeep\n|turn|2\n|inactive|jaymac11 has 30 seconds left.\n|\n|t:|1682816549\n|move|p2a: Scizor|Protect|p2a: Scizor\n|-singleturn|p2a: Scizor|Protect\n|move|p1a: Murkrow|Thunder Wave|p2a: Scizor\n|-activate|p2a: Scizor|move: Protect\n|move|p2b: Chien-Pao|Sucker Punch|p1b: Arcanine\n|-damage|p1b: Arcanine|64\/100\n|move|p1b: Arcanine|Flare Blitz|p2b: Chien-Pao\n|-supereffective|p2b: Chien-Pao\n|-enditem|p2b: Chien-Pao|Focus Sash\n|-damage|p2b: Chien-Pao|1\/100\n|-damage|p1b: Arcanine|33\/100|[from] Recoil\n|\n|upkeep\n|turn|3\n|\n|t:|1682816571\n|-terastallize|p2a: Scizor|Water\n|move|p1b: Arcanine|Extreme Speed|p2b: Chien-Pao\n|-damage|p2b: Chien-Pao|0 fnt\n|faint|p2b: Chien-Pao\n|move|p1a: Murkrow|Thunder Wave|p2a: Scizor\n|-status|p2a: Scizor|par\n|cant|p2a: Scizor|par\n|\n|upkeep\n|\n|t:|1682816582\n|switch|p2b: Ting-Lu|Ting-Lu, L50|100\/100\n|-ability|p2b: Ting-Lu|Vessel of Ruin\n|turn|4\n|\n|t:|1682816589\n|cant|p2a: Scizor|par\n|move|p1a: Murkrow|Taunt|p2b: Ting-Lu\n|-hint|Since gen 7, Dark is immune to Prankster moves.\n|-immune|p2b: Ting-Lu\n|move|p1b: Arcanine|Will-O-Wisp|p2b: Ting-Lu\n|-status|p2b: Ting-Lu|brn\n|move|p2b: Ting-Lu|Stomping Tantrum|p1b: Arcanine\n|-supereffective|p1b: Arcanine\n|-damage|p1b: Arcanine|0 fnt\n|faint|p1b: Arcanine\n|\n|-damage|p2b: Ting-Lu|94\/100 brn|[from] brn\n|-sideend|p1: James897_YT|move: Tailwind\n|upkeep\n|\n|t:|1682816595\n|switch|p1b: Palafin|Palafin-Hero, L50, F|100\/100\n|-activate|p1b: Palafin|ability: Zero to Hero\n|turn|5\n|\n|t:|1682816610\n|-terastallize|p1b: Palafin|Water\n|move|p1a: Murkrow|Tailwind|p1a: Murkrow\n|-sidestart|p1: James897_YT|move: Tailwind\n|move|p2a: Scizor|Bullet Punch|p1b: Palafin\n|-resisted|p1b: Palafin\n|-damage|p1b: Palafin|71\/100\n|move|p1b: Palafin|Wave Crash|p2b: Ting-Lu\n|-supereffective|p2b: Ting-Lu\n|-damage|p2b: Ting-Lu|0 fnt\n|faint|p2b: Ting-Lu\n|-damage|p1b: Palafin|32\/100|[from] Recoil\n|\n|upkeep\n|\n|t:|1682816623\n|switch|p2b: Amoonguss|Amoonguss, L50, M|100\/100\n|turn|6\n|\n|t:|1682816632\n|switch|p1b: Amoonguss|Amoonguss, L50, M|100\/100\n|cant|p2a: Scizor|par\n|move|p1a: Murkrow|Taunt|p2b: Amoonguss\n|-start|p2b: Amoonguss|move: Taunt\n|cant|p2b: Amoonguss|move: Taunt|Spore\n|\n|upkeep\n|turn|7\n|\n|t:|1682816643\n|move|p1a: Murkrow|Thunder Wave|p2b: Amoonguss\n|-status|p2b: Amoonguss|par\n|move|p1b: Amoonguss|Pollen Puff|p1a: Murkrow\n|-heal|p1a: Murkrow|74\/100\n|move|p2a: Scizor|Pounce|p1b: Amoonguss\n|-damage|p1b: Amoonguss|41\/100\n|-unboost|p1b: Amoonguss|spe|1\n|move|p2b: Amoonguss|Clear Smog|p1a: Murkrow\n|-damage|p1a: Murkrow|56\/100\n|-clearboost|p1a: Murkrow\n|\n|-heal|p1b: Amoonguss|47\/100|[from] item: Leftovers\n|upkeep\n|turn|8\n|inactive|James897_YT has 30 seconds left.\n|\n|t:|1682816669\n|move|p1a: Murkrow|Foul Play|p2a: Scizor\n|-damage|p2a: Scizor|0 fnt\n|faint|p2a: Scizor\n|move|p1b: Amoonguss|Spore|p2b: Amoonguss\n|-immune|p2b: Amoonguss\n|cant|p2b: Amoonguss|par\n|\n|-heal|p1b: Amoonguss|53\/100|[from] item: Leftovers\n|-end|p2b: Amoonguss|move: Taunt\n|-sideend|p1: James897_YT|move: Tailwind\n|upkeep\n|turn|9\n|-message|jaymac11 forfeited.\n|\n|win|James897_YT\n|raw|James897_YT's rating: 1138 → 1169<\/strong> (+31 for winning)\n|raw|jaymac11's rating: 1227 → 1196<\/strong> (-31 for losing)\n|l|\u2606jaymac11\n","uploadtime":1682816682,"views":13,"p1id":"james897yt","p2id":"jaymac11","formatid":"gen9vgc2023regulationc","rating":1169,"private":0,"password":""}