{"id":"gen9vgc2023regulationc-1856192484","p1":"WOLFIELIL","p2":"Rainmakerisback","format":"[Gen 9] VGC 2023 Regulation C","log":"|j|\u2606WOLFIELIL\n|j|\u2606Rainmakerisback\n|t:|1683039326\n|gametype|doubles\n|player|p1|WOLFIELIL|brycenman|1349\n|player|p2|Rainmakerisback|2|1435\n|teamsize|p1|6\n|teamsize|p2|6\n|gen|9\n|tier|[Gen 9] VGC 2023 Regulation C\n|rated|\n|rule|Species Clause: Limit one of each Pok\u00e9mon\n|rule|Item Clause: Limit one of each item\n|clearpoke\n|poke|p1|Palafin, L50, F|\n|poke|p1|Corviknight, L50, M|\n|poke|p1|Amoonguss, L50, M|\n|poke|p1|Chi-Yu, L50|\n|poke|p1|Salamence, L50, F|\n|poke|p1|Flutter Mane, L50|\n|poke|p2|Lilligant, L50, F|\n|poke|p2|Torkoal, L50, F|\n|poke|p2|Flutter Mane, L50|\n|poke|p2|Kingambit, L50, F|\n|poke|p2|Dragonite, L50, F|\n|poke|p2|Great Tusk, L50|\n|teampreview|4\n|inactive|Battle timer is ON: inactive players will automatically lose when time's up. (requested by Rainmakerisback)\n|\n|t:|1683039372\n|start\n|switch|p1a: Corviknight|Corviknight, L50, M|100\/100\n|switch|p1b: Palafin|Palafin, L50, F|100\/100\n|switch|p2a: TT|Lilligant, L50, F, shiny|100\/100\n|switch|p2b: Breakthrough|Torkoal, L50, F, shiny|100\/100\n|-weather|SunnyDay|[from] ability: Drought|[of] p2b: Breakthrough\n|turn|1\n|\n|t:|1683039383\n|-terastallize|p1a: Corviknight|Dragon\n|-terastallize|p2b: Breakthrough|Fire\n|move|p1b: Palafin|Protect|p1b: Palafin\n|-singleturn|p1b: Palafin|Protect\n|move|p2a: TT|After You|p2b: Breakthrough\n|-activate|p2b: Breakthrough|move: After You\n|move|p2b: Breakthrough|Eruption|p1b: Palafin|[spread] p1a\n|-activate|p1b: Palafin|move: Protect\n|-resisted|p1a: Corviknight\n|-damage|p1a: Corviknight|49\/100\n|move|p1a: Corviknight|Brave Bird|p2a: TT\n|-supereffective|p2a: TT\n|-enditem|p2a: TT|Focus Sash\n|-damage|p2a: TT|1\/100\n|-damage|p1a: Corviknight|26\/100|[from] Recoil\n|\n|-weather|SunnyDay|[upkeep]\n|upkeep\n|turn|2\n|inactive|WOLFIELIL has 30 seconds left.\n|inactive|Rainmakerisback has 30 seconds left.\n|\n|t:|1683039414\n|switch|p2a: Espresso|Dragonite, L50, F|100\/100\n|move|p1b: Palafin|Jet Punch|p2b: Breakthrough\n|-supereffective|p2b: Breakthrough\n|-damage|p2b: Breakthrough|86\/100\n|move|p1a: Corviknight|Roost|p1a: Corviknight\n|-heal|p1a: Corviknight|76\/100\n|move|p2b: Breakthrough|Eruption|p1b: Palafin|[spread] p1a,p1b\n|-resisted|p1a: Corviknight\n|-resisted|p1b: Palafin\n|-damage|p1a: Corviknight|31\/100\n|-damage|p1b: Palafin|45\/100\n|-enditem|p1b: Palafin|Sitrus Berry|[eat]\n|-heal|p1b: Palafin|70\/100|[from] item: Sitrus Berry\n|\n|-weather|SunnyDay|[upkeep]\n|upkeep\n|turn|3\n|inactive|Rainmakerisback has 30 seconds left.\n|\n|t:|1683039446\n|detailschange|p1b: Palafin|Palafin-Hero, L50, F\n|switch|p1b: Salamence|Salamence, L50, F|100\/100\n|-ability|p1b: Salamence|Intimidate|boost\n|-unboost|p2a: Espresso|atk|1\n|-unboost|p2b: Breakthrough|atk|1\n|move|p2a: Espresso|Extreme Speed|p1a: Corviknight\n|-damage|p1a: Corviknight|14\/100\n|move|p1a: Corviknight|Roost|p1a: Corviknight\n|-heal|p1a: Corviknight|64\/100\n|move|p2b: Breakthrough|Eruption|p1b: Salamence|[spread] p1a,p1b\n|-resisted|p1a: Corviknight\n|-resisted|p1b: Salamence\n|-damage|p1a: Corviknight|25\/100\n|-damage|p1b: Salamence|46\/100\n|\n|-weather|SunnyDay|[upkeep]\n|upkeep\n|turn|4\n|inactive|WOLFIELIL has 30 seconds left.\n|inactive|WOLFIELIL has 20 seconds left.\n|inactive|WOLFIELIL has 15 seconds left.\n|\n|t:|1683039490\n|move|p2a: Espresso|Protect|p2a: Espresso\n|-singleturn|p2a: Espresso|Protect\n|move|p1b: Salamence|Dual Wingbeat|p2b: Breakthrough\n|-damage|p2b: Breakthrough|69\/100\n|-damage|p2b: Breakthrough|54\/100\n|-hitcount|p2b: Breakthrough|2\n|move|p1a: Corviknight|Roost|p1a: Corviknight\n|-heal|p1a: Corviknight|76\/100\n|move|p2b: Breakthrough|Flamethrower|p1b: Salamence\n|-resisted|p1b: Salamence\n|-damage|p1b: Salamence|0 fnt\n|faint|p1b: Salamence\n|\n|-weather|SunnyDay|[upkeep]\n|upkeep\n|\n|t:|1683039508\n|switch|p1b: Flutter Mane|Flutter Mane, L50|100\/100\n|-activate|p1b: Flutter Mane|ability: Protosynthesis\n|-start|p1b: Flutter Mane|protosynthesisspa\n|turn|5\n|inactive|Rainmakerisback has 30 seconds left.\n|\n|t:|1683039539\n|switch|p2b: TT|Lilligant, L50, F, shiny|1\/100\n|move|p2a: Espresso|Protect||[still]\n|-fail|p2a: Espresso\n|move|p1b: Flutter Mane|Dazzling Gleam|p2b: TT|[spread] p2a,p2b\n|-supereffective|p2a: Espresso\n|-damage|p2a: Espresso|59\/100\n|-damage|p2b: TT|0 fnt\n|faint|p2b: TT\n|move|p1a: Corviknight|Brave Bird|p2a: Espresso\n|-damage|p2a: Espresso|12\/100\n|-damage|p1a: Corviknight|61\/100|[from] Recoil\n|\n|-weather|none\n|-end|p1b: Flutter Mane|Protosynthesis\n|upkeep\n|-enditem|p1b: Flutter Mane|Booster Energy\n|-activate|p1b: Flutter Mane|ability: Protosynthesis|[fromitem]\n|-start|p1b: Flutter Mane|protosynthesisspa\n|\n|t:|1683039550\n|switch|p2b: Trouble|Great Tusk, L50, shiny|100\/100\n|turn|6\n|\n|t:|1683039561\n|switch|p2a: Breakthrough|Torkoal, L50, F, shiny, tera:Fire|54\/100\n|-weather|SunnyDay|[from] ability: Drought|[of] p2a: Breakthrough\n|-activate|p2b: Trouble|ability: Protosynthesis\n|-start|p2b: Trouble|protosynthesisatk\n|move|p1b: Flutter Mane|Protect|p1b: Flutter Mane\n|-singleturn|p1b: Flutter Mane|Protect\n|move|p2b: Trouble|Headlong Rush|p1b: Flutter Mane\n|-activate|p1b: Flutter Mane|move: Protect\n|move|p1a: Corviknight|Tailwind|p1a: Corviknight\n|-sidestart|p1: WOLFIELIL|move: Tailwind\n|\n|-weather|SunnyDay|[upkeep]\n|upkeep\n|turn|7\n|inactive|WOLFIELIL has 30 seconds left.\n|\n|t:|1683039588\n|move|p1b: Flutter Mane|Dazzling Gleam|p2b: Trouble|[spread] p2a,p2b\n|-resisted|p2a: Breakthrough\n|-supereffective|p2b: Trouble\n|-damage|p2a: Breakthrough|25\/100\n|-damage|p2b: Trouble|0 fnt\n|faint|p2b: Trouble\n|-end|p2b: Trouble|Protosynthesis|[silent]\n|move|p1a: Corviknight|Brave Bird|p2a: Breakthrough\n|-damage|p2a: Breakthrough|0 fnt\n|faint|p2a: Breakthrough\n|-damage|p1a: Corviknight|54\/100|[from] Recoil\n|\n|-weather|SunnyDay|[upkeep]\n|upkeep\n|-message|Rainmakerisback forfeited.\n|\n|win|WOLFIELIL\n|raw|WOLFIELIL's rating: 1349 → 1374<\/strong> (+25 for winning)\n|raw|Rainmakerisback's rating: 1435 → 1410<\/strong> (-25 for losing)\n|l|\u2606Rainmakerisback\n","uploadtime":1683039613,"views":8,"p1id":"wolfielil","p2id":"rainmakerisback","formatid":"gen9vgc2023regulationc","rating":1374,"private":0,"password":""}