{"id":"gen9vgc2023regulationc-1847339268","p1":"Alexis_student","p2":"Damayr","format":"[Gen 9] VGC 2023 Regulation C","log":"|j|\u2606Alexis_student\n|j|\u2606Damayr\n|t:|1681940077\n|gametype|doubles\n|player|p1|Alexis_student|169|1210\n|player|p2|Damayr|1|1274\n|teamsize|p1|6\n|teamsize|p2|6\n|gen|9\n|tier|[Gen 9] VGC 2023 Regulation C\n|rated|\n|rule|Species Clause: Limit one of each Pok\u00e9mon\n|rule|Item Clause: Limit one of each item\n|clearpoke\n|poke|p1|Amoonguss, L50, F|\n|poke|p1|Palafin, L50, M|\n|poke|p1|Arcanine, L50, M|\n|poke|p1|Flutter Mane, L50|\n|poke|p1|Roaring Moon, L50|\n|poke|p1|Ting-Lu, L50|\n|poke|p2|Grimmsnarl, L50, M|\n|poke|p2|Farigiraf, L50, M|\n|poke|p2|Talonflame, L50, M|\n|poke|p2|Garchomp, L50, M|\n|poke|p2|Flutter Mane, L50|\n|poke|p2|Hawlucha, L50, F|\n|teampreview|4\n|inactive|Battle timer is ON: inactive players will automatically lose when time's up. (requested by Alexis_student)\n|\n|t:|1681940122\n|start\n|switch|p1a: Roaring Moon|Roaring Moon, L50|100\/100\n|switch|p1b: Palafin|Palafin, L50, M|100\/100\n|switch|p2a: Grimmsnarl|Grimmsnarl, L50, M|100\/100\n|switch|p2b: Hawlucha|Hawlucha, L50, F|100\/100\n|-enditem|p1a: Roaring Moon|Booster Energy\n|-activate|p1a: Roaring Moon|ability: Protosynthesis|[fromitem]\n|-start|p1a: Roaring Moon|protosynthesisatk\n|turn|1\n|\n|t:|1681940141\n|detailschange|p1b: Palafin|Palafin-Hero, L50, M\n|switch|p1b: Amoonguss|Amoonguss, L50, F|100\/100\n|-terastallize|p1a: Roaring Moon|Flying\n|-terastallize|p2b: Hawlucha|Steel\n|move|p2a: Grimmsnarl|Swagger|p2b: Hawlucha\n|-boost|p2b: Hawlucha|atk|2\n|-start|p2b: Hawlucha|confusion\n|-enditem|p2b: Hawlucha|Persim Berry|[eat]\n|-end|p2b: Hawlucha|confusion\n|move|p2b: Hawlucha|Acrobatics|p1b: Amoonguss\n|-supereffective|p1b: Amoonguss\n|-damage|p1b: Amoonguss|0 fnt\n|faint|p1b: Amoonguss\n|move|p1a: Roaring Moon|Dragon Dance|p1a: Roaring Moon\n|-boost|p1a: Roaring Moon|atk|1\n|-boost|p1a: Roaring Moon|spe|1\n|\n|upkeep\n|\n|t:|1681940163\n|switch|p1b: Palafin|Palafin-Hero, L50, M|100\/100\n|-activate|p1b: Palafin|ability: Zero to Hero\n|turn|2\n|\n|t:|1681940173\n|move|p1b: Palafin|Jet Punch|p2b: Hawlucha\n|-damage|p2b: Hawlucha|39\/100\n|move|p2a: Grimmsnarl|Thunder Wave|p1a: Roaring Moon\n|-status|p1a: Roaring Moon|par\n|move|p2b: Hawlucha|Encore|p1a: Roaring Moon\n|-start|p1a: Roaring Moon|Encore\n|cant|p1a: Roaring Moon|par\n|\n|upkeep\n|turn|3\n|\n|t:|1681940195\n|move|p2b: Hawlucha|Protect|p2b: Hawlucha\n|-singleturn|p2b: Hawlucha|Protect\n|move|p1b: Palafin|Jet Punch|p2b: Hawlucha\n|-activate|p2b: Hawlucha|move: Protect\n|move|p2a: Grimmsnarl|Torment|p1a: Roaring Moon\n|-start|p1a: Roaring Moon|Torment\n|move|p1a: Roaring Moon|Dragon Dance|p1a: Roaring Moon\n|-boost|p1a: Roaring Moon|atk|1\n|-boost|p1a: Roaring Moon|spe|1\n|\n|upkeep\n|turn|4\n|\n|t:|1681940218\n|switch|p2a: Farigiraf|Farigiraf, L50, M|100\/100\n|move|p2b: Hawlucha|Drain Punch|p1b: Palafin\n|-damage|p1b: Palafin|38\/100\n|-heal|p2b: Hawlucha|74\/100|[from] drain|[of] p1b: Palafin\n|-activate|p1a: Roaring Moon|move: Struggle\n|move|p1a: Roaring Moon|Struggle|p2b: Hawlucha\n|-damage|p2b: Hawlucha|8\/100\n|-damage|p1a: Roaring Moon|75\/100 par|[from] recoil\n|move|p1b: Palafin|Wave Crash|p2a: Farigiraf\n|-damage|p2a: Farigiraf|16\/100\n|-damage|p1b: Palafin|7\/100|[from] Recoil\n|\n|-end|p1a: Roaring Moon|Encore\n|upkeep\n|turn|5\n|inactive|Damayr has 30 seconds left.\n|\n|t:|1681940249\n|move|p2b: Hawlucha|Encore||[still]\n|-fail|p2b: Hawlucha\n|move|p1a: Roaring Moon|Acrobatics|p2b: Hawlucha\n|-resisted|p2b: Hawlucha\n|-damage|p2b: Hawlucha|0 fnt\n|faint|p2b: Hawlucha\n|move|p1b: Palafin|Wave Crash|p2a: Farigiraf\n|-damage|p2a: Farigiraf|0 fnt\n|faint|p2a: Farigiraf\n|-damage|p1b: Palafin|1\/100|[from] Recoil\n|\n|upkeep\n|\n|t:|1681940262\n|switch|p2b: Flutter Mane|Flutter Mane, L50|100\/100\n|switch|p2a: Grimmsnarl|Grimmsnarl, L50, M|100\/100\n|turn|6\n|\n|t:|1681940275\n|move|p1b: Palafin|Jet Punch|p2b: Flutter Mane\n|-damage|p2b: Flutter Mane|0 fnt\n|faint|p2b: Flutter Mane\n|-end|p2b: Flutter Mane|Protosynthesis|[silent]\n|move|p2a: Grimmsnarl|Thunder Wave|p1b: Palafin\n|-status|p1b: Palafin|par\n|move|p1a: Roaring Moon|Throat Chop|p2a: Grimmsnarl\n|-resisted|p2a: Grimmsnarl\n|-damage|p2a: Grimmsnarl|66\/100\n|-start|p2a: Grimmsnarl|Throat Chop|[silent]\n|\n|upkeep\n|turn|7\n|-message|Damayr forfeited.\n|\n|win|Alexis_student\n|raw|Alexis_student's rating: 1210 → 1240<\/strong> (+30 for winning)\n|raw|Damayr's rating: 1274 → 1244<\/strong> (-30 for losing)\n|l|\u2606Damayr\n","uploadtime":1681940291,"views":4,"p1id":"alexisstudent","p2id":"damayr","formatid":"gen9vgc2023regulationc","rating":1240,"private":0,"password":""}