{"id":"gen9vgc2023regulationc-1847567753","p1":"Zoono","p2":"gameboiGeorge","format":"[Gen 9] VGC 2023 Regulation C","log":"|j|\u2606Zoono\n|j|\u2606gameboiGeorge\n|t:|1681974826\n|gametype|doubles\n|player|p1|Zoono|ghetsis-gen5bw|1122\n|player|p2|gameboiGeorge|pokemaniac-gen1rb|1093\n|teamsize|p1|6\n|teamsize|p2|6\n|gen|9\n|tier|[Gen 9] VGC 2023 Regulation C\n|rated|\n|rule|Species Clause: Limit one of each Pok\u00e9mon\n|rule|Item Clause: Limit one of each item\n|clearpoke\n|poke|p1|Flutter Mane, L50|\n|poke|p1|Wo-Chien, L50|\n|poke|p1|Arcanine, L50, F|\n|poke|p1|Palafin, L50, F|\n|poke|p1|Ting-Lu, L50|\n|poke|p1|Dragonite, L50, F|\n|poke|p2|Annihilape, L50, F|\n|poke|p2|Palafin, L50, F|\n|poke|p2|Cyclizar, L50, F|\n|poke|p2|Amoonguss, L50, M|\n|poke|p2|Flutter Mane, L50|\n|poke|p2|Maushold-Four, L50|\n|teampreview|4\n|\n|t:|1681974850\n|start\n|switch|p1a: Live Reaction|Wo-Chien, L50|100\/100\n|switch|p1b: Ting-Lu|Ting-Lu, L50|100\/100\n|switch|p2a: Annihilape|Annihilape, L50, F|100\/100\n|switch|p2b: Palafin|Palafin, L50, F|100\/100\n|-ability|p1a: Live Reaction|Tablets of Ruin\n|-ability|p1b: Ting-Lu|Vessel of Ruin\n|turn|1\n|\n|t:|1681974879\n|move|p2b: Palafin|Flip Turn|p1b: Ting-Lu\n|-supereffective|p1b: Ting-Lu\n|-damage|p1b: Ting-Lu|75\/100\n|\n|t:|1681974884\n|detailschange|p2b: Palafin|Palafin-Hero, L50, F\n|switch|p2b: Flutter Mane|Flutter Mane, L50|100\/100|[from] Flip Turn\n|move|p2a: Annihilape|Bulk Up|p2a: Annihilape\n|-boost|p2a: Annihilape|atk|1\n|-boost|p2a: Annihilape|def|1\n|move|p1a: Live Reaction|Leech Seed|p2a: Annihilape\n|-start|p2a: Annihilape|move: Leech Seed\n|move|p1b: Ting-Lu|Fissure|p2b: Flutter Mane|[miss]\n|-miss|p1b: Ting-Lu|p2b: Flutter Mane\n|\n|-damage|p2a: Annihilape|88\/100|[from] Leech Seed|[of] p1a: Live Reaction\n|upkeep\n|turn|2\n|\n|t:|1681974915\n|move|p2b: Flutter Mane|Dazzling Gleam|p1a: Live Reaction|[spread] p1a,p1b\n|-supereffective|p1a: Live Reaction\n|-supereffective|p1b: Ting-Lu\n|-damage|p1a: Live Reaction|47\/100\n|-damage|p1b: Ting-Lu|44\/100\n|move|p2a: Annihilape|Bulk Up|p2a: Annihilape\n|-boost|p2a: Annihilape|atk|1\n|-boost|p2a: Annihilape|def|1\n|move|p1a: Live Reaction|Foul Play|p2a: Annihilape\n|-damage|p2a: Annihilape|48\/100\n|-enditem|p2a: Annihilape|Sitrus Berry|[eat]\n|-heal|p2a: Annihilape|73\/100|[from] item: Sitrus Berry\n|move|p1b: Ting-Lu|Heavy Slam|p2b: Flutter Mane\n|-supereffective|p2b: Flutter Mane\n|-damage|p2b: Flutter Mane|0 fnt\n|faint|p2b: Flutter Mane\n|-end|p2b: Flutter Mane|Protosynthesis|[silent]\n|\n|-damage|p2a: Annihilape|60\/100|[from] Leech Seed|[of] p1a: Live Reaction\n|-heal|p1a: Live Reaction|59\/100|[silent]\n|upkeep\n|\n|t:|1681974938\n|switch|p2b: Palafin|Palafin-Hero, L50, F|100\/100\n|-activate|p2b: Palafin|ability: Zero to Hero\n|turn|3\n|\n|t:|1681974968\n|switch|p1b: PalaWIN|Palafin, L50, F, shiny|100\/100\n|move|p1a: Live Reaction|Protect|p1a: Live Reaction\n|-singleturn|p1a: Live Reaction|Protect\n|move|p2b: Palafin|Jet Punch|p1b: PalaWIN\n|-resisted|p1b: PalaWIN\n|-damage|p1b: PalaWIN|81\/100\n|move|p2a: Annihilape|Drain Punch|p1a: Live Reaction\n|-activate|p1a: Live Reaction|move: Protect\n|\n|-damage|p2a: Annihilape|48\/100|[from] Leech Seed|[of] p1a: Live Reaction\n|-heal|p1a: Live Reaction|71\/100|[silent]\n|upkeep\n|turn|4\n|\n|t:|1681974994\n|detailschange|p1b: PalaWIN|Palafin-Hero, L50, F, shiny\n|switch|p1b: Ting-Lu|Ting-Lu, L50|44\/100\n|-ability|p1b: Ting-Lu|Vessel of Ruin\n|move|p2b: Palafin|Wave Crash|p1b: Ting-Lu\n|-supereffective|p1b: Ting-Lu\n|-damage|p1b: Ting-Lu|0 fnt\n|faint|p1b: Ting-Lu\n|-damage|p2b: Palafin|84\/100|[from] Recoil\n|move|p2a: Annihilape|Drain Punch|p1a: Live Reaction\n|-supereffective|p1a: Live Reaction\n|-damage|p1a: Live Reaction|0 fnt\n|-heal|p2a: Annihilape|84\/100|[from] drain|[of] p1a: Live Reaction\n|faint|p1a: Live Reaction\n|\n|upkeep\n|\n|t:|1681975009\n|switch|p1a: Nugget|Arcanine, L50, F, shiny|100\/100\n|switch|p1b: PalaWIN|Palafin-Hero, L50, F, shiny|81\/100\n|-activate|p1b: PalaWIN|ability: Zero to Hero\n|-ability|p1a: Nugget|Intimidate|boost\n|-unboost|p2a: Annihilape|atk|1\n|-ability|p2a: Annihilape|Defiant|boost\n|-boost|p2a: Annihilape|atk|2\n|-unboost|p2b: Palafin|atk|1\n|turn|5\n|\n|t:|1681975032\n|-terastallize|p1a: Nugget|Grass\n|move|p2b: Palafin|Jet Punch|p1a: Nugget\n|-resisted|p1a: Nugget\n|-damage|p1a: Nugget|85\/100\n|move|p1b: PalaWIN|Haze|p1b: PalaWIN\n|-clearallboost\n|move|p1a: Nugget|Will-O-Wisp|p2a: Annihilape\n|-status|p2a: Annihilape|brn\n|move|p2a: Annihilape|Rage Fist|p1b: PalaWIN\n|-damage|p1b: PalaWIN|58\/100\n|\n|-damage|p2a: Annihilape|72\/100 brn|[from] Leech Seed|[of] p1a: Nugget\n|-heal|p1a: Nugget|97\/100|[silent]\n|-damage|p2a: Annihilape|66\/100 brn|[from] brn\n|upkeep\n|turn|6\n|\n|t:|1681975059\n|move|p1b: PalaWIN|Jet Punch|p2a: Annihilape\n|-damage|p2a: Annihilape|23\/100 brn\n|move|p2b: Palafin|Wave Crash|p1b: PalaWIN\n|-resisted|p1b: PalaWIN\n|-damage|p1b: PalaWIN|14\/100\n|-damage|p2b: Palafin|70\/100|[from] Recoil\n|move|p1a: Nugget|Will-O-Wisp|p2b: Palafin\n|-status|p2b: Palafin|brn\n|move|p2a: Annihilape|Bulk Up|p2a: Annihilape\n|-boost|p2a: Annihilape|atk|1\n|-boost|p2a: Annihilape|def|1\n|\n|-damage|p2a: Annihilape|10\/100 brn|[from] Leech Seed|[of] p1a: Nugget\n|-heal|p1a: Nugget|100\/100|[silent]\n|-damage|p2b: Palafin|64\/100 brn|[from] brn\n|-damage|p2a: Annihilape|4\/100 brn|[from] brn\n|upkeep\n|turn|7\n|\n|t:|1681975095\n|-terastallize|p2a: Annihilape|Fire\n|move|p1b: PalaWIN|Protect|p1b: PalaWIN\n|-singleturn|p1b: PalaWIN|Protect\n|move|p2b: Palafin|Jet Punch|p1b: PalaWIN\n|-activate|p1b: PalaWIN|move: Protect\n|move|p1a: Nugget|Snarl|p2b: Palafin|[spread] p2a,p2b\n|-damage|p2a: Annihilape|0 fnt\n|-damage|p2b: Palafin|53\/100 brn\n|-unboost|p2b: Palafin|spa|1\n|faint|p2a: Annihilape\n|\n|-damage|p2b: Palafin|47\/100 brn|[from] brn\n|upkeep\n|\n|t:|1681975105\n|switch|p2a: Maushold|Maushold-Four, L50|100\/100\n|turn|8\n|\n|t:|1681975140\n|move|p1b: PalaWIN|Jet Punch|p2b: Palafin\n|-resisted|p2b: Palafin\n|-damage|p2b: Palafin|32\/100 brn\n|move|p2b: Palafin|Jet Punch|p1b: PalaWIN\n|-resisted|p1b: PalaWIN\n|-damage|p1b: PalaWIN|4\/100\n|move|p2a: Maushold|Population Bomb|p1a: Nugget\n|-damage|p1a: Nugget|94\/100\n|-damage|p1a: Nugget|86\/100\n|-damage|p1a: Nugget|79\/100\n|-damage|p1a: Nugget|72\/100\n|-damage|p1a: Nugget|64\/100\n|-damage|p1a: Nugget|56\/100\n|-damage|p1a: Nugget|48\/100\n|-damage|p1a: Nugget|42\/100\n|-damage|p1a: Nugget|35\/100\n|-damage|p1a: Nugget|28\/100\n|-hitcount|p1a: Nugget|10\n|move|p1a: Nugget|Will-O-Wisp|p2a: Maushold\n|-status|p2a: Maushold|brn\n|\n|-damage|p2a: Maushold|94\/100 brn|[from] brn\n|-damage|p2b: Palafin|26\/100 brn|[from] brn\n|upkeep\n|turn|9\n|\n|t:|1681975169\n|move|p1b: PalaWIN|Protect|p1b: PalaWIN\n|-singleturn|p1b: PalaWIN|Protect\n|move|p2b: Palafin|Jet Punch|p1b: PalaWIN\n|-activate|p1b: PalaWIN|move: Protect\n|move|p2a: Maushold|Encore|p1a: Nugget\n|-start|p1a: Nugget|Encore\n|move|p1a: Nugget|Will-O-Wisp|p2b: Palafin\n|-fail|p2b: Palafin|brn\n|\n|-damage|p2a: Maushold|88\/100 brn|[from] brn\n|-damage|p2b: Palafin|20\/100 brn|[from] brn\n|upkeep\n|turn|10\n|\n|t:|1681975193\n|move|p1b: PalaWIN|Jet Punch|p2a: Maushold\n|-damage|p2a: Maushold|4\/100 brn\n|move|p2b: Palafin|Jet Punch|p1b: PalaWIN\n|-resisted|p1b: PalaWIN\n|-damage|p1b: PalaWIN|0 fnt\n|faint|p1b: PalaWIN\n|move|p2a: Maushold|Population Bomb|p1a: Nugget\n|-damage|p1a: Nugget|25\/100\n|-damage|p1a: Nugget|21\/100\n|-damage|p1a: Nugget|18\/100\n|-damage|p1a: Nugget|15\/100\n|-damage|p1a: Nugget|11\/100\n|-damage|p1a: Nugget|8\/100\n|-damage|p1a: Nugget|5\/100\n|-damage|p1a: Nugget|2\/100\n|-damage|p1a: Nugget|0 fnt\n|faint|p1a: Nugget\n|-hitcount|p1: Nugget|9\n|\n|win|gameboiGeorge\n|raw|Zoono's rating: 1122 → 1095<\/strong> (-27 for losing)\n|raw|gameboiGeorge's rating: 1093 → 1121<\/strong> (+28 for winning)\n","uploadtime":1681975201,"views":12,"p1id":"zoono","p2id":"gameboigeorge","formatid":"gen9vgc2023regulationc","rating":1095,"private":0,"password":""}