{"id":"gen9vgc2023regulationc-1853362913","p1":"cap4816","p2":"JayVolver","format":"[Gen 9] VGC 2023 Regulation C","log":"|j|\u2606cap4816\n|j|\u2606JayVolver\n|t:|1682674615\n|gametype|doubles\n|player|p1|cap4816|pokekid|1316\n|player|p2|JayVolver|101|1232\n|teamsize|p1|6\n|teamsize|p2|6\n|gen|9\n|tier|[Gen 9] VGC 2023 Regulation C\n|rated|\n|rule|Species Clause: Limit one of each Pok\u00e9mon\n|rule|Item Clause: Limit one of each item\n|clearpoke\n|poke|p1|Great Tusk, L50|\n|poke|p1|Flutter Mane, L50|\n|poke|p1|Gyarados, L50, F|\n|poke|p1|Chi-Yu, L50|\n|poke|p1|Chien-Pao, L50|\n|poke|p1|Murkrow, L50, M|\n|poke|p2|Ting-Lu, L50|\n|poke|p2|Amoonguss, L50, M|\n|poke|p2|Flutter Mane, L50|\n|poke|p2|Dragonite, L50, F|\n|poke|p2|Chien-Pao, L50|\n|poke|p2|Corviknight, L50, M|\n|teampreview|4\n|inactive|Battle timer is ON: inactive players will automatically lose when time's up. (requested by JayVolver)\n|inactive|cap4816 has 60 seconds left.\nJayVolver rejected open team sheets.\n|\n|t:|1682674706\n|start\n|switch|p1a: \u9019\u662f\u96ea\u8c79|Chien-Pao, L50|100\/100\n|switch|p1b: \u771f\u9ed1|Murkrow, L50, M|100\/100\n|switch|p2a: Corviknight|Corviknight, L50, M, shiny|100\/100\n|switch|p2b: Dragonite|Dragonite, L50, F|100\/100\n|-ability|p1a: \u9019\u662f\u96ea\u8c79|Sword of Ruin\n|turn|1\n|\n|t:|1682674728\n|-terastallize|p2b: Dragonite|Normal\n|move|p1a: \u9019\u662f\u96ea\u8c79|Protect|p1a: \u9019\u662f\u96ea\u8c79\n|-singleturn|p1a: \u9019\u662f\u96ea\u8c79|Protect\n|move|p1b: \u771f\u9ed1|Brave Bird|p2b: Dragonite\n|-damage|p2b: Dragonite|76\/100\n|-damage|p1b: \u771f\u9ed1|92\/100|[from] Recoil\n|move|p2b: Dragonite|Low Kick|p1a: \u9019\u662f\u96ea\u8c79\n|-activate|p1a: \u9019\u662f\u96ea\u8c79|move: Protect\n|move|p2a: Corviknight|Bulk Up|p2a: Corviknight\n|-boost|p2a: Corviknight|atk|1\n|-boost|p2a: Corviknight|def|1\n|\n|upkeep\n|turn|2\n|\n|t:|1682674753\n|-terastallize|p1a: \u9019\u662f\u96ea\u8c79|Flying\n|move|p1b: \u771f\u9ed1|Haze|p1b: \u771f\u9ed1\n|-clearallboost\n|move|p1a: \u9019\u662f\u96ea\u8c79|Ice Spinner|p2b: Dragonite\n|-damage|p2b: Dragonite|23\/100\n|move|p2b: Dragonite|Low Kick|p1a: \u9019\u662f\u96ea\u8c79\n|-resisted|p1a: \u9019\u662f\u96ea\u8c79\n|-damage|p1a: \u9019\u662f\u96ea\u8c79|76\/100\n|move|p2a: Corviknight|Iron Head|p1b: \u771f\u9ed1\n|-damage|p1b: \u771f\u9ed1|51\/100\n|\n|upkeep\n|turn|3\n|inactive|cap4816 has 30 seconds left.\n|\n|t:|1682674782\n|switch|p1b: \u84cb\u745e\u9054|Gyarados, L50, F|100\/100\n|-ability|p1b: \u84cb\u745e\u9054|Intimidate|boost\n|-ability|p2a: Corviknight|Mirror Armor\n|-unboost|p1b: \u84cb\u745e\u9054|atk|1\n|-unboost|p2b: Dragonite|atk|1\n|move|p2b: Dragonite|Extreme Speed|p1a: \u9019\u662f\u96ea\u8c79\n|-damage|p1a: \u9019\u662f\u96ea\u8c79|37\/100\n|move|p1a: \u9019\u662f\u96ea\u8c79|Ice Spinner|p2a: Corviknight\n|-damage|p2a: Corviknight|59\/100\n|move|p2a: Corviknight|Iron Head|p1b: \u84cb\u745e\u9054\n|-resisted|p1b: \u84cb\u745e\u9054\n|-damage|p1b: \u84cb\u745e\u9054|80\/100\n|\n|upkeep\n|turn|4\n|\n|t:|1682674805\n|move|p1a: \u9019\u662f\u96ea\u8c79|Protect|p1a: \u9019\u662f\u96ea\u8c79\n|-singleturn|p1a: \u9019\u662f\u96ea\u8c79|Protect\n|move|p2b: Dragonite|Extreme Speed|p1b: \u84cb\u745e\u9054\n|-damage|p1b: \u84cb\u745e\u9054|44\/100\n|move|p1b: \u84cb\u745e\u9054|Whirlpool|p2b: Dragonite\n|-damage|p2b: Dragonite|15\/100\n|-activate|p2b: Dragonite|move: Whirlpool|[of] p1b: \u84cb\u745e\u9054\n|move|p2a: Corviknight|Tailwind|p2a: Corviknight\n|-sidestart|p2: JayVolver|move: Tailwind\n|\n|-damage|p2b: Dragonite|3\/100|[from] move: Whirlpool|[partiallytrapped]\n|upkeep\n|turn|5\n|\n|t:|1682674823\n|switch|p1a: \u771f\u9ed1|Murkrow, L50, M|51\/100\n|move|p2b: Dragonite|Extreme Speed|p1a: \u771f\u9ed1\n|-crit|p1a: \u771f\u9ed1\n|-damage|p1a: \u771f\u9ed1|0 fnt\n|faint|p1a: \u771f\u9ed1\n|move|p2a: Corviknight|Brave Bird|p1b: \u84cb\u745e\u9054\n|-damage|p1b: \u84cb\u745e\u9054|0 fnt\n|faint|p1b: \u84cb\u745e\u9054\n|-damage|p2a: Corviknight|45\/100|[from] Recoil\n|\n|-end|p2b: Dragonite|Whirlpool|[partiallytrapped]|[silent]\n|upkeep\n|\n|t:|1682674835\n|switch|p1a: Yui|Chi-Yu, L50|100\/100\n|switch|p1b: \u9019\u662f\u96ea\u8c79|Chien-Pao, L50, tera:Flying|37\/100\n|-ability|p1b: \u9019\u662f\u96ea\u8c79|Sword of Ruin\n|-ability|p1a: Yui|Beads of Ruin\n|turn|6\n|\n|t:|1682674851\n|move|p2b: Dragonite|Extreme Speed|p1b: \u9019\u662f\u96ea\u8c79\n|-damage|p1b: \u9019\u662f\u96ea\u8c79|0 fnt\n|faint|p1b: \u9019\u662f\u96ea\u8c79\n|move|p2a: Corviknight|Brave Bird|p1a: Yui\n|-damage|p1a: Yui|50\/100\n|-enditem|p1a: Yui|Sitrus Berry|[eat]\n|-heal|p1a: Yui|75\/100|[from] item: Sitrus Berry\n|-damage|p2a: Corviknight|33\/100|[from] Recoil\n|move|p1a: Yui|Heat Wave|p2a: Corviknight|[spread] p2a\n|-miss|p1a: Yui|p2b: Dragonite\n|-supereffective|p2a: Corviknight\n|-damage|p2a: Corviknight|0 fnt\n|faint|p2a: Corviknight\n|\n|upkeep\n|\n|t:|1682674866\n|switch|p2a: Flutter Mane|Flutter Mane, L50|100\/100\n|-enditem|p2a: Flutter Mane|Booster Energy\n|-activate|p2a: Flutter Mane|ability: Protosynthesis|[fromitem]\n|-start|p2a: Flutter Mane|protosynthesisspe\n|turn|7\n|\n|t:|1682674886\n|move|p2a: Flutter Mane|Dazzling Gleam|p1a: Yui\n|-damage|p1a: Yui|26\/100\n|move|p2b: Dragonite|Low Kick|p1a: Yui\n|-supereffective|p1a: Yui\n|-damage|p1a: Yui|12\/100\n|move|p1a: Yui|Heat Wave|p2a: Flutter Mane|[spread] p2b\n|-miss|p1a: Yui|p2a: Flutter Mane\n|-damage|p2b: Dragonite|0 fnt\n|faint|p2b: Dragonite\n|\n|-sideend|p2: JayVolver|move: Tailwind\n|upkeep\n|\n|t:|1682674894\n|switch|p2b: Chien-Pao|Chien-Pao, L50|100\/100\n|-ability|p2b: Chien-Pao|Sword of Ruin\n|turn|8\n|\n|t:|1682674899\n|move|p2b: Chien-Pao|Sucker Punch|p1a: Yui\n|-resisted|p1a: Yui\n|-damage|p1a: Yui|0 fnt\n|faint|p1a: Yui\n|\n|win|JayVolver\n|raw|cap4816's rating: 1316 → 1291<\/strong> (-25 for losing)\n|raw|JayVolver's rating: 1232 → 1263<\/strong> (+31 for winning)\n","uploadtime":1682674903,"views":8,"p1id":"cap4816","p2id":"jayvolver","formatid":"gen9vgc2023regulationc","rating":1263,"private":0,"password":""}