{"id":"gen9vgc2023regulationc-1856966920","p1":"ClickForVictory","p2":"123datastage123","format":"[Gen 9] VGC 2023 Regulation C","log":"|j|\u2606ClickForVictory\n|j|\u2606123datastage123\n|t:|1683131488\n|gametype|doubles\n|player|p1|ClickForVictory|furisodegirl-black|1384\n|player|p2|123datastage123|biker-gen4|1301\n|teamsize|p1|6\n|teamsize|p2|6\n|gen|9\n|tier|[Gen 9] VGC 2023 Regulation C\n|rated|\n|rule|Species Clause: Limit one of each Pok\u00e9mon\n|rule|Item Clause: Limit one of each item\n|clearpoke\n|poke|p1|Flutter Mane, L50|\n|poke|p1|Amoonguss, L50, F|\n|poke|p1|Iron Jugulis, L50|\n|poke|p1|Great Tusk, L50|\n|poke|p1|Bruxish, L50, M|\n|poke|p1|Chi-Yu, L50|\n|poke|p2|Ting-Lu, L50|\n|poke|p2|Palafin, L50, M|\n|poke|p2|Flutter Mane, L50|\n|poke|p2|Arcanine, L50, F|\n|poke|p2|Amoonguss, L50, F|\n|poke|p2|Corviknight, L50, M|\n|teampreview|4\nClickForVictory has agreed to open team sheets.\n|c|\u2606ClickForVictory|have fun!\n|\n|t:|1683131532\n|start\n|switch|p1a: Mega Dodrio|Iron Jugulis, L50, shiny|100\/100\n|switch|p1b: Fiendish Fish|Chi-Yu, L50|100\/100\n|switch|p2a: Ting-Lu|Ting-Lu, L50|100\/100\n|switch|p2b: Palafin|Palafin, L50, M|100\/100\n|-ability|p1b: Fiendish Fish|Beads of Ruin\n|-ability|p2a: Ting-Lu|Vessel of Ruin\n|-enditem|p1a: Mega Dodrio|Booster Energy\n|-activate|p1a: Mega Dodrio|ability: Quark Drive|[fromitem]\n|-start|p1a: Mega Dodrio|quarkdrivespe\n|turn|1\n|\n|t:|1683131564\n|switch|p1b: Flambuoyant|Bruxish, L50, M|100\/100\n|detailschange|p2b: Palafin|Palafin-Hero, L50, M\n|switch|p2b: Arcanine|Arcanine, L50, F|100\/100\n|-ability|p2b: Arcanine|Intimidate|boost\n|-unboost|p1a: Mega Dodrio|atk|1\n|-unboost|p1b: Flambuoyant|atk|1\n|move|p1a: Mega Dodrio|Tailwind|p1a: Mega Dodrio\n|-sidestart|p1: ClickForVictory|move: Tailwind\n|move|p2a: Ting-Lu|Fissure|p1b: Flambuoyant|[miss]\n|-miss|p2a: Ting-Lu|p1b: Flambuoyant\n|\n|upkeep\n|turn|2\n|\n|t:|1683131590\n|move|p1a: Mega Dodrio|Earth Power|p2b: Arcanine\n|-supereffective|p2b: Arcanine\n|-crit|p2b: Arcanine\n|-damage|p2b: Arcanine|44\/100\n|move|p1b: Flambuoyant|Wave Crash|p2a: Ting-Lu\n|-supereffective|p2a: Ting-Lu\n|-damage|p2a: Ting-Lu|54\/100\n|-damage|p1b: Flambuoyant|75\/100|[from] Recoil\n|move|p2b: Arcanine|Will-O-Wisp|p1b: Flambuoyant\n|-status|p1b: Flambuoyant|brn\n|move|p2a: Ting-Lu|Stomping Tantrum|p1a: Mega Dodrio\n|-immune|p1a: Mega Dodrio\n|\n|-damage|p1b: Flambuoyant|70\/100 brn|[from] brn\n|upkeep\n|turn|3\n|\n|t:|1683131637\n|switch|p1b: Spectral Spaghetti|Flutter Mane, L50, shiny|100\/100\n|switch|p2b: Palafin|Palafin-Hero, L50, M|100\/100\n|-activate|p2b: Palafin|ability: Zero to Hero\n|switch|p2a: Corviknight|Corviknight, L50, M|100\/100\n|move|p1a: Mega Dodrio|Earth Power|p2b: Palafin\n|-damage|p2b: Palafin|78\/100\n|\n|upkeep\n|turn|4\n|\n|t:|1683131683\n|-end|p1a: Mega Dodrio|Quark Drive|[silent]\n|switch|p1a: Flambuoyant|Bruxish, L50, M|70\/100 brn\n|-terastallize|p2b: Palafin|Water\n|move|p2b: Palafin|Jet Punch||[still]\n|cant|p1a: Flambuoyant|ability: Dazzling|Jet Punch|[of] p2b: Palafin\n|move|p1b: Spectral Spaghetti|Moonblast|p2b: Palafin\n|-crit|p2b: Palafin\n|-damage|p2b: Palafin|0 fnt\n|faint|p2b: Palafin\n|move|p2a: Corviknight|Bulk Up|p2a: Corviknight\n|-boost|p2a: Corviknight|atk|1\n|-boost|p2a: Corviknight|def|1\n|\n|-damage|p1a: Flambuoyant|64\/100 brn|[from] brn\n|-sideend|p1: ClickForVictory|move: Tailwind\n|upkeep\n|\n|t:|1683131709\n|switch|p2b: Ting-Lu|Ting-Lu, L50|54\/100\n|-ability|p2b: Ting-Lu|Vessel of Ruin\n|turn|5\n|\n|t:|1683131723\n|move|p1b: Spectral Spaghetti|Moonblast|p2b: Ting-Lu\n|-supereffective|p2b: Ting-Lu\n|-damage|p2b: Ting-Lu|0 fnt\n|faint|p2b: Ting-Lu\n|move|p1a: Flambuoyant|Wave Crash|p2a: Corviknight\n|-damage|p2a: Corviknight|83\/100\n|-damage|p1a: Flambuoyant|56\/100 brn|[from] Recoil\n|move|p2a: Corviknight|Iron Head|p1b: Spectral Spaghetti\n|-supereffective|p1b: Spectral Spaghetti\n|-damage|p1b: Spectral Spaghetti|0 fnt\n|faint|p1b: Spectral Spaghetti\n|-end|p1b: Spectral Spaghetti|Protosynthesis|[silent]\n|\n|-damage|p1a: Flambuoyant|50\/100 brn|[from] brn\n|upkeep\n|\n|t:|1683131734\n|switch|p1b: Fiendish Fish|Chi-Yu, L50|100\/100\n|switch|p2b: Arcanine|Arcanine, L50, F|44\/100\n|-ability|p1b: Fiendish Fish|Beads of Ruin\n|-ability|p2b: Arcanine|Intimidate|boost\n|-unboost|p1a: Flambuoyant|atk|1\n|-unboost|p1b: Fiendish Fish|atk|1\n|turn|6\n|\n|t:|1683131769\n|-terastallize|p1b: Fiendish Fish|Fire\n|move|p1b: Fiendish Fish|Heat Wave|p2a: Corviknight|[spread] p2a,p2b\n|-supereffective|p2a: Corviknight\n|-resisted|p2b: Arcanine\n|-damage|p2a: Corviknight|0 fnt\n|-damage|p2b: Arcanine|10\/100\n|faint|p2a: Corviknight\n|move|p1a: Flambuoyant|Wave Crash|p2b: Arcanine\n|-supereffective|p2b: Arcanine\n|-damage|p2b: Arcanine|0 fnt\n|faint|p2b: Arcanine\n|-damage|p1a: Flambuoyant|46\/100 brn|[from] Recoil\n|\n|win|ClickForVictory\n|raw|ClickForVictory's rating: 1384 → 1399<\/strong> (+15 for winning)\n|raw|123datastage123's rating: 1301 → 1286<\/strong> (-15 for losing)\n|c|\u2606ClickForVictory|gg\n|l|\u2606123datastage123\n|l|\u2606ClickForVictory\n","uploadtime":1683131817,"views":15,"p1id":"clickforvictory","p2id":"123datastage123","formatid":"gen9vgc2023regulationc","rating":1286,"private":0,"password":""}