{"id":"gen9vgc2023regulationc-1855469506","p1":"NicoHaxVGC","p2":"AnthonyL","format":"[Gen 9] VGC 2023 Regulation C","log":"|j|\u2606NicoHaxVGC\n|j|\u2606AnthonyL\n|t:|1682954323\n|gametype|doubles\n|player|p1|NicoHaxVGC|red|1462\n|player|p2|AnthonyL|lucas|1358\n|teamsize|p1|6\n|teamsize|p2|6\n|gen|9\n|tier|[Gen 9] VGC 2023 Regulation C\n|rated|\n|rule|Species Clause: Limit one of each Pok\u00e9mon\n|rule|Item Clause: Limit one of each item\n|clearpoke\n|poke|p1|Corviknight, L50, F|\n|poke|p1|Ting-Lu, L50|\n|poke|p1|Annihilape, L50, M|\n|poke|p1|Amoonguss, L50, F|\n|poke|p1|Iron Bundle, L50|\n|poke|p1|Flutter Mane, L50|\n|poke|p2|Garchomp, L50, F|\n|poke|p2|Gyarados, L50, F|\n|poke|p2|Amoonguss, L50, M|\n|poke|p2|Corviknight, L50, F|\n|poke|p2|Chi-Yu, L50|\n|poke|p2|Flutter Mane, L50|\n|teampreview|4\n|inactive|Battle timer is ON: inactive players will automatically lose when time's up. (requested by NicoHaxVGC)\nAnthonyL has agreed to open team sheets.\nNicoHaxVGC has agreed to open team sheets.\n|inactive|NicoHaxVGC has 60 seconds left.\n|inactive|AnthonyL has 60 seconds left.\n|inactive|AnthonyL has 30 seconds left.\n|inactive|AnthonyL has 20 seconds left.\n|inactive|NicoHaxVGC has 30 seconds left.\n|\n|t:|1682954401\n|start\n|switch|p1a: Cyborg|Iron Bundle, L50|100\/100\n|switch|p1b: Star fire|Flutter Mane, L50|100\/100\n|switch|p2a: Garchomp|Garchomp, L50, F|100\/100\n|switch|p2b: Corviknight|Corviknight, L50, F|100\/100\n|-enditem|p1a: Cyborg|Booster Energy\n|-activate|p1a: Cyborg|ability: Quark Drive|[fromitem]\n|-start|p1a: Cyborg|quarkdrivespe\n|turn|1\n|\n|t:|1682954425\n|-terastallize|p2a: Garchomp|Steel\n|move|p1a: Cyborg|Freeze-Dry|p2b: Corviknight\n|-damage|p2b: Corviknight|76\/100\n|-status|p2b: Corviknight|frz\n|-enditem|p2b: Corviknight|Lum Berry|[eat]\n|-curestatus|p2b: Corviknight|frz|[msg]\n|move|p1b: Star fire|Thunderbolt|p2b: Corviknight\n|-supereffective|p2b: Corviknight\n|-damage|p2b: Corviknight|6\/100\n|move|p2a: Garchomp|Swords Dance|p2a: Garchomp\n|-boost|p2a: Garchomp|atk|2\n|move|p2b: Corviknight|Tailwind|p2b: Corviknight\n|-sidestart|p2: AnthonyL|move: Tailwind\n|\n|upkeep\n|turn|2\n|inactive|NicoHaxVGC has 30 seconds left.\n|inactive|NicoHaxVGC has 20 seconds left.\n|inactive|NicoHaxVGC has 15 seconds left.\n|\n|t:|1682954468\n|-end|p1b: Star fire|Protosynthesis|[silent]\n|switch|p1b: Robin|Annihilape, L50, M|100\/100\n|move|p2a: Garchomp|Earthquake|p1b: Robin|[spread] p1a,p1b\n|-immune|p2b: Corviknight\n|-damage|p1a: Cyborg|12\/100\n|-damage|p1b: Robin|25\/100\n|move|p1a: Cyborg|Hydro Pump|p2b: Corviknight\n|-damage|p2b: Corviknight|0 fnt\n|faint|p2b: Corviknight\n|\n|-heal|p1b: Robin|31\/100|[from] item: Leftovers\n|upkeep\n|\n|t:|1682954481\n|switch|p2b: Amoonguss|Amoonguss, L50, M|100\/100\n|turn|3\n|\n|t:|1682954501\n|-end|p1a: Cyborg|Quark Drive|[silent]\n|switch|p1a: Raven|Corviknight, L50, F|100\/100\n|move|p1b: Robin|Protect|p1b: Robin\n|-singleturn|p1b: Robin|Protect\n|move|p2a: Garchomp|Rock Slide|p1b: Robin|[spread] p1a\n|-activate|p1b: Robin|move: Protect\n|-damage|p1a: Raven|66\/100\n|move|p2b: Amoonguss|Spore|p1b: Robin\n|-activate|p1b: Robin|move: Protect\n|\n|-heal|p1b: Robin|38\/100|[from] item: Leftovers\n|upkeep\n|turn|4\n|inactive|NicoHaxVGC has 30 seconds left.\n|\n|t:|1682954529\n|switch|p1b: Star fire|Flutter Mane, L50|100\/100\n|move|p2a: Garchomp|Rock Slide|p1b: Star fire|[spread] p1a,p1b\n|-damage|p1a: Raven|31\/100\n|-damage|p1b: Star fire|34\/100\n|move|p1a: Raven|Tailwind|p1a: Raven\n|-sidestart|p1: NicoHaxVGC|move: Tailwind\n|move|p2b: Amoonguss|Spore|p1b: Star fire\n|-status|p1b: Star fire|slp|[from] move: Spore\n|\n|-sideend|p2: AnthonyL|move: Tailwind\n|upkeep\n|turn|5\n|inactive|AnthonyL has 30 seconds left.\n|\n|t:|1682954557\n|switch|p2b: Gyarados|Gyarados, L50, F|100\/100\n|-ability|p2b: Gyarados|Intimidate|boost\n|-ability|p1a: Raven|Mirror Armor\n|-unboost|p2b: Gyarados|atk|1\n|-unboost|p1b: Star fire|atk|1\n|cant|p1b: Star fire|slp\n|move|p1a: Raven|Brave Bird|p2b: Gyarados\n|-damage|p2b: Gyarados|60\/100\n|-damage|p1a: Raven|18\/100|[from] Recoil\n|move|p2a: Garchomp|Rock Slide|p1b: Star fire|[spread] p1a,p1b\n|-damage|p1a: Raven|0 fnt\n|-damage|p1b: Star fire|0 fnt\n|faint|p1a: Raven\n|faint|p1b: Star fire\n|-end|p1b: Star fire|Protosynthesis|[silent]\n|\n|upkeep\n|\n|t:|1682954570\n|switch|p1b: Robin|Annihilape, L50, M|38\/100\n|switch|p1a: Cyborg|Iron Bundle, L50|12\/100\n|turn|6\n|\n|t:|1682954581\n|move|p2b: Gyarados|Helping Hand|p2a: Garchomp\n|-singleturn|p2a: Garchomp|Helping Hand|[of] p2b: Gyarados\n|move|p1a: Cyborg|Freeze-Dry|p2b: Gyarados\n|-supereffective|p2b: Gyarados\n|-damage|p2b: Gyarados|0 fnt\n|faint|p2b: Gyarados\n|move|p1b: Robin|Drain Punch|p2a: Garchomp\n|-supereffective|p2a: Garchomp\n|-damage|p2a: Garchomp|28\/100\n|-heal|p1b: Robin|69\/100|[from] drain|[of] p2a: Garchomp\n|-damage|p1b: Robin|57\/100|[from] ability: Rough Skin|[of] p2a: Garchomp\n|move|p2a: Garchomp|Earthquake|p1a: Cyborg|[spread] p1a,p1b\n|-damage|p1a: Cyborg|0 fnt\n|-damage|p1b: Robin|0 fnt\n|faint|p1a: Cyborg\n|-end|p1a: Cyborg|Quark Drive|[silent]\n|faint|p1b: Robin\n|\n|win|AnthonyL\n|raw|NicoHaxVGC's rating: 1462 → 1436<\/strong> (-26 for losing)\n|raw|AnthonyL's rating: 1358 → 1384<\/strong> (+26 for winning)\n|c|\u2606AnthonyL|ggs\n|c|\u2606NicoHaxVGC|gg\n","uploadtime":1682954599,"views":30,"p1id":"nicohaxvgc","p2id":"anthonyl","formatid":"gen9vgc2023regulationc","rating":1384,"private":0,"password":""}