{"id":"gen9vgc2023regulationc-1862390804","p1":"Nellicopter","p2":"L0LZ4N0m4","format":"[Gen 9] VGC 2023 Regulation C","log":"|j|\u2606Nellicopter\n|j|\u2606L0LZ4N0m4\n|t:|1683878144\n|gametype|doubles\n|player|p1|Nellicopter|scientistf|1320\n|player|p2|L0LZ4N0m4|aromalady|1315\n|teamsize|p1|6\n|teamsize|p2|6\n|gen|9\n|tier|[Gen 9] VGC 2023 Regulation C\n|rated|\n|rule|Species Clause: Limit one of each Pok\u00e9mon\n|rule|Item Clause: Limit one of each item\n|clearpoke\n|poke|p1|Chi-Yu, L50|\n|poke|p1|Dachsbun, L50, F|\n|poke|p1|Flutter Mane, L50|\n|poke|p1|Torkoal, L50, M|\n|poke|p1|Great Tusk, L50|\n|poke|p1|Murkrow, L50, M|\n|poke|p2|Tyranitar, L50, M|\n|poke|p2|Palafin, L50, F|\n|poke|p2|Kingambit, L50, M|\n|poke|p2|Flutter Mane, L50|\n|poke|p2|Arcanine, L50, F|\n|poke|p2|Amoonguss, L50, F|\n|teampreview|4\n|inactive|Battle timer is ON: inactive players will automatically lose when time's up. (requested by L0LZ4N0m4)\nNellicopter has agreed to open team sheets.\n|inactive|Nellicopter has 60 seconds left.\n|inactive|L0LZ4N0m4 has 60 seconds left.\n|\n|t:|1683878189\n|start\n|switch|p1a: Chi-Yu|Chi-Yu, L50|100\/100\n|switch|p1b: Dachsbun|Dachsbun, L50, F|100\/100\n|switch|p2a: Palafin|Palafin, L50, F|100\/100\n|switch|p2b: Tyranitar|Tyranitar, L50, M|100\/100\n|-ability|p1a: Chi-Yu|Beads of Ruin\n|-weather|Sandstorm|[from] ability: Sand Stream|[of] p2b: Tyranitar\n|turn|1\n|\n|t:|1683878205\n|switch|p1a: Torkoal|Torkoal, L50, M|100\/100\n|-weather|SunnyDay|[from] ability: Drought|[of] p1a: Torkoal\n|-item|p1a: Torkoal|Air Balloon\n|detailschange|p2a: Palafin|Palafin-Hero, L50, F\n|switch|p2a: Arcanine|Arcanine, L50, F|100\/100\n|-ability|p2a: Arcanine|Intimidate|boost\n|-unboost|p1a: Torkoal|atk|1\n|-unboost|p1b: Dachsbun|atk|1\n|move|p1b: Dachsbun|Yawn|p2a: Arcanine\n|-start|p2a: Arcanine|move: Yawn|[of] p1b: Dachsbun\n|move|p2b: Tyranitar|Rock Slide|p1b: Dachsbun|[spread] p1b\n|-miss|p2b: Tyranitar|p1a: Torkoal\n|-damage|p1b: Dachsbun|69\/100\n|\n|-weather|SunnyDay|[upkeep]\n|-heal|p1b: Dachsbun|76\/100|[from] item: Leftovers\n|upkeep\n|turn|2\n|inactive|L0LZ4N0m4 has 30 seconds left.\n|\n|t:|1683878239\n|switch|p2a: Palafin|Palafin-Hero, L50, F|100\/100\n|-activate|p2a: Palafin|ability: Zero to Hero\n|move|p1b: Dachsbun|Body Press|p2b: Tyranitar\n|-supereffective|p2b: Tyranitar\n|-crit|p2b: Tyranitar\n|-damage|p2b: Tyranitar|2\/100\n|move|p2b: Tyranitar|Rock Slide|p1a: Torkoal|[spread] p1a,p1b\n|-supereffective|p1a: Torkoal\n|-damage|p1a: Torkoal|62\/100\n|-damage|p1b: Dachsbun|48\/100\n|-enditem|p1a: Torkoal|Air Balloon\n|move|p1a: Torkoal|Lava Plume|p2b: Tyranitar|[spread] p2a,p2b\n|-ability|p1b: Dachsbun|Well-Baked Body|boost\n|-boost|p1b: Dachsbun|def|2\n|-resisted|p2a: Palafin\n|-resisted|p2b: Tyranitar\n|-damage|p2a: Palafin|85\/100\n|-damage|p2b: Tyranitar|0 fnt\n|faint|p2b: Tyranitar\n|\n|-weather|SunnyDay|[upkeep]\n|-heal|p1b: Dachsbun|54\/100|[from] item: Leftovers\n|upkeep\n|\n|t:|1683878255\n|switch|p2b: Arcanine|Arcanine, L50, F|100\/100\n|-ability|p2b: Arcanine|Intimidate|boost\n|-unboost|p1a: Torkoal|atk|1\n|-unboost|p1b: Dachsbun|atk|1\n|turn|3\n|\n|t:|1683878276\n|move|p1b: Dachsbun|Helping Hand|p1a: Torkoal\n|-singleturn|p1a: Torkoal|Helping Hand|[of] p1b: Dachsbun\n|move|p2b: Arcanine|Howl|p2b: Arcanine|[spread] p2a,p2b\n|-boost|p2a: Palafin|atk|1\n|-boost|p2b: Arcanine|atk|1\n|move|p2a: Palafin|Wave Crash|p1a: Torkoal\n|-supereffective|p1a: Torkoal\n|-damage|p1a: Torkoal|0 fnt\n|faint|p1a: Torkoal\n|-damage|p2a: Palafin|68\/100|[from] Recoil\n|\n|-weather|SunnyDay|[upkeep]\n|-heal|p1b: Dachsbun|60\/100|[from] item: Leftovers\n|upkeep\n|\n|t:|1683878288\n|switch|p1a: Chi-Yu|Chi-Yu, L50|100\/100\n|-ability|p1a: Chi-Yu|Beads of Ruin\n|turn|4\n|\n|t:|1683878298\n|-terastallize|p1a: Chi-Yu|Grass\n|move|p2b: Arcanine|Extreme Speed|p1a: Chi-Yu\n|-damage|p1a: Chi-Yu|50\/100\n|move|p2a: Palafin|Jet Punch|p1a: Chi-Yu\n|-resisted|p1a: Chi-Yu\n|-damage|p1a: Chi-Yu|22\/100\n|move|p1a: Chi-Yu|Tera Blast|p2a: Palafin\n|-supereffective|p2a: Palafin\n|-damage|p2a: Palafin|0 fnt\n|faint|p2a: Palafin\n|move|p1b: Dachsbun|Body Press|p2b: Arcanine\n|-damage|p2b: Arcanine|56\/100\n|\n|-weather|SunnyDay|[upkeep]\n|-heal|p1b: Dachsbun|67\/100|[from] item: Leftovers\n|upkeep\n|\n|t:|1683878303\n|switch|p2a: Flutter Mane|Flutter Mane, L50|100\/100\n|-activate|p2a: Flutter Mane|ability: Protosynthesis\n|-start|p2a: Flutter Mane|protosynthesisspa\n|turn|5\n|inactive|L0LZ4N0m4 has 30 seconds left.\n|inactive|L0LZ4N0m4 has 20 seconds left.\n|\n|t:|1683878339\n|move|p2b: Arcanine|Extreme Speed|p1a: Chi-Yu\n|-damage|p1a: Chi-Yu|0 fnt\n|faint|p1a: Chi-Yu\n|move|p2a: Flutter Mane|Shadow Ball|p1b: Dachsbun\n|-damage|p1b: Dachsbun|0 fnt\n|faint|p1b: Dachsbun\n|\n|-weather|none\n|-end|p2a: Flutter Mane|Protosynthesis\n|upkeep\n|\n|t:|1683878349\n|switch|p1b: Great Tusk|Great Tusk, L50|100\/100\n|turn|6\n|\n|t:|1683878364\n|move|p2b: Arcanine|Extreme Speed|p1b: Great Tusk\n|-damage|p1b: Great Tusk|80\/100\n|move|p2a: Flutter Mane|Shadow Ball|p1b: Great Tusk\n|-damage|p1b: Great Tusk|0 fnt\n|faint|p1b: Great Tusk\n|-end|p1b: Great Tusk|Protosynthesis|[silent]\n|\n|win|L0LZ4N0m4\n|raw|Nellicopter's rating: 1320 → 1300<\/strong> (-20 for losing)\n|raw|L0LZ4N0m4's rating: 1315 → 1335<\/strong> (+20 for winning)\n|l|\u2606Nellicopter\n","uploadtime":1683878371,"views":9,"p1id":"nellicopter","p2id":"l0lz4n0m4","formatid":"gen9vgc2023regulationc","rating":1300,"private":0,"password":""}