{"id":"gen9vgc2023regulationc-1848119657","p1":"benjc","p2":"slimejrlegit","format":"[Gen 9] VGC 2023 Regulation C","log":"|j|\u2606benjc\n|j|\u2606slimejrlegit\n|t:|1682031961\n|gametype|doubles\n|player|p1|benjc|preschooler|1171\n|player|p2|slimejrlegit|265|1251\n|teamsize|p1|6\n|teamsize|p2|6\n|gen|9\n|tier|[Gen 9] VGC 2023 Regulation C\n|rated|\n|rule|Species Clause: Limit one of each Pok\u00e9mon\n|rule|Item Clause: Limit one of each item\n|clearpoke\n|poke|p1|Talonflame, L50, F|\n|poke|p1|Wo-Chien, L50|\n|poke|p1|Iron Bundle, L50|\n|poke|p1|Great Tusk, L50|\n|poke|p1|Flutter Mane, L50|\n|poke|p1|Espathra, L50, M|\n|poke|p2|Chien-Pao, L50|\n|poke|p2|Oranguru, L50, M|\n|poke|p2|Garchomp, L50, F|\n|poke|p2|Bellibolt, L50, M|\n|poke|p2|Iron Bundle, L50|\n|poke|p2|Abomasnow, L50, M|\n|teampreview|4\n|inactive|Battle timer is ON: inactive players will automatically lose when time's up. (requested by benjc)\n|inactive|benjc has 60 seconds left.\n|inactive|slimejrlegit has 60 seconds left.\n|inactive|slimejrlegit has 30 seconds left.\n|\n|t:|1682032024\n|start\n|switch|p1a: Wo-Chien|Wo-Chien, L50|100\/100\n|switch|p1b: Espathra|Espathra, L50, M|100\/100\n|switch|p2a: OP FR|Chien-Pao, L50|100\/100\n|switch|p2b: Garchomp|Garchomp, L50, F|100\/100\n|-ability|p2a: OP FR|Sword of Ruin\n|-ability|p1a: Wo-Chien|Tablets of Ruin\n|turn|1\n|inactive|benjc has 30 seconds left.\n|\n|t:|1682032057\n|move|p1b: Espathra|Protect|p1b: Espathra\n|-singleturn|p1b: Espathra|Protect\n|move|p1a: Wo-Chien|Protect|p1a: Wo-Chien\n|-singleturn|p1a: Wo-Chien|Protect\n|move|p2b: Garchomp|Stomping Tantrum|p1b: Espathra\n|-activate|p1b: Espathra|move: Protect\n|move|p2a: OP FR|Ice Spinner|p1a: Wo-Chien\n|-activate|p1a: Wo-Chien|move: Protect\n|\n|-ability|p1b: Espathra|Speed Boost|boost\n|-boost|p1b: Espathra|spe|1\n|upkeep\n|turn|2\n|inactive|benjc has 30 seconds left.\n|\n|t:|1682032082\n|-terastallize|p1a: Wo-Chien|Poison\n|move|p1b: Espathra|Lumina Crash|p2b: Garchomp\n|-damage|p2b: Garchomp|64\/100\n|-unboost|p2b: Garchomp|spd|2\n|move|p2b: Garchomp|Stomping Tantrum|p1b: Espathra\n|-damage|p1b: Espathra|37\/100\n|move|p2a: OP FR|Ice Spinner|p1a: Wo-Chien\n|-damage|p1a: Wo-Chien|69\/100\n|move|p1a: Wo-Chien|Giga Drain|p2b: Garchomp\n|-damage|p2b: Garchomp|0 fnt\n|-heal|p1a: Wo-Chien|99\/100|[from] drain|[of] p2b: Garchomp\n|faint|p2b: Garchomp\n|\n|-heal|p1a: Wo-Chien|100\/100|[from] item: Leftovers\n|-ability|p1b: Espathra|Speed Boost|boost\n|-boost|p1b: Espathra|spe|1\n|upkeep\n|\n|t:|1682032101\n|switch|p2b: Bellibolt|Bellibolt, L50, M|100\/100\n|turn|3\n|\n|t:|1682032125\n|move|p2a: OP FR|Protect|p2a: OP FR\n|-singleturn|p2a: OP FR|Protect\n|move|p1b: Espathra|Light Screen|p1b: Espathra\n|-sidestart|p1: benjc|move: Light Screen\n|move|p1a: Wo-Chien|Growth|p1a: Wo-Chien\n|-boost|p1a: Wo-Chien|atk|1\n|-boost|p1a: Wo-Chien|spa|1\n|move|p2b: Bellibolt|Parabolic Charge|p1b: Espathra|[spread] p1a,p1b\n|-activate|p2a: OP FR|move: Protect\n|-crit|p1a: Wo-Chien\n|-damage|p1a: Wo-Chien|74\/100\n|-damage|p1b: Espathra|10\/100\n|\n|-heal|p1a: Wo-Chien|80\/100|[from] item: Leftovers\n|-ability|p1b: Espathra|Speed Boost|boost\n|-boost|p1b: Espathra|spe|1\n|upkeep\n|turn|4\n|inactive|slimejrlegit has 30 seconds left.\n|\n|t:|1682032151\n|move|p2a: OP FR|Sucker Punch|p1b: Espathra\n|-supereffective|p1b: Espathra\n|-damage|p1b: Espathra|0 fnt\n|faint|p1b: Espathra\n|move|p1a: Wo-Chien|Giga Drain|p2b: Bellibolt\n|-damage|p2b: Bellibolt|71\/100\n|-heal|p1a: Wo-Chien|96\/100|[from] drain|[of] p2b: Bellibolt\n|-start|p2b: Bellibolt|Charge|Giga Drain|[from] ability: Electromorphosis\n|move|p2b: Bellibolt|Parabolic Charge|p1a: Wo-Chien|[spread] p2a,p1a\n|-damage|p2a: OP FR|27\/100\n|-heal|p2b: Bellibolt|99\/100|[from] drain|[of] p2a: OP FR\n|-damage|p1a: Wo-Chien|73\/100\n|-heal|p2b: Bellibolt|100\/100|[from] drain|[of] p1a: Wo-Chien\n|-end|p2b: Bellibolt|Charge|[silent]\n|\n|-heal|p1a: Wo-Chien|79\/100|[from] item: Leftovers\n|upkeep\n|\n|t:|1682032172\n|switch|p1b: Talonflame|Talonflame, L50, F|100\/100\n|turn|5\n|\n|t:|1682032184\n|move|p2a: OP FR|Protect|p2a: OP FR\n|-singleturn|p2a: OP FR|Protect\n|move|p1b: Talonflame|Sunny Day|p1b: Talonflame\n|-weather|SunnyDay\n|move|p1a: Wo-Chien|Growth|p1a: Wo-Chien\n|-boost|p1a: Wo-Chien|atk|2\n|-boost|p1a: Wo-Chien|spa|2\n|move|p2b: Bellibolt|Parabolic Charge|p1a: Wo-Chien|[spread] p1a,p1b\n|-activate|p2a: OP FR|move: Protect\n|-supereffective|p1b: Talonflame\n|-damage|p1a: Wo-Chien|68\/100\n|-damage|p1b: Talonflame|57\/100\n|\n|-weather|SunnyDay|[upkeep]\n|-heal|p1a: Wo-Chien|74\/100|[from] item: Leftovers\n|upkeep\n|turn|6\n|\n|t:|1682032206\n|switch|p2a: Abomasnow|Abomasnow, L50, M|100\/100\n|-weather|Snow|[from] ability: Snow Warning|[of] p2a: Abomasnow\n|move|p1a: Wo-Chien|Protect|p1a: Wo-Chien\n|-singleturn|p1a: Wo-Chien|Protect\n|move|p1b: Talonflame|Brave Bird|p2a: Abomasnow\n|-supereffective|p2a: Abomasnow\n|-damage|p2a: Abomasnow|60\/100\n|-damage|p1b: Talonflame|43\/100|[from] Recoil\n|move|p2b: Bellibolt|Acid Spray|p1a: Wo-Chien\n|-activate|p1a: Wo-Chien|move: Protect\n|\n|-weather|Snow|[upkeep]\n|-heal|p1a: Wo-Chien|81\/100|[from] item: Leftovers\n|upkeep\n|turn|7\n|\n|t:|1682032227\n|move|p1b: Talonflame|Brave Bird|p2a: Abomasnow\n|-supereffective|p2a: Abomasnow\n|-damage|p2a: Abomasnow|19\/100\n|-damage|p1b: Talonflame|29\/100|[from] Recoil\n|move|p1a: Wo-Chien|Snarl|p2b: Bellibolt|[spread] p2a,p2b\n|-damage|p2a: Abomasnow|0 fnt\n|-damage|p2b: Bellibolt|75\/100\n|-unboost|p2b: Bellibolt|spa|1\n|-start|p2b: Bellibolt|Charge|Snarl|[from] ability: Electromorphosis\n|faint|p2a: Abomasnow\n|move|p2b: Bellibolt|Acid Spray|p1a: Wo-Chien\n|-resisted|p1a: Wo-Chien\n|-damage|p1a: Wo-Chien|79\/100\n|-unboost|p1a: Wo-Chien|spd|2\n|\n|-weather|Snow|[upkeep]\n|-heal|p1a: Wo-Chien|85\/100|[from] item: Leftovers\n|upkeep\n|\n|t:|1682032235\n|switch|p2a: OP FR|Chien-Pao, L50|27\/100\n|-ability|p2a: OP FR|Sword of Ruin\n|turn|8\n|\n|t:|1682032259\n|move|p2a: OP FR|Protect|p2a: OP FR\n|-singleturn|p2a: OP FR|Protect\n|move|p1a: Wo-Chien|Protect|p1a: Wo-Chien\n|-singleturn|p1a: Wo-Chien|Protect\n|move|p1b: Talonflame|Sunny Day|p1b: Talonflame\n|-weather|SunnyDay\n|move|p2b: Bellibolt|Parabolic Charge|p1a: Wo-Chien|[spread] p1b\n|-activate|p2a: OP FR|move: Protect\n|-activate|p1a: Wo-Chien|move: Protect\n|-supereffective|p1b: Talonflame\n|-damage|p1b: Talonflame|0 fnt\n|-heal|p2b: Bellibolt|88\/100|[from] drain|[of] p1b: Talonflame\n|faint|p1b: Talonflame\n|-end|p2b: Bellibolt|Charge|[silent]\n|\n|-weather|SunnyDay|[upkeep]\n|-heal|p1a: Wo-Chien|91\/100|[from] item: Leftovers\n|upkeep\n|\n|t:|1682032264\n|switch|p1b: Great Tusk|Great Tusk, L50|100\/100\n|-activate|p1b: Great Tusk|ability: Protosynthesis\n|-start|p1b: Great Tusk|protosynthesisatk\n|turn|9\n|\n|t:|1682032286\n|-terastallize|p2b: Bellibolt|Water\n|move|p2a: OP FR|Ice Spinner|p1b: Great Tusk\n|-supereffective|p1b: Great Tusk\n|-damage|p1b: Great Tusk|36\/100\n|move|p1b: Great Tusk|Headlong Rush|p2b: Bellibolt\n|-damage|p2b: Bellibolt|5\/100\n|-unboost|p1b: Great Tusk|def|1\n|-unboost|p1b: Great Tusk|spd|1\n|-start|p2b: Bellibolt|Charge|Headlong Rush|[from] ability: Electromorphosis\n|move|p1a: Wo-Chien|Giga Drain|p2a: OP FR\n|-damage|p2a: OP FR|0 fnt\n|-heal|p1a: Wo-Chien|100\/100|[from] drain|[of] p2a: OP FR\n|faint|p2a: OP FR\n|move|p2b: Bellibolt|Acid Spray|p1b: Great Tusk\n|-resisted|p1b: Great Tusk\n|-damage|p1b: Great Tusk|29\/100\n|-unboost|p1b: Great Tusk|spd|2\n|\n|-weather|SunnyDay|[upkeep]\n|upkeep\n|turn|10\n|c|\u2606benjc|ggs\n|\n|t:|1682032306\n|move|p1b: Great Tusk|Headlong Rush|p2b: Bellibolt\n|-damage|p2b: Bellibolt|0 fnt\n|-unboost|p1b: Great Tusk|def|1\n|-unboost|p1b: Great Tusk|spd|1\n|faint|p2b: Bellibolt\n|\n|win|benjc\n|raw|benjc's rating: 1171 → 1202<\/strong> (+31 for winning)\n|raw|slimejrlegit's rating: 1251 → 1220<\/strong> (-31 for losing)\n|l|\u2606slimejrlegit\n","uploadtime":1682032314,"views":11,"p1id":"benjc","p2id":"slimejrlegit","formatid":"gen9vgc2023regulationc","rating":1202,"private":0,"password":""}