{"id":"gen9vgc2023regulationc-1846402354","p1":"Bad Bax Balance","p2":"appokalypstik","format":"[Gen 9] VGC 2023 Regulation C","log":"|j|\u2606Bad Bax Balance\n|j|\u2606appokalypstik\n|t:|1681838011\n|gametype|doubles\n|player|p1|Bad Bax Balance|emmet|1401\n|player|p2|appokalypstik|roxie|1423\n|teamsize|p1|6\n|teamsize|p2|6\n|gen|9\n|tier|[Gen 9] VGC 2023 Regulation C\n|rated|\n|rule|Species Clause: Limit one of each Pok\u00e9mon\n|rule|Item Clause: Limit one of each item\n|clearpoke\n|poke|p1|Chi-Yu, L50|\n|poke|p1|Amoonguss, L50, F|\n|poke|p1|Gyarados, L50, M|\n|poke|p1|Iron Hands, L50|\n|poke|p1|Iron Bundle, L50|\n|poke|p1|Flutter Mane, L50|\n|poke|p2|Wo-Chien, L50|\n|poke|p2|Glimmora, L50, M|\n|poke|p2|Murkrow, L50, F|\n|poke|p2|Gholdengo, L50|\n|poke|p2|Great Tusk, L50|\n|poke|p2|Dragapult, L50, M|\n|teampreview|4\n|inactive|Battle timer is ON: inactive players will automatically lose when time's up. (requested by appokalypstik)\nappokalypstik rejected open team sheets.\n|inactive|Bad Bax Balance has 60 seconds left.\n|\n|t:|1681838065\n|start\n|switch|p1a: Iron Hands|Iron Hands, L50|100\/100\n|switch|p1b: Gyarados|Gyarados, L50, M|100\/100\n|switch|p2a: Great Tusk|Great Tusk, L50|100\/100\n|switch|p2b: Murkrow|Murkrow, L50, F|100\/100\n|-ability|p1b: Gyarados|Intimidate|boost\n|-unboost|p2a: Great Tusk|atk|1\n|-unboost|p2b: Murkrow|atk|1\n|turn|1\n|\n|t:|1681838081\n|switch|p2b: Dragapult|Dragapult, L50, M|100\/100\n|move|p1a: Iron Hands|Fake Out|p2a: Great Tusk\n|-damage|p2a: Great Tusk|90\/100\n|cant|p2a: Great Tusk|flinch\n|move|p1b: Gyarados|Waterfall|p2a: Great Tusk\n|-supereffective|p2a: Great Tusk\n|-damage|p2a: Great Tusk|36\/100\n|\n|upkeep\n|turn|2\n|\n|t:|1681838101\n|-terastallize|p2b: Dragapult|Dragon\n|move|p1b: Gyarados|Helping Hand|p1a: Iron Hands\n|-singleturn|p1a: Iron Hands|Helping Hand|[of] p1b: Gyarados\n|move|p2b: Dragapult|Draco Meteor|p1b: Gyarados\n|-damage|p1b: Gyarados|2\/100\n|-unboost|p2b: Dragapult|spa|2\n|move|p2a: Great Tusk|Headlong Rush|p1a: Iron Hands\n|-supereffective|p1a: Iron Hands\n|-damage|p1a: Iron Hands|17\/100\n|-unboost|p2a: Great Tusk|def|1\n|-unboost|p2a: Great Tusk|spd|1\n|move|p1a: Iron Hands|Drain Punch|p2a: Great Tusk\n|-damage|p2a: Great Tusk|0 fnt\n|-heal|p1a: Iron Hands|32\/100|[from] drain|[of] p2a: Great Tusk\n|faint|p2a: Great Tusk\n|-end|p2a: Great Tusk|Protosynthesis|[silent]\n|\n|upkeep\n|j| ale cog\n|\n|t:|1681838109\n|switch|p2a: Murkrow|Murkrow, L50, F|100\/100\n|turn|3\n|\n|t:|1681838127\n|move|p2b: Dragapult|Draco Meteor|p1a: Iron Hands\n|-damage|p1a: Iron Hands|0 fnt\n|-unboost|p2b: Dragapult|spa|2\n|faint|p1a: Iron Hands\n|-end|p1a: Iron Hands|Quark Drive|[silent]\n|move|p2a: Murkrow|Brave Bird|p1b: Gyarados\n|-damage|p1b: Gyarados|0 fnt\n|faint|p1b: Gyarados\n|-damage|p2a: Murkrow|99\/100|[from] Recoil\n|\n|upkeep\n|\n|t:|1681838130\n|switch|p1b: Chi-Yu|Chi-Yu, L50|100\/100\n|switch|p1a: Iron Bundle|Iron Bundle, L50|100\/100\n|-ability|p1b: Chi-Yu|Beads of Ruin\n|-enditem|p1a: Iron Bundle|Booster Energy\n|-activate|p1a: Iron Bundle|ability: Quark Drive|[fromitem]\n|-start|p1a: Iron Bundle|quarkdrivespe\n|turn|4\n|\n|t:|1681838139\n|switch|p2b: Wo-Chien-Goobs|Wo-Chien, L50|100\/100\n|-ability|p2b: Wo-Chien-Goobs|Tablets of Ruin\n|move|p2a: Murkrow|Tailwind|p2a: Murkrow\n|-sidestart|p2: appokalypstik|move: Tailwind\n|move|p1a: Iron Bundle|Icy Wind|p2a: Murkrow|[spread] p2a,p2b\n|-supereffective|p2a: Murkrow\n|-supereffective|p2b: Wo-Chien-Goobs\n|-damage|p2a: Murkrow|0 fnt\n|-damage|p2b: Wo-Chien-Goobs|66\/100\n|-unboost|p2b: Wo-Chien-Goobs|spe|1\n|faint|p2a: Murkrow\n|move|p1b: Chi-Yu|Dark Pulse|p2b: Wo-Chien-Goobs\n|-resisted|p2b: Wo-Chien-Goobs\n|-damage|p2b: Wo-Chien-Goobs|45\/100\n|\n|-heal|p2b: Wo-Chien-Goobs|52\/100|[from] item: Leftovers\n|upkeep\n|\n|t:|1681838143\n|switch|p2a: Dragapult|Dragapult, L50, M, tera:Dragon|100\/100\n|turn|5\n|\n|t:|1681838157\n|move|p2a: Dragapult|Draco Meteor|p1a: Iron Bundle\n|-crit|p1a: Iron Bundle\n|-damage|p1a: Iron Bundle|0 fnt\n|-unboost|p2a: Dragapult|spa|2\n|faint|p1a: Iron Bundle\n|-end|p1a: Iron Bundle|Quark Drive|[silent]\n|move|p1b: Chi-Yu|Dark Pulse|p2a: Dragapult\n|-damage|p2a: Dragapult|8\/100\n|move|p2b: Wo-Chien-Goobs|Ruination|p1b: Chi-Yu\n|-damage|p1b: Chi-Yu|50\/100\n|\n|-heal|p2b: Wo-Chien-Goobs|58\/100|[from] item: Leftovers\n|upkeep\n|turn|6\n|\n|t:|1681838164\n|-terastallize|p1b: Chi-Yu|Grass\n|move|p2a: Dragapult|Draco Meteor|p1b: Chi-Yu\n|-crit|p1b: Chi-Yu\n|-damage|p1b: Chi-Yu|0 fnt\n|-unboost|p2a: Dragapult|spa|2\n|faint|p1b: Chi-Yu\n|\n|win|appokalypstik\n|raw|Bad Bax Balance's rating: 1401 → 1382<\/strong> (-19 for losing)\n|raw|appokalypstik's rating: 1423 → 1442<\/strong> (+19 for winning)\n|l|\u2606Bad Bax Balance\n","uploadtime":1681838175,"views":9,"p1id":"badbaxbalance","p2id":"appokalypstik","formatid":"gen9vgc2023regulationc","rating":1382,"private":0,"password":""}