{"id":"gen9vgc2023regulationc-1858010044","p1":"SL1D","p2":"Donkey-Lu","format":"[Gen 9] VGC 2023 Regulation C","log":"|j|\u2606SL1D\n|j|\u2606Donkey-Lu\n|t:|1683259709\n|gametype|doubles\n|player|p1|SL1D|palmer|1178\n|player|p2|Donkey-Lu|169|1168\n|teamsize|p1|6\n|teamsize|p2|6\n|gen|9\n|tier|[Gen 9] VGC 2023 Regulation C\n|rated|\n|rule|Species Clause: Limit one of each Pok\u00e9mon\n|rule|Item Clause: Limit one of each item\n|clearpoke\n|poke|p1|Haxorus, L50, M|\n|poke|p1|Talonflame, L50, F|\n|poke|p1|Gyarados, L50, M|\n|poke|p1|Flutter Mane, L50|\n|poke|p1|Ting-Lu, L50|\n|poke|p1|Baxcalibur, L50, M|\n|poke|p2|Ting-Lu, L50|\n|poke|p2|Maushold, L50|\n|poke|p2|Glimmora, L50, M|\n|poke|p2|Gothitelle, L50, F|\n|poke|p2|Dragapult, L50, M|\n|poke|p2|Scream Tail, L50|\n|teampreview|4\n|inactive|Battle timer is ON: inactive players will automatically lose when time's up. (requested by SL1D)\n|\n|t:|1683259735\n|start\n|switch|p1a: Haxorus|Haxorus, L50, M, shiny|100\/100\n|switch|p1b: Gyarados|Gyarados, L50, M|100\/100\n|switch|p2a: Scream Tail|Scream Tail, L50|100\/100\n|switch|p2b: Dragapult|Dragapult, L50, M|100\/100\n|-ability|p1a: Haxorus|Mold Breaker\n|-ability|p1b: Gyarados|Intimidate|boost\n|-unboost|p2a: Scream Tail|atk|1\n|-fail|p2b: Dragapult|unboost|[from] ability: Clear Body|[of] p2b: Dragapult\n|-enditem|p2a: Scream Tail|Booster Energy\n|-activate|p2a: Scream Tail|ability: Protosynthesis|[fromitem]\n|-start|p2a: Scream Tail|protosynthesisspe\n|turn|1\n|inactive|Donkey-Lu has 30 seconds left.\n|inactive|Donkey-Lu has 20 seconds left.\n|inactive|Donkey-Lu has 15 seconds left.\n|\n|t:|1683259779\n|move|p2b: Dragapult|Protect|p2b: Dragapult\n|-singleturn|p2b: Dragapult|Protect\n|move|p1a: Haxorus|Protect|p1a: Haxorus\n|-singleturn|p1a: Haxorus|Protect\n|move|p2a: Scream Tail|Perish Song|p2a: Scream Tail\n|-start|p1a: Haxorus|perish3|[silent]\n|-start|p1b: Gyarados|perish3|[silent]\n|-start|p2a: Scream Tail|perish3|[silent]\n|-start|p2b: Dragapult|perish3|[silent]\n|-fieldactivate|move: Perish Song\n|move|p1b: Gyarados|Taunt|p2a: Scream Tail\n|-start|p2a: Scream Tail|move: Taunt\n|\n|-start|p2a: Scream Tail|perish3\n|-start|p2b: Dragapult|perish3\n|-start|p1a: Haxorus|perish3\n|-start|p1b: Gyarados|perish3\n|upkeep\n|turn|2\n|inactive|Donkey-Lu has 30 seconds left.\n|\n|t:|1683259813\n|-end|p2a: Scream Tail|Protosynthesis|[silent]\n|switch|p2a: Gothitelle|Gothitelle, L50, F|100\/100\n|switch|p1a: Baxcalibur|Baxcalibur, L50, M|100\/100\n|switch|p1b: Flutter Mane|Flutter Mane, L50, shiny|100\/100\n|-enditem|p1b: Flutter Mane|Booster Energy\n|-activate|p1b: Flutter Mane|ability: Protosynthesis|[fromitem]\n|-start|p1b: Flutter Mane|protosynthesisspe\n|move|p2b: Dragapult|U-turn|p1b: Flutter Mane\n|-resisted|p1b: Flutter Mane\n|-damage|p1b: Flutter Mane|92\/100\n|inactive|Donkey-Lu has 30 seconds left.\n|\n|t:|1683259838\n|switch|p2b: Ting-Lu|Ting-Lu, L50|100\/100|[from] U-turn\n|-ability|p2b: Ting-Lu|Vessel of Ruin\n|\n|upkeep\n|turn|3\n|\n|t:|1683259856\n|-terastallize|p1b: Flutter Mane|Water\n|-terastallize|p2a: Gothitelle|Grass\n|move|p2a: Gothitelle|Fake Out|p1a: Baxcalibur\n|-damage|p1a: Baxcalibur|96\/100\n|move|p1b: Flutter Mane|Shadow Ball|p2a: Gothitelle\n|-damage|p2a: Gothitelle|73\/100\n|cant|p1a: Baxcalibur|flinch\n|move|p2b: Ting-Lu|Earthquake|p1a: Baxcalibur|[spread] p2a,p1a,p1b\n|-resisted|p2a: Gothitelle\n|-damage|p2a: Gothitelle|61\/100\n|-damage|p1a: Baxcalibur|73\/100\n|-damage|p1b: Flutter Mane|54\/100\n|\n|upkeep\n|turn|4\n|inactive|Donkey-Lu has 30 seconds left.\n|inactive|Donkey-Lu has 20 seconds left.\n|\n|t:|1683259893\n|move|p2a: Gothitelle|Protect|p2a: Gothitelle\n|-singleturn|p2a: Gothitelle|Protect\n|move|p1b: Flutter Mane|Moonblast|p2b: Ting-Lu\n|-supereffective|p2b: Ting-Lu\n|-damage|p2b: Ting-Lu|63\/100\n|-unboost|p2b: Ting-Lu|spa|1\n|move|p1a: Baxcalibur|Icicle Spear|p2a: Gothitelle\n|-activate|p2a: Gothitelle|move: Protect\n|move|p2b: Ting-Lu|Ruination|p1a: Baxcalibur\n|-damage|p1a: Baxcalibur|37\/100\n|\n|-heal|p2b: Ting-Lu|69\/100|[from] item: Leftovers\n|upkeep\n|turn|5\n|inactive|Donkey-Lu has 30 seconds left.\n|\n|t:|1683259918\n|switch|p2a: Scream Tail|Scream Tail, L50|100\/100\n|move|p2b: Ting-Lu|Protect|p2b: Ting-Lu\n|-singleturn|p2b: Ting-Lu|Protect\n|move|p1b: Flutter Mane|Moonblast|p2b: Ting-Lu\n|-activate|p2b: Ting-Lu|move: Protect\n|move|p1a: Baxcalibur|Icicle Spear|p2a: Scream Tail\n|-damage|p2a: Scream Tail|88\/100\n|-damage|p2a: Scream Tail|75\/100\n|-damage|p2a: Scream Tail|63\/100\n|-damage|p2a: Scream Tail|50\/100\n|-hitcount|p2a: Scream Tail|4\n|\n|-heal|p2b: Ting-Lu|75\/100|[from] item: Leftovers\n|upkeep\n|turn|6\n|inactive|Donkey-Lu has 30 seconds left.\n|\n|t:|1683259944\n|switch|p2b: Gothitelle|Gothitelle, L50, F, tera:Grass|61\/100\n|move|p1b: Flutter Mane|Shadow Ball|p2a: Scream Tail\n|-supereffective|p2a: Scream Tail\n|-damage|p2a: Scream Tail|0 fnt\n|faint|p2a: Scream Tail\n|-end|p2a: Scream Tail|Protosynthesis|[silent]\n|move|p1a: Baxcalibur|Icicle Spear|p2b: Gothitelle\n|-supereffective|p2b: Gothitelle\n|-damage|p2b: Gothitelle|33\/100\n|-supereffective|p2b: Gothitelle\n|-damage|p2b: Gothitelle|4\/100\n|-enditem|p2b: Gothitelle|Iapapa Berry|[eat]\n|-heal|p2b: Gothitelle|38\/100|[from] item: Iapapa Berry\n|-supereffective|p2b: Gothitelle\n|-damage|p2b: Gothitelle|6\/100\n|-supereffective|p2b: Gothitelle\n|-damage|p2b: Gothitelle|0 fnt\n|faint|p2b: Gothitelle\n|-hitcount|p2: Gothitelle|4\n|\n|upkeep\n|n|!SL1D|sl1d\n|\n|t:|1683259962\n|switch|p2a: Ting-Lu|Ting-Lu, L50|75\/100\n|switch|p2b: Dragapult|Dragapult, L50, M|100\/100\n|-ability|p2a: Ting-Lu|Vessel of Ruin\n|turn|7\n|\n|t:|1683259984\n|move|p2b: Dragapult|Protect|p2b: Dragapult\n|-singleturn|p2b: Dragapult|Protect\n|move|p1a: Baxcalibur|Protect|p1a: Baxcalibur\n|-singleturn|p1a: Baxcalibur|Protect\n|move|p1b: Flutter Mane|Moonblast|p2b: Dragapult\n|-activate|p2b: Dragapult|move: Protect\n|move|p2a: Ting-Lu|Earthquake|p1a: Baxcalibur|[spread] p1b\n|-activate|p2b: Dragapult|move: Protect\n|-activate|p1a: Baxcalibur|move: Protect\n|-damage|p1b: Flutter Mane|18\/100\n|\n|-heal|p2a: Ting-Lu|81\/100|[from] item: Leftovers\n|upkeep\n|turn|8\n|\n|t:|1683260003\n|switch|p1a: Gyarados|Gyarados, L50, M|100\/100\n|-ability|p1a: Gyarados|Intimidate|boost\n|-unboost|p2a: Ting-Lu|atk|1\n|-fail|p2b: Dragapult|unboost|[from] ability: Clear Body|[of] p2b: Dragapult\n|move|p2b: Dragapult|Protect||[still]\n|-fail|p2b: Dragapult\n|move|p1b: Flutter Mane|Moonblast|p2b: Dragapult\n|-supereffective|p2b: Dragapult\n|-damage|p2b: Dragapult|9\/100\n|move|p2a: Ting-Lu|Earthquake|p1a: Gyarados|[spread] p2b,p1b\n|-immune|p1a: Gyarados\n|-damage|p2b: Dragapult|0 fnt\n|-damage|p1b: Flutter Mane|0 fnt\n|faint|p2b: Dragapult\n|faint|p1b: Flutter Mane\n|-end|p1b: Flutter Mane|Protosynthesis|[silent]\n|\n|-heal|p2a: Ting-Lu|88\/100|[from] item: Leftovers\n|upkeep\n|\n|t:|1683260019\n|switch|p1b: Baxcalibur|Baxcalibur, L50, M|37\/100\n|turn|9\n|-message|Donkey-Lu forfeited.\n|\n|win|SL1D\n|raw|SL1D's rating: 1178 → 1202<\/strong> (+24 for winning)\n|raw|Donkey-Lu's rating: 1168 → 1144<\/strong> (-24 for losing)\n|l|\u2606Donkey-Lu\n","uploadtime":1683259960,"views":4,"p1id":"sl1d","p2id":"donkeylu","formatid":"gen9vgc2023regulationc","rating":1144,"private":0,"password":""}