{"id":"gen9vgc2023regulationc-1847210472","p1":"JacobMe","p2":"tu'ko delimo","format":"[Gen 9] VGC 2023 Regulation C","log":"|j|\u2606JacobMe\n|j|\u2606tu'ko delimo\n|t:|1681928080\n|gametype|doubles\n|player|p1|JacobMe|veteran|1000\n|player|p2|tu'ko delimo|iono|1000\n|teamsize|p1|4\n|teamsize|p2|6\n|gen|9\n|tier|[Gen 9] VGC 2023 Regulation C\n|rated|\n|rule|Species Clause: Limit one of each Pok\u00e9mon\n|rule|Item Clause: Limit one of each item\n|clearpoke\n|poke|p1|Vespiquen, L50, F|\n|poke|p1|Zangoose, L50, M|\n|poke|p1|Clawitzer, L50, F|\n|poke|p1|Indeedee-F, L50, F|\n|poke|p2|Gyarados, L50, M|\n|poke|p2|Sylveon, L50, M|\n|poke|p2|Annihilape, L50, M|\n|poke|p2|Iron Hands, L50|\n|poke|p2|Chien-Pao, L50|\n|poke|p2|Rotom-Wash, L50|\n|teampreview|4\n|inactive|Battle timer is ON: inactive players will automatically lose when time's up. (requested by tu'ko delimo)\n|inactive|JacobMe also wants the timer to be on.\ntu'ko delimo rejected open team sheets.\n|inactive|JacobMe has 60 seconds left.\n|c|\u2606tu'ko delimo|that team, is interesting to say the least\n|inactive|JacobMe has 30 seconds left.\n|\n|t:|1681928148\n|start\n|switch|p1a: Indeedee|Indeedee-F, L50, F, shiny|100\/100\n|switch|p1b: Vespiquen|Vespiquen, L50, F, shiny|100\/100\n|switch|p2a: Rotom|Rotom-Wash, L50|100\/100\n|switch|p2b: Iron Hands|Iron Hands, L50|100\/100\n|-fieldstart|move: Psychic Terrain|[from] ability: Psychic Surge|[of] p1a: Indeedee\n|-enditem|p1a: Indeedee|Psychic Seed\n|-boost|p1a: Indeedee|spd|1|[from] item: Psychic Seed\n|-ability|p1b: Vespiquen|Pressure\n|-enditem|p2b: Iron Hands|Booster Energy\n|-activate|p2b: Iron Hands|ability: Quark Drive|[fromitem]\n|-start|p2b: Iron Hands|quarkdriveatk\n|turn|1\n|\n|t:|1681928167\n|-end|p2b: Iron Hands|Quark Drive|[silent]\n|switch|p2b: Chien-Pao|Chien-Pao, L50|100\/100\n|-ability|p2b: Chien-Pao|Sword of Ruin\n|move|p1a: Indeedee|Follow Me|p1a: Indeedee\n|-singleturn|p1a: Indeedee|move: Follow Me\n|move|p2a: Rotom|Thunderbolt|p1a: Indeedee\n|-damage|p1a: Indeedee|71\/100\n|move|p1b: Vespiquen|Defend Order|p1b: Vespiquen\n|-boost|p1b: Vespiquen|def|1\n|-boost|p1b: Vespiquen|spd|1\n|\n|upkeep\n|turn|2\n|\n|t:|1681928185\n|move|p2b: Chien-Pao|Swords Dance|p2b: Chien-Pao\n|-boost|p2b: Chien-Pao|atk|2\n|move|p1a: Indeedee|Heal Pulse|p1b: Vespiquen\n|-fail|p1b: Vespiquen|heal\n|move|p2a: Rotom|Volt Switch|p1a: Indeedee\n|-damage|p1a: Indeedee|49\/100\n|\n|t:|1681928195\n|switch|p2a: Annihilape|Annihilape, L50, M|100\/100|[from] Volt Switch\n|move|p1b: Vespiquen|Defend Order|p1b: Vespiquen\n|-boost|p1b: Vespiquen|def|1\n|-boost|p1b: Vespiquen|spd|1\n|\n|upkeep\n|turn|3\n|\n|t:|1681928216\n|move|p1a: Indeedee|Follow Me|p1a: Indeedee\n|-singleturn|p1a: Indeedee|move: Follow Me\n|move|p2b: Chien-Pao|Sacred Sword|p1a: Indeedee\n|-damage|p1a: Indeedee|0 fnt\n|faint|p1a: Indeedee\n|move|p2a: Annihilape|Bulk Up|p2a: Annihilape\n|-boost|p2a: Annihilape|atk|1\n|-boost|p2a: Annihilape|def|1\n|move|p1b: Vespiquen|Defend Order|p1b: Vespiquen\n|-boost|p1b: Vespiquen|def|1\n|-boost|p1b: Vespiquen|spd|1\n|\n|upkeep\n|\n|t:|1681928229\n|switch|p1a: Zangoose|Zangoose, L50, M, shiny|100\/100\n|turn|4\n|\n|t:|1681928240\n|move|p1a: Zangoose|Protect|p1a: Zangoose\n|-singleturn|p1a: Zangoose|Protect\n|move|p2b: Chien-Pao|Swords Dance|p2b: Chien-Pao\n|-boost|p2b: Chien-Pao|atk|2\n|move|p2a: Annihilape|Drain Punch|p1a: Zangoose\n|-activate|p1a: Zangoose|move: Protect\n|move|p1b: Vespiquen|Defend Order|p1b: Vespiquen\n|-boost|p1b: Vespiquen|def|1\n|-boost|p1b: Vespiquen|spd|1\n|\n|-damage|p1a: Zangoose|88\/100|[from] item: Black Sludge\n|upkeep\n|turn|5\n|inactive|JacobMe has 30 seconds left.\n|\n|t:|1681928266\n|move|p2b: Chien-Pao|Sacred Sword|p1b: Vespiquen\n|-resisted|p1b: Vespiquen\n|-damage|p1b: Vespiquen|74\/100\n|move|p1a: Zangoose|Gunk Shot|p2b: Chien-Pao\n|-damage|p2b: Chien-Pao|60\/100\n|move|p2a: Annihilape|Bulk Up|p2a: Annihilape\n|-boost|p2a: Annihilape|atk|1\n|-boost|p2a: Annihilape|def|1\n|move|p1b: Vespiquen|Toxic|p2b: Chien-Pao\n|-status|p2b: Chien-Pao|tox\n|\n|-damage|p1a: Zangoose|76\/100|[from] item: Black Sludge\n|-heal|p1b: Vespiquen|80\/100|[from] item: Leftovers\n|-damage|p2b: Chien-Pao|55\/100 tox|[from] psn\n|-fieldend|move: Psychic Terrain\n|upkeep\n|turn|6\n|inactive|JacobMe has 30 seconds left.\n|\n|t:|1681928292\n|move|p1b: Vespiquen|Protect|p1b: Vespiquen\n|-singleturn|p1b: Vespiquen|Protect\n|move|p2b: Chien-Pao|Sucker Punch|p1a: Zangoose\n|-damage|p1a: Zangoose|0 fnt\n|faint|p1a: Zangoose\n|move|p2a: Annihilape|Bulk Up|p2a: Annihilape\n|-boost|p2a: Annihilape|atk|1\n|-boost|p2a: Annihilape|def|1\n|\n|-heal|p1b: Vespiquen|87\/100|[from] item: Leftovers\n|-damage|p2b: Chien-Pao|43\/100 tox|[from] psn\n|upkeep\n|\n|t:|1681928300\n|switch|p1a: Clawitzer|Clawitzer, L50, F, shiny|100\/100\n|turn|7\n|\n|t:|1681928309\n|move|p2b: Chien-Pao|Protect|p2b: Chien-Pao\n|-singleturn|p2b: Chien-Pao|Protect\n|move|p2a: Annihilape|Drain Punch|p1a: Clawitzer\n|-damage|p1a: Clawitzer|0 fnt\n|faint|p1a: Clawitzer\n|move|p1b: Vespiquen|Roost|p1b: Vespiquen\n|-heal|p1b: Vespiquen|100\/100\n|-singleturn|p1b: Vespiquen|move: Roost\n|\n|-damage|p2b: Chien-Pao|26\/100 tox|[from] psn\n|upkeep\n|turn|8\n|\n|t:|1681928322\n|move|p1b: Vespiquen|Protect|p1b: Vespiquen\n|-singleturn|p1b: Vespiquen|Protect\n|move|p2b: Chien-Pao|Sacred Sword|p1b: Vespiquen\n|-activate|p1b: Vespiquen|move: Protect\n|move|p2a: Annihilape|Drain Punch|p1b: Vespiquen\n|-activate|p1b: Vespiquen|move: Protect\n|\n|-damage|p2b: Chien-Pao|2\/100 tox|[from] psn\n|upkeep\n|turn|9\n|\n|t:|1681928334\n|move|p2b: Chien-Pao|Sacred Sword|p1b: Vespiquen\n|-resisted|p1b: Vespiquen\n|-damage|p1b: Vespiquen|77\/100\n|move|p2a: Annihilape|Drain Punch|p1b: Vespiquen\n|-resisted|p1b: Vespiquen\n|-damage|p1b: Vespiquen|68\/100\n|move|p1b: Vespiquen|Defend Order|p1b: Vespiquen\n|-boost|p1b: Vespiquen|def|1\n|-boost|p1b: Vespiquen|spd|1\n|\n|-heal|p1b: Vespiquen|74\/100|[from] item: Leftovers\n|-damage|p2b: Chien-Pao|0 fnt|[from] psn\n|faint|p2b: Chien-Pao\n|upkeep\n|\n|t:|1681928343\n|switch|p2b: Iron Hands|Iron Hands, L50|100\/100\n|turn|10\n|\n|t:|1681928356\n|move|p1b: Vespiquen|Protect|p1b: Vespiquen\n|-singleturn|p1b: Vespiquen|Protect\n|move|p2b: Iron Hands|Fake Out|p1b: Vespiquen\n|-activate|p1b: Vespiquen|move: Protect\n|move|p2a: Annihilape|Bulk Up|p2a: Annihilape\n|-boost|p2a: Annihilape|atk|1\n|-boost|p2a: Annihilape|def|1\n|\n|-heal|p1b: Vespiquen|80\/100|[from] item: Leftovers\n|upkeep\n|turn|11\n|\n|t:|1681928371\n|move|p2a: Annihilape|Bulk Up|p2a: Annihilape\n|-boost|p2a: Annihilape|atk|1\n|-boost|p2a: Annihilape|def|1\n|move|p2b: Iron Hands|Play Rough|p1b: Vespiquen\n|-damage|p1b: Vespiquen|71\/100\n|move|p1b: Vespiquen|Toxic|p2b: Iron Hands\n|-status|p2b: Iron Hands|tox\n|\n|-heal|p1b: Vespiquen|77\/100|[from] item: Leftovers\n|-damage|p2b: Iron Hands|94\/100 tox|[from] psn\n|upkeep\n|turn|12\n|\n|t:|1681928383\n|move|p1b: Vespiquen|Protect|p1b: Vespiquen\n|-singleturn|p1b: Vespiquen|Protect\n|move|p2a: Annihilape|Bulk Up|p2a: Annihilape\n|-boost|p2a: Annihilape|atk|1\n|-boost|p2a: Annihilape|def|1\n|move|p2b: Iron Hands|Play Rough|p1b: Vespiquen\n|-activate|p1b: Vespiquen|move: Protect\n|\n|-heal|p1b: Vespiquen|83\/100|[from] item: Leftovers\n|-damage|p2b: Iron Hands|82\/100 tox|[from] psn\n|upkeep\n|turn|13\n|\n|t:|1681928400\n|move|p2a: Annihilape|Rage Fist|p1b: Vespiquen\n|-damage|p1b: Vespiquen|56\/100\n|move|p2b: Iron Hands|Play Rough|p1b: Vespiquen\n|-damage|p1b: Vespiquen|47\/100\n|move|p1b: Vespiquen|Toxic|p2a: Annihilape\n|-status|p2a: Annihilape|tox\n|\n|-heal|p1b: Vespiquen|53\/100|[from] item: Leftovers\n|-damage|p2a: Annihilape|95\/100 tox|[from] psn\n|-damage|p2b: Iron Hands|64\/100 tox|[from] psn\n|upkeep\n|turn|14\n|\n|t:|1681928416\n|move|p1b: Vespiquen|Protect|p1b: Vespiquen\n|-singleturn|p1b: Vespiquen|Protect\n|move|p2a: Annihilape|Rage Fist|p1b: Vespiquen\n|-activate|p1b: Vespiquen|move: Protect\n|move|p2b: Iron Hands|Close Combat|p1b: Vespiquen\n|-activate|p1b: Vespiquen|move: Protect\n|\n|-heal|p1b: Vespiquen|59\/100|[from] item: Leftovers\n|-damage|p2a: Annihilape|83\/100 tox|[from] psn\n|-damage|p2b: Iron Hands|39\/100 tox|[from] psn\n|upkeep\n|turn|15\n|\n|t:|1681928431\n|move|p2a: Annihilape|Drain Punch|p1b: Vespiquen\n|-resisted|p1b: Vespiquen\n|-damage|p1b: Vespiquen|49\/100\n|-heal|p2a: Annihilape|86\/100 tox|[from] drain|[of] p1b: Vespiquen\n|move|p2b: Iron Hands|Play Rough|p1b: Vespiquen\n|-damage|p1b: Vespiquen|40\/100\n|move|p1b: Vespiquen|Roost|p1b: Vespiquen\n|-heal|p1b: Vespiquen|90\/100\n|-singleturn|p1b: Vespiquen|move: Roost\n|\n|-heal|p1b: Vespiquen|96\/100|[from] item: Leftovers\n|-damage|p2a: Annihilape|69\/100 tox|[from] psn\n|-damage|p2b: Iron Hands|9\/100 tox|[from] psn\n|upkeep\n|turn|16\n|\n|t:|1681928449\n|-end|p2b: Iron Hands|Quark Drive|[silent]\n|switch|p2b: Rotom|Rotom-Wash, L50|100\/100\n|move|p1b: Vespiquen|Protect|p1b: Vespiquen\n|-singleturn|p1b: Vespiquen|Protect\n|move|p2a: Annihilape|Drain Punch|p1b: Vespiquen\n|-activate|p1b: Vespiquen|move: Protect\n|\n|-heal|p1b: Vespiquen|100\/100|[from] item: Leftovers\n|-damage|p2a: Annihilape|45\/100 tox|[from] psn\n|upkeep\n|-enditem|p2a: Annihilape|Sitrus Berry|[eat]\n|-heal|p2a: Annihilape|70\/100 tox|[from] item: Sitrus Berry\n|turn|17\n|\n|t:|1681928469\n|move|p2b: Rotom|Volt Switch|p1b: Vespiquen\n|-supereffective|p1b: Vespiquen\n|-damage|p1b: Vespiquen|83\/100\n|\n|t:|1681928473\n|switch|p2b: Iron Hands|Iron Hands, L50|9\/100 tox|[from] Volt Switch\n|move|p2a: Annihilape|Drain Punch|p1b: Vespiquen\n|-resisted|p1b: Vespiquen\n|-damage|p1b: Vespiquen|72\/100\n|-heal|p2a: Annihilape|74\/100 tox|[from] drain|[of] p1b: Vespiquen\n|move|p1b: Vespiquen|Defend Order|p1b: Vespiquen\n|-boost|p1b: Vespiquen|def|1\n|-boost|p1b: Vespiquen|spd|1\n|\n|-heal|p1b: Vespiquen|78\/100|[from] item: Leftovers\n|-damage|p2a: Annihilape|44\/100 tox|[from] psn\n|-damage|p2b: Iron Hands|3\/100 tox|[from] psn\n|upkeep\n|turn|18\n|\n|t:|1681928496\n|move|p1b: Vespiquen|Protect|p1b: Vespiquen\n|-singleturn|p1b: Vespiquen|Protect\n|move|p2a: Annihilape|Rage Fist|p1b: Vespiquen\n|-activate|p1b: Vespiquen|move: Protect\n|move|p2b: Iron Hands|Close Combat|p1b: Vespiquen\n|-activate|p1b: Vespiquen|move: Protect\n|\n|-heal|p1b: Vespiquen|85\/100|[from] item: Leftovers\n|-damage|p2a: Annihilape|9\/100 tox|[from] psn\n|-damage|p2b: Iron Hands|0 fnt|[from] psn\n|faint|p2b: Iron Hands\n|-end|p2b: Iron Hands|Quark Drive|[silent]\n|upkeep\n|\n|t:|1681928499\n|switch|p2b: Rotom|Rotom-Wash, L50|100\/100\n|turn|19\n|\n|t:|1681928514\n|move|p2b: Rotom|Thunderbolt|p1b: Vespiquen\n|-supereffective|p1b: Vespiquen\n|-damage|p1b: Vespiquen|60\/100\n|move|p2a: Annihilape|Drain Punch|p1b: Vespiquen\n|-resisted|p1b: Vespiquen\n|-damage|p1b: Vespiquen|51\/100\n|-heal|p2a: Annihilape|12\/100 tox|[from] drain|[of] p1b: Vespiquen\n|move|p1b: Vespiquen|Roost|p1b: Vespiquen\n|-heal|p1b: Vespiquen|100\/100\n|-singleturn|p1b: Vespiquen|move: Roost\n|\n|-damage|p2a: Annihilape|0 fnt|[from] psn\n|faint|p2a: Annihilape\n|upkeep\n|turn|20\n|\n|t:|1681928532\n|move|p2b: Rotom|Thunderbolt|p1b: Vespiquen\n|-supereffective|p1b: Vespiquen\n|-damage|p1b: Vespiquen|78\/100\n|move|p1b: Vespiquen|Toxic|p2b: Rotom\n|-status|p2b: Rotom|tox\n|\n|-heal|p1b: Vespiquen|85\/100|[from] item: Leftovers\n|-damage|p2b: Rotom|95\/100 tox|[from] psn\n|upkeep\n|turn|21\n|\n|t:|1681928543\n|move|p1b: Vespiquen|Protect|p1b: Vespiquen\n|-singleturn|p1b: Vespiquen|Protect\n|move|p2b: Rotom|Thunderbolt|p1b: Vespiquen\n|-activate|p1b: Vespiquen|move: Protect\n|\n|-heal|p2b: Rotom|100\/100 tox|[from] item: Leftovers\n|-heal|p1b: Vespiquen|91\/100|[from] item: Leftovers\n|-damage|p2b: Rotom|89\/100 tox|[from] psn\n|upkeep\n|turn|22\n|\n|t:|1681928552\n|move|p2b: Rotom|Thunderbolt|p1b: Vespiquen\n|-supereffective|p1b: Vespiquen\n|-damage|p1b: Vespiquen|66\/100\n|move|p1b: Vespiquen|Roost|p1b: Vespiquen\n|-heal|p1b: Vespiquen|100\/100\n|-singleturn|p1b: Vespiquen|move: Roost\n|\n|-heal|p2b: Rotom|95\/100 tox|[from] item: Leftovers\n|-damage|p2b: Rotom|78\/100 tox|[from] psn\n|upkeep\n|turn|23\n|\n|t:|1681928558\n|move|p1b: Vespiquen|Protect|p1b: Vespiquen\n|-singleturn|p1b: Vespiquen|Protect\n|move|p2b: Rotom|Thunderbolt|p1b: Vespiquen\n|-activate|p1b: Vespiquen|move: Protect\n|\n|-heal|p2b: Rotom|84\/100 tox|[from] item: Leftovers\n|-damage|p2b: Rotom|61\/100 tox|[from] psn\n|upkeep\n|turn|24\n|\n|t:|1681928570\n|move|p2b: Rotom|Thunderbolt|p1b: Vespiquen\n|-supereffective|p1b: Vespiquen\n|-damage|p1b: Vespiquen|78\/100\n|move|p1b: Vespiquen|Roost|p1b: Vespiquen\n|-heal|p1b: Vespiquen|100\/100\n|-singleturn|p1b: Vespiquen|move: Roost\n|\n|-heal|p2b: Rotom|67\/100 tox|[from] item: Leftovers\n|-damage|p2b: Rotom|39\/100 tox|[from] psn\n|upkeep\n|turn|25\n|\n|t:|1681928581\n|move|p1b: Vespiquen|Protect|p1b: Vespiquen\n|-singleturn|p1b: Vespiquen|Protect\n|move|p2b: Rotom|Thunderbolt|p1b: Vespiquen\n|-activate|p1b: Vespiquen|move: Protect\n|\n|-heal|p2b: Rotom|44\/100 tox|[from] item: Leftovers\n|-damage|p2b: Rotom|10\/100 tox|[from] psn\n|upkeep\n|turn|26\n|\n|t:|1681928591\n|move|p2b: Rotom|Thunderbolt|p1b: Vespiquen\n|-supereffective|p1b: Vespiquen\n|-damage|p1b: Vespiquen|76\/100\n|move|p1b: Vespiquen|Roost|p1b: Vespiquen\n|-heal|p1b: Vespiquen|100\/100\n|-singleturn|p1b: Vespiquen|move: Roost\n|\n|-heal|p2b: Rotom|16\/100 tox|[from] item: Leftovers\n|-damage|p2b: Rotom|0 fnt|[from] psn\n|faint|p2b: Rotom\n|\n|win|JacobMe\n|upkeep\n|raw|JacobMe's rating: 1000 → 1040<\/strong> (+40 for winning)\n|raw|tu'ko delimo's rating: 1000 → 1000<\/strong> (+0 for losing)\n|c|\u2606tu'ko delimo|ggs\n|l|\u2606tu'ko delimo\n|player|p1|JacobMe|veteran\n","uploadtime":1681928972,"views":17,"p1id":"jacobme","p2id":"tukodelimo","formatid":"gen9vgc2023regulationc","rating":1000,"private":0,"password":""}