{"id":"gen9vgc2023regulationc-1850459389","p1":"Lironss","p2":"Mike2811","format":"[Gen 9] VGC 2023 Regulation C","log":"|j|\u2606Lironss\n|j|\u2606Mike2811\n|t:|1682339218\n|gametype|doubles\n|player|p1|Lironss|265|1089\n|player|p2|Mike2811|steven|1136\n|teamsize|p1|6\n|teamsize|p2|6\n|gen|9\n|tier|[Gen 9] VGC 2023 Regulation C\n|rated|\n|rule|Species Clause: Limit one of each Pok\u00e9mon\n|rule|Item Clause: Limit one of each item\n|clearpoke\n|poke|p1|Gholdengo, L50|\n|poke|p1|Great Tusk, L50|\n|poke|p1|Iron Bundle, L50|\n|poke|p1|Talonflame, L50, F|\n|poke|p1|Amoonguss, L50, F|\n|poke|p1|Flutter Mane, L50|\n|poke|p2|Gyarados, L50, M|\n|poke|p2|Gothitelle, L50, M|\n|poke|p2|Amoonguss, L50, M|\n|poke|p2|Flutter Mane, L50|\n|poke|p2|Wo-Chien, L50|\n|poke|p2|Chi-Yu, L50|\n|teampreview|4\n|\n|t:|1682339266\n|start\n|switch|p1a: Iron Bundle|Iron Bundle, L50|100\/100\n|switch|p1b: Flutter Mane|Flutter Mane, L50|100\/100\n|switch|p2a: Amoonguss|Amoonguss, L50, M|100\/100\n|switch|p2b: Flutter Mane|Flutter Mane, L50|100\/100\n|-enditem|p1a: Iron Bundle|Booster Energy\n|-activate|p1a: Iron Bundle|ability: Quark Drive|[fromitem]\n|-start|p1a: Iron Bundle|quarkdrivespe\n|turn|1\n|\n|t:|1682339289\n|move|p1b: Flutter Mane|Protect|p1b: Flutter Mane\n|-singleturn|p1b: Flutter Mane|Protect\n|move|p2a: Amoonguss|Rage Powder|p2a: Amoonguss\n|-singleturn|p2a: Amoonguss|move: Rage Powder\n|move|p1a: Iron Bundle|Freeze-Dry|p2a: Amoonguss\n|-supereffective|p2a: Amoonguss\n|-damage|p2a: Amoonguss|56\/100\n|-enditem|p2a: Amoonguss|Eject Button\n|\n|t:|1682339296\n|switch|p2a: Gothitelle|Gothitelle, L50, M|100\/100\n|move|p2b: Flutter Mane|Perish Song|p2b: Flutter Mane\n|-start|p1a: Iron Bundle|perish3|[silent]\n|-start|p1b: Flutter Mane|perish3|[silent]\n|-start|p2a: Gothitelle|perish3|[silent]\n|-start|p2b: Flutter Mane|perish3|[silent]\n|-fieldactivate|move: Perish Song\n|\n|-start|p1a: Iron Bundle|perish3\n|-start|p2b: Flutter Mane|perish3\n|-start|p1b: Flutter Mane|perish3\n|-start|p2a: Gothitelle|perish3\n|upkeep\n|turn|2\n|\n|t:|1682339334\n|-terastallize|p1b: Flutter Mane|Fairy\n|-terastallize|p2a: Gothitelle|Fire\n|move|p2b: Flutter Mane|Protect|p2b: Flutter Mane\n|-singleturn|p2b: Flutter Mane|Protect\n|move|p2a: Gothitelle|Fake Out|p1a: Iron Bundle\n|-damage|p1a: Iron Bundle|94\/100\n|cant|p1a: Iron Bundle|flinch\n|move|p1b: Flutter Mane|Moonblast|p2b: Flutter Mane\n|-activate|p2b: Flutter Mane|move: Protect\n|\n|-start|p1a: Iron Bundle|perish2\n|-start|p2b: Flutter Mane|perish2\n|-start|p1b: Flutter Mane|perish2\n|-start|p2a: Gothitelle|perish2\n|upkeep\n|turn|3\n|\n|t:|1682339369\n|-end|p2b: Flutter Mane|Protosynthesis|[silent]\n|switch|p2b: Amoonguss|Amoonguss, L50, M|89\/100\n|move|p2a: Gothitelle|Protect|p2a: Gothitelle\n|-singleturn|p2a: Gothitelle|Protect\n|move|p1a: Iron Bundle|Hydro Pump|p2a: Gothitelle\n|-activate|p2a: Gothitelle|move: Protect\n|move|p1b: Flutter Mane|Power Gem|p2b: Amoonguss\n|-damage|p2b: Amoonguss|68\/100\n|\n|-start|p1a: Iron Bundle|perish1\n|-start|p1b: Flutter Mane|perish1\n|-start|p2a: Gothitelle|perish1\n|upkeep\n|turn|4\n|\n|t:|1682339392\n|switch|p2a: Gyarados|Gyarados, L50, M|100\/100\n|-ability|p2a: Gyarados|Intimidate|boost\n|-unboost|p1a: Iron Bundle|atk|1\n|-unboost|p1b: Flutter Mane|atk|1\n|move|p2b: Amoonguss|Protect|p2b: Amoonguss\n|-singleturn|p2b: Amoonguss|Protect\n|move|p1a: Iron Bundle|Hydro Pump|p2a: Gyarados\n|-resisted|p2a: Gyarados\n|-damage|p2a: Gyarados|76\/100\n|move|p1b: Flutter Mane|Dazzling Gleam|p2b: Amoonguss|[spread] p2a\n|-activate|p2b: Amoonguss|move: Protect\n|-damage|p2a: Gyarados|37\/100\n|\n|-start|p1a: Iron Bundle|perish0\n|-start|p1b: Flutter Mane|perish0\n|faint|p1a: Iron Bundle\n|-end|p1a: Iron Bundle|Quark Drive|[silent]\n|faint|p1b: Flutter Mane\n|-end|p1b: Flutter Mane|Protosynthesis|[silent]\n|upkeep\n|\n|t:|1682339411\n|switch|p1a: Amoonguss|Amoonguss, L50, F|100\/100\n|switch|p1b: Great Tusk|Great Tusk, L50|100\/100\n|turn|5\n|\n|t:|1682339459\n|move|p2b: Amoonguss|Rage Powder|p2b: Amoonguss\n|-singleturn|p2b: Amoonguss|move: Rage Powder\n|move|p1b: Great Tusk|Headlong Rush|p2b: Amoonguss\n|-damage|p2b: Amoonguss|12\/100\n|-unboost|p1b: Great Tusk|def|1\n|-unboost|p1b: Great Tusk|spd|1\n|move|p2a: Gyarados|Dragon Dance|p2a: Gyarados\n|-boost|p2a: Gyarados|atk|1\n|-boost|p2a: Gyarados|spe|1\n|move|p1a: Amoonguss|Pollen Puff|p1b: Great Tusk\n|-immune|p1b: Great Tusk\n|\n|upkeep\n|turn|6\n|\n|t:|1682339487\n|move|p1b: Great Tusk|Headlong Rush|p2b: Amoonguss\n|-damage|p2b: Amoonguss|0 fnt\n|-unboost|p1b: Great Tusk|def|1\n|-unboost|p1b: Great Tusk|spd|1\n|faint|p2b: Amoonguss\n|move|p2a: Gyarados|Waterfall|p1b: Great Tusk\n|-supereffective|p1b: Great Tusk\n|-damage|p1b: Great Tusk|0 fnt\n|faint|p1b: Great Tusk\n|-end|p1b: Great Tusk|Protosynthesis|[silent]\n|move|p1a: Amoonguss|Pollen Puff|p2a: Gyarados\n|-resisted|p2a: Gyarados\n|-damage|p2a: Gyarados|28\/100\n|\n|upkeep\n|-message|Lironss forfeited.\n|\n|win|Mike2811\n|raw|Lironss's rating: 1089 → 1069<\/strong> (-20 for losing)\n|raw|Mike2811's rating: 1136 → 1158<\/strong> (+22 for winning)\n|c|\u2606Mike2811|ez\n|l|\u2606Lironss\n","uploadtime":1682339514,"views":28,"p1id":"lironss","p2id":"mike2811","formatid":"gen9vgc2023regulationc","rating":1069,"private":0,"password":""}