{"id":"gen9vgc2023regulationc-1850627941","p1":"Hadrian1917","p2":"Malabu","format":"[Gen 9] VGC 2023 Regulation C","log":"|j|\u2606Hadrian1917\n|j|\u2606Malabu\n|t:|1682354272\n|gametype|doubles\n|player|p1|Hadrian1917|brock|1111\n|player|p2|Malabu|ingo|1041\n|teamsize|p1|6\n|teamsize|p2|6\n|gen|9\n|tier|[Gen 9] VGC 2023 Regulation C\n|rated|\n|rule|Species Clause: Limit one of each Pok\u00e9mon\n|rule|Item Clause: Limit one of each item\n|clearpoke\n|poke|p1|Flutter Mane, L50|\n|poke|p1|Arcanine, L50, M|\n|poke|p1|Baxcalibur, L50, F|\n|poke|p1|Ting-Lu, L50|\n|poke|p1|Gyarados, L50, M|\n|poke|p1|Amoonguss, L50, F|\n|poke|p2|Torkoal, L50, M|\n|poke|p2|Scovillain, L50, M|\n|poke|p2|Slither Wing, L50|\n|poke|p2|Lilligant, L50, F|\n|poke|p2|Ceruledge, L50, F|\n|poke|p2|Grimmsnarl, L50, M|\n|teampreview|4\n|\n|t:|1682354290\n|start\n|switch|p1a: Arcanine|Arcanine, L50, M|100\/100\n|switch|p1b: Baxcalibur|Baxcalibur, L50, F|100\/100\n|switch|p2a: Torkoal|Torkoal, L50, M|100\/100\n|switch|p2b: Scovillain|Scovillain, L50, M|100\/100\n|-ability|p1a: Arcanine|Intimidate|boost\n|-unboost|p2a: Torkoal|atk|1\n|-unboost|p2b: Scovillain|atk|1\n|-weather|SunnyDay|[from] ability: Drought|[of] p2a: Torkoal\n|turn|1\n|inactive|Battle timer is ON: inactive players will automatically lose when time's up. (requested by Hadrian1917)\n|\n|t:|1682354313\n|move|p1b: Baxcalibur|Protect|p1b: Baxcalibur\n|-singleturn|p1b: Baxcalibur|Protect\n|move|p2b: Scovillain|Flamethrower|p1b: Baxcalibur\n|-activate|p1b: Baxcalibur|move: Protect\n|move|p1a: Arcanine|Howl|p1a: Arcanine|[spread] p1a,p1b\n|-boost|p1a: Arcanine|atk|1\n|-boost|p1b: Baxcalibur|atk|1\n|move|p2a: Torkoal|Yawn|p1b: Baxcalibur\n|-activate|p1b: Baxcalibur|move: Protect\n|\n|-weather|SunnyDay|[upkeep]\n|upkeep\n|turn|2\n|inactive|Hadrian1917 has 30 seconds left.\n|\n|t:|1682354340\n|switch|p2b: Lilligant|Lilligant, L50, F, shiny|100\/100\n|move|p1a: Arcanine|Flare Blitz|p2a: Torkoal\n|-resisted|p2a: Torkoal\n|-damage|p2a: Torkoal|58\/100\n|-damage|p1a: Arcanine|88\/100|[from] Recoil\n|move|p1b: Baxcalibur|Glaive Rush|p2a: Torkoal\n|-damage|p2a: Torkoal|0 fnt\n|-singlemove|p1b: Baxcalibur|Glaive Rush|[silent]\n|faint|p2a: Torkoal\n|\n|-weather|SunnyDay|[upkeep]\n|upkeep\n|\n|t:|1682354349\n|switch|p2a: Slither Wing|Slither Wing, L50|100\/100\n|-activate|p2a: Slither Wing|ability: Protosynthesis\n|-start|p2a: Slither Wing|protosynthesisatk\n|turn|3\n|inactive|Malabu has 30 seconds left.\n|\n|t:|1682354377\n|-terastallize|p1b: Baxcalibur|Poison\n|move|p1a: Arcanine|Extreme Speed|p2b: Lilligant\n|-damage|p2b: Lilligant|51\/100\n|move|p1b: Baxcalibur|Ice Shard|p2b: Lilligant\n|-supereffective|p2b: Lilligant\n|-damage|p2b: Lilligant|0 fnt\n|faint|p2b: Lilligant\n|move|p2a: Slither Wing|Close Combat|p1b: Baxcalibur\n|-resisted|p1b: Baxcalibur\n|-damage|p1b: Baxcalibur|49\/100\n|-unboost|p2a: Slither Wing|def|1\n|-unboost|p2a: Slither Wing|spd|1\n|-damage|p2a: Slither Wing|90\/100|[from] item: Life Orb\n|\n|-weather|SunnyDay|[upkeep]\n|upkeep\n|\n|t:|1682354383\n|switch|p2b: Scovillain|Scovillain, L50, M|100\/100\n|turn|4\n|\n|t:|1682354404\n|move|p1b: Baxcalibur|Protect|p1b: Baxcalibur\n|-singleturn|p1b: Baxcalibur|Protect\n|move|p2b: Scovillain|Spicy Extract|p2a: Slither Wing\n|-boost|p2a: Slither Wing|atk|2\n|-unboost|p2a: Slither Wing|def|2\n|move|p2a: Slither Wing|Flare Blitz|p1b: Baxcalibur\n|-activate|p1b: Baxcalibur|move: Protect\n|move|p1a: Arcanine|Howl|p1a: Arcanine|[spread] p1a,p1b\n|-boost|p1a: Arcanine|atk|1\n|-boost|p1b: Baxcalibur|atk|1\n|\n|-weather|SunnyDay|[upkeep]\n|upkeep\n|turn|5\n|\n|t:|1682354428\n|move|p1a: Arcanine|Extreme Speed|p2a: Slither Wing\n|-damage|p2a: Slither Wing|0 fnt\n|faint|p2a: Slither Wing\n|-end|p2a: Slither Wing|Protosynthesis|[silent]\n|move|p1b: Baxcalibur|Ice Shard|p2b: Scovillain\n|-damage|p2b: Scovillain|20\/100\n|move|p2b: Scovillain|Will-O-Wisp|p1a: Arcanine\n|-immune|p1a: Arcanine\n|\n|-weather|SunnyDay|[upkeep]\n|upkeep\n|turn|6\n|-message|Malabu forfeited.\n|\n|win|Hadrian1917\n|raw|Hadrian1917's rating: 1111 → 1131<\/strong> (+20 for winning)\n|raw|Malabu's rating: 1041 → 1028<\/strong> (-13 for losing)\n|l|\u2606Malabu\n","uploadtime":1682354442,"views":19,"p1id":"hadrian1917","p2id":"malabu","formatid":"gen9vgc2023regulationc","rating":1028,"private":0,"password":""}