{"id":"gen9vgc2023regulationc-1845789606","p1":"Chaotic Raos","p2":"a b epep","format":"[Gen 9] VGC 2023 Regulation C","log":"|j|\u2606Chaotic Raos\n|j|\u2606a b epep\n|t:|1681764759\n|gametype|doubles\n|player|p1|Chaotic Raos|bellelba|1336\n|player|p2|a b epep|flannery|1338\n|teamsize|p1|6\n|teamsize|p2|6\n|gen|9\n|tier|[Gen 9] VGC 2023 Regulation C\n|rated|\n|rule|Species Clause: Limit one of each Pok\u00e9mon\n|rule|Item Clause: Limit one of each item\n|clearpoke\n|poke|p1|Iron Moth, L50|\n|poke|p1|Florges, L50, F|\n|poke|p1|Talonflame, L50, F|\n|poke|p1|Azumarill, L50, F|\n|poke|p1|Garchomp, L50, F|\n|poke|p1|Iron Hands, L50|\n|poke|p2|Leafeon, L50, M|\n|poke|p2|Torkoal, L50, M|\n|poke|p2|Ting-Lu, L50|\n|poke|p2|Dragonite, L50, F|\n|poke|p2|Flutter Mane, L50|\n|poke|p2|Palafin, L50, M|\n|teampreview|4\na b epep has agreed to open team sheets.\n|inactive|Battle timer is ON: inactive players will automatically lose when time's up. (requested by a b epep)\nChaotic Raos has agreed to open team sheets.\n|inactive|Chaotic Raos has 60 seconds left.\n|inactive|a b epep has 60 seconds left.\n|inactive|Chaotic Raos has 30 seconds left.\n|\n|t:|1681764833\n|start\n|switch|p1a: Brave Bird|Talonflame, L50, F|100\/100\n|switch|p1b: Iron Petals|Florges, L50, F|100\/100\n|switch|p2a: Palafin|Palafin, L50, M|100\/100\n|switch|p2b: Flutter Mane|Flutter Mane, L50|100\/100\n|turn|1\n|inactive|a b epep has 30 seconds left.\n|\n|t:|1681764859\n|move|p1a: Brave Bird|Tailwind|p1a: Brave Bird\n|-sidestart|p1: Chaotic Raos|move: Tailwind\n|move|p2a: Palafin|Jet Punch|p1a: Brave Bird\n|-supereffective|p1a: Brave Bird\n|-damage|p1a: Brave Bird|26\/100\n|move|p2b: Flutter Mane|Shadow Ball|p1a: Brave Bird\n|-damage|p1a: Brave Bird|0 fnt\n|faint|p1a: Brave Bird\n|move|p1b: Iron Petals|Chilling Water|p2a: Palafin\n|-resisted|p2a: Palafin\n|-damage|p2a: Palafin|90\/100\n|-unboost|p2a: Palafin|atk|1\n|-damage|p1b: Iron Petals|91\/100|[from] item: Life Orb\n|\n|upkeep\n|\n|t:|1681764872\n|switch|p1a: Silver Wing|Iron Moth, L50, shiny|100\/100\n|-enditem|p1a: Silver Wing|Booster Energy\n|-activate|p1b: Iron Petals|ability: Symbiosis|Life Orb|[of] p1a: Silver Wing\n|-activate|p1a: Silver Wing|ability: Quark Drive|[fromitem]\n|-start|p1a: Silver Wing|quarkdrivespa\n|turn|2\n|\n|t:|1681764895\n|detailschange|p2a: Palafin|Palafin-Hero, L50, M\n|switch|p2a: Ting-Lu|Ting-Lu, L50|100\/100\n|-ability|p2a: Ting-Lu|Vessel of Ruin\n|-terastallize|p1b: Iron Petals|Steel\n|move|p1b: Iron Petals|Helping Hand|p1a: Silver Wing\n|-singleturn|p1a: Silver Wing|Helping Hand|[of] p1b: Iron Petals\n|move|p1a: Silver Wing|Sludge Wave|p2b: Flutter Mane|[spread] p2a,p2b\n|-immune|p1b: Iron Petals\n|-resisted|p2a: Ting-Lu\n|-crit|p2a: Ting-Lu\n|-damage|p2a: Ting-Lu|69\/100\n|-damage|p2b: Flutter Mane|10\/100\n|-damage|p1a: Silver Wing|91\/100|[from] item: Life Orb\n|move|p2b: Flutter Mane|Shadow Ball|p1a: Silver Wing\n|-damage|p1a: Silver Wing|57\/100\n|\n|upkeep\n|turn|3\n|inactive|Chaotic Raos has 30 seconds left.\n|\n|t:|1681764925\n|move|p1a: Silver Wing|Fiery Dance|p2a: Ting-Lu\n|-damage|p2a: Ting-Lu|39\/100\n|-damage|p1a: Silver Wing|47\/100|[from] item: Life Orb\n|move|p2b: Flutter Mane|Taunt|p1b: Iron Petals\n|-start|p1b: Iron Petals|move: Taunt\n|move|p1b: Iron Petals|Chilling Water|p2b: Flutter Mane\n|-damage|p2b: Flutter Mane|0 fnt\n|faint|p2b: Flutter Mane\n|-end|p2b: Flutter Mane|Protosynthesis|[silent]\n|move|p2a: Ting-Lu|Stomping Tantrum|p1a: Silver Wing\n|-supereffective|p1a: Silver Wing\n|-crit|p1a: Silver Wing\n|-damage|p1a: Silver Wing|0 fnt\n|faint|p1a: Silver Wing\n|-end|p1a: Silver Wing|Quark Drive|[silent]\n|\n|upkeep\n|\n|t:|1681764943\n|switch|p2b: Dragonite|Dragonite, L50, F|100\/100\n|switch|p1a: Raid Champion|Azumarill, L50, F|100\/100\n|turn|4\n|\n|t:|1681764965\n|-terastallize|p2b: Dragonite|Normal\n|move|p2b: Dragonite|Extreme Speed|p1a: Raid Champion\n|-damage|p1a: Raid Champion|56\/100\n|move|p1b: Iron Petals|Chilling Water|p2b: Dragonite\n|-damage|p2b: Dragonite|96\/100\n|-unboost|p2b: Dragonite|atk|1\n|move|p1a: Raid Champion|Play Rough|p2a: Ting-Lu\n|-supereffective|p2a: Ting-Lu\n|-damage|p2a: Ting-Lu|0 fnt\n|faint|p2a: Ting-Lu\n|\n|-sideend|p1: Chaotic Raos|move: Tailwind\n|upkeep\n|\n|t:|1681764967\n|switch|p2a: Palafin|Palafin-Hero, L50, M|90\/100\n|-activate|p2a: Palafin|ability: Zero to Hero\n|turn|5\n|\n|t:|1681764991\n|move|p2b: Dragonite|Extreme Speed|p1a: Raid Champion\n|-damage|p1a: Raid Champion|22\/100\n|move|p2a: Palafin|Jet Punch|p1a: Raid Champion\n|-resisted|p1a: Raid Champion\n|-damage|p1a: Raid Champion|0 fnt\n|faint|p1a: Raid Champion\n|move|p1b: Iron Petals|Chilling Water|p2a: Palafin\n|-resisted|p2a: Palafin\n|-damage|p2a: Palafin|84\/100\n|-unboost|p2a: Palafin|atk|1\n|\n|-end|p1b: Iron Petals|move: Taunt\n|upkeep\n|turn|6\n|\n|t:|1681765003\n|move|p2a: Palafin|Close Combat|p1b: Iron Petals\n|-supereffective|p1b: Iron Petals\n|-damage|p1b: Iron Petals|25\/100\n|-unboost|p2a: Palafin|def|1\n|-unboost|p2a: Palafin|spd|1\n|move|p2b: Dragonite|Dragon Dance|p2b: Dragonite\n|-boost|p2b: Dragonite|atk|1\n|-boost|p2b: Dragonite|spe|1\n|move|p1b: Iron Petals|Moonblast|p2a: Palafin\n|-damage|p2a: Palafin|27\/100\n|-unboost|p2a: Palafin|spa|1\n|\n|upkeep\n|turn|7\n|\n|t:|1681765014\n|move|p2b: Dragonite|Dragon Claw|p1b: Iron Petals\n|-resisted|p1b: Iron Petals\n|-damage|p1b: Iron Petals|4\/100\n|move|p2a: Palafin|Close Combat|p1b: Iron Petals\n|-supereffective|p1b: Iron Petals\n|-damage|p1b: Iron Petals|0 fnt\n|-unboost|p2a: Palafin|def|1\n|-unboost|p2a: Palafin|spd|1\n|faint|p1b: Iron Petals\n|\n|win|a b epep\n|raw|Chaotic Raos's rating: 1336 → 1316<\/strong> (-20 for losing)\n|raw|a b epep's rating: 1338 → 1358<\/strong> (+20 for winning)\n","uploadtime":1681765024,"views":6,"p1id":"chaoticraos","p2id":"abepep","formatid":"gen9vgc2023regulationc","rating":1316,"private":0,"password":""}