{"id":"gen9vgc2023regulationc-1862127691","p1":"LegacyUX9","p2":"Aster Lyons","format":"[Gen 9] VGC 2023 Regulation C","log":"|j|\u2606LegacyUX9\n|j|\u2606Aster Lyons\n|t:|1683839881\n|gametype|doubles\n|player|p1|LegacyUX9|265|1154\n|player|p2|Aster Lyons|2|1255\n|teamsize|p1|6\n|teamsize|p2|6\n|gen|9\n|tier|[Gen 9] VGC 2023 Regulation C\n|rated|\n|rule|Species Clause: Limit one of each Pok\u00e9mon\n|rule|Item Clause: Limit one of each item\n|clearpoke\n|poke|p1|Grimmsnarl, L50, M|\n|poke|p1|Annihilape, L50, M|\n|poke|p1|Indeedee-F, L50, F|\n|poke|p1|Armarouge, L50, F|\n|poke|p1|Dondozo, L50, M|\n|poke|p1|Garganacl, L50, F|\n|poke|p2|Gyarados, L50, F|\n|poke|p2|Flutter Mane, L50|\n|poke|p2|Iron Hands, L50|\n|poke|p2|Volcarona, L50, F|\n|poke|p2|Roaring Moon, L50|\n|poke|p2|Amoonguss, L50, M|\n|teampreview|4\n|\n|t:|1683839916\n|start\n|switch|p1a: Grimmsnarl|Grimmsnarl, L50, M, shiny|100\/100\n|switch|p1b: Indeedee|Indeedee-F, L50, F, shiny|100\/100\n|switch|p2a: Amoonguss|Amoonguss, L50, M, shiny|100\/100\n|switch|p2b: Roaring Moon|Roaring Moon, L50|100\/100\n|-fieldstart|move: Psychic Terrain|[from] ability: Psychic Surge|[of] p1b: Indeedee\n|-enditem|p2b: Roaring Moon|Booster Energy\n|-activate|p2b: Roaring Moon|ability: Protosynthesis|[fromitem]\n|-start|p2b: Roaring Moon|protosynthesisatk\n|turn|1\n|\n|t:|1683839935\n|move|p1a: Grimmsnarl|Reflect|p1a: Grimmsnarl\n|-sidestart|p1: LegacyUX9|Reflect\n|move|p2b: Roaring Moon|Throat Chop|p1b: Indeedee\n|-supereffective|p1b: Indeedee\n|-damage|p1b: Indeedee|5\/100\n|-start|p1b: Indeedee|Throat Chop|[silent]\n|move|p2a: Amoonguss|Spore|p1b: Indeedee\n|-status|p1b: Indeedee|slp|[from] move: Spore\n|-enditem|p1b: Indeedee|Chesto Berry|[eat]\n|-curestatus|p1b: Indeedee|slp|[msg]\n|move|p1b: Indeedee|Trick Room|p1b: Indeedee\n|-fieldstart|move: Trick Room|[of] p1b: Indeedee\n|\n|upkeep\n|turn|2\n|\n|t:|1683839966\n|move|p2a: Amoonguss|Rage Powder|p2a: Amoonguss\n|-singleturn|p2a: Amoonguss|move: Rage Powder\n|move|p1b: Indeedee|Follow Me|p1b: Indeedee\n|-singleturn|p1b: Indeedee|move: Follow Me\n|move|p1a: Grimmsnarl|Spirit Break|p2a: Amoonguss\n|-resisted|p2a: Amoonguss\n|-damage|p2a: Amoonguss|86\/100\n|-unboost|p2a: Amoonguss|spa|1\n|move|p2b: Roaring Moon|Dragon Dance|p2b: Roaring Moon\n|-boost|p2b: Roaring Moon|atk|1\n|-boost|p2b: Roaring Moon|spe|1\n|\n|-end|p1b: Indeedee|Throat Chop|[silent]\n|upkeep\n|turn|3\n|\n|t:|1683839990\n|move|p2a: Amoonguss|Rage Powder|p2a: Amoonguss\n|-singleturn|p2a: Amoonguss|move: Rage Powder\n|move|p1a: Grimmsnarl|Spirit Break|p2a: Amoonguss\n|-resisted|p2a: Amoonguss\n|-damage|p2a: Amoonguss|72\/100\n|-unboost|p2a: Amoonguss|spa|1\n|move|p1b: Indeedee|Psyshock|p2a: Amoonguss\n|-supereffective|p2a: Amoonguss\n|-damage|p2a: Amoonguss|5\/100\n|-enditem|p2a: Amoonguss|Wiki Berry|[eat]\n|-heal|p2a: Amoonguss|39\/100|[from] item: Wiki Berry\n|move|p2b: Roaring Moon|Dragon Dance|p2b: Roaring Moon\n|-boost|p2b: Roaring Moon|atk|1\n|-boost|p2b: Roaring Moon|spe|1\n|\n|upkeep\n|turn|4\n|\n|t:|1683840016\n|switch|p2a: Flutter Mane|Flutter Mane, L50, shiny|100\/100\n|switch|p1b: Garganacl|Garganacl, L50, F|100\/100\n|-terastallize|p2b: Roaring Moon|Flying\n|move|p1a: Grimmsnarl|Spirit Break|p2b: Roaring Moon\n|-damage|p2b: Roaring Moon|56\/100\n|-unboost|p2b: Roaring Moon|spa|1\n|move|p2b: Roaring Moon|Acrobatics|p1a: Grimmsnarl\n|-damage|p1a: Grimmsnarl|0 fnt\n|faint|p1a: Grimmsnarl\n|\n|upkeep\n|\n|t:|1683840034\n|switch|p1a: Armarouge|Armarouge, L50, F|100\/100\n|turn|5\n|\n|t:|1683840045\n|move|p2b: Roaring Moon|Protect|p2b: Roaring Moon\n|-singleturn|p2b: Roaring Moon|Protect\n|move|p1b: Garganacl|Rock Slide|p2b: Roaring Moon|[spread] p2a\n|-activate|p2b: Roaring Moon|move: Protect\n|-crit|p2a: Flutter Mane\n|-damage|p2a: Flutter Mane|45\/100\n|move|p1a: Armarouge|Expanding Force|p2b: Roaring Moon|[spread] p2a\n|-activate|p2b: Roaring Moon|move: Protect\n|-damage|p2a: Flutter Mane|0 fnt\n|faint|p2a: Flutter Mane\n|-end|p2a: Flutter Mane|Protosynthesis|[silent]\n|\n|-fieldend|move: Trick Room\n|-fieldend|move: Psychic Terrain\n|upkeep\n|\n|t:|1683840060\n|switch|p2a: Iron Hands|Iron Hands, L50|100\/100\n|turn|6\n|\n|t:|1683840070\n|switch|p1b: Indeedee|Indeedee-F, L50, F, shiny|5\/100\n|-fieldstart|move: Psychic Terrain|[from] ability: Psychic Surge|[of] p1b: Indeedee\n|move|p2a: Iron Hands|Fake Out|p1a: Armarouge\n|-activate|p1a: Armarouge|move: Psychic Terrain\n|move|p2b: Roaring Moon|Throat Chop|p1b: Indeedee\n|-supereffective|p1b: Indeedee\n|-damage|p1b: Indeedee|0 fnt\n|faint|p1b: Indeedee\n|move|p1a: Armarouge|Expanding Force|p2b: Roaring Moon|[spread] p2a,p2b\n|-supereffective|p2a: Iron Hands\n|-damage|p2a: Iron Hands|40\/100\n|-damage|p2b: Roaring Moon|0 fnt\n|faint|p2b: Roaring Moon\n|-end|p2b: Roaring Moon|Protosynthesis|[silent]\n|\n|upkeep\n|\n|t:|1683840081\n|switch|p2b: Amoonguss|Amoonguss, L50, M, shiny|39\/100\n|switch|p1b: Garganacl|Garganacl, L50, F|100\/100\n|turn|7\n|\n|t:|1683840091\n|-terastallize|p1b: Garganacl|Ghost\n|move|p1a: Armarouge|Expanding Force|p2b: Amoonguss|[spread] p2a,p2b\n|-supereffective|p2a: Iron Hands\n|-supereffective|p2b: Amoonguss\n|-damage|p2a: Iron Hands|0 fnt\n|-damage|p2b: Amoonguss|0 fnt\n|faint|p2a: Iron Hands\n|-end|p2a: Iron Hands|Quark Drive|[silent]\n|faint|p2b: Amoonguss\n|\n|win|LegacyUX9\n|raw|LegacyUX9's rating: 1154 → 1186<\/strong> (+32 for winning)\n|raw|Aster Lyons's rating: 1255 → 1223<\/strong> (-32 for losing)\n|l|\u2606LegacyUX9\n","uploadtime":1683840107,"views":14,"p1id":"legacyux9","p2id":"asterlyons","formatid":"gen9vgc2023regulationc","rating":1186,"private":0,"password":""}