{"id":"gen9vgc2023regulationc-1857864134","p1":"AlvaroMoon","p2":"Hadrian1917","format":"[Gen 9] VGC 2023 Regulation C","log":"|j|\u2606AlvaroMoon\n|j|\u2606Hadrian1917\n|t:|1683240366\n|gametype|doubles\n|player|p1|AlvaroMoon|nate|1081\n|player|p2|Hadrian1917|brock|1127\n|teamsize|p1|6\n|teamsize|p2|6\n|gen|9\n|tier|[Gen 9] VGC 2023 Regulation C\n|rated|\n|rule|Species Clause: Limit one of each Pok\u00e9mon\n|rule|Item Clause: Limit one of each item\n|clearpoke\n|poke|p1|Garganacl, L50, M|\n|poke|p1|Glimmora, L50, F|\n|poke|p1|Amoonguss, L50, F|\n|poke|p1|Iron Bundle, L50|\n|poke|p1|Grafaiai, L50, F|\n|poke|p1|Skeledirge, L50, M|\n|poke|p2|Flutter Mane, L50|\n|poke|p2|Chi-Yu, L50|\n|poke|p2|Iron Hands, L50|\n|poke|p2|Ting-Lu, L50|\n|poke|p2|Gyarados, L50, F|\n|poke|p2|Amoonguss, L50, M|\n|teampreview|4\n|inactive|Battle timer is ON: inactive players will automatically lose when time's up. (requested by AlvaroMoon)\n|inactive|Hadrian1917 has 60 seconds left.\n|inactive|Hadrian1917 has 30 seconds left.\n|\n|t:|1683240433\n|start\n|switch|p1a: Glimmora|Glimmora, L50, F, shiny|100\/100\n|switch|p1b: Garganacl|Garganacl, L50, M, shiny|100\/100\n|switch|p2a: Chi-Yu|Chi-Yu, L50|100\/100\n|switch|p2b: Flutter Mane|Flutter Mane, L50|100\/100\n|-ability|p2a: Chi-Yu|Beads of Ruin\n|-enditem|p2b: Flutter Mane|Booster Energy\n|-activate|p2b: Flutter Mane|ability: Protosynthesis|[fromitem]\n|-start|p2b: Flutter Mane|protosynthesisspa\n|turn|1\n|inactive|Hadrian1917 has 30 seconds left.\n|\n|t:|1683240461\n|move|p2a: Chi-Yu|Protect|p2a: Chi-Yu\n|-singleturn|p2a: Chi-Yu|Protect\n|move|p1b: Garganacl|Wide Guard|p1b: Garganacl\n|-singleturn|p1b: Garganacl|Wide Guard\n|move|p2b: Flutter Mane|Substitute|p2b: Flutter Mane\n|-start|p2b: Flutter Mane|Substitute\n|-damage|p2b: Flutter Mane|76\/100\n|move|p1a: Glimmora|Mortal Spin|p2a: Chi-Yu|[spread] p2b\n|-activate|p2a: Chi-Yu|move: Protect\n|-activate|p2b: Flutter Mane|move: Substitute|[damage]\n|\n|upkeep\n|turn|2\n|inactive|Hadrian1917 has 30 seconds left.\n|inactive|Hadrian1917 has 20 seconds left.\n|inactive|Hadrian1917 has 15 seconds left.\n|\n|t:|1683240503\n|move|p2b: Flutter Mane|Shadow Ball|p1a: Glimmora\n|-damage|p1a: Glimmora|26\/100\n|move|p2a: Chi-Yu|Dark Pulse|p1a: Glimmora\n|-damage|p1a: Glimmora|0 fnt\n|faint|p1a: Glimmora\n|move|p1b: Garganacl|Salt Cure|p2a: Chi-Yu\n|-supereffective|p2a: Chi-Yu\n|-damage|p2a: Chi-Yu|59\/100\n|-start|p2a: Chi-Yu|Salt Cure\n|\n|-damage|p2a: Chi-Yu|47\/100|[from] Salt Cure\n|upkeep\n|\n|t:|1683240511\n|switch|p1a: Iron Bundle|Iron Bundle, L50, shiny|100\/100\n|-enditem|p1a: Iron Bundle|Booster Energy\n|-activate|p1a: Iron Bundle|ability: Quark Drive|[fromitem]\n|-start|p1a: Iron Bundle|quarkdrivespe\n|turn|3\n|inactive|Hadrian1917 has 30 seconds left.\n|inactive|Hadrian1917 has 20 seconds left.\n|\n|t:|1683240551\n|move|p1a: Iron Bundle|Icy Wind|p2a: Chi-Yu|[spread] p2a,p2b\n|-end|p2b: Flutter Mane|Substitute\n|-resisted|p2a: Chi-Yu\n|-damage|p2a: Chi-Yu|38\/100\n|-unboost|p2a: Chi-Yu|spe|1\n|move|p2b: Flutter Mane|Shadow Ball|p1b: Garganacl\n|-damage|p1b: Garganacl|67\/100\n|move|p2a: Chi-Yu|Dark Pulse|p1b: Garganacl\n|-damage|p1b: Garganacl|22\/100\n|cant|p1b: Garganacl|flinch\n|\n|-heal|p1b: Garganacl|28\/100|[from] item: Leftovers\n|-damage|p2a: Chi-Yu|26\/100|[from] Salt Cure\n|upkeep\n|turn|4\n|inactive|AlvaroMoon has 30 seconds left.\n|inactive|Hadrian1917 has 30 seconds left.\n|\n|t:|1683240583\n|switch|p2a: Gyarados|Gyarados, L50, F|100\/100\n|-ability|p2a: Gyarados|Intimidate|boost\n|-unboost|p1a: Iron Bundle|atk|1\n|-unboost|p1b: Garganacl|atk|1\n|move|p1b: Garganacl|Protect|p1b: Garganacl\n|-singleturn|p1b: Garganacl|Protect\n|move|p1a: Iron Bundle|Hydro Pump|p2b: Flutter Mane\n|-damage|p2b: Flutter Mane|14\/100\n|move|p2b: Flutter Mane|Moonblast|p1a: Iron Bundle\n|-damage|p1a: Iron Bundle|0 fnt\n|faint|p1a: Iron Bundle\n|-end|p1a: Iron Bundle|Quark Drive|[silent]\n|\n|-heal|p1b: Garganacl|33\/100|[from] item: Leftovers\n|upkeep\n|\n|t:|1683240595\n|switch|p1a: Skeledirge|Skeledirge, L50, M, shiny|100\/100\n|turn|5\n|inactive|Hadrian1917 has 30 seconds left.\n|\n|t:|1683240630\n|-terastallize|p1b: Garganacl|Bug\n|move|p2b: Flutter Mane|Shadow Ball|p1b: Garganacl\n|-damage|p1b: Garganacl|8\/100\n|move|p2a: Gyarados|Waterfall|p1a: Skeledirge\n|-supereffective|p1a: Skeledirge\n|-damage|p1a: Skeledirge|48\/100\n|move|p1a: Skeledirge|Torch Song|p2b: Flutter Mane\n|-damage|p2b: Flutter Mane|0 fnt\n|-boost|p1a: Skeledirge|spa|1\n|faint|p2b: Flutter Mane\n|-end|p2b: Flutter Mane|Protosynthesis|[silent]\n|-damage|p1a: Skeledirge|38\/100|[from] item: Life Orb\n|move|p1b: Garganacl|Recover|p1b: Garganacl\n|-heal|p1b: Garganacl|58\/100\n|\n|-heal|p1b: Garganacl|64\/100|[from] item: Leftovers\n|upkeep\n|\n|t:|1683240653\n|switch|p2b: Chi-Yu|Chi-Yu, L50|26\/100\n|-ability|p2b: Chi-Yu|Beads of Ruin\n|turn|6\n|\n|t:|1683240671\n|move|p2b: Chi-Yu|Protect|p2b: Chi-Yu\n|-singleturn|p2b: Chi-Yu|Protect\n|move|p1b: Garganacl|Protect|p1b: Garganacl\n|-singleturn|p1b: Garganacl|Protect\n|move|p2a: Gyarados|Waterfall|p1a: Skeledirge\n|-supereffective|p1a: Skeledirge\n|-damage|p1a: Skeledirge|0 fnt\n|faint|p1a: Skeledirge\n|\n|-heal|p1b: Garganacl|70\/100|[from] item: Leftovers\n|upkeep\n|turn|7\n|inactive|Hadrian1917 has 30 seconds left.\n|inactive|Hadrian1917 has 20 seconds left.\n|\n|t:|1683240706\n|move|p2b: Chi-Yu|Heat Wave|p1b: Garganacl\n|-supereffective|p1b: Garganacl\n|-crit|p1b: Garganacl\n|-damage|p1b: Garganacl|0 fnt\n|faint|p1b: Garganacl\n|\n|win|Hadrian1917\n|raw|AlvaroMoon's rating: 1081 → 1062<\/strong> (-19 for losing)\n|raw|Hadrian1917's rating: 1127 → 1149<\/strong> (+22 for winning)\n|l|\u2606AlvaroMoon\n","uploadtime":1683240714,"views":5,"p1id":"alvaromoon","p2id":"hadrian1917","formatid":"gen9vgc2023regulationc","rating":1062,"private":0,"password":""}