{"id":"gen9vgc2023regulationc-1859217039","p1":"la junta","p2":"tatsugirl i~","format":"[Gen 9] VGC 2023 Regulation C","log":"|j|\u2606la junta\n|j|\u2606tatsugirl i~\n|t:|1683419317\n|gametype|doubles\n|player|p1|la junta|169|\n|player|p2|tatsugirl i~|may-masters|\n|teamsize|p1|6\n|teamsize|p2|6\n|gen|9\n|tier|[Gen 9] VGC 2023 Regulation C\n|rated|Tournament battle\n|rule|Species Clause: Limit one of each Pok\u00e9mon\n|rule|Item Clause: Limit one of each item\n|clearpoke\n|poke|p1|Wo-Chien, L50|\n|poke|p1|Maushold-Four, L50|\n|poke|p1|Palafin, L50, F|\n|poke|p1|Iron Bundle, L50|\n|poke|p1|Chi-Yu, L50|\n|poke|p1|Annihilape, L50, F|\n|poke|p2|Corviknight, L50, M|\n|poke|p2|Rotom-Wash, L50|\n|poke|p2|Dragapult, L50, F|\n|poke|p2|Flutter Mane, L50|\n|poke|p2|Chi-Yu, L50|\n|poke|p2|Dachsbun, L50, F|\n|teampreview|4\n|raw| Open Team Sheet for la junta<\/summary>Ndombele (Wo-Chien) @ Assault Vest Ability: Tablets of Ruin Level: 50 Tera Type: Poison - Pollen Puff - Foul Play - Giga Drain - Ruination Curva A (Maushold-Four) @ Safety Goggles Ability: Friend Guard Level: 50 Tera Type: Ghost - Follow Me - Thunder Wave - Taunt - Protect Cholito (Palafin) @ Mystic Water Ability: Zero to Hero Level: 50 Tera Type: Grass - Wave Crash - Jet Punch - Haze - Protect Kvara (Iron Bundle) @ Booster Energy Ability: Quark Drive Level: 50 Tera Type: Ghost - Freeze-Dry - Encore - Icy Wind - Protect Politano (Chi-Yu) @ Focus Sash Ability: Beads of Ruin Level: 50 Tera Type: Water - Heat Wave - Dark Pulse - Nasty Plot - Protect Mario Rui (Annihilape) @ Leftovers Ability: Defiant Level: 50 Tera Type: Water - Drain Punch - Rage Fist - Bulk Up - Protect <\/details><\/div> Open Team Sheet for tatsugirl i~<\/summary>Corviknight @ Safety Goggles Ability: Mirror Armor Level: 50 Tera Type: Dragon - Iron Head - Body Press - Tailwind - Roost Rotom (Rotom-Wash) @ Sitrus Berry Ability: Levitate Level: 50 Tera Type: Grass - Hydro Pump - Thunderbolt - Eerie Impulse - Protect Dragapult @ Life Orb Ability: Clear Body Level: 50 Tera Type: Steel - Dragon Darts - Phantom Force - Will-O-Wisp - Protect Flutter Mane @ Booster Energy Ability: Protosynthesis Level: 50 Tera Type: Fairy - Shadow Ball - Moonblast - Dazzling Gleam - Protect Chi-Yu @ Charcoal Ability: Beads of Ruin Level: 50 Tera Type: Grass - Lava Plume - Heat Wave - Dark Pulse - Protect Dachsbun @ Leftovers Ability: Well-Baked Body Level: 50 Tera Type: Steel - Body Press - Play Rough - Yawn - Protect <\/details><\/div>\n|j|%Borghi\n|\n|t:|1683419387\n|start\n|switch|p1a: Ndombele|Wo-Chien, L50|100\/100\n|switch|p1b: Cholito|Palafin, L50, F|100\/100\n|switch|p2a: Flutter Mane|Flutter Mane, L50|100\/100\n|switch|p2b: Chi-Yu|Chi-Yu, L50|100\/100\n|-ability|p2b: Chi-Yu|Beads of Ruin\n|-ability|p1a: Ndombele|Tablets of Ruin\n|-enditem|p2a: Flutter Mane|Booster Energy\n|-activate|p2a: Flutter Mane|ability: Protosynthesis|[fromitem]\n|-start|p2a: Flutter Mane|protosynthesisspe\n|turn|1\n|c|%Borghi|tatsugirl i how does Dachs feel\n|\n|t:|1683419404\n|detailschange|p1b: Cholito|Palafin-Hero, L50, F\n|switch|p1b: Politano|Chi-Yu, L50|100\/100\n|-ability|p1b: Politano|Beads of Ruin\n|-terastallize|p1a: Ndombele|Poison\n|move|p2a: Flutter Mane|Protect|p2a: Flutter Mane\n|-singleturn|p2a: Flutter Mane|Protect\n|move|p2b: Chi-Yu|Lava Plume|p1b: Politano|[spread] p1a,p1b\n|-activate|p2a: Flutter Mane|move: Protect\n|-resisted|p1b: Politano\n|-damage|p1a: Ndombele|83\/100\n|-damage|p1b: Politano|84\/100\n|-status|p1a: Ndombele|brn\n|move|p1a: Ndombele|Ruination|p2a: Flutter Mane\n|-activate|p2a: Flutter Mane|move: Protect\n|\n|-damage|p1a: Ndombele|77\/100 brn|[from] brn\n|upkeep\n|turn|2\n|c|%Borghi|i keep thinking about it but havent tried it yet\n|c|\u2606tatsugirl i~|Borghi it kinda solo\n|c|\u2606tatsugirl i~|'d top 4\n|c|\u2606tatsugirl i~|altho the opp picked bad mons\n|c|\u2606tatsugirl i~|its kinda just fun\n|c|\u2606tatsugirl i~|havent made my mind either on it properly\n|c|\u2606tatsugirl i~|it goes crazy vs TR, especially tork ones, tho those are rare\n|\n|t:|1683419482\n|-end|p2a: Flutter Mane|Protosynthesis|[silent]\n|switch|p2a: Dachsbun|Dachsbun, L50, F|100\/100\n|move|p1b: Politano|Heat Wave|p2b: Chi-Yu|[spread] p2b\n|-ability|p2a: Dachsbun|Well-Baked Body|boost\n|-boost|p2a: Dachsbun|def|2\n|-resisted|p2b: Chi-Yu\n|-damage|p2b: Chi-Yu|81\/100\n|move|p2b: Chi-Yu|Lava Plume|p1b: Politano|[spread] p1a,p1b\n|-ability|p2a: Dachsbun|Well-Baked Body|boost\n|-boost|p2a: Dachsbun|def|2\n|-resisted|p1b: Politano\n|-damage|p1a: Ndombele|60\/100 brn\n|-damage|p1b: Politano|65\/100\n|move|p1a: Ndombele|Pollen Puff|p1b: Politano\n|-heal|p1b: Politano|100\/100\n|\n|-damage|p1a: Ndombele|54\/100 brn|[from] brn\n|upkeep\n|turn|3\n|\n|t:|1683419508\n|switch|p1a: Cholito|Palafin-Hero, L50, F|100\/100\n|-activate|p1a: Cholito|ability: Zero to Hero\n|move|p1b: Politano|Protect|p1b: Politano\n|-singleturn|p1b: Politano|Protect\n|move|p2a: Dachsbun|Protect|p2a: Dachsbun\n|-singleturn|p2a: Dachsbun|Protect\n|move|p2b: Chi-Yu|Dark Pulse|p1a: Cholito\n|-damage|p1a: Cholito|51\/100\n|\n|upkeep\n|turn|4\n|\n|t:|1683419535\n|-terastallize|p2b: Chi-Yu|Grass\n|move|p1b: Politano|Dark Pulse|p2a: Dachsbun\n|-resisted|p2a: Dachsbun\n|-damage|p2a: Dachsbun|60\/100\n|move|p2b: Chi-Yu|Lava Plume|p1b: Politano|[spread] p1a,p1b\n|-ability|p2a: Dachsbun|Well-Baked Body|boost\n|-boost|p2a: Dachsbun|def|2\n|-resisted|p1a: Cholito\n|-resisted|p1b: Politano\n|-damage|p1a: Cholito|29\/100\n|-damage|p1b: Politano|80\/100\n|move|p1a: Cholito|Haze|p1a: Cholito\n|-clearallboost\n|move|p2a: Dachsbun|Body Press|p1a: Cholito\n|-damage|p1a: Cholito|5\/100\n|\n|-heal|p2a: Dachsbun|67\/100|[from] item: Leftovers\n|upkeep\n|turn|5\n|l|%Borghi\n|\n|t:|1683419571\n|move|p2b: Chi-Yu|Protect|p2b: Chi-Yu\n|-singleturn|p2b: Chi-Yu|Protect\n|move|p1a: Cholito|Protect|p1a: Cholito\n|-singleturn|p1a: Cholito|Protect\n|move|p1b: Politano|Heat Wave|p2a: Dachsbun|[spread] \n|-activate|p2b: Chi-Yu|move: Protect\n|-ability|p2a: Dachsbun|Well-Baked Body|boost\n|-boost|p2a: Dachsbun|def|2\n|move|p2a: Dachsbun|Body Press|p1a: Cholito\n|-activate|p1a: Cholito|move: Protect\n|\n|-heal|p2a: Dachsbun|73\/100|[from] item: Leftovers\n|upkeep\n|turn|6\n|\n|t:|1683419583\n|switch|p2b: Rotom|Rotom-Wash, L50|100\/100\n|move|p1b: Politano|Heat Wave|p2b: Rotom|[spread] \n|-ability|p2a: Dachsbun|Well-Baked Body|boost\n|-boost|p2a: Dachsbun|def|2\n|-miss|p1b: Politano|p2b: Rotom\n|move|p1a: Cholito|Haze|p1a: Cholito\n|-clearallboost\n|move|p2a: Dachsbun|Body Press|p1a: Cholito\n|-damage|p1a: Cholito|0 fnt\n|faint|p1a: Cholito\n|\n|-heal|p2a: Dachsbun|79\/100|[from] item: Leftovers\n|upkeep\n|j|%Borghi\n|j| The2009Zapdos\n|\n|t:|1683419595\n|switch|p1a: Ndombele|Wo-Chien, L50, tera:Poison|54\/100 brn\n|-ability|p1a: Ndombele|Tablets of Ruin\n|turn|7\n|\n|t:|1683419608\n|move|p1b: Politano|Protect|p1b: Politano\n|-singleturn|p1b: Politano|Protect\n|move|p2b: Rotom|Protect|p2b: Rotom\n|-singleturn|p2b: Rotom|Protect\n|move|p2a: Dachsbun|Yawn|p1b: Politano\n|-activate|p1b: Politano|move: Protect\n|move|p1a: Ndombele|Giga Drain|p2b: Rotom\n|-activate|p2b: Rotom|move: Protect\n|\n|-heal|p2a: Dachsbun|85\/100|[from] item: Leftovers\n|-damage|p1a: Ndombele|48\/100 brn|[from] brn\n|upkeep\n|turn|8\n|\n|t:|1683419620\n|move|p1b: Politano|Dark Pulse|p2a: Dachsbun\n|-resisted|p2a: Dachsbun\n|-damage|p2a: Dachsbun|50\/100\n|move|p2b: Rotom|Thunderbolt|p1b: Politano\n|-damage|p1b: Politano|42\/100\n|cant|p2a: Dachsbun|flinch\n|move|p1a: Ndombele|Giga Drain|p2b: Rotom\n|-supereffective|p2b: Rotom\n|-damage|p2b: Rotom|38\/100\n|-heal|p1a: Ndombele|74\/100 brn|[from] drain|[of] p2b: Rotom\n|-enditem|p2b: Rotom|Sitrus Berry|[eat]\n|-heal|p2b: Rotom|63\/100|[from] item: Sitrus Berry\n|\n|-heal|p2a: Dachsbun|57\/100|[from] item: Leftovers\n|-damage|p1a: Ndombele|68\/100 brn|[from] brn\n|upkeep\n|turn|9\n|\n|t:|1683419639\n|move|p1b: Politano|Protect|p1b: Politano\n|-singleturn|p1b: Politano|Protect\n|move|p2b: Rotom|Protect|p2b: Rotom\n|-singleturn|p2b: Rotom|Protect\n|move|p2a: Dachsbun|Body Press|p1b: Politano\n|-activate|p1b: Politano|move: Protect\n|move|p1a: Ndombele|Giga Drain|p2b: Rotom\n|-activate|p2b: Rotom|move: Protect\n|\n|-heal|p2a: Dachsbun|63\/100|[from] item: Leftovers\n|-damage|p1a: Ndombele|62\/100 brn|[from] brn\n|upkeep\n|turn|10\n|\n|t:|1683419655\n|switch|p1b: Mario Rui|Annihilape, L50, F|100\/100\n|move|p2b: Rotom|Hydro Pump|p1b: Mario Rui\n|-damage|p1b: Mario Rui|66\/100\n|move|p2a: Dachsbun|Body Press|p1b: Mario Rui\n|-immune|p1b: Mario Rui\n|move|p1a: Ndombele|Giga Drain|p2b: Rotom\n|-supereffective|p2b: Rotom\n|-damage|p2b: Rotom|16\/100\n|-heal|p1a: Ndombele|82\/100 brn|[from] drain|[of] p2b: Rotom\n|\n|-heal|p2a: Dachsbun|69\/100|[from] item: Leftovers\n|-heal|p1b: Mario Rui|72\/100|[from] item: Leftovers\n|-damage|p1a: Ndombele|76\/100 brn|[from] brn\n|upkeep\n|turn|11\n|\n|t:|1683419668\n|move|p2b: Rotom|Protect|p2b: Rotom\n|-singleturn|p2b: Rotom|Protect\n|move|p2a: Dachsbun|Yawn|p1b: Mario Rui\n|-start|p1b: Mario Rui|move: Yawn|[of] p2a: Dachsbun\n|move|p1b: Mario Rui|Rage Fist|p2a: Dachsbun\n|-damage|p2a: Dachsbun|45\/100\n|move|p1a: Ndombele|Pollen Puff|p1b: Mario Rui\n|-heal|p1b: Mario Rui|100\/100\n|\n|-heal|p2a: Dachsbun|51\/100|[from] item: Leftovers\n|-damage|p1a: Ndombele|70\/100 brn|[from] brn\n|upkeep\n|turn|12\n|\n|t:|1683419692\n|switch|p1b: Politano|Chi-Yu, L50|42\/100\n|-ability|p1b: Politano|Beads of Ruin\n|move|p2a: Dachsbun|Protect|p2a: Dachsbun\n|-singleturn|p2a: Dachsbun|Protect\n|move|p2b: Rotom|Thunderbolt|p1a: Ndombele\n|-damage|p1a: Ndombele|51\/100 brn\n|move|p1a: Ndombele|Pollen Puff|p2b: Rotom\n|-crit|p2b: Rotom\n|-damage|p2b: Rotom|0 fnt\n|faint|p2b: Rotom\n|\n|-heal|p2a: Dachsbun|57\/100|[from] item: Leftovers\n|-damage|p1a: Ndombele|45\/100 brn|[from] brn\n|upkeep\n|\n|t:|1683419703\n|switch|p2b: Flutter Mane|Flutter Mane, L50|100\/100\n|turn|13\n|j| 3dpiss\n|\n|t:|1683419715\n|switch|p2a: Chi-Yu|Chi-Yu, L50, tera:Grass|81\/100\n|-ability|p2a: Chi-Yu|Beads of Ruin\n|move|p2b: Flutter Mane|Dazzling Gleam|p1b: Politano|[spread] p1a,p1b\n|-resisted|p1a: Ndombele\n|-damage|p1a: Ndombele|36\/100 brn\n|-damage|p1b: Politano|2\/100\n|move|p1b: Politano|Dark Pulse|p2b: Flutter Mane\n|-damage|p2b: Flutter Mane|42\/100\n|move|p1a: Ndombele|Giga Drain|p2b: Flutter Mane\n|-damage|p2b: Flutter Mane|12\/100\n|-heal|p1a: Ndombele|48\/100 brn|[from] drain|[of] p2b: Flutter Mane\n|\n|-damage|p1a: Ndombele|42\/100 brn|[from] brn\n|upkeep\n|turn|14\n|\n|t:|1683419744\n|move|p2b: Flutter Mane|Dazzling Gleam|p1a: Ndombele|[spread] p1a,p1b\n|-resisted|p1a: Ndombele\n|-damage|p1a: Ndombele|32\/100 brn\n|-damage|p1b: Politano|0 fnt\n|faint|p1b: Politano\n|move|p2a: Chi-Yu|Dark Pulse|p1a: Ndombele\n|-damage|p1a: Ndombele|12\/100 brn\n|move|p1a: Ndombele|Giga Drain|p2b: Flutter Mane\n|-damage|p2b: Flutter Mane|0 fnt\n|-heal|p1a: Ndombele|16\/100 brn|[from] drain|[of] p2b: Flutter Mane\n|faint|p2b: Flutter Mane\n|-end|p2b: Flutter Mane|Protosynthesis|[silent]\n|\n|-damage|p1a: Ndombele|10\/100 brn|[from] brn\n|upkeep\n|\n|t:|1683419753\n|switch|p2b: Dachsbun|Dachsbun, L50, F|57\/100\n|switch|p1b: Mario Rui|Annihilape, L50, F|100\/100\n|turn|15\n|\n|t:|1683419772\n|move|p2a: Chi-Yu|Dark Pulse|p1a: Ndombele\n|-damage|p1a: Ndombele|0 fnt\n|faint|p1a: Ndombele\n|move|p2b: Dachsbun|Yawn|p1b: Mario Rui\n|-start|p1b: Mario Rui|move: Yawn|[of] p2b: Dachsbun\n|move|p1b: Mario Rui|Rage Fist|p2a: Chi-Yu\n|-damage|p2a: Chi-Yu|28\/100\n|\n|-heal|p2b: Dachsbun|64\/100|[from] item: Leftovers\n|upkeep\n|turn|16\n|\n|t:|1683419780\n|move|p2a: Chi-Yu|Protect|p2a: Chi-Yu\n|-singleturn|p2a: Chi-Yu|Protect\n|move|p2b: Dachsbun|Protect|p2b: Dachsbun\n|-singleturn|p2b: Dachsbun|Protect\n|move|p1b: Mario Rui|Bulk Up|p1b: Mario Rui\n|-boost|p1b: Mario Rui|atk|1\n|-boost|p1b: Mario Rui|def|1\n|\n|-heal|p2b: Dachsbun|70\/100|[from] item: Leftovers\n|-end|p1b: Mario Rui|move: Yawn|[silent]\n|-status|p1b: Mario Rui|slp\n|upkeep\n|turn|17\n|\n|t:|1683419788\n|move|p2a: Chi-Yu|Lava Plume|p1b: Mario Rui|[spread] p1b\n|-ability|p2b: Dachsbun|Well-Baked Body|boost\n|-boost|p2b: Dachsbun|def|2\n|-damage|p1b: Mario Rui|66\/100 slp\n|move|p2b: Dachsbun|Play Rough|p1b: Mario Rui\n|-supereffective|p1b: Mario Rui\n|-damage|p1b: Mario Rui|31\/100 slp\n|cant|p1b: Mario Rui|slp\n|\n|-heal|p2b: Dachsbun|76\/100|[from] item: Leftovers\n|-heal|p1b: Mario Rui|38\/100 slp|[from] item: Leftovers\n|upkeep\n|turn|18\n|\n|t:|1683419797\n|move|p2a: Chi-Yu|Lava Plume|p1b: Mario Rui|[spread] p1b\n|-ability|p2b: Dachsbun|Well-Baked Body|boost\n|-boost|p2b: Dachsbun|def|2\n|-crit|p1b: Mario Rui\n|-damage|p1b: Mario Rui|0 fnt\n|faint|p1b: Mario Rui\n|\n|win|tatsugirl i~\n|n|\u2606la junta|lajunta\n|n|\u2606tatsugirl i~|tatsugirli\n|n| Borghi|borghi\n|n| The2009Zapdos|the2009zapdos\n|n| 3dpiss|3dpiss\n|l|\u2606tatsugirl i~\n|l|\u2606la junta\n|l| 3dpiss\n|l| Borghi\n|j|\u2606tatsugirl i~\n|player|p2|tatsugirl i~|may-masters\n","uploadtime":1683420098,"views":6,"p1id":"lajunta","p2id":"tatsugirli","formatid":"gen9vgc2023regulationc","rating":0,"private":0,"password":""}