{"id":"gen9vgc2023regulationc-1848135920","p1":"Reaper976","p2":"paultheconvincer","format":"[Gen 9] VGC 2023 Regulation C","log":"|j|\u2606Reaper976\n|j|\u2606paultheconvincer\n|t:|1682033876\n|gametype|doubles\n|player|p1|Reaper976|cyrus|\n|player|p2|paultheconvincer|2|\n|teamsize|p1|6\n|teamsize|p2|6\n|gen|9\n|tier|[Gen 9] VGC 2023 Regulation C\n|rule|Species Clause: Limit one of each Pok\u00e9mon\n|rule|Item Clause: Limit one of each item\n|clearpoke\n|poke|p1|Amoonguss, L50, F|\n|poke|p1|Ceruledge, L50, F|\n|poke|p1|Baxcalibur, L50, F|\n|poke|p1|Corviknight, L50, M|\n|poke|p1|Iron Valiant, L50|\n|poke|p1|Kingambit, L50, M|\n|poke|p2|Noivern, L50, F|\n|poke|p2|Great Tusk, L50|\n|poke|p2|Eelektross, L50, M|\n|poke|p2|Torkoal, L50, M|\n|poke|p2|Farigiraf, L50, F|\n|poke|p2|Brute Bonnet, L50|\n|teampreview|4\n|\n|t:|1682033887\n|start\n|switch|p1a: Amoonguss|Amoonguss, L50, F, shiny|100\/100\n|switch|p1b: Baxcalibur|Baxcalibur, L50, F, shiny|100\/100\n|switch|p2a: Noivern|Noivern, L50, F|100\/100\n|switch|p2b: Great Tusk|Great Tusk, L50|100\/100\n|-enditem|p2b: Great Tusk|Booster Energy\n|-activate|p2b: Great Tusk|ability: Protosynthesis|[fromitem]\n|-start|p2b: Great Tusk|protosynthesisatk\n|turn|1\n|\n|t:|1682033911\n|-terastallize|p2b: Great Tusk|Water\n|-terastallize|p1b: Baxcalibur|Grass\n|move|p1a: Amoonguss|Rage Powder|p1a: Amoonguss\n|-singleturn|p1a: Amoonguss|move: Rage Powder\n|move|p2a: Noivern|Air Slash|p1a: Amoonguss\n|-supereffective|p1a: Amoonguss\n|-damage|p1a: Amoonguss|48\/100\n|move|p2b: Great Tusk|Ice Spinner|p1a: Amoonguss\n|-supereffective|p1a: Amoonguss\n|-damage|p1a: Amoonguss|0 fnt\n|-damage|p2b: Great Tusk|84\/100|[from] item: Rocky Helmet|[of] p1a: Amoonguss\n|faint|p1a: Amoonguss\n|move|p1b: Baxcalibur|Dragon Dance|p1b: Baxcalibur\n|-boost|p1b: Baxcalibur|atk|1\n|-boost|p1b: Baxcalibur|spe|1\n|\n|upkeep\n|\n|t:|1682033927\n|switch|p1a: Iron Valiant|Iron Valiant, L50, shiny|100\/100\n|-enditem|p1a: Iron Valiant|Booster Energy\n|-activate|p1a: Iron Valiant|ability: Quark Drive|[fromitem]\n|-start|p1a: Iron Valiant|quarkdrivespe\n|turn|2\n|\n|t:|1682033959\n|move|p1a: Iron Valiant|Moonblast|p2a: Noivern\n|-supereffective|p2a: Noivern\n|-enditem|p2a: Noivern|Focus Sash\n|-damage|p2a: Noivern|1\/100\n|move|p1b: Baxcalibur|Glaive Rush|p1a: Iron Valiant\n|-immune|p1a: Iron Valiant\n|move|p2a: Noivern|Tailwind|p2a: Noivern\n|-sidestart|p2: paultheconvincer|move: Tailwind\n|move|p2b: Great Tusk|Ice Spinner|p1b: Baxcalibur\n|-supereffective|p1b: Baxcalibur\n|-damage|p1b: Baxcalibur|24\/100\n|\n|upkeep\n|turn|3\n|\n|t:|1682033983\n|move|p1a: Iron Valiant|Protect|p1a: Iron Valiant\n|-singleturn|p1a: Iron Valiant|Protect\n|move|p2a: Noivern|Air Slash|p1a: Iron Valiant\n|-activate|p1a: Iron Valiant|move: Protect\n|move|p2b: Great Tusk|Earthquake|p1b: Baxcalibur|[spread] p1b\n|-activate|p1a: Iron Valiant|move: Protect\n|-activate|p2a: Noivern|ability: Telepathy\n|-resisted|p1b: Baxcalibur\n|-damage|p1b: Baxcalibur|0 fnt\n|faint|p1b: Baxcalibur\n|\n|upkeep\n|\n|t:|1682033993\n|switch|p1b: Kingambit|Kingambit, L50, M, shiny|100\/100\n|turn|4\n|\n|t:|1682034018\n|move|p2a: Noivern|Protect|p2a: Noivern\n|-singleturn|p2a: Noivern|Protect\n|move|p1b: Kingambit|Protect|p1b: Kingambit\n|-singleturn|p1b: Kingambit|Protect\n|move|p2b: Great Tusk|Close Combat|p1b: Kingambit\n|-activate|p1b: Kingambit|move: Protect\n|move|p1a: Iron Valiant|Moonblast|p2b: Great Tusk\n|-damage|p2b: Great Tusk|9\/100\n|\n|upkeep\n|turn|5\n|\n|t:|1682034037\n|move|p1a: Iron Valiant|Wide Guard|p1a: Iron Valiant\n|-singleturn|p1a: Iron Valiant|Wide Guard\n|move|p2a: Noivern|Heat Wave|p1a: Iron Valiant|[spread] \n|-activate|p1a: Iron Valiant|move: Wide Guard\n|-activate|p1b: Kingambit|move: Wide Guard\n|move|p2b: Great Tusk|Close Combat|p1b: Kingambit\n|-supereffective|p1b: Kingambit\n|-damage|p1b: Kingambit|0 fnt\n|-unboost|p2b: Great Tusk|def|1\n|-unboost|p2b: Great Tusk|spd|1\n|faint|p1b: Kingambit\n|\n|-sideend|p2: paultheconvincer|move: Tailwind\n|upkeep\n|turn|6\n|c|\u2606Reaper976|Ggs my losing streak continues\n|\n|t:|1682034066\n|move|p1a: Iron Valiant|Moonblast|p2b: Great Tusk\n|-damage|p2b: Great Tusk|0 fnt\n|faint|p2b: Great Tusk\n|-end|p2b: Great Tusk|Protosynthesis|[silent]\n|move|p2a: Noivern|Tailwind|p2a: Noivern\n|-sidestart|p2: paultheconvincer|move: Tailwind\n|\n|upkeep\n|\n|t:|1682034076\n|switch|p2b: Eelektross|Eelektross, L50, M|100\/100\n|turn|7\n|\n|t:|1682034081\n|move|p2a: Noivern|Air Slash|p1a: Iron Valiant\n|-supereffective|p1a: Iron Valiant\n|-damage|p1a: Iron Valiant|0 fnt\n|faint|p1a: Iron Valiant\n|-end|p1a: Iron Valiant|Quark Drive|[silent]\n|\n|win|paultheconvincer\n|c|\u2606paultheconvincer|ggs\n|l|\u2606Reaper976\n","uploadtime":1682034087,"views":14,"p1id":"reaper976","p2id":"paultheconvincer","formatid":"gen9vgc2023regulationc","rating":0,"private":0,"password":""}