{"id":"gen9vgc2023regulationc-1847602743","p1":"Xepher008","p2":"tsumi88","format":"[Gen 9] VGC 2023 Regulation C","log":"|j|\u2606Xepher008\n|j|\u2606tsumi88\n|t:|1681980415\n|gametype|doubles\n|player|p1|Xepher008|2|1231\n|player|p2|tsumi88|169|1226\n|teamsize|p1|6\n|teamsize|p2|6\n|gen|9\n|tier|[Gen 9] VGC 2023 Regulation C\n|rated|\n|rule|Species Clause: Limit one of each Pok\u00e9mon\n|rule|Item Clause: Limit one of each item\n|clearpoke\n|poke|p1|Flutter Mane, L50|\n|poke|p1|Gastrodon, L50, F|\n|poke|p1|Chi-Yu, L50|\n|poke|p1|Chien-Pao, L50|\n|poke|p1|Dragonite, L50, F|\n|poke|p1|Amoonguss, L50, M|\n|poke|p2|Hatterene, L50, F|\n|poke|p2|Indeedee-F, L50, F|\n|poke|p2|Hariyama, L50, F|\n|poke|p2|Oranguru, L50, F|\n|poke|p2|Amoonguss, L50, M|\n|poke|p2|Ting-Lu, L50|\n|teampreview|4\n|inactive|Battle timer is ON: inactive players will automatically lose when time's up. (requested by tsumi88)\n|\n|t:|1681980442\n|start\n|switch|p1a: Chi-Yu|Chi-Yu, L50|100\/100\n|switch|p1b: Flutter Mane|Flutter Mane, L50|100\/100\n|switch|p2a: Hariyama|Hariyama, L50, F|100\/100\n|switch|p2b: Oranguru|Oranguru, L50, F|100\/100\n|-ability|p1a: Chi-Yu|Beads of Ruin\n|turn|1\n|\n|t:|1681980466\n|-terastallize|p1a: Chi-Yu|Ghost\n|-terastallize|p2a: Hariyama|Poison\n|move|p1b: Flutter Mane|Dazzling Gleam|p2a: Hariyama|[spread] p2a,p2b\n|-resisted|p2a: Hariyama\n|-damage|p2a: Hariyama|66\/100\n|-damage|p2b: Oranguru|51\/100\n|move|p1a: Chi-Yu|Dark Pulse|p2b: Oranguru\n|-supereffective|p2b: Oranguru\n|-damage|p2b: Oranguru|0 fnt\n|faint|p2b: Oranguru\n|move|p2a: Hariyama|Heavy Slam|p1b: Flutter Mane\n|-supereffective|p1b: Flutter Mane\n|-damage|p1b: Flutter Mane|0 fnt\n|faint|p1b: Flutter Mane\n|-end|p1b: Flutter Mane|Protosynthesis|[silent]\n|\n|-status|p2a: Hariyama|brn|[from] item: Flame Orb\n|upkeep\n|\n|t:|1681980489\n|switch|p1b: Amoonguss|Amoonguss, L50, M|100\/100\n|switch|p2b: Indeedee|Indeedee-F, L50, F|100\/100\n|-fieldstart|move: Psychic Terrain|[from] ability: Psychic Surge|[of] p2b: Indeedee\n|turn|2\n|\n|t:|1681980512\n|switch|p2a: Ting-Lu|Ting-Lu, L50|100\/100\n|-ability|p2a: Ting-Lu|Vessel of Ruin\n|move|p1b: Amoonguss|Rage Powder|p1b: Amoonguss\n|-singleturn|p1b: Amoonguss|move: Rage Powder\n|move|p1a: Chi-Yu|Dark Pulse|p2b: Indeedee\n|-supereffective|p2b: Indeedee\n|-damage|p2b: Indeedee|33\/100\n|move|p2b: Indeedee|Trick Room|p2b: Indeedee\n|-fieldstart|move: Trick Room|[of] p2b: Indeedee\n|\n|upkeep\n|turn|3\n|\n|t:|1681980536\n|move|p2b: Indeedee|Follow Me|p2b: Indeedee\n|-singleturn|p2b: Indeedee|move: Follow Me\n|move|p2a: Ting-Lu|Earthquake|p1a: Chi-Yu|[spread] p2b,p1a,p1b\n|-damage|p2b: Indeedee|0 fnt\n|-damage|p1a: Chi-Yu|36\/100\n|-damage|p1b: Amoonguss|69\/100\n|faint|p2b: Indeedee\n|move|p1b: Amoonguss|Spore|p2a: Ting-Lu\n|-status|p2a: Ting-Lu|slp|[from] move: Spore\n|move|p1a: Chi-Yu|Heat Wave|p2a: Ting-Lu\n|-damage|p2a: Ting-Lu|61\/100 slp\n|\n|upkeep\n|\n|t:|1681980544\n|switch|p2b: Hariyama|Hariyama, L50, F, tera:Poison|66\/100 brn\n|turn|4\n|\n|t:|1681980565\n|move|p1b: Amoonguss|Rage Powder|p1b: Amoonguss\n|-singleturn|p1b: Amoonguss|move: Rage Powder\n|cant|p2a: Ting-Lu|slp\n|move|p2b: Hariyama|Heavy Slam|p1b: Amoonguss\n|-damage|p1b: Amoonguss|15\/100\n|-damage|p2b: Hariyama|50\/100 brn|[from] item: Rocky Helmet|[of] p1b: Amoonguss\n|move|p1a: Chi-Yu|Heat Wave|p2b: Hariyama|[spread] p2a,p2b\n|-damage|p2a: Ting-Lu|34\/100 slp\n|-damage|p2b: Hariyama|7\/100 brn\n|\n|-damage|p2b: Hariyama|1\/100 brn|[from] brn\n|upkeep\n|turn|5\n|inactive|Xepher008 has 30 seconds left.\n|inactive|tsumi88 has 30 seconds left.\n|inactive|tsumi88 has 20 seconds left.\n|\n|t:|1681980603\n|switch|p1b: Gastrodon|Gastrodon, L50, F|100\/100\n|move|p1a: Chi-Yu|Protect|p1a: Chi-Yu\n|-singleturn|p1a: Chi-Yu|Protect\n|-curestatus|p2a: Ting-Lu|slp|[msg]\n|move|p2a: Ting-Lu|Stomping Tantrum|p1a: Chi-Yu\n|-activate|p1a: Chi-Yu|move: Protect\n|move|p2b: Hariyama|Heavy Slam|p1b: Gastrodon\n|-resisted|p1b: Gastrodon\n|-damage|p1b: Gastrodon|70\/100\n|\n|-damage|p2b: Hariyama|0 fnt|[from] brn\n|faint|p2b: Hariyama\n|upkeep\n|turn|6\n|inactive|Xepher008 has 30 seconds left.\n|\n|t:|1681980629\n|switch|p1a: Amoonguss|Amoonguss, L50, M|48\/100\n|move|p2a: Ting-Lu|Earthquake|p1a: Amoonguss|[spread] p1a,p1b\n|-damage|p1a: Amoonguss|18\/100\n|-damage|p1b: Gastrodon|30\/100\n|move|p1b: Gastrodon|Muddy Water|p2a: Ting-Lu\n|-supereffective|p2a: Ting-Lu\n|-damage|p2a: Ting-Lu|0 fnt\n|faint|p2a: Ting-Lu\n|\n|win|Xepher008\n|raw|Xepher008's rating: 1231 → 1256<\/strong> (+25 for winning)\n|raw|tsumi88's rating: 1226 → 1201<\/strong> (-25 for losing)\n","uploadtime":1681980644,"views":5,"p1id":"xepher008","p2id":"tsumi88","formatid":"gen9vgc2023regulationc","rating":1201,"private":0,"password":""}