{"id":"gen9vgc2023regulationc-1862263189","p1":"aed96","p2":"Bullish21","format":"[Gen 9] VGC 2023 Regulation C","log":"|j|\u2606aed96\n|j|\u2606Bullish21\n|t:|1683856758\n|gametype|doubles\n|player|p1|aed96|red-masters|\n|player|p2|Bullish21|riley|\n|teamsize|p1|6\n|teamsize|p2|6\n|gen|9\n|tier|[Gen 9] VGC 2023 Regulation C\n|rule|Species Clause: Limit one of each Pok\u00e9mon\n|rule|Item Clause: Limit one of each item\n|clearpoke\n|poke|p1|Amoonguss, L50, M|\n|poke|p1|Azumarill, L50, M|\n|poke|p1|Espeon, L50, F|\n|poke|p1|Eelektross, L50, F|\n|poke|p1|Dragapult, L50, F|\n|poke|p1|Dragonite, L50, F|\n|poke|p2|Brambleghast, L50, F|\n|poke|p2|Ursaring, L50, M|\n|poke|p2|Lucario, L50, F|\n|poke|p2|Indeedee-F, L50, F|\n|poke|p2|Sylveon, L50, F|\n|poke|p2|Hatterene, L50, F|\n|teampreview|4\n|c|\u2606aed96|g3\nBullish21 has agreed to open team sheets.\naed96 has agreed to open team sheets.\n|c|\u2606aed96|glhf\n|\n|t:|1683857225\n|start\n|switch|p1a: Dragapult|Dragapult, L50, F|100\/100\n|switch|p1b: Dragonite|Dragonite, L50, F|100\/100\n|switch|p2a: Hatterene|Hatterene, L50, F|100\/100\n|switch|p2b: Sylveon|Sylveon, L50, F|100\/100\n|turn|1\n|\n|t:|1683857242\n|-terastallize|p1b: Dragonite|Flying\n|move|p1a: Dragapult|Phantom Force||[still]\n|-prepare|p1a: Dragapult|Phantom Force\n|move|p1b: Dragonite|Tera Blast|p2b: Sylveon\n|-damage|p2b: Sylveon|21\/100\n|move|p2b: Sylveon|Hyper Voice|p1a: Dragapult|[spread] p1b\n|-miss|p2b: Sylveon|p1a: Dragapult\n|-damage|p1b: Dragonite|74\/100\n|move|p2a: Hatterene|Trick Room|p2a: Hatterene\n|-fieldstart|move: Trick Room|[of] p2a: Hatterene\n|\n|upkeep\n|turn|2\n|\n|t:|1683857270\n|move|p2a: Hatterene|Dazzling Gleam|p1a: Dragapult|[spread] p1b\n|-miss|p2a: Hatterene|p1a: Dragapult\n|-damage|p1b: Dragonite|41\/100\n|move|p2b: Sylveon|Hyper Voice|p1b: Dragonite|[spread] p1b\n|-miss|p2b: Sylveon|p1a: Dragapult\n|-damage|p1b: Dragonite|0 fnt\n|faint|p1b: Dragonite\n|move|p1a: Dragapult|Phantom Force|p2a: Hatterene|[from]lockedmove\n|-supereffective|p2a: Hatterene\n|-damage|p2a: Hatterene|0 fnt\n|faint|p2a: Hatterene\n|\n|upkeep\n|\n|t:|1683857291\n|switch|p2a: Brambleghast|Brambleghast, L50, F|100\/100\n|switch|p1b: Azumarill|Azumarill, L50, M|100\/100\n|turn|3\n|\n|t:|1683857301\n|switch|p1a: Espeon|Espeon, L50, F|100\/100\n|move|p1b: Azumarill|Aqua Jet|p2b: Sylveon\n|-damage|p2b: Sylveon|0 fnt\n|faint|p2b: Sylveon\n|-damage|p1b: Azumarill|91\/100|[from] item: Life Orb\n|move|p2a: Brambleghast|Power Whip|p1b: Azumarill\n|-supereffective|p1b: Azumarill\n|-damage|p1b: Azumarill|0 fnt\n|faint|p1b: Azumarill\n|\n|upkeep\n|\n|t:|1683857312\n|switch|p2b: Lucario|Lucario, L50, F|100\/100\n|switch|p1b: Dragapult|Dragapult, L50, F|100\/100\n|turn|4\n|\n|t:|1683857345\n|-terastallize|p2b: Lucario|Dark\n|move|p2a: Brambleghast|Shadow Sneak|p1b: Dragapult\n|-supereffective|p1b: Dragapult\n|-damage|p1b: Dragapult|50\/100\n|move|p2b: Lucario|Crunch|p1a: Espeon\n|-supereffective|p1a: Espeon\n|-damage|p1a: Espeon|0 fnt\n|faint|p1a: Espeon\n|move|p1b: Dragapult|Phantom Force||[still]\n|-prepare|p1b: Dragapult|Phantom Force\n|\n|upkeep\n|turn|5\n|c|\u2606aed96|ggwp wkwkwkw nice team\n|\n|t:|1683857365\n|move|p2b: Lucario|Crunch|p1b: Dragapult|[miss]\n|-miss|p2b: Lucario|p1b: Dragapult\n|move|p2a: Brambleghast|Beat Up|p2b: Lucario\n|-resisted|p2b: Lucario\n|-crit|p2b: Lucario\n|-damage|p2b: Lucario|93\/100\n|-ability|p2b: Lucario|Justified|boost\n|-boost|p2b: Lucario|atk|1\n|-resisted|p2b: Lucario\n|-damage|p2b: Lucario|88\/100\n|-ability|p2b: Lucario|Justified|boost\n|-boost|p2b: Lucario|atk|1\n|-hitcount|p2b: Lucario|2\n|move|p1b: Dragapult|Phantom Force|p2a: Brambleghast|[from]lockedmove\n|-supereffective|p2a: Brambleghast\n|-damage|p2a: Brambleghast|0 fnt\n|faint|p2a: Brambleghast\n|\n|-fieldend|move: Trick Room\n|upkeep\n|turn|6\n|\n|t:|1683857409\n|move|p2b: Lucario|Bullet Punch|p1b: Dragapult\n|-damage|p1b: Dragapult|0 fnt\n|faint|p1b: Dragapult\n|\n|win|Bullish21\n|c|\u2606Bullish21|gg\n|c|\u2606aed96|ggwp\n|c|\u2606Bullish21|seru haha\n|c|\u2606Bullish21|tq my bro\n|c|\u2606aed96|wkwkwkwk report replays yah\n|c|\u2606Bullish21|siap\n","uploadtime":1683857524,"views":14,"p1id":"aed96","p2id":"bullish21","formatid":"gen9vgc2023regulationc","rating":0,"private":0,"password":""}