{"id":"gen9vgc2023regulationc-1856686293","p1":"Cozy Snail","p2":"confusedkfin","format":"[Gen 9] VGC 2023 Regulation C","log":"|j|\u2606Cozy Snail\n|j|\u2606confusedkfin\n|t:|1683094433\n|gametype|doubles\n|player|p1|Cozy Snail|fisherman-gen4|1324\n|player|p2|confusedkfin|170|1427\n|teamsize|p1|6\n|teamsize|p2|6\n|gen|9\n|tier|[Gen 9] VGC 2023 Regulation C\n|rated|\n|rule|Species Clause: Limit one of each Pok\u00e9mon\n|rule|Item Clause: Limit one of each item\n|clearpoke\n|poke|p1|Flutter Mane, L50|\n|poke|p1|Palafin, L50, M|\n|poke|p1|Arcanine, L50, M|\n|poke|p1|Amoonguss, L50, F|\n|poke|p1|Ting-Lu, L50|\n|poke|p1|Iron Hands, L50|\n|poke|p2|Iron Bundle, L50|\n|poke|p2|Baxcalibur, L50, F|\n|poke|p2|Abomasnow, L50, M|\n|poke|p2|Chi-Yu, L50|\n|poke|p2|Gyarados, L50, F|\n|poke|p2|Annihilape, L50, M|\n|teampreview|4\nconfusedkfin has agreed to open team sheets.\nCozy Snail has agreed to open team sheets.\n|\n|t:|1683094488\n|start\n|switch|p1a: Iron Hands|Iron Hands, L50|100\/100\n|switch|p1b: Ting-Lu|Ting-Lu, L50|100\/100\n|switch|p2a: Annihilape|Annihilape, L50, M|100\/100\n|switch|p2b: Abomasnow|Abomasnow, L50, M|100\/100\n|-weather|Snow|[from] ability: Snow Warning|[of] p2b: Abomasnow\n|-ability|p1b: Ting-Lu|Vessel of Ruin\n|turn|1\n|\n|t:|1683094521\n|switch|p2b: Gyarados|Gyarados, L50, F, shiny|100\/100\n|-ability|p2b: Gyarados|Intimidate|boost\n|-unboost|p1a: Iron Hands|atk|1\n|-unboost|p1b: Ting-Lu|atk|1\n|move|p1a: Iron Hands|Fake Out|p2b: Gyarados\n|-damage|p2b: Gyarados|91\/100\n|move|p2a: Annihilape|Drain Punch|p1b: Ting-Lu\n|-supereffective|p1b: Ting-Lu\n|-damage|p1b: Ting-Lu|57\/100\n|move|p1b: Ting-Lu|Heavy Slam|p2a: Annihilape\n|-damage|p2a: Annihilape|78\/100\n|\n|-weather|Snow|[upkeep]\n|-heal|p1b: Ting-Lu|63\/100|[from] item: Leftovers\n|upkeep\n|turn|2\n|\n|t:|1683094561\n|switch|p2b: Baxcalibur|Baxcalibur, L50, F|100\/100\n|switch|p1b: Flutter Mane|Flutter Mane, L50, shiny|100\/100\n|-enditem|p1b: Flutter Mane|Booster Energy\n|-activate|p1b: Flutter Mane|ability: Protosynthesis|[fromitem]\n|-start|p1b: Flutter Mane|protosynthesisspa\n|move|p2a: Annihilape|Drain Punch|p1b: Flutter Mane\n|-immune|p1b: Flutter Mane\n|move|p1a: Iron Hands|Wild Charge|p2b: Baxcalibur\n|-resisted|p2b: Baxcalibur\n|-crit|p2b: Baxcalibur\n|-damage|p2b: Baxcalibur|77\/100\n|-damage|p1a: Iron Hands|96\/100|[from] Recoil\n|\n|-weather|Snow|[upkeep]\n|upkeep\n|turn|3\n|\n|t:|1683094610\n|-terastallize|p2a: Annihilape|Fire\n|move|p1b: Flutter Mane|Protect|p1b: Flutter Mane\n|-singleturn|p1b: Flutter Mane|Protect\n|move|p2b: Baxcalibur|Protect|p2b: Baxcalibur\n|-singleturn|p2b: Baxcalibur|Protect\n|move|p2a: Annihilape|Rage Fist|p1b: Flutter Mane\n|-activate|p1b: Flutter Mane|move: Protect\n|move|p1a: Iron Hands|Drain Punch|p2b: Baxcalibur\n|-activate|p2b: Baxcalibur|move: Protect\n|\n|-weather|Snow|[upkeep]\n|upkeep\n|turn|4\n|\n|t:|1683094647\n|switch|p2b: Gyarados|Gyarados, L50, F, shiny|91\/100\n|-ability|p2b: Gyarados|Intimidate|boost\n|-unboost|p1a: Iron Hands|atk|1\n|-unboost|p1b: Flutter Mane|atk|1\n|move|p1b: Flutter Mane|Moonblast|p2b: Gyarados\n|-damage|p2b: Gyarados|43\/100\n|move|p2a: Annihilape|Rage Fist|p1b: Flutter Mane\n|-supereffective|p1b: Flutter Mane\n|-damage|p1b: Flutter Mane|0 fnt\n|faint|p1b: Flutter Mane\n|-end|p1b: Flutter Mane|Protosynthesis|[silent]\n|move|p1a: Iron Hands|Drain Punch|p2a: Annihilape\n|-damage|p2a: Annihilape|56\/100\n|-heal|p1a: Iron Hands|100\/100|[from] drain|[of] p2a: Annihilape\n|\n|-weather|Snow|[upkeep]\n|upkeep\n|\n|t:|1683094652\n|switch|p1b: Ting-Lu|Ting-Lu, L50|63\/100\n|-ability|p1b: Ting-Lu|Vessel of Ruin\n|turn|5\n|\n|t:|1683094669\n|move|p2b: Gyarados|Waterfall|p1b: Ting-Lu\n|-supereffective|p1b: Ting-Lu\n|-damage|p1b: Ting-Lu|23\/100\n|move|p2a: Annihilape|Drain Punch|p1b: Ting-Lu\n|-supereffective|p1b: Ting-Lu\n|-damage|p1b: Ting-Lu|0 fnt\n|-heal|p2a: Annihilape|69\/100|[from] drain|[of] p1b: Ting-Lu\n|faint|p1b: Ting-Lu\n|move|p1a: Iron Hands|Wild Charge|p2b: Gyarados\n|-supereffective|p2b: Gyarados\n|-damage|p2b: Gyarados|0 fnt\n|faint|p2b: Gyarados\n|-damage|p1a: Iron Hands|92\/100|[from] Recoil\n|\n|-weather|none\n|upkeep\n|\n|t:|1683094682\n|switch|p2b: Abomasnow|Abomasnow, L50, M|100\/100\n|switch|p1b: Arcanine|Arcanine, L50, M|100\/100\n|-ability|p1b: Arcanine|Intimidate|boost\n|-unboost|p2a: Annihilape|atk|1\n|-ability|p2a: Annihilape|Defiant|boost\n|-boost|p2a: Annihilape|atk|2\n|-unboost|p2b: Abomasnow|atk|1\n|-weather|Snow|[from] ability: Snow Warning|[of] p2b: Abomasnow\n|turn|6\n|\n|t:|1683094703\n|move|p2b: Abomasnow|Protect|p2b: Abomasnow\n|-singleturn|p2b: Abomasnow|Protect\n|move|p1b: Arcanine|Flare Blitz|p2b: Abomasnow\n|-activate|p2b: Abomasnow|move: Protect\n|move|p2a: Annihilape|Rage Fist|p1a: Iron Hands\n|-damage|p1a: Iron Hands|20\/100\n|move|p1a: Iron Hands|Drain Punch|p2a: Annihilape\n|-damage|p2a: Annihilape|48\/100\n|-heal|p1a: Iron Hands|29\/100|[from] drain|[of] p2a: Annihilape\n|\n|-weather|Snow|[upkeep]\n|upkeep\n|turn|7\n|\n|t:|1683094716\n|move|p1b: Arcanine|Howl|p1b: Arcanine|[spread] p1a,p1b\n|-boost|p1a: Iron Hands|atk|1\n|-boost|p1b: Arcanine|atk|1\n|move|p2a: Annihilape|Rage Fist|p1a: Iron Hands\n|-damage|p1a: Iron Hands|0 fnt\n|faint|p1a: Iron Hands\n|-end|p1a: Iron Hands|Quark Drive|[silent]\n|move|p2b: Abomasnow|Earth Power|p1b: Arcanine\n|-supereffective|p1b: Arcanine\n|-damage|p1b: Arcanine|38\/100\n|\n|-weather|Snow|[upkeep]\n|upkeep\n|turn|8\n|\n|t:|1683094729\n|move|p1b: Arcanine|Flare Blitz|p2a: Annihilape\n|-resisted|p2a: Annihilape\n|-damage|p2a: Annihilape|8\/100\n|-damage|p1b: Arcanine|24\/100|[from] Recoil\n|move|p2a: Annihilape|Rage Fist|p1b: Arcanine\n|-damage|p1b: Arcanine|0 fnt\n|faint|p1b: Arcanine\n|\n|win|confusedkfin\n|raw|Cozy Snail's rating: 1324 → 1310<\/strong> (-14 for losing)\n|raw|confusedkfin's rating: 1427 → 1441<\/strong> (+14 for winning)\n","uploadtime":1683094739,"views":8,"p1id":"cozysnail","p2id":"confusedkfin","formatid":"gen9vgc2023regulationc","rating":1310,"private":0,"password":""}