{"id":"gen9vgc2023regulationc-1857823451","p1":"Jaegeryokai","p2":"Hadrian1917","format":"[Gen 9] VGC 2023 Regulation C","log":"|j|\u2606Jaegeryokai\n|j|\u2606Hadrian1917\n|t:|1683235584\n|gametype|doubles\n|player|p1|Jaegeryokai|swimmerf|1196\n|player|p2|Hadrian1917|brock|1117\n|teamsize|p1|6\n|teamsize|p2|6\n|gen|9\n|tier|[Gen 9] VGC 2023 Regulation C\n|rated|\n|rule|Species Clause: Limit one of each Pok\u00e9mon\n|rule|Item Clause: Limit one of each item\n|clearpoke\n|poke|p1|Annihilape, L50, F|\n|poke|p1|Maushold-Four, L50|\n|poke|p1|Amoonguss, L50, M|\n|poke|p1|Murkrow, L50, M|\n|poke|p1|Meowscarada, L50, F|\n|poke|p1|Ting-Lu, L50|\n|poke|p2|Flutter Mane, L50|\n|poke|p2|Chi-Yu, L50|\n|poke|p2|Iron Hands, L50|\n|poke|p2|Ting-Lu, L50|\n|poke|p2|Gyarados, L50, M|\n|poke|p2|Amoonguss, L50, F|\n|teampreview|4\n|inactive|Battle timer is ON: inactive players will automatically lose when time's up. (requested by Jaegeryokai)\n|\n|t:|1683235649\n|start\n|switch|p1a: 1|Annihilape, L50, F|100\/100\n|switch|p1b: 2|Maushold-Four, L50|100\/100\n|switch|p2a: Iron Hands|Iron Hands, L50|100\/100\n|switch|p2b: Flutter Mane|Flutter Mane, L50|100\/100\n|-enditem|p2b: Flutter Mane|Booster Energy\n|-activate|p2b: Flutter Mane|ability: Protosynthesis|[fromitem]\n|-start|p2b: Flutter Mane|protosynthesisspa\n|turn|1\n|inactive|Hadrian1917 has 30 seconds left.\n|\n|t:|1683235675\n|-terastallize|p1a: 1|Normal\n|move|p2a: Iron Hands|Fake Out|p1b: 2\n|-damage|p1b: 2|79\/100\n|move|p2b: Flutter Mane|Shadow Ball|p1a: 1\n|-immune|p1a: 1\n|cant|p1b: 2|flinch\n|move|p1a: 1|Rage Fist|p2b: Flutter Mane\n|-supereffective|p2b: Flutter Mane\n|-crit|p2b: Flutter Mane\n|-damage|p2b: Flutter Mane|2\/100\n|\n|upkeep\n|turn|2\n|inactive|Jaegeryokai has 30 seconds left.\n|\n|t:|1683235705\n|move|p1b: 2|Follow Me|p1b: 2\n|-singleturn|p1b: 2|move: Follow Me\n|move|p2b: Flutter Mane|Moonblast|p1b: 2\n|-damage|p1b: 2|0 fnt\n|faint|p1b: 2\n|move|p1a: 1|Rage Fist|p2a: Iron Hands\n|-damage|p2a: Iron Hands|88\/100\n|move|p2a: Iron Hands|Drain Punch|p1a: 1\n|-supereffective|p1a: 1\n|-damage|p1a: 1|25\/100\n|-heal|p2a: Iron Hands|100\/100|[from] drain|[of] p1a: 1\n|\n|upkeep\n|\n|t:|1683235718\n|switch|p1b: 3|Amoonguss, L50, M, shiny|100\/100\n|turn|3\n|inactive|Jaegeryokai has 30 seconds left.\n|\n|t:|1683235748\n|move|p2b: Flutter Mane|Protect|p2b: Flutter Mane\n|-singleturn|p2b: Flutter Mane|Protect\n|move|p1a: 1|Rage Fist|p2b: Flutter Mane\n|-activate|p2b: Flutter Mane|move: Protect\n|move|p2a: Iron Hands|Volt Switch|p1b: 3\n|-resisted|p1b: 3\n|-damage|p1b: 3|96\/100\n|-enditem|p1b: 3|Red Card|[of] p2a: Iron Hands\n|-end|p2a: Iron Hands|Quark Drive|[silent]\n|drag|p2a: Chi-Yu|Chi-Yu, L50|100\/100\n|-ability|p2a: Chi-Yu|Beads of Ruin\n|move|p1b: 3|Pollen Puff|p1a: 1\n|-heal|p1a: 1|75\/100\n|\n|upkeep\n|turn|4\n|inactive|Jaegeryokai has 30 seconds left.\n|inactive|Hadrian1917 has 30 seconds left.\n|inactive|Jaegeryokai has 20 seconds left.\n|inactive|Hadrian1917 has 20 seconds left.\n|inactive|Jaegeryokai has 15 seconds left.\n|inactive|Jaegeryokai has 10 seconds left.\n|\n|t:|1683235795\n|move|p1b: 3|Rage Powder|p1b: 3\n|-singleturn|p1b: 3|move: Rage Powder\n|move|p2b: Flutter Mane|Moonblast|p1b: 3\n|-resisted|p1b: 3\n|-damage|p1b: 3|66\/100\n|-unboost|p1b: 3|spa|1\n|move|p2a: Chi-Yu|Heat Wave|p1b: 3|[spread] p1b\n|-miss|p2a: Chi-Yu|p1a: 1\n|-supereffective|p1b: 3\n|-damage|p1b: 3|3\/100\n|move|p1a: 1|Close Combat|p2a: Chi-Yu\n|-supereffective|p2a: Chi-Yu\n|-damage|p2a: Chi-Yu|0 fnt\n|-unboost|p1a: 1|def|1\n|-unboost|p1a: 1|spd|1\n|faint|p2a: Chi-Yu\n|\n|upkeep\n|\n|t:|1683235814\n|switch|p2a: Iron Hands|Iron Hands, L50|100\/100\n|turn|5\n|\n|t:|1683235832\n|move|p2a: Iron Hands|Fake Out|p1a: 1\n|-damage|p1a: 1|56\/100\n|move|p2b: Flutter Mane|Moonblast|p1b: 3\n|-resisted|p1b: 3\n|-damage|p1b: 3|0 fnt\n|faint|p1b: 3\n|cant|p1a: 1|flinch\n|\n|upkeep\n|\n|t:|1683235842\n|switch|p1b: 6|Ting-Lu, L50|100\/100\n|-ability|p1b: 6|Vessel of Ruin\n|turn|6\n|\n|t:|1683235852\n|-end|p2b: Flutter Mane|Protosynthesis|[silent]\n|switch|p2b: Amoonguss|Amoonguss, L50, F|100\/100\n|move|p1a: 1|Phantom Force||[still]\n|-prepare|p1a: 1|Phantom Force\n|move|p2a: Iron Hands|Drain Punch|p1a: 1|[miss]\n|-miss|p2a: Iron Hands|p1a: 1\n|move|p1b: 6|Fissure|p2a: Iron Hands\n|-damage|p2a: Iron Hands|0 fnt\n|faint|p2a: Iron Hands\n|-end|p2a: Iron Hands|Quark Drive|[silent]\n|-ohko\n|\n|upkeep\n|\n|t:|1683235864\n|switch|p2a: Flutter Mane|Flutter Mane, L50|2\/100\n|turn|7\n|\n|t:|1683235875\n|-terastallize|p2a: Flutter Mane|Fairy\n|move|p2b: Amoonguss|Rage Powder|p2b: Amoonguss\n|-singleturn|p2b: Amoonguss|move: Rage Powder\n|move|p2a: Flutter Mane|Moonblast|p1b: 6\n|-supereffective|p1b: 6\n|-damage|p1b: 6|21\/100\n|-unboost|p1b: 6|spa|1\n|move|p1a: 1|Phantom Force|p2b: Amoonguss|[from]lockedmove\n|-damage|p2b: Amoonguss|68\/100\n|move|p1b: 6|Rock Slide|p2b: Amoonguss|[spread] p2a,p2b\n|-damage|p2a: Flutter Mane|0 fnt\n|-damage|p2b: Amoonguss|55\/100\n|faint|p2a: Flutter Mane\n|-end|p2a: Flutter Mane|Protosynthesis|[silent]\n|\n|-heal|p1b: 6|27\/100|[from] item: Leftovers\n|upkeep\n|turn|8\n|-message|Hadrian1917 forfeited.\n|\n|win|Jaegeryokai\n|raw|Jaegeryokai's rating: 1196 → 1215<\/strong> (+19 for winning)\n|raw|Hadrian1917's rating: 1117 → 1098<\/strong> (-19 for losing)\n|l|\u2606Jaegeryokai\n","uploadtime":1683236117,"views":7,"p1id":"jaegeryokai","p2id":"hadrian1917","formatid":"gen9vgc2023regulationc","rating":1098,"private":0,"password":""}