{"id":"gen9vgc2023regulationc-1852292028","p1":"Tsutox","p2":"paulcomma","format":"[Gen 9] VGC 2023 Regulation C","log":"|j|\u2606Tsutox\n|j|\u2606paulcomma\n|t:|1682540751\n|gametype|doubles\n|player|p1|Tsutox|hiker|1239\n|player|p2|paulcomma|skier|1182\n|teamsize|p1|6\n|teamsize|p2|6\n|gen|9\n|tier|[Gen 9] VGC 2023 Regulation C\n|rated|\n|rule|Species Clause: Limit one of each Pok\u00e9mon\n|rule|Item Clause: Limit one of each item\n|clearpoke\n|poke|p1|Gallade, L50, M|\n|poke|p1|Volcarona, L50, F|\n|poke|p1|Flutter Mane, L50|\n|poke|p1|Wo-Chien, L50|\n|poke|p1|Gyarados, L50, M|\n|poke|p1|Gholdengo, L50|\n|poke|p2|Grimmsnarl, L50, M|\n|poke|p2|Arcanine, L50, F|\n|poke|p2|Iron Hands, L50|\n|poke|p2|Iron Bundle, L50|\n|poke|p2|Sylveon, L50, F|\n|poke|p2|Amoonguss, L50, F|\n|teampreview|4\nTsutox has agreed to open team sheets.\n|inactive|Battle timer is ON: inactive players will automatically lose when time's up. (requested by paulcomma)\n|\n|t:|1682540783\n|start\n|switch|p1a: Wo-Chien|Wo-Chien, L50|100\/100\n|switch|p1b: Gholdengo|Gholdengo, L50|100\/100\n|switch|p2a: Grimmsnarl|Grimmsnarl, L50, M|100\/100\n|switch|p2b: Iron Hands|Iron Hands, L50|100\/100\n|-ability|p1a: Wo-Chien|Tablets of Ruin\n|turn|1\n|inactive|Tsutox has 30 seconds left.\n|\n|t:|1682540809\n|switch|p1a: Gyarados|Gyarados, L50, M, shiny|100\/100\n|-ability|p1a: Gyarados|Intimidate|boost\n|-unboost|p2a: Grimmsnarl|atk|1\n|-unboost|p2b: Iron Hands|atk|1\n|move|p2a: Grimmsnarl|Light Screen|p2a: Grimmsnarl\n|-sidestart|p2: paulcomma|move: Light Screen\n|move|p1b: Gholdengo|Nasty Plot|p1b: Gholdengo\n|-boost|p1b: Gholdengo|spa|2\n|move|p2b: Iron Hands|Drain Punch|p1a: Gyarados\n|-resisted|p1a: Gyarados\n|-damage|p1a: Gyarados|86\/100\n|\n|upkeep\n|turn|2\n|\n|t:|1682540829\n|switch|p1a: Wo-Chien|Wo-Chien, L50|100\/100\n|-ability|p1a: Wo-Chien|Tablets of Ruin\n|switch|p2a: Arcanine|Arcanine, L50, F|100\/100\n|-ability|p2a: Arcanine|Intimidate|boost\n|-unboost|p1a: Wo-Chien|atk|1\n|-unboost|p1b: Gholdengo|atk|1\n|move|p1b: Gholdengo|Make It Rain|p2a: Arcanine|[spread] p2a,p2b\n|-resisted|p2a: Arcanine\n|-resisted|p2b: Iron Hands\n|-damage|p2a: Arcanine|74\/100\n|-damage|p2b: Iron Hands|74\/100\n|-unboost|p1b: Gholdengo|spa|1\n|move|p2b: Iron Hands|Thunder Punch|p1a: Wo-Chien\n|-resisted|p1a: Wo-Chien\n|-damage|p1a: Wo-Chien|93\/100\n|\n|-heal|p1a: Wo-Chien|99\/100|[from] item: Leftovers\n|upkeep\n|turn|3\n|inactive|Tsutox has 30 seconds left.\n|inactive|Tsutox has 20 seconds left.\n|inactive|Tsutox has 15 seconds left.\n|\n|t:|1682540873\n|switch|p1b: Gyarados|Gyarados, L50, M, shiny|86\/100\n|-ability|p1b: Gyarados|Intimidate|boost\n|-unboost|p2a: Arcanine|atk|1\n|-unboost|p2b: Iron Hands|atk|1\n|move|p2a: Arcanine|Flare Blitz|p1b: Gyarados\n|-resisted|p1b: Gyarados\n|-damage|p1b: Gyarados|72\/100\n|-damage|p2a: Arcanine|69\/100|[from] Recoil\n|move|p1a: Wo-Chien|Leech Seed|p2a: Arcanine\n|-start|p2a: Arcanine|move: Leech Seed\n|move|p2b: Iron Hands|Thunder Punch|p1b: Gyarados\n|-supereffective|p1b: Gyarados\n|-damage|p1b: Gyarados|0 fnt\n|faint|p1b: Gyarados\n|\n|-heal|p1a: Wo-Chien|100\/100|[from] item: Leftovers\n|-damage|p2a: Arcanine|57\/100|[from] Leech Seed|[of] p1a: Wo-Chien\n|upkeep\n|\n|t:|1682540886\n|switch|p1b: Gallade|Gallade, L50, M, shiny|100\/100\n|turn|4\n|\n|t:|1682540898\n|switch|p2a: Grimmsnarl|Grimmsnarl, L50, M|100\/100\n|move|p1b: Gallade|Sacred Sword|p2a: Grimmsnarl\n|-damage|p2a: Grimmsnarl|43\/100\n|move|p1a: Wo-Chien|Leech Seed|p2b: Iron Hands\n|-start|p2b: Iron Hands|move: Leech Seed\n|move|p2b: Iron Hands|Drain Punch|p1a: Wo-Chien\n|-supereffective|p1a: Wo-Chien\n|-damage|p1a: Wo-Chien|74\/100\n|-heal|p2b: Iron Hands|85\/100|[from] drain|[of] p1a: Wo-Chien\n|\n|-heal|p1a: Wo-Chien|81\/100|[from] item: Leftovers\n|-damage|p2b: Iron Hands|72\/100|[from] Leech Seed|[of] p1a: Wo-Chien\n|-heal|p1a: Wo-Chien|96\/100|[silent]\n|upkeep\n|turn|5\n|\n|t:|1682540915\n|-end|p2b: Iron Hands|Quark Drive|[silent]\n|switch|p2b: Arcanine|Arcanine, L50, F|57\/100\n|-ability|p2b: Arcanine|Intimidate|boost\n|-unboost|p1a: Wo-Chien|atk|1\n|-unboost|p1b: Gallade|atk|1\n|move|p2a: Grimmsnarl|Reflect|p2a: Grimmsnarl\n|-sidestart|p2: paulcomma|Reflect\n|move|p1b: Gallade|Psycho Cut|p2b: Arcanine\n|-crit|p2b: Arcanine\n|-damage|p2b: Arcanine|0 fnt\n|faint|p2b: Arcanine\n|move|p1a: Wo-Chien|Leech Seed|p2a: Grimmsnarl\n|-start|p2a: Grimmsnarl|move: Leech Seed\n|\n|-heal|p1a: Wo-Chien|100\/100|[from] item: Leftovers\n|-damage|p2a: Grimmsnarl|30\/100|[from] Leech Seed|[of] p1a: Wo-Chien\n|upkeep\n|\n|t:|1682540927\n|switch|p2b: Iron Hands|Iron Hands, L50|72\/100\n|turn|6\n|\n|t:|1682540935\n|switch|p1b: Gholdengo|Gholdengo, L50|100\/100\n|-terastallize|p1a: Wo-Chien|Poison\n|move|p1a: Wo-Chien|Leech Seed|p2b: Iron Hands\n|-start|p2b: Iron Hands|move: Leech Seed\n|move|p2a: Grimmsnarl|Spirit Break|p1b: Gholdengo\n|-resisted|p1b: Gholdengo\n|-crit|p1b: Gholdengo\n|-damage|p1b: Gholdengo|81\/100\n|-unboost|p1b: Gholdengo|spa|1\n|move|p2b: Iron Hands|Drain Punch|p1a: Wo-Chien\n|-resisted|p1a: Wo-Chien\n|-damage|p1a: Wo-Chien|87\/100\n|-heal|p2b: Iron Hands|78\/100|[from] drain|[of] p1a: Wo-Chien\n|\n|-heal|p1a: Wo-Chien|93\/100|[from] item: Leftovers\n|-damage|p2a: Grimmsnarl|18\/100|[from] Leech Seed|[of] p1a: Wo-Chien\n|-heal|p1a: Wo-Chien|100\/100|[silent]\n|-damage|p2b: Iron Hands|65\/100|[from] Leech Seed|[of] p1a: Wo-Chien\n|upkeep\n|turn|7\n|\n|t:|1682540956\n|move|p1b: Gholdengo|Nasty Plot|p1b: Gholdengo\n|-boost|p1b: Gholdengo|spa|2\n|move|p1a: Wo-Chien|Pollen Puff|p1b: Gholdengo\n|-heal|p1b: Gholdengo|100\/100\n|move|p2a: Grimmsnarl|Spirit Break|p1b: Gholdengo\n|-resisted|p1b: Gholdengo\n|-damage|p1b: Gholdengo|88\/100\n|-unboost|p1b: Gholdengo|spa|1\n|move|p2b: Iron Hands|Thunder Punch|p1b: Gholdengo\n|-damage|p1b: Gholdengo|52\/100\n|\n|-damage|p2a: Grimmsnarl|5\/100|[from] Leech Seed|[of] p1a: Wo-Chien\n|-damage|p2b: Iron Hands|53\/100|[from] Leech Seed|[of] p1a: Wo-Chien\n|upkeep\n|turn|8\n|\n|t:|1682540977\n|move|p1b: Gholdengo|Nasty Plot|p1b: Gholdengo\n|-boost|p1b: Gholdengo|spa|2\n|move|p1a: Wo-Chien|Pollen Puff|p1b: Gholdengo\n|-heal|p1b: Gholdengo|100\/100\n|move|p2a: Grimmsnarl|Spirit Break|p1b: Gholdengo\n|-resisted|p1b: Gholdengo\n|-damage|p1b: Gholdengo|88\/100\n|-unboost|p1b: Gholdengo|spa|1\n|move|p2b: Iron Hands|Thunder Punch|p1b: Gholdengo\n|-crit|p1b: Gholdengo\n|-damage|p1b: Gholdengo|31\/100\n|\n|-damage|p2a: Grimmsnarl|0 fnt|[from] Leech Seed|[of] p1a: Wo-Chien\n|faint|p2a: Grimmsnarl\n|-damage|p2b: Iron Hands|40\/100|[from] Leech Seed|[of] p1a: Wo-Chien\n|-sideend|p2: paulcomma|move: Light Screen\n|upkeep\n|\n|t:|1682540983\n|switch|p2a: Iron Bundle|Iron Bundle, L50|100\/100\n|-enditem|p2a: Iron Bundle|Booster Energy\n|-activate|p2a: Iron Bundle|ability: Quark Drive|[fromitem]\n|-start|p2a: Iron Bundle|quarkdrivespe\n|turn|9\n|\n|t:|1682541001\n|-terastallize|p2a: Iron Bundle|Flying\n|move|p1b: Gholdengo|Protect|p1b: Gholdengo\n|-singleturn|p1b: Gholdengo|Protect\n|move|p2a: Iron Bundle|Chilling Water|p1b: Gholdengo\n|-activate|p1b: Gholdengo|move: Protect\n|move|p1a: Wo-Chien|Leech Seed|p2a: Iron Bundle\n|-start|p2a: Iron Bundle|move: Leech Seed\n|move|p2b: Iron Hands|Drain Punch|p1a: Wo-Chien\n|-resisted|p1a: Wo-Chien\n|-damage|p1a: Wo-Chien|89\/100\n|-heal|p2b: Iron Hands|45\/100|[from] drain|[of] p1a: Wo-Chien\n|\n|-heal|p1a: Wo-Chien|95\/100|[from] item: Leftovers\n|-damage|p2a: Iron Bundle|88\/100|[from] Leech Seed|[of] p1a: Wo-Chien\n|-heal|p1a: Wo-Chien|100\/100|[silent]\n|-damage|p2b: Iron Hands|32\/100|[from] Leech Seed|[of] p1a: Wo-Chien\n|upkeep\n|turn|10\n|inactive|Tsutox has 30 seconds left.\n|\n|t:|1682541026\n|move|p2a: Iron Bundle|Icy Wind|p1a: Wo-Chien|[spread] p1a,p1b\n|-resisted|p1b: Gholdengo\n|-damage|p1a: Wo-Chien|87\/100\n|-damage|p1b: Gholdengo|18\/100\n|-unboost|p1a: Wo-Chien|spe|1\n|-unboost|p1b: Gholdengo|spe|1\n|move|p1b: Gholdengo|Make It Rain|p2a: Iron Bundle|[spread] p2a,p2b\n|-resisted|p2b: Iron Hands\n|-damage|p2a: Iron Bundle|0 fnt\n|-damage|p2b: Iron Hands|2\/100\n|-unboost|p1b: Gholdengo|spa|1\n|faint|p2a: Iron Bundle\n|-end|p2a: Iron Bundle|Quark Drive|[silent]\n|move|p2b: Iron Hands|Thunder Punch|p1b: Gholdengo\n|-damage|p1b: Gholdengo|0 fnt\n|faint|p1b: Gholdengo\n|move|p1a: Wo-Chien|Pollen Puff|p1: Gholdengo|[notarget]\n|-fail|p1a: Wo-Chien\n|\n|-heal|p1a: Wo-Chien|94\/100|[from] item: Leftovers\n|-damage|p2b: Iron Hands|0 fnt|[from] Leech Seed|[of] p1a: Wo-Chien\n|-heal|p1a: Wo-Chien|96\/100|[silent]\n|faint|p2b: Iron Hands\n|-end|p2b: Iron Hands|Quark Drive|[silent]\n|\n|win|Tsutox\n|upkeep\n|raw|Tsutox's rating: 1239 → 1261<\/strong> (+22 for winning)\n|raw|paulcomma's rating: 1201 → 1179<\/strong> (-22 for losing)\n|c|\u2606Tsutox|gg\n|l|\u2606paulcomma\n","uploadtime":1682541052,"views":10,"p1id":"tsutox","p2id":"paulcomma","formatid":"gen9vgc2023regulationc","rating":1179,"private":0,"password":""}