{"id":"gen9vgc2023regulationc-1856385561","p1":"zarderino","p2":"Piccolo Ruiz","format":"[Gen 9] VGC 2023 Regulation C","log":"|j|\u2606zarderino\n|j|\u2606Piccolo Ruiz\n|t:|1683056424\n|gametype|doubles\n|player|p1|zarderino|kimonogirl|1383\n|player|p2|Piccolo Ruiz|valerie|1451\n|teamsize|p1|6\n|teamsize|p2|6\n|gen|9\n|tier|[Gen 9] VGC 2023 Regulation C\n|rated|\n|rule|Species Clause: Limit one of each Pok\u00e9mon\n|rule|Item Clause: Limit one of each item\n|clearpoke\n|poke|p1|Ting-Lu, L50|\n|poke|p1|Annihilape, L50, M|\n|poke|p1|Corviknight, L50, M|\n|poke|p1|Iron Moth, L50|\n|poke|p1|Grimmsnarl, L50, M|\n|poke|p1|Gholdengo, L50|\n|poke|p2|Flutter Mane, L50|\n|poke|p2|Amoonguss, L50, F|\n|poke|p2|Gyarados, L50, F|\n|poke|p2|Arcanine, L50, F|\n|poke|p2|Ting-Lu, L50|\n|poke|p2|Baxcalibur, L50, F|\n|teampreview|4\n|inactive|Battle timer is ON: inactive players will automatically lose when time's up. (requested by Piccolo Ruiz)\n|inactive|zarderino has 60 seconds left.\n|inactive|Piccolo Ruiz has 60 seconds left.\n|inactive|zarderino has 30 seconds left.\n|inactive|Piccolo Ruiz has 30 seconds left.\n|inactive|Piccolo Ruiz has 20 seconds left.\n|inactive|Piccolo Ruiz has 15 seconds left.\n|inactive|Piccolo Ruiz has 10 seconds left.\n|inactive|Piccolo Ruiz has 5 seconds left.\n|\n|t:|1683056513\n|start\n|switch|p1a: Annihilape|Annihilape, L50, M|100\/100\n|switch|p1b: Ting-Lu|Ting-Lu, L50|100\/100\n|switch|p2a: Ting-Lu|Ting-Lu, L50|100\/100\n|switch|p2b: Katya|Baxcalibur, L50, F, shiny|100\/100\n|-ability|p2a: Ting-Lu|Vessel of Ruin\n|-ability|p1b: Ting-Lu|Vessel of Ruin\n|turn|1\n|inactive|Piccolo Ruiz has 30 seconds left.\n|inactive|Piccolo Ruiz has 20 seconds left.\n|\n|t:|1683056550\n|switch|p1b: Corviknight|Corviknight, L50, M|100\/100\n|move|p2b: Katya|Icicle Crash|p1b: Corviknight\n|-damage|p1b: Corviknight|62\/100\n|move|p1a: Annihilape|Bulk Up|p1a: Annihilape\n|-boost|p1a: Annihilape|atk|1\n|-boost|p1a: Annihilape|def|1\n|move|p2a: Ting-Lu|Ruination|p1a: Annihilape|[miss]\n|-miss|p2a: Ting-Lu|p1a: Annihilape\n|\n|upkeep\n|turn|2\n|inactive|zarderino has 30 seconds left.\n|inactive|Piccolo Ruiz has 30 seconds left.\n|inactive|Piccolo Ruiz has 20 seconds left.\n|inactive|Piccolo Ruiz has 15 seconds left.\n|\n|t:|1683056593\n|move|p2b: Katya|Icicle Crash|p1b: Corviknight\n|-damage|p1b: Corviknight|18\/100\n|move|p1a: Annihilape|Drain Punch|p2b: Katya\n|-supereffective|p2b: Katya\n|-damage|p2b: Katya|12\/100\n|move|p1b: Corviknight|Tailwind|p1b: Corviknight\n|-sidestart|p1: zarderino|move: Tailwind\n|move|p2a: Ting-Lu|Ruination|p1a: Annihilape\n|-damage|p1a: Annihilape|50\/100\n|-enditem|p1a: Annihilape|Sitrus Berry|[eat]\n|-heal|p1a: Annihilape|75\/100|[from] item: Sitrus Berry\n|\n|upkeep\n|turn|3\n|inactive|Piccolo Ruiz has 30 seconds left.\n|\n|t:|1683056627\n|move|p2b: Katya|Ice Shard|p1b: Corviknight\n|-damage|p1b: Corviknight|0 fnt\n|faint|p1b: Corviknight\n|move|p1a: Annihilape|Drain Punch|p2b: Katya\n|-supereffective|p2b: Katya\n|-damage|p2b: Katya|0 fnt\n|-heal|p1a: Annihilape|81\/100|[from] drain|[of] p2b: Katya\n|faint|p2b: Katya\n|move|p2a: Ting-Lu|Ruination|p1a: Annihilape\n|-damage|p1a: Annihilape|41\/100\n|\n|upkeep\n|\n|t:|1683056642\n|switch|p2b: Sasha Colby|Flutter Mane, L50|100\/100\n|switch|p1b: Ting-Lu|Ting-Lu, L50|100\/100\n|-ability|p1b: Ting-Lu|Vessel of Ruin\n|-enditem|p2b: Sasha Colby|Booster Energy\n|-activate|p2b: Sasha Colby|ability: Protosynthesis|[fromitem]\n|-start|p2b: Sasha Colby|protosynthesisspa\n|turn|4\n|\n|t:|1683056662\n|move|p1a: Annihilape|Protect|p1a: Annihilape\n|-singleturn|p1a: Annihilape|Protect\n|move|p2b: Sasha Colby|Protect|p2b: Sasha Colby\n|-singleturn|p2b: Sasha Colby|Protect\n|move|p1b: Ting-Lu|Heavy Slam|p2b: Sasha Colby\n|-activate|p2b: Sasha Colby|move: Protect\n|move|p2a: Ting-Lu|Rock Tomb|p1a: Annihilape\n|-activate|p1a: Annihilape|move: Protect\n|\n|upkeep\n|turn|5\n|\n|t:|1683056682\n|-end|p2b: Sasha Colby|Protosynthesis|[silent]\n|switch|p2b: Raja|Arcanine, L50, F|100\/100\n|-ability|p2b: Raja|Intimidate|boost\n|-unboost|p1a: Annihilape|atk|1\n|-ability|p1a: Annihilape|Defiant|boost\n|-boost|p1a: Annihilape|atk|2\n|-unboost|p1b: Ting-Lu|atk|1\n|move|p1a: Annihilape|Rage Fist|p2b: Raja\n|-damage|p2b: Raja|0 fnt\n|faint|p2b: Raja\n|move|p1b: Ting-Lu|Ruination|p2a: Ting-Lu\n|-damage|p2a: Ting-Lu|51\/100\n|move|p2a: Ting-Lu|Ruination|p1b: Ting-Lu\n|-damage|p1b: Ting-Lu|51\/100\n|\n|-sideend|p1: zarderino|move: Tailwind\n|upkeep\n|\n|t:|1683056700\n|switch|p2b: Sasha Colby|Flutter Mane, L50|100\/100\n|turn|6\n|\n|t:|1683056707\n|-terastallize|p1b: Ting-Lu|Poison\n|move|p2b: Sasha Colby|Protect|p2b: Sasha Colby\n|-singleturn|p2b: Sasha Colby|Protect\n|move|p1a: Annihilape|Drain Punch|p2a: Ting-Lu\n|-supereffective|p2a: Ting-Lu\n|-damage|p2a: Ting-Lu|0 fnt\n|-heal|p1a: Annihilape|70\/100|[from] drain|[of] p2a: Ting-Lu\n|faint|p2a: Ting-Lu\n|move|p1b: Ting-Lu|Heavy Slam|p2b: Sasha Colby\n|-activate|p2b: Sasha Colby|move: Protect\n|\n|upkeep\n|turn|7\n|-message|Piccolo Ruiz forfeited.\n|\n|win|zarderino\n|raw|zarderino's rating: 1383 → 1407<\/strong> (+24 for winning)\n|raw|Piccolo Ruiz's rating: 1451 → 1427<\/strong> (-24 for losing)\n","uploadtime":1683056722,"views":13,"p1id":"zarderino","p2id":"piccoloruiz","formatid":"gen9vgc2023regulationc","rating":1407,"private":0,"password":""}