{"id":"gen9vgc2023regulationc-1846659226","p1":"Pyte 17","p2":"ANTIVALLEY","format":"[Gen 9] VGC 2023 Regulation C","log":"|j|\u2606Pyte 17\n|j|\u2606ANTIVALLEY\n|t:|1681862633\n|gametype|doubles\n|player|p1|Pyte 17|170|1344\n|player|p2|ANTIVALLEY|penny|1310\n|teamsize|p1|6\n|teamsize|p2|6\n|gen|9\n|tier|[Gen 9] VGC 2023 Regulation C\n|rated|\n|rule|Species Clause: Limit one of each Pok\u00e9mon\n|rule|Item Clause: Limit one of each item\n|clearpoke\n|poke|p1|Talonflame, L50, F|\n|poke|p1|Corviknight, L50, M|\n|poke|p1|Azumarill, L50, M|\n|poke|p1|Iron Hands, L50|\n|poke|p1|Scream Tail, L50|\n|poke|p1|Amoonguss, L50, F|\n|poke|p2|Lycanroc, L50, M|\n|poke|p2|Tyranitar, L50, F|\n|poke|p2|Iron Bundle, L50|\n|poke|p2|Chi-Yu, L50|\n|poke|p2|Farigiraf, L50, M|\n|poke|p2|Gyarados, L50, F|\n|teampreview|4\n|inactive|Battle timer is ON: inactive players will automatically lose when time's up. (requested by Pyte 17)\n|\n|t:|1681862684\n|start\n|switch|p1a: Scream Tail|Scream Tail, L50|100\/100\n|switch|p1b: Corviknight|Corviknight, L50, M|100\/100\n|switch|p2a: Tyranitar|Tyranitar, L50, F|100\/100\n|switch|p2b: Iron Bundle|Iron Bundle, L50|100\/100\n|-weather|Sandstorm|[from] ability: Sand Stream|[of] p2a: Tyranitar\n|-enditem|p2b: Iron Bundle|Booster Energy\n|-activate|p2b: Iron Bundle|ability: Quark Drive|[fromitem]\n|-start|p2b: Iron Bundle|quarkdrivespe\n|-enditem|p1a: Scream Tail|Booster Energy\n|-activate|p1a: Scream Tail|ability: Protosynthesis|[fromitem]\n|-start|p1a: Scream Tail|protosynthesisspe\n|turn|1\n|inactive|ANTIVALLEY has 30 seconds left.\n|inactive|ANTIVALLEY has 20 seconds left.\n|inactive|ANTIVALLEY has 15 seconds left.\n|inactive|ANTIVALLEY has 10 seconds left.\n|\n|t:|1681862732\n|move|p1a: Scream Tail|Protect|p1a: Scream Tail\n|-singleturn|p1a: Scream Tail|Protect\n|move|p2b: Iron Bundle|Hydro Pump|p1b: Corviknight\n|-damage|p1b: Corviknight|42\/100\n|-enditem|p1b: Corviknight|Sitrus Berry|[eat]\n|-heal|p1b: Corviknight|67\/100|[from] item: Sitrus Berry\n|move|p1b: Corviknight|Brave Bird|p2b: Iron Bundle\n|-damage|p2b: Iron Bundle|43\/100\n|-damage|p1b: Corviknight|54\/100|[from] Recoil\n|move|p2a: Tyranitar|Assurance|p1b: Corviknight\n|-damage|p1b: Corviknight|0 fnt\n|faint|p1b: Corviknight\n|\n|-weather|Sandstorm|[upkeep]\n|-damage|p2b: Iron Bundle|37\/100|[from] Sandstorm\n|-damage|p1a: Scream Tail|95\/100|[from] Sandstorm\n|upkeep\n|\n|t:|1681862749\n|switch|p1b: Iron Hands|Iron Hands, L50|100\/100\n|turn|2\n|inactive|ANTIVALLEY has 30 seconds left.\n|inactive|ANTIVALLEY has 20 seconds left.\n|inactive|ANTIVALLEY has 15 seconds left.\n|\n|t:|1681862794\n|switch|p2a: Farigiraf|Farigiraf, L50, M|100\/100\n|move|p2b: Iron Bundle|Hydro Pump|p1b: Iron Hands|[miss]\n|-miss|p2b: Iron Bundle|p1b: Iron Hands\n|move|p1a: Scream Tail|Disable||[still]\n|-fail|p1a: Scream Tail\n|move|p1b: Iron Hands|Drain Punch|p2b: Iron Bundle\n|-supereffective|p2b: Iron Bundle\n|-damage|p2b: Iron Bundle|0 fnt\n|faint|p2b: Iron Bundle\n|-end|p2b: Iron Bundle|Quark Drive|[silent]\n|\n|-weather|Sandstorm|[upkeep]\n|-damage|p1a: Scream Tail|89\/100|[from] Sandstorm\n|upkeep\n|\n|t:|1681862811\n|switch|p2b: Chi-Yu|Chi-Yu, L50|100\/100\n|-ability|p2b: Chi-Yu|Beads of Ruin\n|turn|3\n|\n|t:|1681862823\n|-terastallize|p2b: Chi-Yu|Grass\n|move|p1a: Scream Tail|Protect|p1a: Scream Tail\n|-singleturn|p1a: Scream Tail|Protect\n|move|p1b: Iron Hands|Protect|p1b: Iron Hands\n|-singleturn|p1b: Iron Hands|Protect\n|move|p2b: Chi-Yu|Heat Wave|p1b: Iron Hands|[spread] \n|-activate|p1a: Scream Tail|move: Protect\n|-activate|p1b: Iron Hands|move: Protect\n|move|p2a: Farigiraf|Psychic|p1b: Iron Hands\n|-activate|p1b: Iron Hands|move: Protect\n|\n|-weather|Sandstorm|[upkeep]\n|-damage|p1a: Scream Tail|83\/100|[from] Sandstorm\n|-damage|p2b: Chi-Yu|94\/100|[from] Sandstorm\n|upkeep\n|turn|4\n|inactive|Pyte 17 has 30 seconds left.\n|inactive|Pyte 17 has 20 seconds left.\n|inactive|Pyte 17 has 15 seconds left.\n|inactive|Pyte 17 has 10 seconds left.\n|\n|t:|1681862873\n|-terastallize|p1b: Iron Hands|Water\n|move|p1a: Scream Tail|Disable|p2b: Chi-Yu\n|-start|p2b: Chi-Yu|Disable|Heat Wave\n|cant|p2b: Chi-Yu|Disable|Heat Wave\n|move|p1b: Iron Hands|Swords Dance|p1b: Iron Hands\n|-boost|p1b: Iron Hands|atk|2\n|move|p2a: Farigiraf|Psychic|p1b: Iron Hands\n|-damage|p1b: Iron Hands|54\/100\n|\n|-weather|Sandstorm|[upkeep]\n|-damage|p1a: Scream Tail|77\/100|[from] Sandstorm\n|-damage|p2b: Chi-Yu|88\/100|[from] Sandstorm\n|upkeep\n|turn|5\n|\n|t:|1681862896\n|switch|p2b: Tyranitar|Tyranitar, L50, F|100\/100\n|move|p1a: Scream Tail|Encore||[still]\n|-fail|p1a: Scream Tail\n|move|p1b: Iron Hands|Drain Punch|p2a: Farigiraf\n|-damage|p2a: Farigiraf|8\/100\n|-heal|p1b: Iron Hands|95\/100|[from] drain|[of] p2a: Farigiraf\n|move|p2a: Farigiraf|Trick Room|p2a: Farigiraf\n|-fieldstart|move: Trick Room|[of] p2a: Farigiraf\n|\n|-weather|none\n|upkeep\n|turn|6\n|inactive|Pyte 17 has 30 seconds left.\n|inactive|Pyte 17 has 20 seconds left.\n|inactive|Pyte 17 has 15 seconds left.\n|inactive|Pyte 17 has 10 seconds left.\n|inactive|Pyte 17 has 5 seconds left.\n|\n|t:|1681862949\n|move|p1a: Scream Tail|Protect|p1a: Scream Tail\n|-singleturn|p1a: Scream Tail|Protect\n|move|p2a: Farigiraf|Psychic|p1b: Iron Hands\n|-damage|p1b: Iron Hands|55\/100\n|move|p1b: Iron Hands|Drain Punch|p2a: Farigiraf\n|-damage|p2a: Farigiraf|0 fnt\n|-heal|p1b: Iron Hands|59\/100|[from] drain|[of] p2a: Farigiraf\n|faint|p2a: Farigiraf\n|move|p2b: Tyranitar|Low Kick|p1b: Iron Hands\n|-damage|p1b: Iron Hands|30\/100\n|\n|upkeep\n|\n|t:|1681862960\n|switch|p2a: Chi-Yu|Chi-Yu, L50, tera:Grass|88\/100\n|-ability|p2a: Chi-Yu|Beads of Ruin\n|turn|7\n|inactive|Pyte 17 has 30 seconds left.\n|inactive|ANTIVALLEY has 30 seconds left.\n|\n|t:|1681862987\n|move|p1b: Iron Hands|Drain Punch|p2a: Chi-Yu\n|-damage|p2a: Chi-Yu|0 fnt\n|-heal|p1b: Iron Hands|54\/100|[from] drain|[of] p2a: Chi-Yu\n|faint|p2a: Chi-Yu\n|move|p2b: Tyranitar|Low Kick|p1b: Iron Hands\n|-damage|p1b: Iron Hands|25\/100\n|move|p1a: Scream Tail|Disable|p2b: Tyranitar\n|-start|p2b: Tyranitar|Disable|Low Kick\n|\n|upkeep\n|turn|8\n|-message|ANTIVALLEY forfeited.\n|\n|win|Pyte 17\n|raw|Pyte 17's rating: 1344 → 1362<\/strong> (+18 for winning)\n|raw|ANTIVALLEY's rating: 1310 → 1292<\/strong> (-18 for losing)\n|l|\u2606Pyte 17\n","uploadtime":1681864217,"views":11,"p1id":"pyte17","p2id":"antivalley","formatid":"gen9vgc2023regulationc","rating":1292,"private":0,"password":""}