{"id":"gen9vgc2023regulationc-1863045634","p1":"T0pAz666","p2":"Icefanngs","format":"[Gen 9] VGC 2023 Regulation C","log":"|j|\u2606T0pAz666\n|j|\u2606Icefanngs\n|t:|1683958376\n|gametype|doubles\n|player|p1|T0pAz666|101|1077\n|player|p2|Icefanngs|101|1057\n|teamsize|p1|6\n|teamsize|p2|6\n|gen|9\n|tier|[Gen 9] VGC 2023 Regulation C\n|rated|\n|rule|Species Clause: Limit one of each Pok\u00e9mon\n|rule|Item Clause: Limit one of each item\n|clearpoke\n|poke|p1|Chien-Pao, L50|\n|poke|p1|Flutter Mane, L50|\n|poke|p1|Iron Hands, L50|\n|poke|p1|Arcanine, L50, M|\n|poke|p1|Dondozo, L50, F|\n|poke|p1|Tatsugiri, L50, M|\n|poke|p2|Vaporeon, L50, F|\n|poke|p2|Goodra, L50, F|\n|poke|p2|Frosmoth, L50, M|\n|poke|p2|Gogoat, L50, M|\n|poke|p2|Arboliva, L50, F|\n|poke|p2|Electrode, L50|\n|teampreview|4\n|inactive|Battle timer is ON: inactive players will automatically lose when time's up. (requested by Icefanngs)\n|\n|t:|1683958425\n|start\n|switch|p1a: Dondozo|Dondozo, L50, F, shiny|100\/100\n|switch|p1b: Arcanine|Arcanine, L50, M, shiny|100\/100\n|switch|p2a: Electrode|Electrode, L50|100\/100\n|switch|p2b: Frosmoth|Frosmoth, L50, M|100\/100\n|-ability|p1b: Arcanine|Intimidate|boost\n|-unboost|p2a: Electrode|atk|1\n|-unboost|p2b: Frosmoth|atk|1\n|turn|1\n|inactive|Icefanngs has 30 seconds left.\n|\n|t:|1683958452\n|switch|p2b: Goodra|Goodra, L50, F|100\/100\n|move|p1a: Dondozo|Protect|p1a: Dondozo\n|-singleturn|p1a: Dondozo|Protect\n|move|p2a: Electrode|Discharge|p1a: Dondozo|[spread] p2b,p1b\n|-activate|p1a: Dondozo|move: Protect\n|-resisted|p2b: Goodra\n|-damage|p2b: Goodra|93\/100\n|-damage|p1b: Arcanine|82\/100\n|move|p1b: Arcanine|Snarl|p2b: Goodra|[spread] p2b\n|-immune|p2a: Electrode|[from] ability: Soundproof\n|-damage|p2b: Goodra|86\/100\n|-unboost|p2b: Goodra|spa|1\n|\n|-heal|p2b: Goodra|92\/100|[from] item: Leftovers\n|upkeep\n|turn|2\n|inactive|T0pAz666 has 30 seconds left.\n|inactive|T0pAz666 has 20 seconds left.\n|inactive|T0pAz666 has 15 seconds left.\n|inactive|T0pAz666 has 10 seconds left.\n|inactive|T0pAz666 has 5 seconds left.\n|\n|t:|1683958504\n|-terastallize|p1a: Dondozo|Grass\n|move|p2a: Electrode|Discharge|p1b: Arcanine|[spread] p2b,p1a,p1b\n|-resisted|p2b: Goodra\n|-resisted|p1a: Dondozo\n|-crit|p1a: Dondozo\n|-damage|p2b: Goodra|83\/100\n|-damage|p1a: Dondozo|86\/100\n|-damage|p1b: Arcanine|60\/100\n|move|p1b: Arcanine|Snarl|p2a: Electrode|[spread] p2b\n|-immune|p2a: Electrode|[from] ability: Soundproof\n|-damage|p2b: Goodra|76\/100\n|-unboost|p2b: Goodra|spa|1\n|move|p2b: Goodra|Rain Dance|p2b: Goodra\n|-weather|RainDance\n|move|p1a: Dondozo|Waterfall|p2a: Electrode\n|-damage|p2a: Electrode|18\/100\n|-enditem|p2a: Electrode|Sitrus Berry|[eat]\n|-heal|p2a: Electrode|43\/100|[from] item: Sitrus Berry\n|\n|-weather|RainDance|[upkeep]\n|-heal|p2b: Goodra|82\/100|[from] item: Leftovers\n|upkeep\n|turn|3\n|inactive|T0pAz666 has 30 seconds left.\n|inactive|Icefanngs has 30 seconds left.\n|inactive|T0pAz666 has 20 seconds left.\n|inactive|Icefanngs has 20 seconds left.\n|inactive|Icefanngs has 15 seconds left.\n|inactive|Icefanngs has 10 seconds left.\n|\n|t:|1683958549\n|switch|p2b: Frosmoth|Frosmoth, L50, M|100\/100\n|move|p2a: Electrode|Foul Play|p1a: Dondozo\n|-damage|p1a: Dondozo|69\/100\n|move|p1b: Arcanine|Howl|p1b: Arcanine|[spread] p1a,p1b\n|-boost|p1a: Dondozo|atk|1\n|-boost|p1b: Arcanine|atk|1\n|move|p1a: Dondozo|Waterfall|p2a: Electrode\n|-damage|p2a: Electrode|0 fnt\n|faint|p2a: Electrode\n|\n|-weather|RainDance|[upkeep]\n|upkeep\n|inactive|Icefanngs has 30 seconds left.\n|inactive|Icefanngs has 20 seconds left.\n|\n|t:|1683958587\n|switch|p2a: Goodra|Goodra, L50, F|82\/100\n|turn|4\n|\n|t:|1683958604\n|-terastallize|p2b: Frosmoth|Fairy\n|move|p1a: Dondozo|Protect|p1a: Dondozo\n|-singleturn|p1a: Dondozo|Protect\n|move|p1b: Arcanine|Howl|p1b: Arcanine|[spread] p1a,p1b\n|-boost|p1a: Dondozo|atk|1\n|-boost|p1b: Arcanine|atk|1\n|move|p2a: Goodra|Surf|p1b: Arcanine|[spread] p2b,p1b\n|-activate|p1a: Dondozo|move: Protect\n|-supereffective|p1b: Arcanine\n|-damage|p2b: Frosmoth|87\/100\n|-damage|p1b: Arcanine|8\/100\n|-enditem|p1b: Arcanine|Sitrus Berry|[eat]\n|-heal|p1b: Arcanine|33\/100|[from] item: Sitrus Berry\n|move|p2b: Frosmoth|Ice Beam|p1a: Dondozo\n|-activate|p1a: Dondozo|move: Protect\n|\n|-weather|RainDance|[upkeep]\n|-heal|p2a: Goodra|88\/100|[from] item: Leftovers\n|upkeep\n|turn|5\n|inactive|T0pAz666 has 30 seconds left.\n|inactive|T0pAz666 has 20 seconds left.\n|inactive|T0pAz666 has 15 seconds left.\n|\n|t:|1683958645\n|move|p1b: Arcanine|Howl|p1b: Arcanine|[spread] p1a,p1b\n|-boost|p1a: Dondozo|atk|1\n|-boost|p1b: Arcanine|atk|1\n|move|p2a: Goodra|Surf|p1a: Dondozo|[spread] p2b,p1a,p1b\n|-resisted|p1a: Dondozo\n|-supereffective|p1b: Arcanine\n|-damage|p2b: Frosmoth|74\/100\n|-damage|p1a: Dondozo|55\/100\n|-damage|p1b: Arcanine|0 fnt\n|faint|p1b: Arcanine\n|move|p2b: Frosmoth|Ice Beam|p1a: Dondozo\n|-supereffective|p1a: Dondozo\n|-damage|p1a: Dondozo|0 fnt\n|faint|p1a: Dondozo\n|\n|-weather|RainDance|[upkeep]\n|-heal|p2a: Goodra|94\/100|[from] item: Leftovers\n|upkeep\n|\n|t:|1683958661\n|switch|p1b: Tatsugiri|Tatsugiri, L50, M, shiny|100\/100\n|switch|p1a: Chien-Pao|Chien-Pao, L50|100\/100\n|-ability|p1a: Chien-Pao|Sword of Ruin\n|turn|6\n|\n|t:|1683958680\n|move|p2a: Goodra|Protect|p2a: Goodra\n|-singleturn|p2a: Goodra|Protect\n|move|p1b: Tatsugiri|Muddy Water|p2b: Frosmoth|[spread] p2b\n|-activate|p2a: Goodra|move: Protect\n|-crit|p2b: Frosmoth\n|-damage|p2b: Frosmoth|40\/100\n|-unboost|p2b: Frosmoth|accuracy|1\n|move|p1a: Chien-Pao|Ice Spinner|p2a: Goodra\n|-activate|p2a: Goodra|move: Protect\n|move|p2b: Frosmoth|Dazzling Gleam|p1b: Tatsugiri|[spread] p1a,p1b\n|-supereffective|p1a: Chien-Pao\n|-supereffective|p1b: Tatsugiri\n|-enditem|p1a: Chien-Pao|Focus Sash\n|-damage|p1a: Chien-Pao|1\/100\n|-damage|p1b: Tatsugiri|19\/100\n|\n|-weather|none\n|-heal|p2a: Goodra|100\/100|[from] item: Leftovers\n|upkeep\n|turn|7\n|\n|t:|1683958702\n|switch|p2a: Vaporeon|Vaporeon, L50, F|100\/100\n|move|p1b: Tatsugiri|Muddy Water|p2b: Frosmoth|[spread] p2b\n|-immune|p2a: Vaporeon|[from] ability: Water Absorb\n|-damage|p2b: Frosmoth|26\/100\n|-unboost|p2b: Frosmoth|accuracy|1\n|move|p1a: Chien-Pao|Ice Spinner|p2a: Vaporeon\n|-resisted|p2a: Vaporeon\n|-damage|p2a: Vaporeon|76\/100\n|move|p2b: Frosmoth|Dazzling Gleam|p1a: Chien-Pao|[spread] p1a,p1b\n|-supereffective|p1a: Chien-Pao\n|-supereffective|p1b: Tatsugiri\n|-damage|p1a: Chien-Pao|0 fnt\n|-damage|p1b: Tatsugiri|0 fnt\n|faint|p1a: Chien-Pao\n|faint|p1b: Tatsugiri\n|\n|win|Icefanngs\n|raw|T0pAz666's rating: 1077 → 1054<\/strong> (-23 for losing)\n|raw|Icefanngs's rating: 1057 → 1090<\/strong> (+33 for winning)\n|c|\u2606Icefanngs|Gg\n|l|\u2606T0pAz666\n","uploadtime":1683958723,"views":8,"p1id":"t0paz666","p2id":"icefanngs","formatid":"gen9vgc2023regulationc","rating":1054,"private":0,"password":""}