{"id":"gen9vgc2023regulationc-1849629168","p1":"celso94","p2":"Bartzabel","format":"[Gen 9] VGC 2023 Regulation C","log":"|j|\u2606celso94\n|j|\u2606Bartzabel\n|t:|1682222508\n|gametype|doubles\n|player|p1|celso94|101|\n|player|p2|Bartzabel|medium|\n|teamsize|p1|6\n|teamsize|p2|6\n|gen|9\n|tier|[Gen 9] VGC 2023 Regulation C\n|rule|Species Clause: Limit one of each Pok\u00e9mon\n|rule|Item Clause: Limit one of each item\n|clearpoke\n|poke|p1|Chi-Yu, L50|\n|poke|p1|Lilligant, L50, F|\n|poke|p1|Torkoal, L50, F|\n|poke|p1|Flutter Mane, L50|\n|poke|p1|Kingambit, L50, F|\n|poke|p1|Great Tusk, L50|\n|poke|p2|Glimmora, L50, F|\n|poke|p2|Gholdengo, L50|\n|poke|p2|Ceruledge, L50, F|\n|poke|p2|Gothitelle, L50, F|\n|poke|p2|Flutter Mane, L50|\n|poke|p2|Wo-Chien, L50|\n|teampreview|4\nBartzabel has agreed to open team sheets.\ncelso94 has agreed to open team sheets.\n|c|\u2606celso94|G1\n|\n|t:|1682222625\n|start\n|switch|p1a: Chi-Yu|Chi-Yu, L50|100\/100\n|switch|p1b: Flutter Mane|Flutter Mane, L50, shiny|100\/100\n|switch|p2a: Flutter Mane|Flutter Mane, L50|100\/100\n|switch|p2b: Wo-Chien|Wo-Chien, L50|100\/100\n|-ability|p1a: Chi-Yu|Beads of Ruin\n|-ability|p2b: Wo-Chien|Tablets of Ruin\n|-enditem|p2a: Flutter Mane|Booster Energy\n|-activate|p2a: Flutter Mane|ability: Protosynthesis|[fromitem]\n|-start|p2a: Flutter Mane|protosynthesisspe\n|turn|1\n|\n|t:|1682222682\n|-terastallize|p1a: Chi-Yu|Steel\n|-terastallize|p2b: Wo-Chien|Poison\n|move|p2a: Flutter Mane|Shadow Ball|p1b: Flutter Mane\n|-supereffective|p1b: Flutter Mane\n|-damage|p1b: Flutter Mane|0 fnt\n|faint|p1b: Flutter Mane\n|-end|p1b: Flutter Mane|Protosynthesis|[silent]\n|move|p1a: Chi-Yu|Tera Blast|p2a: Flutter Mane\n|-supereffective|p2a: Flutter Mane\n|-damage|p2a: Flutter Mane|0 fnt\n|faint|p2a: Flutter Mane\n|-end|p2a: Flutter Mane|Protosynthesis|[silent]\n|move|p2b: Wo-Chien|Leech Seed|p1a: Chi-Yu\n|-start|p1a: Chi-Yu|move: Leech Seed\n|\n|-damage|p1a: Chi-Yu|88\/100|[from] Leech Seed|[of] p2b: Wo-Chien\n|upkeep\n|\n|t:|1682222710\n|switch|p2a: Ceruledge|Ceruledge, L50, F|100\/100\n|switch|p1b: Great Tusk|Great Tusk, L50, shiny|100\/100\n|-enditem|p1b: Great Tusk|Booster Energy\n|-activate|p1b: Great Tusk|ability: Protosynthesis|[fromitem]\n|-start|p1b: Great Tusk|protosynthesisatk\n|turn|2\n|\n|t:|1682222756\n|move|p2a: Ceruledge|Protect|p2a: Ceruledge\n|-singleturn|p2a: Ceruledge|Protect\n|move|p1a: Chi-Yu|Tera Blast|p2b: Wo-Chien\n|-damage|p2b: Wo-Chien|70\/100\n|move|p1b: Great Tusk|Earthquake|p2b: Wo-Chien|[spread] p1a,p2b\n|-activate|p2a: Ceruledge|move: Protect\n|-supereffective|p1a: Chi-Yu\n|-supereffective|p2b: Wo-Chien\n|-damage|p1a: Chi-Yu|0 fnt\n|-damage|p2b: Wo-Chien|2\/100\n|faint|p1a: Chi-Yu\n|move|p2b: Wo-Chien|Leech Seed|p1b: Great Tusk\n|-start|p1b: Great Tusk|move: Leech Seed\n|\n|-heal|p2b: Wo-Chien|8\/100|[from] item: Leftovers\n|-damage|p1b: Great Tusk|88\/100|[from] Leech Seed|[of] p2b: Wo-Chien\n|-heal|p2b: Wo-Chien|20\/100|[silent]\n|upkeep\n|\n|t:|1682222770\n|switch|p1a: Kingambit|Kingambit, L50, F, shiny|100\/100\n|turn|3\n|\n|t:|1682222825\n|move|p2b: Wo-Chien|Protect|p2b: Wo-Chien\n|-singleturn|p2b: Wo-Chien|Protect\n|move|p2a: Ceruledge|Shadow Sneak|p1b: Great Tusk\n|-damage|p1b: Great Tusk|77\/100\n|move|p1a: Kingambit|Sucker Punch||[still]\n|-fail|p1a: Kingambit\n|move|p1b: Great Tusk|Rock Slide|p2a: Ceruledge|[spread] p2a\n|-activate|p2b: Wo-Chien|move: Protect\n|-supereffective|p2a: Ceruledge\n|-crit|p2a: Ceruledge\n|-damage|p2a: Ceruledge|18\/100\n|\n|-heal|p2b: Wo-Chien|26\/100|[from] item: Leftovers\n|-damage|p1b: Great Tusk|65\/100|[from] Leech Seed|[of] p2b: Wo-Chien\n|-heal|p2b: Wo-Chien|38\/100|[silent]\n|upkeep\n|turn|4\n|\n|t:|1682222854\n|move|p2a: Ceruledge|Protect|p2a: Ceruledge\n|-singleturn|p2a: Ceruledge|Protect\n|move|p1b: Great Tusk|Headlong Rush|p2b: Wo-Chien\n|-supereffective|p2b: Wo-Chien\n|-damage|p2b: Wo-Chien|0 fnt\n|-unboost|p1b: Great Tusk|def|1\n|-unboost|p1b: Great Tusk|spd|1\n|faint|p2b: Wo-Chien\n|move|p1a: Kingambit|Kowtow Cleave|p2a: Ceruledge\n|-activate|p2a: Ceruledge|move: Protect\n|\n|upkeep\n|\n|t:|1682222865\n|switch|p2b: Glimmora|Glimmora, L50, F, shiny|100\/100\n|turn|5\n|\n|t:|1682222920\n|move|p2a: Ceruledge|Shadow Sneak|p1a: Kingambit\n|-resisted|p1a: Kingambit\n|-damage|p1a: Kingambit|92\/100\n|move|p1b: Great Tusk|Rock Slide|p2a: Ceruledge|[spread] p2a,p2b\n|-supereffective|p2a: Ceruledge\n|-damage|p2a: Ceruledge|0 fnt\n|-damage|p2b: Glimmora|68\/100\n|-activate|p2b: Glimmora|ability: Toxic Debris\n|-sidestart|p1: celso94|move: Toxic Spikes\n|faint|p2a: Ceruledge\n|cant|p2b: Glimmora|flinch\n|move|p1a: Kingambit|Kowtow Cleave|p2b: Glimmora\n|-damage|p2b: Glimmora|12\/100\n|-activate|p2b: Glimmora|ability: Toxic Debris\n|-sidestart|p1: celso94|move: Toxic Spikes\n|\n|-damage|p1b: Great Tusk|53\/100|[from] Leech Seed|[of] p2b: Glimmora\n|-heal|p2b: Glimmora|26\/100|[silent]\n|upkeep\n|turn|6\n|\n|t:|1682222950\n|move|p2b: Glimmora|Spiky Shield|p2b: Glimmora\n|-singleturn|p2b: Glimmora|move: Protect\n|move|p1a: Kingambit|Sucker Punch||[still]\n|-fail|p1a: Kingambit\n|move|p1b: Great Tusk|Headlong Rush|p2b: Glimmora\n|-activate|p2b: Glimmora|move: Protect\n|-damage|p1b: Great Tusk|40\/100|[from] Spiky Shield|[of] p2b: Glimmora\n|\n|-damage|p1b: Great Tusk|28\/100|[from] Leech Seed|[of] p2b: Glimmora\n|-heal|p2b: Glimmora|41\/100|[silent]\n|upkeep\n|turn|7\n|\n|t:|1682222982\n|move|p1b: Great Tusk|Headlong Rush|p2b: Glimmora\n|-supereffective|p2b: Glimmora\n|-damage|p2b: Glimmora|0 fnt\n|-unboost|p1b: Great Tusk|def|1\n|-unboost|p1b: Great Tusk|spd|1\n|faint|p2b: Glimmora\n|\n|win|celso94\n","uploadtime":1682222996,"views":27,"p1id":"celso94","p2id":"bartzabel","formatid":"gen9vgc2023regulationc","rating":0,"private":0,"password":""}