{"id":"gen9vgc2023regulationc-1859795281","p1":"Cigtar","p2":"Mr. Darwin","format":"[Gen 9] VGC 2023 Regulation C","log":"|j|\u2606Cigtar\n|j|\u2606Mr. Darwin\n|t:|1683565183\n|gametype|doubles\n|player|p1|Cigtar|grusha|\n|player|p2|Mr. Darwin|unknown|\n|teamsize|p1|6\n|teamsize|p2|6\n|gen|9\n|tier|[Gen 9] VGC 2023 Regulation C\n|rule|Species Clause: Limit one of each Pok\u00e9mon\n|rule|Item Clause: Limit one of each item\n|clearpoke\n|poke|p1|Chi-Yu, L50|\n|poke|p1|Gyarados, L50, F|\n|poke|p1|Sableye, L50, M|\n|poke|p1|Toedscruel, L50, M|\n|poke|p1|Farigiraf, L50, F|\n|poke|p1|Seviper, L50, F|\n|poke|p2|Gastrodon, L50, F|\n|poke|p2|Tyranitar, L50, F|\n|poke|p2|Garganacl, L50, M|\n|poke|p2|Grimmsnarl, L50, M|\n|poke|p2|Iron Moth, L50|\n|poke|p2|Houndstone, L50, M|\n|teampreview|4\n|c|\u2606Cigtar|gl\n|c|\u2606Mr. Darwin|glhf\n|c|\u2606Mr. Darwin|lets grab the bot\n|c|\u2606Cigtar|g1\n|c|\u2606Mr. Darwin|bots down\n|c|\u2606Cigtar|welp\n|c|\u2606Mr. Darwin|well just upload replays\n|j| judevgc\n|\n|t:|1683565318\n|start\n|switch|p1a: Seviper|Seviper, L50, F|100\/100\n|switch|p1b: Toedscruel|Toedscruel, L50, M|100\/100\n|switch|p2a: Tyranitar|Tyranitar, L50, F|100\/100\n|switch|p2b: Grimmsnarl|Grimmsnarl, L50, M, shiny|100\/100\n|-weather|Sandstorm|[from] ability: Sand Stream|[of] p2a: Tyranitar\n|turn|1\n|inactive|Battle timer is ON: inactive players will automatically lose when time's up. (requested by Mr. Darwin)\n|\n|t:|1683565359\n|switch|p2a: Garganacl|Garganacl, L50, M, shiny|100\/100\n|move|p1a: Seviper|Protect|p1a: Seviper\n|-singleturn|p1a: Seviper|Protect\n|move|p1b: Toedscruel|Protect|p1b: Toedscruel\n|-singleturn|p1b: Toedscruel|Protect\n|move|p2b: Grimmsnarl|Reflect|p2b: Grimmsnarl\n|-sidestart|p2: Mr. Darwin|Reflect\n|\n|-weather|Sandstorm|[upkeep]\n|-damage|p1a: Seviper|94\/100|[from] Sandstorm\n|-damage|p2b: Grimmsnarl|95\/100|[from] Sandstorm\n|upkeep\n|turn|2\n|\n|t:|1683565374\n|move|p2b: Grimmsnarl|Light Screen|p2b: Grimmsnarl\n|-sidestart|p2: Mr. Darwin|move: Light Screen\n|move|p1a: Seviper|Gunk Shot|p2b: Grimmsnarl\n|-supereffective|p2b: Grimmsnarl\n|-damage|p2b: Grimmsnarl|0 fnt\n|faint|p2b: Grimmsnarl\n|-damage|p1a: Seviper|85\/100|[from] item: Life Orb\n|move|p2a: Garganacl|Salt Cure|p1b: Toedscruel\n|-resisted|p1b: Toedscruel\n|-damage|p1b: Toedscruel|94\/100\n|-start|p1b: Toedscruel|Salt Cure\n|move|p1b: Toedscruel|Spore|p2a: Garganacl\n|-status|p2a: Garganacl|slp|[from] move: Spore\n|\n|-weather|Sandstorm|[upkeep]\n|-damage|p1a: Seviper|79\/100|[from] Sandstorm\n|-damage|p1b: Toedscruel|81\/100|[from] Salt Cure\n|upkeep\n|\n|t:|1683565398\n|switch|p2b: Iron Moth|Iron Moth, L50|100\/100\n|-enditem|p2b: Iron Moth|Booster Energy\n|-activate|p2b: Iron Moth|ability: Quark Drive|[fromitem]\n|-start|p2b: Iron Moth|quarkdrivespe\n|turn|3\n|\n|t:|1683565416\n|move|p1b: Toedscruel|Rage Powder|p1b: Toedscruel\n|-singleturn|p1b: Toedscruel|move: Rage Powder\n|move|p2b: Iron Moth|Heat Wave|p1b: Toedscruel|[spread] p1a,p1b\n|-supereffective|p1b: Toedscruel\n|-enditem|p1b: Toedscruel|Occa Berry|[eat]\n|-enditem|p1b: Toedscruel|Occa Berry|[weaken]\n|-damage|p1a: Seviper|21\/100\n|-damage|p1b: Toedscruel|54\/100\n|move|p1a: Seviper|Earthquake|p2a: Garganacl|[spread] p1b,p2a,p2b\n|-resisted|p1b: Toedscruel\n|-supereffective|p2a: Garganacl\n|-supereffective|p2b: Iron Moth\n|-damage|p1b: Toedscruel|42\/100\n|-damage|p2a: Garganacl|71\/100 slp\n|-damage|p2b: Iron Moth|0 fnt\n|faint|p2b: Iron Moth\n|-end|p2b: Iron Moth|Quark Drive|[silent]\n|-damage|p1a: Seviper|12\/100|[from] item: Life Orb\n|cant|p2a: Garganacl|slp\n|\n|-weather|Sandstorm|[upkeep]\n|-damage|p1a: Seviper|6\/100|[from] Sandstorm\n|-heal|p2a: Garganacl|76\/100 slp|[from] item: Leftovers\n|-damage|p1b: Toedscruel|29\/100|[from] Salt Cure\n|upkeep\n|\n|t:|1683565424\n|switch|p2b: Tyranitar|Tyranitar, L50, F|100\/100\n|turn|4\n|\n|t:|1683565435\n|move|p1a: Seviper|Brick Break|p2b: Tyranitar\n|-sideend|p2: Mr. Darwin|Reflect\n|-sideend|p2: Mr. Darwin|move: Light Screen\n|-supereffective|p2b: Tyranitar\n|-damage|p2b: Tyranitar|1\/100\n|-damage|p1a: Seviper|0 fnt|[from] item: Life Orb\n|faint|p1a: Seviper\n|move|p1b: Toedscruel|Leaf Storm|p2a: Garganacl|[miss]\n|-miss|p1b: Toedscruel|p2a: Garganacl\n|move|p2b: Tyranitar|Rock Slide|p1b: Toedscruel\n|-resisted|p1b: Toedscruel\n|-damage|p1b: Toedscruel|10\/100\n|cant|p2a: Garganacl|slp\n|\n|-weather|Sandstorm|[upkeep]\n|-heal|p2a: Garganacl|82\/100 slp|[from] item: Leftovers\n|-damage|p1b: Toedscruel|0 fnt|[from] Salt Cure\n|faint|p1b: Toedscruel\n|upkeep\n|\n|t:|1683565443\n|switch|p1a: Sableye|Sableye, L50, M|100\/100\n|switch|p1b: Gyarados|Gyarados, L50, F|100\/100\n|-ability|p1b: Gyarados|Intimidate|boost\n|-unboost|p2a: Garganacl|atk|1\n|-unboost|p2b: Tyranitar|atk|1\n|turn|5\n|c| judevgc|Seviper :O\n|c|\u2606Mr. Darwin|bro Im so confused how i am asleep\n|c|\u2606Cigtar|Mycelium Might\n|inactive|Cigtar has 30 seconds left.\n|inactive|Mr. Darwin has 30 seconds left.\n|inactive|Cigtar has 20 seconds left.\n|inactive|Cigtar has 15 seconds left.\n|inactive|Cigtar has 10 seconds left.\n|c|\u2606Mr. Darwin|is that just mold breaker?\n|\n|t:|1683565490\n|-terastallize|p2a: Garganacl|Flying\n|move|p1a: Sableye|Fake Out|p2a: Garganacl\n|-damage|p2a: Garganacl|77\/100 slp\n|move|p1b: Gyarados|Waterfall|p2b: Tyranitar\n|-supereffective|p2b: Tyranitar\n|-damage|p2b: Tyranitar|0 fnt\n|faint|p2b: Tyranitar\n|cant|p2a: Garganacl|slp\n|\n|-weather|none\n|-heal|p2a: Garganacl|83\/100 slp|[from] item: Leftovers\n|upkeep\n|turn|6\n|\n|t:|1683565502\n|move|p1a: Sableye|Rain Dance|p1a: Sableye\n|-weather|RainDance\n|move|p1b: Gyarados|Waterfall|p2a: Garganacl\n|-damage|p2a: Garganacl|45\/100 slp\n|-curestatus|p2a: Garganacl|slp|[msg]\n|cant|p2a: Garganacl|flinch\n|\n|-weather|RainDance|[upkeep]\n|-heal|p2a: Garganacl|51\/100|[from] item: Leftovers\n|upkeep\n|turn|7\n|\n|t:|1683565517\n|move|p2a: Garganacl|Protect|p2a: Garganacl\n|-singleturn|p2a: Garganacl|Protect\n|move|p1b: Gyarados|Taunt|p2a: Garganacl\n|-activate|p2a: Garganacl|move: Protect\n|move|p1a: Sableye|Brick Break|p2a: Garganacl\n|-activate|p2a: Garganacl|move: Protect\n|\n|-weather|RainDance|[upkeep]\n|-heal|p2a: Garganacl|57\/100|[from] item: Leftovers\n|upkeep\n|turn|8\n|\n|t:|1683565526\n|move|p1a: Sableye|Encore|p2a: Garganacl\n|-start|p2a: Garganacl|Encore\n|move|p1b: Gyarados|Waterfall|p2a: Garganacl\n|-damage|p2a: Garganacl|18\/100\n|cant|p2a: Garganacl|flinch\n|\n|-weather|RainDance|[upkeep]\n|-heal|p2a: Garganacl|24\/100|[from] item: Leftovers\n|upkeep\n|turn|9\n|c|\u2606Mr. Darwin|gg\n|c|\u2606Mr. Darwin|god damn\n|c| judevgc|Someone do !dt mycelium might\n|\n|t:|1683565536\n|move|p2a: Garganacl|Protect|p2a: Garganacl\n|-singleturn|p2a: Garganacl|Protect\n|move|p1b: Gyarados|Waterfall|p2a: Garganacl\n|-activate|p2a: Garganacl|move: Protect\n|move|p1a: Sableye|Brick Break|p2a: Garganacl\n|-activate|p2a: Garganacl|move: Protect\n|\n|-weather|RainDance|[upkeep]\n|-heal|p2a: Garganacl|29\/100|[from] item: Leftovers\n|upkeep\n|turn|10\n|c|\u2606Mr. Darwin|!dt Mycelium might\n|raw| Mycelium Might<\/a><\/span> This Pokemon's Status moves go last in their priority bracket and ignore Abilities.<\/span> <\/li> <\/li><\/ul>\n|raw|Gen:<\/font> 9<\/font>\n\n|inactive|Mr. Darwin has 30 seconds left.\n|\n|t:|1683565564\n|move|p2a: Garganacl|Protect||[still]\n|-fail|p2a: Garganacl\n|move|p1b: Gyarados|Waterfall|p2a: Garganacl\n|-damage|p2a: Garganacl|0 fnt\n|faint|p2a: Garganacl\n|\n|win|Cigtar\n|l|\u2606Mr. Darwin\n|l| judevgc\n","uploadtime":1683566191,"views":15,"p1id":"cigtar","p2id":"mrdarwin","formatid":"gen9vgc2023regulationc","rating":0,"private":0,"password":""}