{"id":"gen9vgc2023regulationc-1852155662","p1":"Petuniaveloz58","p2":"jeffman323","format":"[Gen 9] VGC 2023 Regulation C","log":"|j|\u2606Petuniaveloz58\n|j|\u2606jeffman323\n|t:|1682528707\n|gametype|doubles\n|player|p1|Petuniaveloz58|101|1585\n|player|p2|jeffman323|steven|1637\n|teamsize|p1|6\n|teamsize|p2|6\n|gen|9\n|tier|[Gen 9] VGC 2023 Regulation C\n|rated|\n|rule|Species Clause: Limit one of each Pok\u00e9mon\n|rule|Item Clause: Limit one of each item\n|clearpoke\n|poke|p1|Iron Hands, L50|\n|poke|p1|Flutter Mane, L50|\n|poke|p1|Chi-Yu, L50|\n|poke|p1|Gyarados, L50, M|\n|poke|p1|Amoonguss, L50, M|\n|poke|p1|Ting-Lu, L50|\n|poke|p2|Hatterene, L50, F|\n|poke|p2|Azumarill, L50, M|\n|poke|p2|Brute Bonnet, L50|\n|poke|p2|Kingambit, L50, M|\n|poke|p2|Iron Hands, L50|\n|poke|p2|Stantler, L50, F|\n|teampreview|4\njeffman323 has agreed to open team sheets.\n|\n|t:|1682528741\n|start\n|switch|p1a: Flutter Mane|Flutter Mane, L50|100\/100\n|switch|p1b: Chi-Yu|Chi-Yu, L50|100\/100\n|switch|p2a: Iron Hands|Iron Hands, L50|100\/100\n|switch|p2b: Stantler|Stantler, L50, F|100\/100\n|-ability|p1b: Chi-Yu|Beads of Ruin\n|-ability|p2b: Stantler|Intimidate|boost\n|-unboost|p1a: Flutter Mane|atk|1\n|-unboost|p1b: Chi-Yu|atk|1\n|-enditem|p1a: Flutter Mane|Booster Energy\n|-activate|p1a: Flutter Mane|ability: Protosynthesis|[fromitem]\n|-start|p1a: Flutter Mane|protosynthesisspa\n|turn|1\n|\n|t:|1682528755\n|switch|p1b: Amoonguss|Amoonguss, L50, M, shiny|100\/100\n|move|p2a: Iron Hands|Fake Out|p1b: Amoonguss\n|-damage|p1b: Amoonguss|88\/100\n|move|p1a: Flutter Mane|Moonblast|p2a: Iron Hands\n|-supereffective|p2a: Iron Hands\n|-damage|p2a: Iron Hands|29\/100\n|-unboost|p2a: Iron Hands|spa|1\n|move|p2b: Stantler|Trick Room|p2b: Stantler\n|-fieldstart|move: Trick Room|[of] p2b: Stantler\n|\n|upkeep\n|turn|2\n|\n|t:|1682528776\n|-end|p2a: Iron Hands|Quark Drive|[silent]\n|switch|p2a: Kingambit|Kingambit, L50, M|100\/100\n|move|p1b: Amoonguss|Spore|p2b: Stantler\n|-status|p2b: Stantler|slp|[from] move: Spore\n|cant|p2b: Stantler|slp\n|move|p1a: Flutter Mane|Moonblast|p2a: Kingambit\n|-damage|p2a: Kingambit|40\/100\n|-unboost|p2a: Kingambit|spa|1\n|-ability|p2a: Kingambit|Defiant|boost\n|-boost|p2a: Kingambit|atk|2\n|\n|upkeep\n|turn|3\n|\n|t:|1682528808\n|move|p2a: Kingambit|Iron Head|p1a: Flutter Mane\n|-supereffective|p1a: Flutter Mane\n|-damage|p1a: Flutter Mane|0 fnt\n|faint|p1a: Flutter Mane\n|-end|p1a: Flutter Mane|Protosynthesis|[silent]\n|move|p1b: Amoonguss|Pollen Puff|p2a: Kingambit\n|-damage|p2a: Kingambit|21\/100\n|-curestatus|p2b: Stantler|slp|[msg]\n|move|p2b: Stantler|Light Screen|p2b: Stantler\n|-sidestart|p2: jeffman323|move: Light Screen\n|\n|upkeep\n|\n|t:|1682528816\n|switch|p1a: Iron Hands|Iron Hands, L50|100\/100\n|turn|4\n|\n|t:|1682528832\n|-terastallize|p2a: Kingambit|Flying\n|move|p2a: Kingambit|Tera Blast|p1b: Amoonguss\n|-supereffective|p1b: Amoonguss\n|-damage|p1b: Amoonguss|0 fnt\n|faint|p1b: Amoonguss\n|move|p1a: Iron Hands|Drain Punch|p2a: Kingambit\n|-resisted|p2a: Kingambit\n|-damage|p2a: Kingambit|6\/100\n|move|p2b: Stantler|Reflect|p2b: Stantler\n|-sidestart|p2: jeffman323|Reflect\n|\n|upkeep\n|\n|t:|1682528838\n|switch|p1b: Chi-Yu|Chi-Yu, L50|100\/100\n|-ability|p1b: Chi-Yu|Beads of Ruin\n|turn|5\n|\n|t:|1682528867\n|move|p2b: Stantler|Helping Hand|p2a: Kingambit\n|-singleturn|p2a: Kingambit|Helping Hand|[of] p2b: Stantler\n|move|p1a: Iron Hands|Detect|p1a: Iron Hands\n|-singleturn|p1a: Iron Hands|Protect\n|move|p2a: Kingambit|Tera Blast|p1a: Iron Hands\n|-activate|p1a: Iron Hands|move: Protect\n|move|p1b: Chi-Yu|Nasty Plot|p1b: Chi-Yu\n|-boost|p1b: Chi-Yu|spa|2\n|\n|-fieldend|move: Trick Room\n|upkeep\n|turn|6\n|\n|t:|1682528889\n|move|p2a: Kingambit|Sucker Punch|p1a: Iron Hands\n|-resisted|p1a: Iron Hands\n|-damage|p1a: Iron Hands|72\/100\n|move|p1b: Chi-Yu|Heat Wave|p2b: Stantler|[spread] p2a,p2b\n|-damage|p2a: Kingambit|0 fnt\n|-damage|p2b: Stantler|59\/100\n|faint|p2a: Kingambit\n|move|p1a: Iron Hands|Drain Punch|p2b: Stantler\n|-supereffective|p2b: Stantler\n|-crit|p2b: Stantler\n|-damage|p2b: Stantler|0 fnt\n|-heal|p1a: Iron Hands|93\/100|[from] drain|[of] p2b: Stantler\n|faint|p2b: Stantler\n|\n|upkeep\n|j| VGCLight\n|c|\u2606Petuniaveloz58|Soy buen\u00edsimo\n|\n|t:|1682528897\n|switch|p2b: Iron Hands|Iron Hands, L50|29\/100\n|switch|p2a: Azumarill|Azumarill, L50, M|100\/100\n|turn|7\n|j| ghyuyyy\n|\n|t:|1682528915\n|move|p1b: Chi-Yu|Protect|p1b: Chi-Yu\n|-singleturn|p1b: Chi-Yu|Protect\n|move|p1a: Iron Hands|Detect|p1a: Iron Hands\n|-singleturn|p1a: Iron Hands|Protect\n|move|p2b: Iron Hands|Fake Out|p1b: Chi-Yu\n|-activate|p1b: Chi-Yu|move: Protect\n|move|p2a: Azumarill|Aqua Jet|p1b: Chi-Yu\n|-activate|p1b: Chi-Yu|move: Protect\n|\n|-sideend|p2: jeffman323|move: Light Screen\n|upkeep\n|turn|8\n|\n|t:|1682528929\n|-terastallize|p1b: Chi-Yu|Grass\n|move|p2a: Azumarill|Aqua Jet|p1b: Chi-Yu\n|-resisted|p1b: Chi-Yu\n|-damage|p1b: Chi-Yu|85\/100\n|move|p1b: Chi-Yu|Heat Wave|p2b: Iron Hands|[spread] p2a,p2b\n|-resisted|p2a: Azumarill\n|-damage|p2a: Azumarill|54\/100\n|-damage|p2b: Iron Hands|0 fnt\n|-status|p2a: Azumarill|brn\n|-enditem|p2a: Azumarill|Lum Berry|[eat]\n|-curestatus|p2a: Azumarill|brn|[msg]\n|faint|p2b: Iron Hands\n|-end|p2b: Iron Hands|Quark Drive|[silent]\n|move|p1a: Iron Hands|Thunder Punch|p2a: Azumarill\n|-supereffective|p2a: Azumarill\n|-damage|p2a: Azumarill|0 fnt\n|faint|p2a: Azumarill\n|\n|win|Petuniaveloz58\n|raw|Petuniaveloz58's rating: 1585 → 1608<\/strong> (+23 for winning)\n|raw|jeffman323's rating: 1637 → 1614<\/strong> (-23 for losing)\n","uploadtime":1682528933,"views":17,"p1id":"petuniaveloz58","p2id":"jeffman323","formatid":"gen9vgc2023regulationc","rating":1608,"private":0,"password":""}