{"id":"gen9vgc2023regulationc-1846247432","p1":"Arra97x","p2":"esnapace","format":"[Gen 9] VGC 2023 Regulation C","log":"|j|\u2606Arra97x\n|j|\u2606esnapace\n|t:|1681825207\n|gametype|doubles\n|player|p1|Arra97x|102|1097\n|player|p2|esnapace|lillie-z|1043\n|teamsize|p1|6\n|teamsize|p2|6\n|gen|9\n|tier|[Gen 9] VGC 2023 Regulation C\n|rated|\n|rule|Species Clause: Limit one of each Pok\u00e9mon\n|rule|Item Clause: Limit one of each item\n|clearpoke\n|poke|p1|Braviary, L50, M|\n|poke|p1|Garchomp, L50, F|\n|poke|p1|Bisharp, L50, M|\n|poke|p1|Gastrodon-East, L50, M|\n|poke|p1|Amoonguss, L50, M|\n|poke|p1|Hariyama, L50, M|\n|poke|p2|Murkrow, L50, M|\n|poke|p2|Zangoose, L50, F|\n|poke|p2|Chi-Yu, L50|\n|poke|p2|Gholdengo, L50|\n|poke|p2|Hydreigon, L50, M|\n|poke|p2|Amoonguss, L50, F|\n|teampreview|4\n|\n|t:|1681825246\n|start\n|switch|p1a: Hariyama|Hariyama, L50, M|100\/100\n|switch|p1b: Amoonguss|Amoonguss, L50, M|100\/100\n|switch|p2a: Murkrow|Murkrow, L50, M|100\/100\n|switch|p2b: Zangoose|Zangoose, L50, F, shiny|100\/100\n|turn|1\n|\n|t:|1681825262\n|move|p2b: Zangoose|Protect|p2b: Zangoose\n|-singleturn|p2b: Zangoose|Protect\n|move|p1a: Hariyama|Fake Out|p2a: Murkrow\n|-damage|p2a: Murkrow|83\/100\n|cant|p2a: Murkrow|flinch\n|move|p1b: Amoonguss|Spore|p2b: Zangoose\n|-activate|p2b: Zangoose|move: Protect\n|\n|-status|p2b: Zangoose|tox|[from] item: Toxic Orb\n|-status|p1a: Hariyama|brn|[from] item: Flame Orb\n|upkeep\n|turn|2\n|\n|t:|1681825289\n|-terastallize|p1a: Hariyama|Steel\n|move|p2a: Murkrow|Tailwind|p2a: Murkrow\n|-sidestart|p2: esnapace|move: Tailwind\n|move|p1a: Hariyama|Bullet Punch|p2b: Zangoose\n|-damage|p2b: Zangoose|39\/100 tox\n|move|p2b: Zangoose|Facade|p1a: Hariyama\n|-resisted|p1a: Hariyama\n|-damage|p1a: Hariyama|48\/100 brn\n|move|p1b: Amoonguss|Spore|p2a: Murkrow\n|-status|p2a: Murkrow|slp|[from] move: Spore\n|\n|-damage|p2b: Zangoose|33\/100 tox|[from] psn\n|-damage|p1a: Hariyama|42\/100 brn|[from] brn\n|upkeep\n|turn|3\n|\n|t:|1681825305\n|switch|p2a: Chi-Yu|Chi-Yu, L50|100\/100\n|-ability|p2a: Chi-Yu|Beads of Ruin\n|move|p2b: Zangoose|Protect|p2b: Zangoose\n|-singleturn|p2b: Zangoose|Protect\n|move|p1a: Hariyama|Bullet Punch|p2b: Zangoose\n|-activate|p2b: Zangoose|move: Protect\n|move|p1b: Amoonguss|Pollen Puff|p1a: Hariyama\n|-heal|p1a: Hariyama|92\/100 brn\n|\n|-damage|p2b: Zangoose|21\/100 tox|[from] psn\n|-damage|p1a: Hariyama|86\/100 brn|[from] brn\n|upkeep\n|turn|4\n|\n|t:|1681825321\n|switch|p2b: Murkrow|Murkrow, L50, M|83\/100 slp\n|move|p1a: Hariyama|Bullet Punch|p2b: Murkrow\n|-damage|p2b: Murkrow|44\/100 slp\n|move|p2a: Chi-Yu|Heat Wave|p1b: Amoonguss|[spread] p1b\n|-miss|p2a: Chi-Yu|p1a: Hariyama\n|-supereffective|p1b: Amoonguss\n|-crit|p1b: Amoonguss\n|-damage|p1b: Amoonguss|0 fnt\n|faint|p1b: Amoonguss\n|\n|-damage|p1a: Hariyama|80\/100 brn|[from] brn\n|upkeep\n|\n|t:|1681825329\n|switch|p1b: Braviary|Braviary, L50, M|100\/100\n|turn|5\n|\n|t:|1681825342\n|cant|p2b: Murkrow|slp\n|move|p1a: Hariyama|Bullet Punch|p2b: Murkrow\n|-damage|p2b: Murkrow|2\/100 slp\n|move|p2a: Chi-Yu|Heat Wave|p1a: Hariyama|[spread] p1a,p1b\n|-supereffective|p1a: Hariyama\n|-damage|p1a: Hariyama|0 fnt\n|-damage|p1b: Braviary|61\/100\n|-status|p1b: Braviary|brn\n|faint|p1a: Hariyama\n|move|p1b: Braviary|Tailwind|p1b: Braviary\n|-sidestart|p1: Arra97x|move: Tailwind\n|\n|-damage|p1b: Braviary|55\/100 brn|[from] brn\n|-sideend|p2: esnapace|move: Tailwind\n|upkeep\n|\n|t:|1681825346\n|switch|p1a: Garchomp|Garchomp, L50, F|100\/100\n|turn|6\n|\n|t:|1681825369\n|-terastallize|p2a: Chi-Yu|Grass\n|-curestatus|p2b: Murkrow|slp|[msg]\n|move|p2b: Murkrow|Tailwind|p2b: Murkrow\n|-sidestart|p2: esnapace|move: Tailwind\n|move|p2a: Chi-Yu|Dark Pulse|p1a: Garchomp\n|-damage|p1a: Garchomp|56\/100\n|move|p1a: Garchomp|Swords Dance|p1a: Garchomp\n|-boost|p1a: Garchomp|atk|2\n|move|p1b: Braviary|Body Slam|p2b: Murkrow\n|-enditem|p1b: Braviary|Normal Gem|[from] gem\n|-damage|p2b: Murkrow|0 fnt\n|faint|p2b: Murkrow\n|\n|-damage|p1b: Braviary|49\/100 brn|[from] brn\n|upkeep\n|\n|t:|1681825398\n|switch|p2b: Zangoose|Zangoose, L50, F, shiny|21\/100 tox\n|turn|7\n|\n|t:|1681825412\n|move|p2a: Chi-Yu|Dark Pulse|p1a: Garchomp\n|-damage|p1a: Garchomp|9\/100\n|move|p2b: Zangoose|Facade|p1b: Braviary\n|-damage|p1b: Braviary|0 fnt\n|faint|p1b: Braviary\n|move|p1a: Garchomp|Earthquake|p2a: Chi-Yu|[spread] p2a,p2b\n|-resisted|p2a: Chi-Yu\n|-damage|p2a: Chi-Yu|50\/100\n|-damage|p2b: Zangoose|0 fnt\n|faint|p2b: Zangoose\n|\n|upkeep\n|\n|t:|1681825422\n|switch|p2b: Hydreigon|Hydreigon, L50, M|100\/100\n|turn|8\n|\n|t:|1681825428\n|move|p2a: Chi-Yu|Dark Pulse|p1a: Garchomp\n|-damage|p1a: Garchomp|0 fnt\n|faint|p1a: Garchomp\n|\n|win|esnapace\n|raw|Arra97x's rating: 1097 → 1069<\/strong> (-28 for losing)\n|raw|esnapace's rating: 1043 → 1082<\/strong> (+39 for winning)\n|l|\u2606Arra97x\n","uploadtime":1681825436,"views":8,"p1id":"arra97x","p2id":"esnapace","formatid":"gen9vgc2023regulationc","rating":1069,"private":0,"password":""}