{"id":"gen9vgc2023regulationc-1863032237","p1":"Santiagoht27","p2":"2245663y","format":"[Gen 9] VGC 2023 Regulation C","log":"|j|\u2606Santiagoht27\n|j|\u26062245663y\n|t:|1683955754\n|gametype|doubles\n|player|p1|Santiagoht27|steven|1364\n|player|p2|2245663y|dawn-gen4pt|1391\n|teamsize|p1|6\n|teamsize|p2|6\n|gen|9\n|tier|[Gen 9] VGC 2023 Regulation C\n|rated|\n|rule|Species Clause: Limit one of each Pok\u00e9mon\n|rule|Item Clause: Limit one of each item\n|clearpoke\n|poke|p1|Bronzong, L50|\n|poke|p1|Ting-Lu, L50|\n|poke|p1|Flutter Mane, L50|\n|poke|p1|Azumarill, L50, M|\n|poke|p1|Iron Hands, L50|\n|poke|p1|Volcarona, L50, F|\n|poke|p2|Kingambit, L50, M|\n|poke|p2|Torkoal, L50, F|\n|poke|p2|Flutter Mane, L50|\n|poke|p2|Jumpluff, L50, F|\n|poke|p2|Great Tusk, L50|\n|poke|p2|Chien-Pao, L50|\n|teampreview|4\n|\n|t:|1683955791\n|start\n|switch|p1a: ZORK|Bronzong, L50|100\/100\n|switch|p1b: LUTER|Ting-Lu, L50|100\/100\n|switch|p2a: Flutter Mane|Flutter Mane, L50|100\/100\n|switch|p2b: Torkoal|Torkoal, L50, F|100\/100\n|-ability|p1b: LUTER|Vessel of Ruin\n|-weather|SunnyDay|[from] ability: Drought|[of] p2b: Torkoal\n|-activate|p2a: Flutter Mane|ability: Protosynthesis\n|-start|p2a: Flutter Mane|protosynthesisspa\n|turn|1\n|\n|t:|1683955816\n|-terastallize|p2a: Flutter Mane|Fairy\n|move|p1a: ZORK|Helping Hand|p1b: LUTER\n|-singleturn|p1b: LUTER|Helping Hand|[of] p1a: ZORK\n|move|p2b: Torkoal|Helping Hand|p2a: Flutter Mane\n|-singleturn|p2a: Flutter Mane|Helping Hand|[of] p2b: Torkoal\n|move|p2a: Flutter Mane|Moonblast|p1b: LUTER\n|-supereffective|p1b: LUTER\n|-damage|p1b: LUTER|0 fnt\n|faint|p1b: LUTER\n|\n|-weather|SunnyDay|[upkeep]\n|upkeep\n|\n|t:|1683955831\n|switch|p1b: CUCO|Volcarona, L50, F|100\/100\n|turn|2\n|\n|t:|1683955846\n|-end|p2a: Flutter Mane|Protosynthesis|[silent]\n|switch|p2a: Chien-Pao|Chien-Pao, L50|100\/100\n|-ability|p2a: Chien-Pao|Sword of Ruin\n|-terastallize|p1b: CUCO|Water\n|move|p1b: CUCO|Quiver Dance|p1b: CUCO\n|-boost|p1b: CUCO|spa|1\n|-boost|p1b: CUCO|spd|1\n|-boost|p1b: CUCO|spe|1\n|move|p1a: ZORK|Gyro Ball|p2a: Chien-Pao\n|-supereffective|p2a: Chien-Pao\n|-enditem|p2a: Chien-Pao|Focus Sash\n|-damage|p2a: Chien-Pao|1\/100\n|move|p2b: Torkoal|Overheat|p1a: ZORK\n|-supereffective|p1a: ZORK\n|-damage|p1a: ZORK|0 fnt\n|-unboost|p2b: Torkoal|spa|2\n|-enditem|p2b: Torkoal|Eject Pack\n|faint|p1a: ZORK\n|\n|t:|1683955869\n|switch|p2b: Flutter Mane|Flutter Mane, L50, tera:Fairy|100\/100\n|-activate|p2b: Flutter Mane|ability: Protosynthesis\n|-start|p2b: Flutter Mane|protosynthesisspa\n|\n|-weather|SunnyDay|[upkeep]\n|upkeep\n|\n|t:|1683955875\n|switch|p1a: MOIRA|Flutter Mane, L50|100\/100\n|-activate|p1a: MOIRA|ability: Protosynthesis\n|-start|p1a: MOIRA|protosynthesisspe\n|turn|3\n|\n|t:|1683955882\n|move|p2a: Chien-Pao|Sucker Punch|p1b: CUCO\n|-damage|p1b: CUCO|27\/100\n|move|p1a: MOIRA|Dazzling Gleam|p2a: Chien-Pao|[spread] p2a,p2b\n|-supereffective|p2a: Chien-Pao\n|-damage|p2a: Chien-Pao|0 fnt\n|-damage|p2b: Flutter Mane|60\/100\n|faint|p2a: Chien-Pao\n|-damage|p1a: MOIRA|90\/100|[from] item: Life Orb\n|move|p1b: CUCO|Heat Wave|p2b: Flutter Mane\n|-damage|p2b: Flutter Mane|0 fnt\n|faint|p2b: Flutter Mane\n|-end|p2b: Flutter Mane|Protosynthesis|[silent]\n|\n|-weather|SunnyDay|[upkeep]\n|upkeep\n|\n|t:|1683955888\n|switch|p2a: Torkoal|Torkoal, L50, F|100\/100\n|switch|p2b: Kingambit|Kingambit, L50, M|100\/100\n|turn|4\n|\n|t:|1683955910\n|move|p2b: Kingambit|Sucker Punch||[still]\n|-fail|p2b: Kingambit\n|move|p1a: MOIRA|Moonblast|p2b: Kingambit\n|-damage|p2b: Kingambit|54\/100\n|-damage|p1a: MOIRA|80\/100|[from] item: Life Orb\n|move|p1b: CUCO|Quiver Dance|p1b: CUCO\n|-boost|p1b: CUCO|spa|1\n|-boost|p1b: CUCO|spd|1\n|-boost|p1b: CUCO|spe|1\n|move|p2a: Torkoal|Overheat|p1a: MOIRA\n|-damage|p1a: MOIRA|0 fnt\n|-unboost|p2a: Torkoal|spa|2\n|faint|p1a: MOIRA\n|-end|p1a: MOIRA|Protosynthesis|[silent]\n|\n|-weather|SunnyDay|[upkeep]\n|upkeep\n|turn|5\n|\n|t:|1683955935\n|move|p2b: Kingambit|Sucker Punch|p1b: CUCO\n|-damage|p1b: CUCO|0 fnt\n|faint|p1b: CUCO\n|\n|win|2245663y\n|raw|Santiagoht27's rating: 1364 → 1346<\/strong> (-18 for losing)\n|raw|2245663y's rating: 1391 → 1409<\/strong> (+18 for winning)\n|c|\u2606Santiagoht27|gg\n|l|\u2606Santiagoht27\n","uploadtime":1683955943,"views":12,"p1id":"santiagoht27","p2id":"2245663y","formatid":"gen9vgc2023regulationc","rating":1346,"private":0,"password":""}