{"id":"gen9vgc2023regulationc-1848847919","p1":"Alofpaca","p2":"Esspecialy","format":"[Gen 9] VGC 2023 Regulation C","log":"|j|\u2606Alofpaca\n|j|\u2606Esspecialy\n|t:|1682117082\n|gametype|doubles\n|player|p1|Alofpaca|waitress-gen4|1224\n|player|p2|Esspecialy|burglar|1291\n|teamsize|p1|6\n|teamsize|p2|6\n|gen|9\n|tier|[Gen 9] VGC 2023 Regulation C\n|rated|\n|rule|Species Clause: Limit one of each Pok\u00e9mon\n|rule|Item Clause: Limit one of each item\n|clearpoke\n|poke|p1|Ting-Lu, L50|\n|poke|p1|Bronzong, L50|\n|poke|p1|Gholdengo, L50|\n|poke|p1|Roaring Moon, L50|\n|poke|p1|Arcanine, L50, F|\n|poke|p1|Wo-Chien, L50|\n|poke|p2|Annihilape, L50, M|\n|poke|p2|Gholdengo, L50|\n|poke|p2|Maushold, L50|\n|poke|p2|Arcanine, L50, F|\n|poke|p2|Roaring Moon, L50|\n|poke|p2|Iron Bundle, L50|\n|teampreview|4\nEsspecialy has agreed to open team sheets.\n|\n|t:|1682117119\n|start\n|switch|p1a: Roaring Moon|Roaring Moon, L50|100\/100\n|switch|p1b: Ting-Lu|Ting-Lu, L50|100\/100\n|switch|p2a: Annihilape|Annihilape, L50, M|100\/100\n|switch|p2b: Maushold|Maushold, L50|100\/100\n|-ability|p1b: Ting-Lu|Vessel of Ruin\n|-enditem|p1a: Roaring Moon|Booster Energy\n|-activate|p1a: Roaring Moon|ability: Protosynthesis|[fromitem]\n|-start|p1a: Roaring Moon|protosynthesisspe\n|turn|1\n|\n|t:|1682117134\n|-terastallize|p1a: Roaring Moon|Flying\n|-terastallize|p2a: Annihilape|Water\n|move|p1a: Roaring Moon|Tailwind|p1a: Roaring Moon\n|-sidestart|p1: Alofpaca|move: Tailwind\n|move|p1b: Ting-Lu|Earthquake|p2a: Annihilape|[spread] p2a,p2b\n|-immune|p1a: Roaring Moon\n|-damage|p2a: Annihilape|64\/100\n|-damage|p2b: Maushold|35\/100\n|move|p2b: Maushold|Beat Up|p2a: Annihilape\n|-damage|p2a: Annihilape|62\/100\n|-damage|p2a: Annihilape|60\/100\n|-damage|p2a: Annihilape|58\/100\n|-damage|p2a: Annihilape|56\/100\n|-hitcount|p2a: Annihilape|4\n|move|p2a: Annihilape|Drain Punch|p1b: Ting-Lu\n|-supereffective|p1b: Ting-Lu\n|-damage|p1b: Ting-Lu|53\/100\n|-heal|p2a: Annihilape|82\/100|[from] drain|[of] p1b: Ting-Lu\n|\n|upkeep\n|turn|2\n|\n|t:|1682117154\n|move|p2b: Maushold|Protect|p2b: Maushold\n|-singleturn|p2b: Maushold|Protect\n|move|p1a: Roaring Moon|Acrobatics|p2a: Annihilape\n|-damage|p2a: Annihilape|39\/100\n|-enditem|p2a: Annihilape|Sitrus Berry|[eat]\n|-heal|p2a: Annihilape|64\/100|[from] item: Sitrus Berry\n|move|p1b: Ting-Lu|Earthquake|p2b: Maushold|[spread] p2a\n|-activate|p2b: Maushold|move: Protect\n|-immune|p1a: Roaring Moon\n|-damage|p2a: Annihilape|24\/100\n|move|p2a: Annihilape|Bulk Up|p2a: Annihilape\n|-boost|p2a: Annihilape|atk|1\n|-boost|p2a: Annihilape|def|1\n|\n|upkeep\n|turn|3\n|\n|t:|1682117180\n|move|p2b: Maushold|Protect||[still]\n|-fail|p2b: Maushold\n|move|p2a: Annihilape|Protect|p2a: Annihilape\n|-singleturn|p2a: Annihilape|Protect\n|move|p1a: Roaring Moon|Acrobatics|p2a: Annihilape\n|-activate|p2a: Annihilape|move: Protect\n|move|p1b: Ting-Lu|Earthquake|p2b: Maushold|[spread] p2b\n|-activate|p2a: Annihilape|move: Protect\n|-immune|p1a: Roaring Moon\n|-damage|p2b: Maushold|0 fnt\n|faint|p2b: Maushold\n|\n|upkeep\n|\n|t:|1682117187\n|switch|p2b: Iron Bundle|Iron Bundle, L50, shiny|100\/100\n|turn|4\n|\n|t:|1682117200\n|move|p1a: Roaring Moon|Acrobatics|p2a: Annihilape\n|-damage|p2a: Annihilape|0 fnt\n|faint|p2a: Annihilape\n|move|p1b: Ting-Lu|Earthquake|p2b: Iron Bundle|[spread] p2b\n|-immune|p1a: Roaring Moon\n|-crit|p2b: Iron Bundle\n|-enditem|p2b: Iron Bundle|Focus Sash\n|-damage|p2b: Iron Bundle|1\/100\n|move|p2b: Iron Bundle|Freeze-Dry|p1b: Ting-Lu\n|-supereffective|p1b: Ting-Lu\n|-damage|p1b: Ting-Lu|6\/100\n|\n|-sideend|p1: Alofpaca|move: Tailwind\n|upkeep\n|\n|t:|1682117203\n|switch|p2a: Arcanine|Arcanine, L50, F|100\/100\n|-ability|p2a: Arcanine|Intimidate|boost\n|-unboost|p1a: Roaring Moon|atk|1\n|-unboost|p1b: Ting-Lu|atk|1\n|turn|5\n|\n|t:|1682117231\n|move|p1a: Roaring Moon|Breaking Swipe|p2a: Arcanine|[spread] p2a,p2b\n|-crit|p2a: Arcanine\n|-damage|p2a: Arcanine|64\/100\n|-damage|p2b: Iron Bundle|0 fnt\n|-unboost|p2a: Arcanine|atk|1\n|faint|p2b: Iron Bundle\n|-end|p2b: Iron Bundle|Quark Drive|[silent]\n|move|p2a: Arcanine|Flare Blitz|p1a: Roaring Moon\n|-damage|p1a: Roaring Moon|53\/100\n|-damage|p2a: Arcanine|49\/100|[from] Recoil\n|move|p1b: Ting-Lu|Earthquake|p2a: Arcanine|[spread] p2a\n|-immune|p1a: Roaring Moon\n|-supereffective|p2a: Arcanine\n|-damage|p2a: Arcanine|0 fnt\n|faint|p2a: Arcanine\n|\n|win|Alofpaca\n|raw|Alofpaca's rating: 1224 → 1254<\/strong> (+30 for winning)\n|raw|Esspecialy's rating: 1291 → 1261<\/strong> (-30 for losing)\n","uploadtime":1682117243,"views":10,"p1id":"alofpaca","p2id":"esspecialy","formatid":"gen9vgc2023regulationc","rating":1254,"private":0,"password":""}