{"id":"gen9vgc2023regulationc-1855859831","p1":"768\u53f7\u6b66\u58ebmax","p2":"dltme xqiht","format":"[Gen 9] VGC 2023 Regulation C","log":"|j|\u2606768\u53f7\u6b66\u58ebmax\n|j|\u2606dltme xqiht\n|t:|1682992822\n|gametype|doubles\n|player|p1|768\u53f7\u6b66\u58ebmax|guzma|\n|player|p2|dltme xqiht|diantha-masters|\n|teamsize|p1|6\n|teamsize|p2|6\n|gen|9\n|tier|[Gen 9] VGC 2023 Regulation C\n|rule|Species Clause: Limit one of each Pok\u00e9mon\n|rule|Item Clause: Limit one of each item\n|clearpoke\n|poke|p1|Tyranitar, L50, M|\n|poke|p1|Lycanroc, L50, M|\n|poke|p1|Indeedee-F, L50, F|\n|poke|p1|Ting-Lu, L50|\n|poke|p1|Annihilape, L50, M|\n|poke|p1|Flutter Mane, L50|\n|poke|p2|Palafin, L50, F|\n|poke|p2|Chien-Pao, L50|\n|poke|p2|Dragapult, L50, F|\n|poke|p2|Amoonguss, L50, F|\n|poke|p2|Arcanine, L50, M|\n|poke|p2|Flutter Mane, L50|\n|teampreview|4\ndltme xqiht has agreed to open team sheets.\n768\u53f7\u6b66\u58ebmax has agreed to open team sheets.\n|inactive|Battle timer is ON: inactive players will automatically lose when time's up. (requested by dltme xqiht)\n|\n|t:|1682992885\n|start\n|switch|p1a: Tyranitar|Tyranitar, L50, M, shiny|100\/100\n|switch|p1b: Lycanroc|Lycanroc, L50, M|100\/100\n|switch|p2a: Dozo|Palafin, L50, F|100\/100\n|switch|p2b: Dnite|Dragapult, L50, F|100\/100\n|-weather|Sandstorm|[from] ability: Sand Stream|[of] p1a: Tyranitar\n|turn|1\n|inactive|768\u53f7\u6b66\u58ebmax has 30 seconds left.\n|\n|t:|1682992915\n|detailschange|p2a: Dozo|Palafin-Hero, L50, F\n|switch|p2a: WoChien|Amoonguss, L50, F|100\/100\n|-terastallize|p2b: Dnite|Steel\n|move|p1b: Lycanroc|Rock Slide|p2b: Dnite|[spread] p2a,p2b\n|-crit|p2a: WoChien\n|-resisted|p2b: Dnite\n|-damage|p2a: WoChien|60\/100\n|-damage|p2b: Dnite|82\/100\n|cant|p2b: Dnite|flinch\n|move|p1a: Tyranitar|Assurance|p2b: Dnite\n|-damage|p2b: Dnite|0 fnt\n|faint|p2b: Dnite\n|\n|-weather|Sandstorm|[upkeep]\n|-damage|p2a: WoChien|55\/100|[from] Sandstorm\n|upkeep\n|c|\u2606dltme xqiht|\uff1f\uff1f\uff1f\/\uff1f\n|\n|t:|1682992930\n|switch|p2b: Dozo|Palafin-Hero, L50, F|100\/100\n|-activate|p2b: Dozo|ability: Zero to Hero\n|turn|2\n|\n|t:|1682992944\n|move|p2b: Dozo|Protect|p2b: Dozo\n|-singleturn|p2b: Dozo|Protect\n|move|p1b: Lycanroc|Rock Slide|p2a: WoChien|[spread] p2a\n|-activate|p2b: Dozo|move: Protect\n|-damage|p2a: WoChien|31\/100\n|-enditem|p2a: WoChien|Sitrus Berry|[eat]\n|-heal|p2a: WoChien|56\/100|[from] item: Sitrus Berry\n|move|p1a: Tyranitar|Assurance|p2a: WoChien\n|-damage|p2a: WoChien|0 fnt\n|faint|p2a: WoChien\n|\n|-weather|Sandstorm|[upkeep]\n|-damage|p2b: Dozo|95\/100|[from] Sandstorm\n|upkeep\n|\n|t:|1682992954\n|switch|p2a: Bundle|Chien-Pao, L50|100\/100\n|-ability|p2a: Bundle|Sword of Ruin\n|turn|3\n|inactive|768\u53f7\u6b66\u58ebmax has 30 seconds left.\n|\n|t:|1682992983\n|move|p2a: Bundle|Protect|p2a: Bundle\n|-singleturn|p2a: Bundle|Protect\n|move|p1b: Lycanroc|Accelerock|p2a: Bundle\n|-activate|p2a: Bundle|move: Protect\n|move|p2b: Dozo|Wave Crash|p1a: Tyranitar\n|-supereffective|p1a: Tyranitar\n|-damage|p1a: Tyranitar|0 fnt\n|faint|p1a: Tyranitar\n|-damage|p2b: Dozo|62\/100|[from] Recoil\n|\n|-weather|Sandstorm|[upkeep]\n|-damage|p2a: Bundle|95\/100|[from] Sandstorm\n|-damage|p2b: Dozo|56\/100|[from] Sandstorm\n|upkeep\n|c|\u2606dltme xqiht|\u70b9\u4e86\n|c|\u2606dltme xqiht|\u592a\u6076\u5fc3\u4e86\u8fd9\u6e38\u620f\n|\n|t:|1682992999\n|switch|p1a: Ting-Lu|Ting-Lu, L50|100\/100\n|-ability|p1a: Ting-Lu|Vessel of Ruin\n|turn|4\n|\n|t:|1682993014\n|-terastallize|p1a: Ting-Lu|Fairy\n|move|p1b: Lycanroc|Accelerock|p2a: Bundle\n|-supereffective|p2a: Bundle\n|-damage|p2a: Bundle|36\/100\n|move|p2a: Bundle|Sucker Punch||[still]\n|-fail|p2a: Bundle\n|move|p2b: Dozo|Jet Punch|p1b: Lycanroc\n|-supereffective|p1b: Lycanroc\n|-enditem|p1b: Lycanroc|Focus Sash\n|-damage|p1b: Lycanroc|1\/100\n|move|p1a: Ting-Lu|Heavy Slam|p2a: Bundle\n|-supereffective|p2a: Bundle\n|-damage|p2a: Bundle|0 fnt\n|faint|p2a: Bundle\n|\n|-weather|Sandstorm|[upkeep]\n|-damage|p2b: Dozo|50\/100|[from] Sandstorm\n|-damage|p1a: Ting-Lu|94\/100|[from] Sandstorm\n|upkeep\n|turn|5\n|\n|t:|1682993038\n|move|p1b: Lycanroc|Protect|p1b: Lycanroc\n|-singleturn|p1b: Lycanroc|Protect\n|move|p2b: Dozo|Protect|p2b: Dozo\n|-singleturn|p2b: Dozo|Protect\n|move|p1a: Ting-Lu|Stomping Tantrum|p2b: Dozo\n|-activate|p2b: Dozo|move: Protect\n|\n|-weather|none\n|upkeep\n|turn|6\n|\n|t:|1682993052\n|move|p1b: Lycanroc|Accelerock|p2b: Dozo\n|-damage|p2b: Dozo|30\/100\n|move|p2b: Dozo|Jet Punch|p1b: Lycanroc\n|-supereffective|p1b: Lycanroc\n|-damage|p1b: Lycanroc|0 fnt\n|faint|p1b: Lycanroc\n|move|p1a: Ting-Lu|Stomping Tantrum|p2b: Dozo\n|-damage|p2b: Dozo|4\/100\n|\n|upkeep\n|\n|t:|1682993059\n|switch|p1b: Flutter Mane|Flutter Mane, L50, shiny|100\/100\n|-enditem|p1b: Flutter Mane|Booster Energy\n|-activate|p1b: Flutter Mane|ability: Protosynthesis|[fromitem]\n|-start|p1b: Flutter Mane|protosynthesisspe\n|turn|7\n|c|\u2606dltme xqiht|bg\n|\n|t:|1682993067\n|move|p2b: Dozo|Jet Punch|p1b: Flutter Mane\n|-damage|p1b: Flutter Mane|24\/100\n|move|p1b: Flutter Mane|Shadow Ball|p2b: Dozo\n|-damage|p2b: Dozo|0 fnt\n|faint|p2b: Dozo\n|\n|win|768\u53f7\u6b66\u58ebmax\n|l|\u2606dltme xqiht\n","uploadtime":1682993213,"views":16,"p1id":"768max","p2id":"dltmexqiht","formatid":"gen9vgc2023regulationc","rating":0,"private":0,"password":""}