{"id":"gen9vgc2023regulationc-1846676776","p1":"jyhgfguy","p2":"bumbumber","format":"[Gen 9] VGC 2023 Regulation C","log":"|j|\u2606jyhgfguy\n|j|\u2606bumbumber\n|t:|1681864674\n|gametype|doubles\n|player|p1|jyhgfguy|169|1160\n|player|p2|bumbumber|266|1128\n|teamsize|p1|6\n|teamsize|p2|6\n|gen|9\n|tier|[Gen 9] VGC 2023 Regulation C\n|rated|\n|rule|Species Clause: Limit one of each Pok\u00e9mon\n|rule|Item Clause: Limit one of each item\n|clearpoke\n|poke|p1|Torkoal, L50, F|\n|poke|p1|Chi-Yu, L50|\n|poke|p1|Bronzong, L50|\n|poke|p1|Gastrodon, L50, M|\n|poke|p1|Grimmsnarl, L50, M|\n|poke|p1|Skeledirge, L50, M|\n|poke|p2|Abomasnow, L50, M|\n|poke|p2|Chien-Pao, L50|\n|poke|p2|Frosmoth, L50, M|\n|poke|p2|Iron Bundle, L50|\n|poke|p2|Beartic, L50, F|\n|poke|p2|Baxcalibur, L50, F|\n|teampreview|4\n|inactive|Battle timer is ON: inactive players will automatically lose when time's up. (requested by jyhgfguy)\n|\n|t:|1681864703\n|start\n|switch|p1a: Grimmsnarl|Grimmsnarl, L50, M|100\/100\n|switch|p1b: Torkoal|Torkoal, L50, F|100\/100\n|switch|p2a: Abomasnow|Abomasnow, L50, M|100\/100\n|switch|p2b: Baxcalibur|Baxcalibur, L50, F|100\/100\n|-weather|Snow|[from] ability: Snow Warning|[of] p2a: Abomasnow\n|-weather|SunnyDay|[from] ability: Drought|[of] p1b: Torkoal\n|turn|1\n|inactive|bumbumber has 30 seconds left.\n|\n|t:|1681864730\n|switch|p2a: Iron Bundle|Iron Bundle, L50|100\/100\n|-enditem|p2a: Iron Bundle|Booster Energy\n|-activate|p2a: Iron Bundle|ability: Quark Drive|[fromitem]\n|-start|p2a: Iron Bundle|quarkdrivespe\n|move|p1b: Torkoal|Protect|p1b: Torkoal\n|-singleturn|p1b: Torkoal|Protect\n|move|p2b: Baxcalibur|Dragon Dance|p2b: Baxcalibur\n|-boost|p2b: Baxcalibur|atk|1\n|-boost|p2b: Baxcalibur|spe|1\n|move|p1a: Grimmsnarl|Spirit Break|p2a: Iron Bundle\n|-damage|p2a: Iron Bundle|55\/100\n|-unboost|p2a: Iron Bundle|spa|1\n|\n|-weather|SunnyDay|[upkeep]\n|upkeep\n|turn|2\n|\n|t:|1681864753\n|switch|p1b: Bronzong|Bronzong, L50|100\/100\n|move|p1a: Grimmsnarl|Trick|p2b: Baxcalibur\n|-activate|p1a: Grimmsnarl|move: Trick|[of] p2b: Baxcalibur\n|-item|p2b: Baxcalibur|Lagging Tail|[from] move: Trick\n|-item|p1a: Grimmsnarl|Mago Berry|[from] move: Trick\n|move|p2a: Iron Bundle|Hydro Pump|p1b: Bronzong\n|-damage|p1b: Bronzong|85\/100\n|move|p2b: Baxcalibur|Icicle Crash|p1a: Grimmsnarl|[miss]\n|-miss|p2b: Baxcalibur|p1a: Grimmsnarl\n|\n|-weather|SunnyDay|[upkeep]\n|upkeep\n|turn|3\n|inactive|bumbumber has 30 seconds left.\n|\n|t:|1681864784\n|move|p2a: Iron Bundle|Snowscape|p2a: Iron Bundle\n|-weather|Snow\n|move|p1a: Grimmsnarl|Spirit Break|p2b: Baxcalibur\n|-supereffective|p2b: Baxcalibur\n|-damage|p2b: Baxcalibur|49\/100\n|-unboost|p2b: Baxcalibur|spa|1\n|move|p1b: Bronzong|Body Press|p2b: Baxcalibur\n|-supereffective|p2b: Baxcalibur\n|-damage|p2b: Baxcalibur|13\/100\n|move|p2b: Baxcalibur|Dragon Dance|p2b: Baxcalibur\n|-boost|p2b: Baxcalibur|atk|1\n|-boost|p2b: Baxcalibur|spe|1\n|\n|-weather|Snow|[upkeep]\n|upkeep\n|turn|4\n|inactive|bumbumber has 30 seconds left.\n|\n|t:|1681864816\n|move|p2a: Iron Bundle|Blizzard|p1a: Grimmsnarl|[spread] p1a,p1b\n|-crit|p1a: Grimmsnarl\n|-resisted|p1b: Bronzong\n|-damage|p1a: Grimmsnarl|29\/100\n|-damage|p1b: Bronzong|73\/100\n|move|p1a: Grimmsnarl|Spirit Break|p2b: Baxcalibur\n|-supereffective|p2b: Baxcalibur\n|-damage|p2b: Baxcalibur|0 fnt\n|faint|p2b: Baxcalibur\n|move|p1b: Bronzong|Trick Room|p1b: Bronzong\n|-fieldstart|move: Trick Room|[of] p1b: Bronzong\n|\n|-weather|Snow|[upkeep]\n|upkeep\n|\n|t:|1681864831\n|switch|p2b: Abomasnow|Abomasnow, L50, M|100\/100\n|turn|5\n|\n|t:|1681864840\n|switch|p1a: Torkoal|Torkoal, L50, F|100\/100\n|-weather|SunnyDay|[from] ability: Drought|[of] p1a: Torkoal\n|move|p1b: Bronzong|Body Press|p2a: Iron Bundle\n|-supereffective|p2a: Iron Bundle\n|-damage|p2a: Iron Bundle|0 fnt\n|faint|p2a: Iron Bundle\n|-end|p2a: Iron Bundle|Quark Drive|[silent]\n|move|p2b: Abomasnow|Aurora Veil||[still]\n|-fail|p2b: Abomasnow\n|\n|-weather|SunnyDay|[upkeep]\n|upkeep\n|\n|t:|1681864850\n|switch|p2a: Chien-Pao|Chien-Pao, L50|100\/100\n|-ability|p2a: Chien-Pao|Sword of Ruin\n|turn|6\n|-message|bumbumber forfeited.\n|\n|win|jyhgfguy\n|raw|jyhgfguy's rating: 1160 → 1183<\/strong> (+23 for winning)\n|raw|bumbumber's rating: 1128 → 1105<\/strong> (-23 for losing)\n|l|\u2606bumbumber\n","uploadtime":1681864855,"views":7,"p1id":"jyhgfguy","p2id":"bumbumber","formatid":"gen9vgc2023regulationc","rating":1105,"private":0,"password":""}