{"id":"gen9vgc2023regulationc-1857820223","p1":"Publio Tolomeo","p2":"PokemonOG92 #4489","format":"[Gen 9] VGC 2023 Regulation C","log":"|j|\u2606Publio Tolomeo\n|j|\u2606PokemonOG92 #4489\n|t:|1683235224\n|gametype|doubles\n|player|p1|Publio Tolomeo|ghetsis-gen5bw|1152\n|player|p2|PokemonOG92 #4489|hilbert|1196\n|teamsize|p1|6\n|teamsize|p2|6\n|gen|9\n|tier|[Gen 9] VGC 2023 Regulation C\n|rated|\n|rule|Species Clause: Limit one of each Pok\u00e9mon\n|rule|Item Clause: Limit one of each item\n|clearpoke\n|poke|p1|Chien-Pao, L50|\n|poke|p1|Kilowattrel, L50, M|\n|poke|p1|Great Tusk, L50|\n|poke|p1|Drednaw, L50, F|\n|poke|p1|Orthworm, L50, F|\n|poke|p1|Murkrow, L50, F|\n|poke|p2|Umbreon, L50, F|\n|poke|p2|Armarouge, L50, F|\n|poke|p2|Indeedee-F, L50, F|\n|poke|p2|Flamigo, L50, F|\n|poke|p2|Iron Valiant, L50|\n|poke|p2|Greedent, L50, M|\n|teampreview|4\n|inactive|Battle timer is ON: inactive players will automatically lose when time's up. (requested by PokemonOG92 #4489)\n|\n|t:|1683235249\n|start\n|switch|p1a: Kilowattrel|Kilowattrel, L50, M|100\/100\n|switch|p1b: Orthworm|Orthworm, L50, F|100\/100\n|switch|p2a: Armarouge|Armarouge, L50, F|100\/100\n|switch|p2b: Iron Squirrel|Greedent, L50, M|100\/100\n|turn|1\n|\n|t:|1683235268\n|-terastallize|p1b: Orthworm|Fire\n|move|p1a: Kilowattrel|Air Cutter|p2b: Iron Squirrel|[spread] p2a,p2b\n|-crit|p2a: Armarouge\n|-damage|p2a: Armarouge|72\/100\n|-damage|p2b: Iron Squirrel|79\/100\n|move|p2a: Armarouge|Heat Wave|p1b: Orthworm|[spread] p1a,p1b\n|-resisted|p1b: Orthworm\n|-damage|p1a: Kilowattrel|30\/100\n|-damage|p1b: Orthworm|80\/100\n|move|p1b: Orthworm|Shed Tail|p1b: Orthworm\n|-start|p1b: Orthworm|Substitute|[from] move: Shed Tail\n|-damage|p1b: Orthworm|29\/100\n|\n|t:|1683235278\n|switch|p1b: Drednaw|Drednaw, L50, F|100\/100|[from] Shed Tail\n|move|p2b: Iron Squirrel|Belly Drum|p2b: Iron Squirrel\n|-damage|p2b: Iron Squirrel|29\/100\n|-setboost|p2b: Iron Squirrel|atk|6|[from] move: Belly Drum\n|-enditem|p2b: Iron Squirrel|Sitrus Berry|[eat]\n|-heal|p2b: Iron Squirrel|53\/100|[from] item: Sitrus Berry\n|-heal|p2b: Iron Squirrel|87\/100|[from] ability: Cheek Pouch\n|\n|upkeep\n|turn|2\n|\n|t:|1683235298\n|move|p2b: Iron Squirrel|Protect|p2b: Iron Squirrel\n|-singleturn|p2b: Iron Squirrel|Protect\n|move|p1a: Kilowattrel|Air Cutter|p2a: Armarouge|[spread] \n|-activate|p2b: Iron Squirrel|move: Protect\n|-miss|p1a: Kilowattrel|p2a: Armarouge\n|move|p1b: Drednaw|Shell Smash|p1b: Drednaw\n|-unboost|p1b: Drednaw|def|1\n|-unboost|p1b: Drednaw|spd|1\n|-boost|p1b: Drednaw|atk|2\n|-boost|p1b: Drednaw|spa|2\n|-boost|p1b: Drednaw|spe|2\n|-enditem|p1b: Drednaw|White Herb\n|-clearnegativeboost|p1b: Drednaw|[silent]\n|move|p2a: Armarouge|Trick Room|p2a: Armarouge\n|-fieldstart|move: Trick Room|[of] p2a: Armarouge\n|\n|upkeep\n|turn|3\n|inactive|Publio Tolomeo has 30 seconds left.\n|inactive|PokemonOG92 #4489 has 30 seconds left.\n|\n|t:|1683235326\n|-terastallize|p2b: Iron Squirrel|Grass\n|move|p2b: Iron Squirrel|Facade|p1a: Kilowattrel\n|-damage|p1a: Kilowattrel|0 fnt\n|faint|p1a: Kilowattrel\n|move|p2a: Armarouge|Aura Sphere|p1b: Drednaw\n|-supereffective|p1b: Drednaw\n|-end|p1b: Drednaw|Substitute\n|move|p1b: Drednaw|Rock Slide|p2b: Iron Squirrel|[spread] p2a,p2b\n|-supereffective|p2a: Armarouge\n|-damage|p2a: Armarouge|0 fnt\n|-damage|p2b: Iron Squirrel|46\/100\n|faint|p2a: Armarouge\n|\n|upkeep\n|\n|t:|1683235339\n|switch|p2a: Indeedee|Indeedee-F, L50, F|100\/100\n|switch|p1a: Chien-Pao|Chien-Pao, L50|100\/100\n|-fieldstart|move: Psychic Terrain|[from] ability: Psychic Surge|[of] p2a: Indeedee\n|-ability|p1a: Chien-Pao|Sword of Ruin\n|turn|4\n|\n|t:|1683235357\n|move|p2a: Indeedee|Follow Me|p2a: Indeedee\n|-singleturn|p2a: Indeedee|move: Follow Me\n|move|p2b: Iron Squirrel|Facade|p1a: Chien-Pao\n|-enditem|p1a: Chien-Pao|Focus Sash\n|-damage|p1a: Chien-Pao|1\/100\n|move|p1a: Chien-Pao|Ice Spinner|p2a: Indeedee\n|-damage|p2a: Indeedee|53\/100\n|-fieldend|move: Psychic Terrain\n|-enditem|p2a: Indeedee|Red Card|[of] p1a: Chien-Pao\n|drag|p1a: Orthworm|Orthworm, L50, F, tera:Fire|29\/100\n|move|p1b: Drednaw|Rock Slide|p2b: Iron Squirrel|[spread] p2a,p2b\n|-damage|p2a: Indeedee|0 fnt\n|-damage|p2b: Iron Squirrel|6\/100\n|faint|p2a: Indeedee\n|\n|upkeep\n|\n|t:|1683235371\n|switch|p2a: Flamigo|Flamigo, L50, F|100\/100\n|-copyboost|p2a: Flamigo|p2b: Iron Squirrel|[from] ability: Costar\n|turn|5\n|\n|t:|1683235395\n|move|p1a: Orthworm|Protect|p1a: Orthworm\n|-singleturn|p1a: Orthworm|Protect\n|move|p2a: Flamigo|Wide Guard|p2a: Flamigo\n|-singleturn|p2a: Flamigo|Wide Guard\n|move|p2b: Iron Squirrel|Facade|p1a: Orthworm\n|-activate|p1a: Orthworm|move: Protect\n|move|p1b: Drednaw|Rock Slide|p2b: Iron Squirrel|[spread] \n|-activate|p2a: Flamigo|move: Wide Guard\n|-activate|p2b: Iron Squirrel|move: Wide Guard\n|\n|upkeep\n|turn|6\n|inactive|PokemonOG92 #4489 has 30 seconds left.\n|\n|t:|1683235423\n|move|p2b: Iron Squirrel|Earthquake|p1b: Drednaw|[spread] p1b\n|-heal|p1a: Orthworm|54\/100|[from] ability: Earth Eater|[of] p2b: Iron Squirrel\n|-immune|p2a: Flamigo\n|-supereffective|p1b: Drednaw\n|-damage|p1b: Drednaw|0 fnt\n|faint|p1b: Drednaw\n|move|p1a: Orthworm|Body Press|p2b: Iron Squirrel\n|-damage|p2b: Iron Squirrel|0 fnt\n|faint|p2b: Iron Squirrel\n|move|p2a: Flamigo|Liquidation|p1a: Orthworm\n|-supereffective|p1a: Orthworm\n|-damage|p1a: Orthworm|0 fnt\n|faint|p1a: Orthworm\n|\n|-fieldend|move: Trick Room\n|upkeep\n|\n|t:|1683235439\n|switch|p1b: Chien-Pao|Chien-Pao, L50|1\/100\n|-ability|p1b: Chien-Pao|Sword of Ruin\n|turn|7\n|c|\u2606PokemonOG92 #4489|gg wp\n|c|\u2606Publio Tolomeo|why earthquake?\n|\n|t:|1683235450\n|move|p1b: Chien-Pao|Ice Spinner|p2a: Flamigo\n|-supereffective|p2a: Flamigo\n|-enditem|p2a: Flamigo|Focus Sash\n|-damage|p2a: Flamigo|1\/100\n|move|p2a: Flamigo|Acrobatics|p1b: Chien-Pao\n|-damage|p1b: Chien-Pao|0 fnt\n|faint|p1b: Chien-Pao\n|\n|win|PokemonOG92 #4489\n|raw|Publio Tolomeo's rating: 1152 → 1130<\/strong> (-22 for losing)\n|raw|PokemonOG92 #4489's rating: 1196 → 1218<\/strong> (+22 for winning)\n|c|\u2606PokemonOG92 #4489|why not?\n|c|\u2606Publio Tolomeo|oh\n|c|\u2606Publio Tolomeo|lol\n|c|\u2606Publio Tolomeo|nice bluff\n|c|\u2606Publio Tolomeo|gg\n|c|\u2606PokemonOG92 #4489|hahaha\n|c|\u2606PokemonOG92 #4489|gg\n|l|\u2606Publio Tolomeo\n","uploadtime":1683235668,"views":10,"p1id":"publiotolomeo","p2id":"pokemonog924489","formatid":"gen9vgc2023regulationc","rating":1130,"private":0,"password":""}