{"id":"gen9vgc2023regulationc-1853476715","p1":"We_Love_The_Gong","p2":"mummycass","format":"[Gen 9] VGC 2023 Regulation C","log":"|j|\u2606We_Love_The_Gong\n|j|\u2606mummycass\n|t:|1682689047\n|gametype|doubles\n|player|p1|We_Love_The_Gong|fantina|1519\n|player|p2|mummycass|iris-gen5bw2|1453\n|teamsize|p1|6\n|teamsize|p2|6\n|gen|9\n|tier|[Gen 9] VGC 2023 Regulation C\n|rated|\n|rule|Species Clause: Limit one of each Pok\u00e9mon\n|rule|Item Clause: Limit one of each item\n|clearpoke\n|poke|p1|Gholdengo, L50|\n|poke|p1|Ting-Lu, L50|\n|poke|p1|Gyarados, L50, F|\n|poke|p1|Flutter Mane, L50|\n|poke|p1|Amoonguss, L50, F|\n|poke|p1|Baxcalibur, L50, M|\n|poke|p2|Annihilape, L50, F|\n|poke|p2|Maushold, L50|\n|poke|p2|Baxcalibur, L50, M|\n|poke|p2|Ting-Lu, L50|\n|poke|p2|Flutter Mane, L50|\n|poke|p2|Talonflame, L50, M|\n|teampreview|4\nWe_Love_The_Gong has agreed to open team sheets.\n|\n|t:|1682689091\n|start\n|switch|p1a: Ting-Lu|Ting-Lu, L50|100\/100\n|switch|p1b: Baxcalibur|Baxcalibur, L50, M|100\/100\n|switch|p2a: Denjiape|Annihilape, L50, F, shiny|100\/100\n|switch|p2b: Maus Zedong|Maushold, L50|100\/100\n|-ability|p1a: Ting-Lu|Vessel of Ruin\n|turn|1\n|\n|t:|1682689110\n|move|p2b: Maus Zedong|Beat Up|p2a: Denjiape\n|-damage|p2a: Denjiape|98\/100\n|-damage|p2a: Denjiape|96\/100\n|-damage|p2a: Denjiape|93\/100\n|-damage|p2a: Denjiape|90\/100\n|-hitcount|p2a: Denjiape|4\n|move|p2a: Denjiape|Rage Fist|p1b: Baxcalibur\n|-damage|p1b: Baxcalibur|11\/100\n|move|p1b: Baxcalibur|Glaive Rush|p2b: Maus Zedong\n|-damage|p2b: Maus Zedong|3\/100\n|-singlemove|p1b: Baxcalibur|Glaive Rush|[silent]\n|move|p1a: Ting-Lu|Ruination|p2a: Denjiape\n|-damage|p2a: Denjiape|45\/100\n|\n|-heal|p2a: Denjiape|51\/100|[from] item: Leftovers\n|upkeep\n|turn|2\n|\n|t:|1682689125\n|switch|p1a: Flutter Mane|Flutter Mane, L50|100\/100\n|move|p1b: Baxcalibur|Ice Shard|p2b: Maus Zedong\n|-damage|p2b: Maus Zedong|0 fnt\n|faint|p2b: Maus Zedong\n|move|p2a: Denjiape|Drain Punch|p1a: Flutter Mane\n|-immune|p1a: Flutter Mane\n|\n|-heal|p2a: Denjiape|57\/100|[from] item: Leftovers\n|upkeep\n|\n|t:|1682689130\n|switch|p2b: Ting-Devil|Ting-Lu, L50|100\/100\n|-ability|p2b: Ting-Devil|Vessel of Ruin\n|turn|3\n|j| Therazer456\n|\n|t:|1682689165\n|-terastallize|p2a: Denjiape|Water\n|move|p1a: Flutter Mane|Shadow Ball|p2a: Denjiape\n|-damage|p2a: Denjiape|8\/100\n|-unboost|p2a: Denjiape|spd|1\n|-ability|p2a: Denjiape|Defiant|boost\n|-boost|p2a: Denjiape|atk|2\n|move|p2a: Denjiape|Rage Fist|p1b: Baxcalibur\n|-damage|p1b: Baxcalibur|0 fnt\n|faint|p1b: Baxcalibur\n|move|p2b: Ting-Devil|Stomping Tantrum|p1a: Flutter Mane\n|-damage|p1a: Flutter Mane|41\/100\n|\n|-heal|p2a: Denjiape|14\/100|[from] item: Leftovers\n|upkeep\n|\n|t:|1682689188\n|switch|p1b: Ting-Lu|Ting-Lu, L50|100\/100\n|-ability|p1b: Ting-Lu|Vessel of Ruin\n|turn|4\n|\n|t:|1682689206\n|-end|p1a: Flutter Mane|Protosynthesis|[silent]\n|switch|p1a: Amoonguss|Amoonguss, L50, F|100\/100\n|move|p2a: Denjiape|Protect|p2a: Denjiape\n|-singleturn|p2a: Denjiape|Protect\n|move|p2b: Ting-Devil|Earthquake|p1b: Ting-Lu|[spread] p1a,p1b\n|-activate|p2a: Denjiape|move: Protect\n|-damage|p1a: Amoonguss|73\/100\n|-damage|p1b: Ting-Lu|78\/100\n|move|p1b: Ting-Lu|Ruination|p2b: Ting-Devil\n|-damage|p2b: Ting-Devil|51\/100\n|\n|-heal|p2a: Denjiape|20\/100|[from] item: Leftovers\n|upkeep\n|turn|5\n|\n|t:|1682689230\n|move|p1a: Amoonguss|Rage Powder|p1a: Amoonguss\n|-singleturn|p1a: Amoonguss|move: Rage Powder\n|move|p2a: Denjiape|Rage Fist|p1a: Amoonguss\n|-damage|p1a: Amoonguss|0 fnt\n|-damage|p2a: Denjiape|3\/100|[from] item: Rocky Helmet|[of] p1a: Amoonguss\n|faint|p1a: Amoonguss\n|move|p2b: Ting-Devil|Ruination|p1b: Ting-Lu\n|-damage|p1b: Ting-Lu|39\/100\n|move|p1b: Ting-Lu|Ruination|p2b: Ting-Devil\n|-damage|p2b: Ting-Devil|26\/100\n|\n|-heal|p2a: Denjiape|9\/100|[from] item: Leftovers\n|upkeep\n|\n|t:|1682689232\n|switch|p1a: Flutter Mane|Flutter Mane, L50|41\/100\n|turn|6\n|\n|t:|1682689239\n|move|p2a: Denjiape|Protect|p2a: Denjiape\n|-singleturn|p2a: Denjiape|Protect\n|move|p1a: Flutter Mane|Dazzling Gleam|p2a: Denjiape|[spread] p2b\n|-activate|p2a: Denjiape|move: Protect\n|-supereffective|p2b: Ting-Devil\n|-damage|p2b: Ting-Devil|0 fnt\n|faint|p2b: Ting-Devil\n|move|p1b: Ting-Lu|Heavy Slam|p2a: Denjiape\n|-activate|p2a: Denjiape|move: Protect\n|\n|-heal|p2a: Denjiape|15\/100|[from] item: Leftovers\n|upkeep\n|\n|t:|1682689244\n|switch|p2b: Akicalibur|Baxcalibur, L50, M, shiny|100\/100\n|turn|7\n|\n|t:|1682689262\n|-terastallize|p1b: Ting-Lu|Poison\n|move|p2b: Akicalibur|Ice Shard|p1a: Flutter Mane\n|-damage|p1a: Flutter Mane|4\/100\n|move|p1a: Flutter Mane|Dazzling Gleam|p2a: Denjiape|[spread] p2a,p2b\n|-supereffective|p2b: Akicalibur\n|-damage|p2a: Denjiape|0 fnt\n|-damage|p2b: Akicalibur|38\/100\n|faint|p2a: Denjiape\n|move|p1b: Ting-Lu|Heavy Slam|p2b: Akicalibur\n|-supereffective|p2b: Akicalibur\n|-damage|p2b: Akicalibur|0 fnt\n|faint|p2b: Akicalibur\n|\n|win|We_Love_The_Gong\n|raw|We_Love_The_Gong's rating: 1519 → 1535<\/strong> (+16 for winning)\n|raw|mummycass's rating: 1453 → 1437<\/strong> (-16 for losing)\n|l| Therazer456\n|l|\u2606mummycass\n","uploadtime":1682689271,"views":12,"p1id":"welovethegong","p2id":"mummycass","formatid":"gen9vgc2023regulationc","rating":1437,"private":0,"password":""}