{"id":"gen9vgc2023regulationc-1858493415","p1":"MilyMystic","p2":"Raphaelcoelho15","format":"[Gen 9] VGC 2023 Regulation C","log":"|j|\u2606MilyMystic\n|j|\u2606Raphaelcoelho15\n|t:|1683317832\n|gametype|doubles\n|player|p1|MilyMystic|pokemonrangerf|\n|player|p2|Raphaelcoelho15|blaine|\n|teamsize|p1|6\n|teamsize|p2|6\n|gen|9\n|tier|[Gen 9] VGC 2023 Regulation C\n|rule|Species Clause: Limit one of each Pok\u00e9mon\n|rule|Item Clause: Limit one of each item\n|clearpoke\n|poke|p1|Arcanine, L50, F|\n|poke|p1|Baxcalibur, L50, F|\n|poke|p1|Amoonguss, L50, F|\n|poke|p1|Palafin, L50, F|\n|poke|p1|Ting-Lu, L50|\n|poke|p1|Flutter Mane, L50|\n|poke|p2|Armarouge, L50, F|\n|poke|p2|Indeedee-F, L50, F|\n|poke|p2|Iron Hands, L50|\n|poke|p2|Flutter Mane, L50|\n|poke|p2|Amoonguss, L50, M|\n|poke|p2|Arcanine, L50, F|\n|teampreview|4\n|\n|t:|1683317861\n|start\n|switch|p1a: Amoonguss|Amoonguss, L50, F|100\/100\n|switch|p1b: Palafin|Palafin, L50, F|100\/100\n|switch|p2a: Indeedee|Indeedee-F, L50, F|100\/100\n|switch|p2b: Armarouge|Armarouge, L50, F|100\/100\n|-fieldstart|move: Psychic Terrain|[from] ability: Psychic Surge|[of] p2a: Indeedee\n|-enditem|p2a: Indeedee|Psychic Seed\n|-boost|p2a: Indeedee|spd|1|[from] item: Psychic Seed\n|turn|1\n|\n|t:|1683317899\n|move|p2a: Indeedee|Follow Me|p2a: Indeedee\n|-singleturn|p2a: Indeedee|move: Follow Me\n|move|p1b: Palafin|Substitute|p1b: Palafin\n|-start|p1b: Palafin|Substitute\n|-damage|p1b: Palafin|76\/100\n|move|p1a: Amoonguss|Spore|p2a: Indeedee\n|-status|p2a: Indeedee|slp|[from] move: Spore\n|move|p2b: Armarouge|Trick Room|p2b: Armarouge\n|-fieldstart|move: Trick Room|[of] p2b: Armarouge\n|\n|upkeep\n|turn|2\n|\n|t:|1683317925\n|-terastallize|p2b: Armarouge|Grass\n|cant|p2a: Indeedee|slp\n|move|p1a: Amoonguss|Spore|p2b: Armarouge\n|-immune|p2b: Armarouge\n|move|p2b: Armarouge|Expanding Force|p1b: Palafin|[spread] p1a,p1b\n|-end|p1b: Palafin|Substitute\n|-supereffective|p1a: Amoonguss\n|-damage|p1a: Amoonguss|0 fnt\n|faint|p1a: Amoonguss\n|move|p1b: Palafin|Wave Crash|p2b: Armarouge\n|-resisted|p2b: Armarouge\n|-damage|p2b: Armarouge|75\/100\n|-damage|p1b: Palafin|68\/100|[from] Recoil\n|\n|upkeep\n|\n|t:|1683317943\n|switch|p1a: Ting-Lu|Ting-Lu, L50|100\/100\n|-ability|p1a: Ting-Lu|Vessel of Ruin\n|turn|3\n|\n|t:|1683317960\n|detailschange|p1b: Palafin|Palafin-Hero, L50, F\n|switch|p1b: Baxcalibur|Baxcalibur, L50, F|100\/100\n|cant|p2a: Indeedee|slp\n|move|p1a: Ting-Lu|Ruination|p2b: Armarouge\n|-damage|p2b: Armarouge|38\/100\n|move|p2b: Armarouge|Aura Sphere|p1a: Ting-Lu\n|-supereffective|p1a: Ting-Lu\n|-damage|p1a: Ting-Lu|69\/100\n|\n|-heal|p1a: Ting-Lu|75\/100|[from] item: Leftovers\n|upkeep\n|turn|4\n|\n|t:|1683317991\n|cant|p2a: Indeedee|slp\n|move|p1b: Baxcalibur|Protect|p1b: Baxcalibur\n|-singleturn|p1b: Baxcalibur|Protect\n|move|p1a: Ting-Lu|Throat Chop|p2b: Armarouge\n|-damage|p2b: Armarouge|4\/100\n|-start|p2b: Armarouge|Throat Chop|[silent]\n|move|p2b: Armarouge|Expanding Force|p1a: Ting-Lu|[spread] \n|-activate|p1b: Baxcalibur|move: Protect\n|-immune|p1a: Ting-Lu\n|\n|-heal|p1a: Ting-Lu|82\/100|[from] item: Leftovers\n|upkeep\n|turn|5\n|\n|t:|1683318019\n|-curestatus|p2a: Indeedee|slp|[msg]\n|move|p2a: Indeedee|Helping Hand|p2b: Armarouge\n|-singleturn|p2b: Armarouge|Helping Hand|[of] p2a: Indeedee\n|move|p1a: Ting-Lu|Throat Chop|p2b: Armarouge\n|-damage|p2b: Armarouge|0 fnt\n|faint|p2b: Armarouge\n|move|p1b: Baxcalibur|Icicle Crash|p2a: Indeedee|[miss]\n|-miss|p1b: Baxcalibur|p2a: Indeedee\n|\n|-heal|p1a: Ting-Lu|88\/100|[from] item: Leftovers\n|-fieldend|move: Trick Room\n|-fieldend|move: Psychic Terrain\n|upkeep\n|\n|t:|1683318044\n|switch|p2b: Iron Hands|Iron Hands, L50|100\/100\n|turn|6\n|\n|t:|1683318078\n|-terastallize|p1b: Baxcalibur|Poison\n|move|p2a: Indeedee|Helping Hand|p2b: Iron Hands\n|-singleturn|p2b: Iron Hands|Helping Hand|[of] p2a: Indeedee\n|move|p1b: Baxcalibur|Icicle Crash|p2b: Iron Hands|[miss]\n|-miss|p1b: Baxcalibur|p2b: Iron Hands\n|move|p1a: Ting-Lu|Stomping Tantrum|p2b: Iron Hands\n|-supereffective|p2b: Iron Hands\n|-damage|p2b: Iron Hands|57\/100\n|move|p2b: Iron Hands|Drain Punch|p1b: Baxcalibur\n|-resisted|p1b: Baxcalibur\n|-damage|p1b: Baxcalibur|74\/100\n|-heal|p2b: Iron Hands|68\/100|[from] drain|[of] p1b: Baxcalibur\n|\n|-heal|p1a: Ting-Lu|94\/100|[from] item: Leftovers\n|-heal|p2b: Iron Hands|74\/100|[from] item: Leftovers\n|upkeep\n|turn|7\n|\n|t:|1683318107\n|move|p2a: Indeedee|Follow Me|p2a: Indeedee\n|-singleturn|p2a: Indeedee|move: Follow Me\n|move|p1b: Baxcalibur|Glaive Rush|p2a: Indeedee\n|-damage|p2a: Indeedee|39\/100\n|-singlemove|p1b: Baxcalibur|Glaive Rush|[silent]\n|move|p1a: Ting-Lu|Stomping Tantrum|p2a: Indeedee\n|-damage|p2a: Indeedee|5\/100\n|move|p2b: Iron Hands|Drain Punch|p1a: Ting-Lu\n|-supereffective|p1a: Ting-Lu\n|-damage|p1a: Ting-Lu|45\/100\n|-heal|p2b: Iron Hands|97\/100|[from] drain|[of] p1a: Ting-Lu\n|\n|-heal|p1a: Ting-Lu|51\/100|[from] item: Leftovers\n|-heal|p2b: Iron Hands|100\/100|[from] item: Leftovers\n|upkeep\n|turn|8\n|\n|t:|1683318126\n|move|p2a: Indeedee|Follow Me|p2a: Indeedee\n|-singleturn|p2a: Indeedee|move: Follow Me\n|move|p1b: Baxcalibur|Ice Shard|p2a: Indeedee\n|-damage|p2a: Indeedee|0 fnt\n|faint|p2a: Indeedee\n|move|p1a: Ting-Lu|Stomping Tantrum|p2b: Iron Hands\n|-supereffective|p2b: Iron Hands\n|-damage|p2b: Iron Hands|55\/100\n|move|p2b: Iron Hands|Drain Punch|p1a: Ting-Lu\n|-supereffective|p1a: Ting-Lu\n|-damage|p1a: Ting-Lu|3\/100\n|-heal|p2b: Iron Hands|77\/100|[from] drain|[of] p1a: Ting-Lu\n|\n|-heal|p1a: Ting-Lu|10\/100|[from] item: Leftovers\n|-heal|p2b: Iron Hands|83\/100|[from] item: Leftovers\n|upkeep\n|\n|t:|1683318142\n|switch|p2a: Flutter Mane|Flutter Mane, L50|100\/100\n|-enditem|p2a: Flutter Mane|Booster Energy\n|-activate|p2a: Flutter Mane|ability: Protosynthesis|[fromitem]\n|-start|p2a: Flutter Mane|protosynthesisspe\n|turn|9\n|\n|t:|1683318191\n|move|p2a: Flutter Mane|Moonblast|p1a: Ting-Lu\n|-supereffective|p1a: Ting-Lu\n|-damage|p1a: Ting-Lu|0 fnt\n|faint|p1a: Ting-Lu\n|move|p1b: Baxcalibur|Icicle Crash|p2a: Flutter Mane\n|-damage|p2a: Flutter Mane|0 fnt\n|faint|p2a: Flutter Mane\n|-end|p2a: Flutter Mane|Protosynthesis|[silent]\n|move|p2b: Iron Hands|Wild Charge|p1b: Baxcalibur\n|-damage|p1b: Baxcalibur|34\/100\n|-damage|p2b: Iron Hands|75\/100|[from] Recoil\n|\n|-heal|p2b: Iron Hands|81\/100|[from] item: Leftovers\n|upkeep\n|\n|t:|1683318205\n|switch|p1a: Palafin|Palafin-Hero, L50, F|68\/100\n|-activate|p1a: Palafin|ability: Zero to Hero\n|turn|10\n|\n|t:|1683318218\n|move|p2b: Iron Hands|Protect|p2b: Iron Hands\n|-singleturn|p2b: Iron Hands|Protect\n|move|p1a: Palafin|Jet Punch|p2b: Iron Hands\n|-activate|p2b: Iron Hands|move: Protect\n|move|p1b: Baxcalibur|Glaive Rush|p2b: Iron Hands\n|-activate|p2b: Iron Hands|move: Protect\n|\n|-heal|p2b: Iron Hands|87\/100|[from] item: Leftovers\n|upkeep\n|turn|11\n|\n|t:|1683318237\n|move|p1a: Palafin|Jet Punch|p2b: Iron Hands\n|-damage|p2b: Iron Hands|54\/100\n|move|p1b: Baxcalibur|Glaive Rush|p2b: Iron Hands\n|-damage|p2b: Iron Hands|9\/100\n|-singlemove|p1b: Baxcalibur|Glaive Rush|[silent]\n|move|p2b: Iron Hands|Wild Charge|p1a: Palafin\n|-supereffective|p1a: Palafin\n|-damage|p1a: Palafin|0 fnt\n|faint|p1a: Palafin\n|-damage|p2b: Iron Hands|0 fnt|[from] Recoil\n|faint|p2b: Iron Hands\n|-end|p2b: Iron Hands|Quark Drive|[silent]\n|\n|win|MilyMystic\n|l|\u2606MilyMystic\n","uploadtime":1683318273,"views":7,"p1id":"milymystic","p2id":"raphaelcoelho15","formatid":"gen9vgc2023regulationc","rating":0,"private":0,"password":""}