{"id":"gen9vgc2023regulationc-1850972847","p1":"NotNehzzy","p2":"SorcererBadgerTG","format":"[Gen 9] VGC 2023 Regulation C","log":"|j|\u2606NotNehzzy\n|j|\u2606SorcererBadgerTG\n|t:|1682388747\n|gametype|doubles\n|player|p1|NotNehzzy|169|1159\n|player|p2|SorcererBadgerTG|170|1065\n|teamsize|p1|6\n|teamsize|p2|6\n|gen|9\n|tier|[Gen 9] VGC 2023 Regulation C\n|rated|\n|rule|Species Clause: Limit one of each Pok\u00e9mon\n|rule|Item Clause: Limit one of each item\n|clearpoke\n|poke|p1|Tyranitar, L50, F|\n|poke|p1|Glimmora, L50, M|\n|poke|p1|Wo-Chien, L50|\n|poke|p1|Ting-Lu, L50|\n|poke|p1|Grimmsnarl, L50, M|\n|poke|p1|Bronzong, L50|\n|poke|p2|Sylveon, L50, M|\n|poke|p2|Palafin, L50, F|\n|poke|p2|Flutter Mane, L50|\n|poke|p2|Murkrow, L50, M|\n|poke|p2|Gholdengo, L50|\n|poke|p2|Slither Wing, L50|\n|teampreview|4\nNotNehzzy has agreed to open team sheets.\n|inactive|Battle timer is ON: inactive players will automatically lose when time's up. (requested by SorcererBadgerTG)\n|\n|t:|1682388795\n|start\n|switch|p1a: Tyranitar|Tyranitar, L50, F|100\/100\n|switch|p1b: Glimmora|Glimmora, L50, M|100\/100\n|switch|p2a: Slither Wing|Slither Wing, L50|100\/100\n|switch|p2b: Ego|Flutter Mane, L50|100\/100\n|-weather|Sandstorm|[from] ability: Sand Stream|[of] p1a: Tyranitar\n|-enditem|p2b: Ego|Booster Energy\n|-activate|p2b: Ego|ability: Protosynthesis|[fromitem]\n|-start|p2b: Ego|protosynthesisspe\n|turn|1\n|\n|t:|1682388816\n|move|p2a: Slither Wing|First Impression|p1a: Tyranitar\n|-supereffective|p1a: Tyranitar\n|-damage|p1a: Tyranitar|22\/100\n|-enditem|p1a: Tyranitar|Sitrus Berry|[eat]\n|-heal|p1a: Tyranitar|47\/100|[from] item: Sitrus Berry\n|move|p2b: Ego|Sunny Day|p2b: Ego\n|-weather|SunnyDay\n|-activate|p2a: Slither Wing|ability: Protosynthesis\n|-start|p2a: Slither Wing|protosynthesisatk\n|move|p1b: Glimmora|Mortal Spin|p2a: Slither Wing|[spread] p2a,p2b\n|-damage|p2a: Slither Wing|95\/100\n|-damage|p2b: Ego|91\/100\n|-status|p2a: Slither Wing|psn\n|-status|p2b: Ego|psn\n|move|p1a: Tyranitar|Substitute|p1a: Tyranitar\n|-start|p1a: Tyranitar|Substitute\n|-damage|p1a: Tyranitar|22\/100\n|\n|-weather|SunnyDay|[upkeep]\n|-damage|p2b: Ego|79\/100 psn|[from] psn\n|-damage|p2a: Slither Wing|83\/100 psn|[from] psn\n|upkeep\n|turn|2\n|inactive|NotNehzzy has 30 seconds left.\n|inactive|SorcererBadgerTG has 30 seconds left.\n|inactive|SorcererBadgerTG has 20 seconds left.\n|inactive|SorcererBadgerTG has 15 seconds left.\n|inactive|SorcererBadgerTG has 10 seconds left.\n|inactive|SorcererBadgerTG has 5 seconds left.\n|\n|t:|1682388871\n|-end|p2a: Slither Wing|Protosynthesis|[silent]\n|switch|p2a: Crow|Murkrow, L50, M|100\/100\n|-terastallize|p2b: Ego|Ghost\n|move|p1b: Glimmora|Spiky Shield|p1b: Glimmora\n|-singleturn|p1b: Glimmora|move: Protect\n|move|p1a: Tyranitar|Protect|p1a: Tyranitar\n|-singleturn|p1a: Tyranitar|Protect\n|move|p2b: Ego|Shadow Ball|p1b: Glimmora\n|-activate|p1b: Glimmora|move: Protect\n|\n|-weather|SunnyDay|[upkeep]\n|-damage|p2b: Ego|67\/100 psn|[from] psn\n|upkeep\n|turn|3\n|\n|t:|1682388891\n|move|p2a: Crow|Tailwind|p2a: Crow\n|-sidestart|p2: SorcererBadgerTG|move: Tailwind\n|move|p2b: Ego|Dazzling Gleam|p1b: Glimmora|[spread] p1a,p1b\n|-supereffective|p1a: Tyranitar\n|-end|p1a: Tyranitar|Substitute\n|-resisted|p1b: Glimmora\n|-damage|p1b: Glimmora|86\/100\n|move|p1b: Glimmora|Mortal Spin|p2a: Crow|[spread] p2a,p2b\n|-resisted|p2b: Ego\n|-damage|p2a: Crow|96\/100\n|-damage|p2b: Ego|62\/100 psn\n|-status|p2a: Crow|psn\n|move|p1a: Tyranitar|Rock Slide|p2a: Crow|[spread] p2a,p2b\n|-supereffective|p2a: Crow\n|-damage|p2a: Crow|29\/100 psn\n|-damage|p2b: Ego|0 fnt\n|faint|p2b: Ego\n|-end|p2b: Ego|Protosynthesis|[silent]\n|\n|-weather|SunnyDay|[upkeep]\n|-heal|p1b: Glimmora|92\/100|[from] item: Black Sludge\n|-damage|p2a: Crow|16\/100 psn|[from] psn\n|upkeep\n|\n|t:|1682388912\n|switch|p2b: Slither Wing|Slither Wing, L50|83\/100 psn\n|-activate|p2b: Slither Wing|ability: Protosynthesis\n|-start|p2b: Slither Wing|protosynthesisatk\n|turn|4\n|\n|t:|1682388935\n|switch|p1a: Ting-Lu|Ting-Lu, L50|100\/100\n|-ability|p1a: Ting-Lu|Vessel of Ruin\n|move|p1b: Glimmora|Spiky Shield|p1b: Glimmora\n|-singleturn|p1b: Glimmora|move: Protect\n|move|p2b: Slither Wing|First Impression|p1b: Glimmora\n|-activate|p1b: Glimmora|move: Protect\n|-damage|p2b: Slither Wing|70\/100 psn|[from] Spiky Shield|[of] p1b: Glimmora\n|move|p2a: Crow|Heat Wave|p1b: Glimmora|[spread] p1a\n|-activate|p1b: Glimmora|move: Protect\n|-damage|p1a: Ting-Lu|91\/100\n|\n|-weather|SunnyDay|[upkeep]\n|-heal|p1b: Glimmora|98\/100|[from] item: Black Sludge\n|-damage|p2b: Slither Wing|58\/100 psn|[from] psn\n|-damage|p2a: Crow|4\/100 psn|[from] psn\n|upkeep\n|turn|5\n|inactive|NotNehzzy has 30 seconds left.\n|inactive|SorcererBadgerTG has 30 seconds left.\n|\n|t:|1682388965\n|switch|p2a: Goldstein|Gholdengo, L50|100\/100\n|switch|p1a: Tyranitar|Tyranitar, L50, F|22\/100\n|-weather|Sandstorm|[from] ability: Sand Stream|[of] p1a: Tyranitar\n|-end|p2b: Slither Wing|Protosynthesis\n|move|p2b: Slither Wing|Dual Wingbeat|p1a: Tyranitar\n|-resisted|p1a: Tyranitar\n|-damage|p1a: Tyranitar|16\/100\n|-resisted|p1a: Tyranitar\n|-damage|p1a: Tyranitar|11\/100\n|-hitcount|p1a: Tyranitar|2\n|move|p1b: Glimmora|Energy Ball|p2b: Slither Wing\n|-resisted|p2b: Slither Wing\n|-damage|p2b: Slither Wing|49\/100 psn\n|\n|-weather|Sandstorm|[upkeep]\n|-damage|p2b: Slither Wing|43\/100 psn|[from] Sandstorm\n|-heal|p1b: Glimmora|100\/100|[from] item: Black Sludge\n|-damage|p2b: Slither Wing|31\/100 psn|[from] psn\n|upkeep\n|turn|6\n|inactive|NotNehzzy has 30 seconds left.\n|inactive|NotNehzzy has 20 seconds left.\n|\n|t:|1682389005\n|-end|p2b: Slither Wing|Protosynthesis|[silent]\n|switch|p2b: Crow|Murkrow, L50, M|4\/100 psn\n|switch|p1a: Ting-Lu|Ting-Lu, L50|91\/100\n|-ability|p1a: Ting-Lu|Vessel of Ruin\n|move|p2a: Goldstein|Make It Rain|p1b: Glimmora|[spread] p1a,p1b\n|-supereffective|p1b: Glimmora\n|-damage|p1a: Ting-Lu|58\/100\n|-damage|p1b: Glimmora|32\/100\n|-unboost|p2a: Goldstein|spa|1\n|move|p1b: Glimmora|Energy Ball|p2a: Goldstein\n|-resisted|p2a: Goldstein\n|-damage|p2a: Goldstein|90\/100\n|\n|-weather|Sandstorm|[upkeep]\n|-damage|p2b: Crow|0 fnt|[from] Sandstorm\n|faint|p2b: Crow\n|-heal|p1b: Glimmora|38\/100|[from] item: Black Sludge\n|-sideend|p2: SorcererBadgerTG|move: Tailwind\n|upkeep\n|\n|t:|1682389026\n|switch|p2b: Slither Wing|Slither Wing, L50|31\/100 psn\n|turn|7\n|\n|t:|1682389046\n|-terastallize|p1a: Ting-Lu|Water\n|move|p1b: Glimmora|Spiky Shield|p1b: Glimmora\n|-singleturn|p1b: Glimmora|move: Protect\n|move|p2b: Slither Wing|First Impression|p1a: Ting-Lu\n|-damage|p1a: Ting-Lu|31\/100\n|move|p2a: Goldstein|Make It Rain|p1b: Glimmora|[spread] p1a\n|-activate|p1b: Glimmora|move: Protect\n|-resisted|p1a: Ting-Lu\n|-damage|p1a: Ting-Lu|21\/100\n|-unboost|p2a: Goldstein|spa|1\n|move|p1a: Ting-Lu|Sand Tomb|p2a: Goldstein\n|-supereffective|p2a: Goldstein\n|-damage|p2a: Goldstein|56\/100\n|-activate|p2a: Goldstein|move: Sand Tomb|[of] p1a: Ting-Lu\n|\n|-weather|Sandstorm|[upkeep]\n|-damage|p2b: Slither Wing|25\/100 psn|[from] Sandstorm\n|-damage|p1a: Ting-Lu|15\/100|[from] Sandstorm\n|-heal|p1b: Glimmora|44\/100|[from] item: Black Sludge\n|-damage|p2b: Slither Wing|12\/100 psn|[from] psn\n|-damage|p2a: Goldstein|44\/100|[from] move: Sand Tomb|[partiallytrapped]\n|upkeep\n|turn|8\n|inactive|NotNehzzy has 30 seconds left.\n|\n|t:|1682389078\n|switch|p1a: Wo-Chien|Wo-Chien, L50|100\/100\n|-ability|p1a: Wo-Chien|Tablets of Ruin\n|move|p2b: Slither Wing|Close Combat|p1b: Glimmora\n|-damage|p1b: Glimmora|3\/100\n|-unboost|p2b: Slither Wing|def|1\n|-unboost|p2b: Slither Wing|spd|1\n|-activate|p1b: Glimmora|ability: Toxic Debris\n|-sidestart|p2: SorcererBadgerTG|move: Toxic Spikes\n|move|p2a: Goldstein|Make It Rain|p1a: Wo-Chien|[spread] p1a,p1b\n|-supereffective|p1b: Glimmora\n|-crit|p1b: Glimmora\n|-damage|p1a: Wo-Chien|80\/100\n|-damage|p1b: Glimmora|0 fnt\n|-unboost|p2a: Goldstein|spa|1\n|faint|p1b: Glimmora\n|\n|-weather|Sandstorm|[upkeep]\n|-damage|p2b: Slither Wing|6\/100 psn|[from] Sandstorm\n|-damage|p1a: Wo-Chien|74\/100|[from] Sandstorm\n|-heal|p1a: Wo-Chien|80\/100|[from] item: Leftovers\n|-damage|p2b: Slither Wing|0 fnt|[from] psn\n|faint|p2b: Slither Wing\n|-end|p2b: Slither Wing|Protosynthesis|[silent]\n|-end|p2a: Goldstein|Sand Tomb|[partiallytrapped]|[silent]\n|upkeep\n|-message|SorcererBadgerTG forfeited.\n|\n|win|NotNehzzy\n|raw|NotNehzzy's rating: 1159 → 1177<\/strong> (+18 for winning)\n|raw|SorcererBadgerTG's rating: 1065 → 1050<\/strong> (-15 for losing)\n|l|\u2606SorcererBadgerTG\n","uploadtime":1682389106,"views":11,"p1id":"notnehzzy","p2id":"sorcererbadgertg","formatid":"gen9vgc2023regulationc","rating":1050,"private":0,"password":""}