{"id":"gen9vgc2023regulationc-1863084759","p1":"codymclark","p2":"fhdhhdhddhhd","format":"[Gen 9] VGC 2023 Regulation C","log":"|j|\u2606codymclark\n|j|\u2606fhdhhdhddhhd\n|t:|1683966722\n|gametype|doubles\n|player|p1|codymclark|cynthia|1078\n|player|p2|fhdhhdhddhhd|caitlin|1000\n|teamsize|p1|6\n|teamsize|p2|6\n|gen|9\n|tier|[Gen 9] VGC 2023 Regulation C\n|rated|\n|rule|Species Clause: Limit one of each Pok\u00e9mon\n|rule|Item Clause: Limit one of each item\n|clearpoke\n|poke|p1|Tyranitar, L50, M|\n|poke|p1|Lycanroc, L50, M|\n|poke|p1|Corviknight, L50, M|\n|poke|p1|Rotom-Wash, L50|\n|poke|p1|Flutter Mane, L50|\n|poke|p1|Amoonguss, L50, M|\n|poke|p2|Pelipper, L50, M|\n|poke|p2|Palafin, L50, F|\n|poke|p2|Flutter Mane, L50|\n|poke|p2|Kingambit, L50, M|\n|poke|p2|Baxcalibur, L50, M|\n|poke|p2|Amoonguss, L50, M|\n|teampreview|4\ncodymclark has agreed to open team sheets.\n|inactive|Battle timer is ON: inactive players will automatically lose when time's up. (requested by fhdhhdhddhhd)\n|\n|t:|1683966767\n|start\n|switch|p1a: Lycanroc|Lycanroc, L50, M|100\/100\n|switch|p1b: Corviknight|Corviknight, L50, M|100\/100\n|switch|p2a: Flatter Main|Flutter Mane, L50|100\/100\n|switch|p2b: Mermaid Man|Palafin, L50, F|100\/100\n|turn|1\n|inactive|codymclark has 30 seconds left.\n|inactive|fhdhhdhddhhd has 30 seconds left.\n|\n|t:|1683966802\n|move|p1a: Lycanroc|Protect|p1a: Lycanroc\n|-singleturn|p1a: Lycanroc|Protect\n|move|p2b: Mermaid Man|Jet Punch|p1a: Lycanroc\n|-activate|p1a: Lycanroc|move: Protect\n|move|p2a: Flatter Main|Dazzling Gleam|p1b: Corviknight|[spread] p1b\n|-activate|p1a: Lycanroc|move: Protect\n|-resisted|p1b: Corviknight\n|-damage|p1b: Corviknight|79\/100\n|move|p1b: Corviknight|Iron Head|p2a: Flatter Main\n|-supereffective|p2a: Flatter Main\n|-damage|p2a: Flatter Main|5\/100\n|\n|upkeep\n|turn|2\n|inactive|codymclark has 30 seconds left.\n|\n|t:|1683966831\n|detailschange|p2b: Mermaid Man|Palafin-Hero, L50, F\n|switch|p2b: Amogus|Amoonguss, L50, M|100\/100\n|switch|p1b: Tyranitar|Tyranitar, L50, M|100\/100\n|-weather|Sandstorm|[from] ability: Sand Stream|[of] p1b: Tyranitar\n|move|p1a: Lycanroc|Rock Slide|p2b: Amogus|[spread] p2a\n|-miss|p1a: Lycanroc|p2b: Amogus\n|-damage|p2a: Flatter Main|0 fnt\n|faint|p2a: Flatter Main\n|-end|p2a: Flatter Main|Protosynthesis|[silent]\n|\n|-weather|Sandstorm|[upkeep]\n|-damage|p2b: Amogus|94\/100|[from] Sandstorm\n|upkeep\n|\n|t:|1683966842\n|switch|p2a: Mermaid Man|Palafin-Hero, L50, F|100\/100\n|-activate|p2a: Mermaid Man|ability: Zero to Hero\n|turn|3\n|inactive|codymclark has 30 seconds left.\n|inactive|codymclark has 20 seconds left.\n|\n|t:|1683966879\n|-terastallize|p1b: Tyranitar|Flying\n|-terastallize|p2b: Amogus|Steel\n|move|p1a: Lycanroc|Protect|p1a: Lycanroc\n|-singleturn|p1a: Lycanroc|Protect\n|move|p2a: Mermaid Man|Protect|p2a: Mermaid Man\n|-singleturn|p2a: Mermaid Man|Protect\n|move|p1b: Tyranitar|Assurance|p2a: Mermaid Man\n|-activate|p2a: Mermaid Man|move: Protect\n|move|p2b: Amogus|Pollen Puff|p1a: Lycanroc\n|-activate|p1a: Lycanroc|move: Protect\n|\n|-weather|Sandstorm|[upkeep]\n|-damage|p2a: Mermaid Man|95\/100|[from] Sandstorm\n|-damage|p1b: Tyranitar|95\/100|[from] Sandstorm\n|upkeep\n|turn|4\n|\n|t:|1683966904\n|switch|p2b: Harry Kane|Pelipper, L50, M|100\/100\n|-weather|RainDance|[from] ability: Drizzle|[of] p2b: Harry Kane\n|move|p1a: Lycanroc|Close Combat|p2b: Harry Kane\n|-resisted|p2b: Harry Kane\n|-damage|p2b: Harry Kane|76\/100\n|-unboost|p1a: Lycanroc|def|1\n|-unboost|p1a: Lycanroc|spd|1\n|move|p2a: Mermaid Man|Wave Crash|p1b: Tyranitar\n|-damage|p1b: Tyranitar|0 fnt\n|faint|p1b: Tyranitar\n|-damage|p2a: Mermaid Man|64\/100|[from] Recoil\n|\n|-weather|RainDance|[upkeep]\n|upkeep\n|\n|t:|1683966920\n|switch|p1b: Amoongussy|Amoonguss, L50, M, shiny|100\/100\n|turn|5\n|\n|t:|1683966930\n|move|p1a: Lycanroc|Protect|p1a: Lycanroc\n|-singleturn|p1a: Lycanroc|Protect\n|move|p2a: Mermaid Man|Wave Crash|p1b: Amoongussy\n|-resisted|p1b: Amoongussy\n|-damage|p1b: Amoongussy|47\/100\n|-enditem|p1b: Amoongussy|Sitrus Berry|[eat]\n|-heal|p1b: Amoongussy|72\/100|[from] item: Sitrus Berry\n|-damage|p2a: Mermaid Man|45\/100|[from] Recoil\n|move|p2b: Harry Kane|Hurricane|p1b: Amoongussy\n|-supereffective|p1b: Amoongussy\n|-damage|p1b: Amoongussy|0 fnt\n|faint|p1b: Amoongussy\n|\n|-weather|RainDance|[upkeep]\n|upkeep\n|c|\u2606codymclark|oooof gg\n|\n|t:|1683966946\n|switch|p1b: Corviknight|Corviknight, L50, M|79\/100\n|turn|6\n|inactive|codymclark has 30 seconds left.\n|\n|t:|1683966975\n|move|p2a: Mermaid Man|Protect|p2a: Mermaid Man\n|-singleturn|p2a: Mermaid Man|Protect\n|move|p1a: Lycanroc|Endeavor|p2a: Mermaid Man\n|-activate|p2a: Mermaid Man|move: Protect\n|move|p2b: Harry Kane|Hurricane|p1a: Lycanroc\n|-resisted|p1a: Lycanroc\n|-damage|p1a: Lycanroc|40\/100\n|move|p1b: Corviknight|Iron Head|p2a: Mermaid Man\n|-activate|p2a: Mermaid Man|move: Protect\n|\n|-weather|RainDance|[upkeep]\n|upkeep\n|turn|7\n|-message|codymclark forfeited.\n|\n|win|fhdhhdhddhhd\n|raw|codymclark's rating: 1078 → 1052<\/strong> (-26 for losing)\n|raw|fhdhhdhddhhd's rating: 1000 → 1049<\/strong> (+49 for winning)\n|l|\u2606codymclark\n","uploadtime":1683966998,"views":8,"p1id":"codymclark","p2id":"fhdhhdhddhhd","formatid":"gen9vgc2023regulationc","rating":1049,"private":0,"password":""}