{"id":"gen9vgc2023regulationc-1848507854","p1":"Asd4321","p2":"PapiArcangel","format":"[Gen 9] VGC 2023 Regulation C","log":"|j|\u2606Asd4321\n|j|\u2606PapiArcangel\n|t:|1682085551\n|gametype|doubles\n|player|p1|Asd4321|supernerd|1247\n|player|p2|PapiArcangel|266|1294\n|teamsize|p1|6\n|teamsize|p2|6\n|gen|9\n|tier|[Gen 9] VGC 2023 Regulation C\n|rated|\n|rule|Species Clause: Limit one of each Pok\u00e9mon\n|rule|Item Clause: Limit one of each item\n|clearpoke\n|poke|p1|Chi-Yu, L50|\n|poke|p1|Flutter Mane, L50|\n|poke|p1|Great Tusk, L50|\n|poke|p1|Corviknight, L50, F|\n|poke|p1|Palafin, L50, M|\n|poke|p1|Amoonguss, L50, F|\n|poke|p2|Chi-Yu, L50|\n|poke|p2|Iron Bundle, L50|\n|poke|p2|Iron Hands, L50|\n|poke|p2|Gholdengo, L50|\n|poke|p2|Dragonite, L50, M|\n|poke|p2|Garganacl, L50, M|\n|teampreview|4\n|\n|t:|1682085608\n|start\n|switch|p1a: Corviknight|Corviknight, L50, F|100\/100\n|switch|p1b: Palafin|Palafin, L50, M|100\/100\n|switch|p2a: Iron Hands|Iron Hands, L50|100\/100\n|switch|p2b: Garganacl|Garganacl, L50, M|100\/100\n|turn|1\n|inactive|Battle timer is ON: inactive players will automatically lose when time's up. (requested by PapiArcangel)\n|\n|t:|1682085624\n|detailschange|p1b: Palafin|Palafin-Hero, L50, M\n|switch|p1b: Great Tusk|Great Tusk, L50|100\/100\n|move|p2a: Iron Hands|Fake Out|p1a: Corviknight\n|-resisted|p1a: Corviknight\n|-damage|p1a: Corviknight|95\/100\n|cant|p1a: Corviknight|flinch\n|move|p2b: Garganacl|Iron Defense|p2b: Garganacl\n|-boost|p2b: Garganacl|def|2\n|\n|upkeep\n|turn|2\n|inactive|PapiArcangel has 30 seconds left.\n|\n|t:|1682085651\n|-terastallize|p2a: Iron Hands|Grass\n|move|p1b: Great Tusk|Headlong Rush|p2a: Iron Hands\n|-resisted|p2a: Iron Hands\n|-crit|p2a: Iron Hands\n|-damage|p2a: Iron Hands|67\/100\n|-unboost|p1b: Great Tusk|def|1\n|-unboost|p1b: Great Tusk|spd|1\n|move|p1a: Corviknight|Taunt|p2b: Garganacl\n|-start|p2b: Garganacl|move: Taunt\n|move|p2a: Iron Hands|Wild Charge|p1a: Corviknight\n|-supereffective|p1a: Corviknight\n|-damage|p1a: Corviknight|24\/100\n|-enditem|p1a: Corviknight|Sitrus Berry|[eat]\n|-heal|p1a: Corviknight|49\/100|[from] item: Sitrus Berry\n|-damage|p2a: Iron Hands|52\/100|[from] Recoil\n|cant|p2b: Garganacl|move: Taunt|Iron Defense\n|\n|upkeep\n|turn|3\n|inactive|PapiArcangel has 30 seconds left.\n|\n|t:|1682085681\n|-end|p1b: Great Tusk|Protosynthesis|[silent]\n|switch|p1b: Flutter Mane|Flutter Mane, L50|100\/100\n|move|p1a: Corviknight|Brave Bird|p2a: Iron Hands\n|-supereffective|p2a: Iron Hands\n|-damage|p2a: Iron Hands|0 fnt\n|faint|p2a: Iron Hands\n|-end|p2a: Iron Hands|Quark Drive|[silent]\n|-damage|p1a: Corviknight|28\/100|[from] Recoil\n|move|p2b: Garganacl|Salt Cure|p1a: Corviknight\n|-damage|p1a: Corviknight|17\/100\n|-start|p1a: Corviknight|Salt Cure\n|\n|-damage|p1a: Corviknight|0 fnt|[from] Salt Cure\n|faint|p1a: Corviknight\n|upkeep\n|\n|t:|1682085704\n|switch|p1a: Palafin|Palafin-Hero, L50, M|100\/100\n|switch|p2a: ElChino|Iron Bundle, L50|100\/100\n|-activate|p1a: Palafin|ability: Zero to Hero\n|turn|4\n|\n|t:|1682085725\n|move|p2a: ElChino|Protect|p2a: ElChino\n|-singleturn|p2a: ElChino|Protect\n|move|p1a: Palafin|Protect|p1a: Palafin\n|-singleturn|p1a: Palafin|Protect\n|move|p1b: Flutter Mane|Moonblast|p2a: ElChino\n|-activate|p2a: ElChino|move: Protect\n|move|p2b: Garganacl|Body Press|p1a: Palafin\n|-activate|p1a: Palafin|move: Protect\n|\n|-end|p2b: Garganacl|move: Taunt\n|upkeep\n|turn|5\n|inactive|PapiArcangel has 30 seconds left.\n|inactive|PapiArcangel has 20 seconds left.\n|inactive|PapiArcangel has 15 seconds left.\n|\n|t:|1682085768\n|-terastallize|p1b: Flutter Mane|Fairy\n|move|p2a: ElChino|Freeze-Dry|p1a: Palafin\n|-supereffective|p1a: Palafin\n|-damage|p1a: Palafin|35\/100\n|move|p1b: Flutter Mane|Moonblast|p2a: ElChino\n|-enditem|p2a: ElChino|Focus Sash\n|-damage|p2a: ElChino|1\/100\n|-damage|p1b: Flutter Mane|91\/100|[from] item: Life Orb\n|move|p1a: Palafin|Haze|p1a: Palafin\n|-clearallboost\n|move|p2b: Garganacl|Body Press|p1a: Palafin\n|-crit|p1a: Palafin\n|-damage|p1a: Palafin|5\/100\n|\n|upkeep\n|turn|6\n|inactive|PapiArcangel has 30 seconds left.\n|\n|t:|1682085803\n|move|p2a: ElChino|Protect|p2a: ElChino\n|-singleturn|p2a: ElChino|Protect\n|move|p1a: Palafin|Protect|p1a: Palafin\n|-singleturn|p1a: Palafin|Protect\n|move|p1b: Flutter Mane|Dazzling Gleam|p2a: ElChino|[spread] p2b\n|-activate|p2a: ElChino|move: Protect\n|-damage|p2b: Garganacl|55\/100\n|-damage|p1b: Flutter Mane|82\/100|[from] item: Life Orb\n|move|p2b: Garganacl|Salt Cure|p1a: Palafin\n|-activate|p1a: Palafin|move: Protect\n|\n|-heal|p2b: Garganacl|61\/100|[from] item: Leftovers\n|upkeep\n|turn|7\n|\n|t:|1682085827\n|move|p1a: Palafin|Jet Punch|p2a: ElChino\n|-resisted|p2a: ElChino\n|-damage|p2a: ElChino|0 fnt\n|faint|p2a: ElChino\n|-end|p2a: ElChino|Quark Drive|[silent]\n|move|p1b: Flutter Mane|Moonblast|p2b: Garganacl\n|-damage|p2b: Garganacl|0 fnt\n|faint|p2b: Garganacl\n|-damage|p1b: Flutter Mane|72\/100|[from] item: Life Orb\n|\n|upkeep\n|\n|t:|1682085838\n|switch|p2a: Jacobo|Chi-Yu, L50|100\/100\n|-ability|p2a: Jacobo|Beads of Ruin\n|turn|8\n|\n|t:|1682085850\n|move|p1a: Palafin|Jet Punch|p2a: Jacobo\n|-supereffective|p2a: Jacobo\n|-damage|p2a: Jacobo|0 fnt\n|faint|p2a: Jacobo\n|\n|win|Asd4321\n|raw|Asd4321's rating: 1247 → 1275<\/strong> (+28 for winning)\n|raw|PapiArcangel's rating: 1294 → 1266<\/strong> (-28 for losing)\n|c|\u2606Asd4321|gg\n","uploadtime":1682085862,"views":7,"p1id":"asd4321","p2id":"papiarcangel","formatid":"gen9vgc2023regulationc","rating":1266,"private":0,"password":""}