{"id":"gen9vgc2023regulationc-1849811345","p1":"Thebugkid","p2":"conte di Cavour","format":"[Gen 9] VGC 2023 Regulation C","log":"|j|\u2606Thebugkid\n|j|\u2606conte di Cavour\n|t:|1682255365\n|gametype|doubles\n|player|p1|Thebugkid|burgh|1163\n|player|p2|conte di Cavour|volkner|1141\n|teamsize|p1|6\n|teamsize|p2|6\n|gen|9\n|tier|[Gen 9] VGC 2023 Regulation C\n|rated|\n|rule|Species Clause: Limit one of each Pok\u00e9mon\n|rule|Item Clause: Limit one of each item\n|clearpoke\n|poke|p1|Roaring Moon, L50|\n|poke|p1|Flutter Mane, L50|\n|poke|p1|Chi-Yu, L50|\n|poke|p1|Gallade, L50, M|\n|poke|p1|Magnezone, L50|\n|poke|p1|Iron Bundle, L50|\n|poke|p2|Palafin, L50, F|\n|poke|p2|Iron Hands, L50|\n|poke|p2|Amoonguss, L50, F|\n|poke|p2|Dragonite, L50, F|\n|poke|p2|Flutter Mane, L50|\n|poke|p2|Ceruledge, L50, M|\n|teampreview|4\n|\n|t:|1682255398\n|start\n|switch|p1a: I\u2019m like a bird|Roaring Moon, L50|100\/100\n|switch|p1b: Cancer|Flutter Mane, L50|100\/100\n|switch|p2a: Palafin|Palafin, L50, F|100\/100\n|switch|p2b: Iron Hands|Iron Hands, L50|100\/100\n|-enditem|p1a: I\u2019m like a bird|Booster Energy\n|-activate|p1a: I\u2019m like a bird|ability: Protosynthesis|[fromitem]\n|-start|p1a: I\u2019m like a bird|protosynthesisspe\n|turn|1\n|inactive|Battle timer is ON: inactive players will automatically lose when time's up. (requested by Thebugkid)\n|inactive|conte di Cavour has 60 seconds left.\n|\n|t:|1682255440\n|-end|p1a: I\u2019m like a bird|Protosynthesis|[silent]\n|switch|p1a: Alexi|Magnezone, L50|100\/100\n|detailschange|p2a: Palafin|Palafin-Hero, L50, F\n|switch|p2a: Amoonguss|Amoonguss, L50, F|100\/100\n|move|p1b: Cancer|Dazzling Gleam|p2a: Amoonguss|[spread] p2a,p2b\n|-resisted|p2a: Amoonguss\n|-supereffective|p2b: Iron Hands\n|-damage|p2a: Amoonguss|89\/100\n|-damage|p2b: Iron Hands|68\/100\n|move|p2b: Iron Hands|Drain Punch|p1a: Alexi\n|-supereffective|p1a: Alexi\n|-damage|p1a: Alexi|21\/100\n|-heal|p2b: Iron Hands|96\/100|[from] drain|[of] p1a: Alexi\n|\n|upkeep\n|turn|2\n|inactive|Thebugkid has 30 seconds left.\n|inactive|conte di Cavour has 30 seconds left.\n|inactive|Thebugkid has 20 seconds left.\n|inactive|conte di Cavour has 20 seconds left.\n|inactive|Thebugkid has 15 seconds left.\n|inactive|conte di Cavour has 15 seconds left.\n|inactive|Thebugkid has 10 seconds left.\n|inactive|conte di Cavour has 10 seconds left.\n|\n|t:|1682255489\n|move|p1b: Cancer|Dazzling Gleam|p2a: Amoonguss|[spread] p2a,p2b\n|-resisted|p2a: Amoonguss\n|-supereffective|p2b: Iron Hands\n|-damage|p2a: Amoonguss|75\/100\n|-damage|p2b: Iron Hands|62\/100\n|move|p1a: Alexi|Volt Switch|p2a: Amoonguss\n|-resisted|p2a: Amoonguss\n|-damage|p2a: Amoonguss|59\/100\n|\n|t:|1682255500\n|switch|p1a: Occam|Gallade, L50, M, shiny|100\/100|[from] Volt Switch\n|move|p2b: Iron Hands|Drain Punch|p1a: Occam\n|-resisted|p1a: Occam\n|-damage|p1a: Occam|63\/100\n|-heal|p2b: Iron Hands|73\/100|[from] drain|[of] p1a: Occam\n|move|p2a: Amoonguss|Spore|p1b: Cancer\n|-status|p1b: Cancer|slp|[from] move: Spore\n|\n|upkeep\n|turn|3\n|inactive|conte di Cavour has 30 seconds left.\n|\n|t:|1682255526\n|-end|p2b: Iron Hands|Quark Drive|[silent]\n|switch|p2b: Flutter Mane|Flutter Mane, L50|100\/100\n|cant|p1b: Cancer|slp\n|move|p1a: Occam|Psycho Cut|p2a: Amoonguss\n|-supereffective|p2a: Amoonguss\n|-damage|p2a: Amoonguss|0 fnt\n|faint|p2a: Amoonguss\n|\n|upkeep\n|\n|t:|1682255534\n|switch|p2a: Palafin|Palafin-Hero, L50, F|100\/100\n|-activate|p2a: Palafin|ability: Zero to Hero\n|turn|4\n|\n|t:|1682255545\n|switch|p1a: Alexi|Magnezone, L50|21\/100\n|-terastallize|p2a: Palafin|Water\n|-curestatus|p1b: Cancer|slp|[msg]\n|move|p1b: Cancer|Shadow Ball|p2b: Flutter Mane\n|-supereffective|p2b: Flutter Mane\n|-damage|p2b: Flutter Mane|7\/100\n|-unboost|p2b: Flutter Mane|spd|1\n|move|p2b: Flutter Mane|Moonblast|p1a: Alexi\n|-resisted|p1a: Alexi\n|-damage|p1a: Alexi|1\/100\n|-unboost|p1a: Alexi|spa|1\n|move|p2a: Palafin|Wave Crash|p1b: Cancer\n|-enditem|p1b: Cancer|Focus Sash\n|-damage|p1b: Cancer|1\/100\n|-damage|p2a: Palafin|80\/100|[from] Recoil\n|\n|upkeep\n|turn|5\n|inactive|conte di Cavour has 30 seconds left.\n|inactive|Thebugkid has 30 seconds left.\n|inactive|Thebugkid has 20 seconds left.\n|inactive|Thebugkid has 15 seconds left.\n|\n|t:|1682255592\n|move|p2b: Flutter Mane|Protect|p2b: Flutter Mane\n|-singleturn|p2b: Flutter Mane|Protect\n|move|p2a: Palafin|Jet Punch|p1a: Alexi\n|-damage|p1a: Alexi|0 fnt\n|faint|p1a: Alexi\n|move|p1b: Cancer|Dazzling Gleam|p2b: Flutter Mane|[spread] p2a\n|-activate|p2b: Flutter Mane|move: Protect\n|-damage|p2a: Palafin|50\/100\n|\n|upkeep\n|\n|t:|1682255604\n|switch|p1a: I\u2019m like a bird|Roaring Moon, L50|100\/100\n|turn|6\n|\n|t:|1682255618\n|-end|p2b: Flutter Mane|Protosynthesis|[silent]\n|switch|p2b: Iron Hands|Iron Hands, L50|73\/100\n|-terastallize|p1a: I\u2019m like a bird|Flying\n|move|p2a: Palafin|Jet Punch|p1b: Cancer\n|-damage|p1b: Cancer|0 fnt\n|faint|p1b: Cancer\n|-end|p1b: Cancer|Protosynthesis|[silent]\n|move|p1a: I\u2019m like a bird|Acrobatics|p2a: Palafin\n|-damage|p2a: Palafin|1\/100\n|\n|upkeep\n|\n|t:|1682255629\n|switch|p1b: Occam|Gallade, L50, M, shiny|63\/100\n|turn|7\n|\n|t:|1682255647\n|move|p1a: I\u2019m like a bird|Acrobatics|p2a: Palafin\n|-damage|p2a: Palafin|0 fnt\n|faint|p2a: Palafin\n|move|p1b: Occam|Psycho Cut|p2b: Iron Hands\n|-supereffective|p2b: Iron Hands\n|-crit|p2b: Iron Hands\n|-damage|p2b: Iron Hands|0 fnt\n|faint|p2b: Iron Hands\n|-end|p2b: Iron Hands|Quark Drive|[silent]\n|\n|upkeep\n|c|\u2606conte di Cavour|really dude?\n|c|\u2606conte di Cavour|1% magnezone\n|c|\u2606conte di Cavour|and now\n|c|\u2606Thebugkid|Jet punch man\n|inactive|conte di Cavour has 30 seconds left.\n|c|\u2606Thebugkid|so free\n|\n|t:|1682255676\n|switch|p2b: Flutter Mane|Flutter Mane, L50|7\/100\n|turn|8\n|\n|t:|1682255686\n|move|p1a: I\u2019m like a bird|Acrobatics|p2b: Flutter Mane\n|-damage|p2b: Flutter Mane|0 fnt\n|faint|p2b: Flutter Mane\n|-end|p2b: Flutter Mane|Protosynthesis|[silent]\n|\n|win|Thebugkid\n|raw|Thebugkid's rating: 1163 → 1186<\/strong> (+23 for winning)\n|raw|conte di Cavour's rating: 1141 → 1118<\/strong> (-23 for losing)\n|l|\u2606conte di Cavour\n","uploadtime":1682255707,"views":22,"p1id":"thebugkid","p2id":"contedicavour","formatid":"gen9vgc2023regulationc","rating":1118,"private":0,"password":""}