{"id":"gen9vgc2023regulationc-1858363847","p1":"thaylan77","p2":"TjVGC","format":"[Gen 9] VGC 2023 Regulation C","log":"|j|\u2606thaylan77\n|j|\u2606TjVGC\n|t:|1683305520\n|gametype|doubles\n|player|p1|thaylan77|1|1000\n|player|p2|TjVGC|2|1000\n|teamsize|p1|6\n|teamsize|p2|6\n|gen|9\n|tier|[Gen 9] VGC 2023 Regulation C\n|rated|\n|rule|Species Clause: Limit one of each Pok\u00e9mon\n|rule|Item Clause: Limit one of each item\n|clearpoke\n|poke|p1|Glimmora, L50, M|\n|poke|p1|Iron Hands, L50|\n|poke|p1|Arcanine, L50, F|\n|poke|p1|Amoonguss, L50, F|\n|poke|p1|Gothitelle, L50, M|\n|poke|p1|Wo-Chien, L50|\n|poke|p2|Gyarados, L50, F|\n|poke|p2|Flutter Mane, L50|\n|poke|p2|Espathra, L50, M|\n|poke|p2|Sandy Shocks, L50|\n|poke|p2|Ceruledge, L50, M|\n|poke|p2|Chi-Yu, L50|\n|teampreview|4\n|inactive|Battle timer is ON: inactive players will automatically lose when time's up. (requested by TjVGC)\nthaylan77 has agreed to open team sheets.\n|inactive|TjVGC has 60 seconds left.\n|\n|t:|1683305570\n|start\n|switch|p1a: Glimmora|Glimmora, L50, M|100\/100\n|switch|p1b: Wo-Chien|Wo-Chien, L50|100\/100\n|switch|p2a: Soul|Chi-Yu, L50|100\/100\n|switch|p2b: Memey|Flutter Mane, L50, shiny|100\/100\n|-ability|p2a: Soul|Beads of Ruin\n|-ability|p1b: Wo-Chien|Tablets of Ruin\n|turn|1\n|\n|t:|1683305594\n|move|p2a: Soul|Heat Wave|p1b: Wo-Chien|[spread] p1a,p1b\n|-resisted|p1a: Glimmora\n|-supereffective|p1b: Wo-Chien\n|-damage|p1a: Glimmora|72\/100\n|-damage|p1b: Wo-Chien|35\/100\n|-enditem|p1b: Wo-Chien|Sitrus Berry|[eat]\n|-heal|p1b: Wo-Chien|59\/100|[from] item: Sitrus Berry\n|-enditem|p1a: Glimmora|Red Card|[of] p2a: Soul\n|drag|p2a: GforGamer|Espathra, L50, M|100\/100\n|move|p2b: Memey|Psyshock|p1a: Glimmora\n|-supereffective|p1a: Glimmora\n|-damage|p1a: Glimmora|0 fnt\n|faint|p1a: Glimmora\n|move|p1b: Wo-Chien|Pollen Puff|p1: Glimmora|[notarget]\n|-fail|p1b: Wo-Chien\n|\n|upkeep\n|\n|t:|1683305608\n|switch|p1a: Arcanine|Arcanine, L50, F|100\/100\n|-ability|p1a: Arcanine|Intimidate|boost\n|-unboost|p2a: GforGamer|atk|1\n|-unboost|p2b: Memey|atk|1\n|turn|2\n|\n|t:|1683305625\n|-terastallize|p2a: GforGamer|Fighting\n|move|p2b: Memey|Psyshock|p1a: Arcanine\n|-damage|p1a: Arcanine|52\/100\n|move|p2a: GforGamer|Confuse Ray|p1b: Wo-Chien\n|-start|p1b: Wo-Chien|confusion\n|move|p1a: Arcanine|Will-O-Wisp|p2a: GforGamer\n|-status|p2a: GforGamer|brn\n|-activate|p1b: Wo-Chien|confusion\n|move|p1b: Wo-Chien|Leech Seed|p2a: GforGamer|[miss]\n|-miss|p1b: Wo-Chien|p2a: GforGamer\n|\n|-damage|p2a: GforGamer|95\/100 brn|[from] brn\n|-ability|p2a: GforGamer|Speed Boost|boost\n|-boost|p2a: GforGamer|spe|1\n|upkeep\n|turn|3\n|inactive|thaylan77 has 30 seconds left.\n|inactive|TjVGC has 30 seconds left.\n|inactive|TjVGC has 20 seconds left.\n|inactive|TjVGC has 15 seconds left.\n|\n|t:|1683305667\n|move|p2a: GforGamer|Confuse Ray|p1a: Arcanine\n|-start|p1a: Arcanine|confusion\n|move|p2b: Memey|Psyshock|p1a: Arcanine\n|-damage|p1a: Arcanine|0 fnt\n|faint|p1a: Arcanine\n|-end|p1b: Wo-Chien|confusion\n|move|p1b: Wo-Chien|Leech Seed|p2b: Memey\n|-start|p2b: Memey|move: Leech Seed\n|\n|-damage|p2b: Memey|88\/100|[from] Leech Seed|[of] p1b: Wo-Chien\n|-heal|p1b: Wo-Chien|68\/100|[silent]\n|-damage|p2a: GforGamer|89\/100 brn|[from] brn\n|-ability|p2a: GforGamer|Speed Boost|boost\n|-boost|p2a: GforGamer|spe|1\n|upkeep\n|\n|t:|1683305682\n|switch|p1a: Iron Hands|Iron Hands, L50|100\/100\n|turn|4\n|\n|t:|1683305701\n|move|p2a: GforGamer|Hypnosis|p1b: Wo-Chien|[miss]\n|-miss|p2a: GforGamer|p1b: Wo-Chien\n|move|p2b: Memey|Psyshock|p1a: Iron Hands\n|-supereffective|p1a: Iron Hands\n|-damage|p1a: Iron Hands|53\/100\n|move|p1b: Wo-Chien|Giga Drain|p2a: GforGamer\n|-damage|p2a: GforGamer|50\/100 brn\n|-heal|p1b: Wo-Chien|85\/100|[from] drain|[of] p2a: GforGamer\n|move|p1a: Iron Hands|Ice Punch|p2b: Memey\n|-damage|p2b: Memey|42\/100\n|\n|-damage|p2b: Memey|30\/100|[from] Leech Seed|[of] p1b: Wo-Chien\n|-heal|p1b: Wo-Chien|94\/100|[silent]\n|-damage|p2a: GforGamer|44\/100 brn|[from] brn\n|-ability|p2a: GforGamer|Speed Boost|boost\n|-boost|p2a: GforGamer|spe|1\n|upkeep\n|turn|5\n|inactive|thaylan77 has 30 seconds left.\n|\n|t:|1683305736\n|move|p2a: GforGamer|Lumina Crash|p1a: Iron Hands\n|-supereffective|p1a: Iron Hands\n|-damage|p1a: Iron Hands|7\/100\n|-unboost|p1a: Iron Hands|spd|2\n|move|p2b: Memey|Psyshock|p1a: Iron Hands\n|-supereffective|p1a: Iron Hands\n|-damage|p1a: Iron Hands|0 fnt\n|faint|p1a: Iron Hands\n|-end|p1a: Iron Hands|Quark Drive|[silent]\n|move|p1b: Wo-Chien|Leech Seed|p2a: GforGamer\n|-start|p2a: GforGamer|move: Leech Seed\n|\n|-damage|p2a: GforGamer|31\/100 brn|[from] Leech Seed|[of] p1b: Wo-Chien\n|-heal|p1b: Wo-Chien|100\/100|[silent]\n|-damage|p2b: Memey|18\/100|[from] Leech Seed|[of] p1b: Wo-Chien\n|-damage|p2a: GforGamer|26\/100 brn|[from] brn\n|-ability|p2a: GforGamer|Speed Boost|boost\n|-boost|p2a: GforGamer|spe|1\n|upkeep\n|turn|6\n|inactive|thaylan77 has 30 seconds left.\n|\n|t:|1683305763\n|-end|p2b: Memey|Protosynthesis|[silent]\n|switch|p2b: Soul|Chi-Yu, L50|100\/100\n|-ability|p2b: Soul|Beads of Ruin\n|-terastallize|p1b: Wo-Chien|Water\n|move|p2a: GforGamer|Confuse Ray|p1b: Wo-Chien\n|-start|p1b: Wo-Chien|confusion\n|-activate|p1b: Wo-Chien|confusion\n|move|p1b: Wo-Chien|Giga Drain|p2a: GforGamer\n|-damage|p2a: GforGamer|0 fnt\n|faint|p2a: GforGamer\n|\n|upkeep\n|\n|t:|1683305776\n|switch|p2a: Memey|Flutter Mane, L50, shiny|18\/100\n|turn|7\n|\n|t:|1683305797\n|move|p2b: Soul|Snarl|p1b: Wo-Chien\n|-damage|p1b: Wo-Chien|79\/100\n|-unboost|p1b: Wo-Chien|spa|1\n|move|p2a: Memey|Hex|p1b: Wo-Chien\n|-damage|p1b: Wo-Chien|44\/100\n|-activate|p1b: Wo-Chien|confusion\n|-damage|p1b: Wo-Chien|38\/100|[from] confusion\n|\n|upkeep\n|turn|8\n|\n|t:|1683305808\n|move|p2b: Soul|Snarl|p1b: Wo-Chien\n|-damage|p1b: Wo-Chien|16\/100\n|-unboost|p1b: Wo-Chien|spa|1\n|move|p2a: Memey|Hex|p1b: Wo-Chien\n|-damage|p1b: Wo-Chien|0 fnt\n|faint|p1b: Wo-Chien\n|\n|win|TjVGC\n|raw|thaylan77's rating: 1000 → 1000<\/strong> (+0 for losing)\n|raw|TjVGC's rating: 1000 → 1040<\/strong> (+40 for winning)\n|c|\u2606TjVGC|gg\n","uploadtime":1683305823,"views":12,"p1id":"thaylan77","p2id":"tjvgc","formatid":"gen9vgc2023regulationc","rating":1000,"private":0,"password":""}