{"id":"gen9vgc2023regulationc-1862948593","p1":"SilverDragon550","p2":"Charlisito","format":"[Gen 9] VGC 2023 Regulation C","log":"|j|\u2606SilverDragon550\n|j|\u2606Charlisito\n|t:|1683942516\n|gametype|doubles\n|player|p1|SilverDragon550|silver|1334\n|player|p2|Charlisito|170|1317\n|teamsize|p1|6\n|teamsize|p2|6\n|gen|9\n|tier|[Gen 9] VGC 2023 Regulation C\n|rated|\n|rule|Species Clause: Limit one of each Pok\u00e9mon\n|rule|Item Clause: Limit one of each item\n|clearpoke\n|poke|p1|Chi-Yu, L50|\n|poke|p1|Flutter Mane, L50|\n|poke|p1|Jumpluff, L50, M|\n|poke|p1|Scizor, L50, M|\n|poke|p1|Gyarados, L50, M|\n|poke|p1|Baxcalibur, L50, F|\n|poke|p2|Bellibolt, L50, F|\n|poke|p2|Palafin, L50, M|\n|poke|p2|Arcanine, L50, M|\n|poke|p2|Amoonguss, L50, M|\n|poke|p2|Flutter Mane, L50|\n|poke|p2|Ting-Lu, L50|\n|teampreview|4\nSilverDragon550 has agreed to open team sheets.\nCharlisito has agreed to open team sheets.\n|inactive|Battle timer is ON: inactive players will automatically lose when time's up. (requested by Charlisito)\n|\n|t:|1683942602\n|start\n|switch|p1a: SV VGC|Flutter Mane, L50|100\/100\n|switch|p1b: Rage|Gyarados, L50, M|100\/100\n|switch|p2a: Flutter Mane|Flutter Mane, L50|100\/100\n|switch|p2b: Arcanine|Arcanine, L50, M|100\/100\n|-ability|p2b: Arcanine|Intimidate|boost\n|-unboost|p1a: SV VGC|atk|1\n|-unboost|p1b: Rage|atk|1\n|-ability|p1b: Rage|Intimidate|boost\n|-unboost|p2a: Flutter Mane|atk|1\n|-unboost|p2b: Arcanine|atk|1\n|-enditem|p2a: Flutter Mane|Booster Energy\n|-activate|p2a: Flutter Mane|ability: Protosynthesis|[fromitem]\n|-start|p2a: Flutter Mane|protosynthesisspa\n|turn|1\n|inactive|SilverDragon550 has 30 seconds left.\n|inactive|Charlisito has 30 seconds left.\n|inactive|SilverDragon550 has 20 seconds left.\n|inactive|Charlisito has 20 seconds left.\n|inactive|Charlisito has 15 seconds left.\n|inactive|Charlisito has 10 seconds left.\n|inactive|Charlisito has 5 seconds left.\n|\n|t:|1683942657\n|switch|p1b: Killer Wasp|Scizor, L50, M|100\/100\n|move|p1a: SV VGC|Shadow Ball|p2a: Flutter Mane\n|-supereffective|p2a: Flutter Mane\n|-damage|p2a: Flutter Mane|30\/100\n|move|p2a: Flutter Mane|Dazzling Gleam|p1b: Killer Wasp|[spread] p1a,p1b\n|-resisted|p1b: Killer Wasp\n|-damage|p1a: SV VGC|66\/100\n|-damage|p1b: Killer Wasp|73\/100\n|move|p2b: Arcanine|Flare Blitz|p1b: Killer Wasp\n|-supereffective|p1b: Killer Wasp\n|-damage|p1b: Killer Wasp|0 fnt\n|faint|p1b: Killer Wasp\n|-damage|p2b: Arcanine|79\/100|[from] Recoil\n|\n|upkeep\n|\n|t:|1683942669\n|switch|p1b: Rage|Gyarados, L50, M|100\/100\n|-ability|p1b: Rage|Intimidate|boost\n|-unboost|p2a: Flutter Mane|atk|1\n|-unboost|p2b: Arcanine|atk|1\n|turn|2\n|\n|t:|1683942687\n|move|p2a: Flutter Mane|Protect|p2a: Flutter Mane\n|-singleturn|p2a: Flutter Mane|Protect\n|move|p1a: SV VGC|Shadow Ball|p2a: Flutter Mane\n|-activate|p2a: Flutter Mane|move: Protect\n|move|p2b: Arcanine|Flare Blitz|p1a: SV VGC\n|-damage|p1a: SV VGC|24\/100\n|-damage|p2b: Arcanine|68\/100|[from] Recoil\n|move|p1b: Rage|Waterfall|p2b: Arcanine\n|-supereffective|p2b: Arcanine\n|-damage|p2b: Arcanine|0 fnt\n|faint|p2b: Arcanine\n|\n|upkeep\n|\n|t:|1683942701\n|switch|p2b: Bellibolt|Bellibolt, L50, F|100\/100\n|turn|3\n|inactive|SilverDragon550 has 30 seconds left.\n|\n|t:|1683942733\n|-end|p2a: Flutter Mane|Protosynthesis|[silent]\n|switch|p2a: Ting-Lu|Ting-Lu, L50|100\/100\n|-ability|p2a: Ting-Lu|Vessel of Ruin\n|move|p1a: SV VGC|Protect|p1a: SV VGC\n|-singleturn|p1a: SV VGC|Protect\n|move|p1b: Rage|Waterfall|p2a: Ting-Lu\n|-supereffective|p2a: Ting-Lu\n|-damage|p2a: Ting-Lu|57\/100\n|move|p2b: Bellibolt|Parabolic Charge|p1a: SV VGC|[spread] p1b\n|-activate|p1a: SV VGC|move: Protect\n|-immune|p2a: Ting-Lu\n|-supereffective|p1b: Rage\n|-crit|p1b: Rage\n|-damage|p1b: Rage|29\/100\n|-enditem|p1b: Rage|Sitrus Berry|[eat]\n|-heal|p1b: Rage|54\/100|[from] item: Sitrus Berry\n|\n|-heal|p2a: Ting-Lu|63\/100|[from] item: Leftovers\n|upkeep\n|turn|4\n|inactive|SilverDragon550 has 30 seconds left.\n|inactive|Charlisito has 30 seconds left.\n|inactive|SilverDragon550 has 20 seconds left.\n|inactive|Charlisito has 20 seconds left.\n|inactive|Charlisito has 15 seconds left.\n|\n|t:|1683942774\n|-end|p1a: SV VGC|Protosynthesis|[silent]\n|switch|p1a: Fridgezilla|Baxcalibur, L50, F|100\/100\n|switch|p2a: Flutter Mane|Flutter Mane, L50|30\/100\n|-terastallize|p1b: Rage|Steel\n|move|p1b: Rage|Waterfall|p2a: Flutter Mane\n|-damage|p2a: Flutter Mane|0 fnt\n|faint|p2a: Flutter Mane\n|-end|p2a: Flutter Mane|Protosynthesis|[silent]\n|move|p2b: Bellibolt|Parabolic Charge|p1a: Fridgezilla|[spread] p1a,p1b\n|-resisted|p1a: Fridgezilla\n|-damage|p1a: Fridgezilla|91\/100\n|-damage|p1b: Rage|39\/100\n|\n|upkeep\n|\n|t:|1683942779\n|switch|p2a: Ting-Lu|Ting-Lu, L50|63\/100\n|-ability|p2a: Ting-Lu|Vessel of Ruin\n|turn|5\n|inactive|SilverDragon550 has 30 seconds left.\n|inactive|SilverDragon550 has 20 seconds left.\n|inactive|SilverDragon550 has 15 seconds left.\n|\n|t:|1683942823\n|move|p1a: Fridgezilla|Icicle Crash|p2a: Ting-Lu\n|-supereffective|p2a: Ting-Lu\n|-damage|p2a: Ting-Lu|5\/100\n|move|p1b: Rage|Waterfall|p2b: Bellibolt\n|-damage|p2b: Bellibolt|66\/100\n|-start|p2b: Bellibolt|Charge|Waterfall|[from] ability: Electromorphosis\n|move|p2a: Ting-Lu|Ruination|p1a: Fridgezilla\n|-damage|p1a: Fridgezilla|46\/100\n|move|p2b: Bellibolt|Parabolic Charge|p1a: Fridgezilla|[spread] p1a,p1b\n|-immune|p2a: Ting-Lu\n|-resisted|p1a: Fridgezilla\n|-crit|p1a: Fridgezilla\n|-damage|p1a: Fridgezilla|25\/100\n|-heal|p2b: Bellibolt|77\/100|[from] drain|[of] p1a: Fridgezilla\n|-damage|p1b: Rage|15\/100\n|-heal|p2b: Bellibolt|88\/100|[from] drain|[of] p1b: Rage\n|-end|p2b: Bellibolt|Charge|[silent]\n|\n|-heal|p2a: Ting-Lu|11\/100|[from] item: Leftovers\n|upkeep\n|turn|6\n|inactive|SilverDragon550 has 30 seconds left.\n|inactive|Charlisito has 30 seconds left.\n|inactive|Charlisito has 20 seconds left.\n|inactive|Charlisito has 15 seconds left.\n|\n|t:|1683942871\n|move|p2a: Ting-Lu|Protect|p2a: Ting-Lu\n|-singleturn|p2a: Ting-Lu|Protect\n|move|p1a: Fridgezilla|Earthquake|p2b: Bellibolt|[spread] p1b,p2b\n|-activate|p2a: Ting-Lu|move: Protect\n|-supereffective|p1b: Rage\n|-supereffective|p2b: Bellibolt\n|-damage|p1b: Rage|0 fnt\n|-damage|p2b: Bellibolt|37\/100\n|-start|p2b: Bellibolt|Charge|Earthquake|[from] ability: Electromorphosis\n|faint|p1b: Rage\n|move|p2b: Bellibolt|Parabolic Charge|p1a: Fridgezilla|[spread] p1a\n|-activate|p2a: Ting-Lu|move: Protect\n|-resisted|p1a: Fridgezilla\n|-damage|p1a: Fridgezilla|9\/100\n|-heal|p2b: Bellibolt|45\/100|[from] drain|[of] p1a: Fridgezilla\n|-end|p2b: Bellibolt|Charge|[silent]\n|\n|-heal|p2a: Ting-Lu|17\/100|[from] item: Leftovers\n|upkeep\n|\n|t:|1683942879\n|switch|p1b: SV VGC|Flutter Mane, L50|24\/100\n|turn|7\n|\n|t:|1683942912\n|-terastallize|p2b: Bellibolt|Grass\n|move|p1b: SV VGC|Moonblast|p2a: Ting-Lu\n|-supereffective|p2a: Ting-Lu\n|-damage|p2a: Ting-Lu|0 fnt\n|faint|p2a: Ting-Lu\n|move|p1a: Fridgezilla|Glaive Rush|p2b: Bellibolt\n|-damage|p2b: Bellibolt|0 fnt\n|-singlemove|p1a: Fridgezilla|Glaive Rush|[silent]\n|faint|p2b: Bellibolt\n|\n|win|SilverDragon550\n|raw|SilverDragon550's rating: 1334 → 1353<\/strong> (+19 for winning)\n|raw|Charlisito's rating: 1317 → 1298<\/strong> (-19 for losing)\n","uploadtime":1683942922,"views":8,"p1id":"silverdragon550","p2id":"charlisito","formatid":"gen9vgc2023regulationc","rating":1298,"private":0,"password":""}