{"id":"gen9vgc2023regulationc-1855696237","p1":"Ciq108","p2":"Slim Reaper 69","format":"[Gen 9] VGC 2023 Regulation C","log":"|j|\u2606Ciq108\n|j|\u2606Slim Reaper 69\n|t:|1682974150\n|gametype|doubles\n|player|p1|Ciq108|2|\n|player|p2|Slim Reaper 69|rood|\n|teamsize|p1|6\n|teamsize|p2|6\n|gen|9\n|tier|[Gen 9] VGC 2023 Regulation C\n|rule|Species Clause: Limit one of each Pok\u00e9mon\n|rule|Item Clause: Limit one of each item\n|clearpoke\n|poke|p1|Gardevoir, L50, F|\n|poke|p1|Pincurchin, L50, F|\n|poke|p1|Iron Hands, L50|\n|poke|p1|Flutter Mane, L50|\n|poke|p1|Kingambit, L50, F|\n|poke|p1|Clodsire, L50, M|\n|poke|p2|Pelipper, L50, F|\n|poke|p2|Palafin, L50, F|\n|poke|p2|Azumarill, L50, F|\n|poke|p2|Barraskewda, L50, M|\n|poke|p2|Dondozo, L50, M|\n|poke|p2|Tatsugiri-Stretchy, L50, F|\n|teampreview|4\n|c|\u2606Slim Reaper 69|hell yea, like the adjustment\n|c|\u2606Ciq108|Ty lol\n|c|\u2606Ciq108|This would be nigh impossible if u blocks elec types XD\n|\n|t:|1682974188\n|start\n|switch|p1a: Iron Hands|Iron Hands, L50|100\/100\n|switch|p1b: Flutter Mane|Flutter Mane, L50|100\/100\n|switch|p2a: Palafin|Palafin, L50, F|100\/100\n|switch|p2b: Barraskewda|Barraskewda, L50, M|100\/100\n|turn|1\n|c|\u2606Slim Reaper 69|yea, and I originally wanted to not run mono water\n|c|\u2606Slim Reaper 69|but I wanted it to be somewhat winnable with enough scouting\n|c|\u2606Ciq108|Fair\n|\n|t:|1682974223\n|detailschange|p2a: Palafin|Palafin-Hero, L50, F\n|switch|p2a: Pelipper|Pelipper, L50, F|100\/100\n|-weather|RainDance|[from] ability: Drizzle|[of] p2a: Pelipper\n|move|p1a: Iron Hands|Fake Out|p2b: Barraskewda\n|-damage|p2b: Barraskewda|72\/100\n|cant|p2b: Barraskewda|flinch\n|move|p1b: Flutter Mane|Energy Ball|p2a: Pelipper\n|-crit|p2a: Pelipper\n|-damage|p2a: Pelipper|9\/100\n|\n|-weather|RainDance|[upkeep]\n|upkeep\n|turn|2\n|c|\u2606Ciq108|I was kinda hoping it would be only water moves and clod would win XD\n|\n|t:|1682974253\n|move|p2a: Pelipper|Protect|p2a: Pelipper\n|-singleturn|p2a: Pelipper|Protect\n|move|p2b: Barraskewda|Liquidation|p1b: Flutter Mane\n|-crit|p1b: Flutter Mane\n|-enditem|p1b: Flutter Mane|Focus Sash\n|-damage|p1b: Flutter Mane|1\/100\n|move|p1b: Flutter Mane|Moonblast|p2a: Pelipper\n|-activate|p2a: Pelipper|move: Protect\n|move|p1a: Iron Hands|Wild Charge|p2b: Barraskewda\n|-supereffective|p2b: Barraskewda\n|-damage|p2b: Barraskewda|0 fnt\n|faint|p2b: Barraskewda\n|-damage|p1a: Iron Hands|89\/100|[from] Recoil\n|\n|-weather|RainDance|[upkeep]\n|upkeep\n|c|\u2606Slim Reaper 69|would have been a good bit lol\n|\n|t:|1682974271\n|switch|p2b: Palafin|Palafin-Hero, L50, F|100\/100\n|-activate|p2b: Palafin|ability: Zero to Hero\n|turn|3\n|\n|t:|1682974288\n|-end|p1a: Iron Hands|Quark Drive|[silent]\n|switch|p1a: Pincurchin|Pincurchin, L50, F|100\/100\n|-fieldstart|move: Electric Terrain|[from] ability: Electric Surge|[of] p1a: Pincurchin\n|-terastallize|p2b: Palafin|Water\n|move|p1b: Flutter Mane|Moonblast|p2a: Pelipper\n|-damage|p2a: Pelipper|0 fnt\n|faint|p2a: Pelipper\n|move|p2b: Palafin|Wave Crash|p1a: Pincurchin\n|-damage|p1a: Pincurchin|0 fnt\n|faint|p1a: Pincurchin\n|-damage|p2b: Palafin|72\/100|[from] Recoil\n|\n|-weather|RainDance|[upkeep]\n|upkeep\n|\n|t:|1682974305\n|switch|p2a: Azumarill|Azumarill, L50, F|100\/100\n|switch|p1a: Iron Hands|Iron Hands, L50|89\/100\n|-activate|p1a: Iron Hands|ability: Quark Drive\n|-start|p1a: Iron Hands|quarkdriveatk\n|turn|4\n|\n|t:|1682974325\n|move|p1b: Flutter Mane|Protect|p1b: Flutter Mane\n|-singleturn|p1b: Flutter Mane|Protect\n|move|p2b: Palafin|Protect|p2b: Palafin\n|-singleturn|p2b: Palafin|Protect\n|move|p2a: Azumarill|Protect|p2a: Azumarill\n|-singleturn|p2a: Azumarill|Protect\n|move|p1a: Iron Hands|Wild Charge|p2b: Palafin\n|-activate|p2b: Palafin|move: Protect\n|\n|-weather|RainDance|[upkeep]\n|upkeep\n|turn|5\n|\n|t:|1682974341\n|move|p2b: Palafin|Jet Punch|p1b: Flutter Mane\n|-crit|p1b: Flutter Mane\n|-damage|p1b: Flutter Mane|0 fnt\n|faint|p1b: Flutter Mane\n|-end|p1b: Flutter Mane|Protosynthesis|[silent]\n|move|p2a: Azumarill|Liquidation|p1a: Iron Hands\n|-damage|p1a: Iron Hands|26\/100\n|-damage|p2a: Azumarill|91\/100|[from] item: Life Orb\n|move|p1a: Iron Hands|Wild Charge|p2b: Palafin\n|-supereffective|p2b: Palafin\n|-damage|p2b: Palafin|0 fnt\n|faint|p2b: Palafin\n|-damage|p1a: Iron Hands|13\/100|[from] Recoil\n|\n|-weather|none\n|upkeep\n|\n|t:|1682974349\n|switch|p1b: Gardevoir|Gardevoir, L50, F|100\/100\n|-ability|p1b: Gardevoir|Huge Power|[from] ability: Trace|[of] p2a: Azumarill\n|turn|6\n|\n|t:|1682974358\n|move|p2a: Azumarill|Protect|p2a: Azumarill\n|-singleturn|p2a: Azumarill|Protect\n|move|p1b: Gardevoir|Energy Ball|p2a: Azumarill\n|-activate|p2a: Azumarill|move: Protect\n|move|p1a: Iron Hands|Wild Charge|p2a: Azumarill\n|-activate|p2a: Azumarill|move: Protect\n|\n|upkeep\n|turn|7\n|\n|t:|1682974366\n|move|p1b: Gardevoir|Energy Ball|p2a: Azumarill\n|-supereffective|p2a: Azumarill\n|-damage|p2a: Azumarill|30\/100\n|move|p2a: Azumarill|Liquidation|p1a: Iron Hands\n|-damage|p1a: Iron Hands|0 fnt\n|faint|p1a: Iron Hands\n|-end|p1a: Iron Hands|Quark Drive|[silent]\n|-damage|p2a: Azumarill|20\/100|[from] item: Life Orb\n|\n|-fieldend|move: Electric Terrain\n|upkeep\n|turn|8\n|\n|t:|1682974374\n|move|p1b: Gardevoir|Energy Ball|p2a: Azumarill\n|-supereffective|p2a: Azumarill\n|-damage|p2a: Azumarill|0 fnt\n|faint|p2a: Azumarill\n|\n|win|Ciq108\n|c|\u2606Slim Reaper 69|gg!\n|c|\u2606Ciq108|Gg man\n|c|\u2606Slim Reaper 69|one down\n|c|\u2606Slim Reaper 69|fun team adjustments :)\n|c|\u2606Ciq108|Had the mirror herb garde tech\n|c|\u2606Ciq108|Ty\n|c|\u2606Slim Reaper 69|no way lol\n","uploadtime":1682974403,"views":19,"p1id":"ciq108","p2id":"slimreaper69","formatid":"gen9vgc2023regulationc","rating":0,"private":0,"password":""}