{"id":"gen9vgc2023regulationc-1845079885","p1":"litten 2.0","p2":"Jop 2\/60","format":"[Gen 9] VGC 2023 Regulation C","log":"|j|\u2606litten 2.0\n|j|\u2606Jop 2\/60\n|t:|1681681196\n|gametype|doubles\n|player|p1|litten 2.0|265|1000\n|player|p2|Jop 2\/60|lillie|1048\n|teamsize|p1|6\n|teamsize|p2|6\n|gen|9\n|tier|[Gen 9] VGC 2023 Regulation C\n|rated|\n|rule|Species Clause: Limit one of each Pok\u00e9mon\n|rule|Item Clause: Limit one of each item\n|clearpoke\n|poke|p1|Flutter Mane, L50|\n|poke|p1|Chi-Yu, L50|\n|poke|p1|Torkoal, L50, M|\n|poke|p1|Gholdengo, L50|\n|poke|p1|Murkrow, L50, F|\n|poke|p1|Iron Hands, L50|\n|poke|p2|Palafin, L50, M|\n|poke|p2|Flutter Mane, L50|\n|poke|p2|Arcanine, L50, M|\n|poke|p2|Ting-Lu, L50|\n|poke|p2|Amoonguss, L50, M|\n|poke|p2|Kingambit, L50, F|\n|teampreview|4\n|inactive|Battle timer is ON: inactive players will automatically lose when time's up. (requested by Jop 2\/60)\n|\n|t:|1681681258\n|start\n|switch|p1a: Torkoal|Torkoal, L50, M|100\/100\n|switch|p1b: Chi-Yu|Chi-Yu, L50|100\/100\n|switch|p2a: Ting-Lu|Ting-Lu, L50|100\/100\n|switch|p2b: Arcanine|Arcanine, L50, M, shiny|100\/100\n|-ability|p1b: Chi-Yu|Beads of Ruin\n|-ability|p2b: Arcanine|Intimidate|boost\n|-unboost|p1a: Torkoal|atk|1\n|-unboost|p1b: Chi-Yu|atk|1\n|-ability|p2a: Ting-Lu|Vessel of Ruin\n|-weather|SunnyDay|[from] ability: Drought|[of] p1a: Torkoal\n|turn|1\n|\n|t:|1681681276\n|move|p1b: Chi-Yu|Dark Pulse|p2b: Arcanine\n|-damage|p2b: Arcanine|52\/100\n|move|p2b: Arcanine|Flare Blitz|p1b: Chi-Yu\n|-resisted|p1b: Chi-Yu\n|-damage|p1b: Chi-Yu|41\/100\n|-damage|p2b: Arcanine|39\/100|[from] Recoil\n|move|p2a: Ting-Lu|Stomping Tantrum|p1b: Chi-Yu\n|-supereffective|p1b: Chi-Yu\n|-damage|p1b: Chi-Yu|0 fnt\n|faint|p1b: Chi-Yu\n|move|p1a: Torkoal|Yawn|p2a: Ting-Lu\n|-start|p2a: Ting-Lu|move: Yawn|[of] p1a: Torkoal\n|\n|-weather|SunnyDay|[upkeep]\n|upkeep\n|\n|t:|1681681293\n|switch|p1b: Murkrow|Murkrow, L50, F|100\/100\n|turn|2\n|\n|t:|1681681310\n|move|p1a: Torkoal|Protect|p1a: Torkoal\n|-singleturn|p1a: Torkoal|Protect\n|move|p1b: Murkrow|Tailwind|p1b: Murkrow\n|-sidestart|p1: litten 2.0|move: Tailwind\n|move|p2b: Arcanine|Flare Blitz|p1b: Murkrow\n|-damage|p1b: Murkrow|14\/100\n|-damage|p2b: Arcanine|14\/100|[from] Recoil\n|move|p2a: Ting-Lu|Stomping Tantrum|p1a: Torkoal\n|-activate|p1a: Torkoal|move: Protect\n|\n|-weather|SunnyDay|[upkeep]\n|-end|p2a: Ting-Lu|move: Yawn|[silent]\n|-status|p2a: Ting-Lu|slp\n|upkeep\n|turn|3\n|\n|t:|1681681332\n|move|p1a: Torkoal|Helping Hand|p1b: Murkrow\n|-singleturn|p1b: Murkrow|Helping Hand|[of] p1a: Torkoal\n|move|p1b: Murkrow|Foul Play|p2a: Ting-Lu\n|-resisted|p2a: Ting-Lu\n|-damage|p2a: Ting-Lu|80\/100 slp\n|move|p2b: Arcanine|Howl|p2b: Arcanine|[spread] p2a,p2b\n|-boost|p2a: Ting-Lu|atk|1\n|-boost|p2b: Arcanine|atk|1\n|cant|p2a: Ting-Lu|slp\n|\n|-weather|SunnyDay|[upkeep]\n|upkeep\n|turn|4\n|\n|t:|1681681344\n|switch|p1a: Gholdengo|Gholdengo, L50|100\/100\n|move|p2b: Arcanine|Extreme Speed|p1b: Murkrow\n|-damage|p1b: Murkrow|0 fnt\n|faint|p1b: Murkrow\n|cant|p2a: Ting-Lu|slp\n|\n|-weather|SunnyDay|[upkeep]\n|upkeep\n|\n|t:|1681681349\n|switch|p1b: Torkoal|Torkoal, L50, M|100\/100\n|turn|5\n|inactive|litten 2.0 has 30 seconds left.\n|\n|t:|1681681375\n|-terastallize|p1a: Gholdengo|Steel\n|move|p1b: Torkoal|Helping Hand|p1a: Gholdengo\n|-immune|p1a: Gholdengo|[from] ability: Good as Gold\n|move|p1a: Gholdengo|Make It Rain|p2a: Ting-Lu|[spread] p2a,p2b\n|-resisted|p2b: Arcanine\n|-damage|p2a: Ting-Lu|42\/100 slp\n|-damage|p2b: Arcanine|0 fnt\n|-unboost|p1a: Gholdengo|spa|1\n|faint|p2b: Arcanine\n|cant|p2a: Ting-Lu|slp\n|\n|-weather|none\n|-sideend|p1: litten 2.0|move: Tailwind\n|upkeep\n|\n|t:|1681681388\n|switch|p2b: Kingambit|Kingambit, L50, F, shiny|100\/100\n|turn|6\n|\n|t:|1681681397\n|-terastallize|p2b: Kingambit|Dark\n|move|p2b: Kingambit|Sucker Punch|p1a: Gholdengo\n|-damage|p1a: Gholdengo|34\/100\n|move|p1a: Gholdengo|Make It Rain|p2a: Ting-Lu|[spread] p2a,p2b\n|-damage|p2a: Ting-Lu|19\/100 slp\n|-damage|p2b: Kingambit|51\/100\n|-unboost|p1a: Gholdengo|spa|1\n|-curestatus|p2a: Ting-Lu|slp|[msg]\n|move|p2a: Ting-Lu|Stomping Tantrum|p1a: Gholdengo\n|-supereffective|p1a: Gholdengo\n|-damage|p1a: Gholdengo|0 fnt\n|faint|p1a: Gholdengo\n|move|p1b: Torkoal|Overheat|p2b: Kingambit\n|-damage|p2b: Kingambit|23\/100\n|-unboost|p1b: Torkoal|spa|2\n|\n|upkeep\n|turn|7\n|\n|t:|1681681416\n|move|p2a: Ting-Lu|Stomping Tantrum|p1b: Torkoal\n|-supereffective|p1b: Torkoal\n|-damage|p1b: Torkoal|28\/100\n|-enditem|p1b: Torkoal|Sitrus Berry|[eat]\n|-heal|p1b: Torkoal|53\/100|[from] item: Sitrus Berry\n|move|p2b: Kingambit|Kowtow Cleave|p1b: Torkoal\n|-damage|p1b: Torkoal|0 fnt\n|faint|p1b: Torkoal\n|\n|win|Jop 2\/60\n|raw|litten 2.0's rating: 1000 → 1000<\/strong> (+0 for losing)\n|raw|Jop 2/60's rating: 1048 → 1076<\/strong> (+28 for winning)\n|l|\u2606litten 2.0\n","uploadtime":1681681439,"views":58,"p1id":"litten20","p2id":"jop260","formatid":"gen9vgc2023regulationc","rating":1000,"private":0,"password":""}