{"id":"gen9vgc2023regulationc-1858318261","p1":"WillieDangerously","p2":"calamarikurusu","format":"[Gen 9] VGC 2023 Regulation C","log":"|j|\u2606WillieDangerously\n|j|\u2606calamarikurusu\n|t:|1683301485\n|gametype|doubles\n|player|p1|WillieDangerously|psychic-gen4|1191\n|player|p2|calamarikurusu|scientistf|1215\n|teamsize|p1|6\n|teamsize|p2|6\n|gen|9\n|tier|[Gen 9] VGC 2023 Regulation C\n|rated|\n|rule|Species Clause: Limit one of each Pok\u00e9mon\n|rule|Item Clause: Limit one of each item\n|clearpoke\n|poke|p1|Torkoal, L50, M|\n|poke|p1|Jumpluff, L50, M|\n|poke|p1|Roaring Moon, L50|\n|poke|p1|Iron Treads, L50|\n|poke|p1|Flutter Mane, L50|\n|poke|p1|Rotom-Wash, L50|\n|poke|p2|Amoonguss, L50, M|\n|poke|p2|Arcanine, L50, F|\n|poke|p2|Chien-Pao, L50|\n|poke|p2|Corviknight, L50, M|\n|poke|p2|Flutter Mane, L50|\n|poke|p2|Ting-Lu, L50|\n|teampreview|4\ncalamarikurusu has agreed to open team sheets.\n|\n|t:|1683301521\n|start\n|switch|p1a: Torkoal|Torkoal, L50, M|100\/100\n|switch|p1b: Jumpluff|Jumpluff, L50, M|100\/100\n|switch|p2a: Chien-Pao|Chien-Pao, L50|100\/100\n|switch|p2b: Flutter Mane|Flutter Mane, L50|100\/100\n|-ability|p2a: Chien-Pao|Sword of Ruin\n|-weather|SunnyDay|[from] ability: Drought|[of] p1a: Torkoal\n|-activate|p2b: Flutter Mane|ability: Protosynthesis\n|-start|p2b: Flutter Mane|protosynthesisspe\n|turn|1\n|\n|t:|1683301548\n|move|p1b: Jumpluff|Tailwind|p1b: Jumpluff\n|-sidestart|p1: WillieDangerously|move: Tailwind\n|move|p2b: Flutter Mane|Moonblast|p1b: Jumpluff\n|-damage|p1b: Jumpluff|55\/100\n|-unboost|p1b: Jumpluff|spa|1\n|move|p2a: Chien-Pao|Ice Spinner|p1b: Jumpluff\n|-supereffective|p1b: Jumpluff\n|-damage|p1b: Jumpluff|0 fnt\n|faint|p1b: Jumpluff\n|move|p1a: Torkoal|Yawn|p2b: Flutter Mane\n|-start|p2b: Flutter Mane|move: Yawn|[of] p1a: Torkoal\n|\n|-weather|SunnyDay|[upkeep]\n|upkeep\n|\n|t:|1683301565\n|switch|p1b: Roaring Moon|Roaring Moon, L50|100\/100\n|-activate|p1b: Roaring Moon|ability: Protosynthesis\n|-start|p1b: Roaring Moon|protosynthesisatk\n|turn|2\n|\n|t:|1683301599\n|-end|p2b: Flutter Mane|Protosynthesis|[silent]\n|switch|p2b: Arcanine|Arcanine, L50, F|100\/100\n|-ability|p2b: Arcanine|Intimidate|boost\n|-unboost|p1a: Torkoal|atk|1\n|-enditem|p1a: Torkoal|Eject Pack\n|-unboost|p1b: Roaring Moon|atk|1\n|\n|t:|1683301606\n|switch|p1a: Rotom|Rotom-Wash, L50|100\/100\n|-terastallize|p1b: Roaring Moon|Dark\n|move|p1b: Roaring Moon|Rock Slide|p2a: Chien-Pao|[spread] p2a,p2b\n|-supereffective|p2a: Chien-Pao\n|-supereffective|p2b: Arcanine\n|-damage|p2a: Chien-Pao|50\/100\n|-damage|p2b: Arcanine|47\/100\n|cant|p2a: Chien-Pao|flinch\n|\n|-weather|SunnyDay|[upkeep]\n|upkeep\n|turn|3\n|\n|t:|1683301635\n|-terastallize|p2b: Arcanine|Water\n|move|p1b: Roaring Moon|Rock Slide|p2b: Arcanine|[spread] p2a,p2b\n|-supereffective|p2a: Chien-Pao\n|-damage|p2a: Chien-Pao|0 fnt\n|-damage|p2b: Arcanine|20\/100\n|faint|p2a: Chien-Pao\n|move|p1a: Rotom|Nasty Plot|p1a: Rotom\n|-boost|p1a: Rotom|spa|2\n|cant|p2b: Arcanine|flinch\n|\n|-weather|SunnyDay|[upkeep]\n|upkeep\n|\n|t:|1683301645\n|switch|p2a: Flutter Mane|Flutter Mane, L50|100\/100\n|-activate|p2a: Flutter Mane|ability: Protosynthesis\n|-start|p2a: Flutter Mane|protosynthesisspe\n|turn|4\n|\n|t:|1683301676\n|switch|p2b: Ting-Lu|Ting-Lu, L50|100\/100\n|-ability|p2b: Ting-Lu|Vessel of Ruin\n|move|p2a: Flutter Mane|Protect|p2a: Flutter Mane\n|-singleturn|p2a: Flutter Mane|Protect\n|move|p1b: Roaring Moon|Jaw Lock|p2a: Flutter Mane\n|-activate|p2a: Flutter Mane|move: Protect\n|move|p1a: Rotom|Thunderbolt|p2b: Ting-Lu\n|-immune|p2b: Ting-Lu\n|\n|-weather|SunnyDay|[upkeep]\n|-sideend|p1: WillieDangerously|move: Tailwind\n|upkeep\n|turn|5\n|\n|t:|1683301707\n|move|p1b: Roaring Moon|Protect|p1b: Roaring Moon\n|-singleturn|p1b: Roaring Moon|Protect\n|move|p2a: Flutter Mane|Moonblast|p1b: Roaring Moon\n|-activate|p1b: Roaring Moon|move: Protect\n|move|p1a: Rotom|Will-O-Wisp|p2b: Ting-Lu\n|-status|p2b: Ting-Lu|brn\n|move|p2b: Ting-Lu|Stomping Tantrum|p1b: Roaring Moon\n|-activate|p1b: Roaring Moon|move: Protect\n|\n|-weather|none\n|-end|p2a: Flutter Mane|Protosynthesis\n|-end|p1b: Roaring Moon|Protosynthesis\n|-damage|p2b: Ting-Lu|94\/100 brn|[from] brn\n|upkeep\n|-enditem|p2a: Flutter Mane|Booster Energy\n|-activate|p2a: Flutter Mane|ability: Protosynthesis|[fromitem]\n|-start|p2a: Flutter Mane|protosynthesisspe\n|turn|6\n|\n|t:|1683301769\n|move|p2a: Flutter Mane|Moonblast|p1b: Roaring Moon\n|-supereffective|p1b: Roaring Moon\n|-damage|p1b: Roaring Moon|29\/100\n|-unboost|p1b: Roaring Moon|spa|1\n|-enditem|p1b: Roaring Moon|Weakness Policy\n|-boost|p1b: Roaring Moon|atk|2|[from] item: Weakness Policy\n|-boost|p1b: Roaring Moon|spa|2|[from] item: Weakness Policy\n|move|p1b: Roaring Moon|Jaw Lock|p2a: Flutter Mane\n|-damage|p2a: Flutter Mane|0 fnt\n|faint|p2a: Flutter Mane\n|-end|p2a: Flutter Mane|Protosynthesis|[silent]\n|move|p1a: Rotom|Thunderbolt|p2b: Ting-Lu\n|-immune|p2b: Ting-Lu\n|move|p2b: Ting-Lu|Stomping Tantrum|p1b: Roaring Moon\n|-damage|p1b: Roaring Moon|9\/100\n|\n|-damage|p2b: Ting-Lu|88\/100 brn|[from] brn\n|upkeep\n|\n|t:|1683301782\n|switch|p2a: Arcanine|Arcanine, L50, F, tera:Water|20\/100\n|-ability|p2a: Arcanine|Intimidate|boost\n|-unboost|p1a: Rotom|atk|1\n|-unboost|p1b: Roaring Moon|atk|1\n|turn|7\n|\n|t:|1683301794\n|move|p1b: Roaring Moon|Protect|p1b: Roaring Moon\n|-singleturn|p1b: Roaring Moon|Protect\n|move|p2a: Arcanine|Protect|p2a: Arcanine\n|-singleturn|p2a: Arcanine|Protect\n|move|p1a: Rotom|Thunderbolt|p2a: Arcanine\n|-activate|p2a: Arcanine|move: Protect\n|move|p2b: Ting-Lu|Stomping Tantrum|p1b: Roaring Moon\n|-activate|p1b: Roaring Moon|move: Protect\n|\n|-damage|p2b: Ting-Lu|82\/100 brn|[from] brn\n|upkeep\n|turn|8\n|\n|t:|1683301806\n|-end|p1b: Roaring Moon|Protosynthesis|[silent]\n|switch|p1b: Torkoal|Torkoal, L50, M|100\/100\n|-weather|SunnyDay|[from] ability: Drought|[of] p1b: Torkoal\n|move|p2a: Arcanine|Protect|p2a: Arcanine\n|-singleturn|p2a: Arcanine|Protect\n|move|p1a: Rotom|Thunderbolt|p2a: Arcanine\n|-activate|p2a: Arcanine|move: Protect\n|move|p2b: Ting-Lu|Stomping Tantrum|p1b: Torkoal\n|-supereffective|p1b: Torkoal\n|-damage|p1b: Torkoal|73\/100\n|\n|-weather|SunnyDay|[upkeep]\n|-damage|p2b: Ting-Lu|76\/100 brn|[from] brn\n|upkeep\n|turn|9\n|\n|t:|1683301828\n|move|p2a: Arcanine|Howl|p2a: Arcanine|[spread] p2a,p2b\n|-boost|p2a: Arcanine|atk|1\n|-boost|p2b: Ting-Lu|atk|1\n|move|p1a: Rotom|Thunderbolt|p2a: Arcanine\n|-supereffective|p2a: Arcanine\n|-damage|p2a: Arcanine|0 fnt\n|faint|p2a: Arcanine\n|move|p2b: Ting-Lu|Fissure|p1b: Torkoal|[miss]\n|-miss|p2b: Ting-Lu|p1b: Torkoal\n|move|p1b: Torkoal|Overheat|p2b: Ting-Lu\n|-damage|p2b: Ting-Lu|49\/100 brn\n|-unboost|p1b: Torkoal|spa|2\n|\n|-weather|SunnyDay|[upkeep]\n|-damage|p2b: Ting-Lu|43\/100 brn|[from] brn\n|upkeep\n|turn|10\n|\n|t:|1683301852\n|move|p1a: Rotom|Nasty Plot|p1a: Rotom\n|-boost|p1a: Rotom|spa|2\n|move|p2b: Ting-Lu|Stomping Tantrum|p1b: Torkoal\n|-supereffective|p1b: Torkoal\n|-damage|p1b: Torkoal|3\/100\n|move|p1b: Torkoal|Clear Smog|p2b: Ting-Lu\n|-resisted|p2b: Ting-Lu\n|-damage|p2b: Ting-Lu|42\/100 brn\n|-clearboost|p2b: Ting-Lu\n|\n|-weather|SunnyDay|[upkeep]\n|-damage|p2b: Ting-Lu|36\/100 brn|[from] brn\n|upkeep\n|turn|11\n|\n|t:|1683301869\n|move|p1a: Rotom|Hydro Pump|p2b: Ting-Lu\n|-supereffective|p2b: Ting-Lu\n|-damage|p2b: Ting-Lu|0 fnt\n|faint|p2b: Ting-Lu\n|\n|win|WillieDangerously\n|raw|WillieDangerously's rating: 1191 → 1218<\/strong> (+27 for winning)\n|raw|calamarikurusu's rating: 1215 → 1188<\/strong> (-27 for losing)\n|l|\u2606calamarikurusu\n","uploadtime":1683301873,"views":4,"p1id":"williedangerously","p2id":"calamarikurusu","formatid":"gen9vgc2023regulationc","rating":1188,"private":0,"password":""}