{"id":"gen9vgc2023regulationc-1862889505","p1":"PictoChatVGC","p2":"jmmata95","format":"[Gen 9] VGC 2023 Regulation C","log":"|j|\u2606PictoChatVGC\n|j|\u2606jmmata95\n|t:|1683934268\n|gametype|doubles\n|player|p1|PictoChatVGC|lucas|\n|player|p2|jmmata95|2|\n|teamsize|p1|6\n|teamsize|p2|6\n|gen|9\n|tier|[Gen 9] VGC 2023 Regulation C\n|rule|Species Clause: Limit one of each Pok\u00e9mon\n|rule|Item Clause: Limit one of each item\n|clearpoke\n|poke|p1|Iron Hands, L50|\n|poke|p1|Indeedee-F, L50, F|\n|poke|p1|Torkoal, L50, F|\n|poke|p1|Tyranitar, L50, F|\n|poke|p1|Armarouge, L50, M|\n|poke|p1|Oranguru, L50, F|\n|poke|p2|Talonflame, L50, F|\n|poke|p2|Iron Bundle, L50|\n|poke|p2|Iron Hands, L50|\n|poke|p2|Amoonguss, L50, F|\n|poke|p2|Garchomp, L50, F|\n|poke|p2|Chien-Pao, L50|\n|teampreview|4\n|c|\u2606PictoChatVGC|guess ill go 3\n|c|\u2606jmmata95|Oki\n|c|\u2606jmmata95|hi\n|c|\u2606PictoChatVGC|hi\n|c|\u2606jmmata95|gl bro\n|c|\u2606PictoChatVGC|u 2\n|inactive|Battle timer is ON: inactive players will automatically lose when time's up. (requested by jmmata95)\n|\n|t:|1683934766\n|start\n|switch|p1a: Indeedee-Respects|Indeedee-F, L50, F|100\/100\n|switch|p1b: ARealGorillo|Oranguru, L50, F|100\/100\n|switch|p2a: Iron Hands|Iron Hands, L50|100\/100\n|switch|p2b: Iron Bundle|Iron Bundle, L50|100\/100\n|-fieldstart|move: Psychic Terrain|[from] ability: Psychic Surge|[of] p1a: Indeedee-Respects\n|-enditem|p2b: Iron Bundle|Booster Energy\n|-activate|p2b: Iron Bundle|ability: Quark Drive|[fromitem]\n|-start|p2b: Iron Bundle|quarkdrivespe\n|turn|1\n|\n|t:|1683934785\n|move|p1a: Indeedee-Respects|Follow Me|p1a: Indeedee-Respects\n|-singleturn|p1a: Indeedee-Respects|move: Follow Me\n|move|p2b: Iron Bundle|Freeze-Dry|p1a: Indeedee-Respects\n|-damage|p1a: Indeedee-Respects|65\/100\n|move|p2a: Iron Hands|Drain Punch|p1a: Indeedee-Respects\n|-damage|p1a: Indeedee-Respects|7\/100\n|move|p1b: ARealGorillo|Trick Room|p1b: ARealGorillo\n|-fieldstart|move: Trick Room|[of] p1b: ARealGorillo\n|\n|upkeep\n|turn|2\n|\n|t:|1683934810\n|move|p2b: Iron Bundle|Protect|p2b: Iron Bundle\n|-singleturn|p2b: Iron Bundle|Protect\n|move|p2a: Iron Hands|Drain Punch|p1a: Indeedee-Respects\n|-damage|p1a: Indeedee-Respects|0 fnt\n|faint|p1a: Indeedee-Respects\n|move|p1b: ARealGorillo|Instruct|p1: Indeedee-Respects|[notarget]\n|-fail|p1b: ARealGorillo\n|\n|upkeep\n|\n|t:|1683934819\n|switch|p1a: MyNameTerry|Torkoal, L50, F|100\/100\n|-weather|SunnyDay|[from] ability: Drought|[of] p1a: MyNameTerry\n|turn|3\n|inactive|jmmata95 has 30 seconds left.\n|\n|t:|1683934845\n|-end|p2b: Iron Bundle|Quark Drive|[silent]\n|switch|p2b: Talonflame|Talonflame, L50, F|100\/100\n|-terastallize|p1a: MyNameTerry|Fire\n|move|p1a: MyNameTerry|Eruption|p2b: Talonflame|[spread] p2a,p2b\n|-resisted|p2b: Talonflame\n|-damage|p2a: Iron Hands|27\/100\n|-damage|p2b: Talonflame|0 fnt\n|faint|p2b: Talonflame\n|move|p2a: Iron Hands|Drain Punch|p1a: MyNameTerry\n|-damage|p1a: MyNameTerry|63\/100\n|-heal|p2a: Iron Hands|41\/100|[from] drain|[of] p1a: MyNameTerry\n|move|p1b: ARealGorillo|Instruct|p1a: MyNameTerry\n|-singleturn|p1a: MyNameTerry|move: Instruct|[of] p1b: ARealGorillo\n|move|p1a: MyNameTerry|Eruption|p2a: Iron Hands\n|-damage|p2a: Iron Hands|0 fnt\n|faint|p2a: Iron Hands\n|-end|p2a: Iron Hands|Quark Drive|[silent]\n|\n|-weather|SunnyDay|[upkeep]\n|upkeep\n|\n|t:|1683934860\n|switch|p2a: Garchomp|Garchomp, L50, F|100\/100\n|switch|p2b: Iron Bundle|Iron Bundle, L50|100\/100\n|turn|4\n|\n|t:|1683934868\n|-terastallize|p2a: Garchomp|Fire\n|move|p2b: Iron Bundle|Protect|p2b: Iron Bundle\n|-singleturn|p2b: Iron Bundle|Protect\n|move|p1a: MyNameTerry|Eruption|p2b: Iron Bundle|[spread] p2a\n|-activate|p2b: Iron Bundle|move: Protect\n|-resisted|p2a: Garchomp\n|-damage|p2a: Garchomp|49\/100\n|move|p1b: ARealGorillo|Instruct|p1a: MyNameTerry\n|-singleturn|p1a: MyNameTerry|move: Instruct|[of] p1b: ARealGorillo\n|move|p1a: MyNameTerry|Eruption|p2a: Garchomp|[spread] p2a\n|-activate|p2b: Iron Bundle|move: Protect\n|-resisted|p2a: Garchomp\n|-damage|p2a: Garchomp|3\/100\n|move|p2a: Garchomp|Earthquake|p1a: MyNameTerry|[spread] p1a,p1b\n|-activate|p2b: Iron Bundle|move: Protect\n|-supereffective|p1a: MyNameTerry\n|-damage|p1a: MyNameTerry|0 fnt\n|-damage|p1b: ARealGorillo|48\/100\n|faint|p1a: MyNameTerry\n|-damage|p2a: Garchomp|0 fnt|[from] item: Life Orb\n|faint|p2a: Garchomp\n|\n|-weather|SunnyDay|[upkeep]\n|upkeep\n|\n|t:|1683934872\n|switch|p1a: Darude|Tyranitar, L50, F|100\/100\n|-weather|Sandstorm|[from] ability: Sand Stream|[of] p1a: Darude\n|turn|5\n|inactive|PictoChatVGC has 30 seconds left.\n|\n|t:|1683934898\n|move|p1b: ARealGorillo|Bulldoze|p2b: Iron Bundle|[spread] p1a,p2b\n|-supereffective|p1a: Darude\n|-damage|p1a: Darude|86\/100\n|-damage|p2b: Iron Bundle|88\/100\n|-unboost|p1a: Darude|spe|1\n|-unboost|p2b: Iron Bundle|spe|1\n|-enditem|p1a: Darude|Weakness Policy\n|-boost|p1a: Darude|atk|2|[from] item: Weakness Policy\n|-boost|p1a: Darude|spa|2|[from] item: Weakness Policy\n|-activate|p1b: ARealGorillo|ability: Symbiosis|Life Orb|[of] p1a: Darude\n|move|p1a: Darude|Rock Slide|p2b: Iron Bundle\n|-supereffective|p2b: Iron Bundle\n|-damage|p2b: Iron Bundle|0 fnt\n|faint|p2b: Iron Bundle\n|-end|p2b: Iron Bundle|Quark Drive|[silent]\n|-damage|p1a: Darude|76\/100|[from] item: Life Orb\n|\n|win|PictoChatVGC\n|c|\u2606PictoChatVGC|gg\n|c|\u2606jmmata95|same\n|l|\u2606jmmata95\n","uploadtime":1683934907,"views":18,"p1id":"pictochatvgc","p2id":"jmmata95","formatid":"gen9vgc2023regulationc","rating":0,"private":0,"password":""}