{"id":"gen9vgc2023regulationc-1860685596","p1":"CaccaMolla","p2":"octochase","format":"[Gen 9] VGC 2023 Regulation C","log":"|j|\u2606CaccaMolla\n|j|\u2606octochase\n|t:|1683666106\n|gametype|doubles\n|player|p1|CaccaMolla|102|1050\n|player|p2|octochase|101|1000\n|teamsize|p1|6\n|teamsize|p2|6\n|gen|9\n|tier|[Gen 9] VGC 2023 Regulation C\n|rated|\n|rule|Species Clause: Limit one of each Pok\u00e9mon\n|rule|Item Clause: Limit one of each item\n|clearpoke\n|poke|p1|Flutter Mane, L50|\n|poke|p1|Amoonguss, L50, M|\n|poke|p1|Pelipper, L50, M|\n|poke|p1|Kingambit, L50, F|\n|poke|p1|Iron Hands, L50|\n|poke|p1|Palafin, L50, M|\n|poke|p2|Dondozo, L50, F|\n|poke|p2|Tatsugiri, L50, F|\n|poke|p2|Abomasnow, L50, M|\n|poke|p2|Annihilape, L50, F|\n|poke|p2|Maushold, L50|\n|poke|p2|Iron Bundle, L50|\n|teampreview|4\n|\n|t:|1683666138\n|start\n|switch|p1a: Flutter Mane|Flutter Mane, L50|100\/100\n|switch|p1b: Iron Hands|Iron Hands, L50|100\/100\n|switch|p2a: Abomasnow|Abomasnow, L50, M|100\/100\n|switch|p2b: Iron Bundle|Iron Bundle, L50|100\/100\n|-weather|Snow|[from] ability: Snow Warning|[of] p2a: Abomasnow\n|-enditem|p1b: Iron Hands|Booster Energy\n|-activate|p1b: Iron Hands|ability: Quark Drive|[fromitem]\n|-start|p1b: Iron Hands|quarkdriveatk\n|turn|1\n|\n|t:|1683666154\n|move|p2a: Abomasnow|Helping Hand|p2b: Iron Bundle\n|-singleturn|p2b: Iron Bundle|Helping Hand|[of] p2a: Abomasnow\n|move|p1b: Iron Hands|Fake Out|p2a: Abomasnow\n|-damage|p2a: Abomasnow|83\/100\n|move|p2b: Iron Bundle|Blizzard|p1b: Iron Hands|[spread] p1a,p1b\n|-crit|p1b: Iron Hands\n|-damage|p1a: Flutter Mane|8\/100\n|-damage|p1b: Iron Hands|0 fnt\n|faint|p1b: Iron Hands\n|-end|p1b: Iron Hands|Quark Drive|[silent]\n|move|p1a: Flutter Mane|Trick Room|p1a: Flutter Mane\n|-fieldstart|move: Trick Room|[of] p1a: Flutter Mane\n|\n|-weather|Snow|[upkeep]\n|upkeep\n|\n|t:|1683666165\n|switch|p1b: Kingambit|Kingambit, L50, F, shiny|100\/100\n|turn|2\n|\n|t:|1683666189\n|move|p1b: Kingambit|Iron Head|p2b: Iron Bundle\n|-damage|p2b: Iron Bundle|62\/100\n|move|p2a: Abomasnow|Aurora Veil|p2a: Abomasnow\n|-sidestart|p2: octochase|move: Aurora Veil\n|move|p1a: Flutter Mane|Moonblast|p2a: Abomasnow\n|-damage|p2a: Abomasnow|54\/100\n|move|p2b: Iron Bundle|Blizzard|p1a: Flutter Mane|[spread] p1a,p1b\n|-resisted|p1b: Kingambit\n|-damage|p1a: Flutter Mane|0 fnt\n|-damage|p1b: Kingambit|84\/100\n|faint|p1a: Flutter Mane\n|-end|p1a: Flutter Mane|Protosynthesis|[silent]\n|\n|-weather|Snow|[upkeep]\n|upkeep\n|\n|t:|1683666194\n|switch|p1a: Amoonguss|Amoonguss, L50, M|100\/100\n|turn|3\n|\n|t:|1683666206\n|-terastallize|p2b: Iron Bundle|Ice\n|move|p2a: Abomasnow|Helping Hand|p2b: Iron Bundle\n|-singleturn|p2b: Iron Bundle|Helping Hand|[of] p2a: Abomasnow\n|move|p1a: Amoonguss|Spore|p2b: Iron Bundle\n|-status|p2b: Iron Bundle|slp|[from] move: Spore\n|move|p1b: Kingambit|Iron Head|p2a: Abomasnow\n|-supereffective|p2a: Abomasnow\n|-damage|p2a: Abomasnow|5\/100\n|cant|p2b: Iron Bundle|slp\n|\n|-weather|Snow|[upkeep]\n|upkeep\n|turn|4\n|\n|t:|1683666235\n|move|p1a: Amoonguss|Pollen Puff|p2a: Abomasnow\n|-supereffective|p2a: Abomasnow\n|-damage|p2a: Abomasnow|0 fnt\n|faint|p2a: Abomasnow\n|move|p1b: Kingambit|Iron Head|p2b: Iron Bundle\n|-supereffective|p2b: Iron Bundle\n|-damage|p2b: Iron Bundle|10\/100 slp\n|cant|p2b: Iron Bundle|slp\n|\n|-weather|Snow|[upkeep]\n|upkeep\n|\n|t:|1683666258\n|switch|p2a: Dondozo|Dondozo, L50, F|100\/100\n|turn|5\n|\n|t:|1683666274\n|-end|p2b: Iron Bundle|Quark Drive|[silent]\n|switch|p2b: Tatsugiri|Tatsugiri, L50, F|100\/100\n|-activate|p2b: Tatsugiri|ability: Commander|[of] p2a: Dondozo\n|-boost|p2a: Dondozo|atk|2\n|-boost|p2a: Dondozo|spa|2\n|-boost|p2a: Dondozo|spe|2\n|-boost|p2a: Dondozo|def|2\n|-boost|p2a: Dondozo|spd|2\n|move|p1a: Amoonguss|Spore|p2a: Dondozo\n|-status|p2a: Dondozo|slp|[from] move: Spore\n|move|p1b: Kingambit|Iron Head|p2b: Tatsugiri|[miss]\n|-miss|p1b: Kingambit|p2b: Tatsugiri\n|cant|p2a: Dondozo|slp\n|\n|-weather|none\n|-fieldend|move: Trick Room\n|upkeep\n|turn|6\n|\n|t:|1683666288\n|-curestatus|p2a: Dondozo|slp|[msg]\n|move|p2a: Dondozo|Earthquake|p1a: Amoonguss|[spread] p1a,p1b\n|-miss|p2a: Dondozo|p2b: Tatsugiri\n|-supereffective|p1b: Kingambit\n|-damage|p1a: Amoonguss|60\/100\n|-damage|p1b: Kingambit|23\/100\n|move|p1b: Kingambit|Iron Head|p2a: Dondozo\n|-resisted|p2a: Dondozo\n|-damage|p2a: Dondozo|95\/100\n|move|p1a: Amoonguss|Clear Smog|p2a: Dondozo\n|-damage|p2a: Dondozo|90\/100\n|-clearboost|p2a: Dondozo\n|\n|-heal|p2a: Dondozo|96\/100|[from] item: Leftovers\n|-sideend|p2: octochase|move: Aurora Veil\n|upkeep\n|turn|7\n|\n|t:|1683666305\n|move|p1b: Kingambit|Sucker Punch|p2a: Dondozo\n|-damage|p2a: Dondozo|68\/100\n|move|p2a: Dondozo|Earthquake|p1a: Amoonguss|[spread] p1a,p1b\n|-miss|p2a: Dondozo|p2b: Tatsugiri\n|-supereffective|p1b: Kingambit\n|-damage|p1a: Amoonguss|40\/100\n|-damage|p1b: Kingambit|0 fnt\n|faint|p1b: Kingambit\n|move|p1a: Amoonguss|Spore|p2a: Dondozo\n|-status|p2a: Dondozo|slp|[from] move: Spore\n|\n|-heal|p2a: Dondozo|74\/100 slp|[from] item: Leftovers\n|upkeep\n|turn|8\n|-message|CaccaMolla forfeited.\n|\n|win|octochase\n|raw|CaccaMolla's rating: 1050 → 1030<\/strong> (-20 for losing)\n|raw|octochase's rating: 1000 → 1046<\/strong> (+46 for winning)\n|l|\u2606CaccaMolla\n","uploadtime":1683666331,"views":18,"p1id":"caccamolla","p2id":"octochase","formatid":"gen9vgc2023regulationc","rating":1030,"private":0,"password":""}