{"id":"gen9vgc2023regulationc-1853268849","p1":"DB14","p2":"AyamKeayaman","format":"[Gen 9] VGC 2023 Regulation C","log":"|j|\u2606DB14\n|j|\u2606AyamKeayaman\n|t:|1682657995\n|gametype|doubles\n|player|p1|DB14|firebreather|1089\n|player|p2|AyamKeayaman|flannery|1001\n|teamsize|p1|6\n|teamsize|p2|6\n|gen|9\n|tier|[Gen 9] VGC 2023 Regulation C\n|rated|\n|rule|Species Clause: Limit one of each Pok\u00e9mon\n|rule|Item Clause: Limit one of each item\n|clearpoke\n|poke|p1|Baxcalibur, L50, M|\n|poke|p1|Annihilape, L50, M|\n|poke|p1|Grafaiai, L50, M|\n|poke|p1|Talonflame, L50, M|\n|poke|p1|Iron Thorns, L50|\n|poke|p1|Clawitzer, L50, F|\n|poke|p2|Barraskewda, L50, F|\n|poke|p2|Palafin, L50, M|\n|poke|p2|Pelipper, L50, M|\n|poke|p2|Toxapex, L50, F|\n|poke|p2|Dragapult, L50, F|\n|poke|p2|Gastrodon, L50, M|\n|teampreview|4\n|inactive|Battle timer is ON: inactive players will automatically lose when time's up. (requested by DB14)\n|inactive|DB14 has 60 seconds left.\nAyamKeayaman rejected open team sheets.\n|inactive|DB14 has 30 seconds left.\n|\n|t:|1682658059\n|start\n|switch|p1a: Harald|Talonflame, L50, M|100\/100\n|switch|p1b: Ivar|Iron Thorns, L50|100\/100\n|switch|p2a: Dragapult|Dragapult, L50, F|100\/100\n|switch|p2b: Pelipper|Pelipper, L50, M|100\/100\n|-weather|RainDance|[from] ability: Drizzle|[of] p2b: Pelipper\n|-enditem|p1b: Ivar|Booster Energy\n|-activate|p1b: Ivar|ability: Quark Drive|[fromitem]\n|-start|p1b: Ivar|quarkdriveatk\n|turn|1\n|\n|t:|1682658080\n|move|p1a: Harald|Tailwind|p1a: Harald\n|-sidestart|p1: DB14|move: Tailwind\n|move|p2a: Dragapult|Surf|p1a: Harald|[spread] p2b,p1a,p1b\n|-resisted|p2b: Pelipper\n|-supereffective|p1a: Harald\n|-supereffective|p1b: Ivar\n|-damage|p2b: Pelipper|83\/100\n|-damage|p1a: Harald|36\/100\n|-damage|p1b: Ivar|41\/100\n|move|p1b: Ivar|Rock Slide|p2a: Dragapult|[spread] p2b\n|-miss|p1b: Ivar|p2a: Dragapult\n|-supereffective|p2b: Pelipper\n|-damage|p2b: Pelipper|0 fnt\n|faint|p2b: Pelipper\n|\n|-weather|RainDance|[upkeep]\n|upkeep\n|\n|t:|1682658095\n|switch|p2b: Barraskewda|Barraskewda, L50, F|100\/100\n|turn|2\n|\n|t:|1682658117\n|move|p2b: Barraskewda|Close Combat|p1b: Ivar\n|-supereffective|p1b: Ivar\n|-damage|p1b: Ivar|0 fnt\n|-unboost|p2b: Barraskewda|def|1\n|-unboost|p2b: Barraskewda|spd|1\n|faint|p1b: Ivar\n|-end|p1b: Ivar|Quark Drive|[silent]\n|move|p2a: Dragapult|Surf|p1a: Harald|[spread] p2b,p1a\n|-resisted|p2b: Barraskewda\n|-supereffective|p1a: Harald\n|-damage|p2b: Barraskewda|49\/100\n|-damage|p1a: Harald|0 fnt\n|faint|p1a: Harald\n|\n|-weather|RainDance|[upkeep]\n|upkeep\n|\n|t:|1682658126\n|switch|p1a: Bjorn|Annihilape, L50, M|100\/100\n|switch|p1b: Ragnar|Baxcalibur, L50, M, shiny|100\/100\n|turn|3\n|\n|t:|1682658141\n|switch|p2a: Toxapex|Toxapex, L50, F|100\/100\n|move|p1b: Ragnar|Protect|p1b: Ragnar\n|-singleturn|p1b: Ragnar|Protect\n|move|p2b: Barraskewda|Close Combat|p1b: Ragnar\n|-activate|p1b: Ragnar|move: Protect\n|move|p1a: Bjorn|Rock Slide|p2a: Toxapex|[spread] p2a,p2b\n|-damage|p2a: Toxapex|83\/100\n|-damage|p2b: Barraskewda|0 fnt\n|faint|p2b: Barraskewda\n|\n|-weather|RainDance|[upkeep]\n|-heal|p2a: Toxapex|89\/100|[from] item: Black Sludge\n|upkeep\n|\n|t:|1682658154\n|switch|p2b: Dragapult|Dragapult, L50, F|100\/100\n|turn|4\n|\n|t:|1682658169\n|move|p2a: Toxapex|Wide Guard|p2a: Toxapex\n|-singleturn|p2a: Toxapex|Wide Guard\n|move|p2b: Dragapult|Shadow Ball|p1a: Bjorn\n|-supereffective|p1a: Bjorn\n|-damage|p1a: Bjorn|31\/100\n|-enditem|p1a: Bjorn|Weakness Policy\n|-boost|p1a: Bjorn|atk|2|[from] item: Weakness Policy\n|-boost|p1a: Bjorn|spa|2|[from] item: Weakness Policy\n|move|p1a: Bjorn|Rage Fist|p2b: Dragapult\n|-supereffective|p2b: Dragapult\n|-damage|p2b: Dragapult|0 fnt\n|faint|p2b: Dragapult\n|move|p1b: Ragnar|Iron Head|p2a: Toxapex\n|-resisted|p2a: Toxapex\n|-damage|p2a: Toxapex|71\/100\n|-damage|p1b: Ragnar|91\/100|[from] item: Life Orb\n|\n|-weather|RainDance|[upkeep]\n|-heal|p2a: Toxapex|77\/100|[from] item: Black Sludge\n|-sideend|p1: DB14|move: Tailwind\n|upkeep\n|turn|5\n|\n|t:|1682658194\n|move|p1a: Bjorn|Bulk Up|p1a: Bjorn\n|-boost|p1a: Bjorn|atk|1\n|-boost|p1a: Bjorn|def|1\n|move|p1b: Ragnar|Iron Head|p2a: Toxapex\n|-resisted|p2a: Toxapex\n|-damage|p2a: Toxapex|58\/100\n|-damage|p1b: Ragnar|81\/100|[from] item: Life Orb\n|move|p2a: Toxapex|Recover|p2a: Toxapex\n|-heal|p2a: Toxapex|100\/100\n|\n|-weather|none\n|upkeep\n|turn|6\n|\n|t:|1682658205\n|move|p2a: Toxapex|Baneful Bunker|p2a: Toxapex\n|-singleturn|p2a: Toxapex|move: Protect\n|move|p1a: Bjorn|Bulk Up|p1a: Bjorn\n|-boost|p1a: Bjorn|atk|1\n|-boost|p1a: Bjorn|def|1\n|move|p1b: Ragnar|Earthquake|p2a: Toxapex|[spread] p1a\n|-activate|p2a: Toxapex|move: Protect\n|-damage|p1a: Bjorn|9\/100\n|-damage|p1b: Ragnar|72\/100|[from] item: Life Orb\n|\n|upkeep\n|turn|7\n|\n|t:|1682658219\n|move|p1a: Bjorn|Bulk Up|p1a: Bjorn\n|-boost|p1a: Bjorn|atk|1\n|-boost|p1a: Bjorn|def|1\n|move|p1b: Ragnar|Iron Head|p2a: Toxapex\n|-resisted|p2a: Toxapex\n|-damage|p2a: Toxapex|84\/100\n|-damage|p1b: Ragnar|62\/100|[from] item: Life Orb\n|cant|p2a: Toxapex|flinch\n|\n|-heal|p2a: Toxapex|89\/100|[from] item: Black Sludge\n|upkeep\n|turn|8\n|\n|t:|1682658233\n|move|p2a: Toxapex|Baneful Bunker|p2a: Toxapex\n|-singleturn|p2a: Toxapex|move: Protect\n|move|p1a: Bjorn|Rage Fist|p2a: Toxapex\n|-activate|p2a: Toxapex|move: Protect\n|-status|p1a: Bjorn|psn\n|move|p1b: Ragnar|Iron Head|p2a: Toxapex\n|-activate|p2a: Toxapex|move: Protect\n|-status|p1b: Ragnar|psn\n|\n|-heal|p2a: Toxapex|95\/100|[from] item: Black Sludge\n|-damage|p1a: Bjorn|0 fnt|[from] psn\n|faint|p1a: Bjorn\n|-damage|p1b: Ragnar|50\/100 psn|[from] psn\n|upkeep\n|turn|9\n|\n|t:|1682658253\n|move|p2a: Toxapex|Wide Guard|p2a: Toxapex\n|-singleturn|p2a: Toxapex|Wide Guard\n|move|p1b: Ragnar|Earthquake|p2a: Toxapex\n|-activate|p2a: Toxapex|move: Wide Guard\n|\n|-heal|p2a: Toxapex|100\/100|[from] item: Black Sludge\n|-damage|p1b: Ragnar|37\/100 psn|[from] psn\n|upkeep\n|turn|10\n|\n|t:|1682658261\n|move|p2a: Toxapex|Wide Guard|p2a: Toxapex\n|-singleturn|p2a: Toxapex|Wide Guard\n|move|p1b: Ragnar|Earthquake|p2a: Toxapex\n|-activate|p2a: Toxapex|move: Wide Guard\n|\n|-damage|p1b: Ragnar|25\/100 psn|[from] psn\n|upkeep\n|turn|11\n|\n|t:|1682658268\n|move|p2a: Toxapex|Wide Guard|p2a: Toxapex\n|-singleturn|p2a: Toxapex|Wide Guard\n|move|p1b: Ragnar|Earthquake|p2a: Toxapex\n|-activate|p2a: Toxapex|move: Wide Guard\n|\n|-damage|p1b: Ragnar|13\/100 psn|[from] psn\n|upkeep\n|turn|12\n|c|\u2606DB14|Gg\n|\n|t:|1682658281\n|move|p2a: Toxapex|Wide Guard|p2a: Toxapex\n|-singleturn|p2a: Toxapex|Wide Guard\n|move|p1b: Ragnar|Earthquake|p2a: Toxapex\n|-activate|p2a: Toxapex|move: Wide Guard\n|\n|-damage|p1b: Ragnar|0 fnt|[from] psn\n|faint|p1b: Ragnar\n|\n|win|AyamKeayaman\n|upkeep\n|raw|DB14's rating: 1089 → 1060<\/strong> (-29 for losing)\n|raw|AyamKeayaman's rating: 1001 → 1051<\/strong> (+50 for winning)\n|l|\u2606DB14\n|c|\u2606AyamKeayaman|gg\n","uploadtime":1682658292,"views":14,"p1id":"db14","p2id":"ayamkeayaman","formatid":"gen9vgc2023regulationc","rating":1051,"private":0,"password":""}