{"id":"gen9vgc2023regulationc-1849516068","p1":"joeisabro","p2":"jchemmy","format":"[Gen 9] VGC 2023 Regulation C","log":"|j|\u2606joeisabro\n|j|\u2606jchemmy\n|t:|1682207778\n|gametype|doubles\n|player|p1|joeisabro|preschooler|1159\n|player|p2|jchemmy|brock|1246\n|teamsize|p1|6\n|teamsize|p2|6\n|gen|9\n|tier|[Gen 9] VGC 2023 Regulation C\n|rated|\n|rule|Species Clause: Limit one of each Pok\u00e9mon\n|rule|Item Clause: Limit one of each item\n|clearpoke\n|poke|p1|Hydreigon, L50, F|\n|poke|p1|Chi-Yu, L50|\n|poke|p1|Iron Hands, L50|\n|poke|p1|Glimmora, L50, F|\n|poke|p1|Sableye, L50, M|\n|poke|p1|Gyarados, L50, F|\n|poke|p2|Arcanine, L50, M|\n|poke|p2|Palafin, L50, M|\n|poke|p2|Flutter Mane, L50|\n|poke|p2|Ting-Lu, L50|\n|poke|p2|Amoonguss, L50, M|\n|poke|p2|Baxcalibur, L50, M|\n|teampreview|4\n|inactive|Battle timer is ON: inactive players will automatically lose when time's up. (requested by jchemmy)\njchemmy has agreed to open team sheets.\n|\n|t:|1682207808\n|start\n|switch|p1a: Iron Hands|Iron Hands, L50|100\/100\n|switch|p1b: Gyarados|Gyarados, L50, F|100\/100\n|switch|p2a: Palafin|Palafin, L50, M|100\/100\n|switch|p2b: Flutter Mane|Flutter Mane, L50|100\/100\n|-ability|p1b: Gyarados|Intimidate|boost\n|-unboost|p2a: Palafin|atk|1\n|-unboost|p2b: Flutter Mane|atk|1\n|turn|1\n|\n|t:|1682207821\n|detailschange|p2a: Palafin|Palafin-Hero, L50, M\n|switch|p2a: Amoonguss|Amoonguss, L50, M|100\/100\n|move|p2b: Flutter Mane|Thunderbolt|p1b: Gyarados\n|-supereffective|p1b: Gyarados\n|-damage|p1b: Gyarados|0 fnt\n|faint|p1b: Gyarados\n|move|p1a: Iron Hands|Thunder Punch|p2b: Flutter Mane\n|-damage|p2b: Flutter Mane|33\/100\n|\n|upkeep\n|\n|t:|1682207834\n|switch|p1b: idk man|Hydreigon, L50, F|100\/100\n|turn|2\n|\n|t:|1682207845\n|-end|p2b: Flutter Mane|Protosynthesis|[silent]\n|switch|p2b: Arcanine|Arcanine, L50, M|100\/100\n|-ability|p2b: Arcanine|Intimidate|boost\n|-unboost|p1a: Iron Hands|atk|1\n|-unboost|p1b: idk man|atk|1\n|-terastallize|p1a: Iron Hands|Grass\n|move|p1b: idk man|Protect|p1b: idk man\n|-singleturn|p1b: idk man|Protect\n|move|p1a: Iron Hands|Thunder Punch|p2b: Arcanine\n|-damage|p2b: Arcanine|69\/100\n|move|p2a: Amoonguss|Spore|p1b: idk man\n|-activate|p1b: idk man|move: Protect\n|\n|upkeep\n|turn|3\n|\n|t:|1682207867\n|move|p2b: Arcanine|Will-O-Wisp|p1a: Iron Hands\n|-status|p1a: Iron Hands|brn\n|move|p1b: idk man|Earth Power|p2b: Arcanine\n|-supereffective|p2b: Arcanine\n|-damage|p2b: Arcanine|0 fnt\n|faint|p2b: Arcanine\n|-damage|p1b: idk man|91\/100|[from] item: Life Orb\n|move|p1a: Iron Hands|Drain Punch|p2a: Amoonguss\n|-resisted|p2a: Amoonguss\n|-damage|p2a: Amoonguss|95\/100\n|move|p2a: Amoonguss|Spore|p1b: idk man\n|-status|p1b: idk man|slp|[from] move: Spore\n|\n|-damage|p1a: Iron Hands|94\/100 brn|[from] brn\n|upkeep\n|\n|t:|1682207883\n|switch|p2b: Flutter Mane|Flutter Mane, L50|33\/100\n|turn|4\n|\n|t:|1682207906\n|cant|p1b: idk man|slp\n|move|p2b: Flutter Mane|Moonblast|p1a: Iron Hands\n|-damage|p1a: Iron Hands|50\/100 brn\n|move|p1a: Iron Hands|Thunder Punch|p2b: Flutter Mane\n|-damage|p2b: Flutter Mane|14\/100\n|move|p2a: Amoonguss|Pollen Puff|p2b: Flutter Mane\n|-heal|p2b: Flutter Mane|63\/100\n|\n|-damage|p1a: Iron Hands|44\/100 brn|[from] brn\n|upkeep\n|turn|5\n|\n|t:|1682207924\n|move|p2b: Flutter Mane|Moonblast|p1b: idk man\n|-supereffective|p1b: idk man\n|-damage|p1b: idk man|0 fnt\n|faint|p1b: idk man\n|move|p1a: Iron Hands|Facade|p2a: Amoonguss\n|-damage|p2a: Amoonguss|65\/100\n|move|p2a: Amoonguss|Pollen Puff|p2b: Flutter Mane\n|-heal|p2b: Flutter Mane|100\/100\n|\n|-damage|p1a: Iron Hands|37\/100 brn|[from] brn\n|upkeep\n|-message|joeisabro forfeited.\n|\n|win|jchemmy\n|raw|joeisabro's rating: 1159 → 1140<\/strong> (-19 for losing)\n|raw|jchemmy's rating: 1246 → 1265<\/strong> (+19 for winning)\n|l|\u2606joeisabro\n","uploadtime":1682207940,"views":4,"p1id":"joeisabro","p2id":"jchemmy","formatid":"gen9vgc2023regulationc","rating":1140,"private":0,"password":""}