{"id":"gen9vgc2023regulationc-1852631562","p1":"mabolo03","p2":"Pkmushroom","format":"[Gen 9] VGC 2023 Regulation C","log":"|j|\u2606mabolo03\n|j|\u2606Pkmushroom\n|t:|1682588318\n|gametype|doubles\n|player|p1|mabolo03|cynthia-gen4|1264\n|player|p2|Pkmushroom|2|1164\n|teamsize|p1|6\n|teamsize|p2|6\n|gen|9\n|tier|[Gen 9] VGC 2023 Regulation C\n|rated|\n|rule|Species Clause: Limit one of each Pok\u00e9mon\n|rule|Item Clause: Limit one of each item\n|clearpoke\n|poke|p1|Iron Bundle, L50|\n|poke|p1|Flutter Mane, L50|\n|poke|p1|Great Tusk, L50|\n|poke|p1|Talonflame, L50, M|\n|poke|p1|Kingambit, L50, M|\n|poke|p1|Glimmora, L50, M|\n|poke|p2|Garganacl, L50, M|\n|poke|p2|Tinkaton, L50, F|\n|poke|p2|Toxapex, L50, F|\n|poke|p2|Meowscarada, L50, M|\n|poke|p2|Hippowdon, L50, M|\n|poke|p2|Annihilape, L50, F|\n|teampreview|4\nmabolo03 rejected open team sheets.\n|\n|t:|1682588337\n|start\n|switch|p1a: Iron Bundle|Iron Bundle, L50|100\/100\n|switch|p1b: Great Tusk|Great Tusk, L50, shiny|100\/100\n|switch|p2a: Garganacl|Garganacl, L50, M|100\/100\n|switch|p2b: Hippowdon|Hippowdon, L50, M|100\/100\n|-weather|Sandstorm|[from] ability: Sand Stream|[of] p2b: Hippowdon\n|turn|1\n|\n|t:|1682588362\n|-terastallize|p2a: Garganacl|Flying\n|move|p1a: Iron Bundle|Icy Wind|p2a: Garganacl|[spread] p2a\n|-miss|p1a: Iron Bundle|p2b: Hippowdon\n|-supereffective|p2a: Garganacl\n|-damage|p2a: Garganacl|76\/100\n|-unboost|p2a: Garganacl|spe|1\n|move|p1b: Great Tusk|Close Combat|p2a: Garganacl\n|-resisted|p2a: Garganacl\n|-damage|p2a: Garganacl|54\/100\n|-unboost|p1b: Great Tusk|def|1\n|-unboost|p1b: Great Tusk|spd|1\n|move|p2a: Garganacl|Salt Cure|p1a: Iron Bundle\n|-supereffective|p1a: Iron Bundle\n|-damage|p1a: Iron Bundle|68\/100\n|move|p2b: Hippowdon|Heavy Slam|p1a: Iron Bundle\n|-crit|p1a: Iron Bundle\n|-damage|p1a: Iron Bundle|14\/100\n|\n|-weather|Sandstorm|[upkeep]\n|-damage|p1a: Iron Bundle|9\/100|[from] Sandstorm\n|-damage|p2a: Garganacl|48\/100|[from] Sandstorm\n|-heal|p2a: Garganacl|54\/100|[from] item: Leftovers\n|upkeep\n|turn|2\n|\n|t:|1682588395\n|switch|p2a: Tinkaton|Tinkaton, L50, F, shiny|100\/100\n|move|p1a: Iron Bundle|Icy Wind|p2b: Hippowdon|[spread] p2a,p2b\n|-resisted|p2a: Tinkaton\n|-supereffective|p2b: Hippowdon\n|-damage|p2a: Tinkaton|92\/100\n|-damage|p2b: Hippowdon|73\/100\n|-unboost|p2a: Tinkaton|spe|1\n|-unboost|p2b: Hippowdon|spe|1\n|move|p1b: Great Tusk|Earthquake|p2b: Hippowdon|[spread] p1a,p2a,p2b\n|-supereffective|p2a: Tinkaton\n|-damage|p1a: Iron Bundle|0 fnt\n|-damage|p2a: Tinkaton|5\/100\n|-damage|p2b: Hippowdon|43\/100\n|-enditem|p2a: Tinkaton|Sitrus Berry|[eat]\n|-heal|p2a: Tinkaton|30\/100|[from] item: Sitrus Berry\n|faint|p1a: Iron Bundle\n|-end|p1a: Iron Bundle|Quark Drive|[silent]\n|move|p2b: Hippowdon|Sand Tomb|p1b: Great Tusk\n|-damage|p1b: Great Tusk|86\/100\n|-activate|p1b: Great Tusk|move: Sand Tomb|[of] p2b: Hippowdon\n|\n|-weather|Sandstorm|[upkeep]\n|-damage|p1b: Great Tusk|74\/100|[from] move: Sand Tomb|[partiallytrapped]\n|upkeep\n|\n|t:|1682588417\n|switch|p1a: Flutter Mane|Flutter Mane, L50|100\/100\n|-enditem|p1a: Flutter Mane|Booster Energy\n|-activate|p1a: Flutter Mane|ability: Protosynthesis|[fromitem]\n|-start|p1a: Flutter Mane|protosynthesisspa\n|turn|3\n|\n|t:|1682588432\n|move|p1a: Flutter Mane|Protect|p1a: Flutter Mane\n|-singleturn|p1a: Flutter Mane|Protect\n|move|p2a: Tinkaton|Fake Out|p1b: Great Tusk\n|-damage|p1b: Great Tusk|62\/100\n|cant|p1b: Great Tusk|flinch\n|move|p2b: Hippowdon|Heavy Slam|p1a: Flutter Mane\n|-activate|p1a: Flutter Mane|move: Protect\n|\n|-weather|Sandstorm|[upkeep]\n|-damage|p1a: Flutter Mane|94\/100|[from] Sandstorm\n|-damage|p1b: Great Tusk|49\/100|[from] move: Sand Tomb|[partiallytrapped]\n|upkeep\n|turn|4\n|\n|t:|1682588453\n|switch|p2a: Garganacl|Garganacl, L50, M, tera:Flying|54\/100\n|move|p1a: Flutter Mane|Shadow Ball|p2b: Hippowdon\n|-damage|p2b: Hippowdon|6\/100\n|move|p1b: Great Tusk|Headlong Rush|p2a: Garganacl\n|-immune|p2a: Garganacl\n|move|p2b: Hippowdon|Slack Off|p2b: Hippowdon\n|-heal|p2b: Hippowdon|56\/100\n|\n|-weather|Sandstorm|[upkeep]\n|-damage|p1a: Flutter Mane|88\/100|[from] Sandstorm\n|-damage|p2a: Garganacl|48\/100|[from] Sandstorm\n|-heal|p2a: Garganacl|54\/100|[from] item: Leftovers\n|-damage|p1b: Great Tusk|37\/100|[from] move: Sand Tomb|[partiallytrapped]\n|upkeep\n|turn|5\n|\n|t:|1682588473\n|move|p1a: Flutter Mane|Shadow Ball|p2a: Garganacl\n|-damage|p2a: Garganacl|37\/100\n|move|p1b: Great Tusk|Headlong Rush|p2b: Hippowdon\n|-damage|p2b: Hippowdon|10\/100\n|-unboost|p1b: Great Tusk|def|1\n|-unboost|p1b: Great Tusk|spd|1\n|move|p2a: Garganacl|Recover|p2a: Garganacl\n|-heal|p2a: Garganacl|87\/100\n|move|p2b: Hippowdon|Heavy Slam|p1a: Flutter Mane\n|-supereffective|p1a: Flutter Mane\n|-crit|p1a: Flutter Mane\n|-damage|p1a: Flutter Mane|0 fnt\n|faint|p1a: Flutter Mane\n|-end|p1a: Flutter Mane|Protosynthesis|[silent]\n|\n|-weather|none\n|-heal|p2a: Garganacl|93\/100|[from] item: Leftovers\n|-damage|p1b: Great Tusk|25\/100|[from] move: Sand Tomb|[partiallytrapped]\n|upkeep\n|\n|t:|1682588485\n|switch|p1a: Kingambit|Kingambit, L50, M|100\/100\n|turn|6\n|\n|t:|1682588514\n|move|p1b: Great Tusk|Earthquake|p2a: Garganacl|[spread] p1a,p2b\n|-immune|p2a: Garganacl\n|-supereffective|p1a: Kingambit\n|-damage|p1a: Kingambit|38\/100\n|-damage|p2b: Hippowdon|0 fnt\n|faint|p2b: Hippowdon\n|move|p1a: Kingambit|Iron Head|p2a: Garganacl\n|-damage|p2a: Garganacl|64\/100\n|move|p2a: Garganacl|Iron Defense|p2a: Garganacl\n|-boost|p2a: Garganacl|def|2\n|\n|-heal|p2a: Garganacl|70\/100|[from] item: Leftovers\n|-end|p1b: Great Tusk|Sand Tomb|[partiallytrapped]\n|upkeep\n|\n|t:|1682588525\n|switch|p2b: Tinkaton|Tinkaton, L50, F, shiny|30\/100\n|turn|7\n|\n|t:|1682588543\n|-terastallize|p1a: Kingambit|Flying\n|move|p1b: Great Tusk|Protect|p1b: Great Tusk\n|-singleturn|p1b: Great Tusk|Protect\n|move|p2b: Tinkaton|Fake Out|p1b: Great Tusk\n|-activate|p1b: Great Tusk|move: Protect\n|move|p1a: Kingambit|Iron Head|p2a: Garganacl\n|-damage|p2a: Garganacl|56\/100\n|move|p2a: Garganacl|Body Press|p1a: Kingambit\n|-resisted|p1a: Kingambit\n|-damage|p1a: Kingambit|22\/100\n|\n|-heal|p2a: Garganacl|62\/100|[from] item: Leftovers\n|upkeep\n|turn|8\n|\n|t:|1682588565\n|move|p1b: Great Tusk|Headlong Rush|p2b: Tinkaton\n|-supereffective|p2b: Tinkaton\n|-damage|p2b: Tinkaton|0 fnt\n|-unboost|p1b: Great Tusk|def|1\n|-unboost|p1b: Great Tusk|spd|1\n|faint|p2b: Tinkaton\n|move|p1a: Kingambit|Iron Head|p2a: Garganacl\n|-damage|p2a: Garganacl|48\/100\n|move|p2a: Garganacl|Salt Cure|p1b: Great Tusk\n|-resisted|p1b: Great Tusk\n|-damage|p1b: Great Tusk|19\/100\n|-start|p1b: Great Tusk|Salt Cure\n|\n|-heal|p2a: Garganacl|54\/100|[from] item: Leftovers\n|-damage|p1b: Great Tusk|7\/100|[from] Salt Cure\n|upkeep\n|\n|t:|1682588576\n|switch|p2b: Toxapex|Toxapex, L50, F, shiny|100\/100\n|turn|9\n|\n|t:|1682588591\n|move|p2b: Toxapex|Baneful Bunker|p2b: Toxapex\n|-singleturn|p2b: Toxapex|move: Protect\n|move|p1b: Great Tusk|Headlong Rush|p2b: Toxapex\n|-activate|p2b: Toxapex|move: Protect\n|-status|p1b: Great Tusk|psn\n|move|p1a: Kingambit|Assurance|p2b: Toxapex\n|-activate|p2b: Toxapex|move: Protect\n|-status|p1a: Kingambit|psn\n|move|p2a: Garganacl|Recover|p2a: Garganacl\n|-heal|p2a: Garganacl|100\/100\n|\n|-damage|p1b: Great Tusk|0 fnt|[from] psn\n|faint|p1b: Great Tusk\n|-end|p1b: Great Tusk|Protosynthesis|[silent]\n|-damage|p1a: Kingambit|10\/100 psn|[from] psn\n|upkeep\n|turn|10\n|-message|mabolo03 forfeited.\n|\n|win|Pkmushroom\n|raw|mabolo03's rating: 1264 → 1232<\/strong> (-32 for losing)\n|raw|Pkmushroom's rating: 1164 → 1196<\/strong> (+32 for winning)\n|l|\u2606mabolo03\n","uploadtime":1682588611,"views":9,"p1id":"mabolo03","p2id":"pkmushroom","formatid":"gen9vgc2023regulationc","rating":1196,"private":0,"password":""}