{"id":"gen9vgc2023regulationc-1858397187","p1":"SvenVGC","p2":"Z Strats","format":"[Gen 9] VGC 2023 Regulation C","log":"|j|\u2606SvenVGC\n|j|\u2606Z Strats\n|t:|1683308505\n|gametype|doubles\n|player|p1|SvenVGC|nate|\n|player|p2|Z Strats|#scl2platoon|\n|teamsize|p1|6\n|teamsize|p2|6\n|gen|9\n|tier|[Gen 9] VGC 2023 Regulation C\n|rule|Species Clause: Limit one of each Pok\u00e9mon\n|rule|Item Clause: Limit one of each item\n|clearpoke\n|poke|p1|Torkoal, L50, F|\n|poke|p1|Jumpluff, L50, M|\n|poke|p1|Flutter Mane, L50|\n|poke|p1|Kingambit, L50, M|\n|poke|p1|Great Tusk, L50|\n|poke|p1|Chien-Pao, L50|\n|poke|p2|Dragonite, L50, F|\n|poke|p2|Ting-Lu, L50|\n|poke|p2|Arcanine, L50, M|\n|poke|p2|Flutter Mane, L50|\n|poke|p2|Amoonguss, L50, M|\n|poke|p2|Palafin, L50, M|\n|teampreview|4\n|c|\u2606Z Strats|g3\nSvenVGC has agreed to open team sheets.\n|j|+Memoric\n|j| MausHoldMyHand\n|l|+Memoric\n|l| MausHoldMyHand\n|j| Serena\n|j|+Howkings\n|c|\u2606SvenVGC|gl hf\n|j| PqlarBear\nZ Strats has agreed to open team sheets.\n|c|\u2606Z Strats|hf\n|j| outdz izon\n|j|+Qwily\n|j| Anisphia\n|\n|t:|1683309578\n|start\n|switch|p1a: Chien-Pao|Chien-Pao, L50|100\/100\n|switch|p1b: Great Tusk|Great Tusk, L50|100\/100\n|switch|p2a: Dragonite|Dragonite, L50, F|100\/100\n|switch|p2b: Amoonguss|Amoonguss, L50, M|100\/100\n|-ability|p1a: Chien-Pao|Sword of Ruin\n|turn|1\n|j| Ally\n|\n|t:|1683309617\n|-terastallize|p1b: Great Tusk|Fire\n|-terastallize|p2a: Dragonite|Flying\n|move|p2b: Amoonguss|Rage Powder|p2b: Amoonguss\n|-singleturn|p2b: Amoonguss|move: Rage Powder\n|move|p1b: Great Tusk|Rock Slide|p2b: Amoonguss|[spread] p2b\n|-miss|p1b: Great Tusk|p2a: Dragonite\n|-damage|p2b: Amoonguss|79\/100\n|move|p1a: Chien-Pao|Ice Spinner|p2b: Amoonguss\n|-supereffective|p2b: Amoonguss\n|-damage|p2b: Amoonguss|0 fnt\n|faint|p2b: Amoonguss\n|move|p2a: Dragonite|Tera Blast|p1b: Great Tusk\n|-damage|p1b: Great Tusk|40\/100\n|\n|upkeep\n|\n|t:|1683309621\n|switch|p2b: Ting-Lu|Ting-Lu, L50|100\/100\n|-ability|p2b: Ting-Lu|Vessel of Ruin\n|turn|2\n|l| Ally\n|j| Ally\n|l| outdz izon\n|\n|t:|1683309747\n|-end|p1b: Great Tusk|Protosynthesis|[silent]\n|switch|p1b: Torkoal|Torkoal, L50, F|100\/100\n|-weather|SunnyDay|[from] ability: Drought|[of] p1b: Torkoal\n|move|p1a: Chien-Pao|Protect|p1a: Chien-Pao\n|-singleturn|p1a: Chien-Pao|Protect\n|move|p2a: Dragonite|Protect|p2a: Dragonite\n|-singleturn|p2a: Dragonite|Protect\n|move|p2b: Ting-Lu|Earthquake|p1b: Torkoal|[spread] p1b\n|-activate|p2a: Dragonite|move: Protect\n|-activate|p1a: Chien-Pao|move: Protect\n|-supereffective|p1b: Torkoal\n|-damage|p1b: Torkoal|25\/100\n|\n|-weather|SunnyDay|[upkeep]\n|upkeep\n|turn|3\n|j| oriol.plazai\n|\n|t:|1683309818\n|move|p1b: Torkoal|Helping Hand|p1a: Chien-Pao\n|-singleturn|p1a: Chien-Pao|Helping Hand|[of] p1b: Torkoal\n|move|p1a: Chien-Pao|Ice Spinner|p2b: Ting-Lu\n|-supereffective|p2b: Ting-Lu\n|-damage|p2b: Ting-Lu|5\/100\n|move|p2a: Dragonite|Tera Blast|p1a: Chien-Pao\n|-damage|p1a: Chien-Pao|12\/100\n|move|p2b: Ting-Lu|Earthquake|p1a: Chien-Pao|[spread] p1a,p1b\n|-immune|p2a: Dragonite\n|-supereffective|p1b: Torkoal\n|-damage|p1a: Chien-Pao|0 fnt\n|-damage|p1b: Torkoal|0 fnt\n|faint|p1a: Chien-Pao\n|faint|p1b: Torkoal\n|\n|-weather|SunnyDay|[upkeep]\n|upkeep\n|\n|t:|1683309822\n|switch|p1a: Great Tusk|Great Tusk, L50, tera:Fire|40\/100\n|switch|p1b: Flutter Mane|Flutter Mane, L50|100\/100\n|-activate|p1a: Great Tusk|ability: Protosynthesis\n|-start|p1a: Great Tusk|protosynthesisatk\n|-activate|p1b: Flutter Mane|ability: Protosynthesis\n|-start|p1b: Flutter Mane|protosynthesisspa\n|turn|4\n|j| tyo\n|\n|t:|1683309894\n|move|p1a: Great Tusk|Rock Slide|p2a: Dragonite|[spread] p2a,p2b\n|-supereffective|p2a: Dragonite\n|-resisted|p2b: Ting-Lu\n|-damage|p2a: Dragonite|74\/100\n|-damage|p2b: Ting-Lu|0 fnt\n|faint|p2b: Ting-Lu\n|move|p1b: Flutter Mane|Moonblast|p2a: Dragonite\n|-damage|p2a: Dragonite|0 fnt\n|faint|p2a: Dragonite\n|\n|-weather|SunnyDay|[upkeep]\n|upkeep\n|\n|t:|1683309902\n|switch|p2a: Flutter Mane|Flutter Mane, L50|100\/100\n|-activate|p2a: Flutter Mane|ability: Protosynthesis\n|-start|p2a: Flutter Mane|protosynthesisspa\n|turn|5\n|\n|t:|1683309906\n|move|p2a: Flutter Mane|Protect|p2a: Flutter Mane\n|-singleturn|p2a: Flutter Mane|Protect\n|move|p1a: Great Tusk|Rock Slide|p2a: Flutter Mane\n|-activate|p2a: Flutter Mane|move: Protect\n|move|p1b: Flutter Mane|Moonblast|p2a: Flutter Mane\n|-activate|p2a: Flutter Mane|move: Protect\n|\n|-weather|SunnyDay|[upkeep]\n|upkeep\n|turn|6\n|\n|t:|1683309911\n|move|p2a: Flutter Mane|Protect||[still]\n|-fail|p2a: Flutter Mane\n|move|p1a: Great Tusk|Rock Slide|p2a: Flutter Mane\n|-damage|p2a: Flutter Mane|39\/100\n|move|p1b: Flutter Mane|Moonblast|p2a: Flutter Mane\n|-damage|p2a: Flutter Mane|0 fnt\n|faint|p2a: Flutter Mane\n|-end|p2a: Flutter Mane|Protosynthesis|[silent]\n|\n|win|SvenVGC\n|c|\u2606SvenVGC|ggs\n|c|\u2606Z Strats|ggs\n|l| tyo\n|l| Ally\n|l| oriol.plazai\n|l| Anisphia\n","uploadtime":1683310056,"views":25,"p1id":"svenvgc","p2id":"zstrats","formatid":"gen9vgc2023regulationc","rating":0,"private":0,"password":""}