{"id":"gen9vgc2023regulationc-1847393324","p1":"Saeberian","p2":"Hsjdjfjv","format":"[Gen 9] VGC 2023 Regulation C","log":"|j|\u2606Saeberian\n|j|\u2606Hsjdjfjv\n|t:|1681949869\n|gametype|doubles\n|player|p1|Saeberian|169|1000\n|player|p2|Hsjdjfjv|266|1000\n|teamsize|p1|6\n|teamsize|p2|6\n|gen|9\n|tier|[Gen 9] VGC 2023 Regulation C\n|rated|\n|rule|Species Clause: Limit one of each Pok\u00e9mon\n|rule|Item Clause: Limit one of each item\n|clearpoke\n|poke|p1|Iron Jugulis, L50|\n|poke|p1|Torkoal, L50, M|\n|poke|p1|Ceruledge, L50, M|\n|poke|p1|Amoonguss, L50, M|\n|poke|p1|Arcanine, L50, F|\n|poke|p1|Dragonite, L50, F|\n|poke|p2|Maushold-Four, L50|\n|poke|p2|Annihilape, L50, F|\n|poke|p2|Gholdengo, L50|\n|poke|p2|Roaring Moon, L50|\n|poke|p2|Gyarados, L50, M|\n|poke|p2|Ting-Lu, L50|\n|teampreview|4\n|inactive|Battle timer is ON: inactive players will automatically lose when time's up. (requested by Saeberian)\n|\n|t:|1681949894\n|start\n|switch|p1a: Iron Jugulis|Iron Jugulis, L50|100\/100\n|switch|p1b: Ceruledge|Ceruledge, L50, M|100\/100\n|switch|p2a: Gyarados|Gyarados, L50, M|100\/100\n|switch|p2b: Ting-Lu|Ting-Lu, L50|100\/100\n|-ability|p2a: Gyarados|Intimidate|boost\n|-unboost|p1a: Iron Jugulis|atk|1\n|-unboost|p1b: Ceruledge|atk|1\n|-ability|p2b: Ting-Lu|Vessel of Ruin\n|-enditem|p1a: Iron Jugulis|Booster Energy\n|-activate|p1a: Iron Jugulis|ability: Quark Drive|[fromitem]\n|-start|p1a: Iron Jugulis|quarkdrivespe\n|turn|1\n|inactive|Saeberian has 30 seconds left.\n|inactive|Saeberian has 20 seconds left.\n|\n|t:|1681949930\n|-terastallize|p1b: Ceruledge|Fairy\n|move|p1a: Iron Jugulis|Tailwind|p1a: Iron Jugulis\n|-sidestart|p1: Saeberian|move: Tailwind\n|move|p1b: Ceruledge|X-Scissor|p2b: Ting-Lu\n|-supereffective|p2b: Ting-Lu\n|-damage|p2b: Ting-Lu|73\/100\n|-damage|p1b: Ceruledge|90\/100|[from] item: Life Orb\n|move|p2a: Gyarados|Taunt|p1b: Ceruledge\n|-start|p1b: Ceruledge|move: Taunt\n|move|p2b: Ting-Lu|Rock Slide|p1a: Iron Jugulis|[spread] p1a,p1b\n|-supereffective|p1a: Iron Jugulis\n|-damage|p1a: Iron Jugulis|66\/100\n|-damage|p1b: Ceruledge|66\/100\n|\n|upkeep\n|turn|2\n|inactive|Saeberian has 30 seconds left.\n|\n|t:|1681949961\n|move|p1a: Iron Jugulis|Dark Pulse|p2a: Gyarados\n|-damage|p2a: Gyarados|77\/100\n|move|p1b: Ceruledge|X-Scissor|p2b: Ting-Lu\n|-supereffective|p2b: Ting-Lu\n|-damage|p2b: Ting-Lu|48\/100\n|-damage|p1b: Ceruledge|57\/100|[from] item: Life Orb\n|cant|p2a: Gyarados|flinch\n|move|p2b: Ting-Lu|Heavy Slam|p1b: Ceruledge\n|-supereffective|p1b: Ceruledge\n|-damage|p1b: Ceruledge|0 fnt\n|faint|p1b: Ceruledge\n|\n|upkeep\n|\n|t:|1681949965\n|switch|p1b: Dragonite|Dragonite, L50, F|100\/100\n|turn|3\n|inactive|Saeberian has 30 seconds left.\n|\n|t:|1681949992\n|move|p1a: Iron Jugulis|Air Slash|p2b: Ting-Lu\n|-damage|p2b: Ting-Lu|36\/100\n|move|p1b: Dragonite|Dragon Dance|p1b: Dragonite\n|-boost|p1b: Dragonite|atk|1\n|-boost|p1b: Dragonite|spe|1\n|move|p2a: Gyarados|Thunder Wave|p1b: Dragonite\n|-status|p1b: Dragonite|par\n|cant|p2b: Ting-Lu|flinch\n|\n|upkeep\n|turn|4\n|\n|t:|1681950015\n|move|p1a: Iron Jugulis|Air Slash|p2b: Ting-Lu\n|-damage|p2b: Ting-Lu|22\/100\n|cant|p1b: Dragonite|par\n|move|p2a: Gyarados|Taunt|p1b: Dragonite\n|-start|p1b: Dragonite|move: Taunt\n|move|p2b: Ting-Lu|Ruination|p1b: Dragonite\n|-damage|p1b: Dragonite|50\/100 par\n|\n|-sideend|p1: Saeberian|move: Tailwind\n|upkeep\n|turn|5\n|\n|t:|1681950036\n|move|p1a: Iron Jugulis|Tailwind|p1a: Iron Jugulis\n|-sidestart|p1: Saeberian|move: Tailwind\n|move|p1b: Dragonite|Dragon Claw|p2a: Gyarados\n|-damage|p2a: Gyarados|14\/100\n|move|p2a: Gyarados|Thunder Wave|p1a: Iron Jugulis\n|-status|p1a: Iron Jugulis|par\n|move|p2b: Ting-Lu|Rock Slide|p1a: Iron Jugulis|[spread] p1a,p1b\n|-supereffective|p1a: Iron Jugulis\n|-supereffective|p1b: Dragonite\n|-damage|p1a: Iron Jugulis|34\/100 par\n|-damage|p1b: Dragonite|12\/100 par\n|\n|upkeep\n|turn|6\n|inactive|Hsjdjfjv has 30 seconds left.\n|\n|t:|1681950061\n|switch|p2b: Annihilape|Annihilape, L50, F|100\/100\n|move|p1a: Iron Jugulis|Air Slash|p2b: Annihilape\n|-supereffective|p2b: Annihilape\n|-damage|p2b: Annihilape|44\/100\n|-enditem|p2b: Annihilape|Sitrus Berry|[eat]\n|-heal|p2b: Annihilape|69\/100|[from] item: Sitrus Berry\n|move|p1b: Dragonite|Dragon Claw|p2a: Gyarados\n|-damage|p2a: Gyarados|0 fnt\n|faint|p2a: Gyarados\n|\n|upkeep\n|\n|t:|1681950074\n|switch|p2a: Roaring Moon|Roaring Moon, L50|100\/100\n|-enditem|p2a: Roaring Moon|Booster Energy\n|-activate|p2a: Roaring Moon|ability: Protosynthesis|[fromitem]\n|-start|p2a: Roaring Moon|protosynthesisspe\n|turn|7\n|\n|t:|1681950099\n|-terastallize|p2a: Roaring Moon|Flying\n|move|p2b: Annihilape|Protect|p2b: Annihilape\n|-singleturn|p2b: Annihilape|Protect\n|move|p2a: Roaring Moon|Acrobatics|p1b: Dragonite\n|-damage|p1b: Dragonite|0 fnt\n|faint|p1b: Dragonite\n|move|p1a: Iron Jugulis|Air Slash|p2b: Annihilape\n|-activate|p2b: Annihilape|move: Protect\n|\n|upkeep\n|\n|t:|1681950105\n|switch|p1b: Amoonguss|Amoonguss, L50, M|100\/100\n|turn|8\n|\n|t:|1681950118\n|move|p2a: Roaring Moon|Acrobatics|p1a: Iron Jugulis\n|-damage|p1a: Iron Jugulis|0 fnt\n|faint|p1a: Iron Jugulis\n|-end|p1a: Iron Jugulis|Quark Drive|[silent]\n|move|p2b: Annihilape|Drain Punch|p1b: Amoonguss\n|-resisted|p1b: Amoonguss\n|-damage|p1b: Amoonguss|83\/100\n|-heal|p2b: Annihilape|78\/100|[from] drain|[of] p1b: Amoonguss\n|move|p1b: Amoonguss|Spore|p2a: Roaring Moon\n|-status|p2a: Roaring Moon|slp|[from] move: Spore\n|\n|-heal|p1b: Amoonguss|89\/100|[from] item: Leftovers\n|-sideend|p1: Saeberian|move: Tailwind\n|upkeep\n|turn|9\n|-message|Saeberian forfeited.\n|\n|win|Hsjdjfjv\n|raw|Saeberian's rating: 1000 → 1000<\/strong> (+0 for losing)\n|raw|Hsjdjfjv's rating: 1000 → 1040<\/strong> (+40 for winning)\n|l|\u2606Saeberian\n","uploadtime":1681950132,"views":5,"p1id":"saeberian","p2id":"hsjdjfjv","formatid":"gen9vgc2023regulationc","rating":1000,"private":0,"password":""}