{"id":"gen9vgc2023regulationc-1862335784","p1":"GunGalione","p2":"bum.studio","format":"[Gen 9] VGC 2023 Regulation C","log":"|j|\u2606GunGalione\n|j|\u2606bum.studio\n|t:|1683867998\n|gametype|doubles\n|player|p1|GunGalione|pokemonranger-gen4|1000\n|player|p2|bum.studio|102|1083\n|teamsize|p1|6\n|teamsize|p2|6\n|gen|9\n|tier|[Gen 9] VGC 2023 Regulation C\n|rated|\n|rule|Species Clause: Limit one of each Pok\u00e9mon\n|rule|Item Clause: Limit one of each item\n|clearpoke\n|poke|p1|Amoonguss, L50, M|\n|poke|p1|Scovillain, L50, M|\n|poke|p1|Torkoal, L50, M|\n|poke|p1|Roaring Moon, L50|\n|poke|p1|Iron Bundle, L50|\n|poke|p1|Grimmsnarl, L50, M|\n|poke|p2|Torkoal, L50, F|\n|poke|p2|Scovillain, L50, M|\n|poke|p2|Great Tusk, L50|\n|poke|p2|Annihilape, L50, F|\n|poke|p2|Amoonguss, L50, M|\n|poke|p2|Flutter Mane, L50|\n|teampreview|4\n|inactive|Battle timer is ON: inactive players will automatically lose when time's up. (requested by GunGalione)\n|\n|t:|1683868018\n|start\n|switch|p1a: Grimmsnarl|Grimmsnarl, L50, M|100\/100\n|switch|p1b: The Super Villain|Scovillain, L50, M|100\/100\n|switch|p2a: Torkoal|Torkoal, L50, F|100\/100\n|switch|p2b: Scovillain|Scovillain, L50, M|100\/100\n|-weather|SunnyDay|[from] ability: Drought|[of] p2a: Torkoal\n|turn|1\n|\n|t:|1683868038\n|move|p1b: The Super Villain|Protect|p1b: The Super Villain\n|-singleturn|p1b: The Super Villain|Protect\n|move|p1a: Grimmsnarl|Fake Out|p2b: Scovillain\n|-damage|p2b: Scovillain|83\/100\n|cant|p2b: Scovillain|flinch\n|move|p2a: Torkoal|Stealth Rock|p1b: The Super Villain\n|-sidestart|p1: GunGalione|move: Stealth Rock\n|\n|-weather|SunnyDay|[upkeep]\n|-heal|p2b: Scovillain|89\/100|[from] item: Leftovers\n|-ability|p2b: Scovillain|Moody|boost\n|-boost|p2b: Scovillain|spa|2\n|-unboost|p2b: Scovillain|atk|1\n|-ability|p1b: The Super Villain|Moody|boost\n|-boost|p1b: The Super Villain|def|2\n|-unboost|p1b: The Super Villain|spd|1\n|-status|p1a: Grimmsnarl|tox|[from] item: Toxic Orb\n|upkeep\n|turn|2\n|inactive|GunGalione has 30 seconds left.\n|inactive|bum.studio has 30 seconds left.\n|\n|t:|1683868065\n|-terastallize|p1b: The Super Villain|Water\n|move|p1a: Grimmsnarl|Trick|p2b: Scovillain\n|-activate|p1a: Grimmsnarl|move: Trick|[of] p2b: Scovillain\n|-item|p2b: Scovillain|Toxic Orb|[from] move: Trick\n|-item|p1a: Grimmsnarl|Leftovers|[from] move: Trick\n|move|p2b: Scovillain|Ingrain|p2b: Scovillain\n|-start|p2b: Scovillain|move: Ingrain\n|move|p1b: The Super Villain|Substitute|p1b: The Super Villain\n|-start|p1b: The Super Villain|Substitute\n|-damage|p1b: The Super Villain|75\/100\n|move|p2a: Torkoal|Iron Defense|p2a: Torkoal\n|-boost|p2a: Torkoal|def|2\n|\n|-weather|SunnyDay|[upkeep]\n|-heal|p1b: The Super Villain|81\/100|[from] item: Leftovers\n|-heal|p2b: Scovillain|95\/100|[from] Ingrain\n|-damage|p1a: Grimmsnarl|95\/100 tox|[from] psn\n|-ability|p2b: Scovillain|Moody|boost\n|-boost|p2b: Scovillain|def|2\n|-unboost|p2b: Scovillain|spe|1\n|-status|p2b: Scovillain|tox|[from] item: Toxic Orb\n|-ability|p1b: The Super Villain|Moody|boost\n|-boost|p1b: The Super Villain|spe|2\n|-unboost|p1b: The Super Villain|def|1\n|upkeep\n|turn|3\n|inactive|GunGalione has 30 seconds left.\n|inactive|bum.studio has 30 seconds left.\n|\n|t:|1683868095\n|move|p1b: The Super Villain|Protect|p1b: The Super Villain\n|-singleturn|p1b: The Super Villain|Protect\n|move|p1a: Grimmsnarl|Taunt|p2b: Scovillain\n|-start|p2b: Scovillain|move: Taunt\n|cant|p2b: Scovillain|move: Taunt|Leech Seed\n|move|p2a: Torkoal|Fire Blast|p1a: Grimmsnarl\n|-damage|p1a: Grimmsnarl|47\/100 tox\n|\n|-weather|SunnyDay|[upkeep]\n|-heal|p1b: The Super Villain|87\/100|[from] item: Leftovers\n|-heal|p1a: Grimmsnarl|52\/100 tox|[from] item: Leftovers\n|-heal|p2b: Scovillain|100\/100 tox|[from] Ingrain\n|-damage|p1a: Grimmsnarl|41\/100 tox|[from] psn\n|-damage|p2b: Scovillain|95\/100 tox|[from] psn\n|-ability|p1b: The Super Villain|Moody|boost\n|-boost|p1b: The Super Villain|spd|2\n|-unboost|p1b: The Super Villain|spa|1\n|-ability|p2b: Scovillain|Moody|boost\n|-boost|p2b: Scovillain|spd|2\n|-unboost|p2b: Scovillain|def|1\n|upkeep\n|turn|4\n|inactive|GunGalione has 30 seconds left.\n|inactive|bum.studio has 30 seconds left.\n|inactive|GunGalione has 20 seconds left.\n|inactive|bum.studio has 20 seconds left.\n|inactive|GunGalione has 15 seconds left.\n|inactive|GunGalione has 10 seconds left.\n|\n|t:|1683868143\n|switch|p1a: A wise man|Torkoal, L50, M|100\/100\n|-damage|p1a: A wise man|75\/100|[from] Stealth Rock\n|move|p1b: The Super Villain|Giga Drain|p2b: Scovillain\n|-resisted|p2b: Scovillain\n|-damage|p2b: Scovillain|92\/100 tox\n|-heal|p1b: The Super Villain|88\/100|[from] drain|[of] p2b: Scovillain\n|move|p2b: Scovillain|Flamethrower|p1a: A wise man\n|-resisted|p1a: A wise man\n|-damage|p1a: A wise man|0 fnt\n|faint|p1a: A wise man\n|move|p2a: Torkoal|Fire Blast|p1b: The Super Villain\n|-resisted|p1b: The Super Villain\n|-activate|p1b: The Super Villain|move: Substitute|[damage]\n|\n|-weather|SunnyDay|[upkeep]\n|-heal|p1b: The Super Villain|94\/100|[from] item: Leftovers\n|-heal|p2b: Scovillain|98\/100 tox|[from] Ingrain\n|-damage|p2b: Scovillain|86\/100 tox|[from] psn\n|-ability|p1b: The Super Villain|Moody|boost\n|-boost|p1b: The Super Villain|spa|2\n|-unboost|p1b: The Super Villain|atk|1\n|-ability|p2b: Scovillain|Moody|boost\n|-boost|p2b: Scovillain|atk|2\n|-unboost|p2b: Scovillain|spa|1\n|upkeep\n|inactive|GunGalione has 30 seconds left.\n|\n|t:|1683868168\n|switch|p1a: Grimmsnarl|Grimmsnarl, L50, M|41\/100 tox\n|-damage|p1a: Grimmsnarl|28\/100 tox|[from] Stealth Rock\n|turn|5\n|\n|t:|1683868180\n|move|p1b: The Super Villain|Protect|p1b: The Super Villain\n|-singleturn|p1b: The Super Villain|Protect\n|move|p1a: Grimmsnarl|Fake Out|p2b: Scovillain\n|-damage|p2b: Scovillain|73\/100 tox\n|cant|p2b: Scovillain|flinch\n|move|p2a: Torkoal|Fire Blast|p1a: Grimmsnarl\n|-damage|p1a: Grimmsnarl|0 fnt\n|faint|p1a: Grimmsnarl\n|\n|-weather|SunnyDay|[upkeep]\n|-heal|p1b: The Super Villain|99\/100|[from] item: Leftovers\n|-heal|p2b: Scovillain|79\/100 tox|[from] Ingrain\n|-damage|p2b: Scovillain|62\/100 tox|[from] psn\n|-end|p2b: Scovillain|move: Taunt\n|-ability|p1b: The Super Villain|Moody|boost\n|-boost|p1b: The Super Villain|def|2\n|-unboost|p1b: The Super Villain|spd|1\n|-ability|p2b: Scovillain|Moody|boost\n|-boost|p2b: Scovillain|spe|2\n|-unboost|p2b: Scovillain|def|1\n|upkeep\n|\n|t:|1683868190\n|switch|p1a: Amoonguss|Amoonguss, L50, M|100\/100\n|-damage|p1a: Amoonguss|88\/100|[from] Stealth Rock\n|turn|6\n|\n|t:|1683868211\n|move|p1a: Amoonguss|Protect|p1a: Amoonguss\n|-singleturn|p1a: Amoonguss|Protect\n|move|p1b: The Super Villain|Fire Fang|p2b: Scovillain\n|-damage|p2b: Scovillain|23\/100 tox\n|move|p2b: Scovillain|Flamethrower|p1a: Amoonguss\n|-activate|p1a: Amoonguss|move: Protect\n|move|p2a: Torkoal|Fire Blast|p1a: Amoonguss\n|-activate|p1a: Amoonguss|move: Protect\n|\n|-weather|SunnyDay|[upkeep]\n|-heal|p1b: The Super Villain|100\/100|[from] item: Leftovers\n|-heal|p2b: Scovillain|28\/100 tox|[from] Ingrain\n|-damage|p2b: Scovillain|5\/100 tox|[from] psn\n|-ability|p1b: The Super Villain|Moody|boost\n|-boost|p1b: The Super Villain|def|2\n|-unboost|p1b: The Super Villain|atk|1\n|-ability|p2b: Scovillain|Moody|boost\n|-boost|p2b: Scovillain|spa|2\n|-unboost|p2b: Scovillain|def|1\n|upkeep\n|turn|7\n|\n|t:|1683868235\n|move|p1b: The Super Villain|Protect|p1b: The Super Villain\n|-singleturn|p1b: The Super Villain|Protect\n|move|p2b: Scovillain|Flamethrower|p1a: Amoonguss\n|-supereffective|p1a: Amoonguss\n|-damage|p1a: Amoonguss|0 fnt\n|faint|p1a: Amoonguss\n|move|p2a: Torkoal|Earthquake|p1b: The Super Villain|[spread] p2b\n|-activate|p1b: The Super Villain|move: Protect\n|-damage|p2b: Scovillain|0 fnt\n|faint|p2b: Scovillain\n|\n|-weather|SunnyDay|[upkeep]\n|-ability|p1b: The Super Villain|Moody|boost\n|-boost|p1b: The Super Villain|spd|2\n|-unboost|p1b: The Super Villain|atk|1\n|upkeep\n|\n|t:|1683868255\n|switch|p2b: Flutter Mane|Flutter Mane, L50|100\/100\n|-activate|p2b: Flutter Mane|ability: Protosynthesis\n|-start|p2b: Flutter Mane|protosynthesisspa\n|turn|8\n|\n|t:|1683868267\n|move|p2b: Flutter Mane|Protect|p2b: Flutter Mane\n|-singleturn|p2b: Flutter Mane|Protect\n|move|p1b: The Super Villain|Giga Drain|p2b: Flutter Mane\n|-activate|p2b: Flutter Mane|move: Protect\n|move|p2a: Torkoal|Earthquake|p1b: The Super Villain|[spread] p1b\n|-activate|p2b: Flutter Mane|move: Protect\n|-end|p1b: The Super Villain|Substitute\n|\n|-weather|none\n|-end|p2b: Flutter Mane|Protosynthesis\n|-ability|p1b: The Super Villain|Moody|boost\n|-boost|p1b: The Super Villain|spa|2\n|-unboost|p1b: The Super Villain|def|1\n|upkeep\n|turn|9\n|\n|t:|1683868288\n|move|p1b: The Super Villain|Protect|p1b: The Super Villain\n|-singleturn|p1b: The Super Villain|Protect\n|move|p2b: Flutter Mane|Dazzling Gleam|p1b: The Super Villain\n|-activate|p1b: The Super Villain|move: Protect\n|move|p2a: Torkoal|Fire Blast|p1b: The Super Villain\n|-activate|p1b: The Super Villain|move: Protect\n|\n|-ability|p1b: The Super Villain|Moody|boost\n|-boost|p1b: The Super Villain|spd|2\n|-unboost|p1b: The Super Villain|spe|1\n|upkeep\n|turn|10\n|\n|t:|1683868307\n|move|p2b: Flutter Mane|Calm Mind|p2b: Flutter Mane\n|-boost|p2b: Flutter Mane|spa|1\n|-boost|p2b: Flutter Mane|spd|1\n|move|p1b: The Super Villain|Giga Drain|p2b: Flutter Mane\n|-damage|p2b: Flutter Mane|59\/100\n|move|p2a: Torkoal|Fire Blast|p1b: The Super Villain\n|-resisted|p1b: The Super Villain\n|-damage|p1b: The Super Villain|94\/100\n|\n|-heal|p1b: The Super Villain|99\/100|[from] item: Leftovers\n|-ability|p1b: The Super Villain|Moody|boost\n|-boost|p1b: The Super Villain|spa|2\n|-unboost|p1b: The Super Villain|def|1\n|upkeep\n|turn|11\n|\n|t:|1683868331\n|switch|p2a: Great Tusk|Great Tusk, L50|100\/100\n|-enditem|p2a: Great Tusk|Booster Energy\n|-activate|p2a: Great Tusk|ability: Protosynthesis|[fromitem]\n|-start|p2a: Great Tusk|protosynthesisatk\n|move|p2b: Flutter Mane|Dazzling Gleam|p1b: The Super Villain\n|-damage|p1b: The Super Villain|69\/100\n|move|p1b: The Super Villain|Giga Drain|p2b: Flutter Mane\n|-damage|p2b: Flutter Mane|0 fnt\n|-heal|p1b: The Super Villain|91\/100|[from] drain|[of] p2b: Flutter Mane\n|faint|p2b: Flutter Mane\n|-end|p2b: Flutter Mane|Protosynthesis|[silent]\n|\n|-heal|p1b: The Super Villain|97\/100|[from] item: Leftovers\n|-ability|p1b: The Super Villain|Moody|boost\n|-boost|p1b: The Super Villain|spe|2\n|-unboost|p1b: The Super Villain|def|1\n|upkeep\n|\n|t:|1683868347\n|switch|p2b: Torkoal|Torkoal, L50, F|100\/100\n|-weather|SunnyDay|[from] ability: Drought|[of] p2b: Torkoal\n|turn|12\n|\n|t:|1683868360\n|move|p1b: The Super Villain|Protect|p1b: The Super Villain\n|-singleturn|p1b: The Super Villain|Protect\n|move|p2a: Great Tusk|Substitute|p2a: Great Tusk\n|-start|p2a: Great Tusk|Substitute\n|-damage|p2a: Great Tusk|76\/100\n|move|p2b: Torkoal|Earthquake|p1b: The Super Villain|[spread] p2a\n|-activate|p1b: The Super Villain|move: Protect\n|-activate|p2a: Great Tusk|move: Substitute|[damage]\n|\n|-weather|SunnyDay|[upkeep]\n|-heal|p1b: The Super Villain|100\/100|[from] item: Leftovers\n|-ability|p1b: The Super Villain|Moody|boost\n|-boost|p1b: The Super Villain|atk|2\n|-unboost|p1b: The Super Villain|spd|1\n|upkeep\n|turn|13\n|\n|t:|1683868382\n|move|p1b: The Super Villain|Substitute|p1b: The Super Villain\n|-start|p1b: The Super Villain|Substitute\n|-damage|p1b: The Super Villain|75\/100\n|move|p2a: Great Tusk|Bulk Up|p2a: Great Tusk\n|-boost|p2a: Great Tusk|atk|1\n|-boost|p2a: Great Tusk|def|1\n|move|p2b: Torkoal|Earthquake|p1b: The Super Villain|[spread] p2a,p1b\n|-activate|p2a: Great Tusk|move: Substitute|[damage]\n|-activate|p1b: The Super Villain|move: Substitute|[damage]\n|\n|-weather|SunnyDay|[upkeep]\n|-heal|p1b: The Super Villain|81\/100|[from] item: Leftovers\n|-ability|p1b: The Super Villain|Moody|boost\n|-boost|p1b: The Super Villain|def|2\n|-unboost|p1b: The Super Villain|spd|1\n|upkeep\n|turn|14\n|\n|t:|1683868404\n|move|p1b: The Super Villain|Giga Drain|p2a: Great Tusk\n|-supereffective|p2a: Great Tusk\n|-end|p2a: Great Tusk|Substitute\n|-heal|p1b: The Super Villain|87\/100|[from] drain|[of] p2a: Great Tusk\n|move|p2a: Great Tusk|Bulk Up|p2a: Great Tusk\n|-boost|p2a: Great Tusk|atk|1\n|-boost|p2a: Great Tusk|def|1\n|move|p2b: Torkoal|Iron Defense|p2b: Torkoal\n|-boost|p2b: Torkoal|def|2\n|\n|-weather|SunnyDay|[upkeep]\n|-heal|p1b: The Super Villain|93\/100|[from] item: Leftovers\n|-ability|p1b: The Super Villain|Moody|boost\n|-boost|p1b: The Super Villain|spd|2\n|-unboost|p1b: The Super Villain|atk|1\n|upkeep\n|turn|15\n|inactive|bum.studio has 30 seconds left.\n|\n|t:|1683868438\n|move|p1b: The Super Villain|Giga Drain|p2a: Great Tusk\n|-supereffective|p2a: Great Tusk\n|-damage|p2a: Great Tusk|0 fnt\n|-heal|p1b: The Super Villain|100\/100|[from] drain|[of] p2a: Great Tusk\n|faint|p2a: Great Tusk\n|-end|p2a: Great Tusk|Protosynthesis|[silent]\n|move|p2b: Torkoal|Earthquake|p1b: The Super Villain\n|-activate|p1b: The Super Villain|move: Substitute|[damage]\n|\n|-weather|SunnyDay|[upkeep]\n|-ability|p1b: The Super Villain|Moody|boost\n|-boost|p1b: The Super Villain|spa|1\n|-unboost|p1b: The Super Villain|spd|1\n|upkeep\n|turn|16\n|\n|t:|1683868450\n|move|p1b: The Super Villain|Giga Drain|p2b: Torkoal\n|-resisted|p2b: Torkoal\n|-damage|p2b: Torkoal|32\/100\n|move|p2b: Torkoal|Earthquake|p1b: The Super Villain\n|-end|p1b: The Super Villain|Substitute\n|\n|-weather|SunnyDay|[upkeep]\n|-ability|p1b: The Super Villain|Moody|boost\n|-boost|p1b: The Super Villain|atk|2\n|-unboost|p1b: The Super Villain|def|1\n|upkeep\n|turn|17\n|c|\u2606GunGalione|Gg\n|\n|t:|1683868462\n|move|p1b: The Super Villain|Giga Drain|p2b: Torkoal\n|-resisted|p2b: Torkoal\n|-damage|p2b: Torkoal|0 fnt\n|faint|p2b: Torkoal\n|\n|win|GunGalione\n|raw|GunGalione's rating: 1000 → 1049<\/strong> (+49 for winning)\n|raw|bum.studio's rating: 1083 → 1055<\/strong> (-28 for losing)\n","uploadtime":1683868465,"views":9,"p1id":"gungalione","p2id":"bumstudio","formatid":"gen9vgc2023regulationc","rating":1049,"private":0,"password":""}