{"id":"gen9vgc2023regulationc-1847664965","p1":"ImLordKai","p2":"ErrorUnknown0395","format":"[Gen 9] VGC 2023 Regulation C","log":"|j|\u2606ImLordKai\n|j|\u2606ErrorUnknown0395\n|t:|1681989696\n|gametype|doubles\n|player|p1|ImLordKai|265|1153\n|player|p2|ErrorUnknown0395|unknown|1179\n|teamsize|p1|6\n|teamsize|p2|6\n|gen|9\n|tier|[Gen 9] VGC 2023 Regulation C\n|rated|\n|rule|Species Clause: Limit one of each Pok\u00e9mon\n|rule|Item Clause: Limit one of each item\n|clearpoke\n|poke|p1|Pelipper, L50, M|\n|poke|p1|Palafin, L50, F|\n|poke|p1|Beartic, L50, M|\n|poke|p1|Lumineon, L50, F|\n|poke|p1|Ting-Lu, L50|\n|poke|p1|Flutter Mane, L50|\n|poke|p2|Ting-Lu, L50|\n|poke|p2|Eelektross, L50, F|\n|poke|p2|Amoonguss, L50, M|\n|poke|p2|Hatterene, L50, F|\n|poke|p2|Kingambit, L50, F|\n|poke|p2|Slowking, L50, M|\n|teampreview|4\n|inactive|Battle timer is ON: inactive players will automatically lose when time's up. (requested by ImLordKai)\n|inactive|ErrorUnknown0395 has 60 seconds left.\n|inactive|ErrorUnknown0395 has 30 seconds left.\n|c|\u2606ImLordKai|?\n|inactive|ErrorUnknown0395 has 20 seconds left.\n|inactive|ErrorUnknown0395 has 15 seconds left.\n|inactive|ErrorUnknown0395 has 10 seconds left.\n|\n|t:|1681989780\n|start\n|switch|p1a: Ting-Lu|Ting-Lu, L50|100\/100\n|switch|p1b: Palafin|Palafin, L50, F|100\/100\n|switch|p2a: Slowking|Slowking, L50, M|100\/100\n|switch|p2b: Ting-Lu|Ting-Lu, L50|100\/100\n|-ability|p1a: Ting-Lu|Vessel of Ruin\n|-ability|p2b: Ting-Lu|Vessel of Ruin\n|turn|1\n|inactive|ImLordKai has 30 seconds left.\n|inactive|ErrorUnknown0395 has 30 seconds left.\n|inactive|ImLordKai has 20 seconds left.\n|\n|t:|1681989816\n|move|p1b: Palafin|Flip Turn|p1a: Ting-Lu\n|-supereffective|p1a: Ting-Lu\n|-damage|p1a: Ting-Lu|70\/100\n|-enditem|p1a: Ting-Lu|Weakness Policy\n|-boost|p1a: Ting-Lu|atk|2|[from] item: Weakness Policy\n|-boost|p1a: Ting-Lu|spa|2|[from] item: Weakness Policy\n|\n|t:|1681989822\n|detailschange|p1b: Palafin|Palafin-Hero, L50, F\n|switch|p1b: Pelipper|Pelipper, L50, M|100\/100|[from] Flip Turn\n|-weather|RainDance|[from] ability: Drizzle|[of] p1b: Pelipper\n|move|p1a: Ting-Lu|Earthquake|p2a: Slowking|[spread] p2a,p2b\n|-immune|p1b: Pelipper\n|-damage|p2a: Slowking|17\/100\n|-damage|p2b: Ting-Lu|57\/100\n|move|p2b: Ting-Lu|Ruination|p1a: Ting-Lu\n|-damage|p1a: Ting-Lu|35\/100\n|move|p2a: Slowking|Trick Room|p2a: Slowking\n|-fieldstart|move: Trick Room|[of] p2a: Slowking\n|\n|-weather|RainDance|[upkeep]\n|upkeep\n|turn|2\n|inactive|ImLordKai has 30 seconds left.\n|inactive|ErrorUnknown0395 has 30 seconds left.\n|inactive|ErrorUnknown0395 has 20 seconds left.\n|inactive|ErrorUnknown0395 has 15 seconds left.\n|\n|t:|1681989865\n|switch|p2a: Eelektross|Eelektross, L50, F|100\/100\n|switch|p2b: Amoonguss|Amoonguss, L50, M, shiny|100\/100\n|-enditem|p2b: Amoonguss|Room Service\n|-unboost|p2b: Amoonguss|spe|1|[from] item: Room Service\n|move|p1a: Ting-Lu|Earthquake|p2a: Eelektross|[spread] p2b\n|-immune|p1b: Pelipper\n|-immune|p2a: Eelektross|[from] ability: Levitate\n|-damage|p2b: Amoonguss|39\/100\n|move|p1b: Pelipper|Hurricane|p2a: Eelektross\n|-resisted|p2a: Eelektross\n|-damage|p2a: Eelektross|86\/100\n|-start|p2a: Eelektross|confusion\n|\n|-weather|RainDance|[upkeep]\n|upkeep\n|turn|3\n|inactive|ImLordKai has 30 seconds left.\n|inactive|ErrorUnknown0395 has 30 seconds left.\n|\n|t:|1681989897\n|-terastallize|p2b: Amoonguss|Normal\n|move|p2b: Amoonguss|Spore|p1a: Ting-Lu\n|-status|p1a: Ting-Lu|slp|[from] move: Spore\n|-activate|p2a: Eelektross|confusion\n|move|p2a: Eelektross|Thunderbolt|p1b: Pelipper\n|-supereffective|p1b: Pelipper\n|-enditem|p1b: Pelipper|Focus Sash\n|-damage|p1b: Pelipper|1\/100\n|cant|p1a: Ting-Lu|slp\n|move|p1b: Pelipper|Hurricane|p2b: Amoonguss\n|-damage|p2b: Amoonguss|13\/100\n|\n|-weather|RainDance|[upkeep]\n|upkeep\n|turn|4\n|\n|t:|1681989922\n|switch|p2b: Slowking|Slowking, L50, M|50\/100\n|move|p1b: Pelipper|Protect|p1b: Pelipper\n|-singleturn|p1b: Pelipper|Protect\n|-activate|p2a: Eelektross|confusion\n|-damage|p2a: Eelektross|74\/100|[from] confusion\n|-curestatus|p1a: Ting-Lu|slp|[msg]\n|move|p1a: Ting-Lu|Earthquake|p2a: Eelektross|[spread] p2b\n|-activate|p1b: Pelipper|move: Protect\n|-immune|p2a: Eelektross|[from] ability: Levitate\n|-damage|p2b: Slowking|0 fnt\n|faint|p2b: Slowking\n|\n|-weather|RainDance|[upkeep]\n|upkeep\n|\n|t:|1681989942\n|switch|p2b: Amoonguss|Amoonguss, L50, M, shiny, tera:Normal|46\/100\n|turn|5\n|\n|t:|1681989959\n|-terastallize|p1a: Ting-Lu|Grass\n|move|p2b: Amoonguss|Spore|p1a: Ting-Lu\n|-immune|p1a: Ting-Lu\n|-activate|p2a: Eelektross|confusion\n|move|p2a: Eelektross|Thunderbolt|p1b: Pelipper\n|-supereffective|p1b: Pelipper\n|-crit|p1b: Pelipper\n|-damage|p1b: Pelipper|0 fnt\n|faint|p1b: Pelipper\n|move|p1a: Ting-Lu|Earthquake|p2b: Amoonguss|[spread] p2b\n|-immune|p2a: Eelektross|[from] ability: Levitate\n|-damage|p2b: Amoonguss|0 fnt\n|faint|p2b: Amoonguss\n|\n|-weather|none\n|-fieldend|move: Trick Room\n|upkeep\n|\n|t:|1681989976\n|switch|p1b: Beartic|Beartic, L50, M|100\/100\n|switch|p2b: Ting-Lu|Ting-Lu, L50|57\/100\n|-ability|p2b: Ting-Lu|Vessel of Ruin\n|turn|6\n|inactive|ImLordKai has 30 seconds left.\n|\n|t:|1681990005\n|move|p1b: Beartic|Play Rough|p2b: Ting-Lu\n|-supereffective|p2b: Ting-Lu\n|-damage|p2b: Ting-Lu|10\/100\n|-unboost|p2b: Ting-Lu|atk|1\n|move|p1a: Ting-Lu|Rock Slide|p2a: Eelektross|[spread] p2a,p2b\n|-resisted|p2b: Ting-Lu\n|-damage|p2a: Eelektross|33\/100\n|-damage|p2b: Ting-Lu|0 fnt\n|faint|p2b: Ting-Lu\n|cant|p2a: Eelektross|flinch\n|\n|upkeep\n|turn|7\n|-message|ErrorUnknown0395 forfeited.\n|\n|win|ImLordKai\n|raw|ImLordKai's rating: 1153 → 1180<\/strong> (+27 for winning)\n|raw|ErrorUnknown0395's rating: 1179 → 1152<\/strong> (-27 for losing)\n|l|\u2606ErrorUnknown0395\n","uploadtime":1681990028,"views":10,"p1id":"imlordkai","p2id":"errorunknown0395","formatid":"gen9vgc2023regulationc","rating":1152,"private":0,"password":""}