{"id":"gen9vgc2023regulationc-1862885900","p1":"haosuia","p2":"DarthIgnus","format":"[Gen 9] VGC 2023 Regulation C","log":"|j|\u2606haosuia\n|j|\u2606DarthIgnus\n|t:|1683933785\n|gametype|doubles\n|player|p1|haosuia|266|1239\n|player|p2|DarthIgnus|dragontamer|1328\n|teamsize|p1|6\n|teamsize|p2|6\n|gen|9\n|tier|[Gen 9] VGC 2023 Regulation C\n|rated|\n|rule|Species Clause: Limit one of each Pok\u00e9mon\n|rule|Item Clause: Limit one of each item\n|clearpoke\n|poke|p1|Chi-Yu, L50|\n|poke|p1|Murkrow, L50, F|\n|poke|p1|Flutter Mane, L50|\n|poke|p1|Indeedee-F, L50, F|\n|poke|p1|Great Tusk, L50|\n|poke|p1|Corviknight, L50, F|\n|poke|p2|Chi-Yu, L50|\n|poke|p2|Flutter Mane, L50|\n|poke|p2|Tauros-Paldea-Aqua, L50, M|\n|poke|p2|Amoonguss, L50, M|\n|poke|p2|Corviknight, L50, M|\n|poke|p2|Garchomp, L50, F|\n|teampreview|4\nDarthIgnus has agreed to open team sheets.\n|\n|t:|1683933828\n|start\n|switch|p1a: Corviknight|Corviknight, L50, F|100\/100\n|switch|p1b: Indeedee|Indeedee-F, L50, F|100\/100\n|switch|p2a: Chi-Yu|Chi-Yu, L50|100\/100\n|switch|p2b: Flutter Mane|Flutter Mane, L50|100\/100\n|-ability|p2a: Chi-Yu|Beads of Ruin\n|-fieldstart|move: Psychic Terrain|[from] ability: Psychic Surge|[of] p1b: Indeedee\n|-enditem|p2b: Flutter Mane|Booster Energy\n|-activate|p2b: Flutter Mane|ability: Protosynthesis|[fromitem]\n|-start|p2b: Flutter Mane|protosynthesisspa\n|turn|1\n|\n|t:|1683933862\n|-terastallize|p1a: Corviknight|Fire\n|move|p2b: Flutter Mane|Protect|p2b: Flutter Mane\n|-singleturn|p2b: Flutter Mane|Protect\n|move|p2a: Chi-Yu|Flamethrower|p1a: Corviknight\n|-resisted|p1a: Corviknight\n|-damage|p1a: Corviknight|70\/100\n|move|p1a: Corviknight|Brave Bird|p2b: Flutter Mane\n|-activate|p2b: Flutter Mane|move: Protect\n|move|p1b: Indeedee|Trick Room|p1b: Indeedee\n|-fieldstart|move: Trick Room|[of] p1b: Indeedee\n|\n|upkeep\n|turn|2\n|\n|t:|1683933888\n|-end|p2b: Flutter Mane|Protosynthesis|[silent]\n|switch|p2b: Corviknight|Corviknight, L50, M|100\/100\n|move|p1a: Corviknight|Brave Bird|p2b: Corviknight\n|-resisted|p2b: Corviknight\n|-damage|p2b: Corviknight|82\/100\n|-damage|p1a: Corviknight|64\/100|[from] Recoil\n|move|p1b: Indeedee|Psychic|p2b: Corviknight\n|-resisted|p2b: Corviknight\n|-damage|p2b: Corviknight|59\/100\n|move|p2a: Chi-Yu|Snarl|p1a: Corviknight|[spread] p1a,p1b\n|-supereffective|p1b: Indeedee\n|-damage|p1a: Corviknight|35\/100\n|-damage|p1b: Indeedee|46\/100\n|-ability|p1a: Corviknight|Mirror Armor\n|-unboost|p2a: Chi-Yu|spa|1\n|-unboost|p1b: Indeedee|spa|1\n|-enditem|p1a: Corviknight|Sitrus Berry|[eat]\n|-heal|p1a: Corviknight|60\/100|[from] item: Sitrus Berry\n|\n|upkeep\n|turn|3\n|\n|t:|1683933916\n|move|p2b: Corviknight|Roost|p2b: Corviknight\n|-heal|p2b: Corviknight|100\/100\n|-singleturn|p2b: Corviknight|move: Roost\n|move|p1a: Corviknight|Brave Bird|p2a: Chi-Yu\n|-damage|p2a: Chi-Yu|48\/100\n|-damage|p1a: Corviknight|46\/100|[from] Recoil\n|move|p1b: Indeedee|Psychic|p2b: Corviknight\n|-resisted|p2b: Corviknight\n|-damage|p2b: Corviknight|84\/100\n|move|p2a: Chi-Yu|Dark Pulse|p1b: Indeedee\n|-supereffective|p1b: Indeedee\n|-damage|p1b: Indeedee|0 fnt\n|faint|p1b: Indeedee\n|\n|upkeep\n|\n|t:|1683933931\n|switch|p1b: Murkrow|Murkrow, L50, F|100\/100\n|turn|4\n|\n|t:|1683933944\n|switch|p2a: Garchomp|Garchomp, L50, F|100\/100\n|move|p2b: Corviknight|Brave Bird|p1a: Corviknight\n|-damage|p1a: Corviknight|12\/100\n|-damage|p2b: Corviknight|73\/100|[from] Recoil\n|move|p1a: Corviknight|Roost|p1a: Corviknight\n|-heal|p1a: Corviknight|62\/100\n|move|p1b: Murkrow|Foul Play|p2b: Corviknight\n|-damage|p2b: Corviknight|48\/100\n|\n|upkeep\n|turn|5\n|\n|t:|1683933983\n|switch|p2b: Flutter Mane|Flutter Mane, L50|100\/100\n|move|p2a: Garchomp|Protect|p2a: Garchomp\n|-singleturn|p2a: Garchomp|Protect\n|move|p1a: Corviknight|Bulk Up|p1a: Corviknight\n|-boost|p1a: Corviknight|atk|1\n|-boost|p1a: Corviknight|def|1\n|move|p1b: Murkrow|Foul Play|p2a: Garchomp\n|-activate|p2a: Garchomp|move: Protect\n|\n|-fieldend|move: Trick Room\n|-fieldend|move: Psychic Terrain\n|upkeep\n|turn|6\n|\n|t:|1683934003\n|move|p2b: Flutter Mane|Protect|p2b: Flutter Mane\n|-singleturn|p2b: Flutter Mane|Protect\n|move|p1b: Murkrow|Tailwind|p1b: Murkrow\n|-sidestart|p1: haosuia|move: Tailwind\n|move|p1a: Corviknight|Brave Bird|p2b: Flutter Mane\n|-activate|p2b: Flutter Mane|move: Protect\n|move|p2a: Garchomp|Earthquake|p1a: Corviknight|[spread] p1a\n|-activate|p2b: Flutter Mane|move: Protect\n|-immune|p1b: Murkrow\n|-supereffective|p1a: Corviknight\n|-damage|p1a: Corviknight|12\/100\n|-damage|p2a: Garchomp|91\/100|[from] item: Life Orb\n|\n|upkeep\n|turn|7\n|\n|t:|1683934038\n|-end|p2b: Flutter Mane|Protosynthesis|[silent]\n|switch|p2b: Corviknight|Corviknight, L50, M|48\/100\n|move|p1b: Murkrow|Foul Play|p2b: Corviknight\n|-damage|p2b: Corviknight|20\/100\n|move|p1a: Corviknight|Brave Bird|p2b: Corviknight\n|-resisted|p2b: Corviknight\n|-damage|p2b: Corviknight|0 fnt\n|faint|p2b: Corviknight\n|-damage|p1a: Corviknight|5\/100|[from] Recoil\n|move|p2a: Garchomp|Earthquake|p1b: Murkrow|[spread] p1a\n|-immune|p1b: Murkrow\n|-supereffective|p1a: Corviknight\n|-damage|p1a: Corviknight|0 fnt\n|faint|p1a: Corviknight\n|-damage|p2a: Garchomp|81\/100|[from] item: Life Orb\n|\n|upkeep\n|\n|t:|1683934054\n|switch|p1a: Flutter Mane|Flutter Mane, L50|100\/100\n|switch|p2b: Chi-Yu|Chi-Yu, L50|48\/100\n|-ability|p2b: Chi-Yu|Beads of Ruin\n|turn|8\n|\n|t:|1683934080\n|move|p1a: Flutter Mane|Dazzling Gleam|p2a: Garchomp|[spread] p2a,p2b\n|-supereffective|p2a: Garchomp\n|-damage|p2a: Garchomp|0 fnt\n|-damage|p2b: Chi-Yu|23\/100\n|faint|p2a: Garchomp\n|move|p1b: Murkrow|Foul Play|p2b: Chi-Yu\n|-resisted|p2b: Chi-Yu\n|-damage|p2b: Chi-Yu|12\/100\n|move|p2b: Chi-Yu|Flamethrower|p1b: Murkrow\n|-damage|p1b: Murkrow|37\/100\n|\n|upkeep\n|\n|t:|1683934090\n|switch|p2a: Flutter Mane|Flutter Mane, L50|100\/100\n|turn|9\n|\n|t:|1683934100\n|move|p2a: Flutter Mane|Protect|p2a: Flutter Mane\n|-singleturn|p2a: Flutter Mane|Protect\n|move|p1a: Flutter Mane|Dazzling Gleam|p2a: Flutter Mane|[spread] p2b\n|-activate|p2a: Flutter Mane|move: Protect\n|-damage|p2b: Chi-Yu|0 fnt\n|faint|p2b: Chi-Yu\n|move|p1b: Murkrow|Foul Play|p2a: Flutter Mane\n|-activate|p2a: Flutter Mane|move: Protect\n|\n|-sideend|p1: haosuia|move: Tailwind\n|upkeep\n|turn|10\n|\n|t:|1683934114\n|-terastallize|p2a: Flutter Mane|Fairy\n|move|p1b: Murkrow|Tailwind|p1b: Murkrow\n|-sidestart|p1: haosuia|move: Tailwind\n|move|p1a: Flutter Mane|Dazzling Gleam|p2a: Flutter Mane\n|-damage|p2a: Flutter Mane|39\/100\n|move|p2a: Flutter Mane|Shadow Ball|p1a: Flutter Mane\n|-supereffective|p1a: Flutter Mane\n|-damage|p1a: Flutter Mane|15\/100\n|\n|upkeep\n|turn|11\n|\n|t:|1683934130\n|move|p1a: Flutter Mane|Dazzling Gleam|p2a: Flutter Mane\n|-damage|p2a: Flutter Mane|0 fnt\n|faint|p2a: Flutter Mane\n|-end|p2a: Flutter Mane|Protosynthesis|[silent]\n|\n|win|haosuia\n|raw|haosuia's rating: 1239 → 1270<\/strong> (+31 for winning)\n|raw|DarthIgnus's rating: 1328 → 1303<\/strong> (-25 for losing)\n","uploadtime":1683934136,"views":9,"p1id":"haosuia","p2id":"darthignus","formatid":"gen9vgc2023regulationc","rating":1270,"private":0,"password":""}