{"id":"gen9vgc2023regulationc-1854561043","p1":"blakesherm","p2":"NayeonPopbestidol","format":"[Gen 9] VGC 2023 Regulation C","log":"|j|\u2606blakesherm\n|j|\u2606NayeonPopbestidol\n|t:|1682827185\n|gametype|doubles\n|player|p1|blakesherm|crasherwake|1255\n|player|p2|NayeonPopbestidol|acetrainerf|1344\n|teamsize|p1|6\n|teamsize|p2|6\n|gen|9\n|tier|[Gen 9] VGC 2023 Regulation C\n|rated|\n|rule|Species Clause: Limit one of each Pok\u00e9mon\n|rule|Item Clause: Limit one of each item\n|clearpoke\n|poke|p1|Palafin, L50, F|\n|poke|p1|Chien-Pao, L50|\n|poke|p1|Dragapult, L50, M|\n|poke|p1|Amoonguss, L50, F|\n|poke|p1|Arcanine, L50, F|\n|poke|p1|Flutter Mane, L50|\n|poke|p2|Talonflame, L50, M|\n|poke|p2|Garchomp, L50, M|\n|poke|p2|Flutter Mane, L50|\n|poke|p2|Iron Bundle, L50|\n|poke|p2|Amoonguss, L50, M|\n|poke|p2|Kingambit, L50, M|\n|teampreview|4\n|\n|t:|1682827220\n|start\n|switch|p1a: Dnite|Dragapult, L50, M|100\/100\n|switch|p1b: Bundle|Chien-Pao, L50|100\/100\n|switch|p2a: Bahamuth|Garchomp, L50, M|100\/100\n|switch|p2b: Levi|Iron Bundle, L50|100\/100\n|-ability|p1b: Bundle|Sword of Ruin\n|-enditem|p2b: Levi|Booster Energy\n|-activate|p2b: Levi|ability: Quark Drive|[fromitem]\n|-start|p2b: Levi|quarkdrivespe\n|turn|1\n|\n|t:|1682827239\n|-terastallize|p1a: Dnite|Steel\n|-terastallize|p2a: Bahamuth|Fire\n|move|p1b: Bundle|Sucker Punch|p2b: Levi\n|-damage|p2b: Levi|44\/100\n|move|p2b: Levi|Icy Wind|p1a: Dnite|[spread] p1a,p1b\n|-resisted|p1a: Dnite\n|-resisted|p1b: Bundle\n|-damage|p1a: Dnite|87\/100\n|-damage|p1b: Bundle|85\/100\n|-unboost|p1b: Bundle|spe|1\n|move|p1a: Dnite|Dragon Darts|p2a: Bahamuth\n|-damage|p2a: Bahamuth|54\/100\n|-anim|p1a: Dnite|Dragon Darts|p2b: Levi\n|-damage|p2b: Levi|0 fnt\n|faint|p2b: Levi\n|-end|p2b: Levi|Quark Drive|[silent]\n|move|p2a: Bahamuth|Dragon Claw|p1b: Bundle\n|-damage|p1b: Bundle|5\/100\n|-damage|p2a: Bahamuth|44\/100|[from] item: Life Orb\n|\n|upkeep\n|\n|t:|1682827262\n|switch|p2b: Katana-Man|Kingambit, L50, M|100\/100\n|turn|2\n|\n|t:|1682827284\n|move|p2a: Bahamuth|Protect|p2a: Bahamuth\n|-singleturn|p2a: Bahamuth|Protect\n|move|p1b: Bundle|Protect|p1b: Bundle\n|-singleturn|p1b: Bundle|Protect\n|move|p1a: Dnite|Dragon Darts|p2b: Katana-Man\n|-resisted|p2b: Katana-Man\n|-damage|p2b: Katana-Man|83\/100\n|-anim|p1a: Dnite|Dragon Darts|p2b: Katana-Man\n|-resisted|p2b: Katana-Man\n|-damage|p2b: Katana-Man|65\/100\n|move|p2b: Katana-Man|Assurance|p1a: Dnite\n|-damage|p1a: Dnite|21\/100\n|\n|upkeep\n|turn|3\n|\n|t:|1682827301\n|move|p2b: Katana-Man|Sucker Punch|p1a: Dnite\n|-damage|p1a: Dnite|0 fnt\n|faint|p1a: Dnite\n|move|p2a: Bahamuth|Dragon Claw|p1b: Bundle\n|-damage|p1b: Bundle|0 fnt\n|faint|p1b: Bundle\n|-damage|p2a: Bahamuth|35\/100|[from] item: Life Orb\n|\n|upkeep\n|\n|t:|1682827308\n|switch|p1a: WoChien|Amoonguss, L50, F|100\/100\n|switch|p1b: Mimi|Flutter Mane, L50|100\/100\n|-enditem|p1b: Mimi|Booster Energy\n|-activate|p1b: Mimi|ability: Protosynthesis|[fromitem]\n|-start|p1b: Mimi|protosynthesisspa\n|turn|4\n|\n|t:|1682827322\n|move|p2a: Bahamuth|Protect|p2a: Bahamuth\n|-singleturn|p2a: Bahamuth|Protect\n|move|p1b: Mimi|Dazzling Gleam|p2b: Katana-Man|[spread] p2b\n|-activate|p2a: Bahamuth|move: Protect\n|-damage|p2b: Katana-Man|38\/100\n|move|p2b: Katana-Man|Iron Head|p1b: Mimi\n|-supereffective|p1b: Mimi\n|-damage|p1b: Mimi|0 fnt\n|faint|p1b: Mimi\n|-end|p1b: Mimi|Protosynthesis|[silent]\n|move|p1a: WoChien|Pollen Puff|p1: Mimi|[notarget]\n|-fail|p1a: WoChien\n|\n|upkeep\n|turn|5\n|l|\u2606blakesherm\n|player|p1|\n|inactive|Battle timer is ON: inactive players will automatically lose when time's up. (requested by NayeonPopbestidol)\n|inactive|blakesherm has 30 seconds to reconnect!\n|inactive|blakesherm has 20 seconds to reconnect!\n|inactive|blakesherm has 15 seconds to reconnect!\n|inactive|blakesherm has 10 seconds to reconnect!\n|inactive|blakesherm has 5 seconds to reconnect!\n|-message|blakesherm lost due to inactivity.\n|\n|win|NayeonPopbestidol\n|raw|blakesherm's rating: 1255 → 1236<\/strong> (-19 for losing)\n|raw|NayeonPopbestidol's rating: 1344 → 1359<\/strong> (+15 for winning)\n","uploadtime":1682827454,"views":12,"p1id":"blakesherm","p2id":"nayeonpopbestidol","formatid":"gen9vgc2023regulationc","rating":1236,"private":0,"password":""}