{"id":"gen9vgc2023regulationc-1856560871","p1":"goosemaid","p2":"yatuhasikotone","format":"[Gen 9] VGC 2023 Regulation C","log":"|j|\u2606goosemaid\n|j|\u2606yatuhasikotone\n|t:|1683075899\n|gametype|doubles\n|player|p1|goosemaid|benga|1049\n|player|p2|yatuhasikotone|marnie-masters2|1090\n|teamsize|p1|6\n|teamsize|p2|6\n|gen|9\n|tier|[Gen 9] VGC 2023 Regulation C\n|rated|\n|rule|Species Clause: Limit one of each Pok\u00e9mon\n|rule|Item Clause: Limit one of each item\n|clearpoke\n|poke|p1|Orthworm, L50, F|\n|poke|p1|Corviknight, L50, M|\n|poke|p1|Meowscarada, L50, F|\n|poke|p1|Rotom-Wash, L50|\n|poke|p1|Chien-Pao, L50|\n|poke|p1|Flutter Mane, L50|\n|poke|p2|Oranguru, L50, M|\n|poke|p2|Brute Bonnet, L50|\n|poke|p2|Iron Bundle, L50|\n|poke|p2|Iron Hands, L50|\n|poke|p2|Indeedee-F, L50, F|\n|poke|p2|Flutter Mane, L50|\n|teampreview|4\n|inactive|Battle timer is ON: inactive players will automatically lose when time's up. (requested by goosemaid)\n|\n|t:|1683075915\n|start\n|switch|p1a: Orthworm|Orthworm, L50, F|100\/100\n|switch|p1b: Corviknight|Corviknight, L50, M, shiny|100\/100\n|switch|p2a: \u305f\u3060\u306e\u8133\u7b4b\uff11|Brute Bonnet, L50, shiny|100\/100\n|switch|p2b: \u8ecd\u5e2b\uff08\uff09|Oranguru, L50, M, shiny|100\/100\n|-enditem|p2a: \u305f\u3060\u306e\u8133\u7b4b\uff11|Booster Energy\n|-activate|p2b: \u8ecd\u5e2b\uff08\uff09|ability: Symbiosis|Weakness Policy|[of] p2a: \u305f\u3060\u306e\u8133\u7b4b\uff11\n|-activate|p2a: \u305f\u3060\u306e\u8133\u7b4b\uff11|ability: Protosynthesis|[fromitem]\n|-start|p2a: \u305f\u3060\u306e\u8133\u7b4b\uff11|protosynthesisatk\n|turn|1\n|\n|t:|1683075939\n|move|p2a: \u305f\u3060\u306e\u8133\u7b4b\uff11|Protect|p2a: \u305f\u3060\u306e\u8133\u7b4b\uff11\n|-singleturn|p2a: \u305f\u3060\u306e\u8133\u7b4b\uff11|Protect\n|move|p1b: Corviknight|Taunt|p2b: \u8ecd\u5e2b\uff08\uff09\n|-start|p2b: \u8ecd\u5e2b\uff08\uff09|move: Taunt\n|move|p1a: Orthworm|Shed Tail|p1a: Orthworm\n|-start|p1a: Orthworm|Substitute|[from] move: Shed Tail\n|-damage|p1a: Orthworm|50\/100\n|-enditem|p1a: Orthworm|Sitrus Berry|[eat]\n|-heal|p1a: Orthworm|75\/100|[from] item: Sitrus Berry\n|\n|t:|1683075952\n|switch|p1a: Chien-Pao|Chien-Pao, L50|100\/100|[from] Shed Tail\n|-ability|p1a: Chien-Pao|Sword of Ruin\n|cant|p2b: \u8ecd\u5e2b\uff08\uff09|move: Taunt|Trick Room\n|\n|upkeep\n|turn|2\n|\n|t:|1683075967\n|-terastallize|p2a: \u305f\u3060\u306e\u8133\u7b4b\uff11|Fire\n|move|p1a: Chien-Pao|Throat Chop|p2b: \u8ecd\u5e2b\uff08\uff09\n|-supereffective|p2b: \u8ecd\u5e2b\uff08\uff09\n|-damage|p2b: \u8ecd\u5e2b\uff08\uff09|17\/100\n|-start|p2b: \u8ecd\u5e2b\uff08\uff09|Throat Chop|[silent]\n|move|p1b: Corviknight|Brave Bird|p2a: \u305f\u3060\u306e\u8133\u7b4b\uff11\n|-damage|p2a: \u305f\u3060\u306e\u8133\u7b4b\uff11|49\/100\n|-damage|p1b: Corviknight|83\/100|[from] Recoil\n|move|p2a: \u305f\u3060\u306e\u8133\u7b4b\uff11|Tera Blast|p1a: Chien-Pao\n|-supereffective|p1a: Chien-Pao\n|-end|p1a: Chien-Pao|Substitute\n|move|p2b: \u8ecd\u5e2b\uff08\uff09|Bulldoze|p1a: Chien-Pao|[spread] p2a,p1a\n|-immune|p1b: Corviknight\n|-supereffective|p2a: \u305f\u3060\u306e\u8133\u7b4b\uff11\n|-damage|p2a: \u305f\u3060\u306e\u8133\u7b4b\uff11|34\/100\n|-damage|p1a: Chien-Pao|93\/100\n|-unboost|p2a: \u305f\u3060\u306e\u8133\u7b4b\uff11|spe|1\n|-unboost|p1a: Chien-Pao|spe|1\n|-enditem|p2a: \u305f\u3060\u306e\u8133\u7b4b\uff11|Weakness Policy\n|-boost|p2a: \u305f\u3060\u306e\u8133\u7b4b\uff11|atk|2|[from] item: Weakness Policy\n|-boost|p2a: \u305f\u3060\u306e\u8133\u7b4b\uff11|spa|2|[from] item: Weakness Policy\n|\n|upkeep\n|turn|3\n|inactive|goosemaid has 30 seconds left.\n|inactive|yatuhasikotone has 30 seconds left.\n|\n|t:|1683075996\n|switch|p2b: \u7fbd\u3070\u305f\u304f\u795e|Flutter Mane, L50, shiny|100\/100\n|move|p2a: \u305f\u3060\u306e\u8133\u7b4b\uff11|Protect|p2a: \u305f\u3060\u306e\u8133\u7b4b\uff11\n|-singleturn|p2a: \u305f\u3060\u306e\u8133\u7b4b\uff11|Protect\n|move|p1a: Chien-Pao|Throat Chop|p2b: \u7fbd\u3070\u305f\u304f\u795e\n|-damage|p2b: \u7fbd\u3070\u305f\u304f\u795e|0 fnt\n|faint|p2b: \u7fbd\u3070\u305f\u304f\u795e\n|-end|p2b: \u7fbd\u3070\u305f\u304f\u795e|Protosynthesis|[silent]\n|move|p1b: Corviknight|Brave Bird|p2a: \u305f\u3060\u306e\u8133\u7b4b\uff11\n|-activate|p2a: \u305f\u3060\u306e\u8133\u7b4b\uff11|move: Protect\n|\n|upkeep\n|\n|t:|1683076008\n|switch|p2b: \u305f\u3060\u306e\u8133\u7b4b\uff12|Iron Hands, L50|100\/100\n|turn|4\n|\n|t:|1683076021\n|-terastallize|p1a: Chien-Pao|Flying\n|move|p1a: Chien-Pao|Acrobatics|p2b: \u305f\u3060\u306e\u8133\u7b4b\uff12\n|-damage|p2b: \u305f\u3060\u306e\u8133\u7b4b\uff12|69\/100\n|move|p1b: Corviknight|Brave Bird|p2a: \u305f\u3060\u306e\u8133\u7b4b\uff11\n|-damage|p2a: \u305f\u3060\u306e\u8133\u7b4b\uff11|0 fnt\n|faint|p2a: \u305f\u3060\u306e\u8133\u7b4b\uff11\n|-end|p2a: \u305f\u3060\u306e\u8133\u7b4b\uff11|Protosynthesis|[silent]\n|-damage|p1b: Corviknight|72\/100|[from] Recoil\n|move|p2b: \u305f\u3060\u306e\u8133\u7b4b\uff12|Wild Charge|p1b: Corviknight\n|-supereffective|p1b: Corviknight\n|-damage|p1b: Corviknight|0 fnt\n|faint|p1b: Corviknight\n|-damage|p2b: \u305f\u3060\u306e\u8133\u7b4b\uff12|54\/100|[from] Recoil\n|\n|upkeep\n|\n|t:|1683076042\n|switch|p1b: Flutter Mane|Flutter Mane, L50|100\/100\n|switch|p2a: \u8ecd\u5e2b\uff08\uff09|Oranguru, L50, M, shiny|17\/100\n|turn|5\n|\n|t:|1683076054\n|move|p1b: Flutter Mane|Moonblast|p2b: \u305f\u3060\u306e\u8133\u7b4b\uff12\n|-supereffective|p2b: \u305f\u3060\u306e\u8133\u7b4b\uff12\n|-damage|p2b: \u305f\u3060\u306e\u8133\u7b4b\uff12|0 fnt\n|faint|p2b: \u305f\u3060\u306e\u8133\u7b4b\uff12\n|-end|p2b: \u305f\u3060\u306e\u8133\u7b4b\uff12|Quark Drive|[silent]\n|move|p1a: Chien-Pao|Throat Chop|p2a: \u8ecd\u5e2b\uff08\uff09\n|-supereffective|p2a: \u8ecd\u5e2b\uff08\uff09\n|-damage|p2a: \u8ecd\u5e2b\uff08\uff09|0 fnt\n|faint|p2a: \u8ecd\u5e2b\uff08\uff09\n|\n|win|goosemaid\n|raw|goosemaid's rating: 1049 → 1085<\/strong> (+36 for winning)\n|raw|yatuhasikotone's rating: 1090 → 1064<\/strong> (-26 for losing)\n|l|\u2606yatuhasikotone\n","uploadtime":1683076068,"views":12,"p1id":"goosemaid","p2id":"yatuhasikotone","formatid":"gen9vgc2023regulationc","rating":1064,"private":0,"password":""}