{"id":"gen9vgc2023regulationc-1845942177","p1":"Moonlight Flutter","p2":"christian_hvn","format":"[Gen 9] VGC 2023 Regulation C","log":"|j|\u2606Moonlight Flutter\n|j|\u2606christian_hvn\n|t:|1681781940\n|gametype|doubles\n|player|p1|Moonlight Flutter|dawn-masters2|\n|player|p2|christian_hvn|marley|\n|teamsize|p1|6\n|teamsize|p2|6\n|gen|9\n|tier|[Gen 9] VGC 2023 Regulation C\n|rule|Species Clause: Limit one of each Pok\u00e9mon\n|rule|Item Clause: Limit one of each item\n|clearpoke\n|poke|p1|Flutter Mane, L50|\n|poke|p1|Chi-Yu, L50|\n|poke|p1|Meowscarada, L50, M|\n|poke|p1|Gyarados, L50, M|\n|poke|p1|Baxcalibur, L50, F|\n|poke|p1|Corviknight, L50, M|\n|poke|p2|Flutter Mane, L50|\n|poke|p2|Chi-Yu, L50|\n|poke|p2|Iron Bundle, L50|\n|poke|p2|Amoonguss, L50, F|\n|poke|p2|Palafin, L50, M|\n|poke|p2|Iron Hands, L50|\n|teampreview|4\n|c|\u2606Moonlight Flutter|glhf\nchristian_hvn has agreed to open team sheets.\nMoonlight Flutter has agreed to open team sheets.\n|j| Bambambi\n|c|\u2606christian_hvn|u2\n|l| Bambambi\n|j| AndrwApple\n|j| Bambambi\n|\n|t:|1681782005\n|start\n|switch|p1a: Baxcalibur|Baxcalibur, L50, F|100\/100\n|switch|p1b: Corviknight|Corviknight, L50, M|100\/100\n|switch|p2a: flutter ya mane|Flutter Mane, L50|100\/100\n|switch|p2b: LOVE BETRAYAL|Chi-Yu, L50|100\/100\n|-ability|p2b: LOVE BETRAYAL|Beads of Ruin\n|turn|1\n|j| Tesuto akaunto\n|\n|t:|1681782046\n|-terastallize|p1b: Corviknight|Fire\n|move|p1a: Baxcalibur|Protect|p1a: Baxcalibur\n|-singleturn|p1a: Baxcalibur|Protect\n|move|p2a: flutter ya mane|Shadow Ball|p1b: Corviknight\n|-damage|p1b: Corviknight|40\/100\n|move|p2b: LOVE BETRAYAL|Dark Pulse|p1b: Corviknight\n|-damage|p1b: Corviknight|0 fnt\n|faint|p1b: Corviknight\n|\n|upkeep\n|c|\u2606Moonlight Flutter|oh wp\n|\n|t:|1681782065\n|switch|p1b: Meowscarada|Meowscarada, L50, M|100\/100\n|turn|2\n|c| Bambambi|Down from the word go!\n|\n|t:|1681782109\n|-end|p2a: flutter ya mane|Protosynthesis|[silent]\n|switch|p2a: catch these hands|Iron Hands, L50|100\/100\n|move|p1b: Meowscarada|Low Sweep|p2b: LOVE BETRAYAL\n|-start|p1b: Meowscarada|typechange|Fighting|[from] ability: Protean\n|-supereffective|p2b: LOVE BETRAYAL\n|-damage|p2b: LOVE BETRAYAL|18\/100\n|-unboost|p2b: LOVE BETRAYAL|spe|1\n|move|p1a: Baxcalibur|Glaive Rush|p2b: LOVE BETRAYAL\n|-damage|p2b: LOVE BETRAYAL|0 fnt\n|-singlemove|p1a: Baxcalibur|Glaive Rush|[silent]\n|faint|p2b: LOVE BETRAYAL\n|\n|upkeep\n|c| AndrwApple|LMAO\n|\n|t:|1681782124\n|switch|p2b: flutter ya mane|Flutter Mane, L50|100\/100\n|turn|3\n|c| AndrwApple|Meowscarada op\n|c|\u2606christian_hvn|ouchie\n|c| AndrwApple|Im kinda surprised binh didn't went for overgrow focus sadh\n|c| AndrwApple|Sash*\n|c| AndrwApple|Dam\n|c|\u2606Moonlight Flutter|i just think it's speed it's too low for this format\n|\n|t:|1681782202\n|-terastallize|p2b: flutter ya mane|Fairy\n|move|p1a: Baxcalibur|Protect|p1a: Baxcalibur\n|-singleturn|p1a: Baxcalibur|Protect\n|move|p2a: catch these hands|Fake Out|p1a: Baxcalibur\n|-activate|p1a: Baxcalibur|move: Protect\n|move|p1b: Meowscarada|Low Sweep|p2a: catch these hands\n|-damage|p2a: catch these hands|77\/100\n|-unboost|p2a: catch these hands|spe|1\n|move|p2b: flutter ya mane|Dazzling Gleam|p1a: Baxcalibur|[spread] p1b\n|-activate|p1a: Baxcalibur|move: Protect\n|-supereffective|p1b: Meowscarada\n|-damage|p1b: Meowscarada|0 fnt\n|faint|p1b: Meowscarada\n|\n|upkeep\n|c| AndrwApple|Imagine a gen 5 player heard that\n|c| AndrwApple|Or 6\n|\n|t:|1681782214\n|switch|p1b: Flutter Mane|Flutter Mane, L50|100\/100\n|-enditem|p1b: Flutter Mane|Booster Energy\n|-activate|p1b: Flutter Mane|ability: Protosynthesis|[fromitem]\n|-start|p1b: Flutter Mane|protosynthesisspa\n|turn|4\n|c| AndrwApple|Basically telling em\n|c|\u2606Moonlight Flutter|lmao\n|c| AndrwApple|Noivern slow af\n|c| AndrwApple|Same speed tier\n|\n|t:|1681782229\n|move|p1a: Baxcalibur|Ice Shard|p2b: flutter ya mane\n|-damage|p2b: flutter ya mane|59\/100\n|move|p2b: flutter ya mane|Dazzling Gleam|p1b: Flutter Mane|[spread] p1a,p1b\n|-supereffective|p1a: Baxcalibur\n|-damage|p1a: Baxcalibur|8\/100\n|-damage|p1b: Flutter Mane|49\/100\n|move|p1b: Flutter Mane|Dazzling Gleam|p2a: catch these hands|[spread] p2a,p2b\n|-supereffective|p2a: catch these hands\n|-damage|p2a: catch these hands|40\/100\n|-damage|p2b: flutter ya mane|22\/100\n|move|p2a: catch these hands|Wild Charge|p1b: Flutter Mane\n|-damage|p1b: Flutter Mane|0 fnt\n|faint|p1b: Flutter Mane\n|-end|p1b: Flutter Mane|Protosynthesis|[silent]\n|-damage|p2a: catch these hands|32\/100|[from] Recoil\n|\n|upkeep\n|turn|5\n|c| AndrwApple|DAMN\n|c|\u2606Moonlight Flutter|why does my flutter always getting outspeed lol\n|c| AndrwApple|So it was a roll last hame\n|c| AndrwApple|Interesting\n|c|\u2606christian_hvn|max spdef really pulling through\n|\n|t:|1681782262\n|move|p1a: Baxcalibur|Ice Shard|p2b: flutter ya mane\n|-damage|p2b: flutter ya mane|0 fnt\n|faint|p2b: flutter ya mane\n|-end|p2b: flutter ya mane|Protosynthesis|[silent]\n|move|p2a: catch these hands|Wild Charge|p1a: Baxcalibur\n|-resisted|p1a: Baxcalibur\n|-damage|p1a: Baxcalibur|0 fnt\n|faint|p1a: Baxcalibur\n|-damage|p2a: catch these hands|31\/100|[from] Recoil\n|\n|win|christian_hvn\n|c|\u2606Moonlight Flutter|need to start speed creeping then\n|c| AndrwApple|Flutter ya mane\n|c|\u2606Moonlight Flutter|gg\n|l| Tesuto akaunto\n|c|\u2606christian_hvn|ggwp\n|c| AndrwApple|Gg\n|l|\u2606Moonlight Flutter\n|l|\u2606christian_hvn\n|l| AndrwApple\n|l| Bambambi\n|j|\u2606christian_hvn\n|player|p2|christian_hvn|marley\n","uploadtime":1681782275,"views":6,"p1id":"moonlightflutter","p2id":"christianhvn","formatid":"gen9vgc2023regulationc","rating":0,"private":0,"password":""}