{"id":"gen9vgc2023regulationc-1863984099","p1":"nickfang6","p2":"BIGHAXORUSFAN147","format":"[Gen 9] VGC 2023 Regulation C","log":"|j|\u2606nickfang6\n|j|\u2606BIGHAXORUSFAN147\n|t:|1684101292\n|gametype|doubles\n|player|p1|nickfang6|101|1526\n|player|p2|BIGHAXORUSFAN147|grimsley-masters|1525\n|teamsize|p1|6\n|teamsize|p2|6\n|gen|9\n|tier|[Gen 9] VGC 2023 Regulation C\n|rated|\n|rule|Species Clause: Limit one of each Pok\u00e9mon\n|rule|Item Clause: Limit one of each item\n|clearpoke\n|poke|p1|Iron Bundle, L50|\n|poke|p1|Flutter Mane, L50|\n|poke|p1|Chien-Pao, L50|\n|poke|p1|Kingambit, L50, M|\n|poke|p1|Scizor, L50, M|\n|poke|p1|Great Tusk, L50|\n|poke|p2|Kingambit, L50, M|\n|poke|p2|Dragonite, L50, F|\n|poke|p2|Abomasnow, L50, M|\n|poke|p2|Great Tusk, L50|\n|poke|p2|Iron Bundle, L50|\n|poke|p2|Flutter Mane, L50|\n|teampreview|4\n|inactive|Battle timer is ON: inactive players will automatically lose when time's up. (requested by nickfang6)\nBIGHAXORUSFAN147 has agreed to open team sheets.\nnickfang6 has agreed to open team sheets.\n|c|\u2606nickfang6|i was just playing with that team\n|inactive|nickfang6 has 60 seconds left.\n|inactive|BIGHAXORUSFAN147 has 60 seconds left.\n|inactive|nickfang6 has 30 seconds left.\n|\n|t:|1684101359\n|start\n|switch|p1a: Iron Bundle|Iron Bundle, L50|100\/100\n|switch|p1b: Chien-Pao|Chien-Pao, L50|100\/100\n|switch|p2a: Great Tusk|Great Tusk, L50|100\/100\n|switch|p2b: Dragonite|Dragonite, L50, F, shiny|100\/100\n|-ability|p1b: Chien-Pao|Sword of Ruin\n|-enditem|p1a: Iron Bundle|Booster Energy\n|-activate|p1a: Iron Bundle|ability: Quark Drive|[fromitem]\n|-start|p1a: Iron Bundle|quarkdrivespe\n|turn|1\n|inactive|BIGHAXORUSFAN147 has 30 seconds left.\n|\n|t:|1684101391\n|-terastallize|p2a: Great Tusk|Steel\n|move|p2b: Dragonite|Extreme Speed|p1b: Chien-Pao\n|-crit|p1b: Chien-Pao\n|-damage|p1b: Chien-Pao|4\/100\n|move|p1a: Iron Bundle|Icy Wind|p2b: Dragonite|[spread] p2a,p2b\n|-resisted|p2a: Great Tusk\n|-supereffective|p2b: Dragonite\n|-damage|p2a: Great Tusk|84\/100\n|-damage|p2b: Dragonite|65\/100\n|-unboost|p2a: Great Tusk|spe|1\n|-unboost|p2b: Dragonite|spe|1\n|move|p1b: Chien-Pao|Sacred Sword|p2b: Dragonite\n|-resisted|p2b: Dragonite\n|-damage|p2b: Dragonite|44\/100\n|move|p2a: Great Tusk|Rock Slide|p1a: Iron Bundle|[spread] p1a,p1b\n|-supereffective|p1a: Iron Bundle\n|-supereffective|p1b: Chien-Pao\n|-damage|p1a: Iron Bundle|34\/100\n|-damage|p1b: Chien-Pao|0 fnt\n|faint|p1b: Chien-Pao\n|\n|upkeep\n|\n|t:|1684101404\n|switch|p1b: Scizor|Scizor, L50, M|100\/100\n|turn|2\n|\n|t:|1684101425\n|-end|p2a: Great Tusk|Protosynthesis|[silent]\n|switch|p2a: Abomasnow|Abomasnow, L50, M|100\/100\n|-weather|Snow|[from] ability: Snow Warning|[of] p2a: Abomasnow\n|-terastallize|p1a: Iron Bundle|Ghost\n|move|p2b: Dragonite|Extreme Speed|p1a: Iron Bundle\n|-immune|p1a: Iron Bundle\n|move|p1a: Iron Bundle|Icy Wind|p2a: Abomasnow|[spread] p2a,p2b\n|-supereffective|p2b: Dragonite\n|-damage|p2a: Abomasnow|73\/100\n|-damage|p2b: Dragonite|0 fnt\n|-unboost|p2a: Abomasnow|spe|1\n|faint|p2b: Dragonite\n|move|p1b: Scizor|Close Combat|p2a: Abomasnow\n|-supereffective|p2a: Abomasnow\n|-damage|p2a: Abomasnow|0 fnt\n|-unboost|p1b: Scizor|def|1\n|-unboost|p1b: Scizor|spd|1\n|faint|p2a: Abomasnow\n|\n|-weather|Snow|[upkeep]\n|upkeep\n|\n|t:|1684101440\n|switch|p2a: Great Tusk|Great Tusk, L50, tera:Steel|84\/100\n|switch|p2b: Iron Bundle|Iron Bundle, L50, shiny|100\/100\n|turn|3\n|inactive|nickfang6 has 30 seconds left.\n|inactive|BIGHAXORUSFAN147 has 30 seconds left.\n|\n|t:|1684101474\n|move|p1a: Iron Bundle|Protect|p1a: Iron Bundle\n|-singleturn|p1a: Iron Bundle|Protect\n|move|p1b: Scizor|Protect|p1b: Scizor\n|-singleturn|p1b: Scizor|Protect\n|move|p2a: Great Tusk|Headlong Rush|p1b: Scizor\n|-activate|p1b: Scizor|move: Protect\n|move|p2b: Iron Bundle|Blizzard|p1a: Iron Bundle|[spread] \n|-activate|p1a: Iron Bundle|move: Protect\n|-activate|p1b: Scizor|move: Protect\n|\n|-weather|Snow|[upkeep]\n|upkeep\n|turn|4\n|\n|t:|1684101492\n|move|p1b: Scizor|Bullet Punch|p2b: Iron Bundle\n|-damage|p2b: Iron Bundle|72\/100\n|move|p1a: Iron Bundle|Icy Wind|p2b: Iron Bundle|[spread] p2a,p2b\n|-resisted|p2a: Great Tusk\n|-resisted|p2b: Iron Bundle\n|-damage|p2a: Great Tusk|69\/100\n|-damage|p2b: Iron Bundle|63\/100\n|-unboost|p2a: Great Tusk|spe|1\n|-unboost|p2b: Iron Bundle|spe|1\n|move|p2a: Great Tusk|Headlong Rush|p1b: Scizor\n|-damage|p1b: Scizor|12\/100\n|-unboost|p2a: Great Tusk|def|1\n|-unboost|p2a: Great Tusk|spd|1\n|move|p2b: Iron Bundle|Blizzard|p1b: Scizor|[spread] p1a,p1b\n|-resisted|p1b: Scizor\n|-damage|p1a: Iron Bundle|0 fnt\n|-damage|p1b: Scizor|0 fnt\n|faint|p1a: Iron Bundle\n|-end|p1a: Iron Bundle|Quark Drive|[silent]\n|faint|p1b: Scizor\n|\n|-weather|Snow|[upkeep]\n|upkeep\n|\n|t:|1684101505\n|switch|p1b: Flutter Mane|Flutter Mane, L50|100\/100\n|turn|5\n|\n|t:|1684101518\n|move|p1b: Flutter Mane|Shadow Ball|p2a: Great Tusk\n|-damage|p2a: Great Tusk|0 fnt\n|faint|p2a: Great Tusk\n|-end|p2a: Great Tusk|Protosynthesis|[silent]\n|-damage|p1b: Flutter Mane|91\/100|[from] item: Life Orb\n|move|p2b: Iron Bundle|Blizzard|p1b: Flutter Mane\n|-damage|p1b: Flutter Mane|20\/100\n|-status|p1b: Flutter Mane|frz\n|\n|-weather|Snow|[upkeep]\n|upkeep\n|turn|6\n|j| newsboy\n|\n|t:|1684101526\n|cant|p1b: Flutter Mane|frz\n|move|p2b: Iron Bundle|Blizzard|p1b: Flutter Mane\n|-damage|p1b: Flutter Mane|0 fnt\n|faint|p1b: Flutter Mane\n|-end|p1b: Flutter Mane|Protosynthesis|[silent]\n|\n|win|BIGHAXORUSFAN147\n|raw|nickfang6's rating: 1526 → 1506<\/strong> (-20 for losing)\n|raw|BIGHAXORUSFAN147's rating: 1525 → 1545<\/strong> (+20 for winning)\n|c| newsboy|:(\n|c|\u2606BIGHAXORUSFAN147|you hate to see it\n|c|\u2606BIGHAXORUSFAN147|gg\n|l|\u2606BIGHAXORUSFAN147\n|c|\u2606nickfang6|didnt even notice it\n|c| newsboy|sad\n","uploadtime":1684101550,"views":13,"p1id":"nickfang6","p2id":"bighaxorusfan147","formatid":"gen9vgc2023regulationc","rating":1506,"private":0,"password":""}