{"id":"gen9vgc2023regulationc-1856663561","p1":"Raijin_20230223","p2":"Duecal1on","format":"[Gen 9] VGC 2023 Regulation C","log":"|j|\u2606Raijin_20230223\n|j|\u2606Duecal1on\n|t:|1683090325\n|gametype|doubles\n|player|p1|Raijin_20230223|101|1200\n|player|p2|Duecal1on|pokefan|1152\n|teamsize|p1|6\n|teamsize|p2|6\n|gen|9\n|tier|[Gen 9] VGC 2023 Regulation C\n|rated|\n|rule|Species Clause: Limit one of each Pok\u00e9mon\n|rule|Item Clause: Limit one of each item\n|clearpoke\n|poke|p1|Palafin, L50, F|\n|poke|p1|Amoonguss, L50, F|\n|poke|p1|Arcanine, L50, F|\n|poke|p1|Ting-Lu, L50|\n|poke|p1|Flutter Mane, L50|\n|poke|p1|Baxcalibur, L50, F|\n|poke|p2|Pelipper, L50, F|\n|poke|p2|Chi-Yu, L50|\n|poke|p2|Scream Tail, L50|\n|poke|p2|Garchomp, L50, M|\n|poke|p2|Iron Hands, L50|\n|poke|p2|Palafin, L50, M|\n|teampreview|4\n|inactive|Battle timer is ON: inactive players will automatically lose when time's up. (requested by Duecal1on)\n|\n|t:|1683090377\n|start\n|switch|p1a: Palafin|Palafin, L50, F|100\/100\n|switch|p1b: Flutter Mane|Flutter Mane, L50|100\/100\n|switch|p2a: Scream Tail|Scream Tail, L50|100\/100\n|switch|p2b: Iron Hands|Iron Hands, L50|100\/100\n|-enditem|p1b: Flutter Mane|Booster Energy\n|-activate|p1b: Flutter Mane|ability: Protosynthesis|[fromitem]\n|-start|p1b: Flutter Mane|protosynthesisspe\n|-enditem|p2a: Scream Tail|Booster Energy\n|-activate|p2a: Scream Tail|ability: Protosynthesis|[fromitem]\n|-start|p2a: Scream Tail|protosynthesisspe\n|turn|1\n|\n|t:|1683090395\n|detailschange|p1a: Palafin|Palafin-Hero, L50, F\n|switch|p1a: Arcanine|Arcanine, L50, F|100\/100\n|-ability|p1a: Arcanine|Intimidate|boost\n|-unboost|p2a: Scream Tail|atk|1\n|-unboost|p2b: Iron Hands|atk|1\n|move|p1b: Flutter Mane|Dazzling Gleam|p2a: Scream Tail|[spread] p2a,p2b\n|-supereffective|p2b: Iron Hands\n|-damage|p2a: Scream Tail|78\/100\n|-damage|p2b: Iron Hands|64\/100\n|move|p2a: Scream Tail|Thunder Wave|p1b: Flutter Mane\n|-status|p1b: Flutter Mane|par\n|move|p2b: Iron Hands|Wild Charge|p1b: Flutter Mane\n|-damage|p1b: Flutter Mane|34\/100 par\n|-damage|p2b: Iron Hands|53\/100|[from] Recoil\n|\n|upkeep\n|turn|2\n|\n|t:|1683090417\n|move|p1b: Flutter Mane|Protect|p1b: Flutter Mane\n|-singleturn|p1b: Flutter Mane|Protect\n|move|p2a: Scream Tail|Howl|p2a: Scream Tail|[spread] p2a,p2b\n|-boost|p2a: Scream Tail|atk|1\n|-boost|p2b: Iron Hands|atk|1\n|move|p1a: Arcanine|Flare Blitz|p2a: Scream Tail\n|-damage|p2a: Scream Tail|33\/100\n|-damage|p1a: Arcanine|83\/100|[from] Recoil\n|move|p2b: Iron Hands|Drain Punch|p1a: Arcanine\n|-damage|p1a: Arcanine|35\/100\n|-heal|p2b: Iron Hands|71\/100|[from] drain|[of] p1a: Arcanine\n|\n|upkeep\n|turn|3\n|\n|t:|1683090438\n|move|p2a: Scream Tail|Play Rough|p1b: Flutter Mane\n|-damage|p1b: Flutter Mane|0 fnt\n|faint|p1b: Flutter Mane\n|-end|p1b: Flutter Mane|Protosynthesis|[silent]\n|move|p1a: Arcanine|Will-O-Wisp|p2b: Iron Hands\n|-status|p2b: Iron Hands|brn\n|move|p2b: Iron Hands|Drain Punch|p1a: Arcanine\n|-damage|p1a: Arcanine|12\/100\n|-heal|p2b: Iron Hands|80\/100 brn|[from] drain|[of] p1a: Arcanine\n|\n|-damage|p2b: Iron Hands|74\/100 brn|[from] brn\n|upkeep\n|\n|t:|1683090449\n|switch|p1b: Palafin|Palafin-Hero, L50, F|100\/100\n|-activate|p1b: Palafin|ability: Zero to Hero\n|turn|4\n|\n|t:|1683090466\n|move|p2a: Scream Tail|Thunder Wave|p1b: Palafin\n|-status|p1b: Palafin|par\n|move|p1a: Arcanine|Morning Sun|p1a: Arcanine\n|-heal|p1a: Arcanine|62\/100\n|move|p2b: Iron Hands|Wild Charge|p1b: Palafin\n|-supereffective|p1b: Palafin\n|-crit|p1b: Palafin\n|-damage|p1b: Palafin|23\/100 par\n|-damage|p2b: Iron Hands|58\/100 brn|[from] Recoil\n|move|p1b: Palafin|Wave Crash|p2b: Iron Hands\n|-crit|p2b: Iron Hands\n|-damage|p2b: Iron Hands|0 fnt\n|faint|p2b: Iron Hands\n|-end|p2b: Iron Hands|Quark Drive|[silent]\n|-damage|p1b: Palafin|0 fnt|[from] Recoil\n|faint|p1b: Palafin\n|\n|upkeep\n|\n|t:|1683090484\n|switch|p1b: Baxcalibur|Baxcalibur, L50, F|100\/100\n|switch|p2b: Pelipper|Pelipper, L50, F, shiny|100\/100\n|-weather|RainDance|[from] ability: Drizzle|[of] p2b: Pelipper\n|turn|5\n|\n|t:|1683090505\n|-terastallize|p1b: Baxcalibur|Poison\n|move|p1a: Arcanine|Protect|p1a: Arcanine\n|-singleturn|p1a: Arcanine|Protect\n|move|p2a: Scream Tail|Thunder Wave|p1b: Baxcalibur\n|-status|p1b: Baxcalibur|par\n|move|p2b: Pelipper|Hurricane|p1b: Baxcalibur\n|-damage|p1b: Baxcalibur|59\/100 par\n|move|p1b: Baxcalibur|Glaive Rush|p2b: Pelipper\n|-damage|p2b: Pelipper|9\/100\n|-singlemove|p1b: Baxcalibur|Glaive Rush|[silent]\n|-damage|p1b: Baxcalibur|49\/100 par|[from] item: Life Orb\n|\n|-weather|RainDance|[upkeep]\n|upkeep\n|turn|6\n|inactive|Duecal1on has 30 seconds left.\n|\n|t:|1683090533\n|move|p1b: Baxcalibur|Ice Shard|p2b: Pelipper\n|-damage|p2b: Pelipper|0 fnt\n|faint|p2b: Pelipper\n|-damage|p1b: Baxcalibur|40\/100 par|[from] item: Life Orb\n|move|p2a: Scream Tail|Play Rough|p1b: Baxcalibur\n|-resisted|p1b: Baxcalibur\n|-damage|p1b: Baxcalibur|30\/100 par\n|move|p1a: Arcanine|Morning Sun|p1a: Arcanine\n|-heal|p1a: Arcanine|87\/100\n|\n|-weather|RainDance|[upkeep]\n|upkeep\n|\n|t:|1683090543\n|switch|p2b: Chi-Yu|Chi-Yu, L50|100\/100\n|-ability|p2b: Chi-Yu|Beads of Ruin\n|turn|7\n|inactive|Duecal1on has 30 seconds left.\n|\n|t:|1683090574\n|-terastallize|p2b: Chi-Yu|Water\n|move|p2a: Scream Tail|Helping Hand|p2b: Chi-Yu\n|-singleturn|p2b: Chi-Yu|Helping Hand|[of] p2a: Scream Tail\n|move|p2b: Chi-Yu|Dark Pulse|p1b: Baxcalibur\n|-damage|p1b: Baxcalibur|0 fnt\n|faint|p1b: Baxcalibur\n|move|p1a: Arcanine|Flare Blitz|p2a: Scream Tail\n|-damage|p2a: Scream Tail|11\/100\n|-status|p2a: Scream Tail|brn\n|-damage|p1a: Arcanine|79\/100|[from] Recoil\n|\n|-weather|RainDance|[upkeep]\n|-damage|p2a: Scream Tail|5\/100 brn|[from] brn\n|upkeep\n|turn|8\n|\n|t:|1683090595\n|move|p2a: Scream Tail|Helping Hand|p2b: Chi-Yu\n|-singleturn|p2b: Chi-Yu|Helping Hand|[of] p2a: Scream Tail\n|move|p1a: Arcanine|Protect|p1a: Arcanine\n|-singleturn|p1a: Arcanine|Protect\n|move|p2b: Chi-Yu|Tera Blast|p1a: Arcanine\n|-activate|p1a: Arcanine|move: Protect\n|\n|-weather|RainDance|[upkeep]\n|-damage|p2a: Scream Tail|0 fnt|[from] brn\n|faint|p2a: Scream Tail\n|-end|p2a: Scream Tail|Protosynthesis|[silent]\n|upkeep\n|turn|9\n|\n|t:|1683090608\n|move|p2b: Chi-Yu|Tera Blast|p1a: Arcanine\n|-supereffective|p1a: Arcanine\n|-damage|p1a: Arcanine|0 fnt\n|faint|p1a: Arcanine\n|\n|win|Duecal1on\n|raw|Raijin_20230223's rating: 1200 → 1172<\/strong> (-28 for losing)\n|raw|Duecal1on's rating: 1152 → 1180<\/strong> (+28 for winning)\n|l|\u2606Raijin_20230223\n","uploadtime":1683090627,"views":8,"p1id":"raijin20230223","p2id":"duecal1on","formatid":"gen9vgc2023regulationc","rating":1172,"private":0,"password":""}