{"id":"gen9vgc2023regulationc-1849681897","p1":"filthy_sanchez","p2":"kirans","format":"[Gen 9] VGC 2023 Regulation C","log":"|j|\u2606filthy_sanchez\n|j|\u2606kirans\n|t:|1682231381\n|gametype|doubles\n|player|p1|filthy_sanchez|266|\n|player|p2|kirans|rood|\n|teamsize|p1|6\n|teamsize|p2|6\n|gen|9\n|tier|[Gen 9] VGC 2023 Regulation C\n|rule|Species Clause: Limit one of each Pok\u00e9mon\n|rule|Item Clause: Limit one of each item\n|clearpoke\n|poke|p1|Ting-Lu, L50|\n|poke|p1|Toxicroak, L50, F|\n|poke|p1|Glimmora, L50, M|\n|poke|p1|Azumarill, L50, M|\n|poke|p1|Haunter, L50, F|\n|poke|p1|Pikachu, L50, F|\n|poke|p2|Abomasnow, L50, M|\n|poke|p2|Iron Hands, L50|\n|poke|p2|Iron Moth, L50|\n|poke|p2|Quaquaval, L50, F|\n|poke|p2|Dragonite, L50, F|\n|poke|p2|Corviknight, L50, F|\n|teampreview|4\n|inactive|Battle timer is ON: inactive players will automatically lose when time's up. (requested by kirans)\n|c|\u2606filthy_sanchez|glhf!\nfilthy_sanchez has agreed to open team sheets.\n|inactive|filthy_sanchez has 60 seconds left.\n|\n|t:|1682231442\n|start\n|switch|p1a: Pikachu|Pikachu, L50, F|100\/100\n|switch|p1b: Ting-Lu|Ting-Lu, L50|100\/100\n|switch|p2a: Abomasnow|Abomasnow, L50, M|100\/100\n|switch|p2b: Iron Hands|Iron Hands, L50|100\/100\n|-weather|Snow|[from] ability: Snow Warning|[of] p2a: Abomasnow\n|-ability|p1b: Ting-Lu|Vessel of Ruin\n|turn|1\n|inactive|filthy_sanchez has 30 seconds left.\n|\n|t:|1682231473\n|move|p1a: Pikachu|Fake Out|p2a: Abomasnow\n|-damage|p2a: Abomasnow|84\/100\n|move|p2b: Iron Hands|Fake Out|p1b: Ting-Lu\n|-damage|p1b: Ting-Lu|92\/100\n|cant|p2a: Abomasnow|flinch\n|cant|p1b: Ting-Lu|flinch\n|\n|-weather|Snow|[upkeep]\n|upkeep\n|turn|2\n|inactive|filthy_sanchez has 30 seconds left.\n|inactive|kirans has 30 seconds left.\n|inactive|filthy_sanchez has 20 seconds left.\n|\n|t:|1682231509\n|move|p2b: Iron Hands|Protect|p2b: Iron Hands\n|-singleturn|p2b: Iron Hands|Protect\n|move|p1a: Pikachu|Encore|p2b: Iron Hands\n|-activate|p2b: Iron Hands|move: Protect\n|move|p2a: Abomasnow|Blizzard|p1b: Ting-Lu|[spread] p1a,p1b\n|-supereffective|p1b: Ting-Lu\n|-damage|p1a: Pikachu|24\/100\n|-damage|p1b: Ting-Lu|60\/100\n|move|p1b: Ting-Lu|Stomping Tantrum|p2b: Iron Hands\n|-activate|p2b: Iron Hands|move: Protect\n|\n|-weather|Snow|[upkeep]\n|upkeep\n|turn|3\n|\n|t:|1682231527\n|move|p1a: Pikachu|Encore|p2b: Iron Hands\n|-start|p2b: Iron Hands|Encore\n|move|p2a: Abomasnow|Blizzard|p1b: Ting-Lu|[spread] p1a,p1b\n|-supereffective|p1b: Ting-Lu\n|-damage|p1a: Pikachu|0 fnt\n|-damage|p1b: Ting-Lu|24\/100\n|faint|p1a: Pikachu\n|move|p2b: Iron Hands|Protect|p2b: Iron Hands\n|-singleturn|p2b: Iron Hands|Protect\n|move|p1b: Ting-Lu|Fissure|p2a: Abomasnow|[miss]\n|-miss|p1b: Ting-Lu|p2a: Abomasnow\n|\n|-weather|Snow|[upkeep]\n|upkeep\n|\n|t:|1682231545\n|switch|p1a: Toxicroak|Toxicroak, L50, F|100\/100\n|turn|4\n|\n|t:|1682231562\n|-end|p2b: Iron Hands|Quark Drive|[silent]\n|switch|p2b: Dragonite|Dragonite, L50, F|100\/100\n|move|p1a: Toxicroak|Close Combat|p2a: Abomasnow\n|-supereffective|p2a: Abomasnow\n|-damage|p2a: Abomasnow|0 fnt\n|-unboost|p1a: Toxicroak|def|1\n|-unboost|p1a: Toxicroak|spd|1\n|faint|p2a: Abomasnow\n|move|p1b: Ting-Lu|Stomping Tantrum|p2b: Dragonite\n|-immune|p2b: Dragonite\n|\n|-weather|Snow|[upkeep]\n|upkeep\n|\n|t:|1682231581\n|switch|p2a: Iron Moth|Iron Moth, L50|100\/100\n|-enditem|p2a: Iron Moth|Booster Energy\n|-activate|p2a: Iron Moth|ability: Quark Drive|[fromitem]\n|-start|p2a: Iron Moth|quarkdrivespa\n|turn|5\n|\n|t:|1682231604\n|switch|p1b: Azumarill|Azumarill, L50, M|100\/100\n|-terastallize|p2b: Dragonite|Flying\n|move|p2a: Iron Moth|Fiery Dance|p1a: Toxicroak\n|-damage|p1a: Toxicroak|0 fnt\n|faint|p1a: Toxicroak\n|move|p2b: Dragonite|Tera Blast|p1b: Azumarill\n|-damage|p1b: Azumarill|40\/100\n|-enditem|p1b: Azumarill|Sitrus Berry|[eat]\n|-heal|p1b: Azumarill|65\/100|[from] item: Sitrus Berry\n|\n|-weather|none\n|upkeep\n|\n|t:|1682231615\n|switch|p1a: Ting-Lu|Ting-Lu, L50|24\/100\n|-ability|p1a: Ting-Lu|Vessel of Ruin\n|turn|6\n|inactive|filthy_sanchez has 30 seconds left.\n|\n|t:|1682231644\n|-end|p2a: Iron Moth|Quark Drive|[silent]\n|switch|p2a: Iron Hands|Iron Hands, L50|100\/100\n|-terastallize|p1b: Azumarill|Fairy\n|move|p2b: Dragonite|Tera Blast|p1a: Ting-Lu\n|-damage|p1a: Ting-Lu|0 fnt\n|faint|p1a: Ting-Lu\n|move|p1b: Azumarill|Play Rough|p2b: Dragonite\n|-damage|p2b: Dragonite|71\/100\n|\n|upkeep\n|turn|7\n|\n|t:|1682231666\n|move|p2a: Iron Hands|Fake Out|p1b: Azumarill\n|-damage|p1b: Azumarill|54\/100\n|move|p2b: Dragonite|Tera Blast|p1b: Azumarill\n|-damage|p1b: Azumarill|0 fnt\n|faint|p1b: Azumarill\n|\n|win|kirans\n|c|\u2606filthy_sanchez|gg\n|c|\u2606kirans|gg\n|l|\u2606filthy_sanchez\n","uploadtime":1682231679,"views":15,"p1id":"filthysanchez","p2id":"kirans","formatid":"gen9vgc2023regulationc","rating":0,"private":0,"password":""}