{"id":"gen9vgc2023regulationc-1860781698","p1":"bwahacough","p2":"taku4986726","format":"[Gen 9] VGC 2023 Regulation C","log":"|j|\u2606bwahacough\n|j|\u2606taku4986726\n|t:|1683677205\n|gametype|doubles\n|player|p1|bwahacough|madame-gen4|1781\n|player|p2|taku4986726|101|1693\n|teamsize|p1|6\n|teamsize|p2|6\n|gen|9\n|tier|[Gen 9] VGC 2023 Regulation C\n|rated|\n|rule|Species Clause: Limit one of each Pok\u00e9mon\n|rule|Item Clause: Limit one of each item\n|clearpoke\n|poke|p1|Lycanroc, L50, F|\n|poke|p1|Tyranitar, L50, F|\n|poke|p1|Flutter Mane, L50|\n|poke|p1|Chi-Yu, L50|\n|poke|p1|Corviknight, L50, M|\n|poke|p1|Farigiraf, L50, F|\n|poke|p2|Iron Bundle, L50|\n|poke|p2|Abomasnow, L50, M|\n|poke|p2|Talonflame, L50, M|\n|poke|p2|Iron Hands, L50|\n|poke|p2|Ting-Lu, L50|\n|poke|p2|Dragonite, L50, M|\n|teampreview|4\n|\n|t:|1683677257\n|start\n|switch|p1a: Lycanroc|Lycanroc, L50, F|100\/100\n|switch|p1b: Tyranitar|Tyranitar, L50, F, shiny|100\/100\n|switch|p2a: Ting-Lu|Ting-Lu, L50|100\/100\n|switch|p2b: Dragonite|Dragonite, L50, M|100\/100\n|-weather|Sandstorm|[from] ability: Sand Stream|[of] p1b: Tyranitar\n|-ability|p2a: Ting-Lu|Vessel of Ruin\n|turn|1\n|\n|t:|1683677294\n|move|p1a: Lycanroc|Protect|p1a: Lycanroc\n|-singleturn|p1a: Lycanroc|Protect\n|move|p1b: Tyranitar|Protect|p1b: Tyranitar\n|-singleturn|p1b: Tyranitar|Protect\n|move|p2b: Dragonite|Low Kick|p1b: Tyranitar\n|-activate|p1b: Tyranitar|move: Protect\n|move|p2a: Ting-Lu|Earthquake|p1a: Lycanroc|[spread] \n|-activate|p1a: Lycanroc|move: Protect\n|-activate|p1b: Tyranitar|move: Protect\n|-immune|p2b: Dragonite\n|\n|-weather|Sandstorm|[upkeep]\n|-damage|p2b: Dragonite|94\/100|[from] Sandstorm\n|upkeep\n|turn|2\n|j| merahmerona\n|\n|t:|1683677333\n|-terastallize|p1b: Tyranitar|Flying\n|move|p1a: Lycanroc|Close Combat|p2a: Ting-Lu\n|-supereffective|p2a: Ting-Lu\n|-damage|p2a: Ting-Lu|49\/100\n|-unboost|p1a: Lycanroc|def|1\n|-unboost|p1a: Lycanroc|spd|1\n|move|p2b: Dragonite|Low Kick|p1a: Lycanroc\n|-supereffective|p1a: Lycanroc\n|-enditem|p1a: Lycanroc|Focus Sash\n|-damage|p1a: Lycanroc|1\/100\n|move|p1b: Tyranitar|Low Kick|p2a: Ting-Lu\n|-supereffective|p2a: Ting-Lu\n|-damage|p2a: Ting-Lu|0 fnt\n|faint|p2a: Ting-Lu\n|\n|-weather|Sandstorm|[upkeep]\n|-damage|p2b: Dragonite|88\/100|[from] Sandstorm\n|-damage|p1b: Tyranitar|95\/100|[from] Sandstorm\n|upkeep\n|\n|t:|1683677351\n|switch|p2a: Iron Bundle|Iron Bundle, L50|100\/100\n|turn|3\n|\n|t:|1683677371\n|switch|p2b: Abomasnow|Abomasnow, L50, M|100\/100\n|-weather|Snow|[from] ability: Snow Warning|[of] p2b: Abomasnow\n|switch|p1b: Farigiraf|Farigiraf, L50, F, shiny|100\/100\n|move|p2a: Iron Bundle|Blizzard|p1b: Farigiraf|[spread] p1a,p1b\n|-damage|p1a: Lycanroc|0 fnt\n|-damage|p1b: Farigiraf|42\/100\n|-enditem|p1b: Farigiraf|Sitrus Berry|[eat]\n|-heal|p1b: Farigiraf|67\/100|[from] item: Sitrus Berry\n|faint|p1a: Lycanroc\n|\n|-weather|Snow|[upkeep]\n|upkeep\n|\n|t:|1683677380\n|switch|p1a: Tyranitar|Tyranitar, L50, F, shiny, tera:Flying|95\/100\n|-weather|Sandstorm|[from] ability: Sand Stream|[of] p1a: Tyranitar\n|turn|4\n|\n|t:|1683677401\n|switch|p2b: Dragonite|Dragonite, L50, M|88\/100\n|move|p1a: Tyranitar|Protect|p1a: Tyranitar\n|-singleturn|p1a: Tyranitar|Protect\n|move|p2a: Iron Bundle|Blizzard|p1b: Farigiraf|[spread] p1b\n|-activate|p1a: Tyranitar|move: Protect\n|-damage|p1b: Farigiraf|5\/100\n|move|p1b: Farigiraf|Trick Room|p1b: Farigiraf\n|-fieldstart|move: Trick Room|[of] p1b: Farigiraf\n|\n|-weather|Sandstorm|[upkeep]\n|-damage|p1b: Farigiraf|0 fnt|[from] Sandstorm\n|-damage|p1a: Tyranitar|89\/100|[from] Sandstorm\n|-damage|p2b: Dragonite|82\/100|[from] Sandstorm\n|-damage|p2a: Iron Bundle|94\/100|[from] Sandstorm\n|faint|p1b: Farigiraf\n|upkeep\n|\n|t:|1683677405\n|switch|p1b: Flutter Mane|Flutter Mane, L50, shiny|100\/100\n|-enditem|p1b: Flutter Mane|Booster Energy\n|-activate|p1b: Flutter Mane|ability: Protosynthesis|[fromitem]\n|-start|p1b: Flutter Mane|protosynthesisspa\n|turn|5\n|\n|t:|1683677443\n|-terastallize|p2b: Dragonite|Flying\n|move|p1a: Tyranitar|Rock Slide|p2b: Dragonite|[spread] p2b\n|-miss|p1a: Tyranitar|p2a: Iron Bundle\n|-supereffective|p2b: Dragonite\n|-damage|p2b: Dragonite|25\/100\n|cant|p2b: Dragonite|flinch\n|move|p1b: Flutter Mane|Dazzling Gleam|p2a: Iron Bundle|[spread] p2a,p2b\n|-damage|p2a: Iron Bundle|0 fnt\n|-damage|p2b: Dragonite|0 fnt\n|faint|p2a: Iron Bundle\n|-end|p2a: Iron Bundle|Quark Drive|[silent]\n|faint|p2b: Dragonite\n|\n|-weather|Sandstorm|[upkeep]\n|-damage|p1a: Tyranitar|83\/100|[from] Sandstorm\n|-damage|p1b: Flutter Mane|94\/100|[from] Sandstorm\n|upkeep\n|\n|t:|1683677459\n|switch|p2b: Abomasnow|Abomasnow, L50, M|100\/100\n|-weather|Snow|[from] ability: Snow Warning|[of] p2b: Abomasnow\n|turn|6\n|\n|t:|1683677508\n|move|p1a: Tyranitar|Rock Slide|p2b: Abomasnow\n|-supereffective|p2b: Abomasnow\n|-damage|p2b: Abomasnow|19\/100\n|move|p2b: Abomasnow|Blizzard|p1a: Tyranitar|[spread] p1a,p1b\n|-supereffective|p1a: Tyranitar\n|-damage|p1a: Tyranitar|20\/100\n|-damage|p1b: Flutter Mane|54\/100\n|-enditem|p1a: Tyranitar|Aguav Berry|[eat]\n|-heal|p1a: Tyranitar|53\/100|[from] item: Aguav Berry\n|move|p1b: Flutter Mane|Moonblast|p2b: Abomasnow\n|-damage|p2b: Abomasnow|0 fnt\n|faint|p2b: Abomasnow\n|\n|win|bwahacough\n|raw|bwahacough's rating: 1759 → 1775<\/strong> (+16 for winning)\n|raw|taku4986726's rating: 1693 → 1677<\/strong> (-16 for losing)\n|l|\u2606bwahacough\n|l|\u2606taku4986726\n","uploadtime":1683679600,"views":14,"p1id":"bwahacough","p2id":"taku4986726","formatid":"gen9vgc2023regulationc","rating":1677,"private":0,"password":""}