{"id":"gen9vgc2023regulationc-1847230623","p1":"HeisenbergSCV","p2":"S4L4MENCE","format":"[Gen 9] VGC 2023 Regulation C","log":"|j|\u2606HeisenbergSCV\n|j|\u2606S4L4MENCE\n|t:|1681929749\n|gametype|doubles\n|player|p1|HeisenbergSCV|volkner|1213\n|player|p2|S4L4MENCE|gambler|1200\n|teamsize|p1|6\n|teamsize|p2|6\n|gen|9\n|tier|[Gen 9] VGC 2023 Regulation C\n|rated|\n|rule|Species Clause: Limit one of each Pok\u00e9mon\n|rule|Item Clause: Limit one of each item\n|clearpoke\n|poke|p1|Toedscruel, L50, M|\n|poke|p1|Ceruledge, L50, F|\n|poke|p1|Baxcalibur, L50, M|\n|poke|p1|Tauros-Paldea-Aqua, L50, M|\n|poke|p1|Tinkaton, L50, F|\n|poke|p1|Kilowattrel, L50, M|\n|poke|p2|Dragonite, L50, F|\n|poke|p2|Iron Bundle, L50|\n|poke|p2|Flutter Mane, L50|\n|poke|p2|Chien-Pao, L50|\n|poke|p2|Kingambit, L50, M|\n|poke|p2|Great Tusk, L50|\n|teampreview|4\n|inactive|Battle timer is ON: inactive players will automatically lose when time's up. (requested by HeisenbergSCV)\n|inactive|S4L4MENCE has 60 seconds left.\n|inactive|S4L4MENCE has 30 seconds left.\n|inactive|S4L4MENCE has 20 seconds left.\n|inactive|S4L4MENCE has 15 seconds left.\n|inactive|S4L4MENCE has 10 seconds left.\n|inactive|S4L4MENCE has 5 seconds left.\n|\n|t:|1681929838\n|start\n|switch|p1a: Tinkaton|Tinkaton, L50, F|100\/100\n|switch|p1b: Kilowattrel|Kilowattrel, L50, M|100\/100\n|switch|p2a: Iron Bundle|Iron Bundle, L50, shiny|100\/100\n|switch|p2b: Great Tusk|Great Tusk, L50|100\/100\n|-ability|p1a: Tinkaton|Mold Breaker\n|-enditem|p2a: Iron Bundle|Booster Energy\n|-activate|p2a: Iron Bundle|ability: Quark Drive|[fromitem]\n|-start|p2a: Iron Bundle|quarkdrivespe\n|turn|1\n|inactive|HeisenbergSCV has 30 seconds left.\n|inactive|S4L4MENCE has 30 seconds left.\n|inactive|S4L4MENCE has 20 seconds left.\n|inactive|S4L4MENCE has 15 seconds left.\n|inactive|S4L4MENCE has 10 seconds left.\n|\n|t:|1681929888\n|-terastallize|p1a: Tinkaton|Flying\n|move|p2b: Great Tusk|Protect|p2b: Great Tusk\n|-singleturn|p2b: Great Tusk|Protect\n|move|p1a: Tinkaton|Fake Out|p2a: Iron Bundle\n|-damage|p2a: Iron Bundle|88\/100\n|cant|p2a: Iron Bundle|flinch\n|move|p1b: Kilowattrel|Volt Switch|p2a: Iron Bundle\n|-supereffective|p2a: Iron Bundle\n|-damage|p2a: Iron Bundle|0 fnt\n|faint|p2a: Iron Bundle\n|-end|p2a: Iron Bundle|Quark Drive|[silent]\n|\n|t:|1681929901\n|switch|p1b: Tauros|Tauros-Paldea-Aqua, L50, M|100\/100|[from] Volt Switch\n|-ability|p1b: Tauros|Intimidate|boost\n|-fail|p2b: Great Tusk|unboost|[from] item: Clear Amulet|[of] p2b: Great Tusk\n|\n|upkeep\n|\n|t:|1681929913\n|switch|p2a: Flutter Mane|Flutter Mane, L50, shiny|100\/100\n|turn|2\n|inactive|S4L4MENCE has 30 seconds left.\n|\n|t:|1681929945\n|switch|p1b: Ceruledge|Ceruledge, L50, F|100\/100\n|-end|p2b: Great Tusk|Protosynthesis|[silent]\n|switch|p2b: Kingambit|Kingambit, L50, M, shiny|100\/100\n|move|p2a: Flutter Mane|Moonblast|p1a: Tinkaton\n|-damage|p1a: Tinkaton|64\/100\n|-damage|p2a: Flutter Mane|91\/100|[from] item: Life Orb\n|move|p1a: Tinkaton|Gigaton Hammer|p2a: Flutter Mane\n|-supereffective|p2a: Flutter Mane\n|-damage|p2a: Flutter Mane|0 fnt\n|faint|p2a: Flutter Mane\n|-end|p2a: Flutter Mane|Protosynthesis|[silent]\n|\n|upkeep\n|\n|t:|1681929957\n|switch|p2a: Great Tusk|Great Tusk, L50|100\/100\n|turn|3\n|\n|t:|1681929976\n|switch|p1b: Kilowattrel|Kilowattrel, L50, M|100\/100\n|-terastallize|p2b: Kingambit|Flying\n|move|p2a: Great Tusk|Earthquake|p1a: Tinkaton|[spread] \n|-immune|p2b: Kingambit\n|-immune|p1a: Tinkaton\n|-immune|p1b: Kilowattrel\n|move|p1a: Tinkaton|Play Rough|p2a: Great Tusk\n|-supereffective|p2a: Great Tusk\n|-damage|p2a: Great Tusk|41\/100\n|move|p2b: Kingambit|Kowtow Cleave|p1a: Tinkaton\n|-damage|p1a: Tinkaton|0 fnt\n|faint|p1a: Tinkaton\n|\n|upkeep\n|\n|t:|1681929999\n|switch|p1a: Tauros|Tauros-Paldea-Aqua, L50, M|100\/100\n|-ability|p1a: Tauros|Intimidate|boost\n|-fail|p2a: Great Tusk|unboost|[from] item: Clear Amulet|[of] p2a: Great Tusk\n|-unboost|p2b: Kingambit|atk|1\n|-ability|p2b: Kingambit|Defiant|boost\n|-boost|p2b: Kingambit|atk|2\n|turn|4\n|\n|t:|1681930016\n|move|p2a: Great Tusk|Protect|p2a: Great Tusk\n|-singleturn|p2a: Great Tusk|Protect\n|move|p2b: Kingambit|Sucker Punch|p1b: Kilowattrel\n|-damage|p1b: Kilowattrel|0 fnt\n|faint|p1b: Kilowattrel\n|move|p1a: Tauros|Raging Bull|p2a: Great Tusk\n|-activate|p2a: Great Tusk|move: Protect\n|\n|upkeep\n|\n|t:|1681930021\n|switch|p1b: Ceruledge|Ceruledge, L50, F|100\/100\n|turn|5\n|\n|t:|1681930033\n|move|p1a: Tauros|Raging Bull|p2a: Great Tusk\n|-supereffective|p2a: Great Tusk\n|-damage|p2a: Great Tusk|0 fnt\n|faint|p2a: Great Tusk\n|-end|p2a: Great Tusk|Protosynthesis|[silent]\n|-damage|p1a: Tauros|91\/100|[from] item: Life Orb\n|move|p1b: Ceruledge|Phantom Force||[still]\n|-prepare|p1b: Ceruledge|Phantom Force\n|-enditem|p1b: Ceruledge|Power Herb\n|-anim|p1b: Ceruledge|Phantom Force|p2b: Kingambit\n|-damage|p2b: Kingambit|61\/100\n|move|p2b: Kingambit|Tera Blast|p1a: Tauros\n|-supereffective|p1a: Tauros\n|-damage|p1a: Tauros|0 fnt\n|faint|p1a: Tauros\n|\n|upkeep\n|turn|6\n|\n|t:|1681930059\n|move|p1b: Ceruledge|Clear Smog|p2b: Kingambit\n|-damage|p2b: Kingambit|57\/100\n|-clearboost|p2b: Kingambit\n|move|p2b: Kingambit|Kowtow Cleave|p1b: Ceruledge\n|-supereffective|p1b: Ceruledge\n|-damage|p1b: Ceruledge|0 fnt\n|faint|p1b: Ceruledge\n|\n|win|S4L4MENCE\n|raw|HeisenbergSCV's rating: 1213 → 1187<\/strong> (-26 for losing)\n|raw|S4L4MENCE's rating: 1200 → 1226<\/strong> (+26 for winning)\n","uploadtime":1681930081,"views":15,"p1id":"heisenbergscv","p2id":"s4l4mence","formatid":"gen9vgc2023regulationc","rating":1187,"private":0,"password":""}