{"id":"gen9vgc2023regulationc-1859807579","p1":"Prankster is BS","p2":"CCManny","format":"[Gen 9] VGC 2023 Regulation C","log":"|j|\u2606Prankster is BS\n|j|\u2606CCManny\n|t:|1683566197\n|gametype|doubles\n|player|p1|Prankster is BS|sage|1397\n|player|p2|CCManny|2|1416\n|teamsize|p1|6\n|teamsize|p2|6\n|gen|9\n|tier|[Gen 9] VGC 2023 Regulation C\n|rated|\n|rule|Species Clause: Limit one of each Pok\u00e9mon\n|rule|Item Clause: Limit one of each item\n|clearpoke\n|poke|p1|Dondozo, L50, F|\n|poke|p1|Tatsugiri-Droopy, L50, M|\n|poke|p1|Pelipper, L50, M|\n|poke|p1|Drednaw, L50, M|\n|poke|p1|Dragonite, L50, M|\n|poke|p1|Chien-Pao, L50|\n|poke|p2|Dragonite, L50, M|\n|poke|p2|Corviknight, L50, M|\n|poke|p2|Palafin, L50, F|\n|poke|p2|Flutter Mane, L50|\n|poke|p2|Umbreon, L50, M|\n|poke|p2|Roaring Moon, L50|\n|teampreview|4\n|\n|t:|1683566209\n|start\n|switch|p1a: Pelipper|Pelipper, L50, M|100\/100\n|switch|p1b: Drednaw|Drednaw, L50, M|100\/100\n|switch|p2a: Umbreon|Umbreon, L50, M, shiny|100\/100\n|switch|p2b: Palafin|Palafin, L50, F|100\/100\n|-weather|RainDance|[from] ability: Drizzle|[of] p1a: Pelipper\n|turn|1\n|j| XxKillGore642xX\n|\n|t:|1683566229\n|-terastallize|p2a: Umbreon|Water\n|move|p2b: Palafin|Protect|p2b: Palafin\n|-singleturn|p2b: Palafin|Protect\n|move|p1b: Drednaw|Waterfall|p2a: Umbreon\n|-resisted|p2a: Umbreon\n|-damage|p2a: Umbreon|71\/100\n|move|p1a: Pelipper|Hurricane|p2b: Palafin\n|-activate|p2b: Palafin|move: Protect\n|move|p2a: Umbreon|Skill Swap|p1b: Drednaw\n|-activate|p2a: Umbreon|move: Skill Swap|Swift Swim|Inner Focus|[of] p1b: Drednaw\n|\n|-weather|RainDance|[upkeep]\n|upkeep\n|turn|2\n|\n|t:|1683566251\n|switch|p1b: Dondozo|Dondozo, L50, F|100\/100\n|move|p2a: Umbreon|Foul Play|p1b: Dondozo\n|-crit|p1b: Dondozo\n|-damage|p1b: Dondozo|58\/100\n|move|p2b: Palafin|Wave Crash|p1b: Dondozo\n|-resisted|p1b: Dondozo\n|-damage|p1b: Dondozo|24\/100\n|-damage|p2b: Palafin|88\/100|[from] Recoil\n|move|p1a: Pelipper|Hurricane|p2b: Palafin\n|-damage|p2b: Palafin|26\/100\n|\n|-weather|RainDance|[upkeep]\n|upkeep\n|turn|3\n|\n|t:|1683566274\n|detailschange|p2b: Palafin|Palafin-Hero, L50, F\n|switch|p2b: Flutter Mane|Flutter Mane, L50|100\/100\n|switch|p1a: Tatsugiri|Tatsugiri-Droopy, L50, M, shiny|100\/100\n|-activate|p1a: Tatsugiri|ability: Commander|[of] p1b: Dondozo\n|-boost|p1b: Dondozo|atk|2\n|-boost|p1b: Dondozo|spa|2\n|-boost|p1b: Dondozo|spe|2\n|-boost|p1b: Dondozo|def|2\n|-boost|p1b: Dondozo|spd|2\n|-enditem|p2a: Umbreon|Mirror Herb\n|-boost|p2a: Umbreon|atk|2|[from] item: Mirror Herb\n|-boost|p2a: Umbreon|spa|2|[from] item: Mirror Herb\n|-boost|p2a: Umbreon|spe|2|[from] item: Mirror Herb\n|-boost|p2a: Umbreon|def|2|[from] item: Mirror Herb\n|-boost|p2a: Umbreon|spd|2|[from] item: Mirror Herb\n|move|p2a: Umbreon|Skill Swap|p1b: Dondozo\n|-activate|p2a: Umbreon|move: Skill Swap|Unaware|Swift Swim|[of] p1b: Dondozo\n|move|p1b: Dondozo|Surf|p2b: Flutter Mane|[spread] p2a,p2b\n|-miss|p1b: Dondozo|p1a: Tatsugiri\n|-resisted|p2a: Umbreon\n|-damage|p2a: Umbreon|63\/100\n|-damage|p2b: Flutter Mane|4\/100\n|-damage|p1b: Dondozo|14\/100|[from] item: Life Orb\n|\n|-weather|RainDance|[upkeep]\n|upkeep\n|turn|4\n|\n|t:|1683566297\n|move|p2b: Flutter Mane|Protect|p2b: Flutter Mane\n|-singleturn|p2b: Flutter Mane|Protect\n|move|p1b: Dondozo|Surf|p2b: Flutter Mane|[spread] p2a\n|-miss|p1b: Dondozo|p1a: Tatsugiri\n|-activate|p2b: Flutter Mane|move: Protect\n|-resisted|p2a: Umbreon\n|-damage|p2a: Umbreon|55\/100\n|-damage|p1b: Dondozo|4\/100|[from] item: Life Orb\n|move|p2a: Umbreon|Moonlight|p2a: Umbreon\n|-heal|p2a: Umbreon|80\/100\n|\n|-weather|RainDance|[upkeep]\n|upkeep\n|turn|5\n|\n|t:|1683566322\n|-end|p2b: Flutter Mane|Protosynthesis|[silent]\n|switch|p2b: Palafin|Palafin-Hero, L50, F|26\/100\n|-activate|p2b: Palafin|ability: Zero to Hero\n|move|p1b: Dondozo|Surf|p2b: Palafin|[spread] p2a,p2b\n|-miss|p1b: Dondozo|p1a: Tatsugiri\n|-resisted|p2a: Umbreon\n|-resisted|p2b: Palafin\n|-damage|p2a: Umbreon|72\/100\n|-damage|p2b: Palafin|0 fnt\n|faint|p2b: Palafin\n|-damage|p1b: Dondozo|0 fnt|[from] item: Life Orb\n|faint|p1b: Dondozo\n|move|p2a: Umbreon|Moonlight|p2a: Umbreon\n|-heal|p2a: Umbreon|97\/100\n|\n|-weather|RainDance|[upkeep]\n|upkeep\n|\n|t:|1683566338\n|switch|p2b: Corviknight|Corviknight, L50, M|100\/100\n|switch|p1b: Drednaw|Drednaw, L50, M|100\/100\n|turn|6\n|\n|t:|1683566354\n|-terastallize|p1b: Drednaw|Grass\n|move|p1b: Drednaw|Tera Blast|p2a: Umbreon\n|-supereffective|p2a: Umbreon\n|-damage|p2a: Umbreon|54\/100\n|move|p1a: Tatsugiri|Draco Meteor|p2b: Corviknight\n|-resisted|p2b: Corviknight\n|-damage|p2b: Corviknight|67\/100\n|-unboost|p1a: Tatsugiri|spa|2\n|move|p2a: Umbreon|Snarl|p1b: Drednaw|[spread] p1b\n|-miss|p2a: Umbreon|p1a: Tatsugiri\n|-damage|p1b: Drednaw|73\/100\n|-unboost|p1b: Drednaw|spa|1\n|move|p2b: Corviknight|Bulk Up|p2b: Corviknight\n|-boost|p2b: Corviknight|atk|1\n|-boost|p2b: Corviknight|def|1\n|\n|-weather|RainDance|[upkeep]\n|-heal|p2b: Corviknight|73\/100|[from] item: Leftovers\n|upkeep\n|turn|7\n|\n|t:|1683566376\n|move|p1b: Drednaw|Tera Blast|p2a: Umbreon\n|-supereffective|p2a: Umbreon\n|-damage|p2a: Umbreon|15\/100\n|move|p1a: Tatsugiri|Draco Meteor|p2a: Umbreon|[miss]\n|-miss|p1a: Tatsugiri|p2a: Umbreon\n|move|p2a: Umbreon|Moonlight|p2a: Umbreon\n|-heal|p2a: Umbreon|40\/100\n|move|p2b: Corviknight|Brave Bird|p1b: Drednaw\n|-supereffective|p1b: Drednaw\n|-damage|p1b: Drednaw|0 fnt\n|faint|p1b: Drednaw\n|-damage|p2b: Corviknight|54\/100|[from] Recoil\n|\n|-weather|RainDance|[upkeep]\n|-heal|p2b: Corviknight|60\/100|[from] item: Leftovers\n|upkeep\n|c|\u2606Prankster is BS|fuck this game\n|c|\u2606Prankster is BS|lost last game to a muddy water miss\n|c|\u2606Prankster is BS|so fucking trash\n|l| XxKillGore642xX\n|-message|Prankster is BS forfeited.\n|\n|win|CCManny\n|raw|Prankster is BS's rating: 1397 → 1378<\/strong> (-19 for losing)\n|raw|CCManny's rating: 1416 → 1435<\/strong> (+19 for winning)\n|l|\u2606Prankster is BS\n","uploadtime":1683566392,"views":8,"p1id":"pranksterisbs","p2id":"ccmanny","formatid":"gen9vgc2023regulationc","rating":1378,"private":0,"password":""}