{"id":"gen9vgc2023regulationc-1859882535","p1":"TrendanBrendan","p2":"GruffuddH","format":"[Gen 9] VGC 2023 Regulation C","log":"|j|\u2606TrendanBrendan\n|j|\u2606GruffuddH\n|t:|1683572491\n|gametype|doubles\n|player|p1|TrendanBrendan|elio|\n|player|p2|GruffuddH|rika|\n|teamsize|p1|6\n|teamsize|p2|6\n|gen|9\n|tier|[Gen 9] VGC 2023 Regulation C\n|rule|Species Clause: Limit one of each Pok\u00e9mon\n|rule|Item Clause: Limit one of each item\n|clearpoke\n|poke|p1|Corviknight, L50, F|\n|poke|p1|Amoonguss, L50, F|\n|poke|p1|Arcanine, L50, M|\n|poke|p1|Palafin, L50, F|\n|poke|p1|Flutter Mane, L50|\n|poke|p1|Ting-Lu, L50|\n|poke|p2|Orthworm, L50, F|\n|poke|p2|Gastrodon, L50, M|\n|poke|p2|Flutter Mane, L50|\n|poke|p2|Wo-Chien, L50|\n|poke|p2|Chi-Yu, L50|\n|poke|p2|Glimmora, L50, F|\n|teampreview|4\nTrendanBrendan has agreed to open team sheets.\nGruffuddH has agreed to open team sheets.\n|\n|t:|1683572551\n|start\n|switch|p1a: Brieze|Palafin, L50, F, shiny|100\/100\n|switch|p1b: Wispa|Flutter Mane, L50|100\/100\n|switch|p2a: Flutter LAME|Flutter Mane, L50|100\/100\n|switch|p2b: PEE-Yu|Chi-Yu, L50|100\/100\n|-ability|p2b: PEE-Yu|Beads of Ruin\n|turn|1\n|\n|t:|1683572585\n|-end|p2a: Flutter LAME|Protosynthesis|[silent]\n|switch|p2a: ASStrodon|Gastrodon, L50, M|100\/100\n|-terastallize|p1b: Wispa|Fairy\n|-terastallize|p2b: PEE-Yu|Fire\n|move|p1b: Wispa|Moonblast|p2a: ASStrodon\n|-damage|p2a: ASStrodon|11\/100\n|move|p2b: PEE-Yu|Overheat|p1a: Brieze\n|-resisted|p1a: Brieze\n|-damage|p1a: Brieze|18\/100\n|-unboost|p2b: PEE-Yu|spa|2\n|-enditem|p2b: PEE-Yu|Eject Pack\n|\n|t:|1683572611\n|switch|p2b: Flutter LAME|Flutter Mane, L50|100\/100\n|move|p1a: Brieze|Wave Crash|p2a: ASStrodon\n|-activate|p2a: ASStrodon|ability: Storm Drain\n|-ability|p2a: ASStrodon|Storm Drain|boost\n|-boost|p2a: ASStrodon|spa|1\n|\n|upkeep\n|turn|2\n|\n|t:|1683572639\n|switch|p2a: BOREthworm|Orthworm, L50, F|100\/100\n|move|p1a: Brieze|Protect|p1a: Brieze\n|-singleturn|p1a: Brieze|Protect\n|move|p2b: Flutter LAME|Dazzling Gleam|p1b: Wispa|[spread] p1b\n|-activate|p1a: Brieze|move: Protect\n|-crit|p1b: Wispa\n|-damage|p1b: Wispa|39\/100\n|move|p1b: Wispa|Moonblast|p2b: Flutter LAME\n|-damage|p2b: Flutter LAME|6\/100\n|\n|upkeep\n|turn|3\n|\n|t:|1683572656\n|move|p1a: Brieze|Jet Punch|p2b: Flutter LAME\n|-damage|p2b: Flutter LAME|0 fnt\n|faint|p2b: Flutter LAME\n|-end|p2b: Flutter LAME|Protosynthesis|[silent]\n|move|p1b: Wispa|Moonblast|p2a: BOREthworm\n|-resisted|p2a: BOREthworm\n|-damage|p2a: BOREthworm|52\/100\n|move|p2a: BOREthworm|Iron Defense|p2a: BOREthworm\n|-boost|p2a: BOREthworm|def|2\n|\n|upkeep\n|\n|t:|1683572669\n|switch|p2b: PEE-Yu|Chi-Yu, L50, tera:Fire|100\/100\n|-ability|p2b: PEE-Yu|Beads of Ruin\n|turn|4\n|\n|t:|1683572678\n|switch|p2b: ASStrodon|Gastrodon, L50, M|11\/100\n|move|p1a: Brieze|Jet Punch|p2b: ASStrodon\n|-ability|p2b: ASStrodon|Storm Drain|boost\n|-boost|p2b: ASStrodon|spa|1\n|move|p1b: Wispa|Moonblast|p2a: BOREthworm\n|-resisted|p2a: BOREthworm\n|-damage|p2a: BOREthworm|2\/100\n|-unboost|p2a: BOREthworm|spa|1\n|-enditem|p2a: BOREthworm|Sitrus Berry|[eat]\n|-heal|p2a: BOREthworm|27\/100|[from] item: Sitrus Berry\n|move|p2a: BOREthworm|Shed Tail|p2a: BOREthworm\n|-fail|p2a: BOREthworm|move: Shed Tail|[weak]\n|\n|upkeep\n|turn|5\n|\n|t:|1683572697\n|move|p1b: Wispa|Moonblast|p2b: ASStrodon\n|-damage|p2b: ASStrodon|0 fnt\n|faint|p2b: ASStrodon\n|move|p1a: Brieze|Haze|p1a: Brieze\n|-clearallboost\n|move|p2a: BOREthworm|Heavy Slam|p1b: Wispa\n|-supereffective|p1b: Wispa\n|-damage|p1b: Wispa|0 fnt\n|faint|p1b: Wispa\n|-end|p1b: Wispa|Protosynthesis|[silent]\n|\n|upkeep\n|\n|t:|1683572707\n|switch|p1b: Mooshold|Ting-Lu, L50|100\/100\n|switch|p2b: PEE-Yu|Chi-Yu, L50, tera:Fire|100\/100\n|-ability|p2b: PEE-Yu|Beads of Ruin\n|-ability|p1b: Mooshold|Vessel of Ruin\n|turn|6\n|\n|t:|1683572718\n|detailschange|p1a: Brieze|Palafin-Hero, L50, F, shiny\n|switch|p1a: Corviknight|Corviknight, L50, F, shiny|100\/100\n|move|p2b: PEE-Yu|Overheat|p1a: Corviknight\n|-supereffective|p1a: Corviknight\n|-damage|p1a: Corviknight|0 fnt\n|-unboost|p2b: PEE-Yu|spa|2\n|faint|p1a: Corviknight\n|move|p2a: BOREthworm|Body Press|p1b: Mooshold\n|-supereffective|p1b: Mooshold\n|-damage|p1b: Mooshold|65\/100\n|move|p1b: Mooshold|Stomping Tantrum|p2a: BOREthworm\n|-heal|p2a: BOREthworm|52\/100|[from] ability: Earth Eater|[of] p1b: Mooshold\n|\n|upkeep\n|\n|t:|1683572729\n|switch|p1a: Brieze|Palafin-Hero, L50, F, shiny|18\/100\n|-activate|p1a: Brieze|ability: Zero to Hero\n|turn|7\n|\n|t:|1683572758\n|move|p2b: PEE-Yu|Protect|p2b: PEE-Yu\n|-singleturn|p2b: PEE-Yu|Protect\n|move|p1a: Brieze|Wave Crash|p2a: BOREthworm\n|-damage|p2a: BOREthworm|0 fnt\n|faint|p2a: BOREthworm\n|-damage|p1a: Brieze|3\/100|[from] Recoil\n|move|p1b: Mooshold|Ruination|p2b: PEE-Yu\n|-activate|p2b: PEE-Yu|move: Protect\n|\n|upkeep\n|turn|8\n|\n|t:|1683572779\n|move|p1a: Brieze|Jet Punch|p2b: PEE-Yu\n|-supereffective|p2b: PEE-Yu\n|-damage|p2b: PEE-Yu|0 fnt\n|faint|p2b: PEE-Yu\n|\n|win|TrendanBrendan\n","uploadtime":1683572784,"views":15,"p1id":"trendanbrendan","p2id":"gruffuddh","formatid":"gen9vgc2023regulationc","rating":0,"private":0,"password":""}