{"id":"gen9vgc2023regulationc-1847074788","p1":"Missed Ledgedash","p2":"totallynotatworkrn","format":"[Gen 9] VGC 2023 Regulation C","log":"|j|\u2606Missed Ledgedash\n|j|\u2606totallynotatworkrn\n|t:|1681916982\n|gametype|doubles\n|player|p1|Missed Ledgedash|hilda|1336\n|player|p2|totallynotatworkrn|worker-gen4|1244\n|teamsize|p1|6\n|teamsize|p2|6\n|gen|9\n|tier|[Gen 9] VGC 2023 Regulation C\n|rated|\n|rule|Species Clause: Limit one of each Pok\u00e9mon\n|rule|Item Clause: Limit one of each item\n|clearpoke\n|poke|p1|Flutter Mane, L50|\n|poke|p1|Arcanine, L50, M|\n|poke|p1|Amoonguss, L50, M|\n|poke|p1|Palafin, L50, F|\n|poke|p1|Corviknight, L50, M|\n|poke|p1|Iron Hands, L50|\n|poke|p2|Wo-Chien, L50|\n|poke|p2|Ting-Lu, L50|\n|poke|p2|Garganacl, L50, M|\n|poke|p2|Glimmora, L50, F|\n|poke|p2|Baxcalibur, L50, F|\n|poke|p2|Arcanine, L50, F|\n|teampreview|4\n|inactive|Battle timer is ON: inactive players will automatically lose when time's up. (requested by totallynotatworkrn)\ntotallynotatworkrn has agreed to open team sheets.\nMissed Ledgedash has agreed to open team sheets.\n|inactive|Missed Ledgedash has 60 seconds left.\n|\n|t:|1681917014\n|start\n|switch|p1a: Corviknight|Corviknight, L50, M|100\/100\n|switch|p1b: Palafin|Palafin, L50, F|100\/100\n|switch|p2a: Glimmora|Glimmora, L50, F|100\/100\n|switch|p2b: Arcanine|Arcanine, L50, F|100\/100\n|-ability|p2b: Arcanine|Intimidate|boost\n|-ability|p1a: Corviknight|Mirror Armor\n|-unboost|p2b: Arcanine|atk|1\n|-unboost|p1b: Palafin|atk|1\n|turn|1\n|\n|t:|1681917037\n|detailschange|p1b: Palafin|Palafin-Hero, L50, F\n|switch|p1b: Iron Hands|Iron Hands, L50|100\/100\n|move|p2a: Glimmora|Spiky Shield|p2a: Glimmora\n|-singleturn|p2a: Glimmora|move: Protect\n|move|p2b: Arcanine|Will-O-Wisp|p1a: Corviknight\n|-status|p1a: Corviknight|brn\n|move|p1a: Corviknight|Substitute|p1a: Corviknight\n|-start|p1a: Corviknight|Substitute\n|-damage|p1a: Corviknight|76\/100 brn\n|\n|-heal|p1a: Corviknight|82\/100 brn|[from] item: Leftovers\n|-damage|p1a: Corviknight|76\/100 brn|[from] brn\n|upkeep\n|turn|2\n|\n|t:|1681917058\n|move|p2a: Glimmora|Spiky Shield|p2a: Glimmora\n|-singleturn|p2a: Glimmora|move: Protect\n|move|p2b: Arcanine|Will-O-Wisp|p1b: Iron Hands\n|-status|p1b: Iron Hands|brn\n|move|p1a: Corviknight|Bulk Up|p1a: Corviknight\n|-boost|p1a: Corviknight|atk|1\n|-boost|p1a: Corviknight|def|1\n|move|p1b: Iron Hands|Heavy Slam|p2a: Glimmora\n|-activate|p2a: Glimmora|move: Protect\n|-damage|p1b: Iron Hands|88\/100 brn|[from] Spiky Shield|[of] p2a: Glimmora\n|\n|-heal|p1a: Corviknight|82\/100 brn|[from] item: Leftovers\n|-damage|p1a: Corviknight|76\/100 brn|[from] brn\n|-damage|p1b: Iron Hands|82\/100 brn|[from] brn\n|upkeep\n|turn|3\n|\n|t:|1681917079\n|switch|p2b: Garganacl|Garganacl, L50, M|100\/100\n|move|p2a: Glimmora|Earth Power|p1b: Iron Hands\n|-supereffective|p1b: Iron Hands\n|-damage|p1b: Iron Hands|53\/100 brn\n|move|p1a: Corviknight|Bulk Up|p1a: Corviknight\n|-boost|p1a: Corviknight|atk|1\n|-boost|p1a: Corviknight|def|1\n|move|p1b: Iron Hands|Heavy Slam|p2a: Glimmora\n|-supereffective|p2a: Glimmora\n|-damage|p2a: Glimmora|50\/100\n|-activate|p2a: Glimmora|ability: Toxic Debris\n|-sidestart|p1: Missed Ledgedash|move: Toxic Spikes\n|\n|-heal|p1a: Corviknight|82\/100 brn|[from] item: Leftovers\n|-damage|p1a: Corviknight|76\/100 brn|[from] brn\n|-damage|p1b: Iron Hands|47\/100 brn|[from] brn\n|upkeep\n|turn|4\n|inactive|totallynotatworkrn has 30 seconds left.\n|\n|t:|1681917110\n|switch|p2b: Arcanine|Arcanine, L50, F|100\/100\n|-ability|p2b: Arcanine|Intimidate|boost\n|-immune|p1a: Corviknight\n|-unboost|p1b: Iron Hands|atk|1\n|move|p2a: Glimmora|Power Gem|p1a: Corviknight\n|-end|p1a: Corviknight|Substitute\n|move|p1a: Corviknight|Bulk Up|p1a: Corviknight\n|-boost|p1a: Corviknight|atk|1\n|-boost|p1a: Corviknight|def|1\n|move|p1b: Iron Hands|Heavy Slam|p2a: Glimmora\n|-supereffective|p2a: Glimmora\n|-damage|p2a: Glimmora|17\/100\n|-activate|p2a: Glimmora|ability: Toxic Debris\n|-sidestart|p1: Missed Ledgedash|move: Toxic Spikes\n|\n|-heal|p1a: Corviknight|82\/100 brn|[from] item: Leftovers\n|-damage|p1a: Corviknight|76\/100 brn|[from] brn\n|-damage|p1b: Iron Hands|41\/100 brn|[from] brn\n|upkeep\n|turn|5\n|\n|t:|1681917137\n|-terastallize|p1a: Corviknight|Dragon\n|move|p2b: Arcanine|Flare Blitz|p1b: Iron Hands\n|-damage|p1b: Iron Hands|13\/100 brn\n|-damage|p2b: Arcanine|89\/100|[from] Recoil\n|move|p2a: Glimmora|Power Gem|p1a: Corviknight\n|-damage|p1a: Corviknight|32\/100 brn\n|move|p1a: Corviknight|Substitute|p1a: Corviknight\n|-start|p1a: Corviknight|Substitute\n|-damage|p1a: Corviknight|7\/100 brn\n|move|p1b: Iron Hands|Drain Punch|p2b: Arcanine\n|-damage|p2b: Arcanine|75\/100\n|-heal|p1b: Iron Hands|18\/100 brn|[from] drain|[of] p2b: Arcanine\n|\n|-heal|p1a: Corviknight|13\/100 brn|[from] item: Leftovers\n|-damage|p1a: Corviknight|7\/100 brn|[from] brn\n|-damage|p1b: Iron Hands|12\/100 brn|[from] brn\n|upkeep\n|turn|6\n|\n|t:|1681917149\n|move|p2b: Arcanine|Protect|p2b: Arcanine\n|-singleturn|p2b: Arcanine|Protect\n|move|p2a: Glimmora|Spiky Shield|p2a: Glimmora\n|-singleturn|p2a: Glimmora|move: Protect\n|move|p1a: Corviknight|Roost|p1a: Corviknight\n|-heal|p1a: Corviknight|58\/100 brn\n|move|p1b: Iron Hands|Heavy Slam|p2a: Glimmora\n|-activate|p2a: Glimmora|move: Protect\n|-damage|p1b: Iron Hands|0 fnt|[from] Spiky Shield|[of] p2a: Glimmora\n|faint|p1b: Iron Hands\n|-end|p1b: Iron Hands|Quark Drive|[silent]\n|\n|-heal|p1a: Corviknight|64\/100 brn|[from] item: Leftovers\n|-damage|p1a: Corviknight|58\/100 brn|[from] brn\n|upkeep\n|\n|t:|1681917154\n|switch|p1b: Amoonguss|Amoonguss, L50, M|100\/100\n|-sideend|p1: Missed Ledgedash|move: Toxic Spikes|[of] p1b: Amoonguss\n|turn|7\n|\n|t:|1681917172\n|move|p2b: Arcanine|Flare Blitz|p1b: Amoonguss\n|-supereffective|p1b: Amoonguss\n|-damage|p1b: Amoonguss|10\/100\n|-enditem|p1b: Amoonguss|Sitrus Berry|[eat]\n|-heal|p1b: Amoonguss|35\/100|[from] item: Sitrus Berry\n|-damage|p2b: Arcanine|40\/100|[from] Recoil\n|move|p2a: Glimmora|Power Gem|p1a: Corviknight\n|-end|p1a: Corviknight|Substitute\n|move|p1a: Corviknight|Brave Bird|p2b: Arcanine\n|-damage|p2b: Arcanine|0 fnt\n|faint|p2b: Arcanine\n|-damage|p1a: Corviknight|45\/100 brn|[from] Recoil\n|move|p1b: Amoonguss|Pollen Puff|p2a: Glimmora\n|-resisted|p2a: Glimmora\n|-damage|p2a: Glimmora|2\/100\n|\n|-heal|p1a: Corviknight|51\/100 brn|[from] item: Leftovers\n|-damage|p1a: Corviknight|45\/100 brn|[from] brn\n|upkeep\n|\n|t:|1681917194\n|switch|p2b: Garganacl|Garganacl, L50, M|100\/100\n|turn|8\n|\n|t:|1681917221\n|move|p2a: Glimmora|Power Gem|p1a: Corviknight\n|-damage|p1a: Corviknight|6\/100 brn\n|move|p1a: Corviknight|Roost|p1a: Corviknight\n|-heal|p1a: Corviknight|56\/100 brn\n|move|p2b: Garganacl|Salt Cure|p1b: Amoonguss\n|-damage|p1b: Amoonguss|22\/100\n|-start|p1b: Amoonguss|Salt Cure\n|move|p1b: Amoonguss|Pollen Puff|p2a: Glimmora\n|-resisted|p2a: Glimmora\n|-damage|p2a: Glimmora|0 fnt\n|faint|p2a: Glimmora\n|\n|-heal|p1a: Corviknight|62\/100 brn|[from] item: Leftovers\n|-damage|p1a: Corviknight|56\/100 brn|[from] brn\n|-damage|p1b: Amoonguss|10\/100|[from] Salt Cure\n|upkeep\n|\n|t:|1681917225\n|switch|p2a: Wo-Chien|Wo-Chien, L50|100\/100\n|-ability|p2a: Wo-Chien|Tablets of Ruin\n|turn|9\n|\n|t:|1681917238\n|switch|p1b: Palafin|Palafin-Hero, L50, F|100\/100\n|-activate|p1b: Palafin|ability: Zero to Hero\n|move|p2a: Wo-Chien|Protect|p2a: Wo-Chien\n|-singleturn|p2a: Wo-Chien|Protect\n|move|p2b: Garganacl|Protect|p2b: Garganacl\n|-singleturn|p2b: Garganacl|Protect\n|move|p1a: Corviknight|Substitute|p1a: Corviknight\n|-start|p1a: Corviknight|Substitute\n|-damage|p1a: Corviknight|31\/100 brn\n|\n|-heal|p1a: Corviknight|37\/100 brn|[from] item: Leftovers\n|-damage|p1a: Corviknight|31\/100 brn|[from] brn\n|upkeep\n|turn|10\n|\n|t:|1681917252\n|-terastallize|p2b: Garganacl|Ghost\n|move|p1b: Palafin|Substitute|p1b: Palafin\n|-start|p1b: Palafin|Substitute\n|-damage|p1b: Palafin|76\/100\n|move|p2a: Wo-Chien|Ruination|p1a: Corviknight|[miss]\n|-miss|p2a: Wo-Chien|p1a: Corviknight\n|move|p1a: Corviknight|Roost|p1a: Corviknight\n|-heal|p1a: Corviknight|82\/100 brn\n|move|p2b: Garganacl|Salt Cure|p1b: Palafin\n|-activate|p1b: Palafin|move: Substitute|[damage]\n|\n|-heal|p1a: Corviknight|88\/100 brn|[from] item: Leftovers\n|-damage|p1a: Corviknight|82\/100 brn|[from] brn\n|upkeep\n|turn|11\n|\n|t:|1681917267\n|move|p1b: Palafin|Wave Crash|p2b: Garganacl\n|-damage|p2b: Garganacl|57\/100\n|-damage|p1b: Palafin|61\/100|[from] Recoil\n|move|p2a: Wo-Chien|Ruination|p1a: Corviknight\n|-end|p1a: Corviknight|Substitute\n|move|p1a: Corviknight|Brave Bird|p2a: Wo-Chien\n|-supereffective|p2a: Wo-Chien\n|-damage|p2a: Wo-Chien|33\/100\n|-damage|p1a: Corviknight|60\/100 brn|[from] Recoil\n|move|p2b: Garganacl|Salt Cure|p1b: Palafin\n|-activate|p1b: Palafin|move: Substitute|[damage]\n|\n|-heal|p2a: Wo-Chien|39\/100|[from] item: Leftovers\n|-heal|p1a: Corviknight|66\/100 brn|[from] item: Leftovers\n|-damage|p1a: Corviknight|60\/100 brn|[from] brn\n|upkeep\n|turn|12\n|\n|t:|1681917289\n|move|p1b: Palafin|Wave Crash|p2b: Garganacl\n|-damage|p2b: Garganacl|9\/100\n|-enditem|p2b: Garganacl|Sitrus Berry|[eat]\n|-heal|p2b: Garganacl|33\/100|[from] item: Sitrus Berry\n|-damage|p1b: Palafin|45\/100|[from] Recoil\n|move|p2a: Wo-Chien|Ruination|p1a: Corviknight\n|-damage|p1a: Corviknight|30\/100 brn\n|move|p1a: Corviknight|Substitute|p1a: Corviknight\n|-start|p1a: Corviknight|Substitute\n|-damage|p1a: Corviknight|5\/100 brn\n|move|p2b: Garganacl|Salt Cure|p1b: Palafin\n|-end|p1b: Palafin|Substitute\n|\n|-heal|p1a: Corviknight|11\/100 brn|[from] item: Leftovers\n|-heal|p2a: Wo-Chien|44\/100|[from] item: Leftovers\n|-damage|p1a: Corviknight|5\/100 brn|[from] brn\n|upkeep\n|turn|13\n|\n|t:|1681917310\n|move|p1b: Palafin|Substitute|p1b: Palafin\n|-start|p1b: Palafin|Substitute\n|-damage|p1b: Palafin|21\/100\n|move|p1a: Corviknight|Roost|p1a: Corviknight\n|-heal|p1a: Corviknight|56\/100 brn\n|move|p2a: Wo-Chien|Ruination|p1a: Corviknight\n|-end|p1a: Corviknight|Substitute\n|move|p2b: Garganacl|Recover|p2b: Garganacl\n|-heal|p2b: Garganacl|84\/100\n|\n|-heal|p1a: Corviknight|62\/100 brn|[from] item: Leftovers\n|-heal|p2a: Wo-Chien|50\/100|[from] item: Leftovers\n|-damage|p1a: Corviknight|56\/100 brn|[from] brn\n|upkeep\n|turn|14\n|\n|t:|1681917330\n|move|p1b: Palafin|Wave Crash|p2b: Garganacl\n|-damage|p2b: Garganacl|37\/100\n|-damage|p1b: Palafin|5\/100|[from] Recoil\n|move|p2a: Wo-Chien|Ruination|p1b: Palafin\n|-activate|p1b: Palafin|move: Substitute|[damage]\n|move|p1a: Corviknight|Brave Bird|p2a: Wo-Chien\n|-supereffective|p2a: Wo-Chien\n|-damage|p2a: Wo-Chien|0 fnt\n|faint|p2a: Wo-Chien\n|-damage|p1a: Corviknight|40\/100 brn|[from] Recoil\n|move|p2b: Garganacl|Salt Cure|p1b: Palafin\n|-activate|p1b: Palafin|move: Substitute|[damage]\n|\n|-heal|p1a: Corviknight|46\/100 brn|[from] item: Leftovers\n|-damage|p1a: Corviknight|40\/100 brn|[from] brn\n|upkeep\n|turn|15\n|\n|t:|1681917349\n|move|p1b: Palafin|Wave Crash|p2b: Garganacl\n|-crit|p2b: Garganacl\n|-damage|p2b: Garganacl|0 fnt\n|faint|p2b: Garganacl\n|-damage|p1b: Palafin|0 fnt|[from] Recoil\n|faint|p1b: Palafin\n|\n|win|Missed Ledgedash\n|raw|Missed Ledgedash's rating: 1336 → 1351<\/strong> (+15 for winning)\n|raw|totallynotatworkrn's rating: 1244 → 1225<\/strong> (-19 for losing)\n|c|\u2606totallynotatworkrn|gg\n|c|\u2606Missed Ledgedash|gg\n","uploadtime":1681917415,"views":6,"p1id":"missedledgedash","p2id":"totallynotatworkrn","formatid":"gen9vgc2023regulationc","rating":1225,"private":0,"password":""}