{"id":"gen9vgc2023regulationc-1851804292","p1":"daveboy77","p2":"rina slaywayama","format":"[Gen 9] VGC 2023 Regulation C","log":"|j|\u2606daveboy77\n|j|\u2606rina slaywayama\n|t:|1682486652\n|gametype|doubles\n|player|p1|daveboy77|alder|1549\n|player|p2|rina slaywayama|2|1438\n|teamsize|p1|6\n|teamsize|p2|6\n|gen|9\n|tier|[Gen 9] VGC 2023 Regulation C\n|rated|\n|rule|Species Clause: Limit one of each Pok\u00e9mon\n|rule|Item Clause: Limit one of each item\n|clearpoke\n|poke|p1|Iron Treads, L50|\n|poke|p1|Rotom-Wash, L50|\n|poke|p1|Gallade, L50, M|\n|poke|p1|Gengar, L50, M|\n|poke|p1|Dragonite, L50, F|\n|poke|p1|Scovillain, L50, M|\n|poke|p2|Arcanine, L50, F|\n|poke|p2|Amoonguss, L50, M|\n|poke|p2|Flutter Mane, L50|\n|poke|p2|Kingambit, L50, F|\n|poke|p2|Dondozo, L50, F|\n|poke|p2|Tatsugiri-Stretchy, L50, F|\n|teampreview|4\nrina slaywayama has agreed to open team sheets.\n|l|\u2606rina slaywayama\n|player|p2|\n|j|\u2606rina slaywayama\n|player|p2|rina slaywayama|2\n|j| THUNDERSND77\n|\n|t:|1682486725\n|start\n|switch|p1a: Rotom|Rotom-Wash, L50|100\/100\n|switch|p1b: Iron Treads|Iron Treads, L50|100\/100\n|switch|p2a: Dondozo|Dondozo, L50, F|100\/100\n|switch|p2b: Arcanine|Arcanine, L50, F|100\/100\n|-ability|p2b: Arcanine|Intimidate|boost\n|-unboost|p1a: Rotom|atk|1\n|-unboost|p1b: Iron Treads|atk|1\n|-enditem|p1b: Iron Treads|Booster Energy\n|-activate|p1b: Iron Treads|ability: Quark Drive|[fromitem]\n|-start|p1b: Iron Treads|quarkdrivedef\n|turn|1\n|\n|t:|1682486743\n|move|p2a: Dondozo|Protect|p2a: Dondozo\n|-singleturn|p2a: Dondozo|Protect\n|move|p2b: Arcanine|Howl|p2b: Arcanine|[spread] p2a,p2b\n|-boost|p2a: Dondozo|atk|1\n|-boost|p2b: Arcanine|atk|1\n|move|p1b: Iron Treads|Earthquake|p2a: Dondozo|[spread] p2b\n|-activate|p2a: Dondozo|move: Protect\n|-immune|p1a: Rotom|[from] ability: Levitate\n|-supereffective|p2b: Arcanine\n|-damage|p2b: Arcanine|51\/100\n|move|p1a: Rotom|Discharge|p2b: Arcanine|[spread] p2b\n|-activate|p2a: Dondozo|move: Protect\n|-immune|p1b: Iron Treads\n|-damage|p2b: Arcanine|21\/100\n|-status|p2b: Arcanine|par\n|\n|upkeep\n|turn|2\n|\n|t:|1682486762\n|switch|p2b: Tatsugiri|Tatsugiri-Stretchy, L50, F|100\/100\n|-activate|p2b: Tatsugiri|ability: Commander|[of] p2a: Dondozo\n|-boost|p2a: Dondozo|atk|2\n|-boost|p2a: Dondozo|spa|2\n|-boost|p2a: Dondozo|spe|2\n|-boost|p2a: Dondozo|def|2\n|-boost|p2a: Dondozo|spd|2\n|-terastallize|p2a: Dondozo|Grass\n|move|p2a: Dondozo|Tera Blast|p1a: Rotom\n|-supereffective|p1a: Rotom\n|-damage|p1a: Rotom|0 fnt\n|faint|p1a: Rotom\n|move|p1b: Iron Treads|Earthquake|p2a: Dondozo|[spread] p2a\n|-miss|p1b: Iron Treads|p2b: Tatsugiri\n|-resisted|p2a: Dondozo\n|-damage|p2a: Dondozo|95\/100\n|\n|-heal|p2a: Dondozo|100\/100|[from] item: Leftovers\n|upkeep\n|\n|t:|1682486779\n|switch|p1a: Gengar|Gengar, L50, M|100\/100\n|turn|3\n|\n|t:|1682486784\n|move|p2a: Dondozo|Rock Slide|p1a: Gengar|[spread] p1a,p1b\n|-resisted|p1b: Iron Treads\n|-damage|p1a: Gengar|24\/100\n|-damage|p1b: Iron Treads|95\/100\n|move|p1a: Gengar|Clear Smog|p2a: Dondozo\n|-supereffective|p2a: Dondozo\n|-damage|p2a: Dondozo|76\/100\n|-clearboost|p2a: Dondozo\n|move|p1b: Iron Treads|Ice Spinner|p2a: Dondozo\n|-supereffective|p2a: Dondozo\n|-damage|p2a: Dondozo|51\/100\n|\n|-heal|p2a: Dondozo|57\/100|[from] item: Leftovers\n|upkeep\n|turn|4\n|\n|t:|1682486803\n|move|p1a: Gengar|Nasty Plot|p1a: Gengar\n|-boost|p1a: Gengar|spa|2\n|move|p1b: Iron Treads|Ice Spinner|p2a: Dondozo\n|-supereffective|p2a: Dondozo\n|-damage|p2a: Dondozo|31\/100\n|move|p2a: Dondozo|Wave Crash|p1b: Iron Treads\n|-supereffective|p1b: Iron Treads\n|-damage|p1b: Iron Treads|25\/100\n|-damage|p2a: Dondozo|12\/100|[from] Recoil\n|\n|-heal|p2a: Dondozo|18\/100|[from] item: Leftovers\n|upkeep\n|turn|5\n|\n|t:|1682486821\n|-end|p1b: Iron Treads|Quark Drive|[silent]\n|switch|p1b: Scovillain|Scovillain, L50, M|100\/100\n|move|p1a: Gengar|Dazzling Gleam|p2b: Tatsugiri|[spread] p2a\n|-miss|p1a: Gengar|p2b: Tatsugiri\n|-damage|p2a: Dondozo|0 fnt\n|faint|p2a: Dondozo\n|\n|-ability|p1b: Scovillain|Moody|boost\n|-boost|p1b: Scovillain|spe|2\n|-unboost|p1b: Scovillain|atk|1\n|upkeep\n|\n|t:|1682486828\n|switch|p2a: Flutter Mane|Flutter Mane, L50|100\/100\n|turn|6\n|\n|t:|1682486842\n|move|p1a: Gengar|Protect|p1a: Gengar\n|-singleturn|p1a: Gengar|Protect\n|move|p2b: Tatsugiri|Muddy Water|p1b: Scovillain|[spread] p1b\n|-activate|p1a: Gengar|move: Protect\n|-damage|p1b: Scovillain|57\/100\n|move|p2a: Flutter Mane|Dazzling Gleam|p1a: Gengar|[spread] p1b\n|-activate|p1a: Gengar|move: Protect\n|-resisted|p1b: Scovillain\n|-damage|p1b: Scovillain|30\/100\n|move|p1b: Scovillain|Substitute|p1b: Scovillain\n|-start|p1b: Scovillain|Substitute\n|-damage|p1b: Scovillain|5\/100\n|-enditem|p1b: Scovillain|Wiki Berry|[eat]\n|-heal|p1b: Scovillain|38\/100|[from] item: Wiki Berry\n|\n|-ability|p1b: Scovillain|Moody|boost\n|-boost|p1b: Scovillain|spe|2\n|-unboost|p1b: Scovillain|def|1\n|upkeep\n|turn|7\n|\n|t:|1682486861\n|-terastallize|p1b: Scovillain|Grass\n|move|p1b: Scovillain|Giga Drain|p2b: Tatsugiri\n|-damage|p2b: Tatsugiri|50\/100\n|-heal|p1b: Scovillain|59\/100|[from] drain|[of] p2b: Tatsugiri\n|move|p2b: Tatsugiri|Muddy Water|p1a: Gengar|[spread] p1a\n|-miss|p2b: Tatsugiri|p1b: Scovillain\n|-damage|p1a: Gengar|0 fnt\n|-start|p2b: Tatsugiri|Disable|Muddy Water|[from] ability: Cursed Body|[of] p1a: Gengar\n|faint|p1a: Gengar\n|move|p2a: Flutter Mane|Dazzling Gleam|p1b: Scovillain\n|-end|p1b: Scovillain|Substitute\n|\n|-ability|p1b: Scovillain|Moody|boost\n|-boost|p1b: Scovillain|atk|2\n|-unboost|p1b: Scovillain|spe|1\n|upkeep\n|\n|t:|1682486878\n|switch|p1a: Iron Treads|Iron Treads, L50|25\/100\n|turn|8\n|\n|t:|1682486892\n|switch|p2b: Arcanine|Arcanine, L50, F|21\/100 par\n|-ability|p2b: Arcanine|Intimidate|boost\n|-unboost|p1a: Iron Treads|atk|1\n|-unboost|p1b: Scovillain|atk|1\n|move|p1b: Scovillain|Fire Fang|p2a: Flutter Mane\n|-damage|p2a: Flutter Mane|56\/100\n|move|p2a: Flutter Mane|Dazzling Gleam|p1a: Iron Treads|[spread] p1a,p1b\n|-resisted|p1a: Iron Treads\n|-damage|p1a: Iron Treads|0 fnt\n|-damage|p1b: Scovillain|0 fnt\n|faint|p1a: Iron Treads\n|-end|p1a: Iron Treads|Quark Drive|[silent]\n|faint|p1b: Scovillain\n|\n|win|rina slaywayama\n|raw|daveboy77's rating: 1549 → 1523<\/strong> (-26 for losing)\n|raw|rina slaywayama's rating: 1438 → 1464<\/strong> (+26 for winning)\n","uploadtime":1682486901,"views":18,"p1id":"daveboy77","p2id":"rinaslaywayama","formatid":"gen9vgc2023regulationc","rating":1464,"private":0,"password":""}