{"id":"gen9vgc2023regulationc-1857474312","p1":"lothlorien2000","p2":"Arcacagne","format":"[Gen 9] VGC 2023 Regulation C","log":"|j|\u2606lothlorien2000\n|j|\u2606Arcacagne\n|t:|1683198702\n|gametype|doubles\n|player|p1|lothlorien2000|steven|1204\n|player|p2|Arcacagne|265|1137\n|teamsize|p1|6\n|teamsize|p2|6\n|gen|9\n|tier|[Gen 9] VGC 2023 Regulation C\n|rated|\n|rule|Species Clause: Limit one of each Pok\u00e9mon\n|rule|Item Clause: Limit one of each item\n|clearpoke\n|poke|p1|Palafin, L50, F|\n|poke|p1|Lokix, L50, M|\n|poke|p1|Chien-Pao, L50|\n|poke|p1|Chi-Yu, L50|\n|poke|p1|Breloom, L50, M|\n|poke|p1|Iron Bundle, L50|\n|poke|p2|Chi-Yu, L50|\n|poke|p2|Flutter Mane, L50|\n|poke|p2|Amoonguss, L50, F|\n|poke|p2|Palafin, L50, M|\n|poke|p2|Kingambit, L50, M|\n|poke|p2|Arcanine, L50, M|\n|teampreview|4\n|inactive|Battle timer is ON: inactive players will automatically lose when time's up. (requested by Arcacagne)\n|\n|t:|1683198753\n|start\n|switch|p1a: Iron Bundle|Iron Bundle, L50|100\/100\n|switch|p1b: Chi-Yu|Chi-Yu, L50|100\/100\n|switch|p2a: Chi-Yu|Chi-Yu, L50|100\/100\n|switch|p2b: Amoonguss|Amoonguss, L50, F|100\/100\n|-ability|p1b: Chi-Yu|Beads of Ruin\n|-ability|p2a: Chi-Yu|Beads of Ruin\n|-enditem|p1a: Iron Bundle|Booster Energy\n|-activate|p1a: Iron Bundle|ability: Quark Drive|[fromitem]\n|-start|p1a: Iron Bundle|quarkdrivespe\n|turn|1\n|inactive|Arcacagne has 30 seconds left.\n|\n|t:|1683198788\n|-terastallize|p2b: Amoonguss|Water\n|move|p1a: Iron Bundle|Protect|p1a: Iron Bundle\n|-singleturn|p1a: Iron Bundle|Protect\n|move|p2b: Amoonguss|Rage Powder|p2b: Amoonguss\n|-singleturn|p2b: Amoonguss|move: Rage Powder\n|move|p1b: Chi-Yu|Overheat|p2b: Amoonguss|[miss]\n|-miss|p1b: Chi-Yu|p2b: Amoonguss\n|move|p2a: Chi-Yu|Nasty Plot|p2a: Chi-Yu\n|-boost|p2a: Chi-Yu|spa|2\n|\n|upkeep\n|turn|2\n|\n|t:|1683198809\n|move|p2b: Amoonguss|Rage Powder|p2b: Amoonguss\n|-singleturn|p2b: Amoonguss|move: Rage Powder\n|move|p1a: Iron Bundle|Freeze-Dry|p2b: Amoonguss\n|-supereffective|p2b: Amoonguss\n|-damage|p2b: Amoonguss|19\/100\n|-enditem|p2b: Amoonguss|Sitrus Berry|[eat]\n|-heal|p2b: Amoonguss|44\/100|[from] item: Sitrus Berry\n|move|p1b: Chi-Yu|Snarl|p2a: Chi-Yu|[spread] p2a,p2b\n|-resisted|p2a: Chi-Yu\n|-damage|p2a: Chi-Yu|89\/100\n|-damage|p2b: Amoonguss|17\/100\n|-unboost|p2a: Chi-Yu|spa|1\n|-unboost|p2b: Amoonguss|spa|1\n|move|p2a: Chi-Yu|Dark Pulse|p1a: Iron Bundle\n|-damage|p1a: Iron Bundle|0 fnt\n|faint|p1a: Iron Bundle\n|-end|p1a: Iron Bundle|Quark Drive|[silent]\n|\n|upkeep\n|\n|t:|1683198827\n|switch|p1a: Breloom|Breloom, L50, M|100\/100\n|turn|3\n|\n|t:|1683198845\n|switch|p2b: Kingambit|Kingambit, L50, M|100\/100\n|move|p2a: Chi-Yu|Protect|p2a: Chi-Yu\n|-singleturn|p2a: Chi-Yu|Protect\n|move|p1a: Breloom|Mach Punch|p2a: Chi-Yu\n|-activate|p2a: Chi-Yu|move: Protect\n|move|p1b: Chi-Yu|Snarl|p2a: Chi-Yu|[spread] p2b\n|-activate|p2a: Chi-Yu|move: Protect\n|-resisted|p2b: Kingambit\n|-damage|p2b: Kingambit|87\/100\n|-unboost|p2b: Kingambit|spa|1\n|-ability|p2b: Kingambit|Defiant|boost\n|-boost|p2b: Kingambit|atk|2\n|\n|upkeep\n|turn|4\n|\n|t:|1683198869\n|move|p1a: Breloom|Mach Punch|p2a: Chi-Yu\n|-supereffective|p2a: Chi-Yu\n|-damage|p2a: Chi-Yu|0 fnt\n|faint|p2a: Chi-Yu\n|-damage|p1a: Breloom|91\/100|[from] item: Life Orb\n|move|p1b: Chi-Yu|Overheat|p2b: Kingambit\n|-supereffective|p2b: Kingambit\n|-damage|p2b: Kingambit|0 fnt\n|-unboost|p1b: Chi-Yu|spa|2\n|faint|p2b: Kingambit\n|\n|upkeep\n|\n|t:|1683198881\n|switch|p2a: Amoonguss|Amoonguss, L50, F, tera:Water|50\/100\n|switch|p2b: Flutter Mane|Flutter Mane, L50|100\/100\n|-enditem|p2b: Flutter Mane|Booster Energy\n|-activate|p2b: Flutter Mane|ability: Protosynthesis|[fromitem]\n|-start|p2b: Flutter Mane|protosynthesisspa\n|turn|5\n|\n|t:|1683198899\n|move|p1a: Breloom|Mach Punch|p2a: Amoonguss\n|-damage|p2a: Amoonguss|12\/100\n|-damage|p1a: Breloom|81\/100|[from] item: Life Orb\n|move|p2b: Flutter Mane|Moonblast|p1a: Breloom\n|-supereffective|p1a: Breloom\n|-damage|p1a: Breloom|0 fnt\n|faint|p1a: Breloom\n|move|p1b: Chi-Yu|Snarl|p2b: Flutter Mane|[spread] p2a,p2b\n|-damage|p2a: Amoonguss|1\/100\n|-damage|p2b: Flutter Mane|87\/100\n|-unboost|p2a: Amoonguss|spa|1\n|-unboost|p2b: Flutter Mane|spa|1\n|move|p2a: Amoonguss|Spore|p1b: Chi-Yu\n|-status|p1b: Chi-Yu|slp|[from] move: Spore\n|\n|upkeep\n|\n|t:|1683198915\n|switch|p1a: Chien-Pao|Chien-Pao, L50|100\/100\n|-ability|p1a: Chien-Pao|Sword of Ruin\n|turn|6\n|\n|t:|1683198923\n|move|p1a: Chien-Pao|Protect|p1a: Chien-Pao\n|-singleturn|p1a: Chien-Pao|Protect\n|move|p2a: Amoonguss|Rage Powder|p2a: Amoonguss\n|-singleturn|p2a: Amoonguss|move: Rage Powder\n|move|p2b: Flutter Mane|Moonblast|p1a: Chien-Pao\n|-activate|p1a: Chien-Pao|move: Protect\n|cant|p1b: Chi-Yu|slp\n|\n|upkeep\n|turn|7\n|\n|t:|1683198945\n|move|p2a: Amoonguss|Rage Powder|p2a: Amoonguss\n|-singleturn|p2a: Amoonguss|move: Rage Powder\n|move|p1a: Chien-Pao|Crunch|p2a: Amoonguss\n|-damage|p2a: Amoonguss|0 fnt\n|faint|p2a: Amoonguss\n|move|p2b: Flutter Mane|Substitute|p2b: Flutter Mane\n|-start|p2b: Flutter Mane|Substitute\n|-damage|p2b: Flutter Mane|63\/100\n|cant|p1b: Chi-Yu|slp\n|\n|upkeep\n|turn|8\n|\n|t:|1683198962\n|move|p1a: Chien-Pao|Protect|p1a: Chien-Pao\n|-singleturn|p1a: Chien-Pao|Protect\n|move|p2b: Flutter Mane|Moonblast|p1b: Chi-Yu\n|-damage|p1b: Chi-Yu|70\/100 slp\n|-unboost|p1b: Chi-Yu|spa|1\n|cant|p1b: Chi-Yu|slp\n|\n|upkeep\n|turn|9\n|\n|t:|1683198977\n|-terastallize|p1a: Chien-Pao|Ghost\n|move|p1a: Chien-Pao|Crunch|p2b: Flutter Mane\n|-end|p2b: Flutter Mane|Substitute\n|move|p2b: Flutter Mane|Moonblast|p1a: Chien-Pao\n|-damage|p1a: Chien-Pao|11\/100\n|-curestatus|p1b: Chi-Yu|slp|[msg]\n|move|p1b: Chi-Yu|Snarl|p2b: Flutter Mane\n|-damage|p2b: Flutter Mane|50\/100\n|-unboost|p2b: Flutter Mane|spa|1\n|\n|upkeep\n|turn|10\n|\n|t:|1683198998\n|move|p1a: Chien-Pao|Crunch|p2b: Flutter Mane\n|-damage|p2b: Flutter Mane|0 fnt\n|faint|p2b: Flutter Mane\n|-end|p2b: Flutter Mane|Protosynthesis|[silent]\n|\n|win|lothlorien2000\n|raw|lothlorien2000's rating: 1204 → 1224<\/strong> (+20 for winning)\n|raw|Arcacagne's rating: 1137 → 1117<\/strong> (-20 for losing)\n","uploadtime":1683199012,"views":14,"p1id":"lothlorien2000","p2id":"arcacagne","formatid":"gen9vgc2023regulationc","rating":1117,"private":0,"password":""}