{"id":"gen9vgc2023regulationc-1855990031","p1":"alienparty","p2":"haha you rage quit","format":"[Gen 9] VGC 2023 Regulation C","log":"|j|\u2606alienparty\n|j|\u2606haha you rage quit\n|t:|1683013045\n|gametype|doubles\n|player|p1|alienparty|ninjaboy|1314\n|player|p2|haha you rage quit|pokemaniac|1368\n|teamsize|p1|6\n|teamsize|p2|6\n|gen|9\n|tier|[Gen 9] VGC 2023 Regulation C\n|rated|\n|rule|Species Clause: Limit one of each Pok\u00e9mon\n|rule|Item Clause: Limit one of each item\n|clearpoke\n|poke|p1|Gastrodon-East, L50, F|\n|poke|p1|Grimmsnarl, L50, M|\n|poke|p1|Annihilape, L50, M|\n|poke|p1|Iron Hands, L50|\n|poke|p1|Scizor, L50, M|\n|poke|p1|Sylveon, L50, F|\n|poke|p2|Kingambit, L50, M|\n|poke|p2|Annihilape, L50, M|\n|poke|p2|Indeedee-F, L50, F|\n|poke|p2|Hatterene, L50, F|\n|poke|p2|Grimmsnarl, L50, M|\n|poke|p2|Torkoal, L50, M|\n|teampreview|4\n|\n|t:|1683013080\n|start\n|switch|p1a: Scizor|Scizor, L50, M|100\/100\n|switch|p1b: Sylveon|Sylveon, L50, F|100\/100\n|switch|p2a: Annihilape|Annihilape, L50, M|100\/100\n|switch|p2b: Grimmsnarl|Grimmsnarl, L50, M, shiny|100\/100\n|turn|1\n|inactive|Battle timer is ON: inactive players will automatically lose when time's up. (requested by alienparty)\n|inactive|haha you rage quit has 60 seconds left.\n|\n|t:|1683013118\n|-terastallize|p2a: Annihilape|Fire\n|move|p2b: Grimmsnarl|Reflect|p2b: Grimmsnarl\n|-sidestart|p2: haha you rage quit|Reflect\n|move|p2a: Annihilape|Bulk Up|p2a: Annihilape\n|-boost|p2a: Annihilape|atk|1\n|-boost|p2a: Annihilape|def|1\n|move|p1a: Scizor|Swords Dance|p1a: Scizor\n|-boost|p1a: Scizor|atk|2\n|move|p1b: Sylveon|Tera Blast|p2b: Grimmsnarl\n|-supereffective|p2b: Grimmsnarl\n|-damage|p2b: Grimmsnarl|26\/100\n|\n|upkeep\n|turn|2\n|inactive|alienparty has 30 seconds left.\n|\n|t:|1683013151\n|move|p2b: Grimmsnarl|Light Screen|p2b: Grimmsnarl\n|-sidestart|p2: haha you rage quit|move: Light Screen\n|move|p2a: Annihilape|Bulk Up|p2a: Annihilape\n|-boost|p2a: Annihilape|atk|1\n|-boost|p2a: Annihilape|def|1\n|move|p1a: Scizor|Swords Dance|p1a: Scizor\n|-boost|p1a: Scizor|atk|2\n|move|p1b: Sylveon|Tera Blast|p2b: Grimmsnarl\n|-supereffective|p2b: Grimmsnarl\n|-damage|p2b: Grimmsnarl|0 fnt\n|faint|p2b: Grimmsnarl\n|\n|upkeep\n|inactive|haha you rage quit has 30 seconds left.\n|\n|t:|1683013176\n|switch|p2b: Kingambit|Kingambit, L50, M, shiny|100\/100\n|turn|3\n|\n|t:|1683013187\n|-terastallize|p1b: Sylveon|Water\n|move|p2a: Annihilape|Drain Punch|p1a: Scizor\n|-damage|p1a: Scizor|30\/100\n|move|p1a: Scizor|U-turn|p2b: Kingambit\n|-damage|p2b: Kingambit|39\/100\n|\n|t:|1683013194\n|switch|p1a: MVP|Gastrodon-East, L50, F|100\/100|[from] U-turn\n|move|p1b: Sylveon|Hyper Voice|p2a: Annihilape|[spread] p2a,p2b\n|-resisted|p2a: Annihilape\n|-crit|p2b: Kingambit\n|-damage|p2a: Annihilape|90\/100\n|-damage|p2b: Kingambit|0 fnt\n|faint|p2b: Kingambit\n|-enditem|p1b: Sylveon|Throat Spray\n|-boost|p1b: Sylveon|spa|1|[from] item: Throat Spray\n|\n|-heal|p2a: Annihilape|97\/100|[from] item: Leftovers\n|upkeep\n|\n|t:|1683013202\n|switch|p2b: Indeedee|Indeedee-F, L50, F, shiny|100\/100\n|-fieldstart|move: Psychic Terrain|[from] ability: Psychic Surge|[of] p2b: Indeedee\n|-enditem|p2b: Indeedee|Psychic Seed\n|-boost|p2b: Indeedee|spd|1|[from] item: Psychic Seed\n|turn|4\n|inactive|haha you rage quit has 30 seconds left.\n|inactive|haha you rage quit has 20 seconds left.\n|\n|t:|1683013237\n|move|p2b: Indeedee|Helping Hand|p2a: Annihilape\n|-singleturn|p2a: Annihilape|Helping Hand|[of] p2b: Indeedee\n|move|p2a: Annihilape|Rage Fist|p1a: MVP\n|-damage|p1a: MVP|0 fnt\n|faint|p1a: MVP\n|move|p1b: Sylveon|Tera Blast|p2b: Indeedee\n|-damage|p2b: Indeedee|78\/100\n|\n|-heal|p2a: Annihilape|100\/100|[from] item: Leftovers\n|upkeep\n|\n|t:|1683013249\n|switch|p1a: Iron Hands|Iron Hands, L50|100\/100\n|turn|5\n|\n|t:|1683013258\n|move|p2b: Indeedee|Helping Hand|p2a: Annihilape\n|-singleturn|p2a: Annihilape|Helping Hand|[of] p2b: Indeedee\n|move|p1b: Sylveon|Protect|p1b: Sylveon\n|-singleturn|p1b: Sylveon|Protect\n|move|p2a: Annihilape|Rage Fist|p1a: Iron Hands\n|-damage|p1a: Iron Hands|7\/100\n|move|p1a: Iron Hands|Drain Punch|p2b: Indeedee\n|-damage|p2b: Indeedee|47\/100\n|-heal|p1a: Iron Hands|20\/100|[from] drain|[of] p2b: Indeedee\n|\n|upkeep\n|turn|6\n|\n|t:|1683013282\n|move|p1a: Iron Hands|Protect|p1a: Iron Hands\n|-singleturn|p1a: Iron Hands|Protect\n|move|p2b: Indeedee|Follow Me|p2b: Indeedee\n|-singleturn|p2b: Indeedee|move: Follow Me\n|move|p2a: Annihilape|Rage Fist|p1a: Iron Hands\n|-activate|p1a: Iron Hands|move: Protect\n|move|p1b: Sylveon|Tera Blast|p2b: Indeedee\n|-damage|p2b: Indeedee|22\/100\n|\n|upkeep\n|turn|7\n|c|\u2606alienparty|gg\n|\n|t:|1683013293\n|move|p2b: Indeedee|Follow Me|p2b: Indeedee\n|-singleturn|p2b: Indeedee|move: Follow Me\n|move|p2a: Annihilape|Rage Fist|p1a: Iron Hands\n|-damage|p1a: Iron Hands|0 fnt\n|faint|p1a: Iron Hands\n|-end|p1a: Iron Hands|Quark Drive|[silent]\n|move|p1b: Sylveon|Tera Blast|p2b: Indeedee\n|-damage|p2b: Indeedee|0 fnt\n|faint|p2b: Indeedee\n|\n|upkeep\n|\n|t:|1683013301\n|switch|p1a: Scizor|Scizor, L50, M|30\/100\n|turn|8\n|\n|t:|1683013313\n|move|p1b: Sylveon|Protect|p1b: Sylveon\n|-singleturn|p1b: Sylveon|Protect\n|move|p2a: Annihilape|Rage Fist|p1b: Sylveon\n|-activate|p1b: Sylveon|move: Protect\n|move|p1a: Scizor|Swords Dance|p1a: Scizor\n|-boost|p1a: Scizor|atk|2\n|\n|-sideend|p2: haha you rage quit|Reflect\n|-fieldend|move: Psychic Terrain\n|upkeep\n|turn|9\n|\n|t:|1683013325\n|move|p2a: Annihilape|Rage Fist|p1b: Sylveon\n|-damage|p1b: Sylveon|0 fnt\n|faint|p1b: Sylveon\n|move|p1a: Scizor|Swords Dance|p1a: Scizor\n|-boost|p1a: Scizor|atk|2\n|\n|-sideend|p2: haha you rage quit|move: Light Screen\n|upkeep\n|turn|10\n|\n|t:|1683013332\n|move|p1a: Scizor|Bullet Punch|p2a: Annihilape\n|-resisted|p2a: Annihilape\n|-damage|p2a: Annihilape|76\/100\n|move|p2a: Annihilape|Rage Fist|p1a: Scizor\n|-damage|p1a: Scizor|0 fnt\n|faint|p1a: Scizor\n|\n|win|haha you rage quit\n|raw|alienparty's rating: 1314 → 1297<\/strong> (-17 for losing)\n|raw|haha you rage quit's rating: 1368 → 1385<\/strong> (+17 for winning)\n|l|\u2606alienparty\n|l|\u2606haha you rage quit\n|j|\u2606haha you rage quit\n|player|p2|haha you rage quit|pokemaniac\n","uploadtime":1683013359,"views":16,"p1id":"alienparty","p2id":"hahayouragequit","formatid":"gen9vgc2023regulationc","rating":1297,"private":0,"password":""}