{"id":"gen9vgc2023regulationc-1846401555","p1":"tezkanagwar2","p2":"Asd4321","format":"[Gen 9] VGC 2023 Regulation C","log":"|j|\u2606tezkanagwar2\n|j|\u2606Asd4321\n|t:|1681837947\n|gametype|doubles\n|player|p1|tezkanagwar2|170|1171\n|player|p2|Asd4321|supernerd|1177\n|teamsize|p1|6\n|teamsize|p2|6\n|gen|9\n|tier|[Gen 9] VGC 2023 Regulation C\n|rated|\n|rule|Species Clause: Limit one of each Pok\u00e9mon\n|rule|Item Clause: Limit one of each item\n|clearpoke\n|poke|p1|Murkrow, L50, M|\n|poke|p1|Flutter Mane, L50|\n|poke|p1|Indeedee-F, L50, F|\n|poke|p1|Chi-Yu, L50|\n|poke|p1|Tyranitar, L50, M|\n|poke|p1|Lycanroc, L50, M|\n|poke|p2|Chi-Yu, L50|\n|poke|p2|Flutter Mane, L50|\n|poke|p2|Great Tusk, L50|\n|poke|p2|Corviknight, L50, F|\n|poke|p2|Palafin, L50, F|\n|poke|p2|Amoonguss, L50, F|\n|teampreview|4\n|\n|t:|1681837994\n|start\n|switch|p1a: Flutter Mane|Flutter Mane, L50|100\/100\n|switch|p1b: Chi-Yu|Chi-Yu, L50|100\/100\n|switch|p2a: Corviknight|Corviknight, L50, F|100\/100\n|switch|p2b: Palafin|Palafin, L50, F|100\/100\n|-ability|p1b: Chi-Yu|Beads of Ruin\n|turn|1\n|\n|t:|1681838032\n|switch|p1b: Indeedee|Indeedee-F, L50, F|100\/100\n|-fieldstart|move: Psychic Terrain|[from] ability: Psychic Surge|[of] p1b: Indeedee\n|-terastallize|p2b: Palafin|Water\n|move|p1a: Flutter Mane|Protect|p1a: Flutter Mane\n|-singleturn|p1a: Flutter Mane|Protect\n|move|p2b: Palafin|Jet Punch|p1b: Indeedee\n|-activate|p1b: Indeedee|move: Psychic Terrain\n|move|p2a: Corviknight|Tailwind|p2a: Corviknight\n|-sidestart|p2: Asd4321|move: Tailwind\n|\n|upkeep\n|turn|2\n|\n|t:|1681838048\n|-terastallize|p1a: Flutter Mane|Fairy\n|move|p1b: Indeedee|Follow Me|p1b: Indeedee\n|-singleturn|p1b: Indeedee|move: Follow Me\n|move|p2b: Palafin|Wave Crash|p1b: Indeedee\n|-damage|p1b: Indeedee|16\/100\n|-enditem|p1b: Indeedee|Sitrus Berry|[eat]\n|-heal|p1b: Indeedee|41\/100|[from] item: Sitrus Berry\n|-damage|p2b: Palafin|76\/100|[from] Recoil\n|move|p1a: Flutter Mane|Moonblast|p2b: Palafin\n|-damage|p2b: Palafin|0 fnt\n|faint|p2b: Palafin\n|-damage|p1a: Flutter Mane|91\/100|[from] item: Life Orb\n|move|p2a: Corviknight|Taunt|p1b: Indeedee\n|-start|p1b: Indeedee|move: Taunt\n|\n|upkeep\n|\n|t:|1681838053\n|switch|p2b: Great Tusk|Great Tusk, L50|100\/100\n|turn|3\n|\n|t:|1681838075\n|move|p1a: Flutter Mane|Protect|p1a: Flutter Mane\n|-singleturn|p1a: Flutter Mane|Protect\n|move|p2b: Great Tusk|Headlong Rush|p1a: Flutter Mane\n|-activate|p1a: Flutter Mane|move: Protect\n|move|p2a: Corviknight|Brave Bird|p1b: Indeedee\n|-damage|p1b: Indeedee|0 fnt\n|faint|p1b: Indeedee\n|-damage|p2a: Corviknight|89\/100|[from] Recoil\n|\n|upkeep\n|\n|t:|1681838093\n|switch|p1b: Lycanroc|Lycanroc, L50, M|100\/100\n|turn|4\n|\n|t:|1681838116\n|move|p1a: Flutter Mane|Protect||[still]\n|-fail|p1a: Flutter Mane\n|move|p1b: Lycanroc|Protect|p1b: Lycanroc\n|-singleturn|p1b: Lycanroc|Protect\n|move|p2b: Great Tusk|Headlong Rush|p1b: Lycanroc\n|-activate|p1b: Lycanroc|move: Protect\n|move|p2a: Corviknight|Brave Bird|p1b: Lycanroc\n|-activate|p1b: Lycanroc|move: Protect\n|\n|-sideend|p2: Asd4321|move: Tailwind\n|upkeep\n|turn|5\n|\n|t:|1681838134\n|move|p2b: Great Tusk|Protect|p2b: Great Tusk\n|-singleturn|p2b: Great Tusk|Protect\n|move|p1a: Flutter Mane|Moonblast|p2b: Great Tusk\n|-activate|p2b: Great Tusk|move: Protect\n|move|p1b: Lycanroc|Rock Slide|p2b: Great Tusk|[spread] p2a\n|-activate|p2b: Great Tusk|move: Protect\n|-damage|p2a: Corviknight|70\/100\n|move|p2a: Corviknight|Tailwind|p2a: Corviknight\n|-sidestart|p2: Asd4321|move: Tailwind\n|\n|-fieldend|move: Psychic Terrain\n|upkeep\n|turn|6\n|\n|t:|1681838156\n|move|p2b: Great Tusk|Headlong Rush|p1a: Flutter Mane\n|-damage|p1a: Flutter Mane|0 fnt\n|-unboost|p2b: Great Tusk|def|1\n|-unboost|p2b: Great Tusk|spd|1\n|faint|p1a: Flutter Mane\n|-end|p1a: Flutter Mane|Protosynthesis|[silent]\n|move|p2a: Corviknight|Brave Bird|p1b: Lycanroc\n|-resisted|p1b: Lycanroc\n|-damage|p1b: Lycanroc|67\/100\n|-damage|p2a: Corviknight|62\/100|[from] Recoil\n|move|p1b: Lycanroc|Rock Slide|p2a: Corviknight|[spread] p2a,p2b\n|-resisted|p2b: Great Tusk\n|-damage|p2a: Corviknight|43\/100\n|-damage|p2b: Great Tusk|93\/100\n|-enditem|p2a: Corviknight|Sitrus Berry|[eat]\n|-heal|p2a: Corviknight|68\/100|[from] item: Sitrus Berry\n|\n|upkeep\n|-message|tezkanagwar2 forfeited.\n|\n|win|Asd4321\n|raw|tezkanagwar2's rating: 1171 → 1146<\/strong> (-25 for losing)\n|raw|Asd4321's rating: 1177 → 1202<\/strong> (+25 for winning)\n|l|\u2606tezkanagwar2\n","uploadtime":1681838174,"views":9,"p1id":"tezkanagwar2","p2id":"asd4321","formatid":"gen9vgc2023regulationc","rating":1146,"private":0,"password":""}