{"id":"gen9vgc2023regulationc-1848648821","p1":"Can'tStopFalling","p2":"Malaro","format":"[Gen 9] VGC 2023 Regulation C","log":"|j|\u2606Can'tStopFalling\n|j|\u2606Malaro\n|t:|1682097543\n|gametype|doubles\n|player|p1|Can'tStopFalling|clair|1322\n|player|p2|Malaro|265|1275\n|teamsize|p1|6\n|teamsize|p2|6\n|gen|9\n|tier|[Gen 9] VGC 2023 Regulation C\n|rated|\n|rule|Species Clause: Limit one of each Pok\u00e9mon\n|rule|Item Clause: Limit one of each item\n|clearpoke\n|poke|p1|Palafin, L50, M|\n|poke|p1|Amoonguss, L50, M|\n|poke|p1|Arcanine, L50, F|\n|poke|p1|Flutter Mane, L50|\n|poke|p1|Stonjourner, L50, M|\n|poke|p1|Farigiraf, L50, F|\n|poke|p2|Gastrodon, L50, F|\n|poke|p2|Gyarados, L50, F|\n|poke|p2|Annihilape, L50, M|\n|poke|p2|Vivillon, L50, M|\n|poke|p2|Grimmsnarl, L50, M|\n|poke|p2|Flutter Mane, L50|\n|teampreview|4\n|inactive|Battle timer is ON: inactive players will automatically lose when time's up. (requested by Malaro)\n|inactive|Can'tStopFalling has 60 seconds left.\nMalaro has agreed to open team sheets.\n|\n|t:|1682097593\n|start\n|switch|p1a: Papaya|Stonjourner, L50, M|100\/100\n|switch|p1b: Passionfruit|Flutter Mane, L50|100\/100\n|switch|p2a: Annihilape|Annihilape, L50, M|100\/100\n|switch|p2b: Grimmsnarl|Grimmsnarl, L50, M|100\/100\n|-enditem|p1b: Passionfruit|Booster Energy\n|-activate|p1b: Passionfruit|ability: Protosynthesis|[fromitem]\n|-start|p1b: Passionfruit|protosynthesisspa\n|turn|1\n|\n|t:|1682097618\n|-terastallize|p2a: Annihilape|Fire\n|move|p1a: Papaya|Protect|p1a: Papaya\n|-singleturn|p1a: Papaya|Protect\n|move|p2b: Grimmsnarl|Reflect|p2b: Grimmsnarl\n|-sidestart|p2: Malaro|Reflect\n|move|p1b: Passionfruit|Dazzling Gleam|p2a: Annihilape|[spread] p2a,p2b\n|-resisted|p2a: Annihilape\n|-supereffective|p2b: Grimmsnarl\n|-damage|p2a: Annihilape|81\/100\n|-damage|p2b: Grimmsnarl|8\/100\n|move|p2a: Annihilape|Rage Fist|p1b: Passionfruit\n|-supereffective|p1b: Passionfruit\n|-damage|p1b: Passionfruit|0 fnt\n|faint|p1b: Passionfruit\n|-end|p1b: Passionfruit|Protosynthesis|[silent]\n|\n|-heal|p2a: Annihilape|87\/100|[from] item: Leftovers\n|upkeep\n|\n|t:|1682097627\n|switch|p1b: Cherry|Farigiraf, L50, F, shiny|100\/100\n|turn|2\n|\n|t:|1682097638\n|-terastallize|p1a: Papaya|Rock\n|move|p2b: Grimmsnarl|Light Screen|p2b: Grimmsnarl\n|-sidestart|p2: Malaro|move: Light Screen\n|move|p1a: Papaya|Rock Slide|p2b: Grimmsnarl|[spread] p2a,p2b\n|-supereffective|p2a: Annihilape\n|-damage|p2a: Annihilape|44\/100\n|-damage|p2b: Grimmsnarl|0 fnt\n|faint|p2b: Grimmsnarl\n|cant|p2a: Annihilape|flinch\n|move|p1b: Cherry|Skill Swap|p1a: Papaya\n|-activate|p1b: Cherry|move: Skill Swap|||[of] p1a: Papaya\n|\n|-heal|p2a: Annihilape|50\/100|[from] item: Leftovers\n|upkeep\n|inactive|Malaro has 30 seconds left.\n|\n|t:|1682097664\n|switch|p2b: Flutter Mane|Flutter Mane, L50|100\/100\n|turn|3\n|\n|t:|1682097680\n|move|p2b: Flutter Mane|Dazzling Gleam|p1a: Papaya|[spread] p1a,p1b\n|-damage|p1a: Papaya|3\/100\n|-damage|p1b: Cherry|73\/100\n|move|p1a: Papaya|Rock Slide|p2a: Annihilape|[spread] p2a,p2b\n|-supereffective|p2a: Annihilape\n|-damage|p2a: Annihilape|0 fnt\n|-damage|p2b: Flutter Mane|14\/100\n|faint|p2a: Annihilape\n|move|p1b: Cherry|Psyshock|p2b: Flutter Mane\n|-damage|p2b: Flutter Mane|0 fnt\n|faint|p2b: Flutter Mane\n|-end|p2b: Flutter Mane|Protosynthesis|[silent]\n|\n|upkeep\n|inactive|Malaro has 30 seconds left.\n|\n|t:|1682097709\n|switch|p2b: Gastrodon|Gastrodon, L50, F|100\/100\n|turn|4\n|\n|t:|1682097724\n|move|p1a: Papaya|Protect|p1a: Papaya\n|-singleturn|p1a: Papaya|Protect\n|move|p1b: Cherry|Skill Swap|p2b: Gastrodon\n|-activate|p1b: Cherry|move: Skill Swap|Storm Drain|Power Spot|[of] p2b: Gastrodon\n|move|p2b: Gastrodon|Muddy Water|p1b: Cherry|[spread] \n|-activate|p1a: Papaya|move: Protect\n|-ability|p1b: Cherry|Storm Drain|boost\n|-boost|p1b: Cherry|spa|1\n|\n|upkeep\n|turn|5\n|c|\u2606Malaro|nice\n|c|\u2606Malaro|lol\n|c|\u2606Can'tStopFalling|Ty\n|inactive|Malaro has 30 seconds left.\n|c|\u2606Malaro|gg\n|-message|Malaro forfeited.\n|\n|win|Can'tStopFalling\n|raw|Can'tStopFalling's rating: 1322 → 1339<\/strong> (+17 for winning)\n|raw|Malaro's rating: 1275 → 1253<\/strong> (-22 for losing)\n|l|\u2606Malaro\n","uploadtime":1682097760,"views":20,"p1id":"cantstopfalling","p2id":"malaro","formatid":"gen9vgc2023regulationc","rating":1253,"private":0,"password":""}