{"id":"gen9vgc2023regulationc-1858144988","p1":"Sgargog","p2":"Bout It 27","format":"[Gen 9] VGC 2023 Regulation C","log":"|j|\u2606Sgargog\n|j|\u2606Bout It 27\n|t:|1683282905\n|gametype|doubles\n|player|p1|Sgargog|riley|1239\n|player|p2|Bout It 27|1|1343\n|teamsize|p1|6\n|teamsize|p2|6\n|gen|9\n|tier|[Gen 9] VGC 2023 Regulation C\n|rated|\n|rule|Species Clause: Limit one of each Pok\u00e9mon\n|rule|Item Clause: Limit one of each item\n|clearpoke\n|poke|p1|Flutter Mane, L50|\n|poke|p1|Dragonite, L50, M|\n|poke|p1|Arcanine, L50, M|\n|poke|p1|Amoonguss, L50, M|\n|poke|p1|Iron Bundle, L50|\n|poke|p1|Scizor, L50, M|\n|poke|p2|Murkrow, L50, M|\n|poke|p2|Haxorus, L50, F|\n|poke|p2|Chi-Yu, L50|\n|poke|p2|Amoonguss, L50, F|\n|poke|p2|Garganacl, L50, M|\n|poke|p2|Chien-Pao, L50|\n|teampreview|4\n|\n|t:|1683282936\n|start\n|switch|p1a: Iron Bundle|Iron Bundle, L50|100\/100\n|switch|p1b: Dragonite|Dragonite, L50, M|100\/100\n|switch|p2a: Haxorus|Haxorus, L50, F, shiny|100\/100\n|switch|p2b: Murkrow|Murkrow, L50, M|100\/100\n|-ability|p2a: Haxorus|Mold Breaker\n|turn|1\n|\n|t:|1683282992\n|switch|p1b: Flutter Mane|Flutter Mane, L50|100\/100\n|-enditem|p1b: Flutter Mane|Booster Energy\n|-activate|p1b: Flutter Mane|ability: Protosynthesis|[fromitem]\n|-start|p1b: Flutter Mane|protosynthesisspe\n|move|p2b: Murkrow|Tailwind|p2b: Murkrow\n|-sidestart|p2: Bout It 27|move: Tailwind\n|move|p2a: Haxorus|Breaking Swipe|p1b: Flutter Mane|[spread] p1a\n|-immune|p1b: Flutter Mane\n|-crit|p1a: Iron Bundle\n|-damage|p1a: Iron Bundle|35\/100\n|-unboost|p1a: Iron Bundle|atk|1\n|-damage|p2a: Haxorus|91\/100|[from] item: Life Orb\n|move|p1a: Iron Bundle|Blizzard|p2b: Murkrow|[spread] p2a\n|-miss|p1a: Iron Bundle|p2b: Murkrow\n|-supereffective|p2a: Haxorus\n|-damage|p2a: Haxorus|0 fnt\n|faint|p2a: Haxorus\n|\n|upkeep\n|\n|t:|1683283013\n|switch|p2a: Garganacl|Garganacl, L50, M|100\/100\n|turn|2\n|\n|t:|1683283033\n|-terastallize|p1b: Flutter Mane|Fairy\n|move|p1a: Iron Bundle|Protect|p1a: Iron Bundle\n|-singleturn|p1a: Iron Bundle|Protect\n|move|p1b: Flutter Mane|Dazzling Gleam|p2a: Garganacl|[spread] p2a,p2b\n|-supereffective|p2b: Murkrow\n|-damage|p2a: Garganacl|64\/100\n|-damage|p2b: Murkrow|5\/100\n|move|p2b: Murkrow|Foul Play|p1b: Flutter Mane\n|-resisted|p1b: Flutter Mane\n|-damage|p1b: Flutter Mane|83\/100\n|move|p2a: Garganacl|Salt Cure|p1b: Flutter Mane\n|-damage|p1b: Flutter Mane|41\/100\n|-start|p1b: Flutter Mane|Salt Cure\n|\n|-damage|p1b: Flutter Mane|29\/100|[from] Salt Cure\n|upkeep\n|turn|3\n|\n|t:|1683283064\n|move|p2a: Garganacl|Wide Guard|p2a: Garganacl\n|-singleturn|p2a: Garganacl|Wide Guard\n|move|p1b: Flutter Mane|Dazzling Gleam|p2a: Garganacl|[spread] \n|-activate|p2a: Garganacl|move: Wide Guard\n|-activate|p2b: Murkrow|move: Wide Guard\n|move|p2b: Murkrow|Foul Play|p1a: Iron Bundle\n|-damage|p1a: Iron Bundle|17\/100\n|move|p1a: Iron Bundle|Blizzard|p2b: Murkrow|[spread] \n|-activate|p2a: Garganacl|move: Wide Guard\n|-activate|p2b: Murkrow|move: Wide Guard\n|\n|-damage|p1b: Flutter Mane|17\/100|[from] Salt Cure\n|upkeep\n|turn|4\n|\n|t:|1683283092\n|switch|p2b: Chien-Pao|Chien-Pao, L50|100\/100\n|-ability|p2b: Chien-Pao|Sword of Ruin\n|move|p1b: Flutter Mane|Energy Ball|p2a: Garganacl\n|-supereffective|p2a: Garganacl\n|-damage|p2a: Garganacl|10\/100\n|-enditem|p2a: Garganacl|Figy Berry|[eat]\n|-heal|p2a: Garganacl|43\/100|[from] item: Figy Berry\n|move|p1a: Iron Bundle|Freeze-Dry|p2b: Chien-Pao\n|-resisted|p2b: Chien-Pao\n|-damage|p2b: Chien-Pao|74\/100\n|move|p2a: Garganacl|Recover|p2a: Garganacl\n|-heal|p2a: Garganacl|94\/100\n|\n|-damage|p1b: Flutter Mane|4\/100|[from] Salt Cure\n|-sideend|p2: Bout It 27|move: Tailwind\n|upkeep\n|turn|5\n|\n|t:|1683283117\n|move|p1b: Flutter Mane|Protect|p1b: Flutter Mane\n|-singleturn|p1b: Flutter Mane|Protect\n|move|p2b: Chien-Pao|Sucker Punch||[still]\n|-fail|p2b: Chien-Pao\n|move|p1a: Iron Bundle|Hydro Pump|p2a: Garganacl|[miss]\n|-miss|p1a: Iron Bundle|p2a: Garganacl\n|move|p2a: Garganacl|Salt Cure|p1a: Iron Bundle\n|-supereffective|p1a: Iron Bundle\n|-crit|p1a: Iron Bundle\n|-damage|p1a: Iron Bundle|0 fnt\n|faint|p1a: Iron Bundle\n|-end|p1a: Iron Bundle|Quark Drive|[silent]\n|\n|-damage|p1b: Flutter Mane|0 fnt|[from] Salt Cure\n|faint|p1b: Flutter Mane\n|-end|p1b: Flutter Mane|Protosynthesis|[silent]\n|upkeep\n|\n|t:|1683283127\n|switch|p1a: Dragonite|Dragonite, L50, M|100\/100\n|switch|p1b: Scizor|Scizor, L50, M|100\/100\n|turn|6\n|\n|t:|1683283145\n|move|p2b: Chien-Pao|Protect|p2b: Chien-Pao\n|-singleturn|p2b: Chien-Pao|Protect\n|move|p1b: Scizor|Bullet Punch|p2b: Chien-Pao\n|-activate|p2b: Chien-Pao|move: Protect\n|move|p1a: Dragonite|Brick Break|p2a: Garganacl\n|-supereffective|p2a: Garganacl\n|-damage|p2a: Garganacl|6\/100\n|move|p2a: Garganacl|Salt Cure|p1b: Scizor\n|-damage|p1b: Scizor|76\/100\n|-start|p1b: Scizor|Salt Cure\n|\n|-damage|p1b: Scizor|51\/100|[from] Salt Cure\n|upkeep\n|turn|7\n|\n|t:|1683283164\n|switch|p2b: Murkrow|Murkrow, L50, M|5\/100\n|move|p1b: Scizor|Bullet Punch|p2b: Murkrow\n|-damage|p2b: Murkrow|0 fnt\n|faint|p2b: Murkrow\n|-damage|p1b: Scizor|42\/100|[from] item: Life Orb\n|move|p1a: Dragonite|Brick Break|p2a: Garganacl\n|-supereffective|p2a: Garganacl\n|-damage|p2a: Garganacl|0 fnt\n|faint|p2a: Garganacl\n|\n|-damage|p1b: Scizor|17\/100|[from] Salt Cure\n|upkeep\n|\n|t:|1683283180\n|switch|p2b: Chien-Pao|Chien-Pao, L50|74\/100\n|-ability|p2b: Chien-Pao|Sword of Ruin\n|turn|8\n|\n|t:|1683283187\n|move|p2b: Chien-Pao|Protect|p2b: Chien-Pao\n|-singleturn|p2b: Chien-Pao|Protect\n|move|p1b: Scizor|Bullet Punch|p2b: Chien-Pao\n|-activate|p2b: Chien-Pao|move: Protect\n|move|p1a: Dragonite|Brick Break|p2b: Chien-Pao\n|-activate|p2b: Chien-Pao|move: Protect\n|\n|-damage|p1b: Scizor|0 fnt|[from] Salt Cure\n|faint|p1b: Scizor\n|upkeep\n|turn|9\n|\n|t:|1683283201\n|move|p2b: Chien-Pao|Ice Spinner|p1a: Dragonite\n|-supereffective|p1a: Dragonite\n|-damage|p1a: Dragonite|0 fnt\n|faint|p1a: Dragonite\n|\n|win|Bout It 27\n|raw|Sgargog's rating: 1239 → 1221<\/strong> (-18 for losing)\n|raw|Bout It 27's rating: 1343 → 1357<\/strong> (+14 for winning)\n|l|\u2606Sgargog\n","uploadtime":1683283238,"views":11,"p1id":"sgargog","p2id":"boutit27","formatid":"gen9vgc2023regulationc","rating":1221,"private":0,"password":""}