{"id":"gen9vgc2023regulationc-1859673150","p1":"UncleDrewTest","p2":"AllTheBilgamesh","format":"[Gen 9] VGC 2023 Regulation C","log":"|j|\u2606UncleDrewTest\n|j|\u2606AllTheBilgamesh\n|t:|1683554871\n|gametype|doubles\n|player|p1|UncleDrewTest|benga|1320\n|player|p2|AllTheBilgamesh|n|1276\n|teamsize|p1|6\n|teamsize|p2|6\n|gen|9\n|tier|[Gen 9] VGC 2023 Regulation C\n|rated|\n|rule|Species Clause: Limit one of each Pok\u00e9mon\n|rule|Item Clause: Limit one of each item\n|clearpoke\n|poke|p1|Orthworm, L50, M|\n|poke|p1|Dragonite, L50, F|\n|poke|p1|Ting-Lu, L50|\n|poke|p1|Gyarados, L50, M|\n|poke|p1|Flutter Mane, L50|\n|poke|p1|Chien-Pao, L50|\n|poke|p2|Hydreigon, L50, M|\n|poke|p2|Chi-Yu, L50|\n|poke|p2|Flutter Mane, L50|\n|poke|p2|Kingambit, L50, M|\n|poke|p2|Great Tusk, L50|\n|poke|p2|Torkoal, L50, F|\n|teampreview|4\n|\n|t:|1683554896\n|start\n|switch|p1a: Orthworm|Orthworm, L50, M|100\/100\n|switch|p1b: Ting-Lu|Ting-Lu, L50|100\/100\n|switch|p2a: Torkoal|Torkoal, L50, F|100\/100\n|switch|p2b: Great Tusk|Great Tusk, L50|100\/100\n|-ability|p1b: Ting-Lu|Vessel of Ruin\n|-weather|SunnyDay|[from] ability: Drought|[of] p2a: Torkoal\n|-activate|p2b: Great Tusk|ability: Protosynthesis\n|-start|p2b: Great Tusk|protosynthesisatk\n|turn|1\n|\n|t:|1683554917\n|-terastallize|p1a: Orthworm|Fire\n|move|p2a: Torkoal|Helping Hand|p2b: Great Tusk\n|-singleturn|p2b: Great Tusk|Helping Hand|[of] p2a: Torkoal\n|move|p2b: Great Tusk|Close Combat|p1b: Ting-Lu\n|-supereffective|p1b: Ting-Lu\n|-damage|p1b: Ting-Lu|0 fnt\n|-unboost|p2b: Great Tusk|def|1\n|-unboost|p2b: Great Tusk|spd|1\n|faint|p1b: Ting-Lu\n|move|p1a: Orthworm|Iron Defense|p1a: Orthworm\n|-boost|p1a: Orthworm|def|2\n|\n|-weather|SunnyDay|[upkeep]\n|upkeep\n|\n|t:|1683554927\n|switch|p1b: Flutter Mane|Flutter Mane, L50|100\/100\n|-activate|p1b: Flutter Mane|ability: Protosynthesis\n|-start|p1b: Flutter Mane|protosynthesisspe\n|turn|2\n|\n|t:|1683554948\n|move|p1b: Flutter Mane|Dazzling Gleam|p2a: Torkoal|[spread] p2a,p2b\n|-resisted|p2a: Torkoal\n|-supereffective|p2b: Great Tusk\n|-damage|p2a: Torkoal|79\/100\n|-damage|p2b: Great Tusk|0 fnt\n|faint|p2b: Great Tusk\n|-end|p2b: Great Tusk|Protosynthesis|[silent]\n|move|p1a: Orthworm|Iron Defense|p1a: Orthworm\n|-boost|p1a: Orthworm|def|2\n|move|p2a: Torkoal|Overheat|p1b: Flutter Mane\n|-damage|p1b: Flutter Mane|35\/100\n|-unboost|p2a: Torkoal|spa|2\n|\n|-weather|SunnyDay|[upkeep]\n|upkeep\n|\n|t:|1683554963\n|switch|p2b: Hydreigon|Hydreigon, L50, M|100\/100\n|turn|3\n|\n|t:|1683554978\n|-terastallize|p2b: Hydreigon|Fire\n|move|p2a: Torkoal|Helping Hand|p2b: Hydreigon\n|-singleturn|p2b: Hydreigon|Helping Hand|[of] p2a: Torkoal\n|move|p1b: Flutter Mane|Dazzling Gleam|p2a: Torkoal|[spread] p2a,p2b\n|-resisted|p2a: Torkoal\n|-resisted|p2b: Hydreigon\n|-damage|p2a: Torkoal|57\/100\n|-damage|p2b: Hydreigon|76\/100\n|move|p2b: Hydreigon|Heat Wave|p1b: Flutter Mane|[spread] p1a,p1b\n|-resisted|p1a: Orthworm\n|-damage|p1a: Orthworm|55\/100\n|-damage|p1b: Flutter Mane|0 fnt\n|faint|p1b: Flutter Mane\n|-end|p1b: Flutter Mane|Protosynthesis|[silent]\n|move|p1a: Orthworm|Body Press|p2a: Torkoal\n|-damage|p2a: Torkoal|0 fnt\n|faint|p2a: Torkoal\n|\n|-weather|SunnyDay|[upkeep]\n|-heal|p2b: Hydreigon|82\/100|[from] item: Leftovers\n|upkeep\n|\n|t:|1683554997\n|switch|p1b: Dragonite|Dragonite, L50, F|100\/100\n|switch|p2a: Flutter Mane|Flutter Mane, L50|100\/100\n|-activate|p2a: Flutter Mane|ability: Protosynthesis\n|-start|p2a: Flutter Mane|protosynthesisspa\n|turn|4\n|\n|t:|1683555010\n|move|p2a: Flutter Mane|Dazzling Gleam|p1a: Orthworm|[spread] p1a,p1b\n|-resisted|p1a: Orthworm\n|-supereffective|p1b: Dragonite\n|-damage|p1a: Orthworm|22\/100\n|-damage|p1b: Dragonite|36\/100\n|-enditem|p1a: Orthworm|Sitrus Berry|[eat]\n|-heal|p1a: Orthworm|47\/100|[from] item: Sitrus Berry\n|move|p2b: Hydreigon|Heat Wave|p1a: Orthworm|[spread] p1a,p1b\n|-resisted|p1a: Orthworm\n|-resisted|p1b: Dragonite\n|-damage|p1a: Orthworm|14\/100\n|-damage|p1b: Dragonite|6\/100\n|move|p1b: Dragonite|Earthquake|p2a: Flutter Mane|[spread] p2a\n|-heal|p1a: Orthworm|39\/100|[from] ability: Earth Eater|[of] p1b: Dragonite\n|-immune|p2b: Hydreigon|[from] ability: Levitate\n|-damage|p2a: Flutter Mane|67\/100\n|move|p1a: Orthworm|Heavy Slam|p2a: Flutter Mane\n|-supereffective|p2a: Flutter Mane\n|-damage|p2a: Flutter Mane|0 fnt\n|faint|p2a: Flutter Mane\n|-end|p2a: Flutter Mane|Protosynthesis|[silent]\n|\n|-weather|SunnyDay|[upkeep]\n|-heal|p2b: Hydreigon|88\/100|[from] item: Leftovers\n|upkeep\n|turn|5\n|inactive|Battle timer is ON: inactive players will automatically lose when time's up. (requested by AllTheBilgamesh)\n|\n|t:|1683555049\n|move|p1b: Dragonite|Extreme Speed|p2b: Hydreigon\n|-damage|p2b: Hydreigon|57\/100\n|move|p2b: Hydreigon|Dark Pulse|p1a: Orthworm\n|-damage|p1a: Orthworm|0 fnt\n|faint|p1a: Orthworm\n|\n|-weather|none\n|-heal|p2b: Hydreigon|63\/100|[from] item: Leftovers\n|upkeep\n|turn|6\n|\n|t:|1683555059\n|move|p2b: Hydreigon|Protect|p2b: Hydreigon\n|-singleturn|p2b: Hydreigon|Protect\n|move|p1b: Dragonite|Extreme Speed|p2b: Hydreigon\n|-activate|p2b: Hydreigon|move: Protect\n|\n|-heal|p2b: Hydreigon|69\/100|[from] item: Leftovers\n|upkeep\n|turn|7\n|\n|t:|1683555069\n|move|p1b: Dragonite|Extreme Speed|p2b: Hydreigon\n|-damage|p2b: Hydreigon|39\/100\n|move|p2b: Hydreigon|Dark Pulse|p1b: Dragonite\n|-damage|p1b: Dragonite|0 fnt\n|faint|p1b: Dragonite\n|\n|win|AllTheBilgamesh\n|raw|UncleDrewTest's rating: 1294 → 1268<\/strong> (-26 for losing)\n|raw|AllTheBilgamesh's rating: 1276 → 1302<\/strong> (+26 for winning)\n|l|\u2606UncleDrewTest\n","uploadtime":1683555082,"views":10,"p1id":"uncledrewtest","p2id":"allthebilgamesh","formatid":"gen9vgc2023regulationc","rating":1268,"private":0,"password":""}