{"id":"gen9vgc2023regulationc-1858627961","p1":"supaflytnt","p2":"Adelein Black","format":"[Gen 9] VGC 2023 Regulation C","log":"|j|\u2606supaflytnt\n|j|\u2606Adelein Black\n|t:|1683334306\n|gametype|doubles\n|player|p1|supaflytnt|102|1154\n|player|p2|Adelein Black|102|1218\n|teamsize|p1|6\n|teamsize|p2|6\n|gen|9\n|tier|[Gen 9] VGC 2023 Regulation C\n|rated|\n|rule|Species Clause: Limit one of each Pok\u00e9mon\n|rule|Item Clause: Limit one of each item\n|clearpoke\n|poke|p1|Dachsbun, L50, F|\n|poke|p1|Chi-Yu, L50|\n|poke|p1|Flutter Mane, L50|\n|poke|p1|Hydreigon, L50, M|\n|poke|p1|Orthworm, L50, F|\n|poke|p1|Torkoal, L50, F|\n|poke|p2|Gholdengo, L50|\n|poke|p2|Wo-Chien, L50|\n|poke|p2|Iron Bundle, L50|\n|poke|p2|Dragapult, L50, F|\n|poke|p2|Hippowdon, L50, F|\n|poke|p2|Glimmora, L50, M|\n|teampreview|4\n|inactive|Battle timer is ON: inactive players will automatically lose when time's up. (requested by Adelein Black)\nAdelein Black rejected open team sheets.\n|inactive|supaflytnt has 60 seconds left.\n|\n|t:|1683334391\n|start\n|switch|p1a: Gucci Mane|Flutter Mane, L50, shiny|100\/100\n|switch|p1b: Earthworm Jim|Orthworm, L50, F|100\/100\n|switch|p2a: Glimmora|Glimmora, L50, M|100\/100\n|switch|p2b: Dragapult|Dragapult, L50, F|100\/100\n|turn|1\n|inactive|Adelein Black has 30 seconds left.\n|inactive|Adelein Black has 20 seconds left.\n|\n|t:|1683334427\n|move|p2b: Dragapult|Protect|p2b: Dragapult\n|-singleturn|p2b: Dragapult|Protect\n|move|p2a: Glimmora|Mortal Spin|p1b: Earthworm Jim|[spread] p1a\n|-immune|p1b: Earthworm Jim\n|-damage|p1a: Gucci Mane|95\/100\n|-status|p1a: Gucci Mane|psn\n|move|p1b: Earthworm Jim|Shed Tail|p1b: Earthworm Jim\n|-start|p1b: Earthworm Jim|Substitute|[from] move: Shed Tail\n|-damage|p1b: Earthworm Jim|50\/100\n|-enditem|p1b: Earthworm Jim|Sitrus Berry|[eat]\n|-heal|p1b: Earthworm Jim|75\/100|[from] item: Sitrus Berry\n|\n|t:|1683334438\n|switch|p1b: Raphael|Torkoal, L50, F|100\/100|[from] Shed Tail\n|-weather|SunnyDay|[from] ability: Drought|[of] p1b: Raphael\n|-activate|p1a: Gucci Mane|ability: Protosynthesis\n|-start|p1a: Gucci Mane|protosynthesisspa\n|move|p1a: Gucci Mane|Trick Room|p1a: Gucci Mane\n|-fieldstart|move: Trick Room|[of] p1a: Gucci Mane\n|\n|-weather|SunnyDay|[upkeep]\n|-damage|p1a: Gucci Mane|83\/100 psn|[from] psn\n|upkeep\n|turn|2\n|\n|t:|1683334449\n|switch|p2b: Hippowdon|Hippowdon, L50, F|100\/100\n|-weather|Sandstorm|[from] ability: Sand Stream|[of] p2b: Hippowdon\n|-end|p1a: Gucci Mane|Protosynthesis\n|-terastallize|p1b: Raphael|Fire\n|move|p1b: Raphael|Eruption|p2a: Glimmora|[spread] p2a,p2b\n|-resisted|p2a: Glimmora\n|-damage|p2a: Glimmora|79\/100\n|-damage|p2b: Hippowdon|24\/100\n|-enditem|p2b: Hippowdon|Mago Berry|[eat]\n|-heal|p2b: Hippowdon|57\/100|[from] item: Mago Berry\n|move|p1a: Gucci Mane|Dazzling Gleam|p2a: Glimmora|[spread] p2a,p2b\n|-resisted|p2a: Glimmora\n|-damage|p2a: Glimmora|72\/100\n|-damage|p2b: Hippowdon|37\/100\n|move|p2a: Glimmora|Power Gem|p1b: Raphael\n|-supereffective|p1b: Raphael\n|-end|p1b: Raphael|Substitute\n|\n|-weather|Sandstorm|[upkeep]\n|-damage|p1b: Raphael|94\/100|[from] Sandstorm\n|-damage|p1a: Gucci Mane|76\/100 psn|[from] Sandstorm\n|-damage|p1a: Gucci Mane|64\/100 psn|[from] psn\n|upkeep\n|turn|3\n|inactive|supaflytnt has 30 seconds left.\n|inactive|Adelein Black has 30 seconds left.\n|\n|t:|1683334476\n|move|p2b: Hippowdon|Protect|p2b: Hippowdon\n|-singleturn|p2b: Hippowdon|Protect\n|move|p1b: Raphael|Eruption|p2a: Glimmora|[spread] p2a\n|-activate|p2b: Hippowdon|move: Protect\n|-resisted|p2a: Glimmora\n|-damage|p2a: Glimmora|51\/100\n|move|p1a: Gucci Mane|Shadow Ball|p2a: Glimmora\n|-damage|p2a: Glimmora|32\/100\n|move|p2a: Glimmora|Power Gem|p1b: Raphael\n|-supereffective|p1b: Raphael\n|-damage|p1b: Raphael|3\/100\n|\n|-weather|Sandstorm|[upkeep]\n|-damage|p1b: Raphael|0 fnt|[from] Sandstorm\n|-damage|p1a: Gucci Mane|58\/100 psn|[from] Sandstorm\n|faint|p1b: Raphael\n|-damage|p1a: Gucci Mane|46\/100 psn|[from] psn\n|upkeep\n|\n|t:|1683334493\n|switch|p1b: Earthworm Jim|Orthworm, L50, F|75\/100\n|turn|4\n|\n|t:|1683334517\n|move|p2b: Hippowdon|Yawn|p1b: Earthworm Jim\n|-start|p1b: Earthworm Jim|move: Yawn|[of] p2b: Hippowdon\n|move|p1a: Gucci Mane|Shadow Ball|p2b: Hippowdon\n|-damage|p2b: Hippowdon|8\/100\n|move|p1b: Earthworm Jim|Shed Tail|p1b: Earthworm Jim\n|-start|p1b: Earthworm Jim|Substitute|[from] move: Shed Tail\n|-damage|p1b: Earthworm Jim|25\/100\n|\n|t:|1683334525\n|switch|p1b: Ed Edd Eddy|Hydreigon, L50, M|100\/100|[from] Shed Tail\n|move|p2a: Glimmora|Power Gem|p1a: Gucci Mane\n|-damage|p1a: Gucci Mane|14\/100 psn\n|\n|-weather|Sandstorm|[upkeep]\n|-damage|p1a: Gucci Mane|8\/100 psn|[from] Sandstorm\n|-damage|p1b: Ed Edd Eddy|94\/100|[from] Sandstorm\n|-damage|p1a: Gucci Mane|0 fnt|[from] psn\n|faint|p1a: Gucci Mane\n|-end|p1a: Gucci Mane|Protosynthesis|[silent]\n|upkeep\n|\n|t:|1683334534\n|switch|p1a: Earthworm Jim|Orthworm, L50, F|25\/100\n|turn|5\n|\n|t:|1683334544\n|move|p2b: Hippowdon|Yawn|p1a: Earthworm Jim\n|-start|p1a: Earthworm Jim|move: Yawn|[of] p2b: Hippowdon\n|move|p1a: Earthworm Jim|Heavy Slam|p2a: Glimmora\n|-supereffective|p2a: Glimmora\n|-damage|p2a: Glimmora|0 fnt\n|-activate|p2a: Glimmora|ability: Toxic Debris\n|-sidestart|p1: supaflytnt|move: Toxic Spikes\n|faint|p2a: Glimmora\n|move|p1b: Ed Edd Eddy|Focus Energy|p1b: Ed Edd Eddy\n|-start|p1b: Ed Edd Eddy|move: Focus Energy\n|\n|-weather|Sandstorm|[upkeep]\n|-damage|p1b: Ed Edd Eddy|88\/100|[from] Sandstorm\n|-fieldend|move: Trick Room\n|upkeep\n|\n|t:|1683334557\n|switch|p2a: Iron Bundle|Iron Bundle, L50|100\/100\n|-enditem|p2a: Iron Bundle|Booster Energy\n|-activate|p2a: Iron Bundle|ability: Quark Drive|[fromitem]\n|-start|p2a: Iron Bundle|quarkdrivespe\n|turn|6\n|\n|t:|1683334573\n|move|p1a: Earthworm Jim|Protect|p1a: Earthworm Jim\n|-singleturn|p1a: Earthworm Jim|Protect\n|move|p2b: Hippowdon|Protect|p2b: Hippowdon\n|-singleturn|p2b: Hippowdon|Protect\n|move|p2a: Iron Bundle|Encore|p1b: Ed Edd Eddy\n|-start|p1b: Ed Edd Eddy|Encore\n|move|p1b: Ed Edd Eddy|Focus Energy||[still]\n|-fail|p1b: Ed Edd Eddy\n|\n|-weather|none\n|-end|p1a: Earthworm Jim|move: Yawn|[silent]\n|-status|p1a: Earthworm Jim|slp\n|upkeep\n|turn|7\n|c|\u2606Adelein Black|gg\n|\n|t:|1683334597\n|switch|p2b: Dragapult|Dragapult, L50, F|100\/100\n|move|p2a: Iron Bundle|Freeze-Dry|p1b: Ed Edd Eddy\n|-supereffective|p1b: Ed Edd Eddy\n|-end|p1b: Ed Edd Eddy|Substitute\n|move|p1b: Ed Edd Eddy|Focus Energy||[still]\n|-fail|p1b: Ed Edd Eddy\n|cant|p1a: Earthworm Jim|slp\n|\n|upkeep\n|turn|8\n|\n|t:|1683334618\n|move|p2a: Iron Bundle|Freeze-Dry|p1b: Ed Edd Eddy\n|-supereffective|p1b: Ed Edd Eddy\n|-damage|p1b: Ed Edd Eddy|19\/100\n|move|p2b: Dragapult|Dragon Darts|p1b: Ed Edd Eddy\n|-supereffective|p1b: Ed Edd Eddy\n|-damage|p1b: Ed Edd Eddy|0 fnt\n|-anim|p2b: Dragapult|Dragon Darts|p1a: Earthworm Jim\n|-resisted|p1a: Earthworm Jim\n|-damage|p1a: Earthworm Jim|15\/100 slp\n|faint|p1b: Ed Edd Eddy\n|-damage|p2b: Dragapult|91\/100|[from] item: Life Orb\n|cant|p1a: Earthworm Jim|slp\n|\n|upkeep\n|turn|9\n|\n|t:|1683334633\n|move|p2a: Iron Bundle|Freeze-Dry|p1a: Earthworm Jim\n|-resisted|p1a: Earthworm Jim\n|-damage|p1a: Earthworm Jim|0 fnt\n|faint|p1a: Earthworm Jim\n|\n|win|Adelein Black\n|raw|supaflytnt's rating: 1154 → 1134<\/strong> (-20 for losing)\n|raw|Adelein Black's rating: 1218 → 1238<\/strong> (+20 for winning)\n","uploadtime":1683334641,"views":17,"p1id":"supaflytnt","p2id":"adeleinblack","formatid":"gen9vgc2023regulationc","rating":1134,"private":0,"password":""}