{"id":"gen9vgc2023regulationc-1849987171","p1":"islamichorserace95","p2":"eunuchMiku","format":"[Gen 9] VGC 2023 Regulation C","log":"|j|\u2606islamichorserace95\n|j|\u2606eunuchMiku\n|t:|1682275302\n|gametype|doubles\n|player|p1|islamichorserace95|170|1247\n|player|p2|eunuchMiku|flannery|1194\n|teamsize|p1|6\n|teamsize|p2|6\n|gen|9\n|tier|[Gen 9] VGC 2023 Regulation C\n|rated|\n|rule|Species Clause: Limit one of each Pok\u00e9mon\n|rule|Item Clause: Limit one of each item\n|clearpoke\n|poke|p1|Ceruledge, L50, M|\n|poke|p1|Amoonguss, L50, F|\n|poke|p1|Gastrodon-East, L50, F|\n|poke|p1|Roaring Moon, L50|\n|poke|p1|Iron Hands, L50|\n|poke|p1|Flutter Mane, L50|\n|poke|p2|Torkoal, L50, F|\n|poke|p2|Lilligant, L50, F|\n|poke|p2|Flutter Mane, L50|\n|poke|p2|Great Tusk, L50|\n|poke|p2|Chi-Yu, L50|\n|poke|p2|Maushold, L50|\n|teampreview|4\n|inactive|Battle timer is ON: inactive players will automatically lose when time's up. (requested by islamichorserace95)\neunuchMiku has agreed to open team sheets.\n|inactive|islamichorserace95 has 60 seconds left.\n|\n|t:|1682275336\n|start\n|switch|p1a: riley bina|Flutter Mane, L50|100\/100\n|switch|p1b: race war|Gastrodon-East, L50, F|100\/100\n|switch|p2a: Torkoal|Torkoal, L50, F|100\/100\n|switch|p2b: Chi-Yu|Chi-Yu, L50|100\/100\n|-ability|p2b: Chi-Yu|Beads of Ruin\n|-weather|SunnyDay|[from] ability: Drought|[of] p2a: Torkoal\n|-activate|p1a: riley bina|ability: Protosynthesis\n|-start|p1a: riley bina|protosynthesisspe\n|turn|1\n|inactive|eunuchMiku has 30 seconds left.\n|\n|t:|1682275366\n|switch|p2a: Lilligant|Lilligant, L50, F|100\/100\n|move|p2b: Chi-Yu|Protect|p2b: Chi-Yu\n|-singleturn|p2b: Chi-Yu|Protect\n|move|p1a: riley bina|Power Gem|p2b: Chi-Yu\n|-activate|p2b: Chi-Yu|move: Protect\n|move|p1b: race war|Earth Power|p2a: Lilligant\n|-resisted|p2a: Lilligant\n|-damage|p2a: Lilligant|67\/100\n|\n|-weather|SunnyDay|[upkeep]\n|upkeep\n|turn|2\n|inactive|islamichorserace95 has 30 seconds left.\n|inactive|islamichorserace95 has 20 seconds left.\n|inactive|islamichorserace95 has 15 seconds left.\n|\n|t:|1682275408\n|move|p1b: race war|Protect|p1b: race war\n|-singleturn|p1b: race war|Protect\n|move|p1a: riley bina|Shadow Ball|p2a: Lilligant\n|-damage|p2a: Lilligant|0 fnt\n|faint|p2a: Lilligant\n|move|p2b: Chi-Yu|Heat Wave|p1b: race war|[spread] p1a\n|-activate|p1b: race war|move: Protect\n|-enditem|p1a: riley bina|Focus Sash\n|-damage|p1a: riley bina|1\/100\n|-damage|p2b: Chi-Yu|90\/100|[from] item: Life Orb\n|\n|-weather|SunnyDay|[upkeep]\n|upkeep\n|\n|t:|1682275424\n|switch|p2a: Torkoal|Torkoal, L50, F|100\/100\n|turn|3\n|\n|t:|1682275439\n|-terastallize|p2b: Chi-Yu|Fire\n|move|p2a: Torkoal|Protect|p2a: Torkoal\n|-singleturn|p2a: Torkoal|Protect\n|move|p1a: riley bina|Power Gem|p2b: Chi-Yu\n|-supereffective|p2b: Chi-Yu\n|-damage|p2b: Chi-Yu|27\/100\n|move|p2b: Chi-Yu|Heat Wave|p1a: riley bina|[spread] p1a\n|-miss|p2b: Chi-Yu|p1b: race war\n|-damage|p1a: riley bina|0 fnt\n|faint|p1a: riley bina\n|-end|p1a: riley bina|Protosynthesis|[silent]\n|-damage|p2b: Chi-Yu|17\/100|[from] item: Life Orb\n|move|p1b: race war|Earth Power|p2a: Torkoal\n|-activate|p2a: Torkoal|move: Protect\n|\n|-weather|SunnyDay|[upkeep]\n|upkeep\n|\n|t:|1682275447\n|switch|p1a: oro|Iron Hands, L50|100\/100\n|turn|4\n|\n|t:|1682275468\n|switch|p2a: Flutter Mane|Flutter Mane, L50|100\/100\n|-activate|p2a: Flutter Mane|ability: Protosynthesis\n|-start|p2a: Flutter Mane|protosynthesisspa\n|move|p2b: Chi-Yu|Protect|p2b: Chi-Yu\n|-singleturn|p2b: Chi-Yu|Protect\n|move|p1a: oro|Fake Out|p2b: Chi-Yu\n|-activate|p2b: Chi-Yu|move: Protect\n|move|p1b: race war|Earth Power|p2a: Flutter Mane\n|-damage|p2a: Flutter Mane|50\/100\n|\n|-weather|SunnyDay|[upkeep]\n|upkeep\n|turn|5\n|inactive|islamichorserace95 has 30 seconds left.\n|\n|t:|1682275497\n|move|p2a: Flutter Mane|Dazzling Gleam|p1b: race war|[spread] p1a,p1b\n|-supereffective|p1a: oro\n|-damage|p1a: oro|38\/100\n|-damage|p1b: race war|45\/100\n|move|p2b: Chi-Yu|Heat Wave|p1a: oro|[spread] p1a,p1b\n|-resisted|p1b: race war\n|-damage|p1a: oro|0 fnt\n|-damage|p1b: race war|0 fnt\n|faint|p1a: oro\n|-end|p1a: oro|Quark Drive|[silent]\n|faint|p1b: race war\n|-damage|p2b: Chi-Yu|7\/100|[from] item: Life Orb\n|\n|-weather|none\n|-end|p2a: Flutter Mane|Protosynthesis\n|upkeep\n|\n|t:|1682275507\n|switch|p1a: z saber|Ceruledge, L50, M|100\/100\n|turn|6\n|\n|t:|1682275532\n|-terastallize|p1a: z saber|Grass\n|move|p2a: Flutter Mane|Protect|p2a: Flutter Mane\n|-singleturn|p2a: Flutter Mane|Protect\n|move|p1a: z saber|Shadow Sneak|p2b: Chi-Yu\n|-damage|p2b: Chi-Yu|0 fnt\n|faint|p2b: Chi-Yu\n|\n|upkeep\n|\n|t:|1682275541\n|switch|p2b: Torkoal|Torkoal, L50, F|100\/100\n|-weather|SunnyDay|[from] ability: Drought|[of] p2b: Torkoal\n|-activate|p2a: Flutter Mane|ability: Protosynthesis\n|-start|p2a: Flutter Mane|protosynthesisspa\n|turn|7\n|\n|t:|1682275556\n|move|p2b: Torkoal|Protect|p2b: Torkoal\n|-singleturn|p2b: Torkoal|Protect\n|move|p1a: z saber|Shadow Sneak|p2a: Flutter Mane\n|-supereffective|p2a: Flutter Mane\n|-damage|p2a: Flutter Mane|0 fnt\n|faint|p2a: Flutter Mane\n|-end|p2a: Flutter Mane|Protosynthesis|[silent]\n|\n|-weather|SunnyDay|[upkeep]\n|upkeep\n|turn|8\n|-message|eunuchMiku forfeited.\n|\n|win|islamichorserace95\n|raw|islamichorserace95's rating: 1247 → 1268<\/strong> (+21 for winning)\n|raw|eunuchMiku's rating: 1194 → 1173<\/strong> (-21 for losing)\n|l|\u2606eunuchMiku\n","uploadtime":1682275570,"views":7,"p1id":"islamichorserace95","p2id":"eunuchmiku","formatid":"gen9vgc2023regulationc","rating":1173,"private":0,"password":""}