{"id":"gen9vgc2023regulationc-1856996118","p1":"Fixo161","p2":"al24088","format":"[Gen 9] VGC 2023 Regulation C","log":"|j|\u2606Fixo161\n|j|\u2606al24088\n|t:|1683134820\n|gametype|doubles\n|player|p1|Fixo161|1|1234\n|player|p2|al24088|preschooler|1232\n|teamsize|p1|6\n|teamsize|p2|6\n|gen|9\n|tier|[Gen 9] VGC 2023 Regulation C\n|rated|\n|rule|Species Clause: Limit one of each Pok\u00e9mon\n|rule|Item Clause: Limit one of each item\n|clearpoke\n|poke|p1|Dondozo, L50, F|\n|poke|p1|Tatsugiri, L50, M|\n|poke|p1|Iron Hands, L50|\n|poke|p1|Flutter Mane, L50|\n|poke|p1|Dragonite, L50, M|\n|poke|p1|Iron Bundle, L50|\n|poke|p2|Glimmora, L50, F|\n|poke|p2|Gastrodon-East, L50, M|\n|poke|p2|Maushold, L50|\n|poke|p2|Flutter Mane, L50|\n|poke|p2|Wo-Chien, L50|\n|poke|p2|Corviknight, L50, F|\n|teampreview|4\nFixo161 has agreed to open team sheets.\nal24088 has agreed to open team sheets.\n|\n|t:|1683134892\n|start\n|switch|p1a: Iron Hands|Iron Hands, L50|100\/100\n|switch|p1b: Dondozo|Dondozo, L50, F|100\/100\n|switch|p2a: Gastrodon|Gastrodon-East, L50, M|100\/100\n|switch|p2b: Glimmora|Glimmora, L50, F, shiny|100\/100\n|turn|1\n|inactive|Battle timer is ON: inactive players will automatically lose when time's up. (requested by al24088)\n|\n|t:|1683134936\n|-terastallize|p2b: Glimmora|Grass\n|move|p1a: Iron Hands|Fake Out|p2b: Glimmora\n|-damage|p2b: Glimmora|85\/100\n|-activate|p2b: Glimmora|ability: Toxic Debris\n|-sidestart|p1: Fixo161|move: Toxic Spikes\n|cant|p2b: Glimmora|flinch\n|move|p1b: Dondozo|Earthquake|p2b: Glimmora|[spread] p1a,p2a,p2b\n|-supereffective|p1a: Iron Hands\n|-resisted|p2b: Glimmora\n|-damage|p1a: Iron Hands|75\/100\n|-damage|p2a: Gastrodon|83\/100\n|-damage|p2b: Glimmora|76\/100\n|-activate|p2b: Glimmora|ability: Toxic Debris\n|-sidestart|p1: Fixo161|move: Toxic Spikes\n|move|p2a: Gastrodon|Muddy Water|p1b: Dondozo|[spread] p1a,p1b\n|-resisted|p1b: Dondozo\n|-damage|p1a: Iron Hands|64\/100\n|-damage|p1b: Dondozo|90\/100\n|\n|-heal|p1b: Dondozo|96\/100|[from] item: Leftovers\n|upkeep\n|turn|2\n|inactive|Fixo161 has 30 seconds left.\n|\n|t:|1683134966\n|-end|p1a: Iron Hands|Quark Drive|[silent]\n|switch|p1a: Tatsugiri|Tatsugiri, L50, M|100\/100\n|-activate|p1a: Tatsugiri|ability: Commander|[of] p1b: Dondozo\n|-boost|p1b: Dondozo|atk|2\n|-boost|p1b: Dondozo|spa|2\n|-boost|p1b: Dondozo|spe|2\n|-boost|p1b: Dondozo|def|2\n|-boost|p1b: Dondozo|spd|2\n|move|p1b: Dondozo|Order Up|p2b: Glimmora\n|-damage|p2b: Glimmora|33\/100\n|-boost|p1b: Dondozo|atk|1\n|move|p2b: Glimmora|Energy Ball|p1b: Dondozo\n|-supereffective|p1b: Dondozo\n|-damage|p1b: Dondozo|49\/100\n|move|p2a: Gastrodon|Icy Wind|p1b: Dondozo|[spread] p1b\n|-miss|p2a: Gastrodon|p1a: Tatsugiri\n|-resisted|p1b: Dondozo\n|-damage|p1b: Dondozo|47\/100\n|-unboost|p1b: Dondozo|spe|1\n|\n|-heal|p1b: Dondozo|53\/100|[from] item: Leftovers\n|upkeep\n|turn|3\n|\n|t:|1683134984\n|move|p1b: Dondozo|Protect|p1b: Dondozo\n|-singleturn|p1b: Dondozo|Protect\n|move|p2b: Glimmora|Energy Ball|p1b: Dondozo\n|-activate|p1b: Dondozo|move: Protect\n|move|p2a: Gastrodon|Icy Wind|p1b: Dondozo|[spread] \n|-miss|p2a: Gastrodon|p1a: Tatsugiri\n|-activate|p1b: Dondozo|move: Protect\n|\n|-heal|p1b: Dondozo|59\/100|[from] item: Leftovers\n|upkeep\n|turn|4\n|\n|t:|1683134996\n|move|p1b: Dondozo|Order Up|p2b: Glimmora\n|-damage|p2b: Glimmora|0 fnt\n|faint|p2b: Glimmora\n|-boost|p1b: Dondozo|atk|1\n|move|p2a: Gastrodon|Icy Wind|p1b: Dondozo|[spread] p1b\n|-miss|p2a: Gastrodon|p1a: Tatsugiri\n|-resisted|p1b: Dondozo\n|-damage|p1b: Dondozo|57\/100\n|-unboost|p1b: Dondozo|spe|1\n|\n|-heal|p1b: Dondozo|64\/100|[from] item: Leftovers\n|upkeep\n|\n|t:|1683134998\n|switch|p2b: Wo-Chien|Wo-Chien, L50|100\/100\n|-ability|p2b: Wo-Chien|Tablets of Ruin\n|turn|5\n|\n|t:|1683135013\n|move|p1b: Dondozo|Protect|p1b: Dondozo\n|-singleturn|p1b: Dondozo|Protect\n|move|p2b: Wo-Chien|Leech Seed|p1b: Dondozo\n|-activate|p1b: Dondozo|move: Protect\n|move|p2a: Gastrodon|Icy Wind|p1b: Dondozo|[spread] \n|-miss|p2a: Gastrodon|p1a: Tatsugiri\n|-activate|p1b: Dondozo|move: Protect\n|\n|-heal|p1b: Dondozo|70\/100|[from] item: Leftovers\n|upkeep\n|turn|6\n|inactive|al24088 has 30 seconds left.\n|\n|t:|1683135040\n|-terastallize|p1b: Dondozo|Grass\n|move|p2b: Wo-Chien|Foul Play|p1b: Dondozo\n|-damage|p1b: Dondozo|59\/100\n|move|p1b: Dondozo|Order Up|p2a: Gastrodon\n|-damage|p2a: Gastrodon|36\/100\n|-enditem|p2a: Gastrodon|Sitrus Berry|[eat]\n|-heal|p2a: Gastrodon|61\/100|[from] item: Sitrus Berry\n|-boost|p1b: Dondozo|atk|1\n|move|p2a: Gastrodon|Icy Wind|p1a: Tatsugiri|[spread] p1b\n|-miss|p2a: Gastrodon|p1a: Tatsugiri\n|-supereffective|p1b: Dondozo\n|-damage|p1b: Dondozo|50\/100\n|-unboost|p1b: Dondozo|spe|1\n|\n|-heal|p1b: Dondozo|56\/100|[from] item: Leftovers\n|upkeep\n|turn|7\n|\n|t:|1683135057\n|move|p1b: Dondozo|Protect|p1b: Dondozo\n|-singleturn|p1b: Dondozo|Protect\n|move|p2b: Wo-Chien|Foul Play|p1b: Dondozo\n|-activate|p1b: Dondozo|move: Protect\n|move|p2a: Gastrodon|Icy Wind|p1a: Tatsugiri|[spread] \n|-miss|p2a: Gastrodon|p1a: Tatsugiri\n|-activate|p1b: Dondozo|move: Protect\n|\n|-heal|p1b: Dondozo|62\/100|[from] item: Leftovers\n|upkeep\n|turn|8\n|\n|t:|1683135070\n|move|p2b: Wo-Chien|Foul Play|p1b: Dondozo\n|-damage|p1b: Dondozo|51\/100\n|move|p2a: Gastrodon|Icy Wind|p1a: Tatsugiri|[spread] p1b\n|-miss|p2a: Gastrodon|p1a: Tatsugiri\n|-supereffective|p1b: Dondozo\n|-damage|p1b: Dondozo|41\/100\n|-unboost|p1b: Dondozo|spe|1\n|move|p1b: Dondozo|Order Up|p2a: Gastrodon\n|-damage|p2a: Gastrodon|12\/100\n|-boost|p1b: Dondozo|atk|1\n|\n|-heal|p1b: Dondozo|48\/100|[from] item: Leftovers\n|upkeep\n|turn|9\n|\n|t:|1683135083\n|move|p1b: Dondozo|Protect|p1b: Dondozo\n|-singleturn|p1b: Dondozo|Protect\n|move|p2b: Wo-Chien|Pollen Puff|p2a: Gastrodon\n|-heal|p2a: Gastrodon|62\/100\n|move|p2a: Gastrodon|Icy Wind|p1a: Tatsugiri|[spread] \n|-miss|p2a: Gastrodon|p1a: Tatsugiri\n|-activate|p1b: Dondozo|move: Protect\n|\n|-heal|p1b: Dondozo|54\/100|[from] item: Leftovers\n|upkeep\n|turn|10\n|\n|t:|1683135094\n|move|p2b: Wo-Chien|Foul Play|p1b: Dondozo\n|-damage|p1b: Dondozo|42\/100\n|move|p2a: Gastrodon|Icy Wind|p1b: Dondozo|[spread] p1b\n|-miss|p2a: Gastrodon|p1a: Tatsugiri\n|-supereffective|p1b: Dondozo\n|-damage|p1b: Dondozo|32\/100\n|-unboost|p1b: Dondozo|spe|1\n|move|p1b: Dondozo|Order Up|p2a: Gastrodon\n|-damage|p2a: Gastrodon|7\/100\n|-boost|p1b: Dondozo|atk|0\n|\n|-heal|p1b: Dondozo|39\/100|[from] item: Leftovers\n|upkeep\n|turn|11\n|\n|t:|1683135113\n|move|p2b: Wo-Chien|Foul Play|p1b: Dondozo\n|-damage|p1b: Dondozo|27\/100\n|move|p2a: Gastrodon|Icy Wind|p1b: Dondozo|[spread] p1b\n|-miss|p2a: Gastrodon|p1a: Tatsugiri\n|-supereffective|p1b: Dondozo\n|-damage|p1b: Dondozo|17\/100\n|-unboost|p1b: Dondozo|spe|1\n|move|p1b: Dondozo|Order Up|p2a: Gastrodon\n|-damage|p2a: Gastrodon|0 fnt\n|faint|p2a: Gastrodon\n|-boost|p1b: Dondozo|atk|0\n|\n|-heal|p1b: Dondozo|23\/100|[from] item: Leftovers\n|upkeep\n|\n|t:|1683135119\n|switch|p2a: Corviknight|Corviknight, L50, F, shiny|100\/100\n|turn|12\n|\n|t:|1683135137\n|move|p2b: Wo-Chien|Foul Play|p1b: Dondozo\n|-damage|p1b: Dondozo|12\/100\n|move|p2a: Corviknight|Brave Bird|p1b: Dondozo\n|-supereffective|p1b: Dondozo\n|-damage|p1b: Dondozo|0 fnt\n|faint|p1b: Dondozo\n|-damage|p2a: Corviknight|96\/100|[from] Recoil\n|\n|upkeep\n|\n|t:|1683135154\n|switch|p1b: Dragonite|Dragonite, L50, M, shiny|100\/100\n|turn|13\n|\n|t:|1683135178\n|move|p1a: Tatsugiri|Icy Wind|p2b: Wo-Chien|[spread] p2a,p2b\n|-supereffective|p2b: Wo-Chien\n|-damage|p2a: Corviknight|85\/100\n|-damage|p2b: Wo-Chien|84\/100\n|-ability|p2a: Corviknight|Mirror Armor\n|-unboost|p1a: Tatsugiri|spe|1\n|-unboost|p2b: Wo-Chien|spe|1\n|move|p1b: Dragonite|Ice Spinner|p2a: Corviknight\n|-damage|p2a: Corviknight|67\/100\n|move|p2a: Corviknight|Brave Bird|p1a: Tatsugiri\n|-damage|p1a: Tatsugiri|50\/100\n|-damage|p2a: Corviknight|55\/100|[from] Recoil\n|move|p2b: Wo-Chien|Foul Play|p1b: Dragonite\n|-damage|p1b: Dragonite|71\/100\n|\n|-heal|p2b: Wo-Chien|90\/100|[from] item: Leftovers\n|upkeep\n|turn|14\n|inactive|Fixo161 has 30 seconds left.\n|inactive|Fixo161 has 20 seconds left.\n|inactive|Fixo161 has 15 seconds left.\n|\n|t:|1683135218\n|move|p1b: Dragonite|Ice Spinner|p2b: Wo-Chien\n|-supereffective|p2b: Wo-Chien\n|-damage|p2b: Wo-Chien|52\/100\n|move|p1a: Tatsugiri|Icy Wind|p2a: Corviknight|[spread] p2a,p2b\n|-supereffective|p2b: Wo-Chien\n|-damage|p2a: Corviknight|44\/100\n|-damage|p2b: Wo-Chien|36\/100\n|-ability|p2a: Corviknight|Mirror Armor\n|-unboost|p1a: Tatsugiri|spe|1\n|-unboost|p2b: Wo-Chien|spe|1\n|move|p2a: Corviknight|Roost|p2a: Corviknight\n|-heal|p2a: Corviknight|94\/100\n|-singleturn|p2a: Corviknight|move: Roost\n|move|p2b: Wo-Chien|Leech Seed|p1b: Dragonite\n|-start|p1b: Dragonite|move: Leech Seed\n|\n|-heal|p2b: Wo-Chien|42\/100|[from] item: Leftovers\n|-damage|p1b: Dragonite|59\/100|[from] Leech Seed|[of] p2b: Wo-Chien\n|-heal|p2b: Wo-Chien|54\/100|[silent]\n|upkeep\n|turn|15\n|inactive|Fixo161 has 30 seconds left.\n|inactive|al24088 has 30 seconds left.\n|\n|t:|1683135245\n|move|p2b: Wo-Chien|Protect|p2b: Wo-Chien\n|-singleturn|p2b: Wo-Chien|Protect\n|move|p1b: Dragonite|Ice Spinner|p2b: Wo-Chien\n|-activate|p2b: Wo-Chien|move: Protect\n|move|p2a: Corviknight|Brave Bird|p1a: Tatsugiri\n|-damage|p1a: Tatsugiri|0 fnt\n|faint|p1a: Tatsugiri\n|-damage|p2a: Corviknight|83\/100|[from] Recoil\n|\n|-heal|p2b: Wo-Chien|60\/100|[from] item: Leftovers\n|-damage|p1b: Dragonite|47\/100|[from] Leech Seed|[of] p2b: Wo-Chien\n|-heal|p2b: Wo-Chien|72\/100|[silent]\n|upkeep\n|\n|t:|1683135258\n|switch|p1a: Iron Hands|Iron Hands, L50|64\/100\n|-status|p1a: Iron Hands|tox\n|turn|16\n|\n|t:|1683135268\n|move|p1b: Dragonite|Ice Spinner|p2b: Wo-Chien\n|-supereffective|p2b: Wo-Chien\n|-damage|p2b: Wo-Chien|35\/100\n|move|p2a: Corviknight|Brave Bird|p1b: Dragonite\n|-damage|p1b: Dragonite|20\/100\n|-damage|p2a: Corviknight|75\/100|[from] Recoil\n|move|p1a: Iron Hands|Drain Punch|p2b: Wo-Chien\n|-supereffective|p2b: Wo-Chien\n|-damage|p2b: Wo-Chien|0 fnt\n|-heal|p1a: Iron Hands|78\/100 tox|[from] drain|[of] p2b: Wo-Chien\n|faint|p2b: Wo-Chien\n|\n|-damage|p1a: Iron Hands|72\/100 tox|[from] psn\n|upkeep\n|turn|17\n|inactive|Fixo161 has 30 seconds left.\n|inactive|Fixo161 has 20 seconds left.\n|inactive|Fixo161 has 15 seconds left.\n|inactive|Fixo161 has 10 seconds left.\n|\n|t:|1683135314\n|move|p1b: Dragonite|Ice Spinner|p2a: Corviknight\n|-damage|p2a: Corviknight|50\/100\n|move|p2a: Corviknight|Bulk Up|p2a: Corviknight\n|-boost|p2a: Corviknight|atk|1\n|-boost|p2a: Corviknight|def|1\n|move|p1a: Iron Hands|Drain Punch|p2a: Corviknight\n|-damage|p2a: Corviknight|29\/100\n|-heal|p1a: Iron Hands|81\/100 tox|[from] drain|[of] p2a: Corviknight\n|\n|-damage|p1a: Iron Hands|69\/100 tox|[from] psn\n|upkeep\n|turn|18\n|\n|t:|1683135332\n|move|p1b: Dragonite|Ice Spinner|p2a: Corviknight\n|-damage|p2a: Corviknight|12\/100\n|move|p2a: Corviknight|Roost|p2a: Corviknight\n|-heal|p2a: Corviknight|62\/100\n|-singleturn|p2a: Corviknight|move: Roost\n|move|p1a: Iron Hands|Drain Punch|p2a: Corviknight\n|-supereffective|p2a: Corviknight\n|-damage|p2a: Corviknight|17\/100\n|-heal|p1a: Iron Hands|89\/100 tox|[from] drain|[of] p2a: Corviknight\n|\n|-damage|p1a: Iron Hands|71\/100 tox|[from] psn\n|upkeep\n|turn|19\n|\n|t:|1683135346\n|move|p1b: Dragonite|Ice Spinner|p2a: Corviknight\n|-damage|p2a: Corviknight|0 fnt\n|faint|p2a: Corviknight\n|\n|win|Fixo161\n|raw|Fixo161's rating: 1234 → 1259<\/strong> (+25 for winning)\n|raw|al24088's rating: 1232 → 1207<\/strong> (-25 for losing)\n|l|\u2606al24088\n","uploadtime":1683135368,"views":14,"p1id":"fixo161","p2id":"al24088","formatid":"gen9vgc2023regulationc","rating":1207,"private":0,"password":""}