{"id":"gen9vgc2023regulationc-1860838785","p1":"thedistortionzone","p2":"Harlem Haunters","format":"[Gen 9] VGC 2023 Regulation C","log":"|j|\u2606thedistortionzone\n|j|\u2606Harlem Haunters\n|t:|1683684147\n|gametype|doubles\n|player|p1|thedistortionzone|lucas|\n|player|p2|Harlem Haunters|hilbert|\n|teamsize|p1|6\n|teamsize|p2|6\n|gen|9\n|tier|[Gen 9] VGC 2023 Regulation C\n|rule|Species Clause: Limit one of each Pok\u00e9mon\n|rule|Item Clause: Limit one of each item\n|clearpoke\n|poke|p1|Iron Jugulis, L50|\n|poke|p1|Espeon, L50, M|\n|poke|p1|Iron Treads, L50|\n|poke|p1|Leafeon, L50, F|\n|poke|p1|Basculin-Blue-Striped, L50, F|\n|poke|p1|Lycanroc-Midnight, L50, M|\n|poke|p2|Roaring Moon, L50|\n|poke|p2|Arcanine, L50, M|\n|poke|p2|Misdreavus, L50, F|\n|poke|p2|Copperajah, L50, M|\n|poke|p2|Vaporeon, L50, F|\n|poke|p2|Toedscruel, L50, M|\n|teampreview|4\n|inactive|Battle timer is ON: inactive players will automatically lose when time's up. (requested by thedistortionzone)\n|inactiveoff|Battle timer is now OFF.\n|c|\u2606thedistortionzone|g2\n|j| kevsmoreno\n|c|\u2606thedistortionzone|opps g3\n|\n|t:|1683684953\n|start\n|switch|p1a: Your therapist|Espeon, L50, M|100\/100\n|switch|p1b: your cat|Leafeon, L50, F|100\/100\n|switch|p2a: Vaporeon|Vaporeon, L50, F|100\/100\n|switch|p2b: Misdreavus|Misdreavus, L50, F|100\/100\n|turn|1\n|\n|t:|1683684982\n|switch|p2a: Arcanine|Arcanine, L50, M|100\/100\n|-ability|p2a: Arcanine|Intimidate|boost\n|-unboost|p1a: Your therapist|atk|1\n|-fail|p1b: your cat|unboost|[from] item: Clear Amulet|[of] p1b: your cat\n|move|p1a: Your therapist|Dazzling Gleam|p2b: Misdreavus|[spread] p2a,p2b\n|-resisted|p2a: Arcanine\n|-damage|p2a: Arcanine|85\/100\n|-damage|p2b: Misdreavus|79\/100\n|-damage|p1a: Your therapist|91\/100|[from] item: Life Orb\n|move|p1b: your cat|Leaf Blade|p2b: Misdreavus\n|-damage|p2b: Misdreavus|41\/100\n|move|p2b: Misdreavus|Trick Room|p2b: Misdreavus\n|-fieldstart|move: Trick Room|[of] p2b: Misdreavus\n|\n|upkeep\n|turn|2\n|\n|t:|1683685029\n|switch|p2a: Copperajah|Copperajah, L50, M|100\/100\n|-terastallize|p1b: your cat|Water\n|move|p1a: Your therapist|Protect|p1a: Your therapist\n|-singleturn|p1a: Your therapist|Protect\n|move|p2b: Misdreavus|Will-O-Wisp|p1b: your cat\n|-status|p1b: your cat|brn\n|move|p1b: your cat|Tera Blast|p2a: Copperajah\n|-damage|p2a: Copperajah|84\/100\n|\n|-damage|p1b: your cat|95\/100 brn|[from] brn\n|upkeep\n|turn|3\n|\n|t:|1683685071\n|move|p2a: Copperajah|Play Rough|p1a: Your therapist\n|-damage|p1a: Your therapist|7\/100\n|move|p2b: Misdreavus|Pain Split|p1a: Your therapist\n|-sethp|p1a: Your therapist|24\/100|[from] move: Pain Split|[silent]\n|-sethp|p2b: Misdreavus|24\/100|[from] move: Pain Split\n|move|p1b: your cat|Leaf Blade|p2b: Misdreavus\n|-damage|p2b: Misdreavus|7\/100\n|move|p1a: Your therapist|Psychic|p2a: Copperajah\n|-resisted|p2a: Copperajah\n|-damage|p2a: Copperajah|60\/100\n|-damage|p1a: Your therapist|14\/100|[from] item: Life Orb\n|\n|-damage|p1b: your cat|89\/100 brn|[from] brn\n|upkeep\n|turn|4\n|\n|t:|1683685098\n|move|p1b: your cat|Protect|p1b: your cat\n|-singleturn|p1b: your cat|Protect\n|move|p1a: Your therapist|Protect|p1a: Your therapist\n|-singleturn|p1a: Your therapist|Protect\n|move|p2a: Copperajah|Rock Slide|p1a: Your therapist|[spread] \n|-activate|p1a: Your therapist|move: Protect\n|-activate|p1b: your cat|move: Protect\n|move|p2b: Misdreavus|Pain Split|p1b: your cat\n|-activate|p1b: your cat|move: Protect\n|\n|-damage|p1b: your cat|83\/100 brn|[from] brn\n|upkeep\n|turn|5\n|\n|t:|1683685124\n|switch|p1a: your dad|Iron Treads, L50|100\/100\n|move|p2a: Copperajah|Rock Slide|p1a: your dad|[spread] p1a,p1b\n|-resisted|p1a: your dad\n|-damage|p1a: your dad|94\/100\n|-damage|p1b: your cat|55\/100 brn\n|move|p2b: Misdreavus|Pain Split|p1b: your cat\n|-sethp|p1b: your cat|31\/100 brn|[from] move: Pain Split|[silent]\n|-sethp|p2b: Misdreavus|32\/100|[from] move: Pain Split\n|move|p1b: your cat|Leaf Blade|p2b: Misdreavus\n|-damage|p2b: Misdreavus|14\/100\n|\n|-damage|p1b: your cat|25\/100 brn|[from] brn\n|-fieldend|move: Trick Room\n|upkeep\n|turn|6\n|\n|t:|1683685161\n|switch|p2b: Vaporeon|Vaporeon, L50, F|100\/100\n|switch|p2a: Arcanine|Arcanine, L50, M|85\/100\n|-ability|p2a: Arcanine|Intimidate|boost\n|-unboost|p1a: your dad|atk|1\n|-fail|p1b: your cat|unboost|[from] item: Clear Amulet|[of] p1b: your cat\n|move|p1b: your cat|Leaf Blade|p2b: Vaporeon\n|-supereffective|p2b: Vaporeon\n|-damage|p2b: Vaporeon|52\/100\n|move|p1a: your dad|Stomping Tantrum|p2a: Arcanine\n|-supereffective|p2a: Arcanine\n|-damage|p2a: Arcanine|24\/100\n|-enditem|p2a: Arcanine|Sitrus Berry|[eat]\n|-heal|p2a: Arcanine|48\/100|[from] item: Sitrus Berry\n|\n|-heal|p2b: Vaporeon|58\/100|[from] item: Leftovers\n|-damage|p1b: your cat|20\/100 brn|[from] brn\n|upkeep\n|turn|7\n|\n|t:|1683685210\n|-end|p1a: your dad|Quark Drive|[silent]\n|switch|p1a: your mom|Iron Jugulis, L50|100\/100\n|-enditem|p1a: your mom|Booster Energy\n|-activate|p1a: your mom|ability: Quark Drive|[fromitem]\n|-start|p1a: your mom|quarkdrivespe\n|move|p1b: your cat|Protect|p1b: your cat\n|-singleturn|p1b: your cat|Protect\n|move|p2a: Arcanine|Extreme Speed|p1b: your cat\n|-activate|p1b: your cat|move: Protect\n|move|p2b: Vaporeon|Calm Mind|p2b: Vaporeon\n|-boost|p2b: Vaporeon|spa|1\n|-boost|p2b: Vaporeon|spd|1\n|\n|-heal|p2b: Vaporeon|64\/100|[from] item: Leftovers\n|-damage|p1b: your cat|14\/100 brn|[from] brn\n|upkeep\n|turn|8\n|\n|t:|1683685265\n|switch|p1b: Your therapist|Espeon, L50, M|14\/100\n|move|p2b: Vaporeon|Protect|p2b: Vaporeon\n|-singleturn|p2b: Vaporeon|Protect\n|move|p2a: Arcanine|Extreme Speed|p1b: Your therapist\n|-damage|p1b: Your therapist|0 fnt\n|faint|p1b: Your therapist\n|move|p1a: your mom|Dark Pulse|p2a: Arcanine\n|-damage|p2a: Arcanine|9\/100\n|\n|-heal|p2b: Vaporeon|70\/100|[from] item: Leftovers\n|upkeep\n|\n|t:|1683685281\n|switch|p1b: your cat|Leafeon, L50, F, tera:Water|14\/100 brn\n|turn|9\n|\n|t:|1683685297\n|move|p1b: your cat|Protect|p1b: your cat\n|-singleturn|p1b: your cat|Protect\n|move|p2a: Arcanine|Protect|p2a: Arcanine\n|-singleturn|p2a: Arcanine|Protect\n|move|p1a: your mom|Dark Pulse|p2a: Arcanine\n|-activate|p2a: Arcanine|move: Protect\n|move|p2b: Vaporeon|Calm Mind|p2b: Vaporeon\n|-boost|p2b: Vaporeon|spa|1\n|-boost|p2b: Vaporeon|spd|1\n|\n|-heal|p2b: Vaporeon|76\/100|[from] item: Leftovers\n|-damage|p1b: your cat|8\/100 brn|[from] brn\n|upkeep\n|turn|10\n|\n|t:|1683685326\n|move|p2a: Arcanine|Extreme Speed|p1b: your cat\n|-damage|p1b: your cat|0 fnt\n|faint|p1b: your cat\n|move|p1a: your mom|Dark Pulse|p2a: Arcanine\n|-damage|p2a: Arcanine|0 fnt\n|faint|p2a: Arcanine\n|move|p2b: Vaporeon|Muddy Water|p1a: your mom\n|-damage|p1a: your mom|0 fnt\n|faint|p1a: your mom\n|-end|p1a: your mom|Quark Drive|[silent]\n|\n|-heal|p2b: Vaporeon|82\/100|[from] item: Leftovers\n|upkeep\n|\n|t:|1683685345\n|switch|p1b: your dad|Iron Treads, L50|94\/100\n|switch|p2a: Misdreavus|Misdreavus, L50, F|14\/100\n|turn|11\n|\n|t:|1683685362\n|move|p1b: your dad|Stomping Tantrum|p2b: Vaporeon\n|-damage|p2b: Vaporeon|41\/100\n|move|p2b: Vaporeon|Muddy Water|p1b: your dad|[miss]\n|-miss|p2b: Vaporeon|p1b: your dad\n|move|p2a: Misdreavus|Trick Room|p2a: Misdreavus\n|-fieldstart|move: Trick Room|[of] p2a: Misdreavus\n|\n|-heal|p2b: Vaporeon|47\/100|[from] item: Leftovers\n|upkeep\n|turn|12\n|\n|t:|1683685374\n|move|p2a: Misdreavus|Will-O-Wisp|p1b: your dad|[miss]\n|-miss|p2a: Misdreavus|p1b: your dad\n|move|p2b: Vaporeon|Muddy Water|p1b: your dad\n|-supereffective|p1b: your dad\n|-damage|p1b: your dad|0 fnt\n|faint|p1b: your dad\n|-end|p1b: your dad|Quark Drive|[silent]\n|\n|win|Harlem Haunters\n|c|\u2606thedistortionzone|gg\n|l| kevsmoreno\n|c|\u2606Harlem Haunters|gg\n|l|\u2606thedistortionzone\n|l|\u2606Harlem Haunters\n|j| Toronto 6ix\n","uploadtime":1683685384,"views":37,"p1id":"thedistortionzone","p2id":"harlemhaunters","formatid":"gen9vgc2023regulationc","rating":0,"private":0,"password":""}