{"id":"gen9vgc2023regulationc-1845455019","p1":"StrawHatRonin","p2":"dingjiongtao","format":"[Gen 9] VGC 2023 Regulation C","log":"|j|\u2606StrawHatRonin\n|j|\u2606dingjiongtao\n|t:|1681735231\n|gametype|doubles\n|player|p1|StrawHatRonin|morty|1103\n|player|p2|dingjiongtao|palmer|1201\n|teamsize|p1|6\n|teamsize|p2|6\n|gen|9\n|tier|[Gen 9] VGC 2023 Regulation C\n|rated|\n|rule|Species Clause: Limit one of each Pok\u00e9mon\n|rule|Item Clause: Limit one of each item\n|clearpoke\n|poke|p1|Annihilape, L50, M|\n|poke|p1|Amoonguss, L50, M|\n|poke|p1|Arcanine, L50, M|\n|poke|p1|Maushold, L50|\n|poke|p1|Pelipper, L50, M|\n|poke|p1|Drednaw, L50, F|\n|poke|p2|Annihilape, L50, M|\n|poke|p2|Dondozo, L50, M|\n|poke|p2|Chien-Pao, L50|\n|poke|p2|Gyarados, L50, M|\n|poke|p2|Chi-Yu, L50|\n|poke|p2|Spiritomb, L50, M|\n|teampreview|4\n|inactive|Battle timer is ON: inactive players will automatically lose when time's up. (requested by StrawHatRonin)\n|\n|t:|1681735245\n|start\n|switch|p1a: Annihilape|Annihilape, L50, M|100\/100\n|switch|p1b: Maushold|Maushold, L50|100\/100\n|switch|p2a: Spiritomb|Spiritomb, L50, M|100\/100\n|switch|p2b: Gyarados|Gyarados, L50, M|100\/100\n|-ability|p2b: Gyarados|Intimidate|boost\n|-unboost|p1a: Annihilape|atk|1\n|-ability|p1a: Annihilape|Defiant|boost\n|-boost|p1a: Annihilape|atk|2\n|-unboost|p1b: Maushold|atk|1\n|-ability|p2a: Spiritomb|Pressure\n|turn|1\n|inactive|dingjiongtao has 30 seconds left.\n|\n|t:|1681735277\n|move|p1b: Maushold|Beat Up|p1a: Annihilape\n|-damage|p1a: Annihilape|99\/100\n|-damage|p1a: Annihilape|97\/100\n|-damage|p1a: Annihilape|96\/100\n|-damage|p1a: Annihilape|94\/100\n|-hitcount|p1a: Annihilape|4\n|move|p1a: Annihilape|Rage Fist|p2a: Spiritomb\n|-damage|p2a: Spiritomb|0 fnt\n|faint|p2a: Spiritomb\n|move|p2b: Gyarados|Taunt|p1b: Maushold\n|-start|p1b: Maushold|move: Taunt\n|\n|-heal|p1a: Annihilape|99\/100|[from] item: Leftovers\n|upkeep\n|\n|t:|1681735290\n|switch|p2a: Chien-Pao|Chien-Pao, L50|100\/100\n|-ability|p2a: Chien-Pao|Sword of Ruin\n|turn|2\n|\n|t:|1681735306\n|move|p2a: Chien-Pao|Crunch|p1a: Annihilape\n|-damage|p1a: Annihilape|63\/100\n|move|p1b: Maushold|Beat Up|p2a: Chien-Pao\n|-resisted|p2a: Chien-Pao\n|-damage|p2a: Chien-Pao|99\/100\n|-resisted|p2a: Chien-Pao\n|-damage|p2a: Chien-Pao|98\/100\n|-resisted|p2a: Chien-Pao\n|-damage|p2a: Chien-Pao|97\/100\n|-resisted|p2a: Chien-Pao\n|-damage|p2a: Chien-Pao|95\/100\n|-hitcount|p2a: Chien-Pao|4\n|move|p1a: Annihilape|Drain Punch|p2a: Chien-Pao\n|-supereffective|p2a: Chien-Pao\n|-damage|p2a: Chien-Pao|0 fnt\n|-heal|p1a: Annihilape|99\/100|[from] drain|[of] p2a: Chien-Pao\n|faint|p2a: Chien-Pao\n|move|p2b: Gyarados|Thunder Wave|p1a: Annihilape\n|-status|p1a: Annihilape|par\n|\n|-heal|p1a: Annihilape|100\/100 par|[from] item: Leftovers\n|upkeep\n|\n|t:|1681735324\n|switch|p2a: Chi-Yu|Chi-Yu, L50|100\/100\n|-ability|p2a: Chi-Yu|Beads of Ruin\n|turn|3\n|\n|t:|1681735336\n|-terastallize|p2a: Chi-Yu|Fire\n|move|p2a: Chi-Yu|Heat Wave|p1b: Maushold|[spread] p1a,p1b\n|-damage|p1a: Annihilape|44\/100 par\n|-damage|p1b: Maushold|14\/100\n|-status|p1b: Maushold|brn\n|move|p1b: Maushold|Beat Up|p2a: Chi-Yu\n|-damage|p2a: Chi-Yu|99\/100\n|-damage|p2a: Chi-Yu|97\/100\n|-damage|p2a: Chi-Yu|96\/100\n|-hitcount|p2a: Chi-Yu|3\n|move|p2b: Gyarados|Waterfall|p1a: Annihilape\n|-damage|p1a: Annihilape|18\/100 par\n|move|p1a: Annihilape|Rage Fist|p2b: Gyarados\n|-damage|p2b: Gyarados|0 fnt\n|-damage|p1a: Annihilape|2\/100 par|[from] item: Rocky Helmet|[of] p2b: Gyarados\n|faint|p2b: Gyarados\n|\n|-heal|p1a: Annihilape|8\/100 par|[from] item: Leftovers\n|-damage|p1b: Maushold|8\/100 brn|[from] brn\n|upkeep\n|turn|4\n|inactive|StrawHatRonin has 30 seconds left.\n|\n|t:|1681735369\n|move|p1a: Annihilape|Protect|p1a: Annihilape\n|-singleturn|p1a: Annihilape|Protect\n|move|p2a: Chi-Yu|Heat Wave|p1a: Annihilape|[spread] p1b\n|-activate|p1a: Annihilape|move: Protect\n|-damage|p1b: Maushold|0 fnt\n|faint|p1b: Maushold\n|\n|-heal|p1a: Annihilape|14\/100 par|[from] item: Leftovers\n|upkeep\n|\n|t:|1681735380\n|switch|p1b: Arcanine|Arcanine, L50, M|100\/100\n|-ability|p1b: Arcanine|Intimidate|boost\n|-unboost|p2a: Chi-Yu|atk|1\n|turn|5\n|\n|t:|1681735399\n|move|p1a: Annihilape|Protect|p1a: Annihilape\n|-singleturn|p1a: Annihilape|Protect\n|move|p1b: Arcanine|Extreme Speed|p2a: Chi-Yu\n|-damage|p2a: Chi-Yu|40\/100\n|-damage|p1b: Arcanine|91\/100|[from] item: Life Orb\n|move|p2a: Chi-Yu|Heat Wave|p1a: Annihilape|[spread] p1b\n|-activate|p1a: Annihilape|move: Protect\n|-resisted|p1b: Arcanine\n|-damage|p1b: Arcanine|33\/100\n|\n|-heal|p1a: Annihilape|21\/100 par|[from] item: Leftovers\n|upkeep\n|turn|6\n|\n|t:|1681735416\n|move|p1b: Arcanine|Extreme Speed|p2a: Chi-Yu\n|-damage|p2a: Chi-Yu|0 fnt\n|faint|p2a: Chi-Yu\n|-damage|p1b: Arcanine|23\/100|[from] item: Life Orb\n|\n|win|StrawHatRonin\n|raw|StrawHatRonin's rating: 1103 → 1135<\/strong> (+32 for winning)\n|raw|dingjiongtao's rating: 1201 → 1169<\/strong> (-32 for losing)\n|l|\u2606dingjiongtao\n|l|\u2606StrawHatRonin\n|j|\u2606StrawHatRonin\n|player|p1|StrawHatRonin|morty\n","uploadtime":1681735608,"views":10,"p1id":"strawhatronin","p2id":"dingjiongtao","formatid":"gen9vgc2023regulationc","rating":1135,"private":0,"password":""}