{"id":"gen9vgc2023regulationc-1854693404","p1":"fffbb","p2":"sea_lake","format":"[Gen 9] VGC 2023 Regulation C","log":"|j|\u2606fffbb\n|j|\u2606sea_lake\n|t:|1682851615\n|gametype|doubles\n|player|p1|fffbb|1|1344\n|player|p2|sea_lake|102|1416\n|teamsize|p1|6\n|teamsize|p2|6\n|gen|9\n|tier|[Gen 9] VGC 2023 Regulation C\n|rated|\n|rule|Species Clause: Limit one of each Pok\u00e9mon\n|rule|Item Clause: Limit one of each item\n|clearpoke\n|poke|p1|Torkoal, L50, F|\n|poke|p1|Chi-Yu, L50|\n|poke|p1|Bronzong, L50|\n|poke|p1|Gastrodon, L50, F|\n|poke|p1|Grimmsnarl, L50, M|\n|poke|p1|Skeledirge, L50, F|\n|poke|p2|Vivillon, L50, M|\n|poke|p2|Ting-Lu, L50|\n|poke|p2|Iron Bundle, L50|\n|poke|p2|Abomasnow, L50, M|\n|poke|p2|Iron Hands, L50|\n|poke|p2|Azumarill, L50, M|\n|teampreview|4\n|\n|t:|1682851649\n|start\n|switch|p1a: Torkoal|Torkoal, L50, F|100\/100\n|switch|p1b: Skeledirge|Skeledirge, L50, F|100\/100\n|switch|p2a: Ting-Lu|Ting-Lu, L50|100\/100\n|switch|p2b: Iron Hands|Iron Hands, L50, shiny|100\/100\n|-ability|p2a: Ting-Lu|Vessel of Ruin\n|-weather|SunnyDay|[from] ability: Drought|[of] p1a: Torkoal\n|turn|1\n|inactive|Battle timer is ON: inactive players will automatically lose when time's up. (requested by fffbb)\n|\n|t:|1682851671\n|switch|p1a: Grimmsnarl|Grimmsnarl, L50, M|100\/100\n|move|p1b: Skeledirge|Protect|p1b: Skeledirge\n|-singleturn|p1b: Skeledirge|Protect\n|move|p2b: Iron Hands|Fake Out|p1a: Grimmsnarl\n|-damage|p1a: Grimmsnarl|82\/100\n|move|p2a: Ting-Lu|Stomping Tantrum|p1b: Skeledirge\n|-activate|p1b: Skeledirge|move: Protect\n|\n|-weather|SunnyDay|[upkeep]\n|upkeep\n|turn|2\n|\n|t:|1682851690\n|move|p1a: Grimmsnarl|Fake Out|p2a: Ting-Lu\n|-damage|p2a: Ting-Lu|94\/100\n|move|p1b: Skeledirge|Encore|p2b: Iron Hands\n|-start|p2b: Iron Hands|Encore\n|cant|p2a: Ting-Lu|flinch\n|move|p2b: Iron Hands|Fake Out||[still]\n|-hint|Fake Out only works on your first turn out.\n|-fail|p2b: Iron Hands\n|\n|-weather|SunnyDay|[upkeep]\n|upkeep\n|turn|3\n|\n|t:|1682851708\n|-end|p2b: Iron Hands|Quark Drive|[silent]\n|switch|p2b: Abomasnow|Abomasnow, L50, M, shiny|100\/100\n|-weather|Snow|[from] ability: Snow Warning|[of] p2b: Abomasnow\n|move|p1b: Skeledirge|Protect|p1b: Skeledirge\n|-singleturn|p1b: Skeledirge|Protect\n|move|p1a: Grimmsnarl|Trick|p2b: Abomasnow\n|-activate|p1a: Grimmsnarl|move: Trick|[of] p2b: Abomasnow\n|-item|p2b: Abomasnow|Lagging Tail|[from] move: Trick\n|-item|p1a: Grimmsnarl|Life Orb|[from] move: Trick\n|move|p2a: Ting-Lu|Stomping Tantrum|p1b: Skeledirge\n|-activate|p1b: Skeledirge|move: Protect\n|\n|-weather|Snow|[upkeep]\n|upkeep\n|turn|4\n|\n|t:|1682851727\n|switch|p1a: Torkoal|Torkoal, L50, F|100\/100\n|-weather|SunnyDay|[from] ability: Drought|[of] p1a: Torkoal\n|-terastallize|p1b: Skeledirge|Fairy\n|move|p2b: Abomasnow|Protect|p2b: Abomasnow\n|-singleturn|p2b: Abomasnow|Protect\n|move|p1b: Skeledirge|Torch Song|p2a: Ting-Lu\n|-damage|p2a: Ting-Lu|69\/100\n|-boost|p1b: Skeledirge|spa|1\n|move|p2a: Ting-Lu|Stomping Tantrum|p1b: Skeledirge\n|-damage|p1b: Skeledirge|76\/100\n|\n|-weather|SunnyDay|[upkeep]\n|-heal|p1b: Skeledirge|82\/100|[from] item: Leftovers\n|upkeep\n|turn|5\n|inactive|sea_lake has 30 seconds left.\n|inactive|sea_lake has 20 seconds left.\n|inactive|sea_lake has 15 seconds left.\n|inactive|fffbb has 30 seconds left.\n|inactive|sea_lake has 10 seconds left.\n|\n|t:|1682851777\n|switch|p1a: Grimmsnarl|Grimmsnarl, L50, M|82\/100\n|-terastallize|p2b: Abomasnow|Water\n|move|p1b: Skeledirge|Protect|p1b: Skeledirge\n|-singleturn|p1b: Skeledirge|Protect\n|move|p2a: Ting-Lu|Fissure|p1b: Skeledirge\n|-activate|p1b: Skeledirge|move: Protect\n|move|p2b: Abomasnow|Earth Power|p1a: Grimmsnarl\n|-damage|p1a: Grimmsnarl|60\/100\n|\n|-weather|SunnyDay|[upkeep]\n|-heal|p1b: Skeledirge|87\/100|[from] item: Leftovers\n|upkeep\n|turn|6\n|inactive|sea_lake has 30 seconds left.\n|\n|t:|1682851804\n|switch|p2b: Vivillon|Vivillon, L50, M|100\/100\n|move|p1a: Grimmsnarl|Fake Out|p2a: Ting-Lu\n|-damage|p2a: Ting-Lu|63\/100\n|-damage|p1a: Grimmsnarl|50\/100|[from] item: Life Orb\n|move|p1b: Skeledirge|Torch Song|p2a: Ting-Lu\n|-damage|p2a: Ting-Lu|35\/100\n|-boost|p1b: Skeledirge|spa|1\n|cant|p2a: Ting-Lu|flinch\n|\n|-weather|SunnyDay|[upkeep]\n|-heal|p1b: Skeledirge|93\/100|[from] item: Leftovers\n|upkeep\n|turn|7\n|inactive|sea_lake has 30 seconds left.\n|\n|t:|1682851829\n|move|p1b: Skeledirge|Protect|p1b: Skeledirge\n|-singleturn|p1b: Skeledirge|Protect\n|move|p2b: Vivillon|Tailwind|p2b: Vivillon\n|-sidestart|p2: sea_lake|move: Tailwind\n|move|p2a: Ting-Lu|Fissure|p1b: Skeledirge\n|-activate|p1b: Skeledirge|move: Protect\n|move|p1a: Grimmsnarl|Spirit Break|p2a: Ting-Lu\n|-supereffective|p2a: Ting-Lu\n|-damage|p2a: Ting-Lu|0 fnt\n|faint|p2a: Ting-Lu\n|-damage|p1a: Grimmsnarl|40\/100|[from] item: Life Orb\n|\n|-weather|SunnyDay|[upkeep]\n|-heal|p1b: Skeledirge|99\/100|[from] item: Leftovers\n|upkeep\n|\n|t:|1682851846\n|switch|p2a: Iron Hands|Iron Hands, L50, shiny|100\/100\n|turn|8\n|inactive|sea_lake has 30 seconds left.\n|\n|t:|1682851872\n|move|p2b: Vivillon|Protect|p2b: Vivillon\n|-singleturn|p2b: Vivillon|Protect\n|move|p2a: Iron Hands|Heavy Slam|p1b: Skeledirge\n|-supereffective|p1b: Skeledirge\n|-damage|p1b: Skeledirge|73\/100\n|move|p1b: Skeledirge|Torch Song|p2b: Vivillon\n|-activate|p2b: Vivillon|move: Protect\n|move|p1a: Grimmsnarl|Spirit Break|p2b: Vivillon\n|-activate|p2b: Vivillon|move: Protect\n|\n|-weather|none\n|-heal|p1b: Skeledirge|79\/100|[from] item: Leftovers\n|upkeep\n|turn|9\n|inactive|sea_lake has 30 seconds left.\n|\n|t:|1682851904\n|switch|p2b: Abomasnow|Abomasnow, L50, M, shiny, tera:Water|100\/100\n|-weather|Snow|[from] ability: Snow Warning|[of] p2b: Abomasnow\n|move|p1b: Skeledirge|Protect|p1b: Skeledirge\n|-singleturn|p1b: Skeledirge|Protect\n|move|p2a: Iron Hands|Wild Charge|p1a: Grimmsnarl\n|-damage|p1a: Grimmsnarl|0 fnt\n|faint|p1a: Grimmsnarl\n|-damage|p2a: Iron Hands|92\/100|[from] Recoil\n|\n|-weather|Snow|[upkeep]\n|-heal|p1b: Skeledirge|85\/100|[from] item: Leftovers\n|upkeep\n|\n|t:|1682851913\n|switch|p1a: Torkoal|Torkoal, L50, F|100\/100\n|-weather|SunnyDay|[from] ability: Drought|[of] p1a: Torkoal\n|turn|10\n|\n|t:|1682851936\n|move|p1a: Torkoal|Protect|p1a: Torkoal\n|-singleturn|p1a: Torkoal|Protect\n|move|p2a: Iron Hands|Wild Charge|p1a: Torkoal\n|-activate|p1a: Torkoal|move: Protect\n|move|p1b: Skeledirge|Tera Blast|p2a: Iron Hands\n|-supereffective|p2a: Iron Hands\n|-damage|p2a: Iron Hands|0 fnt\n|faint|p2a: Iron Hands\n|-end|p2a: Iron Hands|Quark Drive|[silent]\n|move|p2b: Abomasnow|Earth Power|p1a: Torkoal\n|-activate|p1a: Torkoal|move: Protect\n|\n|-weather|SunnyDay|[upkeep]\n|-heal|p1b: Skeledirge|90\/100|[from] item: Leftovers\n|-sideend|p2: sea_lake|move: Tailwind\n|upkeep\n|-message|sea_lake forfeited.\n|\n|win|fffbb\n|raw|fffbb's rating: 1344 → 1368<\/strong> (+24 for winning)\n|raw|sea_lake's rating: 1416 → 1392<\/strong> (-24 for losing)\n|l|\u2606sea_lake\n","uploadtime":1682851955,"views":14,"p1id":"fffbb","p2id":"sealake","formatid":"gen9vgc2023regulationc","rating":1368,"private":0,"password":""}