{"id":"gen9vgc2023regulationc-1845097501","p1":"gssgdg","p2":"uhoh I poopd","format":"[Gen 9] VGC 2023 Regulation C","log":"|j|\u2606gssgdg\n|j|\u2606uhoh I poopd\n|t:|1681683219\n|gametype|doubles\n|player|p1|gssgdg|2|1301\n|player|p2|uhoh I poopd|colress|1321\n|teamsize|p1|4\n|teamsize|p2|6\n|gen|9\n|tier|[Gen 9] VGC 2023 Regulation C\n|rated|\n|rule|Species Clause: Limit one of each Pok\u00e9mon\n|rule|Item Clause: Limit one of each item\n|clearpoke\n|poke|p1|Flutter Mane, L50|\n|poke|p1|Chi-Yu, L50|\n|poke|p1|Dragonite, L50, F|\n|poke|p1|Chien-Pao, L50|\n|poke|p2|Masquerain, L50, M|\n|poke|p2|Coalossal, L50, M|\n|poke|p2|Ting-Lu, L50|\n|poke|p2|Amoonguss, L50, M|\n|poke|p2|Arcanine, L50, M|\n|poke|p2|Palafin, L50, M|\n|teampreview|4\n|\n|t:|1681683281\n|start\n|switch|p1a: Chi-Yu|Chi-Yu, L50|100\/100\n|switch|p1b: Flutter Mane|Flutter Mane, L50|100\/100\n|switch|p2a: de Havilland|Masquerain, L50, M|100\/100\n|switch|p2b: Armavee|Coalossal, L50, M|100\/100\n|-ability|p1a: Chi-Yu|Beads of Ruin\n|-ability|p2a: de Havilland|Intimidate|boost\n|-unboost|p1a: Chi-Yu|atk|1\n|-unboost|p1b: Flutter Mane|atk|1\n|-enditem|p1b: Flutter Mane|Booster Energy\n|-activate|p1b: Flutter Mane|ability: Protosynthesis|[fromitem]\n|-start|p1b: Flutter Mane|protosynthesisspa\n|turn|1\n|\n|t:|1681683295\n|move|p2a: de Havilland|Aqua Jet|p2b: Armavee\n|-supereffective|p2b: Armavee\n|-damage|p2b: Armavee|81\/100\n|-ability|p2b: Armavee|Steam Engine|boost\n|-boost|p2b: Armavee|spe|6\n|-enditem|p2b: Armavee|Weakness Policy\n|-boost|p2b: Armavee|atk|2|[from] item: Weakness Policy\n|-boost|p2b: Armavee|spa|2|[from] item: Weakness Policy\n|move|p2b: Armavee|Power Gem|p1a: Chi-Yu\n|-supereffective|p1a: Chi-Yu\n|-damage|p1a: Chi-Yu|0 fnt\n|faint|p1a: Chi-Yu\n|move|p1b: Flutter Mane|Dazzling Gleam|p2b: Armavee|[spread] p2a,p2b\n|-resisted|p2b: Armavee\n|-damage|p2a: de Havilland|50\/100\n|-damage|p2b: Armavee|59\/100\n|\n|upkeep\n|\n|t:|1681683307\n|switch|p1a: Dragonite|Dragonite, L50, F, shiny|100\/100\n|turn|2\n|\n|t:|1681683335\n|-end|p1b: Flutter Mane|Protosynthesis|[silent]\n|switch|p1b: Chien-Pao|Chien-Pao, L50|100\/100\n|-ability|p1b: Chien-Pao|Sword of Ruin\n|-terastallize|p1a: Dragonite|Normal\n|move|p1a: Dragonite|Extreme Speed|p2b: Armavee\n|-resisted|p2b: Armavee\n|-damage|p2b: Armavee|25\/100\n|move|p2b: Armavee|Power Gem|p1a: Dragonite\n|-damage|p1a: Dragonite|70\/100\n|move|p2a: de Havilland|Struggle Bug|p1a: Dragonite|[spread] p1a,p1b\n|-supereffective|p1b: Chien-Pao\n|-crit|p1b: Chien-Pao\n|-damage|p1a: Dragonite|56\/100\n|-damage|p1b: Chien-Pao|35\/100\n|-unboost|p1a: Dragonite|spa|1\n|-unboost|p1b: Chien-Pao|spa|1\n|\n|upkeep\n|turn|3\n|\n|t:|1681683348\n|switch|p2a: Palafin|Palafin, L50, M|100\/100\n|move|p2b: Armavee|Protect|p2b: Armavee\n|-singleturn|p2b: Armavee|Protect\n|move|p1a: Dragonite|Extreme Speed|p2b: Armavee\n|-activate|p2b: Armavee|move: Protect\n|move|p1b: Chien-Pao|Ice Spinner|p2a: Palafin\n|-resisted|p2a: Palafin\n|-damage|p2a: Palafin|71\/100\n|\n|upkeep\n|turn|4\n|\n|t:|1681683358\n|detailschange|p2a: Palafin|Palafin-Hero, L50, M\n|switch|p2a: de Havilland|Masquerain, L50, M|50\/100\n|-ability|p2a: de Havilland|Intimidate|boost\n|-unboost|p1a: Dragonite|atk|1\n|-unboost|p1b: Chien-Pao|atk|1\n|move|p1a: Dragonite|Extreme Speed|p2b: Armavee\n|-resisted|p2b: Armavee\n|-damage|p2b: Armavee|3\/100\n|move|p2b: Armavee|Power Gem|p1a: Dragonite\n|-damage|p1a: Dragonite|0 fnt\n|faint|p1a: Dragonite\n|move|p1b: Chien-Pao|Ice Spinner|p2a: de Havilland\n|-supereffective|p2a: de Havilland\n|-damage|p2a: de Havilland|0 fnt\n|faint|p2a: de Havilland\n|\n|upkeep\n|\n|t:|1681683366\n|switch|p2a: Palafin|Palafin-Hero, L50, M|71\/100\n|switch|p1a: Flutter Mane|Flutter Mane, L50|100\/100\n|-activate|p2a: Palafin|ability: Zero to Hero\n|turn|5\n|inactive|Battle timer is ON: inactive players will automatically lose when time's up. (requested by uhoh I poopd)\n|inactive|gssgdg has 60 seconds left.\n|inactive|gssgdg has 30 seconds left.\n|j| CmeaS23\n|inactive|gssgdg has 20 seconds left.\n|l| CmeaS23\n|inactive|gssgdg has 15 seconds left.\n|inactive|gssgdg has 10 seconds left.\n|inactive|gssgdg has 5 seconds left.\n|\n|t:|1681683567\n|-terastallize|p2a: Palafin|Water\n|move|p2b: Armavee|Protect|p2b: Armavee\n|-singleturn|p2b: Armavee|Protect\n|move|p2a: Palafin|Jet Punch|p1a: Flutter Mane\n|-damage|p1a: Flutter Mane|0 fnt\n|faint|p1a: Flutter Mane\n|-end|p1a: Flutter Mane|Protosynthesis|[silent]\n|move|p1b: Chien-Pao|Ice Spinner|p2b: Armavee\n|-activate|p2b: Armavee|move: Protect\n|\n|upkeep\n|turn|6\n|inactive|gssgdg has 30 seconds left.\n|c|\u2606uhoh I poopd|C.Mea is that you??\n|inactive|gssgdg has 20 seconds left.\n|inactive|gssgdg has 15 seconds left.\n|inactive|gssgdg has 10 seconds left.\n|inactive|gssgdg has 5 seconds left.\n|\n|t:|1681683622\n|move|p2a: Palafin|Jet Punch|p1b: Chien-Pao\n|-damage|p1b: Chien-Pao|0 fnt\n|faint|p1b: Chien-Pao\n|\n|win|uhoh I poopd\n|raw|gssgdg's rating: 1282 → 1260<\/strong> (-22 for losing)\n|raw|uhoh I poopd's rating: 1321 → 1339<\/strong> (+18 for winning)\n|l|\u2606gssgdg\n","uploadtime":1681683627,"views":8,"p1id":"gssgdg","p2id":"uhohipoopd","formatid":"gen9vgc2023regulationc","rating":1260,"private":0,"password":""}