{"id":"gen9vgc2023regulationc-1856478041","p1":"Inwaves22","p2":"Stache_Official","format":"[Gen 9] VGC 2023 Regulation C","log":"|j|\u2606Inwaves22\n|j|\u2606Stache_Official\n|t:|1683065912\n|gametype|doubles\n|player|p1|Inwaves22|falkner|1220\n|player|p2|Stache_Official|169|1144\n|teamsize|p1|6\n|teamsize|p2|6\n|gen|9\n|tier|[Gen 9] VGC 2023 Regulation C\n|rated|\n|rule|Species Clause: Limit one of each Pok\u00e9mon\n|rule|Item Clause: Limit one of each item\n|clearpoke\n|poke|p1|Glimmora, L50, M|\n|poke|p1|Chi-Yu, L50|\n|poke|p1|Flutter Mane, L50|\n|poke|p1|Dragonite, L50, F|\n|poke|p1|Dondozo, L50, F|\n|poke|p1|Tatsugiri, L50, M|\n|poke|p2|Quaquaval, L50, M|\n|poke|p2|Annihilape, L50, F|\n|poke|p2|Ceruledge, L50, F|\n|poke|p2|Maushold-Four, L50|\n|poke|p2|Glimmora, L50, F|\n|poke|p2|Toxapex, L50, M|\n|teampreview|4\n|inactive|Battle timer is ON: inactive players will automatically lose when time's up. (requested by Stache_Official)\n|\n|t:|1683065929\n|start\n|switch|p1a: Glimmora|Glimmora, L50, M|100\/100\n|switch|p1b: Tatsugiri|Tatsugiri, L50, M|100\/100\n|switch|p2a: Quaquaval|Quaquaval, L50, M|100\/100\n|switch|p2b: Maushold|Maushold-Four, L50|100\/100\n|turn|1\n|\n|t:|1683065953\n|move|p2b: Maushold|Follow Me|p2b: Maushold\n|-singleturn|p2b: Maushold|move: Follow Me\n|move|p1a: Glimmora|Toxic|p2b: Maushold\n|-status|p2b: Maushold|tox\n|move|p2a: Quaquaval|Swords Dance|p2a: Quaquaval\n|-boost|p2a: Quaquaval|atk|2\n|move|p1b: Tatsugiri|Dragon Pulse|p2b: Maushold\n|-damage|p2b: Maushold|11\/100 tox\n|\n|-damage|p2b: Maushold|5\/100 tox|[from] psn\n|upkeep\n|turn|2\n|\n|t:|1683065975\n|move|p2b: Maushold|Follow Me|p2b: Maushold\n|-singleturn|p2b: Maushold|move: Follow Me\n|move|p1a: Glimmora|Toxic|p2b: Maushold\n|-fail|p2b: Maushold|tox\n|move|p2a: Quaquaval|Aqua Step|p1b: Tatsugiri\n|-activate|p1b: Tatsugiri|ability: Storm Drain\n|-ability|p1b: Tatsugiri|Storm Drain|boost\n|-boost|p1b: Tatsugiri|spa|1\n|move|p1b: Tatsugiri|Dragon Pulse|p2b: Maushold\n|-damage|p2b: Maushold|0 fnt\n|faint|p2b: Maushold\n|\n|upkeep\n|\n|t:|1683065985\n|switch|p2b: Toxapex|Toxapex, L50, M|100\/100\n|turn|3\n|inactive|Stache_Official has 30 seconds left.\n|\n|t:|1683066014\n|move|p1a: Glimmora|Earth Power|p2b: Toxapex\n|-supereffective|p2b: Toxapex\n|-damage|p2b: Toxapex|48\/100\n|move|p2a: Quaquaval|Close Combat|p1b: Tatsugiri\n|-damage|p1b: Tatsugiri|0 fnt\n|-unboost|p2a: Quaquaval|def|1\n|-unboost|p2a: Quaquaval|spd|1\n|faint|p1b: Tatsugiri\n|-ability|p2a: Quaquaval|Moxie|boost\n|-boost|p2a: Quaquaval|atk|1\n|move|p2b: Toxapex|Chilling Water|p1a: Glimmora\n|-supereffective|p1a: Glimmora\n|-damage|p1a: Glimmora|77\/100\n|-unboost|p1a: Glimmora|atk|1\n|\n|-heal|p2b: Toxapex|54\/100|[from] item: Leftovers\n|upkeep\n|inactive|Inwaves22 has 30 seconds left.\n|\n|t:|1683066043\n|switch|p1b: Flutter Mane|Flutter Mane, L50|100\/100\n|-enditem|p1b: Flutter Mane|Booster Energy\n|-activate|p1b: Flutter Mane|ability: Protosynthesis|[fromitem]\n|-start|p1b: Flutter Mane|protosynthesisspe\n|turn|4\n|\n|t:|1683066056\n|-terastallize|p1b: Flutter Mane|Steel\n|-terastallize|p2a: Quaquaval|Water\n|move|p1a: Glimmora|Spiky Shield|p1a: Glimmora\n|-singleturn|p1a: Glimmora|move: Protect\n|move|p2b: Toxapex|Baneful Bunker|p2b: Toxapex\n|-singleturn|p2b: Toxapex|move: Protect\n|move|p1b: Flutter Mane|Moonblast|p2a: Quaquaval\n|-damage|p2a: Quaquaval|0 fnt\n|faint|p2a: Quaquaval\n|\n|-heal|p2b: Toxapex|59\/100|[from] item: Leftovers\n|upkeep\n|\n|t:|1683066065\n|switch|p2a: Annihilape|Annihilape, L50, F|100\/100\n|turn|5\n|\n|t:|1683066084\n|move|p1b: Flutter Mane|Substitute|p1b: Flutter Mane\n|-start|p1b: Flutter Mane|Substitute\n|-damage|p1b: Flutter Mane|76\/100\n|move|p1a: Glimmora|Toxic|p2a: Annihilape\n|-status|p2a: Annihilape|tox\n|move|p2a: Annihilape|Drain Punch|p1b: Flutter Mane\n|-supereffective|p1b: Flutter Mane\n|-end|p1b: Flutter Mane|Substitute\n|move|p2b: Toxapex|Infestation|p1a: Glimmora\n|-resisted|p1a: Glimmora\n|-damage|p1a: Glimmora|75\/100\n|-activate|p1a: Glimmora|move: Infestation|[of] p2b: Toxapex\n|\n|-heal|p2b: Toxapex|65\/100|[from] item: Leftovers\n|-damage|p2a: Annihilape|95\/100 tox|[from] psn\n|-damage|p1a: Glimmora|63\/100|[from] move: Infestation|[partiallytrapped]\n|upkeep\n|turn|6\n|\n|t:|1683066105\n|move|p1b: Flutter Mane|Moonblast|p2a: Annihilape\n|-supereffective|p2a: Annihilape\n|-damage|p2a: Annihilape|27\/100 tox\n|-unboost|p2a: Annihilape|spa|1\n|-ability|p2a: Annihilape|Defiant|boost\n|-boost|p2a: Annihilape|atk|2\n|move|p1a: Glimmora|Earth Power|p2b: Toxapex\n|-supereffective|p2b: Toxapex\n|-damage|p2b: Toxapex|9\/100\n|move|p2a: Annihilape|Drain Punch|p1b: Flutter Mane\n|-supereffective|p1b: Flutter Mane\n|-crit|p1b: Flutter Mane\n|-damage|p1b: Flutter Mane|0 fnt\n|-heal|p2a: Annihilape|53\/100 tox|[from] drain|[of] p1b: Flutter Mane\n|faint|p1b: Flutter Mane\n|-end|p1b: Flutter Mane|Protosynthesis|[silent]\n|move|p2b: Toxapex|Infestation|p1a: Glimmora\n|-resisted|p1a: Glimmora\n|-damage|p1a: Glimmora|61\/100\n|\n|-heal|p2b: Toxapex|15\/100|[from] item: Leftovers\n|-damage|p2a: Annihilape|41\/100 tox|[from] psn\n|-damage|p1a: Glimmora|49\/100|[from] move: Infestation|[partiallytrapped]\n|upkeep\n|\n|t:|1683066124\n|switch|p1b: Dragonite|Dragonite, L50, F|100\/100\n|turn|7\n|\n|t:|1683066133\n|move|p1a: Glimmora|Spiky Shield|p1a: Glimmora\n|-singleturn|p1a: Glimmora|move: Protect\n|move|p2b: Toxapex|Baneful Bunker|p2b: Toxapex\n|-singleturn|p2b: Toxapex|move: Protect\n|move|p1b: Dragonite|Earthquake|p2b: Toxapex|[spread] p2a\n|-activate|p1a: Glimmora|move: Protect\n|-activate|p2b: Toxapex|move: Protect\n|-damage|p2a: Annihilape|0 fnt\n|faint|p2a: Annihilape\n|\n|-heal|p2b: Toxapex|20\/100|[from] item: Leftovers\n|-damage|p1a: Glimmora|37\/100|[from] move: Infestation|[partiallytrapped]\n|upkeep\n|turn|8\n|\n|t:|1683066148\n|move|p1a: Glimmora|Earth Power|p2b: Toxapex\n|-supereffective|p2b: Toxapex\n|-damage|p2b: Toxapex|0 fnt\n|faint|p2b: Toxapex\n|\n|win|Inwaves22\n|raw|Inwaves22's rating: 1220 → 1240<\/strong> (+20 for winning)\n|raw|Stache_Official's rating: 1144 → 1124<\/strong> (-20 for losing)\n|l|\u2606Stache_Official\n","uploadtime":1683066173,"views":11,"p1id":"inwaves22","p2id":"stacheofficial","formatid":"gen9vgc2023regulationc","rating":1124,"private":0,"password":""}