{"id":"gen9vgc2023regulationc-1848325679","p1":"Sumo'sWeenusVGC","p2":"wutintarnationn","format":"[Gen 9] VGC 2023 Regulation C","log":"|j|\u2606Sumo'sWeenusVGC\n|j|\u2606wutintarnationn\n|t:|1682060871\n|gametype|doubles\n|player|p1|Sumo'sWeenusVGC|colress|1180\n|player|p2|wutintarnationn|battlegirl-gen4|1149\n|teamsize|p1|6\n|teamsize|p2|6\n|gen|9\n|tier|[Gen 9] VGC 2023 Regulation C\n|rated|\n|rule|Species Clause: Limit one of each Pok\u00e9mon\n|rule|Item Clause: Limit one of each item\n|clearpoke\n|poke|p1|Wo-Chien, L50|\n|poke|p1|Flutter Mane, L50|\n|poke|p1|Glimmora, L50, F|\n|poke|p1|Palafin, L50, M|\n|poke|p1|Arcanine, L50, F|\n|poke|p1|Kingambit, L50, F|\n|poke|p2|Flutter Mane, L50|\n|poke|p2|Amoonguss, L50, F|\n|poke|p2|Tyranitar, L50, M|\n|poke|p2|Palafin, L50, F|\n|poke|p2|Grimmsnarl, L50, M|\n|poke|p2|Chi-Yu, L50|\n|teampreview|4\n|inactive|Battle timer is ON: inactive players will automatically lose when time's up. (requested by Sumo'sWeenusVGC)\nSumo'sWeenusVGC has agreed to open team sheets.\nwutintarnationn rejected open team sheets.\n|inactive|Sumo'sWeenusVGC has 60 seconds left.\n|\n|t:|1682060912\n|start\n|switch|p1a: Palafin|Palafin, L50, M|100\/100\n|switch|p1b: Slif's Wolf|Arcanine, L50, F|100\/100\n|switch|p2a: Flutter Mane|Flutter Mane, L50|100\/100\n|switch|p2b: Palafin|Palafin, L50, F|100\/100\n|-ability|p1b: Slif's Wolf|Intimidate|boost\n|-unboost|p2a: Flutter Mane|atk|1\n|-unboost|p2b: Palafin|atk|1\n|-enditem|p2a: Flutter Mane|Booster Energy\n|-activate|p2a: Flutter Mane|ability: Protosynthesis|[fromitem]\n|-start|p2a: Flutter Mane|protosynthesisspa\n|turn|1\n|\n|t:|1682060934\n|move|p2a: Flutter Mane|Protect|p2a: Flutter Mane\n|-singleturn|p2a: Flutter Mane|Protect\n|move|p1b: Slif's Wolf|Extreme Speed|p2b: Palafin\n|-crit|p2b: Palafin\n|-damage|p2b: Palafin|65\/100\n|move|p1a: Palafin|Jet Punch|p2a: Flutter Mane\n|-activate|p2a: Flutter Mane|move: Protect\n|move|p2b: Palafin|Wave Crash|p1b: Slif's Wolf\n|-supereffective|p1b: Slif's Wolf\n|-damage|p1b: Slif's Wolf|28\/100\n|-damage|p2b: Palafin|43\/100|[from] Recoil\n|\n|upkeep\n|turn|2\n|\n|t:|1682060954\n|detailschange|p1a: Palafin|Palafin-Hero, L50, M\n|switch|p1a: Flutter Mane|Flutter Mane, L50, shiny|100\/100\n|move|p1b: Slif's Wolf|Extreme Speed|p2b: Palafin\n|-damage|p2b: Palafin|21\/100\n|move|p2b: Palafin|Jet Punch|p1b: Slif's Wolf\n|-supereffective|p1b: Slif's Wolf\n|-damage|p1b: Slif's Wolf|0 fnt\n|faint|p1b: Slif's Wolf\n|move|p2a: Flutter Mane|Moonblast|p1a: Flutter Mane\n|-damage|p1a: Flutter Mane|47\/100\n|\n|upkeep\n|\n|t:|1682060964\n|switch|p1b: Palafin|Palafin-Hero, L50, M|100\/100\n|-activate|p1b: Palafin|ability: Zero to Hero\n|turn|3\n|\n|t:|1682060975\n|detailschange|p2b: Palafin|Palafin-Hero, L50, F\n|switch|p2b: Amoonguss|Amoonguss, L50, F|100\/100\n|move|p2a: Flutter Mane|Protect|p2a: Flutter Mane\n|-singleturn|p2a: Flutter Mane|Protect\n|move|p1b: Palafin|Jet Punch|p2a: Flutter Mane\n|-activate|p2a: Flutter Mane|move: Protect\n|move|p1a: Flutter Mane|Thunderbolt|p2b: Amoonguss\n|-resisted|p2b: Amoonguss\n|-damage|p2b: Amoonguss|75\/100\n|\n|upkeep\n|turn|4\n|\n|t:|1682060995\n|-end|p1a: Flutter Mane|Protosynthesis|[silent]\n|switch|p1a: Wo-Chien|Wo-Chien, L50|100\/100\n|-ability|p1a: Wo-Chien|Tablets of Ruin\n|-terastallize|p1b: Palafin|Water\n|move|p1b: Palafin|Jet Punch|p2a: Flutter Mane\n|-damage|p2a: Flutter Mane|20\/100\n|move|p2a: Flutter Mane|Shadow Ball|p1a: Wo-Chien\n|-resisted|p1a: Wo-Chien\n|-damage|p1a: Wo-Chien|85\/100\n|move|p2b: Amoonguss|Spore|p1b: Palafin\n|-status|p1b: Palafin|slp|[from] move: Spore\n|\n|-heal|p1a: Wo-Chien|92\/100|[from] item: Leftovers\n|upkeep\n|turn|5\n|inactive|Sumo'sWeenusVGC has 30 seconds left.\n|\n|t:|1682061025\n|cant|p1b: Palafin|slp\n|move|p2a: Flutter Mane|Moonblast|p1b: Palafin\n|-damage|p1b: Palafin|47\/100 slp\n|-unboost|p1b: Palafin|spa|1\n|move|p1a: Wo-Chien|Pollen Puff|p2a: Flutter Mane\n|-resisted|p2a: Flutter Mane\n|-damage|p2a: Flutter Mane|16\/100\n|move|p2b: Amoonguss|Pollen Puff|p2a: Flutter Mane\n|-heal|p2a: Flutter Mane|66\/100\n|\n|-heal|p1a: Wo-Chien|98\/100|[from] item: Leftovers\n|upkeep\n|turn|6\n|\n|t:|1682061044\n|switch|p1b: Flutter Mane|Flutter Mane, L50, shiny|47\/100\n|move|p2a: Flutter Mane|Moonblast|p1b: Flutter Mane\n|-damage|p1b: Flutter Mane|0 fnt\n|faint|p1b: Flutter Mane\n|-end|p1b: Flutter Mane|Protosynthesis|[silent]\n|move|p1a: Wo-Chien|Pollen Puff|p1: Flutter Mane|[notarget]\n|-fail|p1a: Wo-Chien\n|move|p2b: Amoonguss|Pollen Puff|p2a: Flutter Mane\n|-heal|p2a: Flutter Mane|100\/100\n|\n|-heal|p1a: Wo-Chien|100\/100|[from] item: Leftovers\n|upkeep\n|\n|t:|1682061057\n|switch|p1b: Palafin|Palafin-Hero, L50, M, tera:Water|47\/100 slp\n|turn|7\n|\n|t:|1682061069\n|move|p2a: Flutter Mane|Moonblast|p1b: Palafin\n|-damage|p1b: Palafin|0 fnt\n|faint|p1b: Palafin\n|move|p1a: Wo-Chien|Leech Seed|p2a: Flutter Mane|[miss]\n|-miss|p1a: Wo-Chien|p2a: Flutter Mane\n|move|p2b: Amoonguss|Pollen Puff|p2a: Flutter Mane\n|-immune|p2a: Flutter Mane\n|\n|upkeep\n|turn|8\n|\n|t:|1682061079\n|move|p2a: Flutter Mane|Moonblast|p1a: Wo-Chien\n|-supereffective|p1a: Wo-Chien\n|-damage|p1a: Wo-Chien|16\/100\n|-unboost|p1a: Wo-Chien|spa|1\n|move|p1a: Wo-Chien|Leech Seed|p2a: Flutter Mane\n|-start|p2a: Flutter Mane|move: Leech Seed\n|move|p2b: Amoonguss|Synthesis|p2b: Amoonguss\n|-heal|p2b: Amoonguss|100\/100\n|\n|-heal|p1a: Wo-Chien|22\/100|[from] item: Leftovers\n|-damage|p2a: Flutter Mane|88\/100|[from] Leech Seed|[of] p1a: Wo-Chien\n|-heal|p1a: Wo-Chien|31\/100|[silent]\n|upkeep\n|turn|9\n|\n|t:|1682061094\n|switch|p2b: Chi-Yu|Chi-Yu, L50|100\/100\n|-ability|p2b: Chi-Yu|Beads of Ruin\n|move|p1a: Wo-Chien|Protect|p1a: Wo-Chien\n|-singleturn|p1a: Wo-Chien|Protect\n|move|p2a: Flutter Mane|Moonblast|p1a: Wo-Chien\n|-activate|p1a: Wo-Chien|move: Protect\n|\n|-heal|p1a: Wo-Chien|37\/100|[from] item: Leftovers\n|-damage|p2a: Flutter Mane|76\/100|[from] Leech Seed|[of] p1a: Wo-Chien\n|-heal|p1a: Wo-Chien|45\/100|[silent]\n|upkeep\n|turn|10\n|\n|t:|1682061109\n|move|p1a: Wo-Chien|Protect||[still]\n|-fail|p1a: Wo-Chien\n|move|p2a: Flutter Mane|Moonblast|p1a: Wo-Chien\n|-supereffective|p1a: Wo-Chien\n|-damage|p1a: Wo-Chien|0 fnt\n|faint|p1a: Wo-Chien\n|\n|win|wutintarnationn\n|raw|Sumo'sWeenusVGC's rating: 1180 → 1153<\/strong> (-27 for losing)\n|raw|wutintarnationn's rating: 1149 → 1176<\/strong> (+27 for winning)\n|l|\u2606wutintarnationn\n","uploadtime":1682061117,"views":6,"p1id":"sumosweenusvgc","p2id":"wutintarnationn","formatid":"gen9vgc2023regulationc","rating":1153,"private":0,"password":""}