{"id":"gen9vgc2023regulationc-1846713020","p1":"Acedia4x4","p2":"SpeedFreak01","format":"[Gen 9] VGC 2023 Regulation C","log":"|j|\u2606Acedia4x4\n|j|\u2606SpeedFreak01\n|t:|1681869008\n|gametype|doubles\n|player|p1|Acedia4x4|cynthia-gen4|1159\n|player|p2|SpeedFreak01|lyra|1116\n|teamsize|p1|6\n|teamsize|p2|6\n|gen|9\n|tier|[Gen 9] VGC 2023 Regulation C\n|rated|\n|rule|Species Clause: Limit one of each Pok\u00e9mon\n|rule|Item Clause: Limit one of each item\n|clearpoke\n|poke|p1|Dragonite, L50, F|\n|poke|p1|Iron Bundle, L50|\n|poke|p1|Kingambit, L50, F|\n|poke|p1|Flutter Mane, L50|\n|poke|p1|Vivillon-Fancy, L50, F|\n|poke|p1|Palafin, L50, M|\n|poke|p2|Dachsbun, L50, M|\n|poke|p2|Chi-Yu, L50|\n|poke|p2|Dondozo, L50, M|\n|poke|p2|Tatsugiri, L50, M|\n|poke|p2|Garganacl, L50, F|\n|poke|p2|Amoonguss, L50, F|\n|teampreview|4\nSpeedFreak01 has agreed to open team sheets.\n|\n|t:|1681869042\n|start\n|switch|p1a: Palafin|Palafin, L50, M|100\/100\n|switch|p1b: Kingambit|Kingambit, L50, F|100\/100\n|switch|p2a: Greggs|Dachsbun, L50, M|100\/100\n|switch|p2b: And Chips|Chi-Yu, L50|100\/100\n|-ability|p2b: And Chips|Beads of Ruin\n|turn|1\n|\n|t:|1681869065\n|-terastallize|p1b: Kingambit|Water\n|move|p1a: Palafin|Protect|p1a: Palafin\n|-singleturn|p1a: Palafin|Protect\n|move|p2b: And Chips|Lava Plume|p1a: Palafin|[spread] p1b\n|-activate|p1a: Palafin|move: Protect\n|-ability|p2a: Greggs|Well-Baked Body|boost\n|-boost|p2a: Greggs|def|2\n|-resisted|p1b: Kingambit\n|-damage|p1b: Kingambit|86\/100\n|-status|p1b: Kingambit|brn\n|move|p2a: Greggs|Substitute|p2a: Greggs\n|-start|p2a: Greggs|Substitute\n|-damage|p2a: Greggs|75\/100\n|move|p1b: Kingambit|Iron Head|p2a: Greggs\n|-supereffective|p2a: Greggs\n|-activate|p2a: Greggs|move: Substitute|[damage]\n|\n|-heal|p2a: Greggs|82\/100|[from] item: Leftovers\n|-damage|p1b: Kingambit|80\/100 brn|[from] brn\n|upkeep\n|turn|2\n|\n|t:|1681869098\n|move|p1a: Palafin|Jet Punch|p2b: And Chips\n|-supereffective|p2b: And Chips\n|-damage|p2b: And Chips|17\/100\n|move|p1b: Kingambit|Sucker Punch|p2b: And Chips\n|-resisted|p2b: And Chips\n|-damage|p2b: And Chips|0 fnt\n|faint|p2b: And Chips\n|move|p2a: Greggs|Body Press|p1b: Kingambit\n|-damage|p1b: Kingambit|43\/100 brn\n|\n|-heal|p2a: Greggs|88\/100|[from] item: Leftovers\n|-damage|p1b: Kingambit|37\/100 brn|[from] brn\n|upkeep\n|\n|t:|1681869112\n|switch|p2b: Donbrothers|Dondozo, L50, M|100\/100\n|turn|3\n|\n|t:|1681869140\n|move|p2a: Greggs|Protect|p2a: Greggs\n|-singleturn|p2a: Greggs|Protect\n|move|p1a: Palafin|Flip Turn|p2b: Donbrothers\n|-resisted|p2b: Donbrothers\n|-damage|p2b: Donbrothers|90\/100\n|\n|t:|1681869147\n|detailschange|p1a: Palafin|Palafin-Hero, L50, M\n|switch|p1a: Iron Bundle|Iron Bundle, L50, shiny|100\/100|[from] Flip Turn\n|-enditem|p1a: Iron Bundle|Booster Energy\n|-activate|p1a: Iron Bundle|ability: Quark Drive|[fromitem]\n|-start|p1a: Iron Bundle|quarkdrivespe\n|move|p2b: Donbrothers|Earthquake|p1a: Iron Bundle|[spread] p1a,p1b\n|-activate|p2a: Greggs|move: Protect\n|-damage|p1a: Iron Bundle|75\/100\n|-damage|p1b: Kingambit|23\/100 brn\n|move|p1b: Kingambit|Iron Head|p2a: Greggs\n|-activate|p2a: Greggs|move: Protect\n|\n|-heal|p2a: Greggs|94\/100|[from] item: Leftovers\n|-damage|p1b: Kingambit|17\/100 brn|[from] brn\n|upkeep\n|turn|4\n|inactive|Battle timer is ON: inactive players will automatically lose when time's up. (requested by Acedia4x4)\n|\n|t:|1681869168\n|move|p1b: Kingambit|Sucker Punch|p2b: Donbrothers\n|-damage|p2b: Donbrothers|76\/100\n|move|p1a: Iron Bundle|Freeze-Dry|p2b: Donbrothers\n|-supereffective|p2b: Donbrothers\n|-damage|p2b: Donbrothers|12\/100\n|move|p2a: Greggs|Body Press|p1a: Iron Bundle\n|-supereffective|p1a: Iron Bundle\n|-damage|p1a: Iron Bundle|0 fnt\n|faint|p1a: Iron Bundle\n|-end|p1a: Iron Bundle|Quark Drive|[silent]\n|move|p2b: Donbrothers|Wave Crash|p1b: Kingambit\n|-resisted|p1b: Kingambit\n|-damage|p1b: Kingambit|0 fnt\n|faint|p1b: Kingambit\n|-damage|p2b: Donbrothers|7\/100|[from] Recoil\n|\n|-heal|p2a: Greggs|99\/100|[from] item: Leftovers\n|upkeep\n|\n|t:|1681869183\n|switch|p1a: Palafin|Palafin-Hero, L50, M|100\/100\n|switch|p1b: Vivillon|Vivillon-Fancy, L50, F, shiny|100\/100\n|-activate|p1a: Palafin|ability: Zero to Hero\n|turn|5\n|inactive|Acedia4x4 has 30 seconds left.\n|\n|t:|1681869209\n|move|p1b: Vivillon|Hurricane|p2a: Greggs\n|-end|p2a: Greggs|Substitute\n|move|p1a: Palafin|Wave Crash|p2a: Greggs\n|-damage|p2a: Greggs|61\/100\n|-damage|p1a: Palafin|90\/100|[from] Recoil\n|move|p2a: Greggs|Body Press|p1a: Palafin\n|-damage|p1a: Palafin|45\/100\n|move|p2b: Donbrothers|Wave Crash|p1b: Vivillon\n|-damage|p1b: Vivillon|8\/100\n|-damage|p2b: Donbrothers|0 fnt|[from] Recoil\n|faint|p2b: Donbrothers\n|\n|-heal|p2a: Greggs|67\/100|[from] item: Leftovers\n|upkeep\n|\n|t:|1681869223\n|switch|p2b: That Mineral|Garganacl, L50, F|100\/100\n|turn|6\n|\n|t:|1681869232\n|-terastallize|p2b: That Mineral|Ghost\n|move|p2a: Greggs|Protect|p2a: Greggs\n|-singleturn|p2a: Greggs|Protect\n|move|p1a: Palafin|Jet Punch|p2b: That Mineral\n|-damage|p2b: That Mineral|70\/100\n|-damage|p1a: Palafin|29\/100|[from] item: Rocky Helmet|[of] p2b: That Mineral\n|move|p1b: Vivillon|Sleep Powder|p2a: Greggs\n|-activate|p2a: Greggs|move: Protect\n|move|p2b: That Mineral|Salt Cure|p1a: Palafin\n|-damage|p1a: Palafin|17\/100\n|-start|p1a: Palafin|Salt Cure\n|\n|-heal|p2a: Greggs|73\/100|[from] item: Leftovers\n|-damage|p1a: Palafin|0 fnt|[from] Salt Cure\n|faint|p1a: Palafin\n|upkeep\n|turn|7\n|-message|Acedia4x4 forfeited.\n|\n|win|SpeedFreak01\n|raw|Acedia4x4's rating: 1159 → 1131<\/strong> (-28 for losing)\n|raw|SpeedFreak01's rating: 1116 → 1144<\/strong> (+28 for winning)\n|l|\u2606Acedia4x4\n|c|\u2606SpeedFreak01|gg!\n","uploadtime":1681869251,"views":8,"p1id":"acedia4x4","p2id":"speedfreak01","formatid":"gen9vgc2023regulationc","rating":1131,"private":0,"password":""}