{"id":"gen9vgc2023regulationc-1861931510","p1":"fdgdc","p2":"lolugotbombed","format":"[Gen 9] VGC 2023 Regulation C","log":"|j|\u2606fdgdc\n|j|\u2606lolugotbombed\n|t:|1683821827\n|gametype|doubles\n|player|p1|fdgdc|265|1000\n|player|p2|lolugotbombed|caitlin|1000\n|teamsize|p1|6\n|teamsize|p2|6\n|gen|9\n|tier|[Gen 9] VGC 2023 Regulation C\n|rated|\n|rule|Species Clause: Limit one of each Pok\u00e9mon\n|rule|Item Clause: Limit one of each item\n|clearpoke\n|poke|p1|Palafin, L50, M|\n|poke|p1|Chi-Yu, L50|\n|poke|p1|Flutter Mane, L50|\n|poke|p1|Farigiraf, L50, M|\n|poke|p1|Amoonguss, L50, M|\n|poke|p1|Talonflame, L50, M|\n|poke|p2|Annihilape, L50, F|\n|poke|p2|Maushold, L50|\n|poke|p2|Great Tusk, L50|\n|poke|p2|Arcanine, L50, M|\n|poke|p2|Iron Bundle, L50|\n|poke|p2|Flutter Mane, L50|\n|teampreview|4\nlolugotbombed rejected open team sheets.\n|\n|t:|1683821932\n|start\n|switch|p1a: Farigiraf|Farigiraf, L50, M|100\/100\n|switch|p1b: Talonflame|Talonflame, L50, M|100\/100\n|switch|p2a: Great Tusk|Great Tusk, L50|100\/100\n|switch|p2b: Iron Bundle|Iron Bundle, L50|100\/100\n|-enditem|p2b: Iron Bundle|Booster Energy\n|-activate|p2b: Iron Bundle|ability: Quark Drive|[fromitem]\n|-start|p2b: Iron Bundle|quarkdrivespe\n|turn|1\n|inactive|Battle timer is ON: inactive players will automatically lose when time's up. (requested by fdgdc)\n|\n|t:|1683821974\n|move|p1b: Talonflame|Tailwind|p1b: Talonflame\n|-sidestart|p1: fdgdc|move: Tailwind\n|move|p2b: Iron Bundle|Icy Wind|p1b: Talonflame|[spread] p1a,p1b\n|-damage|p1a: Farigiraf|75\/100\n|-damage|p1b: Talonflame|75\/100\n|-unboost|p1a: Farigiraf|spe|1\n|-unboost|p1b: Talonflame|spe|1\n|move|p1a: Farigiraf|Psychic|p2a: Great Tusk\n|-supereffective|p2a: Great Tusk\n|-enditem|p2a: Great Tusk|Focus Sash\n|-damage|p2a: Great Tusk|1\/100\n|move|p2a: Great Tusk|Ice Spinner|p1b: Talonflame\n|-damage|p1b: Talonflame|40\/100\n|\n|upkeep\n|turn|2\n|inactive|fdgdc has 30 seconds left.\n|inactive|lolugotbombed has 30 seconds left.\n|\n|t:|1683822003\n|move|p2a: Great Tusk|Protect|p2a: Great Tusk\n|-singleturn|p2a: Great Tusk|Protect\n|move|p2b: Iron Bundle|Hydro Pump|p1b: Talonflame|[miss]\n|-miss|p2b: Iron Bundle|p1b: Talonflame\n|move|p1b: Talonflame|Brave Bird|p2a: Great Tusk\n|-activate|p2a: Great Tusk|move: Protect\n|move|p1a: Farigiraf|Psychic|p2b: Iron Bundle\n|-damage|p2b: Iron Bundle|0 fnt\n|faint|p2b: Iron Bundle\n|-end|p2b: Iron Bundle|Quark Drive|[silent]\n|\n|upkeep\n|\n|t:|1683822027\n|switch|p2b: Maushold|Maushold, L50|100\/100\n|turn|3\n|\n|t:|1683822046\n|move|p2b: Maushold|Follow Me|p2b: Maushold\n|-singleturn|p2b: Maushold|move: Follow Me\n|move|p1b: Talonflame|Brave Bird|p2b: Maushold\n|-damage|p2b: Maushold|55\/100\n|-damage|p1b: Talonflame|26\/100|[from] Recoil\n|move|p1a: Farigiraf|Psychic|p2b: Maushold\n|-damage|p2b: Maushold|0 fnt\n|faint|p2b: Maushold\n|move|p2a: Great Tusk|Close Combat|p1a: Farigiraf\n|-damage|p1a: Farigiraf|0 fnt\n|-unboost|p2a: Great Tusk|def|1\n|-unboost|p2a: Great Tusk|spd|1\n|faint|p1a: Farigiraf\n|\n|upkeep\n|\n|t:|1683822063\n|switch|p2b: Annihilape|Annihilape, L50, F|100\/100\n|switch|p1a: Flutter Mane|Flutter Mane, L50|100\/100\n|-enditem|p1a: Flutter Mane|Booster Energy\n|-activate|p1a: Flutter Mane|ability: Protosynthesis|[fromitem]\n|-start|p1a: Flutter Mane|protosynthesisspa\n|turn|4\n|inactive|lolugotbombed has 30 seconds left.\n|inactive|lolugotbombed has 20 seconds left.\n|inactive|lolugotbombed has 15 seconds left.\n|\n|t:|1683822105\n|-terastallize|p1a: Flutter Mane|Fairy\n|-terastallize|p2a: Great Tusk|Ground\n|move|p1a: Flutter Mane|Dazzling Gleam|p2b: Annihilape|[spread] p2a,p2b\n|-supereffective|p2b: Annihilape\n|-damage|p2a: Great Tusk|0 fnt\n|-damage|p2b: Annihilape|3\/100\n|faint|p2a: Great Tusk\n|-end|p2a: Great Tusk|Protosynthesis|[silent]\n|move|p1b: Talonflame|Taunt|p2b: Annihilape\n|-start|p2b: Annihilape|move: Taunt\n|move|p2b: Annihilape|Drain Punch|p1b: Talonflame\n|-resisted|p1b: Talonflame\n|-damage|p1b: Talonflame|0 fnt\n|-heal|p2b: Annihilape|16\/100|[from] drain|[of] p1b: Talonflame\n|faint|p1b: Talonflame\n|\n|-sideend|p1: fdgdc|move: Tailwind\n|upkeep\n|\n|t:|1683822116\n|switch|p1b: Chi-Yu|Chi-Yu, L50|100\/100\n|-ability|p1b: Chi-Yu|Beads of Ruin\n|turn|5\n|\n|t:|1683822134\n|move|p1b: Chi-Yu|Dark Pulse|p2b: Annihilape\n|-crit|p2b: Annihilape\n|-damage|p2b: Annihilape|0 fnt\n|faint|p2b: Annihilape\n|\n|win|fdgdc\n|raw|fdgdc's rating: 1000 → 1040<\/strong> (+40 for winning)\n|raw|lolugotbombed's rating: 1000 → 1000<\/strong> (+0 for losing)\n","uploadtime":1683822264,"views":11,"p1id":"fdgdc","p2id":"lolugotbombed","formatid":"gen9vgc2023regulationc","rating":1000,"private":0,"password":""}