{"id":"gen9vgc2023regulationc-1861235378","p1":"Laborsi","p2":"namboyVGC","format":"[Gen 9] VGC 2023 Regulation C","log":"|j|\u2606Laborsi\n|j|\u2606namboyVGC\n|t:|1683738274\n|gametype|doubles\n|player|p1|Laborsi|170|\n|player|p2|namboyVGC|170|\n|teamsize|p1|6\n|teamsize|p2|6\n|gen|9\n|tier|[Gen 9] VGC 2023 Regulation C\n|rule|Species Clause: Limit one of each Pok\u00e9mon\n|rule|Item Clause: Limit one of each item\n|clearpoke\n|poke|p1|Corviknight, L50, F|\n|poke|p1|Gyarados, L50, M|\n|poke|p1|Arcanine, L50, F|\n|poke|p1|Amoonguss, L50, M|\n|poke|p1|Ting-Lu, L50|\n|poke|p1|Flutter Mane, L50|\n|poke|p2|Hatterene, L50, F|\n|poke|p2|Torkoal, L50, M|\n|poke|p2|Iron Hands, L50|\n|poke|p2|Brute Bonnet, L50|\n|poke|p2|Dragonite, L50, F|\n|poke|p2|Oranguru, L50, F|\n|teampreview|4\nnamboyVGC has agreed to open team sheets.\nLaborsi has agreed to open team sheets.\n|c|\u2606namboyVGC|Bin bereit :)\n|c|\u2606Laborsi|same\n|c|\u2606Laborsi|glhf!\n|inactive|Battle timer is ON: inactive players will automatically lose when time's up. (requested by Laborsi)\n|c|\u2606namboyVGC|glhf!\n|inactive|Laborsi has 60 seconds left.\n|inactive|Laborsi has 30 seconds left.\n|\n|t:|1683739204\n|start\n|switch|p1a: Gyarados|Gyarados, L50, M|100\/100\n|switch|p1b: Arcanine|Arcanine, L50, F|100\/100\n|switch|p2a: Brute Bonnet|Brute Bonnet, L50|100\/100\n|switch|p2b: Hatterene|Hatterene, L50, F|100\/100\n|-ability|p1b: Arcanine|Intimidate|boost\n|-unboost|p2a: Brute Bonnet|atk|1\n|-unboost|p2b: Hatterene|atk|1\n|-ability|p1a: Gyarados|Intimidate|boost\n|-unboost|p2a: Brute Bonnet|atk|1\n|-unboost|p2b: Hatterene|atk|1\n|turn|1\n|inactive|Laborsi has 30 seconds left.\n|inactive|Laborsi has 20 seconds left.\n|inactive|Laborsi has 15 seconds left.\n|inactive|Laborsi has 10 seconds left.\n|\n|t:|1683739254\n|move|p1b: Arcanine|Howl|p1b: Arcanine|[spread] p1a,p1b\n|-boost|p1a: Gyarados|atk|1\n|-boost|p1b: Arcanine|atk|1\n|move|p1a: Gyarados|Waterfall|p2b: Hatterene\n|-damage|p2b: Hatterene|25\/100\n|-enditem|p2b: Hatterene|Sitrus Berry|[eat]\n|-heal|p2b: Hatterene|50\/100|[from] item: Sitrus Berry\n|move|p2a: Brute Bonnet|Spore|p1a: Gyarados\n|-status|p1a: Gyarados|slp|[from] move: Spore\n|cant|p2b: Hatterene|flinch\n|\n|upkeep\n|turn|2\n|\n|t:|1683739274\n|move|p1b: Arcanine|Flare Blitz|p2b: Hatterene\n|-damage|p2b: Hatterene|0 fnt\n|faint|p2b: Hatterene\n|-damage|p1b: Arcanine|87\/100|[from] Recoil\n|cant|p1a: Gyarados|slp\n|move|p2a: Brute Bonnet|Close Combat|p1b: Arcanine\n|-damage|p1b: Arcanine|61\/100\n|-unboost|p2a: Brute Bonnet|def|1\n|-unboost|p2a: Brute Bonnet|spd|1\n|\n|upkeep\n|\n|t:|1683739284\n|switch|p2b: Torkoal|Torkoal, L50, M|100\/100\n|-weather|SunnyDay|[from] ability: Drought|[of] p2b: Torkoal\n|-activate|p2a: Brute Bonnet|ability: Protosynthesis\n|-start|p2a: Brute Bonnet|protosynthesisspa\n|turn|3\n|inactive|Laborsi has 30 seconds left.\n|inactive|namboyVGC has 30 seconds left.\n|inactive|Laborsi has 20 seconds left.\n|inactive|Laborsi has 15 seconds left.\n|\n|t:|1683739329\n|-end|p2a: Brute Bonnet|Protosynthesis|[silent]\n|switch|p2a: Iron Hands|Iron Hands, L50|100\/100\n|-terastallize|p2b: Torkoal|Fire\n|move|p1b: Arcanine|Flare Blitz|p2a: Iron Hands\n|-crit|p2a: Iron Hands\n|-damage|p2a: Iron Hands|0 fnt\n|faint|p2a: Iron Hands\n|-end|p2a: Iron Hands|Quark Drive|[silent]\n|-damage|p1b: Arcanine|23\/100|[from] Recoil\n|cant|p1a: Gyarados|slp\n|move|p2b: Torkoal|Eruption|p1b: Arcanine|[spread] p1a,p1b\n|-resisted|p1a: Gyarados\n|-resisted|p1b: Arcanine\n|-damage|p1a: Gyarados|43\/100 slp\n|-damage|p1b: Arcanine|0 fnt\n|faint|p1b: Arcanine\n|\n|-weather|SunnyDay|[upkeep]\n|upkeep\n|\n|t:|1683739346\n|switch|p1b: Ting-Lu|Ting-Lu, L50|100\/100\n|switch|p2a: Brute Bonnet|Brute Bonnet, L50|100\/100\n|-ability|p1b: Ting-Lu|Vessel of Ruin\n|-activate|p2a: Brute Bonnet|ability: Protosynthesis\n|-start|p2a: Brute Bonnet|protosynthesisatk\n|turn|4\n|\n|t:|1683739371\n|cant|p1a: Gyarados|slp\n|move|p1b: Ting-Lu|Earthquake|p2a: Brute Bonnet|[spread] p2a,p2b\n|-immune|p1a: Gyarados\n|-resisted|p2a: Brute Bonnet\n|-supereffective|p2b: Torkoal\n|-damage|p2a: Brute Bonnet|89\/100\n|-damage|p2b: Torkoal|55\/100\n|move|p2a: Brute Bonnet|Bullet Seed|p1b: Ting-Lu\n|-supereffective|p1b: Ting-Lu\n|-damage|p1b: Ting-Lu|81\/100\n|-supereffective|p1b: Ting-Lu\n|-crit|p1b: Ting-Lu\n|-damage|p1b: Ting-Lu|53\/100\n|-supereffective|p1b: Ting-Lu\n|-damage|p1b: Ting-Lu|32\/100\n|-supereffective|p1b: Ting-Lu\n|-damage|p1b: Ting-Lu|13\/100\n|-hitcount|p1b: Ting-Lu|4\n|move|p2b: Torkoal|Earth Power|p1b: Ting-Lu\n|-damage|p1b: Ting-Lu|4\/100\n|\n|-weather|SunnyDay|[upkeep]\n|upkeep\n|turn|5\n|inactive|Laborsi has 30 seconds left.\n|\n|t:|1683739400\n|move|p2a: Brute Bonnet|Sucker Punch|p1b: Ting-Lu\n|-resisted|p1b: Ting-Lu\n|-damage|p1b: Ting-Lu|0 fnt\n|faint|p1b: Ting-Lu\n|-curestatus|p1a: Gyarados|slp|[msg]\n|move|p1a: Gyarados|Waterfall|p2b: Torkoal\n|-supereffective|p2b: Torkoal\n|-crit|p2b: Torkoal\n|-damage|p2b: Torkoal|0 fnt\n|faint|p2b: Torkoal\n|\n|-weather|SunnyDay|[upkeep]\n|upkeep\n|\n|t:|1683739407\n|switch|p1b: Amoonguss|Amoonguss, L50, M|100\/100\n|turn|6\n|inactive|Laborsi has 30 seconds left.\n|inactive|Laborsi has 20 seconds left.\n|inactive|Laborsi has 15 seconds left.\n|\n|t:|1683739448\n|move|p2a: Brute Bonnet|Sucker Punch||[still]\n|-fail|p2a: Brute Bonnet\n|move|p1a: Gyarados|Thunder Wave|p2a: Brute Bonnet|[miss]\n|-miss|p1a: Gyarados|p2a: Brute Bonnet\n|move|p1b: Amoonguss|Pollen Puff|p1a: Gyarados\n|-heal|p1a: Gyarados|92\/100\n|\n|-weather|SunnyDay|[upkeep]\n|upkeep\n|turn|7\n|inactive|Laborsi has 30 seconds left.\n|\n|t:|1683739473\n|-terastallize|p1a: Gyarados|Ice\n|move|p1a: Gyarados|Ice Fang|p2a: Brute Bonnet\n|-supereffective|p2a: Brute Bonnet\n|-damage|p2a: Brute Bonnet|0 fnt\n|faint|p2a: Brute Bonnet\n|-end|p2a: Brute Bonnet|Protosynthesis|[silent]\n|\n|win|Laborsi\n|c|\u2606namboyVGC|ggwp\n|c|\u2606Laborsi|gg!\n|c|\u2606Laborsi|wp\n","uploadtime":1683739493,"views":17,"p1id":"laborsi","p2id":"namboyvgc","formatid":"gen9vgc2023regulationc","rating":0,"private":0,"password":""}