{"id":"gen9vgc2023regulationc-1845845246","p1":"WindyEng","p2":"JNEWMZ","format":"[Gen 9] VGC 2023 Regulation C","log":"|j|\u2606WindyEng\n|j|\u2606JNEWMZ\n|t:|1681770656\n|gametype|doubles\n|player|p1|WindyEng|musician|\n|player|p2|JNEWMZ|emmet|\n|teamsize|p1|6\n|teamsize|p2|6\n|gen|9\n|tier|[Gen 9] VGC 2023 Regulation C\n|rule|Species Clause: Limit one of each Pok\u00e9mon\n|rule|Item Clause: Limit one of each item\n|clearpoke\n|poke|p1|Sandy Shocks, L50|\n|poke|p1|Maushold, L50|\n|poke|p1|Skeledirge, L50, M|\n|poke|p1|Noivern, L50, M|\n|poke|p1|Flapple, L50, F|\n|poke|p1|Sableye, L50, M|\n|poke|p2|Rotom-Wash, L50|\n|poke|p2|Annihilape, L50, M|\n|poke|p2|Ceruledge, L50, M|\n|poke|p2|Mudsdale, L50, M|\n|poke|p2|Iron Moth, L50|\n|poke|p2|Masquerain, L50, M|\n|teampreview|4\nWindyEng rejected open team sheets.\n|j| dolphinsfan254\n|j| DrChocolateMD\n|j| Destrucktoo\n|c|\u2606WindyEng|glhf!\n|\n|t:|1681770748\n|start\n|switch|p1a: Coarse & Rough|Sandy Shocks, L50|100\/100\n|switch|p1b: Batman\u2122|Noivern, L50, M|100\/100\n|switch|p2a: Annihilape|Annihilape, L50, M|100\/100\n|switch|p2b: Iron Moth|Iron Moth, L50|100\/100\n|-enditem|p2b: Iron Moth|Booster Energy\n|-activate|p2b: Iron Moth|ability: Quark Drive|[fromitem]\n|-start|p2b: Iron Moth|quarkdrivespa\n|-enditem|p1a: Coarse & Rough|Booster Energy\n|-activate|p1a: Coarse & Rough|ability: Protosynthesis|[fromitem]\n|-start|p1a: Coarse & Rough|protosynthesisspe\n|turn|1\n|c|\u2606JNEWMZ|you too!\n|\n|t:|1681770825\n|move|p2b: Iron Moth|Protect|p2b: Iron Moth\n|-singleturn|p2b: Iron Moth|Protect\n|move|p1a: Coarse & Rough|Earth Power|p2b: Iron Moth\n|-activate|p2b: Iron Moth|move: Protect\n|move|p1b: Batman\u2122|Tailwind|p1b: Batman\u2122\n|-sidestart|p1: WindyEng|move: Tailwind\n|move|p2a: Annihilape|Ice Punch|p1b: Batman\u2122\n|-supereffective|p1b: Batman\u2122\n|-damage|p1b: Batman\u2122|0 fnt\n|faint|p1b: Batman\u2122\n|\n|upkeep\n|c|\u2606WindyEng|oooof\n|\n|t:|1681770837\n|switch|p1b: DiSableye|Sableye, L50, M, shiny|100\/100\n|turn|2\n|\n|t:|1681770860\n|-terastallize|p2b: Iron Moth|Flying\n|move|p1b: DiSableye|Reflect|p1b: DiSableye\n|-sidestart|p1: WindyEng|Reflect\n|move|p1a: Coarse & Rough|Earth Power|p2b: Iron Moth\n|-immune|p2b: Iron Moth\n|move|p2b: Iron Moth|Air Slash|p1a: Coarse & Rough\n|-resisted|p1a: Coarse & Rough\n|-damage|p1a: Coarse & Rough|69\/100\n|move|p2a: Annihilape|Earthquake|p1a: Coarse & Rough|[spread] p1a,p1b\n|-immune|p2b: Iron Moth\n|-supereffective|p1a: Coarse & Rough\n|-crit|p1b: DiSableye\n|-damage|p1a: Coarse & Rough|23\/100\n|-damage|p1b: DiSableye|53\/100\n|\n|upkeep\n|turn|3\n|c|\u2606WindyEng|not fairy?! wild\n|c|\u2606JNEWMZ|thought i should switch it up for you\n|\n|t:|1681770902\n|move|p2b: Iron Moth|Protect|p2b: Iron Moth\n|-singleturn|p2b: Iron Moth|Protect\n|move|p1b: DiSableye|Will-O-Wisp|p2a: Annihilape\n|-status|p2a: Annihilape|brn\n|move|p1a: Coarse & Rough|Discharge|p2b: Iron Moth|[spread] p1b,p2a\n|-activate|p2b: Iron Moth|move: Protect\n|-damage|p1b: DiSableye|18\/100\n|-damage|p2a: Annihilape|74\/100 brn\n|move|p2a: Annihilape|Ice Punch|p1a: Coarse & Rough\n|-supereffective|p1a: Coarse & Rough\n|-damage|p1a: Coarse & Rough|1\/100\n|\n|-damage|p2a: Annihilape|68\/100 brn|[from] brn\n|upkeep\n|turn|4\n|\n|t:|1681770940\n|-end|p2b: Iron Moth|Quark Drive|[silent]\n|switch|p2b: Masquerain|Masquerain, L50, M, shiny|100\/100\n|-ability|p2b: Masquerain|Intimidate|boost\n|-unboost|p1a: Coarse & Rough|atk|1\n|-unboost|p1b: DiSableye|atk|1\n|move|p1a: Coarse & Rough|Protect|p1a: Coarse & Rough\n|-singleturn|p1a: Coarse & Rough|Protect\n|move|p1b: DiSableye|Light Screen|p1b: DiSableye\n|-sidestart|p1: WindyEng|move: Light Screen\n|move|p2a: Annihilape|Rage Fist|p1b: DiSableye\n|-damage|p1b: DiSableye|0 fnt\n|faint|p1b: DiSableye\n|\n|-damage|p2a: Annihilape|62\/100 brn|[from] brn\n|-sideend|p1: WindyEng|move: Tailwind\n|upkeep\n|\n|t:|1681770953\n|switch|p1b: Spitfire|Skeledirge, L50, M|100\/100\n|turn|5\n|c| dolphinsfan254|flying moth - wild!\n|\n|t:|1681770978\n|move|p1b: Spitfire|Protect|p1b: Spitfire\n|-singleturn|p1b: Spitfire|Protect\n|move|p1a: Coarse & Rough|Discharge|p2a: Annihilape|[spread] p2a,p2b\n|-activate|p1b: Spitfire|move: Protect\n|-supereffective|p2b: Masquerain\n|-damage|p2a: Annihilape|38\/100 brn\n|-damage|p2b: Masquerain|14\/100\n|move|p2b: Masquerain|Tailwind|p2b: Masquerain\n|-sidestart|p2: JNEWMZ|move: Tailwind\n|move|p2a: Annihilape|Rage Fist|p1b: Spitfire\n|-activate|p1b: Spitfire|move: Protect\n|\n|-damage|p2a: Annihilape|32\/100 brn|[from] brn\n|upkeep\n|turn|6\n|\n|t:|1681771034\n|-terastallize|p1b: Spitfire|Fairy\n|move|p2b: Masquerain|Icy Wind|p1b: Spitfire|[spread] p1a,p1b\n|-supereffective|p1a: Coarse & Rough\n|-damage|p1a: Coarse & Rough|0 fnt\n|-damage|p1b: Spitfire|94\/100\n|-unboost|p1b: Spitfire|spe|1\n|faint|p1a: Coarse & Rough\n|-end|p1a: Coarse & Rough|Protosynthesis|[silent]\n|move|p2a: Annihilape|Rage Fist|p1b: Spitfire\n|-damage|p1b: Spitfire|73\/100\n|move|p1b: Spitfire|Torch Song|p2a: Annihilape\n|-damage|p2a: Annihilape|7\/100 brn\n|-boost|p1b: Spitfire|spa|1\n|-enditem|p1b: Spitfire|Throat Spray\n|-boost|p1b: Spitfire|spa|1|[from] item: Throat Spray\n|\n|-damage|p2a: Annihilape|1\/100 brn|[from] brn\n|upkeep\n|turn|7\n|\n|t:|1681771083\n|move|p2b: Masquerain|Helping Hand|p2a: Annihilape\n|-singleturn|p2a: Annihilape|Helping Hand|[of] p2b: Masquerain\n|move|p2a: Annihilape|Rage Fist|p1b: Spitfire\n|-damage|p1b: Spitfire|31\/100\n|move|p1b: Spitfire|Slack Off|p1b: Spitfire\n|-heal|p1b: Spitfire|82\/100\n|\n|-damage|p2a: Annihilape|0 fnt|[from] brn\n|faint|p2a: Annihilape\n|upkeep\n|\n|t:|1681771098\n|switch|p2a: Rotom|Rotom-Wash, L50, shiny|100\/100\n|turn|8\n|c| dolphinsfan254|crocodile vs the world\n|\n|t:|1681771115\n|move|p2b: Masquerain|Helping Hand|p2a: Rotom\n|-singleturn|p2a: Rotom|Helping Hand|[of] p2b: Masquerain\n|move|p2a: Rotom|Thunderbolt|p1b: Spitfire\n|-damage|p1b: Spitfire|40\/100\n|-damage|p2a: Rotom|91\/100|[from] item: Life Orb\n|move|p1b: Spitfire|Shadow Ball|p2a: Rotom\n|-damage|p2a: Rotom|2\/100\n|\n|-sideend|p2: JNEWMZ|move: Tailwind\n|upkeep\n|turn|9\n|c|\u2606JNEWMZ|i dont like this lol\n|\n|t:|1681771150\n|move|p2b: Masquerain|Helping Hand|p2a: Rotom\n|-singleturn|p2a: Rotom|Helping Hand|[of] p2b: Masquerain\n|move|p2a: Rotom|Thunderbolt|p1b: Spitfire\n|-damage|p1b: Spitfire|0 fnt\n|faint|p1b: Spitfire\n|-damage|p2a: Rotom|0 fnt|[from] item: Life Orb\n|faint|p2a: Rotom\n|\n|win|JNEWMZ\n|c|\u2606WindyEng|ah gg\n|c|\u2606JNEWMZ|scared me\n|c|\u2606JNEWMZ|gg\n|l|\u2606WindyEng\n|l|\u2606JNEWMZ\n","uploadtime":1681771159,"views":14,"p1id":"windyeng","p2id":"jnewmz","formatid":"gen9vgc2023regulationc","rating":0,"private":0,"password":""}