{"id":"gen9vgc2023regulationc-1854997134","p1":"S.r Gare","p2":"Steakman5","format":"[Gen 9] VGC 2023 Regulation C","log":"|j|\u2606S.r Gare\n|j|\u2606Steakman5\n|t:|1682889182\n|gametype|doubles\n|player|p1|S.r Gare|red|1216\n|player|p2|Steakman5|swimmer-gen4|1230\n|teamsize|p1|6\n|teamsize|p2|6\n|gen|9\n|tier|[Gen 9] VGC 2023 Regulation C\n|rated|\n|rule|Species Clause: Limit one of each Pok\u00e9mon\n|rule|Item Clause: Limit one of each item\n|clearpoke\n|poke|p1|Gyarados, L50, M|\n|poke|p1|Baxcalibur, L50, M|\n|poke|p1|Kingambit, L50, M|\n|poke|p1|Ting-Lu, L50|\n|poke|p1|Iron Moth, L50|\n|poke|p1|Flutter Mane, L50|\n|poke|p2|Flamigo, L50, F|\n|poke|p2|Dondozo, L50, M|\n|poke|p2|Flutter Mane, L50|\n|poke|p2|Tatsugiri-Droopy, L50, F|\n|poke|p2|Great Tusk, L50|\n|poke|p2|Talonflame, L50, M|\n|teampreview|4\n|inactive|Battle timer is ON: inactive players will automatically lose when time's up. (requested by S.r Gare)\n|\n|t:|1682889203\n|start\n|switch|p1a: Gyarados|Gyarados, L50, M, shiny|100\/100\n|switch|p1b: Ting-Lu|Ting-Lu, L50|100\/100\n|switch|p2a: Tatsugiri|Tatsugiri-Droopy, L50, F|100\/100\n|switch|p2b: Flutter Mane|Flutter Mane, L50|100\/100\n|-ability|p1a: Gyarados|Intimidate|boost\n|-unboost|p2a: Tatsugiri|atk|1\n|-unboost|p2b: Flutter Mane|atk|1\n|-ability|p1b: Ting-Lu|Vessel of Ruin\n|-enditem|p2b: Flutter Mane|Booster Energy\n|-activate|p2b: Flutter Mane|ability: Protosynthesis|[fromitem]\n|-start|p2b: Flutter Mane|protosynthesisspe\n|turn|1\n|\n|t:|1682889227\n|move|p2a: Tatsugiri|Protect|p2a: Tatsugiri\n|-singleturn|p2a: Tatsugiri|Protect\n|move|p2b: Flutter Mane|Perish Song|p2b: Flutter Mane\n|-start|p1a: Gyarados|perish3|[silent]\n|-start|p1b: Ting-Lu|perish3|[silent]\n|-start|p2a: Tatsugiri|perish3|[silent]\n|-start|p2b: Flutter Mane|perish3|[silent]\n|-fieldactivate|move: Perish Song\n|move|p1a: Gyarados|Taunt|p2b: Flutter Mane\n|-start|p2b: Flutter Mane|move: Taunt\n|move|p1b: Ting-Lu|Fissure|p2b: Flutter Mane|[miss]\n|-miss|p1b: Ting-Lu|p2b: Flutter Mane\n|\n|-start|p2b: Flutter Mane|perish3\n|-start|p2a: Tatsugiri|perish3\n|-start|p1a: Gyarados|perish3\n|-start|p1b: Ting-Lu|perish3\n|upkeep\n|turn|2\n|inactive|Steakman5 has 30 seconds left.\n|\n|t:|1682889252\n|-end|p2b: Flutter Mane|Protosynthesis|[silent]\n|switch|p2b: Dondozo|Dondozo, L50, M|100\/100\n|-activate|p2a: Tatsugiri|ability: Commander|[of] p2b: Dondozo\n|-boost|p2b: Dondozo|atk|2\n|-boost|p2b: Dondozo|spa|2\n|-boost|p2b: Dondozo|spe|2\n|-boost|p2b: Dondozo|def|2\n|-boost|p2b: Dondozo|spd|2\n|move|p1a: Gyarados|Waterfall|p2b: Dondozo\n|-resisted|p2b: Dondozo\n|-damage|p2b: Dondozo|93\/100\n|move|p1b: Ting-Lu|Fissure|p2b: Dondozo|[miss]\n|-miss|p1b: Ting-Lu|p2b: Dondozo\n|\n|-start|p2a: Tatsugiri|perish2\n|-start|p1a: Gyarados|perish2\n|-start|p1b: Ting-Lu|perish2\n|upkeep\n|turn|3\n|\n|t:|1682889270\n|switch|p1a: Baxcalibur|Baxcalibur, L50, M|100\/100\n|-terastallize|p2b: Dondozo|Water\n|move|p2b: Dondozo|Surf|p1b: Ting-Lu|[spread] p1a,p1b\n|-miss|p2b: Dondozo|p2a: Tatsugiri\n|-resisted|p1a: Baxcalibur\n|-supereffective|p1b: Ting-Lu\n|-damage|p1a: Baxcalibur|73\/100\n|-damage|p1b: Ting-Lu|15\/100\n|-damage|p2b: Dondozo|84\/100|[from] item: Life Orb\n|move|p1b: Ting-Lu|Fissure|p2b: Dondozo\n|-damage|p2b: Dondozo|0 fnt\n|faint|p2b: Dondozo\n|-ohko\n|\n|-heal|p1b: Ting-Lu|22\/100|[from] item: Leftovers\n|-start|p2a: Tatsugiri|perish1\n|-start|p1b: Ting-Lu|perish1\n|upkeep\n|c|\u2606Steakman5|T_T\n|\n|t:|1682889293\n|switch|p2b: Flutter Mane|Flutter Mane, L50|100\/100\n|turn|4\n|\n|t:|1682889308\n|switch|p2a: Flamigo|Flamigo, L50, F|100\/100\n|-copyboost|p2a: Flamigo|p2b: Flutter Mane|[from] ability: Costar\n|switch|p1b: Gyarados|Gyarados, L50, M, shiny|100\/100\n|-ability|p1b: Gyarados|Intimidate|boost\n|-unboost|p2a: Flamigo|atk|1\n|-unboost|p2b: Flutter Mane|atk|1\n|move|p2b: Flutter Mane|Dazzling Gleam|p1b: Gyarados|[spread] p1a,p1b\n|-supereffective|p1a: Baxcalibur\n|-damage|p1a: Baxcalibur|16\/100\n|-damage|p1b: Gyarados|74\/100\n|move|p1a: Baxcalibur|Icicle Spear|p2b: Flutter Mane\n|-damage|p2b: Flutter Mane|68\/100\n|-damage|p2b: Flutter Mane|35\/100\n|-damage|p2b: Flutter Mane|4\/100\n|-damage|p2b: Flutter Mane|0 fnt\n|faint|p2b: Flutter Mane\n|-end|p2b: Flutter Mane|Protosynthesis|[silent]\n|-hitcount|p2: Flutter Mane|4\n|\n|upkeep\n|\n|t:|1682889319\n|switch|p2b: Tatsugiri|Tatsugiri-Droopy, L50, F|100\/100\n|turn|5\n|\n|t:|1682889337\n|-terastallize|p1b: Gyarados|Flying\n|move|p1a: Baxcalibur|Ice Shard|p2a: Flamigo\n|-supereffective|p2a: Flamigo\n|-damage|p2a: Flamigo|34\/100\n|move|p2a: Flamigo|Brave Bird|p1a: Baxcalibur\n|-damage|p1a: Baxcalibur|0 fnt\n|faint|p1a: Baxcalibur\n|-damage|p2a: Flamigo|27\/100|[from] Recoil\n|move|p2b: Tatsugiri|Muddy Water|p1b: Gyarados\n|-damage|p1b: Gyarados|41\/100\n|move|p1b: Gyarados|Tera Blast|p2a: Flamigo\n|-supereffective|p2a: Flamigo\n|-damage|p2a: Flamigo|0 fnt\n|faint|p2a: Flamigo\n|\n|upkeep\n|\n|t:|1682889354\n|switch|p1a: Ting-Lu|Ting-Lu, L50|22\/100\n|-ability|p1a: Ting-Lu|Vessel of Ruin\n|turn|6\n|\n|t:|1682889359\n|move|p2b: Tatsugiri|Muddy Water|p1b: Gyarados|[spread] \n|-miss|p2b: Tatsugiri|p1a: Ting-Lu\n|-miss|p2b: Tatsugiri|p1b: Gyarados\n|move|p1b: Gyarados|Tera Blast|p2b: Tatsugiri\n|-damage|p2b: Tatsugiri|20\/100\n|-enditem|p2b: Tatsugiri|Iapapa Berry|[eat]\n|-heal|p2b: Tatsugiri|53\/100|[from] item: Iapapa Berry\n|move|p1a: Ting-Lu|Snarl|p2b: Tatsugiri\n|-damage|p2b: Tatsugiri|40\/100\n|-unboost|p2b: Tatsugiri|spa|1\n|\n|-heal|p1a: Ting-Lu|28\/100|[from] item: Leftovers\n|upkeep\n|turn|7\n|c|\u2606Steakman5|no way\n|c|\u2606Steakman5|not the double miss T_T\n|\n|t:|1682889376\n|move|p2b: Tatsugiri|Muddy Water|p1a: Ting-Lu|[spread] p1a,p1b\n|-supereffective|p1a: Ting-Lu\n|-damage|p1a: Ting-Lu|4\/100\n|-damage|p1b: Gyarados|29\/100\n|move|p1b: Gyarados|Tera Blast|p2b: Tatsugiri\n|-damage|p2b: Tatsugiri|0 fnt\n|faint|p2b: Tatsugiri\n|\n|win|S.r Gare\n|raw|S.r Gare's rating: 1216 → 1242<\/strong> (+26 for winning)\n|raw|Steakman5's rating: 1230 → 1204<\/strong> (-26 for losing)\n","uploadtime":1682889384,"views":9,"p1id":"srgare","p2id":"steakman5","formatid":"gen9vgc2023regulationc","rating":1204,"private":0,"password":""}