{"id":"gen9vgc2023regulationc-1849182004","p1":"Slithy","p2":"JiangTang","format":"[Gen 9] VGC 2023 Regulation C","log":"|j|\u2606Slithy\n|j|\u2606JiangTang\n|t:|1682169455\n|gametype|doubles\n|player|p1|Slithy|palmer|1172\n|player|p2|JiangTang|red|1169\n|teamsize|p1|6\n|teamsize|p2|6\n|gen|9\n|tier|[Gen 9] VGC 2023 Regulation C\n|rated|\n|rule|Species Clause: Limit one of each Pok\u00e9mon\n|rule|Item Clause: Limit one of each item\n|clearpoke\n|poke|p1|Palafin, L50, F|\n|poke|p1|Flutter Mane, L50|\n|poke|p1|Chi-Yu, L50|\n|poke|p1|Lurantis, L50, M|\n|poke|p1|Grimmsnarl, L50, M|\n|poke|p1|Scizor, L50, F|\n|poke|p2|Lycanroc-Dusk, L50, M|\n|poke|p2|Chien-Pao, L50|\n|poke|p2|Grafaiai, L50, M|\n|poke|p2|Chi-Yu, L50|\n|poke|p2|Flutter Mane, L50|\n|poke|p2|Iron Bundle, L50|\n|teampreview|4\n|inactive|Battle timer is ON: inactive players will automatically lose when time's up. (requested by JiangTang)\n|\n|t:|1682169509\n|start\n|switch|p1a: Grimmsnarl|Grimmsnarl, L50, M|100\/100\n|switch|p1b: Scizor|Scizor, L50, F|100\/100\n|switch|p2a: Chi-Yu|Chi-Yu, L50|100\/100\n|switch|p2b: Flutter Mane|Flutter Mane, L50|100\/100\n|-ability|p2a: Chi-Yu|Beads of Ruin\n|turn|1\n|\n|t:|1682169530\n|-terastallize|p2b: Flutter Mane|Fairy\n|-terastallize|p1b: Scizor|Fire\n|move|p1a: Grimmsnarl|Light Screen|p1a: Grimmsnarl\n|-sidestart|p1: Slithy|move: Light Screen\n|move|p2a: Chi-Yu|Dark Pulse|p1b: Scizor\n|-damage|p1b: Scizor|54\/100\n|move|p2b: Flutter Mane|Dazzling Gleam|p1b: Scizor|[spread] p1a,p1b\n|-supereffective|p1a: Grimmsnarl\n|-resisted|p1b: Scizor\n|-damage|p1a: Grimmsnarl|3\/100\n|-damage|p1b: Scizor|23\/100\n|move|p1b: Scizor|Swords Dance|p1b: Scizor\n|-boost|p1b: Scizor|atk|2\n|\n|upkeep\n|turn|2\n|\n|t:|1682169554\n|move|p1b: Scizor|Protect|p1b: Scizor\n|-singleturn|p1b: Scizor|Protect\n|move|p1a: Grimmsnarl|Scary Face|p2b: Flutter Mane\n|-unboost|p2b: Flutter Mane|spe|2\n|move|p2a: Chi-Yu|Dark Pulse|p1b: Scizor\n|-activate|p1b: Scizor|move: Protect\n|move|p2b: Flutter Mane|Dazzling Gleam|p1b: Scizor|[spread] p1a\n|-activate|p1b: Scizor|move: Protect\n|-supereffective|p1a: Grimmsnarl\n|-damage|p1a: Grimmsnarl|0 fnt\n|faint|p1a: Grimmsnarl\n|\n|upkeep\n|\n|t:|1682169568\n|switch|p1a: Palafin|Palafin, L50, F|100\/100\n|turn|3\n|\n|t:|1682169582\n|detailschange|p1a: Palafin|Palafin-Hero, L50, F\n|switch|p1a: Flutter Mane|Flutter Mane, L50|100\/100\n|move|p1b: Scizor|Bullet Punch|p2b: Flutter Mane\n|-supereffective|p2b: Flutter Mane\n|-damage|p2b: Flutter Mane|0 fnt\n|faint|p2b: Flutter Mane\n|-end|p2b: Flutter Mane|Protosynthesis|[silent]\n|move|p2a: Chi-Yu|Dark Pulse|p1a: Flutter Mane\n|-damage|p1a: Flutter Mane|60\/100\n|\n|upkeep\n|\n|t:|1682169604\n|switch|p2b: Lycanroc|Lycanroc-Dusk, L50, M|100\/100\n|turn|4\n|\n|t:|1682169622\n|move|p1b: Scizor|Protect|p1b: Scizor\n|-singleturn|p1b: Scizor|Protect\n|move|p2b: Lycanroc|Accelerock|p1b: Scizor\n|-activate|p1b: Scizor|move: Protect\n|move|p2a: Chi-Yu|Dark Pulse|p1a: Flutter Mane\n|-damage|p1a: Flutter Mane|21\/100\n|move|p1a: Flutter Mane|Dazzling Gleam|p2b: Lycanroc|[spread] p2a,p2b\n|-damage|p2a: Chi-Yu|60\/100\n|-damage|p2b: Lycanroc|28\/100\n|-damage|p1a: Flutter Mane|11\/100|[from] item: Life Orb\n|\n|upkeep\n|turn|5\n|inactive|Slithy has 30 seconds left.\n|\n|t:|1682169655\n|switch|p1b: Palafin|Palafin-Hero, L50, F|100\/100\n|-activate|p1b: Palafin|ability: Zero to Hero\n|move|p2b: Lycanroc|Accelerock|p1b: Palafin\n|-damage|p1b: Palafin|71\/100\n|-damage|p2b: Lycanroc|18\/100|[from] item: Life Orb\n|move|p2a: Chi-Yu|Dark Pulse|p1a: Flutter Mane\n|-damage|p1a: Flutter Mane|0 fnt\n|faint|p1a: Flutter Mane\n|-end|p1a: Flutter Mane|Protosynthesis|[silent]\n|\n|upkeep\n|\n|t:|1682169667\n|switch|p1a: Scizor|Scizor, L50, F, tera:Fire|23\/100\n|turn|6\n|inactive|JiangTang has 30 seconds left.\n|\n|t:|1682169700\n|move|p1a: Scizor|Protect|p1a: Scizor\n|-singleturn|p1a: Scizor|Protect\n|move|p2b: Lycanroc|Sucker Punch|p1b: Palafin\n|-damage|p1b: Palafin|37\/100\n|-damage|p2b: Lycanroc|8\/100|[from] item: Life Orb\n|move|p1b: Palafin|Jet Punch|p2b: Lycanroc\n|-supereffective|p2b: Lycanroc\n|-damage|p2b: Lycanroc|0 fnt\n|faint|p2b: Lycanroc\n|move|p2a: Chi-Yu|Dark Pulse|p1a: Scizor\n|-activate|p1a: Scizor|move: Protect\n|\n|upkeep\n|\n|t:|1682169714\n|switch|p2b: Chien-Pao|Chien-Pao, L50|100\/100\n|-ability|p2b: Chien-Pao|Sword of Ruin\n|turn|7\n|\n|t:|1682169730\n|move|p2b: Chien-Pao|Sucker Punch|p1b: Palafin\n|-damage|p1b: Palafin|0 fnt\n|faint|p1b: Palafin\n|move|p1a: Scizor|Bullet Punch|p2b: Chien-Pao\n|-supereffective|p2b: Chien-Pao\n|-damage|p2b: Chien-Pao|3\/100\n|move|p2a: Chi-Yu|Dark Pulse|p1a: Scizor\n|-damage|p1a: Scizor|0 fnt\n|faint|p1a: Scizor\n|\n|win|JiangTang\n|raw|Slithy's rating: 1172 → 1147<\/strong> (-25 for losing)\n|raw|JiangTang's rating: 1169 → 1194<\/strong> (+25 for winning)\n","uploadtime":1682169743,"views":9,"p1id":"slithy","p2id":"jiangtang","formatid":"gen9vgc2023regulationc","rating":1147,"private":0,"password":""}