{"id":"gen9vgc2023regulationc-1846806991","p1":"Kohbalt","p2":"JTechtonic","format":"[Gen 9] VGC 2023 Regulation C","log":"|j|\u2606Kohbalt\n|j|\u2606JTechtonic\n|t:|1681882735\n|gametype|doubles\n|player|p1|Kohbalt|steven|\n|player|p2|JTechtonic|hugh|\n|teamsize|p1|6\n|teamsize|p2|6\n|gen|9\n|tier|[Gen 9] VGC 2023 Regulation C\n|rule|Species Clause: Limit one of each Pok\u00e9mon\n|rule|Item Clause: Limit one of each item\n|clearpoke\n|poke|p1|Flutter Mane, L50|\n|poke|p1|Palafin, L50, M|\n|poke|p1|Amoonguss, L50, F|\n|poke|p1|Arcanine, L50, M|\n|poke|p1|Chi-Yu, L50|\n|poke|p1|Glimmora, L50, F|\n|poke|p2|Palafin, L50, F|\n|poke|p2|Chien-Pao, L50|\n|poke|p2|Dragonite, L50, F|\n|poke|p2|Flutter Mane, L50|\n|poke|p2|Amoonguss, L50, F|\n|poke|p2|Arcanine, L50, M|\n|teampreview|4\n|inactive|Battle timer is ON: inactive players will automatically lose when time's up. (requested by JTechtonic)\nKohbalt has agreed to open team sheets.\nJTechtonic has agreed to open team sheets.\n|inactiveoff|Battle timer is now OFF.\n|\n|t:|1681882791\n|start\n|switch|p1a: Palafin|Palafin, L50, M, shiny|100\/100\n|switch|p1b: Amoonguss|Amoonguss, L50, F|100\/100\n|switch|p2a: Palafin|Palafin, L50, F|100\/100\n|switch|p2b: Dragonite|Dragonite, L50, F|100\/100\n|turn|1\n|j| databull\n|\n|t:|1681882817\n|detailschange|p2a: Palafin|Palafin-Hero, L50, F\n|switch|p2a: Chien-Pao|Chien-Pao, L50|100\/100\n|-ability|p2a: Chien-Pao|Sword of Ruin\n|switch|p2b: Amoonguss|Amoonguss, L50, F|100\/100\n|-terastallize|p1a: Palafin|Water\n|move|p1b: Amoonguss|Protect|p1b: Amoonguss\n|-singleturn|p1b: Amoonguss|Protect\n|move|p1a: Palafin|Wave Crash|p2a: Chien-Pao\n|-damage|p2a: Chien-Pao|6\/100\n|-damage|p1a: Palafin|77\/100|[from] Recoil\n|\n|upkeep\n|turn|2\n|\n|t:|1681882842\n|detailschange|p1a: Palafin|Palafin-Hero, L50, M, shiny, tera:Water\n|switch|p1a: Arcanine|Arcanine, L50, M|100\/100\n|-ability|p1a: Arcanine|Intimidate|boost\n|-unboost|p2a: Chien-Pao|atk|1\n|-unboost|p2b: Amoonguss|atk|1\n|move|p2a: Chien-Pao|Protect|p2a: Chien-Pao\n|-singleturn|p2a: Chien-Pao|Protect\n|move|p1b: Amoonguss|Spore|p2a: Chien-Pao\n|-activate|p2a: Chien-Pao|move: Protect\n|move|p2b: Amoonguss|Spore|p1a: Arcanine\n|-activate|p1a: Arcanine|item: Safety Goggles|Spore\n|\n|upkeep\n|turn|3\n|\n|t:|1681882861\n|switch|p2a: Dragonite|Dragonite, L50, F|100\/100\n|move|p1a: Arcanine|Flare Blitz|p2b: Amoonguss\n|-supereffective|p2b: Amoonguss\n|-damage|p2b: Amoonguss|23\/100\n|-enditem|p2b: Amoonguss|Aguav Berry|[eat]\n|-heal|p2b: Amoonguss|56\/100|[from] item: Aguav Berry\n|-damage|p1a: Arcanine|72\/100|[from] Recoil\n|move|p1b: Amoonguss|Pollen Puff|p2a: Dragonite\n|-resisted|p2a: Dragonite\n|-damage|p2a: Dragonite|92\/100\n|move|p2b: Amoonguss|Pollen Puff|p2a: Dragonite\n|-heal|p2a: Dragonite|100\/100\n|\n|upkeep\n|turn|4\n|\n|t:|1681882881\n|switch|p2b: Chien-Pao|Chien-Pao, L50|6\/100\n|-ability|p2b: Chien-Pao|Sword of Ruin\n|-terastallize|p2a: Dragonite|Normal\n|move|p2a: Dragonite|Extreme Speed|p1a: Arcanine\n|-damage|p1a: Arcanine|0 fnt\n|faint|p1a: Arcanine\n|move|p1b: Amoonguss|Spore|p2a: Dragonite\n|-status|p2a: Dragonite|slp|[from] move: Spore\n|\n|upkeep\n|\n|t:|1681882893\n|switch|p1a: Flutter Mane|Flutter Mane, L50|100\/100\n|turn|5\n|\n|t:|1681882909\n|cant|p2a: Dragonite|slp\n|move|p2b: Chien-Pao|Sucker Punch|p1a: Flutter Mane\n|-damage|p1a: Flutter Mane|37\/100\n|move|p1a: Flutter Mane|Dazzling Gleam|p2a: Dragonite|[spread] p2a,p2b\n|-supereffective|p2b: Chien-Pao\n|-damage|p2a: Dragonite|61\/100 slp\n|-damage|p2b: Chien-Pao|0 fnt\n|faint|p2b: Chien-Pao\n|move|p1b: Amoonguss|Pollen Puff|p2a: Dragonite\n|-damage|p2a: Dragonite|46\/100 slp\n|\n|upkeep\n|\n|t:|1681882922\n|switch|p2b: Palafin|Palafin-Hero, L50, F|100\/100\n|-activate|p2b: Palafin|ability: Zero to Hero\n|turn|6\n|\n|t:|1681882945\n|-end|p1a: Flutter Mane|Protosynthesis|[silent]\n|switch|p1a: Palafin|Palafin-Hero, L50, M, shiny, tera:Water|77\/100\n|-activate|p1a: Palafin|ability: Zero to Hero\n|switch|p2b: Amoonguss|Amoonguss, L50, F|90\/100\n|cant|p2a: Dragonite|slp\n|move|p1b: Amoonguss|Pollen Puff|p1a: Palafin\n|-heal|p1a: Palafin|100\/100\n|\n|upkeep\n|turn|7\n|\n|t:|1681882972\n|cant|p2a: Dragonite|slp\n|move|p1b: Amoonguss|Rage Powder|p1b: Amoonguss\n|-singleturn|p1b: Amoonguss|move: Rage Powder\n|move|p1a: Palafin|Jet Punch|p2a: Dragonite\n|-damage|p2a: Dragonite|0 fnt\n|faint|p2a: Dragonite\n|move|p2b: Amoonguss|Pollen Puff|p2: Dragonite|[notarget]\n|-fail|p2b: Amoonguss\n|\n|upkeep\n|\n|t:|1681882978\n|switch|p2a: Palafin|Palafin-Hero, L50, F|100\/100\n|turn|8\n|\n|t:|1681883043\n|move|p1a: Palafin|Protect|p1a: Palafin\n|-singleturn|p1a: Palafin|Protect\n|move|p2b: Amoonguss|Rage Powder|p2b: Amoonguss\n|-singleturn|p2b: Amoonguss|move: Rage Powder\n|move|p2a: Palafin|Wave Crash|p1a: Palafin\n|-activate|p1a: Palafin|move: Protect\n|move|p1b: Amoonguss|Spore|p2a: Palafin\n|-status|p2a: Palafin|slp|[from] move: Spore\n|\n|upkeep\n|turn|9\n|-message|JTechtonic forfeited.\n|\n|win|Kohbalt\n","uploadtime":1681883070,"views":8,"p1id":"kohbalt","p2id":"jtechtonic","formatid":"gen9vgc2023regulationc","rating":0,"private":0,"password":""}