{"id":"gen9vgc2023regulationc-1847963612","p1":"FunnyGuyAlert","p2":"Suddy Soap","format":"[Gen 9] VGC 2023 Regulation C","log":"|j|\u203dFunnyGuyAlert\n|j|\u2606Suddy Soap\n|t:|1682016283\n|gametype|doubles\n|player|p1|FunnyGuyAlert|skyla|1080\n|player|p2|Suddy Soap|roughneck|1082\n|teamsize|p1|6\n|teamsize|p2|6\n|gen|9\n|tier|[Gen 9] VGC 2023 Regulation C\n|rated|\n|rule|Species Clause: Limit one of each Pok\u00e9mon\n|rule|Item Clause: Limit one of each item\n|clearpoke\n|poke|p1|Garchomp, L50, F|\n|poke|p1|Gholdengo, L50|\n|poke|p1|Kilowattrel, L50, F|\n|poke|p1|Hariyama, L50, M|\n|poke|p1|Tyranitar, L50, F|\n|poke|p1|Amoonguss, L50, M|\n|poke|p2|Eelektross, L50, F|\n|poke|p2|Amoonguss, L50, F|\n|poke|p2|Garganacl, L50, M|\n|poke|p2|Gothitelle, L50, M|\n|poke|p2|Mimikyu, L50, F|\n|poke|p2|Forretress, L50, M|\n|teampreview|4\n|inactive|Battle timer is ON: inactive players will automatically lose when time's up. (requested by Suddy Soap)\n|\n|t:|1682016312\n|start\n|switch|p1a: Hariyama|Hariyama, L50, M|100\/100\n|switch|p1b: Kilowattrel|Kilowattrel, L50, F|100\/100\n|switch|p2a: Gothitelle|Gothitelle, L50, M|100\/100\n|switch|p2b: Eelektross|Eelektross, L50, F|100\/100\n|turn|1\n|\n|t:|1682016328\n|move|p1a: Hariyama|Fake Out|p2a: Gothitelle\n|-damage|p2a: Gothitelle|89\/100\n|move|p1b: Kilowattrel|Tailwind|p1b: Kilowattrel\n|-sidestart|p1: FunnyGuyAlert|move: Tailwind\n|move|p2b: Eelektross|Coil|p2b: Eelektross\n|-boost|p2b: Eelektross|atk|1\n|-boost|p2b: Eelektross|def|1\n|-boost|p2b: Eelektross|accuracy|1\n|cant|p2a: Gothitelle|flinch\n|\n|upkeep\n|turn|2\n|inactive|FunnyGuyAlert has 30 seconds left.\n|\n|t:|1682016361\n|move|p1b: Kilowattrel|Air Slash|p2a: Gothitelle\n|-damage|p2a: Gothitelle|67\/100\n|move|p1a: Hariyama|Drain Punch|p2b: Eelektross\n|-damage|p2b: Eelektross|75\/100\n|move|p2a: Gothitelle|Calm Mind|p2a: Gothitelle\n|-boost|p2a: Gothitelle|spa|1\n|-boost|p2a: Gothitelle|spd|1\n|move|p2b: Eelektross|Coil|p2b: Eelektross\n|-boost|p2b: Eelektross|atk|1\n|-boost|p2b: Eelektross|def|1\n|-boost|p2b: Eelektross|accuracy|1\n|\n|upkeep\n|turn|3\n|\n|t:|1682016385\n|move|p1b: Kilowattrel|Volt Switch|p2a: Gothitelle\n|-damage|p2a: Gothitelle|54\/100\n|\n|t:|1682016389\n|switch|p1b: Tyranitar|Tyranitar, L50, F|100\/100|[from] Volt Switch\n|-weather|Sandstorm|[from] ability: Sand Stream|[of] p1b: Tyranitar\n|move|p1a: Hariyama|Drain Punch|p2b: Eelektross\n|-damage|p2b: Eelektross|55\/100\n|move|p2a: Gothitelle|Psychic|p1a: Hariyama\n|-supereffective|p1a: Hariyama\n|-damage|p1a: Hariyama|20\/100\n|-enditem|p1a: Hariyama|Iapapa Berry|[eat]\n|-heal|p1a: Hariyama|53\/100|[from] item: Iapapa Berry\n|move|p2b: Eelektross|Drain Punch|p1a: Hariyama\n|-damage|p1a: Hariyama|5\/100\n|-heal|p2b: Eelektross|83\/100|[from] drain|[of] p1a: Hariyama\n|\n|-weather|Sandstorm|[upkeep]\n|-damage|p1a: Hariyama|0 fnt|[from] Sandstorm\n|-damage|p2a: Gothitelle|48\/100|[from] Sandstorm\n|-damage|p2b: Eelektross|77\/100|[from] Sandstorm\n|faint|p1a: Hariyama\n|upkeep\n|\n|t:|1682016410\n|switch|p1a: Amoonguss|Amoonguss, L50, M|100\/100\n|turn|4\n|\n|t:|1682016433\n|move|p2b: Eelektross|Protect|p2b: Eelektross\n|-singleturn|p2b: Eelektross|Protect\n|move|p1b: Tyranitar|Crunch|p2a: Gothitelle\n|-supereffective|p2a: Gothitelle\n|-damage|p2a: Gothitelle|0 fnt\n|faint|p2a: Gothitelle\n|move|p1a: Amoonguss|Clear Smog|p2b: Eelektross\n|-activate|p2b: Eelektross|move: Protect\n|\n|-weather|Sandstorm|[upkeep]\n|-damage|p1a: Amoonguss|95\/100|[from] Sandstorm\n|-damage|p2b: Eelektross|72\/100|[from] Sandstorm\n|-sideend|p1: FunnyGuyAlert|move: Tailwind\n|upkeep\n|\n|t:|1682016449\n|switch|p2a: Forretress|Forretress, L50, M, shiny|100\/100\n|turn|5\n|\n|t:|1682016472\n|move|p1b: Tyranitar|Crunch|p2a: Forretress\n|-crit|p2a: Forretress\n|-damage|p2a: Forretress|63\/100\n|-unboost|p2a: Forretress|def|1\n|move|p2b: Eelektross|Drain Punch|p1b: Tyranitar\n|-supereffective|p1b: Tyranitar\n|-damage|p1b: Tyranitar|0 fnt\n|-heal|p2b: Eelektross|100\/100|[from] drain|[of] p1b: Tyranitar\n|faint|p1b: Tyranitar\n|move|p2a: Forretress|Body Press|p1a: Amoonguss\n|-resisted|p1a: Amoonguss\n|-damage|p1a: Amoonguss|88\/100\n|move|p1a: Amoonguss|Clear Smog|p2b: Eelektross\n|-damage|p2b: Eelektross|84\/100\n|-clearboost|p2b: Eelektross\n|\n|-weather|Sandstorm|[upkeep]\n|-damage|p2b: Eelektross|79\/100|[from] Sandstorm\n|-damage|p1a: Amoonguss|83\/100|[from] Sandstorm\n|upkeep\n|\n|t:|1682016490\n|switch|p1b: Kilowattrel|Kilowattrel, L50, F|100\/100\n|turn|6\n|\n|t:|1682016513\n|-terastallize|p2a: Forretress|Normal\n|move|p2b: Eelektross|Protect|p2b: Eelektross\n|-singleturn|p2b: Eelektross|Protect\n|move|p1b: Kilowattrel|Air Slash|p2a: Forretress\n|-damage|p2a: Forretress|34\/100\n|cant|p2a: Forretress|flinch\n|move|p1a: Amoonguss|Spore|p2b: Eelektross\n|-activate|p2b: Eelektross|move: Protect\n|\n|-weather|Sandstorm|[upkeep]\n|-damage|p1b: Kilowattrel|94\/100|[from] Sandstorm\n|-damage|p2b: Eelektross|73\/100|[from] Sandstorm\n|-damage|p2a: Forretress|28\/100|[from] Sandstorm\n|-damage|p1a: Amoonguss|77\/100|[from] Sandstorm\n|upkeep\n|turn|7\n|inactive|Suddy Soap has 30 seconds left.\n|\n|t:|1682016539\n|move|p2b: Eelektross|Protect||[still]\n|-fail|p2b: Eelektross\n|move|p1b: Kilowattrel|Air Slash|p2a: Forretress\n|-damage|p2a: Forretress|2\/100\n|move|p2a: Forretress|Explosion|p1b: Kilowattrel|[spread] p2b,p1a,p1b\n|-damage|p2b: Eelektross|0 fnt\n|-damage|p1a: Amoonguss|0 fnt\n|-damage|p1b: Kilowattrel|0 fnt\n|faint|p2a: Forretress\n|faint|p2b: Eelektross\n|faint|p1a: Amoonguss\n|faint|p1b: Kilowattrel\n|\n|win|Suddy Soap\n|raw|FunnyGuyAlert's rating: 1080 → 1058<\/strong> (-22 for losing)\n|raw|Suddy Soap's rating: 1082 → 1110<\/strong> (+28 for winning)\n|l|\u203dFunnyGuyAlert\n","uploadtime":1682016559,"views":14,"p1id":"funnyguyalert","p2id":"suddysoap","formatid":"gen9vgc2023regulationc","rating":1058,"private":0,"password":""}