{"id":"gen9vgc2023regulationc-1854124926","p1":"grass666","p2":"baygaleo","format":"[Gen 9] VGC 2023 Regulation C","log":"|j|\u2606grass666\n|j|\u2606baygaleo\n|t:|1682773197\n|gametype|doubles\n|player|p1|grass666|102|1184\n|player|p2|baygaleo|roxie|1226\n|teamsize|p1|6\n|teamsize|p2|6\n|gen|9\n|tier|[Gen 9] VGC 2023 Regulation C\n|rated|\n|rule|Species Clause: Limit one of each Pok\u00e9mon\n|rule|Item Clause: Limit one of each item\n|clearpoke\n|poke|p1|Palafin, L50, M|\n|poke|p1|Chien-Pao, L50|\n|poke|p1|Dragapult, L50, F|\n|poke|p1|Amoonguss, L50, F|\n|poke|p1|Arcanine, L50, M|\n|poke|p1|Flutter Mane, L50|\n|poke|p2|Talonflame, L50, F|\n|poke|p2|Chi-Yu, L50|\n|poke|p2|Iron Bundle, L50|\n|poke|p2|Flutter Mane, L50|\n|poke|p2|Kingambit, L50, M|\n|poke|p2|Great Tusk, L50|\n|teampreview|4\n|inactive|Battle timer is ON: inactive players will automatically lose when time's up. (requested by grass666)\n|\n|t:|1682773219\n|start\n|switch|p1a: Bundle|Chien-Pao, L50|100\/100\n|switch|p1b: Dnite|Dragapult, L50, F|100\/100\n|switch|p2a: Kingambit|Kingambit, L50, M, shiny|100\/100\n|switch|p2b: Flutter Mane|Flutter Mane, L50|100\/100\n|-ability|p1a: Bundle|Sword of Ruin\n|turn|1\n|\n|t:|1682773234\n|move|p1b: Dnite|U-turn|p2b: Flutter Mane\n|-resisted|p2b: Flutter Mane\n|-damage|p2b: Flutter Mane|86\/100\n|\n|t:|1682773241\n|switch|p1b: ChiYu|Arcanine, L50, M|100\/100|[from] U-turn\n|-ability|p1b: ChiYu|Intimidate|boost\n|-unboost|p2a: Kingambit|atk|1\n|-ability|p2a: Kingambit|Defiant|boost\n|-boost|p2a: Kingambit|atk|2\n|-unboost|p2b: Flutter Mane|atk|1\n|move|p1a: Bundle|Sacred Sword|p2a: Kingambit\n|-supereffective|p2a: Kingambit\n|-damage|p2a: Kingambit|19\/100\n|move|p2b: Flutter Mane|Dazzling Gleam|p1a: Bundle|[spread] p1a,p1b\n|-supereffective|p1a: Bundle\n|-resisted|p1b: ChiYu\n|-enditem|p1a: Bundle|Focus Sash\n|-damage|p1a: Bundle|1\/100\n|-damage|p1b: ChiYu|75\/100\n|move|p2a: Kingambit|Swords Dance|p2a: Kingambit\n|-boost|p2a: Kingambit|atk|2\n|\n|upkeep\n|turn|2\n|\n|t:|1682773261\n|move|p2a: Kingambit|Protect|p2a: Kingambit\n|-singleturn|p2a: Kingambit|Protect\n|move|p1a: Bundle|Sucker Punch||[still]\n|-fail|p1a: Bundle\n|move|p2b: Flutter Mane|Dazzling Gleam|p1a: Bundle|[spread] p1a,p1b\n|-supereffective|p1a: Bundle\n|-resisted|p1b: ChiYu\n|-damage|p1a: Bundle|0 fnt\n|-damage|p1b: ChiYu|50\/100\n|faint|p1a: Bundle\n|move|p1b: ChiYu|Flare Blitz|p2b: Flutter Mane\n|-damage|p2b: Flutter Mane|23\/100\n|-damage|p1b: ChiYu|35\/100|[from] Recoil\n|\n|upkeep\n|\n|t:|1682773282\n|switch|p1a: Mimi|Flutter Mane, L50|100\/100\n|-enditem|p1a: Mimi|Booster Energy\n|-activate|p1a: Mimi|ability: Protosynthesis|[fromitem]\n|-start|p1a: Mimi|protosynthesisspa\n|turn|3\n|\n|t:|1682773304\n|move|p1a: Mimi|Protect|p1a: Mimi\n|-singleturn|p1a: Mimi|Protect\n|move|p2a: Kingambit|Sucker Punch||[still]\n|-fail|p2a: Kingambit\n|move|p2b: Flutter Mane|Dazzling Gleam|p1a: Mimi|[spread] p1b\n|-activate|p1a: Mimi|move: Protect\n|-resisted|p1b: ChiYu\n|-damage|p1b: ChiYu|9\/100\n|move|p1b: ChiYu|Flare Blitz|p2a: Kingambit\n|-supereffective|p2a: Kingambit\n|-damage|p2a: Kingambit|0 fnt\n|faint|p2a: Kingambit\n|-damage|p1b: ChiYu|2\/100|[from] Recoil\n|\n|upkeep\n|\n|t:|1682773312\n|switch|p2a: Chi-Yu|Chi-Yu, L50|100\/100\n|-ability|p2a: Chi-Yu|Beads of Ruin\n|turn|4\n|\n|t:|1682773329\n|-terastallize|p1a: Mimi|Fairy\n|-terastallize|p2b: Flutter Mane|Fairy\n|move|p1b: ChiYu|Extreme Speed|p2a: Chi-Yu\n|-damage|p2a: Chi-Yu|64\/100\n|move|p2a: Chi-Yu|Dark Pulse|p1a: Mimi\n|-resisted|p1a: Mimi\n|-damage|p1a: Mimi|74\/100\n|move|p2b: Flutter Mane|Dazzling Gleam|p1b: ChiYu|[spread] p1a,p1b\n|-resisted|p1b: ChiYu\n|-damage|p1a: Mimi|0 fnt\n|-damage|p1b: ChiYu|0 fnt\n|faint|p1a: Mimi\n|-end|p1a: Mimi|Protosynthesis|[silent]\n|faint|p1b: ChiYu\n|\n|upkeep\n|\n|t:|1682773341\n|switch|p1b: Dnite|Dragapult, L50, F|100\/100\n|turn|5\n|\n|t:|1682773359\n|move|p2a: Chi-Yu|Dark Pulse|p1b: Dnite\n|-supereffective|p1b: Dnite\n|-damage|p1b: Dnite|0 fnt\n|faint|p1b: Dnite\n|\n|win|baygaleo\n|raw|grass666's rating: 1184 → 1162<\/strong> (-22 for losing)\n|raw|baygaleo's rating: 1226 → 1248<\/strong> (+22 for winning)\n","uploadtime":1682773364,"views":25,"p1id":"grass666","p2id":"baygaleo","formatid":"gen9vgc2023regulationc","rating":1162,"private":0,"password":""}