{"id":"gen9vgc2023regulationc-1859305658","p1":"Zydroxequil","p2":"octaguz28","format":"[Gen 9] VGC 2023 Regulation C","log":"|j|\u2606Zydroxequil\n|j|\u2606octaguz28\n|t:|1683431669\n|gametype|doubles\n|player|p1|Zydroxequil|psychic-gen4|1206\n|player|p2|octaguz28|1|1295\n|teamsize|p1|6\n|teamsize|p2|6\n|gen|9\n|tier|[Gen 9] VGC 2023 Regulation C\n|rated|\n|rule|Species Clause: Limit one of each Pok\u00e9mon\n|rule|Item Clause: Limit one of each item\n|clearpoke\n|poke|p1|Bronzong, L50|\n|poke|p1|Tyranitar, L50, F|\n|poke|p1|Ting-Lu, L50|\n|poke|p1|Gyarados, L50, F|\n|poke|p1|Garganacl, L50, F|\n|poke|p1|Flutter Mane, L50|\n|poke|p2|Iron Valiant, L50|\n|poke|p2|Iron Bundle, L50|\n|poke|p2|Chi-Yu, L50|\n|poke|p2|Amoonguss, L50, F|\n|poke|p2|Dragonite, L50, M|\n|poke|p2|Iron Hands, L50|\n|teampreview|4\n|\n|t:|1683431725\n|start\n|switch|p1a: Bronzong|Bronzong, L50|100\/100\n|switch|p1b: Tyranitar|Tyranitar, L50, F, shiny|100\/100\n|switch|p2a: Iron Bundle|Iron Bundle, L50|100\/100\n|switch|p2b: Chi-Yu|Chi-Yu, L50|100\/100\n|-ability|p2b: Chi-Yu|Beads of Ruin\n|-weather|Sandstorm|[from] ability: Sand Stream|[of] p1b: Tyranitar\n|-enditem|p2a: Iron Bundle|Booster Energy\n|-activate|p2a: Iron Bundle|ability: Quark Drive|[fromitem]\n|-start|p2a: Iron Bundle|quarkdrivespe\n|turn|1\n|\n|t:|1683431753\n|-terastallize|p1a: Bronzong|Water\n|move|p1b: Tyranitar|Protect|p1b: Tyranitar\n|-singleturn|p1b: Tyranitar|Protect\n|move|p2a: Iron Bundle|Hydro Pump|p1b: Tyranitar\n|-activate|p1b: Tyranitar|move: Protect\n|move|p2b: Chi-Yu|Heat Wave|p1a: Bronzong|[spread] p1a\n|-activate|p1b: Tyranitar|move: Protect\n|-resisted|p1a: Bronzong\n|-damage|p1a: Bronzong|82\/100\n|move|p1a: Bronzong|Trick Room|p1a: Bronzong\n|-fieldstart|move: Trick Room|[of] p1a: Bronzong\n|\n|-weather|Sandstorm|[upkeep]\n|-damage|p2b: Chi-Yu|94\/100|[from] Sandstorm\n|-damage|p2a: Iron Bundle|94\/100|[from] Sandstorm\n|upkeep\n|turn|2\n|\n|t:|1683431766\n|move|p2b: Chi-Yu|Protect|p2b: Chi-Yu\n|-singleturn|p2b: Chi-Yu|Protect\n|move|p1a: Bronzong|Gyro Ball|p2a: Iron Bundle\n|-damage|p2a: Iron Bundle|39\/100\n|move|p1b: Tyranitar|Rock Slide|p2a: Iron Bundle|[spread] p2a\n|-activate|p2b: Chi-Yu|move: Protect\n|-supereffective|p2a: Iron Bundle\n|-damage|p2a: Iron Bundle|0 fnt\n|faint|p2a: Iron Bundle\n|-end|p2a: Iron Bundle|Quark Drive|[silent]\n|\n|-weather|Sandstorm|[upkeep]\n|-damage|p2b: Chi-Yu|88\/100|[from] Sandstorm\n|upkeep\n|\n|t:|1683431778\n|switch|p2a: Iron Hands|Iron Hands, L50|100\/100\n|turn|3\n|\n|t:|1683431809\n|move|p1a: Bronzong|Protect|p1a: Bronzong\n|-singleturn|p1a: Bronzong|Protect\n|move|p2a: Iron Hands|Fake Out|p1b: Tyranitar\n|-resisted|p1b: Tyranitar\n|-damage|p1b: Tyranitar|94\/100\n|cant|p1b: Tyranitar|flinch\n|move|p2b: Chi-Yu|Dark Pulse|p1a: Bronzong\n|-activate|p1a: Bronzong|move: Protect\n|\n|-weather|Sandstorm|[upkeep]\n|-damage|p2a: Iron Hands|94\/100|[from] Sandstorm\n|-damage|p2b: Chi-Yu|82\/100|[from] Sandstorm\n|upkeep\n|turn|4\n|\n|t:|1683431822\n|switch|p1a: Garganacl|Garganacl, L50, F|100\/100\n|move|p2b: Chi-Yu|Protect|p2b: Chi-Yu\n|-singleturn|p2b: Chi-Yu|Protect\n|move|p1b: Tyranitar|Rock Slide|p2b: Chi-Yu|[spread] p2a\n|-activate|p2b: Chi-Yu|move: Protect\n|-resisted|p2a: Iron Hands\n|-damage|p2a: Iron Hands|84\/100\n|move|p2a: Iron Hands|Drain Punch|p1b: Tyranitar\n|-supereffective|p1b: Tyranitar\n|-damage|p1b: Tyranitar|0 fnt\n|-heal|p2a: Iron Hands|100\/100|[from] drain|[of] p1b: Tyranitar\n|faint|p1b: Tyranitar\n|\n|-weather|Sandstorm|[upkeep]\n|-damage|p2a: Iron Hands|94\/100|[from] Sandstorm\n|-damage|p2b: Chi-Yu|76\/100|[from] Sandstorm\n|upkeep\n|\n|t:|1683431827\n|switch|p1b: Flutter Mane|Flutter Mane, L50|100\/100\n|turn|5\n|\n|t:|1683431841\n|move|p1a: Garganacl|Protect|p1a: Garganacl\n|-singleturn|p1a: Garganacl|Protect\n|move|p2a: Iron Hands|Wild Charge|p1b: Flutter Mane\n|-damage|p1b: Flutter Mane|29\/100\n|-damage|p2a: Iron Hands|83\/100|[from] Recoil\n|move|p1b: Flutter Mane|Moonblast|p2a: Iron Hands\n|-supereffective|p2a: Iron Hands\n|-damage|p2a: Iron Hands|0 fnt\n|faint|p2a: Iron Hands\n|-end|p2a: Iron Hands|Quark Drive|[silent]\n|move|p2b: Chi-Yu|Snarl|p1a: Garganacl|[spread] p1b\n|-activate|p1a: Garganacl|move: Protect\n|-damage|p1b: Flutter Mane|0 fnt\n|faint|p1b: Flutter Mane\n|-end|p1b: Flutter Mane|Protosynthesis|[silent]\n|\n|-weather|none\n|-fieldend|move: Trick Room\n|upkeep\n|\n|t:|1683431849\n|switch|p1b: Bronzong|Bronzong, L50, tera:Water|82\/100\n|switch|p2a: Amoonguss|Amoonguss, L50, F|100\/100\n|turn|6\n|\n|t:|1683431860\n|move|p2b: Chi-Yu|Protect|p2b: Chi-Yu\n|-singleturn|p2b: Chi-Yu|Protect\n|move|p2a: Amoonguss|Spore|p1b: Bronzong\n|-activate|p1b: Bronzong|item: Safety Goggles|Spore\n|move|p1a: Garganacl|Salt Cure|p2a: Amoonguss\n|-damage|p2a: Amoonguss|90\/100\n|-start|p2a: Amoonguss|Salt Cure\n|move|p1b: Bronzong|Trick Room|p1b: Bronzong\n|-fieldstart|move: Trick Room|[of] p1b: Bronzong\n|\n|-heal|p2a: Amoonguss|96\/100|[from] item: Leftovers\n|-damage|p2a: Amoonguss|83\/100|[from] Salt Cure\n|upkeep\n|turn|7\n|\n|t:|1683431881\n|move|p1b: Bronzong|Gyro Ball|p2a: Amoonguss\n|-damage|p2a: Amoonguss|74\/100\n|move|p1a: Garganacl|Salt Cure|p2b: Chi-Yu\n|-supereffective|p2b: Chi-Yu\n|-damage|p2b: Chi-Yu|25\/100\n|-start|p2b: Chi-Yu|Salt Cure\n|move|p2a: Amoonguss|Pollen Puff|p2b: Chi-Yu\n|-heal|p2b: Chi-Yu|75\/100\n|move|p2b: Chi-Yu|Dark Pulse|p1a: Garganacl\n|-damage|p1a: Garganacl|56\/100\n|\n|-heal|p1a: Garganacl|62\/100|[from] item: Leftovers\n|-heal|p2a: Amoonguss|80\/100|[from] item: Leftovers\n|-damage|p2a: Amoonguss|67\/100|[from] Salt Cure\n|-damage|p2b: Chi-Yu|63\/100|[from] Salt Cure\n|upkeep\n|turn|8\n|\n|t:|1683431899\n|move|p1b: Bronzong|Gyro Ball|p2a: Amoonguss\n|-damage|p2a: Amoonguss|58\/100\n|move|p1a: Garganacl|Salt Cure|p2b: Chi-Yu\n|-supereffective|p2b: Chi-Yu\n|-damage|p2b: Chi-Yu|20\/100\n|move|p2a: Amoonguss|Pollen Puff|p2b: Chi-Yu\n|-heal|p2b: Chi-Yu|70\/100\n|move|p2b: Chi-Yu|Dark Pulse|p1a: Garganacl\n|-damage|p1a: Garganacl|17\/100\n|\n|-heal|p1a: Garganacl|22\/100|[from] item: Leftovers\n|-heal|p2a: Amoonguss|64\/100|[from] item: Leftovers\n|-damage|p2a: Amoonguss|52\/100|[from] Salt Cure\n|-damage|p2b: Chi-Yu|57\/100|[from] Salt Cure\n|upkeep\n|turn|9\n|\n|t:|1683431911\n|move|p1b: Bronzong|Gyro Ball|p2a: Amoonguss\n|-damage|p2a: Amoonguss|43\/100\n|move|p1a: Garganacl|Recover|p1a: Garganacl\n|-heal|p1a: Garganacl|73\/100\n|move|p2a: Amoonguss|Pollen Puff|p2b: Chi-Yu\n|-heal|p2b: Chi-Yu|100\/100\n|move|p2b: Chi-Yu|Dark Pulse|p1b: Bronzong\n|-damage|p1b: Bronzong|40\/100\n|\n|-heal|p1a: Garganacl|79\/100|[from] item: Leftovers\n|-heal|p2a: Amoonguss|49\/100|[from] item: Leftovers\n|-damage|p2a: Amoonguss|37\/100|[from] Salt Cure\n|-damage|p2b: Chi-Yu|88\/100|[from] Salt Cure\n|upkeep\n|turn|10\n|\n|t:|1683431924\n|move|p1b: Bronzong|Gyro Ball|p2a: Amoonguss\n|-damage|p2a: Amoonguss|27\/100\n|move|p1a: Garganacl|Salt Cure|p2b: Chi-Yu\n|-supereffective|p2b: Chi-Yu\n|-damage|p2b: Chi-Yu|40\/100\n|move|p2a: Amoonguss|Pollen Puff|p1b: Bronzong\n|-damage|p1b: Bronzong|22\/100\n|move|p2b: Chi-Yu|Dark Pulse|p1b: Bronzong\n|-damage|p1b: Bronzong|0 fnt\n|faint|p1b: Bronzong\n|\n|-heal|p1a: Garganacl|84\/100|[from] item: Leftovers\n|-heal|p2a: Amoonguss|33\/100|[from] item: Leftovers\n|-damage|p2a: Amoonguss|21\/100|[from] Salt Cure\n|-damage|p2b: Chi-Yu|28\/100|[from] Salt Cure\n|-fieldend|move: Trick Room\n|upkeep\n|turn|11\n|\n|t:|1683431939\n|move|p2b: Chi-Yu|Dark Pulse|p1a: Garganacl\n|-damage|p1a: Garganacl|42\/100\n|move|p2a: Amoonguss|Pollen Puff|p2b: Chi-Yu\n|-heal|p2b: Chi-Yu|78\/100\n|move|p1a: Garganacl|Recover|p1a: Garganacl\n|-heal|p1a: Garganacl|92\/100\n|\n|-heal|p2a: Amoonguss|27\/100|[from] item: Leftovers\n|-heal|p1a: Garganacl|98\/100|[from] item: Leftovers\n|-damage|p2b: Chi-Yu|66\/100|[from] Salt Cure\n|-damage|p2a: Amoonguss|15\/100|[from] Salt Cure\n|upkeep\n|turn|12\n|\n|t:|1683431952\n|-terastallize|p2b: Chi-Yu|Ghost\n|move|p1a: Garganacl|Protect|p1a: Garganacl\n|-singleturn|p1a: Garganacl|Protect\n|move|p2b: Chi-Yu|Dark Pulse|p1a: Garganacl\n|-activate|p1a: Garganacl|move: Protect\n|move|p2a: Amoonguss|Pollen Puff|p2b: Chi-Yu\n|-heal|p2b: Chi-Yu|100\/100\n|\n|-heal|p2a: Amoonguss|20\/100|[from] item: Leftovers\n|-heal|p1a: Garganacl|100\/100|[from] item: Leftovers\n|-damage|p2b: Chi-Yu|88\/100|[from] Salt Cure\n|-damage|p2a: Amoonguss|8\/100|[from] Salt Cure\n|upkeep\n|turn|13\n|\n|t:|1683431960\n|move|p2b: Chi-Yu|Dark Pulse|p1a: Garganacl\n|-damage|p1a: Garganacl|58\/100\n|move|p2a: Amoonguss|Pollen Puff|p2b: Chi-Yu\n|-heal|p2b: Chi-Yu|100\/100\n|move|p1a: Garganacl|Recover|p1a: Garganacl\n|-heal|p1a: Garganacl|100\/100\n|\n|-heal|p2a: Amoonguss|14\/100|[from] item: Leftovers\n|-damage|p2b: Chi-Yu|88\/100|[from] Salt Cure\n|-damage|p2a: Amoonguss|2\/100|[from] Salt Cure\n|upkeep\n|turn|14\n|\n|t:|1683431973\n|move|p1a: Garganacl|Protect|p1a: Garganacl\n|-singleturn|p1a: Garganacl|Protect\n|move|p2b: Chi-Yu|Dark Pulse|p1a: Garganacl\n|-activate|p1a: Garganacl|move: Protect\n|move|p2a: Amoonguss|Pollen Puff|p1a: Garganacl\n|-activate|p1a: Garganacl|move: Protect\n|\n|-heal|p2a: Amoonguss|8\/100|[from] item: Leftovers\n|-damage|p2b: Chi-Yu|76\/100|[from] Salt Cure\n|-damage|p2a: Amoonguss|0 fnt|[from] Salt Cure\n|faint|p2a: Amoonguss\n|upkeep\n|turn|15\n|\n|t:|1683431979\n|move|p2b: Chi-Yu|Dark Pulse|p1a: Garganacl\n|-damage|p1a: Garganacl|58\/100\n|move|p1a: Garganacl|Recover|p1a: Garganacl\n|-heal|p1a: Garganacl|100\/100\n|\n|-damage|p2b: Chi-Yu|64\/100|[from] Salt Cure\n|upkeep\n|turn|16\n|\n|t:|1683431985\n|move|p1a: Garganacl|Protect|p1a: Garganacl\n|-singleturn|p1a: Garganacl|Protect\n|move|p2b: Chi-Yu|Dark Pulse|p1a: Garganacl\n|-activate|p1a: Garganacl|move: Protect\n|\n|-damage|p2b: Chi-Yu|51\/100|[from] Salt Cure\n|upkeep\n|turn|17\n|\n|t:|1683431990\n|move|p2b: Chi-Yu|Dark Pulse|p1a: Garganacl\n|-damage|p1a: Garganacl|61\/100\n|move|p1a: Garganacl|Recover|p1a: Garganacl\n|-heal|p1a: Garganacl|100\/100\n|\n|-damage|p2b: Chi-Yu|39\/100|[from] Salt Cure\n|upkeep\n|turn|18\n|-message|octaguz28 forfeited.\n|\n|win|Zydroxequil\n|raw|Zydroxequil's rating: 1206 → 1237<\/strong> (+31 for winning)\n|raw|octaguz28's rating: 1295 → 1264<\/strong> (-31 for losing)\n|l|\u2606octaguz28\n","uploadtime":1683432005,"views":12,"p1id":"zydroxequil","p2id":"octaguz28","formatid":"gen9vgc2023regulationc","rating":1237,"private":0,"password":""}