{"id":"gen9vgc2023regulationc-1851569317","p1":"Rayo20","p2":"MasterofMetapods5","format":"[Gen 9] VGC 2023 Regulation C","log":"|j|\u2606Rayo20\n|j|\u2606MasterofMetapods5\n|t:|1682456631\n|gametype|doubles\n|player|p1|Rayo20|101|\n|player|p2|MasterofMetapods5|lance|\n|teamsize|p1|6\n|teamsize|p2|6\n|gen|9\n|tier|[Gen 9] VGC 2023 Regulation C\n|rated|Tournament battle\n|rule|Species Clause: Limit one of each Pok\u00e9mon\n|rule|Item Clause: Limit one of each item\n|clearpoke\n|poke|p1|Flutter Mane, L50|\n|poke|p1|Chi-Yu, L50|\n|poke|p1|Talonflame, L50, M|\n|poke|p1|Great Tusk, L50|\n|poke|p1|Chien-Pao, L50|\n|poke|p1|Amoonguss, L50, F|\n|poke|p2|Arcanine, L50, M|\n|poke|p2|Ting-Lu, L50|\n|poke|p2|Amoonguss, L50, M|\n|poke|p2|Gothitelle, L50, F|\n|poke|p2|Sylveon, L50, F|\n|poke|p2|Palafin, L50, M|\n|teampreview|4\n|raw| Open Team Sheet for Rayo20<\/summary>Flutter Mane @ Booster Energy Ability: Protosynthesis Level: 50 Tera Type: Fairy - Dazzling Gleam - Shadow Ball - Substitute - Protect Chi-Yu @ Life Orb Ability: Beads of Ruin Level: 50 Tera Type: Water - Heat Wave - Dark Pulse - Tera Blast - Protect Talonflame @ Safety Goggles Ability: Gale Wings Level: 50 Tera Type: Flying - Tailwind - Brave Bird - Will-O-Wisp - Taunt Great Tusk @ Assault Vest Ability: Protosynthesis Level: 50 Hidden Power: Fighting Tera Type: Steel - Earthquake - Headlong Rush - Close Combat - Rock Slide Chien-Pao @ Focus Sash Ability: Sword of Ruin Level: 50 Tera Type: Ghost - Ice Spinner - Haze - Sucker Punch - Protect WoChien (Amoonguss) @ Sitrus Berry Ability: Regenerator Level: 50 Tera Type: Water - Spore - Rage Powder - Pollen Puff - Protect <\/details><\/div> Open Team Sheet for MasterofMetapods5<\/summary>Arcanine (M) @ Safety Goggles Ability: Intimidate Level: 50 Tera Type: Normal - Protect - Flare Blitz - Extreme Speed - Will-O-Wisp Ting-Lu @ Assault Vest Ability: Vessel of Ruin Level: 50 Tera Type: Fairy - Stomping Tantrum - Payback - Ruination - Snarl Amoonguss (M) @ Rocky Helmet Ability: Regenerator Level: 50 Tera Type: Dark - Spore - Rage Powder - Foul Play - Pollen Puff Gothitelle (F) @ Sitrus Berry Ability: Shadow Tag Level: 50 Tera Type: Steel - Fake Out - Psychic - Taunt - Trick Room Sylveon (F) @ Throat Spray Ability: Pixilate Level: 50 Tera Type: Fire - Hyper Voice - Detect - Yawn - Tera Blast Palafin (M) @ Mystic Water Ability: Zero to Hero Level: 50 Tera Type: Water - Jet Punch - Wave Crash - Protect - Haze <\/details><\/div>\n|c|\u2606MasterofMetapods5|glhf\n|c|\u2606Rayo20|glhf\n|j| Wheeel\n|j| sadgirl23\n|\n|t:|1682456742\n|start\n|switch|p1a: Chi-Yu|Chi-Yu, L50|100\/100\n|switch|p1b: Great Tusk|Great Tusk, L50|100\/100\n|switch|p2a: Palafin|Palafin, L50, M|100\/100\n|switch|p2b: Arcanine|Arcanine, L50, M|100\/100\n|-ability|p2b: Arcanine|Intimidate|boost\n|-unboost|p1a: Chi-Yu|atk|1\n|-unboost|p1b: Great Tusk|atk|1\n|-ability|p1a: Chi-Yu|Beads of Ruin\n|turn|1\n|\n|t:|1682456764\n|-end|p1b: Great Tusk|Protosynthesis|[silent]\n|switch|p1b: WoChien|Amoonguss, L50, F|100\/100\n|detailschange|p2a: Palafin|Palafin-Hero, L50, M\n|switch|p2a: Ting-Lu|Ting-Lu, L50|100\/100\n|-ability|p2a: Ting-Lu|Vessel of Ruin\n|-terastallize|p1a: Chi-Yu|Water\n|move|p2b: Arcanine|Will-O-Wisp|p1b: WoChien\n|-status|p1b: WoChien|brn\n|move|p1a: Chi-Yu|Tera Blast|p2b: Arcanine\n|-supereffective|p2b: Arcanine\n|-damage|p2b: Arcanine|0 fnt\n|faint|p2b: Arcanine\n|-damage|p1a: Chi-Yu|91\/100|[from] item: Life Orb\n|\n|-damage|p1b: WoChien|95\/100 brn|[from] brn\n|upkeep\n|\n|t:|1682456770\n|switch|p2b: Sylveon|Sylveon, L50, F|100\/100\n|turn|2\n|j| SlowHomie\n|\n|t:|1682456786\n|move|p2b: Sylveon|Detect|p2b: Sylveon\n|-singleturn|p2b: Sylveon|Protect\n|move|p1b: WoChien|Protect|p1b: WoChien\n|-singleturn|p1b: WoChien|Protect\n|move|p1a: Chi-Yu|Heat Wave|p2a: Ting-Lu|[spread] \n|-activate|p2b: Sylveon|move: Protect\n|-miss|p1a: Chi-Yu|p2a: Ting-Lu\n|move|p2a: Ting-Lu|Snarl|p1a: Chi-Yu|[spread] p1a\n|-activate|p1b: WoChien|move: Protect\n|-damage|p1a: Chi-Yu|81\/100\n|-unboost|p1a: Chi-Yu|spa|1\n|\n|-damage|p1b: WoChien|89\/100 brn|[from] brn\n|upkeep\n|turn|3\n|\n|t:|1682456811\n|switch|p1a: Great Tusk|Great Tusk, L50|100\/100\n|move|p2b: Sylveon|Hyper Voice|p1a: Great Tusk|[spread] p1a,p1b\n|-supereffective|p1a: Great Tusk\n|-resisted|p1b: WoChien\n|-damage|p1a: Great Tusk|43\/100\n|-damage|p1b: WoChien|77\/100 brn\n|-enditem|p2b: Sylveon|Throat Spray\n|-boost|p2b: Sylveon|spa|1|[from] item: Throat Spray\n|move|p2a: Ting-Lu|Ruination|p1b: WoChien\n|-damage|p1b: WoChien|39\/100 brn\n|-enditem|p1b: WoChien|Sitrus Berry|[eat]\n|-heal|p1b: WoChien|64\/100 brn|[from] item: Sitrus Berry\n|move|p1b: WoChien|Spore|p2b: Sylveon\n|-status|p2b: Sylveon|slp|[from] move: Spore\n|\n|-damage|p1b: WoChien|58\/100 brn|[from] brn\n|upkeep\n|turn|4\n|\n|t:|1682456820\n|move|p1a: Great Tusk|Close Combat|p2a: Ting-Lu\n|-supereffective|p2a: Ting-Lu\n|-damage|p2a: Ting-Lu|13\/100\n|-unboost|p1a: Great Tusk|def|1\n|-unboost|p1a: Great Tusk|spd|1\n|cant|p2b: Sylveon|slp\n|move|p2a: Ting-Lu|Stomping Tantrum|p1a: Great Tusk\n|-damage|p1a: Great Tusk|2\/100\n|move|p1b: WoChien|Pollen Puff|p1a: Great Tusk\n|-heal|p1a: Great Tusk|52\/100\n|\n|-damage|p1b: WoChien|52\/100 brn|[from] brn\n|upkeep\n|turn|5\n|\n|t:|1682456836\n|move|p1b: WoChien|Rage Powder|p1b: WoChien\n|-singleturn|p1b: WoChien|move: Rage Powder\n|move|p1a: Great Tusk|Headlong Rush|p2b: Sylveon\n|-damage|p2b: Sylveon|20\/100 slp\n|-unboost|p1a: Great Tusk|def|1\n|-unboost|p1a: Great Tusk|spd|1\n|-curestatus|p2b: Sylveon|slp|[msg]\n|move|p2b: Sylveon|Hyper Voice|p1b: WoChien|[spread] p1a,p1b\n|-supereffective|p1a: Great Tusk\n|-resisted|p1b: WoChien\n|-damage|p1a: Great Tusk|0 fnt\n|-damage|p1b: WoChien|35\/100 brn\n|faint|p1a: Great Tusk\n|-end|p1a: Great Tusk|Protosynthesis|[silent]\n|move|p2a: Ting-Lu|Stomping Tantrum|p1b: WoChien\n|-damage|p1b: WoChien|4\/100 brn\n|\n|-damage|p1b: WoChien|0 fnt|[from] brn\n|faint|p1b: WoChien\n|upkeep\n|\n|t:|1682456840\n|switch|p1a: Chi-Yu|Chi-Yu, L50, tera:Water|81\/100\n|switch|p1b: Flutter Mane|Flutter Mane, L50|100\/100\n|-ability|p1a: Chi-Yu|Beads of Ruin\n|-enditem|p1b: Flutter Mane|Booster Energy\n|-activate|p1b: Flutter Mane|ability: Protosynthesis|[fromitem]\n|-start|p1b: Flutter Mane|protosynthesisspe\n|turn|6\n|\n|t:|1682456845\n|move|p2b: Sylveon|Detect|p2b: Sylveon\n|-singleturn|p2b: Sylveon|Protect\n|move|p1b: Flutter Mane|Substitute|p1b: Flutter Mane\n|-start|p1b: Flutter Mane|Substitute\n|-damage|p1b: Flutter Mane|76\/100\n|move|p1a: Chi-Yu|Heat Wave|p2b: Sylveon|[spread] p2a\n|-activate|p2b: Sylveon|move: Protect\n|-damage|p2a: Ting-Lu|0 fnt\n|faint|p2a: Ting-Lu\n|-damage|p1a: Chi-Yu|71\/100|[from] item: Life Orb\n|\n|upkeep\n|\n|t:|1682456849\n|switch|p2a: Palafin|Palafin-Hero, L50, M|100\/100\n|-activate|p2a: Palafin|ability: Zero to Hero\n|turn|7\n|\n|t:|1682456854\n|-terastallize|p2a: Palafin|Water\n|move|p1b: Flutter Mane|Dazzling Gleam|p2b: Sylveon|[spread] p2a,p2b\n|-damage|p2a: Palafin|56\/100\n|-damage|p2b: Sylveon|0 fnt\n|faint|p2b: Sylveon\n|move|p1a: Chi-Yu|Dark Pulse|p2a: Palafin\n|-damage|p2a: Palafin|0 fnt\n|faint|p2a: Palafin\n|-damage|p1a: Chi-Yu|61\/100|[from] item: Life Orb\n|\n|win|Rayo20\n|n|\u2606Rayo20|rayo20\n|n|\u2606MasterofMetapods5|masterofmetapods5\n|n| Wheeel|wheeel\n|n| sadgirl23|sadgirl23\n|n| SlowHomie|slowhomie\n","uploadtime":1682456855,"views":12,"p1id":"rayo20","p2id":"masterofmetapods5","formatid":"gen9vgc2023regulationc","rating":0,"private":0,"password":""}