{"id":"gen9vgc2023regulationc-1845328637","p1":"ShokkyChoiceBandz","p2":"Clockwurk","format":"[Gen 9] VGC 2023 Regulation C","log":"|j|\u2606ShokkyChoiceBandz\n|j|\u2606Clockwurk\n|t:|1681715801\n|gametype|doubles\n|player|p1|ShokkyChoiceBandz|iris-gen5bw2|1191\n|player|p2|Clockwurk|170|1115\n|teamsize|p1|6\n|teamsize|p2|6\n|gen|9\n|tier|[Gen 9] VGC 2023 Regulation C\n|rated|\n|rule|Species Clause: Limit one of each Pok\u00e9mon\n|rule|Item Clause: Limit one of each item\n|clearpoke\n|poke|p1|Sandy Shocks, L50|\n|poke|p1|Flutter Mane, L50|\n|poke|p1|Arcanine, L50, M|\n|poke|p1|Gyarados, L50, F|\n|poke|p1|Wo-Chien, L50|\n|poke|p1|Dragapult, L50, M|\n|poke|p2|Abomasnow, L50, F|\n|poke|p2|Baxcalibur, L50, F|\n|poke|p2|Arcanine, L50, F|\n|poke|p2|Flutter Mane, L50|\n|poke|p2|Chien-Pao, L50|\n|poke|p2|Gyarados, L50, F|\n|teampreview|4\n|inactive|Battle timer is ON: inactive players will automatically lose when time's up. (requested by Clockwurk)\nShokkyChoiceBandz rejected open team sheets.\n|\n|t:|1681715833\n|start\n|switch|p1a: Flutter Mane|Flutter Mane, L50|100\/100\n|switch|p1b: Arcanine|Arcanine, L50, M|100\/100\n|switch|p2a: Chien-Pao|Chien-Pao, L50|100\/100\n|switch|p2b: Flutter Mane|Flutter Mane, L50|100\/100\n|-ability|p2a: Chien-Pao|Sword of Ruin\n|-ability|p1b: Arcanine|Intimidate|boost\n|-unboost|p2a: Chien-Pao|atk|1\n|-unboost|p2b: Flutter Mane|atk|1\n|-enditem|p2b: Flutter Mane|Booster Energy\n|-activate|p2b: Flutter Mane|ability: Protosynthesis|[fromitem]\n|-start|p2b: Flutter Mane|protosynthesisspe\n|turn|1\n|inactive|ShokkyChoiceBandz has 30 seconds left.\n|inactive|Clockwurk has 30 seconds left.\n|\n|t:|1681715860\n|-end|p1a: Flutter Mane|Protosynthesis|[silent]\n|switch|p1a: Gyarados|Gyarados, L50, F|100\/100\n|-ability|p1a: Gyarados|Intimidate|boost\n|-unboost|p2a: Chien-Pao|atk|1\n|-unboost|p2b: Flutter Mane|atk|1\n|move|p2b: Flutter Mane|Shadow Ball|p1b: Arcanine\n|-damage|p1b: Arcanine|51\/100\n|move|p2a: Chien-Pao|Ice Spinner|p1a: Gyarados\n|-damage|p1a: Gyarados|75\/100\n|move|p1b: Arcanine|Flare Blitz|p2a: Chien-Pao\n|-supereffective|p2a: Chien-Pao\n|-enditem|p2a: Chien-Pao|Focus Sash\n|-damage|p2a: Chien-Pao|1\/100\n|-damage|p1b: Arcanine|25\/100|[from] Recoil\n|-enditem|p1b: Arcanine|Sitrus Berry|[eat]\n|-heal|p1b: Arcanine|50\/100|[from] item: Sitrus Berry\n|\n|upkeep\n|turn|2\n|\n|t:|1681715881\n|move|p1b: Arcanine|Protect|p1b: Arcanine\n|-singleturn|p1b: Arcanine|Protect\n|move|p1a: Gyarados|Protect|p1a: Gyarados\n|-singleturn|p1a: Gyarados|Protect\n|move|p2b: Flutter Mane|Shadow Ball|p1b: Arcanine\n|-activate|p1b: Arcanine|move: Protect\n|move|p2a: Chien-Pao|Ice Spinner|p1a: Gyarados\n|-activate|p1a: Gyarados|move: Protect\n|\n|upkeep\n|turn|3\n|\n|t:|1681715895\n|move|p1b: Arcanine|Extreme Speed|p2a: Chien-Pao\n|-damage|p2a: Chien-Pao|0 fnt\n|faint|p2a: Chien-Pao\n|move|p2b: Flutter Mane|Shadow Ball|p1b: Arcanine\n|-damage|p1b: Arcanine|2\/100\n|move|p1a: Gyarados|Thunder Wave|p2b: Flutter Mane|[miss]\n|-miss|p1a: Gyarados|p2b: Flutter Mane\n|\n|upkeep\n|\n|t:|1681715905\n|switch|p2a: Baxcalibur|Baxcalibur, L50, F|100\/100\n|turn|4\n|\n|t:|1681715919\n|switch|p1b: Wo-Chien|Wo-Chien, L50|100\/100\n|-ability|p1b: Wo-Chien|Tablets of Ruin\n|move|p2a: Baxcalibur|Ice Shard|p1b: Wo-Chien\n|-supereffective|p1b: Wo-Chien\n|-damage|p1b: Wo-Chien|68\/100\n|move|p2b: Flutter Mane|Substitute|p2b: Flutter Mane\n|-start|p2b: Flutter Mane|Substitute\n|-damage|p2b: Flutter Mane|76\/100\n|move|p1a: Gyarados|Thunder Wave||[still]\n|-fail|p1a: Gyarados\n|\n|upkeep\n|turn|5\n|\n|t:|1681715943\n|switch|p1a: Arcanine|Arcanine, L50, M|2\/100\n|-ability|p1a: Arcanine|Intimidate|boost\n|-fail|p2a: Baxcalibur|unboost|[from] item: Clear Amulet|[of] p2a: Baxcalibur\n|-immune|p2b: Flutter Mane\n|move|p2b: Flutter Mane|Moonblast|p1b: Wo-Chien\n|-supereffective|p1b: Wo-Chien\n|-damage|p1b: Wo-Chien|22\/100\n|move|p2a: Baxcalibur|Dragon Dance|p2a: Baxcalibur\n|-boost|p2a: Baxcalibur|atk|1\n|-boost|p2a: Baxcalibur|spe|1\n|move|p1b: Wo-Chien|Snarl|p2b: Flutter Mane|[spread] p2b\n|-miss|p1b: Wo-Chien|p2a: Baxcalibur\n|-damage|p2b: Flutter Mane|59\/100\n|-unboost|p2b: Flutter Mane|spa|1\n|\n|upkeep\n|turn|6\n|\n|t:|1681715963\n|move|p2a: Baxcalibur|Ice Shard|p1a: Arcanine\n|-resisted|p1a: Arcanine\n|-damage|p1a: Arcanine|0 fnt\n|faint|p1a: Arcanine\n|move|p2b: Flutter Mane|Shadow Ball|p1b: Wo-Chien\n|-resisted|p1b: Wo-Chien\n|-damage|p1b: Wo-Chien|16\/100\n|move|p1b: Wo-Chien|Snarl|p2a: Baxcalibur|[spread] p2a,p2b\n|-damage|p2a: Baxcalibur|81\/100\n|-damage|p2b: Flutter Mane|40\/100\n|-unboost|p2b: Flutter Mane|spa|1\n|\n|upkeep\n|\n|t:|1681715969\n|switch|p1a: Flutter Mane|Flutter Mane, L50|100\/100\n|turn|7\n|\n|t:|1681715985\n|-terastallize|p1a: Flutter Mane|Normal\n|move|p2a: Baxcalibur|Ice Shard|p1a: Flutter Mane\n|-damage|p1a: Flutter Mane|64\/100\n|move|p2b: Flutter Mane|Shadow Ball|p1a: Flutter Mane\n|-immune|p1a: Flutter Mane\n|move|p1a: Flutter Mane|Dazzling Gleam|p2a: Baxcalibur|[spread] p2a,p2b\n|-end|p2b: Flutter Mane|Substitute\n|-supereffective|p2a: Baxcalibur\n|-damage|p2a: Baxcalibur|12\/100\n|move|p1b: Wo-Chien|Snarl|p2a: Baxcalibur|[spread] p2a,p2b\n|-damage|p2a: Baxcalibur|0 fnt\n|-damage|p2b: Flutter Mane|20\/100\n|-unboost|p2b: Flutter Mane|spa|1\n|faint|p2a: Baxcalibur\n|\n|upkeep\n|\n|t:|1681715991\n|switch|p2a: Gyarados|Gyarados, L50, F|100\/100\n|-ability|p2a: Gyarados|Intimidate|boost\n|-unboost|p1a: Flutter Mane|atk|1\n|-unboost|p1b: Wo-Chien|atk|1\n|turn|8\n|\n|t:|1681716011\n|-terastallize|p2a: Gyarados|Flying\n|move|p1a: Flutter Mane|Protect|p1a: Flutter Mane\n|-singleturn|p1a: Flutter Mane|Protect\n|move|p2b: Flutter Mane|Moonblast|p1b: Wo-Chien\n|-supereffective|p1b: Wo-Chien\n|-damage|p1b: Wo-Chien|0 fnt\n|faint|p1b: Wo-Chien\n|move|p2a: Gyarados|Tera Blast|p1a: Flutter Mane\n|-activate|p1a: Flutter Mane|move: Protect\n|\n|upkeep\n|\n|t:|1681716014\n|switch|p1b: Gyarados|Gyarados, L50, F|75\/100\n|-ability|p1b: Gyarados|Intimidate|boost\n|-unboost|p2a: Gyarados|atk|1\n|-unboost|p2b: Flutter Mane|atk|1\n|turn|9\n|\n|t:|1681716036\n|move|p2b: Flutter Mane|Moonblast|p1b: Gyarados\n|-damage|p1b: Gyarados|57\/100\n|-unboost|p1b: Gyarados|spa|1\n|move|p1a: Flutter Mane|Hyper Voice|p2a: Gyarados|[spread] p2a\n|-immune|p2b: Flutter Mane\n|-damage|p2a: Gyarados|73\/100\n|-enditem|p1a: Flutter Mane|Throat Spray\n|-boost|p1a: Flutter Mane|spa|1|[from] item: Throat Spray\n|move|p2a: Gyarados|Tera Blast|p1b: Gyarados\n|-damage|p1b: Gyarados|22\/100\n|-enditem|p1b: Gyarados|Figy Berry|[eat]\n|-heal|p1b: Gyarados|55\/100|[from] item: Figy Berry\n|move|p1b: Gyarados|Waterfall|p2a: Gyarados\n|-damage|p2a: Gyarados|36\/100\n|\n|-heal|p2a: Gyarados|42\/100|[from] item: Leftovers\n|upkeep\n|turn|10\n|\n|t:|1681716056\n|move|p2b: Flutter Mane|Moonblast|p1a: Flutter Mane\n|-damage|p1a: Flutter Mane|44\/100\n|move|p1a: Flutter Mane|Dazzling Gleam|p2b: Flutter Mane|[spread] p2a,p2b\n|-damage|p2a: Gyarados|7\/100\n|-damage|p2b: Flutter Mane|0 fnt\n|faint|p2b: Flutter Mane\n|-end|p2b: Flutter Mane|Protosynthesis|[silent]\n|move|p2a: Gyarados|Tera Blast|p1a: Flutter Mane\n|-damage|p1a: Flutter Mane|5\/100\n|move|p1b: Gyarados|Waterfall|p2a: Gyarados\n|-damage|p2a: Gyarados|0 fnt\n|faint|p2a: Gyarados\n|\n|win|ShokkyChoiceBandz\n|raw|ShokkyChoiceBandz's rating: 1191 → 1211<\/strong> (+20 for winning)\n|raw|Clockwurk's rating: 1115 → 1095<\/strong> (-20 for losing)\n|l|\u2606Clockwurk\n","uploadtime":1681716066,"views":14,"p1id":"shokkychoicebandz","p2id":"clockwurk","formatid":"gen9vgc2023regulationc","rating":1095,"private":0,"password":""}