{"id":"gen9vgc2023regulationc-1848327622","p1":"Vilchez117","p2":"doom build","format":"[Gen 9] VGC 2023 Regulation C","log":"|j|\u2606Vilchez117\n|j|\u2606doom build\n|t:|1682061198\n|gametype|doubles\n|player|p1|Vilchez117|2|1320\n|player|p2|doom build|dawn|1356\n|teamsize|p1|6\n|teamsize|p2|6\n|gen|9\n|tier|[Gen 9] VGC 2023 Regulation C\n|rated|\n|rule|Species Clause: Limit one of each Pok\u00e9mon\n|rule|Item Clause: Limit one of each item\n|clearpoke\n|poke|p1|Houndstone, L50, M|\n|poke|p1|Tyranitar, L50, M|\n|poke|p1|Maushold-Four, L50|\n|poke|p1|Sylveon, L50, F|\n|poke|p1|Tauros-Paldea-Blaze, L50, M|\n|poke|p1|Stonjourner, L50, M|\n|poke|p2|Arcanine, L50, M|\n|poke|p2|Dragonite, L50, M|\n|poke|p2|Ting-Lu, L50|\n|poke|p2|Amoonguss, L50, M|\n|poke|p2|Chien-Pao, L50|\n|poke|p2|Palafin, L50, M|\n|teampreview|4\n|inactive|Battle timer is ON: inactive players will automatically lose when time's up. (requested by doom build)\ndoom build has agreed to open team sheets.\nVilchez117 rejected open team sheets.\n|inactive|doom build has 60 seconds left.\n|\n|t:|1682061246\n|start\n|switch|p1a: Maushold|Maushold-Four, L50|100\/100\n|switch|p1b: Tauros|Tauros-Paldea-Blaze, L50, M|100\/100\n|switch|p2a: Palafin|Palafin, L50, M|100\/100\n|switch|p2b: Dragonite|Dragonite, L50, M, shiny|100\/100\n|-ability|p1b: Tauros|Intimidate|boost\n|-unboost|p2a: Palafin|atk|1\n|-fail|p2b: Dragonite|unboost|Attack|[from] ability: Inner Focus|[of] p2b: Dragonite\n|turn|1\n|\n|t:|1682061263\n|detailschange|p2a: Palafin|Palafin-Hero, L50, M\n|switch|p2a: Arcanine|Arcanine, L50, M|100\/100\n|-ability|p2a: Arcanine|Intimidate|boost\n|-unboost|p1a: Maushold|atk|1\n|-unboost|p1b: Tauros|atk|1\n|move|p1b: Tauros|Protect|p1b: Tauros\n|-singleturn|p1b: Tauros|Protect\n|move|p1a: Maushold|Super Fang|p2b: Dragonite\n|-damage|p2b: Dragonite|51\/100\n|move|p2b: Dragonite|Outrage|p1a: Maushold\n|-damage|p1a: Maushold|0 fnt\n|faint|p1a: Maushold\n|\n|upkeep\n|\n|t:|1682061276\n|switch|p1a: Tyranitar|Tyranitar, L50, M|100\/100\n|-weather|Sandstorm|[from] ability: Sand Stream|[of] p1a: Tyranitar\n|turn|2\n|\n|t:|1682061291\n|-terastallize|p1a: Tyranitar|Rock\n|move|p1b: Tauros|Close Combat|p2a: Arcanine\n|-damage|p2a: Arcanine|56\/100\n|-unboost|p1b: Tauros|def|1\n|-unboost|p1b: Tauros|spd|1\n|move|p2a: Arcanine|Will-O-Wisp|p1a: Tyranitar\n|-status|p1a: Tyranitar|brn\n|move|p2b: Dragonite|Outrage|p1b: Tauros|[from]lockedmove\n|-damage|p1b: Tauros|0 fnt\n|faint|p1b: Tauros\n|-start|p2b: Dragonite|confusion|[fatigue]\n|move|p1a: Tyranitar|Rock Slide|p2b: Dragonite|[spread] p2a,p2b\n|-supereffective|p2a: Arcanine\n|-supereffective|p2b: Dragonite\n|-damage|p2a: Arcanine|10\/100\n|-damage|p2b: Dragonite|7\/100\n|\n|-weather|Sandstorm|[upkeep]\n|-damage|p2b: Dragonite|2\/100|[from] Sandstorm\n|-damage|p1a: Tyranitar|95\/100 brn|[from] brn\n|upkeep\n|\n|t:|1682061310\n|switch|p1b: Stonjourner|Stonjourner, L50, M|100\/100\n|turn|3\n|\n|t:|1682061317\n|move|p1b: Stonjourner|Protect|p1b: Stonjourner\n|-singleturn|p1b: Stonjourner|Protect\n|move|p2a: Arcanine|Will-O-Wisp|p1b: Stonjourner\n|-activate|p1b: Stonjourner|move: Protect\n|-activate|p2b: Dragonite|confusion\n|move|p2b: Dragonite|Outrage|p1b: Stonjourner\n|-activate|p1b: Stonjourner|move: Protect\n|move|p1a: Tyranitar|Rock Slide|p2b: Dragonite|[spread] p2a,p2b\n|-supereffective|p2a: Arcanine\n|-supereffective|p2b: Dragonite\n|-damage|p2a: Arcanine|0 fnt\n|-damage|p2b: Dragonite|0 fnt\n|faint|p2a: Arcanine\n|faint|p2b: Dragonite\n|\n|-weather|Sandstorm|[upkeep]\n|-damage|p1a: Tyranitar|89\/100 brn|[from] brn\n|upkeep\n|\n|t:|1682061323\n|switch|p2a: Amoonguss|Amoonguss, L50, M, shiny|100\/100\n|switch|p2b: Palafin|Palafin-Hero, L50, M|100\/100\n|-activate|p2b: Palafin|ability: Zero to Hero\n|turn|4\n|c|\u2606doom build|gg\n|\n|t:|1682061343\n|-terastallize|p2b: Palafin|Water\n|move|p2b: Palafin|Wave Crash|p1b: Stonjourner\n|-supereffective|p1b: Stonjourner\n|-enditem|p1b: Stonjourner|Focus Sash\n|-damage|p1b: Stonjourner|1\/100\n|-damage|p2b: Palafin|72\/100|[from] Recoil\n|move|p1b: Stonjourner|Rock Slide|p2b: Palafin|[spread] p2a\n|-miss|p1b: Stonjourner|p2b: Palafin\n|-damage|p2a: Amoonguss|77\/100\n|move|p1a: Tyranitar|Assurance|p2b: Palafin\n|-damage|p2b: Palafin|30\/100\n|move|p2a: Amoonguss|Pollen Puff|p2b: Palafin\n|-heal|p2b: Palafin|80\/100\n|\n|-weather|Sandstorm|[upkeep]\n|-damage|p2b: Palafin|74\/100|[from] Sandstorm\n|-damage|p2a: Amoonguss|72\/100|[from] Sandstorm\n|-damage|p1a: Tyranitar|83\/100 brn|[from] brn\n|upkeep\n|turn|5\n|\n|t:|1682061363\n|move|p2b: Palafin|Wave Crash|p1a: Tyranitar\n|-supereffective|p1a: Tyranitar\n|-damage|p1a: Tyranitar|0 fnt\n|faint|p1a: Tyranitar\n|-damage|p2b: Palafin|46\/100|[from] Recoil\n|move|p1b: Stonjourner|Rock Slide|p2b: Palafin|[spread] p2a,p2b\n|-crit|p2b: Palafin\n|-damage|p2a: Amoonguss|47\/100\n|-damage|p2b: Palafin|0 fnt\n|-enditem|p2a: Amoonguss|Sitrus Berry|[eat]\n|-heal|p2a: Amoonguss|72\/100|[from] item: Sitrus Berry\n|faint|p2b: Palafin\n|move|p2a: Amoonguss|Pollen Puff|p2: Palafin|[notarget]\n|-fail|p2a: Amoonguss\n|\n|-weather|Sandstorm|[upkeep]\n|-damage|p2a: Amoonguss|66\/100|[from] Sandstorm\n|upkeep\n|turn|6\n|\n|t:|1682061380\n|move|p1b: Stonjourner|Rock Slide|p2a: Amoonguss\n|-damage|p2a: Amoonguss|33\/100\n|move|p2a: Amoonguss|Pollen Puff|p1b: Stonjourner\n|-damage|p1b: Stonjourner|0 fnt\n|faint|p1b: Stonjourner\n|\n|win|doom build\n|raw|Vilchez117's rating: 1320 → 1302<\/strong> (-18 for losing)\n|raw|doom build's rating: 1356 → 1374<\/strong> (+18 for winning)\n|l|\u2606Vilchez117\n","uploadtime":1682061392,"views":9,"p1id":"vilchez117","p2id":"doombuild","formatid":"gen9vgc2023regulationc","rating":1302,"private":0,"password":""}