{"id":"gen9vgc2023regulationc-1862293276","p1":"Incenedorus","p2":"vivixification","format":"[Gen 9] VGC 2023 Regulation C","log":"|j|\u2606Incenedorus\n|j|\u2606vivixification\n|t:|1683860876\n|gametype|doubles\n|player|p1|Incenedorus|wattson|1318\n|player|p2|vivixification|backersf|1392\n|teamsize|p1|6\n|teamsize|p2|6\n|gen|9\n|tier|[Gen 9] VGC 2023 Regulation C\n|rated|\n|rule|Species Clause: Limit one of each Pok\u00e9mon\n|rule|Item Clause: Limit one of each item\n|clearpoke\n|poke|p1|Torkoal, L50, M|\n|poke|p1|Great Tusk, L50|\n|poke|p1|Jumpluff, L50, F|\n|poke|p1|Flutter Mane, L50|\n|poke|p1|Chien-Pao, L50|\n|poke|p1|Gyarados, L50, F|\n|poke|p2|Dondozo, L50, F|\n|poke|p2|Tatsugiri-Stretchy, L50, M|\n|poke|p2|Glimmora, L50, M|\n|poke|p2|Pelipper, L50, F|\n|poke|p2|Scizor, L50, M|\n|poke|p2|Flutter Mane, L50|\n|teampreview|4\n|inactive|Battle timer is ON: inactive players will automatically lose when time's up. (requested by vivixification)\n|inactive|Incenedorus also wants the timer to be on.\nvivixification has agreed to open team sheets.\n|c|\u2606Incenedorus|Hfgl\nIncenedorus has agreed to open team sheets.\n|inactive|Incenedorus has 60 seconds left.\n|\n|t:|1683860934\n|start\n|switch|p1a: Torkoal|Torkoal, L50, M|100\/100\n|switch|p1b: Great Tusk|Great Tusk, L50|100\/100\n|switch|p2a: Glimmora|Glimmora, L50, M|100\/100\n|switch|p2b: Dondozo|Dondozo, L50, F|100\/100\n|-weather|SunnyDay|[from] ability: Drought|[of] p1a: Torkoal\n|-activate|p1b: Great Tusk|ability: Protosynthesis\n|-start|p1b: Great Tusk|protosynthesisatk\n|turn|1\n|\n|t:|1683860945\n|switch|p2b: Pelipper|Pelipper, L50, F|100\/100\n|-weather|RainDance|[from] ability: Drizzle|[of] p2b: Pelipper\n|-end|p1b: Great Tusk|Protosynthesis\n|switch|p1a: Jumpluff|Jumpluff, L50, F|100\/100\n|-terastallize|p2a: Glimmora|Grass\n|move|p1b: Great Tusk|Earthquake|p2b: Pelipper|[spread] p2a\n|-immune|p1a: Jumpluff\n|-immune|p2b: Pelipper\n|-resisted|p2a: Glimmora\n|-damage|p2a: Glimmora|80\/100\n|move|p2a: Glimmora|Mortal Spin|p1a: Jumpluff|[spread] p1a,p1b\n|-supereffective|p1a: Jumpluff\n|-resisted|p1b: Great Tusk\n|-damage|p1a: Jumpluff|91\/100\n|-damage|p1b: Great Tusk|99\/100\n|-status|p1b: Great Tusk|psn\n|\n|-weather|RainDance|[upkeep]\n|-damage|p1b: Great Tusk|87\/100 psn|[from] psn\n|upkeep\n|turn|2\n|inactive|Incenedorus has 30 seconds left.\n|inactive|vivixification has 30 seconds left.\n|\n|t:|1683860974\n|-end|p1b: Great Tusk|Protosynthesis|[silent]\n|switch|p1b: Torkoal|Torkoal, L50, M|100\/100\n|-weather|SunnyDay|[from] ability: Drought|[of] p1b: Torkoal\n|move|p2b: Pelipper|Protect|p2b: Pelipper\n|-singleturn|p2b: Pelipper|Protect\n|move|p1a: Jumpluff|Sleep Powder|p2b: Pelipper\n|-activate|p2b: Pelipper|move: Protect\n|move|p2a: Glimmora|Sludge Bomb|p1a: Jumpluff\n|-supereffective|p1a: Jumpluff\n|-damage|p1a: Jumpluff|8\/100\n|\n|-weather|SunnyDay|[upkeep]\n|upkeep\n|turn|3\n|\n|t:|1683860994\n|move|p2a: Glimmora|Spiky Shield|p2a: Glimmora\n|-singleturn|p2a: Glimmora|move: Protect\n|move|p2b: Pelipper|Quick Attack|p1a: Jumpluff\n|-damage|p1a: Jumpluff|0 fnt\n|faint|p1a: Jumpluff\n|move|p1b: Torkoal|Overheat|p2a: Glimmora\n|-activate|p2a: Glimmora|move: Protect\n|\n|-weather|SunnyDay|[upkeep]\n|upkeep\n|\n|t:|1683861000\n|switch|p1a: Great Tusk|Great Tusk, L50|87\/100 psn\n|-activate|p1a: Great Tusk|ability: Protosynthesis\n|-start|p1a: Great Tusk|protosynthesisatk\n|turn|4\n|\n|t:|1683861025\n|switch|p2a: Tatsugiri|Tatsugiri-Stretchy, L50, M|100\/100\n|move|p1a: Great Tusk|Rock Slide|p2b: Pelipper|[spread] p2a,p2b\n|-supereffective|p2b: Pelipper\n|-damage|p2a: Tatsugiri|49\/100\n|-damage|p2b: Pelipper|35\/100\n|cant|p2b: Pelipper|flinch\n|move|p1b: Torkoal|Overheat|p2a: Tatsugiri\n|-resisted|p2a: Tatsugiri\n|-damage|p2a: Tatsugiri|26\/100\n|-unboost|p1b: Torkoal|spa|2\n|-enditem|p1b: Torkoal|Eject Pack\n|\n|t:|1683861037\n|switch|p1b: Gyarados|Gyarados, L50, F, shiny|100\/100\n|-ability|p1b: Gyarados|Intimidate|boost\n|-unboost|p2a: Tatsugiri|atk|1\n|-unboost|p2b: Pelipper|atk|1\n|\n|-weather|SunnyDay|[upkeep]\n|-damage|p1a: Great Tusk|75\/100 psn|[from] psn\n|upkeep\n|turn|5\n|inactive|vivixification has 30 seconds left.\n|\n|t:|1683861067\n|switch|p2a: Glimmora|Glimmora, L50, M, tera:Grass|80\/100\n|switch|p2b: Dondozo|Dondozo, L50, F|100\/100\n|move|p1a: Great Tusk|Rock Slide|p2b: Dondozo|[spread] p2a,p2b\n|-damage|p2a: Glimmora|52\/100\n|-damage|p2b: Dondozo|81\/100\n|move|p1b: Gyarados|Thunder Wave|p2b: Dondozo|[miss]\n|-miss|p1b: Gyarados|p2b: Dondozo\n|\n|-weather|SunnyDay|[upkeep]\n|-damage|p1a: Great Tusk|63\/100 psn|[from] psn\n|upkeep\n|turn|6\n|inactive|Incenedorus has 30 seconds left.\n|\n|t:|1683861097\n|-terastallize|p1a: Great Tusk|Fire\n|move|p2b: Dondozo|Protect|p2b: Dondozo\n|-singleturn|p2b: Dondozo|Protect\n|move|p1a: Great Tusk|Rock Slide|p2a: Glimmora|[spread] p2a\n|-activate|p2b: Dondozo|move: Protect\n|-damage|p2a: Glimmora|24\/100\n|-enditem|p2a: Glimmora|Sitrus Berry|[eat]\n|-heal|p2a: Glimmora|48\/100|[from] item: Sitrus Berry\n|move|p1b: Gyarados|Thunder Wave|p2a: Glimmora\n|-status|p2a: Glimmora|par\n|move|p2a: Glimmora|Energy Ball|p1a: Great Tusk\n|-resisted|p1a: Great Tusk\n|-damage|p1a: Great Tusk|27\/100 psn\n|\n|-weather|none\n|-end|p1a: Great Tusk|Protosynthesis\n|-damage|p1a: Great Tusk|15\/100 psn|[from] psn\n|upkeep\n|turn|7\n|c|\u2606vivixification|I shoulda checked your teras\n|c|\u2606vivixification|That's pretty nice on tusk\n|inactive|vivixification has 30 seconds left.\n|inactive|vivixification has 20 seconds left.\n|inactive|vivixification has 15 seconds left.\n|inactive|vivixification has 10 seconds left.\n|\n|t:|1683861145\n|-end|p1a: Great Tusk|Protosynthesis|[silent]\n|switch|p1a: Torkoal|Torkoal, L50, M|100\/100\n|-weather|SunnyDay|[from] ability: Drought|[of] p1a: Torkoal\n|move|p2a: Glimmora|Spiky Shield|p2a: Glimmora\n|-singleturn|p2a: Glimmora|move: Protect\n|move|p1b: Gyarados|Thunder Wave|p2b: Dondozo\n|-status|p2b: Dondozo|par\n|move|p2b: Dondozo|Surf|p1b: Gyarados|[spread] p1a,p1b\n|-activate|p2a: Glimmora|move: Protect\n|-supereffective|p1a: Torkoal\n|-resisted|p1b: Gyarados\n|-damage|p1a: Torkoal|69\/100\n|-damage|p1b: Gyarados|94\/100\n|-damage|p2b: Dondozo|71\/100 par|[from] item: Life Orb\n|\n|-weather|SunnyDay|[upkeep]\n|upkeep\n|turn|8\n|\n|t:|1683861169\n|switch|p2b: Pelipper|Pelipper, L50, F|35\/100\n|-weather|RainDance|[from] ability: Drizzle|[of] p2b: Pelipper\n|move|p1b: Gyarados|Tera Blast|p2a: Glimmora\n|-damage|p2a: Glimmora|38\/100 par\n|cant|p2a: Glimmora|par\n|move|p1a: Torkoal|Fissure|p2b: Pelipper\n|-immune|p2b: Pelipper\n|\n|-weather|RainDance|[upkeep]\n|upkeep\n|turn|9\n|\n|t:|1683861186\n|move|p1a: Torkoal|Protect|p1a: Torkoal\n|-singleturn|p1a: Torkoal|Protect\n|move|p2b: Pelipper|Hurricane|p1a: Torkoal\n|-activate|p1a: Torkoal|move: Protect\n|move|p1b: Gyarados|Waterfall|p2a: Glimmora\n|-resisted|p2a: Glimmora\n|-damage|p2a: Glimmora|13\/100 par\n|move|p2a: Glimmora|Mortal Spin|p1a: Torkoal|[spread] p1b\n|-activate|p1a: Torkoal|move: Protect\n|-damage|p1b: Gyarados|90\/100\n|-status|p1b: Gyarados|psn\n|\n|-weather|RainDance|[upkeep]\n|-damage|p1b: Gyarados|77\/100 psn|[from] psn\n|upkeep\n|turn|10\n|\n|t:|1683861212\n|move|p2b: Pelipper|Hurricane|p1a: Torkoal\n|-damage|p1a: Torkoal|16\/100\n|-start|p1a: Torkoal|confusion\n|move|p1b: Gyarados|Waterfall|p2a: Glimmora\n|-resisted|p2a: Glimmora\n|-damage|p2a: Glimmora|0 fnt\n|faint|p2a: Glimmora\n|-activate|p1a: Torkoal|confusion\n|move|p1a: Torkoal|Fissure|p2b: Pelipper\n|-immune|p2b: Pelipper\n|\n|-weather|RainDance|[upkeep]\n|-damage|p1b: Gyarados|65\/100 psn|[from] psn\n|upkeep\n|\n|t:|1683861217\n|switch|p2a: Dondozo|Dondozo, L50, F|71\/100 par\n|turn|11\n|\n|t:|1683861235\n|move|p2a: Dondozo|Protect|p2a: Dondozo\n|-singleturn|p2a: Dondozo|Protect\n|move|p2b: Pelipper|Tailwind|p2b: Pelipper\n|-sidestart|p2: vivixification|move: Tailwind\n|move|p1b: Gyarados|Waterfall|p2b: Pelipper\n|-resisted|p2b: Pelipper\n|-damage|p2b: Pelipper|0 fnt\n|faint|p2b: Pelipper\n|-end|p1a: Torkoal|confusion\n|move|p1a: Torkoal|Fissure|p2a: Dondozo\n|-activate|p2a: Dondozo|move: Protect\n|\n|-weather|RainDance|[upkeep]\n|-damage|p1b: Gyarados|53\/100 psn|[from] psn\n|upkeep\n|inactive|vivixification has 30 seconds left.\n|inactive|vivixification has 20 seconds left.\n|\n|t:|1683861271\n|switch|p2b: Tatsugiri|Tatsugiri-Stretchy, L50, M|26\/100\n|-activate|p2b: Tatsugiri|ability: Commander|[of] p2a: Dondozo\n|-boost|p2a: Dondozo|atk|2\n|-boost|p2a: Dondozo|spa|2\n|-boost|p2a: Dondozo|spe|2\n|-boost|p2a: Dondozo|def|2\n|-boost|p2a: Dondozo|spd|2\n|turn|12\n|\n|t:|1683861286\n|switch|p1a: Great Tusk|Great Tusk, L50, tera:Fire|15\/100 psn\n|move|p2a: Dondozo|Surf|p1b: Gyarados|[spread] p1a,p1b\n|-miss|p2a: Dondozo|p2b: Tatsugiri\n|-supereffective|p1a: Great Tusk\n|-resisted|p1b: Gyarados\n|-damage|p1a: Great Tusk|0 fnt\n|-damage|p1b: Gyarados|21\/100 psn\n|-enditem|p1b: Gyarados|Sitrus Berry|[eat]\n|-heal|p1b: Gyarados|46\/100 psn|[from] item: Sitrus Berry\n|faint|p1a: Great Tusk\n|-end|p1a: Great Tusk|Protosynthesis|[silent]\n|-damage|p2a: Dondozo|61\/100 par|[from] item: Life Orb\n|move|p1b: Gyarados|Waterfall|p2a: Dondozo\n|-resisted|p2a: Dondozo\n|-crit|p2a: Dondozo\n|-damage|p2a: Dondozo|32\/100 par\n|\n|-weather|none\n|-damage|p1b: Gyarados|33\/100 psn|[from] psn\n|upkeep\n|\n|t:|1683861292\n|switch|p1a: Torkoal|Torkoal, L50, M|16\/100\n|-weather|SunnyDay|[from] ability: Drought|[of] p1a: Torkoal\n|turn|13\n|\n|t:|1683861302\n|move|p1a: Torkoal|Helping Hand|p1b: Gyarados\n|-singleturn|p1b: Gyarados|Helping Hand|[of] p1a: Torkoal\n|move|p2a: Dondozo|Surf|p1b: Gyarados|[spread] p1a,p1b\n|-miss|p2a: Dondozo|p2b: Tatsugiri\n|-supereffective|p1a: Torkoal\n|-resisted|p1b: Gyarados\n|-damage|p1a: Torkoal|0 fnt\n|-damage|p1b: Gyarados|24\/100 psn\n|faint|p1a: Torkoal\n|-damage|p2a: Dondozo|23\/100 par|[from] item: Life Orb\n|move|p1b: Gyarados|Waterfall|p2a: Dondozo\n|-resisted|p2a: Dondozo\n|-damage|p2a: Dondozo|18\/100 par\n|\n|-weather|SunnyDay|[upkeep]\n|-damage|p1b: Gyarados|11\/100 psn|[from] psn\n|upkeep\n|turn|14\n|c|\u2606Incenedorus|Gg\n|\n|t:|1683861315\n|cant|p2a: Dondozo|par\n|move|p1b: Gyarados|Waterfall|p2a: Dondozo\n|-resisted|p2a: Dondozo\n|-damage|p2a: Dondozo|15\/100 par\n|\n|-weather|SunnyDay|[upkeep]\n|-damage|p1b: Gyarados|0 fnt|[from] psn\n|faint|p1b: Gyarados\n|\n|win|vivixification\n|upkeep\n|raw|Incenedorus's rating: 1318 → 1302<\/strong> (-16 for losing)\n|raw|vivixification's rating: 1392 → 1408<\/strong> (+16 for winning)\n|l|\u2606Incenedorus\n","uploadtime":1683861326,"views":22,"p1id":"incenedorus","p2id":"vivixification","formatid":"gen9vgc2023regulationc","rating":1302,"private":0,"password":""}