{"id":"gen9vgc2023regulationc-1856862178","p1":"Schwbrett","p2":"Jscoot12","format":"[Gen 9] VGC 2023 Regulation C","log":"|j|\u2606Schwbrett\n|j|\u2606Jscoot12\n|t:|1683120465\n|gametype|doubles\n|player|p1|Schwbrett|169|1440\n|player|p2|Jscoot12|169|1343\n|teamsize|p1|6\n|teamsize|p2|6\n|gen|9\n|tier|[Gen 9] VGC 2023 Regulation C\n|rated|\n|rule|Species Clause: Limit one of each Pok\u00e9mon\n|rule|Item Clause: Limit one of each item\n|clearpoke\n|poke|p1|Dragonite, L50, F|\n|poke|p1|Heracross, L50, M|\n|poke|p1|Talonflame, L50, M|\n|poke|p1|Great Tusk, L50|\n|poke|p1|Flutter Mane, L50|\n|poke|p1|Amoonguss, L50, F|\n|poke|p2|Orthworm, L50, F|\n|poke|p2|Dragonite, L50, M|\n|poke|p2|Flutter Mane, L50|\n|poke|p2|Chi-Yu, L50|\n|poke|p2|Baxcalibur, L50, M|\n|poke|p2|Gyarados, L50, F|\n|teampreview|4\nJscoot12 has agreed to open team sheets.\n|\n|t:|1683120539\n|start\n|switch|p1a: Talonflame|Talonflame, L50, M|100\/100\n|switch|p1b: Great Tusk|Great Tusk, L50|100\/100\n|switch|p2a: Dragonite|Dragonite, L50, M|100\/100\n|switch|p2b: Gyarados|Gyarados, L50, F|100\/100\n|-ability|p2b: Gyarados|Intimidate|boost\n|-unboost|p1a: Talonflame|atk|1\n|-unboost|p1b: Great Tusk|atk|1\n|turn|1\n|\n|t:|1683120595\n|move|p2a: Dragonite|Extreme Speed|p1a: Talonflame\n|-damage|p1a: Talonflame|55\/100\n|move|p1a: Talonflame|Tailwind|p1a: Talonflame\n|-sidestart|p1: Schwbrett|move: Tailwind\n|move|p1b: Great Tusk|Rock Slide|p2b: Gyarados|[spread] p2b\n|-miss|p1b: Great Tusk|p2a: Dragonite\n|-supereffective|p2b: Gyarados\n|-damage|p2b: Gyarados|57\/100\n|move|p2b: Gyarados|Waterfall|p1a: Talonflame\n|-supereffective|p1a: Talonflame\n|-damage|p1a: Talonflame|0 fnt\n|faint|p1a: Talonflame\n|\n|upkeep\n|\n|t:|1683120607\n|switch|p1a: Mimi|Flutter Mane, L50|100\/100\n|-enditem|p1a: Mimi|Booster Energy\n|-activate|p1a: Mimi|ability: Protosynthesis|[fromitem]\n|-start|p1a: Mimi|protosynthesisspa\n|turn|2\n|\n|t:|1683120628\n|-terastallize|p1a: Mimi|Fairy\n|-terastallize|p2a: Dragonite|Normal\n|move|p2a: Dragonite|Extreme Speed|p1b: Great Tusk\n|-damage|p1b: Great Tusk|67\/100\n|move|p1a: Mimi|Dazzling Gleam|p2b: Gyarados|[spread] p2a,p2b\n|-damage|p2a: Dragonite|75\/100\n|-damage|p2b: Gyarados|12\/100\n|move|p1b: Great Tusk|Rock Slide|p2b: Gyarados|[spread] p2a,p2b\n|-supereffective|p2b: Gyarados\n|-damage|p2a: Dragonite|53\/100\n|-damage|p2b: Gyarados|0 fnt\n|faint|p2b: Gyarados\n|\n|-heal|p2a: Dragonite|59\/100|[from] item: Leftovers\n|upkeep\n|\n|t:|1683120648\n|switch|p2b: Chi-Yu|Chi-Yu, L50|100\/100\n|-ability|p2b: Chi-Yu|Beads of Ruin\n|turn|3\n|\n|t:|1683120684\n|move|p2b: Chi-Yu|Protect|p2b: Chi-Yu\n|-singleturn|p2b: Chi-Yu|Protect\n|move|p1a: Mimi|Dazzling Gleam|p2a: Dragonite|[spread] p2a\n|-activate|p2b: Chi-Yu|move: Protect\n|-damage|p2a: Dragonite|0 fnt\n|faint|p2a: Dragonite\n|move|p1b: Great Tusk|Rock Slide|p2b: Chi-Yu\n|-activate|p2b: Chi-Yu|move: Protect\n|\n|upkeep\n|\n|t:|1683120695\n|switch|p2a: Flutter Mane|Flutter Mane, L50|100\/100\n|turn|4\n|\n|t:|1683120717\n|move|p1a: Mimi|Moonblast|p2b: Chi-Yu\n|-damage|p2b: Chi-Yu|15\/100\n|-unboost|p2b: Chi-Yu|spa|1\n|move|p1b: Great Tusk|Rock Slide|p2b: Chi-Yu|[spread] p2a,p2b\n|-supereffective|p2b: Chi-Yu\n|-damage|p2a: Flutter Mane|68\/100\n|-damage|p2b: Chi-Yu|0 fnt\n|faint|p2b: Chi-Yu\n|cant|p2a: Flutter Mane|flinch\n|\n|-sideend|p1: Schwbrett|move: Tailwind\n|upkeep\n|turn|5\n|\n|t:|1683120732\n|move|p2a: Flutter Mane|Dazzling Gleam|p1b: Great Tusk|[spread] p1a,p1b\n|-supereffective|p1b: Great Tusk\n|-damage|p1a: Mimi|63\/100\n|-damage|p1b: Great Tusk|0 fnt\n|faint|p1b: Great Tusk\n|-end|p1b: Great Tusk|Protosynthesis|[silent]\n|move|p1a: Mimi|Shadow Ball|p2a: Flutter Mane\n|-supereffective|p2a: Flutter Mane\n|-damage|p2a: Flutter Mane|0 fnt\n|faint|p2a: Flutter Mane\n|-end|p2a: Flutter Mane|Protosynthesis|[silent]\n|\n|win|Schwbrett\n|raw|Schwbrett's rating: 1440 → 1455<\/strong> (+15 for winning)\n|raw|Jscoot12's rating: 1343 → 1328<\/strong> (-15 for losing)\n|l|\u2606Schwbrett\n","uploadtime":1683120753,"views":9,"p1id":"schwbrett","p2id":"jscoot12","formatid":"gen9vgc2023regulationc","rating":1328,"private":0,"password":""}