{"id":"gen9vgc2023regulationc-1858568337","p1":"Heaven64","p2":"DuaLipasMicrophone","format":"[Gen 9] VGC 2023 Regulation C","log":"|j|\u2606Heaven64\n|j|\u2606DuaLipasMicrophone\n|t:|1683326429\n|gametype|doubles\n|player|p1|Heaven64|leaf-masters|\n|player|p2|DuaLipasMicrophone|265|\n|teamsize|p1|6\n|teamsize|p2|6\n|gen|9\n|tier|[Gen 9] VGC 2023 Regulation C\n|rule|Species Clause: Limit one of each Pok\u00e9mon\n|rule|Item Clause: Limit one of each item\n|clearpoke\n|poke|p1|Klefki, L50, F|\n|poke|p1|Iron Thorns, L50|\n|poke|p1|Pelipper, L50, F|\n|poke|p1|Krookodile, L50, M|\n|poke|p1|Pincurchin, L50, M|\n|poke|p1|Floatzel, L50, F|\n|poke|p2|Arcanine, L50, F|\n|poke|p2|Slowbro, L50, M|\n|poke|p2|Chien-Pao, L50|\n|poke|p2|Gogoat, L50, F|\n|poke|p2|Haxorus, L50, F|\n|poke|p2|Kilowattrel, L50, F|\n|teampreview|4\n|c|\u2606Heaven64|g3\n|c|\u2606DuaLipasMicrophone|g3\n|j| j4ce\n|j| Enkidu504\n|l| Enkidu504\n|j| Enkidu504\n|j| sucabaVGC\n|c|\u2606Heaven64|have fun\n|c|\u2606Heaven64|but not good luck, I need it\n|c|\u2606DuaLipasMicrophone|glhf\n|c|\u2606DuaLipasMicrophone|ah cmon its not fair if you have all the luck\n|c|\u2606Heaven64|okay I will share some\n|c| j4ce|Joe you just got saddled with pump miss crit luck\n|c|\u2606DuaLipasMicrophone|shush\n|c|\u2606DuaLipasMicrophone|don't speak it into existence\n|j| smsy\n|\n|t:|1683328088\n|start\n|switch|p1a: Umbrella|Pelipper, L50, F|100\/100\n|switch|p1b: Rhine|Floatzel, L50, F|100\/100\n|switch|p2a: Mic|Chien-Pao, L50|100\/100\n|switch|p2b: Bigger Speaker|Kilowattrel, L50, F|100\/100\n|-weather|RainDance|[from] ability: Drizzle|[of] p1a: Umbrella\n|-ability|p2a: Mic|Sword of Ruin\n|turn|1\n|l| smsy\n|\n|t:|1683328194\n|move|p1b: Rhine|Protect|p1b: Rhine\n|-singleturn|p1b: Rhine|Protect\n|move|p2a: Mic|Sucker Punch||[still]\n|-fail|p2a: Mic\n|move|p1a: Umbrella|Icy Wind|p2a: Mic|[spread] p2a,p2b\n|-resisted|p2a: Mic\n|-supereffective|p2b: Bigger Speaker\n|-damage|p2a: Mic|91\/100\n|-damage|p2b: Bigger Speaker|59\/100\n|-unboost|p2a: Mic|spe|1\n|-unboost|p2b: Bigger Speaker|spe|1\n|-start|p2b: Bigger Speaker|Charge|Icy Wind|[from] ability: Wind Power\n|move|p2b: Bigger Speaker|Thunder|p1a: Umbrella\n|-supereffective|p1a: Umbrella\n|-crit|p1a: Umbrella\n|-damage|p1a: Umbrella|0 fnt\n|faint|p1a: Umbrella\n|-end|p2b: Bigger Speaker|Charge|[silent]\n|\n|-weather|RainDance|[upkeep]\n|upkeep\n|c|\u2606Heaven64|ONO NOT THE CRIT I WOULD HAVE SURVIVED\n|\n|t:|1683328228\n|switch|p1a: Shinra|Iron Thorns, L50|100\/100\n|turn|2\n|j| thejordanvgc\n|j| smsy\n|\n|t:|1683328360\n|switch|p2b: Microphone|Gogoat, L50, F|100\/100\n|move|p2a: Mic|Protect|p2a: Mic\n|-singleturn|p2a: Mic|Protect\n|move|p1b: Rhine|Wave Crash|p2a: Mic\n|-activate|p2a: Mic|move: Protect\n|move|p1a: Shinra|Ice Punch|p2b: Microphone\n|-supereffective|p2b: Microphone\n|-damage|p2b: Microphone|22\/100\n|\n|-weather|RainDance|[upkeep]\n|-heal|p2b: Microphone|28\/100|[from] item: Leftovers\n|upkeep\n|turn|3\n|\n|t:|1683328437\n|switch|p2a: Bigger Speaker|Kilowattrel, L50, F|59\/100\n|switch|p2b: dog|Arcanine, L50, F|100\/100\n|-ability|p2b: dog|Intimidate|boost\n|-fail|p1a: Shinra|unboost|[from] item: Clear Amulet|[of] p1a: Shinra\n|-unboost|p1b: Rhine|atk|1\n|move|p1b: Rhine|Wave Crash|p2a: Bigger Speaker\n|-damage|p2a: Bigger Speaker|0 fnt\n|faint|p2a: Bigger Speaker\n|-damage|p1b: Rhine|82\/100|[from] Recoil\n|move|p1a: Shinra|Ice Punch|p2b: dog\n|-resisted|p2b: dog\n|-damage|p2b: dog|86\/100\n|\n|-weather|RainDance|[upkeep]\n|upkeep\n|\n|t:|1683328454\n|switch|p2a: Mic|Chien-Pao, L50|91\/100\n|-ability|p2a: Mic|Sword of Ruin\n|turn|4\n|\n|t:|1683328533\n|switch|p2b: Microphone|Gogoat, L50, F|28\/100\n|-terastallize|p1b: Rhine|Dark\n|move|p1b: Rhine|Wave Crash|p2b: Microphone\n|-resisted|p2b: Microphone\n|-damage|p2b: Microphone|0 fnt\n|faint|p2b: Microphone\n|-damage|p1b: Rhine|69\/100|[from] Recoil\n|move|p2a: Mic|Sacred Sword|p1a: Shinra\n|-supereffective|p1a: Shinra\n|-damage|p1a: Shinra|2\/100\n|-damage|p2a: Mic|82\/100|[from] item: Life Orb\n|move|p1a: Shinra|Rock Slide|p2a: Mic\n|-supereffective|p2a: Mic\n|-damage|p2a: Mic|0 fnt\n|faint|p2a: Mic\n|\n|-weather|RainDance|[upkeep]\n|upkeep\n|\n|t:|1683328579\n|switch|p2a: dog|Arcanine, L50, F|86\/100\n|-ability|p2a: dog|Intimidate|boost\n|-fail|p1a: Shinra|unboost|[from] item: Clear Amulet|[of] p1a: Shinra\n|-unboost|p1b: Rhine|atk|1\n|turn|5\n|c|\u2606DuaLipasMicrophone|...\n|\n|t:|1683328596\n|-terastallize|p2a: dog|Normal\n|move|p2a: dog|Extreme Speed|p1a: Shinra\n|-resisted|p1a: Shinra\n|-crit|p1a: Shinra\n|-damage|p1a: Shinra|0 fnt\n|faint|p1a: Shinra\n|-end|p1a: Shinra|Quark Drive|[silent]\n|move|p1b: Rhine|Wave Crash|p2a: dog\n|-damage|p2a: dog|30\/100\n|-damage|p1b: Rhine|48\/100|[from] Recoil\n|-enditem|p1b: Rhine|Sitrus Berry|[eat]\n|-heal|p1b: Rhine|73\/100|[from] item: Sitrus Berry\n|\n|-weather|none\n|upkeep\n|c|\u2606DuaLipasMicrophone|damn unlucky on that roll\n|\n|t:|1683328606\n|switch|p1a: Dexter|Pincurchin, L50, M|100\/100\n|-fieldstart|move: Electric Terrain|[from] ability: Electric Surge|[of] p1a: Dexter\n|turn|6\n|c|\u2606DuaLipasMicrophone|gg\n|\n|t:|1683328655\n|move|p2a: dog|Close Combat|p1b: Rhine\n|-supereffective|p1b: Rhine\n|-damage|p1b: Rhine|0 fnt\n|-unboost|p2a: dog|def|1\n|-unboost|p2a: dog|spd|1\n|faint|p1b: Rhine\n|move|p1a: Dexter|Thunder|p2a: dog\n|-damage|p2a: dog|0 fnt\n|faint|p2a: dog\n|\n|win|Heaven64\n|c|\u2606Heaven64|GG\n|l| thejordanvgc\n|c|\u2606Heaven64|What a set\n|c|\u2606Heaven64|intense\n|c|\u2606DuaLipasMicrophone|omg wait there was a chance if that thunder missed\n|c|\u2606Heaven64|Yea\n|c|\u2606DuaLipasMicrophone|wp\n|c|\u2606Heaven64|and for a fact I only had bad accuracy moves\n|l| smsy\n|l| j4ce\n|c|\u2606DuaLipasMicrophone|I wasn't ready for no jugulis\n|j| Haxxson\n|l| Haxxson\n","uploadtime":1683328913,"views":18,"p1id":"heaven64","p2id":"dualipasmicrophone","formatid":"gen9vgc2023regulationc","rating":0,"private":0,"password":""}