{"id":"gen9vgc2023regulationc-1850580686","p1":"Daboi Y","p2":"memeshe","format":"[Gen 9] VGC 2023 Regulation C","log":"|j|\u2606Daboi Y\n|j|\u2606memeshe\n|t:|1682350389\n|gametype|doubles\n|player|p1|Daboi Y|sabrina|1000\n|player|p2|memeshe|169|1000\n|teamsize|p1|6\n|teamsize|p2|6\n|gen|9\n|tier|[Gen 9] VGC 2023 Regulation C\n|rated|\n|rule|Species Clause: Limit one of each Pok\u00e9mon\n|rule|Item Clause: Limit one of each item\n|clearpoke\n|poke|p1|Toxapex, L50, F|\n|poke|p1|Flutter Mane, L50|\n|poke|p1|Chi-Yu, L50|\n|poke|p1|Garganacl, L50, M|\n|poke|p1|Ting-Lu, L50|\n|poke|p1|Wo-Chien, L50|\n|poke|p2|Numel, L50, M|\n|poke|p2|Dachsbun, L50, M|\n|poke|p2|Tatsugiri, L50, M|\n|poke|p2|Bombirdier, L50, F|\n|poke|p2|Espathra, L50, M|\n|poke|p2|Vivillon, L50, F|\n|teampreview|4\n|inactive|Battle timer is ON: inactive players will automatically lose when time's up. (requested by memeshe)\n|\n|t:|1682350404\n|start\n|switch|p1a: Toxapex|Toxapex, L50, F|100\/100\n|switch|p1b: Ting-Lu|Ting-Lu, L50|100\/100\n|switch|p2a: Numel|Numel, L50, M|100\/100\n|switch|p2b: Vivillon|Vivillon, L50, F|100\/100\n|-ability|p1b: Ting-Lu|Vessel of Ruin\n|turn|1\n|\n|t:|1682350424\n|move|p2b: Vivillon|Protect|p2b: Vivillon\n|-singleturn|p2b: Vivillon|Protect\n|move|p1b: Ting-Lu|Ruination|p2b: Vivillon\n|-activate|p2b: Vivillon|move: Protect\n|move|p1a: Toxapex|Toxic|p2b: Vivillon\n|-activate|p2b: Vivillon|move: Protect\n|move|p2a: Numel|Stockpile|p2a: Numel\n|-start|p2a: Numel|stockpile1\n|-boost|p2a: Numel|def|2\n|-boost|p2a: Numel|spd|2\n|\n|upkeep\n|turn|2\n|\n|t:|1682350443\n|move|p2b: Vivillon|Pollen Puff|p1b: Ting-Lu\n|-supereffective|p1b: Ting-Lu\n|-damage|p1b: Ting-Lu|62\/100\n|move|p1b: Ting-Lu|Ruination|p2b: Vivillon\n|-damage|p2b: Vivillon|51\/100\n|move|p1a: Toxapex|Toxic|p2b: Vivillon\n|-status|p2b: Vivillon|tox\n|move|p2a: Numel|Stockpile|p2a: Numel\n|-start|p2a: Numel|stockpile2\n|-boost|p2a: Numel|def|2\n|-boost|p2a: Numel|spd|2\n|\n|-damage|p2b: Vivillon|45\/100 tox|[from] psn\n|upkeep\n|turn|3\n|\n|t:|1682350463\n|switch|p2b: Dachsbun|Dachsbun, L50, M, shiny|100\/100\n|move|p1b: Ting-Lu|Ruination|p2a: Numel\n|-damage|p2a: Numel|51\/100\n|move|p1a: Toxapex|Hex|p2b: Dachsbun\n|-damage|p2b: Dachsbun|95\/100\n|move|p2a: Numel|Lava Plume|p1a: Toxapex|[spread] p1a,p1b\n|-ability|p2b: Dachsbun|Well-Baked Body|boost\n|-boost|p2b: Dachsbun|def|2\n|-resisted|p1a: Toxapex\n|-damage|p1a: Toxapex|96\/100\n|-damage|p1b: Ting-Lu|55\/100\n|\n|-heal|p1a: Toxapex|100\/100|[from] item: Black Sludge\n|upkeep\n|turn|4\n|\n|t:|1682350483\n|-terastallize|p2b: Dachsbun|Steel\n|move|p2b: Dachsbun|Body Press|p1b: Ting-Lu\n|-supereffective|p1b: Ting-Lu\n|-damage|p1b: Ting-Lu|2\/100\n|move|p1b: Ting-Lu|Ruination|p2b: Dachsbun|[miss]\n|-miss|p1b: Ting-Lu|p2b: Dachsbun\n|move|p2a: Numel|Lava Plume|p1b: Ting-Lu|[spread] p1a,p1b\n|-ability|p2b: Dachsbun|Well-Baked Body|boost\n|-boost|p2b: Dachsbun|def|2\n|-resisted|p1a: Toxapex\n|-damage|p1a: Toxapex|96\/100\n|-damage|p1b: Ting-Lu|0 fnt\n|faint|p1b: Ting-Lu\n|move|p1a: Toxapex|Toxic|p2b: Dachsbun\n|-immune|p2b: Dachsbun\n|\n|-heal|p1a: Toxapex|100\/100|[from] item: Black Sludge\n|upkeep\n|\n|t:|1682350497\n|switch|p1b: Garganacl|Garganacl, L50, M|100\/100\n|turn|5\n|\n|t:|1682350510\n|move|p2b: Dachsbun|Body Press|p1b: Garganacl\n|-supereffective|p1b: Garganacl\n|-ability|p1b: Garganacl|Sturdy\n|-damage|p1b: Garganacl|1\/100\n|-enditem|p1b: Garganacl|Wiki Berry|[eat]\n|-heal|p1b: Garganacl|34\/100|[from] item: Wiki Berry\n|-start|p1b: Garganacl|confusion\n|move|p2a: Numel|Lava Plume|p1a: Toxapex|[spread] p1a,p1b\n|-ability|p2b: Dachsbun|Well-Baked Body|boost\n|-boost|p2b: Dachsbun|def|2\n|-resisted|p1a: Toxapex\n|-resisted|p1b: Garganacl\n|-damage|p1a: Toxapex|95\/100\n|-damage|p1b: Garganacl|28\/100\n|-status|p1a: Toxapex|brn\n|move|p1a: Toxapex|Toxic|p2a: Numel\n|-status|p2a: Numel|tox\n|-activate|p1b: Garganacl|confusion\n|move|p1b: Garganacl|Salt Cure|p2b: Dachsbun\n|-resisted|p2b: Dachsbun\n|-damage|p2b: Dachsbun|93\/100\n|-start|p2b: Dachsbun|Salt Cure\n|\n|-heal|p1a: Toxapex|100\/100 brn|[from] item: Black Sludge\n|-damage|p2a: Numel|45\/100 tox|[from] psn\n|-damage|p1a: Toxapex|95\/100 brn|[from] brn\n|-damage|p2b: Dachsbun|68\/100|[from] Salt Cure\n|upkeep\n|turn|6\n|inactive|memeshe has 30 seconds left.\n|inactive|memeshe has 20 seconds left.\n|inactive|memeshe has 15 seconds left.\n|\n|t:|1682350551\n|switch|p2b: Tatsugiri|Tatsugiri, L50, M|100\/100\n|switch|p2a: Vivillon|Vivillon, L50, F|45\/100 tox\n|move|p1a: Toxapex|Baneful Bunker|p1a: Toxapex\n|-singleturn|p1a: Toxapex|move: Protect\n|-end|p1b: Garganacl|confusion\n|move|p1b: Garganacl|Protect||[still]\n|-fail|p1b: Garganacl\n|\n|-heal|p1a: Toxapex|100\/100 brn|[from] item: Black Sludge\n|-damage|p2a: Vivillon|39\/100 tox|[from] psn\n|-damage|p1a: Toxapex|95\/100 brn|[from] brn\n|upkeep\n|turn|7\n|inactive|Daboi Y has 30 seconds left.\n|\n|t:|1682350577\n|move|p2a: Vivillon|Rage Powder|p2a: Vivillon\n|-singleturn|p2a: Vivillon|move: Rage Powder\n|move|p2b: Tatsugiri|Muddy Water|p1a: Toxapex|[spread] p1b\n|-miss|p2b: Tatsugiri|p1a: Toxapex\n|-supereffective|p1b: Garganacl\n|-damage|p1b: Garganacl|0 fnt\n|faint|p1b: Garganacl\n|move|p1a: Toxapex|Toxic|p2a: Vivillon\n|-fail|p2a: Vivillon|tox\n|\n|-heal|p1a: Toxapex|100\/100 brn|[from] item: Black Sludge\n|-damage|p2a: Vivillon|28\/100 tox|[from] psn\n|-damage|p1a: Toxapex|95\/100 brn|[from] brn\n|upkeep\n|-message|Daboi Y forfeited.\n|\n|win|memeshe\n|raw|Daboi Y's rating: 1000 → 1000<\/strong> (+0 for losing)\n|raw|memeshe's rating: 1000 → 1040<\/strong> (+40 for winning)\n|l|\u2606Daboi Y\n","uploadtime":1682350605,"views":14,"p1id":"daboiy","p2id":"memeshe","formatid":"gen9vgc2023regulationc","rating":1000,"private":0,"password":""}