{"id":"gen9vgc2023regulationc-1863551822","p1":"FrootLoops007","p2":"bryght","format":"[Gen 9] VGC 2023 Regulation C","log":"|j|\u2606FrootLoops007\n|j|\u2606bryght\n|t:|1684033093\n|gametype|doubles\n|player|p1|FrootLoops007|roughneck-gen4|\n|player|p2|bryght|102|\n|teamsize|p1|6\n|teamsize|p2|6\n|gen|9\n|tier|[Gen 9] VGC 2023 Regulation C\n|rule|Tera Type Preview: Tera Types are shown at Team Preview\n|rule|Species Clause: Limit one of each Pok\u00e9mon\n|rule|Item Clause: Limit one of each item\n|clearpoke\n|poke|p1|Gyarados, L50, M|\n|poke|p1|Hydreigon, L50, F|\n|poke|p1|Murkrow, L50, F|\n|poke|p1|Orthworm, L50, M|\n|poke|p1|Volcarona, L50, M|\n|poke|p1|Dragonite, L50, M|\n|poke|p2|Flutter Mane, L50|\n|poke|p2|Gothitelle, L50, M|\n|poke|p2|Kingambit, L50, M|\n|poke|p2|Rotom-Wash, L50|\n|poke|p2|Salamence, L50, M|\n|poke|p2|Scovillain, L50, F|\n|teampreview|4\n|raw|FrootLoops007's Tera Types: \/ \/ \/ \/ \/ \n|raw|bryght's Tera Types: \/ \/ \/ \/ \/ \n|inactive|Battle timer is ON: inactive players will automatically lose when time's up. (requested by FrootLoops007)\n|c|\u2606bryght|can you turn off timer\n|inactiveoff|Battle timer is now OFF.\nbryght rejected open team sheets.\n|c|\u2606bryght|g1\n|c|\u2606bryght|glhf\n|c|\u2606FrootLoops007|U 2\n|\n|t:|1684033313\n|start\n|switch|p1a: Orthworm|Orthworm, L50, M|100\/100\n|switch|p1b: Gyarados|Gyarados, L50, M|100\/100\n|switch|p2a: Gothitelle|Gothitelle, L50, M|100\/100\n|switch|p2b: Flutter Mane|Flutter Mane, L50|100\/100\n|-ability|p1b: Gyarados|Intimidate|boost\n|-unboost|p2a: Gothitelle|atk|1\n|-unboost|p2b: Flutter Mane|atk|1\n|turn|1\n|inactive|Battle timer is ON: inactive players will automatically lose when time's up. (requested by bryght)\n|\n|t:|1684033340\n|move|p2a: Gothitelle|Fake Out|p1a: Orthworm\n|-resisted|p1a: Orthworm\n|-crit|p1a: Orthworm\n|-damage|p1a: Orthworm|97\/100\n|move|p1b: Gyarados|Taunt|p2a: Gothitelle\n|-start|p2a: Gothitelle|move: Taunt\n|cant|p1a: Orthworm|flinch\n|move|p2b: Flutter Mane|Trick Room|p2b: Flutter Mane\n|-fieldstart|move: Trick Room|[of] p2b: Flutter Mane\n|\n|upkeep\n|turn|2\n|inactive|bryght has 30 seconds left.\n|\n|t:|1684033367\n|switch|p2a: Kingambit|Kingambit, L50, M|100\/100\n|-end|p2b: Flutter Mane|Protosynthesis|[silent]\n|switch|p2b: Rotom|Rotom-Wash, L50|100\/100\n|move|p1b: Gyarados|Protect|p1b: Gyarados\n|-singleturn|p1b: Gyarados|Protect\n|move|p1a: Orthworm|Iron Defense|p1a: Orthworm\n|-boost|p1a: Orthworm|def|2\n|\n|upkeep\n|turn|3\n|inactive|FrootLoops007 has 30 seconds left.\n|inactive|bryght has 30 seconds left.\n|inactive|FrootLoops007 has 20 seconds left.\n|inactive|bryght has 20 seconds left.\n|inactive|FrootLoops007 has 15 seconds left.\n|inactive|FrootLoops007 has 10 seconds left.\n|\n|t:|1684033414\n|-terastallize|p2a: Kingambit|Flying\n|move|p2a: Kingambit|Kowtow Cleave|p1b: Gyarados\n|-damage|p1b: Gyarados|48\/100\n|-enditem|p1b: Gyarados|Sitrus Berry|[eat]\n|-heal|p1b: Gyarados|73\/100|[from] item: Sitrus Berry\n|move|p2b: Rotom|Will-O-Wisp|p1a: Orthworm\n|-status|p1a: Orthworm|brn\n|move|p1a: Orthworm|Body Press|p2a: Kingambit\n|-resisted|p2a: Kingambit\n|-damage|p2a: Kingambit|92\/100\n|move|p1b: Gyarados|Taunt|p2b: Rotom\n|-start|p2b: Rotom|move: Taunt\n|\n|-damage|p1a: Orthworm|90\/100 brn|[from] brn\n|upkeep\n|turn|4\n|\n|t:|1684033436\n|move|p2a: Kingambit|Kowtow Cleave|p1b: Gyarados\n|-damage|p1b: Gyarados|23\/100\n|move|p2b: Rotom|Hydro Pump|p1b: Gyarados|[miss]\n|-miss|p2b: Rotom|p1b: Gyarados\n|move|p1a: Orthworm|Shed Tail|p1a: Orthworm\n|-start|p1a: Orthworm|Substitute|[from] move: Shed Tail\n|-damage|p1a: Orthworm|40\/100 brn\n|\n|t:|1684033445\n|switch|p1a: Hydreigon|Hydreigon, L50, F|100\/100|[from] Shed Tail\n|move|p1b: Gyarados|Thunder Wave|p2a: Kingambit\n|-status|p2a: Kingambit|par\n|\n|upkeep\n|turn|5\n|inactive|FrootLoops007 has 30 seconds left.\n|inactive|bryght has 30 seconds left.\n|inactive|bryght has 20 seconds left.\n|inactive|bryght has 15 seconds left.\n|\n|t:|1684033490\n|switch|p2b: Gothitelle|Gothitelle, L50, M|100\/100\n|move|p2a: Kingambit|Iron Head|p1a: Hydreigon\n|-end|p1a: Hydreigon|Substitute\n|move|p1b: Gyarados|Waterfall|p2a: Kingambit\n|-damage|p2a: Kingambit|68\/100 par\n|move|p1a: Hydreigon|Focus Energy|p1a: Hydreigon\n|-start|p1a: Hydreigon|move: Focus Energy\n|\n|-fieldend|move: Trick Room\n|upkeep\n|turn|6\n|inactive|FrootLoops007 has 30 seconds left.\n|inactive|bryght has 30 seconds left.\n|inactive|FrootLoops007 has 20 seconds left.\n|inactive|FrootLoops007 has 15 seconds left.\n|\n|t:|1684033531\n|move|p1a: Hydreigon|Protect|p1a: Hydreigon\n|-singleturn|p1a: Hydreigon|Protect\n|move|p2b: Gothitelle|Fake Out|p1a: Hydreigon\n|-activate|p1a: Hydreigon|move: Protect\n|move|p1b: Gyarados|Taunt|p2b: Gothitelle\n|-start|p2b: Gothitelle|move: Taunt\n|cant|p2a: Kingambit|par\n|\n|upkeep\n|turn|7\n|inactive|bryght has 30 seconds left.\n|\n|t:|1684033558\n|switch|p2b: Flutter Mane|Flutter Mane, L50|100\/100\n|move|p2a: Kingambit|Sucker Punch||[still]\n|-fail|p2a: Kingambit\n|move|p1a: Hydreigon|Draco Meteor|p2a: Kingambit\n|-crit|p2a: Kingambit\n|-damage|p2a: Kingambit|0 fnt\n|-unboost|p1a: Hydreigon|spa|2\n|faint|p2a: Kingambit\n|move|p1b: Gyarados|Thunder Wave|p2b: Flutter Mane\n|-status|p2b: Flutter Mane|par\n|\n|upkeep\n|\n|t:|1684033570\n|switch|p2a: Gothitelle|Gothitelle, L50, M|100\/100\n|turn|8\n|\n|t:|1684033592\n|move|p1a: Hydreigon|Protect|p1a: Hydreigon\n|-singleturn|p1a: Hydreigon|Protect\n|move|p2a: Gothitelle|Fake Out|p1b: Gyarados\n|-damage|p1b: Gyarados|17\/100\n|cant|p1b: Gyarados|flinch\n|move|p2b: Flutter Mane|Trick Room|p2b: Flutter Mane\n|-fieldstart|move: Trick Room|[of] p2b: Flutter Mane\n|\n|upkeep\n|turn|9\n|inactive|FrootLoops007 has 30 seconds left.\n|inactive|FrootLoops007 has 20 seconds left.\n|inactive|FrootLoops007 has 15 seconds left.\n|\n|t:|1684033636\n|-terastallize|p1a: Hydreigon|Poison\n|move|p2b: Flutter Mane|Moonblast|p1a: Hydreigon\n|-resisted|p1a: Hydreigon\n|-damage|p1a: Hydreigon|66\/100\n|-unboost|p1a: Hydreigon|spa|1\n|move|p2a: Gothitelle|Psychic|p1b: Gyarados\n|-damage|p1b: Gyarados|0 fnt\n|faint|p1b: Gyarados\n|move|p1a: Hydreigon|Draco Meteor|p2a: Gothitelle\n|-crit|p2a: Gothitelle\n|-damage|p2a: Gothitelle|22\/100\n|-unboost|p1a: Hydreigon|spa|2\n|\n|upkeep\n|\n|t:|1684033653\n|switch|p1b: Orthworm|Orthworm, L50, M|40\/100 brn\n|turn|10\n|inactive|FrootLoops007 has 30 seconds left.\n|inactive|FrootLoops007 has 20 seconds left.\n|inactive|FrootLoops007 has 15 seconds left.\n|\n|t:|1684033698\n|move|p1a: Hydreigon|Protect|p1a: Hydreigon\n|-singleturn|p1a: Hydreigon|Protect\n|move|p2b: Flutter Mane|Shadow Ball|p1b: Orthworm\n|-damage|p1b: Orthworm|0 fnt\n|faint|p1b: Orthworm\n|move|p2a: Gothitelle|Psychic|p1a: Hydreigon\n|-activate|p1a: Hydreigon|move: Protect\n|\n|upkeep\n|\n|t:|1684033708\n|switch|p1b: Murkrow|Murkrow, L50, F|100\/100\n|turn|11\n|\n|t:|1684033732\n|move|p2a: Gothitelle|Helping Hand|p2b: Flutter Mane\n|-singleturn|p2b: Flutter Mane|Helping Hand|[of] p2a: Gothitelle\n|cant|p2b: Flutter Mane|par\n|move|p1b: Murkrow|Foul Play|p2a: Gothitelle\n|-supereffective|p2a: Gothitelle\n|-damage|p2a: Gothitelle|0 fnt\n|faint|p2a: Gothitelle\n|move|p1a: Hydreigon|Earth Power|p2b: Flutter Mane\n|-crit|p2b: Flutter Mane\n|-damage|p2b: Flutter Mane|48\/100 par\n|\n|-heal|p2b: Flutter Mane|54\/100 par|[from] item: Leftovers\n|upkeep\n|\n|t:|1684033744\n|switch|p2a: Rotom|Rotom-Wash, L50|100\/100\n|turn|12\n|\n|t:|1684033757\n|move|p1a: Hydreigon|Protect|p1a: Hydreigon\n|-singleturn|p1a: Hydreigon|Protect\n|move|p1b: Murkrow|Taunt|p2a: Rotom\n|-start|p2a: Rotom|move: Taunt\n|cant|p2b: Flutter Mane|par\n|move|p2a: Rotom|Hydro Pump|p1a: Hydreigon\n|-activate|p1a: Hydreigon|move: Protect\n|\n|-heal|p2b: Flutter Mane|60\/100 par|[from] item: Leftovers\n|-fieldend|move: Trick Room\n|upkeep\n|turn|13\n|inactive|FrootLoops007 has 30 seconds left.\n|inactive|FrootLoops007 has 20 seconds left.\n|\n|t:|1684033793\n|move|p1b: Murkrow|Taunt|p2b: Flutter Mane\n|-start|p2b: Flutter Mane|move: Taunt\n|move|p1a: Hydreigon|Draco Meteor|p2a: Rotom\n|-crit|p2a: Rotom\n|-damage|p2a: Rotom|0 fnt\n|-unboost|p1a: Hydreigon|spa|1\n|faint|p2a: Rotom\n|cant|p2b: Flutter Mane|par\n|\n|-heal|p2b: Flutter Mane|66\/100 par|[from] item: Leftovers\n|upkeep\n|turn|14\n|\n|t:|1684033805\n|move|p1a: Hydreigon|Earth Power|p2b: Flutter Mane\n|-crit|p2b: Flutter Mane\n|-damage|p2b: Flutter Mane|15\/100 par\n|move|p1b: Murkrow|Foul Play|p2b: Flutter Mane\n|-damage|p2b: Flutter Mane|0 fnt\n|faint|p2b: Flutter Mane\n|-end|p2b: Flutter Mane|Protosynthesis|[silent]\n|\n|win|FrootLoops007\n|l|\u2606FrootLoops007\n","uploadtime":1684033822,"views":19,"p1id":"frootloops007","p2id":"bryght","formatid":"gen9vgc2023regulationc","rating":0,"private":0,"password":""}