{"id":"gen9vgc2023regulationc-1864077626","p1":"Messidopokemon","p2":"AguaSteppin'","format":"[Gen 9] VGC 2023 Regulation C","log":"|j|\u2606Messidopokemon\n|j|\u2606AguaSteppin'\n|t:|1684114205\n|gametype|doubles\n|player|p1|Messidopokemon|169|1560\n|player|p2|AguaSteppin'|red|1463\n|teamsize|p1|6\n|teamsize|p2|6\n|gen|9\n|tier|[Gen 9] VGC 2023 Regulation C\n|rated|\n|rule|Species Clause: Limit one of each Pok\u00e9mon\n|rule|Item Clause: Limit one of each item\n|clearpoke\n|poke|p1|Dragapult, L50, F|\n|poke|p1|Amoonguss, L50, F|\n|poke|p1|Arcanine, L50, M|\n|poke|p1|Chien-Pao, L50|\n|poke|p1|Flutter Mane, L50|\n|poke|p1|Kingambit, L50, F|\n|poke|p2|Flutter Mane, L50|\n|poke|p2|Iron Bundle, L50|\n|poke|p2|Abomasnow, L50, F|\n|poke|p2|Orthworm, L50, M|\n|poke|p2|Iron Jugulis, L50|\n|poke|p2|Garchomp, L50, M|\n|teampreview|4\n|inactive|Battle timer is ON: inactive players will automatically lose when time's up. (requested by AguaSteppin')\n|\n|t:|1684114232\n|start\n|switch|p1a: ChiYu|Arcanine, L50, M|100\/100\n|switch|p1b: Chien-Pao|Chien-Pao, L50|100\/100\n|switch|p2a: Big Worm|Orthworm, L50, M|100\/100\n|switch|p2b: Snowwww|Abomasnow, L50, F|100\/100\n|-ability|p1b: Chien-Pao|Sword of Ruin\n|-ability|p1a: ChiYu|Intimidate|boost\n|-unboost|p2a: Big Worm|atk|1\n|-unboost|p2b: Snowwww|atk|1\n|-weather|Snow|[from] ability: Snow Warning|[of] p2b: Snowwww\n|turn|1\n|\n|t:|1684114244\n|-terastallize|p2a: Big Worm|Fire\n|move|p1b: Chien-Pao|Sacred Sword|p2a: Big Worm\n|-damage|p2a: Big Worm|71\/100\n|move|p1a: ChiYu|Flare Blitz|p2b: Snowwww\n|-supereffective|p2b: Snowwww\n|-enditem|p2b: Snowwww|Focus Sash\n|-damage|p2b: Snowwww|1\/100\n|-damage|p1a: ChiYu|68\/100|[from] Recoil\n|move|p2b: Snowwww|Aurora Veil|p2b: Snowwww\n|-sidestart|p2: AguaSteppin'|move: Aurora Veil\n|move|p2a: Big Worm|Shed Tail|p2a: Big Worm\n|-start|p2a: Big Worm|Substitute|[from] move: Shed Tail\n|-damage|p2a: Big Worm|21\/100\n|-enditem|p2a: Big Worm|Sitrus Berry|[eat]\n|-heal|p2a: Big Worm|46\/100|[from] item: Sitrus Berry\n|inactive|AguaSteppin' has 30 seconds left.\n|\n|t:|1684114269\n|switch|p2a: Garchomp|Garchomp, L50, M|100\/100|[from] Shed Tail\n|\n|-weather|Snow|[upkeep]\n|upkeep\n|turn|2\n|inactive|Messidopokemon has 30 seconds left.\n|inactive|Messidopokemon has 20 seconds left.\n|inactive|Messidopokemon has 15 seconds left.\n|\n|t:|1684114313\n|switch|p2b: Big Worm|Orthworm, L50, M, tera:Fire|46\/100\n|move|p1a: ChiYu|Protect|p1a: ChiYu\n|-singleturn|p1a: ChiYu|Protect\n|move|p1b: Chien-Pao|Ice Spinner|p2a: Garchomp\n|-supereffective|p2a: Garchomp\n|-end|p2a: Garchomp|Substitute\n|move|p2a: Garchomp|Earthquake|p1b: Chien-Pao|[spread] p1b\n|-activate|p1a: ChiYu|move: Protect\n|-heal|p2b: Big Worm|71\/100|[from] ability: Earth Eater|[of] p2a: Garchomp\n|-damage|p1b: Chien-Pao|42\/100\n|\n|-weather|Snow|[upkeep]\n|upkeep\n|turn|3\n|inactive|Messidopokemon has 30 seconds left.\n|inactive|AguaSteppin' has 30 seconds left.\n|inactive|Messidopokemon has 20 seconds left.\n|\n|t:|1684114352\n|switch|p2a: Snowwww|Abomasnow, L50, F|1\/100\n|-terastallize|p1b: Chien-Pao|Ghost\n|move|p1b: Chien-Pao|Ice Spinner|p2a: Snowwww\n|-damage|p2a: Snowwww|0 fnt\n|faint|p2a: Snowwww\n|move|p1a: ChiYu|Flare Blitz|p2b: Big Worm\n|-resisted|p2b: Big Worm\n|-damage|p2b: Big Worm|58\/100\n|-damage|p1a: ChiYu|64\/100|[from] Recoil\n|move|p2b: Big Worm|Heavy Slam|p1b: Chien-Pao\n|-damage|p1b: Chien-Pao|17\/100\n|\n|-weather|Snow|[upkeep]\n|upkeep\n|\n|t:|1684114368\n|switch|p2a: DrEisenbundl|Iron Bundle, L50|100\/100\n|turn|4\n|\n|t:|1684114380\n|move|p1b: Chien-Pao|Sucker Punch|p2a: DrEisenbundl\n|-damage|p2a: DrEisenbundl|72\/100\n|move|p2a: DrEisenbundl|Blizzard|p1b: Chien-Pao|[spread] p1a,p1b\n|-resisted|p1a: ChiYu\n|-crit|p1b: Chien-Pao\n|-damage|p1a: ChiYu|28\/100\n|-damage|p1b: Chien-Pao|0 fnt\n|faint|p1b: Chien-Pao\n|move|p1a: ChiYu|Flare Blitz|p2a: DrEisenbundl\n|-crit|p2a: DrEisenbundl\n|-damage|p2a: DrEisenbundl|9\/100\n|-damage|p1a: ChiYu|14\/100|[from] Recoil\n|move|p2b: Big Worm|Shed Tail|p2b: Big Worm\n|-start|p2b: Big Worm|Substitute|[from] move: Shed Tail\n|-damage|p2b: Big Worm|8\/100\n|\n|t:|1684114395\n|switch|p2b: Garchomp|Garchomp, L50, M|100\/100|[from] Shed Tail\n|\n|-weather|Snow|[upkeep]\n|upkeep\n|\n|t:|1684114407\n|switch|p1b: Flutter Mane|Flutter Mane, L50, shiny|100\/100\n|-enditem|p1b: Flutter Mane|Booster Energy\n|-activate|p1b: Flutter Mane|ability: Protosynthesis|[fromitem]\n|-start|p1b: Flutter Mane|protosynthesisspa\n|turn|5\n|inactive|AguaSteppin' has 30 seconds left.\n|\n|t:|1684114441\n|move|p1a: ChiYu|Protect|p1a: ChiYu\n|-singleturn|p1a: ChiYu|Protect\n|move|p2a: DrEisenbundl|Blizzard|p1b: Flutter Mane|[spread] p1b\n|-activate|p1a: ChiYu|move: Protect\n|-damage|p1b: Flutter Mane|32\/100\n|move|p1b: Flutter Mane|Dazzling Gleam|p2b: Garchomp|[spread] p2a,p2b\n|-supereffective|p2b: Garchomp\n|-end|p2b: Garchomp|Substitute\n|-damage|p2a: DrEisenbundl|0 fnt\n|faint|p2a: DrEisenbundl\n|-end|p2a: DrEisenbundl|Quark Drive|[silent]\n|move|p2b: Garchomp|Earthquake|p1b: Flutter Mane|[spread] p1b\n|-activate|p1a: ChiYu|move: Protect\n|-damage|p1b: Flutter Mane|0 fnt\n|faint|p1b: Flutter Mane\n|-end|p1b: Flutter Mane|Protosynthesis|[silent]\n|\n|-weather|none\n|-sideend|p2: AguaSteppin'|move: Aurora Veil\n|upkeep\n|\n|t:|1684114461\n|switch|p2a: Big Worm|Orthworm, L50, M, tera:Fire|8\/100\n|switch|p1b: Kingambit|Kingambit, L50, F|100\/100\n|turn|6\n|\n|t:|1684114481\n|move|p2a: Big Worm|Protect|p2a: Big Worm\n|-singleturn|p2a: Big Worm|Protect\n|move|p1a: ChiYu|Extreme Speed|p2a: Big Worm\n|-activate|p2a: Big Worm|move: Protect\n|move|p2b: Garchomp|Earthquake|p1a: ChiYu|[spread] p1a,p1b\n|-activate|p2a: Big Worm|move: Protect\n|-supereffective|p1a: ChiYu\n|-supereffective|p1b: Kingambit\n|-damage|p1a: ChiYu|0 fnt\n|-damage|p1b: Kingambit|14\/100\n|faint|p1a: ChiYu\n|move|p1b: Kingambit|Kowtow Cleave|p2b: Garchomp\n|-damage|p2b: Garchomp|50\/100\n|-damage|p1b: Kingambit|1\/100|[from] ability: Rough Skin|[of] p2b: Garchomp\n|\n|upkeep\n|turn|7\n|inactive|Messidopokemon has 30 seconds left.\n|inactive|Messidopokemon has 20 seconds left.\n|inactive|Messidopokemon has 15 seconds left.\n|inactive|Messidopokemon has 10 seconds left.\n|inactive|Messidopokemon has 5 seconds left.\n|\n|t:|1684114536\n|move|p1b: Kingambit|Sucker Punch|p2a: Big Worm\n|-damage|p2a: Big Worm|0 fnt\n|faint|p2a: Big Worm\n|move|p2b: Garchomp|Earthquake|p1b: Kingambit\n|-supereffective|p1b: Kingambit\n|-damage|p1b: Kingambit|0 fnt\n|faint|p1b: Kingambit\n|\n|win|AguaSteppin'\n|raw|Messidopokemon's rating: 1560 → 1535<\/strong> (-25 for losing)\n|raw|AguaSteppin''s rating: 1463 → 1488<\/strong> (+25 for winning)\n","uploadtime":1684114690,"views":13,"p1id":"messidopokemon","p2id":"aguasteppin","formatid":"gen9vgc2023regulationc","rating":1488,"private":0,"password":""}