{"id":"gen9vgc2023regulationc-1858661211","p1":"r2vgc","p2":"LumpySangsu","format":"[Gen 9] VGC 2023 Regulation C","log":"|j|\u2606r2vgc\n|j|\u2606LumpySangsu\n|t:|1683338894\n|gametype|doubles\n|player|p1|r2vgc|266|1172\n|player|p2|LumpySangsu|hiker-gen4|1251\n|teamsize|p1|6\n|teamsize|p2|6\n|gen|9\n|tier|[Gen 9] VGC 2023 Regulation C\n|rated|\n|rule|Species Clause: Limit one of each Pok\u00e9mon\n|rule|Item Clause: Limit one of each item\n|clearpoke\n|poke|p1|Maushold-Four, L50|\n|poke|p1|Annihilape, L50, F|\n|poke|p1|Gholdengo, L50|\n|poke|p1|Murkrow, L50, M|\n|poke|p1|Garchomp, L50, M|\n|poke|p1|Gyarados, L50, F|\n|poke|p2|Chien-Pao, L50|\n|poke|p2|Dragonite, L50, M|\n|poke|p2|Flutter Mane, L50|\n|poke|p2|Great Tusk, L50|\n|poke|p2|Lilligant, L50, F|\n|poke|p2|Torkoal, L50, F|\n|teampreview|4\nr2vgc has agreed to open team sheets.\n|inactive|Battle timer is ON: inactive players will automatically lose when time's up. (requested by LumpySangsu)\n|\n|t:|1683338941\n|start\n|switch|p1a: Natters|Maushold-Four, L50|100\/100\n|switch|p1b: Garchomp|Garchomp, L50, M|100\/100\n|switch|p2a: Lilligant|Lilligant, L50, F|100\/100\n|switch|p2b: Torkoal|Torkoal, L50, F|100\/100\n|-weather|SunnyDay|[from] ability: Drought|[of] p2b: Torkoal\n|turn|1\n|\n|t:|1683338962\n|move|p1a: Natters|Follow Me|p1a: Natters\n|-singleturn|p1a: Natters|move: Follow Me\n|move|p2a: Lilligant|Sleep Powder|p1a: Natters\n|-activate|p1a: Natters|item: Safety Goggles|Sleep Powder\n|move|p1b: Garchomp|Stomping Tantrum|p2b: Torkoal\n|-supereffective|p2b: Torkoal\n|-crit|p2b: Torkoal\n|-damage|p2b: Torkoal|6\/100\n|move|p2b: Torkoal|Eruption|p1a: Natters|[spread] p1a,p1b\n|-resisted|p1b: Garchomp\n|-damage|p1a: Natters|95\/100\n|-damage|p1b: Garchomp|99\/100\n|\n|-weather|SunnyDay|[upkeep]\n|upkeep\n|turn|2\n|\n|t:|1683338977\n|move|p1a: Natters|Follow Me|p1a: Natters\n|-singleturn|p1a: Natters|move: Follow Me\n|move|p2a: Lilligant|After You||[still]\n|-fail|p2a: Lilligant\n|move|p1b: Garchomp|Rock Slide|p2a: Lilligant|[spread] p2a\n|-miss|p1b: Garchomp|p2b: Torkoal\n|-damage|p2a: Lilligant|75\/100\n|move|p2b: Torkoal|Heat Wave|p1b: Garchomp|[spread] p1a,p1b\n|-resisted|p1b: Garchomp\n|-damage|p1a: Natters|20\/100\n|-damage|p1b: Garchomp|79\/100\n|\n|-weather|SunnyDay|[upkeep]\n|upkeep\n|turn|3\n|\n|t:|1683338993\n|move|p2a: Lilligant|Protect|p2a: Lilligant\n|-singleturn|p2a: Lilligant|Protect\n|move|p1a: Natters|Follow Me|p1a: Natters\n|-singleturn|p1a: Natters|move: Follow Me\n|move|p1b: Garchomp|Rock Slide|p2a: Lilligant|[spread] p2b\n|-activate|p2a: Lilligant|move: Protect\n|-supereffective|p2b: Torkoal\n|-damage|p2b: Torkoal|0 fnt\n|faint|p2b: Torkoal\n|\n|-weather|SunnyDay|[upkeep]\n|upkeep\n|\n|t:|1683338997\n|switch|p2b: Great Tusk|Great Tusk, L50|100\/100\n|-activate|p2b: Great Tusk|ability: Protosynthesis\n|-start|p2b: Great Tusk|protosynthesisatk\n|turn|4\n|\n|t:|1683339020\n|switch|p2a: Dragonite|Dragonite, L50, M|100\/100\n|-terastallize|p2b: Great Tusk|Ground\n|move|p1a: Natters|Follow Me|p1a: Natters\n|-singleturn|p1a: Natters|move: Follow Me\n|move|p2b: Great Tusk|Earthquake|p1b: Garchomp|[spread] p1a,p1b\n|-immune|p2a: Dragonite\n|-damage|p1a: Natters|0 fnt\n|-damage|p1b: Garchomp|23\/100\n|faint|p1a: Natters\n|move|p1b: Garchomp|Stomping Tantrum|p2b: Great Tusk\n|-damage|p2b: Great Tusk|69\/100\n|\n|-weather|SunnyDay|[upkeep]\n|upkeep\n|\n|t:|1683339034\n|switch|p1a: Murkrow|Murkrow, L50, M|100\/100\n|turn|5\n|\n|t:|1683339045\n|move|p1a: Murkrow|Tailwind|p1a: Murkrow\n|-sidestart|p1: r2vgc|move: Tailwind\n|move|p1b: Garchomp|Rock Slide|p2a: Dragonite|[spread] p2a,p2b\n|-supereffective|p2a: Dragonite\n|-resisted|p2b: Great Tusk\n|-damage|p2a: Dragonite|79\/100\n|-damage|p2b: Great Tusk|62\/100\n|cant|p2b: Great Tusk|flinch\n|move|p2a: Dragonite|Outrage|p1a: Murkrow\n|-damage|p1a: Murkrow|0 fnt\n|faint|p1a: Murkrow\n|\n|-weather|none\n|-end|p2b: Great Tusk|Protosynthesis\n|upkeep\n|\n|t:|1683339057\n|switch|p1a: Gholdengo|Gholdengo, L50|100\/100\n|turn|6\n|\n|t:|1683339077\n|-terastallize|p1b: Garchomp|Steel\n|move|p1b: Garchomp|Rock Slide|p2a: Dragonite|[spread] p2a\n|-miss|p1b: Garchomp|p2b: Great Tusk\n|-supereffective|p2a: Dragonite\n|-damage|p2a: Dragonite|32\/100\n|move|p1a: Gholdengo|Shadow Ball|p2b: Great Tusk\n|-damage|p2b: Great Tusk|0 fnt\n|faint|p2b: Great Tusk\n|-end|p2b: Great Tusk|Protosynthesis|[silent]\n|move|p2a: Dragonite|Outrage|p1a: Gholdengo|[from]lockedmove\n|-resisted|p1a: Gholdengo\n|-damage|p1a: Gholdengo|63\/100\n|-start|p2a: Dragonite|confusion|[fatigue]\n|-enditem|p2a: Dragonite|Lum Berry|[eat]\n|-end|p2a: Dragonite|confusion\n|\n|upkeep\n|\n|t:|1683339080\n|switch|p2b: Lilligant|Lilligant, L50, F|75\/100\n|turn|7\n|-message|LumpySangsu forfeited.\n|\n|win|r2vgc\n|raw|r2vgc's rating: 1172 → 1203<\/strong> (+31 for winning)\n|raw|LumpySangsu's rating: 1251 → 1220<\/strong> (-31 for losing)\n|l|\u2606LumpySangsu\n","uploadtime":1683339099,"views":13,"p1id":"r2vgc","p2id":"lumpysangsu","formatid":"gen9vgc2023regulationc","rating":1203,"private":0,"password":""}