{"id":"gen9vgc2023regulationc-1846567493","p1":"Kentakio","p2":"chkndnnr","format":"[Gen 9] VGC 2023 Regulation C","log":"|j|\u2606Kentakio\n|j|\u2606chkndnnr\n|t:|1681852447\n|gametype|doubles\n|player|p1|Kentakio|169|1388\n|player|p2|chkndnnr|thorton|1405\n|teamsize|p1|6\n|teamsize|p2|6\n|gen|9\n|tier|[Gen 9] VGC 2023 Regulation C\n|rated|\n|rule|Species Clause: Limit one of each Pok\u00e9mon\n|rule|Item Clause: Limit one of each item\n|clearpoke\n|poke|p1|Murkrow, L50, M|\n|poke|p1|Scizor, L50, F|\n|poke|p1|Garchomp, L50, M|\n|poke|p1|Chi-Yu, L50|\n|poke|p1|Flutter Mane, L50|\n|poke|p1|Rotom-Wash, L50|\n|poke|p2|Dondozo, L50, F|\n|poke|p2|Tatsugiri-Stretchy, L50, F|\n|poke|p2|Chi-Yu, L50|\n|poke|p2|Flutter Mane, L50|\n|poke|p2|Glimmora, L50, M|\n|poke|p2|Wo-Chien, L50|\n|teampreview|4\nKentakio has agreed to open team sheets.\n|inactive|Battle timer is ON: inactive players will automatically lose when time's up. (requested by Kentakio)\n|inactive|Kentakio has 60 seconds left.\n|inactive|chkndnnr has 60 seconds left.\n|\n|t:|1681852509\n|start\n|switch|p1a: Scizor|Scizor, L50, F|100\/100\n|switch|p1b: Garchomp|Garchomp, L50, M|100\/100\n|switch|p2a: Dondozo|Dondozo, L50, F|100\/100\n|switch|p2b: Glimmora|Glimmora, L50, M|100\/100\n|turn|1\n|\n|t:|1681852527\n|-terastallize|p1a: Scizor|Water\n|move|p1b: Garchomp|Protect|p1b: Garchomp\n|-singleturn|p1b: Garchomp|Protect\n|move|p2b: Glimmora|Spiky Shield|p2b: Glimmora\n|-singleturn|p2b: Glimmora|move: Protect\n|move|p1a: Scizor|U-turn|p2a: Dondozo\n|-damage|p2a: Dondozo|78\/100\n|\n|t:|1681852536\n|switch|p1a: Rotom|Rotom-Wash, L50|100\/100|[from] U-turn\n|move|p2a: Dondozo|Yawn|p1b: Garchomp\n|-activate|p1b: Garchomp|move: Protect\n|\n|upkeep\n|turn|2\n|\n|t:|1681852552\n|switch|p1b: Scizor|Scizor, L50, F, tera:Water|100\/100\n|switch|p2a: Wo-Chien|Wo-Chien, L50|100\/100\n|-ability|p2a: Wo-Chien|Tablets of Ruin\n|-terastallize|p2b: Glimmora|Grass\n|move|p2b: Glimmora|Toxic|p1a: Rotom\n|-status|p1a: Rotom|tox\n|move|p1a: Rotom|Thunderbolt|p2a: Wo-Chien\n|-resisted|p2a: Wo-Chien\n|-crit|p2a: Wo-Chien\n|-damage|p2a: Wo-Chien|83\/100\n|\n|-heal|p2a: Wo-Chien|89\/100|[from] item: Leftovers\n|-damage|p1a: Rotom|95\/100 tox|[from] psn\n|upkeep\n|turn|3\n|\n|t:|1681852575\n|switch|p1a: Kramurx|Murkrow, L50, M|100\/100\n|move|p2a: Wo-Chien|Protect|p2a: Wo-Chien\n|-singleturn|p2a: Wo-Chien|Protect\n|move|p2b: Glimmora|Toxic|p1b: Scizor\n|-status|p1b: Scizor|tox\n|move|p1b: Scizor|U-turn|p2a: Wo-Chien\n|-activate|p2a: Wo-Chien|move: Protect\n|\n|-heal|p2a: Wo-Chien|95\/100|[from] item: Leftovers\n|-damage|p1b: Scizor|95\/100 tox|[from] psn\n|upkeep\n|turn|4\n|\n|t:|1681852598\n|switch|p2a: Dondozo|Dondozo, L50, F|78\/100\n|move|p1a: Kramurx|Taunt|p2b: Glimmora\n|-start|p2b: Glimmora|move: Taunt\n|move|p2b: Glimmora|Power Gem|p1a: Kramurx\n|-supereffective|p1a: Kramurx\n|-damage|p1a: Kramurx|14\/100\n|move|p1b: Scizor|U-turn|p2a: Dondozo\n|-damage|p2a: Dondozo|52\/100\n|\n|t:|1681852606\n|switch|p1b: Garchomp|Garchomp, L50, M|100\/100|[from] U-turn\n|\n|upkeep\n|turn|5\n|\n|t:|1681852620\n|switch|p2b: Wo-Chien|Wo-Chien, L50|95\/100\n|-ability|p2b: Wo-Chien|Tablets of Ruin\n|move|p1b: Garchomp|Dragon Claw|p2b: Wo-Chien\n|-damage|p2b: Wo-Chien|63\/100\n|-damage|p1b: Garchomp|91\/100|[from] item: Life Orb\n|move|p1a: Kramurx|Air Slash|p2b: Wo-Chien\n|-supereffective|p2b: Wo-Chien\n|-damage|p2b: Wo-Chien|32\/100\n|move|p2a: Dondozo|Fissure|p1b: Garchomp|[miss]\n|-miss|p2a: Dondozo|p1b: Garchomp\n|\n|-heal|p2b: Wo-Chien|38\/100|[from] item: Leftovers\n|upkeep\n|turn|6\n|inactive|Kentakio has 30 seconds left.\n|inactive|chkndnnr has 30 seconds left.\n|inactive|Kentakio has 20 seconds left.\n|inactive|Kentakio has 15 seconds left.\n|\n|t:|1681852664\n|move|p2b: Wo-Chien|Protect|p2b: Wo-Chien\n|-singleturn|p2b: Wo-Chien|Protect\n|move|p1b: Garchomp|Dragon Claw|p2a: Dondozo\n|-damage|p2a: Dondozo|27\/100\n|-enditem|p2a: Dondozo|Sitrus Berry|[eat]\n|-heal|p2a: Dondozo|52\/100|[from] item: Sitrus Berry\n|-damage|p1b: Garchomp|81\/100|[from] item: Life Orb\n|move|p1a: Kramurx|Air Slash|p2a: Dondozo|[miss]\n|-miss|p1a: Kramurx|p2a: Dondozo\n|move|p2a: Dondozo|Fissure|p1b: Garchomp|[miss]\n|-miss|p2a: Dondozo|p1b: Garchomp\n|\n|-heal|p2b: Wo-Chien|44\/100|[from] item: Leftovers\n|upkeep\n|turn|7\n|inactive|chkndnnr has 30 seconds left.\n|inactive|chkndnnr has 20 seconds left.\n|inactive|Kentakio has 30 seconds left.\n|inactive|chkndnnr has 15 seconds left.\n|\n|t:|1681852706\n|switch|p2b: Glimmora|Glimmora, L50, M, tera:Grass|100\/100\n|move|p1b: Garchomp|Dragon Claw|p2b: Glimmora\n|-damage|p2b: Glimmora|33\/100\n|-activate|p2b: Glimmora|ability: Toxic Debris\n|-sidestart|p1: Kentakio|move: Toxic Spikes\n|-damage|p1b: Garchomp|71\/100|[from] item: Life Orb\n|move|p1a: Kramurx|Air Slash|p2b: Glimmora\n|-supereffective|p2b: Glimmora\n|-damage|p2b: Glimmora|0 fnt\n|faint|p2b: Glimmora\n|move|p2a: Dondozo|Wave Crash|p1a: Kramurx\n|-damage|p1a: Kramurx|0 fnt\n|faint|p1a: Kramurx\n|-damage|p2a: Dondozo|49\/100|[from] Recoil\n|\n|upkeep\n|\n|t:|1681852724\n|switch|p2b: Wo-Chien|Wo-Chien, L50|44\/100\n|switch|p1a: Scizor|Scizor, L50, F, tera:Water|95\/100 tox\n|-ability|p2b: Wo-Chien|Tablets of Ruin\n|turn|8\n|\n|t:|1681852747\n|move|p1b: Garchomp|Dragon Claw|p2a: Dondozo\n|-damage|p2a: Dondozo|24\/100\n|-damage|p1b: Garchomp|61\/100|[from] item: Life Orb\n|move|p1a: Scizor|U-turn|p2a: Dondozo\n|-damage|p2a: Dondozo|4\/100\n|\n|t:|1681852753\n|switch|p1a: Rotom|Rotom-Wash, L50|95\/100 tox|[from] U-turn\n|move|p2b: Wo-Chien|Leech Seed|p1a: Rotom\n|-start|p1a: Rotom|move: Leech Seed\n|move|p2a: Dondozo|Yawn|p1b: Garchomp\n|-start|p1b: Garchomp|move: Yawn|[of] p2a: Dondozo\n|\n|-heal|p2b: Wo-Chien|50\/100|[from] item: Leftovers\n|-damage|p1a: Rotom|83\/100 tox|[from] Leech Seed|[of] p2b: Wo-Chien\n|-heal|p2b: Wo-Chien|60\/100|[silent]\n|-damage|p1a: Rotom|77\/100 tox|[from] psn\n|upkeep\n|turn|9\n|inactive|chkndnnr has 30 seconds left.\n|\n|t:|1681852779\n|switch|p1b: Scizor|Scizor, L50, F, tera:Water|95\/100 tox\n|move|p2a: Dondozo|Protect|p2a: Dondozo\n|-singleturn|p2a: Dondozo|Protect\n|move|p1a: Rotom|Thunderbolt|p2a: Dondozo\n|-activate|p2a: Dondozo|move: Protect\n|move|p2b: Wo-Chien|Leech Seed|p1b: Scizor\n|-start|p1b: Scizor|move: Leech Seed\n|\n|-heal|p2b: Wo-Chien|67\/100|[from] item: Leftovers\n|-damage|p1a: Rotom|65\/100 tox|[from] Leech Seed|[of] p2b: Wo-Chien\n|-heal|p2b: Wo-Chien|77\/100|[silent]\n|-damage|p1b: Scizor|83\/100 tox|[from] Leech Seed|[of] p2b: Wo-Chien\n|-heal|p2b: Wo-Chien|86\/100|[silent]\n|-damage|p1a: Rotom|53\/100 tox|[from] psn\n|-damage|p1b: Scizor|77\/100 tox|[from] psn\n|upkeep\n|turn|10\n|inactive|chkndnnr has 30 seconds left.\n|inactive|chkndnnr has 20 seconds left.\n|\n|t:|1681852818\n|move|p1a: Rotom|Thunderbolt|p2a: Dondozo\n|-supereffective|p2a: Dondozo\n|-damage|p2a: Dondozo|0 fnt\n|faint|p2a: Dondozo\n|move|p1b: Scizor|U-turn|p2b: Wo-Chien\n|-supereffective|p2b: Wo-Chien\n|-damage|p2b: Wo-Chien|0 fnt\n|faint|p2b: Wo-Chien\n|\n|t:|1681852821\n|switch|p1b: Garchomp|Garchomp, L50, M|61\/100|[from] U-turn\n|-status|p1b: Garchomp|psn\n|\n|-damage|p1b: Garchomp|49\/100 psn|[from] psn\n|-damage|p1a: Rotom|36\/100 tox|[from] psn\n|upkeep\n|\n|t:|1681852832\n|switch|p2b: Chi-Yu|Chi-Yu, L50|100\/100\n|-ability|p2b: Chi-Yu|Beads of Ruin\n|turn|11\n|\n|t:|1681852840\n|move|p2b: Chi-Yu|Protect|p2b: Chi-Yu\n|-singleturn|p2b: Chi-Yu|Protect\n|move|p1b: Garchomp|Earthquake|p2b: Chi-Yu|[spread] \n|-activate|p2b: Chi-Yu|move: Protect\n|-immune|p1a: Rotom|[from] ability: Levitate\n|move|p1a: Rotom|Thunderbolt|p2b: Chi-Yu\n|-activate|p2b: Chi-Yu|move: Protect\n|\n|-damage|p1a: Rotom|24\/100 tox|[from] Leech Seed|[of] p2b: Chi-Yu\n|-damage|p1b: Garchomp|37\/100 psn|[from] psn\n|-damage|p1a: Rotom|0 fnt|[from] psn\n|faint|p1a: Rotom\n|upkeep\n|\n|t:|1681852843\n|switch|p1a: Scizor|Scizor, L50, F, tera:Water|77\/100 tox\n|turn|12\n|\n|t:|1681852862\n|move|p1a: Scizor|Bullet Punch|p2b: Chi-Yu\n|-resisted|p2b: Chi-Yu\n|-damage|p2b: Chi-Yu|78\/100\n|move|p1b: Garchomp|Stomping Tantrum|p2b: Chi-Yu\n|-supereffective|p2b: Chi-Yu\n|-damage|p2b: Chi-Yu|0 fnt\n|faint|p2b: Chi-Yu\n|-damage|p1b: Garchomp|27\/100 psn|[from] item: Life Orb\n|\n|win|Kentakio\n|raw|Kentakio's rating: 1388 → 1409<\/strong> (+21 for winning)\n|raw|chkndnnr's rating: 1405 → 1384<\/strong> (-21 for losing)\n","uploadtime":1681852880,"views":9,"p1id":"kentakio","p2id":"chkndnnr","formatid":"gen9vgc2023regulationc","rating":1384,"private":0,"password":""}