{"id":"gen9vgc2023regulationc-1855234532","p1":"Bertoldttaining","p2":"The Penguinari","format":"[Gen 9] VGC 2023 Regulation C","log":"|j|\u2606Bertoldttaining\n|j|\u2606The Penguinari\n|t:|1682919832\n|gametype|doubles\n|player|p1|Bertoldttaining|lance|1327\n|player|p2|The Penguinari|grimsley|1369\n|teamsize|p1|6\n|teamsize|p2|6\n|gen|9\n|tier|[Gen 9] VGC 2023 Regulation C\n|rated|\n|rule|Species Clause: Limit one of each Pok\u00e9mon\n|rule|Item Clause: Limit one of each item\n|clearpoke\n|poke|p1|Palafin, L50, F|\n|poke|p1|Iron Hands, L50|\n|poke|p1|Arcanine, L50, M|\n|poke|p1|Amoonguss, L50, M|\n|poke|p1|Flutter Mane, L50|\n|poke|p1|Chien-Pao, L50|\n|poke|p2|Iron Bundle, L50|\n|poke|p2|Amoonguss, L50, M|\n|poke|p2|Chi-Yu, L50|\n|poke|p2|Corviknight, L50, M|\n|poke|p2|Flutter Mane, L50|\n|poke|p2|Iron Hands, L50|\n|teampreview|4\nThe Penguinari has agreed to open team sheets.\nBertoldttaining has agreed to open team sheets.\n|inactive|Battle timer is ON: inactive players will automatically lose when time's up. (requested by Bertoldttaining)\n|inactive|Bertoldttaining has 60 seconds left.\n|inactive|The Penguinari has 60 seconds left.\n|\n|t:|1682919883\n|start\n|switch|p1a: Arcanine|Arcanine, L50, M|100\/100\n|switch|p1b: Palafin|Palafin, L50, F|100\/100\n|switch|p2a: Amoonguss|Amoonguss, L50, M|100\/100\n|switch|p2b: Iron Hands|Iron Hands, L50|100\/100\n|-ability|p1a: Arcanine|Intimidate|boost\n|-unboost|p2a: Amoonguss|atk|1\n|-unboost|p2b: Iron Hands|atk|1\n|turn|1\n|inactive|The Penguinari has 30 seconds left.\n|inactive|The Penguinari has 20 seconds left.\n|\n|t:|1682919921\n|-terastallize|p2a: Amoonguss|Water\n|move|p1b: Palafin|Protect|p1b: Palafin\n|-singleturn|p1b: Palafin|Protect\n|move|p1a: Arcanine|Protect|p1a: Arcanine\n|-singleturn|p1a: Arcanine|Protect\n|move|p2b: Iron Hands|Fake Out|p1a: Arcanine\n|-activate|p1a: Arcanine|move: Protect\n|move|p2a: Amoonguss|Spore|p1b: Palafin\n|-activate|p1b: Palafin|move: Protect\n|\n|upkeep\n|turn|2\n|inactive|Bertoldttaining has 30 seconds left.\n|inactive|The Penguinari has 30 seconds left.\n|\n|t:|1682919953\n|detailschange|p1b: Palafin|Palafin-Hero, L50, F\n|switch|p1b: Iron Hands|Iron Hands, L50|100\/100\n|-end|p2b: Iron Hands|Quark Drive|[silent]\n|switch|p2b: Iron Bundle|Iron Bundle, L50|100\/100\n|-enditem|p2b: Iron Bundle|Booster Energy\n|-activate|p2b: Iron Bundle|ability: Quark Drive|[fromitem]\n|-start|p2b: Iron Bundle|quarkdrivespe\n|move|p1a: Arcanine|Will-O-Wisp|p2b: Iron Bundle\n|-status|p2b: Iron Bundle|brn\n|move|p2a: Amoonguss|Spore|p1a: Arcanine\n|-status|p1a: Arcanine|slp|[from] move: Spore\n|\n|-damage|p2b: Iron Bundle|94\/100 brn|[from] brn\n|upkeep\n|turn|3\n|inactive|Bertoldttaining has 30 seconds left.\n|inactive|The Penguinari has 30 seconds left.\n|inactive|Bertoldttaining has 20 seconds left.\n|inactive|The Penguinari has 20 seconds left.\n|\n|t:|1682919995\n|switch|p1a: Palafin|Palafin-Hero, L50, F|100\/100\n|-activate|p1a: Palafin|ability: Zero to Hero\n|move|p2b: Iron Bundle|Protect|p2b: Iron Bundle\n|-singleturn|p2b: Iron Bundle|Protect\n|move|p1b: Iron Hands|Wild Charge|p2a: Amoonguss\n|-supereffective|p2a: Amoonguss\n|-damage|p2a: Amoonguss|10\/100\n|-enditem|p2a: Amoonguss|Sitrus Berry|[eat]\n|-heal|p2a: Amoonguss|35\/100|[from] item: Sitrus Berry\n|-damage|p1b: Iron Hands|79\/100|[from] Recoil\n|move|p2a: Amoonguss|Spore|p1b: Iron Hands\n|-status|p1b: Iron Hands|slp|[from] move: Spore\n|\n|-damage|p2b: Iron Bundle|88\/100 brn|[from] brn\n|upkeep\n|turn|4\n|\n|t:|1682920013\n|move|p1a: Palafin|Protect|p1a: Palafin\n|-singleturn|p1a: Palafin|Protect\n|move|p2a: Amoonguss|Rage Powder|p2a: Amoonguss\n|-singleturn|p2a: Amoonguss|move: Rage Powder\n|move|p2b: Iron Bundle|Freeze-Dry|p1a: Palafin\n|-activate|p1a: Palafin|move: Protect\n|cant|p1b: Iron Hands|slp\n|\n|-damage|p2b: Iron Bundle|82\/100 brn|[from] brn\n|upkeep\n|turn|5\n|\n|t:|1682920029\n|switch|p1a: Arcanine|Arcanine, L50, M|100\/100 slp\n|-ability|p1a: Arcanine|Intimidate|boost\n|-unboost|p2a: Amoonguss|atk|1\n|-unboost|p2b: Iron Bundle|atk|1\n|move|p2a: Amoonguss|Rage Powder|p2a: Amoonguss\n|-singleturn|p2a: Amoonguss|move: Rage Powder\n|move|p2b: Iron Bundle|Freeze-Dry|p1a: Arcanine\n|-resisted|p1a: Arcanine\n|-damage|p1a: Arcanine|82\/100 slp\n|-curestatus|p1b: Iron Hands|slp|[msg]\n|move|p1b: Iron Hands|Wild Charge|p2a: Amoonguss\n|-supereffective|p2a: Amoonguss\n|-damage|p2a: Amoonguss|0 fnt\n|faint|p2a: Amoonguss\n|-damage|p1b: Iron Hands|72\/100|[from] Recoil\n|\n|-damage|p2b: Iron Bundle|76\/100 brn|[from] brn\n|upkeep\n|\n|t:|1682920039\n|switch|p2a: Iron Hands|Iron Hands, L50|100\/100\n|turn|6\n|\n|t:|1682920056\n|switch|p1a: Palafin|Palafin-Hero, L50, F|100\/100\n|move|p2a: Iron Hands|Fake Out|p1b: Iron Hands\n|-damage|p1b: Iron Hands|62\/100\n|move|p2b: Iron Bundle|Hydro Pump|p1a: Palafin\n|-resisted|p1a: Palafin\n|-damage|p1a: Palafin|72\/100\n|cant|p1b: Iron Hands|flinch\n|\n|-damage|p2b: Iron Bundle|69\/100 brn|[from] brn\n|upkeep\n|turn|7\n|\n|t:|1682920072\n|move|p2b: Iron Bundle|Protect|p2b: Iron Bundle\n|-singleturn|p2b: Iron Bundle|Protect\n|move|p1a: Palafin|Protect|p1a: Palafin\n|-singleturn|p1a: Palafin|Protect\n|move|p1b: Iron Hands|Drain Punch|p2b: Iron Bundle\n|-activate|p2b: Iron Bundle|move: Protect\n|move|p2a: Iron Hands|Wild Charge|p1a: Palafin\n|-activate|p1a: Palafin|move: Protect\n|\n|-damage|p2b: Iron Bundle|63\/100 brn|[from] brn\n|upkeep\n|turn|8\n|\n|t:|1682920087\n|-end|p2b: Iron Bundle|Quark Drive|[silent]\n|switch|p2b: Flutter Mane|Flutter Mane, L50|100\/100\n|switch|p1a: Arcanine|Arcanine, L50, M|82\/100 slp\n|-ability|p1a: Arcanine|Intimidate|boost\n|-unboost|p2a: Iron Hands|atk|1\n|-unboost|p2b: Flutter Mane|atk|1\n|move|p2a: Iron Hands|Wild Charge|p1a: Arcanine\n|-damage|p1a: Arcanine|43\/100 slp\n|-enditem|p1a: Arcanine|Sitrus Berry|[eat]\n|-heal|p1a: Arcanine|68\/100 slp|[from] item: Sitrus Berry\n|-damage|p2a: Iron Hands|93\/100|[from] Recoil\n|move|p1b: Iron Hands|Drain Punch|p2b: Flutter Mane\n|-immune|p2b: Flutter Mane\n|\n|upkeep\n|turn|9\n|inactive|Bertoldttaining has 30 seconds left.\n|\n|t:|1682920120\n|-terastallize|p1b: Iron Hands|Ground\n|move|p2b: Flutter Mane|Dazzling Gleam|p1b: Iron Hands|[spread] p1a,p1b\n|-resisted|p1a: Arcanine\n|-damage|p1a: Arcanine|43\/100 slp\n|-damage|p1b: Iron Hands|34\/100\n|cant|p1a: Arcanine|slp\n|move|p1b: Iron Hands|Stomping Tantrum|p2a: Iron Hands\n|-supereffective|p2a: Iron Hands\n|-damage|p2a: Iron Hands|0 fnt\n|faint|p2a: Iron Hands\n|-end|p2a: Iron Hands|Quark Drive|[silent]\n|\n|upkeep\n|\n|t:|1682920129\n|switch|p2a: Iron Bundle|Iron Bundle, L50|63\/100 brn\n|turn|10\n|\n|t:|1682920142\n|move|p2a: Iron Bundle|Freeze-Dry|p1b: Iron Hands\n|-supereffective|p1b: Iron Hands\n|-damage|p1b: Iron Hands|0 fnt\n|faint|p1b: Iron Hands\n|-end|p1b: Iron Hands|Quark Drive|[silent]\n|move|p2b: Flutter Mane|Dazzling Gleam|p1a: Arcanine\n|-resisted|p1a: Arcanine\n|-damage|p1a: Arcanine|9\/100 slp\n|-curestatus|p1a: Arcanine|slp|[msg]\n|move|p1a: Arcanine|Flare Blitz|p2b: Flutter Mane\n|-damage|p2b: Flutter Mane|6\/100\n|-damage|p1a: Arcanine|0 fnt|[from] Recoil\n|faint|p1a: Arcanine\n|\n|-damage|p2a: Iron Bundle|57\/100 brn|[from] brn\n|upkeep\n|\n|t:|1682920155\n|switch|p1a: Palafin|Palafin-Hero, L50, F|72\/100\n|switch|p1b: Chien-Pao|Chien-Pao, L50|100\/100\n|-ability|p1b: Chien-Pao|Sword of Ruin\n|turn|11\n|\n|t:|1682920174\n|move|p1a: Palafin|Jet Punch|p2b: Flutter Mane\n|-damage|p2b: Flutter Mane|0 fnt\n|faint|p2b: Flutter Mane\n|-end|p2b: Flutter Mane|Protosynthesis|[silent]\n|move|p2a: Iron Bundle|Freeze-Dry|p1a: Palafin\n|-supereffective|p1a: Palafin\n|-damage|p1a: Palafin|0 fnt\n|faint|p1a: Palafin\n|move|p1b: Chien-Pao|Sacred Sword|p2a: Iron Bundle\n|-supereffective|p2a: Iron Bundle\n|-damage|p2a: Iron Bundle|0 fnt\n|faint|p2a: Iron Bundle\n|-end|p2a: Iron Bundle|Quark Drive|[silent]\n|\n|win|Bertoldttaining\n|raw|Bertoldttaining's rating: 1327 → 1349<\/strong> (+22 for winning)\n|raw|The Penguinari's rating: 1369 → 1347<\/strong> (-22 for losing)\n|c|\u2606The Penguinari|gg\n","uploadtime":1682920180,"views":38,"p1id":"bertoldttaining","p2id":"thepenguinari","formatid":"gen9vgc2023regulationc","rating":1347,"private":0,"password":""}