{"id":"gen9vgc2023regulationc-1862106340","p1":"Piccolo Ruiz","p2":"originalkam","format":"[Gen 9] VGC 2023 Regulation C","log":"|j|\u2606Piccolo Ruiz\n|j|\u2606originalkam\n|t:|1683837605\n|gametype|doubles\n|player|p1|Piccolo Ruiz|valerie|1366\n|player|p2|originalkam|zinnia|1389\n|teamsize|p1|6\n|teamsize|p2|6\n|gen|9\n|tier|[Gen 9] VGC 2023 Regulation C\n|rated|\n|rule|Species Clause: Limit one of each Pok\u00e9mon\n|rule|Item Clause: Limit one of each item\n|clearpoke\n|poke|p1|Flutter Mane, L50|\n|poke|p1|Amoonguss, L50, F|\n|poke|p1|Gyarados, L50, F|\n|poke|p1|Chi-Yu, L50|\n|poke|p1|Ting-Lu, L50|\n|poke|p1|Baxcalibur, L50, F|\n|poke|p2|Flutter Mane, L50|\n|poke|p2|Chi-Yu, L50|\n|poke|p2|Ceruledge, L50, M|\n|poke|p2|Torkoal, L50, M|\n|poke|p2|Annihilape, L50, M|\n|poke|p2|Murkrow, L50, F|\n|teampreview|4\n|inactive|Battle timer is ON: inactive players will automatically lose when time's up. (requested by Piccolo Ruiz)\noriginalkam has agreed to open team sheets.\n|inactive|Piccolo Ruiz has 60 seconds left.\n|inactive|Piccolo Ruiz has 30 seconds left.\n|inactive|Piccolo Ruiz has 20 seconds left.\n|inactive|Piccolo Ruiz has 15 seconds left.\n|inactive|Piccolo Ruiz has 10 seconds left.\n|inactive|Piccolo Ruiz has 5 seconds left.\n|\n|t:|1683837695\n|start\n|switch|p1a: Ting-Lu|Ting-Lu, L50|100\/100\n|switch|p1b: Katya|Baxcalibur, L50, F, shiny|100\/100\n|switch|p2a: Annihilape|Annihilape, L50, M|100\/100\n|switch|p2b: Flutter Mane|Flutter Mane, L50|100\/100\n|-ability|p1a: Ting-Lu|Vessel of Ruin\n|turn|1\n|inactive|Piccolo Ruiz has 30 seconds left.\n|\n|t:|1683837727\n|-terastallize|p2b: Flutter Mane|Fairy\n|-terastallize|p1b: Katya|Poison\n|move|p2b: Flutter Mane|Dazzling Gleam|p1a: Ting-Lu|[spread] p1a,p1b\n|-supereffective|p1a: Ting-Lu\n|-resisted|p1b: Katya\n|-damage|p1a: Ting-Lu|55\/100\n|-damage|p1b: Katya|77\/100\n|-damage|p2b: Flutter Mane|91\/100|[from] item: Life Orb\n|move|p1b: Katya|Glaive Rush|p2a: Annihilape\n|-damage|p2a: Annihilape|38\/100\n|-singlemove|p1b: Katya|Glaive Rush|[silent]\n|move|p2a: Annihilape|Bulk Up|p2a: Annihilape\n|-boost|p2a: Annihilape|atk|1\n|-boost|p2a: Annihilape|def|1\n|move|p1a: Ting-Lu|Heavy Slam|p2b: Flutter Mane\n|-supereffective|p2b: Flutter Mane\n|-damage|p2b: Flutter Mane|0 fnt\n|faint|p2b: Flutter Mane\n|-end|p2b: Flutter Mane|Protosynthesis|[silent]\n|\n|-heal|p2a: Annihilape|44\/100|[from] item: Leftovers\n|upkeep\n|inactive|originalkam has 30 seconds left.\n|\n|t:|1683837759\n|switch|p2b: Torkoal|Torkoal, L50, M|100\/100\n|-weather|SunnyDay|[from] ability: Drought|[of] p2b: Torkoal\n|turn|2\n|\n|t:|1683837777\n|move|p2b: Torkoal|Helping Hand|p2a: Annihilape\n|-singleturn|p2a: Annihilape|Helping Hand|[of] p2b: Torkoal\n|move|p1b: Katya|Glaive Rush|p2a: Annihilape\n|-damage|p2a: Annihilape|2\/100\n|-singlemove|p1b: Katya|Glaive Rush|[silent]\n|move|p2a: Annihilape|Drain Punch|p1a: Ting-Lu\n|-supereffective|p1a: Ting-Lu\n|-damage|p1a: Ting-Lu|0 fnt\n|-heal|p2a: Annihilape|32\/100|[from] drain|[of] p1a: Ting-Lu\n|faint|p1a: Ting-Lu\n|\n|-weather|SunnyDay|[upkeep]\n|-heal|p2a: Annihilape|38\/100|[from] item: Leftovers\n|upkeep\n|\n|t:|1683837789\n|switch|p1a: Sasha Colby|Flutter Mane, L50|100\/100\n|-activate|p1a: Sasha Colby|ability: Protosynthesis\n|-start|p1a: Sasha Colby|protosynthesisspa\n|turn|3\n|\n|t:|1683837803\n|move|p2a: Annihilape|Protect|p2a: Annihilape\n|-singleturn|p2a: Annihilape|Protect\n|move|p1a: Sasha Colby|Shadow Ball|p2b: Torkoal\n|-damage|p2b: Torkoal|14\/100\n|move|p1b: Katya|Glaive Rush|p2a: Annihilape\n|-activate|p2a: Annihilape|move: Protect\n|move|p2b: Torkoal|Eruption|p1b: Katya|[spread] p1a,p1b\n|-damage|p1a: Sasha Colby|90\/100\n|-damage|p1b: Katya|67\/100\n|-ability|p1b: Katya|Thermal Exchange|boost\n|-boost|p1b: Katya|atk|1\n|\n|-weather|SunnyDay|[upkeep]\n|-heal|p2a: Annihilape|44\/100|[from] item: Leftovers\n|upkeep\n|turn|4\n|\n|t:|1683837819\n|move|p2b: Torkoal|Protect|p2b: Torkoal\n|-singleturn|p2b: Torkoal|Protect\n|move|p1a: Sasha Colby|Shadow Ball|p2a: Annihilape\n|-supereffective|p2a: Annihilape\n|-damage|p2a: Annihilape|0 fnt\n|faint|p2a: Annihilape\n|move|p1b: Katya|Glaive Rush|p2b: Torkoal\n|-activate|p2b: Torkoal|move: Protect\n|\n|-weather|SunnyDay|[upkeep]\n|upkeep\n|\n|t:|1683837823\n|switch|p2a: Chi-Yu|Chi-Yu, L50|100\/100\n|-ability|p2a: Chi-Yu|Beads of Ruin\n|turn|5\n|\n|t:|1683837837\n|move|p2b: Torkoal|Helping Hand|p2a: Chi-Yu\n|-singleturn|p2a: Chi-Yu|Helping Hand|[of] p2b: Torkoal\n|move|p1b: Katya|Protect|p1b: Katya\n|-singleturn|p1b: Katya|Protect\n|move|p2a: Chi-Yu|Heat Wave|p1b: Katya|[spread] p1a\n|-activate|p1b: Katya|move: Protect\n|-damage|p1a: Sasha Colby|0 fnt\n|faint|p1a: Sasha Colby\n|-end|p1a: Sasha Colby|Protosynthesis|[silent]\n|\n|-weather|SunnyDay|[upkeep]\n|upkeep\n|\n|t:|1683837845\n|switch|p1a: Mo Heart|Chi-Yu, L50|100\/100\n|-ability|p1a: Mo Heart|Beads of Ruin\n|turn|6\n|inactive|Piccolo Ruiz has 30 seconds left.\n|inactive|Piccolo Ruiz has 20 seconds left.\n|\n|t:|1683837883\n|move|p2b: Torkoal|Helping Hand|p2a: Chi-Yu\n|-singleturn|p2a: Chi-Yu|Helping Hand|[of] p2b: Torkoal\n|move|p1b: Katya|Ice Shard|p2b: Torkoal\n|-resisted|p2b: Torkoal\n|-damage|p2b: Torkoal|1\/100\n|move|p2a: Chi-Yu|Heat Wave|p1b: Katya|[spread] p1a,p1b\n|-resisted|p1a: Mo Heart\n|-damage|p1a: Mo Heart|54\/100\n|-damage|p1b: Katya|0 fnt\n|faint|p1b: Katya\n|move|p1a: Mo Heart|Flamethrower|p2a: Chi-Yu\n|-resisted|p2a: Chi-Yu\n|-damage|p2a: Chi-Yu|62\/100\n|\n|-weather|none\n|upkeep\n|turn|7\n|\n|t:|1683837899\n|move|p2a: Chi-Yu|Heat Wave|p1a: Mo Heart\n|-resisted|p1a: Mo Heart\n|-damage|p1a: Mo Heart|23\/100\n|move|p1a: Mo Heart|Flamethrower|p2a: Chi-Yu\n|-resisted|p2a: Chi-Yu\n|-damage|p2a: Chi-Yu|38\/100\n|move|p2b: Torkoal|Overheat|p1a: Mo Heart\n|-resisted|p1a: Mo Heart\n|-damage|p1a: Mo Heart|0 fnt\n|-unboost|p2b: Torkoal|spa|2\n|faint|p1a: Mo Heart\n|\n|win|originalkam\n|raw|Piccolo Ruiz's rating: 1366 → 1347<\/strong> (-19 for losing)\n|raw|originalkam's rating: 1389 → 1408<\/strong> (+19 for winning)\n|l|\u2606originalkam\n","uploadtime":1683837913,"views":11,"p1id":"piccoloruiz","p2id":"originalkam","formatid":"gen9vgc2023regulationc","rating":1347,"private":0,"password":""}