{"id":"gen9vgc2023regulationc-1851496474","p1":"Eminercy","p2":"Valhala Alfa","format":"[Gen 9] VGC 2023 Regulation C","log":"|j|\u2606Eminercy\n|j|\u2606Valhala Alfa\n|t:|1682449981\n|gametype|doubles\n|player|p1|Eminercy|dawn|1140\n|player|p2|Valhala Alfa|169|1237\n|teamsize|p1|6\n|teamsize|p2|6\n|gen|9\n|tier|[Gen 9] VGC 2023 Regulation C\n|rated|\n|rule|Species Clause: Limit one of each Pok\u00e9mon\n|rule|Item Clause: Limit one of each item\n|clearpoke\n|poke|p1|Chi-Yu, L50|\n|poke|p1|Iron Bundle, L50|\n|poke|p1|Great Tusk, L50|\n|poke|p1|Murkrow, L50, M|\n|poke|p1|Dragonite, L50, M|\n|poke|p1|Flutter Mane, L50|\n|poke|p2|Tyranitar, L50, F|\n|poke|p2|Palafin, L50, M|\n|poke|p2|Amoonguss, L50, F|\n|poke|p2|Lycanroc, L50, F|\n|poke|p2|Arcanine, L50, F|\n|poke|p2|Bellibolt, L50, F|\n|teampreview|4\nEminercy rejected open team sheets.\n|\n|t:|1682450020\n|start\n|switch|p1a: Murkrow|Murkrow, L50, M|100\/100\n|switch|p1b: Dragonite|Dragonite, L50, M|100\/100\n|switch|p2a: Lycanroc|Lycanroc, L50, F, shiny|100\/100\n|switch|p2b: Palafin|Palafin, L50, M|100\/100\n|turn|1\n|\n|t:|1682450044\n|detailschange|p2b: Palafin|Palafin-Hero, L50, M\n|switch|p2b: Tyranitar|Tyranitar, L50, F|100\/100\n|-weather|Sandstorm|[from] ability: Sand Stream|[of] p2b: Tyranitar\n|move|p1b: Dragonite|Extreme Speed|p2b: Tyranitar\n|-resisted|p2b: Tyranitar\n|-damage|p2b: Tyranitar|90\/100\n|move|p1a: Murkrow|Sunny Day|p1a: Murkrow\n|-weather|SunnyDay\n|move|p2a: Lycanroc|Rock Slide|p1b: Dragonite|[spread] p1a,p1b\n|-supereffective|p1a: Murkrow\n|-supereffective|p1b: Dragonite\n|-damage|p1a: Murkrow|32\/100\n|-damage|p1b: Dragonite|49\/100\n|\n|-weather|SunnyDay|[upkeep]\n|-heal|p2b: Tyranitar|96\/100|[from] item: Leftovers\n|upkeep\n|turn|2\n|\n|t:|1682450070\n|move|p2a: Lycanroc|Protect|p2a: Lycanroc\n|-singleturn|p2a: Lycanroc|Protect\n|move|p1a: Murkrow|Tailwind|p1a: Murkrow\n|-sidestart|p1: Eminercy|move: Tailwind\n|move|p1b: Dragonite|Low Kick|p2b: Tyranitar\n|-supereffective|p2b: Tyranitar\n|-damage|p2b: Tyranitar|0 fnt\n|faint|p2b: Tyranitar\n|\n|-weather|SunnyDay|[upkeep]\n|upkeep\n|\n|t:|1682450077\n|switch|p2b: Bellibolt|Bellibolt, L50, F|100\/100\n|turn|3\n|\n|t:|1682450094\n|move|p1a: Murkrow|Foul Play|p2a: Lycanroc\n|-damage|p2a: Lycanroc|24\/100\n|move|p1b: Dragonite|Low Kick|p2a: Lycanroc\n|-supereffective|p2a: Lycanroc\n|-damage|p2a: Lycanroc|0 fnt\n|faint|p2a: Lycanroc\n|move|p2b: Bellibolt|Thunderbolt|p1b: Dragonite\n|-crit|p1b: Dragonite\n|-damage|p1b: Dragonite|15\/100\n|\n|-weather|SunnyDay|[upkeep]\n|upkeep\n|\n|t:|1682450103\n|switch|p2a: Palafin|Palafin-Hero, L50, M|100\/100\n|-activate|p2a: Palafin|ability: Zero to Hero\n|turn|4\n|\n|t:|1682450116\n|move|p2a: Palafin|Protect|p2a: Palafin\n|-singleturn|p2a: Palafin|Protect\n|move|p1a: Murkrow|Foul Play|p2a: Palafin\n|-activate|p2a: Palafin|move: Protect\n|move|p1b: Dragonite|Low Kick|p2a: Palafin\n|-activate|p2a: Palafin|move: Protect\n|move|p2b: Bellibolt|Parabolic Charge|p1b: Dragonite|[spread] p1a,p1b\n|-activate|p2a: Palafin|move: Protect\n|-supereffective|p1a: Murkrow\n|-damage|p1a: Murkrow|0 fnt\n|-damage|p1b: Dragonite|3\/100\n|faint|p1a: Murkrow\n|\n|-weather|SunnyDay|[upkeep]\n|upkeep\n|\n|t:|1682450128\n|switch|p1a: Iron Bundle|Iron Bundle, L50|100\/100\n|-enditem|p1a: Iron Bundle|Booster Energy\n|-activate|p1a: Iron Bundle|ability: Quark Drive|[fromitem]\n|-start|p1a: Iron Bundle|quarkdrivespe\n|turn|5\n|\n|t:|1682450151\n|move|p1b: Dragonite|Extreme Speed|p2a: Palafin\n|-damage|p2a: Palafin|74\/100\n|move|p2a: Palafin|Jet Punch|p1a: Iron Bundle\n|-resisted|p1a: Iron Bundle\n|-damage|p1a: Iron Bundle|86\/100\n|move|p1a: Iron Bundle|Freeze-Dry|p2a: Palafin\n|-supereffective|p2a: Palafin\n|-damage|p2a: Palafin|1\/100\n|move|p2b: Bellibolt|Parabolic Charge|p1b: Dragonite|[spread] p2a,p1a,p1b\n|-supereffective|p2a: Palafin\n|-supereffective|p1a: Iron Bundle\n|-crit|p1b: Dragonite\n|-damage|p2a: Palafin|0 fnt\n|-damage|p1a: Iron Bundle|0 fnt\n|-damage|p1b: Dragonite|0 fnt\n|faint|p2a: Palafin\n|faint|p1a: Iron Bundle\n|-end|p1a: Iron Bundle|Quark Drive|[silent]\n|faint|p1b: Dragonite\n|\n|-weather|none\n|-sideend|p1: Eminercy|move: Tailwind\n|upkeep\n|\n|t:|1682450169\n|switch|p1a: Flutter Mane|Flutter Mane, L50|100\/100\n|turn|6\n|\n|t:|1682450183\n|move|p1a: Flutter Mane|Moonblast|p2b: Bellibolt\n|-damage|p2b: Bellibolt|69\/100\n|-start|p2b: Bellibolt|Charge|Moonblast|[from] ability: Electromorphosis\n|move|p2b: Bellibolt|Thunderbolt|p1a: Flutter Mane\n|-damage|p1a: Flutter Mane|15\/100\n|-end|p2b: Bellibolt|Charge|[silent]\n|\n|upkeep\n|turn|7\n|\n|t:|1682450193\n|move|p1a: Flutter Mane|Protect|p1a: Flutter Mane\n|-singleturn|p1a: Flutter Mane|Protect\n|move|p2b: Bellibolt|Sucker Punch||[still]\n|-fail|p2b: Bellibolt\n|\n|upkeep\n|turn|8\n|\n|t:|1682450199\n|-terastallize|p1a: Flutter Mane|Fairy\n|move|p2b: Bellibolt|Sucker Punch|p1a: Flutter Mane\n|-resisted|p1a: Flutter Mane\n|-damage|p1a: Flutter Mane|4\/100\n|move|p1a: Flutter Mane|Moonblast|p2b: Bellibolt\n|-damage|p2b: Bellibolt|26\/100\n|-start|p2b: Bellibolt|Charge|Moonblast|[from] ability: Electromorphosis\n|\n|upkeep\n|turn|9\n|\n|t:|1682450207\n|move|p1a: Flutter Mane|Protect|p1a: Flutter Mane\n|-singleturn|p1a: Flutter Mane|Protect\n|move|p2b: Bellibolt|Sucker Punch||[still]\n|-fail|p2b: Bellibolt\n|\n|upkeep\n|turn|10\n|\n|t:|1682450213\n|move|p2b: Bellibolt|Sucker Punch|p1a: Flutter Mane\n|-resisted|p1a: Flutter Mane\n|-damage|p1a: Flutter Mane|0 fnt\n|faint|p1a: Flutter Mane\n|-end|p1a: Flutter Mane|Protosynthesis|[silent]\n|\n|win|Valhala Alfa\n|raw|Eminercy's rating: 1140 → 1122<\/strong> (-18 for losing)\n|raw|Valhala Alfa's rating: 1237 → 1255<\/strong> (+18 for winning)\n|l|\u2606Eminercy\n","uploadtime":1682450219,"views":6,"p1id":"eminercy","p2id":"valhalaalfa","formatid":"gen9vgc2023regulationc","rating":1122,"private":0,"password":""}