{"id":"gen9vgc2023regulationc-1863360537","p1":"Drewtwo64","p2":"eeveenescence69XD","format":"[Gen 9] VGC 2023 Regulation C","log":"|j|\u2606Drewtwo64\n|j|\u2606eeveenescence69XD\n|t:|1684007098\n|gametype|doubles\n|player|p1|Drewtwo64|101|\n|player|p2|eeveenescence69XD|266|\n|teamsize|p1|6\n|teamsize|p2|6\n|gen|9\n|tier|[Gen 9] VGC 2023 Regulation C\n|rule|Species Clause: Limit one of each Pok\u00e9mon\n|rule|Item Clause: Limit one of each item\n|clearpoke\n|poke|p1|Ting-Lu, L50|\n|poke|p1|Maushold-Four, L50|\n|poke|p1|Annihilape, L50, M|\n|poke|p1|Dragonite, L50, F|\n|poke|p1|Chien-Pao, L50|\n|poke|p1|Flutter Mane, L50|\n|poke|p2|Dragonite, L50, F|\n|poke|p2|Chien-Pao, L50|\n|poke|p2|Flutter Mane, L50|\n|poke|p2|Palafin, L50, F|\n|poke|p2|Arcanine, L50, M|\n|poke|p2|Amoonguss, L50, M|\n|teampreview|4\n|\n|t:|1684007181\n|start\n|switch|p1a: Dragonite|Dragonite, L50, F|100\/100\n|switch|p1b: Annihilape|Annihilape, L50, M|100\/100\n|switch|p2a: Booger|Dragonite, L50, F, shiny|100\/100\n|switch|p2b: BlowJob|Palafin, L50, F, shiny|100\/100\n|turn|1\n|\n|t:|1684007249\n|detailschange|p2b: BlowJob|Palafin-Hero, L50, F, shiny\n|switch|p2b: Cougar|Chien-Pao, L50|100\/100\n|-ability|p2b: Cougar|Sword of Ruin\n|-terastallize|p2a: Booger|Normal\n|move|p1b: Annihilape|Bulk Up|p1b: Annihilape\n|-boost|p1b: Annihilape|atk|1\n|-boost|p1b: Annihilape|def|1\n|move|p1a: Dragonite|Tailwind|p1a: Dragonite\n|-sidestart|p1: Drewtwo64|move: Tailwind\n|move|p2a: Booger|Outrage|p1b: Annihilape\n|-damage|p1b: Annihilape|18\/100\n|\n|-heal|p1b: Annihilape|24\/100|[from] item: Leftovers\n|upkeep\n|turn|2\n|\n|t:|1684007275\n|move|p1a: Dragonite|Extreme Speed|p2b: Cougar\n|-damage|p2b: Cougar|58\/100\n|move|p2b: Cougar|Sucker Punch|p1b: Annihilape\n|-damage|p1b: Annihilape|0 fnt\n|faint|p1b: Annihilape\n|move|p2a: Booger|Outrage|p1a: Dragonite|[from]lockedmove\n|-supereffective|p1a: Dragonite\n|-damage|p1a: Dragonite|0 fnt\n|faint|p1a: Dragonite\n|\n|upkeep\n|\n|t:|1684007289\n|switch|p1b: Ting-Lu|Ting-Lu, L50|100\/100\n|switch|p1a: Flutter Mane|Flutter Mane, L50|100\/100\n|-ability|p1b: Ting-Lu|Vessel of Ruin\n|turn|3\n|\n|t:|1684007306\n|switch|p2b: BlowJob|Palafin-Hero, L50, F, shiny|100\/100\n|-activate|p2b: BlowJob|ability: Zero to Hero\n|move|p1a: Flutter Mane|Substitute|p1a: Flutter Mane\n|-start|p1a: Flutter Mane|Substitute\n|-damage|p1a: Flutter Mane|76\/100\n|move|p1b: Ting-Lu|Heavy Slam|p2b: BlowJob\n|-resisted|p2b: BlowJob\n|-damage|p2b: BlowJob|81\/100\n|move|p2a: Booger|Outrage|p1b: Ting-Lu|[from]lockedmove\n|-damage|p1b: Ting-Lu|42\/100\n|-start|p2a: Booger|confusion|[fatigue]\n|\n|upkeep\n|turn|4\n|\n|t:|1684007337\n|switch|p2a: Cougar|Chien-Pao, L50|58\/100\n|-ability|p2a: Cougar|Sword of Ruin\n|move|p2b: BlowJob|Jet Punch|p1b: Ting-Lu\n|-supereffective|p1b: Ting-Lu\n|-damage|p1b: Ting-Lu|0 fnt\n|faint|p1b: Ting-Lu\n|move|p1a: Flutter Mane|Moonblast|p2a: Cougar\n|-supereffective|p2a: Cougar\n|-damage|p2a: Cougar|0 fnt\n|faint|p2a: Cougar\n|-damage|p1a: Flutter Mane|67\/100|[from] item: Life Orb\n|\n|-sideend|p1: Drewtwo64|move: Tailwind\n|upkeep\n|\n|t:|1684007358\n|switch|p2a: Booger|Dragonite, L50, F, shiny, tera:Normal|100\/100\n|turn|5\n|\n|t:|1684007375\n|move|p2b: BlowJob|Jet Punch|p1a: Flutter Mane\n|-end|p1a: Flutter Mane|Substitute\n|move|p1a: Flutter Mane|Moonblast|p2a: Booger\n|-damage|p2a: Booger|45\/100\n|-damage|p1a: Flutter Mane|57\/100|[from] item: Life Orb\n|move|p2a: Booger|Stomping Tantrum|p1a: Flutter Mane\n|-damage|p1a: Flutter Mane|0 fnt\n|faint|p1a: Flutter Mane\n|-end|p1a: Flutter Mane|Protosynthesis|[silent]\n|\n|win|eeveenescence69XD\n","uploadtime":1684007398,"views":7,"p1id":"drewtwo64","p2id":"eeveenescence69xd","formatid":"gen9vgc2023regulationc","rating":0,"private":0,"password":""}