{"id":"gen9vgc2023regulationc-1858906760","p1":"M4tty02","p2":"Keter.Kun","format":"[Gen 9] VGC 2023 Regulation C","log":"|j|\u2606M4tty02\n|j|\u2606Keter.Kun\n|t:|1683381826\n|gametype|doubles\n|player|p1|M4tty02|emmet|\n|player|p2|Keter.Kun|2|\n|teamsize|p1|6\n|teamsize|p2|6\n|gen|9\n|tier|[Gen 9] VGC 2023 Regulation C\n|rule|Species Clause: Limit one of each Pok\u00e9mon\n|rule|Item Clause: Limit one of each item\n|clearpoke\n|poke|p1|Chi-Yu, L50|\n|poke|p1|Flutter Mane, L50|\n|poke|p1|Amoonguss, L50, M|\n|poke|p1|Iron Hands, L50|\n|poke|p1|Palafin, L50, F|\n|poke|p1|Arcanine, L50, F|\n|poke|p2|Volcarona, L50, M|\n|poke|p2|Oricorio-Pom-Pom, L50, F|\n|poke|p2|Amoonguss, L50, F|\n|poke|p2|Iron Bundle, L50|\n|poke|p2|Great Tusk, L50|\n|poke|p2|Kingambit, L50, M|\n|teampreview|4\nKeter.Kun has agreed to open team sheets.\nM4tty02 has agreed to open team sheets.\n|c|\u2606Keter.Kun|buona fortuna bro\n|c|\u2606M4tty02|buona fortuna\n|\n|t:|1683381924\n|start\n|switch|p1a: Chi-Yu|Chi-Yu, L50|100\/100\n|switch|p1b: Palafin|Palafin, L50, F, shiny|100\/100\n|switch|p2a: Volcarona|Volcarona, L50, M|100\/100\n|switch|p2b: Oricorio|Oricorio-Pom-Pom, L50, F|100\/100\n|-ability|p1a: Chi-Yu|Beads of Ruin\n|turn|1\n|inactive|Battle timer is ON: inactive players will automatically lose when time's up. (requested by Keter.Kun)\n|\n|t:|1683381963\n|-terastallize|p2a: Volcarona|Water\n|move|p2b: Oricorio|Protect|p2b: Oricorio\n|-singleturn|p2b: Oricorio|Protect\n|move|p1b: Palafin|Jet Punch|p2b: Oricorio\n|-activate|p2b: Oricorio|move: Protect\n|move|p1a: Chi-Yu|Dark Pulse|p2b: Oricorio\n|-activate|p2b: Oricorio|move: Protect\n|move|p2a: Volcarona|Quiver Dance|p2a: Volcarona\n|-boost|p2a: Volcarona|spa|1\n|-boost|p2a: Volcarona|spd|1\n|-boost|p2a: Volcarona|spe|1\n|-activate|p2b: Oricorio|ability: Dancer\n|move|p2b: Oricorio|Quiver Dance|p2b: Oricorio|[from]ability: Dancer\n|-boost|p2b: Oricorio|spa|1\n|-boost|p2b: Oricorio|spd|1\n|-boost|p2b: Oricorio|spe|1\n|\n|upkeep\n|turn|2\n|inactive|M4tty02 has 30 seconds left.\n|inactive|Keter.Kun has 30 seconds left.\n|\n|t:|1683381991\n|detailschange|p1b: Palafin|Palafin-Hero, L50, F, shiny\n|switch|p1b: Iron Hands|Iron Hands, L50|100\/100\n|move|p1a: Chi-Yu|Dark Pulse|p2b: Oricorio\n|-damage|p2b: Oricorio|42\/100\n|move|p2a: Volcarona|Struggle Bug|p1a: Chi-Yu|[spread] p1a,p1b\n|-resisted|p1b: Iron Hands\n|-damage|p1a: Chi-Yu|73\/100\n|-damage|p1b: Iron Hands|93\/100\n|-unboost|p1a: Chi-Yu|spa|1\n|-unboost|p1b: Iron Hands|spa|1\n|move|p2b: Oricorio|Revelation Dance|p1b: Iron Hands\n|-resisted|p1b: Iron Hands\n|-damage|p1b: Iron Hands|73\/100\n|\n|upkeep\n|turn|3\n|inactive|Keter.Kun has 30 seconds left.\n|\n|t:|1683382016\n|switch|p1a: Palafin|Palafin-Hero, L50, F, shiny|100\/100\n|-activate|p1a: Palafin|ability: Zero to Hero\n|move|p2a: Volcarona|Protect|p2a: Volcarona\n|-singleturn|p2a: Volcarona|Protect\n|move|p2b: Oricorio|Air Slash|p1b: Iron Hands|[miss]\n|-miss|p2b: Oricorio|p1b: Iron Hands\n|move|p1b: Iron Hands|Wild Charge|p2a: Volcarona\n|-activate|p2a: Volcarona|move: Protect\n|\n|upkeep\n|turn|4\n|\n|t:|1683382037\n|move|p2b: Oricorio|Protect|p2b: Oricorio\n|-singleturn|p2b: Oricorio|Protect\n|move|p1a: Palafin|Protect|p1a: Palafin\n|-singleturn|p1a: Palafin|Protect\n|move|p2a: Volcarona|Fiery Dance|p1b: Iron Hands\n|-damage|p1b: Iron Hands|47\/100\n|-boost|p2a: Volcarona|spa|1\n|-activate|p2b: Oricorio|ability: Dancer\n|move|p2b: Oricorio|Fiery Dance|p1b: Iron Hands|[from]ability: Dancer\n|-damage|p1b: Iron Hands|28\/100\n|-boost|p2b: Oricorio|spa|1\n|move|p1b: Iron Hands|Volt Switch|p2a: Volcarona\n|-supereffective|p2a: Volcarona\n|-damage|p2a: Volcarona|89\/100\n|\n|t:|1683382048\n|-end|p1b: Iron Hands|Quark Drive|[silent]\n|switch|p1b: Chi-Yu|Chi-Yu, L50|73\/100|[from] Volt Switch\n|-ability|p1b: Chi-Yu|Beads of Ruin\n|\n|-heal|p2a: Volcarona|95\/100|[from] item: Leftovers\n|upkeep\n|turn|5\n|\n|t:|1683382064\n|-terastallize|p1a: Palafin|Water\n|move|p1a: Palafin|Jet Punch|p2b: Oricorio\n|-damage|p2b: Oricorio|0 fnt\n|faint|p2b: Oricorio\n|move|p1b: Chi-Yu|Dark Pulse|p2a: Volcarona\n|-damage|p2a: Volcarona|56\/100\n|cant|p2a: Volcarona|flinch\n|\n|-heal|p2a: Volcarona|62\/100|[from] item: Leftovers\n|upkeep\n|\n|t:|1683382078\n|switch|p2b: Iron Bundle|Iron Bundle, L50|100\/100\n|-enditem|p2b: Iron Bundle|Booster Energy\n|-activate|p2b: Iron Bundle|ability: Quark Drive|[fromitem]\n|-start|p2b: Iron Bundle|quarkdrivespe\n|turn|6\n|\n|t:|1683382101\n|move|p2b: Iron Bundle|Protect|p2b: Iron Bundle\n|-singleturn|p2b: Iron Bundle|Protect\n|move|p1b: Chi-Yu|Dark Pulse|p2b: Iron Bundle\n|-activate|p2b: Iron Bundle|move: Protect\n|move|p2a: Volcarona|Quiver Dance|p2a: Volcarona\n|-boost|p2a: Volcarona|spa|1\n|-boost|p2a: Volcarona|spd|1\n|-boost|p2a: Volcarona|spe|1\n|move|p1a: Palafin|Wave Crash|p2a: Volcarona\n|-resisted|p2a: Volcarona\n|-damage|p2a: Volcarona|0 fnt\n|faint|p2a: Volcarona\n|-damage|p1a: Palafin|83\/100|[from] Recoil\n|\n|upkeep\n|\n|t:|1683382114\n|switch|p2a: Amoonguss|Amoonguss, L50, F|100\/100\n|turn|7\n|\n|t:|1683382124\n|switch|p1b: Iron Hands|Iron Hands, L50|28\/100\n|move|p1a: Palafin|Protect|p1a: Palafin\n|-singleturn|p1a: Palafin|Protect\n|move|p2a: Amoonguss|Rage Powder|p2a: Amoonguss\n|-singleturn|p2a: Amoonguss|move: Rage Powder\n|move|p2b: Iron Bundle|Hydro Pump|p1b: Iron Hands\n|-damage|p1b: Iron Hands|0 fnt\n|faint|p1b: Iron Hands\n|-end|p1b: Iron Hands|Quark Drive|[silent]\n|\n|upkeep\n|\n|t:|1683382133\n|switch|p1b: Chi-Yu|Chi-Yu, L50|73\/100\n|-ability|p1b: Chi-Yu|Beads of Ruin\n|turn|8\n|\n|t:|1683382147\n|move|p2a: Amoonguss|Rage Powder|p2a: Amoonguss\n|-singleturn|p2a: Amoonguss|move: Rage Powder\n|move|p2b: Iron Bundle|Hydro Pump|p1b: Chi-Yu|[miss]\n|-miss|p2b: Iron Bundle|p1b: Chi-Yu\n|move|p1b: Chi-Yu|Heat Wave|p2b: Iron Bundle|[spread] p2a\n|-miss|p1b: Chi-Yu|p2b: Iron Bundle\n|-supereffective|p2a: Amoonguss\n|-damage|p2a: Amoonguss|20\/100\n|-enditem|p2a: Amoonguss|Aguav Berry|[eat]\n|-heal|p2a: Amoonguss|54\/100|[from] item: Aguav Berry\n|move|p1a: Palafin|Wave Crash|p2a: Amoonguss\n|-resisted|p2a: Amoonguss\n|-damage|p2a: Amoonguss|4\/100\n|-damage|p1a: Palafin|66\/100|[from] Recoil\n|\n|upkeep\n|turn|9\n|\n|t:|1683382164\n|move|p1a: Palafin|Jet Punch|p2a: Amoonguss\n|-resisted|p2a: Amoonguss\n|-damage|p2a: Amoonguss|0 fnt\n|faint|p2a: Amoonguss\n|move|p2b: Iron Bundle|Hydro Pump|p1b: Chi-Yu\n|-supereffective|p1b: Chi-Yu\n|-damage|p1b: Chi-Yu|0 fnt\n|faint|p1b: Chi-Yu\n|\n|upkeep\n|\n|t:|1683382169\n|switch|p1b: Flutter Mane|Flutter Mane, L50|100\/100\n|-enditem|p1b: Flutter Mane|Booster Energy\n|-activate|p1b: Flutter Mane|ability: Protosynthesis|[fromitem]\n|-start|p1b: Flutter Mane|protosynthesisspa\n|turn|10\n|\n|t:|1683382177\n|move|p1b: Flutter Mane|Protect|p1b: Flutter Mane\n|-singleturn|p1b: Flutter Mane|Protect\n|move|p2b: Iron Bundle|Hydro Pump|p1b: Flutter Mane\n|-activate|p1b: Flutter Mane|move: Protect\n|move|p1a: Palafin|Wave Crash|p2b: Iron Bundle\n|-resisted|p2b: Iron Bundle\n|-damage|p2b: Iron Bundle|18\/100\n|-damage|p1a: Palafin|48\/100|[from] Recoil\n|\n|upkeep\n|turn|11\n|\n|t:|1683382187\n|move|p1a: Palafin|Jet Punch|p2b: Iron Bundle\n|-resisted|p2b: Iron Bundle\n|-damage|p2b: Iron Bundle|0 fnt\n|faint|p2b: Iron Bundle\n|-end|p2b: Iron Bundle|Quark Drive|[silent]\n|\n|win|M4tty02\n|c|\u2606M4tty02|gg\n|c|\u2606Keter.Kun|eh nulla. in sta partita sono stato sfortunatissimo gg\n|j| lucarioex555\n|l| lucarioex555\n|l|\u2606Keter.Kun\n","uploadtime":1683383005,"views":8,"p1id":"m4tty02","p2id":"keterkun","formatid":"gen9vgc2023regulationc","rating":0,"private":0,"password":""}