{"id":"gen9vgc2023regulationc-1854506354","p1":"Errorrss","p2":"OhNoItsCody","format":"[Gen 9] VGC 2023 Regulation C","log":"|j|\u2606Errorrss\n|j|\u2606OhNoItsCody\n|t:|1682819762\n|gametype|doubles\n|player|p1|Errorrss|170|1076\n|player|p2|OhNoItsCody|1|1055\n|teamsize|p1|6\n|teamsize|p2|6\n|gen|9\n|tier|[Gen 9] VGC 2023 Regulation C\n|rated|\n|rule|Species Clause: Limit one of each Pok\u00e9mon\n|rule|Item Clause: Limit one of each item\n|clearpoke\n|poke|p1|Dondozo, L50, M|\n|poke|p1|Tatsugiri, L50, M|\n|poke|p1|Ting-Lu, L50|\n|poke|p1|Flutter Mane, L50|\n|poke|p1|Flamigo, L50, M|\n|poke|p1|Grimmsnarl, L50, M|\n|poke|p2|Garchomp, L50, M|\n|poke|p2|Glimmora, L50, M|\n|poke|p2|Kingambit, L50, M|\n|poke|p2|Zoroark, L50, M|\n|poke|p2|Hippowdon, L50, F|\n|poke|p2|Sylveon, L50, F|\n|teampreview|4\n|inactive|Battle timer is ON: inactive players will automatically lose when time's up. (requested by Errorrss)\n|inactive|Errorrss has 60 seconds left.\n|\n|t:|1682819818\n|start\n|switch|p1a: Tatsugiri|Tatsugiri, L50, M|100\/100\n|switch|p1b: Ting-Lu|Ting-Lu, L50|100\/100\n|switch|p2a: Garchomp|Garchomp, L50, M|100\/100\n|switch|p2b: Glimmora|Glimmora, L50, M|100\/100\n|-ability|p1b: Ting-Lu|Vessel of Ruin\n|turn|1\n|inactive|Errorrss has 30 seconds left.\n|\n|t:|1682819854\n|move|p2a: Garchomp|Protect|p2a: Garchomp\n|-singleturn|p2a: Garchomp|Protect\n|move|p1a: Tatsugiri|Protect|p1a: Tatsugiri\n|-singleturn|p1a: Tatsugiri|Protect\n|move|p2b: Glimmora|Mortal Spin|p1a: Tatsugiri|[spread] p1b\n|-activate|p1a: Tatsugiri|move: Protect\n|-resisted|p1b: Ting-Lu\n|-crit|p1b: Ting-Lu\n|-damage|p1b: Ting-Lu|98\/100\n|-status|p1b: Ting-Lu|psn\n|move|p1b: Ting-Lu|Ruination|p2a: Garchomp\n|-activate|p2a: Garchomp|move: Protect\n|\n|-damage|p1b: Ting-Lu|86\/100 psn|[from] psn\n|-status|p1a: Tatsugiri|tox|[from] item: Toxic Orb\n|upkeep\n|turn|2\n|inactive|Errorrss has 30 seconds left.\n|inactive|OhNoItsCody has 30 seconds left.\n|inactive|Errorrss has 20 seconds left.\n|\n|t:|1682819893\n|switch|p1b: Dondozo|Dondozo, L50, M|100\/100\n|-activate|p1a: Tatsugiri|ability: Commander|[of] p1b: Dondozo\n|-boost|p1b: Dondozo|atk|2\n|-boost|p1b: Dondozo|spa|2\n|-boost|p1b: Dondozo|spe|2\n|-boost|p1b: Dondozo|def|2\n|-boost|p1b: Dondozo|spd|2\n|move|p2a: Garchomp|Sandstorm|p2a: Garchomp\n|-weather|Sandstorm\n|move|p2b: Glimmora|Dazzling Gleam|p1a: Tatsugiri|[spread] p1b\n|-miss|p2b: Glimmora|p1a: Tatsugiri\n|-damage|p1b: Dondozo|92\/100\n|\n|-weather|Sandstorm|[upkeep]\n|-damage|p1b: Dondozo|86\/100|[from] Sandstorm\n|-damage|p1a: Tatsugiri|94\/100 tox|[from] Sandstorm\n|-heal|p1b: Dondozo|92\/100|[from] item: Leftovers\n|-damage|p1a: Tatsugiri|88\/100 tox|[from] psn\n|upkeep\n|turn|3\n|inactive|OhNoItsCody has 30 seconds left.\n|\n|t:|1682819924\n|switch|p2a: Kingambit|Kingambit, L50, M|100\/100\n|move|p1b: Dondozo|Earthquake|p2a: Kingambit|[spread] p2a,p2b\n|-miss|p1b: Dondozo|p1a: Tatsugiri\n|-supereffective|p2b: Glimmora\n|-damage|p2a: Kingambit|23\/100\n|-damage|p2b: Glimmora|0 fnt\n|replace|p2a: Zoroark|Zoroark, L50, M\n|-end|p2a: Zoroark|Illusion\n|faint|p2b: Glimmora\n|\n|-weather|Sandstorm|[upkeep]\n|-damage|p1b: Dondozo|86\/100|[from] Sandstorm\n|-damage|p1a: Tatsugiri|82\/100 tox|[from] Sandstorm\n|-heal|p1b: Dondozo|92\/100|[from] item: Leftovers\n|-damage|p1a: Tatsugiri|69\/100 tox|[from] psn\n|upkeep\n|\n|t:|1682819939\n|switch|p2b: Kingambit|Kingambit, L50, M|100\/100\n|turn|4\n|\n|t:|1682819949\n|-terastallize|p2b: Kingambit|Flying\n|move|p1b: Dondozo|Earthquake|p2b: Kingambit|[spread] p2a\n|-miss|p1b: Dondozo|p1a: Tatsugiri\n|-immune|p2b: Kingambit\n|-damage|p2a: Zoroark|0 fnt\n|faint|p2a: Zoroark\n|move|p2b: Kingambit|Kowtow Cleave|p1b: Dondozo\n|-crit|p1b: Dondozo\n|-damage|p1b: Dondozo|32\/100\n|\n|-weather|Sandstorm|[upkeep]\n|-damage|p1b: Dondozo|25\/100|[from] Sandstorm\n|-damage|p1a: Tatsugiri|63\/100 tox|[from] Sandstorm\n|-damage|p2b: Kingambit|95\/100|[from] Sandstorm\n|-heal|p1b: Dondozo|32\/100|[from] item: Leftovers\n|-damage|p1a: Tatsugiri|44\/100 tox|[from] psn\n|upkeep\n|\n|t:|1682819964\n|switch|p2a: Garchomp|Garchomp, L50, M|100\/100\n|turn|5\n|\n|t:|1682819972\n|move|p1b: Dondozo|Protect|p1b: Dondozo\n|-singleturn|p1b: Dondozo|Protect\n|move|p2a: Garchomp|Protect|p2a: Garchomp\n|-singleturn|p2a: Garchomp|Protect\n|move|p2b: Kingambit|Sucker Punch||[still]\n|-fail|p2b: Kingambit\n|\n|-weather|Sandstorm|[upkeep]\n|-damage|p1b: Dondozo|25\/100|[from] Sandstorm\n|-damage|p1a: Tatsugiri|38\/100 tox|[from] Sandstorm\n|-damage|p2b: Kingambit|89\/100|[from] Sandstorm\n|-heal|p1b: Dondozo|32\/100|[from] item: Leftovers\n|-damage|p1a: Tatsugiri|13\/100 tox|[from] psn\n|upkeep\n|turn|6\n|\n|t:|1682819994\n|move|p2b: Kingambit|Sucker Punch|p1b: Dondozo\n|-crit|p1b: Dondozo\n|-damage|p1b: Dondozo|0 fnt\n|faint|p1b: Dondozo\n|move|p2a: Garchomp|Iron Head|p1a: Tatsugiri\n|-resisted|p1a: Tatsugiri\n|-crit|p1a: Tatsugiri\n|-damage|p1a: Tatsugiri|0 fnt\n|faint|p1a: Tatsugiri\n|\n|-weather|none\n|upkeep\n|inactiveoff|Battle timer is now OFF.\n|inactive|Battle timer is ON: inactive players will automatically lose when time's up. (requested by OhNoItsCody)\n|\n|t:|1682820021\n|switch|p1a: Ting-Lu|Ting-Lu, L50|86\/100 psn\n|switch|p1b: Flamigo|Flamigo, L50, M|100\/100\n|-copyboost|p1b: Flamigo|p1a: Ting-Lu|[from] ability: Costar\n|-ability|p1a: Ting-Lu|Vessel of Ruin\n|turn|7\n|\n|t:|1682820045\n|-terastallize|p1a: Ting-Lu|Water\n|move|p1b: Flamigo|Protect|p1b: Flamigo\n|-singleturn|p1b: Flamigo|Protect\n|move|p2b: Kingambit|Protect|p2b: Kingambit\n|-singleturn|p2b: Kingambit|Protect\n|move|p2a: Garchomp|Sandstorm|p2a: Garchomp\n|-weather|Sandstorm\n|move|p1a: Ting-Lu|Ruination|p2b: Kingambit\n|-activate|p2b: Kingambit|move: Protect\n|\n|-weather|Sandstorm|[upkeep]\n|-damage|p1b: Flamigo|94\/100|[from] Sandstorm\n|-damage|p2b: Kingambit|83\/100|[from] Sandstorm\n|-damage|p1a: Ting-Lu|80\/100 psn|[from] Sandstorm\n|-damage|p1a: Ting-Lu|67\/100 psn|[from] psn\n|upkeep\n|turn|8\n|inactive|Errorrss has 30 seconds left.\n|inactive|OhNoItsCody has 30 seconds left.\n|\n|t:|1682820079\n|move|p2a: Garchomp|Iron Head|p1b: Flamigo\n|-damage|p1b: Flamigo|58\/100\n|move|p1b: Flamigo|Acrobatics|p2a: Garchomp\n|-damage|p2a: Garchomp|75\/100\n|move|p2b: Kingambit|Kowtow Cleave|p1a: Ting-Lu\n|-damage|p1a: Ting-Lu|32\/100 psn\n|move|p1a: Ting-Lu|Heavy Slam|p2b: Kingambit\n|-damage|p2b: Kingambit|57\/100\n|\n|-weather|Sandstorm|[upkeep]\n|-damage|p1b: Flamigo|52\/100|[from] Sandstorm\n|-damage|p2b: Kingambit|51\/100|[from] Sandstorm\n|-damage|p1a: Ting-Lu|26\/100 psn|[from] Sandstorm\n|-damage|p1a: Ting-Lu|14\/100 psn|[from] psn\n|upkeep\n|turn|9\n|inactive|Errorrss has 30 seconds left.\n|\n|t:|1682820108\n|move|p2a: Garchomp|Protect|p2a: Garchomp\n|-singleturn|p2a: Garchomp|Protect\n|move|p2b: Kingambit|Protect|p2b: Kingambit\n|-singleturn|p2b: Kingambit|Protect\n|move|p1b: Flamigo|Close Combat|p2a: Garchomp\n|-activate|p2a: Garchomp|move: Protect\n|move|p1a: Ting-Lu|Ruination|p2a: Garchomp\n|-activate|p2a: Garchomp|move: Protect\n|\n|-weather|Sandstorm|[upkeep]\n|-damage|p1b: Flamigo|45\/100|[from] Sandstorm\n|-damage|p2b: Kingambit|45\/100|[from] Sandstorm\n|-damage|p1a: Ting-Lu|8\/100 psn|[from] Sandstorm\n|-damage|p1a: Ting-Lu|0 fnt|[from] psn\n|faint|p1a: Ting-Lu\n|upkeep\n|turn|10\n|\n|t:|1682820125\n|move|p2b: Kingambit|Sucker Punch|p1b: Flamigo\n|-resisted|p1b: Flamigo\n|-damage|p1b: Flamigo|16\/100\n|move|p2a: Garchomp|Iron Head|p1b: Flamigo\n|-damage|p1b: Flamigo|0 fnt\n|faint|p1b: Flamigo\n|\n|win|OhNoItsCody\n|raw|Errorrss's rating: 1076 → 1053<\/strong> (-23 for losing)\n|raw|OhNoItsCody's rating: 1055 → 1089<\/strong> (+34 for winning)\n","uploadtime":1682820136,"views":12,"p1id":"errorrss","p2id":"ohnoitscody","formatid":"gen9vgc2023regulationc","rating":1053,"private":0,"password":""}