{"id":"gen9vgc2023regulationc-1851128656","p1":"Insertable194","p2":"mzmzmzbaby","format":"[Gen 9] VGC 2023 Regulation C","log":"|j|\u2606Insertable194\n|j|\u2606mzmzmzbaby\n|t:|1682413955\n|gametype|doubles\n|player|p1|Insertable194|169|1430\n|player|p2|mzmzmzbaby|266|1469\n|teamsize|p1|6\n|teamsize|p2|6\n|gen|9\n|tier|[Gen 9] VGC 2023 Regulation C\n|rated|\n|rule|Species Clause: Limit one of each Pok\u00e9mon\n|rule|Item Clause: Limit one of each item\n|clearpoke\n|poke|p1|Talonflame, L50, F|\n|poke|p1|Dragapult, L50, F|\n|poke|p1|Flutter Mane, L50|\n|poke|p1|Chien-Pao, L50|\n|poke|p1|Farigiraf, L50, M|\n|poke|p1|Chi-Yu, L50|\n|poke|p2|Maushold, L50|\n|poke|p2|Annihilape, L50, M|\n|poke|p2|Iron Bundle, L50|\n|poke|p2|Arcanine, L50, M|\n|poke|p2|Gholdengo, L50|\n|poke|p2|Roaring Moon, L50|\n|teampreview|4\nInsertable194 has agreed to open team sheets.\n|inactive|Battle timer is ON: inactive players will automatically lose when time's up. (requested by mzmzmzbaby)\n|inactive|Insertable194 has 60 seconds left.\n|inactive|mzmzmzbaby has 60 seconds left.\n|\n|t:|1682414009\n|start\n|switch|p1a: Dragapult|Dragapult, L50, F|100\/100\n|switch|p1b: Chien-Pao|Chien-Pao, L50|100\/100\n|switch|p2a: Iron Bundle|Iron Bundle, L50|100\/100\n|switch|p2b: Roaring Moon|Roaring Moon, L50|100\/100\n|-ability|p1b: Chien-Pao|Sword of Ruin\n|-enditem|p2b: Roaring Moon|Booster Energy\n|-activate|p2b: Roaring Moon|ability: Protosynthesis|[fromitem]\n|-start|p2b: Roaring Moon|protosynthesisspe\n|turn|1\n|inactive|Insertable194 has 30 seconds left.\n|\n|t:|1682414044\n|switch|p1a: Flutter Mane|Flutter Mane, L50|100\/100\n|-terastallize|p2b: Roaring Moon|Flying\n|move|p2b: Roaring Moon|Breaking Swipe|p1b: Chien-Pao|[spread] p1b\n|-immune|p1a: Flutter Mane\n|-damage|p1b: Chien-Pao|69\/100\n|-unboost|p1b: Chien-Pao|atk|1\n|move|p2a: Iron Bundle|Icy Wind|p1b: Chien-Pao|[spread] p1a\n|-miss|p2a: Iron Bundle|p1b: Chien-Pao\n|-crit|p1a: Flutter Mane\n|-damage|p1a: Flutter Mane|66\/100\n|-unboost|p1a: Flutter Mane|spe|1\n|move|p1b: Chien-Pao|Ice Spinner|p2b: Roaring Moon\n|-supereffective|p2b: Roaring Moon\n|-damage|p2b: Roaring Moon|11\/100\n|\n|upkeep\n|turn|2\n|inactive|Insertable194 has 30 seconds left.\n|inactive|mzmzmzbaby has 30 seconds left.\n|inactive|Insertable194 has 20 seconds left.\n|\n|t:|1682414081\n|move|p1b: Chien-Pao|Sucker Punch||[still]\n|-fail|p1b: Chien-Pao\n|move|p2b: Roaring Moon|Tailwind|p2b: Roaring Moon\n|-sidestart|p2: mzmzmzbaby|move: Tailwind\n|move|p2a: Iron Bundle|Freeze-Dry|p1a: Flutter Mane\n|-damage|p1a: Flutter Mane|30\/100\n|move|p1a: Flutter Mane|Moonblast|p2a: Iron Bundle\n|-enditem|p2a: Iron Bundle|Focus Sash\n|-damage|p2a: Iron Bundle|1\/100\n|-unboost|p2a: Iron Bundle|spa|1\n|\n|upkeep\n|turn|3\n|inactive|mzmzmzbaby has 30 seconds left.\n|\n|t:|1682414107\n|move|p1b: Chien-Pao|Sucker Punch|p2b: Roaring Moon\n|-damage|p2b: Roaring Moon|0 fnt\n|faint|p2b: Roaring Moon\n|-end|p2b: Roaring Moon|Protosynthesis|[silent]\n|move|p2a: Iron Bundle|Freeze-Dry|p1a: Flutter Mane\n|-damage|p1a: Flutter Mane|4\/100\n|move|p1a: Flutter Mane|Moonblast|p2a: Iron Bundle\n|-damage|p2a: Iron Bundle|0 fnt\n|faint|p2a: Iron Bundle\n|-end|p2a: Iron Bundle|Quark Drive|[silent]\n|\n|upkeep\n|\n|t:|1682414110\n|switch|p2a: Annihilape|Annihilape, L50, M|100\/100\n|switch|p2b: Gholdengo|Gholdengo, L50|100\/100\n|turn|4\n|inactive|Insertable194 has 30 seconds left.\n|inactive|Insertable194 has 20 seconds left.\n|inactive|Insertable194 has 15 seconds left.\n|\n|t:|1682414151\n|move|p1b: Chien-Pao|Protect|p1b: Chien-Pao\n|-singleturn|p1b: Chien-Pao|Protect\n|move|p2a: Annihilape|Bulk Up|p2a: Annihilape\n|-boost|p2a: Annihilape|atk|1\n|-boost|p2a: Annihilape|def|1\n|move|p2b: Gholdengo|Make It Rain|p1a: Flutter Mane|[spread] p1a\n|-activate|p1b: Chien-Pao|move: Protect\n|-supereffective|p1a: Flutter Mane\n|-damage|p1a: Flutter Mane|0 fnt\n|-unboost|p2b: Gholdengo|spa|1\n|faint|p1a: Flutter Mane\n|-end|p1a: Flutter Mane|Protosynthesis|[silent]\n|\n|upkeep\n|\n|t:|1682414163\n|switch|p1a: Talonflame|Talonflame, L50, F|100\/100\n|turn|5\n|inactive|mzmzmzbaby has 30 seconds left.\n|\n|t:|1682414192\n|move|p1b: Chien-Pao|Sucker Punch|p2b: Gholdengo\n|-supereffective|p2b: Gholdengo\n|-damage|p2b: Gholdengo|40\/100\n|move|p1a: Talonflame|Tailwind|p1a: Talonflame\n|-sidestart|p1: Insertable194|move: Tailwind\n|move|p2a: Annihilape|Rage Fist|p1a: Talonflame\n|-damage|p1a: Talonflame|33\/100\n|move|p2b: Gholdengo|Shadow Ball|p1a: Talonflame\n|-damage|p1a: Talonflame|0 fnt\n|faint|p1a: Talonflame\n|\n|-heal|p2b: Gholdengo|46\/100|[from] item: Leftovers\n|-sideend|p2: mzmzmzbaby|move: Tailwind\n|upkeep\n|\n|t:|1682414202\n|switch|p1a: Dragapult|Dragapult, L50, F|100\/100\n|turn|6\n|inactive|Insertable194 has 30 seconds left.\n|inactive|Insertable194 has 20 seconds left.\n|\n|t:|1682414241\n|-terastallize|p1a: Dragapult|Ghost\n|move|p1a: Dragapult|Tera Blast|p2a: Annihilape\n|-supereffective|p2a: Annihilape\n|-damage|p2a: Annihilape|0 fnt\n|faint|p2a: Annihilape\n|move|p1b: Chien-Pao|Ice Spinner|p2b: Gholdengo\n|-resisted|p2b: Gholdengo\n|-damage|p2b: Gholdengo|30\/100\n|move|p2b: Gholdengo|Nasty Plot|p2b: Gholdengo\n|-boost|p2b: Gholdengo|spa|2\n|\n|-heal|p2b: Gholdengo|36\/100|[from] item: Leftovers\n|upkeep\n|turn|7\n|\n|t:|1682414252\n|move|p1b: Chien-Pao|Sucker Punch|p2b: Gholdengo\n|-supereffective|p2b: Gholdengo\n|-damage|p2b: Gholdengo|0 fnt\n|faint|p2b: Gholdengo\n|\n|win|Insertable194\n|raw|Insertable194's rating: 1430 → 1452<\/strong> (+22 for winning)\n|raw|mzmzmzbaby's rating: 1469 → 1447<\/strong> (-22 for losing)\n|l|\u2606mzmzmzbaby\n","uploadtime":1682414257,"views":6,"p1id":"insertable194","p2id":"mzmzmzbaby","formatid":"gen9vgc2023regulationc","rating":1447,"private":0,"password":""}