{"id":"gen9vgc2023regulationc-1845990492","p1":"BaeruttVGC","p2":"ClickForVictory","format":"[Gen 9] VGC 2023 Regulation C","log":"|j|\u2606BaeruttVGC\n|j|\u2606ClickForVictory\n|t:|1681788111\n|gametype|doubles\n|player|p1|BaeruttVGC|parasollady|1318\n|player|p2|ClickForVictory|furisodegirl-black|1331\n|teamsize|p1|6\n|teamsize|p2|6\n|gen|9\n|tier|[Gen 9] VGC 2023 Regulation C\n|rated|\n|rule|Species Clause: Limit one of each Pok\u00e9mon\n|rule|Item Clause: Limit one of each item\n|clearpoke\n|poke|p1|Dragonite, L50, F|\n|poke|p1|Gyarados, L50, F|\n|poke|p1|Ceruledge, L50, F|\n|poke|p1|Iron Hands, L50|\n|poke|p1|Flutter Mane, L50|\n|poke|p1|Garchomp, L50, F|\n|poke|p2|Flutter Mane, L50|\n|poke|p2|Amoonguss, L50, F|\n|poke|p2|Iron Jugulis, L50|\n|poke|p2|Great Tusk, L50|\n|poke|p2|Bruxish, L50, M|\n|poke|p2|Chi-Yu, L50|\n|teampreview|4\n|c|\u2606ClickForVictory|have fun!\nClickForVictory has agreed to open team sheets.\nBaeruttVGC has agreed to open team sheets.\n|inactive|Battle timer is ON: inactive players will automatically lose when time's up. (requested by ClickForVictory)\n|inactive|BaeruttVGC has 60 seconds left.\n|\n|t:|1681788188\n|start\n|switch|p1a: Garchomp|Garchomp, L50, F|100\/100\n|switch|p1b: Dragonite|Dragonite, L50, F|100\/100\n|switch|p2a: Spectral Spaghetti|Flutter Mane, L50, shiny|100\/100\n|switch|p2b: Fiendish Fish|Chi-Yu, L50|100\/100\n|-ability|p2b: Fiendish Fish|Beads of Ruin\n|turn|1\n|inactive|BaeruttVGC has 30 seconds left.\n|inactive|ClickForVictory has 30 seconds left.\n|inactive|ClickForVictory has 20 seconds left.\n|\n|t:|1681788224\n|switch|p2b: Mega Dodrio|Iron Jugulis, L50, shiny|100\/100\n|-enditem|p2b: Mega Dodrio|Booster Energy\n|-activate|p2b: Mega Dodrio|ability: Quark Drive|[fromitem]\n|-start|p2b: Mega Dodrio|quarkdrivespe\n|-terastallize|p1a: Garchomp|Fire\n|move|p1a: Garchomp|Earthquake|p2a: Spectral Spaghetti|[spread] p2a\n|-immune|p1b: Dragonite\n|-immune|p2b: Mega Dodrio\n|-damage|p2a: Spectral Spaghetti|38\/100\n|move|p2a: Spectral Spaghetti|Dazzling Gleam|p1b: Dragonite|[spread] p1a,p1b\n|-resisted|p1a: Garchomp\n|-supereffective|p1b: Dragonite\n|-damage|p1a: Garchomp|76\/100\n|-damage|p1b: Dragonite|61\/100\n|move|p1b: Dragonite|Tailwind|p1b: Dragonite\n|-sidestart|p1: BaeruttVGC|move: Tailwind\n|\n|upkeep\n|turn|2\n|inactive|BaeruttVGC has 30 seconds left.\n|inactive|ClickForVictory has 30 seconds left.\n|inactive|BaeruttVGC has 20 seconds left.\n|inactive|BaeruttVGC has 15 seconds left.\n|\n|t:|1681788265\n|switch|p1a: Gyarados|Gyarados, L50, F|100\/100\n|-ability|p1a: Gyarados|Intimidate|boost\n|-unboost|p2a: Spectral Spaghetti|atk|1\n|-unboost|p2b: Mega Dodrio|atk|1\n|-end|p2a: Spectral Spaghetti|Protosynthesis|[silent]\n|switch|p2a: Fiendish Fish|Chi-Yu, L50|100\/100\n|-ability|p2a: Fiendish Fish|Beads of Ruin\n|move|p2b: Mega Dodrio|Tailwind|p2b: Mega Dodrio\n|-sidestart|p2: ClickForVictory|move: Tailwind\n|move|p1b: Dragonite|Aerial Ace|p2a: Fiendish Fish\n|-damage|p2a: Fiendish Fish|55\/100\n|\n|upkeep\n|turn|3\n|inactive|BaeruttVGC has 30 seconds left.\n|inactive|BaeruttVGC has 20 seconds left.\n|inactive|BaeruttVGC has 15 seconds left.\n|inactive|BaeruttVGC has 10 seconds left.\n|\n|t:|1681788312\n|move|p2b: Mega Dodrio|Snarl|p1a: Gyarados|[spread] p1a,p1b\n|-damage|p1a: Gyarados|79\/100\n|-damage|p1b: Dragonite|39\/100\n|-unboost|p1b: Dragonite|spa|1\n|move|p2a: Fiendish Fish|Dark Pulse|p1a: Gyarados\n|-damage|p1a: Gyarados|36\/100\n|move|p1b: Dragonite|Aerial Ace|p2b: Mega Dodrio\n|-damage|p2b: Mega Dodrio|69\/100\n|move|p1a: Gyarados|Waterfall|p2a: Fiendish Fish\n|-supereffective|p2a: Fiendish Fish\n|-damage|p2a: Fiendish Fish|0 fnt\n|faint|p2a: Fiendish Fish\n|\n|upkeep\n|\n|t:|1681788325\n|switch|p2a: Spectral Spaghetti|Flutter Mane, L50, shiny|38\/100\n|turn|4\n|\n|t:|1681788348\n|move|p1a: Gyarados|Protect|p1a: Gyarados\n|-singleturn|p1a: Gyarados|Protect\n|move|p1b: Dragonite|Extreme Speed|p2b: Mega Dodrio\n|-damage|p2b: Mega Dodrio|43\/100\n|move|p2b: Mega Dodrio|Earth Power|p1b: Dragonite\n|-immune|p1b: Dragonite\n|move|p2a: Spectral Spaghetti|Dazzling Gleam|p1a: Gyarados|[spread] p1b\n|-activate|p1a: Gyarados|move: Protect\n|-supereffective|p1b: Dragonite\n|-damage|p1b: Dragonite|0 fnt\n|faint|p1b: Dragonite\n|\n|-sideend|p1: BaeruttVGC|move: Tailwind\n|upkeep\n|\n|t:|1681788369\n|switch|p1b: Flutter Mane|Flutter Mane, L50|100\/100\n|turn|5\n|\n|t:|1681788378\n|move|p2b: Mega Dodrio|Protect|p2b: Mega Dodrio\n|-singleturn|p2b: Mega Dodrio|Protect\n|move|p1a: Gyarados|Protect||[still]\n|-fail|p1a: Gyarados\n|move|p2a: Spectral Spaghetti|Dazzling Gleam|p1b: Flutter Mane|[spread] p1a,p1b\n|-damage|p1a: Gyarados|0 fnt\n|-damage|p1b: Flutter Mane|55\/100\n|faint|p1a: Gyarados\n|move|p1b: Flutter Mane|Dazzling Gleam|p2b: Mega Dodrio|[spread] p2a\n|-activate|p2b: Mega Dodrio|move: Protect\n|-damage|p2a: Spectral Spaghetti|0 fnt\n|faint|p2a: Spectral Spaghetti\n|-end|p2a: Spectral Spaghetti|Protosynthesis|[silent]\n|\n|-sideend|p2: ClickForVictory|move: Tailwind\n|upkeep\n|\n|t:|1681788389\n|switch|p2a: Flambuoyant|Bruxish, L50, M|100\/100\n|switch|p1a: Garchomp|Garchomp, L50, F, tera:Fire|76\/100\n|turn|6\n|inactive|ClickForVictory has 30 seconds left.\n|\n|t:|1681788419\n|-terastallize|p2b: Mega Dodrio|Poison\n|move|p1a: Garchomp|Dragon Claw|p2b: Mega Dodrio\n|-damage|p2b: Mega Dodrio|6\/100\n|move|p2b: Mega Dodrio|Tailwind|p2b: Mega Dodrio\n|-sidestart|p2: ClickForVictory|move: Tailwind\n|move|p2a: Flambuoyant|Wave Crash|p1b: Flutter Mane\n|-damage|p1b: Flutter Mane|0 fnt\n|faint|p1b: Flutter Mane\n|-end|p1b: Flutter Mane|Protosynthesis|[silent]\n|-damage|p2a: Flambuoyant|83\/100|[from] Recoil\n|\n|upkeep\n|turn|7\n|c|\u2606ClickForVictory|gg\n|\n|t:|1681788434\n|move|p2b: Mega Dodrio|Earth Power|p1a: Garchomp\n|-supereffective|p1a: Garchomp\n|-damage|p1a: Garchomp|19\/100\n|move|p2a: Flambuoyant|Wave Crash|p1a: Garchomp\n|-supereffective|p1a: Garchomp\n|-damage|p1a: Garchomp|0 fnt\n|-damage|p2a: Flambuoyant|71\/100|[from] ability: Rough Skin|[of] p1a: Garchomp\n|faint|p1a: Garchomp\n|-damage|p2a: Flambuoyant|63\/100|[from] Recoil\n|\n|win|ClickForVictory\n|raw|BaeruttVGC's rating: 1318 → 1299<\/strong> (-19 for losing)\n|raw|ClickForVictory's rating: 1331 → 1350<\/strong> (+19 for winning)\n|c|\u2606BaeruttVGC|gg\n","uploadtime":1681788451,"views":6,"p1id":"baeruttvgc","p2id":"clickforvictory","formatid":"gen9vgc2023regulationc","rating":1299,"private":0,"password":""}