{"id":"gen9vgc2023regulationc-1846957479","p1":"anuunuu","p2":"ScooteezyYT","format":"[Gen 9] VGC 2023 Regulation C","log":"|j|\u2606anuunuu\n|j|\u2606ScooteezyYT\n|t:|1681905994\n|gametype|doubles\n|player|p1|anuunuu|101|1225\n|player|p2|ScooteezyYT|red|1207\n|teamsize|p1|6\n|teamsize|p2|6\n|gen|9\n|tier|[Gen 9] VGC 2023 Regulation C\n|rated|\n|rule|Species Clause: Limit one of each Pok\u00e9mon\n|rule|Item Clause: Limit one of each item\n|clearpoke\n|poke|p1|Grimmsnarl, L50, M|\n|poke|p1|Iron Hands, L50|\n|poke|p1|Ceruledge, L50, M|\n|poke|p1|Farigiraf, L50, F|\n|poke|p1|Chien-Pao, L50|\n|poke|p1|Dragapult, L50, M|\n|poke|p2|Talonflame, L50, F|\n|poke|p2|Garchomp, L50, F|\n|poke|p2|Orthworm, L50, F|\n|poke|p2|Ting-Lu, L50|\n|poke|p2|Gyarados, L50, M|\n|poke|p2|Flutter Mane, L50|\n|teampreview|4\n|inactive|Battle timer is ON: inactive players will automatically lose when time's up. (requested by anuunuu)\n|\n|t:|1681906047\n|start\n|switch|p1a: Grimmsnarl|Grimmsnarl, L50, M|100\/100\n|switch|p1b: Farigiraf|Farigiraf, L50, F|100\/100\n|switch|p2a: Orthworm|Orthworm, L50, F|100\/100\n|switch|p2b: Talonflame|Talonflame, L50, F|100\/100\n|turn|1\n|\n|t:|1681906068\n|move|p2b: Talonflame|Taunt|p1b: Farigiraf\n|-start|p1b: Farigiraf|move: Taunt\n|move|p2a: Orthworm|Shed Tail|p2a: Orthworm\n|-start|p2a: Orthworm|Substitute|[from] move: Shed Tail\n|-damage|p2a: Orthworm|50\/100\n|\n|t:|1681906075\n|switch|p2a: Garchomp|Garchomp, L50, F|100\/100|[from] Shed Tail\n|move|p1a: Grimmsnarl|Foul Play|p2b: Talonflame\n|-damage|p2b: Talonflame|62\/100\n|cant|p1b: Farigiraf|move: Taunt|Trick Room\n|\n|upkeep\n|turn|2\n|\n|t:|1681906089\n|move|p1a: Grimmsnarl|Reflect|p1a: Grimmsnarl\n|-sidestart|p1: anuunuu|Reflect\n|move|p2b: Talonflame|Will-O-Wisp|p1a: Grimmsnarl\n|-status|p1a: Grimmsnarl|brn\n|move|p2a: Garchomp|Swords Dance|p2a: Garchomp\n|-boost|p2a: Garchomp|atk|2\n|move|p1b: Farigiraf|Hyper Voice|p2b: Talonflame|[spread] p2a,p2b\n|-damage|p2a: Garchomp|65\/100\n|-damage|p2b: Talonflame|15\/100\n|-enditem|p1b: Farigiraf|Throat Spray\n|-boost|p1b: Farigiraf|spa|1|[from] item: Throat Spray\n|\n|-damage|p1a: Grimmsnarl|95\/100 brn|[from] brn\n|upkeep\n|turn|3\n|\n|t:|1681906112\n|switch|p2b: Orthworm|Orthworm, L50, F|50\/100\n|move|p2a: Garchomp|Earthquake|p1a: Grimmsnarl|[spread] p1a,p1b\n|-heal|p2b: Orthworm|75\/100|[from] ability: Earth Eater|[of] p2a: Garchomp\n|-damage|p1a: Grimmsnarl|43\/100 brn\n|-damage|p1b: Farigiraf|45\/100\n|move|p1a: Grimmsnarl|Foul Play|p2a: Garchomp\n|-end|p2a: Garchomp|Substitute\n|move|p1b: Farigiraf|Hyper Voice|p2a: Garchomp|[spread] p2a,p2b\n|-resisted|p2b: Orthworm\n|-damage|p2a: Garchomp|11\/100\n|-damage|p2b: Orthworm|47\/100\n|\n|-damage|p1a: Grimmsnarl|38\/100 brn|[from] brn\n|-end|p1b: Farigiraf|move: Taunt\n|upkeep\n|turn|4\n|\n|t:|1681906135\n|move|p2a: Garchomp|Earthquake|p1a: Grimmsnarl|[spread] p1a,p1b\n|-heal|p2b: Orthworm|72\/100|[from] ability: Earth Eater|[of] p2a: Garchomp\n|-damage|p1a: Grimmsnarl|0 fnt\n|-damage|p1b: Farigiraf|0 fnt\n|faint|p1a: Grimmsnarl\n|faint|p1b: Farigiraf\n|move|p2b: Orthworm|Shed Tail|p2b: Orthworm\n|-start|p2b: Orthworm|Substitute|[from] move: Shed Tail\n|-damage|p2b: Orthworm|22\/100\n|\n|t:|1681906146\n|switch|p2b: Gyarados|Gyarados, L50, M|100\/100|[from] Shed Tail\n|\n|upkeep\n|\n|t:|1681906152\n|switch|p1a: Chien-Pao|Chien-Pao, L50|100\/100\n|switch|p1b: Iron Hands|Iron Hands, L50|100\/100\n|-ability|p1a: Chien-Pao|Sword of Ruin\n|turn|5\n|\n|t:|1681906168\n|move|p2a: Garchomp|Protect|p2a: Garchomp\n|-singleturn|p2a: Garchomp|Protect\n|move|p1a: Chien-Pao|Sucker Punch||[still]\n|-fail|p1a: Chien-Pao\n|move|p2b: Gyarados|Waterfall|p1a: Chien-Pao\n|-damage|p1a: Chien-Pao|68\/100\n|move|p1b: Iron Hands|Swords Dance|p1b: Iron Hands\n|-boost|p1b: Iron Hands|atk|2\n|\n|upkeep\n|turn|6\n|\n|t:|1681906191\n|switch|p2a: Talonflame|Talonflame, L50, F|15\/100\n|move|p1a: Chien-Pao|Sucker Punch||[still]\n|-fail|p1a: Chien-Pao\n|move|p2b: Gyarados|Waterfall|p1a: Chien-Pao\n|-damage|p1a: Chien-Pao|32\/100\n|move|p1b: Iron Hands|Wild Charge|p2b: Gyarados\n|-supereffective|p2b: Gyarados\n|-end|p2b: Gyarados|Substitute\n|-damage|p1b: Iron Hands|96\/100|[from] Recoil|[of] p2b: Gyarados\n|\n|upkeep\n|turn|7\n|\n|t:|1681906213\n|move|p2b: Gyarados|Protect|p2b: Gyarados\n|-singleturn|p2b: Gyarados|Protect\n|move|p1a: Chien-Pao|Ice Spinner|p2a: Talonflame\n|-crit|p2a: Talonflame\n|-damage|p2a: Talonflame|0 fnt\n|faint|p2a: Talonflame\n|move|p1b: Iron Hands|Wild Charge|p2b: Gyarados\n|-activate|p2b: Gyarados|move: Protect\n|\n|upkeep\n|\n|t:|1681906219\n|switch|p2a: Garchomp|Garchomp, L50, F|11\/100\n|turn|8\n|\n|t:|1681906227\n|-terastallize|p2b: Gyarados|Grass\n|move|p2a: Garchomp|Protect|p2a: Garchomp\n|-singleturn|p2a: Garchomp|Protect\n|move|p1a: Chien-Pao|Ice Spinner|p2a: Garchomp\n|-activate|p2a: Garchomp|move: Protect\n|move|p2b: Gyarados|Waterfall|p1a: Chien-Pao\n|-crit|p1a: Chien-Pao\n|-damage|p1a: Chien-Pao|0 fnt\n|faint|p1a: Chien-Pao\n|move|p1b: Iron Hands|Wild Charge|p2b: Gyarados\n|-resisted|p2b: Gyarados\n|-damage|p2b: Gyarados|50\/100\n|-enditem|p2b: Gyarados|Sitrus Berry|[eat]\n|-heal|p2b: Gyarados|74\/100|[from] item: Sitrus Berry\n|-damage|p1b: Iron Hands|84\/100|[from] Recoil\n|\n|upkeep\n|turn|9\n|inactive|anuunuu has 30 seconds left.\n|inactive|anuunuu has 20 seconds left.\n|\n|t:|1681906263\n|switch|p2b: Orthworm|Orthworm, L50, F|22\/100\n|-terastallize|p1b: Iron Hands|Flying\n|move|p2a: Garchomp|Earthquake|p1b: Iron Hands|[spread] \n|-heal|p2b: Orthworm|47\/100|[from] ability: Earth Eater|[of] p2a: Garchomp\n|-immune|p1b: Iron Hands\n|move|p1b: Iron Hands|Drain Punch|p2b: Orthworm\n|-supereffective|p2b: Orthworm\n|-damage|p2b: Orthworm|0 fnt\n|-heal|p1b: Iron Hands|100\/100|[from] drain|[of] p2b: Orthworm\n|faint|p2b: Orthworm\n|\n|-sideend|p1: anuunuu|Reflect\n|upkeep\n|\n|t:|1681906274\n|switch|p2b: Gyarados|Gyarados, L50, M, tera:Grass|74\/100\n|-ability|p2b: Gyarados|Intimidate|boost\n|-unboost|p1b: Iron Hands|atk|1\n|turn|10\n|\n|t:|1681906294\n|move|p1b: Iron Hands|Detect|p1b: Iron Hands\n|-singleturn|p1b: Iron Hands|Protect\n|move|p2a: Garchomp|Rock Slide|p1b: Iron Hands\n|-activate|p1b: Iron Hands|move: Protect\n|move|p2b: Gyarados|Thunder Wave|p1b: Iron Hands\n|-activate|p1b: Iron Hands|move: Protect\n|\n|upkeep\n|turn|11\n|\n|t:|1681906307\n|move|p2a: Garchomp|Protect|p2a: Garchomp\n|-singleturn|p2a: Garchomp|Protect\n|move|p2b: Gyarados|Thunder Wave|p1b: Iron Hands\n|-status|p1b: Iron Hands|par\n|move|p1b: Iron Hands|Drain Punch|p2a: Garchomp\n|-activate|p2a: Garchomp|move: Protect\n|\n|upkeep\n|turn|12\n|\n|t:|1681906318\n|move|p2a: Garchomp|Rock Slide|p1b: Iron Hands\n|-supereffective|p1b: Iron Hands\n|-damage|p1b: Iron Hands|67\/100 par\n|move|p2b: Gyarados|Waterfall|p1b: Iron Hands\n|-damage|p1b: Iron Hands|41\/100 par\n|cant|p1b: Iron Hands|flinch\n|\n|upkeep\n|turn|13\n|\n|t:|1681906329\n|move|p2a: Garchomp|Rock Slide|p1b: Iron Hands\n|-supereffective|p1b: Iron Hands\n|-damage|p1b: Iron Hands|6\/100 par\n|move|p2b: Gyarados|Waterfall|p1b: Iron Hands\n|-damage|p1b: Iron Hands|0 fnt\n|faint|p1b: Iron Hands\n|-end|p1b: Iron Hands|Quark Drive|[silent]\n|\n|win|ScooteezyYT\n|raw|anuunuu's rating: 1225 → 1199<\/strong> (-26 for losing)\n|raw|ScooteezyYT's rating: 1207 → 1233<\/strong> (+26 for winning)\n|l|\u2606anuunuu\n","uploadtime":1681906339,"views":10,"p1id":"anuunuu","p2id":"scooteezyyt","formatid":"gen9vgc2023regulationc","rating":1199,"private":0,"password":""}