{"id":"gen9vgc2023regulationc-1854765512","p1":"BlindMagneton","p2":"andyhurricane","format":"[Gen 9] VGC 2023 Regulation C","log":"|j|\u2606BlindMagneton\n|j|\u2606andyhurricane\n|t:|1682863205\n|gametype|doubles\n|player|p1|BlindMagneton|wattson|1197\n|player|p2|andyhurricane|n|1126\n|teamsize|p1|6\n|teamsize|p2|6\n|gen|9\n|tier|[Gen 9] VGC 2023 Regulation C\n|rated|\n|rule|Species Clause: Limit one of each Pok\u00e9mon\n|rule|Item Clause: Limit one of each item\n|clearpoke\n|poke|p1|Iron Bundle, L50|\n|poke|p1|Sandy Shocks, L50|\n|poke|p1|Ceruledge, L50, M|\n|poke|p1|Pelipper, L50, M|\n|poke|p1|Chien-Pao, L50|\n|poke|p1|Scizor, L50, F|\n|poke|p2|Annihilape, L50, M|\n|poke|p2|Amoonguss, L50, M|\n|poke|p2|Gyarados, L50, F|\n|poke|p2|Talonflame, L50, F|\n|poke|p2|Chien-Pao, L50|\n|poke|p2|Garchomp, L50, M|\n|teampreview|4\n|inactive|Battle timer is ON: inactive players will automatically lose when time's up. (requested by andyhurricane)\nandyhurricane has agreed to open team sheets.\n|inactive|BlindMagneton has 60 seconds left.\n|inactive|BlindMagneton has 30 seconds left.\n|\n|t:|1682863307\n|start\n|switch|p1a: Iron Bundle|Iron Bundle, L50|100\/100\n|switch|p1b: Sandy Shocks|Sandy Shocks, L50|100\/100\n|switch|p2a: Garchomp|Garchomp, L50, M|100\/100\n|switch|p2b: Talonflame|Talonflame, L50, F|100\/100\n|-enditem|p1b: Sandy Shocks|Booster Energy\n|-activate|p1b: Sandy Shocks|ability: Protosynthesis|[fromitem]\n|-start|p1b: Sandy Shocks|protosynthesisspe\n|turn|1\n|inactive|andyhurricane has 30 seconds left.\n|\n|t:|1682863334\n|-terastallize|p1b: Sandy Shocks|Grass\n|move|p2b: Talonflame|Tailwind|p2b: Talonflame\n|-sidestart|p2: andyhurricane|move: Tailwind\n|move|p2a: Garchomp|Earthquake|p1a: Iron Bundle|[spread] p1a,p1b\n|-immune|p2b: Talonflame\n|-resisted|p1b: Sandy Shocks\n|-damage|p1a: Iron Bundle|54\/100\n|-damage|p1b: Sandy Shocks|80\/100\n|move|p1b: Sandy Shocks|Gravity|p1b: Sandy Shocks\n|-fieldstart|move: Gravity\n|move|p1a: Iron Bundle|Hydro Pump|p2a: Garchomp\n|-damage|p2a: Garchomp|2\/100\n|\n|upkeep\n|turn|2\n|inactive|BlindMagneton has 30 seconds left.\n|inactive|andyhurricane has 30 seconds left.\n|inactive|BlindMagneton has 20 seconds left.\n|inactive|andyhurricane has 20 seconds left.\n|inactive|BlindMagneton has 15 seconds left.\n|inactive|andyhurricane has 15 seconds left.\n|inactive|BlindMagneton has 10 seconds left.\n|inactive|BlindMagneton has 5 seconds left.\n|\n|t:|1682863387\n|-end|p1a: Iron Bundle|Quark Drive|[silent]\n|switch|p1a: Pelipper|Pelipper, L50, M|100\/100\n|-weather|RainDance|[from] ability: Drizzle|[of] p1a: Pelipper\n|move|p2b: Talonflame|Brave Bird|p1b: Sandy Shocks\n|-supereffective|p1b: Sandy Shocks\n|-damage|p1b: Sandy Shocks|0 fnt\n|faint|p1b: Sandy Shocks\n|-end|p1b: Sandy Shocks|Protosynthesis|[silent]\n|-damage|p2b: Talonflame|77\/100|[from] Recoil\n|move|p2a: Garchomp|Iron Head|p1a: Pelipper\n|-resisted|p1a: Pelipper\n|-damage|p1a: Pelipper|83\/100\n|\n|-weather|RainDance|[upkeep]\n|upkeep\n|\n|t:|1682863405\n|switch|p1b: Chien-Pao|Chien-Pao, L50|100\/100\n|-ability|p1b: Chien-Pao|Sword of Ruin\n|turn|3\n|\n|t:|1682863421\n|switch|p2a: Gyarados|Gyarados, L50, F, shiny|100\/100\n|-ability|p2a: Gyarados|Intimidate|boost\n|-unboost|p1a: Pelipper|atk|1\n|-unboost|p1b: Chien-Pao|atk|1\n|move|p1b: Chien-Pao|Sucker Punch||[still]\n|-fail|p1b: Chien-Pao\n|move|p2b: Talonflame|Will-O-Wisp|p1b: Chien-Pao\n|-status|p1b: Chien-Pao|brn\n|move|p1a: Pelipper|Hydro Pump|p2b: Talonflame\n|-supereffective|p2b: Talonflame\n|-damage|p2b: Talonflame|0 fnt\n|faint|p2b: Talonflame\n|\n|-weather|RainDance|[upkeep]\n|-damage|p1b: Chien-Pao|95\/100 brn|[from] brn\n|upkeep\n|\n|t:|1682863440\n|switch|p2b: Chien-Pao|Chien-Pao, L50|100\/100\n|-ability|p2b: Chien-Pao|Sword of Ruin\n|turn|4\n|inactive|BlindMagneton has 30 seconds left.\n|inactive|andyhurricane has 30 seconds left.\n|inactive|BlindMagneton has 20 seconds left.\n|\n|t:|1682863477\n|move|p1b: Chien-Pao|Sucker Punch|p2b: Chien-Pao\n|-resisted|p2b: Chien-Pao\n|-damage|p2b: Chien-Pao|93\/100\n|move|p2b: Chien-Pao|Sacred Sword|p1b: Chien-Pao\n|-supereffective|p1b: Chien-Pao\n|-damage|p1b: Chien-Pao|0 fnt\n|faint|p1b: Chien-Pao\n|move|p2a: Gyarados|Thunder Wave|p1a: Pelipper\n|-status|p1a: Pelipper|par\n|move|p1a: Pelipper|Hydro Pump|p2b: Chien-Pao\n|-damage|p2b: Chien-Pao|0 fnt\n|faint|p2b: Chien-Pao\n|\n|-weather|RainDance|[upkeep]\n|-sideend|p2: andyhurricane|move: Tailwind\n|upkeep\n|\n|t:|1682863491\n|switch|p2b: Garchomp|Garchomp, L50, M|2\/100\n|switch|p1b: Iron Bundle|Iron Bundle, L50|54\/100\n|turn|5\n|inactive|BlindMagneton has 30 seconds left.\n|\n|t:|1682863525\n|move|p2b: Garchomp|Protect|p2b: Garchomp\n|-singleturn|p2b: Garchomp|Protect\n|move|p1b: Iron Bundle|Freeze-Dry|p2a: Gyarados\n|-supereffective|p2a: Gyarados\n|-damage|p2a: Gyarados|0 fnt\n|faint|p2a: Gyarados\n|move|p1a: Pelipper|Hurricane|p2b: Garchomp\n|-activate|p2b: Garchomp|move: Protect\n|\n|-weather|RainDance|[upkeep]\n|-fieldend|move: Gravity\n|upkeep\n|turn|6\n|\n|t:|1682863541\n|move|p1a: Pelipper|Wide Guard|p1a: Pelipper\n|-singleturn|p1a: Pelipper|Wide Guard\n|move|p1b: Iron Bundle|Freeze-Dry|p2b: Garchomp\n|-supereffective|p2b: Garchomp\n|-damage|p2b: Garchomp|0 fnt\n|faint|p2b: Garchomp\n|\n|win|BlindMagneton\n|raw|BlindMagneton's rating: 1197 → 1217<\/strong> (+20 for winning)\n|raw|andyhurricane's rating: 1126 → 1106<\/strong> (-20 for losing)\n|l|\u2606andyhurricane\n","uploadtime":1682863550,"views":15,"p1id":"blindmagneton","p2id":"andyhurricane","formatid":"gen9vgc2023regulationc","rating":1106,"private":0,"password":""}