{"id":"gen9vgc2023regulationc-1846711195","p1":"CaptainEricVGC","p2":"Funnyman Krebs","format":"[Gen 9] VGC 2023 Regulation C","log":"|j|\u2606CaptainEricVGC\n|j|\u2606Funnyman Krebs\n|t:|1681868787\n|gametype|doubles\n|player|p1|CaptainEricVGC|1|\n|player|p2|Funnyman Krebs|wallace|\n|teamsize|p1|6\n|teamsize|p2|6\n|gen|9\n|tier|[Gen 9] VGC 2023 Regulation C\n|rule|Species Clause: Limit one of each Pok\u00e9mon\n|rule|Item Clause: Limit one of each item\n|clearpoke\n|poke|p1|Baxcalibur, L50, F|\n|poke|p1|Amoonguss, L50, F|\n|poke|p1|Ting-Lu, L50|\n|poke|p1|Arcanine, L50, F|\n|poke|p1|Palafin, L50, M|\n|poke|p1|Flutter Mane, L50|\n|poke|p2|Glimmora, L50, M|\n|poke|p2|Arcanine, L50, M|\n|poke|p2|Wo-Chien, L50|\n|poke|p2|Flutter Mane, L50|\n|poke|p2|Dondozo, L50, F|\n|poke|p2|Tatsugiri-Stretchy, L50, M|\n|teampreview|4\nCaptainEricVGC has agreed to open team sheets.\nFunnyman Krebs has agreed to open team sheets.\n|c|\u2606CaptainEricVGC|g1\n|j| hero231\n|c|\u2606Funnyman Krebs|Ready?\n|c|\u2606CaptainEricVGC|yes\n|c|\u2606Funnyman Krebs|glhf!\n|c|\u2606CaptainEricVGC|same to you!\n|inactive|Battle timer is ON: inactive players will automatically lose when time's up. (requested by Funnyman Krebs)\n|inactive|Funnyman Krebs has 60 seconds left.\n|\n|t:|1681868985\n|start\n|switch|p1a: Amoonguss|Amoonguss, L50, F|100\/100\n|switch|p1b: Palafin|Palafin, L50, M|100\/100\n|switch|p2a: Wheeeee!|Glimmora, L50, M, shiny|100\/100\n|switch|p2b: Infurno|Arcanine, L50, M|100\/100\n|-ability|p2b: Infurno|Intimidate|boost\n|-unboost|p1a: Amoonguss|atk|1\n|-unboost|p1b: Palafin|atk|1\n|turn|1\n|inactive|CaptainEricVGC has 30 seconds left.\n|inactive|Funnyman Krebs has 30 seconds left.\n|inactive|Funnyman Krebs has 20 seconds left.\n|inactive|Funnyman Krebs has 15 seconds left.\n|inactive|Funnyman Krebs has 10 seconds left.\n|\n|t:|1681869033\n|detailschange|p1b: Palafin|Palafin-Hero, L50, M\n|switch|p1b: Ting-Lu|Ting-Lu, L50|100\/100\n|-ability|p1b: Ting-Lu|Vessel of Ruin\n|move|p1a: Amoonguss|Protect|p1a: Amoonguss\n|-singleturn|p1a: Amoonguss|Protect\n|move|p2b: Infurno|Flare Blitz|p1a: Amoonguss\n|-activate|p1a: Amoonguss|move: Protect\n|move|p2a: Wheeeee!|Power Gem|p1a: Amoonguss\n|-activate|p1a: Amoonguss|move: Protect\n|\n|upkeep\n|turn|2\n|inactive|CaptainEricVGC has 30 seconds left.\n|inactive|Funnyman Krebs has 30 seconds left.\n|\n|t:|1681869062\n|move|p2b: Infurno|Will-O-Wisp|p1b: Ting-Lu|[miss]\n|-miss|p2b: Infurno|p1b: Ting-Lu\n|move|p2a: Wheeeee!|Power Gem|p1a: Amoonguss\n|-damage|p1a: Amoonguss|76\/100\n|move|p1b: Ting-Lu|Stomping Tantrum|p2b: Infurno\n|-supereffective|p2b: Infurno\n|-damage|p2b: Infurno|15\/100\n|move|p1a: Amoonguss|Pollen Puff|p1b: Ting-Lu\n|-immune|p1b: Ting-Lu\n|\n|upkeep\n|turn|3\n|inactive|CaptainEricVGC has 30 seconds left.\n|inactive|Funnyman Krebs has 30 seconds left.\n|\n|t:|1681869091\n|switch|p1b: Flutter Mane|Flutter Mane, L50|100\/100\n|-enditem|p1b: Flutter Mane|Booster Energy\n|-activate|p1b: Flutter Mane|ability: Protosynthesis|[fromitem]\n|-start|p1b: Flutter Mane|protosynthesisspa\n|move|p2b: Infurno|Protect|p2b: Infurno\n|-singleturn|p2b: Infurno|Protect\n|move|p2a: Wheeeee!|Energy Ball|p1b: Flutter Mane\n|-damage|p1b: Flutter Mane|68\/100\n|move|p1a: Amoonguss|Spore|p2a: Wheeeee!\n|-status|p2a: Wheeeee!|slp|[from] move: Spore\n|\n|upkeep\n|turn|4\n|inactive|Funnyman Krebs has 30 seconds left.\n|inactive|Funnyman Krebs has 20 seconds left.\n|inactive|Funnyman Krebs has 15 seconds left.\n|inactive|Funnyman Krebs has 10 seconds left.\n|inactive|Funnyman Krebs has 5 seconds left.\n|\n|t:|1681869143\n|move|p1b: Flutter Mane|Shadow Ball|p2b: Infurno\n|-damage|p2b: Infurno|0 fnt\n|faint|p2b: Infurno\n|cant|p2a: Wheeeee!|slp\n|move|p1a: Amoonguss|Pollen Puff|p1b: Flutter Mane\n|-heal|p1b: Flutter Mane|100\/100\n|\n|upkeep\n|\n|t:|1681869152\n|switch|p2b: Large Marge|Dondozo, L50, F|100\/100\n|turn|5\n|\n|t:|1681869174\n|move|p2b: Large Marge|Protect|p2b: Large Marge\n|-singleturn|p2b: Large Marge|Protect\n|move|p1b: Flutter Mane|Substitute|p1b: Flutter Mane\n|-start|p1b: Flutter Mane|Substitute\n|-damage|p1b: Flutter Mane|76\/100\n|cant|p2a: Wheeeee!|slp\n|move|p1a: Amoonguss|Spore|p2b: Large Marge\n|-activate|p2b: Large Marge|move: Protect\n|\n|upkeep\n|turn|6\n|\n|t:|1681869191\n|switch|p2a: Pee-wee|Tatsugiri-Stretchy, L50, M|100\/100\n|-activate|p2a: Pee-wee|ability: Commander|[of] p2b: Large Marge\n|-boost|p2b: Large Marge|atk|2\n|-boost|p2b: Large Marge|spa|2\n|-boost|p2b: Large Marge|spe|2\n|-boost|p2b: Large Marge|def|2\n|-boost|p2b: Large Marge|spd|2\n|switch|p1a: Ting-Lu|Ting-Lu, L50|100\/100\n|-ability|p1a: Ting-Lu|Vessel of Ruin\n|-terastallize|p2b: Large Marge|Flying\n|move|p1b: Flutter Mane|Protect|p1b: Flutter Mane\n|-singleturn|p1b: Flutter Mane|Protect\n|move|p2b: Large Marge|Tera Blast|p1a: Ting-Lu\n|-damage|p1a: Ting-Lu|56\/100\n|\n|upkeep\n|turn|7\n|inactive|CaptainEricVGC has 30 seconds left.\n|inactive|Funnyman Krebs has 30 seconds left.\n|\n|t:|1681869220\n|move|p1b: Flutter Mane|Moonblast|p2b: Large Marge\n|-damage|p2b: Large Marge|72\/100\n|move|p2b: Large Marge|Earthquake|p1b: Flutter Mane|[spread] p1a,p1b\n|-miss|p2b: Large Marge|p2a: Pee-wee\n|-end|p1b: Flutter Mane|Substitute\n|-damage|p1a: Ting-Lu|24\/100\n|move|p1a: Ting-Lu|Ruination|p2b: Large Marge\n|-damage|p2b: Large Marge|36\/100\n|\n|-heal|p2b: Large Marge|43\/100|[from] item: Leftovers\n|upkeep\n|turn|8\n|inactive|CaptainEricVGC has 30 seconds left.\n|\n|t:|1681869249\n|move|p1b: Flutter Mane|Protect|p1b: Flutter Mane\n|-singleturn|p1b: Flutter Mane|Protect\n|move|p2b: Large Marge|Protect|p2b: Large Marge\n|-singleturn|p2b: Large Marge|Protect\n|move|p1a: Ting-Lu|Ruination|p2b: Large Marge\n|-activate|p2b: Large Marge|move: Protect\n|\n|-heal|p2b: Large Marge|49\/100|[from] item: Leftovers\n|upkeep\n|turn|9\n|\n|t:|1681869264\n|switch|p1a: Amoonguss|Amoonguss, L50, F|100\/100\n|move|p1b: Flutter Mane|Substitute|p1b: Flutter Mane\n|-start|p1b: Flutter Mane|Substitute\n|-damage|p1b: Flutter Mane|51\/100\n|move|p2b: Large Marge|Earthquake|p1a: Amoonguss|[spread] p1a,p1b\n|-miss|p2b: Large Marge|p2a: Pee-wee\n|-end|p1b: Flutter Mane|Substitute\n|-damage|p1a: Amoonguss|63\/100\n|\n|-heal|p2b: Large Marge|55\/100|[from] item: Leftovers\n|upkeep\n|turn|10\n|inactive|Funnyman Krebs has 30 seconds left.\n|inactive|Funnyman Krebs has 20 seconds left.\n|\n|t:|1681869300\n|move|p2b: Large Marge|Protect|p2b: Large Marge\n|-singleturn|p2b: Large Marge|Protect\n|move|p1b: Flutter Mane|Moonblast|p2b: Large Marge\n|-activate|p2b: Large Marge|move: Protect\n|move|p1a: Amoonguss|Pollen Puff|p1b: Flutter Mane\n|-heal|p1b: Flutter Mane|100\/100\n|\n|-heal|p2b: Large Marge|61\/100|[from] item: Leftovers\n|upkeep\n|turn|11\n|\n|t:|1681869323\n|move|p1b: Flutter Mane|Protect|p1b: Flutter Mane\n|-singleturn|p1b: Flutter Mane|Protect\n|move|p2b: Large Marge|Wave Crash|p1b: Flutter Mane\n|-activate|p1b: Flutter Mane|move: Protect\n|move|p1a: Amoonguss|Spore|p2b: Large Marge\n|-status|p2b: Large Marge|slp|[from] move: Spore\n|\n|-heal|p2b: Large Marge|67\/100 slp|[from] item: Leftovers\n|upkeep\n|turn|12\n|\n|t:|1681869338\n|switch|p1a: Palafin|Palafin-Hero, L50, M|100\/100\n|-activate|p1a: Palafin|ability: Zero to Hero\n|move|p1b: Flutter Mane|Moonblast|p2b: Large Marge\n|-damage|p2b: Large Marge|31\/100 slp\n|cant|p2b: Large Marge|slp\n|\n|-heal|p2b: Large Marge|38\/100 slp|[from] item: Leftovers\n|upkeep\n|turn|13\n|\n|t:|1681869353\n|-curestatus|p2b: Large Marge|slp|[msg]\n|move|p2b: Large Marge|Protect|p2b: Large Marge\n|-singleturn|p2b: Large Marge|Protect\n|move|p1b: Flutter Mane|Substitute|p1b: Flutter Mane\n|-start|p1b: Flutter Mane|Substitute\n|-damage|p1b: Flutter Mane|76\/100\n|move|p1a: Palafin|Haze|p1a: Palafin\n|-clearallboost\n|\n|-heal|p2b: Large Marge|44\/100|[from] item: Leftovers\n|upkeep\n|turn|14\n|inactive|CaptainEricVGC has 30 seconds left.\n|inactive|CaptainEricVGC has 20 seconds left.\n|\n|t:|1681869388\n|-terastallize|p1a: Palafin|Water\n|move|p1a: Palafin|Jet Punch|p2b: Large Marge\n|-damage|p2b: Large Marge|3\/100\n|move|p1b: Flutter Mane|Moonblast|p2a: Pee-wee|[miss]\n|-miss|p1b: Flutter Mane|p2a: Pee-wee\n|move|p2b: Large Marge|Earthquake|p1a: Palafin|[spread] p1a,p1b\n|-miss|p2b: Large Marge|p2a: Pee-wee\n|-end|p1b: Flutter Mane|Substitute\n|-damage|p1a: Palafin|78\/100\n|\n|-heal|p2b: Large Marge|9\/100|[from] item: Leftovers\n|upkeep\n|turn|15\n|\n|t:|1681869410\n|move|p2b: Large Marge|Protect|p2b: Large Marge\n|-singleturn|p2b: Large Marge|Protect\n|move|p1a: Palafin|Jet Punch|p2b: Large Marge\n|-activate|p2b: Large Marge|move: Protect\n|move|p1b: Flutter Mane|Moonblast|p2a: Pee-wee|[miss]\n|-miss|p1b: Flutter Mane|p2a: Pee-wee\n|\n|-heal|p2b: Large Marge|16\/100|[from] item: Leftovers\n|upkeep\n|turn|16\n|\n|t:|1681869417\n|move|p1a: Palafin|Jet Punch|p2b: Large Marge\n|-damage|p2b: Large Marge|0 fnt\n|faint|p2b: Large Marge\n|move|p1b: Flutter Mane|Moonblast|p2a: Pee-wee\n|-supereffective|p2a: Pee-wee\n|-damage|p2a: Pee-wee|0 fnt\n|faint|p2a: Pee-wee\n|\n|upkeep\n|\n|t:|1681869422\n|switch|p2a: Wheeeee!|Glimmora, L50, M, shiny|100\/100 slp\n|turn|17\n|\n|t:|1681869428\n|move|p1b: Flutter Mane|Shadow Ball|p2a: Wheeeee!\n|-damage|p2a: Wheeeee!|53\/100 slp\n|-curestatus|p2a: Wheeeee!|slp|[msg]\n|move|p2a: Wheeeee!|Mortal Spin|p1a: Palafin|[spread] p1a,p1b\n|-damage|p1a: Palafin|74\/100\n|-damage|p1b: Flutter Mane|69\/100\n|-status|p1a: Palafin|psn\n|-status|p1b: Flutter Mane|psn\n|move|p1a: Palafin|Wave Crash|p2a: Wheeeee!\n|-supereffective|p2a: Wheeeee!\n|-damage|p2a: Wheeeee!|0 fnt\n|-activate|p2a: Wheeeee!|ability: Toxic Debris\n|-sidestart|p1: CaptainEricVGC|move: Toxic Spikes\n|faint|p2a: Wheeeee!\n|-damage|p1a: Palafin|60\/100 psn|[from] Recoil\n|\n|win|CaptainEricVGC\n|c|\u2606CaptainEricVGC|gg\n|c|\u2606Funnyman Krebs|gg\n","uploadtime":1681869447,"views":15,"p1id":"captainericvgc","p2id":"funnymankrebs","formatid":"gen9vgc2023regulationc","rating":0,"private":0,"password":""}