{"id":"gen9vgc2023regulationc-1852661471","p1":"Awesome me 1233","p2":"iTZ_Chaeryeong","format":"[Gen 9] VGC 2023 Regulation C","log":"|j|\u2606Awesome me 1233\n|j|\u2606iTZ_Chaeryeong\n|t:|1682592879\n|gametype|doubles\n|player|p1|Awesome me 1233|102|1037\n|player|p2|iTZ_Chaeryeong|170|1002\n|teamsize|p1|6\n|teamsize|p2|6\n|gen|9\n|tier|[Gen 9] VGC 2023 Regulation C\n|rated|\n|rule|Species Clause: Limit one of each Pok\u00e9mon\n|rule|Item Clause: Limit one of each item\n|clearpoke\n|poke|p1|Slaking, L50, M|\n|poke|p1|Floatzel, L50, F|\n|poke|p1|Iron Hands, L50|\n|poke|p1|Espathra, L50, F|\n|poke|p1|Drifblim, L50, M|\n|poke|p1|Grafaiai, L50, F|\n|poke|p2|Ceruledge, L50, M|\n|poke|p2|Amoonguss, L50, F|\n|poke|p2|Dragonite, L50, F|\n|poke|p2|Glimmora, L50, M|\n|poke|p2|Stonjourner, L50, F|\n|poke|p2|Kingambit, L50, M|\n|teampreview|4\nAwesome me 1233 rejected open team sheets.\n|\n|t:|1682592894\n|start\n|switch|p1a: Slaking|Slaking, L50, M|100\/100\n|switch|p1b: Grafaiai|Grafaiai, L50, F|100\/100\n|switch|p2a: Amoonguss|Amoonguss, L50, F|100\/100\n|switch|p2b: Ceruledge|Ceruledge, L50, M|100\/100\n|turn|1\n|\n|t:|1682592912\n|move|p2b: Ceruledge|Protect|p2b: Ceruledge\n|-singleturn|p2b: Ceruledge|Protect\n|move|p1b: Grafaiai|Doodle|p2a: Amoonguss\n|-endability|p1a: Slaking|Truant|[from] move: Doodle\n|-ability|p1a: Slaking|Regenerator|[from] move: Doodle\n|-endability|p1b: Grafaiai|Poison Touch|[from] move: Doodle\n|-ability|p1b: Grafaiai|Regenerator|[from] move: Doodle\n|move|p1a: Slaking|Bulk Up|p1a: Slaking\n|-boost|p1a: Slaking|atk|1\n|-boost|p1a: Slaking|def|1\n|move|p2a: Amoonguss|Spore|p1b: Grafaiai\n|-status|p1b: Grafaiai|slp|[from] move: Spore\n|\n|upkeep\n|turn|2\n|\n|t:|1682592938\n|cant|p1b: Grafaiai|slp\n|move|p2b: Ceruledge|Bulk Up|p2b: Ceruledge\n|-boost|p2b: Ceruledge|atk|1\n|-boost|p2b: Ceruledge|def|1\n|move|p1a: Slaking|Giga Impact|p2a: Amoonguss\n|-damage|p2a: Amoonguss|0 fnt\n|-mustrecharge|p1a: Slaking\n|faint|p2a: Amoonguss\n|\n|upkeep\n|\n|t:|1682592948\n|switch|p2a: Kingambit|Kingambit, L50, M|100\/100\n|turn|3\n|\n|t:|1682592957\n|cant|p1b: Grafaiai|slp\n|move|p2b: Ceruledge|Bitter Blade|p1b: Grafaiai\n|-damage|p1b: Grafaiai|0 fnt\n|faint|p1b: Grafaiai\n|cant|p1a: Slaking|recharge\n|move|p2a: Kingambit|Low Kick|p1a: Slaking\n|-supereffective|p1a: Slaking\n|-damage|p1a: Slaking|66\/100\n|\n|upkeep\n|\n|t:|1682592962\n|switch|p1b: Drifblim|Drifblim, L50, M|100\/100\n|turn|4\n|\n|t:|1682592972\n|move|p2b: Ceruledge|Shadow Sneak|p1b: Drifblim\n|-supereffective|p1b: Drifblim\n|-damage|p1b: Drifblim|18\/100\n|move|p2a: Kingambit|Sucker Punch||[still]\n|-fail|p2a: Kingambit\n|move|p1a: Slaking|Drain Punch|p2a: Kingambit\n|-supereffective|p2a: Kingambit\n|-damage|p2a: Kingambit|0 fnt\n|-heal|p1a: Slaking|100\/100|[from] drain|[of] p2a: Kingambit\n|faint|p2a: Kingambit\n|move|p1b: Drifblim|Minimize|p1b: Drifblim\n|-boost|p1b: Drifblim|evasion|2\n|\n|upkeep\n|\n|t:|1682592980\n|switch|p2a: Dragonite|Dragonite, L50, F|100\/100\n|turn|5\n|\n|t:|1682592994\n|-terastallize|p2a: Dragonite|Dragon\n|move|p2b: Ceruledge|Protect|p2b: Ceruledge\n|-singleturn|p2b: Ceruledge|Protect\n|move|p1a: Slaking|Giga Impact|p2a: Dragonite\n|-damage|p2a: Dragonite|25\/100\n|-mustrecharge|p1a: Slaking\n|move|p2a: Dragonite|Tera Blast|p1b: Drifblim\n|-damage|p1b: Drifblim|0 fnt\n|faint|p1b: Drifblim\n|\n|upkeep\n|\n|t:|1682593004\n|switch|p1b: Espathra|Espathra, L50, F|100\/100\n|turn|6\n|\n|t:|1682593016\n|move|p1b: Espathra|Protect|p1b: Espathra\n|-singleturn|p1b: Espathra|Protect\n|move|p2b: Ceruledge|Bitter Blade|p1a: Slaking\n|-crit|p1a: Slaking\n|-damage|p1a: Slaking|23\/100\n|cant|p1a: Slaking|recharge\n|move|p2a: Dragonite|Tera Blast|p1b: Espathra\n|-activate|p1b: Espathra|move: Protect\n|\n|-ability|p1b: Espathra|Speed Boost|boost\n|-boost|p1b: Espathra|spe|1\n|upkeep\n|turn|7\n|\n|t:|1682593032\n|move|p1b: Espathra|Calm Mind|p1b: Espathra\n|-boost|p1b: Espathra|spa|1\n|-boost|p1b: Espathra|spd|1\n|move|p2b: Ceruledge|Bitter Blade|p1a: Slaking\n|-damage|p1a: Slaking|0 fnt\n|faint|p1a: Slaking\n|move|p2a: Dragonite|Tera Blast|p1b: Espathra\n|-damage|p1b: Espathra|0 fnt\n|faint|p1b: Espathra\n|\n|win|iTZ_Chaeryeong\n|raw|Awesome me 1233's rating: 1037 → 1020<\/strong> (-17 for losing)\n|raw|iTZ_Chaeryeong's rating: 1002 → 1046<\/strong> (+44 for winning)\n|l|\u2606Awesome me 1233\n","uploadtime":1682593057,"views":8,"p1id":"awesomeme1233","p2id":"itzchaeryeong","formatid":"gen9vgc2023regulationc","rating":1020,"private":0,"password":""}