{"id":"gen9vgc2023regulationc-1861339344","p1":"garfieldslaya","p2":"Jake5000","format":"[Gen 9] VGC 2023 Regulation C","log":"|j|\u2606garfieldslaya\n|j|\u2606Jake5000\n|t:|1683747430\n|gametype|doubles\n|player|p1|garfieldslaya|jasmine|1144\n|player|p2|Jake5000|266|1208\n|teamsize|p1|6\n|teamsize|p2|6\n|gen|9\n|tier|[Gen 9] VGC 2023 Regulation C\n|rated|\n|rule|Species Clause: Limit one of each Pok\u00e9mon\n|rule|Item Clause: Limit one of each item\n|clearpoke\n|poke|p1|Amoonguss, L50, F|\n|poke|p1|Flutter Mane, L50|\n|poke|p1|Arcanine, L50, F|\n|poke|p1|Baxcalibur, L50, F|\n|poke|p1|Ting-Lu, L50|\n|poke|p1|Palafin, L50, M|\n|poke|p2|Kingambit, L50, M|\n|poke|p2|Torkoal, L50, M|\n|poke|p2|Flutter Mane, L50|\n|poke|p2|Jumpluff, L50, M|\n|poke|p2|Great Tusk, L50|\n|poke|p2|Chien-Pao, L50|\n|teampreview|4\ngarfieldslaya has agreed to open team sheets.\n|c|\u2606garfieldslaya|joe team?\n|c|\u2606garfieldslaya|nice\n|\n|t:|1683747484\n|start\n|switch|p1a: Baxcalibur|Baxcalibur, L50, F|100\/100\n|switch|p1b: Flutter Mane|Flutter Mane, L50|100\/100\n|switch|p2a: Flutter Mane|Flutter Mane, L50|100\/100\n|switch|p2b: Torkoal|Torkoal, L50, M|100\/100\n|-weather|SunnyDay|[from] ability: Drought|[of] p2b: Torkoal\n|-activate|p2a: Flutter Mane|ability: Protosynthesis\n|-start|p2a: Flutter Mane|protosynthesisspe\n|-activate|p1b: Flutter Mane|ability: Protosynthesis\n|-start|p1b: Flutter Mane|protosynthesisspa\n|turn|1\n|\n|t:|1683747514\n|-terastallize|p1a: Baxcalibur|Poison\n|move|p1b: Flutter Mane|Protect|p1b: Flutter Mane\n|-singleturn|p1b: Flutter Mane|Protect\n|move|p2a: Flutter Mane|Shadow Ball|p1b: Flutter Mane\n|-activate|p1b: Flutter Mane|move: Protect\n|move|p1a: Baxcalibur|Icicle Crash|p2a: Flutter Mane\n|-damage|p2a: Flutter Mane|0 fnt\n|faint|p2a: Flutter Mane\n|-end|p2a: Flutter Mane|Protosynthesis|[silent]\n|move|p2b: Torkoal|Fissure|p1a: Baxcalibur|[miss]\n|-miss|p2b: Torkoal|p1a: Baxcalibur\n|\n|-weather|SunnyDay|[upkeep]\n|upkeep\n|\n|t:|1683747527\n|switch|p2a: Great Tusk|Great Tusk, L50|100\/100\n|-activate|p2a: Great Tusk|ability: Protosynthesis\n|-start|p2a: Great Tusk|protosynthesisatk\n|turn|2\n|\n|t:|1683747564\n|switch|p2b: Jumpluff|Jumpluff, L50, M|100\/100\n|-terastallize|p2a: Great Tusk|Fire\n|move|p1a: Baxcalibur|Ice Shard|p2a: Great Tusk\n|-resisted|p2a: Great Tusk\n|-damage|p2a: Great Tusk|91\/100\n|move|p2a: Great Tusk|Earthquake|p1a: Baxcalibur|[spread] p1a,p1b\n|-immune|p2b: Jumpluff\n|-supereffective|p1a: Baxcalibur\n|-damage|p1a: Baxcalibur|9\/100\n|-damage|p1b: Flutter Mane|0 fnt\n|faint|p1b: Flutter Mane\n|-end|p1b: Flutter Mane|Protosynthesis|[silent]\n|\n|-weather|SunnyDay|[upkeep]\n|upkeep\n|\n|t:|1683747576\n|switch|p1b: Ting-Lu|Ting-Lu, L50|100\/100\n|-ability|p1b: Ting-Lu|Vessel of Ruin\n|turn|3\n|\n|t:|1683747585\n|move|p1a: Baxcalibur|Ice Shard|p2b: Jumpluff\n|-supereffective|p2b: Jumpluff\n|-damage|p2b: Jumpluff|0 fnt\n|faint|p2b: Jumpluff\n|move|p2a: Great Tusk|Earthquake|p1a: Baxcalibur|[spread] p1a,p1b\n|-supereffective|p1a: Baxcalibur\n|-damage|p1a: Baxcalibur|0 fnt\n|-damage|p1b: Ting-Lu|69\/100\n|faint|p1a: Baxcalibur\n|move|p1b: Ting-Lu|Stomping Tantrum|p2a: Great Tusk\n|-supereffective|p2a: Great Tusk\n|-damage|p2a: Great Tusk|43\/100\n|\n|-weather|SunnyDay|[upkeep]\n|-heal|p1b: Ting-Lu|75\/100|[from] item: Leftovers\n|upkeep\n|\n|t:|1683747596\n|switch|p2b: Torkoal|Torkoal, L50, M|100\/100\n|switch|p1a: Arcanine|Arcanine, L50, F|100\/100\n|-ability|p1a: Arcanine|Intimidate|boost\n|-unboost|p2a: Great Tusk|atk|1\n|-unboost|p2b: Torkoal|atk|1\n|turn|4\n|\n|t:|1683747607\n|move|p2b: Torkoal|Helping Hand|p2a: Great Tusk\n|-singleturn|p2a: Great Tusk|Helping Hand|[of] p2b: Torkoal\n|move|p1a: Arcanine|Protect|p1a: Arcanine\n|-singleturn|p1a: Arcanine|Protect\n|move|p2a: Great Tusk|Earthquake|p1b: Ting-Lu|[spread] p2b,p1b\n|-activate|p1a: Arcanine|move: Protect\n|-supereffective|p2b: Torkoal\n|-damage|p2b: Torkoal|46\/100\n|-damage|p1b: Ting-Lu|46\/100\n|move|p1b: Ting-Lu|Stomping Tantrum|p2a: Great Tusk\n|-supereffective|p2a: Great Tusk\n|-damage|p2a: Great Tusk|0 fnt\n|faint|p2a: Great Tusk\n|-end|p2a: Great Tusk|Protosynthesis|[silent]\n|\n|-weather|SunnyDay|[upkeep]\n|-heal|p1b: Ting-Lu|52\/100|[from] item: Leftovers\n|upkeep\n|turn|5\n|\n|t:|1683747624\n|move|p1a: Arcanine|Howl|p1a: Arcanine|[spread] p1a,p1b\n|-boost|p1a: Arcanine|atk|1\n|-boost|p1b: Ting-Lu|atk|1\n|move|p1b: Ting-Lu|Stomping Tantrum|p2b: Torkoal\n|-supereffective|p2b: Torkoal\n|-damage|p2b: Torkoal|0 fnt\n|faint|p2b: Torkoal\n|\n|win|garfieldslaya\n|raw|garfieldslaya's rating: 1144 → 1174<\/strong> (+30 for winning)\n|raw|Jake5000's rating: 1208 → 1178<\/strong> (-30 for losing)\n|l|\u2606Jake5000\n","uploadtime":1683747705,"views":13,"p1id":"garfieldslaya","p2id":"jake5000","formatid":"gen9vgc2023regulationc","rating":1174,"private":0,"password":""}