{"id":"gen9vgc2023regulationc-1861275081","p1":"Granadia","p2":"FanPoke2011","format":"[Gen 9] VGC 2023 Regulation C","log":"|j|\u2606Granadia\n|j|\u2606FanPoke2011\n|t:|1683741614\n|gametype|doubles\n|player|p1|Granadia|blackbelt-gen4dp|1477\n|player|p2|FanPoke2011|blackbelt-gen4dp|1385\n|teamsize|p1|6\n|teamsize|p2|6\n|gen|9\n|tier|[Gen 9] VGC 2023 Regulation C\n|rated|\n|rule|Species Clause: Limit one of each Pok\u00e9mon\n|rule|Item Clause: Limit one of each item\n|clearpoke\n|poke|p1|Tatsugiri, L50, M|\n|poke|p1|Glimmora, L50, M|\n|poke|p1|Dragonite, L50, F|\n|poke|p1|Iron Bundle, L50|\n|poke|p1|Dondozo, L50, F|\n|poke|p1|Chi-Yu, L50|\n|poke|p2|Chien-Pao, L50|\n|poke|p2|Dragonite, L50, F|\n|poke|p2|Flutter Mane, L50|\n|poke|p2|Volcarona, L50, M|\n|poke|p2|Gyarados, L50, M|\n|poke|p2|Garganacl, L50, M|\n|teampreview|4\n|inactive|Battle timer is ON: inactive players will automatically lose when time's up. (requested by Granadia)\n|inactive|Granadia has 60 seconds left.\n|inactive|FanPoke2011 has 60 seconds left.\n|\n|t:|1683741658\n|start\n|switch|p1a: Glimmora|Glimmora, L50, M, shiny|100\/100\n|switch|p1b: Iron Bundle|Iron Bundle, L50|100\/100\n|switch|p2a: Diego|Chien-Pao, L50|100\/100\n|switch|p2b: Cecilia|Dragonite, L50, F, shiny|100\/100\n|-ability|p2a: Diego|Sword of Ruin\n|-enditem|p1b: Iron Bundle|Booster Energy\n|-activate|p1b: Iron Bundle|ability: Quark Drive|[fromitem]\n|-start|p1b: Iron Bundle|quarkdrivespe\n|turn|1\n|\n|t:|1683741670\n|move|p1b: Iron Bundle|Protect|p1b: Iron Bundle\n|-singleturn|p1b: Iron Bundle|Protect\n|move|p2b: Cecilia|Extreme Speed|p1b: Iron Bundle\n|-activate|p1b: Iron Bundle|move: Protect\n|move|p2a: Diego|Sucker Punch||[still]\n|-fail|p2a: Diego\n|move|p1a: Glimmora|Mortal Spin|p2b: Cecilia|[spread] p2a,p2b\n|-damage|p2a: Diego|95\/100\n|-damage|p2b: Cecilia|94\/100\n|-status|p2a: Diego|psn\n|-status|p2b: Cecilia|psn\n|\n|-damage|p2a: Diego|82\/100 psn|[from] psn\n|-damage|p2b: Cecilia|82\/100 psn|[from] psn\n|upkeep\n|turn|2\n|inactive|Granadia has 30 seconds left.\n|\n|t:|1683741696\n|-end|p1b: Iron Bundle|Quark Drive|[silent]\n|switch|p1b: Dondozo|Dondozo, L50, F|100\/100\n|move|p2b: Cecilia|Protect|p2b: Cecilia\n|-singleturn|p2b: Cecilia|Protect\n|move|p2a: Diego|Sacred Sword|p1b: Dondozo\n|-damage|p1b: Dondozo|71\/100\n|move|p1a: Glimmora|Power Gem|p2b: Cecilia\n|-activate|p2b: Cecilia|move: Protect\n|\n|-heal|p1b: Dondozo|77\/100|[from] item: Leftovers\n|-damage|p2a: Diego|70\/100 psn|[from] psn\n|-damage|p2b: Cecilia|70\/100 psn|[from] psn\n|upkeep\n|turn|3\n|\n|t:|1683741721\n|switch|p2b: Garganacl|Garganacl, L50, M|100\/100\n|move|p1b: Dondozo|Protect|p1b: Dondozo\n|-singleturn|p1b: Dondozo|Protect\n|move|p2a: Diego|Sacred Sword|p1b: Dondozo\n|-activate|p1b: Dondozo|move: Protect\n|move|p1a: Glimmora|Power Gem|p2b: Garganacl\n|-damage|p2b: Garganacl|73\/100\n|\n|-heal|p1b: Dondozo|84\/100|[from] item: Leftovers\n|-heal|p2b: Garganacl|79\/100|[from] item: Leftovers\n|-damage|p2a: Diego|58\/100 psn|[from] psn\n|upkeep\n|turn|4\n|inactive|Granadia has 30 seconds left.\n|inactive|FanPoke2011 has 30 seconds left.\n|\n|t:|1683741752\n|switch|p1a: Tatsugiri|Tatsugiri, L50, M|100\/100\n|-activate|p1a: Tatsugiri|ability: Commander|[of] p1b: Dondozo\n|-boost|p1b: Dondozo|atk|2\n|-boost|p1b: Dondozo|spa|2\n|-boost|p1b: Dondozo|spe|2\n|-boost|p1b: Dondozo|def|2\n|-boost|p1b: Dondozo|spd|2\n|-terastallize|p2b: Garganacl|Grass\n|move|p2a: Diego|Protect|p2a: Diego\n|-singleturn|p2a: Diego|Protect\n|move|p1b: Dondozo|Earthquake|p2a: Diego|[spread] p2b\n|-miss|p1b: Dondozo|p1a: Tatsugiri\n|-activate|p2a: Diego|move: Protect\n|-resisted|p2b: Garganacl\n|-crit|p2b: Garganacl\n|-damage|p2b: Garganacl|54\/100\n|move|p2b: Garganacl|Salt Cure|p1b: Dondozo\n|-crit|p1b: Dondozo\n|-damage|p1b: Dondozo|63\/100\n|-start|p1b: Dondozo|Salt Cure\n|\n|-heal|p1b: Dondozo|70\/100|[from] item: Leftovers\n|-heal|p2b: Garganacl|60\/100|[from] item: Leftovers\n|-damage|p2a: Diego|46\/100 psn|[from] psn\n|-damage|p1b: Dondozo|45\/100|[from] Salt Cure\n|upkeep\n|turn|5\n|\n|t:|1683741775\n|switch|p2a: Ronaldinho|Gyarados, L50, M, shiny|100\/100\n|-ability|p2a: Ronaldinho|Intimidate|boost\n|-unboost|p1a: Tatsugiri|atk|1\n|-unboost|p1b: Dondozo|atk|1\n|move|p1b: Dondozo|Wave Crash|p2a: Ronaldinho\n|-resisted|p2a: Ronaldinho\n|-damage|p2a: Ronaldinho|58\/100\n|-damage|p1b: Dondozo|34\/100|[from] Recoil\n|move|p2b: Garganacl|Recover|p2b: Garganacl\n|-heal|p2b: Garganacl|100\/100\n|\n|-heal|p1b: Dondozo|40\/100|[from] item: Leftovers\n|-damage|p1b: Dondozo|15\/100|[from] Salt Cure\n|upkeep\n|turn|6\n|inactive|FanPoke2011 has 30 seconds left.\n|\n|t:|1683741804\n|move|p2b: Garganacl|Protect|p2b: Garganacl\n|-singleturn|p2b: Garganacl|Protect\n|move|p1b: Dondozo|Wave Crash|p2a: Ronaldinho\n|-resisted|p2a: Ronaldinho\n|-damage|p2a: Ronaldinho|14\/100\n|-damage|p1b: Dondozo|4\/100|[from] Recoil\n|move|p2a: Ronaldinho|Dragon Dance|p2a: Ronaldinho\n|-boost|p2a: Ronaldinho|atk|1\n|-boost|p2a: Ronaldinho|spe|1\n|\n|-heal|p1b: Dondozo|10\/100|[from] item: Leftovers\n|-damage|p1b: Dondozo|0 fnt|[from] Salt Cure\n|faint|p1b: Dondozo\n|upkeep\n|\n|t:|1683741827\n|switch|p1b: Iron Bundle|Iron Bundle, L50|100\/100\n|turn|7\n|\n|t:|1683741844\n|move|p2a: Ronaldinho|Protect|p2a: Ronaldinho\n|-singleturn|p2a: Ronaldinho|Protect\n|move|p1b: Iron Bundle|Protect|p1b: Iron Bundle\n|-singleturn|p1b: Iron Bundle|Protect\n|move|p1a: Tatsugiri|Icy Wind|p2a: Ronaldinho|[spread] p2b\n|-activate|p2a: Ronaldinho|move: Protect\n|-supereffective|p2b: Garganacl\n|-damage|p2b: Garganacl|80\/100\n|-unboost|p2b: Garganacl|spe|1\n|move|p2b: Garganacl|Salt Cure|p1a: Tatsugiri\n|-damage|p1a: Tatsugiri|75\/100\n|-start|p1a: Tatsugiri|Salt Cure\n|\n|-heal|p2b: Garganacl|86\/100|[from] item: Leftovers\n|-damage|p1a: Tatsugiri|50\/100|[from] Salt Cure\n|upkeep\n|turn|8\n|inactive|FanPoke2011 has 30 seconds left.\n|\n|t:|1683741869\n|-terastallize|p1b: Iron Bundle|Ice\n|move|p2b: Garganacl|Wide Guard|p2b: Garganacl\n|-singleturn|p2b: Garganacl|Wide Guard\n|move|p1a: Tatsugiri|Icy Wind|p2b: Garganacl|[spread] \n|-activate|p2a: Ronaldinho|move: Wide Guard\n|-activate|p2b: Garganacl|move: Wide Guard\n|move|p2a: Ronaldinho|Waterfall|p1b: Iron Bundle\n|-damage|p1b: Iron Bundle|29\/100\n|cant|p1b: Iron Bundle|flinch\n|\n|-heal|p2b: Garganacl|92\/100|[from] item: Leftovers\n|-damage|p1a: Tatsugiri|25\/100|[from] Salt Cure\n|upkeep\n|turn|9\n|\n|t:|1683741893\n|move|p2b: Garganacl|Wide Guard|p2b: Garganacl\n|-singleturn|p2b: Garganacl|Wide Guard\n|move|p1a: Tatsugiri|Icy Wind|p2b: Garganacl|[spread] \n|-activate|p2a: Ronaldinho|move: Wide Guard\n|-activate|p2b: Garganacl|move: Wide Guard\n|move|p2a: Ronaldinho|Waterfall|p1b: Iron Bundle\n|-damage|p1b: Iron Bundle|0 fnt\n|faint|p1b: Iron Bundle\n|-end|p1b: Iron Bundle|Quark Drive|[silent]\n|\n|-heal|p2b: Garganacl|98\/100|[from] item: Leftovers\n|-damage|p1a: Tatsugiri|0 fnt|[from] Salt Cure\n|faint|p1a: Tatsugiri\n|upkeep\n|c|\u2606Granadia|nice luck\n|\n|t:|1683741899\n|switch|p1b: Glimmora|Glimmora, L50, M, shiny|100\/100\n|turn|10\n|-message|Granadia forfeited.\n|\n|win|FanPoke2011\n|raw|Granadia's rating: 1477 → 1452<\/strong> (-25 for losing)\n|raw|FanPoke2011's rating: 1385 → 1410<\/strong> (+25 for winning)\n|l|\u2606Granadia\n","uploadtime":1683741918,"views":16,"p1id":"granadia","p2id":"fanpoke2011","formatid":"gen9vgc2023regulationc","rating":1410,"private":0,"password":""}