{"id":"gen9vgc2023regulationc-1847586195","p1":"8iii","p2":"Sgarli","format":"[Gen 9] VGC 2023 Regulation C","log":"|j|\u203d8iii\n|j|\u2606Sgarli\n|t:|1681977780\n|gametype|doubles\n|player|p1|8iii|265|1035\n|player|p2|Sgarli|101|1125\n|teamsize|p1|6\n|teamsize|p2|6\n|gen|9\n|tier|[Gen 9] VGC 2023 Regulation C\n|rated|\n|rule|Species Clause: Limit one of each Pok\u00e9mon\n|rule|Item Clause: Limit one of each item\n|clearpoke\n|poke|p1|Ting-Lu, L50|\n|poke|p1|Dragapult, L50, M|\n|poke|p1|Armarouge, L50, M|\n|poke|p1|Indeedee-F, L50, F|\n|poke|p1|Amoonguss, L50, M|\n|poke|p1|Arcanine, L50, M|\n|poke|p2|Annihilape, L50, F|\n|poke|p2|Iron Bundle, L50|\n|poke|p2|Arcanine, L50, M|\n|poke|p2|Roaring Moon, L50|\n|poke|p2|Gholdengo, L50|\n|poke|p2|Maushold-Four, L50|\n|teampreview|4\n|inactive|Battle timer is ON: inactive players will automatically lose when time's up. (requested by 8iii)\n|inactive|Sgarli has 60 seconds left.\n8iii rejected open team sheets.\n|\n|t:|1681977854\n|start\n|switch|p1a: Ting-Lu|Ting-Lu, L50|100\/100\n|switch|p1b: Dragapult|Dragapult, L50, M|100\/100\n|switch|p2a: Arcanine|Arcanine, L50, M|100\/100\n|switch|p2b: Roaring Moon|Roaring Moon, L50|100\/100\n|-ability|p2a: Arcanine|Intimidate|boost\n|-unboost|p1a: Ting-Lu|atk|1\n|-unboost|p1b: Dragapult|atk|1\n|-ability|p1a: Ting-Lu|Vessel of Ruin\n|-enditem|p2b: Roaring Moon|Booster Energy\n|-activate|p2b: Roaring Moon|ability: Protosynthesis|[fromitem]\n|-start|p2b: Roaring Moon|protosynthesisspe\n|turn|1\n|\n|t:|1681977878\n|move|p2b: Roaring Moon|Breaking Swipe|p1a: Ting-Lu|[spread] p1a,p1b\n|-supereffective|p1b: Dragapult\n|-damage|p1a: Ting-Lu|87\/100\n|-damage|p1b: Dragapult|45\/100\n|-unboost|p1a: Ting-Lu|atk|1\n|-unboost|p1b: Dragapult|atk|1\n|move|p1b: Dragapult|Will-O-Wisp|p2b: Roaring Moon\n|-status|p2b: Roaring Moon|brn\n|move|p2a: Arcanine|Close Combat|p1a: Ting-Lu\n|-supereffective|p1a: Ting-Lu\n|-damage|p1a: Ting-Lu|42\/100\n|-unboost|p2a: Arcanine|def|1\n|-unboost|p2a: Arcanine|spd|1\n|move|p1a: Ting-Lu|Fissure|p2b: Roaring Moon\n|-damage|p2b: Roaring Moon|0 fnt\n|faint|p2b: Roaring Moon\n|-end|p2b: Roaring Moon|Protosynthesis|[silent]\n|-ohko\n|\n|-heal|p1a: Ting-Lu|49\/100|[from] item: Leftovers\n|upkeep\n|c|\u2606Sgarli|BRO\n|c|\u2606Sgarli|delete this game\n|inactive|Sgarli has 30 seconds left.\n|\n|t:|1681977907\n|switch|p2b: Annihilape|Annihilape, L50, F|100\/100\n|turn|2\n|inactive|Sgarli has 30 seconds left.\n|\n|t:|1681977936\n|move|p1b: Dragapult|Will-O-Wisp|p2b: Annihilape\n|-status|p2b: Annihilape|brn\n|move|p2a: Arcanine|Snarl|p1a: Ting-Lu|[spread] p1b\n|-miss|p2a: Arcanine|p1a: Ting-Lu\n|-supereffective|p1b: Dragapult\n|-damage|p1b: Dragapult|30\/100\n|-unboost|p1b: Dragapult|spa|1\n|move|p2b: Annihilape|Bulk Up|p2b: Annihilape\n|-boost|p2b: Annihilape|atk|1\n|-boost|p2b: Annihilape|def|1\n|move|p1a: Ting-Lu|Fissure|p2b: Annihilape\n|-damage|p2b: Annihilape|0 fnt\n|faint|p2b: Annihilape\n|-ohko\n|\n|-heal|p1a: Ting-Lu|55\/100|[from] item: Leftovers\n|upkeep\n|j| A Borygon\n|c|\u2606Sgarli|bro\n|\n|t:|1681977955\n|switch|p2b: Iron Bundle|Iron Bundle, L50|100\/100\n|turn|3\n|\n|t:|1681977967\n|move|p1b: Dragapult|Thunder Wave|p2b: Iron Bundle\n|-status|p2b: Iron Bundle|par\n|move|p2a: Arcanine|Close Combat|p1a: Ting-Lu\n|-supereffective|p1a: Ting-Lu\n|-damage|p1a: Ting-Lu|11\/100\n|-unboost|p2a: Arcanine|def|1\n|-unboost|p2a: Arcanine|spd|1\n|move|p2b: Iron Bundle|Freeze-Dry|p1b: Dragapult\n|-supereffective|p1b: Dragapult\n|-damage|p1b: Dragapult|0 fnt\n|faint|p1b: Dragapult\n|move|p1a: Ting-Lu|Fissure|p2a: Arcanine|[miss]\n|-miss|p1a: Ting-Lu|p2a: Arcanine\n|\n|-heal|p1a: Ting-Lu|17\/100|[from] item: Leftovers\n|upkeep\n|c|\u2606Sgarli|:)\n|c|\u2606Sgarli|how to win a game that you don't deserve\n|\n|t:|1681977991\n|switch|p1b: Indeedee|Indeedee-F, L50, F|100\/100\n|-fieldstart|move: Psychic Terrain|[from] ability: Psychic Surge|[of] p1b: Indeedee\n|turn|4\n|\n|t:|1681978005\n|move|p1b: Indeedee|Fake Out|p2a: Arcanine\n|-activate|p2a: Arcanine|move: Psychic Terrain\n|move|p2a: Arcanine|Snarl|p1a: Ting-Lu|[spread] p1b\n|-miss|p2a: Arcanine|p1a: Ting-Lu\n|-supereffective|p1b: Indeedee\n|-damage|p1b: Indeedee|91\/100\n|-unboost|p1b: Indeedee|spa|1\n|cant|p2b: Iron Bundle|par\n|move|p1a: Ting-Lu|Fissure|p2a: Arcanine|[miss]\n|-miss|p1a: Ting-Lu|p2a: Arcanine\n|\n|-heal|p1a: Ting-Lu|23\/100|[from] item: Leftovers\n|upkeep\n|turn|5\n|c|\u2606Sgarli|look\n|inactive|Sgarli has 30 seconds left.\n|\n|t:|1681978036\n|-terastallize|p2a: Arcanine|Grass\n|move|p1b: Indeedee|Follow Me|p1b: Indeedee\n|-singleturn|p1b: Indeedee|move: Follow Me\n|move|p2a: Arcanine|Flare Blitz|p1b: Indeedee\n|-damage|p1b: Indeedee|5\/100\n|-status|p1b: Indeedee|brn\n|-damage|p2a: Arcanine|70\/100|[from] Recoil\n|move|p2b: Iron Bundle|Freeze-Dry|p1b: Indeedee\n|-damage|p1b: Indeedee|0 fnt\n|faint|p1b: Indeedee\n|move|p1a: Ting-Lu|Stomping Tantrum|p2a: Arcanine\n|-resisted|p2a: Arcanine\n|-damage|p2a: Arcanine|25\/100\n|\n|-heal|p1a: Ting-Lu|30\/100|[from] item: Leftovers\n|upkeep\n|\n|t:|1681978050\n|switch|p1b: Armarouge|Armarouge, L50, M|100\/100\n|turn|6\n|\n|t:|1681978063\n|move|p2a: Arcanine|Snarl|p1b: Armarouge|[spread] p1a,p1b\n|-resisted|p1a: Ting-Lu\n|-supereffective|p1b: Armarouge\n|-damage|p1a: Ting-Lu|27\/100\n|-damage|p1b: Armarouge|86\/100\n|-unboost|p1a: Ting-Lu|spa|1\n|-unboost|p1b: Armarouge|spa|1\n|-enditem|p1b: Armarouge|Weakness Policy\n|-boost|p1b: Armarouge|atk|2|[from] item: Weakness Policy\n|-boost|p1b: Armarouge|spa|2|[from] item: Weakness Policy\n|move|p2b: Iron Bundle|Freeze-Dry|p1a: Ting-Lu\n|-supereffective|p1a: Ting-Lu\n|-damage|p1a: Ting-Lu|0 fnt\n|faint|p1a: Ting-Lu\n|move|p1b: Armarouge|Expanding Force|p2b: Iron Bundle|[spread] p2a,p2b\n|-crit|p2b: Iron Bundle\n|-damage|p2a: Arcanine|0 fnt\n|-damage|p2b: Iron Bundle|0 fnt\n|faint|p2a: Arcanine\n|faint|p2b: Iron Bundle\n|-end|p2b: Iron Bundle|Quark Drive|[silent]\n|\n|win|8iii\n|raw|8iii's rating: 1035 → 1079<\/strong> (+44 for winning)\n|raw|Sgarli's rating: 1125 → 1094<\/strong> (-31 for losing)\n|c|\u2606Sgarli|you should be proud\n|c|\u2606Sgarli|of this victory\n|c|\u2606Sgarli|you are so good\n|l|\u2606Sgarli\n","uploadtime":1681978128,"views":7,"p1id":"8iii","p2id":"sgarli","formatid":"gen9vgc2023regulationc","rating":1079,"private":0,"password":""}