{"id":"gen9vgc2023regulationc-1853120640","p1":"foxyman52","p2":"DarthIgnus","format":"[Gen 9] VGC 2023 Regulation C","log":"|j|\u2606foxyman52\n|j|\u2606DarthIgnus\n|t:|1682637640\n|gametype|doubles\n|player|p1|foxyman52|1|1332\n|player|p2|DarthIgnus|102|1315\n|teamsize|p1|6\n|teamsize|p2|6\n|gen|9\n|tier|[Gen 9] VGC 2023 Regulation C\n|rated|\n|rule|Species Clause: Limit one of each Pok\u00e9mon\n|rule|Item Clause: Limit one of each item\n|clearpoke\n|poke|p1|Vaporeon, L50, F|\n|poke|p1|Ting-Lu, L50|\n|poke|p1|Meowscarada, L50, M|\n|poke|p1|Ceruledge, L50, M|\n|poke|p1|Gholdengo, L50|\n|poke|p1|Dragonite, L50, F|\n|poke|p2|Arcanine, L50, M|\n|poke|p2|Amoonguss, L50, M|\n|poke|p2|Palafin, L50, M|\n|poke|p2|Kingambit, L50, F|\n|poke|p2|Dragonite, L50, M|\n|poke|p2|Flutter Mane, L50|\n|teampreview|4\n|inactive|Battle timer is ON: inactive players will automatically lose when time's up. (requested by foxyman52)\nDarthIgnus has agreed to open team sheets.\nfoxyman52 has agreed to open team sheets.\n|inactive|DarthIgnus has 60 seconds left.\n|inactive|DarthIgnus has 30 seconds left.\n|inactive|DarthIgnus has 20 seconds left.\n|inactive|DarthIgnus has 15 seconds left.\n|inactive|DarthIgnus has 10 seconds left.\n|\n|t:|1682637721\n|start\n|switch|p1a: Dragonite|Dragonite, L50, F|100\/100\n|switch|p1b: Ting-Lu|Ting-Lu, L50|100\/100\n|switch|p2a: Kingambit|Kingambit, L50, F|100\/100\n|switch|p2b: Arcanine|Arcanine, L50, M|100\/100\n|-ability|p2b: Arcanine|Intimidate|boost\n|-unboost|p1a: Dragonite|atk|1\n|-unboost|p1b: Ting-Lu|atk|1\n|-ability|p1b: Ting-Lu|Vessel of Ruin\n|turn|1\n|inactive|foxyman52 has 30 seconds left.\n|inactive|DarthIgnus has 30 seconds left.\n|inactive|DarthIgnus has 20 seconds left.\n|\n|t:|1682637757\n|-terastallize|p2b: Arcanine|Water\n|move|p2a: Kingambit|Protect|p2a: Kingambit\n|-singleturn|p2a: Kingambit|Protect\n|move|p2b: Arcanine|Will-O-Wisp|p1a: Dragonite\n|-status|p1a: Dragonite|brn\n|move|p1a: Dragonite|Tailwind|p1a: Dragonite\n|-sidestart|p1: foxyman52|move: Tailwind\n|move|p1b: Ting-Lu|Body Press|p2a: Kingambit\n|-activate|p2a: Kingambit|move: Protect\n|\n|-damage|p1a: Dragonite|95\/100 brn|[from] brn\n|upkeep\n|turn|2\n|inactive|foxyman52 has 30 seconds left.\n|inactive|foxyman52 has 20 seconds left.\n|\n|t:|1682637794\n|switch|p1b: Ceruledge|Ceruledge, L50, M|100\/100\n|switch|p2a: Amoonguss|Amoonguss, L50, M|100\/100\n|move|p1a: Dragonite|Extreme Speed|p2a: Amoonguss\n|-damage|p2a: Amoonguss|92\/100\n|move|p2b: Arcanine|Will-O-Wisp|p1b: Ceruledge\n|-start|p1b: Ceruledge|ability: Flash Fire\n|\n|-damage|p1a: Dragonite|89\/100 brn|[from] brn\n|upkeep\n|turn|3\n|inactive|foxyman52 has 30 seconds left.\n|inactive|DarthIgnus has 30 seconds left.\n|inactive|DarthIgnus has 20 seconds left.\n|inactive|DarthIgnus has 15 seconds left.\n|inactive|DarthIgnus has 10 seconds left.\n|inactive|DarthIgnus has 5 seconds left.\n|\n|t:|1682637850\n|-terastallize|p1b: Ceruledge|Grass\n|move|p1a: Dragonite|Ice Spinner|p2a: Amoonguss\n|-supereffective|p2a: Amoonguss\n|-damage|p2a: Amoonguss|75\/100\n|move|p1b: Ceruledge|Bitter Blade|p2a: Amoonguss\n|-supereffective|p2a: Amoonguss\n|-damage|p2a: Amoonguss|0 fnt\n|faint|p2a: Amoonguss\n|-damage|p1b: Ceruledge|91\/100|[from] item: Life Orb\n|move|p2b: Arcanine|Will-O-Wisp|p1a: Dragonite\n|-fail|p1a: Dragonite|brn\n|\n|-damage|p1a: Dragonite|83\/100 brn|[from] brn\n|upkeep\n|\n|t:|1682637864\n|switch|p2a: Kingambit|Kingambit, L50, F|100\/100\n|turn|4\n|\n|t:|1682637887\n|move|p2a: Kingambit|Protect|p2a: Kingambit\n|-singleturn|p2a: Kingambit|Protect\n|move|p1a: Dragonite|Extreme Speed|p2a: Kingambit\n|-activate|p2a: Kingambit|move: Protect\n|move|p1b: Ceruledge|Bitter Blade|p2a: Kingambit\n|-activate|p2a: Kingambit|move: Protect\n|move|p2b: Arcanine|Howl|p2b: Arcanine|[spread] p2a,p2b\n|-boost|p2a: Kingambit|atk|1\n|-boost|p2b: Arcanine|atk|1\n|\n|-damage|p1a: Dragonite|77\/100 brn|[from] brn\n|-sideend|p1: foxyman52|move: Tailwind\n|upkeep\n|turn|5\n|\n|t:|1682637902\n|move|p1b: Ceruledge|Protect|p1b: Ceruledge\n|-singleturn|p1b: Ceruledge|Protect\n|move|p2b: Arcanine|Extreme Speed|p1b: Ceruledge\n|-activate|p1b: Ceruledge|move: Protect\n|move|p2a: Kingambit|Sucker Punch||[still]\n|-fail|p2a: Kingambit\n|move|p1a: Dragonite|Tailwind|p1a: Dragonite\n|-sidestart|p1: foxyman52|move: Tailwind\n|\n|-damage|p1a: Dragonite|71\/100 brn|[from] brn\n|upkeep\n|turn|6\n|inactive|foxyman52 has 30 seconds left.\n|\n|t:|1682637932\n|move|p1a: Dragonite|Extreme Speed|p2a: Kingambit\n|-resisted|p2a: Kingambit\n|-damage|p2a: Kingambit|97\/100\n|move|p2b: Arcanine|Extreme Speed|p1b: Ceruledge\n|-damage|p1b: Ceruledge|46\/100\n|move|p1b: Ceruledge|Bulk Up|p1b: Ceruledge\n|-boost|p1b: Ceruledge|atk|1\n|-boost|p1b: Ceruledge|def|1\n|move|p2a: Kingambit|Swords Dance|p2a: Kingambit\n|-boost|p2a: Kingambit|atk|2\n|\n|-damage|p1a: Dragonite|65\/100 brn|[from] brn\n|upkeep\n|turn|7\n|\n|t:|1682637955\n|move|p1a: Dragonite|Protect|p1a: Dragonite\n|-singleturn|p1a: Dragonite|Protect\n|move|p2b: Arcanine|Extreme Speed|p1b: Ceruledge\n|-damage|p1b: Ceruledge|17\/100\n|move|p2a: Kingambit|Sucker Punch|p1b: Ceruledge\n|-damage|p1b: Ceruledge|0 fnt\n|faint|p1b: Ceruledge\n|\n|-damage|p1a: Dragonite|60\/100 brn|[from] brn\n|upkeep\n|\n|t:|1682637969\n|switch|p1b: Ting-Lu|Ting-Lu, L50|100\/100\n|-ability|p1b: Ting-Lu|Vessel of Ruin\n|turn|8\n|\n|t:|1682637979\n|move|p2a: Kingambit|Protect|p2a: Kingambit\n|-singleturn|p2a: Kingambit|Protect\n|move|p1a: Dragonite|Extreme Speed|p2a: Kingambit\n|-activate|p2a: Kingambit|move: Protect\n|move|p2b: Arcanine|Will-O-Wisp|p1b: Ting-Lu\n|-status|p1b: Ting-Lu|brn\n|move|p1b: Ting-Lu|Earthquake|p2a: Kingambit|[spread] p2b\n|-activate|p2a: Kingambit|move: Protect\n|-immune|p1a: Dragonite\n|-damage|p2b: Arcanine|82\/100\n|\n|-damage|p1a: Dragonite|54\/100 brn|[from] brn\n|-damage|p1b: Ting-Lu|94\/100 brn|[from] brn\n|-sideend|p1: foxyman52|move: Tailwind\n|upkeep\n|turn|9\n|-message|foxyman52 forfeited.\n|\n|win|DarthIgnus\n|raw|foxyman52's rating: 1332 → 1311<\/strong> (-21 for losing)\n|raw|DarthIgnus's rating: 1315 → 1336<\/strong> (+21 for winning)\n|l|\u2606foxyman52\n|c|\u2606DarthIgnus|gg\n","uploadtime":1682638001,"views":10,"p1id":"foxyman52","p2id":"darthignus","formatid":"gen9vgc2023regulationc","rating":1311,"private":0,"password":""}