{"id":"gen9vgc2023regulationc-1848016690","p1":"D3C1B3L","p2":"Inkin","format":"[Gen 9] VGC 2023 Regulation C","log":"|j|\u2606D3C1B3L\n|j|\u2606Inkin\n|t:|1682021002\n|gametype|doubles\n|player|p1|D3C1B3L|roughneck-gen4|1281\n|player|p2|Inkin|shadowtriad|1262\n|teamsize|p1|6\n|teamsize|p2|6\n|gen|9\n|tier|[Gen 9] VGC 2023 Regulation C\n|rated|\n|rule|Species Clause: Limit one of each Pok\u00e9mon\n|rule|Item Clause: Limit one of each item\n|clearpoke\n|poke|p1|Garchomp, L50, F|\n|poke|p1|Talonflame, L50, F|\n|poke|p1|Chi-Yu, L50|\n|poke|p1|Gallade, L50, M|\n|poke|p1|Iron Bundle, L50|\n|poke|p1|Glimmora, L50, M|\n|poke|p2|Arcanine, L50, M|\n|poke|p2|Chien-Pao, L50|\n|poke|p2|Dragonite, L50, M|\n|poke|p2|Amoonguss, L50, F|\n|poke|p2|Flutter Mane, L50|\n|poke|p2|Kingambit, L50, M|\n|teampreview|4\n|\n|t:|1682021024\n|start\n|switch|p1a: Garchomp|Garchomp, L50, F|100\/100\n|switch|p1b: Talonflame|Talonflame, L50, F|100\/100\n|switch|p2a: Flutter Mane|Flutter Mane, L50|100\/100\n|switch|p2b: Amoonguss|Amoonguss, L50, F|100\/100\n|-enditem|p2a: Flutter Mane|Booster Energy\n|-activate|p2a: Flutter Mane|ability: Protosynthesis|[fromitem]\n|-start|p2a: Flutter Mane|protosynthesisspe\n|turn|1\n|\n|t:|1682021043\n|-terastallize|p1a: Garchomp|Fire\n|move|p2a: Flutter Mane|Dazzling Gleam|p1a: Garchomp|[spread] p1a,p1b\n|-resisted|p1a: Garchomp\n|-resisted|p1b: Talonflame\n|-damage|p1a: Garchomp|82\/100\n|-damage|p1b: Talonflame|81\/100\n|move|p1b: Talonflame|Taunt|p2b: Amoonguss\n|-start|p2b: Amoonguss|move: Taunt\n|move|p1a: Garchomp|Earthquake|p2a: Flutter Mane|[spread] p2a,p2b\n|-immune|p1b: Talonflame\n|-damage|p2a: Flutter Mane|13\/100\n|-damage|p2b: Amoonguss|68\/100\n|cant|p2b: Amoonguss|move: Taunt|Spore\n|\n|upkeep\n|turn|2\n|\n|t:|1682021079\n|switch|p2b: Dragonite|Dragonite, L50, M|100\/100\n|move|p2a: Flutter Mane|Protect|p2a: Flutter Mane\n|-singleturn|p2a: Flutter Mane|Protect\n|move|p1b: Talonflame|Tailwind|p1b: Talonflame\n|-sidestart|p1: D3C1B3L|move: Tailwind\n|move|p1a: Garchomp|Earthquake|p2b: Dragonite|[spread] \n|-activate|p2a: Flutter Mane|move: Protect\n|-immune|p1b: Talonflame\n|-immune|p2b: Dragonite\n|\n|upkeep\n|turn|3\n|\n|t:|1682021111\n|-end|p2a: Flutter Mane|Protosynthesis|[silent]\n|switch|p2a: Amoonguss|Amoonguss, L50, F|100\/100\n|move|p1b: Talonflame|Will-O-Wisp|p2b: Dragonite\n|-status|p2b: Dragonite|brn\n|move|p1a: Garchomp|Earthquake|p2a: Amoonguss|[spread] p2a\n|-immune|p1b: Talonflame\n|-immune|p2b: Dragonite\n|-damage|p2a: Amoonguss|70\/100\n|move|p2b: Dragonite|Stomping Tantrum|p1a: Garchomp\n|-supereffective|p1a: Garchomp\n|-damage|p1a: Garchomp|34\/100\n|-damage|p2b: Dragonite|88\/100 brn|[from] ability: Rough Skin|[of] p1a: Garchomp\n|\n|-damage|p2b: Dragonite|82\/100 brn|[from] brn\n|upkeep\n|turn|4\n|\n|t:|1682021139\n|move|p1b: Talonflame|Brave Bird|p2a: Amoonguss\n|-supereffective|p2a: Amoonguss\n|-damage|p2a: Amoonguss|15\/100\n|-enditem|p2a: Amoonguss|Sitrus Berry|[eat]\n|-heal|p2a: Amoonguss|40\/100|[from] item: Sitrus Berry\n|-damage|p1b: Talonflame|59\/100|[from] Recoil\n|move|p1a: Garchomp|Dragon Claw|p2b: Dragonite\n|-supereffective|p2b: Dragonite\n|-damage|p2b: Dragonite|3\/100 brn\n|move|p2b: Dragonite|Stomping Tantrum|p1a: Garchomp\n|-supereffective|p1a: Garchomp\n|-damage|p1a: Garchomp|0 fnt\n|-damage|p2b: Dragonite|0 fnt|[from] ability: Rough Skin|[of] p1a: Garchomp\n|faint|p1a: Garchomp\n|faint|p2b: Dragonite\n|move|p2a: Amoonguss|Pollen Puff|p2: Dragonite|[notarget]\n|-fail|p2a: Amoonguss\n|\n|upkeep\n|\n|t:|1682021163\n|switch|p1a: Gallade|Gallade, L50, M|100\/100\n|switch|p2b: Flutter Mane|Flutter Mane, L50|13\/100\n|turn|5\n|inactive|Battle timer is ON: inactive players will automatically lose when time's up. (requested by D3C1B3L)\n|\n|t:|1682021220\n|move|p2b: Flutter Mane|Protect|p2b: Flutter Mane\n|-singleturn|p2b: Flutter Mane|Protect\n|move|p2a: Amoonguss|Protect|p2a: Amoonguss\n|-singleturn|p2a: Amoonguss|Protect\n|move|p1b: Talonflame|Brave Bird|p2a: Amoonguss\n|-activate|p2a: Amoonguss|move: Protect\n|move|p1a: Gallade|Psycho Cut|p2b: Flutter Mane\n|-activate|p2b: Flutter Mane|move: Protect\n|\n|-sideend|p1: D3C1B3L|move: Tailwind\n|upkeep\n|turn|6\n|\n|t:|1682021240\n|-terastallize|p2a: Amoonguss|Water\n|move|p1a: Gallade|Protect|p1a: Gallade\n|-singleturn|p1a: Gallade|Protect\n|move|p2b: Flutter Mane|Moonblast|p1a: Gallade\n|-activate|p1a: Gallade|move: Protect\n|move|p1b: Talonflame|Tailwind|p1b: Talonflame\n|-sidestart|p1: D3C1B3L|move: Tailwind\n|move|p2a: Amoonguss|Spore|p1b: Talonflame\n|-activate|p1b: Talonflame|item: Safety Goggles|Spore\n|\n|upkeep\n|turn|7\n|inactive|Inkin has 30 seconds left.\n|\n|t:|1682021268\n|move|p2a: Amoonguss|Rage Powder|p2a: Amoonguss\n|-singleturn|p2a: Amoonguss|move: Rage Powder\n|move|p1b: Talonflame|Brave Bird|p2a: Amoonguss\n|-damage|p2a: Amoonguss|14\/100\n|-damage|p1b: Talonflame|49\/100|[from] Recoil\n|move|p1a: Gallade|Psycho Cut|p2a: Amoonguss\n|-damage|p2a: Amoonguss|0 fnt\n|faint|p2a: Amoonguss\n|move|p2b: Flutter Mane|Moonblast|p1a: Gallade\n|-supereffective|p1a: Gallade\n|-enditem|p1a: Gallade|Focus Sash\n|-damage|p1a: Gallade|1\/100\n|\n|upkeep\n|\n|t:|1682021281\n|switch|p2a: Chien-Pao|Chien-Pao, L50|100\/100\n|-ability|p2a: Chien-Pao|Sword of Ruin\n|turn|8\n|\n|t:|1682021298\n|move|p1a: Gallade|Protect|p1a: Gallade\n|-singleturn|p1a: Gallade|Protect\n|move|p2b: Flutter Mane|Protect|p2b: Flutter Mane\n|-singleturn|p2b: Flutter Mane|Protect\n|move|p2a: Chien-Pao|Sucker Punch||[still]\n|-fail|p2a: Chien-Pao\n|move|p1b: Talonflame|Will-O-Wisp|p2a: Chien-Pao\n|-status|p2a: Chien-Pao|brn\n|\n|-damage|p2a: Chien-Pao|95\/100 brn|[from] brn\n|upkeep\n|turn|9\n|\n|t:|1682021319\n|switch|p1a: Chi-Yu|Chi-Yu, L50|100\/100\n|-ability|p1a: Chi-Yu|Beads of Ruin\n|move|p2b: Flutter Mane|Protect||[still]\n|-fail|p2b: Flutter Mane\n|move|p2a: Chien-Pao|Sucker Punch||[still]\n|-fail|p2a: Chien-Pao\n|move|p1b: Talonflame|Brave Bird|p2b: Flutter Mane\n|-damage|p2b: Flutter Mane|0 fnt\n|faint|p2b: Flutter Mane\n|-end|p2b: Flutter Mane|Protosynthesis|[silent]\n|-damage|p1b: Talonflame|46\/100|[from] Recoil\n|\n|-damage|p2a: Chien-Pao|89\/100 brn|[from] brn\n|-sideend|p1: D3C1B3L|move: Tailwind\n|upkeep\n|turn|10\n|\n|t:|1682021341\n|move|p2a: Chien-Pao|Ice Spinner|p1b: Talonflame\n|-damage|p1b: Talonflame|11\/100\n|move|p1b: Talonflame|Brave Bird|p2a: Chien-Pao\n|-damage|p2a: Chien-Pao|36\/100 brn\n|-damage|p1b: Talonflame|0 fnt|[from] Recoil\n|faint|p1b: Talonflame\n|move|p1a: Chi-Yu|Overheat|p2a: Chien-Pao|[miss]\n|-miss|p1a: Chi-Yu|p2a: Chien-Pao\n|\n|-damage|p2a: Chien-Pao|31\/100 brn|[from] brn\n|upkeep\n|\n|t:|1682021345\n|switch|p1b: Gallade|Gallade, L50, M|1\/100\n|turn|11\n|\n|t:|1682021360\n|move|p2a: Chien-Pao|Sacred Sword|p1a: Chi-Yu\n|-supereffective|p1a: Chi-Yu\n|-damage|p1a: Chi-Yu|40\/100\n|move|p1a: Chi-Yu|Overheat|p2a: Chien-Pao\n|-supereffective|p2a: Chien-Pao\n|-damage|p2a: Chien-Pao|0 fnt\n|-unboost|p1a: Chi-Yu|spa|2\n|faint|p2a: Chien-Pao\n|-damage|p1a: Chi-Yu|30\/100|[from] item: Life Orb\n|\n|win|D3C1B3L\n|raw|D3C1B3L's rating: 1281 → 1305<\/strong> (+24 for winning)\n|raw|Inkin's rating: 1262 → 1238<\/strong> (-24 for losing)\n","uploadtime":1682021373,"views":17,"p1id":"d3c1b3l","p2id":"inkin","formatid":"gen9vgc2023regulationc","rating":1238,"private":0,"password":""}