{"id":"gen9vgc2023regulationc-1847413870","p1":"They34","p2":"watanagashi vgc","format":"[Gen 9] VGC 2023 Regulation C","log":"|j|\u2606They34\n|j|\u2606watanagashi vgc\n|t:|1681952257\n|gametype|doubles\n|player|p1|They34|ruinmaniac|\n|player|p2|watanagashi vgc|preschoolerf|\n|teamsize|p1|6\n|teamsize|p2|6\n|gen|9\n|tier|[Gen 9] VGC 2023 Regulation C\n|rated|Tournament battle\n|rule|Species Clause: Limit one of each Pok\u00e9mon\n|rule|Item Clause: Limit one of each item\n|clearpoke\n|poke|p1|Chien-Pao, L50|\n|poke|p1|Dragonite, L50, F|\n|poke|p1|Bronzong, L50|\n|poke|p1|Flutter Mane, L50|\n|poke|p1|Amoonguss, L50, M|\n|poke|p1|Iron Hands, L50|\n|poke|p2|Orthworm, L50, M|\n|poke|p2|Dragonite, L50, M|\n|poke|p2|Ting-Lu, L50|\n|poke|p2|Gyarados, L50, F|\n|poke|p2|Flutter Mane, L50|\n|poke|p2|Chien-Pao, L50|\n|teampreview|4\n|raw| Open Team Sheet for They34<\/summary>Chien-Pao @ Focus Sash Ability: Sword of Ruin Level: 50 Tera Type: Ghost - Sacred Sword - Ice Spinner - Sucker Punch - Protect Dragonite @ Lum Berry Ability: Inner Focus Level: 50 Tera Type: Flying - Extreme Speed - Iron Head - Tera Blast - Protect Bronzong @ Leftovers Ability: Levitate Level: 50 Tera Type: Water - Iron Defense - Trick Room - Gyro Ball - Body Press Flutter Mane @ Life Orb Ability: Protosynthesis Level: 50 Tera Type: Fairy - Protect - Dazzling Gleam - Shadow Ball - Power Gem Amoonguss @ Sitrus Berry Ability: Regenerator Level: 50 Tera Type: Water - Rage Powder - Spore - Clear Smog - Pollen Puff Iron Hands @ Assault Vest Ability: Quark Drive Level: 50 Tera Type: Grass - Fake Out - Wild Charge - Drain Punch - Tera Blast <\/details><\/div> Open Team Sheet for watanagashi vgc<\/summary>Orthworm @ Sitrus Berry Ability: Earth Eater Level: 50 Tera Type: Fire - Shed Tail - Body Press - Iron Defense - Heavy Slam Dragonite @ Lum Berry Ability: Multiscale Level: 50 Tera Type: Flying - Dragon Dance - Tera Blast - Earthquake - Extreme Speed Ting-Lu @ Choice Band Ability: Vessel of Ruin Level: 50 Tera Type: Water - Earthquake - Rock Slide - Throat Chop - Bulldoze Gyarados @ Safety Goggles Ability: Intimidate Level: 50 Tera Type: Water - Taunt - Thunder Wave - Waterfall - Bulldoze Flutter Mane @ Choice Specs Ability: Protosynthesis Level: 50 Tera Type: Fairy - Hex - Dazzling Gleam - Moonblast - Icy Wind Chien-Pao @ Focus Sash Ability: Sword of Ruin Level: 50 Tera Type: Dark - Ice Spinner - Sucker Punch - Haze - Protect <\/details><\/div>\n|c|\u2606watanagashi vgc|gl hf\n|inactive|Battle timer is ON: inactive players will automatically lose when time's up. (requested by They34)\n|inactive|watanagashi vgc has 60 seconds left.\n|c|\u2606They34|U2\n|\n|t:|1681952306\n|start\n|switch|p1a: Bronzong|Bronzong, L50|100\/100\n|switch|p1b: Iron Hands|Iron Hands, L50|100\/100\n|switch|p2a: Gyarados|Gyarados, L50, F|100\/100\n|switch|p2b: Ting-Lu|Ting-Lu, L50|100\/100\n|-ability|p2a: Gyarados|Intimidate|boost\n|-unboost|p1a: Bronzong|atk|1\n|-unboost|p1b: Iron Hands|atk|1\n|-ability|p2b: Ting-Lu|Vessel of Ruin\n|turn|1\n|\n|t:|1681952330\n|move|p1b: Iron Hands|Fake Out|p2a: Gyarados\n|-damage|p2a: Gyarados|91\/100\n|cant|p2a: Gyarados|flinch\n|move|p2b: Ting-Lu|Throat Chop|p1a: Bronzong\n|-supereffective|p1a: Bronzong\n|-damage|p1a: Bronzong|6\/100\n|-start|p1a: Bronzong|Throat Chop|[silent]\n|move|p1a: Bronzong|Trick Room|p1a: Bronzong\n|-fieldstart|move: Trick Room|[of] p1a: Bronzong\n|\n|-heal|p1a: Bronzong|12\/100|[from] item: Leftovers\n|upkeep\n|turn|2\n|inactive|They34 has 30 seconds left.\n|inactive|They34 has 20 seconds left.\n|\n|t:|1681952366\n|switch|p2a: Orthworm|Orthworm, L50, M|100\/100\n|move|p1a: Bronzong|Body Press|p2b: Ting-Lu\n|-supereffective|p2b: Ting-Lu\n|-damage|p2b: Ting-Lu|73\/100\n|move|p1b: Iron Hands|Drain Punch|p2b: Ting-Lu\n|-supereffective|p2b: Ting-Lu\n|-damage|p2b: Ting-Lu|38\/100\n|move|p2b: Ting-Lu|Throat Chop|p1a: Bronzong\n|-supereffective|p1a: Bronzong\n|-damage|p1a: Bronzong|0 fnt\n|faint|p1a: Bronzong\n|\n|upkeep\n|\n|t:|1681952382\n|switch|p1a: Amoonguss|Amoonguss, L50, M|100\/100\n|turn|3\n|inactive|They34 has 30 seconds left.\n|\n|t:|1681952407\n|switch|p2b: Gyarados|Gyarados, L50, F|91\/100\n|-ability|p2b: Gyarados|Intimidate|boost\n|-unboost|p1a: Amoonguss|atk|1\n|-unboost|p1b: Iron Hands|atk|1\n|move|p1a: Amoonguss|Spore|p2a: Orthworm\n|-status|p2a: Orthworm|slp|[from] move: Spore\n|move|p1b: Iron Hands|Wild Charge|p2b: Gyarados\n|-supereffective|p2b: Gyarados\n|-damage|p2b: Gyarados|0 fnt\n|faint|p2b: Gyarados\n|-damage|p1b: Iron Hands|81\/100|[from] Recoil\n|cant|p2a: Orthworm|slp\n|\n|upkeep\n|\n|t:|1681952429\n|switch|p2b: Ting-Lu|Ting-Lu, L50|38\/100\n|-ability|p2b: Ting-Lu|Vessel of Ruin\n|turn|4\n|\n|t:|1681952449\n|switch|p2b: Dragonite|Dragonite, L50, M|100\/100\n|move|p1a: Amoonguss|Clear Smog|p1b: Iron Hands\n|-damage|p1b: Iron Hands|73\/100\n|-clearboost|p1b: Iron Hands\n|move|p1b: Iron Hands|Drain Punch|p2b: Dragonite\n|-resisted|p2b: Dragonite\n|-damage|p2b: Dragonite|90\/100\n|-heal|p1b: Iron Hands|77\/100|[from] drain|[of] p2b: Dragonite\n|cant|p2a: Orthworm|slp\n|\n|upkeep\n|turn|5\n|inactive|They34 has 30 seconds left.\n|\n|t:|1681952482\n|switch|p2b: Ting-Lu|Ting-Lu, L50|38\/100\n|-ability|p2b: Ting-Lu|Vessel of Ruin\n|-terastallize|p1a: Amoonguss|Water\n|move|p1a: Amoonguss|Spore|p2b: Ting-Lu\n|-status|p2b: Ting-Lu|slp|[from] move: Spore\n|move|p1b: Iron Hands|Wild Charge|p2b: Ting-Lu\n|-immune|p2b: Ting-Lu\n|cant|p2a: Orthworm|slp\n|\n|-fieldend|move: Trick Room\n|upkeep\n|turn|6\n|\n|t:|1681952501\n|cant|p2b: Ting-Lu|slp\n|-curestatus|p2a: Orthworm|slp|[msg]\n|move|p2a: Orthworm|Shed Tail|p2a: Orthworm\n|-start|p2a: Orthworm|Substitute|[from] move: Shed Tail\n|-damage|p2a: Orthworm|50\/100\n|-enditem|p2a: Orthworm|Sitrus Berry|[eat]\n|-heal|p2a: Orthworm|75\/100|[from] item: Sitrus Berry\n|\n|t:|1681952508\n|switch|p2a: Dragonite|Dragonite, L50, M|90\/100|[from] Shed Tail\n|move|p1b: Iron Hands|Drain Punch|p2a: Dragonite\n|-resisted|p2a: Dragonite\n|-activate|p2a: Dragonite|move: Substitute|[damage]\n|-heal|p1b: Iron Hands|85\/100|[from] drain|[of] p2a: Dragonite\n|move|p1a: Amoonguss|Spore||[still]\n|-fail|p1a: Amoonguss\n|\n|upkeep\n|turn|7\n|inactive|They34 has 30 seconds left.\n|inactive|watanagashi vgc has 30 seconds left.\n|\n|t:|1681952543\n|switch|p2b: Orthworm|Orthworm, L50, M|75\/100\n|move|p1a: Amoonguss|Rage Powder|p1a: Amoonguss\n|-singleturn|p1a: Amoonguss|move: Rage Powder\n|move|p2a: Dragonite|Dragon Dance|p2a: Dragonite\n|-boost|p2a: Dragonite|atk|1\n|-boost|p2a: Dragonite|spe|1\n|move|p1b: Iron Hands|Wild Charge|p2a: Dragonite\n|-end|p2a: Dragonite|Substitute\n|-damage|p1b: Iron Hands|85\/100|[from] Recoil|[of] p2a: Dragonite\n|\n|upkeep\n|turn|8\n|\n|t:|1681952559\n|move|p2a: Dragonite|Earthquake|p1b: Iron Hands|[spread] p1a,p1b\n|-heal|p2b: Orthworm|100\/100|[from] ability: Earth Eater|[of] p2a: Dragonite\n|-supereffective|p1b: Iron Hands\n|-damage|p1a: Amoonguss|71\/100\n|-damage|p1b: Iron Hands|32\/100\n|move|p2b: Orthworm|Iron Defense|p2b: Orthworm\n|-boost|p2b: Orthworm|def|2\n|move|p1b: Iron Hands|Wild Charge|p2a: Dragonite\n|-damage|p2a: Dragonite|36\/100\n|-damage|p1b: Iron Hands|22\/100|[from] Recoil\n|move|p1a: Amoonguss|Clear Smog|p2a: Dragonite\n|-damage|p2a: Dragonite|20\/100\n|-clearboost|p2a: Dragonite\n|\n|upkeep\n|turn|9\n|inactive|They34 has 30 seconds left.\n|inactive|watanagashi vgc has 30 seconds left.\n|inactive|They34 has 20 seconds left.\n|inactive|They34 has 15 seconds left.\n|\n|t:|1681952599\n|move|p2a: Dragonite|Earthquake|p1b: Iron Hands|[spread] p1a,p1b\n|-immune|p2b: Orthworm|[from] ability: Earth Eater\n|-supereffective|p1b: Iron Hands\n|-damage|p1a: Amoonguss|50\/100\n|-damage|p1b: Iron Hands|0 fnt\n|-enditem|p1a: Amoonguss|Sitrus Berry|[eat]\n|-heal|p1a: Amoonguss|75\/100|[from] item: Sitrus Berry\n|faint|p1b: Iron Hands\n|-end|p1b: Iron Hands|Quark Drive|[silent]\n|move|p2b: Orthworm|Body Press|p1a: Amoonguss\n|-damage|p1a: Amoonguss|27\/100\n|move|p1a: Amoonguss|Spore|p2b: Orthworm\n|-status|p2b: Orthworm|slp|[from] move: Spore\n|\n|upkeep\n|\n|t:|1681952613\n|switch|p1b: Flutter Mane|Flutter Mane, L50|100\/100\n|turn|10\n|inactive|They34 has 30 seconds left.\n|inactive|watanagashi vgc has 30 seconds left.\n|inactive|watanagashi vgc has 20 seconds left.\n|\n|t:|1681952651\n|-terastallize|p2b: Orthworm|Fire\n|move|p2a: Dragonite|Extreme Speed|p1a: Amoonguss\n|-damage|p1a: Amoonguss|4\/100\n|move|p1b: Flutter Mane|Dazzling Gleam|p2b: Orthworm|[spread] p2a,p2b\n|-supereffective|p2a: Dragonite\n|-resisted|p2b: Orthworm\n|-damage|p2a: Dragonite|0 fnt\n|-damage|p2b: Orthworm|80\/100 slp\n|faint|p2a: Dragonite\n|-damage|p1b: Flutter Mane|91\/100|[from] item: Life Orb\n|cant|p2b: Orthworm|slp\n|move|p1a: Amoonguss|Spore|p2b: Orthworm\n|-fail|p2b: Orthworm|slp\n|\n|upkeep\n|\n|t:|1681952662\n|switch|p2a: Ting-Lu|Ting-Lu, L50|38\/100 slp\n|-ability|p2a: Ting-Lu|Vessel of Ruin\n|turn|11\n|\n|t:|1681952672\n|move|p1a: Amoonguss|Rage Powder|p1a: Amoonguss\n|-singleturn|p1a: Amoonguss|move: Rage Powder\n|move|p1b: Flutter Mane|Dazzling Gleam|p2b: Orthworm|[spread] p2a,p2b\n|-supereffective|p2a: Ting-Lu\n|-resisted|p2b: Orthworm\n|-damage|p2a: Ting-Lu|0 fnt\n|-damage|p2b: Orthworm|63\/100 slp\n|faint|p2a: Ting-Lu\n|-damage|p1b: Flutter Mane|81\/100|[from] item: Life Orb\n|cant|p2b: Orthworm|slp\n|\n|upkeep\n|turn|12\n|\n|t:|1681952684\n|move|p1a: Amoonguss|Rage Powder|p1a: Amoonguss\n|-singleturn|p1a: Amoonguss|move: Rage Powder\n|move|p1b: Flutter Mane|Shadow Ball|p2b: Orthworm\n|-damage|p2b: Orthworm|5\/100 slp\n|-unboost|p2b: Orthworm|spd|1\n|-damage|p1b: Flutter Mane|71\/100|[from] item: Life Orb\n|-curestatus|p2b: Orthworm|slp|[msg]\n|move|p2b: Orthworm|Heavy Slam|p1a: Amoonguss\n|-resisted|p1a: Amoonguss\n|-damage|p1a: Amoonguss|0 fnt\n|faint|p1a: Amoonguss\n|\n|upkeep\n|turn|13\n|\n|t:|1681952698\n|move|p1b: Flutter Mane|Shadow Ball|p2b: Orthworm\n|-damage|p2b: Orthworm|0 fnt\n|faint|p2b: Orthworm\n|-damage|p1b: Flutter Mane|61\/100|[from] item: Life Orb\n|\n|win|They34\n|n|\u2606They34|they34\n|n|\u2606watanagashi vgc|watanagashivgc\n|l|\u2606watanagashi vgc\n|c|\u2606They34|Gg\n","uploadtime":1681952708,"views":8,"p1id":"they34","p2id":"watanagashivgc","formatid":"gen9vgc2023regulationc","rating":0,"private":0,"password":""}