{"id":"gen9vgc2023regulationc-1850321786","p1":"mtcoronettrainer","p2":"11121dxc","format":"[Gen 9] VGC 2023 Regulation C","log":"|j|\u2606mtcoronettrainer\n|j|\u260611121dxc\n|t:|1682317811\n|gametype|doubles\n|player|p1|mtcoronettrainer|2|1471\n|player|p2|11121dxc|2|1530\n|teamsize|p1|6\n|teamsize|p2|6\n|gen|9\n|tier|[Gen 9] VGC 2023 Regulation C\n|rated|\n|rule|Species Clause: Limit one of each Pok\u00e9mon\n|rule|Item Clause: Limit one of each item\n|clearpoke\n|poke|p1|Palafin, L50, M|\n|poke|p1|Amoonguss, L50, F|\n|poke|p1|Ting-Lu, L50|\n|poke|p1|Flutter Mane, L50|\n|poke|p1|Baxcalibur, L50, M|\n|poke|p1|Arcanine, L50, F|\n|poke|p2|Azumarill, L50, F|\n|poke|p2|Gothitelle, L50, M|\n|poke|p2|Scream Tail, L50|\n|poke|p2|Tatsugiri, L50, M|\n|poke|p2|Arcanine, L50, F|\n|poke|p2|Ting-Lu, L50|\n|teampreview|4\n|\n|t:|1682317838\n|start\n|switch|p1a: Ting-Lu|Ting-Lu, L50|100\/100\n|switch|p1b: Arcanine|Arcanine, L50, F, shiny|100\/100\n|switch|p2a: Ting-Lu|Ting-Lu, L50|100\/100\n|switch|p2b: Scream Tail|Scream Tail, L50|100\/100\n|-ability|p1b: Arcanine|Intimidate|boost\n|-unboost|p2a: Ting-Lu|atk|1\n|-unboost|p2b: Scream Tail|atk|1\n|-ability|p1a: Ting-Lu|Vessel of Ruin\n|-ability|p2a: Ting-Lu|Vessel of Ruin\n|turn|1\n|\n|t:|1682317859\n|switch|p2a: Gothitelle|Gothitelle, L50, M|100\/100\n|-terastallize|p1b: Arcanine|Grass\n|move|p1b: Arcanine|Howl|p1b: Arcanine|[spread] p1a,p1b\n|-boost|p1a: Ting-Lu|atk|1\n|-boost|p1b: Arcanine|atk|1\n|move|p2b: Scream Tail|Perish Song|p2b: Scream Tail\n|-start|p1a: Ting-Lu|perish3|[silent]\n|-start|p1b: Arcanine|perish3|[silent]\n|-start|p2a: Gothitelle|perish3|[silent]\n|-start|p2b: Scream Tail|perish3|[silent]\n|-fieldactivate|move: Perish Song\n|move|p1a: Ting-Lu|Heavy Slam|p2b: Scream Tail\n|-supereffective|p2b: Scream Tail\n|-crit|p2b: Scream Tail\n|-damage|p2b: Scream Tail|0 fnt\n|faint|p2b: Scream Tail\n|-end|p2b: Scream Tail|Protosynthesis|[silent]\n|\n|-start|p1b: Arcanine|perish3\n|-start|p1a: Ting-Lu|perish3\n|-start|p2a: Gothitelle|perish3\n|upkeep\n|\n|t:|1682317871\n|switch|p2b: Azumarill|Azumarill, L50, F|100\/100\n|turn|2\n|\n|t:|1682317889\n|move|p2a: Gothitelle|Fake Out|p1a: Ting-Lu\n|-damage|p1a: Ting-Lu|98\/100\n|move|p1b: Arcanine|Will-O-Wisp|p2b: Azumarill\n|-status|p2b: Azumarill|brn\n|cant|p1a: Ting-Lu|flinch\n|move|p2b: Azumarill|Soak|p1a: Ting-Lu\n|-start|p1a: Ting-Lu|typechange|Water\n|\n|-damage|p2b: Azumarill|95\/100 brn|[from] brn\n|-start|p1b: Arcanine|perish2\n|-start|p1a: Ting-Lu|perish2\n|-start|p2a: Gothitelle|perish2\n|upkeep\n|turn|3\n|\n|t:|1682317918\n|move|p2a: Gothitelle|Protect|p2a: Gothitelle\n|-singleturn|p2a: Gothitelle|Protect\n|move|p2b: Azumarill|Protect|p2b: Azumarill\n|-singleturn|p2b: Azumarill|Protect\n|move|p1b: Arcanine|Howl|p1b: Arcanine|[spread] p1a,p1b\n|-boost|p1a: Ting-Lu|atk|1\n|-boost|p1b: Arcanine|atk|1\n|move|p1a: Ting-Lu|Throat Chop|p2a: Gothitelle\n|-activate|p2a: Gothitelle|move: Protect\n|\n|-damage|p2b: Azumarill|89\/100 brn|[from] brn\n|-start|p1b: Arcanine|perish1\n|-start|p1a: Ting-Lu|perish1\n|-start|p2a: Gothitelle|perish1\n|upkeep\n|turn|4\n|\n|t:|1682317948\n|switch|p2a: Ting-Lu|Ting-Lu, L50|100\/100\n|-ability|p2a: Ting-Lu|Vessel of Ruin\n|move|p2b: Azumarill|Protect||[still]\n|-fail|p2b: Azumarill\n|move|p1b: Arcanine|Flare Blitz|p2a: Ting-Lu\n|-damage|p2a: Ting-Lu|46\/100\n|-damage|p1b: Arcanine|78\/100|[from] Recoil\n|move|p1a: Ting-Lu|Stomping Tantrum|p2b: Azumarill\n|-damage|p2b: Azumarill|44\/100 brn\n|-enditem|p2b: Azumarill|Sitrus Berry|[eat]\n|-heal|p2b: Azumarill|69\/100 brn|[from] item: Sitrus Berry\n|\n|-damage|p2b: Azumarill|63\/100 brn|[from] brn\n|-start|p1b: Arcanine|perish0\n|-start|p1a: Ting-Lu|perish0\n|upkeep\n|faint|p1b: Arcanine\n|faint|p1a: Ting-Lu\n|\n|t:|1682317967\n|switch|p1b: Baxcalibur|Baxcalibur, L50, M, shiny|100\/100\n|switch|p1a: Flutter Mane|Flutter Mane, L50, shiny|100\/100\n|turn|5\n|\n|t:|1682317980\n|-terastallize|p2a: Ting-Lu|Steel\n|move|p1a: Flutter Mane|Shadow Ball|p2b: Azumarill\n|-damage|p2b: Azumarill|22\/100 brn\n|-unboost|p2b: Azumarill|spd|1\n|move|p1b: Baxcalibur|Icicle Crash|p2a: Ting-Lu\n|-resisted|p2a: Ting-Lu\n|-damage|p2a: Ting-Lu|30\/100\n|move|p2b: Azumarill|Perish Song|p2b: Azumarill\n|-start|p1a: Flutter Mane|perish3|[silent]\n|-start|p1b: Baxcalibur|perish3|[silent]\n|-start|p2a: Ting-Lu|perish3|[silent]\n|-start|p2b: Azumarill|perish3|[silent]\n|-fieldactivate|move: Perish Song\n|move|p2a: Ting-Lu|Heavy Slam|p1a: Flutter Mane\n|-supereffective|p1a: Flutter Mane\n|-damage|p1a: Flutter Mane|0 fnt\n|faint|p1a: Flutter Mane\n|-end|p1a: Flutter Mane|Protosynthesis|[silent]\n|\n|-damage|p2b: Azumarill|16\/100 brn|[from] brn\n|-start|p1b: Baxcalibur|perish3\n|-start|p2b: Azumarill|perish3\n|-start|p2a: Ting-Lu|perish3\n|upkeep\n|turn|6\n|\n|t:|1682318022\n|switch|p2b: Gothitelle|Gothitelle, L50, M|100\/100\n|move|p1b: Baxcalibur|Icicle Crash|p2b: Gothitelle\n|-damage|p2b: Gothitelle|56\/100\n|move|p2a: Ting-Lu|Heavy Slam|p1b: Baxcalibur\n|-supereffective|p1b: Baxcalibur\n|-damage|p1b: Baxcalibur|40\/100\n|\n|-heal|p2b: Gothitelle|62\/100|[from] item: Leftovers\n|-start|p1b: Baxcalibur|perish2\n|-start|p2a: Ting-Lu|perish2\n|upkeep\n|turn|7\n|-message|mtcoronettrainer forfeited.\n|\n|win|11121dxc\n|raw|mtcoronettrainer's rating: 1471 → 1454<\/strong> (-17 for losing)\n|raw|11121dxc's rating: 1530 → 1547<\/strong> (+17 for winning)\n|l|\u2606mtcoronettrainer\n|l|\u260611121dxc\n","uploadtime":1682318475,"views":29,"p1id":"mtcoronettrainer","p2id":"11121dxc","formatid":"gen9vgc2023regulationc","rating":1454,"private":0,"password":""}