{"id":"gen9vgc2023regulationc-1853077002","p1":"Ricardo Randorez","p2":"zeth886","format":"[Gen 9] VGC 2023 Regulation C","log":"|j|\u2606Ricardo Randorez\n|j|\u2606zeth886\n|t:|1682632405\n|gametype|doubles\n|player|p1|Ricardo Randorez|1|1086\n|player|p2|zeth886|102|1079\n|teamsize|p1|6\n|teamsize|p2|6\n|gen|9\n|tier|[Gen 9] VGC 2023 Regulation C\n|rated|\n|rule|Species Clause: Limit one of each Pok\u00e9mon\n|rule|Item Clause: Limit one of each item\n|clearpoke\n|poke|p1|Flutter Mane, L50|\n|poke|p1|Chi-Yu, L50|\n|poke|p1|Iron Bundle, L50|\n|poke|p1|Amoonguss, L50, M|\n|poke|p1|Palafin, L50, M|\n|poke|p1|Iron Hands, L50|\n|poke|p2|Chien-Pao, L50|\n|poke|p2|Dragonite, L50, M|\n|poke|p2|Gholdengo, L50|\n|poke|p2|Chi-Yu, L50|\n|poke|p2|Gyarados, L50, M|\n|poke|p2|Gardevoir, L50, M|\n|teampreview|4\n|\n|t:|1682632423\n|start\n|switch|p1a: bundle of bitches|Iron Bundle, L50|100\/100\n|switch|p1b: LOVE BETRAYAL|Chi-Yu, L50|100\/100\n|switch|p2a: Gardevoir|Gardevoir, L50, M|100\/100\n|switch|p2b: Chi-Yu|Chi-Yu, L50|100\/100\n|-ability|p2b: Chi-Yu|Beads of Ruin\n|-ability|p1b: LOVE BETRAYAL|Beads of Ruin\n|-enditem|p1a: bundle of bitches|Booster Energy\n|-activate|p1a: bundle of bitches|ability: Quark Drive|[fromitem]\n|-start|p1a: bundle of bitches|quarkdrivespe\n|turn|1\n|inactive|Battle timer is ON: inactive players will automatically lose when time's up. (requested by Ricardo Randorez)\n|\n|t:|1682632444\n|move|p1a: bundle of bitches|Icy Wind|p2a: Gardevoir|[spread] p2b\n|-miss|p1a: bundle of bitches|p2a: Gardevoir\n|-resisted|p2b: Chi-Yu\n|-damage|p2b: Chi-Yu|88\/100\n|-unboost|p2b: Chi-Yu|spe|1\n|move|p1b: LOVE BETRAYAL|Nasty Plot|p1b: LOVE BETRAYAL\n|-boost|p1b: LOVE BETRAYAL|spa|2\n|move|p2b: Chi-Yu|Heat Wave|p1a: bundle of bitches|[spread] p1a,p1b\n|-resisted|p1b: LOVE BETRAYAL\n|-damage|p1a: bundle of bitches|0 fnt\n|-damage|p1b: LOVE BETRAYAL|78\/100\n|faint|p1a: bundle of bitches\n|-end|p1a: bundle of bitches|Quark Drive|[silent]\n|move|p2a: Gardevoir|Dazzling Gleam|p1b: LOVE BETRAYAL\n|-damage|p1b: LOVE BETRAYAL|22\/100\n|\n|upkeep\n|\n|t:|1682632461\n|switch|p1a: flutter ya mane|Flutter Mane, L50|100\/100\n|turn|2\n|\n|t:|1682632473\n|move|p1a: flutter ya mane|Shadow Ball|p2a: Gardevoir\n|-supereffective|p2a: Gardevoir\n|-damage|p2a: Gardevoir|0 fnt\n|faint|p2a: Gardevoir\n|move|p1b: LOVE BETRAYAL|Heat Wave|p2b: Chi-Yu\n|-resisted|p2b: Chi-Yu\n|-damage|p2b: Chi-Yu|29\/100\n|move|p2b: Chi-Yu|Heat Wave|p1a: flutter ya mane|[spread] p1a,p1b\n|-resisted|p1b: LOVE BETRAYAL\n|-damage|p1a: flutter ya mane|45\/100\n|-damage|p1b: LOVE BETRAYAL|0 fnt\n|faint|p1b: LOVE BETRAYAL\n|\n|upkeep\n|\n|t:|1682632487\n|switch|p1b: AMOGUS|Amoonguss, L50, M|100\/100\n|switch|p2a: Gyarados|Gyarados, L50, M|100\/100\n|-ability|p2a: Gyarados|Intimidate|boost\n|-unboost|p1a: flutter ya mane|atk|1\n|-unboost|p1b: AMOGUS|atk|1\n|turn|3\n|\n|t:|1682632503\n|-terastallize|p2a: Gyarados|Fire\n|move|p1a: flutter ya mane|Shadow Ball|p2b: Chi-Yu\n|-resisted|p2b: Chi-Yu\n|-damage|p2b: Chi-Yu|0 fnt\n|faint|p2b: Chi-Yu\n|move|p2a: Gyarados|Bulldoze|p1b: AMOGUS|[spread] p1a,p1b\n|-damage|p1a: flutter ya mane|7\/100\n|-damage|p1b: AMOGUS|84\/100\n|-unboost|p1a: flutter ya mane|spe|1\n|-unboost|p1b: AMOGUS|spe|1\n|move|p1b: AMOGUS|Spore|p2a: Gyarados\n|-status|p2a: Gyarados|slp|[from] move: Spore\n|\n|upkeep\n|\n|t:|1682632516\n|switch|p2b: Dragonite|Dragonite, L50, M|100\/100\n|turn|4\n|\n|t:|1682632534\n|move|p1a: flutter ya mane|Shadow Ball|p2b: Dragonite\n|-damage|p2b: Dragonite|74\/100\n|cant|p2a: Gyarados|slp\n|move|p2b: Dragonite|Dragon Claw|p1b: AMOGUS\n|-damage|p1b: AMOGUS|42\/100\n|-enditem|p1b: AMOGUS|Sitrus Berry|[eat]\n|-heal|p1b: AMOGUS|67\/100|[from] item: Sitrus Berry\n|move|p1b: AMOGUS|Spore|p2b: Dragonite\n|-status|p2b: Dragonite|slp|[from] move: Spore\n|\n|upkeep\n|turn|5\n|\n|t:|1682632552\n|move|p1a: flutter ya mane|Shadow Ball|p2a: Gyarados\n|-damage|p2a: Gyarados|35\/100 slp\n|cant|p2a: Gyarados|slp\n|cant|p2b: Dragonite|slp\n|move|p1b: AMOGUS|Pollen Puff|p1a: flutter ya mane\n|-heal|p1a: flutter ya mane|57\/100\n|\n|upkeep\n|turn|6\n|\n|t:|1682632569\n|cant|p2b: Dragonite|slp\n|move|p1a: flutter ya mane|Shadow Ball|p2a: Gyarados\n|-damage|p2a: Gyarados|0 fnt\n|faint|p2a: Gyarados\n|move|p1b: AMOGUS|Pollen Puff|p1a: flutter ya mane\n|-heal|p1a: flutter ya mane|100\/100\n|\n|upkeep\n|turn|7\n|-message|zeth886 forfeited.\n|\n|win|Ricardo Randorez\n|raw|Ricardo Randorez's rating: 1086 → 1113<\/strong> (+27 for winning)\n|raw|zeth886's rating: 1079 → 1058<\/strong> (-21 for losing)\n|l|\u2606zeth886\n","uploadtime":1682632582,"views":12,"p1id":"ricardorandorez","p2id":"zeth886","formatid":"gen9vgc2023regulationc","rating":1058,"private":0,"password":""}