{"id":"gen9vgc2023regulationc-1850841026","p1":"temerence","p2":"MapleDG","format":"[Gen 9] VGC 2023 Regulation C","log":"|j|\u2606temerence\n|j|\u2606MapleDG\n|t:|1682373209\n|gametype|doubles\n|player|p1|temerence|hilbert|1009\n|player|p2|MapleDG|richboy|1052\n|teamsize|p1|6\n|teamsize|p2|6\n|gen|9\n|tier|[Gen 9] VGC 2023 Regulation C\n|rated|\n|rule|Species Clause: Limit one of each Pok\u00e9mon\n|rule|Item Clause: Limit one of each item\n|clearpoke\n|poke|p1|Flutter Mane, L50|\n|poke|p1|Amoonguss, L50, M|\n|poke|p1|Palafin, L50, F|\n|poke|p1|Chien-Pao, L50|\n|poke|p1|Arcanine, L50, F|\n|poke|p1|Dragapult, L50, M|\n|poke|p2|Ting-Lu, L50|\n|poke|p2|Tyranitar, L50, F|\n|poke|p2|Bronzong, L50|\n|poke|p2|Flutter Mane, L50|\n|poke|p2|Amoonguss, L50, F|\n|poke|p2|Iron Bundle, L50|\n|teampreview|4\n|\n|t:|1682373266\n|start\n|switch|p1a: Arcanine|Arcanine, L50, F|100\/100\n|switch|p1b: Chien-Pao|Chien-Pao, L50|100\/100\n|switch|p2a: Bronzong|Bronzong, L50|100\/100\n|switch|p2b: Flutter Mane|Flutter Mane, L50|100\/100\n|-ability|p1b: Chien-Pao|Sword of Ruin\n|-ability|p1a: Arcanine|Intimidate|boost\n|-unboost|p2a: Bronzong|atk|1\n|-unboost|p2b: Flutter Mane|atk|1\n|turn|1\n|inactive|Battle timer is ON: inactive players will automatically lose when time's up. (requested by MapleDG)\n|inactive|temerence has 60 seconds left.\n|inactive|MapleDG has 60 seconds left.\n|\n|t:|1682373301\n|switch|p1b: Amoonguss|Amoonguss, L50, M|100\/100\n|move|p2a: Bronzong|Protect|p2a: Bronzong\n|-singleturn|p2a: Bronzong|Protect\n|move|p2b: Flutter Mane|Power Gem|p1a: Arcanine\n|-supereffective|p1a: Arcanine\n|-damage|p1a: Arcanine|40\/100\n|move|p1a: Arcanine|Flare Blitz|p2a: Bronzong\n|-activate|p2a: Bronzong|move: Protect\n|\n|upkeep\n|turn|2\n|\n|t:|1682373320\n|-terastallize|p2b: Flutter Mane|Grass\n|move|p2b: Flutter Mane|Power Gem|p1a: Arcanine\n|-supereffective|p1a: Arcanine\n|-damage|p1a: Arcanine|0 fnt\n|faint|p1a: Arcanine\n|move|p1b: Amoonguss|Pollen Puff|p1: Arcanine|[notarget]\n|-fail|p1b: Amoonguss\n|move|p2a: Bronzong|Trick Room|p2a: Bronzong\n|-fieldstart|move: Trick Room|[of] p2a: Bronzong\n|\n|upkeep\n|\n|t:|1682373333\n|switch|p1a: Dragapult|Dragapult, L50, M|100\/100\n|turn|3\n|inactive|temerence has 30 seconds left.\n|\n|t:|1682373363\n|switch|p2a: Ting-Lu|Ting-Lu, L50|100\/100\n|-ability|p2a: Ting-Lu|Vessel of Ruin\n|-end|p2b: Flutter Mane|Protosynthesis|[silent]\n|switch|p2b: Tyranitar|Tyranitar, L50, F|100\/100\n|-weather|Sandstorm|[from] ability: Sand Stream|[of] p2b: Tyranitar\n|move|p1b: Amoonguss|Spore|p2a: Ting-Lu\n|-status|p2a: Ting-Lu|slp|[from] move: Spore\n|move|p1a: Dragapult|Phantom Force||[still]\n|-prepare|p1a: Dragapult|Phantom Force\n|\n|-weather|Sandstorm|[upkeep]\n|-damage|p1b: Amoonguss|95\/100|[from] Sandstorm\n|-damage|p1a: Dragapult|94\/100|[from] Sandstorm\n|upkeep\n|turn|4\n|inactive|temerence has 30 seconds left.\n|inactive|MapleDG has 30 seconds left.\n|\n|t:|1682373396\n|move|p1b: Amoonguss|Spore|p2b: Tyranitar\n|-status|p2b: Tyranitar|slp|[from] move: Spore\n|cant|p2a: Ting-Lu|slp\n|cant|p2b: Tyranitar|slp\n|move|p1a: Dragapult|Phantom Force|p2b: Tyranitar|[from]lockedmove\n|-resisted|p2b: Tyranitar\n|-damage|p2b: Tyranitar|74\/100 slp\n|\n|-weather|Sandstorm|[upkeep]\n|-damage|p1b: Amoonguss|89\/100|[from] Sandstorm\n|-damage|p1a: Dragapult|88\/100|[from] Sandstorm\n|upkeep\n|turn|5\n|inactive|temerence has 30 seconds left.\n|\n|t:|1682373431\n|move|p1b: Amoonguss|Pollen Puff|p1a: Dragapult\n|-heal|p1a: Dragapult|100\/100\n|cant|p2a: Ting-Lu|slp\n|cant|p2b: Tyranitar|slp\n|move|p1a: Dragapult|Phantom Force||[still]\n|-prepare|p1a: Dragapult|Phantom Force\n|\n|-weather|Sandstorm|[upkeep]\n|-damage|p1b: Amoonguss|83\/100|[from] Sandstorm\n|-damage|p1a: Dragapult|94\/100|[from] Sandstorm\n|upkeep\n|turn|6\n|\n|t:|1682373450\n|move|p1b: Amoonguss|Pollen Puff|p2a: Ting-Lu\n|-supereffective|p2a: Ting-Lu\n|-damage|p2a: Ting-Lu|87\/100 slp\n|-curestatus|p2a: Ting-Lu|slp|[msg]\n|move|p2a: Ting-Lu|Fissure|p1b: Amoonguss|[miss]\n|-miss|p2a: Ting-Lu|p1b: Amoonguss\n|-curestatus|p2b: Tyranitar|slp|[msg]\n|move|p2b: Tyranitar|Crunch|p1a: Dragapult|[miss]\n|-miss|p2b: Tyranitar|p1a: Dragapult\n|move|p1a: Dragapult|Phantom Force|p2a: Ting-Lu|[from]lockedmove\n|-resisted|p2a: Ting-Lu\n|-damage|p2a: Ting-Lu|65\/100\n|\n|-weather|Sandstorm|[upkeep]\n|-damage|p1b: Amoonguss|77\/100|[from] Sandstorm\n|-damage|p1a: Dragapult|88\/100|[from] Sandstorm\n|-fieldend|move: Trick Room\n|upkeep\n|turn|7\n|\n|t:|1682373472\n|switch|p1a: Chien-Pao|Chien-Pao, L50|100\/100\n|-ability|p1a: Chien-Pao|Sword of Ruin\n|move|p1b: Amoonguss|Rage Powder|p1b: Amoonguss\n|-singleturn|p1b: Amoonguss|move: Rage Powder\n|move|p2b: Tyranitar|Crunch|p1b: Amoonguss\n|-crit|p1b: Amoonguss\n|-damage|p1b: Amoonguss|0 fnt\n|faint|p1b: Amoonguss\n|move|p2a: Ting-Lu|Stomping Tantrum|p1a: Chien-Pao\n|-damage|p1a: Chien-Pao|1\/100\n|\n|-weather|none\n|upkeep\n|\n|t:|1682373483\n|switch|p1b: Dragapult|Dragapult, L50, M|88\/100\n|turn|8\n|inactive|temerence has 30 seconds left.\n|\n|t:|1682373509\n|switch|p2a: Bronzong|Bronzong, L50|100\/100\n|move|p1a: Chien-Pao|Protect|p1a: Chien-Pao\n|-singleturn|p1a: Chien-Pao|Protect\n|move|p1b: Dragapult|Dragon Darts|p2b: Tyranitar\n|-damage|p2b: Tyranitar|32\/100\n|-anim|p1b: Dragapult|Dragon Darts|p2a: Bronzong\n|-resisted|p2a: Bronzong\n|-damage|p2a: Bronzong|84\/100\n|move|p2b: Tyranitar|Crunch|p1a: Chien-Pao\n|-activate|p1a: Chien-Pao|move: Protect\n|\n|-heal|p2a: Bronzong|90\/100|[from] item: Leftovers\n|upkeep\n|turn|9\n|\n|t:|1682373529\n|move|p1a: Chien-Pao|Sucker Punch||[still]\n|-fail|p1a: Chien-Pao\n|move|p1b: Dragapult|Dragon Darts|p2b: Tyranitar\n|-damage|p2b: Tyranitar|0 fnt\n|-anim|p1b: Dragapult|Dragon Darts|p2a: Bronzong\n|-resisted|p2a: Bronzong\n|-damage|p2a: Bronzong|72\/100\n|faint|p2b: Tyranitar\n|move|p2a: Bronzong|Iron Defense|p2a: Bronzong\n|-boost|p2a: Bronzong|def|2\n|\n|-heal|p2a: Bronzong|78\/100|[from] item: Leftovers\n|upkeep\n|\n|t:|1682373543\n|switch|p2b: Flutter Mane|Flutter Mane, L50, tera:Grass|100\/100\n|turn|10\n|\n|t:|1682373554\n|move|p1a: Chien-Pao|Protect|p1a: Chien-Pao\n|-singleturn|p1a: Chien-Pao|Protect\n|move|p1b: Dragapult|Dragon Darts|p2b: Flutter Mane\n|-damage|p2b: Flutter Mane|0 fnt\n|-anim|p1b: Dragapult|Dragon Darts|p2a: Bronzong\n|-resisted|p2a: Bronzong\n|-damage|p2a: Bronzong|69\/100\n|faint|p2b: Flutter Mane\n|-end|p2b: Flutter Mane|Protosynthesis|[silent]\n|move|p2a: Bronzong|Body Press|p1a: Chien-Pao\n|-activate|p1a: Chien-Pao|move: Protect\n|\n|-heal|p2a: Bronzong|75\/100|[from] item: Leftovers\n|upkeep\n|\n|t:|1682373560\n|switch|p2b: Ting-Lu|Ting-Lu, L50|65\/100\n|-ability|p2b: Ting-Lu|Vessel of Ruin\n|turn|11\n|\n|t:|1682373581\n|move|p1b: Dragapult|Dragon Darts|p2b: Ting-Lu\n|-damage|p2b: Ting-Lu|33\/100\n|-anim|p1b: Dragapult|Dragon Darts|p2a: Bronzong\n|-resisted|p2a: Bronzong\n|-damage|p2a: Bronzong|67\/100\n|move|p1a: Chien-Pao|Sacred Sword|p2b: Ting-Lu\n|-supereffective|p2b: Ting-Lu\n|-damage|p2b: Ting-Lu|0 fnt\n|faint|p2b: Ting-Lu\n|move|p2a: Bronzong|Body Press|p1a: Chien-Pao\n|-supereffective|p1a: Chien-Pao\n|-damage|p1a: Chien-Pao|0 fnt\n|faint|p1a: Chien-Pao\n|\n|-heal|p2a: Bronzong|72\/100|[from] item: Leftovers\n|upkeep\n|turn|12\n|\n|t:|1682373606\n|move|p1b: Dragapult|Dragon Darts|p2a: Bronzong\n|-resisted|p2a: Bronzong\n|-damage|p2a: Bronzong|66\/100\n|-anim|p1b: Dragapult|Dragon Darts|p2a: Bronzong\n|-resisted|p2a: Bronzong\n|-damage|p2a: Bronzong|60\/100\n|move|p2a: Bronzong|Iron Defense|p2a: Bronzong\n|-boost|p2a: Bronzong|def|2\n|\n|-heal|p2a: Bronzong|66\/100|[from] item: Leftovers\n|upkeep\n|turn|13\n|\n|t:|1682373618\n|move|p1b: Dragapult|Dragon Darts|p2a: Bronzong\n|-resisted|p2a: Bronzong\n|-damage|p2a: Bronzong|62\/100\n|-anim|p1b: Dragapult|Dragon Darts|p2a: Bronzong\n|-resisted|p2a: Bronzong\n|-damage|p2a: Bronzong|58\/100\n|move|p2a: Bronzong|Iron Defense|p2a: Bronzong\n|-boost|p2a: Bronzong|def|2\n|\n|-heal|p2a: Bronzong|64\/100|[from] item: Leftovers\n|upkeep\n|turn|14\n|\n|t:|1682373629\n|move|p1b: Dragapult|Dragon Darts|p2a: Bronzong\n|-resisted|p2a: Bronzong\n|-damage|p2a: Bronzong|60\/100\n|-anim|p1b: Dragapult|Dragon Darts|p2a: Bronzong\n|-resisted|p2a: Bronzong\n|-damage|p2a: Bronzong|57\/100\n|move|p2a: Bronzong|Iron Defense|p2a: Bronzong\n|-boost|p2a: Bronzong|def|0\n|\n|-heal|p2a: Bronzong|63\/100|[from] item: Leftovers\n|upkeep\n|turn|15\n|\n|t:|1682373640\n|move|p2a: Bronzong|Protect|p2a: Bronzong\n|-singleturn|p2a: Bronzong|Protect\n|move|p1b: Dragapult|Dragon Darts|p2a: Bronzong\n|-activate|p2a: Bronzong|move: Protect\n|\n|-heal|p2a: Bronzong|68\/100|[from] item: Leftovers\n|upkeep\n|turn|16\n|\n|t:|1682373649\n|move|p1b: Dragapult|Dragon Darts|p2a: Bronzong\n|-resisted|p2a: Bronzong\n|-damage|p2a: Bronzong|65\/100\n|-anim|p1b: Dragapult|Dragon Darts|p2a: Bronzong\n|-resisted|p2a: Bronzong\n|-damage|p2a: Bronzong|61\/100\n|move|p2a: Bronzong|Iron Defense|p2a: Bronzong\n|-boost|p2a: Bronzong|def|0\n|\n|-heal|p2a: Bronzong|67\/100|[from] item: Leftovers\n|upkeep\n|turn|17\n|\n|t:|1682373663\n|move|p1b: Dragapult|Dragon Darts|p2a: Bronzong\n|-resisted|p2a: Bronzong\n|-damage|p2a: Bronzong|64\/100\n|-anim|p1b: Dragapult|Dragon Darts|p2a: Bronzong\n|-resisted|p2a: Bronzong\n|-damage|p2a: Bronzong|61\/100\n|move|p2a: Bronzong|Body Press|p1b: Dragapult\n|-immune|p1b: Dragapult\n|\n|-heal|p2a: Bronzong|67\/100|[from] item: Leftovers\n|upkeep\n|turn|18\n|\n|t:|1682373678\n|move|p1b: Dragapult|Dragon Darts|p2a: Bronzong\n|-resisted|p2a: Bronzong\n|-damage|p2a: Bronzong|64\/100\n|-anim|p1b: Dragapult|Dragon Darts|p2a: Bronzong\n|-resisted|p2a: Bronzong\n|-damage|p2a: Bronzong|60\/100\n|move|p2a: Bronzong|Body Press|p1b: Dragapult\n|-immune|p1b: Dragapult\n|\n|-heal|p2a: Bronzong|66\/100|[from] item: Leftovers\n|upkeep\n|turn|19\n|\n|t:|1682373690\n|move|p1b: Dragapult|Dragon Darts|p2a: Bronzong\n|-resisted|p2a: Bronzong\n|-damage|p2a: Bronzong|63\/100\n|-anim|p1b: Dragapult|Dragon Darts|p2a: Bronzong\n|-resisted|p2a: Bronzong\n|-damage|p2a: Bronzong|59\/100\n|move|p2a: Bronzong|Body Press|p1b: Dragapult\n|-immune|p1b: Dragapult\n|\n|-heal|p2a: Bronzong|65\/100|[from] item: Leftovers\n|upkeep\n|turn|20\n|\n|t:|1682373701\n|move|p1b: Dragapult|Dragon Darts|p2a: Bronzong\n|-resisted|p2a: Bronzong\n|-damage|p2a: Bronzong|62\/100\n|-anim|p1b: Dragapult|Dragon Darts|p2a: Bronzong\n|-resisted|p2a: Bronzong\n|-damage|p2a: Bronzong|59\/100\n|move|p2a: Bronzong|Body Press|p1b: Dragapult\n|-immune|p1b: Dragapult\n|\n|-heal|p2a: Bronzong|64\/100|[from] item: Leftovers\n|upkeep\n|turn|21\n|\n|t:|1682373712\n|move|p2a: Bronzong|Protect|p2a: Bronzong\n|-singleturn|p2a: Bronzong|Protect\n|move|p1b: Dragapult|Dragon Darts|p2a: Bronzong\n|-activate|p2a: Bronzong|move: Protect\n|\n|-heal|p2a: Bronzong|70\/100|[from] item: Leftovers\n|upkeep\n|turn|22\n|\n|t:|1682373720\n|move|p1b: Dragapult|Dragon Darts|p2a: Bronzong\n|-resisted|p2a: Bronzong\n|-damage|p2a: Bronzong|67\/100\n|-anim|p1b: Dragapult|Dragon Darts|p2a: Bronzong\n|-resisted|p2a: Bronzong\n|-damage|p2a: Bronzong|64\/100\n|move|p2a: Bronzong|Body Press|p1b: Dragapult\n|-immune|p1b: Dragapult\n|\n|-heal|p2a: Bronzong|69\/100|[from] item: Leftovers\n|upkeep\n|turn|23\n|inactive|MapleDG has 30 seconds left.\n|\n|t:|1682373751\n|move|p1b: Dragapult|Dragon Darts|p2a: Bronzong\n|-resisted|p2a: Bronzong\n|-damage|p2a: Bronzong|66\/100\n|-anim|p1b: Dragapult|Dragon Darts|p2a: Bronzong\n|-resisted|p2a: Bronzong\n|-damage|p2a: Bronzong|63\/100\n|move|p2a: Bronzong|Body Press|p1b: Dragapult\n|-immune|p1b: Dragapult\n|\n|-heal|p2a: Bronzong|68\/100|[from] item: Leftovers\n|upkeep\n|turn|24\n|\n|t:|1682373767\n|-activate|p1b: Dragapult|move: Struggle\n|move|p1b: Dragapult|Struggle|p2a: Bronzong\n|-damage|p2a: Bronzong|64\/100\n|-damage|p1b: Dragapult|63\/100|[from] recoil\n|move|p2a: Bronzong|Trick Room|p2a: Bronzong\n|-fieldstart|move: Trick Room|[of] p2a: Bronzong\n|\n|-heal|p2a: Bronzong|69\/100|[from] item: Leftovers\n|upkeep\n|turn|25\n|\n|t:|1682373783\n|move|p2a: Bronzong|Body Press|p1b: Dragapult\n|-immune|p1b: Dragapult\n|-activate|p1b: Dragapult|move: Struggle\n|move|p1b: Dragapult|Struggle|p2a: Bronzong\n|-crit|p2a: Bronzong\n|-damage|p2a: Bronzong|45\/100\n|-damage|p1b: Dragapult|38\/100|[from] recoil\n|\n|-heal|p2a: Bronzong|51\/100|[from] item: Leftovers\n|upkeep\n|turn|26\n|\n|t:|1682373793\n|move|p2a: Bronzong|Protect|p2a: Bronzong\n|-singleturn|p2a: Bronzong|Protect\n|-activate|p1b: Dragapult|move: Struggle\n|move|p1b: Dragapult|Struggle|p2a: Bronzong\n|-activate|p2a: Bronzong|move: Protect\n|\n|-heal|p2a: Bronzong|57\/100|[from] item: Leftovers\n|upkeep\n|turn|27\n|inactive|temerence has 30 seconds left.\n|\n|t:|1682373803\n|move|p2a: Bronzong|Iron Defense|p2a: Bronzong\n|-boost|p2a: Bronzong|def|0\n|-activate|p1b: Dragapult|move: Struggle\n|move|p1b: Dragapult|Struggle|p2a: Bronzong\n|-damage|p2a: Bronzong|52\/100\n|-damage|p1b: Dragapult|13\/100|[from] recoil\n|\n|-heal|p2a: Bronzong|58\/100|[from] item: Leftovers\n|upkeep\n|turn|28\n|inactive|temerence has 30 seconds left this turn.\n|inactive|temerence has 20 seconds left.\n|\n|t:|1682373814\n|move|p2a: Bronzong|Protect|p2a: Bronzong\n|-singleturn|p2a: Bronzong|Protect\n|-activate|p1b: Dragapult|move: Struggle\n|move|p1b: Dragapult|Struggle|p2a: Bronzong\n|-activate|p2a: Bronzong|move: Protect\n|\n|-heal|p2a: Bronzong|64\/100|[from] item: Leftovers\n|-fieldend|move: Trick Room\n|upkeep\n|turn|29\n|inactive|temerence has 20 seconds left this turn.\n|inactive|temerence has 15 seconds left.\n|\n|t:|1682373824\n|move|p2a: Bronzong|Protect||[still]\n|-fail|p2a: Bronzong\n|-activate|p1b: Dragapult|move: Struggle\n|move|p1b: Dragapult|Struggle|p2a: Bronzong\n|-damage|p2a: Bronzong|59\/100\n|-damage|p1b: Dragapult|0 fnt|[from] recoil\n|faint|p1b: Dragapult\n|\n|win|MapleDG\n|inactive|temerence has 15 seconds left this turn.\n|raw|temerence's rating: 1009 → 1000<\/strong> (-9 for losing)\n|raw|MapleDG's rating: 1052 → 1080<\/strong> (+28 for winning)\n|c|\u2606temerence|gg\n|l|\u2606MapleDG\n","uploadtime":1682373852,"views":13,"p1id":"temerence","p2id":"mapledg","formatid":"gen9vgc2023regulationc","rating":1000,"private":0,"password":""}