{"id":"gen9vgc2023regulationc-1846430547","p1":"HeartOfOak","p2":"SweetP","format":"[Gen 9] VGC 2023 Regulation C","log":"|j|\u2606HeartOfOak\n|j|\u2606SweetP\n|t:|1681840259\n|gametype|doubles\n|player|p1|HeartOfOak|265|1069\n|player|p2|SweetP|dawn|1152\n|teamsize|p1|6\n|teamsize|p2|6\n|gen|9\n|tier|[Gen 9] VGC 2023 Regulation C\n|rated|\n|rule|Species Clause: Limit one of each Pok\u00e9mon\n|rule|Item Clause: Limit one of each item\n|clearpoke\n|poke|p1|Flutter Mane, L50|\n|poke|p1|Murkrow, L50, M|\n|poke|p1|Iron Bundle, L50|\n|poke|p1|Dragonite, L50, M|\n|poke|p1|Talonflame, L50, F|\n|poke|p1|Clodsire, L50, M|\n|poke|p2|Torkoal, L50, M|\n|poke|p2|Jumpluff, L50, M|\n|poke|p2|Flutter Mane, L50|\n|poke|p2|Great Tusk, L50|\n|poke|p2|Chien-Pao, L50|\n|poke|p2|Kingambit, L50, F|\n|teampreview|4\n|inactive|Battle timer is ON: inactive players will automatically lose when time's up. (requested by SweetP)\nSweetP has agreed to open team sheets.\nHeartOfOak has agreed to open team sheets.\n|inactive|SweetP has 60 seconds left.\n|\n|t:|1681840319\n|start\n|switch|p1a: Flutter Mane|Flutter Mane, L50|100\/100\n|switch|p1b: Murkrow|Murkrow, L50, M|100\/100\n|switch|p2a: Jumpluff|Jumpluff, L50, M|100\/100\n|switch|p2b: Torkoal|Torkoal, L50, M|100\/100\n|-weather|SunnyDay|[from] ability: Drought|[of] p2b: Torkoal\n|-activate|p1a: Flutter Mane|ability: Protosynthesis\n|-start|p1a: Flutter Mane|protosynthesisspe\n|turn|1\n|inactive|HeartOfOak has 30 seconds left.\n|\n|t:|1681840353\n|move|p1a: Flutter Mane|Protect|p1a: Flutter Mane\n|-singleturn|p1a: Flutter Mane|Protect\n|move|p1b: Murkrow|Taunt|p2a: Jumpluff\n|-start|p2a: Jumpluff|move: Taunt\n|cant|p2a: Jumpluff|move: Taunt|Tailwind\n|move|p2b: Torkoal|Yawn|p1a: Flutter Mane\n|-activate|p1a: Flutter Mane|move: Protect\n|\n|-weather|SunnyDay|[upkeep]\n|upkeep\n|turn|2\n|inactive|HeartOfOak has 30 seconds left.\n|inactive|SweetP has 30 seconds left.\n|\n|t:|1681840381\n|move|p1b: Murkrow|Tailwind|p1b: Murkrow\n|-sidestart|p1: HeartOfOak|move: Tailwind\n|move|p1a: Flutter Mane|Moonblast|p2a: Jumpluff\n|-damage|p2a: Jumpluff|45\/100\n|move|p2a: Jumpluff|Leaf Storm|p1a: Flutter Mane\n|-damage|p1a: Flutter Mane|67\/100\n|-unboost|p2a: Jumpluff|spa|2\n|move|p2b: Torkoal|Overheat|p1a: Flutter Mane|[miss]\n|-miss|p2b: Torkoal|p1a: Flutter Mane\n|\n|-weather|SunnyDay|[upkeep]\n|upkeep\n|turn|3\n|c|\u2606SweetP|Unfort\n|inactive|SweetP has 30 seconds left.\n|\n|t:|1681840410\n|move|p1b: Murkrow|Taunt|p2b: Torkoal\n|-start|p2b: Torkoal|move: Taunt\n|move|p1a: Flutter Mane|Shadow Ball|p2a: Jumpluff\n|-damage|p2a: Jumpluff|3\/100\n|move|p2a: Jumpluff|Leaf Storm|p1a: Flutter Mane\n|-damage|p1a: Flutter Mane|53\/100\n|-unboost|p2a: Jumpluff|spa|2\n|move|p2b: Torkoal|Overheat|p1a: Flutter Mane\n|-damage|p1a: Flutter Mane|0 fnt\n|-unboost|p2b: Torkoal|spa|2\n|-enditem|p2b: Torkoal|Eject Pack\n|faint|p1a: Flutter Mane\n|-end|p1a: Flutter Mane|Protosynthesis|[silent]\n|\n|t:|1681840433\n|switch|p2b: Great Tusk|Great Tusk, L50|100\/100\n|-activate|p2b: Great Tusk|ability: Protosynthesis\n|-start|p2b: Great Tusk|protosynthesisatk\n|\n|-weather|SunnyDay|[upkeep]\n|-end|p2a: Jumpluff|move: Taunt\n|upkeep\n|\n|t:|1681840459\n|switch|p1a: Iron Bundle|Iron Bundle, L50|100\/100\n|-enditem|p1a: Iron Bundle|Booster Energy\n|-activate|p1a: Iron Bundle|ability: Quark Drive|[fromitem]\n|-start|p1a: Iron Bundle|quarkdrivespa\n|turn|4\n|\n|t:|1681840482\n|switch|p2a: Chien-Pao|Chien-Pao, L50|100\/100\n|-ability|p2a: Chien-Pao|Sword of Ruin\n|-end|p2b: Great Tusk|Protosynthesis|[silent]\n|switch|p2b: Torkoal|Torkoal, L50, M|100\/100\n|move|p1b: Murkrow|Taunt|p2a: Chien-Pao\n|-hint|Since gen 7, Dark is immune to Prankster moves.\n|-immune|p2a: Chien-Pao\n|move|p1a: Iron Bundle|Hydro Pump|p2b: Torkoal\n|-supereffective|p2b: Torkoal\n|-damage|p2b: Torkoal|21\/100\n|\n|-weather|SunnyDay|[upkeep]\n|upkeep\n|turn|5\n|inactive|HeartOfOak has 30 seconds left.\n|inactive|SweetP has 30 seconds left.\n|inactive|HeartOfOak has 20 seconds left.\n|\n|t:|1681840522\n|-terastallize|p1a: Iron Bundle|Water\n|move|p2b: Torkoal|Protect|p2b: Torkoal\n|-singleturn|p2b: Torkoal|Protect\n|move|p1b: Murkrow|Flatter|p2a: Chien-Pao\n|-hint|Since gen 7, Dark is immune to Prankster moves.\n|-immune|p2a: Chien-Pao\n|move|p1a: Iron Bundle|Hydro Pump|p2b: Torkoal\n|-activate|p2b: Torkoal|move: Protect\n|move|p2a: Chien-Pao|Taunt|p1b: Murkrow\n|-start|p1b: Murkrow|move: Taunt\n|\n|-weather|none\n|-sideend|p1: HeartOfOak|move: Tailwind\n|upkeep\n|turn|6\n|c|\u2606HeartOfOak|oh right\n|inactive|HeartOfOak has 30 seconds left.\n|inactive|SweetP has 30 seconds left.\n|\n|t:|1681840554\n|switch|p2b: Jumpluff|Jumpluff, L50, M|3\/100\n|move|p2a: Chien-Pao|Ice Spinner|p1b: Murkrow\n|-supereffective|p1b: Murkrow\n|-damage|p1b: Murkrow|0 fnt\n|faint|p1b: Murkrow\n|move|p1a: Iron Bundle|Hydro Pump|p2a: Chien-Pao\n|-enditem|p2a: Chien-Pao|Focus Sash\n|-damage|p2a: Chien-Pao|1\/100\n|\n|upkeep\n|\n|t:|1681840568\n|switch|p1b: Talonflame|Talonflame, L50, F|100\/100\n|turn|7\n|\n|t:|1681840591\n|switch|p2a: Torkoal|Torkoal, L50, M|21\/100\n|-weather|SunnyDay|[from] ability: Drought|[of] p2a: Torkoal\n|move|p1a: Iron Bundle|Protect|p1a: Iron Bundle\n|-singleturn|p1a: Iron Bundle|Protect\n|move|p1b: Talonflame|Tailwind|p1b: Talonflame\n|-sidestart|p1: HeartOfOak|move: Tailwind\n|move|p2b: Jumpluff|Sleep Powder|p1a: Iron Bundle\n|-activate|p1a: Iron Bundle|move: Protect\n|\n|-weather|SunnyDay|[upkeep]\n|upkeep\n|turn|8\n|\n|t:|1681840614\n|move|p1b: Talonflame|Brave Bird|p2a: Torkoal\n|-damage|p2a: Torkoal|0 fnt\n|faint|p2a: Torkoal\n|-damage|p1b: Talonflame|93\/100|[from] Recoil\n|move|p1a: Iron Bundle|Icy Wind|p2b: Jumpluff\n|-supereffective|p2b: Jumpluff\n|-damage|p2b: Jumpluff|0 fnt\n|faint|p2b: Jumpluff\n|\n|-weather|SunnyDay|[upkeep]\n|upkeep\n|\n|t:|1681840622\n|switch|p2b: Chien-Pao|Chien-Pao, L50|1\/100\n|switch|p2a: Great Tusk|Great Tusk, L50|100\/100\n|-activate|p2a: Great Tusk|ability: Protosynthesis\n|-start|p2a: Great Tusk|protosynthesisatk\n|-ability|p2b: Chien-Pao|Sword of Ruin\n|turn|9\n|inactive|HeartOfOak has 30 seconds left.\n|inactive|SweetP has 30 seconds left.\n|\n|t:|1681840653\n|-terastallize|p2a: Great Tusk|Fire\n|move|p2b: Chien-Pao|Sucker Punch|p1a: Iron Bundle\n|-crit|p1a: Iron Bundle\n|-damage|p1a: Iron Bundle|13\/100\n|move|p1b: Talonflame|Brave Bird|p2a: Great Tusk\n|-damage|p2a: Great Tusk|56\/100\n|-damage|p1b: Talonflame|74\/100|[from] Recoil\n|move|p1a: Iron Bundle|Hydro Pump|p2a: Great Tusk\n|-supereffective|p2a: Great Tusk\n|-damage|p2a: Great Tusk|0 fnt\n|faint|p2a: Great Tusk\n|-end|p2a: Great Tusk|Protosynthesis|[silent]\n|\n|-weather|SunnyDay|[upkeep]\n|upkeep\n|turn|10\n|c|\u2606SweetP|Gg\n|\n|t:|1681840674\n|move|p2b: Chien-Pao|Sucker Punch|p1a: Iron Bundle\n|-damage|p1a: Iron Bundle|0 fnt\n|faint|p1a: Iron Bundle\n|-end|p1a: Iron Bundle|Quark Drive|[silent]\n|move|p1b: Talonflame|Flare Blitz|p2b: Chien-Pao\n|-supereffective|p2b: Chien-Pao\n|-damage|p2b: Chien-Pao|0 fnt\n|faint|p2b: Chien-Pao\n|-damage|p1b: Talonflame|74\/100|[from] Recoil\n|\n|win|HeartOfOak\n|raw|HeartOfOak's rating: 1069 → 1106<\/strong> (+37 for winning)\n|raw|SweetP's rating: 1152 → 1121<\/strong> (-31 for losing)\n|l|\u2606SweetP\n|c|\u2606HeartOfOak|gg\n","uploadtime":1681840693,"views":9,"p1id":"heartofoak","p2id":"sweetp","formatid":"gen9vgc2023regulationc","rating":1106,"private":0,"password":""}