{"id":"gen9vgc2023regulationc-1855656795","p1":"R2vgc","p2":"TempleofDune","format":"[Gen 9] VGC 2023 Regulation C","log":"|j|\u2606R2vgc\n|j|\u2606TempleofDune\n|t:|1682970421\n|gametype|doubles\n|player|p1|R2vgc|1|1316\n|player|p2|TempleofDune|swimmer|1413\n|teamsize|p1|6\n|teamsize|p2|6\n|gen|9\n|tier|[Gen 9] VGC 2023 Regulation C\n|rated|\n|rule|Species Clause: Limit one of each Pok\u00e9mon\n|rule|Item Clause: Limit one of each item\n|clearpoke\n|poke|p1|Espathra, L50, F|\n|poke|p1|Iron Bundle, L50|\n|poke|p1|Sandy Shocks, L50|\n|poke|p1|Amoonguss, L50, F|\n|poke|p1|Chien-Pao, L50|\n|poke|p1|Dragonite, L50, M|\n|poke|p2|Wo-Chien, L50|\n|poke|p2|Glimmora, L50, F|\n|poke|p2|Dondozo, L50, F|\n|poke|p2|Tatsugiri, L50, M|\n|poke|p2|Ceruledge, L50, M|\n|poke|p2|Chien-Pao, L50|\n|teampreview|4\n|\n|t:|1682970459\n|start\n|switch|p1a: Sandy Shocks|Sandy Shocks, L50|100\/100\n|switch|p1b: Iron Bundle|Iron Bundle, L50|100\/100\n|switch|p2a: Wo-Chien|Wo-Chien, L50|100\/100\n|switch|p2b: Glimmora|Glimmora, L50, F|100\/100\n|-ability|p2a: Wo-Chien|Tablets of Ruin\n|-enditem|p1b: Iron Bundle|Booster Energy\n|-activate|p1b: Iron Bundle|ability: Quark Drive|[fromitem]\n|-start|p1b: Iron Bundle|quarkdrivespe\n|turn|1\n|\n|t:|1682970499\n|move|p1b: Iron Bundle|Protect|p1b: Iron Bundle\n|-singleturn|p1b: Iron Bundle|Protect\n|move|p1a: Sandy Shocks|Gravity|p1a: Sandy Shocks\n|-fieldstart|move: Gravity\n|move|p2b: Glimmora|Power Gem|p1b: Iron Bundle\n|-activate|p1b: Iron Bundle|move: Protect\n|move|p2a: Wo-Chien|Leech Seed|p1b: Iron Bundle\n|-activate|p1b: Iron Bundle|move: Protect\n|\n|upkeep\n|turn|2\n|\n|t:|1682970523\n|-terastallize|p2b: Glimmora|Grass\n|move|p1b: Iron Bundle|Freeze-Dry|p2a: Wo-Chien\n|-supereffective|p2a: Wo-Chien\n|-damage|p2a: Wo-Chien|46\/100\n|move|p1a: Sandy Shocks|Earth Power|p2b: Glimmora\n|-resisted|p2b: Glimmora\n|-damage|p2b: Glimmora|85\/100\n|move|p2b: Glimmora|Mortal Spin|p1b: Iron Bundle|[spread] p1a,p1b\n|-resisted|p1a: Sandy Shocks\n|-damage|p1a: Sandy Shocks|99\/100\n|-damage|p1b: Iron Bundle|96\/100\n|-status|p1a: Sandy Shocks|psn\n|-status|p1b: Iron Bundle|psn\n|move|p2a: Wo-Chien|Leech Seed|p1a: Sandy Shocks\n|-start|p1a: Sandy Shocks|move: Leech Seed\n|\n|-heal|p2a: Wo-Chien|53\/100|[from] item: Leftovers\n|-damage|p1a: Sandy Shocks|86\/100 psn|[from] Leech Seed|[of] p2a: Wo-Chien\n|-heal|p2a: Wo-Chien|63\/100|[silent]\n|-damage|p1b: Iron Bundle|84\/100 psn|[from] psn\n|-damage|p1a: Sandy Shocks|74\/100 psn|[from] psn\n|upkeep\n|turn|3\n|\n|t:|1682970550\n|-end|p1a: Sandy Shocks|Protosynthesis|[silent]\n|switch|p1a: Chien-Pao|Chien-Pao, L50|100\/100\n|-ability|p1a: Chien-Pao|Sword of Ruin\n|move|p2a: Wo-Chien|Protect|p2a: Wo-Chien\n|-singleturn|p2a: Wo-Chien|Protect\n|move|p1b: Iron Bundle|Freeze-Dry|p2b: Glimmora\n|-supereffective|p2b: Glimmora\n|-damage|p2b: Glimmora|37\/100\n|move|p2b: Glimmora|Power Gem|p1b: Iron Bundle\n|-supereffective|p1b: Iron Bundle\n|-damage|p1b: Iron Bundle|0 fnt\n|faint|p1b: Iron Bundle\n|-end|p1b: Iron Bundle|Quark Drive|[silent]\n|\n|-heal|p2a: Wo-Chien|69\/100|[from] item: Leftovers\n|upkeep\n|\n|t:|1682970567\n|switch|p1b: Dragonite|Dragonite, L50, M|100\/100\n|turn|4\n|\n|t:|1682970594\n|-terastallize|p1b: Dragonite|Flying\n|move|p1a: Chien-Pao|Ice Spinner|p2a: Wo-Chien\n|-supereffective|p2a: Wo-Chien\n|-damage|p2a: Wo-Chien|18\/100\n|move|p1b: Dragonite|Tera Blast|p2b: Glimmora\n|-supereffective|p2b: Glimmora\n|-damage|p2b: Glimmora|0 fnt\n|faint|p2b: Glimmora\n|move|p2a: Wo-Chien|Foul Play|p1b: Dragonite\n|-damage|p1b: Dragonite|19\/100\n|\n|-heal|p2a: Wo-Chien|24\/100|[from] item: Leftovers\n|upkeep\n|\n|t:|1682970614\n|switch|p2b: Ceruledge|Ceruledge, L50, M|100\/100\n|turn|5\n|\n|t:|1682970629\n|switch|p1b: Sandy Shocks|Sandy Shocks, L50|74\/100 psn\n|move|p2a: Wo-Chien|Protect|p2a: Wo-Chien\n|-singleturn|p2a: Wo-Chien|Protect\n|move|p1a: Chien-Pao|Sucker Punch|p2b: Ceruledge\n|-supereffective|p2b: Ceruledge\n|-damage|p2b: Ceruledge|26\/100\n|move|p2b: Ceruledge|Bitter Blade|p1b: Sandy Shocks\n|-damage|p1b: Sandy Shocks|27\/100 psn\n|-heal|p2b: Ceruledge|47\/100|[from] drain|[of] p1b: Sandy Shocks\n|-enditem|p1b: Sandy Shocks|Sitrus Berry|[eat]\n|-heal|p1b: Sandy Shocks|51\/100 psn|[from] item: Sitrus Berry\n|\n|-heal|p2a: Wo-Chien|31\/100|[from] item: Leftovers\n|-damage|p1b: Sandy Shocks|39\/100 psn|[from] psn\n|-fieldend|move: Gravity\n|upkeep\n|turn|6\n|\n|t:|1682970656\n|move|p1a: Chien-Pao|Ice Spinner|p2a: Wo-Chien\n|-supereffective|p2a: Wo-Chien\n|-damage|p2a: Wo-Chien|0 fnt\n|faint|p2a: Wo-Chien\n|move|p1b: Sandy Shocks|Earth Power|p2b: Ceruledge\n|-supereffective|p2b: Ceruledge\n|-damage|p2b: Ceruledge|0 fnt\n|faint|p2b: Ceruledge\n|\n|-damage|p1b: Sandy Shocks|27\/100 psn|[from] psn\n|upkeep\n|\n|t:|1682970664\n|switch|p2b: Chien-Pao|Chien-Pao, L50|100\/100\n|-ability|p2b: Chien-Pao|Sword of Ruin\n|turn|7\n|\n|t:|1682970675\n|move|p2b: Chien-Pao|Protect|p2b: Chien-Pao\n|-singleturn|p2b: Chien-Pao|Protect\n|move|p1a: Chien-Pao|Protect|p1a: Chien-Pao\n|-singleturn|p1a: Chien-Pao|Protect\n|move|p1b: Sandy Shocks|Thunderbolt|p2b: Chien-Pao\n|-activate|p2b: Chien-Pao|move: Protect\n|\n|-damage|p1b: Sandy Shocks|14\/100 psn|[from] psn\n|upkeep\n|turn|8\n|\n|t:|1682970694\n|move|p2b: Chien-Pao|Sacred Sword|p1b: Sandy Shocks\n|-damage|p1b: Sandy Shocks|0 fnt\n|faint|p1b: Sandy Shocks\n|-end|p1b: Sandy Shocks|Protosynthesis|[silent]\n|move|p1a: Chien-Pao|Ice Spinner|p2b: Chien-Pao\n|-resisted|p2b: Chien-Pao\n|-damage|p2b: Chien-Pao|72\/100\n|\n|upkeep\n|\n|t:|1682970702\n|switch|p1b: Dragonite|Dragonite, L50, M, tera:Flying|19\/100\n|turn|9\n|\n|t:|1682970717\n|move|p2b: Chien-Pao|Protect|p2b: Chien-Pao\n|-singleturn|p2b: Chien-Pao|Protect\n|move|p1b: Dragonite|Extreme Speed|p2b: Chien-Pao\n|-activate|p2b: Chien-Pao|move: Protect\n|move|p1a: Chien-Pao|Sucker Punch||[still]\n|-fail|p1a: Chien-Pao\n|\n|upkeep\n|turn|10\n|\n|t:|1682970728\n|move|p1b: Dragonite|Extreme Speed|p2b: Chien-Pao\n|-damage|p2b: Chien-Pao|9\/100\n|move|p2b: Chien-Pao|Sucker Punch||[still]\n|-fail|p2b: Chien-Pao\n|move|p1a: Chien-Pao|Ice Spinner|p2b: Chien-Pao\n|-resisted|p2b: Chien-Pao\n|-damage|p2b: Chien-Pao|0 fnt\n|faint|p2b: Chien-Pao\n|\n|win|R2vgc\n|raw|R2vgc's rating: 1316 → 1341<\/strong> (+25 for winning)\n|raw|TempleofDune's rating: 1413 → 1388<\/strong> (-25 for losing)\n|l|\u2606TempleofDune\n","uploadtime":1682970749,"views":14,"p1id":"r2vgc","p2id":"templeofdune","formatid":"gen9vgc2023regulationc","rating":1341,"private":0,"password":""}