{"id":"gen9vgc2023regulationc-1845932286","p1":"LegalizedNukes","p2":"Skoild","format":"[Gen 9] VGC 2023 Regulation C","log":"|j|\u2606LegalizedNukes\n|j|\u2606Skoild\n|t:|1681780784\n|gametype|doubles\n|player|p1|LegalizedNukes|nita|1090\n|player|p2|Skoild|psychicf|1036\n|teamsize|p1|6\n|teamsize|p2|6\n|gen|9\n|tier|[Gen 9] VGC 2023 Regulation C\n|rated|\n|rule|Species Clause: Limit one of each Pok\u00e9mon\n|rule|Item Clause: Limit one of each item\n|clearpoke\n|poke|p1|Ting-Lu, L50|\n|poke|p1|Bronzong, L50|\n|poke|p1|Armarouge, L50, M|\n|poke|p1|Indeedee-F, L50, F|\n|poke|p1|Hariyama, L50, F|\n|poke|p1|Hatterene, L50, F|\n|poke|p2|Wo-Chien, L50|\n|poke|p2|Scream Tail, L50|\n|poke|p2|Arcanine, L50, M|\n|poke|p2|Garganacl, L50, M|\n|poke|p2|Indeedee-F, L50, F|\n|poke|p2|Great Tusk, L50|\n|teampreview|4\n|inactive|Battle timer is ON: inactive players will automatically lose when time's up. (requested by LegalizedNukes)\nLegalizedNukes has agreed to open team sheets.\n|inactive|LegalizedNukes has 60 seconds left.\n|inactive|Skoild has 60 seconds left.\n|\n|t:|1681780844\n|start\n|switch|p1a: Hariyama|Hariyama, L50, F|100\/100\n|switch|p1b: Hatterene|Hatterene, L50, F|100\/100\n|switch|p2a: Garganacl|Garganacl, L50, M, shiny|100\/100\n|switch|p2b: Wo-Chien|Wo-Chien, L50|100\/100\n|-ability|p2b: Wo-Chien|Tablets of Ruin\n|turn|1\n|inactive|LegalizedNukes has 30 seconds left.\n|inactive|Skoild has 30 seconds left.\n|inactive|LegalizedNukes has 20 seconds left.\n|\n|t:|1681780881\n|move|p2b: Wo-Chien|Protect|p2b: Wo-Chien\n|-singleturn|p2b: Wo-Chien|Protect\n|move|p1a: Hariyama|Close Combat|p2a: Garganacl\n|-supereffective|p2a: Garganacl\n|-damage|p2a: Garganacl|37\/100\n|-unboost|p1a: Hariyama|def|1\n|-unboost|p1a: Hariyama|spd|1\n|move|p2a: Garganacl|Salt Cure|p1b: Hatterene\n|-damage|p1b: Hatterene|89\/100\n|-start|p1b: Hatterene|Salt Cure\n|move|p1b: Hatterene|Psychic|p2a: Garganacl\n|-damage|p2a: Garganacl|0 fnt\n|faint|p2a: Garganacl\n|\n|-damage|p1b: Hatterene|77\/100|[from] Salt Cure\n|-status|p1a: Hariyama|brn|[from] item: Flame Orb\n|upkeep\n|\n|t:|1681780899\n|switch|p2a: Great Tusk|Great Tusk, L50|100\/100\n|turn|2\n|\n|t:|1681780911\n|switch|p1a: Indeedee|Indeedee-F, L50, F|100\/100\n|-fieldstart|move: Psychic Terrain|[from] ability: Psychic Surge|[of] p1a: Indeedee\n|-enditem|p1a: Indeedee|Psychic Seed\n|-boost|p1a: Indeedee|spd|1|[from] item: Psychic Seed\n|move|p2a: Great Tusk|Headlong Rush|p1a: Indeedee\n|-damage|p1a: Indeedee|46\/100\n|-unboost|p2a: Great Tusk|def|1\n|-unboost|p2a: Great Tusk|spd|1\n|move|p2b: Wo-Chien|Snarl|p1b: Hatterene|[spread] p1a,p1b\n|-supereffective|p1a: Indeedee\n|-damage|p1a: Indeedee|28\/100\n|-damage|p1b: Hatterene|63\/100\n|-unboost|p1a: Indeedee|spa|1\n|-unboost|p1b: Hatterene|spa|1\n|move|p1b: Hatterene|Trick Room|p1b: Hatterene\n|-fieldstart|move: Trick Room|[of] p1b: Hatterene\n|\n|-damage|p1b: Hatterene|51\/100|[from] Salt Cure\n|upkeep\n|turn|3\n|inactive|LegalizedNukes has 30 seconds left.\n|inactive|Skoild has 30 seconds left.\n|inactive|LegalizedNukes has 20 seconds left.\n|inactive|LegalizedNukes has 15 seconds left.\n|\n|t:|1681780953\n|move|p1b: Hatterene|Dazzling Gleam|p2b: Wo-Chien|[spread] p2a,p2b\n|-supereffective|p2a: Great Tusk\n|-supereffective|p2b: Wo-Chien\n|-enditem|p2a: Great Tusk|Focus Sash\n|-damage|p2a: Great Tusk|1\/100\n|-damage|p2b: Wo-Chien|72\/100\n|move|p2b: Wo-Chien|Snarl|p1a: Indeedee|[spread] p1a,p1b\n|-supereffective|p1a: Indeedee\n|-damage|p1a: Indeedee|11\/100\n|-damage|p1b: Hatterene|36\/100\n|-unboost|p1a: Indeedee|spa|1\n|-unboost|p1b: Hatterene|spa|1\n|-enditem|p1b: Hatterene|Sitrus Berry|[eat]\n|-heal|p1b: Hatterene|61\/100|[from] item: Sitrus Berry\n|move|p1a: Indeedee|Dazzling Gleam|p2a: Great Tusk|[spread] p2a,p2b\n|-supereffective|p2a: Great Tusk\n|-supereffective|p2b: Wo-Chien\n|-damage|p2a: Great Tusk|0 fnt\n|-damage|p2b: Wo-Chien|64\/100\n|faint|p2a: Great Tusk\n|-end|p2a: Great Tusk|Protosynthesis|[silent]\n|\n|-heal|p2b: Wo-Chien|70\/100|[from] item: Leftovers\n|-damage|p1b: Hatterene|49\/100|[from] Salt Cure\n|upkeep\n|\n|t:|1681780971\n|switch|p2a: Indeedee|Indeedee-F, L50, F|100\/100\n|-enditem|p2a: Indeedee|Psychic Seed\n|-boost|p2a: Indeedee|spd|1|[from] item: Psychic Seed\n|turn|4\n|\n|t:|1681780991\n|switch|p1b: Armarouge|Armarouge, L50, M|100\/100\n|move|p2a: Indeedee|Dazzling Gleam|p1b: Armarouge|[spread] p1a,p1b\n|-resisted|p1b: Armarouge\n|-damage|p1a: Indeedee|2\/100\n|-damage|p1b: Armarouge|93\/100\n|move|p2b: Wo-Chien|Snarl|p1b: Armarouge|[spread] p1a,p1b\n|-supereffective|p1a: Indeedee\n|-supereffective|p1b: Armarouge\n|-damage|p1a: Indeedee|0 fnt\n|-damage|p1b: Armarouge|64\/100\n|-unboost|p1b: Armarouge|spa|1\n|faint|p1a: Indeedee\n|\n|-heal|p2b: Wo-Chien|77\/100|[from] item: Leftovers\n|upkeep\n|\n|t:|1681781006\n|switch|p1a: Hariyama|Hariyama, L50, F|100\/100 brn\n|turn|5\n|inactive|LegalizedNukes has 30 seconds left.\n|inactive|Skoild has 30 seconds left.\n|inactive|LegalizedNukes has 20 seconds left.\n|\n|t:|1681781044\n|-terastallize|p1a: Hariyama|Steel\n|move|p2b: Wo-Chien|Protect|p2b: Wo-Chien\n|-singleturn|p2b: Wo-Chien|Protect\n|move|p1a: Hariyama|Heavy Slam|p2a: Indeedee\n|-damage|p2a: Indeedee|25\/100\n|move|p2a: Indeedee|Dazzling Gleam|p1b: Armarouge|[spread] p1a,p1b\n|-resisted|p1a: Hariyama\n|-resisted|p1b: Armarouge\n|-damage|p1a: Hariyama|94\/100 brn\n|-damage|p1b: Armarouge|56\/100\n|move|p1b: Armarouge|Expanding Force|p2b: Wo-Chien|[spread] p2a\n|-activate|p2b: Wo-Chien|move: Protect\n|-resisted|p2a: Indeedee\n|-damage|p2a: Indeedee|9\/100\n|-damage|p1b: Armarouge|46\/100|[from] item: Life Orb\n|\n|-heal|p2b: Wo-Chien|83\/100|[from] item: Leftovers\n|-damage|p1a: Hariyama|88\/100 brn|[from] brn\n|upkeep\n|turn|6\n|inactive|Skoild has 30 seconds left.\n|inactive|Skoild has 20 seconds left.\n|inactive|Skoild has 15 seconds left.\n|inactive|Skoild has 10 seconds left.\n|inactive|Skoild has 5 seconds left.\n|\n|t:|1681781099\n|move|p1a: Hariyama|Heavy Slam|p2a: Indeedee\n|-damage|p2a: Indeedee|0 fnt\n|faint|p2a: Indeedee\n|move|p2b: Wo-Chien|Pollen Puff|p1a: Hariyama\n|-resisted|p1a: Hariyama\n|-damage|p1a: Hariyama|78\/100 brn\n|move|p1b: Armarouge|Armor Cannon|p2b: Wo-Chien\n|-supereffective|p2b: Wo-Chien\n|-damage|p2b: Wo-Chien|12\/100\n|-unboost|p1b: Armarouge|def|1\n|-unboost|p1b: Armarouge|spd|1\n|-damage|p1b: Armarouge|36\/100|[from] item: Life Orb\n|\n|-heal|p2b: Wo-Chien|19\/100|[from] item: Leftovers\n|-damage|p1a: Hariyama|73\/100 brn|[from] brn\n|-fieldend|move: Trick Room\n|-fieldend|move: Psychic Terrain\n|upkeep\n|turn|7\n|-message|Skoild forfeited.\n|\n|win|LegalizedNukes\n|raw|LegalizedNukes's rating: 1090 → 1112<\/strong> (+22 for winning)\n|raw|Skoild's rating: 1036 → 1023<\/strong> (-13 for losing)\n|l|\u2606Skoild\n","uploadtime":1681781117,"views":9,"p1id":"legalizednukes","p2id":"skoild","formatid":"gen9vgc2023regulationc","rating":1023,"private":0,"password":""}