{"id":"gen9vgc2023regulationc-1852460281","p1":"WildPaulxxx","p2":"Vikx_VGC","format":"[Gen 9] VGC 2023 Regulation C","log":"|j|\u2606WildPaulxxx\n|j|\u2606Vikx_VGC\n|t:|1682560392\n|gametype|doubles\n|player|p1|WildPaulxxx|266|1055\n|player|p2|Vikx_VGC|n|1053\n|teamsize|p1|6\n|teamsize|p2|6\n|gen|9\n|tier|[Gen 9] VGC 2023 Regulation C\n|rated|\n|rule|Species Clause: Limit one of each Pok\u00e9mon\n|rule|Item Clause: Limit one of each item\n|clearpoke\n|poke|p1|Chien-Pao, L50|\n|poke|p1|Arcanine, L50, F|\n|poke|p1|Florges-Blue, L50, F|\n|poke|p1|Great Tusk, L50|\n|poke|p1|Gyarados, L50, M|\n|poke|p1|Pachirisu, L50, M|\n|poke|p2|Gyarados, L50, F|\n|poke|p2|Amoonguss, L50, M|\n|poke|p2|Iron Hands, L50|\n|poke|p2|Mimikyu, L50, M|\n|poke|p2|Flutter Mane, L50|\n|poke|p2|Murkrow, L50, M|\n|teampreview|4\n|inactive|Battle timer is ON: inactive players will automatically lose when time's up. (requested by Vikx_VGC)\nWildPaulxxx rejected open team sheets.\n|inactive|WildPaulxxx has 60 seconds left.\n|inactive|Vikx_VGC has 60 seconds left.\n|inactive|WildPaulxxx has 30 seconds left.\n|inactive|Vikx_VGC has 30 seconds left.\n|inactive|WildPaulxxx has 20 seconds left.\n|inactive|Vikx_VGC has 20 seconds left.\n|inactive|Vikx_VGC has 15 seconds left.\n|inactive|Vikx_VGC has 10 seconds left.\n|inactive|Vikx_VGC has 5 seconds left.\n|\n|t:|1682560480\n|start\n|switch|p1a: Great Tusk|Great Tusk, L50|100\/100\n|switch|p1b: Florges|Florges-Blue, L50, F|100\/100\n|switch|p2a: Zheng Cybertron|Iron Hands, L50, shiny|100\/100\n|switch|p2b: Patel Neil|Mimikyu, L50, M, shiny|100\/100\n|-enditem|p1a: Great Tusk|Booster Energy\n|-activate|p1b: Florges|ability: Symbiosis|Safety Goggles|[of] p1a: Great Tusk\n|-activate|p1a: Great Tusk|ability: Protosynthesis|[fromitem]\n|-start|p1a: Great Tusk|protosynthesisspe\n|turn|1\n|inactive|WildPaulxxx has 30 seconds left.\n|inactive|Vikx_VGC has 30 seconds left.\n|inactive|Vikx_VGC has 20 seconds left.\n|inactive|Vikx_VGC has 15 seconds left.\n|inactive|Vikx_VGC has 10 seconds left.\n|\n|t:|1682560525\n|-terastallize|p2a: Zheng Cybertron|Fire\n|move|p2a: Zheng Cybertron|Fake Out|p1a: Great Tusk\n|-damage|p1a: Great Tusk|91\/100\n|cant|p1a: Great Tusk|flinch\n|move|p1b: Florges|Trick|p2b: Patel Neil\n|-activate|p1b: Florges|move: Trick|[of] p2b: Patel Neil\n|-enditem|p2b: Patel Neil|Lum Berry|[silent]|[from] move: Trick\n|-item|p1b: Florges|Lum Berry|[from] move: Trick\n|move|p2b: Patel Neil|Trick Room|p2b: Patel Neil\n|-fieldstart|move: Trick Room|[of] p2b: Patel Neil\n|\n|upkeep\n|turn|2\n|inactive|WildPaulxxx has 30 seconds left.\n|inactive|Vikx_VGC has 30 seconds left.\n|\n|t:|1682560559\n|-end|p2a: Zheng Cybertron|Quark Drive|[silent]\n|switch|p2a: Kylon|Gyarados, L50, F, shiny|100\/100\n|-ability|p2a: Kylon|Intimidate|boost\n|-unboost|p1a: Great Tusk|atk|1\n|-unboost|p1b: Florges|atk|1\n|move|p1a: Great Tusk|Protect|p1a: Great Tusk\n|-singleturn|p1a: Great Tusk|Protect\n|move|p1b: Florges|Dazzling Gleam|p2a: Kylon|[spread] p2a,p2b\n|-damage|p2a: Kylon|84\/100\n|-activate|p2b: Patel Neil|ability: Disguise\n|-damage|p2b: Patel Neil|100\/100\n|detailschange|p2b: Patel Neil|Mimikyu-Busted, L50, M, shiny\n|-damage|p2b: Patel Neil|88\/100|[from] pokemon: Mimikyu-Busted\n|move|p2b: Patel Neil|Swords Dance|p2b: Patel Neil\n|-boost|p2b: Patel Neil|atk|2\n|\n|upkeep\n|turn|3\n|inactive|WildPaulxxx has 30 seconds left.\n|inactive|Vikx_VGC has 30 seconds left.\n|inactive|WildPaulxxx has 20 seconds left.\n|inactive|WildPaulxxx has 15 seconds left.\n|inactive|Vikx_VGC has 20 seconds left.\n|inactive|WildPaulxxx has 10 seconds left.\n|inactive|Vikx_VGC has 15 seconds left.\n|inactive|Vikx_VGC has 10 seconds left.\n|\n|t:|1682560610\n|-end|p1a: Great Tusk|Protosynthesis|[silent]\n|switch|p1a: Pachirisu|Pachirisu, L50, M|100\/100\n|move|p2a: Kylon|Taunt|p1b: Florges\n|-start|p1b: Florges|move: Taunt\n|move|p1b: Florges|Moonblast|p2b: Patel Neil\n|-damage|p2b: Patel Neil|50\/100\n|move|p2b: Patel Neil|Play Rough|p1a: Pachirisu\n|-damage|p1a: Pachirisu|7\/100\n|-enditem|p1a: Pachirisu|Sitrus Berry|[eat]\n|-heal|p1a: Pachirisu|32\/100|[from] item: Sitrus Berry\n|-activate|p1b: Florges|ability: Symbiosis|Lum Berry|[of] p1a: Pachirisu\n|\n|upkeep\n|turn|4\n|inactive|WildPaulxxx has 30 seconds left.\n|inactive|Vikx_VGC has 30 seconds left.\n|inactive|WildPaulxxx has 20 seconds left.\n|inactive|WildPaulxxx has 15 seconds left.\n|inactive|Vikx_VGC has 20 seconds left.\n|inactive|Vikx_VGC has 15 seconds left.\n|inactive|Vikx_VGC has 10 seconds left.\n|\n|t:|1682560663\n|move|p1a: Pachirisu|Protect|p1a: Pachirisu\n|-singleturn|p1a: Pachirisu|Protect\n|move|p2a: Kylon|Waterfall|p1b: Florges\n|-damage|p1b: Florges|54\/100\n|move|p1b: Florges|Moonblast|p2b: Patel Neil\n|-damage|p2b: Patel Neil|9\/100\n|move|p2b: Patel Neil|Play Rough|p2a: Kylon\n|-damage|p2a: Kylon|3\/100\n|\n|upkeep\n|turn|5\n|c|\u2606Vikx_VGC|Broooo\n|c|\u2606WildPaulxxx|timer?\n|c|\u2606Vikx_VGC|fuck this shit no way I misclicked\n|c|\u2606WildPaulxxx|ah.. :\/\n|inactive|WildPaulxxx has 30 seconds left.\n|inactive|Vikx_VGC has 30 seconds left.\n|inactive|Vikx_VGC has 20 seconds left.\n|inactive|Vikx_VGC has 15 seconds left.\n|inactive|Vikx_VGC has 10 seconds left.\n|inactive|Vikx_VGC has 5 seconds left.\n|c|\u2606Vikx_VGC|I targeted imto florges reading too \ud83d\udc80\n|\n|t:|1682560718\n|move|p1a: Pachirisu|Follow Me|p1a: Pachirisu\n|-singleturn|p1a: Pachirisu|move: Follow Me\n|move|p2b: Patel Neil|Shadow Sneak|p1a: Pachirisu\n|-damage|p1a: Pachirisu|0 fnt\n|faint|p1a: Pachirisu\n|move|p2a: Kylon|Waterfall|p1b: Florges\n|-damage|p1b: Florges|8\/100\n|move|p1b: Florges|Dazzling Gleam|p2b: Patel Neil|[spread] p2a,p2b\n|-damage|p2a: Kylon|0 fnt\n|-damage|p2b: Patel Neil|0 fnt\n|faint|p2a: Kylon\n|faint|p2b: Patel Neil\n|\n|-end|p1b: Florges|move: Taunt\n|-fieldend|move: Trick Room\n|upkeep\n|\n|t:|1682560740\n|switch|p1a: Great Tusk|Great Tusk, L50|91\/100\n|switch|p2b: Glick Wolfe|Amoonguss, L50, M, shiny|100\/100\n|switch|p2a: Zheng Cybertron|Iron Hands, L50, shiny, tera:Fire|100\/100\n|turn|6\n|c|\u2606Vikx_VGC|There goes the game ig\n|\n|t:|1682560757\n|move|p1b: Florges|Helping Hand|p1a: Great Tusk\n|-singleturn|p1a: Great Tusk|Helping Hand|[of] p1b: Florges\n|move|p2a: Zheng Cybertron|Fake Out|p1b: Florges\n|-damage|p1b: Florges|0 fnt\n|faint|p1b: Florges\n|move|p2b: Glick Wolfe|Rage Powder|p2b: Glick Wolfe\n|-singleturn|p2b: Glick Wolfe|move: Rage Powder\n|move|p1a: Great Tusk|Headlong Rush|p2a: Zheng Cybertron\n|-supereffective|p2a: Zheng Cybertron\n|-damage|p2a: Zheng Cybertron|0 fnt\n|-unboost|p1a: Great Tusk|def|1\n|-unboost|p1a: Great Tusk|spd|1\n|faint|p2a: Zheng Cybertron\n|-end|p2a: Zheng Cybertron|Quark Drive|[silent]\n|\n|upkeep\n|\n|t:|1682560770\n|switch|p1b: Chien-Pao|Chien-Pao, L50|100\/100\n|-ability|p1b: Chien-Pao|Sword of Ruin\n|turn|7\n|c|\u2606Vikx_VGC|Right goggles\n|c|\u2606Vikx_VGC|Yeah I\u2019m trash bye\n|inactive|Vikx_VGC has 30 seconds left.\n|l|\u2606Vikx_VGC\n|inactive|Vikx_VGC disconnected and has a minute to reconnect!\n|player|p2|\n|inactive|Vikx_VGC has 20 seconds left.\n|c|\u2606WildPaulxxx|Just bad luck and a misclick :\/\n|j|\u2606Vikx_VGC\n|inactive|Vikx_VGC reconnected and has 20 seconds left.\n|player|p2|Vikx_VGC|n\n|inactive|Vikx_VGC has 15 seconds left.\n|inactive|Vikx_VGC has 10 seconds left.\n|c|\u2606Vikx_VGC|Bad luck?\n|inactive|Vikx_VGC has 5 seconds left.\n|\n|t:|1682560823\n|-terastallize|p1b: Chien-Pao|Dark\n|move|p1a: Great Tusk|Protect|p1a: Great Tusk\n|-singleturn|p1a: Great Tusk|Protect\n|move|p1b: Chien-Pao|Ice Spinner|p2b: Glick Wolfe\n|-supereffective|p2b: Glick Wolfe\n|-damage|p2b: Glick Wolfe|6\/100\n|move|p2b: Glick Wolfe|Spore|p1b: Chien-Pao\n|-status|p1b: Chien-Pao|slp|[from] move: Spore\n|\n|upkeep\n|turn|8\n|c|\u2606WildPaulxxx|the goggles\n|c|\u2606Vikx_VGC|Not really I just forgot\n|inactive|Vikx_VGC has 30 seconds left.\n|\n|t:|1682560854\n|cant|p1b: Chien-Pao|slp\n|move|p1a: Great Tusk|Headlong Rush|p2b: Glick Wolfe\n|-damage|p2b: Glick Wolfe|0 fnt\n|-unboost|p1a: Great Tusk|def|1\n|-unboost|p1a: Great Tusk|spd|1\n|faint|p2b: Glick Wolfe\n|\n|win|WildPaulxxx\n|raw|WildPaulxxx's rating: 1055 → 1087<\/strong> (+32 for winning)\n|raw|Vikx_VGC's rating: 1053 → 1035<\/strong> (-18 for losing)\n|c|\u2606WildPaulxxx|no ones running this team anywhere important so thats more what i meant\n|c|\u2606WildPaulxxx|gg\n|c|\u2606Vikx_VGC|Sure I guess\n|c|\u2606Vikx_VGC|gg\n|l|\u2606Vikx_VGC\n","uploadtime":1682560684,"views":8,"p1id":"wildpaulxxx","p2id":"vikxvgc","formatid":"gen9vgc2023regulationc","rating":1035,"private":0,"password":""}