{"id":"gen9vgc2023regulationc-1860795716","p1":"VforValaritas","p2":"JoeCastro33","format":"[Gen 9] VGC 2023 Regulation C","log":"|j|\u2606VforValaritas\n|j|\u2606JoeCastro33\n|t:|1683678884\n|gametype|doubles\n|player|p1|VforValaritas|266|\n|player|p2|JoeCastro33|ghetsis-gen5bw|\n|teamsize|p1|6\n|teamsize|p2|6\n|gen|9\n|tier|[Gen 9] VGC 2023 Regulation C\n|rule|Species Clause: Limit one of each Pok\u00e9mon\n|rule|Item Clause: Limit one of each item\n|clearpoke\n|poke|p1|Arcanine, L50, M|\n|poke|p1|Brute Bonnet, L50|\n|poke|p1|Gholdengo, L50|\n|poke|p1|Espathra, L50, F|\n|poke|p1|Sylveon, L50, M|\n|poke|p1|Pawmot, L50, F|\n|poke|p2|Flutter Mane, L50|\n|poke|p2|Dondozo, L50, M|\n|poke|p2|Tatsugiri, L50, M|\n|poke|p2|Clodsire, L50, F|\n|poke|p2|Mimikyu, L50, F|\n|poke|p2|Gallade, L50, M|\n|teampreview|4\nVforValaritas rejected open team sheets.\n|\n|t:|1683678906\n|start\n|switch|p1a: Brute Bonnet|Brute Bonnet, L50|100\/100\n|switch|p1b: Espathra|Espathra, L50, F|100\/100\n|switch|p2a: Flutter Mane|Flutter Mane, L50|100\/100\n|switch|p2b: Dondozo|Dondozo, L50, M|100\/100\n|-enditem|p2a: Flutter Mane|Booster Energy\n|-activate|p2a: Flutter Mane|ability: Protosynthesis|[fromitem]\n|-start|p2a: Flutter Mane|protosynthesisspe\n|-enditem|p1a: Brute Bonnet|Booster Energy\n|-activate|p1a: Brute Bonnet|ability: Protosynthesis|[fromitem]\n|-start|p1a: Brute Bonnet|protosynthesisatk\n|turn|1\n|\n|t:|1683678932\n|-terastallize|p2b: Dondozo|Ground\n|move|p2a: Flutter Mane|Protect|p2a: Flutter Mane\n|-singleturn|p2a: Flutter Mane|Protect\n|move|p1a: Brute Bonnet|Sucker Punch||[still]\n|-fail|p1a: Brute Bonnet\n|move|p1b: Espathra|Calm Mind|p1b: Espathra\n|-boost|p1b: Espathra|spa|1\n|-boost|p1b: Espathra|spd|1\n|move|p2b: Dondozo|Earthquake|p1a: Brute Bonnet|[spread] p1a,p1b\n|-activate|p2a: Flutter Mane|move: Protect\n|-resisted|p1a: Brute Bonnet\n|-damage|p1a: Brute Bonnet|87\/100\n|-damage|p1b: Espathra|58\/100\n|\n|-ability|p1b: Espathra|Speed Boost|boost\n|-boost|p1b: Espathra|spe|1\n|upkeep\n|turn|2\n|\n|t:|1683678960\n|move|p1a: Brute Bonnet|Sucker Punch|p2a: Flutter Mane\n|-damage|p2a: Flutter Mane|0 fnt\n|faint|p2a: Flutter Mane\n|-end|p2a: Flutter Mane|Protosynthesis|[silent]\n|move|p1b: Espathra|Lumina Crash|p2b: Dondozo\n|-crit|p2b: Dondozo\n|-damage|p2b: Dondozo|52\/100\n|-unboost|p2b: Dondozo|spd|2\n|move|p2b: Dondozo|Order Up|p1a: Brute Bonnet\n|-damage|p1a: Brute Bonnet|67\/100\n|\n|-heal|p2b: Dondozo|59\/100|[from] item: Leftovers\n|-ability|p1b: Espathra|Speed Boost|boost\n|-boost|p1b: Espathra|spe|1\n|upkeep\n|\n|t:|1683678974\n|switch|p2a: Tatsugiri|Tatsugiri, L50, M|100\/100\n|-activate|p2a: Tatsugiri|ability: Commander|[of] p2b: Dondozo\n|-boost|p2b: Dondozo|atk|2\n|-boost|p2b: Dondozo|spa|2\n|-boost|p2b: Dondozo|spe|2\n|-boost|p2b: Dondozo|def|2\n|-boost|p2b: Dondozo|spd|2\n|turn|3\n|\n|t:|1683678999\n|move|p1b: Espathra|Lumina Crash|p2b: Dondozo\n|-damage|p2b: Dondozo|23\/100\n|-unboost|p2b: Dondozo|spd|2\n|move|p2b: Dondozo|Earthquake|p1b: Espathra|[spread] p1a,p1b\n|-miss|p2b: Dondozo|p2a: Tatsugiri\n|-resisted|p1a: Brute Bonnet\n|-crit|p1b: Espathra\n|-damage|p1a: Brute Bonnet|38\/100\n|-damage|p1b: Espathra|0 fnt\n|faint|p1b: Espathra\n|move|p1a: Brute Bonnet|Seed Bomb|p2b: Dondozo\n|-supereffective|p2b: Dondozo\n|-damage|p2b: Dondozo|0 fnt\n|faint|p2b: Dondozo\n|\n|upkeep\n|\n|t:|1683679019\n|switch|p1b: Sylveon|Sylveon, L50, M|100\/100\n|switch|p2b: Mimikyu|Mimikyu, L50, F|100\/100\n|turn|4\n|\n|t:|1683679040\n|move|p1a: Brute Bonnet|Sucker Punch|p2b: Mimikyu\n|-activate|p2b: Mimikyu|ability: Disguise\n|-damage|p2b: Mimikyu|100\/100\n|detailschange|p2b: Mimikyu|Mimikyu-Busted, L50, F\n|-damage|p2b: Mimikyu|88\/100|[from] pokemon: Mimikyu-Busted\n|move|p2a: Tatsugiri|Draco Meteor|p1a: Brute Bonnet\n|-damage|p1a: Brute Bonnet|0 fnt\n|-unboost|p2a: Tatsugiri|spa|2\n|faint|p1a: Brute Bonnet\n|-end|p1a: Brute Bonnet|Protosynthesis|[silent]\n|move|p2b: Mimikyu|Shadow Claw|p1b: Sylveon\n|-damage|p1b: Sylveon|60\/100\n|-damage|p2b: Mimikyu|78\/100|[from] item: Life Orb\n|move|p1b: Sylveon|Hyper Voice|p2b: Mimikyu|[spread] p2a,p2b\n|-supereffective|p2a: Tatsugiri\n|-damage|p2a: Tatsugiri|9\/100\n|-damage|p2b: Mimikyu|37\/100\n|-enditem|p1b: Sylveon|Throat Spray\n|-boost|p1b: Sylveon|spa|1|[from] item: Throat Spray\n|\n|upkeep\n|\n|t:|1683679059\n|switch|p1a: Gholdengo|Gholdengo, L50|100\/100\n|turn|5\n|\n|t:|1683679068\n|move|p1a: Gholdengo|Protect|p1a: Gholdengo\n|-singleturn|p1a: Gholdengo|Protect\n|move|p2a: Tatsugiri|Draco Meteor|p1a: Gholdengo\n|-activate|p1a: Gholdengo|move: Protect\n|move|p2b: Mimikyu|Shadow Claw|p1a: Gholdengo\n|-activate|p1a: Gholdengo|move: Protect\n|move|p1b: Sylveon|Hyper Voice|p2a: Tatsugiri|[spread] p2a,p2b\n|-supereffective|p2a: Tatsugiri\n|-crit|p2a: Tatsugiri\n|-damage|p2a: Tatsugiri|0 fnt\n|-damage|p2b: Mimikyu|0 fnt\n|faint|p2a: Tatsugiri\n|faint|p2b: Mimikyu\n|\n|win|VforValaritas\n","uploadtime":1683679084,"views":10,"p1id":"vforvalaritas","p2id":"joecastro33","formatid":"gen9vgc2023regulationc","rating":0,"private":0,"password":""}