{"id":"gen9vgc2023regulationc-1863069275","p1":"ADtaiga","p2":"Arcacagne","format":"[Gen 9] VGC 2023 Regulation C","log":"|j|\u2606ADtaiga\n|j|\u2606Arcacagne\n|t:|1683963442\n|gametype|doubles\n|player|p1|ADtaiga|169|1227\n|player|p2|Arcacagne|169|1247\n|teamsize|p1|6\n|teamsize|p2|6\n|gen|9\n|tier|[Gen 9] VGC 2023 Regulation C\n|rated|\n|rule|Species Clause: Limit one of each Pok\u00e9mon\n|rule|Item Clause: Limit one of each item\n|clearpoke\n|poke|p1|Orthworm, L50, M|\n|poke|p1|Ting-Lu, L50|\n|poke|p1|Dragonite, L50, M|\n|poke|p1|Arcanine, L50, F|\n|poke|p1|Chien-Pao, L50|\n|poke|p1|Flutter Mane, L50|\n|poke|p2|Chi-Yu, L50|\n|poke|p2|Flutter Mane, L50|\n|poke|p2|Amoonguss, L50, F|\n|poke|p2|Ting-Lu, L50|\n|poke|p2|Iron Hands, L50|\n|poke|p2|Gyarados, L50, M|\n|teampreview|4\n|\n|t:|1683963501\n|start\n|switch|p1a: Ting-Lu|Ting-Lu, L50|100\/100\n|switch|p1b: Orthworm|Orthworm, L50, M|100\/100\n|switch|p2a: Amoonguss|Amoonguss, L50, F|100\/100\n|switch|p2b: Iron Hands|Iron Hands, L50|100\/100\n|-ability|p1a: Ting-Lu|Vessel of Ruin\n|turn|1\n|inactive|Battle timer is ON: inactive players will automatically lose when time's up. (requested by Arcacagne)\n|inactive|ADtaiga has 60 seconds left.\n|\n|t:|1683963554\n|switch|p1a: Dragonite|Dragonite, L50, M|100\/100\n|-terastallize|p1b: Orthworm|Fire\n|-terastallize|p2b: Iron Hands|Grass\n|move|p1b: Orthworm|Shed Tail|p1b: Orthworm\n|-start|p1b: Orthworm|Substitute|[from] move: Shed Tail\n|-damage|p1b: Orthworm|50\/100\n|-enditem|p1b: Orthworm|Sitrus Berry|[eat]\n|-heal|p1b: Orthworm|75\/100|[from] item: Sitrus Berry\n|\n|t:|1683963566\n|switch|p1b: Ting-Lu|Ting-Lu, L50|100\/100|[from] Shed Tail\n|-ability|p1b: Ting-Lu|Vessel of Ruin\n|move|p2b: Iron Hands|Swords Dance|p2b: Iron Hands\n|-boost|p2b: Iron Hands|atk|2\n|move|p2a: Amoonguss|Spore|p1a: Dragonite\n|-status|p1a: Dragonite|slp|[from] move: Spore\n|-enditem|p1a: Dragonite|Lum Berry|[eat]\n|-curestatus|p1a: Dragonite|slp|[msg]\n|\n|upkeep\n|turn|2\n|inactive|ADtaiga has 30 seconds left.\n|inactive|Arcacagne has 30 seconds left.\n|inactive|ADtaiga has 20 seconds left.\n|inactive|ADtaiga has 15 seconds left.\n|inactive|ADtaiga has 10 seconds left.\n|\n|t:|1683963614\n|switch|p1a: Orthworm|Orthworm, L50, M, tera:Fire|75\/100\n|move|p1b: Ting-Lu|Earthquake|p2b: Iron Hands|[spread] p2a,p2b\n|-heal|p1a: Orthworm|100\/100|[from] ability: Earth Eater|[of] p1b: Ting-Lu\n|-resisted|p2b: Iron Hands\n|-damage|p2a: Amoonguss|71\/100\n|-damage|p2b: Iron Hands|91\/100\n|move|p2b: Iron Hands|Drain Punch|p1b: Ting-Lu\n|-supereffective|p1b: Ting-Lu\n|-end|p1b: Ting-Lu|Substitute\n|-heal|p2b: Iron Hands|99\/100|[from] drain|[of] p1b: Ting-Lu\n|move|p2a: Amoonguss|Spore|p1a: Orthworm\n|-status|p1a: Orthworm|slp|[from] move: Spore\n|\n|upkeep\n|turn|3\n|inactive|ADtaiga has 30 seconds left.\n|inactive|Arcacagne has 30 seconds left.\n|inactive|ADtaiga has 20 seconds left.\n|inactive|ADtaiga has 15 seconds left.\n|inactive|ADtaiga has 10 seconds left.\n|\n|t:|1683963659\n|move|p1b: Ting-Lu|Ruination|p2b: Iron Hands\n|-damage|p2b: Iron Hands|50\/100\n|cant|p1a: Orthworm|slp\n|move|p2b: Iron Hands|Drain Punch|p1a: Orthworm\n|-damage|p1a: Orthworm|54\/100 slp\n|-heal|p2b: Iron Hands|66\/100|[from] drain|[of] p1a: Orthworm\n|move|p2a: Amoonguss|Spore|p1b: Ting-Lu\n|-status|p1b: Ting-Lu|slp|[from] move: Spore\n|\n|upkeep\n|turn|4\n|inactive|ADtaiga has 30 seconds left.\n|\n|t:|1683963692\n|switch|p1b: Flutter Mane|Flutter Mane, L50|100\/100\n|-enditem|p1b: Flutter Mane|Booster Energy\n|-activate|p1b: Flutter Mane|ability: Protosynthesis|[fromitem]\n|-start|p1b: Flutter Mane|protosynthesisspa\n|switch|p2a: Gyarados|Gyarados, L50, M|100\/100\n|-ability|p2a: Gyarados|Intimidate|boost\n|-unboost|p1a: Orthworm|atk|1\n|-unboost|p1b: Flutter Mane|atk|1\n|cant|p1a: Orthworm|slp\n|move|p2b: Iron Hands|Drain Punch|p1b: Flutter Mane\n|-immune|p1b: Flutter Mane\n|\n|upkeep\n|turn|5\n|inactive|ADtaiga has 30 seconds left.\n|\n|t:|1683963717\n|move|p1b: Flutter Mane|Moonblast|p2b: Iron Hands\n|-damage|p2b: Iron Hands|28\/100\n|-unboost|p2b: Iron Hands|spa|1\n|move|p2a: Gyarados|Thunder Wave|p1b: Flutter Mane\n|-status|p1b: Flutter Mane|par\n|-curestatus|p1a: Orthworm|slp|[msg]\n|move|p1a: Orthworm|Shed Tail|p1a: Orthworm\n|-start|p1a: Orthworm|Substitute|[from] move: Shed Tail\n|-damage|p1a: Orthworm|4\/100\n|\n|t:|1683963736\n|switch|p1a: Dragonite|Dragonite, L50, M|100\/100|[from] Shed Tail\n|move|p2b: Iron Hands|Drain Punch|p1a: Dragonite\n|-resisted|p1a: Dragonite\n|-activate|p1a: Dragonite|move: Substitute|[damage]\n|-heal|p2b: Iron Hands|34\/100|[from] drain|[of] p1a: Dragonite\n|\n|upkeep\n|turn|6\n|inactive|ADtaiga has 30 seconds left.\n|\n|t:|1683963763\n|move|p1a: Dragonite|Dragon Dance|p1a: Dragonite\n|-boost|p1a: Dragonite|atk|1\n|-boost|p1a: Dragonite|spe|1\n|move|p2a: Gyarados|Waterfall|p1b: Flutter Mane\n|-damage|p1b: Flutter Mane|55\/100 par\n|cant|p1b: Flutter Mane|par\n|move|p2b: Iron Hands|Thunder Punch|p1a: Dragonite\n|-end|p1a: Dragonite|Substitute\n|\n|upkeep\n|turn|7\n|inactive|Arcacagne has 30 seconds left.\n|\n|t:|1683963788\n|move|p1a: Dragonite|Extreme Speed|p2b: Iron Hands\n|-damage|p2b: Iron Hands|8\/100\n|move|p2a: Gyarados|Waterfall|p1b: Flutter Mane\n|-damage|p1b: Flutter Mane|3\/100 par\n|move|p1b: Flutter Mane|Moonblast|p2b: Iron Hands\n|-damage|p2b: Iron Hands|0 fnt\n|faint|p2b: Iron Hands\n|-end|p2b: Iron Hands|Quark Drive|[silent]\n|\n|upkeep\n|\n|t:|1683963800\n|switch|p2b: Chi-Yu|Chi-Yu, L50|100\/100\n|-ability|p2b: Chi-Yu|Beads of Ruin\n|turn|8\n|\n|t:|1683963810\n|-end|p1b: Flutter Mane|Protosynthesis|[silent]\n|switch|p1b: Orthworm|Orthworm, L50, M, tera:Fire|4\/100\n|move|p2b: Chi-Yu|Protect|p2b: Chi-Yu\n|-singleturn|p2b: Chi-Yu|Protect\n|move|p1a: Dragonite|Earthquake|p2b: Chi-Yu|[spread] \n|-activate|p2b: Chi-Yu|move: Protect\n|-heal|p1b: Orthworm|29\/100|[from] ability: Earth Eater|[of] p1a: Dragonite\n|-immune|p2a: Gyarados\n|move|p2a: Gyarados|Thunder Wave|p1a: Dragonite\n|-status|p1a: Dragonite|par\n|\n|upkeep\n|turn|9\n|\n|t:|1683963828\n|move|p2b: Chi-Yu|Dark Pulse|p1a: Dragonite\n|-damage|p1a: Dragonite|74\/100 par\n|move|p2a: Gyarados|Waterfall|p1b: Orthworm\n|-supereffective|p1b: Orthworm\n|-crit|p1b: Orthworm\n|-damage|p1b: Orthworm|0 fnt\n|faint|p1b: Orthworm\n|move|p1a: Dragonite|Earthquake|p2b: Chi-Yu|[spread] p2b\n|-immune|p2a: Gyarados\n|-supereffective|p2b: Chi-Yu\n|-enditem|p2b: Chi-Yu|Focus Sash\n|-damage|p2b: Chi-Yu|1\/100\n|\n|upkeep\n|\n|t:|1683963849\n|switch|p1b: Flutter Mane|Flutter Mane, L50|3\/100 par\n|turn|10\n|\n|t:|1683963859\n|cant|p1b: Flutter Mane|par\n|cant|p1a: Dragonite|par\n|move|p2b: Chi-Yu|Heat Wave|p1b: Flutter Mane|[spread] p1a\n|-miss|p2b: Chi-Yu|p1b: Flutter Mane\n|-resisted|p1a: Dragonite\n|-damage|p1a: Dragonite|49\/100 par\n|move|p2a: Gyarados|Waterfall|p1a: Dragonite\n|-resisted|p1a: Dragonite\n|-damage|p1a: Dragonite|32\/100 par\n|\n|upkeep\n|turn|11\n|\n|t:|1683963873\n|move|p1b: Flutter Mane|Protect|p1b: Flutter Mane\n|-singleturn|p1b: Flutter Mane|Protect\n|cant|p1a: Dragonite|par\n|move|p2b: Chi-Yu|Heat Wave|p1a: Dragonite|[spread] \n|-activate|p1b: Flutter Mane|move: Protect\n|-miss|p2b: Chi-Yu|p1a: Dragonite\n|move|p2a: Gyarados|Waterfall|p1a: Dragonite\n|-resisted|p1a: Dragonite\n|-damage|p1a: Dragonite|15\/100 par\n|\n|upkeep\n|turn|12\n|inactive|ADtaiga has 30 seconds left.\n|\n|t:|1683963906\n|-end|p1b: Flutter Mane|Protosynthesis|[silent]\n|switch|p1b: Ting-Lu|Ting-Lu, L50|100\/100 slp\n|-ability|p1b: Ting-Lu|Vessel of Ruin\n|cant|p1a: Dragonite|par\n|move|p2b: Chi-Yu|Heat Wave|p1a: Dragonite|[spread] p1a\n|-miss|p2b: Chi-Yu|p1b: Ting-Lu\n|-resisted|p1a: Dragonite\n|-damage|p1a: Dragonite|0 fnt\n|faint|p1a: Dragonite\n|move|p2a: Gyarados|Waterfall|p1b: Ting-Lu\n|-supereffective|p1b: Ting-Lu\n|-damage|p1b: Ting-Lu|56\/100 slp\n|\n|upkeep\n|\n|t:|1683963919\n|switch|p1a: Flutter Mane|Flutter Mane, L50|3\/100 par\n|turn|13\n|\n|t:|1683963936\n|move|p2b: Chi-Yu|Heat Wave|p1a: Flutter Mane|[spread] p1a,p1b\n|-damage|p1a: Flutter Mane|0 fnt\n|-damage|p1b: Ting-Lu|38\/100 slp\n|faint|p1a: Flutter Mane\n|-end|p1a: Flutter Mane|Protosynthesis|[silent]\n|move|p2a: Gyarados|Waterfall|p1b: Ting-Lu\n|-supereffective|p1b: Ting-Lu\n|-damage|p1b: Ting-Lu|0 fnt\n|faint|p1b: Ting-Lu\n|\n|win|Arcacagne\n|raw|ADtaiga's rating: 1227 → 1203<\/strong> (-24 for losing)\n|raw|Arcacagne's rating: 1247 → 1271<\/strong> (+24 for winning)\n|c|\u2606Arcacagne|gg\n|l|\u2606ADtaiga\n","uploadtime":1683963946,"views":11,"p1id":"adtaiga","p2id":"arcacagne","formatid":"gen9vgc2023regulationc","rating":1203,"private":0,"password":""}