{"id":"gen9vgc2023regulationc-1862072850","p1":"mythical weavile","p2":"yisus2902","format":"[Gen 9] VGC 2023 Regulation C","log":"|j|\u2606mythical weavile\n|j|\u2606yisus2902\n|t:|1683834244\n|gametype|doubles\n|player|p1|mythical weavile|1|1382\n|player|p2|yisus2902|266|1419\n|teamsize|p1|6\n|teamsize|p2|6\n|gen|9\n|tier|[Gen 9] VGC 2023 Regulation C\n|rated|\n|rule|Species Clause: Limit one of each Pok\u00e9mon\n|rule|Item Clause: Limit one of each item\n|clearpoke\n|poke|p1|Orthworm, L50, M|\n|poke|p1|Garchomp, L50, M|\n|poke|p1|Talonflame, L50, M|\n|poke|p1|Ting-Lu, L50|\n|poke|p1|Gyarados, L50, F|\n|poke|p1|Chien-Pao, L50|\n|poke|p2|Farigiraf, L50, M|\n|poke|p2|Garchomp, L50, F|\n|poke|p2|Amoonguss, L50, F|\n|poke|p2|Torkoal, L50, F|\n|poke|p2|Hariyama, L50, M|\n|poke|p2|Palafin, L50, F|\n|teampreview|4\n|inactive|Battle timer is ON: inactive players will automatically lose when time's up. (requested by yisus2902)\n|inactive|mythical weavile also wants the timer to be on.\n|inactive|mythical weavile has 60 seconds left.\n|\n|t:|1683834280\n|start\n|switch|p1a: big fishy|Gyarados, L50, F|100\/100\n|switch|p1b: Garchomp|Garchomp, L50, M|100\/100\n|switch|p2a: Hariyama|Hariyama, L50, M|100\/100\n|switch|p2b: Farigiraf|Farigiraf, L50, M|100\/100\n|-ability|p1a: big fishy|Intimidate|boost\n|-unboost|p2a: Hariyama|atk|1\n|-unboost|p2b: Farigiraf|atk|1\n|turn|1\n|inactive|mythical weavile has 30 seconds left.\n|\n|t:|1683834308\n|move|p2a: Hariyama|Fake Out|p1b: Garchomp\n|-damage|p1b: Garchomp|90\/100\n|-damage|p2a: Hariyama|88\/100|[from] ability: Rough Skin|[of] p1b: Garchomp\n|cant|p1b: Garchomp|flinch\n|move|p1a: big fishy|Thunder Wave|p2a: Hariyama\n|-status|p2a: Hariyama|par\n|move|p2b: Farigiraf|Trick Room|p2b: Farigiraf\n|-fieldstart|move: Trick Room|[of] p2b: Farigiraf\n|\n|upkeep\n|turn|2\n|inactive|mythical weavile has 30 seconds left.\n|\n|t:|1683834340\n|switch|p1a: wormy boi|Orthworm, L50, M|100\/100\n|move|p1b: Garchomp|Protect|p1b: Garchomp\n|-singleturn|p1b: Garchomp|Protect\n|cant|p2a: Hariyama|par\n|move|p2b: Farigiraf|Hyper Voice|p1a: wormy boi|[spread] p1a\n|-activate|p1b: Garchomp|move: Protect\n|-resisted|p1a: wormy boi\n|-damage|p1a: wormy boi|81\/100\n|\n|upkeep\n|turn|3\n|\n|t:|1683834359\n|switch|p1a: big fishy|Gyarados, L50, F|100\/100\n|-ability|p1a: big fishy|Intimidate|boost\n|-unboost|p2a: Hariyama|atk|1\n|-unboost|p2b: Farigiraf|atk|1\n|cant|p2a: Hariyama|par\n|move|p2b: Farigiraf|Dazzling Gleam|p1a: big fishy|[spread] p1a,p1b\n|-supereffective|p1b: Garchomp\n|-crit|p1b: Garchomp\n|-damage|p1a: big fishy|82\/100\n|-damage|p1b: Garchomp|19\/100\n|move|p1b: Garchomp|Earthquake|p2b: Farigiraf|[spread] p2a,p2b\n|-immune|p1a: big fishy\n|-damage|p2a: Hariyama|44\/100 par\n|-damage|p2b: Farigiraf|61\/100\n|\n|upkeep\n|turn|4\n|\n|t:|1683834377\n|move|p1a: big fishy|Protect|p1a: big fishy\n|-singleturn|p1a: big fishy|Protect\n|move|p1b: Garchomp|Protect|p1b: Garchomp\n|-singleturn|p1b: Garchomp|Protect\n|move|p2a: Hariyama|Knock Off|p1a: big fishy\n|-activate|p1a: big fishy|move: Protect\n|move|p2b: Farigiraf|Hyper Voice|p1b: Garchomp|[spread] \n|-activate|p1a: big fishy|move: Protect\n|-activate|p1b: Garchomp|move: Protect\n|\n|upkeep\n|turn|5\n|\n|t:|1683834399\n|switch|p1b: wormy boi|Orthworm, L50, M|81\/100\n|move|p2a: Hariyama|Knock Off|p1a: big fishy\n|-damage|p1a: big fishy|57\/100\n|-enditem|p1a: big fishy|Safety Goggles|[from] move: Knock Off|[of] p2a: Hariyama\n|move|p2b: Farigiraf|Hyper Voice|p1a: big fishy|[spread] p1a,p1b\n|-resisted|p1b: wormy boi\n|-damage|p1a: big fishy|31\/100\n|-damage|p1b: wormy boi|62\/100\n|move|p1a: big fishy|Bulldoze|p2a: Hariyama|[spread] p2a,p2b\n|-heal|p1b: wormy boi|87\/100|[from] ability: Earth Eater|[of] p1a: big fishy\n|-damage|p2a: Hariyama|31\/100 par\n|-damage|p2b: Farigiraf|49\/100\n|-unboost|p2a: Hariyama|spe|1\n|-unboost|p2b: Farigiraf|spe|1\n|\n|-fieldend|move: Trick Room\n|upkeep\n|turn|6\n|inactive|mythical weavile has 30 seconds left.\n|\n|t:|1683834427\n|move|p2a: Hariyama|Wide Guard|p2a: Hariyama\n|-singleturn|p2a: Hariyama|Wide Guard\n|move|p1a: big fishy|Waterfall|p2a: Hariyama\n|-damage|p2a: Hariyama|0 fnt\n|faint|p2a: Hariyama\n|move|p1b: wormy boi|Body Press|p2b: Farigiraf\n|-damage|p2b: Farigiraf|20\/100\n|move|p2b: Farigiraf|Trick Room|p2b: Farigiraf\n|-fieldstart|move: Trick Room|[of] p2b: Farigiraf\n|\n|upkeep\n|\n|t:|1683834438\n|switch|p2a: Torkoal|Torkoal, L50, F, shiny|100\/100\n|-weather|SunnyDay|[from] ability: Drought|[of] p2a: Torkoal\n|turn|7\n|\n|t:|1683834459\n|-terastallize|p2a: Torkoal|Fire\n|move|p1a: big fishy|Protect|p1a: big fishy\n|-singleturn|p1a: big fishy|Protect\n|move|p2a: Torkoal|Eruption|p1b: wormy boi|[spread] p1b\n|-activate|p1a: big fishy|move: Protect\n|-supereffective|p1b: wormy boi\n|-damage|p1b: wormy boi|0 fnt\n|faint|p1b: wormy boi\n|move|p2b: Farigiraf|Hyper Voice|p1a: big fishy\n|-activate|p1a: big fishy|move: Protect\n|\n|-weather|SunnyDay|[upkeep]\n|upkeep\n|\n|t:|1683834467\n|switch|p1b: Ting-Lu|Ting-Lu, L50|100\/100\n|-ability|p1b: Ting-Lu|Vessel of Ruin\n|turn|8\n|\n|t:|1683834486\n|-terastallize|p1b: Ting-Lu|Water\n|move|p2a: Torkoal|Eruption|p1a: big fishy|[spread] p1a,p1b\n|-resisted|p1a: big fishy\n|-resisted|p1b: Ting-Lu\n|-damage|p1a: big fishy|0 fnt\n|-damage|p1b: Ting-Lu|80\/100\n|faint|p1a: big fishy\n|move|p2b: Farigiraf|Dazzling Gleam|p1b: Ting-Lu\n|-damage|p1b: Ting-Lu|70\/100\n|move|p1b: Ting-Lu|Earthquake|p2b: Farigiraf|[spread] p2a,p2b\n|-supereffective|p2a: Torkoal\n|-damage|p2a: Torkoal|45\/100\n|-damage|p2b: Farigiraf|0 fnt\n|faint|p2b: Farigiraf\n|\n|-weather|SunnyDay|[upkeep]\n|upkeep\n|\n|t:|1683834502\n|switch|p2b: Amoonguss|Amoonguss, L50, F|100\/100\n|switch|p1a: Garchomp|Garchomp, L50, M|19\/100\n|turn|9\n|\n|t:|1683834514\n|move|p1a: Garchomp|Protect|p1a: Garchomp\n|-singleturn|p1a: Garchomp|Protect\n|move|p2a: Torkoal|Heat Wave|p1a: Garchomp|[spread] p1b\n|-activate|p1a: Garchomp|move: Protect\n|-resisted|p1b: Ting-Lu\n|-damage|p1b: Ting-Lu|56\/100\n|-status|p1b: Ting-Lu|brn\n|move|p2b: Amoonguss|Spore||[still]\n|-fail|p2b: Amoonguss\n|move|p1b: Ting-Lu|Earthquake|p2a: Torkoal|[spread] p2a,p2b\n|-activate|p1a: Garchomp|move: Protect\n|-supereffective|p2a: Torkoal\n|-damage|p2a: Torkoal|21\/100\n|-damage|p2b: Amoonguss|87\/100\n|\n|-weather|SunnyDay|[upkeep]\n|-damage|p1b: Ting-Lu|50\/100 brn|[from] brn\n|upkeep\n|turn|10\n|inactive|mythical weavile has 30 seconds left.\n|inactive|yisus2902 has 30 seconds left.\n|inactive|mythical weavile has 20 seconds left.\n|\n|t:|1683834554\n|move|p2a: Torkoal|Heat Wave|p1b: Ting-Lu|[spread] p1a,p1b\n|-resisted|p1a: Garchomp\n|-resisted|p1b: Ting-Lu\n|-crit|p1b: Ting-Lu\n|-damage|p1a: Garchomp|0 fnt\n|-damage|p1b: Ting-Lu|30\/100 brn\n|faint|p1a: Garchomp\n|move|p2b: Amoonguss|Pollen Puff|p2a: Torkoal\n|-heal|p2a: Torkoal|71\/100\n|move|p1b: Ting-Lu|Earthquake|p2b: Amoonguss|[spread] p2a,p2b\n|-supereffective|p2a: Torkoal\n|-damage|p2a: Torkoal|44\/100\n|-damage|p2b: Amoonguss|73\/100\n|\n|-weather|SunnyDay|[upkeep]\n|-damage|p1b: Ting-Lu|24\/100 brn|[from] brn\n|-fieldend|move: Trick Room\n|upkeep\n|turn|11\n|-message|mythical weavile forfeited.\n|\n|win|yisus2902\n|raw|mythical weavile's rating: 1382 → 1364<\/strong> (-18 for losing)\n|raw|yisus2902's rating: 1419 → 1437<\/strong> (+18 for winning)\n|l|\u2606mythical weavile\n","uploadtime":1683834577,"views":10,"p1id":"mythicalweavile","p2id":"yisus2902","formatid":"gen9vgc2023regulationc","rating":1364,"private":0,"password":""}