{"id":"gen9vgc2023regulationc-1861531098","p1":"RonJohn","p2":"SailorClefable","format":"[Gen 9] VGC 2023 Regulation C","log":"|j|\u2606RonJohn\n|j|\u2606SailorClefable\n|t:|1683769455\n|gametype|doubles\n|player|p1|RonJohn|266|1148\n|player|p2|SailorClefable|shauntal|1128\n|teamsize|p1|6\n|teamsize|p2|6\n|gen|9\n|tier|[Gen 9] VGC 2023 Regulation C\n|rated|\n|rule|Species Clause: Limit one of each Pok\u00e9mon\n|rule|Item Clause: Limit one of each item\n|clearpoke\n|poke|p1|Flutter Mane, L50|\n|poke|p1|Orthworm, L50, F|\n|poke|p1|Dragonite, L50, M|\n|poke|p1|Amoonguss, L50, F|\n|poke|p1|Gyarados, L50, M|\n|poke|p1|Ting-Lu, L50|\n|poke|p2|Orthworm, L50, M|\n|poke|p2|Ting-Lu, L50|\n|poke|p2|Dragonite, L50, F|\n|poke|p2|Murkrow, L50, F|\n|poke|p2|Flutter Mane, L50|\n|poke|p2|Rotom-Wash, L50|\n|teampreview|4\nRonJohn has agreed to open team sheets.\n|inactive|Battle timer is ON: inactive players will automatically lose when time's up. (requested by SailorClefable)\n|\n|t:|1683769503\n|start\n|switch|p1a: Gyarados|Gyarados, L50, M|100\/100\n|switch|p1b: Ting-Lu|Ting-Lu, L50|100\/100\n|switch|p2a: Murkrow|Murkrow, L50, F, shiny|100\/100\n|switch|p2b: Flutter Mane|Flutter Mane, L50|100\/100\n|-ability|p1a: Gyarados|Intimidate|boost\n|-unboost|p2a: Murkrow|atk|1\n|-unboost|p2b: Flutter Mane|atk|1\n|-ability|p1b: Ting-Lu|Vessel of Ruin\n|turn|1\n|inactive|RonJohn has 30 seconds left.\n|inactive|RonJohn has 20 seconds left.\n|\n|t:|1683769540\n|switch|p1a: Amoonguss|Amoonguss, L50, F|100\/100\n|move|p2a: Murkrow|Tailwind|p2a: Murkrow\n|-sidestart|p2: SailorClefable|move: Tailwind\n|move|p2b: Flutter Mane|Moonblast|p1b: Ting-Lu\n|-supereffective|p1b: Ting-Lu\n|-damage|p1b: Ting-Lu|58\/100\n|move|p1b: Ting-Lu|Heavy Slam|p2b: Flutter Mane\n|-supereffective|p2b: Flutter Mane\n|-damage|p2b: Flutter Mane|0 fnt\n|faint|p2b: Flutter Mane\n|-end|p2b: Flutter Mane|Protosynthesis|[silent]\n|\n|upkeep\n|\n|t:|1683769557\n|switch|p2b: Ting-Lu|Ting-Lu, L50|100\/100\n|-ability|p2b: Ting-Lu|Vessel of Ruin\n|turn|2\n|inactive|RonJohn has 30 seconds left.\n|\n|t:|1683769590\n|switch|p2a: Orthworm|Orthworm, L50, M|100\/100\n|switch|p1b: Gyarados|Gyarados, L50, M|100\/100\n|-ability|p1b: Gyarados|Intimidate|boost\n|-unboost|p2a: Orthworm|atk|1\n|-unboost|p2b: Ting-Lu|atk|1\n|move|p2b: Ting-Lu|Earthquake|p1b: Gyarados|[spread] p1a\n|-immune|p2a: Orthworm|[from] ability: Earth Eater\n|-immune|p1b: Gyarados\n|-damage|p1a: Amoonguss|71\/100\n|move|p1a: Amoonguss|Spore|p2a: Orthworm\n|-status|p2a: Orthworm|slp|[from] move: Spore\n|\n|-heal|p1a: Amoonguss|77\/100|[from] item: Leftovers\n|upkeep\n|turn|3\n|inactive|RonJohn has 30 seconds left.\n|inactive|SailorClefable has 30 seconds left.\n|inactive|RonJohn has 20 seconds left.\n|inactive|SailorClefable has 20 seconds left.\n|inactive|RonJohn has 15 seconds left.\n|inactive|SailorClefable has 15 seconds left.\n|inactive|SailorClefable has 10 seconds left.\n|inactive|SailorClefable has 5 seconds left.\n|\n|t:|1683769645\n|-terastallize|p1b: Gyarados|Water\n|cant|p2a: Orthworm|slp\n|move|p2b: Ting-Lu|Earthquake|p1b: Gyarados|[spread] p1a,p1b\n|-immune|p2a: Orthworm|[from] ability: Earth Eater\n|-damage|p1a: Amoonguss|43\/100\n|-damage|p1b: Gyarados|63\/100\n|move|p1b: Gyarados|Waterfall|p2b: Ting-Lu\n|-supereffective|p2b: Ting-Lu\n|-damage|p2b: Ting-Lu|46\/100\n|move|p1a: Amoonguss|Spore|p2b: Ting-Lu\n|-status|p2b: Ting-Lu|slp|[from] move: Spore\n|\n|-heal|p1a: Amoonguss|49\/100|[from] item: Leftovers\n|upkeep\n|turn|4\n|\n|t:|1683769669\n|-terastallize|p2b: Ting-Lu|Water\n|cant|p2a: Orthworm|slp\n|cant|p2b: Ting-Lu|slp\n|move|p1b: Gyarados|Waterfall|p2b: Ting-Lu\n|-resisted|p2b: Ting-Lu\n|-damage|p2b: Ting-Lu|30\/100 slp\n|move|p1a: Amoonguss|Pollen Puff|p1b: Gyarados\n|-heal|p1b: Gyarados|100\/100\n|\n|-heal|p1a: Amoonguss|55\/100|[from] item: Leftovers\n|-sideend|p2: SailorClefable|move: Tailwind\n|upkeep\n|turn|5\n|inactive|RonJohn has 30 seconds left.\n|\n|t:|1683769701\n|switch|p1b: Flutter Mane|Flutter Mane, L50|100\/100\n|-curestatus|p2a: Orthworm|slp|[msg]\n|move|p2a: Orthworm|Iron Defense|p2a: Orthworm\n|-boost|p2a: Orthworm|def|2\n|-curestatus|p2b: Ting-Lu|slp|[msg]\n|move|p2b: Ting-Lu|Earthquake|p1b: Flutter Mane|[spread] p1a,p1b\n|-immune|p2a: Orthworm|[from] ability: Earth Eater\n|-damage|p1a: Amoonguss|27\/100\n|-damage|p1b: Flutter Mane|20\/100\n|move|p1a: Amoonguss|Pollen Puff|p2b: Ting-Lu\n|-damage|p2b: Ting-Lu|19\/100\n|\n|-heal|p1a: Amoonguss|33\/100|[from] item: Leftovers\n|upkeep\n|turn|6\n|inactive|RonJohn has 30 seconds left.\n|inactive|SailorClefable has 30 seconds left.\n|inactive|RonJohn has 20 seconds left.\n|\n|t:|1683769737\n|switch|p1a: Gyarados|Gyarados, L50, M, tera:Water|100\/100\n|-ability|p1a: Gyarados|Intimidate|boost\n|-unboost|p2a: Orthworm|atk|1\n|-unboost|p2b: Ting-Lu|atk|1\n|move|p1b: Flutter Mane|Dazzling Gleam|p2b: Ting-Lu|[spread] p2a,p2b\n|-resisted|p2a: Orthworm\n|-damage|p2a: Orthworm|82\/100\n|-damage|p2b: Ting-Lu|0 fnt\n|faint|p2b: Ting-Lu\n|move|p2a: Orthworm|Body Press|p1a: Gyarados\n|-damage|p1a: Gyarados|48\/100\n|\n|upkeep\n|\n|t:|1683769754\n|switch|p2b: Murkrow|Murkrow, L50, F, shiny|100\/100\n|turn|7\n|\n|t:|1683769778\n|-end|p1b: Flutter Mane|Protosynthesis|[silent]\n|switch|p1b: Ting-Lu|Ting-Lu, L50|58\/100\n|-ability|p1b: Ting-Lu|Vessel of Ruin\n|move|p2b: Murkrow|Foul Play|p1a: Gyarados\n|-damage|p1a: Gyarados|3\/100\n|move|p1a: Gyarados|Thunder Wave|p2b: Murkrow\n|-status|p2b: Murkrow|par\n|move|p2a: Orthworm|Heavy Slam|p1b: Ting-Lu\n|-damage|p1b: Ting-Lu|54\/100\n|\n|upkeep\n|turn|8\n|inactive|RonJohn has 30 seconds left.\n|inactive|RonJohn has 20 seconds left.\n|inactive|RonJohn has 15 seconds left.\n|\n|t:|1683769821\n|move|p1a: Gyarados|Taunt|p2b: Murkrow\n|-start|p2b: Murkrow|move: Taunt\n|move|p1b: Ting-Lu|Rock Slide|p2a: Orthworm|[spread] p2b\n|-miss|p1b: Ting-Lu|p2a: Orthworm\n|-supereffective|p2b: Murkrow\n|-damage|p2b: Murkrow|55\/100 par\n|move|p2a: Orthworm|Iron Defense|p2a: Orthworm\n|-boost|p2a: Orthworm|def|2\n|cant|p2b: Murkrow|flinch\n|\n|upkeep\n|turn|9\n|\n|t:|1683769841\n|move|p1a: Gyarados|Taunt|p2a: Orthworm\n|-start|p2a: Orthworm|move: Taunt\n|move|p1b: Ting-Lu|Rock Slide|p2b: Murkrow|[spread] p2a,p2b\n|-resisted|p2a: Orthworm\n|-supereffective|p2b: Murkrow\n|-damage|p2a: Orthworm|79\/100\n|-damage|p2b: Murkrow|9\/100 par\n|move|p2a: Orthworm|Body Press|p1b: Ting-Lu\n|-supereffective|p1b: Ting-Lu\n|-damage|p1b: Ting-Lu|0 fnt\n|faint|p1b: Ting-Lu\n|cant|p2b: Murkrow|flinch\n|\n|upkeep\n|\n|t:|1683769856\n|switch|p1b: Amoonguss|Amoonguss, L50, F|66\/100\n|turn|10\n|inactive|RonJohn has 30 seconds left.\n|\n|t:|1683769884\n|move|p1a: Gyarados|Waterfall|p2b: Murkrow\n|-crit|p2b: Murkrow\n|-damage|p2b: Murkrow|0 fnt\n|faint|p2b: Murkrow\n|move|p2a: Orthworm|Body Press|p1b: Amoonguss\n|-resisted|p1b: Amoonguss\n|-damage|p1b: Amoonguss|36\/100\n|move|p1b: Amoonguss|Clear Smog|p2a: Orthworm\n|-immune|p2a: Orthworm\n|\n|-heal|p1b: Amoonguss|42\/100|[from] item: Leftovers\n|upkeep\n|turn|11\n|\n|t:|1683769905\n|move|p1a: Gyarados|Waterfall|p2a: Orthworm\n|-damage|p2a: Orthworm|67\/100\n|move|p2a: Orthworm|Body Press|p1b: Amoonguss\n|-resisted|p1b: Amoonguss\n|-crit|p1b: Amoonguss\n|-damage|p1b: Amoonguss|0 fnt\n|faint|p1b: Amoonguss\n|\n|-end|p2a: Orthworm|move: Taunt\n|upkeep\n|\n|t:|1683769914\n|switch|p1b: Flutter Mane|Flutter Mane, L50|20\/100\n|turn|12\n|inactive|RonJohn has 30 seconds left.\n|inactive|RonJohn has 20 seconds left.\n|inactive|RonJohn has 15 seconds left.\n|\n|t:|1683769955\n|move|p1b: Flutter Mane|Shadow Ball|p2a: Orthworm\n|-damage|p2a: Orthworm|2\/100\n|-enditem|p2a: Orthworm|Sitrus Berry|[eat]\n|-heal|p2a: Orthworm|27\/100|[from] item: Sitrus Berry\n|move|p1a: Gyarados|Waterfall|p2a: Orthworm\n|-damage|p2a: Orthworm|15\/100\n|move|p2a: Orthworm|Heavy Slam|p1b: Flutter Mane\n|-supereffective|p1b: Flutter Mane\n|-damage|p1b: Flutter Mane|0 fnt\n|faint|p1b: Flutter Mane\n|-end|p1b: Flutter Mane|Protosynthesis|[silent]\n|\n|upkeep\n|turn|13\n|\n|t:|1683769974\n|move|p1a: Gyarados|Thunder Wave|p2a: Orthworm\n|-status|p2a: Orthworm|par\n|move|p2a: Orthworm|Body Press|p1a: Gyarados\n|-damage|p1a: Gyarados|0 fnt\n|faint|p1a: Gyarados\n|\n|win|SailorClefable\n|raw|RonJohn's rating: 1148 → 1122<\/strong> (-26 for losing)\n|raw|SailorClefable's rating: 1128 → 1154<\/strong> (+26 for winning)\n|c|\u2606RonJohn|dang gg\n","uploadtime":1683769987,"views":23,"p1id":"ronjohn","p2id":"sailorclefable","formatid":"gen9vgc2023regulationc","rating":1122,"private":0,"password":""}