{"id":"gen9vgc2023regulationc-1855742218","p1":"Dan22222","p2":"Inwaves22","format":"[Gen 9] VGC 2023 Regulation C","log":"|j|\u2606Dan22222\n|j|\u2606Inwaves22\n|t:|1682978934\n|gametype|doubles\n|player|p1|Dan22222|266|1265\n|player|p2|Inwaves22|falkner|1303\n|teamsize|p1|6\n|teamsize|p2|6\n|gen|9\n|tier|[Gen 9] VGC 2023 Regulation C\n|rated|\n|rule|Species Clause: Limit one of each Pok\u00e9mon\n|rule|Item Clause: Limit one of each item\n|clearpoke\n|poke|p1|Ting-Lu, L50|\n|poke|p1|Abomasnow, L50, M|\n|poke|p1|Flutter Mane, L50|\n|poke|p1|Iron Hands, L50|\n|poke|p1|Bronzong, L50|\n|poke|p1|Arcanine, L50, M|\n|poke|p2|Ceruledge, L50, M|\n|poke|p2|Lycanroc, L50, F|\n|poke|p2|Tyranitar, L50, F|\n|poke|p2|Iron Bundle, L50|\n|poke|p2|Dragonite, L50, M|\n|poke|p2|Sylveon, L50, M|\n|teampreview|4\n|inactive|Battle timer is ON: inactive players will automatically lose when time's up. (requested by Inwaves22)\n|\n|t:|1682978972\n|start\n|switch|p1a: Abomasnow|Abomasnow, L50, M|100\/100\n|switch|p1b: Bronzong|Bronzong, L50|100\/100\n|switch|p2a: Lycanroc|Lycanroc, L50, F, shiny|100\/100\n|switch|p2b: Tyranitar|Tyranitar, L50, F, shiny|100\/100\n|-weather|Sandstorm|[from] ability: Sand Stream|[of] p2b: Tyranitar\n|-weather|Snow|[from] ability: Snow Warning|[of] p1a: Abomasnow\n|turn|1\n|\n|t:|1682978994\n|switch|p2b: Ceruledge|Ceruledge, L50, M, shiny|100\/100\n|move|p2a: Lycanroc|Howl|p2a: Lycanroc|[spread] p2a,p2b\n|-boost|p2a: Lycanroc|atk|1\n|-boost|p2b: Ceruledge|atk|1\n|move|p1a: Abomasnow|Giga Drain|p2b: Ceruledge\n|-resisted|p2b: Ceruledge\n|-damage|p2b: Ceruledge|85\/100\n|move|p1b: Bronzong|Trick Room|p1b: Bronzong\n|-fieldstart|move: Trick Room|[of] p1b: Bronzong\n|\n|-weather|Snow|[upkeep]\n|upkeep\n|turn|2\n|\n|t:|1682979012\n|switch|p1a: Ting-Lu|Ting-Lu, L50|100\/100\n|-ability|p1a: Ting-Lu|Vessel of Ruin\n|-terastallize|p2b: Ceruledge|Grass\n|move|p1b: Bronzong|Safeguard|p1b: Bronzong\n|-sidestart|p1: Dan22222|Safeguard\n|move|p2b: Ceruledge|Bitter Blade|p1a: Ting-Lu\n|-damage|p1a: Ting-Lu|53\/100\n|-heal|p2b: Ceruledge|100\/100|[from] drain|[of] p1a: Ting-Lu\n|move|p2a: Lycanroc|Howl|p2a: Lycanroc|[spread] p2a,p2b\n|-boost|p2a: Lycanroc|atk|1\n|-boost|p2b: Ceruledge|atk|1\n|\n|-weather|Snow|[upkeep]\n|upkeep\n|turn|3\n|inactive|Dan22222 has 30 seconds left.\n|\n|t:|1682979044\n|-terastallize|p1a: Ting-Lu|Ground\n|move|p1b: Bronzong|Gyro Ball|p2a: Lycanroc\n|-supereffective|p2a: Lycanroc\n|-enditem|p2a: Lycanroc|Focus Sash\n|-damage|p2a: Lycanroc|1\/100\n|move|p1a: Ting-Lu|Earthquake|p2a: Lycanroc|[spread] p2a,p2b\n|-immune|p1b: Bronzong|[from] ability: Levitate\n|-supereffective|p2a: Lycanroc\n|-resisted|p2b: Ceruledge\n|-damage|p2a: Lycanroc|0 fnt\n|-damage|p2b: Ceruledge|58\/100\n|faint|p2a: Lycanroc\n|move|p2b: Ceruledge|Bitter Blade|p1b: Bronzong\n|-supereffective|p1b: Bronzong\n|-damage|p1b: Bronzong|0 fnt\n|-heal|p2b: Ceruledge|100\/100|[from] drain|[of] p1b: Bronzong\n|faint|p1b: Bronzong\n|\n|-weather|Snow|[upkeep]\n|upkeep\n|\n|t:|1682979062\n|switch|p1b: Abomasnow|Abomasnow, L50, M|100\/100\n|switch|p2a: Iron Bundle|Iron Bundle, L50, shiny|100\/100\n|-enditem|p2a: Iron Bundle|Booster Energy\n|-activate|p2a: Iron Bundle|ability: Quark Drive|[fromitem]\n|-start|p2a: Iron Bundle|quarkdrivespe\n|turn|4\n|\n|t:|1682979071\n|switch|p1a: Iron Hands|Iron Hands, L50|100\/100\n|move|p1b: Abomasnow|Blizzard|p2a: Iron Bundle|[spread] p2a,p2b\n|-resisted|p2a: Iron Bundle\n|-supereffective|p2b: Ceruledge\n|-damage|p2a: Iron Bundle|84\/100\n|-damage|p2b: Ceruledge|28\/100\n|move|p2b: Ceruledge|Bitter Blade|p1b: Abomasnow\n|-supereffective|p1b: Abomasnow\n|-damage|p1b: Abomasnow|0 fnt\n|-heal|p2b: Ceruledge|82\/100|[from] drain|[of] p1b: Abomasnow\n|faint|p1b: Abomasnow\n|move|p2a: Iron Bundle|Hydro Pump|p1a: Iron Hands\n|-damage|p1a: Iron Hands|73\/100\n|\n|-weather|Snow|[upkeep]\n|upkeep\n|\n|t:|1682979085\n|switch|p1b: Ting-Lu|Ting-Lu, L50, tera:Ground|53\/100\n|-ability|p1b: Ting-Lu|Vessel of Ruin\n|turn|5\n|inactive|Dan22222 has 30 seconds left.\n|\n|t:|1682979114\n|move|p1b: Ting-Lu|Rock Slide|p2a: Iron Bundle|[spread] p2a,p2b\n|-supereffective|p2a: Iron Bundle\n|-damage|p2a: Iron Bundle|39\/100\n|-damage|p2b: Ceruledge|46\/100\n|move|p1a: Iron Hands|Wild Charge|p2a: Iron Bundle\n|-supereffective|p2a: Iron Bundle\n|-damage|p2a: Iron Bundle|0 fnt\n|faint|p2a: Iron Bundle\n|-end|p2a: Iron Bundle|Quark Drive|[silent]\n|-damage|p1a: Iron Hands|67\/100|[from] Recoil\n|move|p2b: Ceruledge|Bitter Blade|p1a: Iron Hands\n|-damage|p1a: Iron Hands|0 fnt\n|-heal|p2b: Ceruledge|91\/100|[from] drain|[of] p1a: Iron Hands\n|faint|p1a: Iron Hands\n|-end|p1a: Iron Hands|Quark Drive|[silent]\n|\n|-weather|none\n|-fieldend|move: Trick Room\n|upkeep\n|\n|t:|1682979133\n|switch|p2a: Tyranitar|Tyranitar, L50, F, shiny|100\/100\n|-weather|Sandstorm|[from] ability: Sand Stream|[of] p2a: Tyranitar\n|turn|6\n|\n|t:|1682979143\n|move|p2b: Ceruledge|Shadow Sneak|p1b: Ting-Lu\n|-crit|p1b: Ting-Lu\n|-damage|p1b: Ting-Lu|13\/100\n|move|p2a: Tyranitar|Ice Punch|p1b: Ting-Lu\n|-supereffective|p1b: Ting-Lu\n|-damage|p1b: Ting-Lu|0 fnt\n|faint|p1b: Ting-Lu\n|\n|win|Inwaves22\n|raw|Dan22222's rating: 1265 → 1243<\/strong> (-22 for losing)\n|raw|Inwaves22's rating: 1303 → 1321<\/strong> (+18 for winning)\n","uploadtime":1682979151,"views":12,"p1id":"dan22222","p2id":"inwaves22","formatid":"gen9vgc2023regulationc","rating":1243,"private":0,"password":""}