{"id":"gen9vgc2023regulationc-1851798149","p1":"DDKK5943","p2":"kirans","format":"[Gen 9] VGC 2023 Regulation C","log":"|j|\u2606DDKK5943\n|j|\u2606kirans\n|t:|1682485524\n|gametype|doubles\n|player|p1|DDKK5943|101|1796\n|player|p2|kirans|rood|1804\n|teamsize|p1|6\n|teamsize|p2|6\n|gen|9\n|tier|[Gen 9] VGC 2023 Regulation C\n|rated|\n|rule|Species Clause: Limit one of each Pok\u00e9mon\n|rule|Item Clause: Limit one of each item\n|clearpoke\n|poke|p1|Maushold, L50|\n|poke|p1|Annihilape, L50, M|\n|poke|p1|Iron Bundle, L50|\n|poke|p1|Corviknight, L50, M|\n|poke|p1|Ting-Lu, L50|\n|poke|p1|Flutter Mane, L50|\n|poke|p2|Gyarados, L50, M|\n|poke|p2|Iron Jugulis, L50|\n|poke|p2|Gholdengo, L50|\n|poke|p2|Chien-Pao, L50|\n|poke|p2|Garchomp, L50, F|\n|poke|p2|Azumarill, L50, M|\n|teampreview|4\n|\n|t:|1682485548\n|start\n|switch|p1a: Corviknight|Corviknight, L50, M|100\/100\n|switch|p1b: Ting-Lu|Ting-Lu, L50|100\/100\n|switch|p2a: Gholdengo|Gholdengo, L50|100\/100\n|switch|p2b: Iron Jugulis|Iron Jugulis, L50|100\/100\n|-ability|p1b: Ting-Lu|Vessel of Ruin\n|-enditem|p2b: Iron Jugulis|Booster Energy\n|-activate|p2b: Iron Jugulis|ability: Quark Drive|[fromitem]\n|-start|p2b: Iron Jugulis|quarkdrivespe\n|turn|1\n|j| balnam\n|\n|t:|1682485573\n|move|p2b: Iron Jugulis|Air Slash|p1b: Ting-Lu\n|-damage|p1b: Ting-Lu|87\/100\n|move|p1a: Corviknight|Tailwind|p1a: Corviknight\n|-sidestart|p1: DDKK5943|move: Tailwind\n|move|p1b: Ting-Lu|Ruination|p2a: Gholdengo\n|-damage|p2a: Gholdengo|51\/100\n|move|p2a: Gholdengo|Trick|p1a: Corviknight\n|-activate|p2a: Gholdengo|move: Trick|[of] p1a: Corviknight\n|-item|p1a: Corviknight|Choice Specs|[from] move: Trick\n|-item|p2a: Gholdengo|Occa Berry|[from] move: Trick\n|\n|upkeep\n|turn|2\n|\n|t:|1682485599\n|switch|p2a: Azumarill|Azumarill, L50, M|100\/100\n|move|p1a: Corviknight|Brave Bird|p2a: Azumarill\n|-damage|p2a: Azumarill|60\/100\n|-damage|p1a: Corviknight|88\/100|[from] Recoil\n|move|p2b: Iron Jugulis|Air Slash|p1b: Ting-Lu\n|-damage|p1b: Ting-Lu|75\/100\n|move|p1b: Ting-Lu|Rock Slide|p2b: Iron Jugulis|[spread] p2b\n|-miss|p1b: Ting-Lu|p2a: Azumarill\n|-supereffective|p2b: Iron Jugulis\n|-damage|p2b: Iron Jugulis|60\/100\n|\n|upkeep\n|turn|3\n|\n|t:|1682485617\n|-terastallize|p1b: Ting-Lu|Poison\n|move|p1a: Corviknight|Brave Bird|p2a: Azumarill\n|-damage|p2a: Azumarill|22\/100\n|-damage|p1a: Corviknight|76\/100|[from] Recoil\n|move|p2b: Iron Jugulis|Tailwind|p2b: Iron Jugulis\n|-sidestart|p2: kirans|move: Tailwind\n|move|p2a: Azumarill|Liquidation|p1a: Corviknight\n|-damage|p1a: Corviknight|36\/100\n|move|p1b: Ting-Lu|Rock Slide|p2b: Iron Jugulis|[spread] p2b\n|-miss|p1b: Ting-Lu|p2a: Azumarill\n|-supereffective|p2b: Iron Jugulis\n|-damage|p2b: Iron Jugulis|25\/100\n|\n|upkeep\n|turn|4\n|\n|t:|1682485641\n|switch|p2a: Gholdengo|Gholdengo, L50|51\/100\n|move|p2b: Iron Jugulis|Protect|p2b: Iron Jugulis\n|-singleturn|p2b: Iron Jugulis|Protect\n|move|p1a: Corviknight|Brave Bird|p2a: Gholdengo\n|-resisted|p2a: Gholdengo\n|-damage|p2a: Gholdengo|35\/100\n|-damage|p1a: Corviknight|31\/100|[from] Recoil\n|move|p1b: Ting-Lu|Rock Slide|p2a: Gholdengo|[spread] p2a\n|-activate|p2b: Iron Jugulis|move: Protect\n|-resisted|p2a: Gholdengo\n|-damage|p2a: Gholdengo|27\/100\n|\n|-sideend|p1: DDKK5943|move: Tailwind\n|upkeep\n|turn|5\n|\n|t:|1682485658\n|move|p2b: Iron Jugulis|Air Slash|p1a: Corviknight\n|-resisted|p1a: Corviknight\n|-damage|p1a: Corviknight|20\/100\n|move|p2a: Gholdengo|Make It Rain|p1a: Corviknight|[spread] p1a,p1b\n|-resisted|p1a: Corviknight\n|-damage|p1a: Corviknight|2\/100\n|-damage|p1b: Ting-Lu|56\/100\n|-unboost|p2a: Gholdengo|spa|1\n|move|p1a: Corviknight|Brave Bird|p2b: Iron Jugulis\n|-damage|p2b: Iron Jugulis|0 fnt\n|faint|p2b: Iron Jugulis\n|-end|p2b: Iron Jugulis|Quark Drive|[silent]\n|-damage|p1a: Corviknight|0 fnt|[from] Recoil\n|faint|p1a: Corviknight\n|move|p1b: Ting-Lu|Earthquake|p2a: Gholdengo\n|-supereffective|p2a: Gholdengo\n|-damage|p2a: Gholdengo|0 fnt\n|faint|p2a: Gholdengo\n|\n|upkeep\n|\n|t:|1682485667\n|switch|p2b: Azumarill|Azumarill, L50, M|22\/100\n|switch|p1a: Iron Bundle|Iron Bundle, L50|100\/100\n|switch|p2a: Garchomp|Garchomp, L50, F|100\/100\n|-enditem|p1a: Iron Bundle|Booster Energy\n|-activate|p1a: Iron Bundle|ability: Quark Drive|[fromitem]\n|-start|p1a: Iron Bundle|quarkdrivespe\n|turn|6\n|\n|t:|1682485676\n|move|p1a: Iron Bundle|Protect|p1a: Iron Bundle\n|-singleturn|p1a: Iron Bundle|Protect\n|move|p2a: Garchomp|Stomping Tantrum|p1b: Ting-Lu\n|-supereffective|p1b: Ting-Lu\n|-damage|p1b: Ting-Lu|0 fnt\n|faint|p1b: Ting-Lu\n|-damage|p2a: Garchomp|91\/100|[from] item: Life Orb\n|move|p2b: Azumarill|Play Rough|p1a: Iron Bundle\n|-activate|p1a: Iron Bundle|move: Protect\n|\n|-sideend|p2: kirans|move: Tailwind\n|upkeep\n|\n|t:|1682485679\n|switch|p1b: Flutter Mane|Flutter Mane, L50|100\/100\n|turn|7\n|\n|t:|1682485701\n|-terastallize|p2a: Garchomp|Fire\n|move|p2b: Azumarill|Aqua Jet|p1b: Flutter Mane\n|-damage|p1b: Flutter Mane|58\/100\n|move|p1a: Iron Bundle|Freeze-Dry|p2b: Azumarill\n|-supereffective|p2b: Azumarill\n|-damage|p2b: Azumarill|0 fnt\n|faint|p2b: Azumarill\n|move|p1b: Flutter Mane|Shadow Ball|p2a: Garchomp\n|-damage|p2a: Garchomp|28\/100\n|move|p2a: Garchomp|Rock Slide|p1a: Iron Bundle|[spread] p1a,p1b\n|-supereffective|p1a: Iron Bundle\n|-damage|p1a: Iron Bundle|46\/100\n|-damage|p1b: Flutter Mane|8\/100\n|-damage|p2a: Garchomp|18\/100|[from] item: Life Orb\n|\n|upkeep\n|turn|8\n|-message|kirans forfeited.\n|\n|win|DDKK5943\n|raw|DDKK5943's rating: 1796 → 1816<\/strong> (+20 for winning)\n|raw|kirans's rating: 1804 → 1784<\/strong> (-20 for losing)\n|l|\u2606kirans\n|l|\u2606DDKK5943\n","uploadtime":1682485776,"views":18,"p1id":"ddkk5943","p2id":"kirans","formatid":"gen9vgc2023regulationc","rating":1784,"private":0,"password":""}