{"id":"gen9vgc2023regulationc-1851508999","p1":"DanielP4l4d1n0","p2":"bleldigs","format":"[Gen 9] VGC 2023 Regulation C","log":"|j|\u2606DanielP4l4d1n0\n|j|\u2606bleldigs\n|t:|1682451092\n|gametype|doubles\n|player|p1|DanielP4l4d1n0|will|1574\n|player|p2|bleldigs|buck|1666\n|teamsize|p1|6\n|teamsize|p2|6\n|gen|9\n|tier|[Gen 9] VGC 2023 Regulation C\n|rated|\n|rule|Species Clause: Limit one of each Pok\u00e9mon\n|rule|Item Clause: Limit one of each item\n|clearpoke\n|poke|p1|Ting-Lu, L50|\n|poke|p1|Ceruledge, L50, F|\n|poke|p1|Flutter Mane, L50|\n|poke|p1|Amoonguss, L50, F|\n|poke|p1|Gyarados, L50, M|\n|poke|p1|Glimmora, L50, M|\n|poke|p2|Palafin, L50, M|\n|poke|p2|Arcanine, L50, M|\n|poke|p2|Amoonguss, L50, F|\n|poke|p2|Flutter Mane, L50|\n|poke|p2|Baxcalibur, L50, M|\n|poke|p2|Ting-Lu, L50|\n|teampreview|4\n|j| Enzo Salvador\nDanielP4l4d1n0 has agreed to open team sheets.\nbleldigs has agreed to open team sheets.\n|j| RimuruPichu019\n|\n|t:|1682451217\n|start\n|switch|p1a: Ting-Lu|Ting-Lu, L50|100\/100\n|switch|p1b: Ceruledge|Ceruledge, L50, F|100\/100\n|switch|p2a: Baxcalibur|Baxcalibur, L50, M|100\/100\n|switch|p2b: Flutter Mane|Flutter Mane, L50|100\/100\n|-ability|p1a: Ting-Lu|Vessel of Ruin\n|turn|1\n|\n|t:|1682451243\n|switch|p1a: Glimmora|Glimmora, L50, M|100\/100\n|-terastallize|p2b: Flutter Mane|Fairy\n|move|p2b: Flutter Mane|Moonblast|p1a: Glimmora\n|-resisted|p1a: Glimmora\n|-damage|p1a: Glimmora|51\/100\n|move|p1b: Ceruledge|Bitter Blade|p2b: Flutter Mane\n|-damage|p2b: Flutter Mane|33\/100\n|move|p2a: Baxcalibur|Glaive Rush|p1a: Glimmora\n|-damage|p1a: Glimmora|0 fnt\n|-singlemove|p2a: Baxcalibur|Glaive Rush|[silent]\n|-activate|p1a: Glimmora|ability: Toxic Debris\n|-sidestart|p2: bleldigs|move: Toxic Spikes\n|faint|p1a: Glimmora\n|\n|upkeep\n|\n|t:|1682451264\n|switch|p1a: Amoonguss|Amoonguss, L50, F|100\/100\n|turn|2\n|\n|t:|1682451281\n|-end|p2b: Flutter Mane|Protosynthesis|[silent]\n|switch|p2b: Amoonguss|Amoonguss, L50, F, shiny|100\/100\n|-sideend|p2: bleldigs|move: Toxic Spikes|[of] p2b: Amoonguss\n|move|p1a: Amoonguss|Protect|p1a: Amoonguss\n|-singleturn|p1a: Amoonguss|Protect\n|move|p1b: Ceruledge|Bulk Up|p1b: Ceruledge\n|-boost|p1b: Ceruledge|atk|1\n|-boost|p1b: Ceruledge|def|1\n|move|p2a: Baxcalibur|Icicle Crash|p1a: Amoonguss\n|-activate|p1a: Amoonguss|move: Protect\n|\n|upkeep\n|turn|3\n|\n|t:|1682451319\n|-terastallize|p1a: Amoonguss|Steel\n|move|p1b: Ceruledge|Bitter Blade|p2b: Amoonguss\n|-supereffective|p2b: Amoonguss\n|-damage|p2b: Amoonguss|0 fnt\n|faint|p2b: Amoonguss\n|move|p2a: Baxcalibur|Icicle Crash|p1a: Amoonguss\n|-resisted|p1a: Amoonguss\n|-damage|p1a: Amoonguss|77\/100\n|move|p1a: Amoonguss|Spore|p2a: Baxcalibur\n|-status|p2a: Baxcalibur|slp|[from] move: Spore\n|\n|upkeep\n|\n|t:|1682451330\n|switch|p2b: Ting-Lu|Ting-Lu, L50|100\/100\n|-ability|p2b: Ting-Lu|Vessel of Ruin\n|turn|4\n|\n|t:|1682451357\n|move|p1b: Ceruledge|Bulk Up|p1b: Ceruledge\n|-boost|p1b: Ceruledge|atk|1\n|-boost|p1b: Ceruledge|def|1\n|cant|p2a: Baxcalibur|slp\n|move|p2b: Ting-Lu|Ruination|p1b: Ceruledge\n|-damage|p1b: Ceruledge|51\/100\n|move|p1a: Amoonguss|Spore|p2b: Ting-Lu\n|-status|p2b: Ting-Lu|slp|[from] move: Spore\n|\n|upkeep\n|turn|5\n|\n|t:|1682451372\n|move|p1b: Ceruledge|Bulk Up|p1b: Ceruledge\n|-boost|p1b: Ceruledge|atk|1\n|-boost|p1b: Ceruledge|def|1\n|-curestatus|p2a: Baxcalibur|slp|[msg]\n|move|p2a: Baxcalibur|Icicle Crash|p1b: Ceruledge\n|-resisted|p1b: Ceruledge\n|-damage|p1b: Ceruledge|40\/100\n|cant|p2b: Ting-Lu|slp\n|move|p1a: Amoonguss|Pollen Puff|p1b: Ceruledge\n|-heal|p1b: Ceruledge|90\/100\n|\n|upkeep\n|turn|6\n|\n|t:|1682451399\n|switch|p1a: Ting-Lu|Ting-Lu, L50|100\/100\n|-ability|p1a: Ting-Lu|Vessel of Ruin\n|move|p2a: Baxcalibur|Protect|p2a: Baxcalibur\n|-singleturn|p2a: Baxcalibur|Protect\n|move|p1b: Ceruledge|Bitter Blade|p2a: Baxcalibur\n|-activate|p2a: Baxcalibur|move: Protect\n|-curestatus|p2b: Ting-Lu|slp|[msg]\n|move|p2b: Ting-Lu|Stomping Tantrum|p1b: Ceruledge\n|-supereffective|p1b: Ceruledge\n|-damage|p1b: Ceruledge|38\/100\n|\n|upkeep\n|turn|7\n|\n|t:|1682451428\n|move|p1b: Ceruledge|Bitter Blade|p2b: Ting-Lu\n|-damage|p2b: Ting-Lu|37\/100\n|-heal|p1b: Ceruledge|86\/100|[from] drain|[of] p2b: Ting-Lu\n|move|p2a: Baxcalibur|Icicle Crash|p1a: Ting-Lu\n|-supereffective|p1a: Ting-Lu\n|-damage|p1a: Ting-Lu|43\/100\n|cant|p1a: Ting-Lu|flinch\n|move|p2b: Ting-Lu|Sand Tomb|p1b: Ceruledge\n|-supereffective|p1b: Ceruledge\n|-damage|p1b: Ceruledge|72\/100\n|-activate|p1b: Ceruledge|move: Sand Tomb|[of] p2b: Ting-Lu\n|\n|-damage|p1b: Ceruledge|60\/100|[from] move: Sand Tomb|[partiallytrapped]\n|upkeep\n|turn|8\n|j| MarzasY\n|j| Therazer456\n|j| InkOdysseyGaming\n|\n|t:|1682451467\n|move|p1b: Ceruledge|Bitter Blade|p2b: Ting-Lu\n|-damage|p2b: Ting-Lu|0 fnt\n|-heal|p1b: Ceruledge|88\/100|[from] drain|[of] p2b: Ting-Lu\n|faint|p2b: Ting-Lu\n|move|p2a: Baxcalibur|Glaive Rush|p1b: Ceruledge\n|-damage|p1b: Ceruledge|56\/100\n|-singlemove|p2a: Baxcalibur|Glaive Rush|[silent]\n|move|p1a: Ting-Lu|Ruination|p2a: Baxcalibur\n|-damage|p2a: Baxcalibur|51\/100\n|\n|-end|p1b: Ceruledge|Sand Tomb|[partiallytrapped]|[silent]\n|upkeep\n|\n|t:|1682451478\n|switch|p2b: Flutter Mane|Flutter Mane, L50, tera:Fairy|33\/100\n|turn|9\n|\n|t:|1682451487\n|move|p1b: Ceruledge|Protect|p1b: Ceruledge\n|-singleturn|p1b: Ceruledge|Protect\n|move|p2b: Flutter Mane|Shadow Ball|p1b: Ceruledge\n|-activate|p1b: Ceruledge|move: Protect\n|move|p2a: Baxcalibur|Icicle Crash|p1a: Ting-Lu|[miss]\n|-miss|p2a: Baxcalibur|p1a: Ting-Lu\n|move|p1a: Ting-Lu|Heavy Slam|p2b: Flutter Mane\n|-supereffective|p2b: Flutter Mane\n|-damage|p2b: Flutter Mane|0 fnt\n|faint|p2b: Flutter Mane\n|-end|p2b: Flutter Mane|Protosynthesis|[silent]\n|\n|upkeep\n|turn|10\n|\n|t:|1682451507\n|move|p2a: Baxcalibur|Ice Shard|p1a: Ting-Lu\n|-supereffective|p1a: Ting-Lu\n|-damage|p1a: Ting-Lu|17\/100\n|move|p1b: Ceruledge|Bitter Blade|p2a: Baxcalibur\n|-damage|p2a: Baxcalibur|0 fnt\n|-heal|p1b: Ceruledge|88\/100|[from] drain|[of] p2a: Baxcalibur\n|faint|p2a: Baxcalibur\n|\n|win|DanielP4l4d1n0\n|raw|DanielP4l4d1n0's rating: 1574 → 1599<\/strong> (+25 for winning)\n|raw|bleldigs's rating: 1666 → 1641<\/strong> (-25 for losing)\n|l| MarzasY\n|l| Therazer456\n|l| Enzo Salvador\n","uploadtime":1682451519,"views":11,"p1id":"danielp4l4d1n0","p2id":"bleldigs","formatid":"gen9vgc2023regulationc","rating":1599,"private":0,"password":""}