{"id":"gen9vgc2023regulationc-1862179312","p1":"mcdarvarian","p2":"qwillinallthefish","format":"[Gen 9] VGC 2023 Regulation C","log":"|j|\u2606mcdarvarian\n|j|\u2606qwillinallthefish\n|t:|1683845963\n|gametype|doubles\n|player|p1|mcdarvarian|elesa|\n|player|p2|qwillinallthefish|crasherwake|\n|teamsize|p1|6\n|teamsize|p2|6\n|gen|9\n|tier|[Gen 9] VGC 2023 Regulation C\n|rule|Species Clause: Limit one of each Pok\u00e9mon\n|rule|Item Clause: Limit one of each item\n|clearpoke\n|poke|p1|Coalossal, L50, F|\n|poke|p1|Great Tusk, L50|\n|poke|p1|Amoonguss, L50, F|\n|poke|p1|Dragapult, L50, F|\n|poke|p1|Iron Hands, L50|\n|poke|p1|Iron Bundle, L50|\n|poke|p2|Abomasnow, L50, F|\n|poke|p2|Iron Bundle, L50|\n|poke|p2|Scizor, L50, F|\n|poke|p2|Flutter Mane, L50|\n|poke|p2|Sandy Shocks, L50|\n|poke|p2|Espathra, L50, F|\n|teampreview|4\nmcdarvarian has agreed to open team sheets.\nqwillinallthefish has agreed to open team sheets.\n|j| Sean081799\n|c| Sean081799|I am here\n|j| KitsuneofDreams\n|\n|t:|1683846060\n|start\n|switch|p1a: Team Mom|Dragapult, L50, F|100\/100\n|switch|p1b: Thomas Two Hands|Iron Hands, L50, shiny|100\/100\n|switch|p2a: Scizor|Scizor, L50, F|100\/100\n|switch|p2b: Sandy Shocks|Sandy Shocks, L50|100\/100\n|-enditem|p2b: Sandy Shocks|Booster Energy\n|-activate|p2b: Sandy Shocks|ability: Protosynthesis|[fromitem]\n|-start|p2b: Sandy Shocks|protosynthesisspe\n|turn|1\n|\n|t:|1683846095\n|move|p1b: Thomas Two Hands|Fake Out|p2b: Sandy Shocks\n|-damage|p2b: Sandy Shocks|81\/100\n|move|p2a: Scizor|Bullet Punch|p1a: Team Mom\n|-damage|p1a: Team Mom|54\/100\n|cant|p2b: Sandy Shocks|flinch\n|move|p1a: Team Mom|Phantom Force||[still]\n|-prepare|p1a: Team Mom|Phantom Force\n|\n|upkeep\n|turn|2\n|\n|t:|1683846126\n|move|p2b: Sandy Shocks|Gravity|p2b: Sandy Shocks\n|-fieldstart|move: Gravity\n|move|p1a: Team Mom|Phantom Force|p2b: Sandy Shocks|[from]lockedmove\n|-damage|p2b: Sandy Shocks|30\/100\n|move|p2a: Scizor|Pounce|p1a: Team Mom\n|-resisted|p1a: Team Mom\n|-crit|p1a: Team Mom\n|-damage|p1a: Team Mom|10\/100\n|move|p1b: Thomas Two Hands|Volt Switch|p2a: Scizor\n|-damage|p2a: Scizor|88\/100\n|\n|t:|1683846140\n|-end|p1b: Thomas Two Hands|Quark Drive|[silent]\n|switch|p1b: Slombobus|Amoonguss, L50, F|100\/100|[from] Volt Switch\n|\n|upkeep\n|turn|3\n|c| Sean081799|sus\n|\n|t:|1683846188\n|-terastallize|p2b: Sandy Shocks|Grass\n|move|p1b: Slombobus|Rage Powder|p1b: Slombobus\n|-singleturn|p1b: Slombobus|move: Rage Powder\n|move|p2b: Sandy Shocks|Earth Power|p1a: Team Mom\n|-damage|p1a: Team Mom|0 fnt\n|faint|p1a: Team Mom\n|move|p2a: Scizor|Pounce|p1b: Slombobus\n|-crit|p1b: Slombobus\n|-damage|p1b: Slombobus|46\/100\n|-unboost|p1b: Slombobus|spe|1\n|-enditem|p1b: Slombobus|Sitrus Berry|[eat]\n|-heal|p1b: Slombobus|71\/100|[from] item: Sitrus Berry\n|\n|upkeep\n|\n|t:|1683846210\n|switch|p1a: Thomas Two Hands|Iron Hands, L50, shiny|100\/100\n|turn|4\n|\n|t:|1683846246\n|move|p2b: Sandy Shocks|Protect|p2b: Sandy Shocks\n|-singleturn|p2b: Sandy Shocks|Protect\n|move|p1a: Thomas Two Hands|Fake Out|p2a: Scizor\n|-resisted|p2a: Scizor\n|-damage|p2a: Scizor|80\/100\n|cant|p2a: Scizor|flinch\n|move|p1b: Slombobus|Spore|p2a: Scizor\n|-status|p2a: Scizor|slp|[from] move: Spore\n|\n|upkeep\n|turn|5\n|\n|t:|1683846284\n|switch|p2a: Flutter Mane|Flutter Mane, L50|100\/100\n|switch|p1b: Fudruckers|Great Tusk, L50|100\/100\n|move|p2b: Sandy Shocks|Earth Power|p1a: Thomas Two Hands\n|-supereffective|p1a: Thomas Two Hands\n|-damage|p1a: Thomas Two Hands|58\/100\n|move|p1a: Thomas Two Hands|Drain Punch|p2b: Sandy Shocks\n|-damage|p2b: Sandy Shocks|0 fnt\n|-heal|p1a: Thomas Two Hands|69\/100|[from] drain|[of] p2b: Sandy Shocks\n|faint|p2b: Sandy Shocks\n|-end|p2b: Sandy Shocks|Protosynthesis|[silent]\n|\n|upkeep\n|\n|t:|1683846300\n|switch|p2b: Iron Bundle|Iron Bundle, L50|100\/100\n|turn|6\n|c| Sean081799|iron \ud83c\udd71undle\n|\n|t:|1683846352\n|-terastallize|p1a: Thomas Two Hands|Grass\n|move|p2a: Flutter Mane|Protect|p2a: Flutter Mane\n|-singleturn|p2a: Flutter Mane|Protect\n|move|p1b: Fudruckers|Close Combat|p2b: Iron Bundle\n|-supereffective|p2b: Iron Bundle\n|-damage|p2b: Iron Bundle|0 fnt\n|-unboost|p1b: Fudruckers|def|1\n|-unboost|p1b: Fudruckers|spd|1\n|faint|p2b: Iron Bundle\n|-end|p2b: Iron Bundle|Quark Drive|[silent]\n|move|p1a: Thomas Two Hands|Wild Charge|p2a: Flutter Mane\n|-activate|p2a: Flutter Mane|move: Protect\n|\n|-fieldend|move: Gravity\n|upkeep\n|\n|t:|1683846360\n|switch|p2b: Scizor|Scizor, L50, F|80\/100 slp\n|turn|7\n|\n|t:|1683846371\n|-end|p1b: Fudruckers|Protosynthesis|[silent]\n|switch|p1b: Slombobus|Amoonguss, L50, F|100\/100\n|move|p2a: Flutter Mane|Dazzling Gleam|p1b: Slombobus|[spread] p1a,p1b\n|-resisted|p1b: Slombobus\n|-damage|p1a: Thomas Two Hands|46\/100\n|-damage|p1b: Slombobus|83\/100\n|-damage|p2a: Flutter Mane|90\/100|[from] item: Life Orb\n|cant|p2b: Scizor|slp\n|move|p1a: Thomas Two Hands|Wild Charge|p2a: Flutter Mane\n|-damage|p2a: Flutter Mane|0 fnt\n|faint|p2a: Flutter Mane\n|-end|p2a: Flutter Mane|Protosynthesis|[silent]\n|-damage|p1a: Thomas Two Hands|33\/100|[from] Recoil\n|\n|upkeep\n|turn|8\n|\n|t:|1683846386\n|cant|p2b: Scizor|slp\n|move|p1a: Thomas Two Hands|Drain Punch|p2b: Scizor\n|-damage|p2b: Scizor|31\/100 slp\n|-heal|p1a: Thomas Two Hands|52\/100|[from] drain|[of] p2b: Scizor\n|move|p1b: Slombobus|Pollen Puff|p1a: Thomas Two Hands\n|-heal|p1a: Thomas Two Hands|100\/100\n|\n|upkeep\n|turn|9\n|\n|t:|1683846392\n|move|p1b: Slombobus|Rage Powder|p1b: Slombobus\n|-singleturn|p1b: Slombobus|move: Rage Powder\n|-curestatus|p2b: Scizor|slp|[msg]\n|move|p2b: Scizor|Pounce|p1b: Slombobus\n|-damage|p1b: Slombobus|46\/100\n|-unboost|p1b: Slombobus|spe|1\n|move|p1a: Thomas Two Hands|Drain Punch|p2b: Scizor\n|-damage|p2b: Scizor|0 fnt\n|faint|p2b: Scizor\n|\n|win|mcdarvarian\n|l|\u2606qwillinallthefish\n","uploadtime":1683846419,"views":8,"p1id":"mcdarvarian","p2id":"qwillinallthefish","formatid":"gen9vgc2023regulationc","rating":0,"private":0,"password":""}