{"id":"gen9vgc2023regulationc-1862885350","p1":"qxxwxxtxx","p2":"Herewegoezagain","format":"[Gen 9] VGC 2023 Regulation C","log":"|j|\u2606qxxwxxtxx\n|j|\u2606Herewegoezagain\n|t:|1683933708\n|gametype|doubles\n|player|p1|qxxwxxtxx|pokemonbreeder-gen4|1370\n|player|p2|Herewegoezagain|ethan|1258\n|teamsize|p1|6\n|teamsize|p2|6\n|gen|9\n|tier|[Gen 9] VGC 2023 Regulation C\n|rated|\n|rule|Species Clause: Limit one of each Pok\u00e9mon\n|rule|Item Clause: Limit one of each item\n|clearpoke\n|poke|p1|Gastrodon, L50, F|\n|poke|p1|Dragapult, L50, F|\n|poke|p1|Maushold, L50|\n|poke|p1|Annihilape, L50, M|\n|poke|p1|Pelipper, L50, M|\n|poke|p1|Scizor, L50, M|\n|poke|p2|Tyranitar, L50, F|\n|poke|p2|Garchomp, L50, F|\n|poke|p2|Flutter Mane, L50|\n|poke|p2|Lycanroc, L50, M|\n|poke|p2|Corviknight, L50, M|\n|poke|p2|Iron Bundle, L50|\n|teampreview|4\n|inactive|Battle timer is ON: inactive players will automatically lose when time's up. (requested by qxxwxxtxx)\n|\n|t:|1683933757\n|start\n|switch|p1a: Dragapult|Dragapult, L50, F|100\/100\n|switch|p1b: Scizor|Scizor, L50, M|100\/100\n|switch|p2a: Lycanroc|Lycanroc, L50, M|100\/100\n|switch|p2b: Corviknight|Corviknight, L50, M|100\/100\n|turn|1\n|inactive|Herewegoezagain has 30 seconds left.\n|\n|t:|1683933789\n|switch|p2b: Tyranitar|Tyranitar, L50, F|100\/100\n|-weather|Sandstorm|[from] ability: Sand Stream|[of] p2b: Tyranitar\n|move|p1b: Scizor|Protect|p1b: Scizor\n|-singleturn|p1b: Scizor|Protect\n|move|p2a: Lycanroc|Rock Slide|p1a: Dragapult|[spread] p1a\n|-activate|p1b: Scizor|move: Protect\n|-damage|p1a: Dragapult|64\/100\n|cant|p1a: Dragapult|flinch\n|\n|-weather|Sandstorm|[upkeep]\n|-damage|p1a: Dragapult|58\/100|[from] Sandstorm\n|upkeep\n|turn|2\n|c|\u2606qxxwxxtxx|gg hax\n|inactive|Herewegoezagain has 30 seconds left.\n|\n|t:|1683933815\n|switch|p2a: Corviknight|Corviknight, L50, M|100\/100\n|switch|p1b: Pelipper|Pelipper, L50, M|100\/100\n|-weather|RainDance|[from] ability: Drizzle|[of] p1b: Pelipper\n|move|p1a: Dragapult|Will-O-Wisp|p2a: Corviknight\n|-status|p2a: Corviknight|brn\n|move|p2b: Tyranitar|Crunch|p1a: Dragapult\n|-supereffective|p1a: Dragapult\n|-damage|p1a: Dragapult|0 fnt\n|-start|p2b: Tyranitar|Disable|Crunch|[from] ability: Cursed Body|[of] p1a: Dragapult\n|faint|p1a: Dragapult\n|\n|-weather|RainDance|[upkeep]\n|-damage|p2a: Corviknight|95\/100 brn|[from] brn\n|upkeep\n|\n|t:|1683933826\n|switch|p1a: Gastrodon|Gastrodon, L50, F|100\/100\n|turn|3\n|\n|t:|1683933838\n|switch|p2b: Garchomp|Garchomp, L50, F|100\/100\n|move|p2a: Corviknight|Tailwind|p2a: Corviknight\n|-sidestart|p2: Herewegoezagain|move: Tailwind\n|move|p1b: Pelipper|Hurricane|p2a: Corviknight\n|-resisted|p2a: Corviknight\n|-damage|p2a: Corviknight|74\/100 brn\n|move|p1a: Gastrodon|Muddy Water|p2a: Corviknight|[spread] p2a,p2b\n|-damage|p2a: Corviknight|37\/100 brn\n|-damage|p2b: Garchomp|52\/100\n|-enditem|p2a: Corviknight|Sitrus Berry|[eat]\n|-heal|p2a: Corviknight|62\/100 brn|[from] item: Sitrus Berry\n|\n|-weather|RainDance|[upkeep]\n|-damage|p2a: Corviknight|56\/100 brn|[from] brn\n|upkeep\n|turn|4\n|inactive|Herewegoezagain has 30 seconds left.\n|\n|t:|1683933870\n|move|p1b: Pelipper|Wide Guard|p1b: Pelipper\n|-singleturn|p1b: Pelipper|Wide Guard\n|move|p2b: Garchomp|Dragon Claw|p1b: Pelipper\n|-damage|p1b: Pelipper|40\/100\n|-damage|p2b: Garchomp|43\/100|[from] item: Life Orb\n|move|p2a: Corviknight|Brave Bird|p1b: Pelipper\n|-damage|p1b: Pelipper|18\/100\n|-damage|p2a: Corviknight|50\/100 brn|[from] Recoil\n|move|p1a: Gastrodon|Muddy Water|p2b: Garchomp|[spread] p2a\n|-miss|p1a: Gastrodon|p2b: Garchomp\n|-damage|p2a: Corviknight|14\/100 brn\n|\n|-weather|RainDance|[upkeep]\n|-damage|p2a: Corviknight|8\/100 brn|[from] brn\n|upkeep\n|turn|5\n|\n|t:|1683933889\n|switch|p1b: Scizor|Scizor, L50, M|100\/100\n|move|p2b: Garchomp|Dragon Claw|p1b: Scizor\n|-resisted|p1b: Scizor\n|-damage|p1b: Scizor|72\/100\n|-damage|p2b: Garchomp|33\/100|[from] item: Life Orb\n|move|p2a: Corviknight|Roost|p2a: Corviknight\n|-heal|p2a: Corviknight|58\/100 brn\n|-singleturn|p2a: Corviknight|move: Roost\n|move|p1a: Gastrodon|Muddy Water|p2b: Garchomp|[spread] p2a,p2b\n|-damage|p2a: Corviknight|17\/100 brn\n|-damage|p2b: Garchomp|0 fnt\n|faint|p2b: Garchomp\n|\n|-weather|RainDance|[upkeep]\n|-damage|p2a: Corviknight|11\/100 brn|[from] brn\n|upkeep\n|\n|t:|1683933908\n|switch|p2b: Lycanroc|Lycanroc, L50, M|100\/100\n|turn|6\n|inactive|Herewegoezagain has 30 seconds left.\n|\n|t:|1683933933\n|move|p1b: Scizor|Bullet Punch|p2b: Lycanroc\n|-supereffective|p2b: Lycanroc\n|-enditem|p2b: Lycanroc|Focus Sash\n|-damage|p2b: Lycanroc|1\/100\n|move|p2b: Lycanroc|Rock Slide|p1a: Gastrodon|[spread] p1a,p1b\n|-resisted|p1a: Gastrodon\n|-damage|p1a: Gastrodon|87\/100\n|-damage|p1b: Scizor|43\/100\n|move|p2a: Corviknight|Brave Bird|p1b: Scizor\n|-damage|p1b: Scizor|21\/100\n|-damage|p2a: Corviknight|5\/100 brn|[from] Recoil\n|move|p1a: Gastrodon|Earth Power|p2a: Corviknight\n|-immune|p2a: Corviknight\n|\n|-weather|none\n|-heal|p1a: Gastrodon|93\/100|[from] item: Leftovers\n|-damage|p2a: Corviknight|0 fnt|[from] brn\n|faint|p2a: Corviknight\n|-sideend|p2: Herewegoezagain|move: Tailwind\n|upkeep\n|\n|t:|1683933950\n|switch|p2a: Tyranitar|Tyranitar, L50, F|100\/100\n|-weather|Sandstorm|[from] ability: Sand Stream|[of] p2a: Tyranitar\n|turn|7\n|\n|t:|1683933963\n|-terastallize|p2a: Tyranitar|Grass\n|move|p2b: Lycanroc|Protect|p2b: Lycanroc\n|-singleturn|p2b: Lycanroc|Protect\n|move|p1b: Scizor|Protect|p1b: Scizor\n|-singleturn|p1b: Scizor|Protect\n|move|p1a: Gastrodon|Protect|p1a: Gastrodon\n|-singleturn|p1a: Gastrodon|Protect\n|move|p2a: Tyranitar|Tera Blast|p1a: Gastrodon\n|-activate|p1a: Gastrodon|move: Protect\n|\n|-weather|Sandstorm|[upkeep]\n|-damage|p2a: Tyranitar|95\/100|[from] Sandstorm\n|-heal|p1a: Gastrodon|99\/100|[from] item: Leftovers\n|upkeep\n|turn|8\n|\n|t:|1683933988\n|switch|p1a: Pelipper|Pelipper, L50, M|18\/100\n|-weather|RainDance|[from] ability: Drizzle|[of] p1a: Pelipper\n|move|p1b: Scizor|Bullet Punch|p2b: Lycanroc\n|-supereffective|p2b: Lycanroc\n|-damage|p2b: Lycanroc|0 fnt\n|faint|p2b: Lycanroc\n|move|p2a: Tyranitar|Rock Slide|p1a: Pelipper|[spread] p1a,p1b\n|-supereffective|p1a: Pelipper\n|-damage|p1a: Pelipper|0 fnt\n|-damage|p1b: Scizor|0 fnt\n|faint|p1a: Pelipper\n|faint|p1b: Scizor\n|\n|-weather|RainDance|[upkeep]\n|upkeep\n|\n|t:|1683933994\n|switch|p1b: Gastrodon|Gastrodon, L50, F|99\/100\n|turn|9\n|\n|t:|1683934002\n|-terastallize|p1b: Gastrodon|Fire\n|move|p2a: Tyranitar|Tera Blast|p1b: Gastrodon\n|-resisted|p1b: Gastrodon\n|-damage|p1b: Gastrodon|76\/100\n|move|p1b: Gastrodon|Muddy Water|p2a: Tyranitar|[miss]\n|-miss|p1b: Gastrodon|p2a: Tyranitar\n|\n|-weather|RainDance|[upkeep]\n|-heal|p1b: Gastrodon|81\/100|[from] item: Leftovers\n|upkeep\n|turn|10\n|c|\u2606qxxwxxtxx|come on\n|c|\u2606qxxwxxtxx|fuckignhaxx\n|\n|t:|1683934013\n|move|p1b: Gastrodon|Protect|p1b: Gastrodon\n|-singleturn|p1b: Gastrodon|Protect\n|move|p2a: Tyranitar|Rock Slide|p1b: Gastrodon\n|-activate|p1b: Gastrodon|move: Protect\n|\n|-weather|RainDance|[upkeep]\n|-heal|p1b: Gastrodon|87\/100|[from] item: Leftovers\n|upkeep\n|turn|11\n|c|\u2606Herewegoezagain|??\n|\n|t:|1683934024\n|move|p2a: Tyranitar|Rock Slide|p1b: Gastrodon\n|-supereffective|p1b: Gastrodon\n|-damage|p1b: Gastrodon|5\/100\n|cant|p1b: Gastrodon|flinch\n|\n|-weather|RainDance|[upkeep]\n|-heal|p1b: Gastrodon|11\/100|[from] item: Leftovers\n|upkeep\n|turn|12\n|c|\u2606qxxwxxtxx|you avoid alll\n|c|\u2606qxxwxxtxx|and always\n|c|\u2606qxxwxxtxx|flinch mee\n|c|\u2606qxxwxxtxx|fucking hax\n|c|\u2606Herewegoezagain|I mean that's kind of the game, homie\n|\n|t:|1683934044\n|move|p1b: Gastrodon|Protect|p1b: Gastrodon\n|-singleturn|p1b: Gastrodon|Protect\n|move|p2a: Tyranitar|Crunch|p1b: Gastrodon\n|-activate|p1b: Gastrodon|move: Protect\n|\n|-weather|none\n|-heal|p1b: Gastrodon|17\/100|[from] item: Leftovers\n|upkeep\n|turn|13\n|c|\u2606qxxwxxtxx|where is the fukcing skill\n|c|\u2606qxxwxxtxx|only fugking luck to win\n|\n|t:|1683934061\n|move|p2a: Tyranitar|Rock Slide|p1b: Gastrodon\n|-supereffective|p1b: Gastrodon\n|-damage|p1b: Gastrodon|0 fnt\n|faint|p1b: Gastrodon\n|\n|win|Herewegoezagain\n|raw|qxxwxxtxx's rating: 1370 → 1344<\/strong> (-26 for losing)\n|raw|Herewegoezagain's rating: 1258 → 1291<\/strong> (+33 for winning)\n|c|\u2606Herewegoezagain|Maybe try another game?\n|c|\u2606qxxwxxtxx|maybe learn to play\n|c|\u2606Herewegoezagain|I did\n|c|\u2606Herewegoezagain|I just beat you\n|c|\u2606qxxwxxtxx|the luck\n|c|\u2606qxxwxxtxx|win me\n|c|\u2606Herewegoezagain|I can link the replay\n|c|\u2606qxxwxxtxx|was easy game for me\n|c|\u2606qxxwxxtxx|hax 1\n|c|\u2606qxxwxxtxx|me 0\n|c|\u2606qxxwxxtxx|you 0\n","uploadtime":1683934100,"views":9,"p1id":"qxxwxxtxx","p2id":"herewegoezagain","formatid":"gen9vgc2023regulationc","rating":1291,"private":0,"password":""}