{"id":"gen9vgc2023regulationc-1859662927","p1":"WOLFIELIL","p2":"Landri","format":"[Gen 9] VGC 2023 Regulation C","log":"|j|\u2606WOLFIELIL\n|j|\u2606Landri\n|t:|1683553927\n|gametype|doubles\n|player|p1|WOLFIELIL|265|1390\n|player|p2|Landri|acetrainer-gen4dp|1301\n|teamsize|p1|6\n|teamsize|p2|6\n|gen|9\n|tier|[Gen 9] VGC 2023 Regulation C\n|rated|\n|rule|Species Clause: Limit one of each Pok\u00e9mon\n|rule|Item Clause: Limit one of each item\n|clearpoke\n|poke|p1|Baxcalibur, L50, F|\n|poke|p1|Gyarados, L50, M|\n|poke|p1|Amoonguss, L50, F|\n|poke|p1|Flutter Mane, L50|\n|poke|p1|Volcarona, L50, F|\n|poke|p1|Kingambit, L50, F|\n|poke|p2|Ceruledge, L50, F|\n|poke|p2|Palafin, L50, M|\n|poke|p2|Dragonite, L50, M|\n|poke|p2|Flutter Mane, L50|\n|poke|p2|Great Tusk, L50|\n|poke|p2|Abomasnow, L50, F|\n|teampreview|4\n|inactive|Battle timer is ON: inactive players will automatically lose when time's up. (requested by Landri)\n|inactive|WOLFIELIL has 60 seconds left.\n|inactive|Landri has 60 seconds left.\n|\n|t:|1683553977\n|start\n|switch|p1a: Kingambit|Kingambit, L50, F|100\/100\n|switch|p1b: Baxcalibur|Baxcalibur, L50, F|100\/100\n|switch|p2a: Ceruledge|Ceruledge, L50, F|100\/100\n|switch|p2b: Palafin|Palafin, L50, M|100\/100\n|turn|1\n|inactive|WOLFIELIL has 30 seconds left.\n|\n|t:|1683554005\n|detailschange|p2b: Palafin|Palafin-Hero, L50, M\n|switch|p2b: Great Tusk|Great Tusk, L50|100\/100\n|switch|p1a: Gyarados|Gyarados, L50, M|100\/100\n|-ability|p1a: Gyarados|Intimidate|boost\n|-fail|p2a: Ceruledge|unboost|[from] item: Clear Amulet|[of] p2a: Ceruledge\n|-unboost|p2b: Great Tusk|atk|1\n|move|p2a: Ceruledge|Protect|p2a: Ceruledge\n|-singleturn|p2a: Ceruledge|Protect\n|move|p1b: Baxcalibur|Earthquake|p2b: Great Tusk|[spread] p2b\n|-activate|p2a: Ceruledge|move: Protect\n|-immune|p1a: Gyarados\n|-damage|p2b: Great Tusk|81\/100\n|\n|upkeep\n|turn|2\n|inactive|WOLFIELIL has 30 seconds left.\n|inactive|Landri has 30 seconds left.\n|inactive|WOLFIELIL has 20 seconds left.\n|\n|t:|1683554042\n|-terastallize|p2b: Great Tusk|Steel\n|move|p2b: Great Tusk|Close Combat|p1b: Baxcalibur\n|-supereffective|p1b: Baxcalibur\n|-damage|p1b: Baxcalibur|24\/100\n|-unboost|p2b: Great Tusk|def|1\n|-unboost|p2b: Great Tusk|spd|1\n|move|p1b: Baxcalibur|Icicle Crash|p2b: Great Tusk\n|-resisted|p2b: Great Tusk\n|-damage|p2b: Great Tusk|51\/100\n|move|p2a: Ceruledge|Bitter Blade|p1b: Baxcalibur\n|-damage|p1b: Baxcalibur|0 fnt\n|faint|p1b: Baxcalibur\n|move|p1a: Gyarados|Waterfall|p2a: Ceruledge\n|-supereffective|p2a: Ceruledge\n|-damage|p2a: Ceruledge|28\/100\n|\n|upkeep\n|\n|t:|1683554061\n|switch|p1b: Flutter Mane|Flutter Mane, L50|100\/100\n|-enditem|p1b: Flutter Mane|Booster Energy\n|-activate|p1b: Flutter Mane|ability: Protosynthesis|[fromitem]\n|-start|p1b: Flutter Mane|protosynthesisspa\n|turn|3\n|inactive|WOLFIELIL has 30 seconds left.\n|\n|t:|1683554087\n|-end|p2b: Great Tusk|Protosynthesis|[silent]\n|switch|p2b: Abomasnow|Abomasnow, L50, F|100\/100\n|-weather|Snow|[from] ability: Snow Warning|[of] p2b: Abomasnow\n|move|p2a: Ceruledge|Shadow Sneak|p1b: Flutter Mane\n|-supereffective|p1b: Flutter Mane\n|-damage|p1b: Flutter Mane|29\/100\n|move|p1b: Flutter Mane|Moonblast|p2b: Abomasnow\n|-crit|p2b: Abomasnow\n|-damage|p2b: Abomasnow|2\/100\n|move|p1a: Gyarados|Waterfall|p2a: Ceruledge\n|-supereffective|p2a: Ceruledge\n|-crit|p2a: Ceruledge\n|-damage|p2a: Ceruledge|0 fnt\n|faint|p2a: Ceruledge\n|\n|-weather|Snow|[upkeep]\n|upkeep\n|\n|t:|1683554100\n|switch|p2a: Palafin|Palafin-Hero, L50, M|100\/100\n|-activate|p2a: Palafin|ability: Zero to Hero\n|turn|4\n|\n|t:|1683554110\n|move|p1b: Flutter Mane|Protect|p1b: Flutter Mane\n|-singleturn|p1b: Flutter Mane|Protect\n|move|p2a: Palafin|Jet Punch|p1b: Flutter Mane\n|-activate|p1b: Flutter Mane|move: Protect\n|move|p1a: Gyarados|Thunder Wave|p2a: Palafin|[miss]\n|-miss|p1a: Gyarados|p2a: Palafin\n|move|p2b: Abomasnow|Aurora Veil|p2b: Abomasnow\n|-sidestart|p2: Landri|move: Aurora Veil\n|\n|-weather|Snow|[upkeep]\n|upkeep\n|turn|5\n|inactive|WOLFIELIL has 30 seconds left.\n|inactive|WOLFIELIL has 20 seconds left.\n|\n|t:|1683554147\n|move|p1b: Flutter Mane|Protect||[still]\n|-fail|p1b: Flutter Mane\n|move|p2a: Palafin|Jet Punch|p1b: Flutter Mane\n|-damage|p1b: Flutter Mane|0 fnt\n|faint|p1b: Flutter Mane\n|-end|p1b: Flutter Mane|Protosynthesis|[silent]\n|move|p1a: Gyarados|Thunder Wave|p2a: Palafin\n|-status|p2a: Palafin|par\n|move|p2b: Abomasnow|Blizzard|p1a: Gyarados\n|-damage|p1a: Gyarados|65\/100\n|\n|-weather|Snow|[upkeep]\n|upkeep\n|\n|t:|1683554150\n|switch|p1b: Kingambit|Kingambit, L50, F|100\/100\n|turn|6\n|\n|t:|1683554170\n|move|p1a: Gyarados|Waterfall|p2b: Abomasnow\n|-resisted|p2b: Abomasnow\n|-damage|p2b: Abomasnow|0 fnt\n|faint|p2b: Abomasnow\n|move|p1b: Kingambit|Swords Dance|p1b: Kingambit\n|-boost|p1b: Kingambit|atk|2\n|move|p2a: Palafin|Wave Crash|p1a: Gyarados\n|-resisted|p1a: Gyarados\n|-damage|p1a: Gyarados|19\/100\n|-enditem|p1a: Gyarados|Sitrus Berry|[eat]\n|-heal|p1a: Gyarados|44\/100|[from] item: Sitrus Berry\n|-damage|p2a: Palafin|86\/100 par|[from] Recoil\n|\n|-weather|Snow|[upkeep]\n|upkeep\n|\n|t:|1683554176\n|switch|p2b: Great Tusk|Great Tusk, L50, tera:Steel|51\/100\n|turn|7\n|\n|t:|1683554183\n|move|p1b: Kingambit|Sucker Punch|p2b: Great Tusk\n|-damage|p2b: Great Tusk|10\/100\n|move|p2b: Great Tusk|Close Combat|p1b: Kingambit\n|-supereffective|p1b: Kingambit\n|-damage|p1b: Kingambit|0 fnt\n|-unboost|p2b: Great Tusk|def|1\n|-unboost|p2b: Great Tusk|spd|1\n|faint|p1b: Kingambit\n|move|p1a: Gyarados|Waterfall|p2a: Palafin\n|-resisted|p2a: Palafin\n|-damage|p2a: Palafin|76\/100 par\n|move|p2a: Palafin|Wave Crash|p1a: Gyarados\n|-resisted|p1a: Gyarados\n|-damage|p1a: Gyarados|0 fnt\n|faint|p1a: Gyarados\n|-damage|p2a: Palafin|62\/100 par|[from] Recoil\n|\n|win|Landri\n|raw|WOLFIELIL's rating: 1390 → 1365<\/strong> (-25 for losing)\n|raw|Landri's rating: 1301 → 1326<\/strong> (+25 for winning)\n","uploadtime":1683554201,"views":7,"p1id":"wolfielil","p2id":"landri","formatid":"gen9vgc2023regulationc","rating":1326,"private":0,"password":""}