{"id":"gen9vgc2023regulationc-1848465913","p1":"mx555","p2":"khgfjj","format":"[Gen 9] VGC 2023 Regulation C","log":"|j|\u2606mx555\n|j|\u2606khgfjj\n|t:|1682081419\n|gametype|doubles\n|player|p1|mx555|169|1405\n|player|p2|khgfjj|lass-gen4dp|1395\n|teamsize|p1|6\n|teamsize|p2|6\n|gen|9\n|tier|[Gen 9] VGC 2023 Regulation C\n|rated|\n|rule|Species Clause: Limit one of each Pok\u00e9mon\n|rule|Item Clause: Limit one of each item\n|clearpoke\n|poke|p1|Farigiraf, L50, M|\n|poke|p1|Dragapult, L50, M|\n|poke|p1|Chien-Pao, L50|\n|poke|p1|Iron Hands, L50|\n|poke|p1|Amoonguss, L50, M|\n|poke|p1|Iron Bundle, L50|\n|poke|p2|Iron Jugulis, L50|\n|poke|p2|Arcanine, L50, F|\n|poke|p2|Iron Bundle, L50|\n|poke|p2|Dondozo, L50, M|\n|poke|p2|Tatsugiri, L50, F|\n|poke|p2|Flutter Mane, L50|\n|teampreview|4\n|inactive|Battle timer is ON: inactive players will automatically lose when time's up. (requested by mx555)\n|\n|t:|1682081456\n|start\n|switch|p1a: Farigiraf|Farigiraf, L50, M|100\/100\n|switch|p1b: Iron Hands|Iron Hands, L50|100\/100\n|switch|p2a: Iron Bundle|Iron Bundle, L50|100\/100\n|switch|p2b: Iron Jugulis|Iron Jugulis, L50|100\/100\n|-enditem|p2b: Iron Jugulis|Booster Energy\n|-activate|p2b: Iron Jugulis|ability: Quark Drive|[fromitem]\n|-start|p2b: Iron Jugulis|quarkdrivespa\n|turn|1\n|\n|t:|1682081474\n|-terastallize|p1a: Farigiraf|Fairy\n|move|p2a: Iron Bundle|U-turn|p1a: Farigiraf\n|-resisted|p1a: Farigiraf\n|-damage|p1a: Farigiraf|96\/100\n|\n|t:|1682081481\n|-end|p2a: Iron Bundle|Quark Drive|[silent]\n|switch|p2a: Arcanine|Arcanine, L50, F|100\/100|[from] U-turn\n|-ability|p2a: Arcanine|Intimidate|boost\n|-unboost|p1a: Farigiraf|atk|1\n|-unboost|p1b: Iron Hands|atk|1\n|move|p2b: Iron Jugulis|Dark Pulse|p1a: Farigiraf\n|-resisted|p1a: Farigiraf\n|-crit|p1a: Farigiraf\n|-damage|p1a: Farigiraf|51\/100\n|move|p1b: Iron Hands|Belly Drum|p1b: Iron Hands\n|-damage|p1b: Iron Hands|50\/100\n|-setboost|p1b: Iron Hands|atk|6|[from] move: Belly Drum\n|-enditem|p1b: Iron Hands|Sitrus Berry|[eat]\n|-heal|p1b: Iron Hands|75\/100|[from] item: Sitrus Berry\n|move|p1a: Farigiraf|Trick Room|p1a: Farigiraf\n|-fieldstart|move: Trick Room|[of] p1a: Farigiraf\n|\n|upkeep\n|turn|2\n|inactive|khgfjj has 30 seconds left.\n|\n|t:|1682081513\n|move|p1b: Iron Hands|Drain Punch|p2b: Iron Jugulis\n|-damage|p2b: Iron Jugulis|0 fnt\n|-heal|p1b: Iron Hands|100\/100|[from] drain|[of] p2b: Iron Jugulis\n|faint|p2b: Iron Jugulis\n|-end|p2b: Iron Jugulis|Quark Drive|[silent]\n|move|p1a: Farigiraf|Hyper Voice|p2a: Arcanine\n|-damage|p2a: Arcanine|67\/100\n|-enditem|p1a: Farigiraf|Throat Spray\n|-boost|p1a: Farigiraf|spa|1|[from] item: Throat Spray\n|move|p2a: Arcanine|Will-O-Wisp|p1b: Iron Hands\n|-status|p1b: Iron Hands|brn\n|\n|-damage|p1b: Iron Hands|94\/100 brn|[from] brn\n|upkeep\n|\n|t:|1682081531\n|switch|p2b: Iron Bundle|Iron Bundle, L50|100\/100\n|turn|3\n|\n|t:|1682081543\n|-end|p2b: Iron Bundle|Quark Drive|[silent]\n|switch|p2b: Flutter Mane|Flutter Mane, L50|100\/100\n|move|p2a: Arcanine|Protect|p2a: Arcanine\n|-singleturn|p2a: Arcanine|Protect\n|move|p1b: Iron Hands|Facade|p2b: Flutter Mane\n|-immune|p2b: Flutter Mane\n|move|p1a: Farigiraf|Hyper Voice|p2a: Arcanine|[spread] \n|-activate|p2a: Arcanine|move: Protect\n|-immune|p2b: Flutter Mane\n|\n|-damage|p1b: Iron Hands|88\/100 brn|[from] brn\n|upkeep\n|turn|4\n|inactive|khgfjj has 30 seconds left.\n|inactive|khgfjj has 20 seconds left.\n|inactive|khgfjj has 15 seconds left.\n|\n|t:|1682081585\n|move|p1b: Iron Hands|Thunder Punch|p2b: Flutter Mane\n|-damage|p2b: Flutter Mane|0 fnt\n|faint|p2b: Flutter Mane\n|-end|p2b: Flutter Mane|Protosynthesis|[silent]\n|move|p1a: Farigiraf|Twin Beam|p2a: Arcanine\n|-damage|p2a: Arcanine|42\/100\n|-damage|p2a: Arcanine|16\/100\n|-hitcount|p2a: Arcanine|2\n|move|p2a: Arcanine|Flare Blitz|p1b: Iron Hands\n|-crit|p1b: Iron Hands\n|-damage|p1b: Iron Hands|44\/100 brn\n|-damage|p2a: Arcanine|0 fnt|[from] Recoil\n|faint|p2a: Arcanine\n|\n|-damage|p1b: Iron Hands|38\/100 brn|[from] brn\n|upkeep\n|\n|t:|1682081597\n|switch|p2b: Iron Bundle|Iron Bundle, L50|100\/100\n|turn|5\n|\n|t:|1682081607\n|-terastallize|p2b: Iron Bundle|Ghost\n|move|p1b: Iron Hands|Drain Punch|p2b: Iron Bundle\n|-immune|p2b: Iron Bundle\n|move|p1a: Farigiraf|Hyper Voice|p2b: Iron Bundle\n|-immune|p2b: Iron Bundle\n|move|p2b: Iron Bundle|Freeze-Dry|p1b: Iron Hands\n|-damage|p1b: Iron Hands|13\/100 brn\n|\n|-damage|p1b: Iron Hands|7\/100 brn|[from] brn\n|-fieldend|move: Trick Room\n|upkeep\n|turn|6\n|\n|t:|1682081629\n|move|p2b: Iron Bundle|Icy Wind|p1b: Iron Hands|[spread] p1a,p1b\n|-damage|p1a: Farigiraf|32\/100\n|-damage|p1b: Iron Hands|0 fnt\n|-unboost|p1a: Farigiraf|spe|1\n|faint|p1b: Iron Hands\n|-end|p1b: Iron Hands|Quark Drive|[silent]\n|move|p1a: Farigiraf|Trick Room|p1a: Farigiraf\n|-fieldstart|move: Trick Room|[of] p1a: Farigiraf\n|\n|upkeep\n|\n|t:|1682081633\n|switch|p1b: Amoonguss|Amoonguss, L50, M|100\/100\n|turn|7\n|\n|t:|1682081640\n|move|p1a: Farigiraf|Twin Beam|p2b: Iron Bundle\n|-damage|p2b: Iron Bundle|73\/100\n|-damage|p2b: Iron Bundle|47\/100\n|-hitcount|p2b: Iron Bundle|2\n|move|p1b: Amoonguss|Spore|p2b: Iron Bundle\n|-status|p2b: Iron Bundle|slp|[from] move: Spore\n|cant|p2b: Iron Bundle|slp\n|\n|upkeep\n|turn|8\n|\n|t:|1682081650\n|move|p1a: Farigiraf|Twin Beam|p2b: Iron Bundle\n|-damage|p2b: Iron Bundle|19\/100 slp\n|-damage|p2b: Iron Bundle|0 fnt\n|faint|p2b: Iron Bundle\n|-end|p2b: Iron Bundle|Quark Drive|[silent]\n|-hitcount|p2: Iron Bundle|2\n|\n|win|mx555\n|raw|mx555's rating: 1405 → 1424<\/strong> (+19 for winning)\n|raw|khgfjj's rating: 1395 → 1376<\/strong> (-19 for losing)\n|l|\u2606khgfjj\n","uploadtime":1682081660,"views":15,"p1id":"mx555","p2id":"khgfjj","formatid":"gen9vgc2023regulationc","rating":1376,"private":0,"password":""}