{"id":"gen9vgc2023regulationc-1855361850","p1":"TheOneTrueMrBean","p2":"project g1","format":"[Gen 9] VGC 2023 Regulation C","log":"|j|\u2606TheOneTrueMrBean\n|j|\u2606project g1\n|t:|1682943080\n|gametype|doubles\n|player|p1|TheOneTrueMrBean|swimmer-gen4dp|1189\n|player|p2|project g1|backersf|1119\n|teamsize|p1|6\n|teamsize|p2|6\n|gen|9\n|tier|[Gen 9] VGC 2023 Regulation C\n|rated|\n|rule|Species Clause: Limit one of each Pok\u00e9mon\n|rule|Item Clause: Limit one of each item\n|clearpoke\n|poke|p1|Ceruledge, L50, F|\n|poke|p1|Iron Hands, L50|\n|poke|p1|Iron Bundle, L50|\n|poke|p1|Flamigo, L50, M|\n|poke|p1|Palafin, L50, F|\n|poke|p1|Amoonguss, L50, F|\n|poke|p2|Abomasnow, L50, M|\n|poke|p2|Baxcalibur, L50, M|\n|poke|p2|Iron Bundle, L50|\n|poke|p2|Gholdengo, L50|\n|poke|p2|Pawmot, L50, F|\n|poke|p2|Dunsparce, L50, M|\n|teampreview|4\n|\n|t:|1682943093\n|start\n|switch|p1a: Distraction|Iron Hands, L50|100\/100\n|switch|p1b: All Might|Palafin, L50, F|100\/100\n|switch|p2a: Abomasnow|Abomasnow, L50, M|100\/100\n|switch|p2b: Dunsparce|Dunsparce, L50, M|100\/100\n|-weather|Snow|[from] ability: Snow Warning|[of] p2a: Abomasnow\n|turn|1\n|\n|t:|1682943107\n|-terastallize|p2b: Dunsparce|Ghost\n|move|p1b: All Might|Drain Punch|p2a: Abomasnow\n|-supereffective|p2a: Abomasnow\n|-damage|p2a: Abomasnow|66\/100\n|-damage|p1b: All Might|91\/100|[from] item: Life Orb\n|move|p2a: Abomasnow|Aurora Veil|p2a: Abomasnow\n|-sidestart|p2: project g1|move: Aurora Veil\n|move|p1a: Distraction|Swords Dance|p1a: Distraction\n|-boost|p1a: Distraction|atk|2\n|move|p2b: Dunsparce|Blizzard|p1a: Distraction|[spread] p1a,p1b\n|-resisted|p1b: All Might\n|-damage|p1a: Distraction|86\/100\n|-damage|p1b: All Might|80\/100\n|\n|-weather|Snow|[upkeep]\n|-heal|p1a: Distraction|92\/100|[from] item: Leftovers\n|upkeep\n|turn|2\n|\n|t:|1682943121\n|detailschange|p1b: All Might|Palafin-Hero, L50, F\n|switch|p1b: Edgelord69|Ceruledge, L50, F|100\/100\n|move|p2a: Abomasnow|Giga Drain|p1b: Edgelord69\n|-resisted|p1b: Edgelord69\n|-damage|p1b: Edgelord69|83\/100\n|-heal|p2a: Abomasnow|73\/100|[from] drain|[of] p1b: Edgelord69\n|move|p1a: Distraction|Swords Dance|p1a: Distraction\n|-boost|p1a: Distraction|atk|2\n|move|p2b: Dunsparce|Blizzard|p1a: Distraction|[spread] p1a,p1b\n|-resisted|p1b: Edgelord69\n|-damage|p1a: Distraction|79\/100\n|-damage|p1b: Edgelord69|75\/100\n|-status|p1a: Distraction|frz\n|\n|-weather|Snow|[upkeep]\n|-heal|p1a: Distraction|85\/100 frz|[from] item: Leftovers\n|upkeep\n|turn|3\n|\n|t:|1682943139\n|move|p1b: Edgelord69|Bitter Blade|p2a: Abomasnow\n|-supereffective|p2a: Abomasnow\n|-damage|p2a: Abomasnow|0 fnt\n|-heal|p1b: Edgelord69|100\/100|[from] drain|[of] p2a: Abomasnow\n|faint|p2a: Abomasnow\n|cant|p1a: Distraction|frz\n|move|p2b: Dunsparce|Blizzard|p1a: Distraction|[spread] p1a,p1b\n|-resisted|p1b: Edgelord69\n|-damage|p1a: Distraction|71\/100 frz\n|-damage|p1b: Edgelord69|92\/100\n|\n|-weather|Snow|[upkeep]\n|-heal|p1a: Distraction|77\/100 frz|[from] item: Leftovers\n|upkeep\n|\n|t:|1682943148\n|switch|p2a: Iron Bundle|Iron Bundle, L50|100\/100\n|turn|4\n|\n|t:|1682943156\n|move|p2a: Iron Bundle|Hydro Pump|p1b: Edgelord69\n|-supereffective|p1b: Edgelord69\n|-damage|p1b: Edgelord69|0 fnt\n|faint|p1b: Edgelord69\n|cant|p1a: Distraction|frz\n|move|p2b: Dunsparce|Blizzard|p1a: Distraction\n|-damage|p1a: Distraction|58\/100 frz\n|\n|-weather|Snow|[upkeep]\n|-heal|p1a: Distraction|64\/100 frz|[from] item: Leftovers\n|upkeep\n|\n|t:|1682943170\n|switch|p1b: Dread Flamingo|Flamigo, L50, M|100\/100\n|-copyboost|p1b: Dread Flamingo|p1a: Distraction|[from] ability: Costar\n|turn|5\n|\n|t:|1682943181\n|move|p1b: Dread Flamingo|Close Combat|p2a: Iron Bundle\n|-supereffective|p2a: Iron Bundle\n|-damage|p2a: Iron Bundle|0 fnt\n|-unboost|p1b: Dread Flamingo|def|1\n|-unboost|p1b: Dread Flamingo|spd|1\n|faint|p2a: Iron Bundle\n|-end|p2a: Iron Bundle|Quark Drive|[silent]\n|cant|p1a: Distraction|frz\n|move|p2b: Dunsparce|Blizzard|p1b: Dread Flamingo|[spread] p1a,p1b\n|-supereffective|p1b: Dread Flamingo\n|-damage|p1a: Distraction|51\/100 frz\n|-damage|p1b: Dread Flamingo|33\/100\n|-status|p1b: Dread Flamingo|frz\n|\n|-weather|none\n|-heal|p1a: Distraction|57\/100 frz|[from] item: Leftovers\n|-sideend|p2: project g1|move: Aurora Veil\n|upkeep\n|\n|t:|1682943191\n|switch|p2a: Pawmot|Pawmot, L50, F|100\/100\n|turn|6\n|c|\u2606TheOneTrueMrBean|>:(\n|c|\u2606project g1|serene grace blizzard.\n|\n|t:|1682943208\n|move|p2a: Pawmot|Fake Out|p1a: Distraction\n|-damage|p1a: Distraction|50\/100 frz\n|cant|p1b: Dread Flamingo|frz\n|-curestatus|p1a: Distraction|frz|[msg]\n|cant|p1a: Distraction|flinch\n|move|p2b: Dunsparce|Blizzard|p1b: Dread Flamingo|[spread] p1a,p1b\n|-supereffective|p1b: Dread Flamingo\n|-damage|p1a: Distraction|36\/100\n|-damage|p1b: Dread Flamingo|0 fnt\n|faint|p1b: Dread Flamingo\n|\n|-heal|p1a: Distraction|42\/100|[from] item: Leftovers\n|upkeep\n|c|\u2606TheOneTrueMrBean|thats hilarious\n|\n|t:|1682943221\n|switch|p1b: All Might|Palafin-Hero, L50, F|80\/100\n|-activate|p1b: All Might|ability: Zero to Hero\n|turn|7\n|\n|t:|1682943237\n|move|p1b: All Might|Protect|p1b: All Might\n|-singleturn|p1b: All Might|Protect\n|move|p2a: Pawmot|Encore|p1a: Distraction\n|-start|p1a: Distraction|Encore\n|move|p1a: Distraction|Swords Dance|p1a: Distraction\n|-boost|p1a: Distraction|atk|2\n|move|p2b: Dunsparce|Blizzard|p1a: Distraction|[spread] p1a\n|-activate|p1b: All Might|move: Protect\n|-damage|p1a: Distraction|28\/100\n|\n|-heal|p1a: Distraction|34\/100|[from] item: Leftovers\n|upkeep\n|turn|8\n|c|\u2606project g1|thanks\n|c|\u2606project g1|its evil tho\n|\n|t:|1682943264\n|move|p2a: Pawmot|Encore|p1b: All Might\n|-start|p1b: All Might|Encore\n|move|p1b: All Might|Protect|p1b: All Might\n|-singleturn|p1b: All Might|Protect\n|move|p1a: Distraction|Swords Dance|p1a: Distraction\n|-boost|p1a: Distraction|atk|0\n|move|p2b: Dunsparce|Blizzard|p1b: All Might|[spread] p1a\n|-activate|p1b: All Might|move: Protect\n|-damage|p1a: Distraction|19\/100\n|\n|-heal|p1a: Distraction|25\/100|[from] item: Leftovers\n|upkeep\n|turn|9\n|\n|t:|1682943279\n|move|p1b: All Might|Protect||[still]\n|-fail|p1b: All Might\n|move|p2a: Pawmot|Revival Blessing|p2a: Pawmot\n|\n|t:|1682943285\n|-heal|p2: Iron Bundle|50\/100|[from] move: Revival Blessing\n|move|p1a: Distraction|Swords Dance|p1a: Distraction\n|-boost|p1a: Distraction|atk|0\n|move|p2b: Dunsparce|Hyper Drill|p1b: All Might\n|-damage|p1b: All Might|56\/100\n|\n|-heal|p1a: Distraction|31\/100|[from] item: Leftovers\n|-end|p1a: Distraction|Encore\n|upkeep\n|turn|10\n|c|\u2606TheOneTrueMrBean|OMG\n|\n|t:|1682943301\n|move|p1b: All Might|Protect|p1b: All Might\n|-singleturn|p1b: All Might|Protect\n|move|p1a: Distraction|Protect|p1a: Distraction\n|-singleturn|p1a: Distraction|Protect\n|move|p2a: Pawmot|Encore|p1a: Distraction\n|-activate|p1a: Distraction|move: Protect\n|move|p2b: Dunsparce|Hyper Drill|p1b: All Might\n|-damage|p1b: All Might|28\/100\n|\n|-heal|p1a: Distraction|37\/100|[from] item: Leftovers\n|-end|p1b: All Might|Encore\n|upkeep\n|turn|11\n|\n|t:|1682943315\n|-terastallize|p1b: All Might|Water\n|move|p1b: All Might|Jet Punch|p2a: Pawmot\n|-damage|p2a: Pawmot|3\/100\n|-damage|p1b: All Might|18\/100|[from] item: Life Orb\n|move|p2a: Pawmot|Encore|p1a: Distraction\n|-start|p1a: Distraction|Encore\n|move|p1a: Distraction|Protect||[still]\n|-fail|p1a: Distraction\n|move|p2b: Dunsparce|Hyper Drill|p1b: All Might\n|-damage|p1b: All Might|0 fnt\n|faint|p1b: All Might\n|\n|-heal|p1a: Distraction|44\/100|[from] item: Leftovers\n|upkeep\n|turn|12\n|c|\u2606TheOneTrueMrBean|dammit\n|c|\u2606TheOneTrueMrBean|gg\n|c|\u2606project g1|yuppp\n|c|\u2606project g1|gg\n|-message|TheOneTrueMrBean forfeited.\n|\n|win|project g1\n|raw|TheOneTrueMrBean's rating: 1189 → 1159<\/strong> (-30 for losing)\n|raw|project g1's rating: 1119 → 1149<\/strong> (+30 for winning)\n|l|\u2606TheOneTrueMrBean\n","uploadtime":1682943334,"views":33,"p1id":"theonetruemrbean","p2id":"projectg1","formatid":"gen9vgc2023regulationc","rating":1149,"private":0,"password":""}