{"id":"gen9vgc2023regulationc-1860410234","p1":"SeaOfBlueFlowers","p2":"littensalt","format":"[Gen 9] VGC 2023 Regulation C","log":"|j|\u2606SeaOfBlueFlowers\n|j|\u2606littensalt\n|t:|1683641784\n|gametype|doubles\n|player|p1|SeaOfBlueFlowers|1|1080\n|player|p2|littensalt|hugh|1129\n|teamsize|p1|6\n|teamsize|p2|6\n|gen|9\n|tier|[Gen 9] VGC 2023 Regulation C\n|rated|\n|rule|Species Clause: Limit one of each Pok\u00e9mon\n|rule|Item Clause: Limit one of each item\n|clearpoke\n|poke|p1|Great Tusk, L50|\n|poke|p1|Rabsca, L50, F|\n|poke|p1|Torkoal, L50, M|\n|poke|p1|Annihilape, L50, M|\n|poke|p1|Amoonguss, L50, M|\n|poke|p1|Flutter Mane, L50|\n|poke|p2|Indeedee-F, L50, F|\n|poke|p2|Armarouge, L50, F|\n|poke|p2|Gholdengo, L50|\n|poke|p2|Murkrow, L50, M|\n|poke|p2|Meowscarada, L50, M|\n|poke|p2|Great Tusk, L50|\n|teampreview|4\n|\n|t:|1683641806\n|start\n|switch|p1a: Rabsca|Rabsca, L50, F|100\/100\n|switch|p1b: Annihilape|Annihilape, L50, M|100\/100\n|switch|p2a: Indeedee|Indeedee-F, L50, F|100\/100\n|switch|p2b: Armarouge|Armarouge, L50, F|100\/100\n|-fieldstart|move: Psychic Terrain|[from] ability: Psychic Surge|[of] p2a: Indeedee\n|-enditem|p2a: Indeedee|Psychic Seed\n|-boost|p2a: Indeedee|spd|1|[from] item: Psychic Seed\n|turn|1\n|\n|t:|1683641825\n|-terastallize|p1a: Rabsca|Water\n|move|p2a: Indeedee|Follow Me|p2a: Indeedee\n|-singleturn|p2a: Indeedee|move: Follow Me\n|move|p1b: Annihilape|Final Gambit|p2a: Indeedee\n|-damage|p2a: Indeedee|0 fnt\n|faint|p1b: Annihilape\n|faint|p2a: Indeedee\n|move|p2b: Armarouge|Trick Room|p2b: Armarouge\n|-fieldstart|move: Trick Room|[of] p2b: Armarouge\n|move|p1a: Rabsca|Trick Room|p1a: Rabsca\n|-fieldend|move: Trick Room\n|\n|upkeep\n|\n|t:|1683641839\n|switch|p1b: Great Tusk|Great Tusk, L50|100\/100\n|switch|p2a: Gholdengo|Gholdengo, L50|100\/100\n|turn|2\n|\n|t:|1683641851\n|move|p2a: Gholdengo|Shadow Ball|p1a: Rabsca\n|-damage|p1a: Rabsca|66\/100\n|move|p2b: Armarouge|Expanding Force|p1b: Great Tusk|[spread] p1a,p1b\n|-supereffective|p1b: Great Tusk\n|-damage|p1a: Rabsca|20\/100\n|-damage|p1b: Great Tusk|0 fnt\n|faint|p1b: Great Tusk\n|-end|p1b: Great Tusk|Protosynthesis|[silent]\n|-damage|p2b: Armarouge|91\/100|[from] item: Life Orb\n|move|p1a: Rabsca|Trick Room|p1a: Rabsca\n|-fieldstart|move: Trick Room|[of] p1a: Rabsca\n|\n|upkeep\n|\n|t:|1683641853\n|switch|p1b: Torkoal|Torkoal, L50, M|100\/100\n|-weather|SunnyDay|[from] ability: Drought|[of] p1b: Torkoal\n|turn|3\n|\n|t:|1683641879\n|move|p2a: Gholdengo|Protect|p2a: Gholdengo\n|-singleturn|p2a: Gholdengo|Protect\n|move|p1b: Torkoal|Heat Wave|p2b: Armarouge|[spread] \n|-activate|p2a: Gholdengo|move: Protect\n|-start|p2b: Armarouge|ability: Flash Fire\n|move|p1a: Rabsca|Revival Blessing|p1a: Rabsca\n|-enditem|p1a: Rabsca|Leppa Berry|[eat]\n|-activate|p1a: Rabsca|item: Leppa Berry|Revival Blessing|[consumed]\n|\n|t:|1683641883\n|-heal|p1: Great Tusk|50\/100|[from] move: Revival Blessing\n|move|p2b: Armarouge|Expanding Force|p1a: Rabsca|[spread] p1a,p1b\n|-damage|p1a: Rabsca|0 fnt\n|-damage|p1b: Torkoal|18\/100\n|faint|p1a: Rabsca\n|-damage|p2b: Armarouge|81\/100|[from] item: Life Orb\n|\n|-weather|SunnyDay|[upkeep]\n|upkeep\n|\n|t:|1683641885\n|switch|p1a: Great Tusk|Great Tusk, L50|50\/100\n|-activate|p1a: Great Tusk|ability: Protosynthesis\n|-start|p1a: Great Tusk|protosynthesisatk\n|turn|4\n|\n|t:|1683641902\n|switch|p2a: Great Tusk|Great Tusk, L50|100\/100\n|-activate|p2a: Great Tusk|ability: Protosynthesis\n|-start|p2a: Great Tusk|protosynthesisatk\n|move|p1b: Torkoal|Heat Wave|p2b: Armarouge|[spread] p2a\n|-immune|p2b: Armarouge|[from] ability: Flash Fire\n|-damage|p2a: Great Tusk|0 fnt\n|faint|p2a: Great Tusk\n|-end|p2a: Great Tusk|Protosynthesis|[silent]\n|move|p1a: Great Tusk|Earthquake|p2b: Armarouge|[spread] p1b,p2b\n|-supereffective|p1b: Torkoal\n|-supereffective|p2b: Armarouge\n|-damage|p1b: Torkoal|0 fnt\n|-damage|p2b: Armarouge|0 fnt\n|faint|p1b: Torkoal\n|faint|p2b: Armarouge\n|\n|-weather|SunnyDay|[upkeep]\n|upkeep\n|\n|t:|1683641914\n|switch|p2a: Gholdengo|Gholdengo, L50|100\/100\n|turn|5\n|\n|t:|1683641919\n|-terastallize|p2a: Gholdengo|Steel\n|move|p1a: Great Tusk|Earthquake|p2a: Gholdengo\n|-supereffective|p2a: Gholdengo\n|-damage|p2a: Gholdengo|0 fnt\n|faint|p2a: Gholdengo\n|\n|win|SeaOfBlueFlowers\n|raw|SeaOfBlueFlowers's rating: 1080 → 1112<\/strong> (+32 for winning)\n|raw|littensalt's rating: 1129 → 1100<\/strong> (-29 for losing)\n|l|\u2606SeaOfBlueFlowers\n|c|\u2606littensalt|gg\n","uploadtime":1683641929,"views":8,"p1id":"seaofblueflowers","p2id":"littensalt","formatid":"gen9vgc2023regulationc","rating":1100,"private":0,"password":""}