{"id":"gen9vgc2023regulationc-1851994062","p1":"Resok","p2":"islairishVGC","format":"[Gen 9] VGC 2023 Regulation C","log":"|j|\u2606Resok\n|j|\u2606islairishVGC\n|t:|1682514898\n|gametype|doubles\n|player|p1|Resok|102|1401\n|player|p2|islairishVGC|dawn|1471\n|teamsize|p1|6\n|teamsize|p2|6\n|gen|9\n|tier|[Gen 9] VGC 2023 Regulation C\n|rated|\n|rule|Species Clause: Limit one of each Pok\u00e9mon\n|rule|Item Clause: Limit one of each item\n|clearpoke\n|poke|p1|Scizor, L50, M|\n|poke|p1|Palafin, L50, M|\n|poke|p1|Iron Bundle, L50|\n|poke|p1|Arcanine, L50, F|\n|poke|p1|Chi-Yu, L50|\n|poke|p1|Ting-Lu, L50|\n|poke|p2|Flutter Mane, L50|\n|poke|p2|Chi-Yu, L50|\n|poke|p2|Gyarados, L50, F|\n|poke|p2|Tyranitar, L50, F|\n|poke|p2|Bronzong, L50|\n|poke|p2|Amoonguss, L50, F|\n|teampreview|4\n|inactive|Battle timer is ON: inactive players will automatically lose when time's up. (requested by islairishVGC)\n|\n|t:|1682514935\n|start\n|switch|p1a: Iron Bundle|Iron Bundle, L50|100\/100\n|switch|p1b: Chi-Yu|Chi-Yu, L50|100\/100\n|switch|p2a: Tyranitar|Tyranitar, L50, F|100\/100\n|switch|p2b: Gyarados|Gyarados, L50, F|100\/100\n|-ability|p1b: Chi-Yu|Beads of Ruin\n|-ability|p2b: Gyarados|Intimidate|boost\n|-unboost|p1a: Iron Bundle|atk|1\n|-unboost|p1b: Chi-Yu|atk|1\n|-weather|Sandstorm|[from] ability: Sand Stream|[of] p2a: Tyranitar\n|-enditem|p1a: Iron Bundle|Booster Energy\n|-activate|p1a: Iron Bundle|ability: Quark Drive|[fromitem]\n|-start|p1a: Iron Bundle|quarkdrivespe\n|turn|1\n|inactive|Resok has 30 seconds left.\n|inactive|Resok has 20 seconds left.\n|\n|t:|1682514972\n|-terastallize|p1b: Chi-Yu|Grass\n|move|p1a: Iron Bundle|Hydro Pump|p2a: Tyranitar\n|-supereffective|p2a: Tyranitar\n|-damage|p2a: Tyranitar|16\/100\n|move|p1b: Chi-Yu|Tera Blast|p2a: Tyranitar\n|-supereffective|p2a: Tyranitar\n|-damage|p2a: Tyranitar|0 fnt\n|faint|p2a: Tyranitar\n|move|p2b: Gyarados|Waterfall|p1b: Chi-Yu\n|-resisted|p1b: Chi-Yu\n|-damage|p1b: Chi-Yu|67\/100\n|\n|-weather|Sandstorm|[upkeep]\n|-damage|p1a: Iron Bundle|94\/100|[from] Sandstorm\n|-damage|p1b: Chi-Yu|61\/100|[from] Sandstorm\n|-damage|p2b: Gyarados|95\/100|[from] Sandstorm\n|upkeep\n|\n|t:|1682514983\n|switch|p2a: Bronzong|Bronzong, L50|100\/100\n|turn|2\n|\n|t:|1682514999\n|switch|p1b: Scizor|Scizor, L50, M|100\/100\n|-terastallize|p2a: Bronzong|Fire\n|move|p2b: Gyarados|Protect|p2b: Gyarados\n|-singleturn|p2b: Gyarados|Protect\n|move|p1a: Iron Bundle|Freeze-Dry|p2b: Gyarados\n|-activate|p2b: Gyarados|move: Protect\n|move|p2a: Bronzong|Trick Room|p2a: Bronzong\n|-fieldstart|move: Trick Room|[of] p2a: Bronzong\n|\n|-weather|Sandstorm|[upkeep]\n|-damage|p2b: Gyarados|89\/100|[from] Sandstorm\n|-damage|p1a: Iron Bundle|88\/100|[from] Sandstorm\n|upkeep\n|turn|3\n|inactive|Resok has 30 seconds left.\n|\n|t:|1682515026\n|switch|p2b: Amoonguss|Amoonguss, L50, F|100\/100\n|move|p2a: Bronzong|Iron Defense|p2a: Bronzong\n|-boost|p2a: Bronzong|def|2\n|move|p1b: Scizor|Close Combat|p2a: Bronzong\n|-damage|p2a: Bronzong|74\/100\n|-unboost|p1b: Scizor|def|1\n|-unboost|p1b: Scizor|spd|1\n|move|p1a: Iron Bundle|Freeze-Dry|p2b: Amoonguss\n|-supereffective|p2b: Amoonguss\n|-damage|p2b: Amoonguss|39\/100\n|-status|p2b: Amoonguss|frz\n|-enditem|p2b: Amoonguss|Sitrus Berry|[eat]\n|-heal|p2b: Amoonguss|64\/100 frz|[from] item: Sitrus Berry\n|\n|-weather|Sandstorm|[upkeep]\n|-damage|p2b: Amoonguss|58\/100 frz|[from] Sandstorm\n|-damage|p1a: Iron Bundle|82\/100|[from] Sandstorm\n|upkeep\n|turn|4\n|\n|t:|1682515049\n|switch|p1b: Chi-Yu|Chi-Yu, L50, tera:Grass|61\/100\n|-ability|p1b: Chi-Yu|Beads of Ruin\n|move|p1a: Iron Bundle|Protect|p1a: Iron Bundle\n|-singleturn|p1a: Iron Bundle|Protect\n|move|p2a: Bronzong|Body Press|p1b: Chi-Yu\n|-damage|p1b: Chi-Yu|0 fnt\n|faint|p1b: Chi-Yu\n|cant|p2b: Amoonguss|frz\n|\n|-weather|Sandstorm|[upkeep]\n|-damage|p2b: Amoonguss|52\/100 frz|[from] Sandstorm\n|-damage|p1a: Iron Bundle|76\/100|[from] Sandstorm\n|upkeep\n|\n|t:|1682515064\n|switch|p1b: Ting-Lu|Ting-Lu, L50|100\/100\n|-ability|p1b: Ting-Lu|Vessel of Ruin\n|turn|5\n|\n|t:|1682515076\n|move|p2a: Bronzong|Body Press|p1a: Iron Bundle\n|-supereffective|p1a: Iron Bundle\n|-damage|p1a: Iron Bundle|0 fnt\n|faint|p1a: Iron Bundle\n|-end|p1a: Iron Bundle|Quark Drive|[silent]\n|cant|p2b: Amoonguss|frz\n|move|p1b: Ting-Lu|Fissure|p2b: Amoonguss|[miss]\n|-miss|p1b: Ting-Lu|p2b: Amoonguss\n|\n|-weather|none\n|upkeep\n|\n|t:|1682515087\n|switch|p1a: Scizor|Scizor, L50, M|100\/100\n|turn|6\n|\n|t:|1682515100\n|switch|p2b: Gyarados|Gyarados, L50, F|89\/100\n|-ability|p2b: Gyarados|Intimidate|boost\n|-unboost|p1a: Scizor|atk|1\n|-unboost|p1b: Ting-Lu|atk|1\n|move|p2a: Bronzong|Iron Defense|p2a: Bronzong\n|-boost|p2a: Bronzong|def|2\n|move|p1b: Ting-Lu|Heavy Slam|p2a: Bronzong\n|-resisted|p2a: Bronzong\n|-damage|p2a: Bronzong|72\/100\n|move|p1a: Scizor|U-turn|p2b: Gyarados\n|-resisted|p2b: Gyarados\n|-damage|p2b: Gyarados|65\/100\n|\n|-fieldend|move: Trick Room\n|upkeep\n|turn|7\n|l|\u2606Resok\n|inactive|Resok disconnected and has a minute to reconnect!\n|player|p1|\n|inactive|Resok has 30 seconds left.\n|j|\u2606Resok\n|inactive|Resok reconnected and has 25 seconds left.\n|player|p1|Resok|102\n|inactive|Resok has 20 seconds left.\n|inactive|Resok has 15 seconds left.\n|\n|t:|1682515141\n|switch|p2b: Amoonguss|Amoonguss, L50, F|85\/100 frz\n|move|p1a: Scizor|U-turn|p2a: Bronzong\n|-resisted|p2a: Bronzong\n|-damage|p2a: Bronzong|67\/100\n|move|p1b: Ting-Lu|Heavy Slam|p2a: Bronzong\n|-resisted|p2a: Bronzong\n|-crit|p2a: Bronzong\n|-damage|p2a: Bronzong|56\/100\n|move|p2a: Bronzong|Iron Defense|p2a: Bronzong\n|-boost|p2a: Bronzong|def|2\n|\n|upkeep\n|turn|8\n|-message|Resok forfeited.\n|\n|win|islairishVGC\n|raw|Resok's rating: 1401 → 1385<\/strong> (-16 for losing)\n|raw|islairishVGC's rating: 1471 → 1487<\/strong> (+16 for winning)\n|l|\u2606Resok\n","uploadtime":1682515159,"views":6,"p1id":"resok","p2id":"islairishvgc","formatid":"gen9vgc2023regulationc","rating":1385,"private":0,"password":""}