{"id":"gen9vgc2023regulationc-1858052375","p1":"abhinavamp","p2":"Kush_Fairy_dust","format":"[Gen 9] VGC 2023 Regulation C","log":"|j|\u2606abhinavamp\n|j|\u2606Kush_Fairy_dust\n|t:|1683267302\n|gametype|doubles\n|player|p1|abhinavamp|hilbert|1166\n|player|p2|Kush_Fairy_dust|cress|1139\n|teamsize|p1|6\n|teamsize|p2|6\n|gen|9\n|tier|[Gen 9] VGC 2023 Regulation C\n|rated|\n|rule|Species Clause: Limit one of each Pok\u00e9mon\n|rule|Item Clause: Limit one of each item\n|clearpoke\n|poke|p1|Gholdengo, L50|\n|poke|p1|Murkrow, L50, M|\n|poke|p1|Armarouge, L50, M|\n|poke|p1|Indeedee-F, L50, F|\n|poke|p1|Iron Bundle, L50|\n|poke|p1|Ting-Lu, L50|\n|poke|p2|Dondozo, L50, M|\n|poke|p2|Tatsugiri, L50, F|\n|poke|p2|Pelipper, L50, F|\n|poke|p2|Palafin, L50, M|\n|poke|p2|Iron Bundle, L50|\n|poke|p2|Quaquaval, L50, M|\n|teampreview|4\n|inactive|Battle timer is ON: inactive players will automatically lose when time's up. (requested by abhinavamp)\n|\n|t:|1683267345\n|start\n|switch|p1a: Iron Bundle|Iron Bundle, L50|100\/100\n|switch|p1b: Murkrow|Murkrow, L50, M|100\/100\n|switch|p2a: Iron Bundle|Iron Bundle, L50|100\/100\n|switch|p2b: Palafin|Palafin, L50, M|100\/100\n|turn|1\n|\n|t:|1683267368\n|detailschange|p2b: Palafin|Palafin-Hero, L50, M\n|switch|p2b: Tatsugiri|Tatsugiri, L50, F|100\/100\n|move|p1b: Murkrow|Tailwind|p1b: Murkrow\n|-sidestart|p1: abhinavamp|move: Tailwind\n|move|p1a: Iron Bundle|Freeze-Dry|p2b: Tatsugiri\n|-supereffective|p2b: Tatsugiri\n|-damage|p2b: Tatsugiri|0 fnt\n|faint|p2b: Tatsugiri\n|move|p2a: Iron Bundle|Freeze-Dry|p1a: Iron Bundle\n|-damage|p1a: Iron Bundle|31\/100\n|\n|upkeep\n|\n|t:|1683267380\n|switch|p2b: Palafin|Palafin-Hero, L50, M|100\/100\n|-activate|p2b: Palafin|ability: Zero to Hero\n|turn|2\n|\n|t:|1683267397\n|-terastallize|p2b: Palafin|Water\n|move|p1a: Iron Bundle|Protect|p1a: Iron Bundle\n|-singleturn|p1a: Iron Bundle|Protect\n|move|p2b: Palafin|Jet Punch|p1a: Iron Bundle\n|-activate|p1a: Iron Bundle|move: Protect\n|move|p1b: Murkrow|Foul Play|p2b: Palafin\n|-damage|p2b: Palafin|33\/100\n|move|p2a: Iron Bundle|Freeze-Dry|p1a: Iron Bundle\n|-activate|p1a: Iron Bundle|move: Protect\n|\n|upkeep\n|turn|3\n|inactive|Kush_Fairy_dust has 30 seconds left.\n|\n|t:|1683267425\n|-end|p1a: Iron Bundle|Quark Drive|[silent]\n|switch|p1a: Indeedee|Indeedee-F, L50, F|100\/100\n|-fieldstart|move: Psychic Terrain|[from] ability: Psychic Surge|[of] p1a: Indeedee\n|-enditem|p1a: Indeedee|Psychic Seed\n|-boost|p1a: Indeedee|spd|1|[from] item: Psychic Seed\n|move|p1b: Murkrow|Foul Play|p2b: Palafin\n|-damage|p2b: Palafin|0 fnt\n|faint|p2b: Palafin\n|move|p2a: Iron Bundle|Freeze-Dry|p1a: Indeedee\n|-damage|p1a: Indeedee|81\/100\n|\n|upkeep\n|\n|t:|1683267438\n|switch|p2b: Dondozo|Dondozo, L50, M|100\/100\n|turn|4\n|\n|t:|1683267450\n|move|p1a: Indeedee|Protect|p1a: Indeedee\n|-singleturn|p1a: Indeedee|Protect\n|move|p1b: Murkrow|Foul Play|p2b: Dondozo\n|-damage|p2b: Dondozo|73\/100\n|move|p2a: Iron Bundle|Icy Wind|p1b: Murkrow|[spread] p1b\n|-activate|p1a: Indeedee|move: Protect\n|-supereffective|p1b: Murkrow\n|-damage|p1b: Murkrow|57\/100\n|-unboost|p1b: Murkrow|spe|1\n|move|p2b: Dondozo|Substitute|p2b: Dondozo\n|-start|p2b: Dondozo|Substitute\n|-damage|p2b: Dondozo|48\/100\n|\n|-heal|p2b: Dondozo|55\/100|[from] item: Leftovers\n|-sideend|p1: abhinavamp|move: Tailwind\n|upkeep\n|turn|5\n|inactive|Kush_Fairy_dust has 30 seconds left.\n|\n|t:|1683267479\n|move|p1b: Murkrow|Tailwind|p1b: Murkrow\n|-sidestart|p1: abhinavamp|move: Tailwind\n|move|p1a: Indeedee|Dazzling Gleam|p2b: Dondozo|[spread] p2a,p2b\n|-activate|p2b: Dondozo|move: Substitute|[damage]\n|-damage|p2a: Iron Bundle|75\/100\n|move|p2a: Iron Bundle|Icy Wind|p1b: Murkrow|[spread] p1a,p1b\n|-supereffective|p1b: Murkrow\n|-damage|p1a: Indeedee|69\/100\n|-damage|p1b: Murkrow|13\/100\n|-unboost|p1a: Indeedee|spe|1\n|-unboost|p1b: Murkrow|spe|1\n|move|p2b: Dondozo|Wave Crash|p1b: Murkrow\n|-damage|p1b: Murkrow|0 fnt\n|faint|p1b: Murkrow\n|-damage|p2b: Dondozo|52\/100|[from] Recoil\n|\n|-heal|p2b: Dondozo|58\/100|[from] item: Leftovers\n|upkeep\n|\n|t:|1683267496\n|switch|p1b: Armarouge|Armarouge, L50, M|100\/100\n|turn|6\n|\n|t:|1683267504\n|move|p1a: Indeedee|Helping Hand|p1b: Armarouge\n|-singleturn|p1b: Armarouge|Helping Hand|[of] p1a: Indeedee\n|move|p2a: Iron Bundle|Protect|p2a: Iron Bundle\n|-singleturn|p2a: Iron Bundle|Protect\n|move|p1b: Armarouge|Expanding Force|p2b: Dondozo|[spread] p2b\n|-activate|p2a: Iron Bundle|move: Protect\n|-end|p2b: Dondozo|Substitute\n|-damage|p1b: Armarouge|90\/100|[from] item: Life Orb\n|move|p2b: Dondozo|Wave Crash|p1b: Armarouge\n|-supereffective|p1b: Armarouge\n|-damage|p1b: Armarouge|0 fnt\n|faint|p1b: Armarouge\n|-damage|p2b: Dondozo|35\/100|[from] Recoil\n|\n|-heal|p2b: Dondozo|41\/100|[from] item: Leftovers\n|upkeep\n|\n|t:|1683267519\n|switch|p1b: Iron Bundle|Iron Bundle, L50|31\/100\n|turn|7\n|inactive|Kush_Fairy_dust has 30 seconds left.\n|\n|t:|1683267549\n|move|p1a: Indeedee|Follow Me|p1a: Indeedee\n|-singleturn|p1a: Indeedee|move: Follow Me\n|move|p1b: Iron Bundle|Freeze-Dry|p2b: Dondozo\n|-supereffective|p2b: Dondozo\n|-damage|p2b: Dondozo|0 fnt\n|faint|p2b: Dondozo\n|move|p2a: Iron Bundle|Freeze-Dry|p1a: Indeedee\n|-damage|p1a: Indeedee|49\/100\n|-status|p1a: Indeedee|frz\n|\n|-fieldend|move: Psychic Terrain\n|upkeep\n|turn|8\n|\n|t:|1683267564\n|move|p2a: Iron Bundle|Protect|p2a: Iron Bundle\n|-singleturn|p2a: Iron Bundle|Protect\n|cant|p1a: Indeedee|frz\n|move|p1b: Iron Bundle|Freeze-Dry|p2a: Iron Bundle\n|-activate|p2a: Iron Bundle|move: Protect\n|\n|-sideend|p1: abhinavamp|move: Tailwind\n|upkeep\n|turn|9\n|\n|t:|1683267572\n|move|p1b: Iron Bundle|Protect|p1b: Iron Bundle\n|-singleturn|p1b: Iron Bundle|Protect\n|move|p2a: Iron Bundle|Freeze-Dry|p1b: Iron Bundle\n|-activate|p1b: Iron Bundle|move: Protect\n|cant|p1a: Indeedee|frz\n|\n|upkeep\n|turn|10\n|\n|t:|1683267584\n|cant|p1a: Indeedee|frz\n|move|p1b: Iron Bundle|Freeze-Dry|p2a: Iron Bundle\n|-damage|p2a: Iron Bundle|10\/100\n|move|p2a: Iron Bundle|Icy Wind|p1a: Indeedee|[spread] p1a,p1b\n|-resisted|p1b: Iron Bundle\n|-damage|p1a: Indeedee|37\/100 frz\n|-damage|p1b: Iron Bundle|20\/100\n|-unboost|p1a: Indeedee|spe|1\n|-unboost|p1b: Iron Bundle|spe|1\n|\n|upkeep\n|turn|11\n|\n|t:|1683267598\n|move|p1b: Iron Bundle|Protect|p1b: Iron Bundle\n|-singleturn|p1b: Iron Bundle|Protect\n|cant|p1a: Indeedee|frz\n|move|p2a: Iron Bundle|Freeze-Dry|p1b: Iron Bundle\n|-activate|p1b: Iron Bundle|move: Protect\n|\n|upkeep\n|turn|12\n|\n|t:|1683267610\n|cant|p1a: Indeedee|frz\n|move|p2a: Iron Bundle|Freeze-Dry|p1b: Iron Bundle\n|-damage|p1b: Iron Bundle|0 fnt\n|faint|p1b: Iron Bundle\n|-end|p1b: Iron Bundle|Quark Drive|[silent]\n|\n|upkeep\n|turn|13\n|\n|t:|1683267619\n|move|p2a: Iron Bundle|Hydro Pump|p1a: Indeedee\n|-damage|p1a: Indeedee|3\/100 frz\n|cant|p1a: Indeedee|frz\n|\n|upkeep\n|turn|14\n|\n|t:|1683267626\n|move|p2a: Iron Bundle|Icy Wind|p1a: Indeedee\n|-damage|p1a: Indeedee|0 fnt\n|faint|p1a: Indeedee\n|\n|win|Kush_Fairy_dust\n|raw|abhinavamp's rating: 1166 → 1139<\/strong> (-27 for losing)\n|raw|Kush_Fairy_dust's rating: 1139 → 1166<\/strong> (+27 for winning)\n","uploadtime":1683267644,"views":5,"p1id":"abhinavamp","p2id":"kushfairydust","formatid":"gen9vgc2023regulationc","rating":1139,"private":0,"password":""}