{"id":"gen9vgc2023regulationc-1857359492","p1":"kaizerfattah","p2":"Bdogplatinum","format":"[Gen 9] VGC 2023 Regulation C","log":"|j|\u2606kaizerfattah\n|j|\u2606Bdogplatinum\n|t:|1683179725\n|gametype|doubles\n|player|p1|kaizerfattah|hilda-wonderlauncher|1327\n|player|p2|Bdogplatinum|cress|1422\n|teamsize|p1|6\n|teamsize|p2|6\n|gen|9\n|tier|[Gen 9] VGC 2023 Regulation C\n|rated|\n|rule|Species Clause: Limit one of each Pok\u00e9mon\n|rule|Item Clause: Limit one of each item\n|clearpoke\n|poke|p1|Dachsbun, L50, F|\n|poke|p1|Flutter Mane, L50|\n|poke|p1|Baxcalibur, L50, F|\n|poke|p1|Chi-Yu, L50|\n|poke|p1|Azumarill, L50, M|\n|poke|p1|Iron Hands, L50|\n|poke|p2|Iron Valiant, L50|\n|poke|p2|Arcanine, L50, M|\n|poke|p2|Chien-Pao, L50|\n|poke|p2|Palafin, L50, M|\n|poke|p2|Amoonguss, L50, F|\n|poke|p2|Corviknight, L50, M|\n|teampreview|4\n|inactive|Battle timer is ON: inactive players will automatically lose when time's up. (requested by kaizerfattah)\n|\n|t:|1683179747\n|start\n|switch|p1a: Hot Loaf|Dachsbun, L50, F|100\/100\n|switch|p1b: Smoked fillet|Chi-Yu, L50|100\/100\n|switch|p2a: Palafin|Palafin, L50, M|100\/100\n|switch|p2b: Amoonguss|Amoonguss, L50, F|100\/100\n|-ability|p1b: Smoked fillet|Beads of Ruin\n|turn|1\n|\n|t:|1683179763\n|detailschange|p2a: Palafin|Palafin-Hero, L50, M\n|switch|p2a: Arcanine|Arcanine, L50, M|100\/100\n|-ability|p2a: Arcanine|Intimidate|boost\n|-unboost|p1a: Hot Loaf|atk|1\n|-unboost|p1b: Smoked fillet|atk|1\n|-terastallize|p1b: Smoked fillet|Grass\n|-terastallize|p2b: Amoonguss|Water\n|move|p1b: Smoked fillet|Lava Plume|p2b: Amoonguss|[spread] p2a,p2b\n|-ability|p1a: Hot Loaf|Well-Baked Body|boost\n|-boost|p1a: Hot Loaf|def|2\n|-resisted|p2a: Arcanine\n|-resisted|p2b: Amoonguss\n|-damage|p2a: Arcanine|75\/100\n|-damage|p2b: Amoonguss|79\/100\n|-status|p2b: Amoonguss|brn\n|move|p1a: Hot Loaf|Yawn||[still]\n|-fail|p1a: Hot Loaf\n|move|p2b: Amoonguss|Spore|p1a: Hot Loaf\n|-status|p1a: Hot Loaf|slp|[from] move: Spore\n|\n|-damage|p2b: Amoonguss|73\/100 brn|[from] brn\n|upkeep\n|turn|2\n|inactive|kaizerfattah has 30 seconds left.\n|inactive|kaizerfattah has 20 seconds left.\n|\n|t:|1683179800\n|switch|p1b: Popsicle|Baxcalibur, L50, F|100\/100\n|move|p2a: Arcanine|Flare Blitz|p1b: Popsicle\n|-damage|p1b: Popsicle|56\/100\n|-ability|p1b: Popsicle|Thermal Exchange|boost\n|-boost|p1b: Popsicle|atk|1\n|-damage|p2a: Arcanine|61\/100|[from] Recoil\n|cant|p1a: Hot Loaf|slp\n|move|p2b: Amoonguss|Pollen Puff|p2a: Arcanine\n|-heal|p2a: Arcanine|100\/100\n|\n|-damage|p2b: Amoonguss|67\/100 brn|[from] brn\n|upkeep\n|turn|3\n|\n|t:|1683179823\n|move|p2b: Amoonguss|Rage Powder|p2b: Amoonguss\n|-singleturn|p2b: Amoonguss|move: Rage Powder\n|move|p2a: Arcanine|Howl|p2a: Arcanine|[spread] p2a,p2b\n|-boost|p2a: Arcanine|atk|1\n|-boost|p2b: Amoonguss|atk|1\n|cant|p1a: Hot Loaf|slp\n|move|p1b: Popsicle|Glaive Rush|p2b: Amoonguss\n|-damage|p2b: Amoonguss|0 fnt\n|-singlemove|p1b: Popsicle|Glaive Rush|[silent]\n|faint|p2b: Amoonguss\n|\n|upkeep\n|\n|t:|1683179827\n|switch|p2b: Palafin|Palafin-Hero, L50, M|100\/100\n|-activate|p2b: Palafin|ability: Zero to Hero\n|turn|4\n|\n|t:|1683179842\n|move|p1b: Popsicle|Protect|p1b: Popsicle\n|-singleturn|p1b: Popsicle|Protect\n|move|p2a: Arcanine|Flare Blitz|p1b: Popsicle\n|-activate|p1b: Popsicle|move: Protect\n|move|p2b: Palafin|Haze|p2b: Palafin\n|-clearallboost\n|-curestatus|p1a: Hot Loaf|slp|[msg]\n|move|p1a: Hot Loaf|Yawn|p2b: Palafin\n|-start|p2b: Palafin|move: Yawn|[of] p1a: Hot Loaf\n|\n|upkeep\n|turn|5\n|\n|t:|1683179864\n|switch|p2b: Iron Valiant|Iron Valiant, L50|100\/100\n|move|p2a: Arcanine|Howl|p2a: Arcanine|[spread] p2a,p2b\n|-boost|p2a: Arcanine|atk|1\n|-boost|p2b: Iron Valiant|atk|1\n|move|p1a: Hot Loaf|Yawn|p2a: Arcanine\n|-start|p2a: Arcanine|move: Yawn|[of] p1a: Hot Loaf\n|move|p1b: Popsicle|Glaive Rush|p2a: Arcanine\n|-damage|p2a: Arcanine|28\/100\n|-singlemove|p1b: Popsicle|Glaive Rush|[silent]\n|\n|upkeep\n|turn|6\n|\n|t:|1683179882\n|switch|p2a: Palafin|Palafin-Hero, L50, M|100\/100\n|move|p1b: Popsicle|Protect|p1b: Popsicle\n|-singleturn|p1b: Popsicle|Protect\n|move|p2b: Iron Valiant|Moonblast|p1a: Hot Loaf\n|-damage|p1a: Hot Loaf|62\/100\n|move|p1a: Hot Loaf|Yawn|p2b: Iron Valiant\n|-start|p2b: Iron Valiant|move: Yawn|[of] p1a: Hot Loaf\n|\n|-heal|p1a: Hot Loaf|68\/100|[from] item: Leftovers\n|upkeep\n|turn|7\n|\n|t:|1683179906\n|-end|p2b: Iron Valiant|Quark Drive|[silent]\n|switch|p2b: Arcanine|Arcanine, L50, M|28\/100\n|-ability|p2b: Arcanine|Intimidate|boost\n|-unboost|p1a: Hot Loaf|atk|1\n|-unboost|p1b: Popsicle|atk|1\n|switch|p1b: Smoked fillet|Chi-Yu, L50, tera:Grass|100\/100\n|-ability|p1b: Smoked fillet|Beads of Ruin\n|move|p1a: Hot Loaf|Protect|p1a: Hot Loaf\n|-singleturn|p1a: Hot Loaf|Protect\n|move|p2a: Palafin|Wave Crash|p1a: Hot Loaf\n|-activate|p1a: Hot Loaf|move: Protect\n|\n|-heal|p1a: Hot Loaf|74\/100|[from] item: Leftovers\n|upkeep\n|turn|8\n|\n|t:|1683179928\n|move|p1b: Smoked fillet|Lava Plume|p2a: Palafin|[spread] p2a,p2b\n|-ability|p1a: Hot Loaf|Well-Baked Body|boost\n|-boost|p1a: Hot Loaf|def|2\n|-resisted|p2a: Palafin\n|-resisted|p2b: Arcanine\n|-damage|p2a: Palafin|75\/100\n|-damage|p2b: Arcanine|2\/100\n|move|p2b: Arcanine|Flare Blitz|p1b: Smoked fillet\n|-supereffective|p1b: Smoked fillet\n|-crit|p1b: Smoked fillet\n|-damage|p1b: Smoked fillet|0 fnt\n|faint|p1b: Smoked fillet\n|-damage|p2b: Arcanine|0 fnt|[from] Recoil\n|faint|p2b: Arcanine\n|move|p2a: Palafin|Wave Crash|p1a: Hot Loaf\n|-damage|p1a: Hot Loaf|29\/100\n|-damage|p2a: Palafin|63\/100|[from] Recoil\n|move|p1a: Hot Loaf|Body Press|p2a: Palafin\n|-damage|p2a: Palafin|24\/100\n|\n|-heal|p1a: Hot Loaf|35\/100|[from] item: Leftovers\n|upkeep\n|\n|t:|1683179952\n|switch|p2b: Iron Valiant|Iron Valiant, L50|100\/100\n|switch|p1b: Mustard|Iron Hands, L50|100\/100\n|turn|9\n|\n|t:|1683179964\n|move|p2a: Palafin|Protect|p2a: Palafin\n|-singleturn|p2a: Palafin|Protect\n|move|p1a: Hot Loaf|Protect|p1a: Hot Loaf\n|-singleturn|p1a: Hot Loaf|Protect\n|move|p2b: Iron Valiant|Moonblast|p1a: Hot Loaf\n|-activate|p1a: Hot Loaf|move: Protect\n|move|p1b: Mustard|Wild Charge|p2a: Palafin\n|-activate|p2a: Palafin|move: Protect\n|\n|-heal|p1a: Hot Loaf|41\/100|[from] item: Leftovers\n|upkeep\n|turn|10\n|\n|t:|1683179989\n|move|p2b: Iron Valiant|Moonblast|p1b: Mustard\n|-supereffective|p1b: Mustard\n|-damage|p1b: Mustard|57\/100\n|move|p2a: Palafin|Wave Crash|p1b: Mustard\n|-damage|p1b: Mustard|0 fnt\n|faint|p1b: Mustard\n|-end|p1b: Mustard|Quark Drive|[silent]\n|-damage|p2a: Palafin|2\/100|[from] Recoil\n|move|p1a: Hot Loaf|Wish|p1a: Hot Loaf\n|\n|-heal|p1a: Hot Loaf|47\/100|[from] item: Leftovers\n|upkeep\n|\n|t:|1683180002\n|switch|p1b: Popsicle|Baxcalibur, L50, F|56\/100\n|turn|11\n|\n|t:|1683180007\n|move|p2a: Palafin|Protect|p2a: Palafin\n|-singleturn|p2a: Palafin|Protect\n|move|p1a: Hot Loaf|Protect|p1a: Hot Loaf\n|-singleturn|p1a: Hot Loaf|Protect\n|move|p1b: Popsicle|Protect|p1b: Popsicle\n|-singleturn|p1b: Popsicle|Protect\n|move|p2b: Iron Valiant|Close Combat|p1b: Popsicle\n|-activate|p1b: Popsicle|move: Protect\n|\n|-heal|p1a: Hot Loaf|97\/100|[from] move: Wish|[wisher] Hot Loaf\n|-heal|p1a: Hot Loaf|100\/100|[from] item: Leftovers\n|upkeep\n|turn|12\n|\n|t:|1683180025\n|move|p2a: Palafin|Protect||[still]\n|-fail|p2a: Palafin\n|move|p1b: Popsicle|Ice Shard|p2a: Palafin\n|-resisted|p2a: Palafin\n|-damage|p2a: Palafin|0 fnt\n|faint|p2a: Palafin\n|move|p2b: Iron Valiant|Moonblast|p1b: Popsicle\n|-supereffective|p1b: Popsicle\n|-damage|p1b: Popsicle|0 fnt\n|faint|p1b: Popsicle\n|move|p1a: Hot Loaf|Yawn|p2b: Iron Valiant\n|-start|p2b: Iron Valiant|move: Yawn|[of] p1a: Hot Loaf\n|\n|upkeep\n|turn|13\n|\n|t:|1683180038\n|move|p1a: Hot Loaf|Protect|p1a: Hot Loaf\n|-singleturn|p1a: Hot Loaf|Protect\n|move|p2b: Iron Valiant|Moonblast|p1a: Hot Loaf\n|-activate|p1a: Hot Loaf|move: Protect\n|\n|-end|p2b: Iron Valiant|move: Yawn|[silent]\n|-status|p2b: Iron Valiant|slp\n|upkeep\n|turn|14\n|\n|t:|1683180047\n|cant|p2b: Iron Valiant|slp\n|move|p1a: Hot Loaf|Body Press|p2b: Iron Valiant\n|-resisted|p2b: Iron Valiant\n|-damage|p2b: Iron Valiant|74\/100 slp\n|\n|upkeep\n|turn|15\n|\n|t:|1683180054\n|cant|p2b: Iron Valiant|slp\n|move|p1a: Hot Loaf|Body Press|p2b: Iron Valiant\n|-resisted|p2b: Iron Valiant\n|-damage|p2b: Iron Valiant|44\/100 slp\n|\n|upkeep\n|turn|16\n|\n|t:|1683180066\n|cant|p2b: Iron Valiant|slp\n|move|p1a: Hot Loaf|Yawn||[still]\n|-fail|p1a: Hot Loaf\n|\n|upkeep\n|turn|17\n|\n|t:|1683180073\n|-curestatus|p2b: Iron Valiant|slp|[msg]\n|move|p2b: Iron Valiant|Moonblast|p1a: Hot Loaf\n|-damage|p1a: Hot Loaf|61\/100\n|move|p1a: Hot Loaf|Yawn|p2b: Iron Valiant\n|-start|p2b: Iron Valiant|move: Yawn|[of] p1a: Hot Loaf\n|\n|-heal|p1a: Hot Loaf|68\/100|[from] item: Leftovers\n|upkeep\n|turn|18\n|-message|Bdogplatinum forfeited.\n|\n|win|kaizerfattah\n|raw|kaizerfattah's rating: 1327 → 1352<\/strong> (+25 for winning)\n|raw|Bdogplatinum's rating: 1422 → 1397<\/strong> (-25 for losing)\n|l|\u2606Bdogplatinum\n|c|\u2606kaizerfattah|Gg\n","uploadtime":1683180319,"views":9,"p1id":"kaizerfattah","p2id":"bdogplatinum","formatid":"gen9vgc2023regulationc","rating":1352,"private":0,"password":""}