{"id":"gen9vgc2023regulationc-1856494781","p1":"Diego Eisner","p2":"IxLAMPxI","format":"[Gen 9] VGC 2023 Regulation C","log":"|j|\u2606Diego Eisner\n|j|\u2606IxLAMPxI\n|t:|1683067896\n|gametype|doubles\n|player|p1|Diego Eisner|rocketgrunt|1055\n|player|p2|IxLAMPxI|backpacker|1000\n|teamsize|p1|6\n|teamsize|p2|6\n|gen|9\n|tier|[Gen 9] VGC 2023 Regulation C\n|rated|\n|rule|Species Clause: Limit one of each Pok\u00e9mon\n|rule|Item Clause: Limit one of each item\n|clearpoke\n|poke|p1|Dragapult, L50, M|\n|poke|p1|Gengar, L50, M|\n|poke|p1|Gastrodon-East, L50, M|\n|poke|p1|Grimmsnarl, L50, M|\n|poke|p1|Corviknight, L50, M|\n|poke|p1|Ceruledge, L50, M|\n|poke|p2|Ting-Lu, L50|\n|poke|p2|Abomasnow, L50, F|\n|poke|p2|Iron Bundle, L50|\n|poke|p2|Vivillon-Ocean, L50, F|\n|poke|p2|Bronzong, L50|\n|poke|p2|Rotom-Heat, L50|\n|teampreview|4\n|inactive|Battle timer is ON: inactive players will automatically lose when time's up. (requested by Diego Eisner)\n|inactive|IxLAMPxI has 60 seconds left.\n|\n|t:|1683067934\n|start\n|switch|p1a: Corviknight|Corviknight, L50, M, shiny|100\/100\n|switch|p1b: Dragapult|Dragapult, L50, M|100\/100\n|switch|p2a: Ting-Lu|Ting-Lu, L50|100\/100\n|switch|p2b: Bronzong|Bronzong, L50, shiny|100\/100\n|-ability|p2a: Ting-Lu|Vessel of Ruin\n|turn|1\n|\n|t:|1683067958\n|-terastallize|p1b: Dragapult|Fire\n|move|p2b: Bronzong|Protect|p2b: Bronzong\n|-singleturn|p2b: Bronzong|Protect\n|move|p1b: Dragapult|Flamethrower|p2b: Bronzong\n|-activate|p2b: Bronzong|move: Protect\n|move|p1a: Corviknight|Iron Defense|p1a: Corviknight\n|-boost|p1a: Corviknight|def|2\n|move|p2a: Ting-Lu|Throat Chop|p1b: Dragapult\n|-damage|p1b: Dragapult|16\/100\n|-start|p1b: Dragapult|Throat Chop|[silent]\n|\n|upkeep\n|turn|2\n|inactive|IxLAMPxI has 30 seconds left.\n|inactive|IxLAMPxI has 20 seconds left.\n|\n|t:|1683067994\n|-terastallize|p2b: Bronzong|Fire\n|move|p1b: Dragapult|Flamethrower|p2b: Bronzong\n|-resisted|p2b: Bronzong\n|-damage|p2b: Bronzong|86\/100\n|-damage|p1b: Dragapult|6\/100|[from] item: Life Orb\n|move|p1a: Corviknight|Iron Defense|p1a: Corviknight\n|-boost|p1a: Corviknight|def|2\n|move|p2a: Ting-Lu|Throat Chop|p1b: Dragapult\n|-damage|p1b: Dragapult|0 fnt\n|faint|p1b: Dragapult\n|move|p2b: Bronzong|Trick Room|p2b: Bronzong\n|-fieldstart|move: Trick Room|[of] p2b: Bronzong\n|\n|upkeep\n|\n|t:|1683068010\n|switch|p1b: Grimmsnarl|Grimmsnarl, L50, M|100\/100\n|turn|3\n|\n|t:|1683068024\n|switch|p2a: Abomasnow|Abomasnow, L50, F, shiny|100\/100\n|-weather|Snow|[from] ability: Snow Warning|[of] p2a: Abomasnow\n|move|p1b: Grimmsnarl|Reflect|p1b: Grimmsnarl\n|-sidestart|p1: Diego Eisner|Reflect\n|move|p2b: Bronzong|Gyro Ball|p1b: Grimmsnarl\n|-supereffective|p1b: Grimmsnarl\n|-damage|p1b: Grimmsnarl|74\/100\n|-damage|p2b: Bronzong|69\/100|[from] item: Rocky Helmet|[of] p1b: Grimmsnarl\n|move|p1a: Corviknight|Body Press|p2a: Abomasnow\n|-supereffective|p2a: Abomasnow\n|-damage|p2a: Abomasnow|0 fnt\n|faint|p2a: Abomasnow\n|\n|-weather|Snow|[upkeep]\n|upkeep\n|\n|t:|1683068044\n|switch|p2a: Rotom|Rotom-Heat, L50|100\/100\n|turn|4\n|inactive|IxLAMPxI has 30 seconds left.\n|\n|t:|1683068070\n|move|p1b: Grimmsnarl|Spirit Break|p2a: Rotom\n|-resisted|p2a: Rotom\n|-damage|p2a: Rotom|81\/100\n|-unboost|p2a: Rotom|spa|1\n|move|p1a: Corviknight|Brave Bird|p2a: Rotom\n|-resisted|p2a: Rotom\n|-damage|p2a: Rotom|58\/100\n|-damage|p1a: Corviknight|96\/100|[from] Recoil\n|move|p2a: Rotom|Overheat|p1a: Corviknight\n|-supereffective|p1a: Corviknight\n|-damage|p1a: Corviknight|2\/100\n|-unboost|p2a: Rotom|spa|2\n|-enditem|p1a: Corviknight|Sitrus Berry|[eat]\n|-heal|p1a: Corviknight|27\/100|[from] item: Sitrus Berry\n|move|p2b: Bronzong|Trick Room|p2b: Bronzong\n|-fieldend|move: Trick Room\n|\n|-weather|Snow|[upkeep]\n|upkeep\n|turn|5\n|inactive|Diego Eisner has 30 seconds left.\n|\n|t:|1683068103\n|move|p1b: Grimmsnarl|Taunt|p2b: Bronzong\n|-start|p2b: Bronzong|move: Taunt\n|move|p2a: Rotom|Overheat|p1a: Corviknight\n|-supereffective|p1a: Corviknight\n|-damage|p1a: Corviknight|0 fnt\n|-unboost|p2a: Rotom|spa|2\n|faint|p1a: Corviknight\n|cant|p2b: Bronzong|move: Taunt|Trick Room\n|\n|-weather|Snow|[upkeep]\n|upkeep\n|\n|t:|1683068115\n|switch|p1a: Gengar|Gengar, L50, M|100\/100\n|turn|6\n|\n|t:|1683068137\n|switch|p2a: Ting-Lu|Ting-Lu, L50|100\/100\n|-ability|p2a: Ting-Lu|Vessel of Ruin\n|move|p1b: Grimmsnarl|Light Screen|p1b: Grimmsnarl\n|-sidestart|p1: Diego Eisner|move: Light Screen\n|move|p1a: Gengar|Sludge Bomb|p2b: Bronzong\n|-damage|p2b: Bronzong|42\/100\n|move|p2b: Bronzong|Gyro Ball|p1a: Gengar\n|-damage|p1a: Gengar|48\/100\n|\n|-weather|Snow|[upkeep]\n|upkeep\n|turn|7\n|\n|t:|1683068155\n|move|p1a: Gengar|Dazzling Gleam|p2b: Bronzong|[spread] p2a,p2b\n|-supereffective|p2a: Ting-Lu\n|-resisted|p2b: Bronzong\n|-damage|p2a: Ting-Lu|76\/100\n|-damage|p2b: Bronzong|37\/100\n|move|p1b: Grimmsnarl|Spirit Break|p2a: Ting-Lu\n|-supereffective|p2a: Ting-Lu\n|-damage|p2a: Ting-Lu|39\/100\n|-unboost|p2a: Ting-Lu|spa|1\n|move|p2a: Ting-Lu|Earthquake|p1a: Gengar|[spread] p1a,p1b\n|-immune|p2b: Bronzong|[from] ability: Levitate\n|-supereffective|p1a: Gengar\n|-damage|p1a: Gengar|0 fnt\n|-damage|p1b: Grimmsnarl|35\/100\n|faint|p1a: Gengar\n|move|p2b: Bronzong|Gyro Ball|p1b: Grimmsnarl\n|-supereffective|p1b: Grimmsnarl\n|-damage|p1b: Grimmsnarl|6\/100\n|-damage|p2b: Bronzong|21\/100|[from] item: Rocky Helmet|[of] p1b: Grimmsnarl\n|\n|-weather|none\n|-end|p2b: Bronzong|move: Taunt\n|-sideend|p1: Diego Eisner|Reflect\n|upkeep\n|turn|8\n|\n|t:|1683068178\n|move|p1b: Grimmsnarl|Spirit Break|p2a: Ting-Lu\n|-supereffective|p2a: Ting-Lu\n|-damage|p2a: Ting-Lu|1\/100\n|-unboost|p2a: Ting-Lu|spa|1\n|move|p2a: Ting-Lu|Earthquake|p1b: Grimmsnarl|[spread] p1b\n|-immune|p2b: Bronzong|[from] ability: Levitate\n|-damage|p1b: Grimmsnarl|0 fnt\n|faint|p1b: Grimmsnarl\n|\n|win|IxLAMPxI\n|raw|Diego Eisner's rating: 1055 → 1034<\/strong> (-21 for losing)\n|raw|IxLAMPxI's rating: 1000 → 1046<\/strong> (+46 for winning)\n","uploadtime":1683068193,"views":6,"p1id":"diegoeisner","p2id":"ixlampxi","formatid":"gen9vgc2023regulationc","rating":1034,"private":0,"password":""}