{"id":"gen9vgc2023regulationc-1858255675","p1":"bambambi","p2":"shiro07","format":"[Gen 9] VGC 2023 Regulation C","log":"|j|\u2606bambambi\n|j|\u2606shiro07\n|t:|1683295815\n|gametype|doubles\n|player|p1|bambambi|wallace-gen6|\n|player|p2|shiro07|kris-masters|\n|teamsize|p1|6\n|teamsize|p2|6\n|gen|9\n|tier|[Gen 9] VGC 2023 Regulation C\n|rule|Species Clause: Limit one of each Pok\u00e9mon\n|rule|Item Clause: Limit one of each item\n|clearpoke\n|poke|p1|Flutter Mane, L50|\n|poke|p1|Gothitelle, L50, F|\n|poke|p1|Scream Tail, L50|\n|poke|p1|Chi-Yu, L50|\n|poke|p1|Amoonguss, L50, M|\n|poke|p1|Palafin, L50, M|\n|poke|p2|Garganacl, L50, M|\n|poke|p2|Hatterene, L50, F|\n|poke|p2|Wo-Chien, L50|\n|poke|p2|Iron Hands, L50|\n|poke|p2|Maushold-Four, L50|\n|poke|p2|Volcarona, L50, M|\n|teampreview|4\nbambambi has agreed to open team sheets.\n|c|\u2606bambambi|ots this time\n|c|\u2606bambambi|please\n|\n|t:|1683295848\n|start\n|switch|p1a: Pearls|Flutter Mane, L50|100\/100\n|switch|p1b: Ironmouse|Gothitelle, L50, F, shiny|100\/100\n|switch|p2a: Maushold|Maushold-Four, L50|100\/100\n|switch|p2b: Volcarona|Volcarona, L50, M|100\/100\n|turn|1\n|\n|t:|1683295865\n|move|p1b: Ironmouse|Fake Out|p2a: Maushold\n|-damage|p2a: Maushold|95\/100\n|move|p1a: Pearls|Perish Song|p1a: Pearls\n|-start|p1a: Pearls|perish3|[silent]\n|-start|p1b: Ironmouse|perish3|[silent]\n|-start|p2a: Maushold|perish3|[silent]\n|-start|p2b: Volcarona|perish3|[silent]\n|-fieldactivate|move: Perish Song\n|cant|p2a: Maushold|flinch\n|move|p2b: Volcarona|Quiver Dance|p2b: Volcarona\n|-boost|p2b: Volcarona|spa|1\n|-boost|p2b: Volcarona|spd|1\n|-boost|p2b: Volcarona|spe|1\n|\n|-start|p2b: Volcarona|perish3\n|-start|p1a: Pearls|perish3\n|-start|p2a: Maushold|perish3\n|-start|p1b: Ironmouse|perish3\n|upkeep\n|turn|2\n|\n|t:|1683295883\n|move|p1a: Pearls|Protect|p1a: Pearls\n|-singleturn|p1a: Pearls|Protect\n|move|p2b: Volcarona|Heat Wave|p1b: Ironmouse|[spread] p1b\n|-activate|p1a: Pearls|move: Protect\n|-damage|p1b: Ironmouse|57\/100\n|move|p2a: Maushold|Super Fang|p1b: Ironmouse\n|-damage|p1b: Ironmouse|29\/100\n|-enditem|p1b: Ironmouse|Sitrus Berry|[eat]\n|-heal|p1b: Ironmouse|54\/100|[from] item: Sitrus Berry\n|move|p1b: Ironmouse|Light Screen|p1b: Ironmouse\n|-sidestart|p1: bambambi|move: Light Screen\n|\n|-start|p2b: Volcarona|perish2\n|-start|p1a: Pearls|perish2\n|-start|p2a: Maushold|perish2\n|-start|p1b: Ironmouse|perish2\n|upkeep\n|turn|3\n|\n|t:|1683295922\n|-end|p1a: Pearls|Protosynthesis|[silent]\n|switch|p1a: SSJ3 Jiggly|Scream Tail, L50, shiny|100\/100\n|-enditem|p1a: SSJ3 Jiggly|Booster Energy\n|-activate|p1a: SSJ3 Jiggly|ability: Protosynthesis|[fromitem]\n|-start|p1a: SSJ3 Jiggly|protosynthesisspe\n|move|p1b: Ironmouse|Protect|p1b: Ironmouse\n|-singleturn|p1b: Ironmouse|Protect\n|move|p2b: Volcarona|Heat Wave|p1b: Ironmouse|[spread] p1a\n|-activate|p1b: Ironmouse|move: Protect\n|-damage|p1a: SSJ3 Jiggly|77\/100\n|-status|p1a: SSJ3 Jiggly|brn\n|move|p2a: Maushold|Taunt|p1a: SSJ3 Jiggly\n|-start|p1a: SSJ3 Jiggly|move: Taunt\n|\n|-damage|p1a: SSJ3 Jiggly|71\/100 brn|[from] brn\n|-start|p2b: Volcarona|perish1\n|-start|p2a: Maushold|perish1\n|-start|p1b: Ironmouse|perish1\n|upkeep\n|turn|4\n|\n|t:|1683295958\n|-end|p1a: SSJ3 Jiggly|Protosynthesis|[silent]\n|switch|p1a: Pearls|Flutter Mane, L50|100\/100\n|switch|p1b: Chi-Chi|Chi-Yu, L50|100\/100\n|-ability|p1b: Chi-Chi|Beads of Ruin\n|move|p2b: Volcarona|Heat Wave|p1b: Chi-Chi|[spread] p1a,p1b\n|-resisted|p1b: Chi-Chi\n|-damage|p1a: Pearls|54\/100\n|-damage|p1b: Chi-Chi|84\/100\n|-status|p1a: Pearls|brn\n|move|p2a: Maushold|Taunt|p1b: Chi-Chi\n|-start|p1b: Chi-Chi|move: Taunt\n|\n|-damage|p1a: Pearls|48\/100 brn|[from] brn\n|-start|p2b: Volcarona|perish0\n|-start|p2a: Maushold|perish0\n|faint|p2b: Volcarona\n|faint|p2a: Maushold\n|upkeep\n|\n|t:|1683295971\n|switch|p2a: Iron Hands|Iron Hands, L50|100\/100\n|switch|p2b: Garganacl|Garganacl, L50, M|100\/100\n|turn|5\n|\n|t:|1683295998\n|switch|p1b: Ironmouse|Gothitelle, L50, F, shiny|54\/100\n|move|p1a: Pearls|Perish Song|p1a: Pearls\n|-start|p1a: Pearls|perish3|[silent]\n|-start|p1b: Ironmouse|perish3|[silent]\n|-start|p2a: Iron Hands|perish3|[silent]\n|-start|p2b: Garganacl|perish3|[silent]\n|-fieldactivate|move: Perish Song\n|move|p2a: Iron Hands|Drain Punch|p1b: Ironmouse\n|-resisted|p1b: Ironmouse\n|-damage|p1b: Ironmouse|35\/100\n|move|p2b: Garganacl|Salt Cure|p1a: Pearls\n|-damage|p1a: Pearls|16\/100 brn\n|-start|p1a: Pearls|Salt Cure\n|\n|-damage|p1a: Pearls|10\/100 brn|[from] brn\n|-damage|p1a: Pearls|0 fnt|[from] Salt Cure\n|faint|p1a: Pearls\n|-end|p1a: Pearls|Protosynthesis|[silent]\n|-start|p1b: Ironmouse|perish3\n|-start|p2a: Iron Hands|perish3\n|-start|p2b: Garganacl|perish3\n|upkeep\n|\n|t:|1683296010\n|switch|p1a: SSJ3 Jiggly|Scream Tail, L50, shiny|71\/100 brn\n|turn|6\n|\n|t:|1683296036\n|switch|p1b: Chi-Chi|Chi-Yu, L50|84\/100\n|-ability|p1b: Chi-Chi|Beads of Ruin\n|-terastallize|p2a: Iron Hands|Grass\n|move|p1a: SSJ3 Jiggly|Reflect|p1a: SSJ3 Jiggly\n|-sidestart|p1: bambambi|Reflect\n|move|p2a: Iron Hands|Wild Charge|p1b: Chi-Chi\n|-damage|p1b: Chi-Chi|39\/100\n|-damage|p2a: Iron Hands|93\/100|[from] Recoil\n|move|p2b: Garganacl|Salt Cure|p1b: Chi-Chi\n|-supereffective|p1b: Chi-Chi\n|-damage|p1b: Chi-Chi|14\/100\n|-start|p1b: Chi-Chi|Salt Cure\n|\n|-damage|p1a: SSJ3 Jiggly|65\/100 brn|[from] brn\n|-damage|p1b: Chi-Chi|2\/100|[from] Salt Cure\n|-start|p2a: Iron Hands|perish2\n|-start|p2b: Garganacl|perish2\n|-sideend|p1: bambambi|move: Light Screen\n|upkeep\n|turn|7\n|\n|t:|1683296056\n|switch|p1b: Ironmouse|Gothitelle, L50, F, shiny|35\/100\n|move|p1a: SSJ3 Jiggly|Protect|p1a: SSJ3 Jiggly\n|-singleturn|p1a: SSJ3 Jiggly|Protect\n|move|p2a: Iron Hands|Wild Charge|p1a: SSJ3 Jiggly\n|-activate|p1a: SSJ3 Jiggly|move: Protect\n|move|p2b: Garganacl|Salt Cure|p1a: SSJ3 Jiggly\n|-activate|p1a: SSJ3 Jiggly|move: Protect\n|\n|-damage|p1a: SSJ3 Jiggly|59\/100 brn|[from] brn\n|-start|p2a: Iron Hands|perish1\n|-start|p2b: Garganacl|perish1\n|upkeep\n|turn|8\n|c|\u2606bambambi|gg\n|\n|t:|1683296070\n|move|p1a: SSJ3 Jiggly|Protect||[still]\n|-fail|p1a: SSJ3 Jiggly\n|move|p1b: Ironmouse|Protect|p1b: Ironmouse\n|-singleturn|p1b: Ironmouse|Protect\n|move|p2a: Iron Hands|Wild Charge|p1b: Ironmouse\n|-activate|p1b: Ironmouse|move: Protect\n|move|p2b: Garganacl|Salt Cure|p1a: SSJ3 Jiggly\n|-damage|p1a: SSJ3 Jiggly|52\/100 brn\n|-start|p1a: SSJ3 Jiggly|Salt Cure\n|\n|-damage|p1a: SSJ3 Jiggly|46\/100 brn|[from] brn\n|-damage|p1a: SSJ3 Jiggly|33\/100 brn|[from] Salt Cure\n|-start|p2a: Iron Hands|perish0\n|-start|p2b: Garganacl|perish0\n|faint|p2a: Iron Hands\n|-end|p2a: Iron Hands|Quark Drive|[silent]\n|faint|p2b: Garganacl\n|\n|win|bambambi\n|upkeep\n|c|\u2606shiro07|Gg\n","uploadtime":1683296078,"views":11,"p1id":"bambambi","p2id":"shiro07","formatid":"gen9vgc2023regulationc","rating":0,"private":0,"password":""}