{"id":"gen9vgc2023regulationc-1853034920","p1":"777skills","p2":"Cyruno","format":"[Gen 9] VGC 2023 Regulation C","log":"|j|\u2606777skills\n|j|\u2606Cyruno\n|t:|1682627865\n|gametype|doubles\n|player|p1|777skills|265|1140\n|player|p2|Cyruno|blue|1191\n|teamsize|p1|6\n|teamsize|p2|6\n|gen|9\n|tier|[Gen 9] VGC 2023 Regulation C\n|rated|\n|rule|Species Clause: Limit one of each Pok\u00e9mon\n|rule|Item Clause: Limit one of each item\n|clearpoke\n|poke|p1|Mimikyu, L50, M|\n|poke|p1|Amoonguss, L50, F|\n|poke|p1|Chi-Yu, L50|\n|poke|p1|Roaring Moon, L50|\n|poke|p1|Rotom-Heat, L50|\n|poke|p1|Murkrow, L50, M|\n|poke|p2|Chien-Pao, L50|\n|poke|p2|Roaring Moon, L50|\n|poke|p2|Flutter Mane, L50|\n|poke|p2|Amoonguss, L50, M|\n|poke|p2|Gyarados, L50, M|\n|poke|p2|Scizor, L50, M|\n|teampreview|4\n777skills rejected open team sheets.\n|\n|t:|1682627911\n|start\n|switch|p1a: Murkrow|Murkrow, L50, M|100\/100\n|switch|p1b: Mimikyu|Mimikyu, L50, M|100\/100\n|switch|p2a: Scizor|Scizor, L50, M|100\/100\n|switch|p2b: Chien-Pao|Chien-Pao, L50|100\/100\n|-ability|p2b: Chien-Pao|Sword of Ruin\n|turn|1\n|\n|t:|1682627944\n|switch|p1a: Chi-Yu|Chi-Yu, L50|100\/100\n|-ability|p1a: Chi-Yu|Beads of Ruin\n|move|p2a: Scizor|Bullet Punch|p1b: Mimikyu\n|-activate|p1b: Mimikyu|ability: Disguise\n|-damage|p1b: Mimikyu|100\/100\n|detailschange|p1b: Mimikyu|Mimikyu-Busted, L50, M\n|-damage|p1b: Mimikyu|88\/100|[from] pokemon: Mimikyu-Busted\n|move|p2b: Chien-Pao|Ice Spinner|p1a: Chi-Yu\n|-resisted|p1a: Chi-Yu\n|-damage|p1a: Chi-Yu|53\/100\n|move|p1b: Mimikyu|Will-O-Wisp|p2a: Scizor\n|-status|p2a: Scizor|brn\n|\n|-damage|p2a: Scizor|94\/100 brn|[from] brn\n|upkeep\n|turn|2\n|\n|t:|1682627962\n|-terastallize|p2a: Scizor|Fire\n|move|p1a: Chi-Yu|Protect|p1a: Chi-Yu\n|-singleturn|p1a: Chi-Yu|Protect\n|move|p2a: Scizor|Bullet Punch|p1b: Mimikyu\n|-supereffective|p1b: Mimikyu\n|-damage|p1b: Mimikyu|48\/100\n|move|p2b: Chien-Pao|Sacred Sword|p1a: Chi-Yu\n|-activate|p1a: Chi-Yu|move: Protect\n|move|p1b: Mimikyu|Will-O-Wisp|p2b: Chien-Pao\n|-status|p2b: Chien-Pao|brn\n|\n|-damage|p2b: Chien-Pao|95\/100 brn|[from] brn\n|-damage|p2a: Scizor|88\/100 brn|[from] brn\n|upkeep\n|turn|3\n|\n|t:|1682627997\n|move|p2b: Chien-Pao|Protect|p2b: Chien-Pao\n|-singleturn|p2b: Chien-Pao|Protect\n|move|p2a: Scizor|Bullet Punch|p1b: Mimikyu\n|-supereffective|p1b: Mimikyu\n|-damage|p1b: Mimikyu|3\/100\n|move|p1a: Chi-Yu|Heat Wave|p2a: Scizor|[spread] p2a\n|-activate|p2b: Chien-Pao|move: Protect\n|-resisted|p2a: Scizor\n|-damage|p2a: Scizor|54\/100 brn\n|move|p1b: Mimikyu|Taunt|p2a: Scizor\n|-start|p2a: Scizor|move: Taunt\n|\n|-damage|p2b: Chien-Pao|89\/100 brn|[from] brn\n|-damage|p2a: Scizor|48\/100 brn|[from] brn\n|upkeep\n|turn|4\n|\n|t:|1682628022\n|move|p2a: Scizor|Bullet Punch|p1b: Mimikyu\n|-supereffective|p1b: Mimikyu\n|-damage|p1b: Mimikyu|0 fnt\n|faint|p1b: Mimikyu\n|move|p2b: Chien-Pao|Sacred Sword|p1a: Chi-Yu\n|-supereffective|p1a: Chi-Yu\n|-damage|p1a: Chi-Yu|0 fnt\n|faint|p1a: Chi-Yu\n|\n|-damage|p2b: Chien-Pao|83\/100 brn|[from] brn\n|-damage|p2a: Scizor|42\/100 brn|[from] brn\n|upkeep\n|\n|t:|1682628028\n|switch|p1a: Roaring Moon|Roaring Moon, L50|100\/100\n|switch|p1b: Murkrow|Murkrow, L50, M|100\/100\n|-enditem|p1a: Roaring Moon|Booster Energy\n|-activate|p1a: Roaring Moon|ability: Protosynthesis|[fromitem]\n|-start|p1a: Roaring Moon|protosynthesisatk\n|turn|5\n|\n|t:|1682628039\n|-terastallize|p1a: Roaring Moon|Ground\n|move|p1b: Murkrow|Tailwind|p1b: Murkrow\n|-sidestart|p1: 777skills|move: Tailwind\n|move|p1a: Roaring Moon|Earthquake|p2a: Scizor|[spread] p2a,p2b\n|-immune|p1b: Murkrow\n|-supereffective|p2a: Scizor\n|-damage|p2a: Scizor|0 fnt\n|-damage|p2b: Chien-Pao|9\/100 brn\n|faint|p2a: Scizor\n|move|p2b: Chien-Pao|Ice Spinner|p1a: Roaring Moon\n|-supereffective|p1a: Roaring Moon\n|-damage|p1a: Roaring Moon|42\/100\n|\n|-damage|p2b: Chien-Pao|4\/100 brn|[from] brn\n|upkeep\n|\n|t:|1682628050\n|switch|p2a: Gyarados|Gyarados, L50, M|100\/100\n|-ability|p2a: Gyarados|Intimidate|boost\n|-unboost|p1a: Roaring Moon|atk|1\n|-unboost|p1b: Murkrow|atk|1\n|turn|6\n|\n|t:|1682628078\n|move|p2b: Chien-Pao|Protect|p2b: Chien-Pao\n|-singleturn|p2b: Chien-Pao|Protect\n|move|p1b: Murkrow|Haze|p1b: Murkrow\n|-clearallboost\n|move|p1a: Roaring Moon|Acrobatics|p2a: Gyarados\n|-damage|p2a: Gyarados|17\/100\n|move|p2a: Gyarados|Waterfall|p1a: Roaring Moon\n|-supereffective|p1a: Roaring Moon\n|-damage|p1a: Roaring Moon|0 fnt\n|faint|p1a: Roaring Moon\n|-end|p1a: Roaring Moon|Protosynthesis|[silent]\n|\n|-damage|p2b: Chien-Pao|0 fnt|[from] brn\n|faint|p2b: Chien-Pao\n|upkeep\n|\n|t:|1682628085\n|switch|p2b: Flutter Mane|Flutter Mane, L50|100\/100\n|turn|7\n|-message|777skills forfeited.\n|\n|win|Cyruno\n|raw|777skills's rating: 1140 → 1119<\/strong> (-21 for losing)\n|raw|Cyruno's rating: 1191 → 1212<\/strong> (+21 for winning)\n|l|\u2606777skills\n","uploadtime":1682628098,"views":6,"p1id":"777skills","p2id":"cyruno","formatid":"gen9vgc2023regulationc","rating":1119,"private":0,"password":""}