{"id":"gen9vgc2023regulationc-1857632778","p1":"Broskander","p2":"Super Ozone","format":"[Gen 9] VGC 2023 Regulation C","log":"|j|\u2606Broskander\n|j|\u2606Super Ozone\n|t:|1683215499\n|gametype|doubles\n|player|p1|Broskander|170|1251\n|player|p2|Super Ozone|hilbert|1273\n|teamsize|p1|6\n|teamsize|p2|6\n|gen|9\n|tier|[Gen 9] VGC 2023 Regulation C\n|rated|\n|rule|Species Clause: Limit one of each Pok\u00e9mon\n|rule|Item Clause: Limit one of each item\n|clearpoke\n|poke|p1|Amoonguss, L50, M|\n|poke|p1|Palafin, L50, F|\n|poke|p1|Ting-Lu, L50|\n|poke|p1|Arcanine, L50, M|\n|poke|p1|Grimmsnarl, L50, M|\n|poke|p1|Annihilape, L50, F|\n|poke|p2|Amoonguss, L50, M|\n|poke|p2|Flutter Mane, L50|\n|poke|p2|Iron Hands, L50|\n|poke|p2|Gyarados, L50, M|\n|poke|p2|Chi-Yu, L50|\n|poke|p2|Talonflame, L50, M|\n|teampreview|4\n|inactive|Battle timer is ON: inactive players will automatically lose when time's up. (requested by Broskander)\n|\n|t:|1683215560\n|start\n|switch|p1a: Grimmsnarl|Grimmsnarl, L50, M|100\/100\n|switch|p1b: Palafin|Palafin, L50, F|100\/100\n|switch|p2a: Flutter Mane|Flutter Mane, L50|100\/100\n|switch|p2b: Chi-Yu|Chi-Yu, L50|100\/100\n|-ability|p2b: Chi-Yu|Beads of Ruin\n|turn|1\n|\n|t:|1683215580\n|switch|p2b: Iron Hands|Iron Hands, L50|100\/100\n|detailschange|p1b: Palafin|Palafin-Hero, L50, F\n|switch|p1b: Ting-Lu|Ting-Lu, L50|100\/100\n|-ability|p1b: Ting-Lu|Vessel of Ruin\n|move|p1a: Grimmsnarl|Light Screen|p1a: Grimmsnarl\n|-sidestart|p1: Broskander|move: Light Screen\n|move|p2a: Flutter Mane|Moonblast|p1a: Grimmsnarl\n|-supereffective|p1a: Grimmsnarl\n|-damage|p1a: Grimmsnarl|64\/100\n|-unboost|p1a: Grimmsnarl|spa|1\n|\n|upkeep\n|turn|2\n|\n|t:|1683215600\n|switch|p1a: Arcanine|Arcanine, L50, M|100\/100\n|-ability|p1a: Arcanine|Intimidate|boost\n|-unboost|p2a: Flutter Mane|atk|1\n|-unboost|p2b: Iron Hands|atk|1\n|-terastallize|p1b: Ting-Lu|Poison\n|move|p2a: Flutter Mane|Moonblast|p1a: Arcanine\n|-resisted|p1a: Arcanine\n|-damage|p1a: Arcanine|89\/100\n|move|p2b: Iron Hands|Swords Dance|p2b: Iron Hands\n|-boost|p2b: Iron Hands|atk|2\n|move|p1b: Ting-Lu|Heavy Slam|p2a: Flutter Mane\n|-supereffective|p2a: Flutter Mane\n|-enditem|p2a: Flutter Mane|Focus Sash\n|-damage|p2a: Flutter Mane|1\/100\n|\n|upkeep\n|turn|3\n|inactive|Broskander has 30 seconds left.\n|inactive|Super Ozone has 30 seconds left.\n|\n|t:|1683215634\n|-end|p2a: Flutter Mane|Protosynthesis|[silent]\n|switch|p2a: Talonflame|Talonflame, L50, M|100\/100\n|-terastallize|p2b: Iron Hands|Fire\n|move|p1a: Arcanine|Will-O-Wisp|p2b: Iron Hands\n|-immune|p2b: Iron Hands\n|move|p2b: Iron Hands|Swords Dance|p2b: Iron Hands\n|-boost|p2b: Iron Hands|atk|2\n|move|p1b: Ting-Lu|Stomping Tantrum|p2a: Talonflame\n|-immune|p2a: Talonflame\n|\n|upkeep\n|turn|4\n|\n|t:|1683215652\n|switch|p1a: Grimmsnarl|Grimmsnarl, L50, M|64\/100\n|move|p2a: Talonflame|Tailwind|p2a: Talonflame\n|-sidestart|p2: Super Ozone|move: Tailwind\n|move|p2b: Iron Hands|Thunder Punch|p1b: Ting-Lu\n|-damage|p1b: Ting-Lu|27\/100\n|move|p1b: Ting-Lu|Stomping Tantrum|p2b: Iron Hands\n|-supereffective|p2b: Iron Hands\n|-damage|p2b: Iron Hands|0 fnt\n|faint|p2b: Iron Hands\n|-end|p2b: Iron Hands|Quark Drive|[silent]\n|\n|upkeep\n|\n|t:|1683215663\n|switch|p2b: Chi-Yu|Chi-Yu, L50|100\/100\n|-ability|p2b: Chi-Yu|Beads of Ruin\n|turn|5\n|inactive|Super Ozone has 30 seconds left.\n|inactive|Super Ozone has 20 seconds left.\n|inactive|Super Ozone has 15 seconds left.\n|\n|t:|1683215708\n|switch|p2a: Flutter Mane|Flutter Mane, L50|1\/100\n|move|p2b: Chi-Yu|Heat Wave|p1a: Grimmsnarl|[spread] p1a,p1b\n|-damage|p1a: Grimmsnarl|31\/100\n|-damage|p1b: Ting-Lu|8\/100\n|move|p1a: Grimmsnarl|Spirit Break|p2b: Chi-Yu\n|-damage|p2b: Chi-Yu|47\/100\n|-unboost|p2b: Chi-Yu|spa|1\n|move|p1b: Ting-Lu|Rock Slide|p2a: Flutter Mane|[spread] p2a,p2b\n|-supereffective|p2b: Chi-Yu\n|-damage|p2a: Flutter Mane|0 fnt\n|-damage|p2b: Chi-Yu|0 fnt\n|faint|p2a: Flutter Mane\n|-end|p2a: Flutter Mane|Protosynthesis|[silent]\n|faint|p2b: Chi-Yu\n|\n|upkeep\n|-message|Super Ozone forfeited.\n|\n|win|Broskander\n|raw|Broskander's rating: 1251 → 1278<\/strong> (+27 for winning)\n|raw|Super Ozone's rating: 1273 → 1246<\/strong> (-27 for losing)\n|l|\u2606Super Ozone\n","uploadtime":1683215732,"views":13,"p1id":"broskander","p2id":"superozone","formatid":"gen9vgc2023regulationc","rating":1246,"private":0,"password":""}