{"id":"gen9vgc2023regulationc-1855901769","p1":"Flemastar","p2":"k58462312","format":"[Gen 9] VGC 2023 Regulation C","log":"|j|\u2606Flemastar\n|j|\u2606k58462312\n|t:|1682998160\n|gametype|doubles\n|player|p1|Flemastar|fisherman-gen4|1182\n|player|p2|k58462312|riley|1250\n|teamsize|p1|6\n|teamsize|p2|6\n|gen|9\n|tier|[Gen 9] VGC 2023 Regulation C\n|rated|\n|rule|Species Clause: Limit one of each Pok\u00e9mon\n|rule|Item Clause: Limit one of each item\n|clearpoke\n|poke|p1|Gholdengo, L50|\n|poke|p1|Talonflame, L50, M|\n|poke|p1|Iron Bundle, L50|\n|poke|p1|Amoonguss, L50, M|\n|poke|p1|Garchomp, L50, M|\n|poke|p1|Chien-Pao, L50|\n|poke|p2|Scizor, L50, F|\n|poke|p2|Abomasnow, L50, M|\n|poke|p2|Iron Bundle, L50|\n|poke|p2|Garchomp, L50, F|\n|poke|p2|Talonflame, L50, M|\n|poke|p2|Chien-Pao, L50|\n|teampreview|4\n|\n|t:|1682998206\n|start\n|switch|p1a: Gholdengo|Gholdengo, L50|100\/100\n|switch|p1b: Talonflame|Talonflame, L50, M, shiny|100\/100\n|switch|p2a: Iron Bundle|Iron Bundle, L50|100\/100\n|switch|p2b: Talonflame|Talonflame, L50, M|100\/100\n|-enditem|p2a: Iron Bundle|Booster Energy\n|-activate|p2a: Iron Bundle|ability: Quark Drive|[fromitem]\n|-start|p2a: Iron Bundle|quarkdrivespe\n|turn|1\n|\n|t:|1682998268\n|move|p1b: Talonflame|Tailwind|p1b: Talonflame\n|-sidestart|p1: Flemastar|move: Tailwind\n|move|p2b: Talonflame|Tailwind|p2b: Talonflame\n|-sidestart|p2: k58462312|move: Tailwind\n|move|p2a: Iron Bundle|Hydro Pump|p1a: Gholdengo\n|-damage|p1a: Gholdengo|48\/100\n|move|p1a: Gholdengo|Make It Rain|p2a: Iron Bundle|[spread] p2a,p2b\n|-resisted|p2b: Talonflame\n|-damage|p2a: Iron Bundle|0 fnt\n|-damage|p2b: Talonflame|53\/100\n|-unboost|p1a: Gholdengo|spa|1\n|faint|p2a: Iron Bundle\n|-end|p2a: Iron Bundle|Quark Drive|[silent]\n|\n|upkeep\n|\n|t:|1682998299\n|switch|p2a: Garchomp|Garchomp, L50, F|100\/100\n|turn|2\n|\n|t:|1682998325\n|move|p2b: Talonflame|Brave Bird|p1b: Talonflame\n|-damage|p1b: Talonflame|51\/100\n|-damage|p2b: Talonflame|37\/100|[from] Recoil\n|move|p1b: Talonflame|Will-O-Wisp|p2a: Garchomp\n|-status|p2a: Garchomp|brn\n|move|p2a: Garchomp|Rock Slide|p1a: Gholdengo|[spread] p1b\n|-miss|p2a: Garchomp|p1a: Gholdengo\n|-supereffective|p1b: Talonflame\n|-damage|p1b: Talonflame|0 fnt\n|faint|p1b: Talonflame\n|-damage|p2a: Garchomp|91\/100 brn|[from] item: Life Orb\n|move|p1a: Gholdengo|Make It Rain|p2b: Talonflame|[spread] p2a,p2b\n|-resisted|p2b: Talonflame\n|-damage|p2a: Garchomp|42\/100 brn\n|-damage|p2b: Talonflame|4\/100\n|-unboost|p1a: Gholdengo|spa|1\n|\n|-damage|p2a: Garchomp|36\/100 brn|[from] brn\n|upkeep\n|\n|t:|1682998344\n|switch|p1b: Garchomp|Garchomp, L50, M, shiny|100\/100\n|turn|3\n|\n|t:|1682998360\n|move|p1b: Garchomp|Protect|p1b: Garchomp\n|-singleturn|p1b: Garchomp|Protect\n|move|p2b: Talonflame|Will-O-Wisp|p1b: Garchomp\n|-activate|p1b: Garchomp|move: Protect\n|move|p2a: Garchomp|Earthquake|p1a: Gholdengo|[spread] p1a\n|-activate|p1b: Garchomp|move: Protect\n|-immune|p2b: Talonflame\n|-supereffective|p1a: Gholdengo\n|-damage|p1a: Gholdengo|4\/100\n|-damage|p2a: Garchomp|26\/100 brn|[from] item: Life Orb\n|move|p1a: Gholdengo|Make It Rain|p2a: Garchomp|[spread] p2a,p2b\n|-resisted|p2b: Talonflame\n|-damage|p2a: Garchomp|0 fnt\n|-damage|p2b: Talonflame|0 fnt\n|-unboost|p1a: Gholdengo|spa|1\n|faint|p2a: Garchomp\n|faint|p2b: Talonflame\n|\n|upkeep\n|\n|t:|1682998383\n|switch|p2b: Abomasnow|Abomasnow, L50, M|100\/100\n|-weather|Snow|[from] ability: Snow Warning|[of] p2b: Abomasnow\n|turn|4\n|\n|t:|1682998401\n|-terastallize|p1b: Garchomp|Fire\n|-terastallize|p2b: Abomasnow|Water\n|move|p1b: Garchomp|Dragon Claw|p2b: Abomasnow\n|-damage|p2b: Abomasnow|28\/100\n|-damage|p1b: Garchomp|91\/100|[from] item: Life Orb\n|move|p1a: Gholdengo|Make It Rain|p2b: Abomasnow\n|-resisted|p2b: Abomasnow\n|-damage|p2b: Abomasnow|7\/100\n|-unboost|p1a: Gholdengo|spa|1\n|move|p2b: Abomasnow|Blizzard|p1a: Gholdengo|[spread] p1a,p1b\n|-resisted|p1a: Gholdengo\n|-resisted|p1b: Garchomp\n|-damage|p1a: Gholdengo|0 fnt\n|-damage|p1b: Garchomp|72\/100\n|faint|p1a: Gholdengo\n|\n|-weather|Snow|[upkeep]\n|-sideend|p1: Flemastar|move: Tailwind\n|-sideend|p2: k58462312|move: Tailwind\n|upkeep\n|\n|t:|1682998410\n|switch|p1a: Chien-Pao|Chien-Pao, L50|100\/100\n|-ability|p1a: Chien-Pao|Sword of Ruin\n|turn|5\n|\n|t:|1682998427\n|move|p1a: Chien-Pao|Sacred Sword|p2b: Abomasnow\n|-damage|p2b: Abomasnow|0 fnt\n|faint|p2b: Abomasnow\n|\n|win|Flemastar\n|raw|Flemastar's rating: 1182 → 1212<\/strong> (+30 for winning)\n|raw|k58462312's rating: 1250 → 1220<\/strong> (-30 for losing)\n","uploadtime":1682998437,"views":16,"p1id":"flemastar","p2id":"k58462312","formatid":"gen9vgc2023regulationc","rating":1212,"private":0,"password":""}