{"id":"gen9vgc2023regulationc-1858953733","p1":"Kenepa21","p2":"Purplepiglis13","format":"[Gen 9] VGC 2023 Regulation C","log":"|j|\u2606Kenepa21\n|j|\u2606Purplepiglis13\n|t:|1683387447\n|gametype|doubles\n|player|p1|Kenepa21|2|1360\n|player|p2|Purplepiglis13|hilbert|1401\n|teamsize|p1|6\n|teamsize|p2|6\n|gen|9\n|tier|[Gen 9] VGC 2023 Regulation C\n|rated|\n|rule|Species Clause: Limit one of each Pok\u00e9mon\n|rule|Item Clause: Limit one of each item\n|clearpoke\n|poke|p1|Iron Moth, L50|\n|poke|p1|Hydreigon, L50, F|\n|poke|p1|Gyarados, L50, M|\n|poke|p1|Maushold-Four, L50|\n|poke|p1|Annihilape, L50, M|\n|poke|p1|Gardevoir, L50, F|\n|poke|p2|Chien-Pao, L50|\n|poke|p2|Azumarill, L50, F|\n|poke|p2|Amoonguss, L50, M|\n|poke|p2|Flutter Mane, L50|\n|poke|p2|Arcanine, L50, M|\n|poke|p2|Dragonite, L50, F|\n|teampreview|4\nKenepa21 has agreed to open team sheets.\nPurplepiglis13 has agreed to open team sheets.\n|\n|t:|1683387514\n|start\n|switch|p1a: Gardevoir|Gardevoir, L50, F|100\/100\n|switch|p1b: Iron Moth|Iron Moth, L50|100\/100\n|switch|p2a: Amoonguss|Amoonguss, L50, M|100\/100\n|switch|p2b: Flutter Mane|Flutter Mane, L50|100\/100\n|-enditem|p1b: Iron Moth|Booster Energy\n|-activate|p1b: Iron Moth|ability: Quark Drive|[fromitem]\n|-start|p1b: Iron Moth|quarkdrivespe\n|-enditem|p2b: Flutter Mane|Booster Energy\n|-activate|p2b: Flutter Mane|ability: Protosynthesis|[fromitem]\n|-start|p2b: Flutter Mane|protosynthesisspa\n|turn|1\n|\n|t:|1683387543\n|move|p1b: Iron Moth|Sludge Wave|p2a: Amoonguss|[spread] p2a,p2b\n|-activate|p1a: Gardevoir|ability: Telepathy\n|-damage|p2a: Amoonguss|72\/100\n|-damage|p2b: Flutter Mane|70\/100\n|move|p1a: Gardevoir|Psychic|p2a: Amoonguss\n|-supereffective|p2a: Amoonguss\n|-damage|p2a: Amoonguss|0 fnt\n|faint|p2a: Amoonguss\n|move|p2b: Flutter Mane|Calm Mind|p2b: Flutter Mane\n|-boost|p2b: Flutter Mane|spa|1\n|-boost|p2b: Flutter Mane|spd|1\n|\n|upkeep\n|\n|t:|1683387555\n|switch|p2a: Dragonite|Dragonite, L50, F|100\/100\n|turn|2\n|\n|t:|1683387569\n|move|p2a: Dragonite|Protect|p2a: Dragonite\n|-singleturn|p2a: Dragonite|Protect\n|move|p1b: Iron Moth|Sludge Wave|p2a: Dragonite|[spread] p2b\n|-activate|p2a: Dragonite|move: Protect\n|-activate|p1a: Gardevoir|ability: Telepathy\n|-damage|p2b: Flutter Mane|52\/100\n|-status|p2b: Flutter Mane|psn\n|move|p1a: Gardevoir|Psychic|p2b: Flutter Mane\n|-damage|p2b: Flutter Mane|27\/100 psn\n|move|p2b: Flutter Mane|Shadow Ball|p1a: Gardevoir\n|-supereffective|p1a: Gardevoir\n|-damage|p1a: Gardevoir|0 fnt\n|faint|p1a: Gardevoir\n|\n|-damage|p2b: Flutter Mane|15\/100 psn|[from] psn\n|upkeep\n|\n|t:|1683387584\n|switch|p1a: Hydreigon|Hydreigon, L50, F|100\/100\n|turn|3\n|\n|t:|1683387594\n|-terastallize|p1a: Hydreigon|Poison\n|-terastallize|p2a: Dragonite|Normal\n|move|p2b: Flutter Mane|Protect|p2b: Flutter Mane\n|-singleturn|p2b: Flutter Mane|Protect\n|move|p1b: Iron Moth|Sludge Wave|p2b: Flutter Mane|[spread] p1a,p2a\n|-activate|p2b: Flutter Mane|move: Protect\n|-resisted|p1a: Hydreigon\n|-damage|p1a: Hydreigon|90\/100\n|-damage|p2a: Dragonite|71\/100\n|move|p1a: Hydreigon|Draco Meteor|p2a: Dragonite\n|-damage|p2a: Dragonite|12\/100\n|-unboost|p1a: Hydreigon|spa|2\n|move|p2a: Dragonite|Tailwind|p2a: Dragonite\n|-sidestart|p2: Purplepiglis13|move: Tailwind\n|\n|-damage|p2b: Flutter Mane|2\/100 psn|[from] psn\n|upkeep\n|turn|4\n|\n|t:|1683387615\n|move|p1b: Iron Moth|Protect|p1b: Iron Moth\n|-singleturn|p1b: Iron Moth|Protect\n|move|p2a: Dragonite|Extreme Speed|p1b: Iron Moth\n|-activate|p1b: Iron Moth|move: Protect\n|move|p2b: Flutter Mane|Shadow Ball|p1b: Iron Moth\n|-activate|p1b: Iron Moth|move: Protect\n|move|p1a: Hydreigon|Snarl|p2a: Dragonite|[spread] p2a,p2b\n|-damage|p2a: Dragonite|3\/100\n|-damage|p2b: Flutter Mane|0 fnt\n|-unboost|p2a: Dragonite|spa|1\n|faint|p2b: Flutter Mane\n|-end|p2b: Flutter Mane|Protosynthesis|[silent]\n|\n|upkeep\n|\n|t:|1683387617\n|switch|p2b: Azumarill|Azumarill, L50, F|100\/100\n|turn|5\n|\n|t:|1683387635\n|switch|p1a: Gyarados|Gyarados, L50, M, shiny|100\/100\n|-ability|p1a: Gyarados|Intimidate|boost\n|-fail|p2a: Dragonite|unboost|Attack|[from] ability: Inner Focus|[of] p2a: Dragonite\n|-unboost|p2b: Azumarill|atk|1\n|move|p2a: Dragonite|Extreme Speed|p1b: Iron Moth\n|-damage|p1b: Iron Moth|46\/100\n|move|p2b: Azumarill|Aqua Jet|p1b: Iron Moth\n|-supereffective|p1b: Iron Moth\n|-damage|p1b: Iron Moth|4\/100\n|move|p1b: Iron Moth|Sludge Wave|p2a: Dragonite|[spread] p1a,p2a,p2b\n|-supereffective|p2b: Azumarill\n|-damage|p1a: Gyarados|76\/100\n|-damage|p2a: Dragonite|0 fnt\n|-damage|p2b: Azumarill|57\/100\n|faint|p2a: Dragonite\n|\n|upkeep\n|turn|6\n|\n|t:|1683387656\n|move|p1b: Iron Moth|Acid Spray|p2b: Azumarill\n|-supereffective|p2b: Azumarill\n|-damage|p2b: Azumarill|27\/100\n|-unboost|p2b: Azumarill|spd|2\n|move|p2b: Azumarill|Play Rough|p1a: Gyarados\n|-damage|p1a: Gyarados|42\/100\n|move|p1a: Gyarados|Thunder Wave|p2b: Azumarill\n|-status|p2b: Azumarill|par\n|\n|-sideend|p2: Purplepiglis13|move: Tailwind\n|upkeep\n|turn|7\n|-message|Purplepiglis13 forfeited.\n|\n|win|Kenepa21\n|raw|Kenepa21's rating: 1360 → 1382<\/strong> (+22 for winning)\n|raw|Purplepiglis13's rating: 1401 → 1379<\/strong> (-22 for losing)\n|l|\u2606Purplepiglis13\n","uploadtime":1683387676,"views":6,"p1id":"kenepa21","p2id":"purplepiglis13","formatid":"gen9vgc2023regulationc","rating":1379,"private":0,"password":""}