{"id":"gen9vgc2023regulationc-1861319562","p1":"sandykyu","p2":"XxStpYTxX","format":"[Gen 9] VGC 2023 Regulation C","log":"|j|\u2606sandykyu\n|j|\u2606XxStpYTxX\n|t:|1683745532\n|gametype|doubles\n|player|p1|sandykyu|clerkf|1094\n|player|p2|XxStpYTxX|1|1164\n|teamsize|p1|6\n|teamsize|p2|6\n|gen|9\n|tier|[Gen 9] VGC 2023 Regulation C\n|rated|\n|rule|Species Clause: Limit one of each Pok\u00e9mon\n|rule|Item Clause: Limit one of each item\n|clearpoke\n|poke|p1|Chien-Pao, L50|\n|poke|p1|Dragonite, L50, M|\n|poke|p1|Flutter Mane, L50|\n|poke|p1|Arcanine, L50, F|\n|poke|p1|Amoonguss, L50, F|\n|poke|p1|Palafin, L50, F|\n|poke|p2|Amoonguss, L50, F|\n|poke|p2|Garchomp, L50, M|\n|poke|p2|Arcanine, L50, F|\n|poke|p2|Gardevoir, L50, M|\n|poke|p2|Annihilape, L50, F|\n|poke|p2|Ceruledge, L50, M|\n|teampreview|4\n|\n|t:|1683745557\n|start\n|switch|p1a: tails|Chien-Pao, L50|100\/100\n|switch|p1b: hoonita|Dragonite, L50, M, shiny|100\/100\n|switch|p2a: Arcanine|Arcanine, L50, F|100\/100\n|switch|p2b: Ceruledge|Ceruledge, L50, M|100\/100\n|-ability|p1a: tails|Sword of Ruin\n|-ability|p2a: Arcanine|Intimidate|boost\n|-unboost|p1a: tails|atk|1\n|-fail|p1b: hoonita|unboost|Attack|[from] ability: Inner Focus|[of] p1b: hoonita\n|turn|1\n|\n|t:|1683745580\n|-terastallize|p1b: hoonita|Normal\n|move|p1b: hoonita|Extreme Speed|p2b: Ceruledge\n|-immune|p2b: Ceruledge\n|move|p1a: tails|Sucker Punch|p2b: Ceruledge\n|-supereffective|p2b: Ceruledge\n|-damage|p2b: Ceruledge|41\/100\n|move|p2a: Arcanine|Will-O-Wisp|p1b: hoonita\n|-status|p1b: hoonita|brn\n|move|p2b: Ceruledge|Bitter Blade|p1a: tails\n|-supereffective|p1a: tails\n|-enditem|p1a: tails|Focus Sash\n|-damage|p1a: tails|1\/100\n|-heal|p2b: Ceruledge|86\/100|[from] drain|[of] p1a: tails\n|\n|-damage|p1b: hoonita|94\/100 brn|[from] brn\n|upkeep\n|turn|2\n|\n|t:|1683745606\n|move|p2a: Arcanine|Extreme Speed|p1a: tails\n|-damage|p1a: tails|0 fnt\n|faint|p1a: tails\n|move|p1b: hoonita|Extreme Speed|p2a: Arcanine\n|-damage|p2a: Arcanine|69\/100\n|move|p2b: Ceruledge|Brick Break|p1b: hoonita\n|-supereffective|p1b: hoonita\n|-damage|p1b: hoonita|47\/100 brn\n|\n|-damage|p1b: hoonita|41\/100 brn|[from] brn\n|upkeep\n|\n|t:|1683745616\n|switch|p1a: chito|Palafin, L50, F|100\/100\n|turn|3\n|\n|t:|1683745631\n|detailschange|p1a: chito|Palafin-Hero, L50, F\n|switch|p1a: poco poco|Flutter Mane, L50, shiny|100\/100\n|-terastallize|p2b: Ceruledge|Grass\n|move|p1b: hoonita|Extreme Speed|p2a: Arcanine\n|-damage|p2a: Arcanine|34\/100\n|move|p2a: Arcanine|Will-O-Wisp|p1a: poco poco\n|-status|p1a: poco poco|brn\n|move|p2b: Ceruledge|Brick Break|p1b: hoonita\n|-supereffective|p1b: hoonita\n|-damage|p1b: hoonita|0 fnt\n|faint|p1b: hoonita\n|\n|-damage|p1a: poco poco|94\/100 brn|[from] brn\n|upkeep\n|\n|t:|1683745645\n|switch|p1b: chito|Palafin-Hero, L50, F|100\/100\n|-activate|p1b: chito|ability: Zero to Hero\n|turn|4\n|\n|t:|1683745678\n|move|p2a: Arcanine|Extreme Speed|p1b: chito\n|-damage|p1b: chito|83\/100\n|move|p1b: chito|Jet Punch|p2a: Arcanine\n|-supereffective|p2a: Arcanine\n|-damage|p2a: Arcanine|0 fnt\n|faint|p2a: Arcanine\n|move|p1a: poco poco|Moonblast|p2b: Ceruledge\n|-damage|p2b: Ceruledge|36\/100\n|-unboost|p2b: Ceruledge|spa|1\n|-damage|p1a: poco poco|84\/100 brn|[from] item: Life Orb\n|move|p2b: Ceruledge|Bitter Blade|p1a: poco poco\n|-damage|p1a: poco poco|0 fnt\n|-heal|p2b: Ceruledge|68\/100|[from] drain|[of] p1a: poco poco\n|faint|p1a: poco poco\n|-end|p1a: poco poco|Protosynthesis|[silent]\n|\n|upkeep\n|\n|t:|1683745697\n|switch|p2a: Amoonguss|Amoonguss, L50, F|100\/100\n|turn|5\n|\n|t:|1683745706\n|move|p1b: chito|Wave Crash|p2b: Ceruledge\n|-resisted|p2b: Ceruledge\n|-damage|p2b: Ceruledge|26\/100\n|-damage|p1b: chito|71\/100|[from] Recoil\n|move|p2b: Ceruledge|Brick Break|p1b: chito\n|-damage|p1b: chito|51\/100\n|move|p2a: Amoonguss|Spore|p1b: chito\n|-status|p1b: chito|slp|[from] move: Spore\n|\n|upkeep\n|turn|6\n|-message|sandykyu forfeited.\n|\n|win|XxStpYTxX\n|raw|sandykyu's rating: 1094 → 1075<\/strong> (-19 for losing)\n|raw|XxStpYTxX's rating: 1164 → 1184<\/strong> (+20 for winning)\n|l|\u2606sandykyu\n|c|\u2606XxStpYTxX|Gg wp\n","uploadtime":1683745738,"views":14,"p1id":"sandykyu","p2id":"xxstpytxx","formatid":"gen9vgc2023regulationc","rating":1075,"private":0,"password":""}