{"id":"gen9vgc2023regulationc-1851484485","p1":"joshdonnie","p2":"A_Wild_Ymir","format":"[Gen 9] VGC 2023 Regulation C","log":"|j|\u2606joshdonnie\n|j|\u2606A_Wild_Ymir\n|t:|1682448937\n|gametype|doubles\n|player|p1|joshdonnie|1|1268\n|player|p2|A_Wild_Ymir|pokemonbreeder-gen4|1246\n|teamsize|p1|6\n|teamsize|p2|6\n|gen|9\n|tier|[Gen 9] VGC 2023 Regulation C\n|rated|\n|rule|Species Clause: Limit one of each Pok\u00e9mon\n|rule|Item Clause: Limit one of each item\n|clearpoke\n|poke|p1|Garchomp, L50, M|\n|poke|p1|Annihilape, L50, M|\n|poke|p1|Kingambit, L50, M|\n|poke|p1|Chien-Pao, L50|\n|poke|p1|Farigiraf, L50, M|\n|poke|p1|Rotom-Wash, L50|\n|poke|p2|Sandy Shocks, L50|\n|poke|p2|Farigiraf, L50, F|\n|poke|p2|Amoonguss, L50, M|\n|poke|p2|Armarouge, L50, F|\n|poke|p2|Indeedee-F, L50, F|\n|poke|p2|Tinkaton, L50, F|\n|teampreview|4\n|inactive|Battle timer is ON: inactive players will automatically lose when time's up. (requested by A_Wild_Ymir)\njoshdonnie has agreed to open team sheets.\n|inactive|joshdonnie has 60 seconds left.\n|inactive|A_Wild_Ymir has 60 seconds left.\n|\n|t:|1682448988\n|start\n|switch|p1a: Oroku Saki|Kingambit, L50, M, shiny|100\/100\n|switch|p1b: Chien-Pao|Chien-Pao, L50|100\/100\n|switch|p2a: Farigiraf|Farigiraf, L50, F|100\/100\n|switch|p2b: Amoonguss|Amoonguss, L50, M|100\/100\n|-ability|p1b: Chien-Pao|Sword of Ruin\n|turn|1\n|inactive|A_Wild_Ymir has 30 seconds left.\n|\n|t:|1682449016\n|-terastallize|p2b: Amoonguss|Water\n|move|p1b: Chien-Pao|Ice Spinner|p2b: Amoonguss\n|-resisted|p2b: Amoonguss\n|-damage|p2b: Amoonguss|79\/100\n|-damage|p1b: Chien-Pao|84\/100|[from] item: Rocky Helmet|[of] p2b: Amoonguss\n|move|p2a: Farigiraf|Dazzling Gleam|p1b: Chien-Pao|[spread] p1a,p1b\n|-supereffective|p1b: Chien-Pao\n|-damage|p1a: Oroku Saki|86\/100\n|-damage|p1b: Chien-Pao|17\/100\n|move|p1a: Oroku Saki|Kowtow Cleave|p2b: Amoonguss\n|-damage|p2b: Amoonguss|27\/100\n|-damage|p1a: Oroku Saki|70\/100|[from] item: Rocky Helmet|[of] p2b: Amoonguss\n|move|p2b: Amoonguss|Spore|p1a: Oroku Saki\n|-status|p1a: Oroku Saki|slp|[from] move: Spore\n|\n|upkeep\n|turn|2\n|inactive|joshdonnie has 30 seconds left.\n|inactive|A_Wild_Ymir has 30 seconds left.\n|\n|t:|1682449048\n|switch|p1a: Farigiraf|Farigiraf, L50, M, shiny|100\/100\n|move|p2b: Amoonguss|Rage Powder|p2b: Amoonguss\n|-singleturn|p2b: Amoonguss|move: Rage Powder\n|move|p1b: Chien-Pao|Sacred Sword|p2b: Amoonguss\n|-damage|p2b: Amoonguss|0 fnt\n|-damage|p1b: Chien-Pao|1\/100|[from] item: Rocky Helmet|[of] p2b: Amoonguss\n|faint|p2b: Amoonguss\n|move|p2a: Farigiraf|Trick Room|p2a: Farigiraf\n|-fieldstart|move: Trick Room|[of] p2a: Farigiraf\n|\n|upkeep\n|\n|t:|1682449058\n|switch|p2b: Tinkaton|Tinkaton, L50, F|100\/100\n|-ability|p2b: Tinkaton|Mold Breaker\n|turn|3\n|\n|t:|1682449065\n|move|p1a: Farigiraf|Protect|p1a: Farigiraf\n|-singleturn|p1a: Farigiraf|Protect\n|move|p1b: Chien-Pao|Protect|p1b: Chien-Pao\n|-singleturn|p1b: Chien-Pao|Protect\n|move|p2a: Farigiraf|Hyper Voice|p1a: Farigiraf|[spread] \n|-activate|p1a: Farigiraf|move: Protect\n|-activate|p1b: Chien-Pao|move: Protect\n|move|p2b: Tinkaton|Gigaton Hammer|p1a: Farigiraf\n|-activate|p1a: Farigiraf|move: Protect\n|\n|upkeep\n|turn|4\n|\n|t:|1682449080\n|switch|p1b: Oroku Saki|Kingambit, L50, M, shiny|70\/100 slp\n|move|p2b: Tinkaton|Protect|p2b: Tinkaton\n|-singleturn|p2b: Tinkaton|Protect\n|move|p2a: Farigiraf|Hyper Voice|p1a: Farigiraf|[spread] p1a,p1b\n|-resisted|p1b: Oroku Saki\n|-damage|p1a: Farigiraf|70\/100\n|-damage|p1b: Oroku Saki|60\/100 slp\n|-enditem|p2a: Farigiraf|Throat Spray\n|-boost|p2a: Farigiraf|spa|1|[from] item: Throat Spray\n|move|p1a: Farigiraf|Hyper Voice|p2b: Tinkaton|[spread] p2a\n|-activate|p2b: Tinkaton|move: Protect\n|-damage|p2a: Farigiraf|71\/100\n|-enditem|p1a: Farigiraf|Throat Spray\n|-boost|p1a: Farigiraf|spa|1|[from] item: Throat Spray\n|\n|upkeep\n|turn|5\n|inactive|joshdonnie has 30 seconds left.\n|\n|t:|1682449105\n|cant|p1b: Oroku Saki|slp\n|move|p2a: Farigiraf|Hyper Voice|p1a: Farigiraf|[spread] p1a,p1b\n|-crit|p1a: Farigiraf\n|-resisted|p1b: Oroku Saki\n|-damage|p1a: Farigiraf|4\/100\n|-damage|p1b: Oroku Saki|43\/100 slp\n|move|p1a: Farigiraf|Hyper Voice|p2b: Tinkaton|[spread] p2a,p2b\n|-resisted|p2b: Tinkaton\n|-damage|p2a: Farigiraf|26\/100\n|-damage|p2b: Tinkaton|82\/100\n|move|p2b: Tinkaton|Play Rough|p1b: Oroku Saki|[miss]\n|-miss|p2b: Tinkaton|p1b: Oroku Saki\n|\n|-heal|p2b: Tinkaton|89\/100|[from] item: Leftovers\n|upkeep\n|turn|6\n|\n|t:|1682449125\n|move|p1a: Farigiraf|Protect|p1a: Farigiraf\n|-singleturn|p1a: Farigiraf|Protect\n|cant|p1b: Oroku Saki|slp\n|move|p2a: Farigiraf|Hyper Voice|p1b: Oroku Saki|[spread] p1b\n|-activate|p1a: Farigiraf|move: Protect\n|-resisted|p1b: Oroku Saki\n|-damage|p1b: Oroku Saki|28\/100 slp\n|move|p2b: Tinkaton|Gigaton Hammer|p1b: Oroku Saki\n|-resisted|p1b: Oroku Saki\n|-damage|p1b: Oroku Saki|4\/100 slp\n|\n|-heal|p2b: Tinkaton|95\/100|[from] item: Leftovers\n|-fieldend|move: Trick Room\n|upkeep\n|turn|7\n|\n|t:|1682449146\n|switch|p1b: Chien-Pao|Chien-Pao, L50|1\/100\n|-ability|p1b: Chien-Pao|Sword of Ruin\n|move|p2a: Farigiraf|Protect|p2a: Farigiraf\n|-singleturn|p2a: Farigiraf|Protect\n|move|p2b: Tinkaton|Play Rough|p1b: Chien-Pao\n|-supereffective|p1b: Chien-Pao\n|-damage|p1b: Chien-Pao|0 fnt\n|faint|p1b: Chien-Pao\n|move|p1a: Farigiraf|Hyper Voice|p2a: Farigiraf|[spread] p2b\n|-activate|p2a: Farigiraf|move: Protect\n|-resisted|p2b: Tinkaton\n|-damage|p2b: Tinkaton|75\/100\n|\n|-heal|p2b: Tinkaton|82\/100|[from] item: Leftovers\n|upkeep\n|\n|t:|1682449158\n|switch|p1b: Garchomp|Garchomp, L50, M|100\/100\n|turn|8\n|\n|t:|1682449167\n|-terastallize|p1b: Garchomp|Steel\n|move|p1a: Farigiraf|Protect|p1a: Farigiraf\n|-singleturn|p1a: Farigiraf|Protect\n|move|p1b: Garchomp|Earthquake|p2a: Farigiraf|[spread] p2a,p2b\n|-activate|p1a: Farigiraf|move: Protect\n|-supereffective|p2b: Tinkaton\n|-damage|p2a: Farigiraf|0 fnt\n|-damage|p2b: Tinkaton|0 fnt\n|faint|p2a: Farigiraf\n|faint|p2b: Tinkaton\n|\n|upkeep\n|\n|t:|1682449171\n|switch|p2b: Sandy Shocks|Sandy Shocks, L50|100\/100\n|turn|9\n|\n|t:|1682449188\n|move|p1a: Farigiraf|Protect|p1a: Farigiraf\n|-singleturn|p1a: Farigiraf|Protect\n|move|p1b: Garchomp|Earthquake|p2b: Sandy Shocks|[spread] p2b\n|-activate|p1a: Farigiraf|move: Protect\n|-supereffective|p2b: Sandy Shocks\n|-damage|p2b: Sandy Shocks|34\/100\n|move|p2b: Sandy Shocks|Discharge|p1b: Garchomp|[spread] p1b\n|-activate|p1a: Farigiraf|move: Protect\n|-damage|p1b: Garchomp|66\/100\n|\n|upkeep\n|turn|10\n|\n|t:|1682449206\n|move|p1b: Garchomp|Earthquake|p2b: Sandy Shocks|[spread] p1a,p2b\n|-supereffective|p2b: Sandy Shocks\n|-damage|p1a: Farigiraf|0 fnt\n|-damage|p2b: Sandy Shocks|0 fnt\n|faint|p1a: Farigiraf\n|faint|p2b: Sandy Shocks\n|-end|p2b: Sandy Shocks|Protosynthesis|[silent]\n|\n|win|joshdonnie\n|raw|joshdonnie's rating: 1268 → 1291<\/strong> (+23 for winning)\n|raw|A_Wild_Ymir's rating: 1246 → 1223<\/strong> (-23 for losing)\n|l|\u2606A_Wild_Ymir\n","uploadtime":1682449218,"views":13,"p1id":"joshdonnie","p2id":"awildymir","formatid":"gen9vgc2023regulationc","rating":1223,"private":0,"password":""}