{"id":"gen9vgc2023regulationc-1854575421","p1":"shbones","p2":"tbrown89","format":"[Gen 9] VGC 2023 Regulation C","log":"|j|\u2606shbones\n|j|\u2606tbrown89\n|t:|1682829421\n|gametype|doubles\n|player|p1|shbones|bugcatcher|1140\n|player|p2|tbrown89|170|1096\n|teamsize|p1|6\n|teamsize|p2|6\n|gen|9\n|tier|[Gen 9] VGC 2023 Regulation C\n|rated|\n|rule|Species Clause: Limit one of each Pok\u00e9mon\n|rule|Item Clause: Limit one of each item\n|clearpoke\n|poke|p1|Rabsca, L50, F|\n|poke|p1|Orthworm, L50, F|\n|poke|p1|Lurantis, L50, F|\n|poke|p1|Dudunsparce-*, L50, M|\n|poke|p1|Volcarona, L50, M|\n|poke|p1|Frosmoth, L50, M|\n|poke|p2|Gholdengo, L50|\n|poke|p2|Meowscarada, L50, F|\n|poke|p2|Garchomp, L50, F|\n|poke|p2|Annihilape, L50, F|\n|poke|p2|Pelipper, L50, F|\n|poke|p2|Maushold-Four, L50|\n|teampreview|4\n|inactive|Battle timer is ON: inactive players will automatically lose when time's up. (requested by tbrown89)\n|\n|t:|1682829482\n|start\n|switch|p1a: Frosmoth|Frosmoth, L50, M, shiny|100\/100\n|switch|p1b: Rabsca|Rabsca, L50, F, shiny|100\/100\n|switch|p2a: Annihilape|Annihilape, L50, F|100\/100\n|switch|p2b: Maushold|Maushold-Four, L50|100\/100\n|turn|1\n|inactive|shbones has 30 seconds left.\n|inactive|tbrown89 has 30 seconds left.\n|inactive|shbones has 20 seconds left.\n|inactive|shbones has 15 seconds left.\n|\n|t:|1682829525\n|switch|p1a: Volcarona|Volcarona, L50, M|100\/100\n|move|p2b: Maushold|Beat Up|p2a: Annihilape\n|-damage|p2a: Annihilape|97\/100\n|-crit|p2a: Annihilape\n|-damage|p2a: Annihilape|94\/100\n|-damage|p2a: Annihilape|92\/100\n|-damage|p2a: Annihilape|89\/100\n|-hitcount|p2a: Annihilape|4\n|move|p2a: Annihilape|Bulk Up|p2a: Annihilape\n|-boost|p2a: Annihilape|atk|1\n|-boost|p2a: Annihilape|def|1\n|move|p1b: Rabsca|Reflect|p1b: Rabsca\n|-sidestart|p1: shbones|Reflect\n|\n|upkeep\n|turn|2\n|inactive|shbones has 30 seconds left.\n|\n|t:|1682829554\n|-terastallize|p2a: Annihilape|Poison\n|move|p2b: Maushold|Helping Hand|p2a: Annihilape\n|-singleturn|p2a: Annihilape|Helping Hand|[of] p2b: Maushold\n|move|p1a: Volcarona|Quiver Dance|p1a: Volcarona\n|-boost|p1a: Volcarona|spa|1\n|-boost|p1a: Volcarona|spd|1\n|-boost|p1a: Volcarona|spe|1\n|move|p2a: Annihilape|Drain Punch|p1a: Volcarona\n|-resisted|p1a: Volcarona\n|-damage|p1a: Volcarona|67\/100\n|-heal|p2a: Annihilape|100\/100|[from] drain|[of] p1a: Volcarona\n|move|p1b: Rabsca|Psychic|p2a: Annihilape\n|-supereffective|p2a: Annihilape\n|-damage|p2a: Annihilape|46\/100\n|\n|-heal|p1a: Volcarona|73\/100|[from] item: Leftovers\n|upkeep\n|turn|3\n|inactive|shbones has 30 seconds left.\n|inactive|tbrown89 has 30 seconds left.\n|\n|t:|1682829584\n|move|p2b: Maushold|Follow Me|p2b: Maushold\n|-singleturn|p2b: Maushold|move: Follow Me\n|move|p1a: Volcarona|Heat Wave|p2a: Annihilape|[spread] p2a,p2b\n|-damage|p2a: Annihilape|13\/100\n|-damage|p2b: Maushold|34\/100\n|-status|p2b: Maushold|brn\n|move|p2a: Annihilape|Rage Fist|p1a: Volcarona\n|-damage|p1a: Volcarona|0 fnt\n|faint|p1a: Volcarona\n|move|p1b: Rabsca|Psychic|p2b: Maushold\n|-damage|p2b: Maushold|0 fnt\n|faint|p2b: Maushold\n|\n|upkeep\n|\n|t:|1682829601\n|switch|p2b: Pelipper|Pelipper, L50, F|100\/100\n|switch|p1a: Frosmoth|Frosmoth, L50, M, shiny|100\/100\n|-weather|RainDance|[from] ability: Drizzle|[of] p2b: Pelipper\n|turn|4\n|\n|t:|1682829617\n|-terastallize|p1a: Frosmoth|Water\n|move|p2a: Annihilape|Drain Punch|p1a: Frosmoth\n|-damage|p1a: Frosmoth|39\/100\n|-heal|p2a: Annihilape|34\/100|[from] drain|[of] p1a: Frosmoth\n|move|p1a: Frosmoth|Tera Blast|p2a: Annihilape\n|-damage|p2a: Annihilape|0 fnt\n|faint|p2a: Annihilape\n|-damage|p1a: Frosmoth|29\/100|[from] item: Life Orb\n|move|p2b: Pelipper|Tailwind|p2b: Pelipper\n|-sidestart|p2: tbrown89|move: Tailwind\n|move|p1b: Rabsca|Trick Room|p1b: Rabsca\n|-fieldstart|move: Trick Room|[of] p1b: Rabsca\n|\n|-weather|RainDance|[upkeep]\n|upkeep\n|\n|t:|1682829632\n|switch|p2a: Garchomp|Garchomp, L50, F|100\/100\n|turn|5\n|inactive|tbrown89 has 30 seconds left.\n|\n|t:|1682829665\n|move|p1b: Rabsca|Psychic|p2a: Garchomp\n|-damage|p2a: Garchomp|63\/100\n|move|p1a: Frosmoth|Ice Beam|p2a: Garchomp\n|-supereffective|p2a: Garchomp\n|-damage|p2a: Garchomp|0 fnt\n|faint|p2a: Garchomp\n|-damage|p1a: Frosmoth|20\/100|[from] item: Life Orb\n|move|p2b: Pelipper|Hurricane|p1b: Rabsca\n|-supereffective|p1b: Rabsca\n|-damage|p1b: Rabsca|27\/100\n|\n|-weather|RainDance|[upkeep]\n|-sideend|p1: shbones|Reflect\n|upkeep\n|turn|6\n|\n|t:|1682829686\n|move|p1b: Rabsca|Psychic|p2b: Pelipper\n|-damage|p2b: Pelipper|52\/100\n|move|p1a: Frosmoth|Ice Beam|p2b: Pelipper\n|-damage|p2b: Pelipper|0 fnt\n|faint|p2b: Pelipper\n|-damage|p1a: Frosmoth|10\/100|[from] item: Life Orb\n|\n|win|shbones\n|raw|shbones's rating: 1140 → 1162<\/strong> (+22 for winning)\n|raw|tbrown89's rating: 1096 → 1075<\/strong> (-21 for losing)\n|l|\u2606tbrown89\n","uploadtime":1682829714,"views":14,"p1id":"shbones","p2id":"tbrown89","formatid":"gen9vgc2023regulationc","rating":1075,"private":0,"password":""}