{"id":"gen9vgc2023regulationc-1852709723","p1":"Tungo","p2":"Ricardo Randorez","format":"[Gen 9] VGC 2023 Regulation C","log":"|j|\u2606Tungo\n|j|\u2606Ricardo Randorez\n|t:|1682599034\n|gametype|doubles\n|player|p1|Tungo|steven|1224\n|player|p2|Ricardo Randorez|265|1145\n|teamsize|p1|6\n|teamsize|p2|6\n|gen|9\n|tier|[Gen 9] VGC 2023 Regulation C\n|rated|\n|rule|Species Clause: Limit one of each Pok\u00e9mon\n|rule|Item Clause: Limit one of each item\n|clearpoke\n|poke|p1|Gastrodon-East, L50, M|\n|poke|p1|Arcanine, L50, F|\n|poke|p1|Baxcalibur, L50, M|\n|poke|p1|Flutter Mane, L50|\n|poke|p1|Ting-Lu, L50|\n|poke|p1|Corviknight, L50, F|\n|poke|p2|Gyarados, L50, F|\n|poke|p2|Arcanine, L50, F|\n|poke|p2|Dragonite, L50, F|\n|poke|p2|Great Tusk, L50|\n|poke|p2|Iron Jugulis, L50|\n|poke|p2|Chien-Pao, L50|\n|teampreview|4\n|inactive|Battle timer is ON: inactive players will automatically lose when time's up. (requested by Tungo)\n|\n|t:|1682599070\n|start\n|switch|p1a: Arcanine|Arcanine, L50, F|100\/100\n|switch|p1b: Baxcalibur|Baxcalibur, L50, M|100\/100\n|switch|p2a: Gyarados|Gyarados, L50, F|100\/100\n|switch|p2b: Arcanine|Arcanine, L50, F|100\/100\n|-ability|p1a: Arcanine|Intimidate|boost\n|-fail|p2a: Gyarados|unboost|[from] item: Clear Amulet|[of] p2a: Gyarados\n|-unboost|p2b: Arcanine|atk|1\n|-ability|p2b: Arcanine|Intimidate|boost\n|-unboost|p1a: Arcanine|atk|1\n|-unboost|p1b: Baxcalibur|atk|1\n|turn|1\n|inactive|Tungo has 30 seconds left.\n|inactive|Ricardo Randorez has 30 seconds left.\n|\n|t:|1682599103\n|move|p1a: Arcanine|Howl|p1a: Arcanine|[spread] p1a,p1b\n|-boost|p1a: Arcanine|atk|1\n|-boost|p1b: Baxcalibur|atk|1\n|move|p2a: Gyarados|Dragon Dance|p2a: Gyarados\n|-boost|p2a: Gyarados|atk|1\n|-boost|p2a: Gyarados|spe|1\n|move|p2b: Arcanine|Howl|p2b: Arcanine|[spread] p2a,p2b\n|-boost|p2a: Gyarados|atk|1\n|-boost|p2b: Arcanine|atk|1\n|move|p1b: Baxcalibur|Glaive Rush|p2b: Arcanine\n|-damage|p2b: Arcanine|31\/100\n|-singlemove|p1b: Baxcalibur|Glaive Rush|[silent]\n|\n|upkeep\n|turn|2\n|inactive|Tungo has 30 seconds left.\n|inactive|Tungo has 20 seconds left.\n|inactive|Tungo has 15 seconds left.\n|inactive|Tungo has 10 seconds left.\n|\n|t:|1682599151\n|-terastallize|p1a: Arcanine|Grass\n|move|p1b: Baxcalibur|Protect|p1b: Baxcalibur\n|-singleturn|p1b: Baxcalibur|Protect\n|move|p2a: Gyarados|Waterfall|p1a: Arcanine\n|-resisted|p1a: Arcanine\n|-damage|p1a: Arcanine|64\/100\n|cant|p1a: Arcanine|flinch\n|move|p2b: Arcanine|Howl|p2b: Arcanine|[spread] p2a,p2b\n|-boost|p2a: Gyarados|atk|1\n|-boost|p2b: Arcanine|atk|1\n|\n|upkeep\n|turn|3\n|\n|t:|1682599176\n|-terastallize|p2a: Gyarados|Flying\n|move|p1a: Arcanine|Extreme Speed|p2a: Gyarados\n|-damage|p2a: Gyarados|77\/100\n|move|p2a: Gyarados|Tera Blast|p1b: Baxcalibur\n|-damage|p1b: Baxcalibur|0 fnt\n|faint|p1b: Baxcalibur\n|-ability|p2a: Gyarados|Moxie|boost\n|-boost|p2a: Gyarados|atk|1\n|move|p2b: Arcanine|Flare Blitz|p1a: Arcanine\n|-supereffective|p1a: Arcanine\n|-damage|p1a: Arcanine|0 fnt\n|faint|p1a: Arcanine\n|-damage|p2b: Arcanine|11\/100|[from] Recoil\n|\n|upkeep\n|\n|t:|1682599200\n|switch|p1a: Gastrodon|Gastrodon-East, L50, M|100\/100\n|switch|p1b: Corviknight|Corviknight, L50, F|100\/100\n|turn|4\n|inactive|Tungo has 30 seconds left.\n|\n|t:|1682599228\n|move|p2a: Gyarados|Tera Blast|p1b: Corviknight\n|-resisted|p1b: Corviknight\n|-damage|p1b: Corviknight|40\/100\n|move|p2b: Arcanine|Flare Blitz|p1b: Corviknight\n|-supereffective|p1b: Corviknight\n|-damage|p1b: Corviknight|0 fnt\n|faint|p1b: Corviknight\n|-damage|p2b: Arcanine|0 fnt|[from] Recoil\n|faint|p2b: Arcanine\n|move|p1a: Gastrodon|Ice Beam|p2a: Gyarados\n|-supereffective|p2a: Gyarados\n|-damage|p2a: Gyarados|42\/100\n|\n|upkeep\n|\n|t:|1682599242\n|switch|p2b: Dragonite|Dragonite, L50, F|100\/100\n|turn|5\n|\n|t:|1682599261\n|move|p2a: Gyarados|Tera Blast|p1a: Gastrodon\n|-damage|p1a: Gastrodon|0 fnt\n|faint|p1a: Gastrodon\n|\n|win|Ricardo Randorez\n|raw|Tungo's rating: 1224 → 1193<\/strong> (-31 for losing)\n|raw|Ricardo Randorez's rating: 1145 → 1176<\/strong> (+31 for winning)\n","uploadtime":1682599267,"views":12,"p1id":"tungo","p2id":"ricardorandorez","formatid":"gen9vgc2023regulationc","rating":1176,"private":0,"password":""}