{"id":"gen9vgc2023regulationc-1853153829","p1":"ArKaneVGC","p2":"BroDontFuckWithMe","format":"[Gen 9] VGC 2023 Regulation C","log":"|j|\u2606ArKaneVGC\n|j|\u2606BroDontFuckWithMe\n|t:|1682641745\n|gametype|doubles\n|player|p1|ArKaneVGC|iris-gen5bw2|1581\n|player|p2|BroDontFuckWithMe|169|1592\n|teamsize|p1|6\n|teamsize|p2|6\n|gen|9\n|tier|[Gen 9] VGC 2023 Regulation C\n|rated|\n|rule|Species Clause: Limit one of each Pok\u00e9mon\n|rule|Item Clause: Limit one of each item\n|clearpoke\n|poke|p1|Chien-Pao, L50|\n|poke|p1|Farigiraf, L50, F|\n|poke|p1|Ting-Lu, L50|\n|poke|p1|Amoonguss, L50, M|\n|poke|p1|Arcanine, L50, F|\n|poke|p1|Azumarill, L50, F|\n|poke|p2|Great Tusk, L50|\n|poke|p2|Amoonguss, L50, M|\n|poke|p2|Tyranitar, L50, F|\n|poke|p2|Iron Bundle, L50|\n|poke|p2|Talonflame, L50, F|\n|poke|p2|Gholdengo, L50|\n|teampreview|4\n|inactive|Battle timer is ON: inactive players will automatically lose when time's up. (requested by ArKaneVGC)\n|j| Winnethepooh\n|\n|t:|1682641764\n|start\n|switch|p1a: Arcanine|Arcanine, L50, F|100\/100\n|switch|p1b: Azumarill|Azumarill, L50, F|100\/100\n|switch|p2a: Iron Bundle|Iron Bundle, L50|100\/100\n|switch|p2b: Gholdengo|Gholdengo, L50|100\/100\n|-ability|p1a: Arcanine|Intimidate|boost\n|-unboost|p2a: Iron Bundle|atk|1\n|-unboost|p2b: Gholdengo|atk|1\n|-enditem|p2a: Iron Bundle|Booster Energy\n|-activate|p2a: Iron Bundle|ability: Quark Drive|[fromitem]\n|-start|p2a: Iron Bundle|quarkdrivespe\n|turn|1\n|\n|t:|1682641788\n|switch|p1b: Ting-Lu|Ting-Lu, L50|100\/100\n|-ability|p1b: Ting-Lu|Vessel of Ruin\n|-terastallize|p2b: Gholdengo|Water\n|move|p2a: Iron Bundle|Hydro Pump|p1a: Arcanine\n|-supereffective|p1a: Arcanine\n|-damage|p1a: Arcanine|6\/100\n|move|p1a: Arcanine|Flare Blitz|p2b: Gholdengo\n|-resisted|p2b: Gholdengo\n|-damage|p2b: Gholdengo|70\/100\n|-damage|p1a: Arcanine|0 fnt|[from] Recoil\n|faint|p1a: Arcanine\n|move|p2b: Gholdengo|Nasty Plot|p2b: Gholdengo\n|-boost|p2b: Gholdengo|spa|2\n|\n|-heal|p2b: Gholdengo|76\/100|[from] item: Leftovers\n|upkeep\n|\n|t:|1682641797\n|switch|p1a: Chien-Pao|Chien-Pao, L50|100\/100\n|-ability|p1a: Chien-Pao|Sword of Ruin\n|turn|2\n|\n|t:|1682641804\n|-terastallize|p1a: Chien-Pao|Dark\n|move|p2b: Gholdengo|Protect|p2b: Gholdengo\n|-singleturn|p2b: Gholdengo|Protect\n|move|p2a: Iron Bundle|Icy Wind|p1a: Chien-Pao|[spread] p1a\n|-miss|p2a: Iron Bundle|p1b: Ting-Lu\n|-damage|p1a: Chien-Pao|77\/100\n|-unboost|p1a: Chien-Pao|spe|1\n|move|p1a: Chien-Pao|Haze|p1a: Chien-Pao\n|-clearallboost\n|move|p1b: Ting-Lu|Payback|p2b: Gholdengo\n|-activate|p2b: Gholdengo|move: Protect\n|\n|-heal|p2b: Gholdengo|82\/100|[from] item: Leftovers\n|upkeep\n|turn|3\n|inactive|BroDontFuckWithMe has 30 seconds left.\n|\n|t:|1682641830\n|move|p1a: Chien-Pao|Sucker Punch|p2a: Iron Bundle\n|-damage|p2a: Iron Bundle|0 fnt\n|faint|p2a: Iron Bundle\n|-end|p2a: Iron Bundle|Quark Drive|[silent]\n|-damage|p1a: Chien-Pao|68\/100|[from] item: Life Orb\n|move|p2b: Gholdengo|Make It Rain|p1a: Chien-Pao|[spread] p1a,p1b\n|-damage|p1a: Chien-Pao|15\/100\n|-damage|p1b: Ting-Lu|84\/100\n|-unboost|p2b: Gholdengo|spa|1\n|move|p1b: Ting-Lu|Payback|p2b: Gholdengo\n|-damage|p2b: Gholdengo|16\/100\n|\n|-heal|p2b: Gholdengo|22\/100|[from] item: Leftovers\n|upkeep\n|\n|t:|1682641836\n|switch|p2a: Talonflame|Talonflame, L50, F|100\/100\n|turn|4\n|\n|t:|1682641846\n|move|p1a: Chien-Pao|Protect|p1a: Chien-Pao\n|-singleturn|p1a: Chien-Pao|Protect\n|move|p2a: Talonflame|Quick Guard|p2a: Talonflame\n|-singleturn|p2a: Talonflame|Quick Guard\n|move|p2b: Gholdengo|Make It Rain|p1a: Chien-Pao|[spread] p1b\n|-activate|p1a: Chien-Pao|move: Protect\n|-damage|p1b: Ting-Lu|71\/100\n|-unboost|p2b: Gholdengo|spa|1\n|move|p1b: Ting-Lu|Payback|p2a: Talonflame\n|-damage|p2a: Talonflame|0 fnt\n|faint|p2a: Talonflame\n|\n|-heal|p2b: Gholdengo|27\/100|[from] item: Leftovers\n|upkeep\n|l| Winnethepooh\n|\n|t:|1682641850\n|switch|p2a: Great Tusk|Great Tusk, L50|100\/100\n|turn|5\n|\n|t:|1682641872\n|move|p2a: Great Tusk|Close Combat|p1b: Ting-Lu\n|-supereffective|p1b: Ting-Lu\n|-damage|p1b: Ting-Lu|0 fnt\n|-unboost|p2a: Great Tusk|def|1\n|-unboost|p2a: Great Tusk|spd|1\n|faint|p1b: Ting-Lu\n|move|p1a: Chien-Pao|Ice Spinner|p2a: Great Tusk\n|-supereffective|p2a: Great Tusk\n|-damage|p2a: Great Tusk|0 fnt\n|faint|p2a: Great Tusk\n|-end|p2a: Great Tusk|Protosynthesis|[silent]\n|-damage|p1a: Chien-Pao|5\/100|[from] item: Life Orb\n|move|p2b: Gholdengo|Nasty Plot|p2b: Gholdengo\n|-boost|p2b: Gholdengo|spa|2\n|\n|-heal|p2b: Gholdengo|33\/100|[from] item: Leftovers\n|upkeep\n|\n|t:|1682641875\n|switch|p1b: Azumarill|Azumarill, L50, F|100\/100\n|turn|6\n|\n|t:|1682641879\n|move|p1a: Chien-Pao|Sucker Punch||[still]\n|-fail|p1a: Chien-Pao\n|move|p2b: Gholdengo|Nasty Plot|p2b: Gholdengo\n|-boost|p2b: Gholdengo|spa|2\n|move|p1b: Azumarill|Play Rough|p2b: Gholdengo\n|-crit|p2b: Gholdengo\n|-damage|p2b: Gholdengo|0 fnt\n|faint|p2b: Gholdengo\n|\n|win|ArKaneVGC\n|raw|ArKaneVGC's rating: 1581 → 1602<\/strong> (+21 for winning)\n|raw|BroDontFuckWithMe's rating: 1592 → 1571<\/strong> (-21 for losing)\n|j| Winnethepooh\n|l|\u2606BroDontFuckWithMe\n","uploadtime":1682641965,"views":7,"p1id":"arkanevgc","p2id":"brodontfuckwithme","formatid":"gen9vgc2023regulationc","rating":1571,"private":0,"password":""}