{"id":"gen9vgc2023regulationc-1851245077","p1":"Asdfmeow","p2":"xxKlb7xx","format":"[Gen 9] VGC 2023 Regulation C","log":"|j|\u2606Asdfmeow\n|j|\u2606xxKlb7xx\n|t:|1682429003\n|gametype|doubles\n|player|p1|Asdfmeow|265|1000\n|player|p2|xxKlb7xx|ghetsis|1000\n|teamsize|p1|4\n|teamsize|p2|6\n|gen|9\n|tier|[Gen 9] VGC 2023 Regulation C\n|rated|\n|rule|Species Clause: Limit one of each Pok\u00e9mon\n|rule|Item Clause: Limit one of each item\n|clearpoke\n|poke|p1|Baxcalibur, L50, M|\n|poke|p1|Palafin, L50, M|\n|poke|p1|Pelipper, L50, M|\n|poke|p1|Rotom-Wash, L50|\n|poke|p2|Iron Valiant, L50|\n|poke|p2|Bellibolt, L50, F|\n|poke|p2|Sableye, L50, M|\n|poke|p2|Meowscarada, L50, F|\n|poke|p2|Magnezone, L50|\n|poke|p2|Iron Thorns, L50|\n|teampreview|4\n|\n|t:|1682429019\n|start\n|switch|p1a: Rotom|Rotom-Wash, L50, shiny|100\/100\n|switch|p1b: Palafin|Palafin, L50, M, shiny|100\/100\n|switch|p2a: Magnezone|Magnezone, L50|100\/100\n|switch|p2b: Sableye|Sableye, L50, M|100\/100\n|turn|1\n|\n|t:|1682429051\n|detailschange|p1b: Palafin|Palafin-Hero, L50, M, shiny\n|switch|p1b: Baxcalibur|Baxcalibur, L50, M, shiny|100\/100\n|move|p2b: Sableye|Skill Swap|p2a: Magnezone\n|-activate|p2b: Sableye|move: Skill Swap|||[of] p2a: Magnezone\n|move|p2a: Magnezone|Electric Terrain|p2a: Magnezone\n|-fieldstart|move: Electric Terrain\n|move|p1a: Rotom|Volt Switch|p2b: Sableye\n|-damage|p2b: Sableye|41\/100\n|-enditem|p2b: Sableye|Eject Button\n|\n|t:|1682429065\n|switch|p2b: Iron Thorns|Iron Thorns, L50|100\/100\n|-activate|p2b: Iron Thorns|ability: Quark Drive\n|-start|p2b: Iron Thorns|quarkdriveatk\n|\n|upkeep\n|turn|2\n|inactive|Battle timer is ON: inactive players will automatically lose when time's up. (requested by Asdfmeow)\n|\n|t:|1682429083\n|move|p2a: Magnezone|Magnet Rise|p2a: Magnezone\n|-start|p2a: Magnezone|Magnet Rise\n|move|p1b: Baxcalibur|Earthquake|p2b: Iron Thorns|[spread] p2b\n|-immune|p1a: Rotom|[from] ability: Levitate\n|-immune|p2a: Magnezone\n|-supereffective|p2b: Iron Thorns\n|-damage|p2b: Iron Thorns|0 fnt\n|faint|p2b: Iron Thorns\n|-end|p2b: Iron Thorns|Quark Drive|[silent]\n|-damage|p1b: Baxcalibur|91\/100|[from] item: Life Orb\n|move|p1a: Rotom|Volt Switch|p2a: Magnezone\n|-resisted|p2a: Magnezone\n|-damage|p2a: Magnezone|83\/100\n|\n|t:|1682429095\n|switch|p1a: Palafin|Palafin-Hero, L50, M, shiny|100\/100|[from] Volt Switch\n|-activate|p1a: Palafin|ability: Zero to Hero\n|\n|-heal|p2a: Magnezone|89\/100|[from] item: Leftovers\n|upkeep\n|\n|t:|1682429103\n|switch|p2b: Bellibolt|Bellibolt, L50, F|100\/100\n|-enditem|p2b: Bellibolt|Electric Seed\n|-boost|p2b: Bellibolt|def|1|[from] item: Electric Seed\n|turn|3\n|\n|t:|1682429120\n|switch|p1b: Pelipper|Pelipper, L50, M, shiny|100\/100\n|-weather|RainDance|[from] ability: Drizzle|[of] p1b: Pelipper\n|-terastallize|p1a: Palafin|Water\n|move|p2a: Magnezone|Iron Defense|p2a: Magnezone\n|-boost|p2a: Magnezone|def|2\n|move|p1a: Palafin|Wave Crash|p2a: Magnezone\n|-damage|p2a: Magnezone|0 fnt\n|faint|p2a: Magnezone\n|-damage|p1a: Palafin|80\/100|[from] Recoil\n|move|p2b: Bellibolt|Thunderbolt|p1a: Palafin\n|-supereffective|p1a: Palafin\n|-damage|p1a: Palafin|3\/100\n|-status|p1a: Palafin|par\n|\n|-weather|RainDance|[upkeep]\n|upkeep\n|\n|t:|1682429139\n|switch|p2a: Sableye|Sableye, L50, M|41\/100\n|turn|4\n|\n|t:|1682429155\n|move|p2a: Sableye|Fake Out|p1b: Pelipper\n|-damage|p1b: Pelipper|92\/100\n|cant|p1b: Pelipper|flinch\n|move|p2b: Bellibolt|Charge Beam|p1a: Palafin\n|-supereffective|p1a: Palafin\n|-damage|p1a: Palafin|0 fnt\n|-boost|p2b: Bellibolt|spa|1\n|faint|p1a: Palafin\n|\n|-weather|RainDance|[upkeep]\n|upkeep\n|\n|t:|1682429167\n|switch|p1a: Baxcalibur|Baxcalibur, L50, M, shiny|91\/100\n|turn|5\n|\n|t:|1682429183\n|move|p1b: Pelipper|Protect|p1b: Pelipper\n|-singleturn|p1b: Pelipper|Protect\n|move|p2a: Sableye|Reflect|p2a: Sableye\n|-sidestart|p2: xxKlb7xx|Reflect\n|move|p1a: Baxcalibur|Earthquake|p2b: Bellibolt|[spread] p2a,p2b\n|-activate|p1b: Pelipper|move: Protect\n|-supereffective|p2b: Bellibolt\n|-damage|p2a: Sableye|13\/100\n|-damage|p2b: Bellibolt|77\/100\n|-start|p2b: Bellibolt|Charge|Earthquake|[from] ability: Electromorphosis\n|-damage|p1a: Baxcalibur|81\/100|[from] item: Life Orb\n|move|p2b: Bellibolt|Charge Beam|p1b: Pelipper\n|-activate|p1b: Pelipper|move: Protect\n|-end|p2b: Bellibolt|Charge|[silent]\n|\n|-weather|RainDance|[upkeep]\n|-fieldend|move: Electric Terrain\n|upkeep\n|turn|6\n|\n|t:|1682429208\n|move|p2a: Sableye|Reflect||[still]\n|-fail|p2a: Sableye\n|move|p1a: Baxcalibur|Dragon Dance|p1a: Baxcalibur\n|-boost|p1a: Baxcalibur|atk|1\n|-boost|p1a: Baxcalibur|spe|1\n|move|p1b: Pelipper|Hydro Pump|p2b: Bellibolt|[miss]\n|-miss|p1b: Pelipper|p2b: Bellibolt\n|move|p2b: Bellibolt|Charge Beam|p1b: Pelipper\n|-supereffective|p1b: Pelipper\n|-damage|p1b: Pelipper|0 fnt\n|faint|p1b: Pelipper\n|\n|-weather|RainDance|[upkeep]\n|upkeep\n|\n|t:|1682429220\n|switch|p1b: Rotom|Rotom-Wash, L50, shiny|100\/100\n|turn|7\n|\n|t:|1682429233\n|move|p2a: Sableye|Light Screen|p2a: Sableye\n|-sidestart|p2: xxKlb7xx|move: Light Screen\n|move|p1a: Baxcalibur|Earthquake|p2b: Bellibolt|[spread] p2a,p2b\n|-immune|p1b: Rotom|[from] ability: Levitate\n|-supereffective|p2b: Bellibolt\n|-damage|p2a: Sableye|0 fnt\n|-damage|p2b: Bellibolt|44\/100\n|-start|p2b: Bellibolt|Charge|Earthquake|[from] ability: Electromorphosis\n|faint|p2a: Sableye\n|-damage|p1a: Baxcalibur|71\/100|[from] item: Life Orb\n|move|p1b: Rotom|Hydro Pump|p2b: Bellibolt\n|-damage|p2b: Bellibolt|0 fnt\n|faint|p2b: Bellibolt\n|\n|win|Asdfmeow\n|raw|Asdfmeow's rating: 1000 → 1040<\/strong> (+40 for winning)\n|raw|xxKlb7xx's rating: 1000 → 1000<\/strong> (+0 for losing)\n|l|\u2606xxKlb7xx\n","uploadtime":1682429250,"views":12,"p1id":"asdfmeow","p2id":"xxklb7xx","formatid":"gen9vgc2023regulationc","rating":1000,"private":0,"password":""}