{"id":"gen9vgc2023regulationc-1857132869","p1":"NicoHaxVGC","p2":"GiovanniLor","format":"[Gen 9] VGC 2023 Regulation C","log":"|j|\u2606NicoHaxVGC\n|j|\u2606GiovanniLor\n|t:|1683149172\n|gametype|doubles\n|player|p1|NicoHaxVGC|red|1324\n|player|p2|GiovanniLor|2|1383\n|teamsize|p1|6\n|teamsize|p2|6\n|gen|9\n|tier|[Gen 9] VGC 2023 Regulation C\n|rated|\n|rule|Species Clause: Limit one of each Pok\u00e9mon\n|rule|Item Clause: Limit one of each item\n|clearpoke\n|poke|p1|Corviknight, L50, F|\n|poke|p1|Ting-Lu, L50|\n|poke|p1|Annihilape, L50, M|\n|poke|p1|Maushold, L50|\n|poke|p1|Iron Bundle, L50|\n|poke|p1|Flutter Mane, L50|\n|poke|p2|Dragapult, L50, M|\n|poke|p2|Chien-Pao, L50|\n|poke|p2|Gholdengo, L50|\n|poke|p2|Amoonguss, L50, M|\n|poke|p2|Ting-Lu, L50|\n|poke|p2|Gyarados, L50, M|\n|teampreview|4\n|inactive|Battle timer is ON: inactive players will automatically lose when time's up. (requested by NicoHaxVGC)\nGiovanniLor has agreed to open team sheets.\n|\n|t:|1683149184\n|start\n|switch|p1a: Raven|Corviknight, L50, F|100\/100\n|switch|p1b: Beast boy|Ting-Lu, L50|100\/100\n|switch|p2a: Dragapult|Dragapult, L50, M, shiny|100\/100\n|switch|p2b: Chien-Pao|Chien-Pao, L50|100\/100\n|-ability|p2b: Chien-Pao|Sword of Ruin\n|-ability|p1b: Beast boy|Vessel of Ruin\n|turn|1\n|inactive|GiovanniLor has 30 seconds left.\n|\n|t:|1683149211\n|move|p2b: Chien-Pao|Protect|p2b: Chien-Pao\n|-singleturn|p2b: Chien-Pao|Protect\n|move|p2a: Dragapult|U-turn|p1b: Beast boy\n|-supereffective|p1b: Beast boy\n|-damage|p1b: Beast boy|50\/100\n|\n|t:|1683149220\n|switch|p2a: Amoonguss|Amoonguss, L50, M|100\/100|[from] U-turn\n|move|p1a: Raven|Brave Bird|p2a: Amoonguss\n|-supereffective|p2a: Amoonguss\n|-crit|p2a: Amoonguss\n|-damage|p2a: Amoonguss|0 fnt\n|faint|p2a: Amoonguss\n|-damage|p1a: Raven|64\/100|[from] Recoil\n|move|p1b: Beast boy|Rock Slide|p2b: Chien-Pao\n|-activate|p2b: Chien-Pao|move: Protect\n|\n|upkeep\n|\n|t:|1683149231\n|switch|p2a: Dragapult|Dragapult, L50, M, shiny|100\/100\n|turn|2\n|\n|t:|1683149245\n|-terastallize|p2a: Dragapult|Dragon\n|move|p2a: Dragapult|Dragon Darts|p1b: Beast boy\n|-damage|p1b: Beast boy|13\/100\n|-anim|p2a: Dragapult|Dragon Darts|p1a: Raven\n|-resisted|p1a: Raven\n|-damage|p1a: Raven|39\/100\n|move|p2b: Chien-Pao|Icicle Crash|p1a: Raven\n|-damage|p1a: Raven|0 fnt\n|faint|p1a: Raven\n|move|p1b: Beast boy|Heavy Slam|p2a: Dragapult\n|-damage|p2a: Dragapult|40\/100\n|\n|upkeep\n|\n|t:|1683149256\n|switch|p1a: Cyborg|Iron Bundle, L50|100\/100\n|-enditem|p1a: Cyborg|Booster Energy\n|-activate|p1a: Cyborg|ability: Quark Drive|[fromitem]\n|-start|p1a: Cyborg|quarkdrivespe\n|turn|3\n|\n|t:|1683149266\n|switch|p2a: Gholdengo|Gholdengo, L50|100\/100\n|move|p2b: Chien-Pao|Ice Shard|p1b: Beast boy\n|-supereffective|p1b: Beast boy\n|-damage|p1b: Beast boy|0 fnt\n|faint|p1b: Beast boy\n|move|p1a: Cyborg|Icy Wind|p2a: Gholdengo|[spread] p2a,p2b\n|-resisted|p2a: Gholdengo\n|-resisted|p2b: Chien-Pao\n|-damage|p2a: Gholdengo|91\/100\n|-damage|p2b: Chien-Pao|85\/100\n|-unboost|p2a: Gholdengo|spe|1\n|-unboost|p2b: Chien-Pao|spe|1\n|\n|-heal|p2a: Gholdengo|97\/100|[from] item: Leftovers\n|upkeep\n|\n|t:|1683149279\n|switch|p1b: Star fire|Flutter Mane, L50|100\/100\n|turn|4\n|\n|t:|1683149300\n|-terastallize|p1b: Star fire|Fairy\n|move|p2b: Chien-Pao|Protect|p2b: Chien-Pao\n|-singleturn|p2b: Chien-Pao|Protect\n|move|p2a: Gholdengo|Protect|p2a: Gholdengo\n|-singleturn|p2a: Gholdengo|Protect\n|move|p1a: Cyborg|Hydro Pump|p2b: Chien-Pao\n|-activate|p2b: Chien-Pao|move: Protect\n|move|p1b: Star fire|Shadow Ball|p2a: Gholdengo\n|-activate|p2a: Gholdengo|move: Protect\n|\n|-heal|p2a: Gholdengo|100\/100|[from] item: Leftovers\n|upkeep\n|turn|5\n|\n|t:|1683149315\n|move|p2b: Chien-Pao|Ice Shard|p1a: Cyborg\n|-resisted|p1a: Cyborg\n|-damage|p1a: Cyborg|94\/100\n|move|p1a: Cyborg|Hydro Pump|p2b: Chien-Pao\n|-damage|p2b: Chien-Pao|11\/100\n|move|p1b: Star fire|Shadow Ball|p2a: Gholdengo\n|-supereffective|p2a: Gholdengo\n|-damage|p2a: Gholdengo|0 fnt\n|faint|p2a: Gholdengo\n|\n|upkeep\n|-message|GiovanniLor forfeited.\n|\n|win|NicoHaxVGC\n|raw|NicoHaxVGC's rating: 1324 → 1347<\/strong> (+23 for winning)\n|raw|GiovanniLor's rating: 1383 → 1360<\/strong> (-23 for losing)\n|l|\u2606GiovanniLor\n","uploadtime":1683149342,"views":11,"p1id":"nicohaxvgc","p2id":"giovannilor","formatid":"gen9vgc2023regulationc","rating":1347,"private":0,"password":""}