{"id":"gen9vgc2023regulationc-1860288461","p1":"Rateder","p2":"aizoubot","format":"[Gen 9] VGC 2023 Regulation C","log":"|j|\u2606Rateder\n|j|\u2606aizoubot\n|t:|1683626335\n|gametype|doubles\n|player|p1|Rateder|ethan|1486\n|player|p2|aizoubot|unknown|1407\n|teamsize|p1|6\n|teamsize|p2|6\n|gen|9\n|tier|[Gen 9] VGC 2023 Regulation C\n|rated|\n|rule|Species Clause: Limit one of each Pok\u00e9mon\n|rule|Item Clause: Limit one of each item\n|clearpoke\n|poke|p1|Flutter Mane, L50|\n|poke|p1|Orthworm, L50, F|\n|poke|p1|Maushold-Four, L50|\n|poke|p1|Annihilape, L50, M|\n|poke|p1|Ting-Lu, L50|\n|poke|p1|Gyarados, L50, F|\n|poke|p2|Orthworm, L50, F|\n|poke|p2|Garchomp, L50, M|\n|poke|p2|Chien-Pao, L50|\n|poke|p2|Dragonite, L50, M|\n|poke|p2|Flutter Mane, L50|\n|poke|p2|Glimmora, L50, F|\n|teampreview|4\n|inactive|Battle timer is ON: inactive players will automatically lose when time's up. (requested by aizoubot)\n|inactive|Rateder also wants the timer to be on.\nRateder rejected open team sheets.\n|j| padcoo\n|\n|t:|1683626361\n|start\n|switch|p1a: Orthworm|Orthworm, L50, F|100\/100\n|switch|p1b: Ting-Lu|Ting-Lu, L50|100\/100\n|switch|p2a: Chien-Pao|Chien-Pao, L50|100\/100\n|switch|p2b: Garchomp|Garchomp, L50, M|100\/100\n|-ability|p2a: Chien-Pao|Sword of Ruin\n|-ability|p1b: Ting-Lu|Vessel of Ruin\n|turn|1\n|inactive|aizoubot has 30 seconds left.\n|\n|t:|1683626393\n|switch|p2b: Orthworm|Orthworm, L50, F, shiny|100\/100\n|switch|p1b: Gyarados|Gyarados, L50, F, shiny|100\/100\n|-ability|p1b: Gyarados|Intimidate|boost\n|-unboost|p2a: Chien-Pao|atk|1\n|-unboost|p2b: Orthworm|atk|1\n|-terastallize|p1a: Orthworm|Fire\n|move|p2a: Chien-Pao|Protect|p2a: Chien-Pao\n|-singleturn|p2a: Chien-Pao|Protect\n|move|p1a: Orthworm|Iron Defense|p1a: Orthworm\n|-boost|p1a: Orthworm|def|2\n|\n|upkeep\n|turn|2\n|inactive|Rateder has 30 seconds left.\n|inactive|aizoubot has 30 seconds left.\n|inactive|aizoubot has 20 seconds left.\n|\n|t:|1683626437\n|-terastallize|p2b: Orthworm|Fire\n|move|p2a: Chien-Pao|Sacred Sword|p1a: Orthworm\n|-damage|p1a: Orthworm|84\/100\n|move|p1b: Gyarados|Thunder Wave|p2a: Chien-Pao\n|-status|p2a: Chien-Pao|par\n|move|p1a: Orthworm|Body Press|p2b: Orthworm\n|-damage|p2b: Orthworm|47\/100\n|move|p2b: Orthworm|Iron Defense|p2b: Orthworm\n|-boost|p2b: Orthworm|def|2\n|\n|-heal|p2b: Orthworm|54\/100|[from] item: Leftovers\n|upkeep\n|turn|3\n|inactive|Rateder has 30 seconds left.\n|\n|t:|1683626469\n|switch|p2a: Garchomp|Garchomp, L50, M|100\/100\n|move|p2b: Orthworm|Protect|p2b: Orthworm\n|-singleturn|p2b: Orthworm|Protect\n|move|p1b: Gyarados|Thunder Wave|p2b: Orthworm\n|-activate|p2b: Orthworm|move: Protect\n|move|p1a: Orthworm|Heavy Slam|p2a: Garchomp\n|-damage|p2a: Garchomp|78\/100\n|-damage|p1a: Orthworm|71\/100|[from] ability: Rough Skin|[of] p2a: Garchomp\n|\n|-heal|p2b: Orthworm|60\/100|[from] item: Leftovers\n|upkeep\n|turn|4\n|inactive|Rateder has 30 seconds left.\n|\n|t:|1683626499\n|move|p2a: Garchomp|Stomping Tantrum|p2b: Orthworm\n|-heal|p2b: Orthworm|85\/100|[from] ability: Earth Eater|[of] p2a: Garchomp\n|move|p1b: Gyarados|Thunder Wave|p2b: Orthworm\n|-status|p2b: Orthworm|par\n|move|p1a: Orthworm|Iron Defense|p1a: Orthworm\n|-boost|p1a: Orthworm|def|2\n|cant|p2b: Orthworm|par\n|\n|-heal|p2b: Orthworm|91\/100 par|[from] item: Leftovers\n|upkeep\n|turn|5\n|\n|t:|1683626518\n|move|p2a: Garchomp|Stomping Tantrum|p2b: Orthworm\n|-heal|p2b: Orthworm|100\/100 par|[from] ability: Earth Eater|[of] p2a: Garchomp\n|move|p1b: Gyarados|Waterfall|p2a: Garchomp\n|-damage|p2a: Garchomp|45\/100\n|-damage|p1b: Gyarados|88\/100|[from] ability: Rough Skin|[of] p2a: Garchomp\n|move|p1a: Orthworm|Body Press|p2a: Garchomp\n|-damage|p2a: Garchomp|0 fnt\n|-damage|p1a: Orthworm|59\/100|[from] ability: Rough Skin|[of] p2a: Garchomp\n|faint|p2a: Garchomp\n|move|p2b: Orthworm|Iron Defense|p2b: Orthworm\n|-boost|p2b: Orthworm|def|2\n|\n|upkeep\n|\n|t:|1683626529\n|switch|p2a: Dragonite|Dragonite, L50, M|100\/100\n|turn|6\n|\n|t:|1683626547\n|move|p2a: Dragonite|Protect|p2a: Dragonite\n|-singleturn|p2a: Dragonite|Protect\n|move|p1b: Gyarados|Waterfall|p2b: Orthworm\n|-supereffective|p2b: Orthworm\n|-damage|p2b: Orthworm|84\/100 par\n|move|p1a: Orthworm|Body Press|p2b: Orthworm\n|-damage|p2b: Orthworm|64\/100 par\n|move|p2b: Orthworm|Body Press|p1a: Orthworm\n|-damage|p1a: Orthworm|38\/100\n|-enditem|p1a: Orthworm|Sitrus Berry|[eat]\n|-heal|p1a: Orthworm|63\/100|[from] item: Sitrus Berry\n|\n|-heal|p2b: Orthworm|71\/100 par|[from] item: Leftovers\n|upkeep\n|turn|7\n|inactive|Rateder has 30 seconds left.\n|inactive|Rateder has 20 seconds left.\n|\n|t:|1683626584\n|move|p2a: Dragonite|Extreme Speed|p1b: Gyarados\n|-damage|p1b: Gyarados|59\/100\n|move|p1b: Gyarados|Thunder Wave|p2a: Dragonite\n|-status|p2a: Dragonite|par\n|-enditem|p2a: Dragonite|Lum Berry|[eat]\n|-curestatus|p2a: Dragonite|par|[msg]\n|move|p1a: Orthworm|Iron Defense|p1a: Orthworm\n|-boost|p1a: Orthworm|def|2\n|cant|p2b: Orthworm|par\n|\n|-heal|p2b: Orthworm|77\/100 par|[from] item: Leftovers\n|upkeep\n|turn|8\n|\n|t:|1683626607\n|move|p2a: Dragonite|Protect|p2a: Dragonite\n|-singleturn|p2a: Dragonite|Protect\n|move|p1b: Gyarados|Waterfall|p2b: Orthworm\n|-supereffective|p2b: Orthworm\n|-damage|p2b: Orthworm|60\/100 par\n|move|p1a: Orthworm|Body Press|p2b: Orthworm\n|-damage|p2b: Orthworm|34\/100 par\n|move|p2b: Orthworm|Body Press|p1b: Gyarados\n|-resisted|p1b: Gyarados\n|-damage|p1b: Gyarados|15\/100\n|-enditem|p1b: Gyarados|Figy Berry|[eat]\n|-heal|p1b: Gyarados|48\/100|[from] item: Figy Berry\n|\n|-heal|p2b: Orthworm|41\/100 par|[from] item: Leftovers\n|upkeep\n|turn|9\n|\n|t:|1683626628\n|move|p2a: Dragonite|Extreme Speed|p1b: Gyarados\n|-damage|p1b: Gyarados|21\/100\n|move|p1b: Gyarados|Waterfall|p2a: Dragonite\n|-resisted|p2a: Dragonite\n|-damage|p2a: Dragonite|92\/100\n|move|p1a: Orthworm|Body Press|p2a: Dragonite\n|-resisted|p2a: Dragonite\n|-damage|p2a: Dragonite|37\/100\n|move|p2b: Orthworm|Iron Defense|p2b: Orthworm\n|-boost|p2b: Orthworm|def|2\n|\n|-heal|p2b: Orthworm|47\/100 par|[from] item: Leftovers\n|upkeep\n|turn|10\n|\n|t:|1683626649\n|move|p1b: Gyarados|Protect|p1b: Gyarados\n|-singleturn|p1b: Gyarados|Protect\n|move|p2a: Dragonite|Extreme Speed|p1b: Gyarados\n|-activate|p1b: Gyarados|move: Protect\n|move|p1a: Orthworm|Body Press|p2a: Dragonite\n|-resisted|p2a: Dragonite\n|-damage|p2a: Dragonite|0 fnt\n|faint|p2a: Dragonite\n|move|p2b: Orthworm|Body Press|p1a: Orthworm\n|-damage|p1a: Orthworm|42\/100\n|\n|-heal|p2b: Orthworm|53\/100 par|[from] item: Leftovers\n|upkeep\n|\n|t:|1683626660\n|switch|p2a: Chien-Pao|Chien-Pao, L50|100\/100 par\n|-ability|p2a: Chien-Pao|Sword of Ruin\n|turn|11\n|-message|aizoubot forfeited.\n|\n|win|Rateder\n|raw|Rateder's rating: 1486 → 1502<\/strong> (+16 for winning)\n|raw|aizoubot's rating: 1407 → 1391<\/strong> (-16 for losing)\n|l|\u2606aizoubot\n","uploadtime":1683626706,"views":6,"p1id":"rateder","p2id":"aizoubot","formatid":"gen9vgc2023regulationc","rating":1391,"private":0,"password":""}