{"id":"gen9vgc2023regulationc-1847886438","p1":"FurretTurret","p2":"cb-sooner","format":"[Gen 9] VGC 2023 Regulation C","log":"|j|\u2606FurretTurret\n|j|\u2606cb-sooner\n|t:|1682010004\n|gametype|doubles\n|player|p1|FurretTurret|youngster-gen6xy|1240\n|player|p2|cb-sooner|266|1300\n|teamsize|p1|6\n|teamsize|p2|6\n|gen|9\n|tier|[Gen 9] VGC 2023 Regulation C\n|rated|\n|rule|Species Clause: Limit one of each Pok\u00e9mon\n|rule|Item Clause: Limit one of each item\n|clearpoke\n|poke|p1|Chi-Yu, L50|\n|poke|p1|Amoonguss, L50, M|\n|poke|p1|Dachsbun, L50, M|\n|poke|p1|Annihilape, L50, F|\n|poke|p1|Iron Bundle, L50|\n|poke|p1|Dragonite, L50, M|\n|poke|p2|Flutter Mane, L50|\n|poke|p2|Amoonguss, L50, F|\n|poke|p2|Iron Bundle, L50|\n|poke|p2|Palafin, L50, F|\n|poke|p2|Arcanine, L50, F|\n|poke|p2|Iron Hands, L50|\n|teampreview|4\n|c|\u2606FurretTurret|glhf\nFurretTurret has agreed to open team sheets.\n|\n|t:|1682010060\n|start\n|switch|p1a: Chi-Yu|Chi-Yu, L50|100\/100\n|switch|p1b: Amoonguss|Amoonguss, L50, M|100\/100\n|switch|p2a: Cool Spook|Flutter Mane, L50|100\/100\n|switch|p2b: Capsule J|Palafin, L50, F|100\/100\n|-ability|p1a: Chi-Yu|Beads of Ruin\n|-enditem|p2a: Cool Spook|Booster Energy\n|-activate|p2a: Cool Spook|ability: Protosynthesis|[fromitem]\n|-start|p2a: Cool Spook|protosynthesisspa\n|turn|1\n|\n|t:|1682010086\n|detailschange|p2b: Capsule J|Palafin-Hero, L50, F\n|switch|p2b: Boxin|Iron Hands, L50|100\/100\n|move|p2a: Cool Spook|Protect|p2a: Cool Spook\n|-singleturn|p2a: Cool Spook|Protect\n|move|p1b: Amoonguss|Rage Powder|p1b: Amoonguss\n|-singleturn|p1b: Amoonguss|move: Rage Powder\n|move|p1a: Chi-Yu|Snarl|p2b: Boxin|[spread] p2b\n|-activate|p2a: Cool Spook|move: Protect\n|-resisted|p2b: Boxin\n|-damage|p2b: Boxin|92\/100\n|-unboost|p2b: Boxin|spa|1\n|\n|upkeep\n|turn|2\n|c|\u2606cb-sooner|U 2\n|\n|t:|1682010126\n|switch|p1a: Dachsbun|Dachsbun, L50, M|100\/100\n|-terastallize|p2a: Cool Spook|Fairy\n|move|p2b: Boxin|Fake Out|p1b: Amoonguss\n|-damage|p1b: Amoonguss|86\/100\n|move|p2a: Cool Spook|Moonblast|p1a: Dachsbun\n|-damage|p1a: Dachsbun|14\/100\n|cant|p1b: Amoonguss|flinch\n|\n|upkeep\n|turn|3\n|\n|t:|1682010158\n|move|p1a: Dachsbun|Protect|p1a: Dachsbun\n|-singleturn|p1a: Dachsbun|Protect\n|move|p2a: Cool Spook|Dazzling Gleam|p1a: Dachsbun|[spread] p1b\n|-activate|p1a: Dachsbun|move: Protect\n|-resisted|p1b: Amoonguss\n|-damage|p1b: Amoonguss|66\/100\n|move|p2b: Boxin|Volt Switch|p1b: Amoonguss\n|-resisted|p1b: Amoonguss\n|-damage|p1b: Amoonguss|62\/100\n|\n|t:|1682010164\n|-end|p2b: Boxin|Quark Drive|[silent]\n|switch|p2b: Awoofy|Arcanine, L50, F|100\/100|[from] Volt Switch\n|-ability|p2b: Awoofy|Intimidate|boost\n|-unboost|p1a: Dachsbun|atk|1\n|-unboost|p1b: Amoonguss|atk|1\n|move|p1b: Amoonguss|Spore|p2a: Cool Spook\n|-status|p2a: Cool Spook|slp|[from] move: Spore\n|\n|upkeep\n|turn|4\n|\n|t:|1682010192\n|switch|p1b: Chi-Yu|Chi-Yu, L50|100\/100\n|-ability|p1b: Chi-Yu|Beads of Ruin\n|cant|p2a: Cool Spook|slp\n|move|p2b: Awoofy|Flare Blitz|p1a: Dachsbun\n|-ability|p1a: Dachsbun|Well-Baked Body|boost\n|-boost|p1a: Dachsbun|def|2\n|move|p1a: Dachsbun|Wish|p1a: Dachsbun\n|\n|upkeep\n|turn|5\n|c|\u2606cb-sooner|Oop\n|c|\u2606FurretTurret|oop\n|\n|t:|1682010229\n|move|p1a: Dachsbun|Helping Hand|p1b: Chi-Yu\n|-singleturn|p1b: Chi-Yu|Helping Hand|[of] p1a: Dachsbun\n|move|p2b: Awoofy|Extreme Speed|p1a: Dachsbun\n|-damage|p1a: Dachsbun|4\/100\n|move|p1b: Chi-Yu|Lava Plume|p2b: Awoofy|[spread] p2a,p2b\n|-ability|p1a: Dachsbun|Well-Baked Body|boost\n|-boost|p1a: Dachsbun|def|2\n|-resisted|p2b: Awoofy\n|-damage|p2a: Cool Spook|35\/100 slp\n|-damage|p2b: Awoofy|57\/100\n|-curestatus|p2a: Cool Spook|slp|[msg]\n|move|p2a: Cool Spook|Moonblast|p1b: Chi-Yu\n|-damage|p1b: Chi-Yu|4\/100\n|-unboost|p1b: Chi-Yu|spa|1\n|\n|-heal|p1a: Dachsbun|54\/100|[from] move: Wish|[wisher] Dachsbun\n|upkeep\n|turn|6\n|\n|t:|1682010262\n|switch|p1b: Annihilape|Annihilape, L50, F|100\/100\n|move|p1a: Dachsbun|Protect|p1a: Dachsbun\n|-singleturn|p1a: Dachsbun|Protect\n|move|p2b: Awoofy|Extreme Speed|p1b: Annihilape\n|-immune|p1b: Annihilape\n|move|p2a: Cool Spook|Moonblast|p1a: Dachsbun\n|-activate|p1a: Dachsbun|move: Protect\n|\n|upkeep\n|turn|7\n|\n|t:|1682010312\n|switch|p1a: Amoonguss|Amoonguss, L50, M|96\/100\n|-terastallize|p1b: Annihilape|Fire\n|move|p2a: Cool Spook|Protect|p2a: Cool Spook\n|-singleturn|p2a: Cool Spook|Protect\n|move|p2b: Awoofy|Will-O-Wisp|p1b: Annihilape\n|-immune|p1b: Annihilape\n|move|p1b: Annihilape|Rage Fist|p2b: Awoofy\n|-damage|p2b: Awoofy|31\/100\n|\n|upkeep\n|turn|8\n|\n|t:|1682010346\n|switch|p2b: Boxin|Iron Hands, L50|92\/100\n|move|p1a: Amoonguss|Rage Powder|p1a: Amoonguss\n|-singleturn|p1a: Amoonguss|move: Rage Powder\n|move|p2a: Cool Spook|Shadow Ball|p1a: Amoonguss\n|-damage|p1a: Amoonguss|56\/100\n|move|p1b: Annihilape|Bulk Up|p1b: Annihilape\n|-boost|p1b: Annihilape|atk|1\n|-boost|p1b: Annihilape|def|1\n|\n|upkeep\n|turn|9\n|\n|t:|1682010409\n|move|p2b: Boxin|Fake Out|p1b: Annihilape\n|-damage|p1b: Annihilape|90\/100\n|move|p2a: Cool Spook|Shadow Ball|p1a: Amoonguss\n|-damage|p1a: Amoonguss|18\/100\n|-enditem|p1a: Amoonguss|Wiki Berry|[eat]\n|-heal|p1a: Amoonguss|51\/100|[from] item: Wiki Berry\n|cant|p1b: Annihilape|flinch\n|move|p1a: Amoonguss|Pollen Puff|p1b: Annihilape\n|-heal|p1b: Annihilape|100\/100\n|\n|upkeep\n|turn|10\n|\n|t:|1682010439\n|switch|p1a: Dachsbun|Dachsbun, L50, M|54\/100\n|move|p2a: Cool Spook|Shadow Ball|p1a: Dachsbun\n|-damage|p1a: Dachsbun|0 fnt\n|faint|p1a: Dachsbun\n|move|p1b: Annihilape|Rage Fist|p2a: Cool Spook\n|-damage|p2a: Cool Spook|0 fnt\n|faint|p2a: Cool Spook\n|-end|p2a: Cool Spook|Protosynthesis|[silent]\n|move|p2b: Boxin|Wild Charge|p1b: Annihilape\n|-damage|p1b: Annihilape|67\/100\n|-damage|p2b: Boxin|84\/100|[from] Recoil\n|\n|-heal|p1b: Annihilape|74\/100|[from] item: Leftovers\n|upkeep\n|\n|t:|1682010455\n|switch|p2a: Capsule J|Palafin-Hero, L50, F|100\/100\n|switch|p1a: Amoonguss|Amoonguss, L50, M|84\/100\n|-activate|p2a: Capsule J|ability: Zero to Hero\n|turn|11\n|\n|t:|1682010490\n|move|p2a: Capsule J|Protect|p2a: Capsule J\n|-singleturn|p2a: Capsule J|Protect\n|move|p1b: Annihilape|Protect|p1b: Annihilape\n|-singleturn|p1b: Annihilape|Protect\n|move|p2b: Boxin|Volt Switch|p1b: Annihilape\n|-activate|p1b: Annihilape|move: Protect\n|move|p1a: Amoonguss|Spore|p2a: Capsule J\n|-activate|p2a: Capsule J|move: Protect\n|\n|-heal|p1b: Annihilape|80\/100|[from] item: Leftovers\n|upkeep\n|turn|12\n|\n|t:|1682010509\n|switch|p2a: Awoofy|Arcanine, L50, F|31\/100\n|-ability|p2a: Awoofy|Intimidate|boost\n|-unboost|p1a: Amoonguss|atk|1\n|-unboost|p1b: Annihilape|atk|1\n|-ability|p1b: Annihilape|Defiant|boost\n|-boost|p1b: Annihilape|atk|2\n|move|p1a: Amoonguss|Rage Powder|p1a: Amoonguss\n|-singleturn|p1a: Amoonguss|move: Rage Powder\n|move|p1b: Annihilape|Rage Fist|p2a: Awoofy\n|-damage|p2a: Awoofy|0 fnt\n|faint|p2a: Awoofy\n|move|p2b: Boxin|Volt Switch|p1a: Amoonguss\n|-resisted|p1a: Amoonguss\n|-damage|p1a: Amoonguss|79\/100\n|\n|t:|1682010518\n|-end|p2b: Boxin|Quark Drive|[silent]\n|switch|p2b: Capsule J|Palafin-Hero, L50, F|100\/100|[from] Volt Switch\n|\n|-heal|p1b: Annihilape|86\/100|[from] item: Leftovers\n|upkeep\n|\n|t:|1682010523\n|switch|p2a: Boxin|Iron Hands, L50|84\/100\n|turn|13\n|\n|t:|1682010546\n|switch|p1a: Chi-Yu|Chi-Yu, L50|4\/100\n|-ability|p1a: Chi-Yu|Beads of Ruin\n|move|p1b: Annihilape|Protect|p1b: Annihilape\n|-singleturn|p1b: Annihilape|Protect\n|move|p2a: Boxin|Fake Out|p1a: Chi-Yu\n|-damage|p1a: Chi-Yu|0 fnt\n|faint|p1a: Chi-Yu\n|move|p2b: Capsule J|Haze|p2b: Capsule J\n|-clearallboost\n|\n|-heal|p1b: Annihilape|92\/100|[from] item: Leftovers\n|upkeep\n|\n|t:|1682010558\n|switch|p1a: Amoonguss|Amoonguss, L50, M|100\/100\n|turn|14\n|\n|t:|1682010568\n|move|p1a: Amoonguss|Rage Powder|p1a: Amoonguss\n|-singleturn|p1a: Amoonguss|move: Rage Powder\n|move|p2b: Capsule J|Wave Crash|p1a: Amoonguss\n|-resisted|p1a: Amoonguss\n|-damage|p1a: Amoonguss|56\/100\n|-damage|p2b: Capsule J|85\/100|[from] Recoil\n|move|p1b: Annihilape|Rage Fist|p2b: Capsule J\n|-damage|p2b: Capsule J|29\/100\n|move|p2a: Boxin|Wild Charge|p1a: Amoonguss\n|-resisted|p1a: Amoonguss\n|-damage|p1a: Amoonguss|33\/100\n|-damage|p2a: Boxin|79\/100|[from] Recoil\n|\n|-heal|p1b: Annihilape|99\/100|[from] item: Leftovers\n|upkeep\n|turn|15\n|\n|t:|1682010651\n|move|p1a: Amoonguss|Rage Powder|p1a: Amoonguss\n|-singleturn|p1a: Amoonguss|move: Rage Powder\n|move|p2b: Capsule J|Wave Crash|p1a: Amoonguss\n|-resisted|p1a: Amoonguss\n|-damage|p1a: Amoonguss|0 fnt\n|faint|p1a: Amoonguss\n|-damage|p2b: Capsule J|17\/100|[from] Recoil\n|move|p1b: Annihilape|Bulk Up|p1b: Annihilape\n|-boost|p1b: Annihilape|atk|1\n|-boost|p1b: Annihilape|def|1\n|move|p2a: Boxin|Drain Punch|p1b: Annihilape\n|-damage|p1b: Annihilape|68\/100\n|-heal|p2a: Boxin|93\/100|[from] drain|[of] p1b: Annihilape\n|\n|-heal|p1b: Annihilape|74\/100|[from] item: Leftovers\n|upkeep\n|turn|16\n|\n|t:|1682010684\n|move|p2b: Capsule J|Wave Crash|p1b: Annihilape\n|-supereffective|p1b: Annihilape\n|-damage|p1b: Annihilape|0 fnt\n|faint|p1b: Annihilape\n|-damage|p2b: Capsule J|0 fnt|[from] Recoil\n|faint|p2b: Capsule J\n|\n|win|cb-sooner\n|raw|FurretTurret's rating: 1240 → 1219<\/strong> (-21 for losing)\n|raw|cb-sooner's rating: 1300 → 1321<\/strong> (+21 for winning)\n|c|\u2606FurretTurret|gg\n|c|\u2606cb-sooner|Gg\n","uploadtime":1682010705,"views":12,"p1id":"furretturret","p2id":"cbsooner","formatid":"gen9vgc2023regulationc","rating":1219,"private":0,"password":""}