{"id":"gen9vgc2023regulationc-1864077568","p1":"no_dupes","p2":"Jaywill06","format":"[Gen 9] VGC 2023 Regulation C","log":"|j|\u2606no_dupes\n|j|\u2606Jaywill06\n|t:|1684114198\n|gametype|doubles\n|player|p1|no_dupes|silver|\n|player|p2|Jaywill06|rosa|\n|teamsize|p1|6\n|teamsize|p2|6\n|gen|9\n|tier|[Gen 9] VGC 2023 Regulation C\n|rule|Species Clause: Limit one of each Pok\u00e9mon\n|rule|Item Clause: Limit one of each item\n|clearpoke\n|poke|p1|Pelipper, L50, F|\n|poke|p1|Palafin, L50, M|\n|poke|p1|Salamence, L50, F|\n|poke|p1|Scizor, L50, F|\n|poke|p1|Chien-Pao, L50|\n|poke|p1|Tinkaton, L50, F|\n|poke|p2|Pawmot, L50, M|\n|poke|p2|Dondozo, L50, M|\n|poke|p2|Tatsugiri, L50, M|\n|poke|p2|Iron Bundle, L50|\n|poke|p2|Murkrow, L50, M|\n|poke|p2|Gholdengo, L50|\n|teampreview|4\nno_dupes has agreed to open team sheets.\n|inactive|Battle timer is ON: inactive players will automatically lose when time's up. (requested by no_dupes)\nJaywill06 has agreed to open team sheets.\n|inactive|Jaywill06 has 60 seconds left.\n|\n|t:|1684114236\n|start\n|switch|p1a: Palafin|Palafin, L50, M, shiny|100\/100\n|switch|p1b: Tinkaton|Tinkaton, L50, F, shiny|100\/100\n|switch|p2a: Deshaun|Murkrow, L50, M|100\/100\n|switch|p2b: Iron Pravus|Iron Bundle, L50|100\/100\n|-ability|p1b: Tinkaton|Mold Breaker\n|turn|1\n|\n|t:|1684114257\n|switch|p2a: King|Gholdengo, L50|100\/100\n|-terastallize|p1a: Palafin|Water\n|move|p1b: Tinkaton|Fake Out|p2a: King\n|-immune|p2a: King\n|move|p1a: Palafin|Jet Punch|p2a: King\n|-damage|p2a: King|66\/100\n|move|p2b: Iron Pravus|Freeze-Dry|p1a: Palafin\n|-supereffective|p1a: Palafin\n|-damage|p1a: Palafin|16\/100\n|\n|upkeep\n|turn|2\n|inactive|Jaywill06 has 30 seconds left.\n|inactive|Jaywill06 has 20 seconds left.\n|inactive|Jaywill06 has 15 seconds left.\n|inactive|no_dupes has 30 seconds left.\n|\n|t:|1684114312\n|switch|p2a: Deshaun|Murkrow, L50, M|100\/100\n|move|p1a: Palafin|Jet Punch|p2a: Deshaun\n|-damage|p2a: Deshaun|72\/100\n|move|p2b: Iron Pravus|Freeze-Dry|p1a: Palafin\n|-supereffective|p1a: Palafin\n|-damage|p1a: Palafin|0 fnt\n|faint|p1a: Palafin\n|move|p1b: Tinkaton|Gigaton Hammer|p2b: Iron Pravus\n|-damage|p2b: Iron Pravus|44\/100\n|\n|upkeep\n|\n|t:|1684114318\n|switch|p1a: Chien-Pao|Chien-Pao, L50|100\/100\n|-ability|p1a: Chien-Pao|Sword of Ruin\n|turn|3\n|\n|t:|1684114335\n|-end|p2b: Iron Pravus|Quark Drive|[silent]\n|switch|p2b: King|Gholdengo, L50|66\/100\n|move|p1a: Chien-Pao|Sucker Punch||[still]\n|-fail|p1a: Chien-Pao\n|move|p2a: Deshaun|Tailwind|p2a: Deshaun\n|-sidestart|p2: Jaywill06|move: Tailwind\n|move|p1b: Tinkaton|Play Rough|p2a: Deshaun\n|-supereffective|p2a: Deshaun\n|-damage|p2a: Deshaun|9\/100\n|\n|upkeep\n|turn|4\n|inactive|Jaywill06 has 30 seconds left.\n|\n|t:|1684114363\n|switch|p1b: Pelipper|Pelipper, L50, F|100\/100\n|-weather|RainDance|[from] ability: Drizzle|[of] p1b: Pelipper\n|move|p1a: Chien-Pao|Protect|p1a: Chien-Pao\n|-singleturn|p1a: Chien-Pao|Protect\n|move|p2b: King|Make It Rain|p1a: Chien-Pao|[spread] p1b\n|-activate|p1a: Chien-Pao|move: Protect\n|-resisted|p1b: Pelipper\n|-damage|p1b: Pelipper|56\/100\n|-unboost|p2b: King|spa|1\n|move|p2a: Deshaun|Foul Play|p1a: Chien-Pao\n|-activate|p1a: Chien-Pao|move: Protect\n|\n|-weather|RainDance|[upkeep]\n|upkeep\n|turn|5\n|inactive|Jaywill06 has 30 seconds left.\n|\n|t:|1684114391\n|-terastallize|p2b: King|Steel\n|move|p2a: Deshaun|Haze|p2a: Deshaun\n|-clearallboost\n|move|p2b: King|Make It Rain|p1b: Pelipper|[spread] p1a,p1b\n|-supereffective|p1a: Chien-Pao\n|-resisted|p1b: Pelipper\n|-damage|p1a: Chien-Pao|0 fnt\n|-damage|p1b: Pelipper|3\/100\n|-unboost|p2b: King|spa|1\n|faint|p1a: Chien-Pao\n|move|p1b: Pelipper|Hurricane|p2a: Deshaun\n|-damage|p2a: Deshaun|0 fnt\n|faint|p2a: Deshaun\n|\n|-weather|RainDance|[upkeep]\n|upkeep\n|\n|t:|1684114404\n|switch|p1a: Tinkaton|Tinkaton, L50, F, shiny|100\/100\n|switch|p2a: Iron Pravus|Iron Bundle, L50|44\/100\n|-ability|p1a: Tinkaton|Mold Breaker\n|turn|6\n|inactive|no_dupes has 30 seconds left.\n|inactive|Jaywill06 has 30 seconds left.\n|\n|t:|1684114439\n|switch|p2b: Mini|Tatsugiri, L50, M|100\/100\n|move|p1a: Tinkaton|Fake Out|p2a: Iron Pravus\n|-damage|p2a: Iron Pravus|34\/100\n|cant|p2a: Iron Pravus|flinch\n|move|p1b: Pelipper|Hydro Pump|p2b: Mini\n|-resisted|p2b: Mini\n|-damage|p2b: Mini|83\/100\n|\n|-weather|RainDance|[upkeep]\n|-sideend|p2: Jaywill06|move: Tailwind\n|upkeep\n|turn|7\n|\n|t:|1684114451\n|move|p2b: Mini|Protect|p2b: Mini\n|-singleturn|p2b: Mini|Protect\n|move|p1b: Pelipper|Protect|p1b: Pelipper\n|-singleturn|p1b: Pelipper|Protect\n|move|p2a: Iron Pravus|U-turn|p1b: Pelipper\n|-activate|p1b: Pelipper|move: Protect\n|move|p1a: Tinkaton|Gigaton Hammer|p2a: Iron Pravus\n|-damage|p2a: Iron Pravus|0 fnt\n|faint|p2a: Iron Pravus\n|-end|p2a: Iron Pravus|Quark Drive|[silent]\n|\n|-weather|RainDance|[upkeep]\n|upkeep\n|\n|t:|1684114460\n|switch|p2a: King|Gholdengo, L50, tera:Steel|66\/100\n|turn|8\n|inactive|Jaywill06 has 30 seconds left.\n|\n|t:|1684114487\n|move|p1b: Pelipper|Wide Guard|p1b: Pelipper\n|-singleturn|p1b: Pelipper|Wide Guard\n|move|p2a: King|Trick|p1a: Tinkaton\n|-activate|p2a: King|move: Trick|[of] p1a: Tinkaton\n|-item|p1a: Tinkaton|Choice Specs|[from] move: Trick\n|-item|p2a: King|Sitrus Berry|[from] move: Trick\n|move|p2b: Mini|Icy Wind|p1b: Pelipper|[spread] \n|-activate|p1a: Tinkaton|move: Wide Guard\n|-activate|p1b: Pelipper|move: Wide Guard\n|move|p1a: Tinkaton|Play Rough|p2b: Mini\n|-supereffective|p2b: Mini\n|-damage|p2b: Mini|0 fnt\n|faint|p2b: Mini\n|\n|-weather|RainDance|[upkeep]\n|upkeep\n|turn|9\n|inactive|Jaywill06 has 30 seconds left.\n|inactive|no_dupes has 30 seconds left.\n|\n|t:|1684114522\n|move|p1b: Pelipper|Protect|p1b: Pelipper\n|-singleturn|p1b: Pelipper|Protect\n|move|p2a: King|Shadow Ball|p1a: Tinkaton\n|-damage|p1a: Tinkaton|64\/100\n|move|p1a: Tinkaton|Play Rough|p2a: King\n|-resisted|p2a: King\n|-damage|p2a: King|50\/100\n|-enditem|p2a: King|Sitrus Berry|[eat]\n|-heal|p2a: King|75\/100|[from] item: Sitrus Berry\n|\n|-weather|RainDance|[upkeep]\n|upkeep\n|turn|10\n|\n|t:|1684114534\n|move|p1b: Pelipper|Wide Guard|p1b: Pelipper\n|-singleturn|p1b: Pelipper|Wide Guard\n|move|p2a: King|Power Gem|p1b: Pelipper\n|-supereffective|p1b: Pelipper\n|-damage|p1b: Pelipper|0 fnt\n|faint|p1b: Pelipper\n|move|p1a: Tinkaton|Play Rough|p2a: King\n|-resisted|p2a: King\n|-damage|p2a: King|60\/100\n|\n|-weather|RainDance|[upkeep]\n|upkeep\n|turn|11\n|\n|t:|1684114545\n|move|p2a: King|Shadow Ball|p1a: Tinkaton\n|-damage|p1a: Tinkaton|29\/100\n|move|p1a: Tinkaton|Play Rough|p2a: King\n|-resisted|p2a: King\n|-damage|p2a: King|45\/100\n|\n|-weather|none\n|upkeep\n|turn|12\n|\n|t:|1684114550\n|move|p2a: King|Shadow Ball|p1a: Tinkaton\n|-damage|p1a: Tinkaton|0 fnt\n|faint|p1a: Tinkaton\n|\n|win|Jaywill06\n|l|\u2606no_dupes\n","uploadtime":1684114560,"views":18,"p1id":"nodupes","p2id":"jaywill06","formatid":"gen9vgc2023regulationc","rating":0,"private":0,"password":""}