{"id":"gen9vgc2023regulationc-1864139168","p1":"hujuku0","p2":"Kammala","format":"[Gen 9] VGC 2023 Regulation C","log":"|j|\u2606hujuku0\n|j|\u2606Kammala\n|t:|1684123409\n|gametype|doubles\n|player|p1|hujuku0|170|1294\n|player|p2|Kammala|102|1332\n|teamsize|p1|6\n|teamsize|p2|6\n|gen|9\n|tier|[Gen 9] VGC 2023 Regulation C\n|rated|\n|rule|Species Clause: Limit one of each Pok\u00e9mon\n|rule|Item Clause: Limit one of each item\n|clearpoke\n|poke|p1|Tinkaton, L50, F|\n|poke|p1|Garganacl, L50, F|\n|poke|p1|Ceruledge, L50, F|\n|poke|p1|Iron Bundle, L50|\n|poke|p1|Volcarona, L50, F|\n|poke|p1|Wo-Chien, L50|\n|poke|p2|Scream Tail, L50|\n|poke|p2|Kingambit, L50, M|\n|poke|p2|Abomasnow, L50, M|\n|poke|p2|Iron Bundle, L50|\n|poke|p2|Ceruledge, L50, M|\n|poke|p2|Iron Hands, L50|\n|teampreview|4\n|inactive|Battle timer is ON: inactive players will automatically lose when time's up. (requested by Kammala)\n|inactive|hujuku0 also wants the timer to be on.\nKammala has agreed to open team sheets.\n|inactive|Kammala has 60 seconds left.\n|\n|t:|1684123449\n|start\n|switch|p1a: Iron Bundle|Iron Bundle, L50|100\/100\n|switch|p1b: Tinkaton|Tinkaton, L50, F|100\/100\n|switch|p2a: Ceruledge|Ceruledge, L50, M|100\/100\n|switch|p2b: Scream Tail|Scream Tail, L50|100\/100\n|-ability|p1b: Tinkaton|Mold Breaker\n|-enditem|p1a: Iron Bundle|Booster Energy\n|-activate|p1a: Iron Bundle|ability: Quark Drive|[fromitem]\n|-start|p1a: Iron Bundle|quarkdrivespe\n|-enditem|p2b: Scream Tail|Booster Energy\n|-activate|p2b: Scream Tail|ability: Protosynthesis|[fromitem]\n|-start|p2b: Scream Tail|protosynthesisspe\n|turn|1\n|\n|t:|1684123460\n|switch|p2a: Iron Bundle|Iron Bundle, L50|100\/100\n|move|p1a: Iron Bundle|Protect|p1a: Iron Bundle\n|-singleturn|p1a: Iron Bundle|Protect\n|move|p2b: Scream Tail|Protect|p2b: Scream Tail\n|-singleturn|p2b: Scream Tail|Protect\n|move|p1b: Tinkaton|Gigaton Hammer|p2b: Scream Tail\n|-activate|p2b: Scream Tail|move: Protect\n|\n|upkeep\n|turn|2\n|inactive|Kammala has 30 seconds left.\n|inactive|Kammala has 20 seconds left.\n|inactive|hujuku0 has 30 seconds left.\n|inactive|Kammala has 15 seconds left.\n|inactive|Kammala has 10 seconds left.\n|\n|t:|1684123508\n|move|p1a: Iron Bundle|Encore|p2b: Scream Tail\n|-start|p2b: Scream Tail|Encore\n|move|p2b: Scream Tail|Protect||[still]\n|-fail|p2b: Scream Tail\n|move|p2a: Iron Bundle|Freeze-Dry|p1a: Iron Bundle\n|-damage|p1a: Iron Bundle|21\/100\n|move|p1b: Tinkaton|Play Rough|p2a: Iron Bundle\n|-damage|p2a: Iron Bundle|64\/100\n|\n|upkeep\n|turn|3\n|\n|t:|1684123525\n|-end|p2b: Scream Tail|Protosynthesis|[silent]\n|switch|p2b: Kingambit|Kingambit, L50, M|100\/100\n|move|p1a: Iron Bundle|Protect|p1a: Iron Bundle\n|-singleturn|p1a: Iron Bundle|Protect\n|move|p2a: Iron Bundle|Freeze-Dry|p1b: Tinkaton\n|-resisted|p1b: Tinkaton\n|-damage|p1b: Tinkaton|85\/100\n|move|p1b: Tinkaton|Gigaton Hammer|p2a: Iron Bundle\n|-damage|p2a: Iron Bundle|0 fnt\n|faint|p2a: Iron Bundle\n|-end|p2a: Iron Bundle|Quark Drive|[silent]\n|\n|upkeep\n|\n|t:|1684123538\n|switch|p2a: Ceruledge|Ceruledge, L50, M|100\/100\n|turn|4\n|\n|t:|1684123551\n|move|p1a: Iron Bundle|Protect|p1a: Iron Bundle\n|-singleturn|p1a: Iron Bundle|Protect\n|move|p2b: Kingambit|Sucker Punch||[still]\n|-fail|p2b: Kingambit\n|move|p2a: Ceruledge|Bulk Up|p2a: Ceruledge\n|-boost|p2a: Ceruledge|atk|1\n|-boost|p2a: Ceruledge|def|1\n|move|p1b: Tinkaton|Play Rough|p2b: Kingambit\n|-damage|p2b: Kingambit|77\/100\n|-unboost|p2b: Kingambit|atk|1\n|-ability|p2b: Kingambit|Defiant|boost\n|-boost|p2b: Kingambit|atk|2\n|\n|upkeep\n|turn|5\n|\n|t:|1684123569\n|move|p2a: Ceruledge|Shadow Sneak|p1a: Iron Bundle\n|-damage|p1a: Iron Bundle|0 fnt\n|faint|p1a: Iron Bundle\n|-end|p1a: Iron Bundle|Quark Drive|[silent]\n|move|p1b: Tinkaton|Play Rough|p2b: Kingambit\n|-damage|p2b: Kingambit|53\/100\n|move|p2b: Kingambit|Iron Head|p1b: Tinkaton\n|-damage|p1b: Tinkaton|10\/100\n|\n|upkeep\n|\n|t:|1684123574\n|switch|p1a: Ceruledge|Ceruledge, L50, F|100\/100\n|turn|6\n|\n|t:|1684123598\n|switch|p2a: Scream Tail|Scream Tail, L50|100\/100\n|switch|p1b: Garganacl|Garganacl, L50, F|100\/100\n|-terastallize|p1a: Ceruledge|Grass\n|-terastallize|p2b: Kingambit|Flying\n|move|p2b: Kingambit|Sucker Punch||[still]\n|-fail|p2b: Kingambit\n|move|p1a: Ceruledge|Bulk Up|p1a: Ceruledge\n|-boost|p1a: Ceruledge|atk|1\n|-boost|p1a: Ceruledge|def|1\n|\n|upkeep\n|turn|7\n|\n|t:|1684123614\n|move|p2a: Scream Tail|Protect|p2a: Scream Tail\n|-singleturn|p2a: Scream Tail|Protect\n|move|p1a: Ceruledge|Shadow Sneak|p2a: Scream Tail\n|-activate|p2a: Scream Tail|move: Protect\n|move|p2b: Kingambit|Tera Blast|p1a: Ceruledge\n|-supereffective|p1a: Ceruledge\n|-damage|p1a: Ceruledge|4\/100\n|move|p1b: Garganacl|Salt Cure|p2b: Kingambit\n|-supereffective|p2b: Kingambit\n|-damage|p2b: Kingambit|30\/100\n|-start|p2b: Kingambit|Salt Cure\n|\n|-damage|p2b: Kingambit|18\/100|[from] Salt Cure\n|upkeep\n|turn|8\n|\n|t:|1684123632\n|move|p1a: Ceruledge|Protect|p1a: Ceruledge\n|-singleturn|p1a: Ceruledge|Protect\n|move|p2b: Kingambit|Sucker Punch|p1b: Garganacl\n|-damage|p1b: Garganacl|64\/100\n|move|p2a: Scream Tail|Dazzling Gleam|p1b: Garganacl|[spread] p1b\n|-activate|p1a: Ceruledge|move: Protect\n|-damage|p1b: Garganacl|54\/100\n|move|p1b: Garganacl|Salt Cure|p2a: Scream Tail\n|-damage|p2a: Scream Tail|91\/100\n|-start|p2a: Scream Tail|Salt Cure\n|\n|-heal|p1b: Garganacl|59\/100|[from] item: Leftovers\n|-damage|p2a: Scream Tail|79\/100|[from] Salt Cure\n|-damage|p2b: Kingambit|6\/100|[from] Salt Cure\n|upkeep\n|turn|9\n|\n|t:|1684123651\n|move|p2a: Scream Tail|Protect|p2a: Scream Tail\n|-singleturn|p2a: Scream Tail|Protect\n|move|p1b: Garganacl|Wide Guard|p1b: Garganacl\n|-singleturn|p1b: Garganacl|Wide Guard\n|move|p1a: Ceruledge|Shadow Sneak|p2b: Kingambit\n|-damage|p2b: Kingambit|0 fnt\n|faint|p2b: Kingambit\n|\n|-heal|p1b: Garganacl|65\/100|[from] item: Leftovers\n|-damage|p2a: Scream Tail|67\/100|[from] Salt Cure\n|upkeep\n|\n|t:|1684123658\n|switch|p2b: Ceruledge|Ceruledge, L50, M|100\/100\n|turn|10\n|\n|t:|1684123669\n|move|p1a: Ceruledge|Shadow Sneak|p2b: Ceruledge\n|-supereffective|p2b: Ceruledge\n|-damage|p2b: Ceruledge|34\/100\n|move|p2b: Ceruledge|Shadow Sneak|p1a: Ceruledge\n|-damage|p1a: Ceruledge|0 fnt\n|faint|p1a: Ceruledge\n|move|p2a: Scream Tail|Encore|p1b: Garganacl\n|-start|p1b: Garganacl|Encore\n|move|p1b: Garganacl|Wide Guard||[still]\n|-fail|p1b: Garganacl\n|\n|-heal|p1b: Garganacl|71\/100|[from] item: Leftovers\n|-damage|p2a: Scream Tail|54\/100|[from] Salt Cure\n|upkeep\n|\n|t:|1684123675\n|switch|p1a: Tinkaton|Tinkaton, L50, F|10\/100\n|-ability|p1a: Tinkaton|Mold Breaker\n|turn|11\n|\n|t:|1684123688\n|move|p1b: Garganacl|Wide Guard|p1b: Garganacl\n|-singleturn|p1b: Garganacl|Wide Guard\n|move|p2b: Ceruledge|Shadow Sneak|p1a: Tinkaton\n|-damage|p1a: Tinkaton|0 fnt\n|faint|p1a: Tinkaton\n|move|p2a: Scream Tail|Disable|p1b: Garganacl\n|-start|p1b: Garganacl|Disable|Wide Guard\n|\n|-heal|p1b: Garganacl|77\/100|[from] item: Leftovers\n|-damage|p2a: Scream Tail|42\/100|[from] Salt Cure\n|upkeep\n|turn|12\n|-message|hujuku0 forfeited.\n|\n|win|Kammala\n|raw|hujuku0's rating: 1294 → 1272<\/strong> (-22 for losing)\n|raw|Kammala's rating: 1332 → 1350<\/strong> (+18 for winning)\n|l|\u2606hujuku0\n","uploadtime":1684123711,"views":10,"p1id":"hujuku0","p2id":"kammala","formatid":"gen9vgc2023regulationc","rating":1272,"private":0,"password":""}