{"id":"gen9vgc2023regulationc-1845859391","p1":"Keveloper","p2":"Rybot.v2","format":"[Gen 9] VGC 2023 Regulation C","log":"|j|\u2606Keveloper\n|j|\u2606Rybot.v2\n|t:|1681772277\n|gametype|doubles\n|player|p1|Keveloper|ash|1444\n|player|p2|Rybot.v2|unknown|1532\n|teamsize|p1|6\n|teamsize|p2|6\n|gen|9\n|tier|[Gen 9] VGC 2023 Regulation C\n|rated|\n|rule|Species Clause: Limit one of each Pok\u00e9mon\n|rule|Item Clause: Limit one of each item\n|clearpoke\n|poke|p1|Orthworm, L50, F|\n|poke|p1|Dragonite, L50, M|\n|poke|p1|Ting-Lu, L50|\n|poke|p1|Gyarados, L50, M|\n|poke|p1|Flutter Mane, L50|\n|poke|p1|Chien-Pao, L50|\n|poke|p2|Ting-Lu, L50|\n|poke|p2|Flutter Mane, L50|\n|poke|p2|Kingambit, L50, M|\n|poke|p2|Gyarados, L50, M|\n|poke|p2|Amoonguss, L50, M|\n|poke|p2|Arcanine, L50, F|\n|teampreview|4\nRybot.v2 has agreed to open team sheets.\n|c|\u2606Keveloper|Sorry, practicing for the closed team sheet global challenge\n|inactive|Battle timer is ON: inactive players will automatically lose when time's up. (requested by Rybot.v2)\n|\n|t:|1681772388\n|start\n|switch|p1a: Orthworm|Orthworm, L50, F|100\/100\n|switch|p1b: Ting-Lu|Ting-Lu, L50|100\/100\n|switch|p2a: Kingambit|Kingambit, L50, M, shiny|100\/100\n|switch|p2b: Gyarados|Gyarados, L50, M, shiny|100\/100\n|-ability|p2b: Gyarados|Intimidate|boost\n|-unboost|p1a: Orthworm|atk|1\n|-unboost|p1b: Ting-Lu|atk|1\n|-ability|p1b: Ting-Lu|Vessel of Ruin\n|turn|1\n|inactive|Keveloper has 30 seconds left.\n|\n|t:|1681772416\n|-terastallize|p2a: Kingambit|Dark\n|move|p2b: Gyarados|Taunt|p1a: Orthworm\n|-start|p1a: Orthworm|move: Taunt\n|move|p1b: Ting-Lu|Rock Slide|p2b: Gyarados|[spread] p2a,p2b\n|-crit|p2a: Kingambit\n|-supereffective|p2b: Gyarados\n|-damage|p2a: Kingambit|72\/100\n|-damage|p2b: Gyarados|68\/100\n|move|p1a: Orthworm|Body Press|p2a: Kingambit\n|-supereffective|p2a: Kingambit\n|-damage|p2a: Kingambit|26\/100\n|move|p2a: Kingambit|Swords Dance|p2a: Kingambit\n|-boost|p2a: Kingambit|atk|2\n|\n|upkeep\n|turn|2\n|inactive|Keveloper has 30 seconds left.\n|inactive|Rybot.v2 has 30 seconds left.\n|inactive|Rybot.v2 has 20 seconds left.\n|\n|t:|1681772454\n|switch|p1a: Dragonite|Dragonite, L50, M|100\/100\n|move|p2a: Kingambit|Protect|p2a: Kingambit\n|-singleturn|p2a: Kingambit|Protect\n|move|p2b: Gyarados|Thunder Wave|p1a: Dragonite\n|-status|p1a: Dragonite|par\n|-enditem|p1a: Dragonite|Lum Berry|[eat]\n|-curestatus|p1a: Dragonite|par|[msg]\n|move|p1b: Ting-Lu|Rock Slide|p2b: Gyarados|[spread] p2b\n|-activate|p2a: Kingambit|move: Protect\n|-supereffective|p2b: Gyarados\n|-damage|p2b: Gyarados|36\/100\n|\n|upkeep\n|turn|3\n|inactive|Keveloper has 30 seconds left.\n|inactive|Rybot.v2 has 30 seconds left.\n|inactive|Keveloper has 20 seconds left.\n|\n|t:|1681772490\n|switch|p2a: Arcanine|Arcanine, L50, F, shiny|100\/100\n|-ability|p2a: Arcanine|Intimidate|boost\n|-unboost|p1a: Dragonite|atk|1\n|-unboost|p1b: Ting-Lu|atk|1\n|move|p1a: Dragonite|Extreme Speed|p2b: Gyarados\n|-crit|p2b: Gyarados\n|-damage|p2b: Gyarados|0 fnt\n|faint|p2b: Gyarados\n|move|p1b: Ting-Lu|Rock Slide|p2a: Arcanine\n|-supereffective|p2a: Arcanine\n|-damage|p2a: Arcanine|66\/100\n|\n|upkeep\n|c|\u2606Rybot.v2|nice crits\n|inactive|Rybot.v2 has 30 seconds left.\n|\n|t:|1681772516\n|switch|p2b: Flutter Mane|Flutter Mane, L50|100\/100\n|turn|4\n|\n|t:|1681772534\n|-end|p2b: Flutter Mane|Protosynthesis|[silent]\n|switch|p2b: Kingambit|Kingambit, L50, M, shiny, tera:Dark|26\/100\n|switch|p1a: Orthworm|Orthworm, L50, F|100\/100\n|switch|p1b: Gyarados|Gyarados, L50, M|100\/100\n|-ability|p1b: Gyarados|Intimidate|boost\n|-unboost|p2a: Arcanine|atk|1\n|-unboost|p2b: Kingambit|atk|1\n|-ability|p2b: Kingambit|Defiant|boost\n|-boost|p2b: Kingambit|atk|2\n|move|p2a: Arcanine|Will-O-Wisp|p1b: Gyarados\n|-status|p1b: Gyarados|brn\n|\n|-damage|p1b: Gyarados|94\/100 brn|[from] brn\n|upkeep\n|turn|5\n|inactive|Rybot.v2 has 30 seconds left.\n|\n|t:|1681772567\n|switch|p2b: Flutter Mane|Flutter Mane, L50|100\/100\n|-terastallize|p1a: Orthworm|Fire\n|move|p1b: Gyarados|Thunder Wave|p2a: Arcanine\n|-status|p2a: Arcanine|par\n|move|p1a: Orthworm|Body Press|p2b: Flutter Mane\n|-immune|p2b: Flutter Mane\n|move|p2a: Arcanine|Flare Blitz|p1a: Orthworm\n|-resisted|p1a: Orthworm\n|-damage|p1a: Orthworm|88\/100\n|-damage|p2a: Arcanine|62\/100 par|[from] Recoil\n|\n|-damage|p1b: Gyarados|88\/100 brn|[from] brn\n|upkeep\n|turn|6\n|\n|t:|1681772588\n|switch|p2a: Kingambit|Kingambit, L50, M, shiny, tera:Dark|26\/100\n|move|p2b: Flutter Mane|Shadow Ball|p1a: Orthworm\n|-damage|p1a: Orthworm|11\/100\n|-unboost|p1a: Orthworm|spd|1\n|-enditem|p1a: Orthworm|Sitrus Berry|[eat]\n|-heal|p1a: Orthworm|36\/100|[from] item: Sitrus Berry\n|move|p1b: Gyarados|Bulldoze|p2a: Kingambit|[spread] p2a,p2b\n|-heal|p1a: Orthworm|61\/100|[from] ability: Earth Eater|[of] p1b: Gyarados\n|-damage|p2a: Kingambit|21\/100\n|-damage|p2b: Flutter Mane|90\/100\n|-unboost|p2a: Kingambit|spe|1\n|-ability|p2a: Kingambit|Defiant|boost\n|-boost|p2a: Kingambit|atk|2\n|-unboost|p2b: Flutter Mane|spe|1\n|move|p1a: Orthworm|Heavy Slam|p2b: Flutter Mane\n|-supereffective|p2b: Flutter Mane\n|-damage|p2b: Flutter Mane|0 fnt\n|faint|p2b: Flutter Mane\n|-end|p2b: Flutter Mane|Protosynthesis|[silent]\n|\n|-damage|p1b: Gyarados|82\/100 brn|[from] brn\n|upkeep\n|-message|Rybot.v2 forfeited.\n|\n|win|Keveloper\n|raw|Keveloper's rating: 1444 → 1469<\/strong> (+25 for winning)\n|raw|Rybot.v2's rating: 1532 → 1507<\/strong> (-25 for losing)\n|l|\u2606Rybot.v2\n","uploadtime":1681772613,"views":6,"p1id":"keveloper","p2id":"rybotv2","formatid":"gen9vgc2023regulationc","rating":1469,"private":0,"password":""}