{"id":"gen9vgc2023regulationc-1857993185","p1":"Fluttermane Eyes","p2":"pokecream69420","format":"[Gen 9] VGC 2023 Regulation C","log":"|j|\u2606Fluttermane Eyes\n|j|\u203dpokecream69420\n|t:|1683257126\n|gametype|doubles\n|player|p1|Fluttermane Eyes|riley|1291\n|player|p2|pokecream69420|2|1237\n|teamsize|p1|6\n|teamsize|p2|6\n|gen|9\n|tier|[Gen 9] VGC 2023 Regulation C\n|rated|\n|rule|Species Clause: Limit one of each Pok\u00e9mon\n|rule|Item Clause: Limit one of each item\n|clearpoke\n|poke|p1|Bronzong, L50|\n|poke|p1|Ting-Lu, L50|\n|poke|p1|Iron Hands, L50|\n|poke|p1|Farigiraf, L50, F|\n|poke|p1|Wo-Chien, L50|\n|poke|p1|Torkoal, L50, F|\n|poke|p2|Iron Bundle, L50|\n|poke|p2|Dragonite, L50, M|\n|poke|p2|Scizor, L50, M|\n|poke|p2|Chien-Pao, L50|\n|poke|p2|Gholdengo, L50|\n|poke|p2|Annihilape, L50, F|\n|teampreview|4\n|\n|t:|1683257180\n|start\n|switch|p1a: Farigiraf|Farigiraf, L50, F|100\/100\n|switch|p1b: Wo-Chien|Wo-Chien, L50|100\/100\n|switch|p2a: Chien-Pao|Chien-Pao, L50|100\/100\n|switch|p2b: Annihilape|Annihilape, L50, F, shiny|100\/100\n|-ability|p2a: Chien-Pao|Sword of Ruin\n|-ability|p1b: Wo-Chien|Tablets of Ruin\n|turn|1\n|\n|t:|1683257201\n|-terastallize|p1b: Wo-Chien|Fairy\n|move|p2a: Chien-Pao|Ice Spinner|p1a: Farigiraf\n|-damage|p1a: Farigiraf|53\/100\n|move|p2b: Annihilape|Drain Punch|p1a: Farigiraf\n|-damage|p1a: Farigiraf|17\/100\n|move|p1b: Wo-Chien|Pollen Puff|p1a: Farigiraf\n|-heal|p1a: Farigiraf|67\/100\n|move|p1a: Farigiraf|Trick Room|p1a: Farigiraf\n|-fieldstart|move: Trick Room|[of] p1a: Farigiraf\n|\n|upkeep\n|turn|2\n|\n|t:|1683257241\n|move|p1a: Farigiraf|Psychic|p2b: Annihilape\n|-supereffective|p2b: Annihilape\n|-damage|p2b: Annihilape|0 fnt\n|faint|p2b: Annihilape\n|-damage|p1a: Farigiraf|57\/100|[from] item: Life Orb\n|move|p1b: Wo-Chien|Foul Play|p2a: Chien-Pao\n|-resisted|p2a: Chien-Pao\n|-damage|p2a: Chien-Pao|64\/100\n|move|p2a: Chien-Pao|Ice Spinner|p1a: Farigiraf\n|-damage|p1a: Farigiraf|13\/100\n|\n|upkeep\n|\n|t:|1683257248\n|switch|p2b: Iron Bundle|Iron Bundle, L50, shiny|100\/100\n|-enditem|p2b: Iron Bundle|Booster Energy\n|-activate|p2b: Iron Bundle|ability: Quark Drive|[fromitem]\n|-start|p2b: Iron Bundle|quarkdrivespe\n|turn|3\n|\n|t:|1683257286\n|switch|p1a: Iron Hands|Iron Hands, L50|100\/100\n|move|p1b: Wo-Chien|Giga Drain|p2b: Iron Bundle\n|-supereffective|p2b: Iron Bundle\n|-damage|p2b: Iron Bundle|0 fnt\n|faint|p2b: Iron Bundle\n|-end|p2b: Iron Bundle|Quark Drive|[silent]\n|move|p2a: Chien-Pao|Ice Spinner|p1b: Wo-Chien\n|-damage|p1b: Wo-Chien|63\/100\n|\n|-heal|p1b: Wo-Chien|69\/100|[from] item: Leftovers\n|upkeep\n|\n|t:|1683257297\n|switch|p2b: Dragonite|Dragonite, L50, M, shiny|100\/100\n|turn|4\n|\n|t:|1683257316\n|-terastallize|p2b: Dragonite|Normal\n|move|p2a: Chien-Pao|Protect|p2a: Chien-Pao\n|-singleturn|p2a: Chien-Pao|Protect\n|move|p2b: Dragonite|Extreme Speed|p1a: Iron Hands\n|-damage|p1a: Iron Hands|50\/100\n|move|p1a: Iron Hands|Drain Punch|p2a: Chien-Pao\n|-activate|p2a: Chien-Pao|move: Protect\n|move|p1b: Wo-Chien|Giga Drain|p2a: Chien-Pao\n|-activate|p2a: Chien-Pao|move: Protect\n|\n|-heal|p1b: Wo-Chien|75\/100|[from] item: Leftovers\n|upkeep\n|turn|5\n|\n|t:|1683257334\n|switch|p1b: Farigiraf|Farigiraf, L50, F|13\/100\n|move|p2b: Dragonite|Extreme Speed||[still]\n|cant|p1b: Farigiraf|ability: Armor Tail|Extreme Speed|[of] p2b: Dragonite\n|move|p1a: Iron Hands|Drain Punch|p2a: Chien-Pao\n|-supereffective|p2a: Chien-Pao\n|-damage|p2a: Chien-Pao|0 fnt\n|-heal|p1a: Iron Hands|72\/100|[from] drain|[of] p2a: Chien-Pao\n|faint|p2a: Chien-Pao\n|\n|-fieldend|move: Trick Room\n|upkeep\n|turn|6\n|-message|pokecream69420 forfeited.\n|\n|win|Fluttermane Eyes\n|raw|Fluttermane Eyes's rating: 1291 → 1312<\/strong> (+21 for winning)\n|raw|pokecream69420's rating: 1237 → 1216<\/strong> (-21 for losing)\n","uploadtime":1683257347,"views":12,"p1id":"fluttermaneeyes","p2id":"pokecream69420","formatid":"gen9vgc2023regulationc","rating":1216,"private":0,"password":""}