{"id":"gen9vgc2023regulationc-1845977786","p1":"SirMrMan69","p2":"fo50","format":"[Gen 9] VGC 2023 Regulation C","log":"|j|\u2606SirMrMan69\n|j|\u2606fo50\n|t:|1681786393\n|gametype|doubles\n|player|p1|SirMrMan69|swimmer-gen4dp|1086\n|player|p2|fo50|2|1059\n|teamsize|p1|6\n|teamsize|p2|6\n|gen|9\n|tier|[Gen 9] VGC 2023 Regulation C\n|rated|\n|rule|Species Clause: Limit one of each Pok\u00e9mon\n|rule|Item Clause: Limit one of each item\n|clearpoke\n|poke|p1|Murkrow, L50, M|\n|poke|p1|Gothitelle, L50, M|\n|poke|p1|Skeledirge, L50, M|\n|poke|p1|Iron Bundle, L50|\n|poke|p1|Noivern, L50, F|\n|poke|p1|Oranguru, L50, F|\n|poke|p2|Scovillain, L50, M|\n|poke|p2|Dragonite, L50, M|\n|poke|p2|Tinkaton, L50, F|\n|poke|p2|Garchomp, L50, F|\n|poke|p2|Torkoal, L50, M|\n|poke|p2|Scizor, L50, M|\n|teampreview|4\n|inactive|Battle timer is ON: inactive players will automatically lose when time's up. (requested by fo50)\n|\n|t:|1681786428\n|start\n|switch|p1a: Stupid Crrrrrrow|Murkrow, L50, M|100\/100\n|switch|p1b: The Milkman|Iron Bundle, L50|100\/100\n|switch|p2a: Scizor|Scizor, L50, M|100\/100\n|switch|p2b: Tinkaton|Tinkaton, L50, F|100\/100\n|turn|1\n|\n|t:|1681786452\n|move|p2b: Tinkaton|Fake Out|p1a: Stupid Crrrrrrow\n|-damage|p1a: Stupid Crrrrrrow|86\/100\n|cant|p1a: Stupid Crrrrrrow|flinch\n|move|p2a: Scizor|Bullet Punch|p1b: The Milkman\n|-damage|p1b: The Milkman|59\/100\n|move|p1b: The Milkman|Hydro Pump|p2a: Scizor\n|-damage|p2a: Scizor|24\/100\n|-enditem|p2a: Scizor|Sitrus Berry|[eat]\n|-heal|p2a: Scizor|49\/100|[from] item: Sitrus Berry\n|\n|upkeep\n|turn|2\n|\n|t:|1681786474\n|move|p1a: Stupid Crrrrrrow|Taunt|p2b: Tinkaton\n|-start|p2b: Tinkaton|move: Taunt\n|move|p2a: Scizor|Bullet Punch|p1a: Stupid Crrrrrrow\n|-damage|p1a: Stupid Crrrrrrow|14\/100\n|move|p1b: The Milkman|Hydro Pump|p2a: Scizor\n|-damage|p2a: Scizor|0 fnt\n|faint|p2a: Scizor\n|move|p2b: Tinkaton|Gigaton Hammer|p1a: Stupid Crrrrrrow\n|-damage|p1a: Stupid Crrrrrrow|0 fnt\n|faint|p1a: Stupid Crrrrrrow\n|\n|upkeep\n|\n|t:|1681786498\n|switch|p1a: AAAAAAAAAAAAAAA|Noivern, L50, F, shiny|100\/100\n|switch|p2a: Dragonite|Dragonite, L50, M|100\/100\n|turn|3\n|\n|t:|1681786519\n|switch|p2b: Garchomp|Garchomp, L50, F|100\/100\n|move|p1b: The Milkman|Ice Beam|p2a: Dragonite\n|-supereffective|p2a: Dragonite\n|-damage|p2a: Dragonite|3\/100\n|-enditem|p2a: Dragonite|Weakness Policy\n|-boost|p2a: Dragonite|atk|2|[from] item: Weakness Policy\n|-boost|p2a: Dragonite|spa|2|[from] item: Weakness Policy\n|move|p1a: AAAAAAAAAAAAAAA|Boomburst|p2a: Dragonite|[spread] p1b,p2a,p2b\n|-damage|p1b: The Milkman|11\/100\n|-damage|p2a: Dragonite|0 fnt\n|-damage|p2b: Garchomp|74\/100\n|faint|p2a: Dragonite\n|-enditem|p1a: AAAAAAAAAAAAAAA|Throat Spray\n|-boost|p1a: AAAAAAAAAAAAAAA|spa|1|[from] item: Throat Spray\n|\n|upkeep\n|\n|t:|1681786534\n|switch|p2a: Tinkaton|Tinkaton, L50, F|100\/100\n|turn|4\n|\n|t:|1681786552\n|move|p2a: Tinkaton|Fake Out|p1b: The Milkman\n|-damage|p1b: The Milkman|0 fnt\n|faint|p1b: The Milkman\n|-end|p1b: The Milkman|Quark Drive|[silent]\n|move|p2b: Garchomp|Thunder Fang|p1a: AAAAAAAAAAAAAAA\n|-damage|p1a: AAAAAAAAAAAAAAA|74\/100\n|move|p1a: AAAAAAAAAAAAAAA|Boomburst|p2b: Garchomp|[spread] p2a,p2b\n|-resisted|p2a: Tinkaton\n|-damage|p2a: Tinkaton|86\/100\n|-damage|p2b: Garchomp|40\/100\n|\n|-heal|p2a: Tinkaton|92\/100|[from] item: Leftovers\n|upkeep\n|\n|t:|1681786568\n|switch|p1b: Monke|Oranguru, L50, F|100\/100\n|turn|5\n|\n|t:|1681786600\n|move|p2b: Garchomp|Liquidation|p1b: Monke\n|-damage|p1b: Monke|64\/100\n|move|p1a: AAAAAAAAAAAAAAA|Boomburst|p2a: Tinkaton|[spread] p2a,p2b\n|-activate|p1b: Monke|ability: Telepathy\n|-resisted|p2a: Tinkaton\n|-damage|p2a: Tinkaton|77\/100\n|-damage|p2b: Garchomp|4\/100\n|move|p2a: Tinkaton|Gigaton Hammer|p1b: Monke\n|-damage|p1b: Monke|17\/100\n|-enditem|p1b: Monke|Aguav Berry|[eat]\n|-heal|p1b: Monke|51\/100|[from] item: Aguav Berry\n|move|p1b: Monke|Instruct|p1a: AAAAAAAAAAAAAAA\n|-singleturn|p1a: AAAAAAAAAAAAAAA|move: Instruct|[of] p1b: Monke\n|move|p1a: AAAAAAAAAAAAAAA|Boomburst|p2b: Garchomp|[spread] p2a,p2b\n|-activate|p1b: Monke|ability: Telepathy\n|-resisted|p2a: Tinkaton\n|-damage|p2a: Tinkaton|61\/100\n|-damage|p2b: Garchomp|0 fnt\n|faint|p2b: Garchomp\n|\n|-heal|p2a: Tinkaton|68\/100|[from] item: Leftovers\n|upkeep\n|turn|6\n|inactive|SirMrMan69 has 30 seconds left.\n|inactive|fo50 has 30 seconds left.\n|\n|t:|1681786634\n|-terastallize|p1a: AAAAAAAAAAAAAAA|Normal\n|-terastallize|p2a: Tinkaton|Ghost\n|move|p1a: AAAAAAAAAAAAAAA|Boomburst|p2a: Tinkaton|[spread] \n|-activate|p1b: Monke|ability: Telepathy\n|-immune|p2a: Tinkaton\n|move|p2a: Tinkaton|Knock Off|p1b: Monke\n|-supereffective|p1b: Monke\n|-damage|p1b: Monke|24\/100\n|move|p1b: Monke|Psychic|p2a: Tinkaton\n|-crit|p2a: Tinkaton\n|-damage|p2a: Tinkaton|36\/100\n|\n|-heal|p2a: Tinkaton|43\/100|[from] item: Leftovers\n|upkeep\n|turn|7\n|inactive|SirMrMan69 has 30 seconds left.\n|\n|t:|1681786664\n|move|p1a: AAAAAAAAAAAAAAA|Tailwind|p1a: AAAAAAAAAAAAAAA\n|-sidestart|p1: SirMrMan69|move: Tailwind\n|move|p1b: Monke|Psychic|p2a: Tinkaton\n|-damage|p2a: Tinkaton|20\/100\n|move|p2a: Tinkaton|Gigaton Hammer|p1b: Monke\n|-damage|p1b: Monke|0 fnt\n|faint|p1b: Monke\n|\n|-heal|p2a: Tinkaton|27\/100|[from] item: Leftovers\n|upkeep\n|turn|8\n|\n|t:|1681786681\n|move|p2a: Tinkaton|Protect|p2a: Tinkaton\n|-singleturn|p2a: Tinkaton|Protect\n|move|p1a: AAAAAAAAAAAAAAA|Dragon Tail|p2a: Tinkaton\n|-activate|p2a: Tinkaton|move: Protect\n|\n|-heal|p2a: Tinkaton|33\/100|[from] item: Leftovers\n|upkeep\n|turn|9\n|\n|t:|1681786691\n|move|p2a: Tinkaton|Gigaton Hammer|p1a: AAAAAAAAAAAAAAA\n|-damage|p1a: AAAAAAAAAAAAAAA|22\/100\n|move|p1a: AAAAAAAAAAAAAAA|Dragon Tail|p2a: Tinkaton\n|-damage|p2a: Tinkaton|20\/100\n|\n|-heal|p2a: Tinkaton|26\/100|[from] item: Leftovers\n|upkeep\n|turn|10\n|\n|t:|1681786701\n|move|p2a: Tinkaton|Protect|p2a: Tinkaton\n|-singleturn|p2a: Tinkaton|Protect\n|move|p1a: AAAAAAAAAAAAAAA|Moonlight|p1a: AAAAAAAAAAAAAAA\n|-heal|p1a: AAAAAAAAAAAAAAA|72\/100\n|\n|-heal|p2a: Tinkaton|32\/100|[from] item: Leftovers\n|-sideend|p1: SirMrMan69|move: Tailwind\n|upkeep\n|turn|11\n|\n|t:|1681786712\n|move|p2a: Tinkaton|Gigaton Hammer|p1a: AAAAAAAAAAAAAAA\n|-damage|p1a: AAAAAAAAAAAAAAA|20\/100\n|move|p1a: AAAAAAAAAAAAAAA|Dragon Tail|p2a: Tinkaton\n|-damage|p2a: Tinkaton|18\/100\n|\n|-heal|p2a: Tinkaton|24\/100|[from] item: Leftovers\n|upkeep\n|turn|12\n|\n|t:|1681786723\n|move|p1a: AAAAAAAAAAAAAAA|Moonlight|p1a: AAAAAAAAAAAAAAA\n|-heal|p1a: AAAAAAAAAAAAAAA|70\/100\n|move|p2a: Tinkaton|Knock Off|p1a: AAAAAAAAAAAAAAA\n|-damage|p1a: AAAAAAAAAAAAAAA|58\/100\n|\n|-heal|p2a: Tinkaton|31\/100|[from] item: Leftovers\n|upkeep\n|turn|13\n|\n|t:|1681786733\n|move|p1a: AAAAAAAAAAAAAAA|Moonlight|p1a: AAAAAAAAAAAAAAA\n|-heal|p1a: AAAAAAAAAAAAAAA|100\/100\n|move|p2a: Tinkaton|Gigaton Hammer|p1a: AAAAAAAAAAAAAAA\n|-damage|p1a: AAAAAAAAAAAAAAA|54\/100\n|\n|-heal|p2a: Tinkaton|37\/100|[from] item: Leftovers\n|upkeep\n|turn|14\n|\n|t:|1681786746\n|move|p2a: Tinkaton|Knock Off|p1a: AAAAAAAAAAAAAAA\n|-damage|p1a: AAAAAAAAAAAAAAA|40\/100\n|move|p1a: AAAAAAAAAAAAAAA|Dragon Tail|p2a: Tinkaton\n|-damage|p2a: Tinkaton|21\/100\n|\n|-heal|p2a: Tinkaton|28\/100|[from] item: Leftovers\n|upkeep\n|turn|15\n|\n|t:|1681786755\n|move|p1a: AAAAAAAAAAAAAAA|Moonlight|p1a: AAAAAAAAAAAAAAA\n|-heal|p1a: AAAAAAAAAAAAAAA|89\/100\n|move|p2a: Tinkaton|Gigaton Hammer|p1a: AAAAAAAAAAAAAAA\n|-damage|p1a: AAAAAAAAAAAAAAA|41\/100\n|\n|-heal|p2a: Tinkaton|34\/100|[from] item: Leftovers\n|upkeep\n|turn|16\n|\n|t:|1681786765\n|move|p2a: Tinkaton|Protect|p2a: Tinkaton\n|-singleturn|p2a: Tinkaton|Protect\n|move|p1a: AAAAAAAAAAAAAAA|Tailwind|p1a: AAAAAAAAAAAAAAA\n|-sidestart|p1: SirMrMan69|move: Tailwind\n|\n|-heal|p2a: Tinkaton|40\/100|[from] item: Leftovers\n|upkeep\n|turn|17\n|c|\u2606SirMrMan69|This is gonna take a while\n|\n|t:|1681786788\n|move|p1a: AAAAAAAAAAAAAAA|Moonlight|p1a: AAAAAAAAAAAAAAA\n|-heal|p1a: AAAAAAAAAAAAAAA|91\/100\n|move|p2a: Tinkaton|Gigaton Hammer|p1a: AAAAAAAAAAAAAAA\n|-damage|p1a: AAAAAAAAAAAAAAA|46\/100\n|\n|-heal|p2a: Tinkaton|46\/100|[from] item: Leftovers\n|upkeep\n|turn|18\n|\n|t:|1681786808\n|move|p2a: Tinkaton|Protect|p2a: Tinkaton\n|-singleturn|p2a: Tinkaton|Protect\n|move|p1a: AAAAAAAAAAAAAAA|Dragon Tail|p2a: Tinkaton\n|-activate|p2a: Tinkaton|move: Protect\n|\n|-heal|p2a: Tinkaton|53\/100|[from] item: Leftovers\n|upkeep\n|turn|19\n|\n|t:|1681786820\n|move|p1a: AAAAAAAAAAAAAAA|Moonlight|p1a: AAAAAAAAAAAAAAA\n|-heal|p1a: AAAAAAAAAAAAAAA|96\/100\n|move|p2a: Tinkaton|Knock Off|p1a: AAAAAAAAAAAAAAA\n|-damage|p1a: AAAAAAAAAAAAAAA|82\/100\n|\n|-heal|p2a: Tinkaton|59\/100|[from] item: Leftovers\n|-sideend|p1: SirMrMan69|move: Tailwind\n|upkeep\n|turn|20\n|\n|t:|1681786831\n|move|p2a: Tinkaton|Knock Off|p1a: AAAAAAAAAAAAAAA\n|-damage|p1a: AAAAAAAAAAAAAAA|68\/100\n|move|p1a: AAAAAAAAAAAAAAA|Dragon Tail|p2a: Tinkaton\n|-damage|p2a: Tinkaton|45\/100\n|\n|-heal|p2a: Tinkaton|51\/100|[from] item: Leftovers\n|upkeep\n|turn|21\n|\n|t:|1681786842\n|move|p2a: Tinkaton|Knock Off|p1a: AAAAAAAAAAAAAAA\n|-damage|p1a: AAAAAAAAAAAAAAA|54\/100\n|move|p1a: AAAAAAAAAAAAAAA|Dragon Tail|p2a: Tinkaton\n|-damage|p2a: Tinkaton|37\/100\n|\n|-heal|p2a: Tinkaton|43\/100|[from] item: Leftovers\n|upkeep\n|turn|22\n|\n|t:|1681786853\n|move|p2a: Tinkaton|Knock Off|p1a: AAAAAAAAAAAAAAA\n|-damage|p1a: AAAAAAAAAAAAAAA|42\/100\n|move|p1a: AAAAAAAAAAAAAAA|Dragon Tail|p2a: Tinkaton\n|-damage|p2a: Tinkaton|30\/100\n|\n|-heal|p2a: Tinkaton|36\/100|[from] item: Leftovers\n|upkeep\n|turn|23\n|\n|t:|1681786863\n|move|p2a: Tinkaton|Protect|p2a: Tinkaton\n|-singleturn|p2a: Tinkaton|Protect\n|move|p1a: AAAAAAAAAAAAAAA|Moonlight|p1a: AAAAAAAAAAAAAAA\n|-heal|p1a: AAAAAAAAAAAAAAA|92\/100\n|\n|-heal|p2a: Tinkaton|43\/100|[from] item: Leftovers\n|upkeep\n|turn|24\n|\n|t:|1681786874\n|move|p2a: Tinkaton|Knock Off|p1a: AAAAAAAAAAAAAAA\n|-damage|p1a: AAAAAAAAAAAAAAA|80\/100\n|move|p1a: AAAAAAAAAAAAAAA|Dragon Tail|p2a: Tinkaton\n|-damage|p2a: Tinkaton|30\/100\n|\n|-heal|p2a: Tinkaton|36\/100|[from] item: Leftovers\n|upkeep\n|turn|25\n|\n|t:|1681786885\n|move|p2a: Tinkaton|Protect|p2a: Tinkaton\n|-singleturn|p2a: Tinkaton|Protect\n|move|p1a: AAAAAAAAAAAAAAA|Dragon Tail|p2a: Tinkaton\n|-activate|p2a: Tinkaton|move: Protect\n|\n|-heal|p2a: Tinkaton|42\/100|[from] item: Leftovers\n|upkeep\n|turn|26\n|\n|t:|1681786895\n|move|p2a: Tinkaton|Knock Off|p1a: AAAAAAAAAAAAAAA\n|-crit|p1a: AAAAAAAAAAAAAAA\n|-damage|p1a: AAAAAAAAAAAAAAA|61\/100\n|move|p1a: AAAAAAAAAAAAAAA|Dragon Tail|p2a: Tinkaton\n|-damage|p2a: Tinkaton|28\/100\n|\n|-heal|p2a: Tinkaton|34\/100|[from] item: Leftovers\n|upkeep\n|turn|27\n|\n|t:|1681786905\n|move|p2a: Tinkaton|Protect|p2a: Tinkaton\n|-singleturn|p2a: Tinkaton|Protect\n|move|p1a: AAAAAAAAAAAAAAA|Dragon Tail|p2a: Tinkaton\n|-activate|p2a: Tinkaton|move: Protect\n|\n|-heal|p2a: Tinkaton|41\/100|[from] item: Leftovers\n|upkeep\n|turn|28\n|\n|t:|1681786916\n|move|p2a: Tinkaton|Knock Off|p1a: AAAAAAAAAAAAAAA\n|-damage|p1a: AAAAAAAAAAAAAAA|47\/100\n|move|p1a: AAAAAAAAAAAAAAA|Dragon Tail|p2a: Tinkaton\n|-damage|p2a: Tinkaton|26\/100\n|\n|-heal|p2a: Tinkaton|32\/100|[from] item: Leftovers\n|upkeep\n|turn|29\n|\n|t:|1681786928\n|move|p2a: Tinkaton|Protect|p2a: Tinkaton\n|-singleturn|p2a: Tinkaton|Protect\n|move|p1a: AAAAAAAAAAAAAAA|Moonlight|p1a: AAAAAAAAAAAAAAA\n|-heal|p1a: AAAAAAAAAAAAAAA|97\/100\n|\n|-heal|p2a: Tinkaton|39\/100|[from] item: Leftovers\n|upkeep\n|turn|30\n|\n|t:|1681786942\n|move|p2a: Tinkaton|Knock Off|p1a: AAAAAAAAAAAAAAA\n|-damage|p1a: AAAAAAAAAAAAAAA|84\/100\n|move|p1a: AAAAAAAAAAAAAAA|Dragon Tail|p2a: Tinkaton\n|-damage|p2a: Tinkaton|23\/100\n|\n|-heal|p2a: Tinkaton|29\/100|[from] item: Leftovers\n|upkeep\n|turn|31\n|inactive|SirMrMan69 has 30 seconds left.\n|\n|t:|1681786954\n|move|p2a: Tinkaton|Protect|p2a: Tinkaton\n|-singleturn|p2a: Tinkaton|Protect\n|move|p1a: AAAAAAAAAAAAAAA|Dragon Tail|p2a: Tinkaton\n|-activate|p2a: Tinkaton|move: Protect\n|\n|-heal|p2a: Tinkaton|35\/100|[from] item: Leftovers\n|upkeep\n|turn|32\n|inactive|SirMrMan69 has 25 seconds left this turn.\n|inactive|SirMrMan69 has 20 seconds left.\n|\n|t:|1681786964\n|move|p2a: Tinkaton|Knock Off|p1a: AAAAAAAAAAAAAAA\n|-damage|p1a: AAAAAAAAAAAAAAA|71\/100\n|move|p1a: AAAAAAAAAAAAAAA|Dragon Tail|p2a: Tinkaton\n|-damage|p2a: Tinkaton|21\/100\n|\n|-heal|p2a: Tinkaton|27\/100|[from] item: Leftovers\n|upkeep\n|turn|33\n|inactive|SirMrMan69 has 20 seconds left this turn.\n|inactive|SirMrMan69 has 15 seconds left.\n|c|\u2606SirMrMan69|And you win\n|inactive|SirMrMan69 has 10 seconds left.\n|c|\u2606SirMrMan69|Gga\n|inactive|SirMrMan69 has 5 seconds left.\n|-message|SirMrMan69 lost due to inactivity.\n|\n|win|fo50\n|raw|SirMrMan69's rating: 1086 → 1061<\/strong> (-25 for losing)\n|raw|fo50's rating: 1059 → 1093<\/strong> (+34 for winning)\n|l|\u2606SirMrMan69\n|c|\u2606fo50|Ggs\n","uploadtime":1681787002,"views":6,"p1id":"sirmrman69","p2id":"fo50","formatid":"gen9vgc2023regulationc","rating":1061,"private":0,"password":""}