{"id":"gen9vgc2023regulationc-1862815335","p1":"Isaacmax2","p2":"anshar_training","format":"[Gen 9] VGC 2023 Regulation C","log":"|j|\u2606Isaacmax2\n|j|\u2606anshar_training\n|t:|1683925011\n|gametype|doubles\n|player|p1|Isaacmax2|steven|1152\n|player|p2|anshar_training|colress|1044\n|teamsize|p1|6\n|teamsize|p2|6\n|gen|9\n|tier|[Gen 9] VGC 2023 Regulation C\n|rated|\n|rule|Species Clause: Limit one of each Pok\u00e9mon\n|rule|Item Clause: Limit one of each item\n|clearpoke\n|poke|p1|Flutter Mane, L50|\n|poke|p1|Torkoal, L50, F|\n|poke|p1|Jumpluff, L50, M|\n|poke|p1|Great Tusk, L50|\n|poke|p1|Kingambit, L50, F|\n|poke|p1|Arcanine, L50, M|\n|poke|p2|Palafin, L50, M|\n|poke|p2|Flutter Mane, L50|\n|poke|p2|Arcanine, L50, F|\n|poke|p2|Amoonguss, L50, M|\n|poke|p2|Ting-Lu, L50|\n|poke|p2|Roaring Moon, L50|\n|teampreview|4\n|inactive|Battle timer is ON: inactive players will automatically lose when time's up. (requested by anshar_training)\n|\n|t:|1683925051\n|start\n|switch|p1a: Torkoal|Torkoal, L50, F|100\/100\n|switch|p1b: Flutter Mane|Flutter Mane, L50, shiny|100\/100\n|switch|p2a: Cornelia|Flutter Mane, L50|100\/100\n|switch|p2b: Susy|Amoonguss, L50, M|100\/100\n|-weather|SunnyDay|[from] ability: Drought|[of] p1a: Torkoal\n|-activate|p2a: Cornelia|ability: Protosynthesis\n|-start|p2a: Cornelia|protosynthesisspe\n|-activate|p1b: Flutter Mane|ability: Protosynthesis\n|-start|p1b: Flutter Mane|protosynthesisspa\n|turn|1\n|inactive|anshar_training has 30 seconds left.\n|inactive|Isaacmax2 has 30 seconds left.\n|\n|t:|1683925083\n|-end|p1b: Flutter Mane|Protosynthesis|[silent]\n|switch|p1b: Great Tusk|Great Tusk, L50|100\/100\n|-activate|p1b: Great Tusk|ability: Protosynthesis\n|-start|p1b: Great Tusk|protosynthesisatk\n|move|p1a: Torkoal|Protect|p1a: Torkoal\n|-singleturn|p1a: Torkoal|Protect\n|move|p2a: Cornelia|Shadow Ball|p1b: Great Tusk\n|-damage|p1b: Great Tusk|12\/100\n|move|p2b: Susy|Spore|p1a: Torkoal\n|-activate|p1a: Torkoal|move: Protect\n|\n|-weather|SunnyDay|[upkeep]\n|upkeep\n|turn|2\n|inactive|Isaacmax2 has 30 seconds left.\n|\n|t:|1683925109\n|switch|p1a: Arcanine|Arcanine, L50, M|100\/100\n|-ability|p1a: Arcanine|Intimidate|boost\n|-unboost|p2a: Cornelia|atk|1\n|-unboost|p2b: Susy|atk|1\n|move|p2b: Susy|Rage Powder|p2b: Susy\n|-singleturn|p2b: Susy|move: Rage Powder\n|move|p2a: Cornelia|Shadow Ball|p1b: Great Tusk\n|-damage|p1b: Great Tusk|0 fnt\n|faint|p1b: Great Tusk\n|-end|p1b: Great Tusk|Protosynthesis|[silent]\n|\n|-weather|SunnyDay|[upkeep]\n|upkeep\n|\n|t:|1683925114\n|switch|p1b: Flutter Mane|Flutter Mane, L50, shiny|100\/100\n|-activate|p1b: Flutter Mane|ability: Protosynthesis\n|-start|p1b: Flutter Mane|protosynthesisspa\n|turn|3\n|\n|t:|1683925131\n|switch|p2b: PlusUltra|Palafin, L50, M|100\/100\n|-terastallize|p1b: Flutter Mane|Fairy\n|move|p2a: Cornelia|Shadow Ball|p1b: Flutter Mane\n|-damage|p1b: Flutter Mane|40\/100\n|move|p1b: Flutter Mane|Dazzling Gleam|p2b: PlusUltra|[spread] p2a,p2b\n|-damage|p2a: Cornelia|29\/100\n|-damage|p2b: PlusUltra|0 fnt\n|faint|p2b: PlusUltra\n|move|p1a: Arcanine|Flare Blitz|p2a: Cornelia\n|-damage|p2a: Cornelia|0 fnt\n|faint|p2a: Cornelia\n|-end|p2a: Cornelia|Protosynthesis|[silent]\n|-damage|p1a: Arcanine|93\/100|[from] Recoil\n|\n|-weather|SunnyDay|[upkeep]\n|upkeep\n|\n|t:|1683925148\n|switch|p2a: Apolo|Arcanine, L50, F|100\/100\n|switch|p2b: Susy|Amoonguss, L50, M|100\/100\n|-ability|p2a: Apolo|Intimidate|boost\n|-unboost|p1a: Arcanine|atk|1\n|-unboost|p1b: Flutter Mane|atk|1\n|turn|4\n|\n|t:|1683925173\n|-end|p1b: Flutter Mane|Protosynthesis|[silent]\n|switch|p1b: Torkoal|Torkoal, L50, F|100\/100\n|-terastallize|p2a: Apolo|Grass\n|move|p1a: Arcanine|Flare Blitz|p2b: Susy\n|-supereffective|p2b: Susy\n|-damage|p2b: Susy|24\/100\n|-enditem|p2b: Susy|Sitrus Berry|[eat]\n|-heal|p2b: Susy|48\/100|[from] item: Sitrus Berry\n|-damage|p1a: Arcanine|65\/100|[from] Recoil\n|move|p2a: Apolo|Flare Blitz|p1b: Torkoal\n|-resisted|p1b: Torkoal\n|-damage|p1b: Torkoal|74\/100\n|-damage|p2a: Apolo|93\/100|[from] Recoil\n|move|p2b: Susy|Spore|p1b: Torkoal\n|-status|p1b: Torkoal|slp|[from] move: Spore\n|\n|-weather|SunnyDay|[upkeep]\n|upkeep\n|turn|5\n|\n|t:|1683925196\n|cant|p1b: Torkoal|slp\n|move|p2b: Susy|Protect|p2b: Susy\n|-singleturn|p2b: Susy|Protect\n|move|p1a: Arcanine|Flare Blitz|p2b: Susy\n|-activate|p2b: Susy|move: Protect\n|move|p2a: Apolo|Will-O-Wisp|p1a: Arcanine\n|-immune|p1a: Arcanine\n|\n|-weather|none\n|upkeep\n|turn|6\n|\n|t:|1683925218\n|move|p2b: Susy|Protect||[still]\n|-fail|p2b: Susy\n|move|p2a: Apolo|Extreme Speed|p1a: Arcanine\n|-damage|p1a: Arcanine|40\/100\n|move|p1a: Arcanine|Flare Blitz|p2b: Susy\n|-supereffective|p2b: Susy\n|-damage|p2b: Susy|0 fnt\n|faint|p2b: Susy\n|-damage|p1a: Arcanine|23\/100|[from] Recoil\n|-curestatus|p1b: Torkoal|slp|[msg]\n|move|p1b: Torkoal|Overheat|p2a: Apolo\n|-supereffective|p2a: Apolo\n|-damage|p2a: Apolo|0 fnt\n|-unboost|p1b: Torkoal|spa|2\n|-enditem|p1b: Torkoal|Eject Pack\n|faint|p2a: Apolo\n|\n|win|Isaacmax2\n|raw|Isaacmax2's rating: 1152 → 1169<\/strong> (+17 for winning)\n|raw|anshar_training's rating: 1044 → 1032<\/strong> (-12 for losing)\n|l|\u2606Isaacmax2\n","uploadtime":1683925235,"views":12,"p1id":"isaacmax2","p2id":"anshartraining","formatid":"gen9vgc2023regulationc","rating":1032,"private":0,"password":""}