{"id":"gen9vgc2023regulationc-1859129007","p1":"TGH_sr","p2":"MarcoPiero","format":"[Gen 9] VGC 2023 Regulation C","log":"|j|\u2606TGH_sr\n|j|\u2606MarcoPiero\n|t:|1683407927\n|gametype|doubles\n|player|p1|TGH_sr|steven|1303\n|player|p2|MarcoPiero|dancer|1275\n|teamsize|p1|6\n|teamsize|p2|6\n|gen|9\n|tier|[Gen 9] VGC 2023 Regulation C\n|rated|\n|rule|Species Clause: Limit one of each Pok\u00e9mon\n|rule|Item Clause: Limit one of each item\n|clearpoke\n|poke|p1|Talonflame, L50, M|\n|poke|p1|Garchomp, L50, F|\n|poke|p1|Kingambit, L50, F|\n|poke|p1|Iron Bundle, L50|\n|poke|p1|Flutter Mane, L50|\n|poke|p1|Amoonguss, L50, F|\n|poke|p2|Arcanine, L50, M|\n|poke|p2|Chien-Pao, L50|\n|poke|p2|Dragapult, L50, F|\n|poke|p2|Flutter Mane, L50|\n|poke|p2|Amoonguss, L50, F|\n|poke|p2|Palafin, L50, F|\n|teampreview|4\n|inactive|Battle timer is ON: inactive players will automatically lose when time's up. (requested by MarcoPiero)\nTGH_sr has agreed to open team sheets.\n|inactive|TGH_sr has 60 seconds left.\n|inactive|MarcoPiero has 60 seconds left.\n|\n|t:|1683407974\n|start\n|switch|p1a: Talonflame|Talonflame, L50, M|100\/100\n|switch|p1b: Garchomp|Garchomp, L50, F|100\/100\n|switch|p2a: Palafin|Palafin, L50, F|100\/100\n|switch|p2b: Amoonguss|Amoonguss, L50, F|100\/100\n|turn|1\n|inactive|TGH_sr has 30 seconds left.\n|inactive|MarcoPiero has 30 seconds left.\n|\n|t:|1683408004\n|detailschange|p2a: Palafin|Palafin-Hero, L50, F\n|switch|p2a: Dragapult|Dragapult, L50, F|100\/100\n|move|p1a: Talonflame|Taunt|p2b: Amoonguss\n|-start|p2b: Amoonguss|move: Taunt\n|move|p1b: Garchomp|Earthquake|p2a: Dragapult|[spread] p2a,p2b\n|-immune|p1a: Talonflame\n|-damage|p2a: Dragapult|29\/100\n|-damage|p2b: Amoonguss|56\/100\n|-damage|p1b: Garchomp|91\/100|[from] item: Life Orb\n|cant|p2b: Amoonguss|move: Taunt|Spore\n|\n|upkeep\n|turn|2\n|inactive|TGH_sr has 30 seconds left.\n|inactive|MarcoPiero has 30 seconds left.\n|\n|t:|1683408030\n|move|p1a: Talonflame|Tailwind|p1a: Talonflame\n|-sidestart|p1: TGH_sr|move: Tailwind\n|move|p1b: Garchomp|Earthquake|p2b: Amoonguss|[spread] p2a,p2b\n|-immune|p1a: Talonflame\n|-damage|p2a: Dragapult|0 fnt\n|-damage|p2b: Amoonguss|15\/100\n|-enditem|p2b: Amoonguss|Sitrus Berry|[eat]\n|-heal|p2b: Amoonguss|40\/100|[from] item: Sitrus Berry\n|faint|p2a: Dragapult\n|-damage|p1b: Garchomp|81\/100|[from] item: Life Orb\n|move|p2b: Amoonguss|Pollen Puff|p2: Dragapult|[notarget]\n|-fail|p2b: Amoonguss\n|\n|upkeep\n|\n|t:|1683408038\n|switch|p2a: Palafin|Palafin-Hero, L50, F|100\/100\n|-activate|p2a: Palafin|ability: Zero to Hero\n|turn|3\n|\n|t:|1683408060\n|-terastallize|p1a: Talonflame|Ghost\n|-terastallize|p2a: Palafin|Water\n|move|p2a: Palafin|Jet Punch|p1a: Talonflame\n|-damage|p1a: Talonflame|16\/100\n|-damage|p2a: Palafin|84\/100|[from] item: Rocky Helmet|[of] p1a: Talonflame\n|move|p1a: Talonflame|Will-O-Wisp|p2a: Palafin|[miss]\n|-miss|p1a: Talonflame|p2a: Palafin\n|move|p1b: Garchomp|Earthquake|p2b: Amoonguss|[spread] p1a,p2a,p2b\n|-damage|p1a: Talonflame|0 fnt\n|-damage|p2a: Palafin|33\/100\n|-damage|p2b: Amoonguss|0 fnt\n|faint|p1a: Talonflame\n|faint|p2b: Amoonguss\n|-damage|p1b: Garchomp|72\/100|[from] item: Life Orb\n|\n|upkeep\n|\n|t:|1683408078\n|switch|p1a: Flutter Mane|Flutter Mane, L50|100\/100\n|switch|p2b: Chien-Pao|Chien-Pao, L50|100\/100\n|-ability|p2b: Chien-Pao|Sword of Ruin\n|turn|4\n|inactive|TGH_sr has 30 seconds left.\n|\n|t:|1683408105\n|move|p1b: Garchomp|Protect|p1b: Garchomp\n|-singleturn|p1b: Garchomp|Protect\n|move|p2b: Chien-Pao|Sucker Punch|p1a: Flutter Mane\n|-damage|p1a: Flutter Mane|20\/100\n|move|p2a: Palafin|Jet Punch|p1a: Flutter Mane\n|-damage|p1a: Flutter Mane|0 fnt\n|faint|p1a: Flutter Mane\n|-end|p1a: Flutter Mane|Protosynthesis|[silent]\n|\n|upkeep\n|\n|t:|1683408113\n|switch|p1a: Kingambit|Kingambit, L50, F|100\/100\n|turn|5\n|inactive|TGH_sr has 30 seconds left.\n|inactive|MarcoPiero has 30 seconds left.\n|inactive|TGH_sr has 20 seconds left.\n|inactive|MarcoPiero has 20 seconds left.\n|inactive|TGH_sr has 15 seconds left.\n|\n|t:|1683408154\n|move|p1b: Garchomp|Iron Head|p2b: Chien-Pao\n|-supereffective|p2b: Chien-Pao\n|-enditem|p2b: Chien-Pao|Focus Sash\n|-damage|p2b: Chien-Pao|1\/100\n|-damage|p1b: Garchomp|62\/100|[from] item: Life Orb\n|move|p2b: Chien-Pao|Ice Spinner|p1b: Garchomp\n|-supereffective|p1b: Garchomp\n|-damage|p1b: Garchomp|0 fnt\n|-damage|p2b: Chien-Pao|0 fnt|[from] ability: Rough Skin|[of] p1b: Garchomp\n|faint|p1b: Garchomp\n|faint|p2b: Chien-Pao\n|move|p1a: Kingambit|Kowtow Cleave|p2a: Palafin\n|-damage|p2a: Palafin|0 fnt\n|faint|p2a: Palafin\n|\n|win|TGH_sr\n|raw|TGH_sr's rating: 1303 → 1321<\/strong> (+18 for winning)\n|raw|MarcoPiero's rating: 1275 → 1252<\/strong> (-23 for losing)\n|l|\u2606MarcoPiero\n","uploadtime":1683408170,"views":12,"p1id":"tghsr","p2id":"marcopiero","formatid":"gen9vgc2023regulationc","rating":1252,"private":0,"password":""}