{"id":"gen9vgc2023regulationc-1852179574","p1":"Lugo03","p2":"TiaSkywalker","format":"[Gen 9] VGC 2023 Regulation C","log":"|j|\u2606Lugo03\n|j|\u2606TiaSkywalker\n|t:|1682530689\n|gametype|doubles\n|player|p1|Lugo03|170|1167\n|player|p2|TiaSkywalker|palmer|1167\n|teamsize|p1|6\n|teamsize|p2|6\n|gen|9\n|tier|[Gen 9] VGC 2023 Regulation C\n|rated|\n|rule|Species Clause: Limit one of each Pok\u00e9mon\n|rule|Item Clause: Limit one of each item\n|clearpoke\n|poke|p1|Talonflame, L50, M|\n|poke|p1|Garchomp, L50, F|\n|poke|p1|Flutter Mane, L50|\n|poke|p1|Iron Bundle, L50|\n|poke|p1|Tyranitar, L50, M|\n|poke|p1|Chien-Pao, L50|\n|poke|p2|Palafin, L50, M|\n|poke|p2|Flutter Mane, L50|\n|poke|p2|Arcanine, L50, M|\n|poke|p2|Amoonguss, L50, M|\n|poke|p2|Kingambit, L50, M|\n|poke|p2|Baxcalibur, L50, M|\n|teampreview|4\nTiaSkywalker has agreed to open team sheets.\n|inactive|Battle timer is ON: inactive players will automatically lose when time's up. (requested by Lugo03)\n|\n|t:|1682530734\n|start\n|switch|p1a: Iron Bundle|Iron Bundle, L50|100\/100\n|switch|p1b: Garchomp|Garchomp, L50, F|100\/100\n|switch|p2a: Arcanine|Arcanine, L50, M, shiny|100\/100\n|switch|p2b: Flutter Mane|Flutter Mane, L50, shiny|100\/100\n|-ability|p2a: Arcanine|Intimidate|boost\n|-unboost|p1a: Iron Bundle|atk|1\n|-fail|p1b: Garchomp|unboost|[from] item: Clear Amulet|[of] p1b: Garchomp\n|-enditem|p1a: Iron Bundle|Booster Energy\n|-activate|p1a: Iron Bundle|ability: Quark Drive|[fromitem]\n|-start|p1a: Iron Bundle|quarkdrivespe\n|turn|1\n|inactive|TiaSkywalker has 30 seconds left.\n|inactive|TiaSkywalker has 20 seconds left.\n|inactive|TiaSkywalker has 15 seconds left.\n|\n|t:|1682530774\n|switch|p2a: Kingambit|Kingambit, L50, M, shiny|100\/100\n|-terastallize|p1b: Garchomp|Steel\n|move|p1a: Iron Bundle|Protect|p1a: Iron Bundle\n|-singleturn|p1a: Iron Bundle|Protect\n|move|p2b: Flutter Mane|Moonblast|p1b: Garchomp\n|-resisted|p1b: Garchomp\n|-damage|p1b: Garchomp|75\/100\n|move|p1b: Garchomp|Earthquake|p2b: Flutter Mane|[spread] p2a,p2b\n|-activate|p1a: Iron Bundle|move: Protect\n|-supereffective|p2a: Kingambit\n|-damage|p2a: Kingambit|38\/100\n|-damage|p2b: Flutter Mane|5\/100\n|\n|upkeep\n|turn|2\n|inactive|Lugo03 has 30 seconds left.\n|inactive|TiaSkywalker has 30 seconds left.\n|\n|t:|1682530807\n|-terastallize|p2a: Kingambit|Flying\n|move|p2a: Kingambit|Sucker Punch|p1a: Iron Bundle\n|-damage|p1a: Iron Bundle|53\/100\n|move|p1a: Iron Bundle|Icy Wind|p2a: Kingambit|[spread] p2a,p2b\n|-supereffective|p2a: Kingambit\n|-damage|p2a: Kingambit|3\/100\n|-damage|p2b: Flutter Mane|0 fnt\n|-unboost|p2a: Kingambit|spe|1\n|-ability|p2a: Kingambit|Defiant|boost\n|-boost|p2a: Kingambit|atk|2\n|faint|p2b: Flutter Mane\n|-end|p2b: Flutter Mane|Protosynthesis|[silent]\n|move|p1b: Garchomp|Stomping Tantrum|p2a: Kingambit\n|-immune|p2a: Kingambit\n|\n|upkeep\n|\n|t:|1682530821\n|switch|p2b: Palafin|Palafin, L50, M, shiny|100\/100\n|turn|3\n|\n|t:|1682530839\n|detailschange|p2b: Palafin|Palafin-Hero, L50, M, shiny\n|switch|p2b: Arcanine|Arcanine, L50, M, shiny|100\/100\n|-ability|p2b: Arcanine|Intimidate|boost\n|-unboost|p1a: Iron Bundle|atk|1\n|-fail|p1b: Garchomp|unboost|[from] item: Clear Amulet|[of] p1b: Garchomp\n|move|p1a: Iron Bundle|Protect|p1a: Iron Bundle\n|-singleturn|p1a: Iron Bundle|Protect\n|move|p2a: Kingambit|Sucker Punch|p1b: Garchomp\n|-damage|p1b: Garchomp|5\/100\n|move|p1b: Garchomp|Dragon Claw|p2a: Kingambit\n|-damage|p2a: Kingambit|0 fnt\n|faint|p2a: Kingambit\n|\n|upkeep\n|\n|t:|1682530852\n|switch|p2a: Palafin|Palafin-Hero, L50, M, shiny|100\/100\n|-activate|p2a: Palafin|ability: Zero to Hero\n|turn|4\n|\n|t:|1682530877\n|move|p1b: Garchomp|Protect|p1b: Garchomp\n|-singleturn|p1b: Garchomp|Protect\n|move|p2b: Arcanine|Extreme Speed|p1b: Garchomp\n|-activate|p1b: Garchomp|move: Protect\n|move|p2a: Palafin|Jet Punch|p1a: Iron Bundle\n|-resisted|p1a: Iron Bundle\n|-damage|p1a: Iron Bundle|22\/100\n|move|p1a: Iron Bundle|Freeze-Dry|p2a: Palafin\n|-supereffective|p2a: Palafin\n|-damage|p2a: Palafin|34\/100\n|\n|upkeep\n|turn|5\n|\n|t:|1682530893\n|move|p1a: Iron Bundle|Protect|p1a: Iron Bundle\n|-singleturn|p1a: Iron Bundle|Protect\n|move|p2b: Arcanine|Extreme Speed|p1b: Garchomp\n|-resisted|p1b: Garchomp\n|-damage|p1b: Garchomp|0 fnt\n|faint|p1b: Garchomp\n|move|p2a: Palafin|Jet Punch|p1a: Iron Bundle\n|-activate|p1a: Iron Bundle|move: Protect\n|\n|upkeep\n|\n|t:|1682530901\n|switch|p1b: Flutter Mane|Flutter Mane, L50|100\/100\n|turn|6\n|\n|t:|1682530918\n|move|p2b: Arcanine|Extreme Speed|p1a: Iron Bundle\n|-damage|p1a: Iron Bundle|0 fnt\n|faint|p1a: Iron Bundle\n|-end|p1a: Iron Bundle|Quark Drive|[silent]\n|move|p2a: Palafin|Jet Punch|p1b: Flutter Mane\n|-damage|p1b: Flutter Mane|0 fnt\n|faint|p1b: Flutter Mane\n|-end|p1b: Flutter Mane|Protosynthesis|[silent]\n|\n|upkeep\n|inactive|Lugo03 has 30 seconds left.\n|inactive|Lugo03 has 20 seconds left.\n|inactive|Lugo03 has 15 seconds left.\n|inactive|Lugo03 has 10 seconds left.\n|inactive|Lugo03 has 5 seconds left.\n|\n|t:|1682530973\n|switch|p1b: Chien-Pao|Chien-Pao, L50|100\/100\n|-ability|p1b: Chien-Pao|Sword of Ruin\n|turn|7\n|\n|t:|1682530988\n|move|p1b: Chien-Pao|Sucker Punch|p2a: Palafin\n|-damage|p2a: Palafin|0 fnt\n|faint|p2a: Palafin\n|move|p2b: Arcanine|Flare Blitz|p1b: Chien-Pao\n|-supereffective|p1b: Chien-Pao\n|-enditem|p1b: Chien-Pao|Focus Sash\n|-damage|p1b: Chien-Pao|1\/100\n|-damage|p2b: Arcanine|75\/100|[from] Recoil\n|\n|upkeep\n|turn|8\n|\n|t:|1682531004\n|move|p1b: Chien-Pao|Protect|p1b: Chien-Pao\n|-singleturn|p1b: Chien-Pao|Protect\n|move|p2b: Arcanine|Extreme Speed|p1b: Chien-Pao\n|-activate|p1b: Chien-Pao|move: Protect\n|\n|upkeep\n|turn|9\n|\n|t:|1682531011\n|move|p2b: Arcanine|Extreme Speed|p1b: Chien-Pao\n|-damage|p1b: Chien-Pao|0 fnt\n|faint|p1b: Chien-Pao\n|\n|win|TiaSkywalker\n|raw|Lugo03's rating: 1167 → 1142<\/strong> (-25 for losing)\n|raw|TiaSkywalker's rating: 1167 → 1192<\/strong> (+25 for winning)\n|l|\u2606Lugo03\n","uploadtime":1682531017,"views":12,"p1id":"lugo03","p2id":"tiaskywalker","formatid":"gen9vgc2023regulationc","rating":1142,"private":0,"password":""}