{"id":"gen9vgc2023regulationc-1862849054","p1":"Arcacagne","p2":"codyhat","format":"[Gen 9] VGC 2023 Regulation C","log":"|j|\u2606Arcacagne\n|j|\u2606codyhat\n|t:|1683928970\n|gametype|doubles\n|player|p1|Arcacagne|169|1208\n|player|p2|codyhat|volkner|1145\n|teamsize|p1|6\n|teamsize|p2|6\n|gen|9\n|tier|[Gen 9] VGC 2023 Regulation C\n|rated|\n|rule|Species Clause: Limit one of each Pok\u00e9mon\n|rule|Item Clause: Limit one of each item\n|clearpoke\n|poke|p1|Chi-Yu, L50|\n|poke|p1|Flutter Mane, L50|\n|poke|p1|Amoonguss, L50, M|\n|poke|p1|Ting-Lu, L50|\n|poke|p1|Iron Hands, L50|\n|poke|p1|Gyarados, L50, F|\n|poke|p2|Abomasnow, L50, F|\n|poke|p2|Cetitan, L50, F|\n|poke|p2|Iron Bundle, L50|\n|poke|p2|Arcanine, L50, F|\n|poke|p2|Chi-Yu, L50|\n|poke|p2|Flutter Mane, L50|\n|teampreview|4\n|\n|t:|1683929021\n|start\n|switch|p1a: Amoonguss|Amoonguss, L50, M|100\/100\n|switch|p1b: Iron Hands|Iron Hands, L50|100\/100\n|switch|p2a: Chi-Yu|Chi-Yu, L50|100\/100\n|switch|p2b: Flutter Mane|Flutter Mane, L50|100\/100\n|-ability|p2a: Chi-Yu|Beads of Ruin\n|turn|1\n|\n|t:|1683929068\n|switch|p1a: Ting-Lu|Ting-Lu, L50|100\/100\n|-ability|p1a: Ting-Lu|Vessel of Ruin\n|-terastallize|p2a: Chi-Yu|Ghost\n|move|p2b: Flutter Mane|Protect|p2b: Flutter Mane\n|-singleturn|p2b: Flutter Mane|Protect\n|move|p1b: Iron Hands|Fake Out|p2a: Chi-Yu\n|-immune|p2a: Chi-Yu\n|move|p2a: Chi-Yu|Will-O-Wisp|p1b: Iron Hands\n|-status|p1b: Iron Hands|brn\n|-enditem|p1b: Iron Hands|Lum Berry|[eat]\n|-curestatus|p1b: Iron Hands|brn|[msg]\n|\n|upkeep\n|turn|2\n|\n|t:|1683929093\n|-end|p1b: Iron Hands|Quark Drive|[silent]\n|switch|p1b: Gyarados|Gyarados, L50, F|100\/100\n|-ability|p1b: Gyarados|Intimidate|boost\n|-unboost|p2a: Chi-Yu|atk|1\n|-unboost|p2b: Flutter Mane|atk|1\n|-terastallize|p1a: Ting-Lu|Poison\n|move|p2a: Chi-Yu|Will-O-Wisp|p1a: Ting-Lu\n|-status|p1a: Ting-Lu|brn\n|move|p2b: Flutter Mane|Dazzling Gleam|p1b: Gyarados|[spread] p1a,p1b\n|-resisted|p1a: Ting-Lu\n|-damage|p1a: Ting-Lu|84\/100 brn\n|-damage|p1b: Gyarados|70\/100\n|-damage|p2b: Flutter Mane|90\/100|[from] item: Life Orb\n|move|p1a: Ting-Lu|Earthquake|p2a: Chi-Yu|[spread] p2a,p2b\n|-immune|p1b: Gyarados\n|-damage|p2a: Chi-Yu|60\/100\n|-damage|p2b: Flutter Mane|40\/100\n|\n|-damage|p1a: Ting-Lu|78\/100 brn|[from] brn\n|upkeep\n|turn|3\n|\n|t:|1683929115\n|move|p1b: Gyarados|Protect|p1b: Gyarados\n|-singleturn|p1b: Gyarados|Protect\n|move|p2a: Chi-Yu|Will-O-Wisp|p1b: Gyarados\n|-activate|p1b: Gyarados|move: Protect\n|move|p2b: Flutter Mane|Shadow Ball|p1a: Ting-Lu\n|-damage|p1a: Ting-Lu|39\/100 brn\n|-damage|p2b: Flutter Mane|30\/100|[from] item: Life Orb\n|move|p1a: Ting-Lu|Earthquake|p2a: Chi-Yu|[spread] p2a,p2b\n|-activate|p1b: Gyarados|move: Protect\n|-damage|p2a: Chi-Yu|21\/100\n|-damage|p2b: Flutter Mane|0 fnt\n|faint|p2b: Flutter Mane\n|-end|p2b: Flutter Mane|Protosynthesis|[silent]\n|\n|-damage|p1a: Ting-Lu|33\/100 brn|[from] brn\n|upkeep\n|\n|t:|1683929130\n|switch|p2b: Iron Bundle|Iron Bundle, L50|100\/100\n|-enditem|p2b: Iron Bundle|Booster Energy\n|-activate|p2b: Iron Bundle|ability: Quark Drive|[fromitem]\n|-start|p2b: Iron Bundle|quarkdrivespe\n|turn|4\n|\n|t:|1683929151\n|move|p2b: Iron Bundle|Protect|p2b: Iron Bundle\n|-singleturn|p2b: Iron Bundle|Protect\n|move|p2a: Chi-Yu|Will-O-Wisp|p1b: Gyarados\n|-status|p1b: Gyarados|brn\n|move|p1b: Gyarados|Thunder Wave|p2b: Iron Bundle\n|-activate|p2b: Iron Bundle|move: Protect\n|move|p1a: Ting-Lu|Earthquake|p2a: Chi-Yu|[spread] p2a\n|-activate|p2b: Iron Bundle|move: Protect\n|-immune|p1b: Gyarados\n|-damage|p2a: Chi-Yu|0 fnt\n|faint|p2a: Chi-Yu\n|\n|-damage|p1b: Gyarados|64\/100 brn|[from] brn\n|-damage|p1a: Ting-Lu|27\/100 brn|[from] brn\n|upkeep\n|\n|t:|1683929166\n|switch|p2a: Abomasnow|Abomasnow, L50, F|100\/100\n|-weather|Snow|[from] ability: Snow Warning|[of] p2a: Abomasnow\n|turn|5\n|\n|t:|1683929185\n|move|p2b: Iron Bundle|Freeze-Dry|p1b: Gyarados\n|-supereffective|p1b: Gyarados\n|-damage|p1b: Gyarados|0 fnt\n|faint|p1b: Gyarados\n|move|p2a: Abomasnow|Blizzard|p1a: Ting-Lu\n|-damage|p1a: Ting-Lu|5\/100 brn\n|move|p1a: Ting-Lu|Earthquake|p2b: Iron Bundle|[spread] p2a,p2b\n|-resisted|p2a: Abomasnow\n|-damage|p2a: Abomasnow|91\/100\n|-damage|p2b: Iron Bundle|80\/100\n|\n|-weather|Snow|[upkeep]\n|-damage|p1a: Ting-Lu|0 fnt|[from] brn\n|faint|p1a: Ting-Lu\n|upkeep\n|\n|t:|1683929197\n|switch|p1b: Iron Hands|Iron Hands, L50|100\/100\n|switch|p1a: Amoonguss|Amoonguss, L50, M|100\/100\n|turn|6\n|\n|t:|1683929222\n|move|p2b: Iron Bundle|Protect|p2b: Iron Bundle\n|-singleturn|p2b: Iron Bundle|Protect\n|move|p2a: Abomasnow|Protect|p2a: Abomasnow\n|-singleturn|p2a: Abomasnow|Protect\n|move|p1b: Iron Hands|Swords Dance|p1b: Iron Hands\n|-boost|p1b: Iron Hands|atk|2\n|move|p1a: Amoonguss|Spore|p2b: Iron Bundle\n|-activate|p2b: Iron Bundle|move: Protect\n|\n|-weather|Snow|[upkeep]\n|upkeep\n|turn|7\n|\n|t:|1683929252\n|move|p2b: Iron Bundle|Blizzard|p1a: Amoonguss|[spread] p1a,p1b\n|-supereffective|p1a: Amoonguss\n|-damage|p1a: Amoonguss|27\/100\n|-damage|p1b: Iron Hands|71\/100\n|-enditem|p1a: Amoonguss|Sitrus Berry|[eat]\n|-heal|p1a: Amoonguss|52\/100|[from] item: Sitrus Berry\n|move|p2a: Abomasnow|Blizzard|p1a: Amoonguss|[spread] p1a,p1b\n|-supereffective|p1a: Amoonguss\n|-damage|p1a: Amoonguss|0 fnt\n|-damage|p1b: Iron Hands|52\/100\n|faint|p1a: Amoonguss\n|move|p1b: Iron Hands|Drain Punch|p2a: Abomasnow\n|-supereffective|p2a: Abomasnow\n|-damage|p2a: Abomasnow|0 fnt\n|-heal|p1b: Iron Hands|87\/100|[from] drain|[of] p2a: Abomasnow\n|faint|p2a: Abomasnow\n|\n|-weather|Snow|[upkeep]\n|upkeep\n|turn|8\n|\n|t:|1683929276\n|move|p2b: Iron Bundle|Blizzard|p1b: Iron Hands\n|-damage|p1b: Iron Hands|53\/100\n|move|p1b: Iron Hands|Drain Punch|p2b: Iron Bundle\n|-supereffective|p2b: Iron Bundle\n|-damage|p2b: Iron Bundle|0 fnt\n|-heal|p1b: Iron Hands|73\/100|[from] drain|[of] p2b: Iron Bundle\n|faint|p2b: Iron Bundle\n|-end|p2b: Iron Bundle|Quark Drive|[silent]\n|\n|win|Arcacagne\n|raw|Arcacagne's rating: 1208 → 1229<\/strong> (+21 for winning)\n|raw|codyhat's rating: 1145 → 1124<\/strong> (-21 for losing)\n","uploadtime":1683929289,"views":13,"p1id":"arcacagne","p2id":"codyhat","formatid":"gen9vgc2023regulationc","rating":1124,"private":0,"password":""}