{"id":"gen9vgc2023regulationc-1855187737","p1":"lordofthespice","p2":"Gfazzo","format":"[Gen 9] VGC 2023 Regulation C","log":"|j|\u2606lordofthespice\n|j|\u2606Gfazzo\n|t:|1682912379\n|gametype|doubles\n|player|p1|lordofthespice|170|\n|player|p2|Gfazzo|n-masters2|\n|teamsize|p1|6\n|teamsize|p2|6\n|gen|9\n|tier|[Gen 9] VGC 2023 Regulation C\n|rated|Tournament battle\n|rule|Species Clause: Limit one of each Pok\u00e9mon\n|rule|Item Clause: Limit one of each item\n|clearpoke\n|poke|p1|Flutter Mane, L50|\n|poke|p1|Iron Bundle, L50|\n|poke|p1|Kingambit, L50, F|\n|poke|p1|Arcanine, L50, M|\n|poke|p1|Dragonite, L50, F|\n|poke|p1|Tsareena, L50, F|\n|poke|p2|Gholdengo, L50|\n|poke|p2|Chi-Yu, L50|\n|poke|p2|Palafin, L50, F|\n|poke|p2|Amoonguss, L50, M|\n|poke|p2|Garchomp, L50, M|\n|poke|p2|Sylveon, L50, M|\n|teampreview|4\n|c|\u2606Gfazzo|hf\nGfazzo has agreed to open team sheets.\nlordofthespice has agreed to open team sheets.\n|j| TooStandard4u\n|l| TooStandard4u\n|\n|t:|1682912483\n|start\n|switch|p1a: Hot dog|Arcanine, L50, M|100\/100\n|switch|p1b: Eternal Nite|Dragonite, L50, F|100\/100\n|switch|p2a: Amoonguss|Amoonguss, L50, M|100\/100\n|switch|p2b: Palafin|Palafin, L50, F|100\/100\n|-ability|p1a: Hot dog|Intimidate|boost\n|-unboost|p2a: Amoonguss|atk|1\n|-unboost|p2b: Palafin|atk|1\n|turn|1\n|\n|t:|1682912506\n|detailschange|p2b: Palafin|Palafin-Hero, L50, F\n|switch|p2b: Chi-Yu|Chi-Yu, L50|100\/100\n|-ability|p2b: Chi-Yu|Beads of Ruin\n|-terastallize|p1b: Eternal Nite|Flying\n|-terastallize|p2a: Amoonguss|Water\n|move|p1a: Hot dog|Howl|p1a: Hot dog|[spread] p1a,p1b\n|-boost|p1a: Hot dog|atk|1\n|-boost|p1b: Eternal Nite|atk|1\n|move|p1b: Eternal Nite|Tera Blast|p2a: Amoonguss\n|-damage|p2a: Amoonguss|25\/100\n|-enditem|p2a: Amoonguss|Sitrus Berry|[eat]\n|-heal|p2a: Amoonguss|50\/100|[from] item: Sitrus Berry\n|move|p2a: Amoonguss|Spore|p1b: Eternal Nite\n|-status|p1b: Eternal Nite|slp|[from] move: Spore\n|\n|upkeep\n|turn|2\n|\n|t:|1682912530\n|switch|p2a: Palafin|Palafin-Hero, L50, F|100\/100\n|-activate|p2a: Palafin|ability: Zero to Hero\n|move|p1a: Hot dog|Extreme Speed|p2a: Palafin\n|-damage|p2a: Palafin|66\/100\n|move|p2b: Chi-Yu|Dark Pulse|p1b: Eternal Nite\n|-damage|p1b: Eternal Nite|65\/100 slp\n|cant|p1b: Eternal Nite|slp\n|\n|upkeep\n|turn|3\n|\n|t:|1682912559\n|move|p1a: Hot dog|Extreme Speed|p2a: Palafin\n|-damage|p2a: Palafin|32\/100\n|cant|p1b: Eternal Nite|slp\n|move|p2b: Chi-Yu|Dark Pulse|p1b: Eternal Nite\n|-damage|p1b: Eternal Nite|33\/100 slp\n|move|p2a: Palafin|Wave Crash|p1a: Hot dog\n|-supereffective|p1a: Hot dog\n|-damage|p1a: Hot dog|0 fnt\n|faint|p1a: Hot dog\n|-damage|p2a: Palafin|0 fnt|[from] Recoil\n|faint|p2a: Palafin\n|\n|upkeep\n|\n|t:|1682912574\n|switch|p2a: Gholdengo|Gholdengo, L50|100\/100\n|switch|p1a: The Bundler|Iron Bundle, L50, shiny|100\/100\n|-enditem|p1a: The Bundler|Booster Energy\n|-activate|p1a: The Bundler|ability: Quark Drive|[fromitem]\n|-start|p1a: The Bundler|quarkdrivespe\n|turn|4\n|\n|t:|1682912597\n|cant|p1b: Eternal Nite|slp\n|move|p1a: The Bundler|Hydro Pump|p2a: Gholdengo\n|-damage|p2a: Gholdengo|34\/100\n|move|p2b: Chi-Yu|Heat Wave|p1a: The Bundler|[spread] p1a,p1b\n|-damage|p1a: The Bundler|0 fnt\n|-damage|p1b: Eternal Nite|4\/100 slp\n|faint|p1a: The Bundler\n|-end|p1a: The Bundler|Quark Drive|[silent]\n|move|p2a: Gholdengo|Make It Rain|p1b: Eternal Nite\n|-damage|p1b: Eternal Nite|0 fnt\n|-unboost|p2a: Gholdengo|spa|1\n|faint|p1b: Eternal Nite\n|\n|-heal|p2a: Gholdengo|40\/100|[from] item: Leftovers\n|upkeep\n|\n|t:|1682912613\n|switch|p1b: Rasputeena|Tsareena, L50, F|100\/100\n|turn|5\n|c|\u2606Gfazzo|gg\n|j| Lori Ori\n|c|\u2606lordofthespice|3 turn sleep gg\n|c|\u2606Gfazzo|shroom op\n|-message|lordofthespice forfeited.\n|\n|win|Gfazzo\n|n|\u2606lordofthespice|lordofthespice\n|n|\u2606Gfazzo|gfazzo\n|n| Lori Ori|loriori\n","uploadtime":1682912650,"views":11,"p1id":"lordofthespice","p2id":"gfazzo","formatid":"gen9vgc2023regulationc","rating":0,"private":0,"password":""}