{"id":"gen9vgc2023regulationc-1848887008","p1":"rudyxkam","p2":"Gazamie","format":"[Gen 9] VGC 2023 Regulation C","log":"|j|\u2606rudyxkam\n|j|\u2606Gazamie\n|t:|1682122004\n|gametype|doubles\n|player|p1|rudyxkam|gardenia|1270\n|player|p2|Gazamie|unknownf|1355\n|teamsize|p1|6\n|teamsize|p2|6\n|gen|9\n|tier|[Gen 9] VGC 2023 Regulation C\n|rated|\n|rule|Species Clause: Limit one of each Pok\u00e9mon\n|rule|Item Clause: Limit one of each item\n|clearpoke\n|poke|p1|Grimmsnarl, L50, M|\n|poke|p1|Talonflame, L50, M|\n|poke|p1|Baxcalibur, L50, F|\n|poke|p1|Corviknight, L50, M|\n|poke|p1|Ting-Lu, L50|\n|poke|p1|Flutter Mane, L50|\n|poke|p2|Iron Bundle, L50|\n|poke|p2|Gholdengo, L50|\n|poke|p2|Tauros-Paldea-Aqua, L50, M|\n|poke|p2|Baxcalibur, L50, F|\n|poke|p2|Chi-Yu, L50|\n|poke|p2|Indeedee-F, L50, F|\n|teampreview|4\n|inactive|Battle timer is ON: inactive players will automatically lose when time's up. (requested by rudyxkam)\nrudyxkam has agreed to open team sheets.\n|c|\u2606rudyxkam|glhf!\n|inactive|rudyxkam has 60 seconds left.\n|inactive|Gazamie has 60 seconds left.\n|\n|t:|1682122044\n|start\n|switch|p1a: Sker|Ting-Lu, L50|100\/100\n|switch|p1b: Shobijin|Flutter Mane, L50, shiny|100\/100\n|switch|p2a: Tauros|Tauros-Paldea-Aqua, L50, M|100\/100\n|switch|p2b: Gholdengo|Gholdengo, L50|100\/100\n|-ability|p2a: Tauros|Intimidate|boost\n|-unboost|p1a: Sker|atk|1\n|-unboost|p1b: Shobijin|atk|1\n|-ability|p1a: Sker|Vessel of Ruin\n|turn|1\n|inactive|Gazamie has 30 seconds left.\n|\n|t:|1682122074\n|-terastallize|p1b: Shobijin|Steel\n|-terastallize|p2b: Gholdengo|Water\n|move|p2a: Tauros|Protect|p2a: Tauros\n|-singleturn|p2a: Tauros|Protect\n|move|p1b: Shobijin|Moonblast|p2a: Tauros\n|-activate|p2a: Tauros|move: Protect\n|move|p2b: Gholdengo|Shadow Ball|p1b: Shobijin\n|-damage|p1b: Shobijin|69\/100\n|-unboost|p1b: Shobijin|spd|1\n|move|p1a: Sker|Ruination|p2b: Gholdengo\n|-damage|p2b: Gholdengo|50\/100\n|\n|-heal|p2b: Gholdengo|57\/100|[from] item: Leftovers\n|upkeep\n|turn|2\n|inactive|Gazamie has 30 seconds left.\n|inactive|rudyxkam has 30 seconds left.\n|inactive|Gazamie has 20 seconds left.\n|inactive|rudyxkam has 20 seconds left.\n|inactive|rudyxkam has 15 seconds left.\n|\n|t:|1682122120\n|-end|p1b: Shobijin|Protosynthesis|[silent]\n|switch|p1b: King Caesar|Grimmsnarl, L50, M, shiny|100\/100\n|move|p2a: Tauros|Aqua Jet|p1b: King Caesar\n|-damage|p1b: King Caesar|80\/100\n|move|p2b: Gholdengo|Shadow Ball|p1b: King Caesar\n|-resisted|p1b: King Caesar\n|-damage|p1b: King Caesar|66\/100\n|move|p1a: Sker|Ruination|p2a: Tauros\n|-damage|p2a: Tauros|51\/100\n|\n|-heal|p2b: Gholdengo|63\/100|[from] item: Leftovers\n|upkeep\n|turn|3\n|inactive|rudyxkam has 30 seconds left.\n|inactive|Gazamie has 30 seconds left.\n|\n|t:|1682122149\n|switch|p2a: Iron Bundle|Iron Bundle, L50|100\/100\n|-enditem|p2a: Iron Bundle|Booster Energy\n|-activate|p2a: Iron Bundle|ability: Quark Drive|[fromitem]\n|-start|p2a: Iron Bundle|quarkdrivespe\n|move|p1b: King Caesar|Light Screen|p1b: King Caesar\n|-sidestart|p1: rudyxkam|move: Light Screen\n|move|p2b: Gholdengo|Nasty Plot|p2b: Gholdengo\n|-boost|p2b: Gholdengo|spa|2\n|move|p1a: Sker|Ruination|p2b: Gholdengo\n|-damage|p2b: Gholdengo|32\/100\n|\n|-heal|p2b: Gholdengo|38\/100|[from] item: Leftovers\n|upkeep\n|turn|4\n|inactive|rudyxkam has 30 seconds left.\n|inactive|Gazamie has 30 seconds left.\n|\n|t:|1682122177\n|switch|p1b: Shobijin|Flutter Mane, L50, shiny, tera:Steel|69\/100\n|move|p2a: Iron Bundle|Hydro Pump|p1a: Sker\n|-supereffective|p1a: Sker\n|-damage|p1a: Sker|71\/100\n|move|p2b: Gholdengo|Make It Rain|p1b: Shobijin|[spread] p1a,p1b\n|-resisted|p1b: Shobijin\n|-damage|p1a: Sker|46\/100\n|-damage|p1b: Shobijin|48\/100\n|-unboost|p2b: Gholdengo|spa|1\n|move|p1a: Sker|Stomping Tantrum|p2b: Gholdengo\n|-damage|p2b: Gholdengo|18\/100\n|\n|-heal|p2b: Gholdengo|24\/100|[from] item: Leftovers\n|upkeep\n|turn|5\n|inactive|rudyxkam has 30 seconds left.\n|inactive|Gazamie has 30 seconds left.\n|inactive|Gazamie has 20 seconds left.\n|\n|t:|1682122214\n|move|p2a: Iron Bundle|Icy Wind|p1b: Shobijin|[spread] p1a,p1b\n|-supereffective|p1a: Sker\n|-resisted|p1b: Shobijin\n|-damage|p1a: Sker|35\/100\n|-damage|p1b: Shobijin|42\/100\n|-unboost|p1a: Sker|spe|1\n|-unboost|p1b: Shobijin|spe|1\n|move|p2b: Gholdengo|Shadow Ball|p1b: Shobijin\n|-crit|p1b: Shobijin\n|-damage|p1b: Shobijin|0 fnt\n|faint|p1b: Shobijin\n|-end|p1b: Shobijin|Protosynthesis|[silent]\n|move|p1a: Sker|Ruination|p2a: Iron Bundle\n|-damage|p2a: Iron Bundle|51\/100\n|\n|-heal|p2b: Gholdengo|30\/100|[from] item: Leftovers\n|upkeep\n|\n|t:|1682122231\n|switch|p1b: King Caesar|Grimmsnarl, L50, M, shiny|66\/100\n|turn|6\n|\n|t:|1682122245\n|move|p1b: King Caesar|Thunder Wave|p2a: Iron Bundle\n|-status|p2a: Iron Bundle|par\n|move|p2a: Iron Bundle|Freeze-Dry|p1a: Sker\n|-supereffective|p1a: Sker\n|-damage|p1a: Sker|15\/100\n|move|p2b: Gholdengo|Make It Rain|p1b: King Caesar|[spread] p1a,p1b\n|-supereffective|p1b: King Caesar\n|-damage|p1a: Sker|0 fnt\n|-damage|p1b: King Caesar|7\/100\n|-unboost|p2b: Gholdengo|spa|1\n|faint|p1a: Sker\n|\n|-heal|p2b: Gholdengo|36\/100|[from] item: Leftovers\n|upkeep\n|\n|t:|1682122255\n|switch|p1a: T. Gojira|Baxcalibur, L50, F, shiny|100\/100\n|turn|7\n|inactive|Gazamie has 30 seconds left.\n|\n|t:|1682122281\n|switch|p2b: Tauros|Tauros-Paldea-Aqua, L50, M|51\/100\n|-ability|p2b: Tauros|Intimidate|boost\n|-fail|p1a: T. Gojira|unboost|[from] item: Clear Amulet|[of] p1a: T. Gojira\n|-unboost|p1b: King Caesar|atk|1\n|move|p1b: King Caesar|Thunder Wave|p2b: Tauros\n|-status|p2b: Tauros|par\n|move|p2a: Iron Bundle|Icy Wind|p1a: T. Gojira|[spread] p1a,p1b\n|-crit|p1a: T. Gojira\n|-damage|p1a: T. Gojira|79\/100\n|-damage|p1b: King Caesar|0 fnt\n|faint|p1b: King Caesar\n|move|p1a: T. Gojira|Glaive Rush|p2a: Iron Bundle\n|-damage|p2a: Iron Bundle|0 fnt\n|-singlemove|p1a: T. Gojira|Glaive Rush|[silent]\n|faint|p2a: Iron Bundle\n|-end|p2a: Iron Bundle|Quark Drive|[silent]\n|\n|upkeep\n|inactive|Gazamie has 30 seconds left.\n|\n|t:|1682122311\n|switch|p2a: Chi-Yu|Chi-Yu, L50|100\/100\n|-ability|p2a: Chi-Yu|Beads of Ruin\n|turn|8\n|\n|t:|1682122320\n|move|p2a: Chi-Yu|Overheat|p1a: T. Gojira\n|-damage|p1a: T. Gojira|0 fnt\n|-unboost|p2a: Chi-Yu|spa|2\n|faint|p1a: T. Gojira\n|\n|win|Gazamie\n|raw|rudyxkam's rating: 1270 → 1251<\/strong> (-19 for losing)\n|raw|Gazamie's rating: 1355 → 1370<\/strong> (+15 for winning)\n|c|\u2606rudyxkam|gg\n","uploadtime":1682122330,"views":7,"p1id":"rudyxkam","p2id":"gazamie","formatid":"gen9vgc2023regulationc","rating":1251,"private":0,"password":""}