{"id":"gen9vgc2023regulationc-1850757520","p1":"JonesyVGC","p2":"billybugtv","format":"[Gen 9] VGC 2023 Regulation C","log":"|j|\u2606JonesyVGC\n|j|\u2606billybugtv\n|t:|1682365110\n|gametype|doubles\n|player|p1|JonesyVGC|266|\n|player|p2|billybugtv|170|\n|teamsize|p1|6\n|teamsize|p2|6\n|gen|9\n|tier|[Gen 9] VGC 2023 Regulation C\n|rule|Species Clause: Limit one of each Pok\u00e9mon\n|rule|Item Clause: Limit one of each item\n|clearpoke\n|poke|p1|Chien-Pao, L50|\n|poke|p1|Palafin, L50, M|\n|poke|p1|Arcanine, L50, M|\n|poke|p1|Annihilape, L50, F|\n|poke|p1|Amoonguss, L50, M|\n|poke|p1|Garchomp, L50, M|\n|poke|p2|Brute Bonnet, L50|\n|poke|p2|Garganacl, L50, F|\n|poke|p2|Torkoal, L50, M|\n|poke|p2|Flutter Mane, L50|\n|poke|p2|Iron Hands, L50|\n|poke|p2|Wo-Chien, L50|\n|teampreview|4\n|\n|t:|1682365205\n|start\n|switch|p1a: Amoonguss|Amoonguss, L50, M|100\/100\n|switch|p1b: Garchomp|Garchomp, L50, M|100\/100\n|switch|p2a: Garganacl|Garganacl, L50, F|100\/100\n|switch|p2b: Iron Hands|Iron Hands, L50|100\/100\n|turn|1\n|\n|t:|1682365260\n|move|p1b: Garchomp|Protect|p1b: Garchomp\n|-singleturn|p1b: Garchomp|Protect\n|move|p2b: Iron Hands|Fake Out|p1a: Amoonguss\n|-damage|p1a: Amoonguss|88\/100\n|move|p2a: Garganacl|Salt Cure|p1a: Amoonguss\n|-damage|p1a: Amoonguss|77\/100\n|-start|p1a: Amoonguss|Salt Cure\n|cant|p1a: Amoonguss|flinch\n|\n|-damage|p1a: Amoonguss|65\/100|[from] Salt Cure\n|upkeep\n|turn|2\n|inactive|Battle timer is ON: inactive players will automatically lose when time's up. (requested by JonesyVGC)\n|\n|t:|1682365314\n|-terastallize|p1b: Garchomp|Ground\n|-terastallize|p2a: Garganacl|Poison\n|move|p1a: Amoonguss|Rage Powder|p1a: Amoonguss\n|-singleturn|p1a: Amoonguss|move: Rage Powder\n|move|p1b: Garchomp|Earthquake|p2b: Iron Hands|[spread] p1a,p2a,p2b\n|-supereffective|p2a: Garganacl\n|-supereffective|p2b: Iron Hands\n|-damage|p1a: Amoonguss|5\/100\n|-damage|p2a: Garganacl|30\/100\n|-damage|p2b: Iron Hands|4\/100\n|-enditem|p1a: Amoonguss|Sitrus Berry|[eat]\n|-heal|p1a: Amoonguss|29\/100|[from] item: Sitrus Berry\n|-damage|p1b: Garchomp|91\/100|[from] item: Life Orb\n|move|p2b: Iron Hands|Ice Punch|p1a: Amoonguss\n|-supereffective|p1a: Amoonguss\n|-crit|p1a: Amoonguss\n|-damage|p1a: Amoonguss|0 fnt\n|faint|p1a: Amoonguss\n|move|p2a: Garganacl|Rock Slide|p1b: Garchomp\n|-resisted|p1b: Garchomp\n|-crit|p1b: Garchomp\n|-damage|p1b: Garchomp|71\/100\n|\n|upkeep\n|inactive|JonesyVGC has 30 seconds left.\n|\n|t:|1682365341\n|switch|p1a: Arcanine|Arcanine, L50, M|100\/100\n|-ability|p1a: Arcanine|Intimidate|boost\n|-unboost|p2a: Garganacl|atk|1\n|-unboost|p2b: Iron Hands|atk|1\n|turn|3\n|inactive|billybugtv has 30 seconds left.\n|\n|t:|1682365375\n|move|p1a: Arcanine|Protect|p1a: Arcanine\n|-singleturn|p1a: Arcanine|Protect\n|move|p1b: Garchomp|Earthquake|p2a: Garganacl|[spread] p2a,p2b\n|-activate|p1a: Arcanine|move: Protect\n|-supereffective|p2a: Garganacl\n|-supereffective|p2b: Iron Hands\n|-damage|p2a: Garganacl|0 fnt\n|-damage|p2b: Iron Hands|0 fnt\n|faint|p2a: Garganacl\n|faint|p2b: Iron Hands\n|-end|p2b: Iron Hands|Quark Drive|[silent]\n|-damage|p1b: Garchomp|61\/100|[from] item: Life Orb\n|\n|upkeep\n|\n|t:|1682365388\n|switch|p2b: Torkoal|Torkoal, L50, M|100\/100\n|switch|p2a: Flutter Mane|Flutter Mane, L50, shiny|100\/100\n|-weather|SunnyDay|[from] ability: Drought|[of] p2b: Torkoal\n|-activate|p2a: Flutter Mane|ability: Protosynthesis\n|-start|p2a: Flutter Mane|protosynthesisspd\n|turn|4\n|inactive|JonesyVGC has 30 seconds left.\n|\n|t:|1682365414\n|move|p2b: Torkoal|Protect|p2b: Torkoal\n|-singleturn|p2b: Torkoal|Protect\n|move|p1a: Arcanine|Extreme Speed|p2b: Torkoal\n|-activate|p2b: Torkoal|move: Protect\n|move|p1b: Garchomp|Iron Head|p2a: Flutter Mane\n|-supereffective|p2a: Flutter Mane\n|-enditem|p2a: Flutter Mane|Focus Sash\n|-damage|p2a: Flutter Mane|1\/100\n|-damage|p1b: Garchomp|51\/100|[from] item: Life Orb\n|move|p2a: Flutter Mane|Trick Room|p2a: Flutter Mane\n|-fieldstart|move: Trick Room|[of] p2a: Flutter Mane\n|\n|-weather|SunnyDay|[upkeep]\n|upkeep\n|turn|5\n|\n|t:|1682365434\n|move|p2b: Torkoal|Protect||[still]\n|-fail|p2b: Torkoal\n|move|p2a: Flutter Mane|Protect|p2a: Flutter Mane\n|-singleturn|p2a: Flutter Mane|Protect\n|move|p1a: Arcanine|Extreme Speed|p2b: Torkoal\n|-damage|p2b: Torkoal|79\/100\n|move|p1b: Garchomp|Earthquake|p2b: Torkoal|[spread] p1a,p2b\n|-activate|p2a: Flutter Mane|move: Protect\n|-supereffective|p1a: Arcanine\n|-supereffective|p2b: Torkoal\n|-damage|p1a: Arcanine|0 fnt\n|-damage|p2b: Torkoal|0 fnt\n|faint|p1a: Arcanine\n|faint|p2b: Torkoal\n|-damage|p1b: Garchomp|41\/100|[from] item: Life Orb\n|\n|-weather|SunnyDay|[upkeep]\n|upkeep\n|\n|t:|1682365452\n|switch|p1a: Chien-Pao|Chien-Pao, L50|100\/100\n|-ability|p1a: Chien-Pao|Sword of Ruin\n|turn|6\n|\n|t:|1682365477\n|move|p1a: Chien-Pao|Sucker Punch|p2a: Flutter Mane\n|-damage|p2a: Flutter Mane|0 fnt\n|faint|p2a: Flutter Mane\n|-end|p2a: Flutter Mane|Protosynthesis|[silent]\n|\n|win|JonesyVGC\n","uploadtime":1682365486,"views":17,"p1id":"jonesyvgc","p2id":"billybugtv","formatid":"gen9vgc2023regulationc","rating":0,"private":0,"password":""}