{"id":"gen9vgc2023regulationc-1848580829","p1":"BMDL_Champ_Phenix","p2":"Brawlicjon","format":"[Gen 9] VGC 2023 Regulation C","log":"|j|\u2606BMDL_Champ_Phenix\n|j|\u2606Brawlicjon\n|t:|1682091768\n|gametype|doubles\n|player|p1|BMDL_Champ_Phenix|steven|\n|player|p2|Brawlicjon|101|\n|teamsize|p1|6\n|teamsize|p2|6\n|gen|9\n|tier|[Gen 9] VGC 2023 Regulation C\n|rule|Species Clause: Limit one of each Pok\u00e9mon\n|rule|Item Clause: Limit one of each item\n|clearpoke\n|poke|p1|Iron Valiant, L50|\n|poke|p1|Skeledirge, L50, M|\n|poke|p1|Farigiraf, L50, M|\n|poke|p1|Tinkaton, L50, F|\n|poke|p1|Mudsdale, L50, F|\n|poke|p1|Morgrem, L50, M|\n|poke|p2|Maushold-Four, L50|\n|poke|p2|Annihilape, L50, F|\n|poke|p2|Flutter Mane, L50|\n|poke|p2|Amoonguss, L50, F|\n|poke|p2|Palossand, L50, M|\n|poke|p2|Scizor, L50, M|\n|teampreview|4\n|c|\u2606BMDL_Champ_Phenix|Game 2\n|c|\u2606Brawlicjon|omg ur so fast lmaoo\n|c|\u2606Brawlicjon|pro\n|c|\u2606Brawlicjon|ok u here\n|c|\u2606BMDL_Champ_Phenix|okay glhf for game 2\n|c|\u2606Brawlicjon|yes glhf\n|\n|t:|1682093154\n|start\n|switch|p1a: Applejack|Mudsdale, L50, F|100\/100\n|switch|p1b: YOLO|Morgrem, L50, M|100\/100\n|switch|p2a: HE HOLDS|Maushold-Four, L50|100\/100\n|switch|p2b: KONG|Annihilape, L50, F|100\/100\n|turn|1\n|\n|t:|1682093176\n|move|p2b: KONG|Protect|p2b: KONG\n|-singleturn|p2b: KONG|Protect\n|move|p1b: YOLO|Reflect|p1b: YOLO\n|-sidestart|p1: BMDL_Champ_Phenix|Reflect\n|move|p2a: HE HOLDS|Population Bomb|p1b: YOLO\n|-damage|p1b: YOLO|94\/100\n|-damage|p1b: YOLO|85\/100\n|-damage|p1b: YOLO|78\/100\n|-damage|p1b: YOLO|70\/100\n|-damage|p1b: YOLO|63\/100\n|-damage|p1b: YOLO|55\/100\n|-damage|p1b: YOLO|48\/100\n|-damage|p1b: YOLO|40\/100\n|-damage|p1b: YOLO|32\/100\n|-damage|p1b: YOLO|25\/100\n|-hitcount|p1b: YOLO|10\n|move|p1a: Applejack|High Horsepower|p2b: KONG\n|-activate|p2b: KONG|move: Protect\n|\n|upkeep\n|turn|2\n|\n|t:|1682093202\n|move|p2a: HE HOLDS|Population Bomb|p1b: YOLO\n|-damage|p1b: YOLO|19\/100\n|-damage|p1b: YOLO|12\/100\n|-damage|p1b: YOLO|4\/100\n|-damage|p1b: YOLO|0 fnt\n|faint|p1b: YOLO\n|-hitcount|p1: YOLO|4\n|move|p2b: KONG|Bulk Up|p2b: KONG\n|-boost|p2b: KONG|atk|1\n|-boost|p2b: KONG|def|1\n|move|p1a: Applejack|Body Press|p2a: HE HOLDS\n|-supereffective|p2a: HE HOLDS\n|-damage|p2a: HE HOLDS|52\/100\n|\n|upkeep\n|\n|t:|1682093216\n|switch|p1b: Melman|Farigiraf, L50, M|100\/100\n|turn|3\n|\n|t:|1682093253\n|move|p2a: HE HOLDS|Population Bomb|p1b: Melman\n|-damage|p1b: Melman|95\/100\n|-damage|p1b: Melman|89\/100\n|-crit|p1b: Melman\n|-damage|p1b: Melman|77\/100\n|-crit|p1b: Melman\n|-damage|p1b: Melman|62\/100\n|-damage|p1b: Melman|56\/100\n|-damage|p1b: Melman|50\/100\n|-damage|p1b: Melman|44\/100\n|-damage|p1b: Melman|38\/100\n|-damage|p1b: Melman|31\/100\n|-damage|p1b: Melman|26\/100\n|-hitcount|p1b: Melman|10\n|move|p2b: KONG|Bulk Up|p2b: KONG\n|-boost|p2b: KONG|atk|1\n|-boost|p2b: KONG|def|1\n|move|p1b: Melman|Twin Beam|p2b: KONG\n|-supereffective|p2b: KONG\n|-damage|p2b: KONG|75\/100\n|-supereffective|p2b: KONG\n|-damage|p2b: KONG|48\/100\n|-hitcount|p2b: KONG|2\n|move|p1a: Applejack|High Horsepower|p2b: KONG\n|-damage|p2b: KONG|32\/100\n|\n|-heal|p2b: KONG|38\/100|[from] item: Leftovers\n|upkeep\n|turn|4\n|\n|t:|1682093293\n|switch|p1b: Sans|Skeledirge, L50, M|100\/100\n|move|p2a: HE HOLDS|Population Bomb|p1b: Sans\n|-immune|p1b: Sans\n|move|p2b: KONG|Drain Punch|p1a: Applejack\n|-damage|p1a: Applejack|59\/100\n|-heal|p2b: KONG|58\/100|[from] drain|[of] p1a: Applejack\n|-ability|p1a: Applejack|Stamina|boost\n|-boost|p1a: Applejack|def|1\n|move|p1a: Applejack|High Horsepower|p2b: KONG\n|-crit|p2b: KONG\n|-damage|p2b: KONG|9\/100\n|\n|-heal|p2b: KONG|15\/100|[from] item: Leftovers\n|upkeep\n|turn|5\n|\n|t:|1682093328\n|move|p2a: HE HOLDS|Protect|p2a: HE HOLDS\n|-singleturn|p2a: HE HOLDS|Protect\n|move|p2b: KONG|Protect|p2b: KONG\n|-singleturn|p2b: KONG|Protect\n|move|p1b: Sans|Torch Song|p2a: HE HOLDS\n|-activate|p2a: HE HOLDS|move: Protect\n|move|p1a: Applejack|High Horsepower|p2b: KONG\n|-activate|p2b: KONG|move: Protect\n|\n|-heal|p2b: KONG|21\/100|[from] item: Leftovers\n|-sideend|p1: BMDL_Champ_Phenix|Reflect\n|upkeep\n|turn|6\n|\n|t:|1682093358\n|switch|p1b: Melman|Farigiraf, L50, M|26\/100\n|move|p2a: HE HOLDS|Follow Me|p2a: HE HOLDS\n|-singleturn|p2a: HE HOLDS|move: Follow Me\n|move|p2b: KONG|Rage Fist|p1b: Melman\n|-immune|p1b: Melman\n|move|p1a: Applejack|High Horsepower|p2a: HE HOLDS\n|-damage|p2a: HE HOLDS|0 fnt\n|faint|p2a: HE HOLDS\n|\n|-heal|p2b: KONG|27\/100|[from] item: Leftovers\n|upkeep\n|\n|t:|1682093370\n|switch|p2a: #7 lol|Flutter Mane, L50|100\/100\n|turn|7\n|\n|t:|1682093385\n|-terastallize|p2a: #7 lol|Fairy\n|-terastallize|p1a: Applejack|Steel\n|move|p2a: #7 lol|Dazzling Gleam|p1a: Applejack|[spread] p1a,p1b\n|-resisted|p1a: Applejack\n|-damage|p1a: Applejack|44\/100\n|-damage|p1b: Melman|0 fnt\n|-ability|p1a: Applejack|Stamina|boost\n|-boost|p1a: Applejack|def|1\n|faint|p1b: Melman\n|move|p2b: KONG|Drain Punch|p1a: Applejack\n|-supereffective|p1a: Applejack\n|-damage|p1a: Applejack|0 fnt\n|-heal|p2b: KONG|48\/100|[from] drain|[of] p1a: Applejack\n|faint|p1a: Applejack\n|\n|-heal|p2b: KONG|53\/100|[from] item: Leftovers\n|upkeep\n|\n|t:|1682093399\n|switch|p1b: Sans|Skeledirge, L50, M|100\/100\n|turn|8\n|\n|t:|1682093411\n|move|p1b: Sans|Protect|p1b: Sans\n|-singleturn|p1b: Sans|Protect\n|move|p2a: #7 lol|Shadow Ball|p1b: Sans\n|-activate|p1b: Sans|move: Protect\n|move|p2b: KONG|Rage Fist|p1b: Sans\n|-activate|p1b: Sans|move: Protect\n|\n|-heal|p2b: KONG|59\/100|[from] item: Leftovers\n|upkeep\n|turn|9\n|\n|t:|1682093426\n|move|p2a: #7 lol|Shadow Ball|p1b: Sans\n|-supereffective|p1b: Sans\n|-enditem|p1b: Sans|Kasib Berry|[eat]\n|-enditem|p1b: Sans|Kasib Berry|[weaken]\n|-damage|p1b: Sans|50\/100\n|move|p2b: KONG|Rage Fist|p1b: Sans\n|-supereffective|p1b: Sans\n|-damage|p1b: Sans|0 fnt\n|faint|p1b: Sans\n|\n|win|Brawlicjon\n|c|\u2606BMDL_Champ_Phenix|gg\n|c|\u2606Brawlicjon|gg bro jesus\n|c|\u2606Brawlicjon|i never sweated so hard\n|c|\u2606Brawlicjon|u scare the shit out of me\n|l|\u2606Brawlicjon\n","uploadtime":1682093558,"views":16,"p1id":"bmdlchampphenix","p2id":"brawlicjon","formatid":"gen9vgc2023regulationc","rating":0,"private":0,"password":""}