{"id":"gen9vgc2023regulationc-1845793246","p1":"sovietic test","p2":"Abarra47","format":"[Gen 9] VGC 2023 Regulation C","log":"|j|\u2606sovietic test\n|j|\u2606Abarra47\n|t:|1681765118\n|gametype|doubles\n|player|p1|sovietic test|schoolkidf|1100\n|player|p2|Abarra47|lucas|1000\n|teamsize|p1|6\n|teamsize|p2|6\n|gen|9\n|tier|[Gen 9] VGC 2023 Regulation C\n|rated|\n|rule|Species Clause: Limit one of each Pok\u00e9mon\n|rule|Item Clause: Limit one of each item\n|clearpoke\n|poke|p1|Palafin, L50, M|\n|poke|p1|Ting-Lu, L50|\n|poke|p1|Annihilape, L50, M|\n|poke|p1|Maushold-Four, L50|\n|poke|p1|Arcanine, L50, M|\n|poke|p1|Amoonguss, L50, M|\n|poke|p2|Gallade, L50, M|\n|poke|p2|Flutter Mane, L50|\n|poke|p2|Baxcalibur, L50, F|\n|poke|p2|Toedscruel, L50, F|\n|poke|p2|Ceruledge, L50, F|\n|poke|p2|Glimmora, L50, M|\n|teampreview|4\n|inactive|Battle timer is ON: inactive players will automatically lose when time's up. (requested by sovietic test)\n|inactive|sovietic test has 60 seconds left.\n|inactive|sovietic test has 30 seconds left.\n|inactive|sovietic test has 20 seconds left.\n|inactive|sovietic test has 15 seconds left.\n|inactive|sovietic test has 10 seconds left.\n|\n|t:|1681765199\n|start\n|switch|p1a: Palafin|Palafin, L50, M|100\/100\n|switch|p1b: Amoonguss|Amoonguss, L50, M|100\/100\n|switch|p2a: Flutter Mane|Flutter Mane, L50|100\/100\n|switch|p2b: Ceruledge|Ceruledge, L50, F|100\/100\n|turn|1\n|inactive|Abarra47 has 30 seconds left.\n|inactive|Abarra47 has 20 seconds left.\n|\n|t:|1681765236\n|detailschange|p1a: Palafin|Palafin-Hero, L50, M\n|switch|p1a: Arcanine|Arcanine, L50, M|100\/100\n|-ability|p1a: Arcanine|Intimidate|boost\n|-unboost|p2a: Flutter Mane|atk|1\n|-fail|p2b: Ceruledge|unboost|[from] item: Clear Amulet|[of] p2b: Ceruledge\n|-terastallize|p2b: Ceruledge|Grass\n|move|p2a: Flutter Mane|Shadow Ball|p1b: Amoonguss\n|-damage|p1b: Amoonguss|53\/100\n|move|p2b: Ceruledge|Bulk Up|p2b: Ceruledge\n|-boost|p2b: Ceruledge|atk|1\n|-boost|p2b: Ceruledge|def|1\n|move|p1b: Amoonguss|Spore|p2b: Ceruledge\n|-immune|p2b: Ceruledge\n|\n|upkeep\n|turn|2\n|inactive|Abarra47 has 30 seconds left.\n|inactive|sovietic test has 30 seconds left.\n|\n|t:|1681765270\n|move|p2a: Flutter Mane|Shadow Ball|p1b: Amoonguss\n|-damage|p1b: Amoonguss|1\/100\n|-enditem|p1b: Amoonguss|Aguav Berry|[eat]\n|-heal|p1b: Amoonguss|34\/100|[from] item: Aguav Berry\n|move|p1a: Arcanine|Snarl|p2a: Flutter Mane|[spread] p2a\n|-miss|p1a: Arcanine|p2b: Ceruledge\n|-damage|p2a: Flutter Mane|91\/100\n|-unboost|p2a: Flutter Mane|spa|1\n|move|p2b: Ceruledge|Bulk Up|p2b: Ceruledge\n|-boost|p2b: Ceruledge|atk|1\n|-boost|p2b: Ceruledge|def|1\n|move|p1b: Amoonguss|Clear Smog|p2b: Ceruledge\n|-supereffective|p2b: Ceruledge\n|-damage|p2b: Ceruledge|70\/100\n|-clearboost|p2b: Ceruledge\n|\n|upkeep\n|turn|3\n|\n|t:|1681765294\n|move|p2a: Flutter Mane|Shadow Ball|p1a: Arcanine\n|-damage|p1a: Arcanine|62\/100\n|move|p1a: Arcanine|Snarl|p2b: Ceruledge|[spread] p2a\n|-miss|p1a: Arcanine|p2b: Ceruledge\n|-damage|p2a: Flutter Mane|83\/100\n|-unboost|p2a: Flutter Mane|spa|1\n|move|p2b: Ceruledge|Bitter Blade|p1b: Amoonguss\n|-supereffective|p1b: Amoonguss\n|-damage|p1b: Amoonguss|0 fnt\n|-heal|p2b: Ceruledge|93\/100|[from] drain|[of] p1b: Amoonguss\n|faint|p1b: Amoonguss\n|\n|upkeep\n|\n|t:|1681765304\n|switch|p1b: Ting-Lu|Ting-Lu, L50|100\/100\n|-ability|p1b: Ting-Lu|Vessel of Ruin\n|turn|4\n|\n|t:|1681765314\n|-end|p2a: Flutter Mane|Protosynthesis|[silent]\n|switch|p2a: Gallade|Gallade, L50, M|100\/100\n|move|p1a: Arcanine|Flare Blitz|p2a: Gallade\n|-damage|p2a: Gallade|37\/100\n|-enditem|p2a: Gallade|Sitrus Berry|[eat]\n|-heal|p2a: Gallade|61\/100|[from] item: Sitrus Berry\n|-damage|p1a: Arcanine|46\/100|[from] Recoil\n|move|p2b: Ceruledge|Bulk Up|p2b: Ceruledge\n|-boost|p2b: Ceruledge|atk|1\n|-boost|p2b: Ceruledge|def|1\n|move|p1b: Ting-Lu|Fissure|p2b: Ceruledge|[miss]\n|-miss|p1b: Ting-Lu|p2b: Ceruledge\n|\n|upkeep\n|turn|5\n|\n|t:|1681765334\n|-terastallize|p1b: Ting-Lu|Poison\n|move|p2b: Ceruledge|Shadow Sneak|p1a: Arcanine\n|-damage|p1a: Arcanine|13\/100\n|-enditem|p1a: Arcanine|Figy Berry|[eat]\n|-heal|p1a: Arcanine|46\/100|[from] item: Figy Berry\n|move|p2a: Gallade|Sacred Sword|p1b: Ting-Lu\n|-resisted|p1b: Ting-Lu\n|-damage|p1b: Ting-Lu|85\/100\n|move|p1a: Arcanine|Flare Blitz|p2a: Gallade\n|-damage|p2a: Gallade|0 fnt\n|faint|p2a: Gallade\n|-damage|p1a: Arcanine|31\/100|[from] Recoil\n|move|p1b: Ting-Lu|Fissure|p2b: Ceruledge|[miss]\n|-miss|p1b: Ting-Lu|p2b: Ceruledge\n|\n|upkeep\n|\n|t:|1681765348\n|switch|p2a: Baxcalibur|Baxcalibur, L50, F|100\/100\n|turn|6\n|\n|t:|1681765363\n|move|p2b: Ceruledge|Shadow Sneak|p1a: Arcanine\n|-damage|p1a: Arcanine|0 fnt\n|faint|p1a: Arcanine\n|move|p2a: Baxcalibur|Icicle Spear|p1b: Ting-Lu\n|-damage|p1b: Ting-Lu|77\/100\n|-damage|p1b: Ting-Lu|70\/100\n|-damage|p1b: Ting-Lu|63\/100\n|-damage|p1b: Ting-Lu|56\/100\n|-hitcount|p1b: Ting-Lu|4\n|move|p1b: Ting-Lu|Fissure|p2b: Ceruledge|[miss]\n|-miss|p1b: Ting-Lu|p2b: Ceruledge\n|\n|upkeep\n|\n|t:|1681765366\n|switch|p1a: Palafin|Palafin-Hero, L50, M|100\/100\n|-activate|p1a: Palafin|ability: Zero to Hero\n|turn|7\n|\n|t:|1681765385\n|move|p1a: Palafin|Protect|p1a: Palafin\n|-singleturn|p1a: Palafin|Protect\n|move|p2b: Ceruledge|Shadow Sneak|p1a: Palafin\n|-activate|p1a: Palafin|move: Protect\n|move|p2a: Baxcalibur|Glaive Rush|p1a: Palafin\n|-activate|p1a: Palafin|move: Protect\n|move|p1b: Ting-Lu|Stomping Tantrum|p2b: Ceruledge\n|-resisted|p2b: Ceruledge\n|-damage|p2b: Ceruledge|66\/100\n|\n|upkeep\n|turn|8\n|\n|t:|1681765402\n|move|p2b: Ceruledge|Shadow Sneak|p1a: Palafin\n|-damage|p1a: Palafin|65\/100\n|move|p1a: Palafin|Drain Punch|p2a: Baxcalibur\n|-supereffective|p2a: Baxcalibur\n|-damage|p2a: Baxcalibur|34\/100\n|-heal|p1a: Palafin|100\/100|[from] drain|[of] p2a: Baxcalibur\n|-damage|p1a: Palafin|91\/100|[from] item: Life Orb\n|move|p2a: Baxcalibur|Glaive Rush|p1a: Palafin\n|-damage|p1a: Palafin|27\/100\n|-singlemove|p2a: Baxcalibur|Glaive Rush|[silent]\n|move|p1b: Ting-Lu|Fissure|p2b: Ceruledge|[miss]\n|-miss|p1b: Ting-Lu|p2b: Ceruledge\n|\n|upkeep\n|turn|9\n|\n|t:|1681765419\n|move|p1a: Palafin|Protect|p1a: Palafin\n|-singleturn|p1a: Palafin|Protect\n|move|p2b: Ceruledge|Shadow Sneak|p1a: Palafin\n|-activate|p1a: Palafin|move: Protect\n|move|p2a: Baxcalibur|Glaive Rush|p1b: Ting-Lu\n|-damage|p1b: Ting-Lu|20\/100\n|-singlemove|p2a: Baxcalibur|Glaive Rush|[silent]\n|move|p1b: Ting-Lu|Fissure|p2b: Ceruledge|[miss]\n|-miss|p1b: Ting-Lu|p2b: Ceruledge\n|\n|upkeep\n|turn|10\n|c|\u2606sovietic test|la concha de tu madre cornudo ciego del orto\n|\n|t:|1681765444\n|move|p2b: Ceruledge|Shadow Sneak|p1a: Palafin\n|-damage|p1a: Palafin|0 fnt\n|faint|p1a: Palafin\n|move|p2a: Baxcalibur|Glaive Rush|p1b: Ting-Lu\n|-damage|p1b: Ting-Lu|0 fnt\n|-singlemove|p2a: Baxcalibur|Glaive Rush|[silent]\n|faint|p1b: Ting-Lu\n|\n|win|Abarra47\n|raw|sovietic test's rating: 1100 → 1068<\/strong> (-32 for losing)\n|raw|Abarra47's rating: 1000 → 1051<\/strong> (+51 for winning)\n","uploadtime":1681765438,"views":6,"p1id":"sovietictest","p2id":"abarra47","formatid":"gen9vgc2023regulationc","rating":1051,"private":0,"password":""}