{"id":"gen9vgc2023regulationc-1861497160","p1":"hubbcappa","p2":"Millie Jean","format":"[Gen 9] VGC 2023 Regulation C","log":"|j|\u2606hubbcappa\n|j|\u2606Millie Jean\n|t:|1683765147\n|gametype|doubles\n|player|p1|hubbcappa|1|1133\n|player|p2|Millie Jean|whitney|1241\n|teamsize|p1|6\n|teamsize|p2|6\n|gen|9\n|tier|[Gen 9] VGC 2023 Regulation C\n|rated|\n|rule|Species Clause: Limit one of each Pok\u00e9mon\n|rule|Item Clause: Limit one of each item\n|clearpoke\n|poke|p1|Indeedee-F, L50, F|\n|poke|p1|Hatterene, L50, F|\n|poke|p1|Hariyama, L50, M|\n|poke|p1|Oranguru, L50, F|\n|poke|p1|Torkoal, L50, M|\n|poke|p1|Ting-Lu, L50|\n|poke|p2|Wo-Chien, L50|\n|poke|p2|Glimmora, L50, M|\n|poke|p2|Dondozo, L50, F|\n|poke|p2|Tatsugiri, L50, M|\n|poke|p2|Arcanine, L50, M|\n|poke|p2|Flutter Mane, L50|\n|teampreview|4\n|inactive|Battle timer is ON: inactive players will automatically lose when time's up. (requested by Millie Jean)\nMillie Jean has agreed to open team sheets.\n|inactive|Millie Jean has 60 seconds left.\n|\n|t:|1683765191\n|start\n|switch|p1a: Indeedee|Indeedee-F, L50, F|100\/100\n|switch|p1b: Hatterene|Hatterene, L50, F|100\/100\n|switch|p2a: Glimmora|Glimmora, L50, M|100\/100\n|switch|p2b: Flutter Mane|Flutter Mane, L50|100\/100\n|-fieldstart|move: Psychic Terrain|[from] ability: Psychic Surge|[of] p1a: Indeedee\n|turn|1\n|inactive|Millie Jean has 30 seconds left.\n|\n|t:|1683765221\n|move|p1a: Indeedee|Follow Me|p1a: Indeedee\n|-singleturn|p1a: Indeedee|move: Follow Me\n|move|p2b: Flutter Mane|Moonblast|p1a: Indeedee\n|-damage|p1a: Indeedee|52\/100\n|move|p2a: Glimmora|Mortal Spin|p1b: Hatterene|[spread] p1a,p1b\n|-supereffective|p1b: Hatterene\n|-damage|p1a: Indeedee|46\/100\n|-damage|p1b: Hatterene|90\/100\n|-status|p1a: Indeedee|psn\n|-status|p1b: Hatterene|psn\n|move|p1b: Hatterene|Trick Room|p1b: Hatterene\n|-fieldstart|move: Trick Room|[of] p1b: Hatterene\n|\n|-damage|p1b: Hatterene|77\/100 psn|[from] psn\n|-damage|p1a: Indeedee|33\/100 psn|[from] psn\n|upkeep\n|turn|2\n|inactive|hubbcappa has 30 seconds left.\n|inactive|hubbcappa has 20 seconds left.\n|\n|t:|1683765259\n|switch|p2a: Wo-Chien|Wo-Chien, L50|100\/100\n|-ability|p2a: Wo-Chien|Tablets of Ruin\n|move|p1a: Indeedee|Helping Hand|p1b: Hatterene\n|-singleturn|p1b: Hatterene|Helping Hand|[of] p1a: Indeedee\n|move|p1b: Hatterene|Psychic|p2a: Wo-Chien\n|-immune|p2a: Wo-Chien\n|move|p2b: Flutter Mane|Hex|p1b: Hatterene\n|-supereffective|p1b: Hatterene\n|-damage|p1b: Hatterene|0 fnt\n|faint|p1b: Hatterene\n|\n|-damage|p1a: Indeedee|21\/100 psn|[from] psn\n|upkeep\n|inactive|hubbcappa has 30 seconds left.\n|inactive|hubbcappa has 20 seconds left.\n|inactive|hubbcappa has 15 seconds left.\n|\n|t:|1683765300\n|switch|p1b: Ting-Lu|Ting-Lu, L50|100\/100\n|-ability|p1b: Ting-Lu|Vessel of Ruin\n|turn|3\n|\n|t:|1683765323\n|move|p1b: Ting-Lu|Fissure|p2a: Wo-Chien|[miss]\n|-miss|p1b: Ting-Lu|p2a: Wo-Chien\n|move|p2a: Wo-Chien|Leech Seed|p1b: Ting-Lu|[miss]\n|-miss|p2a: Wo-Chien|p1b: Ting-Lu\n|move|p1a: Indeedee|Dazzling Gleam|p2b: Flutter Mane|[spread] p2a,p2b\n|-supereffective|p2a: Wo-Chien\n|-damage|p2a: Wo-Chien|88\/100\n|-damage|p2b: Flutter Mane|94\/100\n|move|p2b: Flutter Mane|Moonblast|p1a: Indeedee\n|-damage|p1a: Indeedee|0 fnt\n|faint|p1a: Indeedee\n|\n|upkeep\n|inactive|hubbcappa has 30 seconds left.\n|\n|t:|1683765350\n|switch|p1a: Oranguru|Oranguru, L50, F|100\/100\n|turn|4\n|\n|t:|1683765369\n|-end|p2b: Flutter Mane|Protosynthesis|[silent]\n|switch|p2b: Arcanine|Arcanine, L50, M|100\/100\n|-ability|p2b: Arcanine|Intimidate|boost\n|-unboost|p1a: Oranguru|atk|1\n|-unboost|p1b: Ting-Lu|atk|1\n|move|p1b: Ting-Lu|Fissure|p2a: Wo-Chien|[miss]\n|-miss|p1b: Ting-Lu|p2a: Wo-Chien\n|move|p1a: Oranguru|Instruct|p1b: Ting-Lu\n|-singleturn|p1b: Ting-Lu|move: Instruct|[of] p1a: Oranguru\n|move|p1b: Ting-Lu|Fissure|p2a: Wo-Chien\n|-damage|p2a: Wo-Chien|0 fnt\n|faint|p2a: Wo-Chien\n|-ohko\n|\n|upkeep\n|\n|t:|1683765382\n|switch|p2a: Glimmora|Glimmora, L50, M|100\/100\n|turn|5\n|\n|t:|1683765397\n|-terastallize|p2a: Glimmora|Grass\n|move|p1b: Ting-Lu|Fissure|p2a: Glimmora|[miss]\n|-miss|p1b: Ting-Lu|p2a: Glimmora\n|move|p1a: Oranguru|Instruct|p1b: Ting-Lu\n|-singleturn|p1b: Ting-Lu|move: Instruct|[of] p1a: Oranguru\n|move|p1b: Ting-Lu|Fissure|p2a: Glimmora\n|-enditem|p2a: Glimmora|Focus Sash\n|-damage|p2a: Glimmora|1\/100\n|-activate|p2a: Glimmora|ability: Toxic Debris\n|-sidestart|p1: hubbcappa|move: Toxic Spikes\n|move|p2a: Glimmora|Mortal Spin|p1a: Oranguru|[spread] p1a,p1b\n|-resisted|p1b: Ting-Lu\n|-damage|p1a: Oranguru|96\/100\n|-damage|p1b: Ting-Lu|99\/100\n|-status|p1a: Oranguru|psn\n|-status|p1b: Ting-Lu|psn\n|move|p2b: Arcanine|Will-O-Wisp|p1b: Ting-Lu|[miss]\n|-miss|p2b: Arcanine|p1b: Ting-Lu\n|\n|-damage|p1b: Ting-Lu|88\/100 psn|[from] psn\n|-damage|p1a: Oranguru|84\/100 psn|[from] psn\n|-fieldend|move: Trick Room\n|-fieldend|move: Psychic Terrain\n|upkeep\n|turn|6\n|inactive|hubbcappa has 30 seconds left.\n|inactive|Millie Jean has 30 seconds left.\n|inactive|hubbcappa has 20 seconds left.\n|inactive|hubbcappa has 15 seconds left.\n|inactive|hubbcappa has 10 seconds left.\n|\n|t:|1683765445\n|move|p2b: Arcanine|Flare Blitz|p1a: Oranguru\n|-damage|p1a: Oranguru|28\/100 psn\n|-enditem|p1a: Oranguru|Sitrus Berry|[eat]\n|-heal|p1a: Oranguru|53\/100 psn|[from] item: Sitrus Berry\n|-damage|p2b: Arcanine|82\/100|[from] Recoil\n|move|p2a: Glimmora|Energy Ball|p1a: Oranguru\n|-damage|p1a: Oranguru|35\/100 psn\n|move|p1a: Oranguru|Psychic|p2a: Glimmora\n|-crit|p2a: Glimmora\n|-damage|p2a: Glimmora|0 fnt\n|faint|p2a: Glimmora\n|move|p1b: Ting-Lu|Fissure|p2b: Arcanine|[miss]\n|-miss|p1b: Ting-Lu|p2b: Arcanine\n|\n|-damage|p1a: Oranguru|22\/100 psn|[from] psn\n|-damage|p1b: Ting-Lu|75\/100 psn|[from] psn\n|upkeep\n|\n|t:|1683765461\n|switch|p2a: Flutter Mane|Flutter Mane, L50|94\/100\n|turn|7\n|inactive|hubbcappa has 30 seconds left.\n|inactive|hubbcappa has 20 seconds left.\n|\n|t:|1683765497\n|move|p2a: Flutter Mane|Moonblast|p1b: Ting-Lu\n|-supereffective|p1b: Ting-Lu\n|-damage|p1b: Ting-Lu|16\/100 psn\n|-unboost|p1b: Ting-Lu|spa|1\n|-enditem|p1b: Ting-Lu|Weakness Policy\n|-boost|p1b: Ting-Lu|atk|2|[from] item: Weakness Policy\n|-boost|p1b: Ting-Lu|spa|2|[from] item: Weakness Policy\n|move|p2b: Arcanine|Flare Blitz|p1a: Oranguru\n|-damage|p1a: Oranguru|0 fnt\n|faint|p1a: Oranguru\n|-damage|p2b: Arcanine|75\/100|[from] Recoil\n|move|p1b: Ting-Lu|Fissure|p2b: Arcanine|[miss]\n|-miss|p1b: Ting-Lu|p2b: Arcanine\n|\n|-damage|p1b: Ting-Lu|4\/100 psn|[from] psn\n|upkeep\n|turn|8\n|-message|hubbcappa forfeited.\n|\n|win|Millie Jean\n|raw|hubbcappa's rating: 1133 → 1116<\/strong> (-17 for losing)\n|raw|Millie Jean's rating: 1241 → 1258<\/strong> (+17 for winning)\n|l|\u2606hubbcappa\n","uploadtime":1683765517,"views":2,"p1id":"hubbcappa","p2id":"milliejean","formatid":"gen9vgc2023regulationc","rating":1116,"private":0,"password":""}