{"id":"gen9vgc2023regulationc-1847690412","p1":"kanokano0519","p2":"natsukawa417","format":"[Gen 9] VGC 2023 Regulation C","log":"|j|\u2606kanokano0519\n|j|\u2606natsukawa417\n|t:|1681992829\n|gametype|doubles\n|player|p1|kanokano0519|266|1577\n|player|p2|natsukawa417|101|1677\n|teamsize|p1|6\n|teamsize|p2|6\n|gen|9\n|tier|[Gen 9] VGC 2023 Regulation C\n|rated|\n|rule|Species Clause: Limit one of each Pok\u00e9mon\n|rule|Item Clause: Limit one of each item\n|clearpoke\n|poke|p1|Dondozo, L50, M|\n|poke|p1|Tatsugiri, L50, F|\n|poke|p1|Chi-Yu, L50|\n|poke|p1|Dragonite, L50, F|\n|poke|p1|Glimmora, L50, F|\n|poke|p1|Iron Bundle, L50|\n|poke|p2|Dondozo, L50, M|\n|poke|p2|Tatsugiri, L50, F|\n|poke|p2|Glimmora, L50, F|\n|poke|p2|Corviknight, L50, F|\n|poke|p2|Flutter Mane, L50|\n|poke|p2|Sandy Shocks, L50|\n|teampreview|4\n|j| Nnhhgg\n|inactive|Battle timer is ON: inactive players will automatically lose when time's up. (requested by natsukawa417)\n|\n|t:|1681992950\n|start\n|switch|p1a: Iron Bundle|Iron Bundle, L50|100\/100\n|switch|p1b: Chi-Yu|Chi-Yu, L50|100\/100\n|switch|p2a: Flutter Mane|Flutter Mane, L50|100\/100\n|switch|p2b: Glimmora|Glimmora, L50, F|100\/100\n|-ability|p1b: Chi-Yu|Beads of Ruin\n|-enditem|p1a: Iron Bundle|Booster Energy\n|-activate|p1a: Iron Bundle|ability: Quark Drive|[fromitem]\n|-start|p1a: Iron Bundle|quarkdrivespe\n|turn|1\n|j| merahmerona\n|inactive|kanokano0519 has 30 seconds left.\n|inactive|natsukawa417 has 30 seconds left.\n|inactive|kanokano0519 has 20 seconds left.\n|inactive|natsukawa417 has 20 seconds left.\n|inactive|kanokano0519 has 15 seconds left.\n|inactive|kanokano0519 has 10 seconds left.\n|inactive|kanokano0519 has 5 seconds left.\n|\n|t:|1681993001\n|move|p2b: Glimmora|Spiky Shield|p2b: Glimmora\n|-singleturn|p2b: Glimmora|move: Protect\n|move|p1a: Iron Bundle|Icy Wind|p2a: Flutter Mane|[spread] p2a\n|-activate|p2b: Glimmora|move: Protect\n|-damage|p2a: Flutter Mane|73\/100\n|-unboost|p2a: Flutter Mane|spe|1\n|move|p1b: Chi-Yu|Heat Wave|p2a: Flutter Mane|[spread] p2a\n|-activate|p2b: Glimmora|move: Protect\n|-damage|p2a: Flutter Mane|20\/100\n|move|p2a: Flutter Mane|Dazzling Gleam|p1a: Iron Bundle|[spread] p1a,p1b\n|-damage|p1a: Iron Bundle|0 fnt\n|-damage|p1b: Chi-Yu|43\/100\n|faint|p1a: Iron Bundle\n|-end|p1a: Iron Bundle|Quark Drive|[silent]\n|\n|upkeep\n|\n|t:|1681993017\n|switch|p1a: Dondozo|Dondozo, L50, M|100\/100\n|turn|2\n|\n|t:|1681993037\n|switch|p1b: Tatsugiri|Tatsugiri, L50, F|100\/100\n|-activate|p1b: Tatsugiri|ability: Commander|[of] p1a: Dondozo\n|-boost|p1a: Dondozo|atk|2\n|-boost|p1a: Dondozo|spa|2\n|-boost|p1a: Dondozo|spe|2\n|-boost|p1a: Dondozo|def|2\n|-boost|p1a: Dondozo|spd|2\n|-terastallize|p1a: Dondozo|Grass\n|move|p1a: Dondozo|Earthquake|p2b: Glimmora|[spread] p2a,p2b\n|-miss|p1a: Dondozo|p1b: Tatsugiri\n|-supereffective|p2b: Glimmora\n|-damage|p2a: Flutter Mane|0 fnt\n|-enditem|p2b: Glimmora|Focus Sash\n|-damage|p2b: Glimmora|1\/100\n|-activate|p2b: Glimmora|ability: Toxic Debris\n|-sidestart|p1: kanokano0519|move: Toxic Spikes\n|faint|p2a: Flutter Mane\n|-end|p2a: Flutter Mane|Protosynthesis|[silent]\n|move|p2b: Glimmora|Energy Ball|p1a: Dondozo\n|-resisted|p1a: Dondozo\n|-damage|p1a: Dondozo|90\/100\n|\n|-heal|p1a: Dondozo|96\/100|[from] item: Leftovers\n|upkeep\n|\n|t:|1681993049\n|switch|p2a: Dondozo|Dondozo, L50, M|100\/100\n|turn|3\n|\n|t:|1681993065\n|switch|p2b: Tatsugiri|Tatsugiri, L50, F|100\/100\n|-activate|p2b: Tatsugiri|ability: Commander|[of] p2a: Dondozo\n|-boost|p2a: Dondozo|atk|2\n|-boost|p2a: Dondozo|spa|2\n|-boost|p2a: Dondozo|spe|2\n|-boost|p2a: Dondozo|def|2\n|-boost|p2a: Dondozo|spd|2\n|-terastallize|p2a: Dondozo|Flying\n|move|p1a: Dondozo|Earthquake|p2a: Dondozo|[spread] \n|-miss|p1a: Dondozo|p1b: Tatsugiri\n|-miss|p1a: Dondozo|p2b: Tatsugiri\n|-immune|p2a: Dondozo\n|move|p2a: Dondozo|Tera Blast|p1a: Dondozo\n|-supereffective|p1a: Dondozo\n|-damage|p1a: Dondozo|43\/100\n|\n|-heal|p1a: Dondozo|49\/100|[from] item: Leftovers\n|upkeep\n|turn|4\n|\n|t:|1681993082\n|move|p1a: Dondozo|Protect|p1a: Dondozo\n|-singleturn|p1a: Dondozo|Protect\n|move|p2a: Dondozo|Tera Blast|p1a: Dondozo\n|-activate|p1a: Dondozo|move: Protect\n|\n|-heal|p1a: Dondozo|56\/100|[from] item: Leftovers\n|upkeep\n|turn|5\n|\n|t:|1681993094\n|move|p1a: Dondozo|Wave Crash|p2a: Dondozo\n|-damage|p2a: Dondozo|62\/100\n|-damage|p1a: Dondozo|43\/100|[from] Recoil\n|move|p2a: Dondozo|Tera Blast|p1a: Dondozo\n|-supereffective|p1a: Dondozo\n|-damage|p1a: Dondozo|0 fnt\n|faint|p1a: Dondozo\n|\n|upkeep\n|\n|t:|1681993103\n|switch|p1a: Chi-Yu|Chi-Yu, L50|43\/100\n|-status|p1a: Chi-Yu|psn\n|-ability|p1a: Chi-Yu|Beads of Ruin\n|turn|6\n|\n|t:|1681993115\n|move|p1b: Tatsugiri|Icy Wind|p2a: Dondozo|[spread] p2a\n|-miss|p1b: Tatsugiri|p2b: Tatsugiri\n|-supereffective|p2a: Dondozo\n|-damage|p2a: Dondozo|51\/100\n|-unboost|p2a: Dondozo|spe|1\n|move|p1a: Chi-Yu|Dark Pulse|p2a: Dondozo\n|-damage|p2a: Dondozo|32\/100\n|cant|p2a: Dondozo|flinch\n|\n|-damage|p1a: Chi-Yu|31\/100 psn|[from] psn\n|upkeep\n|turn|7\n|\n|t:|1681993128\n|move|p1b: Tatsugiri|Icy Wind|p2b: Tatsugiri|[spread] \n|-miss|p1b: Tatsugiri|p2b: Tatsugiri\n|-miss|p1b: Tatsugiri|p2a: Dondozo\n|move|p1a: Chi-Yu|Dark Pulse|p2a: Dondozo\n|-damage|p2a: Dondozo|13\/100\n|move|p2a: Dondozo|Earthquake|p1a: Chi-Yu|[spread] p1a,p1b\n|-miss|p2a: Dondozo|p2b: Tatsugiri\n|-supereffective|p1a: Chi-Yu\n|-damage|p1a: Chi-Yu|0 fnt\n|-damage|p1b: Tatsugiri|19\/100\n|faint|p1a: Chi-Yu\n|\n|upkeep\n|turn|8\n|-message|kanokano0519 forfeited.\n|\n|win|natsukawa417\n|raw|kanokano0519's rating: 1577 → 1563<\/strong> (-14 for losing)\n|raw|natsukawa417's rating: 1677 → 1691<\/strong> (+14 for winning)\n|l|\u2606kanokano0519\n","uploadtime":1681993144,"views":15,"p1id":"kanokano0519","p2id":"natsukawa417","formatid":"gen9vgc2023regulationc","rating":1563,"private":0,"password":""}