{"id":"gen9vgc2023regulationc-1849872039","p1":"Fiddlefern88","p2":"Sorenjedi","format":"[Gen 9] VGC 2023 Regulation C","log":"|j|\u2606Fiddlefern88\n|j|\u2606Sorenjedi\n|t:|1682262961\n|gametype|doubles\n|player|p1|Fiddlefern88|266|1109\n|player|p2|Sorenjedi|hiker|1110\n|teamsize|p1|6\n|teamsize|p2|6\n|gen|9\n|tier|[Gen 9] VGC 2023 Regulation C\n|rated|\n|rule|Species Clause: Limit one of each Pok\u00e9mon\n|rule|Item Clause: Limit one of each item\n|clearpoke\n|poke|p1|Azumarill, L50, F|\n|poke|p1|Brute Bonnet, L50|\n|poke|p1|Tauros-Paldea-Blaze, L50, M|\n|poke|p1|Ting-Lu, L50|\n|poke|p1|Baxcalibur, L50, F|\n|poke|p1|Flutter Mane, L50|\n|poke|p2|Gholdengo, L50|\n|poke|p2|Palafin, L50, M|\n|poke|p2|Baxcalibur, L50, M|\n|poke|p2|Garchomp, L50, F|\n|poke|p2|Tyranitar, L50, M|\n|poke|p2|Maushold-Four, L50|\n|teampreview|4\n|inactive|Battle timer is ON: inactive players will automatically lose when time's up. (requested by Fiddlefern88)\nFiddlefern88 has agreed to open team sheets.\n|inactive|Fiddlefern88 has 60 seconds left.\n|\n|t:|1682263013\n|start\n|switch|p1a: Tauros|Tauros-Paldea-Blaze, L50, M|100\/100\n|switch|p1b: Flutter Mane|Flutter Mane, L50|100\/100\n|switch|p2a: Palafin|Palafin, L50, M|100\/100\n|switch|p2b: Maushold|Maushold-Four, L50|100\/100\n|-ability|p1a: Tauros|Intimidate|boost\n|-unboost|p2a: Palafin|atk|1\n|-unboost|p2b: Maushold|atk|1\n|-enditem|p1b: Flutter Mane|Booster Energy\n|-activate|p1b: Flutter Mane|ability: Protosynthesis|[fromitem]\n|-start|p1b: Flutter Mane|protosynthesisspe\n|turn|1\n|\n|t:|1682263034\n|move|p1b: Flutter Mane|Dazzling Gleam|p2b: Maushold|[spread] p2a,p2b\n|-damage|p2a: Palafin|52\/100\n|-damage|p2b: Maushold|54\/100\n|move|p2b: Maushold|Population Bomb|p1a: Tauros\n|-damage|p1a: Tauros|93\/100\n|-damage|p1a: Tauros|86\/100\n|-damage|p1a: Tauros|79\/100\n|-damage|p1a: Tauros|72\/100\n|-damage|p1a: Tauros|65\/100\n|-damage|p1a: Tauros|57\/100\n|-damage|p1a: Tauros|50\/100\n|-damage|p1a: Tauros|43\/100\n|-damage|p1a: Tauros|36\/100\n|-damage|p1a: Tauros|30\/100\n|-hitcount|p1a: Tauros|10\n|move|p2a: Palafin|Flip Turn|p1b: Flutter Mane\n|-damage|p1b: Flutter Mane|52\/100\n|\n|t:|1682263055\n|detailschange|p2a: Palafin|Palafin-Hero, L50, M\n|switch|p2a: Gholdengo|Gholdengo, L50|100\/100|[from] Flip Turn\n|move|p1a: Tauros|Close Combat|p2b: Maushold\n|-supereffective|p2b: Maushold\n|-damage|p2b: Maushold|0 fnt\n|-unboost|p1a: Tauros|def|1\n|-unboost|p1a: Tauros|spd|1\n|faint|p2b: Maushold\n|\n|upkeep\n|\n|t:|1682263064\n|switch|p2b: Palafin|Palafin-Hero, L50, M|52\/100\n|-activate|p2b: Palafin|ability: Zero to Hero\n|turn|2\n|\n|t:|1682263073\n|move|p1b: Flutter Mane|Protect|p1b: Flutter Mane\n|-singleturn|p1b: Flutter Mane|Protect\n|move|p2b: Palafin|Jet Punch|p1b: Flutter Mane\n|-activate|p1b: Flutter Mane|move: Protect\n|move|p1a: Tauros|Will-O-Wisp|p2b: Palafin\n|-status|p2b: Palafin|brn\n|move|p2a: Gholdengo|Make It Rain|p1b: Flutter Mane|[spread] p1a\n|-activate|p1b: Flutter Mane|move: Protect\n|-resisted|p1a: Tauros\n|-damage|p1a: Tauros|0 fnt\n|-unboost|p2a: Gholdengo|spa|1\n|faint|p1a: Tauros\n|-damage|p2a: Gholdengo|91\/100|[from] item: Life Orb\n|\n|-damage|p2b: Palafin|46\/100 brn|[from] brn\n|upkeep\n|\n|t:|1682263089\n|switch|p1a: Baxcalibur|Baxcalibur, L50, F|100\/100\n|turn|3\n|\n|t:|1682263098\n|move|p2b: Palafin|Jet Punch|p1b: Flutter Mane\n|-crit|p1b: Flutter Mane\n|-damage|p1b: Flutter Mane|0 fnt\n|faint|p1b: Flutter Mane\n|-end|p1b: Flutter Mane|Protosynthesis|[silent]\n|move|p2a: Gholdengo|Nasty Plot|p2a: Gholdengo\n|-boost|p2a: Gholdengo|spa|2\n|move|p1a: Baxcalibur|Dragon Dance|p1a: Baxcalibur\n|-boost|p1a: Baxcalibur|atk|1\n|-boost|p1a: Baxcalibur|spe|1\n|\n|-damage|p2b: Palafin|40\/100 brn|[from] brn\n|upkeep\n|\n|t:|1682263106\n|switch|p1b: Azumarill|Azumarill, L50, F|100\/100\n|turn|4\n|\n|t:|1682263127\n|-terastallize|p1a: Baxcalibur|Electric\n|move|p2b: Palafin|Jet Punch|p1a: Baxcalibur\n|-damage|p1a: Baxcalibur|71\/100\n|move|p1b: Azumarill|Aqua Jet|p2a: Gholdengo\n|-damage|p2a: Gholdengo|62\/100\n|move|p1a: Baxcalibur|Tera Blast|p2a: Gholdengo\n|-damage|p2a: Gholdengo|0 fnt\n|faint|p2a: Gholdengo\n|\n|-damage|p2b: Palafin|35\/100 brn|[from] brn\n|upkeep\n|\n|t:|1682263140\n|switch|p2a: Garchomp|Garchomp, L50, F|100\/100\n|turn|5\n|\n|t:|1682263150\n|move|p2b: Palafin|Jet Punch|p1a: Baxcalibur\n|-damage|p1a: Baxcalibur|42\/100\n|move|p1a: Baxcalibur|Icicle Crash|p2a: Garchomp\n|-supereffective|p2a: Garchomp\n|-damage|p2a: Garchomp|0 fnt\n|faint|p2a: Garchomp\n|move|p1b: Azumarill|Play Rough|p2b: Palafin\n|-damage|p2b: Palafin|0 fnt\n|faint|p2b: Palafin\n|\n|win|Fiddlefern88\n|raw|Fiddlefern88's rating: 1109 → 1134<\/strong> (+25 for winning)\n|raw|Sorenjedi's rating: 1110 → 1085<\/strong> (-25 for losing)\n","uploadtime":1682263162,"views":16,"p1id":"fiddlefern88","p2id":"sorenjedi","formatid":"gen9vgc2023regulationc","rating":1085,"private":0,"password":""}