{"id":"gen9vgc2023regulationc-1852736265","p1":"Evokalis","p2":"Idk544","format":"[Gen 9] VGC 2023 Regulation C","log":"|j|\u2606Evokalis\n|j|\u2606Idk544\n|t:|1682601692\n|gametype|doubles\n|player|p1|Evokalis|iris-gen5bw2|1326\n|player|p2|Idk544|silver|1308\n|teamsize|p1|6\n|teamsize|p2|6\n|gen|9\n|tier|[Gen 9] VGC 2023 Regulation C\n|rated|\n|rule|Species Clause: Limit one of each Pok\u00e9mon\n|rule|Item Clause: Limit one of each item\n|clearpoke\n|poke|p1|Chi-Yu, L50|\n|poke|p1|Iron Hands, L50|\n|poke|p1|Flutter Mane, L50|\n|poke|p1|Ting-Lu, L50|\n|poke|p1|Garchomp, L50, F|\n|poke|p1|Amoonguss, L50, F|\n|poke|p2|Orthworm, L50, M|\n|poke|p2|Iron Hands, L50|\n|poke|p2|Flutter Mane, L50|\n|poke|p2|Gholdengo, L50|\n|poke|p2|Gyarados, L50, M|\n|poke|p2|Ting-Lu, L50|\n|teampreview|4\n|inactive|Battle timer is ON: inactive players will automatically lose when time's up. (requested by Evokalis)\nEvokalis has agreed to open team sheets.\nIdk544 has agreed to open team sheets.\n|inactive|Idk544 has 60 seconds left.\n|inactive|Idk544 has 30 seconds left.\n|inactive|Idk544 has 20 seconds left.\n|inactive|Idk544 has 15 seconds left.\n|inactive|Idk544 has 10 seconds left.\n|inactive|Idk544 has 5 seconds left.\n|\n|t:|1682601778\n|start\n|switch|p1a: Iron Hands|Iron Hands, L50|100\/100\n|switch|p1b: Ting-Lu|Ting-Lu, L50|100\/100\n|switch|p2a: Orthworm|Orthworm, L50, M|100\/100\n|switch|p2b: Ting-Lu|Ting-Lu, L50|100\/100\n|-ability|p2b: Ting-Lu|Vessel of Ruin\n|-ability|p1b: Ting-Lu|Vessel of Ruin\n|-enditem|p1a: Iron Hands|Booster Energy\n|-activate|p1a: Iron Hands|ability: Quark Drive|[fromitem]\n|-start|p1a: Iron Hands|quarkdriveatk\n|turn|1\n|inactive|Evokalis has 30 seconds left.\n|inactive|Idk544 has 30 seconds left.\n|inactive|Evokalis has 20 seconds left.\n|inactive|Evokalis has 15 seconds left.\n|\n|t:|1682601822\n|-terastallize|p1a: Iron Hands|Flying\n|move|p2a: Orthworm|Shed Tail|p2a: Orthworm\n|-start|p2a: Orthworm|Substitute|[from] move: Shed Tail\n|-damage|p2a: Orthworm|50\/100\n|-enditem|p2a: Orthworm|Sitrus Berry|[eat]\n|-heal|p2a: Orthworm|75\/100|[from] item: Sitrus Berry\n|\n|t:|1682601829\n|switch|p2a: Gyarados|Gyarados, L50, M|100\/100|[from] Shed Tail\n|-ability|p2a: Gyarados|Intimidate|boost\n|-unboost|p1a: Iron Hands|atk|1\n|-unboost|p1b: Ting-Lu|atk|1\n|move|p1a: Iron Hands|Swords Dance|p1a: Iron Hands\n|-boost|p1a: Iron Hands|atk|2\n|move|p2b: Ting-Lu|Stomping Tantrum|p1a: Iron Hands\n|-immune|p1a: Iron Hands\n|move|p1b: Ting-Lu|Ruination|p2b: Ting-Lu\n|-damage|p2b: Ting-Lu|50\/100\n|\n|upkeep\n|turn|2\n|inactive|Idk544 has 30 seconds left.\n|\n|t:|1682601855\n|move|p2b: Ting-Lu|Protect|p2b: Ting-Lu\n|-singleturn|p2b: Ting-Lu|Protect\n|move|p2a: Gyarados|Dragon Dance|p2a: Gyarados\n|-boost|p2a: Gyarados|atk|1\n|-boost|p2a: Gyarados|spe|1\n|move|p1a: Iron Hands|Drain Punch|p2b: Ting-Lu\n|-activate|p2b: Ting-Lu|move: Protect\n|move|p1b: Ting-Lu|Rock Slide|p2b: Ting-Lu|[spread] p2a\n|-activate|p2b: Ting-Lu|move: Protect\n|-supereffective|p2a: Gyarados\n|-activate|p2a: Gyarados|move: Substitute|[damage]\n|\n|upkeep\n|turn|3\n|c|\u2606Evokalis|that still didn't break\n|c|\u2606Evokalis|damn\n|inactive|Evokalis has 30 seconds left.\n|inactive|Evokalis has 20 seconds left.\n|\n|t:|1682601891\n|switch|p2b: Flutter Mane|Flutter Mane, L50|100\/100\n|move|p2a: Gyarados|Waterfall|p1b: Ting-Lu\n|-supereffective|p1b: Ting-Lu\n|-damage|p1b: Ting-Lu|26\/100\n|move|p1a: Iron Hands|Drain Punch|p2b: Flutter Mane\n|-immune|p2b: Flutter Mane\n|move|p1b: Ting-Lu|Rock Slide|p2b: Flutter Mane|[spread] p2a\n|-miss|p1b: Ting-Lu|p2b: Flutter Mane\n|-supereffective|p2a: Gyarados\n|-end|p2a: Gyarados|Substitute\n|\n|upkeep\n|turn|4\n|inactive|Idk544 has 30 seconds left.\n|inactive|Evokalis has 30 seconds left.\n|inactive|Evokalis has 20 seconds left.\n|inactive|Idk544 has 20 seconds left.\n|\n|t:|1682601938\n|move|p2a: Gyarados|Waterfall|p1a: Iron Hands\n|-damage|p1a: Iron Hands|59\/100\n|move|p2b: Flutter Mane|Moonblast|p1a: Iron Hands\n|-damage|p1a: Iron Hands|28\/100\n|-unboost|p1a: Iron Hands|spa|1\n|cant|p1a: Iron Hands|flinch\n|move|p1b: Ting-Lu|Throat Chop|p2b: Flutter Mane\n|-damage|p2b: Flutter Mane|54\/100\n|-start|p2b: Flutter Mane|Throat Chop|[silent]\n|\n|upkeep\n|turn|5\n|c|\u2606Evokalis|sigh\n|c|\u2606Evokalis|of course\n|inactive|Evokalis has 30 seconds left.\n|inactive|Evokalis has 20 seconds left.\n|\n|t:|1682601977\n|switch|p1b: Amoonguss|Amoonguss, L50, F|100\/100\n|move|p2a: Gyarados|Waterfall|p1b: Amoonguss\n|-resisted|p1b: Amoonguss\n|-damage|p1b: Amoonguss|75\/100\n|-damage|p2a: Gyarados|84\/100|[from] item: Rocky Helmet|[of] p1b: Amoonguss\n|move|p2b: Flutter Mane|Moonblast|p1a: Iron Hands\n|-damage|p1a: Iron Hands|0 fnt\n|faint|p1a: Iron Hands\n|-end|p1a: Iron Hands|Quark Drive|[silent]\n|\n|-end|p2b: Flutter Mane|Throat Chop|[silent]\n|upkeep\n|inactive|Evokalis has 30 seconds left.\n|\n|t:|1682602005\n|switch|p1a: Ting-Lu|Ting-Lu, L50|26\/100\n|-ability|p1a: Ting-Lu|Vessel of Ruin\n|turn|6\n|\n|t:|1682602019\n|-terastallize|p2a: Gyarados|Grass\n|move|p1b: Amoonguss|Rage Powder|p1b: Amoonguss\n|-singleturn|p1b: Amoonguss|move: Rage Powder\n|move|p2a: Gyarados|Waterfall|p1a: Ting-Lu\n|-supereffective|p1a: Ting-Lu\n|-crit|p1a: Ting-Lu\n|-damage|p1a: Ting-Lu|0 fnt\n|faint|p1a: Ting-Lu\n|move|p2b: Flutter Mane|Shadow Ball|p1b: Amoonguss\n|-damage|p1b: Amoonguss|37\/100\n|\n|upkeep\n|inactive|Evokalis has 30 seconds left.\n|\n|t:|1682602045\n|switch|p1a: Chi-Yu|Chi-Yu, L50|100\/100\n|-ability|p1a: Chi-Yu|Beads of Ruin\n|turn|7\n|\n|t:|1682602055\n|move|p1a: Chi-Yu|Heat Wave|p2a: Gyarados|[spread] p2a,p2b\n|-supereffective|p2a: Gyarados\n|-damage|p2a: Gyarados|0 fnt\n|-damage|p2b: Flutter Mane|0 fnt\n|faint|p2a: Gyarados\n|faint|p2b: Flutter Mane\n|-end|p2b: Flutter Mane|Protosynthesis|[silent]\n|move|p1b: Amoonguss|Pollen Puff|p2: Gyarados|[notarget]\n|-fail|p1b: Amoonguss\n|\n|upkeep\n|\n|t:|1682602065\n|switch|p2b: Orthworm|Orthworm, L50, M|75\/100\n|switch|p2a: Ting-Lu|Ting-Lu, L50|50\/100\n|-ability|p2a: Ting-Lu|Vessel of Ruin\n|turn|8\n|\n|t:|1682602079\n|move|p2b: Orthworm|Helping Hand|p2a: Ting-Lu\n|-singleturn|p2a: Ting-Lu|Helping Hand|[of] p2b: Orthworm\n|move|p1a: Chi-Yu|Heat Wave|p2b: Orthworm|[spread] p2a,p2b\n|-supereffective|p2b: Orthworm\n|-damage|p2a: Ting-Lu|28\/100\n|-damage|p2b: Orthworm|0 fnt\n|faint|p2b: Orthworm\n|move|p2a: Ting-Lu|Earthquake|p1b: Amoonguss|[spread] p1a,p1b\n|-supereffective|p1a: Chi-Yu\n|-damage|p1a: Chi-Yu|0 fnt\n|-damage|p1b: Amoonguss|5\/100\n|faint|p1a: Chi-Yu\n|move|p1b: Amoonguss|Spore|p2a: Ting-Lu\n|-status|p2a: Ting-Lu|slp|[from] move: Spore\n|\n|upkeep\n|turn|9\n|inactive|Evokalis has 30 seconds left.\n|inactive|Evokalis has 20 seconds left.\n|inactive|Evokalis has 15 seconds left.\n|inactive|Evokalis has 10 seconds left.\n|inactive|Evokalis has 5 seconds left.\n|\n|t:|1682602133\n|cant|p2a: Ting-Lu|slp\n|move|p1b: Amoonguss|Pollen Puff|p2a: Ting-Lu\n|-supereffective|p2a: Ting-Lu\n|-damage|p2a: Ting-Lu|12\/100 slp\n|-enditem|p2a: Ting-Lu|Aguav Berry|[eat]\n|-heal|p2a: Ting-Lu|46\/100 slp|[from] item: Aguav Berry\n|\n|upkeep\n|turn|10\n|\n|t:|1682602145\n|cant|p2a: Ting-Lu|slp\n|move|p1b: Amoonguss|Pollen Puff|p2a: Ting-Lu\n|-supereffective|p2a: Ting-Lu\n|-damage|p2a: Ting-Lu|30\/100 slp\n|\n|upkeep\n|turn|11\n|inactive|Evokalis has 30 seconds left.\n|\n|t:|1682602178\n|cant|p2a: Ting-Lu|slp\n|move|p1b: Amoonguss|Spore|p2a: Ting-Lu\n|-fail|p2a: Ting-Lu|slp\n|\n|upkeep\n|turn|12\n|inactive|Evokalis has 30 seconds left.\n|\n|t:|1682602211\n|move|p1b: Amoonguss|Protect|p1b: Amoonguss\n|-singleturn|p1b: Amoonguss|Protect\n|-curestatus|p2a: Ting-Lu|slp|[msg]\n|move|p2a: Ting-Lu|Stomping Tantrum|p1b: Amoonguss\n|-activate|p1b: Amoonguss|move: Protect\n|\n|upkeep\n|turn|13\n|\n|t:|1682602222\n|move|p2a: Ting-Lu|Stomping Tantrum|p1b: Amoonguss\n|-damage|p1b: Amoonguss|0 fnt\n|-damage|p2a: Ting-Lu|14\/100|[from] item: Rocky Helmet|[of] p1b: Amoonguss\n|faint|p1b: Amoonguss\n|\n|win|Idk544\n|raw|Evokalis's rating: 1326 → 1305<\/strong> (-21 for losing)\n|raw|Idk544's rating: 1308 → 1329<\/strong> (+21 for winning)\n|l|\u2606Evokalis\n","uploadtime":1682602229,"views":9,"p1id":"evokalis","p2id":"idk544","formatid":"gen9vgc2023regulationc","rating":1305,"private":0,"password":""}