{"id":"gen9vgc2023regulationc-1855744977","p1":"MrMaunsell","p2":"044kike","format":"[Gen 9] VGC 2023 Regulation C","log":"|j|\u2606MrMaunsell\n|j|\u2606044kike\n|t:|1682979237\n|gametype|doubles\n|player|p1|MrMaunsell|lance|1099\n|player|p2|044kike|102|1146\n|teamsize|p1|6\n|teamsize|p2|6\n|gen|9\n|tier|[Gen 9] VGC 2023 Regulation C\n|rated|\n|rule|Species Clause: Limit one of each Pok\u00e9mon\n|rule|Item Clause: Limit one of each item\n|clearpoke\n|poke|p1|Chien-Pao, L50|\n|poke|p1|Palafin, L50, M|\n|poke|p1|Amoonguss, L50, M|\n|poke|p1|Flutter Mane, L50|\n|poke|p1|Murkrow, L50, F|\n|poke|p1|Dragapult, L50, M|\n|poke|p2|Amoonguss, L50, M|\n|poke|p2|Ceruledge, L50, F|\n|poke|p2|Gyarados, L50, F|\n|poke|p2|Ting-Lu, L50|\n|poke|p2|Flutter Mane, L50|\n|poke|p2|Murkrow, L50, F|\n|teampreview|4\n|\n|t:|1682979272\n|start\n|switch|p1a: Amoonguss|Amoonguss, L50, M|100\/100\n|switch|p1b: Palafin|Palafin, L50, M|100\/100\n|switch|p2a: Murkrow|Murkrow, L50, F|100\/100\n|switch|p2b: Ceruledge|Ceruledge, L50, F|100\/100\n|turn|1\n|\n|t:|1682979291\n|-terastallize|p1b: Palafin|Water\n|-terastallize|p2b: Ceruledge|Grass\n|move|p2a: Murkrow|Tailwind|p2a: Murkrow\n|-sidestart|p2: 044kike|move: Tailwind\n|move|p2b: Ceruledge|Bulk Up|p2b: Ceruledge\n|-boost|p2b: Ceruledge|atk|1\n|-boost|p2b: Ceruledge|def|1\n|move|p1b: Palafin|Wave Crash|p2b: Ceruledge\n|-resisted|p2b: Ceruledge\n|-damage|p2b: Ceruledge|59\/100\n|-damage|p1b: Palafin|89\/100|[from] Recoil\n|move|p1a: Amoonguss|Spore|p2b: Ceruledge\n|-immune|p2b: Ceruledge\n|\n|upkeep\n|turn|2\n|\n|t:|1682979327\n|move|p1a: Amoonguss|Protect|p1a: Amoonguss\n|-singleturn|p1a: Amoonguss|Protect\n|move|p2a: Murkrow|Quash|p1a: Amoonguss\n|-activate|p1a: Amoonguss|move: Protect\n|move|p2b: Ceruledge|Bitter Blade|p1a: Amoonguss\n|-activate|p1a: Amoonguss|move: Protect\n|move|p1b: Palafin|Haze|p1b: Palafin\n|-clearallboost\n|\n|upkeep\n|turn|3\n|\n|t:|1682979364\n|move|p2a: Murkrow|Protect|p2a: Murkrow\n|-singleturn|p2a: Murkrow|Protect\n|move|p1b: Palafin|Jet Punch|p2a: Murkrow\n|-activate|p2a: Murkrow|move: Protect\n|move|p2b: Ceruledge|Tera Blast|p1b: Palafin\n|-supereffective|p1b: Palafin\n|-damage|p1b: Palafin|0 fnt\n|faint|p1b: Palafin\n|move|p1a: Amoonguss|Pollen Puff|p2a: Murkrow\n|-activate|p2a: Murkrow|move: Protect\n|\n|upkeep\n|\n|t:|1682979377\n|switch|p1b: Chien-Pao|Chien-Pao, L50|100\/100\n|-ability|p1b: Chien-Pao|Sword of Ruin\n|turn|4\n|\n|t:|1682979404\n|switch|p2b: Gyarados|Gyarados, L50, F|100\/100\n|-ability|p2b: Gyarados|Intimidate|boost\n|-unboost|p1a: Amoonguss|atk|1\n|-unboost|p1b: Chien-Pao|atk|1\n|move|p1a: Amoonguss|Rage Powder|p1a: Amoonguss\n|-singleturn|p1a: Amoonguss|move: Rage Powder\n|move|p2a: Murkrow|Quash||[still]\n|-fail|p2a: Murkrow\n|move|p1b: Chien-Pao|Ice Spinner|p2b: Gyarados\n|-damage|p2b: Gyarados|54\/100\n|\n|-sideend|p2: 044kike|move: Tailwind\n|upkeep\n|turn|5\n|\n|t:|1682979432\n|move|p2b: Gyarados|Protect|p2b: Gyarados\n|-singleturn|p2b: Gyarados|Protect\n|move|p1a: Amoonguss|Rage Powder|p1a: Amoonguss\n|-singleturn|p1a: Amoonguss|move: Rage Powder\n|move|p2a: Murkrow|Tailwind|p2a: Murkrow\n|-sidestart|p2: 044kike|move: Tailwind\n|move|p1b: Chien-Pao|Ice Spinner|p2b: Gyarados\n|-activate|p2b: Gyarados|move: Protect\n|\n|upkeep\n|turn|6\n|\n|t:|1682979459\n|switch|p2a: Ceruledge|Ceruledge, L50, F, tera:Grass|59\/100\n|move|p1a: Amoonguss|Rage Powder|p1a: Amoonguss\n|-singleturn|p1a: Amoonguss|move: Rage Powder\n|move|p2b: Gyarados|Taunt|p1a: Amoonguss\n|-start|p1a: Amoonguss|move: Taunt\n|move|p1b: Chien-Pao|Ice Spinner|p2b: Gyarados\n|-damage|p2b: Gyarados|8\/100\n|\n|upkeep\n|turn|7\n|\n|t:|1682979495\n|switch|p1a: Flutter Mane|Flutter Mane, L50|100\/100\n|move|p1b: Chien-Pao|Protect|p1b: Chien-Pao\n|-singleturn|p1b: Chien-Pao|Protect\n|move|p2a: Ceruledge|Bitter Blade|p1b: Chien-Pao\n|-activate|p1b: Chien-Pao|move: Protect\n|move|p2b: Gyarados|Crunch|p1b: Chien-Pao\n|-activate|p1b: Chien-Pao|move: Protect\n|\n|upkeep\n|turn|8\n|\n|t:|1682979516\n|move|p1b: Chien-Pao|Sucker Punch|p2a: Ceruledge\n|-damage|p2a: Ceruledge|6\/100\n|move|p2a: Ceruledge|Bitter Blade|p1b: Chien-Pao\n|-supereffective|p1b: Chien-Pao\n|-enditem|p1b: Chien-Pao|Focus Sash\n|-damage|p1b: Chien-Pao|1\/100\n|-heal|p2a: Ceruledge|58\/100|[from] drain|[of] p1b: Chien-Pao\n|move|p2b: Gyarados|Waterfall|p1a: Flutter Mane\n|-damage|p1a: Flutter Mane|0 fnt\n|faint|p1a: Flutter Mane\n|-end|p1a: Flutter Mane|Protosynthesis|[silent]\n|\n|-sideend|p2: 044kike|move: Tailwind\n|upkeep\n|\n|t:|1682979529\n|switch|p1a: Amoonguss|Amoonguss, L50, M|100\/100\n|turn|9\n|\n|t:|1682979556\n|move|p1a: Amoonguss|Rage Powder|p1a: Amoonguss\n|-singleturn|p1a: Amoonguss|move: Rage Powder\n|move|p1b: Chien-Pao|Sucker Punch||[still]\n|-fail|p1b: Chien-Pao\n|move|p2a: Ceruledge|Bulk Up|p2a: Ceruledge\n|-boost|p2a: Ceruledge|atk|1\n|-boost|p2a: Ceruledge|def|1\n|move|p2b: Gyarados|Waterfall|p1a: Amoonguss\n|-resisted|p1a: Amoonguss\n|-damage|p1a: Amoonguss|71\/100\n|\n|upkeep\n|turn|10\n|\n|t:|1682979590\n|move|p1a: Amoonguss|Rage Powder|p1a: Amoonguss\n|-singleturn|p1a: Amoonguss|move: Rage Powder\n|move|p1b: Chien-Pao|Ice Spinner|p2a: Ceruledge\n|-supereffective|p2a: Ceruledge\n|-crit|p2a: Ceruledge\n|-damage|p2a: Ceruledge|0 fnt\n|faint|p2a: Ceruledge\n|move|p2b: Gyarados|Waterfall|p1a: Amoonguss\n|-resisted|p1a: Amoonguss\n|-damage|p1a: Amoonguss|41\/100\n|-enditem|p1a: Amoonguss|Sitrus Berry|[eat]\n|-heal|p1a: Amoonguss|66\/100|[from] item: Sitrus Berry\n|\n|upkeep\n|\n|t:|1682979601\n|switch|p2a: Murkrow|Murkrow, L50, F|100\/100\n|turn|11\n|\n|t:|1682979615\n|move|p1a: Amoonguss|Rage Powder|p1a: Amoonguss\n|-singleturn|p1a: Amoonguss|move: Rage Powder\n|move|p2a: Murkrow|Tailwind|p2a: Murkrow\n|-sidestart|p2: 044kike|move: Tailwind\n|move|p2b: Gyarados|Taunt|p1a: Amoonguss\n|-start|p1a: Amoonguss|move: Taunt\n|move|p1b: Chien-Pao|Ice Spinner|p2a: Murkrow\n|-supereffective|p2a: Murkrow\n|-damage|p2a: Murkrow|2\/100\n|\n|upkeep\n|turn|12\n|\n|t:|1682979663\n|move|p2a: Murkrow|Quash|p1a: Amoonguss\n|-activate|p1a: Amoonguss|move: Quash\n|move|p1b: Chien-Pao|Sucker Punch|p2b: Gyarados\n|-damage|p2b: Gyarados|0 fnt\n|faint|p2b: Gyarados\n|move|p1a: Amoonguss|Pollen Puff|p1b: Chien-Pao\n|-heal|p1b: Chien-Pao|51\/100\n|\n|upkeep\n|\n|t:|1682979671\n|switch|p2b: Flutter Mane|Flutter Mane, L50|100\/100\n|-enditem|p2b: Flutter Mane|Booster Energy\n|-activate|p2b: Flutter Mane|ability: Protosynthesis|[fromitem]\n|-start|p2b: Flutter Mane|protosynthesisspe\n|turn|13\n|\n|t:|1682979703\n|move|p2a: Murkrow|Quash|p1a: Amoonguss\n|-activate|p1a: Amoonguss|move: Quash\n|move|p1b: Chien-Pao|Sucker Punch|p2b: Flutter Mane\n|-damage|p2b: Flutter Mane|28\/100\n|move|p2b: Flutter Mane|Dazzling Gleam|p1b: Chien-Pao|[spread] p1a,p1b\n|-resisted|p1a: Amoonguss\n|-supereffective|p1b: Chien-Pao\n|-damage|p1a: Amoonguss|55\/100\n|-damage|p1b: Chien-Pao|0 fnt\n|faint|p1b: Chien-Pao\n|move|p1a: Amoonguss|Pollen Puff|p1: Chien-Pao|[notarget]\n|-fail|p1a: Amoonguss\n|\n|upkeep\n|turn|14\n|\n|t:|1682979722\n|move|p2a: Murkrow|Protect|p2a: Murkrow\n|-singleturn|p2a: Murkrow|Protect\n|move|p2b: Flutter Mane|Shadow Ball|p1a: Amoonguss\n|-damage|p1a: Amoonguss|24\/100\n|-unboost|p1a: Amoonguss|spd|1\n|move|p1a: Amoonguss|Pollen Puff|p2b: Flutter Mane\n|-resisted|p2b: Flutter Mane\n|-damage|p2b: Flutter Mane|24\/100\n|\n|-end|p1a: Amoonguss|move: Taunt\n|-sideend|p2: 044kike|move: Tailwind\n|upkeep\n|turn|15\n|\n|t:|1682979739\n|move|p2a: Murkrow|Tailwind|p2a: Murkrow\n|-sidestart|p2: 044kike|move: Tailwind\n|move|p2b: Flutter Mane|Shadow Ball|p1a: Amoonguss\n|-damage|p1a: Amoonguss|0 fnt\n|faint|p1a: Amoonguss\n|\n|win|044kike\n|raw|MrMaunsell's rating: 1099 → 1077<\/strong> (-22 for losing)\n|raw|044kike's rating: 1146 → 1168<\/strong> (+22 for winning)\n|l|\u2606MrMaunsell\n","uploadtime":1682979753,"views":14,"p1id":"mrmaunsell","p2id":"044kike","formatid":"gen9vgc2023regulationc","rating":1077,"private":0,"password":""}