{"id":"gen9vgc2023regulationc-1845887813","p1":"rutriyououiyiyuyt","p2":"Dizy88775","format":"[Gen 9] VGC 2023 Regulation C","log":"|j|\u2606rutriyououiyiyuyt\n|j|\u2606Dizy88775\n|t:|1681775593\n|gametype|doubles\n|player|p1|rutriyououiyiyuyt|2|1000\n|player|p2|Dizy88775|hiker-gen4|1000\n|teamsize|p1|6\n|teamsize|p2|6\n|gen|9\n|tier|[Gen 9] VGC 2023 Regulation C\n|rated|\n|rule|Species Clause: Limit one of each Pok\u00e9mon\n|rule|Item Clause: Limit one of each item\n|clearpoke\n|poke|p1|Amoonguss, L50, F|\n|poke|p1|Annihilape, L50, M|\n|poke|p1|Arcanine, L50, F|\n|poke|p1|Slowking, L50, F|\n|poke|p1|Iron Bundle, L50|\n|poke|p1|Baxcalibur, L50, M|\n|poke|p2|Palafin, L50, F|\n|poke|p2|Flutter Mane, L50|\n|poke|p2|Garchomp, L50, F|\n|poke|p2|Tyranitar, L50, M|\n|poke|p2|Gyarados, L50, F|\n|poke|p2|Great Tusk, L50|\n|teampreview|4\n|\n|t:|1681775608\n|start\n|switch|p1a: Slowking|Slowking, L50, F|100\/100\n|switch|p1b: Iron Bundle|Iron Bundle, L50|100\/100\n|switch|p2a: Palafin|Palafin, L50, F, shiny|100\/100\n|switch|p2b: Tyranitar|Tyranitar, L50, M, shiny|100\/100\n|-weather|Sandstorm|[from] ability: Sand Stream|[of] p2b: Tyranitar\n|turn|1\n|\n|t:|1681775626\n|detailschange|p2a: Palafin|Palafin-Hero, L50, F, shiny\n|switch|p2a: Gyarados|Gyarados, L50, F|100\/100\n|-ability|p2a: Gyarados|Intimidate|boost\n|-unboost|p1a: Slowking|atk|1\n|-unboost|p1b: Iron Bundle|atk|1\n|move|p1b: Iron Bundle|Hydro Pump|p2b: Tyranitar\n|-supereffective|p2b: Tyranitar\n|-damage|p2b: Tyranitar|15\/100\n|-damage|p1b: Iron Bundle|91\/100|[from] item: Life Orb\n|move|p2b: Tyranitar|Rock Slide|p1a: Slowking|[spread] p1a,p1b\n|-supereffective|p1b: Iron Bundle\n|-damage|p1a: Slowking|69\/100\n|-damage|p1b: Iron Bundle|22\/100\n|move|p1a: Slowking|Chilly Reception|p1a: Slowking\n|-weather|Snow\n|\n|t:|1681775641\n|switch|p1a: Amoonguss|Amoonguss, L50, F, shiny|100\/100|[from] Chilly Reception\n|\n|-weather|Snow|[upkeep]\n|upkeep\n|turn|2\n|\n|t:|1681775652\n|switch|p2b: Palafin|Palafin-Hero, L50, F, shiny|100\/100\n|-activate|p2b: Palafin|ability: Zero to Hero\n|move|p1b: Iron Bundle|Freeze-Dry|p2a: Gyarados\n|-supereffective|p2a: Gyarados\n|-damage|p2a: Gyarados|0 fnt\n|faint|p2a: Gyarados\n|-damage|p1b: Iron Bundle|12\/100|[from] item: Life Orb\n|move|p1a: Amoonguss|Pollen Puff|p1b: Iron Bundle\n|-heal|p1b: Iron Bundle|62\/100\n|\n|-weather|Snow|[upkeep]\n|upkeep\n|\n|t:|1681775660\n|switch|p2a: Tyranitar|Tyranitar, L50, M, shiny|15\/100\n|-weather|Sandstorm|[from] ability: Sand Stream|[of] p2a: Tyranitar\n|turn|3\n|\n|t:|1681775674\n|-end|p1b: Iron Bundle|Quark Drive|[silent]\n|switch|p1b: Slowking|Slowking, L50, F|100\/100\n|move|p2b: Palafin|Jet Punch|p1b: Slowking\n|-resisted|p1b: Slowking\n|-damage|p1b: Slowking|74\/100\n|move|p2a: Tyranitar|Rock Slide|p1a: Amoonguss|[spread] p1a,p1b\n|-damage|p1a: Amoonguss|72\/100\n|-damage|p1b: Slowking|47\/100\n|move|p1a: Amoonguss|Spore|p2b: Palafin\n|-status|p2b: Palafin|slp|[from] move: Spore\n|\n|-weather|Sandstorm|[upkeep]\n|-damage|p2b: Palafin|95\/100 slp|[from] Sandstorm\n|-damage|p1a: Amoonguss|66\/100|[from] Sandstorm\n|-damage|p1b: Slowking|41\/100|[from] Sandstorm\n|-heal|p1a: Amoonguss|72\/100|[from] item: Leftovers\n|upkeep\n|turn|4\n|\n|t:|1681775691\n|switch|p2a: Flutter Mane|Flutter Mane, L50|100\/100\n|-enditem|p2a: Flutter Mane|Booster Energy\n|-activate|p2a: Flutter Mane|ability: Protosynthesis|[fromitem]\n|-start|p2a: Flutter Mane|protosynthesisspa\n|cant|p2b: Palafin|slp\n|move|p1a: Amoonguss|Toxic|p2a: Flutter Mane\n|-status|p2a: Flutter Mane|tox\n|move|p1b: Slowking|Chilly Reception|p1b: Slowking\n|-weather|Snow\n|\n|t:|1681775703\n|switch|p1b: Arcanine|Arcanine, L50, F|100\/100|[from] Chilly Reception\n|-ability|p1b: Arcanine|Intimidate|boost\n|-unboost|p2a: Flutter Mane|atk|1\n|-unboost|p2b: Palafin|atk|1\n|\n|-weather|Snow|[upkeep]\n|-heal|p1a: Amoonguss|78\/100|[from] item: Leftovers\n|-damage|p2a: Flutter Mane|95\/100 tox|[from] psn\n|upkeep\n|turn|5\n|\n|t:|1681775714\n|-terastallize|p2a: Flutter Mane|Fairy\n|move|p1b: Arcanine|Extreme Speed|p2b: Palafin\n|-damage|p2b: Palafin|73\/100 slp\n|-curestatus|p2b: Palafin|slp|[msg]\n|move|p2b: Palafin|Jet Punch|p1b: Arcanine\n|-supereffective|p1b: Arcanine\n|-damage|p1b: Arcanine|17\/100\n|-enditem|p1b: Arcanine|Figy Berry|[eat]\n|-heal|p1b: Arcanine|50\/100|[from] item: Figy Berry\n|move|p2a: Flutter Mane|Dazzling Gleam|p1b: Arcanine|[spread] p1a,p1b\n|-resisted|p1a: Amoonguss\n|-resisted|p1b: Arcanine\n|-damage|p1a: Amoonguss|60\/100\n|-damage|p1b: Arcanine|14\/100\n|move|p1a: Amoonguss|Pollen Puff|p2b: Palafin\n|-damage|p2b: Palafin|56\/100\n|\n|-weather|Snow|[upkeep]\n|-heal|p1a: Amoonguss|65\/100|[from] item: Leftovers\n|-damage|p2a: Flutter Mane|83\/100 tox|[from] psn\n|upkeep\n|turn|6\n|\n|t:|1681775729\n|-terastallize|p1b: Arcanine|Grass\n|move|p2a: Flutter Mane|Protect|p2a: Flutter Mane\n|-singleturn|p2a: Flutter Mane|Protect\n|move|p2b: Palafin|Jet Punch|p1b: Arcanine\n|-resisted|p1b: Arcanine\n|-damage|p1b: Arcanine|0 fnt\n|faint|p1b: Arcanine\n|move|p1a: Amoonguss|Spore|p2b: Palafin\n|-status|p2b: Palafin|slp|[from] move: Spore\n|\n|-weather|Snow|[upkeep]\n|-heal|p1a: Amoonguss|71\/100|[from] item: Leftovers\n|-damage|p2a: Flutter Mane|66\/100 tox|[from] psn\n|upkeep\n|\n|t:|1681775736\n|switch|p1b: Iron Bundle|Iron Bundle, L50|62\/100\n|turn|7\n|\n|t:|1681775760\n|cant|p2b: Palafin|slp\n|move|p1b: Iron Bundle|Aurora Veil|p1b: Iron Bundle\n|-sidestart|p1: rutriyououiyiyuyt|move: Aurora Veil\n|move|p2a: Flutter Mane|Dazzling Gleam|p1b: Iron Bundle|[spread] p1a,p1b\n|-resisted|p1a: Amoonguss\n|-damage|p1a: Amoonguss|58\/100\n|-damage|p1b: Iron Bundle|0 fnt\n|faint|p1b: Iron Bundle\n|-end|p1b: Iron Bundle|Quark Drive|[silent]\n|move|p1a: Amoonguss|Pollen Puff|p2b: Palafin\n|-damage|p2b: Palafin|39\/100 slp\n|\n|-weather|Snow|[upkeep]\n|-heal|p1a: Amoonguss|64\/100|[from] item: Leftovers\n|-damage|p2a: Flutter Mane|43\/100 tox|[from] psn\n|upkeep\n|\n|t:|1681775766\n|switch|p1b: Slowking|Slowking, L50, F|74\/100\n|turn|8\n|\n|t:|1681775777\n|-curestatus|p2b: Palafin|slp|[msg]\n|move|p2b: Palafin|Jet Punch|p1b: Slowking\n|-resisted|p1b: Slowking\n|-damage|p1b: Slowking|61\/100\n|move|p2a: Flutter Mane|Shadow Ball|p1b: Slowking\n|-supereffective|p1b: Slowking\n|-damage|p1b: Slowking|19\/100\n|-unboost|p1b: Slowking|spd|1\n|move|p1a: Amoonguss|Pollen Puff|p2b: Palafin\n|-damage|p2b: Palafin|20\/100\n|move|p1b: Slowking|Blizzard|p2b: Palafin|[spread] p2a,p2b\n|-resisted|p2b: Palafin\n|-damage|p2a: Flutter Mane|24\/100 tox\n|-damage|p2b: Palafin|12\/100\n|\n|-weather|none\n|-heal|p1a: Amoonguss|70\/100|[from] item: Leftovers\n|-damage|p2a: Flutter Mane|0 fnt|[from] psn\n|faint|p2a: Flutter Mane\n|-end|p2a: Flutter Mane|Protosynthesis|[silent]\n|upkeep\n|\n|t:|1681775783\n|switch|p2a: Tyranitar|Tyranitar, L50, M, shiny|15\/100\n|-weather|Sandstorm|[from] ability: Sand Stream|[of] p2a: Tyranitar\n|turn|9\n|\n|t:|1681775801\n|move|p2b: Palafin|Jet Punch|p1b: Slowking\n|-resisted|p1b: Slowking\n|-damage|p1b: Slowking|8\/100\n|move|p2a: Tyranitar|Rock Slide|p1a: Amoonguss|[spread] p1a,p1b\n|-damage|p1a: Amoonguss|50\/100\n|-damage|p1b: Slowking|0 fnt\n|faint|p1b: Slowking\n|cant|p1a: Amoonguss|flinch\n|\n|-weather|Sandstorm|[upkeep]\n|-damage|p2b: Palafin|6\/100|[from] Sandstorm\n|-damage|p1a: Amoonguss|44\/100|[from] Sandstorm\n|-heal|p1a: Amoonguss|50\/100|[from] item: Leftovers\n|upkeep\n|turn|10\n|\n|t:|1681775815\n|move|p2b: Palafin|Wave Crash|p1a: Amoonguss\n|-resisted|p1a: Amoonguss\n|-damage|p1a: Amoonguss|25\/100\n|-damage|p2b: Palafin|0 fnt|[from] Recoil\n|faint|p2b: Palafin\n|move|p2a: Tyranitar|Crunch|p1a: Amoonguss\n|-damage|p1a: Amoonguss|0 fnt\n|faint|p1a: Amoonguss\n|\n|win|Dizy88775\n|raw|rutriyououiyiyuyt's rating: 1000 → 1000<\/strong> (+0 for losing)\n|raw|Dizy88775's rating: 1000 → 1040<\/strong> (+40 for winning)\n|l|\u2606rutriyououiyiyuyt\n","uploadtime":1681775832,"views":14,"p1id":"rutriyououiyiyuyt","p2id":"dizy88775","formatid":"gen9vgc2023regulationc","rating":1000,"private":0,"password":""}