{"id":"gen9vgc2023regulationc-1858320442","p1":"lin7482","p2":"Pr0xsome","format":"[Gen 9] VGC 2023 Regulation C","log":"|j|\u2606lin7482\n|j|\u2606Pr0xsome\n|t:|1683301681\n|gametype|doubles\n|player|p1|lin7482|169|1623\n|player|p2|Pr0xsome|preschooler|1740\n|teamsize|p1|6\n|teamsize|p2|6\n|gen|9\n|tier|[Gen 9] VGC 2023 Regulation C\n|rated|\n|rule|Species Clause: Limit one of each Pok\u00e9mon\n|rule|Item Clause: Limit one of each item\n|clearpoke\n|poke|p1|Dondozo, L50, M|\n|poke|p1|Ting-Lu, L50|\n|poke|p1|Arcanine, L50, M|\n|poke|p1|Tatsugiri, L50, F|\n|poke|p1|Flutter Mane, L50|\n|poke|p1|Maushold, L50|\n|poke|p2|Iron Treads, L50|\n|poke|p2|Glimmora, L50, M|\n|poke|p2|Dragonite, L50, F|\n|poke|p2|Chien-Pao, L50|\n|poke|p2|Arcanine, L50, M|\n|poke|p2|Rotom-Wash, L50|\n|teampreview|4\n|inactive|Battle timer is ON: inactive players will automatically lose when time's up. (requested by Pr0xsome)\n|\n|t:|1683301730\n|start\n|switch|p1a: Flutter Mane|Flutter Mane, L50|100\/100\n|switch|p1b: Maushold|Maushold, L50|100\/100\n|switch|p2a: Glimmora|Glimmora, L50, M|100\/100\n|switch|p2b: Rotom|Rotom-Wash, L50|100\/100\n|-enditem|p1a: Flutter Mane|Booster Energy\n|-activate|p1a: Flutter Mane|ability: Protosynthesis|[fromitem]\n|-start|p1a: Flutter Mane|protosynthesisspe\n|turn|1\n|\n|t:|1683301750\n|move|p1a: Flutter Mane|Shadow Ball|p2a: Glimmora\n|-crit|p2a: Glimmora\n|-damage|p2a: Glimmora|52\/100\n|move|p1b: Maushold|Population Bomb|p2a: Glimmora\n|-resisted|p2a: Glimmora\n|-damage|p2a: Glimmora|46\/100\n|-activate|p2a: Glimmora|ability: Toxic Debris\n|-sidestart|p1: lin7482|move: Toxic Spikes\n|-resisted|p2a: Glimmora\n|-damage|p2a: Glimmora|38\/100\n|-activate|p2a: Glimmora|ability: Toxic Debris\n|-sidestart|p1: lin7482|move: Toxic Spikes\n|-resisted|p2a: Glimmora\n|-damage|p2a: Glimmora|31\/100\n|-resisted|p2a: Glimmora\n|-damage|p2a: Glimmora|24\/100\n|-resisted|p2a: Glimmora\n|-damage|p2a: Glimmora|16\/100\n|-resisted|p2a: Glimmora\n|-damage|p2a: Glimmora|9\/100\n|-resisted|p2a: Glimmora\n|-damage|p2a: Glimmora|2\/100\n|-resisted|p2a: Glimmora\n|-damage|p2a: Glimmora|0 fnt\n|faint|p2a: Glimmora\n|-hitcount|p2: Glimmora|8\n|move|p2b: Rotom|Thunderbolt|p1b: Maushold\n|-damage|p1b: Maushold|52\/100\n|\n|upkeep\n|j| Therazer456\n|j| LetSheCook\n|\n|t:|1683301760\n|switch|p2a: Iron Treads|Iron Treads, L50|100\/100\n|-enditem|p2a: Iron Treads|Booster Energy\n|-activate|p2a: Iron Treads|ability: Quark Drive|[fromitem]\n|-start|p2a: Iron Treads|quarkdrivespe\n|turn|2\n|inactive|lin7482 has 30 seconds left.\n|inactive|lin7482 has 20 seconds left.\n|\n|t:|1683301796\n|move|p1a: Flutter Mane|Moonblast|p2b: Rotom\n|-damage|p2b: Rotom|54\/100\n|-unboost|p2b: Rotom|spa|1\n|move|p2a: Iron Treads|Earthquake|p1a: Flutter Mane|[spread] p1a,p1b\n|-immune|p2b: Rotom|[from] ability: Levitate\n|-crit|p1a: Flutter Mane\n|-damage|p1a: Flutter Mane|0 fnt\n|-damage|p1b: Maushold|0 fnt\n|faint|p1a: Flutter Mane\n|-end|p1a: Flutter Mane|Protosynthesis|[silent]\n|faint|p1b: Maushold\n|move|p2b: Rotom|Thunderbolt|p1: Flutter Mane|[notarget]\n|-fail|p2b: Rotom\n|\n|upkeep\n|j| Rabbihorn\n|\n|t:|1683301810\n|switch|p1a: Ting-Lu|Ting-Lu, L50|100\/100\n|switch|p1b: Arcanine|Arcanine, L50, M|100\/100\n|-status|p1b: Arcanine|tox\n|-ability|p1b: Arcanine|Intimidate|boost\n|-unboost|p2a: Iron Treads|atk|1\n|-unboost|p2b: Rotom|atk|1\n|-status|p1a: Ting-Lu|tox\n|-ability|p1a: Ting-Lu|Vessel of Ruin\n|turn|3\n|\n|t:|1683301830\n|-terastallize|p2a: Iron Treads|Water\n|-terastallize|p1b: Arcanine|Flying\n|move|p1b: Arcanine|Extreme Speed|p2b: Rotom\n|-damage|p2b: Rotom|34\/100\n|-enditem|p2b: Rotom|Sitrus Berry|[eat]\n|-heal|p2b: Rotom|59\/100|[from] item: Sitrus Berry\n|move|p2a: Iron Treads|Earthquake|p1b: Arcanine|[spread] p1a\n|-immune|p2b: Rotom|[from] ability: Levitate\n|-immune|p1b: Arcanine\n|-damage|p1a: Ting-Lu|87\/100 tox\n|move|p2b: Rotom|Nasty Plot|p2b: Rotom\n|-boost|p2b: Rotom|spa|2\n|move|p1a: Ting-Lu|Stomping Tantrum|p2a: Iron Treads\n|-damage|p2a: Iron Treads|75\/100\n|\n|-damage|p1b: Arcanine|95\/100 tox|[from] psn\n|-damage|p1a: Ting-Lu|81\/100 tox|[from] psn\n|upkeep\n|turn|4\n|\n|t:|1683301847\n|move|p1b: Arcanine|Extreme Speed|p2b: Rotom\n|-damage|p2b: Rotom|37\/100\n|move|p2a: Iron Treads|Iron Head|p1a: Ting-Lu\n|-damage|p1a: Ting-Lu|67\/100 tox\n|move|p2b: Rotom|Thunderbolt|p1b: Arcanine\n|-supereffective|p1b: Arcanine\n|-damage|p1b: Arcanine|16\/100 tox\n|move|p1a: Ting-Lu|Fissure|p2a: Iron Treads|[miss]\n|-miss|p1a: Ting-Lu|p2a: Iron Treads\n|\n|-damage|p1b: Arcanine|4\/100 tox|[from] psn\n|-damage|p1a: Ting-Lu|55\/100 tox|[from] psn\n|upkeep\n|turn|5\n|-message|lin7482 forfeited.\n|\n|win|Pr0xsome\n|raw|lin7482's rating: 1623 → 1609<\/strong> (-14 for losing)\n|raw|Pr0xsome's rating: 1740 → 1754<\/strong> (+14 for winning)\n|l|\u2606lin7482\n|l| LetSheCook\n|l| Therazer456\n|l| Rabbihorn\n|l|\u2606Pr0xsome\n","uploadtime":1683301862,"views":7,"p1id":"lin7482","p2id":"pr0xsome","formatid":"gen9vgc2023regulationc","rating":1609,"private":0,"password":""}