{"id":"gen9vgc2023regulationc-1862535305","p1":"CommunistGuy293","p2":"Broskander","format":"[Gen 9] VGC 2023 Regulation C","log":"|j|\u2606CommunistGuy293\n|j|\u2606Broskander\n|t:|1683898438\n|gametype|doubles\n|player|p1|CommunistGuy293|scientist-gen4|1324\n|player|p2|Broskander|1|1359\n|teamsize|p1|6\n|teamsize|p2|6\n|gen|9\n|tier|[Gen 9] VGC 2023 Regulation C\n|rated|\n|rule|Species Clause: Limit one of each Pok\u00e9mon\n|rule|Item Clause: Limit one of each item\n|clearpoke\n|poke|p1|Armarouge, L50, F|\n|poke|p1|Indeedee-F, L50, F|\n|poke|p1|Dragapult, L50, M|\n|poke|p1|Gastrodon-East, L50, M|\n|poke|p1|Iron Hands, L50|\n|poke|p1|Tyranitar, L50, M|\n|poke|p2|Gyarados, L50, M|\n|poke|p2|Arcanine, L50, M|\n|poke|p2|Amoonguss, L50, M|\n|poke|p2|Flutter Mane, L50|\n|poke|p2|Ting-Lu, L50|\n|poke|p2|Kingambit, L50, F|\n|teampreview|4\n|inactive|Battle timer is ON: inactive players will automatically lose when time's up. (requested by CommunistGuy293)\nCommunistGuy293 rejected open team sheets.\n|\n|t:|1683898486\n|start\n|switch|p1a: Iron Hands|Iron Hands, L50|100\/100\n|switch|p1b: Dragapult|Dragapult, L50, M|100\/100\n|switch|p2a: Ting-Lu|Ting-Lu, L50|100\/100\n|switch|p2b: Kingambit|Kingambit, L50, F|100\/100\n|-ability|p2a: Ting-Lu|Vessel of Ruin\n|turn|1\n|inactive|CommunistGuy293 has 30 seconds left.\n|inactive|Broskander has 30 seconds left.\n|\n|t:|1683898521\n|switch|p2a: Gyarados|Gyarados, L50, M|100\/100\n|-ability|p2a: Gyarados|Intimidate|boost\n|-unboost|p1a: Iron Hands|atk|1\n|-fail|p1b: Dragapult|unboost|[from] ability: Clear Body|[of] p1b: Dragapult\n|-terastallize|p2b: Kingambit|Flying\n|move|p1b: Dragapult|Reflect|p1b: Dragapult\n|-sidestart|p1: CommunistGuy293|Reflect\n|move|p2b: Kingambit|Kowtow Cleave|p1b: Dragapult\n|-supereffective|p1b: Dragapult\n|-damage|p1b: Dragapult|38\/100\n|move|p1a: Iron Hands|Close Combat|p2b: Kingambit\n|-resisted|p2b: Kingambit\n|-damage|p2b: Kingambit|83\/100\n|-unboost|p1a: Iron Hands|def|1\n|-unboost|p1a: Iron Hands|spd|1\n|\n|upkeep\n|turn|2\n|\n|t:|1683898545\n|switch|p2a: Arcanine|Arcanine, L50, M|100\/100\n|-ability|p2a: Arcanine|Intimidate|boost\n|-unboost|p1a: Iron Hands|atk|1\n|-fail|p1b: Dragapult|unboost|[from] ability: Clear Body|[of] p1b: Dragapult\n|move|p1b: Dragapult|Thunder Wave|p2a: Arcanine\n|-status|p2a: Arcanine|par\n|move|p2b: Kingambit|Kowtow Cleave|p1b: Dragapult\n|-supereffective|p1b: Dragapult\n|-damage|p1b: Dragapult|0 fnt\n|faint|p1b: Dragapult\n|move|p1a: Iron Hands|Wild Charge|p2b: Kingambit\n|-supereffective|p2b: Kingambit\n|-damage|p2b: Kingambit|39\/100\n|-damage|p1a: Iron Hands|92\/100|[from] Recoil\n|\n|upkeep\n|\n|t:|1683898562\n|switch|p1b: Tyranitar|Tyranitar, L50, M|100\/100\n|-weather|Sandstorm|[from] ability: Sand Stream|[of] p1b: Tyranitar\n|turn|3\n|\n|t:|1683898573\n|switch|p2b: Ting-Lu|Ting-Lu, L50|100\/100\n|-ability|p2b: Ting-Lu|Vessel of Ruin\n|-end|p1a: Iron Hands|Quark Drive|[silent]\n|switch|p1a: Gastrodon|Gastrodon-East, L50, M|100\/100\n|move|p2a: Arcanine|Will-O-Wisp|p1b: Tyranitar\n|-status|p1b: Tyranitar|brn\n|move|p1b: Tyranitar|Crunch|p2b: Ting-Lu\n|-resisted|p2b: Ting-Lu\n|-damage|p2b: Ting-Lu|92\/100\n|-unboost|p2b: Ting-Lu|def|1\n|\n|-weather|Sandstorm|[upkeep]\n|-damage|p2a: Arcanine|94\/100 par|[from] Sandstorm\n|-damage|p1b: Tyranitar|95\/100 brn|[from] brn\n|upkeep\n|turn|4\n|\n|t:|1683898593\n|switch|p2b: Gyarados|Gyarados, L50, M|100\/100\n|-ability|p2b: Gyarados|Intimidate|boost\n|-unboost|p1a: Gastrodon|atk|1\n|-unboost|p1b: Tyranitar|atk|1\n|cant|p2a: Arcanine|par\n|move|p1a: Gastrodon|Surf|p2b: Gyarados|[spread] p1b,p2a,p2b\n|-supereffective|p1b: Tyranitar\n|-supereffective|p2a: Arcanine\n|-resisted|p2b: Gyarados\n|-damage|p1b: Tyranitar|71\/100 brn\n|-damage|p2a: Arcanine|48\/100 par\n|-damage|p2b: Gyarados|91\/100\n|-enditem|p1b: Tyranitar|Weakness Policy\n|-boost|p1b: Tyranitar|atk|2|[from] item: Weakness Policy\n|-boost|p1b: Tyranitar|spa|2|[from] item: Weakness Policy\n|-enditem|p2a: Arcanine|Mirror Herb\n|-boost|p2a: Arcanine|atk|2|[from] item: Mirror Herb\n|-boost|p2a: Arcanine|spa|2|[from] item: Mirror Herb\n|move|p1b: Tyranitar|Rock Slide|p2a: Arcanine|[spread] p2a,p2b\n|-supereffective|p2a: Arcanine\n|-supereffective|p2b: Gyarados\n|-damage|p2a: Arcanine|0 fnt\n|-damage|p2b: Gyarados|46\/100\n|faint|p2a: Arcanine\n|\n|-weather|Sandstorm|[upkeep]\n|-damage|p1b: Tyranitar|65\/100 brn|[from] brn\n|upkeep\n|\n|t:|1683898617\n|switch|p2a: Ting-Lu|Ting-Lu, L50|92\/100\n|-ability|p2a: Ting-Lu|Vessel of Ruin\n|turn|5\n|\n|t:|1683898630\n|move|p1b: Tyranitar|Protect|p1b: Tyranitar\n|-singleturn|p1b: Tyranitar|Protect\n|move|p2b: Gyarados|Taunt|p1a: Gastrodon\n|-start|p1a: Gastrodon|move: Taunt\n|move|p2a: Ting-Lu|Payback|p1a: Gastrodon\n|-damage|p1a: Gastrodon|89\/100\n|move|p1a: Gastrodon|Surf|p2a: Ting-Lu|[spread] p2a,p2b\n|-activate|p1b: Tyranitar|move: Protect\n|-supereffective|p2a: Ting-Lu\n|-resisted|p2b: Gyarados\n|-damage|p2a: Ting-Lu|77\/100\n|-damage|p2b: Gyarados|39\/100\n|\n|-weather|Sandstorm|[upkeep]\n|-heal|p1a: Gastrodon|95\/100|[from] item: Leftovers\n|-damage|p1b: Tyranitar|59\/100 brn|[from] brn\n|-sideend|p1: CommunistGuy293|Reflect\n|upkeep\n|turn|6\n|\n|t:|1683898651\n|switch|p2b: Kingambit|Kingambit, L50, F, tera:Flying|39\/100\n|move|p2a: Ting-Lu|Earthquake|p1a: Gastrodon|[spread] p1a,p1b\n|-immune|p2b: Kingambit\n|-supereffective|p1b: Tyranitar\n|-damage|p1a: Gastrodon|64\/100\n|-damage|p1b: Tyranitar|0 fnt\n|faint|p1b: Tyranitar\n|move|p1a: Gastrodon|Earth Power|p2a: Ting-Lu\n|-damage|p2a: Ting-Lu|66\/100\n|\n|-weather|Sandstorm|[upkeep]\n|-damage|p2b: Kingambit|33\/100|[from] Sandstorm\n|-heal|p1a: Gastrodon|70\/100|[from] item: Leftovers\n|upkeep\n|\n|t:|1683898660\n|switch|p1b: Iron Hands|Iron Hands, L50|92\/100\n|turn|7\n|\n|t:|1683898676\n|switch|p2a: Gyarados|Gyarados, L50, M|39\/100\n|-ability|p2a: Gyarados|Intimidate|boost\n|-unboost|p1a: Gastrodon|atk|1\n|-unboost|p1b: Iron Hands|atk|1\n|move|p2b: Kingambit|Tera Blast|p1b: Iron Hands\n|-damage|p1b: Iron Hands|67\/100\n|move|p1a: Gastrodon|Surf|p2a: Gyarados|[spread] p1b,p2a,p2b\n|-resisted|p2a: Gyarados\n|-crit|p2b: Kingambit\n|-damage|p1b: Iron Hands|53\/100\n|-damage|p2a: Gyarados|31\/100\n|-damage|p2b: Kingambit|2\/100\n|move|p1b: Iron Hands|Wild Charge|p2b: Kingambit\n|-supereffective|p2b: Kingambit\n|-damage|p2b: Kingambit|0 fnt\n|faint|p2b: Kingambit\n|-damage|p1b: Iron Hands|53\/100|[from] Recoil\n|\n|-weather|none\n|-heal|p1a: Gastrodon|76\/100|[from] item: Leftovers\n|-end|p1a: Gastrodon|move: Taunt\n|upkeep\n|\n|t:|1683898696\n|switch|p2b: Ting-Lu|Ting-Lu, L50|66\/100\n|-ability|p2b: Ting-Lu|Vessel of Ruin\n|turn|8\n|\n|t:|1683898708\n|move|p2a: Gyarados|Taunt|p1a: Gastrodon\n|-start|p1a: Gastrodon|move: Taunt\n|move|p2b: Ting-Lu|Earthquake|p1b: Iron Hands|[spread] p1a,p1b\n|-immune|p2a: Gyarados\n|-supereffective|p1b: Iron Hands\n|-damage|p1a: Gastrodon|48\/100\n|-damage|p1b: Iron Hands|2\/100\n|cant|p1a: Gastrodon|move: Taunt|Recover\n|move|p1b: Iron Hands|Wild Charge|p2a: Gyarados\n|-supereffective|p2a: Gyarados\n|-damage|p2a: Gyarados|0 fnt\n|faint|p2a: Gyarados\n|-damage|p1b: Iron Hands|0 fnt|[from] Recoil\n|faint|p1b: Iron Hands\n|-end|p1b: Iron Hands|Quark Drive|[silent]\n|\n|-heal|p1a: Gastrodon|54\/100|[from] item: Leftovers\n|upkeep\n|turn|9\n|\n|t:|1683898727\n|move|p2b: Ting-Lu|Earthquake|p1a: Gastrodon\n|-damage|p1a: Gastrodon|15\/100\n|move|p1a: Gastrodon|Surf|p2b: Ting-Lu\n|-supereffective|p2b: Ting-Lu\n|-damage|p2b: Ting-Lu|45\/100\n|\n|-heal|p1a: Gastrodon|21\/100|[from] item: Leftovers\n|upkeep\n|turn|10\n|\n|t:|1683898735\n|move|p2b: Ting-Lu|Earthquake|p1a: Gastrodon\n|-damage|p1a: Gastrodon|0 fnt\n|faint|p1a: Gastrodon\n|\n|win|Broskander\n|raw|CommunistGuy293's rating: 1324 → 1306<\/strong> (-18 for losing)\n|raw|Broskander's rating: 1359 → 1377<\/strong> (+18 for winning)\n|c|\u2606Broskander|Gg\n|c|\u2606CommunistGuy293|gg\n|l|\u2606CommunistGuy293\n","uploadtime":1683898746,"views":11,"p1id":"communistguy293","p2id":"broskander","formatid":"gen9vgc2023regulationc","rating":1306,"private":0,"password":""}