{"id":"gen9vgc2023regulationc-1848063229","p1":"yungwasser","p2":"PsyCrowVGC","format":"[Gen 9] VGC 2023 Regulation C","log":"|j|\u2606yungwasser\n|j|\u2606PsyCrowVGC\n|t:|1682025579\n|gametype|doubles\n|player|p1|yungwasser|turo|1375\n|player|p2|PsyCrowVGC|steven|1313\n|teamsize|p1|6\n|teamsize|p2|6\n|gen|9\n|tier|[Gen 9] VGC 2023 Regulation C\n|rated|\n|rule|Species Clause: Limit one of each Pok\u00e9mon\n|rule|Item Clause: Limit one of each item\n|clearpoke\n|poke|p1|Annihilape, L50, M|\n|poke|p1|Iron Bundle, L50|\n|poke|p1|Arcanine, L50, F|\n|poke|p1|Roaring Moon, L50|\n|poke|p1|Gholdengo, L50|\n|poke|p1|Maushold-Four, L50|\n|poke|p2|Salamence, L50, M|\n|poke|p2|Abomasnow, L50, M|\n|poke|p2|Iron Bundle, L50|\n|poke|p2|Flutter Mane, L50|\n|poke|p2|Volcarona, L50, M|\n|poke|p2|Corviknight, L50, M|\n|teampreview|4\n|inactive|Battle timer is ON: inactive players will automatically lose when time's up. (requested by PsyCrowVGC)\nyungwasser has agreed to open team sheets.\n|\n|t:|1682025602\n|start\n|switch|p1a: Maushold|Maushold-Four, L50|100\/100\n|switch|p1b: Annihilape|Annihilape, L50, M|100\/100\n|switch|p2a: Abomasnow|Abomasnow, L50, M|100\/100\n|switch|p2b: Iron Bundle|Iron Bundle, L50|100\/100\n|-weather|Snow|[from] ability: Snow Warning|[of] p2a: Abomasnow\n|turn|1\n|inactive|yungwasser has 30 seconds left.\n|\n|t:|1682025629\n|move|p2b: Iron Bundle|Blizzard|p1a: Maushold|[spread] p1a,p1b\n|-damage|p1a: Maushold|59\/100\n|-damage|p1b: Annihilape|74\/100\n|move|p1a: Maushold|Super Fang|p2b: Iron Bundle\n|-damage|p2b: Iron Bundle|51\/100\n|move|p1b: Annihilape|Drain Punch|p2b: Iron Bundle\n|-supereffective|p2b: Iron Bundle\n|-damage|p2b: Iron Bundle|0 fnt\n|-heal|p1b: Annihilape|90\/100|[from] drain|[of] p2b: Iron Bundle\n|faint|p2b: Iron Bundle\n|-end|p2b: Iron Bundle|Quark Drive|[silent]\n|move|p2a: Abomasnow|Aurora Veil|p2a: Abomasnow\n|-sidestart|p2: PsyCrowVGC|move: Aurora Veil\n|\n|-weather|Snow|[upkeep]\n|upkeep\n|\n|t:|1682025641\n|switch|p2b: Flutter Mane|Flutter Mane, L50|100\/100\n|-enditem|p2b: Flutter Mane|Booster Energy\n|-activate|p2b: Flutter Mane|ability: Protosynthesis|[fromitem]\n|-start|p2b: Flutter Mane|protosynthesisspa\n|turn|2\n|\n|t:|1682025659\n|-terastallize|p1b: Annihilape|Water\n|move|p1a: Maushold|Follow Me|p1a: Maushold\n|-singleturn|p1a: Maushold|move: Follow Me\n|move|p2b: Flutter Mane|Moonblast|p1a: Maushold\n|-damage|p1a: Maushold|0 fnt\n|faint|p1a: Maushold\n|move|p1b: Annihilape|Rage Fist|p2b: Flutter Mane\n|-supereffective|p2b: Flutter Mane\n|-damage|p2b: Flutter Mane|12\/100\n|move|p2a: Abomasnow|Blizzard|p1b: Annihilape\n|-resisted|p1b: Annihilape\n|-damage|p1b: Annihilape|70\/100\n|\n|-weather|Snow|[upkeep]\n|upkeep\n|\n|t:|1682025680\n|switch|p1a: Roaring Moon|Roaring Moon, L50|100\/100\n|-enditem|p1a: Roaring Moon|Booster Energy\n|-activate|p1a: Roaring Moon|ability: Protosynthesis|[fromitem]\n|-start|p1a: Roaring Moon|protosynthesisatk\n|turn|3\n|\n|t:|1682025700\n|move|p2b: Flutter Mane|Thunderbolt|p1b: Annihilape\n|-supereffective|p1b: Annihilape\n|-damage|p1b: Annihilape|0 fnt\n|faint|p1b: Annihilape\n|move|p1a: Roaring Moon|Tailwind|p1a: Roaring Moon\n|-sidestart|p1: yungwasser|move: Tailwind\n|move|p2a: Abomasnow|Blizzard|p1a: Roaring Moon\n|-supereffective|p1a: Roaring Moon\n|-damage|p1a: Roaring Moon|8\/100\n|\n|-weather|Snow|[upkeep]\n|upkeep\n|\n|t:|1682025707\n|switch|p1b: Gholdengo|Gholdengo, L50|100\/100\n|turn|4\n|\n|t:|1682025726\n|move|p2b: Flutter Mane|Protect|p2b: Flutter Mane\n|-singleturn|p2b: Flutter Mane|Protect\n|move|p1a: Roaring Moon|Acrobatics|p2a: Abomasnow\n|-supereffective|p2a: Abomasnow\n|-damage|p2a: Abomasnow|40\/100\n|move|p1b: Gholdengo|Make It Rain|p2a: Abomasnow|[spread] p2a\n|-activate|p2b: Flutter Mane|move: Protect\n|-supereffective|p2a: Abomasnow\n|-damage|p2a: Abomasnow|0 fnt\n|-unboost|p1b: Gholdengo|spa|1\n|faint|p2a: Abomasnow\n|\n|-weather|Snow|[upkeep]\n|upkeep\n|\n|t:|1682025733\n|switch|p2a: Salamence|Salamence, L50, M, shiny|100\/100\n|-ability|p2a: Salamence|Intimidate|boost\n|-unboost|p1a: Roaring Moon|atk|1\n|-unboost|p1b: Gholdengo|atk|1\n|turn|5\n|\n|t:|1682025752\n|-terastallize|p2a: Salamence|Fire\n|move|p2b: Flutter Mane|Protect||[still]\n|-fail|p2b: Flutter Mane\n|move|p1a: Roaring Moon|Breaking Swipe|p2b: Flutter Mane|[spread] p2a\n|-immune|p2b: Flutter Mane\n|-damage|p2a: Salamence|85\/100\n|move|p1b: Gholdengo|Make It Rain|p2b: Flutter Mane|[spread] p2a,p2b\n|-resisted|p2a: Salamence\n|-supereffective|p2b: Flutter Mane\n|-damage|p2a: Salamence|74\/100\n|-damage|p2b: Flutter Mane|0 fnt\n|-unboost|p1b: Gholdengo|spa|1\n|faint|p2b: Flutter Mane\n|-end|p2b: Flutter Mane|Protosynthesis|[silent]\n|move|p2a: Salamence|Dragon Dance|p2a: Salamence\n|-boost|p2a: Salamence|atk|1\n|-boost|p2a: Salamence|spe|1\n|\n|-weather|none\n|-sideend|p2: PsyCrowVGC|move: Aurora Veil\n|upkeep\n|turn|6\n|inactive|yungwasser has 30 seconds left.\n|\n|t:|1682025779\n|move|p2a: Salamence|Protect|p2a: Salamence\n|-singleturn|p2a: Salamence|Protect\n|move|p1a: Roaring Moon|Acrobatics|p2a: Salamence\n|-activate|p2a: Salamence|move: Protect\n|move|p1b: Gholdengo|Nasty Plot|p1b: Gholdengo\n|-boost|p1b: Gholdengo|spa|2\n|\n|-sideend|p1: yungwasser|move: Tailwind\n|upkeep\n|turn|7\n|\n|t:|1682025789\n|move|p2a: Salamence|Earthquake|p1b: Gholdengo|[spread] p1a,p1b\n|-supereffective|p1b: Gholdengo\n|-crit|p1b: Gholdengo\n|-damage|p1a: Roaring Moon|0 fnt\n|-damage|p1b: Gholdengo|0 fnt\n|faint|p1a: Roaring Moon\n|-end|p1a: Roaring Moon|Protosynthesis|[silent]\n|faint|p1b: Gholdengo\n|\n|win|PsyCrowVGC\n|raw|yungwasser's rating: 1375 → 1351<\/strong> (-24 for losing)\n|raw|PsyCrowVGC's rating: 1313 → 1337<\/strong> (+24 for winning)\n|l|\u2606yungwasser\n","uploadtime":1682025812,"views":6,"p1id":"yungwasser","p2id":"psycrowvgc","formatid":"gen9vgc2023regulationc","rating":1337,"private":0,"password":""}