{"id":"gen9vgc2023regulationc-1864310512","p1":"revocolombia","p2":"Magiplop","format":"[Gen 9] VGC 2023 Regulation C","log":"|j|\u2606revocolombia\n|j|\u2606Magiplop\n|t:|1684153672\n|gametype|doubles\n|player|p1|revocolombia|pokemonranger-gen4|1291\n|player|p2|Magiplop|266|1305\n|teamsize|p1|6\n|teamsize|p2|6\n|gen|9\n|tier|[Gen 9] VGC 2023 Regulation C\n|rated|\n|rule|Species Clause: Limit one of each Pok\u00e9mon\n|rule|Item Clause: Limit one of each item\n|clearpoke\n|poke|p1|Flutter Mane, L50|\n|poke|p1|Annihilape, L50, F|\n|poke|p1|Dragonite, L50, F|\n|poke|p1|Chien-Pao, L50|\n|poke|p1|Murkrow, L50, M|\n|poke|p1|Rotom-Wash, L50|\n|poke|p2|Vivillon, L50, F|\n|poke|p2|Gyarados, L50, M|\n|poke|p2|Flutter Mane, L50|\n|poke|p2|Chien-Pao, L50|\n|poke|p2|Talonflame, L50, F|\n|poke|p2|Garchomp, L50, F|\n|teampreview|4\n|\n|t:|1684153687\n|start\n|switch|p1a: Murkrow|Murkrow, L50, M|100\/100\n|switch|p1b: Annihilape|Annihilape, L50, F, shiny|100\/100\n|switch|p2a: Talonflame|Talonflame, L50, F|100\/100\n|switch|p2b: Chien-Pao|Chien-Pao, L50|100\/100\n|-ability|p2b: Chien-Pao|Sword of Ruin\n|-item|p2b: Chien-Pao|Air Balloon\n|turn|1\n|\n|t:|1684153725\n|switch|p1a: Rotom|Rotom-Wash, L50|100\/100\n|-terastallize|p1b: Annihilape|Fire\n|move|p2a: Talonflame|Tailwind|p2a: Talonflame\n|-sidestart|p2: Magiplop|move: Tailwind\n|move|p2b: Chien-Pao|Ice Spinner|p1a: Rotom\n|-resisted|p1a: Rotom\n|-damage|p1a: Rotom|68\/100\n|move|p1b: Annihilape|Rage Fist|p2a: Talonflame\n|-damage|p2a: Talonflame|50\/100\n|\n|upkeep\n|turn|2\n|\n|t:|1684153766\n|switch|p2a: Cynthia|Garchomp, L50, F|100\/100\n|move|p2b: Chien-Pao|Ice Spinner|p1a: Rotom\n|-resisted|p1a: Rotom\n|-damage|p1a: Rotom|38\/100\n|move|p1b: Annihilape|Drain Punch|p2b: Chien-Pao\n|-supereffective|p2b: Chien-Pao\n|-damage|p2b: Chien-Pao|0 fnt\n|-enditem|p2b: Chien-Pao|Air Balloon\n|faint|p2b: Chien-Pao\n|move|p1a: Rotom|Volt Switch|p2a: Cynthia\n|-immune|p2a: Cynthia\n|\n|upkeep\n|\n|t:|1684153783\n|switch|p2b: Sada|Flutter Mane, L50|100\/100\n|-enditem|p2b: Sada|Booster Energy\n|-activate|p2b: Sada|ability: Protosynthesis|[fromitem]\n|-start|p2b: Sada|protosynthesisspe\n|turn|3\n|\n|t:|1684153794\n|move|p1b: Annihilape|Protect|p1b: Annihilape\n|-singleturn|p1b: Annihilape|Protect\n|move|p2b: Sada|Hex|p1a: Rotom\n|-damage|p1a: Rotom|0 fnt\n|faint|p1a: Rotom\n|move|p2a: Cynthia|Rock Slide|p1b: Annihilape\n|-activate|p1b: Annihilape|move: Protect\n|\n|upkeep\n|\n|t:|1684153805\n|switch|p1a: Murkrow|Murkrow, L50, M|100\/100\n|turn|4\n|\n|t:|1684153815\n|move|p1a: Murkrow|Tailwind|p1a: Murkrow\n|-sidestart|p1: revocolombia|move: Tailwind\n|move|p2b: Sada|Dazzling Gleam|p1a: Murkrow|[spread] p1a,p1b\n|-supereffective|p1a: Murkrow\n|-resisted|p1b: Annihilape\n|-damage|p1a: Murkrow|29\/100\n|-damage|p1b: Annihilape|88\/100\n|move|p2a: Cynthia|Rock Slide|p1a: Murkrow|[spread] p1a,p1b\n|-supereffective|p1a: Murkrow\n|-supereffective|p1b: Annihilape\n|-damage|p1a: Murkrow|0 fnt\n|-damage|p1b: Annihilape|55\/100\n|faint|p1a: Murkrow\n|cant|p1b: Annihilape|flinch\n|\n|-heal|p1b: Annihilape|61\/100|[from] item: Leftovers\n|-sideend|p2: Magiplop|move: Tailwind\n|upkeep\n|\n|t:|1684153831\n|switch|p1a: Flutter Mane|Flutter Mane, L50|100\/100\n|-enditem|p1a: Flutter Mane|Booster Energy\n|-activate|p1a: Flutter Mane|ability: Protosynthesis|[fromitem]\n|-start|p1a: Flutter Mane|protosynthesisspe\n|turn|5\n|\n|t:|1684153842\n|-end|p2b: Sada|Protosynthesis|[silent]\n|switch|p2b: Talonflame|Talonflame, L50, F|50\/100\n|-terastallize|p2a: Cynthia|Steel\n|move|p1a: Flutter Mane|Dazzling Gleam|p2b: Talonflame|[spread] p2a,p2b\n|-resisted|p2a: Cynthia\n|-resisted|p2b: Talonflame\n|-damage|p2a: Cynthia|86\/100\n|-damage|p2b: Talonflame|24\/100\n|move|p1b: Annihilape|Rage Fist|p2b: Talonflame\n|-damage|p2b: Talonflame|0 fnt\n|faint|p2b: Talonflame\n|move|p2a: Cynthia|Earthquake|p1b: Annihilape|[spread] p1a,p1b\n|-supereffective|p1b: Annihilape\n|-damage|p1a: Flutter Mane|45\/100\n|-damage|p1b: Annihilape|0 fnt\n|faint|p1b: Annihilape\n|\n|upkeep\n|\n|t:|1684153853\n|switch|p2b: Sada|Flutter Mane, L50|100\/100\n|turn|6\n|\n|t:|1684153863\n|move|p2b: Sada|Protect|p2b: Sada\n|-singleturn|p2b: Sada|Protect\n|move|p1a: Flutter Mane|Shadow Ball|p2b: Sada\n|-activate|p2b: Sada|move: Protect\n|move|p2a: Cynthia|Earthquake|p1a: Flutter Mane|[spread] p1a\n|-activate|p2b: Sada|move: Protect\n|-damage|p1a: Flutter Mane|0 fnt\n|faint|p1a: Flutter Mane\n|-end|p1a: Flutter Mane|Protosynthesis|[silent]\n|\n|win|Magiplop\n|raw|revocolombia's rating: 1291 → 1267<\/strong> (-24 for losing)\n|raw|Magiplop's rating: 1305 → 1324<\/strong> (+19 for winning)\n","uploadtime":1684153875,"views":7,"p1id":"revocolombia","p2id":"magiplop","formatid":"gen9vgc2023regulationc","rating":1267,"private":0,"password":""}