{"id":"gen9vgc2023regulationc-1862266089","p1":"BienMrd","p2":"Nehzzy","format":"[Gen 9] VGC 2023 Regulation C","log":"|j|\u2606BienMrd\n|j|\u2606Nehzzy\n|t:|1683857156\n|gametype|doubles\n|player|p1|BienMrd|265|1323\n|player|p2|Nehzzy|265|1312\n|teamsize|p1|6\n|teamsize|p2|6\n|gen|9\n|tier|[Gen 9] VGC 2023 Regulation C\n|rated|\n|rule|Species Clause: Limit one of each Pok\u00e9mon\n|rule|Item Clause: Limit one of each item\n|clearpoke\n|poke|p1|Dragonite, L50, M|\n|poke|p1|Amoonguss, L50, M|\n|poke|p1|Flutter Mane, L50|\n|poke|p1|Arcanine, L50, M|\n|poke|p1|Palafin, L50, F|\n|poke|p1|Chien-Pao, L50|\n|poke|p2|Amoonguss, L50, F|\n|poke|p2|Gyarados, L50, F|\n|poke|p2|Murkrow, L50, F|\n|poke|p2|Great Tusk, L50|\n|poke|p2|Flutter Mane, L50|\n|poke|p2|Gholdengo, L50|\n|teampreview|4\n|inactive|Battle timer is ON: inactive players will automatically lose when time's up. (requested by BienMrd)\nNehzzy has agreed to open team sheets.\n|c|\u2606Nehzzy|accept ots?\n|inactive|BienMrd has 60 seconds left.\n|inactive|Nehzzy has 60 seconds left.\n|inactive|BienMrd has 30 seconds left.\n|inactive|Nehzzy has 30 seconds left.\n|inactive|Nehzzy has 20 seconds left.\n|inactive|Nehzzy has 15 seconds left.\nBienMrd has agreed to open team sheets.\n|inactive|Nehzzy has 10 seconds left.\n|\n|t:|1683857242\n|start\n|switch|p1a: Palafin|Palafin, L50, F|100\/100\n|switch|p1b: Arcanine|Arcanine, L50, M|100\/100\n|switch|p2a: Murkrow|Murkrow, L50, F|100\/100\n|switch|p2b: Gholdengo|Gholdengo, L50|100\/100\n|-ability|p1b: Arcanine|Intimidate|boost\n|-unboost|p2a: Murkrow|atk|1\n|-unboost|p2b: Gholdengo|atk|1\n|turn|1\n|inactive|BienMrd has 30 seconds left.\n|inactive|Nehzzy has 30 seconds left.\n|inactive|BienMrd has 20 seconds left.\n|inactive|Nehzzy has 20 seconds left.\n|inactive|BienMrd has 15 seconds left.\n|\n|t:|1683857284\n|-terastallize|p2b: Gholdengo|Water\n|move|p1a: Palafin|Protect|p1a: Palafin\n|-singleturn|p1a: Palafin|Protect\n|move|p2a: Murkrow|Tailwind|p2a: Murkrow\n|-sidestart|p2: Nehzzy|move: Tailwind\n|move|p2b: Gholdengo|Nasty Plot|p2b: Gholdengo\n|-boost|p2b: Gholdengo|spa|2\n|move|p1b: Arcanine|Howl|p1b: Arcanine|[spread] p1a,p1b\n|-boost|p1a: Palafin|atk|1\n|-boost|p1b: Arcanine|atk|1\n|\n|upkeep\n|turn|2\n|\n|t:|1683857306\n|move|p2a: Murkrow|Sunny Day|p2a: Murkrow\n|-weather|SunnyDay\n|move|p2b: Gholdengo|Shadow Ball|p1b: Arcanine\n|-damage|p1b: Arcanine|6\/100\n|move|p1b: Arcanine|Flare Blitz|p2a: Murkrow\n|-damage|p2a: Murkrow|0 fnt\n|faint|p2a: Murkrow\n|-damage|p1b: Arcanine|0 fnt|[from] Recoil\n|faint|p1b: Arcanine\n|move|p1a: Palafin|Haze|p1a: Palafin\n|-clearallboost\n|\n|-weather|SunnyDay|[upkeep]\n|upkeep\n|\n|t:|1683857322\n|switch|p1b: Dragonite|Dragonite, L50, M|100\/100\n|switch|p2a: Gyarados|Gyarados, L50, F|100\/100\n|-ability|p2a: Gyarados|Intimidate|boost\n|-unboost|p1a: Palafin|atk|1\n|-fail|p1b: Dragonite|unboost|Attack|[from] ability: Inner Focus|[of] p1b: Dragonite\n|turn|3\n|\n|t:|1683857346\n|detailschange|p1a: Palafin|Palafin-Hero, L50, F\n|switch|p1a: Chien-Pao|Chien-Pao, L50|100\/100\n|-ability|p1a: Chien-Pao|Sword of Ruin\n|-terastallize|p1b: Dragonite|Normal\n|move|p1b: Dragonite|Extreme Speed|p2b: Gholdengo\n|-damage|p2b: Gholdengo|8\/100\n|move|p2b: Gholdengo|Shadow Ball|p1a: Chien-Pao\n|-resisted|p1a: Chien-Pao\n|-damage|p1a: Chien-Pao|67\/100\n|move|p2a: Gyarados|Thunder Wave|p1b: Dragonite\n|-status|p1b: Dragonite|par\n|\n|-weather|SunnyDay|[upkeep]\n|-heal|p2b: Gholdengo|14\/100|[from] item: Leftovers\n|upkeep\n|turn|4\n|inactive|Nehzzy has 30 seconds left.\n|inactive|Nehzzy has 20 seconds left.\n|\n|t:|1683857383\n|move|p1a: Chien-Pao|Protect|p1a: Chien-Pao\n|-singleturn|p1a: Chien-Pao|Protect\n|move|p1b: Dragonite|Extreme Speed|p2a: Gyarados\n|-damage|p2a: Gyarados|7\/100\n|move|p2b: Gholdengo|Nasty Plot|p2b: Gholdengo\n|-boost|p2b: Gholdengo|spa|2\n|move|p2a: Gyarados|Taunt|p1a: Chien-Pao\n|-activate|p1a: Chien-Pao|move: Protect\n|\n|-weather|SunnyDay|[upkeep]\n|-heal|p2b: Gholdengo|20\/100|[from] item: Leftovers\n|-sideend|p2: Nehzzy|move: Tailwind\n|upkeep\n|turn|5\n|inactive|BienMrd has 30 seconds left.\n|\n|t:|1683857410\n|move|p2b: Gholdengo|Protect|p2b: Gholdengo\n|-singleturn|p2b: Gholdengo|Protect\n|move|p1b: Dragonite|Extreme Speed|p2a: Gyarados\n|-damage|p2a: Gyarados|0 fnt\n|faint|p2a: Gyarados\n|move|p1a: Chien-Pao|Throat Chop|p2b: Gholdengo\n|-activate|p2b: Gholdengo|move: Protect\n|\n|-weather|SunnyDay|[upkeep]\n|-heal|p2b: Gholdengo|26\/100|[from] item: Leftovers\n|upkeep\n|\n|t:|1683857419\n|switch|p2a: Great Tusk|Great Tusk, L50|100\/100\n|-activate|p2a: Great Tusk|ability: Protosynthesis\n|-start|p2a: Great Tusk|protosynthesisatk\n|turn|6\n|inactive|BienMrd has 30 seconds left.\n|inactive|Nehzzy has 30 seconds left.\n|\n|t:|1683857454\n|move|p1b: Dragonite|Extreme Speed|p2b: Gholdengo\n|-damage|p2b: Gholdengo|0 fnt\n|faint|p2b: Gholdengo\n|move|p2a: Great Tusk|Close Combat|p1a: Chien-Pao\n|-supereffective|p1a: Chien-Pao\n|-damage|p1a: Chien-Pao|0 fnt\n|-unboost|p2a: Great Tusk|def|1\n|-unboost|p2a: Great Tusk|spd|1\n|faint|p1a: Chien-Pao\n|\n|-weather|none\n|-end|p2a: Great Tusk|Protosynthesis\n|upkeep\n|\n|t:|1683857466\n|switch|p1a: Palafin|Palafin-Hero, L50, F|100\/100\n|-activate|p1a: Palafin|ability: Zero to Hero\n|turn|7\n|\n|t:|1683857472\n|move|p1b: Dragonite|Extreme Speed|p2a: Great Tusk\n|-damage|p2a: Great Tusk|20\/100\n|move|p1a: Palafin|Jet Punch|p2a: Great Tusk\n|-supereffective|p2a: Great Tusk\n|-damage|p2a: Great Tusk|0 fnt\n|faint|p2a: Great Tusk\n|-end|p2a: Great Tusk|Protosynthesis|[silent]\n|\n|win|BienMrd\n|raw|BienMrd's rating: 1323 → 1342<\/strong> (+19 for winning)\n|raw|Nehzzy's rating: 1312 → 1293<\/strong> (-19 for losing)\n|c|\u2606Nehzzy|gg\n","uploadtime":1683857480,"views":6,"p1id":"bienmrd","p2id":"nehzzy","formatid":"gen9vgc2023regulationc","rating":1293,"private":0,"password":""}