{"id":"gen9vgc2023regulationc-1853200166","p1":"We_Love_The_Gong","p2":"Yassooooo","format":"[Gen 9] VGC 2023 Regulation C","log":"|j|\u2606We_Love_The_Gong\n|j|\u2606Yassooooo\n|t:|1682647712\n|gametype|doubles\n|player|p1|We_Love_The_Gong|fantina|1480\n|player|p2|Yassooooo|265|1573\n|teamsize|p1|6\n|teamsize|p2|6\n|gen|9\n|tier|[Gen 9] VGC 2023 Regulation C\n|rated|\n|rule|Species Clause: Limit one of each Pok\u00e9mon\n|rule|Item Clause: Limit one of each item\n|clearpoke\n|poke|p1|Gholdengo, L50|\n|poke|p1|Ting-Lu, L50|\n|poke|p1|Gyarados, L50, F|\n|poke|p1|Great Tusk, L50|\n|poke|p1|Glimmora, L50, M|\n|poke|p1|Roaring Moon, L50|\n|poke|p2|Dondozo, L50, M|\n|poke|p2|Tatsugiri-Stretchy, L50, M|\n|poke|p2|Iron Moth, L50|\n|poke|p2|Murkrow, L50, F|\n|poke|p2|Scream Tail, L50|\n|poke|p2|Flamigo, L50, M|\n|teampreview|4\nWe_Love_The_Gong has agreed to open team sheets.\nYassooooo rejected open team sheets.\n|inactive|Battle timer is ON: inactive players will automatically lose when time's up. (requested by Yassooooo)\n|\n|t:|1682647750\n|start\n|switch|p1a: Glimmora|Glimmora, L50, M|100\/100\n|switch|p1b: Gholdengo|Gholdengo, L50|100\/100\n|switch|p2a: Tatsugiri|Tatsugiri-Stretchy, L50, M|100\/100\n|switch|p2b: Murkrow|Murkrow, L50, F|100\/100\n|turn|1\n|\n|t:|1682647772\n|move|p2b: Murkrow|Protect|p2b: Murkrow\n|-singleturn|p2b: Murkrow|Protect\n|move|p1b: Gholdengo|Make It Rain|p2b: Murkrow|[spread] p2a\n|-activate|p2b: Murkrow|move: Protect\n|-resisted|p2a: Tatsugiri\n|-damage|p2a: Tatsugiri|83\/100\n|-unboost|p1b: Gholdengo|spa|1\n|move|p1a: Glimmora|Mortal Spin|p2b: Murkrow|[spread] p2a\n|-activate|p2b: Murkrow|move: Protect\n|-damage|p2a: Tatsugiri|76\/100\n|-status|p2a: Tatsugiri|psn\n|move|p2a: Tatsugiri|Substitute|p2a: Tatsugiri\n|-start|p2a: Tatsugiri|Substitute\n|-damage|p2a: Tatsugiri|51\/100 psn\n|\n|-damage|p2a: Tatsugiri|39\/100 psn|[from] psn\n|upkeep\n|-enditem|p2a: Tatsugiri|Sitrus Berry|[eat]\n|-heal|p2a: Tatsugiri|64\/100 psn|[from] item: Sitrus Berry\n|turn|2\n|\n|t:|1682647793\n|move|p2b: Murkrow|Perish Song|p2b: Murkrow\n|-start|p1a: Glimmora|perish3|[silent]\n|-immune|p1b: Gholdengo|[from] ability: Good as Gold\n|-start|p2a: Tatsugiri|perish3|[silent]\n|-start|p2b: Murkrow|perish3|[silent]\n|-fieldactivate|move: Perish Song\n|move|p1b: Gholdengo|Nasty Plot|p1b: Gholdengo\n|-boost|p1b: Gholdengo|spa|2\n|move|p1a: Glimmora|Mortal Spin|p2b: Murkrow|[spread] p2a,p2b\n|-activate|p2a: Tatsugiri|move: Substitute|[damage]\n|-damage|p2b: Murkrow|94\/100\n|-status|p2b: Murkrow|psn\n|move|p2a: Tatsugiri|Icy Wind|p1b: Gholdengo|[spread] p1a,p1b\n|-resisted|p1b: Gholdengo\n|-damage|p1a: Glimmora|88\/100\n|-damage|p1b: Gholdengo|94\/100\n|-unboost|p1a: Glimmora|spe|1\n|-unboost|p1b: Gholdengo|spe|1\n|\n|-damage|p2a: Tatsugiri|52\/100 psn|[from] psn\n|-damage|p2b: Murkrow|82\/100 psn|[from] psn\n|-start|p2a: Tatsugiri|perish3\n|-start|p2b: Murkrow|perish3\n|-start|p1a: Glimmora|perish3\n|upkeep\n|turn|3\n|\n|t:|1682647813\n|switch|p1a: Ting-Lu|Ting-Lu, L50|100\/100\n|-ability|p1a: Ting-Lu|Vessel of Ruin\n|move|p2a: Tatsugiri|Protect|p2a: Tatsugiri\n|-singleturn|p2a: Tatsugiri|Protect\n|move|p2b: Murkrow|Tailwind|p2b: Murkrow\n|-sidestart|p2: Yassooooo|move: Tailwind\n|move|p1b: Gholdengo|Make It Rain|p2a: Tatsugiri|[spread] p2b\n|-activate|p2a: Tatsugiri|move: Protect\n|-damage|p2b: Murkrow|31\/100 psn\n|-unboost|p1b: Gholdengo|spa|1\n|\n|-damage|p2a: Tatsugiri|40\/100 psn|[from] psn\n|-damage|p2b: Murkrow|18\/100 psn|[from] psn\n|-start|p2a: Tatsugiri|perish2\n|-start|p2b: Murkrow|perish2\n|upkeep\n|turn|4\n|inactive|Yassooooo has 30 seconds left.\n|\n|t:|1682647847\n|move|p2a: Tatsugiri|Icy Wind|p1a: Ting-Lu|[spread] p1a\n|-miss|p2a: Tatsugiri|p1b: Gholdengo\n|-supereffective|p1a: Ting-Lu\n|-damage|p1a: Ting-Lu|93\/100\n|-unboost|p1a: Ting-Lu|spe|1\n|move|p2b: Murkrow|U-turn|p1a: Ting-Lu\n|-supereffective|p1a: Ting-Lu\n|-damage|p1a: Ting-Lu|74\/100\n|\n|t:|1682647856\n|switch|p2b: Dondozo|Dondozo, L50, M, shiny|100\/100|[from] U-turn\n|-activate|p2a: Tatsugiri|ability: Commander|[of] p2b: Dondozo\n|-boost|p2b: Dondozo|atk|2\n|-boost|p2b: Dondozo|spa|2\n|-boost|p2b: Dondozo|spe|2\n|-boost|p2b: Dondozo|def|2\n|-boost|p2b: Dondozo|spd|2\n|move|p1b: Gholdengo|Make It Rain|p2b: Dondozo|[spread] p2b\n|-miss|p1b: Gholdengo|p2a: Tatsugiri\n|-resisted|p2b: Dondozo\n|-damage|p2b: Dondozo|91\/100\n|-unboost|p1b: Gholdengo|spa|1\n|move|p1a: Ting-Lu|Heavy Slam|p2a: Tatsugiri|[miss]\n|-miss|p1a: Ting-Lu|p2a: Tatsugiri\n|\n|-heal|p2b: Dondozo|97\/100|[from] item: Leftovers\n|-damage|p2a: Tatsugiri|28\/100 psn|[from] psn\n|-start|p2a: Tatsugiri|perish1\n|upkeep\n|turn|5\n|\n|t:|1682647877\n|switch|p1a: Gyarados|Gyarados, L50, F|100\/100\n|-ability|p1a: Gyarados|Intimidate|boost\n|-immune|p2a: Tatsugiri\n|-unboost|p2b: Dondozo|atk|1\n|move|p1b: Gholdengo|Protect|p1b: Gholdengo\n|-singleturn|p1b: Gholdengo|Protect\n|move|p2b: Dondozo|Substitute|p2b: Dondozo\n|-start|p2b: Dondozo|Substitute\n|-damage|p2b: Dondozo|73\/100\n|\n|-heal|p2b: Dondozo|79\/100|[from] item: Leftovers\n|-damage|p2a: Tatsugiri|15\/100 psn|[from] psn\n|-start|p2a: Tatsugiri|perish0\n|faint|p2a: Tatsugiri\n|upkeep\n|\n|t:|1682647887\n|switch|p2a: Flamigo|Flamigo, L50, M|100\/100\n|-copyboost|p2a: Flamigo|p2b: Dondozo|[from] ability: Costar\n|turn|6\n|inactive|We_Love_The_Gong has 30 seconds left.\n|inactive|We_Love_The_Gong has 20 seconds left.\n|\n|t:|1682647924\n|switch|p1b: Glimmora|Glimmora, L50, M|88\/100\n|move|p2a: Flamigo|Brave Bird|p1a: Gyarados\n|-damage|p1a: Gyarados|14\/100\n|-damage|p2a: Flamigo|66\/100|[from] Recoil\n|move|p2b: Dondozo|Rock Slide|p1b: Glimmora|[spread] p1a,p1b\n|-supereffective|p1a: Gyarados\n|-damage|p1a: Gyarados|0 fnt\n|-damage|p1b: Glimmora|61\/100\n|-activate|p1b: Glimmora|ability: Toxic Debris\n|-sidestart|p2: Yassooooo|move: Toxic Spikes\n|faint|p1a: Gyarados\n|\n|-heal|p2b: Dondozo|85\/100|[from] item: Leftovers\n|-sideend|p2: Yassooooo|move: Tailwind\n|upkeep\n|\n|t:|1682647932\n|switch|p1a: Ting-Lu|Ting-Lu, L50|74\/100\n|-ability|p1a: Ting-Lu|Vessel of Ruin\n|turn|7\n|-message|We_Love_The_Gong forfeited.\n|\n|win|Yassooooo\n|raw|We_Love_The_Gong's rating: 1480 → 1465<\/strong> (-15 for losing)\n|raw|Yassooooo's rating: 1573 → 1588<\/strong> (+15 for winning)\n","uploadtime":1682647939,"views":4,"p1id":"welovethegong","p2id":"yassooooo","formatid":"gen9vgc2023regulationc","rating":1465,"private":0,"password":""}