{"id":"gen9vgc2023regulationc-1856920180","p1":"u got dirged","p2":"TheLegendaryMuffin","format":"[Gen 9] VGC 2023 Regulation C","log":"|j|\u2606u got dirged\n|j|\u2606TheLegendaryMuffin\n|t:|1683125843\n|gametype|doubles\n|player|p1|u got dirged|irida|1393\n|player|p2|TheLegendaryMuffin|proton|1426\n|teamsize|p1|6\n|teamsize|p2|6\n|gen|9\n|tier|[Gen 9] VGC 2023 Regulation C\n|rated|\n|rule|Species Clause: Limit one of each Pok\u00e9mon\n|rule|Item Clause: Limit one of each item\n|clearpoke\n|poke|p1|Scream Tail, L50|\n|poke|p1|Baxcalibur, L50, F|\n|poke|p1|Corviknight, L50, M|\n|poke|p1|Rotom-Wash, L50|\n|poke|p1|Ting-Lu, L50|\n|poke|p1|Kingambit, L50, F|\n|poke|p2|Palafin, L50, M|\n|poke|p2|Arcanine, L50, F|\n|poke|p2|Flutter Mane, L50|\n|poke|p2|Wo-Chien, L50|\n|poke|p2|Kingambit, L50, F|\n|poke|p2|Sandy Shocks, L50|\n|teampreview|4\nu got dirged has agreed to open team sheets.\nTheLegendaryMuffin has agreed to open team sheets.\n|\n|t:|1683125931\n|start\n|switch|p1a: Scream Tail|Scream Tail, L50, shiny|100\/100\n|switch|p1b: Ting-Lu|Ting-Lu, L50|100\/100\n|switch|p2a: Wo-Chien|Wo-Chien, L50|100\/100\n|switch|p2b: Sandy Shocks|Sandy Shocks, L50|100\/100\n|-ability|p2a: Wo-Chien|Tablets of Ruin\n|-ability|p1b: Ting-Lu|Vessel of Ruin\n|-enditem|p1a: Scream Tail|Booster Energy\n|-activate|p1a: Scream Tail|ability: Protosynthesis|[fromitem]\n|-start|p1a: Scream Tail|protosynthesisspe\n|-enditem|p2b: Sandy Shocks|Booster Energy\n|-activate|p2b: Sandy Shocks|ability: Protosynthesis|[fromitem]\n|-start|p2b: Sandy Shocks|protosynthesisspa\n|turn|1\n|c|\u2606TheLegendaryMuffin|Glhf\n|c|\u2606u got dirged|glhf\n|\n|t:|1683125967\n|-terastallize|p2b: Sandy Shocks|Grass\n|-terastallize|p1b: Ting-Lu|Poison\n|move|p1a: Scream Tail|Howl|p1a: Scream Tail|[spread] p1a,p1b\n|-boost|p1a: Scream Tail|atk|1\n|-boost|p1b: Ting-Lu|atk|1\n|move|p2b: Sandy Shocks|Tera Blast|p1b: Ting-Lu\n|-resisted|p1b: Ting-Lu\n|-damage|p1b: Ting-Lu|92\/100\n|move|p2a: Wo-Chien|Leech Seed|p1b: Ting-Lu\n|-start|p1b: Ting-Lu|move: Leech Seed\n|move|p1b: Ting-Lu|Sand Tomb|p2b: Sandy Shocks\n|-resisted|p2b: Sandy Shocks\n|-damage|p2b: Sandy Shocks|91\/100\n|-activate|p2b: Sandy Shocks|move: Sand Tomb|[of] p1b: Ting-Lu\n|\n|-damage|p1b: Ting-Lu|79\/100|[from] Leech Seed|[of] p2a: Wo-Chien\n|-damage|p2b: Sandy Shocks|78\/100|[from] move: Sand Tomb|[partiallytrapped]\n|upkeep\n|turn|2\n|\n|t:|1683125996\n|move|p1a: Scream Tail|Encore|p2a: Wo-Chien\n|-start|p2a: Wo-Chien|Encore\n|move|p2b: Sandy Shocks|Earth Power|p1b: Ting-Lu\n|-supereffective|p1b: Ting-Lu\n|-damage|p1b: Ting-Lu|40\/100\n|move|p2a: Wo-Chien|Leech Seed|p1a: Scream Tail\n|-start|p1a: Scream Tail|move: Leech Seed\n|move|p1b: Ting-Lu|Stomping Tantrum|p2b: Sandy Shocks\n|-resisted|p2b: Sandy Shocks\n|-damage|p2b: Sandy Shocks|58\/100\n|\n|-damage|p1a: Scream Tail|88\/100|[from] Leech Seed|[of] p2a: Wo-Chien\n|-damage|p1b: Ting-Lu|28\/100|[from] Leech Seed|[of] p2a: Wo-Chien\n|-damage|p2b: Sandy Shocks|46\/100|[from] move: Sand Tomb|[partiallytrapped]\n|upkeep\n|turn|3\n|\n|t:|1683126045\n|move|p1a: Scream Tail|Play Rough|p2b: Sandy Shocks\n|-damage|p2b: Sandy Shocks|16\/100\n|move|p2b: Sandy Shocks|Earth Power|p1b: Ting-Lu\n|-supereffective|p1b: Ting-Lu\n|-crit|p1b: Ting-Lu\n|-damage|p1b: Ting-Lu|0 fnt\n|faint|p1b: Ting-Lu\n|move|p2a: Wo-Chien|Leech Seed||[still]\n|-fail|p2a: Wo-Chien\n|\n|-damage|p1a: Scream Tail|76\/100|[from] Leech Seed|[of] p2a: Wo-Chien\n|-end|p2b: Sandy Shocks|Sand Tomb|[partiallytrapped]|[silent]\n|upkeep\n|\n|t:|1683126053\n|switch|p1b: Baxcalibur|Baxcalibur, L50, F|100\/100\n|turn|4\n|\n|t:|1683126063\n|-end|p2b: Sandy Shocks|Protosynthesis|[silent]\n|switch|p2b: Arcanine|Arcanine, L50, F|100\/100\n|-ability|p2b: Arcanine|Intimidate|boost\n|-unboost|p1a: Scream Tail|atk|1\n|-unboost|p1b: Baxcalibur|atk|1\n|move|p1b: Baxcalibur|Ice Shard|p2b: Arcanine\n|-resisted|p2b: Arcanine\n|-crit|p2b: Arcanine\n|-damage|p2b: Arcanine|85\/100\n|move|p1a: Scream Tail|Disable|p2a: Wo-Chien\n|-start|p2a: Wo-Chien|Disable|Leech Seed\n|cant|p2a: Wo-Chien|Disable|Leech Seed\n|\n|-damage|p1a: Scream Tail|64\/100|[from] Leech Seed|[of] p2a: Wo-Chien\n|-end|p2a: Wo-Chien|Encore\n|upkeep\n|turn|5\n|\n|t:|1683126104\n|switch|p2a: Sandy Shocks|Sandy Shocks, L50, tera:Grass|16\/100\n|move|p1a: Scream Tail|Howl|p1a: Scream Tail|[spread] p1a,p1b\n|-boost|p1a: Scream Tail|atk|1\n|-boost|p1b: Baxcalibur|atk|1\n|move|p2b: Arcanine|Will-O-Wisp|p1a: Scream Tail\n|-status|p1a: Scream Tail|brn\n|move|p1b: Baxcalibur|Icicle Spear|p2a: Sandy Shocks\n|-supereffective|p2a: Sandy Shocks\n|-damage|p2a: Sandy Shocks|0 fnt\n|faint|p2a: Sandy Shocks\n|-end|p2a: Sandy Shocks|Protosynthesis|[silent]\n|-hitcount|p2: Sandy Shocks|1\n|\n|-damage|p1a: Scream Tail|58\/100 brn|[from] brn\n|upkeep\n|\n|t:|1683126120\n|switch|p2a: Wo-Chien|Wo-Chien, L50|100\/100\n|-ability|p2a: Wo-Chien|Tablets of Ruin\n|turn|6\n|\n|t:|1683126135\n|move|p1a: Scream Tail|Howl|p1a: Scream Tail|[spread] p1a,p1b\n|-boost|p1a: Scream Tail|atk|1\n|-boost|p1b: Baxcalibur|atk|1\n|move|p2b: Arcanine|Heat Wave|p1b: Baxcalibur|[spread] p1a,p1b\n|-damage|p1a: Scream Tail|37\/100 brn\n|-damage|p1b: Baxcalibur|76\/100\n|-ability|p1b: Baxcalibur|Thermal Exchange|boost\n|-boost|p1b: Baxcalibur|atk|1\n|move|p1b: Baxcalibur|Icicle Spear|p2a: Wo-Chien\n|-supereffective|p2a: Wo-Chien\n|-damage|p2a: Wo-Chien|60\/100\n|-supereffective|p2a: Wo-Chien\n|-damage|p2a: Wo-Chien|22\/100\n|-supereffective|p2a: Wo-Chien\n|-damage|p2a: Wo-Chien|0 fnt\n|faint|p2a: Wo-Chien\n|-hitcount|p2: Wo-Chien|3\n|\n|-damage|p1a: Scream Tail|32\/100 brn|[from] brn\n|upkeep\n|\n|t:|1683126139\n|switch|p2a: Kingambit|Kingambit, L50, F|100\/100\n|turn|7\n|\n|t:|1683126181\n|move|p2b: Arcanine|Protect|p2b: Arcanine\n|-singleturn|p2b: Arcanine|Protect\n|move|p1b: Baxcalibur|Protect|p1b: Baxcalibur\n|-singleturn|p1b: Baxcalibur|Protect\n|move|p1a: Scream Tail|Disable|p2b: Arcanine\n|-activate|p2b: Arcanine|move: Protect\n|move|p2a: Kingambit|Iron Head|p1b: Baxcalibur\n|-activate|p1b: Baxcalibur|move: Protect\n|\n|-damage|p1a: Scream Tail|19\/100 brn|[from] Leech Seed|[of] p2a: Kingambit\n|-damage|p1a: Scream Tail|14\/100 brn|[from] brn\n|upkeep\n|turn|8\n|\n|t:|1683126209\n|move|p2b: Arcanine|Protect|p2b: Arcanine\n|-singleturn|p2b: Arcanine|Protect\n|move|p1a: Scream Tail|Disable|p2a: Kingambit\n|-start|p2a: Kingambit|Disable|Iron Head\n|move|p1b: Baxcalibur|Glaive Rush|p2b: Arcanine\n|-activate|p2b: Arcanine|move: Protect\n|cant|p2a: Kingambit|Disable|Iron Head\n|\n|-damage|p1a: Scream Tail|1\/100 brn|[from] Leech Seed|[of] p2a: Kingambit\n|-damage|p1a: Scream Tail|0 fnt|[from] brn\n|faint|p1a: Scream Tail\n|-end|p1a: Scream Tail|Protosynthesis|[silent]\n|upkeep\n|\n|t:|1683126214\n|switch|p1a: Rotom|Rotom-Wash, L50, shiny|100\/100\n|turn|9\n|inactive|Battle timer is ON: inactive players will automatically lose when time's up. (requested by u got dirged)\n|\n|t:|1683126247\n|move|p2b: Arcanine|Will-O-Wisp|p1a: Rotom\n|-status|p1a: Rotom|brn\n|move|p1b: Baxcalibur|Glaive Rush|p2b: Arcanine\n|-damage|p2b: Arcanine|0 fnt\n|-singlemove|p1b: Baxcalibur|Glaive Rush|[silent]\n|faint|p2b: Arcanine\n|move|p1a: Rotom|Will-O-Wisp|p2a: Kingambit\n|-status|p2a: Kingambit|brn\n|move|p2a: Kingambit|Kowtow Cleave|p1a: Rotom\n|-damage|p1a: Rotom|81\/100 brn\n|\n|-damage|p1a: Rotom|75\/100 brn|[from] brn\n|-damage|p2a: Kingambit|95\/100 brn|[from] brn\n|upkeep\n|turn|10\n|c|\u2606TheLegendaryMuffin|Ggs\n|c|\u2606u got dirged|gg\n|-message|TheLegendaryMuffin forfeited.\n|\n|win|u got dirged\n|raw|u got dirged's rating: 1393 → 1415<\/strong> (+22 for winning)\n|raw|TheLegendaryMuffin's rating: 1426 → 1404<\/strong> (-22 for losing)\n|l|\u2606TheLegendaryMuffin\n","uploadtime":1683126276,"views":7,"p1id":"ugotdirged","p2id":"thelegendarymuffin","formatid":"gen9vgc2023regulationc","rating":1404,"private":0,"password":""}