{"id":"gen9vgc2023regulationc-1859802771","p1":"WhatWasIC00KING","p2":"Just Crit And Win","format":"[Gen 9] VGC 2023 Regulation C","log":"|j|\u2606WhatWasIC00KING\n|j|\u2606Just Crit And Win\n|t:|1683565800\n|gametype|doubles\n|player|p1|WhatWasIC00KING|gambler|\n|player|p2|Just Crit And Win|1|\n|teamsize|p1|6\n|teamsize|p2|6\n|gen|9\n|tier|[Gen 9] VGC 2023 Regulation C\n|rule|Species Clause: Limit one of each Pok\u00e9mon\n|rule|Item Clause: Limit one of each item\n|clearpoke\n|poke|p1|Iron Hands, L50|\n|poke|p1|Oranguru, L50, M|\n|poke|p1|Hatterene, L50, F|\n|poke|p1|Kingambit, L50, F|\n|poke|p1|Torkoal, L50, F|\n|poke|p1|Indeedee-F, L50, F|\n|poke|p2|Flutter Mane, L50|\n|poke|p2|Arcanine, L50, F|\n|poke|p2|Palafin, L50, F|\n|poke|p2|Chien-Pao, L50|\n|poke|p2|Great Tusk, L50|\n|poke|p2|Amoonguss, L50, M|\n|teampreview|4\n|inactive|Battle timer is ON: inactive players will automatically lose when time's up. (requested by Just Crit And Win)\nJust Crit And Win has agreed to open team sheets.\nWhatWasIC00KING has agreed to open team sheets.\n|inactive|WhatWasIC00KING has 60 seconds left.\n|inactive|Just Crit And Win has 60 seconds left.\n|\n|t:|1683565850\n|start\n|switch|p1a: Iron Hands|Iron Hands, L50|100\/100\n|switch|p1b: Oranguru|Oranguru, L50, M, shiny|100\/100\n|switch|p2a: Great Tusk|Great Tusk, L50|100\/100\n|switch|p2b: Flutter Mane|Flutter Mane, L50|100\/100\n|-enditem|p2b: Flutter Mane|Booster Energy\n|-activate|p2b: Flutter Mane|ability: Protosynthesis|[fromitem]\n|-start|p2b: Flutter Mane|protosynthesisspa\n|turn|1\n|inactive|WhatWasIC00KING has 30 seconds left.\n|inactive|Just Crit And Win has 30 seconds left.\n|inactive|Just Crit And Win has 20 seconds left.\n|\n|t:|1683565887\n|-end|p2a: Great Tusk|Protosynthesis|[silent]\n|switch|p2a: Amoonguss|Amoonguss, L50, M|100\/100\n|move|p1a: Iron Hands|Fake Out|p2a: Amoonguss\n|-damage|p2a: Amoonguss|87\/100\n|move|p2b: Flutter Mane|Substitute|p2b: Flutter Mane\n|-start|p2b: Flutter Mane|Substitute\n|-damage|p2b: Flutter Mane|76\/100\n|move|p1b: Oranguru|Trick Room|p1b: Oranguru\n|-fieldstart|move: Trick Room|[of] p1b: Oranguru\n|\n|upkeep\n|turn|2\n|inactive|WhatWasIC00KING has 30 seconds left.\n|inactive|Just Crit And Win has 30 seconds left.\n|\n|t:|1683565914\n|move|p2a: Amoonguss|Pollen Puff|p2b: Flutter Mane\n|-heal|p2b: Flutter Mane|100\/100\n|move|p1a: Iron Hands|Wild Charge|p2b: Flutter Mane\n|-end|p2b: Flutter Mane|Substitute\n|-damage|p1a: Iron Hands|96\/100|[from] Recoil|[of] p2b: Flutter Mane\n|move|p1b: Oranguru|Yawn|p2a: Amoonguss\n|-start|p2a: Amoonguss|move: Yawn|[of] p1b: Oranguru\n|move|p2b: Flutter Mane|Shadow Ball|p1a: Iron Hands\n|-damage|p1a: Iron Hands|70\/100\n|\n|upkeep\n|turn|3\n|inactive|Just Crit And Win has 30 seconds left.\n|inactive|Just Crit And Win has 20 seconds left.\n|inactive|Just Crit And Win has 15 seconds left.\n|\n|t:|1683565957\n|switch|p2a: Chien-Pao|Chien-Pao, L50|100\/100\n|-ability|p2a: Chien-Pao|Sword of Ruin\n|move|p1a: Iron Hands|Wild Charge|p2b: Flutter Mane\n|-damage|p2b: Flutter Mane|0 fnt\n|faint|p2b: Flutter Mane\n|-end|p2b: Flutter Mane|Protosynthesis|[silent]\n|-damage|p1a: Iron Hands|54\/100|[from] Recoil\n|move|p1b: Oranguru|Instruct|p1a: Iron Hands\n|-singleturn|p1a: Iron Hands|move: Instruct|[of] p1b: Oranguru\n|move|p1a: Iron Hands|Wild Charge|p2a: Chien-Pao\n|-damage|p2a: Chien-Pao|34\/100\n|-damage|p1a: Iron Hands|44\/100|[from] Recoil\n|\n|upkeep\n|\n|t:|1683565968\n|switch|p2b: Amoonguss|Amoonguss, L50, M|100\/100\n|turn|4\n|\n|t:|1683565984\n|-end|p1a: Iron Hands|Quark Drive|[silent]\n|switch|p1a: Hatterene|Hatterene, L50, F|100\/100\n|move|p2a: Chien-Pao|Protect|p2a: Chien-Pao\n|-singleturn|p2a: Chien-Pao|Protect\n|move|p2b: Amoonguss|Spore|p1b: Oranguru\n|-status|p1b: Oranguru|slp|[from] move: Spore\n|cant|p1b: Oranguru|slp\n|\n|upkeep\n|turn|5\n|\n|t:|1683566000\n|switch|p1b: Indeedee|Indeedee-F, L50, F|100\/100\n|-fieldstart|move: Psychic Terrain|[from] ability: Psychic Surge|[of] p1b: Indeedee\n|-enditem|p1b: Indeedee|Psychic Seed\n|-boost|p1b: Indeedee|spd|1|[from] item: Psychic Seed\n|switch|p2a: Great Tusk|Great Tusk, L50|100\/100\n|move|p2b: Amoonguss|Protect|p2b: Amoonguss\n|-singleturn|p2b: Amoonguss|Protect\n|move|p1a: Hatterene|Psychic|p2b: Amoonguss\n|-activate|p2b: Amoonguss|move: Protect\n|\n|-fieldend|move: Trick Room\n|upkeep\n|turn|6\n|inactive|WhatWasIC00KING has 30 seconds left.\n|inactive|WhatWasIC00KING has 20 seconds left.\n|inactive|WhatWasIC00KING has 15 seconds left.\n|\n|t:|1683566040\n|switch|p2b: Chien-Pao|Chien-Pao, L50|34\/100\n|-ability|p2b: Chien-Pao|Sword of Ruin\n|-terastallize|p2a: Great Tusk|Ground\n|move|p1b: Indeedee|Helping Hand|p1a: Hatterene\n|-singleturn|p1a: Hatterene|Helping Hand|[of] p1b: Indeedee\n|move|p2a: Great Tusk|Earthquake|p1b: Indeedee|[spread] p2b,p1a,p1b\n|-damage|p2b: Chien-Pao|0 fnt\n|-damage|p1a: Hatterene|22\/100\n|-damage|p1b: Indeedee|23\/100\n|faint|p2b: Chien-Pao\n|move|p1a: Hatterene|Psychic|p2a: Great Tusk\n|-damage|p2a: Great Tusk|0 fnt\n|faint|p2a: Great Tusk\n|-end|p2a: Great Tusk|Protosynthesis|[silent]\n|-damage|p1a: Hatterene|13\/100|[from] item: Life Orb\n|\n|upkeep\n|\n|t:|1683566050\n|switch|p2b: Amoonguss|Amoonguss, L50, M|100\/100\n|turn|7\n|\n|t:|1683566058\n|move|p1b: Indeedee|Helping Hand|p1a: Hatterene\n|-singleturn|p1a: Hatterene|Helping Hand|[of] p1b: Indeedee\n|move|p2b: Amoonguss|Pollen Puff|p1a: Hatterene\n|-damage|p1a: Hatterene|0 fnt\n|faint|p1a: Hatterene\n|\n|upkeep\n|\n|t:|1683566065\n|switch|p1a: Iron Hands|Iron Hands, L50|44\/100\n|turn|8\n|\n|t:|1683566077\n|switch|p1b: Oranguru|Oranguru, L50, M, shiny|100\/100 slp\n|move|p1a: Iron Hands|Fake Out|p2b: Amoonguss\n|-activate|p2b: Amoonguss|move: Psychic Terrain\n|move|p2b: Amoonguss|Spore|p1a: Iron Hands\n|-status|p1a: Iron Hands|slp|[from] move: Spore\n|\n|upkeep\n|turn|9\n|\n|t:|1683566095\n|cant|p1b: Oranguru|slp\n|cant|p1a: Iron Hands|slp\n|move|p2b: Amoonguss|Pollen Puff|p1b: Oranguru\n|-supereffective|p1b: Oranguru\n|-damage|p1b: Oranguru|74\/100 slp\n|\n|-fieldend|move: Psychic Terrain\n|upkeep\n|turn|10\n|\n|t:|1683566108\n|cant|p1b: Oranguru|slp\n|cant|p1a: Iron Hands|slp\n|move|p2b: Amoonguss|Pollen Puff|p1a: Iron Hands\n|-resisted|p1a: Iron Hands\n|-damage|p1a: Iron Hands|39\/100 slp\n|\n|upkeep\n|turn|11\n|\n|t:|1683566121\n|-curestatus|p1b: Oranguru|slp|[msg]\n|move|p1b: Oranguru|Yawn|p2b: Amoonguss\n|-start|p2b: Amoonguss|move: Yawn|[of] p1b: Oranguru\n|-curestatus|p1a: Iron Hands|slp|[msg]\n|move|p1a: Iron Hands|Drain Punch|p2b: Amoonguss\n|-resisted|p2b: Amoonguss\n|-damage|p2b: Amoonguss|83\/100\n|-heal|p1a: Iron Hands|47\/100|[from] drain|[of] p2b: Amoonguss\n|move|p2b: Amoonguss|Pollen Puff|p1b: Oranguru\n|-supereffective|p1b: Oranguru\n|-damage|p1b: Oranguru|46\/100\n|\n|upkeep\n|turn|12\n|-message|Just Crit And Win forfeited.\n|\n|win|WhatWasIC00KING\n","uploadtime":1683566138,"views":9,"p1id":"whatwasic00king","p2id":"justcritandwin","formatid":"gen9vgc2023regulationc","rating":0,"private":0,"password":""}