{"id":"gen9vgc2023regulationc-1862387711","p1":"ArticRanked","p2":"FkThisCoinFlipGame","format":"[Gen 9] VGC 2023 Regulation C","log":"|j|\u2606ArticRanked\n|j|\u2606FkThisCoinFlipGame\n|t:|1683877608\n|gametype|doubles\n|player|p1|ArticRanked|colress|1417\n|player|p2|FkThisCoinFlipGame|170|1366\n|teamsize|p1|6\n|teamsize|p2|6\n|gen|9\n|tier|[Gen 9] VGC 2023 Regulation C\n|rated|\n|rule|Species Clause: Limit one of each Pok\u00e9mon\n|rule|Item Clause: Limit one of each item\n|clearpoke\n|poke|p1|Slither Wing, L50|\n|poke|p1|Amoonguss, L50, F|\n|poke|p1|Corviknight, L50, M|\n|poke|p1|Iron Bundle, L50|\n|poke|p1|Great Tusk, L50|\n|poke|p1|Tyranitar, L50, F|\n|poke|p2|Kingambit, L50, M|\n|poke|p2|Torkoal, L50, F|\n|poke|p2|Flutter Mane, L50|\n|poke|p2|Jumpluff, L50, M|\n|poke|p2|Great Tusk, L50|\n|poke|p2|Chien-Pao, L50|\n|teampreview|4\n|inactive|Battle timer is ON: inactive players will automatically lose when time's up. (requested by FkThisCoinFlipGame)\nArticRanked has agreed to open team sheets.\n|inactive|ArticRanked has 60 seconds left.\n|inactive|FkThisCoinFlipGame has 60 seconds left.\n|inactive|ArticRanked has 30 seconds left.\n|inactive|FkThisCoinFlipGame has 30 seconds left.\n|inactive|ArticRanked has 20 seconds left.\n|inactive|FkThisCoinFlipGame has 20 seconds left.\n|inactive|FkThisCoinFlipGame has 15 seconds left.\n|inactive|FkThisCoinFlipGame has 10 seconds left.\n|\n|t:|1683877695\n|start\n|switch|p1a: Manfred|Great Tusk, L50|100\/100\n|switch|p1b: Santa Claus|Iron Bundle, L50|100\/100\n|switch|p2a: Torkoal|Torkoal, L50, F|100\/100\n|switch|p2b: Jumpluff|Jumpluff, L50, M|100\/100\n|-weather|SunnyDay|[from] ability: Drought|[of] p2a: Torkoal\n|-activate|p1a: Manfred|ability: Protosynthesis\n|-start|p1a: Manfred|protosynthesisatk\n|-enditem|p1b: Santa Claus|Booster Energy\n|-activate|p1b: Santa Claus|ability: Quark Drive|[fromitem]\n|-start|p1b: Santa Claus|quarkdrivespe\n|turn|1\n|inactive|ArticRanked has 30 seconds left.\n|\n|t:|1683877729\n|-end|p1b: Santa Claus|Quark Drive|[silent]\n|switch|p1b: Tyranitar|Tyranitar, L50, F|100\/100\n|-weather|Sandstorm|[from] ability: Sand Stream|[of] p1b: Tyranitar\n|-end|p1a: Manfred|Protosynthesis\n|-terastallize|p2b: Jumpluff|Water\n|move|p1a: Manfred|Headlong Rush|p2a: Torkoal\n|-supereffective|p2a: Torkoal\n|-damage|p2a: Torkoal|2\/100\n|-unboost|p1a: Manfred|def|1\n|-unboost|p1a: Manfred|spd|1\n|move|p2b: Jumpluff|Tailwind|p2b: Jumpluff\n|-sidestart|p2: FkThisCoinFlipGame|move: Tailwind\n|move|p2a: Torkoal|Overheat|p1b: Tyranitar\n|-resisted|p1b: Tyranitar\n|-damage|p1b: Tyranitar|92\/100\n|-unboost|p2a: Torkoal|spa|2\n|-enditem|p2a: Torkoal|Eject Pack\n|inactive|FkThisCoinFlipGame has 30 seconds left.\n|inactive|FkThisCoinFlipGame has 20 seconds left.\n|\n|t:|1683877769\n|switch|p2a: Great Tusk|Great Tusk, L50|100\/100\n|\n|-weather|Sandstorm|[upkeep]\n|-damage|p2b: Jumpluff|94\/100|[from] Sandstorm\n|upkeep\n|turn|2\n|\n|t:|1683877786\n|-end|p1a: Manfred|Protosynthesis|[silent]\n|switch|p1a: Revali|Corviknight, L50, M|100\/100\n|-terastallize|p1b: Tyranitar|Flying\n|move|p2a: Great Tusk|Earthquake|p1a: Revali|[spread] p2b\n|-immune|p1a: Revali\n|-immune|p1b: Tyranitar\n|-damage|p2b: Jumpluff|46\/100\n|move|p2b: Jumpluff|Sleep Powder|p1b: Tyranitar\n|-status|p1b: Tyranitar|slp|[from] move: Sleep Powder\n|cant|p1b: Tyranitar|slp\n|\n|-weather|Sandstorm|[upkeep]\n|-damage|p2b: Jumpluff|40\/100|[from] Sandstorm\n|-damage|p1b: Tyranitar|86\/100 slp|[from] Sandstorm\n|upkeep\n|turn|3\n|inactive|FkThisCoinFlipGame has 30 seconds left.\n|\n|t:|1683877812\n|-end|p2a: Great Tusk|Protosynthesis|[silent]\n|switch|p2a: Flutter Mane|Flutter Mane, L50|100\/100\n|move|p2b: Jumpluff|Sleep Powder|p1a: Revali\n|-activate|p1a: Revali|item: Safety Goggles|Sleep Powder\n|move|p1a: Revali|Tailwind|p1a: Revali\n|-sidestart|p1: ArticRanked|move: Tailwind\n|cant|p1b: Tyranitar|slp\n|\n|-weather|Sandstorm|[upkeep]\n|-damage|p2a: Flutter Mane|94\/100|[from] Sandstorm\n|-damage|p2b: Jumpluff|34\/100|[from] Sandstorm\n|-damage|p1b: Tyranitar|80\/100 slp|[from] Sandstorm\n|upkeep\n|turn|4\n|\n|t:|1683877829\n|move|p2a: Flutter Mane|Thunderbolt|p1b: Tyranitar\n|-supereffective|p1b: Tyranitar\n|-damage|p1b: Tyranitar|26\/100 slp\n|move|p2b: Jumpluff|Encore|p1a: Revali\n|-start|p1a: Revali|Encore\n|move|p1a: Revali|Tailwind||[still]\n|-fail|p1a: Revali\n|cant|p1b: Tyranitar|slp\n|\n|-weather|Sandstorm|[upkeep]\n|-damage|p2a: Flutter Mane|88\/100|[from] Sandstorm\n|-damage|p2b: Jumpluff|28\/100|[from] Sandstorm\n|-damage|p1b: Tyranitar|20\/100 slp|[from] Sandstorm\n|-sideend|p2: FkThisCoinFlipGame|move: Tailwind\n|upkeep\n|turn|5\n|\n|t:|1683877854\n|switch|p1a: Santa Claus|Iron Bundle, L50|100\/100\n|move|p2a: Flutter Mane|Thunderbolt|p1b: Tyranitar\n|-supereffective|p1b: Tyranitar\n|-damage|p1b: Tyranitar|0 fnt\n|faint|p1b: Tyranitar\n|move|p2b: Jumpluff|Sleep Powder|p1a: Santa Claus\n|-status|p1a: Santa Claus|slp|[from] move: Sleep Powder\n|\n|-weather|none\n|upkeep\n|\n|t:|1683877863\n|switch|p1b: Manfred|Great Tusk, L50|100\/100\n|turn|6\n|\n|t:|1683877882\n|-end|p1a: Santa Claus|Quark Drive|[silent]\n|switch|p1a: Revali|Corviknight, L50, M|100\/100\n|-end|p2a: Flutter Mane|Protosynthesis|[silent]\n|switch|p2a: Torkoal|Torkoal, L50, F|2\/100\n|-weather|SunnyDay|[from] ability: Drought|[of] p2a: Torkoal\n|-activate|p1b: Manfred|ability: Protosynthesis\n|-start|p1b: Manfred|protosynthesisatk\n|move|p1b: Manfred|Earthquake|p2b: Jumpluff|[spread] p2a,p2b\n|-immune|p1a: Revali\n|-supereffective|p2a: Torkoal\n|-damage|p2a: Torkoal|0 fnt\n|-damage|p2b: Jumpluff|0 fnt\n|faint|p2a: Torkoal\n|faint|p2b: Jumpluff\n|\n|-weather|SunnyDay|[upkeep]\n|-sideend|p1: ArticRanked|move: Tailwind\n|upkeep\n|\n|t:|1683877898\n|switch|p2b: Great Tusk|Great Tusk, L50|100\/100\n|switch|p2a: Flutter Mane|Flutter Mane, L50|88\/100\n|-activate|p2b: Great Tusk|ability: Protosynthesis\n|-start|p2b: Great Tusk|protosynthesisatk\n|-activate|p2a: Flutter Mane|ability: Protosynthesis\n|-start|p2a: Flutter Mane|protosynthesisspe\n|turn|7\n|\n|t:|1683877920\n|-end|p1b: Manfred|Protosynthesis|[silent]\n|switch|p1b: Santa Claus|Iron Bundle, L50|100\/100 slp\n|move|p2a: Flutter Mane|Moonblast|p1b: Santa Claus\n|-damage|p1b: Santa Claus|0 fnt\n|faint|p1b: Santa Claus\n|-end|p1b: Santa Claus|Quark Drive|[silent]\n|move|p2b: Great Tusk|Close Combat|p1a: Revali\n|-damage|p1a: Revali|36\/100\n|-unboost|p2b: Great Tusk|def|1\n|-unboost|p2b: Great Tusk|spd|1\n|move|p1a: Revali|Tailwind|p1a: Revali\n|-sidestart|p1: ArticRanked|move: Tailwind\n|\n|-weather|SunnyDay|[upkeep]\n|upkeep\n|\n|t:|1683877927\n|switch|p1b: Manfred|Great Tusk, L50|100\/100\n|-activate|p1b: Manfred|ability: Protosynthesis\n|-start|p1b: Manfred|protosynthesisatk\n|turn|8\n|\n|t:|1683877941\n|move|p1b: Manfred|Earthquake|p2a: Flutter Mane|[spread] p2a,p2b\n|-immune|p1a: Revali\n|-damage|p2a: Flutter Mane|0 fnt\n|-damage|p2b: Great Tusk|38\/100\n|faint|p2a: Flutter Mane\n|-end|p2a: Flutter Mane|Protosynthesis|[silent]\n|move|p1a: Revali|Brave Bird|p2b: Great Tusk\n|-supereffective|p2b: Great Tusk\n|-damage|p2b: Great Tusk|0 fnt\n|faint|p2b: Great Tusk\n|-end|p2b: Great Tusk|Protosynthesis|[silent]\n|-damage|p1a: Revali|23\/100|[from] Recoil\n|\n|win|ArticRanked\n|raw|ArticRanked's rating: 1417 → 1434<\/strong> (+17 for winning)\n|raw|FkThisCoinFlipGame's rating: 1366 → 1349<\/strong> (-17 for losing)\n|l|\u2606FkThisCoinFlipGame\n|c|\u2606ArticRanked|gg\n","uploadtime":1683877953,"views":6,"p1id":"articranked","p2id":"fkthiscoinflipgame","formatid":"gen9vgc2023regulationc","rating":1349,"private":0,"password":""}