{"id":"gen9vgc2023regulationc-1853145571","p1":"Edro360","p2":"ImmatWork","format":"[Gen 9] VGC 2023 Regulation C","log":"|j|\u2606Edro360\n|j|\u2606ImmatWork\n|t:|1682640714\n|gametype|doubles\n|player|p1|Edro360|170|1111\n|player|p2|ImmatWork|aromalady|1165\n|teamsize|p1|6\n|teamsize|p2|6\n|gen|9\n|tier|[Gen 9] VGC 2023 Regulation C\n|rated|\n|rule|Species Clause: Limit one of each Pok\u00e9mon\n|rule|Item Clause: Limit one of each item\n|clearpoke\n|poke|p1|Chi-Yu, L50|\n|poke|p1|Ceruledge, L50, F|\n|poke|p1|Dachsbun, L50, M|\n|poke|p1|Iron Hands, L50|\n|poke|p1|Maushold-Four, L50|\n|poke|p1|Baxcalibur, L50, F|\n|poke|p2|Garganacl, L50, F|\n|poke|p2|Rabsca, L50, F|\n|poke|p2|Houndstone, L50, F|\n|poke|p2|Ting-Lu, L50|\n|poke|p2|Torkoal, L50, F|\n|poke|p2|Oranguru, L50, M|\n|teampreview|4\n|\n|t:|1682640738\n|start\n|switch|p1a: Chi-Yu|Chi-Yu, L50|100\/100\n|switch|p1b: Dachsbun|Dachsbun, L50, M|100\/100\n|switch|p2a: Rabsca|Rabsca, L50, F|100\/100\n|switch|p2b: Garganacl|Garganacl, L50, F|100\/100\n|-ability|p1a: Chi-Yu|Beads of Ruin\n|turn|1\n|inactive|Battle timer is ON: inactive players will automatically lose when time's up. (requested by Edro360)\n|\n|t:|1682640764\n|-terastallize|p2a: Rabsca|Dark\n|move|p1b: Dachsbun|Yawn|p2a: Rabsca\n|-start|p2a: Rabsca|move: Yawn|[of] p1b: Dachsbun\n|move|p1a: Chi-Yu|Lava Plume|p2a: Rabsca|[spread] p2a,p2b\n|-ability|p1b: Dachsbun|Well-Baked Body|boost\n|-boost|p1b: Dachsbun|def|2\n|-resisted|p2b: Garganacl\n|-damage|p2a: Rabsca|64\/100\n|-damage|p2b: Garganacl|83\/100\n|move|p2b: Garganacl|Salt Cure|p1b: Dachsbun\n|-damage|p1b: Dachsbun|91\/100\n|-start|p1b: Dachsbun|Salt Cure\n|move|p2a: Rabsca|Trick Room|p2a: Rabsca\n|-fieldstart|move: Trick Room|[of] p2a: Rabsca\n|\n|-damage|p1b: Dachsbun|79\/100|[from] Salt Cure\n|upkeep\n|turn|2\n|\n|t:|1682640784\n|move|p2b: Garganacl|Explosion|p1a: Chi-Yu|[spread] p1a,p1b\n|-activate|p2a: Rabsca|ability: Telepathy\n|-damage|p1a: Chi-Yu|20\/100\n|-damage|p1b: Dachsbun|51\/100\n|faint|p2b: Garganacl\n|move|p2a: Rabsca|Revival Blessing|p2a: Rabsca\n|-enditem|p2a: Rabsca|Leppa Berry|[eat]\n|-activate|p2a: Rabsca|item: Leppa Berry|Revival Blessing|[consumed]\n|\n|t:|1682640790\n|-heal|p2: Garganacl|50\/100|[from] move: Revival Blessing\n|switch|p2b: Garganacl|Garganacl, L50, F|50\/100\n|move|p1a: Chi-Yu|Lava Plume|p2a: Rabsca|[spread] p2a,p2b\n|-ability|p1b: Dachsbun|Well-Baked Body|boost\n|-boost|p1b: Dachsbun|def|2\n|-resisted|p2b: Garganacl\n|-damage|p2a: Rabsca|32\/100\n|-damage|p2b: Garganacl|34\/100\n|move|p1b: Dachsbun|Body Press|p2b: Garganacl\n|-supereffective|p2b: Garganacl\n|-damage|p2b: Garganacl|0 fnt\n|faint|p2b: Garganacl\n|\n|-damage|p1b: Dachsbun|39\/100|[from] Salt Cure\n|-end|p2a: Rabsca|move: Yawn|[silent]\n|-status|p2a: Rabsca|slp\n|upkeep\n|\n|t:|1682640794\n|switch|p2b: Ting-Lu|Ting-Lu, L50|100\/100\n|-ability|p2b: Ting-Lu|Vessel of Ruin\n|turn|3\n|\n|t:|1682640815\n|move|p1a: Chi-Yu|Protect|p1a: Chi-Yu\n|-singleturn|p1a: Chi-Yu|Protect\n|move|p1b: Dachsbun|Protect|p1b: Dachsbun\n|-singleturn|p1b: Dachsbun|Protect\n|move|p2b: Ting-Lu|Fissure|p1b: Dachsbun\n|-activate|p1b: Dachsbun|move: Protect\n|cant|p2a: Rabsca|slp\n|\n|-damage|p1b: Dachsbun|27\/100|[from] Salt Cure\n|upkeep\n|turn|4\n|\n|t:|1682640833\n|move|p2b: Ting-Lu|Fissure|p1b: Dachsbun|[miss]\n|-miss|p2b: Ting-Lu|p1b: Dachsbun\n|cant|p2a: Rabsca|slp\n|move|p1a: Chi-Yu|Lava Plume|p2b: Ting-Lu|[spread] p2a,p2b\n|-ability|p1b: Dachsbun|Well-Baked Body|boost\n|-boost|p1b: Dachsbun|def|2\n|-damage|p2a: Rabsca|8\/100 slp\n|-damage|p2b: Ting-Lu|87\/100\n|move|p1b: Dachsbun|Body Press|p2b: Ting-Lu\n|-supereffective|p2b: Ting-Lu\n|-damage|p2b: Ting-Lu|0 fnt\n|faint|p2b: Ting-Lu\n|\n|-damage|p1b: Dachsbun|15\/100|[from] Salt Cure\n|upkeep\n|-enditem|p1b: Dachsbun|Aguav Berry|[eat]\n|-heal|p1b: Dachsbun|47\/100|[from] item: Aguav Berry\n|\n|t:|1682640841\n|switch|p2b: Houndstone|Houndstone, L50, F|100\/100\n|turn|5\n|inactive|Edro360 has 30 seconds left.\n|\n|t:|1682640870\n|-curestatus|p2a: Rabsca|slp|[msg]\n|move|p2a: Rabsca|Revival Blessing|p2a: Rabsca\n|\n|t:|1682640882\n|-heal|p2: Ting-Lu|50\/100|[from] move: Revival Blessing\n|move|p2b: Houndstone|Last Respects|p1a: Chi-Yu\n|-resisted|p1a: Chi-Yu\n|-damage|p1a: Chi-Yu|0 fnt\n|faint|p1a: Chi-Yu\n|move|p1b: Dachsbun|Body Press|p2a: Rabsca\n|-supereffective|p2a: Rabsca\n|-damage|p2a: Rabsca|0 fnt\n|faint|p2a: Rabsca\n|\n|-damage|p1b: Dachsbun|35\/100|[from] Salt Cure\n|-fieldend|move: Trick Room\n|upkeep\n|\n|t:|1682640902\n|switch|p1a: Iron Hands|Iron Hands, L50|100\/100\n|switch|p2a: Ting-Lu|Ting-Lu, L50|50\/100\n|-ability|p2a: Ting-Lu|Vessel of Ruin\n|turn|6\n|\n|t:|1682640914\n|move|p1a: Iron Hands|Fake Out|p2a: Ting-Lu\n|-damage|p2a: Ting-Lu|41\/100\n|move|p1b: Dachsbun|Body Press|p2a: Ting-Lu\n|-supereffective|p2a: Ting-Lu\n|-damage|p2a: Ting-Lu|0 fnt\n|faint|p2a: Ting-Lu\n|move|p2b: Houndstone|Last Respects|p1b: Dachsbun\n|-damage|p1b: Dachsbun|0 fnt\n|faint|p1b: Dachsbun\n|\n|upkeep\n|\n|t:|1682640926\n|switch|p1b: Ceruledge|Ceruledge, L50, F|100\/100\n|turn|7\n|\n|t:|1682640949\n|-terastallize|p1b: Ceruledge|Steel\n|move|p1b: Ceruledge|Bitter Blade|p2b: Houndstone\n|-damage|p2b: Houndstone|51\/100\n|move|p2b: Houndstone|Last Respects|p1b: Ceruledge\n|-damage|p1b: Ceruledge|0 fnt\n|faint|p1b: Ceruledge\n|move|p1a: Iron Hands|Wild Charge|p2b: Houndstone\n|-damage|p2b: Houndstone|23\/100\n|-damage|p1a: Iron Hands|96\/100|[from] Recoil\n|\n|upkeep\n|turn|8\n|\n|t:|1682640967\n|move|p2b: Houndstone|Last Respects|p1a: Iron Hands\n|-damage|p1a: Iron Hands|5\/100\n|move|p1a: Iron Hands|Wild Charge|p2b: Houndstone\n|-damage|p2b: Houndstone|0 fnt\n|faint|p2b: Houndstone\n|-damage|p1a: Iron Hands|2\/100|[from] Recoil\n|\n|win|Edro360\n|raw|Edro360's rating: 1111 → 1140<\/strong> (+29 for winning)\n|raw|ImmatWork's rating: 1165 → 1136<\/strong> (-29 for losing)\n|l|\u2606ImmatWork\n","uploadtime":1682640977,"views":7,"p1id":"edro360","p2id":"immatwork","formatid":"gen9vgc2023regulationc","rating":1136,"private":0,"password":""}