{"id":"gen9vgc2023regulationc-1856466241","p1":"Inwaves22","p2":"RoadToBeatThomas","format":"[Gen 9] VGC 2023 Regulation C","log":"|j|\u2606Inwaves22\n|j|\u2606RoadToBeatThomas\n|t:|1683064559\n|gametype|doubles\n|player|p1|Inwaves22|falkner|1256\n|player|p2|RoadToBeatThomas|169|1283\n|teamsize|p1|6\n|teamsize|p2|6\n|gen|9\n|tier|[Gen 9] VGC 2023 Regulation C\n|rated|\n|rule|Species Clause: Limit one of each Pok\u00e9mon\n|rule|Item Clause: Limit one of each item\n|clearpoke\n|poke|p1|Glimmora, L50, M|\n|poke|p1|Chi-Yu, L50|\n|poke|p1|Flutter Mane, L50|\n|poke|p1|Dragonite, L50, F|\n|poke|p1|Dondozo, L50, F|\n|poke|p1|Tatsugiri, L50, F|\n|poke|p2|Glimmora, L50, F|\n|poke|p2|Tyranitar, L50, F|\n|poke|p2|Scizor, L50, F|\n|poke|p2|Farigiraf, L50, F|\n|poke|p2|Annihilape, L50, M|\n|poke|p2|Klefki, L50, M|\n|teampreview|4\n|\n|t:|1683064586\n|start\n|switch|p1a: Glimmora|Glimmora, L50, M|100\/100\n|switch|p1b: Dondozo|Dondozo, L50, F|100\/100\n|switch|p2a: Glimmora|Glimmora, L50, F|100\/100\n|switch|p2b: Scizor|Scizor, L50, F|100\/100\n|turn|1\n|\n|t:|1683064602\n|move|p1a: Glimmora|Spiky Shield|p1a: Glimmora\n|-singleturn|p1a: Glimmora|move: Protect\n|move|p2b: Scizor|Bullet Punch|p1a: Glimmora\n|-activate|p1a: Glimmora|move: Protect\n|-damage|p2b: Scizor|88\/100|[from] Spiky Shield|[of] p1a: Glimmora\n|move|p2a: Glimmora|Mortal Spin|p1a: Glimmora|[spread] p1b\n|-activate|p1a: Glimmora|move: Protect\n|-damage|p2a: Glimmora|88\/100|[from] Spiky Shield|[of] p1a: Glimmora\n|-damage|p1b: Dondozo|97\/100\n|-status|p1b: Dondozo|psn\n|move|p1b: Dondozo|Bulldoze|p2a: Glimmora|[spread] p2a,p2b\n|-activate|p1a: Glimmora|move: Protect\n|-supereffective|p2a: Glimmora\n|-damage|p2a: Glimmora|50\/100\n|-damage|p2b: Scizor|78\/100\n|-unboost|p2a: Glimmora|spe|1\n|-activate|p2a: Glimmora|ability: Toxic Debris\n|-sidestart|p1: Inwaves22|move: Toxic Spikes\n|\n|-damage|p1b: Dondozo|84\/100 psn|[from] psn\n|upkeep\n|turn|2\n|inactive|Battle timer is ON: inactive players will automatically lose when time's up. (requested by RoadToBeatThomas)\n|\n|t:|1683064699\n|switch|p2a: Tyranitar|Tyranitar, L50, F|100\/100\n|-weather|Sandstorm|[from] ability: Sand Stream|[of] p2a: Tyranitar\n|move|p1a: Glimmora|Earth Power|p2a: Tyranitar\n|-supereffective|p2a: Tyranitar\n|-damage|p2a: Tyranitar|61\/100\n|move|p2b: Scizor|U-turn|p1b: Dondozo\n|-damage|p1b: Dondozo|58\/100 psn\n|\n|t:|1683064714\n|switch|p2b: Annihilape|Annihilape, L50, M|100\/100|[from] U-turn\n|move|p1b: Dondozo|Wave Crash|p2b: Annihilape\n|-damage|p2b: Annihilape|60\/100\n|-damage|p1b: Dondozo|47\/100 psn|[from] Recoil\n|-enditem|p1b: Dondozo|Sitrus Berry|[eat]\n|-heal|p1b: Dondozo|72\/100 psn|[from] item: Sitrus Berry\n|\n|-weather|Sandstorm|[upkeep]\n|-damage|p2b: Annihilape|53\/100|[from] Sandstorm\n|-damage|p1b: Dondozo|65\/100 psn|[from] Sandstorm\n|-heal|p2b: Annihilape|60\/100|[from] item: Leftovers\n|-damage|p1b: Dondozo|53\/100 psn|[from] psn\n|upkeep\n|turn|3\n|inactive|RoadToBeatThomas has 30 seconds left.\n|\n|t:|1683064739\n|move|p1a: Glimmora|Toxic|p2b: Annihilape\n|-status|p2b: Annihilape|tox\n|move|p2b: Annihilape|Drain Punch|p1b: Dondozo\n|-damage|p1b: Dondozo|28\/100 psn\n|-heal|p2b: Annihilape|75\/100 tox|[from] drain|[of] p1b: Dondozo\n|move|p2a: Tyranitar|Stomping Tantrum|p1a: Glimmora\n|-supereffective|p1a: Glimmora\n|-enditem|p1a: Glimmora|Focus Sash\n|-damage|p1a: Glimmora|1\/100\n|-activate|p1a: Glimmora|ability: Toxic Debris\n|-sidestart|p2: RoadToBeatThomas|move: Toxic Spikes\n|move|p1b: Dondozo|Wave Crash|p2a: Tyranitar\n|-supereffective|p2a: Tyranitar\n|-damage|p2a: Tyranitar|0 fnt\n|faint|p2a: Tyranitar\n|-damage|p1b: Dondozo|12\/100 psn|[from] Recoil\n|\n|-weather|Sandstorm|[upkeep]\n|-damage|p2b: Annihilape|69\/100 tox|[from] Sandstorm\n|-damage|p1b: Dondozo|6\/100 psn|[from] Sandstorm\n|-heal|p2b: Annihilape|75\/100 tox|[from] item: Leftovers\n|-damage|p2b: Annihilape|69\/100 tox|[from] psn\n|-damage|p1b: Dondozo|0 fnt|[from] psn\n|faint|p1b: Dondozo\n|upkeep\n|\n|t:|1683064764\n|switch|p2a: Scizor|Scizor, L50, F|78\/100\n|switch|p1b: Flutter Mane|Flutter Mane, L50|100\/100\n|-status|p1b: Flutter Mane|psn\n|-enditem|p1b: Flutter Mane|Booster Energy\n|-activate|p1b: Flutter Mane|ability: Protosynthesis|[fromitem]\n|-start|p1b: Flutter Mane|protosynthesisspe\n|turn|4\n|\n|t:|1683064783\n|-terastallize|p2b: Annihilape|Fire\n|move|p1a: Glimmora|Spiky Shield|p1a: Glimmora\n|-singleturn|p1a: Glimmora|move: Protect\n|move|p2a: Scizor|Bullet Punch|p1b: Flutter Mane\n|-supereffective|p1b: Flutter Mane\n|-damage|p1b: Flutter Mane|0 fnt\n|faint|p1b: Flutter Mane\n|-end|p1b: Flutter Mane|Protosynthesis|[silent]\n|move|p2b: Annihilape|Rage Fist|p1a: Glimmora\n|-activate|p1a: Glimmora|move: Protect\n|-damage|p2b: Annihilape|56\/100 tox|[from] Spiky Shield|[of] p1a: Glimmora\n|\n|-weather|Sandstorm|[upkeep]\n|-damage|p2b: Annihilape|50\/100 tox|[from] Sandstorm\n|-heal|p2b: Annihilape|56\/100 tox|[from] item: Leftovers\n|-damage|p2b: Annihilape|44\/100 tox|[from] psn\n|upkeep\n|\n|t:|1683064797\n|switch|p1b: Chi-Yu|Chi-Yu, L50|100\/100\n|-status|p1b: Chi-Yu|psn\n|-ability|p1b: Chi-Yu|Beads of Ruin\n|turn|5\n|\n|t:|1683064809\n|-terastallize|p1b: Chi-Yu|Grass\n|move|p2a: Scizor|Bullet Punch|p1a: Glimmora\n|-supereffective|p1a: Glimmora\n|-damage|p1a: Glimmora|0 fnt\n|-activate|p1a: Glimmora|ability: Toxic Debris\n|-sidestart|p2: RoadToBeatThomas|move: Toxic Spikes\n|faint|p1a: Glimmora\n|move|p1b: Chi-Yu|Flamethrower|p2a: Scizor\n|-supereffective|p2a: Scizor\n|-damage|p2a: Scizor|0 fnt\n|faint|p2a: Scizor\n|move|p2b: Annihilape|Drain Punch|p1b: Chi-Yu\n|-damage|p1b: Chi-Yu|53\/100 psn\n|-heal|p2b: Annihilape|62\/100 tox|[from] drain|[of] p1b: Chi-Yu\n|\n|-weather|Sandstorm|[upkeep]\n|-damage|p2b: Annihilape|56\/100 tox|[from] Sandstorm\n|-heal|p2b: Annihilape|62\/100 tox|[from] item: Leftovers\n|-damage|p1b: Chi-Yu|41\/100 psn|[from] psn\n|-damage|p2b: Annihilape|43\/100 tox|[from] psn\n|upkeep\n|\n|t:|1683064822\n|switch|p2a: Glimmora|Glimmora, L50, F|50\/100\n|-sideend|p2: RoadToBeatThomas|move: Toxic Spikes|[of] p2a: Glimmora\n|turn|6\n|\n|t:|1683064836\n|move|p1b: Chi-Yu|Dark Pulse|p2b: Annihilape\n|-damage|p2b: Annihilape|0 fnt\n|faint|p2b: Annihilape\n|move|p2a: Glimmora|Sludge Bomb|p1b: Chi-Yu\n|-supereffective|p1b: Chi-Yu\n|-damage|p1b: Chi-Yu|0 fnt\n|faint|p1b: Chi-Yu\n|\n|win|RoadToBeatThomas\n|raw|Inwaves22's rating: 1256 → 1233<\/strong> (-23 for losing)\n|raw|RoadToBeatThomas's rating: 1283 → 1306<\/strong> (+23 for winning)\n|l|\u2606RoadToBeatThomas\n","uploadtime":1683064846,"views":6,"p1id":"inwaves22","p2id":"roadtobeatthomas","formatid":"gen9vgc2023regulationc","rating":1233,"private":0,"password":""}