{"id":"gen9vgc2023regulationc-1859226246","p1":"BIGHAXORUSFAN147","p2":"cosplayLover","format":"[Gen 9] VGC 2023 Regulation C","log":"|j|\u2606BIGHAXORUSFAN147\n|j|\u2606cosplayLover\n|t:|1683420600\n|gametype|doubles\n|player|p1|BIGHAXORUSFAN147|grimsley-masters|1575\n|player|p2|cosplayLover|102|1630\n|teamsize|p1|6\n|teamsize|p2|6\n|gen|9\n|tier|[Gen 9] VGC 2023 Regulation C\n|rated|\n|rule|Species Clause: Limit one of each Pok\u00e9mon\n|rule|Item Clause: Limit one of each item\n|clearpoke\n|poke|p1|Kingambit, L50, M|\n|poke|p1|Dragonite, L50, M|\n|poke|p1|Palafin, L50, M|\n|poke|p1|Amoonguss, L50, M|\n|poke|p1|Arcanine, L50, M|\n|poke|p1|Flutter Mane, L50|\n|poke|p2|Flutter Mane, L50|\n|poke|p2|Palafin, L50, M|\n|poke|p2|Amoonguss, L50, M|\n|poke|p2|Iron Hands, L50|\n|poke|p2|Annihilape, L50, M|\n|poke|p2|Chien-Pao, L50|\n|teampreview|4\nBIGHAXORUSFAN147 has agreed to open team sheets.\n|inactive|Battle timer is ON: inactive players will automatically lose when time's up. (requested by cosplayLover)\n|inactive|cosplayLover has 60 seconds left.\n|\n|t:|1683420646\n|start\n|switch|p1a: Zoro|Dragonite, L50, M, shiny|100\/100\n|switch|p1b: Jinbe|Palafin, L50, M, shiny|100\/100\n|switch|p2a: Annihilape|Annihilape, L50, M|100\/100\n|switch|p2b: Iron Hands|Iron Hands, L50|100\/100\n|turn|1\n|\n|t:|1683420671\n|-terastallize|p1a: Zoro|Flying\n|move|p1b: Jinbe|Protect|p1b: Jinbe\n|-singleturn|p1b: Jinbe|Protect\n|move|p2a: Annihilape|Protect|p2a: Annihilape\n|-singleturn|p2a: Annihilape|Protect\n|move|p1a: Zoro|Tera Blast|p2a: Annihilape\n|-activate|p2a: Annihilape|move: Protect\n|move|p2b: Iron Hands|Volt Switch|p1a: Zoro\n|-supereffective|p1a: Zoro\n|-crit|p1a: Zoro\n|-damage|p1a: Zoro|88\/100\n|\n|t:|1683420681\n|-end|p2b: Iron Hands|Quark Drive|[silent]\n|switch|p2b: Chien-Pao|Chien-Pao, L50|100\/100|[from] Volt Switch\n|-ability|p2b: Chien-Pao|Sword of Ruin\n|\n|upkeep\n|turn|2\n|\n|t:|1683420693\n|move|p1a: Zoro|Extreme Speed|p2b: Chien-Pao\n|-damage|p2b: Chien-Pao|55\/100\n|move|p1b: Jinbe|Jet Punch|p2b: Chien-Pao\n|-damage|p2b: Chien-Pao|15\/100\n|move|p2b: Chien-Pao|Ice Spinner|p1a: Zoro\n|-supereffective|p1a: Zoro\n|-damage|p1a: Zoro|0 fnt\n|faint|p1a: Zoro\n|move|p2a: Annihilape|Bulk Up|p2a: Annihilape\n|-boost|p2a: Annihilape|atk|1\n|-boost|p2a: Annihilape|def|1\n|\n|upkeep\n|\n|t:|1683420705\n|switch|p1a: Perona|Flutter Mane, L50|100\/100\n|turn|3\n|inactive|BIGHAXORUSFAN147 has 30 seconds left.\n|\n|t:|1683420738\n|-end|p1a: Perona|Protosynthesis|[silent]\n|switch|p1a: Aramaki|Amoonguss, L50, M|100\/100\n|-terastallize|p2a: Annihilape|Fire\n|move|p2b: Chien-Pao|Sucker Punch|p1b: Jinbe\n|-damage|p1b: Jinbe|51\/100\n|move|p1b: Jinbe|Jet Punch|p2b: Chien-Pao\n|-damage|p2b: Chien-Pao|0 fnt\n|faint|p2b: Chien-Pao\n|move|p2a: Annihilape|Rage Fist|p1a: Aramaki\n|-damage|p1a: Aramaki|73\/100\n|\n|upkeep\n|\n|t:|1683420750\n|switch|p2b: Flutter Mane|Flutter Mane, L50|100\/100\n|turn|4\n|\n|t:|1683420763\n|move|p1b: Jinbe|Protect|p1b: Jinbe\n|-singleturn|p1b: Jinbe|Protect\n|move|p2b: Flutter Mane|Shadow Ball|p1a: Aramaki\n|-damage|p1a: Aramaki|24\/100\n|-enditem|p1a: Aramaki|Sitrus Berry|[eat]\n|-heal|p1a: Aramaki|49\/100|[from] item: Sitrus Berry\n|move|p2a: Annihilape|Rage Fist|p1a: Aramaki\n|-damage|p1a: Aramaki|23\/100\n|move|p1a: Aramaki|Spore|p2b: Flutter Mane\n|-status|p2b: Flutter Mane|slp|[from] move: Spore\n|\n|upkeep\n|turn|5\n|\n|t:|1683420787\n|detailschange|p1b: Jinbe|Palafin-Hero, L50, M, shiny\n|switch|p1b: Perona|Flutter Mane, L50|100\/100\n|move|p1a: Aramaki|Rage Powder|p1a: Aramaki\n|-singleturn|p1a: Aramaki|move: Rage Powder\n|cant|p2b: Flutter Mane|slp\n|move|p2a: Annihilape|Rage Fist|p1a: Aramaki\n|-damage|p1a: Aramaki|0 fnt\n|faint|p1a: Aramaki\n|\n|upkeep\n|\n|t:|1683420794\n|switch|p1a: Jinbe|Palafin-Hero, L50, M, shiny|51\/100\n|-activate|p1a: Jinbe|ability: Zero to Hero\n|turn|6\n|\n|t:|1683420818\n|cant|p2b: Flutter Mane|slp\n|move|p1b: Perona|Shadow Ball|p2b: Flutter Mane\n|-supereffective|p2b: Flutter Mane\n|-damage|p2b: Flutter Mane|0 fnt\n|faint|p2b: Flutter Mane\n|-end|p2b: Flutter Mane|Protosynthesis|[silent]\n|move|p1a: Jinbe|Wave Crash|p2a: Annihilape\n|-supereffective|p2a: Annihilape\n|-damage|p2a: Annihilape|0 fnt\n|faint|p2a: Annihilape\n|-damage|p1a: Jinbe|15\/100|[from] Recoil\n|\n|upkeep\n|\n|t:|1683420829\n|switch|p2b: Iron Hands|Iron Hands, L50|100\/100\n|turn|7\n|-message|cosplayLover forfeited.\n|\n|win|BIGHAXORUSFAN147\n|raw|BIGHAXORUSFAN147's rating: 1575 → 1598<\/strong> (+23 for winning)\n|raw|cosplayLover's rating: 1630 → 1607<\/strong> (-23 for losing)\n|l|\u2606cosplayLover\n","uploadtime":1683420838,"views":10,"p1id":"bighaxorusfan147","p2id":"cosplaylover","formatid":"gen9vgc2023regulationc","rating":1598,"private":0,"password":""}