{"id":"gen9vgc2023regulationc-1856293897","p1":"Wheeel","p2":"Scafato92","format":"[Gen 9] VGC 2023 Regulation C","log":"|j|\u2606Wheeel\n|j|\u2606Scafato92\n|t:|1683048328\n|gametype|doubles\n|player|p1|Wheeel|265|1298\n|player|p2|Scafato92|169|1350\n|teamsize|p1|6\n|teamsize|p2|6\n|gen|9\n|tier|[Gen 9] VGC 2023 Regulation C\n|rated|\n|rule|Species Clause: Limit one of each Pok\u00e9mon\n|rule|Item Clause: Limit one of each item\n|clearpoke\n|poke|p1|Chi-Yu, L50|\n|poke|p1|Roaring Moon, L50|\n|poke|p1|Amoonguss, L50, F|\n|poke|p1|Iron Bundle, L50|\n|poke|p1|Gholdengo, L50|\n|poke|p1|Ting-Lu, L50|\n|poke|p2|Murkrow, L50, F|\n|poke|p2|Chi-Yu, L50|\n|poke|p2|Flutter Mane, L50|\n|poke|p2|Great Tusk, L50|\n|poke|p2|Brute Bonnet, L50|\n|poke|p2|Corviknight, L50, M|\n|teampreview|4\nWheeel has agreed to open team sheets.\n|inactive|Battle timer is ON: inactive players will automatically lose when time's up. (requested by Scafato92)\n|\n|t:|1683048377\n|start\n|switch|p1a: Iron Bundle|Iron Bundle, L50|100\/100\n|switch|p1b: Chi-Yu|Chi-Yu, L50|100\/100\n|switch|p2a: Murkrow|Murkrow, L50, F, shiny|100\/100\n|switch|p2b: Chi-Yu|Chi-Yu, L50|100\/100\n|-ability|p2b: Chi-Yu|Beads of Ruin\n|-ability|p1b: Chi-Yu|Beads of Ruin\n|turn|1\n|\n|t:|1683048396\n|move|p2a: Murkrow|Tailwind|p2a: Murkrow\n|-sidestart|p2: Scafato92|move: Tailwind\n|move|p2b: Chi-Yu|Heat Wave|p1b: Chi-Yu|[spread] p1a,p1b\n|-resisted|p1b: Chi-Yu\n|-enditem|p1a: Iron Bundle|Focus Sash\n|-damage|p1a: Iron Bundle|1\/100\n|-damage|p1b: Chi-Yu|79\/100\n|-damage|p2b: Chi-Yu|90\/100|[from] item: Life Orb\n|move|p1a: Iron Bundle|Freeze-Dry|p2a: Murkrow\n|-supereffective|p2a: Murkrow\n|-damage|p2a: Murkrow|0 fnt\n|faint|p2a: Murkrow\n|move|p1b: Chi-Yu|Heat Wave|p2b: Chi-Yu\n|-resisted|p2b: Chi-Yu\n|-damage|p2b: Chi-Yu|60\/100\n|\n|upkeep\n|\n|t:|1683048413\n|switch|p2a: Great Tusk|Great Tusk, L50|100\/100\n|turn|2\n|\n|t:|1683048433\n|move|p1b: Chi-Yu|Protect|p1b: Chi-Yu\n|-singleturn|p1b: Chi-Yu|Protect\n|move|p2a: Great Tusk|Close Combat|p1b: Chi-Yu\n|-activate|p1b: Chi-Yu|move: Protect\n|move|p2b: Chi-Yu|Dark Pulse|p1a: Iron Bundle\n|-damage|p1a: Iron Bundle|0 fnt\n|faint|p1a: Iron Bundle\n|-end|p1a: Iron Bundle|Quark Drive|[silent]\n|-damage|p2b: Chi-Yu|50\/100|[from] item: Life Orb\n|\n|upkeep\n|\n|t:|1683048454\n|switch|p1a: Roaring Moon|Roaring Moon, L50|100\/100\n|-enditem|p1a: Roaring Moon|Booster Energy\n|-activate|p1a: Roaring Moon|ability: Protosynthesis|[fromitem]\n|-start|p1a: Roaring Moon|protosynthesisatk\n|turn|3\n|\n|t:|1683048479\n|-terastallize|p2a: Great Tusk|Steel\n|-terastallize|p1b: Chi-Yu|Ghost\n|move|p1a: Roaring Moon|Protect|p1a: Roaring Moon\n|-singleturn|p1a: Roaring Moon|Protect\n|move|p2a: Great Tusk|Close Combat|p1b: Chi-Yu\n|-immune|p1b: Chi-Yu\n|move|p2b: Chi-Yu|Heat Wave|p1b: Chi-Yu|[spread] p1b\n|-activate|p1a: Roaring Moon|move: Protect\n|-damage|p1b: Chi-Yu|28\/100\n|-damage|p2b: Chi-Yu|40\/100|[from] item: Life Orb\n|move|p1b: Chi-Yu|Heat Wave|p2b: Chi-Yu|[spread] p2a,p2b\n|-supereffective|p2a: Great Tusk\n|-resisted|p2b: Chi-Yu\n|-damage|p2a: Great Tusk|0 fnt\n|-damage|p2b: Chi-Yu|18\/100\n|faint|p2a: Great Tusk\n|-end|p2a: Great Tusk|Protosynthesis|[silent]\n|\n|upkeep\n|\n|t:|1683048498\n|switch|p2a: Flutter Mane|Flutter Mane, L50|100\/100\n|turn|4\n|\n|t:|1683048528\n|-end|p1a: Roaring Moon|Protosynthesis|[silent]\n|switch|p1a: Amoonguss|Amoonguss, L50, F|100\/100\n|move|p1b: Chi-Yu|Protect|p1b: Chi-Yu\n|-singleturn|p1b: Chi-Yu|Protect\n|move|p2a: Flutter Mane|Moonblast|p1a: Amoonguss\n|-resisted|p1a: Amoonguss\n|-damage|p1a: Amoonguss|51\/100\n|-unboost|p1a: Amoonguss|spa|1\n|move|p2b: Chi-Yu|Dark Pulse|p1b: Chi-Yu\n|-activate|p1b: Chi-Yu|move: Protect\n|\n|-sideend|p2: Scafato92|move: Tailwind\n|upkeep\n|turn|5\n|inactive|Wheeel has 30 seconds left.\n|\n|t:|1683048561\n|switch|p1a: Roaring Moon|Roaring Moon, L50|100\/100\n|move|p2a: Flutter Mane|Moonblast|p1b: Chi-Yu\n|-damage|p1b: Chi-Yu|0 fnt\n|faint|p1b: Chi-Yu\n|move|p2b: Chi-Yu|Heat Wave|p1a: Roaring Moon\n|-resisted|p1a: Roaring Moon\n|-damage|p1a: Roaring Moon|64\/100\n|-damage|p2b: Chi-Yu|8\/100|[from] item: Life Orb\n|\n|upkeep\n|\n|t:|1683048569\n|switch|p1b: Amoonguss|Amoonguss, L50, F|85\/100\n|turn|6\n|\n|t:|1683048576\n|move|p1b: Amoonguss|Rage Powder|p1b: Amoonguss\n|-singleturn|p1b: Amoonguss|move: Rage Powder\n|move|p2a: Flutter Mane|Moonblast|p1b: Amoonguss\n|-resisted|p1b: Amoonguss\n|-damage|p1b: Amoonguss|36\/100\n|-enditem|p1b: Amoonguss|Sitrus Berry|[eat]\n|-heal|p1b: Amoonguss|61\/100|[from] item: Sitrus Berry\n|move|p2b: Chi-Yu|Heat Wave|p1b: Amoonguss|[spread] p1a,p1b\n|-resisted|p1a: Roaring Moon\n|-supereffective|p1b: Amoonguss\n|-damage|p1a: Roaring Moon|35\/100\n|-damage|p1b: Amoonguss|0 fnt\n|faint|p1b: Amoonguss\n|-damage|p2b: Chi-Yu|0 fnt|[from] item: Life Orb\n|faint|p2b: Chi-Yu\n|move|p1a: Roaring Moon|Acrobatics|p2a: Flutter Mane\n|-damage|p2a: Flutter Mane|27\/100\n|\n|upkeep\n|turn|7\n|\n|t:|1683048594\n|move|p2a: Flutter Mane|Moonblast|p1a: Roaring Moon\n|-supereffective|p1a: Roaring Moon\n|-damage|p1a: Roaring Moon|0 fnt\n|faint|p1a: Roaring Moon\n|-end|p1a: Roaring Moon|Protosynthesis|[silent]\n|\n|win|Scafato92\n|raw|Wheeel's rating: 1298 → 1277<\/strong> (-21 for losing)\n|raw|Scafato92's rating: 1350 → 1367<\/strong> (+17 for winning)\n|c|\u2606Wheeel|gg\n|l|\u2606Scafato92\n","uploadtime":1683048604,"views":15,"p1id":"wheeel","p2id":"scafato92","formatid":"gen9vgc2023regulationc","rating":1277,"private":0,"password":""}