{"id":"gen9vgc2023regulationc-1854725369","p1":"Tizio20","p2":"E179","format":"[Gen 9] VGC 2023 Regulation C","log":"|j|\u2606Tizio20\n|j|\u2606E179\n|t:|1682857325\n|gametype|doubles\n|player|p1|Tizio20|grimsley|1142\n|player|p2|E179|1|1184\n|teamsize|p1|6\n|teamsize|p2|6\n|gen|9\n|tier|[Gen 9] VGC 2023 Regulation C\n|rated|\n|rule|Species Clause: Limit one of each Pok\u00e9mon\n|rule|Item Clause: Limit one of each item\n|clearpoke\n|poke|p1|Iron Treads, L50|\n|poke|p1|Amoonguss, L50, M|\n|poke|p1|Gyarados, L50, F|\n|poke|p1|Flutter Mane, L50|\n|poke|p1|Palafin, L50, F|\n|poke|p1|Talonflame, L50, F|\n|poke|p2|Rotom-Wash, L50|\n|poke|p2|Flutter Mane, L50|\n|poke|p2|Ceruledge, L50, M|\n|poke|p2|Talonflame, L50, M|\n|poke|p2|Garchomp, L50, F|\n|poke|p2|Chien-Pao, L50|\n|teampreview|4\n|inactive|Battle timer is ON: inactive players will automatically lose when time's up. (requested by Tizio20)\n|inactive|Tizio20 has 60 seconds left.\n|inactive|E179 has 60 seconds left.\n|inactive|E179 has 30 seconds left.\n|inactive|E179 has 20 seconds left.\n|\n|t:|1682857404\n|start\n|switch|p1a: Palafin|Palafin, L50, F|100\/100\n|switch|p1b: Talonflame|Talonflame, L50, F|100\/100\n|switch|p2a: Rotom|Rotom-Wash, L50|100\/100\n|switch|p2b: Talonflame|Talonflame, L50, M|100\/100\n|turn|1\n|inactive|E179 has 30 seconds left.\n|\n|t:|1682857436\n|move|p1a: Palafin|Protect|p1a: Palafin\n|-singleturn|p1a: Palafin|Protect\n|move|p1b: Talonflame|Tailwind|p1b: Talonflame\n|-sidestart|p1: Tizio20|move: Tailwind\n|move|p2b: Talonflame|Taunt|p1a: Palafin\n|-activate|p1a: Palafin|move: Protect\n|move|p2a: Rotom|Volt Switch|p1b: Talonflame\n|-supereffective|p1b: Talonflame\n|-damage|p1b: Talonflame|15\/100\n|\n|t:|1682857450\n|switch|p2a: Chien-Pao|Chien-Pao, L50|100\/100|[from] Volt Switch\n|-ability|p2a: Chien-Pao|Sword of Ruin\n|\n|upkeep\n|turn|2\n|\n|t:|1682857466\n|detailschange|p1a: Palafin|Palafin-Hero, L50, F\n|switch|p1a: Iron Treads|Iron Treads, L50|100\/100\n|move|p2a: Chien-Pao|Sucker Punch||[still]\n|-fail|p2a: Chien-Pao\n|move|p2b: Talonflame|Tailwind|p2b: Talonflame\n|-sidestart|p2: E179|move: Tailwind\n|move|p1b: Talonflame|Will-O-Wisp|p2a: Chien-Pao\n|-status|p2a: Chien-Pao|brn\n|\n|-damage|p2a: Chien-Pao|95\/100 brn|[from] brn\n|upkeep\n|turn|3\n|inactive|Tizio20 has 30 seconds left.\n|inactive|E179 has 30 seconds left.\n|\n|t:|1682857497\n|switch|p2a: Rotom|Rotom-Wash, L50|100\/100\n|move|p2b: Talonflame|Will-O-Wisp|p1a: Iron Treads\n|-status|p1a: Iron Treads|brn\n|move|p1b: Talonflame|Taunt|p2b: Talonflame\n|-start|p2b: Talonflame|move: Taunt\n|move|p1a: Iron Treads|Iron Head|p2a: Rotom\n|-resisted|p2a: Rotom\n|-damage|p2a: Rotom|96\/100\n|\n|-damage|p1a: Iron Treads|95\/100 brn|[from] brn\n|upkeep\n|turn|4\n|inactive|Tizio20 has 30 seconds left.\n|inactive|Tizio20 has 20 seconds left.\n|\n|t:|1682857532\n|move|p2b: Talonflame|Brave Bird|p1b: Talonflame\n|-damage|p1b: Talonflame|0 fnt\n|faint|p1b: Talonflame\n|-damage|p2b: Talonflame|96\/100|[from] Recoil\n|move|p1a: Iron Treads|Wild Charge|p2b: Talonflame\n|-supereffective|p2b: Talonflame\n|-damage|p2b: Talonflame|56\/100\n|-damage|p1a: Iron Treads|84\/100 brn|[from] Recoil\n|move|p2a: Rotom|Hydro Pump|p1a: Iron Treads|[miss]\n|-miss|p2a: Rotom|p1a: Iron Treads\n|\n|-damage|p1a: Iron Treads|79\/100 brn|[from] brn\n|-sideend|p1: Tizio20|move: Tailwind\n|upkeep\n|\n|t:|1682857540\n|switch|p1b: Palafin|Palafin-Hero, L50, F|100\/100\n|-activate|p1b: Palafin|ability: Zero to Hero\n|turn|5\n|\n|t:|1682857563\n|switch|p2b: Chien-Pao|Chien-Pao, L50|95\/100 brn\n|-ability|p2b: Chien-Pao|Sword of Ruin\n|move|p1b: Palafin|Protect|p1b: Palafin\n|-singleturn|p1b: Palafin|Protect\n|move|p2a: Rotom|Hydro Pump|p1a: Iron Treads\n|-supereffective|p1a: Iron Treads\n|-damage|p1a: Iron Treads|0 fnt\n|faint|p1a: Iron Treads\n|-end|p1a: Iron Treads|Quark Drive|[silent]\n|\n|-damage|p2b: Chien-Pao|89\/100 brn|[from] brn\n|-sideend|p2: E179|move: Tailwind\n|upkeep\n|\n|t:|1682857580\n|switch|p1a: Flutter Mane|Flutter Mane, L50|100\/100\n|turn|6\n|\n|t:|1682857600\n|-terastallize|p1a: Flutter Mane|Fairy\n|move|p2b: Chien-Pao|Protect|p2b: Chien-Pao\n|-singleturn|p2b: Chien-Pao|Protect\n|move|p1a: Flutter Mane|Moonblast|p2a: Rotom\n|-damage|p2a: Rotom|4\/100\n|-unboost|p2a: Rotom|spa|1\n|-enditem|p2a: Rotom|Sitrus Berry|[eat]\n|-heal|p2a: Rotom|29\/100|[from] item: Sitrus Berry\n|move|p1b: Palafin|Wave Crash|p2b: Chien-Pao\n|-activate|p2b: Chien-Pao|move: Protect\n|move|p2a: Rotom|Will-O-Wisp|p1b: Palafin\n|-status|p1b: Palafin|brn\n|\n|-damage|p2b: Chien-Pao|83\/100 brn|[from] brn\n|-damage|p1b: Palafin|95\/100 brn|[from] brn\n|upkeep\n|turn|7\n|inactive|E179 has 30 seconds left.\n|inactive|E179 has 20 seconds left.\n|inactive|E179 has 15 seconds left.\n|\n|t:|1682857642\n|move|p2b: Chien-Pao|Sucker Punch|p1a: Flutter Mane\n|-resisted|p1a: Flutter Mane\n|-damage|p1a: Flutter Mane|82\/100\n|move|p1a: Flutter Mane|Moonblast|p2a: Rotom\n|-damage|p2a: Rotom|0 fnt\n|faint|p2a: Rotom\n|move|p1b: Palafin|Wave Crash|p2b: Chien-Pao\n|-damage|p2b: Chien-Pao|21\/100 brn\n|-damage|p1b: Palafin|77\/100 brn|[from] Recoil\n|\n|-damage|p2b: Chien-Pao|15\/100 brn|[from] brn\n|-damage|p1b: Palafin|71\/100 brn|[from] brn\n|upkeep\n|\n|t:|1682857657\n|switch|p2a: Talonflame|Talonflame, L50, M|56\/100\n|turn|8\n|\n|t:|1682857669\n|move|p2b: Chien-Pao|Protect|p2b: Chien-Pao\n|-singleturn|p2b: Chien-Pao|Protect\n|move|p1b: Palafin|Jet Punch|p2a: Talonflame\n|-supereffective|p2a: Talonflame\n|-damage|p2a: Talonflame|0 fnt\n|faint|p2a: Talonflame\n|move|p1a: Flutter Mane|Moonblast|p2b: Chien-Pao\n|-activate|p2b: Chien-Pao|move: Protect\n|\n|-damage|p2b: Chien-Pao|10\/100 brn|[from] brn\n|-damage|p1b: Palafin|65\/100 brn|[from] brn\n|upkeep\n|\n|t:|1682857677\n|switch|p2a: Ceruledge|Ceruledge, L50, M, shiny|100\/100\n|turn|9\n|\n|t:|1682857699\n|-terastallize|p2a: Ceruledge|Grass\n|move|p2b: Chien-Pao|Sucker Punch|p1a: Flutter Mane\n|-resisted|p1a: Flutter Mane\n|-damage|p1a: Flutter Mane|64\/100\n|move|p1b: Palafin|Jet Punch|p2a: Ceruledge\n|-resisted|p2a: Ceruledge\n|-damage|p2a: Ceruledge|85\/100\n|move|p1a: Flutter Mane|Moonblast|p2b: Chien-Pao\n|-supereffective|p2b: Chien-Pao\n|-damage|p2b: Chien-Pao|0 fnt\n|faint|p2b: Chien-Pao\n|move|p2a: Ceruledge|Bitter Blade|p1a: Flutter Mane\n|-damage|p1a: Flutter Mane|0 fnt\n|-heal|p2a: Ceruledge|100\/100|[from] drain|[of] p1a: Flutter Mane\n|faint|p1a: Flutter Mane\n|-end|p1a: Flutter Mane|Protosynthesis|[silent]\n|\n|-damage|p1b: Palafin|59\/100 brn|[from] brn\n|upkeep\n|turn|10\n|\n|t:|1682857717\n|move|p1b: Palafin|Jet Punch|p2a: Ceruledge\n|-resisted|p2a: Ceruledge\n|-damage|p2a: Ceruledge|88\/100\n|move|p2a: Ceruledge|Tera Blast|p1b: Palafin\n|-supereffective|p1b: Palafin\n|-damage|p1b: Palafin|0 fnt\n|faint|p1b: Palafin\n|\n|win|E179\n|raw|Tizio20's rating: 1142 → 1120<\/strong> (-22 for losing)\n|raw|E179's rating: 1184 → 1206<\/strong> (+22 for winning)\n|c|\u2606Tizio20|Gg\n","uploadtime":1682857725,"views":11,"p1id":"tizio20","p2id":"e179","formatid":"gen9vgc2023regulationc","rating":1120,"private":0,"password":""}