{"id":"gen9vgc2023regulationc-1848036949","p1":"Post GC2 testing","p2":"EndernoodlesVGC","format":"[Gen 9] VGC 2023 Regulation C","log":"|j|\u2606Post GC2 testing\n|j|\u2606EndernoodlesVGC\n|t:|1682022931\n|gametype|doubles\n|player|p1|Post GC2 testing|colress|1275\n|player|p2|EndernoodlesVGC|ash|1206\n|teamsize|p1|6\n|teamsize|p2|6\n|gen|9\n|tier|[Gen 9] VGC 2023 Regulation C\n|rated|\n|rule|Species Clause: Limit one of each Pok\u00e9mon\n|rule|Item Clause: Limit one of each item\n|clearpoke\n|poke|p1|Dondozo, L50, F|\n|poke|p1|Tatsugiri-Stretchy, L50, M|\n|poke|p1|Pelipper, L50, M|\n|poke|p1|Toedscruel, L50, M|\n|poke|p1|Annihilape, L50, M|\n|poke|p1|Maushold-Four, L50|\n|poke|p2|Quaquaval, L50, F|\n|poke|p2|Flutter Mane, L50|\n|poke|p2|Espathra, L50, F|\n|poke|p2|Ceruledge, L50, M|\n|poke|p2|Wo-Chien, L50|\n|poke|p2|Grafaiai, L50, F|\n|teampreview|4\n|inactive|Battle timer is ON: inactive players will automatically lose when time's up. (requested by EndernoodlesVGC)\n|\n|t:|1682022947\n|start\n|switch|p1a: Big Bertha|Dondozo, L50, F, shiny|100\/100\n|switch|p1b: Monsoon|Pelipper, L50, M, shiny|100\/100\n|switch|p2a: Wo-Chien|Wo-Chien, L50|100\/100\n|switch|p2b: Grafaiai|Grafaiai, L50, F|100\/100\n|-weather|RainDance|[from] ability: Drizzle|[of] p1b: Monsoon\n|-ability|p2a: Wo-Chien|Tablets of Ruin\n|turn|1\n|\n|t:|1682022970\n|move|p1a: Big Bertha|Protect|p1a: Big Bertha\n|-singleturn|p1a: Big Bertha|Protect\n|move|p2b: Grafaiai|Sunny Day|p2b: Grafaiai\n|-weather|SunnyDay\n|move|p1b: Monsoon|Hydro Pump|p2b: Grafaiai\n|-damage|p2b: Grafaiai|61\/100\n|move|p2a: Wo-Chien|Growth|p2a: Wo-Chien\n|-boost|p2a: Wo-Chien|atk|2\n|-boost|p2a: Wo-Chien|spa|2\n|\n|-weather|SunnyDay|[upkeep]\n|upkeep\n|turn|2\n|\n|t:|1682022987\n|switch|p1a: Weirdo|Toedscruel, L50, M, shiny|100\/100\n|move|p2b: Grafaiai|Gunk Shot|p1b: Monsoon|[miss]\n|-miss|p2b: Grafaiai|p1b: Monsoon\n|move|p1b: Monsoon|Hurricane|p2a: Wo-Chien\n|-supereffective|p2a: Wo-Chien\n|-damage|p2a: Wo-Chien|41\/100\n|move|p2a: Wo-Chien|Growth|p2a: Wo-Chien\n|-boost|p2a: Wo-Chien|atk|2\n|-boost|p2a: Wo-Chien|spa|2\n|\n|-weather|SunnyDay|[upkeep]\n|upkeep\n|turn|3\n|\n|t:|1682023008\n|switch|p1b: Bulkward|Tatsugiri-Stretchy, L50, M|100\/100\n|move|p2a: Wo-Chien|Protect|p2a: Wo-Chien\n|-singleturn|p2a: Wo-Chien|Protect\n|move|p2b: Grafaiai|Gunk Shot|p1b: Bulkward\n|-damage|p1b: Bulkward|30\/100\n|-status|p1b: Bulkward|psn\n|move|p1a: Weirdo|Earth Power|p2b: Grafaiai\n|-supereffective|p2b: Grafaiai\n|-damage|p2b: Grafaiai|0 fnt\n|faint|p2b: Grafaiai\n|\n|-weather|SunnyDay|[upkeep]\n|-damage|p1b: Bulkward|17\/100 psn|[from] psn\n|upkeep\n|\n|t:|1682023022\n|switch|p2b: Espathra|Espathra, L50, F|100\/100\n|turn|4\n|\n|t:|1682023028\n|switch|p1b: Monsoon|Pelipper, L50, M, shiny|100\/100\n|-weather|RainDance|[from] ability: Drizzle|[of] p1b: Monsoon\n|move|p2b: Espathra|Lumina Crash|p1b: Monsoon\n|-damage|p1b: Monsoon|47\/100\n|-unboost|p1b: Monsoon|spd|2\n|move|p2a: Wo-Chien|Giga Drain|p1a: Weirdo\n|-damage|p1a: Weirdo|9\/100\n|-heal|p2a: Wo-Chien|94\/100|[from] drain|[of] p1a: Weirdo\n|move|p1a: Weirdo|Spore|p2b: Espathra\n|-status|p2b: Espathra|slp|[from] move: Spore\n|\n|-weather|RainDance|[upkeep]\n|-ability|p2b: Espathra|Speed Boost|boost\n|-boost|p2b: Espathra|spe|1\n|upkeep\n|turn|5\n|\n|t:|1682023053\n|cant|p2b: Espathra|slp\n|move|p1a: Weirdo|Earth Power|p2a: Wo-Chien\n|-resisted|p2a: Wo-Chien\n|-damage|p2a: Wo-Chien|79\/100\n|move|p1b: Monsoon|Hurricane|p2a: Wo-Chien\n|-supereffective|p2a: Wo-Chien\n|-damage|p2a: Wo-Chien|14\/100\n|move|p2a: Wo-Chien|Giga Drain|p1b: Monsoon\n|-damage|p1b: Monsoon|0 fnt\n|-heal|p2a: Wo-Chien|38\/100|[from] drain|[of] p1b: Monsoon\n|faint|p1b: Monsoon\n|\n|-weather|RainDance|[upkeep]\n|-ability|p2b: Espathra|Speed Boost|boost\n|-boost|p2b: Espathra|spe|1\n|upkeep\n|\n|t:|1682023066\n|switch|p1b: Bulkward|Tatsugiri-Stretchy, L50, M|17\/100 psn\n|turn|6\n|\n|t:|1682023085\n|switch|p1a: Big Bertha|Dondozo, L50, F, shiny|100\/100\n|-activate|p1b: Bulkward|ability: Commander|[of] p1a: Big Bertha\n|-boost|p1a: Big Bertha|atk|2\n|-boost|p1a: Big Bertha|spa|2\n|-boost|p1a: Big Bertha|spe|2\n|-boost|p1a: Big Bertha|def|2\n|-boost|p1a: Big Bertha|spd|2\n|move|p2a: Wo-Chien|Protect|p2a: Wo-Chien\n|-singleturn|p2a: Wo-Chien|Protect\n|cant|p2b: Espathra|slp\n|\n|-weather|RainDance|[upkeep]\n|-damage|p1b: Bulkward|5\/100 psn|[from] psn\n|-ability|p2b: Espathra|Speed Boost|boost\n|-boost|p2b: Espathra|spe|1\n|upkeep\n|turn|7\n|\n|t:|1682023100\n|-terastallize|p1a: Big Bertha|Water\n|-curestatus|p2b: Espathra|slp|[msg]\n|move|p2b: Espathra|Lumina Crash|p1a: Big Bertha\n|-damage|p1a: Big Bertha|84\/100\n|-unboost|p1a: Big Bertha|spd|2\n|move|p1a: Big Bertha|Surf|p2b: Espathra|[spread] p2a,p2b\n|-miss|p1a: Big Bertha|p1b: Bulkward\n|-resisted|p2a: Wo-Chien\n|-damage|p2a: Wo-Chien|0 fnt\n|-enditem|p2b: Espathra|Focus Sash\n|-damage|p2b: Espathra|1\/100\n|faint|p2a: Wo-Chien\n|-damage|p1a: Big Bertha|74\/100|[from] item: Life Orb\n|\n|-weather|RainDance|[upkeep]\n|-damage|p1b: Bulkward|0 fnt|[from] psn\n|faint|p1b: Bulkward\n|-ability|p2b: Espathra|Speed Boost|boost\n|-boost|p2b: Espathra|spe|1\n|upkeep\n|\n|t:|1682023118\n|switch|p1b: Weirdo|Toedscruel, L50, M, shiny|9\/100\n|switch|p2a: Flutter Mane|Flutter Mane, L50, shiny|100\/100\n|turn|8\n|\n|t:|1682023125\n|move|p1b: Weirdo|Protect|p1b: Weirdo\n|-singleturn|p1b: Weirdo|Protect\n|move|p2b: Espathra|Lumina Crash|p1a: Big Bertha\n|-crit|p1a: Big Bertha\n|-damage|p1a: Big Bertha|20\/100\n|-unboost|p1a: Big Bertha|spd|2\n|move|p2a: Flutter Mane|Mystical Fire|p1b: Weirdo\n|-activate|p1b: Weirdo|move: Protect\n|move|p1a: Big Bertha|Surf|p2a: Flutter Mane|[spread] p2a,p2b\n|-activate|p1b: Weirdo|move: Protect\n|-crit|p2a: Flutter Mane\n|-damage|p2a: Flutter Mane|0 fnt\n|-damage|p2b: Espathra|0 fnt\n|faint|p2a: Flutter Mane\n|-end|p2a: Flutter Mane|Protosynthesis|[silent]\n|faint|p2b: Espathra\n|-damage|p1a: Big Bertha|10\/100|[from] item: Life Orb\n|\n|win|Post GC2 testing\n|raw|Post GC2 testing's rating: 1275 → 1295<\/strong> (+20 for winning)\n|raw|EndernoodlesVGC's rating: 1206 → 1186<\/strong> (-20 for losing)\n|c|\u2606Post GC2 testing|Gg\n|l|\u2606EndernoodlesVGC\n","uploadtime":1682023138,"views":12,"p1id":"postgc2testing","p2id":"endernoodlesvgc","formatid":"gen9vgc2023regulationc","rating":1186,"private":0,"password":""}