{"id":"gen9vgc2023regulationc-1855436752","p1":"aed96","p2":"castury24","format":"[Gen 9] VGC 2023 Regulation C","log":"|j|\u2606aed96\n|j|\u2606castury24\n|t:|1682951293\n|gametype|doubles\n|player|p1|aed96|red-masters|\n|player|p2|castury24|pokemaniac|\n|teamsize|p1|6\n|teamsize|p2|6\n|gen|9\n|tier|[Gen 9] VGC 2023 Regulation C\n|rule|Species Clause: Limit one of each Pok\u00e9mon\n|rule|Item Clause: Limit one of each item\n|clearpoke\n|poke|p1|Amoonguss, L50, M|\n|poke|p1|Azumarill, L50, F|\n|poke|p1|Espeon, L50, M|\n|poke|p1|Eelektross, L50, F|\n|poke|p1|Dragapult, L50, F|\n|poke|p1|Dragonite, L50, M|\n|poke|p2|Corviknight, L50, F|\n|poke|p2|Armarouge, L50, M|\n|poke|p2|Sableye, L50, M|\n|poke|p2|Tsareena, L50, F|\n|poke|p2|Ursaring, L50, F|\n|poke|p2|Rotom-Wash, L50|\n|teampreview|4\ncastury24 has agreed to open team sheets.\n|c|\u2606aed96|g1\naed96 has agreed to open team sheets.\n|c|\u2606aed96|glhf\n|c|\u2606castury24|gl gl\n|\n|t:|1682951425\n|start\n|switch|p1a: Dragapult|Dragapult, L50, F|100\/100\n|switch|p1b: Amoonguss|Amoonguss, L50, M, shiny|100\/100\n|switch|p2a: Sableye|Sableye, L50, M|100\/100\n|switch|p2b: Ursaring|Ursaring, L50, F|100\/100\n|turn|1\n|\n|t:|1682951459\n|-terastallize|p1a: Dragapult|Ghost\n|move|p2a: Sableye|Trick|p1b: Amoonguss\n|-activate|p2a: Sableye|move: Trick|[of] p1b: Amoonguss\n|-item|p1b: Amoonguss|Choice Scarf|[from] move: Trick\n|-item|p2a: Sableye|Wiki Berry|[from] move: Trick\n|move|p1a: Dragapult|Tera Blast|p2a: Sableye\n|-damage|p2a: Sableye|27\/100\n|move|p2b: Ursaring|Play Rough|p1b: Amoonguss|[miss]\n|-miss|p2b: Ursaring|p1b: Amoonguss\n|move|p1b: Amoonguss|Spore|p2b: Ursaring\n|-status|p2b: Ursaring|slp|[from] move: Spore\n|\n|upkeep\n|turn|2\n|\n|t:|1682951486\n|switch|p2b: Tsareena|Tsareena, L50, F|100\/100\n|move|p2a: Sableye|Disable|p1b: Amoonguss\n|-start|p1b: Amoonguss|Disable|Spore\n|move|p1a: Dragapult|Tera Blast|p2a: Sableye\n|-damage|p2a: Sableye|0 fnt\n|faint|p2a: Sableye\n|cant|p1b: Amoonguss|Disable|Spore\n|\n|upkeep\n|\n|t:|1682951496\n|switch|p2a: Corviknight|Corviknight, L50, F|100\/100\n|turn|3\n|\n|t:|1682951515\n|switch|p1b: Eelektross|Eelektross, L50, F|100\/100\n|move|p1a: Dragapult|Tera Blast|p2b: Tsareena\n|-damage|p2b: Tsareena|22\/100\n|move|p2b: Tsareena|Power Whip|p1a: Dragapult\n|-damage|p1a: Dragapult|13\/100\n|-damage|p2b: Tsareena|13\/100|[from] item: Life Orb\n|move|p2a: Corviknight|Tailwind|p2a: Corviknight\n|-sidestart|p2: castury24|move: Tailwind\n|\n|upkeep\n|turn|4\n|\n|t:|1682951537\n|switch|p2b: Ursaring|Ursaring, L50, F|100\/100 slp\n|switch|p1a: Amoonguss|Amoonguss, L50, M, shiny|100\/100\n|move|p2a: Corviknight|U-turn|p1a: Amoonguss\n|-damage|p1a: Amoonguss|87\/100\n|\n|t:|1682951548\n|switch|p2a: Tsareena|Tsareena, L50, F|13\/100|[from] U-turn\n|move|p1b: Eelektross|Volt Switch|p2b: Ursaring\n|-damage|p2b: Ursaring|67\/100 slp\n|\n|t:|1682951560\n|switch|p1b: Espeon|Espeon, L50, M|100\/100|[from] Volt Switch\n|\n|upkeep\n|turn|5\n|\n|t:|1682951588\n|move|p2a: Tsareena|Synthesis|p2a: Tsareena\n|-heal|p2a: Tsareena|63\/100\n|cant|p2b: Ursaring|slp\n|move|p1b: Espeon|Psychic|p2b: Ursaring\n|-damage|p2b: Ursaring|22\/100 slp\n|move|p1a: Amoonguss|Pollen Puff|p1b: Espeon\n|-immune|p1b: Espeon\n|\n|upkeep\n|turn|6\n|\n|t:|1682951620\n|move|p2a: Tsareena|Rapid Spin|p1a: Amoonguss\n|-damage|p1a: Amoonguss|73\/100\n|-boost|p2a: Tsareena|spe|1\n|-damage|p2a: Tsareena|53\/100|[from] item: Life Orb\n|cant|p2b: Ursaring|slp\n|move|p1b: Espeon|Psychic|p2b: Ursaring\n|-damage|p2b: Ursaring|0 fnt\n|faint|p2b: Ursaring\n|move|p1a: Amoonguss|Pollen Puff|p2a: Tsareena\n|-supereffective|p2a: Tsareena\n|-damage|p2a: Tsareena|13\/100\n|\n|-sideend|p2: castury24|move: Tailwind\n|upkeep\n|\n|t:|1682951633\n|switch|p2b: Corviknight|Corviknight, L50, F|100\/100\n|turn|7\n|\n|t:|1682951653\n|move|p2a: Tsareena|Synthesis|p2a: Tsareena\n|-heal|p2a: Tsareena|63\/100\n|move|p1b: Espeon|Psychic|p2a: Tsareena\n|-damage|p2a: Tsareena|20\/100\n|move|p2b: Corviknight|Iron Head|p1b: Espeon\n|-damage|p1b: Espeon|72\/100\n|move|p1a: Amoonguss|Pollen Puff|p1b: Espeon\n|-heal|p1b: Espeon|100\/100\n|\n|upkeep\n|turn|8\n|\n|t:|1682951671\n|move|p2a: Tsareena|Synthesis|p2a: Tsareena\n|-heal|p2a: Tsareena|70\/100\n|move|p1b: Espeon|Psychic|p2a: Tsareena\n|-damage|p2a: Tsareena|22\/100\n|move|p2b: Corviknight|U-turn|p1a: Amoonguss\n|-damage|p1a: Amoonguss|60\/100\n|move|p1a: Amoonguss|Pollen Puff|p2a: Tsareena\n|-supereffective|p2a: Tsareena\n|-crit|p2a: Tsareena\n|-damage|p2a: Tsareena|0 fnt\n|faint|p2a: Tsareena\n|\n|upkeep\n|turn|9\n|\n|t:|1682951689\n|switch|p1a: Eelektross|Eelektross, L50, F|100\/100\n|move|p1b: Espeon|Thunder Wave|p2b: Corviknight\n|-status|p2b: Corviknight|par\n|move|p2b: Corviknight|Iron Head|p1a: Eelektross\n|-resisted|p1a: Eelektross\n|-damage|p1a: Eelektross|86\/100\n|\n|upkeep\n|turn|10\n|c|\u2606castury24|gg gg\n|-message|castury24 forfeited.\n|\n|win|aed96\n|c|\u2606aed96|gg\n","uploadtime":1682951975,"views":20,"p1id":"aed96","p2id":"castury24","formatid":"gen9vgc2023regulationc","rating":0,"private":0,"password":""}