{"id":"gen9vgc2023regulationc-1862409483","p1":"Sakul55","p2":"3ta","format":"[Gen 9] VGC 2023 Regulation C","log":"|j|\u2606Sakul55\n|j|\u26063ta\n|t:|1683881373\n|gametype|doubles\n|player|p1|Sakul55|2|1356\n|player|p2|3ta|tuberf|1412\n|teamsize|p1|6\n|teamsize|p2|6\n|gen|9\n|tier|[Gen 9] VGC 2023 Regulation C\n|rated|\n|rule|Species Clause: Limit one of each Pok\u00e9mon\n|rule|Item Clause: Limit one of each item\n|clearpoke\n|poke|p1|Ting-Lu, L50|\n|poke|p1|Palafin, L50, F|\n|poke|p1|Iron Hands, L50|\n|poke|p1|Flutter Mane, L50|\n|poke|p1|Arcanine, L50, M|\n|poke|p1|Amoonguss, L50, F|\n|poke|p2|Lycanroc, L50, F|\n|poke|p2|Tyranitar, L50, F|\n|poke|p2|Annihilape, L50, M|\n|poke|p2|Ting-Lu, L50|\n|poke|p2|Armarouge, L50, F|\n|poke|p2|Indeedee-F, L50, F|\n|teampreview|4\n|\n|t:|1683881399\n|start\n|switch|p1a: Iron Hands|Iron Hands, L50|100\/100\n|switch|p1b: Ting-Lu|Ting-Lu, L50|100\/100\n|switch|p2a: Indeedee|Indeedee-F, L50, F|100\/100\n|switch|p2b: Annihilape|Annihilape, L50, M|100\/100\n|-fieldstart|move: Psychic Terrain|[from] ability: Psychic Surge|[of] p2a: Indeedee\n|-ability|p1b: Ting-Lu|Vessel of Ruin\n|turn|1\n|c|\u2606Sakul55|FCK the Ape\n|c|\u26063ta|x)\n|\n|t:|1683881423\n|-end|p1a: Iron Hands|Quark Drive|[silent]\n|switch|p1a: Amoonguss|Amoonguss, L50, F|100\/100\n|move|p2a: Indeedee|Follow Me|p2a: Indeedee\n|-singleturn|p2a: Indeedee|move: Follow Me\n|move|p2b: Annihilape|Bulk Up|p2b: Annihilape\n|-boost|p2b: Annihilape|atk|1\n|-boost|p2b: Annihilape|def|1\n|move|p1b: Ting-Lu|Sand Tomb|p2a: Indeedee\n|-damage|p2a: Indeedee|87\/100\n|-activate|p2a: Indeedee|move: Sand Tomb|[of] p1b: Ting-Lu\n|\n|-damage|p2a: Indeedee|75\/100|[from] move: Sand Tomb|[partiallytrapped]\n|upkeep\n|turn|2\n|inactive|Battle timer is ON: inactive players will automatically lose when time's up. (requested by 3ta)\n|\n|t:|1683881445\n|switch|p1b: Flutter Mane|Flutter Mane, L50|100\/100\n|move|p2b: Annihilape|Protect|p2b: Annihilape\n|-singleturn|p2b: Annihilape|Protect\n|move|p2a: Indeedee|Psychic|p1a: Amoonguss\n|-supereffective|p1a: Amoonguss\n|-damage|p1a: Amoonguss|34\/100\n|move|p1a: Amoonguss|Spore|p2a: Indeedee\n|-activate|p2a: Indeedee|item: Safety Goggles|Spore\n|\n|-end|p2a: Indeedee|Sand Tomb|[partiallytrapped]|[silent]\n|upkeep\n|turn|3\n|c|\u2606Sakul55|FCK U\n|inactive|Sakul55 has 30 seconds left.\n|inactive|3ta has 30 seconds left.\n|\n|t:|1683881473\n|switch|p1a: Iron Hands|Iron Hands, L50|100\/100\n|-terastallize|p1b: Flutter Mane|Fairy\n|-terastallize|p2b: Annihilape|Water\n|move|p1b: Flutter Mane|Dazzling Gleam|p2b: Annihilape|[spread] p2a,p2b\n|-crit|p2a: Indeedee\n|-damage|p2a: Indeedee|0 fnt\n|-damage|p2b: Annihilape|46\/100\n|faint|p2a: Indeedee\n|move|p2b: Annihilape|Rage Fist|p1b: Flutter Mane\n|-damage|p1b: Flutter Mane|0 fnt\n|faint|p1b: Flutter Mane\n|-end|p1b: Flutter Mane|Protosynthesis|[silent]\n|\n|-heal|p2b: Annihilape|52\/100|[from] item: Leftovers\n|upkeep\n|\n|t:|1683881493\n|switch|p1b: Ting-Lu|Ting-Lu, L50|100\/100\n|switch|p2a: Armarouge|Armarouge, L50, F|100\/100\n|-ability|p1b: Ting-Lu|Vessel of Ruin\n|turn|4\n|\n|t:|1683881511\n|move|p2a: Armarouge|Expanding Force|p1b: Ting-Lu|[spread] p1a\n|-immune|p1b: Ting-Lu\n|-supereffective|p1a: Iron Hands\n|-damage|p1a: Iron Hands|58\/100\n|move|p2b: Annihilape|Drain Punch|p1b: Ting-Lu\n|-supereffective|p1b: Ting-Lu\n|-damage|p1b: Ting-Lu|51\/100\n|-heal|p2b: Annihilape|81\/100|[from] drain|[of] p1b: Ting-Lu\n|move|p1a: Iron Hands|Thunder Punch|p2b: Annihilape\n|-supereffective|p2b: Annihilape\n|-damage|p2b: Annihilape|40\/100\n|move|p1b: Ting-Lu|Sand Tomb|p2a: Armarouge\n|-supereffective|p2a: Armarouge\n|-enditem|p2a: Armarouge|Shuca Berry|[eat]\n|-enditem|p2a: Armarouge|Shuca Berry|[weaken]\n|-damage|p2a: Armarouge|87\/100\n|-activate|p2a: Armarouge|move: Sand Tomb|[of] p1b: Ting-Lu\n|-ability|p2a: Armarouge|Weak Armor|boost\n|-unboost|p2a: Armarouge|def|1\n|-boost|p2a: Armarouge|spe|2\n|\n|-heal|p2b: Annihilape|46\/100|[from] item: Leftovers\n|-heal|p1b: Ting-Lu|58\/100|[from] item: Leftovers\n|-damage|p2a: Armarouge|75\/100|[from] move: Sand Tomb|[partiallytrapped]\n|upkeep\n|turn|5\n|inactive|Sakul55 has 30 seconds left.\n|inactive|3ta has 30 seconds left.\n|\n|t:|1683881545\n|move|p1b: Ting-Lu|Protect|p1b: Ting-Lu\n|-singleturn|p1b: Ting-Lu|Protect\n|move|p2a: Armarouge|Expanding Force|p1b: Ting-Lu|[spread] p1a\n|-activate|p1b: Ting-Lu|move: Protect\n|-supereffective|p1a: Iron Hands\n|-damage|p1a: Iron Hands|19\/100\n|move|p2b: Annihilape|Rage Fist|p1a: Iron Hands\n|-damage|p1a: Iron Hands|0 fnt\n|faint|p1a: Iron Hands\n|-end|p1a: Iron Hands|Quark Drive|[silent]\n|\n|-heal|p2b: Annihilape|52\/100|[from] item: Leftovers\n|-heal|p1b: Ting-Lu|64\/100|[from] item: Leftovers\n|-damage|p2a: Armarouge|63\/100|[from] move: Sand Tomb|[partiallytrapped]\n|-fieldend|move: Psychic Terrain\n|upkeep\n|-message|Sakul55 forfeited.\n|\n|win|3ta\n|raw|Sakul55's rating: 1356 → 1339<\/strong> (-17 for losing)\n|raw|3ta's rating: 1412 → 1429<\/strong> (+17 for winning)\n","uploadtime":1683881464,"views":4,"p1id":"sakul55","p2id":"3ta","formatid":"gen9vgc2023regulationc","rating":1339,"private":0,"password":""}