{"id":"gen9vgc2023regulationc-1857812560","p1":"lordofthespice","p2":"Igortal","format":"[Gen 9] VGC 2023 Regulation C","log":"|j|\u2606lordofthespice\n|j|\u2606Igortal\n|t:|1683234389\n|gametype|doubles\n|player|p1|lordofthespice|170|1388\n|player|p2|Igortal|bruno|1396\n|teamsize|p1|6\n|teamsize|p2|6\n|gen|9\n|tier|[Gen 9] VGC 2023 Regulation C\n|rated|\n|rule|Species Clause: Limit one of each Pok\u00e9mon\n|rule|Item Clause: Limit one of each item\n|clearpoke\n|poke|p1|Scream Tail, L50|\n|poke|p1|Ceruledge, L50, F|\n|poke|p1|Ting-Lu, L50|\n|poke|p1|Flutter Mane, L50|\n|poke|p1|Iron Hands, L50|\n|poke|p1|Corviknight, L50, M|\n|poke|p2|Dondozo, L50, F|\n|poke|p2|Tatsugiri-Droopy, L50, F|\n|poke|p2|Wo-Chien, L50|\n|poke|p2|Flutter Mane, L50|\n|poke|p2|Arcanine, L50, M|\n|poke|p2|Glimmora, L50, F|\n|teampreview|4\n|\n|t:|1683234421\n|start\n|switch|p1a: werepuff|Scream Tail, L50|100\/100\n|switch|p1b: handzo|Iron Hands, L50|100\/100\n|switch|p2a: Flutter Mane|Flutter Mane, L50|100\/100\n|switch|p2b: Glimmora|Glimmora, L50, F|100\/100\n|-enditem|p1a: werepuff|Booster Energy\n|-activate|p1a: werepuff|ability: Protosynthesis|[fromitem]\n|-start|p1a: werepuff|protosynthesisspe\n|turn|1\n|\n|t:|1683234482\n|-end|p1b: handzo|Quark Drive|[silent]\n|switch|p1b: anakin|Ceruledge, L50, F|100\/100\n|move|p2a: Flutter Mane|Protect|p2a: Flutter Mane\n|-singleturn|p2a: Flutter Mane|Protect\n|move|p1a: werepuff|Misty Terrain|p1a: werepuff\n|-fieldstart|move: Misty Terrain\n|move|p2b: Glimmora|Mortal Spin|p1b: anakin|[spread] p1a,p1b\n|-supereffective|p1a: werepuff\n|-resisted|p1b: anakin\n|-damage|p1a: werepuff|94\/100\n|-damage|p1b: anakin|98\/100\n|\n|upkeep\n|turn|2\n|\n|t:|1683234514\n|-terastallize|p1b: anakin|Grass\n|move|p1a: werepuff|Encore|p2b: Glimmora\n|-start|p2b: Glimmora|Encore\n|move|p2a: Flutter Mane|Shadow Ball|p1a: werepuff\n|-supereffective|p1a: werepuff\n|-damage|p1a: werepuff|35\/100\n|move|p2b: Glimmora|Mortal Spin|p1a: werepuff|[spread] p1a,p1b\n|-supereffective|p1a: werepuff\n|-supereffective|p1b: anakin\n|-damage|p1a: werepuff|28\/100\n|-damage|p1b: anakin|91\/100\n|move|p1b: anakin|Bitter Blade|p2a: Flutter Mane\n|-damage|p2a: Flutter Mane|1\/100\n|-heal|p1b: anakin|100\/100|[from] drain|[of] p2a: Flutter Mane\n|\n|upkeep\n|turn|3\n|\n|t:|1683234547\n|-end|p2a: Flutter Mane|Protosynthesis|[silent]\n|switch|p2a: Dondozo|Dondozo, L50, F|100\/100\n|switch|p2b: Tatsugiri|Tatsugiri-Droopy, L50, F|100\/100\n|-activate|p2b: Tatsugiri|ability: Commander|[of] p2a: Dondozo\n|-boost|p2a: Dondozo|atk|2\n|-boost|p2a: Dondozo|spa|2\n|-boost|p2a: Dondozo|spe|2\n|-boost|p2a: Dondozo|def|2\n|-boost|p2a: Dondozo|spd|2\n|move|p1b: anakin|Shadow Sneak|p2a: Dondozo\n|-damage|p2a: Dondozo|93\/100\n|move|p1a: werepuff|Howl|p1a: werepuff|[spread] p1a,p1b\n|-boost|p1a: werepuff|atk|1\n|-boost|p1b: anakin|atk|1\n|\n|upkeep\n|turn|4\n|\n|t:|1683234587\n|move|p1a: werepuff|Howl|p1a: werepuff|[spread] p1a,p1b\n|-boost|p1a: werepuff|atk|1\n|-boost|p1b: anakin|atk|1\n|move|p2a: Dondozo|Earthquake|p1b: anakin|[spread] p1a,p1b\n|-miss|p2a: Dondozo|p2b: Tatsugiri\n|-resisted|p1b: anakin\n|-damage|p1a: werepuff|0 fnt\n|-damage|p1b: anakin|74\/100\n|faint|p1a: werepuff\n|-end|p1a: werepuff|Protosynthesis|[silent]\n|move|p1b: anakin|Clear Smog|p2a: Dondozo\n|-damage|p2a: Dondozo|88\/100\n|-clearboost|p2a: Dondozo\n|\n|upkeep\n|\n|t:|1683234602\n|switch|p1a: handzo|Iron Hands, L50|100\/100\n|turn|5\n|\n|t:|1683234614\n|move|p2a: Dondozo|Protect|p2a: Dondozo\n|-singleturn|p2a: Dondozo|Protect\n|move|p1a: handzo|Fake Out|p2a: Dondozo\n|-activate|p2a: Dondozo|move: Protect\n|move|p1b: anakin|Bitter Blade|p2a: Dondozo\n|-activate|p2a: Dondozo|move: Protect\n|\n|-fieldend|Misty Terrain\n|upkeep\n|turn|6\n|\n|t:|1683234629\n|-terastallize|p2a: Dondozo|Flying\n|move|p1b: anakin|Tera Blast|p2a: Dondozo\n|-resisted|p2a: Dondozo\n|-damage|p2a: Dondozo|76\/100\n|move|p2a: Dondozo|Tera Blast|p1b: anakin\n|-supereffective|p1b: anakin\n|-damage|p1b: anakin|0 fnt\n|faint|p1b: anakin\n|move|p1a: handzo|Swords Dance|p1a: handzo\n|-boost|p1a: handzo|atk|2\n|\n|upkeep\n|\n|t:|1683234639\n|switch|p1b: nevermore|Corviknight, L50, M|100\/100\n|turn|7\n|\n|t:|1683234656\n|move|p1b: nevermore|Tailwind|p1b: nevermore\n|-sidestart|p1: lordofthespice|move: Tailwind\n|move|p1a: handzo|Thunder Punch|p2a: Dondozo\n|-supereffective|p2a: Dondozo\n|-damage|p2a: Dondozo|28\/100\n|move|p2a: Dondozo|Earthquake|p1b: nevermore|[spread] p1a\n|-miss|p2a: Dondozo|p2b: Tatsugiri\n|-immune|p1b: nevermore\n|-supereffective|p1a: handzo\n|-damage|p1a: handzo|72\/100\n|\n|upkeep\n|turn|8\n|\n|t:|1683234694\n|move|p2a: Dondozo|Protect|p2a: Dondozo\n|-singleturn|p2a: Dondozo|Protect\n|move|p1b: nevermore|Bulk Up|p1b: nevermore\n|-boost|p1b: nevermore|atk|1\n|-boost|p1b: nevermore|def|1\n|move|p1a: handzo|Swords Dance|p1a: handzo\n|-boost|p1a: handzo|atk|2\n|\n|upkeep\n|turn|9\n|\n|t:|1683234712\n|move|p2a: Dondozo|Protect||[still]\n|-fail|p2a: Dondozo\n|move|p1b: nevermore|Bulk Up|p1b: nevermore\n|-boost|p1b: nevermore|atk|1\n|-boost|p1b: nevermore|def|1\n|move|p1a: handzo|Thunder Punch|p2a: Dondozo\n|-supereffective|p2a: Dondozo\n|-damage|p2a: Dondozo|0 fnt\n|faint|p2a: Dondozo\n|\n|upkeep\n|\n|t:|1683234719\n|switch|p2a: Flutter Mane|Flutter Mane, L50|1\/100\n|turn|10\n|\n|t:|1683234730\n|move|p2a: Flutter Mane|Protect|p2a: Flutter Mane\n|-singleturn|p2a: Flutter Mane|Protect\n|move|p2b: Tatsugiri|Muddy Water|p1b: nevermore|[spread] p1a,p1b\n|-damage|p1a: handzo|49\/100\n|-damage|p1b: nevermore|73\/100\n|-enditem|p1a: handzo|Sitrus Berry|[eat]\n|-heal|p1a: handzo|74\/100|[from] item: Sitrus Berry\n|move|p1b: nevermore|Brave Bird|p2a: Flutter Mane\n|-activate|p2a: Flutter Mane|move: Protect\n|move|p1a: handzo|Drain Punch|p2b: Tatsugiri\n|-damage|p2b: Tatsugiri|0 fnt\n|-heal|p1a: handzo|100\/100|[from] drain|[of] p2b: Tatsugiri\n|faint|p2b: Tatsugiri\n|\n|-sideend|p1: lordofthespice|move: Tailwind\n|upkeep\n|\n|t:|1683234745\n|switch|p2b: Glimmora|Glimmora, L50, F|100\/100\n|turn|11\n|\n|t:|1683234761\n|move|p2a: Flutter Mane|Thunderbolt|p1b: nevermore\n|-supereffective|p1b: nevermore\n|-damage|p1b: nevermore|15\/100\n|-status|p1b: nevermore|par\n|-enditem|p1b: nevermore|Lum Berry|[eat]\n|-curestatus|p1b: nevermore|par|[msg]\n|move|p2b: Glimmora|Mortal Spin|p1b: nevermore|[spread] p1a\n|-immune|p1b: nevermore\n|-damage|p1a: handzo|98\/100\n|-status|p1a: handzo|psn\n|move|p1b: nevermore|Brave Bird|p2a: Flutter Mane\n|-damage|p2a: Flutter Mane|0 fnt\n|faint|p2a: Flutter Mane\n|-end|p2a: Flutter Mane|Protosynthesis|[silent]\n|-damage|p1b: nevermore|14\/100|[from] Recoil\n|move|p1a: handzo|Drain Punch|p2b: Glimmora\n|-damage|p2b: Glimmora|0 fnt\n|-heal|p1a: handzo|100\/100 psn|[from] drain|[of] p2b: Glimmora\n|-activate|p2b: Glimmora|ability: Toxic Debris\n|-sidestart|p1: lordofthespice|move: Toxic Spikes\n|faint|p2b: Glimmora\n|\n|win|lordofthespice\n|raw|lordofthespice's rating: 1388 → 1408<\/strong> (+20 for winning)\n|raw|Igortal's rating: 1396 → 1376<\/strong> (-20 for losing)\n","uploadtime":1683234806,"views":18,"p1id":"lordofthespice","p2id":"igortal","formatid":"gen9vgc2023regulationc","rating":1376,"private":0,"password":""}