{"id":"gen9vgc2023regulationc-1848235982","p1":"PixelsGP","p2":"middleofnowhere","format":"[Gen 9] VGC 2023 Regulation C","log":"|j|\u2606PixelsGP\n|j|\u2606middleofnowhere\n|t:|1682046144\n|gametype|doubles\n|player|p1|PixelsGP|hilda|1070\n|player|p2|middleofnowhere|169|1137\n|teamsize|p1|6\n|teamsize|p2|6\n|gen|9\n|tier|[Gen 9] VGC 2023 Regulation C\n|rated|\n|rule|Species Clause: Limit one of each Pok\u00e9mon\n|rule|Item Clause: Limit one of each item\n|clearpoke\n|poke|p1|Garganacl, L50, M|\n|poke|p1|Arcanine, L50, F|\n|poke|p1|Oranguru, L50, F|\n|poke|p1|Flutter Mane, L50|\n|poke|p1|Sylveon, L50, M|\n|poke|p1|Annihilape, L50, M|\n|poke|p2|Flutter Mane, L50|\n|poke|p2|Garganacl, L50, M|\n|poke|p2|Annihilape, L50, M|\n|poke|p2|Houndstone, L50, M|\n|poke|p2|Tyranitar, L50, F|\n|poke|p2|Chi-Yu, L50|\n|teampreview|4\n|inactive|Battle timer is ON: inactive players will automatically lose when time's up. (requested by middleofnowhere)\nmiddleofnowhere rejected open team sheets.\n|\n|t:|1682046232\n|start\n|switch|p1a: Arby's|Garganacl, L50, M|100\/100\n|switch|p1b: White Wafers|Sylveon, L50, M|100\/100\n|switch|p2a: Garganacl|Garganacl, L50, M|100\/100\n|switch|p2b: Flutter Mane|Flutter Mane, L50|100\/100\n|turn|1\n|\n|t:|1682046254\n|move|p1b: White Wafers|Protect|p1b: White Wafers\n|-singleturn|p1b: White Wafers|Protect\n|move|p2a: Garganacl|Protect|p2a: Garganacl\n|-singleturn|p2a: Garganacl|Protect\n|move|p2b: Flutter Mane|Imprison|p2b: Flutter Mane\n|-start|p2b: Flutter Mane|move: Imprison\n|move|p1a: Arby's|Salt Cure|p2a: Garganacl\n|-activate|p2a: Garganacl|move: Protect\n|\n|upkeep\n|turn|2\n|inactive|PixelsGP has 30 seconds left.\n|inactive|PixelsGP has 20 seconds left.\n|\n|t:|1682046290\n|move|p2b: Flutter Mane|Shadow Ball|p1a: Arby's\n|-damage|p1a: Arby's|61\/100\n|move|p1b: White Wafers|Skill Swap|p1a: Arby's\n|-activate|p1b: White Wafers|move: Skill Swap|||[of] p1a: Arby's\n|move|p1a: Arby's|Explosion|p2b: Flutter Mane|[spread] p1b,p2a,p2b\n|-damage|p1b: White Wafers|27\/100\n|-damage|p2a: Garganacl|38\/100\n|-enditem|p2b: Flutter Mane|Focus Sash\n|-damage|p2b: Flutter Mane|1\/100\n|faint|p1a: Arby's\n|move|p2a: Garganacl|Explosion|p1b: White Wafers|[spread] p1b\n|-immune|p2b: Flutter Mane\n|-enditem|p2a: Garganacl|Normal Gem|[from] gem\n|-damage|p1b: White Wafers|0 fnt\n|faint|p2a: Garganacl\n|faint|p1b: White Wafers\n|\n|upkeep\n|c|\u2606middleofnowhere|lol\n|\n|t:|1682046314\n|switch|p1b: Peaches|Flutter Mane, L50|100\/100\n|switch|p1a: Doggo|Arcanine, L50, F|100\/100\n|switch|p2a: Tyranitar|Tyranitar, L50, F|100\/100\n|-ability|p1a: Doggo|Intimidate|boost\n|-unboost|p2a: Tyranitar|atk|1\n|-unboost|p2b: Flutter Mane|atk|1\n|-weather|Sandstorm|[from] ability: Sand Stream|[of] p2a: Tyranitar\n|turn|3\n|inactive|PixelsGP has 30 seconds left.\n|inactive|middleofnowhere has 30 seconds left.\n|\n|t:|1682046345\n|move|p2b: Flutter Mane|Dazzling Gleam|p1a: Doggo|[spread] p1a,p1b\n|-resisted|p1a: Doggo\n|-damage|p1a: Doggo|83\/100\n|-damage|p1b: Peaches|67\/100\n|move|p1b: Peaches|Icy Wind|p2b: Flutter Mane|[spread] p2a,p2b\n|-damage|p2a: Tyranitar|87\/100\n|-damage|p2b: Flutter Mane|0 fnt\n|-unboost|p2a: Tyranitar|spe|1\n|faint|p2b: Flutter Mane\n|-end|p2b: Flutter Mane|Protosynthesis|[silent]\n|move|p1a: Doggo|Will-O-Wisp|p2a: Tyranitar\n|-status|p2a: Tyranitar|brn\n|move|p2a: Tyranitar|Rock Slide|p1b: Peaches|[spread] p1a,p1b\n|-supereffective|p1a: Doggo\n|-damage|p1a: Doggo|58\/100\n|-damage|p1b: Peaches|44\/100\n|\n|-weather|Sandstorm|[upkeep]\n|-damage|p1b: Peaches|38\/100|[from] Sandstorm\n|-damage|p1a: Doggo|52\/100|[from] Sandstorm\n|-damage|p2a: Tyranitar|81\/100 brn|[from] brn\n|upkeep\n|\n|t:|1682046362\n|switch|p2b: Houndstone|Houndstone, L50, M|100\/100\n|turn|4\n|inactive|PixelsGP has 30 seconds left.\n|\n|t:|1682046391\n|move|p2b: Houndstone|Shadow Sneak|p1b: Peaches\n|-supereffective|p1b: Peaches\n|-damage|p1b: Peaches|0 fnt\n|faint|p1b: Peaches\n|-end|p1b: Peaches|Protosynthesis|[silent]\n|move|p1a: Doggo|Will-O-Wisp|p2b: Houndstone\n|-status|p2b: Houndstone|brn\n|move|p2a: Tyranitar|Rock Slide|p1a: Doggo|[miss]\n|-miss|p2a: Tyranitar|p1a: Doggo\n|\n|-weather|Sandstorm|[upkeep]\n|-damage|p1a: Doggo|46\/100|[from] Sandstorm\n|-enditem|p1a: Doggo|Sitrus Berry|[eat]\n|-heal|p1a: Doggo|71\/100|[from] item: Sitrus Berry\n|-damage|p2b: Houndstone|94\/100 brn|[from] brn\n|-damage|p2a: Tyranitar|75\/100 brn|[from] brn\n|upkeep\n|turn|5\n|\n|t:|1682046411\n|move|p2b: Houndstone|Last Respects|p1a: Doggo\n|-damage|p1a: Doggo|24\/100\n|move|p1a: Doggo|Flare Blitz|p2b: Houndstone\n|-damage|p2b: Houndstone|17\/100 brn\n|-damage|p1a: Doggo|5\/100|[from] Recoil\n|move|p2a: Tyranitar|Rock Slide|p1a: Doggo\n|-supereffective|p1a: Doggo\n|-damage|p1a: Doggo|0 fnt\n|faint|p1a: Doggo\n|\n|win|middleofnowhere\n|raw|PixelsGP's rating: 1070 → 1053<\/strong> (-17 for losing)\n|raw|middleofnowhere's rating: 1137 → 1157<\/strong> (+20 for winning)\n|c|\u2606middleofnowhere|gg\n|l|\u2606middleofnowhere\n|c|\u2606PixelsGP|gg\n","uploadtime":1682046437,"views":15,"p1id":"pixelsgp","p2id":"middleofnowhere","formatid":"gen9vgc2023regulationc","rating":1053,"private":0,"password":""}