{"id":"gen9vgc2023regulationc-1846572428","p1":"Emiker","p2":"jdanhyde","format":"[Gen 9] VGC 2023 Regulation C","log":"|j|\u2606Emiker\n|j|\u2606jdanhyde\n|t:|1681852949\n|gametype|doubles\n|player|p1|Emiker|red|1317\n|player|p2|jdanhyde|265|1233\n|teamsize|p1|6\n|teamsize|p2|6\n|gen|9\n|tier|[Gen 9] VGC 2023 Regulation C\n|rated|\n|rule|Species Clause: Limit one of each Pok\u00e9mon\n|rule|Item Clause: Limit one of each item\n|clearpoke\n|poke|p1|Flutter Mane, L50|\n|poke|p1|Palafin, L50, M|\n|poke|p1|Amoonguss, L50, M|\n|poke|p1|Arcanine, L50, M|\n|poke|p1|Ting-Lu, L50|\n|poke|p1|Dragapult, L50, M|\n|poke|p2|Chien-Pao, L50|\n|poke|p2|Azumarill, L50, M|\n|poke|p2|Arcanine, L50, F|\n|poke|p2|Amoonguss, L50, F|\n|poke|p2|Corviknight, L50, F|\n|poke|p2|Flutter Mane, L50|\n|teampreview|4\n|inactive|Battle timer is ON: inactive players will automatically lose when time's up. (requested by jdanhyde)\n|inactive|Emiker has 60 seconds left.\n|\n|t:|1681853010\n|start\n|switch|p1a: Arcanine|Arcanine, L50, M, shiny|100\/100\n|switch|p1b: Dragapult|Dragapult, L50, M, shiny|100\/100\n|switch|p2a: Corviknight|Corviknight, L50, F|100\/100\n|switch|p2b: Arcanine|Arcanine, L50, F|100\/100\n|-ability|p2b: Arcanine|Intimidate|boost\n|-unboost|p1a: Arcanine|atk|1\n|-fail|p1b: Dragapult|unboost|[from] ability: Clear Body|[of] p1b: Dragapult\n|-ability|p1a: Arcanine|Intimidate|boost\n|-ability|p2a: Corviknight|Mirror Armor\n|-unboost|p1a: Arcanine|atk|1\n|-fail|p2b: Arcanine|unboost|[from] item: Clear Amulet|[of] p2b: Arcanine\n|turn|1\n|\n|t:|1681853034\n|move|p1a: Arcanine|Extreme Speed|p2b: Arcanine\n|-damage|p2b: Arcanine|87\/100\n|move|p1b: Dragapult|U-turn|p2b: Arcanine\n|-resisted|p2b: Arcanine\n|-damage|p2b: Arcanine|70\/100\n|\n|t:|1681853040\n|switch|p1b: Amoonguss|Amoonguss, L50, M|100\/100|[from] U-turn\n|move|p2b: Arcanine|Will-O-Wisp|p1b: Amoonguss\n|-status|p1b: Amoonguss|brn\n|move|p2a: Corviknight|Tailwind|p2a: Corviknight\n|-sidestart|p2: jdanhyde|move: Tailwind\n|\n|-damage|p1b: Amoonguss|95\/100 brn|[from] brn\n|upkeep\n|turn|2\n|\n|t:|1681853062\n|switch|p1a: Palafin|Palafin, L50, M, shiny|100\/100\n|move|p1b: Amoonguss|Protect|p1b: Amoonguss\n|-singleturn|p1b: Amoonguss|Protect\n|move|p2b: Arcanine|Will-O-Wisp|p1a: Palafin\n|-status|p1a: Palafin|brn\n|move|p2a: Corviknight|Brave Bird|p1b: Amoonguss\n|-activate|p1b: Amoonguss|move: Protect\n|\n|-damage|p1a: Palafin|95\/100 brn|[from] brn\n|-damage|p1b: Amoonguss|89\/100 brn|[from] brn\n|upkeep\n|turn|3\n|\n|t:|1681853080\n|detailschange|p1a: Palafin|Palafin-Hero, L50, M, shiny\n|switch|p1a: Arcanine|Arcanine, L50, M, shiny|100\/100\n|-ability|p1a: Arcanine|Intimidate|boost\n|-ability|p2a: Corviknight|Mirror Armor\n|-unboost|p1a: Arcanine|atk|1\n|-fail|p2b: Arcanine|unboost|[from] item: Clear Amulet|[of] p2b: Arcanine\n|-terastallize|p1b: Amoonguss|Water\n|move|p2b: Arcanine|Flare Blitz|p1b: Amoonguss\n|-resisted|p1b: Amoonguss\n|-damage|p1b: Amoonguss|72\/100 brn\n|-damage|p2b: Arcanine|64\/100|[from] Recoil\n|move|p2a: Corviknight|Brave Bird|p1b: Amoonguss\n|-damage|p1b: Amoonguss|32\/100 brn\n|-enditem|p1b: Amoonguss|Sitrus Berry|[eat]\n|-heal|p1b: Amoonguss|57\/100 brn|[from] item: Sitrus Berry\n|-damage|p2a: Corviknight|86\/100|[from] Recoil\n|move|p1b: Amoonguss|Spore|p2a: Corviknight\n|-activate|p2a: Corviknight|item: Safety Goggles|Spore\n|\n|-damage|p1b: Amoonguss|51\/100 brn|[from] brn\n|upkeep\n|turn|4\n|c|\u2606jdanhyde|...\n|inactive|Emiker has 30 seconds left.\n|inactive|jdanhyde has 30 seconds left.\n|inactive|jdanhyde has 20 seconds left.\n|\n|t:|1681853117\n|switch|p2b: Flutter Mane|Flutter Mane, L50|100\/100\n|switch|p1b: Palafin|Palafin-Hero, L50, M, shiny|95\/100 brn\n|-activate|p1b: Palafin|ability: Zero to Hero\n|move|p2a: Corviknight|Brave Bird|p1b: Palafin\n|-damage|p1b: Palafin|48\/100 brn\n|-damage|p2a: Corviknight|70\/100|[from] Recoil\n|move|p1a: Arcanine|Flare Blitz|p2a: Corviknight\n|-supereffective|p2a: Corviknight\n|-damage|p2a: Corviknight|11\/100\n|-damage|p1a: Arcanine|81\/100|[from] Recoil\n|\n|-damage|p1b: Palafin|43\/100 brn|[from] brn\n|-sideend|p2: jdanhyde|move: Tailwind\n|upkeep\n|turn|5\n|\n|t:|1681853137\n|switch|p2a: Arcanine|Arcanine, L50, F|64\/100\n|-ability|p2a: Arcanine|Intimidate|boost\n|-unboost|p1a: Arcanine|atk|1\n|-unboost|p1b: Palafin|atk|1\n|-terastallize|p2b: Flutter Mane|Fairy\n|move|p1b: Palafin|Protect|p1b: Palafin\n|-singleturn|p1b: Palafin|Protect\n|move|p2b: Flutter Mane|Dazzling Gleam|p1a: Arcanine|[spread] p1a\n|-activate|p1b: Palafin|move: Protect\n|-resisted|p1a: Arcanine\n|-damage|p1a: Arcanine|51\/100\n|move|p1a: Arcanine|Flare Blitz|p2b: Flutter Mane\n|-crit|p2b: Flutter Mane\n|-damage|p2b: Flutter Mane|0 fnt\n|faint|p2b: Flutter Mane\n|-end|p2b: Flutter Mane|Protosynthesis|[silent]\n|-damage|p1a: Arcanine|24\/100|[from] Recoil\n|\n|-damage|p1b: Palafin|37\/100 brn|[from] brn\n|upkeep\n|\n|t:|1681853151\n|switch|p2b: Chien-Pao|Chien-Pao, L50|100\/100\n|-ability|p2b: Chien-Pao|Sword of Ruin\n|turn|6\n|\n|t:|1681853174\n|move|p2b: Chien-Pao|Protect|p2b: Chien-Pao\n|-singleturn|p2b: Chien-Pao|Protect\n|move|p1b: Palafin|Protect|p1b: Palafin\n|-singleturn|p1b: Palafin|Protect\n|move|p2a: Arcanine|Extreme Speed|p1b: Palafin\n|-activate|p1b: Palafin|move: Protect\n|move|p1a: Arcanine|Flare Blitz|p2b: Chien-Pao\n|-activate|p2b: Chien-Pao|move: Protect\n|\n|-damage|p1b: Palafin|31\/100 brn|[from] brn\n|upkeep\n|turn|7\n|\n|t:|1681853189\n|switch|p1a: Amoonguss|Amoonguss, L50, M, tera:Water|85\/100 brn\n|switch|p1b: Dragapult|Dragapult, L50, M, shiny|100\/100\n|move|p2a: Arcanine|Extreme Speed|p1b: Dragapult\n|-immune|p1b: Dragapult\n|move|p2b: Chien-Pao|Sucker Punch||[still]\n|-fail|p2b: Chien-Pao\n|\n|-damage|p1a: Amoonguss|79\/100 brn|[from] brn\n|upkeep\n|turn|8\n|\n|t:|1681853213\n|switch|p1b: Arcanine|Arcanine, L50, M, shiny|24\/100\n|-ability|p1b: Arcanine|Intimidate|boost\n|-fail|p2a: Arcanine|unboost|[from] item: Clear Amulet|[of] p2a: Arcanine\n|-unboost|p2b: Chien-Pao|atk|1\n|move|p2b: Chien-Pao|Sucker Punch||[still]\n|-fail|p2b: Chien-Pao\n|move|p2a: Arcanine|Will-O-Wisp|p1b: Arcanine\n|-immune|p1b: Arcanine\n|move|p1a: Amoonguss|Spore|p2a: Arcanine\n|-status|p2a: Arcanine|slp|[from] move: Spore\n|\n|-damage|p1a: Amoonguss|73\/100 brn|[from] brn\n|upkeep\n|turn|9\n|\n|t:|1681853237\n|move|p2b: Chien-Pao|Protect|p2b: Chien-Pao\n|-singleturn|p2b: Chien-Pao|Protect\n|cant|p2a: Arcanine|slp\n|move|p1b: Arcanine|Flare Blitz|p2b: Chien-Pao\n|-activate|p2b: Chien-Pao|move: Protect\n|move|p1a: Amoonguss|Pollen Puff|p1b: Arcanine\n|-heal|p1b: Arcanine|74\/100\n|\n|-damage|p1a: Amoonguss|67\/100 brn|[from] brn\n|upkeep\n|turn|10\n|inactive|jdanhyde has 30 seconds left.\n|\n|t:|1681853270\n|move|p1a: Amoonguss|Rage Powder|p1a: Amoonguss\n|-singleturn|p1a: Amoonguss|move: Rage Powder\n|move|p2b: Chien-Pao|Sucker Punch||[still]\n|-fail|p2b: Chien-Pao\n|-curestatus|p2a: Arcanine|slp|[msg]\n|move|p2a: Arcanine|Flare Blitz|p1a: Amoonguss\n|-resisted|p1a: Amoonguss\n|-damage|p1a: Amoonguss|45\/100 brn\n|-damage|p2a: Arcanine|56\/100|[from] Recoil\n|move|p1b: Arcanine|Flare Blitz|p2b: Chien-Pao\n|-supereffective|p2b: Chien-Pao\n|-enditem|p2b: Chien-Pao|Focus Sash\n|-damage|p2b: Chien-Pao|1\/100\n|-damage|p1b: Arcanine|47\/100|[from] Recoil\n|\n|-damage|p1a: Amoonguss|39\/100 brn|[from] brn\n|upkeep\n|turn|11\n|\n|t:|1681853293\n|move|p2b: Chien-Pao|Protect|p2b: Chien-Pao\n|-singleturn|p2b: Chien-Pao|Protect\n|move|p1b: Arcanine|Protect|p1b: Arcanine\n|-singleturn|p1b: Arcanine|Protect\n|move|p2a: Arcanine|Flare Blitz|p1b: Arcanine\n|-activate|p1b: Arcanine|move: Protect\n|move|p1a: Amoonguss|Pollen Puff|p2b: Chien-Pao\n|-activate|p2b: Chien-Pao|move: Protect\n|\n|-damage|p1a: Amoonguss|33\/100 brn|[from] brn\n|upkeep\n|turn|12\n|\n|t:|1681853313\n|move|p1b: Arcanine|Extreme Speed|p2b: Chien-Pao\n|-damage|p2b: Chien-Pao|0 fnt\n|faint|p2b: Chien-Pao\n|move|p2a: Arcanine|Flare Blitz|p1a: Amoonguss\n|-resisted|p1a: Amoonguss\n|-damage|p1a: Amoonguss|16\/100 brn\n|-damage|p2a: Arcanine|50\/100|[from] Recoil\n|move|p1a: Amoonguss|Spore|p2a: Arcanine\n|-status|p2a: Arcanine|slp|[from] move: Spore\n|\n|-damage|p1a: Amoonguss|10\/100 brn|[from] brn\n|upkeep\n|\n|t:|1681853319\n|switch|p2b: Corviknight|Corviknight, L50, F|11\/100\n|turn|13\n|\n|t:|1681853333\n|switch|p1a: Dragapult|Dragapult, L50, M, shiny|100\/100\n|move|p1b: Arcanine|Flare Blitz|p2b: Corviknight\n|-supereffective|p2b: Corviknight\n|-damage|p2b: Corviknight|0 fnt\n|faint|p2b: Corviknight\n|-damage|p1b: Arcanine|44\/100|[from] Recoil\n|cant|p2a: Arcanine|slp\n|\n|upkeep\n|turn|14\n|-message|jdanhyde forfeited.\n|\n|win|Emiker\n|raw|Emiker's rating: 1317 → 1332<\/strong> (+15 for winning)\n|raw|jdanhyde's rating: 1233 → 1214<\/strong> (-19 for losing)\n|l|\u2606jdanhyde\n","uploadtime":1681853350,"views":10,"p1id":"emiker","p2id":"jdanhyde","formatid":"gen9vgc2023regulationc","rating":1214,"private":0,"password":""}