{"id":"gen9vgc2023regulationc-1854632270","p1":"sahabatgomba","p2":"JonnyNerd","format":"[Gen 9] VGC 2023 Regulation C","log":"|j|\u2606sahabatgomba\n|j|\u2606JonnyNerd\n|t:|1682839822\n|gametype|doubles\n|player|p1|sahabatgomba|tuber|\n|player|p2|JonnyNerd|waiter-gen4dp|\n|teamsize|p1|6\n|teamsize|p2|6\n|gen|9\n|tier|[Gen 9] VGC 2023 Regulation C\n|rated|Tournament battle\n|rule|Species Clause: Limit one of each Pok\u00e9mon\n|rule|Item Clause: Limit one of each item\n|clearpoke\n|poke|p1|Mimikyu, L50, M|\n|poke|p1|Armarouge, L50, M|\n|poke|p1|Azumarill, L50, M|\n|poke|p1|Flutter Mane, L50|\n|poke|p1|Ting-Lu, L50|\n|poke|p1|Torkoal, L50, F|\n|poke|p2|Mimikyu, L50, F|\n|poke|p2|Kingambit, L50, M|\n|poke|p2|Amoonguss, L50, M|\n|poke|p2|Palafin, L50, F|\n|poke|p2|Iron Hands, L50|\n|poke|p2|Arcanine, L50, F|\n|teampreview|4\n|raw| Open Team Sheet for sahabatgomba<\/summary>Mimikyu @ Safety Goggles Ability: Disguise Level: 50 Tera Type: Dark - Shadow Sneak - Play Rough - Will-O-Wisp - Trick Room Armarouge @ Weakness Policy Ability: Weak Armor Level: 50 Tera Type: Dark - Stored Power - Heat Wave - Clear Smog - Protect Azumarill @ Mystic Water Ability: Huge Power Level: 50 Tera Type: Grass - Liquidation - Aqua Jet - Play Rough - Protect Flutter Mane @ Choice Specs Ability: Protosynthesis Level: 50 Tera Type: Fairy - Dazzling Gleam - Moonblast - Shadow Ball - Power Gem Ting-Lu @ Assault Vest Ability: Vessel of Ruin Level: 50 Tera Type: Poison - Heavy Slam - Stomping Tantrum - Snarl - Ruination Torkoal @ Charcoal Ability: Drought Level: 50 Tera Type: Fire - Eruption - Flamethrower - Yawn - Protect <\/details><\/div> Open Team Sheet for JonnyNerd<\/summary>Mimikyu @ Safety Goggles Ability: Disguise Level: 50 Tera Type: Fairy - Trick Room - Protect - Play Rough - Shadow Sneak Kingambit @ Assault Vest Ability: Defiant Level: 50 Shiny: Yes Tera Type: Flying - Kowtow Cleave - Sucker Punch - Iron Head - Tera Blast Amoonguss @ Rocky Helmet Ability: Regenerator Level: 50 Tera Type: Dark - Protect - Spore - Pollen Puff - Rage Powder Palafin @ Mystic Water Ability: Zero to Hero Level: 50 Tera Type: Water - Protect - Haze - Jet Punch - Wave Crash Iron Hands @ Lum Berry Ability: Quark Drive Level: 50 Tera Type: Grass - Fake Out - Swords Dance - Drain Punch - Wild Charge Arcanine @ Sitrus Berry Ability: Intimidate Level: 50 Tera Type: Grass - Protect - Flare Blitz - Extreme Speed - Will-O-Wisp <\/details><\/div>\n|inactive|Battle timer is ON: inactive players will automatically lose when time's up. (requested by sahabatgomba)\n|c|\u2606JonnyNerd|I LOVE YOUR TEAM WITH THE MIMIKYU__\n|j| wildfire2\n|c|\u2606sahabatgomba|haha thanks\n|inactive|sahabatgomba has 60 seconds left.\n|inactive|JonnyNerd has 60 seconds left.\n|l| wildfire2\n|inactive|sahabatgomba has 30 seconds left.\n|\n|t:|1682839893\n|start\n|switch|p1a: Mimikyu|Mimikyu, L50, M|100\/100\n|switch|p1b: Armarouge|Armarouge, L50, M|100\/100\n|switch|p2a: Kingambit|Kingambit, L50, M, shiny|100\/100\n|switch|p2b: Palafin|Palafin, L50, F|100\/100\n|turn|1\n|\n|t:|1682839913\n|move|p2b: Palafin|Jet Punch|p1b: Armarouge\n|-supereffective|p1b: Armarouge\n|-damage|p1b: Armarouge|43\/100\n|-ability|p1b: Armarouge|Weak Armor|boost\n|-unboost|p1b: Armarouge|def|1\n|-boost|p1b: Armarouge|spe|2\n|-enditem|p1b: Armarouge|Weakness Policy\n|-boost|p1b: Armarouge|atk|2|[from] item: Weakness Policy\n|-boost|p1b: Armarouge|spa|2|[from] item: Weakness Policy\n|move|p1a: Mimikyu|Shadow Sneak|p1b: Armarouge\n|-supereffective|p1b: Armarouge\n|-damage|p1b: Armarouge|0 fnt\n|faint|p1b: Armarouge\n|move|p2a: Kingambit|Sucker Punch||[still]\n|-fail|p2a: Kingambit\n|\n|upkeep\n|c|\u2606sahabatgomba|T_T\n|\n|t:|1682839929\n|switch|p1b: Azumarill|Azumarill, L50, M|100\/100\n|turn|2\n|\n|t:|1682839946\n|detailschange|p2b: Palafin|Palafin-Hero, L50, F\n|switch|p2b: Arcanine|Arcanine, L50, F|100\/100\n|-ability|p2b: Arcanine|Intimidate|boost\n|-unboost|p1a: Mimikyu|atk|1\n|-unboost|p1b: Azumarill|atk|1\n|move|p1a: Mimikyu|Will-O-Wisp|p2a: Kingambit\n|-status|p2a: Kingambit|brn\n|move|p2a: Kingambit|Iron Head|p1a: Mimikyu\n|-activate|p1a: Mimikyu|ability: Disguise\n|-damage|p1a: Mimikyu|100\/100\n|detailschange|p1a: Mimikyu|Mimikyu-Busted, L50, M\n|-damage|p1a: Mimikyu|88\/100|[from] pokemon: Mimikyu-Busted\n|move|p1b: Azumarill|Liquidation|p2b: Arcanine\n|-supereffective|p2b: Arcanine\n|-damage|p2b: Arcanine|15\/100\n|-enditem|p2b: Arcanine|Sitrus Berry|[eat]\n|-heal|p2b: Arcanine|40\/100|[from] item: Sitrus Berry\n|\n|-damage|p2a: Kingambit|95\/100 brn|[from] brn\n|upkeep\n|turn|3\n|inactive|sahabatgomba has 30 seconds left.\n|inactive|sahabatgomba has 20 seconds left.\n|\n|t:|1682839981\n|move|p2b: Arcanine|Will-O-Wisp|p1b: Azumarill\n|-status|p1b: Azumarill|brn\n|move|p2a: Kingambit|Iron Head|p1a: Mimikyu\n|-supereffective|p1a: Mimikyu\n|-damage|p1a: Mimikyu|40\/100\n|move|p1b: Azumarill|Liquidation|p2a: Kingambit\n|-damage|p2a: Kingambit|80\/100 brn\n|cant|p1a: Mimikyu|flinch\n|\n|-damage|p2a: Kingambit|74\/100 brn|[from] brn\n|-damage|p1b: Azumarill|95\/100 brn|[from] brn\n|upkeep\n|turn|4\n|\n|t:|1682840006\n|switch|p2b: Iron Hands|Iron Hands, L50|100\/100\n|move|p1a: Mimikyu|Shadow Sneak|p2a: Kingambit\n|-resisted|p2a: Kingambit\n|-crit|p2a: Kingambit\n|-damage|p2a: Kingambit|67\/100 brn\n|move|p2a: Kingambit|Iron Head|p1a: Mimikyu\n|-supereffective|p1a: Mimikyu\n|-damage|p1a: Mimikyu|0 fnt\n|faint|p1a: Mimikyu\n|move|p1b: Azumarill|Liquidation|p2b: Iron Hands\n|-damage|p2b: Iron Hands|86\/100\n|\n|-damage|p2a: Kingambit|62\/100 brn|[from] brn\n|-damage|p1b: Azumarill|89\/100 brn|[from] brn\n|upkeep\n|\n|t:|1682840013\n|switch|p1a: Flutter Mane|Flutter Mane, L50|100\/100\n|turn|5\n|inactive|sahabatgomba has 30 seconds left.\n|inactive|JonnyNerd has 30 seconds left.\n|\n|t:|1682840044\n|-terastallize|p1a: Flutter Mane|Fairy\n|-terastallize|p2b: Iron Hands|Grass\n|move|p1b: Azumarill|Aqua Jet|p2a: Kingambit\n|-damage|p2a: Kingambit|53\/100 brn\n|move|p1a: Flutter Mane|Dazzling Gleam|p2b: Iron Hands|[spread] p2a,p2b\n|-damage|p2a: Kingambit|13\/100 brn\n|-damage|p2b: Iron Hands|37\/100\n|move|p2b: Iron Hands|Wild Charge|p1b: Azumarill\n|-supereffective|p1b: Azumarill\n|-damage|p1b: Azumarill|0 fnt\n|faint|p1b: Azumarill\n|-damage|p2b: Iron Hands|17\/100|[from] Recoil\n|move|p2a: Kingambit|Iron Head|p1a: Flutter Mane\n|-supereffective|p1a: Flutter Mane\n|-damage|p1a: Flutter Mane|28\/100\n|\n|-damage|p2a: Kingambit|7\/100 brn|[from] brn\n|upkeep\n|turn|6\n|\n|t:|1682840062\n|move|p2a: Kingambit|Sucker Punch|p1a: Flutter Mane\n|-resisted|p1a: Flutter Mane\n|-damage|p1a: Flutter Mane|14\/100\n|move|p1a: Flutter Mane|Dazzling Gleam|p2a: Kingambit|[spread] p2a,p2b\n|-damage|p2a: Kingambit|0 fnt\n|-damage|p2b: Iron Hands|0 fnt\n|faint|p2a: Kingambit\n|faint|p2b: Iron Hands\n|-end|p2b: Iron Hands|Quark Drive|[silent]\n|\n|upkeep\n|\n|t:|1682840066\n|switch|p2b: Arcanine|Arcanine, L50, F|40\/100\n|switch|p2a: Palafin|Palafin-Hero, L50, F|100\/100\n|-ability|p2b: Arcanine|Intimidate|boost\n|-unboost|p1a: Flutter Mane|atk|1\n|-activate|p2a: Palafin|ability: Zero to Hero\n|turn|7\n|c|\u2606sahabatgomba|gg\n|\n|t:|1682840072\n|move|p2b: Arcanine|Extreme Speed|p1a: Flutter Mane\n|-damage|p1a: Flutter Mane|0 fnt\n|faint|p1a: Flutter Mane\n|-end|p1a: Flutter Mane|Protosynthesis|[silent]\n|\n|win|JonnyNerd\n|n|\u2606sahabatgomba|sahabatgomba\n|n|\u2606JonnyNerd|jonnynerd\n","uploadtime":1682840073,"views":16,"p1id":"sahabatgomba","p2id":"jonnynerd","formatid":"gen9vgc2023regulationc","rating":0,"private":0,"password":""}