{"id":"gen9vgc2023regulationc-1847075036","p1":"RobertoGP23","p2":"tukeydukey","format":"[Gen 9] VGC 2023 Regulation C","log":"|j|\u2606RobertoGP23\n|j|\u2606tukeydukey\n|t:|1681917002\n|gametype|doubles\n|player|p1|RobertoGP23|hilbert|1094\n|player|p2|tukeydukey|elesa|1136\n|teamsize|p1|6\n|teamsize|p2|6\n|gen|9\n|tier|[Gen 9] VGC 2023 Regulation C\n|rated|\n|rule|Species Clause: Limit one of each Pok\u00e9mon\n|rule|Item Clause: Limit one of each item\n|clearpoke\n|poke|p1|Gholdengo, L50|\n|poke|p1|Iron Hands, L50|\n|poke|p1|Arcanine, L50, F|\n|poke|p1|Flutter Mane, L50|\n|poke|p1|Amoonguss, L50, F|\n|poke|p1|Ting-Lu, L50|\n|poke|p2|Pelipper, L50, F|\n|poke|p2|Palafin, L50, M|\n|poke|p2|Glimmora, L50, F|\n|poke|p2|Wo-Chien, L50|\n|poke|p2|Flutter Mane, L50|\n|poke|p2|Rotom-Wash, L50|\n|teampreview|4\n|inactive|Battle timer is ON: inactive players will automatically lose when time's up. (requested by tukeydukey)\n|inactive|RobertoGP23 has 60 seconds left.\n|\n|t:|1681917052\n|start\n|switch|p1a: Amoonguss|Amoonguss, L50, F|100\/100\n|switch|p1b: Gholdengo|Gholdengo, L50|100\/100\n|switch|p2a: Pelipper|Pelipper, L50, F|100\/100\n|switch|p2b: Palafin|Palafin, L50, M|100\/100\n|-weather|RainDance|[from] ability: Drizzle|[of] p2a: Pelipper\n|turn|1\n|inactive|tukeydukey has 30 seconds left.\n|\n|t:|1681917082\n|detailschange|p2b: Palafin|Palafin-Hero, L50, M\n|switch|p2b: Wo-Chien|Wo-Chien, L50|100\/100\n|-ability|p2b: Wo-Chien|Tablets of Ruin\n|move|p2a: Pelipper|Protect|p2a: Pelipper\n|-singleturn|p2a: Pelipper|Protect\n|move|p1b: Gholdengo|Nasty Plot|p1b: Gholdengo\n|-boost|p1b: Gholdengo|spa|2\n|move|p1a: Amoonguss|Spore|p2a: Pelipper\n|-activate|p2a: Pelipper|move: Protect\n|\n|-weather|RainDance|[upkeep]\n|upkeep\n|turn|2\n|\n|t:|1681917107\n|move|p2a: Pelipper|Hurricane|p1a: Amoonguss\n|-supereffective|p1a: Amoonguss\n|-damage|p1a: Amoonguss|0 fnt\n|faint|p1a: Amoonguss\n|move|p1b: Gholdengo|Make It Rain|p2b: Wo-Chien|[spread] p2a,p2b\n|-resisted|p2a: Pelipper\n|-damage|p2a: Pelipper|20\/100\n|-damage|p2b: Wo-Chien|29\/100\n|-unboost|p1b: Gholdengo|spa|1\n|move|p2b: Wo-Chien|Leech Seed|p1b: Gholdengo\n|-immune|p1b: Gholdengo|[from] ability: Good as Gold\n|\n|-weather|RainDance|[upkeep]\n|-heal|p2b: Wo-Chien|35\/100|[from] item: Leftovers\n|upkeep\n|\n|t:|1681917126\n|switch|p1a: Ting-Lu|Ting-Lu, L50|100\/100\n|-ability|p1a: Ting-Lu|Vessel of Ruin\n|turn|3\n|inactive|RobertoGP23 has 30 seconds left.\n|inactive|tukeydukey has 30 seconds left.\n|inactive|tukeydukey has 20 seconds left.\n|\n|t:|1681917163\n|move|p2b: Wo-Chien|Protect|p2b: Wo-Chien\n|-singleturn|p2b: Wo-Chien|Protect\n|move|p2a: Pelipper|Hydro Pump|p1a: Ting-Lu|[miss]\n|-miss|p2a: Pelipper|p1a: Ting-Lu\n|move|p1b: Gholdengo|Make It Rain|p2b: Wo-Chien|[spread] p2a\n|-activate|p2b: Wo-Chien|move: Protect\n|-resisted|p2a: Pelipper\n|-damage|p2a: Pelipper|0 fnt\n|-unboost|p1b: Gholdengo|spa|1\n|faint|p2a: Pelipper\n|move|p1a: Ting-Lu|Heavy Slam|p2b: Wo-Chien\n|-activate|p2b: Wo-Chien|move: Protect\n|\n|-weather|RainDance|[upkeep]\n|-heal|p2b: Wo-Chien|41\/100|[from] item: Leftovers\n|upkeep\n|\n|t:|1681917184\n|switch|p2a: Glimmora|Glimmora, L50, F|100\/100\n|turn|4\n|inactive|RobertoGP23 has 30 seconds left.\n|inactive|RobertoGP23 has 20 seconds left.\n|\n|t:|1681917223\n|move|p2a: Glimmora|Sludge Bomb|p1a: Ting-Lu\n|-resisted|p1a: Ting-Lu\n|-damage|p1a: Ting-Lu|92\/100\n|move|p1b: Gholdengo|Make It Rain|p2b: Wo-Chien|[spread] p2a,p2b\n|-supereffective|p2a: Glimmora\n|-damage|p2a: Glimmora|14\/100\n|-damage|p2b: Wo-Chien|15\/100\n|-unboost|p1b: Gholdengo|spa|1\n|move|p2b: Wo-Chien|Leech Seed|p1a: Ting-Lu\n|-start|p1a: Ting-Lu|move: Leech Seed\n|move|p1a: Ting-Lu|Fissure|p2b: Wo-Chien\n|-damage|p2b: Wo-Chien|0 fnt\n|faint|p2b: Wo-Chien\n|-ohko\n|\n|-weather|RainDance|[upkeep]\n|upkeep\n|\n|t:|1681917230\n|switch|p2b: Palafin|Palafin-Hero, L50, M|100\/100\n|-activate|p2b: Palafin|ability: Zero to Hero\n|turn|5\n|\n|t:|1681917250\n|-terastallize|p2b: Palafin|Water\n|move|p2a: Glimmora|Spiky Shield|p2a: Glimmora\n|-singleturn|p2a: Glimmora|move: Protect\n|move|p1b: Gholdengo|Protect|p1b: Gholdengo\n|-singleturn|p1b: Gholdengo|Protect\n|move|p2b: Palafin|Wave Crash|p1b: Gholdengo\n|-activate|p1b: Gholdengo|move: Protect\n|move|p1a: Ting-Lu|Ruination|p2b: Palafin\n|-damage|p2b: Palafin|51\/100\n|\n|-weather|RainDance|[upkeep]\n|-damage|p1a: Ting-Lu|80\/100|[from] Leech Seed|[of] p2b: Palafin\n|-heal|p2b: Palafin|66\/100|[silent]\n|upkeep\n|turn|6\n|inactive|RobertoGP23 has 30 seconds left.\n|inactive|RobertoGP23 has 20 seconds left.\n|inactive|tukeydukey has 30 seconds left.\n|inactive|RobertoGP23 has 15 seconds left.\n|inactive|RobertoGP23 has 10 seconds left.\n|inactive|tukeydukey has 20 seconds left.\n|\n|t:|1681917298\n|-terastallize|p1b: Gholdengo|Water\n|move|p2a: Glimmora|Sludge Bomb|p1a: Ting-Lu\n|-resisted|p1a: Ting-Lu\n|-damage|p1a: Ting-Lu|72\/100\n|-status|p1a: Ting-Lu|psn\n|move|p2b: Palafin|Wave Crash|p1b: Gholdengo\n|-resisted|p1b: Gholdengo\n|-damage|p1b: Gholdengo|2\/100\n|-damage|p2b: Palafin|36\/100|[from] Recoil\n|move|p1b: Gholdengo|Make It Rain|p2b: Palafin|[spread] p2a,p2b\n|-supereffective|p2a: Glimmora\n|-resisted|p2b: Palafin\n|-damage|p2a: Glimmora|0 fnt\n|-damage|p2b: Palafin|24\/100\n|-unboost|p1b: Gholdengo|spa|1\n|faint|p2a: Glimmora\n|move|p1a: Ting-Lu|Fissure|p2b: Palafin|[miss]\n|-miss|p1a: Ting-Lu|p2b: Palafin\n|\n|-weather|RainDance|[upkeep]\n|-damage|p1a: Ting-Lu|60\/100 psn|[from] Leech Seed|[of] p2b: Palafin\n|-heal|p2b: Palafin|40\/100|[silent]\n|-damage|p1a: Ting-Lu|48\/100 psn|[from] psn\n|upkeep\n|turn|7\n|\n|t:|1681917322\n|move|p2b: Palafin|Protect|p2b: Palafin\n|-singleturn|p2b: Palafin|Protect\n|move|p1b: Gholdengo|Protect|p1b: Gholdengo\n|-singleturn|p1b: Gholdengo|Protect\n|move|p1a: Ting-Lu|Stomping Tantrum|p2b: Palafin\n|-activate|p2b: Palafin|move: Protect\n|\n|-weather|RainDance|[upkeep]\n|-damage|p1a: Ting-Lu|36\/100 psn|[from] Leech Seed|[of] p2b: Palafin\n|-heal|p2b: Palafin|55\/100|[silent]\n|-damage|p1a: Ting-Lu|23\/100 psn|[from] psn\n|upkeep\n|turn|8\n|\n|t:|1681917339\n|move|p1b: Gholdengo|Protect||[still]\n|-fail|p1b: Gholdengo\n|move|p2b: Palafin|Jet Punch|p1b: Gholdengo\n|-resisted|p1b: Gholdengo\n|-damage|p1b: Gholdengo|0 fnt\n|faint|p1b: Gholdengo\n|move|p1a: Ting-Lu|Fissure|p2b: Palafin|[miss]\n|-miss|p1a: Ting-Lu|p2b: Palafin\n|\n|-weather|none\n|-damage|p1a: Ting-Lu|11\/100 psn|[from] Leech Seed|[of] p2b: Palafin\n|-heal|p2b: Palafin|71\/100|[silent]\n|-damage|p1a: Ting-Lu|0 fnt|[from] psn\n|faint|p1a: Ting-Lu\n|upkeep\n|\n|t:|1681917355\n|switch|p1b: Flutter Mane|Flutter Mane, L50, shiny|100\/100\n|turn|9\n|\n|t:|1681917364\n|move|p2b: Palafin|Jet Punch|p1b: Flutter Mane\n|-damage|p1b: Flutter Mane|0 fnt\n|faint|p1b: Flutter Mane\n|-end|p1b: Flutter Mane|Protosynthesis|[silent]\n|\n|win|tukeydukey\n|raw|RobertoGP23's rating: 1094 → 1073<\/strong> (-21 for losing)\n|raw|tukeydukey's rating: 1136 → 1158<\/strong> (+22 for winning)\n","uploadtime":1681917369,"views":6,"p1id":"robertogp23","p2id":"tukeydukey","formatid":"gen9vgc2023regulationc","rating":1073,"private":0,"password":""}