{"id":"gen9vgc2023regulationc-1847155485","p1":"Koenigambit","p2":"Saltii_Pokemon","format":"[Gen 9] VGC 2023 Regulation C","log":"|j|\u2606Koenigambit\n|j|\u2606Saltii_Pokemon\n|t:|1681923612\n|gametype|doubles\n|player|p1|Koenigambit|101|1386\n|player|p2|Saltii_Pokemon|pryce|1457\n|teamsize|p1|6\n|teamsize|p2|6\n|gen|9\n|tier|[Gen 9] VGC 2023 Regulation C\n|rated|\n|rule|Species Clause: Limit one of each Pok\u00e9mon\n|rule|Item Clause: Limit one of each item\n|clearpoke\n|poke|p1|Maushold, L50|\n|poke|p1|Annihilape, L50, F|\n|poke|p1|Iron Bundle, L50|\n|poke|p1|Arcanine, L50, F|\n|poke|p1|Gholdengo, L50|\n|poke|p1|Roaring Moon, L50|\n|poke|p2|Garchomp, L50, M|\n|poke|p2|Corviknight, L50, F|\n|poke|p2|Flutter Mane, L50|\n|poke|p2|Tyranitar, L50, F|\n|poke|p2|Volcarona, L50, M|\n|poke|p2|Gastrodon-East, L50, M|\n|teampreview|4\n|inactive|Battle timer is ON: inactive players will automatically lose when time's up. (requested by Koenigambit)\nSaltii_Pokemon rejected open team sheets.\n|inactive|Koenigambit has 60 seconds left.\n|inactive|Koenigambit has 30 seconds left.\n|inactive|Koenigambit has 20 seconds left.\n|inactive|Koenigambit has 15 seconds left.\n|inactive|Koenigambit has 10 seconds left.\n|inactive|Koenigambit has 5 seconds left.\n|\n|t:|1681923704\n|start\n|switch|p1a: Maushold|Maushold, L50|100\/100\n|switch|p1b: Annihilape|Annihilape, L50, F|100\/100\n|switch|p2a: Garchomp|Garchomp, L50, M, shiny|100\/100\n|switch|p2b: Corviknight|Corviknight, L50, F, shiny|100\/100\n|turn|1\n|\n|t:|1681923713\n|-terastallize|p1b: Annihilape|Water\n|move|p2a: Garchomp|Earthquake|p1a: Maushold|[spread] p1a,p1b\n|-immune|p2b: Corviknight\n|-damage|p1a: Maushold|63\/100\n|-damage|p1b: Annihilape|73\/100\n|move|p1a: Maushold|Beat Up|p1b: Annihilape\n|-damage|p1b: Annihilape|72\/100\n|-damage|p1b: Annihilape|70\/100\n|-damage|p1b: Annihilape|68\/100\n|-damage|p1b: Annihilape|66\/100\n|-hitcount|p1b: Annihilape|4\n|move|p1b: Annihilape|Rage Fist|p2a: Garchomp\n|-damage|p2a: Garchomp|0 fnt\n|-damage|p1b: Annihilape|54\/100|[from] ability: Rough Skin|[of] p2a: Garchomp\n|faint|p2a: Garchomp\n|move|p2b: Corviknight|Brave Bird|p1b: Annihilape\n|-damage|p1b: Annihilape|22\/100\n|-enditem|p1b: Annihilape|Sitrus Berry|[eat]\n|-heal|p1b: Annihilape|47\/100|[from] item: Sitrus Berry\n|-damage|p2b: Corviknight|90\/100|[from] Recoil\n|\n|upkeep\n|\n|t:|1681923727\n|switch|p2a: Volcarona|Volcarona, L50, M|100\/100\n|turn|2\n|\n|t:|1681923737\n|move|p1a: Maushold|Follow Me|p1a: Maushold\n|-singleturn|p1a: Maushold|move: Follow Me\n|move|p2a: Volcarona|Heat Wave|p1b: Annihilape|[spread] p1a,p1b\n|-resisted|p1b: Annihilape\n|-damage|p1a: Maushold|27\/100\n|-damage|p1b: Annihilape|38\/100\n|-status|p1a: Maushold|brn\n|move|p1b: Annihilape|Rage Fist|p2a: Volcarona\n|-damage|p2a: Volcarona|0 fnt\n|faint|p2a: Volcarona\n|move|p2b: Corviknight|Tailwind|p2b: Corviknight\n|-sidestart|p2: Saltii_Pokemon|move: Tailwind\n|\n|-damage|p1a: Maushold|21\/100 brn|[from] brn\n|upkeep\n|\n|t:|1681923746\n|switch|p2a: Tyranitar|Tyranitar, L50, F|100\/100\n|-weather|Sandstorm|[from] ability: Sand Stream|[of] p2a: Tyranitar\n|turn|3\n|inactive|Saltii_Pokemon has 30 seconds left.\n|\n|t:|1681923775\n|-terastallize|p2a: Tyranitar|Flying\n|move|p1a: Maushold|Protect|p1a: Maushold\n|-singleturn|p1a: Maushold|Protect\n|move|p1b: Annihilape|Protect|p1b: Annihilape\n|-singleturn|p1b: Annihilape|Protect\n|move|p2a: Tyranitar|Rock Slide|p1b: Annihilape|[spread] \n|-activate|p1a: Maushold|move: Protect\n|-activate|p1b: Annihilape|move: Protect\n|move|p2b: Corviknight|Brave Bird|p1b: Annihilape\n|-activate|p1b: Annihilape|move: Protect\n|\n|-weather|Sandstorm|[upkeep]\n|-damage|p2a: Tyranitar|95\/100|[from] Sandstorm\n|-damage|p1b: Annihilape|31\/100|[from] Sandstorm\n|-damage|p1a: Maushold|15\/100 brn|[from] brn\n|upkeep\n|turn|4\n|inactive|Koenigambit has 30 seconds left.\n|inactive|Koenigambit has 20 seconds left.\n|inactive|Koenigambit has 15 seconds left.\n|inactive|Koenigambit has 10 seconds left.\n|inactive|Koenigambit has 5 seconds left.\n|\n|t:|1681923827\n|move|p2a: Tyranitar|Rock Slide|p1b: Annihilape|[spread] p1a,p1b\n|-damage|p1a: Maushold|0 fnt\n|-damage|p1b: Annihilape|0 fnt\n|faint|p1a: Maushold\n|faint|p1b: Annihilape\n|move|p2b: Corviknight|Brave Bird|p1: Maushold|[notarget]\n|-fail|p2b: Corviknight\n|\n|-weather|Sandstorm|[upkeep]\n|-damage|p2a: Tyranitar|89\/100|[from] Sandstorm\n|upkeep\n|\n|t:|1681923831\n|switch|p1a: Iron Bundle|Iron Bundle, L50|100\/100\n|switch|p1b: Gholdengo|Gholdengo, L50|100\/100\n|turn|5\n|\n|t:|1681923842\n|move|p1a: Iron Bundle|Protect|p1a: Iron Bundle\n|-singleturn|p1a: Iron Bundle|Protect\n|move|p1b: Gholdengo|Protect|p1b: Gholdengo\n|-singleturn|p1b: Gholdengo|Protect\n|move|p2a: Tyranitar|Rock Slide|p1b: Gholdengo|[spread] \n|-activate|p1a: Iron Bundle|move: Protect\n|-activate|p1b: Gholdengo|move: Protect\n|move|p2b: Corviknight|Bulk Up|p2b: Corviknight\n|-boost|p2b: Corviknight|atk|1\n|-boost|p2b: Corviknight|def|1\n|\n|-weather|Sandstorm|[upkeep]\n|-damage|p2a: Tyranitar|83\/100|[from] Sandstorm\n|-damage|p1a: Iron Bundle|94\/100|[from] Sandstorm\n|-sideend|p2: Saltii_Pokemon|move: Tailwind\n|upkeep\n|turn|6\n|\n|t:|1681923862\n|move|p1a: Iron Bundle|Encore|p2b: Corviknight\n|-start|p2b: Corviknight|Encore\n|move|p1b: Gholdengo|Nasty Plot|p1b: Gholdengo\n|-boost|p1b: Gholdengo|spa|2\n|move|p2a: Tyranitar|Rock Slide|p1b: Gholdengo|[spread] p1a,p1b\n|-supereffective|p1a: Iron Bundle\n|-resisted|p1b: Gholdengo\n|-damage|p1a: Iron Bundle|0 fnt\n|-damage|p1b: Gholdengo|79\/100\n|faint|p1a: Iron Bundle\n|-end|p1a: Iron Bundle|Quark Drive|[silent]\n|move|p2b: Corviknight|Bulk Up|p2b: Corviknight\n|-boost|p2b: Corviknight|atk|1\n|-boost|p2b: Corviknight|def|1\n|\n|-weather|Sandstorm|[upkeep]\n|-damage|p2a: Tyranitar|78\/100|[from] Sandstorm\n|-heal|p1b: Gholdengo|85\/100|[from] item: Leftovers\n|upkeep\n|turn|7\n|\n|t:|1681923879\n|move|p1b: Gholdengo|Nasty Plot|p1b: Gholdengo\n|-boost|p1b: Gholdengo|spa|2\n|move|p2a: Tyranitar|Rock Slide|p1b: Gholdengo\n|-resisted|p1b: Gholdengo\n|-damage|p1b: Gholdengo|55\/100\n|move|p2b: Corviknight|Bulk Up|p2b: Corviknight\n|-boost|p2b: Corviknight|atk|1\n|-boost|p2b: Corviknight|def|1\n|\n|-weather|none\n|-heal|p1b: Gholdengo|61\/100|[from] item: Leftovers\n|upkeep\n|turn|8\n|\n|t:|1681923891\n|move|p1b: Gholdengo|Make It Rain|p2a: Tyranitar|[spread] p2a,p2b\n|-resisted|p2b: Corviknight\n|-damage|p2a: Tyranitar|0 fnt\n|-damage|p2b: Corviknight|28\/100\n|-unboost|p1b: Gholdengo|spa|1\n|-enditem|p2b: Corviknight|Sitrus Berry|[eat]\n|-heal|p2b: Corviknight|53\/100|[from] item: Sitrus Berry\n|faint|p2a: Tyranitar\n|move|p2b: Corviknight|Bulk Up|p2b: Corviknight\n|-boost|p2b: Corviknight|atk|1\n|-boost|p2b: Corviknight|def|1\n|\n|-heal|p1b: Gholdengo|67\/100|[from] item: Leftovers\n|-end|p2b: Corviknight|Encore\n|upkeep\n|turn|9\n|\n|t:|1681923918\n|move|p1b: Gholdengo|Shadow Ball|p2b: Corviknight\n|-damage|p2b: Corviknight|0 fnt\n|faint|p2b: Corviknight\n|\n|win|Koenigambit\n|raw|Koenigambit's rating: 1386 → 1410<\/strong> (+24 for winning)\n|raw|Saltii_Pokemon's rating: 1457 → 1433<\/strong> (-24 for losing)\n|l|\u2606Saltii_Pokemon\n","uploadtime":1681923930,"views":15,"p1id":"koenigambit","p2id":"saltiipokemon","formatid":"gen9vgc2023regulationc","rating":1410,"private":0,"password":""}