{"id":"gen9vgc2023regulationc-1856018825","p1":"ExcelSheet","p2":"SM0KESgirl","format":"[Gen 9] VGC 2023 Regulation C","log":"|j|\u2606ExcelSheet\n|j|\u2606SM0KESgirl\n|t:|1683018112\n|gametype|doubles\n|player|p1|ExcelSheet|hilbert-wonderlauncher|1199\n|player|p2|SM0KESgirl|skyla|1223\n|teamsize|p1|6\n|teamsize|p2|6\n|gen|9\n|tier|[Gen 9] VGC 2023 Regulation C\n|rated|\n|rule|Species Clause: Limit one of each Pok\u00e9mon\n|rule|Item Clause: Limit one of each item\n|clearpoke\n|poke|p1|Flutter Mane, L50|\n|poke|p1|Great Tusk, L50|\n|poke|p1|Scizor, L50, F|\n|poke|p1|Corviknight, L50, M|\n|poke|p1|Chi-Yu, L50|\n|poke|p1|Iron Bundle, L50|\n|poke|p2|Gholdengo, L50|\n|poke|p2|Murkrow, L50, F|\n|poke|p2|Baxcalibur, L50, M|\n|poke|p2|Annihilape, L50, M|\n|poke|p2|Flutter Mane, L50|\n|poke|p2|Amoonguss, L50, M|\n|teampreview|4\n|inactive|Battle timer is ON: inactive players will automatically lose when time's up. (requested by ExcelSheet)\nExcelSheet has agreed to open team sheets.\n|inactive|ExcelSheet has 60 seconds left.\n|\n|t:|1683018151\n|start\n|switch|p1a: Corviknight|Corviknight, L50, M|100\/100\n|switch|p1b: Flutter Mane|Flutter Mane, L50|100\/100\n|switch|p2a: Murkrow|Murkrow, L50, F|100\/100\n|switch|p2b: Baxcalibur|Baxcalibur, L50, M|100\/100\n|-enditem|p1b: Flutter Mane|Booster Energy\n|-activate|p1b: Flutter Mane|ability: Protosynthesis|[fromitem]\n|-start|p1b: Flutter Mane|protosynthesisspe\n|turn|1\n|inactive|SM0KESgirl has 30 seconds left.\n|\n|t:|1683018184\n|switch|p2b: Gholdengo|Gholdengo, L50|100\/100\n|move|p2a: Murkrow|Tailwind|p2a: Murkrow\n|-sidestart|p2: SM0KESgirl|move: Tailwind\n|move|p1b: Flutter Mane|Dazzling Gleam|p2b: Gholdengo|[spread] p2a,p2b\n|-supereffective|p2a: Murkrow\n|-resisted|p2b: Gholdengo\n|-damage|p2a: Murkrow|38\/100\n|-damage|p2b: Gholdengo|84\/100\n|move|p1a: Corviknight|Tailwind|p1a: Corviknight\n|-sidestart|p1: ExcelSheet|move: Tailwind\n|\n|upkeep\n|turn|2\n|\n|t:|1683018206\n|move|p2a: Murkrow|Thunder Wave|p1b: Flutter Mane\n|-status|p1b: Flutter Mane|par\n|cant|p1b: Flutter Mane|par\n|move|p2b: Gholdengo|Make It Rain|p1b: Flutter Mane|[spread] p1a,p1b\n|-resisted|p1a: Corviknight\n|-supereffective|p1b: Flutter Mane\n|-damage|p1a: Corviknight|64\/100\n|-damage|p1b: Flutter Mane|0 fnt\n|-unboost|p2b: Gholdengo|spa|1\n|faint|p1b: Flutter Mane\n|-end|p1b: Flutter Mane|Protosynthesis|[silent]\n|move|p1a: Corviknight|Brave Bird|p2a: Murkrow\n|-damage|p2a: Murkrow|0 fnt\n|faint|p2a: Murkrow\n|-damage|p1a: Corviknight|52\/100|[from] Recoil\n|\n|upkeep\n|inactive|SM0KESgirl has 30 seconds left.\n|\n|t:|1683018237\n|switch|p1b: Great Tusk|Great Tusk, L50, shiny|100\/100\n|switch|p2a: Baxcalibur|Baxcalibur, L50, M|100\/100\n|turn|3\n|inactive|ExcelSheet has 30 seconds left.\n|\n|t:|1683018269\n|-terastallize|p1b: Great Tusk|Steel\n|move|p1b: Great Tusk|Headlong Rush|p2a: Baxcalibur\n|-damage|p2a: Baxcalibur|48\/100\n|-unboost|p1b: Great Tusk|def|1\n|-unboost|p1b: Great Tusk|spd|1\n|move|p2a: Baxcalibur|Icicle Spear|p1a: Corviknight\n|-damage|p1a: Corviknight|40\/100\n|-damage|p1a: Corviknight|26\/100\n|-damage|p1a: Corviknight|14\/100\n|-hitcount|p1a: Corviknight|3\n|move|p2b: Gholdengo|Make It Rain|p1b: Great Tusk|[spread] p1a,p1b\n|-resisted|p1a: Corviknight\n|-resisted|p1b: Great Tusk\n|-damage|p1a: Corviknight|0 fnt\n|-damage|p1b: Great Tusk|39\/100\n|-unboost|p2b: Gholdengo|spa|1\n|faint|p1a: Corviknight\n|\n|upkeep\n|\n|t:|1683018286\n|switch|p1a: Scizor|Scizor, L50, F, shiny|100\/100\n|turn|4\n|\n|t:|1683018309\n|move|p1a: Scizor|Bullet Punch|p2a: Baxcalibur\n|-supereffective|p2a: Baxcalibur\n|-damage|p2a: Baxcalibur|0 fnt\n|faint|p2a: Baxcalibur\n|move|p1b: Great Tusk|Earthquake|p2b: Gholdengo|[spread] p1a,p2b\n|-supereffective|p2b: Gholdengo\n|-damage|p1a: Scizor|70\/100\n|-damage|p2b: Gholdengo|14\/100\n|move|p2b: Gholdengo|Make It Rain|p1b: Great Tusk|[spread] p1a,p1b\n|-resisted|p1a: Scizor\n|-resisted|p1b: Great Tusk\n|-damage|p1a: Scizor|44\/100\n|-damage|p1b: Great Tusk|0 fnt\n|-unboost|p2b: Gholdengo|spa|1\n|faint|p1b: Great Tusk\n|-end|p1b: Great Tusk|Protosynthesis|[silent]\n|\n|-sideend|p2: SM0KESgirl|move: Tailwind\n|-sideend|p1: ExcelSheet|move: Tailwind\n|upkeep\n|\n|t:|1683018326\n|switch|p2a: Annihilape|Annihilape, L50, M|100\/100\n|turn|5\n|\n|t:|1683018348\n|move|p1a: Scizor|Bullet Punch|p2b: Gholdengo\n|-resisted|p2b: Gholdengo\n|-damage|p2b: Gholdengo|0 fnt\n|faint|p2b: Gholdengo\n|move|p2a: Annihilape|Bulk Up|p2a: Annihilape\n|-boost|p2a: Annihilape|atk|1\n|-boost|p2a: Annihilape|def|1\n|\n|upkeep\n|turn|6\n|\n|t:|1683018371\n|move|p1a: Scizor|Bullet Punch|p2a: Annihilape\n|-damage|p2a: Annihilape|68\/100\n|move|p2a: Annihilape|Rage Fist|p1a: Scizor\n|-damage|p1a: Scizor|0 fnt\n|faint|p1a: Scizor\n|\n|win|SM0KESgirl\n|raw|ExcelSheet's rating: 1199 → 1176<\/strong> (-23 for losing)\n|raw|SM0KESgirl's rating: 1223 → 1246<\/strong> (+23 for winning)\n","uploadtime":1683018385,"views":14,"p1id":"excelsheet","p2id":"sm0kesgirl","formatid":"gen9vgc2023regulationc","rating":1176,"private":0,"password":""}