{"id":"gen9vgc2023regulationc-1861770557","p1":"genericname3333","p2":"yuramas","format":"[Gen 9] VGC 2023 Regulation C","log":"|j|\u2606genericname3333\n|j|\u2606yuramas\n|t:|1683806765\n|gametype|doubles\n|player|p1|genericname3333|rosa-pokestar|\n|player|p2|yuramas|n|\n|teamsize|p1|6\n|teamsize|p2|6\n|gen|9\n|tier|[Gen 9] VGC 2023 Regulation C\n|rule|Tera Type Preview: Tera Types are shown at Team Preview\n|rule|Species Clause: Limit one of each Pok\u00e9mon\n|rule|Item Clause: Limit one of each item\n|clearpoke\n|poke|p1|Gholdengo, L50|\n|poke|p1|Palafin, L50, F|\n|poke|p1|Grimmsnarl, L50, M|\n|poke|p1|Dragonite, L50, F|\n|poke|p1|Mudsdale, L50, M|\n|poke|p1|Rotom-Mow, L50|\n|poke|p2|Torkoal, L50, F|\n|poke|p2|Ceruledge, L50, M|\n|poke|p2|Masquerain, L50, M|\n|poke|p2|Sandy Shocks, L50|\n|poke|p2|Scovillain, L50, M|\n|poke|p2|Jumpluff, L50, M|\n|teampreview|4\n|raw|genericname3333's Tera Types: \/ \/ \/ \/ \/ \n|raw|yuramas's Tera Types: \/ \/ \/ \/ \/ \n|c|\u2606yuramas|g2\n|c|\u2606genericname3333|glhf!\ngenericname3333 rejected open team sheets.\n|c|\u2606yuramas|glhf too!\n|\n|t:|1683807863\n|start\n|switch|p1a: Grimmsnarl|Grimmsnarl, L50, M|100\/100\n|switch|p1b: Mudsdale|Mudsdale, L50, M|100\/100\n|switch|p2a: Masquerain|Masquerain, L50, M|100\/100\n|switch|p2b: Jumpluff|Jumpluff, L50, M|100\/100\n|-ability|p2a: Masquerain|Intimidate|boost\n|-unboost|p1a: Grimmsnarl|atk|1\n|-unboost|p1b: Mudsdale|atk|1\n|turn|1\n|\n|t:|1683807900\n|switch|p1b: Gholdengo|Gholdengo, L50|100\/100\n|move|p1a: Grimmsnarl|Light Screen|p1a: Grimmsnarl\n|-sidestart|p1: genericname3333|move: Light Screen\n|move|p2b: Jumpluff|Sleep Powder|p1a: Grimmsnarl\n|-activate|p1a: Grimmsnarl|item: Safety Goggles|Sleep Powder\n|move|p2a: Masquerain|Ice Beam|p1b: Gholdengo\n|-resisted|p1b: Gholdengo\n|-damage|p1b: Gholdengo|93\/100\n|-status|p1b: Gholdengo|frz\n|\n|-heal|p1b: Gholdengo|99\/100 frz|[from] item: Leftovers\n|upkeep\n|turn|2\n|c|\u2606yuramas|bruh\n|c|\u2606genericname3333|lol\n|\n|t:|1683807970\n|switch|p2a: Torkoal|Torkoal, L50, F|100\/100\n|-weather|SunnyDay|[from] ability: Drought|[of] p2a: Torkoal\n|switch|p1a: Mudsdale|Mudsdale, L50, M|100\/100\n|move|p2b: Jumpluff|U-turn|p1a: Mudsdale\n|-crit|p1a: Mudsdale\n|-damage|p1a: Mudsdale|88\/100\n|-ability|p1a: Mudsdale|Stamina|boost\n|-boost|p1a: Mudsdale|def|1\n|\n|t:|1683808018\n|switch|p2b: Sandy Shocks|Sandy Shocks, L50|100\/100|[from] U-turn\n|-activate|p2b: Sandy Shocks|ability: Protosynthesis\n|-start|p2b: Sandy Shocks|protosynthesisspa\n|cant|p1b: Gholdengo|frz\n|\n|-weather|SunnyDay|[upkeep]\n|-heal|p1b: Gholdengo|100\/100 frz|[from] item: Leftovers\n|upkeep\n|turn|3\n|\n|t:|1683808146\n|-terastallize|p1b: Gholdengo|Dragon\n|move|p2b: Sandy Shocks|Earth Power|p1a: Mudsdale\n|-damage|p1a: Mudsdale|49\/100\n|-unboost|p1a: Mudsdale|spd|1\n|-ability|p1a: Mudsdale|Stamina|boost\n|-boost|p1a: Mudsdale|def|1\n|cant|p1b: Gholdengo|frz\n|move|p1a: Mudsdale|Rock Slide|p2a: Torkoal|[spread] p2a,p2b\n|-supereffective|p2a: Torkoal\n|-resisted|p2b: Sandy Shocks\n|-damage|p2a: Torkoal|77\/100\n|-damage|p2b: Sandy Shocks|89\/100\n|move|p2a: Torkoal|Lava Plume|p1b: Gholdengo|[spread] p2b,p1a,p1b\n|-resisted|p1b: Gholdengo\n|-damage|p2b: Sandy Shocks|50\/100\n|-damage|p1a: Mudsdale|28\/100\n|-damage|p1b: Gholdengo|90\/100 frz\n|-status|p2b: Sandy Shocks|brn\n|-ability|p1a: Mudsdale|Stamina|boost\n|-boost|p1a: Mudsdale|def|1\n|-curestatus|p1b: Gholdengo|frz|[msg]\n|\n|-weather|SunnyDay|[upkeep]\n|-heal|p1b: Gholdengo|96\/100|[from] item: Leftovers\n|-damage|p2b: Sandy Shocks|44\/100 brn|[from] brn\n|upkeep\n|turn|4\n|\n|t:|1683808238\n|switch|p1a: Dragonite|Dragonite, L50, F|100\/100\n|move|p2a: Torkoal|Protect|p2a: Torkoal\n|-singleturn|p2a: Torkoal|Protect\n|move|p2b: Sandy Shocks|Earth Power|p1a: Dragonite\n|-immune|p1a: Dragonite\n|move|p1b: Gholdengo|Shadow Ball|p2a: Torkoal\n|-activate|p2a: Torkoal|move: Protect\n|\n|-weather|SunnyDay|[upkeep]\n|-heal|p1b: Gholdengo|100\/100|[from] item: Leftovers\n|-damage|p2b: Sandy Shocks|38\/100 brn|[from] brn\n|upkeep\n|turn|5\n|\n|t:|1683808303\n|switch|p2a: Masquerain|Masquerain, L50, M|100\/100\n|-ability|p2a: Masquerain|Intimidate|boost\n|-unboost|p1a: Dragonite|atk|1\n|-unboost|p1b: Gholdengo|atk|1\n|move|p2b: Sandy Shocks|Earth Power|p1b: Gholdengo\n|-damage|p1b: Gholdengo|33\/100\n|move|p1a: Dragonite|Ice Spinner|p2b: Sandy Shocks\n|-supereffective|p2b: Sandy Shocks\n|-damage|p2b: Sandy Shocks|0 fnt\n|faint|p2b: Sandy Shocks\n|-end|p2b: Sandy Shocks|Protosynthesis|[silent]\n|move|p1b: Gholdengo|Shadow Ball|p2a: Masquerain\n|-damage|p2a: Masquerain|52\/100\n|\n|-weather|SunnyDay|[upkeep]\n|-heal|p2a: Masquerain|58\/100|[from] item: Leftovers\n|-heal|p1b: Gholdengo|39\/100|[from] item: Leftovers\n|-sideend|p1: genericname3333|move: Light Screen\n|upkeep\n|\n|t:|1683808330\n|switch|p2b: Jumpluff|Jumpluff, L50, M|100\/100\n|turn|6\n|\n|t:|1683808433\n|switch|p1a: Grimmsnarl|Grimmsnarl, L50, M|100\/100\n|move|p1b: Gholdengo|Protect|p1b: Gholdengo\n|-singleturn|p1b: Gholdengo|Protect\n|move|p2b: Jumpluff|Sleep Powder|p1a: Grimmsnarl\n|-activate|p1a: Grimmsnarl|item: Safety Goggles|Sleep Powder\n|move|p2a: Masquerain|Ice Beam|p1b: Gholdengo\n|-activate|p1b: Gholdengo|move: Protect\n|\n|-weather|none\n|-heal|p2a: Masquerain|64\/100|[from] item: Leftovers\n|-heal|p1b: Gholdengo|45\/100|[from] item: Leftovers\n|upkeep\n|turn|7\n|\n|t:|1683808458\n|-terastallize|p2a: Masquerain|Dark\n|move|p1a: Grimmsnarl|Light Screen|p1a: Grimmsnarl\n|-sidestart|p1: genericname3333|move: Light Screen\n|move|p2b: Jumpluff|U-turn|p1a: Grimmsnarl\n|-damage|p1a: Grimmsnarl|92\/100\n|\n|t:|1683808463\n|switch|p2b: Torkoal|Torkoal, L50, F|77\/100|[from] U-turn\n|-weather|SunnyDay|[from] ability: Drought|[of] p2b: Torkoal\n|move|p2a: Masquerain|Ice Beam|p1b: Gholdengo\n|-supereffective|p1b: Gholdengo\n|-damage|p1b: Gholdengo|19\/100\n|move|p1b: Gholdengo|Make It Rain|p2b: Torkoal|[spread] p2a,p2b\n|-resisted|p2b: Torkoal\n|-damage|p2a: Masquerain|7\/100\n|-damage|p2b: Torkoal|46\/100\n|-unboost|p1b: Gholdengo|spa|1\n|-enditem|p2b: Torkoal|Sitrus Berry|[eat]\n|-heal|p2b: Torkoal|71\/100|[from] item: Sitrus Berry\n|\n|-weather|SunnyDay|[upkeep]\n|-heal|p2a: Masquerain|13\/100|[from] item: Leftovers\n|-heal|p1b: Gholdengo|25\/100|[from] item: Leftovers\n|upkeep\n|turn|8\n|\n|t:|1683808600\n|move|p2a: Masquerain|Protect|p2a: Masquerain\n|-singleturn|p2a: Masquerain|Protect\n|move|p1b: Gholdengo|Protect|p1b: Gholdengo\n|-singleturn|p1b: Gholdengo|Protect\n|move|p2b: Torkoal|Protect|p2b: Torkoal\n|-singleturn|p2b: Torkoal|Protect\n|move|p1a: Grimmsnarl|Stomping Tantrum|p2b: Torkoal\n|-activate|p2b: Torkoal|move: Protect\n|\n|-weather|SunnyDay|[upkeep]\n|-heal|p2a: Masquerain|19\/100|[from] item: Leftovers\n|-heal|p1b: Gholdengo|31\/100|[from] item: Leftovers\n|upkeep\n|turn|9\n|\n|t:|1683808629\n|switch|p2b: Jumpluff|Jumpluff, L50, M|100\/100\n|move|p2a: Masquerain|Ice Beam|p1b: Gholdengo\n|-supereffective|p1b: Gholdengo\n|-damage|p1b: Gholdengo|4\/100\n|move|p1b: Gholdengo|Shadow Ball|p2b: Jumpluff\n|-damage|p2b: Jumpluff|71\/100\n|move|p1a: Grimmsnarl|Stomping Tantrum|p2a: Masquerain\n|-crit|p2a: Masquerain\n|-damage|p2a: Masquerain|0 fnt\n|faint|p2a: Masquerain\n|\n|-weather|SunnyDay|[upkeep]\n|-heal|p1b: Gholdengo|10\/100|[from] item: Leftovers\n|upkeep\n|\n|t:|1683808642\n|switch|p2a: Torkoal|Torkoal, L50, F|71\/100\n|turn|10\n|\n|t:|1683808663\n|move|p1b: Gholdengo|Protect|p1b: Gholdengo\n|-singleturn|p1b: Gholdengo|Protect\n|move|p2b: Jumpluff|U-turn|p1b: Gholdengo\n|-activate|p1b: Gholdengo|move: Protect\n|move|p1a: Grimmsnarl|Stomping Tantrum|p2a: Torkoal\n|-supereffective|p2a: Torkoal\n|-damage|p2a: Torkoal|44\/100\n|move|p2a: Torkoal|Yawn|p1a: Grimmsnarl\n|-start|p1a: Grimmsnarl|move: Yawn|[of] p2a: Torkoal\n|\n|-weather|SunnyDay|[upkeep]\n|-heal|p1b: Gholdengo|16\/100|[from] item: Leftovers\n|upkeep\n|turn|11\n|\n|t:|1683808691\n|move|p2b: Jumpluff|Rage Powder|p2b: Jumpluff\n|-singleturn|p2b: Jumpluff|move: Rage Powder\n|move|p1b: Gholdengo|Make It Rain|p2a: Torkoal|[spread] p2a,p2b\n|-resisted|p2a: Torkoal\n|-damage|p2a: Torkoal|25\/100\n|-damage|p2b: Jumpluff|41\/100\n|-unboost|p1b: Gholdengo|spa|1\n|move|p1a: Grimmsnarl|Assurance|p2b: Jumpluff\n|-damage|p2b: Jumpluff|0 fnt\n|faint|p2b: Jumpluff\n|move|p2a: Torkoal|Solar Beam||[still]\n|-prepare|p2a: Torkoal|Solar Beam\n|-anim|p2a: Torkoal|Solar Beam|p1b: Gholdengo\n|-resisted|p1b: Gholdengo\n|-damage|p1b: Gholdengo|7\/100\n|\n|-weather|none\n|-heal|p1b: Gholdengo|13\/100|[from] item: Leftovers\n|-end|p1a: Grimmsnarl|move: Yawn|[silent]\n|-status|p1a: Grimmsnarl|slp\n|-sideend|p1: genericname3333|move: Light Screen\n|upkeep\n|turn|12\n|\n|t:|1683808708\n|move|p1b: Gholdengo|Shadow Ball|p2a: Torkoal\n|-damage|p2a: Torkoal|0 fnt\n|faint|p2a: Torkoal\n|\n|win|genericname3333\n|c|\u2606yuramas|gg\n|c|\u2606genericname3333|gg\n","uploadtime":1683808717,"views":37,"p1id":"genericname3333","p2id":"yuramas","formatid":"gen9vgc2023regulationc","rating":0,"private":0,"password":""}