{"id":"gen9vgc2023regulationc-1847691549","p1":"LameLiarLeo","p2":"Arven is a nerd","format":"[Gen 9] VGC 2023 Regulation C","log":"|j|\u2606LameLiarLeo\n|j|\u2606Arven is a nerd\n|t:|1681992953\n|gametype|doubles\n|player|p1|LameLiarLeo|170|1346\n|player|p2|Arven is a nerd|galacticgrunt|1294\n|teamsize|p1|6\n|teamsize|p2|6\n|gen|9\n|tier|[Gen 9] VGC 2023 Regulation C\n|rated|\n|rule|Species Clause: Limit one of each Pok\u00e9mon\n|rule|Item Clause: Limit one of each item\n|clearpoke\n|poke|p1|Kingambit, L50, F|\n|poke|p1|Iron Bundle, L50|\n|poke|p1|Arcanine, L50, F|\n|poke|p1|Great Tusk, L50|\n|poke|p1|Flutter Mane, L50|\n|poke|p1|Amoonguss, L50, M|\n|poke|p2|Annihilape, L50, F|\n|poke|p2|Maushold, L50|\n|poke|p2|Kingambit, L50, F|\n|poke|p2|Iron Bundle, L50|\n|poke|p2|Flutter Mane, L50|\n|poke|p2|Iron Hands, L50|\n|teampreview|4\n|inactive|Battle timer is ON: inactive players will automatically lose when time's up. (requested by Arven is a nerd)\n|inactive|LameLiarLeo also wants the timer to be on.\nLameLiarLeo has agreed to open team sheets.\n|inactive|LameLiarLeo has 60 seconds left.\n|\n|t:|1681992995\n|start\n|switch|p1a: Iron Bundle|Iron Bundle, L50|100\/100\n|switch|p1b: Flutter Mane|Flutter Mane, L50|100\/100\n|switch|p2a: Flutter Mane|Flutter Mane, L50|100\/100\n|switch|p2b: Iron Bundle|Iron Bundle, L50|100\/100\n|-enditem|p2b: Iron Bundle|Booster Energy\n|-activate|p2b: Iron Bundle|ability: Quark Drive|[fromitem]\n|-start|p2b: Iron Bundle|quarkdrivespe\n|-enditem|p1a: Iron Bundle|Booster Energy\n|-activate|p1a: Iron Bundle|ability: Quark Drive|[fromitem]\n|-start|p1a: Iron Bundle|quarkdrivespe\n|turn|1\n|\n|t:|1681993018\n|-terastallize|p2a: Flutter Mane|Fairy\n|-terastallize|p1b: Flutter Mane|Steel\n|move|p2b: Iron Bundle|Icy Wind|p1b: Flutter Mane|[spread] p1a,p1b\n|-resisted|p1a: Iron Bundle\n|-crit|p1a: Iron Bundle\n|-resisted|p1b: Flutter Mane\n|-damage|p1a: Iron Bundle|87\/100\n|-damage|p1b: Flutter Mane|90\/100\n|-unboost|p1a: Iron Bundle|spe|1\n|-unboost|p1b: Flutter Mane|spe|1\n|move|p1a: Iron Bundle|Icy Wind|p2b: Iron Bundle|[spread] p2a,p2b\n|-resisted|p2b: Iron Bundle\n|-damage|p2a: Flutter Mane|77\/100\n|-damage|p2b: Iron Bundle|90\/100\n|-unboost|p2a: Flutter Mane|spe|1\n|-unboost|p2b: Iron Bundle|spe|1\n|move|p2a: Flutter Mane|Dazzling Gleam|p1b: Flutter Mane|[spread] p1a,p1b\n|-resisted|p1b: Flutter Mane\n|-damage|p1a: Iron Bundle|0 fnt\n|-damage|p1b: Flutter Mane|56\/100\n|faint|p1a: Iron Bundle\n|-end|p1a: Iron Bundle|Quark Drive|[silent]\n|move|p1b: Flutter Mane|Moonblast|p2a: Flutter Mane\n|-damage|p2a: Flutter Mane|0 fnt\n|faint|p2a: Flutter Mane\n|-end|p2a: Flutter Mane|Protosynthesis|[silent]\n|\n|upkeep\n|\n|t:|1681993040\n|switch|p1a: Great Tusk|Great Tusk, L50|100\/100\n|switch|p2a: Annihilape|Annihilape, L50, F|100\/100\n|turn|2\n|\n|t:|1681993050\n|move|p2b: Iron Bundle|Icy Wind|p1a: Great Tusk|[spread] p1a,p1b\n|-supereffective|p1a: Great Tusk\n|-resisted|p1b: Flutter Mane\n|-crit|p1b: Flutter Mane\n|-damage|p1a: Great Tusk|40\/100\n|-damage|p1b: Flutter Mane|40\/100\n|-unboost|p1a: Great Tusk|spe|1\n|-unboost|p1b: Flutter Mane|spe|1\n|move|p2a: Annihilape|Drain Punch|p1b: Flutter Mane\n|-supereffective|p1b: Flutter Mane\n|-damage|p1b: Flutter Mane|0 fnt\n|faint|p1b: Flutter Mane\n|-end|p1b: Flutter Mane|Protosynthesis|[silent]\n|move|p1a: Great Tusk|Close Combat|p2b: Iron Bundle\n|-supereffective|p2b: Iron Bundle\n|-damage|p2b: Iron Bundle|0 fnt\n|-unboost|p1a: Great Tusk|def|1\n|-unboost|p1a: Great Tusk|spd|1\n|faint|p2b: Iron Bundle\n|-end|p2b: Iron Bundle|Quark Drive|[silent]\n|\n|upkeep\n|\n|t:|1681993066\n|switch|p2b: Iron Hands|Iron Hands, L50|100\/100\n|switch|p1b: Arcanine|Arcanine, L50, F|100\/100\n|-ability|p1b: Arcanine|Intimidate|boost\n|-unboost|p2a: Annihilape|atk|1\n|-ability|p2a: Annihilape|Defiant|boost\n|-boost|p2a: Annihilape|atk|2\n|-fail|p2b: Iron Hands|unboost|[from] item: Clear Amulet|[of] p2b: Iron Hands\n|turn|3\n|\n|t:|1681993078\n|move|p1b: Arcanine|Protect|p1b: Arcanine\n|-singleturn|p1b: Arcanine|Protect\n|move|p1a: Great Tusk|Protect|p1a: Great Tusk\n|-singleturn|p1a: Great Tusk|Protect\n|move|p2b: Iron Hands|Fake Out|p1a: Great Tusk\n|-activate|p1a: Great Tusk|move: Protect\n|move|p2a: Annihilape|Drain Punch|p1b: Arcanine\n|-activate|p1b: Arcanine|move: Protect\n|\n|upkeep\n|turn|4\n|\n|t:|1681993092\n|move|p1b: Arcanine|Will-O-Wisp|p2a: Annihilape\n|-status|p2a: Annihilape|brn\n|move|p2a: Annihilape|Drain Punch|p1b: Arcanine\n|-damage|p1b: Arcanine|69\/100\n|move|p1a: Great Tusk|Headlong Rush|p2b: Iron Hands\n|-supereffective|p2b: Iron Hands\n|-damage|p2b: Iron Hands|0 fnt\n|-unboost|p1a: Great Tusk|def|1\n|-unboost|p1a: Great Tusk|spd|1\n|faint|p2b: Iron Hands\n|-end|p2b: Iron Hands|Quark Drive|[silent]\n|\n|-damage|p2a: Annihilape|95\/100 brn|[from] brn\n|upkeep\n|turn|5\n|\n|t:|1681993116\n|move|p1b: Arcanine|Flare Blitz|p2a: Annihilape\n|-damage|p2a: Annihilape|50\/100 brn\n|-damage|p1b: Arcanine|52\/100|[from] Recoil\n|move|p2a: Annihilape|Drain Punch|p1a: Great Tusk\n|-damage|p1a: Great Tusk|0 fnt\n|-heal|p2a: Annihilape|67\/100 brn|[from] drain|[of] p1a: Great Tusk\n|faint|p1a: Great Tusk\n|-end|p1a: Great Tusk|Protosynthesis|[silent]\n|\n|-damage|p2a: Annihilape|61\/100 brn|[from] brn\n|upkeep\n|turn|6\n|\n|t:|1681993141\n|move|p1b: Arcanine|Protect|p1b: Arcanine\n|-singleturn|p1b: Arcanine|Protect\n|move|p2a: Annihilape|Drain Punch|p1b: Arcanine\n|-activate|p1b: Arcanine|move: Protect\n|\n|-damage|p2a: Annihilape|55\/100 brn|[from] brn\n|upkeep\n|turn|7\n|\n|t:|1681993149\n|move|p1b: Arcanine|Flare Blitz|p2a: Annihilape\n|-damage|p2a: Annihilape|6\/100 brn\n|-damage|p1b: Arcanine|34\/100|[from] Recoil\n|-enditem|p1b: Arcanine|Sitrus Berry|[eat]\n|-heal|p1b: Arcanine|59\/100|[from] item: Sitrus Berry\n|move|p2a: Annihilape|Rage Fist|p1b: Arcanine\n|-damage|p1b: Arcanine|0 fnt\n|faint|p1b: Arcanine\n|\n|win|Arven is a nerd\n|raw|LameLiarLeo's rating: 1346 → 1323<\/strong> (-23 for losing)\n|raw|Arven is a nerd's rating: 1294 → 1323<\/strong> (+29 for winning)\n|c|\u2606LameLiarLeo|gg\n","uploadtime":1681993164,"views":13,"p1id":"lameliarleo","p2id":"arvenisanerd","formatid":"gen9vgc2023regulationc","rating":1323,"private":0,"password":""}