{"id":"gen9vgc2023regulationc-1844921579","p1":"Keveloper","p2":"Clementine23","format":"[Gen 9] VGC 2023 Regulation C","log":"|j|\u2606Keveloper\n|j|\u2606Clementine23\n|t:|1681664365\n|gametype|doubles\n|player|p1|Keveloper|lusamine-nihilego|\n|player|p2|Clementine23|swimmer-gen4dp|\n|teamsize|p1|6\n|teamsize|p2|6\n|gen|9\n|tier|[Gen 9] VGC 2023 Regulation C\n|rule|Species Clause: Limit one of each Pok\u00e9mon\n|rule|Item Clause: Limit one of each item\n|clearpoke\n|poke|p1|Salamence, L50, F|\n|poke|p1|Amoonguss, L50, F|\n|poke|p1|Palafin, L50, F|\n|poke|p1|Ceruledge, L50, M|\n|poke|p1|Flutter Mane, L50|\n|poke|p1|Ting-Lu, L50|\n|poke|p2|Iron Hands, L50|\n|poke|p2|Chien-Pao, L50|\n|poke|p2|Palafin, L50, M|\n|poke|p2|Great Tusk, L50|\n|poke|p2|Talonflame, L50, M|\n|poke|p2|Gholdengo, L50|\n|teampreview|4\nClementine23 has agreed to open team sheets.\n|c|\u2606Keveloper|G3\nKeveloper has agreed to open team sheets.\n|c|\u2606Keveloper|Ready?\n|c|\u2606Clementine23|Yup\n|inactive|Battle timer is ON: inactive players will automatically lose when time's up. (requested by Clementine23)\n|c|\u2606Keveloper|glhf\n|inactive|Keveloper has 60 seconds left.\n|\n|t:|1681665294\n|start\n|switch|p1a: Salamence|Salamence, L50, F|100\/100\n|switch|p1b: Amoonguss|Amoonguss, L50, F|100\/100\n|switch|p2a: Chien-Pao|Chien-Pao, L50|100\/100\n|switch|p2b: Iron Hands|Iron Hands, L50|100\/100\n|-ability|p1a: Salamence|Intimidate|boost\n|-fail|p2a: Chien-Pao|unboost|[from] item: Clear Amulet|[of] p2a: Chien-Pao\n|-unboost|p2b: Iron Hands|atk|1\n|-ability|p2a: Chien-Pao|Sword of Ruin\n|turn|1\n|inactive|Keveloper has 30 seconds left.\n|inactive|Keveloper has 20 seconds left.\n|inactive|Keveloper has 15 seconds left.\n|\n|t:|1681665335\n|switch|p1a: Ting-Lu|Ting-Lu, L50|100\/100\n|-ability|p1a: Ting-Lu|Vessel of Ruin\n|move|p2b: Iron Hands|Fake Out|p1b: Amoonguss\n|-damage|p1b: Amoonguss|87\/100\n|move|p2a: Chien-Pao|Ice Spinner|p1a: Ting-Lu\n|-supereffective|p1a: Ting-Lu\n|-damage|p1a: Ting-Lu|47\/100\n|cant|p1b: Amoonguss|flinch\n|\n|upkeep\n|turn|2\n|inactive|Keveloper has 30 seconds left.\n|\n|t:|1681665368\n|switch|p1a: Palafin|Palafin, L50, F|100\/100\n|-terastallize|p2b: Iron Hands|Grass\n|move|p2a: Chien-Pao|Protect|p2a: Chien-Pao\n|-singleturn|p2a: Chien-Pao|Protect\n|move|p2b: Iron Hands|Drain Punch|p1a: Palafin\n|-damage|p1a: Palafin|56\/100\n|move|p1b: Amoonguss|Spore|p2a: Chien-Pao\n|-activate|p2a: Chien-Pao|move: Protect\n|\n|upkeep\n|turn|3\n|inactive|Keveloper has 30 seconds left.\n|\n|t:|1681665402\n|detailschange|p1a: Palafin|Palafin-Hero, L50, F\n|switch|p1a: Salamence|Salamence, L50, F|100\/100\n|-ability|p1a: Salamence|Intimidate|boost\n|-fail|p2a: Chien-Pao|unboost|[from] item: Clear Amulet|[of] p2a: Chien-Pao\n|-unboost|p2b: Iron Hands|atk|1\n|switch|p1b: Ting-Lu|Ting-Lu, L50|47\/100\n|-ability|p1b: Ting-Lu|Vessel of Ruin\n|move|p2a: Chien-Pao|Ice Spinner|p1b: Ting-Lu\n|-supereffective|p1b: Ting-Lu\n|-damage|p1b: Ting-Lu|0 fnt\n|faint|p1b: Ting-Lu\n|move|p2b: Iron Hands|Drain Punch|p1a: Salamence\n|-resisted|p1a: Salamence\n|-damage|p1a: Salamence|83\/100\n|\n|upkeep\n|\n|t:|1681665421\n|switch|p1b: Amoonguss|Amoonguss, L50, F|100\/100\n|turn|4\n|inactive|Keveloper has 30 seconds left.\n|inactive|Clementine23 has 30 seconds left.\n|\n|t:|1681665454\n|-end|p2b: Iron Hands|Quark Drive|[silent]\n|switch|p2b: Gholdengo|Gholdengo, L50|100\/100\n|-terastallize|p1b: Amoonguss|Steel\n|move|p1b: Amoonguss|Rage Powder|p1b: Amoonguss\n|-singleturn|p1b: Amoonguss|move: Rage Powder\n|move|p1a: Salamence|Flamethrower|p2a: Chien-Pao\n|-supereffective|p2a: Chien-Pao\n|-damage|p2a: Chien-Pao|0 fnt\n|faint|p2a: Chien-Pao\n|\n|upkeep\n|\n|t:|1681665469\n|switch|p2a: Great Tusk|Great Tusk, L50|100\/100\n|turn|5\n|\n|t:|1681665484\n|move|p1b: Amoonguss|Protect|p1b: Amoonguss\n|-singleturn|p1b: Amoonguss|Protect\n|move|p1a: Salamence|Flamethrower|p2b: Gholdengo\n|-supereffective|p2b: Gholdengo\n|-damage|p2b: Gholdengo|43\/100\n|move|p2a: Great Tusk|Close Combat|p1b: Amoonguss\n|-activate|p1b: Amoonguss|move: Protect\n|move|p2b: Gholdengo|Shadow Ball|p1a: Salamence\n|-crit|p1a: Salamence\n|-damage|p1a: Salamence|0 fnt\n|faint|p1a: Salamence\n|-damage|p2b: Gholdengo|33\/100|[from] item: Life Orb\n|\n|upkeep\n|\n|t:|1681665495\n|switch|p1a: Palafin|Palafin-Hero, L50, F|56\/100\n|-activate|p1a: Palafin|ability: Zero to Hero\n|turn|6\n|inactive|Keveloper has 30 seconds left.\n|\n|t:|1681665526\n|move|p1a: Palafin|Protect|p1a: Palafin\n|-singleturn|p1a: Palafin|Protect\n|move|p2a: Great Tusk|Headlong Rush|p1a: Palafin\n|-activate|p1a: Palafin|move: Protect\n|move|p2b: Gholdengo|Shadow Ball|p1a: Palafin\n|-activate|p1a: Palafin|move: Protect\n|move|p1b: Amoonguss|Spore|p2a: Great Tusk\n|-status|p2a: Great Tusk|slp|[from] move: Spore\n|\n|upkeep\n|turn|7\n|\n|t:|1681665550\n|move|p2b: Gholdengo|Protect|p2b: Gholdengo\n|-singleturn|p2b: Gholdengo|Protect\n|move|p1a: Palafin|Jet Punch|p2b: Gholdengo\n|-activate|p2b: Gholdengo|move: Protect\n|cant|p2a: Great Tusk|slp\n|move|p1b: Amoonguss|Pollen Puff|p1a: Palafin\n|-heal|p1a: Palafin|100\/100\n|\n|upkeep\n|turn|8\n|\n|t:|1681665566\n|move|p1a: Palafin|Jet Punch|p2a: Great Tusk\n|-supereffective|p2a: Great Tusk\n|-damage|p2a: Great Tusk|22\/100 slp\n|-curestatus|p2a: Great Tusk|slp|[msg]\n|move|p2a: Great Tusk|Close Combat|p1b: Amoonguss\n|-supereffective|p1b: Amoonguss\n|-damage|p1b: Amoonguss|0 fnt\n|-unboost|p2a: Great Tusk|def|1\n|-unboost|p2a: Great Tusk|spd|1\n|faint|p1b: Amoonguss\n|move|p2b: Gholdengo|Shadow Ball|p1a: Palafin\n|-damage|p1a: Palafin|46\/100\n|-unboost|p1a: Palafin|spd|1\n|-damage|p2b: Gholdengo|23\/100|[from] item: Life Orb\n|\n|upkeep\n|turn|9\n|c|\u2606Keveloper|gg\n|-message|Keveloper forfeited.\n|\n|win|Clementine23\n|c|\u2606Clementine23|Ggs\n|c|\u2606Clementine23|WP\n|c|\u2606Keveloper|u2\n|l|\u2606Clementine23\n","uploadtime":1681665722,"views":11,"p1id":"keveloper","p2id":"clementine23","formatid":"gen9vgc2023regulationc","rating":0,"private":0,"password":""}