{"id":"gen9vgc2023regulationc-1852197729","p1":"Lugo03","p2":"gabsalma","format":"[Gen 9] VGC 2023 Regulation C","log":"|j|\u2606Lugo03\n|j|\u2606gabsalma\n|t:|1682532193\n|gametype|doubles\n|player|p1|Lugo03|170|1144\n|player|p2|gabsalma|2|1165\n|teamsize|p1|6\n|teamsize|p2|6\n|gen|9\n|tier|[Gen 9] VGC 2023 Regulation C\n|rated|\n|rule|Species Clause: Limit one of each Pok\u00e9mon\n|rule|Item Clause: Limit one of each item\n|clearpoke\n|poke|p1|Talonflame, L50, F|\n|poke|p1|Garchomp, L50, M|\n|poke|p1|Flutter Mane, L50|\n|poke|p1|Iron Bundle, L50|\n|poke|p1|Tyranitar, L50, F|\n|poke|p1|Chien-Pao, L50|\n|poke|p2|Annihilape, L50, F|\n|poke|p2|Gholdengo, L50|\n|poke|p2|Dondozo, L50, F|\n|poke|p2|Tatsugiri, L50, M|\n|poke|p2|Palafin, L50, F|\n|poke|p2|Iron Bundle, L50|\n|teampreview|4\n|inactive|Battle timer is ON: inactive players will automatically lose when time's up. (requested by gabsalma)\n|\n|t:|1682532212\n|start\n|switch|p1a: Iron Bundle|Iron Bundle, L50|100\/100\n|switch|p1b: Flutter Mane|Flutter Mane, L50|100\/100\n|switch|p2a: Iron Bundle|Iron Bundle, L50|100\/100\n|switch|p2b: Palafin|Palafin, L50, F|100\/100\n|-enditem|p1a: Iron Bundle|Booster Energy\n|-activate|p1a: Iron Bundle|ability: Quark Drive|[fromitem]\n|-start|p1a: Iron Bundle|quarkdrivespe\n|-enditem|p2a: Iron Bundle|Booster Energy\n|-activate|p2a: Iron Bundle|ability: Quark Drive|[fromitem]\n|-start|p2a: Iron Bundle|quarkdrivespe\n|turn|1\n|\n|t:|1682532232\n|move|p1a: Iron Bundle|Freeze-Dry|p2b: Palafin\n|-supereffective|p2b: Palafin\n|-damage|p2b: Palafin|14\/100\n|move|p2a: Iron Bundle|Ice Beam|p1b: Flutter Mane\n|-damage|p1b: Flutter Mane|52\/100\n|move|p1b: Flutter Mane|Thunderbolt|p2a: Iron Bundle\n|-supereffective|p2a: Iron Bundle\n|-damage|p2a: Iron Bundle|0 fnt\n|faint|p2a: Iron Bundle\n|-end|p2a: Iron Bundle|Quark Drive|[silent]\n|move|p2b: Palafin|Wave Crash|p1b: Flutter Mane\n|-damage|p1b: Flutter Mane|0 fnt\n|faint|p1b: Flutter Mane\n|-end|p1b: Flutter Mane|Protosynthesis|[silent]\n|-damage|p2b: Palafin|3\/100|[from] Recoil\n|-damage|p2b: Palafin|0 fnt|[from] item: Life Orb\n|faint|p2b: Palafin\n|\n|upkeep\n|\n|t:|1682532249\n|switch|p2a: Tatsugiri|Tatsugiri, L50, M|100\/100\n|switch|p1b: Garchomp|Garchomp, L50, M|100\/100\n|switch|p2b: Dondozo|Dondozo, L50, F|100\/100\n|-activate|p2a: Tatsugiri|ability: Commander|[of] p2b: Dondozo\n|-boost|p2b: Dondozo|atk|2\n|-boost|p2b: Dondozo|spa|2\n|-boost|p2b: Dondozo|spe|2\n|-boost|p2b: Dondozo|def|2\n|-boost|p2b: Dondozo|spd|2\n|turn|2\n|\n|t:|1682532265\n|-terastallize|p2b: Dondozo|Ground\n|move|p1a: Iron Bundle|Freeze-Dry|p2b: Dondozo\n|-supereffective|p2b: Dondozo\n|-damage|p2b: Dondozo|67\/100\n|move|p2b: Dondozo|Earthquake|p1a: Iron Bundle|[spread] p1a,p1b\n|-miss|p2b: Dondozo|p2a: Tatsugiri\n|-damage|p1a: Iron Bundle|21\/100\n|-damage|p1b: Garchomp|44\/100\n|move|p1b: Garchomp|Dragon Claw|p2b: Dondozo\n|-damage|p2b: Dondozo|51\/100\n|\n|upkeep\n|turn|3\n|inactive|Lugo03 has 30 seconds left.\n|\n|t:|1682532290\n|move|p1b: Garchomp|Protect|p1b: Garchomp\n|-singleturn|p1b: Garchomp|Protect\n|move|p1a: Iron Bundle|Freeze-Dry|p2b: Dondozo\n|-supereffective|p2b: Dondozo\n|-damage|p2b: Dondozo|19\/100\n|move|p2b: Dondozo|Earthquake|p1a: Iron Bundle|[spread] p1a\n|-miss|p2b: Dondozo|p2a: Tatsugiri\n|-activate|p1b: Garchomp|move: Protect\n|-damage|p1a: Iron Bundle|0 fnt\n|faint|p1a: Iron Bundle\n|-end|p1a: Iron Bundle|Quark Drive|[silent]\n|\n|upkeep\n|\n|t:|1682532302\n|switch|p1a: Tyranitar|Tyranitar, L50, F|100\/100\n|-weather|Sandstorm|[from] ability: Sand Stream|[of] p1a: Tyranitar\n|turn|4\n|\n|t:|1682532309\n|move|p2b: Dondozo|Protect|p2b: Dondozo\n|-singleturn|p2b: Dondozo|Protect\n|move|p1b: Garchomp|Dragon Claw|p2b: Dondozo\n|-activate|p2b: Dondozo|move: Protect\n|move|p1a: Tyranitar|Rock Slide|p2b: Dondozo|[spread] \n|-miss|p1a: Tyranitar|p2a: Tatsugiri\n|-activate|p2b: Dondozo|move: Protect\n|\n|-weather|Sandstorm|[upkeep]\n|-damage|p2a: Tatsugiri|95\/100|[from] Sandstorm\n|-heal|p2a: Tatsugiri|100\/100|[from] item: Leftovers\n|upkeep\n|turn|5\n|\n|t:|1682532323\n|move|p2b: Dondozo|Earthquake|p1b: Garchomp|[spread] p1a,p1b\n|-miss|p2b: Dondozo|p2a: Tatsugiri\n|-supereffective|p1a: Tyranitar\n|-damage|p1a: Tyranitar|0 fnt\n|-damage|p1b: Garchomp|0 fnt\n|faint|p1a: Tyranitar\n|faint|p1b: Garchomp\n|\n|win|gabsalma\n|raw|Lugo03's rating: 1144 → 1121<\/strong> (-23 for losing)\n|raw|gabsalma's rating: 1165 → 1188<\/strong> (+23 for winning)\n","uploadtime":1682532331,"views":13,"p1id":"lugo03","p2id":"gabsalma","formatid":"gen9vgc2023regulationc","rating":1121,"private":0,"password":""}