{"id":"gen9vgc2023regulationc-1860497364","p1":"soraesc","p2":"Alexis_student","format":"[Gen 9] VGC 2023 Regulation C","log":"|j|\u2606soraesc\n|j|\u2606Alexis_student\n|t:|1683649312\n|gametype|doubles\n|player|p1|soraesc|flannery|1203\n|player|p2|Alexis_student|101|1172\n|teamsize|p1|6\n|teamsize|p2|6\n|gen|9\n|tier|[Gen 9] VGC 2023 Regulation C\n|rated|\n|rule|Species Clause: Limit one of each Pok\u00e9mon\n|rule|Item Clause: Limit one of each item\n|clearpoke\n|poke|p1|Palafin, L50, F|\n|poke|p1|Cyclizar, L50, M|\n|poke|p1|Flutter Mane, L50|\n|poke|p1|Amoonguss, L50, F|\n|poke|p1|Armarouge, L50, F|\n|poke|p1|Iron Hands, L50|\n|poke|p2|Chi-Yu, L50|\n|poke|p2|Flutter Mane, L50|\n|poke|p2|Palafin, L50, F|\n|poke|p2|Iron Hands, L50|\n|poke|p2|Dragonite, L50, F|\n|poke|p2|Amoonguss, L50, F|\n|teampreview|4\n|inactive|Battle timer is ON: inactive players will automatically lose when time's up. (requested by soraesc)\n|\n|t:|1683649332\n|start\n|switch|p1a: Cyclizar|Cyclizar, L50, M|100\/100\n|switch|p1b: Palafin|Palafin, L50, F|100\/100\n|switch|p2a: Palafin|Palafin, L50, F|100\/100\n|switch|p2b: Amoonguss|Amoonguss, L50, F|100\/100\n|turn|1\n|\n|t:|1683649352\n|move|p1b: Palafin|Protect|p1b: Palafin\n|-singleturn|p1b: Palafin|Protect\n|move|p1a: Cyclizar|Shed Tail|p1a: Cyclizar\n|-start|p1a: Cyclizar|Substitute|[from] move: Shed Tail\n|-damage|p1a: Cyclizar|50\/100\n|\n|t:|1683649360\n|switch|p1a: Iron Hands|Iron Hands, L50|100\/100|[from] Shed Tail\n|move|p2a: Palafin|Wave Crash|p1a: Iron Hands\n|-end|p1a: Iron Hands|Substitute\n|-damage|p2a: Palafin|95\/100|[from] Recoil|[of] p1a: Iron Hands\n|move|p2b: Amoonguss|Pollen Puff|p1a: Iron Hands\n|-resisted|p1a: Iron Hands\n|-damage|p1a: Iron Hands|96\/100\n|\n|upkeep\n|turn|2\n|\n|t:|1683649379\n|detailschange|p1b: Palafin|Palafin-Hero, L50, F\n|switch|p1b: Flutter Mane|Flutter Mane, L50|100\/100\n|detailschange|p2a: Palafin|Palafin-Hero, L50, F\n|switch|p2a: Dragonite|Dragonite, L50, F|100\/100\n|move|p1a: Iron Hands|Fake Out|p2b: Amoonguss\n|-damage|p2b: Amoonguss|88\/100\n|cant|p2b: Amoonguss|flinch\n|\n|upkeep\n|turn|3\n|\n|t:|1683649395\n|-terastallize|p2a: Dragonite|Flying\n|-terastallize|p1a: Iron Hands|Grass\n|move|p1b: Flutter Mane|Substitute|p1b: Flutter Mane\n|-start|p1b: Flutter Mane|Substitute\n|-damage|p1b: Flutter Mane|76\/100\n|move|p2a: Dragonite|Tera Blast|p1a: Iron Hands\n|-supereffective|p1a: Iron Hands\n|-damage|p1a: Iron Hands|21\/100\n|move|p1a: Iron Hands|Wild Charge|p2a: Dragonite\n|-supereffective|p2a: Dragonite\n|-damage|p2a: Dragonite|52\/100\n|-damage|p1a: Iron Hands|12\/100|[from] Recoil\n|move|p2b: Amoonguss|Spore||[still]\n|-fail|p2b: Amoonguss\n|\n|-heal|p1b: Flutter Mane|82\/100|[from] item: Leftovers\n|upkeep\n|turn|4\n|inactive|soraesc has 30 seconds left.\n|\n|t:|1683649425\n|move|p1b: Flutter Mane|Dazzling Gleam|p2a: Dragonite|[spread] p2a,p2b\n|-resisted|p2b: Amoonguss\n|-damage|p2a: Dragonite|17\/100\n|-damage|p2b: Amoonguss|74\/100\n|move|p2a: Dragonite|Tera Blast|p1b: Flutter Mane\n|-end|p1b: Flutter Mane|Substitute\n|move|p1a: Iron Hands|Volt Switch|p2a: Dragonite\n|-supereffective|p2a: Dragonite\n|-damage|p2a: Dragonite|0 fnt\n|faint|p2a: Dragonite\n|\n|t:|1683649434\n|-end|p1a: Iron Hands|Quark Drive|[silent]\n|switch|p1a: Cyclizar|Cyclizar, L50, M|83\/100|[from] Volt Switch\n|move|p2b: Amoonguss|Pollen Puff|p1a: Cyclizar\n|-damage|p1a: Cyclizar|54\/100\n|\n|-heal|p1b: Flutter Mane|88\/100|[from] item: Leftovers\n|upkeep\n|\n|t:|1683649447\n|switch|p2a: Palafin|Palafin-Hero, L50, F|95\/100\n|-activate|p2a: Palafin|ability: Zero to Hero\n|turn|5\n|\n|t:|1683649465\n|move|p1b: Flutter Mane|Protect|p1b: Flutter Mane\n|-singleturn|p1b: Flutter Mane|Protect\n|move|p2a: Palafin|Jet Punch|p1b: Flutter Mane\n|-activate|p1b: Flutter Mane|move: Protect\n|move|p1a: Cyclizar|Breaking Swipe|p2a: Palafin|[spread] p2a,p2b\n|-damage|p2a: Palafin|77\/100\n|-damage|p2b: Amoonguss|57\/100\n|-unboost|p2a: Palafin|atk|1\n|-unboost|p2b: Amoonguss|atk|1\n|move|p2b: Amoonguss|Pollen Puff|p1a: Cyclizar\n|-damage|p1a: Cyclizar|24\/100\n|\n|-heal|p1b: Flutter Mane|94\/100|[from] item: Leftovers\n|upkeep\n|turn|6\n|inactive|Alexis_student has 30 seconds left.\n|\n|t:|1683649491\n|move|p1a: Cyclizar|Breaking Swipe|p2a: Palafin|[spread] p2a,p2b\n|-damage|p2a: Palafin|60\/100\n|-damage|p2b: Amoonguss|41\/100\n|-unboost|p2a: Palafin|atk|1\n|-unboost|p2b: Amoonguss|atk|1\n|-enditem|p2b: Amoonguss|Sitrus Berry|[eat]\n|-heal|p2b: Amoonguss|66\/100|[from] item: Sitrus Berry\n|move|p1b: Flutter Mane|Shadow Ball|p2b: Amoonguss\n|-damage|p2b: Amoonguss|29\/100\n|move|p2a: Palafin|Haze|p2a: Palafin\n|-clearallboost\n|move|p2b: Amoonguss|Pollen Puff|p1a: Cyclizar\n|-damage|p1a: Cyclizar|0 fnt\n|faint|p1a: Cyclizar\n|\n|-heal|p1b: Flutter Mane|100\/100|[from] item: Leftovers\n|upkeep\n|\n|t:|1683649501\n|switch|p1a: Iron Hands|Iron Hands, L50, tera:Grass|12\/100\n|turn|7\n|\n|t:|1683649520\n|move|p1a: Iron Hands|Fake Out|p2a: Palafin\n|-damage|p2a: Palafin|46\/100\n|cant|p2a: Palafin|flinch\n|move|p1b: Flutter Mane|Substitute|p1b: Flutter Mane\n|-start|p1b: Flutter Mane|Substitute\n|-damage|p1b: Flutter Mane|76\/100\n|move|p2b: Amoonguss|Spore||[still]\n|-fail|p2b: Amoonguss\n|\n|-heal|p1b: Flutter Mane|82\/100|[from] item: Leftovers\n|upkeep\n|turn|8\n|inactive|Alexis_student has 30 seconds left.\n|inactive|Alexis_student has 20 seconds left.\n|\n|t:|1683649557\n|move|p2a: Palafin|Jet Punch|p1b: Flutter Mane\n|-end|p1b: Flutter Mane|Substitute\n|move|p1b: Flutter Mane|Shadow Ball|p2b: Amoonguss\n|-damage|p2b: Amoonguss|0 fnt\n|faint|p2b: Amoonguss\n|move|p1a: Iron Hands|Wild Charge|p2a: Palafin\n|-supereffective|p2a: Palafin\n|-damage|p2a: Palafin|0 fnt\n|faint|p2a: Palafin\n|-damage|p1a: Iron Hands|3\/100|[from] Recoil\n|\n|-heal|p1b: Flutter Mane|88\/100|[from] item: Leftovers\n|upkeep\n|\n|t:|1683649572\n|switch|p2b: Chi-Yu|Chi-Yu, L50|100\/100\n|-ability|p2b: Chi-Yu|Beads of Ruin\n|turn|9\n|\n|t:|1683649581\n|move|p1b: Flutter Mane|Dazzling Gleam|p2b: Chi-Yu\n|-damage|p2b: Chi-Yu|64\/100\n|move|p2b: Chi-Yu|Flamethrower|p1a: Iron Hands\n|-supereffective|p1a: Iron Hands\n|-damage|p1a: Iron Hands|0 fnt\n|faint|p1a: Iron Hands\n|-end|p1a: Iron Hands|Quark Drive|[silent]\n|\n|-heal|p1b: Flutter Mane|94\/100|[from] item: Leftovers\n|upkeep\n|\n|t:|1683649583\n|switch|p1a: Palafin|Palafin-Hero, L50, F|100\/100\n|-activate|p1a: Palafin|ability: Zero to Hero\n|turn|10\n|\n|t:|1683649596\n|move|p1a: Palafin|Jet Punch|p2b: Chi-Yu\n|-supereffective|p2b: Chi-Yu\n|-damage|p2b: Chi-Yu|0 fnt\n|faint|p2b: Chi-Yu\n|\n|win|soraesc\n|raw|soraesc's rating: 1203 → 1226<\/strong> (+23 for winning)\n|raw|Alexis_student's rating: 1172 → 1149<\/strong> (-23 for losing)\n","uploadtime":1683649600,"views":5,"p1id":"soraesc","p2id":"alexisstudent","formatid":"gen9vgc2023regulationc","rating":1149,"private":0,"password":""}