{"id":"gen9vgc2023regulationc-1864302358","p1":"pmal919","p2":"JVsaadi","format":"[Gen 9] VGC 2023 Regulation C","log":"|j|\u2606pmal919\n|j|\u2606JVsaadi\n|t:|1684152636\n|gametype|doubles\n|player|p1|pmal919|acetrainer-gen4dp|1140\n|player|p2|JVsaadi|266|1021\n|teamsize|p1|6\n|teamsize|p2|6\n|gen|9\n|tier|[Gen 9] VGC 2023 Regulation C\n|rated|\n|rule|Species Clause: Limit one of each Pok\u00e9mon\n|rule|Item Clause: Limit one of each item\n|clearpoke\n|poke|p1|Gengar, L50, M|\n|poke|p1|Orthworm, L50, F|\n|poke|p1|Ting-Lu, L50|\n|poke|p1|Gyarados, L50, M|\n|poke|p1|Dragonite, L50, M|\n|poke|p1|Arcanine, L50, M|\n|poke|p2|Alomomola, L50, F|\n|poke|p2|Scream Tail, L50|\n|poke|p2|Murkrow, L50, M|\n|poke|p2|Revavroom, L50, F|\n|poke|p2|Cyclizar, L50, F|\n|poke|p2|Gothitelle, L50, F|\n|teampreview|4\n|\n|t:|1684152671\n|start\n|switch|p1a: Orthworm|Orthworm, L50, F|100\/100\n|switch|p1b: Arcanine|Arcanine, L50, M|100\/100\n|switch|p2a: Alomomola|Alomomola, L50, F|100\/100\n|switch|p2b: Mafioso|Murkrow, L50, M|100\/100\n|-ability|p1b: Arcanine|Intimidate|boost\n|-unboost|p2a: Alomomola|atk|1\n|-unboost|p2b: Mafioso|atk|1\n|turn|1\n|\n|t:|1684152699\n|move|p2b: Mafioso|Protect|p2b: Mafioso\n|-singleturn|p2b: Mafioso|Protect\n|move|p1b: Arcanine|Flare Blitz|p2b: Mafioso\n|-activate|p2b: Mafioso|move: Protect\n|move|p1a: Orthworm|Shed Tail|p1a: Orthworm\n|-start|p1a: Orthworm|Substitute|[from] move: Shed Tail\n|-damage|p1a: Orthworm|50\/100\n|-enditem|p1a: Orthworm|Sitrus Berry|[eat]\n|-heal|p1a: Orthworm|75\/100|[from] item: Sitrus Berry\n|\n|t:|1684152711\n|switch|p1a: Gengar|Gengar, L50, M|100\/100|[from] Shed Tail\n|move|p2a: Alomomola|Wish|p2a: Alomomola\n|\n|upkeep\n|turn|2\n|\n|t:|1684152738\n|switch|p2a: Gothitelle|Gothitelle, L50, F|100\/100\n|move|p1b: Arcanine|Protect|p1b: Arcanine\n|-singleturn|p1b: Arcanine|Protect\n|move|p2b: Mafioso|Perish Song|p2b: Mafioso\n|-start|p1a: Gengar|perish3|[silent]\n|-start|p1b: Arcanine|perish3|[silent]\n|-start|p2a: Gothitelle|perish3|[silent]\n|-start|p2b: Mafioso|perish3|[silent]\n|-fieldactivate|move: Perish Song\n|move|p1a: Gengar|Encore|p2b: Mafioso\n|-start|p2b: Mafioso|Encore\n|\n|-start|p1a: Gengar|perish3\n|-start|p1b: Arcanine|perish3\n|-start|p2b: Mafioso|perish3\n|-start|p2a: Gothitelle|perish3\n|upkeep\n|turn|3\n|\n|t:|1684152771\n|switch|p2b: Alomomola|Alomomola, L50, F|100\/100\n|move|p2a: Gothitelle|Fake Out|p1b: Arcanine\n|-damage|p1b: Arcanine|95\/100\n|move|p1a: Gengar|Toxic Spikes|p2a: Gothitelle\n|-sidestart|p2: JVsaadi|move: Toxic Spikes\n|cant|p1b: Arcanine|flinch\n|\n|-start|p1a: Gengar|perish2\n|-start|p1b: Arcanine|perish2\n|-start|p2a: Gothitelle|perish2\n|upkeep\n|turn|4\n|\n|t:|1684152798\n|move|p2a: Gothitelle|Protect|p2a: Gothitelle\n|-singleturn|p2a: Gothitelle|Protect\n|move|p2b: Alomomola|Protect|p2b: Alomomola\n|-singleturn|p2b: Alomomola|Protect\n|move|p1a: Gengar|Encore|p2a: Gothitelle\n|-activate|p2a: Gothitelle|move: Protect\n|move|p1b: Arcanine|Flare Blitz|p2a: Gothitelle\n|-activate|p2a: Gothitelle|move: Protect\n|\n|-start|p1a: Gengar|perish1\n|-start|p1b: Arcanine|perish1\n|-start|p2a: Gothitelle|perish1\n|upkeep\n|turn|5\n|\n|t:|1684152824\n|switch|p2a: Scream Tail|Scream Tail, L50|100\/100\n|-enditem|p2a: Scream Tail|Booster Energy\n|-activate|p2a: Scream Tail|ability: Protosynthesis|[fromitem]\n|-start|p2a: Scream Tail|protosynthesisspd\n|-status|p2a: Scream Tail|psn\n|move|p1a: Gengar|Giga Drain|p2b: Alomomola\n|-supereffective|p2b: Alomomola\n|-damage|p2b: Alomomola|53\/100\n|move|p1b: Arcanine|Flare Blitz|p2a: Scream Tail\n|-damage|p2a: Scream Tail|62\/100 psn\n|-damage|p1b: Arcanine|78\/100|[from] Recoil\n|move|p2b: Alomomola|Wish|p2b: Alomomola\n|\n|-heal|p2b: Alomomola|59\/100|[from] item: Leftovers\n|-damage|p2a: Scream Tail|50\/100 psn|[from] psn\n|-start|p1a: Gengar|perish0\n|-start|p1b: Arcanine|perish0\n|upkeep\n|faint|p1a: Gengar\n|faint|p1b: Arcanine\n|\n|t:|1684152845\n|switch|p1a: Dragonite|Dragonite, L50, M|100\/100\n|switch|p1b: Orthworm|Orthworm, L50, F|75\/100\n|turn|6\n|\n|t:|1684152870\n|switch|p2b: Mafioso|Murkrow, L50, M|100\/100\n|-terastallize|p1a: Dragonite|Normal\n|move|p1a: Dragonite|Extreme Speed|p2a: Scream Tail\n|-damage|p2a: Scream Tail|6\/100 psn\n|move|p2a: Scream Tail|Perish Song|p2a: Scream Tail\n|-start|p1a: Dragonite|perish3|[silent]\n|-start|p1b: Orthworm|perish3|[silent]\n|-start|p2a: Scream Tail|perish3|[silent]\n|-start|p2b: Mafioso|perish3|[silent]\n|-fieldactivate|move: Perish Song\n|move|p1b: Orthworm|Shed Tail|p1b: Orthworm\n|-fail|p1b: Orthworm\n|\n|-damage|p2a: Scream Tail|0 fnt|[from] psn\n|faint|p2a: Scream Tail\n|-end|p2a: Scream Tail|Protosynthesis|[silent]\n|-start|p1a: Dragonite|perish3\n|-start|p2b: Mafioso|perish3\n|-start|p1b: Orthworm|perish3\n|upkeep\n|\n|t:|1684152888\n|switch|p2a: Alomomola|Alomomola, L50, F|92\/100\n|-status|p2a: Alomomola|psn\n|turn|7\n|\n|t:|1684152906\n|move|p2b: Mafioso|Protect|p2b: Mafioso\n|-singleturn|p2b: Mafioso|Protect\n|move|p2a: Alomomola|Protect|p2a: Alomomola\n|-singleturn|p2a: Alomomola|Protect\n|move|p1a: Dragonite|Extreme Speed|p2b: Mafioso\n|-activate|p2b: Mafioso|move: Protect\n|move|p1b: Orthworm|Body Press|p2a: Alomomola\n|-activate|p2a: Alomomola|move: Protect\n|\n|-heal|p2a: Alomomola|98\/100 psn|[from] item: Leftovers\n|-damage|p2a: Alomomola|86\/100 psn|[from] psn\n|-start|p1a: Dragonite|perish2\n|-start|p2b: Mafioso|perish2\n|-start|p1b: Orthworm|perish2\n|upkeep\n|turn|8\n|\n|t:|1684152939\n|-terastallize|p2b: Mafioso|Steel\n|move|p1a: Dragonite|Extreme Speed|p2a: Alomomola\n|-damage|p2a: Alomomola|51\/100 psn\n|move|p2b: Mafioso|Feather Dance|p1a: Dragonite\n|-unboost|p1a: Dragonite|atk|2\n|move|p1b: Orthworm|Heavy Slam|p2b: Mafioso\n|-resisted|p2b: Mafioso\n|-damage|p2b: Mafioso|78\/100\n|move|p2a: Alomomola|Wish|p2a: Alomomola\n|\n|-heal|p2a: Alomomola|57\/100 psn|[from] item: Leftovers\n|-damage|p2a: Alomomola|45\/100 psn|[from] psn\n|-start|p1a: Dragonite|perish1\n|-start|p2b: Mafioso|perish1\n|-start|p1b: Orthworm|perish1\n|upkeep\n|turn|9\n|\n|t:|1684152968\n|move|p2b: Mafioso|Protect|p2b: Mafioso\n|-singleturn|p2b: Mafioso|Protect\n|move|p2a: Alomomola|Protect|p2a: Alomomola\n|-singleturn|p2a: Alomomola|Protect\n|move|p1a: Dragonite|Extreme Speed|p2a: Alomomola\n|-activate|p2a: Alomomola|move: Protect\n|move|p1b: Orthworm|Heavy Slam|p2b: Mafioso\n|-activate|p2b: Mafioso|move: Protect\n|\n|-heal|p2a: Alomomola|95\/100 psn|[from] move: Wish|[wisher] Alomomola\n|-heal|p2a: Alomomola|100\/100 psn|[from] item: Leftovers\n|-damage|p2a: Alomomola|88\/100 psn|[from] psn\n|-start|p1a: Dragonite|perish0\n|-start|p2b: Mafioso|perish0\n|-start|p1b: Orthworm|perish0\n|faint|p1a: Dragonite\n|faint|p2b: Mafioso\n|faint|p1b: Orthworm\n|\n|win|JVsaadi\n|upkeep\n|raw|pmal919's rating: 1140 → 1107<\/strong> (-33 for losing)\n|raw|JVsaadi's rating: 1021 → 1070<\/strong> (+49 for winning)\n","uploadtime":1684152989,"views":5,"p1id":"pmal919","p2id":"jvsaadi","formatid":"gen9vgc2023regulationc","rating":1070,"private":0,"password":""}