{"id":"gen9vgc2023regulationc-1864244863","p1":"ThatObstagoonGuy","p2":"JVsaadi","format":"[Gen 9] VGC 2023 Regulation C","log":"|j|\u2606ThatObstagoonGuy\n|j|\u2606JVsaadi\n|t:|1684143644\n|gametype|doubles\n|player|p1|ThatObstagoonGuy|101|1084\n|player|p2|JVsaadi|170|1027\n|teamsize|p1|6\n|teamsize|p2|6\n|gen|9\n|tier|[Gen 9] VGC 2023 Regulation C\n|rated|\n|rule|Species Clause: Limit one of each Pok\u00e9mon\n|rule|Item Clause: Limit one of each item\n|clearpoke\n|poke|p1|Ting-Lu, L50|\n|poke|p1|Vivillon-Fancy, L50, M|\n|poke|p1|Annihilape, L50, F|\n|poke|p1|Oranguru, L50, F|\n|poke|p1|Abomasnow, L50, M|\n|poke|p1|Iron Bundle, L50|\n|poke|p2|Alomomola, L50, F|\n|poke|p2|Scream Tail, L50|\n|poke|p2|Murkrow, L50, F|\n|poke|p2|Dragapult, L50, M|\n|poke|p2|Cyclizar, L50, F|\n|poke|p2|Gothitelle, L50, F|\n|teampreview|4\n|inactive|Battle timer is ON: inactive players will automatically lose when time's up. (requested by ThatObstagoonGuy)\nThatObstagoonGuy has agreed to open team sheets.\n|inactive|ThatObstagoonGuy has 60 seconds left.\n|\n|t:|1684143686\n|start\n|switch|p1a: Vivillon|Vivillon-Fancy, L50, M|100\/100\n|switch|p1b: Oranguru|Oranguru, L50, F|100\/100\n|switch|p2a: Scream Tail|Scream Tail, L50|100\/100\n|switch|p2b: Alomomola|Alomomola, L50, F|100\/100\n|-enditem|p2a: Scream Tail|Booster Energy\n|-activate|p2a: Scream Tail|ability: Protosynthesis|[fromitem]\n|-start|p2a: Scream Tail|protosynthesisspd\n|turn|1\n|\n|t:|1684143700\n|move|p2a: Scream Tail|Protect|p2a: Scream Tail\n|-singleturn|p2a: Scream Tail|Protect\n|move|p1a: Vivillon|Rage Powder|p1a: Vivillon\n|-singleturn|p1a: Vivillon|move: Rage Powder\n|move|p2b: Alomomola|Wish|p2b: Alomomola\n|move|p1b: Oranguru|Trick Room|p1b: Oranguru\n|-fieldstart|move: Trick Room|[of] p1b: Oranguru\n|\n|upkeep\n|turn|2\n|inactive|ThatObstagoonGuy has 30 seconds left.\n|\n|t:|1684143726\n|switch|p2b: Gothitelle|Gothitelle, L50, F|100\/100\n|move|p1b: Oranguru|Brick Break|p2b: Gothitelle\n|-resisted|p2b: Gothitelle\n|-damage|p2b: Gothitelle|96\/100\n|move|p2a: Scream Tail|Perish Song|p2a: Scream Tail\n|-start|p1a: Vivillon|perish3|[silent]\n|-start|p1b: Oranguru|perish3|[silent]\n|-start|p2a: Scream Tail|perish3|[silent]\n|-start|p2b: Gothitelle|perish3|[silent]\n|-fieldactivate|move: Perish Song\n|move|p1a: Vivillon|Pollen Puff|p2a: Scream Tail\n|-damage|p2a: Scream Tail|83\/100\n|\n|-heal|p2b: Gothitelle|100\/100|[from] move: Wish|[wisher] Alomomola\n|-start|p1b: Oranguru|perish3\n|-start|p2b: Gothitelle|perish3\n|-start|p2a: Scream Tail|perish3\n|-start|p1a: Vivillon|perish3\n|upkeep\n|turn|3\n|inactive|JVsaadi has 30 seconds left.\n|\n|t:|1684143752\n|move|p2b: Gothitelle|Fake Out|p1a: Vivillon\n|-damage|p1a: Vivillon|90\/100\n|move|p1b: Oranguru|Instruct|p1a: Vivillon\n|-singleturn|p1a: Vivillon|move: Instruct|[of] p1b: Oranguru\n|cant|p1a: Vivillon|flinch\n|move|p2a: Scream Tail|Encore|p1b: Oranguru\n|-start|p1b: Oranguru|Encore\n|-enditem|p1b: Oranguru|Mental Herb\n|-end|p1b: Oranguru|Encore\n|cant|p1a: Vivillon|flinch\n|\n|-start|p1b: Oranguru|perish2\n|-start|p2b: Gothitelle|perish2\n|-start|p2a: Scream Tail|perish2\n|-start|p1a: Vivillon|perish2\n|upkeep\n|turn|4\n|\n|t:|1684143774\n|move|p2b: Gothitelle|Protect|p2b: Gothitelle\n|-singleturn|p2b: Gothitelle|Protect\n|move|p2a: Scream Tail|Protect|p2a: Scream Tail\n|-singleturn|p2a: Scream Tail|Protect\n|move|p1b: Oranguru|Instruct|p1a: Vivillon\n|-singleturn|p1a: Vivillon|move: Instruct|[of] p1b: Oranguru\n|move|p1a: Vivillon|Pollen Puff|p2a: Scream Tail\n|-activate|p2a: Scream Tail|move: Protect\n|move|p1a: Vivillon|Pollen Puff|p2b: Gothitelle\n|-activate|p2b: Gothitelle|move: Protect\n|\n|-start|p1b: Oranguru|perish1\n|-start|p2b: Gothitelle|perish1\n|-start|p2a: Scream Tail|perish1\n|-start|p1a: Vivillon|perish1\n|upkeep\n|turn|5\n|inactive|JVsaadi has 30 seconds left.\n|\n|t:|1684143800\n|switch|p2b: Alomomola|Alomomola, L50, F|100\/100\n|-end|p2a: Scream Tail|Protosynthesis|[silent]\n|switch|p2a: Mafioso|Murkrow, L50, F|100\/100\n|move|p1b: Oranguru|Instruct|p1a: Vivillon\n|-singleturn|p1a: Vivillon|move: Instruct|[of] p1b: Oranguru\n|move|p1a: Vivillon|Pollen Puff|p2b: Alomomola\n|-damage|p2b: Alomomola|57\/100\n|move|p1a: Vivillon|Pollen Puff|p2b: Alomomola\n|-damage|p2b: Alomomola|11\/100\n|\n|-heal|p2b: Alomomola|17\/100|[from] item: Leftovers\n|-start|p1b: Oranguru|perish0\n|-start|p1a: Vivillon|perish0\n|-fieldend|move: Trick Room\n|upkeep\n|faint|p1b: Oranguru\n|faint|p1a: Vivillon\n|\n|t:|1684143814\n|switch|p1a: Ting-Lu|Ting-Lu, L50|100\/100\n|switch|p1b: Abomasnow|Abomasnow, L50, M|100\/100\n|-weather|Snow|[from] ability: Snow Warning|[of] p1b: Abomasnow\n|-ability|p1a: Ting-Lu|Vessel of Ruin\n|turn|6\n|\n|t:|1684143838\n|-terastallize|p2a: Mafioso|Steel\n|-terastallize|p1b: Abomasnow|Ice\n|move|p2b: Alomomola|Protect|p2b: Alomomola\n|-singleturn|p2b: Alomomola|Protect\n|move|p2a: Mafioso|Perish Song|p2a: Mafioso\n|-start|p1a: Ting-Lu|perish3|[silent]\n|-start|p1b: Abomasnow|perish3|[silent]\n|-start|p2a: Mafioso|perish3|[silent]\n|-start|p2b: Alomomola|perish3|[silent]\n|-fieldactivate|move: Perish Song\n|move|p1b: Abomasnow|Blizzard|p2b: Alomomola|[spread] p2a\n|-activate|p2b: Alomomola|move: Protect\n|-resisted|p2a: Mafioso\n|-damage|p2a: Mafioso|80\/100\n|move|p1a: Ting-Lu|Rock Slide|p2a: Mafioso|[spread] p2a\n|-activate|p2b: Alomomola|move: Protect\n|-resisted|p2a: Mafioso\n|-damage|p2a: Mafioso|65\/100\n|\n|-weather|Snow|[upkeep]\n|-heal|p2b: Alomomola|23\/100|[from] item: Leftovers\n|-start|p2a: Mafioso|perish3\n|-start|p2b: Alomomola|perish3\n|-start|p1b: Abomasnow|perish3\n|-start|p1a: Ting-Lu|perish3\n|upkeep\n|turn|7\n|-message|ThatObstagoonGuy forfeited.\n|\n|win|JVsaadi\n|raw|ThatObstagoonGuy's rating: 1084 → 1058<\/strong> (-26 for losing)\n|raw|JVsaadi's rating: 1027 → 1069<\/strong> (+42 for winning)\n","uploadtime":1684143861,"views":15,"p1id":"thatobstagoonguy","p2id":"jvsaadi","formatid":"gen9vgc2023regulationc","rating":1058,"private":0,"password":""}