{"id":"gen9vgc2023regulationc-1863822252","p1":"Ryugami0","p2":"Luminetor","format":"[Gen 9] VGC 2023 Regulation C","log":"|j|\u2606Ryugami0\n|j|\u2606Luminetor\n|t:|1684081943\n|gametype|doubles\n|player|p1|Ryugami0|brycenman|\n|player|p2|Luminetor|265|\n|teamsize|p1|6\n|teamsize|p2|6\n|gen|9\n|tier|[Gen 9] VGC 2023 Regulation C\n|rule|Species Clause: Limit one of each Pok\u00e9mon\n|rule|Item Clause: Limit one of each item\n|clearpoke\n|poke|p1|Palafin, L50, M|\n|poke|p1|Arcanine, L50, F|\n|poke|p1|Amoonguss, L50, F|\n|poke|p1|Ting-Lu, L50|\n|poke|p1|Iron Hands, L50|\n|poke|p1|Flutter Mane, L50|\n|poke|p2|Tatsugiri, L50, F|\n|poke|p2|Dondozo, L50, M|\n|poke|p2|Glimmora, L50, F|\n|poke|p2|Flutter Mane, L50|\n|poke|p2|Chi-Yu, L50|\n|poke|p2|Iron Bundle, L50|\n|teampreview|4\n|inactive|Battle timer is ON: inactive players will automatically lose when time's up. (requested by Ryugami0)\nLuminetor has agreed to open team sheets.\n|c|\u2606Luminetor|Wait man\n|c|\u2606Luminetor|Stop the timer\n|c|\u2606Luminetor|please\n|inactiveoff|Battle timer is now OFF.\nRyugami0 has agreed to open team sheets.\n|c|\u2606Ryugami0|sono ita eh ahaha\n|c|\u2606Luminetor|Ah ok ahahah scusa\n|c|\u2606Luminetor|Possiamo aprire tutti i game per favore ?\n|c|\u2606Ryugami0|okok\n|c|\u2606Luminetor|Questo \u00e8 G1\n|c|\u2606Ryugami0|glhf\n|c|\u2606Luminetor|Grazie mille e buona fortuna\n|\n|t:|1684082075\n|start\n|switch|p1a: Iron Hands|Iron Hands, L50|100\/100\n|switch|p1b: Palafin|Palafin, L50, M|100\/100\n|switch|p2a: Glimmora|Glimmora, L50, F|100\/100\n|switch|p2b: Dondozo|Dondozo, L50, M|100\/100\n|turn|1\n|\n|t:|1684082100\n|detailschange|p1b: Palafin|Palafin-Hero, L50, M\n|switch|p1b: Amoonguss|Amoonguss, L50, F|100\/100\n|-terastallize|p2a: Glimmora|Grass\n|move|p2b: Dondozo|Protect|p2b: Dondozo\n|-singleturn|p2b: Dondozo|Protect\n|move|p1a: Iron Hands|Fake Out|p2b: Dondozo\n|-activate|p2b: Dondozo|move: Protect\n|move|p2a: Glimmora|Power Gem|p1b: Amoonguss\n|-damage|p1b: Amoonguss|62\/100\n|\n|upkeep\n|turn|2\n|\n|t:|1684082148\n|switch|p1b: Palafin|Palafin-Hero, L50, M|100\/100\n|-activate|p1b: Palafin|ability: Zero to Hero\n|move|p2a: Glimmora|Mortal Spin|p1a: Iron Hands|[spread] p1a,p1b\n|-damage|p1a: Iron Hands|98\/100\n|-damage|p1b: Palafin|96\/100\n|-status|p1a: Iron Hands|psn\n|-status|p1b: Palafin|psn\n|move|p2b: Dondozo|Earthquake|p1a: Iron Hands|[spread] p2a,p1a,p1b\n|-resisted|p2a: Glimmora\n|-supereffective|p1a: Iron Hands\n|-damage|p2a: Glimmora|90\/100\n|-damage|p1a: Iron Hands|70\/100 psn\n|-damage|p1b: Palafin|78\/100 psn\n|-activate|p2a: Glimmora|ability: Toxic Debris\n|-sidestart|p1: Ryugami0|move: Toxic Spikes\n|move|p1a: Iron Hands|Drain Punch|p2a: Glimmora\n|-crit|p2a: Glimmora\n|-damage|p2a: Glimmora|34\/100\n|-heal|p1a: Iron Hands|92\/100 psn|[from] drain|[of] p2a: Glimmora\n|-activate|p2a: Glimmora|ability: Toxic Debris\n|-sidestart|p1: Ryugami0|move: Toxic Spikes\n|\n|-damage|p1b: Palafin|66\/100 psn|[from] psn\n|-damage|p1a: Iron Hands|79\/100 psn|[from] psn\n|upkeep\n|turn|3\n|\n|t:|1684082188\n|switch|p1b: Amoonguss|Amoonguss, L50, F|95\/100\n|-sideend|p1: Ryugami0|move: Toxic Spikes|[of] p1b: Amoonguss\n|-terastallize|p1a: Iron Hands|Grass\n|move|p2a: Glimmora|Energy Ball|p1a: Iron Hands\n|-resisted|p1a: Iron Hands\n|-damage|p1a: Iron Hands|68\/100 psn\n|move|p2b: Dondozo|Wave Crash|p1a: Iron Hands\n|-resisted|p1a: Iron Hands\n|-damage|p1a: Iron Hands|50\/100 psn\n|-damage|p2b: Dondozo|94\/100|[from] Recoil\n|move|p1a: Iron Hands|Volt Switch|p2b: Dondozo\n|-supereffective|p2b: Dondozo\n|-crit|p2b: Dondozo\n|-damage|p2b: Dondozo|59\/100\n|\n|t:|1684082201\n|-end|p1a: Iron Hands|Quark Drive|[silent]\n|switch|p1a: Palafin|Palafin-Hero, L50, M|66\/100 psn|[from] Volt Switch\n|\n|-heal|p2b: Dondozo|65\/100|[from] item: Leftovers\n|-damage|p1a: Palafin|54\/100 psn|[from] psn\n|upkeep\n|turn|4\n|\n|t:|1684082223\n|switch|p1a: Iron Hands|Iron Hands, L50, tera:Grass|50\/100 psn\n|move|p2a: Glimmora|Energy Ball|p1a: Iron Hands\n|-resisted|p1a: Iron Hands\n|-damage|p1a: Iron Hands|38\/100 psn\n|move|p2b: Dondozo|Wave Crash|p1a: Iron Hands\n|-resisted|p1a: Iron Hands\n|-damage|p1a: Iron Hands|20\/100 psn\n|-damage|p2b: Dondozo|58\/100|[from] Recoil\n|move|p1b: Amoonguss|Pollen Puff|p1a: Iron Hands\n|-heal|p1a: Iron Hands|70\/100 psn\n|\n|-heal|p2b: Dondozo|65\/100|[from] item: Leftovers\n|-damage|p1a: Iron Hands|58\/100 psn|[from] psn\n|upkeep\n|turn|5\n|\n|t:|1684082260\n|switch|p2a: Flutter Mane|Flutter Mane, L50|100\/100\n|switch|p2b: Iron Bundle|Iron Bundle, L50|100\/100\n|-enditem|p2b: Iron Bundle|Booster Energy\n|-activate|p2b: Iron Bundle|ability: Quark Drive|[fromitem]\n|-start|p2b: Iron Bundle|quarkdrivespe\n|move|p1a: Iron Hands|Fake Out|p2b: Iron Bundle\n|-damage|p2b: Iron Bundle|82\/100\n|move|p1b: Amoonguss|Pollen Puff|p1a: Iron Hands\n|-heal|p1a: Iron Hands|100\/100 psn\n|\n|-damage|p1a: Iron Hands|88\/100 psn|[from] psn\n|upkeep\n|turn|6\n|\n|t:|1684082287\n|-end|p2a: Flutter Mane|Protosynthesis|[silent]\n|switch|p2a: Glimmora|Glimmora, L50, F, tera:Grass|34\/100\n|move|p2b: Iron Bundle|Protect|p2b: Iron Bundle\n|-singleturn|p2b: Iron Bundle|Protect\n|move|p1b: Amoonguss|Rage Powder|p1b: Amoonguss\n|-singleturn|p1b: Amoonguss|move: Rage Powder\n|move|p1a: Iron Hands|Drain Punch|p2b: Iron Bundle\n|-activate|p2b: Iron Bundle|move: Protect\n|\n|-damage|p1a: Iron Hands|76\/100 psn|[from] psn\n|upkeep\n|turn|7\n|\n|t:|1684082310\n|-end|p2b: Iron Bundle|Quark Drive|[silent]\n|switch|p2b: Dondozo|Dondozo, L50, M|65\/100\n|move|p2a: Glimmora|Sludge Bomb|p1a: Iron Hands\n|-supereffective|p1a: Iron Hands\n|-damage|p1a: Iron Hands|32\/100 psn\n|move|p1a: Iron Hands|Volt Switch|p2a: Glimmora\n|-resisted|p2a: Glimmora\n|-damage|p2a: Glimmora|30\/100\n|\n|t:|1684082319\n|-end|p1a: Iron Hands|Quark Drive|[silent]\n|switch|p1a: Flutter Mane|Flutter Mane, L50|100\/100|[from] Volt Switch\n|move|p1b: Amoonguss|Pollen Puff|p2a: Glimmora\n|-supereffective|p2a: Glimmora\n|-damage|p2a: Glimmora|8\/100\n|\n|-heal|p2b: Dondozo|71\/100|[from] item: Leftovers\n|upkeep\n|turn|8\n|\n|t:|1684082351\n|move|p1b: Amoonguss|Rage Powder|p1b: Amoonguss\n|-singleturn|p1b: Amoonguss|move: Rage Powder\n|move|p1a: Flutter Mane|Dazzling Gleam|p2a: Glimmora|[spread] p2a,p2b\n|-damage|p2a: Glimmora|0 fnt\n|-damage|p2b: Dondozo|24\/100\n|faint|p2a: Glimmora\n|move|p2b: Dondozo|Wave Crash|p1b: Amoonguss\n|-resisted|p1b: Amoonguss\n|-damage|p1b: Amoonguss|75\/100\n|-damage|p2b: Dondozo|18\/100|[from] Recoil\n|\n|-heal|p2b: Dondozo|24\/100|[from] item: Leftovers\n|upkeep\n|\n|t:|1684082357\n|switch|p2a: Flutter Mane|Flutter Mane, L50|100\/100\n|turn|9\n|\n|t:|1684082373\n|move|p1b: Amoonguss|Rage Powder|p1b: Amoonguss\n|-singleturn|p1b: Amoonguss|move: Rage Powder\n|move|p1a: Flutter Mane|Dazzling Gleam|p2b: Dondozo|[spread] p2a,p2b\n|-damage|p2a: Flutter Mane|55\/100\n|-damage|p2b: Dondozo|0 fnt\n|faint|p2b: Dondozo\n|move|p2a: Flutter Mane|Shadow Ball|p1b: Amoonguss\n|-damage|p1b: Amoonguss|17\/100\n|-enditem|p1b: Amoonguss|Sitrus Berry|[eat]\n|-heal|p1b: Amoonguss|42\/100|[from] item: Sitrus Berry\n|\n|upkeep\n|\n|t:|1684082382\n|switch|p2b: Iron Bundle|Iron Bundle, L50|82\/100\n|turn|10\n|\n|t:|1684082402\n|move|p1b: Amoonguss|Rage Powder|p1b: Amoonguss\n|-singleturn|p1b: Amoonguss|move: Rage Powder\n|move|p2b: Iron Bundle|Icy Wind|p1a: Flutter Mane|[spread] p1a,p1b\n|-supereffective|p1b: Amoonguss\n|-damage|p1a: Flutter Mane|77\/100\n|-damage|p1b: Amoonguss|3\/100\n|-unboost|p1a: Flutter Mane|spe|1\n|-unboost|p1b: Amoonguss|spe|1\n|move|p2a: Flutter Mane|Shadow Ball|p1b: Amoonguss\n|-damage|p1b: Amoonguss|0 fnt\n|faint|p1b: Amoonguss\n|move|p1a: Flutter Mane|Dazzling Gleam|p2a: Flutter Mane|[spread] p2a,p2b\n|-damage|p2a: Flutter Mane|12\/100\n|-damage|p2b: Iron Bundle|0 fnt\n|faint|p2b: Iron Bundle\n|-end|p2b: Iron Bundle|Quark Drive|[silent]\n|\n|upkeep\n|c|\u2606Luminetor|gg\n|\n|t:|1684082415\n|switch|p1b: Palafin|Palafin-Hero, L50, M|54\/100 psn\n|turn|11\n|c|\u2606Ryugami0|gg\n|-message|Luminetor forfeited.\n|\n|win|Ryugami0\n|l|\u2606Luminetor\n|l|\u2606Ryugami0\n|j|\u2606Ryugami0\n|player|p1|Ryugami0|brycenman\n","uploadtime":1684082424,"views":10,"p1id":"ryugami0","p2id":"luminetor","formatid":"gen9vgc2023regulationc","rating":0,"private":0,"password":""}