{"id":"gen9vgc2023regulationc-1854218153","p1":"SierraDawn","p2":"Samupokexperto","format":"[Gen 9] VGC 2023 Regulation C","log":"|j|\u2606SierraDawn\n|j|\u2606Samupokexperto\n|t:|1682784901\n|gametype|doubles\n|player|p1|SierraDawn|265|\n|player|p2|Samupokexperto|2|\n|teamsize|p1|6\n|teamsize|p2|6\n|gen|9\n|tier|[Gen 9] VGC 2023 Regulation C\n|rule|Species Clause: Limit one of each Pok\u00e9mon\n|rule|Item Clause: Limit one of each item\n|clearpoke\n|poke|p1|Torkoal, L50, F|\n|poke|p1|Jumpluff, L50, F|\n|poke|p1|Great Tusk, L50|\n|poke|p1|Flutter Mane, L50|\n|poke|p1|Slither Wing, L50|\n|poke|p1|Chien-Pao, L50|\n|poke|p2|Dragonite, L50, M|\n|poke|p2|Arcanine, L50, M|\n|poke|p2|Chien-Pao, L50|\n|poke|p2|Palafin, L50, M|\n|poke|p2|Amoonguss, L50, F|\n|poke|p2|Gholdengo, L50|\n|teampreview|4\n|inactive|Battle timer is ON: inactive players will automatically lose when time's up. (requested by SierraDawn)\nSamupokexperto has agreed to open team sheets.\nSierraDawn has agreed to open team sheets.\n|inactive|SierraDawn has 60 seconds left.\n|\n|t:|1682784962\n|start\n|switch|p1a: Great Tusk|Great Tusk, L50|100\/100\n|switch|p1b: Chien-Pao|Chien-Pao, L50|100\/100\n|switch|p2a: Dragonite|Dragonite, L50, M|100\/100\n|switch|p2b: Chien-Pao|Chien-Pao, L50|100\/100\n|-ability|p1b: Chien-Pao|Sword of Ruin\n|-ability|p2b: Chien-Pao|Sword of Ruin\n|turn|1\n|inactive|SierraDawn has 30 seconds left.\n|inactive|Samupokexperto has 30 seconds left.\n|inactive|SierraDawn has 20 seconds left.\n|inactive|Samupokexperto has 20 seconds left.\n|inactive|SierraDawn has 15 seconds left.\n|\n|t:|1682785005\n|switch|p2a: Arcanine|Arcanine, L50, M|100\/100\n|-ability|p2a: Arcanine|Intimidate|boost\n|-unboost|p1a: Great Tusk|atk|1\n|-unboost|p1b: Chien-Pao|atk|1\n|-terastallize|p1b: Chien-Pao|Flying\n|move|p2b: Chien-Pao|Protect|p2b: Chien-Pao\n|-singleturn|p2b: Chien-Pao|Protect\n|move|p1a: Great Tusk|Rock Slide|p2b: Chien-Pao|[spread] p2a\n|-activate|p2b: Chien-Pao|move: Protect\n|-supereffective|p2a: Arcanine\n|-damage|p2a: Arcanine|58\/100\n|move|p1b: Chien-Pao|Ice Spinner|p2a: Arcanine\n|-resisted|p2a: Arcanine\n|-damage|p2a: Arcanine|40\/100\n|\n|upkeep\n|turn|2\n|inactive|Samupokexperto has 30 seconds left.\n|inactive|Samupokexperto has 20 seconds left.\n|\n|t:|1682785041\n|move|p2a: Arcanine|Extreme Speed|p1b: Chien-Pao\n|-damage|p1b: Chien-Pao|68\/100\n|move|p1a: Great Tusk|Rock Slide|p2b: Chien-Pao|[spread] p2a,p2b\n|-supereffective|p2a: Arcanine\n|-supereffective|p2b: Chien-Pao\n|-damage|p2a: Arcanine|0 fnt\n|-damage|p2b: Chien-Pao|63\/100\n|faint|p2a: Arcanine\n|move|p2b: Chien-Pao|Ice Spinner|p1b: Chien-Pao\n|-supereffective|p1b: Chien-Pao\n|-damage|p1b: Chien-Pao|0 fnt\n|faint|p1b: Chien-Pao\n|\n|upkeep\n|\n|t:|1682785061\n|switch|p1b: Flutter Mane|Flutter Mane, L50|100\/100\n|switch|p2a: Dragonite|Dragonite, L50, M|100\/100\n|turn|3\n|\n|t:|1682785085\n|-terastallize|p2a: Dragonite|Normal\n|move|p2b: Chien-Pao|Protect|p2b: Chien-Pao\n|-singleturn|p2b: Chien-Pao|Protect\n|move|p1a: Great Tusk|Rock Slide|p2a: Dragonite|[spread] p2a\n|-activate|p2b: Chien-Pao|move: Protect\n|-damage|p2a: Dragonite|89\/100\n|move|p1b: Flutter Mane|Moonblast|p2a: Dragonite\n|-damage|p2a: Dragonite|13\/100\n|move|p2a: Dragonite|Earthquake|p1a: Great Tusk|[spread] p1a,p1b\n|-activate|p2b: Chien-Pao|move: Protect\n|-damage|p1a: Great Tusk|57\/100\n|-damage|p1b: Flutter Mane|21\/100\n|\n|upkeep\n|turn|4\n|\n|t:|1682785105\n|switch|p2a: Gholdengo|Gholdengo, L50|100\/100\n|move|p2b: Chien-Pao|Sucker Punch|p1b: Flutter Mane\n|-damage|p1b: Flutter Mane|0 fnt\n|faint|p1b: Flutter Mane\n|-end|p1b: Flutter Mane|Protosynthesis|[silent]\n|move|p1a: Great Tusk|Rock Slide|p2a: Gholdengo|[spread] p2a,p2b\n|-resisted|p2a: Gholdengo\n|-supereffective|p2b: Chien-Pao\n|-damage|p2a: Gholdengo|93\/100\n|-damage|p2b: Chien-Pao|25\/100\n|\n|-heal|p2a: Gholdengo|99\/100|[from] item: Leftovers\n|upkeep\n|\n|t:|1682785115\n|switch|p1b: Slither Wing|Slither Wing, L50|100\/100\n|turn|5\n|inactive|SierraDawn has 30 seconds left.\n|inactive|Samupokexperto has 30 seconds left.\n|inactive|SierraDawn has 20 seconds left.\n|inactive|Samupokexperto has 20 seconds left.\n|\n|t:|1682785153\n|move|p2b: Chien-Pao|Protect|p2b: Chien-Pao\n|-singleturn|p2b: Chien-Pao|Protect\n|move|p2a: Gholdengo|Protect|p2a: Gholdengo\n|-singleturn|p2a: Gholdengo|Protect\n|move|p1a: Great Tusk|Rock Slide|p2a: Gholdengo|[spread] \n|-activate|p2a: Gholdengo|move: Protect\n|-activate|p2b: Chien-Pao|move: Protect\n|move|p1b: Slither Wing|Flare Blitz|p2a: Gholdengo\n|-activate|p2a: Gholdengo|move: Protect\n|\n|-heal|p2a: Gholdengo|100\/100|[from] item: Leftovers\n|upkeep\n|turn|6\n|inactive|SierraDawn has 30 seconds left.\n|inactive|Samupokexperto has 30 seconds left.\n|inactive|SierraDawn has 20 seconds left.\n|inactive|Samupokexperto has 20 seconds left.\n|inactive|Samupokexperto has 15 seconds left.\n|inactive|Samupokexperto has 10 seconds left.\n|\n|t:|1682785202\n|move|p1a: Great Tusk|Rock Slide|p2b: Chien-Pao|[spread] p2a,p2b\n|-resisted|p2a: Gholdengo\n|-supereffective|p2b: Chien-Pao\n|-damage|p2a: Gholdengo|93\/100\n|-damage|p2b: Chien-Pao|0 fnt\n|faint|p2b: Chien-Pao\n|cant|p2a: Gholdengo|flinch\n|move|p1b: Slither Wing|Flare Blitz|p2a: Gholdengo\n|-supereffective|p2a: Gholdengo\n|-damage|p2a: Gholdengo|18\/100\n|-damage|p1b: Slither Wing|75\/100|[from] Recoil\n|\n|-heal|p2a: Gholdengo|24\/100|[from] item: Leftovers\n|upkeep\n|\n|t:|1682785214\n|switch|p2b: Dragonite|Dragonite, L50, M, tera:Normal|13\/100\n|turn|7\n|inactive|SierraDawn has 30 seconds left.\n|\n|t:|1682785243\n|move|p2b: Dragonite|Extreme Speed|p1a: Great Tusk\n|-damage|p1a: Great Tusk|4\/100\n|move|p1a: Great Tusk|Rock Slide|p2a: Gholdengo|[spread] p2a,p2b\n|-resisted|p2a: Gholdengo\n|-damage|p2a: Gholdengo|19\/100\n|-damage|p2b: Dragonite|0 fnt\n|faint|p2b: Dragonite\n|move|p2a: Gholdengo|Shadow Ball|p1b: Slither Wing\n|-damage|p1b: Slither Wing|51\/100\n|-unboost|p1b: Slither Wing|spd|1\n|move|p1b: Slither Wing|Flare Blitz|p2a: Gholdengo\n|-supereffective|p2a: Gholdengo\n|-damage|p2a: Gholdengo|0 fnt\n|faint|p2a: Gholdengo\n|-damage|p1b: Slither Wing|45\/100|[from] Recoil\n|\n|win|SierraDawn\n|c|\u2606SierraDawn|gg\n","uploadtime":1682785295,"views":16,"p1id":"sierradawn","p2id":"samupokexperto","formatid":"gen9vgc2023regulationc","rating":0,"private":0,"password":""}