{"id":"gen9vgc2023regulationc-1855408735","p1":"Tronplex","p2":"rj2023","format":"[Gen 9] VGC 2023 Regulation C","log":"|j|\u2606Tronplex\n|j|\u2606rj2023\n|t:|1682948557\n|gametype|doubles\n|player|p1|Tronplex|1|1244\n|player|p2|rj2023|cynthia-gen4|1253\n|teamsize|p1|6\n|teamsize|p2|6\n|gen|9\n|tier|[Gen 9] VGC 2023 Regulation C\n|rated|\n|rule|Species Clause: Limit one of each Pok\u00e9mon\n|rule|Item Clause: Limit one of each item\n|clearpoke\n|poke|p1|Chi-Yu, L50|\n|poke|p1|Magnezone, L50|\n|poke|p1|Gyarados, L50, M|\n|poke|p1|Chien-Pao, L50|\n|poke|p1|Great Tusk, L50|\n|poke|p1|Flutter Mane, L50|\n|poke|p2|Wo-Chien, L50|\n|poke|p2|Azumarill, L50, M|\n|poke|p2|Gothitelle, L50, M|\n|poke|p2|Ting-Lu, L50|\n|poke|p2|Arcanine, L50, M|\n|poke|p2|Glimmora, L50, M|\n|teampreview|4\n|inactive|Battle timer is ON: inactive players will automatically lose when time's up. (requested by rj2023)\n|inactive|Tronplex has 60 seconds left.\n|\n|t:|1682948614\n|start\n|switch|p1a: Gyarados|Gyarados, L50, M|100\/100\n|switch|p1b: Chien-Pao|Chien-Pao, L50|100\/100\n|switch|p2a: Arcanine|Arcanine, L50, M|100\/100\n|switch|p2b: Wo-Chien|Wo-Chien, L50|100\/100\n|-ability|p1b: Chien-Pao|Sword of Ruin\n|-ability|p2a: Arcanine|Intimidate|boost\n|-unboost|p1a: Gyarados|atk|1\n|-unboost|p1b: Chien-Pao|atk|1\n|-ability|p1a: Gyarados|Intimidate|boost\n|-unboost|p2a: Arcanine|atk|1\n|-unboost|p2b: Wo-Chien|atk|1\n|-ability|p2b: Wo-Chien|Tablets of Ruin\n|turn|1\n|inactive|Tronplex has 30 seconds left.\n|\n|t:|1682948641\n|-terastallize|p2b: Wo-Chien|Fairy\n|move|p2a: Arcanine|Protect|p2a: Arcanine\n|-singleturn|p2a: Arcanine|Protect\n|move|p1b: Chien-Pao|Ice Spinner|p2b: Wo-Chien\n|-damage|p2b: Wo-Chien|75\/100\n|move|p1a: Gyarados|Thunder Wave|p2a: Arcanine\n|-activate|p2a: Arcanine|move: Protect\n|move|p2b: Wo-Chien|Leech Seed|p1a: Gyarados|[miss]\n|-miss|p2b: Wo-Chien|p1a: Gyarados\n|\n|-heal|p2b: Wo-Chien|81\/100|[from] item: Leftovers\n|upkeep\n|turn|2\n|inactive|Tronplex has 30 seconds left.\n|\n|t:|1682948669\n|move|p1b: Chien-Pao|Throat Chop|p2a: Arcanine\n|-damage|p2a: Arcanine|73\/100\n|-start|p2a: Arcanine|Throat Chop|[silent]\n|move|p2a: Arcanine|Will-O-Wisp|p1b: Chien-Pao\n|-status|p1b: Chien-Pao|brn\n|move|p1a: Gyarados|Thunder Wave|p2b: Wo-Chien\n|-status|p2b: Wo-Chien|par\n|cant|p2b: Wo-Chien|par\n|\n|-heal|p2b: Wo-Chien|87\/100 par|[from] item: Leftovers\n|-damage|p1b: Chien-Pao|95\/100 brn|[from] brn\n|upkeep\n|turn|3\n|inactive|Tronplex has 30 seconds left.\n|inactive|Tronplex has 20 seconds left.\n|\n|t:|1682948708\n|switch|p1b: Great Tusk|Great Tusk, L50|100\/100\n|move|p2a: Arcanine|Will-O-Wisp|p1a: Gyarados\n|-status|p1a: Gyarados|brn\n|-enditem|p1a: Gyarados|Lum Berry|[eat]\n|-curestatus|p1a: Gyarados|brn|[msg]\n|move|p1a: Gyarados|Thunder Wave|p2a: Arcanine\n|-status|p2a: Arcanine|par\n|move|p2b: Wo-Chien|Leech Seed|p1a: Gyarados\n|-start|p1a: Gyarados|move: Leech Seed\n|\n|-heal|p2b: Wo-Chien|94\/100 par|[from] item: Leftovers\n|-damage|p1a: Gyarados|88\/100|[from] Leech Seed|[of] p2b: Wo-Chien\n|-heal|p2b: Wo-Chien|100\/100 par|[silent]\n|-end|p2a: Arcanine|Throat Chop|[silent]\n|upkeep\n|turn|4\n|\n|t:|1682948728\n|cant|p2a: Arcanine|par\n|move|p1b: Great Tusk|Headlong Rush|p2a: Arcanine\n|-supereffective|p2a: Arcanine\n|-damage|p2a: Arcanine|0 fnt\n|-unboost|p1b: Great Tusk|def|1\n|-unboost|p1b: Great Tusk|spd|1\n|faint|p2a: Arcanine\n|move|p1a: Gyarados|Taunt|p2b: Wo-Chien\n|-start|p2b: Wo-Chien|move: Taunt\n|cant|p2b: Wo-Chien|move: Taunt|Leech Seed\n|\n|-damage|p1a: Gyarados|76\/100|[from] Leech Seed|[of] p2b: Wo-Chien\n|upkeep\n|\n|t:|1682948739\n|switch|p2a: Azumarill|Azumarill, L50, M|100\/100\n|turn|5\n|\n|t:|1682948759\n|-end|p1b: Great Tusk|Protosynthesis|[silent]\n|switch|p1b: Chien-Pao|Chien-Pao, L50|95\/100 brn\n|-ability|p1b: Chien-Pao|Sword of Ruin\n|move|p1a: Gyarados|Thunder Wave|p2a: Azumarill\n|-status|p2a: Azumarill|par\n|move|p2b: Wo-Chien|Knock Off|p1b: Chien-Pao\n|-resisted|p1b: Chien-Pao\n|-damage|p1b: Chien-Pao|85\/100 brn\n|-enditem|p1b: Chien-Pao|Focus Sash|[from] move: Knock Off|[of] p2b: Wo-Chien\n|cant|p2a: Azumarill|par\n|\n|-damage|p1a: Gyarados|63\/100|[from] Leech Seed|[of] p2b: Wo-Chien\n|-damage|p1b: Chien-Pao|79\/100 brn|[from] brn\n|upkeep\n|turn|6\n|inactive|Tronplex has 30 seconds left.\n|inactive|rj2023 has 30 seconds left.\n|\n|t:|1682948788\n|switch|p1a: Great Tusk|Great Tusk, L50|100\/100\n|move|p1b: Chien-Pao|Ice Spinner|p2b: Wo-Chien\n|-damage|p2b: Wo-Chien|83\/100 par\n|move|p2b: Wo-Chien|Pollen Puff|p1b: Chien-Pao\n|-supereffective|p1b: Chien-Pao\n|-damage|p1b: Chien-Pao|15\/100 brn\n|move|p2a: Azumarill|Play Rough|p1a: Great Tusk\n|-supereffective|p1a: Great Tusk\n|-damage|p1a: Great Tusk|47\/100\n|\n|-heal|p2b: Wo-Chien|90\/100 par|[from] item: Leftovers\n|-damage|p1b: Chien-Pao|9\/100 brn|[from] brn\n|-end|p2b: Wo-Chien|move: Taunt\n|upkeep\n|turn|7\n|inactive|Tronplex has 30 seconds left.\n|inactive|Tronplex has 20 seconds left.\n|inactive|Tronplex has 15 seconds left.\n|\n|t:|1682948830\n|-end|p1a: Great Tusk|Protosynthesis|[silent]\n|switch|p1a: Gyarados|Gyarados, L50, M|63\/100\n|-ability|p1a: Gyarados|Intimidate|boost\n|-unboost|p2a: Azumarill|atk|1\n|-unboost|p2b: Wo-Chien|atk|1\n|cant|p2b: Wo-Chien|par\n|move|p1b: Chien-Pao|Ice Spinner|p2b: Wo-Chien\n|-damage|p2b: Wo-Chien|72\/100 par\n|cant|p2a: Azumarill|par\n|\n|-heal|p2b: Wo-Chien|78\/100 par|[from] item: Leftovers\n|-damage|p1b: Chien-Pao|3\/100 brn|[from] brn\n|upkeep\n|turn|8\n|\n|t:|1682948852\n|move|p2b: Wo-Chien|Protect|p2b: Wo-Chien\n|-singleturn|p2b: Wo-Chien|Protect\n|cant|p2a: Azumarill|par\n|move|p1b: Chien-Pao|Ice Spinner|p2b: Wo-Chien\n|-activate|p2b: Wo-Chien|move: Protect\n|move|p1a: Gyarados|Taunt|p2b: Wo-Chien\n|-activate|p2b: Wo-Chien|move: Protect\n|\n|-heal|p2b: Wo-Chien|84\/100 par|[from] item: Leftovers\n|-damage|p1b: Chien-Pao|0 fnt|[from] brn\n|faint|p1b: Chien-Pao\n|upkeep\n|\n|t:|1682948869\n|switch|p1b: Flutter Mane|Flutter Mane, L50|100\/100\n|-enditem|p1b: Flutter Mane|Booster Energy\n|-activate|p1b: Flutter Mane|ability: Protosynthesis|[fromitem]\n|-start|p1b: Flutter Mane|protosynthesisspe\n|turn|9\n|\n|t:|1682948889\n|-terastallize|p1b: Flutter Mane|Fairy\n|move|p1b: Flutter Mane|Moonblast|p2a: Azumarill\n|-damage|p2a: Azumarill|44\/100 par\n|-enditem|p2a: Azumarill|Sitrus Berry|[eat]\n|-heal|p2a: Azumarill|69\/100 par|[from] item: Sitrus Berry\n|move|p1a: Gyarados|Taunt|p2b: Wo-Chien\n|-start|p2b: Wo-Chien|move: Taunt\n|cant|p2b: Wo-Chien|move: Taunt|Leech Seed\n|cant|p2a: Azumarill|par\n|\n|-heal|p2b: Wo-Chien|91\/100 par|[from] item: Leftovers\n|upkeep\n|turn|10\n|\n|t:|1682948912\n|switch|p2b: Ting-Lu|Ting-Lu, L50|100\/100\n|-ability|p2b: Ting-Lu|Vessel of Ruin\n|move|p1b: Flutter Mane|Moonblast|p2a: Azumarill\n|-crit|p2a: Azumarill\n|-damage|p2a: Azumarill|4\/100 par\n|move|p1a: Gyarados|Waterfall|p2b: Ting-Lu\n|-supereffective|p2b: Ting-Lu\n|-damage|p2b: Ting-Lu|52\/100\n|cant|p2a: Azumarill|par\n|\n|upkeep\n|turn|11\n|\n|t:|1682948930\n|cant|p2a: Azumarill|par\n|move|p1b: Flutter Mane|Dazzling Gleam|p2a: Azumarill|[spread] p2a,p2b\n|-supereffective|p2b: Ting-Lu\n|-damage|p2a: Azumarill|0 fnt\n|-damage|p2b: Ting-Lu|23\/100\n|faint|p2a: Azumarill\n|move|p1a: Gyarados|Waterfall|p2b: Ting-Lu\n|-supereffective|p2b: Ting-Lu\n|-damage|p2b: Ting-Lu|0 fnt\n|faint|p2b: Ting-Lu\n|\n|upkeep\n|\n|t:|1682948937\n|switch|p2b: Wo-Chien|Wo-Chien, L50, tera:Fairy|91\/100 par\n|-ability|p2b: Wo-Chien|Tablets of Ruin\n|turn|12\n|\n|t:|1682948947\n|move|p1b: Flutter Mane|Moonblast|p2b: Wo-Chien\n|-damage|p2b: Wo-Chien|55\/100 par\n|move|p1a: Gyarados|Taunt|p2b: Wo-Chien\n|-start|p2b: Wo-Chien|move: Taunt\n|cant|p2b: Wo-Chien|par\n|\n|-heal|p2b: Wo-Chien|61\/100 par|[from] item: Leftovers\n|upkeep\n|turn|13\n|-message|rj2023 forfeited.\n|\n|win|Tronplex\n|raw|Tronplex's rating: 1244 → 1270<\/strong> (+26 for winning)\n|raw|rj2023's rating: 1253 → 1227<\/strong> (-26 for losing)\n|l|\u2606rj2023\n","uploadtime":1682948960,"views":22,"p1id":"tronplex","p2id":"rj2023","formatid":"gen9vgc2023regulationc","rating":1227,"private":0,"password":""}