{"id":"gen9vgc2023regulationc-1859494418","p1":"SilverDragon550","p2":"zippLapZapper","format":"[Gen 9] VGC 2023 Regulation C","log":"|j|\u2606SilverDragon550\n|j|\u2606zippLapZapper\n|t:|1683475577\n|gametype|doubles\n|player|p1|SilverDragon550|silver|\n|player|p2|zippLapZapper|hilbert-wonderlauncher|\n|teamsize|p1|6\n|teamsize|p2|6\n|gen|9\n|tier|[Gen 9] VGC 2023 Regulation C\n|rule|Species Clause: Limit one of each Pok\u00e9mon\n|rule|Item Clause: Limit one of each item\n|clearpoke\n|poke|p1|Roaring Moon, L50|\n|poke|p1|Amoonguss, L50, M|\n|poke|p1|Palafin, L50, M|\n|poke|p1|Flutter Mane, L50|\n|poke|p1|Chien-Pao, L50|\n|poke|p1|Scizor, L50, M|\n|poke|p2|Garchomp, L50, F|\n|poke|p2|Talonflame, L50, M|\n|poke|p2|Flutter Mane, L50|\n|poke|p2|Iron Bundle, L50|\n|poke|p2|Chien-Pao, L50|\n|poke|p2|Tyranitar, L50, M|\n|teampreview|4\n|c|\u2606SilverDragon550|g3\n|c|\u2606zippLapZapper|g3\nzippLapZapper has agreed to open team sheets.\nSilverDragon550 has agreed to open team sheets.\n|c|\u2606SilverDragon550|should we wait?\n|c|\u2606zippLapZapper|i dont think so\n|c|\u2606SilverDragon550|yea\n|c|\u2606SilverDragon550|glhf\n|c|\u2606zippLapZapper|u2\n|c|\u2606SilverDragon550|very intense games\n|inactive|Battle timer is ON: inactive players will automatically lose when time's up. (requested by SilverDragon550)\n|c|\u2606zippLapZapper|yep\n|inactive|SilverDragon550 has 60 seconds left.\n|inactive|SilverDragon550 has 30 seconds left.\n|inactive|SilverDragon550 has 20 seconds left.\n|inactive|SilverDragon550 has 15 seconds left.\n|inactive|SilverDragon550 has 10 seconds left.\n|\n|t:|1683476897\n|start\n|switch|p1a: Eclipse|Roaring Moon, L50|100\/100\n|switch|p1b: Saitama|Palafin, L50, M, shiny|100\/100\n|switch|p2a: Talonflame|Talonflame, L50, M|100\/100\n|switch|p2b: Flutter Mane|Flutter Mane, L50|100\/100\n|-enditem|p1a: Eclipse|Booster Energy\n|-activate|p1a: Eclipse|ability: Protosynthesis|[fromitem]\n|-start|p1a: Eclipse|protosynthesisspe\n|turn|1\n|inactive|SilverDragon550 has 30 seconds left.\n|inactive|zippLapZapper has 30 seconds left.\n|inactive|SilverDragon550 has 20 seconds left.\n|inactive|SilverDragon550 has 15 seconds left.\n|inactive|SilverDragon550 has 10 seconds left.\n|\n|t:|1683476944\n|-terastallize|p2b: Flutter Mane|Water\n|move|p1a: Eclipse|Protect|p1a: Eclipse\n|-singleturn|p1a: Eclipse|Protect\n|move|p1b: Saitama|Protect|p1b: Saitama\n|-singleturn|p1b: Saitama|Protect\n|move|p2a: Talonflame|Tailwind|p2a: Talonflame\n|-sidestart|p2: zippLapZapper|move: Tailwind\n|move|p2b: Flutter Mane|Dazzling Gleam|p1a: Eclipse|[spread] \n|-activate|p1a: Eclipse|move: Protect\n|-activate|p1b: Saitama|move: Protect\n|\n|upkeep\n|turn|2\n|\n|t:|1683476958\n|-terastallize|p1a: Eclipse|Flying\n|move|p1b: Saitama|Jet Punch|p2a: Talonflame\n|-supereffective|p2a: Talonflame\n|-damage|p2a: Talonflame|33\/100\n|move|p2a: Talonflame|Taunt|p1a: Eclipse\n|-start|p1a: Eclipse|move: Taunt\n|move|p2b: Flutter Mane|Dazzling Gleam|p1b: Saitama|[spread] p1a,p1b\n|-crit|p1a: Eclipse\n|-damage|p1a: Eclipse|33\/100\n|-damage|p1b: Saitama|39\/100\n|cant|p1a: Eclipse|move: Taunt|Tailwind\n|\n|upkeep\n|turn|3\n|inactive|SilverDragon550 has 30 seconds left.\n|inactive|SilverDragon550 has 20 seconds left.\n|inactive|SilverDragon550 has 15 seconds left.\n|\n|t:|1683477003\n|move|p1b: Saitama|Protect|p1b: Saitama\n|-singleturn|p1b: Saitama|Protect\n|move|p2a: Talonflame|Will-O-Wisp|p1b: Saitama\n|-activate|p1b: Saitama|move: Protect\n|move|p2b: Flutter Mane|Dazzling Gleam|p1b: Saitama|[spread] p1a\n|-activate|p1b: Saitama|move: Protect\n|-crit|p1a: Eclipse\n|-damage|p1a: Eclipse|0 fnt\n|faint|p1a: Eclipse\n|-end|p1a: Eclipse|Protosynthesis|[silent]\n|\n|upkeep\n|inactive|SilverDragon550 has 30 seconds left.\n|\n|t:|1683477036\n|switch|p1a: SV VGC|Flutter Mane, L50|100\/100\n|turn|4\n|j| flameingpigey2\n|inactive|SilverDragon550 has 30 seconds left.\n|inactive|SilverDragon550 has 20 seconds left.\n|\n|t:|1683477073\n|detailschange|p1b: Saitama|Palafin-Hero, L50, M, shiny\n|switch|p1b: Bing Chiling|Chien-Pao, L50|100\/100\n|-ability|p1b: Bing Chiling|Sword of Ruin\n|move|p2a: Talonflame|Brave Bird|p1a: SV VGC\n|-damage|p1a: SV VGC|17\/100\n|-damage|p2a: Talonflame|8\/100|[from] Recoil\n|move|p2b: Flutter Mane|Dazzling Gleam|p1b: Bing Chiling|[spread] p1a,p1b\n|-supereffective|p1b: Bing Chiling\n|-damage|p1a: SV VGC|0 fnt\n|-enditem|p1b: Bing Chiling|Focus Sash\n|-damage|p1b: Bing Chiling|1\/100\n|faint|p1a: SV VGC\n|-end|p1a: SV VGC|Protosynthesis|[silent]\n|\n|-sideend|p2: zippLapZapper|move: Tailwind\n|upkeep\n|\n|t:|1683477088\n|switch|p1a: Saitama|Palafin-Hero, L50, M, shiny|39\/100\n|-activate|p1a: Saitama|ability: Zero to Hero\n|turn|5\n|\n|t:|1683477105\n|move|p1b: Bing Chiling|Sucker Punch|p2b: Flutter Mane\n|-damage|p2b: Flutter Mane|31\/100\n|move|p1a: Saitama|Jet Punch|p2a: Talonflame\n|-supereffective|p2a: Talonflame\n|-damage|p2a: Talonflame|0 fnt\n|faint|p2a: Talonflame\n|move|p2b: Flutter Mane|Dazzling Gleam|p1a: Saitama|[spread] p1a,p1b\n|-supereffective|p1b: Bing Chiling\n|-damage|p1a: Saitama|0 fnt\n|-damage|p1b: Bing Chiling|0 fnt\n|faint|p1a: Saitama\n|faint|p1b: Bing Chiling\n|\n|win|zippLapZapper\n|c|\u2606zippLapZapper|ggs\n|c|\u2606SilverDragon550|dang\n|c|\u2606SilverDragon550|ggs\n|l| flameingpigey2\n|l|\u2606SilverDragon550\n","uploadtime":1683477379,"views":18,"p1id":"silverdragon550","p2id":"zipplapzapper","formatid":"gen9vgc2023regulationc","rating":0,"private":0,"password":""}