{"id":"gen9vgc2023regulationc-1849684775","p1":"TrainerDylan24","p2":"phongg","format":"[Gen 9] VGC 2023 Regulation C","log":"|j|\u2606TrainerDylan24\n|j|\u2606phongg\n|t:|1682231951\n|gametype|doubles\n|player|p1|TrainerDylan24|swimmerf|1072\n|player|p2|phongg|hugh|1064\n|teamsize|p1|6\n|teamsize|p2|6\n|gen|9\n|tier|[Gen 9] VGC 2023 Regulation C\n|rated|\n|rule|Species Clause: Limit one of each Pok\u00e9mon\n|rule|Item Clause: Limit one of each item\n|clearpoke\n|poke|p1|Annihilape, L50, F|\n|poke|p1|Bellibolt, L50, F|\n|poke|p1|Dondozo, L50, M|\n|poke|p1|Tatsugiri, L50, M|\n|poke|p1|Iron Hands, L50|\n|poke|p1|Kingambit, L50, F|\n|poke|p2|Sandy Shocks, L50|\n|poke|p2|Great Tusk, L50|\n|poke|p2|Gastrodon, L50, M|\n|poke|p2|Rotom-Heat, L50|\n|poke|p2|Brute Bonnet, L50|\n|poke|p2|Ting-Lu, L50|\n|teampreview|4\n|\n|t:|1682232011\n|start\n|switch|p1a: Dondozo|Dondozo, L50, M|100\/100\n|switch|p1b: Tatsugiri|Tatsugiri, L50, M|100\/100\n|switch|p2a: Brute Bonnet|Brute Bonnet, L50|100\/100\n|switch|p2b: Rotom|Rotom-Heat, L50|100\/100\n|-activate|p1b: Tatsugiri|ability: Commander|[of] p1a: Dondozo\n|-boost|p1a: Dondozo|atk|2\n|-boost|p1a: Dondozo|spa|2\n|-boost|p1a: Dondozo|spe|2\n|-boost|p1a: Dondozo|def|2\n|-boost|p1a: Dondozo|spd|2\n|turn|1\n|\n|t:|1682232046\n|move|p2b: Rotom|Will-O-Wisp|p1a: Dondozo\n|-status|p1a: Dondozo|brn\n|move|p1a: Dondozo|Waterfall|p2b: Rotom\n|-supereffective|p2b: Rotom\n|-damage|p2b: Rotom|25\/100\n|move|p2a: Brute Bonnet|Spore||[still]\n|-fail|p2a: Brute Bonnet\n|\n|-damage|p1a: Dondozo|94\/100 brn|[from] brn\n|upkeep\n|turn|2\n|\n|t:|1682232072\n|move|p2b: Rotom|Will-O-Wisp|p1a: Dondozo\n|-fail|p1a: Dondozo|brn\n|move|p1a: Dondozo|Order Up|p2b: Rotom\n|-damage|p2b: Rotom|0 fnt\n|faint|p2b: Rotom\n|-boost|p1a: Dondozo|atk|1\n|move|p2a: Brute Bonnet|Seed Bomb|p1a: Dondozo\n|-supereffective|p1a: Dondozo\n|-damage|p1a: Dondozo|62\/100 brn\n|\n|-heal|p1a: Dondozo|69\/100 brn|[from] item: Leftovers\n|-damage|p1a: Dondozo|62\/100 brn|[from] brn\n|upkeep\n|\n|t:|1682232089\n|switch|p2b: Sandy Shocks|Sandy Shocks, L50|100\/100\n|-enditem|p2b: Sandy Shocks|Booster Energy\n|-activate|p2b: Sandy Shocks|ability: Protosynthesis|[fromitem]\n|-start|p2b: Sandy Shocks|protosynthesisspa\n|turn|3\n|\n|t:|1682232113\n|move|p2b: Sandy Shocks|Protect|p2b: Sandy Shocks\n|-singleturn|p2b: Sandy Shocks|Protect\n|move|p1a: Dondozo|Waterfall|p2b: Sandy Shocks\n|-activate|p2b: Sandy Shocks|move: Protect\n|move|p2a: Brute Bonnet|Seed Bomb|p1a: Dondozo\n|-supereffective|p1a: Dondozo\n|-damage|p1a: Dondozo|30\/100 brn\n|\n|-heal|p1a: Dondozo|36\/100 brn|[from] item: Leftovers\n|-damage|p1a: Dondozo|30\/100 brn|[from] brn\n|upkeep\n|turn|4\n|\n|t:|1682232147\n|move|p2a: Brute Bonnet|Sucker Punch|p1a: Dondozo\n|-damage|p1a: Dondozo|16\/100 brn\n|move|p2b: Sandy Shocks|Earth Power|p1a: Dondozo\n|-damage|p1a: Dondozo|0 fnt\n|faint|p1a: Dondozo\n|\n|upkeep\n|inactive|Battle timer is ON: inactive players will automatically lose when time's up. (requested by phongg)\n|inactive|TrainerDylan24 has 60 seconds left.\n|inactive|TrainerDylan24 has 30 seconds left.\n|inactive|TrainerDylan24 has 20 seconds left.\n|inactive|TrainerDylan24 has 15 seconds left.\n|inactive|TrainerDylan24 has 10 seconds left.\n|inactive|TrainerDylan24 has 5 seconds left.\n|\n|t:|1682232249\n|switch|p1a: Annihilape|Annihilape, L50, F, shiny|100\/100\n|turn|5\n|inactive|phongg has 30 seconds left.\n|\n|t:|1682232282\n|move|p2b: Sandy Shocks|Protect|p2b: Sandy Shocks\n|-singleturn|p2b: Sandy Shocks|Protect\n|move|p1a: Annihilape|Drain Punch|p2a: Brute Bonnet\n|-supereffective|p2a: Brute Bonnet\n|-damage|p2a: Brute Bonnet|17\/100\n|-damage|p1a: Annihilape|91\/100|[from] item: Life Orb\n|move|p1b: Tatsugiri|Icy Wind|p2a: Brute Bonnet|[spread] p2a\n|-activate|p2b: Sandy Shocks|move: Protect\n|-supereffective|p2a: Brute Bonnet\n|-damage|p2a: Brute Bonnet|0 fnt\n|faint|p2a: Brute Bonnet\n|-end|p2a: Brute Bonnet|Protosynthesis|[silent]\n|\n|upkeep\n|\n|t:|1682232293\n|switch|p2a: Great Tusk|Great Tusk, L50|100\/100\n|turn|6\n|inactive|phongg has 30 seconds left.\n|inactive|phongg has 20 seconds left.\n|\n|t:|1682232331\n|move|p2b: Sandy Shocks|Thunderbolt|p1b: Tatsugiri\n|-damage|p1b: Tatsugiri|19\/100\n|move|p1a: Annihilape|Bulk Up|p1a: Annihilape\n|-boost|p1a: Annihilape|atk|1\n|-boost|p1a: Annihilape|def|1\n|move|p1b: Tatsugiri|Icy Wind|p2a: Great Tusk|[spread] p2a,p2b\n|-supereffective|p2a: Great Tusk\n|-supereffective|p2b: Sandy Shocks\n|-damage|p2a: Great Tusk|58\/100\n|-damage|p2b: Sandy Shocks|62\/100\n|-unboost|p2a: Great Tusk|spe|1\n|-unboost|p2b: Sandy Shocks|spe|1\n|move|p2a: Great Tusk|Headlong Rush|p1b: Tatsugiri\n|-damage|p1b: Tatsugiri|0 fnt\n|-unboost|p2a: Great Tusk|def|1\n|-unboost|p2a: Great Tusk|spd|1\n|faint|p1b: Tatsugiri\n|\n|upkeep\n|\n|t:|1682232341\n|switch|p1b: Kingambit|Kingambit, L50, F|100\/100\n|turn|7\n|\n|t:|1682232370\n|-terastallize|p2a: Great Tusk|Ground\n|move|p2b: Sandy Shocks|Protect|p2b: Sandy Shocks\n|-singleturn|p2b: Sandy Shocks|Protect\n|move|p1b: Kingambit|Sucker Punch||[still]\n|-fail|p1b: Kingambit\n|move|p1a: Annihilape|Drain Punch|p2a: Great Tusk\n|-damage|p2a: Great Tusk|0 fnt\n|-heal|p1a: Annihilape|100\/100|[from] drain|[of] p2a: Great Tusk\n|faint|p2a: Great Tusk\n|-end|p2a: Great Tusk|Protosynthesis|[silent]\n|-damage|p1a: Annihilape|91\/100|[from] item: Life Orb\n|\n|upkeep\n|turn|8\n|-message|phongg forfeited.\n|\n|win|TrainerDylan24\n|raw|TrainerDylan24's rating: 1072 → 1101<\/strong> (+29 for winning)\n|raw|phongg's rating: 1064 → 1045<\/strong> (-19 for losing)\n|l|\u2606phongg\n","uploadtime":1682232385,"views":13,"p1id":"trainerdylan24","p2id":"phongg","formatid":"gen9vgc2023regulationc","rating":1045,"private":0,"password":""}