{"id":"gen9vgc2023regulationc-1861809115","p1":"TommeeVGC","p2":"Cool Muffins","format":"[Gen 9] VGC 2023 Regulation C","log":"|j|\u2606TommeeVGC\n|j|\u2606Cool Muffins\n|t:|1683810902\n|gametype|doubles\n|player|p1|TommeeVGC|ethan|1352\n|player|p2|Cool Muffins|266|1252\n|teamsize|p1|6\n|teamsize|p2|6\n|gen|9\n|tier|[Gen 9] VGC 2023 Regulation C\n|rated|\n|rule|Species Clause: Limit one of each Pok\u00e9mon\n|rule|Item Clause: Limit one of each item\n|clearpoke\n|poke|p1|Vivillon-Fancy, L50, F|\n|poke|p1|Ceruledge, L50, M|\n|poke|p1|Abomasnow, L50, M|\n|poke|p1|Iron Bundle, L50|\n|poke|p1|Bronzong, L50|\n|poke|p1|Ting-Lu, L50|\n|poke|p2|Gastrodon, L50, M|\n|poke|p2|Flutter Mane, L50|\n|poke|p2|Chi-Yu, L50|\n|poke|p2|Amoonguss, L50, F|\n|poke|p2|Annihilape, L50, F|\n|poke|p2|Scream Tail, L50|\n|teampreview|4\nCool Muffins has agreed to open team sheets.\nTommeeVGC has agreed to open team sheets.\n|inactive|Battle timer is ON: inactive players will automatically lose when time's up. (requested by TommeeVGC)\n|\n|t:|1683810981\n|start\n|switch|p1a: Vivillon|Vivillon-Fancy, L50, F|100\/100\n|switch|p1b: Ting-Lu|Ting-Lu, L50|100\/100\n|switch|p2a: Gastrodon|Gastrodon, L50, M|100\/100\n|switch|p2b: Amoonguss|Amoonguss, L50, F|100\/100\n|-ability|p1b: Ting-Lu|Vessel of Ruin\n|turn|1\n|inactive|Cool Muffins has 30 seconds left.\n|inactive|Cool Muffins has 20 seconds left.\n|\n|t:|1683811017\n|-terastallize|p1b: Ting-Lu|Ground\n|move|p1a: Vivillon|Safeguard|p1a: Vivillon\n|-sidestart|p1: TommeeVGC|Safeguard\n|move|p1b: Ting-Lu|Earthquake|p2a: Gastrodon|[spread] p2a,p2b\n|-immune|p1a: Vivillon\n|-damage|p2a: Gastrodon|23\/100\n|-damage|p2b: Amoonguss|40\/100\n|move|p2a: Gastrodon|Muddy Water|p1a: Vivillon|[spread] p1a,p1b\n|-supereffective|p1b: Ting-Lu\n|-crit|p1b: Ting-Lu\n|-damage|p1a: Vivillon|47\/100\n|-damage|p1b: Ting-Lu|44\/100\n|-damage|p2a: Gastrodon|13\/100|[from] item: Life Orb\n|move|p2b: Amoonguss|Pollen Puff|p1b: Ting-Lu\n|-damage|p1b: Ting-Lu|36\/100\n|\n|upkeep\n|turn|2\n|inactive|Cool Muffins has 30 seconds left.\n|inactive|Cool Muffins has 20 seconds left.\n|inactive|Cool Muffins has 15 seconds left.\n|\n|t:|1683811061\n|move|p2b: Amoonguss|Protect|p2b: Amoonguss\n|-singleturn|p2b: Amoonguss|Protect\n|move|p1a: Vivillon|Pollen Puff|p1b: Ting-Lu\n|-heal|p1b: Ting-Lu|86\/100\n|move|p1b: Ting-Lu|Earthquake|p2a: Gastrodon|[spread] p2a\n|-activate|p2b: Amoonguss|move: Protect\n|-immune|p1a: Vivillon\n|-damage|p2a: Gastrodon|0 fnt\n|faint|p2a: Gastrodon\n|\n|upkeep\n|inactive|Cool Muffins has 30 seconds left.\n|\n|t:|1683811093\n|switch|p2a: Chi-Yu|Chi-Yu, L50|100\/100\n|-ability|p2a: Chi-Yu|Beads of Ruin\n|turn|3\n|\n|t:|1683811113\n|-terastallize|p2a: Chi-Yu|Ghost\n|move|p1a: Vivillon|Protect|p1a: Vivillon\n|-singleturn|p1a: Vivillon|Protect\n|move|p2a: Chi-Yu|Heat Wave|p1a: Vivillon|[spread] p1b\n|-activate|p1a: Vivillon|move: Protect\n|-damage|p1b: Ting-Lu|64\/100\n|move|p1b: Ting-Lu|Earthquake|p2b: Amoonguss|[spread] p2a,p2b\n|-activate|p1a: Vivillon|move: Protect\n|-damage|p2a: Chi-Yu|12\/100\n|-damage|p2b: Amoonguss|0 fnt\n|faint|p2b: Amoonguss\n|\n|upkeep\n|\n|t:|1683811125\n|switch|p2b: Annihilape|Annihilape, L50, F|100\/100\n|turn|4\n|\n|t:|1683811144\n|switch|p1b: Ceruledge|Ceruledge, L50, M|100\/100\n|move|p1a: Vivillon|Protect|p1a: Vivillon\n|-singleturn|p1a: Vivillon|Protect\n|move|p2a: Chi-Yu|Heat Wave|p1b: Ceruledge|[spread] \n|-activate|p1a: Vivillon|move: Protect\n|-start|p1b: Ceruledge|ability: Flash Fire\n|move|p2b: Annihilape|Bulk Up|p2b: Annihilape\n|-boost|p2b: Annihilape|atk|1\n|-boost|p2b: Annihilape|def|1\n|\n|upkeep\n|turn|5\n|inactive|Cool Muffins has 30 seconds left.\n|\n|t:|1683811173\n|switch|p1a: Ting-Lu|Ting-Lu, L50, tera:Ground|64\/100\n|-ability|p1a: Ting-Lu|Vessel of Ruin\n|move|p2a: Chi-Yu|Heat Wave|p1a: Ting-Lu|[spread] p1a\n|-immune|p1b: Ceruledge|[from] ability: Flash Fire\n|-damage|p1a: Ting-Lu|35\/100\n|move|p2b: Annihilape|Bulk Up|p2b: Annihilape\n|-boost|p2b: Annihilape|atk|1\n|-boost|p2b: Annihilape|def|1\n|move|p1b: Ceruledge|Phantom Force||[still]\n|-prepare|p1b: Ceruledge|Phantom Force\n|\n|-sideend|p1: TommeeVGC|Safeguard\n|upkeep\n|turn|6\n|inactive|TommeeVGC has 30 seconds left.\n|inactive|Cool Muffins has 30 seconds left.\n|\n|t:|1683811208\n|move|p2a: Chi-Yu|Nasty Plot|p2a: Chi-Yu\n|-boost|p2a: Chi-Yu|spa|2\n|move|p2b: Annihilape|Drain Punch|p1a: Ting-Lu\n|-damage|p1a: Ting-Lu|0 fnt\n|faint|p1a: Ting-Lu\n|move|p1b: Ceruledge|Phantom Force|p2b: Annihilape|[from]lockedmove\n|-supereffective|p2b: Annihilape\n|-damage|p2b: Annihilape|57\/100\n|\n|upkeep\n|\n|t:|1683811222\n|switch|p1a: Vivillon|Vivillon-Fancy, L50, F|47\/100\n|turn|7\n|\n|t:|1683811234\n|move|p1a: Vivillon|Rage Powder|p1a: Vivillon\n|-singleturn|p1a: Vivillon|move: Rage Powder\n|move|p2a: Chi-Yu|Heat Wave|p1b: Ceruledge|[spread] p1a\n|-immune|p1b: Ceruledge|[from] ability: Flash Fire\n|-supereffective|p1a: Vivillon\n|-damage|p1a: Vivillon|0 fnt\n|faint|p1a: Vivillon\n|move|p2b: Annihilape|Rage Fist|p1b: Ceruledge\n|-supereffective|p1b: Ceruledge\n|-damage|p1b: Ceruledge|0 fnt\n|faint|p1b: Ceruledge\n|\n|upkeep\n|\n|t:|1683811246\n|switch|p1a: Bronzong|Bronzong, L50|100\/100\n|turn|8\n|\n|t:|1683811251\n|move|p1a: Bronzong|Protect|p1a: Bronzong\n|-singleturn|p1a: Bronzong|Protect\n|move|p2a: Chi-Yu|Heat Wave|p1a: Bronzong\n|-activate|p1a: Bronzong|move: Protect\n|move|p2b: Annihilape|Rage Fist|p1a: Bronzong\n|-activate|p1a: Bronzong|move: Protect\n|\n|upkeep\n|turn|9\n|\n|t:|1683811267\n|move|p2a: Chi-Yu|Dark Pulse|p1a: Bronzong\n|-supereffective|p1a: Bronzong\n|-damage|p1a: Bronzong|0 fnt\n|faint|p1a: Bronzong\n|\n|win|Cool Muffins\n|raw|TommeeVGC's rating: 1352 → 1326<\/strong> (-26 for losing)\n|raw|Cool Muffins's rating: 1252 → 1284<\/strong> (+32 for winning)\n","uploadtime":1683811273,"views":11,"p1id":"tommeevgc","p2id":"coolmuffins","formatid":"gen9vgc2023regulationc","rating":1284,"private":0,"password":""}