{"id":"gen9vgc2023regulationc-1855787327","p1":"ferndaturtle","p2":"mr.destructo","format":"[Gen 9] VGC 2023 Regulation C","log":"|j|\u2606ferndaturtle\n|j|\u203dmr.destructo\n|t:|1682984136\n|gametype|doubles\n|player|p1|ferndaturtle|2|1172\n|player|p2|mr.destructo|266|1172\n|teamsize|p1|6\n|teamsize|p2|6\n|gen|9\n|tier|[Gen 9] VGC 2023 Regulation C\n|rated|\n|rule|Species Clause: Limit one of each Pok\u00e9mon\n|rule|Item Clause: Limit one of each item\n|clearpoke\n|poke|p1|Indeedee-F, L50, F|\n|poke|p1|Armarouge, L50, M|\n|poke|p1|Torkoal, L50, M|\n|poke|p1|Rabsca, L50, M|\n|poke|p1|Iron Hands, L50|\n|poke|p1|Brute Bonnet, L50|\n|poke|p2|Flutter Mane, L50|\n|poke|p2|Dondozo, L50, F|\n|poke|p2|Tatsugiri, L50, F|\n|poke|p2|Dragonite, L50, M|\n|poke|p2|Kingambit, L50, F|\n|poke|p2|Palafin, L50, M|\n|teampreview|4\n|inactive|Battle timer is ON: inactive players will automatically lose when time's up. (requested by ferndaturtle)\n|\n|t:|1682984165\n|start\n|switch|p1a: Indeedee|Indeedee-F, L50, F|100\/100\n|switch|p1b: Armarouge|Armarouge, L50, M|100\/100\n|switch|p2a: Dondozo|Dondozo, L50, F|100\/100\n|switch|p2b: Tatsugiri|Tatsugiri, L50, F|100\/100\n|-activate|p2b: Tatsugiri|ability: Commander|[of] p2a: Dondozo\n|-boost|p2a: Dondozo|atk|2\n|-boost|p2a: Dondozo|spa|2\n|-boost|p2a: Dondozo|spe|2\n|-boost|p2a: Dondozo|def|2\n|-boost|p2a: Dondozo|spd|2\n|-fieldstart|move: Psychic Terrain|[from] ability: Psychic Surge|[of] p1a: Indeedee\n|turn|1\n|inactive|ferndaturtle has 30 seconds left.\n|\n|t:|1682984190\n|move|p1b: Armarouge|Wide Guard|p1b: Armarouge\n|-singleturn|p1b: Armarouge|Wide Guard\n|move|p2a: Dondozo|Earthquake|p1a: Indeedee|[spread] \n|-miss|p2a: Dondozo|p2b: Tatsugiri\n|-activate|p1a: Indeedee|move: Wide Guard\n|-activate|p1b: Armarouge|move: Wide Guard\n|move|p1a: Indeedee|Trick Room|p1a: Indeedee\n|-fieldstart|move: Trick Room|[of] p1a: Indeedee\n|\n|upkeep\n|turn|2\n|inactive|ferndaturtle has 30 seconds left.\n|\n|t:|1682984219\n|switch|p1b: Brute Bonnet|Brute Bonnet, L50|100\/100\n|move|p1a: Indeedee|Follow Me|p1a: Indeedee\n|-singleturn|p1a: Indeedee|move: Follow Me\n|move|p2a: Dondozo|Wave Crash|p1a: Indeedee\n|-damage|p1a: Indeedee|19\/100\n|-damage|p2a: Dondozo|82\/100|[from] Recoil\n|\n|-heal|p2a: Dondozo|88\/100|[from] item: Leftovers\n|upkeep\n|turn|3\n|\n|t:|1682984239\n|switch|p1a: Iron Hands|Iron Hands, L50|100\/100\n|-enditem|p1a: Iron Hands|Booster Energy\n|-activate|p1a: Iron Hands|ability: Quark Drive|[fromitem]\n|-start|p1a: Iron Hands|quarkdriveatk\n|move|p1b: Brute Bonnet|Spore|p2a: Dondozo\n|-status|p2a: Dondozo|slp|[from] move: Spore\n|cant|p2a: Dondozo|slp\n|\n|-heal|p2a: Dondozo|94\/100 slp|[from] item: Leftovers\n|upkeep\n|turn|4\n|\n|t:|1682984261\n|move|p1a: Iron Hands|Swords Dance|p1a: Iron Hands\n|-boost|p1a: Iron Hands|atk|2\n|move|p1b: Brute Bonnet|Bullet Seed|p2a: Dondozo\n|-supereffective|p2a: Dondozo\n|-damage|p2a: Dondozo|87\/100 slp\n|-supereffective|p2a: Dondozo\n|-damage|p2a: Dondozo|80\/100 slp\n|-supereffective|p2a: Dondozo\n|-crit|p2a: Dondozo\n|-damage|p2a: Dondozo|61\/100 slp\n|-supereffective|p2a: Dondozo\n|-damage|p2a: Dondozo|54\/100 slp\n|-supereffective|p2a: Dondozo\n|-damage|p2a: Dondozo|47\/100 slp\n|-hitcount|p2a: Dondozo|5\n|cant|p2a: Dondozo|slp\n|\n|-heal|p2a: Dondozo|53\/100 slp|[from] item: Leftovers\n|upkeep\n|turn|5\n|\n|t:|1682984283\n|move|p1b: Brute Bonnet|Rage Powder|p1b: Brute Bonnet\n|-singleturn|p1b: Brute Bonnet|move: Rage Powder\n|move|p1a: Iron Hands|Thunder Punch|p2a: Dondozo\n|-supereffective|p2a: Dondozo\n|-damage|p2a: Dondozo|23\/100 slp\n|-curestatus|p2a: Dondozo|slp|[msg]\n|move|p2a: Dondozo|Earthquake|p1b: Brute Bonnet|[spread] p1a,p1b\n|-miss|p2a: Dondozo|p2b: Tatsugiri\n|-supereffective|p1a: Iron Hands\n|-resisted|p1b: Brute Bonnet\n|-damage|p1a: Iron Hands|54\/100\n|-damage|p1b: Brute Bonnet|87\/100\n|\n|-heal|p2a: Dondozo|29\/100|[from] item: Leftovers\n|-fieldend|move: Trick Room\n|-fieldend|move: Psychic Terrain\n|upkeep\n|turn|6\n|inactive|ferndaturtle has 30 seconds left.\n|\n|t:|1682984313\n|move|p2a: Dondozo|Earthquake|p1a: Iron Hands|[spread] p1a,p1b\n|-miss|p2a: Dondozo|p2b: Tatsugiri\n|-supereffective|p1a: Iron Hands\n|-resisted|p1b: Brute Bonnet\n|-damage|p1a: Iron Hands|7\/100\n|-damage|p1b: Brute Bonnet|73\/100\n|move|p1b: Brute Bonnet|Bullet Seed|p2a: Dondozo\n|-supereffective|p2a: Dondozo\n|-damage|p2a: Dondozo|22\/100\n|-supereffective|p2a: Dondozo\n|-damage|p2a: Dondozo|15\/100\n|-supereffective|p2a: Dondozo\n|-damage|p2a: Dondozo|8\/100\n|-supereffective|p2a: Dondozo\n|-damage|p2a: Dondozo|0 fnt\n|faint|p2a: Dondozo\n|-hitcount|p2: Dondozo|4\n|move|p1a: Iron Hands|Thunder Punch|p2b: Tatsugiri\n|-damage|p2b: Tatsugiri|0 fnt\n|faint|p2b: Tatsugiri\n|\n|upkeep\n|\n|t:|1682984321\n|switch|p2b: Kingambit|Kingambit, L50, F|100\/100\n|switch|p2a: Dragonite|Dragonite, L50, M|100\/100\n|turn|7\n|inactive|ferndaturtle has 30 seconds left.\n|inactive|ferndaturtle has 20 seconds left.\n|\n|t:|1682984358\n|-terastallize|p2a: Dragonite|Normal\n|move|p2a: Dragonite|Extreme Speed|p1a: Iron Hands\n|-damage|p1a: Iron Hands|0 fnt\n|faint|p1a: Iron Hands\n|-end|p1a: Iron Hands|Quark Drive|[silent]\n|move|p2b: Kingambit|Swords Dance|p2b: Kingambit\n|-boost|p2b: Kingambit|atk|2\n|move|p1b: Brute Bonnet|Spore|p2a: Dragonite\n|-status|p2a: Dragonite|slp|[from] move: Spore\n|\n|upkeep\n|\n|t:|1682984375\n|switch|p1a: Indeedee|Indeedee-F, L50, F|19\/100\n|-fieldstart|move: Psychic Terrain|[from] ability: Psychic Surge|[of] p1a: Indeedee\n|turn|8\n|\n|t:|1682984392\n|cant|p2a: Dragonite|slp\n|move|p1a: Indeedee|Dazzling Gleam|p2b: Kingambit|[spread] p2a,p2b\n|-damage|p2a: Dragonite|94\/100 slp\n|-damage|p2b: Kingambit|88\/100\n|move|p2b: Kingambit|Kowtow Cleave|p1a: Indeedee\n|-supereffective|p1a: Indeedee\n|-damage|p1a: Indeedee|0 fnt\n|faint|p1a: Indeedee\n|-damage|p2b: Kingambit|78\/100|[from] item: Life Orb\n|move|p1b: Brute Bonnet|Bullet Seed|p2a: Dragonite\n|-crit|p2a: Dragonite\n|-damage|p2a: Dragonite|70\/100 slp\n|-damage|p2a: Dragonite|55\/100 slp\n|-damage|p2a: Dragonite|38\/100 slp\n|-damage|p2a: Dragonite|23\/100 slp\n|-damage|p2a: Dragonite|7\/100 slp\n|-hitcount|p2a: Dragonite|5\n|\n|upkeep\n|\n|t:|1682984411\n|switch|p1a: Armarouge|Armarouge, L50, M|100\/100\n|turn|9\n|\n|t:|1682984421\n|-curestatus|p2a: Dragonite|slp|[msg]\n|move|p2a: Dragonite|Protect|p2a: Dragonite\n|-singleturn|p2a: Dragonite|Protect\n|move|p1b: Brute Bonnet|Rage Powder|p1b: Brute Bonnet\n|-singleturn|p1b: Brute Bonnet|move: Rage Powder\n|move|p1a: Armarouge|Armor Cannon|p2b: Kingambit\n|-supereffective|p2b: Kingambit\n|-damage|p2b: Kingambit|0 fnt\n|-unboost|p1a: Armarouge|def|1\n|-unboost|p1a: Armarouge|spd|1\n|faint|p2b: Kingambit\n|-damage|p1a: Armarouge|91\/100|[from] item: Life Orb\n|\n|upkeep\n|turn|10\n|-message|mr.destructo forfeited.\n|\n|win|ferndaturtle\n|raw|ferndaturtle's rating: 1172 → 1197<\/strong> (+25 for winning)\n|raw|mr.destructo's rating: 1172 → 1147<\/strong> (-25 for losing)\n|l|\u203dmr.destructo\n|l|\u2606ferndaturtle\n|j|\u2606ferndaturtle\n|player|p1|ferndaturtle|2\n","uploadtime":1682984449,"views":16,"p1id":"ferndaturtle","p2id":"mrdestructo","formatid":"gen9vgc2023regulationc","rating":1147,"private":0,"password":""}