{"id":"gen9vgc2023regulationc-1860698837","p1":"B.AngelOwO","p2":"Elaaias1001","format":"[Gen 9] VGC 2023 Regulation C","log":"|j|\u2606B.AngelOwO\n|j|\u2606Elaaias1001\n|t:|1683667514\n|gametype|doubles\n|player|p1|B.AngelOwO|guitarist|1176\n|player|p2|Elaaias1001|ingo|1193\n|teamsize|p1|6\n|teamsize|p2|4\n|gen|9\n|tier|[Gen 9] VGC 2023 Regulation C\n|rated|\n|rule|Species Clause: Limit one of each Pok\u00e9mon\n|rule|Item Clause: Limit one of each item\n|clearpoke\n|poke|p1|Salamence, L50, M|\n|poke|p1|Scream Tail, L50|\n|poke|p1|Annihilape, L50, M|\n|poke|p1|Scizor, L50, M|\n|poke|p1|Flutter Mane, L50|\n|poke|p1|Torkoal, L50, M|\n|poke|p2|Chi-Yu, L50|\n|poke|p2|Chien-Pao, L50|\n|poke|p2|Ting-Lu, L50|\n|poke|p2|Wo-Chien, L50|\n|teampreview|4\n|inactive|Battle timer is ON: inactive players will automatically lose when time's up. (requested by B.AngelOwO)\nElaaias1001 rejected open team sheets.\n|inactive|B.AngelOwO has 60 seconds left.\n|\n|t:|1683667570\n|start\n|switch|p1a: Salamence|Salamence, L50, M|100\/100\n|switch|p1b: Scream Tail|Scream Tail, L50|100\/100\n|switch|p2a: Weavile 2.0|Chien-Pao, L50|100\/100\n|switch|p2b: Live reaction|Wo-Chien, L50|100\/100\n|-ability|p1a: Salamence|Intimidate|boost\n|-unboost|p2a: Weavile 2.0|atk|1\n|-unboost|p2b: Live reaction|atk|1\n|-ability|p2a: Weavile 2.0|Sword of Ruin\n|-ability|p2b: Live reaction|Tablets of Ruin\n|-enditem|p1b: Scream Tail|Booster Energy\n|-activate|p1b: Scream Tail|ability: Protosynthesis|[fromitem]\n|-start|p1b: Scream Tail|protosynthesisspe\n|turn|1\n|\n|t:|1683667595\n|switch|p1a: Scizor|Scizor, L50, M|100\/100\n|move|p1b: Scream Tail|Howl|p1b: Scream Tail|[spread] p1a,p1b\n|-boost|p1a: Scizor|atk|1\n|-boost|p1b: Scream Tail|atk|1\n|move|p2a: Weavile 2.0|Ice Spinner|p1a: Scizor\n|-resisted|p1a: Scizor\n|-damage|p1a: Scizor|87\/100\n|move|p2b: Live reaction|Substitute|p2b: Live reaction\n|-start|p2b: Live reaction|Substitute\n|-damage|p2b: Live reaction|75\/100\n|\n|upkeep\n|turn|2\n|\n|t:|1683667618\n|move|p1b: Scream Tail|Thunder Wave|p2a: Weavile 2.0|[miss]\n|-miss|p1b: Scream Tail|p2a: Weavile 2.0\n|move|p2a: Weavile 2.0|Sacred Sword|p1a: Scizor\n|-damage|p1a: Scizor|67\/100\n|move|p1a: Scizor|Focus Energy|p1a: Scizor\n|-start|p1a: Scizor|move: Focus Energy\n|move|p2b: Live reaction|Leech Seed|p1b: Scream Tail\n|-start|p1b: Scream Tail|move: Leech Seed\n|\n|-damage|p1b: Scream Tail|88\/100|[from] Leech Seed|[of] p2b: Live reaction\n|-heal|p2b: Live reaction|90\/100|[silent]\n|upkeep\n|turn|3\n|\n|t:|1683667637\n|move|p2a: Weavile 2.0|Protect|p2a: Weavile 2.0\n|-singleturn|p2a: Weavile 2.0|Protect\n|move|p1a: Scizor|Bullet Punch|p2a: Weavile 2.0\n|-activate|p2a: Weavile 2.0|move: Protect\n|move|p1b: Scream Tail|Play Rough|p2b: Live reaction|[miss]\n|-miss|p1b: Scream Tail|p2b: Live reaction\n|move|p2b: Live reaction|Knock Off|p1a: Scizor\n|-damage|p1a: Scizor|42\/100\n|-enditem|p1a: Scizor|Razor Claw|[from] move: Knock Off|[of] p2b: Live reaction\n|\n|-damage|p1b: Scream Tail|76\/100|[from] Leech Seed|[of] p2b: Live reaction\n|-heal|p2b: Live reaction|100\/100|[silent]\n|upkeep\n|turn|4\n|c|\u2606Elaaias1001|im so sorry\n|inactive|Elaaias1001 has 30 seconds left.\n|inactive|Elaaias1001 has 20 seconds left.\n|inactive|Elaaias1001 has 15 seconds left.\n|\n|t:|1683667679\n|move|p1a: Scizor|Bullet Punch|p2a: Weavile 2.0\n|-supereffective|p2a: Weavile 2.0\n|-crit|p2a: Weavile 2.0\n|-enditem|p2a: Weavile 2.0|Focus Sash\n|-damage|p2a: Weavile 2.0|1\/100\n|move|p1b: Scream Tail|Play Rough|p2b: Live reaction\n|-supereffective|p2b: Live reaction\n|-end|p2b: Live reaction|Substitute\n|move|p2a: Weavile 2.0|Sacred Sword|p1a: Scizor\n|-damage|p1a: Scizor|23\/100\n|move|p2b: Live reaction|Knock Off|p1a: Scizor\n|-damage|p1a: Scizor|6\/100\n|\n|-damage|p1b: Scream Tail|64\/100|[from] Leech Seed|[of] p2b: Live reaction\n|upkeep\n|turn|5\n|\n|t:|1683667701\n|move|p2a: Weavile 2.0|Protect|p2a: Weavile 2.0\n|-singleturn|p2a: Weavile 2.0|Protect\n|move|p1b: Scream Tail|Play Rough|p2a: Weavile 2.0\n|-activate|p2a: Weavile 2.0|move: Protect\n|move|p1a: Scizor|X-Scissor|p2b: Live reaction\n|-supereffective|p2b: Live reaction\n|-damage|p2b: Live reaction|0 fnt\n|faint|p2b: Live reaction\n|\n|upkeep\n|\n|t:|1683667721\n|switch|p2b: Swedish fish|Chi-Yu, L50|100\/100\n|-ability|p2b: Swedish fish|Beads of Ruin\n|turn|6\n|\n|t:|1683667735\n|move|p2a: Weavile 2.0|Sucker Punch|p1a: Scizor\n|-damage|p1a: Scizor|0 fnt\n|faint|p1a: Scizor\n|move|p1b: Scream Tail|Thunder Wave|p2b: Swedish fish\n|-status|p2b: Swedish fish|par\n|move|p2b: Swedish fish|Heat Wave|p1b: Scream Tail\n|-damage|p1b: Scream Tail|15\/100\n|\n|-damage|p1b: Scream Tail|3\/100|[from] Leech Seed|[of] p2b: Swedish fish\n|upkeep\n|\n|t:|1683667747\n|switch|p1a: Salamence|Salamence, L50, M|100\/100\n|-ability|p1a: Salamence|Intimidate|boost\n|-unboost|p2a: Weavile 2.0|atk|1\n|-unboost|p2b: Swedish fish|atk|1\n|turn|7\n|\n|t:|1683667756\n|switch|p2a: Fissure?|Ting-Lu, L50|100\/100\n|-ability|p2a: Fissure?|Vessel of Ruin\n|move|p1b: Scream Tail|Howl|p1b: Scream Tail|[spread] p1a,p1b\n|-boost|p1a: Salamence|atk|1\n|-boost|p1b: Scream Tail|atk|1\n|move|p1a: Salamence|Outrage|p2a: Fissure?\n|-damage|p2a: Fissure?|42\/100\n|move|p2b: Swedish fish|Heat Wave|p1a: Salamence|[spread] p1a,p1b\n|-resisted|p1a: Salamence\n|-damage|p1a: Salamence|76\/100\n|-damage|p1b: Scream Tail|0 fnt\n|faint|p1b: Scream Tail\n|-end|p1b: Scream Tail|Protosynthesis|[silent]\n|\n|upkeep\n|\n|t:|1683667771\n|switch|p1b: Flutter Mane|Flutter Mane, L50|100\/100\n|turn|8\n|\n|t:|1683667791\n|-terastallize|p1b: Flutter Mane|Water\n|move|p1a: Salamence|Outrage|p2b: Swedish fish|[from]lockedmove\n|-damage|p2b: Swedish fish|0 fnt\n|faint|p2b: Swedish fish\n|-start|p1a: Salamence|confusion|[fatigue]\n|move|p1b: Flutter Mane|Tera Blast|p2a: Fissure?\n|-supereffective|p2a: Fissure?\n|-damage|p2a: Fissure?|0 fnt\n|faint|p2a: Fissure?\n|\n|upkeep\n|c|\u2606Elaaias1001|gg\n|\n|t:|1683667804\n|switch|p2b: Weavile 2.0|Chien-Pao, L50|1\/100\n|-ability|p2b: Weavile 2.0|Sword of Ruin\n|turn|9\n|\n|t:|1683667813\n|-activate|p1a: Salamence|confusion\n|move|p1a: Salamence|Outrage|p2b: Weavile 2.0\n|-damage|p2b: Weavile 2.0|0 fnt\n|faint|p2b: Weavile 2.0\n|\n|win|B.AngelOwO\n|raw|B.AngelOwO's rating: 1176 → 1202<\/strong> (+26 for winning)\n|raw|Elaaias1001's rating: 1193 → 1167<\/strong> (-26 for losing)\n|l|\u2606Elaaias1001\n","uploadtime":1683667891,"views":19,"p1id":"bangelowo","p2id":"elaaias1001","formatid":"gen9vgc2023regulationc","rating":1167,"private":0,"password":""}