{"id":"gen9vgc2023regulationc-1850400733","p1":"hysaaron","p2":"testeraplha","format":"[Gen 9] VGC 2023 Regulation C","log":"|j|\u2606hysaaron\n|j|\u2606testeraplha\n|t:|1682331263\n|gametype|doubles\n|player|p1|hysaaron|169|1198\n|player|p2|testeraplha|2|1132\n|teamsize|p1|6\n|teamsize|p2|4\n|gen|9\n|tier|[Gen 9] VGC 2023 Regulation C\n|rated|\n|rule|Species Clause: Limit one of each Pok\u00e9mon\n|rule|Item Clause: Limit one of each item\n|clearpoke\n|poke|p1|Murkrow, L50, F|\n|poke|p1|Gholdengo, L50|\n|poke|p1|Great Tusk, L50|\n|poke|p1|Gyarados, L50, F|\n|poke|p1|Amoonguss, L50, F|\n|poke|p1|Ting-Lu, L50|\n|poke|p2|Iron Treads, L50|\n|poke|p2|Tauros-Paldea-Aqua, L50, M|\n|poke|p2|Talonflame, L50, M|\n|poke|p2|Farigiraf, L50, M|\n|teampreview|4\n|inactive|Battle timer is ON: inactive players will automatically lose when time's up. (requested by hysaaron)\n|inactive|hysaaron has 60 seconds left.\n|\n|t:|1682331302\n|start\n|switch|p1a: Murkrow|Murkrow, L50, F, shiny|100\/100\n|switch|p1b: Great Tusk|Great Tusk, L50, shiny|100\/100\n|switch|p2a: Talonflame|Talonflame, L50, M|100\/100\n|switch|p2b: Iron Treads|Iron Treads, L50|100\/100\n|-enditem|p2b: Iron Treads|Booster Energy\n|-activate|p2b: Iron Treads|ability: Quark Drive|[fromitem]\n|-start|p2b: Iron Treads|quarkdrivespe\n|turn|1\n|\n|t:|1682331324\n|-end|p1b: Great Tusk|Protosynthesis|[silent]\n|switch|p1b: Gyarados|Gyarados, L50, F, shiny|100\/100\n|-ability|p1b: Gyarados|Intimidate|boost\n|-unboost|p2a: Talonflame|atk|1\n|-unboost|p2b: Iron Treads|atk|1\n|move|p2a: Talonflame|Air Slash|p1b: Gyarados\n|-damage|p1b: Gyarados|77\/100\n|move|p1a: Murkrow|Tailwind|p1a: Murkrow\n|-sidestart|p1: hysaaron|move: Tailwind\n|move|p2b: Iron Treads|Ice Spinner|p1b: Gyarados\n|-damage|p1b: Gyarados|60\/100\n|\n|upkeep\n|turn|2\n|inactive|hysaaron has 30 seconds left.\n|\n|t:|1682331354\n|move|p2a: Talonflame|Tailwind|p2a: Talonflame\n|-sidestart|p2: testeraplha|move: Tailwind\n|move|p2b: Iron Treads|Ice Spinner|p1a: Murkrow\n|-supereffective|p1a: Murkrow\n|-damage|p1a: Murkrow|51\/100\n|move|p1b: Gyarados|Waterfall|p2a: Talonflame\n|-supereffective|p2a: Talonflame\n|-enditem|p2a: Talonflame|Focus Sash\n|-damage|p2a: Talonflame|1\/100\n|move|p1a: Murkrow|Foul Play|p2b: Iron Treads\n|-damage|p2b: Iron Treads|71\/100\n|\n|upkeep\n|turn|3\n|inactive|hysaaron has 30 seconds left.\n|\n|t:|1682331380\n|move|p2b: Iron Treads|Ice Spinner|p1a: Murkrow\n|-supereffective|p1a: Murkrow\n|-damage|p1a: Murkrow|5\/100\n|move|p2a: Talonflame|Heat Wave|p1a: Murkrow|[spread] p1a\n|-miss|p2a: Talonflame|p1b: Gyarados\n|-damage|p1a: Murkrow|0 fnt\n|faint|p1a: Murkrow\n|move|p1b: Gyarados|Waterfall|p2b: Iron Treads\n|-supereffective|p2b: Iron Treads\n|-damage|p2b: Iron Treads|2\/100\n|\n|upkeep\n|inactive|hysaaron has 30 seconds left.\n|\n|t:|1682331406\n|switch|p1a: Great Tusk|Great Tusk, L50, shiny|100\/100\n|turn|4\n|\n|t:|1682331426\n|move|p2b: Iron Treads|Ice Spinner|p1a: Great Tusk\n|-supereffective|p1a: Great Tusk\n|-damage|p1a: Great Tusk|75\/100\n|move|p1a: Great Tusk|Close Combat|p2a: Talonflame\n|-resisted|p2a: Talonflame\n|-damage|p2a: Talonflame|0 fnt\n|-unboost|p1a: Great Tusk|def|1\n|-unboost|p1a: Great Tusk|spd|1\n|faint|p2a: Talonflame\n|move|p1b: Gyarados|Waterfall|p2b: Iron Treads\n|-supereffective|p2b: Iron Treads\n|-damage|p2b: Iron Treads|0 fnt\n|faint|p2b: Iron Treads\n|-end|p2b: Iron Treads|Quark Drive|[silent]\n|\n|-sideend|p1: hysaaron|move: Tailwind\n|upkeep\n|\n|t:|1682331434\n|switch|p2a: Tauros|Tauros-Paldea-Aqua, L50, M|100\/100\n|switch|p2b: Farigiraf|Farigiraf, L50, M|100\/100\n|-ability|p2a: Tauros|Intimidate|boost\n|-unboost|p1a: Great Tusk|atk|1\n|-unboost|p1b: Gyarados|atk|1\n|turn|5\n|\n|t:|1682331454\n|-end|p1a: Great Tusk|Protosynthesis|[silent]\n|switch|p1a: Gholdengo|Gholdengo, L50|100\/100\n|move|p1b: Gyarados|Protect|p1b: Gyarados\n|-singleturn|p1b: Gyarados|Protect\n|move|p2a: Tauros|Raging Bull|p1a: Gholdengo\n|-damage|p1a: Gholdengo|63\/100\n|move|p2b: Farigiraf|Psychic|p1b: Gyarados\n|-activate|p1b: Gyarados|move: Protect\n|\n|-heal|p1a: Gholdengo|69\/100|[from] item: Leftovers\n|-sideend|p2: testeraplha|move: Tailwind\n|upkeep\n|turn|6\n|inactive|hysaaron has 30 seconds left.\n|\n|t:|1682331480\n|move|p2a: Tauros|Raging Bull|p1a: Gholdengo\n|-damage|p1a: Gholdengo|28\/100\n|move|p1b: Gyarados|Thunder Wave|p2a: Tauros\n|-status|p2a: Tauros|par\n|move|p1a: Gholdengo|Nasty Plot|p1a: Gholdengo\n|-boost|p1a: Gholdengo|spa|2\n|move|p2b: Farigiraf|Psychic|p1b: Gyarados\n|-damage|p1b: Gyarados|22\/100\n|-enditem|p1b: Gyarados|Sitrus Berry|[eat]\n|-heal|p1b: Gyarados|47\/100|[from] item: Sitrus Berry\n|-damage|p2b: Farigiraf|91\/100|[from] item: Life Orb\n|\n|-heal|p1a: Gholdengo|35\/100|[from] item: Leftovers\n|upkeep\n|turn|7\n|inactive|hysaaron has 30 seconds left.\n|inactive|testeraplha has 30 seconds left.\n|\n|t:|1682331513\n|move|p2a: Tauros|Aqua Jet|p1a: Gholdengo\n|-damage|p1a: Gholdengo|16\/100\n|move|p1b: Gyarados|Iron Head|p2a: Tauros\n|-resisted|p2a: Tauros\n|-damage|p2a: Tauros|91\/100 par\n|move|p1a: Gholdengo|Make It Rain|p2b: Farigiraf|[spread] p2a,p2b\n|-resisted|p2a: Tauros\n|-damage|p2a: Tauros|39\/100 par\n|-damage|p2b: Farigiraf|6\/100\n|-unboost|p1a: Gholdengo|spa|1\n|move|p2b: Farigiraf|Trick Room|p2b: Farigiraf\n|-fieldstart|move: Trick Room|[of] p2b: Farigiraf\n|\n|-heal|p1a: Gholdengo|22\/100|[from] item: Leftovers\n|upkeep\n|turn|8\n|inactive|hysaaron has 30 seconds left.\n|\n|t:|1682331548\n|-terastallize|p1a: Gholdengo|Water\n|move|p2b: Farigiraf|Psychic|p1b: Gyarados\n|-damage|p1b: Gyarados|10\/100\n|-damage|p2b: Farigiraf|0 fnt|[from] item: Life Orb\n|faint|p2b: Farigiraf\n|move|p2a: Tauros|Raging Bull|p1a: Gholdengo\n|-resisted|p1a: Gholdengo\n|-damage|p1a: Gholdengo|2\/100\n|move|p1a: Gholdengo|Make It Rain|p2a: Tauros\n|-resisted|p2a: Tauros\n|-damage|p2a: Tauros|0 fnt\n|-unboost|p1a: Gholdengo|spa|1\n|faint|p2a: Tauros\n|\n|win|hysaaron\n|raw|hysaaron's rating: 1198 → 1218<\/strong> (+20 for winning)\n|raw|testeraplha's rating: 1132 → 1112<\/strong> (-20 for losing)\n|l|\u2606testeraplha\n","uploadtime":1682331563,"views":26,"p1id":"hysaaron","p2id":"testeraplha","formatid":"gen9vgc2023regulationc","rating":1112,"private":0,"password":""}