{"id":"gen9vgc2023regulationc-1852229680","p1":"benutzdeindeo","p2":"Dragonfly424","format":"[Gen 9] VGC 2023 Regulation C","log":"|j|\u2606benutzdeindeo\n|j|\u2606Dragonfly424\n|t:|1682534858\n|gametype|doubles\n|player|p1|benutzdeindeo|1|1592\n|player|p2|Dragonfly424|roxie|1488\n|teamsize|p1|6\n|teamsize|p2|6\n|gen|9\n|tier|[Gen 9] VGC 2023 Regulation C\n|rated|\n|rule|Species Clause: Limit one of each Pok\u00e9mon\n|rule|Item Clause: Limit one of each item\n|clearpoke\n|poke|p1|Chien-Pao, L50|\n|poke|p1|Orthworm, L50, F|\n|poke|p1|Ting-Lu, L50|\n|poke|p1|Flutter Mane, L50|\n|poke|p1|Dragonite, L50, F|\n|poke|p1|Gyarados, L50, M|\n|poke|p2|Talonflame, L50, F|\n|poke|p2|Garchomp, L50, M|\n|poke|p2|Amoonguss, L50, M|\n|poke|p2|Iron Bundle, L50|\n|poke|p2|Gholdengo, L50|\n|poke|p2|Chien-Pao, L50|\n|teampreview|4\n|j| cliforis\n|\n|t:|1682534885\n|start\n|switch|p1a: Chien-Pao|Chien-Pao, L50|100\/100\n|switch|p1b: Ting-Lu|Ting-Lu, L50|100\/100\n|switch|p2a: Amoonguss|Amoonguss, L50, M|100\/100\n|switch|p2b: Iron Bundle|Iron Bundle, L50|100\/100\n|-ability|p1a: Chien-Pao|Sword of Ruin\n|-ability|p1b: Ting-Lu|Vessel of Ruin\n|-enditem|p2b: Iron Bundle|Booster Energy\n|-activate|p2b: Iron Bundle|ability: Quark Drive|[fromitem]\n|-start|p2b: Iron Bundle|quarkdrivespa\n|turn|1\n|\n|t:|1682534937\n|-terastallize|p2a: Amoonguss|Water\n|move|p1a: Chien-Pao|Protect|p1a: Chien-Pao\n|-singleturn|p1a: Chien-Pao|Protect\n|move|p2a: Amoonguss|Rage Powder|p2a: Amoonguss\n|-singleturn|p2a: Amoonguss|move: Rage Powder\n|move|p2b: Iron Bundle|Icy Wind|p1a: Chien-Pao|[spread] p1b\n|-activate|p1a: Chien-Pao|move: Protect\n|-supereffective|p1b: Ting-Lu\n|-damage|p1b: Ting-Lu|60\/100\n|-unboost|p1b: Ting-Lu|spe|1\n|move|p1b: Ting-Lu|Bulldoze|p2b: Iron Bundle|[spread] p2a,p2b\n|-activate|p1a: Chien-Pao|move: Protect\n|-damage|p2a: Amoonguss|59\/100\n|-damage|p2b: Iron Bundle|46\/100\n|-unboost|p2a: Amoonguss|spe|1\n|-unboost|p2b: Iron Bundle|spe|1\n|\n|upkeep\n|turn|2\n|\n|t:|1682535003\n|switch|p1b: Orthworm|Orthworm, L50, F|100\/100\n|move|p2b: Iron Bundle|Protect|p2b: Iron Bundle\n|-singleturn|p2b: Iron Bundle|Protect\n|move|p1a: Chien-Pao|Sacred Sword|p2b: Iron Bundle\n|-activate|p2b: Iron Bundle|move: Protect\n|move|p2a: Amoonguss|Spore|p1b: Orthworm\n|-status|p1b: Orthworm|slp|[from] move: Spore\n|\n|upkeep\n|turn|3\n|\n|t:|1682535028\n|move|p2b: Iron Bundle|Protect|p2b: Iron Bundle\n|-singleturn|p2b: Iron Bundle|Protect\n|move|p1a: Chien-Pao|Sacred Sword|p2b: Iron Bundle\n|-activate|p2b: Iron Bundle|move: Protect\n|cant|p1b: Orthworm|slp\n|move|p2a: Amoonguss|Pollen Puff|p2b: Iron Bundle\n|-activate|p2b: Iron Bundle|move: Protect\n|\n|upkeep\n|turn|4\n|\n|t:|1682535051\n|-end|p2b: Iron Bundle|Quark Drive|[silent]\n|switch|p2b: Talonflame|Talonflame, L50, F|100\/100\n|move|p1a: Chien-Pao|Sacred Sword|p2b: Talonflame\n|-resisted|p2b: Talonflame\n|-damage|p2b: Talonflame|76\/100\n|cant|p1b: Orthworm|slp\n|move|p2a: Amoonguss|Spore|p1a: Chien-Pao\n|-status|p1a: Chien-Pao|slp|[from] move: Spore\n|\n|upkeep\n|turn|5\n|\n|t:|1682535076\n|cant|p1a: Chien-Pao|slp\n|move|p2b: Talonflame|Flare Blitz|p1b: Orthworm\n|-supereffective|p1b: Orthworm\n|-damage|p1b: Orthworm|23\/100 slp\n|-enditem|p1b: Orthworm|Sitrus Berry|[eat]\n|-heal|p1b: Orthworm|48\/100 slp|[from] item: Sitrus Berry\n|-damage|p2b: Talonflame|51\/100|[from] Recoil\n|cant|p1b: Orthworm|slp\n|move|p2a: Amoonguss|Pollen Puff|p1a: Chien-Pao\n|-supereffective|p1a: Chien-Pao\n|-damage|p1a: Chien-Pao|37\/100 slp\n|\n|upkeep\n|turn|6\n|\n|t:|1682535096\n|switch|p1b: Ting-Lu|Ting-Lu, L50|60\/100\n|-ability|p1b: Ting-Lu|Vessel of Ruin\n|cant|p1a: Chien-Pao|slp\n|move|p2b: Talonflame|Tailwind|p2b: Talonflame\n|-sidestart|p2: Dragonfly424|move: Tailwind\n|move|p2a: Amoonguss|Pollen Puff|p1a: Chien-Pao\n|-supereffective|p1a: Chien-Pao\n|-damage|p1a: Chien-Pao|0 fnt\n|faint|p1a: Chien-Pao\n|\n|upkeep\n|\n|t:|1682535102\n|switch|p1a: Orthworm|Orthworm, L50, F|48\/100 slp\n|turn|7\n|\n|t:|1682535128\n|move|p2b: Talonflame|Flare Blitz|p1a: Orthworm\n|-supereffective|p1a: Orthworm\n|-damage|p1a: Orthworm|0 fnt\n|faint|p1a: Orthworm\n|-damage|p2b: Talonflame|35\/100|[from] Recoil\n|move|p1b: Ting-Lu|Rock Slide|p2a: Amoonguss|[spread] p2a,p2b\n|-supereffective|p2b: Talonflame\n|-damage|p2a: Amoonguss|33\/100\n|-damage|p2b: Talonflame|0 fnt\n|faint|p2b: Talonflame\n|move|p2a: Amoonguss|Spore|p1b: Ting-Lu\n|-status|p1b: Ting-Lu|slp|[from] move: Spore\n|\n|upkeep\n|\n|t:|1682535143\n|switch|p2b: Garchomp|Garchomp, L50, M|100\/100\n|switch|p1a: Flutter Mane|Flutter Mane, L50|100\/100\n|-enditem|p1a: Flutter Mane|Booster Energy\n|-activate|p1a: Flutter Mane|ability: Protosynthesis|[fromitem]\n|-start|p1a: Flutter Mane|protosynthesisspa\n|turn|8\n|\n|t:|1682535169\n|-terastallize|p1a: Flutter Mane|Fairy\n|move|p2a: Amoonguss|Rage Powder|p2a: Amoonguss\n|-singleturn|p2a: Amoonguss|move: Rage Powder\n|move|p2b: Garchomp|Earthquake|p1b: Ting-Lu|[spread] p2a,p1a,p1b\n|-crit|p1b: Ting-Lu\n|-damage|p2a: Amoonguss|0 fnt\n|-damage|p1a: Flutter Mane|3\/100\n|-damage|p1b: Ting-Lu|7\/100 slp\n|faint|p2a: Amoonguss\n|-damage|p2b: Garchomp|90\/100|[from] item: Life Orb\n|move|p1a: Flutter Mane|Dazzling Gleam|p2b: Garchomp\n|-supereffective|p2b: Garchomp\n|-damage|p2b: Garchomp|0 fnt\n|faint|p2b: Garchomp\n|cant|p1b: Ting-Lu|slp\n|\n|upkeep\n|\n|t:|1682535183\n|switch|p2b: Iron Bundle|Iron Bundle, L50|46\/100\n|turn|9\n|\n|t:|1682535189\n|move|p2b: Iron Bundle|Icy Wind|p1a: Flutter Mane|[spread] p1a\n|-miss|p2b: Iron Bundle|p1b: Ting-Lu\n|-damage|p1a: Flutter Mane|0 fnt\n|faint|p1a: Flutter Mane\n|-end|p1a: Flutter Mane|Protosynthesis|[silent]\n|cant|p1b: Ting-Lu|slp\n|\n|-sideend|p2: Dragonfly424|move: Tailwind\n|upkeep\n|turn|10\n|c|\u2606benutzdeindeo|i love sleeping\n|-message|benutzdeindeo forfeited.\n|\n|win|Dragonfly424\n|raw|benutzdeindeo's rating: 1592 → 1566<\/strong> (-26 for losing)\n|raw|Dragonfly424's rating: 1488 → 1514<\/strong> (+26 for winning)\n|l|\u2606benutzdeindeo\n|c|\u2606Dragonfly424|GG\n|l| cliforis\n","uploadtime":1682535271,"views":12,"p1id":"benutzdeindeo","p2id":"dragonfly424","formatid":"gen9vgc2023regulationc","rating":1514,"private":0,"password":""}