{"id":"gen9vgc2023regulationc-1862097678","p1":"Kiky14","p2":"hubbcappa","format":"[Gen 9] VGC 2023 Regulation C","log":"|j|\u2606Kiky14\n|j|\u2606hubbcappa\n|t:|1683836710\n|gametype|doubles\n|player|p1|Kiky14|hilbert-wonderlauncher|1135\n|player|p2|hubbcappa|1|1046\n|teamsize|p1|6\n|teamsize|p2|6\n|gen|9\n|tier|[Gen 9] VGC 2023 Regulation C\n|rated|\n|rule|Species Clause: Limit one of each Pok\u00e9mon\n|rule|Item Clause: Limit one of each item\n|clearpoke\n|poke|p1|Ceruledge, L50, M|\n|poke|p1|Garganacl, L50, M|\n|poke|p1|Zoroark, L50, F|\n|poke|p1|Flutter Mane, L50|\n|poke|p1|Palafin, L50, F|\n|poke|p1|Amoonguss, L50, F|\n|poke|p2|Indeedee-F, L50, F|\n|poke|p2|Hatterene, L50, F|\n|poke|p2|Hariyama, L50, M|\n|poke|p2|Oranguru, L50, F|\n|poke|p2|Torkoal, L50, M|\n|poke|p2|Ting-Lu, L50|\n|teampreview|4\nhubbcappa has agreed to open team sheets.\n|inactive|Battle timer is ON: inactive players will automatically lose when time's up. (requested by Kiky14)\n|\n|t:|1683836796\n|start\n|switch|p1a: Ive|Amoonguss, L50, F|100\/100\n|switch|p1b: New jeans|Palafin, L50, F, shiny|100\/100\n|switch|p2a: Indeedee|Indeedee-F, L50, F|100\/100\n|switch|p2b: Hatterene|Hatterene, L50, F|100\/100\n|-fieldstart|move: Psychic Terrain|[from] ability: Psychic Surge|[of] p2a: Indeedee\n|turn|1\n|inactive|hubbcappa has 30 seconds left.\n|\n|t:|1683836821\n|move|p2a: Indeedee|Follow Me|p2a: Indeedee\n|-singleturn|p2a: Indeedee|move: Follow Me\n|move|p1b: New jeans|Flip Turn|p2a: Indeedee\n|-damage|p2a: Indeedee|54\/100\n|\n|t:|1683836833\n|detailschange|p1b: New jeans|Palafin-Hero, L50, F, shiny\n|switch|p1b: Viviz|Flutter Mane, L50|100\/100|[from] Flip Turn\n|-enditem|p1b: Viviz|Booster Energy\n|-activate|p1b: Viviz|ability: Protosynthesis|[fromitem]\n|-start|p1b: Viviz|protosynthesisspa\n|move|p1a: Ive|Spore|p2a: Indeedee\n|-activate|p2a: Indeedee|item: Safety Goggles|Spore\n|move|p2b: Hatterene|Trick Room|p2b: Hatterene\n|-fieldstart|move: Trick Room|[of] p2b: Hatterene\n|\n|upkeep\n|turn|2\n|inactive|Kiky14 has 30 seconds left.\n|inactive|hubbcappa has 30 seconds left.\n|\n|t:|1683836865\n|move|p2a: Indeedee|Follow Me|p2a: Indeedee\n|-singleturn|p2a: Indeedee|move: Follow Me\n|move|p2b: Hatterene|Dazzling Gleam|p1a: Ive|[spread] p1a,p1b\n|-resisted|p1a: Ive\n|-damage|p1a: Ive|80\/100\n|-damage|p1b: Viviz|55\/100\n|-damage|p2b: Hatterene|91\/100|[from] item: Life Orb\n|move|p1a: Ive|Pollen Puff|p2a: Indeedee\n|-supereffective|p2a: Indeedee\n|-damage|p2a: Indeedee|15\/100\n|move|p1b: Viviz|Dazzling Gleam|p2a: Indeedee|[spread] p2a,p2b\n|-damage|p2a: Indeedee|0 fnt\n|-damage|p2b: Hatterene|41\/100\n|faint|p2a: Indeedee\n|\n|-heal|p1a: Ive|87\/100|[from] item: Black Sludge\n|upkeep\n|\n|t:|1683836883\n|switch|p2a: Oranguru|Oranguru, L50, F|100\/100\n|turn|3\n|\n|t:|1683836897\n|-terastallize|p2b: Hatterene|Fairy\n|move|p1b: Viviz|Protect|p1b: Viviz\n|-singleturn|p1b: Viviz|Protect\n|move|p2b: Hatterene|Dazzling Gleam|p1b: Viviz|[spread] p1a\n|-activate|p1b: Viviz|move: Protect\n|-resisted|p1a: Ive\n|-damage|p1a: Ive|58\/100\n|-damage|p2b: Hatterene|32\/100|[from] item: Life Orb\n|move|p1a: Ive|Spore|p2a: Oranguru\n|-status|p2a: Oranguru|slp|[from] move: Spore\n|cant|p2a: Oranguru|slp\n|\n|-heal|p1a: Ive|64\/100|[from] item: Black Sludge\n|upkeep\n|turn|4\n|inactive|Kiky14 has 30 seconds left.\n|inactive|hubbcappa has 30 seconds left.\n|\n|t:|1683836923\n|move|p2b: Hatterene|Dazzling Gleam|p1b: Viviz|[spread] p1a,p1b\n|-resisted|p1a: Ive\n|-damage|p1a: Ive|37\/100\n|-damage|p1b: Viviz|0 fnt\n|faint|p1b: Viviz\n|-end|p1b: Viviz|Protosynthesis|[silent]\n|-damage|p2b: Hatterene|22\/100|[from] item: Life Orb\n|move|p1a: Ive|Pollen Puff|p1: Viviz|[notarget]\n|-fail|p1a: Ive\n|-curestatus|p2a: Oranguru|slp|[msg]\n|move|p2a: Oranguru|Instruct|p2b: Hatterene\n|-singleturn|p2b: Hatterene|move: Instruct|[of] p2a: Oranguru\n|move|p2b: Hatterene|Dazzling Gleam|p1a: Ive\n|-resisted|p1a: Ive\n|-damage|p1a: Ive|4\/100\n|-damage|p2b: Hatterene|12\/100|[from] item: Life Orb\n|\n|-heal|p1a: Ive|10\/100|[from] item: Black Sludge\n|upkeep\n|\n|t:|1683836935\n|switch|p1b: Mamamoo|Garganacl, L50, M|100\/100\n|turn|5\n|\n|t:|1683836959\n|move|p2b: Hatterene|Protect|p2b: Hatterene\n|-singleturn|p2b: Hatterene|Protect\n|move|p1a: Ive|Protect|p1a: Ive\n|-singleturn|p1a: Ive|Protect\n|move|p2a: Oranguru|Protect|p2a: Oranguru\n|-singleturn|p2a: Oranguru|Protect\n|move|p1b: Mamamoo|Salt Cure|p2b: Hatterene\n|-activate|p2b: Hatterene|move: Protect\n|\n|-heal|p1a: Ive|17\/100|[from] item: Black Sludge\n|-fieldend|move: Trick Room\n|-fieldend|move: Psychic Terrain\n|upkeep\n|turn|6\n|\n|t:|1683836981\n|move|p2a: Oranguru|Psychic|p1a: Ive\n|-supereffective|p1a: Ive\n|-damage|p1a: Ive|0 fnt\n|faint|p1a: Ive\n|move|p1b: Mamamoo|Salt Cure|p2b: Hatterene\n|-damage|p2b: Hatterene|0 fnt\n|faint|p2b: Hatterene\n|\n|upkeep\n|\n|t:|1683836991\n|switch|p1a: New jeans|Palafin-Hero, L50, F, shiny|100\/100\n|switch|p2b: Hariyama|Hariyama, L50, M|100\/100\n|-activate|p1a: New jeans|ability: Zero to Hero\n|turn|7\n|inactive|hubbcappa has 30 seconds left.\n|inactive|hubbcappa has 20 seconds left.\n|inactive|hubbcappa has 15 seconds left.\n|\n|t:|1683837033\n|-terastallize|p1b: Mamamoo|Ghost\n|move|p2b: Hariyama|Fake Out|p1b: Mamamoo\n|-immune|p1b: Mamamoo\n|move|p1a: New jeans|Flip Turn|p2b: Hariyama\n|-damage|p2b: Hariyama|40\/100\n|move|p2a: Oranguru|Psychic|p1a: New jeans\n|-damage|p1a: New jeans|66\/100\n|move|p1b: Mamamoo|Salt Cure|p2b: Hariyama\n|-resisted|p2b: Hariyama\n|-damage|p2b: Hariyama|32\/100\n|-start|p2b: Hariyama|Salt Cure\n|\n|-damage|p2b: Hariyama|20\/100|[from] Salt Cure\n|-status|p2b: Hariyama|brn|[from] item: Flame Orb\n|upkeep\n|turn|8\n|inactive|Kiky14 has 30 seconds left.\n|\n|t:|1683837058\n|move|p2b: Hariyama|Bullet Punch|p1a: New jeans\n|-resisted|p1a: New jeans\n|-damage|p1a: New jeans|54\/100\n|move|p1a: New jeans|Flip Turn|p2b: Hariyama\n|-damage|p2b: Hariyama|0 fnt\n|faint|p2b: Hariyama\n|move|p2a: Oranguru|Instruct|p2: Hariyama|[notarget]\n|-fail|p2a: Oranguru\n|move|p1b: Mamamoo|Salt Cure|p2a: Oranguru\n|-damage|p2a: Oranguru|85\/100\n|-start|p2a: Oranguru|Salt Cure\n|\n|-damage|p2a: Oranguru|73\/100|[from] Salt Cure\n|upkeep\n|turn|9\n|-message|hubbcappa forfeited.\n|\n|win|Kiky14\n|raw|Kiky14's rating: 1135 → 1154<\/strong> (+19 for winning)\n|raw|hubbcappa's rating: 1046 → 1033<\/strong> (-13 for losing)\n|l|\u2606hubbcappa\n","uploadtime":1683837081,"views":15,"p1id":"kiky14","p2id":"hubbcappa","formatid":"gen9vgc2023regulationc","rating":1033,"private":0,"password":""}