{"id":"gen9vgc2023regulationc-1862177177","p1":"gjfhdfgh","p2":"TonnyDolfing","format":"[Gen 9] VGC 2023 Regulation C","log":"|j|\u2606gjfhdfgh\n|j|\u2606TonnyDolfing\n|t:|1683845697\n|gametype|doubles\n|player|p1|gjfhdfgh|265|1051\n|player|p2|TonnyDolfing|lucas-gen4pt|1084\n|teamsize|p1|6\n|teamsize|p2|6\n|gen|9\n|tier|[Gen 9] VGC 2023 Regulation C\n|rated|\n|rule|Species Clause: Limit one of each Pok\u00e9mon\n|rule|Item Clause: Limit one of each item\n|clearpoke\n|poke|p1|Amoonguss, L50, F|\n|poke|p1|Roaring Moon, L50|\n|poke|p1|Iron Bundle, L50|\n|poke|p1|Iron Hands, L50|\n|poke|p1|Gholdengo, L50|\n|poke|p1|Arcanine, L50, F|\n|poke|p2|Abomasnow, L50, F|\n|poke|p2|Chien-Pao, L50|\n|poke|p2|Kingambit, L50, F|\n|poke|p2|Dondozo, L50, F|\n|poke|p2|Garganacl, L50, M|\n|poke|p2|Ting-Lu, L50|\n|teampreview|4\n|inactive|Battle timer is ON: inactive players will automatically lose when time's up. (requested by TonnyDolfing)\n|inactive|gjfhdfgh has 60 seconds left.\n|inactive|gjfhdfgh has 30 seconds left.\n|\n|t:|1683845786\n|start\n|switch|p1a: Gholdengo|Gholdengo, L50|100\/100\n|switch|p1b: Iron Hands|Iron Hands, L50|100\/100\n|switch|p2a: Ting-Lu|Ting-Lu, L50|100\/100\n|switch|p2b: Garganacl|Garganacl, L50, M|100\/100\n|-ability|p2a: Ting-Lu|Vessel of Ruin\n|turn|1\n|\n|t:|1683845810\n|move|p1b: Iron Hands|Fake Out|p2a: Ting-Lu\n|-damage|p2a: Ting-Lu|91\/100\n|move|p1a: Gholdengo|Make It Rain|p2a: Ting-Lu|[spread] p2a,p2b\n|-supereffective|p2b: Garganacl\n|-damage|p2a: Ting-Lu|63\/100\n|-damage|p2b: Garganacl|33\/100\n|-unboost|p1a: Gholdengo|spa|1\n|-enditem|p2b: Garganacl|Sitrus Berry|[eat]\n|-heal|p2b: Garganacl|58\/100|[from] item: Sitrus Berry\n|-damage|p1a: Gholdengo|91\/100|[from] item: Life Orb\n|cant|p2a: Ting-Lu|flinch\n|move|p2b: Garganacl|Fissure|p1a: Gholdengo|[miss]\n|-miss|p2b: Garganacl|p1a: Gholdengo\n|\n|-heal|p2a: Ting-Lu|69\/100|[from] item: Leftovers\n|upkeep\n|turn|2\n|inactive|gjfhdfgh has 30 seconds left.\n|inactive|TonnyDolfing has 30 seconds left.\n|\n|t:|1683845841\n|switch|p1a: Arcanine|Arcanine, L50, F|100\/100\n|-ability|p1a: Arcanine|Intimidate|boost\n|-unboost|p2a: Ting-Lu|atk|1\n|-unboost|p2b: Garganacl|atk|1\n|move|p2b: Garganacl|Protect|p2b: Garganacl\n|-singleturn|p2b: Garganacl|Protect\n|move|p1b: Iron Hands|Drain Punch|p2a: Ting-Lu\n|-supereffective|p2a: Ting-Lu\n|-damage|p2a: Ting-Lu|20\/100\n|move|p2a: Ting-Lu|Stomping Tantrum|p1a: Arcanine\n|-supereffective|p1a: Arcanine\n|-damage|p1a: Arcanine|26\/100\n|\n|-heal|p2a: Ting-Lu|26\/100|[from] item: Leftovers\n|upkeep\n|turn|3\n|\n|t:|1683845858\n|move|p1a: Arcanine|Protect|p1a: Arcanine\n|-singleturn|p1a: Arcanine|Protect\n|move|p2a: Ting-Lu|Protect|p2a: Ting-Lu\n|-singleturn|p2a: Ting-Lu|Protect\n|move|p1b: Iron Hands|Drain Punch|p2a: Ting-Lu\n|-activate|p2a: Ting-Lu|move: Protect\n|move|p2b: Garganacl|Salt Cure|p1b: Iron Hands\n|-resisted|p1b: Iron Hands\n|-crit|p1b: Iron Hands\n|-damage|p1b: Iron Hands|93\/100\n|-start|p1b: Iron Hands|Salt Cure\n|\n|-heal|p2a: Ting-Lu|32\/100|[from] item: Leftovers\n|-damage|p1b: Iron Hands|81\/100|[from] Salt Cure\n|upkeep\n|turn|4\n|inactive|gjfhdfgh has 30 seconds left.\n|inactive|gjfhdfgh has 20 seconds left.\n|inactive|gjfhdfgh has 15 seconds left.\n|\n|t:|1683845901\n|switch|p2a: Dondozo|Dondozo, L50, F|100\/100\n|move|p1a: Arcanine|Flare Blitz|p2a: Dondozo\n|-resisted|p2a: Dondozo\n|-damage|p2a: Dondozo|85\/100\n|-damage|p1a: Arcanine|19\/100|[from] Recoil\n|move|p1b: Iron Hands|Drain Punch|p2a: Dondozo\n|-damage|p2a: Dondozo|57\/100\n|-heal|p1b: Iron Hands|97\/100|[from] drain|[of] p2a: Dondozo\n|move|p2b: Garganacl|Recover|p2b: Garganacl\n|-heal|p2b: Garganacl|100\/100\n|\n|-damage|p1b: Iron Hands|84\/100|[from] Salt Cure\n|upkeep\n|turn|5\n|\n|t:|1683845922\n|move|p1a: Arcanine|Flare Blitz|p2a: Dondozo\n|-resisted|p2a: Dondozo\n|-damage|p2a: Dondozo|42\/100\n|-status|p2a: Dondozo|brn\n|-damage|p1a: Arcanine|13\/100|[from] Recoil\n|move|p1b: Iron Hands|Wild Charge|p2a: Dondozo\n|-supereffective|p2a: Dondozo\n|-damage|p2a: Dondozo|0 fnt\n|faint|p2a: Dondozo\n|-damage|p1b: Iron Hands|73\/100|[from] Recoil\n|move|p2b: Garganacl|Salt Cure|p1a: Arcanine\n|-supereffective|p1a: Arcanine\n|-damage|p1a: Arcanine|0 fnt\n|faint|p1a: Arcanine\n|\n|-damage|p1b: Iron Hands|60\/100|[from] Salt Cure\n|upkeep\n|\n|t:|1683845941\n|switch|p1a: Roaring Moon|Roaring Moon, L50|100\/100\n|switch|p2a: Kingambit|Kingambit, L50, F|100\/100\n|-enditem|p1a: Roaring Moon|Booster Energy\n|-activate|p1a: Roaring Moon|ability: Protosynthesis|[fromitem]\n|-start|p1a: Roaring Moon|protosynthesisspe\n|turn|6\n|\n|t:|1683845958\n|move|p1a: Roaring Moon|Protect|p1a: Roaring Moon\n|-singleturn|p1a: Roaring Moon|Protect\n|move|p2a: Kingambit|Iron Head|p1a: Roaring Moon\n|-activate|p1a: Roaring Moon|move: Protect\n|move|p1b: Iron Hands|Drain Punch|p2a: Kingambit\n|-supereffective|p2a: Kingambit\n|-damage|p2a: Kingambit|0 fnt\n|-heal|p1b: Iron Hands|100\/100|[from] drain|[of] p2a: Kingambit\n|faint|p2a: Kingambit\n|move|p2b: Garganacl|Salt Cure|p1a: Roaring Moon\n|-activate|p1a: Roaring Moon|move: Protect\n|\n|-damage|p1b: Iron Hands|88\/100|[from] Salt Cure\n|upkeep\n|\n|t:|1683845971\n|switch|p2a: Ting-Lu|Ting-Lu, L50|32\/100\n|-ability|p2a: Ting-Lu|Vessel of Ruin\n|turn|7\n|inactive|gjfhdfgh has 30 seconds left.\n|inactive|gjfhdfgh has 20 seconds left.\n|\n|t:|1683846011\n|-terastallize|p2b: Garganacl|Ghost\n|move|p2a: Ting-Lu|Protect|p2a: Ting-Lu\n|-singleturn|p2a: Ting-Lu|Protect\n|move|p1a: Roaring Moon|Acrobatics|p2a: Ting-Lu\n|-activate|p2a: Ting-Lu|move: Protect\n|move|p1b: Iron Hands|Volt Switch|p2b: Garganacl\n|-damage|p2b: Garganacl|93\/100\n|\n|t:|1683846020\n|-end|p1b: Iron Hands|Quark Drive|[silent]\n|switch|p1b: Gholdengo|Gholdengo, L50|91\/100|[from] Volt Switch\n|move|p2b: Garganacl|Salt Cure|p1a: Roaring Moon\n|-damage|p1a: Roaring Moon|89\/100\n|-start|p1a: Roaring Moon|Salt Cure\n|\n|-heal|p2a: Ting-Lu|38\/100|[from] item: Leftovers\n|-damage|p1a: Roaring Moon|77\/100|[from] Salt Cure\n|upkeep\n|turn|8\n|\n|t:|1683846036\n|-terastallize|p1b: Gholdengo|Steel\n|move|p1a: Roaring Moon|Acrobatics|p2a: Ting-Lu\n|-damage|p2a: Ting-Lu|17\/100\n|move|p1b: Gholdengo|Shadow Ball|p2b: Garganacl\n|-supereffective|p2b: Garganacl\n|-crit|p2b: Garganacl\n|-damage|p2b: Garganacl|44\/100\n|-unboost|p2b: Garganacl|spd|1\n|-damage|p1b: Gholdengo|81\/100|[from] item: Life Orb\n|move|p2a: Ting-Lu|Fissure|p1b: Gholdengo|[miss]\n|-miss|p2a: Ting-Lu|p1b: Gholdengo\n|move|p2b: Garganacl|Fissure|p1b: Gholdengo|[miss]\n|-miss|p2b: Garganacl|p1b: Gholdengo\n|\n|-heal|p2a: Ting-Lu|23\/100|[from] item: Leftovers\n|-damage|p1a: Roaring Moon|64\/100|[from] Salt Cure\n|upkeep\n|turn|9\n|\n|t:|1683846059\n|move|p2a: Ting-Lu|Protect|p2a: Ting-Lu\n|-singleturn|p2a: Ting-Lu|Protect\n|move|p1a: Roaring Moon|Acrobatics|p2a: Ting-Lu\n|-activate|p2a: Ting-Lu|move: Protect\n|move|p1b: Gholdengo|Shadow Ball|p2b: Garganacl\n|-supereffective|p2b: Garganacl\n|-damage|p2b: Garganacl|0 fnt\n|faint|p2b: Garganacl\n|-damage|p1b: Gholdengo|71\/100|[from] item: Life Orb\n|\n|-heal|p2a: Ting-Lu|30\/100|[from] item: Leftovers\n|-damage|p1a: Roaring Moon|52\/100|[from] Salt Cure\n|upkeep\n|turn|10\n|c|\u2606TonnyDolfing|gg\n|inactive|gjfhdfgh has 30 seconds left.\n|\n|t:|1683846090\n|move|p1a: Roaring Moon|Acrobatics|p2a: Ting-Lu\n|-crit|p2a: Ting-Lu\n|-damage|p2a: Ting-Lu|0 fnt\n|faint|p2a: Ting-Lu\n|\n|win|gjfhdfgh\n|raw|gjfhdfgh's rating: 1051 → 1086<\/strong> (+35 for winning)\n|raw|TonnyDolfing's rating: 1084 → 1059<\/strong> (-25 for losing)\n","uploadtime":1683846097,"views":7,"p1id":"gjfhdfgh","p2id":"tonnydolfing","formatid":"gen9vgc2023regulationc","rating":1059,"private":0,"password":""}