{"id":"gen9vgc2023regulationc-1854356088","p1":"deformedeugene","p2":"mysafewordisharder","format":"[Gen 9] VGC 2023 Regulation C","log":"|j|\u2606deformedeugene\n|j|\u2606mysafewordisharder\n|t:|1682800785\n|gametype|doubles\n|player|p1|deformedeugene|collector|1325\n|player|p2|mysafewordisharder|milo|1291\n|teamsize|p1|6\n|teamsize|p2|6\n|gen|9\n|tier|[Gen 9] VGC 2023 Regulation C\n|rated|\n|rule|Species Clause: Limit one of each Pok\u00e9mon\n|rule|Item Clause: Limit one of each item\n|clearpoke\n|poke|p1|Chien-Pao, L50|\n|poke|p1|Garchomp, L50, F|\n|poke|p1|Scizor, L50, F|\n|poke|p1|Gyarados, L50, M|\n|poke|p1|Farigiraf, L50, F|\n|poke|p1|Iron Hands, L50|\n|poke|p2|Garganacl, L50, M|\n|poke|p2|Arcanine, L50, F|\n|poke|p2|Amoonguss, L50, M|\n|poke|p2|Palafin, L50, M|\n|poke|p2|Flutter Mane, L50|\n|poke|p2|Baxcalibur, L50, F|\n|teampreview|4\nmysafewordisharder has agreed to open team sheets.\n|\n|t:|1682800816\n|start\n|switch|p1a: Farigiraf|Farigiraf, L50, F|100\/100\n|switch|p1b: Iron Hands|Iron Hands, L50|100\/100\n|switch|p2a: Tucker|Arcanine, L50, F|100\/100\n|switch|p2b: Chest Day|Palafin, L50, M|100\/100\n|-ability|p2a: Tucker|Intimidate|boost\n|-unboost|p1a: Farigiraf|atk|1\n|-unboost|p1b: Iron Hands|atk|1\n|turn|1\n|\n|t:|1682800829\n|detailschange|p2b: Chest Day|Palafin-Hero, L50, M\n|switch|p2b: Sus|Amoonguss, L50, M|100\/100\n|move|p1b: Iron Hands|Fake Out|p2a: Tucker\n|-damage|p2a: Tucker|90\/100\n|cant|p2a: Tucker|flinch\n|move|p1a: Farigiraf|Psychic|p2a: Tucker\n|-damage|p2a: Tucker|38\/100\n|\n|upkeep\n|turn|2\n|\n|t:|1682800846\n|-terastallize|p1b: Iron Hands|Grass\n|move|p2a: Tucker|Will-O-Wisp|p1b: Iron Hands\n|-status|p1b: Iron Hands|brn\n|move|p1a: Farigiraf|Psychic|p2a: Tucker\n|-damage|p2a: Tucker|0 fnt\n|faint|p2a: Tucker\n|move|p1b: Iron Hands|Drain Punch|p2b: Sus\n|-resisted|p2b: Sus\n|-damage|p2b: Sus|95\/100\n|move|p2b: Sus|Pollen Puff|p2: Tucker|[notarget]\n|-fail|p2b: Sus\n|\n|-damage|p1b: Iron Hands|94\/100 brn|[from] brn\n|upkeep\n|\n|t:|1682800857\n|switch|p2a: Chest Day|Palafin-Hero, L50, M|100\/100\n|-activate|p2a: Chest Day|ability: Zero to Hero\n|turn|3\n|\n|t:|1682800869\n|move|p2a: Chest Day|Protect|p2a: Chest Day\n|-singleturn|p2a: Chest Day|Protect\n|move|p1a: Farigiraf|Psychic|p2b: Sus\n|-supereffective|p2b: Sus\n|-damage|p2b: Sus|17\/100\n|-enditem|p2b: Sus|Sitrus Berry|[eat]\n|-heal|p2b: Sus|42\/100|[from] item: Sitrus Berry\n|move|p1b: Iron Hands|Wild Charge|p2a: Chest Day\n|-activate|p2a: Chest Day|move: Protect\n|move|p2b: Sus|Spore|p1a: Farigiraf\n|-activate|p1a: Farigiraf|item: Safety Goggles|Spore\n|\n|-damage|p1b: Iron Hands|88\/100 brn|[from] brn\n|upkeep\n|turn|4\n|\n|t:|1682800886\n|switch|p2a: Salt me Bae|Garganacl, L50, M|100\/100\n|move|p2b: Sus|Protect|p2b: Sus\n|-singleturn|p2b: Sus|Protect\n|move|p1a: Farigiraf|Psychic|p2b: Sus\n|-activate|p2b: Sus|move: Protect\n|move|p1b: Iron Hands|Wild Charge|p2a: Salt me Bae\n|-damage|p2a: Salt me Bae|87\/100\n|-damage|p1b: Iron Hands|86\/100 brn|[from] Recoil\n|\n|-heal|p2a: Salt me Bae|93\/100|[from] item: Leftovers\n|-damage|p1b: Iron Hands|80\/100 brn|[from] brn\n|upkeep\n|turn|5\n|\n|t:|1682800905\n|switch|p2b: Chest Day|Palafin-Hero, L50, M|100\/100\n|-terastallize|p2a: Salt me Bae|Grass\n|move|p1a: Farigiraf|Psychic|p2b: Chest Day\n|-damage|p2b: Chest Day|55\/100\n|-unboost|p2b: Chest Day|spd|1\n|move|p1b: Iron Hands|Drain Punch|p2b: Chest Day\n|-damage|p2b: Chest Day|42\/100\n|-heal|p1b: Iron Hands|85\/100 brn|[from] drain|[of] p2b: Chest Day\n|move|p2a: Salt me Bae|Salt Cure|p1b: Iron Hands\n|-damage|p1b: Iron Hands|75\/100 brn\n|-start|p1b: Iron Hands|Salt Cure\n|\n|-heal|p2a: Salt me Bae|99\/100|[from] item: Leftovers\n|-damage|p1b: Iron Hands|69\/100 brn|[from] brn\n|-damage|p1b: Iron Hands|57\/100 brn|[from] Salt Cure\n|upkeep\n|turn|6\n|\n|t:|1682800924\n|switch|p1a: Chien-Pao|Chien-Pao, L50|100\/100\n|-ability|p1a: Chien-Pao|Sword of Ruin\n|-end|p1b: Iron Hands|Quark Drive|[silent]\n|switch|p1b: Garchomp|Garchomp, L50, F|100\/100\n|move|p2b: Chest Day|Protect|p2b: Chest Day\n|-singleturn|p2b: Chest Day|Protect\n|move|p2a: Salt me Bae|Salt Cure|p1a: Chien-Pao\n|-supereffective|p1a: Chien-Pao\n|-damage|p1a: Chien-Pao|58\/100\n|-start|p1a: Chien-Pao|Salt Cure\n|\n|-heal|p2a: Salt me Bae|100\/100|[from] item: Leftovers\n|-damage|p1a: Chien-Pao|46\/100|[from] Salt Cure\n|upkeep\n|turn|7\n|\n|t:|1682800958\n|switch|p2b: Sus|Amoonguss, L50, M|75\/100\n|move|p1a: Chien-Pao|Protect|p1a: Chien-Pao\n|-singleturn|p1a: Chien-Pao|Protect\n|move|p2a: Salt me Bae|Protect|p2a: Salt me Bae\n|-singleturn|p2a: Salt me Bae|Protect\n|move|p1b: Garchomp|Earthquake|p2a: Salt me Bae|[spread] p2b\n|-activate|p1a: Chien-Pao|move: Protect\n|-activate|p2a: Salt me Bae|move: Protect\n|-damage|p2b: Sus|34\/100\n|\n|-damage|p1a: Chien-Pao|33\/100|[from] Salt Cure\n|upkeep\n|turn|8\n|\n|t:|1682800986\n|switch|p1b: Iron Hands|Iron Hands, L50, tera:Grass|57\/100 brn\n|move|p2b: Sus|Protect|p2b: Sus\n|-singleturn|p2b: Sus|Protect\n|move|p1a: Chien-Pao|Ice Fang|p2a: Salt me Bae\n|-supereffective|p2a: Salt me Bae\n|-damage|p2a: Salt me Bae|45\/100\n|move|p2a: Salt me Bae|Recover|p2a: Salt me Bae\n|-heal|p2a: Salt me Bae|95\/100\n|\n|-heal|p2a: Salt me Bae|100\/100|[from] item: Leftovers\n|-damage|p1b: Iron Hands|50\/100 brn|[from] brn\n|-damage|p1a: Chien-Pao|21\/100|[from] Salt Cure\n|upkeep\n|turn|9\n|\n|t:|1682801010\n|-end|p1b: Iron Hands|Quark Drive|[silent]\n|switch|p1b: Garchomp|Garchomp, L50, F|100\/100\n|switch|p2b: Chest Day|Palafin-Hero, L50, M|42\/100\n|move|p1a: Chien-Pao|Ice Fang|p2b: Chest Day\n|-resisted|p2b: Chest Day\n|-damage|p2b: Chest Day|22\/100\n|move|p2a: Salt me Bae|Salt Cure|p1b: Garchomp\n|-resisted|p1b: Garchomp\n|-damage|p1b: Garchomp|91\/100\n|-start|p1b: Garchomp|Salt Cure\n|\n|-damage|p1b: Garchomp|79\/100|[from] Salt Cure\n|-damage|p1a: Chien-Pao|9\/100|[from] Salt Cure\n|upkeep\n|turn|10\n|\n|t:|1682801036\n|switch|p1b: Iron Hands|Iron Hands, L50, tera:Grass|50\/100 brn\n|switch|p1a: Farigiraf|Farigiraf, L50, F|100\/100\n|switch|p2b: Sus|Amoonguss, L50, M|67\/100\n|move|p2a: Salt me Bae|Wide Guard||[still]\n|-fail|p2a: Salt me Bae\n|\n|-damage|p1b: Iron Hands|44\/100 brn|[from] brn\n|upkeep\n|turn|11\n|\n|t:|1682801048\n|move|p2a: Salt me Bae|Protect|p2a: Salt me Bae\n|-singleturn|p2a: Salt me Bae|Protect\n|move|p2b: Sus|Protect|p2b: Sus\n|-singleturn|p2b: Sus|Protect\n|move|p1b: Iron Hands|Fake Out|p2a: Salt me Bae\n|-activate|p2a: Salt me Bae|move: Protect\n|move|p1a: Farigiraf|Trick Room|p1a: Farigiraf\n|-fieldstart|move: Trick Room|[of] p1a: Farigiraf\n|\n|-damage|p1b: Iron Hands|38\/100 brn|[from] brn\n|upkeep\n|turn|12\n|\n|t:|1682801061\n|switch|p2b: Chest Day|Palafin-Hero, L50, M|22\/100\n|move|p2a: Salt me Bae|Salt Cure|p1a: Farigiraf\n|-damage|p1a: Farigiraf|87\/100\n|-start|p1a: Farigiraf|Salt Cure\n|move|p1b: Iron Hands|Heavy Slam|p2b: Chest Day\n|-resisted|p2b: Chest Day\n|-damage|p2b: Chest Day|15\/100\n|move|p1a: Farigiraf|Psychic|p2b: Chest Day\n|-damage|p2b: Chest Day|0 fnt\n|faint|p2b: Chest Day\n|\n|-damage|p1b: Iron Hands|32\/100 brn|[from] brn\n|-damage|p1a: Farigiraf|75\/100|[from] Salt Cure\n|upkeep\n|\n|t:|1682801074\n|switch|p2b: Sus|Amoonguss, L50, M|99\/100\n|turn|13\n|\n|t:|1682801088\n|move|p2b: Sus|Pollen Puff|p1a: Farigiraf\n|-supereffective|p1a: Farigiraf\n|-damage|p1a: Farigiraf|35\/100\n|move|p2a: Salt me Bae|Salt Cure|p1b: Iron Hands\n|-damage|p1b: Iron Hands|21\/100 brn\n|-start|p1b: Iron Hands|Salt Cure\n|move|p1b: Iron Hands|Heavy Slam|p2b: Sus\n|-damage|p2b: Sus|82\/100\n|move|p1a: Farigiraf|Psychic|p2b: Sus\n|-supereffective|p2b: Sus\n|-damage|p2b: Sus|9\/100\n|\n|-damage|p1b: Iron Hands|15\/100 brn|[from] brn\n|-damage|p1b: Iron Hands|3\/100 brn|[from] Salt Cure\n|-damage|p1a: Farigiraf|23\/100|[from] Salt Cure\n|upkeep\n|turn|14\n|\n|t:|1682801109\n|switch|p1a: Garchomp|Garchomp, L50, F|79\/100\n|move|p2b: Sus|Pollen Puff|p1a: Garchomp\n|-damage|p1a: Garchomp|61\/100\n|move|p2a: Salt me Bae|Salt Cure|p1b: Iron Hands\n|-damage|p1b: Iron Hands|0 fnt\n|faint|p1b: Iron Hands\n|-end|p1b: Iron Hands|Quark Drive|[silent]\n|\n|upkeep\n|\n|t:|1682801121\n|switch|p1b: Farigiraf|Farigiraf, L50, F|23\/100\n|turn|15\n|\n|t:|1682801132\n|move|p2b: Sus|Pollen Puff|p1b: Farigiraf\n|-supereffective|p1b: Farigiraf\n|-crit|p1b: Farigiraf\n|-damage|p1b: Farigiraf|0 fnt\n|faint|p1b: Farigiraf\n|move|p2a: Salt me Bae|Salt Cure|p1a: Garchomp\n|-resisted|p1a: Garchomp\n|-damage|p1a: Garchomp|53\/100\n|-start|p1a: Garchomp|Salt Cure\n|move|p1a: Garchomp|Outrage|p2b: Sus\n|-damage|p2b: Sus|0 fnt\n|faint|p2b: Sus\n|\n|-damage|p1a: Garchomp|41\/100|[from] Salt Cure\n|-fieldend|move: Trick Room\n|upkeep\n|\n|t:|1682801146\n|switch|p1b: Chien-Pao|Chien-Pao, L50|9\/100\n|-ability|p1b: Chien-Pao|Sword of Ruin\n|turn|16\n|\n|t:|1682801157\n|move|p2a: Salt me Bae|Protect|p2a: Salt me Bae\n|-singleturn|p2a: Salt me Bae|Protect\n|move|p1a: Garchomp|Outrage|p2a: Salt me Bae|[from]lockedmove\n|-activate|p2a: Salt me Bae|move: Protect\n|move|p1b: Chien-Pao|Ice Fang|p2a: Salt me Bae\n|-activate|p2a: Salt me Bae|move: Protect\n|\n|-damage|p1a: Garchomp|29\/100|[from] Salt Cure\n|upkeep\n|turn|17\n|\n|t:|1682801168\n|move|p1a: Garchomp|Outrage|p2a: Salt me Bae\n|-damage|p2a: Salt me Bae|46\/100\n|move|p1b: Chien-Pao|Ice Fang|p2a: Salt me Bae\n|-supereffective|p2a: Salt me Bae\n|-damage|p2a: Salt me Bae|0 fnt\n|faint|p2a: Salt me Bae\n|\n|win|deformedeugene\n|raw|deformedeugene's rating: 1325 → 1343<\/strong> (+18 for winning)\n|raw|mysafewordisharder's rating: 1291 → 1268<\/strong> (-23 for losing)\n","uploadtime":1682801177,"views":18,"p1id":"deformedeugene","p2id":"mysafewordisharder","formatid":"gen9vgc2023regulationc","rating":1268,"private":0,"password":""}