{"id":"gen9vgc2023regulationc-1863707801","p1":"LupinAlpha","p2":"metalgymleader","format":"[Gen 9] VGC 2023 Regulation C","log":"|j|\u2606LupinAlpha\n|j|\u2606metalgymleader\n|t:|1684064488\n|gametype|doubles\n|player|p1|LupinAlpha|1|1089\n|player|p2|metalgymleader|colress|1140\n|teamsize|p1|6\n|teamsize|p2|6\n|gen|9\n|tier|[Gen 9] VGC 2023 Regulation C\n|rated|\n|rule|Species Clause: Limit one of each Pok\u00e9mon\n|rule|Item Clause: Limit one of each item\n|clearpoke\n|poke|p1|Tinkaton, L50, F|\n|poke|p1|Arcanine, L50, F|\n|poke|p1|Brute Bonnet, L50|\n|poke|p1|Flutter Mane, L50|\n|poke|p1|Espathra, L50, F|\n|poke|p1|Tatsugiri, L50, M|\n|poke|p2|Torkoal, L50, F|\n|poke|p2|Maushold, L50|\n|poke|p2|Great Tusk, L50|\n|poke|p2|Oranguru, L50, F|\n|poke|p2|Hatterene, L50, F|\n|poke|p2|Jumpluff, L50, M|\n|teampreview|4\nLupinAlpha rejected open team sheets.\n|\n|t:|1684064549\n|start\n|switch|p1a: Arcanine|Arcanine, L50, F|100\/100\n|switch|p1b: Brute Bonnet|Brute Bonnet, L50|100\/100\n|switch|p2a: Torkoal|Torkoal, L50, F|100\/100\n|switch|p2b: Jumpluff|Jumpluff, L50, M|100\/100\n|-ability|p1a: Arcanine|Intimidate|boost\n|-unboost|p2a: Torkoal|atk|1\n|-unboost|p2b: Jumpluff|atk|1\n|-weather|SunnyDay|[from] ability: Drought|[of] p2a: Torkoal\n|-activate|p1b: Brute Bonnet|ability: Protosynthesis\n|-start|p1b: Brute Bonnet|protosynthesisatk\n|turn|1\n|\n|t:|1684064577\n|switch|p2b: Great Tusk|Great Tusk, L50|100\/100\n|-activate|p2b: Great Tusk|ability: Protosynthesis\n|-start|p2b: Great Tusk|protosynthesisatk\n|move|p1a: Arcanine|Extreme Speed|p2b: Great Tusk\n|-damage|p2b: Great Tusk|82\/100\n|move|p1b: Brute Bonnet|Crunch|p2b: Great Tusk\n|-resisted|p2b: Great Tusk\n|-damage|p2b: Great Tusk|64\/100\n|-unboost|p2b: Great Tusk|def|1\n|move|p2a: Torkoal|Heat Wave|p1b: Brute Bonnet|[spread] p1a,p1b\n|-resisted|p1a: Arcanine\n|-supereffective|p1b: Brute Bonnet\n|-damage|p1a: Arcanine|59\/100\n|-damage|p1b: Brute Bonnet|0 fnt\n|faint|p1b: Brute Bonnet\n|-end|p1b: Brute Bonnet|Protosynthesis|[silent]\n|\n|-weather|SunnyDay|[upkeep]\n|upkeep\n|\n|t:|1684064596\n|switch|p1b: Tatsugiri|Tatsugiri, L50, M|100\/100\n|turn|2\n|\n|t:|1684064611\n|switch|p2a: Jumpluff|Jumpluff, L50, M|100\/100\n|-terastallize|p2b: Great Tusk|Ground\n|move|p1a: Arcanine|Play Rough|p2b: Great Tusk|[miss]\n|-miss|p1a: Arcanine|p2b: Great Tusk\n|move|p2b: Great Tusk|Earthquake|p1b: Tatsugiri|[spread] p1a,p1b\n|-immune|p2a: Jumpluff\n|-supereffective|p1a: Arcanine\n|-damage|p1a: Arcanine|0 fnt\n|-damage|p1b: Tatsugiri|4\/100\n|faint|p1a: Arcanine\n|move|p1b: Tatsugiri|Muddy Water|p2b: Great Tusk|[spread] p2a,p2b\n|-resisted|p2a: Jumpluff\n|-supereffective|p2b: Great Tusk\n|-crit|p2b: Great Tusk\n|-damage|p2a: Jumpluff|92\/100\n|-damage|p2b: Great Tusk|0 fnt\n|faint|p2b: Great Tusk\n|-end|p2b: Great Tusk|Protosynthesis|[silent]\n|\n|-weather|SunnyDay|[upkeep]\n|upkeep\n|\n|t:|1684064629\n|switch|p1a: Espathra|Espathra, L50, F|100\/100\n|switch|p2b: Hatterene|Hatterene, L50, F|100\/100\n|turn|3\n|\n|t:|1684064654\n|move|p1b: Tatsugiri|Protect|p1b: Tatsugiri\n|-singleturn|p1b: Tatsugiri|Protect\n|move|p2a: Jumpluff|Sleep Powder|p1a: Espathra\n|-status|p1a: Espathra|slp|[from] move: Sleep Powder\n|cant|p1a: Espathra|slp\n|move|p2b: Hatterene|Dazzling Gleam|p1a: Espathra|[spread] p1a\n|-activate|p1b: Tatsugiri|move: Protect\n|-damage|p1a: Espathra|47\/100 slp\n|-damage|p2b: Hatterene|91\/100|[from] item: Life Orb\n|\n|-weather|SunnyDay|[upkeep]\n|-ability|p1a: Espathra|Speed Boost|boost\n|-boost|p1a: Espathra|spe|1\n|upkeep\n|turn|4\n|\n|t:|1684064674\n|move|p2a: Jumpluff|Rage Powder|p2a: Jumpluff\n|-singleturn|p2a: Jumpluff|move: Rage Powder\n|cant|p1a: Espathra|slp\n|move|p1b: Tatsugiri|Icy Wind|p2a: Jumpluff|[spread] p2a,p2b\n|-supereffective|p2a: Jumpluff\n|-damage|p2a: Jumpluff|35\/100\n|-damage|p2b: Hatterene|76\/100\n|-unboost|p2b: Hatterene|spe|1\n|move|p2b: Hatterene|Dazzling Gleam|p1a: Espathra|[spread] p1a\n|-miss|p2b: Hatterene|p1b: Tatsugiri\n|-damage|p1a: Espathra|0 fnt\n|faint|p1a: Espathra\n|-damage|p2b: Hatterene|66\/100|[from] item: Life Orb\n|\n|-weather|SunnyDay|[upkeep]\n|upkeep\n|turn|5\n|\n|t:|1684064690\n|move|p2a: Jumpluff|Rage Powder|p2a: Jumpluff\n|-singleturn|p2a: Jumpluff|move: Rage Powder\n|move|p1b: Tatsugiri|Icy Wind|p2b: Hatterene|[spread] p2a,p2b\n|-supereffective|p2a: Jumpluff\n|-damage|p2a: Jumpluff|0 fnt\n|-damage|p2b: Hatterene|53\/100\n|-unboost|p2b: Hatterene|spe|1\n|faint|p2a: Jumpluff\n|move|p2b: Hatterene|Dazzling Gleam|p1b: Tatsugiri\n|-supereffective|p1b: Tatsugiri\n|-damage|p1b: Tatsugiri|0 fnt\n|faint|p1b: Tatsugiri\n|-damage|p2b: Hatterene|43\/100|[from] item: Life Orb\n|\n|win|metalgymleader\n|raw|LupinAlpha's rating: 1089 → 1069<\/strong> (-20 for losing)\n|raw|metalgymleader's rating: 1140 → 1161<\/strong> (+21 for winning)\n|l|\u2606LupinAlpha\n","uploadtime":1684064709,"views":14,"p1id":"lupinalpha","p2id":"metalgymleader","formatid":"gen9vgc2023regulationc","rating":1069,"private":0,"password":""}