{"id":"gen9vgc2023regulationc-1849164787","p1":"vincioooo","p2":"Ytterby","format":"[Gen 9] VGC 2023 Regulation C","log":"|j|\u2606vincioooo\n|j|\u2606Ytterby\n|t:|1682166900\n|gametype|doubles\n|player|p1|vincioooo|n|1224\n|player|p2|Ytterby|brycenman|1142\n|teamsize|p1|6\n|teamsize|p2|6\n|gen|9\n|tier|[Gen 9] VGC 2023 Regulation C\n|rated|\n|rule|Species Clause: Limit one of each Pok\u00e9mon\n|rule|Item Clause: Limit one of each item\n|clearpoke\n|poke|p1|Cloyster, L50, F|\n|poke|p1|Ting-Lu, L50|\n|poke|p1|Gyarados, L50, F|\n|poke|p1|Amoonguss, L50, F|\n|poke|p1|Grimmsnarl, L50, M|\n|poke|p1|Dragonite, L50, F|\n|poke|p2|Flutter Mane, L50|\n|poke|p2|Arcanine, L50, M|\n|poke|p2|Torkoal, L50, F|\n|poke|p2|Great Tusk, L50|\n|poke|p2|Indeedee-F, L50, F|\n|poke|p2|Talonflame, L50, M|\n|teampreview|4\n|inactive|Battle timer is ON: inactive players will automatically lose when time's up. (requested by vincioooo)\n|inactive|vincioooo has 60 seconds left.\n|inactive|Ytterby has 60 seconds left.\nYtterby has agreed to open team sheets.\n|\n|t:|1682166952\n|start\n|switch|p1a: Ting-Lu|Ting-Lu, L50|100\/100\n|switch|p1b: Cloyster|Cloyster, L50, F|100\/100\n|switch|p2a: Great Tusk|Great Tusk, L50|100\/100\n|switch|p2b: Talonflame|Talonflame, L50, M|100\/100\n|-ability|p1a: Ting-Lu|Vessel of Ruin\n|turn|1\n|inactive|Ytterby has 30 seconds left.\n|inactive|Ytterby has 20 seconds left.\n|inactive|Ytterby has 15 seconds left.\n|\n|t:|1682166994\n|switch|p1b: Gyarados|Gyarados, L50, F|100\/100\n|-ability|p1b: Gyarados|Intimidate|boost\n|-unboost|p2a: Great Tusk|atk|1\n|-unboost|p2b: Talonflame|atk|1\n|move|p2b: Talonflame|Will-O-Wisp|p1b: Gyarados\n|-status|p1b: Gyarados|brn\n|move|p2a: Great Tusk|Rock Slide|p1b: Gyarados|[spread] p1a,p1b\n|-resisted|p1a: Ting-Lu\n|-supereffective|p1b: Gyarados\n|-damage|p1a: Ting-Lu|97\/100\n|-damage|p1b: Gyarados|76\/100 brn\n|move|p1a: Ting-Lu|Rock Slide|p2b: Talonflame|[spread] p2a,p2b\n|-resisted|p2a: Great Tusk\n|-supereffective|p2b: Talonflame\n|-damage|p2a: Great Tusk|96\/100\n|-damage|p2b: Talonflame|0 fnt\n|faint|p2b: Talonflame\n|\n|-damage|p1b: Gyarados|70\/100 brn|[from] brn\n|upkeep\n|\n|t:|1682167010\n|switch|p2b: Arcanine|Arcanine, L50, M|100\/100\n|-ability|p2b: Arcanine|Intimidate|boost\n|-unboost|p1a: Ting-Lu|atk|1\n|-unboost|p1b: Gyarados|atk|1\n|turn|2\n|inactive|Ytterby has 30 seconds left.\n|\n|t:|1682167039\n|-end|p2a: Great Tusk|Protosynthesis|[silent]\n|switch|p2a: Flutter Mane|Flutter Mane, L50|100\/100\n|move|p2b: Arcanine|Protect|p2b: Arcanine\n|-singleturn|p2b: Arcanine|Protect\n|move|p1b: Gyarados|Thunder Wave|p2b: Arcanine\n|-activate|p2b: Arcanine|move: Protect\n|move|p1a: Ting-Lu|Rock Slide|p2a: Flutter Mane|[spread] p2a\n|-activate|p2b: Arcanine|move: Protect\n|-damage|p2a: Flutter Mane|64\/100\n|\n|-damage|p1b: Gyarados|64\/100 brn|[from] brn\n|upkeep\n|turn|3\n|inactive|Ytterby has 30 seconds left.\n|\n|t:|1682167069\n|-terastallize|p2a: Flutter Mane|Fairy\n|move|p2a: Flutter Mane|Dazzling Gleam|p1a: Ting-Lu|[spread] p1a,p1b\n|-supereffective|p1a: Ting-Lu\n|-damage|p1a: Ting-Lu|37\/100\n|-damage|p1b: Gyarados|29\/100 brn\n|-damage|p2a: Flutter Mane|55\/100|[from] item: Life Orb\n|move|p2b: Arcanine|Heat Wave|p1a: Ting-Lu|[spread] p1a,p1b\n|-resisted|p1b: Gyarados\n|-damage|p1a: Ting-Lu|20\/100\n|-damage|p1b: Gyarados|20\/100 brn\n|move|p1b: Gyarados|Thunder Wave|p2b: Arcanine\n|-status|p2b: Arcanine|par\n|move|p1a: Ting-Lu|Rock Slide|p2a: Flutter Mane|[spread] p2b\n|-miss|p1a: Ting-Lu|p2a: Flutter Mane\n|-supereffective|p2b: Arcanine\n|-damage|p2b: Arcanine|56\/100 par\n|\n|-damage|p1b: Gyarados|14\/100 brn|[from] brn\n|upkeep\n|turn|4\n|inactive|vincioooo has 30 seconds left.\n|inactive|Ytterby has 30 seconds left.\n|\n|t:|1682167100\n|switch|p2b: Great Tusk|Great Tusk, L50|96\/100\n|move|p2a: Flutter Mane|Dazzling Gleam|p1b: Gyarados|[spread] p1a,p1b\n|-supereffective|p1a: Ting-Lu\n|-damage|p1a: Ting-Lu|0 fnt\n|-damage|p1b: Gyarados|0 fnt\n|faint|p1a: Ting-Lu\n|faint|p1b: Gyarados\n|-damage|p2a: Flutter Mane|45\/100|[from] item: Life Orb\n|\n|upkeep\n|\n|t:|1682167106\n|switch|p1b: Cloyster|Cloyster, L50, F|100\/100\n|switch|p1a: Grimmsnarl|Grimmsnarl, L50, M|100\/100\n|turn|5\n|\n|t:|1682167127\n|-end|p2b: Great Tusk|Protosynthesis|[silent]\n|switch|p2b: Arcanine|Arcanine, L50, M|56\/100 par\n|-ability|p2b: Arcanine|Intimidate|boost\n|-unboost|p1a: Grimmsnarl|atk|1\n|-unboost|p1b: Cloyster|atk|1\n|move|p2a: Flutter Mane|Protect|p2a: Flutter Mane\n|-singleturn|p2a: Flutter Mane|Protect\n|move|p1a: Grimmsnarl|Fake Out|p2b: Arcanine\n|-damage|p2b: Arcanine|46\/100 par\n|move|p1b: Cloyster|Icicle Spear|p2a: Flutter Mane\n|-activate|p2a: Flutter Mane|move: Protect\n|\n|upkeep\n|turn|6\n|inactive|Ytterby has 30 seconds left.\n|inactive|Ytterby has 20 seconds left.\n|inactive|Ytterby has 15 seconds left.\n|inactive|Ytterby has 10 seconds left.\n|inactive|Ytterby has 5 seconds left.\n|\n|t:|1682167181\n|move|p1a: Grimmsnarl|Light Screen|p1a: Grimmsnarl\n|-sidestart|p1: vincioooo|move: Light Screen\n|move|p2a: Flutter Mane|Moonblast|p1a: Grimmsnarl\n|-supereffective|p1a: Grimmsnarl\n|-damage|p1a: Grimmsnarl|0 fnt\n|faint|p1a: Grimmsnarl\n|-damage|p2a: Flutter Mane|36\/100|[from] item: Life Orb\n|move|p1b: Cloyster|Rock Blast|p2b: Arcanine\n|-supereffective|p2b: Arcanine\n|-damage|p2b: Arcanine|32\/100 par\n|-supereffective|p2b: Arcanine\n|-damage|p2b: Arcanine|20\/100 par\n|-supereffective|p2b: Arcanine\n|-damage|p2b: Arcanine|7\/100 par\n|-supereffective|p2b: Arcanine\n|-damage|p2b: Arcanine|0 fnt\n|faint|p2b: Arcanine\n|-hitcount|p2: Arcanine|4\n|\n|upkeep\n|\n|t:|1682167196\n|switch|p2b: Great Tusk|Great Tusk, L50|96\/100\n|turn|7\n|\n|t:|1682167209\n|-terastallize|p1b: Cloyster|Grass\n|move|p2a: Flutter Mane|Moonblast|p1b: Cloyster\n|-damage|p1b: Cloyster|33\/100\n|-damage|p2a: Flutter Mane|27\/100|[from] item: Life Orb\n|move|p2b: Great Tusk|Headlong Rush|p1b: Cloyster\n|-resisted|p1b: Cloyster\n|-damage|p1b: Cloyster|7\/100\n|-unboost|p2b: Great Tusk|def|1\n|-unboost|p2b: Great Tusk|spd|1\n|move|p1b: Cloyster|Icicle Spear|p2b: Great Tusk\n|-supereffective|p2b: Great Tusk\n|-damage|p2b: Great Tusk|79\/100\n|-supereffective|p2b: Great Tusk\n|-damage|p2b: Great Tusk|63\/100\n|-supereffective|p2b: Great Tusk\n|-damage|p2b: Great Tusk|47\/100\n|-supereffective|p2b: Great Tusk\n|-damage|p2b: Great Tusk|30\/100\n|-supereffective|p2b: Great Tusk\n|-damage|p2b: Great Tusk|15\/100\n|-hitcount|p2b: Great Tusk|5\n|\n|upkeep\n|turn|8\n|-message|vincioooo forfeited.\n|\n|win|Ytterby\n|raw|vincioooo's rating: 1224 → 1193<\/strong> (-31 for losing)\n|raw|Ytterby's rating: 1142 → 1173<\/strong> (+31 for winning)\n|l|\u2606vincioooo\n","uploadtime":1682167236,"views":11,"p1id":"vincioooo","p2id":"ytterby","formatid":"gen9vgc2023regulationc","rating":1173,"private":0,"password":""}