{"id":"gen9vgc2023regulationc-1852757486","p1":"Crusaderofni","p2":"SM0KESgirl","format":"[Gen 9] VGC 2023 Regulation C","log":"|j|\u2606Crusaderofni\n|j|\u2606SM0KESgirl\n|t:|1682603673\n|gametype|doubles\n|player|p1|Crusaderofni|170|1236\n|player|p2|SM0KESgirl|skyla|1271\n|teamsize|p1|6\n|teamsize|p2|6\n|gen|9\n|tier|[Gen 9] VGC 2023 Regulation C\n|rated|\n|rule|Species Clause: Limit one of each Pok\u00e9mon\n|rule|Item Clause: Limit one of each item\n|clearpoke\n|poke|p1|Iron Hands, L50|\n|poke|p1|Iron Bundle, L50|\n|poke|p1|Arcanine, L50, M|\n|poke|p1|Amoonguss, L50, M|\n|poke|p1|Annihilape, L50, M|\n|poke|p1|Maushold, L50|\n|poke|p2|Gholdengo, L50|\n|poke|p2|Murkrow, L50, F|\n|poke|p2|Baxcalibur, L50, F|\n|poke|p2|Annihilape, L50, F|\n|poke|p2|Flutter Mane, L50|\n|poke|p2|Amoonguss, L50, M|\n|teampreview|4\n|inactive|Battle timer is ON: inactive players will automatically lose when time's up. (requested by SM0KESgirl)\n|\n|t:|1682603718\n|start\n|switch|p1a: Annihilape|Annihilape, L50, M|100\/100\n|switch|p1b: Maushold|Maushold, L50|100\/100\n|switch|p2a: Murkrow|Murkrow, L50, F|100\/100\n|switch|p2b: Gholdengo|Gholdengo, L50|100\/100\n|turn|1\n|inactive|SM0KESgirl has 30 seconds left.\n|\n|t:|1682603750\n|-terastallize|p1a: Annihilape|Fire\n|move|p2a: Murkrow|Tailwind|p2a: Murkrow\n|-sidestart|p2: SM0KESgirl|move: Tailwind\n|move|p2b: Gholdengo|Make It Rain|p1b: Maushold|[spread] p1a,p1b\n|-resisted|p1a: Annihilape\n|-damage|p1a: Annihilape|73\/100\n|-damage|p1b: Maushold|0 fnt\n|-unboost|p2b: Gholdengo|spa|1\n|faint|p1b: Maushold\n|move|p1a: Annihilape|Rage Fist|p2b: Gholdengo\n|-supereffective|p2b: Gholdengo\n|-damage|p2b: Gholdengo|3\/100\n|\n|-heal|p1a: Annihilape|79\/100|[from] item: Leftovers\n|upkeep\n|\n|t:|1682603765\n|switch|p1b: Arcanine|Arcanine, L50, M|100\/100\n|-ability|p1b: Arcanine|Intimidate|boost\n|-unboost|p2a: Murkrow|atk|1\n|-unboost|p2b: Gholdengo|atk|1\n|turn|2\n|\n|t:|1682603789\n|move|p2a: Murkrow|Foul Play|p1b: Arcanine\n|-damage|p1b: Arcanine|40\/100\n|move|p2b: Gholdengo|Make It Rain|p1b: Arcanine|[spread] p1a,p1b\n|-resisted|p1a: Annihilape\n|-resisted|p1b: Arcanine\n|-damage|p1a: Annihilape|57\/100\n|-damage|p1b: Arcanine|14\/100\n|-unboost|p2b: Gholdengo|spa|1\n|move|p1b: Arcanine|Flare Blitz|p2a: Murkrow\n|-damage|p2a: Murkrow|36\/100\n|-damage|p1b: Arcanine|0 fnt|[from] Recoil\n|faint|p1b: Arcanine\n|move|p1a: Annihilape|Rage Fist|p2b: Gholdengo\n|-supereffective|p2b: Gholdengo\n|-damage|p2b: Gholdengo|0 fnt\n|faint|p2b: Gholdengo\n|\n|-heal|p1a: Annihilape|63\/100|[from] item: Leftovers\n|upkeep\n|\n|t:|1682603814\n|switch|p1b: Iron Hands|Iron Hands, L50|100\/100\n|switch|p2b: Baxcalibur|Baxcalibur, L50, F|100\/100\n|turn|3\n|\n|t:|1682603838\n|-terastallize|p2b: Baxcalibur|Ground\n|move|p1b: Iron Hands|Fake Out|p2b: Baxcalibur\n|-damage|p2b: Baxcalibur|87\/100\n|move|p2a: Murkrow|Thunder Wave|p1b: Iron Hands\n|-immune|p1b: Iron Hands\n|cant|p2b: Baxcalibur|flinch\n|move|p1a: Annihilape|Rage Fist|p2b: Baxcalibur\n|-damage|p2b: Baxcalibur|20\/100\n|\n|-heal|p1a: Annihilape|69\/100|[from] item: Leftovers\n|upkeep\n|turn|4\n|inactive|SM0KESgirl has 30 seconds left.\n|inactive|SM0KESgirl has 20 seconds left.\n|\n|t:|1682603878\n|move|p1a: Annihilape|Protect|p1a: Annihilape\n|-singleturn|p1a: Annihilape|Protect\n|move|p2a: Murkrow|Haze|p2a: Murkrow\n|-clearallboost\n|move|p2b: Baxcalibur|Earthquake|p1b: Iron Hands|[spread] p1b\n|-activate|p1a: Annihilape|move: Protect\n|-immune|p2a: Murkrow\n|-supereffective|p1b: Iron Hands\n|-damage|p1b: Iron Hands|45\/100\n|move|p1b: Iron Hands|Drain Punch|p2b: Baxcalibur\n|-damage|p2b: Baxcalibur|0 fnt\n|-heal|p1b: Iron Hands|53\/100|[from] drain|[of] p2b: Baxcalibur\n|faint|p2b: Baxcalibur\n|\n|-heal|p1a: Annihilape|75\/100|[from] item: Leftovers\n|-sideend|p2: SM0KESgirl|move: Tailwind\n|upkeep\n|\n|t:|1682603897\n|switch|p2b: Annihilape|Annihilape, L50, F|100\/100\n|turn|5\n|\n|t:|1682603911\n|move|p2b: Annihilape|Protect|p2b: Annihilape\n|-singleturn|p2b: Annihilape|Protect\n|move|p2a: Murkrow|Thunder Wave|p1a: Annihilape\n|-status|p1a: Annihilape|par\n|move|p1b: Iron Hands|Wild Charge|p2a: Murkrow\n|-supereffective|p2a: Murkrow\n|-damage|p2a: Murkrow|0 fnt\n|faint|p2a: Murkrow\n|-damage|p1b: Iron Hands|47\/100|[from] Recoil\n|move|p1a: Annihilape|Rage Fist|p2b: Annihilape\n|-activate|p2b: Annihilape|move: Protect\n|\n|-heal|p1a: Annihilape|81\/100 par|[from] item: Leftovers\n|upkeep\n|turn|6\n|inactive|SM0KESgirl has 30 seconds left.\n|\n|t:|1682603945\n|move|p2b: Annihilape|Drain Punch|p1a: Annihilape\n|-damage|p1a: Annihilape|52\/100 par\n|move|p1b: Iron Hands|Wild Charge|p2b: Annihilape\n|-damage|p2b: Annihilape|47\/100\n|-damage|p1b: Iron Hands|36\/100|[from] Recoil\n|move|p1a: Annihilape|Rage Fist|p2b: Annihilape\n|-supereffective|p2b: Annihilape\n|-damage|p2b: Annihilape|0 fnt\n|faint|p2b: Annihilape\n|\n|win|Crusaderofni\n|raw|Crusaderofni's rating: 1236 → 1264<\/strong> (+28 for winning)\n|raw|SM0KESgirl's rating: 1271 → 1243<\/strong> (-28 for losing)\n|l|\u2606Crusaderofni\n","uploadtime":1682603961,"views":9,"p1id":"crusaderofni","p2id":"sm0kesgirl","formatid":"gen9vgc2023regulationc","rating":1243,"private":0,"password":""}