{"id":"gen9vgc2023regulationc-1847087377","p1":"SBkZZ","p2":"tukeydukey","format":"[Gen 9] VGC 2023 Regulation C","log":"|j|\u2606SBkZZ\n|j|\u2606tukeydukey\n|t:|1681918022\n|gametype|doubles\n|player|p1|SBkZZ|169|1177\n|player|p2|tukeydukey|elesa|1115\n|teamsize|p1|6\n|teamsize|p2|6\n|gen|9\n|tier|[Gen 9] VGC 2023 Regulation C\n|rated|\n|rule|Species Clause: Limit one of each Pok\u00e9mon\n|rule|Item Clause: Limit one of each item\n|clearpoke\n|poke|p1|Gyarados, L50, M|\n|poke|p1|Chi-Yu, L50|\n|poke|p1|Amoonguss, L50, F|\n|poke|p1|Iron Hands, L50|\n|poke|p1|Roaring Moon, L50|\n|poke|p1|Iron Bundle, L50|\n|poke|p2|Pelipper, L50, F|\n|poke|p2|Palafin, L50, F|\n|poke|p2|Glimmora, L50, F|\n|poke|p2|Wo-Chien, L50|\n|poke|p2|Flutter Mane, L50|\n|poke|p2|Rotom-Wash, L50|\n|teampreview|4\n|inactive|Battle timer is ON: inactive players will automatically lose when time's up. (requested by tukeydukey)\nSBkZZ has agreed to open team sheets.\ntukeydukey has agreed to open team sheets.\n|inactive|SBkZZ has 60 seconds left.\n|\n|t:|1681918078\n|start\n|switch|p1a: Iron Hands|Iron Hands, L50|100\/100\n|switch|p1b: Iron Bundle|Iron Bundle, L50|100\/100\n|switch|p2a: Pelipper|Pelipper, L50, F|100\/100\n|switch|p2b: Flutter Mane|Flutter Mane, L50|100\/100\n|-weather|RainDance|[from] ability: Drizzle|[of] p2a: Pelipper\n|-enditem|p2b: Flutter Mane|Booster Energy\n|-activate|p2b: Flutter Mane|ability: Protosynthesis|[fromitem]\n|-start|p2b: Flutter Mane|protosynthesisspe\n|turn|1\n|inactive|tukeydukey has 30 seconds left.\n|\n|t:|1681918111\n|move|p2b: Flutter Mane|Protect|p2b: Flutter Mane\n|-singleturn|p2b: Flutter Mane|Protect\n|move|p2a: Pelipper|Protect|p2a: Pelipper\n|-singleturn|p2a: Pelipper|Protect\n|move|p1b: Iron Bundle|Freeze-Dry|p2a: Pelipper\n|-activate|p2a: Pelipper|move: Protect\n|move|p1a: Iron Hands|Heavy Slam|p2b: Flutter Mane\n|-activate|p2b: Flutter Mane|move: Protect\n|\n|-weather|RainDance|[upkeep]\n|upkeep\n|turn|2\n|inactive|tukeydukey has 30 seconds left.\n|inactive|tukeydukey has 20 seconds left.\n|\n|t:|1681918149\n|switch|p2a: Glimmora|Glimmora, L50, F|100\/100\n|move|p2b: Flutter Mane|Moonblast|p1a: Iron Hands\n|-supereffective|p1a: Iron Hands\n|-damage|p1a: Iron Hands|59\/100\n|move|p1b: Iron Bundle|Encore|p2b: Flutter Mane\n|-start|p2b: Flutter Mane|Encore\n|move|p1a: Iron Hands|Wild Charge|p2a: Glimmora\n|-damage|p2a: Glimmora|41\/100\n|-activate|p2a: Glimmora|ability: Toxic Debris\n|-sidestart|p1: SBkZZ|move: Toxic Spikes\n|-damage|p1a: Iron Hands|49\/100|[from] Recoil\n|\n|-weather|RainDance|[upkeep]\n|upkeep\n|turn|3\n|inactive|SBkZZ has 30 seconds left.\n|inactive|tukeydukey has 30 seconds left.\n|inactive|SBkZZ has 20 seconds left.\n|\n|t:|1681918189\n|-terastallize|p2b: Flutter Mane|Fairy\n|move|p2a: Glimmora|Spiky Shield|p2a: Glimmora\n|-singleturn|p2a: Glimmora|move: Protect\n|move|p2b: Flutter Mane|Moonblast|p1a: Iron Hands\n|-supereffective|p1a: Iron Hands\n|-damage|p1a: Iron Hands|0 fnt\n|faint|p1a: Iron Hands\n|-end|p1a: Iron Hands|Quark Drive|[silent]\n|move|p1b: Iron Bundle|Freeze-Dry|p2a: Glimmora\n|-activate|p2a: Glimmora|move: Protect\n|\n|-weather|RainDance|[upkeep]\n|upkeep\n|\n|t:|1681918199\n|switch|p1a: Amoonguss|Amoonguss, L50, F|100\/100\n|-sideend|p1: SBkZZ|move: Toxic Spikes|[of] p1a: Amoonguss\n|turn|4\n|\n|t:|1681918209\n|-end|p2b: Flutter Mane|Protosynthesis|[silent]\n|switch|p2b: Pelipper|Pelipper, L50, F|100\/100\n|move|p1b: Iron Bundle|Icy Wind|p2b: Pelipper|[spread] p2a,p2b\n|-damage|p2a: Glimmora|11\/100\n|-damage|p2b: Pelipper|65\/100\n|-unboost|p2a: Glimmora|spe|1\n|-unboost|p2b: Pelipper|spe|1\n|move|p2a: Glimmora|Mortal Spin|p1b: Iron Bundle|[spread] p1a,p1b\n|-damage|p1a: Amoonguss|96\/100\n|-damage|p1b: Iron Bundle|94\/100\n|-status|p1b: Iron Bundle|psn\n|move|p1a: Amoonguss|Spore|p2b: Pelipper\n|-status|p2b: Pelipper|slp|[from] move: Spore\n|\n|-weather|RainDance|[upkeep]\n|-damage|p1b: Iron Bundle|81\/100 psn|[from] psn\n|upkeep\n|turn|5\n|inactive|tukeydukey has 30 seconds left.\n|inactive|tukeydukey has 20 seconds left.\n|\n|t:|1681918248\n|move|p2a: Glimmora|Spiky Shield|p2a: Glimmora\n|-singleturn|p2a: Glimmora|move: Protect\n|cant|p2b: Pelipper|slp\n|move|p1b: Iron Bundle|Icy Wind|p2a: Glimmora|[spread] p2b\n|-activate|p2a: Glimmora|move: Protect\n|-damage|p2b: Pelipper|28\/100 slp\n|-unboost|p2b: Pelipper|spe|1\n|move|p1a: Amoonguss|Pollen Puff|p1b: Iron Bundle\n|-heal|p1b: Iron Bundle|100\/100 psn\n|\n|-weather|RainDance|[upkeep]\n|-damage|p1b: Iron Bundle|88\/100 psn|[from] psn\n|upkeep\n|turn|6\n|\n|t:|1681918272\n|-terastallize|p1b: Iron Bundle|Ice\n|move|p1b: Iron Bundle|Icy Wind|p2a: Glimmora|[spread] p2a,p2b\n|-crit|p2a: Glimmora\n|-damage|p2a: Glimmora|0 fnt\n|-damage|p2b: Pelipper|0 fnt\n|faint|p2a: Glimmora\n|faint|p2b: Pelipper\n|move|p1a: Amoonguss|Spore|p2: Glimmora|[notarget]\n|-fail|p1a: Amoonguss\n|\n|-weather|RainDance|[upkeep]\n|-damage|p1b: Iron Bundle|76\/100 psn|[from] psn\n|upkeep\n|\n|t:|1681918277\n|switch|p2a: Flutter Mane|Flutter Mane, L50, tera:Fairy|100\/100\n|switch|p2b: Rotom|Rotom-Wash, L50|100\/100\n|turn|7\n|\n|t:|1681918288\n|move|p1a: Amoonguss|Rage Powder|p1a: Amoonguss\n|-singleturn|p1a: Amoonguss|move: Rage Powder\n|move|p1b: Iron Bundle|Icy Wind|p2a: Flutter Mane|[spread] p2a,p2b\n|-resisted|p2b: Rotom\n|-damage|p2a: Flutter Mane|73\/100\n|-damage|p2b: Rotom|85\/100\n|-unboost|p2a: Flutter Mane|spe|1\n|-unboost|p2b: Rotom|spe|1\n|move|p2a: Flutter Mane|Shadow Ball|p1a: Amoonguss\n|-damage|p1a: Amoonguss|63\/100\n|-unboost|p1a: Amoonguss|spd|1\n|move|p2b: Rotom|Hydro Pump|p1a: Amoonguss\n|-resisted|p1a: Amoonguss\n|-damage|p1a: Amoonguss|20\/100\n|-enditem|p1a: Amoonguss|Sitrus Berry|[eat]\n|-heal|p1a: Amoonguss|45\/100|[from] item: Sitrus Berry\n|\n|-weather|RainDance|[upkeep]\n|-damage|p1b: Iron Bundle|64\/100 psn|[from] psn\n|upkeep\n|turn|8\n|inactive|tukeydukey has 30 seconds left.\n|\n|t:|1681918315\n|move|p2a: Flutter Mane|Protect|p2a: Flutter Mane\n|-singleturn|p2a: Flutter Mane|Protect\n|move|p1a: Amoonguss|Rage Powder|p1a: Amoonguss\n|-singleturn|p1a: Amoonguss|move: Rage Powder\n|move|p1b: Iron Bundle|Freeze-Dry|p2b: Rotom\n|-supereffective|p2b: Rotom\n|-damage|p2b: Rotom|0 fnt\n|faint|p2b: Rotom\n|\n|-weather|none\n|-damage|p1b: Iron Bundle|52\/100 psn|[from] psn\n|upkeep\n|turn|9\n|\n|t:|1681918331\n|move|p1b: Iron Bundle|Encore|p2a: Flutter Mane\n|-start|p2a: Flutter Mane|Encore\n|move|p2a: Flutter Mane|Protect||[still]\n|-fail|p2a: Flutter Mane\n|move|p1a: Amoonguss|Spore|p2a: Flutter Mane\n|-status|p2a: Flutter Mane|slp|[from] move: Spore\n|\n|-damage|p1b: Iron Bundle|39\/100 psn|[from] psn\n|upkeep\n|turn|10\n|-message|tukeydukey forfeited.\n|\n|win|SBkZZ\n|raw|SBkZZ's rating: 1177 → 1198<\/strong> (+21 for winning)\n|raw|tukeydukey's rating: 1115 → 1094<\/strong> (-21 for losing)\n|l|\u2606tukeydukey\n","uploadtime":1681918340,"views":8,"p1id":"sbkzz","p2id":"tukeydukey","formatid":"gen9vgc2023regulationc","rating":1094,"private":0,"password":""}