{"id":"gen9vgc2023regulationc-1847613908","p1":"3ncio","p2":"Xepher008","format":"[Gen 9] VGC 2023 Regulation C","log":"|j|\u26063ncio\n|j|\u2606Xepher008\n|t:|1681982129\n|gametype|doubles\n|player|p1|3ncio|silver|1331\n|player|p2|Xepher008|2|1251\n|teamsize|p1|6\n|teamsize|p2|6\n|gen|9\n|tier|[Gen 9] VGC 2023 Regulation C\n|rated|\n|rule|Species Clause: Limit one of each Pok\u00e9mon\n|rule|Item Clause: Limit one of each item\n|clearpoke\n|poke|p1|Dondozo, L50, M|\n|poke|p1|Tatsugiri, L50, M|\n|poke|p1|Glimmora, L50, M|\n|poke|p1|Chien-Pao, L50|\n|poke|p1|Scizor, L50, F|\n|poke|p1|Iron Hands, L50|\n|poke|p2|Flutter Mane, L50|\n|poke|p2|Gastrodon, L50, F|\n|poke|p2|Chi-Yu, L50|\n|poke|p2|Chien-Pao, L50|\n|poke|p2|Dragonite, L50, F|\n|poke|p2|Amoonguss, L50, M|\n|teampreview|4\n|inactive|Battle timer is ON: inactive players will automatically lose when time's up. (requested by 3ncio)\n|\n|t:|1681982152\n|start\n|switch|p1a: Chien-Pao|Chien-Pao, L50|100\/100\n|switch|p1b: Dondozo|Dondozo, L50, M|100\/100\n|switch|p2a: Chi-Yu|Chi-Yu, L50|100\/100\n|switch|p2b: Gastrodon|Gastrodon, L50, F|100\/100\n|-ability|p1a: Chien-Pao|Sword of Ruin\n|-ability|p2a: Chi-Yu|Beads of Ruin\n|turn|1\n|inactive|Xepher008 has 30 seconds left.\n|inactive|3ncio has 30 seconds left.\n|inactive|3ncio has 20 seconds left.\n|\n|t:|1681982197\n|switch|p1a: Tatsugiri|Tatsugiri, L50, M|100\/100\n|-activate|p1a: Tatsugiri|ability: Commander|[of] p1b: Dondozo\n|-boost|p1b: Dondozo|atk|2\n|-boost|p1b: Dondozo|spa|2\n|-boost|p1b: Dondozo|spe|2\n|-boost|p1b: Dondozo|def|2\n|-boost|p1b: Dondozo|spd|2\n|-terastallize|p2a: Chi-Yu|Ghost\n|-terastallize|p1b: Dondozo|Grass\n|move|p2a: Chi-Yu|Dark Pulse|p1b: Dondozo\n|-damage|p1b: Dondozo|76\/100\n|move|p1b: Dondozo|Tera Blast|p2b: Gastrodon\n|-supereffective|p2b: Gastrodon\n|-crit|p2b: Gastrodon\n|-damage|p2b: Gastrodon|0 fnt\n|faint|p2b: Gastrodon\n|-damage|p1b: Dondozo|66\/100|[from] item: Life Orb\n|\n|upkeep\n|\n|t:|1681982217\n|switch|p2b: Amoonguss|Amoonguss, L50, M|100\/100\n|turn|2\n|\n|t:|1681982226\n|move|p2a: Chi-Yu|Protect|p2a: Chi-Yu\n|-singleturn|p2a: Chi-Yu|Protect\n|move|p1b: Dondozo|Wave Crash|p2a: Chi-Yu\n|-activate|p2a: Chi-Yu|move: Protect\n|move|p2b: Amoonguss|Clear Smog|p1b: Dondozo\n|-supereffective|p1b: Dondozo\n|-damage|p1b: Dondozo|48\/100\n|-clearboost|p1b: Dondozo\n|\n|upkeep\n|turn|3\n|\n|t:|1681982243\n|move|p2a: Chi-Yu|Heat Wave|p1a: Tatsugiri|[spread] p1b\n|-miss|p2a: Chi-Yu|p1a: Tatsugiri\n|-supereffective|p1b: Dondozo\n|-damage|p1b: Dondozo|0 fnt\n|faint|p1b: Dondozo\n|move|p2b: Amoonguss|Spore|p1a: Tatsugiri\n|-status|p1a: Tatsugiri|slp|[from] move: Spore\n|\n|upkeep\n|\n|t:|1681982252\n|switch|p1b: Chien-Pao|Chien-Pao, L50|100\/100\n|-ability|p1b: Chien-Pao|Sword of Ruin\n|turn|4\n|inactive|Xepher008 has 30 seconds left.\n|\n|t:|1681982277\n|switch|p2a: Flutter Mane|Flutter Mane, L50|100\/100\n|move|p1b: Chien-Pao|Protect|p1b: Chien-Pao\n|-singleturn|p1b: Chien-Pao|Protect\n|cant|p1a: Tatsugiri|slp\n|move|p1a: Tatsugiri|Sleep Talk|p1a: Tatsugiri\n|move|p1a: Tatsugiri|Muddy Water|p2a: Flutter Mane|[from]move: Sleep Talk|[spread] p2a,p2b\n|-resisted|p2b: Amoonguss\n|-damage|p2a: Flutter Mane|65\/100\n|-damage|p2b: Amoonguss|86\/100\n|-unboost|p2a: Flutter Mane|accuracy|1\n|-unboost|p2b: Amoonguss|accuracy|1\n|move|p2b: Amoonguss|Spore|p1b: Chien-Pao\n|-activate|p1b: Chien-Pao|move: Protect\n|\n|upkeep\n|turn|5\n|\n|t:|1681982296\n|move|p2b: Amoonguss|Rage Powder|p2b: Amoonguss\n|-singleturn|p2b: Amoonguss|move: Rage Powder\n|cant|p1a: Tatsugiri|slp\n|move|p1a: Tatsugiri|Sleep Talk|p1a: Tatsugiri\n|move|p1a: Tatsugiri|Draco Meteor|p2b: Amoonguss|[from]move: Sleep Talk\n|-damage|p2b: Amoonguss|33\/100\n|-unboost|p1a: Tatsugiri|spa|2\n|move|p2a: Flutter Mane|Dazzling Gleam|p1b: Chien-Pao|[spread] \n|-miss|p2a: Flutter Mane|p1a: Tatsugiri\n|-miss|p2a: Flutter Mane|p1b: Chien-Pao\n|move|p1b: Chien-Pao|Ice Spinner|p2b: Amoonguss\n|-supereffective|p2b: Amoonguss\n|-damage|p2b: Amoonguss|0 fnt\n|-damage|p1b: Chien-Pao|84\/100|[from] item: Rocky Helmet|[of] p2b: Amoonguss\n|faint|p2b: Amoonguss\n|\n|upkeep\n|\n|t:|1681982315\n|switch|p2b: Chi-Yu|Chi-Yu, L50, tera:Ghost|100\/100\n|-ability|p2b: Chi-Yu|Beads of Ruin\n|turn|6\n|\n|t:|1681982326\n|move|p1b: Chien-Pao|Protect|p1b: Chien-Pao\n|-singleturn|p1b: Chien-Pao|Protect\n|-curestatus|p1a: Tatsugiri|slp|[msg]\n|move|p1a: Tatsugiri|Sleep Talk||[still]\n|-fail|p1a: Tatsugiri\n|move|p2a: Flutter Mane|Dazzling Gleam|p1b: Chien-Pao|[spread] p1a\n|-activate|p1b: Chien-Pao|move: Protect\n|-supereffective|p1a: Tatsugiri\n|-damage|p1a: Tatsugiri|0 fnt\n|faint|p1a: Tatsugiri\n|move|p2b: Chi-Yu|Snarl|p1b: Chien-Pao\n|-activate|p1b: Chien-Pao|move: Protect\n|\n|upkeep\n|\n|t:|1681982336\n|switch|p1a: Scizor|Scizor, L50, F|100\/100\n|turn|7\n|\n|t:|1681982344\n|move|p1b: Chien-Pao|Sucker Punch|p2b: Chi-Yu\n|-supereffective|p2b: Chi-Yu\n|-damage|p2b: Chi-Yu|0 fnt\n|faint|p2b: Chi-Yu\n|move|p1a: Scizor|Bullet Punch|p2a: Flutter Mane\n|-supereffective|p2a: Flutter Mane\n|-damage|p2a: Flutter Mane|0 fnt\n|faint|p2a: Flutter Mane\n|-end|p2a: Flutter Mane|Protosynthesis|[silent]\n|\n|win|3ncio\n|raw|3ncio's rating: 1331 → 1346<\/strong> (+15 for winning)\n|raw|Xepher008's rating: 1251 → 1232<\/strong> (-19 for losing)\n|l|\u26063ncio\n","uploadtime":1681982370,"views":10,"p1id":"3ncio","p2id":"xepher008","formatid":"gen9vgc2023regulationc","rating":1232,"private":0,"password":""}