{"id":"gen9vgc2023regulationc-1851637046","p1":"penny my beloved","p2":"osfar","format":"[Gen 9] VGC 2023 Regulation C","log":"|j|\u2606penny my beloved\n|j|\u2606osfar\n|t:|1682464021\n|gametype|doubles\n|player|p1|penny my beloved|penny|1214\n|player|p2|osfar|266|1306\n|teamsize|p1|6\n|teamsize|p2|6\n|gen|9\n|tier|[Gen 9] VGC 2023 Regulation C\n|rated|\n|rule|Species Clause: Limit one of each Pok\u00e9mon\n|rule|Item Clause: Limit one of each item\n|clearpoke\n|poke|p1|Palafin, L50, M|\n|poke|p1|Amoonguss, L50, M|\n|poke|p1|Arcanine, L50, F|\n|poke|p1|Flutter Mane, L50|\n|poke|p1|Dragapult, L50, M|\n|poke|p1|Ting-Lu, L50|\n|poke|p2|Annihilape, L50, M|\n|poke|p2|Maushold-Four, L50|\n|poke|p2|Gholdengo, L50|\n|poke|p2|Iron Bundle, L50|\n|poke|p2|Arcanine, L50, F|\n|poke|p2|Roaring Moon, L50|\n|teampreview|4\nosfar has agreed to open team sheets.\n|inactive|Battle timer is ON: inactive players will automatically lose when time's up. (requested by penny my beloved)\n|\n|t:|1682464119\n|start\n|switch|p1a: Dragapult|Dragapult, L50, M, shiny|100\/100\n|switch|p1b: Flutter Mane|Flutter Mane, L50, shiny|100\/100\n|switch|p2a: Iron Bundle|Iron Bundle, L50|100\/100\n|switch|p2b: Roaring Moon|Roaring Moon, L50|100\/100\n|-enditem|p1b: Flutter Mane|Booster Energy\n|-activate|p1b: Flutter Mane|ability: Protosynthesis|[fromitem]\n|-start|p1b: Flutter Mane|protosynthesisspa\n|-enditem|p2b: Roaring Moon|Booster Energy\n|-activate|p2b: Roaring Moon|ability: Protosynthesis|[fromitem]\n|-start|p2b: Roaring Moon|protosynthesisatk\n|turn|1\n|inactive|penny my beloved has 30 seconds left.\n|\n|t:|1682464146\n|-terastallize|p1a: Dragapult|Steel\n|move|p2a: Iron Bundle|Protect|p2a: Iron Bundle\n|-singleturn|p2a: Iron Bundle|Protect\n|move|p1a: Dragapult|Dragon Darts|p2b: Roaring Moon\n|-supereffective|p2b: Roaring Moon\n|-damage|p2b: Roaring Moon|25\/100\n|-anim|p1a: Dragapult|Dragon Darts|p2b: Roaring Moon\n|-supereffective|p2b: Roaring Moon\n|-damage|p2b: Roaring Moon|0 fnt\n|faint|p2b: Roaring Moon\n|-end|p2b: Roaring Moon|Protosynthesis|[silent]\n|-damage|p1a: Dragapult|91\/100|[from] item: Life Orb\n|move|p1b: Flutter Mane|Thunderbolt|p2a: Iron Bundle\n|-activate|p2a: Iron Bundle|move: Protect\n|\n|upkeep\n|\n|t:|1682464160\n|switch|p2b: Gholdengo|Gholdengo, L50|100\/100\n|turn|2\n|\n|t:|1682464173\n|move|p1a: Dragapult|Tera Blast|p2a: Iron Bundle\n|-damage|p2a: Iron Bundle|41\/100\n|-damage|p1a: Dragapult|82\/100|[from] item: Life Orb\n|move|p2a: Iron Bundle|Icy Wind|p1a: Dragapult|[spread] p1a,p1b\n|-resisted|p1a: Dragapult\n|-damage|p1a: Dragapult|69\/100\n|-damage|p1b: Flutter Mane|82\/100\n|-unboost|p1b: Flutter Mane|spe|1\n|move|p1b: Flutter Mane|Shadow Ball|p2b: Gholdengo\n|-supereffective|p2b: Gholdengo\n|-damage|p2b: Gholdengo|0 fnt\n|faint|p2b: Gholdengo\n|\n|upkeep\n|\n|t:|1682464186\n|switch|p2b: Arcanine|Arcanine, L50, F|100\/100\n|-ability|p2b: Arcanine|Intimidate|boost\n|-fail|p1a: Dragapult|unboost|[from] ability: Clear Body|[of] p1a: Dragapult\n|-unboost|p1b: Flutter Mane|atk|1\n|turn|3\n|\n|t:|1682464204\n|switch|p1a: Arcanine|Arcanine, L50, F, shiny|100\/100\n|-ability|p1a: Arcanine|Intimidate|boost\n|-unboost|p2a: Iron Bundle|atk|1\n|-unboost|p2b: Arcanine|atk|1\n|move|p2a: Iron Bundle|Freeze-Dry|p1b: Flutter Mane\n|-damage|p1b: Flutter Mane|51\/100\n|move|p2b: Arcanine|Flare Blitz|p1a: Arcanine\n|-resisted|p1a: Arcanine\n|-damage|p1a: Arcanine|79\/100\n|-damage|p2b: Arcanine|94\/100|[from] Recoil\n|move|p1b: Flutter Mane|Thunderbolt|p2a: Iron Bundle\n|-supereffective|p2a: Iron Bundle\n|-damage|p2a: Iron Bundle|0 fnt\n|faint|p2a: Iron Bundle\n|-end|p2a: Iron Bundle|Quark Drive|[silent]\n|\n|upkeep\n|turn|4\n|inactive|penny my beloved has 30 seconds left.\n|\n|t:|1682464234\n|move|p2b: Arcanine|Snarl|p1a: Arcanine|[spread] p1a,p1b\n|-damage|p1a: Arcanine|69\/100\n|-damage|p1b: Flutter Mane|44\/100\n|-unboost|p1a: Arcanine|spa|1\n|-unboost|p1b: Flutter Mane|spa|1\n|move|p1a: Arcanine|Howl|p1a: Arcanine|[spread] p1a,p1b\n|-boost|p1a: Arcanine|atk|1\n|-boost|p1b: Flutter Mane|atk|1\n|move|p1b: Flutter Mane|Shadow Ball|p2b: Arcanine\n|-damage|p2b: Arcanine|64\/100\n|\n|upkeep\n|turn|5\n|\n|t:|1682464250\n|-end|p1b: Flutter Mane|Protosynthesis|[silent]\n|switch|p1b: Dragapult|Dragapult, L50, M, shiny, tera:Steel|69\/100\n|move|p2b: Arcanine|Snarl|p1a: Arcanine|[spread] p1a\n|-miss|p2b: Arcanine|p1b: Dragapult\n|-damage|p1a: Arcanine|58\/100\n|-unboost|p1a: Arcanine|spa|1\n|move|p1a: Arcanine|Howl|p1a: Arcanine|[spread] p1a,p1b\n|-boost|p1a: Arcanine|atk|1\n|-boost|p1b: Dragapult|atk|1\n|\n|upkeep\n|turn|6\n|\n|t:|1682464264\n|move|p1a: Arcanine|Extreme Speed|p2b: Arcanine\n|-damage|p2b: Arcanine|5\/100\n|move|p1b: Dragapult|Dragon Darts|p2b: Arcanine\n|-damage|p2b: Arcanine|0 fnt\n|faint|p2b: Arcanine\n|-damage|p1b: Dragapult|59\/100|[from] item: Life Orb\n|\n|win|penny my beloved\n|raw|penny my beloved's rating: 1214 → 1245<\/strong> (+31 for winning)\n|raw|osfar's rating: 1306 → 1281<\/strong> (-25 for losing)\n","uploadtime":1682464286,"views":19,"p1id":"pennymybeloved","p2id":"osfar","formatid":"gen9vgc2023regulationc","rating":1245,"private":0,"password":""}