{"id":"gen9vgc2023regulationc-1848364740","p1":"V4randra","p2":"Valkenhine","format":"[Gen 9] VGC 2023 Regulation C","log":"|j|\u2606V4randra\n|j|\u2606Valkenhine\n|t:|1682067263\n|gametype|doubles\n|player|p1|V4randra|falkner|1181\n|player|p2|Valkenhine|koga|1070\n|teamsize|p1|6\n|teamsize|p2|6\n|gen|9\n|tier|[Gen 9] VGC 2023 Regulation C\n|rated|\n|rule|Species Clause: Limit one of each Pok\u00e9mon\n|rule|Item Clause: Limit one of each item\n|clearpoke\n|poke|p1|Torkoal, L50, M|\n|poke|p1|Jumpluff, L50, F|\n|poke|p1|Flutter Mane, L50|\n|poke|p1|Great Tusk, L50|\n|poke|p1|Chien-Pao, L50|\n|poke|p1|Annihilape, L50, F|\n|poke|p2|Vaporeon, L50, F|\n|poke|p2|Grimmsnarl, L50, M|\n|poke|p2|Flutter Mane, L50|\n|poke|p2|Palafin, L50, M|\n|poke|p2|Iron Hands, L50|\n|poke|p2|Volcarona, L50, F|\n|teampreview|4\n|inactive|Battle timer is ON: inactive players will automatically lose when time's up. (requested by V4randra)\n|inactive|Valkenhine has 60 seconds left.\n|\n|t:|1682067315\n|start\n|switch|p1a: Torkoal|Torkoal, L50, M|100\/100\n|switch|p1b: Jumpluff|Jumpluff, L50, F, shiny|100\/100\n|switch|p2a: Grimmsnarl|Grimmsnarl, L50, M|100\/100\n|switch|p2b: Palafin|Palafin, L50, M|100\/100\n|-weather|SunnyDay|[from] ability: Drought|[of] p1a: Torkoal\n|turn|1\n|\n|t:|1682067327\n|move|p1a: Torkoal|Helping Hand|p1b: Jumpluff\n|-singleturn|p1b: Jumpluff|Helping Hand|[of] p1a: Torkoal\n|move|p2b: Palafin|Jet Punch|p1a: Torkoal\n|-supereffective|p1a: Torkoal\n|-damage|p1a: Torkoal|80\/100\n|move|p2a: Grimmsnarl|Taunt|p1b: Jumpluff\n|-start|p1b: Jumpluff|move: Taunt\n|move|p1b: Jumpluff|Leaf Storm|p2b: Palafin\n|-supereffective|p2b: Palafin\n|-damage|p2b: Palafin|0 fnt\n|-unboost|p1b: Jumpluff|spa|2\n|faint|p2b: Palafin\n|\n|-weather|SunnyDay|[upkeep]\n|upkeep\n|\n|t:|1682067342\n|switch|p2b: Volcarona|Volcarona, L50, F|100\/100\n|turn|2\n|\n|t:|1682067354\n|switch|p1b: Great Tusk|Great Tusk, L50|100\/100\n|-activate|p1b: Great Tusk|ability: Protosynthesis\n|-start|p1b: Great Tusk|protosynthesisatk\n|move|p2a: Grimmsnarl|Light Screen|p2a: Grimmsnarl\n|-sidestart|p2: Valkenhine|move: Light Screen\n|move|p2b: Volcarona|Quiver Dance|p2b: Volcarona\n|-boost|p2b: Volcarona|spa|1\n|-boost|p2b: Volcarona|spd|1\n|-boost|p2b: Volcarona|spe|1\n|move|p1a: Torkoal|Overheat|p2b: Volcarona\n|-damage|p2b: Volcarona|76\/100\n|-unboost|p1a: Torkoal|spa|2\n|-enditem|p1a: Torkoal|Eject Pack\n|\n|t:|1682067366\n|switch|p1a: Flutter Mane|Flutter Mane, L50|100\/100\n|-activate|p1a: Flutter Mane|ability: Protosynthesis\n|-start|p1a: Flutter Mane|protosynthesisspe\n|\n|-weather|SunnyDay|[upkeep]\n|-heal|p2b: Volcarona|82\/100|[from] item: Leftovers\n|upkeep\n|turn|3\n|\n|t:|1682067386\n|-terastallize|p2b: Volcarona|Grass\n|move|p2a: Grimmsnarl|Reflect|p2a: Grimmsnarl\n|-sidestart|p2: Valkenhine|Reflect\n|move|p1a: Flutter Mane|Shadow Ball|p2b: Volcarona\n|-damage|p2b: Volcarona|57\/100\n|move|p1b: Great Tusk|Headlong Rush|p2b: Volcarona\n|-resisted|p2b: Volcarona\n|-damage|p2b: Volcarona|32\/100\n|-unboost|p1b: Great Tusk|def|1\n|-unboost|p1b: Great Tusk|spd|1\n|-status|p1b: Great Tusk|brn|[from] ability: Flame Body|[of] p2b: Volcarona\n|move|p2b: Volcarona|Quiver Dance|p2b: Volcarona\n|-boost|p2b: Volcarona|spa|1\n|-boost|p2b: Volcarona|spd|1\n|-boost|p2b: Volcarona|spe|1\n|\n|-weather|SunnyDay|[upkeep]\n|-heal|p2b: Volcarona|38\/100|[from] item: Leftovers\n|-damage|p1b: Great Tusk|95\/100 brn|[from] brn\n|upkeep\n|turn|4\n|\n|t:|1682067408\n|move|p1a: Flutter Mane|Shadow Ball|p2b: Volcarona\n|-damage|p2b: Volcarona|19\/100\n|move|p2b: Volcarona|Morning Sun|p2b: Volcarona\n|-heal|p2b: Volcarona|86\/100\n|move|p1b: Great Tusk|Headlong Rush|p2b: Volcarona\n|-resisted|p2b: Volcarona\n|-damage|p2b: Volcarona|73\/100\n|-unboost|p1b: Great Tusk|def|1\n|-unboost|p1b: Great Tusk|spd|1\n|move|p2a: Grimmsnarl|Spirit Break|p1a: Flutter Mane\n|-damage|p1a: Flutter Mane|42\/100\n|-unboost|p1a: Flutter Mane|spa|1\n|\n|-weather|SunnyDay|[upkeep]\n|-heal|p2b: Volcarona|79\/100|[from] item: Leftovers\n|-damage|p1b: Great Tusk|89\/100 brn|[from] brn\n|upkeep\n|turn|5\n|\n|t:|1682067428\n|-end|p1a: Flutter Mane|Protosynthesis|[silent]\n|switch|p1a: Torkoal|Torkoal, L50, M|80\/100\n|-end|p1b: Great Tusk|Protosynthesis|[silent]\n|switch|p1b: Jumpluff|Jumpluff, L50, F, shiny|100\/100\n|move|p2b: Volcarona|Quiver Dance|p2b: Volcarona\n|-boost|p2b: Volcarona|spa|1\n|-boost|p2b: Volcarona|spd|1\n|-boost|p2b: Volcarona|spe|1\n|move|p2a: Grimmsnarl|Spirit Break|p1a: Torkoal\n|-resisted|p1a: Torkoal\n|-damage|p1a: Torkoal|68\/100\n|-unboost|p1a: Torkoal|spa|1\n|\n|-weather|none\n|-heal|p2b: Volcarona|85\/100|[from] item: Leftovers\n|upkeep\n|turn|6\n|inactive|Valkenhine has 30 seconds left.\n|inactive|Valkenhine has 20 seconds left.\n|inactive|Valkenhine has 15 seconds left.\n|\n|t:|1682067468\n|move|p2a: Grimmsnarl|Taunt|p1b: Jumpluff\n|-start|p1b: Jumpluff|move: Taunt\n|move|p2b: Volcarona|Heat Wave|p1b: Jumpluff|[spread] p1a,p1b\n|-resisted|p1a: Torkoal\n|-supereffective|p1b: Jumpluff\n|-damage|p1a: Torkoal|26\/100\n|-damage|p1b: Jumpluff|0 fnt\n|faint|p1b: Jumpluff\n|move|p1a: Torkoal|Yawn|p2b: Volcarona\n|-start|p2b: Volcarona|move: Yawn|[of] p1a: Torkoal\n|\n|-heal|p2b: Volcarona|92\/100|[from] item: Leftovers\n|upkeep\n|\n|t:|1682067481\n|switch|p1b: Great Tusk|Great Tusk, L50|89\/100 brn\n|turn|7\n|\n|t:|1682067494\n|move|p1a: Torkoal|Helping Hand|p1b: Great Tusk\n|-singleturn|p1b: Great Tusk|Helping Hand|[of] p1a: Torkoal\n|move|p2b: Volcarona|Bug Buzz|p1a: Torkoal\n|-resisted|p1a: Torkoal\n|-damage|p1a: Torkoal|0 fnt\n|faint|p1a: Torkoal\n|move|p1b: Great Tusk|Rock Slide|p2a: Grimmsnarl|[spread] p2a,p2b\n|-damage|p2a: Grimmsnarl|91\/100\n|-damage|p2b: Volcarona|83\/100\n|cant|p2a: Grimmsnarl|flinch\n|\n|-heal|p2b: Volcarona|89\/100|[from] item: Leftovers\n|-damage|p1b: Great Tusk|83\/100 brn|[from] brn\n|-end|p2b: Volcarona|move: Yawn|[silent]\n|-status|p2b: Volcarona|slp\n|upkeep\n|-message|V4randra forfeited.\n|\n|win|Valkenhine\n|raw|V4randra's rating: 1181 → 1148<\/strong> (-33 for losing)\n|raw|Valkenhine's rating: 1070 → 1109<\/strong> (+39 for winning)\n|l|\u2606V4randra\n","uploadtime":1682067511,"views":7,"p1id":"v4randra","p2id":"valkenhine","formatid":"gen9vgc2023regulationc","rating":1109,"private":0,"password":""}