{"id":"gen9vgc2023regulationc-1846422783","p1":"Hadrian1917","p2":"mpreg","format":"[Gen 9] VGC 2023 Regulation C","log":"|j|\u2606Hadrian1917\n|j|\u2606mpreg\n|t:|1681839647\n|gametype|doubles\n|player|p1|Hadrian1917|brock|1343\n|player|p2|mpreg|juan|1403\n|teamsize|p1|6\n|teamsize|p2|6\n|gen|9\n|tier|[Gen 9] VGC 2023 Regulation C\n|rated|\n|rule|Species Clause: Limit one of each Pok\u00e9mon\n|rule|Item Clause: Limit one of each item\n|clearpoke\n|poke|p1|Flutter Mane, L50|\n|poke|p1|Arcanine, L50, F|\n|poke|p1|Baxcalibur, L50, M|\n|poke|p1|Ting-Lu, L50|\n|poke|p1|Gyarados, L50, M|\n|poke|p1|Amoonguss, L50, M|\n|poke|p2|Corviknight, L50, M|\n|poke|p2|Amoonguss, L50, M|\n|poke|p2|Roaring Moon, L50|\n|poke|p2|Dugtrio, L50, M|\n|poke|p2|Chi-Yu, L50|\n|poke|p2|Tinkaton, L50, F|\n|teampreview|4\n|inactive|Battle timer is ON: inactive players will automatically lose when time's up. (requested by mpreg)\n|inactive|Hadrian1917 has 60 seconds left.\n|\n|t:|1681839700\n|start\n|switch|p1a: Arcanine|Arcanine, L50, F|100\/100\n|switch|p1b: Baxcalibur|Baxcalibur, L50, M|100\/100\n|switch|p2a: lil guy|Dugtrio, L50, M|100\/100\n|switch|p2b: Corviknight|Corviknight, L50, M|100\/100\n|-ability|p1a: Arcanine|Intimidate|boost\n|-unboost|p2a: lil guy|atk|1\n|-ability|p2b: Corviknight|Mirror Armor\n|-unboost|p1a: Arcanine|atk|1\n|turn|1\n|inactive|mpreg has 30 seconds left.\n|\n|t:|1681839728\n|move|p1b: Baxcalibur|Protect|p1b: Baxcalibur\n|-singleturn|p1b: Baxcalibur|Protect\n|move|p2a: lil guy|Earthquake|p1b: Baxcalibur|[spread] p1a\n|-activate|p1b: Baxcalibur|move: Protect\n|-immune|p2b: Corviknight\n|-supereffective|p1a: Arcanine\n|-damage|p1a: Arcanine|57\/100\n|move|p1a: Arcanine|Howl|p1a: Arcanine|[spread] p1a,p1b\n|-boost|p1a: Arcanine|atk|1\n|-boost|p1b: Baxcalibur|atk|1\n|move|p2b: Corviknight|Iron Head|p1b: Baxcalibur\n|-activate|p1b: Baxcalibur|move: Protect\n|\n|upkeep\n|turn|2\n|inactive|Hadrian1917 has 30 seconds left.\n|\n|t:|1681839762\n|-terastallize|p2a: lil guy|Ground\n|-terastallize|p1a: Arcanine|Flying\n|move|p2a: lil guy|Earthquake|p1a: Arcanine|[spread] p1b\n|-immune|p2b: Corviknight\n|-immune|p1a: Arcanine\n|-damage|p1b: Baxcalibur|74\/100\n|move|p1a: Arcanine|Will-O-Wisp|p2a: lil guy\n|-status|p2a: lil guy|brn\n|move|p1b: Baxcalibur|Icicle Crash|p2b: Corviknight\n|-damage|p2b: Corviknight|40\/100\n|cant|p2b: Corviknight|flinch\n|\n|-heal|p2b: Corviknight|46\/100|[from] item: Leftovers\n|-damage|p2a: lil guy|95\/100 brn|[from] brn\n|upkeep\n|turn|3\n|c|\u2606mpreg|idk if ive seen that before lol\n|inactive|mpreg has 30 seconds left.\n|\n|t:|1681839795\n|move|p1b: Baxcalibur|Protect|p1b: Baxcalibur\n|-singleturn|p1b: Baxcalibur|Protect\n|move|p2a: lil guy|Charm|p1b: Baxcalibur\n|-activate|p1b: Baxcalibur|move: Protect\n|move|p1a: Arcanine|Howl|p1a: Arcanine|[spread] p1a,p1b\n|-boost|p1a: Arcanine|atk|1\n|-boost|p1b: Baxcalibur|atk|1\n|move|p2b: Corviknight|Roost|p2b: Corviknight\n|-heal|p2b: Corviknight|97\/100\n|-singleturn|p2b: Corviknight|move: Roost\n|\n|-heal|p2b: Corviknight|100\/100|[from] item: Leftovers\n|-damage|p2a: lil guy|90\/100 brn|[from] brn\n|upkeep\n|turn|4\n|\n|t:|1681839818\n|move|p2a: lil guy|Sucker Punch|p1b: Baxcalibur\n|-damage|p1b: Baxcalibur|68\/100\n|move|p1a: Arcanine|Howl|p1a: Arcanine|[spread] p1a,p1b\n|-boost|p1a: Arcanine|atk|1\n|-boost|p1b: Baxcalibur|atk|1\n|move|p1b: Baxcalibur|Icicle Crash|p2b: Corviknight\n|-damage|p2b: Corviknight|0 fnt\n|faint|p2b: Corviknight\n|\n|-damage|p2a: lil guy|84\/100 brn|[from] brn\n|upkeep\n|\n|t:|1681839825\n|switch|p2b: rawrrrr :3|Roaring Moon, L50|100\/100\n|-enditem|p2b: rawrrrr :3|Booster Energy\n|-activate|p2b: rawrrrr :3|ability: Protosynthesis|[fromitem]\n|-start|p2b: rawrrrr :3|protosynthesisspe\n|turn|5\n|inactive|Hadrian1917 has 30 seconds left.\n|inactive|Hadrian1917 has 20 seconds left.\n|\n|t:|1681839861\n|move|p1a: Arcanine|Extreme Speed|p2a: lil guy\n|-damage|p2a: lil guy|0 fnt\n|faint|p2a: lil guy\n|move|p2b: rawrrrr :3|Tailwind|p2b: rawrrrr :3\n|-sidestart|p2: mpreg|move: Tailwind\n|move|p1b: Baxcalibur|Icicle Crash|p2b: rawrrrr :3\n|-supereffective|p2b: rawrrrr :3\n|-damage|p2b: rawrrrr :3|0 fnt\n|faint|p2b: rawrrrr :3\n|-end|p2b: rawrrrr :3|Protosynthesis|[silent]\n|\n|upkeep\n|\n|t:|1681839871\n|switch|p2b: TheLionsWouldWin|Chi-Yu, L50|100\/100\n|-ability|p2b: TheLionsWouldWin|Beads of Ruin\n|turn|6\n|\n|t:|1681839880\n|move|p1a: Arcanine|Extreme Speed|p2b: TheLionsWouldWin\n|-damage|p2b: TheLionsWouldWin|21\/100\n|move|p1b: Baxcalibur|Ice Shard|p2b: TheLionsWouldWin\n|-resisted|p2b: TheLionsWouldWin\n|-damage|p2b: TheLionsWouldWin|0 fnt\n|faint|p2b: TheLionsWouldWin\n|\n|win|Hadrian1917\n|raw|Hadrian1917's rating: 1343 → 1366<\/strong> (+23 for winning)\n|raw|mpreg's rating: 1403 → 1380<\/strong> (-23 for losing)\n|c|\u2606mpreg|gg\n|l|\u2606mpreg\n","uploadtime":1681839892,"views":11,"p1id":"hadrian1917","p2id":"mpreg","formatid":"gen9vgc2023regulationc","rating":1366,"private":0,"password":""}