{"id":"gen9vgc2023regulationc-1849837561","p1":"EldyOnetrick","p2":"WillieDangerously","format":"[Gen 9] VGC 2023 Regulation C","log":"|j|\u2606EldyOnetrick\n|j|\u2606WillieDangerously\n|t:|1682258888\n|gametype|doubles\n|player|p1|EldyOnetrick|scientist-gen4dp|1113\n|player|p2|WillieDangerously|psychic-gen4|1056\n|teamsize|p1|6\n|teamsize|p2|6\n|gen|9\n|tier|[Gen 9] VGC 2023 Regulation C\n|rated|\n|rule|Species Clause: Limit one of each Pok\u00e9mon\n|rule|Item Clause: Limit one of each item\n|clearpoke\n|poke|p1|Oranguru, L50, F|\n|poke|p1|Gyarados, L50, M|\n|poke|p1|Goodra, L50, F|\n|poke|p1|Mudsdale, L50, F|\n|poke|p1|Skeledirge, L50, M|\n|poke|p1|Breloom, L50, M|\n|poke|p2|Espathra, L50, M|\n|poke|p2|Iron Bundle, L50|\n|poke|p2|Iron Valiant, L50|\n|poke|p2|Salamence, L50, F|\n|poke|p2|Scizor, L50, M|\n|poke|p2|Sandy Shocks, L50|\n|teampreview|4\n|\n|t:|1682258931\n|start\n|switch|p1a: Oranguru|Oranguru, L50, F|100\/100\n|switch|p1b: Goodra|Goodra, L50, F|100\/100\n|switch|p2a: Sandy Shocks|Sandy Shocks, L50|100\/100\n|switch|p2b: Espathra|Espathra, L50, M|100\/100\n|-enditem|p2a: Sandy Shocks|Booster Energy\n|-activate|p2a: Sandy Shocks|ability: Protosynthesis|[fromitem]\n|-start|p2a: Sandy Shocks|protosynthesisspe\n|turn|1\n|inactive|Battle timer is ON: inactive players will automatically lose when time's up. (requested by EldyOnetrick)\n|\n|t:|1682258955\n|move|p1b: Goodra|Protect|p1b: Goodra\n|-singleturn|p1b: Goodra|Protect\n|move|p2a: Sandy Shocks|Gravity|p2a: Sandy Shocks\n|-fieldstart|move: Gravity\n|move|p2b: Espathra|Hypnosis|p1a: Oranguru\n|-status|p1a: Oranguru|slp|[from] move: Hypnosis\n|cant|p1a: Oranguru|slp\n|\n|-ability|p2b: Espathra|Speed Boost|boost\n|-boost|p2b: Espathra|spe|1\n|upkeep\n|turn|2\n|\n|t:|1682258980\n|move|p1b: Goodra|Protect||[still]\n|-fail|p1b: Goodra\n|move|p2b: Espathra|Lumina Crash|p1a: Oranguru\n|-resisted|p1a: Oranguru\n|-damage|p1a: Oranguru|88\/100 slp\n|move|p2a: Sandy Shocks|Thunder|p1a: Oranguru\n|-damage|p1a: Oranguru|45\/100 slp\n|cant|p1a: Oranguru|slp\n|\n|-ability|p2b: Espathra|Speed Boost|boost\n|-boost|p2b: Espathra|spe|1\n|upkeep\n|turn|3\n|\n|t:|1682259005\n|move|p2b: Espathra|Dazzling Gleam|p1a: Oranguru|[spread] p1a,p1b\n|-supereffective|p1b: Goodra\n|-damage|p1a: Oranguru|31\/100 slp\n|-damage|p1b: Goodra|79\/100\n|move|p2a: Sandy Shocks|Thunder|p1a: Oranguru\n|-damage|p1a: Oranguru|0 fnt\n|faint|p1a: Oranguru\n|move|p1b: Goodra|Draco Meteor|p2b: Espathra\n|-damage|p2b: Espathra|11\/100\n|-unboost|p1b: Goodra|spa|2\n|\n|-heal|p1b: Goodra|85\/100|[from] item: Leftovers\n|-ability|p2b: Espathra|Speed Boost|boost\n|-boost|p2b: Espathra|spe|1\n|upkeep\n|\n|t:|1682259011\n|switch|p1a: Breloom|Breloom, L50, M|100\/100\n|turn|4\n|inactive|WillieDangerously has 30 seconds left.\n|inactive|EldyOnetrick has 30 seconds left.\n|\n|t:|1682259055\n|-terastallize|p1b: Goodra|Water\n|move|p2b: Espathra|Protect|p2b: Espathra\n|-singleturn|p2b: Espathra|Protect\n|move|p1a: Breloom|Mach Punch|p2b: Espathra\n|-activate|p2b: Espathra|move: Protect\n|move|p2a: Sandy Shocks|Earth Power|p1a: Breloom\n|-resisted|p1a: Breloom\n|-damage|p1a: Breloom|66\/100\n|move|p1b: Goodra|Tera Blast|p2a: Sandy Shocks\n|-supereffective|p2a: Sandy Shocks\n|-damage|p2a: Sandy Shocks|43\/100\n|\n|-heal|p1b: Goodra|91\/100|[from] item: Leftovers\n|-ability|p2b: Espathra|Speed Boost|boost\n|-boost|p2b: Espathra|spe|1\n|upkeep\n|turn|5\n|inactive|WillieDangerously has 30 seconds left.\n|\n|t:|1682259081\n|switch|p2b: Salamence|Salamence, L50, F|100\/100\n|-terastallize|p2a: Sandy Shocks|Ghost\n|move|p1b: Goodra|Protect|p1b: Goodra\n|-singleturn|p1b: Goodra|Protect\n|move|p1a: Breloom|Mach Punch|p2b: Salamence\n|-resisted|p2b: Salamence\n|-damage|p2b: Salamence|79\/100\n|move|p2a: Sandy Shocks|Thunder|p1b: Goodra\n|-activate|p1b: Goodra|move: Protect\n|\n|-heal|p1b: Goodra|97\/100|[from] item: Leftovers\n|-fieldend|move: Gravity\n|upkeep\n|turn|6\n|inactive|EldyOnetrick has 30 seconds left.\n|\n|t:|1682259110\n|move|p1a: Breloom|Protect|p1a: Breloom\n|-singleturn|p1a: Breloom|Protect\n|move|p2a: Sandy Shocks|Gravity|p2a: Sandy Shocks\n|-fieldstart|move: Gravity\n|move|p2b: Salamence|Dragon Rush|p1a: Breloom\n|-activate|p1a: Breloom|move: Protect\n|move|p1b: Goodra|Draco Meteor|p2b: Salamence\n|-supereffective|p2b: Salamence\n|-damage|p2b: Salamence|2\/100\n|-unboost|p1b: Goodra|spa|2\n|\n|-heal|p1b: Goodra|100\/100|[from] item: Leftovers\n|upkeep\n|turn|7\n|inactive|EldyOnetrick has 30 seconds left.\n|inactive|WillieDangerously has 30 seconds left.\n|inactive|WillieDangerously has 20 seconds left.\n|inactive|EldyOnetrick has 20 seconds left.\n|inactive|WillieDangerously has 15 seconds left.\n|inactive|EldyOnetrick has 15 seconds left.\n|inactive|WillieDangerously has 10 seconds left.\n|\n|t:|1682259158\n|move|p2a: Sandy Shocks|Thunder|p1b: Goodra\n|-supereffective|p1b: Goodra\n|-damage|p1b: Goodra|26\/100\n|move|p2b: Salamence|Dragon Rush|p1a: Breloom\n|-damage|p1a: Breloom|0 fnt\n|faint|p1a: Breloom\n|-ability|p2b: Salamence|Moxie|boost\n|-boost|p2b: Salamence|atk|1\n|move|p1b: Goodra|Fire Blast|p2b: Salamence\n|-resisted|p2b: Salamence\n|-damage|p2b: Salamence|0 fnt\n|faint|p2b: Salamence\n|\n|-heal|p1b: Goodra|32\/100|[from] item: Leftovers\n|upkeep\n|\n|t:|1682259172\n|switch|p2b: Espathra|Espathra, L50, M|11\/100\n|switch|p1a: Skeledirge|Skeledirge, L50, M|100\/100\n|turn|8\n|\n|t:|1682259184\n|move|p1b: Goodra|Protect|p1b: Goodra\n|-singleturn|p1b: Goodra|Protect\n|move|p2a: Sandy Shocks|Thunder|p1b: Goodra\n|-activate|p1b: Goodra|move: Protect\n|move|p2b: Espathra|Hypnosis|p1a: Skeledirge\n|-status|p1a: Skeledirge|slp|[from] move: Hypnosis\n|cant|p1a: Skeledirge|slp\n|\n|-heal|p1b: Goodra|39\/100|[from] item: Leftovers\n|-ability|p2b: Espathra|Speed Boost|boost\n|-boost|p2b: Espathra|spe|1\n|upkeep\n|turn|9\n|\n|t:|1682259201\n|move|p2b: Espathra|Hypnosis|p1b: Goodra\n|-status|p1b: Goodra|slp|[from] move: Hypnosis\n|move|p2a: Sandy Shocks|Earth Power|p1a: Skeledirge\n|-supereffective|p1a: Skeledirge\n|-damage|p1a: Skeledirge|4\/100 slp\n|cant|p1b: Goodra|slp\n|cant|p1a: Skeledirge|slp\n|\n|-heal|p1b: Goodra|45\/100 slp|[from] item: Leftovers\n|-ability|p2b: Espathra|Speed Boost|boost\n|-boost|p2b: Espathra|spe|1\n|upkeep\n|turn|10\n|-message|EldyOnetrick forfeited.\n|\n|win|WillieDangerously\n|raw|EldyOnetrick's rating: 1113 → 1084<\/strong> (-29 for losing)\n|raw|WillieDangerously's rating: 1056 → 1093<\/strong> (+37 for winning)\n|l|\u2606EldyOnetrick\n","uploadtime":1682259210,"views":20,"p1id":"eldyonetrick","p2id":"williedangerously","formatid":"gen9vgc2023regulationc","rating":1084,"private":0,"password":""}