{"id":"gen9vgc2023regulationc-1847028050","p1":"labhype","p2":"Souls31","format":"[Gen 9] VGC 2023 Regulation C","log":"|j|\u2606labhype\n|j|\u2606Souls31\n|t:|1681913004\n|gametype|doubles\n|player|p1|labhype|ingo|1034\n|player|p2|Souls31|2|1107\n|teamsize|p1|6\n|teamsize|p2|6\n|gen|9\n|tier|[Gen 9] VGC 2023 Regulation C\n|rated|\n|rule|Species Clause: Limit one of each Pok\u00e9mon\n|rule|Item Clause: Limit one of each item\n|clearpoke\n|poke|p1|Jumpluff, L50, M|\n|poke|p1|Torkoal, L50, M|\n|poke|p1|Flutter Mane, L50|\n|poke|p1|Great Tusk, L50|\n|poke|p1|Dragonite, L50, M|\n|poke|p1|Chi-Yu, L50|\n|poke|p2|Chien-Pao, L50|\n|poke|p2|Chi-Yu, L50|\n|poke|p2|Iron Valiant, L50|\n|poke|p2|Flutter Mane, L50|\n|poke|p2|Dragonite, L50, M|\n|poke|p2|Grimmsnarl, L50, M|\n|teampreview|4\n|inactive|Battle timer is ON: inactive players will automatically lose when time's up. (requested by Souls31)\n|\n|t:|1681913082\n|start\n|switch|p1a: Torkoal|Torkoal, L50, M, shiny|100\/100\n|switch|p1b: Jumpluff|Jumpluff, L50, M, shiny|100\/100\n|switch|p2a: Chien-Pao|Chien-Pao, L50|100\/100\n|switch|p2b: Iron Valiant|Iron Valiant, L50, shiny|100\/100\n|-ability|p2a: Chien-Pao|Sword of Ruin\n|-weather|SunnyDay|[from] ability: Drought|[of] p1a: Torkoal\n|turn|1\n|inactive|labhype has 30 seconds left.\n|inactive|Souls31 has 30 seconds left.\n|\n|t:|1681913115\n|move|p2a: Chien-Pao|Protect|p2a: Chien-Pao\n|-singleturn|p2a: Chien-Pao|Protect\n|move|p1b: Jumpluff|Leaf Storm|p2a: Chien-Pao\n|-activate|p2a: Chien-Pao|move: Protect\n|move|p2b: Iron Valiant|Thunderbolt|p1a: Torkoal\n|-damage|p1a: Torkoal|55\/100\n|-status|p1a: Torkoal|par\n|-damage|p2b: Iron Valiant|91\/100|[from] item: Life Orb\n|move|p1a: Torkoal|Overheat|p2a: Chien-Pao\n|-activate|p2a: Chien-Pao|move: Protect\n|\n|-weather|SunnyDay|[upkeep]\n|upkeep\n|turn|2\n|inactive|labhype has 30 seconds left.\n|inactive|labhype has 20 seconds left.\n|inactive|labhype has 15 seconds left.\n|inactive|Souls31 has 30 seconds left.\n|inactive|labhype has 10 seconds left.\n|inactive|labhype has 5 seconds left.\n|\n|t:|1681913170\n|move|p1b: Jumpluff|Tailwind|p1b: Jumpluff\n|-sidestart|p1: labhype|move: Tailwind\n|move|p2a: Chien-Pao|Ice Spinner|p1b: Jumpluff\n|-supereffective|p1b: Jumpluff\n|-damage|p1b: Jumpluff|0 fnt\n|faint|p1b: Jumpluff\n|move|p2b: Iron Valiant|Dazzling Gleam|p1a: Torkoal\n|-resisted|p1a: Torkoal\n|-damage|p1a: Torkoal|24\/100 par\n|-damage|p2b: Iron Valiant|82\/100|[from] item: Life Orb\n|move|p1a: Torkoal|Overheat|p2b: Iron Valiant\n|-damage|p2b: Iron Valiant|0 fnt\n|-unboost|p1a: Torkoal|spa|2\n|-enditem|p1a: Torkoal|Eject Pack\n|faint|p2b: Iron Valiant\n|-end|p2b: Iron Valiant|Quark Drive|[silent]\n|\n|t:|1681913186\n|switch|p1a: Flutter Mane|Flutter Mane, L50, shiny|100\/100\n|-activate|p1a: Flutter Mane|ability: Protosynthesis\n|-start|p1a: Flutter Mane|protosynthesisspe\n|\n|-weather|SunnyDay|[upkeep]\n|upkeep\n|\n|t:|1681913206\n|switch|p2b: Chi-Yu|Chi-Yu, L50|100\/100\n|switch|p1b: Torkoal|Torkoal, L50, M, shiny|24\/100 par\n|-ability|p2b: Chi-Yu|Beads of Ruin\n|turn|3\n|inactive|labhype has 30 seconds left.\n|\n|t:|1681913240\n|-terastallize|p1a: Flutter Mane|Fairy\n|move|p1b: Torkoal|Helping Hand|p1a: Flutter Mane\n|-singleturn|p1a: Flutter Mane|Helping Hand|[of] p1b: Torkoal\n|move|p2a: Chien-Pao|Sucker Punch|p1a: Flutter Mane\n|-resisted|p1a: Flutter Mane\n|-damage|p1a: Flutter Mane|67\/100\n|move|p1a: Flutter Mane|Moonblast|p2b: Chi-Yu\n|-damage|p2b: Chi-Yu|0 fnt\n|faint|p2b: Chi-Yu\n|\n|-weather|SunnyDay|[upkeep]\n|upkeep\n|\n|t:|1681913250\n|switch|p2b: Flutter Mane|Flutter Mane, L50, shiny|100\/100\n|-activate|p2b: Flutter Mane|ability: Protosynthesis\n|-start|p2b: Flutter Mane|protosynthesisspe\n|turn|4\n|inactive|labhype has 30 seconds left.\n|inactive|Souls31 has 30 seconds left.\n|\n|t:|1681913280\n|-terastallize|p2b: Flutter Mane|Fairy\n|move|p1b: Torkoal|Helping Hand|p1a: Flutter Mane\n|-singleturn|p1a: Flutter Mane|Helping Hand|[of] p1b: Torkoal\n|move|p1a: Flutter Mane|Moonblast|p2b: Flutter Mane\n|-crit|p2b: Flutter Mane\n|-damage|p2b: Flutter Mane|0 fnt\n|faint|p2b: Flutter Mane\n|-end|p2b: Flutter Mane|Protosynthesis|[silent]\n|move|p2a: Chien-Pao|Ice Spinner|p1a: Flutter Mane\n|-damage|p1a: Flutter Mane|0 fnt\n|faint|p1a: Flutter Mane\n|-end|p1a: Flutter Mane|Protosynthesis|[silent]\n|\n|-weather|SunnyDay|[upkeep]\n|upkeep\n|\n|t:|1681913295\n|switch|p1a: Great Tusk|Great Tusk, L50, shiny|100\/100\n|-activate|p1a: Great Tusk|ability: Protosynthesis\n|-start|p1a: Great Tusk|protosynthesisatk\n|turn|5\n|inactive|labhype has 30 seconds left.\n|\n|t:|1681913327\n|move|p2a: Chien-Pao|Protect|p2a: Chien-Pao\n|-singleturn|p2a: Chien-Pao|Protect\n|move|p1a: Great Tusk|Headlong Rush|p2a: Chien-Pao\n|-activate|p2a: Chien-Pao|move: Protect\n|move|p1b: Torkoal|Earth Power|p2a: Chien-Pao\n|-activate|p2a: Chien-Pao|move: Protect\n|\n|-weather|none\n|-end|p1a: Great Tusk|Protosynthesis\n|-sideend|p1: labhype|move: Tailwind\n|upkeep\n|turn|6\n|\n|t:|1681913351\n|move|p1a: Great Tusk|Headlong Rush|p2a: Chien-Pao\n|-damage|p2a: Chien-Pao|7\/100\n|-unboost|p1a: Great Tusk|def|1\n|-unboost|p1a: Great Tusk|spd|1\n|move|p2a: Chien-Pao|Ice Spinner|p1a: Great Tusk\n|-supereffective|p1a: Great Tusk\n|-damage|p1a: Great Tusk|0 fnt\n|faint|p1a: Great Tusk\n|-end|p1a: Great Tusk|Protosynthesis|[silent]\n|move|p1b: Torkoal|Yawn|p2a: Chien-Pao\n|-start|p2a: Chien-Pao|move: Yawn|[of] p1b: Torkoal\n|\n|upkeep\n|turn|7\n|c|\u2606Souls31|Gg\n|\n|t:|1681913375\n|move|p2a: Chien-Pao|Sacred Sword|p1b: Torkoal\n|-damage|p1b: Torkoal|0 fnt\n|faint|p1b: Torkoal\n|\n|win|Souls31\n|raw|labhype's rating: 1034 → 1022<\/strong> (-12 for losing)\n|raw|Souls31's rating: 1107 → 1127<\/strong> (+20 for winning)\n","uploadtime":1681913398,"views":5,"p1id":"labhype","p2id":"souls31","formatid":"gen9vgc2023regulationc","rating":1022,"private":0,"password":""}