{"id":"gen9vgc2023regulationc-1858295798","p1":"MissIN0","p2":"appokalypstik","format":"[Gen 9] VGC 2023 Regulation C","log":"|j|\u2606MissIN0\n|j|\u2606appokalypstik\n|t:|1683299482\n|gametype|doubles\n|player|p1|MissIN0|lucas|1632\n|player|p2|appokalypstik|roxie|1611\n|teamsize|p1|6\n|teamsize|p2|6\n|gen|9\n|tier|[Gen 9] VGC 2023 Regulation C\n|rated|\n|rule|Species Clause: Limit one of each Pok\u00e9mon\n|rule|Item Clause: Limit one of each item\n|clearpoke\n|poke|p1|Hydreigon, L50, M|\n|poke|p1|Mimikyu, L50, M|\n|poke|p1|Baxcalibur, L50, M|\n|poke|p1|Kilowattrel, L50, F|\n|poke|p1|Iron Hands, L50|\n|poke|p1|Chi-Yu, L50|\n|poke|p2|Wo-Chien, L50|\n|poke|p2|Gholdengo, L50|\n|poke|p2|Murkrow, L50, M|\n|poke|p2|Rotom-Wash, L50|\n|poke|p2|Great Tusk, L50|\n|poke|p2|Chi-Yu, L50|\n|teampreview|4\n|inactive|Battle timer is ON: inactive players will automatically lose when time's up. (requested by appokalypstik)\n|\n|t:|1683299517\n|start\n|switch|p1a: Kilowattrel|Kilowattrel, L50, F|100\/100\n|switch|p1b: Hydreigon|Hydreigon, L50, M|100\/100\n|switch|p2a: Rotom-Goob|Rotom-Wash, L50|100\/100\n|switch|p2b: Great Goob|Great Tusk, L50|100\/100\n|turn|1\n|\n|t:|1683299532\n|-end|p2b: Great Goob|Protosynthesis|[silent]\n|switch|p2b: Chi-Yu-Shamones|Chi-Yu, L50|100\/100\n|-ability|p2b: Chi-Yu-Shamones|Beads of Ruin\n|move|p1b: Hydreigon|Protect|p1b: Hydreigon\n|-singleturn|p1b: Hydreigon|Protect\n|move|p1a: Kilowattrel|Air Slash|p2b: Chi-Yu-Shamones\n|-damage|p2b: Chi-Yu-Shamones|80\/100\n|move|p2a: Rotom-Goob|Hydro Pump|p1a: Kilowattrel\n|-enditem|p1a: Kilowattrel|Focus Sash\n|-damage|p1a: Kilowattrel|1\/100\n|\n|upkeep\n|turn|2\n|inactive|MissIN0 has 30 seconds left.\n|\n|t:|1683299565\n|move|p1a: Kilowattrel|Tailwind|p1a: Kilowattrel\n|-sidestart|p1: MissIN0|move: Tailwind\n|move|p1b: Hydreigon|Draco Meteor|p2a: Rotom-Goob|[miss]\n|-miss|p1b: Hydreigon|p2a: Rotom-Goob\n|move|p2b: Chi-Yu-Shamones|Snarl|p1b: Hydreigon|[spread] p1a,p1b\n|-resisted|p1b: Hydreigon\n|-damage|p1a: Kilowattrel|0 fnt\n|-damage|p1b: Hydreigon|87\/100\n|-unboost|p1b: Hydreigon|spa|1\n|faint|p1a: Kilowattrel\n|move|p2a: Rotom-Goob|Nasty Plot|p2a: Rotom-Goob\n|-boost|p2a: Rotom-Goob|spa|2\n|\n|upkeep\n|\n|t:|1683299572\n|switch|p1a: Iron Hands|Iron Hands, L50|100\/100\n|turn|3\n|\n|t:|1683299589\n|switch|p2b: Goobrow|Murkrow, L50, M|100\/100\n|move|p2a: Rotom-Goob|Protect|p2a: Rotom-Goob\n|-singleturn|p2a: Rotom-Goob|Protect\n|move|p1a: Iron Hands|Fake Out|p2a: Rotom-Goob\n|-activate|p2a: Rotom-Goob|move: Protect\n|move|p1b: Hydreigon|Focus Energy|p1b: Hydreigon\n|-start|p1b: Hydreigon|move: Focus Energy\n|\n|upkeep\n|turn|4\n|\n|t:|1683299608\n|move|p2b: Goobrow|Tailwind|p2b: Goobrow\n|-sidestart|p2: appokalypstik|move: Tailwind\n|move|p1b: Hydreigon|Draco Meteor|p2a: Rotom-Goob\n|-crit|p2a: Rotom-Goob\n|-damage|p2a: Rotom-Goob|0 fnt\n|-unboost|p1b: Hydreigon|spa|2\n|faint|p2a: Rotom-Goob\n|move|p1a: Iron Hands|Wild Charge|p2b: Goobrow\n|-supereffective|p2b: Goobrow\n|-enditem|p2b: Goobrow|Focus Sash\n|-damage|p2b: Goobrow|1\/100\n|-damage|p1a: Iron Hands|87\/100|[from] Recoil\n|\n|upkeep\n|\n|t:|1683299613\n|switch|p2a: Great Goob|Great Tusk, L50|100\/100\n|turn|5\n|\n|t:|1683299637\n|-end|p1a: Iron Hands|Quark Drive|[silent]\n|switch|p1a: Mimikyu|Mimikyu, L50, M|100\/100\n|-terastallize|p2a: Great Goob|Steel\n|-terastallize|p1b: Hydreigon|Fire\n|move|p2b: Goobrow|Brave Bird|p1a: Mimikyu\n|-activate|p1a: Mimikyu|ability: Disguise\n|-damage|p1a: Mimikyu|100\/100\n|detailschange|p1a: Mimikyu|Mimikyu-Busted, L50, M\n|-damage|p1a: Mimikyu|88\/100|[from] pokemon: Mimikyu-Busted\n|move|p2a: Great Goob|Earthquake|p1b: Hydreigon|[spread] p1a\n|-immune|p2b: Goobrow\n|-immune|p1b: Hydreigon|[from] ability: Levitate\n|-damage|p1a: Mimikyu|2\/100\n|-enditem|p1a: Mimikyu|Sitrus Berry|[eat]\n|-heal|p1a: Mimikyu|27\/100|[from] item: Sitrus Berry\n|move|p1b: Hydreigon|Draco Meteor|p2a: Great Goob\n|-resisted|p2a: Great Goob\n|-crit|p2a: Great Goob\n|-damage|p2a: Great Goob|25\/100\n|-unboost|p1b: Hydreigon|spa|2\n|\n|-sideend|p1: MissIN0|move: Tailwind\n|upkeep\n|turn|6\n|inactive|appokalypstik has 30 seconds left.\n|\n|t:|1683299663\n|-end|p2a: Great Goob|Protosynthesis|[silent]\n|switch|p2a: Chi-Yu-Shamones|Chi-Yu, L50|80\/100\n|-ability|p2a: Chi-Yu-Shamones|Beads of Ruin\n|move|p2b: Goobrow|Brave Bird|p1a: Mimikyu\n|-damage|p1a: Mimikyu|0 fnt\n|faint|p1a: Mimikyu\n|-damage|p2b: Goobrow|0 fnt|[from] Recoil\n|faint|p2b: Goobrow\n|move|p1b: Hydreigon|Heat Wave|p2a: Chi-Yu-Shamones\n|-resisted|p2a: Chi-Yu-Shamones\n|-crit|p2a: Chi-Yu-Shamones\n|-damage|p2a: Chi-Yu-Shamones|54\/100\n|\n|upkeep\n|-message|appokalypstik forfeited.\n|\n|win|MissIN0\n|raw|MissIN0's rating: 1632 → 1651<\/strong> (+19 for winning)\n|raw|appokalypstik's rating: 1611 → 1592<\/strong> (-19 for losing)\n|l|\u2606appokalypstik\n|l|\u2606MissIN0\n","uploadtime":1683299693,"views":9,"p1id":"missin0","p2id":"appokalypstik","formatid":"gen9vgc2023regulationc","rating":1592,"private":0,"password":""}