{"id":"gen9vgc2023regulationc-1857247865","p1":"Blackth0rn","p2":"Zenchaos","format":"[Gen 9] VGC 2023 Regulation C","log":"|j|\u2606Blackth0rn\n|j|\u2606Zenchaos\n|t:|1683163139\n|gametype|doubles\n|player|p1|Blackth0rn|ghetsis|1494\n|player|p2|Zenchaos|1|1610\n|teamsize|p1|6\n|teamsize|p2|6\n|gen|9\n|tier|[Gen 9] VGC 2023 Regulation C\n|rated|\n|rule|Species Clause: Limit one of each Pok\u00e9mon\n|rule|Item Clause: Limit one of each item\n|clearpoke\n|poke|p1|Abomasnow, L50, M|\n|poke|p1|Iron Bundle, L50|\n|poke|p1|Arcanine, L50, M|\n|poke|p1|Flutter Mane, L50|\n|poke|p1|Iron Hands, L50|\n|poke|p1|Ting-Lu, L50|\n|poke|p2|Gholdengo, L50|\n|poke|p2|Ting-Lu, L50|\n|poke|p2|Amoonguss, L50, M|\n|poke|p2|Garganacl, L50, F|\n|poke|p2|Arcanine, L50, F|\n|poke|p2|Grimmsnarl, L50, M|\n|teampreview|4\nBlackth0rn has agreed to open team sheets.\n|inactive|Battle timer is ON: inactive players will automatically lose when time's up. (requested by Zenchaos)\nZenchaos rejected open team sheets.\n|\n|t:|1683163185\n|start\n|switch|p1a: Arcanine|Arcanine, L50, M|100\/100\n|switch|p1b: Iron Hands|Iron Hands, L50|100\/100\n|switch|p2a: Gholdengo|Gholdengo, L50|100\/100\n|switch|p2b: Arcanine|Arcanine, L50, F|100\/100\n|-ability|p2b: Arcanine|Intimidate|boost\n|-unboost|p1a: Arcanine|atk|1\n|-unboost|p1b: Iron Hands|atk|1\n|-ability|p1a: Arcanine|Intimidate|boost\n|-unboost|p2a: Gholdengo|atk|1\n|-unboost|p2b: Arcanine|atk|1\n|turn|1\n|inactive|Zenchaos has 30 seconds left.\n|inactive|Zenchaos has 20 seconds left.\n|inactive|Zenchaos has 15 seconds left.\n|inactive|Zenchaos has 10 seconds left.\n|\n|t:|1683163234\n|switch|p2a: Garganacl|Garganacl, L50, F|100\/100\n|move|p1b: Iron Hands|Fake Out|p2b: Arcanine\n|-damage|p2b: Arcanine|90\/100\n|cant|p2b: Arcanine|flinch\n|move|p1a: Arcanine|Flare Blitz|p2a: Garganacl\n|-resisted|p2a: Garganacl\n|-damage|p2a: Garganacl|91\/100\n|-damage|p1a: Arcanine|97\/100|[from] Recoil\n|\n|-heal|p2a: Garganacl|97\/100|[from] item: Leftovers\n|upkeep\n|turn|2\n|\n|t:|1683163249\n|-end|p1b: Iron Hands|Quark Drive|[silent]\n|switch|p1b: Ting-Lu|Ting-Lu, L50|100\/100\n|-ability|p1b: Ting-Lu|Vessel of Ruin\n|move|p1a: Arcanine|Protect|p1a: Arcanine\n|-singleturn|p1a: Arcanine|Protect\n|move|p2b: Arcanine|Will-O-Wisp|p1b: Ting-Lu\n|-status|p1b: Ting-Lu|brn\n|move|p2a: Garganacl|Stealth Rock|p1b: Ting-Lu\n|-sidestart|p1: Blackth0rn|move: Stealth Rock\n|\n|-heal|p2a: Garganacl|100\/100|[from] item: Leftovers\n|-damage|p1b: Ting-Lu|95\/100 brn|[from] brn\n|upkeep\n|turn|3\n|\n|t:|1683163260\n|switch|p2b: Ting-Lu|Ting-Lu, L50|100\/100\n|-ability|p2b: Ting-Lu|Vessel of Ruin\n|switch|p1a: Iron Hands|Iron Hands, L50|100\/100\n|-damage|p1a: Iron Hands|94\/100|[from] Stealth Rock\n|move|p1b: Ting-Lu|Fissure|p2a: Garganacl\n|-damage|p2a: Garganacl|0 fnt\n|faint|p2a: Garganacl\n|-ohko\n|\n|-damage|p1b: Ting-Lu|89\/100 brn|[from] brn\n|upkeep\n|\n|t:|1683163272\n|switch|p2a: Gholdengo|Gholdengo, L50|100\/100\n|turn|4\n|\n|t:|1683163283\n|-end|p1a: Iron Hands|Quark Drive|[silent]\n|switch|p1a: Arcanine|Arcanine, L50, M|97\/100\n|-damage|p1a: Arcanine|73\/100|[from] Stealth Rock\n|-ability|p1a: Arcanine|Intimidate|boost\n|-unboost|p2a: Gholdengo|atk|1\n|-unboost|p2b: Ting-Lu|atk|1\n|move|p2a: Gholdengo|Make It Rain|p1b: Ting-Lu|[spread] p1a,p1b\n|-resisted|p1a: Arcanine\n|-damage|p1a: Arcanine|47\/100\n|-damage|p1b: Ting-Lu|65\/100 brn\n|-unboost|p2a: Gholdengo|spa|1\n|move|p2b: Ting-Lu|Sand Tomb|p1a: Arcanine\n|-supereffective|p1a: Arcanine\n|-damage|p1a: Arcanine|31\/100\n|-activate|p1a: Arcanine|move: Sand Tomb|[of] p2b: Ting-Lu\n|move|p1b: Ting-Lu|Fissure|p2b: Ting-Lu|[miss]\n|-miss|p1b: Ting-Lu|p2b: Ting-Lu\n|\n|-damage|p1b: Ting-Lu|59\/100 brn|[from] brn\n|-damage|p1a: Arcanine|18\/100|[from] move: Sand Tomb|[partiallytrapped]\n|upkeep\n|turn|5\n|\n|t:|1683163302\n|switch|p2a: Arcanine|Arcanine, L50, F|90\/100\n|-ability|p2a: Arcanine|Intimidate|boost\n|-unboost|p1a: Arcanine|atk|1\n|-unboost|p1b: Ting-Lu|atk|1\n|move|p1a: Arcanine|Will-O-Wisp|p2b: Ting-Lu|[miss]\n|-miss|p1a: Arcanine|p2b: Ting-Lu\n|move|p2b: Ting-Lu|Sand Tomb|p1b: Ting-Lu\n|-crit|p1b: Ting-Lu\n|-damage|p1b: Ting-Lu|46\/100 brn\n|-activate|p1b: Ting-Lu|move: Sand Tomb|[of] p2b: Ting-Lu\n|move|p1b: Ting-Lu|Stomping Tantrum|p2a: Arcanine\n|-supereffective|p2a: Arcanine\n|-damage|p2a: Arcanine|39\/100\n|\n|-damage|p1b: Ting-Lu|40\/100 brn|[from] brn\n|-damage|p1a: Arcanine|6\/100|[from] move: Sand Tomb|[partiallytrapped]\n|-damage|p1b: Ting-Lu|28\/100 brn|[from] move: Sand Tomb|[partiallytrapped]\n|upkeep\n|turn|6\n|\n|t:|1683163325\n|switch|p2b: Gholdengo|Gholdengo, L50|100\/100\n|move|p2a: Arcanine|Flare Blitz|p1b: Ting-Lu\n|-damage|p1b: Ting-Lu|0 fnt\n|faint|p1b: Ting-Lu\n|-damage|p2a: Arcanine|27\/100|[from] Recoil\n|move|p1a: Arcanine|Will-O-Wisp|p2b: Gholdengo\n|-immune|p2b: Gholdengo|[from] ability: Good as Gold\n|\n|-end|p1a: Arcanine|Sand Tomb|[partiallytrapped]|[silent]\n|upkeep\n|\n|t:|1683163335\n|switch|p1b: Flutter Mane|Flutter Mane, L50|100\/100\n|-damage|p1b: Flutter Mane|89\/100|[from] Stealth Rock\n|turn|7\n|\n|t:|1683163352\n|-terastallize|p2b: Gholdengo|Water\n|move|p2a: Arcanine|Extreme Speed|p1a: Arcanine\n|-damage|p1a: Arcanine|0 fnt\n|faint|p1a: Arcanine\n|move|p1b: Flutter Mane|Shadow Ball|p2b: Gholdengo\n|-damage|p2b: Gholdengo|40\/100\n|move|p2b: Gholdengo|Make It Rain|p1b: Flutter Mane\n|-supereffective|p1b: Flutter Mane\n|-damage|p1b: Flutter Mane|0 fnt\n|-unboost|p2b: Gholdengo|spa|1\n|faint|p1b: Flutter Mane\n|-end|p1b: Flutter Mane|Protosynthesis|[silent]\n|\n|upkeep\n|\n|t:|1683163372\n|switch|p1a: Iron Hands|Iron Hands, L50|94\/100\n|-damage|p1a: Iron Hands|88\/100|[from] Stealth Rock\n|turn|8\n|\n|t:|1683163384\n|switch|p2b: Ting-Lu|Ting-Lu, L50|100\/100\n|-ability|p2b: Ting-Lu|Vessel of Ruin\n|-terastallize|p1a: Iron Hands|Fire\n|move|p2a: Arcanine|Will-O-Wisp|p1a: Iron Hands\n|-immune|p1a: Iron Hands\n|move|p1a: Iron Hands|Drain Punch|p2a: Arcanine\n|-damage|p2a: Arcanine|0 fnt\n|-heal|p1a: Iron Hands|99\/100|[from] drain|[of] p2a: Arcanine\n|faint|p2a: Arcanine\n|\n|upkeep\n|\n|t:|1683163388\n|switch|p2a: Gholdengo|Gholdengo, L50, tera:Water|40\/100\n|turn|9\n|\n|t:|1683163399\n|move|p2a: Gholdengo|Shadow Ball|p1a: Iron Hands\n|-damage|p1a: Iron Hands|64\/100\n|-unboost|p1a: Iron Hands|spd|1\n|move|p1a: Iron Hands|Swords Dance|p1a: Iron Hands\n|-boost|p1a: Iron Hands|atk|2\n|move|p2b: Ting-Lu|Stomping Tantrum|p1a: Iron Hands\n|-supereffective|p1a: Iron Hands\n|-damage|p1a: Iron Hands|26\/100\n|-enditem|p1a: Iron Hands|Sitrus Berry|[eat]\n|-heal|p1a: Iron Hands|51\/100|[from] item: Sitrus Berry\n|\n|upkeep\n|turn|10\n|\n|t:|1683163407\n|move|p2a: Gholdengo|Shadow Ball|p1a: Iron Hands\n|-damage|p1a: Iron Hands|1\/100\n|move|p1a: Iron Hands|Drain Punch|p2b: Ting-Lu\n|-supereffective|p2b: Ting-Lu\n|-damage|p2b: Ting-Lu|26\/100\n|-heal|p1a: Iron Hands|38\/100|[from] drain|[of] p2b: Ting-Lu\n|move|p2b: Ting-Lu|Stomping Tantrum|p1a: Iron Hands\n|-supereffective|p1a: Iron Hands\n|-damage|p1a: Iron Hands|0 fnt\n|faint|p1a: Iron Hands\n|-end|p1a: Iron Hands|Quark Drive|[silent]\n|\n|win|Zenchaos\n|raw|Blackth0rn's rating: 1494 → 1480<\/strong> (-14 for losing)\n|raw|Zenchaos's rating: 1610 → 1624<\/strong> (+14 for winning)\n|l|\u2606Zenchaos\n","uploadtime":1683163414,"views":10,"p1id":"blackth0rn","p2id":"zenchaos","formatid":"gen9vgc2023regulationc","rating":1480,"private":0,"password":""}