{"id":"gen9vgc2023regulationc-1862978298","p1":"caZISA","p2":"L0LZ4N0m4","format":"[Gen 9] VGC 2023 Regulation C","log":"|j|\u2606caZISA\n|j|\u2606L0LZ4N0m4\n|t:|1683946800\n|gametype|doubles\n|player|p1|caZISA|red|1432\n|player|p2|L0LZ4N0m4|aromalady|1330\n|teamsize|p1|6\n|teamsize|p2|6\n|gen|9\n|tier|[Gen 9] VGC 2023 Regulation C\n|rated|\n|rule|Species Clause: Limit one of each Pok\u00e9mon\n|rule|Item Clause: Limit one of each item\n|clearpoke\n|poke|p1|Chi-Yu, L50|\n|poke|p1|Iron Bundle, L50|\n|poke|p1|Great Tusk, L50|\n|poke|p1|Abomasnow, L50, M|\n|poke|p1|Gholdengo, L50|\n|poke|p1|Murkrow, L50, M|\n|poke|p2|Tyranitar, L50, F|\n|poke|p2|Palafin, L50, F|\n|poke|p2|Kingambit, L50, F|\n|poke|p2|Flutter Mane, L50|\n|poke|p2|Arcanine, L50, F|\n|poke|p2|Amoonguss, L50, M|\n|teampreview|4\n|inactive|Battle timer is ON: inactive players will automatically lose when time's up. (requested by L0LZ4N0m4)\n|inactive|caZISA has 60 seconds left.\n|inactive|L0LZ4N0m4 has 60 seconds left.\n|\n|t:|1683946845\n|start\n|switch|p1a: Mastodon|Great Tusk, L50|100\/100\n|switch|p1b: Rico|Iron Bundle, L50|100\/100\n|switch|p2a: Tyranitar|Tyranitar, L50, F|100\/100\n|switch|p2b: Flutter Mane|Flutter Mane, L50|100\/100\n|-weather|Sandstorm|[from] ability: Sand Stream|[of] p2a: Tyranitar\n|-enditem|p1b: Rico|Booster Energy\n|-activate|p1b: Rico|ability: Quark Drive|[fromitem]\n|-start|p1b: Rico|quarkdrivespe\n|turn|1\n|\n|t:|1683946857\n|-terastallize|p2a: Tyranitar|Grass\n|move|p1b: Rico|Icy Wind|p2b: Flutter Mane|[spread] p2a,p2b\n|-supereffective|p2a: Tyranitar\n|-crit|p2a: Tyranitar\n|-damage|p2a: Tyranitar|69\/100\n|-damage|p2b: Flutter Mane|76\/100\n|-unboost|p2a: Tyranitar|spe|1\n|-unboost|p2b: Flutter Mane|spe|1\n|move|p1a: Mastodon|Headlong Rush|p2b: Flutter Mane\n|-damage|p2b: Flutter Mane|0 fnt\n|-unboost|p1a: Mastodon|def|1\n|-unboost|p1a: Mastodon|spd|1\n|faint|p2b: Flutter Mane\n|-end|p2b: Flutter Mane|Protosynthesis|[silent]\n|move|p2a: Tyranitar|Tera Blast|p1a: Mastodon\n|-supereffective|p1a: Mastodon\n|-damage|p1a: Mastodon|8\/100\n|\n|-weather|Sandstorm|[upkeep]\n|-damage|p1b: Rico|94\/100|[from] Sandstorm\n|-damage|p2a: Tyranitar|63\/100|[from] Sandstorm\n|upkeep\n|\n|t:|1683946868\n|switch|p2b: Arcanine|Arcanine, L50, F|100\/100\n|-ability|p2b: Arcanine|Intimidate|boost\n|-unboost|p1a: Mastodon|atk|1\n|-unboost|p1b: Rico|atk|1\n|turn|2\n|\n|t:|1683946879\n|-end|p1a: Mastodon|Protosynthesis|[silent]\n|switch|p1a: Yeti|Abomasnow, L50, M|100\/100\n|-weather|Snow|[from] ability: Snow Warning|[of] p1a: Yeti\n|move|p2b: Arcanine|Extreme Speed|p1a: Yeti\n|-damage|p1a: Yeti|84\/100\n|move|p1b: Rico|Blizzard|p2b: Arcanine|[spread] p2a,p2b\n|-supereffective|p2a: Tyranitar\n|-resisted|p2b: Arcanine\n|-damage|p2a: Tyranitar|22\/100\n|-damage|p2b: Arcanine|81\/100\n|move|p2a: Tyranitar|Tera Blast|p1b: Rico\n|-supereffective|p1b: Rico\n|-damage|p1b: Rico|33\/100\n|\n|-weather|Snow|[upkeep]\n|upkeep\n|turn|3\n|inactive|caZISA has 30 seconds left.\n|inactive|L0LZ4N0m4 has 30 seconds left.\n|\n|t:|1683946911\n|switch|p2a: Amoonguss|Amoonguss, L50, M|100\/100\n|move|p2b: Arcanine|Protect|p2b: Arcanine\n|-singleturn|p2b: Arcanine|Protect\n|move|p1b: Rico|Hydro Pump|p2b: Arcanine\n|-activate|p2b: Arcanine|move: Protect\n|move|p1a: Yeti|Aurora Veil|p1a: Yeti\n|-sidestart|p1: caZISA|move: Aurora Veil\n|\n|-weather|Snow|[upkeep]\n|upkeep\n|turn|4\n|inactive|caZISA has 30 seconds left.\n|\n|t:|1683946938\n|switch|p1a: Mastodon|Great Tusk, L50|8\/100\n|move|p2b: Arcanine|Extreme Speed|p1b: Rico\n|-damage|p1b: Rico|23\/100\n|move|p2a: Amoonguss|Rage Powder|p2a: Amoonguss\n|-singleturn|p2a: Amoonguss|move: Rage Powder\n|move|p1b: Rico|Blizzard|p2b: Arcanine|[spread] p2a,p2b\n|-supereffective|p2a: Amoonguss\n|-resisted|p2b: Arcanine\n|-damage|p2a: Amoonguss|32\/100\n|-damage|p2b: Arcanine|59\/100\n|-enditem|p2a: Amoonguss|Sitrus Berry|[eat]\n|-heal|p2a: Amoonguss|57\/100|[from] item: Sitrus Berry\n|\n|-weather|Snow|[upkeep]\n|upkeep\n|turn|5\n|\n|t:|1683946946\n|switch|p2a: Tyranitar|Tyranitar, L50, F, tera:Grass|22\/100\n|-weather|Sandstorm|[from] ability: Sand Stream|[of] p2a: Tyranitar\n|move|p2b: Arcanine|Extreme Speed|p1a: Mastodon\n|-damage|p1a: Mastodon|0 fnt\n|faint|p1a: Mastodon\n|-end|p1a: Mastodon|Protosynthesis|[silent]\n|move|p1b: Rico|Blizzard|p2a: Tyranitar|[spread] p2b\n|-miss|p1b: Rico|p2a: Tyranitar\n|-resisted|p2b: Arcanine\n|-damage|p2b: Arcanine|39\/100\n|\n|-weather|Sandstorm|[upkeep]\n|-damage|p1b: Rico|17\/100|[from] Sandstorm\n|-damage|p2a: Tyranitar|16\/100|[from] Sandstorm\n|upkeep\n|\n|t:|1683946949\n|switch|p1a: Yeti|Abomasnow, L50, M|84\/100\n|-weather|Snow|[from] ability: Snow Warning|[of] p1a: Yeti\n|turn|6\n|\n|t:|1683946965\n|switch|p2a: Amoonguss|Amoonguss, L50, M|90\/100\n|move|p2b: Arcanine|Protect|p2b: Arcanine\n|-singleturn|p2b: Arcanine|Protect\n|move|p1b: Rico|Hydro Pump|p2b: Arcanine\n|-activate|p2b: Arcanine|move: Protect\n|move|p1a: Yeti|Blizzard|p2a: Amoonguss|[spread] p2a\n|-activate|p2b: Arcanine|move: Protect\n|-supereffective|p2a: Amoonguss\n|-damage|p2a: Amoonguss|29\/100\n|-status|p2a: Amoonguss|frz\n|\n|-weather|Snow|[upkeep]\n|upkeep\n|turn|7\n|\n|t:|1683946975\n|switch|p2a: Tyranitar|Tyranitar, L50, F, tera:Grass|16\/100\n|-weather|Sandstorm|[from] ability: Sand Stream|[of] p2a: Tyranitar\n|move|p2b: Arcanine|Extreme Speed|p1b: Rico\n|-crit|p1b: Rico\n|-damage|p1b: Rico|0 fnt\n|faint|p1b: Rico\n|-end|p1b: Rico|Quark Drive|[silent]\n|move|p1a: Yeti|Blizzard|p2a: Tyranitar|[spread] p2a,p2b\n|-supereffective|p2a: Tyranitar\n|-resisted|p2b: Arcanine\n|-damage|p2a: Tyranitar|0 fnt\n|-damage|p2b: Arcanine|21\/100\n|faint|p2a: Tyranitar\n|\n|-weather|Sandstorm|[upkeep]\n|-damage|p1a: Yeti|78\/100|[from] Sandstorm\n|upkeep\n|\n|t:|1683946981\n|switch|p1b: Gholdengo|Gholdengo, L50|100\/100\n|switch|p2a: Amoonguss|Amoonguss, L50, M|62\/100 frz\n|turn|8\n|\n|t:|1683946991\n|-terastallize|p1b: Gholdengo|Water\n|move|p1b: Gholdengo|Shadow Ball|p2b: Arcanine\n|-damage|p2b: Arcanine|0 fnt\n|faint|p2b: Arcanine\n|-damage|p1b: Gholdengo|91\/100|[from] item: Life Orb\n|move|p1a: Yeti|Blizzard|p2a: Amoonguss\n|-supereffective|p2a: Amoonguss\n|-damage|p2a: Amoonguss|0 fnt\n|faint|p2a: Amoonguss\n|\n|win|caZISA\n|raw|caZISA's rating: 1432 → 1446<\/strong> (+14 for winning)\n|raw|L0LZ4N0m4's rating: 1330 → 1316<\/strong> (-14 for losing)\n|l|\u2606caZISA\n","uploadtime":1683947003,"views":7,"p1id":"cazisa","p2id":"l0lz4n0m4","formatid":"gen9vgc2023regulationc","rating":1316,"private":0,"password":""}