{"id":"gen9vgc2023regulationc-1855954979","p1":"bigbadbirdvgc","p2":"MetroVGC","format":"[Gen 9] VGC 2023 Regulation C","log":"|j|\u2606bigbadbirdvgc\n|j|\u2606MetroVGC\n|t:|1683006637\n|gametype|doubles\n|player|p1|bigbadbirdvgc|harlequin|\n|player|p2|MetroVGC|2|\n|teamsize|p1|6\n|teamsize|p2|6\n|gen|9\n|tier|[Gen 9] VGC 2023 Regulation C\n|rated|Tournament battle\n|rule|Species Clause: Limit one of each Pok\u00e9mon\n|rule|Item Clause: Limit one of each item\n|clearpoke\n|poke|p1|Chi-Yu, L50|\n|poke|p1|Torkoal, L50, M|\n|poke|p1|Indeedee-F, L50, F|\n|poke|p1|Flutter Mane, L50|\n|poke|p1|Dondozo, L50, F|\n|poke|p1|Tatsugiri, L50, M|\n|poke|p2|Scream Tail, L50|\n|poke|p2|Gyarados, L50, M|\n|poke|p2|Ceruledge, L50, M|\n|poke|p2|Ting-Lu, L50|\n|poke|p2|Oranguru, L50, F|\n|poke|p2|Abomasnow, L50, F|\n|teampreview|4\n|raw| Open Team Sheet for bigbadbirdvgc<\/summary>Chi-Yu @ Choice Scarf Ability: Beads of Ruin Level: 50 Tera Type: Fire - Overheat - Heat Wave - Snarl - Lava Plume Torkoal @ Safety Goggles Ability: Drought Level: 50 Tera Type: Fire - Eruption - Helping Hand - Overheat - Protect Indeedee (Indeedee-F) (F) @ Psychic Seed Ability: Psychic Surge Level: 50 Tera Type: Psychic - Psychic - Trick Room - Follow Me - Helping Hand Flutter Mane @ Focus Sash Ability: Protosynthesis Level: 50 Tera Type: Fairy - Moonblast - Icy Wind - Shadow Ball - Protect Dondozo @ Chesto Berry Ability: Unaware Level: 50 Tera Type: Steel - Earthquake - Order Up - Rest - Protect Tatsugiri @ Sitrus Berry Ability: Commander Level: 50 Tera Type: Steel - Protect - Draco Meteor - Muddy Water - Taunt <\/details><\/div> Open Team Sheet for MetroVGC<\/summary>Scream Tail @ Booster Energy Ability: Protosynthesis Level: 50 Tera Type: Steel - Play Rough - Howl - Thunder Wave - Protect Gyarados (M) @ Sitrus Berry Ability: Intimidate Level: 50 Tera Type: Steel - Waterfall - Iron Head - Thunder Wave - Taunt Ceruledge @ Assault Vest Ability: Flash Fire Level: 50 Tera Type: Grass - Bitter Blade - Shadow Sneak - Tera Blast - Close Combat Ting-Lu @ Choice Band Ability: Vessel of Ruin Level: 50 Tera Type: Poison - Earthquake - Stomping Tantrum - Rock Slide - Throat Chop Oranguru @ Mental Herb Ability: Telepathy Level: 50 Tera Type: Steel - Foul Play - Instruct - Taunt - Trick Room Abomasnow @ Light Clay Ability: Snow Warning Level: 50 Tera Type: Water - Blizzard - Giga Drain - Aurora Veil - Protect <\/details><\/div>\n|inactive|Battle timer is ON: inactive players will automatically lose when time's up. (requested by MetroVGC)\n|inactive|MetroVGC has 60 seconds left.\n|j| WeirdPolyCouple\n|inactive|MetroVGC has 30 seconds left.\n|\n|t:|1683006699\n|start\n|switch|p1a: Chi-Yu|Chi-Yu, L50|100\/100\n|switch|p1b: Torkoal|Torkoal, L50, M|100\/100\n|switch|p2a: Ting-Lu|Ting-Lu, L50|100\/100\n|switch|p2b: Scream Tail|Scream Tail, L50|100\/100\n|-ability|p1a: Chi-Yu|Beads of Ruin\n|-ability|p2a: Ting-Lu|Vessel of Ruin\n|-weather|SunnyDay|[from] ability: Drought|[of] p1b: Torkoal\n|-activate|p2b: Scream Tail|ability: Protosynthesis\n|-start|p2b: Scream Tail|protosynthesisspe\n|turn|1\n|j| pokemon19385\n|\n|t:|1683006721\n|-terastallize|p1a: Chi-Yu|Fire\n|move|p1b: Torkoal|Helping Hand|p1a: Chi-Yu\n|-singleturn|p1a: Chi-Yu|Helping Hand|[of] p1b: Torkoal\n|move|p1a: Chi-Yu|Overheat|p2a: Ting-Lu\n|-crit|p2a: Ting-Lu\n|-damage|p2a: Ting-Lu|0 fnt\n|-unboost|p1a: Chi-Yu|spa|2\n|faint|p2a: Ting-Lu\n|move|p2b: Scream Tail|Howl|p2b: Scream Tail\n|-boost|p2b: Scream Tail|atk|1\n|\n|-weather|SunnyDay|[upkeep]\n|upkeep\n|\n|t:|1683006740\n|switch|p2a: Ceruledge|Ceruledge, L50, M|100\/100\n|turn|2\n|\n|t:|1683006753\n|switch|p1a: Dondozo|Dondozo, L50, F|100\/100\n|move|p1b: Torkoal|Protect|p1b: Torkoal\n|-singleturn|p1b: Torkoal|Protect\n|move|p2b: Scream Tail|Howl|p2b: Scream Tail|[spread] p2a,p2b\n|-boost|p2a: Ceruledge|atk|1\n|-boost|p2b: Scream Tail|atk|1\n|move|p2a: Ceruledge|Bitter Blade|p1b: Torkoal\n|-activate|p1b: Torkoal|move: Protect\n|\n|-weather|SunnyDay|[upkeep]\n|upkeep\n|turn|3\n|j| 30workseverytime\n|\n|t:|1683006773\n|switch|p1b: Tatsugiri|Tatsugiri, L50, M|100\/100\n|-activate|p1b: Tatsugiri|ability: Commander|[of] p1a: Dondozo\n|-boost|p1a: Dondozo|atk|2\n|-boost|p1a: Dondozo|spa|2\n|-boost|p1a: Dondozo|spe|2\n|-boost|p1a: Dondozo|def|2\n|-boost|p1a: Dondozo|spd|2\n|-terastallize|p2a: Ceruledge|Grass\n|move|p2b: Scream Tail|Thunder Wave|p1a: Dondozo\n|-status|p1a: Dondozo|par\n|move|p2a: Ceruledge|Tera Blast|p1a: Dondozo\n|-supereffective|p1a: Dondozo\n|-damage|p1a: Dondozo|77\/100 par\n|move|p1a: Dondozo|Earthquake|p2a: Ceruledge|[spread] p2a,p2b\n|-miss|p1a: Dondozo|p1b: Tatsugiri\n|-resisted|p2a: Ceruledge\n|-damage|p2a: Ceruledge|81\/100\n|-damage|p2b: Scream Tail|70\/100\n|\n|-weather|SunnyDay|[upkeep]\n|upkeep\n|turn|4\n|inactive|MetroVGC has 30 seconds left.\n|\n|t:|1683006806\n|switch|p2a: Abomasnow|Abomasnow, L50, F|100\/100\n|-weather|Snow|[from] ability: Snow Warning|[of] p2a: Abomasnow\n|-end|p2b: Scream Tail|Protosynthesis\n|-enditem|p2b: Scream Tail|Booster Energy\n|-activate|p2b: Scream Tail|ability: Protosynthesis|[fromitem]\n|-start|p2b: Scream Tail|protosynthesisatk\n|move|p2b: Scream Tail|Protect|p2b: Scream Tail\n|-singleturn|p2b: Scream Tail|Protect\n|move|p1a: Dondozo|Order Up|p2a: Abomasnow\n|-damage|p2a: Abomasnow|72\/100\n|-boost|p1a: Dondozo|atk|1\n|\n|-weather|Snow|[upkeep]\n|upkeep\n|turn|5\n|j| Tilzie\n|\n|t:|1683006828\n|move|p2b: Scream Tail|Play Rough|p1a: Dondozo\n|-damage|p1a: Dondozo|66\/100 par\n|move|p2a: Abomasnow|Aurora Veil|p2a: Abomasnow\n|-sidestart|p2: MetroVGC|move: Aurora Veil\n|move|p1a: Dondozo|Rest|p1a: Dondozo\n|-status|p1a: Dondozo|slp|[from] move: Rest\n|-heal|p1a: Dondozo|100\/100 slp|[silent]\n|-enditem|p1a: Dondozo|Chesto Berry|[eat]\n|-curestatus|p1a: Dondozo|slp|[msg]\n|\n|-weather|Snow|[upkeep]\n|upkeep\n|turn|6\n|\n|t:|1683006841\n|move|p1a: Dondozo|Order Up|p2a: Abomasnow\n|-damage|p2a: Abomasnow|49\/100\n|-boost|p1a: Dondozo|atk|1\n|move|p2b: Scream Tail|Thunder Wave|p1a: Dondozo\n|-status|p1a: Dondozo|par\n|move|p2a: Abomasnow|Giga Drain|p1a: Dondozo\n|-supereffective|p1a: Dondozo\n|-damage|p1a: Dondozo|75\/100 par\n|-heal|p2a: Abomasnow|65\/100|[from] drain|[of] p1a: Dondozo\n|\n|-weather|Snow|[upkeep]\n|upkeep\n|turn|7\n|\n|t:|1683006852\n|move|p2b: Scream Tail|Howl|p2b: Scream Tail|[spread] p2a,p2b\n|-boost|p2a: Abomasnow|atk|1\n|-boost|p2b: Scream Tail|atk|1\n|move|p2a: Abomasnow|Giga Drain|p1a: Dondozo\n|-supereffective|p1a: Dondozo\n|-damage|p1a: Dondozo|50\/100 par\n|-heal|p2a: Abomasnow|80\/100|[from] drain|[of] p1a: Dondozo\n|move|p1a: Dondozo|Earthquake|p2b: Scream Tail|[spread] p2a,p2b\n|-miss|p1a: Dondozo|p1b: Tatsugiri\n|-resisted|p2a: Abomasnow\n|-damage|p2a: Abomasnow|68\/100\n|-damage|p2b: Scream Tail|41\/100\n|\n|-weather|Snow|[upkeep]\n|upkeep\n|turn|8\n|\n|t:|1683006865\n|move|p2b: Scream Tail|Play Rough|p1a: Dondozo\n|-crit|p1a: Dondozo\n|-damage|p1a: Dondozo|18\/100 par\n|-unboost|p1a: Dondozo|atk|1\n|move|p2a: Abomasnow|Giga Drain|p1a: Dondozo\n|-supereffective|p1a: Dondozo\n|-damage|p1a: Dondozo|0 fnt\n|-heal|p2a: Abomasnow|79\/100|[from] drain|[of] p1a: Dondozo\n|faint|p1a: Dondozo\n|\n|-weather|none\n|upkeep\n|j| rv100\n|c| rv100|FINALS\n|\n|t:|1683006882\n|switch|p1a: Chi-Yu|Chi-Yu, L50, tera:Fire|100\/100\n|-ability|p1a: Chi-Yu|Beads of Ruin\n|turn|9\n|c| rv100|oh what dozo died\n|inactive|MetroVGC has 30 seconds left.\n|inactive|MetroVGC has 20 seconds left.\n|inactive|MetroVGC has 15 seconds left.\n|inactive|MetroVGC has 10 seconds left.\n|inactive|MetroVGC has 5 seconds left.\n|\n|t:|1683006935\n|move|p2b: Scream Tail|Protect|p2b: Scream Tail\n|-singleturn|p2b: Scream Tail|Protect\n|move|p2a: Abomasnow|Protect|p2a: Abomasnow\n|-singleturn|p2a: Abomasnow|Protect\n|move|p1a: Chi-Yu|Heat Wave|p2a: Abomasnow|[spread] \n|-activate|p2a: Abomasnow|move: Protect\n|-activate|p2b: Scream Tail|move: Protect\n|move|p1b: Tatsugiri|Draco Meteor|p2a: Abomasnow\n|-activate|p2a: Abomasnow|move: Protect\n|\n|upkeep\n|turn|10\n|\n|t:|1683006951\n|-end|p2b: Scream Tail|Protosynthesis|[silent]\n|switch|p2b: Ceruledge|Ceruledge, L50, M, tera:Grass|81\/100\n|move|p1a: Chi-Yu|Heat Wave|p2b: Ceruledge|[spread] p2a\n|-start|p2b: Ceruledge|ability: Flash Fire\n|-supereffective|p2a: Abomasnow\n|-damage|p2a: Abomasnow|0 fnt\n|faint|p2a: Abomasnow\n|move|p1b: Tatsugiri|Draco Meteor|p2b: Ceruledge\n|-damage|p2b: Ceruledge|55\/100\n|-unboost|p1b: Tatsugiri|spa|2\n|\n|upkeep\n|\n|t:|1683006954\n|switch|p2a: Scream Tail|Scream Tail, L50|41\/100\n|turn|11\n|c| rv100|ohhhhhhhhhhhhhhh\n|c| rv100|OHHHHHHH\n|c| rv100|the plays\n|\n|t:|1683006972\n|switch|p1a: Torkoal|Torkoal, L50, M|100\/100\n|-weather|SunnyDay|[from] ability: Drought|[of] p1a: Torkoal\n|-activate|p2a: Scream Tail|ability: Protosynthesis\n|-start|p2a: Scream Tail|protosynthesisspe\n|move|p2a: Scream Tail|Protect|p2a: Scream Tail\n|-singleturn|p2a: Scream Tail|Protect\n|move|p1b: Tatsugiri|Taunt|p2a: Scream Tail\n|-activate|p2a: Scream Tail|move: Protect\n|move|p2b: Ceruledge|Bitter Blade|p1a: Torkoal\n|-resisted|p1a: Torkoal\n|-damage|p1a: Torkoal|65\/100\n|-heal|p2b: Ceruledge|72\/100|[from] drain|[of] p1a: Torkoal\n|\n|-weather|SunnyDay|[upkeep]\n|upkeep\n|turn|12\n|l| Tilzie\n|inactive|bigbadbirdvgc has 30 seconds left.\n|\n|t:|1683007003\n|switch|p1b: Chi-Yu|Chi-Yu, L50, tera:Fire|100\/100\n|-ability|p1b: Chi-Yu|Beads of Ruin\n|move|p2a: Scream Tail|Howl|p2a: Scream Tail|[spread] p2a,p2b\n|-boost|p2a: Scream Tail|atk|1\n|-boost|p2b: Ceruledge|atk|1\n|move|p2b: Ceruledge|Bitter Blade|p1b: Chi-Yu\n|-resisted|p1b: Chi-Yu\n|-damage|p1b: Chi-Yu|0 fnt\n|-heal|p2b: Ceruledge|100\/100|[from] drain|[of] p1b: Chi-Yu\n|faint|p1b: Chi-Yu\n|move|p1a: Torkoal|Overheat|p2a: Scream Tail\n|-damage|p2a: Scream Tail|2\/100\n|-unboost|p1a: Torkoal|spa|2\n|\n|-weather|SunnyDay|[upkeep]\n|-sideend|p2: MetroVGC|move: Aurora Veil\n|upkeep\n|c|\u2606bigbadbirdvgc|ggwp\n|\n|t:|1683007023\n|switch|p1b: Tatsugiri|Tatsugiri, L50, M|100\/100\n|turn|13\n|\n|t:|1683007031\n|move|p1a: Torkoal|Helping Hand|p1b: Tatsugiri\n|-singleturn|p1b: Tatsugiri|Helping Hand|[of] p1a: Torkoal\n|move|p2a: Scream Tail|Howl|p2a: Scream Tail|[spread] p2a,p2b\n|-boost|p2a: Scream Tail|atk|1\n|-boost|p2b: Ceruledge|atk|1\n|move|p1b: Tatsugiri|Draco Meteor|p2b: Ceruledge\n|-damage|p2b: Ceruledge|54\/100\n|-unboost|p1b: Tatsugiri|spa|2\n|move|p2b: Ceruledge|Tera Blast|p1b: Tatsugiri\n|-damage|p1b: Tatsugiri|2\/100\n|-enditem|p1b: Tatsugiri|Sitrus Berry|[eat]\n|-heal|p1b: Tatsugiri|27\/100|[from] item: Sitrus Berry\n|\n|-weather|SunnyDay|[upkeep]\n|upkeep\n|turn|14\n|c| rv100|omg scream taiil might actually do smt\n|inactive|bigbadbirdvgc has 30 seconds left.\n|\n|t:|1683007056\n|move|p1b: Tatsugiri|Protect|p1b: Tatsugiri\n|-singleturn|p1b: Tatsugiri|Protect\n|move|p2a: Scream Tail|Play Rough|p1b: Tatsugiri\n|-activate|p1b: Tatsugiri|move: Protect\n|move|p2b: Ceruledge|Bitter Blade|p1b: Tatsugiri\n|-activate|p1b: Tatsugiri|move: Protect\n|move|p1a: Torkoal|Overheat|p2a: Scream Tail|[miss]\n|-miss|p1a: Torkoal|p2a: Scream Tail\n|\n|-weather|SunnyDay|[upkeep]\n|upkeep\n|turn|15\n|c| rv100|why is torkoal 2 stats down\n|c| rv100|like what\n|\n|t:|1683007072\n|move|p1b: Tatsugiri|Protect|p1b: Tatsugiri\n|-singleturn|p1b: Tatsugiri|Protect\n|move|p2a: Scream Tail|Play Rough|p1b: Tatsugiri\n|-activate|p1b: Tatsugiri|move: Protect\n|move|p2b: Ceruledge|Bitter Blade|p1b: Tatsugiri\n|-activate|p1b: Tatsugiri|move: Protect\n|move|p1a: Torkoal|Overheat|p2a: Scream Tail\n|-damage|p2a: Scream Tail|0 fnt\n|-unboost|p1a: Torkoal|spa|2\n|faint|p2a: Scream Tail\n|-end|p2a: Scream Tail|Protosynthesis|[silent]\n|\n|-weather|none\n|upkeep\n|turn|16\n|\n|t:|1683007088\n|move|p1a: Torkoal|Helping Hand|p1b: Tatsugiri\n|-singleturn|p1b: Tatsugiri|Helping Hand|[of] p1a: Torkoal\n|move|p2b: Ceruledge|Shadow Sneak|p1b: Tatsugiri\n|-damage|p1b: Tatsugiri|0 fnt\n|faint|p1b: Tatsugiri\n|\n|upkeep\n|turn|17\n|c| rv100|why use a spa atking torkoal\n|-message|bigbadbirdvgc forfeited.\n|\n|win|MetroVGC\n|n|\u2606bigbadbirdvgc|bigbadbirdvgc\n|n|\u2606MetroVGC|metrovgc\n|n| WeirdPolyCouple|weirdpolycouple\n|n| pokemon19385|pokemon19385\n|n| 30workseverytime|30workseverytime\n|n| rv100|rv100\n","uploadtime":1683007101,"views":17,"p1id":"bigbadbirdvgc","p2id":"metrovgc","formatid":"gen9vgc2023regulationc","rating":0,"private":0,"password":""}