{"id":"gen9vgc2023regulationc-1849820452","p1":"cyborgdyl","p2":"Broskander","format":"[Gen 9] VGC 2023 Regulation C","log":"|j|\u2606cyborgdyl\n|j|\u2606Broskander\n|t:|1682256637\n|gametype|doubles\n|player|p1|cyborgdyl|101|1034\n|player|p2|Broskander|2|1068\n|teamsize|p1|6\n|teamsize|p2|6\n|gen|9\n|tier|[Gen 9] VGC 2023 Regulation C\n|rated|\n|rule|Species Clause: Limit one of each Pok\u00e9mon\n|rule|Item Clause: Limit one of each item\n|clearpoke\n|poke|p1|Dondozo, L50, M|\n|poke|p1|Tatsugiri-Droopy, L50, M|\n|poke|p1|Gholdengo, L50|\n|poke|p1|Sylveon, L50, M|\n|poke|p1|Iron Hands, L50|\n|poke|p1|Ting-Lu, L50|\n|poke|p2|Wo-Chien, L50|\n|poke|p2|Gastrodon, L50, F|\n|poke|p2|Garganacl, L50, F|\n|poke|p2|Arcanine, L50, M|\n|poke|p2|Grimmsnarl, L50, M|\n|poke|p2|Annihilape, L50, M|\n|teampreview|4\n|inactive|Battle timer is ON: inactive players will automatically lose when time's up. (requested by Broskander)\n|\n|t:|1682256672\n|start\n|switch|p1a: Iron Hands|Iron Hands, L50, shiny|100\/100\n|switch|p1b: Sylveon|Sylveon, L50, M|100\/100\n|switch|p2a: Grimmsnarl|Grimmsnarl, L50, M|100\/100\n|switch|p2b: Annihilape|Annihilape, L50, M|100\/100\n|-enditem|p1a: Iron Hands|Booster Energy\n|-activate|p1a: Iron Hands|ability: Quark Drive|[fromitem]\n|-start|p1a: Iron Hands|quarkdriveatk\n|turn|1\n|inactive|Broskander has 30 seconds left.\n|\n|t:|1682256701\n|-terastallize|p2b: Annihilape|Fire\n|move|p2a: Grimmsnarl|Parting Shot|p1a: Iron Hands\n|-unboost|p1a: Iron Hands|atk|1\n|-unboost|p1a: Iron Hands|spa|1\n|\n|t:|1682256706\n|switch|p2a: Arcanine|Arcanine, L50, M|100\/100|[from] Parting Shot\n|-ability|p2a: Arcanine|Intimidate|boost\n|-unboost|p1a: Iron Hands|atk|1\n|-unboost|p1b: Sylveon|atk|1\n|move|p2b: Annihilape|Bulk Up|p2b: Annihilape\n|-boost|p2b: Annihilape|atk|1\n|-boost|p2b: Annihilape|def|1\n|move|p1b: Sylveon|Hyper Voice|p2b: Annihilape|[spread] p2a,p2b\n|-resisted|p2a: Arcanine\n|-resisted|p2b: Annihilape\n|-damage|p2a: Arcanine|80\/100\n|-damage|p2b: Annihilape|85\/100\n|-enditem|p1b: Sylveon|Throat Spray\n|-boost|p1b: Sylveon|spa|1|[from] item: Throat Spray\n|move|p1a: Iron Hands|Swords Dance|p1a: Iron Hands\n|-boost|p1a: Iron Hands|atk|2\n|\n|upkeep\n|turn|2\n|inactive|Broskander has 30 seconds left.\n|\n|t:|1682256736\n|move|p1b: Sylveon|Detect|p1b: Sylveon\n|-singleturn|p1b: Sylveon|Protect\n|move|p2a: Arcanine|Will-O-Wisp|p1a: Iron Hands|[miss]\n|-miss|p2a: Arcanine|p1a: Iron Hands\n|move|p2b: Annihilape|Bulk Up|p2b: Annihilape\n|-boost|p2b: Annihilape|atk|1\n|-boost|p2b: Annihilape|def|1\n|move|p1a: Iron Hands|Wild Charge|p2b: Annihilape\n|-damage|p2b: Annihilape|55\/100\n|-damage|p1a: Iron Hands|94\/100|[from] Recoil\n|\n|upkeep\n|turn|3\n|\n|t:|1682256758\n|move|p2a: Arcanine|Will-O-Wisp|p1a: Iron Hands\n|-status|p1a: Iron Hands|brn\n|move|p2b: Annihilape|Rage Fist|p1b: Sylveon\n|-damage|p1b: Sylveon|0 fnt\n|faint|p1b: Sylveon\n|move|p1a: Iron Hands|Wild Charge|p2b: Annihilape\n|-damage|p2b: Annihilape|40\/100\n|-damage|p1a: Iron Hands|90\/100 brn|[from] Recoil\n|\n|-damage|p1a: Iron Hands|84\/100 brn|[from] brn\n|upkeep\n|\n|t:|1682256771\n|switch|p1b: Dondozo|Dondozo, L50, M, shiny|100\/100\n|turn|4\n|\n|t:|1682256783\n|-end|p1a: Iron Hands|Quark Drive|[silent]\n|switch|p1a: Tatsugiri|Tatsugiri-Droopy, L50, M, shiny|100\/100\n|-activate|p1a: Tatsugiri|ability: Commander|[of] p1b: Dondozo\n|-boost|p1b: Dondozo|atk|2\n|-boost|p1b: Dondozo|spa|2\n|-boost|p1b: Dondozo|spe|2\n|-boost|p1b: Dondozo|def|2\n|-boost|p1b: Dondozo|spd|2\n|move|p2a: Arcanine|Will-O-Wisp|p1b: Dondozo\n|-status|p1b: Dondozo|brn\n|move|p2b: Annihilape|Drain Punch|p1b: Dondozo\n|-damage|p1b: Dondozo|90\/100 brn\n|-heal|p2b: Annihilape|47\/100|[from] drain|[of] p1b: Dondozo\n|move|p1b: Dondozo|Earthquake|p2b: Annihilape|[spread] p2a,p2b\n|-miss|p1b: Dondozo|p1a: Tatsugiri\n|-supereffective|p2a: Arcanine\n|-supereffective|p2b: Annihilape\n|-damage|p2a: Arcanine|40\/100\n|-damage|p2b: Annihilape|7\/100\n|-enditem|p2a: Arcanine|Sitrus Berry|[eat]\n|-heal|p2a: Arcanine|65\/100|[from] item: Sitrus Berry\n|\n|-heal|p1b: Dondozo|96\/100 brn|[from] item: Leftovers\n|-damage|p1b: Dondozo|90\/100 brn|[from] brn\n|upkeep\n|turn|5\n|inactive|Broskander has 30 seconds left.\n|\n|t:|1682256817\n|switch|p2a: Grimmsnarl|Grimmsnarl, L50, M|100\/100\n|move|p2b: Annihilape|Rage Fist|p1b: Dondozo\n|-damage|p1b: Dondozo|58\/100 brn\n|move|p1b: Dondozo|Earthquake|p2b: Annihilape|[spread] p2a,p2b\n|-miss|p1b: Dondozo|p1a: Tatsugiri\n|-supereffective|p2b: Annihilape\n|-damage|p2a: Grimmsnarl|79\/100\n|-damage|p2b: Annihilape|0 fnt\n|faint|p2b: Annihilape\n|\n|-heal|p1b: Dondozo|64\/100 brn|[from] item: Leftovers\n|-damage|p1b: Dondozo|58\/100 brn|[from] brn\n|upkeep\n|\n|t:|1682256835\n|switch|p2b: Gastrodon|Gastrodon, L50, F|100\/100\n|turn|6\n|\n|t:|1682256843\n|move|p1b: Dondozo|Protect|p1b: Dondozo\n|-singleturn|p1b: Dondozo|Protect\n|move|p2a: Grimmsnarl|Reflect|p2a: Grimmsnarl\n|-sidestart|p2: Broskander|Reflect\n|move|p2b: Gastrodon|Chilling Water|p1b: Dondozo\n|-activate|p1b: Dondozo|move: Protect\n|\n|-heal|p1b: Dondozo|64\/100 brn|[from] item: Leftovers\n|-damage|p1b: Dondozo|58\/100 brn|[from] brn\n|upkeep\n|turn|7\n|\n|t:|1682256861\n|move|p1b: Dondozo|Earthquake|p2b: Gastrodon|[spread] p2a,p2b\n|-miss|p1b: Dondozo|p1a: Tatsugiri\n|-crit|p2a: Grimmsnarl\n|-damage|p2a: Grimmsnarl|46\/100\n|-damage|p2b: Gastrodon|89\/100\n|move|p2a: Grimmsnarl|Spirit Break|p1b: Dondozo\n|-damage|p1b: Dondozo|48\/100 brn\n|-unboost|p1b: Dondozo|spa|1\n|move|p2b: Gastrodon|Chilling Water|p1b: Dondozo\n|-resisted|p1b: Dondozo\n|-damage|p1b: Dondozo|45\/100 brn\n|-unboost|p1b: Dondozo|atk|1\n|\n|-heal|p1b: Dondozo|51\/100 brn|[from] item: Leftovers\n|-damage|p1b: Dondozo|45\/100 brn|[from] brn\n|upkeep\n|turn|8\n|\n|t:|1682256885\n|switch|p2a: Arcanine|Arcanine, L50, M|65\/100\n|-ability|p2a: Arcanine|Intimidate|boost\n|-unboost|p1a: Tatsugiri|atk|1\n|-unboost|p1b: Dondozo|atk|1\n|move|p1b: Dondozo|Earthquake|p2b: Gastrodon|[spread] p2a,p2b\n|-miss|p1b: Dondozo|p1a: Tatsugiri\n|-supereffective|p2a: Arcanine\n|-damage|p2a: Arcanine|52\/100\n|-damage|p2b: Gastrodon|84\/100\n|move|p2b: Gastrodon|Chilling Water|p1b: Dondozo\n|-resisted|p1b: Dondozo\n|-damage|p1b: Dondozo|42\/100 brn\n|-unboost|p1b: Dondozo|atk|1\n|\n|-heal|p1b: Dondozo|48\/100 brn|[from] item: Leftovers\n|-damage|p1b: Dondozo|42\/100 brn|[from] brn\n|upkeep\n|turn|9\n|\n|t:|1682256906\n|switch|p2a: Grimmsnarl|Grimmsnarl, L50, M|46\/100\n|move|p1b: Dondozo|Earthquake|p2b: Gastrodon|[spread] p2a,p2b\n|-miss|p1b: Dondozo|p1a: Tatsugiri\n|-damage|p2a: Grimmsnarl|41\/100\n|-damage|p2b: Gastrodon|80\/100\n|move|p2b: Gastrodon|Earth Power|p1b: Dondozo\n|-damage|p1b: Dondozo|29\/100 brn\n|\n|-heal|p1b: Dondozo|36\/100 brn|[from] item: Leftovers\n|-damage|p1b: Dondozo|29\/100 brn|[from] brn\n|upkeep\n|turn|10\n|\n|t:|1682256921\n|move|p1b: Dondozo|Earthquake|p2b: Gastrodon|[spread] p2a,p2b\n|-miss|p1b: Dondozo|p1a: Tatsugiri\n|-damage|p2a: Grimmsnarl|36\/100\n|-damage|p2b: Gastrodon|77\/100\n|move|p2a: Grimmsnarl|Spirit Break|p1b: Dondozo\n|-damage|p1b: Dondozo|20\/100 brn\n|-unboost|p1b: Dondozo|spa|1\n|move|p2b: Gastrodon|Earth Power|p1b: Dondozo\n|-damage|p1b: Dondozo|8\/100 brn\n|\n|-heal|p1b: Dondozo|14\/100 brn|[from] item: Leftovers\n|-damage|p1b: Dondozo|8\/100 brn|[from] brn\n|upkeep\n|turn|11\n|\n|t:|1682256939\n|move|p1b: Dondozo|Wave Crash|p2b: Gastrodon\n|-activate|p2b: Gastrodon|ability: Storm Drain\n|-ability|p2b: Gastrodon|Storm Drain|boost\n|-boost|p2b: Gastrodon|spa|1\n|move|p2a: Grimmsnarl|Spirit Break|p1b: Dondozo\n|-damage|p1b: Dondozo|0 fnt\n|faint|p1b: Dondozo\n|move|p2b: Gastrodon|Earth Power|p1a: Tatsugiri\n|-damage|p1a: Tatsugiri|62\/100\n|\n|upkeep\n|\n|t:|1682256949\n|switch|p1b: Iron Hands|Iron Hands, L50, shiny|84\/100 brn\n|turn|12\n|inactive|Broskander has 30 seconds left.\n|\n|t:|1682256981\n|-terastallize|p1b: Iron Hands|Grass\n|move|p1a: Tatsugiri|Helping Hand|p1b: Iron Hands\n|-singleturn|p1b: Iron Hands|Helping Hand|[of] p1a: Tatsugiri\n|move|p2a: Grimmsnarl|Parting Shot|p1b: Iron Hands\n|-unboost|p1b: Iron Hands|atk|1\n|-unboost|p1b: Iron Hands|spa|1\n|\n|t:|1682256988\n|switch|p2a: Arcanine|Arcanine, L50, M|52\/100|[from] Parting Shot\n|-ability|p2a: Arcanine|Intimidate|boost\n|-unboost|p1a: Tatsugiri|atk|1\n|-unboost|p1b: Iron Hands|atk|1\n|move|p1b: Iron Hands|Drain Punch|p2b: Gastrodon\n|-damage|p2b: Gastrodon|67\/100\n|-heal|p1b: Iron Hands|88\/100 brn|[from] drain|[of] p2b: Gastrodon\n|move|p2b: Gastrodon|Yawn|p1a: Tatsugiri\n|-start|p1a: Tatsugiri|move: Yawn|[of] p2b: Gastrodon\n|\n|-damage|p1b: Iron Hands|82\/100 brn|[from] brn\n|upkeep\n|turn|13\n|inactive|Broskander has 30 seconds left.\n|\n|t:|1682257015\n|move|p2a: Arcanine|Flare Blitz|p1b: Iron Hands\n|-supereffective|p1b: Iron Hands\n|-damage|p1b: Iron Hands|30\/100 brn\n|-damage|p2a: Arcanine|32\/100|[from] Recoil\n|move|p1a: Tatsugiri|Icy Wind|p2b: Gastrodon|[spread] p2a,p2b\n|-resisted|p2a: Arcanine\n|-damage|p2a: Arcanine|26\/100\n|-damage|p2b: Gastrodon|58\/100\n|-unboost|p2a: Arcanine|spe|1\n|-unboost|p2b: Gastrodon|spe|1\n|move|p1b: Iron Hands|Swords Dance|p1b: Iron Hands\n|-boost|p1b: Iron Hands|atk|2\n|move|p2b: Gastrodon|Earth Power|p1a: Tatsugiri\n|-damage|p1a: Tatsugiri|20\/100\n|\n|-damage|p1b: Iron Hands|24\/100 brn|[from] brn\n|-end|p1a: Tatsugiri|move: Yawn|[silent]\n|-status|p1a: Tatsugiri|slp\n|-sideend|p2: Broskander|Reflect\n|upkeep\n|turn|14\n|\n|t:|1682257037\n|move|p2a: Arcanine|Flare Blitz|p1b: Iron Hands\n|-supereffective|p1b: Iron Hands\n|-damage|p1b: Iron Hands|0 fnt\n|faint|p1b: Iron Hands\n|-end|p1b: Iron Hands|Quark Drive|[silent]\n|-damage|p2a: Arcanine|17\/100|[from] Recoil\n|cant|p1a: Tatsugiri|slp\n|move|p2b: Gastrodon|Chilling Water|p1a: Tatsugiri\n|-resisted|p1a: Tatsugiri\n|-damage|p1a: Tatsugiri|14\/100 slp\n|-unboost|p1a: Tatsugiri|atk|1\n|\n|upkeep\n|turn|15\n|\n|t:|1682257051\n|move|p2a: Arcanine|Snarl|p1a: Tatsugiri\n|-damage|p1a: Tatsugiri|3\/100 slp\n|-unboost|p1a: Tatsugiri|spa|1\n|cant|p1a: Tatsugiri|slp\n|move|p2b: Gastrodon|Earth Power|p1a: Tatsugiri\n|-damage|p1a: Tatsugiri|0 fnt\n|faint|p1a: Tatsugiri\n|\n|win|Broskander\n|raw|cyborgdyl's rating: 1034 → 1020<\/strong> (-14 for losing)\n|raw|Broskander's rating: 1068 → 1095<\/strong> (+27 for winning)\n|c|\u2606Broskander|Gg wp\n|l|\u2606cyborgdyl\n|l|\u2606Broskander\n|j|\u2606Broskander\n|player|p2|Broskander|2\n","uploadtime":1682257244,"views":18,"p1id":"cyborgdyl","p2id":"broskander","formatid":"gen9vgc2023regulationc","rating":1020,"private":0,"password":""}