{"id":"gen9vgc2023regulationc-1847279603","p1":"G-Jet","p2":"StrawHatRonin","format":"[Gen 9] VGC 2023 Regulation C","log":"|j|\u2606G-Jet\n|j|\u2606StrawHatRonin\n|t:|1681934184\n|gametype|doubles\n|player|p1|G-Jet|emmet|1142\n|player|p2|StrawHatRonin|morty|1205\n|teamsize|p1|5\n|teamsize|p2|6\n|gen|9\n|tier|[Gen 9] VGC 2023 Regulation C\n|rated|\n|rule|Species Clause: Limit one of each Pok\u00e9mon\n|rule|Item Clause: Limit one of each item\n|clearpoke\n|poke|p1|Hydreigon, L50, M|\n|poke|p1|Talonflame, L50, F|\n|poke|p1|Mimikyu, L50, F|\n|poke|p1|Iron Treads, L50|\n|poke|p1|Espathra, L50, M|\n|poke|p2|Maushold, L50|\n|poke|p2|Annihilape, L50, M|\n|poke|p2|Arcanine, L50, F|\n|poke|p2|Amoonguss, L50, M|\n|poke|p2|Gastrodon-East, L50, F|\n|poke|p2|Tsareena, L50, F|\n|teampreview|4\n|inactive|Battle timer is ON: inactive players will automatically lose when time's up. (requested by StrawHatRonin)\n|inactive|StrawHatRonin has 60 seconds left.\n|\n|t:|1681934218\n|start\n|switch|p1a: Hydreigon|Hydreigon, L50, M|100\/100\n|switch|p1b: KFC|Talonflame, L50, F|100\/100\n|switch|p2a: Amoonguss|Amoonguss, L50, M|100\/100\n|switch|p2b: Annihilape|Annihilape, L50, M|100\/100\n|turn|1\n|\n|t:|1681934241\n|-terastallize|p1a: Hydreigon|Fire\n|move|p1b: KFC|Brave Bird|p2a: Amoonguss\n|-supereffective|p2a: Amoonguss\n|-damage|p2a: Amoonguss|27\/100\n|-damage|p1b: KFC|84\/100|[from] item: Rocky Helmet|[of] p2a: Amoonguss\n|-damage|p1b: KFC|50\/100|[from] Recoil\n|-enditem|p1b: KFC|Sitrus Berry|[eat]\n|-heal|p1b: KFC|74\/100|[from] item: Sitrus Berry\n|move|p1a: Hydreigon|Focus Energy|p1a: Hydreigon\n|-start|p1a: Hydreigon|move: Focus Energy\n|move|p2b: Annihilape|Bulk Up|p2b: Annihilape\n|-boost|p2b: Annihilape|atk|1\n|-boost|p2b: Annihilape|def|1\n|move|p2a: Amoonguss|Spore|p1a: Hydreigon\n|-status|p1a: Hydreigon|slp|[from] move: Spore\n|\n|upkeep\n|turn|2\n|inactive|G-Jet has 30 seconds left.\n|inactive|StrawHatRonin has 30 seconds left.\n|inactive|G-Jet has 20 seconds left.\n|\n|t:|1681934280\n|-terastallize|p2b: Annihilape|Fire\n|cant|p1a: Hydreigon|slp\n|move|p2a: Amoonguss|Protect|p2a: Amoonguss\n|-singleturn|p2a: Amoonguss|Protect\n|move|p1b: KFC|Flare Blitz|p2a: Amoonguss\n|-activate|p2a: Amoonguss|move: Protect\n|move|p2b: Annihilape|Drain Punch|p1a: Hydreigon\n|-damage|p1a: Hydreigon|47\/100 slp\n|\n|upkeep\n|turn|3\n|inactive|StrawHatRonin has 30 seconds left.\n|\n|t:|1681934314\n|move|p1b: KFC|Brave Bird|p2a: Amoonguss\n|-supereffective|p2a: Amoonguss\n|-damage|p2a: Amoonguss|0 fnt\n|-damage|p1b: KFC|58\/100|[from] item: Rocky Helmet|[of] p2a: Amoonguss\n|faint|p2a: Amoonguss\n|-damage|p1b: KFC|46\/100|[from] Recoil\n|cant|p1a: Hydreigon|slp\n|move|p2b: Annihilape|Bulk Up|p2b: Annihilape\n|-boost|p2b: Annihilape|atk|1\n|-boost|p2b: Annihilape|def|1\n|\n|upkeep\n|\n|t:|1681934327\n|switch|p2a: Maushold|Maushold, L50|100\/100\n|turn|4\n|\n|t:|1681934342\n|move|p1b: KFC|Brave Bird|p2a: Maushold\n|-damage|p2a: Maushold|36\/100\n|-damage|p1b: KFC|20\/100|[from] Recoil\n|cant|p1a: Hydreigon|slp\n|move|p2a: Maushold|Beat Up|p2b: Annihilape\n|-damage|p2b: Annihilape|99\/100\n|-damage|p2b: Annihilape|98\/100\n|-damage|p2b: Annihilape|97\/100\n|-hitcount|p2b: Annihilape|3\n|move|p2b: Annihilape|Drain Punch|p1a: Hydreigon\n|-damage|p1a: Hydreigon|0 fnt\n|-heal|p2b: Annihilape|100\/100|[from] drain|[of] p1a: Hydreigon\n|faint|p1a: Hydreigon\n|\n|upkeep\n|\n|t:|1681934353\n|switch|p1a: Iron Treads|Iron Treads, L50|100\/100\n|-enditem|p1a: Iron Treads|Booster Energy\n|-activate|p1a: Iron Treads|ability: Quark Drive|[fromitem]\n|-start|p1a: Iron Treads|quarkdrivespe\n|turn|5\n|\n|t:|1681934368\n|move|p1a: Iron Treads|Protect|p1a: Iron Treads\n|-singleturn|p1a: Iron Treads|Protect\n|move|p2a: Maushold|Protect|p2a: Maushold\n|-singleturn|p2a: Maushold|Protect\n|move|p1b: KFC|Tailwind|p1b: KFC\n|-sidestart|p1: G-Jet|move: Tailwind\n|move|p2b: Annihilape|Rage Fist|p1a: Iron Treads\n|-activate|p1a: Iron Treads|move: Protect\n|\n|upkeep\n|turn|6\n|\n|t:|1681934385\n|move|p2a: Maushold|Follow Me|p2a: Maushold\n|-singleturn|p2a: Maushold|move: Follow Me\n|move|p1a: Iron Treads|Earthquake|p2b: Annihilape|[spread] p2a,p2b\n|-immune|p1b: KFC\n|-supereffective|p2b: Annihilape\n|-damage|p2a: Maushold|0 fnt\n|-damage|p2b: Annihilape|72\/100\n|faint|p2a: Maushold\n|move|p1b: KFC|Brave Bird|p2b: Annihilape\n|-damage|p2b: Annihilape|50\/100\n|-damage|p1b: KFC|10\/100|[from] Recoil\n|move|p2b: Annihilape|Rage Fist|p1a: Iron Treads\n|-damage|p1a: Iron Treads|0 fnt\n|faint|p1a: Iron Treads\n|-end|p1a: Iron Treads|Quark Drive|[silent]\n|\n|-heal|p2b: Annihilape|56\/100|[from] item: Leftovers\n|upkeep\n|\n|t:|1681934403\n|switch|p1a: Espathra|Espathra, L50, M|100\/100\n|switch|p2a: Tsareena|Tsareena, L50, F|100\/100\n|turn|7\n|\n|t:|1681934417\n|move|p1a: Espathra|Protect|p1a: Espathra\n|-singleturn|p1a: Espathra|Protect\n|move|p2a: Tsareena|Protect|p2a: Tsareena\n|-singleturn|p2a: Tsareena|Protect\n|move|p1b: KFC|Flare Blitz|p2a: Tsareena\n|-activate|p2a: Tsareena|move: Protect\n|move|p2b: Annihilape|Rage Fist|p1a: Espathra\n|-activate|p1a: Espathra|move: Protect\n|\n|-heal|p2b: Annihilape|63\/100|[from] item: Leftovers\n|-ability|p1a: Espathra|Speed Boost|boost\n|-boost|p1a: Espathra|spe|1\n|upkeep\n|turn|8\n|inactive|G-Jet has 30 seconds left.\n|\n|t:|1681934449\n|move|p2a: Tsareena|Protect|p2a: Tsareena\n|-singleturn|p2a: Tsareena|Protect\n|move|p1a: Espathra|Lumina Crash|p2b: Annihilape\n|-damage|p2b: Annihilape|36\/100\n|-unboost|p2b: Annihilape|spd|2\n|-ability|p2b: Annihilape|Defiant|boost\n|-boost|p2b: Annihilape|atk|2\n|move|p1b: KFC|Flare Blitz|p2a: Tsareena\n|-activate|p2a: Tsareena|move: Protect\n|move|p2b: Annihilape|Rage Fist|p1a: Espathra\n|-supereffective|p1a: Espathra\n|-enditem|p1a: Espathra|Focus Sash\n|-damage|p1a: Espathra|1\/100\n|\n|-heal|p2b: Annihilape|42\/100|[from] item: Leftovers\n|-sideend|p1: G-Jet|move: Tailwind\n|-ability|p1a: Espathra|Speed Boost|boost\n|-boost|p1a: Espathra|spe|1\n|upkeep\n|turn|9\n|inactive|StrawHatRonin has 30 seconds left.\n|\n|t:|1681934477\n|move|p2b: Annihilape|Protect|p2b: Annihilape\n|-singleturn|p2b: Annihilape|Protect\n|move|p1a: Espathra|Lumina Crash|p2b: Annihilape\n|-activate|p2b: Annihilape|move: Protect\n|move|p1b: KFC|Flare Blitz|p2a: Tsareena\n|-supereffective|p2a: Tsareena\n|-damage|p2a: Tsareena|2\/100\n|-damage|p1b: KFC|0 fnt|[from] Recoil\n|faint|p1b: KFC\n|move|p2a: Tsareena|U-turn|p1a: Espathra\n|-supereffective|p1a: Espathra\n|-damage|p1a: Espathra|0 fnt\n|faint|p1a: Espathra\n|\n|win|StrawHatRonin\n|raw|G-Jet's rating: 1142 → 1121<\/strong> (-21 for losing)\n|raw|StrawHatRonin's rating: 1205 → 1226<\/strong> (+21 for winning)\n","uploadtime":1681934495,"views":11,"p1id":"gjet","p2id":"strawhatronin","formatid":"gen9vgc2023regulationc","rating":1121,"private":0,"password":""}