{"id":"gen9vgc2023regulationc-1859799991","p1":"racczilla","p2":"TTT x","format":"[Gen 9] VGC 2023 Regulation C","log":"|j|\u2606racczilla\n|j|\u2606TTT x\n|t:|1683565574\n|gametype|doubles\n|player|p1|racczilla|bugcatcher-gen4dp|\n|player|p2|TTT x|galacticgruntf|\n|teamsize|p1|6\n|teamsize|p2|6\n|gen|9\n|tier|[Gen 9] VGC 2023 Regulation C\n|rated|Tournament battle\n|rule|Species Clause: Limit one of each Pok\u00e9mon\n|rule|Item Clause: Limit one of each item\n|clearpoke\n|poke|p1|Talonflame, L50, F|\n|poke|p1|Tinkaton, L50, F|\n|poke|p1|Roaring Moon, L50|\n|poke|p1|Amoonguss, L50, M|\n|poke|p1|Flutter Mane, L50|\n|poke|p1|Tauros-Paldea-Aqua, L50, M|\n|poke|p2|Maushold, L50|\n|poke|p2|Chi-Yu, L50|\n|poke|p2|Staraptor, L50, M|\n|poke|p2|Wo-Chien, L50|\n|poke|p2|Iron Hands, L50|\n|poke|p2|Ting-Lu, L50|\n|teampreview|4\n|raw| Open Team Sheet for racczilla<\/summary>Talonflame @ Sharp Beak Ability: Gale Wings Level: 50 Tera Type: Ghost - Brave Bird - Will-O-Wisp - Tailwind - Quick Guard Tinkaton (F) @ Sitrus Berry Ability: Mold Breaker Level: 50 Tera Type: Water - Gigaton Hammer - Fake Out - Feint - Thunder Wave Roaring Moon @ Booster Energy Ability: Protosynthesis Level: 50 Tera Type: Flying - Throat Chop - Acrobatics - Dragon Dance - Protect Amoonguss @ Rocky Helmet Ability: Regenerator Level: 50 Tera Type: Water - Clear Smog - Pollen Puff - Spore - Rage Powder Flutter Mane @ Life Orb Ability: Protosynthesis Level: 50 Tera Type: Fairy - Shadow Ball - Moonblast - Dazzling Gleam - Protect Tauros (Tauros-Paldea-Aqua) (M) @ Assault Vest Ability: Intimidate Level: 50 Tera Type: Fire - Close Combat - Wave Crash - Raging Bull - Aqua Jet <\/details><\/div> Open Team Sheet for TTT x<\/summary>Maushold @ Focus Sash Ability: Friend Guard Level: 50 Tera Type: Ghost - Super Fang - Follow Me - Encore - Protect Chi-Yu @ Choice Specs Ability: Beads of Ruin Level: 50 Tera Type: Water - Heat Wave - Overheat - Dark Pulse - Snarl Staraptor @ Choice Scarf Ability: Intimidate Level: 50 Tera Type: Ghost - Brave Bird - Final Gambit - Tailwind - U-turn Wo-Chien @ Leftovers Ability: Tablets of Ruin Level: 50 Tera Type: Flying - Giga Drain - Pollen Puff - Leech Seed - Protect Iron Hands @ Aguav Berry Ability: Quark Drive Level: 50 Tera Type: Flying - Thunder Punch - Drain Punch - Swords Dance - Protect Ting-Lu @ Assault Vest Ability: Vessel of Ruin Level: 50 Tera Type: Grass - Earthquake - Throat Chop - Heavy Slam - Ruination <\/details><\/div>\n|j| FunneeMonkee\n|l| FunneeMonkee\n|j| salamiReal\n|\n|t:|1683565679\n|start\n|switch|p1a: Tauros|Tauros-Paldea-Aqua, L50, M|100\/100\n|switch|p1b: Tinkaton|Tinkaton, L50, F|100\/100\n|switch|p2a: Staraptor|Staraptor, L50, M|100\/100\n|switch|p2b: Ting-Lu|Ting-Lu, L50|100\/100\n|-ability|p2a: Staraptor|Intimidate|boost\n|-unboost|p1a: Tauros|atk|1\n|-unboost|p1b: Tinkaton|atk|1\n|-ability|p1a: Tauros|Intimidate|boost\n|-unboost|p2a: Staraptor|atk|1\n|-unboost|p2b: Ting-Lu|atk|1\n|-ability|p1b: Tinkaton|Mold Breaker\n|-ability|p2b: Ting-Lu|Vessel of Ruin\n|turn|1\n|\n|t:|1683565705\n|switch|p1a: Flutter Mane|Flutter Mane, L50|100\/100\n|switch|p2b: Wo-Chien|Wo-Chien, L50|100\/100\n|-ability|p2b: Wo-Chien|Tablets of Ruin\n|move|p2a: Staraptor|Brave Bird|p1a: Flutter Mane\n|-damage|p1a: Flutter Mane|64\/100\n|-damage|p2a: Staraptor|92\/100|[from] Recoil\n|move|p1b: Tinkaton|Gigaton Hammer|p2a: Staraptor\n|-damage|p2a: Staraptor|57\/100\n|\n|upkeep\n|turn|2\n|\n|t:|1683565728\n|move|p1a: Flutter Mane|Protect|p1a: Flutter Mane\n|-singleturn|p1a: Flutter Mane|Protect\n|move|p2b: Wo-Chien|Protect|p2b: Wo-Chien\n|-singleturn|p2b: Wo-Chien|Protect\n|move|p2a: Staraptor|Brave Bird|p1a: Flutter Mane\n|-activate|p1a: Flutter Mane|move: Protect\n|move|p1b: Tinkaton|Thunder Wave|p2a: Staraptor\n|-status|p2a: Staraptor|par\n|\n|upkeep\n|turn|3\n|j| LoafOfGodlyBread\n|\n|t:|1683565743\n|-terastallize|p1a: Flutter Mane|Fairy\n|-terastallize|p2b: Wo-Chien|Flying\n|move|p1a: Flutter Mane|Dazzling Gleam|p2a: Staraptor|[spread] p2a,p2b\n|-crit|p2a: Staraptor\n|-damage|p2a: Staraptor|0 fnt\n|-damage|p2b: Wo-Chien|64\/100\n|faint|p2a: Staraptor\n|-damage|p1a: Flutter Mane|54\/100|[from] item: Life Orb\n|move|p1b: Tinkaton|Gigaton Hammer|p2b: Wo-Chien\n|-damage|p2b: Wo-Chien|45\/100\n|move|p2b: Wo-Chien|Giga Drain|p1a: Flutter Mane\n|-damage|p1a: Flutter Mane|30\/100\n|-heal|p2b: Wo-Chien|54\/100|[from] drain|[of] p1a: Flutter Mane\n|\n|-heal|p2b: Wo-Chien|60\/100|[from] item: Leftovers\n|upkeep\n|\n|t:|1683565758\n|switch|p2a: Chi-Yu|Chi-Yu, L50|100\/100\n|-ability|p2a: Chi-Yu|Beads of Ruin\n|turn|4\n|\n|t:|1683565778\n|switch|p2b: Ting-Lu|Ting-Lu, L50|100\/100\n|-ability|p2b: Ting-Lu|Vessel of Ruin\n|move|p1a: Flutter Mane|Protect|p1a: Flutter Mane\n|-singleturn|p1a: Flutter Mane|Protect\n|move|p2a: Chi-Yu|Heat Wave|p1b: Tinkaton|[spread] p1b\n|-activate|p1a: Flutter Mane|move: Protect\n|-supereffective|p1b: Tinkaton\n|-damage|p1b: Tinkaton|11\/100\n|-enditem|p1b: Tinkaton|Sitrus Berry|[eat]\n|-heal|p1b: Tinkaton|36\/100|[from] item: Sitrus Berry\n|move|p1b: Tinkaton|Thunder Wave|p2a: Chi-Yu\n|-status|p2a: Chi-Yu|par\n|\n|upkeep\n|turn|5\n|\n|t:|1683565823\n|move|p1a: Flutter Mane|Dazzling Gleam|p2b: Ting-Lu|[spread] p2a,p2b\n|-supereffective|p2b: Ting-Lu\n|-damage|p2a: Chi-Yu|63\/100 par\n|-damage|p2b: Ting-Lu|49\/100\n|-damage|p1a: Flutter Mane|20\/100|[from] item: Life Orb\n|move|p1b: Tinkaton|Gigaton Hammer|p2a: Chi-Yu\n|-resisted|p2a: Chi-Yu\n|-damage|p2a: Chi-Yu|45\/100 par\n|move|p2b: Ting-Lu|Ruination|p1a: Flutter Mane\n|-damage|p1a: Flutter Mane|10\/100\n|move|p2a: Chi-Yu|Heat Wave|p1b: Tinkaton|[spread] p1b\n|-miss|p2a: Chi-Yu|p1a: Flutter Mane\n|-supereffective|p1b: Tinkaton\n|-damage|p1b: Tinkaton|0 fnt\n|faint|p1b: Tinkaton\n|\n|upkeep\n|\n|t:|1683565835\n|switch|p1b: Tauros|Tauros-Paldea-Aqua, L50, M|100\/100\n|-ability|p1b: Tauros|Intimidate|boost\n|-unboost|p2a: Chi-Yu|atk|1\n|-unboost|p2b: Ting-Lu|atk|1\n|turn|6\n|\n|t:|1683565842\n|move|p1a: Flutter Mane|Moonblast|p2b: Ting-Lu\n|-supereffective|p2b: Ting-Lu\n|-damage|p2b: Ting-Lu|0 fnt\n|faint|p2b: Ting-Lu\n|-damage|p1a: Flutter Mane|0 fnt|[from] item: Life Orb\n|faint|p1a: Flutter Mane\n|-end|p1a: Flutter Mane|Protosynthesis|[silent]\n|move|p1b: Tauros|Close Combat|p2a: Chi-Yu\n|-supereffective|p2a: Chi-Yu\n|-damage|p2a: Chi-Yu|0 fnt\n|-unboost|p1b: Tauros|def|1\n|-unboost|p1b: Tauros|spd|1\n|faint|p2a: Chi-Yu\n|\n|upkeep\n|\n|t:|1683565846\n|switch|p1a: Roaring Moon|Roaring Moon, L50|100\/100\n|switch|p2a: Wo-Chien|Wo-Chien, L50, tera:Flying|60\/100\n|-ability|p2a: Wo-Chien|Tablets of Ruin\n|-enditem|p1a: Roaring Moon|Booster Energy\n|-activate|p1a: Roaring Moon|ability: Protosynthesis|[fromitem]\n|-start|p1a: Roaring Moon|protosynthesisatk\n|turn|7\n|-message|TTT x forfeited.\n|\n|win|racczilla\n|n|\u2606racczilla|racczilla\n|n|\u2606TTT x|tttx\n|n| salamiReal|salamireal\n|n| LoafOfGodlyBread|loafofgodlybread\n|l|\u2606TTT x\n|c|\u2606racczilla|gg\n|l| LoafOfGodlyBread\n|l| salamiReal\n","uploadtime":1683567130,"views":10,"p1id":"racczilla","p2id":"tttx","formatid":"gen9vgc2023regulationc","rating":0,"private":0,"password":""}