{"id":"gen9vgc2023regulationc-1864419669","p1":"kheld","p2":"BienMrd","format":"[Gen 9] VGC 2023 Regulation C","log":"|j|\u2606kheld\n|j|\u2606BienMrd\n|t:|1684165068\n|gametype|doubles\n|player|p1|kheld|brawly|1608\n|player|p2|BienMrd|101|1491\n|teamsize|p1|6\n|teamsize|p2|6\n|gen|9\n|tier|[Gen 9] VGC 2023 Regulation C\n|rated|\n|rule|Species Clause: Limit one of each Pok\u00e9mon\n|rule|Item Clause: Limit one of each item\n|clearpoke\n|poke|p1|Flutter Mane, L50|\n|poke|p1|Klefki, L50, F|\n|poke|p1|Chi-Yu, L50|\n|poke|p1|Iron Bundle, L50|\n|poke|p1|Dragonite, L50, F|\n|poke|p1|Kingambit, L50, M|\n|poke|p2|Tatsugiri-Stretchy, L50, F|\n|poke|p2|Wo-Chien, L50|\n|poke|p2|Dondozo, L50, M|\n|poke|p2|Glimmora, L50, F|\n|poke|p2|Chi-Yu, L50|\n|poke|p2|Flutter Mane, L50|\n|teampreview|4\n|inactive|Battle timer is ON: inactive players will automatically lose when time's up. (requested by BienMrd)\nBienMrd has agreed to open team sheets.\n|inactive|kheld has 60 seconds left.\n|\n|t:|1684165129\n|start\n|switch|p1a: Iron Bundle|Iron Bundle, L50|100\/100\n|switch|p1b: Klefki|Klefki, L50, F|100\/100\n|switch|p2a: Wo-Chien|Wo-Chien, L50|100\/100\n|switch|p2b: Glimmora|Glimmora, L50, F|100\/100\n|-ability|p2a: Wo-Chien|Tablets of Ruin\n|turn|1\n|inactive|kheld has 30 seconds left.\n|inactive|BienMrd has 30 seconds left.\n|\n|t:|1684165162\n|-terastallize|p1a: Iron Bundle|Poison\n|-terastallize|p2a: Wo-Chien|Poison\n|move|p1b: Klefki|Reflect|p1b: Klefki\n|-sidestart|p1: kheld|Reflect\n|move|p1a: Iron Bundle|Freeze-Dry|p2a: Wo-Chien\n|-damage|p2a: Wo-Chien|75\/100\n|-status|p2a: Wo-Chien|frz\n|move|p2b: Glimmora|Energy Ball|p1a: Iron Bundle\n|-resisted|p1a: Iron Bundle\n|-damage|p1a: Iron Bundle|71\/100\n|cant|p2a: Wo-Chien|frz\n|\n|upkeep\n|turn|2\n|inactive|kheld has 30 seconds left.\n|\n|t:|1684165187\n|move|p1b: Klefki|Light Screen|p1b: Klefki\n|-sidestart|p1: kheld|move: Light Screen\n|move|p1a: Iron Bundle|Hydro Pump|p2a: Wo-Chien\n|-damage|p2a: Wo-Chien|37\/100 frz\n|-enditem|p2a: Wo-Chien|Sitrus Berry|[eat]\n|-heal|p2a: Wo-Chien|62\/100 frz|[from] item: Sitrus Berry\n|move|p2b: Glimmora|Earth Power|p1a: Iron Bundle\n|-supereffective|p1a: Iron Bundle\n|-damage|p1a: Iron Bundle|0 fnt\n|faint|p1a: Iron Bundle\n|-end|p1a: Iron Bundle|Quark Drive|[silent]\n|cant|p2a: Wo-Chien|frz\n|\n|upkeep\n|\n|t:|1684165204\n|switch|p1a: Dragonite|Dragonite, L50, F|100\/100\n|turn|3\n|\n|t:|1684165230\n|switch|p2b: Tatsugiri|Tatsugiri-Stretchy, L50, F|100\/100\n|switch|p2a: Dondozo|Dondozo, L50, M|100\/100\n|-activate|p2b: Tatsugiri|ability: Commander|[of] p2a: Dondozo\n|-boost|p2a: Dondozo|atk|2\n|-boost|p2a: Dondozo|spa|2\n|-boost|p2a: Dondozo|spe|2\n|-boost|p2a: Dondozo|def|2\n|-boost|p2a: Dondozo|spd|2\n|move|p1b: Klefki|Thunder Wave|p2b: Tatsugiri|[miss]\n|-miss|p1b: Klefki|p2b: Tatsugiri\n|move|p1a: Dragonite|Iron Head|p2b: Tatsugiri|[miss]\n|-miss|p1a: Dragonite|p2b: Tatsugiri\n|\n|upkeep\n|turn|4\n|inactive|BienMrd has 30 seconds left.\n|\n|t:|1684165260\n|move|p1b: Klefki|Thunder Wave|p2a: Dondozo\n|-status|p2a: Dondozo|par\n|move|p1a: Dragonite|Iron Head|p2a: Dondozo\n|-resisted|p2a: Dondozo\n|-damage|p2a: Dondozo|92\/100 par\n|cant|p2a: Dondozo|flinch\n|\n|-heal|p2a: Dondozo|98\/100 par|[from] item: Leftovers\n|upkeep\n|turn|5\n|\n|t:|1684165281\n|switch|p1a: Chi-Yu|Chi-Yu, L50|100\/100\n|-ability|p1a: Chi-Yu|Beads of Ruin\n|move|p1b: Klefki|Misty Terrain|p1b: Klefki\n|-fieldstart|move: Misty Terrain\n|move|p2a: Dondozo|Yawn|p1a: Chi-Yu\n|-start|p1a: Chi-Yu|move: Yawn|[of] p2a: Dondozo\n|\n|-heal|p2a: Dondozo|100\/100 par|[from] item: Leftovers\n|upkeep\n|turn|6\n|\n|t:|1684165297\n|switch|p1b: Dragonite|Dragonite, L50, F|100\/100\n|move|p1a: Chi-Yu|Nasty Plot|p1a: Chi-Yu\n|-boost|p1a: Chi-Yu|spa|2\n|move|p2a: Dondozo|Earthquake|p1a: Chi-Yu|[spread] p1a\n|-miss|p2a: Dondozo|p2b: Tatsugiri\n|-immune|p1b: Dragonite\n|-supereffective|p1a: Chi-Yu\n|-damage|p1a: Chi-Yu|33\/100\n|-enditem|p1a: Chi-Yu|Sitrus Berry|[eat]\n|-heal|p1a: Chi-Yu|58\/100|[from] item: Sitrus Berry\n|\n|-end|p1a: Chi-Yu|move: Yawn|[silent]\n|-activate|p1a: Chi-Yu|move: Misty Terrain\n|upkeep\n|turn|7\n|\n|t:|1684165313\n|move|p1a: Chi-Yu|Protect|p1a: Chi-Yu\n|-singleturn|p1a: Chi-Yu|Protect\n|move|p1b: Dragonite|Extreme Speed|p2a: Dondozo\n|-damage|p2a: Dondozo|84\/100 par\n|move|p2a: Dondozo|Earthquake|p1b: Dragonite|[spread] \n|-miss|p2a: Dondozo|p2b: Tatsugiri\n|-activate|p1a: Chi-Yu|move: Protect\n|-immune|p1b: Dragonite\n|\n|-heal|p2a: Dondozo|91\/100 par|[from] item: Leftovers\n|upkeep\n|turn|8\n|\n|t:|1684165328\n|move|p1b: Dragonite|Extreme Speed|p2a: Dondozo\n|-damage|p2a: Dondozo|73\/100 par\n|move|p1a: Chi-Yu|Dark Pulse|p2a: Dondozo\n|-damage|p2a: Dondozo|46\/100 par\n|cant|p2a: Dondozo|par\n|\n|-heal|p2a: Dondozo|52\/100 par|[from] item: Leftovers\n|-sideend|p1: kheld|Reflect\n|upkeep\n|turn|9\n|\n|t:|1684165341\n|move|p1a: Chi-Yu|Protect|p1a: Chi-Yu\n|-singleturn|p1a: Chi-Yu|Protect\n|cant|p2a: Dondozo|par\n|move|p1b: Dragonite|Extreme Speed|p2a: Dondozo\n|-damage|p2a: Dondozo|35\/100 par\n|\n|-heal|p2a: Dondozo|41\/100 par|[from] item: Leftovers\n|-sideend|p1: kheld|move: Light Screen\n|-fieldend|Misty Terrain\n|upkeep\n|turn|10\n|\n|t:|1684165355\n|move|p1b: Dragonite|Extreme Speed|p2a: Dondozo\n|-damage|p2a: Dondozo|24\/100 par\n|move|p1a: Chi-Yu|Dark Pulse|p2a: Dondozo\n|-damage|p2a: Dondozo|0 fnt\n|faint|p2a: Dondozo\n|\n|upkeep\n|\n|t:|1684165367\n|switch|p2a: Glimmora|Glimmora, L50, F|100\/100\n|turn|11\n|\n|t:|1684165384\n|move|p1a: Chi-Yu|Protect|p1a: Chi-Yu\n|-singleturn|p1a: Chi-Yu|Protect\n|move|p1b: Dragonite|Extreme Speed|p2b: Tatsugiri\n|-damage|p2b: Tatsugiri|16\/100\n|move|p2b: Tatsugiri|Icy Wind|p1b: Dragonite|[spread] p1b\n|-activate|p1a: Chi-Yu|move: Protect\n|-supereffective|p1b: Dragonite\n|-damage|p1b: Dragonite|69\/100\n|-unboost|p1b: Dragonite|spe|1\n|move|p2a: Glimmora|Power Gem|p1b: Dragonite\n|-supereffective|p1b: Dragonite\n|-damage|p1b: Dragonite|0 fnt\n|faint|p1b: Dragonite\n|\n|upkeep\n|\n|t:|1684165398\n|switch|p1b: Klefki|Klefki, L50, F|100\/100\n|turn|12\n|\n|t:|1684165411\n|switch|p2b: Wo-Chien|Wo-Chien, L50, tera:Poison|62\/100 frz\n|-ability|p2b: Wo-Chien|Tablets of Ruin\n|move|p1b: Klefki|Thunder Wave||[still]\n|-fail|p1b: Klefki\n|move|p1a: Chi-Yu|Dark Pulse|p2a: Glimmora\n|-damage|p2a: Glimmora|31\/100\n|move|p2a: Glimmora|Power Gem|p1a: Chi-Yu\n|-supereffective|p1a: Chi-Yu\n|-damage|p1a: Chi-Yu|0 fnt\n|faint|p1a: Chi-Yu\n|\n|upkeep\n|turn|13\n|-message|kheld forfeited.\n|\n|win|BienMrd\n|raw|kheld's rating: 1608 → 1582<\/strong> (-26 for losing)\n|raw|BienMrd's rating: 1491 → 1517<\/strong> (+26 for winning)\n|l|\u2606kheld\n","uploadtime":1684165436,"views":2,"p1id":"kheld","p2id":"bienmrd","formatid":"gen9vgc2023regulationc","rating":1517,"private":0,"password":""}