{"id":"gen9vgc2023regulationc-1857961854","p1":"McDubbieEnthusiast","p2":"jhimbo2100","format":"[Gen 9] VGC 2023 Regulation C","log":"|j|\u2606McDubbieEnthusiast\n|j|\u2606jhimbo2100\n|t:|1683252822\n|gametype|doubles\n|player|p1|McDubbieEnthusiast|waiter-gen4|1399\n|player|p2|jhimbo2100|170|1366\n|teamsize|p1|6\n|teamsize|p2|6\n|gen|9\n|tier|[Gen 9] VGC 2023 Regulation C\n|rated|\n|rule|Species Clause: Limit one of each Pok\u00e9mon\n|rule|Item Clause: Limit one of each item\n|clearpoke\n|poke|p1|Tyranitar, L50, M|\n|poke|p1|Garchomp, L50, M|\n|poke|p1|Scream Tail, L50|\n|poke|p1|Corviknight, L50, M|\n|poke|p1|Gholdengo, L50|\n|poke|p1|Dragonite, L50, F|\n|poke|p2|Garganacl, L50, F|\n|poke|p2|Maushold, L50|\n|poke|p2|Wo-Chien, L50|\n|poke|p2|Annihilape, L50, F|\n|poke|p2|Abomasnow, L50, F|\n|poke|p2|Iron Bundle, L50|\n|teampreview|4\n|inactive|Battle timer is ON: inactive players will automatically lose when time's up. (requested by McDubbieEnthusiast)\n|inactive|McDubbieEnthusiast has 60 seconds left.\n|\n|t:|1683252872\n|start\n|switch|p1a: Beholder|Scream Tail, L50, shiny|100\/100\n|switch|p1b: Brass|Dragonite, L50, F|100\/100\n|switch|p2a: Wo-Chien|Wo-Chien, L50|100\/100\n|switch|p2b: Garganacl|Garganacl, L50, F|100\/100\n|-ability|p2a: Wo-Chien|Tablets of Ruin\n|-enditem|p1a: Beholder|Booster Energy\n|-activate|p1a: Beholder|ability: Protosynthesis|[fromitem]\n|-start|p1a: Beholder|protosynthesisspe\n|turn|1\n|\n|t:|1683252893\n|switch|p1b: Tarrasque|Tyranitar, L50, M, shiny|100\/100\n|-weather|Sandstorm|[from] ability: Sand Stream|[of] p1b: Tarrasque\n|-terastallize|p2a: Wo-Chien|Water\n|move|p1a: Beholder|Thunder Wave|p2a: Wo-Chien\n|-status|p2a: Wo-Chien|par\n|move|p2b: Garganacl|Salt Cure|p1b: Tarrasque\n|-damage|p1b: Tarrasque|90\/100\n|-start|p1b: Tarrasque|Salt Cure\n|move|p2a: Wo-Chien|Ruination|p1b: Tarrasque\n|-damage|p1b: Tarrasque|46\/100\n|\n|-weather|Sandstorm|[upkeep]\n|-damage|p1a: Beholder|95\/100|[from] Sandstorm\n|-damage|p2a: Wo-Chien|95\/100 par|[from] Sandstorm\n|-damage|p1b: Tarrasque|33\/100|[from] Salt Cure\n|upkeep\n|turn|2\n|inactive|McDubbieEnthusiast has 30 seconds left.\n|inactive|McDubbieEnthusiast has 20 seconds left.\n|inactive|McDubbieEnthusiast has 15 seconds left.\n|\n|t:|1683252937\n|move|p1a: Beholder|Disable|p2b: Garganacl\n|-start|p2b: Garganacl|Disable|Salt Cure\n|move|p1b: Tarrasque|Low Kick|p2b: Garganacl\n|-supereffective|p2b: Garganacl\n|-damage|p2b: Garganacl|52\/100\n|cant|p2b: Garganacl|Disable|Salt Cure\n|move|p2a: Wo-Chien|Ruination|p1a: Beholder\n|-damage|p1a: Beholder|48\/100\n|\n|-weather|Sandstorm|[upkeep]\n|-damage|p1a: Beholder|42\/100|[from] Sandstorm\n|-damage|p2a: Wo-Chien|89\/100 par|[from] Sandstorm\n|-damage|p1b: Tarrasque|21\/100|[from] Salt Cure\n|upkeep\n|turn|3\n|\n|t:|1683252949\n|move|p1a: Beholder|Disable|p2a: Wo-Chien\n|-start|p2a: Wo-Chien|Disable|Ruination\n|move|p1b: Tarrasque|Dragon Dance|p1b: Tarrasque\n|-boost|p1b: Tarrasque|atk|1\n|-boost|p1b: Tarrasque|spe|1\n|move|p2b: Garganacl|Iron Defense|p2b: Garganacl\n|-boost|p2b: Garganacl|def|2\n|cant|p2a: Wo-Chien|par\n|\n|-weather|Sandstorm|[upkeep]\n|-damage|p1a: Beholder|36\/100|[from] Sandstorm\n|-damage|p2a: Wo-Chien|83\/100 par|[from] Sandstorm\n|-damage|p1b: Tarrasque|9\/100|[from] Salt Cure\n|upkeep\n|turn|4\n|\n|t:|1683252968\n|move|p1a: Beholder|Encore|p2b: Garganacl\n|-start|p2b: Garganacl|Encore\n|move|p1b: Tarrasque|Low Kick|p2b: Garganacl\n|-supereffective|p2b: Garganacl\n|-damage|p2b: Garganacl|20\/100\n|-enditem|p2b: Garganacl|Aguav Berry|[eat]\n|-heal|p2b: Garganacl|54\/100|[from] item: Aguav Berry\n|move|p2b: Garganacl|Iron Defense|p2b: Garganacl\n|-boost|p2b: Garganacl|def|2\n|cant|p2a: Wo-Chien|par\n|\n|-weather|Sandstorm|[upkeep]\n|-damage|p1a: Beholder|30\/100|[from] Sandstorm\n|-damage|p2a: Wo-Chien|77\/100 par|[from] Sandstorm\n|-damage|p1b: Tarrasque|0 fnt|[from] Salt Cure\n|faint|p1b: Tarrasque\n|upkeep\n|\n|t:|1683252984\n|switch|p1b: Mimic|Gholdengo, L50|100\/100\n|turn|5\n|\n|t:|1683253001\n|-end|p1a: Beholder|Protosynthesis|[silent]\n|switch|p1a: Brass|Dragonite, L50, F|100\/100\n|move|p1b: Mimic|Thunderbolt|p2a: Wo-Chien\n|-supereffective|p2a: Wo-Chien\n|-damage|p2a: Wo-Chien|48\/100 par\n|move|p2b: Garganacl|Iron Defense|p2b: Garganacl\n|-boost|p2b: Garganacl|def|2\n|move|p2a: Wo-Chien|Giga Drain|p1a: Brass\n|-resisted|p1a: Brass\n|-damage|p1a: Brass|94\/100\n|-heal|p2a: Wo-Chien|52\/100 par|[from] drain|[of] p1a: Brass\n|\n|-weather|none\n|-end|p2b: Garganacl|Disable\n|upkeep\n|turn|6\n|\n|t:|1683253020\n|move|p1b: Mimic|Thunderbolt|p2a: Wo-Chien\n|-supereffective|p2a: Wo-Chien\n|-damage|p2a: Wo-Chien|22\/100 par\n|move|p1a: Brass|Outrage|p2a: Wo-Chien\n|-damage|p2a: Wo-Chien|0 fnt\n|faint|p2a: Wo-Chien\n|move|p2b: Garganacl|Iron Defense|p2b: Garganacl\n|-boost|p2b: Garganacl|def|0\n|\n|-end|p2b: Garganacl|Encore\n|upkeep\n|\n|t:|1683253026\n|switch|p2a: Maushold|Maushold, L50|100\/100\n|turn|7\n|\n|t:|1683253036\n|switch|p1b: Beholder|Scream Tail, L50, shiny|30\/100\n|move|p2a: Maushold|Follow Me|p2a: Maushold\n|-singleturn|p2a: Maushold|move: Follow Me\n|move|p1a: Brass|Outrage|p2a: Maushold|[from]lockedmove\n|-damage|p2a: Maushold|0 fnt\n|faint|p2a: Maushold\n|-start|p1a: Brass|confusion|[fatigue]\n|move|p2b: Garganacl|Salt Cure|p1a: Brass\n|-supereffective|p1a: Brass\n|-damage|p1a: Brass|68\/100\n|-start|p1a: Brass|Salt Cure\n|\n|-damage|p1a: Brass|55\/100|[from] Salt Cure\n|upkeep\n|\n|t:|1683253039\n|switch|p2a: Iron Bundle|Iron Bundle, L50|100\/100\n|-enditem|p2a: Iron Bundle|Booster Energy\n|-activate|p2a: Iron Bundle|ability: Quark Drive|[fromitem]\n|-start|p2a: Iron Bundle|quarkdrivespe\n|turn|8\n|\n|t:|1683253062\n|switch|p1a: Mimic|Gholdengo, L50|100\/100\n|move|p2a: Iron Bundle|Freeze-Dry|p1b: Beholder\n|-damage|p1b: Beholder|5\/100\n|move|p1b: Beholder|Thunder Wave|p2a: Iron Bundle\n|-status|p2a: Iron Bundle|par\n|move|p2b: Garganacl|Salt Cure|p1a: Mimic\n|-resisted|p1a: Mimic\n|-damage|p1a: Mimic|94\/100\n|-start|p1a: Mimic|Salt Cure\n|\n|-damage|p1a: Mimic|69\/100|[from] Salt Cure\n|upkeep\n|turn|9\n|inactive|McDubbieEnthusiast has 30 seconds left.\n|inactive|jhimbo2100 has 30 seconds left.\n|inactive|McDubbieEnthusiast has 20 seconds left.\n|\n|t:|1683253098\n|move|p1a: Mimic|Make It Rain|p2b: Garganacl|[spread] p2a,p2b\n|-supereffective|p2b: Garganacl\n|-damage|p2a: Iron Bundle|4\/100 par\n|-damage|p2b: Garganacl|0 fnt\n|-unboost|p1a: Mimic|spa|1\n|faint|p2b: Garganacl\n|move|p2a: Iron Bundle|Freeze-Dry|p1b: Beholder\n|-damage|p1b: Beholder|0 fnt\n|faint|p1b: Beholder\n|-end|p1b: Beholder|Protosynthesis|[silent]\n|\n|-damage|p1a: Mimic|44\/100|[from] Salt Cure\n|upkeep\n|-message|jhimbo2100 forfeited.\n|\n|win|McDubbieEnthusiast\n|raw|McDubbieEnthusiast's rating: 1399 → 1417<\/strong> (+18 for winning)\n|raw|jhimbo2100's rating: 1366 → 1348<\/strong> (-18 for losing)\n|l|\u2606jhimbo2100\n","uploadtime":1683253110,"views":13,"p1id":"mcdubbieenthusiast","p2id":"jhimbo2100","formatid":"gen9vgc2023regulationc","rating":1348,"private":0,"password":""}