{"id":"gen9vgc2023regulationc-1858887754","p1":"Bout It 27","p2":"R2vgc","format":"[Gen 9] VGC 2023 Regulation C","log":"|j|\u2606Bout It 27\n|j|\u2606R2vgc\n|t:|1683379255\n|gametype|doubles\n|player|p1|Bout It 27|102|1307\n|player|p2|R2vgc|170|1280\n|teamsize|p1|6\n|teamsize|p2|6\n|gen|9\n|tier|[Gen 9] VGC 2023 Regulation C\n|rated|\n|rule|Species Clause: Limit one of each Pok\u00e9mon\n|rule|Item Clause: Limit one of each item\n|clearpoke\n|poke|p1|Murkrow, L50, F|\n|poke|p1|Haxorus, L50, F|\n|poke|p1|Chi-Yu, L50|\n|poke|p1|Amoonguss, L50, F|\n|poke|p1|Garganacl, L50, F|\n|poke|p1|Chien-Pao, L50|\n|poke|p2|Maushold-Four, L50|\n|poke|p2|Annihilape, L50, F|\n|poke|p2|Gholdengo, L50|\n|poke|p2|Murkrow, L50, F|\n|poke|p2|Garchomp, L50, M|\n|poke|p2|Glimmora, L50, F|\n|teampreview|4\n|\n|t:|1683379312\n|start\n|switch|p1a: Haxorus|Haxorus, L50, F, shiny|100\/100\n|switch|p1b: Murkrow|Murkrow, L50, F|100\/100\n|switch|p2a: Natters|Maushold-Four, L50|100\/100\n|switch|p2b: Panda|Annihilape, L50, F|100\/100\n|-ability|p1a: Haxorus|Mold Breaker\n|turn|1\n|\n|t:|1683379343\n|-terastallize|p1a: Haxorus|Ground\n|move|p1b: Murkrow|Tailwind|p1b: Murkrow\n|-sidestart|p1: Bout It 27|move: Tailwind\n|move|p1a: Haxorus|Earthquake|p2a: Natters|[spread] p2a,p2b\n|-immune|p1b: Murkrow\n|-damage|p2a: Natters|23\/100\n|-damage|p2b: Panda|39\/100\n|-damage|p1a: Haxorus|91\/100|[from] item: Life Orb\n|move|p2a: Natters|Super Fang|p1a: Haxorus|[miss]\n|-miss|p2a: Natters|p1a: Haxorus\n|move|p2b: Panda|Rage Fist|p1a: Haxorus\n|-damage|p1a: Haxorus|37\/100\n|\n|-heal|p2b: Panda|46\/100|[from] item: Leftovers\n|upkeep\n|turn|2\n|\n|t:|1683379367\n|switch|p2a: Murkrow|Murkrow, L50, F|100\/100\n|move|p2b: Panda|Protect|p2b: Panda\n|-singleturn|p2b: Panda|Protect\n|move|p1a: Haxorus|Earthquake|p2a: Murkrow|[spread] \n|-activate|p2b: Panda|move: Protect\n|-immune|p1b: Murkrow\n|-immune|p2a: Murkrow\n|move|p1b: Murkrow|Foul Play|p2b: Panda\n|-activate|p2b: Panda|move: Protect\n|\n|-heal|p2b: Panda|52\/100|[from] item: Leftovers\n|upkeep\n|turn|3\n|\n|t:|1683379396\n|move|p2a: Murkrow|Sucker Punch|p1a: Haxorus\n|-damage|p1a: Haxorus|0 fnt\n|faint|p1a: Haxorus\n|-damage|p2a: Murkrow|91\/100|[from] item: Life Orb\n|move|p1b: Murkrow|Foul Play|p2b: Panda\n|-damage|p2b: Panda|10\/100\n|move|p2b: Panda|Bulk Up|p2b: Panda\n|-boost|p2b: Panda|atk|1\n|-boost|p2b: Panda|def|1\n|\n|-heal|p2b: Panda|16\/100|[from] item: Leftovers\n|upkeep\n|\n|t:|1683379411\n|switch|p1a: Chien-Pao|Chien-Pao, L50|100\/100\n|-ability|p1a: Chien-Pao|Sword of Ruin\n|turn|4\n|\n|t:|1683379420\n|move|p2b: Panda|Protect|p2b: Panda\n|-singleturn|p2b: Panda|Protect\n|move|p2a: Murkrow|Tailwind|p2a: Murkrow\n|-sidestart|p2: R2vgc|move: Tailwind\n|move|p1a: Chien-Pao|Ice Spinner|p2a: Murkrow\n|-supereffective|p2a: Murkrow\n|-damage|p2a: Murkrow|0 fnt\n|faint|p2a: Murkrow\n|move|p1b: Murkrow|Foul Play|p2b: Panda\n|-activate|p2b: Panda|move: Protect\n|\n|-heal|p2b: Panda|22\/100|[from] item: Leftovers\n|-sideend|p1: Bout It 27|move: Tailwind\n|upkeep\n|\n|t:|1683379437\n|switch|p2a: Natters|Maushold-Four, L50|23\/100\n|turn|5\n|\n|t:|1683379455\n|move|p1a: Chien-Pao|Protect|p1a: Chien-Pao\n|-singleturn|p1a: Chien-Pao|Protect\n|move|p2a: Natters|Follow Me|p2a: Natters\n|-singleturn|p2a: Natters|move: Follow Me\n|move|p2b: Panda|Bulk Up|p2b: Panda\n|-boost|p2b: Panda|atk|1\n|-boost|p2b: Panda|def|1\n|move|p1b: Murkrow|Foul Play|p2a: Natters\n|-damage|p2a: Natters|0 fnt\n|faint|p2a: Natters\n|\n|-heal|p2b: Panda|28\/100|[from] item: Leftovers\n|upkeep\n|\n|t:|1683379470\n|switch|p2a: Garchomp|Garchomp, L50, M|100\/100\n|turn|6\n|\n|t:|1683379490\n|-terastallize|p2b: Panda|Fire\n|move|p1b: Murkrow|Tailwind|p1b: Murkrow\n|-sidestart|p1: Bout It 27|move: Tailwind\n|move|p1a: Chien-Pao|Ice Spinner|p2b: Panda\n|-resisted|p2b: Panda\n|-damage|p2b: Panda|15\/100\n|move|p2a: Garchomp|Rock Slide|p1b: Murkrow|[spread] p1a,p1b\n|-supereffective|p1a: Chien-Pao\n|-supereffective|p1b: Murkrow\n|-damage|p1a: Chien-Pao|49\/100\n|-damage|p1b: Murkrow|51\/100\n|move|p2b: Panda|Drain Punch|p1a: Chien-Pao\n|-supereffective|p1a: Chien-Pao\n|-damage|p1a: Chien-Pao|0 fnt\n|-heal|p2b: Panda|33\/100|[from] drain|[of] p1a: Chien-Pao\n|faint|p1a: Chien-Pao\n|\n|-heal|p2b: Panda|39\/100|[from] item: Leftovers\n|upkeep\n|\n|t:|1683379509\n|switch|p1a: Chi-Yu|Chi-Yu, L50|100\/100\n|-ability|p1a: Chi-Yu|Beads of Ruin\n|turn|7\n|\n|t:|1683379527\n|move|p1a: Chi-Yu|Dark Pulse|p2a: Garchomp\n|-damage|p2a: Garchomp|44\/100\n|move|p2a: Garchomp|Rock Slide|p1a: Chi-Yu|[spread] p1a,p1b\n|-supereffective|p1a: Chi-Yu\n|-supereffective|p1b: Murkrow\n|-damage|p1a: Chi-Yu|32\/100\n|-damage|p1b: Murkrow|11\/100\n|move|p2b: Panda|Drain Punch|p1a: Chi-Yu\n|-supereffective|p1a: Chi-Yu\n|-damage|p1a: Chi-Yu|0 fnt\n|-heal|p2b: Panda|49\/100|[from] drain|[of] p1a: Chi-Yu\n|faint|p1a: Chi-Yu\n|cant|p1b: Murkrow|flinch\n|\n|-heal|p2b: Panda|55\/100|[from] item: Leftovers\n|-sideend|p2: R2vgc|move: Tailwind\n|upkeep\n|turn|8\n|-message|Bout It 27 forfeited.\n|\n|win|R2vgc\n|raw|Bout It 27's rating: 1307 → 1285<\/strong> (-22 for losing)\n|raw|R2vgc's rating: 1280 → 1307<\/strong> (+27 for winning)\n|l|\u2606Bout It 27\n","uploadtime":1683379672,"views":7,"p1id":"boutit27","p2id":"r2vgc","formatid":"gen9vgc2023regulationc","rating":1285,"private":0,"password":""}