{"id":"gen9vgc2023regulationc-1851510316","p1":"BroDontFuckWithMe","p2":"zessozessozesso","format":"[Gen 9] VGC 2023 Regulation C","log":"|j|\u2606BroDontFuckWithMe\n|j|\u2606zessozessozesso\n|t:|1682451213\n|gametype|doubles\n|player|p1|BroDontFuckWithMe|265|1625\n|player|p2|zessozessozesso|2|1539\n|teamsize|p1|6\n|teamsize|p2|6\n|gen|9\n|tier|[Gen 9] VGC 2023 Regulation C\n|rated|\n|rule|Species Clause: Limit one of each Pok\u00e9mon\n|rule|Item Clause: Limit one of each item\n|clearpoke\n|poke|p1|Great Tusk, L50|\n|poke|p1|Amoonguss, L50, M|\n|poke|p1|Tyranitar, L50, M|\n|poke|p1|Iron Bundle, L50|\n|poke|p1|Talonflame, L50, F|\n|poke|p1|Gholdengo, L50|\n|poke|p2|Flutter Mane, L50|\n|poke|p2|Ting-Lu, L50|\n|poke|p2|Baxcalibur, L50, M|\n|poke|p2|Palafin, L50, M|\n|poke|p2|Arcanine, L50, F|\n|poke|p2|Amoonguss, L50, M|\n|teampreview|4\n|inactive|Battle timer is ON: inactive players will automatically lose when time's up. (requested by zessozessozesso)\n|inactive|zessozessozesso has 60 seconds left.\n|\n|t:|1682451254\n|start\n|switch|p1a: Iron Bundle|Iron Bundle, L50|100\/100\n|switch|p1b: Gholdengo|Gholdengo, L50|100\/100\n|switch|p2a: Palafin|Palafin, L50, M|100\/100\n|switch|p2b: Arcanine|Arcanine, L50, F|100\/100\n|-ability|p2b: Arcanine|Intimidate|boost\n|-unboost|p1a: Iron Bundle|atk|1\n|-unboost|p1b: Gholdengo|atk|1\n|-enditem|p1a: Iron Bundle|Booster Energy\n|-activate|p1a: Iron Bundle|ability: Quark Drive|[fromitem]\n|-start|p1a: Iron Bundle|quarkdrivespe\n|turn|1\n|inactive|zessozessozesso has 30 seconds left.\n|\n|t:|1682451283\n|detailschange|p2a: Palafin|Palafin-Hero, L50, M\n|switch|p2a: Ting-Lu|Ting-Lu, L50|100\/100\n|-ability|p2a: Ting-Lu|Vessel of Ruin\n|-terastallize|p1b: Gholdengo|Water\n|move|p1a: Iron Bundle|Hydro Pump|p2b: Arcanine\n|-supereffective|p2b: Arcanine\n|-damage|p2b: Arcanine|25\/100\n|move|p2b: Arcanine|Flare Blitz|p1a: Iron Bundle\n|-damage|p1a: Iron Bundle|46\/100\n|-damage|p2b: Arcanine|13\/100|[from] Recoil\n|move|p1b: Gholdengo|Nasty Plot|p1b: Gholdengo\n|-boost|p1b: Gholdengo|spa|2\n|\n|upkeep\n|turn|2\n|inactive|BroDontFuckWithMe has 30 seconds left.\n|inactive|zessozessozesso has 30 seconds left.\n|inactive|BroDontFuckWithMe has 20 seconds left.\n|inactive|zessozessozesso has 20 seconds left.\n|inactive|BroDontFuckWithMe has 15 seconds left.\n|inactive|BroDontFuckWithMe has 10 seconds left.\n|inactive|BroDontFuckWithMe has 5 seconds left.\n|\n|t:|1682451334\n|-terastallize|p2a: Ting-Lu|Poison\n|move|p2b: Arcanine|Protect|p2b: Arcanine\n|-singleturn|p2b: Arcanine|Protect\n|move|p1a: Iron Bundle|Hydro Pump|p2a: Ting-Lu|[miss]\n|-miss|p1a: Iron Bundle|p2a: Ting-Lu\n|move|p1b: Gholdengo|Nasty Plot|p1b: Gholdengo\n|-boost|p1b: Gholdengo|spa|2\n|move|p2a: Ting-Lu|Heavy Slam|p1a: Iron Bundle\n|-damage|p1a: Iron Bundle|0 fnt\n|faint|p1a: Iron Bundle\n|-end|p1a: Iron Bundle|Quark Drive|[silent]\n|\n|upkeep\n|\n|t:|1682451351\n|switch|p1a: Great Tusk|Great Tusk, L50|100\/100\n|turn|3\n|j| Therazer456\n|inactive|zessozessozesso has 30 seconds left.\n|inactive|zessozessozesso has 20 seconds left.\n|\n|t:|1682451388\n|move|p1a: Great Tusk|Rock Slide|p2a: Ting-Lu|[spread] p2a,p2b\n|-supereffective|p2b: Arcanine\n|-damage|p2a: Ting-Lu|88\/100\n|-damage|p2b: Arcanine|0 fnt\n|faint|p2b: Arcanine\n|move|p1b: Gholdengo|Shadow Ball|p2a: Ting-Lu\n|-damage|p2a: Ting-Lu|37\/100\n|cant|p2a: Ting-Lu|flinch\n|\n|upkeep\n|\n|t:|1682451405\n|switch|p2b: Palafin|Palafin-Hero, L50, M|100\/100\n|-activate|p2b: Palafin|ability: Zero to Hero\n|turn|4\n|\n|t:|1682451418\n|move|p2b: Palafin|Jet Punch|p1a: Great Tusk\n|-supereffective|p1a: Great Tusk\n|-damage|p1a: Great Tusk|30\/100\n|move|p1a: Great Tusk|Rock Slide|p2b: Palafin|[spread] p2a,p2b\n|-damage|p2a: Ting-Lu|26\/100\n|-damage|p2b: Palafin|81\/100\n|move|p1b: Gholdengo|Shadow Ball|p2b: Palafin\n|-damage|p2b: Palafin|0 fnt\n|faint|p2b: Palafin\n|move|p2a: Ting-Lu|Stomping Tantrum|p1a: Great Tusk\n|-damage|p1a: Great Tusk|0 fnt\n|faint|p1a: Great Tusk\n|-end|p1a: Great Tusk|Protosynthesis|[silent]\n|\n|upkeep\n|\n|t:|1682451430\n|switch|p1a: Talonflame|Talonflame, L50, F|100\/100\n|switch|p2b: Baxcalibur|Baxcalibur, L50, M|100\/100\n|turn|5\n|\n|t:|1682451439\n|move|p1a: Talonflame|Tailwind|p1a: Talonflame\n|-sidestart|p1: BroDontFuckWithMe|move: Tailwind\n|move|p1b: Gholdengo|Make It Rain|p2a: Ting-Lu|[spread] p2a,p2b\n|-supereffective|p2b: Baxcalibur\n|-damage|p2a: Ting-Lu|0 fnt\n|-damage|p2b: Baxcalibur|0 fnt\n|-unboost|p1b: Gholdengo|spa|1\n|faint|p2a: Ting-Lu\n|faint|p2b: Baxcalibur\n|\n|win|BroDontFuckWithMe\n|raw|BroDontFuckWithMe's rating: 1625 → 1640<\/strong> (+15 for winning)\n|raw|zessozessozesso's rating: 1539 → 1524<\/strong> (-15 for losing)\n|l|\u2606zessozessozesso\n","uploadtime":1682451444,"views":19,"p1id":"brodontfuckwithme","p2id":"zessozessozesso","formatid":"gen9vgc2023regulationc","rating":1524,"private":0,"password":""}