{"id":"gen9vgc2023regulationc-1853442057","p1":"BadBadLarry","p2":"S4LXS","format":"[Gen 9] VGC 2023 Regulation C","log":"|j|\u2606BadBadLarry\n|j|\u2606S4LXS\n|t:|1682685568\n|gametype|doubles\n|player|p1|BadBadLarry|101|1207\n|player|p2|S4LXS|169|1109\n|teamsize|p1|6\n|teamsize|p2|6\n|gen|9\n|tier|[Gen 9] VGC 2023 Regulation C\n|rated|\n|rule|Species Clause: Limit one of each Pok\u00e9mon\n|rule|Item Clause: Limit one of each item\n|clearpoke\n|poke|p1|Tyranitar, L50, M|\n|poke|p1|Houndstone, L50, M|\n|poke|p1|Scizor, L50, F|\n|poke|p1|Great Tusk, L50|\n|poke|p1|Garchomp, L50, M|\n|poke|p1|Magnezone, L50|\n|poke|p2|Chi-Yu, L50|\n|poke|p2|Gyarados, L50, M|\n|poke|p2|Iron Hands, L50|\n|poke|p2|Kingambit, L50, F|\n|poke|p2|Flutter Mane, L50|\n|poke|p2|Amoonguss, L50, F|\n|teampreview|4\nS4LXS has agreed to open team sheets.\n|\n|t:|1682685606\n|start\n|switch|p1a: Tyranitar|Tyranitar, L50, M|100\/100\n|switch|p1b: Houndstone|Houndstone, L50, M|100\/100\n|switch|p2a: Chi-Yu|Chi-Yu, L50|100\/100\n|switch|p2b: Gyarados|Gyarados, L50, M|100\/100\n|-ability|p2a: Chi-Yu|Beads of Ruin\n|-ability|p2b: Gyarados|Intimidate|boost\n|-unboost|p1a: Tyranitar|atk|1\n|-unboost|p1b: Houndstone|atk|1\n|-weather|Sandstorm|[from] ability: Sand Stream|[of] p1a: Tyranitar\n|turn|1\n|inactive|Battle timer is ON: inactive players will automatically lose when time's up. (requested by BadBadLarry)\n|\n|t:|1682685633\n|move|p2a: Chi-Yu|Protect|p2a: Chi-Yu\n|-singleturn|p2a: Chi-Yu|Protect\n|move|p1b: Houndstone|Will-O-Wisp|p2b: Gyarados\n|-status|p2b: Gyarados|brn\n|move|p2b: Gyarados|Thunder Wave|p1b: Houndstone\n|-status|p1b: Houndstone|par\n|move|p1a: Tyranitar|Rock Slide|p2a: Chi-Yu|[spread] \n|-activate|p2a: Chi-Yu|move: Protect\n|-miss|p1a: Tyranitar|p2b: Gyarados\n|\n|-weather|Sandstorm|[upkeep]\n|-damage|p2a: Chi-Yu|94\/100|[from] Sandstorm\n|-damage|p2b: Gyarados|95\/100 brn|[from] Sandstorm\n|-damage|p2b: Gyarados|89\/100 brn|[from] brn\n|upkeep\n|turn|2\n|inactive|S4LXS has 30 seconds left.\n|\n|t:|1682685658\n|switch|p1b: Great Tusk|Great Tusk, L50|100\/100\n|-enditem|p1b: Great Tusk|Booster Energy\n|-activate|p1b: Great Tusk|ability: Protosynthesis|[fromitem]\n|-start|p1b: Great Tusk|protosynthesisatk\n|switch|p2b: Amoonguss|Amoonguss, L50, F|100\/100\n|move|p2a: Chi-Yu|Dark Pulse|p1b: Great Tusk\n|-resisted|p1b: Great Tusk\n|-damage|p1b: Great Tusk|59\/100\n|move|p1a: Tyranitar|Rock Slide|p2a: Chi-Yu|[spread] p2a,p2b\n|-supereffective|p2a: Chi-Yu\n|-damage|p2a: Chi-Yu|20\/100\n|-damage|p2b: Amoonguss|84\/100\n|\n|-weather|Sandstorm|[upkeep]\n|-damage|p2a: Chi-Yu|13\/100|[from] Sandstorm\n|-damage|p2b: Amoonguss|78\/100|[from] Sandstorm\n|upkeep\n|turn|3\n|\n|t:|1682685681\n|move|p2a: Chi-Yu|Protect|p2a: Chi-Yu\n|-singleturn|p2a: Chi-Yu|Protect\n|move|p1b: Great Tusk|Headlong Rush|p2b: Amoonguss\n|-damage|p2b: Amoonguss|18\/100\n|-unboost|p1b: Great Tusk|def|1\n|-unboost|p1b: Great Tusk|spd|1\n|-damage|p1b: Great Tusk|43\/100|[from] item: Rocky Helmet|[of] p2b: Amoonguss\n|move|p1a: Tyranitar|Rock Slide|p2a: Chi-Yu|[spread] p2b\n|-activate|p2a: Chi-Yu|move: Protect\n|-damage|p2b: Amoonguss|0 fnt\n|faint|p2b: Amoonguss\n|\n|-weather|Sandstorm|[upkeep]\n|-damage|p2a: Chi-Yu|7\/100|[from] Sandstorm\n|upkeep\n|\n|t:|1682685695\n|switch|p2b: Flutter Mane|Flutter Mane, L50|100\/100\n|-enditem|p2b: Flutter Mane|Booster Energy\n|-activate|p2b: Flutter Mane|ability: Protosynthesis|[fromitem]\n|-start|p2b: Flutter Mane|protosynthesisspe\n|turn|4\n|\n|t:|1682685708\n|move|p1b: Great Tusk|Protect|p1b: Great Tusk\n|-singleturn|p1b: Great Tusk|Protect\n|move|p2b: Flutter Mane|Dazzling Gleam|p1a: Tyranitar|[spread] p1a\n|-activate|p1b: Great Tusk|move: Protect\n|-supereffective|p1a: Tyranitar\n|-damage|p1a: Tyranitar|66\/100\n|move|p2a: Chi-Yu|Overheat|p1a: Tyranitar\n|-resisted|p1a: Tyranitar\n|-damage|p1a: Tyranitar|48\/100\n|-unboost|p2a: Chi-Yu|spa|2\n|move|p1a: Tyranitar|Rock Slide|p2a: Chi-Yu|[spread] p2a,p2b\n|-supereffective|p2a: Chi-Yu\n|-damage|p2a: Chi-Yu|0 fnt\n|-damage|p2b: Flutter Mane|49\/100\n|faint|p2a: Chi-Yu\n|\n|-weather|Sandstorm|[upkeep]\n|-damage|p2b: Flutter Mane|43\/100|[from] Sandstorm\n|upkeep\n|\n|t:|1682685723\n|switch|p2a: Gyarados|Gyarados, L50, M|89\/100 brn\n|-ability|p2a: Gyarados|Intimidate|boost\n|-unboost|p1a: Tyranitar|atk|1\n|-unboost|p1b: Great Tusk|atk|1\n|turn|5\n|\n|t:|1682685736\n|move|p2b: Flutter Mane|Dazzling Gleam|p1b: Great Tusk|[spread] p1a,p1b\n|-supereffective|p1a: Tyranitar\n|-supereffective|p1b: Great Tusk\n|-damage|p1a: Tyranitar|25\/100\n|-damage|p1b: Great Tusk|0 fnt\n|faint|p1b: Great Tusk\n|-end|p1b: Great Tusk|Protosynthesis|[silent]\n|move|p2a: Gyarados|Icy Wind|p1a: Tyranitar\n|-damage|p1a: Tyranitar|22\/100\n|-unboost|p1a: Tyranitar|spe|1\n|move|p1a: Tyranitar|Rock Slide|p2b: Flutter Mane|[spread] p2a,p2b\n|-supereffective|p2a: Gyarados\n|-damage|p2a: Gyarados|54\/100 brn\n|-damage|p2b: Flutter Mane|6\/100\n|\n|-weather|none\n|-damage|p2a: Gyarados|48\/100 brn|[from] brn\n|upkeep\n|-enditem|p2a: Gyarados|Sitrus Berry|[eat]\n|-heal|p2a: Gyarados|73\/100 brn|[from] item: Sitrus Berry\n|\n|t:|1682685742\n|switch|p1b: Scizor|Scizor, L50, F|100\/100\n|turn|6\n|\n|t:|1682685764\n|switch|p1a: Houndstone|Houndstone, L50, M|100\/100 par\n|move|p2b: Flutter Mane|Protect|p2b: Flutter Mane\n|-singleturn|p2b: Flutter Mane|Protect\n|move|p2a: Gyarados|Waterfall|p1a: Houndstone\n|-damage|p1a: Houndstone|74\/100 par\n|move|p1b: Scizor|Swords Dance|p1b: Scizor\n|-boost|p1b: Scizor|atk|2\n|\n|-damage|p2a: Gyarados|67\/100 brn|[from] brn\n|upkeep\n|turn|7\n|\n|t:|1682685786\n|move|p1b: Scizor|Bullet Punch|p2b: Flutter Mane\n|-supereffective|p2b: Flutter Mane\n|-damage|p2b: Flutter Mane|0 fnt\n|faint|p2b: Flutter Mane\n|-end|p2b: Flutter Mane|Protosynthesis|[silent]\n|-damage|p1b: Scizor|91\/100|[from] item: Life Orb\n|move|p2a: Gyarados|Waterfall|p1b: Scizor\n|-damage|p1b: Scizor|73\/100\n|cant|p1a: Houndstone|par\n|\n|-damage|p2a: Gyarados|61\/100 brn|[from] brn\n|upkeep\n|turn|8\n|\n|t:|1682685799\n|switch|p1a: Tyranitar|Tyranitar, L50, M|22\/100\n|-weather|Sandstorm|[from] ability: Sand Stream|[of] p1a: Tyranitar\n|move|p1b: Scizor|Bullet Punch|p2a: Gyarados\n|-resisted|p2a: Gyarados\n|-damage|p2a: Gyarados|24\/100 brn\n|-damage|p1b: Scizor|64\/100|[from] item: Life Orb\n|move|p2a: Gyarados|Waterfall|p1b: Scizor\n|-damage|p1b: Scizor|49\/100\n|\n|-weather|Sandstorm|[upkeep]\n|-damage|p2a: Gyarados|18\/100 brn|[from] Sandstorm\n|-damage|p2a: Gyarados|13\/100 brn|[from] brn\n|upkeep\n|turn|9\n|inactive|BadBadLarry has 30 seconds left.\n|\n|t:|1682685831\n|switch|p1a: Houndstone|Houndstone, L50, M|74\/100 par\n|move|p1b: Scizor|Protect|p1b: Scizor\n|-singleturn|p1b: Scizor|Protect\n|move|p2a: Gyarados|Waterfall|p1b: Scizor\n|-activate|p1b: Scizor|move: Protect\n|\n|-weather|Sandstorm|[upkeep]\n|-damage|p2a: Gyarados|7\/100 brn|[from] Sandstorm\n|-damage|p2a: Gyarados|1\/100 brn|[from] brn\n|upkeep\n|turn|10\n|-message|S4LXS forfeited.\n|\n|win|BadBadLarry\n|raw|BadBadLarry's rating: 1207 → 1225<\/strong> (+18 for winning)\n|raw|S4LXS's rating: 1109 → 1091<\/strong> (-18 for losing)\n|l|\u2606S4LXS\n","uploadtime":1682685871,"views":12,"p1id":"badbadlarry","p2id":"s4lxs","formatid":"gen9vgc2023regulationc","rating":1091,"private":0,"password":""}