{"id":"gen9vgc2023regulationc-1851596405","p1":"Dippity hooha","p2":"Armadill0","format":"[Gen 9] VGC 2023 Regulation C","log":"|j|\u2606Dippity hooha\n|j|\u2606Armadill0\n|t:|1682459421\n|gametype|doubles\n|player|p1|Dippity hooha|worker|1000\n|player|p2|Armadill0|crasherwake|1043\n|teamsize|p1|6\n|teamsize|p2|6\n|gen|9\n|tier|[Gen 9] VGC 2023 Regulation C\n|rated|\n|rule|Species Clause: Limit one of each Pok\u00e9mon\n|rule|Item Clause: Limit one of each item\n|clearpoke\n|poke|p1|Iron Bundle, L50|\n|poke|p1|Farigiraf, L50, F|\n|poke|p1|Flamigo, L50, M|\n|poke|p1|Arboliva, L50, F|\n|poke|p1|Polteageist, L50|\n|poke|p1|Squawkabilly, L50, M|\n|poke|p2|Gardevoir, L50, M|\n|poke|p2|Tatsugiri, L50, F|\n|poke|p2|Flutter Mane, L50|\n|poke|p2|Arcanine, L50, M|\n|poke|p2|Iron Bundle, L50|\n|poke|p2|Baxcalibur, L50, F|\n|teampreview|4\n|\n|t:|1682459440\n|start\n|switch|p1a: Squawkabilly|Squawkabilly, L50, M|100\/100\n|switch|p1b: Farigiraf|Farigiraf, L50, F|100\/100\n|switch|p2a: Gardevoir|Gardevoir, L50, M|100\/100\n|switch|p2b: Tatsugiri|Tatsugiri, L50, F|100\/100\n|-ability|p1a: Squawkabilly|Intimidate|boost\n|-unboost|p2a: Gardevoir|atk|1\n|-unboost|p2b: Tatsugiri|atk|1\n|turn|1\n|\n|t:|1682459460\n|switch|p2b: Baxcalibur|Baxcalibur, L50, F|100\/100\n|-terastallize|p1b: Farigiraf|Fire\n|move|p1a: Squawkabilly|Parting Shot|p2a: Gardevoir\n|-unboost|p2a: Gardevoir|atk|1\n|-unboost|p2a: Gardevoir|spa|1\n|\n|t:|1682459467\n|switch|p1a: Arboliva|Arboliva, L50, F|100\/100|[from] Parting Shot\n|move|p2a: Gardevoir|Rain Dance|p2a: Gardevoir\n|-weather|RainDance\n|move|p1b: Farigiraf|Trick Room|p1b: Farigiraf\n|-fieldstart|move: Trick Room|[of] p1b: Farigiraf\n|\n|-weather|RainDance|[upkeep]\n|upkeep\n|turn|2\n|\n|t:|1682459490\n|move|p2a: Gardevoir|Protect|p2a: Gardevoir\n|-singleturn|p2a: Gardevoir|Protect\n|move|p1a: Arboliva|Fling|p1b: Farigiraf\n|-damage|p1b: Farigiraf|99\/100\n|-boost|p1b: Farigiraf|spa|1|[from] item: Petaya Berry\n|-enditem|p1a: Arboliva|Petaya Berry|[from] move: Fling\n|move|p1b: Farigiraf|Tera Blast|p2a: Gardevoir\n|-activate|p2a: Gardevoir|move: Protect\n|move|p2b: Baxcalibur|Aqua Tail|p1b: Farigiraf\n|-supereffective|p1b: Farigiraf\n|-damage|p1b: Farigiraf|0 fnt\n|faint|p1b: Farigiraf\n|-damage|p2b: Baxcalibur|90\/100|[from] item: Life Orb\n|\n|-weather|RainDance|[upkeep]\n|upkeep\n|\n|t:|1682459507\n|switch|p1b: Squawkabilly|Squawkabilly, L50, M|100\/100\n|-ability|p1b: Squawkabilly|Intimidate|boost\n|-unboost|p2a: Gardevoir|atk|1\n|-unboost|p2b: Baxcalibur|atk|1\n|turn|3\n|\n|t:|1682459522\n|switch|p2a: Flutter Mane|Flutter Mane, L50|100\/100\n|switch|p2b: Tatsugiri|Tatsugiri, L50, F|100\/100\n|move|p1a: Arboliva|Strength Sap|p2b: Tatsugiri\n|-unboost|p2b: Tatsugiri|atk|1\n|move|p1b: Squawkabilly|Sunny Day|p1b: Squawkabilly\n|-weather|SunnyDay\n|-activate|p2a: Flutter Mane|ability: Protosynthesis\n|-start|p2a: Flutter Mane|protosynthesisspe\n|\n|-weather|SunnyDay|[upkeep]\n|-item|p1a: Arboliva|Petaya Berry|[from] ability: Harvest\n|upkeep\n|turn|4\n|\n|t:|1682459560\n|switch|p2b: Gardevoir|Gardevoir, L50, M|100\/100\n|switch|p1b: Flamigo|Flamigo, L50, M|100\/100\n|-copyboost|p1b: Flamigo|p1a: Arboliva|[from] ability: Costar\n|move|p1a: Arboliva|Giga Drain|p2b: Gardevoir\n|-damage|p2b: Gardevoir|73\/100\n|move|p2a: Flutter Mane|Power Gem|p1b: Flamigo\n|-damage|p1b: Flamigo|57\/100\n|\n|-weather|SunnyDay|[upkeep]\n|-heal|p2b: Gardevoir|79\/100|[from] item: Leftovers\n|upkeep\n|turn|5\n|\n|t:|1682459582\n|move|p1b: Flamigo|Wide Guard|p1b: Flamigo\n|-singleturn|p1b: Flamigo|Wide Guard\n|move|p1a: Arboliva|Pollen Puff|p1b: Flamigo\n|-heal|p1b: Flamigo|100\/100\n|move|p2b: Gardevoir|Rain Dance|p2b: Gardevoir\n|-weather|RainDance\n|-end|p2a: Flutter Mane|Protosynthesis\n|move|p2a: Flutter Mane|Power Gem|p1b: Flamigo\n|-damage|p1b: Flamigo|57\/100\n|\n|-weather|RainDance|[upkeep]\n|-heal|p2b: Gardevoir|84\/100|[from] item: Leftovers\n|-fieldend|move: Trick Room\n|upkeep\n|turn|6\n|\n|t:|1682459604\n|-end|p2a: Flutter Mane|Protosynthesis|[silent]\n|switch|p2a: Baxcalibur|Baxcalibur, L50, F|90\/100\n|move|p1b: Flamigo|Copycat|p1b: Flamigo\n|move|p1b: Flamigo|Power Gem|p2b: Gardevoir|[from]move: Copycat\n|-damage|p2b: Gardevoir|73\/100\n|move|p2b: Gardevoir|Heal Pulse|p2a: Baxcalibur\n|-heal|p2a: Baxcalibur|100\/100\n|move|p1a: Arboliva|Pollen Puff|p2b: Gardevoir\n|-damage|p2b: Gardevoir|52\/100\n|\n|-weather|RainDance|[upkeep]\n|-heal|p2b: Gardevoir|58\/100|[from] item: Leftovers\n|upkeep\n|turn|7\n|\n|t:|1682459635\n|move|p2b: Gardevoir|Protect|p2b: Gardevoir\n|-singleturn|p2b: Gardevoir|Protect\n|move|p2a: Baxcalibur|Icicle Crash|p1a: Arboliva\n|-supereffective|p1a: Arboliva\n|-damage|p1a: Arboliva|0 fnt\n|faint|p1a: Arboliva\n|-damage|p2a: Baxcalibur|90\/100|[from] item: Life Orb\n|move|p1b: Flamigo|Close Combat|p2a: Baxcalibur\n|-supereffective|p2a: Baxcalibur\n|-damage|p2a: Baxcalibur|0 fnt\n|-unboost|p1b: Flamigo|def|1\n|-unboost|p1b: Flamigo|spd|1\n|faint|p2a: Baxcalibur\n|\n|-weather|RainDance|[upkeep]\n|-heal|p2b: Gardevoir|63\/100|[from] item: Leftovers\n|upkeep\n|\n|t:|1682459650\n|switch|p2a: Tatsugiri|Tatsugiri, L50, F|100\/100\n|switch|p1a: Squawkabilly|Squawkabilly, L50, M|100\/100\n|-ability|p1a: Squawkabilly|Intimidate|boost\n|-unboost|p2a: Tatsugiri|atk|1\n|-unboost|p2b: Gardevoir|atk|1\n|turn|8\n|\n|t:|1682459680\n|-terastallize|p2a: Tatsugiri|Water\n|move|p1a: Squawkabilly|Foul Play|p2b: Gardevoir\n|-damage|p2b: Gardevoir|54\/100\n|move|p2a: Tatsugiri|Surf|p1a: Squawkabilly|[spread] p1a,p1b\n|-activate|p2b: Gardevoir|ability: Telepathy\n|-damage|p1a: Squawkabilly|0 fnt\n|-damage|p1b: Flamigo|0 fnt\n|faint|p1a: Squawkabilly\n|faint|p1b: Flamigo\n|\n|win|Armadill0\n|raw|Dippity hooha's rating: 1000 → 1000<\/strong> (+0 for losing)\n|raw|Armadill0's rating: 1043 → 1072<\/strong> (+29 for winning)\n|l|\u2606Dippity hooha\n","uploadtime":1682459694,"views":22,"p1id":"dippityhooha","p2id":"armadill0","formatid":"gen9vgc2023regulationc","rating":1000,"private":0,"password":""}