{"id":"gen9vgc2023regulationc-1856524874","p1":"M87testing","p2":"vrumvrumnatal","format":"[Gen 9] VGC 2023 Regulation C","log":"|j|\u2606M87testing\n|j|\u2606vrumvrumnatal\n|t:|1683071524\n|gametype|doubles\n|player|p1|M87testing|266|1300\n|player|p2|vrumvrumnatal|2|1263\n|teamsize|p1|6\n|teamsize|p2|6\n|gen|9\n|tier|[Gen 9] VGC 2023 Regulation C\n|rated|\n|rule|Species Clause: Limit one of each Pok\u00e9mon\n|rule|Item Clause: Limit one of each item\n|clearpoke\n|poke|p1|Hawlucha, L50, F|\n|poke|p1|Grimmsnarl, L50, M|\n|poke|p1|Amoonguss, L50, M|\n|poke|p1|Farigiraf, L50, M|\n|poke|p1|Torkoal, L50, F|\n|poke|p1|Dragonite, L50, F|\n|poke|p2|Chien-Pao, L50|\n|poke|p2|Dragonite, L50, M|\n|poke|p2|Kingambit, L50, M|\n|poke|p2|Gyarados, L50, F|\n|poke|p2|Great Tusk, L50|\n|poke|p2|Flutter Mane, L50|\n|teampreview|4\n|inactive|Battle timer is ON: inactive players will automatically lose when time's up. (requested by vrumvrumnatal)\n|inactive|vrumvrumnatal has 60 seconds left.\n|inactive|vrumvrumnatal has 30 seconds left.\n|inactive|vrumvrumnatal has 20 seconds left.\n|inactive|vrumvrumnatal has 15 seconds left.\n|inactive|vrumvrumnatal has 10 seconds left.\n|\n|t:|1683071659\n|start\n|switch|p1a: Hawlucha|Hawlucha, L50, F|100\/100\n|switch|p1b: Grimmsnarl|Grimmsnarl, L50, M|100\/100\n|switch|p2a: Flutter Mane|Flutter Mane, L50|100\/100\n|switch|p2b: Chien-Pao|Chien-Pao, L50|100\/100\n|-ability|p2b: Chien-Pao|Sword of Ruin\n|-enditem|p2a: Flutter Mane|Booster Energy\n|-activate|p2a: Flutter Mane|ability: Protosynthesis|[fromitem]\n|-start|p2a: Flutter Mane|protosynthesisspa\n|turn|1\n|\n|t:|1683071681\n|-terastallize|p2a: Flutter Mane|Fairy\n|-terastallize|p1a: Hawlucha|Fire\n|move|p1b: Grimmsnarl|Swagger|p1a: Hawlucha\n|-boost|p1a: Hawlucha|atk|2\n|-start|p1a: Hawlucha|confusion\n|-enditem|p1a: Hawlucha|Persim Berry|[eat]\n|-end|p1a: Hawlucha|confusion\n|move|p1a: Hawlucha|Acrobatics|p2a: Flutter Mane\n|-damage|p2a: Flutter Mane|0 fnt\n|faint|p2a: Flutter Mane\n|-end|p2a: Flutter Mane|Protosynthesis|[silent]\n|move|p2b: Chien-Pao|Ice Spinner|p1a: Hawlucha\n|-resisted|p1a: Hawlucha\n|-damage|p1a: Hawlucha|66\/100\n|\n|upkeep\n|\n|t:|1683071698\n|switch|p2a: Gyarados|Gyarados, L50, F, shiny|100\/100\n|-ability|p2a: Gyarados|Intimidate|boost\n|-unboost|p1a: Hawlucha|atk|1\n|-unboost|p1b: Grimmsnarl|atk|1\n|turn|2\n|\n|t:|1683071712\n|move|p1a: Hawlucha|Detect|p1a: Hawlucha\n|-singleturn|p1a: Hawlucha|Protect\n|move|p2b: Chien-Pao|Sacred Sword|p1b: Grimmsnarl\n|-damage|p1b: Grimmsnarl|62\/100\n|move|p2a: Gyarados|Waterfall|p1a: Hawlucha\n|-activate|p1a: Hawlucha|move: Protect\n|move|p1b: Grimmsnarl|Spirit Break|p2b: Chien-Pao\n|-supereffective|p2b: Chien-Pao\n|-damage|p2b: Chien-Pao|39\/100\n|-unboost|p2b: Chien-Pao|spa|1\n|\n|upkeep\n|turn|3\n|\n|t:|1683071733\n|move|p1a: Hawlucha|Acrobatics|p2a: Gyarados\n|-damage|p2a: Gyarados|9\/100\n|move|p2b: Chien-Pao|Sacred Sword|p1b: Grimmsnarl\n|-damage|p1b: Grimmsnarl|18\/100\n|move|p2a: Gyarados|Waterfall|p1a: Hawlucha\n|-supereffective|p1a: Hawlucha\n|-damage|p1a: Hawlucha|0 fnt\n|faint|p1a: Hawlucha\n|move|p1b: Grimmsnarl|Spirit Break|p2b: Chien-Pao\n|-supereffective|p2b: Chien-Pao\n|-damage|p2b: Chien-Pao|0 fnt\n|faint|p2b: Chien-Pao\n|\n|-heal|p2a: Gyarados|15\/100|[from] item: Leftovers\n|upkeep\n|\n|t:|1683071746\n|switch|p2b: Kingambit|Kingambit, L50, M|100\/100\n|switch|p1a: Farigiraf|Farigiraf, L50, M|100\/100\n|turn|4\n|inactive|M87testing has 30 seconds left.\n|\n|t:|1683071774\n|move|p1b: Grimmsnarl|Thunder Wave|p2a: Gyarados\n|-status|p2a: Gyarados|par\n|move|p2b: Kingambit|Assurance|p1a: Farigiraf\n|-supereffective|p1a: Farigiraf\n|-damage|p1a: Farigiraf|40\/100\n|move|p1a: Farigiraf|Hyper Voice|p2a: Gyarados|[spread] p2a,p2b\n|-resisted|p2b: Kingambit\n|-damage|p2a: Gyarados|0 fnt\n|-damage|p2b: Kingambit|93\/100\n|faint|p2a: Gyarados\n|\n|upkeep\n|turn|5\n|\n|t:|1683071794\n|switch|p1b: Torkoal|Torkoal, L50, F|100\/100\n|-weather|SunnyDay|[from] ability: Drought|[of] p1b: Torkoal\n|move|p2b: Kingambit|Assurance|p1a: Farigiraf\n|-supereffective|p1a: Farigiraf\n|-damage|p1a: Farigiraf|0 fnt\n|faint|p1a: Farigiraf\n|\n|-weather|SunnyDay|[upkeep]\n|upkeep\n|\n|t:|1683071800\n|switch|p1a: Grimmsnarl|Grimmsnarl, L50, M|18\/100\n|turn|6\n|\n|t:|1683071812\n|move|p1a: Grimmsnarl|Fake Out|p2b: Kingambit\n|-resisted|p2b: Kingambit\n|-damage|p2b: Kingambit|89\/100\n|cant|p2b: Kingambit|flinch\n|move|p1b: Torkoal|Eruption|p2b: Kingambit\n|-supereffective|p2b: Kingambit\n|-damage|p2b: Kingambit|0 fnt\n|faint|p2b: Kingambit\n|\n|win|M87testing\n|raw|M87testing's rating: 1300 → 1322<\/strong> (+22 for winning)\n|raw|vrumvrumnatal's rating: 1263 → 1241<\/strong> (-22 for losing)\n|l|\u2606M87testing\n","uploadtime":1683071822,"views":18,"p1id":"m87testing","p2id":"vrumvrumnatal","formatid":"gen9vgc2023regulationc","rating":1241,"private":0,"password":""}