{"id":"gen9vgc2023regulationc-1863538955","p1":"kodiedunn","p2":"AsianGuy96","format":"[Gen 9] VGC 2023 Regulation C","log":"|j|\u2606kodiedunn\n|j|\u2606AsianGuy96\n|t:|1684031270\n|gametype|doubles\n|player|p1|kodiedunn|102|\n|player|p2|AsianGuy96|266|\n|teamsize|p1|6\n|teamsize|p2|6\n|gen|9\n|tier|[Gen 9] VGC 2023 Regulation C\n|rule|Species Clause: Limit one of each Pok\u00e9mon\n|rule|Item Clause: Limit one of each item\n|clearpoke\n|poke|p1|Tauros-Paldea-Aqua, L50, M|\n|poke|p1|Armarouge, L50, M|\n|poke|p1|Froslass, L50, F|\n|poke|p1|Honchkrow, L50, F|\n|poke|p1|Scizor, L50, F|\n|poke|p1|Rotom-Wash, L50|\n|poke|p2|Sableye, L50, M|\n|poke|p2|Slaking, L50, F|\n|poke|p2|Iron Valiant, L50|\n|poke|p2|Annihilape, L50, F|\n|poke|p2|Oricorio-Pom-Pom, L50, M|\n|poke|p2|Volcarona, L50, F|\n|teampreview|4\n|inactive|Battle timer is ON: inactive players will automatically lose when time's up. (requested by AsianGuy96)\n|inactive|kodiedunn has 60 seconds left.\n|\n|t:|1684031318\n|start\n|switch|p1a: Tauros|Tauros-Paldea-Aqua, L50, M|100\/100\n|switch|p1b: Froslass|Froslass, L50, F|100\/100\n|switch|p2a: Oricorio|Oricorio-Pom-Pom, L50, M|100\/100\n|switch|p2b: Volcarona|Volcarona, L50, F|100\/100\n|turn|1\n|inactive|AsianGuy96 has 30 seconds left.\n|\n|t:|1684031352\n|-terastallize|p1a: Tauros|Ghost\n|-terastallize|p2b: Volcarona|Water\n|move|p1b: Froslass|Frost Breath|p1a: Tauros\n|-crit|p1a: Tauros\n|-damage|p1a: Tauros|76\/100\n|-setboost|p1a: Tauros|atk|6|[from] ability: Anger Point\n|move|p1a: Tauros|Rock Slide|p2b: Volcarona|[spread] p2a,p2b\n|-supereffective|p2a: Oricorio\n|-damage|p2a: Oricorio|0 fnt\n|-damage|p2b: Volcarona|0 fnt\n|faint|p2a: Oricorio\n|faint|p2b: Volcarona\n|\n|upkeep\n|\n|t:|1684031367\n|switch|p2b: Iron Valiant|Iron Valiant, L50|100\/100\n|switch|p2a: Annihilape|Annihilape, L50, F|100\/100\n|-enditem|p2b: Iron Valiant|Booster Energy\n|-activate|p2b: Iron Valiant|ability: Quark Drive|[fromitem]\n|-start|p2b: Iron Valiant|quarkdrivespe\n|turn|2\n|inactive|AsianGuy96 has 30 seconds left.\n|inactive|AsianGuy96 has 20 seconds left.\n|inactive|AsianGuy96 has 15 seconds left.\n|inactive|AsianGuy96 has 10 seconds left.\n|inactiveoff|Battle timer is now OFF.\n|\n|t:|1684031419\n|move|p2b: Iron Valiant|Knock Off|p1a: Tauros\n|-supereffective|p1a: Tauros\n|-damage|p1a: Tauros|0 fnt\n|-enditem|p1a: Tauros|Assault Vest|[from] move: Knock Off|[of] p2b: Iron Valiant\n|faint|p1a: Tauros\n|move|p2a: Annihilape|Night Slash|p1b: Froslass\n|-supereffective|p1b: Froslass\n|-damage|p1b: Froslass|43\/100\n|move|p1b: Froslass|Will-O-Wisp|p2a: Annihilape\n|-status|p2a: Annihilape|brn\n|\n|-damage|p2a: Annihilape|95\/100 brn|[from] brn\n|upkeep\n|\n|t:|1684031443\n|switch|p1a: Honchkrow|Honchkrow, L50, F|100\/100\n|turn|3\n|\n|t:|1684031474\n|move|p2b: Iron Valiant|Spirit Break|p1a: Honchkrow\n|-supereffective|p1a: Honchkrow\n|-damage|p1a: Honchkrow|8\/100\n|-unboost|p1a: Honchkrow|spa|1\n|move|p2a: Annihilape|Night Slash|p1b: Froslass\n|-supereffective|p1b: Froslass\n|-damage|p1b: Froslass|12\/100\n|-start|p2a: Annihilape|Disable|Night Slash|[from] ability: Cursed Body|[of] p1b: Froslass\n|move|p1b: Froslass|Will-O-Wisp|p2b: Iron Valiant|[miss]\n|-miss|p1b: Froslass|p2b: Iron Valiant\n|move|p1a: Honchkrow|Perish Song|p1a: Honchkrow\n|-start|p1a: Honchkrow|perish3|[silent]\n|-start|p1b: Froslass|perish3|[silent]\n|-start|p2a: Annihilape|perish3|[silent]\n|-start|p2b: Iron Valiant|perish3|[silent]\n|-fieldactivate|move: Perish Song\n|\n|-damage|p2a: Annihilape|89\/100 brn|[from] brn\n|-start|p2b: Iron Valiant|perish3\n|-start|p2a: Annihilape|perish3\n|-start|p1b: Froslass|perish3\n|-start|p1a: Honchkrow|perish3\n|upkeep\n|turn|4\n|\n|t:|1684031507\n|move|p1a: Honchkrow|Protect|p1a: Honchkrow\n|-singleturn|p1a: Honchkrow|Protect\n|move|p2b: Iron Valiant|Knock Off|p1b: Froslass\n|-supereffective|p1b: Froslass\n|-damage|p1b: Froslass|0 fnt\n|-start|p2b: Iron Valiant|Disable|Knock Off|[from] ability: Cursed Body|[of] p1b: Froslass\n|-enditem|p1b: Froslass|Wide Lens|[from] move: Knock Off|[of] p2b: Iron Valiant\n|faint|p1b: Froslass\n|-activate|p2a: Annihilape|move: Struggle\n|move|p2a: Annihilape|Struggle|p1a: Honchkrow\n|-activate|p1a: Honchkrow|move: Protect\n|\n|-damage|p2a: Annihilape|83\/100 brn|[from] brn\n|-start|p2b: Iron Valiant|perish2\n|-start|p2a: Annihilape|perish2\n|-start|p1a: Honchkrow|perish2\n|upkeep\n|\n|t:|1684031522\n|switch|p1b: Armarouge|Armarouge, L50, M|100\/100\n|turn|5\n|l|\u2606AsianGuy96\n|player|p2|\n|j|\u2606AsianGuy96\n|player|p2|AsianGuy96|266\n|inactive|Battle timer is ON: inactive players will automatically lose when time's up. (requested by AsianGuy96)\n|\n|t:|1684031563\n|move|p1b: Armarouge|Ally Switch|p1b: Armarouge\n|swap|p1b: Armarouge|0|[from] move: Ally Switch\n|move|p2b: Iron Valiant|Swords Dance|p2b: Iron Valiant\n|-boost|p2b: Iron Valiant|atk|2\n|-activate|p2a: Annihilape|move: Struggle\n|move|p2a: Annihilape|Struggle|p1a: Armarouge\n|-damage|p1a: Armarouge|93\/100\n|-damage|p2a: Annihilape|58\/100 brn|[from] recoil\n|move|p1b: Honchkrow|Brave Bird|p2b: Iron Valiant\n|-supereffective|p2b: Iron Valiant\n|-damage|p2b: Iron Valiant|0 fnt\n|faint|p2b: Iron Valiant\n|-end|p2b: Iron Valiant|Quark Drive|[silent]\n|-damage|p1b: Honchkrow|0 fnt|[from] Recoil\n|faint|p1b: Honchkrow\n|\n|-damage|p2a: Annihilape|52\/100 brn|[from] brn\n|-start|p2a: Annihilape|perish1\n|upkeep\n|turn|6\n|\n|t:|1684031582\n|move|p1a: Armarouge|Protect||[still]\n|-fail|p1a: Armarouge\n|-activate|p2a: Annihilape|move: Struggle\n|move|p2a: Annihilape|Struggle|p1a: Armarouge\n|-damage|p1a: Armarouge|84\/100\n|-damage|p2a: Annihilape|27\/100 brn|[from] recoil\n|\n|-damage|p2a: Annihilape|21\/100 brn|[from] brn\n|-end|p2a: Annihilape|Disable\n|-start|p2a: Annihilape|perish0\n|upkeep\n|faint|p2a: Annihilape\n|\n|win|kodiedunn\n","uploadtime":1684031599,"views":16,"p1id":"kodiedunn","p2id":"asianguy96","formatid":"gen9vgc2023regulationc","rating":0,"private":0,"password":""}