{"id":"gen9vgc2023regulationc-1845102446","p1":"slim_reaper11","p2":"Ricardo Randorez","format":"[Gen 9] VGC 2023 Regulation C","log":"|j|\u2606slim_reaper11\n|j|\u2606Ricardo Randorez\n|t:|1681683799\n|gametype|doubles\n|player|p1|slim_reaper11|infielder|1145\n|player|p2|Ricardo Randorez|170|1134\n|teamsize|p1|6\n|teamsize|p2|6\n|gen|9\n|tier|[Gen 9] VGC 2023 Regulation C\n|rated|\n|rule|Species Clause: Limit one of each Pok\u00e9mon\n|rule|Item Clause: Limit one of each item\n|clearpoke\n|poke|p1|Gallade, L50, M|\n|poke|p1|Amoonguss, L50, F|\n|poke|p1|Chien-Pao, L50|\n|poke|p1|Palafin, L50, M|\n|poke|p1|Tinkaton, L50, F|\n|poke|p1|Salamence, L50, F|\n|poke|p2|Arcanine, L50, M|\n|poke|p2|Gyarados, L50, M|\n|poke|p2|Flutter Mane, L50|\n|poke|p2|Volcarona, L50, F|\n|poke|p2|Dragonite, L50, F|\n|poke|p2|Ting-Lu, L50|\n|teampreview|4\n|inactive|Battle timer is ON: inactive players will automatically lose when time's up. (requested by Ricardo Randorez)\n|inactive|slim_reaper11 has 60 seconds left.\n|\n|t:|1681683886\n|start\n|switch|p1a: Palafin|Palafin, L50, M|100\/100\n|switch|p1b: Tinkaton|Tinkaton, L50, F|100\/100\n|switch|p2a: Arcanine|Arcanine, L50, M|100\/100\n|switch|p2b: Flutter Mane|Flutter Mane, L50|100\/100\n|-ability|p2a: Arcanine|Intimidate|boost\n|-unboost|p1a: Palafin|atk|1\n|-fail|p1b: Tinkaton|unboost|Attack|[from] ability: Own Tempo|[of] p1b: Tinkaton\n|-enditem|p2b: Flutter Mane|Booster Energy\n|-activate|p2b: Flutter Mane|ability: Protosynthesis|[fromitem]\n|-start|p2b: Flutter Mane|protosynthesisspe\n|turn|1\n|inactive|Ricardo Randorez has 30 seconds left.\n|inactive|Ricardo Randorez has 20 seconds left.\n|inactive|Ricardo Randorez has 15 seconds left.\n|inactive|Ricardo Randorez has 10 seconds left.\n|\n|t:|1681683936\n|switch|p2a: Gyarados|Gyarados, L50, M|100\/100\n|-terastallize|p1a: Palafin|Water\n|move|p1b: Tinkaton|Fake Out|p2a: Gyarados\n|-damage|p2a: Gyarados|91\/100\n|move|p2b: Flutter Mane|Thunderbolt|p1a: Palafin\n|-supereffective|p1a: Palafin\n|-damage|p1a: Palafin|17\/100\n|move|p1a: Palafin|Flip Turn|p2a: Gyarados\n|-resisted|p2a: Gyarados\n|-damage|p2a: Gyarados|81\/100\n|\n|t:|1681683944\n|detailschange|p1a: Palafin|Palafin-Hero, L50, M, tera:Water\n|switch|p1a: Amoonguss|Amoonguss, L50, F, shiny|100\/100|[from] Flip Turn\n|\n|upkeep\n|turn|2\n|c|\u2606slim_reaper11|That was nasty\n|inactive|Ricardo Randorez has 30 seconds left.\n|\n|t:|1681683977\n|switch|p2a: Arcanine|Arcanine, L50, M|100\/100\n|-ability|p2a: Arcanine|Intimidate|boost\n|-unboost|p1a: Amoonguss|atk|1\n|-fail|p1b: Tinkaton|unboost|Attack|[from] ability: Own Tempo|[of] p1b: Tinkaton\n|move|p2b: Flutter Mane|Shadow Ball|p1a: Amoonguss\n|-damage|p1a: Amoonguss|64\/100\n|move|p1b: Tinkaton|Gigaton Hammer|p2b: Flutter Mane\n|-supereffective|p2b: Flutter Mane\n|-damage|p2b: Flutter Mane|0 fnt\n|faint|p2b: Flutter Mane\n|-end|p2b: Flutter Mane|Protosynthesis|[silent]\n|move|p1a: Amoonguss|Spore|p2a: Arcanine\n|-activate|p2a: Arcanine|item: Safety Goggles|Spore\n|\n|upkeep\n|\n|t:|1681683997\n|switch|p2b: Gyarados|Gyarados, L50, M|81\/100\n|turn|3\n|\n|t:|1681684007\n|switch|p1b: Salamence|Salamence, L50, F|100\/100\n|-ability|p1b: Salamence|Intimidate|boost\n|-unboost|p2a: Arcanine|atk|1\n|-fail|p2b: Gyarados|unboost|[from] item: Clear Amulet|[of] p2b: Gyarados\n|-terastallize|p2b: Gyarados|Flying\n|move|p2a: Arcanine|Howl|p2a: Arcanine|[spread] p2a,p2b\n|-boost|p2a: Arcanine|atk|1\n|-boost|p2b: Gyarados|atk|1\n|move|p2b: Gyarados|Tera Blast|p1a: Amoonguss\n|-supereffective|p1a: Amoonguss\n|-damage|p1a: Amoonguss|0 fnt\n|faint|p1a: Amoonguss\n|-ability|p2b: Gyarados|Moxie|boost\n|-boost|p2b: Gyarados|atk|1\n|\n|upkeep\n|\n|t:|1681684026\n|switch|p1a: Tinkaton|Tinkaton, L50, F|100\/100\n|turn|4\n|\n|t:|1681684037\n|move|p2b: Gyarados|Protect|p2b: Gyarados\n|-singleturn|p2b: Gyarados|Protect\n|move|p1a: Tinkaton|Fake Out|p2a: Arcanine\n|-damage|p2a: Arcanine|88\/100\n|move|p1b: Salamence|Tailwind|p1b: Salamence\n|-sidestart|p1: slim_reaper11|move: Tailwind\n|cant|p2a: Arcanine|flinch\n|\n|upkeep\n|turn|5\n|\n|t:|1681684061\n|move|p1b: Salamence|Air Slash|p2a: Arcanine\n|-damage|p2a: Arcanine|58\/100\n|move|p1a: Tinkaton|Gigaton Hammer|p2b: Gyarados\n|-damage|p2b: Gyarados|17\/100\n|move|p2b: Gyarados|Waterfall|p1a: Tinkaton\n|-damage|p1a: Tinkaton|0 fnt\n|faint|p1a: Tinkaton\n|-ability|p2b: Gyarados|Moxie|boost\n|-boost|p2b: Gyarados|atk|1\n|move|p2a: Arcanine|Howl|p2a: Arcanine|[spread] p2a,p2b\n|-boost|p2a: Arcanine|atk|1\n|-boost|p2b: Gyarados|atk|1\n|\n|upkeep\n|\n|t:|1681684070\n|switch|p1a: Palafin|Palafin-Hero, L50, M, tera:Water|17\/100\n|-activate|p1a: Palafin|ability: Zero to Hero\n|turn|6\n|\n|t:|1681684092\n|move|p1a: Palafin|Protect|p1a: Palafin\n|-singleturn|p1a: Palafin|Protect\n|move|p2b: Gyarados|Protect|p2b: Gyarados\n|-singleturn|p2b: Gyarados|Protect\n|move|p2a: Arcanine|Extreme Speed|p1a: Palafin\n|-activate|p1a: Palafin|move: Protect\n|move|p1b: Salamence|Air Slash|p2b: Gyarados\n|-activate|p2b: Gyarados|move: Protect\n|\n|upkeep\n|turn|7\n|inactive|Ricardo Randorez has 30 seconds left.\n|\n|t:|1681684121\n|move|p1a: Palafin|Protect||[still]\n|-fail|p1a: Palafin\n|move|p2b: Gyarados|Protect|p2b: Gyarados\n|-singleturn|p2b: Gyarados|Protect\n|move|p2a: Arcanine|Extreme Speed|p1a: Palafin\n|-damage|p1a: Palafin|0 fnt\n|faint|p1a: Palafin\n|move|p1b: Salamence|Draco Meteor|p2a: Arcanine\n|-damage|p2a: Arcanine|5\/100\n|-unboost|p1b: Salamence|spa|2\n|\n|-sideend|p1: slim_reaper11|move: Tailwind\n|upkeep\n|turn|8\n|-message|slim_reaper11 forfeited.\n|\n|win|Ricardo Randorez\n|raw|slim_reaper11's rating: 1145 → 1119<\/strong> (-26 for losing)\n|raw|Ricardo Randorez's rating: 1134 → 1160<\/strong> (+26 for winning)\n|l|\u2606slim_reaper11\n","uploadtime":1681684140,"views":8,"p1id":"slimreaper11","p2id":"ricardorandorez","formatid":"gen9vgc2023regulationc","rating":1119,"private":0,"password":""}