{"id":"gen9vgc2023regulationc-1847520772","p1":"lttr","p2":"touchtheground","format":"[Gen 9] VGC 2023 Regulation C","log":"|j|\u2606lttr\n|j|\u2606touchtheground\n|t:|1681966507\n|gametype|doubles\n|player|p1|lttr|janitor|1112\n|player|p2|touchtheground|preschoolerf|1191\n|teamsize|p1|6\n|teamsize|p2|6\n|gen|9\n|tier|[Gen 9] VGC 2023 Regulation C\n|rated|\n|rule|Species Clause: Limit one of each Pok\u00e9mon\n|rule|Item Clause: Limit one of each item\n|clearpoke\n|poke|p1|Farigiraf, L50, M|\n|poke|p1|Hariyama, L50, F|\n|poke|p1|Iron Bundle, L50|\n|poke|p1|Chi-Yu, L50|\n|poke|p1|Dragapult, L50, M|\n|poke|p1|Pelipper, L50, M|\n|poke|p2|Flutter Mane, L50|\n|poke|p2|Ting-Lu, L50|\n|poke|p2|Iron Hands, L50|\n|poke|p2|Oranguru, L50, F|\n|poke|p2|Kingambit, L50, M|\n|poke|p2|Talonflame, L50, M|\n|teampreview|4\ntouchtheground rejected open team sheets.\n|\n|t:|1681966561\n|start\n|switch|p1a: Farigiraf|Farigiraf, L50, M|100\/100\n|switch|p1b: Chi-Yu|Chi-Yu, L50|100\/100\n|switch|p2a: Ting-Lu|Ting-Lu, L50|100\/100\n|switch|p2b: Oranguru|Oranguru, L50, F|100\/100\n|-ability|p1b: Chi-Yu|Beads of Ruin\n|-ability|p2a: Ting-Lu|Vessel of Ruin\n|turn|1\n|\n|t:|1681966579\n|-terastallize|p1b: Chi-Yu|Grass\n|-terastallize|p2a: Ting-Lu|Ground\n|move|p1b: Chi-Yu|Snarl|p2a: Ting-Lu|[spread] p2a,p2b\n|-supereffective|p2b: Oranguru\n|-damage|p2a: Ting-Lu|80\/100\n|-damage|p2b: Oranguru|51\/100\n|-unboost|p2a: Ting-Lu|spa|1\n|-unboost|p2b: Oranguru|spa|1\n|-damage|p1b: Chi-Yu|91\/100|[from] item: Life Orb\n|move|p1a: Farigiraf|Imprison|p1a: Farigiraf\n|-start|p1a: Farigiraf|move: Imprison\n|move|p2b: Oranguru|Instruct||[still]\n|-fail|p2b: Oranguru\n|move|p2a: Ting-Lu|Earthquake|p1a: Farigiraf|[spread] p1a,p1b\n|-activate|p2b: Oranguru|ability: Telepathy\n|-resisted|p1b: Chi-Yu\n|-damage|p1a: Farigiraf|13\/100\n|-damage|p1b: Chi-Yu|23\/100\n|\n|upkeep\n|turn|2\n|\n|t:|1681966607\n|move|p2b: Oranguru|Protect|p2b: Oranguru\n|-singleturn|p2b: Oranguru|Protect\n|move|p1b: Chi-Yu|Overheat|p2a: Ting-Lu\n|-damage|p2a: Ting-Lu|11\/100\n|-unboost|p1b: Chi-Yu|spa|2\n|-damage|p1b: Chi-Yu|14\/100|[from] item: Life Orb\n|move|p1a: Farigiraf|Hyper Voice|p2a: Ting-Lu|[spread] p2a\n|-activate|p2b: Oranguru|move: Protect\n|-damage|p2a: Ting-Lu|0 fnt\n|faint|p2a: Ting-Lu\n|-enditem|p1a: Farigiraf|Throat Spray\n|-boost|p1a: Farigiraf|spa|1|[from] item: Throat Spray\n|\n|upkeep\n|\n|t:|1681966626\n|switch|p2a: Iron Hands|Iron Hands, L50|100\/100\n|turn|3\n|\n|t:|1681966648\n|move|p1b: Chi-Yu|Heat Wave|p2b: Oranguru|[spread] p2a,p2b\n|-damage|p2a: Iron Hands|84\/100\n|-damage|p2b: Oranguru|22\/100\n|-damage|p1b: Chi-Yu|4\/100|[from] item: Life Orb\n|move|p1a: Farigiraf|Dazzling Gleam|p2b: Oranguru|[spread] p2a,p2b\n|-supereffective|p2a: Iron Hands\n|-damage|p2a: Iron Hands|47\/100\n|-damage|p2b: Oranguru|0 fnt\n|faint|p2b: Oranguru\n|move|p2a: Iron Hands|Drain Punch|p1b: Chi-Yu\n|-damage|p1b: Chi-Yu|0 fnt\n|-heal|p2a: Iron Hands|48\/100|[from] drain|[of] p1b: Chi-Yu\n|faint|p1b: Chi-Yu\n|\n|upkeep\n|\n|t:|1681966664\n|switch|p1b: Dragapult|Dragapult, L50, M|100\/100\n|switch|p2b: Kingambit|Kingambit, L50, M|100\/100\n|turn|4\n|\n|t:|1681966710\n|move|p1b: Dragapult|Hydro Pump|p2b: Kingambit\n|-damage|p2b: Kingambit|56\/100\n|move|p1a: Farigiraf|Dazzling Gleam|p2b: Kingambit|[spread] p2a,p2b\n|-supereffective|p2a: Iron Hands\n|-damage|p2a: Iron Hands|21\/100\n|-damage|p2b: Kingambit|31\/100\n|move|p2b: Kingambit|Kowtow Cleave|p1b: Dragapult\n|-supereffective|p1b: Dragapult\n|-damage|p1b: Dragapult|0 fnt\n|faint|p1b: Dragapult\n|move|p2a: Iron Hands|Drain Punch|p1a: Farigiraf\n|-damage|p1a: Farigiraf|0 fnt\n|-heal|p2a: Iron Hands|28\/100|[from] drain|[of] p1a: Farigiraf\n|faint|p1a: Farigiraf\n|\n|upkeep\n|\n|t:|1681966716\n|switch|p1b: Iron Bundle|Iron Bundle, L50|100\/100\n|-enditem|p1b: Iron Bundle|Booster Energy\n|-activate|p1b: Iron Bundle|ability: Quark Drive|[fromitem]\n|-start|p1b: Iron Bundle|quarkdrivespe\n|turn|5\n|\n|t:|1681966731\n|move|p1b: Iron Bundle|Protect|p1b: Iron Bundle\n|-singleturn|p1b: Iron Bundle|Protect\n|move|p2b: Kingambit|Kowtow Cleave|p1b: Iron Bundle\n|-activate|p1b: Iron Bundle|move: Protect\n|move|p2a: Iron Hands|Thunder Punch|p1b: Iron Bundle\n|-activate|p1b: Iron Bundle|move: Protect\n|\n|upkeep\n|turn|6\n|\n|t:|1681966744\n|move|p2b: Kingambit|Sucker Punch|p1b: Iron Bundle\n|-damage|p1b: Iron Bundle|47\/100\n|move|p1b: Iron Bundle|Hydro Pump|p2a: Iron Hands\n|-damage|p2a: Iron Hands|0 fnt\n|faint|p2a: Iron Hands\n|-end|p2a: Iron Hands|Quark Drive|[silent]\n|\n|upkeep\n|turn|7\n|\n|t:|1681966752\n|move|p1b: Iron Bundle|Protect|p1b: Iron Bundle\n|-singleturn|p1b: Iron Bundle|Protect\n|move|p2b: Kingambit|Sucker Punch||[still]\n|-fail|p2b: Kingambit\n|\n|upkeep\n|turn|8\n|\n|t:|1681966759\n|move|p1b: Iron Bundle|Protect||[still]\n|-fail|p1b: Iron Bundle\n|move|p2b: Kingambit|Sucker Punch||[still]\n|-fail|p2b: Kingambit\n|\n|upkeep\n|turn|9\n|\n|t:|1681966764\n|move|p1b: Iron Bundle|Protect|p1b: Iron Bundle\n|-singleturn|p1b: Iron Bundle|Protect\n|move|p2b: Kingambit|Sucker Punch||[still]\n|-fail|p2b: Kingambit\n|\n|upkeep\n|turn|10\n|\n|t:|1681966775\n|move|p1b: Iron Bundle|Protect||[still]\n|-fail|p1b: Iron Bundle\n|move|p2b: Kingambit|Sucker Punch||[still]\n|-fail|p2b: Kingambit\n|\n|upkeep\n|turn|11\n|\n|t:|1681966781\n|move|p1b: Iron Bundle|Protect|p1b: Iron Bundle\n|-singleturn|p1b: Iron Bundle|Protect\n|move|p2b: Kingambit|Sucker Punch||[still]\n|-fail|p2b: Kingambit\n|\n|upkeep\n|turn|12\n|\n|t:|1681966791\n|move|p1b: Iron Bundle|Hydro Pump|p2b: Kingambit\n|-damage|p2b: Kingambit|0 fnt\n|faint|p2b: Kingambit\n|\n|win|lttr\n|raw|lttr's rating: 1112 → 1143<\/strong> (+31 for winning)\n|raw|touchtheground's rating: 1191 → 1160<\/strong> (-31 for losing)\n|c|\u2606lttr|gg\n|l|\u2606touchtheground\n","uploadtime":1681966947,"views":13,"p1id":"lttr","p2id":"touchtheground","formatid":"gen9vgc2023regulationc","rating":1143,"private":0,"password":""}