{"id":"gen9vgc2023regulationc-1845656010","p1":"Chicaino 2","p2":"tlyee","format":"[Gen 9] VGC 2023 Regulation C","log":"|j|\u2606Chicaino 2\n|j|\u2606tlyee\n|t:|1681753013\n|gametype|doubles\n|player|p1|Chicaino 2|gambler|1190\n|player|p2|tlyee|2|1279\n|teamsize|p1|6\n|teamsize|p2|6\n|gen|9\n|tier|[Gen 9] VGC 2023 Regulation C\n|rated|\n|rule|Species Clause: Limit one of each Pok\u00e9mon\n|rule|Item Clause: Limit one of each item\n|clearpoke\n|poke|p1|Breloom, L50, F|\n|poke|p1|Garchomp, L50, M|\n|poke|p1|Hydreigon, L50, M|\n|poke|p1|Arcanine, L50, M|\n|poke|p1|Gholdengo, L50|\n|poke|p1|Murkrow, L50, F|\n|poke|p2|Flutter Mane, L50|\n|poke|p2|Palafin, L50, F|\n|poke|p2|Arcanine, L50, M|\n|poke|p2|Amoonguss, L50, F|\n|poke|p2|Baxcalibur, L50, M|\n|poke|p2|Ting-Lu, L50|\n|teampreview|4\ntlyee has agreed to open team sheets.\n|inactive|Battle timer is ON: inactive players will automatically lose when time's up. (requested by Chicaino 2)\n|\n|t:|1681753059\n|start\n|switch|p1a: Arcanine|Arcanine, L50, M|100\/100\n|switch|p1b: Garchomp|Garchomp, L50, M|100\/100\n|switch|p2a: Amoonguss|Amoonguss, L50, F, shiny|100\/100\n|switch|p2b: Flutter Mane|Flutter Mane, L50|100\/100\n|-ability|p1a: Arcanine|Intimidate|boost\n|-unboost|p2a: Amoonguss|atk|1\n|-unboost|p2b: Flutter Mane|atk|1\n|turn|1\n|inactive|tlyee has 30 seconds left.\n|\n|t:|1681753094\n|-end|p2b: Flutter Mane|Protosynthesis|[silent]\n|switch|p2b: Arcanine|Arcanine, L50, M|100\/100\n|-ability|p2b: Arcanine|Intimidate|boost\n|-unboost|p1a: Arcanine|atk|1\n|-fail|p1b: Garchomp|unboost|[from] item: Clear Amulet|[of] p1b: Garchomp\n|-terastallize|p1a: Arcanine|Grass\n|move|p1b: Garchomp|Protect|p1b: Garchomp\n|-singleturn|p1b: Garchomp|Protect\n|move|p1a: Arcanine|Flare Blitz|p2b: Arcanine\n|-resisted|p2b: Arcanine\n|-crit|p2b: Arcanine\n|-damage|p2b: Arcanine|63\/100\n|-damage|p1a: Arcanine|89\/100|[from] Recoil\n|move|p2a: Amoonguss|Spore|p1b: Garchomp\n|-activate|p1b: Garchomp|move: Protect\n|\n|upkeep\n|turn|2\n|\n|t:|1681753113\n|move|p1a: Arcanine|Protect|p1a: Arcanine\n|-singleturn|p1a: Arcanine|Protect\n|move|p1b: Garchomp|Earthquake|p2b: Arcanine|[spread] p2a,p2b\n|-activate|p1a: Arcanine|move: Protect\n|-supereffective|p2b: Arcanine\n|-damage|p2a: Amoonguss|70\/100\n|-damage|p2b: Arcanine|0 fnt\n|faint|p2b: Arcanine\n|move|p2a: Amoonguss|Pollen Puff|p2: Arcanine|[notarget]\n|-fail|p2a: Amoonguss\n|\n|upkeep\n|\n|t:|1681753130\n|switch|p2b: Ting-Lu|Ting-Lu, L50|100\/100\n|-ability|p2b: Ting-Lu|Vessel of Ruin\n|turn|3\n|\n|t:|1681753153\n|switch|p1b: Gholdengo|Gholdengo, L50|100\/100\n|move|p1a: Arcanine|Flare Blitz|p2a: Amoonguss\n|-supereffective|p2a: Amoonguss\n|-damage|p2a: Amoonguss|19\/100\n|-enditem|p2a: Amoonguss|Sitrus Berry|[eat]\n|-heal|p2a: Amoonguss|43\/100|[from] item: Sitrus Berry\n|-damage|p1a: Arcanine|70\/100|[from] Recoil\n|move|p2b: Ting-Lu|Fissure|p1a: Arcanine\n|-damage|p1a: Arcanine|0 fnt\n|faint|p1a: Arcanine\n|-ohko\n|move|p2a: Amoonguss|Pollen Puff|p2b: Ting-Lu\n|-immune|p2b: Ting-Lu\n|\n|upkeep\n|\n|t:|1681753169\n|switch|p1a: Breloom|Breloom, L50, F|100\/100\n|turn|4\n|\n|t:|1681753181\n|move|p2a: Amoonguss|Protect|p2a: Amoonguss\n|-singleturn|p2a: Amoonguss|Protect\n|move|p1a: Breloom|Bullet Seed|p2b: Ting-Lu\n|-supereffective|p2b: Ting-Lu\n|-damage|p2b: Ting-Lu|82\/100\n|-supereffective|p2b: Ting-Lu\n|-damage|p2b: Ting-Lu|64\/100\n|-supereffective|p2b: Ting-Lu\n|-damage|p2b: Ting-Lu|45\/100\n|-supereffective|p2b: Ting-Lu\n|-damage|p2b: Ting-Lu|24\/100\n|-hitcount|p2b: Ting-Lu|4\n|move|p1b: Gholdengo|Nasty Plot|p1b: Gholdengo\n|-boost|p1b: Gholdengo|spa|2\n|move|p2b: Ting-Lu|Fissure|p1b: Gholdengo\n|-damage|p1b: Gholdengo|0 fnt\n|faint|p1b: Gholdengo\n|-ohko\n|\n|upkeep\n|c|\u2606tlyee|skill button\n|\n|t:|1681753199\n|switch|p1b: Garchomp|Garchomp, L50, M|100\/100\n|turn|5\n|inactive|Chicaino 2 has 30 seconds left.\n|\n|t:|1681753231\n|move|p1b: Garchomp|Dragon Claw|p2a: Amoonguss\n|-damage|p2a: Amoonguss|15\/100\n|move|p1a: Breloom|Spore|p2b: Ting-Lu\n|-status|p2b: Ting-Lu|slp|[from] move: Spore\n|cant|p2b: Ting-Lu|slp\n|move|p2a: Amoonguss|Spore|p1b: Garchomp\n|-status|p1b: Garchomp|slp|[from] move: Spore\n|\n|upkeep\n|turn|6\n|\n|t:|1681753255\n|switch|p2a: Flutter Mane|Flutter Mane, L50|100\/100\n|cant|p1b: Garchomp|slp\n|move|p1a: Breloom|Rock Tomb|p2a: Flutter Mane\n|-damage|p2a: Flutter Mane|48\/100\n|-unboost|p2a: Flutter Mane|spe|1\n|-curestatus|p2b: Ting-Lu|slp|[msg]\n|move|p2b: Ting-Lu|Heavy Slam|p1a: Breloom\n|-damage|p1a: Breloom|52\/100\n|\n|upkeep\n|turn|7\n|inactive|Chicaino 2 has 30 seconds left.\n|\n|t:|1681753289\n|-curestatus|p1b: Garchomp|slp|[msg]\n|move|p1b: Garchomp|Protect|p1b: Garchomp\n|-singleturn|p1b: Garchomp|Protect\n|move|p2a: Flutter Mane|Dazzling Gleam|p1a: Breloom|[spread] p1a\n|-activate|p1b: Garchomp|move: Protect\n|-supereffective|p1a: Breloom\n|-damage|p1a: Breloom|0 fnt\n|faint|p1a: Breloom\n|move|p2b: Ting-Lu|Fissure|p1b: Garchomp\n|-activate|p1b: Garchomp|move: Protect\n|\n|upkeep\n|turn|8\n|\n|t:|1681753312\n|-end|p2a: Flutter Mane|Protosynthesis|[silent]\n|switch|p2a: Amoonguss|Amoonguss, L50, F, shiny|48\/100\n|move|p1b: Garchomp|Earthquake|p2a: Amoonguss|[spread] p2a,p2b\n|-damage|p2a: Amoonguss|19\/100\n|-damage|p2b: Ting-Lu|6\/100\n|move|p2b: Ting-Lu|Heavy Slam|p1b: Garchomp\n|-damage|p1b: Garchomp|68\/100\n|-damage|p2b: Ting-Lu|0 fnt|[from] ability: Rough Skin|[of] p1b: Garchomp\n|faint|p2b: Ting-Lu\n|\n|upkeep\n|\n|t:|1681753321\n|switch|p2b: Flutter Mane|Flutter Mane, L50|48\/100\n|turn|9\n|\n|t:|1681753331\n|-terastallize|p2a: Amoonguss|Water\n|move|p2a: Amoonguss|Rage Powder|p2a: Amoonguss\n|-singleturn|p2a: Amoonguss|move: Rage Powder\n|move|p2b: Flutter Mane|Moonblast|p1b: Garchomp\n|-supereffective|p1b: Garchomp\n|-damage|p1b: Garchomp|0 fnt\n|faint|p1b: Garchomp\n|\n|win|tlyee\n|raw|Chicaino 2's rating: 1190 → 1171<\/strong> (-19 for losing)\n|raw|tlyee's rating: 1279 → 1298<\/strong> (+19 for winning)\n|l|\u2606Chicaino 2\n","uploadtime":1681753342,"views":9,"p1id":"chicaino2","p2id":"tlyee","formatid":"gen9vgc2023regulationc","rating":1171,"private":0,"password":""}