{"id":"gen9vgc2023regulationc-1858643704","p1":"fshgdz","p2":"NickRhys","format":"[Gen 9] VGC 2023 Regulation C","log":"|j|\u203dfshgdz\n|j|\u2606NickRhys\n|t:|1683336473\n|gametype|doubles\n|player|p1|fshgdz|101|1077\n|player|p2|NickRhys|101|1144\n|teamsize|p1|6\n|teamsize|p2|6\n|gen|9\n|tier|[Gen 9] VGC 2023 Regulation C\n|rated|\n|rule|Species Clause: Limit one of each Pok\u00e9mon\n|rule|Item Clause: Limit one of each item\n|clearpoke\n|poke|p1|Talonflame, L50, M|\n|poke|p1|Farigiraf, L50, M|\n|poke|p1|Dragonite, L50, M|\n|poke|p1|Flutter Mane, L50|\n|poke|p1|Amoonguss, L50, F|\n|poke|p1|Palafin, L50, F|\n|poke|p2|Meowscarada, L50, M|\n|poke|p2|Chien-Pao, L50|\n|poke|p2|Gastrodon, L50, M|\n|poke|p2|Roaring Moon, L50|\n|poke|p2|Chi-Yu, L50|\n|poke|p2|Flutter Mane, L50|\n|teampreview|4\n|inactive|Battle timer is ON: inactive players will automatically lose when time's up. (requested by NickRhys)\n|\n|t:|1683336506\n|start\n|switch|p1a: Talonflame|Talonflame, L50, M|100\/100\n|switch|p1b: Farigiraf|Farigiraf, L50, M|100\/100\n|switch|p2a: Meowscarada|Meowscarada, L50, M|100\/100\n|switch|p2b: Chien-Pao|Chien-Pao, L50|100\/100\n|-ability|p2b: Chien-Pao|Sword of Ruin\n|turn|1\n|inactive|NickRhys has 30 seconds left.\n|\n|t:|1683336535\n|-terastallize|p1b: Farigiraf|Normal\n|move|p1a: Talonflame|Tailwind|p1a: Talonflame\n|-sidestart|p1: fshgdz|move: Tailwind\n|move|p2a: Meowscarada|Knock Off|p1b: Farigiraf\n|-start|p2a: Meowscarada|typechange|Dark|[from] ability: Protean\n|-crit|p1b: Farigiraf\n|-damage|p1b: Farigiraf|7\/100\n|-enditem|p1b: Farigiraf|Choice Specs|[from] move: Knock Off|[of] p2a: Meowscarada\n|move|p1b: Farigiraf|Hyper Voice|p2b: Chien-Pao|[spread] p2a,p2b\n|-damage|p2a: Meowscarada|28\/100\n|-damage|p2b: Chien-Pao|26\/100\n|move|p2b: Chien-Pao|Ice Spinner|p1a: Talonflame\n|-damage|p1a: Talonflame|41\/100\n|\n|upkeep\n|turn|2\n|inactive|NickRhys has 30 seconds left.\n|\n|t:|1683336565\n|-terastallize|p2b: Chien-Pao|Ghost\n|move|p1a: Talonflame|Brave Bird|p2a: Meowscarada\n|-damage|p2a: Meowscarada|0 fnt\n|faint|p2a: Meowscarada\n|-damage|p1a: Talonflame|33\/100|[from] Recoil\n|move|p1b: Farigiraf|Hyper Voice|p2b: Chien-Pao\n|-immune|p2b: Chien-Pao\n|move|p2b: Chien-Pao|Ice Spinner|p1a: Talonflame\n|-damage|p1a: Talonflame|0 fnt\n|faint|p1a: Talonflame\n|\n|upkeep\n|\n|t:|1683336578\n|switch|p2a: Gastrodon|Gastrodon, L50, M|100\/100\n|switch|p1a: Flutter Mane|Flutter Mane, L50|100\/100\n|-enditem|p1a: Flutter Mane|Booster Energy\n|-activate|p1a: Flutter Mane|ability: Protosynthesis|[fromitem]\n|-start|p1a: Flutter Mane|protosynthesisspa\n|turn|3\n|\n|t:|1683336595\n|move|p2a: Gastrodon|Protect|p2a: Gastrodon\n|-singleturn|p2a: Gastrodon|Protect\n|move|p1a: Flutter Mane|Dazzling Gleam|p2b: Chien-Pao|[spread] p2b\n|-activate|p2a: Gastrodon|move: Protect\n|-damage|p2b: Chien-Pao|0 fnt\n|faint|p2b: Chien-Pao\n|move|p1b: Farigiraf|Hyper Voice|p2a: Gastrodon\n|-activate|p2a: Gastrodon|move: Protect\n|\n|upkeep\n|\n|t:|1683336604\n|switch|p2b: Roaring Moon|Roaring Moon, L50|100\/100\n|-enditem|p2b: Roaring Moon|Booster Energy\n|-activate|p2b: Roaring Moon|ability: Protosynthesis|[fromitem]\n|-start|p2b: Roaring Moon|protosynthesisspe\n|turn|4\n|inactive|fshgdz has 30 seconds left.\n|inactive|NickRhys has 30 seconds left.\n|\n|t:|1683336639\n|move|p2b: Roaring Moon|Protect|p2b: Roaring Moon\n|-singleturn|p2b: Roaring Moon|Protect\n|move|p1a: Flutter Mane|Moonblast|p2a: Gastrodon\n|-damage|p2a: Gastrodon|39\/100\n|move|p1b: Farigiraf|Hyper Voice|p2b: Roaring Moon|[spread] p2a\n|-activate|p2b: Roaring Moon|move: Protect\n|-damage|p2a: Gastrodon|0 fnt\n|faint|p2a: Gastrodon\n|\n|-sideend|p1: fshgdz|move: Tailwind\n|upkeep\n|turn|5\n|\n|t:|1683336651\n|move|p2b: Roaring Moon|Iron Head|p1a: Flutter Mane\n|-supereffective|p1a: Flutter Mane\n|-damage|p1a: Flutter Mane|22\/100\n|move|p1a: Flutter Mane|Moonblast|p2b: Roaring Moon\n|-supereffective|p2b: Roaring Moon\n|-damage|p2b: Roaring Moon|0 fnt\n|faint|p2b: Roaring Moon\n|-end|p2b: Roaring Moon|Protosynthesis|[silent]\n|\n|win|fshgdz\n|raw|fshgdz's rating: 1077 → 1111<\/strong> (+34 for winning)\n|raw|NickRhys's rating: 1144 → 1114<\/strong> (-30 for losing)\n","uploadtime":1683336669,"views":16,"p1id":"fshgdz","p2id":"nickrhys","formatid":"gen9vgc2023regulationc","rating":1111,"private":0,"password":""}