{"id":"gen9vgc2023regulationc-1855584092","p1":"ShadyTigers","p2":"N3rdSl4y3r","format":"[Gen 9] VGC 2023 Regulation C","log":"|j|\u2606ShadyTigers\n|j|\u2606N3rdSl4y3r\n|t:|1682964097\n|gametype|doubles\n|player|p1|ShadyTigers|101|\n|player|p2|N3rdSl4y3r|rika|\n|teamsize|p1|6\n|teamsize|p2|6\n|gen|9\n|tier|[Gen 9] VGC 2023 Regulation C\n|rule|Species Clause: Limit one of each Pok\u00e9mon\n|rule|Item Clause: Limit one of each item\n|clearpoke\n|poke|p1|Roaring Moon, L50|\n|poke|p1|Iron Bundle, L50|\n|poke|p1|Arcanine, L50, F|\n|poke|p1|Amoonguss, L50, M|\n|poke|p1|Tyranitar, L50, M|\n|poke|p1|Palafin, L50, M|\n|poke|p2|Breloom, L50, F|\n|poke|p2|Chi-Yu, L50|\n|poke|p2|Azumarill, L50, F|\n|poke|p2|Baxcalibur, L50, M|\n|poke|p2|Flutter Mane, L50|\n|poke|p2|Maushold-Four, L50|\n|teampreview|4\nShadyTigers has agreed to open team sheets.\nN3rdSl4y3r has agreed to open team sheets.\n|\n|t:|1682964141\n|start\n|switch|p1a: Roaring Moon|Roaring Moon, L50|100\/100\n|switch|p1b: Tyranitar|Tyranitar, L50, M|100\/100\n|switch|p2a: GOAT|Breloom, L50, F, shiny|100\/100\n|switch|p2b: Cryolophosaurus|Baxcalibur, L50, M|100\/100\n|-weather|Sandstorm|[from] ability: Sand Stream|[of] p1b: Tyranitar\n|-enditem|p1a: Roaring Moon|Booster Energy\n|-activate|p1a: Roaring Moon|ability: Protosynthesis|[fromitem]\n|-start|p1a: Roaring Moon|protosynthesisspe\n|turn|1\n|\n|t:|1682964190\n|-terastallize|p1b: Tyranitar|Fire\n|move|p1a: Roaring Moon|Protect|p1a: Roaring Moon\n|-singleturn|p1a: Roaring Moon|Protect\n|move|p2b: Cryolophosaurus|Icicle Crash|p1a: Roaring Moon\n|-activate|p1a: Roaring Moon|move: Protect\n|move|p2a: GOAT|Spore|p1b: Tyranitar\n|-status|p1b: Tyranitar|slp|[from] move: Spore\n|cant|p1b: Tyranitar|slp\n|\n|-weather|Sandstorm|[upkeep]\n|-damage|p1a: Roaring Moon|94\/100|[from] Sandstorm\n|-damage|p2b: Cryolophosaurus|95\/100|[from] Sandstorm\n|-damage|p2a: GOAT|95\/100|[from] Sandstorm\n|-damage|p1b: Tyranitar|95\/100 slp|[from] Sandstorm\n|upkeep\n|turn|2\n|\n|t:|1682964216\n|switch|p2a: Jorunna Parva|Azumarill, L50, F, shiny|100\/100\n|move|p1a: Roaring Moon|Throat Chop|p2b: Cryolophosaurus\n|-damage|p2b: Cryolophosaurus|55\/100\n|-start|p2b: Cryolophosaurus|Throat Chop|[silent]\n|move|p2b: Cryolophosaurus|Icicle Crash|p1a: Roaring Moon\n|-supereffective|p1a: Roaring Moon\n|-damage|p1a: Roaring Moon|0 fnt\n|faint|p1a: Roaring Moon\n|-end|p1a: Roaring Moon|Protosynthesis|[silent]\n|cant|p1b: Tyranitar|slp\n|\n|-weather|Sandstorm|[upkeep]\n|-damage|p2b: Cryolophosaurus|50\/100|[from] Sandstorm\n|-damage|p1b: Tyranitar|89\/100 slp|[from] Sandstorm\n|-damage|p2a: Jorunna Parva|94\/100|[from] Sandstorm\n|upkeep\n|\n|t:|1682964218\n|switch|p1a: Amoonguss|Amoonguss, L50, M|100\/100\n|turn|3\n|\n|t:|1682964242\n|switch|p1b: Iron Bundle|Iron Bundle, L50|100\/100\n|move|p2b: Cryolophosaurus|Icicle Crash|p1a: Amoonguss\n|-supereffective|p1a: Amoonguss\n|-damage|p1a: Amoonguss|6\/100\n|-enditem|p1a: Amoonguss|Sitrus Berry|[eat]\n|-heal|p1a: Amoonguss|31\/100|[from] item: Sitrus Berry\n|move|p2a: Jorunna Parva|Play Rough|p1a: Amoonguss\n|-resisted|p1a: Amoonguss\n|-damage|p1a: Amoonguss|6\/100\n|cant|p1a: Amoonguss|flinch\n|\n|-weather|Sandstorm|[upkeep]\n|-damage|p1b: Iron Bundle|94\/100|[from] Sandstorm\n|-damage|p2b: Cryolophosaurus|44\/100|[from] Sandstorm\n|-damage|p2a: Jorunna Parva|88\/100|[from] Sandstorm\n|-damage|p1a: Amoonguss|0 fnt|[from] Sandstorm\n|faint|p1a: Amoonguss\n|-end|p2b: Cryolophosaurus|Throat Chop|[silent]\n|upkeep\n|\n|t:|1682964250\n|switch|p1a: Tyranitar|Tyranitar, L50, M, tera:Fire|89\/100 slp\n|turn|4\n|c|\u2606N3rdSl4y3r|damn I don't think it mattered TOO much but that flinch was nice\n|\n|t:|1682964290\n|switch|p2b: GOAT|Breloom, L50, F, shiny|95\/100\n|move|p2a: Jorunna Parva|Protect|p2a: Jorunna Parva\n|-singleturn|p2a: Jorunna Parva|Protect\n|move|p1b: Iron Bundle|Freeze-Dry|p2a: Jorunna Parva\n|-activate|p2a: Jorunna Parva|move: Protect\n|-curestatus|p1a: Tyranitar|slp|[msg]\n|move|p1a: Tyranitar|Rock Slide|p2b: GOAT|[spread] p2b\n|-activate|p2a: Jorunna Parva|move: Protect\n|-resisted|p2b: GOAT\n|-damage|p2b: GOAT|67\/100\n|\n|-weather|Sandstorm|[upkeep]\n|-damage|p1b: Iron Bundle|88\/100|[from] Sandstorm\n|-damage|p2b: GOAT|62\/100|[from] Sandstorm\n|-damage|p1a: Tyranitar|83\/100|[from] Sandstorm\n|-damage|p2a: Jorunna Parva|82\/100|[from] Sandstorm\n|upkeep\n|turn|5\n|c|\u2606ShadyTigers|yeah it mattered unfortunately lol\n|\n|t:|1682964311\n|switch|p2a: Cryolophosaurus|Baxcalibur, L50, M|44\/100\n|move|p2b: GOAT|Mach Punch|p1b: Iron Bundle\n|-supereffective|p1b: Iron Bundle\n|-damage|p1b: Iron Bundle|0 fnt\n|faint|p1b: Iron Bundle\n|-end|p1b: Iron Bundle|Quark Drive|[silent]\n|move|p1a: Tyranitar|Fire Punch|p2b: GOAT\n|-supereffective|p2b: GOAT\n|-damage|p2b: GOAT|0 fnt\n|faint|p2b: GOAT\n|\n|-weather|none\n|upkeep\n|c|\u2606N3rdSl4y3r|what were u sporing?\n|\n|t:|1682964322\n|switch|p2b: Jorunna Parva|Azumarill, L50, F, shiny|82\/100\n|turn|6\n|c|\u2606ShadyTigers|bax\n|c|\u2606N3rdSl4y3r|huh\n|\n|t:|1682964339\n|move|p2a: Cryolophosaurus|Glaive Rush|p1a: Tyranitar\n|-damage|p1a: Tyranitar|19\/100\n|-singlemove|p2a: Cryolophosaurus|Glaive Rush|[silent]\n|move|p1a: Tyranitar|Rock Slide|p2b: Jorunna Parva|[spread] p2a,p2b\n|-supereffective|p2a: Cryolophosaurus\n|-damage|p2a: Cryolophosaurus|0 fnt\n|-damage|p2b: Jorunna Parva|46\/100\n|-enditem|p2b: Jorunna Parva|Sitrus Berry|[eat]\n|-heal|p2b: Jorunna Parva|71\/100|[from] item: Sitrus Berry\n|faint|p2a: Cryolophosaurus\n|move|p2b: Jorunna Parva|Liquidation|p1a: Tyranitar\n|-supereffective|p1a: Tyranitar\n|-crit|p1a: Tyranitar\n|-damage|p1a: Tyranitar|0 fnt\n|faint|p1a: Tyranitar\n|\n|win|N3rdSl4y3r\n|c|\u2606N3rdSl4y3r|gg\n|c|\u2606ShadyTigers|gg\n|c|\u2606ShadyTigers|that breloom kinda tough to play around\n|c|\u2606N3rdSl4y3r|yeah I love breloom so much\n|c|\u2606ShadyTigers|bax too i think i needed to keep moon in the back\n|c|\u2606N3rdSl4y3r|applies to much pressure to the abundance of dakr types and plafin\n|c|\u2606N3rdSl4y3r|along with immunity to rage powder and spore\n|c|\u2606N3rdSl4y3r|its great\n|c|\u2606N3rdSl4y3r|ye moon was annoying\n|c|\u2606ShadyTigers|i coulda killed breloom i guess turn 1 as well and then rock slided\n|c|\u2606N3rdSl4y3r|I think you had to try to get a d dance up and play around with hero pala\n|c|\u2606ShadyTigers|instead of protect\n|c|\u2606N3rdSl4y3r|ye\n|c|\u2606ShadyTigers|but i wasnt sure if moon died to icicle crash\n|c|\u2606ShadyTigers|and i def die to glaive rush\n|c|\u2606ShadyTigers|i guess i coulda tera flying into rock slide\n|c|\u2606ShadyTigers|and maybe survive glaive\n|c|\u2606N3rdSl4y3r|nah icicle crash killed\n|c|\u2606N3rdSl4y3r|252+ Atk Baxcalibur Icicle Crash vs. 0 HP \/ 0 Def Roaring Moon: 228-270 (126.6 - 150%) -- guaranteed OHKO\n|c|\u2606ShadyTigers|ahh yeah i have 252 hp and 44 def but its still a g uaranteed ko\n|c|\u2606N3rdSl4y3r|ye\n|c|\u2606ShadyTigers|so prolly kill breloom no tera and then rock slide and try to kill bax or atleast get big damage in\n|c|\u2606N3rdSl4y3r|yep\n|c|\u2606N3rdSl4y3r|moon was the biggest problem tho so my goal was to clear it out quickly and not have to play around d dance\n|c|\u2606N3rdSl4y3r|cause if u got one up I had no maus in the back and it ohkos everything\n","uploadtime":1682964366,"views":21,"p1id":"shadytigers","p2id":"n3rdsl4y3r","formatid":"gen9vgc2023regulationc","rating":0,"private":0,"password":""}