{"id":"gen9vgc2023regulationc-1855033780","p1":"KnickNom","p2":"Leore","format":"[Gen 9] VGC 2023 Regulation C","log":"|j|\u2606KnickNom\n|j|\u2606Leore\n|t:|1682893312\n|gametype|doubles\n|player|p1|KnickNom|leon|\n|player|p2|Leore|lance|\n|teamsize|p1|6\n|teamsize|p2|6\n|gen|9\n|tier|[Gen 9] VGC 2023 Regulation C\n|rule|Species Clause: Limit one of each Pok\u00e9mon\n|rule|Item Clause: Limit one of each item\n|clearpoke\n|poke|p1|Slither Wing, L50|\n|poke|p1|Torkoal, L50, M|\n|poke|p1|Chien-Pao, L50|\n|poke|p1|Great Tusk, L50|\n|poke|p1|Flutter Mane, L50|\n|poke|p1|Dragonite, L50, M|\n|poke|p2|Amoonguss, L50, F|\n|poke|p2|Pelipper, L50, F|\n|poke|p2|Palafin, L50, F|\n|poke|p2|Barraskewda, L50, F|\n|poke|p2|Chien-Pao, L50|\n|poke|p2|Gholdengo, L50|\n|teampreview|4\nLeore has agreed to open team sheets.\n|c|\u2606KnickNom|g1\nKnickNom has agreed to open team sheets.\n|c|\u2606KnickNom|ok we can start whenever now\n|c|\u2606KnickNom|u can timer again\n|c|\u2606Leore|Ok\n|j| uytrerty\n|c|\u2606Leore|glhf\n|j| Lugiabirb\n|j| boordio\n|\n|t:|1682893434\n|start\n|switch|p1a: Slither Wing|Slither Wing, L50|100\/100\n|switch|p1b: Great Tusk|Great Tusk, L50|100\/100\n|switch|p2a: Pelipper|Pelipper, L50, F|100\/100\n|switch|p2b: Amoonguss|Amoonguss, L50, F|100\/100\n|-weather|RainDance|[from] ability: Drizzle|[of] p2a: Pelipper\n|turn|1\n|j| Bostonl1\n|c| boordio|me wehn no randpoke\n|c| Bostonl1|Omg lance vs Leon\n|\n|t:|1682893470\n|-end|p1b: Great Tusk|Protosynthesis|[silent]\n|switch|p1b: Torkoal|Torkoal, L50, M|100\/100\n|-weather|SunnyDay|[from] ability: Drought|[of] p1b: Torkoal\n|-activate|p1a: Slither Wing|ability: Protosynthesis\n|-start|p1a: Slither Wing|protosynthesisatk\n|-terastallize|p1a: Slither Wing|Fire\n|move|p2b: Amoonguss|Rage Powder|p2b: Amoonguss\n|-singleturn|p2b: Amoonguss|move: Rage Powder\n|move|p1a: Slither Wing|Flare Blitz|p2b: Amoonguss\n|-supereffective|p2b: Amoonguss\n|-damage|p2b: Amoonguss|0 fnt\n|-damage|p1a: Slither Wing|84\/100|[from] item: Rocky Helmet|[of] p2b: Amoonguss\n|faint|p2b: Amoonguss\n|-damage|p1a: Slither Wing|45\/100|[from] Recoil\n|move|p2a: Pelipper|Hurricane|p1a: Slither Wing\n|-damage|p1a: Slither Wing|22\/100\n|\n|-weather|SunnyDay|[upkeep]\n|upkeep\n|\n|t:|1682893486\n|switch|p2b: Chien-Pao|Chien-Pao, L50|100\/100\n|-ability|p2b: Chien-Pao|Sword of Ruin\n|turn|2\n|\n|t:|1682893501\n|-end|p1a: Slither Wing|Protosynthesis|[silent]\n|switch|p1a: Great Tusk|Great Tusk, L50|100\/100\n|-activate|p1a: Great Tusk|ability: Protosynthesis\n|-start|p1a: Great Tusk|protosynthesisatk\n|move|p2a: Pelipper|Helping Hand|p2b: Chien-Pao\n|-singleturn|p2b: Chien-Pao|Helping Hand|[of] p2a: Pelipper\n|move|p1b: Torkoal|Protect|p1b: Torkoal\n|-singleturn|p1b: Torkoal|Protect\n|move|p2b: Chien-Pao|Sacred Sword|p1a: Great Tusk\n|-damage|p1a: Great Tusk|46\/100\n|-damage|p2b: Chien-Pao|91\/100|[from] item: Life Orb\n|\n|-weather|SunnyDay|[upkeep]\n|upkeep\n|turn|3\n|l| Lugiabirb\n|\n|t:|1682893523\n|switch|p2a: Palafin|Palafin, L50, F|100\/100\n|switch|p1b: Slither Wing|Slither Wing, L50, tera:Fire|22\/100\n|-activate|p1b: Slither Wing|ability: Protosynthesis\n|-start|p1b: Slither Wing|protosynthesisatk\n|move|p2b: Chien-Pao|Protect|p2b: Chien-Pao\n|-singleturn|p2b: Chien-Pao|Protect\n|move|p1a: Great Tusk|Rock Slide|p2a: Palafin|[spread] p2a\n|-activate|p2b: Chien-Pao|move: Protect\n|-damage|p2a: Palafin|56\/100\n|\n|-weather|SunnyDay|[upkeep]\n|upkeep\n|turn|4\n|\n|t:|1682893554\n|detailschange|p2a: Palafin|Palafin-Hero, L50, F\n|switch|p2a: Pelipper|Pelipper, L50, F|100\/100\n|-weather|RainDance|[from] ability: Drizzle|[of] p2a: Pelipper\n|-end|p1a: Great Tusk|Protosynthesis\n|-end|p1b: Slither Wing|Protosynthesis\n|move|p1b: Slither Wing|First Impression|p2b: Chien-Pao\n|-supereffective|p2b: Chien-Pao\n|-damage|p2b: Chien-Pao|0 fnt\n|faint|p2b: Chien-Pao\n|move|p1a: Great Tusk|Rock Slide|p2a: Pelipper\n|-supereffective|p2a: Pelipper\n|-damage|p2a: Pelipper|51\/100\n|\n|-weather|RainDance|[upkeep]\n|upkeep\n|\n|t:|1682893565\n|switch|p2b: Palafin|Palafin-Hero, L50, F|56\/100\n|-activate|p2b: Palafin|ability: Zero to Hero\n|turn|5\n|j| Gimmeahat\n|\n|t:|1682893577\n|move|p2b: Palafin|Jet Punch|p1a: Great Tusk\n|-supereffective|p1a: Great Tusk\n|-damage|p1a: Great Tusk|0 fnt\n|faint|p1a: Great Tusk\n|-end|p1a: Great Tusk|Protosynthesis|[silent]\n|move|p1b: Slither Wing|Leech Life|p2b: Palafin\n|-damage|p2b: Palafin|13\/100\n|-heal|p1b: Slither Wing|45\/100|[from] drain|[of] p2b: Palafin\n|move|p2a: Pelipper|Hurricane|p1b: Slither Wing\n|-damage|p1b: Slither Wing|19\/100\n|\n|-weather|RainDance|[upkeep]\n|upkeep\n|\n|t:|1682893587\n|switch|p1a: Torkoal|Torkoal, L50, M|100\/100\n|-weather|SunnyDay|[from] ability: Drought|[of] p1a: Torkoal\n|-activate|p1b: Slither Wing|ability: Protosynthesis\n|-start|p1b: Slither Wing|protosynthesisatk\n|turn|6\n|l| Gimmeahat\n|\n|t:|1682893612\n|move|p2a: Pelipper|Helping Hand|p2b: Palafin\n|-singleturn|p2b: Palafin|Helping Hand|[of] p2a: Pelipper\n|move|p2b: Palafin|Jet Punch|p1b: Slither Wing\n|-supereffective|p1b: Slither Wing\n|-damage|p1b: Slither Wing|0 fnt\n|faint|p1b: Slither Wing\n|-end|p1b: Slither Wing|Protosynthesis|[silent]\n|move|p1a: Torkoal|Earth Power|p2b: Palafin\n|-damage|p2b: Palafin|0 fnt\n|faint|p2b: Palafin\n|\n|-weather|SunnyDay|[upkeep]\n|upkeep\n|\n|t:|1682893616\n|switch|p1b: Flutter Mane|Flutter Mane, L50|100\/100\n|-activate|p1b: Flutter Mane|ability: Protosynthesis\n|-start|p1b: Flutter Mane|protosynthesisspe\n|turn|7\n|-message|Leore forfeited.\n|\n|win|KnickNom\n|c|\u2606Leore|gg\n|c|\u2606KnickNom|gg\n|c|\u2606KnickNom|https:\/\/play.pokemonshowdown.com\/battle-gen9vgc2023regulationc-1855034037\n|l| uytrerty\n","uploadtime":1682893633,"views":18,"p1id":"knicknom","p2id":"leore","formatid":"gen9vgc2023regulationc","rating":0,"private":0,"password":""}