{"id":"gen9vgc2023regulationc-1855625185","p1":"Gracamol","p2":"mpduncan75","format":"[Gen 9] VGC 2023 Regulation C","log":"|j|\u2606Gracamol\n|j|\u2606mpduncan75\n|t:|1682967565\n|gametype|doubles\n|player|p1|Gracamol|barry|1024\n|player|p2|mpduncan75|101|1074\n|teamsize|p1|6\n|teamsize|p2|6\n|gen|9\n|tier|[Gen 9] VGC 2023 Regulation C\n|rated|\n|rule|Species Clause: Limit one of each Pok\u00e9mon\n|rule|Item Clause: Limit one of each item\n|clearpoke\n|poke|p1|Flutter Mane, L50|\n|poke|p1|Grimmsnarl, L50, M|\n|poke|p1|Tauros-Paldea-Aqua, L50, M|\n|poke|p1|Rotom-Heat, L50|\n|poke|p1|Iron Bundle, L50|\n|poke|p1|Iron Treads, L50|\n|poke|p2|Meowscarada, L50, F|\n|poke|p2|Tauros-Paldea-Blaze, L50, M|\n|poke|p2|Amoonguss, L50, F|\n|poke|p2|Iron Bundle, L50|\n|poke|p2|Tinkaton, L50, F|\n|poke|p2|Iron Hands, L50|\n|teampreview|4\n|inactive|Battle timer is ON: inactive players will automatically lose when time's up. (requested by mpduncan75)\nGracamol has agreed to open team sheets.\n|inactive|Gracamol has 60 seconds left.\n|\n|t:|1682967598\n|start\n|switch|p1a: Blitzwing|Iron Bundle, L50|100\/100\n|switch|p1b: Iron Treads|Iron Treads, L50|100\/100\n|switch|p2a: Meowscarada|Meowscarada, L50, F|100\/100\n|switch|p2b: Tauros|Tauros-Paldea-Blaze, L50, M|100\/100\n|-enditem|p1b: Iron Treads|Booster Energy\n|-activate|p1b: Iron Treads|ability: Quark Drive|[fromitem]\n|-start|p1b: Iron Treads|quarkdrivespe\n|turn|1\n|inactive|mpduncan75 has 30 seconds left.\n|inactive|mpduncan75 has 20 seconds left.\n|inactive|mpduncan75 has 15 seconds left.\n|inactive|mpduncan75 has 10 seconds left.\n|inactive|mpduncan75 has 5 seconds left.\n|\n|t:|1682967649\n|-terastallize|p1b: Iron Treads|Ice\n|move|p1b: Iron Treads|Ice Spinner|p2a: Meowscarada\n|-supereffective|p2a: Meowscarada\n|-damage|p2a: Meowscarada|5\/100\n|-enditem|p2a: Meowscarada|Eject Button\n|\n|t:|1682967660\n|switch|p2a: Iron Hands|Iron Hands, L50|100\/100\n|move|p1a: Blitzwing|Hydro Pump|p2b: Tauros\n|-supereffective|p2b: Tauros\n|-damage|p2b: Tauros|0 fnt\n|faint|p2b: Tauros\n|\n|upkeep\n|\n|t:|1682967665\n|switch|p2b: Meowscarada|Meowscarada, L50, F|5\/100\n|turn|2\n|inactive|Gracamol has 30 seconds left.\n|inactive|Gracamol has 20 seconds left.\n|inactive|Gracamol has 15 seconds left.\n|inactive|Gracamol has 10 seconds left.\n|\n|t:|1682967710\n|move|p2b: Meowscarada|Helping Hand|p2a: Iron Hands\n|-singleturn|p2a: Iron Hands|Helping Hand|[of] p2b: Meowscarada\n|move|p1b: Iron Treads|Protect|p1b: Iron Treads\n|-singleturn|p1b: Iron Treads|Protect\n|move|p1a: Blitzwing|Protect|p1a: Blitzwing\n|-singleturn|p1a: Blitzwing|Protect\n|move|p2a: Iron Hands|Drain Punch|p1b: Iron Treads\n|-activate|p1b: Iron Treads|move: Protect\n|\n|upkeep\n|turn|3\n|\n|t:|1682967727\n|-end|p1b: Iron Treads|Quark Drive|[silent]\n|switch|p1b: Sideways|Tauros-Paldea-Aqua, L50, M|100\/100\n|-ability|p1b: Sideways|Intimidate|boost\n|-unboost|p2a: Iron Hands|atk|1\n|-unboost|p2b: Meowscarada|atk|1\n|move|p2b: Meowscarada|Helping Hand|p2a: Iron Hands\n|-singleturn|p2a: Iron Hands|Helping Hand|[of] p2b: Meowscarada\n|move|p1a: Blitzwing|Icy Wind|p2a: Iron Hands|[spread] p2a,p2b\n|-supereffective|p2b: Meowscarada\n|-damage|p2a: Iron Hands|83\/100\n|-damage|p2b: Meowscarada|0 fnt\n|-unboost|p2a: Iron Hands|spe|1\n|faint|p2b: Meowscarada\n|move|p2a: Iron Hands|Drain Punch|p1b: Sideways\n|-damage|p1b: Sideways|59\/100\n|-heal|p2a: Iron Hands|98\/100|[from] drain|[of] p1b: Sideways\n|\n|-heal|p2a: Iron Hands|100\/100|[from] item: Leftovers\n|upkeep\n|\n|t:|1682967747\n|switch|p2b: Iron Bundle|Iron Bundle, L50|100\/100\n|turn|4\n|inactive|Gracamol has 30 seconds left.\n|inactive|Gracamol has 20 seconds left.\n|inactive|Gracamol has 15 seconds left.\n|inactive|Gracamol has 10 seconds left.\n|inactive|Gracamol has 5 seconds left.\n|\n|t:|1682967801\n|move|p1a: Blitzwing|Freeze-Dry|p2b: Iron Bundle\n|-damage|p2b: Iron Bundle|32\/100\n|move|p2b: Iron Bundle|Icy Wind|p1a: Blitzwing|[spread] p1a,p1b\n|-resisted|p1a: Blitzwing\n|-resisted|p1b: Sideways\n|-damage|p1a: Blitzwing|90\/100\n|-damage|p1b: Sideways|50\/100\n|-unboost|p1a: Blitzwing|spe|1\n|-unboost|p1b: Sideways|spe|1\n|move|p1b: Sideways|Close Combat|p2b: Iron Bundle\n|-supereffective|p2b: Iron Bundle\n|-damage|p2b: Iron Bundle|0 fnt\n|-unboost|p1b: Sideways|def|1\n|-unboost|p1b: Sideways|spd|1\n|faint|p2b: Iron Bundle\n|-end|p2b: Iron Bundle|Quark Drive|[silent]\n|move|p2a: Iron Hands|Swords Dance|p2a: Iron Hands\n|-boost|p2a: Iron Hands|atk|2\n|\n|upkeep\n|turn|5\n|inactive|Gracamol has 30 seconds left.\n|inactive|mpduncan75 has 30 seconds left.\n|inactive|Gracamol has 20 seconds left.\n|inactive|Gracamol has 15 seconds left.\n|\n|t:|1682967845\n|move|p1a: Blitzwing|Freeze-Dry|p2a: Iron Hands\n|-damage|p2a: Iron Hands|74\/100\n|move|p1b: Sideways|Close Combat|p2a: Iron Hands\n|-damage|p2a: Iron Hands|36\/100\n|-unboost|p1b: Sideways|def|1\n|-unboost|p1b: Sideways|spd|1\n|move|p2a: Iron Hands|Drain Punch|p1a: Blitzwing\n|-supereffective|p1a: Blitzwing\n|-damage|p1a: Blitzwing|0 fnt\n|-heal|p2a: Iron Hands|61\/100|[from] drain|[of] p1a: Blitzwing\n|faint|p1a: Blitzwing\n|-end|p1a: Blitzwing|Quark Drive|[silent]\n|\n|-heal|p2a: Iron Hands|67\/100|[from] item: Leftovers\n|upkeep\n|\n|t:|1682967868\n|switch|p1a: Iron Treads|Iron Treads, L50, tera:Ice|100\/100\n|turn|6\n|\n|t:|1682967873\n|move|p2a: Iron Hands|Detect|p2a: Iron Hands\n|-singleturn|p2a: Iron Hands|Protect\n|move|p1a: Iron Treads|Stomping Tantrum|p2a: Iron Hands\n|-activate|p2a: Iron Hands|move: Protect\n|move|p1b: Sideways|Close Combat|p2a: Iron Hands\n|-activate|p2a: Iron Hands|move: Protect\n|\n|-heal|p2a: Iron Hands|74\/100|[from] item: Leftovers\n|upkeep\n|turn|7\n|\n|t:|1682967892\n|-terastallize|p2a: Iron Hands|Grass\n|move|p1a: Iron Treads|Stomping Tantrum|p2a: Iron Hands\n|-resisted|p2a: Iron Hands\n|-damage|p2a: Iron Hands|60\/100\n|move|p1b: Sideways|Close Combat|p2a: Iron Hands\n|-damage|p2a: Iron Hands|20\/100\n|-unboost|p1b: Sideways|def|1\n|-unboost|p1b: Sideways|spd|1\n|move|p2a: Iron Hands|Drain Punch|p1a: Iron Treads\n|-supereffective|p1a: Iron Treads\n|-damage|p1a: Iron Treads|0 fnt\n|-heal|p2a: Iron Hands|56\/100|[from] drain|[of] p1a: Iron Treads\n|faint|p1a: Iron Treads\n|-end|p1a: Iron Treads|Quark Drive|[silent]\n|\n|-heal|p2a: Iron Hands|62\/100|[from] item: Leftovers\n|upkeep\n|\n|t:|1682967903\n|switch|p1a: Skywarp|Flutter Mane, L50|100\/100\n|turn|8\n|\n|t:|1682967911\n|move|p2a: Iron Hands|Detect|p2a: Iron Hands\n|-singleturn|p2a: Iron Hands|Protect\n|move|p1a: Skywarp|Mystical Fire|p2a: Iron Hands\n|-activate|p2a: Iron Hands|move: Protect\n|move|p1b: Sideways|Close Combat|p2a: Iron Hands\n|-activate|p2a: Iron Hands|move: Protect\n|\n|-heal|p2a: Iron Hands|68\/100|[from] item: Leftovers\n|upkeep\n|turn|9\n|\n|t:|1682967924\n|move|p1a: Skywarp|Mystical Fire|p2a: Iron Hands\n|-supereffective|p2a: Iron Hands\n|-damage|p2a: Iron Hands|0 fnt\n|faint|p2a: Iron Hands\n|-end|p2a: Iron Hands|Quark Drive|[silent]\n|\n|win|Gracamol\n|raw|Gracamol's rating: 1024 → 1066<\/strong> (+42 for winning)\n|raw|mpduncan75's rating: 1074 → 1050<\/strong> (-24 for losing)\n|l|\u2606mpduncan75\n","uploadtime":1682967930,"views":18,"p1id":"gracamol","p2id":"mpduncan75","formatid":"gen9vgc2023regulationc","rating":1050,"private":0,"password":""}