{"id":"gen9vgc2023regulationc-1856808464","p1":"Kabello","p2":"WhatWasIC00KING","format":"[Gen 9] VGC 2023 Regulation C","log":"|j|\u2606Kabello\n|j|\u2606WhatWasIC00KING\n|t:|1683114370\n|gametype|doubles\n|player|p1|Kabello|plasmagrunt|1278\n|player|p2|WhatWasIC00KING|gambler|1300\n|teamsize|p1|6\n|teamsize|p2|6\n|gen|9\n|tier|[Gen 9] VGC 2023 Regulation C\n|rated|\n|rule|Species Clause: Limit one of each Pok\u00e9mon\n|rule|Item Clause: Limit one of each item\n|clearpoke\n|poke|p1|Pelipper, L50, M|\n|poke|p1|Palafin, L50, M|\n|poke|p1|Flutter Mane, L50|\n|poke|p1|Ting-Lu, L50|\n|poke|p1|Arcanine, L50, M|\n|poke|p1|Amoonguss, L50, M|\n|poke|p2|Ting-Lu, L50|\n|poke|p2|Annihilape, L50, M|\n|poke|p2|Palafin, L50, M|\n|poke|p2|Flutter Mane, L50|\n|poke|p2|Arcanine, L50, M|\n|poke|p2|Amoonguss, L50, M|\n|teampreview|4\nWhatWasIC00KING has agreed to open team sheets.\n|inactive|Battle timer is ON: inactive players will automatically lose when time's up. (requested by WhatWasIC00KING)\n|\n|t:|1683114396\n|start\n|switch|p1a: Arcanine|Arcanine, L50, M|100\/100\n|switch|p1b: Palafin|Palafin, L50, M|100\/100\n|switch|p2a: Poseidon|Palafin, L50, M, shiny|100\/100\n|switch|p2b: Eris|Flutter Mane, L50|100\/100\n|-ability|p1a: Arcanine|Intimidate|boost\n|-unboost|p2a: Poseidon|atk|1\n|-unboost|p2b: Eris|atk|1\n|turn|1\n|\n|t:|1683114419\n|detailschange|p1b: Palafin|Palafin-Hero, L50, M\n|switch|p1b: Amoonguss|Amoonguss, L50, M|100\/100\n|detailschange|p2a: Poseidon|Palafin-Hero, L50, M, shiny\n|switch|p2a: Aeolus|Arcanine, L50, M, shiny|100\/100\n|-ability|p2a: Aeolus|Intimidate|boost\n|-unboost|p1a: Arcanine|atk|1\n|-unboost|p1b: Amoonguss|atk|1\n|-terastallize|p1a: Arcanine|Water\n|move|p2b: Eris|Thunderbolt|p1b: Amoonguss\n|-resisted|p1b: Amoonguss\n|-damage|p1b: Amoonguss|85\/100\n|move|p1a: Arcanine|Snarl|p2a: Aeolus|[spread] p2a\n|-miss|p1a: Arcanine|p2b: Eris\n|-damage|p2a: Aeolus|92\/100\n|-unboost|p2a: Aeolus|spa|1\n|\n|upkeep\n|turn|2\n|inactive|Kabello has 30 seconds left.\n|\n|t:|1683114445\n|move|p2b: Eris|Thunderbolt|p1a: Arcanine\n|-supereffective|p1a: Arcanine\n|-damage|p1a: Arcanine|10\/100\n|-enditem|p1a: Arcanine|Mago Berry|[eat]\n|-heal|p1a: Arcanine|43\/100|[from] item: Mago Berry\n|move|p2a: Aeolus|Flare Blitz|p1b: Amoonguss\n|-supereffective|p1b: Amoonguss\n|-damage|p1b: Amoonguss|0 fnt\n|faint|p1b: Amoonguss\n|-damage|p2a: Aeolus|60\/100|[from] Recoil\n|move|p1a: Arcanine|Will-O-Wisp|p2b: Eris\n|-status|p2b: Eris|brn\n|\n|-damage|p2b: Eris|95\/100 brn|[from] brn\n|upkeep\n|\n|t:|1683114462\n|switch|p1b: Palafin|Palafin-Hero, L50, M|100\/100\n|-activate|p1b: Palafin|ability: Zero to Hero\n|turn|3\n|\n|t:|1683114476\n|switch|p1a: Flutter Mane|Flutter Mane, L50|100\/100\n|-enditem|p1a: Flutter Mane|Booster Energy\n|-activate|p1a: Flutter Mane|ability: Protosynthesis|[fromitem]\n|-start|p1a: Flutter Mane|protosynthesisspa\n|move|p1b: Palafin|Jet Punch|p2b: Eris\n|-damage|p2b: Eris|24\/100 brn\n|move|p2b: Eris|Thunderbolt|p1b: Palafin\n|-supereffective|p1b: Palafin\n|-damage|p1b: Palafin|13\/100\n|-status|p1b: Palafin|par\n|move|p2a: Aeolus|Will-O-Wisp||[still]\n|-fail|p2a: Aeolus\n|\n|-damage|p2b: Eris|18\/100 brn|[from] brn\n|upkeep\n|turn|4\n|\n|t:|1683114498\n|-end|p2b: Eris|Protosynthesis|[silent]\n|switch|p2b: Hypnos|Amoonguss, L50, M, shiny|100\/100\n|move|p1b: Palafin|Jet Punch|p2b: Hypnos\n|-resisted|p2b: Hypnos\n|-damage|p2b: Hypnos|81\/100\n|move|p1a: Flutter Mane|Shadow Ball|p2a: Aeolus\n|-damage|p2a: Aeolus|0 fnt\n|faint|p2a: Aeolus\n|\n|upkeep\n|\n|t:|1683114508\n|switch|p2a: Poseidon|Palafin-Hero, L50, M, shiny|100\/100\n|-activate|p2a: Poseidon|ability: Zero to Hero\n|turn|5\n|\n|t:|1683114519\n|switch|p1b: Arcanine|Arcanine, L50, M, tera:Water|43\/100\n|-ability|p1b: Arcanine|Intimidate|boost\n|-unboost|p2a: Poseidon|atk|1\n|-unboost|p2b: Hypnos|atk|1\n|-terastallize|p2a: Poseidon|Water\n|move|p2a: Poseidon|Jet Punch|p1a: Flutter Mane\n|-damage|p1a: Flutter Mane|28\/100\n|move|p1a: Flutter Mane|Shadow Ball|p2a: Poseidon\n|-damage|p2a: Poseidon|48\/100\n|move|p2b: Hypnos|Pollen Puff|p1b: Arcanine\n|-damage|p1b: Arcanine|24\/100\n|\n|upkeep\n|turn|6\n|\n|t:|1683114540\n|switch|p2a: Eris|Flutter Mane, L50|18\/100 brn\n|move|p1a: Flutter Mane|Protect|p1a: Flutter Mane\n|-singleturn|p1a: Flutter Mane|Protect\n|move|p1b: Arcanine|Will-O-Wisp|p2a: Eris\n|-fail|p2a: Eris|brn\n|move|p2b: Hypnos|Spore|p1b: Arcanine\n|-status|p1b: Arcanine|slp|[from] move: Spore\n|\n|-damage|p2a: Eris|12\/100 brn|[from] brn\n|upkeep\n|turn|7\n|\n|t:|1683114557\n|switch|p1b: Palafin|Palafin-Hero, L50, M|13\/100 par\n|move|p1a: Flutter Mane|Dazzling Gleam|p2a: Eris|[spread] p2a,p2b\n|-resisted|p2b: Hypnos\n|-damage|p2a: Eris|0 fnt\n|-damage|p2b: Hypnos|63\/100\n|faint|p2a: Eris\n|-end|p2a: Eris|Protosynthesis|[silent]\n|move|p2b: Hypnos|Spore|p1a: Flutter Mane\n|-status|p1a: Flutter Mane|slp|[from] move: Spore\n|\n|upkeep\n|\n|t:|1683114567\n|switch|p2a: Poseidon|Palafin-Hero, L50, M, shiny, tera:Water|48\/100\n|turn|8\n|-message|Kabello forfeited.\n|\n|win|WhatWasIC00KING\n|raw|Kabello's rating: 1278 → 1255<\/strong> (-23 for losing)\n|raw|WhatWasIC00KING's rating: 1300 → 1323<\/strong> (+23 for winning)\n|l|\u2606Kabello\n","uploadtime":1683114575,"views":11,"p1id":"kabello","p2id":"whatwasic00king","formatid":"gen9vgc2023regulationc","rating":1255,"private":0,"password":""}