{"id":"gen9vgc2023regulationc-1857491234","p1":"woochiVGC","p2":"kaizerfattah","format":"[Gen 9] VGC 2023 Regulation C","log":"|j|\u2606woochiVGC\n|j|\u2606kaizerfattah\n|t:|1683200973\n|gametype|doubles\n|player|p1|woochiVGC|iris|1347\n|player|p2|kaizerfattah|hilda-wonderlauncher|1382\n|teamsize|p1|6\n|teamsize|p2|6\n|gen|9\n|tier|[Gen 9] VGC 2023 Regulation C\n|rated|\n|rule|Species Clause: Limit one of each Pok\u00e9mon\n|rule|Item Clause: Limit one of each item\n|clearpoke\n|poke|p1|Flutter Mane, L50|\n|poke|p1|Ceruledge, L50, M|\n|poke|p1|Scream Tail, L50|\n|poke|p1|Palafin, L50, M|\n|poke|p1|Amoonguss, L50, M|\n|poke|p1|Chi-Yu, L50|\n|poke|p2|Dachsbun, L50, M|\n|poke|p2|Flutter Mane, L50|\n|poke|p2|Baxcalibur, L50, M|\n|poke|p2|Chi-Yu, L50|\n|poke|p2|Azumarill, L50, M|\n|poke|p2|Iron Hands, L50|\n|teampreview|4\n|inactive|Battle timer is ON: inactive players will automatically lose when time's up. (requested by kaizerfattah)\n|inactive|woochiVGC has 60 seconds left.\n|inactive|kaizerfattah has 60 seconds left.\n|inactive|woochiVGC has 30 seconds left.\n|inactive|woochiVGC has 20 seconds left.\n|inactive|woochiVGC has 15 seconds left.\n|inactive|woochiVGC has 10 seconds left.\n|\n|t:|1683201061\n|start\n|switch|p1a: \ub0a0\uce58\uba38|Flutter Mane, L50|100\/100\n|switch|p1b: Ceruledge|Ceruledge, L50, M|100\/100\n|switch|p2a: Hot Loaf|Dachsbun, L50, M|100\/100\n|switch|p2b: Smoked fillet|Chi-Yu, L50|100\/100\n|-ability|p2b: Smoked fillet|Beads of Ruin\n|turn|1\n|\n|t:|1683201084\n|-terastallize|p1b: Ceruledge|Grass\n|move|p2b: Smoked fillet|Snarl|p1b: Ceruledge|[spread] p1a,p1b\n|-damage|p1a: \ub0a0\uce58\uba38|68\/100\n|-damage|p1b: Ceruledge|70\/100\n|-unboost|p1a: \ub0a0\uce58\uba38|spa|1\n|-unboost|p1b: Ceruledge|spa|1\n|move|p1a: \ub0a0\uce58\uba38|Dazzling Gleam|p2a: Hot Loaf|[spread] p2a,p2b\n|-damage|p2a: Hot Loaf|72\/100\n|-damage|p2b: Smoked fillet|74\/100\n|move|p2a: Hot Loaf|Yawn|p1b: Ceruledge\n|-start|p1b: Ceruledge|move: Yawn|[of] p2a: Hot Loaf\n|move|p1b: Ceruledge|Bulk Up|p1b: Ceruledge\n|-boost|p1b: Ceruledge|atk|1\n|-boost|p1b: Ceruledge|def|1\n|\n|-heal|p2a: Hot Loaf|79\/100|[from] item: Leftovers\n|-heal|p1b: Ceruledge|76\/100|[from] item: Leftovers\n|upkeep\n|turn|2\n|inactive|kaizerfattah has 30 seconds left.\n|\n|t:|1683201110\n|switch|p1b: \ubf40\ub85d|Amoonguss, L50, M|100\/100\n|move|p2b: Smoked fillet|Snarl|p1b: \ubf40\ub85d|[spread] p1a,p1b\n|-damage|p1a: \ub0a0\uce58\uba38|33\/100\n|-damage|p1b: \ubf40\ub85d|74\/100\n|-unboost|p1a: \ub0a0\uce58\uba38|spa|1\n|-unboost|p1b: \ubf40\ub85d|spa|1\n|move|p2a: Hot Loaf|Yawn|p1a: \ub0a0\uce58\uba38\n|-start|p1a: \ub0a0\uce58\uba38|move: Yawn|[of] p2a: Hot Loaf\n|move|p1a: \ub0a0\uce58\uba38|Trick Room|p1a: \ub0a0\uce58\uba38\n|-fieldstart|move: Trick Room|[of] p1a: \ub0a0\uce58\uba38\n|\n|-heal|p2a: Hot Loaf|85\/100|[from] item: Leftovers\n|upkeep\n|turn|3\n|inactive|woochiVGC has 30 seconds left.\n|\n|t:|1683201137\n|-end|p1a: \ub0a0\uce58\uba38|Protosynthesis|[silent]\n|switch|p1a: Ceruledge|Ceruledge, L50, M, tera:Grass|76\/100\n|-terastallize|p2b: Smoked fillet|Grass\n|move|p1b: \ubf40\ub85d|Spore|p2a: Hot Loaf\n|-status|p2a: Hot Loaf|slp|[from] move: Spore\n|cant|p2a: Hot Loaf|slp\n|move|p2b: Smoked fillet|Snarl|p1b: \ubf40\ub85d|[spread] p1a,p1b\n|-damage|p1a: Ceruledge|46\/100\n|-damage|p1b: \ubf40\ub85d|45\/100\n|-unboost|p1a: Ceruledge|spa|1\n|-unboost|p1b: \ubf40\ub85d|spa|1\n|-enditem|p1b: \ubf40\ub85d|Sitrus Berry|[eat]\n|-heal|p1b: \ubf40\ub85d|70\/100|[from] item: Sitrus Berry\n|\n|-heal|p1a: Ceruledge|52\/100|[from] item: Leftovers\n|-heal|p2a: Hot Loaf|91\/100 slp|[from] item: Leftovers\n|upkeep\n|turn|4\n|inactive|woochiVGC has 30 seconds left.\n|inactive|kaizerfattah has 30 seconds left.\n|inactive|kaizerfattah has 20 seconds left.\n|\n|t:|1683201174\n|switch|p2b: Egg|Azumarill, L50, M|100\/100\n|move|p1b: \ubf40\ub85d|Pollen Puff|p1a: Ceruledge\n|-heal|p1a: Ceruledge|100\/100\n|move|p1a: Ceruledge|Bulk Up|p1a: Ceruledge\n|-boost|p1a: Ceruledge|atk|1\n|-boost|p1a: Ceruledge|def|1\n|-curestatus|p2a: Hot Loaf|slp|[msg]\n|move|p2a: Hot Loaf|Yawn|p1a: Ceruledge\n|-start|p1a: Ceruledge|move: Yawn|[of] p2a: Hot Loaf\n|\n|-heal|p2a: Hot Loaf|97\/100|[from] item: Leftovers\n|upkeep\n|turn|5\n|inactive|woochiVGC has 30 seconds left.\n|inactive|kaizerfattah has 30 seconds left.\n|\n|t:|1683201204\n|switch|p2b: Popsicle|Baxcalibur, L50, M|100\/100\n|move|p2a: Hot Loaf|Protect|p2a: Hot Loaf\n|-singleturn|p2a: Hot Loaf|Protect\n|move|p1b: \ubf40\ub85d|Spore|p2a: Hot Loaf\n|-activate|p2a: Hot Loaf|move: Protect\n|move|p1a: Ceruledge|Bulk Up|p1a: Ceruledge\n|-boost|p1a: Ceruledge|atk|1\n|-boost|p1a: Ceruledge|def|1\n|\n|-heal|p2a: Hot Loaf|100\/100|[from] item: Leftovers\n|-end|p1a: Ceruledge|move: Yawn|[silent]\n|-status|p1a: Ceruledge|slp\n|upkeep\n|turn|6\n|inactive|woochiVGC has 30 seconds left.\n|inactive|kaizerfattah has 30 seconds left.\n|inactive|woochiVGC has 20 seconds left.\n|\n|t:|1683201241\n|move|p2b: Popsicle|Protect|p2b: Popsicle\n|-singleturn|p2b: Popsicle|Protect\n|move|p1b: \ubf40\ub85d|Spore|p2a: Hot Loaf\n|-status|p2a: Hot Loaf|slp|[from] move: Spore\n|cant|p1a: Ceruledge|slp\n|cant|p2a: Hot Loaf|slp\n|\n|-fieldend|move: Trick Room\n|upkeep\n|turn|7\n|\n|t:|1683201258\n|cant|p2a: Hot Loaf|slp\n|-curestatus|p1a: Ceruledge|slp|[msg]\n|move|p1a: Ceruledge|Bitter Blade|p2b: Popsicle\n|-damage|p2b: Popsicle|9\/100\n|-ability|p2b: Popsicle|Thermal Exchange|boost\n|-boost|p2b: Popsicle|atk|1\n|move|p2b: Popsicle|Icicle Spear|p1a: Ceruledge\n|-supereffective|p1a: Ceruledge\n|-damage|p1a: Ceruledge|74\/100\n|-supereffective|p1a: Ceruledge\n|-damage|p1a: Ceruledge|44\/100\n|-supereffective|p1a: Ceruledge\n|-damage|p1a: Ceruledge|20\/100\n|-supereffective|p1a: Ceruledge\n|-damage|p1a: Ceruledge|0 fnt\n|faint|p1a: Ceruledge\n|-hitcount|p1: Ceruledge|4\n|move|p1b: \ubf40\ub85d|Spore|p2b: Popsicle\n|-status|p2b: Popsicle|slp|[from] move: Spore\n|\n|upkeep\n|\n|t:|1683201279\n|switch|p1a: \ub0a0\uce58\uba38|Flutter Mane, L50|33\/100\n|turn|8\n|\n|t:|1683201296\n|switch|p2b: Egg|Azumarill, L50, M|100\/100\n|move|p1a: \ub0a0\uce58\uba38|Dazzling Gleam|p2b: Egg|[spread] p2a,p2b\n|-crit|p2b: Egg\n|-damage|p2a: Hot Loaf|73\/100 slp\n|-damage|p2b: Egg|47\/100\n|-curestatus|p2a: Hot Loaf|slp|[msg]\n|move|p2a: Hot Loaf|Yawn|p1a: \ub0a0\uce58\uba38\n|-start|p1a: \ub0a0\uce58\uba38|move: Yawn|[of] p2a: Hot Loaf\n|move|p1b: \ubf40\ub85d|Pollen Puff|p1a: \ub0a0\uce58\uba38\n|-heal|p1a: \ub0a0\uce58\uba38|83\/100\n|\n|-heal|p2a: Hot Loaf|79\/100|[from] item: Leftovers\n|upkeep\n|turn|9\n|inactive|kaizerfattah has 30 seconds left.\n|\n|t:|1683201328\n|switch|p1b: Chi-Yu|Chi-Yu, L50|100\/100\n|-ability|p1b: Chi-Yu|Beads of Ruin\n|move|p2b: Egg|Protect|p2b: Egg\n|-singleturn|p2b: Egg|Protect\n|move|p1a: \ub0a0\uce58\uba38|Dazzling Gleam|p2a: Hot Loaf|[spread] p2a\n|-activate|p2b: Egg|move: Protect\n|-damage|p2a: Hot Loaf|42\/100\n|move|p2a: Hot Loaf|Yawn|p1b: Chi-Yu\n|-start|p1b: Chi-Yu|move: Yawn|[of] p2a: Hot Loaf\n|\n|-heal|p2a: Hot Loaf|48\/100|[from] item: Leftovers\n|-end|p1a: \ub0a0\uce58\uba38|move: Yawn|[silent]\n|-status|p1a: \ub0a0\uce58\uba38|slp\n|upkeep\n|turn|10\n|inactive|kaizerfattah has 30 seconds left.\n|inactive|kaizerfattah has 20 seconds left.\n|inactive|kaizerfattah has 15 seconds left.\n|\n|t:|1683201369\n|switch|p1b: \ubf40\ub85d|Amoonguss, L50, M|100\/100\n|move|p2a: Hot Loaf|Protect|p2a: Hot Loaf\n|-singleturn|p2a: Hot Loaf|Protect\n|move|p2b: Egg|Aqua Jet|p1b: \ubf40\ub85d\n|-resisted|p1b: \ubf40\ub85d\n|-damage|p1b: \ubf40\ub85d|90\/100\n|cant|p1a: \ub0a0\uce58\uba38|slp\n|\n|-heal|p2a: Hot Loaf|54\/100|[from] item: Leftovers\n|upkeep\n|turn|11\n|inactive|woochiVGC has 30 seconds left.\n|inactive|woochiVGC has 20 seconds left.\n|inactive|woochiVGC has 15 seconds left.\n|\n|t:|1683201414\n|move|p1b: \ubf40\ub85d|Protect|p1b: \ubf40\ub85d\n|-singleturn|p1b: \ubf40\ub85d|Protect\n|cant|p1a: \ub0a0\uce58\uba38|slp\n|move|p2a: Hot Loaf|Yawn|p1b: \ubf40\ub85d\n|-activate|p1b: \ubf40\ub85d|move: Protect\n|move|p2b: Egg|Liquidation|p1a: \ub0a0\uce58\uba38\n|-damage|p1a: \ub0a0\uce58\uba38|0 fnt\n|faint|p1a: \ub0a0\uce58\uba38\n|-end|p1a: \ub0a0\uce58\uba38|Protosynthesis|[silent]\n|\n|-heal|p2a: Hot Loaf|60\/100|[from] item: Leftovers\n|upkeep\n|\n|t:|1683201426\n|switch|p1a: Chi-Yu|Chi-Yu, L50|100\/100\n|-ability|p1a: Chi-Yu|Beads of Ruin\n|turn|12\n|\n|t:|1683201446\n|move|p2b: Egg|Protect|p2b: Egg\n|-singleturn|p2b: Egg|Protect\n|move|p1b: \ubf40\ub85d|Rage Powder|p1b: \ubf40\ub85d\n|-singleturn|p1b: \ubf40\ub85d|move: Rage Powder\n|move|p1a: Chi-Yu|Tera Blast|p2a: Hot Loaf\n|-damage|p2a: Hot Loaf|22\/100\n|move|p2a: Hot Loaf|Yawn|p1b: \ubf40\ub85d\n|-start|p1b: \ubf40\ub85d|move: Yawn|[of] p2a: Hot Loaf\n|\n|-heal|p2a: Hot Loaf|29\/100|[from] item: Leftovers\n|upkeep\n|turn|13\n|inactive|kaizerfattah has 30 seconds left.\n|\n|t:|1683201475\n|switch|p2b: Popsicle|Baxcalibur, L50, M|9\/100 slp\n|move|p2a: Hot Loaf|Protect|p2a: Hot Loaf\n|-singleturn|p2a: Hot Loaf|Protect\n|move|p1b: \ubf40\ub85d|Rage Powder|p1b: \ubf40\ub85d\n|-singleturn|p1b: \ubf40\ub85d|move: Rage Powder\n|move|p1a: Chi-Yu|Tera Blast|p2b: Popsicle\n|-damage|p2b: Popsicle|0 fnt\n|faint|p2b: Popsicle\n|\n|-heal|p2a: Hot Loaf|35\/100|[from] item: Leftovers\n|-end|p1b: \ubf40\ub85d|move: Yawn|[silent]\n|-status|p1b: \ubf40\ub85d|slp\n|upkeep\n|\n|t:|1683201490\n|switch|p2b: Egg|Azumarill, L50, M|47\/100\n|turn|14\n|\n|t:|1683201497\n|cant|p1b: \ubf40\ub85d|slp\n|move|p1a: Chi-Yu|Tera Blast|p2a: Hot Loaf\n|-damage|p2a: Hot Loaf|0 fnt\n|faint|p2a: Hot Loaf\n|move|p2b: Egg|Liquidation|p1a: Chi-Yu\n|-supereffective|p1a: Chi-Yu\n|-damage|p1a: Chi-Yu|0 fnt\n|faint|p1a: Chi-Yu\n|\n|upkeep\n|-message|woochiVGC forfeited.\n|\n|win|kaizerfattah\n|raw|woochiVGC's rating: 1347 → 1329<\/strong> (-18 for losing)\n|raw|kaizerfattah's rating: 1382 → 1400<\/strong> (+18 for winning)\n|l|\u2606woochiVGC\n","uploadtime":1683201953,"views":8,"p1id":"woochivgc","p2id":"kaizerfattah","formatid":"gen9vgc2023regulationc","rating":1329,"private":0,"password":""}