{"id":"gen9vgc2023regulationc-1854581125","p1":"red13","p2":"HeelLicks","format":"[Gen 9] VGC 2023 Regulation C","log":"|j|\u2606red13\n|j|\u2606HeelLicks\n|t:|1682830357\n|gametype|doubles\n|player|p1|red13|169|1005\n|player|p2|HeelLicks|pokemonranger|1000\n|teamsize|p1|6\n|teamsize|p2|6\n|gen|9\n|tier|[Gen 9] VGC 2023 Regulation C\n|rated|\n|rule|Species Clause: Limit one of each Pok\u00e9mon\n|rule|Item Clause: Limit one of each item\n|clearpoke\n|poke|p1|Annihilape, L50, F|\n|poke|p1|Indeedee-F, L50, F|\n|poke|p1|Pyroar, L50, M|\n|poke|p1|Pelipper, L50, M|\n|poke|p1|Golduck, L50, F|\n|poke|p1|Hatterene, L50, F|\n|poke|p2|Flutter Mane, L50|\n|poke|p2|Amoonguss, L50, F|\n|poke|p2|Arcanine, L50, M|\n|poke|p2|Palafin, L50, F|\n|poke|p2|Ting-Lu, L50|\n|poke|p2|Dragonite, L50, F|\n|teampreview|4\nHeelLicks has agreed to open team sheets.\n|inactive|Battle timer is ON: inactive players will automatically lose when time's up. (requested by HeelLicks)\n|inactive|red13 has 60 seconds left.\n|inactive|red13 has 30 seconds left.\n|\n|t:|1682830470\n|start\n|switch|p1a: Hatterene|Hatterene, L50, F|100\/100\n|switch|p1b: Golduck|Golduck, L50, F|100\/100\n|switch|p2a: Meta Slave|Flutter Mane, L50|100\/100\n|switch|p2b: AMOONGUSS?!?!?!|Amoonguss, L50, F|100\/100\n|turn|1\n|inactive|red13 has 30 seconds left.\n|inactive|HeelLicks has 30 seconds left.\n|inactive|red13 has 20 seconds left.\n|inactive|red13 has 15 seconds left.\n|inactive|red13 has 10 seconds left.\n|inactive|red13 has 5 seconds left.\n|\n|t:|1682830525\n|switch|p1b: Pyroar|Pyroar, L50, M|100\/100\n|-ability|p1b: Pyroar|Unnerve\n|move|p2b: AMOONGUSS?!?!?!|Rage Powder|p2b: AMOONGUSS?!?!?!\n|-singleturn|p2b: AMOONGUSS?!?!?!|move: Rage Powder\n|move|p2a: Meta Slave|Shadow Ball|p1a: Hatterene\n|-supereffective|p1a: Hatterene\n|-damage|p1a: Hatterene|24\/100\n|-unboost|p1a: Hatterene|spd|1\n|move|p1a: Hatterene|Mystical Fire|p2b: AMOONGUSS?!?!?!\n|-supereffective|p2b: AMOONGUSS?!?!?!\n|-damage|p2b: AMOONGUSS?!?!?!|60\/100\n|-unboost|p2b: AMOONGUSS?!?!?!|spa|1\n|\n|-heal|p2b: AMOONGUSS?!?!?!|66\/100|[from] item: Leftovers\n|upkeep\n|turn|2\n|inactive|HeelLicks has 30 seconds left.\n|inactive|red13 has 30 seconds left.\n|inactive|HeelLicks has 20 seconds left.\n|inactive|HeelLicks has 15 seconds left.\n|\n|t:|1682830568\n|switch|p1a: Golduck|Golduck, L50, F|100\/100\n|-terastallize|p1b: Pyroar|Grass\n|move|p2b: AMOONGUSS?!?!?!|Protect|p2b: AMOONGUSS?!?!?!\n|-singleturn|p2b: AMOONGUSS?!?!?!|Protect\n|move|p2a: Meta Slave|Shadow Ball|p1a: Golduck\n|-damage|p1a: Golduck|63\/100\n|move|p1b: Pyroar|Fire Spin|p2b: AMOONGUSS?!?!?!\n|-activate|p2b: AMOONGUSS?!?!?!|move: Protect\n|\n|-heal|p1a: Golduck|69\/100|[from] item: Leftovers\n|-heal|p2b: AMOONGUSS?!?!?!|72\/100|[from] item: Leftovers\n|upkeep\n|turn|3\n|inactive|HeelLicks has 30 seconds left.\n|inactive|red13 has 30 seconds left.\n|inactive|HeelLicks has 20 seconds left.\n|inactive|red13 has 20 seconds left.\n|inactive|HeelLicks has 15 seconds left.\n|inactive|red13 has 15 seconds left.\n|inactive|HeelLicks has 10 seconds left.\n|inactive|red13 has 10 seconds left.\n|\n|t:|1682830618\n|move|p2a: Meta Slave|Moonblast|p1b: Pyroar\n|-damage|p1b: Pyroar|63\/100\n|-unboost|p1b: Pyroar|spa|1\n|move|p1b: Pyroar|Fire Spin|p2b: AMOONGUSS?!?!?!\n|-supereffective|p2b: AMOONGUSS?!?!?!\n|-damage|p2b: AMOONGUSS?!?!?!|57\/100\n|-activate|p2b: AMOONGUSS?!?!?!|move: Fire Spin|[of] p1b: Pyroar\n|move|p1a: Golduck|Ice Beam|p2b: AMOONGUSS?!?!?!\n|-supereffective|p2b: AMOONGUSS?!?!?!\n|-damage|p2b: AMOONGUSS?!?!?!|21\/100\n|move|p2b: AMOONGUSS?!?!?!|Spore|p1a: Golduck\n|-status|p1a: Golduck|slp|[from] move: Spore\n|\n|-heal|p1a: Golduck|75\/100 slp|[from] item: Leftovers\n|-heal|p2b: AMOONGUSS?!?!?!|27\/100|[from] item: Leftovers\n|-damage|p2b: AMOONGUSS?!?!?!|15\/100|[from] move: Fire Spin|[partiallytrapped]\n|upkeep\n|turn|4\n|inactive|HeelLicks has 30 seconds left.\n|\n|t:|1682830652\n|move|p2b: AMOONGUSS?!?!?!|Protect|p2b: AMOONGUSS?!?!?!\n|-singleturn|p2b: AMOONGUSS?!?!?!|Protect\n|move|p2a: Meta Slave|Moonblast|p1b: Pyroar\n|-damage|p1b: Pyroar|26\/100\n|move|p1b: Pyroar|Fire Blast|p2a: Meta Slave\n|-damage|p2a: Meta Slave|78\/100\n|cant|p1a: Golduck|slp\n|\n|-heal|p1a: Golduck|81\/100 slp|[from] item: Leftovers\n|-heal|p2b: AMOONGUSS?!?!?!|20\/100|[from] item: Leftovers\n|-damage|p2b: AMOONGUSS?!?!?!|8\/100|[from] move: Fire Spin|[partiallytrapped]\n|upkeep\n|turn|5\n|inactive|red13 has 30 seconds left.\n|inactive|HeelLicks has 30 seconds left.\n|inactive|HeelLicks has 20 seconds left.\n|\n|t:|1682830690\n|switch|p1b: Hatterene|Hatterene, L50, F|24\/100\n|move|p2a: Meta Slave|Moonblast|p1a: Golduck\n|-damage|p1a: Golduck|29\/100 slp\n|cant|p1a: Golduck|slp\n|move|p2b: AMOONGUSS?!?!?!|Pollen Puff|p1b: Hatterene\n|-damage|p1b: Hatterene|9\/100\n|\n|-heal|p1a: Golduck|35\/100 slp|[from] item: Leftovers\n|-heal|p2b: AMOONGUSS?!?!?!|14\/100|[from] item: Leftovers\n|-end|p2b: AMOONGUSS?!?!?!|Fire Spin|[partiallytrapped]|[silent]\n|upkeep\n|turn|6\n|inactive|HeelLicks has 30 seconds left.\n|\n|t:|1682830724\n|switch|p2b: plastic muncher|Palafin, L50, F|100\/100\n|move|p2a: Meta Slave|Shadow Ball|p1a: Golduck\n|-damage|p1a: Golduck|0 fnt\n|faint|p1a: Golduck\n|move|p1b: Hatterene|Trick Room|p1b: Hatterene\n|-fieldstart|move: Trick Room|[of] p1b: Hatterene\n|\n|upkeep\n|\n|t:|1682830740\n|switch|p1a: Pyroar|Pyroar, L50, M, tera:Grass|26\/100\n|-ability|p1a: Pyroar|Unnerve\n|turn|7\n|inactive|HeelLicks has 30 seconds left.\n|\n|t:|1682830768\n|move|p2b: plastic muncher|Protect|p2b: plastic muncher\n|-singleturn|p2b: plastic muncher|Protect\n|move|p1b: Hatterene|Draining Kiss|p2b: plastic muncher\n|-activate|p2b: plastic muncher|move: Protect\n|move|p1a: Pyroar|Endeavor|p2b: plastic muncher\n|-activate|p2b: plastic muncher|move: Protect\n|move|p2a: Meta Slave|Trick Room|p2a: Meta Slave\n|-fieldend|move: Trick Room\n|\n|upkeep\n|turn|8\n|inactive|red13 has 30 seconds left.\n|inactive|HeelLicks has 30 seconds left.\n|\n|t:|1682830795\n|move|p2b: plastic muncher|Jet Punch|p1b: Hatterene\n|-damage|p1b: Hatterene|0 fnt\n|faint|p1b: Hatterene\n|move|p2a: Meta Slave|Moonblast|p1a: Pyroar\n|-damage|p1a: Pyroar|0 fnt\n|faint|p1a: Pyroar\n|\n|upkeep\n|-message|red13 forfeited.\n|\n|win|HeelLicks\n|raw|red13's rating: 1005 → 1000<\/strong> (-5 for losing)\n|raw|HeelLicks's rating: 1000 → 1041<\/strong> (+41 for winning)\n|l|\u2606red13\n","uploadtime":1682830811,"views":16,"p1id":"red13","p2id":"heellicks","formatid":"gen9vgc2023regulationc","rating":1000,"private":0,"password":""}