{"id":"gen9vgc2023regulationc-1856461135","p1":"tycocs","p2":"Inwaves22","format":"[Gen 9] VGC 2023 Regulation C","log":"|j|\u2606tycocs\n|j|\u2606Inwaves22\n|t:|1683063994\n|gametype|doubles\n|player|p1|tycocs|169|1194\n|player|p2|Inwaves22|falkner|1264\n|teamsize|p1|6\n|teamsize|p2|6\n|gen|9\n|tier|[Gen 9] VGC 2023 Regulation C\n|rated|\n|rule|Species Clause: Limit one of each Pok\u00e9mon\n|rule|Item Clause: Limit one of each item\n|clearpoke\n|poke|p1|Gyarados, L50, M|\n|poke|p1|Talonflame, L50, F|\n|poke|p1|Flutter Mane, L50|\n|poke|p1|Great Tusk, L50|\n|poke|p1|Indeedee-F, L50, F|\n|poke|p1|Garchomp, L50, F|\n|poke|p2|Glimmora, L50, F|\n|poke|p2|Chi-Yu, L50|\n|poke|p2|Flutter Mane, L50|\n|poke|p2|Dragonite, L50, F|\n|poke|p2|Dondozo, L50, M|\n|poke|p2|Tatsugiri, L50, M|\n|teampreview|4\n|inactive|Battle timer is ON: inactive players will automatically lose when time's up. (requested by Inwaves22)\n|\n|t:|1683064052\n|start\n|switch|p1a: Talonflame|Talonflame, L50, F|100\/100\n|switch|p1b: Garchomp|Garchomp, L50, F|100\/100\n|switch|p2a: Glimmora|Glimmora, L50, F|100\/100\n|switch|p2b: Dondozo|Dondozo, L50, M|100\/100\n|turn|1\n|inactive|tycocs has 30 seconds left.\n|inactive|Inwaves22 has 30 seconds left.\n|\n|t:|1683064083\n|-terastallize|p1b: Garchomp|Steel\n|-terastallize|p2a: Glimmora|Grass\n|move|p1a: Talonflame|Tailwind|p1a: Talonflame\n|-sidestart|p1: tycocs|move: Tailwind\n|move|p1b: Garchomp|Earthquake|p2a: Glimmora|[spread] p2a,p2b\n|-immune|p1a: Talonflame\n|-resisted|p2a: Glimmora\n|-damage|p2a: Glimmora|78\/100\n|-damage|p2b: Dondozo|75\/100\n|-activate|p2a: Glimmora|ability: Toxic Debris\n|-sidestart|p1: tycocs|move: Toxic Spikes\n|move|p2a: Glimmora|Toxic|p1b: Garchomp\n|-immune|p1b: Garchomp\n|move|p2b: Dondozo|Wave Crash|p1a: Talonflame\n|-supereffective|p1a: Talonflame\n|-enditem|p1a: Talonflame|Focus Sash\n|-damage|p1a: Talonflame|1\/100\n|-damage|p2b: Dondozo|55\/100|[from] Recoil\n|\n|upkeep\n|turn|2\n|inactive|tycocs has 30 seconds left.\n|\n|t:|1683064115\n|move|p2a: Glimmora|Spiky Shield|p2a: Glimmora\n|-singleturn|p2a: Glimmora|move: Protect\n|move|p1b: Garchomp|Dragon Claw|p2a: Glimmora\n|-activate|p2a: Glimmora|move: Protect\n|-damage|p1b: Garchomp|88\/100|[from] Spiky Shield|[of] p2a: Glimmora\n|move|p1a: Talonflame|Will-O-Wisp|p2b: Dondozo\n|-status|p2b: Dondozo|brn\n|move|p2b: Dondozo|Yawn|p1b: Garchomp\n|-start|p1b: Garchomp|move: Yawn|[of] p2b: Dondozo\n|\n|-damage|p2b: Dondozo|49\/100 brn|[from] brn\n|upkeep\n|-enditem|p2b: Dondozo|Sitrus Berry|[eat]\n|-heal|p2b: Dondozo|74\/100 brn|[from] item: Sitrus Berry\n|turn|3\n|inactive|Inwaves22 has 30 seconds left.\n|inactive|Inwaves22 has 20 seconds left.\n|inactive|Inwaves22 has 15 seconds left.\n|\n|t:|1683064156\n|switch|p1b: Gyarados|Gyarados, L50, M|100\/100\n|-ability|p1b: Gyarados|Intimidate|boost\n|-unboost|p2a: Glimmora|atk|1\n|-unboost|p2b: Dondozo|atk|1\n|move|p1a: Talonflame|Brave Bird|p2a: Glimmora\n|-supereffective|p2a: Glimmora\n|-damage|p2a: Glimmora|0 fnt\n|-activate|p2a: Glimmora|ability: Toxic Debris\n|-sidestart|p1: tycocs|move: Toxic Spikes\n|faint|p2a: Glimmora\n|-damage|p1a: Talonflame|0 fnt|[from] Recoil\n|faint|p1a: Talonflame\n|move|p2b: Dondozo|Wave Crash|p1b: Gyarados\n|-resisted|p1b: Gyarados\n|-damage|p1b: Gyarados|94\/100\n|-damage|p2b: Dondozo|72\/100 brn|[from] Recoil\n|\n|-damage|p2b: Dondozo|66\/100 brn|[from] brn\n|upkeep\n|inactive|tycocs has 30 seconds left.\n|\n|t:|1683064188\n|switch|p2a: Flutter Mane|Flutter Mane, L50|100\/100\n|switch|p1a: Flutter Mane|Flutter Mane, L50|100\/100\n|-status|p1a: Flutter Mane|tox\n|-enditem|p2a: Flutter Mane|Booster Energy\n|-activate|p2a: Flutter Mane|ability: Protosynthesis|[fromitem]\n|-start|p2a: Flutter Mane|protosynthesisspe\n|turn|4\n|\n|t:|1683064201\n|move|p1a: Flutter Mane|Moonblast|p2b: Dondozo\n|-damage|p2b: Dondozo|24\/100 brn\n|-damage|p1a: Flutter Mane|91\/100 tox|[from] item: Life Orb\n|move|p1b: Gyarados|Thunder Wave|p2a: Flutter Mane\n|-status|p2a: Flutter Mane|par\n|cant|p2a: Flutter Mane|par\n|move|p2b: Dondozo|Yawn|p1b: Gyarados\n|-start|p1b: Gyarados|move: Yawn|[of] p2b: Dondozo\n|\n|-damage|p1a: Flutter Mane|85\/100 tox|[from] psn\n|-damage|p2b: Dondozo|18\/100 brn|[from] brn\n|-sideend|p1: tycocs|move: Tailwind\n|upkeep\n|turn|5\n|\n|t:|1683064223\n|move|p1a: Flutter Mane|Protect|p1a: Flutter Mane\n|-singleturn|p1a: Flutter Mane|Protect\n|move|p2a: Flutter Mane|Protect|p2a: Flutter Mane\n|-singleturn|p2a: Flutter Mane|Protect\n|move|p2b: Dondozo|Protect|p2b: Dondozo\n|-singleturn|p2b: Dondozo|Protect\n|move|p1b: Gyarados|Waterfall|p2a: Flutter Mane\n|-activate|p2a: Flutter Mane|move: Protect\n|\n|-damage|p1a: Flutter Mane|74\/100 tox|[from] psn\n|-damage|p2b: Dondozo|11\/100 brn|[from] brn\n|-end|p1b: Gyarados|move: Yawn|[silent]\n|-status|p1b: Gyarados|slp\n|upkeep\n|turn|6\n|inactive|tycocs has 30 seconds left.\n|\n|t:|1683064254\n|move|p1a: Flutter Mane|Dazzling Gleam|p2b: Dondozo|[spread] p2a,p2b\n|-damage|p2a: Flutter Mane|60\/100 par\n|-damage|p2b: Dondozo|0 fnt\n|faint|p2b: Dondozo\n|-damage|p1a: Flutter Mane|64\/100 tox|[from] item: Life Orb\n|cant|p1b: Gyarados|slp\n|move|p2a: Flutter Mane|Hex|p1a: Flutter Mane\n|-supereffective|p1a: Flutter Mane\n|-damage|p1a: Flutter Mane|0 fnt\n|faint|p1a: Flutter Mane\n|-end|p1a: Flutter Mane|Protosynthesis|[silent]\n|\n|upkeep\n|\n|t:|1683064274\n|switch|p1a: Garchomp|Garchomp, L50, F, tera:Steel|88\/100\n|switch|p2b: Dragonite|Dragonite, L50, F|100\/100\n|turn|7\n|\n|t:|1683064288\n|move|p1a: Garchomp|Iron Head|p2a: Flutter Mane\n|-supereffective|p2a: Flutter Mane\n|-damage|p2a: Flutter Mane|0 fnt\n|faint|p2a: Flutter Mane\n|-end|p2a: Flutter Mane|Protosynthesis|[silent]\n|cant|p1b: Gyarados|slp\n|move|p2b: Dragonite|Earthquake|p1b: Gyarados|[spread] p1a\n|-immune|p1b: Gyarados\n|-supereffective|p1a: Garchomp\n|-damage|p1a: Garchomp|0 fnt\n|faint|p1a: Garchomp\n|\n|upkeep\n|turn|8\n|\n|t:|1683064302\n|cant|p1b: Gyarados|slp\n|move|p2b: Dragonite|Earthquake|p1b: Gyarados\n|-immune|p1b: Gyarados\n|\n|upkeep\n|turn|9\n|\n|t:|1683064309\n|-curestatus|p1b: Gyarados|slp|[msg]\n|move|p1b: Gyarados|Thunder Wave|p2b: Dragonite\n|-status|p2b: Dragonite|par\n|cant|p2b: Dragonite|par\n|\n|upkeep\n|turn|10\n|-message|Inwaves22 forfeited.\n|\n|win|tycocs\n|raw|tycocs's rating: 1194 → 1224<\/strong> (+30 for winning)\n|raw|Inwaves22's rating: 1264 → 1234<\/strong> (-30 for losing)\n","uploadtime":1683064323,"views":6,"p1id":"tycocs","p2id":"inwaves22","formatid":"gen9vgc2023regulationc","rating":1224,"private":0,"password":""}