{"id":"gen9vgc2023regulationc-1848071877","p1":"Rapoke9","p2":"Aigashu-15","format":"[Gen 9] VGC 2023 Regulation C","log":"|j|\u2606Rapoke9\n|j|\u2606Aigashu-15\n|t:|1682026503\n|gametype|doubles\n|player|p1|Rapoke9|1|1140\n|player|p2|Aigashu-15|265|1109\n|teamsize|p1|6\n|teamsize|p2|6\n|gen|9\n|tier|[Gen 9] VGC 2023 Regulation C\n|rated|\n|rule|Species Clause: Limit one of each Pok\u00e9mon\n|rule|Item Clause: Limit one of each item\n|clearpoke\n|poke|p1|Flutter Mane, L50|\n|poke|p1|Arcanine, L50, M|\n|poke|p1|Palafin, L50, M|\n|poke|p1|Amoonguss, L50, M|\n|poke|p1|Roaring Moon, L50|\n|poke|p1|Ting-Lu, L50|\n|poke|p2|Arboliva, L50, M|\n|poke|p2|Iron Hands, L50|\n|poke|p2|Farigiraf, L50, F|\n|poke|p2|Glimmora, L50, F|\n|poke|p2|Mimikyu, L50, F|\n|poke|p2|Slowking, L50, M|\n|teampreview|4\n|inactive|Battle timer is ON: inactive players will automatically lose when time's up. (requested by Rapoke9)\nAigashu-15 has agreed to open team sheets.\n|\n|t:|1682026538\n|start\n|switch|p1a: Roaring Moon|Roaring Moon, L50|100\/100\n|switch|p1b: Ting-Lu|Ting-Lu, L50|100\/100\n|switch|p2a: Slowking|Slowking, L50, M|100\/100\n|switch|p2b: Manoalegre|Iron Hands, L50|100\/100\n|-ability|p1b: Ting-Lu|Vessel of Ruin\n|-enditem|p1a: Roaring Moon|Booster Energy\n|-activate|p1a: Roaring Moon|ability: Protosynthesis|[fromitem]\n|-start|p1a: Roaring Moon|protosynthesisatk\n|turn|1\n|inactive|Rapoke9 has 30 seconds left.\n|inactive|Rapoke9 has 20 seconds left.\n|\n|t:|1682026573\n|switch|p1b: Arcanine|Arcanine, L50, M|100\/100\n|-ability|p1b: Arcanine|Intimidate|boost\n|-fail|p2a: Slowking|unboost|Attack|[from] ability: Oblivious|[of] p2a: Slowking\n|-unboost|p2b: Manoalegre|atk|1\n|move|p1a: Roaring Moon|Protect|p1a: Roaring Moon\n|-singleturn|p1a: Roaring Moon|Protect\n|move|p2b: Manoalegre|Fake Out|p1a: Roaring Moon\n|-activate|p1a: Roaring Moon|move: Protect\n|move|p2a: Slowking|Trick Room|p2a: Slowking\n|-fieldstart|move: Trick Room|[of] p2a: Slowking\n|\n|upkeep\n|turn|2\n|inactive|Rapoke9 has 30 seconds left.\n|\n|t:|1682026606\n|-end|p1a: Roaring Moon|Protosynthesis|[silent]\n|switch|p1a: Amoonguss|Amoonguss, L50, M, shiny|100\/100\n|move|p2a: Slowking|Chilling Water|p1b: Arcanine\n|-supereffective|p1b: Arcanine\n|-damage|p1b: Arcanine|35\/100\n|-unboost|p1b: Arcanine|atk|1\n|-damage|p2a: Slowking|91\/100|[from] item: Life Orb\n|move|p2b: Manoalegre|Play Rough|p1a: Amoonguss\n|-resisted|p1a: Amoonguss\n|-damage|p1a: Amoonguss|90\/100\n|-unboost|p1a: Amoonguss|atk|1\n|move|p1b: Arcanine|Will-O-Wisp|p2b: Manoalegre\n|-status|p2b: Manoalegre|brn\n|\n|-damage|p2b: Manoalegre|94\/100 brn|[from] brn\n|upkeep\n|turn|3\n|\n|t:|1682026626\n|move|p1b: Arcanine|Protect|p1b: Arcanine\n|-singleturn|p1b: Arcanine|Protect\n|move|p2a: Slowking|Psychic|p1a: Amoonguss\n|-supereffective|p1a: Amoonguss\n|-damage|p1a: Amoonguss|1\/100\n|-enditem|p1a: Amoonguss|Sitrus Berry|[eat]\n|-heal|p1a: Amoonguss|26\/100|[from] item: Sitrus Berry\n|-damage|p2a: Slowking|81\/100|[from] item: Life Orb\n|move|p2b: Manoalegre|Thunder Punch|p1a: Amoonguss\n|-resisted|p1a: Amoonguss\n|-crit|p1a: Amoonguss\n|-damage|p1a: Amoonguss|12\/100\n|move|p1a: Amoonguss|Spore|p2a: Slowking\n|-status|p2a: Slowking|slp|[from] move: Spore\n|\n|-damage|p2b: Manoalegre|88\/100 brn|[from] brn\n|upkeep\n|turn|4\n|inactive|Rapoke9 has 30 seconds left.\n|\n|t:|1682026659\n|switch|p1a: Ting-Lu|Ting-Lu, L50|100\/100\n|-ability|p1a: Ting-Lu|Vessel of Ruin\n|cant|p2a: Slowking|slp\n|move|p2b: Manoalegre|Drain Punch|p1a: Ting-Lu\n|-supereffective|p1a: Ting-Lu\n|-damage|p1a: Ting-Lu|83\/100\n|-heal|p2b: Manoalegre|97\/100 brn|[from] drain|[of] p1a: Ting-Lu\n|move|p1b: Arcanine|Flare Blitz|p2b: Manoalegre\n|-damage|p2b: Manoalegre|75\/100 brn\n|-damage|p1b: Arcanine|27\/100|[from] Recoil\n|\n|-damage|p2b: Manoalegre|69\/100 brn|[from] brn\n|upkeep\n|turn|5\n|inactive|Rapoke9 has 30 seconds left.\n|\n|t:|1682026686\n|move|p1b: Arcanine|Extreme Speed|p2a: Slowking\n|-damage|p2a: Slowking|66\/100 slp\n|-curestatus|p2a: Slowking|slp|[msg]\n|move|p2a: Slowking|Chilling Water|p1a: Ting-Lu\n|-supereffective|p1a: Ting-Lu\n|-damage|p1a: Ting-Lu|62\/100\n|-unboost|p1a: Ting-Lu|atk|1\n|-damage|p2a: Slowking|56\/100|[from] item: Life Orb\n|move|p2b: Manoalegre|Drain Punch|p1a: Ting-Lu\n|-supereffective|p1a: Ting-Lu\n|-crit|p1a: Ting-Lu\n|-damage|p1a: Ting-Lu|20\/100\n|-heal|p2b: Manoalegre|91\/100 brn|[from] drain|[of] p1a: Ting-Lu\n|move|p1a: Ting-Lu|Ruination|p2a: Slowking|[miss]\n|-miss|p1a: Ting-Lu|p2a: Slowking\n|\n|-damage|p2b: Manoalegre|85\/100 brn|[from] brn\n|-fieldend|move: Trick Room\n|upkeep\n|turn|6\n|inactive|Rapoke9 has 30 seconds left.\n|inactive|Aigashu-15 has 30 seconds left.\n|\n|t:|1682026716\n|move|p1b: Arcanine|Extreme Speed|p2a: Slowking\n|-damage|p2a: Slowking|40\/100\n|move|p1a: Ting-Lu|Ruination|p2a: Slowking\n|-damage|p2a: Slowking|20\/100\n|move|p2b: Manoalegre|Play Rough|p1a: Ting-Lu\n|-supereffective|p1a: Ting-Lu\n|-damage|p1a: Ting-Lu|5\/100\n|move|p2a: Slowking|Trick Room|p2a: Slowking\n|-fieldstart|move: Trick Room|[of] p2a: Slowking\n|\n|-damage|p2b: Manoalegre|79\/100 brn|[from] brn\n|upkeep\n|turn|7\n|\n|t:|1682026739\n|move|p1b: Arcanine|Extreme Speed|p2a: Slowking\n|-damage|p2a: Slowking|4\/100\n|move|p2a: Slowking|Slack Off|p2a: Slowking\n|-heal|p2a: Slowking|54\/100\n|move|p2b: Manoalegre|Drain Punch|p1a: Ting-Lu\n|-supereffective|p1a: Ting-Lu\n|-damage|p1a: Ting-Lu|0 fnt\n|-heal|p2b: Manoalegre|81\/100 brn|[from] drain|[of] p1a: Ting-Lu\n|faint|p1a: Ting-Lu\n|\n|-damage|p2b: Manoalegre|75\/100 brn|[from] brn\n|upkeep\n|\n|t:|1682026755\n|switch|p1a: Amoonguss|Amoonguss, L50, M, shiny|45\/100\n|turn|8\n|\n|t:|1682026774\n|switch|p1a: Roaring Moon|Roaring Moon, L50|100\/100\n|move|p1b: Arcanine|Protect|p1b: Arcanine\n|-singleturn|p1b: Arcanine|Protect\n|move|p2a: Slowking|Psychic|p1a: Roaring Moon\n|-immune|p1a: Roaring Moon\n|move|p2b: Manoalegre|Thunder Punch|p1a: Roaring Moon\n|-resisted|p1a: Roaring Moon\n|-damage|p1a: Roaring Moon|92\/100\n|-status|p1a: Roaring Moon|par\n|\n|-damage|p2b: Manoalegre|69\/100 brn|[from] brn\n|upkeep\n|turn|9\n|\n|t:|1682026792\n|switch|p1b: Amoonguss|Amoonguss, L50, M, shiny|79\/100\n|move|p2a: Slowking|Chilling Water|p1b: Amoonguss\n|-resisted|p1b: Amoonguss\n|-damage|p1b: Amoonguss|67\/100\n|-unboost|p1b: Amoonguss|atk|1\n|-damage|p2a: Slowking|44\/100|[from] item: Life Orb\n|move|p2b: Manoalegre|Play Rough|p1a: Roaring Moon\n|-supereffective|p1a: Roaring Moon\n|-damage|p1a: Roaring Moon|42\/100 par\n|move|p1a: Roaring Moon|Acrobatics|p2b: Manoalegre\n|-damage|p2b: Manoalegre|40\/100 brn\n|\n|-damage|p2b: Manoalegre|34\/100 brn|[from] brn\n|upkeep\n|turn|10\n|\n|t:|1682026816\n|move|p1b: Amoonguss|Protect|p1b: Amoonguss\n|-singleturn|p1b: Amoonguss|Protect\n|move|p2a: Slowking|Psychic|p1b: Amoonguss\n|-activate|p1b: Amoonguss|move: Protect\n|move|p2b: Manoalegre|Play Rough|p1a: Roaring Moon\n|-supereffective|p1a: Roaring Moon\n|-damage|p1a: Roaring Moon|0 fnt\n|faint|p1a: Roaring Moon\n|-end|p1a: Roaring Moon|Protosynthesis|[silent]\n|\n|-damage|p2b: Manoalegre|28\/100 brn|[from] brn\n|-fieldend|move: Trick Room\n|upkeep\n|\n|t:|1682026829\n|switch|p1a: Arcanine|Arcanine, L50, M|27\/100\n|-ability|p1a: Arcanine|Intimidate|boost\n|-fail|p2a: Slowking|unboost|Attack|[from] ability: Oblivious|[of] p2a: Slowking\n|-unboost|p2b: Manoalegre|atk|1\n|turn|11\n|\n|t:|1682026853\n|move|p1a: Arcanine|Protect|p1a: Arcanine\n|-singleturn|p1a: Arcanine|Protect\n|move|p1b: Amoonguss|Spore|p2a: Slowking\n|-status|p2a: Slowking|slp|[from] move: Spore\n|move|p2b: Manoalegre|Drain Punch|p1a: Arcanine\n|-activate|p1a: Arcanine|move: Protect\n|cant|p2a: Slowking|slp\n|\n|-damage|p2b: Manoalegre|22\/100 brn|[from] brn\n|upkeep\n|turn|12\n|\n|t:|1682026869\n|move|p1a: Arcanine|Flare Blitz|p2a: Slowking\n|-resisted|p2a: Slowking\n|-damage|p2a: Slowking|19\/100 slp\n|-damage|p1a: Arcanine|18\/100|[from] Recoil\n|move|p1b: Amoonguss|Pollen Puff|p1a: Arcanine\n|-heal|p1a: Arcanine|68\/100\n|move|p2b: Manoalegre|Drain Punch|p1a: Arcanine\n|-damage|p1a: Arcanine|57\/100\n|-heal|p2b: Manoalegre|27\/100 brn|[from] drain|[of] p1a: Arcanine\n|-curestatus|p2a: Slowking|slp|[msg]\n|move|p2a: Slowking|Chilling Water|p1a: Arcanine\n|-supereffective|p1a: Arcanine\n|-damage|p1a: Arcanine|0 fnt\n|faint|p1a: Arcanine\n|-damage|p2a: Slowking|9\/100|[from] item: Life Orb\n|\n|-damage|p2b: Manoalegre|21\/100 brn|[from] brn\n|upkeep\n|turn|13\n|inactive|Aigashu-15 has 30 seconds left.\n|\n|t:|1682026904\n|-end|p2b: Manoalegre|Quark Drive|[silent]\n|switch|p2b: Mimikyu|Mimikyu, L50, F|100\/100\n|switch|p2a: Majar\u00e9|Arboliva, L50, M, shiny|100\/100\n|move|p1b: Amoonguss|Spore|p2a: Majar\u00e9\n|-immune|p2a: Majar\u00e9\n|\n|upkeep\n|turn|14\n|\n|t:|1682026927\n|move|p2b: Mimikyu|Shadow Claw|p1b: Amoonguss\n|-damage|p1b: Amoonguss|42\/100\n|move|p2a: Majar\u00e9|Hyper Voice|p1b: Amoonguss\n|-damage|p1b: Amoonguss|0 fnt\n|faint|p1b: Amoonguss\n|-enditem|p2a: Majar\u00e9|Throat Spray\n|\n|win|Aigashu-15\n|raw|Rapoke9's rating: 1140 → 1113<\/strong> (-27 for losing)\n|raw|Aigashu-15's rating: 1109 → 1136<\/strong> (+27 for winning)\n","uploadtime":1682026937,"views":9,"p1id":"rapoke9","p2id":"aigashu15","formatid":"gen9vgc2023regulationc","rating":1113,"private":0,"password":""}