{"id":"gen9vgc2023regulationc-1862118608","p1":"QuaxLink","p2":"Greedent Enjoyer","format":"[Gen 9] VGC 2023 Regulation C","log":"|j|\u2606QuaxLink\n|j|\u2606Greedent Enjoyer\n|t:|1683838875\n|gametype|doubles\n|player|p1|QuaxLink|blackbelt-gen4dp|\n|player|p2|Greedent Enjoyer|artist|\n|teamsize|p1|6\n|teamsize|p2|6\n|gen|9\n|tier|[Gen 9] VGC 2023 Regulation C\n|rule|Species Clause: Limit one of each Pok\u00e9mon\n|rule|Item Clause: Limit one of each item\n|clearpoke\n|poke|p1|Flutter Mane, L50|\n|poke|p1|Grafaiai, L50, F|\n|poke|p1|Dragonite, L50, F|\n|poke|p1|Tauros-Paldea-Blaze, L50, M|\n|poke|p1|Vivillon, L50, M|\n|poke|p1|Clawitzer, L50, F|\n|poke|p2|Forretress, L50, F|\n|poke|p2|Mabosstiff, L50, M|\n|poke|p2|Iron Thorns, L50|\n|poke|p2|Iron Jugulis, L50|\n|poke|p2|Pincurchin, L50, M|\n|poke|p2|Scovillain, L50, M|\n|teampreview|4\n|j| PorygonTheBot\n|c| PorygonTheBot|I'm here now, the battle can get started!\n|c|\u2606QuaxLink|komisch dass es eben ohne umstellen funktioniert hat\n|j| xMissingName\n|\n|t:|1683838908\n|start\n|switch|p1a: Dragonite|Dragonite, L50, F|100\/100\n|switch|p1b: Vivillon|Vivillon, L50, M|100\/100\n|switch|p2a: Suneater|Scovillain, L50, M|100\/100\n|switch|p2b: Gigantomachia|Iron Thorns, L50, shiny|100\/100\n|turn|1\n|\n|t:|1683838936\n|-terastallize|p2b: Gigantomachia|Grass\n|move|p1a: Dragonite|Protect|p1a: Dragonite\n|-singleturn|p1a: Dragonite|Protect\n|move|p1b: Vivillon|Tailwind|p1b: Vivillon\n|-sidestart|p1: QuaxLink|move: Tailwind\n|move|p2b: Gigantomachia|Dragon Dance|p2b: Gigantomachia\n|-boost|p2b: Gigantomachia|atk|1\n|-boost|p2b: Gigantomachia|spe|1\n|move|p2a: Suneater|Flamethrower|p1b: Vivillon\n|-supereffective|p1b: Vivillon\n|-enditem|p1b: Vivillon|Focus Sash\n|-damage|p1b: Vivillon|1\/100\n|\n|-ability|p2a: Suneater|Moody|boost\n|-boost|p2a: Suneater|def|2\n|-unboost|p2a: Suneater|atk|1\n|upkeep\n|turn|2\n|\n|t:|1683838977\n|move|p1a: Dragonite|Extreme Speed|p2b: Gigantomachia\n|-damage|p2b: Gigantomachia|74\/100\n|move|p2a: Suneater|Rage Powder|p2a: Suneater\n|-singleturn|p2a: Suneater|move: Rage Powder\n|move|p1b: Vivillon|Pollen Puff|p2a: Suneater\n|-damage|p2a: Suneater|62\/100\n|move|p2b: Gigantomachia|Dragon Dance|p2b: Gigantomachia\n|-boost|p2b: Gigantomachia|atk|1\n|-boost|p2b: Gigantomachia|spe|1\n|\n|-heal|p2a: Suneater|68\/100|[from] item: Leftovers\n|-ability|p2a: Suneater|Moody|boost\n|-boost|p2a: Suneater|spe|2\n|-unboost|p2a: Suneater|spa|1\n|upkeep\n|turn|3\n|\n|t:|1683839006\n|-terastallize|p1a: Dragonite|Normal\n|move|p1a: Dragonite|Extreme Speed|p2b: Gigantomachia\n|-damage|p2b: Gigantomachia|31\/100\n|move|p2a: Suneater|Rage Powder|p2a: Suneater\n|-singleturn|p2a: Suneater|move: Rage Powder\n|move|p1b: Vivillon|Pollen Puff|p2a: Suneater\n|-damage|p2a: Suneater|31\/100\n|move|p2b: Gigantomachia|Rock Slide|p1b: Vivillon|[spread] p1a,p1b\n|-supereffective|p1b: Vivillon\n|-damage|p1a: Dragonite|77\/100\n|-damage|p1b: Vivillon|0 fnt\n|faint|p1b: Vivillon\n|\n|-heal|p2a: Suneater|37\/100|[from] item: Leftovers\n|-ability|p2a: Suneater|Moody|boost\n|-boost|p2a: Suneater|spd|2\n|-unboost|p2a: Suneater|def|1\n|upkeep\n|\n|t:|1683839030\n|switch|p1b: Flutter Mane|Flutter Mane, L50|100\/100\n|turn|4\n|\n|t:|1683839070\n|move|p2b: Gigantomachia|Protect|p2b: Gigantomachia\n|-singleturn|p2b: Gigantomachia|Protect\n|move|p2a: Suneater|Protect|p2a: Suneater\n|-singleturn|p2a: Suneater|Protect\n|move|p1a: Dragonite|Extreme Speed|p2b: Gigantomachia\n|-activate|p2b: Gigantomachia|move: Protect\n|move|p1b: Flutter Mane|Power Gem|p2a: Suneater\n|-activate|p2a: Suneater|move: Protect\n|\n|-heal|p2a: Suneater|44\/100|[from] item: Leftovers\n|-sideend|p1: QuaxLink|move: Tailwind\n|-ability|p2a: Suneater|Moody|boost\n|-boost|p2a: Suneater|atk|2\n|-unboost|p2a: Suneater|spa|1\n|upkeep\n|turn|5\n|\n|t:|1683839086\n|move|p2a: Suneater|Rage Powder|p2a: Suneater\n|-singleturn|p2a: Suneater|move: Rage Powder\n|move|p1a: Dragonite|Extreme Speed|p2a: Suneater\n|-damage|p2a: Suneater|0 fnt\n|faint|p2a: Suneater\n|move|p2b: Gigantomachia|Rock Slide|p1b: Flutter Mane|[spread] p1a,p1b\n|-damage|p1a: Dragonite|14\/100\n|-damage|p1b: Flutter Mane|0 fnt\n|faint|p1b: Flutter Mane\n|-end|p1b: Flutter Mane|Protosynthesis|[silent]\n|\n|upkeep\n|\n|t:|1683839107\n|switch|p1b: Clawitzer|Clawitzer, L50, F, shiny|100\/100\n|switch|p2a: Chargebolt|Pincurchin, L50, M|100\/100\n|-fieldstart|move: Electric Terrain|[from] ability: Electric Surge|[of] p2a: Chargebolt\n|-activate|p2b: Gigantomachia|ability: Quark Drive\n|-start|p2b: Gigantomachia|quarkdriveatk\n|turn|6\n|\n|t:|1683839175\n|move|p1a: Dragonite|Extreme Speed|p2b: Gigantomachia\n|-damage|p2b: Gigantomachia|0 fnt\n|faint|p2b: Gigantomachia\n|-end|p2b: Gigantomachia|Quark Drive|[silent]\n|move|p1b: Clawitzer|Muddy Water|p2a: Chargebolt|[miss]\n|-miss|p1b: Clawitzer|p2a: Chargebolt\n|move|p2a: Chargebolt|Zing Zap|p1a: Dragonite\n|-damage|p1a: Dragonite|0 fnt\n|faint|p1a: Dragonite\n|\n|upkeep\n|\n|t:|1683839182\n|switch|p2b: Tsukuyomi|Iron Jugulis, L50|100\/100\n|-activate|p2b: Tsukuyomi|ability: Quark Drive\n|-start|p2b: Tsukuyomi|quarkdrivespe\n|turn|7\n|\n|t:|1683839189\n|move|p2b: Tsukuyomi|Air Slash|p1b: Clawitzer\n|-damage|p1b: Clawitzer|75\/100\n|move|p1b: Clawitzer|Muddy Water|p2b: Tsukuyomi|[spread] p2a\n|-miss|p1b: Clawitzer|p2b: Tsukuyomi\n|-damage|p2a: Chargebolt|68\/100\n|move|p2a: Chargebolt|Zing Zap|p1b: Clawitzer\n|-supereffective|p1b: Clawitzer\n|-damage|p1b: Clawitzer|0 fnt\n|faint|p1b: Clawitzer\n|\n|win|Greedent Enjoyer\n|l| PorygonTheBot\n","uploadtime":1683839190,"views":15,"p1id":"quaxlink","p2id":"greedentenjoyer","formatid":"gen9vgc2023regulationc","rating":0,"private":0,"password":""}