{"id":"gen9vgc2023regulationc-1859101168","p1":"Foffa","p2":"TGH_sr","format":"[Gen 9] VGC 2023 Regulation C","log":"|j|\u2606Foffa\n|j|\u2606TGH_sr\n|t:|1683404549\n|gametype|doubles\n|player|p1|Foffa|giovanni|1364\n|player|p2|TGH_sr|steven|1301\n|teamsize|p1|6\n|teamsize|p2|6\n|gen|9\n|tier|[Gen 9] VGC 2023 Regulation C\n|rated|\n|rule|Species Clause: Limit one of each Pok\u00e9mon\n|rule|Item Clause: Limit one of each item\n|clearpoke\n|poke|p1|Amoonguss, L50, M|\n|poke|p1|Palafin, L50, F|\n|poke|p1|Arcanine, L50, M|\n|poke|p1|Flutter Mane, L50|\n|poke|p1|Dragonite, L50, F|\n|poke|p1|Ting-Lu, L50|\n|poke|p2|Talonflame, L50, M|\n|poke|p2|Garchomp, L50, F|\n|poke|p2|Kingambit, L50, F|\n|poke|p2|Iron Bundle, L50|\n|poke|p2|Flutter Mane, L50|\n|poke|p2|Amoonguss, L50, M|\n|teampreview|4\nTGH_sr has agreed to open team sheets.\nFoffa has agreed to open team sheets.\n|\n|t:|1683404669\n|start\n|switch|p1a: Palafin|Palafin, L50, F|100\/100\n|switch|p1b: Flutter Mane|Flutter Mane, L50|100\/100\n|switch|p2a: Talonflame|Talonflame, L50, M|100\/100\n|switch|p2b: Garchomp|Garchomp, L50, F|100\/100\n|turn|1\n|\n|t:|1683404710\n|detailschange|p1a: Palafin|Palafin-Hero, L50, F\n|switch|p1a: Arcanine|Arcanine, L50, M|100\/100\n|-ability|p1a: Arcanine|Intimidate|boost\n|-unboost|p2a: Talonflame|atk|1\n|-unboost|p2b: Garchomp|atk|1\n|-terastallize|p2b: Garchomp|Ground\n|move|p2a: Talonflame|Tailwind|p2a: Talonflame\n|-sidestart|p2: TGH_sr|move: Tailwind\n|move|p2b: Garchomp|Earthquake|p1a: Arcanine|[spread] p1a,p1b\n|-immune|p2a: Talonflame\n|-supereffective|p1a: Arcanine\n|-crit|p1b: Flutter Mane\n|-damage|p1a: Arcanine|19\/100\n|-damage|p1b: Flutter Mane|0 fnt\n|faint|p1b: Flutter Mane\n|-end|p1b: Flutter Mane|Protosynthesis|[silent]\n|-damage|p2b: Garchomp|91\/100|[from] item: Life Orb\n|\n|upkeep\n|\n|t:|1683404729\n|switch|p1b: Palafin|Palafin-Hero, L50, F|100\/100\n|-activate|p1b: Palafin|ability: Zero to Hero\n|turn|2\n|\n|t:|1683404747\n|move|p1b: Palafin|Protect|p1b: Palafin\n|-singleturn|p1b: Palafin|Protect\n|move|p1a: Arcanine|Extreme Speed|p2a: Talonflame\n|-damage|p2a: Talonflame|72\/100\n|-damage|p1a: Arcanine|3\/100|[from] item: Rocky Helmet|[of] p2a: Talonflame\n|move|p2a: Talonflame|Will-O-Wisp|p1b: Palafin\n|-activate|p1b: Palafin|move: Protect\n|move|p2b: Garchomp|Earthquake|p1b: Palafin|[spread] p1a\n|-activate|p1b: Palafin|move: Protect\n|-immune|p2a: Talonflame\n|-supereffective|p1a: Arcanine\n|-damage|p1a: Arcanine|0 fnt\n|faint|p1a: Arcanine\n|-damage|p2b: Garchomp|81\/100|[from] item: Life Orb\n|\n|upkeep\n|\n|t:|1683404755\n|switch|p1a: Ting-Lu|Ting-Lu, L50|100\/100\n|-ability|p1a: Ting-Lu|Vessel of Ruin\n|turn|3\n|\n|t:|1683404791\n|-terastallize|p1b: Palafin|Grass\n|move|p1b: Palafin|Jet Punch|p2b: Garchomp\n|-supereffective|p2b: Garchomp\n|-damage|p2b: Garchomp|7\/100\n|-damage|p1b: Palafin|88\/100|[from] ability: Rough Skin|[of] p2b: Garchomp\n|move|p2a: Talonflame|Will-O-Wisp|p1b: Palafin\n|-status|p1b: Palafin|brn\n|move|p2b: Garchomp|Earthquake|p1a: Ting-Lu|[spread] p1a,p1b\n|-immune|p2a: Talonflame\n|-resisted|p1b: Palafin\n|-damage|p1a: Ting-Lu|71\/100\n|-damage|p1b: Palafin|67\/100 brn\n|-damage|p2b: Garchomp|0 fnt|[from] item: Life Orb\n|faint|p2b: Garchomp\n|move|p1a: Ting-Lu|Rock Slide|p2a: Talonflame\n|-supereffective|p2a: Talonflame\n|-damage|p2a: Talonflame|0 fnt\n|faint|p2a: Talonflame\n|\n|-damage|p1b: Palafin|61\/100 brn|[from] brn\n|upkeep\n|\n|t:|1683404810\n|switch|p2a: Kingambit|Kingambit, L50, F|100\/100\n|switch|p2b: Flutter Mane|Flutter Mane, L50|100\/100\n|turn|4\n|\n|t:|1683404831\n|move|p1b: Palafin|Protect|p1b: Palafin\n|-singleturn|p1b: Palafin|Protect\n|move|p2b: Flutter Mane|Moonblast|p1a: Ting-Lu\n|-supereffective|p1a: Ting-Lu\n|-damage|p1a: Ting-Lu|13\/100\n|move|p2a: Kingambit|Swords Dance|p2a: Kingambit\n|-boost|p2a: Kingambit|atk|2\n|move|p1a: Ting-Lu|Heavy Slam|p2b: Flutter Mane\n|-supereffective|p2b: Flutter Mane\n|-damage|p2b: Flutter Mane|0 fnt\n|faint|p2b: Flutter Mane\n|-end|p2b: Flutter Mane|Protosynthesis|[silent]\n|\n|-damage|p1b: Palafin|55\/100 brn|[from] brn\n|-sideend|p2: TGH_sr|move: Tailwind\n|upkeep\n|turn|5\n|\n|t:|1683404859\n|move|p2a: Kingambit|Protect|p2a: Kingambit\n|-singleturn|p2a: Kingambit|Protect\n|move|p1b: Palafin|Close Combat|p2a: Kingambit\n|-activate|p2a: Kingambit|move: Protect\n|move|p1a: Ting-Lu|Earthquake|p2a: Kingambit|[spread] p1b\n|-activate|p2a: Kingambit|move: Protect\n|-resisted|p1b: Palafin\n|-damage|p1b: Palafin|37\/100 brn\n|\n|-damage|p1b: Palafin|32\/100 brn|[from] brn\n|upkeep\n|turn|6\n|\n|t:|1683404887\n|move|p1b: Palafin|Protect|p1b: Palafin\n|-singleturn|p1b: Palafin|Protect\n|move|p2a: Kingambit|Sucker Punch||[still]\n|-fail|p2a: Kingambit\n|move|p1a: Ting-Lu|Earthquake|p2a: Kingambit|[spread] p2a\n|-activate|p1b: Palafin|move: Protect\n|-supereffective|p2a: Kingambit\n|-damage|p2a: Kingambit|45\/100\n|\n|-damage|p1b: Palafin|26\/100 brn|[from] brn\n|upkeep\n|turn|7\n|\n|t:|1683404908\n|move|p2a: Kingambit|Protect|p2a: Kingambit\n|-singleturn|p2a: Kingambit|Protect\n|move|p1b: Palafin|Close Combat|p2a: Kingambit\n|-activate|p2a: Kingambit|move: Protect\n|move|p1a: Ting-Lu|Stomping Tantrum|p2a: Kingambit\n|-activate|p2a: Kingambit|move: Protect\n|\n|-damage|p1b: Palafin|20\/100 brn|[from] brn\n|upkeep\n|turn|8\n|\n|t:|1683404926\n|move|p2a: Kingambit|Sucker Punch|p1a: Ting-Lu\n|-resisted|p1a: Ting-Lu\n|-damage|p1a: Ting-Lu|0 fnt\n|faint|p1a: Ting-Lu\n|move|p1b: Palafin|Close Combat|p2a: Kingambit\n|-supereffective|p2a: Kingambit\n|-damage|p2a: Kingambit|0 fnt\n|-unboost|p1b: Palafin|def|1\n|-unboost|p1b: Palafin|spd|1\n|faint|p2a: Kingambit\n|\n|win|Foffa\n|raw|Foffa's rating: 1364 → 1380<\/strong> (+16 for winning)\n|raw|TGH_sr's rating: 1301 → 1285<\/strong> (-16 for losing)\n","uploadtime":1683404938,"views":18,"p1id":"foffa","p2id":"tghsr","formatid":"gen9vgc2023regulationc","rating":1285,"private":0,"password":""}