{"id":"gen9vgc2023regulationc-1846743126","p1":"568363j","p2":"The Penguinari","format":"[Gen 9] VGC 2023 Regulation C","log":"|j|\u2606568363j\n|j|\u2606The Penguinari\n|t:|1681872862\n|gametype|doubles\n|player|p1|568363j|1|1000\n|player|p2|The Penguinari|grimsley|1040\n|teamsize|p1|6\n|teamsize|p2|6\n|gen|9\n|tier|[Gen 9] VGC 2023 Regulation C\n|rated|\n|rule|Species Clause: Limit one of each Pok\u00e9mon\n|rule|Item Clause: Limit one of each item\n|clearpoke\n|poke|p1|Palafin, L50, M|\n|poke|p1|Dragonite, L50, F|\n|poke|p1|Iron Moth, L50|\n|poke|p1|Wo-Chien, L50|\n|poke|p1|Maushold-Four, L50|\n|poke|p1|Flutter Mane, L50|\n|poke|p2|Iron Bundle, L50|\n|poke|p2|Amoonguss, L50, F|\n|poke|p2|Chi-Yu, L50|\n|poke|p2|Gyarados, L50, M|\n|poke|p2|Dragapult, L50, M|\n|poke|p2|Chien-Pao, L50|\n|teampreview|4\nThe Penguinari has agreed to open team sheets.\n|\n|t:|1681872928\n|start\n|switch|p1a: Maushold|Maushold-Four, L50|100\/100\n|switch|p1b: Flutter Mane|Flutter Mane, L50|100\/100\n|switch|p2a: Chi-Yu|Chi-Yu, L50|100\/100\n|switch|p2b: Dragapult|Dragapult, L50, M|100\/100\n|-ability|p2a: Chi-Yu|Beads of Ruin\n|-enditem|p1b: Flutter Mane|Booster Energy\n|-activate|p1b: Flutter Mane|ability: Protosynthesis|[fromitem]\n|-start|p1b: Flutter Mane|protosynthesisspa\n|turn|1\n|\n|t:|1681872969\n|-terastallize|p2b: Dragapult|Steel\n|move|p1a: Maushold|Follow Me|p1a: Maushold\n|-singleturn|p1a: Maushold|move: Follow Me\n|move|p2b: Dragapult|Tera Blast|p1a: Maushold\n|-damage|p1a: Maushold|19\/100\n|move|p1b: Flutter Mane|Dazzling Gleam|p2b: Dragapult|[spread] p2a,p2b\n|-resisted|p2b: Dragapult\n|-damage|p2a: Chi-Yu|59\/100\n|-damage|p2b: Dragapult|59\/100\n|move|p2a: Chi-Yu|Dark Pulse|p1a: Maushold\n|-damage|p1a: Maushold|0 fnt\n|faint|p1a: Maushold\n|\n|upkeep\n|\n|t:|1681872986\n|switch|p1a: Dragonite|Dragonite, L50, F|100\/100\n|turn|2\n|\n|t:|1681873020\n|switch|p2b: Gyarados|Gyarados, L50, M|100\/100\n|-ability|p2b: Gyarados|Intimidate|boost\n|-unboost|p1a: Dragonite|atk|1\n|-unboost|p1b: Flutter Mane|atk|1\n|move|p1b: Flutter Mane|Protect|p1b: Flutter Mane\n|-singleturn|p1b: Flutter Mane|Protect\n|move|p2a: Chi-Yu|Protect|p2a: Chi-Yu\n|-singleturn|p2a: Chi-Yu|Protect\n|move|p1a: Dragonite|Dragon Claw|p2a: Chi-Yu\n|-activate|p2a: Chi-Yu|move: Protect\n|\n|upkeep\n|turn|3\n|inactive|Battle timer is ON: inactive players will automatically lose when time's up. (requested by The Penguinari)\n|\n|t:|1681873087\n|move|p1b: Flutter Mane|Thunderbolt|p2b: Gyarados\n|-supereffective|p2b: Gyarados\n|-damage|p2b: Gyarados|0 fnt\n|faint|p2b: Gyarados\n|move|p2a: Chi-Yu|Heat Wave|p1a: Dragonite|[spread] p1a,p1b\n|-resisted|p1a: Dragonite\n|-crit|p1b: Flutter Mane\n|-damage|p1a: Dragonite|93\/100\n|-damage|p1b: Flutter Mane|17\/100\n|move|p1a: Dragonite|Ice Spinner|p2a: Chi-Yu\n|-resisted|p2a: Chi-Yu\n|-damage|p2a: Chi-Yu|48\/100\n|\n|upkeep\n|\n|t:|1681873105\n|switch|p2b: Iron Bundle|Iron Bundle, L50|100\/100\n|-enditem|p2b: Iron Bundle|Booster Energy\n|-activate|p2b: Iron Bundle|ability: Quark Drive|[fromitem]\n|-start|p2b: Iron Bundle|quarkdrivespe\n|turn|4\n|\n|t:|1681873129\n|-terastallize|p1a: Dragonite|Normal\n|move|p2b: Iron Bundle|Protect|p2b: Iron Bundle\n|-singleturn|p2b: Iron Bundle|Protect\n|move|p1b: Flutter Mane|Protect|p1b: Flutter Mane\n|-singleturn|p1b: Flutter Mane|Protect\n|move|p1a: Dragonite|Extreme Speed|p2b: Iron Bundle\n|-activate|p2b: Iron Bundle|move: Protect\n|move|p2a: Chi-Yu|Dark Pulse|p1b: Flutter Mane\n|-activate|p1b: Flutter Mane|move: Protect\n|\n|upkeep\n|turn|5\n|\n|t:|1681873154\n|-end|p1b: Flutter Mane|Protosynthesis|[silent]\n|switch|p1b: Wo-Chien|Wo-Chien, L50|100\/100\n|-ability|p1b: Wo-Chien|Tablets of Ruin\n|move|p1a: Dragonite|Extreme Speed|p2a: Chi-Yu\n|-damage|p2a: Chi-Yu|18\/100\n|move|p2b: Iron Bundle|Freeze-Dry|p1a: Dragonite\n|-damage|p1a: Dragonite|66\/100\n|-status|p1a: Dragonite|frz\n|move|p2a: Chi-Yu|Dark Pulse|p1b: Wo-Chien\n|-resisted|p1b: Wo-Chien\n|-damage|p1b: Wo-Chien|81\/100\n|\n|upkeep\n|turn|6\n|inactive|The Penguinari has 30 seconds left.\n|\n|t:|1681873182\n|cant|p1a: Dragonite|frz\n|move|p2b: Iron Bundle|Freeze-Dry|p1b: Wo-Chien\n|-supereffective|p1b: Wo-Chien\n|-damage|p1b: Wo-Chien|21\/100\n|move|p2a: Chi-Yu|Heat Wave|p1a: Dragonite|[spread] p1a,p1b\n|-supereffective|p1b: Wo-Chien\n|-damage|p1a: Dragonite|35\/100 frz\n|-damage|p1b: Wo-Chien|0 fnt\n|-curestatus|p1a: Dragonite|frz|[msg]\n|faint|p1b: Wo-Chien\n|\n|upkeep\n|\n|t:|1681873194\n|switch|p1b: Flutter Mane|Flutter Mane, L50|17\/100\n|turn|7\n|\n|t:|1681873217\n|move|p2b: Iron Bundle|Protect|p2b: Iron Bundle\n|-singleturn|p2b: Iron Bundle|Protect\n|move|p1b: Flutter Mane|Protect|p1b: Flutter Mane\n|-singleturn|p1b: Flutter Mane|Protect\n|move|p1a: Dragonite|Extreme Speed|p2a: Chi-Yu\n|-damage|p2a: Chi-Yu|0 fnt\n|faint|p2a: Chi-Yu\n|\n|upkeep\n|\n|t:|1681873225\n|switch|p2a: Dragapult|Dragapult, L50, M, tera:Steel|59\/100\n|turn|8\n|inactive|568363j has 30 seconds left.\n|inactive|The Penguinari has 30 seconds left.\n|inactive|568363j has 20 seconds left.\n|inactive|568363j has 15 seconds left.\n|inactive|568363j has 10 seconds left.\n|inactive|568363j has 5 seconds left.\n|\n|t:|1681873280\n|move|p1a: Dragonite|Extreme Speed|p2a: Dragapult\n|-resisted|p2a: Dragapult\n|-damage|p2a: Dragapult|38\/100\n|move|p2b: Iron Bundle|Freeze-Dry|p1b: Flutter Mane\n|-damage|p1b: Flutter Mane|0 fnt\n|faint|p1b: Flutter Mane\n|-end|p1b: Flutter Mane|Protosynthesis|[silent]\n|move|p2a: Dragapult|Dragon Darts|p1a: Dragonite\n|-damage|p1a: Dragonite|0 fnt\n|faint|p1a: Dragonite\n|\n|win|The Penguinari\n|raw|568363j's rating: 1000 → 1000<\/strong> (+0 for losing)\n|raw|The Penguinari's rating: 1040 → 1070<\/strong> (+30 for winning)\n|c|\u2606The Penguinari|gg\n","uploadtime":1681873305,"views":17,"p1id":"568363j","p2id":"thepenguinari","formatid":"gen9vgc2023regulationc","rating":1000,"private":0,"password":""}