{"id":"gen9vgc2023regulationc-1847020558","p1":"jf168","p2":"SiderisVGC","format":"[Gen 9] VGC 2023 Regulation C","log":"|j|\u2606jf168\n|j|\u2606SiderisVGC\n|t:|1681912343\n|gametype|doubles\n|player|p1|jf168|workerice|1330\n|player|p2|SiderisVGC|101|1268\n|teamsize|p1|6\n|teamsize|p2|6\n|gen|9\n|tier|[Gen 9] VGC 2023 Regulation C\n|rated|\n|rule|Species Clause: Limit one of each Pok\u00e9mon\n|rule|Item Clause: Limit one of each item\n|clearpoke\n|poke|p1|Corviknight, L50, M|\n|poke|p1|Garchomp, L50, M|\n|poke|p1|Brute Bonnet, L50|\n|poke|p1|Gyarados, L50, F|\n|poke|p1|Iron Thorns, L50|\n|poke|p1|Talonflame, L50, M|\n|poke|p2|Flutter Mane, L50|\n|poke|p2|Glimmora, L50, M|\n|poke|p2|Chi-Yu, L50|\n|poke|p2|Dachsbun, L50, F|\n|poke|p2|Dragonite, L50, F|\n|poke|p2|Chien-Pao, L50|\n|teampreview|4\n|inactive|Battle timer is ON: inactive players will automatically lose when time's up. (requested by jf168)\n|inactive|jf168 has 60 seconds left.\n|\n|t:|1681912378\n|start\n|switch|p1a: Talonflame|Talonflame, L50, M|100\/100\n|switch|p1b: Garchomp|Garchomp, L50, M|100\/100\n|switch|p2a: Chi-Yu|Chi-Yu, L50|100\/100\n|switch|p2b: Dachsbun|Dachsbun, L50, F|100\/100\n|-ability|p2a: Chi-Yu|Beads of Ruin\n|turn|1\n|\n|t:|1681912394\n|switch|p2a: Dragonite|Dragonite, L50, F|100\/100\n|move|p1a: Talonflame|Tailwind|p1a: Talonflame\n|-sidestart|p1: jf168|move: Tailwind\n|move|p1b: Garchomp|Earthquake|p2b: Dachsbun|[spread] p2b\n|-immune|p1a: Talonflame\n|-immune|p2a: Dragonite\n|-damage|p2b: Dachsbun|65\/100\n|move|p2b: Dachsbun|Yawn|p1b: Garchomp\n|-start|p1b: Garchomp|move: Yawn|[of] p2b: Dachsbun\n|\n|-heal|p2b: Dachsbun|71\/100|[from] item: Leftovers\n|upkeep\n|turn|2\n|\n|t:|1681912418\n|-terastallize|p2a: Dragonite|Flying\n|move|p1a: Talonflame|Will-O-Wisp|p2a: Dragonite|[miss]\n|-miss|p1a: Talonflame|p2a: Dragonite\n|move|p1b: Garchomp|Earthquake|p2a: Dragonite|[spread] p2b\n|-immune|p1a: Talonflame\n|-immune|p2a: Dragonite\n|-damage|p2b: Dachsbun|31\/100\n|move|p2b: Dachsbun|Wish|p2b: Dachsbun\n|move|p2a: Dragonite|Tera Blast|p1a: Talonflame\n|-damage|p1a: Talonflame|0 fnt\n|faint|p1a: Talonflame\n|\n|-heal|p2b: Dachsbun|37\/100|[from] item: Leftovers\n|-end|p1b: Garchomp|move: Yawn|[silent]\n|-status|p1b: Garchomp|slp\n|upkeep\n|\n|t:|1681912423\n|switch|p1a: Iron Thorns|Iron Thorns, L50|100\/100\n|turn|3\n|\n|t:|1681912447\n|switch|p1b: Corviknight|Corviknight, L50, M|100\/100\n|switch|p2a: Chi-Yu|Chi-Yu, L50|100\/100\n|-ability|p2a: Chi-Yu|Beads of Ruin\n|move|p2b: Dachsbun|Protect|p2b: Dachsbun\n|-singleturn|p2b: Dachsbun|Protect\n|move|p1a: Iron Thorns|Rock Slide|p2b: Dachsbun|[spread] \n|-activate|p2b: Dachsbun|move: Protect\n|-miss|p1a: Iron Thorns|p2a: Chi-Yu\n|\n|-heal|p2b: Dachsbun|87\/100|[from] move: Wish|[wisher] Dachsbun\n|-heal|p2b: Dachsbun|93\/100|[from] item: Leftovers\n|upkeep\n|turn|4\n|\n|t:|1681912466\n|move|p2a: Chi-Yu|Lava Plume|p1b: Corviknight|[spread] p1a,p1b\n|-ability|p2b: Dachsbun|Well-Baked Body|boost\n|-boost|p2b: Dachsbun|def|2\n|-resisted|p1a: Iron Thorns\n|-supereffective|p1b: Corviknight\n|-damage|p1a: Iron Thorns|85\/100\n|-damage|p1b: Corviknight|3\/100\n|move|p1a: Iron Thorns|Rock Slide|p2a: Chi-Yu|[spread] p2a,p2b\n|-supereffective|p2a: Chi-Yu\n|-damage|p2a: Chi-Yu|0 fnt\n|-damage|p2b: Dachsbun|79\/100\n|faint|p2a: Chi-Yu\n|move|p1b: Corviknight|Iron Head|p2b: Dachsbun\n|-supereffective|p2b: Dachsbun\n|-damage|p2b: Dachsbun|31\/100\n|cant|p2b: Dachsbun|flinch\n|\n|-heal|p2b: Dachsbun|37\/100|[from] item: Leftovers\n|-sideend|p1: jf168|move: Tailwind\n|upkeep\n|\n|t:|1681912482\n|switch|p2a: Dragonite|Dragonite, L50, F, tera:Flying|100\/100\n|turn|5\n|\n|t:|1681912491\n|move|p2a: Dragonite|Extreme Speed|p1b: Corviknight\n|-resisted|p1b: Corviknight\n|-damage|p1b: Corviknight|0 fnt\n|faint|p1b: Corviknight\n|move|p2b: Dachsbun|Body Press|p1a: Iron Thorns\n|-supereffective|p1a: Iron Thorns\n|-damage|p1a: Iron Thorns|13\/100\n|move|p1a: Iron Thorns|Rock Slide|p2b: Dachsbun|[spread] p2a,p2b\n|-supereffective|p2a: Dragonite\n|-damage|p2a: Dragonite|30\/100\n|-damage|p2b: Dachsbun|22\/100\n|\n|-heal|p2b: Dachsbun|28\/100|[from] item: Leftovers\n|upkeep\n|\n|t:|1681912493\n|switch|p1b: Garchomp|Garchomp, L50, M|100\/100 slp\n|turn|6\n|\n|t:|1681912510\n|move|p2a: Dragonite|Extreme Speed|p1a: Iron Thorns\n|-resisted|p1a: Iron Thorns\n|-damage|p1a: Iron Thorns|0 fnt\n|faint|p1a: Iron Thorns\n|-end|p1a: Iron Thorns|Quark Drive|[silent]\n|cant|p1b: Garchomp|slp\n|move|p2b: Dachsbun|Wish|p2b: Dachsbun\n|\n|-heal|p2b: Dachsbun|34\/100|[from] item: Leftovers\n|upkeep\n|turn|7\n|\n|t:|1681912522\n|move|p2b: Dachsbun|Protect|p2b: Dachsbun\n|-singleturn|p2b: Dachsbun|Protect\n|move|p2a: Dragonite|Extreme Speed|p1b: Garchomp\n|-damage|p1b: Garchomp|54\/100 slp\n|-damage|p2a: Dragonite|18\/100|[from] ability: Rough Skin|[of] p1b: Garchomp\n|-curestatus|p1b: Garchomp|slp|[msg]\n|move|p1b: Garchomp|Rock Slide|p2b: Dachsbun|[spread] p2a\n|-activate|p2b: Dachsbun|move: Protect\n|-supereffective|p2a: Dragonite\n|-damage|p2a: Dragonite|0 fnt\n|faint|p2a: Dragonite\n|\n|-heal|p2b: Dachsbun|84\/100|[from] move: Wish|[wisher] Dachsbun\n|-heal|p2b: Dachsbun|90\/100|[from] item: Leftovers\n|upkeep\n|\n|t:|1681912536\n|switch|p2a: Chien-Pao|Chien-Pao, L50|100\/100\n|-ability|p2a: Chien-Pao|Sword of Ruin\n|turn|8\n|\n|t:|1681912542\n|-terastallize|p1b: Garchomp|Fire\n|move|p2a: Chien-Pao|Ice Spinner|p1b: Garchomp\n|-resisted|p1b: Garchomp\n|-damage|p1b: Garchomp|26\/100\n|-damage|p2a: Chien-Pao|88\/100|[from] ability: Rough Skin|[of] p1b: Garchomp\n|move|p1b: Garchomp|Rock Slide|p2b: Dachsbun|[spread] p2a,p2b\n|-supereffective|p2a: Chien-Pao\n|-damage|p2a: Chien-Pao|36\/100\n|-damage|p2b: Dachsbun|79\/100\n|cant|p2b: Dachsbun|flinch\n|\n|-heal|p2b: Dachsbun|85\/100|[from] item: Leftovers\n|upkeep\n|turn|9\n|\n|t:|1681912556\n|move|p2a: Chien-Pao|Sucker Punch|p1b: Garchomp\n|-damage|p1b: Garchomp|0 fnt\n|-damage|p2a: Chien-Pao|24\/100|[from] ability: Rough Skin|[of] p1b: Garchomp\n|faint|p1b: Garchomp\n|\n|win|SiderisVGC\n|raw|jf168's rating: 1330 → 1306<\/strong> (-24 for losing)\n|raw|SiderisVGC's rating: 1268 → 1297<\/strong> (+29 for winning)\n|l|\u2606jf168\n","uploadtime":1681914785,"views":9,"p1id":"jf168","p2id":"siderisvgc","formatid":"gen9vgc2023regulationc","rating":1297,"private":0,"password":""}