{"id":"gen9vgc2023regulationc-1860701602","p1":"joshissacksay","p2":"TortuguitaconQueso","format":"[Gen 9] VGC 2023 Regulation C","log":"|j|\u2606joshissacksay\n|j|\u2606TortuguitaconQueso\n|t:|1683667816\n|gametype|doubles\n|player|p1|joshissacksay|266|1074\n|player|p2|TortuguitaconQueso|valerie|1181\n|teamsize|p1|6\n|teamsize|p2|6\n|gen|9\n|tier|[Gen 9] VGC 2023 Regulation C\n|rated|\n|rule|Species Clause: Limit one of each Pok\u00e9mon\n|rule|Item Clause: Limit one of each item\n|clearpoke\n|poke|p1|Roaring Moon, L50|\n|poke|p1|Palafin, L50, F|\n|poke|p1|Kingambit, L50, F|\n|poke|p1|Amoonguss, L50, M|\n|poke|p1|Flutter Mane, L50|\n|poke|p1|Arcanine, L50, M|\n|poke|p2|Flutter Mane, L50|\n|poke|p2|Amoonguss, L50, F|\n|poke|p2|Gyarados, L50, F|\n|poke|p2|Chi-Yu, L50|\n|poke|p2|Ting-Lu, L50|\n|poke|p2|Baxcalibur, L50, F|\n|teampreview|4\n|inactive|Battle timer is ON: inactive players will automatically lose when time's up. (requested by TortuguitaconQueso)\n|inactive|TortuguitaconQueso has 60 seconds left.\n|\n|t:|1683667864\n|start\n|switch|p1a: Palafin|Palafin, L50, F|100\/100\n|switch|p1b: Amoonguss|Amoonguss, L50, M|100\/100\n|switch|p2a: Ting-Lu|Ting-Lu, L50|100\/100\n|switch|p2b: Amoonguss|Amoonguss, L50, F, shiny|100\/100\n|-ability|p2a: Ting-Lu|Vessel of Ruin\n|turn|1\n|inactive|TortuguitaconQueso has 30 seconds left.\n|\n|t:|1683667897\n|switch|p2b: Bianca|Gyarados, L50, F, shiny|100\/100\n|-ability|p2b: Bianca|Intimidate|boost\n|-fail|p1a: Palafin|unboost|[from] item: Clear Amulet|[of] p1a: Palafin\n|-unboost|p1b: Amoonguss|atk|1\n|-terastallize|p2a: Ting-Lu|Grass\n|move|p1a: Palafin|Protect|p1a: Palafin\n|-singleturn|p1a: Palafin|Protect\n|move|p2a: Ting-Lu|Ruination|p1a: Palafin\n|-activate|p1a: Palafin|move: Protect\n|move|p1b: Amoonguss|Spore|p2a: Ting-Lu\n|-immune|p2a: Ting-Lu\n|\n|upkeep\n|turn|2\n|\n|t:|1683667916\n|detailschange|p1a: Palafin|Palafin-Hero, L50, F\n|switch|p1a: Arcanine|Arcanine, L50, M|100\/100\n|-ability|p1a: Arcanine|Intimidate|boost\n|-unboost|p2a: Ting-Lu|atk|1\n|-unboost|p2b: Bianca|atk|1\n|move|p2b: Bianca|Taunt|p1b: Amoonguss\n|-start|p1b: Amoonguss|move: Taunt\n|move|p2a: Ting-Lu|Ruination|p1a: Arcanine\n|-damage|p1a: Arcanine|51\/100\n|cant|p1b: Amoonguss|move: Taunt|Spore\n|\n|upkeep\n|turn|3\n|inactive|joshissacksay has 30 seconds left.\n|inactive|joshissacksay has 20 seconds left.\n|inactive|joshissacksay has 15 seconds left.\n|inactive|joshissacksay has 10 seconds left.\n|inactive|joshissacksay has 5 seconds left.\n|\n|t:|1683667971\n|move|p1a: Arcanine|Flare Blitz|p2b: Bianca\n|-resisted|p2b: Bianca\n|-damage|p2b: Bianca|80\/100\n|-damage|p1a: Arcanine|44\/100|[from] Recoil\n|move|p2b: Bianca|Waterfall|p1a: Arcanine\n|-supereffective|p1a: Arcanine\n|-damage|p1a: Arcanine|0 fnt\n|faint|p1a: Arcanine\n|move|p2a: Ting-Lu|Stomping Tantrum|p1b: Amoonguss\n|-damage|p1b: Amoonguss|85\/100\n|move|p1b: Amoonguss|Pollen Puff|p2b: Bianca\n|-resisted|p2b: Bianca\n|-damage|p2b: Bianca|75\/100\n|\n|upkeep\n|\n|t:|1683667984\n|switch|p1a: Palafin|Palafin-Hero, L50, F|100\/100\n|-activate|p1a: Palafin|ability: Zero to Hero\n|turn|4\n|\n|t:|1683667995\n|switch|p2b: Amoonguss|Amoonguss, L50, F, shiny|100\/100\n|-terastallize|p1a: Palafin|Water\n|move|p1a: Palafin|Wave Crash|p2b: Amoonguss\n|-resisted|p2b: Amoonguss\n|-damage|p2b: Amoonguss|55\/100\n|-damage|p1a: Palafin|84\/100|[from] Recoil\n|move|p2a: Ting-Lu|Ruination|p1a: Palafin\n|-damage|p1a: Palafin|42\/100\n|move|p1b: Amoonguss|Pollen Puff|p1a: Palafin\n|-heal|p1a: Palafin|92\/100\n|\n|-end|p1b: Amoonguss|move: Taunt\n|upkeep\n|turn|5\n|inactive|TortuguitaconQueso has 30 seconds left.\n|\n|t:|1683668020\n|move|p1b: Amoonguss|Rage Powder|p1b: Amoonguss\n|-singleturn|p1b: Amoonguss|move: Rage Powder\n|move|p1a: Palafin|Wave Crash|p2b: Amoonguss\n|-resisted|p2b: Amoonguss\n|-damage|p2b: Amoonguss|15\/100\n|-enditem|p2b: Amoonguss|Sitrus Berry|[eat]\n|-heal|p2b: Amoonguss|40\/100|[from] item: Sitrus Berry\n|-damage|p1a: Palafin|77\/100|[from] Recoil\n|move|p2a: Ting-Lu|Ruination|p1b: Amoonguss\n|-damage|p1b: Amoonguss|43\/100\n|-enditem|p1b: Amoonguss|Sitrus Berry|[eat]\n|-heal|p1b: Amoonguss|68\/100|[from] item: Sitrus Berry\n|move|p2b: Amoonguss|Spore|p1a: Palafin\n|-status|p1a: Palafin|slp|[from] move: Spore\n|\n|upkeep\n|turn|6\n|inactive|joshissacksay has 30 seconds left.\n|inactive|TortuguitaconQueso has 30 seconds left.\n|inactive|joshissacksay has 20 seconds left.\n|\n|t:|1683668056\n|switch|p2b: Bianca|Gyarados, L50, F, shiny|75\/100\n|-ability|p2b: Bianca|Intimidate|boost\n|-fail|p1a: Palafin|unboost|[from] item: Clear Amulet|[of] p1a: Palafin\n|-unboost|p1b: Amoonguss|atk|1\n|cant|p1a: Palafin|slp\n|move|p2a: Ting-Lu|Stomping Tantrum|p1b: Amoonguss\n|-damage|p1b: Amoonguss|50\/100\n|move|p1b: Amoonguss|Pollen Puff|p1a: Palafin\n|-heal|p1a: Palafin|100\/100 slp\n|\n|upkeep\n|turn|7\n|\n|t:|1683668076\n|-curestatus|p1a: Palafin|slp|[msg]\n|move|p1a: Palafin|Wave Crash|p2b: Bianca\n|-resisted|p2b: Bianca\n|-damage|p2b: Bianca|27\/100\n|-damage|p1a: Palafin|84\/100|[from] Recoil\n|move|p2b: Bianca|Taunt|p1b: Amoonguss\n|-start|p1b: Amoonguss|move: Taunt\n|move|p2a: Ting-Lu|Stomping Tantrum|p1b: Amoonguss\n|-damage|p1b: Amoonguss|33\/100\n|cant|p1b: Amoonguss|move: Taunt|Spore\n|\n|upkeep\n|turn|8\n|\n|t:|1683668096\n|switch|p1b: Flutter Mane|Flutter Mane, L50|100\/100\n|-enditem|p1b: Flutter Mane|Booster Energy\n|-activate|p1b: Flutter Mane|ability: Protosynthesis|[fromitem]\n|-start|p1b: Flutter Mane|protosynthesisspe\n|move|p2b: Bianca|Protect|p2b: Bianca\n|-singleturn|p2b: Bianca|Protect\n|move|p1a: Palafin|Wave Crash|p2b: Bianca\n|-activate|p2b: Bianca|move: Protect\n|move|p2a: Ting-Lu|Stomping Tantrum|p1b: Flutter Mane\n|-damage|p1b: Flutter Mane|57\/100\n|\n|upkeep\n|turn|9\n|inactive|TortuguitaconQueso has 30 seconds left.\n|\n|t:|1683668124\n|switch|p2b: Amoonguss|Amoonguss, L50, F, shiny|73\/100\n|move|p1b: Flutter Mane|Dazzling Gleam|p2b: Amoonguss|[spread] p2a,p2b\n|-resisted|p2b: Amoonguss\n|-damage|p2a: Ting-Lu|88\/100\n|-damage|p2b: Amoonguss|64\/100\n|move|p1a: Palafin|Wave Crash|p2a: Ting-Lu\n|-resisted|p2a: Ting-Lu\n|-damage|p2a: Ting-Lu|58\/100\n|-damage|p1a: Palafin|72\/100|[from] Recoil\n|move|p2a: Ting-Lu|Heavy Slam|p1b: Flutter Mane\n|-supereffective|p1b: Flutter Mane\n|-damage|p1b: Flutter Mane|0 fnt\n|faint|p1b: Flutter Mane\n|-end|p1b: Flutter Mane|Protosynthesis|[silent]\n|\n|upkeep\n|\n|t:|1683668142\n|switch|p1b: Amoonguss|Amoonguss, L50, M|66\/100\n|turn|10\n|\n|t:|1683668153\n|move|p1a: Palafin|Wave Crash|p2a: Ting-Lu\n|-resisted|p2a: Ting-Lu\n|-damage|p2a: Ting-Lu|28\/100\n|-damage|p1a: Palafin|60\/100|[from] Recoil\n|move|p2a: Ting-Lu|Stomping Tantrum|p1b: Amoonguss\n|-damage|p1b: Amoonguss|48\/100\n|move|p2b: Amoonguss|Spore|p1a: Palafin\n|-status|p1a: Palafin|slp|[from] move: Spore\n|move|p1b: Amoonguss|Pollen Puff|p1a: Palafin\n|-heal|p1a: Palafin|100\/100 slp\n|\n|upkeep\n|turn|11\n|inactive|joshissacksay has 30 seconds left.\n|\n|t:|1683668181\n|cant|p1a: Palafin|slp\n|move|p2a: Ting-Lu|Stomping Tantrum|p1b: Amoonguss\n|-damage|p1b: Amoonguss|32\/100\n|move|p2b: Amoonguss|Pollen Puff|p2a: Ting-Lu\n|-heal|p2a: Ting-Lu|77\/100\n|move|p1b: Amoonguss|Pollen Puff|p2a: Ting-Lu\n|-supereffective|p2a: Ting-Lu\n|-damage|p2a: Ting-Lu|62\/100\n|\n|upkeep\n|turn|12\n|\n|t:|1683668196\n|cant|p1a: Palafin|slp\n|move|p2a: Ting-Lu|Stomping Tantrum|p1b: Amoonguss\n|-damage|p1b: Amoonguss|15\/100\n|move|p2b: Amoonguss|Pollen Puff|p1b: Amoonguss\n|-damage|p1b: Amoonguss|5\/100\n|move|p1b: Amoonguss|Pollen Puff|p2a: Ting-Lu\n|-supereffective|p2a: Ting-Lu\n|-damage|p2a: Ting-Lu|48\/100\n|\n|upkeep\n|turn|13\n|\n|t:|1683668214\n|-curestatus|p1a: Palafin|slp|[msg]\n|move|p1a: Palafin|Wave Crash|p2a: Ting-Lu\n|-resisted|p2a: Ting-Lu\n|-damage|p2a: Ting-Lu|18\/100\n|-damage|p1a: Palafin|88\/100|[from] Recoil\n|move|p2a: Ting-Lu|Stomping Tantrum|p1b: Amoonguss\n|-damage|p1b: Amoonguss|0 fnt\n|faint|p1b: Amoonguss\n|move|p2b: Amoonguss|Spore|p1a: Palafin\n|-status|p1a: Palafin|slp|[from] move: Spore\n|\n|upkeep\n|turn|14\n|-message|joshissacksay forfeited.\n|\n|win|TortuguitaconQueso\n|raw|joshissacksay's rating: 1074 → 1059<\/strong> (-15 for losing)\n|raw|TortuguitaconQueso's rating: 1181 → 1199<\/strong> (+18 for winning)\n|l|\u2606joshissacksay\n|c|\u2606TortuguitaconQueso|Gg\n","uploadtime":1683668236,"views":14,"p1id":"joshissacksay","p2id":"tortuguitaconqueso","formatid":"gen9vgc2023regulationc","rating":1059,"private":0,"password":""}