{"id":"gen9vgc2023regulationc-1863322891","p1":"Null6","p2":"TwigRL","format":"[Gen 9] VGC 2023 Regulation C","log":"|j|\u2606Null6\n|j|\u2606TwigRL\n|t:|1684002432\n|gametype|doubles\n|player|p1|Null6|winona|1262\n|player|p2|TwigRL|101|1278\n|teamsize|p1|6\n|teamsize|p2|6\n|gen|9\n|tier|[Gen 9] VGC 2023 Regulation C\n|rated|\n|rule|Species Clause: Limit one of each Pok\u00e9mon\n|rule|Item Clause: Limit one of each item\n|clearpoke\n|poke|p1|Abomasnow, L50, M|\n|poke|p1|Iron Bundle, L50|\n|poke|p1|Chi-Yu, L50|\n|poke|p1|Flutter Mane, L50|\n|poke|p1|Corviknight, L50, M|\n|poke|p1|Garchomp, L50, M|\n|poke|p2|Dragonite, L50, F|\n|poke|p2|Sylveon, L50, F|\n|poke|p2|Ceruledge, L50, M|\n|poke|p2|Pachirisu, L50, F|\n|poke|p2|Talonflame, L50, M|\n|poke|p2|Altaria, L50, F|\n|teampreview|4\n|inactive|Battle timer is ON: inactive players will automatically lose when time's up. (requested by Null6)\nNull6 rejected open team sheets.\n|inactive|TwigRL has 60 seconds left.\n|\n|t:|1684002468\n|start\n|switch|p1a: Corviknight|Corviknight, L50, M, shiny|100\/100\n|switch|p1b: Garchomp|Garchomp, L50, M|100\/100\n|switch|p2a: Dragonite|Dragonite, L50, F|100\/100\n|switch|p2b: Talonflame|Talonflame, L50, M|100\/100\n|turn|1\n|\n|t:|1684002491\n|-terastallize|p1b: Garchomp|Fire\n|-terastallize|p2a: Dragonite|Normal\n|move|p2a: Dragonite|Extreme Speed|p1b: Garchomp\n|-damage|p1b: Garchomp|47\/100\n|-damage|p2a: Dragonite|88\/100|[from] ability: Rough Skin|[of] p1b: Garchomp\n|move|p2b: Talonflame|Taunt|p1a: Corviknight\n|-start|p1a: Corviknight|move: Taunt\n|move|p1b: Garchomp|Rock Slide|p2a: Dragonite|[spread] p2a,p2b\n|-supereffective|p2b: Talonflame\n|-damage|p2a: Dragonite|69\/100\n|-damage|p2b: Talonflame|0 fnt\n|faint|p2b: Talonflame\n|cant|p1a: Corviknight|move: Taunt|Tailwind\n|\n|upkeep\n|\n|t:|1684002513\n|switch|p2b: Ceruledge|Ceruledge, L50, M|100\/100\n|turn|2\n|\n|t:|1684002524\n|switch|p1b: Abomasnow|Abomasnow, L50, M, shiny|100\/100\n|-weather|Snow|[from] ability: Snow Warning|[of] p1b: Abomasnow\n|move|p2a: Dragonite|Extreme Speed|p1b: Abomasnow\n|-damage|p1b: Abomasnow|47\/100\n|move|p1a: Corviknight|Brave Bird|p2b: Ceruledge\n|-damage|p2b: Ceruledge|56\/100\n|-damage|p1a: Corviknight|90\/100|[from] Recoil\n|move|p2b: Ceruledge|Bitter Blade|p1a: Corviknight\n|-supereffective|p1a: Corviknight\n|-damage|p1a: Corviknight|0 fnt\n|-heal|p2b: Ceruledge|100\/100|[from] drain|[of] p1a: Corviknight\n|faint|p1a: Corviknight\n|-damage|p2b: Ceruledge|91\/100|[from] item: Life Orb\n|\n|-weather|Snow|[upkeep]\n|upkeep\n|\n|t:|1684002540\n|switch|p1a: Iron Bundle|Iron Bundle, L50, shiny|100\/100\n|-enditem|p1a: Iron Bundle|Booster Energy\n|-activate|p1a: Iron Bundle|ability: Quark Drive|[fromitem]\n|-start|p1a: Iron Bundle|quarkdrivespe\n|turn|3\n|\n|t:|1684002553\n|move|p2b: Ceruledge|Protect|p2b: Ceruledge\n|-singleturn|p2b: Ceruledge|Protect\n|move|p1b: Abomasnow|Protect|p1b: Abomasnow\n|-singleturn|p1b: Abomasnow|Protect\n|move|p2a: Dragonite|Extreme Speed|p1b: Abomasnow\n|-activate|p1b: Abomasnow|move: Protect\n|move|p1a: Iron Bundle|Aurora Veil|p1a: Iron Bundle\n|-sidestart|p1: Null6|move: Aurora Veil\n|\n|-weather|Snow|[upkeep]\n|upkeep\n|turn|4\n|\n|t:|1684002577\n|move|p2a: Dragonite|Extreme Speed|p1a: Iron Bundle\n|-damage|p1a: Iron Bundle|70\/100\n|move|p1a: Iron Bundle|Hydro Pump|p2b: Ceruledge\n|-supereffective|p2b: Ceruledge\n|-damage|p2b: Ceruledge|0 fnt\n|faint|p2b: Ceruledge\n|move|p1b: Abomasnow|Blizzard|p2a: Dragonite\n|-damage|p2a: Dragonite|9\/100\n|-damage|p1b: Abomasnow|38\/100|[from] item: Life Orb\n|\n|-weather|Snow|[upkeep]\n|upkeep\n|\n|t:|1684002584\n|switch|p2b: Sylveon|Sylveon, L50, F|100\/100\n|turn|5\n|\n|t:|1684002603\n|move|p2a: Dragonite|Extreme Speed|p1a: Iron Bundle\n|-damage|p1a: Iron Bundle|38\/100\n|move|p1a: Iron Bundle|Freeze-Dry|p2b: Sylveon\n|-damage|p2b: Sylveon|76\/100\n|move|p2b: Sylveon|Hyper Voice|p1b: Abomasnow|[spread] p1a,p1b\n|-damage|p1a: Iron Bundle|0 fnt\n|-damage|p1b: Abomasnow|9\/100\n|faint|p1a: Iron Bundle\n|-end|p1a: Iron Bundle|Quark Drive|[silent]\n|-enditem|p2b: Sylveon|Throat Spray\n|-boost|p2b: Sylveon|spa|1|[from] item: Throat Spray\n|move|p1b: Abomasnow|Blizzard|p2a: Dragonite|[spread] p2a,p2b\n|-damage|p2a: Dragonite|0 fnt\n|-damage|p2b: Sylveon|41\/100\n|faint|p2a: Dragonite\n|-damage|p1b: Abomasnow|0 fnt|[from] item: Life Orb\n|faint|p1b: Abomasnow\n|\n|-weather|Snow|[upkeep]\n|upkeep\n|\n|t:|1684002621\n|switch|p1b: Garchomp|Garchomp, L50, M, tera:Fire|47\/100\n|turn|6\n|\n|t:|1684002633\n|move|p1b: Garchomp|Iron Head|p2b: Sylveon\n|-supereffective|p2b: Sylveon\n|-damage|p2b: Sylveon|0 fnt\n|faint|p2b: Sylveon\n|\n|win|Null6\n|raw|Null6's rating: 1262 → 1288<\/strong> (+26 for winning)\n|raw|TwigRL's rating: 1278 → 1252<\/strong> (-26 for losing)\n","uploadtime":1684002639,"views":6,"p1id":"null6","p2id":"twigrl","formatid":"gen9vgc2023regulationc","rating":1252,"private":0,"password":""}