{"id":"gen9vgc2023regulationc-1860434676","p1":"PokeVoltClub","p2":"piotuvn","format":"[Gen 9] VGC 2023 Regulation C","log":"|j|\u2606PokeVoltClub\n|j|\u2606piotuvn\n|t:|1683643934\n|gametype|doubles\n|player|p1|PokeVoltClub|elesa|1089\n|player|p2|piotuvn|169|1000\n|teamsize|p1|6\n|teamsize|p2|6\n|gen|9\n|tier|[Gen 9] VGC 2023 Regulation C\n|rated|\n|rule|Species Clause: Limit one of each Pok\u00e9mon\n|rule|Item Clause: Limit one of each item\n|clearpoke\n|poke|p1|Chi-Yu, L50|\n|poke|p1|Bellibolt, L50, F|\n|poke|p1|Dragonite, L50, F|\n|poke|p1|Flutter Mane, L50|\n|poke|p1|Maushold, L50|\n|poke|p1|Scream Tail, L50|\n|poke|p2|Palafin, L50, M|\n|poke|p2|Pelipper, L50, M|\n|poke|p2|Amoonguss, L50, F|\n|poke|p2|Chien-Pao, L50|\n|poke|p2|Flutter Mane, L50|\n|poke|p2|Floatzel, L50, M|\n|teampreview|4\nPokeVoltClub has agreed to open team sheets.\npiotuvn has agreed to open team sheets.\n|\n|t:|1683643986\n|start\n|switch|p1a: Maushold|Maushold, L50|100\/100\n|switch|p1b: Scream Tail|Scream Tail, L50|100\/100\n|switch|p2a: Pelipper|Pelipper, L50, M, shiny|100\/100\n|switch|p2b: Chien-Pao|Chien-Pao, L50|100\/100\n|-ability|p2b: Chien-Pao|Sword of Ruin\n|-weather|RainDance|[from] ability: Drizzle|[of] p2a: Pelipper\n|turn|1\n|\n|t:|1683644013\n|switch|p2a: Floatzel|Floatzel, L50, M|100\/100\n|move|p2b: Chien-Pao|Protect|p2b: Chien-Pao\n|-singleturn|p2b: Chien-Pao|Protect\n|move|p1a: Maushold|Protect|p1a: Maushold\n|-singleturn|p1a: Maushold|Protect\n|move|p1b: Scream Tail|Howl|p1b: Scream Tail|[spread] p1a,p1b\n|-boost|p1a: Maushold|atk|1\n|-boost|p1b: Scream Tail|atk|1\n|\n|-weather|RainDance|[upkeep]\n|upkeep\n|turn|2\n|\n|t:|1683644036\n|move|p2a: Floatzel|Liquidation|p1b: Scream Tail\n|-damage|p1b: Scream Tail|22\/100\n|-enditem|p1b: Scream Tail|Aguav Berry|[eat]\n|-heal|p1b: Scream Tail|55\/100|[from] item: Aguav Berry\n|move|p2b: Chien-Pao|Ice Spinner|p1b: Scream Tail\n|-damage|p1b: Scream Tail|24\/100\n|move|p1b: Scream Tail|Play Rough|p2b: Chien-Pao\n|-supereffective|p2b: Chien-Pao\n|-damage|p2b: Chien-Pao|19\/100\n|move|p1a: Maushold|Population Bomb|p2a: Floatzel\n|-damage|p2a: Floatzel|74\/100\n|-damage|p2a: Floatzel|47\/100\n|-damage|p2a: Floatzel|17\/100\n|-damage|p2a: Floatzel|0 fnt\n|faint|p2a: Floatzel\n|-hitcount|p2: Floatzel|4\n|\n|-weather|RainDance|[upkeep]\n|upkeep\n|\n|t:|1683644048\n|switch|p2a: Palafin|Palafin, L50, M|100\/100\n|turn|3\n|\n|t:|1683644075\n|move|p2b: Chien-Pao|Ice Spinner|p1b: Scream Tail\n|-damage|p1b: Scream Tail|0 fnt\n|faint|p1b: Scream Tail\n|-end|p1b: Scream Tail|Protosynthesis|[silent]\n|move|p2a: Palafin|Flip Turn|p1a: Maushold\n|-damage|p1a: Maushold|8\/100\n|-damage|p2a: Palafin|91\/100|[from] item: Life Orb\n|\n|t:|1683644084\n|detailschange|p2a: Palafin|Palafin-Hero, L50, M\n|switch|p2a: Pelipper|Pelipper, L50, M, shiny|100\/100|[from] Flip Turn\n|move|p1a: Maushold|Population Bomb|p2a: Pelipper\n|-damage|p2a: Pelipper|83\/100\n|-damage|p2a: Pelipper|64\/100\n|-damage|p2a: Pelipper|48\/100\n|-damage|p2a: Pelipper|28\/100\n|-damage|p2a: Pelipper|9\/100\n|-damage|p2a: Pelipper|0 fnt\n|faint|p2a: Pelipper\n|-hitcount|p2: Pelipper|6\n|\n|-weather|RainDance|[upkeep]\n|upkeep\n|\n|t:|1683644101\n|switch|p1b: Bellibolt|Bellibolt, L50, F|100\/100\n|switch|p2a: Palafin|Palafin-Hero, L50, M|91\/100\n|-activate|p2a: Palafin|ability: Zero to Hero\n|turn|4\n|\n|t:|1683644124\n|move|p1a: Maushold|Helping Hand|p1b: Bellibolt\n|-singleturn|p1b: Bellibolt|Helping Hand|[of] p1a: Maushold\n|move|p2a: Palafin|Protect|p2a: Palafin\n|-singleturn|p2a: Palafin|Protect\n|move|p2b: Chien-Pao|Ice Spinner|p1a: Maushold\n|-damage|p1a: Maushold|0 fnt\n|faint|p1a: Maushold\n|move|p1b: Bellibolt|Thunderbolt|p2a: Palafin\n|-activate|p2a: Palafin|move: Protect\n|\n|-weather|RainDance|[upkeep]\n|upkeep\n|\n|t:|1683644134\n|switch|p1a: Chi-Yu|Chi-Yu, L50|100\/100\n|-ability|p1a: Chi-Yu|Beads of Ruin\n|turn|5\n|\n|t:|1683644160\n|move|p1a: Chi-Yu|Protect|p1a: Chi-Yu\n|-singleturn|p1a: Chi-Yu|Protect\n|move|p2a: Palafin|Jet Punch|p1a: Chi-Yu\n|-activate|p1a: Chi-Yu|move: Protect\n|move|p2b: Chien-Pao|Sacred Sword|p1a: Chi-Yu\n|-activate|p1a: Chi-Yu|move: Protect\n|move|p1b: Bellibolt|Parabolic Charge|p2b: Chien-Pao|[spread] p2a,p2b\n|-activate|p1a: Chi-Yu|move: Protect\n|-supereffective|p2a: Palafin\n|-damage|p2a: Palafin|26\/100\n|-damage|p2b: Chien-Pao|0 fnt\n|faint|p2b: Chien-Pao\n|\n|-weather|RainDance|[upkeep]\n|upkeep\n|turn|6\n|-message|piotuvn forfeited.\n|\n|win|PokeVoltClub\n|raw|PokeVoltClub's rating: 1089 → 1109<\/strong> (+20 for winning)\n|raw|piotuvn's rating: 1000 → 1000<\/strong> (+0 for losing)\n|l|\u2606piotuvn\n","uploadtime":1683644194,"views":3,"p1id":"pokevoltclub","p2id":"piotuvn","formatid":"gen9vgc2023regulationc","rating":1000,"private":0,"password":""}