{"id":"gen9vgc2023regulationc-1856521433","p1":"HocusPocusAlakazam","p2":"striker334","format":"[Gen 9] VGC 2023 Regulation C","log":"|j|\u2606HocusPocusAlakazam\n|j|\u2606striker334\n|t:|1683071110\n|gametype|doubles\n|player|p1|HocusPocusAlakazam|colress|1207\n|player|p2|striker334|riley|1111\n|teamsize|p1|6\n|teamsize|p2|6\n|gen|9\n|tier|[Gen 9] VGC 2023 Regulation C\n|rated|\n|rule|Species Clause: Limit one of each Pok\u00e9mon\n|rule|Item Clause: Limit one of each item\n|clearpoke\n|poke|p1|Arcanine, L50, M|\n|poke|p1|Amoonguss, L50, M|\n|poke|p1|Flutter Mane, L50|\n|poke|p1|Palafin, L50, F|\n|poke|p1|Baxcalibur, L50, M|\n|poke|p1|Ting-Lu, L50|\n|poke|p2|Armarouge, L50, F|\n|poke|p2|Flamigo, L50, M|\n|poke|p2|Dragapult, L50, F|\n|poke|p2|Indeedee-F, L50, F|\n|poke|p2|Garganacl, L50, M|\n|poke|p2|Kingambit, L50, M|\n|teampreview|4\n|inactive|Battle timer is ON: inactive players will automatically lose when time's up. (requested by striker334)\nstriker334 rejected open team sheets.\n|inactive|HocusPocusAlakazam has 60 seconds left.\n|inactive|striker334 has 60 seconds left.\n|\n|t:|1683071166\n|start\n|switch|p1a: Ting-Lu|Ting-Lu, L50|100\/100\n|switch|p1b: Arcanine|Arcanine, L50, M|100\/100\n|switch|p2a: Flamigo|Flamigo, L50, M|100\/100\n|switch|p2b: Garganacl|Garganacl, L50, M|100\/100\n|-copyboost|p2a: Flamigo|p2b: Garganacl|[from] ability: Costar\n|-ability|p1b: Arcanine|Intimidate|boost\n|-unboost|p2a: Flamigo|atk|1\n|-unboost|p2b: Garganacl|atk|1\n|-enditem|p2a: Flamigo|White Herb\n|-clearnegativeboost|p2a: Flamigo|[silent]\n|-ability|p1a: Ting-Lu|Vessel of Ruin\n|turn|1\n|\n|t:|1683071190\n|-terastallize|p1b: Arcanine|Flying\n|move|p2b: Garganacl|Wide Guard|p2b: Garganacl\n|-singleturn|p2b: Garganacl|Wide Guard\n|move|p2a: Flamigo|Liquidation|p1b: Arcanine\n|-crit|p1b: Arcanine\n|-damage|p1b: Arcanine|57\/100\n|move|p1b: Arcanine|Will-O-Wisp|p2a: Flamigo|[miss]\n|-miss|p1b: Arcanine|p2a: Flamigo\n|move|p1a: Ting-Lu|Heavy Slam|p2b: Garganacl\n|-supereffective|p2b: Garganacl\n|-damage|p2b: Garganacl|72\/100\n|\n|-heal|p2b: Garganacl|77\/100|[from] item: Leftovers\n|upkeep\n|turn|2\n|inactive|striker334 has 30 seconds left.\n|\n|t:|1683071217\n|move|p2a: Flamigo|Acrobatics|p1b: Arcanine\n|-damage|p1b: Arcanine|7\/100\n|move|p1b: Arcanine|Will-O-Wisp|p2a: Flamigo\n|-status|p2a: Flamigo|brn\n|move|p1a: Ting-Lu|Heavy Slam|p2b: Garganacl\n|-supereffective|p2b: Garganacl\n|-damage|p2b: Garganacl|51\/100\n|move|p2b: Garganacl|Salt Cure|p1a: Ting-Lu\n|-resisted|p1a: Ting-Lu\n|-damage|p1a: Ting-Lu|97\/100\n|-start|p1a: Ting-Lu|Salt Cure\n|\n|-heal|p2b: Garganacl|57\/100|[from] item: Leftovers\n|-damage|p2a: Flamigo|95\/100 brn|[from] brn\n|-damage|p1a: Ting-Lu|85\/100|[from] Salt Cure\n|upkeep\n|turn|3\n|\n|t:|1683071239\n|switch|p1b: Amoonguss|Amoonguss, L50, M|100\/100\n|move|p2a: Flamigo|Acrobatics|p1b: Amoonguss\n|-supereffective|p1b: Amoonguss\n|-damage|p1b: Amoonguss|59\/100\n|move|p1a: Ting-Lu|Stone Edge|p2a: Flamigo|[miss]\n|-miss|p1a: Ting-Lu|p2a: Flamigo\n|move|p2b: Garganacl|Recover|p2b: Garganacl\n|-heal|p2b: Garganacl|100\/100\n|\n|-damage|p2a: Flamigo|89\/100 brn|[from] brn\n|-damage|p1a: Ting-Lu|73\/100|[from] Salt Cure\n|upkeep\n|turn|4\n|\n|t:|1683071254\n|move|p1b: Amoonguss|Protect|p1b: Amoonguss\n|-singleturn|p1b: Amoonguss|Protect\n|move|p2a: Flamigo|Acrobatics|p1b: Amoonguss\n|-activate|p1b: Amoonguss|move: Protect\n|move|p1a: Ting-Lu|Stone Edge|p2a: Flamigo\n|-damage|p2a: Flamigo|41\/100 brn\n|move|p2b: Garganacl|Iron Defense|p2b: Garganacl\n|-boost|p2b: Garganacl|def|2\n|\n|-damage|p2a: Flamigo|35\/100 brn|[from] brn\n|-damage|p1a: Ting-Lu|61\/100|[from] Salt Cure\n|upkeep\n|turn|5\n|\n|t:|1683071271\n|switch|p1a: Arcanine|Arcanine, L50, M, tera:Flying|7\/100\n|-ability|p1a: Arcanine|Intimidate|boost\n|-unboost|p2a: Flamigo|atk|1\n|-unboost|p2b: Garganacl|atk|1\n|move|p2a: Flamigo|Acrobatics|p1b: Amoonguss\n|-supereffective|p1b: Amoonguss\n|-damage|p1b: Amoonguss|30\/100\n|-enditem|p1b: Amoonguss|Sitrus Berry|[eat]\n|-heal|p1b: Amoonguss|56\/100|[from] item: Sitrus Berry\n|move|p2b: Garganacl|Salt Cure|p1b: Amoonguss\n|-damage|p1b: Amoonguss|50\/100\n|-start|p1b: Amoonguss|Salt Cure\n|move|p1b: Amoonguss|Pollen Puff|p1a: Arcanine\n|-heal|p1a: Arcanine|57\/100\n|\n|-damage|p2a: Flamigo|29\/100 brn|[from] brn\n|-damage|p1b: Amoonguss|37\/100|[from] Salt Cure\n|upkeep\n|turn|6\n|\n|t:|1683071293\n|switch|p1b: Ting-Lu|Ting-Lu, L50|61\/100\n|-ability|p1b: Ting-Lu|Vessel of Ruin\n|move|p2a: Flamigo|Acrobatics|p1b: Ting-Lu\n|-damage|p1b: Ting-Lu|49\/100\n|move|p1a: Arcanine|Howl|p1a: Arcanine|[spread] p1a,p1b\n|-boost|p1a: Arcanine|atk|1\n|-boost|p1b: Ting-Lu|atk|1\n|move|p2b: Garganacl|Iron Defense|p2b: Garganacl\n|-boost|p2b: Garganacl|def|2\n|\n|-damage|p2a: Flamigo|23\/100 brn|[from] brn\n|upkeep\n|turn|7\n|\n|t:|1683071308\n|move|p1a: Arcanine|Extreme Speed|p2a: Flamigo\n|-damage|p2a: Flamigo|0 fnt\n|faint|p2a: Flamigo\n|move|p1b: Ting-Lu|Earthquake|p2b: Garganacl|[spread] p2b\n|-immune|p1a: Arcanine\n|-supereffective|p2b: Garganacl\n|-damage|p2b: Garganacl|77\/100\n|move|p2b: Garganacl|Salt Cure|p1a: Arcanine\n|-supereffective|p1a: Arcanine\n|-damage|p1a: Arcanine|44\/100\n|-start|p1a: Arcanine|Salt Cure\n|\n|-heal|p2b: Garganacl|83\/100|[from] item: Leftovers\n|-damage|p1a: Arcanine|31\/100|[from] Salt Cure\n|upkeep\n|\n|t:|1683071317\n|switch|p2a: Kingambit|Kingambit, L50, M|100\/100\n|-activate|p2a: Kingambit|ability: Supreme Overlord\n|-start|p2a: Kingambit|fallen1|[silent]\n|turn|8\n|\n|t:|1683071334\n|switch|p1a: Amoonguss|Amoonguss, L50, M|70\/100\n|-terastallize|p2a: Kingambit|Ghost\n|move|p1b: Ting-Lu|Heavy Slam|p2b: Garganacl\n|-supereffective|p2b: Garganacl\n|-damage|p2b: Garganacl|70\/100\n|move|p2a: Kingambit|Brick Break|p1b: Ting-Lu\n|-supereffective|p1b: Ting-Lu\n|-damage|p1b: Ting-Lu|10\/100\n|move|p2b: Garganacl|Salt Cure|p1b: Ting-Lu\n|-resisted|p1b: Ting-Lu\n|-damage|p1b: Ting-Lu|8\/100\n|-start|p1b: Ting-Lu|Salt Cure\n|\n|-heal|p2b: Garganacl|75\/100|[from] item: Leftovers\n|-damage|p1b: Ting-Lu|0 fnt|[from] Salt Cure\n|faint|p1b: Ting-Lu\n|upkeep\n|\n|t:|1683071341\n|switch|p1b: Arcanine|Arcanine, L50, M, tera:Flying|31\/100\n|-ability|p1b: Arcanine|Intimidate|boost\n|-unboost|p2a: Kingambit|atk|1\n|-unboost|p2b: Garganacl|atk|1\n|turn|9\n|\n|t:|1683071360\n|move|p1b: Arcanine|Will-O-Wisp|p2a: Kingambit\n|-status|p2a: Kingambit|brn\n|move|p2a: Kingambit|Kowtow Cleave|p1b: Arcanine\n|-damage|p1b: Arcanine|14\/100\n|move|p2b: Garganacl|Salt Cure|p1a: Amoonguss\n|-damage|p1a: Amoonguss|66\/100\n|-start|p1a: Amoonguss|Salt Cure\n|move|p1a: Amoonguss|Pollen Puff|p1b: Arcanine\n|-heal|p1b: Arcanine|64\/100\n|\n|-heal|p2b: Garganacl|81\/100|[from] item: Leftovers\n|-damage|p2a: Kingambit|95\/100 brn|[from] brn\n|-damage|p1a: Amoonguss|54\/100|[from] Salt Cure\n|upkeep\n|turn|10\n|inactive|HocusPocusAlakazam has 30 seconds left.\n|\n|t:|1683071385\n|switch|p1a: Flutter Mane|Flutter Mane, L50, shiny|100\/100\n|move|p1b: Arcanine|Flare Blitz|p2a: Kingambit\n|-damage|p2a: Kingambit|56\/100 brn\n|-damage|p1b: Arcanine|50\/100|[from] Recoil\n|move|p2a: Kingambit|Kowtow Cleave|p1b: Arcanine\n|-damage|p1b: Arcanine|32\/100\n|move|p2b: Garganacl|Salt Cure|p1b: Arcanine\n|-supereffective|p1b: Arcanine\n|-damage|p1b: Arcanine|20\/100\n|-start|p1b: Arcanine|Salt Cure\n|\n|-heal|p2b: Garganacl|87\/100|[from] item: Leftovers\n|-damage|p2a: Kingambit|50\/100 brn|[from] brn\n|-damage|p1b: Arcanine|8\/100|[from] Salt Cure\n|upkeep\n|turn|11\n|\n|t:|1683071404\n|switch|p1b: Amoonguss|Amoonguss, L50, M|87\/100\n|move|p2a: Kingambit|Sucker Punch|p1a: Flutter Mane\n|-damage|p1a: Flutter Mane|74\/100\n|move|p1a: Flutter Mane|Moonblast|p2a: Kingambit\n|-damage|p2a: Kingambit|0 fnt\n|faint|p2a: Kingambit\n|-end|p2a: Kingambit|fallen1|[silent]\n|move|p2b: Garganacl|Salt Cure|p1a: Flutter Mane\n|-damage|p1a: Flutter Mane|63\/100\n|-start|p1a: Flutter Mane|Salt Cure\n|\n|-heal|p2b: Garganacl|93\/100|[from] item: Leftovers\n|-damage|p1a: Flutter Mane|51\/100|[from] Salt Cure\n|upkeep\n|\n|t:|1683071416\n|switch|p2a: Armarouge|Armarouge, L50, F|100\/100\n|turn|12\n|\n|t:|1683071435\n|-end|p1a: Flutter Mane|Protosynthesis|[silent]\n|switch|p1a: Arcanine|Arcanine, L50, M, tera:Flying|8\/100\n|-ability|p1a: Arcanine|Intimidate|boost\n|-unboost|p2a: Armarouge|atk|1\n|-unboost|p2b: Garganacl|atk|1\n|move|p2a: Armarouge|Heat Wave|p1b: Amoonguss|[spread] p1a,p1b\n|-supereffective|p1b: Amoonguss\n|-damage|p1a: Arcanine|0 fnt\n|-damage|p1b: Amoonguss|24\/100\n|faint|p1a: Arcanine\n|move|p2b: Garganacl|Salt Cure|p1b: Amoonguss\n|-damage|p1b: Amoonguss|20\/100\n|-start|p1b: Amoonguss|Salt Cure\n|move|p1b: Amoonguss|Spore|p2a: Armarouge\n|-status|p2a: Armarouge|slp|[from] move: Spore\n|\n|-heal|p2b: Garganacl|99\/100|[from] item: Leftovers\n|-damage|p1b: Amoonguss|7\/100|[from] Salt Cure\n|upkeep\n|\n|t:|1683071438\n|switch|p1a: Flutter Mane|Flutter Mane, L50, shiny|51\/100\n|turn|13\n|\n|t:|1683071460\n|move|p1a: Flutter Mane|Moonblast|p2b: Garganacl\n|-damage|p2b: Garganacl|43\/100\n|cant|p2a: Armarouge|slp\n|move|p2b: Garganacl|Salt Cure|p1a: Flutter Mane\n|-damage|p1a: Flutter Mane|42\/100\n|-start|p1a: Flutter Mane|Salt Cure\n|move|p1b: Amoonguss|Pollen Puff|p1a: Flutter Mane\n|-heal|p1a: Flutter Mane|92\/100\n|\n|-heal|p2b: Garganacl|49\/100|[from] item: Leftovers\n|-damage|p1a: Flutter Mane|80\/100|[from] Salt Cure\n|-damage|p1b: Amoonguss|0 fnt|[from] Salt Cure\n|faint|p1b: Amoonguss\n|upkeep\n|turn|14\n|\n|t:|1683071472\n|move|p1a: Flutter Mane|Moonblast|p2b: Garganacl\n|-damage|p2b: Garganacl|1\/100\n|-curestatus|p2a: Armarouge|slp|[msg]\n|move|p2a: Armarouge|Expanding Force|p1a: Flutter Mane\n|-damage|p1a: Flutter Mane|31\/100\n|move|p2b: Garganacl|Recover|p2b: Garganacl\n|-heal|p2b: Garganacl|51\/100\n|\n|-heal|p2b: Garganacl|57\/100|[from] item: Leftovers\n|-damage|p1a: Flutter Mane|19\/100|[from] Salt Cure\n|upkeep\n|turn|15\n|-message|HocusPocusAlakazam forfeited.\n|\n|win|striker334\n|raw|HocusPocusAlakazam's rating: 1207 → 1175<\/strong> (-32 for losing)\n|raw|striker334's rating: 1111 → 1143<\/strong> (+32 for winning)\n","uploadtime":1683071483,"views":9,"p1id":"hocuspocusalakazam","p2id":"striker334","formatid":"gen9vgc2023regulationc","rating":1143,"private":0,"password":""}