{"id":"gen9vgc2023regulationc-1862094409","p1":"Goldjunge1994","p2":"gohan92","format":"[Gen 9] VGC 2023 Regulation C","log":"|j|\u2606Goldjunge1994\n|j|\u2606gohan92\n|t:|1683836372\n|gametype|doubles\n|player|p1|Goldjunge1994|101|\n|player|p2|gohan92|170|\n|teamsize|p1|6\n|teamsize|p2|6\n|gen|9\n|tier|[Gen 9] VGC 2023 Regulation C\n|rule|Species Clause: Limit one of each Pok\u00e9mon\n|rule|Item Clause: Limit one of each item\n|clearpoke\n|poke|p1|Palafin, L50, F|\n|poke|p1|Chi-Yu, L50|\n|poke|p1|Flutter Mane, L50|\n|poke|p1|Amoonguss, L50, F|\n|poke|p1|Iron Hands, L50|\n|poke|p1|Dragonite, L50, M|\n|poke|p2|Chi-Yu, L50|\n|poke|p2|Flutter Mane, L50|\n|poke|p2|Glimmora, L50, F|\n|poke|p2|Ting-Lu, L50|\n|poke|p2|Gyarados, L50, M|\n|poke|p2|Amoonguss, L50, M|\n|teampreview|4\ngohan92 has agreed to open team sheets.\nGoldjunge1994 has agreed to open team sheets.\n|\n|t:|1683836419\n|start\n|switch|p1a: TheTerminat|Iron Hands, L50|100\/100\n|switch|p1b: Floa|Palafin, L50, F|100\/100\n|switch|p2a: Glimmora|Glimmora, L50, F|100\/100\n|switch|p2b: Gyarados|Gyarados, L50, M|100\/100\n|-ability|p2b: Gyarados|Intimidate|boost\n|-unboost|p1a: TheTerminat|atk|1\n|-unboost|p1b: Floa|atk|1\n|turn|1\n|c|\u2606gohan92|\u2606gohan92: du kannst ja sagen mit was du probleme hast, entsprechend k\u00f6nnen wir testen\n|c|\u2606Goldjunge1994|Ich schreibe dir gleich mal bei Discord\n|c|\u2606gohan92|alles klar, gl&hf im \u00fcbrigen\n|\n|t:|1683836462\n|detailschange|p1b: Floa|Palafin-Hero, L50, F\n|switch|p1b: Skarm|Amoonguss, L50, F|100\/100\n|switch|p2b: Ting-Lu|Ting-Lu, L50|100\/100\n|-ability|p2b: Ting-Lu|Vessel of Ruin\n|move|p2a: Glimmora|Spiky Shield|p2a: Glimmora\n|-singleturn|p2a: Glimmora|move: Protect\n|move|p1a: TheTerminat|Volt Switch|p2a: Glimmora\n|-activate|p2a: Glimmora|move: Protect\n|\n|upkeep\n|turn|2\n|\n|t:|1683836493\n|-terastallize|p2a: Glimmora|Grass\n|move|p2a: Glimmora|Mortal Spin|p1b: Skarm|[spread] p1a,p1b\n|-damage|p1a: TheTerminat|98\/100\n|-damage|p1b: Skarm|96\/100\n|-status|p1a: TheTerminat|psn\n|-status|p1b: Skarm|psn\n|move|p1a: TheTerminat|Volt Switch|p2a: Glimmora\n|-resisted|p2a: Glimmora\n|-damage|p2a: Glimmora|94\/100\n|\n|t:|1683836504\n|-end|p1a: TheTerminat|Quark Drive|[silent]\n|switch|p1a: Vhagar|Dragonite, L50, M|100\/100|[from] Volt Switch\n|move|p2b: Ting-Lu|Ruination|p1a: Vhagar\n|-damage|p1a: Vhagar|51\/100\n|move|p1b: Skarm|Spore|p2b: Ting-Lu\n|-status|p2b: Ting-Lu|slp|[from] move: Spore\n|\n|-damage|p1b: Skarm|84\/100 psn|[from] psn\n|upkeep\n|turn|3\n|\n|t:|1683836530\n|switch|p2b: Gyarados|Gyarados, L50, M|100\/100\n|-ability|p2b: Gyarados|Intimidate|boost\n|-unboost|p1a: Vhagar|atk|1\n|-unboost|p1b: Skarm|atk|1\n|move|p1b: Skarm|Rage Powder|p1b: Skarm\n|-singleturn|p1b: Skarm|move: Rage Powder\n|move|p2a: Glimmora|Power Gem|p1a: Vhagar\n|-supereffective|p1a: Vhagar\n|-damage|p1a: Vhagar|0 fnt\n|faint|p1a: Vhagar\n|\n|-damage|p1b: Skarm|72\/100 psn|[from] psn\n|upkeep\n|c|\u2606Goldjunge1994|wie dumm\n|c|\u2606Goldjunge1994|wieder den tera typen vergessen\n|c|\u2606gohan92|du das passiert auf wifi weniger\n|\n|t:|1683836561\n|switch|p1a: TheTerminat|Iron Hands, L50|98\/100 psn\n|turn|4\n|c|\u2606gohan92|weil der hut gr\u00f6\u00dfer als das mon ist\n|\n|t:|1683836577\n|switch|p2b: Ting-Lu|Ting-Lu, L50|100\/100 slp\n|-ability|p2b: Ting-Lu|Vessel of Ruin\n|move|p2a: Glimmora|Spiky Shield|p2a: Glimmora\n|-singleturn|p2a: Glimmora|move: Protect\n|move|p1a: TheTerminat|Drain Punch|p2a: Glimmora\n|-activate|p2a: Glimmora|move: Protect\n|-damage|p1a: TheTerminat|85\/100 psn|[from] Spiky Shield|[of] p2a: Glimmora\n|move|p1b: Skarm|Pollen Puff|p2a: Glimmora\n|-activate|p2a: Glimmora|move: Protect\n|\n|-damage|p1a: TheTerminat|73\/100 psn|[from] psn\n|-damage|p1b: Skarm|60\/100 psn|[from] psn\n|upkeep\n|turn|5\n|\n|t:|1683836598\n|switch|p2b: Gyarados|Gyarados, L50, M|100\/100\n|-ability|p2b: Gyarados|Intimidate|boost\n|-unboost|p1a: TheTerminat|atk|1\n|-unboost|p1b: Skarm|atk|1\n|move|p2a: Glimmora|Venoshock|p1b: Skarm\n|-damage|p1b: Skarm|0 fnt\n|faint|p1b: Skarm\n|move|p1a: TheTerminat|Drain Punch|p2a: Glimmora\n|-damage|p2a: Glimmora|57\/100\n|-heal|p1a: TheTerminat|85\/100 psn|[from] drain|[of] p2a: Glimmora\n|\n|-damage|p1a: TheTerminat|73\/100 psn|[from] psn\n|upkeep\n|\n|t:|1683836610\n|switch|p1b: Floa|Palafin-Hero, L50, F|100\/100\n|-activate|p1b: Floa|ability: Zero to Hero\n|turn|6\n|\n|t:|1683836621\n|switch|p2b: Ting-Lu|Ting-Lu, L50|100\/100 slp\n|-ability|p2b: Ting-Lu|Vessel of Ruin\n|move|p2a: Glimmora|Spiky Shield|p2a: Glimmora\n|-singleturn|p2a: Glimmora|move: Protect\n|move|p1b: Floa|Wave Crash|p2a: Glimmora\n|-activate|p2a: Glimmora|move: Protect\n|-damage|p1b: Floa|88\/100|[from] Spiky Shield|[of] p2a: Glimmora\n|move|p1a: TheTerminat|Drain Punch|p2a: Glimmora\n|-activate|p2a: Glimmora|move: Protect\n|-damage|p1a: TheTerminat|61\/100 psn|[from] Spiky Shield|[of] p2a: Glimmora\n|\n|-damage|p1a: TheTerminat|49\/100 psn|[from] psn\n|upkeep\n|turn|7\n|\n|t:|1683836639\n|switch|p2b: Gyarados|Gyarados, L50, M|100\/100\n|-ability|p2b: Gyarados|Intimidate|boost\n|-unboost|p1a: TheTerminat|atk|1\n|-unboost|p1b: Floa|atk|1\n|move|p2a: Glimmora|Mortal Spin|p1a: TheTerminat|[spread] p1a,p1b\n|-damage|p1a: TheTerminat|46\/100 psn\n|-damage|p1b: Floa|84\/100\n|-status|p1b: Floa|psn\n|move|p1b: Floa|Wave Crash|p2a: Glimmora\n|-resisted|p2a: Glimmora\n|-damage|p2a: Glimmora|21\/100\n|-damage|p1b: Floa|74\/100 psn|[from] Recoil\n|move|p1a: TheTerminat|Drain Punch|p2a: Glimmora\n|-damage|p2a: Glimmora|0 fnt\n|-heal|p1a: TheTerminat|53\/100 psn|[from] drain|[of] p2a: Glimmora\n|faint|p2a: Glimmora\n|\n|-damage|p1b: Floa|62\/100 psn|[from] psn\n|-damage|p1a: TheTerminat|41\/100 psn|[from] psn\n|upkeep\n|\n|t:|1683836660\n|switch|p2a: Ting-Lu|Ting-Lu, L50|100\/100 slp\n|-ability|p2a: Ting-Lu|Vessel of Ruin\n|turn|8\n|\n|t:|1683836678\n|move|p1b: Floa|Haze|p1b: Floa\n|-clearallboost\n|move|p2b: Gyarados|Taunt|p1b: Floa\n|-start|p1b: Floa|move: Taunt\n|move|p1a: TheTerminat|Volt Switch|p2b: Gyarados\n|-supereffective|p2b: Gyarados\n|-damage|p2b: Gyarados|69\/100\n|cant|p2a: Ting-Lu|slp\n|\n|-damage|p1b: Floa|50\/100 psn|[from] psn\n|-damage|p1a: TheTerminat|29\/100 psn|[from] psn\n|upkeep\n|turn|9\n|\n|t:|1683836703\n|move|p1b: Floa|Jet Punch|p2a: Ting-Lu\n|-supereffective|p2a: Ting-Lu\n|-damage|p2a: Ting-Lu|43\/100 slp\n|move|p2b: Gyarados|Waterfall|p1a: TheTerminat\n|-damage|p1a: TheTerminat|5\/100 psn\n|move|p1a: TheTerminat|Wild Charge|p2b: Gyarados\n|-supereffective|p2b: Gyarados\n|-damage|p2b: Gyarados|0 fnt\n|faint|p2b: Gyarados\n|-damage|p1a: TheTerminat|0 fnt|[from] Recoil\n|faint|p1a: TheTerminat\n|-end|p1a: TheTerminat|Quark Drive|[silent]\n|cant|p2a: Ting-Lu|slp\n|\n|-damage|p1b: Floa|37\/100 psn|[from] psn\n|upkeep\n|\n|t:|1683836716\n|switch|p2b: Chi-Yu|Chi-Yu, L50|100\/100\n|-ability|p2b: Chi-Yu|Beads of Ruin\n|turn|10\n|\n|t:|1683836728\n|move|p1b: Floa|Jet Punch|p2a: Ting-Lu\n|-supereffective|p2a: Ting-Lu\n|-damage|p2a: Ting-Lu|0 fnt\n|faint|p2a: Ting-Lu\n|move|p2b: Chi-Yu|Dark Pulse|p1b: Floa\n|-damage|p1b: Floa|0 fnt\n|faint|p1b: Floa\n|\n|win|gohan92\n|c|\u2606Goldjunge1994|gg\n|c|\u2606gohan92|gg\n|l|\u2606Goldjunge1994\n","uploadtime":1683836744,"views":13,"p1id":"goldjunge1994","p2id":"gohan92","formatid":"gen9vgc2023regulationc","rating":0,"private":0,"password":""}