{"id":"gen9vgc2023regulationc-1857929325","p1":"SteelGymLuke","p2":"kamikazee19","format":"[Gen 9] VGC 2023 Regulation C","log":"|j|\u2606SteelGymLuke\n|j|\u2606kamikazee19\n|t:|1683248589\n|gametype|doubles\n|player|p1|SteelGymLuke|bugcatcher-gen4dp|\n|player|p2|kamikazee19|2|\n|teamsize|p1|6\n|teamsize|p2|6\n|gen|9\n|tier|[Gen 9] VGC 2023 Regulation C\n|rule|Species Clause: Limit one of each Pok\u00e9mon\n|rule|Item Clause: Limit one of each item\n|clearpoke\n|poke|p1|Bronzong, L50|\n|poke|p1|Kingambit, L50, M|\n|poke|p1|Corviknight, L50, F|\n|poke|p1|Gholdengo, L50|\n|poke|p1|Murkrow, L50, M|\n|poke|p1|Palafin, L50, M|\n|poke|p2|Meowscarada, L50, F|\n|poke|p2|Krookodile, L50, F|\n|poke|p2|Flamigo, L50, F|\n|poke|p2|Garchomp, L50, M|\n|poke|p2|Amoonguss, L50, F|\n|poke|p2|Gastrodon, L50, F|\n|teampreview|4\n|\n|t:|1683248610\n|start\n|switch|p1a: Bronzong|Bronzong, L50|100\/100\n|switch|p1b: Palafin|Palafin, L50, M|100\/100\n|switch|p2a: Meowscarada|Meowscarada, L50, F|100\/100\n|switch|p2b: Krookodile|Krookodile, L50, F|100\/100\n|turn|1\n|\n|t:|1683248625\n|move|p2b: Krookodile|Protect|p2b: Krookodile\n|-singleturn|p2b: Krookodile|Protect\n|move|p2a: Meowscarada|Leaf Storm|p1b: Palafin\n|-supereffective|p1b: Palafin\n|-damage|p1b: Palafin|0 fnt\n|-unboost|p2a: Meowscarada|spa|2\n|faint|p1b: Palafin\n|move|p1a: Bronzong|Trick Room|p1a: Bronzong\n|-fieldstart|move: Trick Room|[of] p1a: Bronzong\n|\n|upkeep\n|\n|t:|1683248635\n|switch|p1b: Gholdengo|Gholdengo, L50|100\/100\n|turn|2\n|\n|t:|1683248650\n|switch|p2b: Flamigo|Flamigo, L50, F|100\/100\n|-copyboost|p2b: Flamigo|p2a: Meowscarada|[from] ability: Costar\n|move|p2a: Meowscarada|Protect|p2a: Meowscarada\n|-singleturn|p2a: Meowscarada|Protect\n|move|p1a: Bronzong|Body Press|p2a: Meowscarada\n|-activate|p2a: Meowscarada|move: Protect\n|move|p1b: Gholdengo|Dazzling Gleam|p2a: Meowscarada|[spread] p2b\n|-activate|p2a: Meowscarada|move: Protect\n|-supereffective|p2b: Flamigo\n|-damage|p2b: Flamigo|28\/100\n|\n|upkeep\n|turn|3\n|\n|t:|1683248686\n|switch|p2a: Krookodile|Krookodile, L50, F|100\/100\n|move|p2b: Flamigo|Protect|p2b: Flamigo\n|-singleturn|p2b: Flamigo|Protect\n|move|p1a: Bronzong|Body Press|p2a: Krookodile\n|-supereffective|p2a: Krookodile\n|-crit|p2a: Krookodile\n|-damage|p2a: Krookodile|25\/100\n|-setboost|p2a: Krookodile|atk|6|[from] ability: Anger Point\n|-enditem|p2a: Krookodile|Salac Berry|[eat]\n|-boost|p2a: Krookodile|spe|1|[from] item: Salac Berry\n|move|p1b: Gholdengo|Dazzling Gleam|p2a: Krookodile|[spread] p2a\n|-activate|p2b: Flamigo|move: Protect\n|-supereffective|p2a: Krookodile\n|-damage|p2a: Krookodile|0 fnt\n|faint|p2a: Krookodile\n|\n|upkeep\n|\n|t:|1683248704\n|switch|p2a: Garchomp|Garchomp, L50, M|100\/100\n|turn|4\n|\n|t:|1683248761\n|-terastallize|p1b: Gholdengo|Flying\n|-terastallize|p2a: Garchomp|Fire\n|move|p1a: Bronzong|Body Press|p2b: Flamigo\n|-resisted|p2b: Flamigo\n|-damage|p2b: Flamigo|14\/100\n|move|p1b: Gholdengo|Make It Rain|p2a: Garchomp|[spread] p2a,p2b\n|-resisted|p2a: Garchomp\n|-damage|p2a: Garchomp|72\/100\n|-damage|p2b: Flamigo|0 fnt\n|-unboost|p1b: Gholdengo|spa|1\n|faint|p2b: Flamigo\n|move|p2a: Garchomp|Tera Blast|p1a: Bronzong\n|-supereffective|p1a: Bronzong\n|-damage|p1a: Bronzong|0 fnt\n|faint|p1a: Bronzong\n|-damage|p2a: Garchomp|62\/100|[from] item: Life Orb\n|\n|upkeep\n|\n|t:|1683248781\n|switch|p1a: Kingambit|Kingambit, L50, M|100\/100\n|switch|p2b: Meowscarada|Meowscarada, L50, F|100\/100\n|-activate|p1a: Kingambit|ability: Supreme Overlord\n|-start|p1a: Kingambit|fallen2|[silent]\n|turn|5\n|\n|t:|1683248794\n|move|p2a: Garchomp|Protect|p2a: Garchomp\n|-singleturn|p2a: Garchomp|Protect\n|move|p2b: Meowscarada|Protect|p2b: Meowscarada\n|-singleturn|p2b: Meowscarada|Protect\n|move|p1a: Kingambit|X-Scissor|p2b: Meowscarada\n|-activate|p2b: Meowscarada|move: Protect\n|move|p1b: Gholdengo|Dazzling Gleam|p2a: Garchomp|[spread] \n|-activate|p2a: Garchomp|move: Protect\n|-activate|p2b: Meowscarada|move: Protect\n|\n|-fieldend|move: Trick Room\n|upkeep\n|turn|6\n|\n|t:|1683248816\n|move|p2b: Meowscarada|Aura Sphere|p1a: Kingambit\n|-supereffective|p1a: Kingambit\n|-damage|p1a: Kingambit|17\/100\n|move|p2a: Garchomp|Tera Blast|p1b: Gholdengo\n|-damage|p1b: Gholdengo|39\/100\n|-damage|p2a: Garchomp|52\/100|[from] item: Life Orb\n|move|p1b: Gholdengo|Dazzling Gleam|p2a: Garchomp|[spread] p2a,p2b\n|-resisted|p2a: Garchomp\n|-supereffective|p2b: Meowscarada\n|-damage|p2a: Garchomp|43\/100\n|-damage|p2b: Meowscarada|58\/100\n|move|p1a: Kingambit|X-Scissor|p2b: Meowscarada\n|-supereffective|p2b: Meowscarada\n|-crit|p2b: Meowscarada\n|-damage|p2b: Meowscarada|0 fnt\n|faint|p2b: Meowscarada\n|\n|upkeep\n|turn|7\n|\n|t:|1683248839\n|move|p2a: Garchomp|Earthquake|p1b: Gholdengo|[spread] p1a\n|-immune|p1b: Gholdengo\n|-supereffective|p1a: Kingambit\n|-damage|p1a: Kingambit|0 fnt\n|faint|p1a: Kingambit\n|-end|p1a: Kingambit|fallen2|[silent]\n|-damage|p2a: Garchomp|33\/100|[from] item: Life Orb\n|move|p1b: Gholdengo|Make It Rain|p2a: Garchomp\n|-resisted|p2a: Garchomp\n|-damage|p2a: Garchomp|7\/100\n|-unboost|p1b: Gholdengo|spa|1\n|\n|upkeep\n|turn|8\n|\n|t:|1683248858\n|move|p2a: Garchomp|Rock Slide|p1b: Gholdengo\n|-supereffective|p1b: Gholdengo\n|-damage|p1b: Gholdengo|0 fnt\n|faint|p1b: Gholdengo\n|-damage|p2a: Garchomp|0 fnt|[from] item: Life Orb\n|faint|p2a: Garchomp\n|\n|win|kamikazee19\n","uploadtime":1683248868,"views":9,"p1id":"steelgymluke","p2id":"kamikazee19","formatid":"gen9vgc2023regulationc","rating":0,"private":0,"password":""}