{"id":"gen9vgc2023regulationc-1848054152","p1":"KB1107","p2":"AleAbrao","format":"[Gen 9] VGC 2023 Regulation C","log":"|j|\u2606KB1107\n|j|\u2606AleAbrao\n|t:|1682024643\n|gametype|doubles\n|player|p1|KB1107|hugh|1107\n|player|p2|AleAbrao|170|1000\n|teamsize|p1|6\n|teamsize|p2|6\n|gen|9\n|tier|[Gen 9] VGC 2023 Regulation C\n|rated|\n|rule|Species Clause: Limit one of each Pok\u00e9mon\n|rule|Item Clause: Limit one of each item\n|clearpoke\n|poke|p1|Roaring Moon, L50|\n|poke|p1|Arcanine, L50, M|\n|poke|p1|Chien-Pao, L50|\n|poke|p1|Dragapult, L50, M|\n|poke|p1|Scizor, L50, F|\n|poke|p1|Sableye, L50, M|\n|poke|p2|Ting-Lu, L50|\n|poke|p2|Flutter Mane, L50|\n|poke|p2|Dragonite, L50, F|\n|poke|p2|Palafin, L50, M|\n|poke|p2|Arcanine, L50, F|\n|poke|p2|Chien-Pao, L50|\n|teampreview|4\n|\n|t:|1682024680\n|start\n|switch|p1a: Roaring Moon|Roaring Moon, L50|100\/100\n|switch|p1b: Sableye|Sableye, L50, M|100\/100\n|switch|p2a: Palafin|Palafin, L50, M|100\/100\n|switch|p2b: Bee Gees|Dragonite, L50, F|100\/100\n|-enditem|p1a: Roaring Moon|Booster Energy\n|-activate|p1a: Roaring Moon|ability: Protosynthesis|[fromitem]\n|-start|p1a: Roaring Moon|protosynthesisatk\n|turn|1\n|\n|t:|1682024717\n|detailschange|p2a: Palafin|Palafin-Hero, L50, M\n|switch|p2a: Wu-Tang Clan|Ting-Lu, L50|100\/100\n|-ability|p2a: Wu-Tang Clan|Vessel of Ruin\n|-terastallize|p1a: Roaring Moon|Flying\n|-terastallize|p2b: Bee Gees|Flying\n|move|p1b: Sableye|Fake Out|p2b: Bee Gees\n|-damage|p2b: Bee Gees|97\/100\n|move|p1a: Roaring Moon|Acrobatics|p2a: Wu-Tang Clan\n|-damage|p2a: Wu-Tang Clan|56\/100\n|cant|p2b: Bee Gees|flinch\n|\n|-heal|p2a: Wu-Tang Clan|62\/100|[from] item: Leftovers\n|upkeep\n|turn|2\n|inactive|Battle timer is ON: inactive players will automatically lose when time's up. (requested by AleAbrao)\n|inactive|KB1107 has 60 seconds left.\n|\n|t:|1682024759\n|move|p1a: Roaring Moon|Acrobatics|p2b: Bee Gees\n|-damage|p2b: Bee Gees|24\/100\n|move|p2b: Bee Gees|Ice Spinner|p1a: Roaring Moon\n|-supereffective|p1a: Roaring Moon\n|-damage|p1a: Roaring Moon|36\/100\n|move|p1b: Sableye|Knock Off|p2a: Wu-Tang Clan\n|-resisted|p2a: Wu-Tang Clan\n|-damage|p2a: Wu-Tang Clan|55\/100\n|-enditem|p2a: Wu-Tang Clan|Leftovers|[from] move: Knock Off|[of] p1b: Sableye\n|move|p2a: Wu-Tang Clan|Earthquake|p1a: Roaring Moon|[spread] p1b\n|-immune|p2b: Bee Gees\n|-immune|p1a: Roaring Moon\n|-damage|p1b: Sableye|74\/100\n|\n|upkeep\n|turn|3\n|inactive|KB1107 has 30 seconds left.\n|inactive|KB1107 has 20 seconds left.\n|inactive|KB1107 has 15 seconds left.\n|inactive|KB1107 has 10 seconds left.\n|inactive|KB1107 has 5 seconds left.\n|\n|t:|1682024810\n|switch|p2a: Palafin|Palafin-Hero, L50, M|100\/100\n|-activate|p2a: Palafin|ability: Zero to Hero\n|move|p2b: Bee Gees|Extreme Speed|p1a: Roaring Moon\n|-damage|p1a: Roaring Moon|0 fnt\n|faint|p1a: Roaring Moon\n|-end|p1a: Roaring Moon|Protosynthesis|[silent]\n|move|p1b: Sableye|Knock Off|p2a: Palafin\n|-damage|p2a: Palafin|77\/100\n|-enditem|p2a: Palafin|Mystic Water|[from] move: Knock Off|[of] p1b: Sableye\n|\n|upkeep\n|\n|t:|1682024824\n|switch|p1a: Dragapult|Dragapult, L50, M|100\/100\n|turn|4\n|\n|t:|1682024847\n|move|p2a: Palafin|Jet Punch|p1b: Sableye\n|-damage|p1b: Sableye|35\/100\n|move|p1b: Sableye|Quash|p2b: Bee Gees\n|-activate|p2b: Bee Gees|move: Quash\n|move|p1a: Dragapult|Dragon Darts|p2b: Bee Gees\n|-damage|p2b: Bee Gees|0 fnt\n|-anim|p1a: Dragapult|Dragon Darts|p2a: Palafin\n|-damage|p2a: Palafin|46\/100\n|faint|p2b: Bee Gees\n|\n|upkeep\n|\n|t:|1682024858\n|switch|p2b: Arcanine|Arcanine, L50, F|100\/100\n|-ability|p2b: Arcanine|Intimidate|boost\n|-fail|p1a: Dragapult|unboost|[from] ability: Clear Body|[of] p1a: Dragapult\n|-unboost|p1b: Sableye|atk|1\n|turn|5\n|\n|t:|1682024879\n|move|p2a: Palafin|Jet Punch|p1b: Sableye\n|-damage|p1b: Sableye|0 fnt\n|faint|p1b: Sableye\n|move|p1a: Dragapult|Dragon Darts|p2b: Arcanine\n|-damage|p2b: Arcanine|61\/100\n|-anim|p1a: Dragapult|Dragon Darts|p2a: Palafin\n|-damage|p2a: Palafin|15\/100\n|move|p2b: Arcanine|Snarl|p1a: Dragapult\n|-supereffective|p1a: Dragapult\n|-damage|p1a: Dragapult|69\/100\n|\n|upkeep\n|\n|t:|1682024890\n|switch|p1b: Chien-Pao|Chien-Pao, L50|100\/100\n|-ability|p1b: Chien-Pao|Sword of Ruin\n|turn|6\n|\n|t:|1682024912\n|switch|p2b: Wu-Tang Clan|Ting-Lu, L50|55\/100\n|-ability|p2b: Wu-Tang Clan|Vessel of Ruin\n|move|p2a: Palafin|Protect|p2a: Palafin\n|-singleturn|p2a: Palafin|Protect\n|move|p1b: Chien-Pao|Sucker Punch||[still]\n|-fail|p1b: Chien-Pao\n|move|p1a: Dragapult|Dragon Darts|p2b: Wu-Tang Clan\n|-damage|p2b: Wu-Tang Clan|29\/100\n|-anim|p1a: Dragapult|Dragon Darts|p2b: Wu-Tang Clan\n|-damage|p2b: Wu-Tang Clan|0 fnt\n|faint|p2b: Wu-Tang Clan\n|\n|upkeep\n|\n|t:|1682024924\n|switch|p2b: Arcanine|Arcanine, L50, F|61\/100\n|-ability|p2b: Arcanine|Intimidate|boost\n|-fail|p1a: Dragapult|unboost|[from] ability: Clear Body|[of] p1a: Dragapult\n|-unboost|p1b: Chien-Pao|atk|1\n|turn|7\n|\n|t:|1682024944\n|move|p1b: Chien-Pao|Sucker Punch|p2b: Arcanine\n|-damage|p2b: Arcanine|31\/100\n|move|p2a: Palafin|Jet Punch|p1a: Dragapult\n|-resisted|p1a: Dragapult\n|-damage|p1a: Dragapult|35\/100\n|move|p1a: Dragapult|Dragon Darts|p2b: Arcanine\n|-damage|p2b: Arcanine|0 fnt\n|-anim|p1a: Dragapult|Dragon Darts|p2a: Palafin\n|-damage|p2a: Palafin|0 fnt\n|faint|p2b: Arcanine\n|faint|p2a: Palafin\n|\n|win|KB1107\n|raw|KB1107's rating: 1107 → 1125<\/strong> (+18 for winning)\n|raw|AleAbrao's rating: 1000 → 1000<\/strong> (+0 for losing)\n","uploadtime":1682024960,"views":12,"p1id":"kb1107","p2id":"aleabrao","formatid":"gen9vgc2023regulationc","rating":1000,"private":0,"password":""}