{"id":"gen9vgc2023regulationc-1845787426","p1":"Milink55","p2":"kwantumvgc","format":"[Gen 9] VGC 2023 Regulation C","log":"|j|\u2606Milink55\n|j|\u2606kwantumvgc\n|t:|1681764556\n|gametype|doubles\n|player|p1|Milink55|volkner|1190\n|player|p2|kwantumvgc|102|1245\n|teamsize|p1|6\n|teamsize|p2|6\n|gen|9\n|tier|[Gen 9] VGC 2023 Regulation C\n|rated|\n|rule|Species Clause: Limit one of each Pok\u00e9mon\n|rule|Item Clause: Limit one of each item\n|clearpoke\n|poke|p1|Garganacl, L50, M|\n|poke|p1|Arcanine, L50, M|\n|poke|p1|Iron Bundle, L50|\n|poke|p1|Flutter Mane, L50|\n|poke|p1|Amoonguss, L50, F|\n|poke|p1|Wo-Chien, L50|\n|poke|p2|Volcarona, L50, F|\n|poke|p2|Wo-Chien, L50|\n|poke|p2|Grimmsnarl, L50, M|\n|poke|p2|Azumarill, L50, M|\n|poke|p2|Glimmora, L50, F|\n|poke|p2|Flutter Mane, L50|\n|teampreview|4\nkwantumvgc has agreed to open team sheets.\n|inactive|Battle timer is ON: inactive players will automatically lose when time's up. (requested by kwantumvgc)\n|\n|t:|1681764597\n|start\n|switch|p1a: Garganacl|Garganacl, L50, M|100\/100\n|switch|p1b: Iron Bundle|Iron Bundle, L50|100\/100\n|switch|p2a: Glimmora|Glimmora, L50, F|100\/100\n|switch|p2b: Volcarona|Volcarona, L50, F|100\/100\n|-enditem|p1b: Iron Bundle|Booster Energy\n|-activate|p1b: Iron Bundle|ability: Quark Drive|[fromitem]\n|-start|p1b: Iron Bundle|quarkdrivespa\n|turn|1\n|inactive|kwantumvgc has 30 seconds left.\n|inactive|kwantumvgc has 20 seconds left.\n|\n|t:|1681764636\n|-terastallize|p2b: Volcarona|Water\n|move|p1b: Iron Bundle|Protect|p1b: Iron Bundle\n|-singleturn|p1b: Iron Bundle|Protect\n|move|p2a: Glimmora|Power Gem|p1b: Iron Bundle\n|-activate|p1b: Iron Bundle|move: Protect\n|move|p2b: Volcarona|Giga Drain|p1a: Garganacl\n|-supereffective|p1a: Garganacl\n|-damage|p1a: Garganacl|65\/100\n|move|p1a: Garganacl|Salt Cure|p2b: Volcarona\n|-damage|p2b: Volcarona|83\/100\n|-start|p2b: Volcarona|Salt Cure\n|\n|-heal|p1a: Garganacl|71\/100|[from] item: Leftovers\n|-damage|p2b: Volcarona|58\/100|[from] Salt Cure\n|upkeep\n|turn|2\n|inactive|Milink55 has 30 seconds left.\n|\n|t:|1681764669\n|switch|p2b: Azumarill|Azumarill, L50, M|100\/100\n|move|p1b: Iron Bundle|Hydro Pump|p2a: Glimmora|[miss]\n|-miss|p1b: Iron Bundle|p2a: Glimmora\n|move|p2a: Glimmora|Power Gem|p1b: Iron Bundle\n|-supereffective|p1b: Iron Bundle\n|-damage|p1b: Iron Bundle|0 fnt\n|faint|p1b: Iron Bundle\n|-end|p1b: Iron Bundle|Quark Drive|[silent]\n|move|p1a: Garganacl|Recover|p1a: Garganacl\n|-heal|p1a: Garganacl|100\/100\n|\n|upkeep\n|\n|t:|1681764681\n|switch|p1b: Wo-Chien|Wo-Chien, L50|100\/100\n|-ability|p1b: Wo-Chien|Tablets of Ruin\n|turn|3\n|\n|t:|1681764704\n|-terastallize|p1a: Garganacl|Flying\n|move|p2a: Glimmora|Mortal Spin|p1a: Garganacl|[spread] p1a,p1b\n|-supereffective|p1b: Wo-Chien\n|-damage|p1a: Garganacl|99\/100\n|-damage|p1b: Wo-Chien|96\/100\n|-status|p1b: Wo-Chien|psn\n|move|p1b: Wo-Chien|Leech Seed|p2a: Glimmora\n|-start|p2a: Glimmora|move: Leech Seed\n|move|p2b: Azumarill|Play Rough|p1b: Wo-Chien\n|-supereffective|p1b: Wo-Chien\n|-damage|p1b: Wo-Chien|31\/100 psn\n|move|p1a: Garganacl|Salt Cure|p2b: Azumarill\n|-damage|p2b: Azumarill|88\/100\n|-start|p2b: Azumarill|Salt Cure\n|\n|-heal|p1a: Garganacl|100\/100|[from] item: Leftovers\n|-damage|p2a: Glimmora|88\/100|[from] Leech Seed|[of] p1b: Wo-Chien\n|-heal|p1b: Wo-Chien|45\/100 psn|[silent]\n|-damage|p1b: Wo-Chien|32\/100 psn|[from] psn\n|-damage|p2b: Azumarill|63\/100|[from] Salt Cure\n|upkeep\n|turn|4\n|inactive|Milink55 has 30 seconds left.\n|inactive|Milink55 has 20 seconds left.\n|\n|t:|1681764741\n|move|p2a: Glimmora|Power Gem|p1a: Garganacl\n|-supereffective|p1a: Garganacl\n|-damage|p1a: Garganacl|40\/100\n|move|p1b: Wo-Chien|Leech Seed|p2b: Azumarill|[miss]\n|-miss|p1b: Wo-Chien|p2b: Azumarill\n|move|p2b: Azumarill|Play Rough|p1b: Wo-Chien\n|-supereffective|p1b: Wo-Chien\n|-damage|p1b: Wo-Chien|0 fnt\n|faint|p1b: Wo-Chien\n|move|p1a: Garganacl|Salt Cure|p2a: Glimmora\n|-damage|p2a: Glimmora|70\/100\n|-start|p2a: Glimmora|Salt Cure\n|-activate|p2a: Glimmora|ability: Toxic Debris\n|-sidestart|p1: Milink55|move: Toxic Spikes\n|\n|-heal|p1a: Garganacl|45\/100|[from] item: Leftovers\n|-damage|p2a: Glimmora|58\/100|[from] Salt Cure\n|-damage|p2b: Azumarill|38\/100|[from] Salt Cure\n|upkeep\n|\n|t:|1681764756\n|switch|p1b: Flutter Mane|Flutter Mane, L50|100\/100\n|-status|p1b: Flutter Mane|psn\n|turn|5\n|\n|t:|1681764779\n|switch|p2b: Volcarona|Volcarona, L50, F, tera:Water|58\/100\n|move|p1b: Flutter Mane|Shadow Ball|p2a: Glimmora\n|-damage|p2a: Glimmora|4\/100\n|move|p2a: Glimmora|Power Gem|p1a: Garganacl\n|-supereffective|p1a: Garganacl\n|-damage|p1a: Garganacl|0 fnt\n|faint|p1a: Garganacl\n|\n|-damage|p2a: Glimmora|0 fnt|[from] Leech Seed|[of] p1b: Flutter Mane\n|faint|p2a: Glimmora\n|-damage|p1b: Flutter Mane|88\/100 psn|[from] psn\n|upkeep\n|-message|Milink55 forfeited.\n|\n|win|kwantumvgc\n|raw|Milink55's rating: 1190 → 1169<\/strong> (-21 for losing)\n|raw|kwantumvgc's rating: 1245 → 1266<\/strong> (+21 for winning)\n","uploadtime":1681764801,"views":7,"p1id":"milink55","p2id":"kwantumvgc","formatid":"gen9vgc2023regulationc","rating":1169,"private":0,"password":""}