{"id":"gen9vgc2023regulationc-1845223797","p1":"BigPapiKiryae","p2":"infinitygroudon","format":"[Gen 9] VGC 2023 Regulation C","log":"|j|\u2606BigPapiKiryae\n|j|\u2606infinitygroudon\n|t:|1681698482\n|gametype|doubles\n|player|p1|BigPapiKiryae|102|1556\n|player|p2|infinitygroudon|265|1457\n|teamsize|p1|6\n|teamsize|p2|6\n|gen|9\n|tier|[Gen 9] VGC 2023 Regulation C\n|rated|\n|rule|Species Clause: Limit one of each Pok\u00e9mon\n|rule|Item Clause: Limit one of each item\n|clearpoke\n|poke|p1|Chi-Yu, L50|\n|poke|p1|Iron Bundle, L50|\n|poke|p1|Flutter Mane, L50|\n|poke|p1|Maushold-Four, L50|\n|poke|p1|Dragonite, L50, F|\n|poke|p1|Great Tusk, L50|\n|poke|p2|Ting-Lu, L50|\n|poke|p2|Palafin, L50, F|\n|poke|p2|Corviknight, L50, M|\n|poke|p2|Chi-Yu, L50|\n|poke|p2|Farigiraf, L50, M|\n|poke|p2|Amoonguss, L50, M|\n|teampreview|4\ninfinitygroudon has agreed to open team sheets.\n|\n|t:|1681698505\n|start\n|switch|p1a: Dragonite|Dragonite, L50, F|100\/100\n|switch|p1b: Chi-Yu|Chi-Yu, L50|100\/100\n|switch|p2a: Palafin|Palafin, L50, F, shiny|100\/100\n|switch|p2b: Chi-Yu|Chi-Yu, L50|100\/100\n|-ability|p1b: Chi-Yu|Beads of Ruin\n|-ability|p2b: Chi-Yu|Beads of Ruin\n|turn|1\n|inactive|Battle timer is ON: inactive players will automatically lose when time's up. (requested by BigPapiKiryae)\n|\n|t:|1681698526\n|switch|p1b: Maushold|Maushold-Four, L50|100\/100\n|switch|p2b: Corviknight|Corviknight, L50, M|100\/100\n|-terastallize|p2a: Palafin|Water\n|-terastallize|p1a: Dragonite|Flying\n|move|p2a: Palafin|Jet Punch|p1b: Maushold\n|-damage|p1b: Maushold|62\/100\n|move|p1a: Dragonite|Tera Blast|p2b: Corviknight\n|-resisted|p2b: Corviknight\n|-damage|p2b: Corviknight|73\/100\n|\n|upkeep\n|turn|2\n|\n|t:|1681698550\n|detailschange|p2a: Palafin|Palafin-Hero, L50, F, shiny, tera:Water\n|switch|p2a: Ting-Lu|Ting-Lu, L50|100\/100\n|-ability|p2a: Ting-Lu|Vessel of Ruin\n|move|p1b: Maushold|Helping Hand|p1a: Dragonite\n|-singleturn|p1a: Dragonite|Helping Hand|[of] p1b: Maushold\n|move|p1a: Dragonite|Tera Blast|p2a: Ting-Lu\n|-damage|p2a: Ting-Lu|61\/100\n|move|p2b: Corviknight|Brave Bird|p1b: Maushold\n|-damage|p1b: Maushold|27\/100\n|-damage|p2b: Corviknight|62\/100|[from] Recoil\n|\n|-heal|p2a: Ting-Lu|68\/100|[from] item: Leftovers\n|upkeep\n|turn|3\n|\n|t:|1681698573\n|move|p1b: Maushold|Protect|p1b: Maushold\n|-singleturn|p1b: Maushold|Protect\n|move|p1a: Dragonite|Tailwind|p1a: Dragonite\n|-sidestart|p1: BigPapiKiryae|move: Tailwind\n|move|p2b: Corviknight|Roost|p2b: Corviknight\n|-heal|p2b: Corviknight|100\/100\n|-singleturn|p2b: Corviknight|move: Roost\n|move|p2a: Ting-Lu|Stomping Tantrum|p1b: Maushold\n|-activate|p1b: Maushold|move: Protect\n|\n|-heal|p2a: Ting-Lu|74\/100|[from] item: Leftovers\n|upkeep\n|turn|4\n|\n|t:|1681698591\n|move|p1b: Maushold|Super Fang|p2a: Ting-Lu\n|-damage|p2a: Ting-Lu|37\/100\n|move|p1a: Dragonite|Tera Blast|p2a: Ting-Lu\n|-damage|p2a: Ting-Lu|6\/100\n|move|p2b: Corviknight|Brave Bird|p1b: Maushold\n|-damage|p1b: Maushold|0 fnt\n|faint|p1b: Maushold\n|-damage|p2b: Corviknight|92\/100|[from] Recoil\n|move|p2a: Ting-Lu|Ruination|p1a: Dragonite\n|-damage|p1a: Dragonite|51\/100\n|\n|-heal|p2a: Ting-Lu|12\/100|[from] item: Leftovers\n|upkeep\n|\n|t:|1681698609\n|switch|p1b: Chi-Yu|Chi-Yu, L50|100\/100\n|-ability|p1b: Chi-Yu|Beads of Ruin\n|turn|5\n|\n|t:|1681698624\n|switch|p2b: Palafin|Palafin-Hero, L50, F, shiny, tera:Water|100\/100\n|-activate|p2b: Palafin|ability: Zero to Hero\n|move|p1b: Chi-Yu|Heat Wave|p2a: Ting-Lu|[spread] p2a\n|-miss|p1b: Chi-Yu|p2b: Palafin\n|-damage|p2a: Ting-Lu|0 fnt\n|faint|p2a: Ting-Lu\n|move|p1a: Dragonite|Tera Blast|p2b: Palafin\n|-damage|p2b: Palafin|31\/100\n|\n|upkeep\n|\n|t:|1681698632\n|switch|p2a: Chi-Yu|Chi-Yu, L50|100\/100\n|-ability|p2a: Chi-Yu|Beads of Ruin\n|turn|6\n|inactive|BigPapiKiryae has 30 seconds left.\n|\n|t:|1681698660\n|switch|p1b: Iron Bundle|Iron Bundle, L50|100\/100\n|-enditem|p1b: Iron Bundle|Booster Energy\n|-activate|p1b: Iron Bundle|ability: Quark Drive|[fromitem]\n|-start|p1b: Iron Bundle|quarkdrivespe\n|move|p1a: Dragonite|Protect|p1a: Dragonite\n|-singleturn|p1a: Dragonite|Protect\n|move|p2b: Palafin|Protect|p2b: Palafin\n|-singleturn|p2b: Palafin|Protect\n|move|p2a: Chi-Yu|Dark Pulse|p1a: Dragonite\n|-activate|p1a: Dragonite|move: Protect\n|\n|-sideend|p1: BigPapiKiryae|move: Tailwind\n|upkeep\n|turn|7\n|\n|t:|1681698685\n|switch|p2b: Corviknight|Corviknight, L50, M|92\/100\n|move|p1a: Dragonite|Extreme Speed|p2b: Corviknight\n|-resisted|p2b: Corviknight\n|-damage|p2b: Corviknight|78\/100\n|-damage|p1a: Dragonite|35\/100|[from] item: Rocky Helmet|[of] p2b: Corviknight\n|move|p1b: Iron Bundle|Hydro Pump|p2a: Chi-Yu\n|-supereffective|p2a: Chi-Yu\n|-damage|p2a: Chi-Yu|0 fnt\n|faint|p2a: Chi-Yu\n|\n|upkeep\n|\n|t:|1681698694\n|switch|p2a: Palafin|Palafin-Hero, L50, F, shiny, tera:Water|31\/100\n|turn|8\n|\n|t:|1681698710\n|move|p1b: Iron Bundle|Protect|p1b: Iron Bundle\n|-singleturn|p1b: Iron Bundle|Protect\n|move|p2a: Palafin|Protect|p2a: Palafin\n|-singleturn|p2a: Palafin|Protect\n|move|p1a: Dragonite|Tailwind|p1a: Dragonite\n|-sidestart|p1: BigPapiKiryae|move: Tailwind\n|move|p2b: Corviknight|Brave Bird|p1a: Dragonite\n|-damage|p1a: Dragonite|0 fnt\n|faint|p1a: Dragonite\n|-damage|p2b: Corviknight|67\/100|[from] Recoil\n|\n|upkeep\n|\n|t:|1681698723\n|switch|p1a: Chi-Yu|Chi-Yu, L50|100\/100\n|-ability|p1a: Chi-Yu|Beads of Ruin\n|turn|9\n|\n|t:|1681698732\n|move|p2a: Palafin|Jet Punch|p1a: Chi-Yu\n|-supereffective|p1a: Chi-Yu\n|-damage|p1a: Chi-Yu|0 fnt\n|faint|p1a: Chi-Yu\n|move|p1b: Iron Bundle|Freeze-Dry|p2a: Palafin\n|-supereffective|p2a: Palafin\n|-damage|p2a: Palafin|0 fnt\n|faint|p2a: Palafin\n|move|p2b: Corviknight|Brave Bird|p1b: Iron Bundle\n|-damage|p1b: Iron Bundle|56\/100\n|-damage|p2b: Corviknight|57\/100|[from] Recoil\n|\n|upkeep\n|turn|10\n|\n|t:|1681698745\n|move|p1b: Iron Bundle|Hydro Pump|p2b: Corviknight\n|-damage|p2b: Corviknight|14\/100\n|move|p2b: Corviknight|Roost|p2b: Corviknight\n|-heal|p2b: Corviknight|65\/100\n|-singleturn|p2b: Corviknight|move: Roost\n|\n|upkeep\n|turn|11\n|\n|t:|1681698753\n|move|p1b: Iron Bundle|Freeze-Dry|p2b: Corviknight\n|-damage|p2b: Corviknight|37\/100\n|move|p2b: Corviknight|Roost|p2b: Corviknight\n|-heal|p2b: Corviknight|87\/100\n|-singleturn|p2b: Corviknight|move: Roost\n|\n|-sideend|p1: BigPapiKiryae|move: Tailwind\n|upkeep\n|turn|12\n|\n|t:|1681698762\n|move|p1b: Iron Bundle|Freeze-Dry|p2b: Corviknight\n|-damage|p2b: Corviknight|59\/100\n|move|p2b: Corviknight|Iron Head|p1b: Iron Bundle\n|-damage|p1b: Iron Bundle|22\/100\n|\n|upkeep\n|turn|13\n|\n|t:|1681698769\n|move|p1b: Iron Bundle|Freeze-Dry|p2b: Corviknight\n|-damage|p2b: Corviknight|32\/100\n|move|p2b: Corviknight|Brave Bird|p1b: Iron Bundle\n|-damage|p1b: Iron Bundle|0 fnt\n|faint|p1b: Iron Bundle\n|-end|p1b: Iron Bundle|Quark Drive|[silent]\n|-damage|p2b: Corviknight|27\/100|[from] Recoil\n|\n|win|infinitygroudon\n|raw|BigPapiKiryae's rating: 1556 → 1530<\/strong> (-26 for losing)\n|raw|infinitygroudon's rating: 1457 → 1483<\/strong> (+26 for winning)\n|l|\u2606infinitygroudon\n","uploadtime":1681698790,"views":6,"p1id":"bigpapikiryae","p2id":"infinitygroudon","formatid":"gen9vgc2023regulationc","rating":1483,"private":0,"password":""}