{"id":"gen9vgc2023regulationc-1848681636","p1":"gerald but yes","p2":"Kekko11","format":"[Gen 9] VGC 2023 Regulation C","log":"|j|\u2606gerald but yes\n|j|\u2606Kekko11\n|t:|1682100366\n|gametype|doubles\n|player|p1|gerald but yes|102|1169\n|player|p2|Kekko11|wattson|1208\n|teamsize|p1|6\n|teamsize|p2|6\n|gen|9\n|tier|[Gen 9] VGC 2023 Regulation C\n|rated|\n|rule|Species Clause: Limit one of each Pok\u00e9mon\n|rule|Item Clause: Limit one of each item\n|clearpoke\n|poke|p1|Dachsbun, L50, F|\n|poke|p1|Chi-Yu, L50|\n|poke|p1|Iron Jugulis, L50|\n|poke|p1|Scizor, L50, F|\n|poke|p1|Iron Bundle, L50|\n|poke|p1|Amoonguss, L50, F|\n|poke|p2|Flutter Mane, L50|\n|poke|p2|Ting-Lu, L50|\n|poke|p2|Wo-Chien, L50|\n|poke|p2|Iron Valiant, L50|\n|poke|p2|Pelipper, L50, M|\n|poke|p2|Palafin, L50, M|\n|teampreview|4\n|inactive|Battle timer is ON: inactive players will automatically lose when time's up. (requested by Kekko11)\n|\n|t:|1682100393\n|start\n|switch|p1a: Dachsbun|Dachsbun, L50, F|100\/100\n|switch|p1b: Chi-Yu|Chi-Yu, L50|100\/100\n|switch|p2a: Palafin|Palafin, L50, M, shiny|100\/100\n|switch|p2b: Iron Valiant|Iron Valiant, L50|100\/100\n|-ability|p1b: Chi-Yu|Beads of Ruin\n|turn|1\n|\n|t:|1682100417\n|move|p1b: Chi-Yu|Protect|p1b: Chi-Yu\n|-singleturn|p1b: Chi-Yu|Protect\n|move|p2a: Palafin|Protect|p2a: Palafin\n|-singleturn|p2a: Palafin|Protect\n|move|p2b: Iron Valiant|Spirit Break|p1b: Chi-Yu\n|-activate|p1b: Chi-Yu|move: Protect\n|move|p1a: Dachsbun|Play Rough|p2b: Iron Valiant\n|-supereffective|p2b: Iron Valiant\n|-damage|p2b: Iron Valiant|8\/100\n|\n|upkeep\n|turn|2\n|inactive|gerald but yes has 30 seconds left.\n|inactive|gerald but yes has 20 seconds left.\n|\n|t:|1682100452\n|switch|p1b: Mike|Iron Jugulis, L50|100\/100\n|-enditem|p1b: Mike|Booster Energy\n|-activate|p1b: Mike|ability: Quark Drive|[fromitem]\n|-start|p1b: Mike|quarkdrivespe\n|detailschange|p2a: Palafin|Palafin-Hero, L50, M, shiny\n|switch|p2a: Flutter Mane|Flutter Mane, L50|100\/100\n|-enditem|p2a: Flutter Mane|Booster Energy\n|-activate|p2a: Flutter Mane|ability: Protosynthesis|[fromitem]\n|-start|p2a: Flutter Mane|protosynthesisspe\n|move|p2b: Iron Valiant|Close Combat|p1b: Mike\n|-damage|p1b: Mike|0 fnt\n|-unboost|p2b: Iron Valiant|def|1\n|-unboost|p2b: Iron Valiant|spd|1\n|faint|p1b: Mike\n|-end|p1b: Mike|Quark Drive|[silent]\n|-damage|p2b: Iron Valiant|0 fnt|[from] item: Life Orb\n|faint|p2b: Iron Valiant\n|-end|p2b: Iron Valiant|Quark Drive|[silent]\n|move|p1a: Dachsbun|Body Press|p2a: Flutter Mane\n|-immune|p2a: Flutter Mane\n|\n|upkeep\n|\n|t:|1682100474\n|switch|p2b: Palafin|Palafin-Hero, L50, M, shiny|100\/100\n|switch|p1b: Chi-Yu|Chi-Yu, L50|100\/100\n|-ability|p1b: Chi-Yu|Beads of Ruin\n|-activate|p2b: Palafin|ability: Zero to Hero\n|turn|3\n|\n|t:|1682100489\n|-terastallize|p1b: Chi-Yu|Fire\n|-terastallize|p2b: Palafin|Water\n|move|p2a: Flutter Mane|Calm Mind|p2a: Flutter Mane\n|-boost|p2a: Flutter Mane|spa|1\n|-boost|p2a: Flutter Mane|spd|1\n|move|p1b: Chi-Yu|Lava Plume|p2b: Palafin|[spread] p2a,p2b\n|-ability|p1a: Dachsbun|Well-Baked Body|boost\n|-boost|p1a: Dachsbun|def|2\n|-resisted|p2b: Palafin\n|-damage|p2a: Flutter Mane|44\/100\n|-damage|p2b: Palafin|63\/100\n|-status|p2a: Flutter Mane|brn\n|-damage|p1b: Chi-Yu|90\/100|[from] item: Life Orb\n|move|p1a: Dachsbun|Snarl|p2b: Palafin|[spread] p2a,p2b\n|-crit|p2a: Flutter Mane\n|-damage|p2a: Flutter Mane|34\/100 brn\n|-damage|p2b: Palafin|56\/100\n|-unboost|p2a: Flutter Mane|spa|1\n|-unboost|p2b: Palafin|spa|1\n|move|p2b: Palafin|Wave Crash|p1a: Dachsbun\n|-damage|p1a: Dachsbun|31\/100\n|-damage|p2b: Palafin|40\/100|[from] Recoil\n|\n|-damage|p2a: Flutter Mane|27\/100 brn|[from] brn\n|upkeep\n|turn|4\n|inactive|gerald but yes has 30 seconds left.\n|inactive|gerald but yes has 20 seconds left.\n|inactive|gerald but yes has 15 seconds left.\n|\n|t:|1682100530\n|move|p2b: Palafin|Jet Punch|p1b: Chi-Yu\n|-supereffective|p1b: Chi-Yu\n|-damage|p1b: Chi-Yu|0 fnt\n|faint|p1b: Chi-Yu\n|move|p2a: Flutter Mane|Shadow Ball|p1a: Dachsbun\n|-damage|p1a: Dachsbun|0 fnt\n|faint|p1a: Dachsbun\n|\n|-damage|p2a: Flutter Mane|21\/100 brn|[from] brn\n|upkeep\n|\n|t:|1682100541\n|switch|p1b: Ferrosaco|Iron Bundle, L50|100\/100\n|turn|5\n|\n|t:|1682100556\n|move|p2a: Flutter Mane|Shadow Ball|p1b: Ferrosaco\n|-damage|p1b: Ferrosaco|20\/100\n|-unboost|p1b: Ferrosaco|spd|1\n|move|p1b: Ferrosaco|Freeze-Dry|p2a: Flutter Mane\n|-damage|p2a: Flutter Mane|0 fnt\n|faint|p2a: Flutter Mane\n|-end|p2a: Flutter Mane|Protosynthesis|[silent]\n|move|p2b: Palafin|Wave Crash|p1b: Ferrosaco\n|-resisted|p1b: Ferrosaco\n|-damage|p1b: Ferrosaco|0 fnt\n|faint|p1b: Ferrosaco\n|-end|p1b: Ferrosaco|Quark Drive|[silent]\n|-damage|p2b: Palafin|35\/100|[from] Recoil\n|\n|win|Kekko11\n|raw|gerald but yes's rating: 1169 → 1147<\/strong> (-22 for losing)\n|raw|Kekko11's rating: 1208 → 1230<\/strong> (+22 for winning)\n|l|\u2606gerald but yes\n","uploadtime":1682100572,"views":7,"p1id":"geraldbutyes","p2id":"kekko11","formatid":"gen9vgc2023regulationc","rating":1147,"private":0,"password":""}