{"id":"gen9vgc2023regulationc-1847567957","p1":"sn000p","p2":"mait27","format":"[Gen 9] VGC 2023 Regulation C","log":"|j|\u2606sn000p\n|j|\u2606mait27\n|t:|1681974860\n|gametype|doubles\n|player|p1|sn000p|265|1078\n|player|p2|mait27|169|1000\n|teamsize|p1|6\n|teamsize|p2|6\n|gen|9\n|tier|[Gen 9] VGC 2023 Regulation C\n|rated|\n|rule|Species Clause: Limit one of each Pok\u00e9mon\n|rule|Item Clause: Limit one of each item\n|clearpoke\n|poke|p1|Ting-Lu, L50|\n|poke|p1|Grimmsnarl, L50, M|\n|poke|p1|Grumpig, L50, M|\n|poke|p1|Ceruledge, L50, F|\n|poke|p1|Braviary, L50, M|\n|poke|p1|Iron Valiant, L50|\n|poke|p2|Ceruledge, L50, F|\n|poke|p2|Misdreavus, L50, F|\n|poke|p2|Maushold-Four, L50|\n|poke|p2|Flutter Mane, L50|\n|poke|p2|Flamigo, L50, F|\n|poke|p2|Torkoal, L50, F|\n|teampreview|4\n|inactive|Battle timer is ON: inactive players will automatically lose when time's up. (requested by sn000p)\n|\n|t:|1681974870\n|start\n|switch|p1a: Grimmsnarl|Grimmsnarl, L50, M|100\/100\n|switch|p1b: Ting-Lu|Ting-Lu, L50|100\/100\n|switch|p2a: Misdreavus|Misdreavus, L50, F|100\/100\n|switch|p2b: Ceruledge|Ceruledge, L50, F|100\/100\n|-ability|p1b: Ting-Lu|Vessel of Ruin\n|turn|1\n|\n|t:|1681974894\n|move|p2a: Misdreavus|Shadow Sneak|p2b: Ceruledge\n|-supereffective|p2b: Ceruledge\n|-damage|p2b: Ceruledge|76\/100\n|-ability|p2b: Ceruledge|Weak Armor|boost\n|-unboost|p2b: Ceruledge|def|1\n|-boost|p2b: Ceruledge|spe|2\n|-enditem|p2b: Ceruledge|Weakness Policy\n|-boost|p2b: Ceruledge|atk|2|[from] item: Weakness Policy\n|-boost|p2b: Ceruledge|spa|2|[from] item: Weakness Policy\n|move|p1a: Grimmsnarl|Reflect|p1a: Grimmsnarl\n|-sidestart|p1: sn000p|Reflect\n|move|p2b: Ceruledge|Substitute|p2b: Ceruledge\n|-start|p2b: Ceruledge|Substitute\n|-damage|p2b: Ceruledge|52\/100\n|move|p1b: Ting-Lu|Fissure|p2b: Ceruledge|[miss]\n|-miss|p1b: Ting-Lu|p2b: Ceruledge\n|\n|upkeep\n|turn|2\n|\n|t:|1681974916\n|switch|p2a: Maushold|Maushold-Four, L50|100\/100\n|move|p1a: Grimmsnarl|Light Screen|p1a: Grimmsnarl\n|-sidestart|p1: sn000p|move: Light Screen\n|move|p2b: Ceruledge|Bitter Blade|p1a: Grimmsnarl\n|-damage|p1a: Grimmsnarl|27\/100\n|-heal|p2b: Ceruledge|93\/100|[from] drain|[of] p1a: Grimmsnarl\n|move|p1b: Ting-Lu|Stomping Tantrum|p2a: Maushold\n|-enditem|p2a: Maushold|Focus Sash\n|-damage|p2a: Maushold|1\/100\n|\n|upkeep\n|turn|3\n|inactive|mait27 has 30 seconds left.\n|\n|t:|1681974942\n|move|p2a: Maushold|Protect|p2a: Maushold\n|-singleturn|p2a: Maushold|Protect\n|move|p1a: Grimmsnarl|Thunder Wave|p2a: Maushold\n|-activate|p2a: Maushold|move: Protect\n|move|p2b: Ceruledge|Bitter Blade|p1a: Grimmsnarl\n|-damage|p1a: Grimmsnarl|0 fnt\n|-heal|p2b: Ceruledge|100\/100|[from] drain|[of] p1a: Grimmsnarl\n|faint|p1a: Grimmsnarl\n|move|p1b: Ting-Lu|Stomping Tantrum|p2b: Ceruledge\n|-supereffective|p2b: Ceruledge\n|-end|p2b: Ceruledge|Substitute\n|\n|upkeep\n|inactive|sn000p has 30 seconds left.\n|\n|t:|1681974972\n|switch|p1a: Ceruledge|Ceruledge, L50, F|100\/100\n|turn|4\n|\n|t:|1681974997\n|-terastallize|p2b: Ceruledge|Grass\n|-terastallize|p1a: Ceruledge|Grass\n|move|p2a: Maushold|Protect||[still]\n|-fail|p2a: Maushold\n|move|p2b: Ceruledge|Shadow Claw|p1a: Ceruledge\n|-crit|p1a: Ceruledge\n|-damage|p1a: Ceruledge|0 fnt\n|faint|p1a: Ceruledge\n|move|p1b: Ting-Lu|Fissure|p2b: Ceruledge|[miss]\n|-miss|p1b: Ting-Lu|p2b: Ceruledge\n|\n|upkeep\n|\n|t:|1681975021\n|switch|p1a: Braviary|Braviary, L50, M|100\/100\n|turn|5\n|\n|t:|1681975032\n|switch|p2a: Flamigo|Flamigo, L50, F|100\/100\n|-copyboost|p2a: Flamigo|p2b: Ceruledge|[from] ability: Costar\n|move|p2b: Ceruledge|Substitute|p2b: Ceruledge\n|-start|p2b: Ceruledge|Substitute\n|-damage|p2b: Ceruledge|76\/100\n|move|p1a: Braviary|Tailwind|p1a: Braviary\n|-sidestart|p1: sn000p|move: Tailwind\n|move|p1b: Ting-Lu|Fissure|p2b: Ceruledge|[miss]\n|-miss|p1b: Ting-Lu|p2b: Ceruledge\n|\n|upkeep\n|turn|6\n|inactive|sn000p has 30 seconds left.\n|\n|t:|1681975060\n|move|p2a: Flamigo|Liquidation|p1b: Ting-Lu\n|-supereffective|p1b: Ting-Lu\n|-damage|p1b: Ting-Lu|40\/100\n|move|p1a: Braviary|Brave Bird|p2a: Flamigo\n|-supereffective|p2a: Flamigo\n|-damage|p2a: Flamigo|0 fnt\n|faint|p2a: Flamigo\n|-damage|p1a: Braviary|71\/100|[from] Recoil\n|move|p2b: Ceruledge|Bitter Blade|p1a: Braviary\n|-damage|p1a: Braviary|0 fnt\n|-heal|p2b: Ceruledge|100\/100|[from] drain|[of] p1a: Braviary\n|faint|p1a: Braviary\n|move|p1b: Ting-Lu|Stomping Tantrum|p2b: Ceruledge\n|-resisted|p2b: Ceruledge\n|-end|p2b: Ceruledge|Substitute\n|\n|-heal|p1b: Ting-Lu|46\/100|[from] item: Leftovers\n|upkeep\n|\n|t:|1681975080\n|switch|p2a: Misdreavus|Misdreavus, L50, F|100\/100\n|turn|7\n|inactive|mait27 has 30 seconds left.\n|\n|t:|1681975113\n|switch|p2a: Maushold|Maushold-Four, L50|1\/100\n|move|p2b: Ceruledge|Substitute|p2b: Ceruledge\n|-start|p2b: Ceruledge|Substitute\n|-damage|p2b: Ceruledge|76\/100\n|move|p1b: Ting-Lu|Fissure|p2a: Maushold\n|-damage|p2a: Maushold|0 fnt\n|faint|p2a: Maushold\n|-ohko\n|\n|-heal|p1b: Ting-Lu|52\/100|[from] item: Leftovers\n|upkeep\n|\n|t:|1681975126\n|switch|p2a: Misdreavus|Misdreavus, L50, F|100\/100\n|turn|8\n|\n|t:|1681975143\n|move|p2b: Ceruledge|Swords Dance|p2b: Ceruledge\n|-boost|p2b: Ceruledge|atk|2\n|move|p1b: Ting-Lu|Stomping Tantrum|p2a: Misdreavus\n|-immune|p2a: Misdreavus|[from] ability: Levitate\n|move|p2a: Misdreavus|Destiny Bond|p2a: Misdreavus\n|-singlemove|p2a: Misdreavus|Destiny Bond\n|\n|-heal|p1b: Ting-Lu|58\/100|[from] item: Leftovers\n|-sideend|p1: sn000p|Reflect\n|-sideend|p1: sn000p|move: Tailwind\n|upkeep\n|turn|9\n|\n|t:|1681975167\n|move|p2b: Ceruledge|Bitter Blade|p1b: Ting-Lu\n|-damage|p1b: Ting-Lu|0 fnt\n|-heal|p2b: Ceruledge|100\/100|[from] drain|[of] p1b: Ting-Lu\n|faint|p1b: Ting-Lu\n|\n|win|mait27\n|raw|sn000p's rating: 1078 → 1052<\/strong> (-26 for losing)\n|raw|mait27's rating: 1000 → 1049<\/strong> (+49 for winning)\n|l|\u2606sn000p\n|c|\u2606mait27|GG\n","uploadtime":1681975185,"views":10,"p1id":"sn000p","p2id":"mait27","formatid":"gen9vgc2023regulationc","rating":1049,"private":0,"password":""}