{"id":"gen9vgc2023regulationc-1852469105","p1":"foiledfeline","p2":"Wild248","format":"[Gen 9] VGC 2023 Regulation C","log":"|j|\u2606foiledfeline\n|j|\u2606Wild248\n|t:|1682561521\n|gametype|doubles\n|player|p1|foiledfeline|102|1227\n|player|p2|Wild248|ltsurge|1297\n|teamsize|p1|6\n|teamsize|p2|6\n|gen|9\n|tier|[Gen 9] VGC 2023 Regulation C\n|rated|\n|rule|Species Clause: Limit one of each Pok\u00e9mon\n|rule|Item Clause: Limit one of each item\n|clearpoke\n|poke|p1|Flutter Mane, L50|\n|poke|p1|Talonflame, L50, M|\n|poke|p1|Baxcalibur, L50, M|\n|poke|p1|Ting-Lu, L50|\n|poke|p1|Gyarados, L50, M|\n|poke|p1|Breloom, L50, M|\n|poke|p2|Tyranitar, L50, M|\n|poke|p2|Great Tusk, L50|\n|poke|p2|Flutter Mane, L50|\n|poke|p2|Palafin, L50, M|\n|poke|p2|Arcanine, L50, M|\n|poke|p2|Amoonguss, L50, M|\n|teampreview|4\nfoiledfeline has agreed to open team sheets.\n|\n|t:|1682561571\n|start\n|switch|p1a: Gyarados|Gyarados, L50, M|100\/100\n|switch|p1b: Baxcalibur|Baxcalibur, L50, M|100\/100\n|switch|p2a: Tyranitar|Tyranitar, L50, M|100\/100\n|switch|p2b: Arcanine|Arcanine, L50, M|100\/100\n|-ability|p2b: Arcanine|Intimidate|boost\n|-unboost|p1a: Gyarados|atk|1\n|-fail|p1b: Baxcalibur|unboost|[from] item: Clear Amulet|[of] p1b: Baxcalibur\n|-ability|p1a: Gyarados|Intimidate|boost\n|-unboost|p2a: Tyranitar|atk|1\n|-unboost|p2b: Arcanine|atk|1\n|-weather|Sandstorm|[from] ability: Sand Stream|[of] p2a: Tyranitar\n|turn|1\n|\n|t:|1682561601\n|-terastallize|p1b: Baxcalibur|Poison\n|-terastallize|p2a: Tyranitar|Flying\n|move|p2b: Arcanine|Bulldoze|p1b: Baxcalibur|[spread] p1b\n|-immune|p2a: Tyranitar\n|-immune|p1a: Gyarados\n|-supereffective|p1b: Baxcalibur\n|-damage|p1b: Baxcalibur|82\/100\n|move|p1b: Baxcalibur|Earthquake|p2b: Arcanine|[spread] p2b\n|-immune|p1a: Gyarados\n|-immune|p2a: Tyranitar\n|-supereffective|p2b: Arcanine\n|-damage|p2b: Arcanine|36\/100\n|move|p1a: Gyarados|Thunder Wave|p2a: Tyranitar\n|-status|p2a: Tyranitar|par\n|move|p2a: Tyranitar|Rock Slide|p1b: Baxcalibur|[spread] p1a,p1b\n|-supereffective|p1a: Gyarados\n|-damage|p1a: Gyarados|41\/100\n|-damage|p1b: Baxcalibur|52\/100\n|-enditem|p1a: Gyarados|Sitrus Berry|[eat]\n|-heal|p1a: Gyarados|66\/100|[from] item: Sitrus Berry\n|\n|-weather|Sandstorm|[upkeep]\n|-damage|p1b: Baxcalibur|46\/100|[from] Sandstorm\n|-damage|p1a: Gyarados|60\/100|[from] Sandstorm\n|-damage|p2a: Tyranitar|94\/100 par|[from] Sandstorm\n|upkeep\n|turn|2\n|\n|t:|1682561642\n|move|p2b: Arcanine|Flare Blitz|p1b: Baxcalibur\n|-damage|p1b: Baxcalibur|11\/100\n|-ability|p1b: Baxcalibur|Thermal Exchange|boost\n|-boost|p1b: Baxcalibur|atk|1\n|-damage|p2b: Arcanine|25\/100|[from] Recoil\n|move|p1b: Baxcalibur|Glaive Rush|p2a: Tyranitar\n|-damage|p2a: Tyranitar|0 fnt\n|-singlemove|p1b: Baxcalibur|Glaive Rush|[silent]\n|faint|p2a: Tyranitar\n|move|p1a: Gyarados|Waterfall|p2b: Arcanine\n|-supereffective|p2b: Arcanine\n|-damage|p2b: Arcanine|0 fnt\n|faint|p2b: Arcanine\n|\n|-weather|Sandstorm|[upkeep]\n|-damage|p1b: Baxcalibur|6\/100|[from] Sandstorm\n|-damage|p1a: Gyarados|54\/100|[from] Sandstorm\n|upkeep\n|\n|t:|1682561651\n|switch|p2b: Flutter Mane|Flutter Mane, L50|100\/100\n|switch|p2a: Great Tusk|Great Tusk, L50|100\/100\n|turn|3\n|\n|t:|1682561695\n|move|p1b: Baxcalibur|Ice Shard|p2a: Great Tusk\n|-supereffective|p2a: Great Tusk\n|-damage|p2a: Great Tusk|49\/100\n|move|p2a: Great Tusk|Rock Slide|p1b: Baxcalibur|[spread] p1b\n|-miss|p2a: Great Tusk|p1a: Gyarados\n|-damage|p1b: Baxcalibur|0 fnt\n|faint|p1b: Baxcalibur\n|move|p2b: Flutter Mane|Moonblast|p1a: Gyarados\n|-damage|p1a: Gyarados|0 fnt\n|faint|p1a: Gyarados\n|\n|-weather|Sandstorm|[upkeep]\n|-damage|p2b: Flutter Mane|95\/100|[from] Sandstorm\n|upkeep\n|\n|t:|1682561714\n|switch|p1b: Breloom|Breloom, L50, M|100\/100\n|switch|p1a: Flutter Mane|Flutter Mane, L50|100\/100\n|-enditem|p1a: Flutter Mane|Booster Energy\n|-activate|p1a: Flutter Mane|ability: Protosynthesis|[fromitem]\n|-start|p1a: Flutter Mane|protosynthesisspa\n|turn|4\n|\n|t:|1682561744\n|move|p1a: Flutter Mane|Protect|p1a: Flutter Mane\n|-singleturn|p1a: Flutter Mane|Protect\n|move|p2a: Great Tusk|Rock Slide|p1b: Breloom|[spread] p1b\n|-activate|p1a: Flutter Mane|move: Protect\n|-resisted|p1b: Breloom\n|-damage|p1b: Breloom|84\/100\n|move|p2b: Flutter Mane|Moonblast|p1b: Breloom\n|-supereffective|p1b: Breloom\n|-damage|p1b: Breloom|0 fnt\n|faint|p1b: Breloom\n|\n|-weather|Sandstorm|[upkeep]\n|-damage|p2b: Flutter Mane|89\/100|[from] Sandstorm\n|-damage|p1a: Flutter Mane|95\/100|[from] Sandstorm\n|upkeep\n|turn|5\n|\n|t:|1682561757\n|move|p2a: Great Tusk|Rock Slide|p1a: Flutter Mane\n|-damage|p1a: Flutter Mane|58\/100\n|move|p2b: Flutter Mane|Moonblast|p1a: Flutter Mane\n|-damage|p1a: Flutter Mane|0 fnt\n|faint|p1a: Flutter Mane\n|-end|p1a: Flutter Mane|Protosynthesis|[silent]\n|\n|win|Wild248\n|raw|foiledfeline's rating: 1227 → 1207<\/strong> (-20 for losing)\n|raw|Wild248's rating: 1297 → 1317<\/strong> (+20 for winning)\n","uploadtime":1682561767,"views":8,"p1id":"foiledfeline","p2id":"wild248","formatid":"gen9vgc2023regulationc","rating":1207,"private":0,"password":""}