{"id":"gen9vgc2023regulationc-1855191287","p1":"SwampCorner","p2":"spokonta","format":"[Gen 9] VGC 2023 Regulation C","log":"|j|\u2606SwampCorner\n|j|\u2606spokonta\n|t:|1682912867\n|gametype|doubles\n|player|p1|SwampCorner|boarder|1333\n|player|p2|spokonta|101|1385\n|teamsize|p1|6\n|teamsize|p2|6\n|gen|9\n|tier|[Gen 9] VGC 2023 Regulation C\n|rated|\n|rule|Species Clause: Limit one of each Pok\u00e9mon\n|rule|Item Clause: Limit one of each item\n|clearpoke\n|poke|p1|Scream Tail, L50|\n|poke|p1|Ceruledge, L50, F|\n|poke|p1|Ting-Lu, L50|\n|poke|p1|Iron Hands, L50|\n|poke|p1|Arcanine, L50, F|\n|poke|p1|Flutter Mane, L50|\n|poke|p2|Glimmora, L50, F|\n|poke|p2|Flutter Mane, L50|\n|poke|p2|Tatsugiri, L50, M|\n|poke|p2|Chi-Yu, L50|\n|poke|p2|Dragonite, L50, M|\n|poke|p2|Dondozo, L50, M|\n|teampreview|4\nSwampCorner rejected open team sheets.\n|c|\u2606SwampCorner|glhf\n|inactive|Battle timer is ON: inactive players will automatically lose when time's up. (requested by spokonta)\n|\n|t:|1682912917\n|start\n|switch|p1a: Iron Hands|Iron Hands, L50|100\/100\n|switch|p1b: Ceruledge|Ceruledge, L50, F|100\/100\n|switch|p2a: Glimmora|Glimmora, L50, F, shiny|100\/100\n|switch|p2b: Flutter Mane|Flutter Mane, L50|100\/100\n|-enditem|p2b: Flutter Mane|Booster Energy\n|-activate|p2b: Flutter Mane|ability: Protosynthesis|[fromitem]\n|-start|p2b: Flutter Mane|protosynthesisspe\n|turn|1\n|\n|t:|1682912938\n|-end|p1a: Iron Hands|Quark Drive|[silent]\n|switch|p1a: Ting-Lu|Ting-Lu, L50|100\/100\n|-ability|p1a: Ting-Lu|Vessel of Ruin\n|move|p2b: Flutter Mane|Substitute|p2b: Flutter Mane\n|-start|p2b: Flutter Mane|Substitute\n|-damage|p2b: Flutter Mane|76\/100\n|move|p2a: Glimmora|Power Gem|p1b: Ceruledge\n|-supereffective|p1b: Ceruledge\n|-damage|p1b: Ceruledge|61\/100\n|move|p1b: Ceruledge|Bitter Blade|p2b: Flutter Mane\n|-end|p2b: Flutter Mane|Substitute\n|-heal|p1b: Ceruledge|71\/100|[from] drain|[of] p2b: Flutter Mane\n|\n|upkeep\n|turn|2\n|j| Kahili Elite 4\n|\n|t:|1682912955\n|-terastallize|p1b: Ceruledge|Grass\n|move|p2b: Flutter Mane|Protect|p2b: Flutter Mane\n|-singleturn|p2b: Flutter Mane|Protect\n|move|p2a: Glimmora|Toxic|p1a: Ting-Lu\n|-status|p1a: Ting-Lu|tox\n|move|p1b: Ceruledge|Bitter Blade|p2b: Flutter Mane\n|-activate|p2b: Flutter Mane|move: Protect\n|move|p1a: Ting-Lu|Stomping Tantrum|p2a: Glimmora\n|-supereffective|p2a: Glimmora\n|-enditem|p2a: Glimmora|Shuca Berry|[eat]\n|-enditem|p2a: Glimmora|Shuca Berry|[weaken]\n|-damage|p2a: Glimmora|16\/100\n|-activate|p2a: Glimmora|ability: Toxic Debris\n|-sidestart|p1: SwampCorner|move: Toxic Spikes\n|\n|-damage|p1a: Ting-Lu|95\/100 tox|[from] psn\n|upkeep\n|turn|3\n|l| Kahili Elite 4\n|\n|t:|1682912976\n|move|p1b: Ceruledge|Shadow Sneak|p2a: Glimmora\n|-damage|p2a: Glimmora|0 fnt\n|-activate|p2a: Glimmora|ability: Toxic Debris\n|-sidestart|p1: SwampCorner|move: Toxic Spikes\n|faint|p2a: Glimmora\n|move|p2b: Flutter Mane|Substitute|p2b: Flutter Mane\n|-start|p2b: Flutter Mane|Substitute\n|-damage|p2b: Flutter Mane|51\/100\n|move|p1a: Ting-Lu|Heavy Slam|p2b: Flutter Mane\n|-supereffective|p2b: Flutter Mane\n|-end|p2b: Flutter Mane|Substitute\n|\n|-heal|p1a: Ting-Lu|100\/100 tox|[from] item: Leftovers\n|-damage|p1a: Ting-Lu|89\/100 tox|[from] psn\n|upkeep\n|\n|t:|1682912995\n|switch|p2a: Dondozo|Dondozo, L50, M|100\/100\n|turn|4\n|\n|t:|1682913015\n|-end|p2b: Flutter Mane|Protosynthesis|[silent]\n|switch|p2b: Tatsugiri|Tatsugiri, L50, M, shiny|100\/100\n|-activate|p2b: Tatsugiri|ability: Commander|[of] p2a: Dondozo\n|-boost|p2a: Dondozo|atk|2\n|-boost|p2a: Dondozo|spa|2\n|-boost|p2a: Dondozo|spe|2\n|-boost|p2a: Dondozo|def|2\n|-boost|p2a: Dondozo|spd|2\n|move|p2a: Dondozo|Wave Crash|p1a: Ting-Lu\n|-supereffective|p1a: Ting-Lu\n|-damage|p1a: Ting-Lu|0 fnt\n|faint|p1a: Ting-Lu\n|-damage|p2a: Dondozo|74\/100|[from] Recoil\n|move|p1b: Ceruledge|Clear Smog|p2a: Dondozo\n|-damage|p2a: Dondozo|72\/100\n|-clearboost|p2a: Dondozo\n|\n|upkeep\n|\n|t:|1682913024\n|switch|p1a: Flutter Mane|Flutter Mane, L50|100\/100\n|-status|p1a: Flutter Mane|tox\n|turn|5\n|\n|t:|1682913037\n|move|p1a: Flutter Mane|Moonblast|p2a: Dondozo\n|-damage|p2a: Dondozo|25\/100\n|-enditem|p2a: Dondozo|Sitrus Berry|[eat]\n|-heal|p2a: Dondozo|50\/100|[from] item: Sitrus Berry\n|move|p1b: Ceruledge|Tera Blast|p2a: Dondozo\n|-supereffective|p2a: Dondozo\n|-damage|p2a: Dondozo|4\/100\n|move|p2a: Dondozo|Wave Crash|p1a: Flutter Mane\n|-damage|p1a: Flutter Mane|33\/100 tox\n|-damage|p2a: Dondozo|0 fnt|[from] Recoil\n|faint|p2a: Dondozo\n|\n|-damage|p1a: Flutter Mane|27\/100 tox|[from] psn\n|upkeep\n|\n|t:|1682913048\n|switch|p2a: Flutter Mane|Flutter Mane, L50|51\/100\n|turn|6\n|\n|t:|1682913060\n|move|p1b: Ceruledge|Shadow Sneak|p2a: Flutter Mane\n|-supereffective|p2a: Flutter Mane\n|-damage|p2a: Flutter Mane|0 fnt\n|faint|p2a: Flutter Mane\n|-end|p2a: Flutter Mane|Protosynthesis|[silent]\n|move|p1a: Flutter Mane|Moonblast|p2b: Tatsugiri\n|-supereffective|p2b: Tatsugiri\n|-damage|p2b: Tatsugiri|0 fnt\n|faint|p2b: Tatsugiri\n|\n|win|SwampCorner\n|raw|SwampCorner's rating: 1333 → 1356<\/strong> (+23 for winning)\n|raw|spokonta's rating: 1385 → 1362<\/strong> (-23 for losing)\n|l|\u2606spokonta\n","uploadtime":1682913153,"views":22,"p1id":"swampcorner","p2id":"spokonta","formatid":"gen9vgc2023regulationc","rating":1356,"private":0,"password":""}