{"id":"gen9vgc2023regulationc-1845007272","p1":"Dunnakhiin","p2":"lardopanza","format":"[Gen 9] VGC 2023 Regulation C","log":"|j|\u2606Dunnakhiin\n|j|\u2606lardopanza\n|t:|1681673391\n|gametype|doubles\n|player|p1|Dunnakhiin|102|1069\n|player|p2|lardopanza|101|1002\n|teamsize|p1|6\n|teamsize|p2|6\n|gen|9\n|tier|[Gen 9] VGC 2023 Regulation C\n|rated|\n|rule|Species Clause: Limit one of each Pok\u00e9mon\n|rule|Item Clause: Limit one of each item\n|clearpoke\n|poke|p1|Corviknight, L50, F|\n|poke|p1|Hydreigon, L50, F|\n|poke|p1|Coalossal, L50, F|\n|poke|p1|Brute Bonnet, L50|\n|poke|p1|Florges-White, L50, F|\n|poke|p1|Palafin, L50, M|\n|poke|p2|Torkoal, L50, F|\n|poke|p2|Lilligant, L50, F|\n|poke|p2|Chi-Yu, L50|\n|poke|p2|Amoonguss, L50, M|\n|poke|p2|Hatterene, L50, F|\n|poke|p2|Iron Bundle, L50|\n|teampreview|4\n|inactive|Battle timer is ON: inactive players will automatically lose when time's up. (requested by lardopanza)\n|\n|t:|1681673410\n|start\n|switch|p1a: Corviknight|Corviknight, L50, F|100\/100\n|switch|p1b: Palafin|Palafin, L50, M|100\/100\n|switch|p2a: Hatterene|Hatterene, L50, F|100\/100\n|switch|p2b: Amoonguss|Amoonguss, L50, M|100\/100\n|turn|1\n|\n|t:|1681673428\n|detailschange|p1b: Palafin|Palafin-Hero, L50, M\n|switch|p1b: Coalossal|Coalossal, L50, F|100\/100\n|move|p1a: Corviknight|Bulk Up|p1a: Corviknight\n|-boost|p1a: Corviknight|atk|1\n|-boost|p1a: Corviknight|def|1\n|move|p2b: Amoonguss|Spore|p1a: Corviknight\n|-status|p1a: Corviknight|slp|[from] move: Spore\n|move|p2a: Hatterene|Trick Room|p2a: Hatterene\n|-fieldstart|move: Trick Room|[of] p2a: Hatterene\n|\n|upkeep\n|turn|2\n|\n|t:|1681673447\n|-terastallize|p1b: Coalossal|Grass\n|move|p2a: Hatterene|Mystical Fire|p1a: Corviknight\n|-supereffective|p1a: Corviknight\n|-damage|p1a: Corviknight|57\/100 slp\n|-ability|p1a: Corviknight|Mirror Armor\n|-unboost|p2a: Hatterene|spa|1\n|move|p2b: Amoonguss|Sludge Bomb|p1b: Coalossal\n|-supereffective|p1b: Coalossal\n|-damage|p1b: Coalossal|67\/100\n|move|p1b: Coalossal|Heat Crash|p2b: Amoonguss\n|-supereffective|p2b: Amoonguss\n|-crit|p2b: Amoonguss\n|-damage|p2b: Amoonguss|0 fnt\n|faint|p2b: Amoonguss\n|cant|p1a: Corviknight|slp\n|\n|upkeep\n|\n|t:|1681673461\n|switch|p2b: Torkoal|Torkoal, L50, F|100\/100\n|-weather|SunnyDay|[from] ability: Drought|[of] p2b: Torkoal\n|turn|3\n|\n|t:|1681673471\n|move|p2b: Torkoal|Eruption|p1b: Coalossal|[spread] p1a\n|-start|p1b: Coalossal|ability: Flash Fire\n|-supereffective|p1a: Corviknight\n|-damage|p1a: Corviknight|0 fnt\n|faint|p1a: Corviknight\n|move|p2a: Hatterene|Draining Kiss|p1b: Coalossal\n|-damage|p1b: Coalossal|55\/100\n|move|p1b: Coalossal|Earthquake|p2b: Torkoal|[spread] p2a,p2b\n|-supereffective|p2b: Torkoal\n|-damage|p2a: Hatterene|75\/100\n|-damage|p2b: Torkoal|68\/100\n|\n|-weather|SunnyDay|[upkeep]\n|-heal|p2a: Hatterene|82\/100|[from] item: Leftovers\n|upkeep\n|\n|t:|1681673483\n|switch|p1a: Palafin|Palafin-Hero, L50, M|100\/100\n|-activate|p1a: Palafin|ability: Zero to Hero\n|turn|4\n|\n|t:|1681673496\n|move|p1a: Palafin|Protect|p1a: Palafin\n|-singleturn|p1a: Palafin|Protect\n|move|p2b: Torkoal|Solar Beam||[still]\n|-prepare|p2b: Torkoal|Solar Beam\n|-anim|p2b: Torkoal|Solar Beam|p1a: Palafin\n|-activate|p1a: Palafin|move: Protect\n|move|p2a: Hatterene|Draining Kiss|p1a: Palafin\n|-activate|p1a: Palafin|move: Protect\n|move|p1b: Coalossal|Heat Crash|p2a: Hatterene\n|-damage|p2a: Hatterene|0 fnt\n|faint|p2a: Hatterene\n|\n|-weather|SunnyDay|[upkeep]\n|upkeep\n|\n|t:|1681673508\n|switch|p2a: Lilligant|Lilligant, L50, F|100\/100\n|turn|5\n|\n|t:|1681673518\n|switch|p1a: Florges|Florges-White, L50, F|100\/100\n|move|p2b: Torkoal|Solar Beam||[still]\n|-prepare|p2b: Torkoal|Solar Beam\n|-anim|p2b: Torkoal|Solar Beam|p1a: Florges\n|-damage|p1a: Florges|76\/100\n|move|p1b: Coalossal|Heat Crash|p2a: Lilligant\n|-supereffective|p2a: Lilligant\n|-damage|p2a: Lilligant|0 fnt\n|faint|p2a: Lilligant\n|\n|-weather|SunnyDay|[upkeep]\n|-fieldend|move: Trick Room\n|upkeep\n|turn|6\n|\n|t:|1681673535\n|move|p1a: Florges|Pollen Puff|p1b: Coalossal\n|-heal|p1b: Coalossal|100\/100\n|move|p1b: Coalossal|Rock Slide|p2b: Torkoal\n|-supereffective|p2b: Torkoal\n|-damage|p2b: Torkoal|24\/100\n|move|p2b: Torkoal|Eruption|p1a: Florges|[spread] p1a\n|-immune|p1b: Coalossal|[from] ability: Flash Fire\n|-damage|p1a: Florges|62\/100\n|\n|-weather|SunnyDay|[upkeep]\n|upkeep\n|turn|7\n|-message|lardopanza forfeited.\n|\n|win|Dunnakhiin\n|raw|Dunnakhiin's rating: 1069 → 1093<\/strong> (+24 for winning)\n|raw|lardopanza's rating: 1002 → 1000<\/strong> (-2 for losing)\n|l|\u2606lardopanza\n","uploadtime":1681673554,"views":12,"p1id":"dunnakhiin","p2id":"lardopanza","formatid":"gen9vgc2023regulationc","rating":1000,"private":0,"password":""}