{"id":"gen9vgc2023regulationc-1845937699","p1":"Keveloper","p2":"gGusto","format":"[Gen 9] VGC 2023 Regulation C","log":"|j|\u2606Keveloper\n|j|\u2606gGusto\n|t:|1681781415\n|gametype|doubles\n|player|p1|Keveloper|lucas|1521\n|player|p2|gGusto|170|1608\n|teamsize|p1|6\n|teamsize|p2|6\n|gen|9\n|tier|[Gen 9] VGC 2023 Regulation C\n|rated|\n|rule|Species Clause: Limit one of each Pok\u00e9mon\n|rule|Item Clause: Limit one of each item\n|clearpoke\n|poke|p1|Orthworm, L50, M|\n|poke|p1|Dragonite, L50, F|\n|poke|p1|Ting-Lu, L50|\n|poke|p1|Gyarados, L50, M|\n|poke|p1|Flutter Mane, L50|\n|poke|p1|Chien-Pao, L50|\n|poke|p2|Ting-Lu, L50|\n|poke|p2|Dondozo, L50, M|\n|poke|p2|Amoonguss, L50, M|\n|poke|p2|Arcanine, L50, F|\n|poke|p2|Roaring Moon, L50|\n|poke|p2|Flutter Mane, L50|\n|teampreview|4\n|inactive|Battle timer is ON: inactive players will automatically lose when time's up. (requested by gGusto)\ngGusto has agreed to open team sheets.\n|c|\u2606Keveloper|sorry, practicing for the closed team sheet global challenge\n|inactive|Keveloper has 60 seconds left.\n|c|\u2606gGusto|all g\n|\n|t:|1681781460\n|start\n|switch|p1a: Orthworm|Orthworm, L50, M|100\/100\n|switch|p1b: Gyarados|Gyarados, L50, M|100\/100\n|switch|p2a: Dondozo|Dondozo, L50, M|100\/100\n|switch|p2b: Ting-Lu|Ting-Lu, L50|100\/100\n|-ability|p1b: Gyarados|Intimidate|boost\n|-unboost|p2a: Dondozo|atk|1\n|-unboost|p2b: Ting-Lu|atk|1\n|-ability|p2b: Ting-Lu|Vessel of Ruin\n|turn|1\n|\n|t:|1681781484\n|move|p1b: Gyarados|Thunder Wave|p2a: Dondozo\n|-status|p2a: Dondozo|par\n|move|p1a: Orthworm|Shed Tail|p1a: Orthworm\n|-start|p1a: Orthworm|Substitute|[from] move: Shed Tail\n|-damage|p1a: Orthworm|50\/100\n|-enditem|p1a: Orthworm|Sitrus Berry|[eat]\n|-heal|p1a: Orthworm|75\/100|[from] item: Sitrus Berry\n|\n|t:|1681781492\n|switch|p1a: Dragonite|Dragonite, L50, F|100\/100|[from] Shed Tail\n|move|p2b: Ting-Lu|Stealth Rock|p1b: Gyarados\n|-sidestart|p1: Keveloper|move: Stealth Rock\n|move|p2a: Dondozo|Heavy Slam|p1a: Dragonite\n|-activate|p1a: Dragonite|move: Substitute|[damage]\n|\n|upkeep\n|turn|2\n|inactive|Keveloper has 30 seconds left.\n|\n|t:|1681781522\n|switch|p2a: Arcanine|Arcanine, L50, F|100\/100\n|-ability|p2a: Arcanine|Intimidate|boost\n|-immune|p1a: Dragonite\n|-unboost|p1b: Gyarados|atk|1\n|move|p1a: Dragonite|Dragon Dance|p1a: Dragonite\n|-boost|p1a: Dragonite|atk|1\n|-boost|p1a: Dragonite|spe|1\n|move|p1b: Gyarados|Waterfall|p2b: Ting-Lu\n|-supereffective|p2b: Ting-Lu\n|-damage|p2b: Ting-Lu|73\/100\n|move|p2b: Ting-Lu|Heavy Slam|p1a: Dragonite\n|-activate|p1a: Dragonite|move: Substitute|[damage]\n|\n|upkeep\n|turn|3\n|inactive|Keveloper has 30 seconds left.\n|\n|t:|1681781553\n|switch|p2b: Flutter Mane|Flutter Mane, L50|100\/100\n|move|p2a: Arcanine|Extreme Speed|p1a: Dragonite\n|-end|p1a: Dragonite|Substitute\n|move|p1a: Dragonite|Earthquake|p2a: Arcanine|[spread] p2a,p2b\n|-immune|p1b: Gyarados\n|-supereffective|p2a: Arcanine\n|-damage|p2a: Arcanine|30\/100\n|-damage|p2b: Flutter Mane|47\/100\n|move|p1b: Gyarados|Waterfall|p2a: Arcanine\n|-supereffective|p2a: Arcanine\n|-damage|p2a: Arcanine|0 fnt\n|faint|p2a: Arcanine\n|\n|upkeep\n|\n|t:|1681781565\n|switch|p2a: Ting-Lu|Ting-Lu, L50|73\/100\n|-ability|p2a: Ting-Lu|Vessel of Ruin\n|turn|4\n|inactive|Keveloper has 30 seconds left.\n|\n|t:|1681781593\n|-terastallize|p2b: Flutter Mane|Fairy\n|move|p1a: Dragonite|Earthquake|p2b: Flutter Mane|[spread] p2a,p2b\n|-immune|p1b: Gyarados\n|-damage|p2a: Ting-Lu|49\/100\n|-damage|p2b: Flutter Mane|0 fnt\n|faint|p2b: Flutter Mane\n|-end|p2b: Flutter Mane|Protosynthesis|[silent]\n|move|p1b: Gyarados|Waterfall|p2a: Ting-Lu\n|-supereffective|p2a: Ting-Lu\n|-damage|p2a: Ting-Lu|23\/100\n|move|p2a: Ting-Lu|Heavy Slam|p1a: Dragonite\n|-crit|p1a: Dragonite\n|-damage|p1a: Dragonite|81\/100\n|\n|upkeep\n|\n|t:|1681781598\n|switch|p2b: Dondozo|Dondozo, L50, M|100\/100 par\n|turn|5\n|-message|gGusto forfeited.\n|\n|win|Keveloper\n|raw|Keveloper's rating: 1521 → 1546<\/strong> (+25 for winning)\n|raw|gGusto's rating: 1608 → 1583<\/strong> (-25 for losing)\n|l|\u2606gGusto\n","uploadtime":1681781610,"views":11,"p1id":"keveloper","p2id":"ggusto","formatid":"gen9vgc2023regulationc","rating":1546,"private":0,"password":""}