{"id":"gen9vgc2023regulationc-1858929490","p1":"razor Pikachu","p2":"L0LZ4N0m4","format":"[Gen 9] VGC 2023 Regulation C","log":"|j|\u2606razor Pikachu\n|j|\u2606L0LZ4N0m4\n|t:|1683384645\n|gametype|doubles\n|player|p1|razor Pikachu|101|1066\n|player|p2|L0LZ4N0m4|aromalady|1169\n|teamsize|p1|6\n|teamsize|p2|6\n|gen|9\n|tier|[Gen 9] VGC 2023 Regulation C\n|rated|\n|rule|Species Clause: Limit one of each Pok\u00e9mon\n|rule|Item Clause: Limit one of each item\n|clearpoke\n|poke|p1|Iron Bundle, L50|\n|poke|p1|Iron Treads, L50|\n|poke|p1|Murkrow, L50, F|\n|poke|p1|Rotom-Wash, L50|\n|poke|p1|Scream Tail, L50|\n|poke|p1|Garganacl, L50, M|\n|poke|p2|Tyranitar, L50, F|\n|poke|p2|Lycanroc, L50, F|\n|poke|p2|Flutter Mane, L50|\n|poke|p2|Annihilape, L50, F|\n|poke|p2|Gyarados, L50, M|\n|poke|p2|Amoonguss, L50, F|\n|teampreview|4\n|inactive|Battle timer is ON: inactive players will automatically lose when time's up. (requested by L0LZ4N0m4)\n|inactive|L0LZ4N0m4 has 60 seconds left.\n|\n|t:|1683384679\n|start\n|switch|p1a: Iron Treads|Iron Treads, L50|100\/100\n|switch|p1b: Rotom|Rotom-Wash, L50|100\/100\n|switch|p2a: Flutter Mane|Flutter Mane, L50|100\/100\n|switch|p2b: Gyarados|Gyarados, L50, M|100\/100\n|-ability|p2b: Gyarados|Intimidate|boost\n|-unboost|p1a: Iron Treads|atk|1\n|-unboost|p1b: Rotom|atk|1\n|-enditem|p1a: Iron Treads|Booster Energy\n|-activate|p1a: Iron Treads|ability: Quark Drive|[fromitem]\n|-start|p1a: Iron Treads|quarkdrivespe\n|turn|1\n|inactive|L0LZ4N0m4 has 30 seconds left.\n|\n|t:|1683384705\n|-end|p2a: Flutter Mane|Protosynthesis|[silent]\n|switch|p2a: Amoonguss|Amoonguss, L50, F|100\/100\n|move|p2b: Gyarados|Protect|p2b: Gyarados\n|-singleturn|p2b: Gyarados|Protect\n|move|p1a: Iron Treads|Iron Head|p2a: Amoonguss\n|-damage|p2a: Amoonguss|79\/100\n|move|p1b: Rotom|Thunder|p2b: Gyarados\n|-activate|p2b: Gyarados|move: Protect\n|\n|upkeep\n|turn|2\n|inactive|L0LZ4N0m4 has 30 seconds left.\n|\n|t:|1683384730\n|switch|p2b: Flutter Mane|Flutter Mane, L50|100\/100\n|move|p1a: Iron Treads|Zen Headbutt|p2a: Amoonguss\n|-supereffective|p2a: Amoonguss\n|-damage|p2a: Amoonguss|50\/100\n|-enditem|p2a: Amoonguss|Sitrus Berry|[eat]\n|-heal|p2a: Amoonguss|75\/100|[from] item: Sitrus Berry\n|move|p1b: Rotom|Thunder|p2b: Flutter Mane\n|-damage|p2b: Flutter Mane|14\/100\n|move|p2a: Amoonguss|Spore|p1a: Iron Treads\n|-status|p1a: Iron Treads|slp|[from] move: Spore\n|\n|upkeep\n|turn|3\n|\n|t:|1683384752\n|cant|p1a: Iron Treads|slp\n|move|p1b: Rotom|Thunder|p2b: Flutter Mane|[miss]\n|-miss|p1b: Rotom|p2b: Flutter Mane\n|move|p2a: Amoonguss|Spore|p1b: Rotom\n|-status|p1b: Rotom|slp|[from] move: Spore\n|move|p2b: Flutter Mane|Trick Room|p2b: Flutter Mane\n|-fieldstart|move: Trick Room|[of] p2b: Flutter Mane\n|\n|upkeep\n|turn|4\n|inactive|razor Pikachu has 30 seconds left.\n|\n|t:|1683384780\n|move|p2a: Amoonguss|Pollen Puff|p2b: Flutter Mane\n|-heal|p2b: Flutter Mane|64\/100\n|cant|p1b: Rotom|slp\n|move|p2b: Flutter Mane|Shadow Ball|p1a: Iron Treads\n|-damage|p1a: Iron Treads|39\/100 slp\n|-unboost|p1a: Iron Treads|spd|1\n|cant|p1a: Iron Treads|slp\n|\n|upkeep\n|turn|5\n|\n|t:|1683384794\n|move|p2a: Amoonguss|Pollen Puff|p2b: Flutter Mane\n|-heal|p2b: Flutter Mane|100\/100\n|cant|p1b: Rotom|slp\n|move|p2b: Flutter Mane|Shadow Ball|p1a: Iron Treads\n|-damage|p1a: Iron Treads|0 fnt\n|faint|p1a: Iron Treads\n|-end|p1a: Iron Treads|Quark Drive|[silent]\n|\n|upkeep\n|l|\u2606razor Pikachu\n|inactive|razor Pikachu disconnected and has a minute to reconnect!\n|player|p1|\n|inactive|razor Pikachu has 30 seconds left.\n|inactive|razor Pikachu has 20 seconds left.\n|inactive|razor Pikachu has 15 seconds left.\n|inactive|razor Pikachu has 10 seconds left.\n|inactive|razor Pikachu has 5 seconds left.\n|-message|razor Pikachu lost due to inactivity.\n|\n|win|L0LZ4N0m4\n|raw|razor Pikachu's rating: 1066 → 1052<\/strong> (-14 for losing)\n|raw|L0LZ4N0m4's rating: 1169 → 1187<\/strong> (+18 for winning)\n","uploadtime":1683384942,"views":3,"p1id":"razorpikachu","p2id":"l0lz4n0m4","formatid":"gen9vgc2023regulationc","rating":1052,"private":0,"password":""}