{"id":"gen9vgc2023regulationc-1849384650","p1":"Echo Rose#9471","p2":"Meenie","format":"[Gen 9] VGC 2023 Regulation C","log":"|j|\u2606Echo Rose#9471\n|j|\u2606Meenie\n|t:|1682192521\n|gametype|doubles\n|player|p1|Echo Rose#9471|266|1238\n|player|p2|Meenie|kimonogirl|1340\n|teamsize|p1|6\n|teamsize|p2|6\n|gen|9\n|tier|[Gen 9] VGC 2023 Regulation C\n|rated|\n|rule|Species Clause: Limit one of each Pok\u00e9mon\n|rule|Item Clause: Limit one of each item\n|clearpoke\n|poke|p1|Chi-Yu, L50|\n|poke|p1|Dachsbun, L50, M|\n|poke|p1|Flutter Mane, L50|\n|poke|p1|Gastrodon, L50, M|\n|poke|p1|Amoonguss, L50, M|\n|poke|p1|Salamence, L50, M|\n|poke|p2|Torkoal, L50, F|\n|poke|p2|Chien-Pao, L50|\n|poke|p2|Jumpluff, L50, M|\n|poke|p2|Great Tusk, L50|\n|poke|p2|Flutter Mane, L50|\n|poke|p2|Kingambit, L50, M|\n|teampreview|4\n|inactive|Battle timer is ON: inactive players will automatically lose when time's up. (requested by Meenie)\n|inactive|Echo Rose#9471 has 60 seconds left.\n|inactive|Meenie has 60 seconds left.\n|inactive|Meenie has 30 seconds left.\n|\n|t:|1682192586\n|start\n|switch|p1a: Amoonguss|Amoonguss, L50, M|100\/100\n|switch|p1b: Salamence|Salamence, L50, M|100\/100\n|switch|p2a: Gobetti|Great Tusk, L50|100\/100\n|switch|p2b: Tapinlow|Torkoal, L50, F|100\/100\n|-ability|p1b: Salamence|Intimidate|boost\n|-unboost|p2a: Gobetti|atk|1\n|-unboost|p2b: Tapinlow|atk|1\n|-enditem|p2b: Tapinlow|Eject Pack\n|\n|t:|1682192602\n|switch|p2b: Sundae|Chien-Pao, L50|100\/100\n|-ability|p2b: Sundae|Sword of Ruin\n|turn|1\n|inactive|Meenie has 30 seconds left.\n|\n|t:|1682192631\n|-end|p2a: Gobetti|Protosynthesis|[silent]\n|switch|p2a: Tapinlow|Torkoal, L50, F|100\/100\n|-weather|SunnyDay|[from] ability: Drought|[of] p2a: Tapinlow\n|-terastallize|p1a: Amoonguss|Water\n|move|p1b: Salamence|Protect|p1b: Salamence\n|-singleturn|p1b: Salamence|Protect\n|move|p2b: Sundae|Taunt|p1a: Amoonguss\n|-start|p1a: Amoonguss|move: Taunt\n|cant|p1a: Amoonguss|move: Taunt|Spore\n|\n|-weather|SunnyDay|[upkeep]\n|upkeep\n|turn|2\n|\n|t:|1682192653\n|switch|p1b: Chi-Yu|Chi-Yu, L50|100\/100\n|-ability|p1b: Chi-Yu|Beads of Ruin\n|switch|p2a: Pleurote|Flutter Mane, L50|100\/100\n|-activate|p2a: Pleurote|ability: Protosynthesis\n|-start|p2a: Pleurote|protosynthesisspe\n|move|p2b: Sundae|Ice Spinner|p1b: Chi-Yu\n|-resisted|p1b: Chi-Yu\n|-damage|p1b: Chi-Yu|56\/100\n|move|p1a: Amoonguss|Pollen Puff|p1b: Chi-Yu\n|-heal|p1b: Chi-Yu|100\/100\n|\n|-weather|SunnyDay|[upkeep]\n|upkeep\n|turn|3\n|inactive|Echo Rose#9471 has 30 seconds left.\n|inactive|Meenie has 30 seconds left.\n|\n|t:|1682192684\n|move|p2a: Pleurote|Moonblast|p1b: Chi-Yu\n|-damage|p1b: Chi-Yu|11\/100\n|move|p1b: Chi-Yu|Lava Plume|p2a: Pleurote|[spread] p1a,p2a,p2b\n|-resisted|p1a: Amoonguss\n|-supereffective|p2b: Sundae\n|-crit|p2b: Sundae\n|-damage|p1a: Amoonguss|77\/100\n|-damage|p2a: Pleurote|39\/100\n|-enditem|p2b: Sundae|Focus Sash\n|-damage|p2b: Sundae|1\/100\n|move|p2b: Sundae|Ice Spinner|p1b: Chi-Yu\n|-resisted|p1b: Chi-Yu\n|-damage|p1b: Chi-Yu|0 fnt\n|faint|p1b: Chi-Yu\n|move|p1a: Amoonguss|Pollen Puff|p1: Chi-Yu|[notarget]\n|-fail|p1a: Amoonguss\n|\n|-weather|SunnyDay|[upkeep]\n|-end|p1a: Amoonguss|move: Taunt\n|upkeep\n|\n|t:|1682192696\n|switch|p1b: Flutter Mane|Flutter Mane, L50|100\/100\n|-activate|p1b: Flutter Mane|ability: Protosynthesis\n|-start|p1b: Flutter Mane|protosynthesisspe\n|turn|4\n|\n|t:|1682192716\n|move|p2b: Sundae|Protect|p2b: Sundae\n|-singleturn|p2b: Sundae|Protect\n|move|p1a: Amoonguss|Rage Powder|p1a: Amoonguss\n|-singleturn|p1a: Amoonguss|move: Rage Powder\n|move|p2a: Pleurote|Moonblast|p1a: Amoonguss\n|-damage|p1a: Amoonguss|24\/100\n|-unboost|p1a: Amoonguss|spa|1\n|-enditem|p1a: Amoonguss|Sitrus Berry|[eat]\n|-heal|p1a: Amoonguss|49\/100|[from] item: Sitrus Berry\n|move|p1b: Flutter Mane|Dazzling Gleam|p2a: Pleurote|[spread] p2a\n|-activate|p2b: Sundae|move: Protect\n|-damage|p2a: Pleurote|8\/100\n|\n|-weather|SunnyDay|[upkeep]\n|upkeep\n|turn|5\n|\n|t:|1682192734\n|move|p1a: Amoonguss|Protect|p1a: Amoonguss\n|-singleturn|p1a: Amoonguss|Protect\n|move|p1b: Flutter Mane|Dazzling Gleam|p2b: Sundae|[spread] p2a,p2b\n|-supereffective|p2b: Sundae\n|-damage|p2a: Pleurote|0 fnt\n|-damage|p2b: Sundae|0 fnt\n|faint|p2a: Pleurote\n|-end|p2a: Pleurote|Protosynthesis|[silent]\n|faint|p2b: Sundae\n|\n|-weather|none\n|-end|p1b: Flutter Mane|Protosynthesis\n|upkeep\n|-enditem|p1b: Flutter Mane|Booster Energy\n|-activate|p1b: Flutter Mane|ability: Protosynthesis|[fromitem]\n|-start|p1b: Flutter Mane|protosynthesisspe\n|\n|t:|1682192741\n|switch|p2b: Tapinlow|Torkoal, L50, F|100\/100\n|switch|p2a: Gobetti|Great Tusk, L50|100\/100\n|-weather|SunnyDay|[from] ability: Drought|[of] p2b: Tapinlow\n|-activate|p2a: Gobetti|ability: Protosynthesis\n|-start|p2a: Gobetti|protosynthesisatk\n|turn|6\n|inactive|Meenie has 30 seconds left.\n|\n|t:|1682192773\n|switch|p1a: Salamence|Salamence, L50, M|100\/100\n|-ability|p1a: Salamence|Intimidate|boost\n|-unboost|p2a: Gobetti|atk|1\n|-unboost|p2b: Tapinlow|atk|1\n|-terastallize|p2a: Gobetti|Fire\n|move|p1b: Flutter Mane|Shadow Ball|p2b: Tapinlow\n|-crit|p2b: Tapinlow\n|-damage|p2b: Tapinlow|39\/100\n|move|p2a: Gobetti|Headlong Rush|p1a: Salamence\n|-immune|p1a: Salamence\n|move|p2b: Tapinlow|Yawn|p1b: Flutter Mane\n|-start|p1b: Flutter Mane|move: Yawn|[of] p2b: Tapinlow\n|\n|-weather|SunnyDay|[upkeep]\n|upkeep\n|turn|7\n|-message|Meenie forfeited.\n|\n|win|Echo Rose#9471\n|raw|Echo Rose#9471's rating: 1238 → 1270<\/strong> (+32 for winning)\n|raw|Meenie's rating: 1340 → 1314<\/strong> (-26 for losing)\n|l|\u2606Meenie\n","uploadtime":1682192806,"views":6,"p1id":"echorose9471","p2id":"meenie","formatid":"gen9vgc2023regulationc","rating":1270,"private":0,"password":""}