{"id":"gen9vgc2023regulationc-1849044674","p1":"turuhgt","p2":"Haxxson","format":"[Gen 9] VGC 2023 Regulation C","log":"|j|\u2606turuhgt\n|j|\u2606Haxxson\n|t:|1682144426\n|gametype|doubles\n|player|p1|turuhgt|ingo|1021\n|player|p2|Haxxson|marshal|1088\n|teamsize|p1|6\n|teamsize|p2|6\n|gen|9\n|tier|[Gen 9] VGC 2023 Regulation C\n|rated|\n|rule|Species Clause: Limit one of each Pok\u00e9mon\n|rule|Item Clause: Limit one of each item\n|clearpoke\n|poke|p1|Iron Bundle, L50|\n|poke|p1|Scream Tail, L50|\n|poke|p1|Chien-Pao, L50|\n|poke|p1|Grimmsnarl, L50, M|\n|poke|p1|Amoonguss, L50, F|\n|poke|p1|Gothitelle, L50, F|\n|poke|p2|Espeon, L50, M|\n|poke|p2|Toedscruel, L50, F|\n|poke|p2|Stantler, L50, M|\n|poke|p2|Annihilape, L50, F|\n|poke|p2|Maushold-Four, L50|\n|poke|p2|Volcarona, L50, F|\n|teampreview|4\n|inactive|Battle timer is ON: inactive players will automatically lose when time's up. (requested by Haxxson)\n|\n|t:|1682144447\n|start\n|switch|p1a: Grimmsnarl|Grimmsnarl, L50, M|100\/100\n|switch|p1b: Amoonguss|Amoonguss, L50, F|100\/100\n|switch|p2a: Espeon|Espeon, L50, M|100\/100\n|switch|p2b: Toedscruel|Toedscruel, L50, F|100\/100\n|turn|1\n|\n|t:|1682144471\n|switch|p1b: Scream Tail|Scream Tail, L50|100\/100\n|move|p1a: Grimmsnarl|Fake Out|p2a: Espeon\n|-damage|p2a: Espeon|78\/100\n|cant|p2a: Espeon|flinch\n|move|p2b: Toedscruel|Spore|p1a: Grimmsnarl\n|-status|p1a: Grimmsnarl|slp|[from] move: Spore\n|-enditem|p1a: Grimmsnarl|Chesto Berry|[eat]\n|-curestatus|p1a: Grimmsnarl|slp|[msg]\n|\n|upkeep\n|turn|2\n|\n|t:|1682144492\n|switch|p1a: Gothitelle|Gothitelle, L50, F|100\/100\n|-item|p1a: Gothitelle|Air Balloon\n|move|p2a: Espeon|Skill Swap|p2b: Toedscruel\n|-activate|p2a: Espeon|move: Skill Swap|||[of] p2b: Toedscruel\n|move|p1b: Scream Tail|Perish Song|p1b: Scream Tail\n|-start|p1a: Gothitelle|perish3|[silent]\n|-start|p1b: Scream Tail|perish3|[silent]\n|-start|p2a: Espeon|perish3|[silent]\n|-start|p2b: Toedscruel|perish3|[silent]\n|-fieldactivate|move: Perish Song\n|move|p2b: Toedscruel|Spore|p1b: Scream Tail\n|-status|p1b: Scream Tail|slp|[from] move: Spore\n|\n|-start|p2a: Espeon|perish3\n|-start|p2b: Toedscruel|perish3\n|-start|p1b: Scream Tail|perish3\n|-start|p1a: Gothitelle|perish3\n|upkeep\n|turn|3\n|inactive|Haxxson has 30 seconds left.\n|inactive|Haxxson has 20 seconds left.\n|\n|t:|1682144532\n|-end|p1b: Scream Tail|Protosynthesis|[silent]\n|switch|p1b: Amoonguss|Amoonguss, L50, F|100\/100\n|move|p1a: Gothitelle|Protect|p1a: Gothitelle\n|-singleturn|p1a: Gothitelle|Protect\n|move|p2b: Toedscruel|Spore|p1b: Amoonguss\n|-immune|p1b: Amoonguss\n|move|p2a: Espeon|Skill Swap|p1a: Gothitelle\n|-activate|p1a: Gothitelle|move: Protect\n|\n|-start|p2a: Espeon|perish2\n|-start|p2b: Toedscruel|perish2\n|-start|p1a: Gothitelle|perish2\n|upkeep\n|turn|4\n|\n|t:|1682144555\n|move|p1a: Gothitelle|Protect||[still]\n|-fail|p1a: Gothitelle\n|move|p1b: Amoonguss|Protect|p1b: Amoonguss\n|-singleturn|p1b: Amoonguss|Protect\n|move|p2b: Toedscruel|Spore|p1a: Gothitelle\n|-status|p1a: Gothitelle|slp|[from] move: Spore\n|move|p2a: Espeon|Skill Swap|p1a: Gothitelle\n|-activate|p2a: Espeon|move: Skill Swap|Shadow Tag|Mycelium Might|[of] p1a: Gothitelle\n|\n|-start|p2a: Espeon|perish1\n|-start|p2b: Toedscruel|perish1\n|-start|p1a: Gothitelle|perish1\n|upkeep\n|turn|5\n|inactive|turuhgt has 30 seconds left.\n|\n|t:|1682144581\n|switch|p2a: Annihilape|Annihilape, L50, F|100\/100\n|switch|p2b: Volcarona|Volcarona, L50, F|100\/100\n|cant|p1a: Gothitelle|slp\n|move|p1b: Amoonguss|Pollen Puff|p1a: Gothitelle\n|-immune|p1a: Gothitelle\n|\n|-start|p1a: Gothitelle|perish0\n|upkeep\n|faint|p1a: Gothitelle\n|-message|turuhgt forfeited.\n|\n|win|Haxxson\n|raw|turuhgt's rating: 1021 → 1010<\/strong> (-11 for losing)\n|raw|Haxxson's rating: 1088 → 1110<\/strong> (+22 for winning)\n|l|\u2606turuhgt\n","uploadtime":1682144603,"views":9,"p1id":"turuhgt","p2id":"haxxson","formatid":"gen9vgc2023regulationc","rating":1010,"private":0,"password":""}