{"id":"gen9vgc2023regulationc-1860902573","p1":"SIMPATRICK","p2":"iStockphoto","format":"[Gen 9] VGC 2023 Regulation C","log":"|j|\u2606SIMPATRICK\n|j|\u2606iStockphoto\n|t:|1683693067\n|gametype|doubles\n|player|p1|SIMPATRICK|marlon|1264\n|player|p2|iStockphoto|170|1165\n|teamsize|p1|6\n|teamsize|p2|6\n|gen|9\n|tier|[Gen 9] VGC 2023 Regulation C\n|rated|\n|rule|Species Clause: Limit one of each Pok\u00e9mon\n|rule|Item Clause: Limit one of each item\n|clearpoke\n|poke|p1|Wo-Chien, L50|\n|poke|p1|Ting-Lu, L50|\n|poke|p1|Arcanine, L50, M|\n|poke|p1|Glimmora, L50, F|\n|poke|p1|Flutter Mane, L50|\n|poke|p1|Indeedee-F, L50, F|\n|poke|p2|Abomasnow, L50, M|\n|poke|p2|Baxcalibur, L50, M|\n|poke|p2|Ting-Lu, L50|\n|poke|p2|Maushold, L50|\n|poke|p2|Wo-Chien, L50|\n|poke|p2|Gholdengo, L50|\n|teampreview|4\niStockphoto has agreed to open team sheets.\n|\n|t:|1683693090\n|start\n|switch|p1a: Arcanine|Arcanine, L50, M|100\/100\n|switch|p1b: Glimmora|Glimmora, L50, F|100\/100\n|switch|p2a: Abomasnow|Abomasnow, L50, M|100\/100\n|switch|p2b: Baxcalibur|Baxcalibur, L50, M|100\/100\n|-ability|p1a: Arcanine|Intimidate|boost\n|-unboost|p2a: Abomasnow|atk|1\n|-fail|p2b: Baxcalibur|unboost|[from] item: Clear Amulet|[of] p2b: Baxcalibur\n|-weather|Snow|[from] ability: Snow Warning|[of] p2a: Abomasnow\n|turn|1\n|\n|t:|1683693125\n|-terastallize|p2a: Abomasnow|Water\n|move|p1b: Glimmora|Power Gem|p2b: Baxcalibur\n|-supereffective|p2b: Baxcalibur\n|-damage|p2b: Baxcalibur|5\/100\n|move|p1a: Arcanine|Flare Blitz|p2b: Baxcalibur\n|-damage|p2b: Baxcalibur|0 fnt\n|faint|p2b: Baxcalibur\n|-damage|p1a: Arcanine|99\/100|[from] Recoil\n|move|p2a: Abomasnow|Aurora Veil|p2a: Abomasnow\n|-sidestart|p2: iStockphoto|move: Aurora Veil\n|\n|-weather|Snow|[upkeep]\n|upkeep\n|\n|t:|1683693138\n|switch|p2b: Gholdengo|Gholdengo, L50|100\/100\n|turn|2\n|\n|t:|1683693156\n|move|p1b: Glimmora|Earth Power|p2b: Gholdengo\n|-supereffective|p2b: Gholdengo\n|-damage|p2b: Gholdengo|55\/100\n|-enditem|p2b: Gholdengo|Weakness Policy\n|-boost|p2b: Gholdengo|atk|2|[from] item: Weakness Policy\n|-boost|p2b: Gholdengo|spa|2|[from] item: Weakness Policy\n|move|p1a: Arcanine|Snarl|p2a: Abomasnow|[spread] p2a,p2b\n|-supereffective|p2b: Gholdengo\n|-damage|p2a: Abomasnow|96\/100\n|-damage|p2b: Gholdengo|44\/100\n|-unboost|p2a: Abomasnow|spa|1\n|-unboost|p2b: Gholdengo|spa|1\n|move|p2b: Gholdengo|Nasty Plot|p2b: Gholdengo\n|-boost|p2b: Gholdengo|spa|2\n|move|p2a: Abomasnow|Icy Wind|p1b: Glimmora|[spread] p1a,p1b\n|-resisted|p1a: Arcanine\n|-damage|p1a: Arcanine|94\/100\n|-damage|p1b: Glimmora|89\/100\n|-unboost|p1a: Arcanine|spe|1\n|-unboost|p1b: Glimmora|spe|1\n|\n|-weather|Snow|[upkeep]\n|upkeep\n|turn|3\n|\n|t:|1683693202\n|switch|p2a: Ting-Lu|Ting-Lu, L50|100\/100\n|-ability|p2a: Ting-Lu|Vessel of Ruin\n|move|p1b: Glimmora|Spiky Shield|p1b: Glimmora\n|-singleturn|p1b: Glimmora|move: Protect\n|move|p2b: Gholdengo|Shadow Ball|p1a: Arcanine\n|-damage|p1a: Arcanine|0 fnt\n|faint|p1a: Arcanine\n|\n|-weather|Snow|[upkeep]\n|upkeep\n|\n|t:|1683693216\n|switch|p1a: Indeedee|Indeedee-F, L50, F|100\/100\n|-fieldstart|move: Psychic Terrain|[from] ability: Psychic Surge|[of] p1a: Indeedee\n|-enditem|p1a: Indeedee|Psychic Seed\n|-boost|p1a: Indeedee|spd|1|[from] item: Psychic Seed\n|turn|4\n|\n|t:|1683693234\n|move|p1a: Indeedee|Follow Me|p1a: Indeedee\n|-singleturn|p1a: Indeedee|move: Follow Me\n|move|p2b: Gholdengo|Make It Rain|p1a: Indeedee|[spread] p1a,p1b\n|-supereffective|p1b: Glimmora\n|-damage|p1a: Indeedee|36\/100\n|-damage|p1b: Glimmora|0 fnt\n|-unboost|p2b: Gholdengo|spa|1\n|faint|p1b: Glimmora\n|move|p2a: Ting-Lu|Stomping Tantrum|p1a: Indeedee\n|-damage|p1a: Indeedee|7\/100\n|\n|-weather|Snow|[upkeep]\n|upkeep\n|\n|t:|1683693247\n|switch|p1b: Flutter Mane|Flutter Mane, L50|100\/100\n|-enditem|p1b: Flutter Mane|Booster Energy\n|-activate|p1b: Flutter Mane|ability: Protosynthesis|[fromitem]\n|-start|p1b: Flutter Mane|protosynthesisspe\n|turn|5\n|\n|t:|1683693256\n|move|p2b: Gholdengo|Protect|p2b: Gholdengo\n|-singleturn|p2b: Gholdengo|Protect\n|move|p1a: Indeedee|Follow Me|p1a: Indeedee\n|-singleturn|p1a: Indeedee|move: Follow Me\n|move|p1b: Flutter Mane|Shadow Ball|p2b: Gholdengo\n|-activate|p2b: Gholdengo|move: Protect\n|move|p2a: Ting-Lu|Heavy Slam|p1a: Indeedee\n|-damage|p1a: Indeedee|0 fnt\n|faint|p1a: Indeedee\n|\n|-weather|none\n|-sideend|p2: iStockphoto|move: Aurora Veil\n|upkeep\n|turn|6\n|-message|SIMPATRICK forfeited.\n|\n|win|iStockphoto\n|raw|SIMPATRICK's rating: 1264 → 1232<\/strong> (-32 for losing)\n|raw|iStockphoto's rating: 1165 → 1197<\/strong> (+32 for winning)\n|l|\u2606SIMPATRICK\n","uploadtime":1683693275,"views":18,"p1id":"simpatrick","p2id":"istockphoto","formatid":"gen9vgc2023regulationc","rating":1197,"private":0,"password":""}