{"id":"gen9vgc2023regulationc-1850986553","p1":"zach_1717","p2":"Jhinting","format":"[Gen 9] VGC 2023 Regulation C","log":"|j|\u2606zach_1717\n|j|\u2606Jhinting\n|t:|1682390477\n|gametype|doubles\n|player|p1|zach_1717|ruinmaniac|1104\n|player|p2|Jhinting|marnie-masters3|1195\n|teamsize|p1|6\n|teamsize|p2|6\n|gen|9\n|tier|[Gen 9] VGC 2023 Regulation C\n|rated|\n|rule|Species Clause: Limit one of each Pok\u00e9mon\n|rule|Item Clause: Limit one of each item\n|clearpoke\n|poke|p1|Ting-Lu, L50|\n|poke|p1|Iron Hands, L50|\n|poke|p1|Flutter Mane, L50|\n|poke|p1|Amoonguss, L50, F|\n|poke|p1|Baxcalibur, L50, M|\n|poke|p1|Gyarados, L50, F|\n|poke|p2|Scizor, L50, F|\n|poke|p2|Espathra, L50, F|\n|poke|p2|Sandy Shocks, L50|\n|poke|p2|Wo-Chien, L50|\n|poke|p2|Gyarados, L50, M|\n|poke|p2|Mimikyu, L50, M|\n|teampreview|4\n|inactive|Battle timer is ON: inactive players will automatically lose when time's up. (requested by Jhinting)\n|inactive|Jhinting has 60 seconds left.\n|\n|t:|1682390513\n|start\n|switch|p1a: Flutter Mane|Flutter Mane, L50|100\/100\n|switch|p1b: Amoonguss|Amoonguss, L50, F|100\/100\n|switch|p2a: Koneko Toujou|Scizor, L50, F|100\/100\n|switch|p2b: Irina Shidou|Wo-Chien, L50|100\/100\n|-ability|p2b: Irina Shidou|Tablets of Ruin\n|-enditem|p1a: Flutter Mane|Booster Energy\n|-activate|p1a: Flutter Mane|ability: Protosynthesis|[fromitem]\n|-start|p1a: Flutter Mane|protosynthesisspe\n|turn|1\n|\n|t:|1682390527\n|move|p1a: Flutter Mane|Protect|p1a: Flutter Mane\n|-singleturn|p1a: Flutter Mane|Protect\n|move|p2a: Koneko Toujou|Bullet Punch|p1a: Flutter Mane\n|-activate|p1a: Flutter Mane|move: Protect\n|move|p2b: Irina Shidou|Snarl|p1a: Flutter Mane|[spread] p1b\n|-activate|p1a: Flutter Mane|move: Protect\n|-damage|p1b: Amoonguss|89\/100\n|-unboost|p1b: Amoonguss|spa|1\n|move|p1b: Amoonguss|Spore|p2a: Koneko Toujou\n|-status|p2a: Koneko Toujou|slp|[from] move: Spore\n|\n|upkeep\n|turn|2\n|\n|t:|1682390549\n|-terastallize|p2b: Irina Shidou|Water\n|cant|p2a: Koneko Toujou|slp\n|move|p1a: Flutter Mane|Moonblast|p2b: Irina Shidou\n|-damage|p2b: Irina Shidou|71\/100\n|move|p2b: Irina Shidou|Snarl|p1b: Amoonguss|[spread] p1a,p1b\n|-damage|p1a: Flutter Mane|88\/100\n|-damage|p1b: Amoonguss|78\/100\n|-unboost|p1a: Flutter Mane|spa|1\n|-unboost|p1b: Amoonguss|spa|1\n|move|p1b: Amoonguss|Pollen Puff|p2b: Irina Shidou\n|-damage|p2b: Irina Shidou|65\/100\n|\n|upkeep\n|turn|3\n|\n|t:|1682390567\n|cant|p2a: Koneko Toujou|slp\n|move|p1a: Flutter Mane|Substitute|p1a: Flutter Mane\n|-start|p1a: Flutter Mane|Substitute\n|-damage|p1a: Flutter Mane|64\/100\n|move|p2b: Irina Shidou|Snarl|p1b: Amoonguss|[spread] p1a,p1b\n|-crit|p1b: Amoonguss\n|-damage|p1a: Flutter Mane|51\/100\n|-damage|p1b: Amoonguss|60\/100\n|-unboost|p1a: Flutter Mane|spa|1\n|-unboost|p1b: Amoonguss|spa|1\n|move|p1b: Amoonguss|Spore|p2b: Irina Shidou\n|-status|p2b: Irina Shidou|slp|[from] move: Spore\n|\n|upkeep\n|turn|4\n|\n|t:|1682390585\n|move|p1a: Flutter Mane|Moonblast|p2b: Irina Shidou\n|-damage|p2b: Irina Shidou|50\/100 slp\n|-enditem|p2b: Irina Shidou|Sitrus Berry|[eat]\n|-heal|p2b: Irina Shidou|75\/100 slp|[from] item: Sitrus Berry\n|-curestatus|p2a: Koneko Toujou|slp|[msg]\n|move|p2a: Koneko Toujou|U-turn|p1a: Flutter Mane\n|-resisted|p1a: Flutter Mane\n|-activate|p1a: Flutter Mane|move: Substitute|[damage]\n|\n|t:|1682390600\n|switch|p2a: Ravel Phenex|Espathra, L50, F|100\/100|[from] U-turn\n|cant|p2b: Irina Shidou|slp\n|move|p1b: Amoonguss|Pollen Puff|p1a: Flutter Mane\n|-heal|p1a: Flutter Mane|100\/100\n|\n|upkeep\n|turn|5\n|\n|t:|1682390617\n|-end|p1a: Flutter Mane|Protosynthesis|[silent]\n|switch|p1a: Ting-Lu|Ting-Lu, L50|100\/100\n|-ability|p1a: Ting-Lu|Vessel of Ruin\n|move|p2a: Ravel Phenex|Lumina Crash|p1b: Amoonguss\n|-supereffective|p1b: Amoonguss\n|-damage|p1b: Amoonguss|9\/100\n|-unboost|p1b: Amoonguss|spd|2\n|-enditem|p1b: Amoonguss|Sitrus Berry|[eat]\n|-heal|p1b: Amoonguss|34\/100|[from] item: Sitrus Berry\n|cant|p2b: Irina Shidou|slp\n|move|p1b: Amoonguss|Spore|p2a: Ravel Phenex\n|-status|p2a: Ravel Phenex|slp|[from] move: Spore\n|\n|-ability|p2a: Ravel Phenex|Speed Boost|boost\n|-boost|p2a: Ravel Phenex|spe|1\n|upkeep\n|turn|6\n|\n|t:|1682390639\n|cant|p2a: Ravel Phenex|slp\n|-curestatus|p2b: Irina Shidou|slp|[msg]\n|move|p2b: Irina Shidou|Leech Seed|p1a: Ting-Lu\n|-start|p1a: Ting-Lu|move: Leech Seed\n|move|p1a: Ting-Lu|Ruination|p2b: Irina Shidou\n|-damage|p2b: Irina Shidou|38\/100\n|move|p1b: Amoonguss|Pollen Puff|p2a: Ravel Phenex\n|-supereffective|p2a: Ravel Phenex\n|-damage|p2a: Ravel Phenex|84\/100 slp\n|\n|-damage|p1a: Ting-Lu|88\/100|[from] Leech Seed|[of] p2b: Irina Shidou\n|-heal|p2b: Irina Shidou|54\/100|[silent]\n|-ability|p2a: Ravel Phenex|Speed Boost|boost\n|-boost|p2a: Ravel Phenex|spe|1\n|upkeep\n|turn|7\n|inactive|zach_1717 has 30 seconds left.\n|\n|t:|1682390665\n|cant|p2a: Ravel Phenex|slp\n|move|p2b: Irina Shidou|Giga Drain|p1a: Ting-Lu\n|-supereffective|p1a: Ting-Lu\n|-damage|p1a: Ting-Lu|73\/100\n|-heal|p2b: Irina Shidou|64\/100|[from] drain|[of] p1a: Ting-Lu\n|move|p1a: Ting-Lu|Fissure|p2b: Irina Shidou|[miss]\n|-miss|p1a: Ting-Lu|p2b: Irina Shidou\n|move|p1b: Amoonguss|Pollen Puff|p2a: Ravel Phenex\n|-supereffective|p2a: Ravel Phenex\n|-damage|p2a: Ravel Phenex|65\/100 slp\n|\n|-damage|p1a: Ting-Lu|60\/100|[from] Leech Seed|[of] p2b: Irina Shidou\n|-heal|p2b: Irina Shidou|79\/100|[silent]\n|-ability|p2a: Ravel Phenex|Speed Boost|boost\n|-boost|p2a: Ravel Phenex|spe|1\n|upkeep\n|turn|8\n|\n|t:|1682390684\n|cant|p2a: Ravel Phenex|slp\n|move|p2b: Irina Shidou|Pollen Puff|p2a: Ravel Phenex\n|-heal|p2a: Ravel Phenex|100\/100 slp\n|move|p1a: Ting-Lu|Stomping Tantrum|p2a: Ravel Phenex\n|-damage|p2a: Ravel Phenex|31\/100 slp\n|move|p1b: Amoonguss|Spore|p2b: Irina Shidou\n|-status|p2b: Irina Shidou|slp|[from] move: Spore\n|\n|-damage|p1a: Ting-Lu|48\/100|[from] Leech Seed|[of] p2b: Irina Shidou\n|-heal|p2b: Irina Shidou|95\/100 slp|[silent]\n|-ability|p2a: Ravel Phenex|Speed Boost|boost\n|-boost|p2a: Ravel Phenex|spe|1\n|upkeep\n|turn|9\n|\n|t:|1682390701\n|switch|p1b: Baxcalibur|Baxcalibur, L50, M|100\/100\n|-curestatus|p2a: Ravel Phenex|slp|[msg]\n|move|p2a: Ravel Phenex|Lumina Crash|p1b: Baxcalibur\n|-damage|p1b: Baxcalibur|74\/100\n|cant|p2b: Irina Shidou|slp\n|move|p1a: Ting-Lu|Fissure|p2b: Irina Shidou|[miss]\n|-miss|p1a: Ting-Lu|p2b: Irina Shidou\n|\n|-damage|p1a: Ting-Lu|36\/100|[from] Leech Seed|[of] p2b: Irina Shidou\n|-heal|p2b: Irina Shidou|100\/100 slp|[silent]\n|-ability|p2a: Ravel Phenex|Speed Boost|boost\n|-boost|p2a: Ravel Phenex|spe|1\n|upkeep\n|turn|10\n|\n|t:|1682390715\n|move|p2a: Ravel Phenex|Dazzling Gleam|p1b: Baxcalibur|[spread] p1a,p1b\n|-supereffective|p1a: Ting-Lu\n|-supereffective|p1b: Baxcalibur\n|-damage|p1a: Ting-Lu|24\/100\n|-damage|p1b: Baxcalibur|49\/100\n|move|p1b: Baxcalibur|Swords Dance|p1b: Baxcalibur\n|-boost|p1b: Baxcalibur|atk|2\n|-curestatus|p2b: Irina Shidou|slp|[msg]\n|move|p2b: Irina Shidou|Giga Drain|p1a: Ting-Lu\n|-supereffective|p1a: Ting-Lu\n|-damage|p1a: Ting-Lu|10\/100\n|move|p1a: Ting-Lu|Stomping Tantrum|p2a: Ravel Phenex\n|-damage|p2a: Ravel Phenex|0 fnt\n|faint|p2a: Ravel Phenex\n|\n|-damage|p1a: Ting-Lu|0 fnt|[from] Leech Seed|[of] p2b: Irina Shidou\n|faint|p1a: Ting-Lu\n|upkeep\n|\n|t:|1682390732\n|switch|p2a: Gasper Bloody|Mimikyu, L50, M, shiny|100\/100\n|switch|p1a: Amoonguss|Amoonguss, L50, F|67\/100\n|turn|11\n|\n|t:|1682390743\n|-terastallize|p1b: Baxcalibur|Fairy\n|move|p1b: Baxcalibur|Ice Shard|p2a: Gasper Bloody\n|-activate|p2a: Gasper Bloody|ability: Disguise\n|-damage|p2a: Gasper Bloody|100\/100\n|detailschange|p2a: Gasper Bloody|Mimikyu-Busted, L50, M, shiny\n|-damage|p2a: Gasper Bloody|88\/100|[from] pokemon: Mimikyu-Busted\n|move|p2a: Gasper Bloody|Curse|p1b: Baxcalibur\n|-start|p1b: Baxcalibur|Curse|[of] p2a: Gasper Bloody\n|-damage|p2a: Gasper Bloody|39\/100\n|move|p2b: Irina Shidou|Snarl|p1b: Baxcalibur|[spread] p1a,p1b\n|-resisted|p1b: Baxcalibur\n|-damage|p1a: Amoonguss|54\/100\n|-damage|p1b: Baxcalibur|43\/100\n|-unboost|p1a: Amoonguss|spa|1\n|move|p1a: Amoonguss|Pollen Puff|p1b: Baxcalibur\n|-heal|p1b: Baxcalibur|93\/100\n|\n|-damage|p1b: Baxcalibur|68\/100|[from] Curse\n|upkeep\n|turn|12\n|\n|t:|1682390766\n|move|p1b: Baxcalibur|Ice Shard|p2a: Gasper Bloody\n|-damage|p2a: Gasper Bloody|0 fnt\n|faint|p2a: Gasper Bloody\n|move|p2b: Irina Shidou|Leech Seed|p1b: Baxcalibur\n|-start|p1b: Baxcalibur|move: Leech Seed\n|move|p1a: Amoonguss|Spore|p2b: Irina Shidou\n|-status|p2b: Irina Shidou|slp|[from] move: Spore\n|\n|-damage|p1b: Baxcalibur|55\/100|[from] Leech Seed|[of] p2b: Irina Shidou\n|-damage|p1b: Baxcalibur|30\/100|[from] Curse\n|upkeep\n|\n|t:|1682390774\n|switch|p2a: Koneko Toujou|Scizor, L50, F|100\/100\n|turn|13\n|inactive|zach_1717 has 30 seconds left.\n|\n|t:|1682390801\n|move|p1b: Baxcalibur|Ice Shard|p2a: Koneko Toujou\n|-resisted|p2a: Koneko Toujou\n|-damage|p2a: Koneko Toujou|82\/100\n|move|p2a: Koneko Toujou|Bullet Punch|p1b: Baxcalibur\n|-supereffective|p1b: Baxcalibur\n|-damage|p1b: Baxcalibur|0 fnt\n|faint|p1b: Baxcalibur\n|cant|p2b: Irina Shidou|slp\n|move|p1a: Amoonguss|Spore|p2a: Koneko Toujou\n|-status|p2a: Koneko Toujou|slp|[from] move: Spore\n|\n|upkeep\n|\n|t:|1682390806\n|switch|p1b: Flutter Mane|Flutter Mane, L50|100\/100\n|turn|14\n|\n|t:|1682390820\n|cant|p2a: Koneko Toujou|slp\n|move|p1b: Flutter Mane|Shadow Ball|p2b: Irina Shidou\n|-damage|p2b: Irina Shidou|74\/100 slp\n|cant|p2b: Irina Shidou|slp\n|move|p1a: Amoonguss|Pollen Puff|p2a: Koneko Toujou\n|-resisted|p2a: Koneko Toujou\n|-damage|p2a: Koneko Toujou|78\/100 slp\n|\n|upkeep\n|turn|15\n|\n|t:|1682390843\n|move|p1a: Amoonguss|Rage Powder|p1a: Amoonguss\n|-singleturn|p1a: Amoonguss|move: Rage Powder\n|-curestatus|p2a: Koneko Toujou|slp|[msg]\n|move|p2a: Koneko Toujou|Bullet Punch|p1a: Amoonguss\n|-damage|p1a: Amoonguss|34\/100\n|move|p1b: Flutter Mane|Shadow Ball|p2b: Irina Shidou\n|-damage|p2b: Irina Shidou|50\/100 slp\n|cant|p2b: Irina Shidou|slp\n|\n|upkeep\n|turn|16\n|\n|t:|1682390856\n|move|p1b: Flutter Mane|Protect|p1b: Flutter Mane\n|-singleturn|p1b: Flutter Mane|Protect\n|move|p2a: Koneko Toujou|U-turn|p1a: Amoonguss\n|-damage|p1a: Amoonguss|10\/100\n|-curestatus|p2b: Irina Shidou|slp|[msg]\n|move|p2b: Irina Shidou|Snarl|p1a: Amoonguss|[spread] \n|-activate|p1b: Flutter Mane|move: Protect\n|-miss|p2b: Irina Shidou|p1a: Amoonguss\n|move|p1a: Amoonguss|Spore|p2a: Koneko Toujou\n|-status|p2a: Koneko Toujou|slp|[from] move: Spore\n|\n|upkeep\n|turn|17\n|\n|t:|1682390875\n|cant|p2a: Koneko Toujou|slp\n|move|p1b: Flutter Mane|Shadow Ball|p2b: Irina Shidou\n|-damage|p2b: Irina Shidou|27\/100\n|move|p2b: Irina Shidou|Snarl|p1a: Amoonguss|[spread] p1a,p1b\n|-damage|p1a: Amoonguss|0 fnt\n|-damage|p1b: Flutter Mane|87\/100\n|-unboost|p1b: Flutter Mane|spa|1\n|faint|p1a: Amoonguss\n|\n|upkeep\n|turn|18\n|\n|t:|1682390886\n|cant|p2a: Koneko Toujou|slp\n|move|p1b: Flutter Mane|Shadow Ball|p2b: Irina Shidou\n|-damage|p2b: Irina Shidou|10\/100\n|move|p2b: Irina Shidou|Leech Seed|p1b: Flutter Mane\n|-start|p1b: Flutter Mane|move: Leech Seed\n|\n|-damage|p1b: Flutter Mane|75\/100|[from] Leech Seed|[of] p2b: Irina Shidou\n|-heal|p2b: Irina Shidou|20\/100|[silent]\n|upkeep\n|turn|19\n|\n|t:|1682390898\n|cant|p2a: Koneko Toujou|slp\n|move|p1b: Flutter Mane|Shadow Ball|p2b: Irina Shidou\n|-damage|p2b: Irina Shidou|4\/100\n|move|p2b: Irina Shidou|Giga Drain|p1b: Flutter Mane\n|-damage|p1b: Flutter Mane|54\/100\n|-heal|p2b: Irina Shidou|12\/100|[from] drain|[of] p1b: Flutter Mane\n|\n|-damage|p1b: Flutter Mane|42\/100|[from] Leech Seed|[of] p2b: Irina Shidou\n|-heal|p2b: Irina Shidou|21\/100|[silent]\n|upkeep\n|turn|20\n|-message|zach_1717 forfeited.\n|\n|win|Jhinting\n|raw|zach_1717's rating: 1104 → 1085<\/strong> (-19 for losing)\n|raw|Jhinting's rating: 1195 → 1214<\/strong> (+19 for winning)\n|l|\u2606zach_1717\n","uploadtime":1682390910,"views":9,"p1id":"zach1717","p2id":"jhinting","formatid":"gen9vgc2023regulationc","rating":1085,"private":0,"password":""}