{"id":"gen9vgc2023regulationc-1860426561","p1":"swbb","p2":"yamaguronekuro","format":"[Gen 9] VGC 2023 Regulation C","log":"|j|\u2606swbb\n|j|\u2606yamaguronekuro\n|t:|1683643228\n|gametype|doubles\n|player|p1|swbb|cynthia|1543\n|player|p2|yamaguronekuro|169|1639\n|teamsize|p1|6\n|teamsize|p2|6\n|gen|9\n|tier|[Gen 9] VGC 2023 Regulation C\n|rated|\n|rule|Species Clause: Limit one of each Pok\u00e9mon\n|rule|Item Clause: Limit one of each item\n|clearpoke\n|poke|p1|Chi-Yu, L50|\n|poke|p1|Flutter Mane, L50|\n|poke|p1|Tatsugiri-Stretchy, L50, M|\n|poke|p1|Dondozo, L50, F|\n|poke|p1|Chien-Pao, L50|\n|poke|p1|Dragonite, L50, M|\n|poke|p2|Annihilape, L50, M|\n|poke|p2|Maushold-Four, L50|\n|poke|p2|Chi-Yu, L50|\n|poke|p2|Flutter Mane, L50|\n|poke|p2|Wo-Chien, L50|\n|poke|p2|Avalugg, L50, F|\n|teampreview|4\n|inactive|Battle timer is ON: inactive players will automatically lose when time's up. (requested by swbb)\n|\n|t:|1683643263\n|start\n|switch|p1a: Chi-Yu|Chi-Yu, L50|100\/100\n|switch|p1b: Flutter Mane|Flutter Mane, L50|100\/100\n|switch|p2a: Flutter Mane|Flutter Mane, L50|100\/100\n|switch|p2b: Chi-Yu|Chi-Yu, L50|100\/100\n|-ability|p2b: Chi-Yu|Beads of Ruin\n|-ability|p1a: Chi-Yu|Beads of Ruin\n|-enditem|p2a: Flutter Mane|Booster Energy\n|-activate|p2a: Flutter Mane|ability: Protosynthesis|[fromitem]\n|-start|p2a: Flutter Mane|protosynthesisspe\n|turn|1\n|\n|t:|1683643286\n|-terastallize|p2a: Flutter Mane|Water\n|move|p2a: Flutter Mane|Dazzling Gleam|p1b: Flutter Mane|[spread] p1a,p1b\n|-damage|p1a: Chi-Yu|72\/100\n|-damage|p1b: Flutter Mane|59\/100\n|move|p1b: Flutter Mane|Power Gem|p2b: Chi-Yu\n|-supereffective|p2b: Chi-Yu\n|-damage|p2b: Chi-Yu|5\/100\n|-damage|p1b: Flutter Mane|50\/100|[from] item: Life Orb\n|move|p2b: Chi-Yu|Heat Wave|p1a: Chi-Yu|[spread] p1a,p1b\n|-resisted|p1a: Chi-Yu\n|-damage|p1a: Chi-Yu|52\/100\n|-damage|p1b: Flutter Mane|0 fnt\n|faint|p1b: Flutter Mane\n|-end|p1b: Flutter Mane|Protosynthesis|[silent]\n|move|p1a: Chi-Yu|Overheat|p2a: Flutter Mane\n|-resisted|p2a: Flutter Mane\n|-damage|p2a: Flutter Mane|41\/100\n|-unboost|p1a: Chi-Yu|spa|2\n|\n|upkeep\n|\n|t:|1683643304\n|switch|p1b: Dondozo|Dondozo, L50, F|100\/100\n|turn|2\n|\n|t:|1683643326\n|switch|p1a: Tatsugiri|Tatsugiri-Stretchy, L50, M|100\/100\n|-activate|p1a: Tatsugiri|ability: Commander|[of] p1b: Dondozo\n|-boost|p1b: Dondozo|atk|2\n|-boost|p1b: Dondozo|spa|2\n|-boost|p1b: Dondozo|spe|2\n|-boost|p1b: Dondozo|def|2\n|-boost|p1b: Dondozo|spd|2\n|move|p2a: Flutter Mane|Protect|p2a: Flutter Mane\n|-singleturn|p2a: Flutter Mane|Protect\n|move|p2b: Chi-Yu|Protect|p2b: Chi-Yu\n|-singleturn|p2b: Chi-Yu|Protect\n|move|p1b: Dondozo|Earthquake|p2a: Flutter Mane|[spread] \n|-miss|p1b: Dondozo|p1a: Tatsugiri\n|-activate|p2a: Flutter Mane|move: Protect\n|-activate|p2b: Chi-Yu|move: Protect\n|\n|upkeep\n|turn|3\n|\n|t:|1683643347\n|-end|p2a: Flutter Mane|Protosynthesis|[silent]\n|switch|p2a: Wo-Chien|Wo-Chien, L50|100\/100\n|-ability|p2a: Wo-Chien|Tablets of Ruin\n|switch|p2b: Avalugg|Avalugg, L50, F|100\/100\n|move|p1b: Dondozo|Earthquake|p2a: Wo-Chien|[spread] p2a,p2b\n|-miss|p1b: Dondozo|p1a: Tatsugiri\n|-resisted|p2a: Wo-Chien\n|-damage|p2a: Wo-Chien|84\/100\n|-damage|p2b: Avalugg|77\/100\n|\n|upkeep\n|turn|4\n|\n|t:|1683643368\n|-terastallize|p1b: Dondozo|Flying\n|move|p1b: Dondozo|Tera Blast|p2a: Wo-Chien\n|-supereffective|p2a: Wo-Chien\n|-damage|p2a: Wo-Chien|0 fnt\n|faint|p2a: Wo-Chien\n|move|p2b: Avalugg|Avalanche|p2: Wo-Chien|[notarget]\n|-fail|p2b: Avalugg\n|\n|upkeep\n|\n|t:|1683643378\n|switch|p2a: Flutter Mane|Flutter Mane, L50, tera:Water|41\/100\n|turn|5\n|\n|t:|1683643387\n|move|p2a: Flutter Mane|Protect|p2a: Flutter Mane\n|-singleturn|p2a: Flutter Mane|Protect\n|move|p1b: Dondozo|Wave Crash|p2b: Avalugg\n|-damage|p2b: Avalugg|9\/100\n|-damage|p1b: Dondozo|83\/100|[from] Recoil\n|move|p2b: Avalugg|Avalanche|p1b: Dondozo\n|-supereffective|p1b: Dondozo\n|-crit|p1b: Dondozo\n|-damage|p1b: Dondozo|0 fnt\n|faint|p1b: Dondozo\n|\n|upkeep\n|\n|t:|1683643400\n|switch|p1b: Chi-Yu|Chi-Yu, L50|52\/100\n|-ability|p1b: Chi-Yu|Beads of Ruin\n|turn|6\n|\n|t:|1683643419\n|move|p1a: Tatsugiri|Draco Meteor|p2a: Flutter Mane\n|-damage|p2a: Flutter Mane|0 fnt\n|-unboost|p1a: Tatsugiri|spa|2\n|faint|p2a: Flutter Mane\n|-end|p2a: Flutter Mane|Protosynthesis|[silent]\n|move|p1b: Chi-Yu|Dark Pulse|p2b: Avalugg\n|-damage|p2b: Avalugg|0 fnt\n|faint|p2b: Avalugg\n|\n|upkeep\n|\n|t:|1683643424\n|switch|p2b: Chi-Yu|Chi-Yu, L50|5\/100\n|-ability|p2b: Chi-Yu|Beads of Ruin\n|turn|7\n|-message|yamaguronekuro forfeited.\n|\n|win|swbb\n|raw|swbb's rating: 1543 → 1568<\/strong> (+25 for winning)\n|raw|yamaguronekuro's rating: 1639 → 1614<\/strong> (-25 for losing)\n|l|\u2606yamaguronekuro\n","uploadtime":1683643449,"views":12,"p1id":"swbb","p2id":"yamaguronekuro","formatid":"gen9vgc2023regulationc","rating":1568,"private":0,"password":""}