{"id":"gen9vgc2023regulationc-1862714701","p1":"qu4xly","p2":"ohmmycod","format":"[Gen 9] VGC 2023 Regulation C","log":"|j|\u2606qu4xly\n|j|\u2606ohmmycod\n|t:|1683914693\n|gametype|doubles\n|player|p1|qu4xly|ethan|1111\n|player|p2|ohmmycod|fisherman|1146\n|teamsize|p1|6\n|teamsize|p2|6\n|gen|9\n|tier|[Gen 9] VGC 2023 Regulation C\n|rated|\n|rule|Species Clause: Limit one of each Pok\u00e9mon\n|rule|Item Clause: Limit one of each item\n|clearpoke\n|poke|p1|Ting-Lu, L50|\n|poke|p1|Abomasnow, L50, M|\n|poke|p1|Flutter Mane, L50|\n|poke|p1|Iron Hands, L50|\n|poke|p1|Bronzong, L50|\n|poke|p1|Arcanine, L50, M|\n|poke|p2|Corviknight, L50, F|\n|poke|p2|Maushold, L50|\n|poke|p2|Annihilape, L50, M|\n|poke|p2|Scream Tail, L50|\n|poke|p2|Iron Bundle, L50|\n|poke|p2|Ceruledge, L50, F|\n|teampreview|4\n|inactive|Battle timer is ON: inactive players will automatically lose when time's up. (requested by ohmmycod)\nqu4xly rejected open team sheets.\n|inactive|qu4xly has 60 seconds left.\n|\n|t:|1683914751\n|start\n|switch|p1a: Iron Hands|Iron Hands, L50|100\/100\n|switch|p1b: Flutter Mane|Flutter Mane, L50|100\/100\n|switch|p2a: Iron Bundle|Iron Bundle, L50|100\/100\n|switch|p2b: Ceruledge|Ceruledge, L50, F|100\/100\n|-enditem|p2a: Iron Bundle|Booster Energy\n|-activate|p2a: Iron Bundle|ability: Quark Drive|[fromitem]\n|-start|p2a: Iron Bundle|quarkdrivespe\n|turn|1\n|inactive|qu4xly has 30 seconds left.\n|inactive|ohmmycod has 30 seconds left.\n|inactive|qu4xly has 20 seconds left.\n|inactive|qu4xly has 15 seconds left.\n|inactive|qu4xly has 10 seconds left.\n|\n|t:|1683914800\n|move|p2a: Iron Bundle|Protect|p2a: Iron Bundle\n|-singleturn|p2a: Iron Bundle|Protect\n|move|p1a: Iron Hands|Fake Out|p2b: Ceruledge\n|-immune|p2b: Ceruledge\n|move|p2b: Ceruledge|Shadow Sneak|p1b: Flutter Mane\n|-supereffective|p1b: Flutter Mane\n|-damage|p1b: Flutter Mane|40\/100\n|move|p1b: Flutter Mane|Shadow Ball|p2b: Ceruledge\n|-supereffective|p2b: Ceruledge\n|-damage|p2b: Ceruledge|11\/100\n|\n|upkeep\n|turn|2\n|\n|t:|1683914822\n|-end|p1b: Flutter Mane|Protosynthesis|[silent]\n|switch|p1b: Ting-Lu|Ting-Lu, L50|100\/100\n|-ability|p1b: Ting-Lu|Vessel of Ruin\n|move|p2b: Ceruledge|Shadow Sneak|p1b: Ting-Lu\n|-resisted|p1b: Ting-Lu\n|-damage|p1b: Ting-Lu|94\/100\n|move|p2a: Iron Bundle|Icy Wind|p1a: Iron Hands|[spread] p1a,p1b\n|-supereffective|p1b: Ting-Lu\n|-damage|p1a: Iron Hands|93\/100\n|-damage|p1b: Ting-Lu|70\/100\n|-unboost|p1a: Iron Hands|spe|1\n|-unboost|p1b: Ting-Lu|spe|1\n|move|p1a: Iron Hands|Close Combat|p2a: Iron Bundle\n|-supereffective|p2a: Iron Bundle\n|-damage|p2a: Iron Bundle|0 fnt\n|-unboost|p1a: Iron Hands|def|1\n|-unboost|p1a: Iron Hands|spd|1\n|faint|p2a: Iron Bundle\n|-end|p2a: Iron Bundle|Quark Drive|[silent]\n|\n|upkeep\n|\n|t:|1683914836\n|switch|p2a: Annihilape|Annihilape, L50, M|100\/100\n|turn|3\n|inactive|qu4xly has 30 seconds left.\n|\n|t:|1683914862\n|-end|p1a: Iron Hands|Quark Drive|[silent]\n|switch|p1a: Bronzong|Bronzong, L50, shiny|100\/100\n|-terastallize|p1b: Ting-Lu|Ground\n|move|p2a: Annihilape|Drain Punch|p1b: Ting-Lu\n|-damage|p1b: Ting-Lu|49\/100\n|move|p2b: Ceruledge|Bitter Blade|p1a: Bronzong\n|-supereffective|p1a: Bronzong\n|-damage|p1a: Bronzong|23\/100\n|-heal|p2b: Ceruledge|56\/100|[from] drain|[of] p1a: Bronzong\n|move|p1b: Ting-Lu|Earthquake|p2a: Annihilape|[spread] p2a,p2b\n|-immune|p1a: Bronzong|[from] ability: Levitate\n|-supereffective|p2b: Ceruledge\n|-damage|p2a: Annihilape|9\/100\n|-damage|p2b: Ceruledge|0 fnt\n|-enditem|p2a: Annihilape|Sitrus Berry|[eat]\n|-heal|p2a: Annihilape|33\/100|[from] item: Sitrus Berry\n|faint|p2b: Ceruledge\n|\n|upkeep\n|\n|t:|1683914879\n|switch|p2b: Maushold|Maushold, L50|100\/100\n|turn|4\n|\n|t:|1683914901\n|move|p2b: Maushold|Population Bomb|p1b: Ting-Lu\n|-damage|p1b: Ting-Lu|42\/100\n|-damage|p1b: Ting-Lu|35\/100\n|-damage|p1b: Ting-Lu|28\/100\n|-damage|p1b: Ting-Lu|21\/100\n|-damage|p1b: Ting-Lu|15\/100\n|-damage|p1b: Ting-Lu|7\/100\n|-damage|p1b: Ting-Lu|1\/100\n|-damage|p1b: Ting-Lu|0 fnt\n|faint|p1b: Ting-Lu\n|-hitcount|p1: Ting-Lu|8\n|move|p2a: Annihilape|Rage Fist|p1a: Bronzong\n|-supereffective|p1a: Bronzong\n|-damage|p1a: Bronzong|0 fnt\n|faint|p1a: Bronzong\n|\n|upkeep\n|\n|t:|1683914906\n|switch|p1b: Iron Hands|Iron Hands, L50|93\/100\n|switch|p1a: Flutter Mane|Flutter Mane, L50|40\/100\n|turn|5\n|\n|t:|1683914920\n|-terastallize|p2b: Maushold|Ghost\n|move|p2a: Annihilape|Protect|p2a: Annihilape\n|-singleturn|p2a: Annihilape|Protect\n|move|p1b: Iron Hands|Fake Out|p2b: Maushold\n|-immune|p2b: Maushold\n|move|p2b: Maushold|Beat Up|p1a: Flutter Mane\n|-damage|p1a: Flutter Mane|30\/100\n|-damage|p1a: Flutter Mane|23\/100\n|-hitcount|p1a: Flutter Mane|2\n|move|p1a: Flutter Mane|Dazzling Gleam|p2b: Maushold|[spread] p2b\n|-activate|p2a: Annihilape|move: Protect\n|-damage|p2b: Maushold|34\/100\n|\n|upkeep\n|turn|6\n|\n|t:|1683914940\n|move|p2b: Maushold|Population Bomb|p1b: Iron Hands\n|-damage|p1b: Iron Hands|85\/100\n|-damage|p1b: Iron Hands|78\/100\n|-damage|p1b: Iron Hands|70\/100\n|-damage|p1b: Iron Hands|61\/100\n|-hitcount|p1b: Iron Hands|4\n|move|p1a: Flutter Mane|Dazzling Gleam|p2a: Annihilape|[spread] p2a,p2b\n|-supereffective|p2a: Annihilape\n|-damage|p2a: Annihilape|0 fnt\n|-damage|p2b: Maushold|0 fnt\n|faint|p2a: Annihilape\n|faint|p2b: Maushold\n|\n|win|qu4xly\n|raw|qu4xly's rating: 1111 → 1139<\/strong> (+28 for winning)\n|raw|ohmmycod's rating: 1146 → 1118<\/strong> (-28 for losing)\n|l|\u2606ohmmycod\n","uploadtime":1683914951,"views":13,"p1id":"qu4xly","p2id":"ohmmycod","formatid":"gen9vgc2023regulationc","rating":1118,"private":0,"password":""}