{"id":"gen9vgc2023regulationc-1859155184","p1":"ascetic_lynx","p2":"gxxcx yt","format":"[Gen 9] VGC 2023 Regulation C","log":"|j|\u2606ascetic_lynx\n|j|\u2606gxxcx yt\n|t:|1683411167\n|gametype|doubles\n|player|p1|ascetic_lynx|169|1055\n|player|p2|gxxcx yt|102|1046\n|teamsize|p1|6\n|teamsize|p2|6\n|gen|9\n|tier|[Gen 9] VGC 2023 Regulation C\n|rated|\n|rule|Species Clause: Limit one of each Pok\u00e9mon\n|rule|Item Clause: Limit one of each item\n|clearpoke\n|poke|p1|Torkoal, L50, M|\n|poke|p1|Arboliva, L50, F|\n|poke|p1|Flutter Mane, L50|\n|poke|p1|Tauros-Paldea-Aqua, L50, M|\n|poke|p1|Kingambit, L50, F|\n|poke|p1|Cyclizar, L50, F|\n|poke|p2|Talonflame, L50, F|\n|poke|p2|Farigiraf, L50, F|\n|poke|p2|Dragonite, L50, M|\n|poke|p2|Flutter Mane, L50|\n|poke|p2|Amoonguss, L50, F|\n|poke|p2|Palafin, L50, M|\n|teampreview|4\n|inactive|Battle timer is ON: inactive players will automatically lose when time's up. (requested by ascetic_lynx)\n|inactive|gxxcx yt has 60 seconds left.\n|inactive|gxxcx yt has 30 seconds left.\n|\n|t:|1683411238\n|start\n|switch|p1a: Torkoal|Torkoal, L50, M|100\/100\n|switch|p1b: Arboliva|Arboliva, L50, F|100\/100\n|switch|p2a: Talonflame|Talonflame, L50, F|100\/100\n|switch|p2b: Farigiraf|Farigiraf, L50, F|100\/100\n|-weather|SunnyDay|[from] ability: Drought|[of] p1a: Torkoal\n|turn|1\n|\n|t:|1683411262\n|-terastallize|p1b: Arboliva|Water\n|move|p2a: Talonflame|Brave Bird|p1b: Arboliva\n|-crit|p1b: Arboliva\n|-damage|p1b: Arboliva|51\/100\n|-damage|p2a: Talonflame|87\/100|[from] Recoil\n|move|p2b: Farigiraf|Psychic|p1a: Torkoal\n|-damage|p1a: Torkoal|7\/100\n|move|p1b: Arboliva|Leech Seed|p2b: Farigiraf\n|-start|p2b: Farigiraf|move: Leech Seed\n|move|p1a: Torkoal|Eruption|p2a: Talonflame|[spread] p2a,p2b\n|-resisted|p2a: Talonflame\n|-damage|p2a: Talonflame|83\/100\n|-damage|p2b: Farigiraf|95\/100\n|\n|-weather|SunnyDay|[upkeep]\n|-damage|p2b: Farigiraf|83\/100|[from] Leech Seed|[of] p1b: Arboliva\n|-heal|p1b: Arboliva|67\/100|[silent]\n|upkeep\n|turn|2\n|inactive|ascetic_lynx has 30 seconds left.\n|inactive|ascetic_lynx has 20 seconds left.\n|\n|t:|1683411299\n|move|p2a: Talonflame|Brave Bird|p1a: Torkoal\n|-damage|p1a: Torkoal|0 fnt\n|faint|p1a: Torkoal\n|-damage|p2a: Talonflame|81\/100|[from] Recoil\n|move|p2b: Farigiraf|Psychic|p1b: Arboliva\n|-damage|p1b: Arboliva|6\/100\n|-enditem|p1b: Arboliva|Sitrus Berry|[eat]\n|-heal|p1b: Arboliva|31\/100|[from] item: Sitrus Berry\n|move|p1b: Arboliva|Leech Seed|p2a: Talonflame\n|-start|p2a: Talonflame|move: Leech Seed\n|\n|-weather|SunnyDay|[upkeep]\n|-damage|p2a: Talonflame|69\/100|[from] Leech Seed|[of] p1b: Arboliva\n|-heal|p1b: Arboliva|45\/100|[silent]\n|-damage|p2b: Farigiraf|71\/100|[from] Leech Seed|[of] p1b: Arboliva\n|-heal|p1b: Arboliva|61\/100|[silent]\n|-item|p1b: Arboliva|Sitrus Berry|[from] ability: Harvest\n|upkeep\n|\n|t:|1683411319\n|switch|p1a: Tauros|Tauros-Paldea-Aqua, L50, M|100\/100\n|-ability|p1a: Tauros|Intimidate|boost\n|-unboost|p2a: Talonflame|atk|1\n|-unboost|p2b: Farigiraf|atk|1\n|turn|3\n|\n|t:|1683411342\n|switch|p2b: Dragonite|Dragonite, L50, M|100\/100\n|move|p1b: Arboliva|Protect|p1b: Arboliva\n|-singleturn|p1b: Arboliva|Protect\n|move|p2a: Talonflame|Will-O-Wisp|p1a: Tauros\n|-status|p1a: Tauros|brn\n|move|p1a: Tauros|Swagger|p2b: Dragonite\n|-boost|p2b: Dragonite|atk|2\n|-enditem|p1a: Tauros|Mirror Herb\n|-boost|p1a: Tauros|atk|2|[from] item: Mirror Herb\n|-start|p2b: Dragonite|confusion\n|\n|-weather|SunnyDay|[upkeep]\n|-damage|p2a: Talonflame|57\/100|[from] Leech Seed|[of] p1b: Arboliva\n|-heal|p1b: Arboliva|75\/100|[silent]\n|-damage|p1a: Tauros|95\/100 brn|[from] brn\n|upkeep\n|turn|4\n|inactive|ascetic_lynx has 30 seconds left.\n|inactive|gxxcx yt has 30 seconds left.\n|inactive|ascetic_lynx has 20 seconds left.\n|inactive|gxxcx yt has 20 seconds left.\n|inactive|gxxcx yt has 15 seconds left.\n|inactive|gxxcx yt has 10 seconds left.\n|\n|t:|1683411390\n|move|p2a: Talonflame|Tailwind|p2a: Talonflame\n|-sidestart|p2: gxxcx yt|move: Tailwind\n|-activate|p2b: Dragonite|confusion\n|-damage|p2b: Dragonite|71\/100|[from] confusion\n|move|p1a: Tauros|Raging Bull|p2a: Talonflame\n|-supereffective|p2a: Talonflame\n|-damage|p2a: Talonflame|15\/100\n|move|p1b: Arboliva|Leech Seed|p2b: Dragonite\n|-start|p2b: Dragonite|move: Leech Seed\n|\n|-weather|SunnyDay|[upkeep]\n|-damage|p2a: Talonflame|3\/100|[from] Leech Seed|[of] p1b: Arboliva\n|-heal|p1b: Arboliva|89\/100|[silent]\n|-damage|p2b: Dragonite|59\/100|[from] Leech Seed|[of] p1b: Arboliva\n|-heal|p1b: Arboliva|100\/100|[silent]\n|-damage|p1a: Tauros|89\/100 brn|[from] brn\n|upkeep\n|turn|5\n|inactive|ascetic_lynx has 30 seconds left.\n|inactive|gxxcx yt has 30 seconds left.\n|inactive|ascetic_lynx has 20 seconds left.\n|inactive|gxxcx yt has 20 seconds left.\n|\n|t:|1683411430\n|switch|p2a: Farigiraf|Farigiraf, L50, F|71\/100\n|-activate|p2b: Dragonite|confusion\n|-damage|p2b: Dragonite|29\/100|[from] confusion\n|move|p1a: Tauros|Raging Bull|p2b: Dragonite\n|-resisted|p2b: Dragonite\n|-damage|p2b: Dragonite|21\/100\n|move|p1b: Arboliva|Leech Seed||[still]\n|-fail|p1b: Arboliva\n|\n|-weather|SunnyDay|[upkeep]\n|-damage|p2b: Dragonite|9\/100|[from] Leech Seed|[of] p1b: Arboliva\n|-damage|p1a: Tauros|83\/100 brn|[from] brn\n|upkeep\n|turn|6\n|inactive|ascetic_lynx has 30 seconds left.\n|inactive|gxxcx yt has 30 seconds left.\n|\n|t:|1683411458\n|switch|p2b: Flutter Mane|Flutter Mane, L50|100\/100\n|-activate|p2b: Flutter Mane|ability: Protosynthesis\n|-start|p2b: Flutter Mane|protosynthesisspa\n|move|p2a: Farigiraf|Psychic|p1a: Tauros\n|-supereffective|p1a: Tauros\n|-damage|p1a: Tauros|0 fnt\n|faint|p1a: Tauros\n|move|p1b: Arboliva|Leech Seed|p2a: Farigiraf\n|-start|p2a: Farigiraf|move: Leech Seed\n|\n|-weather|SunnyDay|[upkeep]\n|-damage|p2a: Farigiraf|59\/100|[from] Leech Seed|[of] p1b: Arboliva\n|upkeep\n|\n|t:|1683411468\n|switch|p1a: Flutter Mane|Flutter Mane, L50|100\/100\n|-activate|p1a: Flutter Mane|ability: Protosynthesis\n|-start|p1a: Flutter Mane|protosynthesisspe\n|turn|7\n|inactive|gxxcx yt has 30 seconds left.\n|inactive|gxxcx yt has 20 seconds left.\n|\n|t:|1683411504\n|-terastallize|p2b: Flutter Mane|Fairy\n|move|p2b: Flutter Mane|Dazzling Gleam|p1a: Flutter Mane|[spread] p1a,p1b\n|-damage|p1a: Flutter Mane|50\/100\n|-damage|p1b: Arboliva|59\/100\n|move|p1a: Flutter Mane|Shadow Ball|p2b: Flutter Mane\n|-damage|p2b: Flutter Mane|44\/100\n|move|p2a: Farigiraf|Psychic|p1b: Arboliva\n|-damage|p1b: Arboliva|0 fnt\n|faint|p1b: Arboliva\n|\n|-weather|SunnyDay|[upkeep]\n|-sideend|p2: gxxcx yt|move: Tailwind\n|upkeep\n|turn|8\n|-message|ascetic_lynx forfeited.\n|\n|win|gxxcx yt\n|raw|ascetic_lynx's rating: 1055 → 1036<\/strong> (-19 for losing)\n|raw|gxxcx yt's rating: 1046 → 1080<\/strong> (+34 for winning)\n|l|\u2606ascetic_lynx\n","uploadtime":1683411815,"views":11,"p1id":"asceticlynx","p2id":"gxxcxyt","formatid":"gen9vgc2023regulationc","rating":1036,"private":0,"password":""}