{"id":"gen9vgc2023regulationc-1846586940","p1":"Armadill0","p2":"fgdtfs","format":"[Gen 9] VGC 2023 Regulation C","log":"|j|\u2606Armadill0\n|j|\u2606fgdtfs\n|t:|1681854458\n|gametype|doubles\n|player|p1|Armadill0|crasherwake|1022\n|player|p2|fgdtfs|170|1072\n|teamsize|p1|6\n|teamsize|p2|6\n|gen|9\n|tier|[Gen 9] VGC 2023 Regulation C\n|rated|\n|rule|Species Clause: Limit one of each Pok\u00e9mon\n|rule|Item Clause: Limit one of each item\n|clearpoke\n|poke|p1|Slither Wing, L50|\n|poke|p1|Sandy Shocks, L50|\n|poke|p1|Talonflame, L50, F|\n|poke|p1|Flutter Mane, L50|\n|poke|p1|Palafin, L50, F|\n|poke|p1|Tatsugiri, L50, F|\n|poke|p2|Torkoal, L50, M|\n|poke|p2|Chi-Yu, L50|\n|poke|p2|Bronzong, L50|\n|poke|p2|Gastrodon, L50, M|\n|poke|p2|Grimmsnarl, L50, M|\n|poke|p2|Skeledirge, L50, F|\n|teampreview|4\n|inactive|Battle timer is ON: inactive players will automatically lose when time's up. (requested by fgdtfs)\n|\n|t:|1681854506\n|start\n|switch|p1a: Talonflame|Talonflame, L50, F|100\/100\n|switch|p1b: Palafin|Palafin, L50, F|100\/100\n|switch|p2a: Grimmsnarl|Grimmsnarl, L50, M|100\/100\n|switch|p2b: Chi-Yu|Chi-Yu, L50|100\/100\n|-ability|p2b: Chi-Yu|Beads of Ruin\n|turn|1\n|\n|t:|1681854521\n|detailschange|p1b: Palafin|Palafin-Hero, L50, F\n|switch|p1b: Sandy Shocks|Sandy Shocks, L50|100\/100\n|move|p2a: Grimmsnarl|Fake Out|p1a: Talonflame\n|-damage|p1a: Talonflame|83\/100\n|cant|p1a: Talonflame|flinch\n|move|p2b: Chi-Yu|Snarl|p1a: Talonflame|[spread] p1a,p1b\n|-damage|p1a: Talonflame|53\/100\n|-damage|p1b: Sandy Shocks|79\/100\n|-unboost|p1a: Talonflame|spa|1\n|-unboost|p1b: Sandy Shocks|spa|1\n|\n|upkeep\n|turn|2\n|\n|t:|1681854541\n|move|p2b: Chi-Yu|Protect|p2b: Chi-Yu\n|-singleturn|p2b: Chi-Yu|Protect\n|move|p1a: Talonflame|Tailwind|p1a: Talonflame\n|-sidestart|p1: Armadill0|move: Tailwind\n|move|p1b: Sandy Shocks|Earth Power|p2b: Chi-Yu\n|-activate|p2b: Chi-Yu|move: Protect\n|move|p2a: Grimmsnarl|Spirit Break|p1b: Sandy Shocks\n|-damage|p1b: Sandy Shocks|38\/100\n|-unboost|p1b: Sandy Shocks|spa|1\n|\n|upkeep\n|turn|3\n|\n|t:|1681854559\n|-end|p1b: Sandy Shocks|Protosynthesis|[silent]\n|switch|p1b: Palafin|Palafin-Hero, L50, F|100\/100\n|-activate|p1b: Palafin|ability: Zero to Hero\n|move|p2a: Grimmsnarl|Sucker Punch||[still]\n|-fail|p2a: Grimmsnarl\n|move|p1a: Talonflame|Brave Bird|p2a: Grimmsnarl\n|-damage|p2a: Grimmsnarl|61\/100\n|-damage|p1a: Talonflame|39\/100|[from] Recoil\n|move|p2b: Chi-Yu|Substitute|p2b: Chi-Yu\n|-start|p2b: Chi-Yu|Substitute\n|-damage|p2b: Chi-Yu|76\/100\n|\n|upkeep\n|turn|4\n|\n|t:|1681854578\n|-terastallize|p1b: Palafin|Water\n|move|p1a: Talonflame|Protect|p1a: Talonflame\n|-singleturn|p1a: Talonflame|Protect\n|move|p2b: Chi-Yu|Protect|p2b: Chi-Yu\n|-singleturn|p2b: Chi-Yu|Protect\n|move|p2a: Grimmsnarl|Sucker Punch||[still]\n|-fail|p2a: Grimmsnarl\n|move|p1b: Palafin|Wave Crash|p2a: Grimmsnarl\n|-damage|p2a: Grimmsnarl|0 fnt\n|faint|p2a: Grimmsnarl\n|-damage|p1b: Palafin|79\/100|[from] Recoil\n|\n|upkeep\n|\n|t:|1681854582\n|switch|p2a: Skeledirge|Skeledirge, L50, F|100\/100\n|turn|5\n|\n|t:|1681854595\n|switch|p2a: Gastrodon|Gastrodon, L50, M|100\/100\n|move|p1a: Talonflame|Brave Bird|p2b: Chi-Yu\n|-end|p2b: Chi-Yu|Substitute\n|-damage|p1a: Talonflame|32\/100|[from] Recoil|[of] p2b: Chi-Yu\n|move|p1b: Palafin|Wave Crash|p2a: Gastrodon\n|-activate|p2a: Gastrodon|ability: Storm Drain\n|-ability|p2a: Gastrodon|Storm Drain|boost\n|-boost|p2a: Gastrodon|spa|1\n|move|p2b: Chi-Yu|Tera Blast|p1a: Talonflame\n|-damage|p1a: Talonflame|0 fnt\n|faint|p1a: Talonflame\n|\n|-sideend|p1: Armadill0|move: Tailwind\n|upkeep\n|\n|t:|1681854609\n|switch|p1a: Sandy Shocks|Sandy Shocks, L50|38\/100\n|turn|6\n|\n|t:|1681854627\n|-end|p1a: Sandy Shocks|Protosynthesis|[silent]\n|switch|p1a: Tatsugiri|Tatsugiri, L50, F|100\/100\n|move|p2a: Gastrodon|Protect|p2a: Gastrodon\n|-singleturn|p2a: Gastrodon|Protect\n|move|p1b: Palafin|Drain Punch|p2a: Gastrodon\n|-activate|p2a: Gastrodon|move: Protect\n|move|p2b: Chi-Yu|Tera Blast|p1a: Tatsugiri\n|-damage|p1a: Tatsugiri|60\/100\n|\n|upkeep\n|turn|7\n|\n|t:|1681854641\n|switch|p2a: Skeledirge|Skeledirge, L50, F|100\/100\n|move|p1b: Palafin|Drain Punch|p2a: Skeledirge\n|-immune|p2a: Skeledirge\n|move|p2b: Chi-Yu|Snarl|p1a: Tatsugiri|[spread] p1a,p1b\n|-damage|p1a: Tatsugiri|26\/100\n|-damage|p1b: Palafin|53\/100\n|-unboost|p1a: Tatsugiri|spa|1\n|-unboost|p1b: Palafin|spa|1\n|move|p1a: Tatsugiri|Draco Meteor|p2a: Skeledirge\n|-damage|p2a: Skeledirge|15\/100\n|-unboost|p1a: Tatsugiri|spa|2\n|\n|-heal|p2a: Skeledirge|21\/100|[from] item: Leftovers\n|upkeep\n|turn|8\n|\n|t:|1681854659\n|switch|p2a: Gastrodon|Gastrodon, L50, M|100\/100\n|move|p2b: Chi-Yu|Snarl|p1a: Tatsugiri|[spread] p1a,p1b\n|-damage|p1a: Tatsugiri|0 fnt\n|-damage|p1b: Palafin|26\/100\n|-unboost|p1b: Palafin|spa|1\n|faint|p1a: Tatsugiri\n|move|p1b: Palafin|Drain Punch|p2b: Chi-Yu\n|-supereffective|p2b: Chi-Yu\n|-damage|p2b: Chi-Yu|0 fnt\n|-heal|p1b: Palafin|60\/100|[from] drain|[of] p2b: Chi-Yu\n|faint|p2b: Chi-Yu\n|\n|upkeep\n|\n|t:|1681854670\n|switch|p2b: Skeledirge|Skeledirge, L50, F|21\/100\n|switch|p1a: Sandy Shocks|Sandy Shocks, L50|38\/100\n|turn|9\n|\n|t:|1681854677\n|move|p2b: Skeledirge|Protect|p2b: Skeledirge\n|-singleturn|p2b: Skeledirge|Protect\n|move|p1a: Sandy Shocks|Power Gem|p2b: Skeledirge\n|-activate|p2b: Skeledirge|move: Protect\n|move|p1b: Palafin|Drain Punch|p2a: Gastrodon\n|-damage|p2a: Gastrodon|62\/100\n|-heal|p1b: Palafin|83\/100|[from] drain|[of] p2a: Gastrodon\n|move|p2a: Gastrodon|Earth Power|p1a: Sandy Shocks\n|-supereffective|p1a: Sandy Shocks\n|-crit|p1a: Sandy Shocks\n|-damage|p1a: Sandy Shocks|0 fnt\n|faint|p1a: Sandy Shocks\n|-end|p1a: Sandy Shocks|Protosynthesis|[silent]\n|\n|-heal|p2b: Skeledirge|27\/100|[from] item: Leftovers\n|upkeep\n|turn|10\n|\n|t:|1681854697\n|move|p2a: Gastrodon|Protect|p2a: Gastrodon\n|-singleturn|p2a: Gastrodon|Protect\n|move|p1b: Palafin|Drain Punch|p2a: Gastrodon\n|-activate|p2a: Gastrodon|move: Protect\n|move|p2b: Skeledirge|Torch Song|p1b: Palafin\n|-resisted|p1b: Palafin\n|-damage|p1b: Palafin|51\/100\n|-boost|p2b: Skeledirge|spa|1\n|\n|-heal|p2b: Skeledirge|32\/100|[from] item: Leftovers\n|upkeep\n|turn|11\n|\n|t:|1681854708\n|move|p1b: Palafin|Drain Punch|p2a: Gastrodon\n|-damage|p2a: Gastrodon|25\/100\n|-heal|p1b: Palafin|73\/100|[from] drain|[of] p2a: Gastrodon\n|move|p2b: Skeledirge|Encore|p1b: Palafin\n|-start|p1b: Palafin|Encore\n|move|p2a: Gastrodon|Earth Power|p1b: Palafin\n|-damage|p1b: Palafin|34\/100\n|\n|-heal|p2b: Skeledirge|38\/100|[from] item: Leftovers\n|upkeep\n|turn|12\n|\n|t:|1681854720\n|move|p2a: Gastrodon|Protect|p2a: Gastrodon\n|-singleturn|p2a: Gastrodon|Protect\n|move|p1b: Palafin|Drain Punch|p2a: Gastrodon\n|-activate|p2a: Gastrodon|move: Protect\n|move|p2b: Skeledirge|Torch Song|p1b: Palafin\n|-resisted|p1b: Palafin\n|-damage|p1b: Palafin|0 fnt\n|-boost|p2b: Skeledirge|spa|1\n|faint|p1b: Palafin\n|\n|win|fgdtfs\n|raw|Armadill0's rating: 1022 → 1011<\/strong> (-11 for losing)\n|raw|fgdtfs's rating: 1072 → 1097<\/strong> (+25 for winning)\n","uploadtime":1681854723,"views":10,"p1id":"armadill0","p2id":"fgdtfs","formatid":"gen9vgc2023regulationc","rating":1011,"private":0,"password":""}