{"id":"gen9vgc2023regulationc-1857989489","p1":"nedacboss","p2":"LobsterLiveGaming","format":"[Gen 9] VGC 2023 Regulation C","log":"|j|\u2606nedacboss\n|j|\u2606LobsterLiveGaming\n|t:|1683256598\n|gametype|doubles\n|player|p1|nedacboss|2|1284\n|player|p2|LobsterLiveGaming|darach-caitlin|1371\n|teamsize|p1|6\n|teamsize|p2|6\n|gen|9\n|tier|[Gen 9] VGC 2023 Regulation C\n|rated|\n|rule|Species Clause: Limit one of each Pok\u00e9mon\n|rule|Item Clause: Limit one of each item\n|clearpoke\n|poke|p1|Tyranitar, L50, F|\n|poke|p1|Ceruledge, L50, F|\n|poke|p1|Garchomp, L50, F|\n|poke|p1|Kilowattrel, L50, F|\n|poke|p1|Iron Hands, L50|\n|poke|p1|Bronzong, L50|\n|poke|p2|Garchomp, L50, M|\n|poke|p2|Talonflame, L50, M|\n|poke|p2|Arcanine, L50, F|\n|poke|p2|Iron Bundle, L50|\n|poke|p2|Flutter Mane, L50|\n|poke|p2|Amoonguss, L50, F|\n|teampreview|4\n|inactive|Battle timer is ON: inactive players will automatically lose when time's up. (requested by LobsterLiveGaming)\n|inactive|LobsterLiveGaming has 60 seconds left.\n|\n|t:|1683256653\n|start\n|switch|p1a: Kilowattrel|Kilowattrel, L50, F|100\/100\n|switch|p1b: Ceruledge|Ceruledge, L50, F|100\/100\n|switch|p2a: Garchomp|Garchomp, L50, M|100\/100\n|switch|p2b: Talonflame|Talonflame, L50, M|100\/100\n|turn|1\n|inactive|nedacboss has 30 seconds left.\n|\n|t:|1683256679\n|-terastallize|p1b: Ceruledge|Grass\n|move|p2b: Talonflame|Tailwind|p2b: Talonflame\n|-sidestart|p2: LobsterLiveGaming|move: Tailwind\n|move|p2a: Garchomp|Rock Slide|p1a: Kilowattrel|[spread] p1b\n|-miss|p2a: Garchomp|p1a: Kilowattrel\n|-damage|p1b: Ceruledge|71\/100\n|-damage|p2a: Garchomp|91\/100|[from] item: Life Orb\n|move|p1a: Kilowattrel|Tailwind|p1a: Kilowattrel\n|-sidestart|p1: nedacboss|move: Tailwind\n|cant|p1b: Ceruledge|flinch\n|\n|upkeep\n|turn|2\n|inactive|LobsterLiveGaming has 30 seconds left.\n|\n|t:|1683256709\n|move|p1b: Ceruledge|Protect|p1b: Ceruledge\n|-singleturn|p1b: Ceruledge|Protect\n|move|p2b: Talonflame|Brave Bird|p1b: Ceruledge\n|-activate|p1b: Ceruledge|move: Protect\n|move|p1a: Kilowattrel|Thunderbolt|p2b: Talonflame\n|-supereffective|p2b: Talonflame\n|-damage|p2b: Talonflame|0 fnt\n|faint|p2b: Talonflame\n|move|p2a: Garchomp|Rock Slide|p1b: Ceruledge|[spread] p1a\n|-activate|p1b: Ceruledge|move: Protect\n|-supereffective|p1a: Kilowattrel\n|-damage|p1a: Kilowattrel|14\/100\n|-damage|p2a: Garchomp|81\/100|[from] item: Life Orb\n|\n|upkeep\n|\n|t:|1683256713\n|switch|p2b: Flutter Mane|Flutter Mane, L50|100\/100\n|turn|3\n|\n|t:|1683256729\n|move|p1b: Ceruledge|Shadow Sneak|p2b: Flutter Mane\n|-supereffective|p2b: Flutter Mane\n|-damage|p2b: Flutter Mane|0 fnt\n|faint|p2b: Flutter Mane\n|-end|p2b: Flutter Mane|Protosynthesis|[silent]\n|-damage|p1b: Ceruledge|61\/100|[from] item: Life Orb\n|move|p1a: Kilowattrel|Air Cutter|p2a: Garchomp\n|-damage|p2a: Garchomp|51\/100\n|move|p2a: Garchomp|Rock Slide|p1b: Ceruledge|[spread] p1a\n|-miss|p2a: Garchomp|p1b: Ceruledge\n|-supereffective|p1a: Kilowattrel\n|-damage|p1a: Kilowattrel|0 fnt\n|faint|p1a: Kilowattrel\n|-damage|p2a: Garchomp|41\/100|[from] item: Life Orb\n|\n|upkeep\n|\n|t:|1683256749\n|switch|p1a: Tyranitar|Tyranitar, L50, F|100\/100\n|switch|p2b: Amoonguss|Amoonguss, L50, F|100\/100\n|-weather|Sandstorm|[from] ability: Sand Stream|[of] p1a: Tyranitar\n|turn|4\n|inactive|LobsterLiveGaming has 30 seconds left.\n|inactive|LobsterLiveGaming has 20 seconds left.\n|inactive|LobsterLiveGaming has 15 seconds left.\n|inactive|LobsterLiveGaming has 10 seconds left.\n|\n|t:|1683256795\n|-terastallize|p2b: Amoonguss|Poison\n|move|p2a: Garchomp|Swords Dance|p2a: Garchomp\n|-boost|p2a: Garchomp|atk|2\n|move|p1b: Ceruledge|Bitter Blade|p2b: Amoonguss\n|-damage|p2b: Amoonguss|49\/100\n|-heal|p1b: Ceruledge|89\/100|[from] drain|[of] p2b: Amoonguss\n|-damage|p1b: Ceruledge|79\/100|[from] item: Life Orb\n|move|p1a: Tyranitar|Crunch|p2b: Amoonguss\n|-damage|p2b: Amoonguss|11\/100\n|-enditem|p2b: Amoonguss|Wiki Berry|[eat]\n|-heal|p2b: Amoonguss|44\/100|[from] item: Wiki Berry\n|move|p2b: Amoonguss|Pollen Puff|p2a: Garchomp\n|-heal|p2a: Garchomp|91\/100\n|\n|-weather|Sandstorm|[upkeep]\n|-damage|p1b: Ceruledge|74\/100|[from] Sandstorm\n|-damage|p2b: Amoonguss|38\/100|[from] Sandstorm\n|-sideend|p2: LobsterLiveGaming|move: Tailwind\n|-sideend|p1: nedacboss|move: Tailwind\n|upkeep\n|turn|5\n|inactive|nedacboss has 30 seconds left.\n|\n|t:|1683256826\n|move|p1b: Ceruledge|Protect|p1b: Ceruledge\n|-singleturn|p1b: Ceruledge|Protect\n|move|p2b: Amoonguss|Rage Powder|p2b: Amoonguss\n|-singleturn|p2b: Amoonguss|move: Rage Powder\n|move|p2a: Garchomp|Swords Dance|p2a: Garchomp\n|-boost|p2a: Garchomp|atk|2\n|move|p1a: Tyranitar|Crunch|p2b: Amoonguss\n|-damage|p2b: Amoonguss|2\/100\n|\n|-weather|Sandstorm|[upkeep]\n|-damage|p1b: Ceruledge|68\/100|[from] Sandstorm\n|-damage|p2b: Amoonguss|0 fnt|[from] Sandstorm\n|faint|p2b: Amoonguss\n|upkeep\n|turn|6\n|inactive|nedacboss has 30 seconds left.\n|inactive|nedacboss has 20 seconds left.\n|inactive|nedacboss has 15 seconds left.\n|\n|t:|1683256870\n|move|p2a: Garchomp|Earthquake|p1a: Tyranitar|[spread] p1a,p1b\n|-supereffective|p1a: Tyranitar\n|-resisted|p1b: Ceruledge\n|-damage|p1a: Tyranitar|0 fnt\n|-damage|p1b: Ceruledge|0 fnt\n|faint|p1a: Tyranitar\n|faint|p1b: Ceruledge\n|-damage|p2a: Garchomp|81\/100|[from] item: Life Orb\n|\n|-weather|Sandstorm|[upkeep]\n|upkeep\n|c|\u2606LobsterLiveGaming|\ud83d\udc80\n|\n|t:|1683256879\n|switch|p1b: Garchomp|Garchomp, L50, F|100\/100\n|turn|7\n|\n|t:|1683256885\n|move|p2a: Garchomp|Protect|p2a: Garchomp\n|-singleturn|p2a: Garchomp|Protect\n|move|p1b: Garchomp|Dragon Claw|p2a: Garchomp\n|-activate|p2a: Garchomp|move: Protect\n|\n|-weather|Sandstorm|[upkeep]\n|upkeep\n|turn|8\n|\n|t:|1683256889\n|move|p2a: Garchomp|Earthquake|p1b: Garchomp\n|-damage|p1b: Garchomp|0 fnt\n|faint|p1b: Garchomp\n|-damage|p2a: Garchomp|71\/100|[from] item: Life Orb\n|\n|win|LobsterLiveGaming\n|raw|nedacboss's rating: 1284 → 1265<\/strong> (-19 for losing)\n|raw|LobsterLiveGaming's rating: 1371 → 1386<\/strong> (+15 for winning)\n|l|\u2606nedacboss\n|c|\u2606LobsterLiveGaming|gg\n","uploadtime":1683256898,"views":9,"p1id":"nedacboss","p2id":"lobsterlivegaming","formatid":"gen9vgc2023regulationc","rating":1265,"private":0,"password":""}