{"id":"gen9vgc2023regulationc-1851502167","p1":"tang gang member","p2":"mythical weavile","format":"[Gen 9] VGC 2023 Regulation C","log":"|j|\u2606tang gang member\n|j|\u2606mythical weavile\n|t:|1682450480\n|gametype|doubles\n|player|p1|tang gang member|picnicker|1387\n|player|p2|mythical weavile|2|1478\n|teamsize|p1|6\n|teamsize|p2|6\n|gen|9\n|tier|[Gen 9] VGC 2023 Regulation C\n|rated|\n|rule|Species Clause: Limit one of each Pok\u00e9mon\n|rule|Item Clause: Limit one of each item\n|clearpoke\n|poke|p1|Orthworm, L50, F|\n|poke|p1|Ting-Lu, L50|\n|poke|p1|Flutter Mane, L50|\n|poke|p1|Chien-Pao, L50|\n|poke|p1|Chi-Yu, L50|\n|poke|p1|Gyarados, L50, F|\n|poke|p2|Dondozo, L50, F|\n|poke|p2|Tatsugiri, L50, M|\n|poke|p2|Flutter Mane, L50|\n|poke|p2|Glimmora, L50, F|\n|poke|p2|Chi-Yu, L50|\n|poke|p2|Iron Bundle, L50|\n|teampreview|4\n|inactive|Battle timer is ON: inactive players will automatically lose when time's up. (requested by mythical weavile)\n|\n|t:|1682450505\n|start\n|switch|p1a: Orthworm|Orthworm, L50, F|100\/100\n|switch|p1b: Gyarados|Gyarados, L50, F|100\/100\n|switch|p2a: Iron Bundle|Iron Bundle, L50|100\/100\n|switch|p2b: Chi-Yu|Chi-Yu, L50|100\/100\n|-ability|p2b: Chi-Yu|Beads of Ruin\n|-ability|p1b: Gyarados|Intimidate|boost\n|-unboost|p2a: Iron Bundle|atk|1\n|-unboost|p2b: Chi-Yu|atk|1\n|-enditem|p2a: Iron Bundle|Booster Energy\n|-activate|p2a: Iron Bundle|ability: Quark Drive|[fromitem]\n|-start|p2a: Iron Bundle|quarkdrivespe\n|turn|1\n|inactive|mythical weavile has 30 seconds left.\n|\n|t:|1682450530\n|switch|p1b: Chi-Yu|Chi-Yu, L50|100\/100\n|-ability|p1b: Chi-Yu|Beads of Ruin\n|-terastallize|p1a: Orthworm|Fire\n|move|p2a: Iron Bundle|Freeze-Dry|p1b: Chi-Yu\n|-resisted|p1b: Chi-Yu\n|-damage|p1b: Chi-Yu|79\/100\n|move|p2b: Chi-Yu|Heat Wave|p1a: Orthworm|[spread] p1a,p1b\n|-resisted|p1a: Orthworm\n|-resisted|p1b: Chi-Yu\n|-damage|p1a: Orthworm|73\/100\n|-damage|p1b: Chi-Yu|56\/100\n|move|p1a: Orthworm|Shed Tail|p1a: Orthworm\n|-start|p1a: Orthworm|Substitute|[from] move: Shed Tail\n|-damage|p1a: Orthworm|23\/100\n|-enditem|p1a: Orthworm|Sitrus Berry|[eat]\n|-heal|p1a: Orthworm|48\/100|[from] item: Sitrus Berry\n|\n|t:|1682450548\n|switch|p1a: Flutter Mane|Flutter Mane, L50|100\/100|[from] Shed Tail\n|-enditem|p1a: Flutter Mane|Booster Energy\n|-activate|p1a: Flutter Mane|ability: Protosynthesis|[fromitem]\n|-start|p1a: Flutter Mane|protosynthesisspe\n|\n|upkeep\n|turn|2\n|inactive|mythical weavile has 30 seconds left.\n|\n|t:|1682450580\n|move|p2a: Iron Bundle|Hydro Pump|p1b: Chi-Yu\n|-supereffective|p1b: Chi-Yu\n|-crit|p1b: Chi-Yu\n|-damage|p1b: Chi-Yu|0 fnt\n|faint|p1b: Chi-Yu\n|move|p1a: Flutter Mane|Dazzling Gleam|p2b: Chi-Yu|[spread] p2a,p2b\n|-damage|p2a: Iron Bundle|6\/100\n|-damage|p2b: Chi-Yu|64\/100\n|move|p2b: Chi-Yu|Heat Wave|p1a: Flutter Mane\n|-crit|p1a: Flutter Mane\n|-end|p1a: Flutter Mane|Substitute\n|\n|upkeep\n|\n|t:|1682450591\n|switch|p1b: Gyarados|Gyarados, L50, F|100\/100\n|-ability|p1b: Gyarados|Intimidate|boost\n|-unboost|p2a: Iron Bundle|atk|1\n|-unboost|p2b: Chi-Yu|atk|1\n|turn|3\n|\n|t:|1682450599\n|move|p1b: Gyarados|Protect|p1b: Gyarados\n|-singleturn|p1b: Gyarados|Protect\n|move|p2a: Iron Bundle|Freeze-Dry|p1b: Gyarados\n|-activate|p1b: Gyarados|move: Protect\n|move|p1a: Flutter Mane|Dazzling Gleam|p2b: Chi-Yu|[spread] p2a,p2b\n|-damage|p2a: Iron Bundle|0 fnt\n|-damage|p2b: Chi-Yu|24\/100\n|faint|p2a: Iron Bundle\n|-end|p2a: Iron Bundle|Quark Drive|[silent]\n|move|p2b: Chi-Yu|Overheat|p1a: Flutter Mane|[miss]\n|-miss|p2b: Chi-Yu|p1a: Flutter Mane\n|\n|upkeep\n|\n|t:|1682450617\n|switch|p2a: Tatsugiri|Tatsugiri, L50, M|100\/100\n|turn|4\n|inactive|mythical weavile has 30 seconds left.\n|\n|t:|1682450646\n|-terastallize|p2a: Tatsugiri|Steel\n|move|p1a: Flutter Mane|Dazzling Gleam|p2b: Chi-Yu|[spread] p2a,p2b\n|-resisted|p2a: Tatsugiri\n|-damage|p2a: Tatsugiri|73\/100\n|-damage|p2b: Chi-Yu|0 fnt\n|faint|p2b: Chi-Yu\n|move|p2a: Tatsugiri|Muddy Water|p1b: Gyarados|[spread] p1a,p1b\n|-resisted|p1b: Gyarados\n|-crit|p1b: Gyarados\n|-damage|p1a: Flutter Mane|67\/100\n|-damage|p1b: Gyarados|84\/100\n|-unboost|p1a: Flutter Mane|accuracy|1\n|move|p1b: Gyarados|Thunder Wave|p2a: Tatsugiri\n|-status|p2a: Tatsugiri|par\n|\n|upkeep\n|\n|t:|1682450657\n|switch|p2b: Dondozo|Dondozo, L50, F|100\/100\n|-activate|p2a: Tatsugiri|ability: Commander|[of] p2b: Dondozo\n|-boost|p2b: Dondozo|atk|2\n|-boost|p2b: Dondozo|spa|2\n|-boost|p2b: Dondozo|spe|2\n|-boost|p2b: Dondozo|def|2\n|-boost|p2b: Dondozo|spd|2\n|turn|5\n|\n|t:|1682450666\n|move|p1a: Flutter Mane|Protect|p1a: Flutter Mane\n|-singleturn|p1a: Flutter Mane|Protect\n|move|p2b: Dondozo|Earthquake|p1a: Flutter Mane|[spread] \n|-miss|p2b: Dondozo|p2a: Tatsugiri\n|-activate|p1a: Flutter Mane|move: Protect\n|-immune|p1b: Gyarados\n|move|p1b: Gyarados|Thunder Wave|p2b: Dondozo\n|-status|p2b: Dondozo|par\n|\n|upkeep\n|turn|6\n|\n|t:|1682450682\n|-end|p1a: Flutter Mane|Protosynthesis|[silent]\n|switch|p1a: Orthworm|Orthworm, L50, F, tera:Fire|48\/100\n|move|p1b: Gyarados|Taunt|p2b: Dondozo\n|-start|p2b: Dondozo|move: Taunt\n|move|p2b: Dondozo|Earthquake|p1a: Orthworm|[spread] \n|-miss|p2b: Dondozo|p2a: Tatsugiri\n|-heal|p1a: Orthworm|73\/100|[from] ability: Earth Eater|[of] p2b: Dondozo\n|-immune|p1b: Gyarados\n|\n|upkeep\n|turn|7\n|\n|t:|1682450698\n|move|p1b: Gyarados|Waterfall|p2b: Dondozo\n|-resisted|p2b: Dondozo\n|-damage|p2b: Dondozo|94\/100 par\n|move|p1a: Orthworm|Shed Tail|p1a: Orthworm\n|-start|p1a: Orthworm|Substitute|[from] move: Shed Tail\n|-damage|p1a: Orthworm|23\/100\n|\n|t:|1682450704\n|switch|p1a: Flutter Mane|Flutter Mane, L50|67\/100|[from] Shed Tail\n|move|p2b: Dondozo|Wave Crash|p1a: Flutter Mane\n|-end|p1a: Flutter Mane|Substitute\n|-damage|p2b: Dondozo|88\/100 par|[from] Recoil|[of] p1a: Flutter Mane\n|\n|-heal|p2b: Dondozo|94\/100 par|[from] item: Leftovers\n|upkeep\n|turn|8\n|\n|t:|1682450714\n|move|p1a: Flutter Mane|Moonblast|p2b: Dondozo\n|-crit|p2b: Dondozo\n|-damage|p2b: Dondozo|21\/100 par\n|move|p1b: Gyarados|Waterfall|p2b: Dondozo\n|-resisted|p2b: Dondozo\n|-damage|p2b: Dondozo|14\/100 par\n|move|p2b: Dondozo|Wave Crash|p1a: Flutter Mane\n|-damage|p1a: Flutter Mane|0 fnt\n|faint|p1a: Flutter Mane\n|-end|p1a: Flutter Mane|Protosynthesis|[silent]\n|-damage|p2b: Dondozo|1\/100 par|[from] Recoil\n|\n|-heal|p2b: Dondozo|8\/100 par|[from] item: Leftovers\n|-end|p2b: Dondozo|move: Taunt\n|upkeep\n|\n|t:|1682450722\n|switch|p1a: Orthworm|Orthworm, L50, F, tera:Fire|23\/100\n|turn|9\n|inactive|mythical weavile has 30 seconds left.\n|\n|t:|1682450751\n|move|p1b: Gyarados|Waterfall|p2b: Dondozo\n|-resisted|p2b: Dondozo\n|-damage|p2b: Dondozo|1\/100 par\n|move|p1a: Orthworm|Body Press|p2b: Dondozo\n|-damage|p2b: Dondozo|0 fnt\n|faint|p2b: Dondozo\n|\n|upkeep\n|turn|10\n|\n|t:|1682450761\n|move|p2a: Tatsugiri|Muddy Water|p1a: Orthworm|[spread] p1a,p1b\n|-supereffective|p1a: Orthworm\n|-resisted|p1b: Gyarados\n|-damage|p1a: Orthworm|0 fnt\n|-damage|p1b: Gyarados|74\/100\n|-unboost|p1b: Gyarados|accuracy|1\n|faint|p1a: Orthworm\n|move|p1b: Gyarados|Waterfall|p2a: Tatsugiri\n|-damage|p2a: Tatsugiri|7\/100 par\n|\n|upkeep\n|turn|11\n|\n|t:|1682450770\n|move|p2a: Tatsugiri|Muddy Water|p1b: Gyarados\n|-resisted|p1b: Gyarados\n|-damage|p1b: Gyarados|60\/100\n|move|p1b: Gyarados|Waterfall|p2a: Tatsugiri\n|-damage|p2a: Tatsugiri|0 fnt\n|faint|p2a: Tatsugiri\n|\n|win|tang gang member\n|raw|tang gang member's rating: 1387 → 1412<\/strong> (+25 for winning)\n|raw|mythical weavile's rating: 1478 → 1453<\/strong> (-25 for losing)\n|l|\u2606tang gang member\n","uploadtime":1682450776,"views":43,"p1id":"tanggangmember","p2id":"mythicalweavile","formatid":"gen9vgc2023regulationc","rating":1412,"private":0,"password":""}