{"id":"gen9vgc2023regulationc-1860302872","p1":"LittlePak3","p2":"AutisticDisabled","format":"[Gen 9] VGC 2023 Regulation C","log":"|j|\u2606LittlePak3\n|j|\u2606AutisticDisabled\n|t:|1683629174\n|gametype|doubles\n|player|p1|LittlePak3|riley|1305\n|player|p2|AutisticDisabled|1|1320\n|teamsize|p1|6\n|teamsize|p2|6\n|gen|9\n|tier|[Gen 9] VGC 2023 Regulation C\n|rated|\n|rule|Species Clause: Limit one of each Pok\u00e9mon\n|rule|Item Clause: Limit one of each item\n|clearpoke\n|poke|p1|Flutter Mane, L50|\n|poke|p1|Palafin, L50, M|\n|poke|p1|Arcanine, L50, F|\n|poke|p1|Amoonguss, L50, M|\n|poke|p1|Ting-Lu, L50|\n|poke|p1|Baxcalibur, L50, M|\n|poke|p2|Pelipper, L50, M|\n|poke|p2|Palafin, L50, M|\n|poke|p2|Amoonguss, L50, F|\n|poke|p2|Iron Hands, L50|\n|poke|p2|Flutter Mane, L50|\n|poke|p2|Ting-Lu, L50|\n|teampreview|4\n|inactive|Battle timer is ON: inactive players will automatically lose when time's up. (requested by AutisticDisabled)\n|inactive|LittlePak3 has 60 seconds left.\n|\n|t:|1683629225\n|start\n|switch|p1a: \u6d77\u6d0b\u5b88\u8b77\u8005|Palafin, L50, M|100\/100\n|switch|p1b: \u8ced\u5f92|Ting-Lu, L50|100\/100\n|switch|p2a: Palafin|Palafin, L50, M|100\/100\n|switch|p2b: Pelipper|Pelipper, L50, M|100\/100\n|-weather|RainDance|[from] ability: Drizzle|[of] p2b: Pelipper\n|-ability|p1b: \u8ced\u5f92|Vessel of Ruin\n|turn|1\n|inactive|LittlePak3 has 30 seconds left.\n|inactive|AutisticDisabled has 30 seconds left.\n|inactive|AutisticDisabled has 20 seconds left.\n|\n|t:|1683629261\n|detailschange|p1a: \u6d77\u6d0b\u5b88\u8b77\u8005|Palafin-Hero, L50, M\n|switch|p1a: \u7761\u7720\u795e\u83c7|Amoonguss, L50, M|100\/100\n|detailschange|p2a: Palafin|Palafin-Hero, L50, M\n|switch|p2a: Amoonguss|Amoonguss, L50, F|100\/100\n|move|p2b: Pelipper|U-turn|p1b: \u8ced\u5f92\n|-supereffective|p1b: \u8ced\u5f92\n|-damage|p1b: \u8ced\u5f92|90\/100\n|\n|t:|1683629268\n|switch|p2b: Palafin|Palafin-Hero, L50, M|100\/100|[from] U-turn\n|-activate|p2b: Palafin|ability: Zero to Hero\n|move|p1b: \u8ced\u5f92|Ruination|p2b: Palafin\n|-damage|p2b: Palafin|51\/100\n|\n|-weather|RainDance|[upkeep]\n|upkeep\n|turn|2\n|inactive|LittlePak3 has 30 seconds left.\n|\n|t:|1683629300\n|move|p2b: Palafin|Substitute|p2b: Palafin\n|-start|p2b: Palafin|Substitute\n|-damage|p2b: Palafin|26\/100\n|move|p1b: \u8ced\u5f92|Fissure|p2a: Amoonguss\n|-damage|p2a: Amoonguss|0 fnt\n|faint|p2a: Amoonguss\n|-ohko\n|move|p1a: \u7761\u7720\u795e\u83c7|Spore||[still]\n|-fail|p1a: \u7761\u7720\u795e\u83c7\n|\n|-weather|RainDance|[upkeep]\n|upkeep\n|\n|t:|1683629309\n|switch|p2a: Iron Hands|Iron Hands, L50|100\/100\n|turn|3\n|inactive|LittlePak3 has 30 seconds left.\n|\n|t:|1683629344\n|-terastallize|p2a: Iron Hands|Grass\n|move|p2b: Palafin|Jet Punch|p1b: \u8ced\u5f92\n|-supereffective|p1b: \u8ced\u5f92\n|-crit|p1b: \u8ced\u5f92\n|-damage|p1b: \u8ced\u5f92|0 fnt\n|faint|p1b: \u8ced\u5f92\n|move|p2a: Iron Hands|Drain Punch|p1a: \u7761\u7720\u795e\u83c7\n|-resisted|p1a: \u7761\u7720\u795e\u83c7\n|-damage|p1a: \u7761\u7720\u795e\u83c7|83\/100\n|move|p1a: \u7761\u7720\u795e\u83c7|Spore|p2a: Iron Hands\n|-immune|p2a: Iron Hands\n|\n|-weather|RainDance|[upkeep]\n|upkeep\n|\n|t:|1683629356\n|switch|p1b: K-9|Arcanine, L50, F|100\/100\n|-ability|p1b: K-9|Intimidate|boost\n|-unboost|p2a: Iron Hands|atk|1\n|-immune|p2b: Palafin\n|turn|4\n|\n|t:|1683629376\n|-end|p2a: Iron Hands|Quark Drive|[silent]\n|switch|p2a: Pelipper|Pelipper, L50, M|100\/100\n|move|p1a: \u7761\u7720\u795e\u83c7|Rage Powder|p1a: \u7761\u7720\u795e\u83c7\n|-singleturn|p1a: \u7761\u7720\u795e\u83c7|move: Rage Powder\n|move|p2b: Palafin|Jet Punch|p1a: \u7761\u7720\u795e\u83c7\n|-resisted|p1a: \u7761\u7720\u795e\u83c7\n|-crit|p1a: \u7761\u7720\u795e\u83c7\n|-damage|p1a: \u7761\u7720\u795e\u83c7|41\/100\n|-enditem|p1a: \u7761\u7720\u795e\u83c7|Sitrus Berry|[eat]\n|-heal|p1a: \u7761\u7720\u795e\u83c7|66\/100|[from] item: Sitrus Berry\n|move|p1b: K-9|Will-O-Wisp|p2a: Pelipper\n|-status|p2a: Pelipper|brn\n|\n|-weather|RainDance|[upkeep]\n|-damage|p2a: Pelipper|94\/100 brn|[from] brn\n|upkeep\n|turn|5\n|inactive|LittlePak3 has 30 seconds left.\n|inactive|LittlePak3 has 20 seconds left.\n|\n|t:|1683629412\n|-terastallize|p1b: K-9|Grass\n|move|p1a: \u7761\u7720\u795e\u83c7|Protect|p1a: \u7761\u7720\u795e\u83c7\n|-singleturn|p1a: \u7761\u7720\u795e\u83c7|Protect\n|move|p1b: K-9|Extreme Speed|p2b: Palafin\n|-activate|p2b: Palafin|move: Substitute|[damage]\n|move|p2b: Palafin|Jet Punch|p1b: K-9\n|-resisted|p1b: K-9\n|-crit|p1b: K-9\n|-damage|p1b: K-9|49\/100\n|move|p2a: Pelipper|U-turn|p1a: \u7761\u7720\u795e\u83c7\n|-activate|p1a: \u7761\u7720\u795e\u83c7|move: Protect\n|\n|-weather|none\n|-damage|p2a: Pelipper|88\/100 brn|[from] brn\n|upkeep\n|turn|6\n|inactive|LittlePak3 has 30 seconds left.\n|\n|t:|1683629446\n|move|p2b: Palafin|Protect|p2b: Palafin\n|-singleturn|p2b: Palafin|Protect\n|move|p1b: K-9|Extreme Speed|p2b: Palafin\n|-activate|p2b: Palafin|move: Protect\n|move|p2a: Pelipper|U-turn|p1a: \u7761\u7720\u795e\u83c7\n|-damage|p1a: \u7761\u7720\u795e\u83c7|63\/100\n|\n|t:|1683629454\n|switch|p2a: Iron Hands|Iron Hands, L50, tera:Grass|100\/100|[from] U-turn\n|move|p1a: \u7761\u7720\u795e\u83c7|Spore|p2b: Palafin\n|-activate|p2b: Palafin|move: Protect\n|\n|upkeep\n|turn|7\n|inactive|LittlePak3 has 30 seconds left.\n|\n|t:|1683629482\n|switch|p1a: \u6d77\u6d0b\u5b88\u8b77\u8005|Palafin-Hero, L50, M|100\/100\n|-activate|p1a: \u6d77\u6d0b\u5b88\u8b77\u8005|ability: Zero to Hero\n|move|p2a: Iron Hands|Fake Out|p1b: K-9\n|-damage|p1b: K-9|35\/100\n|cant|p1b: K-9|flinch\n|move|p2b: Palafin|Jet Punch|p1b: K-9\n|-resisted|p1b: K-9\n|-crit|p1b: K-9\n|-damage|p1b: K-9|0 fnt\n|faint|p1b: K-9\n|\n|upkeep\n|\n|t:|1683629495\n|switch|p1b: \u7761\u7720\u795e\u83c7|Amoonguss, L50, M|96\/100\n|turn|8\n|-message|LittlePak3 forfeited.\n|\n|win|AutisticDisabled\n|raw|LittlePak3's rating: 1305 → 1286<\/strong> (-19 for losing)\n|raw|AutisticDisabled's rating: 1320 → 1339<\/strong> (+19 for winning)\n|l|\u2606LittlePak3\n","uploadtime":1683629583,"views":12,"p1id":"littlepak3","p2id":"autisticdisabled","formatid":"gen9vgc2023regulationc","rating":1286,"private":0,"password":""}