{"id":"gen9vgc2023regulationc-1861443921","p1":"breakfast enjoyer","p2":"PrinceofUnderworld","format":"[Gen 9] VGC 2023 Regulation C","log":"|j|\u2606breakfast enjoyer\n|j|\u2606PrinceofUnderworld\n|t:|1683758590\n|gametype|doubles\n|player|p1|breakfast enjoyer|clown|\n|player|p2|PrinceofUnderworld|101|\n|teamsize|p1|6\n|teamsize|p2|6\n|gen|9\n|tier|[Gen 9] VGC 2023 Regulation C\n|rule|Tera Type Preview: Tera Types are shown at Team Preview\n|rule|Species Clause: Limit one of each Pok\u00e9mon\n|rule|Item Clause: Limit one of each item\n|clearpoke\n|poke|p1|Maushold, L50|\n|poke|p1|Roaring Moon, L50|\n|poke|p1|Gholdengo, L50|\n|poke|p1|Tauros-Paldea-Aqua, L50, M|\n|poke|p1|Clodsire, L50, F|\n|poke|p1|Arboliva, L50, M|\n|poke|p2|Florges, L50, F|\n|poke|p2|Tatsugiri, L50, F|\n|poke|p2|Murkrow, L50, M|\n|poke|p2|Dondozo, L50, F|\n|poke|p2|Maushold, L50|\n|poke|p2|Annihilape, L50, M|\n|teampreview|4\n|raw|breakfast enjoyer's Tera Types: \/ \/ \/ \/ \/ \n|raw|PrinceofUnderworld's Tera Types: \/ \/ \/ \/ \/ \n|inactive|Battle timer is ON: inactive players will automatically lose when time's up. (requested by PrinceofUnderworld)\n|inactive|breakfast enjoyer has 60 seconds left.\n|inactive|PrinceofUnderworld has 60 seconds left.\n|inactiveoff|Battle timer is now OFF.\n|j| tzarii\n|j| winteredsoul\n|inactive|Battle timer is ON: inactive players will automatically lose when time's up. (requested by breakfast enjoyer)\n|\n|t:|1683758983\n|start\n|switch|p1a: Tauros|Tauros-Paldea-Aqua, L50, M|100\/100\n|switch|p1b: Gholdengo|Gholdengo, L50|100\/100\n|switch|p2a: Dondozo|Dondozo, L50, F|100\/100\n|switch|p2b: Tatsugiri|Tatsugiri, L50, F|100\/100\n|-activate|p2b: Tatsugiri|ability: Commander|[of] p2a: Dondozo\n|-boost|p2a: Dondozo|atk|2\n|-boost|p2a: Dondozo|spa|2\n|-boost|p2a: Dondozo|spe|2\n|-boost|p2a: Dondozo|def|2\n|-boost|p2a: Dondozo|spd|2\n|-enditem|p1a: Tauros|Mirror Herb\n|-boost|p1a: Tauros|atk|2|[from] item: Mirror Herb\n|-boost|p1a: Tauros|spa|2|[from] item: Mirror Herb\n|-boost|p1a: Tauros|spe|2|[from] item: Mirror Herb\n|-boost|p1a: Tauros|def|2|[from] item: Mirror Herb\n|-boost|p1a: Tauros|spd|2|[from] item: Mirror Herb\n|-ability|p1a: Tauros|Intimidate|boost\n|-unboost|p2a: Dondozo|atk|1\n|-unboost|p2b: Tatsugiri|atk|1\n|turn|1\n|j| sejuntest\n|inactive|breakfast enjoyer has 30 seconds left.\n|j| DeskSmash\n|inactive|breakfast enjoyer has 20 seconds left.\n|inactive|breakfast enjoyer has 15 seconds left.\n|\n|t:|1683759025\n|switch|p1a: Clodsire|Clodsire, L50, F|100\/100\n|move|p1b: Gholdengo|Thunderbolt|p2a: Dondozo\n|-supereffective|p2a: Dondozo\n|-damage|p2a: Dondozo|66\/100\n|move|p2a: Dondozo|Earthquake|p1a: Clodsire|[spread] p1a,p1b\n|-miss|p2a: Dondozo|p2b: Tatsugiri\n|-supereffective|p1a: Clodsire\n|-supereffective|p1b: Gholdengo\n|-damage|p1a: Clodsire|74\/100\n|-damage|p1b: Gholdengo|50\/100\n|\n|upkeep\n|turn|2\n|c|\u2606PrinceofUnderworld|Haze clodsire\n|\n|t:|1683759049\n|switch|p1b: Tauros|Tauros-Paldea-Aqua, L50, M|100\/100\n|-ability|p1b: Tauros|Intimidate|boost\n|-unboost|p2a: Dondozo|atk|1\n|-unboost|p2b: Tatsugiri|atk|1\n|move|p2a: Dondozo|Earthquake|p1a: Clodsire|[spread] p1a,p1b\n|-miss|p2a: Dondozo|p2b: Tatsugiri\n|-supereffective|p1a: Clodsire\n|-damage|p1a: Clodsire|48\/100\n|-damage|p1b: Tauros|80\/100\n|move|p1a: Clodsire|Yawn|p2a: Dondozo\n|-start|p2a: Dondozo|move: Yawn|[of] p1a: Clodsire\n|\n|upkeep\n|turn|3\n|c| sejuntest|apparently not\n|inactive|breakfast enjoyer has 30 seconds left.\n|\n|t:|1683759077\n|move|p1b: Tauros|Protect|p1b: Tauros\n|-singleturn|p1b: Tauros|Protect\n|move|p2a: Dondozo|Earthquake|p1b: Tauros|[spread] p1a\n|-miss|p2a: Dondozo|p2b: Tatsugiri\n|-activate|p1b: Tauros|move: Protect\n|-supereffective|p1a: Clodsire\n|-damage|p1a: Clodsire|20\/100\n|move|p1a: Clodsire|Haze|p1a: Clodsire\n|-clearallboost\n|\n|-end|p2a: Dondozo|move: Yawn|[silent]\n|-status|p2a: Dondozo|slp\n|upkeep\n|turn|4\n|c| sejuntest|ok...\n|\n|t:|1683759100\n|switch|p1a: Gholdengo|Gholdengo, L50|50\/100\n|move|p1b: Tauros|Close Combat|p2a: Dondozo\n|-damage|p2a: Dondozo|42\/100 slp\n|-unboost|p1b: Tauros|def|1\n|-unboost|p1b: Tauros|spd|1\n|cant|p2a: Dondozo|slp\n|move|p2a: Dondozo|Sleep Talk|p2a: Dondozo\n|move|p2a: Dondozo|Rest||[from]move: Sleep Talk|[still]\n|-fail|p2a: Dondozo\n|\n|upkeep\n|turn|5\n|\n|t:|1683759116\n|move|p1a: Gholdengo|Thunderbolt|p2a: Dondozo\n|-supereffective|p2a: Dondozo\n|-damage|p2a: Dondozo|0 fnt\n|faint|p2a: Dondozo\n|move|p1b: Tauros|Close Combat|p2b: Tatsugiri\n|-damage|p2b: Tatsugiri|1\/100\n|-unboost|p1b: Tauros|def|1\n|-unboost|p1b: Tauros|spd|1\n|\n|upkeep\n|\n|t:|1683759126\n|switch|p2a: Murkrow|Murkrow, L50, M|100\/100\n|turn|6\n|\n|t:|1683759138\n|move|p1b: Tauros|Aqua Jet|p2b: Tatsugiri\n|-resisted|p2b: Tatsugiri\n|-damage|p2b: Tatsugiri|0 fnt\n|faint|p2b: Tatsugiri\n|move|p2a: Murkrow|Tailwind|p2a: Murkrow\n|-sidestart|p2: PrinceofUnderworld|move: Tailwind\n|move|p1a: Gholdengo|Thunderbolt|p2a: Murkrow\n|-supereffective|p2a: Murkrow\n|-damage|p2a: Murkrow|47\/100\n|\n|upkeep\n|\n|t:|1683759141\n|switch|p2b: Annihilape|Annihilape, L50, M|100\/100\n|turn|7\n|inactive|PrinceofUnderworld has 30 seconds left.\n|inactive|PrinceofUnderworld has 20 seconds left.\n|inactive|PrinceofUnderworld has 15 seconds left.\n|\n|t:|1683759185\n|move|p1b: Tauros|Protect|p1b: Tauros\n|-singleturn|p1b: Tauros|Protect\n|move|p2a: Murkrow|Foul Play|p1a: Gholdengo\n|-supereffective|p1a: Gholdengo\n|-damage|p1a: Gholdengo|17\/100\n|move|p2b: Annihilape|Drain Punch|p1b: Tauros\n|-activate|p1b: Tauros|move: Protect\n|move|p1a: Gholdengo|Thunderbolt|p2a: Murkrow\n|-supereffective|p2a: Murkrow\n|-damage|p2a: Murkrow|0 fnt\n|faint|p2a: Murkrow\n|\n|upkeep\n|turn|8\n|\n|t:|1683759204\n|switch|p1a: Clodsire|Clodsire, L50, F|20\/100\n|move|p2b: Annihilape|Rage Fist|p1a: Clodsire\n|-crit|p1a: Clodsire\n|-damage|p1a: Clodsire|0 fnt\n|faint|p1a: Clodsire\n|move|p1b: Tauros|Wave Crash|p2b: Annihilape\n|-damage|p2b: Annihilape|49\/100\n|-damage|p1b: Tauros|55\/100|[from] Recoil\n|\n|upkeep\n|\n|t:|1683759214\n|switch|p1a: Gholdengo|Gholdengo, L50|17\/100\n|turn|9\n|\n|t:|1683759224\n|-terastallize|p2b: Annihilape|Fire\n|move|p2b: Annihilape|Rage Fist|p1b: Tauros\n|-damage|p1b: Tauros|0 fnt\n|faint|p1b: Tauros\n|move|p1a: Gholdengo|Shadow Ball|p2b: Annihilape\n|-damage|p2b: Annihilape|8\/100\n|\n|-sideend|p2: PrinceofUnderworld|move: Tailwind\n|upkeep\n|\n|t:|1683759232\n|switch|p1b: Roaring Moon|Roaring Moon, L50|100\/100\n|-enditem|p1b: Roaring Moon|Booster Energy\n|-activate|p1b: Roaring Moon|ability: Protosynthesis|[fromitem]\n|-start|p1b: Roaring Moon|protosynthesisatk\n|turn|10\n|\n|t:|1683759238\n|-terastallize|p1b: Roaring Moon|Flying\n|move|p1b: Roaring Moon|Acrobatics|p2b: Annihilape\n|-damage|p2b: Annihilape|0 fnt\n|faint|p2b: Annihilape\n|\n|win|breakfast enjoyer\n|c|\u2606PrinceofUnderworld|F\n|c| sejuntest|ggs\n|c|\u2606breakfast enjoyer|ggs\n|c|\u2606PrinceofUnderworld|gg\n|l| DeskSmash\n","uploadtime":1683759253,"views":11,"p1id":"breakfastenjoyer","p2id":"princeofunderworld","formatid":"gen9vgc2023regulationc","rating":0,"private":0,"password":""}