{"id":"gen9vgc2023regulationc-1860259822","p1":"Iloveyveldon","p2":"XMZ_NOOB","format":"[Gen 9] VGC 2023 Regulation C","log":"|j|\u2606Iloveyveldon\n|j|\u203dXMZ_NOOB\n|t:|1683620829\n|gametype|doubles\n|player|p1|Iloveyveldon|clown|1155\n|player|p2|XMZ_NOOB|dawn|1071\n|teamsize|p1|6\n|teamsize|p2|6\n|gen|9\n|tier|[Gen 9] VGC 2023 Regulation C\n|rated|\n|rule|Species Clause: Limit one of each Pok\u00e9mon\n|rule|Item Clause: Limit one of each item\n|clearpoke\n|poke|p1|Palafin, L50, M|\n|poke|p1|Flutter Mane, L50|\n|poke|p1|Arcanine, L50, F|\n|poke|p1|Amoonguss, L50, M|\n|poke|p1|Ting-Lu, L50|\n|poke|p1|Roaring Moon, L50|\n|poke|p2|Breloom, L50, M|\n|poke|p2|Volcarona, L50, F|\n|poke|p2|Tyranitar, L50, M|\n|poke|p2|Kingambit, L50, F|\n|poke|p2|Pelipper, L50, M|\n|poke|p2|Palafin, L50, F|\n|teampreview|4\nIloveyveldon has agreed to open team sheets.\n|\n|t:|1683620877\n|start\n|switch|p1a: Palafin|Palafin, L50, M|100\/100\n|switch|p1b: Amoonguss|Amoonguss, L50, M|100\/100\n|switch|p2a: Breloom|Breloom, L50, M|100\/100\n|switch|p2b: Palafin|Palafin, L50, F|100\/100\n|turn|1\n|\n|t:|1683620897\n|detailschange|p1a: Palafin|Palafin-Hero, L50, M\n|switch|p1a: Arcanine|Arcanine, L50, F|100\/100\n|-ability|p1a: Arcanine|Intimidate|boost\n|-unboost|p2a: Breloom|atk|1\n|-unboost|p2b: Palafin|atk|1\n|move|p2a: Breloom|Spore|p1a: Arcanine\n|-activate|p1a: Arcanine|item: Safety Goggles|Spore\n|move|p2b: Palafin|Ice Punch|p1b: Amoonguss\n|-supereffective|p1b: Amoonguss\n|-damage|p1b: Amoonguss|72\/100\n|move|p1b: Amoonguss|Spore|p2b: Palafin\n|-status|p2b: Palafin|slp|[from] move: Spore\n|\n|upkeep\n|turn|2\n|inactive|Battle timer is ON: inactive players will automatically lose when time's up. (requested by Iloveyveldon)\n|\n|t:|1683620918\n|move|p2a: Breloom|Spore|p1a: Arcanine\n|-activate|p1a: Arcanine|item: Safety Goggles|Spore\n|cant|p2b: Palafin|slp\n|move|p1a: Arcanine|Flare Blitz|p2a: Breloom\n|-supereffective|p2a: Breloom\n|-damage|p2a: Breloom|0 fnt\n|faint|p2a: Breloom\n|-damage|p1a: Arcanine|77\/100|[from] Recoil\n|move|p1b: Amoonguss|Pollen Puff|p2b: Palafin\n|-damage|p2b: Palafin|75\/100 slp\n|\n|upkeep\n|\n|t:|1683620932\n|switch|p2a: Tyranitar|Tyranitar, L50, M|100\/100\n|-ability|p2a: Tyranitar|Unnerve\n|turn|3\n|\n|t:|1683620951\n|-curestatus|p2b: Palafin|slp|[msg]\n|move|p2b: Palafin|Ice Punch|p1b: Amoonguss\n|-supereffective|p1b: Amoonguss\n|-damage|p1b: Amoonguss|42\/100\n|move|p1a: Arcanine|Will-O-Wisp|p2a: Tyranitar\n|-status|p2a: Tyranitar|brn\n|move|p2a: Tyranitar|Rock Slide|p1a: Arcanine|[spread] p1a,p1b\n|-supereffective|p1a: Arcanine\n|-damage|p1a: Arcanine|48\/100\n|-damage|p1b: Amoonguss|30\/100\n|cant|p1b: Amoonguss|flinch\n|\n|-damage|p2a: Tyranitar|94\/100 brn|[from] brn\n|upkeep\n|turn|4\n|inactive|XMZ_NOOB has 30 seconds left.\n|\n|t:|1683620978\n|detailschange|p2b: Palafin|Palafin-Hero, L50, F\n|switch|p2b: Kingambit|Kingambit, L50, F|100\/100\n|-activate|p2b: Kingambit|ability: Supreme Overlord\n|-start|p2b: Kingambit|fallen1|[silent]\n|switch|p1b: Palafin|Palafin-Hero, L50, M|100\/100\n|-activate|p1b: Palafin|ability: Zero to Hero\n|-terastallize|p1a: Arcanine|Grass\n|move|p1a: Arcanine|Will-O-Wisp|p2b: Kingambit\n|-status|p2b: Kingambit|brn\n|move|p2a: Tyranitar|Rock Slide|p1b: Palafin|[spread] p1a,p1b\n|-damage|p1a: Arcanine|33\/100\n|-damage|p1b: Palafin|86\/100\n|\n|-damage|p2a: Tyranitar|88\/100 brn|[from] brn\n|-damage|p2b: Kingambit|95\/100 brn|[from] brn\n|upkeep\n|turn|5\n|inactive|XMZ_NOOB has 30 seconds left.\n|\n|t:|1683621005\n|switch|p1a: Amoonguss|Amoonguss, L50, M|63\/100\n|move|p2a: Tyranitar|Protect|p2a: Tyranitar\n|-singleturn|p2a: Tyranitar|Protect\n|move|p2b: Kingambit|Sucker Punch||[still]\n|-fail|p2b: Kingambit\n|move|p1b: Palafin|Wave Crash|p2b: Kingambit\n|-damage|p2b: Kingambit|29\/100 brn\n|-damage|p1b: Palafin|64\/100|[from] Recoil\n|\n|-damage|p2a: Tyranitar|82\/100 brn|[from] brn\n|-damage|p2b: Kingambit|23\/100 brn|[from] brn\n|upkeep\n|turn|6\n|\n|t:|1683621026\n|move|p1b: Palafin|Jet Punch|p2b: Kingambit\n|-damage|p2b: Kingambit|0 fnt\n|faint|p2b: Kingambit\n|-end|p2b: Kingambit|fallen1|[silent]\n|move|p2a: Tyranitar|Rock Slide|p1a: Amoonguss|[spread] p1a,p1b\n|-damage|p1a: Amoonguss|52\/100\n|-damage|p1b: Palafin|48\/100\n|move|p1a: Amoonguss|Pollen Puff|p1b: Palafin\n|-heal|p1b: Palafin|98\/100\n|\n|-damage|p2a: Tyranitar|76\/100 brn|[from] brn\n|upkeep\n|\n|t:|1683621040\n|switch|p2b: Palafin|Palafin-Hero, L50, F|75\/100\n|-activate|p2b: Palafin|ability: Zero to Hero\n|turn|7\n|\n|t:|1683621057\n|switch|p1a: Arcanine|Arcanine, L50, F, tera:Grass|33\/100\n|-ability|p1a: Arcanine|Intimidate|boost\n|-unboost|p2a: Tyranitar|atk|1\n|-unboost|p2b: Palafin|atk|1\n|-terastallize|p2b: Palafin|Water\n|move|p2b: Palafin|Jet Punch|p1b: Palafin\n|-resisted|p1b: Palafin\n|-damage|p1b: Palafin|74\/100\n|move|p1b: Palafin|Wave Crash|p2a: Tyranitar\n|-supereffective|p2a: Tyranitar\n|-damage|p2a: Tyranitar|0 fnt\n|faint|p2a: Tyranitar\n|-damage|p1b: Palafin|50\/100|[from] Recoil\n|\n|upkeep\n|turn|8\n|\n|t:|1683621072\n|switch|p1a: Amoonguss|Amoonguss, L50, M|85\/100\n|move|p1b: Palafin|Protect|p1b: Palafin\n|-singleturn|p1b: Palafin|Protect\n|move|p2b: Palafin|Jet Punch|p1a: Amoonguss\n|-resisted|p1a: Amoonguss\n|-damage|p1a: Amoonguss|65\/100\n|\n|upkeep\n|turn|9\n|-message|XMZ_NOOB forfeited.\n|\n|win|Iloveyveldon\n|raw|Iloveyveldon's rating: 1155 → 1174<\/strong> (+19 for winning)\n|raw|XMZ_NOOB's rating: 1071 → 1055<\/strong> (-16 for losing)\n|l|\u203dXMZ_NOOB\n","uploadtime":1683621085,"views":5,"p1id":"iloveyveldon","p2id":"xmznoob","formatid":"gen9vgc2023regulationc","rating":1055,"private":0,"password":""}