{"id":"gen9vgc2023regulationc-1857817584","p1":"atworkyolo","p2":"KSaun_VGC","format":"[Gen 9] VGC 2023 Regulation C","log":"|j|\u2606atworkyolo\n|j|\u2606KSaun_VGC\n|t:|1683234938\n|gametype|doubles\n|player|p1|atworkyolo|266|1138\n|player|p2|KSaun_VGC|101|1217\n|teamsize|p1|6\n|teamsize|p2|6\n|gen|9\n|tier|[Gen 9] VGC 2023 Regulation C\n|rated|\n|rule|Species Clause: Limit one of each Pok\u00e9mon\n|rule|Item Clause: Limit one of each item\n|clearpoke\n|poke|p1|Torkoal, L50, F|\n|poke|p1|Lilligant, L50, F|\n|poke|p1|Bronzong, L50|\n|poke|p1|Baxcalibur, L50, F|\n|poke|p1|Maushold, L50|\n|poke|p1|Ting-Lu, L50|\n|poke|p2|Garchomp, L50, F|\n|poke|p2|Talonflame, L50, M|\n|poke|p2|Chien-Pao, L50|\n|poke|p2|Dragonite, L50, M|\n|poke|p2|Chi-Yu, L50|\n|poke|p2|Gholdengo, L50|\n|teampreview|4\n|inactive|Battle timer is ON: inactive players will automatically lose when time's up. (requested by atworkyolo)\n|inactive|KSaun_VGC has 60 seconds left.\n|\n|t:|1683235007\n|start\n|switch|p1a: Bronzong|Bronzong, L50|100\/100\n|switch|p1b: Torkoal|Torkoal, L50, F|100\/100\n|switch|p2a: Talonflame|Talonflame, L50, M|100\/100\n|switch|p2b: Dragonite|Dragonite, L50, M|100\/100\n|-weather|SunnyDay|[from] ability: Drought|[of] p1b: Torkoal\n|turn|1\n|inactive|KSaun_VGC has 30 seconds left.\n|\n|t:|1683235038\n|-terastallize|p2b: Dragonite|Normal\n|-terastallize|p1a: Bronzong|Fire\n|move|p2a: Talonflame|Feint|p1b: Torkoal\n|-damage|p1b: Torkoal|96\/100\n|move|p2b: Dragonite|Extreme Speed|p1b: Torkoal\n|-damage|p1b: Torkoal|51\/100\n|move|p1b: Torkoal|Eruption|p2a: Talonflame|[spread] p2a,p2b\n|-resisted|p2a: Talonflame\n|-damage|p2a: Talonflame|65\/100\n|-damage|p2b: Dragonite|50\/100\n|-enditem|p2a: Talonflame|Eject Button\n|\n|t:|1683235056\n|switch|p2a: Chi-Yu|Chi-Yu, L50|100\/100\n|-ability|p2a: Chi-Yu|Beads of Ruin\n|move|p1a: Bronzong|Trick Room|p1a: Bronzong\n|-fieldstart|move: Trick Room|[of] p1a: Bronzong\n|\n|-weather|SunnyDay|[upkeep]\n|upkeep\n|turn|2\n|\n|t:|1683235072\n|move|p2b: Dragonite|Extreme Speed|p1b: Torkoal\n|-damage|p1b: Torkoal|0 fnt\n|faint|p1b: Torkoal\n|move|p1a: Bronzong|Gyro Ball|p2b: Dragonite\n|-damage|p2b: Dragonite|9\/100\n|move|p2a: Chi-Yu|Nasty Plot|p2a: Chi-Yu\n|-boost|p2a: Chi-Yu|spa|2\n|\n|-weather|SunnyDay|[upkeep]\n|upkeep\n|\n|t:|1683235080\n|switch|p1b: Ting-Lu|Ting-Lu, L50|100\/100\n|-ability|p1b: Ting-Lu|Vessel of Ruin\n|turn|3\n|\n|t:|1683235101\n|move|p2a: Chi-Yu|Protect|p2a: Chi-Yu\n|-singleturn|p2a: Chi-Yu|Protect\n|move|p2b: Dragonite|Extreme Speed|p1b: Ting-Lu\n|-damage|p1b: Ting-Lu|66\/100\n|move|p1a: Bronzong|Gyro Ball|p2a: Chi-Yu\n|-activate|p2a: Chi-Yu|move: Protect\n|move|p1b: Ting-Lu|Rock Slide|p2a: Chi-Yu|[spread] p2b\n|-activate|p2a: Chi-Yu|move: Protect\n|-damage|p2b: Dragonite|0 fnt\n|faint|p2b: Dragonite\n|\n|-weather|SunnyDay|[upkeep]\n|upkeep\n|\n|t:|1683235122\n|switch|p2b: Talonflame|Talonflame, L50, M|65\/100\n|turn|4\n|\n|t:|1683235143\n|switch|p2b: Garchomp|Garchomp, L50, F, shiny|100\/100\n|move|p1a: Bronzong|Gyro Ball|p2a: Chi-Yu\n|-resisted|p2a: Chi-Yu\n|-damage|p2a: Chi-Yu|73\/100\n|move|p1b: Ting-Lu|Rock Slide|p2a: Chi-Yu|[spread] p2a,p2b\n|-supereffective|p2a: Chi-Yu\n|-resisted|p2b: Garchomp\n|-damage|p2a: Chi-Yu|0 fnt\n|-damage|p2b: Garchomp|85\/100\n|faint|p2a: Chi-Yu\n|\n|-weather|SunnyDay|[upkeep]\n|upkeep\n|\n|t:|1683235153\n|switch|p2a: Talonflame|Talonflame, L50, M|65\/100\n|turn|5\n|\n|t:|1683235169\n|move|p2b: Garchomp|Protect|p2b: Garchomp\n|-singleturn|p2b: Garchomp|Protect\n|move|p1a: Bronzong|Gyro Ball|p2b: Garchomp\n|-activate|p2b: Garchomp|move: Protect\n|move|p1b: Ting-Lu|Rock Slide|p2a: Talonflame|[spread] p2a\n|-activate|p2b: Garchomp|move: Protect\n|-supereffective|p2a: Talonflame\n|-damage|p2a: Talonflame|0 fnt\n|faint|p2a: Talonflame\n|\n|-weather|none\n|-fieldend|move: Trick Room\n|upkeep\n|turn|6\n|\n|t:|1683235179\n|move|p2b: Garchomp|Swords Dance|p2b: Garchomp\n|-boost|p2b: Garchomp|atk|2\n|move|p1b: Ting-Lu|Rock Slide|p2b: Garchomp\n|-resisted|p2b: Garchomp\n|-damage|p2b: Garchomp|66\/100\n|move|p1a: Bronzong|Trick Room|p1a: Bronzong\n|-fieldstart|move: Trick Room|[of] p1a: Bronzong\n|\n|upkeep\n|turn|7\n|\n|t:|1683235188\n|move|p1a: Bronzong|Gyro Ball|p2b: Garchomp\n|-damage|p2b: Garchomp|30\/100\n|-damage|p1a: Bronzong|88\/100|[from] ability: Rough Skin|[of] p2b: Garchomp\n|move|p1b: Ting-Lu|Rock Slide|p2b: Garchomp\n|-resisted|p2b: Garchomp\n|-damage|p2b: Garchomp|11\/100\n|move|p2b: Garchomp|Swords Dance|p2b: Garchomp\n|-boost|p2b: Garchomp|atk|2\n|\n|upkeep\n|turn|8\n|c|\u2606KSaun_VGC|gg\n|\n|t:|1683235199\n|move|p1a: Bronzong|Gyro Ball|p2b: Garchomp\n|-damage|p2b: Garchomp|0 fnt\n|-damage|p1a: Bronzong|76\/100|[from] ability: Rough Skin|[of] p2b: Garchomp\n|faint|p2b: Garchomp\n|\n|win|atworkyolo\n|raw|atworkyolo's rating: 1138 → 1169<\/strong> (+31 for winning)\n|raw|KSaun_VGC's rating: 1217 → 1186<\/strong> (-31 for losing)\n","uploadtime":1683235212,"views":6,"p1id":"atworkyolo","p2id":"ksaunvgc","formatid":"gen9vgc2023regulationc","rating":1169,"private":0,"password":""}