{"id":"gen9vgc2023regulationc-1864142693","p1":"BUNDA MOLE VGC","p2":"xNedacx","format":"[Gen 9] VGC 2023 Regulation C","log":"|j|\u2606BUNDA MOLE VGC\n|j|\u2606xNedacx\n|t:|1684124025\n|gametype|doubles\n|player|p1|BUNDA MOLE VGC|bruno|1196\n|player|p2|xNedacx|1|1204\n|teamsize|p1|6\n|teamsize|p2|6\n|gen|9\n|tier|[Gen 9] VGC 2023 Regulation C\n|rated|\n|rule|Species Clause: Limit one of each Pok\u00e9mon\n|rule|Item Clause: Limit one of each item\n|clearpoke\n|poke|p1|Gothitelle, L50, M|\n|poke|p1|Ting-Lu, L50|\n|poke|p1|Scream Tail, L50|\n|poke|p1|Amoonguss, L50, M|\n|poke|p1|Jigglypuff, L50, F|\n|poke|p1|Scizor, L50, F|\n|poke|p2|Flutter Mane, L50|\n|poke|p2|Garchomp, L50, M|\n|poke|p2|Gyarados, L50, F|\n|poke|p2|Gardevoir, L50, F|\n|poke|p2|Murkrow, L50, M|\n|poke|p2|Iron Hands, L50|\n|teampreview|4\n|inactive|Battle timer is ON: inactive players will automatically lose when time's up. (requested by BUNDA MOLE VGC)\n|inactive|BUNDA MOLE VGC has 60 seconds left.\n|inactive|xNedacx has 60 seconds left.\n|\n|t:|1684124074\n|start\n|switch|p1a: Ting-Lu|Ting-Lu, L50|100\/100\n|switch|p1b: Scream Tail|Scream Tail, L50|100\/100\n|switch|p2a: Gardevoir|Gardevoir, L50, F, shiny|100\/100\n|switch|p2b: Murkrow|Murkrow, L50, M|100\/100\n|-ability|p1a: Ting-Lu|Vessel of Ruin\n|turn|1\n|inactive|BUNDA MOLE VGC has 30 seconds left.\n|\n|t:|1684124106\n|-terastallize|p1a: Ting-Lu|Poison\n|move|p2b: Murkrow|Taunt|p1b: Scream Tail\n|-start|p1b: Scream Tail|move: Taunt\n|-enditem|p1b: Scream Tail|Mental Herb\n|-end|p1b: Scream Tail|move: Taunt\n|move|p2a: Gardevoir|Moonblast|p1a: Ting-Lu\n|-resisted|p1a: Ting-Lu\n|-damage|p1a: Ting-Lu|90\/100\n|-unboost|p1a: Ting-Lu|spa|1\n|move|p1b: Scream Tail|Perish Song|p1b: Scream Tail\n|-start|p1a: Ting-Lu|perish3|[silent]\n|-start|p1b: Scream Tail|perish3|[silent]\n|-start|p2a: Gardevoir|perish3|[silent]\n|-start|p2b: Murkrow|perish3|[silent]\n|-fieldactivate|move: Perish Song\n|move|p1a: Ting-Lu|Sand Tomb|p2a: Gardevoir\n|-damage|p2a: Gardevoir|75\/100\n|-activate|p2a: Gardevoir|move: Sand Tomb|[of] p1a: Ting-Lu\n|\n|-damage|p2a: Gardevoir|63\/100|[from] move: Sand Tomb|[partiallytrapped]\n|-start|p2a: Gardevoir|perish3\n|-start|p1b: Scream Tail|perish3\n|-start|p2b: Murkrow|perish3\n|-start|p1a: Ting-Lu|perish3\n|upkeep\n|turn|2\n|inactive|xNedacx has 30 seconds left.\n|inactive|xNedacx has 20 seconds left.\n|\n|t:|1684124144\n|move|p1b: Scream Tail|Protect|p1b: Scream Tail\n|-singleturn|p1b: Scream Tail|Protect\n|move|p1a: Ting-Lu|Protect|p1a: Ting-Lu\n|-singleturn|p1a: Ting-Lu|Protect\n|move|p2b: Murkrow|Haze|p2b: Murkrow\n|-clearallboost\n|move|p2a: Gardevoir|Psyshock|p1a: Ting-Lu\n|-activate|p1a: Ting-Lu|move: Protect\n|\n|-damage|p2a: Gardevoir|51\/100|[from] move: Sand Tomb|[partiallytrapped]\n|-start|p2a: Gardevoir|perish2\n|-start|p1b: Scream Tail|perish2\n|-start|p2b: Murkrow|perish2\n|-start|p1a: Ting-Lu|perish2\n|upkeep\n|turn|3\n|inactive|BUNDA MOLE VGC has 30 seconds left.\n|inactive|BUNDA MOLE VGC has 20 seconds left.\n|inactive|BUNDA MOLE VGC has 15 seconds left.\n|inactive|BUNDA MOLE VGC has 10 seconds left.\n|inactive|BUNDA MOLE VGC has 5 seconds left.\n|\n|t:|1684124194\n|switch|p2b: Iron Hands|Iron Hands, L50, shiny|100\/100\n|switch|p1a: Gothitelle|Gothitelle, L50, M|100\/100\n|move|p2a: Gardevoir|Psyshock|p1a: Gothitelle\n|-resisted|p1a: Gothitelle\n|-damage|p1a: Gothitelle|82\/100\n|move|p1b: Scream Tail|Encore|p2a: Gardevoir\n|-start|p2a: Gardevoir|Encore\n|\n|-end|p2a: Gardevoir|Sand Tomb|[partiallytrapped]|[silent]\n|-start|p2a: Gardevoir|perish1\n|-start|p1b: Scream Tail|perish1\n|upkeep\n|turn|4\n|inactive|xNedacx has 30 seconds left.\n|inactive|BUNDA MOLE VGC has 30 seconds left.\n|\n|t:|1684124231\n|-end|p1b: Scream Tail|Protosynthesis|[silent]\n|switch|p1b: Ting-Lu|Ting-Lu, L50, tera:Poison|90\/100\n|-ability|p1b: Ting-Lu|Vessel of Ruin\n|move|p1a: Gothitelle|Protect|p1a: Gothitelle\n|-singleturn|p1a: Gothitelle|Protect\n|move|p2a: Gardevoir|Psyshock|p1b: Ting-Lu\n|-supereffective|p1b: Ting-Lu\n|-damage|p1b: Ting-Lu|51\/100\n|move|p2b: Iron Hands|Ice Punch|p1b: Ting-Lu\n|-damage|p1b: Ting-Lu|33\/100\n|\n|-start|p2a: Gardevoir|perish0\n|faint|p2a: Gardevoir\n|upkeep\n|inactive|xNedacx has 30 seconds left.\n|\n|t:|1684124263\n|switch|p2a: Garchomp|Garchomp, L50, M, shiny|100\/100\n|turn|5\n|\n|t:|1684124284\n|move|p2a: Garchomp|Stomping Tantrum|p1b: Ting-Lu\n|-supereffective|p1b: Ting-Lu\n|-damage|p1b: Ting-Lu|0 fnt\n|faint|p1b: Ting-Lu\n|move|p1a: Gothitelle|Heal Pulse|p1: Ting-Lu|[notarget]\n|-fail|p1a: Gothitelle\n|move|p2b: Iron Hands|Ice Punch|p1a: Gothitelle\n|-damage|p1a: Gothitelle|56\/100\n|\n|upkeep\n|\n|t:|1684124294\n|switch|p1b: Scream Tail|Scream Tail, L50|100\/100\n|turn|6\n|\n|t:|1684124312\n|move|p1a: Gothitelle|Protect|p1a: Gothitelle\n|-singleturn|p1a: Gothitelle|Protect\n|move|p2a: Garchomp|Stomping Tantrum|p1b: Scream Tail\n|-damage|p1b: Scream Tail|77\/100\n|move|p1b: Scream Tail|Perish Song|p1b: Scream Tail\n|-start|p1a: Gothitelle|perish3|[silent]\n|-start|p1b: Scream Tail|perish3|[silent]\n|-start|p2a: Garchomp|perish3|[silent]\n|-start|p2b: Iron Hands|perish3|[silent]\n|-fieldactivate|move: Perish Song\n|move|p2b: Iron Hands|Wild Charge|p1b: Scream Tail\n|-damage|p1b: Scream Tail|46\/100\n|-damage|p2b: Iron Hands|93\/100|[from] Recoil\n|\n|-start|p2a: Garchomp|perish3\n|-start|p1b: Scream Tail|perish3\n|-start|p1a: Gothitelle|perish3\n|-start|p2b: Iron Hands|perish3\n|upkeep\n|turn|7\n|\n|t:|1684124334\n|move|p2a: Garchomp|Stomping Tantrum|p1a: Gothitelle\n|-damage|p1a: Gothitelle|20\/100\n|-enditem|p1a: Gothitelle|Sitrus Berry|[eat]\n|-heal|p1a: Gothitelle|45\/100|[from] item: Sitrus Berry\n|move|p1b: Scream Tail|Play Rough|p2a: Garchomp\n|-supereffective|p2a: Garchomp\n|-damage|p2a: Garchomp|60\/100\n|-damage|p1b: Scream Tail|34\/100|[from] ability: Rough Skin|[of] p2a: Garchomp\n|move|p1a: Gothitelle|Heal Pulse|p1b: Scream Tail\n|-heal|p1b: Scream Tail|84\/100\n|move|p2b: Iron Hands|Ice Punch|p1a: Gothitelle\n|-damage|p1a: Gothitelle|18\/100\n|\n|-start|p2a: Garchomp|perish2\n|-start|p1b: Scream Tail|perish2\n|-start|p1a: Gothitelle|perish2\n|-start|p2b: Iron Hands|perish2\n|upkeep\n|turn|8\n|inactive|xNedacx has 30 seconds left.\n|\n|t:|1684124362\n|-terastallize|p2a: Garchomp|Fire\n|move|p1b: Scream Tail|Protect|p1b: Scream Tail\n|-singleturn|p1b: Scream Tail|Protect\n|move|p1a: Gothitelle|Protect|p1a: Gothitelle\n|-singleturn|p1a: Gothitelle|Protect\n|move|p2a: Garchomp|Stomping Tantrum|p1b: Scream Tail\n|-activate|p1b: Scream Tail|move: Protect\n|move|p2b: Iron Hands|Ice Punch|p1a: Gothitelle\n|-activate|p1a: Gothitelle|move: Protect\n|\n|-start|p2a: Garchomp|perish1\n|-start|p1b: Scream Tail|perish1\n|-start|p1a: Gothitelle|perish1\n|-start|p2b: Iron Hands|perish1\n|upkeep\n|turn|9\n|inactive|BUNDA MOLE VGC has 30 seconds left.\n|inactive|xNedacx has 30 seconds left.\n|\n|t:|1684124394\n|-end|p1b: Scream Tail|Protosynthesis|[silent]\n|switch|p1b: Jigglypuff|Jigglypuff, L50, F, shiny|100\/100\n|move|p2a: Garchomp|Stomping Tantrum|p1a: Gothitelle\n|-damage|p1a: Gothitelle|0 fnt\n|faint|p1a: Gothitelle\n|move|p2b: Iron Hands|Drain Punch|p1b: Jigglypuff\n|-damage|p1b: Jigglypuff|54\/100\n|-heal|p2b: Iron Hands|100\/100|[from] drain|[of] p1b: Jigglypuff\n|\n|-start|p2a: Garchomp|perish0\n|-start|p2b: Iron Hands|perish0\n|upkeep\n|faint|p2a: Garchomp\n|faint|p2b: Iron Hands\n|-end|p2b: Iron Hands|Quark Drive|[silent]\n|\n|t:|1684124408\n|switch|p1a: Scream Tail|Scream Tail, L50|84\/100\n|switch|p2b: Murkrow|Murkrow, L50, M|100\/100\n|turn|10\n|\n|t:|1684124418\n|move|p1a: Scream Tail|Play Rough|p2b: Murkrow\n|-supereffective|p2b: Murkrow\n|-damage|p2b: Murkrow|61\/100\n|move|p2b: Murkrow|Foul Play|p1a: Scream Tail\n|-damage|p1a: Scream Tail|74\/100\n|move|p1b: Jigglypuff|Play Rough|p2b: Murkrow|[miss]\n|-miss|p1b: Jigglypuff|p2b: Murkrow\n|\n|upkeep\n|turn|11\n|-message|xNedacx forfeited.\n|\n|win|BUNDA MOLE VGC\n|raw|BUNDA MOLE VGC's rating: 1196 → 1222<\/strong> (+26 for winning)\n|raw|xNedacx's rating: 1204 → 1178<\/strong> (-26 for losing)\n|l|\u2606xNedacx\n","uploadtime":1684124443,"views":16,"p1id":"bundamolevgc","p2id":"xnedacx","formatid":"gen9vgc2023regulationc","rating":1178,"private":0,"password":""}