{"id":"gen9vgc2023regulationc-1863012021","p1":"savageliladdict","p2":"SeveralNonSense","format":"[Gen 9] VGC 2023 Regulation C","log":"|j|\u2606savageliladdict\n|j|\u2606SeveralNonSense\n|t:|1683952103\n|gametype|doubles\n|player|p1|savageliladdict|170|1221\n|player|p2|SeveralNonSense|guitarist|1179\n|teamsize|p1|6\n|teamsize|p2|6\n|gen|9\n|tier|[Gen 9] VGC 2023 Regulation C\n|rated|\n|rule|Species Clause: Limit one of each Pok\u00e9mon\n|rule|Item Clause: Limit one of each item\n|clearpoke\n|poke|p1|Amoonguss, L50, M|\n|poke|p1|Arcanine, L50, M|\n|poke|p1|Palafin, L50, F|\n|poke|p1|Dragonite, L50, F|\n|poke|p1|Gholdengo, L50|\n|poke|p1|Annihilape, L50, F|\n|poke|p2|Iron Bundle, L50|\n|poke|p2|Arcanine, L50, M|\n|poke|p2|Iron Hands, L50|\n|poke|p2|Gholdengo, L50|\n|poke|p2|Roaring Moon, L50|\n|poke|p2|Clodsire, L50, M|\n|teampreview|4\n|\n|t:|1683952126\n|start\n|switch|p1a: Arcanine|Arcanine, L50, M|100\/100\n|switch|p1b: Palafin|Palafin, L50, F|100\/100\n|switch|p2a: My Best Friend|Clodsire, L50, M|100\/100\n|switch|p2b: Iron Bundle|Iron Bundle, L50|100\/100\n|-ability|p1a: Arcanine|Intimidate|boost\n|-unboost|p2a: My Best Friend|atk|1\n|-unboost|p2b: Iron Bundle|atk|1\n|turn|1\n|\n|t:|1683952177\n|-terastallize|p1a: Arcanine|Water\n|move|p1b: Palafin|Protect|p1b: Palafin\n|-singleturn|p1b: Palafin|Protect\n|move|p2b: Iron Bundle|Freeze-Dry|p1b: Palafin\n|-activate|p1b: Palafin|move: Protect\n|move|p1a: Arcanine|Flare Blitz|p2b: Iron Bundle\n|-damage|p2b: Iron Bundle|49\/100\n|-damage|p1a: Arcanine|89\/100|[from] Recoil\n|move|p2a: My Best Friend|Toxic|p1a: Arcanine\n|-status|p1a: Arcanine|tox\n|\n|-damage|p1a: Arcanine|83\/100 tox|[from] psn\n|upkeep\n|turn|2\n|\n|t:|1683952205\n|detailschange|p1b: Palafin|Palafin-Hero, L50, F\n|switch|p1b: Amoonguss|Amoonguss, L50, M|100\/100\n|move|p2b: Iron Bundle|Freeze-Dry|p1a: Arcanine\n|-supereffective|p1a: Arcanine\n|-damage|p1a: Arcanine|25\/100 tox\n|move|p1a: Arcanine|Flare Blitz|p2b: Iron Bundle\n|-damage|p2b: Iron Bundle|0 fnt\n|faint|p2b: Iron Bundle\n|-end|p2b: Iron Bundle|Quark Drive|[silent]\n|-damage|p1a: Arcanine|15\/100 tox|[from] Recoil\n|move|p2a: My Best Friend|Stealth Rock|p1b: Amoonguss\n|-sidestart|p1: savageliladdict|move: Stealth Rock\n|\n|-damage|p1a: Arcanine|3\/100 tox|[from] psn\n|upkeep\n|\n|t:|1683952212\n|switch|p2b: Roaring Moon|Roaring Moon, L50|100\/100\n|-enditem|p2b: Roaring Moon|Booster Energy\n|-activate|p2b: Roaring Moon|ability: Protosynthesis|[fromitem]\n|-start|p2b: Roaring Moon|protosynthesisatk\n|turn|3\n|\n|t:|1683952251\n|switch|p2a: Iron Hands|Iron Hands, L50|100\/100\n|move|p1a: Arcanine|Extreme Speed|p2b: Roaring Moon\n|-damage|p2b: Roaring Moon|75\/100\n|move|p2b: Roaring Moon|Acrobatics|p1b: Amoonguss\n|-supereffective|p1b: Amoonguss\n|-damage|p1b: Amoonguss|0 fnt\n|faint|p1b: Amoonguss\n|\n|-damage|p1a: Arcanine|0 fnt|[from] psn\n|faint|p1a: Arcanine\n|upkeep\n|\n|t:|1683952265\n|switch|p1a: Palafin|Palafin-Hero, L50, F|100\/100\n|switch|p1b: Dragonite|Dragonite, L50, F|100\/100\n|-damage|p1a: Palafin|88\/100|[from] Stealth Rock\n|-activate|p1a: Palafin|ability: Zero to Hero\n|-damage|p1b: Dragonite|76\/100|[from] Stealth Rock\n|turn|4\n|\n|t:|1683952300\n|move|p2b: Roaring Moon|Protect|p2b: Roaring Moon\n|-singleturn|p2b: Roaring Moon|Protect\n|move|p1a: Palafin|Protect|p1a: Palafin\n|-singleturn|p1a: Palafin|Protect\n|move|p1b: Dragonite|Dragon Claw|p2b: Roaring Moon\n|-activate|p2b: Roaring Moon|move: Protect\n|move|p2a: Iron Hands|Swords Dance|p2a: Iron Hands\n|-boost|p2a: Iron Hands|atk|2\n|\n|upkeep\n|turn|5\n|\n|t:|1683952325\n|move|p2b: Roaring Moon|Acrobatics|p1a: Palafin\n|-damage|p1a: Palafin|40\/100\n|move|p1a: Palafin|Close Combat|p2a: Iron Hands\n|-damage|p2a: Iron Hands|68\/100\n|-unboost|p1a: Palafin|def|1\n|-unboost|p1a: Palafin|spd|1\n|move|p1b: Dragonite|Dragon Claw|p2b: Roaring Moon\n|-supereffective|p2b: Roaring Moon\n|-damage|p2b: Roaring Moon|0 fnt\n|faint|p2b: Roaring Moon\n|-end|p2b: Roaring Moon|Protosynthesis|[silent]\n|move|p2a: Iron Hands|Wild Charge|p1a: Palafin\n|-supereffective|p1a: Palafin\n|-damage|p1a: Palafin|0 fnt\n|faint|p1a: Palafin\n|-damage|p2a: Iron Hands|60\/100|[from] Recoil\n|\n|-heal|p2a: Iron Hands|66\/100|[from] item: Leftovers\n|upkeep\n|\n|t:|1683952332\n|switch|p2b: My Best Friend|Clodsire, L50, M|100\/100\n|turn|6\n|\n|t:|1683952342\n|move|p1b: Dragonite|Dragon Claw|p2a: Iron Hands\n|-damage|p2a: Iron Hands|21\/100\n|move|p2a: Iron Hands|Wild Charge|p1b: Dragonite\n|-damage|p1b: Dragonite|0 fnt\n|faint|p1b: Dragonite\n|-damage|p2a: Iron Hands|7\/100|[from] Recoil\n|\n|win|SeveralNonSense\n|raw|savageliladdict's rating: 1221 → 1193<\/strong> (-28 for losing)\n|raw|SeveralNonSense's rating: 1179 → 1207<\/strong> (+28 for winning)\n|l|\u2606savageliladdict\n","uploadtime":1683952406,"views":10,"p1id":"savageliladdict","p2id":"severalnonsense","formatid":"gen9vgc2023regulationc","rating":1193,"private":0,"password":""}