{"id":"gen9vgc2023regulationc-1846939936","p1":"Pkmushroom","p2":"NoSugo","format":"[Gen 9] VGC 2023 Regulation C","log":"|j|\u2606Pkmushroom\n|j|\u2606NoSugo\n|t:|1681903815\n|gametype|doubles\n|player|p1|Pkmushroom|265|1077\n|player|p2|NoSugo|janitor|1104\n|teamsize|p1|6\n|teamsize|p2|6\n|gen|9\n|tier|[Gen 9] VGC 2023 Regulation C\n|rated|\n|rule|Species Clause: Limit one of each Pok\u00e9mon\n|rule|Item Clause: Limit one of each item\n|clearpoke\n|poke|p1|Toxapex, L50, F|\n|poke|p1|Ting-Lu, L50|\n|poke|p1|Garganacl, L50, F|\n|poke|p1|Tauros-Paldea-Blaze, L50, M|\n|poke|p1|Tinkaton, L50, F|\n|poke|p1|Salamence, L50, M|\n|poke|p2|Murkrow, L50, M|\n|poke|p2|Flutter Mane, L50|\n|poke|p2|Corviknight, L50, M|\n|poke|p2|Gyarados, L50, M|\n|poke|p2|Great Tusk, L50|\n|poke|p2|Ting-Lu, L50|\n|teampreview|4\n|inactive|Battle timer is ON: inactive players will automatically lose when time's up. (requested by NoSugo)\n|\n|t:|1681903853\n|start\n|switch|p1a: Tinkaton|Tinkaton, L50, F, shiny|100\/100\n|switch|p1b: Salamence|Salamence, L50, M|100\/100\n|switch|p2a: Murkrow|Murkrow, L50, M|100\/100\n|switch|p2b: Flutter Mane|Flutter Mane, L50|100\/100\n|-ability|p1b: Salamence|Intimidate|boost\n|-unboost|p2a: Murkrow|atk|1\n|-unboost|p2b: Flutter Mane|atk|1\n|turn|1\n|inactive|NoSugo has 30 seconds left.\n|inactive|NoSugo has 20 seconds left.\n|\n|t:|1681903889\n|-terastallize|p1b: Salamence|Flying\n|move|p2b: Flutter Mane|Protect|p2b: Flutter Mane\n|-singleturn|p2b: Flutter Mane|Protect\n|move|p1a: Tinkaton|Fake Out|p2a: Murkrow\n|-damage|p2a: Murkrow|89\/100\n|cant|p2a: Murkrow|flinch\n|move|p1b: Salamence|Shadow Claw|p2b: Flutter Mane\n|-activate|p2b: Flutter Mane|move: Protect\n|\n|upkeep\n|turn|2\n|inactive|NoSugo has 30 seconds left.\n|\n|t:|1681903917\n|-end|p2b: Flutter Mane|Protosynthesis|[silent]\n|switch|p2b: Corviknight|Corviknight, L50, M|100\/100\n|move|p2a: Murkrow|Tailwind|p2a: Murkrow\n|-sidestart|p2: NoSugo|move: Tailwind\n|move|p1b: Salamence|Draco Meteor|p2a: Murkrow\n|-damage|p2a: Murkrow|17\/100\n|-unboost|p1b: Salamence|spa|2\n|-damage|p1b: Salamence|90\/100|[from] item: Life Orb\n|move|p1a: Tinkaton|Gigaton Hammer|p2b: Corviknight\n|-resisted|p2b: Corviknight\n|-damage|p2b: Corviknight|76\/100\n|\n|upkeep\n|turn|3\n|\n|t:|1681903939\n|switch|p1a: Garganacl|Garganacl, L50, F|100\/100\n|move|p2a: Murkrow|Tailwind||[still]\n|-fail|p2a: Murkrow\n|move|p2b: Corviknight|Bulk Up|p2b: Corviknight\n|-boost|p2b: Corviknight|atk|1\n|-boost|p2b: Corviknight|def|1\n|move|p1b: Salamence|Tera Blast|p2a: Murkrow\n|-damage|p2a: Murkrow|0 fnt\n|faint|p2a: Murkrow\n|-damage|p1b: Salamence|80\/100|[from] item: Life Orb\n|\n|upkeep\n|\n|t:|1681903950\n|switch|p2a: Gyarados|Gyarados, L50, M|100\/100\n|-ability|p2a: Gyarados|Intimidate|boost\n|-unboost|p1a: Garganacl|atk|1\n|-unboost|p1b: Salamence|atk|1\n|turn|4\n|\n|t:|1681903961\n|switch|p1b: Tauros|Tauros-Paldea-Blaze, L50, M|100\/100\n|-ability|p1b: Tauros|Intimidate|boost\n|-unboost|p2a: Gyarados|atk|1\n|-ability|p2b: Corviknight|Mirror Armor\n|-unboost|p1b: Tauros|atk|1\n|move|p2a: Gyarados|Taunt|p1a: Garganacl\n|-start|p1a: Garganacl|move: Taunt\n|move|p2b: Corviknight|Bulk Up|p2b: Corviknight\n|-boost|p2b: Corviknight|atk|1\n|-boost|p2b: Corviknight|def|1\n|move|p1a: Garganacl|Salt Cure|p2b: Corviknight\n|-damage|p2b: Corviknight|72\/100\n|-start|p2b: Corviknight|Salt Cure\n|\n|-damage|p2b: Corviknight|47\/100|[from] Salt Cure\n|upkeep\n|-enditem|p2b: Corviknight|Sitrus Berry|[eat]\n|-heal|p2b: Corviknight|72\/100|[from] item: Sitrus Berry\n|turn|5\n|inactive|NoSugo has 30 seconds left.\n|inactive|NoSugo has 20 seconds left.\n|inactive|NoSugo has 15 seconds left.\n|inactive|NoSugo has 10 seconds left.\n|inactive|NoSugo has 5 seconds left.\n|\n|t:|1681904014\n|move|p2a: Gyarados|Waterfall|p1a: Garganacl\n|-supereffective|p1a: Garganacl\n|-damage|p1a: Garganacl|69\/100\n|move|p2b: Corviknight|Brave Bird|p1b: Tauros\n|-supereffective|p1b: Tauros\n|-damage|p1b: Tauros|0 fnt\n|faint|p1b: Tauros\n|-damage|p2b: Corviknight|42\/100|[from] Recoil\n|move|p1a: Garganacl|Salt Cure|p2a: Gyarados\n|-supereffective|p2a: Gyarados\n|-damage|p2a: Gyarados|80\/100\n|-start|p2a: Gyarados|Salt Cure\n|\n|-heal|p1a: Garganacl|74\/100|[from] item: Leftovers\n|-damage|p2a: Gyarados|55\/100|[from] Salt Cure\n|-damage|p2b: Corviknight|18\/100|[from] Salt Cure\n|-sideend|p2: NoSugo|move: Tailwind\n|upkeep\n|\n|t:|1681904023\n|switch|p1b: Salamence|Salamence, L50, M, tera:Flying|80\/100\n|-ability|p1b: Salamence|Intimidate|boost\n|-unboost|p2a: Gyarados|atk|1\n|-ability|p2b: Corviknight|Mirror Armor\n|-unboost|p1b: Salamence|atk|1\n|turn|6\n|\n|t:|1681904047\n|switch|p1a: Tinkaton|Tinkaton, L50, F, shiny|100\/100\n|move|p1b: Salamence|Draco Meteor|p2a: Gyarados\n|-damage|p2a: Gyarados|12\/100\n|-unboost|p1b: Salamence|spa|2\n|-damage|p1b: Salamence|70\/100|[from] item: Life Orb\n|move|p2a: Gyarados|Thunder Wave|p1b: Salamence|[miss]\n|-miss|p2a: Gyarados|p1b: Salamence\n|move|p2b: Corviknight|Roost|p2b: Corviknight\n|-heal|p2b: Corviknight|68\/100\n|-singleturn|p2b: Corviknight|move: Roost\n|\n|-damage|p2a: Gyarados|0 fnt|[from] Salt Cure\n|faint|p2a: Gyarados\n|-damage|p2b: Corviknight|43\/100|[from] Salt Cure\n|upkeep\n|\n|t:|1681904064\n|switch|p2a: Flutter Mane|Flutter Mane, L50|100\/100\n|turn|7\n|\n|t:|1681904087\n|switch|p1b: Garganacl|Garganacl, L50, F|74\/100\n|-terastallize|p2a: Flutter Mane|Fairy\n|move|p2a: Flutter Mane|Dazzling Gleam|p1b: Garganacl|[spread] p1a,p1b\n|-resisted|p1a: Tinkaton\n|-damage|p1a: Tinkaton|80\/100\n|-damage|p1b: Garganacl|42\/100\n|move|p1a: Tinkaton|Gigaton Hammer|p2a: Flutter Mane\n|-supereffective|p2a: Flutter Mane\n|-enditem|p2a: Flutter Mane|Focus Sash\n|-damage|p2a: Flutter Mane|1\/100\n|move|p2b: Corviknight|Roost|p2b: Corviknight\n|-heal|p2b: Corviknight|93\/100\n|-singleturn|p2b: Corviknight|move: Roost\n|\n|-heal|p1b: Garganacl|47\/100|[from] item: Leftovers\n|-damage|p2b: Corviknight|68\/100|[from] Salt Cure\n|upkeep\n|turn|8\n|inactive|Pkmushroom has 30 seconds left.\n|inactive|NoSugo has 30 seconds left.\n|inactive|NoSugo has 20 seconds left.\n|inactive|NoSugo has 15 seconds left.\n|\n|t:|1681904129\n|switch|p1a: Salamence|Salamence, L50, M, tera:Flying|70\/100\n|-ability|p1a: Salamence|Intimidate|boost\n|-unboost|p2a: Flutter Mane|atk|1\n|-ability|p2b: Corviknight|Mirror Armor\n|-unboost|p1a: Salamence|atk|1\n|move|p2a: Flutter Mane|Protect|p2a: Flutter Mane\n|-singleturn|p2a: Flutter Mane|Protect\n|move|p2b: Corviknight|Brave Bird|p1a: Salamence\n|-damage|p1a: Salamence|0 fnt\n|faint|p1a: Salamence\n|-damage|p2b: Corviknight|49\/100|[from] Recoil\n|move|p1b: Garganacl|Salt Cure|p2a: Flutter Mane\n|-activate|p2a: Flutter Mane|move: Protect\n|\n|-heal|p1b: Garganacl|53\/100|[from] item: Leftovers\n|-damage|p2b: Corviknight|24\/100|[from] Salt Cure\n|upkeep\n|\n|t:|1681904149\n|switch|p1a: Tinkaton|Tinkaton, L50, F, shiny|80\/100\n|turn|9\n|\n|t:|1681904160\n|move|p1a: Tinkaton|Fake Out|p2b: Corviknight\n|-resisted|p2b: Corviknight\n|-damage|p2b: Corviknight|22\/100\n|move|p2a: Flutter Mane|Shadow Ball|p1a: Tinkaton\n|-damage|p1a: Tinkaton|36\/100\n|-enditem|p1a: Tinkaton|Sitrus Berry|[eat]\n|-heal|p1a: Tinkaton|61\/100|[from] item: Sitrus Berry\n|cant|p2b: Corviknight|flinch\n|move|p1b: Garganacl|Salt Cure|p2a: Flutter Mane\n|-damage|p2a: Flutter Mane|0 fnt\n|faint|p2a: Flutter Mane\n|-end|p2a: Flutter Mane|Protosynthesis|[silent]\n|\n|-heal|p1b: Garganacl|59\/100|[from] item: Leftovers\n|-damage|p2b: Corviknight|0 fnt|[from] Salt Cure\n|faint|p2b: Corviknight\n|\n|win|Pkmushroom\n|upkeep\n|raw|Pkmushroom's rating: 1077 → 1108<\/strong> (+31 for winning)\n|raw|NoSugo's rating: 1104 → 1077<\/strong> (-27 for losing)\n|l|\u2606NoSugo\n","uploadtime":1681904180,"views":16,"p1id":"pkmushroom","p2id":"nosugo","formatid":"gen9vgc2023regulationc","rating":1077,"private":0,"password":""}