{"id":"gen9vgc2023regulationc-1847474671","p1":"RagnaC","p2":"Miggle SoCal","format":"[Gen 9] VGC 2023 Regulation C","log":"|j|\u2606RagnaC\n|j|\u2606Miggle SoCal\n|t:|1681959641\n|gametype|doubles\n|player|p1|RagnaC|red|\n|player|p2|Miggle SoCal|169|\n|teamsize|p1|6\n|teamsize|p2|6\n|gen|9\n|tier|[Gen 9] VGC 2023 Regulation C\n|rule|Species Clause: Limit one of each Pok\u00e9mon\n|rule|Item Clause: Limit one of each item\n|clearpoke\n|poke|p1|Ceruledge, L50, M|\n|poke|p1|Flutter Mane, L50|\n|poke|p1|Amoonguss, L50, F|\n|poke|p1|Gyarados, L50, M|\n|poke|p1|Ting-Lu, L50|\n|poke|p1|Glimmora, L50, M|\n|poke|p2|Palafin, L50, F|\n|poke|p2|Chien-Pao, L50|\n|poke|p2|Dragapult, L50, F|\n|poke|p2|Amoonguss, L50, M|\n|poke|p2|Arcanine, L50, F|\n|poke|p2|Kingambit, L50, F|\n|teampreview|4\n|inactive|Battle timer is ON: inactive players will automatically lose when time's up. (requested by RagnaC)\n|inactive|RagnaC has 60 seconds left.\n|inactive|Miggle SoCal has 60 seconds left.\nRagnaC has agreed to open team sheets.\nMiggle SoCal has agreed to open team sheets.\n|inactive|RagnaC has 30 seconds left.\n|\n|t:|1681959705\n|start\n|switch|p1a: Glimmora|Glimmora, L50, M|100\/100\n|switch|p1b: Ceruledge|Ceruledge, L50, M|100\/100\n|switch|p2a: Chien-Pao|Chien-Pao, L50|100\/100\n|switch|p2b: Dragapult|Dragapult, L50, F|100\/100\n|-ability|p2a: Chien-Pao|Sword of Ruin\n|turn|1\n|inactive|RagnaC has 30 seconds left.\n|inactive|Miggle SoCal has 30 seconds left.\n|inactive|Miggle SoCal has 20 seconds left.\n|\n|t:|1681959743\n|switch|p1b: Gyarados|Gyarados, L50, M|100\/100\n|-ability|p1b: Gyarados|Intimidate|boost\n|-unboost|p2a: Chien-Pao|atk|1\n|-fail|p2b: Dragapult|unboost|[from] ability: Clear Body|[of] p2b: Dragapult\n|move|p2a: Chien-Pao|Protect|p2a: Chien-Pao\n|-singleturn|p2a: Chien-Pao|Protect\n|move|p2b: Dragapult|Dragon Darts|p1a: Glimmora\n|-damage|p1a: Glimmora|36\/100\n|-activate|p1a: Glimmora|ability: Toxic Debris\n|-sidestart|p2: Miggle SoCal|move: Toxic Spikes\n|-anim|p2b: Dragapult|Dragon Darts|p1b: Gyarados\n|-damage|p1b: Gyarados|46\/100\n|-enditem|p1b: Gyarados|Sitrus Berry|[eat]\n|-heal|p1b: Gyarados|71\/100|[from] item: Sitrus Berry\n|move|p1a: Glimmora|Power Gem|p2b: Dragapult\n|-crit|p2b: Dragapult\n|-damage|p2b: Dragapult|11\/100\n|\n|upkeep\n|turn|2\n|inactive|RagnaC has 30 seconds left.\n|inactive|Miggle SoCal has 30 seconds left.\n|inactive|RagnaC has 20 seconds left.\n|inactive|RagnaC has 15 seconds left.\n|inactive|RagnaC has 10 seconds left.\n|\n|t:|1681959792\n|move|p2b: Dragapult|Dragon Darts|p1b: Gyarados\n|-damage|p1b: Gyarados|22\/100\n|-anim|p2b: Dragapult|Dragon Darts|p1a: Glimmora\n|-damage|p1a: Glimmora|0 fnt\n|-activate|p1a: Glimmora|ability: Toxic Debris\n|-sidestart|p2: Miggle SoCal|move: Toxic Spikes\n|faint|p1a: Glimmora\n|move|p2a: Chien-Pao|Ice Spinner|p1b: Gyarados\n|-damage|p1b: Gyarados|0 fnt\n|faint|p1b: Gyarados\n|\n|upkeep\n|\n|t:|1681959796\n|switch|p1a: Ceruledge|Ceruledge, L50, M|100\/100\n|switch|p1b: Ting-Lu|Ting-Lu, L50|100\/100\n|-ability|p1b: Ting-Lu|Vessel of Ruin\n|turn|3\n|\n|t:|1681959808\n|switch|p2b: Amoonguss|Amoonguss, L50, M|100\/100\n|-sideend|p2: Miggle SoCal|move: Toxic Spikes|[of] p2b: Amoonguss\n|-terastallize|p1b: Ting-Lu|Poison\n|move|p2a: Chien-Pao|Protect|p2a: Chien-Pao\n|-singleturn|p2a: Chien-Pao|Protect\n|move|p1a: Ceruledge|Shadow Sneak|p2b: Amoonguss\n|-damage|p2b: Amoonguss|74\/100\n|move|p1b: Ting-Lu|Heavy Slam|p2a: Chien-Pao\n|-activate|p2a: Chien-Pao|move: Protect\n|\n|upkeep\n|turn|4\n|inactive|RagnaC has 30 seconds left.\n|\n|t:|1681959838\n|switch|p2a: Dragapult|Dragapult, L50, F|11\/100\n|-terastallize|p2b: Amoonguss|Water\n|move|p1a: Ceruledge|Bitter Blade|p2a: Dragapult\n|-resisted|p2a: Dragapult\n|-damage|p2a: Dragapult|0 fnt\n|faint|p2a: Dragapult\n|move|p1b: Ting-Lu|Fissure|p2b: Amoonguss|[miss]\n|-miss|p1b: Ting-Lu|p2b: Amoonguss\n|move|p2b: Amoonguss|Spore|p1b: Ting-Lu\n|-status|p1b: Ting-Lu|slp|[from] move: Spore\n|\n|upkeep\n|\n|t:|1681959854\n|switch|p2a: Chien-Pao|Chien-Pao, L50|100\/100\n|-ability|p2a: Chien-Pao|Sword of Ruin\n|turn|5\n|\n|t:|1681959863\n|move|p2a: Chien-Pao|Protect|p2a: Chien-Pao\n|-singleturn|p2a: Chien-Pao|Protect\n|move|p1a: Ceruledge|Bitter Blade|p2a: Chien-Pao\n|-activate|p2a: Chien-Pao|move: Protect\n|cant|p1b: Ting-Lu|slp\n|move|p2b: Amoonguss|Spore|p1a: Ceruledge\n|-status|p1a: Ceruledge|slp|[from] move: Spore\n|\n|upkeep\n|turn|6\n|\n|t:|1681959877\n|cant|p1a: Ceruledge|slp\n|move|p2b: Amoonguss|Rage Powder|p2b: Amoonguss\n|-singleturn|p2b: Amoonguss|move: Rage Powder\n|move|p2a: Chien-Pao|Ice Spinner|p1b: Ting-Lu\n|-damage|p1b: Ting-Lu|74\/100 slp\n|cant|p1b: Ting-Lu|slp\n|\n|upkeep\n|turn|7\n|\n|t:|1681959889\n|move|p2b: Amoonguss|Rage Powder|p2b: Amoonguss\n|-singleturn|p2b: Amoonguss|move: Rage Powder\n|move|p2a: Chien-Pao|Ice Spinner|p1b: Ting-Lu\n|-damage|p1b: Ting-Lu|43\/100 slp\n|cant|p1a: Ceruledge|slp\n|-curestatus|p1b: Ting-Lu|slp|[msg]\n|move|p1b: Ting-Lu|Fissure|p2b: Amoonguss|[miss]\n|-miss|p1b: Ting-Lu|p2b: Amoonguss\n|\n|upkeep\n|turn|8\n|\n|t:|1681959901\n|move|p2a: Chien-Pao|Protect|p2a: Chien-Pao\n|-singleturn|p2a: Chien-Pao|Protect\n|cant|p1a: Ceruledge|slp\n|move|p1b: Ting-Lu|Heavy Slam|p2a: Chien-Pao\n|-activate|p2a: Chien-Pao|move: Protect\n|move|p2b: Amoonguss|Spore|p1b: Ting-Lu\n|-status|p1b: Ting-Lu|slp|[from] move: Spore\n|\n|upkeep\n|turn|9\n|\n|t:|1681959919\n|move|p2b: Amoonguss|Rage Powder|p2b: Amoonguss\n|-singleturn|p2b: Amoonguss|move: Rage Powder\n|move|p2a: Chien-Pao|Ice Spinner|p1b: Ting-Lu\n|-damage|p1b: Ting-Lu|14\/100 slp\n|-curestatus|p1a: Ceruledge|slp|[msg]\n|move|p1a: Ceruledge|Bitter Blade|p2b: Amoonguss\n|-resisted|p2b: Amoonguss\n|-damage|p2b: Amoonguss|44\/100\n|-enditem|p2b: Amoonguss|Sitrus Berry|[eat]\n|-heal|p2b: Amoonguss|69\/100|[from] item: Sitrus Berry\n|cant|p1b: Ting-Lu|slp\n|\n|upkeep\n|turn|10\n|\n|t:|1681959931\n|move|p2b: Amoonguss|Rage Powder|p2b: Amoonguss\n|-singleturn|p2b: Amoonguss|move: Rage Powder\n|move|p2a: Chien-Pao|Ice Spinner|p1b: Ting-Lu\n|-damage|p1b: Ting-Lu|0 fnt\n|faint|p1b: Ting-Lu\n|move|p1a: Ceruledge|Bitter Blade|p2b: Amoonguss\n|-resisted|p2b: Amoonguss\n|-damage|p2b: Amoonguss|42\/100\n|\n|upkeep\n|turn|11\n|c|\u2606RagnaC|gg\n|-message|RagnaC forfeited.\n|\n|win|Miggle SoCal\n|c|\u2606Miggle SoCal|gg wp\n","uploadtime":1681960005,"views":9,"p1id":"ragnac","p2id":"migglesocal","formatid":"gen9vgc2023regulationc","rating":0,"private":0,"password":""}