{"id":"gen9vgc2023regulationc-1862477594","p1":"Unga Unga vgc","p2":"Karajony","format":"[Gen 9] VGC 2023 Regulation C","log":"|j|\u2606Unga Unga vgc\n|j|\u2606Karajony\n|t:|1683891968\n|gametype|doubles\n|player|p1|Unga Unga vgc|265|1359\n|player|p2|Karajony|worker-gen4|1251\n|teamsize|p1|6\n|teamsize|p2|6\n|gen|9\n|tier|[Gen 9] VGC 2023 Regulation C\n|rated|\n|rule|Species Clause: Limit one of each Pok\u00e9mon\n|rule|Item Clause: Limit one of each item\n|clearpoke\n|poke|p1|Tatsugiri, L50, M|\n|poke|p1|Gothitelle, L50, F|\n|poke|p1|Flutter Mane, L50|\n|poke|p1|Dondozo, L50, M|\n|poke|p1|Pawmot, L50, F|\n|poke|p1|Chi-Yu, L50|\n|poke|p2|Baxcalibur, L50, F|\n|poke|p2|Corviknight, L50, M|\n|poke|p2|Iron Hands, L50|\n|poke|p2|Arcanine, L50, F|\n|poke|p2|Chi-Yu, L50|\n|poke|p2|Flutter Mane, L50|\n|teampreview|4\n|inactive|Battle timer is ON: inactive players will automatically lose when time's up. (requested by Karajony)\n|inactive|Karajony has 60 seconds left.\n|\n|t:|1683892006\n|start\n|switch|p1a: Lust|Flutter Mane, L50|100\/100\n|switch|p1b: Chi-Yu|Chi-Yu, L50|100\/100\n|switch|p2a: Flutter Mane|Flutter Mane, L50|100\/100\n|switch|p2b: Chi-Yu|Chi-Yu, L50|100\/100\n|-ability|p1b: Chi-Yu|Beads of Ruin\n|-ability|p2b: Chi-Yu|Beads of Ruin\n|-enditem|p1a: Lust|Booster Energy\n|-activate|p1a: Lust|ability: Protosynthesis|[fromitem]\n|-start|p1a: Lust|protosynthesisspe\n|-enditem|p2a: Flutter Mane|Booster Energy\n|-activate|p2a: Flutter Mane|ability: Protosynthesis|[fromitem]\n|-start|p2a: Flutter Mane|protosynthesisspe\n|turn|1\n|inactive|Karajony has 30 seconds left.\n|\n|t:|1683892038\n|-terastallize|p1a: Lust|Water\n|-terastallize|p2b: Chi-Yu|Water\n|move|p2a: Flutter Mane|Protect|p2a: Flutter Mane\n|-singleturn|p2a: Flutter Mane|Protect\n|move|p1b: Chi-Yu|Protect|p1b: Chi-Yu\n|-singleturn|p1b: Chi-Yu|Protect\n|move|p1a: Lust|Icy Wind|p2b: Chi-Yu|[spread] p2b\n|-activate|p2a: Flutter Mane|move: Protect\n|-resisted|p2b: Chi-Yu\n|-damage|p2b: Chi-Yu|92\/100\n|-unboost|p2b: Chi-Yu|spe|1\n|move|p2b: Chi-Yu|Nasty Plot|p2b: Chi-Yu\n|-boost|p2b: Chi-Yu|spa|2\n|\n|upkeep\n|turn|2\n|inactive|Unga Unga vgc has 30 seconds left.\n|inactive|Karajony has 30 seconds left.\n|inactive|Karajony has 20 seconds left.\n|\n|t:|1683892074\n|move|p1a: Lust|Moonblast|p2b: Chi-Yu\n|-damage|p2b: Chi-Yu|33\/100\n|move|p2a: Flutter Mane|Dazzling Gleam|p1b: Chi-Yu|[spread] p1a,p1b\n|-damage|p1a: Lust|57\/100\n|-damage|p1b: Chi-Yu|66\/100\n|move|p1b: Chi-Yu|Heat Wave|p2a: Flutter Mane|[spread] p2a,p2b\n|-resisted|p2b: Chi-Yu\n|-damage|p2a: Flutter Mane|45\/100\n|-damage|p2b: Chi-Yu|6\/100\n|-damage|p1b: Chi-Yu|56\/100|[from] item: Life Orb\n|move|p2b: Chi-Yu|Heat Wave|p1b: Chi-Yu|[spread] p1a,p1b\n|-resisted|p1a: Lust\n|-resisted|p1b: Chi-Yu\n|-crit|p1b: Chi-Yu\n|-damage|p1a: Lust|0 fnt\n|-damage|p1b: Chi-Yu|0 fnt\n|faint|p1a: Lust\n|-end|p1a: Lust|Protosynthesis|[silent]\n|faint|p1b: Chi-Yu\n|-damage|p2b: Chi-Yu|0 fnt|[from] item: Life Orb\n|faint|p2b: Chi-Yu\n|\n|upkeep\n|\n|t:|1683892093\n|switch|p1a: Envy|Tatsugiri, L50, M|100\/100\n|switch|p1b: Gluttony|Dondozo, L50, M|100\/100\n|switch|p2b: Iron Hands|Iron Hands, L50|100\/100\n|-activate|p1a: Envy|ability: Commander|[of] p1b: Gluttony\n|-boost|p1b: Gluttony|atk|2\n|-boost|p1b: Gluttony|spa|2\n|-boost|p1b: Gluttony|spe|2\n|-boost|p1b: Gluttony|def|2\n|-boost|p1b: Gluttony|spd|2\n|turn|3\n|inactive|Unga Unga vgc has 30 seconds left.\n|\n|t:|1683892120\n|move|p1b: Gluttony|Protect|p1b: Gluttony\n|-singleturn|p1b: Gluttony|Protect\n|move|p2b: Iron Hands|Fake Out|p1b: Gluttony\n|-activate|p1b: Gluttony|move: Protect\n|move|p2a: Flutter Mane|Substitute|p2a: Flutter Mane\n|-start|p2a: Flutter Mane|Substitute\n|-damage|p2a: Flutter Mane|20\/100\n|\n|upkeep\n|turn|4\n|\n|t:|1683892132\n|move|p2a: Flutter Mane|Dazzling Gleam|p1b: Gluttony|[spread] p1b\n|-miss|p2a: Flutter Mane|p1a: Envy\n|-damage|p1b: Gluttony|83\/100\n|move|p1b: Gluttony|Earthquake|p2b: Iron Hands|[spread] p2a,p2b\n|-miss|p1b: Gluttony|p1a: Envy\n|-end|p2a: Flutter Mane|Substitute\n|-supereffective|p2b: Iron Hands\n|-damage|p2b: Iron Hands|40\/100\n|move|p2b: Iron Hands|Wild Charge|p1b: Gluttony\n|-supereffective|p1b: Gluttony\n|-damage|p1b: Gluttony|46\/100\n|-damage|p2b: Iron Hands|31\/100|[from] Recoil\n|\n|-heal|p1b: Gluttony|52\/100|[from] item: Leftovers\n|upkeep\n|turn|5\n|inactive|Unga Unga vgc has 30 seconds left.\n|inactive|Karajony has 30 seconds left.\n|inactive|Unga Unga vgc has 20 seconds left.\n|inactive|Karajony has 20 seconds left.\n|inactive|Unga Unga vgc has 15 seconds left.\n|inactive|Karajony has 15 seconds left.\n|inactive|Unga Unga vgc has 10 seconds left.\n|inactive|Karajony has 10 seconds left.\n|inactive|Unga Unga vgc has 5 seconds left.\n|inactive|Karajony has 5 seconds left.\n|\n|t:|1683892187\n|move|p2a: Flutter Mane|Shadow Ball|p1b: Gluttony\n|-damage|p1b: Gluttony|28\/100\n|move|p1b: Gluttony|Wave Crash|p2b: Iron Hands\n|-damage|p2b: Iron Hands|0 fnt\n|faint|p2b: Iron Hands\n|-end|p2b: Iron Hands|Quark Drive|[silent]\n|-damage|p1b: Gluttony|17\/100|[from] Recoil\n|\n|-heal|p1b: Gluttony|23\/100|[from] item: Leftovers\n|upkeep\n|\n|t:|1683892197\n|switch|p2b: Baxcalibur|Baxcalibur, L50, F|100\/100\n|turn|6\n|\n|t:|1683892211\n|move|p1b: Gluttony|Protect|p1b: Gluttony\n|-singleturn|p1b: Gluttony|Protect\n|move|p2b: Baxcalibur|Ice Shard|p1b: Gluttony\n|-activate|p1b: Gluttony|move: Protect\n|move|p2a: Flutter Mane|Shadow Ball|p1b: Gluttony\n|-activate|p1b: Gluttony|move: Protect\n|\n|-heal|p1b: Gluttony|30\/100|[from] item: Leftovers\n|upkeep\n|turn|7\n|\n|t:|1683892225\n|move|p2a: Flutter Mane|Protect|p2a: Flutter Mane\n|-singleturn|p2a: Flutter Mane|Protect\n|move|p1b: Gluttony|Earthquake|p2b: Baxcalibur|[spread] p2b\n|-miss|p1b: Gluttony|p1a: Envy\n|-activate|p2a: Flutter Mane|move: Protect\n|-damage|p2b: Baxcalibur|61\/100\n|move|p2b: Baxcalibur|Glaive Rush|p1b: Gluttony\n|-damage|p1b: Gluttony|7\/100\n|-singlemove|p2b: Baxcalibur|Glaive Rush|[silent]\n|\n|-heal|p1b: Gluttony|13\/100|[from] item: Leftovers\n|upkeep\n|turn|8\n|\n|t:|1683892248\n|move|p1b: Gluttony|Protect|p1b: Gluttony\n|-singleturn|p1b: Gluttony|Protect\n|move|p2a: Flutter Mane|Shadow Ball|p1b: Gluttony\n|-activate|p1b: Gluttony|move: Protect\n|move|p2b: Baxcalibur|Glaive Rush|p1b: Gluttony\n|-activate|p1b: Gluttony|move: Protect\n|\n|-heal|p1b: Gluttony|19\/100|[from] item: Leftovers\n|upkeep\n|turn|9\n|\n|t:|1683892272\n|move|p1b: Gluttony|Protect||[still]\n|-fail|p1b: Gluttony\n|move|p2a: Flutter Mane|Shadow Ball|p1b: Gluttony\n|-damage|p1b: Gluttony|0 fnt\n|faint|p1b: Gluttony\n|move|p2b: Baxcalibur|Glaive Rush|p1a: Envy\n|-supereffective|p1a: Envy\n|-damage|p1a: Envy|0 fnt\n|-singlemove|p2b: Baxcalibur|Glaive Rush|[silent]\n|faint|p1a: Envy\n|\n|win|Karajony\n|raw|Unga Unga vgc's rating: 1334 → 1309<\/strong> (-25 for losing)\n|raw|Karajony's rating: 1251 → 1282<\/strong> (+31 for winning)\n|l|\u2606Unga Unga vgc\n","uploadtime":1683892318,"views":12,"p1id":"ungaungavgc","p2id":"karajony","formatid":"gen9vgc2023regulationc","rating":1282,"private":0,"password":""}