{"id":"gen9vgc2023regulationc-1854747235","p1":"Yuni Sensei","p2":"Giuliotrobb","format":"[Gen 9] VGC 2023 Regulation C","log":"|j|\u2606Yuni Sensei\n|j|\u2606Giuliotrobb\n|t:|1682860703\n|gametype|doubles\n|player|p1|Yuni Sensei|ninjaboy|1424\n|player|p2|Giuliotrobb|roughneck-gen4|1565\n|teamsize|p1|6\n|teamsize|p2|6\n|gen|9\n|tier|[Gen 9] VGC 2023 Regulation C\n|rated|\n|rule|Species Clause: Limit one of each Pok\u00e9mon\n|rule|Item Clause: Limit one of each item\n|clearpoke\n|poke|p1|Annihilape, L50, M|\n|poke|p1|Maushold, L50|\n|poke|p1|Talonflame, L50, M|\n|poke|p1|Ting-Lu, L50|\n|poke|p1|Gyarados, L50, M|\n|poke|p1|Amoonguss, L50, F|\n|poke|p2|Pelipper, L50, F|\n|poke|p2|Gholdengo, L50|\n|poke|p2|Palafin, L50, M|\n|poke|p2|Chien-Pao, L50|\n|poke|p2|Iron Hands, L50|\n|poke|p2|Amoonguss, L50, F|\n|teampreview|4\n|inactive|Battle timer is ON: inactive players will automatically lose when time's up. (requested by Yuni Sensei)\n|inactive|Giuliotrobb has 60 seconds left.\n|\n|t:|1682860788\n|start\n|switch|p1a: Gyarados|Gyarados, L50, M|100\/100\n|switch|p1b: Annihilape|Annihilape, L50, M|100\/100\n|switch|p2a: Gholdengo|Gholdengo, L50|100\/100\n|switch|p2b: Palafin|Palafin, L50, M|100\/100\n|-ability|p1a: Gyarados|Intimidate|boost\n|-unboost|p2a: Gholdengo|atk|1\n|-unboost|p2b: Palafin|atk|1\n|turn|1\n|inactive|Yuni Sensei has 30 seconds left.\n|inactive|Giuliotrobb has 30 seconds left.\n|\n|t:|1682860818\n|detailschange|p2b: Palafin|Palafin-Hero, L50, M\n|switch|p2b: Iron Hands|Iron Hands, L50|100\/100\n|switch|p1a: Maushold|Maushold, L50|100\/100\n|move|p1b: Annihilape|Bulk Up|p1b: Annihilape\n|-boost|p1b: Annihilape|atk|1\n|-boost|p1b: Annihilape|def|1\n|move|p2a: Gholdengo|Nasty Plot|p2a: Gholdengo\n|-boost|p2a: Gholdengo|spa|2\n|\n|upkeep\n|turn|2\n|inactive|Yuni Sensei has 30 seconds left.\n|inactive|Giuliotrobb has 30 seconds left.\n|inactive|Yuni Sensei has 20 seconds left.\n|inactive|Yuni Sensei has 15 seconds left.\n|\n|t:|1682860861\n|-terastallize|p2a: Gholdengo|Water\n|move|p1a: Maushold|Protect|p1a: Maushold\n|-singleturn|p1a: Maushold|Protect\n|move|p1b: Annihilape|Protect|p1b: Annihilape\n|-singleturn|p1b: Annihilape|Protect\n|move|p2b: Iron Hands|Fake Out|p1a: Maushold\n|-activate|p1a: Maushold|move: Protect\n|move|p2a: Gholdengo|Shadow Ball|p1b: Annihilape\n|-activate|p1b: Annihilape|move: Protect\n|\n|upkeep\n|turn|3\n|\n|t:|1682860886\n|-terastallize|p1b: Annihilape|Water\n|move|p1a: Maushold|Super Fang|p2a: Gholdengo\n|-damage|p2a: Gholdengo|50\/100\n|move|p1b: Annihilape|Bulk Up|p1b: Annihilape\n|-boost|p1b: Annihilape|atk|1\n|-boost|p1b: Annihilape|def|1\n|move|p2a: Gholdengo|Make It Rain|p1a: Maushold|[spread] p1a,p1b\n|-resisted|p1b: Annihilape\n|-damage|p1a: Maushold|9\/100\n|-damage|p1b: Annihilape|73\/100\n|-unboost|p2a: Gholdengo|spa|1\n|move|p2b: Iron Hands|Wild Charge|p1b: Annihilape\n|-supereffective|p1b: Annihilape\n|-damage|p1b: Annihilape|36\/100\n|-damage|p2b: Iron Hands|92\/100|[from] Recoil\n|\n|-heal|p1b: Annihilape|42\/100|[from] item: Leftovers\n|-heal|p2a: Gholdengo|57\/100|[from] item: Leftovers\n|upkeep\n|turn|4\n|inactive|Yuni Sensei has 30 seconds left.\n|\n|t:|1682860913\n|move|p2a: Gholdengo|Protect|p2a: Gholdengo\n|-singleturn|p2a: Gholdengo|Protect\n|move|p1a: Maushold|Super Fang|p2b: Iron Hands\n|-damage|p2b: Iron Hands|46\/100\n|move|p1b: Annihilape|Drain Punch|p2a: Gholdengo\n|-activate|p2a: Gholdengo|move: Protect\n|move|p2b: Iron Hands|Volt Switch|p1b: Annihilape\n|-supereffective|p1b: Annihilape\n|-damage|p1b: Annihilape|25\/100\n|\n|t:|1682860922\n|-end|p2b: Iron Hands|Quark Drive|[silent]\n|switch|p2b: Palafin|Palafin-Hero, L50, M|100\/100|[from] Volt Switch\n|-activate|p2b: Palafin|ability: Zero to Hero\n|\n|-heal|p1b: Annihilape|31\/100|[from] item: Leftovers\n|-heal|p2a: Gholdengo|63\/100|[from] item: Leftovers\n|upkeep\n|turn|5\n|inactive|Giuliotrobb has 30 seconds left.\n|\n|t:|1682860952\n|move|p1a: Maushold|Protect|p1a: Maushold\n|-singleturn|p1a: Maushold|Protect\n|move|p1b: Annihilape|Protect|p1b: Annihilape\n|-singleturn|p1b: Annihilape|Protect\n|move|p2b: Palafin|Wave Crash|p1b: Annihilape\n|-activate|p1b: Annihilape|move: Protect\n|move|p2a: Gholdengo|Make It Rain|p1b: Annihilape|[spread] \n|-activate|p1a: Maushold|move: Protect\n|-activate|p1b: Annihilape|move: Protect\n|\n|-heal|p1b: Annihilape|37\/100|[from] item: Leftovers\n|-heal|p2a: Gholdengo|69\/100|[from] item: Leftovers\n|upkeep\n|turn|6\n|inactive|Yuni Sensei has 30 seconds left.\n|inactive|Giuliotrobb has 30 seconds left.\n|inactive|Giuliotrobb has 20 seconds left.\n|\n|t:|1682860992\n|switch|p1a: Gyarados|Gyarados, L50, M|100\/100\n|-ability|p1a: Gyarados|Intimidate|boost\n|-unboost|p2a: Gholdengo|atk|1\n|-unboost|p2b: Palafin|atk|1\n|move|p2a: Gholdengo|Protect|p2a: Gholdengo\n|-singleturn|p2a: Gholdengo|Protect\n|move|p2b: Palafin|Jet Punch|p1a: Gyarados\n|-resisted|p1a: Gyarados\n|-damage|p1a: Gyarados|87\/100\n|move|p1b: Annihilape|Drain Punch|p2b: Palafin\n|-damage|p2b: Palafin|37\/100\n|-heal|p1b: Annihilape|69\/100|[from] drain|[of] p2b: Palafin\n|\n|-heal|p1b: Annihilape|75\/100|[from] item: Leftovers\n|-heal|p2a: Gholdengo|75\/100|[from] item: Leftovers\n|upkeep\n|turn|7\n|inactive|Giuliotrobb has 30 seconds left.\n|\n|t:|1682861017\n|switch|p1a: Maushold|Maushold, L50|9\/100\n|move|p1b: Annihilape|Drain Punch|p2a: Gholdengo\n|-damage|p2a: Gholdengo|14\/100\n|-heal|p1b: Annihilape|100\/100|[from] drain|[of] p2a: Gholdengo\n|move|p2b: Palafin|Wave Crash|p1b: Annihilape\n|-resisted|p1b: Annihilape\n|-damage|p1b: Annihilape|89\/100\n|-damage|p2b: Palafin|33\/100|[from] Recoil\n|move|p2a: Gholdengo|Shadow Ball|p1b: Annihilape\n|-damage|p1b: Annihilape|48\/100\n|\n|-heal|p1b: Annihilape|54\/100|[from] item: Leftovers\n|-heal|p2a: Gholdengo|20\/100|[from] item: Leftovers\n|upkeep\n|turn|8\n|\n|t:|1682861041\n|switch|p1a: Gyarados|Gyarados, L50, M|87\/100\n|-ability|p1a: Gyarados|Intimidate|boost\n|-unboost|p2a: Gholdengo|atk|1\n|-unboost|p2b: Palafin|atk|1\n|move|p2a: Gholdengo|Protect|p2a: Gholdengo\n|-singleturn|p2a: Gholdengo|Protect\n|move|p1b: Annihilape|Drain Punch|p2a: Gholdengo\n|-activate|p2a: Gholdengo|move: Protect\n|move|p2b: Palafin|Haze|p2b: Palafin\n|-clearallboost\n|\n|-heal|p1b: Annihilape|61\/100|[from] item: Leftovers\n|-heal|p2a: Gholdengo|27\/100|[from] item: Leftovers\n|upkeep\n|turn|9\n|\n|t:|1682861064\n|move|p1a: Gyarados|Helping Hand|p1b: Annihilape\n|-singleturn|p1b: Annihilape|Helping Hand|[of] p1a: Gyarados\n|move|p1b: Annihilape|Drain Punch|p2a: Gholdengo\n|-damage|p2a: Gholdengo|0 fnt\n|-heal|p1b: Annihilape|73\/100|[from] drain|[of] p2a: Gholdengo\n|faint|p2a: Gholdengo\n|move|p2b: Palafin|Wave Crash|p1b: Annihilape\n|-resisted|p1b: Annihilape\n|-damage|p1b: Annihilape|24\/100\n|-damage|p2b: Palafin|16\/100|[from] Recoil\n|\n|-heal|p1b: Annihilape|30\/100|[from] item: Leftovers\n|upkeep\n|\n|t:|1682861074\n|switch|p2a: Iron Hands|Iron Hands, L50|46\/100\n|turn|10\n|\n|t:|1682861092\n|switch|p1a: Maushold|Maushold, L50|9\/100\n|move|p1b: Annihilape|Protect|p1b: Annihilape\n|-singleturn|p1b: Annihilape|Protect\n|move|p2b: Palafin|Protect|p2b: Palafin\n|-singleturn|p2b: Palafin|Protect\n|move|p2a: Iron Hands|Wild Charge|p1a: Maushold\n|-damage|p1a: Maushold|0 fnt\n|faint|p1a: Maushold\n|-damage|p2a: Iron Hands|45\/100|[from] Recoil\n|\n|-heal|p1b: Annihilape|36\/100|[from] item: Leftovers\n|upkeep\n|\n|t:|1682861107\n|switch|p1a: Gyarados|Gyarados, L50, M|87\/100\n|-ability|p1a: Gyarados|Intimidate|boost\n|-unboost|p2a: Iron Hands|atk|1\n|-unboost|p2b: Palafin|atk|1\n|turn|11\n|\n|t:|1682861114\n|-end|p2a: Iron Hands|Quark Drive|[silent]\n|switch|p2a: Amoonguss|Amoonguss, L50, F|100\/100\n|move|p2b: Palafin|Protect||[still]\n|-fail|p2b: Palafin\n|move|p1b: Annihilape|Drain Punch|p2a: Amoonguss\n|-resisted|p2a: Amoonguss\n|-damage|p2a: Amoonguss|85\/100\n|-heal|p1b: Annihilape|44\/100|[from] drain|[of] p2a: Amoonguss\n|move|p1a: Gyarados|Waterfall|p2a: Amoonguss\n|-resisted|p2a: Amoonguss\n|-damage|p2a: Amoonguss|72\/100\n|\n|-heal|p1b: Annihilape|50\/100|[from] item: Leftovers\n|upkeep\n|turn|12\n|\n|t:|1682861132\n|switch|p2b: Iron Hands|Iron Hands, L50|45\/100\n|move|p1b: Annihilape|Protect|p1b: Annihilape\n|-singleturn|p1b: Annihilape|Protect\n|move|p1a: Gyarados|Waterfall|p2b: Iron Hands\n|-damage|p2b: Iron Hands|21\/100\n|move|p2a: Amoonguss|Leaf Storm|p1b: Annihilape\n|-activate|p1b: Annihilape|move: Protect\n|\n|-heal|p1b: Annihilape|57\/100|[from] item: Leftovers\n|upkeep\n|turn|13\n|inactive|Giuliotrobb has 30 seconds left.\n|inactive|Giuliotrobb has 20 seconds left.\n|\n|t:|1682861168\n|move|p2b: Iron Hands|Fake Out|p1a: Gyarados\n|-damage|p1a: Gyarados|73\/100\n|move|p1b: Annihilape|Drain Punch|p2b: Iron Hands\n|-damage|p2b: Iron Hands|0 fnt\n|-heal|p1b: Annihilape|69\/100|[from] drain|[of] p2b: Iron Hands\n|faint|p2b: Iron Hands\n|-end|p2b: Iron Hands|Quark Drive|[silent]\n|cant|p1a: Gyarados|flinch\n|move|p2a: Amoonguss|Spore|p1b: Annihilape\n|-status|p1b: Annihilape|slp|[from] move: Spore\n|\n|-heal|p1b: Annihilape|75\/100 slp|[from] item: Leftovers\n|upkeep\n|\n|t:|1682861173\n|switch|p2b: Palafin|Palafin-Hero, L50, M|16\/100\n|turn|14\n|\n|t:|1682861187\n|switch|p1a: Ting-Lu|Ting-Lu, L50|100\/100\n|-ability|p1a: Ting-Lu|Vessel of Ruin\n|move|p2b: Palafin|Jet Punch|p1a: Ting-Lu\n|-supereffective|p1a: Ting-Lu\n|-damage|p1a: Ting-Lu|36\/100\n|cant|p1b: Annihilape|slp\n|move|p2a: Amoonguss|Pollen Puff|p2b: Palafin\n|-heal|p2b: Palafin|66\/100\n|\n|-heal|p1b: Annihilape|81\/100 slp|[from] item: Leftovers\n|upkeep\n|turn|15\n|\n|t:|1682861206\n|cant|p1b: Annihilape|slp\n|move|p2b: Palafin|Wave Crash|p1b: Annihilape\n|-resisted|p1b: Annihilape\n|-damage|p1b: Annihilape|35\/100 slp\n|-damage|p2b: Palafin|51\/100|[from] Recoil\n|move|p1a: Ting-Lu|Rock Slide|p2a: Amoonguss|[spread] p2a,p2b\n|-damage|p2a: Amoonguss|50\/100\n|-damage|p2b: Palafin|24\/100\n|-enditem|p2a: Amoonguss|Sitrus Berry|[eat]\n|-heal|p2a: Amoonguss|74\/100|[from] item: Sitrus Berry\n|cant|p2a: Amoonguss|flinch\n|\n|-heal|p1b: Annihilape|41\/100 slp|[from] item: Leftovers\n|upkeep\n|turn|16\n|inactive|Giuliotrobb has 30 seconds left.\n|inactive|Giuliotrobb has 20 seconds left.\n|inactive|Yuni Sensei has 30 seconds left.\n|inactive|Giuliotrobb has 15 seconds left.\n|inactive|Giuliotrobb has 10 seconds left.\n|\n|t:|1682861252\n|switch|p1a: Gyarados|Gyarados, L50, M|73\/100\n|-ability|p1a: Gyarados|Intimidate|boost\n|-unboost|p2a: Amoonguss|atk|1\n|-unboost|p2b: Palafin|atk|1\n|move|p2b: Palafin|Jet Punch|p1a: Gyarados\n|-resisted|p1a: Gyarados\n|-damage|p1a: Gyarados|58\/100\n|-curestatus|p1b: Annihilape|slp|[msg]\n|move|p1b: Annihilape|Rage Fist|p2b: Palafin\n|-damage|p2b: Palafin|0 fnt\n|faint|p2b: Palafin\n|move|p2a: Amoonguss|Leaf Storm|p1b: Annihilape\n|-supereffective|p1b: Annihilape\n|-damage|p1b: Annihilape|0 fnt\n|-unboost|p2a: Amoonguss|spa|2\n|faint|p1b: Annihilape\n|\n|upkeep\n|\n|t:|1682861266\n|switch|p1b: Ting-Lu|Ting-Lu, L50|36\/100\n|-ability|p1b: Ting-Lu|Vessel of Ruin\n|turn|17\n|\n|t:|1682861275\n|move|p1a: Gyarados|Thunder Wave|p2a: Amoonguss\n|-status|p2a: Amoonguss|par\n|move|p1b: Ting-Lu|Earthquake|p2a: Amoonguss|[spread] p2a\n|-immune|p1a: Gyarados\n|-damage|p2a: Amoonguss|28\/100 par\n|move|p2a: Amoonguss|Spore|p1a: Gyarados\n|-status|p1a: Gyarados|slp|[from] move: Spore\n|\n|upkeep\n|turn|18\n|\n|t:|1682861286\n|cant|p1a: Gyarados|slp\n|move|p1b: Ting-Lu|Earthquake|p2a: Amoonguss|[spread] p2a\n|-immune|p1a: Gyarados\n|-damage|p2a: Amoonguss|0 fnt\n|faint|p2a: Amoonguss\n|\n|win|Yuni Sensei\n|raw|Yuni Sensei's rating: 1424 → 1452<\/strong> (+28 for winning)\n|raw|Giuliotrobb's rating: 1565 → 1537<\/strong> (-28 for losing)\n|l|\u2606Giuliotrobb\n","uploadtime":1682861307,"views":13,"p1id":"yunisensei","p2id":"giuliotrobb","formatid":"gen9vgc2023regulationc","rating":1452,"private":0,"password":""}