{"id":"gen9vgc2023regulationc-1856816897","p1":"StevyPKM","p2":"Tony2810","format":"[Gen 9] VGC 2023 Regulation C","log":"|j|\u2606StevyPKM\n|j|\u2606Tony2810\n|t:|1683115421\n|gametype|doubles\n|player|p1|StevyPKM|hilbert|1031\n|player|p2|Tony2810|iris-gen5bw2|1085\n|teamsize|p1|6\n|teamsize|p2|6\n|gen|9\n|tier|[Gen 9] VGC 2023 Regulation C\n|rated|\n|rule|Species Clause: Limit one of each Pok\u00e9mon\n|rule|Item Clause: Limit one of each item\n|clearpoke\n|poke|p1|Amoonguss, L50, M|\n|poke|p1|Skeledirge, L50, M|\n|poke|p1|Gyarados, L50, F|\n|poke|p1|Corviknight, L50, M|\n|poke|p1|Flutter Mane, L50|\n|poke|p1|Baxcalibur, L50, F|\n|poke|p2|Pincurchin, L50, F|\n|poke|p2|Luxray, L50, M|\n|poke|p2|Iron Valiant, L50|\n|poke|p2|Rotom-Wash, L50|\n|poke|p2|Electrode, L50|\n|poke|p2|Iron Thorns, L50|\n|teampreview|4\n|inactive|Battle timer is ON: inactive players will automatically lose when time's up. (requested by StevyPKM)\n|\n|t:|1683115449\n|start\n|switch|p1a: Baxcalibur|Baxcalibur, L50, F|100\/100\n|switch|p1b: Corviknight|Corviknight, L50, M|100\/100\n|switch|p2a: Pincurchin|Pincurchin, L50, F|100\/100\n|switch|p2b: Iron Valiant|Iron Valiant, L50|100\/100\n|-ability|p1b: Corviknight|Unnerve\n|-fieldstart|move: Electric Terrain|[from] ability: Electric Surge|[of] p2a: Pincurchin\n|-activate|p2b: Iron Valiant|ability: Quark Drive\n|-start|p2b: Iron Valiant|quarkdrivespe\n|turn|1\n|\n|t:|1683115470\n|-terastallize|p2b: Iron Valiant|Electric\n|move|p2b: Iron Valiant|Thunder Punch|p1b: Corviknight\n|-supereffective|p1b: Corviknight\n|-damage|p1b: Corviknight|13\/100\n|-damage|p2b: Iron Valiant|91\/100|[from] item: Life Orb\n|move|p1a: Baxcalibur|Swords Dance|p1a: Baxcalibur\n|-boost|p1a: Baxcalibur|atk|2\n|move|p1b: Corviknight|Tailwind|p1b: Corviknight\n|-sidestart|p1: StevyPKM|move: Tailwind\n|move|p2a: Pincurchin|Thunder Wave|p1a: Baxcalibur\n|-status|p1a: Baxcalibur|par\n|\n|-heal|p1b: Corviknight|19\/100|[from] item: Leftovers\n|upkeep\n|turn|2\n|\n|t:|1683115494\n|move|p2b: Iron Valiant|Close Combat|p1a: Baxcalibur\n|-supereffective|p1a: Baxcalibur\n|-damage|p1a: Baxcalibur|0 fnt\n|-unboost|p2b: Iron Valiant|def|1\n|-unboost|p2b: Iron Valiant|spd|1\n|faint|p1a: Baxcalibur\n|-damage|p2b: Iron Valiant|82\/100|[from] item: Life Orb\n|move|p1b: Corviknight|Body Press|p2b: Iron Valiant\n|-damage|p2b: Iron Valiant|36\/100\n|move|p2a: Pincurchin|Wild Charge|p1b: Corviknight\n|-supereffective|p1b: Corviknight\n|-damage|p1b: Corviknight|0 fnt\n|faint|p1b: Corviknight\n|-damage|p2a: Pincurchin|94\/100|[from] Recoil\n|\n|upkeep\n|\n|t:|1683115507\n|switch|p1a: Amoonguss|Amoonguss, L50, M|100\/100\n|switch|p1b: Skeledirge|Skeledirge, L50, M|100\/100\n|turn|3\n|\n|t:|1683115519\n|move|p2b: Iron Valiant|Protect|p2b: Iron Valiant\n|-singleturn|p2b: Iron Valiant|Protect\n|move|p1a: Amoonguss|Rage Powder|p1a: Amoonguss\n|-singleturn|p1a: Amoonguss|move: Rage Powder\n|move|p1b: Skeledirge|Torch Song|p2b: Iron Valiant\n|-activate|p2b: Iron Valiant|move: Protect\n|move|p2a: Pincurchin|Liquidation|p1a: Amoonguss\n|-resisted|p1a: Amoonguss\n|-damage|p1a: Amoonguss|86\/100\n|\n|upkeep\n|turn|4\n|\n|t:|1683115534\n|move|p1a: Amoonguss|Rage Powder|p1a: Amoonguss\n|-singleturn|p1a: Amoonguss|move: Rage Powder\n|move|p2b: Iron Valiant|Close Combat|p1a: Amoonguss\n|-resisted|p1a: Amoonguss\n|-damage|p1a: Amoonguss|46\/100\n|-unboost|p2b: Iron Valiant|def|1\n|-unboost|p2b: Iron Valiant|spd|1\n|-damage|p2b: Iron Valiant|27\/100|[from] item: Life Orb\n|move|p1b: Skeledirge|Torch Song|p2b: Iron Valiant\n|-damage|p2b: Iron Valiant|0 fnt\n|-boost|p1b: Skeledirge|spa|1\n|faint|p2b: Iron Valiant\n|-end|p2b: Iron Valiant|Quark Drive|[silent]\n|move|p2a: Pincurchin|Thunder Wave|p1a: Amoonguss\n|-status|p1a: Amoonguss|par\n|\n|-sideend|p1: StevyPKM|move: Tailwind\n|upkeep\n|\n|t:|1683115549\n|switch|p2b: MT3|Iron Thorns, L50|100\/100\n|-activate|p2b: MT3|ability: Quark Drive\n|-start|p2b: MT3|quarkdriveatk\n|turn|5\n|\n|t:|1683115571\n|move|p1a: Amoonguss|Protect|p1a: Amoonguss\n|-singleturn|p1a: Amoonguss|Protect\n|move|p2b: MT3|Rock Blast|p1b: Skeledirge\n|-supereffective|p1b: Skeledirge\n|-damage|p1b: Skeledirge|69\/100\n|-supereffective|p1b: Skeledirge\n|-crit|p1b: Skeledirge\n|-damage|p1b: Skeledirge|22\/100\n|-supereffective|p1b: Skeledirge\n|-damage|p1b: Skeledirge|0 fnt\n|faint|p1b: Skeledirge\n|-hitcount|p1: Skeledirge|3\n|move|p2a: Pincurchin|Wild Charge|p1a: Amoonguss\n|-activate|p1a: Amoonguss|move: Protect\n|\n|upkeep\n|turn|6\n|-message|StevyPKM forfeited.\n|\n|win|Tony2810\n|raw|StevyPKM's rating: 1031 → 1019<\/strong> (-12 for losing)\n|raw|Tony2810's rating: 1085 → 1108<\/strong> (+23 for winning)\n|l|\u2606StevyPKM\n","uploadtime":1683115590,"views":10,"p1id":"stevypkm","p2id":"tony2810","formatid":"gen9vgc2023regulationc","rating":1019,"private":0,"password":""}