{"id":"gen9vgc2023regulationc-1850553433","p1":"barberparadox","p2":"Shnipe_Cizy","format":"[Gen 9] VGC 2023 Regulation C","log":"|j|\u2606barberparadox\n|j|\u2606Shnipe_Cizy\n|t:|1682348112\n|gametype|doubles\n|player|p1|barberparadox|101|1288\n|player|p2|Shnipe_Cizy|ghetsis|1286\n|teamsize|p1|6\n|teamsize|p2|6\n|gen|9\n|tier|[Gen 9] VGC 2023 Regulation C\n|rated|\n|rule|Species Clause: Limit one of each Pok\u00e9mon\n|rule|Item Clause: Limit one of each item\n|clearpoke\n|poke|p1|Dragonite, L50, M|\n|poke|p1|Flutter Mane, L50|\n|poke|p1|Farigiraf, L50, M|\n|poke|p1|Lilligant, L50, F|\n|poke|p1|Annihilape, L50, M|\n|poke|p1|Torkoal, L50, M|\n|poke|p2|Scream Tail, L50|\n|poke|p2|Ting-Lu, L50|\n|poke|p2|Flutter Mane, L50|\n|poke|p2|Garganacl, L50, M|\n|poke|p2|Amoonguss, L50, F|\n|poke|p2|Arcanine, L50, F|\n|teampreview|4\nShnipe_Cizy has agreed to open team sheets.\n|\n|t:|1682348148\n|start\n|switch|p1a: SpookyMonkey|Annihilape, L50, M|100\/100\n|switch|p1b: EvilOlive|Farigiraf, L50, M|100\/100\n|switch|p2a: Garganacl|Garganacl, L50, M|100\/100\n|switch|p2b: Scream Tail|Scream Tail, L50|100\/100\n|-enditem|p2b: Scream Tail|Booster Energy\n|-activate|p2b: Scream Tail|ability: Protosynthesis|[fromitem]\n|-start|p2b: Scream Tail|protosynthesisspd\n|turn|1\n|\n|t:|1682348166\n|-end|p2b: Scream Tail|Protosynthesis|[silent]\n|switch|p2b: Ting-Lu|Ting-Lu, L50|100\/100\n|-ability|p2b: Ting-Lu|Vessel of Ruin\n|move|p1a: SpookyMonkey|Bulk Up|p1a: SpookyMonkey\n|-boost|p1a: SpookyMonkey|atk|1\n|-boost|p1a: SpookyMonkey|def|1\n|move|p2a: Garganacl|Salt Cure|p1a: SpookyMonkey\n|-resisted|p1a: SpookyMonkey\n|-damage|p1a: SpookyMonkey|96\/100\n|-start|p1a: SpookyMonkey|Salt Cure\n|move|p1b: EvilOlive|Trick Room|p1b: EvilOlive\n|-fieldstart|move: Trick Room|[of] p1b: EvilOlive\n|\n|-damage|p1a: SpookyMonkey|83\/100|[from] Salt Cure\n|upkeep\n|turn|2\n|\n|t:|1682348193\n|-terastallize|p2a: Garganacl|Ghost\n|-terastallize|p1a: SpookyMonkey|Fighting\n|move|p1b: EvilOlive|Ally Switch|p1b: EvilOlive\n|swap|p1b: EvilOlive|0|[from] move: Ally Switch\n|move|p2a: Garganacl|Salt Cure|p1b: SpookyMonkey\n|-resisted|p1b: SpookyMonkey\n|-damage|p1b: SpookyMonkey|79\/100\n|move|p2b: Ting-Lu|Fissure|p1a: EvilOlive|[miss]\n|-miss|p2b: Ting-Lu|p1a: EvilOlive\n|move|p1b: SpookyMonkey|Drain Punch|p2b: Ting-Lu\n|-supereffective|p2b: Ting-Lu\n|-damage|p2b: Ting-Lu|15\/100\n|-heal|p1b: SpookyMonkey|100\/100|[from] drain|[of] p2b: Ting-Lu\n|\n|-damage|p1b: SpookyMonkey|88\/100|[from] Salt Cure\n|upkeep\n|turn|3\n|\n|t:|1682348231\n|switch|p2b: Scream Tail|Scream Tail, L50|100\/100\n|switch|p1a: NightTrain|Dragonite, L50, M|100\/100\n|move|p2a: Garganacl|Recover||[still]\n|-fail|p2a: Garganacl|heal\n|move|p1b: SpookyMonkey|Drain Punch|p2b: Scream Tail\n|-resisted|p2b: Scream Tail\n|-damage|p2b: Scream Tail|84\/100\n|-heal|p1b: SpookyMonkey|96\/100|[from] drain|[of] p2b: Scream Tail\n|\n|-damage|p1b: SpookyMonkey|84\/100|[from] Salt Cure\n|upkeep\n|turn|4\n|\n|t:|1682348250\n|move|p1a: NightTrain|Helping Hand|p1b: SpookyMonkey\n|-singleturn|p1b: SpookyMonkey|Helping Hand|[of] p1a: NightTrain\n|move|p2a: Garganacl|Protect|p2a: Garganacl\n|-singleturn|p2a: Garganacl|Protect\n|move|p2b: Scream Tail|Protect|p2b: Scream Tail\n|-singleturn|p2b: Scream Tail|Protect\n|move|p1b: SpookyMonkey|Rage Fist|p2a: Garganacl\n|-activate|p2a: Garganacl|move: Protect\n|\n|-damage|p1b: SpookyMonkey|71\/100|[from] Salt Cure\n|upkeep\n|turn|5\n|\n|t:|1682348263\n|move|p2a: Garganacl|Salt Cure|p1a: NightTrain\n|-supereffective|p1a: NightTrain\n|-damage|p1a: NightTrain|86\/100\n|-start|p1a: NightTrain|Salt Cure\n|move|p1b: SpookyMonkey|Rage Fist|p2a: Garganacl\n|-supereffective|p2a: Garganacl\n|-damage|p2a: Garganacl|27\/100\n|move|p1a: NightTrain|Tailwind|p1a: NightTrain\n|-sidestart|p1: barberparadox|move: Tailwind\n|move|p2b: Scream Tail|Disable|p1b: SpookyMonkey\n|-start|p1b: SpookyMonkey|Disable|Rage Fist\n|\n|-heal|p2a: Garganacl|33\/100|[from] item: Leftovers\n|-damage|p1b: SpookyMonkey|59\/100|[from] Salt Cure\n|-damage|p1a: NightTrain|74\/100|[from] Salt Cure\n|-fieldend|move: Trick Room\n|upkeep\n|turn|6\n|\n|t:|1682348301\n|switch|p1a: EvilOlive|Farigiraf, L50, M|100\/100\n|-end|p2b: Scream Tail|Protosynthesis|[silent]\n|switch|p2b: Flutter Mane|Flutter Mane, L50|100\/100\n|move|p1b: SpookyMonkey|Drain Punch|p2b: Flutter Mane\n|-immune|p2b: Flutter Mane\n|move|p2a: Garganacl|Recover|p2a: Garganacl\n|-heal|p2a: Garganacl|83\/100\n|\n|-heal|p2a: Garganacl|89\/100|[from] item: Leftovers\n|-damage|p1b: SpookyMonkey|46\/100|[from] Salt Cure\n|upkeep\n|-enditem|p1b: SpookyMonkey|Sitrus Berry|[eat]\n|-heal|p1b: SpookyMonkey|71\/100|[from] item: Sitrus Berry\n|turn|7\n|\n|t:|1682348316\n|move|p1a: EvilOlive|Ally Switch|p1a: EvilOlive\n|swap|p1a: EvilOlive|1|[from] move: Ally Switch\n|move|p2b: Flutter Mane|Dazzling Gleam|p1a: SpookyMonkey|[spread] p1a,p1b\n|-supereffective|p1a: SpookyMonkey\n|-damage|p1a: SpookyMonkey|9\/100\n|-damage|p1b: EvilOlive|78\/100\n|move|p1a: SpookyMonkey|Bulk Up|p1a: SpookyMonkey\n|-boost|p1a: SpookyMonkey|atk|1\n|-boost|p1a: SpookyMonkey|def|1\n|move|p2a: Garganacl|Salt Cure|p1a: SpookyMonkey\n|-resisted|p1a: SpookyMonkey\n|-damage|p1a: SpookyMonkey|6\/100\n|\n|-heal|p2a: Garganacl|95\/100|[from] item: Leftovers\n|-damage|p1a: SpookyMonkey|0 fnt|[from] Salt Cure\n|faint|p1a: SpookyMonkey\n|upkeep\n|\n|t:|1682348327\n|switch|p1a: CaptainMagma|Torkoal, L50, M|100\/100\n|-weather|SunnyDay|[from] ability: Drought|[of] p1a: CaptainMagma\n|-activate|p2b: Flutter Mane|ability: Protosynthesis\n|-start|p2b: Flutter Mane|protosynthesisspe\n|turn|8\n|\n|t:|1682348341\n|move|p2b: Flutter Mane|Protect|p2b: Flutter Mane\n|-singleturn|p2b: Flutter Mane|Protect\n|move|p1a: CaptainMagma|Protect|p1a: CaptainMagma\n|-singleturn|p1a: CaptainMagma|Protect\n|move|p2a: Garganacl|Salt Cure|p1a: CaptainMagma\n|-activate|p1a: CaptainMagma|move: Protect\n|move|p1b: EvilOlive|Trick Room|p1b: EvilOlive\n|-fieldstart|move: Trick Room|[of] p1b: EvilOlive\n|\n|-weather|SunnyDay|[upkeep]\n|-heal|p2a: Garganacl|100\/100|[from] item: Leftovers\n|-sideend|p1: barberparadox|move: Tailwind\n|upkeep\n|turn|9\n|\n|t:|1682348362\n|move|p2a: Garganacl|Wide Guard|p2a: Garganacl\n|-singleturn|p2a: Garganacl|Wide Guard\n|move|p1a: CaptainMagma|Eruption|p2a: Garganacl|[spread] \n|-activate|p2a: Garganacl|move: Wide Guard\n|-activate|p2b: Flutter Mane|move: Wide Guard\n|move|p1b: EvilOlive|Beat Up|p2b: Flutter Mane\n|-damage|p2b: Flutter Mane|94\/100\n|-damage|p2b: Flutter Mane|87\/100\n|-damage|p2b: Flutter Mane|79\/100\n|-hitcount|p2b: Flutter Mane|3\n|move|p2b: Flutter Mane|Shadow Ball|p1a: CaptainMagma\n|-damage|p1a: CaptainMagma|44\/100\n|\n|-weather|SunnyDay|[upkeep]\n|upkeep\n|turn|10\n|\n|t:|1682348378\n|move|p2b: Flutter Mane|Protect|p2b: Flutter Mane\n|-singleturn|p2b: Flutter Mane|Protect\n|move|p1b: EvilOlive|Ally Switch|p1b: EvilOlive\n|swap|p1b: EvilOlive|0|[from] move: Ally Switch\n|move|p1b: CaptainMagma|Flamethrower|p2b: Flutter Mane\n|-activate|p2b: Flutter Mane|move: Protect\n|move|p2a: Garganacl|Salt Cure|p1a: EvilOlive\n|-damage|p1a: EvilOlive|62\/100\n|-start|p1a: EvilOlive|Salt Cure\n|\n|-weather|SunnyDay|[upkeep]\n|-damage|p1a: EvilOlive|50\/100|[from] Salt Cure\n|upkeep\n|turn|11\n|-message|barberparadox forfeited.\n|\n|win|Shnipe_Cizy\n|raw|barberparadox's rating: 1288 → 1263<\/strong> (-25 for losing)\n|raw|Shnipe_Cizy's rating: 1286 → 1311<\/strong> (+25 for winning)\n|l|\u2606barberparadox\n","uploadtime":1682348399,"views":23,"p1id":"barberparadox","p2id":"shnipecizy","formatid":"gen9vgc2023regulationc","rating":1263,"private":0,"password":""}