{"id":"gen9vgc2023regulationc-1861928918","p1":"Phelon","p2":"Shedinja Soup","format":"[Gen 9] VGC 2023 Regulation C","log":"|j|\u2606Phelon\n|j|\u203dShedinja Soup\n|t:|1683821601\n|gametype|doubles\n|player|p1|Phelon|burglar|1386\n|player|p2|Shedinja Soup|gentleman|1323\n|teamsize|p1|6\n|teamsize|p2|6\n|gen|9\n|tier|[Gen 9] VGC 2023 Regulation C\n|rated|\n|rule|Species Clause: Limit one of each Pok\u00e9mon\n|rule|Item Clause: Limit one of each item\n|clearpoke\n|poke|p1|Iron Jugulis, L50|\n|poke|p1|Iron Hands, L50|\n|poke|p1|Chi-Yu, L50|\n|poke|p1|Great Tusk, L50|\n|poke|p1|Flutter Mane, L50|\n|poke|p1|Gyarados, L50, F|\n|poke|p2|Murkrow, L50, M|\n|poke|p2|Chi-Yu, L50|\n|poke|p2|Flutter Mane, L50|\n|poke|p2|Great Tusk, L50|\n|poke|p2|Brute Bonnet, L50|\n|poke|p2|Corviknight, L50, F|\n|teampreview|4\n|inactive|Battle timer is ON: inactive players will automatically lose when time's up. (requested by Shedinja Soup)\n|inactive|Phelon has 60 seconds left.\n|inactive|Shedinja Soup has 60 seconds left.\n|\n|t:|1683821651\n|start\n|switch|p1a: KingGhidorah|Iron Jugulis, L50, shiny|100\/100\n|switch|p1b: Great Tusk|Great Tusk, L50|100\/100\n|switch|p2a: Murkrow|Murkrow, L50, M|100\/100\n|switch|p2b: Chi-Yu|Chi-Yu, L50|100\/100\n|-ability|p2b: Chi-Yu|Beads of Ruin\n|-enditem|p1a: KingGhidorah|Booster Energy\n|-activate|p1a: KingGhidorah|ability: Quark Drive|[fromitem]\n|-start|p1a: KingGhidorah|quarkdrivespe\n|turn|1\n|\n|t:|1683821670\n|move|p2b: Chi-Yu|Protect|p2b: Chi-Yu\n|-singleturn|p2b: Chi-Yu|Protect\n|move|p2a: Murkrow|Tailwind|p2a: Murkrow\n|-sidestart|p2: Shedinja Soup|move: Tailwind\n|move|p1a: KingGhidorah|Tailwind|p1a: KingGhidorah\n|-sidestart|p1: Phelon|move: Tailwind\n|move|p1b: Great Tusk|Rock Slide|p2b: Chi-Yu|[spread] \n|-activate|p2b: Chi-Yu|move: Protect\n|-miss|p1b: Great Tusk|p2a: Murkrow\n|\n|upkeep\n|turn|2\n|\n|t:|1683821694\n|move|p1a: KingGhidorah|Snarl|p2b: Chi-Yu|[spread] p2a,p2b\n|-resisted|p2a: Murkrow\n|-resisted|p2b: Chi-Yu\n|-damage|p2a: Murkrow|88\/100\n|-damage|p2b: Chi-Yu|91\/100\n|-unboost|p2a: Murkrow|spa|1\n|-unboost|p2b: Chi-Yu|spa|1\n|move|p1b: Great Tusk|Rock Slide|p2a: Murkrow|[spread] p2a,p2b\n|-supereffective|p2a: Murkrow\n|-supereffective|p2b: Chi-Yu\n|-damage|p2a: Murkrow|46\/100\n|-damage|p2b: Chi-Yu|17\/100\n|cant|p2b: Chi-Yu|flinch\n|cant|p2a: Murkrow|flinch\n|\n|upkeep\n|turn|3\n|inactive|Shedinja Soup has 30 seconds left.\n|\n|t:|1683821721\n|move|p2a: Murkrow|Sunny Day|p2a: Murkrow\n|-weather|SunnyDay\n|-activate|p1b: Great Tusk|ability: Protosynthesis\n|-start|p1b: Great Tusk|protosynthesisatk\n|move|p1a: KingGhidorah|Air Slash|p2a: Murkrow\n|-damage|p2a: Murkrow|0 fnt\n|faint|p2a: Murkrow\n|move|p1b: Great Tusk|Rock Slide|p2b: Chi-Yu|[miss]\n|-miss|p1b: Great Tusk|p2b: Chi-Yu\n|move|p2b: Chi-Yu|Heat Wave|p1a: KingGhidorah|[spread] p1a,p1b\n|-damage|p1a: KingGhidorah|33\/100\n|-damage|p1b: Great Tusk|0 fnt\n|faint|p1b: Great Tusk\n|-end|p1b: Great Tusk|Protosynthesis|[silent]\n|-damage|p2b: Chi-Yu|7\/100|[from] item: Life Orb\n|\n|-weather|SunnyDay|[upkeep]\n|upkeep\n|\n|t:|1683821736\n|switch|p1b: Chi-Yu|Chi-Yu, L50|100\/100\n|switch|p2a: Brute Bonnet|Brute Bonnet, L50|100\/100\n|-ability|p1b: Chi-Yu|Beads of Ruin\n|-activate|p2a: Brute Bonnet|ability: Protosynthesis\n|-start|p2a: Brute Bonnet|protosynthesisatk\n|turn|4\n|\n|t:|1683821750\n|-terastallize|p2a: Brute Bonnet|Fire\n|move|p1a: KingGhidorah|Protect|p1a: KingGhidorah\n|-singleturn|p1a: KingGhidorah|Protect\n|move|p2b: Chi-Yu|Protect|p2b: Chi-Yu\n|-singleturn|p2b: Chi-Yu|Protect\n|move|p2a: Brute Bonnet|Sucker Punch||[still]\n|-fail|p2a: Brute Bonnet\n|move|p1b: Chi-Yu|Heat Wave|p2a: Brute Bonnet|[spread] p2a\n|-activate|p2b: Chi-Yu|move: Protect\n|-resisted|p2a: Brute Bonnet\n|-damage|p2a: Brute Bonnet|64\/100\n|\n|-weather|SunnyDay|[upkeep]\n|-sideend|p2: Shedinja Soup|move: Tailwind\n|-sideend|p1: Phelon|move: Tailwind\n|upkeep\n|turn|5\n|\n|t:|1683821770\n|move|p2a: Brute Bonnet|Sucker Punch||[still]\n|-fail|p2a: Brute Bonnet\n|move|p1a: KingGhidorah|Tailwind|p1a: KingGhidorah\n|-sidestart|p1: Phelon|move: Tailwind\n|move|p1b: Chi-Yu|Heat Wave|p2b: Chi-Yu|[spread] p2b\n|-miss|p1b: Chi-Yu|p2a: Brute Bonnet\n|-resisted|p2b: Chi-Yu\n|-damage|p2b: Chi-Yu|0 fnt\n|faint|p2b: Chi-Yu\n|\n|-weather|SunnyDay|[upkeep]\n|upkeep\n|\n|t:|1683821777\n|switch|p2b: Great Tusk|Great Tusk, L50|100\/100\n|-activate|p2b: Great Tusk|ability: Protosynthesis\n|-start|p2b: Great Tusk|protosynthesisatk\n|turn|6\n|\n|t:|1683821792\n|move|p2a: Brute Bonnet|Sucker Punch|p1b: Chi-Yu\n|-resisted|p1b: Chi-Yu\n|-damage|p1b: Chi-Yu|58\/100\n|move|p1a: KingGhidorah|Air Slash|p2b: Great Tusk\n|-supereffective|p2b: Great Tusk\n|-damage|p2b: Great Tusk|0 fnt\n|faint|p2b: Great Tusk\n|-end|p2b: Great Tusk|Protosynthesis|[silent]\n|move|p1b: Chi-Yu|Dark Pulse|p2a: Brute Bonnet\n|-damage|p2a: Brute Bonnet|14\/100\n|\n|-weather|SunnyDay|[upkeep]\n|upkeep\n|turn|7\n|-message|Shedinja Soup forfeited.\n|\n|win|Phelon\n|raw|Phelon's rating: 1386 → 1402<\/strong> (+16 for winning)\n|raw|Shedinja Soup's rating: 1323 → 1307<\/strong> (-16 for losing)\n|l|\u203dShedinja Soup\n","uploadtime":1683821806,"views":19,"p1id":"phelon","p2id":"shedinjasoup","formatid":"gen9vgc2023regulationc","rating":1307,"private":0,"password":""}