{"id":"gen9vgc2023regulationc-1863495998","p1":"Revocolombia","p2":"artico bowmane","format":"[Gen 9] VGC 2023 Regulation C","log":"|j|\u2606Revocolombia\n|j|\u2606artico bowmane\n|t:|1684025269\n|gametype|doubles\n|player|p1|Revocolombia|101|1461\n|player|p2|artico bowmane|workerice|1411\n|teamsize|p1|6\n|teamsize|p2|6\n|gen|9\n|tier|[Gen 9] VGC 2023 Regulation C\n|rated|\n|rule|Species Clause: Limit one of each Pok\u00e9mon\n|rule|Item Clause: Limit one of each item\n|clearpoke\n|poke|p1|Flutter Mane, L50|\n|poke|p1|Annihilape, L50, M|\n|poke|p1|Dragonite, L50, M|\n|poke|p1|Chien-Pao, L50|\n|poke|p1|Murkrow, L50, F|\n|poke|p1|Gholdengo, L50|\n|poke|p2|Amoonguss, L50, F|\n|poke|p2|Arcanine, L50, F|\n|poke|p2|Iron Hands, L50|\n|poke|p2|Ting-Lu, L50|\n|poke|p2|Flutter Mane, L50|\n|poke|p2|Azumarill, L50, M|\n|teampreview|4\n|inactive|Battle timer is ON: inactive players will automatically lose when time's up. (requested by artico bowmane)\nartico bowmane has agreed to open team sheets.\n|inactive|artico bowmane has 60 seconds left.\n|\n|t:|1684025310\n|start\n|switch|p1a: Murkrow|Murkrow, L50, F|100\/100\n|switch|p1b: Annihilape|Annihilape, L50, M|100\/100\n|switch|p2a: Azumarill|Azumarill, L50, M|100\/100\n|switch|p2b: Ting-Lu|Ting-Lu, L50|100\/100\n|-ability|p2b: Ting-Lu|Vessel of Ruin\n|turn|1\n|inactive|artico bowmane has 30 seconds left.\n|\n|t:|1684025339\n|switch|p1a: Dragonite|Dragonite, L50, M|100\/100\n|move|p1b: Annihilape|Bulk Up|p1b: Annihilape\n|-boost|p1b: Annihilape|atk|1\n|-boost|p1b: Annihilape|def|1\n|move|p2a: Azumarill|Play Rough|p1a: Dragonite\n|-supereffective|p1a: Dragonite\n|-damage|p1a: Dragonite|6\/100\n|move|p2b: Ting-Lu|Ruination|p1b: Annihilape\n|-damage|p1b: Annihilape|50\/100\n|\n|-heal|p1b: Annihilape|57\/100|[from] item: Leftovers\n|upkeep\n|turn|2\n|\n|t:|1684025361\n|-terastallize|p1b: Annihilape|Fire\n|move|p1a: Dragonite|Low Kick|p2b: Ting-Lu\n|-supereffective|p2b: Ting-Lu\n|-damage|p2b: Ting-Lu|43\/100\n|move|p1b: Annihilape|Rage Fist|p2a: Azumarill\n|-damage|p2a: Azumarill|34\/100\n|move|p2a: Azumarill|Play Rough|p1b: Annihilape\n|-resisted|p1b: Annihilape\n|-damage|p1b: Annihilape|32\/100\n|move|p2b: Ting-Lu|Heavy Slam|p1a: Dragonite\n|-damage|p1a: Dragonite|0 fnt\n|faint|p1a: Dragonite\n|\n|-heal|p1b: Annihilape|38\/100|[from] item: Leftovers\n|upkeep\n|\n|t:|1684025376\n|switch|p1a: Flutter Mane|Flutter Mane, L50|100\/100\n|-enditem|p1a: Flutter Mane|Booster Energy\n|-activate|p1a: Flutter Mane|ability: Protosynthesis|[fromitem]\n|-start|p1a: Flutter Mane|protosynthesisspe\n|turn|3\n|\n|t:|1684025398\n|switch|p2a: Amoonguss|Amoonguss, L50, F|100\/100\n|move|p1a: Flutter Mane|Dazzling Gleam|p2a: Amoonguss|[spread] p2a,p2b\n|-resisted|p2a: Amoonguss\n|-supereffective|p2b: Ting-Lu\n|-damage|p2a: Amoonguss|91\/100\n|-damage|p2b: Ting-Lu|21\/100\n|move|p1b: Annihilape|Drain Punch|p2b: Ting-Lu\n|-supereffective|p2b: Ting-Lu\n|-damage|p2b: Ting-Lu|0 fnt\n|-heal|p1b: Annihilape|50\/100|[from] drain|[of] p2b: Ting-Lu\n|faint|p2b: Ting-Lu\n|\n|-heal|p1b: Annihilape|57\/100|[from] item: Leftovers\n|upkeep\n|\n|t:|1684025422\n|switch|p2b: Azumarill|Azumarill, L50, M|34\/100\n|turn|4\n|\n|t:|1684025442\n|-terastallize|p2b: Azumarill|Water\n|move|p2b: Azumarill|Aqua Jet|p1a: Flutter Mane\n|-damage|p1a: Flutter Mane|15\/100\n|move|p1a: Flutter Mane|Shadow Ball|p2a: Amoonguss\n|-damage|p2a: Amoonguss|55\/100\n|move|p1b: Annihilape|Rage Fist|p2a: Amoonguss\n|-damage|p2a: Amoonguss|0 fnt\n|faint|p2a: Amoonguss\n|\n|-heal|p1b: Annihilape|63\/100|[from] item: Leftovers\n|upkeep\n|\n|t:|1684025450\n|switch|p2a: Flutter Mane|Flutter Mane, L50|100\/100\n|turn|5\n|\n|t:|1684025466\n|move|p1a: Flutter Mane|Protect|p1a: Flutter Mane\n|-singleturn|p1a: Flutter Mane|Protect\n|move|p2b: Azumarill|Aqua Jet|p1a: Flutter Mane\n|-activate|p1a: Flutter Mane|move: Protect\n|move|p2a: Flutter Mane|Power Gem|p1b: Annihilape\n|-supereffective|p1b: Annihilape\n|-damage|p1b: Annihilape|0 fnt\n|faint|p1b: Annihilape\n|\n|upkeep\n|\n|t:|1684025479\n|switch|p1b: Murkrow|Murkrow, L50, F|100\/100\n|turn|6\n|\n|t:|1684025494\n|move|p1a: Flutter Mane|Protect|p1a: Flutter Mane\n|-singleturn|p1a: Flutter Mane|Protect\n|move|p2b: Azumarill|Aqua Jet|p1a: Flutter Mane\n|-activate|p1a: Flutter Mane|move: Protect\n|move|p2a: Flutter Mane|Power Gem|p1a: Flutter Mane\n|-activate|p1a: Flutter Mane|move: Protect\n|move|p1b: Murkrow|Foul Play|p2b: Azumarill\n|-damage|p2b: Azumarill|4\/100\n|\n|upkeep\n|turn|7\n|inactive|Revocolombia has 30 seconds left.\n|\n|t:|1684025521\n|move|p1a: Flutter Mane|Protect||[still]\n|-fail|p1a: Flutter Mane\n|move|p2b: Azumarill|Aqua Jet|p1a: Flutter Mane\n|-damage|p1a: Flutter Mane|0 fnt\n|faint|p1a: Flutter Mane\n|-end|p1a: Flutter Mane|Protosynthesis|[silent]\n|move|p2a: Flutter Mane|Power Gem|p1b: Murkrow\n|-supereffective|p1b: Murkrow\n|-damage|p1b: Murkrow|20\/100\n|move|p1b: Murkrow|Foul Play|p2b: Azumarill\n|-damage|p2b: Azumarill|0 fnt\n|faint|p2b: Azumarill\n|\n|upkeep\n|turn|8\n|\n|t:|1684025533\n|move|p1b: Murkrow|Tailwind|p1b: Murkrow\n|-sidestart|p1: Revocolombia|move: Tailwind\n|move|p2a: Flutter Mane|Power Gem|p1b: Murkrow\n|-supereffective|p1b: Murkrow\n|-damage|p1b: Murkrow|0 fnt\n|faint|p1b: Murkrow\n|\n|win|artico bowmane\n|raw|Revocolombia's rating: 1461 → 1438<\/strong> (-23 for losing)\n|raw|artico bowmane's rating: 1411 → 1434<\/strong> (+23 for winning)\n|l|\u2606artico bowmane\n","uploadtime":1684025542,"views":6,"p1id":"revocolombia","p2id":"articobowmane","formatid":"gen9vgc2023regulationc","rating":1434,"private":0,"password":""}