{"id":"gen9vgc2023regulationc-1856224964","p1":"ZachofSomeTrades","p2":"FlockOfDeagles","format":"[Gen 9] VGC 2023 Regulation C","log":"|j|\u2606ZachofSomeTrades\n|j|\u2606FlockOfDeagles\n|t:|1683042410\n|gametype|doubles\n|player|p1|ZachofSomeTrades|volo|1146\n|player|p2|FlockOfDeagles|chuck|1093\n|teamsize|p1|6\n|teamsize|p2|6\n|gen|9\n|tier|[Gen 9] VGC 2023 Regulation C\n|rated|\n|rule|Species Clause: Limit one of each Pok\u00e9mon\n|rule|Item Clause: Limit one of each item\n|clearpoke\n|poke|p1|Dragapult, L50, F|\n|poke|p1|Flutter Mane, L50|\n|poke|p1|Gastrodon, L50, F|\n|poke|p1|Chien-Pao, L50|\n|poke|p1|Arcanine, L50, F|\n|poke|p1|Corviknight, L50, M|\n|poke|p2|Abomasnow, L50, F|\n|poke|p2|Iron Bundle, L50|\n|poke|p2|Chi-Yu, L50|\n|poke|p2|Flutter Mane, L50|\n|poke|p2|Gyarados, L50, M|\n|poke|p2|Garchomp, L50, F|\n|teampreview|4\n|inactive|Battle timer is ON: inactive players will automatically lose when time's up. (requested by FlockOfDeagles)\n|inactive|ZachofSomeTrades has 60 seconds left.\n|inactive|FlockOfDeagles has 60 seconds left.\n|inactive|ZachofSomeTrades has 30 seconds left.\n|inactive|ZachofSomeTrades has 20 seconds left.\n|inactive|ZachofSomeTrades has 15 seconds left.\n|\n|t:|1683042490\n|start\n|switch|p1a: Dragapult|Dragapult, L50, F|100\/100\n|switch|p1b: Chien-Pao|Chien-Pao, L50|100\/100\n|switch|p2a: OlBamaSnowden|Abomasnow, L50, F|100\/100\n|switch|p2b: Flutter Mane|Flutter Mane, L50|100\/100\n|-ability|p1b: Chien-Pao|Sword of Ruin\n|-weather|Snow|[from] ability: Snow Warning|[of] p2a: OlBamaSnowden\n|turn|1\n|inactive|FlockOfDeagles has 30 seconds left.\n|\n|t:|1683042517\n|-terastallize|p2b: Flutter Mane|Fairy\n|move|p2a: OlBamaSnowden|Helping Hand|p2b: Flutter Mane\n|-singleturn|p2b: Flutter Mane|Helping Hand|[of] p2a: OlBamaSnowden\n|move|p1a: Dragapult|Phantom Force||[still]\n|-prepare|p1a: Dragapult|Phantom Force\n|move|p1b: Chien-Pao|Sacred Sword|p2a: OlBamaSnowden\n|-supereffective|p2a: OlBamaSnowden\n|-damage|p2a: OlBamaSnowden|42\/100\n|move|p2b: Flutter Mane|Dazzling Gleam|p1a: Dragapult|[spread] p1b\n|-miss|p2b: Flutter Mane|p1a: Dragapult\n|-supereffective|p1b: Chien-Pao\n|-enditem|p1b: Chien-Pao|Focus Sash\n|-damage|p1b: Chien-Pao|1\/100\n|\n|-weather|Snow|[upkeep]\n|upkeep\n|turn|2\n|inactive|FlockOfDeagles has 30 seconds left.\n|\n|t:|1683042549\n|-end|p2b: Flutter Mane|Protosynthesis|[silent]\n|switch|p2b: Got In My Eyes|Chi-Yu, L50|100\/100\n|-ability|p2b: Got In My Eyes|Beads of Ruin\n|move|p2a: OlBamaSnowden|Ice Shard|p1b: Chien-Pao\n|-resisted|p1b: Chien-Pao\n|-damage|p1b: Chien-Pao|0 fnt\n|faint|p1b: Chien-Pao\n|-damage|p2a: OlBamaSnowden|33\/100|[from] item: Life Orb\n|move|p1a: Dragapult|Phantom Force|p2b: Got In My Eyes|[from]lockedmove\n|-resisted|p2b: Got In My Eyes\n|-damage|p2b: Got In My Eyes|70\/100\n|\n|-weather|Snow|[upkeep]\n|upkeep\n|\n|t:|1683042565\n|switch|p1b: Arcanine|Arcanine, L50, F|100\/100\n|-ability|p1b: Arcanine|Intimidate|boost\n|-unboost|p2a: OlBamaSnowden|atk|1\n|-unboost|p2b: Got In My Eyes|atk|1\n|turn|3\n|inactive|FlockOfDeagles has 30 seconds left.\n|inactive|FlockOfDeagles has 20 seconds left.\n|\n|t:|1683042605\n|switch|p2b: Flutter Mane|Flutter Mane, L50, tera:Fairy|100\/100\n|move|p2a: OlBamaSnowden|Helping Hand|p2b: Flutter Mane\n|-singleturn|p2b: Flutter Mane|Helping Hand|[of] p2a: OlBamaSnowden\n|move|p1b: Arcanine|Extreme Speed|p2b: Flutter Mane\n|-crit|p2b: Flutter Mane\n|-damage|p2b: Flutter Mane|29\/100\n|move|p1a: Dragapult|Dragon Dance|p1a: Dragapult\n|-boost|p1a: Dragapult|atk|1\n|-boost|p1a: Dragapult|spe|1\n|\n|-weather|Snow|[upkeep]\n|upkeep\n|turn|4\n|inactive|FlockOfDeagles has 30 seconds left.\n|\n|t:|1683042639\n|move|p1a: Dragapult|Protect|p1a: Dragapult\n|-singleturn|p1a: Dragapult|Protect\n|move|p1b: Arcanine|Extreme Speed|p2b: Flutter Mane\n|-crit|p2b: Flutter Mane\n|-damage|p2b: Flutter Mane|0 fnt\n|faint|p2b: Flutter Mane\n|-end|p2b: Flutter Mane|Protosynthesis|[silent]\n|move|p2a: OlBamaSnowden|Blizzard|p1a: Dragapult|[spread] p1b\n|-activate|p1a: Dragapult|move: Protect\n|-resisted|p1b: Arcanine\n|-damage|p1b: Arcanine|79\/100\n|-damage|p2a: OlBamaSnowden|23\/100|[from] item: Life Orb\n|\n|-weather|Snow|[upkeep]\n|upkeep\n|\n|t:|1683042653\n|switch|p2b: Got In My Eyes|Chi-Yu, L50|70\/100\n|-ability|p2b: Got In My Eyes|Beads of Ruin\n|turn|5\n|\n|t:|1683042671\n|move|p1b: Arcanine|Extreme Speed|p2b: Got In My Eyes\n|-damage|p2b: Got In My Eyes|27\/100\n|move|p1a: Dragapult|Dragon Darts|p2b: Got In My Eyes\n|-damage|p2b: Got In My Eyes|0 fnt\n|-anim|p1a: Dragapult|Dragon Darts|p2a: OlBamaSnowden\n|-damage|p2a: OlBamaSnowden|0 fnt\n|faint|p2b: Got In My Eyes\n|faint|p2a: OlBamaSnowden\n|\n|-weather|none\n|upkeep\n|c|\u2606FlockOfDeagles|I do not know how to play against dragapult\n|\n|t:|1683042694\n|switch|p2b: MyBallsCold|Iron Bundle, L50|100\/100\n|-enditem|p2b: MyBallsCold|Booster Energy\n|-activate|p2b: MyBallsCold|ability: Quark Drive|[fromitem]\n|-start|p2b: MyBallsCold|quarkdrivespe\n|turn|6\n|\n|t:|1683042706\n|move|p1b: Arcanine|Extreme Speed|p2b: MyBallsCold\n|-damage|p2b: MyBallsCold|65\/100\n|move|p1a: Dragapult|Dragon Darts|p2b: MyBallsCold\n|-damage|p2b: MyBallsCold|23\/100\n|-anim|p1a: Dragapult|Dragon Darts|p2b: MyBallsCold\n|-damage|p2b: MyBallsCold|0 fnt\n|faint|p2b: MyBallsCold\n|-end|p2b: MyBallsCold|Quark Drive|[silent]\n|\n|win|ZachofSomeTrades\n|raw|ZachofSomeTrades's rating: 1146 → 1167<\/strong> (+21 for winning)\n|raw|FlockOfDeagles's rating: 1093 → 1073<\/strong> (-20 for losing)\n","uploadtime":1683042718,"views":18,"p1id":"zachofsometrades","p2id":"flockofdeagles","formatid":"gen9vgc2023regulationc","rating":1073,"private":0,"password":""}