{"id":"gen9vgc2023regulationc-1852352445","p1":"AgumonVGC","p2":"a lonely fart","format":"[Gen 9] VGC 2023 Regulation C","log":"|j|\u203dAgumonVGC\n|j|\u2606a lonely fart\n|t:|1682547202\n|gametype|doubles\n|player|p1|AgumonVGC|1|1617\n|player|p2|a lonely fart|265|1696\n|teamsize|p1|6\n|teamsize|p2|6\n|gen|9\n|tier|[Gen 9] VGC 2023 Regulation C\n|rated|\n|rule|Species Clause: Limit one of each Pok\u00e9mon\n|rule|Item Clause: Limit one of each item\n|clearpoke\n|poke|p1|Arcanine, L50, F|\n|poke|p1|Maushold-Four, L50|\n|poke|p1|Gholdengo, L50|\n|poke|p1|Iron Bundle, L50|\n|poke|p1|Dragonite, L50, M|\n|poke|p1|Annihilape, L50, M|\n|poke|p2|Gyarados, L50, M|\n|poke|p2|Scizor, L50, M|\n|poke|p2|Amoonguss, L50, F|\n|poke|p2|Chi-Yu, L50|\n|poke|p2|Flutter Mane, L50|\n|poke|p2|Iron Bundle, L50|\n|teampreview|4\n|inactive|Battle timer is ON: inactive players will automatically lose when time's up. (requested by a lonely fart)\n|\n|t:|1682547236\n|start\n|switch|p1a: Arcanine|Arcanine, L50, F, shiny|100\/100\n|switch|p1b: Gholdengo|Gholdengo, L50|100\/100\n|switch|p2a: Lost my pride|Flutter Mane, L50|100\/100\n|switch|p2b: Shiryu|Chi-Yu, L50|100\/100\n|-ability|p2b: Shiryu|Beads of Ruin\n|-ability|p1a: Arcanine|Intimidate|boost\n|-unboost|p2a: Lost my pride|atk|1\n|-unboost|p2b: Shiryu|atk|1\n|turn|1\n|\n|t:|1682547258\n|-terastallize|p2a: Lost my pride|Fairy\n|move|p1b: Gholdengo|Protect|p1b: Gholdengo\n|-singleturn|p1b: Gholdengo|Protect\n|move|p2a: Lost my pride|Shadow Ball|p1b: Gholdengo\n|-activate|p1b: Gholdengo|move: Protect\n|move|p2b: Shiryu|Dark Pulse|p1b: Gholdengo\n|-activate|p1b: Gholdengo|move: Protect\n|move|p1a: Arcanine|Close Combat|p2b: Shiryu\n|-supereffective|p2b: Shiryu\n|-damage|p2b: Shiryu|0 fnt\n|-unboost|p1a: Arcanine|def|1\n|-unboost|p1a: Arcanine|spd|1\n|faint|p2b: Shiryu\n|\n|upkeep\n|\n|t:|1682547268\n|switch|p2b: Ai robando|Iron Bundle, L50|100\/100\n|-enditem|p2b: Ai robando|Booster Energy\n|-activate|p2b: Ai robando|ability: Quark Drive|[fromitem]\n|-start|p2b: Ai robando|quarkdrivespe\n|turn|2\n|\n|t:|1682547281\n|switch|p1a: Maushold|Maushold-Four, L50|100\/100\n|-terastallize|p1b: Gholdengo|Water\n|move|p2b: Ai robando|Hydro Pump|p1a: Maushold\n|-crit|p1a: Maushold\n|-damage|p1a: Maushold|32\/100\n|move|p2a: Lost my pride|Shadow Ball|p1b: Gholdengo\n|-damage|p1b: Gholdengo|56\/100\n|move|p1b: Gholdengo|Make It Rain|p2b: Ai robando|[spread] p2a,p2b\n|-supereffective|p2a: Lost my pride\n|-damage|p2a: Lost my pride|11\/100\n|-damage|p2b: Ai robando|35\/100\n|-unboost|p1b: Gholdengo|spa|1\n|\n|-heal|p1b: Gholdengo|62\/100|[from] item: Leftovers\n|upkeep\n|turn|3\n|\n|t:|1682547302\n|-end|p2a: Lost my pride|Protosynthesis|[silent]\n|switch|p2a: Geraldo|Gyarados, L50, M|100\/100\n|-ability|p2a: Geraldo|Intimidate|boost\n|-unboost|p1a: Maushold|atk|1\n|-unboost|p1b: Gholdengo|atk|1\n|move|p1a: Maushold|Follow Me|p1a: Maushold\n|-singleturn|p1a: Maushold|move: Follow Me\n|move|p2b: Ai robando|Freeze-Dry|p1a: Maushold\n|-damage|p1a: Maushold|4\/100\n|move|p1b: Gholdengo|Make It Rain|p2b: Ai robando|[spread] p2a,p2b\n|-resisted|p2a: Geraldo\n|-damage|p2a: Geraldo|91\/100\n|-damage|p2b: Ai robando|0 fnt\n|-unboost|p1b: Gholdengo|spa|1\n|faint|p2b: Ai robando\n|-end|p2b: Ai robando|Quark Drive|[silent]\n|\n|-heal|p1b: Gholdengo|69\/100|[from] item: Leftovers\n|upkeep\n|\n|t:|1682547309\n|switch|p2b: Lost my pride|Flutter Mane, L50, tera:Fairy|11\/100\n|turn|4\n|\n|t:|1682547325\n|switch|p1b: Arcanine|Arcanine, L50, F, shiny|100\/100\n|-ability|p1b: Arcanine|Intimidate|boost\n|-unboost|p2a: Geraldo|atk|1\n|-unboost|p2b: Lost my pride|atk|1\n|move|p2b: Lost my pride|Dazzling Gleam|p1a: Maushold|[spread] p1a,p1b\n|-resisted|p1b: Arcanine\n|-damage|p1a: Maushold|0 fnt\n|-damage|p1b: Arcanine|83\/100\n|faint|p1a: Maushold\n|move|p2a: Geraldo|Waterfall|p1b: Arcanine\n|-supereffective|p1b: Arcanine\n|-damage|p1b: Arcanine|31\/100\n|\n|upkeep\n|\n|t:|1682547331\n|switch|p1a: Iron Bundle|Iron Bundle, L50|100\/100\n|turn|5\n|\n|t:|1682547337\n|move|p2a: Geraldo|Protect|p2a: Geraldo\n|-singleturn|p2a: Geraldo|Protect\n|move|p1b: Arcanine|Extreme Speed|p2b: Lost my pride\n|-damage|p2b: Lost my pride|0 fnt\n|faint|p2b: Lost my pride\n|-end|p2b: Lost my pride|Protosynthesis|[silent]\n|move|p1a: Iron Bundle|Freeze-Dry|p2a: Geraldo\n|-activate|p2a: Geraldo|move: Protect\n|\n|upkeep\n|turn|6\n|-message|a lonely fart forfeited.\n|\n|win|AgumonVGC\n|raw|AgumonVGC's rating: 1617 → 1641<\/strong> (+24 for winning)\n|raw|a lonely fart's rating: 1696 → 1672<\/strong> (-24 for losing)\n|l|\u2606a lonely fart\n","uploadtime":1682547347,"views":9,"p1id":"agumonvgc","p2id":"alonelyfart","formatid":"gen9vgc2023regulationc","rating":1641,"private":0,"password":""}