{"id":"gen9vgc2023regulationc-1861895556","p1":"Jbenn","p2":"Psyducks in 6","format":"[Gen 9] VGC 2023 Regulation C","log":"|j|\u2606Jbenn\n|j|\u2606Psyducks in 6\n|t:|1683818754\n|gametype|doubles\n|player|p1|Jbenn|2|1417\n|player|p2|Psyducks in 6|biker-gen4|1499\n|teamsize|p1|6\n|teamsize|p2|6\n|gen|9\n|tier|[Gen 9] VGC 2023 Regulation C\n|rated|\n|rule|Species Clause: Limit one of each Pok\u00e9mon\n|rule|Item Clause: Limit one of each item\n|clearpoke\n|poke|p1|Roaring Moon, L50|\n|poke|p1|Great Tusk, L50|\n|poke|p1|Gholdengo, L50|\n|poke|p1|Hariyama, L50, M|\n|poke|p1|Mimikyu, L50, M|\n|poke|p1|Gyarados, L50, M|\n|poke|p2|Talonflame, L50, F|\n|poke|p2|Flutter Mane, L50|\n|poke|p2|Iron Bundle, L50|\n|poke|p2|Great Tusk, L50|\n|poke|p2|Gyarados, L50, F|\n|poke|p2|Chi-Yu, L50|\n|teampreview|4\nJbenn has agreed to open team sheets.\nPsyducks in 6 has agreed to open team sheets.\n|\n|t:|1683818855\n|start\n|switch|p1a: Hariyama|Hariyama, L50, M, shiny|100\/100\n|switch|p1b: Mimikyu|Mimikyu, L50, M|100\/100\n|switch|p2a: Gyarados|Gyarados, L50, F, shiny|100\/100\n|switch|p2b: Iron Bundle|Iron Bundle, L50, shiny|100\/100\n|-ability|p2a: Gyarados|Intimidate|boost\n|-unboost|p1a: Hariyama|atk|1\n|-unboost|p1b: Mimikyu|atk|1\n|-enditem|p2b: Iron Bundle|Booster Energy\n|-activate|p2b: Iron Bundle|ability: Quark Drive|[fromitem]\n|-start|p2b: Iron Bundle|quarkdrivespe\n|turn|1\n|\n|t:|1683818877\n|move|p1a: Hariyama|Fake Out|p2a: Gyarados\n|-damage|p2a: Gyarados|90\/100\n|move|p2b: Iron Bundle|Freeze-Dry|p1b: Mimikyu\n|-activate|p1b: Mimikyu|ability: Disguise\n|-damage|p1b: Mimikyu|100\/100\n|detailschange|p1b: Mimikyu|Mimikyu-Busted, L50, M\n|-damage|p1b: Mimikyu|88\/100|[from] pokemon: Mimikyu-Busted\n|cant|p2a: Gyarados|flinch\n|move|p1b: Mimikyu|Trick Room|p1b: Mimikyu\n|-fieldstart|move: Trick Room|[of] p1b: Mimikyu\n|\n|upkeep\n|turn|2\n|\n|t:|1683818904\n|switch|p1b: Gholdengo|Gholdengo, L50|100\/100\n|move|p2b: Iron Bundle|Protect|p2b: Iron Bundle\n|-singleturn|p2b: Iron Bundle|Protect\n|move|p1a: Hariyama|Close Combat|p2b: Iron Bundle\n|-activate|p2b: Iron Bundle|move: Protect\n|move|p2a: Gyarados|Iron Head|p1b: Gholdengo\n|-resisted|p1b: Gholdengo\n|-damage|p1b: Gholdengo|89\/100\n|\n|-heal|p1b: Gholdengo|95\/100|[from] item: Leftovers\n|upkeep\n|turn|3\n|\n|t:|1683818942\n|-terastallize|p2b: Iron Bundle|Ghost\n|move|p1a: Hariyama|Close Combat|p2b: Iron Bundle\n|-immune|p2b: Iron Bundle\n|move|p1b: Gholdengo|Nasty Plot|p1b: Gholdengo\n|-boost|p1b: Gholdengo|spa|2\n|move|p2a: Gyarados|Waterfall|p1b: Gholdengo\n|-damage|p1b: Gholdengo|59\/100\n|move|p2b: Iron Bundle|Encore|p1a: Hariyama\n|-start|p1a: Hariyama|Encore\n|\n|-heal|p1b: Gholdengo|65\/100|[from] item: Leftovers\n|upkeep\n|turn|4\n|\n|t:|1683818960\n|move|p2b: Iron Bundle|Protect|p2b: Iron Bundle\n|-singleturn|p2b: Iron Bundle|Protect\n|move|p1a: Hariyama|Close Combat|p2a: Gyarados\n|-resisted|p2a: Gyarados\n|-damage|p2a: Gyarados|68\/100\n|-unboost|p1a: Hariyama|def|1\n|-unboost|p1a: Hariyama|spd|1\n|move|p1b: Gholdengo|Make It Rain|p2a: Gyarados|[spread] p2a\n|-activate|p2b: Iron Bundle|move: Protect\n|-resisted|p2a: Gyarados\n|-damage|p2a: Gyarados|22\/100\n|-unboost|p1b: Gholdengo|spa|1\n|-enditem|p2a: Gyarados|Sitrus Berry|[eat]\n|-heal|p2a: Gyarados|47\/100|[from] item: Sitrus Berry\n|move|p2a: Gyarados|Waterfall|p1b: Gholdengo\n|-damage|p1b: Gholdengo|29\/100\n|\n|-heal|p1b: Gholdengo|35\/100|[from] item: Leftovers\n|upkeep\n|turn|5\n|\n|t:|1683818987\n|move|p1a: Hariyama|Close Combat|p2a: Gyarados\n|-resisted|p2a: Gyarados\n|-damage|p2a: Gyarados|28\/100\n|-unboost|p1a: Hariyama|def|1\n|-unboost|p1a: Hariyama|spd|1\n|move|p1b: Gholdengo|Make It Rain|p2b: Iron Bundle|[spread] p2a,p2b\n|-resisted|p2a: Gyarados\n|-damage|p2a: Gyarados|0 fnt\n|-damage|p2b: Iron Bundle|0 fnt\n|-unboost|p1b: Gholdengo|spa|1\n|faint|p2a: Gyarados\n|faint|p2b: Iron Bundle\n|-end|p2b: Iron Bundle|Quark Drive|[silent]\n|\n|-heal|p1b: Gholdengo|41\/100|[from] item: Leftovers\n|-fieldend|move: Trick Room\n|upkeep\n|\n|t:|1683819000\n|switch|p2b: Chi-Yu|Chi-Yu, L50|100\/100\n|switch|p2a: Flutter Mane|Flutter Mane, L50|100\/100\n|-ability|p2b: Chi-Yu|Beads of Ruin\n|turn|6\n|\n|t:|1683819017\n|switch|p1a: Mimikyu|Mimikyu-Busted, L50, M|88\/100\n|move|p1b: Gholdengo|Protect|p1b: Gholdengo\n|-singleturn|p1b: Gholdengo|Protect\n|move|p2a: Flutter Mane|Moonblast|p1a: Mimikyu\n|-damage|p1a: Mimikyu|0 fnt\n|faint|p1a: Mimikyu\n|move|p2b: Chi-Yu|Dark Pulse|p1b: Gholdengo\n|-activate|p1b: Gholdengo|move: Protect\n|\n|-heal|p1b: Gholdengo|47\/100|[from] item: Leftovers\n|upkeep\n|\n|t:|1683819040\n|switch|p1a: Hariyama|Hariyama, L50, M, shiny|100\/100\n|turn|7\n|\n|t:|1683819049\n|move|p1a: Hariyama|Fake Out|p2b: Chi-Yu\n|-damage|p2b: Chi-Yu|82\/100\n|move|p2a: Flutter Mane|Moonblast|p1a: Hariyama\n|-supereffective|p1a: Hariyama\n|-enditem|p1a: Hariyama|Roseli Berry|[eat]\n|-enditem|p1a: Hariyama|Roseli Berry|[weaken]\n|-damage|p1a: Hariyama|15\/100\n|cant|p2b: Chi-Yu|flinch\n|move|p1b: Gholdengo|Make It Rain|p2a: Flutter Mane|[spread] p2a,p2b\n|-supereffective|p2a: Flutter Mane\n|-resisted|p2b: Chi-Yu\n|-damage|p2a: Flutter Mane|0 fnt\n|-damage|p2b: Chi-Yu|65\/100\n|-unboost|p1b: Gholdengo|spa|1\n|faint|p2a: Flutter Mane\n|-end|p2a: Flutter Mane|Protosynthesis|[silent]\n|\n|-heal|p1b: Gholdengo|53\/100|[from] item: Leftovers\n|upkeep\n|turn|8\n|\n|t:|1683819076\n|move|p2b: Chi-Yu|Snarl|p1a: Hariyama|[spread] p1a,p1b\n|-resisted|p1a: Hariyama\n|-supereffective|p1b: Gholdengo\n|-damage|p1a: Hariyama|2\/100\n|-damage|p1b: Gholdengo|0 fnt\n|-unboost|p1a: Hariyama|spa|1\n|faint|p1b: Gholdengo\n|move|p1a: Hariyama|Close Combat|p2b: Chi-Yu\n|-supereffective|p2b: Chi-Yu\n|-damage|p2b: Chi-Yu|0 fnt\n|-unboost|p1a: Hariyama|def|1\n|-unboost|p1a: Hariyama|spd|1\n|faint|p2b: Chi-Yu\n|\n|win|Jbenn\n|raw|Jbenn's rating: 1417 → 1442<\/strong> (+25 for winning)\n|raw|Psyducks in 6's rating: 1499 → 1474<\/strong> (-25 for losing)\n|l|\u2606Psyducks in 6\n","uploadtime":1683819088,"views":6,"p1id":"jbenn","p2id":"psyducksin6","formatid":"gen9vgc2023regulationc","rating":1442,"private":0,"password":""}