{"id":"gen9vgc2023regulationc-1845182295","p1":"vanirith","p2":"Sunshane17","format":"[Gen 9] VGC 2023 Regulation C","log":"|j|\u2606vanirith\n|j|\u2606Sunshane17\n|t:|1681693402\n|gametype|doubles\n|player|p1|vanirith|giovanni|1096\n|player|p2|Sunshane17|cowgirl|1036\n|teamsize|p1|6\n|teamsize|p2|6\n|gen|9\n|tier|[Gen 9] VGC 2023 Regulation C\n|rated|\n|rule|Species Clause: Limit one of each Pok\u00e9mon\n|rule|Item Clause: Limit one of each item\n|clearpoke\n|poke|p1|Raichu, L50, F|\n|poke|p1|Palafin, L50, F|\n|poke|p1|Dragonite, L50, M|\n|poke|p1|Sylveon, L50, M|\n|poke|p1|Hariyama, L50, M|\n|poke|p1|Iron Bundle, L50|\n|poke|p2|Roaring Moon, L50|\n|poke|p2|Chien-Pao, L50|\n|poke|p2|Amoonguss, L50, M|\n|poke|p2|Flutter Mane, L50|\n|poke|p2|Arcanine, L50, M|\n|poke|p2|Ting-Lu, L50|\n|teampreview|4\n|\n|t:|1681693441\n|start\n|switch|p1a: Kulkulcan|Dragonite, L50, M|100\/100\n|switch|p1b: Sylveon|Sylveon, L50, M|100\/100\n|switch|p2a: sus|Amoonguss, L50, M|100\/100\n|switch|p2b: fluttershy|Flutter Mane, L50|100\/100\n|-enditem|p2b: fluttershy|Booster Energy\n|-activate|p2b: fluttershy|ability: Protosynthesis|[fromitem]\n|-start|p2b: fluttershy|protosynthesisspa\n|turn|1\n|\n|t:|1681693489\n|-terastallize|p1a: Kulkulcan|Normal\n|move|p2a: sus|Rage Powder|p2a: sus\n|-singleturn|p2a: sus|move: Rage Powder\n|move|p2b: fluttershy|Calm Mind|p2b: fluttershy\n|-boost|p2b: fluttershy|spa|1\n|-boost|p2b: fluttershy|spd|1\n|move|p1a: Kulkulcan|Ice Spinner|p2a: sus\n|-supereffective|p2a: sus\n|-damage|p2a: sus|41\/100\n|move|p1b: Sylveon|Hyper Voice|p2a: sus|[spread] p2a,p2b\n|-resisted|p2a: sus\n|-damage|p2a: sus|25\/100\n|-damage|p2b: fluttershy|70\/100\n|-enditem|p1b: Sylveon|Throat Spray\n|-boost|p1b: Sylveon|spa|1|[from] item: Throat Spray\n|\n|-heal|p2a: sus|31\/100|[from] item: Leftovers\n|upkeep\n|turn|2\n|\n|t:|1681693516\n|move|p2b: fluttershy|Moonblast|p1a: Kulkulcan\n|-damage|p1a: Kulkulcan|0 fnt\n|faint|p1a: Kulkulcan\n|move|p1b: Sylveon|Calm Mind|p1b: Sylveon\n|-boost|p1b: Sylveon|spa|1\n|-boost|p1b: Sylveon|spd|1\n|move|p2a: sus|Spore|p1b: Sylveon\n|-status|p1b: Sylveon|slp|[from] move: Spore\n|\n|-heal|p2a: sus|37\/100|[from] item: Leftovers\n|upkeep\n|\n|t:|1681693528\n|switch|p1a: Hariyama|Hariyama, L50, M|100\/100\n|turn|3\n|\n|t:|1681693551\n|switch|p2a: peacock|Roaring Moon, L50|100\/100\n|move|p2b: fluttershy|Moonblast|p1a: Hariyama\n|-supereffective|p1a: Hariyama\n|-damage|p1a: Hariyama|0 fnt\n|faint|p1a: Hariyama\n|cant|p1b: Sylveon|slp\n|\n|upkeep\n|\n|t:|1681693558\n|switch|p1a: Iron Bundle|Iron Bundle, L50, shiny|100\/100\n|-enditem|p1a: Iron Bundle|Booster Energy\n|-activate|p1a: Iron Bundle|ability: Quark Drive|[fromitem]\n|-start|p1a: Iron Bundle|quarkdrivespe\n|turn|4\n|\n|t:|1681693587\n|-terastallize|p2a: peacock|Steel\n|move|p1a: Iron Bundle|Protect|p1a: Iron Bundle\n|-singleturn|p1a: Iron Bundle|Protect\n|move|p2b: fluttershy|Protect|p2b: fluttershy\n|-singleturn|p2b: fluttershy|Protect\n|move|p2a: peacock|Tera Blast|p1b: Sylveon\n|-supereffective|p1b: Sylveon\n|-damage|p1b: Sylveon|0 fnt\n|faint|p1b: Sylveon\n|\n|upkeep\n|turn|5\n|-message|vanirith forfeited.\n|\n|win|Sunshane17\n|raw|vanirith's rating: 1096 → 1067<\/strong> (-29 for losing)\n|raw|Sunshane17's rating: 1036 → 1077<\/strong> (+41 for winning)\n|l|\u2606vanirith\n","uploadtime":1681693605,"views":20,"p1id":"vanirith","p2id":"sunshane17","formatid":"gen9vgc2023regulationc","rating":1067,"private":0,"password":""}