{"id":"gen9vgc2023regulationc-1855822734","p1":"Dick Vanderclief","p2":"Smartest Albanian","format":"[Gen 9] VGC 2023 Regulation C","log":"|j|\u2606Dick Vanderclief\n|j|\u2606Smartest Albanian\n|t:|1682988304\n|gametype|doubles\n|player|p1|Dick Vanderclief|red-masters|1242\n|player|p2|Smartest Albanian|swimmer-gen4|1300\n|teamsize|p1|6\n|teamsize|p2|6\n|gen|9\n|tier|[Gen 9] VGC 2023 Regulation C\n|rated|\n|rule|Species Clause: Limit one of each Pok\u00e9mon\n|rule|Item Clause: Limit one of each item\n|clearpoke\n|poke|p1|Dondozo, L50, F|\n|poke|p1|Tatsugiri, L50, F|\n|poke|p1|Dragonite, L50, M|\n|poke|p1|Chien-Pao, L50|\n|poke|p1|Amoonguss, L50, M|\n|poke|p1|Flutter Mane, L50|\n|poke|p2|Tsareena, L50, F|\n|poke|p2|Iron Bundle, L50|\n|poke|p2|Talonflame, L50, M|\n|poke|p2|Vivillon-Jungle, L50, F|\n|poke|p2|Pelipper, L50, M|\n|poke|p2|Flutter Mane, L50|\n|teampreview|4\nDick Vanderclief has agreed to open team sheets.\n|\n|t:|1682988362\n|start\n|switch|p1a: Chien-Pao|Chien-Pao, L50|100\/100\n|switch|p1b: Dragonite|Dragonite, L50, M|100\/100\n|switch|p2a: Talonflame|Talonflame, L50, M, shiny|100\/100\n|switch|p2b: Vivillon|Vivillon-Jungle, L50, F|100\/100\n|-ability|p1a: Chien-Pao|Sword of Ruin\n|turn|1\n|\n|t:|1682988393\n|switch|p2a: Tsareena|Tsareena, L50, F|100\/100\n|-terastallize|p1b: Dragonite|Normal\n|move|p1b: Dragonite|Extreme Speed||[still]\n|cant|p2a: Tsareena|ability: Queenly Majesty|Extreme Speed|[of] p1b: Dragonite\n|move|p2b: Vivillon|Sleep Powder|p1a: Chien-Pao\n|-status|p1a: Chien-Pao|slp|[from] move: Sleep Powder\n|cant|p1a: Chien-Pao|slp\n|\n|upkeep\n|turn|2\n|\n|t:|1682988418\n|switch|p1b: Tatsugiri|Tatsugiri, L50, F|100\/100\n|move|p2b: Vivillon|Sleep Powder|p1b: Tatsugiri\n|-status|p1b: Tatsugiri|slp|[from] move: Sleep Powder\n|cant|p1a: Chien-Pao|slp\n|move|p2a: Tsareena|High Jump Kick|p1a: Chien-Pao\n|-supereffective|p1a: Chien-Pao\n|-enditem|p1a: Chien-Pao|Focus Sash\n|-damage|p1a: Chien-Pao|1\/100 slp\n|\n|upkeep\n|turn|3\n|\n|t:|1682988439\n|switch|p2b: Talonflame|Talonflame, L50, M, shiny|100\/100\n|switch|p1b: Dragonite|Dragonite, L50, M, tera:Normal|100\/100\n|cant|p1a: Chien-Pao|slp\n|move|p2a: Tsareena|Power Whip|p1a: Chien-Pao\n|-damage|p1a: Chien-Pao|0 fnt\n|faint|p1a: Chien-Pao\n|\n|upkeep\n|\n|t:|1682988446\n|switch|p1a: Dondozo|Dondozo, L50, F|100\/100\n|turn|4\n|\n|t:|1682988465\n|move|p2a: Tsareena|Protect|p2a: Tsareena\n|-singleturn|p2a: Tsareena|Protect\n|move|p1a: Dondozo|Protect|p1a: Dondozo\n|-singleturn|p1a: Dondozo|Protect\n|move|p2b: Talonflame|Will-O-Wisp|p1b: Dragonite\n|-status|p1b: Dragonite|brn\n|move|p1b: Dragonite|Facade|p2a: Tsareena\n|-activate|p2a: Tsareena|move: Protect\n|\n|-damage|p1b: Dragonite|94\/100 brn|[from] brn\n|upkeep\n|turn|5\n|\n|t:|1682988481\n|move|p2b: Talonflame|Tailwind|p2b: Talonflame\n|-sidestart|p2: Smartest Albanian|move: Tailwind\n|move|p2a: Tsareena|High Jump Kick|p1b: Dragonite\n|-supereffective|p1b: Dragonite\n|-damage|p1b: Dragonite|27\/100 brn\n|move|p1b: Dragonite|Facade|p2b: Talonflame\n|-damage|p2b: Talonflame|0 fnt\n|faint|p2b: Talonflame\n|move|p1a: Dondozo|Substitute|p1a: Dondozo\n|-start|p1a: Dondozo|Substitute\n|-damage|p1a: Dondozo|76\/100\n|\n|-heal|p1a: Dondozo|82\/100|[from] item: Leftovers\n|-damage|p1b: Dragonite|21\/100 brn|[from] brn\n|upkeep\n|\n|t:|1682988498\n|switch|p2b: Flutter Mane|Flutter Mane, L50, shiny|100\/100\n|turn|6\n|\n|t:|1682988509\n|move|p1a: Dondozo|Protect|p1a: Dondozo\n|-singleturn|p1a: Dondozo|Protect\n|move|p2b: Flutter Mane|Dazzling Gleam|p1b: Dragonite|[spread] p1b\n|-activate|p1a: Dondozo|move: Protect\n|-damage|p1b: Dragonite|0 fnt\n|faint|p1b: Dragonite\n|-damage|p2b: Flutter Mane|90\/100|[from] item: Life Orb\n|move|p2a: Tsareena|Power Whip|p1a: Dondozo\n|-activate|p1a: Dondozo|move: Protect\n|\n|-heal|p1a: Dondozo|88\/100|[from] item: Leftovers\n|upkeep\n|\n|t:|1682988514\n|switch|p1b: Tatsugiri|Tatsugiri, L50, F|100\/100 slp\n|-activate|p1b: Tatsugiri|ability: Commander|[of] p1a: Dondozo\n|-boost|p1a: Dondozo|atk|2\n|-boost|p1a: Dondozo|spa|2\n|-boost|p1a: Dondozo|spe|2\n|-boost|p1a: Dondozo|def|2\n|-boost|p1a: Dondozo|spd|2\n|turn|7\n|\n|t:|1682988539\n|move|p2b: Flutter Mane|Dazzling Gleam|p1a: Dondozo|[spread] p1a\n|-miss|p2b: Flutter Mane|p1b: Tatsugiri\n|-end|p1a: Dondozo|Substitute\n|-damage|p2b: Flutter Mane|80\/100|[from] item: Life Orb\n|move|p2a: Tsareena|Power Whip|p1a: Dondozo\n|-supereffective|p1a: Dondozo\n|-damage|p1a: Dondozo|48\/100\n|move|p1a: Dondozo|Order Up|p2a: Tsareena\n|-damage|p2a: Tsareena|49\/100\n|-boost|p1a: Dondozo|atk|1\n|\n|-heal|p1a: Dondozo|54\/100|[from] item: Leftovers\n|upkeep\n|turn|8\n|\n|t:|1682988563\n|-end|p2b: Flutter Mane|Protosynthesis|[silent]\n|switch|p2b: Vivillon|Vivillon-Jungle, L50, F|100\/100\n|move|p1a: Dondozo|Protect|p1a: Dondozo\n|-singleturn|p1a: Dondozo|Protect\n|move|p2a: Tsareena|Power Whip|p1a: Dondozo\n|-activate|p1a: Dondozo|move: Protect\n|\n|-heal|p1a: Dondozo|60\/100|[from] item: Leftovers\n|-sideend|p2: Smartest Albanian|move: Tailwind\n|upkeep\n|turn|9\n|\n|t:|1682988571\n|move|p2b: Vivillon|Sleep Powder|p1a: Dondozo\n|-status|p1a: Dondozo|slp|[from] move: Sleep Powder\n|cant|p1a: Dondozo|slp\n|move|p2a: Tsareena|Power Whip|p1a: Dondozo\n|-supereffective|p1a: Dondozo\n|-damage|p1a: Dondozo|23\/100 slp\n|\n|-heal|p1a: Dondozo|29\/100 slp|[from] item: Leftovers\n|upkeep\n|turn|10\n|c|\u2606Dick Vanderclief|lol\n|-message|Dick Vanderclief forfeited.\n|\n|win|Smartest Albanian\n|raw|Dick Vanderclief's rating: 1242 → 1221<\/strong> (-21 for losing)\n|raw|Smartest Albanian's rating: 1300 → 1321<\/strong> (+21 for winning)\n|l|\u2606Dick Vanderclief\n","uploadtime":1682988723,"views":11,"p1id":"dickvanderclief","p2id":"smartestalbanian","formatid":"gen9vgc2023regulationc","rating":1221,"private":0,"password":""}