{"id":"gen9vgc2023regulationc-1863718764","p1":"libica","p2":"WackoMarko","format":"[Gen 9] VGC 2023 Regulation C","log":"|j|\u2606libica\n|j|\u2606WackoMarko\n|t:|1684066566\n|gametype|doubles\n|player|p1|libica|101|1234\n|player|p2|WackoMarko|102|1223\n|teamsize|p1|6\n|teamsize|p2|6\n|gen|9\n|tier|[Gen 9] VGC 2023 Regulation C\n|rated|\n|rule|Species Clause: Limit one of each Pok\u00e9mon\n|rule|Item Clause: Limit one of each item\n|clearpoke\n|poke|p1|Lycanroc, L50, F|\n|poke|p1|Tyranitar, L50, M|\n|poke|p1|Arcanine, L50, F|\n|poke|p1|Flutter Mane, L50|\n|poke|p1|Gyarados, L50, M|\n|poke|p1|Amoonguss, L50, F|\n|poke|p2|Talonflame, L50, F|\n|poke|p2|Amoonguss, L50, M|\n|poke|p2|Flutter Mane, L50|\n|poke|p2|Chien-Pao, L50|\n|poke|p2|Gyarados, L50, M|\n|poke|p2|Dragapult, L50, F|\n|teampreview|4\n|j| ReAccel\nlibica rejected open team sheets.\n|\n|t:|1684066607\n|start\n|switch|p1a: Lycanroc|Lycanroc, L50, F|100\/100\n|switch|p1b: Tyranitar|Tyranitar, L50, M|100\/100\n|switch|p2a: Chien-Pao|Chien-Pao, L50|100\/100\n|switch|p2b: Gyarados|Gyarados, L50, M, shiny|100\/100\n|-ability|p2a: Chien-Pao|Sword of Ruin\n|-ability|p2b: Gyarados|Intimidate|boost\n|-unboost|p1a: Lycanroc|atk|1\n|-unboost|p1b: Tyranitar|atk|1\n|-weather|Sandstorm|[from] ability: Sand Stream|[of] p1b: Tyranitar\n|turn|1\n|\n|t:|1684066643\n|switch|p1b: Arcanine|Arcanine, L50, F|100\/100\n|-ability|p1b: Arcanine|Intimidate|boost\n|-unboost|p2a: Chien-Pao|atk|1\n|-unboost|p2b: Gyarados|atk|1\n|move|p2b: Gyarados|Protect|p2b: Gyarados\n|-singleturn|p2b: Gyarados|Protect\n|move|p2a: Chien-Pao|Sucker Punch|p1a: Lycanroc\n|-damage|p1a: Lycanroc|44\/100\n|move|p1a: Lycanroc|Close Combat|p2a: Chien-Pao\n|-supereffective|p2a: Chien-Pao\n|-enditem|p2a: Chien-Pao|Focus Sash\n|-damage|p2a: Chien-Pao|1\/100\n|-unboost|p1a: Lycanroc|def|1\n|-unboost|p1a: Lycanroc|spd|1\n|\n|-weather|Sandstorm|[upkeep]\n|-damage|p2a: Chien-Pao|0 fnt|[from] Sandstorm\n|-damage|p2b: Gyarados|95\/100|[from] Sandstorm\n|faint|p2a: Chien-Pao\n|upkeep\n|\n|t:|1684066665\n|switch|p2a: Dragapult|Dragapult, L50, F, shiny|100\/100\n|turn|2\n|inactive|Battle timer is ON: inactive players will automatically lose when time's up. (requested by WackoMarko)\n|\n|t:|1684066715\n|switch|p1b: Tyranitar|Tyranitar, L50, M|100\/100\n|-terastallize|p2a: Dragapult|Dragon\n|move|p1a: Lycanroc|Endure|p1a: Lycanroc\n|-singleturn|p1a: Lycanroc|move: Endure\n|move|p2a: Dragapult|Dragon Darts|p1b: Tyranitar\n|-damage|p1b: Tyranitar|61\/100\n|-anim|p2a: Dragapult|Dragon Darts|p1a: Lycanroc\n|-activate|p1a: Lycanroc|move: Endure\n|-damage|p1a: Lycanroc|1\/100\n|move|p2b: Gyarados|Waterfall|p1b: Tyranitar\n|-supereffective|p1b: Tyranitar\n|-damage|p1b: Tyranitar|18\/100\n|\n|-weather|Sandstorm|[upkeep]\n|-damage|p2a: Dragapult|94\/100|[from] Sandstorm\n|-damage|p2b: Gyarados|89\/100|[from] Sandstorm\n|upkeep\n|turn|3\n|inactive|libica has 30 seconds left.\n|inactive|libica has 20 seconds left.\n|inactive|libica has 15 seconds left.\n|inactive|libica has 10 seconds left.\n|inactive|libica has 5 seconds left.\n|\n|t:|1684066770\n|move|p2b: Gyarados|Protect|p2b: Gyarados\n|-singleturn|p2b: Gyarados|Protect\n|move|p1a: Lycanroc|Rock Slide|p2a: Dragapult|[spread] p2a\n|-activate|p2b: Gyarados|move: Protect\n|-damage|p2a: Dragapult|68\/100\n|move|p2a: Dragapult|Dragon Darts|p1b: Tyranitar\n|-crit|p1b: Tyranitar\n|-damage|p1b: Tyranitar|0 fnt\n|-anim|p2a: Dragapult|Dragon Darts|p1a: Lycanroc\n|-damage|p1a: Lycanroc|0 fnt\n|faint|p1b: Tyranitar\n|faint|p1a: Lycanroc\n|\n|-weather|Sandstorm|[upkeep]\n|-damage|p2a: Dragapult|62\/100|[from] Sandstorm\n|-damage|p2b: Gyarados|83\/100|[from] Sandstorm\n|upkeep\n|\n|t:|1684066787\n|switch|p1a: Arcanine|Arcanine, L50, F|100\/100\n|switch|p1b: Flutter Mane|Flutter Mane, L50|100\/100\n|-ability|p1a: Arcanine|Intimidate|boost\n|-fail|p2a: Dragapult|unboost|[from] ability: Clear Body|[of] p2a: Dragapult\n|-unboost|p2b: Gyarados|atk|1\n|-enditem|p1b: Flutter Mane|Booster Energy\n|-activate|p1b: Flutter Mane|ability: Protosynthesis|[fromitem]\n|-start|p1b: Flutter Mane|protosynthesisspe\n|turn|4\n|l| ReAccel\n|inactive|libica has 30 seconds left.\n|\n|t:|1684066814\n|switch|p2b: Flutter Mane|Flutter Mane, L50, shiny|100\/100\n|-terastallize|p1a: Arcanine|Grass\n|move|p1a: Arcanine|Extreme Speed|p2b: Flutter Mane\n|-immune|p2b: Flutter Mane\n|move|p1b: Flutter Mane|Dazzling Gleam|p2a: Dragapult|[spread] p2a,p2b\n|-supereffective|p2a: Dragapult\n|-damage|p2a: Dragapult|0 fnt\n|-damage|p2b: Flutter Mane|70\/100\n|faint|p2a: Dragapult\n|\n|-weather|Sandstorm|[upkeep]\n|-damage|p1b: Flutter Mane|94\/100|[from] Sandstorm\n|-damage|p2b: Flutter Mane|64\/100|[from] Sandstorm\n|upkeep\n|\n|t:|1684066826\n|switch|p2a: Gyarados|Gyarados, L50, M, shiny|83\/100\n|-ability|p2a: Gyarados|Intimidate|boost\n|-unboost|p1a: Arcanine|atk|1\n|-unboost|p1b: Flutter Mane|atk|1\n|turn|5\n|\n|t:|1684066843\n|move|p1a: Arcanine|Extreme Speed|p2a: Gyarados\n|-crit|p2a: Gyarados\n|-damage|p2a: Gyarados|45\/100\n|move|p1b: Flutter Mane|Shadow Ball|p2b: Flutter Mane\n|-supereffective|p2b: Flutter Mane\n|-damage|p2b: Flutter Mane|0 fnt\n|faint|p2b: Flutter Mane\n|-end|p2b: Flutter Mane|Protosynthesis|[silent]\n|move|p2a: Gyarados|Waterfall|p1a: Arcanine\n|-resisted|p1a: Arcanine\n|-damage|p1a: Arcanine|76\/100\n|\n|-weather|none\n|upkeep\n|turn|6\n|c|\u2606WackoMarko|gg\n|inactive|libica has 30 seconds left.\n|\n|t:|1684066872\n|move|p1a: Arcanine|Extreme Speed|p2a: Gyarados\n|-damage|p2a: Gyarados|29\/100\n|move|p1b: Flutter Mane|Moonblast|p2a: Gyarados\n|-damage|p2a: Gyarados|0 fnt\n|faint|p2a: Gyarados\n|\n|win|libica\n|raw|libica's rating: 1234 → 1258<\/strong> (+24 for winning)\n|raw|WackoMarko's rating: 1223 → 1199<\/strong> (-24 for losing)\n","uploadtime":1684066881,"views":10,"p1id":"libica","p2id":"wackomarko","formatid":"gen9vgc2023regulationc","rating":1199,"private":0,"password":""}