{"id":"gen9vgc2023regulationc-1851355319","p1":"Iono_1118","p2":"XinBluQAQ","format":"[Gen 9] VGC 2023 Regulation C","log":"|j|\u2606Iono_1118\n|j|\u2606XinBluQAQ\n|t:|1682438415\n|gametype|doubles\n|player|p1|Iono_1118|iono|\n|player|p2|XinBluQAQ|shadowtriad|\n|teamsize|p1|6\n|teamsize|p2|6\n|gen|9\n|tier|[Gen 9] VGC 2023 Regulation C\n|rule|Species Clause: Limit one of each Pok\u00e9mon\n|rule|Item Clause: Limit one of each item\n|clearpoke\n|poke|p1|Bellibolt, L50, M|\n|poke|p1|Wo-Chien, L50|\n|poke|p1|Scizor, L50, M|\n|poke|p1|Arcanine, L50, M|\n|poke|p1|Flutter Mane, L50|\n|poke|p1|Baxcalibur, L50, M|\n|poke|p2|Iron Bundle, L50|\n|poke|p2|Iron Hands, L50|\n|poke|p2|Garchomp, L50, M|\n|poke|p2|Chien-Pao, L50|\n|poke|p2|Flutter Mane, L50|\n|poke|p2|Chi-Yu, L50|\n|teampreview|4\nXinBluQAQ has agreed to open team sheets.\n|inactive|Battle timer is ON: inactive players will automatically lose when time's up. (requested by Iono_1118)\nIono_1118 has agreed to open team sheets.\n|inactive|Iono_1118 has 60 seconds left.\n|inactive|XinBluQAQ has 60 seconds left.\n|inactive|Iono_1118 has 30 seconds left.\n|inactive|XinBluQAQ has 30 seconds left.\n|inactive|XinBluQAQ has 20 seconds left.\n|\n|t:|1682438528\n|start\n|switch|p1a: \u5947\u6a39\u86d9\u86d9|Bellibolt, L50, M, shiny|100\/100\n|switch|p1b: \u5de8\u795e\u5175|Baxcalibur, L50, M, shiny|100\/100\n|switch|p2a: Iron Hands|Iron Hands, L50, shiny|100\/100\n|switch|p2b: Garchomp|Garchomp, L50, M|100\/100\n|turn|1\n|inactive|Iono_1118 has 30 seconds left.\n|inactive|XinBluQAQ has 30 seconds left.\n|inactive|Iono_1118 has 20 seconds left.\n|inactive|XinBluQAQ has 20 seconds left.\n|inactive|Iono_1118 has 15 seconds left.\n|inactive|XinBluQAQ has 15 seconds left.\n|inactive|XinBluQAQ has 10 seconds left.\n|\n|t:|1682438574\n|switch|p1a: \u632f\u7ffc\u624b\u9f8d|Flutter Mane, L50, shiny|100\/100\n|move|p2b: Garchomp|Protect|p2b: Garchomp\n|-singleturn|p2b: Garchomp|Protect\n|move|p1b: \u5de8\u795e\u5175|Protect|p1b: \u5de8\u795e\u5175\n|-singleturn|p1b: \u5de8\u795e\u5175|Protect\n|move|p2a: Iron Hands|Close Combat|p1b: \u5de8\u795e\u5175\n|-activate|p1b: \u5de8\u795e\u5175|move: Protect\n|\n|upkeep\n|turn|2\n|inactive|Iono_1118 has 30 seconds left.\n|inactive|XinBluQAQ has 30 seconds left.\n|inactive|Iono_1118 has 20 seconds left.\n|inactive|XinBluQAQ has 20 seconds left.\n|inactive|Iono_1118 has 15 seconds left.\n|inactive|XinBluQAQ has 15 seconds left.\n|inactive|Iono_1118 has 10 seconds left.\n|inactive|XinBluQAQ has 10 seconds left.\n|inactive|XinBluQAQ has 5 seconds left.\n|\n|t:|1682438624\n|-terastallize|p2b: Garchomp|Poison\n|move|p1a: \u632f\u7ffc\u624b\u9f8d|Psyshock|p2b: Garchomp\n|-supereffective|p2b: Garchomp\n|-damage|p2b: Garchomp|0 fnt\n|faint|p2b: Garchomp\n|move|p1b: \u5de8\u795e\u5175|Icicle Spear|p2a: Iron Hands\n|-damage|p2a: Iron Hands|89\/100\n|-damage|p2a: Iron Hands|78\/100\n|-damage|p2a: Iron Hands|67\/100\n|-damage|p2a: Iron Hands|55\/100\n|-hitcount|p2a: Iron Hands|4\n|move|p2a: Iron Hands|Close Combat|p1b: \u5de8\u795e\u5175\n|-supereffective|p1b: \u5de8\u795e\u5175\n|-damage|p1b: \u5de8\u795e\u5175|0 fnt\n|-unboost|p2a: Iron Hands|def|1\n|-unboost|p2a: Iron Hands|spd|1\n|faint|p1b: \u5de8\u795e\u5175\n|\n|upkeep\n|\n|t:|1682438643\n|switch|p2b: Flutter Mane|Flutter Mane, L50|100\/100\n|switch|p1b: \u5947\u6a39\u86d9\u86d9|Bellibolt, L50, M, shiny|100\/100\n|turn|3\n|inactive|XinBluQAQ has 30 seconds left.\n|inactive|XinBluQAQ has 20 seconds left.\n|inactive|XinBluQAQ has 15 seconds left.\n|inactive|Iono_1118 has 30 seconds left.\n|inactive|XinBluQAQ has 10 seconds left.\n|\n|t:|1682438696\n|-end|p1a: \u632f\u7ffc\u624b\u9f8d|Protosynthesis|[silent]\n|switch|p1a: \u6a5f\u7532\u6230\u795e|Scizor, L50, M, shiny|100\/100\n|move|p2b: Flutter Mane|Shadow Ball|p1a: \u6a5f\u7532\u6230\u795e\n|-damage|p1a: \u6a5f\u7532\u6230\u795e|31\/100\n|move|p2a: Iron Hands|Wild Charge|p1a: \u6a5f\u7532\u6230\u795e\n|-damage|p1a: \u6a5f\u7532\u6230\u795e|0 fnt\n|faint|p1a: \u6a5f\u7532\u6230\u795e\n|-damage|p2a: Iron Hands|49\/100|[from] Recoil\n|move|p1b: \u5947\u6a39\u86d9\u86d9|Parabolic Charge|p2b: Flutter Mane|[spread] p2a,p2b\n|-resisted|p2a: Iron Hands\n|-damage|p2a: Iron Hands|42\/100\n|-damage|p2b: Flutter Mane|83\/100\n|\n|upkeep\n|\n|t:|1682438707\n|switch|p1a: \u632f\u7ffc\u624b\u9f8d|Flutter Mane, L50, shiny|100\/100\n|turn|4\n|\n|t:|1682438722\n|-terastallize|p1a: \u632f\u7ffc\u624b\u9f8d|Fairy\n|move|p1a: \u632f\u7ffc\u624b\u9f8d|Dazzling Gleam|p2a: Iron Hands|[spread] p2a,p2b\n|-supereffective|p2a: Iron Hands\n|-damage|p2a: Iron Hands|0 fnt\n|-damage|p2b: Flutter Mane|29\/100\n|faint|p2a: Iron Hands\n|-end|p2a: Iron Hands|Quark Drive|[silent]\n|move|p2b: Flutter Mane|Shadow Ball|p1a: \u632f\u7ffc\u624b\u9f8d\n|-damage|p1a: \u632f\u7ffc\u624b\u9f8d|34\/100\n|-unboost|p1a: \u632f\u7ffc\u624b\u9f8d|spd|1\n|move|p1b: \u5947\u6a39\u86d9\u86d9|Muddy Water|p2b: Flutter Mane\n|-damage|p2b: Flutter Mane|5\/100\n|\n|upkeep\n|\n|t:|1682438734\n|switch|p2a: Iron Bundle|Iron Bundle, L50|100\/100\n|-enditem|p2a: Iron Bundle|Booster Energy\n|-activate|p2a: Iron Bundle|ability: Quark Drive|[fromitem]\n|-start|p2a: Iron Bundle|quarkdrivespe\n|turn|5\n|inactive|XinBluQAQ has 30 seconds left.\n|inactive|XinBluQAQ has 20 seconds left.\n|\n|t:|1682438773\n|move|p2a: Iron Bundle|Freeze-Dry|p1a: \u632f\u7ffc\u624b\u9f8d\n|-damage|p1a: \u632f\u7ffc\u624b\u9f8d|0 fnt\n|faint|p1a: \u632f\u7ffc\u624b\u9f8d\n|-end|p1a: \u632f\u7ffc\u624b\u9f8d|Protosynthesis|[silent]\n|move|p2b: Flutter Mane|Shadow Ball|p1b: \u5947\u6a39\u86d9\u86d9\n|-damage|p1b: \u5947\u6a39\u86d9\u86d9|56\/100\n|-start|p1b: \u5947\u6a39\u86d9\u86d9|Charge|Shadow Ball|[from] ability: Electromorphosis\n|move|p1b: \u5947\u6a39\u86d9\u86d9|Parabolic Charge|p2b: Flutter Mane|[spread] p2a,p2b\n|-supereffective|p2a: Iron Bundle\n|-damage|p2a: Iron Bundle|0 fnt\n|-heal|p1b: \u5947\u6a39\u86d9\u86d9|91\/100|[from] drain|[of] p2a: Iron Bundle\n|-damage|p2b: Flutter Mane|0 fnt\n|-heal|p1b: \u5947\u6a39\u86d9\u86d9|93\/100|[from] drain|[of] p2b: Flutter Mane\n|faint|p2a: Iron Bundle\n|-end|p2a: Iron Bundle|Quark Drive|[silent]\n|faint|p2b: Flutter Mane\n|-end|p2b: Flutter Mane|Protosynthesis|[silent]\n|-end|p1b: \u5947\u6a39\u86d9\u86d9|Charge|[silent]\n|\n|win|Iono_1118\n|l|\u2606XinBluQAQ\n|j|\u2606XinBluQAQ\n|player|p2|XinBluQAQ|shadowtriad\n","uploadtime":1682438792,"views":11,"p1id":"iono1118","p2id":"xinbluqaq","formatid":"gen9vgc2023regulationc","rating":0,"private":0,"password":""}