{"id":"gen9vgc2023regulationc-1845701802","p1":"Tetlak","p2":"Valhala Alfa","format":"[Gen 9] VGC 2023 Regulation C","log":"|j|\u2606Tetlak\n|j|\u2606Valhala Alfa\n|t:|1681756814\n|gametype|doubles\n|player|p1|Tetlak|2|1247\n|player|p2|Valhala Alfa|1|1237\n|teamsize|p1|6\n|teamsize|p2|6\n|gen|9\n|tier|[Gen 9] VGC 2023 Regulation C\n|rated|\n|rule|Species Clause: Limit one of each Pok\u00e9mon\n|rule|Item Clause: Limit one of each item\n|clearpoke\n|poke|p1|Dachsbun, L50, F|\n|poke|p1|Chi-Yu, L50|\n|poke|p1|Baxcalibur, L50, M|\n|poke|p1|Amoonguss, L50, M|\n|poke|p1|Gyarados, L50, M|\n|poke|p1|Flutter Mane, L50|\n|poke|p2|Gyarados, L50, M|\n|poke|p2|Maushold, L50|\n|poke|p2|Annihilape, L50, M|\n|poke|p2|Ampharos, L50, M|\n|poke|p2|Baxcalibur, L50, F|\n|poke|p2|Amoonguss, L50, F|\n|teampreview|4\nValhala Alfa rejected open team sheets.\n|inactive|Battle timer is ON: inactive players will automatically lose when time's up. (requested by Valhala Alfa)\n|inactive|Valhala Alfa has 60 seconds left.\n|inactive|Valhala Alfa has 30 seconds left.\n|inactive|Valhala Alfa has 20 seconds left.\n|inactive|Valhala Alfa has 15 seconds left.\n|\n|t:|1681756896\n|start\n|switch|p1a: Chi-Yu|Chi-Yu, L50|100\/100\n|switch|p1b: Dachsbun|Dachsbun, L50, F|100\/100\n|switch|p2a: Gyarados|Gyarados, L50, M, shiny|100\/100\n|switch|p2b: Ampharos|Ampharos, L50, M|100\/100\n|-ability|p1a: Chi-Yu|Beads of Ruin\n|-ability|p2a: Gyarados|Intimidate|boost\n|-unboost|p1a: Chi-Yu|atk|1\n|-unboost|p1b: Dachsbun|atk|1\n|turn|1\n|inactive|Valhala Alfa has 30 seconds left.\n|inactive|Valhala Alfa has 20 seconds left.\n|\n|t:|1681756933\n|move|p1a: Chi-Yu|Lava Plume|p2b: Ampharos|[spread] p2a,p2b\n|-ability|p1b: Dachsbun|Well-Baked Body|boost\n|-boost|p1b: Dachsbun|def|2\n|-resisted|p2a: Gyarados\n|-damage|p2a: Gyarados|78\/100\n|-damage|p2b: Ampharos|62\/100\n|-status|p2b: Ampharos|brn\n|-enditem|p2b: Ampharos|Eject Button\n|c|\u2606Tetlak|tf is going on here\n|\n|t:|1681756957\n|switch|p2b: Maushold|Maushold, L50|100\/100\n|move|p2a: Gyarados|Dragon Dance|p2a: Gyarados\n|-boost|p2a: Gyarados|atk|1\n|-boost|p2a: Gyarados|spe|1\n|move|p1b: Dachsbun|Body Press|p2b: Maushold\n|-supereffective|p2b: Maushold\n|-damage|p2b: Maushold|3\/100\n|-enditem|p2b: Maushold|Sitrus Berry|[eat]\n|-heal|p2b: Maushold|28\/100|[from] item: Sitrus Berry\n|\n|upkeep\n|turn|2\n|inactive|Tetlak has 30 seconds left.\n|inactive|Tetlak has 20 seconds left.\n|\n|t:|1681756995\n|move|p2a: Gyarados|Waterfall|p1a: Chi-Yu\n|-supereffective|p1a: Chi-Yu\n|-enditem|p1a: Chi-Yu|Focus Sash\n|-damage|p1a: Chi-Yu|1\/100\n|move|p1a: Chi-Yu|Dark Pulse|p2a: Gyarados\n|-crit|p2a: Gyarados\n|-damage|p2a: Gyarados|16\/100\n|move|p2b: Maushold|Super Fang|p1b: Dachsbun\n|-damage|p1b: Dachsbun|50\/100\n|move|p1b: Dachsbun|Play Rough|p2a: Gyarados\n|-damage|p2a: Gyarados|0 fnt\n|faint|p2a: Gyarados\n|\n|-heal|p1b: Dachsbun|57\/100|[from] item: Leftovers\n|upkeep\n|\n|t:|1681757008\n|switch|p2a: Baxcalibur|Baxcalibur, L50, F|100\/100\n|turn|3\n|inactive|Valhala Alfa has 30 seconds left.\n|\n|t:|1681757035\n|-terastallize|p2a: Baxcalibur|Poison\n|move|p1a: Chi-Yu|Protect|p1a: Chi-Yu\n|-singleturn|p1a: Chi-Yu|Protect\n|move|p2a: Baxcalibur|Ice Shard|p1a: Chi-Yu\n|-activate|p1a: Chi-Yu|move: Protect\n|move|p2b: Maushold|Super Fang|p1b: Dachsbun|[miss]\n|-miss|p2b: Maushold|p1b: Dachsbun\n|move|p1b: Dachsbun|Body Press|p2b: Maushold\n|-supereffective|p2b: Maushold\n|-damage|p2b: Maushold|0 fnt\n|faint|p2b: Maushold\n|\n|-heal|p1b: Dachsbun|63\/100|[from] item: Leftovers\n|upkeep\n|\n|t:|1681757046\n|switch|p2b: Ampharos|Ampharos, L50, M|62\/100 brn\n|turn|4\n|\n|t:|1681757065\n|move|p2a: Baxcalibur|Ice Shard|p1a: Chi-Yu\n|-resisted|p1a: Chi-Yu\n|-damage|p1a: Chi-Yu|0 fnt\n|faint|p1a: Chi-Yu\n|move|p1b: Dachsbun|Body Press|p2b: Ampharos\n|-damage|p2b: Ampharos|25\/100 brn\n|move|p2b: Ampharos|Volt Switch|p1b: Dachsbun\n|-damage|p1b: Dachsbun|36\/100\n|\n|-heal|p1b: Dachsbun|43\/100|[from] item: Leftovers\n|-damage|p2b: Ampharos|19\/100 brn|[from] brn\n|upkeep\n|\n|t:|1681757076\n|switch|p1a: Baxcalibur|Baxcalibur, L50, M|100\/100\n|turn|5\n|\n|t:|1681757085\n|move|p1b: Dachsbun|Body Press|p2b: Ampharos\n|-damage|p2b: Ampharos|0 fnt\n|faint|p2b: Ampharos\n|move|p1a: Baxcalibur|Glaive Rush|p2a: Baxcalibur\n|-damage|p2a: Baxcalibur|33\/100\n|-singlemove|p1a: Baxcalibur|Glaive Rush|[silent]\n|move|p2a: Baxcalibur|Glaive Rush|p1a: Baxcalibur\n|-supereffective|p1a: Baxcalibur\n|-damage|p1a: Baxcalibur|0 fnt\n|-singlemove|p2a: Baxcalibur|Glaive Rush|[silent]\n|faint|p1a: Baxcalibur\n|\n|-heal|p1b: Dachsbun|49\/100|[from] item: Leftovers\n|upkeep\n|\n|t:|1681757090\n|switch|p1a: Flutter Mane|Flutter Mane, L50|100\/100\n|turn|6\n|\n|t:|1681757097\n|move|p2a: Baxcalibur|Protect|p2a: Baxcalibur\n|-singleturn|p2a: Baxcalibur|Protect\n|move|p1a: Flutter Mane|Shadow Ball|p2a: Baxcalibur\n|-activate|p2a: Baxcalibur|move: Protect\n|move|p1b: Dachsbun|Body Press|p2a: Baxcalibur\n|-activate|p2a: Baxcalibur|move: Protect\n|\n|-heal|p1b: Dachsbun|55\/100|[from] item: Leftovers\n|upkeep\n|turn|7\n|\n|t:|1681757103\n|move|p2a: Baxcalibur|Ice Shard|p1a: Flutter Mane\n|-damage|p1a: Flutter Mane|47\/100\n|move|p1a: Flutter Mane|Shadow Ball|p2a: Baxcalibur\n|-crit|p2a: Baxcalibur\n|-damage|p2a: Baxcalibur|0 fnt\n|faint|p2a: Baxcalibur\n|\n|win|Tetlak\n|raw|Tetlak's rating: 1247 → 1271<\/strong> (+24 for winning)\n|raw|Valhala Alfa's rating: 1237 → 1213<\/strong> (-24 for losing)\n|l|\u2606Tetlak\n","uploadtime":1681757110,"views":9,"p1id":"tetlak","p2id":"valhalaalfa","formatid":"gen9vgc2023regulationc","rating":1213,"private":0,"password":""}