{"id":"gen9vgc2023regulationc-1845978733","p1":"shhh6","p2":"Wereporpoise","format":"[Gen 9] VGC 2023 Regulation C","log":"|j|\u2606shhh6\n|j|\u2606Wereporpoise\n|t:|1681786523\n|gametype|doubles\n|player|p1|shhh6|101|1090\n|player|p2|Wereporpoise|fantina|1152\n|teamsize|p1|6\n|teamsize|p2|6\n|gen|9\n|tier|[Gen 9] VGC 2023 Regulation C\n|rated|\n|rule|Species Clause: Limit one of each Pok\u00e9mon\n|rule|Item Clause: Limit one of each item\n|clearpoke\n|poke|p1|Torkoal, L50, M|\n|poke|p1|Chi-Yu, L50|\n|poke|p1|Bronzong, L50|\n|poke|p1|Gastrodon, L50, F|\n|poke|p1|Grimmsnarl, L50, M|\n|poke|p1|Skeledirge, L50, F|\n|poke|p2|Sableye, L50, M|\n|poke|p2|Ceruledge, L50, F|\n|poke|p2|Iron Bundle, L50|\n|poke|p2|Flutter Mane, L50|\n|poke|p2|Amoonguss, L50, F|\n|poke|p2|Dragonite, L50, F|\n|teampreview|4\n|inactive|Battle timer is ON: inactive players will automatically lose when time's up. (requested by Wereporpoise)\n|c|\u2606Wereporpoise|glhf\n|\n|t:|1681786579\n|start\n|switch|p1a: Grimmsnarl|Grimmsnarl, L50, M|100\/100\n|switch|p1b: Chi-Yu|Chi-Yu, L50|100\/100\n|switch|p2a: Flutter Mane|Flutter Mane, L50|100\/100\n|switch|p2b: Sableye|Sableye, L50, M|100\/100\n|-ability|p1b: Chi-Yu|Beads of Ruin\n|turn|1\n|\n|t:|1681786600\n|switch|p1a: Bronzong|Bronzong, L50|100\/100\n|move|p2b: Sableye|Light Screen|p2b: Sableye\n|-sidestart|p2: Wereporpoise|move: Light Screen\n|move|p2a: Flutter Mane|Dazzling Gleam|p1b: Chi-Yu|[spread] p1a,p1b\n|-resisted|p1a: Bronzong\n|-damage|p1a: Bronzong|73\/100\n|-damage|p1b: Chi-Yu|58\/100\n|move|p1b: Chi-Yu|Snarl|p2a: Flutter Mane|[spread] p2a,p2b\n|-damage|p2a: Flutter Mane|84\/100\n|-damage|p2b: Sableye|84\/100\n|-unboost|p2a: Flutter Mane|spa|1\n|-unboost|p2b: Sableye|spa|1\n|\n|upkeep\n|turn|2\n|inactive|Wereporpoise has 30 seconds left.\n|\n|t:|1681786634\n|-end|p2a: Flutter Mane|Protosynthesis|[silent]\n|switch|p2a: Iron Bundle|Iron Bundle, L50|100\/100\n|-enditem|p2a: Iron Bundle|Booster Energy\n|-activate|p2a: Iron Bundle|ability: Quark Drive|[fromitem]\n|-start|p2a: Iron Bundle|quarkdrivespe\n|move|p2b: Sableye|Reflect|p2b: Sableye\n|-sidestart|p2: Wereporpoise|Reflect\n|move|p1b: Chi-Yu|Snarl|p2b: Sableye|[spread] p2a,p2b\n|-damage|p2a: Iron Bundle|68\/100\n|-damage|p2b: Sableye|65\/100\n|-unboost|p2a: Iron Bundle|spa|1\n|-unboost|p2b: Sableye|spa|1\n|move|p1a: Bronzong|Iron Head|p2a: Iron Bundle\n|-damage|p2a: Iron Bundle|45\/100\n|\n|upkeep\n|turn|3\n|inactive|Wereporpoise has 30 seconds left.\n|\n|t:|1681786662\n|switch|p1a: Grimmsnarl|Grimmsnarl, L50, M|100\/100\n|move|p1b: Chi-Yu|Protect|p1b: Chi-Yu\n|-singleturn|p1b: Chi-Yu|Protect\n|move|p2b: Sableye|Disable|p1a: Grimmsnarl\n|-hint|Since gen 7, Dark is immune to Prankster moves.\n|-immune|p1a: Grimmsnarl\n|move|p2a: Iron Bundle|Hydro Pump|p1b: Chi-Yu\n|-activate|p1b: Chi-Yu|move: Protect\n|\n|upkeep\n|turn|4\n|inactive|Wereporpoise has 30 seconds left.\n|\n|t:|1681786697\n|move|p1a: Grimmsnarl|Fake Out|p2a: Iron Bundle\n|-damage|p2a: Iron Bundle|34\/100\n|move|p2b: Sableye|Light Screen||[still]\n|-fail|p2b: Sableye\n|cant|p2a: Iron Bundle|flinch\n|move|p1b: Chi-Yu|Snarl|p2b: Sableye|[spread] p2a,p2b\n|-damage|p2a: Iron Bundle|0 fnt\n|-damage|p2b: Sableye|48\/100\n|-unboost|p2b: Sableye|spa|1\n|faint|p2a: Iron Bundle\n|-end|p2a: Iron Bundle|Quark Drive|[silent]\n|\n|upkeep\n|\n|t:|1681786709\n|switch|p2a: Flutter Mane|Flutter Mane, L50|84\/100\n|turn|5\n|inactive|Wereporpoise has 30 seconds left.\n|\n|t:|1681786735\n|move|p1b: Chi-Yu|Protect|p1b: Chi-Yu\n|-singleturn|p1b: Chi-Yu|Protect\n|move|p2b: Sableye|Reflect||[still]\n|-fail|p2b: Sableye\n|move|p1a: Grimmsnarl|Trick|p2a: Flutter Mane\n|-activate|p1a: Grimmsnarl|move: Trick|[of] p2a: Flutter Mane\n|-item|p2a: Flutter Mane|Lagging Tail|[from] move: Trick\n|-item|p1a: Grimmsnarl|Choice Specs|[from] move: Trick\n|move|p2a: Flutter Mane|Dazzling Gleam|p1a: Grimmsnarl|[spread] p1a\n|-activate|p1b: Chi-Yu|move: Protect\n|-supereffective|p1a: Grimmsnarl\n|-damage|p1a: Grimmsnarl|2\/100\n|\n|upkeep\n|turn|6\n|inactive|Wereporpoise has 30 seconds left.\n|\n|t:|1681786766\n|move|p2b: Sableye|Reflect||[still]\n|-fail|p2b: Sableye\n|move|p1b: Chi-Yu|Snarl|p2b: Sableye|[spread] p2a,p2b\n|-damage|p2a: Flutter Mane|70\/100\n|-damage|p2b: Sableye|30\/100\n|-unboost|p2a: Flutter Mane|spa|1\n|-unboost|p2b: Sableye|spa|1\n|move|p1a: Grimmsnarl|Spirit Break|p2a: Flutter Mane\n|-damage|p2a: Flutter Mane|32\/100\n|-unboost|p2a: Flutter Mane|spa|1\n|move|p2a: Flutter Mane|Dazzling Gleam|p1b: Chi-Yu|[spread] p1a,p1b\n|-supereffective|p1a: Grimmsnarl\n|-damage|p1a: Grimmsnarl|0 fnt\n|-damage|p1b: Chi-Yu|43\/100\n|faint|p1a: Grimmsnarl\n|\n|upkeep\n|\n|t:|1681786785\n|switch|p1a: Bronzong|Bronzong, L50|73\/100\n|turn|7\n|\n|t:|1681786805\n|-end|p2a: Flutter Mane|Protosynthesis|[silent]\n|switch|p2a: Ceruledge|Ceruledge, L50, F|100\/100\n|move|p2b: Sableye|Light Screen||[still]\n|-fail|p2b: Sableye\n|move|p1b: Chi-Yu|Substitute|p1b: Chi-Yu\n|-start|p1b: Chi-Yu|Substitute\n|-damage|p1b: Chi-Yu|19\/100\n|-enditem|p1b: Chi-Yu|Wiki Berry|[eat]\n|-heal|p1b: Chi-Yu|52\/100|[from] item: Wiki Berry\n|move|p1a: Bronzong|Iron Head|p2a: Ceruledge\n|-resisted|p2a: Ceruledge\n|-damage|p2a: Ceruledge|91\/100\n|\n|-heal|p2a: Ceruledge|97\/100|[from] item: Leftovers\n|upkeep\n|turn|8\n|\n|t:|1681786829\n|switch|p1a: Skeledirge|Skeledirge, L50, F|100\/100\n|-terastallize|p2a: Ceruledge|Steel\n|move|p2b: Sableye|Disable||[still]\n|-fail|p2b: Sableye\n|move|p1b: Chi-Yu|Snarl|p2b: Sableye|[spread] p2a,p2b\n|-damage|p2a: Ceruledge|83\/100\n|-damage|p2b: Sableye|13\/100\n|-unboost|p2a: Ceruledge|spa|1\n|-unboost|p2b: Sableye|spa|1\n|move|p2a: Ceruledge|Bitter Blade|p1a: Skeledirge\n|-resisted|p1a: Skeledirge\n|-crit|p1a: Skeledirge\n|-damage|p1a: Skeledirge|75\/100\n|-heal|p2a: Ceruledge|98\/100|[from] drain|[of] p1a: Skeledirge\n|\n|-heal|p2a: Ceruledge|100\/100|[from] item: Leftovers\n|-heal|p1a: Skeledirge|81\/100|[from] item: Leftovers\n|-sideend|p2: Wereporpoise|move: Light Screen\n|upkeep\n|turn|9\n|inactive|Wereporpoise has 30 seconds left.\n|inactive|Wereporpoise has 20 seconds left.\n|inactive|shhh6 has 30 seconds left.\n|\n|t:|1681786871\n|move|p1b: Chi-Yu|Protect|p1b: Chi-Yu\n|-singleturn|p1b: Chi-Yu|Protect\n|move|p2b: Sableye|Light Screen|p2b: Sableye\n|-sidestart|p2: Wereporpoise|move: Light Screen\n|move|p2a: Ceruledge|Bulk Up|p2a: Ceruledge\n|-boost|p2a: Ceruledge|atk|1\n|-boost|p2a: Ceruledge|def|1\n|move|p1a: Skeledirge|Torch Song|p2b: Sableye\n|-damage|p2b: Sableye|0 fnt\n|-boost|p1a: Skeledirge|spa|1\n|faint|p2b: Sableye\n|\n|-heal|p1a: Skeledirge|87\/100|[from] item: Leftovers\n|-sideend|p2: Wereporpoise|Reflect\n|upkeep\n|\n|t:|1681786884\n|switch|p2b: Flutter Mane|Flutter Mane, L50|32\/100\n|turn|10\n|\n|t:|1681786904\n|-terastallize|p1b: Chi-Yu|Ghost\n|move|p2a: Ceruledge|Shadow Sneak|p1a: Skeledirge\n|-supereffective|p1a: Skeledirge\n|-damage|p1a: Skeledirge|41\/100\n|move|p1b: Chi-Yu|Tera Blast|p2b: Flutter Mane\n|-supereffective|p2b: Flutter Mane\n|-damage|p2b: Flutter Mane|0 fnt\n|faint|p2b: Flutter Mane\n|-end|p2b: Flutter Mane|Protosynthesis|[silent]\n|move|p1a: Skeledirge|Encore|p2a: Ceruledge\n|-start|p2a: Ceruledge|Encore\n|\n|-heal|p1a: Skeledirge|46\/100|[from] item: Leftovers\n|upkeep\n|turn|11\n|\n|t:|1681786920\n|move|p1b: Chi-Yu|Protect|p1b: Chi-Yu\n|-singleturn|p1b: Chi-Yu|Protect\n|move|p1a: Skeledirge|Protect|p1a: Skeledirge\n|-singleturn|p1a: Skeledirge|Protect\n|move|p2a: Ceruledge|Shadow Sneak|p1a: Skeledirge\n|-activate|p1a: Skeledirge|move: Protect\n|\n|-heal|p1a: Skeledirge|52\/100|[from] item: Leftovers\n|upkeep\n|turn|12\n|\n|t:|1681786929\n|move|p2a: Ceruledge|Shadow Sneak|p1a: Skeledirge\n|-supereffective|p1a: Skeledirge\n|-damage|p1a: Skeledirge|2\/100\n|move|p1b: Chi-Yu|Tera Blast|p2a: Ceruledge\n|-damage|p2a: Ceruledge|72\/100\n|move|p1a: Skeledirge|Tera Blast|p2a: Ceruledge\n|-resisted|p2a: Ceruledge\n|-damage|p2a: Ceruledge|57\/100\n|\n|-heal|p2a: Ceruledge|63\/100|[from] item: Leftovers\n|-heal|p1a: Skeledirge|8\/100|[from] item: Leftovers\n|upkeep\n|turn|13\n|\n|t:|1681786945\n|move|p1b: Chi-Yu|Protect|p1b: Chi-Yu\n|-singleturn|p1b: Chi-Yu|Protect\n|move|p1a: Skeledirge|Protect|p1a: Skeledirge\n|-singleturn|p1a: Skeledirge|Protect\n|move|p2a: Ceruledge|Shadow Sneak|p1a: Skeledirge\n|-activate|p1a: Skeledirge|move: Protect\n|\n|-heal|p2a: Ceruledge|69\/100|[from] item: Leftovers\n|-heal|p1a: Skeledirge|14\/100|[from] item: Leftovers\n|-end|p2a: Ceruledge|Encore\n|upkeep\n|turn|14\n|\n|t:|1681786972\n|switch|p1a: Bronzong|Bronzong, L50|73\/100\n|move|p2a: Ceruledge|Shadow Sneak|p1a: Bronzong\n|-supereffective|p1a: Bronzong\n|-enditem|p1a: Bronzong|Kasib Berry|[eat]\n|-enditem|p1a: Bronzong|Kasib Berry|[weaken]\n|-damage|p1a: Bronzong|53\/100\n|move|p1b: Chi-Yu|Tera Blast|p2a: Ceruledge\n|-damage|p2a: Ceruledge|43\/100\n|\n|-heal|p2a: Ceruledge|49\/100|[from] item: Leftovers\n|upkeep\n|turn|15\n|\n|t:|1681786994\n|move|p1b: Chi-Yu|Tera Blast|p2a: Ceruledge\n|-damage|p2a: Ceruledge|23\/100\n|move|p2a: Ceruledge|Bitter Blade|p1a: Bronzong\n|-supereffective|p1a: Bronzong\n|-damage|p1a: Bronzong|0 fnt\n|-heal|p2a: Ceruledge|48\/100|[from] drain|[of] p1a: Bronzong\n|faint|p1a: Bronzong\n|\n|-heal|p2a: Ceruledge|54\/100|[from] item: Leftovers\n|upkeep\n|\n|t:|1681786997\n|switch|p1a: Skeledirge|Skeledirge, L50, F|14\/100\n|turn|16\n|inactive|Wereporpoise has 30 seconds left.\n|inactive|Wereporpoise has 20 seconds left.\n|\n|t:|1681787033\n|move|p1b: Chi-Yu|Protect|p1b: Chi-Yu\n|-singleturn|p1b: Chi-Yu|Protect\n|move|p1a: Skeledirge|Protect|p1a: Skeledirge\n|-singleturn|p1a: Skeledirge|Protect\n|move|p2a: Ceruledge|Bitter Blade|p1a: Skeledirge\n|-activate|p1a: Skeledirge|move: Protect\n|\n|-heal|p2a: Ceruledge|60\/100|[from] item: Leftovers\n|-heal|p1a: Skeledirge|19\/100|[from] item: Leftovers\n|-sideend|p2: Wereporpoise|move: Light Screen\n|upkeep\n|turn|17\n|inactive|Wereporpoise has 30 seconds left.\n|\n|t:|1681787048\n|move|p2a: Ceruledge|Shadow Sneak|p1a: Skeledirge\n|-supereffective|p1a: Skeledirge\n|-damage|p1a: Skeledirge|0 fnt\n|faint|p1a: Skeledirge\n|move|p1b: Chi-Yu|Tera Blast|p2a: Ceruledge\n|-damage|p2a: Ceruledge|22\/100\n|\n|-heal|p2a: Ceruledge|28\/100|[from] item: Leftovers\n|upkeep\n|turn|18\n|inactive|Wereporpoise has 30 seconds left this turn.\n|inactive|Wereporpoise has 20 seconds left.\n|inactive|Wereporpoise has 15 seconds left.\n|\n|t:|1681787067\n|move|p2a: Ceruledge|Protect|p2a: Ceruledge\n|-singleturn|p2a: Ceruledge|Protect\n|move|p1b: Chi-Yu|Tera Blast|p2a: Ceruledge\n|-activate|p2a: Ceruledge|move: Protect\n|\n|-heal|p2a: Ceruledge|34\/100|[from] item: Leftovers\n|upkeep\n|turn|19\n|inactive|Wereporpoise has 15 seconds left this turn.\n|inactive|Wereporpoise has 10 seconds left.\n|inactive|Wereporpoise has 5 seconds left.\n|\n|t:|1681787079\n|move|p2a: Ceruledge|Protect||[still]\n|-fail|p2a: Ceruledge\n|move|p1b: Chi-Yu|Tera Blast|p2a: Ceruledge\n|-damage|p2a: Ceruledge|0 fnt\n|faint|p2a: Ceruledge\n|\n|win|shhh6\n|inactive|Wereporpoise has 5 seconds left this turn.\n|raw|shhh6's rating: 1090 → 1121<\/strong> (+31 for winning)\n|raw|Wereporpoise's rating: 1152 → 1123<\/strong> (-29 for losing)\n","uploadtime":1681787083,"views":4,"p1id":"shhh6","p2id":"wereporpoise","formatid":"gen9vgc2023regulationc","rating":1121,"private":0,"password":""}