{"id":"gen9vgc2023regulationc-1846788095","p1":"MCsquidzy","p2":"KewlTheo","format":"[Gen 9] VGC 2023 Regulation C","log":"|j|\u2606MCsquidzy\n|j|\u2606KewlTheo\n|t:|1681879414\n|gametype|doubles\n|player|p1|MCsquidzy|wattson|1000\n|player|p2|KewlTheo|hilbert|1029\n|teamsize|p1|6\n|teamsize|p2|6\n|gen|9\n|tier|[Gen 9] VGC 2023 Regulation C\n|rated|\n|rule|Species Clause: Limit one of each Pok\u00e9mon\n|rule|Item Clause: Limit one of each item\n|clearpoke\n|poke|p1|Lycanroc-Midnight, L50, M|\n|poke|p1|Umbreon, L50, F|\n|poke|p1|Cryogonal, L50|\n|poke|p1|Abomasnow, L50, F|\n|poke|p1|Dondozo, L50, M|\n|poke|p1|Tatsugiri, L50, M|\n|poke|p2|Breloom, L50, F|\n|poke|p2|Tinkaton, L50, F|\n|poke|p2|Eelektross, L50, M|\n|poke|p2|Tauros-Paldea-Aqua, L50, M|\n|poke|p2|Iron Jugulis, L50|\n|poke|p2|Chi-Yu, L50|\n|teampreview|4\n|inactive|Battle timer is ON: inactive players will automatically lose when time's up. (requested by MCsquidzy)\nMCsquidzy has agreed to open team sheets.\nKewlTheo has agreed to open team sheets.\n|inactive|KewlTheo has 60 seconds left.\n|inactive|KewlTheo has 30 seconds left.\n|inactive|KewlTheo has 20 seconds left.\n|\n|t:|1681879488\n|start\n|switch|p1a: Lycanroc|Lycanroc-Midnight, L50, M|100\/100\n|switch|p1b: Umbreon|Umbreon, L50, F|100\/100\n|switch|p2a: Tauros|Tauros-Paldea-Aqua, L50, M|100\/100\n|switch|p2b: Tinkaton|Tinkaton, L50, F|100\/100\n|-ability|p2a: Tauros|Intimidate|boost\n|-unboost|p1a: Lycanroc|atk|1\n|-fail|p1b: Umbreon|unboost|Attack|[from] ability: Inner Focus|[of] p1b: Umbreon\n|-ability|p2b: Tinkaton|Mold Breaker\n|turn|1\n|inactive|KewlTheo has 30 seconds left.\n|\n|t:|1681879514\n|move|p2a: Tauros|Close Combat|p1b: Umbreon\n|-supereffective|p1b: Umbreon\n|-damage|p1b: Umbreon|8\/100\n|-unboost|p2a: Tauros|def|1\n|-unboost|p2a: Tauros|spd|1\n|move|p1b: Umbreon|Skill Swap|p1a: Lycanroc\n|-activate|p1b: Umbreon|move: Skill Swap|||[of] p1a: Lycanroc\n|move|p2b: Tinkaton|Thunder Wave|p1a: Lycanroc\n|-status|p1a: Lycanroc|par\n|move|p1a: Lycanroc|Play Rough|p2a: Tauros\n|-supereffective|p2a: Tauros\n|-damage|p2a: Tauros|30\/100\n|\n|upkeep\n|turn|2\n|inactive|KewlTheo has 30 seconds left.\n|\n|t:|1681879540\n|switch|p1a: Dondozo|Dondozo, L50, M|100\/100\n|move|p1b: Umbreon|Protect|p1b: Umbreon\n|-singleturn|p1b: Umbreon|Protect\n|move|p2a: Tauros|Raging Bull|p1a: Dondozo\n|-resisted|p1a: Dondozo\n|-damage|p1a: Dondozo|86\/100\n|move|p2b: Tinkaton|Encore|p1b: Umbreon\n|-activate|p1b: Umbreon|move: Protect\n|\n|-heal|p1a: Dondozo|93\/100|[from] item: Leftovers\n|upkeep\n|turn|3\n|inactive|KewlTheo has 30 seconds left.\n|\n|t:|1681879568\n|switch|p2a: Eelektross|Eelektross, L50, M|100\/100\n|move|p1b: Umbreon|Skill Swap|p1a: Dondozo\n|-activate|p1b: Umbreon|move: Skill Swap|||[of] p1a: Dondozo\n|move|p2b: Tinkaton|Thunder Wave|p1a: Dondozo\n|-status|p1a: Dondozo|par\n|move|p1a: Dondozo|Fissure|p2b: Tinkaton\n|-damage|p2b: Tinkaton|0 fnt\n|faint|p2b: Tinkaton\n|-ohko\n|\n|-heal|p1a: Dondozo|99\/100 par|[from] item: Leftovers\n|upkeep\n|inactive|KewlTheo has 30 seconds left.\n|\n|t:|1681879598\n|switch|p2b: Iron Jugulis|Iron Jugulis, L50|100\/100\n|-enditem|p2b: Iron Jugulis|Booster Energy\n|-activate|p2b: Iron Jugulis|ability: Quark Drive|[fromitem]\n|-start|p2b: Iron Jugulis|quarkdrivespe\n|turn|4\n|\n|t:|1681879625\n|switch|p1b: Lycanroc|Lycanroc-Midnight, L50, M|100\/100 par\n|move|p2b: Iron Jugulis|Air Slash|p1b: Lycanroc\n|-resisted|p1b: Lycanroc\n|-damage|p1b: Lycanroc|79\/100 par\n|move|p2a: Eelektross|Volt Switch|p1a: Dondozo\n|-supereffective|p1a: Dondozo\n|-damage|p1a: Dondozo|62\/100 par\n|\n|t:|1681879634\n|switch|p2a: Tauros|Tauros-Paldea-Aqua, L50, M|30\/100|[from] Volt Switch\n|-ability|p2a: Tauros|Intimidate|boost\n|-unboost|p1a: Dondozo|atk|1\n|-unboost|p1b: Lycanroc|atk|1\n|move|p1a: Dondozo|Rest|p1a: Dondozo\n|-status|p1a: Dondozo|slp|[from] move: Rest\n|-heal|p1a: Dondozo|100\/100 slp|[silent]\n|\n|upkeep\n|turn|5\n|\n|t:|1681879654\n|move|p2b: Iron Jugulis|Dark Pulse|p1a: Dondozo\n|-damage|p1a: Dondozo|77\/100 slp\n|move|p2a: Tauros|Close Combat|p1b: Lycanroc\n|-supereffective|p1b: Lycanroc\n|-damage|p1b: Lycanroc|0 fnt\n|-unboost|p2a: Tauros|def|1\n|-unboost|p2a: Tauros|spd|1\n|faint|p1b: Lycanroc\n|cant|p1a: Dondozo|slp\n|move|p1a: Dondozo|Sleep Talk|p1a: Dondozo\n|move|p1a: Dondozo|Rest||[from]move: Sleep Talk|[still]\n|-fail|p1a: Dondozo\n|\n|-heal|p1a: Dondozo|83\/100 slp|[from] item: Leftovers\n|upkeep\n|\n|t:|1681879667\n|switch|p1b: Tatsugiri|Tatsugiri, L50, M|100\/100\n|-activate|p1b: Tatsugiri|ability: Commander|[of] p1a: Dondozo\n|-boost|p1a: Dondozo|atk|2\n|-boost|p1a: Dondozo|spa|2\n|-boost|p1a: Dondozo|spe|2\n|-boost|p1a: Dondozo|def|2\n|-boost|p1a: Dondozo|spd|2\n|turn|6\n|\n|t:|1681879682\n|switch|p2a: Eelektross|Eelektross, L50, M|100\/100\n|move|p2b: Iron Jugulis|Taunt|p1a: Dondozo\n|-start|p1a: Dondozo|move: Taunt\n|cant|p1a: Dondozo|slp\n|cant|p1a: Dondozo|move: Taunt|Sleep Talk\n|\n|-heal|p1a: Dondozo|89\/100 slp|[from] item: Leftovers\n|upkeep\n|turn|7\n|\n|t:|1681879699\n|move|p2b: Iron Jugulis|Dark Pulse|p1a: Dondozo\n|-damage|p1a: Dondozo|76\/100 slp\n|-curestatus|p1a: Dondozo|slp|[msg]\n|move|p1a: Dondozo|Fissure|p2a: Eelektross\n|-immune|p2a: Eelektross|[from] ability: Levitate\n|move|p2a: Eelektross|Thunderbolt|p1a: Dondozo\n|-supereffective|p1a: Dondozo\n|-damage|p1a: Dondozo|50\/100\n|\n|-heal|p1a: Dondozo|56\/100|[from] item: Leftovers\n|upkeep\n|turn|8\n|-message|MCsquidzy forfeited.\n|\n|win|KewlTheo\n|raw|MCsquidzy's rating: 1000 → 1000<\/strong> (+0 for losing)\n|raw|KewlTheo's rating: 1029 → 1062<\/strong> (+33 for winning)\n|l|\u2606MCsquidzy\n","uploadtime":1681879727,"views":8,"p1id":"mcsquidzy","p2id":"kewltheo","formatid":"gen9vgc2023regulationc","rating":1000,"private":0,"password":""}