{"id":"gen9vgc2023regulationc-1864043772","p1":"fangeddragon96","p2":"Texas Landsharks","format":"[Gen 9] VGC 2023 Regulation C","log":"|j|\u2606fangeddragon96\n|j|\u2606Texas Landsharks\n|t:|1684109530\n|gametype|doubles\n|player|p1|fangeddragon96|2|\n|player|p2|Texas Landsharks|cynthia|\n|teamsize|p1|6\n|teamsize|p2|6\n|gen|9\n|tier|[Gen 9] VGC 2023 Regulation C\n|rule|Species Clause: Limit one of each Pok\u00e9mon\n|rule|Item Clause: Limit one of each item\n|clearpoke\n|poke|p1|Iron Hands, L50|\n|poke|p1|Stonjourner, L50, M|\n|poke|p1|Polteageist, L50|\n|poke|p1|Bombirdier, L50, M|\n|poke|p1|Rotom-Heat, L50|\n|poke|p1|Floatzel, L50, F|\n|poke|p2|Torkoal, L50, F|\n|poke|p2|Hariyama, L50, F|\n|poke|p2|Oranguru, L50, F|\n|poke|p2|Sandy Shocks, L50|\n|poke|p2|Cryogonal, L50|\n|poke|p2|Spiritomb, L50, M|\n|teampreview|4\nTexas Landsharks rejected open team sheets.\n|c|\u2606fangeddragon96|g1\n|c|\u2606fangeddragon96|glhf\n|c|\u2606Texas Landsharks|u2\n|\n|t:|1684109680\n|start\n|switch|p1a: AngryMicrowave|Rotom-Heat, L50, shiny|100\/100\n|switch|p1b: SilverSurfer|Floatzel, L50, F, shiny|100\/100\n|switch|p2a: Funky Monkey|Oranguru, L50, F, shiny|100\/100\n|switch|p2b: Cowabunga Dude|Torkoal, L50, F|100\/100\n|-weather|SunnyDay|[from] ability: Drought|[of] p2b: Cowabunga Dude\n|turn|1\n|\n|t:|1684109695\n|-terastallize|p1b: SilverSurfer|Water\n|move|p2b: Cowabunga Dude|Protect|p2b: Cowabunga Dude\n|-singleturn|p2b: Cowabunga Dude|Protect\n|move|p1a: AngryMicrowave|Rain Dance|p1a: AngryMicrowave\n|-weather|RainDance\n|move|p1b: SilverSurfer|Wave Crash|p2a: Funky Monkey\n|-damage|p2a: Funky Monkey|0 fnt\n|faint|p2a: Funky Monkey\n|-damage|p1b: SilverSurfer|60\/100|[from] Recoil\n|\n|-weather|RainDance|[upkeep]\n|upkeep\n|\n|t:|1684109706\n|switch|p2a: Mucha Lucha|Hariyama, L50, F, shiny|100\/100\n|turn|2\n|\n|t:|1684109720\n|switch|p2b: Mind Craft Steve|Spiritomb, L50, M|100\/100\n|move|p2a: Mucha Lucha|Fake Out|p1b: SilverSurfer\n|-damage|p1b: SilverSurfer|42\/100\n|cant|p1b: SilverSurfer|flinch\n|move|p1a: AngryMicrowave|Thunder|p2b: Mind Craft Steve\n|-damage|p2b: Mind Craft Steve|64\/100\n|-status|p2b: Mind Craft Steve|par\n|\n|-weather|RainDance|[upkeep]\n|-status|p2a: Mucha Lucha|brn|[from] item: Flame Orb\n|upkeep\n|turn|3\n|\n|t:|1684109744\n|switch|p2b: Cowabunga Dude|Torkoal, L50, F|100\/100\n|-weather|SunnyDay|[from] ability: Drought|[of] p2b: Cowabunga Dude\n|move|p1a: AngryMicrowave|Helping Hand|p1b: SilverSurfer\n|-singleturn|p1b: SilverSurfer|Helping Hand|[of] p1a: AngryMicrowave\n|move|p1b: SilverSurfer|Wave Crash|p2b: Cowabunga Dude\n|-supereffective|p2b: Cowabunga Dude\n|-damage|p2b: Cowabunga Dude|0 fnt\n|faint|p2b: Cowabunga Dude\n|-damage|p1b: SilverSurfer|6\/100|[from] Recoil\n|move|p2a: Mucha Lucha|Close Combat|p1a: AngryMicrowave\n|-damage|p1a: AngryMicrowave|0 fnt\n|-unboost|p2a: Mucha Lucha|def|1\n|-unboost|p2a: Mucha Lucha|spd|1\n|faint|p1a: AngryMicrowave\n|\n|-weather|SunnyDay|[upkeep]\n|-damage|p2a: Mucha Lucha|95\/100 brn|[from] brn\n|upkeep\n|\n|t:|1684109766\n|switch|p1a: Thunder Thighs|Iron Hands, L50, shiny|100\/100\n|switch|p2b: Mind Craft Steve|Spiritomb, L50, M|64\/100 par\n|-enditem|p1a: Thunder Thighs|Booster Energy\n|-activate|p1a: Thunder Thighs|ability: Quark Drive|[fromitem]\n|-start|p1a: Thunder Thighs|quarkdriveatk\n|turn|4\n|\n|t:|1684109784\n|move|p1a: Thunder Thighs|Fake Out|p2a: Mucha Lucha\n|-damage|p2a: Mucha Lucha|59\/100 brn\n|move|p1b: SilverSurfer|Wave Crash|p2b: Mind Craft Steve\n|-damage|p2b: Mind Craft Steve|15\/100 par\n|-enditem|p2b: Mind Craft Steve|Sitrus Berry|[eat]\n|-heal|p2b: Mind Craft Steve|40\/100 par|[from] item: Sitrus Berry\n|-damage|p1b: SilverSurfer|0 fnt|[from] Recoil\n|faint|p1b: SilverSurfer\n|cant|p2a: Mucha Lucha|flinch\n|move|p2b: Mind Craft Steve|Snarl|p1a: Thunder Thighs\n|-resisted|p1a: Thunder Thighs\n|-damage|p1a: Thunder Thighs|93\/100\n|-unboost|p1a: Thunder Thighs|spa|1\n|\n|-weather|SunnyDay|[upkeep]\n|-damage|p2a: Mucha Lucha|53\/100 brn|[from] brn\n|upkeep\n|\n|t:|1684109799\n|switch|p1b: Stumbles|Stonjourner, L50, M, shiny|100\/100\n|turn|5\n|\n|t:|1684109822\n|move|p1b: Stumbles|Rock Slide|p2b: Mind Craft Steve|[spread] p2a,p2b\n|-resisted|p2a: Mucha Lucha\n|-damage|p2a: Mucha Lucha|33\/100 brn\n|-damage|p2b: Mind Craft Steve|13\/100 par\n|cant|p2a: Mucha Lucha|flinch\n|move|p1a: Thunder Thighs|Close Combat|p2a: Mucha Lucha\n|-damage|p2a: Mucha Lucha|0 fnt\n|-unboost|p1a: Thunder Thighs|def|1\n|-unboost|p1a: Thunder Thighs|spd|1\n|faint|p2a: Mucha Lucha\n|move|p2b: Mind Craft Steve|Will-O-Wisp|p1a: Thunder Thighs\n|-status|p1a: Thunder Thighs|brn\n|\n|-weather|SunnyDay|[upkeep]\n|-damage|p1a: Thunder Thighs|87\/100 brn|[from] brn\n|upkeep\n|turn|6\n|j| Toronto 6ix\n|\n|t:|1684109840\n|move|p1b: Stumbles|Rock Slide|p2b: Mind Craft Steve\n|-damage|p2b: Mind Craft Steve|0 fnt\n|faint|p2b: Mind Craft Steve\n|\n|win|fangeddragon96\n|c|\u2606Texas Landsharks|gg\n|c|\u2606fangeddragon96|ggs\n|l| Toronto 6ix\n|j| Memebasedgod\n|l| Memebasedgod\n|j| RylektVGC\n|l| RylektVGC\n|l|\u2606fangeddragon96\n","uploadtime":1684109850,"views":18,"p1id":"fangeddragon96","p2id":"texaslandsharks","formatid":"gen9vgc2023regulationc","rating":0,"private":0,"password":""}