{"id":"gen9vgc2023regulationc-1859475502","p1":"LeChamp James","p2":"UncleDrewTest","format":"[Gen 9] VGC 2023 Regulation C","log":"|j|\u2606LeChamp James\n|j|\u2606UncleDrewTest\n|t:|1683473336\n|gametype|doubles\n|player|p1|LeChamp James|hoopster|1209\n|player|p2|UncleDrewTest|benga|1176\n|teamsize|p1|6\n|teamsize|p2|6\n|gen|9\n|tier|[Gen 9] VGC 2023 Regulation C\n|rated|\n|rule|Species Clause: Limit one of each Pok\u00e9mon\n|rule|Item Clause: Limit one of each item\n|clearpoke\n|poke|p1|Baxcalibur, L50, M|\n|poke|p1|Arcanine, L50, M|\n|poke|p1|Palafin, L50, M|\n|poke|p1|Amoonguss, L50, M|\n|poke|p1|Flutter Mane, L50|\n|poke|p1|Garganacl, L50, M|\n|poke|p2|Orthworm, L50, M|\n|poke|p2|Dragonite, L50, M|\n|poke|p2|Ting-Lu, L50|\n|poke|p2|Gyarados, L50, F|\n|poke|p2|Flutter Mane, L50|\n|poke|p2|Chien-Pao, L50|\n|teampreview|4\n|\n|t:|1683473365\n|start\n|switch|p1a: Flutter Mane|Flutter Mane, L50, shiny|100\/100\n|switch|p1b: Garganacl|Garganacl, L50, M, shiny|100\/100\n|switch|p2a: Orthworm|Orthworm, L50, M|100\/100\n|switch|p2b: Ting-Lu|Ting-Lu, L50|100\/100\n|-ability|p2b: Ting-Lu|Vessel of Ruin\n|turn|1\n|\n|t:|1683473413\n|-end|p1a: Flutter Mane|Protosynthesis|[silent]\n|switch|p1a: Arcanine|Arcanine, L50, M, shiny|100\/100\n|-ability|p1a: Arcanine|Intimidate|boost\n|-unboost|p2a: Orthworm|atk|1\n|-unboost|p2b: Ting-Lu|atk|1\n|-terastallize|p1b: Garganacl|Water\n|move|p2b: Ting-Lu|Bulldoze|p1b: Garganacl|[spread] p1a,p1b\n|-immune|p2a: Orthworm|[from] ability: Earth Eater\n|-supereffective|p1a: Arcanine\n|-damage|p1a: Arcanine|56\/100\n|-damage|p1b: Garganacl|88\/100\n|-unboost|p1a: Arcanine|spe|1\n|-unboost|p1b: Garganacl|spe|1\n|move|p2a: Orthworm|Shed Tail|p2a: Orthworm\n|-start|p2a: Orthworm|Substitute|[from] move: Shed Tail\n|-damage|p2a: Orthworm|50\/100\n|-enditem|p2a: Orthworm|Sitrus Berry|[eat]\n|-heal|p2a: Orthworm|75\/100|[from] item: Sitrus Berry\n|\n|t:|1683473430\n|switch|p2a: Dragonite|Dragonite, L50, M|100\/100|[from] Shed Tail\n|move|p1b: Garganacl|Salt Cure|p2a: Dragonite\n|-supereffective|p2a: Dragonite\n|-activate|p2a: Dragonite|move: Substitute|[damage]\n|\n|-heal|p1b: Garganacl|94\/100|[from] item: Leftovers\n|upkeep\n|turn|2\n|inactive|Battle timer is ON: inactive players will automatically lose when time's up. (requested by LeChamp James)\n|\n|t:|1683473451\n|move|p2a: Dragonite|Dragon Dance|p2a: Dragonite\n|-boost|p2a: Dragonite|atk|1\n|-boost|p2a: Dragonite|spe|1\n|move|p2b: Ting-Lu|Bulldoze|p1b: Garganacl|[spread] p1a,p1b\n|-immune|p2a: Dragonite\n|-supereffective|p1a: Arcanine\n|-damage|p1a: Arcanine|15\/100\n|-damage|p1b: Garganacl|80\/100\n|-unboost|p1a: Arcanine|spe|1\n|-unboost|p1b: Garganacl|spe|1\n|move|p1b: Garganacl|Salt Cure|p2b: Ting-Lu\n|-resisted|p2b: Ting-Lu\n|-damage|p2b: Ting-Lu|96\/100\n|-start|p2b: Ting-Lu|Salt Cure\n|move|p1a: Arcanine|Roar|p2a: Dragonite\n|drag|p2a: Orthworm|Orthworm, L50, M|75\/100\n|\n|-heal|p1b: Garganacl|86\/100|[from] item: Leftovers\n|-damage|p2b: Ting-Lu|84\/100|[from] Salt Cure\n|upkeep\n|turn|3\n|inactive|LeChamp James has 30 seconds left.\n|inactive|UncleDrewTest has 30 seconds left.\n|inactive|UncleDrewTest has 20 seconds left.\n|\n|t:|1683473488\n|switch|p1a: Amoonguss|Amoonguss, L50, M, shiny|100\/100\n|-terastallize|p2a: Orthworm|Fire\n|move|p2b: Ting-Lu|Bulldoze|p1b: Garganacl|[spread] p1a,p1b\n|-heal|p2a: Orthworm|100\/100|[from] ability: Earth Eater|[of] p2b: Ting-Lu\n|-damage|p1a: Amoonguss|82\/100\n|-damage|p1b: Garganacl|72\/100\n|-unboost|p1a: Amoonguss|spe|1\n|-unboost|p1b: Garganacl|spe|1\n|move|p2a: Orthworm|Iron Defense|p2a: Orthworm\n|-boost|p2a: Orthworm|def|2\n|move|p1b: Garganacl|Iron Defense|p1b: Garganacl\n|-boost|p1b: Garganacl|def|2\n|\n|-heal|p1b: Garganacl|78\/100|[from] item: Leftovers\n|-damage|p2b: Ting-Lu|71\/100|[from] Salt Cure\n|upkeep\n|turn|4\n|inactive|UncleDrewTest has 30 seconds left.\n|inactive|UncleDrewTest has 20 seconds left.\n|inactive|UncleDrewTest has 15 seconds left.\n|\n|t:|1683473529\n|move|p2b: Ting-Lu|Bulldoze|p1a: Amoonguss|[spread] p1a,p1b\n|-immune|p2a: Orthworm|[from] ability: Earth Eater\n|-damage|p1a: Amoonguss|64\/100\n|-damage|p1b: Garganacl|71\/100\n|-unboost|p1a: Amoonguss|spe|1\n|-unboost|p1b: Garganacl|spe|1\n|move|p2a: Orthworm|Body Press|p1a: Amoonguss\n|-resisted|p1a: Amoonguss\n|-damage|p1a: Amoonguss|40\/100\n|-enditem|p1a: Amoonguss|Sitrus Berry|[eat]\n|-heal|p1a: Amoonguss|64\/100|[from] item: Sitrus Berry\n|move|p1a: Amoonguss|Spore|p2b: Ting-Lu\n|-status|p2b: Ting-Lu|slp|[from] move: Spore\n|move|p1b: Garganacl|Salt Cure|p2a: Orthworm\n|-supereffective|p2a: Orthworm\n|-crit|p2a: Orthworm\n|-damage|p2a: Orthworm|69\/100\n|-start|p2a: Orthworm|Salt Cure\n|\n|-heal|p1b: Garganacl|77\/100|[from] item: Leftovers\n|-damage|p2b: Ting-Lu|59\/100 slp|[from] Salt Cure\n|-damage|p2a: Orthworm|57\/100|[from] Salt Cure\n|upkeep\n|turn|5\n|inactive|LeChamp James has 30 seconds left.\n|\n|t:|1683473562\n|switch|p2b: Dragonite|Dragonite, L50, M|100\/100\n|move|p2a: Orthworm|Iron Defense|p2a: Orthworm\n|-boost|p2a: Orthworm|def|2\n|move|p1a: Amoonguss|Spore|p2a: Orthworm\n|-status|p2a: Orthworm|slp|[from] move: Spore\n|move|p1b: Garganacl|Salt Cure|p2a: Orthworm\n|-supereffective|p2a: Orthworm\n|-damage|p2a: Orthworm|50\/100 slp\n|\n|-heal|p1b: Garganacl|83\/100|[from] item: Leftovers\n|-damage|p2a: Orthworm|38\/100 slp|[from] Salt Cure\n|upkeep\n|turn|6\n|\n|t:|1683473579\n|switch|p1a: Arcanine|Arcanine, L50, M, shiny|15\/100\n|-ability|p1a: Arcanine|Intimidate|boost\n|-unboost|p2a: Orthworm|atk|1\n|-unboost|p2b: Dragonite|atk|1\n|move|p2b: Dragonite|Earthquake|p1b: Garganacl|[spread] p1a,p1b\n|-heal|p2a: Orthworm|63\/100 slp|[from] ability: Earth Eater|[of] p2b: Dragonite\n|-supereffective|p1a: Arcanine\n|-damage|p1a: Arcanine|0 fnt\n|-damage|p1b: Garganacl|76\/100\n|faint|p1a: Arcanine\n|cant|p2a: Orthworm|slp\n|move|p1b: Garganacl|Salt Cure|p2b: Dragonite\n|-supereffective|p2b: Dragonite\n|-damage|p2b: Dragonite|84\/100\n|-start|p2b: Dragonite|Salt Cure\n|\n|-heal|p1b: Garganacl|82\/100|[from] item: Leftovers\n|-damage|p2b: Dragonite|72\/100|[from] Salt Cure\n|-damage|p2a: Orthworm|50\/100 slp|[from] Salt Cure\n|upkeep\n|\n|t:|1683473595\n|switch|p1a: Flutter Mane|Flutter Mane, L50, shiny|100\/100\n|turn|7\n|inactive|LeChamp James has 30 seconds left.\n|\n|t:|1683473621\n|switch|p2b: Ting-Lu|Ting-Lu, L50|59\/100 slp\n|-ability|p2b: Ting-Lu|Vessel of Ruin\n|move|p1a: Flutter Mane|Dazzling Gleam|p2a: Orthworm|[spread] p2a,p2b\n|-resisted|p2a: Orthworm\n|-crit|p2a: Orthworm\n|-supereffective|p2b: Ting-Lu\n|-damage|p2a: Orthworm|24\/100 slp\n|-damage|p2b: Ting-Lu|13\/100 slp\n|cant|p2a: Orthworm|slp\n|move|p1b: Garganacl|Salt Cure|p2b: Ting-Lu\n|-resisted|p2b: Ting-Lu\n|-damage|p2b: Ting-Lu|8\/100 slp\n|-start|p2b: Ting-Lu|Salt Cure\n|\n|-heal|p1b: Garganacl|88\/100|[from] item: Leftovers\n|-damage|p2b: Ting-Lu|0 fnt|[from] Salt Cure\n|faint|p2b: Ting-Lu\n|-damage|p2a: Orthworm|12\/100 slp|[from] Salt Cure\n|upkeep\n|\n|t:|1683473637\n|switch|p2b: Gyarados|Gyarados, L50, F|100\/100\n|-ability|p2b: Gyarados|Intimidate|boost\n|-unboost|p1a: Flutter Mane|atk|1\n|-unboost|p1b: Garganacl|atk|1\n|turn|8\n|\n|t:|1683473644\n|move|p1a: Flutter Mane|Dazzling Gleam|p2b: Gyarados|[spread] p2a,p2b\n|-resisted|p2a: Orthworm\n|-damage|p2a: Orthworm|0 fnt\n|-damage|p2b: Gyarados|65\/100\n|faint|p2a: Orthworm\n|move|p2b: Gyarados|Bulldoze|p1b: Garganacl|[spread] p1a,p1b\n|-damage|p1a: Flutter Mane|82\/100\n|-damage|p1b: Garganacl|83\/100\n|-unboost|p1a: Flutter Mane|spe|1\n|-unboost|p1b: Garganacl|spe|1\n|move|p1b: Garganacl|Salt Cure|p2b: Gyarados\n|-supereffective|p2b: Gyarados\n|-crit|p2b: Gyarados\n|-damage|p2b: Gyarados|26\/100\n|-start|p2b: Gyarados|Salt Cure\n|\n|-heal|p1b: Garganacl|89\/100|[from] item: Leftovers\n|-damage|p2b: Gyarados|1\/100|[from] Salt Cure\n|upkeep\n|\n|t:|1683473649\n|switch|p2a: Dragonite|Dragonite, L50, M|72\/100\n|turn|9\n|\n|t:|1683473664\n|-end|p1a: Flutter Mane|Protosynthesis|[silent]\n|switch|p1a: Amoonguss|Amoonguss, L50, M, shiny|97\/100\n|move|p2a: Dragonite|Dragon Dance|p2a: Dragonite\n|-boost|p2a: Dragonite|atk|1\n|-boost|p2a: Dragonite|spe|1\n|move|p2b: Gyarados|Waterfall|p1a: Amoonguss\n|-resisted|p1a: Amoonguss\n|-crit|p1a: Amoonguss\n|-damage|p1a: Amoonguss|76\/100\n|move|p1b: Garganacl|Salt Cure|p2a: Dragonite\n|-supereffective|p2a: Dragonite\n|-damage|p2a: Dragonite|53\/100\n|-start|p2a: Dragonite|Salt Cure\n|\n|-heal|p1b: Garganacl|95\/100|[from] item: Leftovers\n|-damage|p2a: Dragonite|40\/100|[from] Salt Cure\n|-damage|p2b: Gyarados|0 fnt|[from] Salt Cure\n|faint|p2b: Gyarados\n|upkeep\n|turn|10\n|l|\u2606UncleDrewTest\n|inactive|UncleDrewTest disconnected and has a minute to reconnect!\n|player|p2|\n|inactive|LeChamp James has 30 seconds left.\n|inactive|UncleDrewTest has 30 seconds left.\n|c|\u2606LeChamp James|da salt lol\n|inactive|LeChamp James has 20 seconds left.\n|inactive|UncleDrewTest has 20 seconds left.\n|inactive|UncleDrewTest has 15 seconds left.\n|inactive|UncleDrewTest has 10 seconds left.\n|inactive|UncleDrewTest has 5 seconds left.\n|-message|UncleDrewTest lost due to inactivity.\n|\n|win|LeChamp James\n|raw|LeChamp James's rating: 1209 → 1232<\/strong> (+23 for winning)\n|raw|UncleDrewTest's rating: 1176 → 1153<\/strong> (-23 for losing)\n","uploadtime":1683473904,"views":10,"p1id":"lechampjames","p2id":"uncledrewtest","formatid":"gen9vgc2023regulationc","rating":1153,"private":0,"password":""}