{"id":"gen9vgc2023regulationc-1845254956","p1":"YouSlakingBro","p2":"chipp zanuff 7","format":"[Gen 9] VGC 2023 Regulation C","log":"|j|\u2606YouSlakingBro\n|j|\u2606chipp zanuff 7\n|t:|1681702789\n|gametype|doubles\n|player|p1|YouSlakingBro|2|\n|player|p2|chipp zanuff 7|101|\n|teamsize|p1|6\n|teamsize|p2|4\n|gen|9\n|tier|[Gen 9] VGC 2023 Regulation C\n|rated|Tournament battle\n|rule|Species Clause: Limit one of each Pok\u00e9mon\n|rule|Item Clause: Limit one of each item\n|clearpoke\n|poke|p1|Indeedee-F, L50, F|\n|poke|p1|Hatterene, L50, F|\n|poke|p1|Torkoal, L50, M|\n|poke|p1|Iron Hands, L50|\n|poke|p1|Brute Bonnet, L50|\n|poke|p1|Chi-Yu, L50|\n|poke|p2|Arcanine, L50, M|\n|poke|p2|Amoonguss, L50, M|\n|poke|p2|Palafin, L50, F|\n|poke|p2|Flutter Mane, L50|\n|teampreview|4\nchipp zanuff 7 has agreed to open team sheets.\n|\n|t:|1681702802\n|start\n|switch|p1a: Indeedee|Indeedee-F, L50, F|100\/100\n|switch|p1b: Hatterene|Hatterene, L50, F|100\/100\n|switch|p2a: Palafin|Palafin, L50, F|100\/100\n|switch|p2b: Amoonguss|Amoonguss, L50, M|100\/100\n|-fieldstart|move: Psychic Terrain|[from] ability: Psychic Surge|[of] p1a: Indeedee\n|-enditem|p1a: Indeedee|Psychic Seed\n|-boost|p1a: Indeedee|spd|1|[from] item: Psychic Seed\n|turn|1\n|j| Radio Free C-Side\n|\n|t:|1681702831\n|detailschange|p2a: Palafin|Palafin-Hero, L50, F\n|switch|p2a: Arcanine|Arcanine, L50, M|100\/100\n|-ability|p2a: Arcanine|Intimidate|boost\n|-unboost|p1a: Indeedee|atk|1\n|-unboost|p1b: Hatterene|atk|1\n|move|p1a: Indeedee|Follow Me|p1a: Indeedee\n|-singleturn|p1a: Indeedee|move: Follow Me\n|move|p2b: Amoonguss|Spore|p1a: Indeedee\n|-status|p1a: Indeedee|slp|[from] move: Spore\n|move|p1b: Hatterene|Trick Room|p1b: Hatterene\n|-fieldstart|move: Trick Room|[of] p1b: Hatterene\n|\n|upkeep\n|turn|2\n|\n|t:|1681702847\n|cant|p1a: Indeedee|slp\n|move|p2b: Amoonguss|Protect|p2b: Amoonguss\n|-singleturn|p2b: Amoonguss|Protect\n|move|p2a: Arcanine|Protect|p2a: Arcanine\n|-singleturn|p2a: Arcanine|Protect\n|move|p1b: Hatterene|Psychic|p2b: Amoonguss\n|-activate|p2b: Amoonguss|move: Protect\n|\n|upkeep\n|turn|3\n|\n|t:|1681702860\n|-terastallize|p2b: Amoonguss|Fire\n|cant|p1a: Indeedee|slp\n|move|p1b: Hatterene|Psychic|p2a: Arcanine\n|-damage|p2a: Arcanine|13\/100\n|-damage|p1b: Hatterene|91\/100|[from] item: Life Orb\n|move|p2b: Amoonguss|Pollen Puff|p2a: Arcanine\n|-heal|p2a: Arcanine|63\/100\n|move|p2a: Arcanine|Flare Blitz|p1b: Hatterene\n|-damage|p1b: Hatterene|41\/100\n|-damage|p2a: Arcanine|49\/100|[from] Recoil\n|\n|upkeep\n|turn|4\n|\n|t:|1681702877\n|move|p2b: Amoonguss|Protect|p2b: Amoonguss\n|-singleturn|p2b: Amoonguss|Protect\n|move|p2a: Arcanine|Protect|p2a: Arcanine\n|-singleturn|p2a: Arcanine|Protect\n|move|p1b: Hatterene|Trick Room|p1b: Hatterene\n|-fieldend|move: Trick Room\n|-curestatus|p1a: Indeedee|slp|[msg]\n|move|p1a: Indeedee|Trick Room|p1a: Indeedee\n|-fieldstart|move: Trick Room|[of] p1a: Indeedee\n|\n|upkeep\n|turn|5\n|\n|t:|1681702898\n|move|p1a: Indeedee|Helping Hand|p1b: Hatterene\n|-singleturn|p1b: Hatterene|Helping Hand|[of] p1a: Indeedee\n|move|p2b: Amoonguss|Rage Powder|p2b: Amoonguss\n|-singleturn|p2b: Amoonguss|move: Rage Powder\n|move|p1b: Hatterene|Psychic|p2b: Amoonguss\n|-crit|p2b: Amoonguss\n|-damage|p2b: Amoonguss|0 fnt\n|faint|p2b: Amoonguss\n|-damage|p1b: Hatterene|32\/100|[from] item: Life Orb\n|move|p2a: Arcanine|Flare Blitz|p1b: Hatterene\n|-crit|p1b: Hatterene\n|-damage|p1b: Hatterene|0 fnt\n|faint|p1b: Hatterene\n|-damage|p2a: Arcanine|41\/100|[from] Recoil\n|\n|-fieldend|move: Psychic Terrain\n|upkeep\n|\n|t:|1681702905\n|switch|p1b: Torkoal|Torkoal, L50, M|100\/100\n|switch|p2b: Palafin|Palafin-Hero, L50, F|100\/100\n|-weather|SunnyDay|[from] ability: Drought|[of] p1b: Torkoal\n|-activate|p2b: Palafin|ability: Zero to Hero\n|turn|6\n|\n|t:|1681702918\n|-terastallize|p1b: Torkoal|Fire\n|move|p1a: Indeedee|Helping Hand|p1b: Torkoal\n|-singleturn|p1b: Torkoal|Helping Hand|[of] p1a: Indeedee\n|move|p2a: Arcanine|Extreme Speed|p1b: Torkoal\n|-damage|p1b: Torkoal|86\/100\n|move|p1b: Torkoal|Eruption|p2b: Palafin|[spread] p2a,p2b\n|-resisted|p2a: Arcanine\n|-resisted|p2b: Palafin\n|-damage|p2a: Arcanine|0 fnt\n|-damage|p2b: Palafin|0 fnt\n|faint|p2a: Arcanine\n|faint|p2b: Palafin\n|\n|-weather|SunnyDay|[upkeep]\n|upkeep\n|c|\u2606chipp zanuff 7|gg\n|-message|chipp zanuff 7 forfeited.\n|\n|win|YouSlakingBro\n|n|\u2606YouSlakingBro|youslakingbro\n|n|\u2606chipp zanuff 7|chippzanuff7\n|n| Radio Free C-Side|radiofreecside\n|l|\u2606chipp zanuff 7\n|c|\u2606YouSlakingBro|gg\n|l| Radio Free C-Side\n|j| LasermanZ111\n","uploadtime":1681702937,"views":12,"p1id":"youslakingbro","p2id":"chippzanuff7","formatid":"gen9vgc2023regulationc","rating":0,"private":0,"password":""}