{"id":"gen9vgc2023regulationc-1858688099","p1":"RadiantBlue4552","p2":"RZEROR","format":"[Gen 9] VGC 2023 Regulation C","log":"|j|\u2606RadiantBlue4552\n|j|\u2606RZEROR\n|t:|1683342704\n|gametype|doubles\n|player|p1|RadiantBlue4552|265|1025\n|player|p2|RZEROR|1|1016\n|teamsize|p1|6\n|teamsize|p2|6\n|gen|9\n|tier|[Gen 9] VGC 2023 Regulation C\n|rated|\n|rule|Species Clause: Limit one of each Pok\u00e9mon\n|rule|Item Clause: Limit one of each item\n|clearpoke\n|poke|p1|Slaking, L50, F|\n|poke|p1|Sableye, L50, M|\n|poke|p1|Roaring Moon, L50|\n|poke|p1|Torkoal, L50, M|\n|poke|p1|Arcanine, L50, F|\n|poke|p1|Gothorita, L50, M|\n|poke|p2|Breloom, L50, M|\n|poke|p2|Great Tusk, L50|\n|poke|p2|Volcarona, L50, M|\n|poke|p2|Flutter Mane, L50|\n|poke|p2|Kingambit, L50, M|\n|poke|p2|Gyarados, L50, F|\n|teampreview|4\n|\n|t:|1683342724\n|start\n|switch|p1a: Slaking|Slaking, L50, F, shiny|100\/100\n|switch|p1b: Sableye|Sableye, L50, M|100\/100\n|switch|p2a: Gyarados|Gyarados, L50, F|100\/100\n|switch|p2b: Volcarona|Volcarona, L50, M|100\/100\n|-ability|p2a: Gyarados|Intimidate|boost\n|-unboost|p1a: Slaking|atk|1\n|-unboost|p1b: Sableye|atk|1\n|turn|1\n|\n|t:|1683342741\n|move|p2a: Gyarados|Protect|p2a: Gyarados\n|-singleturn|p2a: Gyarados|Protect\n|move|p1b: Sableye|Skill Swap|p1a: Slaking\n|-activate|p1b: Sableye|move: Skill Swap|||[of] p1a: Slaking\n|move|p1a: Slaking|Curse|p1a: Slaking\n|-unboost|p1a: Slaking|spe|1\n|-boost|p1a: Slaking|atk|1\n|-boost|p1a: Slaking|def|1\n|move|p2b: Volcarona|U-turn|p1b: Sableye\n|-damage|p1b: Sableye|71\/100\n|-enditem|p1b: Sableye|Eject Button\n|-damage|p2b: Volcarona|91\/100|[from] item: Life Orb\n|\n|t:|1683342752\n|switch|p1b: Gothorita|Gothorita, L50, M|100\/100\n|\n|upkeep\n|turn|2\n|inactive|Battle timer is ON: inactive players will automatically lose when time's up. (requested by RadiantBlue4552)\n|\n|t:|1683342781\n|move|p1a: Slaking|Curse|p1a: Slaking\n|-unboost|p1a: Slaking|spe|1\n|-boost|p1a: Slaking|atk|1\n|-boost|p1a: Slaking|def|1\n|move|p2b: Volcarona|Quiver Dance|p2b: Volcarona\n|-boost|p2b: Volcarona|spa|1\n|-boost|p2b: Volcarona|spd|1\n|-boost|p2b: Volcarona|spe|1\n|move|p2a: Gyarados|Waterfall|p1b: Gothorita\n|-damage|p1b: Gothorita|68\/100\n|move|p1b: Gothorita|Trick Room|p1b: Gothorita\n|-fieldstart|move: Trick Room|[of] p1b: Gothorita\n|\n|upkeep\n|turn|3\n|\n|t:|1683342800\n|move|p2a: Gyarados|Protect|p2a: Gyarados\n|-singleturn|p2a: Gyarados|Protect\n|move|p2b: Volcarona|Protect|p2b: Volcarona\n|-singleturn|p2b: Volcarona|Protect\n|move|p1b: Gothorita|Psyshock|p2b: Volcarona\n|-activate|p2b: Volcarona|move: Protect\n|move|p1a: Slaking|Shadow Claw|p2b: Volcarona\n|-activate|p2b: Volcarona|move: Protect\n|\n|upkeep\n|turn|4\n|\n|t:|1683342816\n|move|p1b: Gothorita|Psyshock|p2b: Volcarona\n|-damage|p2b: Volcarona|56\/100\n|move|p1a: Slaking|Shadow Claw|p2b: Volcarona\n|-damage|p2b: Volcarona|2\/100\n|move|p2a: Gyarados|Waterfall|p1a: Slaking\n|-damage|p1a: Slaking|89\/100\n|move|p2b: Volcarona|Fiery Dance|p1a: Slaking\n|-damage|p1a: Slaking|20\/100\n|-boost|p2b: Volcarona|spa|1\n|-damage|p2b: Volcarona|0 fnt|[from] item: Life Orb\n|faint|p2b: Volcarona\n|\n|-heal|p1a: Slaking|26\/100|[from] item: Leftovers\n|upkeep\n|\n|t:|1683342831\n|switch|p2b: Great Tusk|Great Tusk, L50|100\/100\n|turn|5\n|\n|t:|1683342843\n|move|p1a: Slaking|Slack Off|p1a: Slaking\n|-heal|p1a: Slaking|76\/100\n|move|p1b: Gothorita|Psyshock|p2b: Great Tusk\n|-supereffective|p2b: Great Tusk\n|-damage|p2b: Great Tusk|65\/100\n|move|p2a: Gyarados|Waterfall|p1b: Gothorita\n|-damage|p1b: Gothorita|32\/100\n|move|p2b: Great Tusk|Earthquake|p1a: Slaking|[spread] p1a,p1b\n|-immune|p2a: Gyarados\n|-damage|p1a: Slaking|64\/100\n|-damage|p1b: Gothorita|0 fnt\n|faint|p1b: Gothorita\n|\n|-heal|p1a: Slaking|71\/100|[from] item: Leftovers\n|upkeep\n|\n|t:|1683342859\n|switch|p1b: Arcanine|Arcanine, L50, F|100\/100\n|-ability|p1b: Arcanine|Intimidate|boost\n|-unboost|p2a: Gyarados|atk|1\n|-unboost|p2b: Great Tusk|atk|1\n|turn|6\n|\n|t:|1683342866\n|switch|p1b: Sableye|Sableye, L50, M|71\/100\n|move|p1a: Slaking|Curse|p1a: Slaking\n|-unboost|p1a: Slaking|spe|1\n|-boost|p1a: Slaking|atk|1\n|-boost|p1a: Slaking|def|1\n|move|p2a: Gyarados|Earthquake|p1a: Slaking|[spread] p2b,p1a,p1b\n|-crit|p1a: Slaking\n|-damage|p2b: Great Tusk|53\/100\n|-damage|p1a: Slaking|50\/100\n|-damage|p1b: Sableye|49\/100\n|move|p2b: Great Tusk|Earthquake|p1b: Sableye|[spread] p1a,p1b\n|-immune|p2a: Gyarados\n|-damage|p1a: Slaking|43\/100\n|-damage|p1b: Sableye|8\/100\n|\n|-heal|p1a: Slaking|49\/100|[from] item: Leftovers\n|-fieldend|move: Trick Room\n|upkeep\n|turn|7\n|\n|t:|1683342886\n|move|p1b: Sableye|Fake Out|p2b: Great Tusk\n|-damage|p2b: Great Tusk|48\/100\n|move|p1a: Slaking|Curse|p1a: Slaking\n|-unboost|p1a: Slaking|spe|1\n|-boost|p1a: Slaking|atk|1\n|-boost|p1a: Slaking|def|1\n|cant|p2b: Great Tusk|flinch\n|move|p2a: Gyarados|Earthquake|p1a: Slaking|[spread] p2b,p1a,p1b\n|-damage|p2b: Great Tusk|37\/100\n|-damage|p1a: Slaking|45\/100\n|-damage|p1b: Sableye|0 fnt\n|faint|p1b: Sableye\n|\n|-heal|p1a: Slaking|51\/100|[from] item: Leftovers\n|upkeep\n|\n|t:|1683342899\n|switch|p1b: Arcanine|Arcanine, L50, F|100\/100\n|-ability|p1b: Arcanine|Intimidate|boost\n|-unboost|p2a: Gyarados|atk|1\n|-unboost|p2b: Great Tusk|atk|1\n|turn|8\n|\n|t:|1683342911\n|move|p1b: Arcanine|Extreme Speed|p2b: Great Tusk\n|-damage|p2b: Great Tusk|17\/100\n|move|p1a: Slaking|Slack Off|p1a: Slaking\n|-heal|p1a: Slaking|100\/100\n|move|p2b: Great Tusk|Close Combat|p1a: Slaking\n|-supereffective|p1a: Slaking\n|-damage|p1a: Slaking|86\/100\n|-unboost|p2b: Great Tusk|def|1\n|-unboost|p2b: Great Tusk|spd|1\n|move|p2a: Gyarados|Waterfall|p1b: Arcanine\n|-supereffective|p1b: Arcanine\n|-damage|p1b: Arcanine|60\/100\n|\n|-heal|p1a: Slaking|92\/100|[from] item: Leftovers\n|upkeep\n|turn|9\n|\n|t:|1683342929\n|-terastallize|p2a: Gyarados|Ground\n|move|p1b: Arcanine|Extreme Speed|p2b: Great Tusk\n|-damage|p2b: Great Tusk|0 fnt\n|faint|p2b: Great Tusk\n|-end|p2b: Great Tusk|Protosynthesis|[silent]\n|move|p1a: Slaking|Curse|p1a: Slaking\n|-unboost|p1a: Slaking|spe|1\n|-boost|p1a: Slaking|atk|1\n|-boost|p1a: Slaking|def|1\n|move|p2a: Gyarados|Earthquake|p1a: Slaking|[spread] p1a,p1b\n|-supereffective|p1b: Arcanine\n|-damage|p1a: Slaking|88\/100\n|-damage|p1b: Arcanine|20\/100\n|\n|-heal|p1a: Slaking|94\/100|[from] item: Leftovers\n|upkeep\n|\n|t:|1683342942\n|switch|p2b: Flutter Mane|Flutter Mane, L50|100\/100\n|-enditem|p2b: Flutter Mane|Booster Energy\n|-activate|p2b: Flutter Mane|ability: Protosynthesis|[fromitem]\n|-start|p2b: Flutter Mane|protosynthesisspa\n|turn|10\n|\n|t:|1683342958\n|move|p2b: Flutter Mane|Protect|p2b: Flutter Mane\n|-singleturn|p2b: Flutter Mane|Protect\n|move|p2a: Gyarados|Waterfall|p1b: Arcanine\n|-supereffective|p1b: Arcanine\n|-crit|p1b: Arcanine\n|-damage|p1b: Arcanine|0 fnt\n|faint|p1b: Arcanine\n|move|p1a: Slaking|Shadow Claw|p2b: Flutter Mane\n|-activate|p2b: Flutter Mane|move: Protect\n|\n|-heal|p1a: Slaking|100\/100|[from] item: Leftovers\n|upkeep\n|turn|11\n|\n|t:|1683342974\n|move|p2b: Flutter Mane|Thunderbolt|p1a: Slaking\n|-damage|p1a: Slaking|71\/100\n|move|p2a: Gyarados|Iron Head|p1a: Slaking\n|-damage|p1a: Slaking|68\/100\n|move|p1a: Slaking|Drain Punch|p2a: Gyarados\n|-damage|p2a: Gyarados|20\/100\n|-heal|p1a: Slaking|95\/100|[from] drain|[of] p2a: Gyarados\n|-damage|p1a: Slaking|78\/100|[from] item: Rocky Helmet|[of] p2a: Gyarados\n|\n|-heal|p1a: Slaking|85\/100|[from] item: Leftovers\n|upkeep\n|turn|12\n|\n|t:|1683342990\n|move|p1a: Slaking|Curse|p1a: Slaking\n|-unboost|p1a: Slaking|spe|1\n|-boost|p1a: Slaking|atk|1\n|-boost|p1a: Slaking|def|1\n|move|p2b: Flutter Mane|Shadow Ball|p1a: Slaking\n|-immune|p1a: Slaking\n|move|p2a: Gyarados|Iron Head|p1a: Slaking\n|-damage|p1a: Slaking|82\/100\n|\n|-heal|p1a: Slaking|88\/100|[from] item: Leftovers\n|upkeep\n|turn|13\n|\n|t:|1683343006\n|move|p2b: Flutter Mane|Thunderbolt|p1a: Slaking\n|-damage|p1a: Slaking|61\/100\n|move|p2a: Gyarados|Iron Head|p1a: Slaking\n|-damage|p1a: Slaking|58\/100\n|move|p1a: Slaking|Shadow Claw|p2a: Gyarados\n|-damage|p2a: Gyarados|0 fnt\n|-damage|p1a: Slaking|42\/100|[from] item: Rocky Helmet|[of] p2a: Gyarados\n|faint|p2a: Gyarados\n|\n|-heal|p1a: Slaking|48\/100|[from] item: Leftovers\n|upkeep\n|turn|14\n|\n|t:|1683343019\n|move|p1a: Slaking|Slack Off|p1a: Slaking\n|-heal|p1a: Slaking|99\/100\n|move|p2b: Flutter Mane|Thunderbolt|p1a: Slaking\n|-damage|p1a: Slaking|69\/100\n|\n|-heal|p1a: Slaking|76\/100|[from] item: Leftovers\n|upkeep\n|turn|15\n|\n|t:|1683343029\n|move|p2b: Flutter Mane|Protect|p2b: Flutter Mane\n|-singleturn|p2b: Flutter Mane|Protect\n|move|p1a: Slaking|Curse|p1a: Slaking\n|-boost|p1a: Slaking|atk|1\n|\n|-heal|p1a: Slaking|82\/100|[from] item: Leftovers\n|upkeep\n|turn|16\n|\n|t:|1683343039\n|move|p2b: Flutter Mane|Thunderbolt|p1a: Slaking\n|-damage|p1a: Slaking|50\/100\n|move|p1a: Slaking|Shadow Claw|p2b: Flutter Mane\n|-supereffective|p2b: Flutter Mane\n|-damage|p2b: Flutter Mane|0 fnt\n|faint|p2b: Flutter Mane\n|-end|p2b: Flutter Mane|Protosynthesis|[silent]\n|\n|win|RadiantBlue4552\n|raw|RadiantBlue4552's rating: 1025 → 1060<\/strong> (+35 for winning)\n|raw|RZEROR's rating: 1016 → 1004<\/strong> (-12 for losing)\n","uploadtime":1683343061,"views":11,"p1id":"radiantblue4552","p2id":"rzeror","formatid":"gen9vgc2023regulationc","rating":1004,"private":0,"password":""}