{"id":"gen9vgc2023regulationc-1858930751","p1":"Ym949","p2":"Poketata","format":"[Gen 9] VGC 2023 Regulation C","log":"|j|\u2606Ym949\n|j|\u2606Poketata\n|t:|1683384793\n|gametype|doubles\n|player|p1|Ym949|acetrainer|1115\n|player|p2|Poketata|1|1173\n|teamsize|p1|6\n|teamsize|p2|6\n|gen|9\n|tier|[Gen 9] VGC 2023 Regulation C\n|rated|\n|rule|Species Clause: Limit one of each Pok\u00e9mon\n|rule|Item Clause: Limit one of each item\n|clearpoke\n|poke|p1|Iron Thorns, L50|\n|poke|p1|Murkrow, L50, F|\n|poke|p1|Meowscarada, L50, F|\n|poke|p1|Great Tusk, L50|\n|poke|p1|Kingambit, L50, M|\n|poke|p1|Dragonite, L50, M|\n|poke|p2|Hydreigon, L50, M|\n|poke|p2|Murkrow, L50, M|\n|poke|p2|Gholdengo, L50|\n|poke|p2|Iron Moth, L50|\n|poke|p2|Amoonguss, L50, M|\n|poke|p2|Iron Hands, L50|\n|teampreview|4\n|inactive|Battle timer is ON: inactive players will automatically lose when time's up. (requested by Poketata)\nPoketata has agreed to open team sheets.\n|inactive|Poketata has 60 seconds left.\n|\n|t:|1683384846\n|start\n|switch|p1a: Iron Thorns|Iron Thorns, L50|100\/100\n|switch|p1b: Murkrow|Murkrow, L50, F|100\/100\n|switch|p2a: Iron Hands|Iron Hands, L50, shiny|100\/100\n|switch|p2b: Amoonguss|Amoonguss, L50, M, shiny|100\/100\n|turn|1\n|\n|t:|1683384863\n|-terastallize|p1b: Murkrow|Ghost\n|move|p1a: Iron Thorns|Protect|p1a: Iron Thorns\n|-singleturn|p1a: Iron Thorns|Protect\n|move|p2a: Iron Hands|Fake Out|p1a: Iron Thorns\n|-activate|p1a: Iron Thorns|move: Protect\n|move|p1b: Murkrow|Taunt|p2b: Amoonguss\n|-start|p2b: Amoonguss|move: Taunt\n|cant|p2b: Amoonguss|move: Taunt|Spore\n|\n|upkeep\n|turn|2\n|\n|t:|1683384880\n|move|p1b: Murkrow|Screech|p2a: Iron Hands\n|-fail|p2a: Iron Hands|unboost|[from] item: Clear Amulet|[of] p2a: Iron Hands\n|move|p1a: Iron Thorns|Earthquake|p2a: Iron Hands|[spread] p1b,p2a,p2b\n|-supereffective|p2a: Iron Hands\n|-damage|p1b: Murkrow|77\/100\n|-damage|p2a: Iron Hands|59\/100\n|-damage|p2b: Amoonguss|74\/100\n|move|p2a: Iron Hands|Drain Punch|p1a: Iron Thorns\n|-supereffective|p1a: Iron Thorns\n|-damage|p1a: Iron Thorns|11\/100\n|-heal|p2a: Iron Hands|94\/100|[from] drain|[of] p1a: Iron Thorns\n|move|p2b: Amoonguss|Pollen Puff|p2a: Iron Hands\n|-heal|p2a: Iron Hands|100\/100\n|\n|-heal|p2b: Amoonguss|80\/100|[from] item: Leftovers\n|upkeep\n|turn|3\n|\n|t:|1683384904\n|move|p1b: Murkrow|Screech|p2b: Amoonguss\n|-unboost|p2b: Amoonguss|def|2\n|move|p1a: Iron Thorns|Rock Blast|p2b: Amoonguss\n|-damage|p2b: Amoonguss|56\/100\n|-damage|p2b: Amoonguss|28\/100\n|-damage|p2b: Amoonguss|3\/100\n|-damage|p2b: Amoonguss|0 fnt\n|faint|p2b: Amoonguss\n|-hitcount|p2: Amoonguss|4\n|move|p2a: Iron Hands|Drain Punch|p1a: Iron Thorns\n|-supereffective|p1a: Iron Thorns\n|-damage|p1a: Iron Thorns|0 fnt\n|faint|p1a: Iron Thorns\n|-end|p1a: Iron Thorns|Quark Drive|[silent]\n|\n|upkeep\n|\n|t:|1683384920\n|switch|p1a: Great Tusk|Great Tusk, L50|100\/100\n|switch|p2b: Hydreigon|Hydreigon, L50, M|100\/100\n|turn|4\n|inactive|Ym949 has 30 seconds left.\n|inactive|Poketata has 30 seconds left.\n|\n|t:|1683384952\n|-terastallize|p2b: Hydreigon|Fire\n|move|p2a: Iron Hands|Detect|p2a: Iron Hands\n|-singleturn|p2a: Iron Hands|Protect\n|move|p1a: Great Tusk|Close Combat|p2b: Hydreigon\n|-damage|p2b: Hydreigon|23\/100\n|-unboost|p1a: Great Tusk|def|1\n|-unboost|p1a: Great Tusk|spd|1\n|move|p2b: Hydreigon|Draco Meteor|p1a: Great Tusk\n|-damage|p1a: Great Tusk|0 fnt\n|-unboost|p2b: Hydreigon|spa|2\n|faint|p1a: Great Tusk\n|-end|p1a: Great Tusk|Protosynthesis|[silent]\n|move|p1b: Murkrow|Foul Play|p2a: Iron Hands\n|-activate|p2a: Iron Hands|move: Protect\n|\n|upkeep\n|\n|t:|1683384956\n|switch|p1a: Dragonite|Dragonite, L50, M|100\/100\n|turn|5\n|\n|t:|1683384981\n|move|p1a: Dragonite|Extreme Speed|p2b: Hydreigon\n|-damage|p2b: Hydreigon|0 fnt\n|faint|p2b: Hydreigon\n|move|p1b: Murkrow|Foul Play|p2a: Iron Hands\n|-resisted|p2a: Iron Hands\n|-damage|p2a: Iron Hands|82\/100\n|move|p2a: Iron Hands|Volt Switch|p1b: Murkrow\n|-damage|p1b: Murkrow|59\/100\n|\n|t:|1683384990\n|-end|p2a: Iron Hands|Quark Drive|[silent]\n|switch|p2a: Iron Moth|Iron Moth, L50, shiny|100\/100|[from] Volt Switch\n|\n|upkeep\n|\n|t:|1683384994\n|switch|p2b: Iron Hands|Iron Hands, L50, shiny|82\/100\n|turn|6\n|\n|t:|1683385006\n|move|p2b: Iron Hands|Fake Out|p1a: Dragonite\n|-damage|p1a: Dragonite|92\/100\n|move|p1b: Murkrow|Tailwind|p1b: Murkrow\n|-sidestart|p1: Ym949|move: Tailwind\n|cant|p1a: Dragonite|flinch\n|move|p2a: Iron Moth|Fiery Dance|p1b: Murkrow\n|-damage|p1b: Murkrow|0 fnt\n|faint|p1b: Murkrow\n|\n|upkeep\n|turn|7\n|\n|t:|1683385019\n|move|p2b: Iron Hands|Detect|p2b: Iron Hands\n|-singleturn|p2b: Iron Hands|Protect\n|move|p1a: Dragonite|Stomping Tantrum|p2a: Iron Moth\n|-supereffective|p2a: Iron Moth\n|-damage|p2a: Iron Moth|0 fnt\n|faint|p2a: Iron Moth\n|-end|p2a: Iron Moth|Quark Drive|[silent]\n|\n|upkeep\n|turn|8\n|\n|t:|1683385029\n|move|p1a: Dragonite|Stomping Tantrum|p2b: Iron Hands\n|-supereffective|p2b: Iron Hands\n|-damage|p2b: Iron Hands|42\/100\n|move|p2b: Iron Hands|Volt Switch|p1a: Dragonite\n|-damage|p1a: Dragonite|77\/100\n|\n|upkeep\n|turn|9\n|\n|t:|1683385037\n|move|p2b: Iron Hands|Detect|p2b: Iron Hands\n|-singleturn|p2b: Iron Hands|Protect\n|move|p1a: Dragonite|Stomping Tantrum|p2b: Iron Hands\n|-activate|p2b: Iron Hands|move: Protect\n|\n|-sideend|p1: Ym949|move: Tailwind\n|upkeep\n|turn|10\n|\n|t:|1683385044\n|move|p1a: Dragonite|Stomping Tantrum|p2b: Iron Hands\n|-supereffective|p2b: Iron Hands\n|-damage|p2b: Iron Hands|0 fnt\n|faint|p2b: Iron Hands\n|-end|p2b: Iron Hands|Quark Drive|[silent]\n|\n|win|Ym949\n|raw|Ym949's rating: 1115 → 1144<\/strong> (+29 for winning)\n|raw|Poketata's rating: 1173 → 1144<\/strong> (-29 for losing)\n|l|\u2606Ym949\n","uploadtime":1683385050,"views":15,"p1id":"ym949","p2id":"poketata","formatid":"gen9vgc2023regulationc","rating":1144,"private":0,"password":""}