{"id":"gen9vgc2023regulationc-1850095843","p1":"R2VGC","p2":"brlazerz10","format":"[Gen 9] VGC 2023 Regulation C","log":"|j|\u2606R2VGC\n|j|\u2606brlazerz10\n|t:|1682286747\n|gametype|doubles\n|player|p1|R2VGC|169|1325\n|player|p2|brlazerz10|169|1344\n|teamsize|p1|6\n|teamsize|p2|6\n|gen|9\n|tier|[Gen 9] VGC 2023 Regulation C\n|rated|\n|rule|Species Clause: Limit one of each Pok\u00e9mon\n|rule|Item Clause: Limit one of each item\n|clearpoke\n|poke|p1|Flutter Mane, L50|\n|poke|p1|Garganacl, L50, F|\n|poke|p1|Amoonguss, L50, M|\n|poke|p1|Palafin, L50, F|\n|poke|p1|Arcanine, L50, M|\n|poke|p1|Ting-Lu, L50|\n|poke|p2|Gyarados, L50, F|\n|poke|p2|Ting-Lu, L50|\n|poke|p2|Indeedee-F, L50, F|\n|poke|p2|Armarouge, L50, M|\n|poke|p2|Corviknight, L50, M|\n|poke|p2|Flutter Mane, L50|\n|teampreview|4\nR2VGC has agreed to open team sheets.\n|\n|t:|1682286802\n|start\n|switch|p1a: Garganacl|Garganacl, L50, F|100\/100\n|switch|p1b: Palafin|Palafin, L50, F|100\/100\n|switch|p2a: Corviknight|Corviknight, L50, M|100\/100\n|switch|p2b: Flutter Mane|Flutter Mane, L50|100\/100\n|-enditem|p2b: Flutter Mane|Booster Energy\n|-activate|p2b: Flutter Mane|ability: Protosynthesis|[fromitem]\n|-start|p2b: Flutter Mane|protosynthesisspe\n|turn|1\n|\n|t:|1682286828\n|detailschange|p1b: Palafin|Palafin-Hero, L50, F\n|switch|p1b: Arcanine|Arcanine, L50, M|100\/100\n|-ability|p1b: Arcanine|Intimidate|boost\n|-ability|p2a: Corviknight|Mirror Armor\n|-unboost|p1b: Arcanine|atk|1\n|-unboost|p2b: Flutter Mane|atk|1\n|-terastallize|p2b: Flutter Mane|Fairy\n|move|p2b: Flutter Mane|Moonblast|p1a: Garganacl\n|-damage|p1a: Garganacl|55\/100\n|-unboost|p1a: Garganacl|spa|1\n|move|p2a: Corviknight|Bulk Up|p2a: Corviknight\n|-boost|p2a: Corviknight|atk|1\n|-boost|p2a: Corviknight|def|1\n|move|p1a: Garganacl|Salt Cure|p2a: Corviknight\n|-damage|p2a: Corviknight|93\/100\n|-start|p2a: Corviknight|Salt Cure\n|\n|-heal|p1a: Garganacl|61\/100|[from] item: Leftovers\n|-damage|p2a: Corviknight|68\/100|[from] Salt Cure\n|upkeep\n|turn|2\n|\n|t:|1682286854\n|move|p2b: Flutter Mane|Moonblast|p1a: Garganacl\n|-damage|p1a: Garganacl|14\/100\n|-unboost|p1a: Garganacl|spa|1\n|move|p1b: Arcanine|Will-O-Wisp|p2a: Corviknight\n|-status|p2a: Corviknight|brn\n|move|p2a: Corviknight|Brave Bird|p1a: Garganacl\n|-resisted|p1a: Garganacl\n|-damage|p1a: Garganacl|3\/100\n|-damage|p2a: Corviknight|64\/100 brn|[from] Recoil\n|move|p1a: Garganacl|Stealth Rock|p2b: Flutter Mane\n|-sidestart|p2: brlazerz10|move: Stealth Rock\n|\n|-heal|p1a: Garganacl|9\/100|[from] item: Leftovers\n|-damage|p2a: Corviknight|59\/100 brn|[from] brn\n|-damage|p2a: Corviknight|34\/100 brn|[from] Salt Cure\n|upkeep\n|turn|3\n|\n|t:|1682286874\n|switch|p1b: Ting-Lu|Ting-Lu, L50|100\/100\n|-ability|p1b: Ting-Lu|Vessel of Ruin\n|move|p1a: Garganacl|Protect|p1a: Garganacl\n|-singleturn|p1a: Garganacl|Protect\n|move|p2b: Flutter Mane|Dazzling Gleam|p1a: Garganacl|[spread] p1b\n|-activate|p1a: Garganacl|move: Protect\n|-supereffective|p1b: Ting-Lu\n|-damage|p1b: Ting-Lu|68\/100\n|move|p2a: Corviknight|Brave Bird|p1b: Ting-Lu\n|-damage|p1b: Ting-Lu|51\/100\n|-damage|p2a: Corviknight|26\/100 brn|[from] Recoil\n|\n|-heal|p1a: Garganacl|15\/100|[from] item: Leftovers\n|-damage|p2a: Corviknight|20\/100 brn|[from] brn\n|-damage|p2a: Corviknight|0 fnt|[from] Salt Cure\n|faint|p2a: Corviknight\n|upkeep\n|\n|t:|1682286898\n|switch|p2a: Ting-Lu|Ting-Lu, L50|100\/100\n|-damage|p2a: Ting-Lu|95\/100|[from] Stealth Rock\n|-ability|p2a: Ting-Lu|Vessel of Ruin\n|turn|4\n|\n|t:|1682286917\n|switch|p1a: Arcanine|Arcanine, L50, M|100\/100\n|-ability|p1a: Arcanine|Intimidate|boost\n|-unboost|p2a: Ting-Lu|atk|1\n|-unboost|p2b: Flutter Mane|atk|1\n|-terastallize|p1b: Ting-Lu|Poison\n|move|p2b: Flutter Mane|Moonblast|p1b: Ting-Lu\n|-resisted|p1b: Ting-Lu\n|-damage|p1b: Ting-Lu|38\/100\n|-unboost|p1b: Ting-Lu|spa|1\n|move|p1b: Ting-Lu|Heavy Slam|p2b: Flutter Mane\n|-supereffective|p2b: Flutter Mane\n|-damage|p2b: Flutter Mane|0 fnt\n|faint|p2b: Flutter Mane\n|-end|p2b: Flutter Mane|Protosynthesis|[silent]\n|move|p2a: Ting-Lu|Stomping Tantrum|p1a: Arcanine\n|-supereffective|p1a: Arcanine\n|-damage|p1a: Arcanine|48\/100\n|\n|upkeep\n|\n|t:|1682286932\n|switch|p2b: Gyarados|Gyarados, L50, F|100\/100\n|-damage|p2b: Gyarados|76\/100|[from] Stealth Rock\n|-ability|p2b: Gyarados|Intimidate|boost\n|-unboost|p1a: Arcanine|atk|1\n|-unboost|p1b: Ting-Lu|atk|1\n|turn|5\n|\n|t:|1682286952\n|move|p1a: Arcanine|Will-O-Wisp|p2b: Gyarados\n|-status|p2b: Gyarados|brn\n|-enditem|p2b: Gyarados|Lum Berry|[eat]\n|-curestatus|p2b: Gyarados|brn|[msg]\n|move|p2b: Gyarados|Dragon Dance|p2b: Gyarados\n|-boost|p2b: Gyarados|atk|1\n|-boost|p2b: Gyarados|spe|1\n|move|p1b: Ting-Lu|Ruination|p2a: Ting-Lu\n|-damage|p2a: Ting-Lu|48\/100\n|move|p2a: Ting-Lu|Stomping Tantrum|p1b: Ting-Lu\n|-supereffective|p1b: Ting-Lu\n|-damage|p1b: Ting-Lu|12\/100\n|\n|upkeep\n|turn|6\n|\n|t:|1682286973\n|switch|p1a: Palafin|Palafin-Hero, L50, F|100\/100\n|-activate|p1a: Palafin|ability: Zero to Hero\n|move|p2b: Gyarados|Waterfall|p1a: Palafin\n|-resisted|p1a: Palafin\n|-damage|p1a: Palafin|72\/100\n|move|p1b: Ting-Lu|Ruination|p2b: Gyarados\n|-damage|p2b: Gyarados|38\/100\n|move|p2a: Ting-Lu|Stomping Tantrum|p1b: Ting-Lu\n|-supereffective|p1b: Ting-Lu\n|-damage|p1b: Ting-Lu|0 fnt\n|faint|p1b: Ting-Lu\n|\n|upkeep\n|\n|t:|1682286986\n|switch|p1b: Arcanine|Arcanine, L50, M|48\/100\n|-ability|p1b: Arcanine|Intimidate|boost\n|-unboost|p2a: Ting-Lu|atk|1\n|-unboost|p2b: Gyarados|atk|1\n|turn|7\n|\n|t:|1682287000\n|move|p1b: Arcanine|Extreme Speed|p2b: Gyarados\n|-damage|p2b: Gyarados|9\/100\n|move|p1a: Palafin|Jet Punch|p2a: Ting-Lu\n|-supereffective|p2a: Ting-Lu\n|-damage|p2a: Ting-Lu|0 fnt\n|faint|p2a: Ting-Lu\n|move|p2b: Gyarados|Waterfall|p1b: Arcanine\n|-supereffective|p1b: Arcanine\n|-damage|p1b: Arcanine|0 fnt\n|faint|p1b: Arcanine\n|\n|upkeep\n|\n|t:|1682287010\n|switch|p1b: Garganacl|Garganacl, L50, F|15\/100\n|turn|8\n|\n|t:|1682287016\n|move|p1a: Palafin|Jet Punch|p2b: Gyarados\n|-resisted|p2b: Gyarados\n|-damage|p2b: Gyarados|0 fnt\n|faint|p2b: Gyarados\n|\n|win|R2VGC\n|raw|R2VGC's rating: 1325 → 1346<\/strong> (+21 for winning)\n|raw|brlazerz10's rating: 1344 → 1323<\/strong> (-21 for losing)\n","uploadtime":1682287024,"views":0,"p1id":"r2vgc","p2id":"brlazerz10","formatid":"gen9vgc2023regulationc","rating":1323,"private":0,"password":""}