{"id":"gen9vgc2023regulationc-1847971788","p1":"thelegendaryssj2","p2":"LordSno","format":"[Gen 9] VGC 2023 Regulation C","log":"|j|\u2606thelegendaryssj2\n|j|\u2606LordSno\n|t:|1682016971\n|gametype|doubles\n|player|p1|thelegendaryssj2|lucas|1127\n|player|p2|LordSno|265|1028\n|teamsize|p1|6\n|teamsize|p2|6\n|gen|9\n|tier|[Gen 9] VGC 2023 Regulation C\n|rated|\n|rule|Species Clause: Limit one of each Pok\u00e9mon\n|rule|Item Clause: Limit one of each item\n|clearpoke\n|poke|p1|Garchomp, L50, M|\n|poke|p1|Talonflame, L50, M|\n|poke|p1|Chien-Pao, L50|\n|poke|p1|Glimmora, L50, M|\n|poke|p1|Gallade, L50, M|\n|poke|p1|Arcanine, L50, M|\n|poke|p2|Chi-Yu, L50|\n|poke|p2|Flutter Mane, L50|\n|poke|p2|Torkoal, L50, M|\n|poke|p2|Jumpluff, L50, M|\n|poke|p2|Great Tusk, L50|\n|poke|p2|Wo-Chien, L50|\n|teampreview|4\n|inactive|Battle timer is ON: inactive players will automatically lose when time's up. (requested by thelegendaryssj2)\n|inactive|thelegendaryssj2 has 60 seconds left.\n|\n|t:|1682017008\n|start\n|switch|p1a: Talonflame|Talonflame, L50, M|100\/100\n|switch|p1b: Garchomp|Garchomp, L50, M|100\/100\n|switch|p2a: Jumpluff|Jumpluff, L50, M|100\/100\n|switch|p2b: Wo-Chien|Wo-Chien, L50|100\/100\n|-ability|p2b: Wo-Chien|Tablets of Ruin\n|turn|1\n|inactive|thelegendaryssj2 has 30 seconds left.\n|inactive|thelegendaryssj2 has 20 seconds left.\n|inactive|thelegendaryssj2 has 15 seconds left.\n|\n|t:|1682017049\n|switch|p1b: Chien-Pao|Chien-Pao, L50|100\/100\n|-ability|p1b: Chien-Pao|Sword of Ruin\n|switch|p2b: Torkoal|Torkoal, L50, M|100\/100\n|-weather|SunnyDay|[from] ability: Drought|[of] p2b: Torkoal\n|move|p1a: Talonflame|Brave Bird|p2a: Jumpluff\n|-supereffective|p2a: Jumpluff\n|-damage|p2a: Jumpluff|0 fnt\n|faint|p2a: Jumpluff\n|-damage|p1a: Talonflame|62\/100|[from] Recoil\n|\n|-weather|SunnyDay|[upkeep]\n|upkeep\n|\n|t:|1682017061\n|switch|p2a: Wo-Chien|Wo-Chien, L50|100\/100\n|-ability|p2a: Wo-Chien|Tablets of Ruin\n|turn|2\n|inactive|LordSno has 30 seconds left.\n|\n|t:|1682017088\n|-terastallize|p1a: Talonflame|Flying\n|-terastallize|p2a: Wo-Chien|Fire\n|move|p1b: Chien-Pao|Crunch|p2b: Torkoal\n|-damage|p2b: Torkoal|69\/100\n|move|p1a: Talonflame|Brave Bird|p2b: Torkoal\n|-damage|p2b: Torkoal|13\/100\n|-damage|p1a: Talonflame|40\/100|[from] Recoil\n|move|p2a: Wo-Chien|Leech Seed|p1b: Chien-Pao\n|-start|p1b: Chien-Pao|move: Leech Seed\n|move|p2b: Torkoal|Overheat|p1a: Talonflame\n|-damage|p1a: Talonflame|0 fnt\n|-unboost|p2b: Torkoal|spa|2\n|-enditem|p2b: Torkoal|Eject Pack\n|faint|p1a: Talonflame\n|\n|t:|1682017105\n|switch|p2b: Chi-Yu|Chi-Yu, L50|100\/100\n|-ability|p2b: Chi-Yu|Beads of Ruin\n|\n|-weather|SunnyDay|[upkeep]\n|-damage|p1b: Chien-Pao|88\/100|[from] Leech Seed|[of] p2a: Wo-Chien\n|upkeep\n|\n|t:|1682017130\n|switch|p1a: Garchomp|Garchomp, L50, M|100\/100\n|turn|3\n|\n|t:|1682017140\n|move|p2b: Chi-Yu|Protect|p2b: Chi-Yu\n|-singleturn|p2b: Chi-Yu|Protect\n|move|p1b: Chien-Pao|Sacred Sword|p2b: Chi-Yu\n|-activate|p2b: Chi-Yu|move: Protect\n|move|p1a: Garchomp|Earthquake|p2b: Chi-Yu|[spread] p1b,p2a\n|-activate|p2b: Chi-Yu|move: Protect\n|-supereffective|p2a: Wo-Chien\n|-damage|p1b: Chien-Pao|42\/100\n|-damage|p2a: Wo-Chien|25\/100\n|move|p2a: Wo-Chien|Leech Seed|p1a: Garchomp\n|-start|p1a: Garchomp|move: Leech Seed\n|\n|-weather|SunnyDay|[upkeep]\n|-heal|p2a: Wo-Chien|32\/100|[from] item: Leftovers\n|-damage|p1b: Chien-Pao|29\/100|[from] Leech Seed|[of] p2a: Wo-Chien\n|-heal|p2a: Wo-Chien|42\/100|[silent]\n|-damage|p1a: Garchomp|88\/100|[from] Leech Seed|[of] p2a: Wo-Chien\n|-heal|p2a: Wo-Chien|55\/100|[silent]\n|upkeep\n|turn|4\n|\n|t:|1682017162\n|switch|p2b: Torkoal|Torkoal, L50, M|13\/100\n|move|p2a: Wo-Chien|Protect|p2a: Wo-Chien\n|-singleturn|p2a: Wo-Chien|Protect\n|move|p1b: Chien-Pao|Sacred Sword|p2b: Torkoal\n|-damage|p2b: Torkoal|0 fnt\n|faint|p2b: Torkoal\n|move|p1a: Garchomp|Earthquake|p2a: Wo-Chien|[spread] p1b\n|-activate|p2a: Wo-Chien|move: Protect\n|-damage|p1b: Chien-Pao|0 fnt\n|faint|p1b: Chien-Pao\n|\n|-weather|SunnyDay|[upkeep]\n|-heal|p2a: Wo-Chien|61\/100|[from] item: Leftovers\n|-damage|p1a: Garchomp|76\/100|[from] Leech Seed|[of] p2a: Wo-Chien\n|-heal|p2a: Wo-Chien|75\/100|[silent]\n|upkeep\n|\n|t:|1682017176\n|switch|p1b: Gallade|Gallade, L50, M|100\/100\n|switch|p2b: Chi-Yu|Chi-Yu, L50|100\/100\n|-ability|p2b: Chi-Yu|Beads of Ruin\n|turn|5\n|\n|t:|1682017192\n|move|p2b: Chi-Yu|Protect|p2b: Chi-Yu\n|-singleturn|p2b: Chi-Yu|Protect\n|move|p1a: Garchomp|Earthquake|p2b: Chi-Yu|[spread] p1b,p2a\n|-activate|p2b: Chi-Yu|move: Protect\n|-supereffective|p2a: Wo-Chien\n|-damage|p1b: Gallade|52\/100\n|-damage|p2a: Wo-Chien|18\/100\n|move|p1b: Gallade|Sacred Sword|p2b: Chi-Yu\n|-activate|p2b: Chi-Yu|move: Protect\n|move|p2a: Wo-Chien|Giga Drain|p1a: Garchomp\n|-damage|p1a: Garchomp|44\/100\n|-heal|p2a: Wo-Chien|36\/100|[from] drain|[of] p1a: Garchomp\n|\n|-weather|none\n|-heal|p2a: Wo-Chien|42\/100|[from] item: Leftovers\n|-damage|p1a: Garchomp|32\/100|[from] Leech Seed|[of] p2a: Wo-Chien\n|-heal|p2a: Wo-Chien|56\/100|[silent]\n|upkeep\n|turn|6\n|\n|t:|1682017212\n|move|p2a: Wo-Chien|Protect|p2a: Wo-Chien\n|-singleturn|p2a: Wo-Chien|Protect\n|move|p2b: Chi-Yu|Heat Wave|p1a: Garchomp|[spread] p1a,p1b\n|-resisted|p1a: Garchomp\n|-damage|p1a: Garchomp|2\/100\n|-damage|p1b: Gallade|9\/100\n|-damage|p2b: Chi-Yu|90\/100|[from] item: Life Orb\n|move|p1a: Garchomp|Earthquake|p2a: Wo-Chien|[spread] p1b,p2b\n|-activate|p2a: Wo-Chien|move: Protect\n|-supereffective|p2b: Chi-Yu\n|-damage|p1b: Gallade|0 fnt\n|-damage|p2b: Chi-Yu|0 fnt\n|faint|p1b: Gallade\n|faint|p2b: Chi-Yu\n|\n|-heal|p2a: Wo-Chien|62\/100|[from] item: Leftovers\n|-damage|p1a: Garchomp|0 fnt|[from] Leech Seed|[of] p2a: Wo-Chien\n|-heal|p2a: Wo-Chien|64\/100|[silent]\n|faint|p1a: Garchomp\n|\n|win|LordSno\n|upkeep\n|raw|thelegendaryssj2's rating: 1127 → 1095<\/strong> (-32 for losing)\n|raw|LordSno's rating: 1028 → 1074<\/strong> (+46 for winning)\n|l|\u2606thelegendaryssj2\n","uploadtime":1682017233,"views":16,"p1id":"thelegendaryssj2","p2id":"lordsno","formatid":"gen9vgc2023regulationc","rating":1074,"private":0,"password":""}