{"id":"gen9vgc2023regulationc-1861059385","p1":"ML Lacius","p2":"NoahtheGoaVGC1","format":"[Gen 9] VGC 2023 Regulation C","log":"|j|\u2606ML Lacius\n|j|\u2606NoahtheGoaVGC1\n|t:|1683722119\n|gametype|doubles\n|player|p1|ML Lacius|101|1258\n|player|p2|NoahtheGoaVGC1|hilbert|1266\n|teamsize|p1|6\n|teamsize|p2|6\n|gen|9\n|tier|[Gen 9] VGC 2023 Regulation C\n|rated|\n|rule|Species Clause: Limit one of each Pok\u00e9mon\n|rule|Item Clause: Limit one of each item\n|clearpoke\n|poke|p1|Iron Valiant, L50|\n|poke|p1|Baxcalibur, L50, M|\n|poke|p1|Rotom-Wash, L50|\n|poke|p1|Corviknight, L50, M|\n|poke|p1|Arcanine, L50, M|\n|poke|p1|Ting-Lu, L50|\n|poke|p2|Tyranitar, L50, M|\n|poke|p2|Houndstone, L50, F|\n|poke|p2|Corviknight, L50, F|\n|poke|p2|Garchomp, L50, F|\n|poke|p2|Iron Bundle, L50|\n|poke|p2|Volcarona, L50, F|\n|teampreview|4\n|\n|t:|1683722170\n|start\n|switch|p1a: Rotom|Rotom-Wash, L50|100\/100\n|switch|p1b: Corviknight|Corviknight, L50, M|100\/100\n|switch|p2a: Iron Bundle|Iron Bundle, L50, shiny|100\/100\n|switch|p2b: Tyranitar|Tyranitar, L50, M, shiny|100\/100\n|-weather|Sandstorm|[from] ability: Sand Stream|[of] p2b: Tyranitar\n|-enditem|p2a: Iron Bundle|Booster Energy\n|-activate|p2a: Iron Bundle|ability: Quark Drive|[fromitem]\n|-start|p2a: Iron Bundle|quarkdrivespe\n|turn|1\n|\n|t:|1683722202\n|move|p2a: Iron Bundle|Icy Wind|p1a: Rotom|[spread] p1a,p1b\n|-resisted|p1a: Rotom\n|-damage|p1a: Rotom|90\/100\n|-damage|p1b: Corviknight|79\/100\n|-unboost|p1a: Rotom|spe|1\n|-ability|p1b: Corviknight|Mirror Armor\n|-unboost|p2a: Iron Bundle|spe|1\n|move|p1b: Corviknight|Taunt|p2a: Iron Bundle\n|-start|p2a: Iron Bundle|move: Taunt\n|move|p2b: Tyranitar|Assurance|p1a: Rotom\n|-damage|p1a: Rotom|17\/100\n|-enditem|p1a: Rotom|Sitrus Berry|[eat]\n|-heal|p1a: Rotom|42\/100|[from] item: Sitrus Berry\n|move|p1a: Rotom|Will-O-Wisp|p2b: Tyranitar|[miss]\n|-miss|p1a: Rotom|p2b: Tyranitar\n|\n|-weather|Sandstorm|[upkeep]\n|-damage|p2a: Iron Bundle|94\/100|[from] Sandstorm\n|-damage|p1a: Rotom|36\/100|[from] Sandstorm\n|-heal|p1b: Corviknight|85\/100|[from] item: Leftovers\n|upkeep\n|turn|2\n|\n|t:|1683722238\n|move|p1a: Rotom|Protect|p1a: Rotom\n|-singleturn|p1a: Rotom|Protect\n|move|p2a: Iron Bundle|Freeze-Dry|p1b: Corviknight\n|-damage|p1b: Corviknight|45\/100\n|move|p1b: Corviknight|Bulk Up|p1b: Corviknight\n|-boost|p1b: Corviknight|atk|1\n|-boost|p1b: Corviknight|def|1\n|move|p2b: Tyranitar|Rock Slide|p1a: Rotom|[spread] \n|-activate|p1a: Rotom|move: Protect\n|-miss|p2b: Tyranitar|p1b: Corviknight\n|\n|-weather|Sandstorm|[upkeep]\n|-damage|p2a: Iron Bundle|88\/100|[from] Sandstorm\n|-damage|p1a: Rotom|30\/100|[from] Sandstorm\n|-heal|p1b: Corviknight|51\/100|[from] item: Leftovers\n|upkeep\n|turn|3\n|\n|t:|1683722283\n|-terastallize|p1a: Rotom|Steel\n|move|p2a: Iron Bundle|Freeze-Dry|p1b: Corviknight\n|-damage|p1b: Corviknight|13\/100\n|move|p1b: Corviknight|Roost|p1b: Corviknight\n|-heal|p1b: Corviknight|63\/100\n|-singleturn|p1b: Corviknight|move: Roost\n|move|p2b: Tyranitar|Rock Slide|p1a: Rotom|[spread] p1a,p1b\n|-resisted|p1a: Rotom\n|-resisted|p1b: Corviknight\n|-damage|p1a: Rotom|16\/100\n|-damage|p1b: Corviknight|56\/100\n|move|p1a: Rotom|Will-O-Wisp|p2b: Tyranitar\n|-status|p2b: Tyranitar|brn\n|\n|-weather|Sandstorm|[upkeep]\n|-damage|p2a: Iron Bundle|82\/100|[from] Sandstorm\n|-heal|p1b: Corviknight|62\/100|[from] item: Leftovers\n|-damage|p2b: Tyranitar|95\/100 brn|[from] brn\n|upkeep\n|turn|4\n|inactive|Battle timer is ON: inactive players will automatically lose when time's up. (requested by ML Lacius)\n|inactive|NoahtheGoaVGC1 has 60 seconds left.\n|inactive|NoahtheGoaVGC1 has 30 seconds left.\n|inactive|NoahtheGoaVGC1 has 20 seconds left.\n|inactive|NoahtheGoaVGC1 has 15 seconds left.\n|inactive|NoahtheGoaVGC1 has 10 seconds left.\n|inactive|NoahtheGoaVGC1 has 5 seconds left.\n|\n|t:|1683722465\n|move|p1a: Rotom|Protect|p1a: Rotom\n|-singleturn|p1a: Rotom|Protect\n|move|p2a: Iron Bundle|Hydro Pump|p1a: Rotom\n|-activate|p1a: Rotom|move: Protect\n|move|p1b: Corviknight|Roost|p1b: Corviknight\n|-heal|p1b: Corviknight|100\/100\n|-singleturn|p1b: Corviknight|move: Roost\n|move|p2b: Tyranitar|Rock Slide|p1a: Rotom|[spread] p1b\n|-activate|p1a: Rotom|move: Protect\n|-resisted|p1b: Corviknight\n|-damage|p1b: Corviknight|97\/100\n|\n|-weather|Sandstorm|[upkeep]\n|-damage|p2a: Iron Bundle|76\/100|[from] Sandstorm\n|-heal|p1b: Corviknight|100\/100|[from] item: Leftovers\n|-damage|p2b: Tyranitar|89\/100 brn|[from] brn\n|-end|p2a: Iron Bundle|move: Taunt\n|upkeep\n|turn|5\n|inactive|ML Lacius has 30 seconds left.\n|inactive|NoahtheGoaVGC1 has 30 seconds left.\n|inactive|NoahtheGoaVGC1 has 20 seconds left.\n|inactive|NoahtheGoaVGC1 has 15 seconds left.\n|inactive|NoahtheGoaVGC1 has 10 seconds left.\n|inactive|NoahtheGoaVGC1 has 5 seconds left.\n|\n|t:|1683722520\n|switch|p1a: Ting-Lu|Ting-Lu, L50|100\/100\n|-ability|p1a: Ting-Lu|Vessel of Ruin\n|move|p2a: Iron Bundle|Hydro Pump|p1a: Ting-Lu\n|-supereffective|p1a: Ting-Lu\n|-damage|p1a: Ting-Lu|54\/100\n|move|p1b: Corviknight|Brave Bird|p2a: Iron Bundle\n|-damage|p2a: Iron Bundle|0 fnt\n|faint|p2a: Iron Bundle\n|-end|p2a: Iron Bundle|Quark Drive|[silent]\n|-damage|p1b: Corviknight|82\/100|[from] Recoil\n|move|p2b: Tyranitar|Rock Slide|p1b: Corviknight|[spread] p1b\n|-miss|p2b: Tyranitar|p1a: Ting-Lu\n|-damage|p1b: Corviknight|75\/100\n|\n|-weather|none\n|-heal|p1b: Corviknight|80\/100|[from] item: Leftovers\n|-damage|p2b: Tyranitar|83\/100 brn|[from] brn\n|upkeep\n|inactive|NoahtheGoaVGC1 has 30 seconds left.\n|inactive|NoahtheGoaVGC1 has 20 seconds left.\n|inactive|NoahtheGoaVGC1 has 15 seconds left.\n|inactive|NoahtheGoaVGC1 has 10 seconds left.\n|inactive|NoahtheGoaVGC1 has 5 seconds left.\n|\n|t:|1683722575\n|switch|p2a: Garchomp|Garchomp, L50, F, shiny|100\/100\n|turn|6\n|inactive|ML Lacius has 30 seconds left.\n|inactive|NoahtheGoaVGC1 has 30 seconds left.\n|inactive|ML Lacius has 20 seconds left.\n|inactive|NoahtheGoaVGC1 has 20 seconds left.\n|inactive|ML Lacius has 15 seconds left.\n|inactive|NoahtheGoaVGC1 has 15 seconds left.\n|inactive|ML Lacius has 10 seconds left.\n|inactive|NoahtheGoaVGC1 has 10 seconds left.\n|inactive|NoahtheGoaVGC1 has 5 seconds left.\n|\n|t:|1683722630\n|move|p2a: Garchomp|Earthquake|p1b: Corviknight|[spread] p2b,p1a\n|-immune|p1b: Corviknight\n|-supereffective|p2b: Tyranitar\n|-damage|p2b: Tyranitar|25\/100 brn\n|-damage|p1a: Ting-Lu|28\/100\n|move|p1b: Corviknight|Brave Bird|p2a: Garchomp\n|-damage|p2a: Garchomp|27\/100\n|-damage|p1b: Corviknight|55\/100|[from] Recoil\n|move|p2b: Tyranitar|Rock Slide|p1a: Ting-Lu|[spread] p1a,p1b\n|-resisted|p1a: Ting-Lu\n|-damage|p1a: Ting-Lu|25\/100\n|-damage|p1b: Corviknight|48\/100\n|move|p1a: Ting-Lu|Earthquake|p2b: Tyranitar|[spread] p2a,p2b\n|-immune|p1b: Corviknight\n|-supereffective|p2b: Tyranitar\n|-crit|p2b: Tyranitar\n|-damage|p2a: Garchomp|0 fnt\n|-damage|p2b: Tyranitar|0 fnt\n|faint|p2a: Garchomp\n|faint|p2b: Tyranitar\n|\n|-heal|p1b: Corviknight|53\/100|[from] item: Leftovers\n|upkeep\n|inactive|NoahtheGoaVGC1 has 30 seconds left.\n|inactive|NoahtheGoaVGC1 has 20 seconds left.\n|inactive|NoahtheGoaVGC1 has 15 seconds left.\n|inactive|NoahtheGoaVGC1 has 10 seconds left.\n|inactive|NoahtheGoaVGC1 has 5 seconds left.\n|\n|t:|1683722685\n|switch|p2a: Houndstone|Houndstone, L50, F, shiny|100\/100\n|turn|7\n|inactive|NoahtheGoaVGC1 has 30 seconds left.\n|inactive|NoahtheGoaVGC1 has 20 seconds left.\n|inactive|NoahtheGoaVGC1 has 15 seconds left.\n|inactive|NoahtheGoaVGC1 has 10 seconds left.\n|inactive|NoahtheGoaVGC1 has 5 seconds left.\n|\n|t:|1683722740\n|switch|p1a: Arcanine|Arcanine, L50, M|100\/100\n|-ability|p1a: Arcanine|Intimidate|boost\n|-unboost|p2a: Houndstone|atk|1\n|move|p2a: Houndstone|Last Respects|p1a: Arcanine\n|-damage|p1a: Arcanine|18\/100\n|move|p1b: Corviknight|Roost|p1b: Corviknight\n|-heal|p1b: Corviknight|100\/100\n|-singleturn|p1b: Corviknight|move: Roost\n|\n|upkeep\n|turn|8\n|inactive|NoahtheGoaVGC1 has 30 seconds left.\n|inactive|NoahtheGoaVGC1 has 20 seconds left.\n|inactive|NoahtheGoaVGC1 has 15 seconds left.\n|inactive|NoahtheGoaVGC1 has 10 seconds left.\n|inactive|NoahtheGoaVGC1 has 5 seconds left.\n|\n|t:|1683722795\n|switch|p1a: Rotom|Rotom-Wash, L50, tera:Steel|16\/100\n|move|p2a: Houndstone|Last Respects|p1a: Rotom\n|-damage|p1a: Rotom|0 fnt\n|faint|p1a: Rotom\n|move|p1b: Corviknight|Bulk Up|p1b: Corviknight\n|-boost|p1b: Corviknight|atk|1\n|-boost|p1b: Corviknight|def|1\n|\n|upkeep\n|\n|t:|1683722806\n|switch|p1a: Arcanine|Arcanine, L50, M|18\/100\n|-ability|p1a: Arcanine|Intimidate|boost\n|-unboost|p2a: Houndstone|atk|1\n|turn|9\n|inactive|NoahtheGoaVGC1 has 30 seconds left.\n|inactive|NoahtheGoaVGC1 has 20 seconds left.\n|inactive|NoahtheGoaVGC1 has 15 seconds left.\n|inactive|NoahtheGoaVGC1 has 10 seconds left.\n|inactive|NoahtheGoaVGC1 has 5 seconds left.\n|\n|t:|1683722861\n|move|p1a: Arcanine|Protect|p1a: Arcanine\n|-singleturn|p1a: Arcanine|Protect\n|move|p2a: Houndstone|Last Respects|p1a: Arcanine\n|-activate|p1a: Arcanine|move: Protect\n|move|p1b: Corviknight|Brave Bird|p2a: Houndstone\n|-damage|p2a: Houndstone|0 fnt\n|faint|p2a: Houndstone\n|-damage|p1b: Corviknight|72\/100|[from] Recoil\n|\n|win|ML Lacius\n|raw|ML Lacius's rating: 1258 → 1284<\/strong> (+26 for winning)\n|raw|NoahtheGoaVGC1's rating: 1266 → 1240<\/strong> (-26 for losing)\n","uploadtime":1683722874,"views":18,"p1id":"mllacius","p2id":"noahthegoavgc1","formatid":"gen9vgc2023regulationc","rating":1240,"private":0,"password":""}