{"id":"gen9vgc2023regulationc-1857266115","p1":"jemenuieeee","p2":"CallMeMoron","format":"[Gen 9] VGC 2023 Regulation C","log":"|j|\u2606jemenuieeee\n|j|\u2606CallMeMoron\n|t:|1683165387\n|gametype|doubles\n|player|p1|jemenuieeee|265|1153\n|player|p2|CallMeMoron|n|1141\n|teamsize|p1|6\n|teamsize|p2|6\n|gen|9\n|tier|[Gen 9] VGC 2023 Regulation C\n|rated|\n|rule|Species Clause: Limit one of each Pok\u00e9mon\n|rule|Item Clause: Limit one of each item\n|clearpoke\n|poke|p1|Abomasnow, L50, F|\n|poke|p1|Iron Bundle, L50|\n|poke|p1|Chien-Pao, L50|\n|poke|p1|Iron Moth, L50|\n|poke|p1|Iron Hands, L50|\n|poke|p1|Roaring Moon, L50|\n|poke|p2|Amoonguss, L50, M|\n|poke|p2|Chi-Yu, L50|\n|poke|p2|Flutter Mane, L50|\n|poke|p2|Iron Bundle, L50|\n|poke|p2|Iron Hands, L50|\n|poke|p2|Dragonite, L50, F|\n|teampreview|4\nCallMeMoron has agreed to open team sheets.\n|inactive|Battle timer is ON: inactive players will automatically lose when time's up. (requested by jemenuieeee)\n|\n|t:|1683165462\n|start\n|switch|p1a: Abomasnow|Abomasnow, L50, F|100\/100\n|switch|p1b: Chien-Pao|Chien-Pao, L50|100\/100\n|switch|p2a: Iron Bundle|Iron Bundle, L50|100\/100\n|switch|p2b: Cyberpunk|Iron Hands, L50|100\/100\n|-ability|p1b: Chien-Pao|Sword of Ruin\n|-weather|Snow|[from] ability: Snow Warning|[of] p1a: Abomasnow\n|-enditem|p2a: Iron Bundle|Booster Energy\n|-activate|p2a: Iron Bundle|ability: Quark Drive|[fromitem]\n|-start|p2a: Iron Bundle|quarkdrivespe\n|turn|1\n|inactive|jemenuieeee has 30 seconds left.\n|\n|t:|1683165493\n|move|p2a: Iron Bundle|Freeze-Dry|p1a: Abomasnow\n|-damage|p1a: Abomasnow|66\/100\n|move|p1b: Chien-Pao|Substitute|p1b: Chien-Pao\n|-start|p1b: Chien-Pao|Substitute\n|-damage|p1b: Chien-Pao|76\/100\n|move|p1a: Abomasnow|Aurora Veil|p1a: Abomasnow\n|-sidestart|p1: jemenuieeee|move: Aurora Veil\n|move|p2b: Cyberpunk|Drain Punch|p1a: Abomasnow\n|-supereffective|p1a: Abomasnow\n|-damage|p1a: Abomasnow|7\/100\n|\n|-weather|Snow|[upkeep]\n|upkeep\n|turn|2\n|inactive|jemenuieeee has 30 seconds left.\n|\n|t:|1683165519\n|move|p2a: Iron Bundle|Protect|p2a: Iron Bundle\n|-singleturn|p2a: Iron Bundle|Protect\n|move|p1b: Chien-Pao|Sacred Sword|p2a: Iron Bundle\n|-activate|p2a: Iron Bundle|move: Protect\n|move|p1a: Abomasnow|Energy Ball|p2a: Iron Bundle\n|-activate|p2a: Iron Bundle|move: Protect\n|move|p2b: Cyberpunk|Drain Punch|p1b: Chien-Pao\n|-supereffective|p1b: Chien-Pao\n|-end|p1b: Chien-Pao|Substitute\n|\n|-weather|Snow|[upkeep]\n|upkeep\n|turn|3\n|\n|t:|1683165539\n|move|p2a: Iron Bundle|Icy Wind|p1b: Chien-Pao|[spread] p1a,p1b\n|-resisted|p1b: Chien-Pao\n|-damage|p1a: Abomasnow|0 fnt\n|-damage|p1b: Chien-Pao|66\/100\n|-unboost|p1b: Chien-Pao|spe|1\n|faint|p1a: Abomasnow\n|move|p1b: Chien-Pao|Substitute|p1b: Chien-Pao\n|-start|p1b: Chien-Pao|Substitute\n|-damage|p1b: Chien-Pao|41\/100\n|move|p2b: Cyberpunk|Drain Punch|p1b: Chien-Pao\n|-supereffective|p1b: Chien-Pao\n|-end|p1b: Chien-Pao|Substitute\n|\n|-weather|Snow|[upkeep]\n|upkeep\n|\n|t:|1683165545\n|switch|p1a: Iron Bundle|Iron Bundle, L50|100\/100\n|turn|4\n|inactive|jemenuieeee has 30 seconds left.\n|\n|t:|1683165574\n|move|p2a: Iron Bundle|Icy Wind|p1a: Iron Bundle|[spread] p1a,p1b\n|-resisted|p1a: Iron Bundle\n|-resisted|p1b: Chien-Pao\n|-damage|p1a: Iron Bundle|94\/100\n|-damage|p1b: Chien-Pao|29\/100\n|-unboost|p1a: Iron Bundle|spe|1\n|-unboost|p1b: Chien-Pao|spe|1\n|move|p1a: Iron Bundle|Freeze-Dry|p2a: Iron Bundle\n|-damage|p2a: Iron Bundle|10\/100\n|move|p1b: Chien-Pao|Icicle Crash|p2b: Cyberpunk\n|-damage|p2b: Cyberpunk|63\/100\n|move|p2b: Cyberpunk|Drain Punch|p1b: Chien-Pao\n|-supereffective|p1b: Chien-Pao\n|-damage|p1b: Chien-Pao|0 fnt\n|-heal|p2b: Cyberpunk|72\/100|[from] drain|[of] p1b: Chien-Pao\n|faint|p1b: Chien-Pao\n|\n|-weather|Snow|[upkeep]\n|upkeep\n|\n|t:|1683165588\n|switch|p1b: Iron Moth|Iron Moth, L50|100\/100\n|turn|5\n|\n|t:|1683165608\n|-terastallize|p1a: Iron Bundle|Ice\n|move|p2a: Iron Bundle|Icy Wind|p1b: Iron Moth|[spread] p1a,p1b\n|-resisted|p1a: Iron Bundle\n|-resisted|p1b: Iron Moth\n|-damage|p1a: Iron Bundle|79\/100\n|-damage|p1b: Iron Moth|95\/100\n|-unboost|p1a: Iron Bundle|spe|1\n|-unboost|p1b: Iron Moth|spe|1\n|move|p1a: Iron Bundle|Blizzard|p2a: Iron Bundle|[spread] p2a,p2b\n|-resisted|p2a: Iron Bundle\n|-crit|p2b: Cyberpunk\n|-damage|p2a: Iron Bundle|0 fnt\n|-damage|p2b: Cyberpunk|6\/100\n|faint|p2a: Iron Bundle\n|-end|p2a: Iron Bundle|Quark Drive|[silent]\n|move|p1b: Iron Moth|Fiery Dance|p2b: Cyberpunk\n|-damage|p2b: Cyberpunk|0 fnt\n|-boost|p1b: Iron Moth|spa|1\n|faint|p2b: Cyberpunk\n|-end|p2b: Cyberpunk|Quark Drive|[silent]\n|\n|-weather|none\n|upkeep\n|\n|t:|1683165619\n|switch|p2a: Nemo|Chi-Yu, L50|100\/100\n|switch|p2b: La Pelos|Flutter Mane, L50|100\/100\n|-ability|p2a: Nemo|Beads of Ruin\n|turn|6\n|inactive|CallMeMoron has 30 seconds left.\n|inactive|CallMeMoron has 20 seconds left.\n|inactive|CallMeMoron has 15 seconds left.\n|\n|t:|1683165659\n|-terastallize|p2b: La Pelos|Fairy\n|move|p2b: La Pelos|Moonblast|p1a: Iron Bundle\n|-damage|p1a: Iron Bundle|0 fnt\n|faint|p1a: Iron Bundle\n|-end|p1a: Iron Bundle|Quark Drive|[silent]\n|-damage|p2b: La Pelos|91\/100|[from] item: Life Orb\n|move|p2a: Nemo|Snarl|p1b: Iron Moth\n|-damage|p1b: Iron Moth|74\/100\n|-unboost|p1b: Iron Moth|spa|1\n|move|p1b: Iron Moth|Substitute|p1b: Iron Moth\n|-start|p1b: Iron Moth|Substitute\n|-damage|p1b: Iron Moth|50\/100\n|\n|upkeep\n|turn|7\n|-message|jemenuieeee forfeited.\n|\n|win|CallMeMoron\n|raw|jemenuieeee's rating: 1153 → 1127<\/strong> (-26 for losing)\n|raw|CallMeMoron's rating: 1141 → 1167<\/strong> (+26 for winning)\n|l|\u2606jemenuieeee\n","uploadtime":1683165676,"views":12,"p1id":"jemenuieeee","p2id":"callmemoron","formatid":"gen9vgc2023regulationc","rating":1127,"private":0,"password":""}