{"id":"gen9vgc2023regulationc-1854292590","p1":"jesus.utrilla","p2":"Jbenn","format":"[Gen 9] VGC 2023 Regulation C","log":"|j|\u2606jesus.utrilla\n|j|\u2606Jbenn\n|t:|1682793431\n|gametype|doubles\n|player|p1|jesus.utrilla|rosa|1508\n|player|p2|Jbenn|steven|1648\n|teamsize|p1|6\n|teamsize|p2|6\n|gen|9\n|tier|[Gen 9] VGC 2023 Regulation C\n|rated|\n|rule|Species Clause: Limit one of each Pok\u00e9mon\n|rule|Item Clause: Limit one of each item\n|clearpoke\n|poke|p1|Flutter Mane, L50|\n|poke|p1|Glimmora, L50, M|\n|poke|p1|Chi-Yu, L50|\n|poke|p1|Corviknight, L50, M|\n|poke|p1|Dondozo, L50, M|\n|poke|p1|Tatsugiri, L50, M|\n|poke|p2|Roaring Moon, L50|\n|poke|p2|Great Tusk, L50|\n|poke|p2|Gholdengo, L50|\n|poke|p2|Hariyama, L50, M|\n|poke|p2|Mimikyu, L50, F|\n|poke|p2|Gyarados, L50, M|\n|teampreview|4\n|j| tarikgoesinsane\n|inactive|Battle timer is ON: inactive players will automatically lose when time's up. (requested by jesus.utrilla)\n|inactive|Jbenn has 60 seconds left.\nJbenn has agreed to open team sheets.\n|\n|t:|1682793494\n|start\n|switch|p1a: Flutter Mane|Flutter Mane, L50, shiny|100\/100\n|switch|p1b: Chi-Yu|Chi-Yu, L50|100\/100\n|switch|p2a: Yokozuna|Hariyama, L50, M, shiny|100\/100\n|switch|p2b: Casper|Mimikyu, L50, F|100\/100\n|-ability|p1b: Chi-Yu|Beads of Ruin\n|turn|1\n|j| efrgebgf\n|\n|t:|1682793518\n|move|p2b: Casper|Protect|p2b: Casper\n|-singleturn|p2b: Casper|Protect\n|move|p1a: Flutter Mane|Moonblast|p2a: Yokozuna\n|-supereffective|p2a: Yokozuna\n|-enditem|p2a: Yokozuna|Roseli Berry|[eat]\n|-enditem|p2a: Yokozuna|Roseli Berry|[weaken]\n|-damage|p2a: Yokozuna|0 fnt\n|faint|p2a: Yokozuna\n|move|p1b: Chi-Yu|Dark Pulse|p2b: Casper\n|-activate|p2b: Casper|move: Protect\n|\n|upkeep\n|inactive|Jbenn has 30 seconds left.\n|inactive|Jbenn has 20 seconds left.\n|inactive|Jbenn has 15 seconds left.\n|inactive|Jbenn has 10 seconds left.\n|inactive|Jbenn has 5 seconds left.\n|\n|t:|1682793573\n|switch|p2a: 50 Cent|Gholdengo, L50|100\/100\n|turn|2\n|j| aiex72\n|inactive|jesus.utrilla has 30 seconds left.\n|inactive|jesus.utrilla has 20 seconds left.\n|inactive|jesus.utrilla has 15 seconds left.\n|\n|t:|1682793615\n|-terastallize|p2a: 50 Cent|Water\n|move|p1a: Flutter Mane|Moonblast|p2b: Casper\n|-activate|p2b: Casper|ability: Disguise\n|-damage|p2b: Casper|100\/100\n|detailschange|p2b: Casper|Mimikyu-Busted, L50, F\n|-damage|p2b: Casper|88\/100|[from] pokemon: Mimikyu-Busted\n|move|p1b: Chi-Yu|Heat Wave|p2b: Casper|[spread] p2a,p2b\n|-resisted|p2a: 50 Cent\n|-damage|p2a: 50 Cent|71\/100\n|-damage|p2b: Casper|35\/100\n|-enditem|p2b: Casper|Sitrus Berry|[eat]\n|-heal|p2b: Casper|60\/100|[from] item: Sitrus Berry\n|move|p2a: 50 Cent|Make It Rain|p1a: Flutter Mane|[spread] p1a,p1b\n|-supereffective|p1a: Flutter Mane\n|-resisted|p1b: Chi-Yu\n|-crit|p1b: Chi-Yu\n|-damage|p1a: Flutter Mane|0 fnt\n|-damage|p1b: Chi-Yu|58\/100\n|-unboost|p2a: 50 Cent|spa|1\n|faint|p1a: Flutter Mane\n|-end|p1a: Flutter Mane|Protosynthesis|[silent]\n|move|p2b: Casper|Trick Room|p2b: Casper\n|-fieldstart|move: Trick Room|[of] p2b: Casper\n|\n|-heal|p2a: 50 Cent|77\/100|[from] item: Leftovers\n|upkeep\n|\n|t:|1682793630\n|switch|p1a: Dondozo|Dondozo, L50, M, shiny|100\/100\n|turn|3\n|\n|t:|1682793649\n|switch|p2b: Haku|Gyarados, L50, M, shiny|100\/100\n|-ability|p2b: Haku|Intimidate|boost\n|-unboost|p1a: Dondozo|atk|1\n|-unboost|p1b: Chi-Yu|atk|1\n|move|p1b: Chi-Yu|Protect|p1b: Chi-Yu\n|-singleturn|p1b: Chi-Yu|Protect\n|move|p1a: Dondozo|Substitute|p1a: Dondozo\n|-start|p1a: Dondozo|Substitute\n|-damage|p1a: Dondozo|76\/100\n|move|p2a: 50 Cent|Nasty Plot|p2a: 50 Cent\n|-boost|p2a: 50 Cent|spa|2\n|\n|-heal|p1a: Dondozo|82\/100|[from] item: Leftovers\n|-heal|p2a: 50 Cent|83\/100|[from] item: Leftovers\n|upkeep\n|turn|4\n|inactive|jesus.utrilla has 30 seconds left.\n|\n|t:|1682793675\n|switch|p1b: Tatsugiri|Tatsugiri, L50, M|100\/100\n|-activate|p1b: Tatsugiri|ability: Commander|[of] p1a: Dondozo\n|-boost|p1a: Dondozo|atk|2\n|-boost|p1a: Dondozo|spa|2\n|-boost|p1a: Dondozo|spe|2\n|-boost|p1a: Dondozo|def|2\n|-boost|p1a: Dondozo|spd|2\n|move|p1a: Dondozo|Protect|p1a: Dondozo\n|-singleturn|p1a: Dondozo|Protect\n|move|p2a: 50 Cent|Thunderbolt|p1a: Dondozo\n|-activate|p1a: Dondozo|move: Protect\n|move|p2b: Haku|Thunder Wave|p1a: Dondozo\n|-activate|p1a: Dondozo|move: Protect\n|\n|-heal|p2a: 50 Cent|89\/100|[from] item: Leftovers\n|-heal|p1a: Dondozo|88\/100|[from] item: Leftovers\n|upkeep\n|turn|5\n|j| Emilia_poke\n|inactive|Jbenn has 30 seconds left.\n|\n|t:|1682793706\n|switch|p2b: Casper|Mimikyu-Busted, L50, F|60\/100\n|-terastallize|p1a: Dondozo|Grass\n|move|p2a: 50 Cent|Thunderbolt|p1a: Dondozo\n|-resisted|p1a: Dondozo\n|-activate|p1a: Dondozo|move: Substitute|[damage]\n|move|p1a: Dondozo|Order Up|p2a: 50 Cent\n|-damage|p2a: 50 Cent|55\/100\n|-boost|p1a: Dondozo|atk|1\n|\n|-heal|p2a: 50 Cent|61\/100|[from] item: Leftovers\n|-heal|p1a: Dondozo|94\/100|[from] item: Leftovers\n|upkeep\n|turn|6\n|inactive|jesus.utrilla has 30 seconds left.\n|\n|t:|1682793733\n|move|p2a: 50 Cent|Protect|p2a: 50 Cent\n|-singleturn|p2a: 50 Cent|Protect\n|move|p2b: Casper|Curse|p1a: Dondozo\n|-start|p1a: Dondozo|Curse|[of] p2b: Casper\n|-damage|p2b: Casper|10\/100\n|move|p1a: Dondozo|Order Up|p2a: 50 Cent\n|-activate|p2a: 50 Cent|move: Protect\n|\n|-heal|p2a: 50 Cent|67\/100|[from] item: Leftovers\n|-heal|p1a: Dondozo|100\/100|[from] item: Leftovers\n|-damage|p1a: Dondozo|76\/100|[from] Curse\n|-fieldend|move: Trick Room\n|upkeep\n|turn|7\n|\n|t:|1682793749\n|switch|p2b: Haku|Gyarados, L50, M, shiny|100\/100\n|-ability|p2b: Haku|Intimidate|boost\n|-immune|p1a: Dondozo\n|-unboost|p1b: Tatsugiri|atk|1\n|move|p1a: Dondozo|Earthquake|p2b: Haku|[spread] p2a\n|-miss|p1a: Dondozo|p1b: Tatsugiri\n|-immune|p2b: Haku\n|-damage|p2a: 50 Cent|28\/100\n|move|p2a: 50 Cent|Make It Rain|p1b: Tatsugiri|[spread] p1a\n|-miss|p2a: 50 Cent|p1b: Tatsugiri\n|-end|p1a: Dondozo|Substitute\n|-unboost|p2a: 50 Cent|spa|1\n|\n|-heal|p1a: Dondozo|82\/100|[from] item: Leftovers\n|-heal|p2a: 50 Cent|33\/100|[from] item: Leftovers\n|-damage|p1a: Dondozo|57\/100|[from] Curse\n|upkeep\n|turn|8\n|inactive|Jbenn has 30 seconds left.\n|\n|t:|1682793782\n|move|p1a: Dondozo|Protect|p1a: Dondozo\n|-singleturn|p1a: Dondozo|Protect\n|move|p2a: 50 Cent|Protect|p2a: 50 Cent\n|-singleturn|p2a: 50 Cent|Protect\n|move|p2b: Haku|Thunder Wave|p1a: Dondozo\n|-activate|p1a: Dondozo|move: Protect\n|\n|-heal|p1a: Dondozo|63\/100|[from] item: Leftovers\n|-heal|p2a: 50 Cent|39\/100|[from] item: Leftovers\n|-damage|p1a: Dondozo|38\/100|[from] Curse\n|upkeep\n|turn|9\n|l| Emilia_poke\n|inactive|Jbenn has 30 seconds left.\n|\n|t:|1682793811\n|move|p1a: Dondozo|Earthquake|p2b: Haku|[spread] p2a\n|-miss|p1a: Dondozo|p1b: Tatsugiri\n|-immune|p2b: Haku\n|-damage|p2a: 50 Cent|0 fnt\n|faint|p2a: 50 Cent\n|move|p2b: Haku|Thunder Wave|p1a: Dondozo\n|-status|p1a: Dondozo|par\n|\n|-heal|p1a: Dondozo|44\/100 par|[from] item: Leftovers\n|-damage|p1a: Dondozo|20\/100 par|[from] Curse\n|upkeep\n|\n|t:|1682793822\n|switch|p2a: Casper|Mimikyu-Busted, L50, F|10\/100\n|turn|10\n|\n|t:|1682793827\n|move|p2b: Haku|Waterfall|p1a: Dondozo\n|-resisted|p1a: Dondozo\n|-damage|p1a: Dondozo|13\/100 par\n|cant|p1a: Dondozo|par\n|move|p2a: Casper|Trick Room|p2a: Casper\n|-fieldstart|move: Trick Room|[of] p2a: Casper\n|\n|-heal|p1a: Dondozo|19\/100 par|[from] item: Leftovers\n|-damage|p1a: Dondozo|0 fnt|[from] Curse\n|faint|p1a: Dondozo\n|upkeep\n|\n|t:|1682793833\n|switch|p1a: Chi-Yu|Chi-Yu, L50|58\/100\n|-ability|p1a: Chi-Yu|Beads of Ruin\n|turn|11\n|-message|jesus.utrilla forfeited.\n|\n|win|Jbenn\n|raw|jesus.utrilla's rating: 1508 → 1496<\/strong> (-12 for losing)\n|raw|Jbenn's rating: 1648 → 1660<\/strong> (+12 for winning)\n|l|\u2606jesus.utrilla\n|c|\u2606Jbenn|BANG\n","uploadtime":1682793890,"views":17,"p1id":"jesusutrilla","p2id":"jbenn","formatid":"gen9vgc2023regulationc","rating":1496,"private":0,"password":""}