{"id":"gen9vgc2023regulationc-1859604078","p1":"clovehitch","p2":"tatsugirl i~","format":"[Gen 9] VGC 2023 Regulation C","log":"|j|\u2606clovehitch\n|j|\u2606tatsugirl i~\n|t:|1683547817\n|gametype|doubles\n|player|p1|clovehitch|iris-gen5bw2|\n|player|p2|tatsugirl i~|may-masters|\n|teamsize|p1|6\n|teamsize|p2|6\n|gen|9\n|tier|[Gen 9] VGC 2023 Regulation C\n|rated|Tournament battle\n|rule|Species Clause: Limit one of each Pok\u00e9mon\n|rule|Item Clause: Limit one of each item\n|clearpoke\n|poke|p1|Glimmora, L50, M|\n|poke|p1|Dragonite, L50, M|\n|poke|p1|Dondozo, L50, M|\n|poke|p1|Tatsugiri, L50, F|\n|poke|p1|Chi-Yu, L50|\n|poke|p1|Iron Bundle, L50|\n|poke|p2|Corviknight, L50, M|\n|poke|p2|Dragapult, L50, F|\n|poke|p2|Flutter Mane, L50|\n|poke|p2|Chi-Yu, L50|\n|poke|p2|Dachsbun, L50, F|\n|poke|p2|Tauros-Paldea-Aqua, L50, M|\n|teampreview|4\n|raw| Open Team Sheet for clovehitch<\/summary>Glimmora (M) @ Assault Vest Ability: Toxic Debris Level: 50 Shiny: Yes Tera Type: Grass - Mortal Spin - Power Gem - Earth Power - Energy Ball Dragonite (M) @ Choice Band Ability: Multiscale Level: 50 Shiny: Yes Tera Type: Normal - Outrage - Ice Spinner - Extreme Speed - Earthquake Dondozo (M) @ Leftovers Ability: Oblivious Level: 50 Tera Type: Grass - Wave Crash - Earthquake - Tera Blast - Protect Tatsugiri (F) @ Choice Scarf Ability: Commander Level: 50 Tera Type: Steel - Draco Meteor - Muddy Water - Icy Wind - Sleep Talk Chi-Yu @ Focus Sash Ability: Beads of Ruin Level: 50 Tera Type: Ghost - Overheat - Heat Wave - Dark Pulse - Protect Iron Bundle @ Booster Energy Ability: Quark Drive Level: 50 Shiny: Yes Tera Type: Ice - Hydro Pump - Icy Wind - Freeze-Dry - Protect <\/details><\/div> Open Team Sheet for tatsugirl i~<\/summary>Corviknight @ Sitrus Berry Ability: Mirror Armor Level: 50 Tera Type: Dragon - Iron Head - Brave Bird - Tailwind - Roost Dragapult @ Life Orb Ability: Clear Body Level: 50 Tera Type: Steel - Dragon Darts - Phantom Force - Will-O-Wisp - Protect Flutter Mane @ Booster Energy Ability: Protosynthesis Level: 50 Tera Type: Fairy - Shadow Ball - Moonblast - Dazzling Gleam - Protect Chi-Yu @ Charcoal Ability: Beads of Ruin Level: 50 Tera Type: Grass - Lava Plume - Heat Wave - Dark Pulse - Protect Dachsbun @ Leftovers Ability: Well-Baked Body Level: 50 Tera Type: Steel - Body Press - Play Rough - Yawn - Protect Tauros (Tauros-Paldea-Aqua) (M) @ Safety Goggles Ability: Intimidate Level: 50 Tera Type: Fire - Raging Bull - Close Combat - Aqua Jet - Protect <\/details><\/div>\n|j| RiotJuice\n|\n|t:|1683547872\n|start\n|switch|p1a: Glimmora|Glimmora, L50, M, shiny|100\/100\n|switch|p1b: Chi-Yu|Chi-Yu, L50|100\/100\n|switch|p2a: Flutter Mane|Flutter Mane, L50|100\/100\n|switch|p2b: Corviknight|Corviknight, L50, M|100\/100\n|-ability|p1b: Chi-Yu|Beads of Ruin\n|-enditem|p2a: Flutter Mane|Booster Energy\n|-activate|p2a: Flutter Mane|ability: Protosynthesis|[fromitem]\n|-start|p2a: Flutter Mane|protosynthesisspe\n|turn|1\n|\n|t:|1683547888\n|switch|p2b: Dachsbun|Dachsbun, L50, F|100\/100\n|move|p2a: Flutter Mane|Protect|p2a: Flutter Mane\n|-singleturn|p2a: Flutter Mane|Protect\n|move|p1b: Chi-Yu|Heat Wave|p2a: Flutter Mane|[spread] \n|-activate|p2a: Flutter Mane|move: Protect\n|-ability|p2b: Dachsbun|Well-Baked Body|boost\n|-boost|p2b: Dachsbun|def|2\n|move|p1a: Glimmora|Mortal Spin|p2a: Flutter Mane|[spread] p2b\n|-activate|p2a: Flutter Mane|move: Protect\n|-supereffective|p2b: Dachsbun\n|-damage|p2b: Dachsbun|97\/100\n|-status|p2b: Dachsbun|psn\n|\n|-heal|p2b: Dachsbun|100\/100 psn|[from] item: Leftovers\n|-damage|p2b: Dachsbun|88\/100 psn|[from] psn\n|upkeep\n|turn|2\n|\n|t:|1683547909\n|move|p2a: Flutter Mane|Dazzling Gleam|p1a: Glimmora|[spread] p1a,p1b\n|-resisted|p1a: Glimmora\n|-damage|p1a: Glimmora|86\/100\n|-damage|p1b: Chi-Yu|65\/100\n|move|p1b: Chi-Yu|Overheat|p2a: Flutter Mane\n|-damage|p2a: Flutter Mane|16\/100\n|-unboost|p1b: Chi-Yu|spa|2\n|move|p2b: Dachsbun|Body Press|p1b: Chi-Yu\n|-supereffective|p1b: Chi-Yu\n|-damage|p1b: Chi-Yu|0 fnt\n|faint|p1b: Chi-Yu\n|move|p1a: Glimmora|Power Gem|p2a: Flutter Mane\n|-damage|p2a: Flutter Mane|0 fnt\n|faint|p2a: Flutter Mane\n|-end|p2a: Flutter Mane|Protosynthesis|[silent]\n|\n|-heal|p2b: Dachsbun|94\/100 psn|[from] item: Leftovers\n|-damage|p2b: Dachsbun|82\/100 psn|[from] psn\n|upkeep\n|\n|t:|1683547926\n|switch|p2a: Chi-Yu|Chi-Yu, L50|100\/100\n|switch|p1b: Dondozo|Dondozo, L50, M|100\/100\n|-ability|p2a: Chi-Yu|Beads of Ruin\n|turn|3\n|\n|t:|1683547935\n|move|p2a: Chi-Yu|Lava Plume|p1b: Dondozo|[spread] p1a,p1b\n|-ability|p2b: Dachsbun|Well-Baked Body|boost\n|-boost|p2b: Dachsbun|def|2\n|-resisted|p1a: Glimmora\n|-resisted|p1b: Dondozo\n|-damage|p1a: Glimmora|73\/100\n|-damage|p1b: Dondozo|80\/100\n|move|p2b: Dachsbun|Yawn|p1b: Dondozo\n|-start|p1b: Dondozo|move: Yawn|[of] p2b: Dachsbun\n|move|p1a: Glimmora|Power Gem|p2a: Chi-Yu\n|-supereffective|p2a: Chi-Yu\n|-damage|p2a: Chi-Yu|30\/100\n|move|p1b: Dondozo|Wave Crash|p2a: Chi-Yu\n|-supereffective|p2a: Chi-Yu\n|-damage|p2a: Chi-Yu|0 fnt\n|faint|p2a: Chi-Yu\n|-damage|p1b: Dondozo|73\/100|[from] Recoil\n|\n|-heal|p2b: Dachsbun|88\/100 psn|[from] item: Leftovers\n|-heal|p1b: Dondozo|79\/100|[from] item: Leftovers\n|-damage|p2b: Dachsbun|75\/100 psn|[from] psn\n|upkeep\n|\n|t:|1683547946\n|switch|p2a: Corviknight|Corviknight, L50, M|100\/100\n|turn|4\n|\n|t:|1683547975\n|switch|p1b: Tatsugiri|Tatsugiri, L50, F|100\/100\n|move|p2b: Dachsbun|Body Press|p1b: Tatsugiri\n|-damage|p1b: Tatsugiri|0 fnt\n|faint|p1b: Tatsugiri\n|move|p2a: Corviknight|Tailwind|p2a: Corviknight\n|-sidestart|p2: tatsugirl i~|move: Tailwind\n|move|p1a: Glimmora|Power Gem|p2b: Dachsbun\n|-damage|p2b: Dachsbun|34\/100 psn\n|\n|-heal|p2b: Dachsbun|40\/100 psn|[from] item: Leftovers\n|-damage|p2b: Dachsbun|27\/100 psn|[from] psn\n|upkeep\n|\n|t:|1683547984\n|switch|p1b: Dondozo|Dondozo, L50, M|79\/100\n|turn|5\n|\n|t:|1683548005\n|move|p2b: Dachsbun|Yawn|p1b: Dondozo\n|-start|p1b: Dondozo|move: Yawn|[of] p2b: Dachsbun\n|move|p2a: Corviknight|Iron Head|p1a: Glimmora\n|-supereffective|p1a: Glimmora\n|-damage|p1a: Glimmora|31\/100\n|-activate|p1a: Glimmora|ability: Toxic Debris\n|-sidestart|p2: tatsugirl i~|move: Toxic Spikes\n|move|p1a: Glimmora|Power Gem|p2b: Dachsbun\n|-damage|p2b: Dachsbun|0 fnt\n|faint|p2b: Dachsbun\n|move|p1b: Dondozo|Wave Crash|p2a: Corviknight\n|-damage|p2a: Corviknight|56\/100\n|-damage|p1b: Dondozo|66\/100|[from] Recoil\n|\n|-heal|p1b: Dondozo|72\/100|[from] item: Leftovers\n|upkeep\n|turn|6\n|\n|t:|1683548024\n|-terastallize|p2a: Corviknight|Dragon\n|move|p2a: Corviknight|Iron Head|p1a: Glimmora\n|-supereffective|p1a: Glimmora\n|-damage|p1a: Glimmora|0 fnt\n|-activate|p1a: Glimmora|ability: Toxic Debris\n|-sidestart|p2: tatsugirl i~|move: Toxic Spikes\n|faint|p1a: Glimmora\n|move|p1b: Dondozo|Wave Crash|p2a: Corviknight\n|-resisted|p2a: Corviknight\n|-damage|p2a: Corviknight|36\/100\n|-enditem|p2a: Corviknight|Sitrus Berry|[eat]\n|-heal|p2a: Corviknight|61\/100|[from] item: Sitrus Berry\n|-damage|p1b: Dondozo|66\/100|[from] Recoil\n|\n|-heal|p1b: Dondozo|72\/100|[from] item: Leftovers\n|-end|p1b: Dondozo|move: Yawn|[silent]\n|-status|p1b: Dondozo|slp\n|upkeep\n|turn|7\n|\n|t:|1683548033\n|cant|p1b: Dondozo|slp\n|move|p2a: Corviknight|Roost|p2a: Corviknight\n|-heal|p2a: Corviknight|100\/100\n|\n|-heal|p1b: Dondozo|78\/100 slp|[from] item: Leftovers\n|-sideend|p2: tatsugirl i~|move: Tailwind\n|upkeep\n|turn|8\n|\n|t:|1683548039\n|cant|p1b: Dondozo|slp\n|move|p2a: Corviknight|Brave Bird|p1b: Dondozo\n|-damage|p1b: Dondozo|54\/100 slp\n|-damage|p2a: Corviknight|92\/100|[from] Recoil\n|\n|-heal|p1b: Dondozo|60\/100 slp|[from] item: Leftovers\n|upkeep\n|turn|9\n|\n|t:|1683548044\n|-curestatus|p1b: Dondozo|slp|[msg]\n|move|p1b: Dondozo|Protect|p1b: Dondozo\n|-singleturn|p1b: Dondozo|Protect\n|move|p2a: Corviknight|Brave Bird|p1b: Dondozo\n|-activate|p1b: Dondozo|move: Protect\n|\n|-heal|p1b: Dondozo|66\/100|[from] item: Leftovers\n|upkeep\n|turn|10\n|\n|t:|1683548060\n|move|p2a: Corviknight|Tailwind|p2a: Corviknight\n|-sidestart|p2: tatsugirl i~|move: Tailwind\n|move|p1b: Dondozo|Earthquake|p2a: Corviknight\n|-damage|p2a: Corviknight|68\/100\n|\n|-heal|p1b: Dondozo|73\/100|[from] item: Leftovers\n|upkeep\n|turn|11\n|\n|t:|1683548065\n|move|p1b: Dondozo|Protect|p1b: Dondozo\n|-singleturn|p1b: Dondozo|Protect\n|move|p2a: Corviknight|Iron Head|p1b: Dondozo\n|-activate|p1b: Dondozo|move: Protect\n|\n|-heal|p1b: Dondozo|79\/100|[from] item: Leftovers\n|upkeep\n|turn|12\n|\n|t:|1683548070\n|move|p2a: Corviknight|Iron Head|p1b: Dondozo\n|-resisted|p1b: Dondozo\n|-damage|p1b: Dondozo|71\/100\n|move|p1b: Dondozo|Earthquake|p2a: Corviknight\n|-damage|p2a: Corviknight|44\/100\n|\n|-heal|p1b: Dondozo|77\/100|[from] item: Leftovers\n|upkeep\n|turn|13\n|\n|t:|1683548077\n|move|p2a: Corviknight|Roost|p2a: Corviknight\n|-heal|p2a: Corviknight|94\/100\n|move|p1b: Dondozo|Earthquake|p2a: Corviknight\n|-damage|p2a: Corviknight|70\/100\n|\n|-heal|p1b: Dondozo|83\/100|[from] item: Leftovers\n|-sideend|p2: tatsugirl i~|move: Tailwind\n|upkeep\n|turn|14\n|\n|t:|1683548088\n|move|p2a: Corviknight|Tailwind|p2a: Corviknight\n|-sidestart|p2: tatsugirl i~|move: Tailwind\n|move|p1b: Dondozo|Earthquake|p2a: Corviknight\n|-damage|p2a: Corviknight|48\/100\n|\n|-heal|p1b: Dondozo|89\/100|[from] item: Leftovers\n|upkeep\n|turn|15\n|\n|t:|1683548094\n|move|p2a: Corviknight|Roost|p2a: Corviknight\n|-heal|p2a: Corviknight|98\/100\n|move|p1b: Dondozo|Earthquake|p2a: Corviknight\n|-damage|p2a: Corviknight|76\/100\n|\n|-heal|p1b: Dondozo|96\/100|[from] item: Leftovers\n|upkeep\n|turn|16\n|\n|t:|1683548099\n|move|p1b: Dondozo|Protect|p1b: Dondozo\n|-singleturn|p1b: Dondozo|Protect\n|move|p2a: Corviknight|Iron Head|p1b: Dondozo\n|-activate|p1b: Dondozo|move: Protect\n|\n|-heal|p1b: Dondozo|100\/100|[from] item: Leftovers\n|upkeep\n|turn|17\n|\n|t:|1683548105\n|move|p2a: Corviknight|Iron Head|p1b: Dondozo\n|-resisted|p1b: Dondozo\n|-damage|p1b: Dondozo|93\/100\n|move|p1b: Dondozo|Earthquake|p2a: Corviknight\n|-damage|p2a: Corviknight|55\/100\n|\n|-heal|p1b: Dondozo|99\/100|[from] item: Leftovers\n|-sideend|p2: tatsugirl i~|move: Tailwind\n|upkeep\n|turn|18\n|\n|t:|1683548141\n|move|p2a: Corviknight|Roost|p2a: Corviknight\n|-heal|p2a: Corviknight|100\/100\n|move|p1b: Dondozo|Earthquake|p2a: Corviknight\n|-damage|p2a: Corviknight|78\/100\n|\n|-heal|p1b: Dondozo|100\/100|[from] item: Leftovers\n|upkeep\n|turn|19\n|\n|t:|1683548148\n|move|p2a: Corviknight|Iron Head|p1b: Dondozo\n|-resisted|p1b: Dondozo\n|-damage|p1b: Dondozo|92\/100\n|move|p1b: Dondozo|Earthquake|p2a: Corviknight\n|-damage|p2a: Corviknight|56\/100\n|\n|-heal|p1b: Dondozo|98\/100|[from] item: Leftovers\n|upkeep\n|turn|20\n|\n|t:|1683548181\n|move|p2a: Corviknight|Tailwind|p2a: Corviknight\n|-sidestart|p2: tatsugirl i~|move: Tailwind\n|move|p1b: Dondozo|Earthquake|p2a: Corviknight\n|-damage|p2a: Corviknight|34\/100\n|\n|-heal|p1b: Dondozo|100\/100|[from] item: Leftovers\n|upkeep\n|turn|21\n|\n|t:|1683548186\n|move|p2a: Corviknight|Iron Head|p1b: Dondozo\n|-resisted|p1b: Dondozo\n|-damage|p1b: Dondozo|92\/100\n|move|p1b: Dondozo|Earthquake|p2a: Corviknight\n|-damage|p2a: Corviknight|9\/100\n|\n|-heal|p1b: Dondozo|98\/100|[from] item: Leftovers\n|upkeep\n|turn|22\n|\n|t:|1683548194\n|move|p2a: Corviknight|Roost|p2a: Corviknight\n|-heal|p2a: Corviknight|59\/100\n|move|p1b: Dondozo|Earthquake|p2a: Corviknight\n|-damage|p2a: Corviknight|38\/100\n|\n|-heal|p1b: Dondozo|100\/100|[from] item: Leftovers\n|upkeep\n|turn|23\n|\n|t:|1683548199\n|move|p2a: Corviknight|Roost|p2a: Corviknight\n|-heal|p2a: Corviknight|88\/100\n|move|p1b: Dondozo|Earthquake|p2a: Corviknight\n|-damage|p2a: Corviknight|65\/100\n|\n|-sideend|p2: tatsugirl i~|move: Tailwind\n|upkeep\n|turn|24\n|\n|t:|1683548206\n|move|p2a: Corviknight|Tailwind|p2a: Corviknight\n|-sidestart|p2: tatsugirl i~|move: Tailwind\n|move|p1b: Dondozo|Earthquake|p2a: Corviknight\n|-damage|p2a: Corviknight|40\/100\n|\n|upkeep\n|turn|25\n|\n|t:|1683548215\n|move|p2a: Corviknight|Iron Head|p1b: Dondozo\n|-resisted|p1b: Dondozo\n|-damage|p1b: Dondozo|93\/100\n|move|p1b: Dondozo|Earthquake|p2a: Corviknight\n|-damage|p2a: Corviknight|17\/100\n|\n|-heal|p1b: Dondozo|99\/100|[from] item: Leftovers\n|upkeep\n|turn|26\n|\n|t:|1683548222\n|move|p2a: Corviknight|Roost|p2a: Corviknight\n|-heal|p2a: Corviknight|67\/100\n|move|p1b: Dondozo|Earthquake|p2a: Corviknight\n|-damage|p2a: Corviknight|46\/100\n|\n|-heal|p1b: Dondozo|100\/100|[from] item: Leftovers\n|upkeep\n|turn|27\n|\n|t:|1683548237\n|move|p2a: Corviknight|Brave Bird|p1b: Dondozo\n|-damage|p1b: Dondozo|76\/100\n|-damage|p2a: Corviknight|37\/100|[from] Recoil\n|move|p1b: Dondozo|Wave Crash|p2a: Corviknight\n|-resisted|p2a: Corviknight\n|-damage|p2a: Corviknight|18\/100\n|-damage|p1b: Dondozo|70\/100|[from] Recoil\n|\n|-heal|p1b: Dondozo|77\/100|[from] item: Leftovers\n|-sideend|p2: tatsugirl i~|move: Tailwind\n|upkeep\n|turn|28\n|\n|t:|1683548246\n|move|p2a: Corviknight|Roost|p2a: Corviknight\n|-heal|p2a: Corviknight|68\/100\n|move|p1b: Dondozo|Earthquake|p2a: Corviknight\n|-damage|p2a: Corviknight|46\/100\n|\n|-heal|p1b: Dondozo|83\/100|[from] item: Leftovers\n|upkeep\n|turn|29\n|\n|t:|1683548252\n|move|p2a: Corviknight|Tailwind|p2a: Corviknight\n|-sidestart|p2: tatsugirl i~|move: Tailwind\n|move|p1b: Dondozo|Wave Crash|p2a: Corviknight\n|-resisted|p2a: Corviknight\n|-damage|p2a: Corviknight|24\/100\n|-damage|p1b: Dondozo|76\/100|[from] Recoil\n|\n|-heal|p1b: Dondozo|82\/100|[from] item: Leftovers\n|upkeep\n|turn|30\n|c|\u2606clovehitch|gg\n|\n|t:|1683548258\n|move|p2a: Corviknight|Iron Head|p1b: Dondozo\n|-resisted|p1b: Dondozo\n|-damage|p1b: Dondozo|73\/100\n|cant|p1b: Dondozo|flinch\n|\n|-heal|p1b: Dondozo|79\/100|[from] item: Leftovers\n|upkeep\n|turn|31\n|\n|t:|1683548266\n|move|p2a: Corviknight|Iron Head|p1b: Dondozo\n|-resisted|p1b: Dondozo\n|-damage|p1b: Dondozo|71\/100\n|move|p1b: Dondozo|Wave Crash|p2a: Corviknight\n|-resisted|p2a: Corviknight\n|-damage|p2a: Corviknight|2\/100\n|-damage|p1b: Dondozo|65\/100|[from] Recoil\n|\n|-heal|p1b: Dondozo|71\/100|[from] item: Leftovers\n|upkeep\n|turn|32\n|l| RiotJuice\n|c|\u2606clovehitch|wp\n|\n|t:|1683548292\n|move|p2a: Corviknight|Iron Head|p1b: Dondozo\n|-resisted|p1b: Dondozo\n|-damage|p1b: Dondozo|63\/100\n|move|p1b: Dondozo|Wave Crash|p2a: Corviknight\n|-resisted|p2a: Corviknight\n|-crit|p2a: Corviknight\n|-damage|p2a: Corviknight|0 fnt\n|faint|p2a: Corviknight\n|-damage|p1b: Dondozo|62\/100|[from] Recoil\n|\n|win|clovehitch\n|n|\u2606clovehitch|clovehitch\n|n|\u2606tatsugirl i~|tatsugirli\n","uploadtime":1683548293,"views":5,"p1id":"clovehitch","p2id":"tatsugirli","formatid":"gen9vgc2023regulationc","rating":0,"private":0,"password":""}