{"id":"gen9vgc2023regulationc-1862845565","p1":"RobloxianQueen","p2":"RadiantBlue4552","format":"[Gen 9] VGC 2023 Regulation C","log":"|j|\u2606RobloxianQueen\n|j|\u2606RadiantBlue4552\n|t:|1683928537\n|gametype|doubles\n|player|p1|RobloxianQueen|elesa|1085\n|player|p2|RadiantBlue4552|169|1193\n|teamsize|p1|6\n|teamsize|p2|6\n|gen|9\n|tier|[Gen 9] VGC 2023 Regulation C\n|rated|\n|rule|Species Clause: Limit one of each Pok\u00e9mon\n|rule|Item Clause: Limit one of each item\n|clearpoke\n|poke|p1|Breloom, L50, M|\n|poke|p1|Bombirdier, L50, F|\n|poke|p1|Scovillain, L50, F|\n|poke|p1|Torkoal, L50, M|\n|poke|p1|Chien-Pao, L50|\n|poke|p1|Sableye, L50, M|\n|poke|p2|Kingambit, L50, F|\n|poke|p2|Hariyama, L50, F|\n|poke|p2|Garchomp, L50, M|\n|poke|p2|Torkoal, L50, F|\n|poke|p2|Brute Bonnet, L50|\n|poke|p2|Oranguru, L50, F|\n|teampreview|4\n|inactive|Battle timer is ON: inactive players will automatically lose when time's up. (requested by RadiantBlue4552)\n|\n|t:|1683928577\n|start\n|switch|p1a: Breloom|Breloom, L50, M|100\/100\n|switch|p1b: Sableye|Sableye, L50, M|100\/100\n|switch|p2a: Oranguru|Oranguru, L50, F|100\/100\n|switch|p2b: Hariyama|Hariyama, L50, F|100\/100\n|turn|1\n|inactive|RadiantBlue4552 has 30 seconds left.\n|\n|t:|1683928605\n|move|p1a: Breloom|Protect|p1a: Breloom\n|-singleturn|p1a: Breloom|Protect\n|move|p2b: Hariyama|Fake Out|p1a: Breloom\n|-activate|p1a: Breloom|move: Protect\n|move|p1b: Sableye|Taunt|p2a: Oranguru\n|-start|p2a: Oranguru|move: Taunt\n|-enditem|p2a: Oranguru|Mental Herb\n|-end|p2a: Oranguru|move: Taunt\n|move|p2a: Oranguru|Trick Room|p2a: Oranguru\n|-fieldstart|move: Trick Room|[of] p2a: Oranguru\n|\n|-status|p2b: Hariyama|brn|[from] item: Flame Orb\n|upkeep\n|turn|2\n|inactive|RobloxianQueen has 30 seconds left.\n|\n|t:|1683928633\n|move|p2b: Hariyama|Close Combat|p1a: Breloom\n|-damage|p1a: Breloom|0 fnt\n|-unboost|p2b: Hariyama|def|1\n|-unboost|p2b: Hariyama|spd|1\n|faint|p1a: Breloom\n|move|p2a: Oranguru|Psychic|p1b: Sableye\n|-immune|p1b: Sableye\n|move|p1b: Sableye|Encore|p2b: Hariyama\n|-start|p2b: Hariyama|Encore\n|\n|-damage|p2b: Hariyama|95\/100 brn|[from] brn\n|upkeep\n|\n|t:|1683928656\n|switch|p1a: Bombirdier|Bombirdier, L50, F|100\/100\n|turn|3\n|\n|t:|1683928673\n|move|p1a: Bombirdier|Protect|p1a: Bombirdier\n|-singleturn|p1a: Bombirdier|Protect\n|move|p2b: Hariyama|Close Combat|p1a: Bombirdier\n|-activate|p1a: Bombirdier|move: Protect\n|move|p2a: Oranguru|Instruct|p2b: Hariyama\n|-singleturn|p2b: Hariyama|move: Instruct|[of] p2a: Oranguru\n|move|p2b: Hariyama|Close Combat|p1a: Bombirdier\n|-activate|p1a: Bombirdier|move: Protect\n|move|p1b: Sableye|Thunder Wave|p2a: Oranguru\n|-status|p2a: Oranguru|par\n|\n|-damage|p2b: Hariyama|89\/100 brn|[from] brn\n|upkeep\n|turn|4\n|inactive|RobloxianQueen has 30 seconds left.\n|inactive|RobloxianQueen has 20 seconds left.\n|inactive|RobloxianQueen has 15 seconds left.\n|inactive|RobloxianQueen has 10 seconds left.\n|inactive|RobloxianQueen has 5 seconds left.\n|\n|t:|1683928724\n|switch|p1a: Scovillain|Scovillain, L50, F|100\/100\n|cant|p2a: Oranguru|par\n|move|p2b: Hariyama|Close Combat|p1a: Scovillain\n|-damage|p1a: Scovillain|0 fnt\n|-unboost|p2b: Hariyama|def|1\n|-unboost|p2b: Hariyama|spd|1\n|faint|p1a: Scovillain\n|move|p1b: Sableye|Encore|p2a: Oranguru\n|-start|p2a: Oranguru|Encore\n|\n|-damage|p2b: Hariyama|83\/100 brn|[from] brn\n|upkeep\n|\n|t:|1683928731\n|switch|p1a: Bombirdier|Bombirdier, L50, F|100\/100\n|turn|5\n|\n|t:|1683928755\n|switch|p2a: Brute Bonnet|Brute Bonnet, L50|100\/100\n|switch|p2b: Torkoal|Torkoal, L50, F|100\/100\n|-weather|SunnyDay|[from] ability: Drought|[of] p2b: Torkoal\n|-activate|p2a: Brute Bonnet|ability: Protosynthesis\n|-start|p2a: Brute Bonnet|protosynthesisatk\n|move|p1a: Bombirdier|Protect|p1a: Bombirdier\n|-singleturn|p1a: Bombirdier|Protect\n|move|p1b: Sableye|Taunt|p2a: Brute Bonnet\n|-start|p2a: Brute Bonnet|move: Taunt\n|\n|-weather|SunnyDay|[upkeep]\n|-fieldend|move: Trick Room\n|upkeep\n|turn|6\n|inactive|RobloxianQueen has 30 seconds left.\n|\n|t:|1683928781\n|-terastallize|p2a: Brute Bonnet|Water\n|move|p1a: Bombirdier|Rock Slide|p2b: Torkoal|[spread] p2a,p2b\n|-supereffective|p2b: Torkoal\n|-damage|p2a: Brute Bonnet|79\/100\n|-damage|p2b: Torkoal|62\/100\n|move|p1b: Sableye|Thunder Wave|p2b: Torkoal\n|-status|p2b: Torkoal|par\n|move|p2a: Brute Bonnet|Crunch|p1a: Bombirdier\n|-resisted|p1a: Bombirdier\n|-damage|p1a: Bombirdier|57\/100\n|cant|p2b: Torkoal|par\n|\n|-weather|SunnyDay|[upkeep]\n|upkeep\n|turn|7\n|\n|t:|1683928799\n|move|p1a: Bombirdier|Rock Slide|p2a: Brute Bonnet|[spread] p2a\n|-miss|p1a: Bombirdier|p2b: Torkoal\n|-damage|p2a: Brute Bonnet|59\/100\n|move|p1b: Sableye|Thunder Wave|p2a: Brute Bonnet\n|-status|p2a: Brute Bonnet|par\n|move|p2a: Brute Bonnet|Crunch|p1a: Bombirdier\n|-resisted|p1a: Bombirdier\n|-damage|p1a: Bombirdier|14\/100\n|move|p2b: Torkoal|Overheat|p1a: Bombirdier\n|-crit|p1a: Bombirdier\n|-damage|p1a: Bombirdier|0 fnt\n|-unboost|p2b: Torkoal|spa|2\n|faint|p1a: Bombirdier\n|\n|-weather|SunnyDay|[upkeep]\n|-end|p2a: Brute Bonnet|move: Taunt\n|upkeep\n|turn|8\n|-message|RobloxianQueen forfeited.\n|\n|win|RadiantBlue4552\n|raw|RobloxianQueen's rating: 1085 → 1069<\/strong> (-16 for losing)\n|raw|RadiantBlue4552's rating: 1193 → 1210<\/strong> (+17 for winning)\n|l|\u2606RobloxianQueen\n","uploadtime":1683928830,"views":5,"p1id":"robloxianqueen","p2id":"radiantblue4552","formatid":"gen9vgc2023regulationc","rating":1069,"private":0,"password":""}