{"id":"gen9vgc2023regulationc-1851903720","p1":"xingtian888","p2":"Yash Nair","format":"[Gen 9] VGC 2023 Regulation C","log":"|j|\u2606xingtian888\n|j|\u2606Yash Nair\n|t:|1682503499\n|gametype|doubles\n|player|p1|xingtian888|266|1501\n|player|p2|Yash Nair|rocketexecutive-gen2|1505\n|teamsize|p1|6\n|teamsize|p2|6\n|gen|9\n|tier|[Gen 9] VGC 2023 Regulation C\n|rated|\n|rule|Species Clause: Limit one of each Pok\u00e9mon\n|rule|Item Clause: Limit one of each item\n|clearpoke\n|poke|p1|Ting-Lu, L50|\n|poke|p1|Amoonguss, L50, M|\n|poke|p1|Abomasnow, L50, F|\n|poke|p1|Iron Bundle, L50|\n|poke|p1|Baxcalibur, L50, M|\n|poke|p1|Gyarados, L50, M|\n|poke|p2|Gastrodon, L50, M|\n|poke|p2|Iron Hands, L50|\n|poke|p2|Flutter Mane, L50|\n|poke|p2|Chi-Yu, L50|\n|poke|p2|Corviknight, L50, M|\n|poke|p2|Baxcalibur, L50, M|\n|teampreview|4\n|inactive|Battle timer is ON: inactive players will automatically lose when time's up. (requested by xingtian888)\n|inactive|xingtian888 has 60 seconds left.\n|inactive|Yash Nair has 60 seconds left.\n|\n|t:|1682503557\n|start\n|switch|p1a: Ting-Lu|Ting-Lu, L50|100\/100\n|switch|p1b: Gyarados|Gyarados, L50, M, shiny|100\/100\n|switch|p2a: Iron Hands|Iron Hands, L50|100\/100\n|switch|p2b: Baxcalibur|Baxcalibur, L50, M|100\/100\n|-ability|p1b: Gyarados|Intimidate|boost\n|-unboost|p2a: Iron Hands|atk|1\n|-fail|p2b: Baxcalibur|unboost|[from] item: Clear Amulet|[of] p2b: Baxcalibur\n|-ability|p1a: Ting-Lu|Vessel of Ruin\n|turn|1\n|inactive|xingtian888 has 30 seconds left.\n|\n|t:|1682503591\n|move|p1b: Gyarados|Protect|p1b: Gyarados\n|-singleturn|p1b: Gyarados|Protect\n|move|p2b: Baxcalibur|Icicle Crash|p1a: Ting-Lu\n|-supereffective|p1a: Ting-Lu\n|-damage|p1a: Ting-Lu|42\/100\n|move|p2a: Iron Hands|Wild Charge|p1b: Gyarados\n|-activate|p1b: Gyarados|move: Protect\n|cant|p1a: Ting-Lu|flinch\n|\n|upkeep\n|turn|2\n|\n|t:|1682503612\n|switch|p1b: Amoonguss|Amoonguss, L50, M, shiny|100\/100\n|switch|p2b: Gastrodon|Gastrodon, L50, M|100\/100\n|move|p2a: Iron Hands|Wild Charge|p1b: Amoonguss\n|-resisted|p1b: Amoonguss\n|-damage|p1b: Amoonguss|87\/100\n|-damage|p2a: Iron Hands|97\/100|[from] Recoil\n|move|p1a: Ting-Lu|Stomping Tantrum|p2a: Iron Hands\n|-supereffective|p2a: Iron Hands\n|-damage|p2a: Iron Hands|9\/100\n|\n|upkeep\n|turn|3\n|inactive|xingtian888 has 30 seconds left.\n|inactive|Yash Nair has 30 seconds left.\n|inactive|xingtian888 has 20 seconds left.\n|inactive|Yash Nair has 20 seconds left.\n|inactive|xingtian888 has 15 seconds left.\n|inactive|Yash Nair has 15 seconds left.\n|inactive|Yash Nair has 10 seconds left.\n|inactive|Yash Nair has 5 seconds left.\n|\n|t:|1682503664\n|move|p1b: Amoonguss|Rage Powder|p1b: Amoonguss\n|-singleturn|p1b: Amoonguss|move: Rage Powder\n|move|p2a: Iron Hands|Drain Punch|p1b: Amoonguss\n|-resisted|p1b: Amoonguss\n|-damage|p1b: Amoonguss|76\/100\n|-heal|p2a: Iron Hands|14\/100|[from] drain|[of] p1b: Amoonguss\n|move|p1a: Ting-Lu|Fissure|p2b: Gastrodon\n|-damage|p2b: Gastrodon|0 fnt\n|faint|p2b: Gastrodon\n|-ohko\n|\n|upkeep\n|\n|t:|1682503681\n|switch|p2b: Baxcalibur|Baxcalibur, L50, M|100\/100\n|turn|4\n|\n|t:|1682503694\n|-terastallize|p1b: Amoonguss|Water\n|move|p1b: Amoonguss|Rage Powder|p1b: Amoonguss\n|-singleturn|p1b: Amoonguss|move: Rage Powder\n|move|p2b: Baxcalibur|Icicle Crash|p1b: Amoonguss\n|-resisted|p1b: Amoonguss\n|-damage|p1b: Amoonguss|57\/100\n|move|p2a: Iron Hands|Volt Switch|p1b: Amoonguss\n|-supereffective|p1b: Amoonguss\n|-damage|p1b: Amoonguss|40\/100\n|-enditem|p1b: Amoonguss|Sitrus Berry|[eat]\n|-heal|p1b: Amoonguss|65\/100|[from] item: Sitrus Berry\n|\n|t:|1682503700\n|-end|p2a: Iron Hands|Quark Drive|[silent]\n|switch|p2a: Chi-Yu|Chi-Yu, L50|100\/100|[from] Volt Switch\n|-ability|p2a: Chi-Yu|Beads of Ruin\n|move|p1a: Ting-Lu|Stomping Tantrum|p2a: Chi-Yu\n|-supereffective|p2a: Chi-Yu\n|-damage|p2a: Chi-Yu|12\/100\n|\n|upkeep\n|turn|5\n|inactive|xingtian888 has 30 seconds left.\n|inactive|Yash Nair has 30 seconds left.\n|inactive|xingtian888 has 20 seconds left.\n|inactive|xingtian888 has 15 seconds left.\n|inactive|xingtian888 has 10 seconds left.\n|\n|t:|1682503748\n|-terastallize|p2a: Chi-Yu|Grass\n|move|p2a: Chi-Yu|Tera Blast|p1b: Amoonguss\n|-supereffective|p1b: Amoonguss\n|-damage|p1b: Amoonguss|0 fnt\n|faint|p1b: Amoonguss\n|move|p2b: Baxcalibur|Icicle Crash|p1a: Ting-Lu\n|-supereffective|p1a: Ting-Lu\n|-damage|p1a: Ting-Lu|0 fnt\n|faint|p1a: Ting-Lu\n|\n|upkeep\n|\n|t:|1682503756\n|switch|p1a: Gyarados|Gyarados, L50, M, shiny|100\/100\n|switch|p1b: Baxcalibur|Baxcalibur, L50, M, shiny|100\/100\n|-ability|p1a: Gyarados|Intimidate|boost\n|-unboost|p2a: Chi-Yu|atk|1\n|-fail|p2b: Baxcalibur|unboost|[from] item: Clear Amulet|[of] p2b: Baxcalibur\n|turn|6\n|\n|t:|1682503774\n|switch|p2a: Iron Hands|Iron Hands, L50|14\/100\n|move|p2b: Baxcalibur|Protect|p2b: Baxcalibur\n|-singleturn|p2b: Baxcalibur|Protect\n|move|p1a: Gyarados|Waterfall|p2a: Iron Hands\n|-damage|p2a: Iron Hands|0 fnt\n|faint|p2a: Iron Hands\n|-end|p2a: Iron Hands|Quark Drive|[silent]\n|-damage|p1a: Gyarados|91\/100|[from] item: Life Orb\n|move|p1b: Baxcalibur|Glaive Rush|p2b: Baxcalibur\n|-activate|p2b: Baxcalibur|move: Protect\n|\n|upkeep\n|\n|t:|1682503787\n|switch|p2a: Chi-Yu|Chi-Yu, L50, tera:Grass|12\/100\n|-ability|p2a: Chi-Yu|Beads of Ruin\n|turn|7\n|\n|t:|1682503805\n|move|p1b: Baxcalibur|Protect|p1b: Baxcalibur\n|-singleturn|p1b: Baxcalibur|Protect\n|move|p1a: Gyarados|Waterfall|p2a: Chi-Yu\n|-resisted|p2a: Chi-Yu\n|-damage|p2a: Chi-Yu|0 fnt\n|faint|p2a: Chi-Yu\n|-damage|p1a: Gyarados|81\/100|[from] item: Life Orb\n|move|p2b: Baxcalibur|Glaive Rush|p1b: Baxcalibur\n|-activate|p1b: Baxcalibur|move: Protect\n|\n|upkeep\n|turn|8\n|\n|t:|1682503823\n|move|p1a: Gyarados|Waterfall|p2b: Baxcalibur\n|-resisted|p2b: Baxcalibur\n|-damage|p2b: Baxcalibur|77\/100\n|-damage|p1a: Gyarados|71\/100|[from] item: Life Orb\n|move|p1b: Baxcalibur|Icicle Spear|p2b: Baxcalibur\n|-damage|p2b: Baxcalibur|64\/100\n|-damage|p2b: Baxcalibur|50\/100\n|-damage|p2b: Baxcalibur|36\/100\n|-damage|p2b: Baxcalibur|22\/100\n|-hitcount|p2b: Baxcalibur|4\n|move|p2b: Baxcalibur|Glaive Rush|p1b: Baxcalibur\n|-supereffective|p1b: Baxcalibur\n|-damage|p1b: Baxcalibur|0 fnt\n|-singlemove|p2b: Baxcalibur|Glaive Rush|[silent]\n|faint|p1b: Baxcalibur\n|\n|upkeep\n|turn|9\n|\n|t:|1682503840\n|move|p2b: Baxcalibur|Protect|p2b: Baxcalibur\n|-singleturn|p2b: Baxcalibur|Protect\n|move|p1a: Gyarados|Waterfall|p2b: Baxcalibur\n|-activate|p2b: Baxcalibur|move: Protect\n|\n|upkeep\n|turn|10\n|\n|t:|1682503845\n|move|p1a: Gyarados|Waterfall|p2b: Baxcalibur\n|-resisted|p2b: Baxcalibur\n|-damage|p2b: Baxcalibur|0 fnt\n|faint|p2b: Baxcalibur\n|-damage|p1a: Gyarados|62\/100|[from] item: Life Orb\n|\n|win|xingtian888\n|raw|xingtian888's rating: 1501 → 1521<\/strong> (+20 for winning)\n|raw|Yash Nair's rating: 1505 → 1485<\/strong> (-20 for losing)\n|l|\u2606Yash Nair\n","uploadtime":1682503856,"views":17,"p1id":"xingtian888","p2id":"yashnair","formatid":"gen9vgc2023regulationc","rating":1485,"private":0,"password":""}