{"id":"gen9vgc2023regulationc-1860332165","p1":"Tendo Pain(Nagato)","p2":"vicburgos","format":"[Gen 9] VGC 2023 Regulation C","log":"|j|\u2606Tendo Pain(Nagato)\n|j|\u2606vicburgos\n|t:|1683633899\n|gametype|doubles\n|player|p1|Tendo Pain(Nagato)|bruno|1669\n|player|p2|vicburgos|1|1559\n|teamsize|p1|6\n|teamsize|p2|6\n|gen|9\n|tier|[Gen 9] VGC 2023 Regulation C\n|rated|\n|rule|Species Clause: Limit one of each Pok\u00e9mon\n|rule|Item Clause: Limit one of each item\n|clearpoke\n|poke|p1|Ting-Lu, L50|\n|poke|p1|Vivillon-Fancy, L50, M|\n|poke|p1|Iron Bundle, L50|\n|poke|p1|Abomasnow, L50, F|\n|poke|p1|Annihilape, L50, F|\n|poke|p1|Chien-Pao, L50|\n|poke|p2|Grimmsnarl, L50, M|\n|poke|p2|Vaporeon, L50, F|\n|poke|p2|Goodra, L50, M|\n|poke|p2|Flutter Mane, L50|\n|poke|p2|Chi-Yu, L50|\n|poke|p2|Annihilape, L50, F|\n|teampreview|4\n|\n|t:|1683633908\n|start\n|switch|p1a: Ting-Lu|Ting-Lu, L50|100\/100\n|switch|p1b: Vivillon|Vivillon-Fancy, L50, M|100\/100\n|switch|p2a: Grimmsnarl|Grimmsnarl, L50, M|100\/100\n|switch|p2b: Vaporeon|Vaporeon, L50, F|100\/100\n|-ability|p1a: Ting-Lu|Vessel of Ruin\n|turn|1\n|\n|t:|1683633914\n|-terastallize|p1a: Ting-Lu|Ground\n|move|p1b: Vivillon|Protect|p1b: Vivillon\n|-singleturn|p1b: Vivillon|Protect\n|move|p2a: Grimmsnarl|Misty Terrain|p2a: Grimmsnarl\n|-fieldstart|move: Misty Terrain\n|move|p2b: Vaporeon|Muddy Water|p1b: Vivillon|[spread] p1a\n|-activate|p1b: Vivillon|move: Protect\n|-supereffective|p1a: Ting-Lu\n|-damage|p1a: Ting-Lu|75\/100\n|move|p1a: Ting-Lu|Earthquake|p2a: Grimmsnarl|[spread] p2a,p2b\n|-activate|p1b: Vivillon|move: Protect\n|-damage|p2a: Grimmsnarl|1\/100\n|-damage|p2b: Vaporeon|25\/100\n|\n|upkeep\n|turn|2\n|\n|t:|1683633931\n|move|p2b: Vaporeon|Protect|p2b: Vaporeon\n|-singleturn|p2b: Vaporeon|Protect\n|move|p2a: Grimmsnarl|Reflect|p2a: Grimmsnarl\n|-sidestart|p2: vicburgos|Reflect\n|move|p1b: Vivillon|Pollen Puff|p1a: Ting-Lu\n|-heal|p1a: Ting-Lu|100\/100\n|move|p1a: Ting-Lu|Earthquake|p2b: Vaporeon|[spread] p2a\n|-activate|p2b: Vaporeon|move: Protect\n|-immune|p1b: Vivillon\n|-damage|p2a: Grimmsnarl|0 fnt\n|faint|p2a: Grimmsnarl\n|\n|upkeep\n|\n|t:|1683633937\n|switch|p2a: Goodra|Goodra, L50, M|100\/100\n|turn|3\n|\n|t:|1683633943\n|move|p1b: Vivillon|Protect|p1b: Vivillon\n|-singleturn|p1b: Vivillon|Protect\n|move|p2a: Goodra|Surf|p1b: Vivillon|[spread] p1a\n|-activate|p1b: Vivillon|move: Protect\n|-heal|p2b: Vaporeon|50\/100|[from] ability: Water Absorb|[of] p2a: Goodra\n|-supereffective|p1a: Ting-Lu\n|-damage|p1a: Ting-Lu|84\/100\n|move|p2b: Vaporeon|Muddy Water|p1b: Vivillon|[spread] p1a\n|-activate|p1b: Vivillon|move: Protect\n|-supereffective|p1a: Ting-Lu\n|-damage|p1a: Ting-Lu|55\/100\n|-unboost|p1a: Ting-Lu|accuracy|1\n|move|p1a: Ting-Lu|Earthquake|p2b: Vaporeon|[spread] p2a,p2b\n|-activate|p1b: Vivillon|move: Protect\n|-damage|p2a: Goodra|58\/100\n|-damage|p2b: Vaporeon|6\/100\n|\n|upkeep\n|turn|4\n|\n|t:|1683633967\n|switch|p1a: Abomasnow|Abomasnow, L50, F|100\/100\n|-weather|Snow|[from] ability: Snow Warning|[of] p1a: Abomasnow\n|move|p2b: Vaporeon|Protect|p2b: Vaporeon\n|-singleturn|p2b: Vaporeon|Protect\n|move|p1b: Vivillon|Pollen Puff|p2b: Vaporeon\n|-activate|p2b: Vaporeon|move: Protect\n|move|p2a: Goodra|Life Dew|p2a: Goodra|[spread] p2a\n|-heal|p2b: Vaporeon|31\/100|[from] ability: Water Absorb|[of] p2a: Goodra\n|-heal|p2a: Goodra|83\/100\n|\n|-weather|Snow|[upkeep]\n|upkeep\n|turn|5\n|\n|t:|1683633987\n|switch|p1b: Iron Bundle|Iron Bundle, L50|100\/100\n|-enditem|p1b: Iron Bundle|Booster Energy\n|-activate|p1b: Iron Bundle|ability: Quark Drive|[fromitem]\n|-start|p1b: Iron Bundle|quarkdrivespe\n|switch|p2b: Annihilape|Annihilape, L50, F|100\/100\n|-terastallize|p2a: Goodra|Water\n|move|p2a: Goodra|Surf|p1b: Iron Bundle|[spread] p2b,p1a,p1b\n|-resisted|p1a: Abomasnow\n|-resisted|p1b: Iron Bundle\n|-damage|p2b: Annihilape|83\/100\n|-damage|p1a: Abomasnow|88\/100\n|-damage|p1b: Iron Bundle|81\/100\n|move|p1a: Abomasnow|Blizzard|p2b: Annihilape|[spread] p2a,p2b\n|-resisted|p2a: Goodra\n|-damage|p2a: Goodra|70\/100\n|-damage|p2b: Annihilape|54\/100\n|-damage|p1a: Abomasnow|78\/100|[from] item: Life Orb\n|\n|-weather|Snow|[upkeep]\n|-fieldend|Misty Terrain\n|upkeep\n|turn|6\n|\n|t:|1683634017\n|move|p1b: Iron Bundle|Protect|p1b: Iron Bundle\n|-singleturn|p1b: Iron Bundle|Protect\n|move|p2a: Goodra|Life Dew|p2a: Goodra|[spread] p2a,p2b\n|-heal|p2a: Goodra|94\/100\n|-heal|p2b: Annihilape|79\/100\n|move|p2b: Annihilape|Drain Punch|p1a: Abomasnow\n|-supereffective|p1a: Abomasnow\n|-damage|p1a: Abomasnow|39\/100\n|-heal|p2b: Annihilape|96\/100|[from] drain|[of] p1a: Abomasnow\n|move|p1a: Abomasnow|Energy Ball|p2b: Annihilape\n|-damage|p2b: Annihilape|66\/100\n|-damage|p1a: Abomasnow|30\/100|[from] item: Life Orb\n|\n|-weather|Snow|[upkeep]\n|upkeep\n|turn|7\n|\n|t:|1683634032\n|move|p1a: Abomasnow|Helping Hand|p1b: Iron Bundle\n|-singleturn|p1b: Iron Bundle|Helping Hand|[of] p1a: Abomasnow\n|move|p1b: Iron Bundle|Blizzard|p2a: Goodra|[spread] p2a,p2b\n|-resisted|p2a: Goodra\n|-damage|p2a: Goodra|77\/100\n|-damage|p2b: Annihilape|26\/100\n|move|p2a: Goodra|Life Dew|p2a: Goodra|[spread] p2a,p2b\n|-heal|p2a: Goodra|100\/100\n|-heal|p2b: Annihilape|51\/100\n|move|p2b: Annihilape|Drain Punch|p1b: Iron Bundle\n|-supereffective|p1b: Iron Bundle\n|-damage|p1b: Iron Bundle|37\/100\n|-heal|p2b: Annihilape|65\/100|[from] drain|[of] p1b: Iron Bundle\n|\n|-weather|Snow|[upkeep]\n|upkeep\n|turn|8\n|\n|t:|1683634050\n|move|p1b: Iron Bundle|Aurora Veil|p1b: Iron Bundle\n|-sidestart|p1: Tendo Pain(Nagato)|move: Aurora Veil\n|move|p2a: Goodra|Life Dew||[still]|[spread] p2a,p2b\n|-fail|p2a: Goodra|heal\n|-heal|p2b: Annihilape|89\/100\n|move|p2b: Annihilape|Drain Punch|p1a: Abomasnow\n|-supereffective|p1a: Abomasnow\n|-damage|p1a: Abomasnow|4\/100\n|-heal|p2b: Annihilape|100\/100|[from] drain|[of] p1a: Abomasnow\n|move|p1a: Abomasnow|Energy Ball|p2a: Goodra\n|-ability|p2a: Goodra|Sap Sipper|boost\n|-boost|p2a: Goodra|atk|1\n|\n|-weather|none\n|upkeep\n|turn|9\n|\n|t:|1683634072\n|move|p1a: Abomasnow|Helping Hand|p1b: Iron Bundle\n|-singleturn|p1b: Iron Bundle|Helping Hand|[of] p1a: Abomasnow\n|move|p1b: Iron Bundle|Hydro Pump|p2b: Annihilape|[miss]\n|-miss|p1b: Iron Bundle|p2b: Annihilape\n|move|p2a: Goodra|Surf|p1b: Iron Bundle|[spread] p2b,p1a,p1b\n|-resisted|p1a: Abomasnow\n|-resisted|p1b: Iron Bundle\n|-damage|p2b: Annihilape|82\/100\n|-damage|p1a: Abomasnow|0 fnt\n|-damage|p1b: Iron Bundle|25\/100\n|faint|p1a: Abomasnow\n|move|p2b: Annihilape|Rage Fist|p1b: Iron Bundle\n|-damage|p1b: Iron Bundle|0 fnt\n|faint|p1b: Iron Bundle\n|-end|p1b: Iron Bundle|Quark Drive|[silent]\n|\n|-sideend|p2: vicburgos|Reflect\n|upkeep\n|\n|t:|1683634079\n|switch|p1b: Vivillon|Vivillon-Fancy, L50, M|100\/100\n|switch|p1a: Ting-Lu|Ting-Lu, L50, tera:Ground|55\/100\n|-ability|p1a: Ting-Lu|Vessel of Ruin\n|turn|10\n|\n|t:|1683634094\n|move|p1b: Vivillon|Rage Powder|p1b: Vivillon\n|-singleturn|p1b: Vivillon|move: Rage Powder\n|move|p2a: Goodra|Surf|p1b: Vivillon|[spread] p2b,p1a,p1b\n|-supereffective|p1a: Ting-Lu\n|-damage|p2b: Annihilape|69\/100\n|-damage|p1a: Ting-Lu|37\/100\n|-damage|p1b: Vivillon|75\/100\n|move|p2b: Annihilape|Rage Fist|p1b: Vivillon\n|-damage|p1b: Vivillon|0 fnt\n|faint|p1b: Vivillon\n|move|p1a: Ting-Lu|Earthquake|p2b: Annihilape|[spread] p2a,p2b\n|-damage|p2a: Goodra|36\/100\n|-damage|p2b: Annihilape|0 fnt\n|faint|p2b: Annihilape\n|\n|upkeep\n|\n|t:|1683634105\n|switch|p2b: Vaporeon|Vaporeon, L50, F|31\/100\n|turn|11\n|c|\u2606Tendo Pain(Nagato)|gg\n|c|\u2606Tendo Pain(Nagato)|Nice team\n|\n|t:|1683634123\n|move|p2a: Goodra|Surf|p1a: Ting-Lu|[spread] p1a\n|-heal|p2b: Vaporeon|56\/100|[from] ability: Water Absorb|[of] p2a: Goodra\n|-supereffective|p1a: Ting-Lu\n|-crit|p1a: Ting-Lu\n|-damage|p1a: Ting-Lu|0 fnt\n|faint|p1a: Ting-Lu\n|\n|win|vicburgos\n|raw|Tendo Pain(Nagato)'s rating: 1669 → 1643<\/strong> (-26 for losing)\n|raw|vicburgos's rating: 1559 → 1585<\/strong> (+26 for winning)\n|l|\u2606vicburgos\n|l|\u2606Tendo Pain(Nagato)\n","uploadtime":1683634189,"views":10,"p1id":"tendopainnagato","p2id":"vicburgos","formatid":"gen9vgc2023regulationc","rating":1585,"private":0,"password":""}