{"id":"gen9vgc2023regulationc-1860287602","p1":"PixelDupe1","p2":"diosun","format":"[Gen 9] VGC 2023 Regulation C","log":"|j|\u2606PixelDupe1\n|j|\u2606diosun\n|t:|1683626183\n|gametype|doubles\n|player|p1|PixelDupe1|palmer|\n|player|p2|diosun|red|\n|teamsize|p1|6\n|teamsize|p2|6\n|gen|9\n|tier|[Gen 9] VGC 2023 Regulation C\n|rated|Tournament battle\n|rule|Species Clause: Limit one of each Pok\u00e9mon\n|rule|Item Clause: Limit one of each item\n|clearpoke\n|poke|p1|Dondozo, L50, F|\n|poke|p1|Tatsugiri, L50, F|\n|poke|p1|Glimmora, L50, F|\n|poke|p1|Chi-Yu, L50|\n|poke|p1|Flutter Mane, L50|\n|poke|p1|Dragonite, L50, F|\n|poke|p2|Maushold, L50|\n|poke|p2|Annihilape, L50, F|\n|poke|p2|Chien-Pao, L50|\n|poke|p2|Garganacl, L50, F|\n|poke|p2|Iron Bundle, L50|\n|poke|p2|Roaring Moon, L50|\n|teampreview|4\n|raw| Open Team Sheet for PixelDupe1<\/summary>Dondozo @ Leftovers Ability: Unaware Level: 50 Tera Type: Grass - Wave Crash - Earthquake - Rest - Protect Tatsugiri @ Choice Scarf Ability: Commander Level: 50 Tera Type: Water - Draco Meteor - Dragon Pulse - Muddy Water - Icy Wind Glimmora @ Assault Vest Ability: Toxic Debris Level: 50 Tera Type: Grass - Energy Ball - Power Gem - Earth Power - Mortal Spin Chi-Yu @ Safety Goggles Ability: Beads of Ruin Level: 50 Tera Type: Grass - Dark Pulse - Heat Wave - Tera Blast - Protect Flutter Mane @ Booster Energy Ability: Protosynthesis Level: 50 Tera Type: Fairy - Moonblast - Hex - Substitute - Protect Dragonite @ Choice Band Ability: Multiscale Level: 50 Tera Type: Normal - Extreme Speed - Earthquake - Aerial Ace - Low Kick <\/details><\/div> Open Team Sheet for diosun<\/summary>Maushold @ Safety Goggles Ability: Friend Guard Level: 50 Tera Type: Ghost - Protect - Follow Me - Beat Up - Super Fang Annihilape @ Leftovers Ability: Defiant Level: 50 Tera Type: Fire - Protect - Bulk Up - Drain Punch - Rage Fist Chien-Pao @ Choice Band Ability: Sword of Ruin Level: 50 Tera Type: Ice - Ice Shard - Ice Spinner - Sucker Punch - Sacred Sword Garganacl @ Chople Berry Ability: Purifying Salt Level: 50 Tera Type: Poison - Salt Cure - Wide Guard - Recover - Protect Iron Bundle @ Booster Energy Ability: Quark Drive Level: 50 Tera Type: Ice - Freeze-Dry - Icy Wind - Hydro Pump - Protect Roaring Moon @ Focus Sash Ability: Protosynthesis Level: 50 Tera Type: Flying - Acrobatics - Tailwind - Breaking Swipe - Crunch <\/details><\/div>\n|\n|t:|1683626227\n|start\n|switch|p1a: Glimmora|Glimmora, L50, F|100\/100\n|switch|p1b: Dragonite|Dragonite, L50, F|100\/100\n|switch|p2a: Annihilape|Annihilape, L50, F|100\/100\n|switch|p2b: Iron Bundle|Iron Bundle, L50|100\/100\n|-enditem|p2b: Iron Bundle|Booster Energy\n|-activate|p2b: Iron Bundle|ability: Quark Drive|[fromitem]\n|-start|p2b: Iron Bundle|quarkdrivespa\n|turn|1\n|j| Deadhead Omega\n|\n|t:|1683626255\n|switch|p1b: Flutter Mane|Flutter Mane, L50|100\/100\n|-enditem|p1b: Flutter Mane|Booster Energy\n|-activate|p1b: Flutter Mane|ability: Protosynthesis|[fromitem]\n|-start|p1b: Flutter Mane|protosynthesisspe\n|move|p2b: Iron Bundle|Protect|p2b: Iron Bundle\n|-singleturn|p2b: Iron Bundle|Protect\n|move|p1a: Glimmora|Mortal Spin|p2a: Annihilape|[spread] p2a\n|-activate|p2b: Iron Bundle|move: Protect\n|-resisted|p2a: Annihilape\n|-damage|p2a: Annihilape|99\/100\n|-status|p2a: Annihilape|psn\n|move|p2a: Annihilape|Bulk Up|p2a: Annihilape\n|-boost|p2a: Annihilape|atk|1\n|-boost|p2a: Annihilape|def|1\n|\n|-heal|p2a: Annihilape|100\/100 psn|[from] item: Leftovers\n|-damage|p2a: Annihilape|88\/100 psn|[from] psn\n|upkeep\n|turn|2\n|j| mindclawsch\n|\n|t:|1683626276\n|-terastallize|p2a: Annihilape|Fire\n|move|p1b: Flutter Mane|Hex|p2a: Annihilape\n|-damage|p2a: Annihilape|45\/100 psn\n|move|p2b: Iron Bundle|Icy Wind|p1b: Flutter Mane|[spread] p1a,p1b\n|-damage|p1a: Glimmora|80\/100\n|-damage|p1b: Flutter Mane|68\/100\n|-unboost|p1a: Glimmora|spe|1\n|-unboost|p1b: Flutter Mane|spe|1\n|move|p2a: Annihilape|Rage Fist|p1b: Flutter Mane\n|-supereffective|p1b: Flutter Mane\n|-damage|p1b: Flutter Mane|0 fnt\n|faint|p1b: Flutter Mane\n|-end|p1b: Flutter Mane|Protosynthesis|[silent]\n|move|p1a: Glimmora|Power Gem|p2b: Iron Bundle\n|-supereffective|p2b: Iron Bundle\n|-damage|p2b: Iron Bundle|0 fnt\n|faint|p2b: Iron Bundle\n|-end|p2b: Iron Bundle|Quark Drive|[silent]\n|\n|-heal|p2a: Annihilape|51\/100 psn|[from] item: Leftovers\n|-damage|p2a: Annihilape|39\/100 psn|[from] psn\n|upkeep\n|l| mindclawsch\n|\n|t:|1683626319\n|switch|p1b: Chi-Yu|Chi-Yu, L50|100\/100\n|switch|p2b: Roaring Moon|Roaring Moon, L50|100\/100\n|-ability|p1b: Chi-Yu|Beads of Ruin\n|turn|3\n|\n|t:|1683626341\n|move|p2a: Annihilape|Protect|p2a: Annihilape\n|-singleturn|p2a: Annihilape|Protect\n|move|p1b: Chi-Yu|Dark Pulse|p2a: Annihilape\n|-activate|p2a: Annihilape|move: Protect\n|move|p2b: Roaring Moon|Tailwind|p2b: Roaring Moon\n|-sidestart|p2: diosun|move: Tailwind\n|move|p1a: Glimmora|Power Gem|p2b: Roaring Moon\n|-damage|p2b: Roaring Moon|60\/100\n|\n|-heal|p2a: Annihilape|45\/100 psn|[from] item: Leftovers\n|-damage|p2a: Annihilape|33\/100 psn|[from] psn\n|upkeep\n|turn|4\n|\n|t:|1683626388\n|move|p1b: Chi-Yu|Protect|p1b: Chi-Yu\n|-singleturn|p1b: Chi-Yu|Protect\n|move|p2b: Roaring Moon|Crunch|p1a: Glimmora\n|-damage|p1a: Glimmora|28\/100\n|-activate|p1a: Glimmora|ability: Toxic Debris\n|-sidestart|p2: diosun|move: Toxic Spikes\n|move|p2a: Annihilape|Drain Punch|p1b: Chi-Yu\n|-activate|p1b: Chi-Yu|move: Protect\n|move|p1a: Glimmora|Power Gem|p2a: Annihilape\n|-supereffective|p2a: Annihilape\n|-damage|p2a: Annihilape|0 fnt\n|faint|p2a: Annihilape\n|\n|upkeep\n|\n|t:|1683626395\n|switch|p2a: Maushold|Maushold, L50|100\/100\n|-status|p2a: Maushold|psn\n|turn|5\n|c|\u2606diosun|ho\n|c|\u2606diosun|i leave heartshake\n|\n|t:|1683626445\n|move|p2a: Maushold|Follow Me|p2a: Maushold\n|-singleturn|p2a: Maushold|move: Follow Me\n|move|p2b: Roaring Moon|Breaking Swipe|p1a: Glimmora|[spread] p1a,p1b\n|-damage|p1a: Glimmora|1\/100\n|-damage|p1b: Chi-Yu|64\/100\n|-unboost|p1a: Glimmora|atk|1\n|-unboost|p1b: Chi-Yu|atk|1\n|-activate|p1a: Glimmora|ability: Toxic Debris\n|-sidestart|p2: diosun|move: Toxic Spikes\n|move|p1b: Chi-Yu|Heat Wave|p2a: Maushold|[spread] p2a,p2b\n|-resisted|p2b: Roaring Moon\n|-damage|p2a: Maushold|52\/100 psn\n|-damage|p2b: Roaring Moon|43\/100\n|move|p1a: Glimmora|Power Gem|p2a: Maushold\n|-damage|p2a: Maushold|14\/100 psn\n|\n|-damage|p2a: Maushold|2\/100 psn|[from] psn\n|upkeep\n|turn|6\n|\n|t:|1683626492\n|move|p1b: Chi-Yu|Protect|p1b: Chi-Yu\n|-singleturn|p1b: Chi-Yu|Protect\n|move|p2b: Roaring Moon|Breaking Swipe|p1b: Chi-Yu|[spread] p1a\n|-activate|p1b: Chi-Yu|move: Protect\n|-damage|p1a: Glimmora|0 fnt\n|faint|p1a: Glimmora\n|move|p2a: Maushold|Super Fang|p1b: Chi-Yu\n|-activate|p1b: Chi-Yu|move: Protect\n|\n|-damage|p2a: Maushold|0 fnt|[from] psn\n|faint|p2a: Maushold\n|-sideend|p2: diosun|move: Tailwind\n|upkeep\n|c|\u2606diosun|gg\n|\n|t:|1683626503\n|switch|p1a: Dragonite|Dragonite, L50, F|100\/100\n|turn|7\n|\n|t:|1683626513\n|-terastallize|p1a: Dragonite|Normal\n|move|p1a: Dragonite|Extreme Speed|p2b: Roaring Moon\n|-damage|p2b: Roaring Moon|0 fnt\n|faint|p2b: Roaring Moon\n|-end|p2b: Roaring Moon|Protosynthesis|[silent]\n|\n|win|PixelDupe1\n|n|\u2606PixelDupe1|pixeldupe1\n|n|\u2606diosun|diosun\n|n| Deadhead Omega|deadheadomega\n","uploadtime":1683626521,"views":4,"p1id":"pixeldupe1","p2id":"diosun","formatid":"gen9vgc2023regulationc","rating":0,"private":0,"password":""}