{"id":"gen9vgc2023regulationc-1851654541","p1":"dfghsdfh","p2":"dfghdfgsfd","format":"[Gen 9] VGC 2023 Regulation C","log":"|j|\u2606dfghsdfh\n|j|\u2606dfghdfgsfd\n|t:|1682466075\n|gametype|doubles\n|player|p1|dfghsdfh|265|1000\n|player|p2|dfghdfgsfd|101|1000\n|teamsize|p1|6\n|teamsize|p2|6\n|gen|9\n|tier|[Gen 9] VGC 2023 Regulation C\n|rated|\n|rule|Species Clause: Limit one of each Pok\u00e9mon\n|rule|Item Clause: Limit one of each item\n|clearpoke\n|poke|p1|Gothitelle, L50, F|\n|poke|p1|Wo-Chien, L50|\n|poke|p1|Annihilape, L50, M|\n|poke|p1|Maushold, L50|\n|poke|p1|Chi-Yu, L50|\n|poke|p1|Murkrow, L50, M|\n|poke|p2|Flutter Mane, L50|\n|poke|p2|Iron Hands, L50|\n|poke|p2|Drednaw, L50, M|\n|poke|p2|Chien-Pao, L50|\n|poke|p2|Arcanine, L50, M|\n|poke|p2|Amoonguss, L50, M|\n|teampreview|4\n|inactive|Battle timer is ON: inactive players will automatically lose when time's up. (requested by dfghdfgsfd)\n|inactive|dfghdfgsfd has 60 seconds left.\n|\n|t:|1682466106\n|start\n|switch|p1a: Annihilape|Annihilape, L50, M|100\/100\n|switch|p1b: Maushold|Maushold, L50|100\/100\n|switch|p2a: Flutter Mane|Flutter Mane, L50|100\/100\n|switch|p2b: Iron Hands|Iron Hands, L50|100\/100\n|-enditem|p2a: Flutter Mane|Booster Energy\n|-activate|p2a: Flutter Mane|ability: Protosynthesis|[fromitem]\n|-start|p2a: Flutter Mane|protosynthesisspe\n|turn|1\n|inactive|dfghsdfh has 30 seconds left.\n|inactive|dfghdfgsfd has 30 seconds left.\n|\n|t:|1682466140\n|-terastallize|p1a: Annihilape|Water\n|move|p2b: Iron Hands|Fake Out|p1b: Maushold\n|-damage|p1b: Maushold|80\/100\n|-enditem|p1b: Maushold|Eject Button\n|\n|t:|1682466151\n|switch|p1b: Gothitelle|Gothitelle, L50, F|100\/100\n|move|p2a: Flutter Mane|Dazzling Gleam|p1a: Annihilape|[spread] p1a,p1b\n|-damage|p1a: Annihilape|63\/100\n|-damage|p1b: Gothitelle|77\/100\n|move|p1a: Annihilape|Shadow Claw|p2a: Flutter Mane\n|-supereffective|p2a: Flutter Mane\n|-damage|p2a: Flutter Mane|0 fnt\n|faint|p2a: Flutter Mane\n|-end|p2a: Flutter Mane|Protosynthesis|[silent]\n|\n|-heal|p1b: Gothitelle|83\/100|[from] item: Leftovers\n|upkeep\n|\n|t:|1682466158\n|switch|p2a: Arcanine|Arcanine, L50, M|100\/100\n|-ability|p2a: Arcanine|Intimidate|boost\n|-unboost|p1a: Annihilape|atk|1\n|-ability|p1a: Annihilape|Defiant|boost\n|-boost|p1a: Annihilape|atk|2\n|-unboost|p1b: Gothitelle|atk|1\n|turn|2\n|inactive|dfghsdfh has 30 seconds left.\n|\n|t:|1682466188\n|switch|p1a: Wo-Chien|Wo-Chien, L50|100\/100\n|-ability|p1a: Wo-Chien|Tablets of Ruin\n|-terastallize|p2b: Iron Hands|Flying\n|move|p2a: Arcanine|Will-O-Wisp|p1a: Wo-Chien\n|-status|p1a: Wo-Chien|brn\n|move|p1b: Gothitelle|Reflect|p1b: Gothitelle\n|-sidestart|p1: dfghsdfh|Reflect\n|move|p2b: Iron Hands|Thunder Punch|p1b: Gothitelle\n|-damage|p1b: Gothitelle|59\/100\n|\n|-heal|p1b: Gothitelle|65\/100|[from] item: Leftovers\n|-damage|p1a: Wo-Chien|94\/100 brn|[from] brn\n|upkeep\n|turn|3\n|inactive|dfghsdfh has 30 seconds left.\n|\n|t:|1682466214\n|move|p1b: Gothitelle|Protect|p1b: Gothitelle\n|-singleturn|p1b: Gothitelle|Protect\n|move|p2a: Arcanine|Snarl|p1b: Gothitelle|[spread] p1a\n|-activate|p1b: Gothitelle|move: Protect\n|-resisted|p1a: Wo-Chien\n|-damage|p1a: Wo-Chien|92\/100 brn\n|-unboost|p1a: Wo-Chien|spa|1\n|move|p1a: Wo-Chien|Leech Seed|p2b: Iron Hands\n|-start|p2b: Iron Hands|move: Leech Seed\n|move|p2b: Iron Hands|Drain Punch|p1a: Wo-Chien\n|-supereffective|p1a: Wo-Chien\n|-damage|p1a: Wo-Chien|48\/100 brn\n|\n|-heal|p1b: Gothitelle|72\/100|[from] item: Leftovers\n|-damage|p2b: Iron Hands|88\/100|[from] Leech Seed|[of] p1a: Wo-Chien\n|-heal|p1a: Wo-Chien|70\/100 brn|[silent]\n|-damage|p1a: Wo-Chien|64\/100 brn|[from] brn\n|upkeep\n|turn|4\n|\n|t:|1682466235\n|move|p2a: Arcanine|Snarl|p1b: Gothitelle|[spread] p1a,p1b\n|-resisted|p1a: Wo-Chien\n|-supereffective|p1b: Gothitelle\n|-damage|p1a: Wo-Chien|60\/100 brn\n|-damage|p1b: Gothitelle|59\/100\n|-unboost|p1a: Wo-Chien|spa|1\n|-unboost|p1b: Gothitelle|spa|1\n|move|p1a: Wo-Chien|Leech Seed|p2a: Arcanine\n|-start|p2a: Arcanine|move: Leech Seed\n|move|p1b: Gothitelle|Taunt|p2a: Arcanine\n|-start|p2a: Arcanine|move: Taunt\n|move|p2b: Iron Hands|Thunder Punch|p1b: Gothitelle\n|-damage|p1b: Gothitelle|35\/100\n|\n|-heal|p1b: Gothitelle|41\/100|[from] item: Leftovers\n|-damage|p2a: Arcanine|88\/100|[from] Leech Seed|[of] p1a: Wo-Chien\n|-heal|p1a: Wo-Chien|77\/100 brn|[silent]\n|-damage|p2b: Iron Hands|76\/100|[from] Leech Seed|[of] p1a: Wo-Chien\n|-heal|p1a: Wo-Chien|98\/100 brn|[silent]\n|-damage|p1a: Wo-Chien|92\/100 brn|[from] brn\n|upkeep\n|turn|5\n|\n|t:|1682466259\n|move|p1a: Wo-Chien|Protect|p1a: Wo-Chien\n|-singleturn|p1a: Wo-Chien|Protect\n|move|p2a: Arcanine|Heat Wave|p1a: Wo-Chien|[spread] \n|-activate|p1a: Wo-Chien|move: Protect\n|-miss|p2a: Arcanine|p1b: Gothitelle\n|move|p1b: Gothitelle|Rest|p1b: Gothitelle\n|-status|p1b: Gothitelle|slp|[from] move: Rest\n|-heal|p1b: Gothitelle|100\/100 slp|[silent]\n|move|p2b: Iron Hands|Thunder Punch|p1a: Wo-Chien\n|-activate|p1a: Wo-Chien|move: Protect\n|\n|-heal|p2a: Arcanine|94\/100|[from] item: Leftovers\n|-damage|p2a: Arcanine|82\/100|[from] Leech Seed|[of] p1a: Wo-Chien\n|-heal|p1a: Wo-Chien|100\/100 brn|[silent]\n|-damage|p2b: Iron Hands|64\/100|[from] Leech Seed|[of] p1a: Wo-Chien\n|-damage|p1a: Wo-Chien|94\/100 brn|[from] brn\n|upkeep\n|turn|6\n|-message|dfghdfgsfd forfeited.\n|\n|win|dfghsdfh\n|raw|dfghsdfh's rating: 1000 → 1040<\/strong> (+40 for winning)\n|raw|dfghdfgsfd's rating: 1000 → 1000<\/strong> (+0 for losing)\n|l|\u2606dfghdfgsfd\n","uploadtime":1682466281,"views":17,"p1id":"dfghsdfh","p2id":"dfghdfgsfd","formatid":"gen9vgc2023regulationc","rating":1000,"private":0,"password":""}