{"id":"gen9vgc2023regulationc-1848589138","p1":"Felon Degeneres","p2":"echidna909","format":"[Gen 9] VGC 2023 Regulation C","log":"|j|\u2606Felon Degeneres\n|j|\u2606echidna909\n|t:|1682092473\n|gametype|doubles\n|player|p1|Felon Degeneres|rocketgruntf|1157\n|player|p2|echidna909|madame|1225\n|teamsize|p1|6\n|teamsize|p2|6\n|gen|9\n|tier|[Gen 9] VGC 2023 Regulation C\n|rated|\n|rule|Species Clause: Limit one of each Pok\u00e9mon\n|rule|Item Clause: Limit one of each item\n|clearpoke\n|poke|p1|Pelipper, L50, F|\n|poke|p1|Floatzel, L50, F|\n|poke|p1|Meowscarada, L50, M|\n|poke|p1|Volcarona, L50, M|\n|poke|p1|Scizor, L50, M|\n|poke|p1|Vaporeon, L50, F|\n|poke|p2|Indeedee-F, L50, F|\n|poke|p2|Torkoal, L50, F|\n|poke|p2|Tyranitar, L50, F|\n|poke|p2|Iron Hands, L50|\n|poke|p2|Hatterene, L50, F|\n|poke|p2|Chi-Yu, L50|\n|teampreview|4\n|\n|t:|1682092497\n|start\n|switch|p1a: Scizor|Scizor, L50, M|100\/100\n|switch|p1b: Volcarona|Volcarona, L50, M|100\/100\n|switch|p2a: Indeedee|Indeedee-F, L50, F|100\/100\n|switch|p2b: Iron Hands|Iron Hands, L50|100\/100\n|-fieldstart|move: Psychic Terrain|[from] ability: Psychic Surge|[of] p2a: Indeedee\n|-enditem|p2b: Iron Hands|Booster Energy\n|-activate|p2b: Iron Hands|ability: Quark Drive|[fromitem]\n|-start|p2b: Iron Hands|quarkdriveatk\n|turn|1\n|inactive|Battle timer is ON: inactive players will automatically lose when time's up. (requested by echidna909)\n|\n|t:|1682092547\n|move|p1b: Volcarona|Quiver Dance|p1b: Volcarona\n|-boost|p1b: Volcarona|spa|1\n|-boost|p1b: Volcarona|spd|1\n|-boost|p1b: Volcarona|spe|1\n|move|p1a: Scizor|Swords Dance|p1a: Scizor\n|-boost|p1a: Scizor|atk|2\n|move|p2b: Iron Hands|Swords Dance|p2b: Iron Hands\n|-boost|p2b: Iron Hands|atk|2\n|move|p2a: Indeedee|Trick Room|p2a: Indeedee\n|-fieldstart|move: Trick Room|[of] p2a: Indeedee\n|\n|upkeep\n|turn|2\n|inactive|Felon Degeneres has 30 seconds left.\n|inactive|echidna909 has 30 seconds left.\n|\n|t:|1682092579\n|move|p2a: Indeedee|Follow Me|p2a: Indeedee\n|-singleturn|p2a: Indeedee|move: Follow Me\n|move|p1b: Volcarona|Rage Powder|p1b: Volcarona\n|-singleturn|p1b: Volcarona|move: Rage Powder\n|move|p2b: Iron Hands|Thunder Punch|p1b: Volcarona\n|-damage|p1b: Volcarona|0 fnt\n|-status|p2b: Iron Hands|brn|[from] ability: Flame Body|[of] p1b: Volcarona\n|faint|p1b: Volcarona\n|move|p1a: Scizor|Close Combat|p2a: Indeedee\n|-damage|p2a: Indeedee|14\/100\n|-unboost|p1a: Scizor|def|1\n|-unboost|p1a: Scizor|spd|1\n|\n|-damage|p2b: Iron Hands|94\/100 brn|[from] brn\n|upkeep\n|\n|t:|1682092591\n|switch|p1b: Pelipper|Pelipper, L50, F|100\/100\n|-weather|RainDance|[from] ability: Drizzle|[of] p1b: Pelipper\n|turn|3\n|\n|t:|1682092610\n|move|p2a: Indeedee|Follow Me|p2a: Indeedee\n|-singleturn|p2a: Indeedee|move: Follow Me\n|move|p2b: Iron Hands|Drain Punch|p1a: Scizor\n|-damage|p1a: Scizor|12\/100\n|-heal|p2b: Iron Hands|100\/100 brn|[from] drain|[of] p1a: Scizor\n|move|p1a: Scizor|Close Combat|p2a: Indeedee\n|-damage|p2a: Indeedee|0 fnt\n|-unboost|p1a: Scizor|def|1\n|-unboost|p1a: Scizor|spd|1\n|faint|p2a: Indeedee\n|move|p1b: Pelipper|Hurricane|p2b: Iron Hands\n|-damage|p2b: Iron Hands|64\/100 brn\n|-start|p2b: Iron Hands|confusion\n|\n|-weather|RainDance|[upkeep]\n|-damage|p2b: Iron Hands|58\/100 brn|[from] brn\n|upkeep\n|\n|t:|1682092627\n|switch|p2a: Torkoal|Torkoal, L50, F|100\/100\n|-weather|SunnyDay|[from] ability: Drought|[of] p2a: Torkoal\n|turn|4\n|inactive|Felon Degeneres has 30 seconds left.\n|\n|t:|1682092655\n|switch|p1a: Floatzel|Floatzel, L50, F|100\/100\n|move|p1b: Pelipper|Wide Guard|p1b: Pelipper\n|-singleturn|p1b: Pelipper|Wide Guard\n|move|p2a: Torkoal|Eruption|p1b: Pelipper|[spread] \n|-activate|p1a: Floatzel|move: Wide Guard\n|-activate|p1b: Pelipper|move: Wide Guard\n|-activate|p2b: Iron Hands|confusion\n|-damage|p2b: Iron Hands|36\/100 brn|[from] confusion\n|\n|-weather|SunnyDay|[upkeep]\n|-damage|p2b: Iron Hands|30\/100 brn|[from] brn\n|upkeep\n|turn|5\n|\n|t:|1682092673\n|switch|p1b: Scizor|Scizor, L50, M|12\/100\n|move|p1a: Floatzel|Protect|p1a: Floatzel\n|-singleturn|p1a: Floatzel|Protect\n|move|p2a: Torkoal|Eruption|p1a: Floatzel|[spread] p1b\n|-activate|p1a: Floatzel|move: Protect\n|-supereffective|p1b: Scizor\n|-damage|p1b: Scizor|0 fnt\n|faint|p1b: Scizor\n|-end|p2b: Iron Hands|confusion\n|move|p2b: Iron Hands|Thunder Punch|p1a: Floatzel\n|-activate|p1a: Floatzel|move: Protect\n|\n|-weather|SunnyDay|[upkeep]\n|-damage|p2b: Iron Hands|24\/100 brn|[from] brn\n|-fieldend|move: Trick Room\n|-fieldend|move: Psychic Terrain\n|upkeep\n|\n|t:|1682092682\n|switch|p1b: Pelipper|Pelipper, L50, F|100\/100\n|-weather|RainDance|[from] ability: Drizzle|[of] p1b: Pelipper\n|turn|6\n|\n|t:|1682092695\n|switch|p2a: Hatterene|Hatterene, L50, F|100\/100\n|-terastallize|p1a: Floatzel|Water\n|move|p2b: Iron Hands|Protect|p2b: Iron Hands\n|-singleturn|p2b: Iron Hands|Protect\n|move|p1a: Floatzel|Wave Crash|p2a: Hatterene\n|-damage|p2a: Hatterene|0 fnt\n|faint|p2a: Hatterene\n|-damage|p1a: Floatzel|67\/100|[from] Recoil\n|-damage|p1a: Floatzel|57\/100|[from] item: Life Orb\n|move|p1b: Pelipper|Hurricane|p2b: Iron Hands\n|-activate|p2b: Iron Hands|move: Protect\n|\n|-weather|RainDance|[upkeep]\n|-damage|p2b: Iron Hands|17\/100 brn|[from] brn\n|upkeep\n|\n|t:|1682092710\n|switch|p2a: Torkoal|Torkoal, L50, F|100\/100\n|-weather|SunnyDay|[from] ability: Drought|[of] p2a: Torkoal\n|turn|7\n|\n|t:|1682092722\n|-terastallize|p2a: Torkoal|Fire\n|move|p1a: Floatzel|Wave Crash|p2a: Torkoal\n|-supereffective|p2a: Torkoal\n|-damage|p2a: Torkoal|30\/100\n|-damage|p1a: Floatzel|32\/100|[from] Recoil\n|-damage|p1a: Floatzel|22\/100|[from] item: Life Orb\n|move|p1b: Pelipper|Hydro Pump|p2b: Iron Hands\n|-damage|p2b: Iron Hands|0 fnt\n|faint|p2b: Iron Hands\n|-end|p2b: Iron Hands|Quark Drive|[silent]\n|move|p2a: Torkoal|Flamethrower|p1b: Pelipper\n|-resisted|p1b: Pelipper\n|-damage|p1b: Pelipper|2\/100\n|\n|-weather|SunnyDay|[upkeep]\n|upkeep\n|turn|8\n|c|\u2606echidna909|gg\n|\n|t:|1682092738\n|move|p1a: Floatzel|Wave Crash|p2a: Torkoal\n|-supereffective|p2a: Torkoal\n|-damage|p2a: Torkoal|0 fnt\n|faint|p2a: Torkoal\n|-damage|p1a: Floatzel|11\/100|[from] Recoil\n|-damage|p1a: Floatzel|1\/100|[from] item: Life Orb\n|\n|win|Felon Degeneres\n|raw|Felon Degeneres's rating: 1157 → 1187<\/strong> (+30 for winning)\n|raw|echidna909's rating: 1225 → 1195<\/strong> (-30 for losing)\n|l|\u2606echidna909\n","uploadtime":1682092942,"views":5,"p1id":"felondegeneres","p2id":"echidna909","formatid":"gen9vgc2023regulationc","rating":1187,"private":0,"password":""}