{"id":"gen9vgc2023regulationc-1857281730","p1":"marcelobg","p2":"kevintoodlepoot","format":"[Gen 9] VGC 2023 Regulation C","log":"|j|\u2606marcelobg\n|j|\u2606kevintoodlepoot\n|t:|1683167400\n|gametype|doubles\n|player|p1|marcelobg|101|1335\n|player|p2|kevintoodlepoot|pokemaniac|1302\n|teamsize|p1|6\n|teamsize|p2|6\n|gen|9\n|tier|[Gen 9] VGC 2023 Regulation C\n|rated|\n|rule|Species Clause: Limit one of each Pok\u00e9mon\n|rule|Item Clause: Limit one of each item\n|clearpoke\n|poke|p1|Ting-Lu, L50|\n|poke|p1|Ceruledge, L50, F|\n|poke|p1|Gyarados, L50, M|\n|poke|p1|Amoonguss, L50, F|\n|poke|p1|Flutter Mane, L50|\n|poke|p1|Baxcalibur, L50, F|\n|poke|p2|Iron Bundle, L50|\n|poke|p2|Chi-Yu, L50|\n|poke|p2|Flutter Mane, L50|\n|poke|p2|Kingambit, L50, M|\n|poke|p2|Great Tusk, L50|\n|poke|p2|Talonflame, L50, F|\n|teampreview|4\n|inactive|Battle timer is ON: inactive players will automatically lose when time's up. (requested by marcelobg)\n|inactive|marcelobg has 60 seconds left.\n|inactive|kevintoodlepoot has 60 seconds left.\n|inactive|kevintoodlepoot has 30 seconds left.\n|\n|t:|1683167477\n|start\n|switch|p1a: Ting-Lu|Ting-Lu, L50|100\/100\n|switch|p1b: Ceruledge|Ceruledge, L50, F|100\/100\n|switch|p2a: Iron Bundle|Iron Bundle, L50|100\/100\n|switch|p2b: Kingambit|Kingambit, L50, M|100\/100\n|-ability|p1a: Ting-Lu|Vessel of Ruin\n|-enditem|p2a: Iron Bundle|Booster Energy\n|-activate|p2a: Iron Bundle|ability: Quark Drive|[fromitem]\n|-start|p2a: Iron Bundle|quarkdrivespe\n|turn|1\n|inactive|marcelobg has 30 seconds left.\n|inactive|kevintoodlepoot has 30 seconds left.\n|\n|t:|1683167510\n|-terastallize|p2b: Kingambit|Flying\n|move|p1b: Ceruledge|Protect|p1b: Ceruledge\n|-singleturn|p1b: Ceruledge|Protect\n|move|p2a: Iron Bundle|Icy Wind|p1b: Ceruledge|[spread] p1a\n|-activate|p1b: Ceruledge|move: Protect\n|-supereffective|p1a: Ting-Lu\n|-crit|p1a: Ting-Lu\n|-damage|p1a: Ting-Lu|78\/100\n|-unboost|p1a: Ting-Lu|spe|1\n|move|p2b: Kingambit|Assurance|p1b: Ceruledge\n|-activate|p1b: Ceruledge|move: Protect\n|move|p1a: Ting-Lu|Ruination|p2b: Kingambit\n|-damage|p2b: Kingambit|51\/100\n|\n|upkeep\n|turn|2\n|inactive|marcelobg has 30 seconds left.\n|inactive|marcelobg has 20 seconds left.\n|inactive|marcelobg has 15 seconds left.\n|inactive|marcelobg has 10 seconds left.\n|inactive|marcelobg has 5 seconds left.\n|\n|t:|1683167563\n|move|p2a: Iron Bundle|Icy Wind|p1b: Ceruledge|[spread] p1a\n|-miss|p2a: Iron Bundle|p1b: Ceruledge\n|-supereffective|p1a: Ting-Lu\n|-damage|p1a: Ting-Lu|63\/100\n|-unboost|p1a: Ting-Lu|spe|1\n|move|p1b: Ceruledge|Bitter Blade|p2a: Iron Bundle\n|-damage|p2a: Iron Bundle|50\/100\n|move|p2b: Kingambit|Assurance|p1b: Ceruledge\n|-supereffective|p1b: Ceruledge\n|-damage|p1b: Ceruledge|24\/100\n|move|p1a: Ting-Lu|Ruination|p2b: Kingambit\n|-damage|p2b: Kingambit|26\/100\n|\n|-heal|p1b: Ceruledge|30\/100|[from] item: Leftovers\n|upkeep\n|turn|3\n|\n|t:|1683167588\n|move|p1b: Ceruledge|Protect|p1b: Ceruledge\n|-singleturn|p1b: Ceruledge|Protect\n|move|p2b: Kingambit|Sucker Punch||[still]\n|-fail|p2b: Kingambit\n|move|p2a: Iron Bundle|Freeze-Dry|p1a: Ting-Lu\n|-supereffective|p1a: Ting-Lu\n|-damage|p1a: Ting-Lu|38\/100\n|move|p1a: Ting-Lu|Heavy Slam|p2b: Kingambit\n|-damage|p2b: Kingambit|0 fnt\n|faint|p2b: Kingambit\n|\n|-heal|p1b: Ceruledge|36\/100|[from] item: Leftovers\n|upkeep\n|inactive|kevintoodlepoot has 30 seconds left.\n|\n|t:|1683167617\n|switch|p2b: Chi-Yu|Chi-Yu, L50|100\/100\n|-ability|p2b: Chi-Yu|Beads of Ruin\n|turn|4\n|inactive|marcelobg has 30 seconds left.\n|\n|t:|1683167652\n|switch|p1b: Amoonguss|Amoonguss, L50, F, shiny|100\/100\n|move|p2a: Iron Bundle|Freeze-Dry|p1a: Ting-Lu\n|-supereffective|p1a: Ting-Lu\n|-damage|p1a: Ting-Lu|7\/100\n|move|p2b: Chi-Yu|Dark Pulse|p1b: Amoonguss\n|-damage|p1b: Amoonguss|65\/100\n|move|p1a: Ting-Lu|Stomping Tantrum|p2b: Chi-Yu\n|-supereffective|p2b: Chi-Yu\n|-damage|p2b: Chi-Yu|28\/100\n|\n|-heal|p2b: Chi-Yu|34\/100|[from] item: Leftovers\n|upkeep\n|turn|5\n|inactive|marcelobg has 30 seconds left.\n|inactive|kevintoodlepoot has 30 seconds left.\n|inactive|marcelobg has 20 seconds left.\n|inactive|marcelobg has 15 seconds left.\n|inactive|marcelobg has 10 seconds left.\n|\n|t:|1683167701\n|-terastallize|p1b: Amoonguss|Electric\n|move|p2b: Chi-Yu|Protect|p2b: Chi-Yu\n|-singleturn|p2b: Chi-Yu|Protect\n|move|p2a: Iron Bundle|Freeze-Dry|p1b: Amoonguss\n|-damage|p1b: Amoonguss|32\/100\n|move|p1b: Amoonguss|Spore|p2a: Iron Bundle\n|-status|p2a: Iron Bundle|slp|[from] move: Spore\n|move|p1a: Ting-Lu|Stomping Tantrum|p2b: Chi-Yu\n|-activate|p2b: Chi-Yu|move: Protect\n|\n|-heal|p2b: Chi-Yu|40\/100|[from] item: Leftovers\n|upkeep\n|turn|6\n|inactive|marcelobg has 30 seconds left.\n|inactive|kevintoodlepoot has 30 seconds left.\n|inactive|marcelobg has 20 seconds left.\n|\n|t:|1683167737\n|move|p1b: Amoonguss|Rage Powder|p1b: Amoonguss\n|-singleturn|p1b: Amoonguss|move: Rage Powder\n|cant|p2a: Iron Bundle|slp\n|move|p2b: Chi-Yu|Heat Wave|p1a: Ting-Lu|[spread] p1a,p1b\n|-damage|p1a: Ting-Lu|0 fnt\n|-damage|p1b: Amoonguss|0 fnt\n|faint|p1a: Ting-Lu\n|faint|p1b: Amoonguss\n|\n|-heal|p2b: Chi-Yu|47\/100|[from] item: Leftovers\n|upkeep\n|\n|t:|1683167746\n|switch|p1a: Ceruledge|Ceruledge, L50, F|36\/100\n|switch|p1b: Flutter Mane|Flutter Mane, L50|100\/100\n|-enditem|p1b: Flutter Mane|Booster Energy\n|-activate|p1b: Flutter Mane|ability: Protosynthesis|[fromitem]\n|-start|p1b: Flutter Mane|protosynthesisspa\n|turn|7\n|inactive|marcelobg has 30 seconds left.\n|\n|t:|1683167777\n|move|p2b: Chi-Yu|Protect|p2b: Chi-Yu\n|-singleturn|p2b: Chi-Yu|Protect\n|cant|p2a: Iron Bundle|slp\n|move|p1b: Flutter Mane|Shadow Ball|p2b: Chi-Yu\n|-activate|p2b: Chi-Yu|move: Protect\n|move|p1a: Ceruledge|Bitter Blade|p2a: Iron Bundle\n|-damage|p2a: Iron Bundle|0 fnt\n|-heal|p1a: Ceruledge|54\/100|[from] drain|[of] p2a: Iron Bundle\n|faint|p2a: Iron Bundle\n|-end|p2a: Iron Bundle|Quark Drive|[silent]\n|\n|-heal|p1a: Ceruledge|60\/100|[from] item: Leftovers\n|-heal|p2b: Chi-Yu|53\/100|[from] item: Leftovers\n|upkeep\n|\n|t:|1683167794\n|switch|p2a: Flutter Mane|Flutter Mane, L50|100\/100\n|turn|8\n|inactive|marcelobg has 30 seconds left.\n|inactive|kevintoodlepoot has 30 seconds left.\n|inactive|marcelobg has 20 seconds left.\n|inactive|kevintoodlepoot has 20 seconds left.\n|inactive|marcelobg has 15 seconds left.\n|inactive|kevintoodlepoot has 15 seconds left.\n|inactive|marcelobg has 10 seconds left.\n|inactive|kevintoodlepoot has 10 seconds left.\n|inactive|kevintoodlepoot has 5 seconds left.\n|\n|t:|1683167844\n|move|p1a: Ceruledge|Protect|p1a: Ceruledge\n|-singleturn|p1a: Ceruledge|Protect\n|move|p1b: Flutter Mane|Shadow Ball|p2b: Chi-Yu\n|-resisted|p2b: Chi-Yu\n|-damage|p2b: Chi-Yu|30\/100\n|-unboost|p2b: Chi-Yu|spd|1\n|move|p2a: Flutter Mane|Shadow Ball|p1b: Flutter Mane\n|-supereffective|p1b: Flutter Mane\n|-damage|p1b: Flutter Mane|0 fnt\n|faint|p1b: Flutter Mane\n|-end|p1b: Flutter Mane|Protosynthesis|[silent]\n|move|p2b: Chi-Yu|Dark Pulse|p1a: Ceruledge\n|-activate|p1a: Ceruledge|move: Protect\n|\n|-heal|p1a: Ceruledge|66\/100|[from] item: Leftovers\n|-heal|p2b: Chi-Yu|36\/100|[from] item: Leftovers\n|upkeep\n|turn|9\n|inactive|marcelobg has 30 seconds left.\n|inactive|kevintoodlepoot has 30 seconds left.\n|\n|t:|1683167877\n|move|p1a: Ceruledge|Shadow Sneak|p2a: Flutter Mane\n|-supereffective|p2a: Flutter Mane\n|-damage|p2a: Flutter Mane|45\/100\n|move|p2a: Flutter Mane|Shadow Ball|p1a: Ceruledge\n|-supereffective|p1a: Ceruledge\n|-damage|p1a: Ceruledge|0 fnt\n|faint|p1a: Ceruledge\n|\n|win|kevintoodlepoot\n|raw|marcelobg's rating: 1335 → 1313<\/strong> (-22 for losing)\n|raw|kevintoodlepoot's rating: 1302 → 1324<\/strong> (+22 for winning)\n|l|\u2606kevintoodlepoot\n","uploadtime":1683167903,"views":9,"p1id":"marcelobg","p2id":"kevintoodlepoot","formatid":"gen9vgc2023regulationc","rating":1313,"private":0,"password":""}