{"id":"gen9vgc2023regulationc-1859273802","p1":"DragonairJordan23","p2":"calamarikurusu","format":"[Gen 9] VGC 2023 Regulation C","log":"|j|\u2606DragonairJordan23\n|j|\u2606calamarikurusu\n|t:|1683427054\n|gametype|doubles\n|player|p1|DragonairJordan23|kiawe|1177\n|player|p2|calamarikurusu|scientistf|1197\n|teamsize|p1|4\n|teamsize|p2|6\n|gen|9\n|tier|[Gen 9] VGC 2023 Regulation C\n|rated|\n|rule|Species Clause: Limit one of each Pok\u00e9mon\n|rule|Item Clause: Limit one of each item\n|clearpoke\n|poke|p1|Slither Wing, L50|\n|poke|p1|Ting-Lu, L50|\n|poke|p1|Tatsugiri, L50, M|\n|poke|p1|Amoonguss, L50, F|\n|poke|p2|Amoonguss, L50, M|\n|poke|p2|Chi-Yu, L50|\n|poke|p2|Glimmora, L50, F|\n|poke|p2|Gyarados, L50, F|\n|poke|p2|Iron Hands, L50|\n|poke|p2|Flutter Mane, L50|\n|teampreview|4\ncalamarikurusu has agreed to open team sheets.\nDragonairJordan23 has agreed to open team sheets.\n|\n|t:|1683427102\n|start\n|switch|p1a: Slither Wing|Slither Wing, L50|100\/100\n|switch|p1b: Ting-Lu|Ting-Lu, L50|100\/100\n|switch|p2a: Flutter Mane|Flutter Mane, L50|100\/100\n|switch|p2b: Glimmora|Glimmora, L50, F|100\/100\n|-ability|p1b: Ting-Lu|Vessel of Ruin\n|-enditem|p2a: Flutter Mane|Booster Energy\n|-activate|p2a: Flutter Mane|ability: Protosynthesis|[fromitem]\n|-start|p2a: Flutter Mane|protosynthesisspe\n|-enditem|p1a: Slither Wing|Booster Energy\n|-activate|p1a: Slither Wing|ability: Protosynthesis|[fromitem]\n|-start|p1a: Slither Wing|protosynthesisspe\n|turn|1\n|\n|t:|1683427121\n|-terastallize|p1a: Slither Wing|Fire\n|move|p2a: Flutter Mane|Protect|p2a: Flutter Mane\n|-singleturn|p2a: Flutter Mane|Protect\n|move|p1a: Slither Wing|Flare Blitz|p2b: Glimmora\n|-resisted|p2b: Glimmora\n|-damage|p2b: Glimmora|73\/100\n|-activate|p2b: Glimmora|ability: Toxic Debris\n|-sidestart|p1: DragonairJordan23|move: Toxic Spikes\n|-damage|p1a: Slither Wing|92\/100|[from] Recoil\n|move|p2b: Glimmora|Mortal Spin|p1a: Slither Wing|[spread] p1a,p1b\n|-resisted|p1b: Ting-Lu\n|-damage|p1a: Slither Wing|87\/100\n|-damage|p1b: Ting-Lu|99\/100\n|-status|p1a: Slither Wing|psn\n|-status|p1b: Ting-Lu|psn\n|move|p1b: Ting-Lu|Substitute|p1b: Ting-Lu\n|-start|p1b: Ting-Lu|Substitute\n|-damage|p1b: Ting-Lu|74\/100 psn\n|\n|-heal|p1b: Ting-Lu|80\/100 psn|[from] item: Leftovers\n|-damage|p1a: Slither Wing|74\/100 psn|[from] psn\n|-damage|p1b: Ting-Lu|68\/100 psn|[from] psn\n|upkeep\n|turn|2\n|\n|t:|1683427156\n|move|p2a: Flutter Mane|Hex|p1a: Slither Wing\n|-damage|p1a: Slither Wing|27\/100 psn\n|move|p1a: Slither Wing|Flare Blitz|p2a: Flutter Mane\n|-damage|p2a: Flutter Mane|19\/100\n|-damage|p1a: Slither Wing|3\/100 psn|[from] Recoil\n|move|p2b: Glimmora|Energy Ball|p1b: Ting-Lu\n|-supereffective|p1b: Ting-Lu\n|-end|p1b: Ting-Lu|Substitute\n|move|p1b: Ting-Lu|Sand Tomb|p2b: Glimmora\n|-supereffective|p2b: Glimmora\n|-damage|p2b: Glimmora|3\/100\n|-activate|p2b: Glimmora|move: Sand Tomb|[of] p1b: Ting-Lu\n|-activate|p2b: Glimmora|ability: Toxic Debris\n|-sidestart|p1: DragonairJordan23|move: Toxic Spikes\n|\n|-heal|p1b: Ting-Lu|74\/100 psn|[from] item: Leftovers\n|-damage|p1a: Slither Wing|0 fnt|[from] psn\n|faint|p1a: Slither Wing\n|-end|p1a: Slither Wing|Protosynthesis|[silent]\n|-damage|p1b: Ting-Lu|62\/100 psn|[from] psn\n|-damage|p2b: Glimmora|0 fnt|[from] move: Sand Tomb|[partiallytrapped]\n|faint|p2b: Glimmora\n|upkeep\n|\n|t:|1683427181\n|switch|p1a: Amoonguss|Amoonguss, L50, F|100\/100\n|switch|p2b: Gyarados|Gyarados, L50, F|100\/100\n|-ability|p2b: Gyarados|Intimidate|boost\n|-unboost|p1a: Amoonguss|atk|1\n|-unboost|p1b: Ting-Lu|atk|1\n|-sideend|p1: DragonairJordan23|move: Toxic Spikes|[of] p1a: Amoonguss\n|turn|3\n|\n|t:|1683427212\n|switch|p1b: Tatsugiri|Tatsugiri, L50, M|100\/100\n|move|p2a: Flutter Mane|Protect|p2a: Flutter Mane\n|-singleturn|p2a: Flutter Mane|Protect\n|move|p2b: Gyarados|Thunder Wave|p1a: Amoonguss\n|-status|p1a: Amoonguss|par\n|move|p1a: Amoonguss|Spore|p2a: Flutter Mane\n|-activate|p2a: Flutter Mane|move: Protect\n|\n|upkeep\n|turn|4\n|\n|t:|1683427231\n|-terastallize|p2a: Flutter Mane|Fairy\n|move|p2a: Flutter Mane|Moonblast|p1b: Tatsugiri\n|-supereffective|p1b: Tatsugiri\n|-enditem|p1b: Tatsugiri|Focus Sash\n|-damage|p1b: Tatsugiri|1\/100\n|move|p1b: Tatsugiri|Muddy Water|p2a: Flutter Mane|[spread] p2a,p2b\n|-resisted|p2b: Gyarados\n|-damage|p2a: Flutter Mane|0 fnt\n|-damage|p2b: Gyarados|89\/100\n|faint|p2a: Flutter Mane\n|-end|p2a: Flutter Mane|Protosynthesis|[silent]\n|move|p2b: Gyarados|Waterfall|p1b: Tatsugiri\n|-ability|p1b: Tatsugiri|Storm Drain|boost\n|-boost|p1b: Tatsugiri|spa|1\n|cant|p1a: Amoonguss|par\n|\n|upkeep\n|\n|t:|1683427244\n|switch|p2a: Amoonguss|Amoonguss, L50, M|100\/100\n|turn|5\n|\n|t:|1683427257\n|move|p1b: Tatsugiri|Protect|p1b: Tatsugiri\n|-singleturn|p1b: Tatsugiri|Protect\n|move|p2b: Gyarados|Iron Head|p1b: Tatsugiri\n|-activate|p1b: Tatsugiri|move: Protect\n|move|p2a: Amoonguss|Pollen Puff|p2b: Gyarados\n|-heal|p2b: Gyarados|100\/100\n|move|p1a: Amoonguss|Spore|p2b: Gyarados\n|-status|p2b: Gyarados|slp|[from] move: Spore\n|-enditem|p2b: Gyarados|Lum Berry|[eat]\n|-curestatus|p2b: Gyarados|slp|[msg]\n|\n|upkeep\n|turn|6\n|\n|t:|1683427276\n|switch|p1b: Ting-Lu|Ting-Lu, L50|62\/100 psn\n|-ability|p1b: Ting-Lu|Vessel of Ruin\n|move|p2b: Gyarados|Iron Head|p1b: Ting-Lu\n|-damage|p1b: Ting-Lu|48\/100 psn\n|move|p2a: Amoonguss|Pollen Puff|p1a: Amoonguss\n|-damage|p1a: Amoonguss|86\/100 par\n|move|p1a: Amoonguss|Spore|p2b: Gyarados\n|-status|p2b: Gyarados|slp|[from] move: Spore\n|\n|-heal|p1b: Ting-Lu|55\/100 psn|[from] item: Leftovers\n|-damage|p1b: Ting-Lu|42\/100 psn|[from] psn\n|upkeep\n|turn|7\n|\n|t:|1683427293\n|cant|p2b: Gyarados|slp\n|move|p1b: Ting-Lu|Sand Tomb|p2a: Amoonguss\n|-damage|p2a: Amoonguss|88\/100\n|-activate|p2a: Amoonguss|move: Sand Tomb|[of] p1b: Ting-Lu\n|move|p2a: Amoonguss|Leaf Storm|p1b: Ting-Lu\n|-supereffective|p1b: Ting-Lu\n|-damage|p1b: Ting-Lu|2\/100 psn\n|-unboost|p2a: Amoonguss|spa|2\n|move|p1a: Amoonguss|Pollen Puff|p1b: Ting-Lu\n|-heal|p1b: Ting-Lu|52\/100 psn\n|\n|-heal|p1b: Ting-Lu|58\/100 psn|[from] item: Leftovers\n|-damage|p1b: Ting-Lu|46\/100 psn|[from] psn\n|-damage|p2a: Amoonguss|75\/100|[from] move: Sand Tomb|[partiallytrapped]\n|upkeep\n|turn|8\n|\n|t:|1683427318\n|-curestatus|p2b: Gyarados|slp|[msg]\n|move|p2b: Gyarados|Waterfall|p1b: Ting-Lu\n|-supereffective|p1b: Ting-Lu\n|-damage|p1b: Ting-Lu|9\/100 psn\n|move|p1b: Ting-Lu|Ruination|p2b: Gyarados\n|-damage|p2b: Gyarados|51\/100\n|move|p2a: Amoonguss|Pollen Puff|p2b: Gyarados\n|-heal|p2b: Gyarados|100\/100\n|move|p1a: Amoonguss|Pollen Puff|p1b: Ting-Lu\n|-heal|p1b: Ting-Lu|59\/100 psn\n|\n|-heal|p1b: Ting-Lu|65\/100 psn|[from] item: Leftovers\n|-damage|p1b: Ting-Lu|53\/100 psn|[from] psn\n|-damage|p2a: Amoonguss|63\/100|[from] move: Sand Tomb|[partiallytrapped]\n|upkeep\n|turn|9\n|\n|t:|1683427358\n|switch|p1b: Tatsugiri|Tatsugiri, L50, M|1\/100\n|move|p2b: Gyarados|Iron Head|p1a: Amoonguss\n|-damage|p1a: Amoonguss|67\/100 par\n|move|p2a: Amoonguss|Pollen Puff|p1a: Amoonguss\n|-damage|p1a: Amoonguss|58\/100 par\n|move|p1a: Amoonguss|Pollen Puff|p1b: Tatsugiri\n|-heal|p1b: Tatsugiri|51\/100\n|\n|-end|p2a: Amoonguss|Sand Tomb|[partiallytrapped]|[silent]\n|upkeep\n|turn|10\n|\n|t:|1683427384\n|move|p1b: Tatsugiri|Taunt|p2a: Amoonguss\n|-start|p2a: Amoonguss|move: Taunt\n|move|p2b: Gyarados|Iron Head|p1a: Amoonguss\n|-damage|p1a: Amoonguss|41\/100 par\n|-enditem|p1a: Amoonguss|Sitrus Berry|[eat]\n|-heal|p1a: Amoonguss|66\/100 par|[from] item: Sitrus Berry\n|cant|p2a: Amoonguss|move: Taunt|Spore\n|move|p1a: Amoonguss|Spore|p2b: Gyarados\n|-status|p2b: Gyarados|slp|[from] move: Spore\n|\n|upkeep\n|turn|11\n|\n|t:|1683427403\n|move|p1b: Tatsugiri|Draco Meteor|p2a: Amoonguss\n|-damage|p2a: Amoonguss|14\/100\n|-unboost|p1b: Tatsugiri|spa|2\n|-enditem|p2a: Amoonguss|Wiki Berry|[eat]\n|-heal|p2a: Amoonguss|47\/100|[from] item: Wiki Berry\n|cant|p2b: Gyarados|slp\n|move|p2a: Amoonguss|Pollen Puff|p2b: Gyarados\n|-immune|p2b: Gyarados\n|move|p1a: Amoonguss|Pollen Puff|p1b: Tatsugiri\n|-heal|p1b: Tatsugiri|100\/100\n|\n|upkeep\n|turn|12\n|\n|t:|1683427437\n|switch|p1b: Ting-Lu|Ting-Lu, L50|53\/100 psn\n|-ability|p1b: Ting-Lu|Vessel of Ruin\n|cant|p2b: Gyarados|slp\n|move|p2a: Amoonguss|Leaf Storm|p1b: Ting-Lu\n|-supereffective|p1b: Ting-Lu\n|-damage|p1b: Ting-Lu|30\/100 psn\n|-unboost|p2a: Amoonguss|spa|2\n|move|p1a: Amoonguss|Pollen Puff|p2a: Amoonguss\n|-damage|p2a: Amoonguss|37\/100\n|\n|-heal|p1b: Ting-Lu|36\/100 psn|[from] item: Leftovers\n|-damage|p1b: Ting-Lu|24\/100 psn|[from] psn\n|-end|p2a: Amoonguss|move: Taunt\n|upkeep\n|turn|13\n|\n|t:|1683427479\n|-curestatus|p2b: Gyarados|slp|[msg]\n|move|p2b: Gyarados|Waterfall|p1b: Ting-Lu\n|-supereffective|p1b: Ting-Lu\n|-damage|p1b: Ting-Lu|0 fnt\n|faint|p1b: Ting-Lu\n|move|p2a: Amoonguss|Pollen Puff|p1a: Amoonguss\n|-damage|p1a: Amoonguss|60\/100 par\n|cant|p1a: Amoonguss|par\n|\n|upkeep\n|\n|t:|1683427484\n|switch|p1b: Tatsugiri|Tatsugiri, L50, M|100\/100\n|turn|14\n|\n|t:|1683427496\n|move|p1b: Tatsugiri|Taunt|p2a: Amoonguss\n|-start|p2a: Amoonguss|move: Taunt\n|move|p2b: Gyarados|Iron Head|p1b: Tatsugiri\n|-resisted|p1b: Tatsugiri\n|-damage|p1b: Tatsugiri|79\/100\n|cant|p2a: Amoonguss|move: Taunt|Spore\n|cant|p1a: Amoonguss|par\n|\n|upkeep\n|turn|15\n|\n|t:|1683427510\n|move|p1b: Tatsugiri|Draco Meteor|p2a: Amoonguss|[miss]\n|-miss|p1b: Tatsugiri|p2a: Amoonguss\n|move|p2b: Gyarados|Iron Head|p1b: Tatsugiri\n|-resisted|p1b: Tatsugiri\n|-damage|p1b: Tatsugiri|57\/100\n|move|p2a: Amoonguss|Pollen Puff|p2b: Gyarados\n|-immune|p2b: Gyarados\n|move|p1a: Amoonguss|Spore|p2b: Gyarados\n|-status|p2b: Gyarados|slp|[from] move: Spore\n|\n|upkeep\n|turn|16\n|\n|t:|1683427526\n|move|p1b: Tatsugiri|Draco Meteor|p2a: Amoonguss\n|-damage|p2a: Amoonguss|0 fnt\n|-unboost|p1b: Tatsugiri|spa|2\n|faint|p2a: Amoonguss\n|cant|p2b: Gyarados|slp\n|move|p1a: Amoonguss|Pollen Puff|p1b: Tatsugiri\n|-heal|p1b: Tatsugiri|100\/100\n|\n|upkeep\n|turn|17\n|\n|t:|1683427547\n|move|p1a: Amoonguss|Rage Powder|p1a: Amoonguss\n|-singleturn|p1a: Amoonguss|move: Rage Powder\n|move|p1b: Tatsugiri|Muddy Water|p2b: Gyarados\n|-resisted|p2b: Gyarados\n|-damage|p2b: Gyarados|92\/100 slp\n|cant|p2b: Gyarados|slp\n|\n|upkeep\n|turn|18\n|\n|t:|1683427571\n|move|p1b: Tatsugiri|Draco Meteor|p2b: Gyarados\n|-damage|p2b: Gyarados|66\/100 slp\n|-unboost|p1b: Tatsugiri|spa|2\n|cant|p2b: Gyarados|slp\n|cant|p1a: Amoonguss|par\n|\n|upkeep\n|turn|19\n|\n|t:|1683427583\n|move|p1b: Tatsugiri|Draco Meteor|p2b: Gyarados\n|-damage|p2b: Gyarados|50\/100 slp\n|-unboost|p1b: Tatsugiri|spa|2\n|-curestatus|p2b: Gyarados|slp|[msg]\n|move|p2b: Gyarados|Thunder Wave|p1b: Tatsugiri\n|-status|p1b: Tatsugiri|par\n|cant|p1a: Amoonguss|par\n|\n|upkeep\n|turn|20\n|\n|t:|1683427598\n|move|p2b: Gyarados|Iron Head|p1a: Amoonguss\n|-damage|p1a: Amoonguss|40\/100 par\n|move|p1b: Tatsugiri|Draco Meteor|p2b: Gyarados\n|-damage|p2b: Gyarados|38\/100\n|cant|p1a: Amoonguss|par\n|\n|upkeep\n|turn|21\n|\n|t:|1683427609\n|move|p2b: Gyarados|Iron Head|p1a: Amoonguss\n|-damage|p1a: Amoonguss|22\/100 par\n|move|p1b: Tatsugiri|Draco Meteor|p2b: Gyarados\n|-damage|p2b: Gyarados|26\/100\n|move|p1a: Amoonguss|Spore|p2b: Gyarados\n|-status|p2b: Gyarados|slp|[from] move: Spore\n|\n|upkeep\n|turn|22\n|\n|t:|1683427620\n|cant|p2b: Gyarados|slp\n|cant|p1b: Tatsugiri|par\n|move|p1a: Amoonguss|Pollen Puff|p2b: Gyarados\n|-resisted|p2b: Gyarados\n|-damage|p2b: Gyarados|19\/100 slp\n|\n|upkeep\n|turn|23\n|\n|t:|1683427631\n|-curestatus|p2b: Gyarados|slp|[msg]\n|move|p2b: Gyarados|Iron Head|p1a: Amoonguss\n|-damage|p1a: Amoonguss|4\/100 par\n|move|p1b: Tatsugiri|Draco Meteor|p2b: Gyarados\n|-damage|p2b: Gyarados|6\/100\n|cant|p1a: Amoonguss|flinch\n|\n|upkeep\n|turn|24\n|\n|t:|1683427647\n|cant|p1a: Amoonguss|par\n|move|p2b: Gyarados|Iron Head|p1a: Amoonguss\n|-damage|p1a: Amoonguss|0 fnt\n|faint|p1a: Amoonguss\n|move|p1b: Tatsugiri|Muddy Water|p2b: Gyarados\n|-resisted|p2b: Gyarados\n|-damage|p2b: Gyarados|1\/100\n|-unboost|p2b: Gyarados|accuracy|1\n|\n|upkeep\n|turn|25\n|\n|t:|1683427657\n|move|p2b: Gyarados|Iron Head|p1b: Tatsugiri\n|-resisted|p1b: Tatsugiri\n|-damage|p1b: Tatsugiri|77\/100 par\n|cant|p1b: Tatsugiri|flinch\n|\n|upkeep\n|turn|26\n|\n|t:|1683427663\n|move|p2b: Gyarados|Iron Head|p1b: Tatsugiri|[miss]\n|-miss|p2b: Gyarados|p1b: Tatsugiri\n|move|p1b: Tatsugiri|Muddy Water|p2b: Gyarados\n|-resisted|p2b: Gyarados\n|-damage|p2b: Gyarados|0 fnt\n|faint|p2b: Gyarados\n|\n|win|DragonairJordan23\n|raw|DragonairJordan23's rating: 1177 → 1203<\/strong> (+26 for winning)\n|raw|calamarikurusu's rating: 1197 → 1171<\/strong> (-26 for losing)\n|c|\u2606DragonairJordan23|gg\n|c|\u2606calamarikurusu|gg\n","uploadtime":1683427678,"views":12,"p1id":"dragonairjordan23","p2id":"calamarikurusu","formatid":"gen9vgc2023regulationc","rating":1171,"private":0,"password":""}