{"id":"gen9vgc2023regulationc-1846324658","p1":"TUBOintimo","p2":"tanobaum","format":"[Gen 9] VGC 2023 Regulation C","log":"|j|\u2606TUBOintimo\n|j|\u2606tanobaum\n|t:|1681831732\n|gametype|doubles\n|player|p1|TUBOintimo|palmer|1383\n|player|p2|tanobaum|norman|1390\n|teamsize|p1|6\n|teamsize|p2|6\n|gen|9\n|tier|[Gen 9] VGC 2023 Regulation C\n|rated|\n|rule|Species Clause: Limit one of each Pok\u00e9mon\n|rule|Item Clause: Limit one of each item\n|clearpoke\n|poke|p1|Ceruledge, L50, F|\n|poke|p1|Roaring Moon, L50|\n|poke|p1|Flutter Mane, L50|\n|poke|p1|Rotom-Wash, L50|\n|poke|p1|Ting-Lu, L50|\n|poke|p1|Iron Valiant, L50|\n|poke|p2|Amoonguss, L50, M|\n|poke|p2|Ting-Lu, L50|\n|poke|p2|Hatterene, L50, F|\n|poke|p2|Torkoal, L50, F|\n|poke|p2|Indeedee-F, L50, F|\n|poke|p2|Armarouge, L50, F|\n|teampreview|4\n|inactive|Battle timer is ON: inactive players will automatically lose when time's up. (requested by tanobaum)\ntanobaum has agreed to open team sheets.\n|inactive|TUBOintimo has 60 seconds left.\n|inactive|tanobaum has 60 seconds left.\nTUBOintimo has agreed to open team sheets.\n|inactive|tanobaum has 30 seconds left.\n|inactive|tanobaum has 20 seconds left.\n|inactive|tanobaum has 15 seconds left.\n|\n|t:|1681831808\n|start\n|switch|p1a: Ceruledge|Ceruledge, L50, F|100\/100\n|switch|p1b: Ting-Lu|Ting-Lu, L50|100\/100\n|switch|p2a: Hatterene|Hatterene, L50, F|100\/100\n|switch|p2b: Amoonguss|Amoonguss, L50, M|100\/100\n|-ability|p1b: Ting-Lu|Vessel of Ruin\n|turn|1\n|inactive|TUBOintimo has 30 seconds left.\n|inactive|tanobaum has 30 seconds left.\n|inactive|tanobaum has 20 seconds left.\n|\n|t:|1681831845\n|-terastallize|p1a: Ceruledge|Grass\n|-terastallize|p2a: Hatterene|Water\n|move|p1a: Ceruledge|Bitter Blade|p2b: Amoonguss\n|-supereffective|p2b: Amoonguss\n|-damage|p2b: Amoonguss|24\/100\n|move|p1b: Ting-Lu|Heavy Slam|p2a: Hatterene\n|-resisted|p2a: Hatterene\n|-damage|p2a: Hatterene|81\/100\n|move|p2b: Amoonguss|Spore|p1b: Ting-Lu\n|-status|p1b: Ting-Lu|slp|[from] move: Spore\n|move|p2a: Hatterene|Trick Room|p2a: Hatterene\n|-fieldstart|move: Trick Room|[of] p2a: Hatterene\n|\n|upkeep\n|turn|2\n|\n|t:|1681831860\n|switch|p2b: Indeedee|Indeedee-F, L50, F|100\/100\n|-fieldstart|move: Psychic Terrain|[from] ability: Psychic Surge|[of] p2b: Indeedee\n|-enditem|p2b: Indeedee|Psychic Seed\n|-boost|p2b: Indeedee|spd|1|[from] item: Psychic Seed\n|move|p1a: Ceruledge|Shadow Sneak|p2b: Indeedee\n|-activate|p2b: Indeedee|move: Psychic Terrain\n|move|p2a: Hatterene|Psychic|p1a: Ceruledge\n|-damage|p1a: Ceruledge|38\/100\n|-damage|p2a: Hatterene|71\/100|[from] item: Life Orb\n|cant|p1b: Ting-Lu|slp\n|\n|upkeep\n|turn|3\n|\n|t:|1681831880\n|move|p1a: Ceruledge|Protect|p1a: Ceruledge\n|-singleturn|p1a: Ceruledge|Protect\n|move|p2a: Hatterene|Dazzling Gleam|p1b: Ting-Lu|[spread] p1b\n|-activate|p1a: Ceruledge|move: Protect\n|-supereffective|p1b: Ting-Lu\n|-damage|p1b: Ting-Lu|66\/100 slp\n|-damage|p2a: Hatterene|61\/100|[from] item: Life Orb\n|cant|p1b: Ting-Lu|slp\n|move|p2b: Indeedee|Dazzling Gleam|p1b: Ting-Lu|[spread] p1b\n|-activate|p1a: Ceruledge|move: Protect\n|-supereffective|p1b: Ting-Lu\n|-damage|p1b: Ting-Lu|56\/100 slp\n|\n|upkeep\n|turn|4\n|\n|t:|1681831904\n|switch|p2b: Amoonguss|Amoonguss, L50, M|58\/100\n|move|p2a: Hatterene|Dazzling Gleam|p1a: Ceruledge|[spread] p1a,p1b\n|-supereffective|p1b: Ting-Lu\n|-damage|p1a: Ceruledge|3\/100\n|-damage|p1b: Ting-Lu|23\/100 slp\n|-damage|p2a: Hatterene|52\/100|[from] item: Life Orb\n|cant|p1b: Ting-Lu|slp\n|move|p1a: Ceruledge|Bitter Blade|p2b: Amoonguss\n|-supereffective|p2b: Amoonguss\n|-damage|p2b: Amoonguss|0 fnt\n|-heal|p1a: Ceruledge|38\/100|[from] drain|[of] p2b: Amoonguss\n|faint|p2b: Amoonguss\n|\n|upkeep\n|inactive|tanobaum has 30 seconds left.\n|inactive|tanobaum has 20 seconds left.\n|\n|t:|1681831940\n|switch|p2b: Armarouge|Armarouge, L50, F|100\/100\n|turn|5\n|\n|t:|1681831956\n|switch|p1b: Roaring Moon|Roaring Moon, L50|100\/100\n|-enditem|p1b: Roaring Moon|Booster Energy\n|-activate|p1b: Roaring Moon|ability: Protosynthesis|[fromitem]\n|-start|p1b: Roaring Moon|protosynthesisspe\n|move|p1a: Ceruledge|Protect|p1a: Ceruledge\n|-singleturn|p1a: Ceruledge|Protect\n|move|p2a: Hatterene|Trick Room|p2a: Hatterene\n|-fieldend|move: Trick Room\n|move|p2b: Armarouge|Trick Room|p2b: Armarouge\n|-fieldstart|move: Trick Room|[of] p2b: Armarouge\n|\n|upkeep\n|turn|6\n|inactive|TUBOintimo has 30 seconds left.\n|inactive|tanobaum has 30 seconds left.\n|\n|t:|1681831991\n|switch|p1a: Ting-Lu|Ting-Lu, L50|23\/100 slp\n|-ability|p1a: Ting-Lu|Vessel of Ruin\n|move|p2a: Hatterene|Dazzling Gleam|p1b: Roaring Moon|[spread] p1a,p1b\n|-supereffective|p1a: Ting-Lu\n|-supereffective|p1b: Roaring Moon\n|-damage|p1a: Ting-Lu|0 fnt\n|-damage|p1b: Roaring Moon|0 fnt\n|faint|p1a: Ting-Lu\n|faint|p1b: Roaring Moon\n|-end|p1b: Roaring Moon|Protosynthesis|[silent]\n|-damage|p2a: Hatterene|42\/100|[from] item: Life Orb\n|move|p2b: Armarouge|Expanding Force|p1: Ting-Lu|[notarget]\n|-fail|p2b: Armarouge\n|\n|-fieldend|move: Psychic Terrain\n|upkeep\n|\n|t:|1681832006\n|switch|p1a: Flutter Mane|Flutter Mane, L50|100\/100\n|switch|p1b: Ceruledge|Ceruledge, L50, F, tera:Grass|38\/100\n|turn|7\n|\n|t:|1681832021\n|switch|p2a: Indeedee|Indeedee-F, L50, F|100\/100\n|-fieldstart|move: Psychic Terrain|[from] ability: Psychic Surge|[of] p2a: Indeedee\n|move|p1b: Ceruledge|Protect|p1b: Ceruledge\n|-singleturn|p1b: Ceruledge|Protect\n|move|p2b: Armarouge|Expanding Force|p1b: Ceruledge|[spread] p1a\n|-activate|p1b: Ceruledge|move: Protect\n|-damage|p1a: Flutter Mane|38\/100\n|move|p1a: Flutter Mane|Shadow Ball|p2a: Indeedee\n|-immune|p2a: Indeedee\n|\n|upkeep\n|turn|8\n|\n|t:|1681832038\n|move|p1a: Flutter Mane|Protect|p1a: Flutter Mane\n|-singleturn|p1a: Flutter Mane|Protect\n|move|p2a: Indeedee|Follow Me|p2a: Indeedee\n|-singleturn|p2a: Indeedee|move: Follow Me\n|move|p2b: Armarouge|Expanding Force|p1b: Ceruledge|[spread] p1b\n|-activate|p1a: Flutter Mane|move: Protect\n|-damage|p1b: Ceruledge|0 fnt\n|faint|p1b: Ceruledge\n|\n|upkeep\n|turn|9\n|-message|TUBOintimo forfeited.\n|\n|win|tanobaum\n|raw|TUBOintimo's rating: 1383 → 1363<\/strong> (-20 for losing)\n|raw|tanobaum's rating: 1390 → 1410<\/strong> (+20 for winning)\n|l|\u2606TUBOintimo\n","uploadtime":1681832052,"views":7,"p1id":"tubointimo","p2id":"tanobaum","formatid":"gen9vgc2023regulationc","rating":1363,"private":0,"password":""}