{"id":"gen9vgc2023regulationc-1847542599","p1":"Fluttermane Eyes","p2":"gctest1","format":"[Gen 9] VGC 2023 Regulation C","log":"|j|\u2606Fluttermane Eyes\n|j|\u2606gctest1\n|t:|1681970332\n|gametype|doubles\n|player|p1|Fluttermane Eyes|boarder|1166\n|player|p2|gctest1|169|1086\n|teamsize|p1|6\n|teamsize|p2|6\n|gen|9\n|tier|[Gen 9] VGC 2023 Regulation C\n|rated|\n|rule|Species Clause: Limit one of each Pok\u00e9mon\n|rule|Item Clause: Limit one of each item\n|clearpoke\n|poke|p1|Chien-Pao, L50|\n|poke|p1|Dragonite, L50, F|\n|poke|p1|Ting-Lu, L50|\n|poke|p1|Scream Tail, L50|\n|poke|p1|Annihilape, L50, F|\n|poke|p1|Rotom-Wash, L50|\n|poke|p2|Dragonite, L50, F|\n|poke|p2|Ting-Lu, L50|\n|poke|p2|Flutter Mane, L50|\n|poke|p2|Chien-Pao, L50|\n|poke|p2|Amoonguss, L50, M|\n|poke|p2|Palafin, L50, M|\n|teampreview|4\n|\n|t:|1681970395\n|start\n|switch|p1a: Ting-Lu|Ting-Lu, L50|100\/100\n|switch|p1b: Mr. Rotom|Rotom-Wash, L50, shiny|100\/100\n|switch|p2a: Flutter Mane|Flutter Mane, L50|100\/100\n|switch|p2b: Palafin|Palafin, L50, M|100\/100\n|-ability|p1a: Ting-Lu|Vessel of Ruin\n|-enditem|p2a: Flutter Mane|Booster Energy\n|-activate|p2a: Flutter Mane|ability: Protosynthesis|[fromitem]\n|-start|p2a: Flutter Mane|protosynthesisspa\n|turn|1\n|\n|t:|1681970415\n|detailschange|p2b: Palafin|Palafin-Hero, L50, M\n|switch|p2b: Amoonguss|Amoonguss, L50, M|100\/100\n|-terastallize|p1a: Ting-Lu|Poison\n|move|p2a: Flutter Mane|Protect|p2a: Flutter Mane\n|-singleturn|p2a: Flutter Mane|Protect\n|move|p1b: Mr. Rotom|Thunderbolt|p2b: Amoonguss\n|-resisted|p2b: Amoonguss\n|-damage|p2b: Amoonguss|89\/100\n|move|p1a: Ting-Lu|Heavy Slam|p2a: Flutter Mane\n|-activate|p2a: Flutter Mane|move: Protect\n|\n|upkeep\n|turn|2\n|\n|t:|1681970438\n|move|p2b: Amoonguss|Rage Powder|p2b: Amoonguss\n|-singleturn|p2b: Amoonguss|move: Rage Powder\n|move|p2a: Flutter Mane|Dazzling Gleam|p1a: Ting-Lu|[spread] p1a,p1b\n|-resisted|p1a: Ting-Lu\n|-damage|p1a: Ting-Lu|89\/100\n|-damage|p1b: Mr. Rotom|69\/100\n|move|p1b: Mr. Rotom|Will-O-Wisp|p2b: Amoonguss\n|-status|p2b: Amoonguss|brn\n|move|p1a: Ting-Lu|Payback|p2b: Amoonguss\n|-damage|p2b: Amoonguss|49\/100 brn\n|-enditem|p2b: Amoonguss|Sitrus Berry|[eat]\n|-heal|p2b: Amoonguss|74\/100 brn|[from] item: Sitrus Berry\n|\n|-damage|p2b: Amoonguss|68\/100 brn|[from] brn\n|upkeep\n|turn|3\n|\n|t:|1681970468\n|move|p1b: Mr. Rotom|Protect|p1b: Mr. Rotom\n|-singleturn|p1b: Mr. Rotom|Protect\n|move|p2a: Flutter Mane|Dazzling Gleam|p1b: Mr. Rotom|[spread] p1a\n|-activate|p1b: Mr. Rotom|move: Protect\n|-resisted|p1a: Ting-Lu\n|-damage|p1a: Ting-Lu|78\/100\n|move|p1a: Ting-Lu|Earthquake|p2a: Flutter Mane|[spread] p2a,p2b\n|-activate|p1b: Mr. Rotom|move: Protect\n|-damage|p2a: Flutter Mane|40\/100\n|-damage|p2b: Amoonguss|40\/100 brn\n|move|p2b: Amoonguss|Spore|p1a: Ting-Lu\n|-status|p1a: Ting-Lu|slp|[from] move: Spore\n|\n|-damage|p2b: Amoonguss|34\/100 brn|[from] brn\n|upkeep\n|turn|4\n|\n|t:|1681970499\n|move|p2a: Flutter Mane|Moonblast|p1b: Mr. Rotom\n|-damage|p1b: Mr. Rotom|19\/100\n|-unboost|p1b: Mr. Rotom|spa|1\n|move|p1b: Mr. Rotom|Thunderbolt|p2a: Flutter Mane\n|-damage|p2a: Flutter Mane|23\/100\n|cant|p1a: Ting-Lu|slp\n|move|p2b: Amoonguss|Spore|p1b: Mr. Rotom\n|-activate|p1b: Mr. Rotom|item: Safety Goggles|Spore\n|\n|-damage|p2b: Amoonguss|28\/100 brn|[from] brn\n|upkeep\n|turn|5\n|\n|t:|1681970521\n|switch|p2b: Palafin|Palafin-Hero, L50, M|100\/100\n|-activate|p2b: Palafin|ability: Zero to Hero\n|move|p2a: Flutter Mane|Moonblast|p1b: Mr. Rotom\n|-damage|p1b: Mr. Rotom|0 fnt\n|faint|p1b: Mr. Rotom\n|-curestatus|p1a: Ting-Lu|slp|[msg]\n|move|p1a: Ting-Lu|Heavy Slam|p2a: Flutter Mane\n|-supereffective|p2a: Flutter Mane\n|-damage|p2a: Flutter Mane|0 fnt\n|faint|p2a: Flutter Mane\n|-end|p2a: Flutter Mane|Protosynthesis|[silent]\n|\n|upkeep\n|\n|t:|1681970540\n|switch|p2a: Amoonguss|Amoonguss, L50, M|61\/100 brn\n|switch|p1b: Dragonite|Dragonite, L50, F|100\/100\n|turn|6\n|\n|t:|1681970566\n|-terastallize|p2b: Palafin|Water\n|move|p2a: Amoonguss|Protect|p2a: Amoonguss\n|-singleturn|p2a: Amoonguss|Protect\n|move|p1b: Dragonite|Extreme Speed|p2a: Amoonguss\n|-activate|p2a: Amoonguss|move: Protect\n|move|p2b: Palafin|Wave Crash|p1a: Ting-Lu\n|-crit|p1a: Ting-Lu\n|-damage|p1a: Ting-Lu|0 fnt\n|faint|p1a: Ting-Lu\n|-damage|p2b: Palafin|70\/100|[from] Recoil\n|\n|-damage|p2a: Amoonguss|55\/100 brn|[from] brn\n|upkeep\n|\n|t:|1681970579\n|switch|p1a: Chien-Pao|Chien-Pao, L50|100\/100\n|-ability|p1a: Chien-Pao|Sword of Ruin\n|turn|7\n|\n|t:|1681970602\n|move|p2a: Amoonguss|Rage Powder|p2a: Amoonguss\n|-singleturn|p2a: Amoonguss|move: Rage Powder\n|move|p2b: Palafin|Jet Punch|p1b: Dragonite\n|-resisted|p1b: Dragonite\n|-damage|p1b: Dragonite|56\/100\n|move|p1a: Chien-Pao|Ice Spinner|p2a: Amoonguss\n|-supereffective|p2a: Amoonguss\n|-damage|p2a: Amoonguss|0 fnt\n|faint|p2a: Amoonguss\n|move|p1b: Dragonite|Ice Spinner|p2b: Palafin\n|-resisted|p2b: Palafin\n|-damage|p2b: Palafin|52\/100\n|\n|upkeep\n|\n|t:|1681970612\n|switch|p2a: Chien-Pao|Chien-Pao, L50|100\/100\n|-ability|p2a: Chien-Pao|Sword of Ruin\n|turn|8\n|\n|t:|1681970631\n|move|p1b: Dragonite|Extreme Speed|p2a: Chien-Pao\n|-damage|p2a: Chien-Pao|57\/100\n|move|p1a: Chien-Pao|Sucker Punch|p2b: Palafin\n|-damage|p2b: Palafin|9\/100\n|move|p2a: Chien-Pao|Sucker Punch||[still]\n|-fail|p2a: Chien-Pao\n|move|p2b: Palafin|Jet Punch|p1b: Dragonite\n|-resisted|p1b: Dragonite\n|-damage|p1b: Dragonite|13\/100\n|\n|upkeep\n|turn|9\n|\n|t:|1681970658\n|move|p2b: Palafin|Protect|p2b: Palafin\n|-singleturn|p2b: Palafin|Protect\n|move|p1b: Dragonite|Protect|p1b: Dragonite\n|-singleturn|p1b: Dragonite|Protect\n|move|p1a: Chien-Pao|Sucker Punch|p2a: Chien-Pao\n|-resisted|p2a: Chien-Pao\n|-damage|p2a: Chien-Pao|32\/100\n|move|p2a: Chien-Pao|Ice Spinner|p1b: Dragonite\n|-activate|p1b: Dragonite|move: Protect\n|\n|upkeep\n|turn|10\n|\n|t:|1681970675\n|move|p1b: Dragonite|Extreme Speed|p2a: Chien-Pao\n|-damage|p2a: Chien-Pao|0 fnt\n|faint|p2a: Chien-Pao\n|move|p1a: Chien-Pao|Sucker Punch|p2b: Palafin\n|-damage|p2b: Palafin|0 fnt\n|faint|p2b: Palafin\n|\n|win|Fluttermane Eyes\n|raw|Fluttermane Eyes's rating: 1166 → 1185<\/strong> (+19 for winning)\n|raw|gctest1's rating: 1086 → 1068<\/strong> (-18 for losing)\n|l|\u2606gctest1\n|c|\u2606Fluttermane Eyes|gg\n","uploadtime":1681970689,"views":5,"p1id":"fluttermaneeyes","p2id":"gctest1","formatid":"gen9vgc2023regulationc","rating":1068,"private":0,"password":""}