{"id":"gen9vgc2023regulationc-1851800869","p1":"ILoveFurryOvO","p2":"Obvaltisobv","format":"[Gen 9] VGC 2023 Regulation C","log":"|j|\u2606ILoveFurryOvO\n|j|\u2606Obvaltisobv\n|t:|1682486021\n|gametype|doubles\n|player|p1|ILoveFurryOvO|dawn-gen4pt|\n|player|p2|Obvaltisobv|pryce|\n|teamsize|p1|6\n|teamsize|p2|6\n|gen|9\n|tier|[Gen 9] VGC 2023 Regulation C\n|rated|Tournament battle\n|rule|Species Clause: Limit one of each Pok\u00e9mon\n|rule|Item Clause: Limit one of each item\n|clearpoke\n|poke|p1|Amoonguss, L50, M|\n|poke|p1|Arcanine, L50, F|\n|poke|p1|Flutter Mane, L50|\n|poke|p1|Palafin, L50, F|\n|poke|p1|Chien-Pao, L50|\n|poke|p1|Dragonite, L50, F|\n|poke|p2|Gyarados, L50, F|\n|poke|p2|Ting-Lu, L50|\n|poke|p2|Amoonguss, L50, F|\n|poke|p2|Arcanine, L50, M|\n|poke|p2|Roaring Moon, L50|\n|poke|p2|Flutter Mane, L50|\n|teampreview|4\n|j| Radio Free C-Side\n|inactive|Battle timer is ON: inactive players will automatically lose when time's up. (requested by Obvaltisobv)\nObvaltisobv has agreed to open team sheets.\n|c| Radio Free C-Side|The switching teams mid tour into no ots, legendary plays\n|inactive|ILoveFurryOvO has 60 seconds left.\n|\n|t:|1682486081\n|start\n|switch|p1a: \u6d77\u8c5a\u4fe0|Palafin, L50, F, shiny|100\/100\n|switch|p1b: \u632f\u7ffc\u9aee|Flutter Mane, L50|100\/100\n|switch|p2a: Gyarados|Gyarados, L50, F|100\/100\n|switch|p2b: Flutter Mane|Flutter Mane, L50|100\/100\n|-ability|p2a: Gyarados|Intimidate|boost\n|-unboost|p1a: \u6d77\u8c5a\u4fe0|atk|1\n|-unboost|p1b: \u632f\u7ffc\u9aee|atk|1\n|turn|1\n|\n|t:|1682486100\n|-end|p1b: \u632f\u7ffc\u9aee|Protosynthesis|[silent]\n|switch|p1b: \u6557\u9732\u7403\u83c7|Amoonguss, L50, M|100\/100\n|move|p1a: \u6d77\u8c5a\u4fe0|Protect|p1a: \u6d77\u8c5a\u4fe0\n|-singleturn|p1a: \u6d77\u8c5a\u4fe0|Protect\n|move|p2b: Flutter Mane|Shadow Ball|p1b: \u6557\u9732\u7403\u83c7\n|-damage|p1b: \u6557\u9732\u7403\u83c7|57\/100\n|-damage|p2b: Flutter Mane|90\/100|[from] item: Life Orb\n|move|p2a: Gyarados|Thunder Wave|p1a: \u6d77\u8c5a\u4fe0\n|-activate|p1a: \u6d77\u8c5a\u4fe0|move: Protect\n|\n|upkeep\n|turn|2\n|inactive|ILoveFurryOvO has 30 seconds left.\n|\n|t:|1682486132\n|detailschange|p1a: \u6d77\u8c5a\u4fe0|Palafin-Hero, L50, F, shiny\n|switch|p1a: \u98a8\u901f\u72d7|Arcanine, L50, F|100\/100\n|-ability|p1a: \u98a8\u901f\u72d7|Intimidate|boost\n|-unboost|p2a: Gyarados|atk|1\n|-unboost|p2b: Flutter Mane|atk|1\n|move|p1b: \u6557\u9732\u7403\u83c7|Rage Powder|p1b: \u6557\u9732\u7403\u83c7\n|-singleturn|p1b: \u6557\u9732\u7403\u83c7|move: Rage Powder\n|move|p2b: Flutter Mane|Substitute|p2b: Flutter Mane\n|-start|p2b: Flutter Mane|Substitute\n|-damage|p2b: Flutter Mane|66\/100\n|move|p2a: Gyarados|Taunt|p1b: \u6557\u9732\u7403\u83c7\n|-start|p1b: \u6557\u9732\u7403\u83c7|move: Taunt\n|\n|upkeep\n|turn|3\n|inactive|ILoveFurryOvO has 30 seconds left.\n|inactive|Obvaltisobv has 30 seconds left.\n|inactive|ILoveFurryOvO has 20 seconds left.\n|inactive|ILoveFurryOvO has 15 seconds left.\n|inactive|ILoveFurryOvO has 10 seconds left.\n|\n|t:|1682486182\n|-terastallize|p1a: \u98a8\u901f\u72d7|Grass\n|move|p2b: Flutter Mane|Shadow Ball|p1a: \u98a8\u901f\u72d7\n|-damage|p1a: \u98a8\u901f\u72d7|36\/100\n|-damage|p2b: Flutter Mane|56\/100|[from] item: Life Orb\n|move|p1a: \u98a8\u901f\u72d7|Snarl|p2a: Gyarados|[spread] p2a,p2b\n|-damage|p2a: Gyarados|95\/100\n|-damage|p2b: Flutter Mane|47\/100\n|-unboost|p2a: Gyarados|spa|1\n|-unboost|p2b: Flutter Mane|spa|1\n|move|p2a: Gyarados|Thunder Wave|p1b: \u6557\u9732\u7403\u83c7\n|-status|p1b: \u6557\u9732\u7403\u83c7|par\n|move|p1b: \u6557\u9732\u7403\u83c7|Pollen Puff|p1a: \u98a8\u901f\u72d7\n|-heal|p1a: \u98a8\u901f\u72d7|86\/100\n|\n|upkeep\n|turn|4\n|j| MareeohYT\n|l| MareeohYT\n|inactive|ILoveFurryOvO has 30 seconds left.\n|\n|t:|1682486216\n|switch|p2a: Amoonguss|Amoonguss, L50, F|100\/100\n|move|p2b: Flutter Mane|Shadow Ball|p1b: \u6557\u9732\u7403\u83c7\n|-damage|p1b: \u6557\u9732\u7403\u83c7|29\/100 par\n|-enditem|p1b: \u6557\u9732\u7403\u83c7|Sitrus Berry|[eat]\n|-heal|p1b: \u6557\u9732\u7403\u83c7|54\/100 par|[from] item: Sitrus Berry\n|-damage|p2b: Flutter Mane|37\/100|[from] item: Life Orb\n|move|p1a: \u98a8\u901f\u72d7|Snarl|p2b: Flutter Mane|[spread] p2a,p2b\n|-damage|p2a: Amoonguss|93\/100\n|-damage|p2b: Flutter Mane|27\/100\n|-unboost|p2a: Amoonguss|spa|1\n|-unboost|p2b: Flutter Mane|spa|1\n|move|p1b: \u6557\u9732\u7403\u83c7|Pollen Puff|p1a: \u98a8\u901f\u72d7\n|-heal|p1a: \u98a8\u901f\u72d7|100\/100\n|\n|upkeep\n|turn|5\n|inactive|ILoveFurryOvO has 30 seconds left.\n|inactive|ILoveFurryOvO has 20 seconds left.\n|\n|t:|1682486253\n|-end|p2b: Flutter Mane|Protosynthesis|[silent]\n|switch|p2b: Gyarados|Gyarados, L50, F|95\/100\n|-ability|p2b: Gyarados|Intimidate|boost\n|-unboost|p1a: \u98a8\u901f\u72d7|atk|1\n|-unboost|p1b: \u6557\u9732\u7403\u83c7|atk|1\n|switch|p1b: \u632f\u7ffc\u9aee|Flutter Mane, L50|100\/100\n|move|p1a: \u98a8\u901f\u72d7|Flare Blitz|p2a: Amoonguss\n|-supereffective|p2a: Amoonguss\n|-damage|p2a: Amoonguss|46\/100\n|-damage|p1a: \u98a8\u901f\u72d7|84\/100|[from] item: Rocky Helmet|[of] p2a: Amoonguss\n|-damage|p1a: \u98a8\u901f\u72d7|66\/100|[from] Recoil\n|move|p2a: Amoonguss|Pollen Puff|p1a: \u98a8\u901f\u72d7\n|-supereffective|p1a: \u98a8\u901f\u72d7\n|-damage|p1a: \u98a8\u901f\u72d7|38\/100\n|\n|upkeep\n|turn|6\n|j| rina slaywayama\n|inactive|ILoveFurryOvO has 30 seconds left.\n|inactive|ILoveFurryOvO has 20 seconds left.\n|inactive|ILoveFurryOvO has 15 seconds left.\n|\n|t:|1682486294\n|move|p2a: Amoonguss|Protect|p2a: Amoonguss\n|-singleturn|p2a: Amoonguss|Protect\n|move|p1b: \u632f\u7ffc\u9aee|Shadow Ball|p2a: Amoonguss\n|-activate|p2a: Amoonguss|move: Protect\n|move|p1a: \u98a8\u901f\u72d7|Will-O-Wisp|p2b: Gyarados\n|-status|p2b: Gyarados|brn\n|move|p2b: Gyarados|Thunder Wave|p1b: \u632f\u7ffc\u9aee\n|-status|p1b: \u632f\u7ffc\u9aee|par\n|\n|-damage|p2b: Gyarados|89\/100 brn|[from] brn\n|upkeep\n|turn|7\n|\n|t:|1682486307\n|switch|p2a: Roaring Moon|Roaring Moon, L50|100\/100\n|-enditem|p2a: Roaring Moon|Booster Energy\n|-activate|p2a: Roaring Moon|ability: Protosynthesis|[fromitem]\n|-start|p2a: Roaring Moon|protosynthesisatk\n|move|p1a: \u98a8\u901f\u72d7|Flare Blitz|p2a: Roaring Moon\n|-resisted|p2a: Roaring Moon\n|-damage|p2a: Roaring Moon|84\/100\n|-damage|p1a: \u98a8\u901f\u72d7|32\/100|[from] Recoil\n|move|p2b: Gyarados|Thunder Wave|p1a: \u98a8\u901f\u72d7\n|-status|p1a: \u98a8\u901f\u72d7|par\n|move|p1b: \u632f\u7ffc\u9aee|Shadow Ball|p2b: Gyarados\n|-damage|p2b: Gyarados|46\/100 brn\n|-enditem|p2b: Gyarados|Sitrus Berry|[eat]\n|-heal|p2b: Gyarados|71\/100 brn|[from] item: Sitrus Berry\n|\n|-damage|p2b: Gyarados|65\/100 brn|[from] brn\n|upkeep\n|turn|8\n|\n|t:|1682486326\n|switch|p1a: \u6557\u9732\u7403\u83c7|Amoonguss, L50, M|87\/100 par\n|move|p2a: Roaring Moon|Protect|p2a: Roaring Moon\n|-singleturn|p2a: Roaring Moon|Protect\n|move|p2b: Gyarados|Taunt|p1a: \u6557\u9732\u7403\u83c7\n|-start|p1a: \u6557\u9732\u7403\u83c7|move: Taunt\n|move|p1b: \u632f\u7ffc\u9aee|Shadow Ball|p2b: Gyarados\n|-damage|p2b: Gyarados|24\/100 brn\n|\n|-damage|p2b: Gyarados|18\/100 brn|[from] brn\n|upkeep\n|turn|9\n|\n|t:|1682486348\n|switch|p2b: Amoonguss|Amoonguss, L50, F|79\/100\n|-end|p1b: \u632f\u7ffc\u9aee|Protosynthesis|[silent]\n|switch|p1b: \u98a8\u901f\u72d7|Arcanine, L50, F, tera:Grass|32\/100 par\n|-ability|p1b: \u98a8\u901f\u72d7|Intimidate|boost\n|-unboost|p2a: Roaring Moon|atk|1\n|-unboost|p2b: Amoonguss|atk|1\n|move|p2a: Roaring Moon|Acrobatics|p1a: \u6557\u9732\u7403\u83c7\n|-supereffective|p1a: \u6557\u9732\u7403\u83c7\n|-damage|p1a: \u6557\u9732\u7403\u83c7|16\/100 par\n|cant|p1a: \u6557\u9732\u7403\u83c7|par\n|\n|upkeep\n|turn|10\n|\n|t:|1682486363\n|-end|p2a: Roaring Moon|Protosynthesis|[silent]\n|switch|p2a: Gyarados|Gyarados, L50, F|18\/100 brn\n|-ability|p2a: Gyarados|Intimidate|boost\n|-unboost|p1a: \u6557\u9732\u7403\u83c7|atk|1\n|-unboost|p1b: \u98a8\u901f\u72d7|atk|1\n|move|p1b: \u98a8\u901f\u72d7|Flare Blitz|p2a: Gyarados\n|-resisted|p2a: Gyarados\n|-damage|p2a: Gyarados|3\/100 brn\n|-damage|p1b: \u98a8\u901f\u72d7|27\/100 par|[from] Recoil\n|move|p2b: Amoonguss|Pollen Puff|p1b: \u98a8\u901f\u72d7\n|-supereffective|p1b: \u98a8\u901f\u72d7\n|-damage|p1b: \u98a8\u901f\u72d7|0 fnt\n|faint|p1b: \u98a8\u901f\u72d7\n|cant|p1a: \u6557\u9732\u7403\u83c7|par\n|\n|-damage|p2a: Gyarados|0 fnt|[from] brn\n|faint|p2a: Gyarados\n|-end|p1a: \u6557\u9732\u7403\u83c7|move: Taunt\n|upkeep\n|\n|t:|1682486381\n|switch|p1b: \u632f\u7ffc\u9aee|Flutter Mane, L50|100\/100 par\n|switch|p2a: Roaring Moon|Roaring Moon, L50|84\/100\n|turn|11\n|\n|t:|1682486400\n|move|p2a: Roaring Moon|Protect|p2a: Roaring Moon\n|-singleturn|p2a: Roaring Moon|Protect\n|move|p1a: \u6557\u9732\u7403\u83c7|Rage Powder|p1a: \u6557\u9732\u7403\u83c7\n|-singleturn|p1a: \u6557\u9732\u7403\u83c7|move: Rage Powder\n|move|p1b: \u632f\u7ffc\u9aee|Dazzling Gleam|p2a: Roaring Moon|[spread] p2b\n|-activate|p2a: Roaring Moon|move: Protect\n|-resisted|p2b: Amoonguss\n|-damage|p2b: Amoonguss|61\/100\n|move|p2b: Amoonguss|Pollen Puff|p1a: \u6557\u9732\u7403\u83c7\n|-damage|p1a: \u6557\u9732\u7403\u83c7|1\/100 par\n|\n|upkeep\n|turn|12\n|\n|t:|1682486420\n|-terastallize|p2a: Roaring Moon|Flying\n|move|p1a: \u6557\u9732\u7403\u83c7|Rage Powder|p1a: \u6557\u9732\u7403\u83c7\n|-singleturn|p1a: \u6557\u9732\u7403\u83c7|move: Rage Powder\n|move|p2a: Roaring Moon|Dragon Dance|p2a: Roaring Moon\n|-boost|p2a: Roaring Moon|atk|1\n|-boost|p2a: Roaring Moon|spe|1\n|move|p1b: \u632f\u7ffc\u9aee|Dazzling Gleam|p2b: Amoonguss|[spread] p2a,p2b\n|-resisted|p2b: Amoonguss\n|-damage|p2a: Roaring Moon|49\/100\n|-damage|p2b: Amoonguss|42\/100\n|move|p2b: Amoonguss|Pollen Puff|p1a: \u6557\u9732\u7403\u83c7\n|-damage|p1a: \u6557\u9732\u7403\u83c7|0 fnt\n|faint|p1a: \u6557\u9732\u7403\u83c7\n|\n|upkeep\n|\n|t:|1682486427\n|switch|p1a: \u6d77\u8c5a\u4fe0|Palafin-Hero, L50, F, shiny|100\/100\n|-activate|p1a: \u6d77\u8c5a\u4fe0|ability: Zero to Hero\n|turn|13\n|l| rina slaywayama\n|\n|t:|1682486442\n|switch|p2b: Flutter Mane|Flutter Mane, L50|27\/100\n|move|p2a: Roaring Moon|Protect|p2a: Roaring Moon\n|-singleturn|p2a: Roaring Moon|Protect\n|move|p1a: \u6d77\u8c5a\u4fe0|Wave Crash|p2b: Flutter Mane\n|-damage|p2b: Flutter Mane|0 fnt\n|faint|p2b: Flutter Mane\n|-end|p2b: Flutter Mane|Protosynthesis|[silent]\n|-damage|p1a: \u6d77\u8c5a\u4fe0|95\/100|[from] Recoil\n|cant|p1b: \u632f\u7ffc\u9aee|par\n|\n|upkeep\n|\n|t:|1682486450\n|switch|p2b: Amoonguss|Amoonguss, L50, F|75\/100\n|turn|14\n|\n|t:|1682486474\n|move|p2b: Amoonguss|Rage Powder|p2b: Amoonguss\n|-singleturn|p2b: Amoonguss|move: Rage Powder\n|move|p2a: Roaring Moon|Acrobatics|p1b: \u632f\u7ffc\u9aee\n|-damage|p1b: \u632f\u7ffc\u9aee|0 fnt\n|faint|p1b: \u632f\u7ffc\u9aee\n|-end|p1b: \u632f\u7ffc\u9aee|Protosynthesis|[silent]\n|move|p1a: \u6d77\u8c5a\u4fe0|Wave Crash|p2b: Amoonguss\n|-resisted|p2b: Amoonguss\n|-damage|p2b: Amoonguss|37\/100\n|-damage|p1a: \u6d77\u8c5a\u4fe0|78\/100|[from] item: Rocky Helmet|[of] p2b: Amoonguss\n|-damage|p1a: \u6d77\u8c5a\u4fe0|65\/100|[from] Recoil\n|\n|upkeep\n|turn|15\n|c|\u2606ILoveFurryOvO|Gg\n|\n|t:|1682486487\n|move|p2b: Amoonguss|Rage Powder|p2b: Amoonguss\n|-singleturn|p2b: Amoonguss|move: Rage Powder\n|move|p2a: Roaring Moon|Acrobatics|p1a: \u6d77\u8c5a\u4fe0\n|-damage|p1a: \u6d77\u8c5a\u4fe0|0 fnt\n|faint|p1a: \u6d77\u8c5a\u4fe0\n|\n|win|Obvaltisobv\n|n|\u2606ILoveFurryOvO|ilovefurryovo\n|n|\u2606Obvaltisobv|obvaltisobv\n|n| Radio Free C-Side|radiofreecside\n","uploadtime":1682486488,"views":16,"p1id":"ilovefurryovo","p2id":"obvaltisobv","formatid":"gen9vgc2023regulationc","rating":0,"private":0,"password":""}