{"id":"gen9vgc2023regulationc-1862494963","p1":"Rhyme in a Dime","p2":"a12351","format":"[Gen 9] VGC 2023 Regulation C","log":"|j|\u2606Rhyme in a Dime\n|j|\u2606a12351\n|t:|1683894143\n|gametype|doubles\n|player|p1|Rhyme in a Dime|266|\n|player|p2|a12351|brycenman|\n|teamsize|p1|6\n|teamsize|p2|6\n|gen|9\n|tier|[Gen 9] VGC 2023 Regulation C\n|rule|Species Clause: Limit one of each Pok\u00e9mon\n|rule|Item Clause: Limit one of each item\n|clearpoke\n|poke|p1|Azumarill, L50, F|\n|poke|p1|Flutter Mane, L50|\n|poke|p1|Annihilape, L50, F|\n|poke|p1|Cetitan, L50, M|\n|poke|p1|Maushold-Four, L50|\n|poke|p1|Palafin, L50, F|\n|poke|p2|Amoonguss, L50, F|\n|poke|p2|Ting-Lu, L50|\n|poke|p2|Cetitan, L50, M|\n|poke|p2|Flutter Mane, L50|\n|poke|p2|Arcanine, L50, M|\n|poke|p2|Palafin, L50, F|\n|teampreview|4\n|\n|t:|1683894180\n|start\n|switch|p1a: Big oll azumarill|Azumarill, L50, F, shiny|100\/100\n|switch|p1b: Cetitan|Cetitan, L50, M|100\/100\n|switch|p2a: Amoonguss|Amoonguss, L50, F|100\/100\n|switch|p2b: Flutter Mane|Flutter Mane, L50|100\/100\n|turn|1\n|\n|t:|1683894198\n|move|p1b: Cetitan|Ice Shard|p2a: Amoonguss\n|-supereffective|p2a: Amoonguss\n|-damage|p2a: Amoonguss|56\/100\n|move|p1a: Big oll azumarill|Play Rough|p2a: Amoonguss\n|-resisted|p2a: Amoonguss\n|-damage|p2a: Amoonguss|29\/100\n|-damage|p1a: Big oll azumarill|84\/100|[from] item: Rocky Helmet|[of] p2a: Amoonguss\n|-status|p1a: Big oll azumarill|par|[from] ability: Effect Spore|[of] p2a: Amoonguss\n|move|p2a: Amoonguss|Clear Smog|p1a: Big oll azumarill\n|-supereffective|p1a: Big oll azumarill\n|-damage|p1a: Big oll azumarill|44\/100 par\n|-clearboost|p1a: Big oll azumarill\n|move|p2b: Flutter Mane|Trick Room|p2b: Flutter Mane\n|-fieldstart|move: Trick Room|[of] p2b: Flutter Mane\n|\n|upkeep\n|turn|2\n|\n|t:|1683894227\n|-end|p2b: Flutter Mane|Protosynthesis|[silent]\n|switch|p2b: Ting-Lu|Ting-Lu, L50|100\/100\n|-ability|p2b: Ting-Lu|Vessel of Ruin\n|move|p1a: Big oll azumarill|Belly Drum||[still]\n|-fail|p1a: Big oll azumarill\n|move|p2a: Amoonguss|Spore|p1b: Cetitan\n|-status|p1b: Cetitan|slp|[from] move: Spore\n|cant|p1b: Cetitan|slp\n|\n|upkeep\n|turn|3\n|\n|t:|1683894254\n|move|p2a: Amoonguss|Rage Powder|p2a: Amoonguss\n|-singleturn|p2a: Amoonguss|move: Rage Powder\n|cant|p1b: Cetitan|slp\n|move|p1a: Big oll azumarill|Aqua Tail|p2a: Amoonguss\n|-resisted|p2a: Amoonguss\n|-damage|p2a: Amoonguss|0 fnt\n|-damage|p1a: Big oll azumarill|28\/100 par|[from] item: Rocky Helmet|[of] p2a: Amoonguss\n|faint|p2a: Amoonguss\n|move|p2b: Ting-Lu|Ruination|p1b: Cetitan\n|-damage|p1b: Cetitan|51\/100 slp\n|\n|upkeep\n|\n|t:|1683894272\n|switch|p2a: Cetitan|Cetitan, L50, M|100\/100\n|turn|4\n|\n|t:|1683894282\n|move|p1a: Big oll azumarill|Belly Drum||[still]\n|-fail|p1a: Big oll azumarill\n|move|p2b: Ting-Lu|Stomping Tantrum|p1a: Big oll azumarill\n|-crit|p1a: Big oll azumarill\n|-damage|p1a: Big oll azumarill|0 fnt\n|faint|p1a: Big oll azumarill\n|move|p2a: Cetitan|Liquidation|p1b: Cetitan\n|-damage|p1b: Cetitan|24\/100 slp\n|-enditem|p1b: Cetitan|Sitrus Berry|[eat]\n|-heal|p1b: Cetitan|49\/100 slp|[from] item: Sitrus Berry\n|-curestatus|p1b: Cetitan|slp|[msg]\n|move|p1b: Cetitan|Belly Drum||[still]\n|-fail|p1b: Cetitan\n|\n|upkeep\n|\n|t:|1683894290\n|switch|p1a: Annihilape|Annihilape, L50, F|100\/100\n|turn|5\n|\n|t:|1683894310\n|move|p2a: Cetitan|Protect|p2a: Cetitan\n|-singleturn|p2a: Cetitan|Protect\n|move|p2b: Ting-Lu|Rock Slide|p1b: Cetitan|[spread] p1a,p1b\n|-resisted|p1a: Annihilape\n|-supereffective|p1b: Cetitan\n|-damage|p1a: Annihilape|92\/100\n|-damage|p1b: Cetitan|24\/100\n|move|p1b: Cetitan|Belly Drum||[still]\n|-fail|p1b: Cetitan\n|move|p1a: Annihilape|Rage Fist|p2a: Cetitan\n|-activate|p2a: Cetitan|move: Protect\n|\n|-fieldend|move: Trick Room\n|upkeep\n|turn|6\n|\n|t:|1683894360\n|-terastallize|p1a: Annihilape|Fighting\n|move|p1b: Cetitan|Ice Shard|p2a: Cetitan\n|-resisted|p2a: Cetitan\n|-damage|p2a: Cetitan|96\/100\n|move|p1a: Annihilape|Rage Fist|p2a: Cetitan\n|-crit|p2a: Cetitan\n|-damage|p2a: Cetitan|32\/100\n|-enditem|p2a: Cetitan|Sitrus Berry|[eat]\n|-heal|p2a: Cetitan|57\/100|[from] item: Sitrus Berry\n|move|p2a: Cetitan|Liquidation|p1b: Cetitan\n|-damage|p1b: Cetitan|0 fnt\n|faint|p1b: Cetitan\n|move|p2b: Ting-Lu|Fissure|p1a: Annihilape|[miss]\n|-miss|p2b: Ting-Lu|p1a: Annihilape\n|\n|upkeep\n|\n|t:|1683894363\n|switch|p1b: Flutter Mane|Flutter Mane, L50|100\/100\n|-enditem|p1b: Flutter Mane|Booster Energy\n|-activate|p1b: Flutter Mane|ability: Protosynthesis|[fromitem]\n|-start|p1b: Flutter Mane|protosynthesisspa\n|turn|7\n|\n|t:|1683894422\n|move|p1a: Annihilape|Rage Fist|p2a: Cetitan\n|-damage|p2a: Cetitan|11\/100\n|move|p1b: Flutter Mane|Moonblast|p2a: Cetitan\n|-damage|p2a: Cetitan|0 fnt\n|faint|p2a: Cetitan\n|move|p2b: Ting-Lu|Stomping Tantrum|p1a: Annihilape\n|-damage|p1a: Annihilape|25\/100\n|\n|upkeep\n|\n|t:|1683894432\n|switch|p2a: Flutter Mane|Flutter Mane, L50|100\/100\n|turn|8\n|\n|t:|1683894441\n|move|p1a: Annihilape|Rage Fist|p2b: Ting-Lu\n|-resisted|p2b: Ting-Lu\n|-crit|p2b: Ting-Lu\n|-damage|p2b: Ting-Lu|71\/100\n|move|p1b: Flutter Mane|Shadow Ball|p2b: Ting-Lu\n|-resisted|p2b: Ting-Lu\n|-damage|p2b: Ting-Lu|63\/100\n|move|p2a: Flutter Mane|Shadow Ball|p1b: Flutter Mane\n|-supereffective|p1b: Flutter Mane\n|-damage|p1b: Flutter Mane|47\/100\n|move|p2b: Ting-Lu|Rock Slide|p1a: Annihilape|[spread] p1a,p1b\n|-resisted|p1a: Annihilape\n|-damage|p1a: Annihilape|16\/100\n|-damage|p1b: Flutter Mane|27\/100\n|\n|upkeep\n|turn|9\n|\n|t:|1683894455\n|move|p1a: Annihilape|Rage Fist|p2a: Flutter Mane\n|-supereffective|p2a: Flutter Mane\n|-enditem|p2a: Flutter Mane|Focus Sash\n|-damage|p2a: Flutter Mane|1\/100\n|move|p1b: Flutter Mane|Dazzling Gleam|p2a: Flutter Mane|[spread] p2a,p2b\n|-supereffective|p2b: Ting-Lu\n|-damage|p2a: Flutter Mane|0 fnt\n|-damage|p2b: Ting-Lu|38\/100\n|faint|p2a: Flutter Mane\n|-end|p2a: Flutter Mane|Protosynthesis|[silent]\n|move|p2b: Ting-Lu|Stomping Tantrum|p1a: Annihilape\n|-damage|p1a: Annihilape|0 fnt\n|faint|p1a: Annihilape\n|\n|upkeep\n|turn|10\n|\n|t:|1683894473\n|-terastallize|p2b: Ting-Lu|Flying\n|move|p1b: Flutter Mane|Shadow Ball|p2b: Ting-Lu\n|-damage|p2b: Ting-Lu|20\/100\n|-unboost|p2b: Ting-Lu|spd|1\n|move|p2b: Ting-Lu|Stomping Tantrum|p1b: Flutter Mane\n|-damage|p1b: Flutter Mane|0 fnt\n|faint|p1b: Flutter Mane\n|-end|p1b: Flutter Mane|Protosynthesis|[silent]\n|\n|win|a12351\n","uploadtime":1683894488,"views":12,"p1id":"rhymeinadime","p2id":"a12351","formatid":"gen9vgc2023regulationc","rating":0,"private":0,"password":""}