{"id":"gen9vgc2023regulationc-1856461396","p1":"Sgargog","p2":"GTFDF","format":"[Gen 9] VGC 2023 Regulation C","log":"|j|\u2606Sgargog\n|j|\u2606GTFDF\n|t:|1683064023\n|gametype|doubles\n|player|p1|Sgargog|riley|1152\n|player|p2|GTFDF|170|1197\n|teamsize|p1|6\n|teamsize|p2|6\n|gen|9\n|tier|[Gen 9] VGC 2023 Regulation C\n|rated|\n|rule|Species Clause: Limit one of each Pok\u00e9mon\n|rule|Item Clause: Limit one of each item\n|clearpoke\n|poke|p1|Chi-Yu, L50|\n|poke|p1|Flutter Mane, L50|\n|poke|p1|Dragonite, L50, M|\n|poke|p1|Arcanine, L50, M|\n|poke|p1|Amoonguss, L50, M|\n|poke|p1|Iron Bundle, L50|\n|poke|p2|Torkoal, L50, M|\n|poke|p2|Chi-Yu, L50|\n|poke|p2|Bronzong, L50|\n|poke|p2|Gastrodon, L50, M|\n|poke|p2|Grimmsnarl, L50, M|\n|poke|p2|Skeledirge, L50, F|\n|teampreview|4\n|inactive|Battle timer is ON: inactive players will automatically lose when time's up. (requested by GTFDF)\n|\n|t:|1683064046\n|start\n|switch|p1a: Chi-Yu|Chi-Yu, L50|100\/100\n|switch|p1b: Arcanine|Arcanine, L50, M|100\/100\n|switch|p2a: Grimmsnarl|Grimmsnarl, L50, M|100\/100\n|switch|p2b: Bronzong|Bronzong, L50|100\/100\n|-ability|p1a: Chi-Yu|Beads of Ruin\n|-ability|p1b: Arcanine|Intimidate|boost\n|-unboost|p2a: Grimmsnarl|atk|1\n|-unboost|p2b: Bronzong|atk|1\n|turn|1\n|inactive|Sgargog has 30 seconds left.\n|\n|t:|1683064078\n|move|p2a: Grimmsnarl|Fake Out|p1a: Chi-Yu\n|-damage|p1a: Chi-Yu|85\/100\n|cant|p1a: Chi-Yu|flinch\n|move|p1b: Arcanine|Flare Blitz|p2b: Bronzong\n|-supereffective|p2b: Bronzong\n|-damage|p2b: Bronzong|33\/100\n|-damage|p1b: Arcanine|81\/100|[from] Recoil\n|move|p2b: Bronzong|Body Press|p1a: Chi-Yu\n|-supereffective|p1a: Chi-Yu\n|-damage|p1a: Chi-Yu|0 fnt\n|faint|p1a: Chi-Yu\n|\n|upkeep\n|\n|t:|1683064093\n|switch|p1a: Flutter Mane|Flutter Mane, L50|100\/100\n|-enditem|p1a: Flutter Mane|Booster Energy\n|-activate|p1a: Flutter Mane|ability: Protosynthesis|[fromitem]\n|-start|p1a: Flutter Mane|protosynthesisspe\n|turn|2\n|\n|t:|1683064106\n|switch|p2b: Skeledirge|Skeledirge, L50, F|100\/100\n|move|p2a: Grimmsnarl|Trick|p1a: Flutter Mane\n|-activate|p2a: Grimmsnarl|move: Trick|[of] p1a: Flutter Mane\n|-item|p1a: Flutter Mane|Lagging Tail|[from] move: Trick\n|-enditem|p2a: Grimmsnarl|Lagging Tail|[silent]|[from] move: Trick\n|move|p1a: Flutter Mane|Shadow Ball|p2b: Skeledirge\n|-supereffective|p2b: Skeledirge\n|-damage|p2b: Skeledirge|7\/100\n|move|p1b: Arcanine|Will-O-Wisp|p2a: Grimmsnarl\n|-status|p2a: Grimmsnarl|brn\n|\n|-heal|p2b: Skeledirge|13\/100|[from] item: Leftovers\n|-damage|p2a: Grimmsnarl|95\/100 brn|[from] brn\n|upkeep\n|turn|3\n|\n|t:|1683064126\n|move|p1b: Arcanine|Protect|p1b: Arcanine\n|-singleturn|p1b: Arcanine|Protect\n|move|p2b: Skeledirge|Protect|p2b: Skeledirge\n|-singleturn|p2b: Skeledirge|Protect\n|move|p2a: Grimmsnarl|Spirit Break|p1a: Flutter Mane\n|-damage|p1a: Flutter Mane|72\/100\n|-unboost|p1a: Flutter Mane|spa|1\n|move|p1a: Flutter Mane|Dazzling Gleam|p2a: Grimmsnarl|[spread] p2a\n|-activate|p2b: Skeledirge|move: Protect\n|-supereffective|p2a: Grimmsnarl\n|-damage|p2a: Grimmsnarl|43\/100 brn\n|\n|-heal|p2b: Skeledirge|18\/100|[from] item: Leftovers\n|-damage|p2a: Grimmsnarl|38\/100 brn|[from] brn\n|upkeep\n|turn|4\n|\n|t:|1683064147\n|switch|p2b: Bronzong|Bronzong, L50|33\/100\n|move|p1b: Arcanine|Extreme Speed|p2a: Grimmsnarl\n|-damage|p2a: Grimmsnarl|13\/100 brn\n|move|p2a: Grimmsnarl|Spirit Break|p1a: Flutter Mane\n|-damage|p1a: Flutter Mane|42\/100\n|-unboost|p1a: Flutter Mane|spa|1\n|move|p1a: Flutter Mane|Dazzling Gleam|p2a: Grimmsnarl|[spread] p2a,p2b\n|-supereffective|p2a: Grimmsnarl\n|-resisted|p2b: Bronzong\n|-damage|p2a: Grimmsnarl|0 fnt\n|-damage|p2b: Bronzong|25\/100\n|faint|p2a: Grimmsnarl\n|\n|upkeep\n|\n|t:|1683064156\n|switch|p2a: Skeledirge|Skeledirge, L50, F|18\/100\n|turn|5\n|\n|t:|1683064172\n|switch|p2b: Torkoal|Torkoal, L50, M|100\/100\n|-weather|SunnyDay|[from] ability: Drought|[of] p2b: Torkoal\n|move|p1b: Arcanine|Flare Blitz|p2b: Torkoal\n|-resisted|p2b: Torkoal\n|-damage|p2b: Torkoal|70\/100\n|-damage|p1b: Arcanine|73\/100|[from] Recoil\n|move|p2a: Skeledirge|Torch Song|p1a: Flutter Mane\n|-damage|p1a: Flutter Mane|0 fnt\n|-boost|p2a: Skeledirge|spa|1\n|faint|p1a: Flutter Mane\n|-end|p1a: Flutter Mane|Protosynthesis|[silent]\n|\n|-weather|SunnyDay|[upkeep]\n|-heal|p2a: Skeledirge|24\/100|[from] item: Leftovers\n|upkeep\n|\n|t:|1683064190\n|switch|p1a: Iron Bundle|Iron Bundle, L50|100\/100\n|turn|6\n|inactive|Sgargog has 30 seconds left.\n|\n|t:|1683064217\n|-terastallize|p2b: Torkoal|Ground\n|move|p2a: Skeledirge|Protect|p2a: Skeledirge\n|-singleturn|p2a: Skeledirge|Protect\n|move|p1a: Iron Bundle|Hydro Pump|p2a: Skeledirge\n|-activate|p2a: Skeledirge|move: Protect\n|move|p1b: Arcanine|Will-O-Wisp|p2b: Torkoal\n|-status|p2b: Torkoal|brn\n|move|p2b: Torkoal|Earth Power|p1b: Arcanine\n|-supereffective|p1b: Arcanine\n|-damage|p1b: Arcanine|2\/100\n|-unboost|p1b: Arcanine|spd|1\n|\n|-weather|SunnyDay|[upkeep]\n|-heal|p2a: Skeledirge|30\/100|[from] item: Leftovers\n|-damage|p2b: Torkoal|65\/100 brn|[from] brn\n|upkeep\n|turn|7\n|inactive|Sgargog has 30 seconds left.\n|\n|t:|1683064245\n|switch|p2a: Bronzong|Bronzong, L50|25\/100\n|move|p1b: Arcanine|Protect|p1b: Arcanine\n|-singleturn|p1b: Arcanine|Protect\n|move|p2b: Torkoal|Protect|p2b: Torkoal\n|-singleturn|p2b: Torkoal|Protect\n|move|p1a: Iron Bundle|Blizzard|p2a: Bronzong|[spread] p2a\n|-activate|p2b: Torkoal|move: Protect\n|-resisted|p2a: Bronzong\n|-damage|p2a: Bronzong|8\/100\n|\n|-weather|SunnyDay|[upkeep]\n|-damage|p2b: Torkoal|59\/100 brn|[from] brn\n|upkeep\n|turn|8\n|\n|t:|1683064264\n|move|p1b: Arcanine|Extreme Speed|p2a: Bronzong\n|-resisted|p2a: Bronzong\n|-damage|p2a: Bronzong|0 fnt\n|faint|p2a: Bronzong\n|move|p1a: Iron Bundle|Blizzard|p2b: Torkoal\n|-supereffective|p2b: Torkoal\n|-damage|p2b: Torkoal|0 fnt\n|faint|p2b: Torkoal\n|\n|-weather|SunnyDay|[upkeep]\n|upkeep\n|\n|t:|1683064270\n|switch|p2b: Skeledirge|Skeledirge, L50, F|30\/100\n|turn|9\n|\n|t:|1683064277\n|move|p1b: Arcanine|Protect|p1b: Arcanine\n|-singleturn|p1b: Arcanine|Protect\n|move|p1a: Iron Bundle|Hydro Pump|p2b: Skeledirge|[miss]\n|-miss|p1a: Iron Bundle|p2b: Skeledirge\n|move|p2b: Skeledirge|Torch Song|p1a: Iron Bundle\n|-damage|p1a: Iron Bundle|0 fnt\n|-boost|p2b: Skeledirge|spa|1\n|faint|p1a: Iron Bundle\n|-end|p1a: Iron Bundle|Quark Drive|[silent]\n|\n|-weather|none\n|-heal|p2b: Skeledirge|36\/100|[from] item: Leftovers\n|upkeep\n|turn|10\n|\n|t:|1683064300\n|move|p2b: Skeledirge|Protect|p2b: Skeledirge\n|-singleturn|p2b: Skeledirge|Protect\n|move|p1b: Arcanine|Flare Blitz|p2b: Skeledirge\n|-activate|p2b: Skeledirge|move: Protect\n|\n|-heal|p2b: Skeledirge|42\/100|[from] item: Leftovers\n|upkeep\n|turn|11\n|\n|t:|1683064305\n|move|p2b: Skeledirge|Protect|p2b: Skeledirge\n|-singleturn|p2b: Skeledirge|Protect\n|move|p1b: Arcanine|Flare Blitz|p2b: Skeledirge\n|-activate|p2b: Skeledirge|move: Protect\n|\n|-heal|p2b: Skeledirge|47\/100|[from] item: Leftovers\n|upkeep\n|turn|12\n|\n|t:|1683064310\n|move|p2b: Skeledirge|Protect||[still]\n|-fail|p2b: Skeledirge\n|move|p1b: Arcanine|Flare Blitz|p2b: Skeledirge\n|-resisted|p2b: Skeledirge\n|-damage|p2b: Skeledirge|24\/100\n|-damage|p1b: Arcanine|0 fnt|[from] Recoil\n|faint|p1b: Arcanine\n|\n|win|GTFDF\n|raw|Sgargog's rating: 1152 → 1130<\/strong> (-22 for losing)\n|raw|GTFDF's rating: 1197 → 1219<\/strong> (+22 for winning)\n","uploadtime":1683064317,"views":6,"p1id":"sgargog","p2id":"gtfdf","formatid":"gen9vgc2023regulationc","rating":1130,"private":0,"password":""}