{"id":"gen9vgc2023regulationc-1846008591","p1":"Emberbloom","p2":"Law9602","format":"[Gen 9] VGC 2023 Regulation C","log":"|j|\u2606Emberbloom\n|j|\u2606Law9602\n|t:|1681790663\n|gametype|doubles\n|player|p1|Emberbloom|flannery|1491\n|player|p2|Law9602|cynthia-gen4|1442\n|teamsize|p1|6\n|teamsize|p2|6\n|gen|9\n|tier|[Gen 9] VGC 2023 Regulation C\n|rated|\n|rule|Species Clause: Limit one of each Pok\u00e9mon\n|rule|Item Clause: Limit one of each item\n|clearpoke\n|poke|p1|Corviknight, L50, M|\n|poke|p1|Tyranitar, L50, M|\n|poke|p1|Garchomp, L50, M|\n|poke|p1|Gyarados, L50, F|\n|poke|p1|Amoonguss, L50, M|\n|poke|p1|Iron Hands, L50|\n|poke|p2|Dondozo, L50, M|\n|poke|p2|Ting-Lu, L50|\n|poke|p2|Dragonite, L50, M|\n|poke|p2|Chien-Pao, L50|\n|poke|p2|Amoonguss, L50, F|\n|poke|p2|Tatsugiri, L50, M|\n|teampreview|4\n|inactive|Battle timer is ON: inactive players will automatically lose when time's up. (requested by Emberbloom)\n|\n|t:|1681790700\n|start\n|switch|p1a: Garchomp|Garchomp, L50, M|100\/100\n|switch|p1b: Tyranitar|Tyranitar, L50, M, shiny|100\/100\n|switch|p2a: Chien-Pao|Chien-Pao, L50|100\/100\n|switch|p2b: Amoonguss|Amoonguss, L50, F|100\/100\n|-ability|p2a: Chien-Pao|Sword of Ruin\n|-weather|Sandstorm|[from] ability: Sand Stream|[of] p1b: Tyranitar\n|turn|1\n|inactive|Emberbloom has 30 seconds left.\n|inactive|Law9602 has 30 seconds left.\n|\n|t:|1681790734\n|-terastallize|p1b: Tyranitar|Flying\n|-terastallize|p2b: Amoonguss|Water\n|move|p2a: Chien-Pao|Ice Spinner|p1a: Garchomp\n|-supereffective|p1a: Garchomp\n|-damage|p1a: Garchomp|0 fnt\n|faint|p1a: Garchomp\n|move|p1b: Tyranitar|Tera Blast|p2b: Amoonguss\n|-damage|p2b: Amoonguss|53\/100\n|move|p2b: Amoonguss|Spore|p1b: Tyranitar\n|-status|p1b: Tyranitar|slp|[from] move: Spore\n|\n|-weather|Sandstorm|[upkeep]\n|-damage|p2a: Chien-Pao|95\/100|[from] Sandstorm\n|-damage|p1b: Tyranitar|95\/100 slp|[from] Sandstorm\n|-damage|p2b: Amoonguss|48\/100|[from] Sandstorm\n|-enditem|p2b: Amoonguss|Sitrus Berry|[eat]\n|-heal|p2b: Amoonguss|72\/100|[from] item: Sitrus Berry\n|upkeep\n|\n|t:|1681790737\n|switch|p1a: Iron Hands|Iron Hands, L50|100\/100\n|turn|2\n|\n|t:|1681790762\n|switch|p1b: Amoonguss|Amoonguss, L50, M|100\/100\n|move|p2a: Chien-Pao|Ice Spinner|p1b: Amoonguss\n|-supereffective|p1b: Amoonguss\n|-damage|p1b: Amoonguss|18\/100\n|-damage|p2a: Chien-Pao|79\/100|[from] item: Rocky Helmet|[of] p1b: Amoonguss\n|move|p1a: Iron Hands|Wild Charge|p2b: Amoonguss\n|-supereffective|p2b: Amoonguss\n|-damage|p2b: Amoonguss|0 fnt\n|faint|p2b: Amoonguss\n|-damage|p1a: Iron Hands|84\/100|[from] Recoil\n|\n|-weather|Sandstorm|[upkeep]\n|-damage|p2a: Chien-Pao|73\/100|[from] Sandstorm\n|-damage|p1a: Iron Hands|78\/100|[from] Sandstorm\n|-damage|p1b: Amoonguss|12\/100|[from] Sandstorm\n|upkeep\n|\n|t:|1681790778\n|switch|p2b: Dragonite|Dragonite, L50, M|100\/100\n|turn|3\n|\n|t:|1681790797\n|switch|p1b: Tyranitar|Tyranitar, L50, M, shiny, tera:Flying|95\/100 slp\n|move|p2a: Chien-Pao|Ice Spinner|p1a: Iron Hands\n|-damage|p1a: Iron Hands|42\/100\n|move|p2b: Dragonite|Outrage|p1a: Iron Hands\n|-damage|p1a: Iron Hands|0 fnt\n|faint|p1a: Iron Hands\n|-end|p1a: Iron Hands|Quark Drive|[silent]\n|\n|-weather|Sandstorm|[upkeep]\n|-damage|p2a: Chien-Pao|67\/100|[from] Sandstorm\n|-damage|p2b: Dragonite|95\/100|[from] Sandstorm\n|-damage|p1b: Tyranitar|89\/100 slp|[from] Sandstorm\n|upkeep\n|\n|t:|1681790800\n|switch|p1a: Amoonguss|Amoonguss, L50, M|46\/100\n|turn|4\n|\n|t:|1681790816\n|cant|p1b: Tyranitar|slp\n|move|p2a: Chien-Pao|Ice Spinner|p1b: Tyranitar\n|-supereffective|p1b: Tyranitar\n|-damage|p1b: Tyranitar|15\/100 slp\n|-enditem|p1b: Tyranitar|Weakness Policy\n|-boost|p1b: Tyranitar|atk|2|[from] item: Weakness Policy\n|-boost|p1b: Tyranitar|spa|2|[from] item: Weakness Policy\n|move|p2b: Dragonite|Outrage|p1a: Amoonguss|[from]lockedmove\n|-damage|p1a: Amoonguss|0 fnt\n|-damage|p2b: Dragonite|78\/100|[from] item: Rocky Helmet|[of] p1a: Amoonguss\n|faint|p1a: Amoonguss\n|-start|p2b: Dragonite|confusion|[fatigue]\n|\n|-weather|Sandstorm|[upkeep]\n|-damage|p2a: Chien-Pao|61\/100|[from] Sandstorm\n|-damage|p2b: Dragonite|72\/100|[from] Sandstorm\n|-damage|p1b: Tyranitar|9\/100 slp|[from] Sandstorm\n|upkeep\n|turn|5\n|\n|t:|1681790834\n|switch|p2b: Dondozo|Dondozo, L50, M|100\/100\n|move|p2a: Chien-Pao|Protect|p2a: Chien-Pao\n|-singleturn|p2a: Chien-Pao|Protect\n|cant|p1b: Tyranitar|slp\n|\n|-weather|none\n|upkeep\n|turn|6\n|\n|t:|1681790846\n|move|p2a: Chien-Pao|Sucker Punch|p1b: Tyranitar\n|-damage|p1b: Tyranitar|0 fnt\n|faint|p1b: Tyranitar\n|\n|win|Law9602\n|raw|Emberbloom's rating: 1491 → 1468<\/strong> (-23 for losing)\n|raw|Law9602's rating: 1442 → 1465<\/strong> (+23 for winning)\n","uploadtime":1681790853,"views":8,"p1id":"emberbloom","p2id":"law9602","formatid":"gen9vgc2023regulationc","rating":1465,"private":0,"password":""}