{"id":"gen9vgc2023regulationc-1857549672","p1":"nik993","p2":"Beru98","format":"[Gen 9] VGC 2023 Regulation C","log":"|j|\u2606nik993\n|j|\u2606Beru98\n|t:|1683207303\n|gametype|doubles\n|player|p1|nik993|265|1508\n|player|p2|Beru98|2|1492\n|teamsize|p1|6\n|teamsize|p2|6\n|gen|9\n|tier|[Gen 9] VGC 2023 Regulation C\n|rated|\n|rule|Species Clause: Limit one of each Pok\u00e9mon\n|rule|Item Clause: Limit one of each item\n|clearpoke\n|poke|p1|Palafin, L50, M|\n|poke|p1|Iron Hands, L50|\n|poke|p1|Amoonguss, L50, F|\n|poke|p1|Arcanine, L50, M|\n|poke|p1|Chien-Pao, L50|\n|poke|p1|Dragonite, L50, M|\n|poke|p2|Murkrow, L50, M|\n|poke|p2|Gholdengo, L50|\n|poke|p2|Chi-Yu, L50|\n|poke|p2|Brute Bonnet, L50|\n|poke|p2|Great Tusk, L50|\n|poke|p2|Iron Bundle, L50|\n|teampreview|4\n|inactive|Battle timer is ON: inactive players will automatically lose when time's up. (requested by Beru98)\n|inactive|nik993 has 60 seconds left.\n|inactive|Beru98 has 60 seconds left.\n|\n|t:|1683207355\n|start\n|switch|p1a: Palafin|Palafin, L50, M|100\/100\n|switch|p1b: Iron Hands|Iron Hands, L50|100\/100\n|switch|p2a: Chi-Yu|Chi-Yu, L50|100\/100\n|switch|p2b: Iron Bundle|Iron Bundle, L50|100\/100\n|-ability|p2a: Chi-Yu|Beads of Ruin\n|-enditem|p2b: Iron Bundle|Booster Energy\n|-activate|p2b: Iron Bundle|ability: Quark Drive|[fromitem]\n|-start|p2b: Iron Bundle|quarkdrivespe\n|turn|1\n|inactive|nik993 has 30 seconds left.\n|inactive|Beru98 has 30 seconds left.\n|\n|t:|1683207384\n|switch|p2a: Gholdengo|Gholdengo, L50|100\/100\n|detailschange|p1a: Palafin|Palafin-Hero, L50, M\n|switch|p1a: Arcanine|Arcanine, L50, M|100\/100\n|-ability|p1a: Arcanine|Intimidate|boost\n|-unboost|p2a: Gholdengo|atk|1\n|-unboost|p2b: Iron Bundle|atk|1\n|move|p2b: Iron Bundle|Protect|p2b: Iron Bundle\n|-singleturn|p2b: Iron Bundle|Protect\n|move|p1b: Iron Hands|Drain Punch|p2a: Gholdengo\n|-immune|p2a: Gholdengo\n|\n|upkeep\n|turn|2\n|inactive|nik993 has 30 seconds left.\n|inactive|Beru98 has 30 seconds left.\n|inactive|nik993 has 20 seconds left.\n|inactive|Beru98 has 20 seconds left.\n|inactive|Beru98 has 15 seconds left.\n|inactive|Beru98 has 10 seconds left.\n|\n|t:|1683207433\n|-terastallize|p2b: Iron Bundle|Ghost\n|move|p2b: Iron Bundle|Hydro Pump|p1b: Iron Hands\n|-damage|p1b: Iron Hands|76\/100\n|move|p1a: Arcanine|Howl|p1a: Arcanine|[spread] p1a,p1b\n|-boost|p1a: Arcanine|atk|1\n|-boost|p1b: Iron Hands|atk|1\n|move|p2a: Gholdengo|Shadow Ball|p1b: Iron Hands\n|-damage|p1b: Iron Hands|38\/100\n|move|p1b: Iron Hands|Drain Punch|p2b: Iron Bundle\n|-immune|p2b: Iron Bundle\n|\n|upkeep\n|turn|3\n|inactive|nik993 has 30 seconds left.\n|\n|t:|1683207464\n|move|p2b: Iron Bundle|Hydro Pump|p1a: Arcanine\n|-supereffective|p1a: Arcanine\n|-damage|p1a: Arcanine|17\/100\n|move|p1a: Arcanine|Flare Blitz|p2a: Gholdengo\n|-supereffective|p2a: Gholdengo\n|-damage|p2a: Gholdengo|0 fnt\n|faint|p2a: Gholdengo\n|-damage|p1a: Arcanine|0 fnt|[from] Recoil\n|faint|p1a: Arcanine\n|move|p1b: Iron Hands|Wild Charge|p2b: Iron Bundle\n|-damage|p2b: Iron Bundle|14\/100\n|-damage|p1b: Iron Hands|26\/100|[from] Recoil\n|\n|upkeep\n|inactive|Beru98 has 30 seconds left.\n|\n|t:|1683207489\n|switch|p1a: Palafin|Palafin-Hero, L50, M|100\/100\n|switch|p2a: Chi-Yu|Chi-Yu, L50|100\/100\n|-ability|p2a: Chi-Yu|Beads of Ruin\n|-activate|p1a: Palafin|ability: Zero to Hero\n|turn|4\n|\n|t:|1683207509\n|-end|p2b: Iron Bundle|Quark Drive|[silent]\n|switch|p2b: Brute Bonnet|Brute Bonnet, L50|100\/100\n|move|p2a: Chi-Yu|Protect|p2a: Chi-Yu\n|-singleturn|p2a: Chi-Yu|Protect\n|move|p1a: Palafin|Jet Punch|p2a: Chi-Yu\n|-activate|p2a: Chi-Yu|move: Protect\n|move|p1b: Iron Hands|Wild Charge|p2b: Brute Bonnet\n|-resisted|p2b: Brute Bonnet\n|-damage|p2b: Brute Bonnet|70\/100\n|-damage|p1b: Iron Hands|20\/100|[from] Recoil\n|\n|upkeep\n|turn|5\n|inactive|Beru98 has 30 seconds left.\n|inactive|nik993 has 30 seconds left.\n|\n|t:|1683207550\n|-terastallize|p1a: Palafin|Grass\n|move|p1a: Palafin|Jet Punch|p2a: Chi-Yu\n|-supereffective|p2a: Chi-Yu\n|-damage|p2a: Chi-Yu|0 fnt\n|faint|p2a: Chi-Yu\n|move|p2b: Brute Bonnet|Spore|p1a: Palafin\n|-immune|p1a: Palafin\n|move|p1b: Iron Hands|Drain Punch|p2b: Brute Bonnet\n|-supereffective|p2b: Brute Bonnet\n|-damage|p2b: Brute Bonnet|0 fnt\n|-heal|p1b: Iron Hands|48\/100|[from] drain|[of] p2b: Brute Bonnet\n|faint|p2b: Brute Bonnet\n|-end|p2b: Brute Bonnet|Protosynthesis|[silent]\n|\n|upkeep\n|\n|t:|1683207556\n|switch|p2b: Iron Bundle|Iron Bundle, L50, tera:Ghost|14\/100\n|turn|6\n|-message|Beru98 forfeited.\n|\n|win|nik993\n|raw|nik993's rating: 1508 → 1527<\/strong> (+19 for winning)\n|raw|Beru98's rating: 1492 → 1473<\/strong> (-19 for losing)\n|l|\u2606Beru98\n","uploadtime":1683207565,"views":20,"p1id":"nik993","p2id":"beru98","formatid":"gen9vgc2023regulationc","rating":1473,"private":0,"password":""}