{"id":"gen9vgc2023regulationc-1847842726","p1":"speedyntjolteon","p2":"Chaddy777","format":"[Gen 9] VGC 2023 Regulation C","log":"|j|\u2606speedyntjolteon\n|j|\u2606Chaddy777\n|t:|1682006475\n|gametype|doubles\n|player|p1|speedyntjolteon|steven|1266\n|player|p2|Chaddy777|acetrainer-gen4dp|1218\n|teamsize|p1|6\n|teamsize|p2|6\n|gen|9\n|tier|[Gen 9] VGC 2023 Regulation C\n|rated|\n|rule|Species Clause: Limit one of each Pok\u00e9mon\n|rule|Item Clause: Limit one of each item\n|clearpoke\n|poke|p1|Scream Tail, L50|\n|poke|p1|Flutter Mane, L50|\n|poke|p1|Gothitelle, L50, F|\n|poke|p1|Palafin, L50, M|\n|poke|p1|Arcanine, L50, M|\n|poke|p1|Ting-Lu, L50|\n|poke|p2|Skuntank, L50, F|\n|poke|p2|Oinkologne, L50, M|\n|poke|p2|Blissey, L50, F|\n|poke|p2|Chi-Yu, L50|\n|poke|p2|Murkrow, L50, M|\n|poke|p2|Gardevoir, L50, F|\n|teampreview|4\n|\n|t:|1682006505\n|start\n|switch|p1a: Palafin|Palafin, L50, M|100\/100\n|switch|p1b: Ting-Lu|Ting-Lu, L50|100\/100\n|switch|p2a: Gardevoir|Gardevoir, L50, F|100\/100\n|switch|p2b: Murkrow|Murkrow, L50, M|100\/100\n|-ability|p1b: Ting-Lu|Vessel of Ruin\n|turn|1\n|inactive|Battle timer is ON: inactive players will automatically lose when time's up. (requested by Chaddy777)\n|\n|t:|1682006536\n|move|p2b: Murkrow|Thunder Wave|p1a: Palafin\n|-status|p1a: Palafin|par\n|move|p2a: Gardevoir|Dazzling Gleam|p1a: Palafin|[spread] p1a,p1b\n|-supereffective|p1b: Ting-Lu\n|-damage|p1a: Palafin|65\/100 par\n|-damage|p1b: Ting-Lu|63\/100\n|move|p1a: Palafin|Wave Crash|p2a: Gardevoir\n|-damage|p2a: Gardevoir|9\/100\n|-damage|p1a: Palafin|41\/100 par|[from] Recoil\n|move|p1b: Ting-Lu|Ruination|p2b: Murkrow\n|-damage|p2b: Murkrow|51\/100\n|\n|-heal|p1b: Ting-Lu|69\/100|[from] item: Leftovers\n|upkeep\n|turn|2\n|\n|t:|1682006558\n|move|p2b: Murkrow|Tailwind|p2b: Murkrow\n|-sidestart|p2: Chaddy777|move: Tailwind\n|move|p1a: Palafin|Jet Punch|p2b: Murkrow\n|-damage|p2b: Murkrow|27\/100\n|move|p2a: Gardevoir|Dazzling Gleam|p1a: Palafin|[spread] p1a,p1b\n|-supereffective|p1b: Ting-Lu\n|-damage|p1a: Palafin|0 fnt\n|-damage|p1b: Ting-Lu|29\/100\n|faint|p1a: Palafin\n|move|p1b: Ting-Lu|Stomping Tantrum|p2a: Gardevoir\n|-damage|p2a: Gardevoir|0 fnt\n|faint|p2a: Gardevoir\n|\n|-heal|p1b: Ting-Lu|35\/100|[from] item: Leftovers\n|upkeep\n|\n|t:|1682006574\n|switch|p1a: Scream Tail|Scream Tail, L50|100\/100\n|switch|p2a: Chi-Yu|Chi-Yu, L50|100\/100\n|-ability|p2a: Chi-Yu|Beads of Ruin\n|-enditem|p1a: Scream Tail|Booster Energy\n|-activate|p1a: Scream Tail|ability: Protosynthesis|[fromitem]\n|-start|p1a: Scream Tail|protosynthesisspe\n|turn|3\n|\n|t:|1682006587\n|-terastallize|p2a: Chi-Yu|Grass\n|-terastallize|p1a: Scream Tail|Water\n|move|p1b: Ting-Lu|Protect|p1b: Ting-Lu\n|-singleturn|p1b: Ting-Lu|Protect\n|move|p2b: Murkrow|Thunder Wave|p1a: Scream Tail\n|-status|p1a: Scream Tail|par\n|move|p2a: Chi-Yu|Heat Wave|p1b: Ting-Lu|[spread] p1a\n|-activate|p1b: Ting-Lu|move: Protect\n|-resisted|p1a: Scream Tail\n|-damage|p1a: Scream Tail|88\/100 par\n|cant|p1a: Scream Tail|par\n|\n|-heal|p1b: Ting-Lu|41\/100|[from] item: Leftovers\n|upkeep\n|turn|4\n|\n|t:|1682006611\n|switch|p1b: Gothitelle|Gothitelle, L50, F|100\/100\n|move|p2b: Murkrow|Feather Dance|p1a: Scream Tail\n|-unboost|p1a: Scream Tail|atk|2\n|move|p2a: Chi-Yu|Heat Wave|p1a: Scream Tail|[spread] p1b\n|-miss|p2a: Chi-Yu|p1a: Scream Tail\n|-damage|p1b: Gothitelle|68\/100\n|cant|p1a: Scream Tail|par\n|\n|upkeep\n|turn|5\n|inactive|Chaddy777 has 30 seconds left.\n|\n|t:|1682006638\n|move|p1b: Gothitelle|Fake Out|p2a: Chi-Yu\n|-damage|p2a: Chi-Yu|90\/100\n|cant|p2a: Chi-Yu|flinch\n|move|p2b: Murkrow|Foul Play|p1b: Gothitelle\n|-supereffective|p1b: Gothitelle\n|-damage|p1b: Gothitelle|24\/100\n|-enditem|p1b: Gothitelle|Sitrus Berry|[eat]\n|-heal|p1b: Gothitelle|49\/100|[from] item: Sitrus Berry\n|move|p1a: Scream Tail|Perish Song|p1a: Scream Tail\n|-start|p1a: Scream Tail|perish3|[silent]\n|-start|p1b: Gothitelle|perish3|[silent]\n|-start|p2a: Chi-Yu|perish3|[silent]\n|-start|p2b: Murkrow|perish3|[silent]\n|-fieldactivate|move: Perish Song\n|\n|-start|p2a: Chi-Yu|perish3\n|-start|p2b: Murkrow|perish3\n|-start|p1a: Scream Tail|perish3\n|-start|p1b: Gothitelle|perish3\n|-sideend|p2: Chaddy777|move: Tailwind\n|upkeep\n|turn|6\n|inactive|Chaddy777 has 30 seconds left.\n|\n|t:|1682006666\n|move|p1a: Scream Tail|Protect|p1a: Scream Tail\n|-singleturn|p1a: Scream Tail|Protect\n|move|p1b: Gothitelle|Protect|p1b: Gothitelle\n|-singleturn|p1b: Gothitelle|Protect\n|move|p2a: Chi-Yu|Dark Pulse|p1a: Scream Tail\n|-activate|p1a: Scream Tail|move: Protect\n|move|p2b: Murkrow|Foul Play|p1b: Gothitelle\n|-activate|p1b: Gothitelle|move: Protect\n|\n|-start|p2a: Chi-Yu|perish2\n|-start|p1a: Scream Tail|perish2\n|-start|p2b: Murkrow|perish2\n|-start|p1b: Gothitelle|perish2\n|upkeep\n|turn|7\n|\n|t:|1682006686\n|-end|p1a: Scream Tail|Protosynthesis|[silent]\n|switch|p1a: Ting-Lu|Ting-Lu, L50|41\/100\n|-ability|p1a: Ting-Lu|Vessel of Ruin\n|move|p1b: Gothitelle|Protect||[still]\n|-fail|p1b: Gothitelle\n|move|p2a: Chi-Yu|Dark Pulse|p1b: Gothitelle\n|-supereffective|p1b: Gothitelle\n|-damage|p1b: Gothitelle|0 fnt\n|faint|p1b: Gothitelle\n|move|p2b: Murkrow|Foul Play|p1a: Ting-Lu\n|-resisted|p1a: Ting-Lu\n|-damage|p1a: Ting-Lu|31\/100\n|\n|-heal|p1a: Ting-Lu|37\/100|[from] item: Leftovers\n|-start|p2a: Chi-Yu|perish1\n|-start|p2b: Murkrow|perish1\n|upkeep\n|\n|t:|1682006697\n|switch|p1b: Scream Tail|Scream Tail, L50, tera:Water|88\/100 par\n|turn|8\n|\n|t:|1682006713\n|switch|p2a: Blissey|Blissey, L50, F|100\/100\n|move|p2b: Murkrow|Feather Dance|p1b: Scream Tail\n|-unboost|p1b: Scream Tail|atk|2\n|cant|p1b: Scream Tail|par\n|move|p1a: Ting-Lu|Fissure|p2a: Blissey\n|-damage|p2a: Blissey|0 fnt\n|faint|p2a: Blissey\n|-ohko\n|\n|-heal|p1a: Ting-Lu|44\/100|[from] item: Leftovers\n|-start|p2b: Murkrow|perish0\n|upkeep\n|faint|p2b: Murkrow\n|\n|t:|1682006730\n|switch|p2b: Chi-Yu|Chi-Yu, L50, tera:Grass|90\/100\n|-ability|p2b: Chi-Yu|Beads of Ruin\n|turn|9\n|\n|t:|1682006744\n|move|p2b: Chi-Yu|Heat Wave|p1b: Scream Tail|[spread] p1a,p1b\n|-resisted|p1b: Scream Tail\n|-damage|p1a: Ting-Lu|16\/100\n|-damage|p1b: Scream Tail|77\/100 par\n|cant|p1b: Scream Tail|par\n|move|p1a: Ting-Lu|Fissure|p2b: Chi-Yu\n|-damage|p2b: Chi-Yu|0 fnt\n|faint|p2b: Chi-Yu\n|-ohko\n|\n|win|speedyntjolteon\n|raw|speedyntjolteon's rating: 1266 → 1288<\/strong> (+22 for winning)\n|raw|Chaddy777's rating: 1218 → 1196<\/strong> (-22 for losing)\n|c|\u2606speedyntjolteon|gg\n|l|\u2606Chaddy777\n","uploadtime":1682006761,"views":8,"p1id":"speedyntjolteon","p2id":"chaddy777","formatid":"gen9vgc2023regulationc","rating":1196,"private":0,"password":""}