{"id":"gen9vgc2023regulationc-1853074035","p1":"Ricardo Randorez","p2":"pihoguifyl","format":"[Gen 9] VGC 2023 Regulation C","log":"|j|\u2606Ricardo Randorez\n|j|\u2606pihoguifyl\n|t:|1682632065\n|gametype|doubles\n|player|p1|Ricardo Randorez|1|1093\n|player|p2|pihoguifyl|swimmer|1000\n|teamsize|p1|6\n|teamsize|p2|6\n|gen|9\n|tier|[Gen 9] VGC 2023 Regulation C\n|rated|\n|rule|Species Clause: Limit one of each Pok\u00e9mon\n|rule|Item Clause: Limit one of each item\n|clearpoke\n|poke|p1|Pachirisu, L50, F|\n|poke|p1|Gholdengo, L50|\n|poke|p1|Azumarill, L50, M|\n|poke|p1|Chien-Pao, L50|\n|poke|p1|Dragonite, L50, F|\n|poke|p1|Brute Bonnet, L50|\n|poke|p2|Ting-Lu, L50|\n|poke|p2|Gothitelle, L50, M|\n|poke|p2|Mimikyu, L50, F|\n|poke|p2|Kingambit, L50, F|\n|poke|p2|Iron Hands, L50|\n|poke|p2|Arboliva, L50, M|\n|teampreview|4\n|inactive|Battle timer is ON: inactive players will automatically lose when time's up. (requested by Ricardo Randorez)\n|l|\u2606Ricardo Randorez\n|inactive|Ricardo Randorez disconnected and has a minute to reconnect!\n|player|p1|\n|j|\u2606Ricardo Randorez\n|inactive|Ricardo Randorez reconnected.\n|player|p1|Ricardo Randorez|1\n|\n|t:|1682632120\n|start\n|switch|p1a: Brute Bonnet|Brute Bonnet, L50|100\/100\n|switch|p1b: Gholdengo|Gholdengo, L50|100\/100\n|switch|p2a: Gothitelle|Gothitelle, L50, M|100\/100\n|switch|p2b: Kingambit|Kingambit, L50, F|100\/100\n|turn|1\n|inactive|Ricardo Randorez has 30 seconds left.\n|\n|t:|1682632147\n|-terastallize|p1b: Gholdengo|Water\n|move|p2a: Gothitelle|Fake Out|p1a: Brute Bonnet\n|-damage|p1a: Brute Bonnet|95\/100\n|move|p1b: Gholdengo|Nasty Plot|p1b: Gholdengo\n|-boost|p1b: Gholdengo|spa|2\n|cant|p1a: Brute Bonnet|flinch\n|move|p2b: Kingambit|Kowtow Cleave|p1b: Gholdengo\n|-damage|p1b: Gholdengo|42\/100\n|-damage|p2b: Kingambit|91\/100|[from] item: Life Orb\n|\n|-heal|p1b: Gholdengo|49\/100|[from] item: Leftovers\n|upkeep\n|turn|2\n|\n|t:|1682632169\n|move|p2b: Kingambit|Sucker Punch|p1b: Gholdengo\n|-damage|p1b: Gholdengo|0 fnt\n|faint|p1b: Gholdengo\n|-damage|p2b: Kingambit|81\/100|[from] item: Life Orb\n|move|p1a: Brute Bonnet|Spore|p2b: Kingambit\n|-status|p2b: Kingambit|slp|[from] move: Spore\n|move|p2a: Gothitelle|Psychic|p1a: Brute Bonnet\n|-immune|p1a: Brute Bonnet\n|\n|upkeep\n|\n|t:|1682632183\n|switch|p1b: Dragonite|Dragonite, L50, F|100\/100\n|turn|3\n|\n|t:|1682632196\n|cant|p2b: Kingambit|slp\n|move|p1b: Dragonite|Low Kick|p2b: Kingambit\n|-supereffective|p2b: Kingambit\n|-damage|p2b: Kingambit|0 fnt\n|faint|p2b: Kingambit\n|-damage|p1b: Dragonite|91\/100|[from] item: Life Orb\n|move|p1a: Brute Bonnet|Spore|p2a: Gothitelle\n|-status|p2a: Gothitelle|slp|[from] move: Spore\n|cant|p2a: Gothitelle|slp\n|\n|upkeep\n|\n|t:|1682632204\n|switch|p2b: Ting-Lu|Ting-Lu, L50|100\/100\n|-ability|p2b: Ting-Lu|Vessel of Ruin\n|turn|4\n|\n|t:|1682632226\n|move|p1b: Dragonite|Extreme Speed|p2a: Gothitelle\n|-damage|p2a: Gothitelle|62\/100 slp\n|-damage|p1b: Dragonite|81\/100|[from] item: Life Orb\n|move|p1a: Brute Bonnet|Spore|p2b: Ting-Lu\n|-status|p2b: Ting-Lu|slp|[from] move: Spore\n|cant|p2b: Ting-Lu|slp\n|cant|p2a: Gothitelle|slp\n|\n|-heal|p2a: Gothitelle|68\/100 slp|[from] item: Leftovers\n|upkeep\n|turn|5\n|-message|pihoguifyl forfeited.\n|\n|win|Ricardo Randorez\n|raw|Ricardo Randorez's rating: 1093 → 1112<\/strong> (+19 for winning)\n|raw|pihoguifyl's rating: 1000 → 1000<\/strong> (+0 for losing)\n|l|\u2606pihoguifyl\n","uploadtime":1682632242,"views":13,"p1id":"ricardorandorez","p2id":"pihoguifyl","formatid":"gen9vgc2023regulationc","rating":1000,"private":0,"password":""}