{"id":"gen9vgc2023regulationc-1858077174","p1":"JavierTheFox","p2":"MadMax0229","format":"[Gen 9] VGC 2023 Regulation C","log":"|j|\u2606JavierTheFox\n|j|\u2606MadMax0229\n|t:|1683271708\n|gametype|doubles\n|player|p1|JavierTheFox|266|1155\n|player|p2|MadMax0229|pokemaniac|1232\n|teamsize|p1|6\n|teamsize|p2|6\n|gen|9\n|tier|[Gen 9] VGC 2023 Regulation C\n|rated|\n|rule|Species Clause: Limit one of each Pok\u00e9mon\n|rule|Item Clause: Limit one of each item\n|clearpoke\n|poke|p1|Glimmora, L50, M|\n|poke|p1|Tyranitar, L50, F|\n|poke|p1|Lycanroc, L50, F|\n|poke|p1|Palafin, L50, M|\n|poke|p1|Wo-Chien, L50|\n|poke|p1|Dragapult, L50, F|\n|poke|p2|Iron Bundle, L50|\n|poke|p2|Flutter Mane, L50|\n|poke|p2|Dragonite, L50, M|\n|poke|p2|Ting-Lu, L50|\n|poke|p2|Arcanine, L50, F|\n|poke|p2|Amoonguss, L50, M|\n|teampreview|4\nJavierTheFox has agreed to open team sheets.\n|\n|t:|1683271726\n|start\n|switch|p1a: Glimmora|Glimmora, L50, M|100\/100\n|switch|p1b: Palafin|Palafin, L50, M|100\/100\n|switch|p2a: Arcanine|Arcanine, L50, F|100\/100\n|switch|p2b: Ting-Lu|Ting-Lu, L50|100\/100\n|-ability|p2a: Arcanine|Intimidate|boost\n|-unboost|p1a: Glimmora|atk|1\n|-unboost|p1b: Palafin|atk|1\n|-ability|p2b: Ting-Lu|Vessel of Ruin\n|turn|1\n|inactive|Battle timer is ON: inactive players will automatically lose when time's up. (requested by MadMax0229)\n|\n|t:|1683271746\n|-terastallize|p2b: Ting-Lu|Poison\n|move|p1b: Palafin|Flip Turn|p1a: Glimmora\n|-supereffective|p1a: Glimmora\n|-enditem|p1a: Glimmora|Passho Berry|[eat]\n|-enditem|p1a: Glimmora|Passho Berry|[weaken]\n|-damage|p1a: Glimmora|84\/100\n|-activate|p1a: Glimmora|ability: Toxic Debris\n|-sidestart|p2: MadMax0229|move: Toxic Spikes\n|\n|t:|1683271757\n|detailschange|p1b: Palafin|Palafin-Hero, L50, M\n|switch|p1b: Tyranitar|Tyranitar, L50, F|100\/100|[from] Flip Turn\n|-weather|Sandstorm|[from] ability: Sand Stream|[of] p1b: Tyranitar\n|move|p2a: Arcanine|Will-O-Wisp|p1b: Tyranitar|[miss]\n|-miss|p2a: Arcanine|p1b: Tyranitar\n|move|p1a: Glimmora|Mortal Spin|p2a: Arcanine|[spread] p2a,p2b\n|-resisted|p2b: Ting-Lu\n|-damage|p2a: Arcanine|97\/100\n|-damage|p2b: Ting-Lu|99\/100\n|-status|p2a: Arcanine|psn\n|move|p2b: Ting-Lu|Stomping Tantrum|p1a: Glimmora\n|-supereffective|p1a: Glimmora\n|-damage|p1a: Glimmora|0 fnt\n|-activate|p1a: Glimmora|ability: Toxic Debris\n|-sidestart|p2: MadMax0229|move: Toxic Spikes\n|faint|p1a: Glimmora\n|\n|-weather|Sandstorm|[upkeep]\n|-damage|p2b: Ting-Lu|94\/100|[from] Sandstorm\n|-heal|p2b: Ting-Lu|99\/100|[from] item: Leftovers\n|-damage|p2a: Arcanine|85\/100 psn|[from] psn\n|upkeep\n|\n|t:|1683271761\n|switch|p1a: Lycanroc|Lycanroc, L50, F|100\/100\n|turn|2\n|\n|t:|1683271780\n|switch|p2a: Amoonguss|Amoonguss, L50, M|100\/100\n|-sideend|p2: MadMax0229|move: Toxic Spikes|[of] p2a: Amoonguss\n|-terastallize|p1a: Lycanroc|Rock\n|move|p1a: Lycanroc|Rock Slide|p2a: Amoonguss|[spread] p2a,p2b\n|-damage|p2a: Amoonguss|69\/100\n|-damage|p2b: Ting-Lu|78\/100\n|move|p1b: Tyranitar|Rock Slide|p2a: Amoonguss|[spread] p2a,p2b\n|-damage|p2a: Amoonguss|44\/100\n|-damage|p2b: Ting-Lu|62\/100\n|-enditem|p2a: Amoonguss|Sitrus Berry|[eat]\n|-heal|p2a: Amoonguss|69\/100|[from] item: Sitrus Berry\n|cant|p2b: Ting-Lu|flinch\n|\n|-weather|Sandstorm|[upkeep]\n|-damage|p2b: Ting-Lu|56\/100|[from] Sandstorm\n|-damage|p2a: Amoonguss|63\/100|[from] Sandstorm\n|-heal|p2b: Ting-Lu|62\/100|[from] item: Leftovers\n|upkeep\n|turn|3\n|\n|t:|1683271800\n|move|p2b: Ting-Lu|Protect|p2b: Ting-Lu\n|-singleturn|p2b: Ting-Lu|Protect\n|move|p2a: Amoonguss|Protect|p2a: Amoonguss\n|-singleturn|p2a: Amoonguss|Protect\n|move|p1a: Lycanroc|Rock Slide|p2b: Ting-Lu|[spread] \n|-activate|p2a: Amoonguss|move: Protect\n|-activate|p2b: Ting-Lu|move: Protect\n|move|p1b: Tyranitar|Rock Slide|p2a: Amoonguss|[spread] \n|-activate|p2a: Amoonguss|move: Protect\n|-activate|p2b: Ting-Lu|move: Protect\n|\n|-weather|Sandstorm|[upkeep]\n|-damage|p2b: Ting-Lu|56\/100|[from] Sandstorm\n|-damage|p2a: Amoonguss|57\/100|[from] Sandstorm\n|-heal|p2b: Ting-Lu|62\/100|[from] item: Leftovers\n|upkeep\n|turn|4\n|\n|t:|1683271811\n|move|p1a: Lycanroc|Rock Slide|p2a: Amoonguss|[spread] p2a\n|-miss|p1a: Lycanroc|p2b: Ting-Lu\n|-damage|p2a: Amoonguss|27\/100\n|move|p1b: Tyranitar|Rock Slide|p2b: Ting-Lu|[spread] p2a,p2b\n|-damage|p2a: Amoonguss|4\/100\n|-damage|p2b: Ting-Lu|43\/100\n|move|p2b: Ting-Lu|Heavy Slam|p1a: Lycanroc\n|-supereffective|p1a: Lycanroc\n|-enditem|p1a: Lycanroc|Focus Sash\n|-damage|p1a: Lycanroc|1\/100\n|cant|p2a: Amoonguss|flinch\n|\n|-weather|Sandstorm|[upkeep]\n|-damage|p2b: Ting-Lu|37\/100|[from] Sandstorm\n|-damage|p2a: Amoonguss|0 fnt|[from] Sandstorm\n|faint|p2a: Amoonguss\n|-heal|p2b: Ting-Lu|43\/100|[from] item: Leftovers\n|upkeep\n|\n|t:|1683271824\n|switch|p2a: Arcanine|Arcanine, L50, F|85\/100 psn\n|-ability|p2a: Arcanine|Intimidate|boost\n|-unboost|p1a: Lycanroc|atk|1\n|-unboost|p1b: Tyranitar|atk|1\n|turn|5\n|\n|t:|1683271836\n|move|p1a: Lycanroc|Protect|p1a: Lycanroc\n|-singleturn|p1a: Lycanroc|Protect\n|move|p2a: Arcanine|Protect|p2a: Arcanine\n|-singleturn|p2a: Arcanine|Protect\n|move|p1b: Tyranitar|Rock Slide|p2b: Ting-Lu|[spread] p2b\n|-activate|p2a: Arcanine|move: Protect\n|-damage|p2b: Ting-Lu|30\/100\n|move|p2b: Ting-Lu|Stomping Tantrum|p1b: Tyranitar\n|-supereffective|p1b: Tyranitar\n|-damage|p1b: Tyranitar|44\/100\n|\n|-weather|none\n|-heal|p2b: Ting-Lu|36\/100|[from] item: Leftovers\n|-damage|p2a: Arcanine|73\/100 psn|[from] psn\n|upkeep\n|turn|6\n|inactive|MadMax0229 has 30 seconds left.\n|\n|t:|1683271861\n|move|p2a: Arcanine|Extreme Speed|p1a: Lycanroc\n|-resisted|p1a: Lycanroc\n|-damage|p1a: Lycanroc|0 fnt\n|faint|p1a: Lycanroc\n|move|p1b: Tyranitar|Rock Slide|p2b: Ting-Lu|[spread] p2a,p2b\n|-supereffective|p2a: Arcanine\n|-crit|p2b: Ting-Lu\n|-damage|p2a: Arcanine|26\/100 psn\n|-damage|p2b: Ting-Lu|11\/100\n|move|p2b: Ting-Lu|Heavy Slam|p1b: Tyranitar\n|-supereffective|p1b: Tyranitar\n|-damage|p1b: Tyranitar|10\/100\n|-enditem|p1b: Tyranitar|Aguav Berry|[eat]\n|-heal|p1b: Tyranitar|43\/100|[from] item: Aguav Berry\n|\n|-heal|p2b: Ting-Lu|17\/100|[from] item: Leftovers\n|-damage|p2a: Arcanine|14\/100 psn|[from] psn\n|upkeep\n|\n|t:|1683271873\n|switch|p1a: Palafin|Palafin-Hero, L50, M|100\/100\n|-activate|p1a: Palafin|ability: Zero to Hero\n|turn|7\n|\n|t:|1683271886\n|move|p2a: Arcanine|Protect|p2a: Arcanine\n|-singleturn|p2a: Arcanine|Protect\n|move|p1a: Palafin|Jet Punch|p2a: Arcanine\n|-activate|p2a: Arcanine|move: Protect\n|move|p1b: Tyranitar|Crunch|p2b: Ting-Lu\n|-damage|p2b: Ting-Lu|1\/100\n|move|p2b: Ting-Lu|Heavy Slam|p1b: Tyranitar\n|-supereffective|p1b: Tyranitar\n|-damage|p1b: Tyranitar|5\/100\n|\n|-heal|p2b: Ting-Lu|7\/100|[from] item: Leftovers\n|-damage|p2a: Arcanine|2\/100 psn|[from] psn\n|upkeep\n|turn|8\n|\n|t:|1683271905\n|move|p1b: Tyranitar|Protect|p1b: Tyranitar\n|-singleturn|p1b: Tyranitar|Protect\n|move|p2b: Ting-Lu|Protect|p2b: Ting-Lu\n|-singleturn|p2b: Ting-Lu|Protect\n|move|p2a: Arcanine|Extreme Speed|p1b: Tyranitar\n|-activate|p1b: Tyranitar|move: Protect\n|move|p1a: Palafin|Jet Punch|p2b: Ting-Lu\n|-activate|p2b: Ting-Lu|move: Protect\n|\n|-heal|p2b: Ting-Lu|13\/100|[from] item: Leftovers\n|-damage|p2a: Arcanine|0 fnt|[from] psn\n|faint|p2a: Arcanine\n|upkeep\n|\n|t:|1683271910\n|switch|p2a: Iron Bundle|Iron Bundle, L50|100\/100\n|-enditem|p2a: Iron Bundle|Booster Energy\n|-activate|p2a: Iron Bundle|ability: Quark Drive|[fromitem]\n|-start|p2a: Iron Bundle|quarkdrivespe\n|turn|9\n|inactive|MadMax0229 has 30 seconds left.\n|\n|t:|1683271941\n|move|p2a: Iron Bundle|Freeze-Dry|p1a: Palafin\n|-supereffective|p1a: Palafin\n|-damage|p1a: Palafin|38\/100\n|-status|p1a: Palafin|frz\n|cant|p1a: Palafin|frz\n|move|p1b: Tyranitar|Rock Slide|p2a: Iron Bundle|[spread] p2a,p2b\n|-supereffective|p2a: Iron Bundle\n|-damage|p2a: Iron Bundle|50\/100\n|-damage|p2b: Ting-Lu|2\/100\n|cant|p2b: Ting-Lu|flinch\n|\n|-heal|p2b: Ting-Lu|8\/100|[from] item: Leftovers\n|upkeep\n|turn|10\n|c|\u2606JavierTheFox|dorime\n|\n|t:|1683271959\n|move|p2b: Ting-Lu|Protect|p2b: Ting-Lu\n|-singleturn|p2b: Ting-Lu|Protect\n|cant|p1a: Palafin|frz\n|move|p2a: Iron Bundle|Freeze-Dry|p1a: Palafin\n|-supereffective|p1a: Palafin\n|-damage|p1a: Palafin|0 fnt\n|faint|p1a: Palafin\n|move|p1b: Tyranitar|Rock Slide|p2a: Iron Bundle|[spread] \n|-activate|p2b: Ting-Lu|move: Protect\n|-miss|p1b: Tyranitar|p2a: Iron Bundle\n|\n|-heal|p2b: Ting-Lu|14\/100|[from] item: Leftovers\n|upkeep\n|turn|11\n|c|\u2606JavierTheFox|gg\n|c|\u2606JavierTheFox|clinically depressed\n|\n|t:|1683271974\n|move|p2a: Iron Bundle|Freeze-Dry|p1b: Tyranitar\n|-damage|p1b: Tyranitar|0 fnt\n|faint|p1b: Tyranitar\n|\n|win|MadMax0229\n|raw|JavierTheFox's rating: 1155 → 1135<\/strong> (-20 for losing)\n|raw|MadMax0229's rating: 1232 → 1252<\/strong> (+20 for winning)\n|c|\u2606MadMax0229|Gg\n","uploadtime":1683271981,"views":5,"p1id":"javierthefox","p2id":"madmax0229","formatid":"gen9vgc2023regulationc","rating":1135,"private":0,"password":""}