{"id":"gen9vgc2023regulationc-1861136349","p1":"Ykrach","p2":"SPiTKiT","format":"[Gen 9] VGC 2023 Regulation C","log":"|j|\u2606Ykrach\n|j|\u2606SPiTKiT\n|t:|1683729770\n|gametype|doubles\n|player|p1|Ykrach|acetrainer-gen4dp|1018\n|player|p2|SPiTKiT|170|1042\n|teamsize|p1|6\n|teamsize|p2|6\n|gen|9\n|tier|[Gen 9] VGC 2023 Regulation C\n|rated|\n|rule|Species Clause: Limit one of each Pok\u00e9mon\n|rule|Item Clause: Limit one of each item\n|clearpoke\n|poke|p1|Grafaiai, L50, M|\n|poke|p1|Tinkaton, L50, F|\n|poke|p1|Hatterene, L50, F|\n|poke|p1|Iron Bundle, L50|\n|poke|p1|Toedscruel, L50, M|\n|poke|p1|Talonflame, L50, F|\n|poke|p2|Slither Wing, L50|\n|poke|p2|Farigiraf, L50, M|\n|poke|p2|Houndoom, L50, F|\n|poke|p2|Magnezone, L50|\n|poke|p2|Annihilape, L50, M|\n|poke|p2|Clodsire, L50, F|\n|teampreview|4\n|inactive|Battle timer is ON: inactive players will automatically lose when time's up. (requested by Ykrach)\n|\n|t:|1683729812\n|start\n|switch|p1a: Tinkaton|Tinkaton, L50, F|100\/100\n|switch|p1b: Grafaiai|Grafaiai, L50, M|100\/100\n|switch|p2a: Farigiraf|Farigiraf, L50, M|100\/100\n|switch|p2b: Annihilape|Annihilape, L50, M|100\/100\n|turn|1\n|\n|t:|1683729829\n|move|p2b: Annihilape|Protect|p2b: Annihilape\n|-singleturn|p2b: Annihilape|Protect\n|move|p1a: Tinkaton|Fake Out||[still]\n|cant|p2a: Farigiraf|ability: Armor Tail|Fake Out|[of] p1a: Tinkaton\n|move|p1b: Grafaiai|Swagger|p1a: Tinkaton\n|-boost|p1a: Tinkaton|atk|2\n|-immune|p1a: Tinkaton|confusion|[from] ability: Own Tempo\n|move|p2a: Farigiraf|Trick Room|p2a: Farigiraf\n|-fieldstart|move: Trick Room|[of] p2a: Farigiraf\n|\n|upkeep\n|turn|2\n|\n|t:|1683729847\n|move|p1b: Grafaiai|Scary Face|p1a: Tinkaton\n|-unboost|p1a: Tinkaton|spe|2\n|move|p2a: Farigiraf|Beat Up|p2b: Annihilape\n|-damage|p2b: Annihilape|98\/100\n|-damage|p2b: Annihilape|95\/100\n|-damage|p2b: Annihilape|93\/100\n|-damage|p2b: Annihilape|90\/100\n|-hitcount|p2b: Annihilape|4\n|move|p1a: Tinkaton|Play Rough|p2b: Annihilape\n|-supereffective|p2b: Annihilape\n|-damage|p2b: Annihilape|16\/100\n|-enditem|p2b: Annihilape|Weakness Policy\n|-boost|p2b: Annihilape|atk|2|[from] item: Weakness Policy\n|-boost|p2b: Annihilape|spa|2|[from] item: Weakness Policy\n|move|p2b: Annihilape|Rage Fist|p1a: Tinkaton\n|-damage|p1a: Tinkaton|0 fnt\n|faint|p1a: Tinkaton\n|\n|upkeep\n|\n|t:|1683729866\n|switch|p1a: Toedscruel|Toedscruel, L50, M|100\/100\n|turn|3\n|\n|t:|1683729882\n|-terastallize|p2b: Annihilape|Poison\n|move|p1b: Grafaiai|Scary Face|p1a: Toedscruel\n|-unboost|p1a: Toedscruel|spe|2\n|move|p2a: Farigiraf|Night Shade|p1a: Toedscruel\n|-damage|p1a: Toedscruel|71\/100\n|move|p1a: Toedscruel|Earth Power|p2b: Annihilape\n|-supereffective|p2b: Annihilape\n|-damage|p2b: Annihilape|0 fnt\n|faint|p2b: Annihilape\n|\n|-heal|p1a: Toedscruel|77\/100|[from] item: Leftovers\n|upkeep\n|\n|t:|1683729898\n|switch|p2b: Magnezone|Magnezone, L50|100\/100\n|turn|4\n|\n|t:|1683729907\n|move|p2a: Farigiraf|Beat Up|p1b: Grafaiai\n|-damage|p1b: Grafaiai|95\/100\n|-damage|p1b: Grafaiai|91\/100\n|-damage|p1b: Grafaiai|85\/100\n|-hitcount|p1b: Grafaiai|3\n|move|p1b: Grafaiai|Knock Off|p2b: Magnezone\n|-damage|p2b: Magnezone|82\/100\n|-enditem|p2b: Magnezone|Magnet|[from] move: Knock Off|[of] p1b: Grafaiai\n|move|p1a: Toedscruel|Spore|p2a: Farigiraf\n|-status|p2a: Farigiraf|slp|[from] move: Spore\n|move|p2b: Magnezone|Mirror Coat||[still]\n|-fail|p2b: Magnezone\n|\n|-heal|p1a: Toedscruel|83\/100|[from] item: Leftovers\n|upkeep\n|turn|5\n|\n|t:|1683729928\n|cant|p2a: Farigiraf|slp\n|move|p2b: Magnezone|Flash Cannon|p1a: Toedscruel\n|-damage|p1a: Toedscruel|46\/100\n|move|p1a: Toedscruel|Earth Power|p2b: Magnezone\n|-supereffective|p2b: Magnezone\n|-crit|p2b: Magnezone\n|-damage|p2b: Magnezone|0 fnt\n|faint|p2b: Magnezone\n|move|p1b: Grafaiai|U-turn|p2a: Farigiraf\n|-supereffective|p2a: Farigiraf\n|-damage|p2a: Farigiraf|65\/100 slp\n|\n|t:|1683729937\n|switch|p1b: Talonflame|Talonflame, L50, F|100\/100|[from] U-turn\n|\n|-heal|p2a: Farigiraf|71\/100 slp|[from] item: Leftovers\n|-heal|p1a: Toedscruel|52\/100|[from] item: Leftovers\n|-fieldend|move: Trick Room\n|upkeep\n|\n|t:|1683729940\n|switch|p2b: Slither Wing|Slither Wing, L50|100\/100\n|-enditem|p2b: Slither Wing|Booster Energy\n|-activate|p2b: Slither Wing|ability: Protosynthesis|[fromitem]\n|-start|p2b: Slither Wing|protosynthesisatk\n|turn|6\n|-message|SPiTKiT forfeited.\n|\n|win|Ykrach\n|raw|Ykrach's rating: 1018 → 1058<\/strong> (+40 for winning)\n|raw|SPiTKiT's rating: 1042 → 1025<\/strong> (-17 for losing)\n|l|\u2606SPiTKiT\n","uploadtime":1683729951,"views":8,"p1id":"ykrach","p2id":"spitkit","formatid":"gen9vgc2023regulationc","rating":1025,"private":0,"password":""}