{"id":"gen9vgc2023regulationc-1848101168","p1":"EdwinVGC","p2":"BmaxVGC","format":"[Gen 9] VGC 2023 Regulation C","log":"|j|\u2606EdwinVGC\n|j|\u2606BmaxVGC\n|t:|1682029793\n|gametype|doubles\n|player|p1|EdwinVGC|265|\n|player|p2|BmaxVGC|2|\n|teamsize|p1|6\n|teamsize|p2|6\n|gen|9\n|tier|[Gen 9] VGC 2023 Regulation C\n|rule|Species Clause: Limit one of each Pok\u00e9mon\n|rule|Item Clause: Limit one of each item\n|clearpoke\n|poke|p1|Glimmora, L50, M|\n|poke|p1|Wo-Chien, L50|\n|poke|p1|Gyarados, L50, M|\n|poke|p1|Flutter Mane, L50|\n|poke|p1|Kingambit, L50, F|\n|poke|p1|Dragonite, L50, M|\n|poke|p2|Wo-Chien, L50|\n|poke|p2|Glimmora, L50, M|\n|poke|p2|Gholdengo, L50|\n|poke|p2|Volcarona, L50, M|\n|poke|p2|Palafin, L50, F|\n|poke|p2|Iron Hands, L50|\n|teampreview|4\n|\n|t:|1682029822\n|start\n|switch|p1a: Glimmora|Glimmora, L50, M, shiny|100\/100\n|switch|p1b: Wo-Chien|Wo-Chien, L50|100\/100\n|switch|p2a: Palafin|Palafin, L50, F|100\/100\n|switch|p2b: Gholdengo|Gholdengo, L50|100\/100\n|-ability|p1b: Wo-Chien|Tablets of Ruin\n|turn|1\n|\n|t:|1682029865\n|detailschange|p2a: Palafin|Palafin-Hero, L50, F\n|switch|p2a: Iron Hands|Iron Hands, L50|100\/100\n|-terastallize|p1a: Glimmora|Grass\n|-terastallize|p2b: Gholdengo|Water\n|move|p1a: Glimmora|Mortal Spin|p2b: Gholdengo|[spread] p2a,p2b\n|-damage|p2a: Iron Hands|99\/100\n|-damage|p2b: Gholdengo|97\/100\n|-status|p2a: Iron Hands|psn\n|move|p2b: Gholdengo|Nasty Plot|p2b: Gholdengo\n|-boost|p2b: Gholdengo|spa|2\n|move|p1b: Wo-Chien|Leech Seed|p2a: Iron Hands\n|-start|p2a: Iron Hands|move: Leech Seed\n|\n|-damage|p2a: Iron Hands|87\/100 psn|[from] Leech Seed|[of] p1b: Wo-Chien\n|-damage|p2a: Iron Hands|75\/100 psn|[from] psn\n|upkeep\n|turn|2\n|\n|t:|1682029899\n|move|p1a: Glimmora|Spiky Shield|p1a: Glimmora\n|-singleturn|p1a: Glimmora|move: Protect\n|move|p2b: Gholdengo|Make It Rain|p1a: Glimmora|[spread] p1b\n|-activate|p1a: Glimmora|move: Protect\n|-damage|p1b: Wo-Chien|46\/100\n|-unboost|p2b: Gholdengo|spa|1\n|move|p1b: Wo-Chien|Giga Drain|p2b: Gholdengo\n|-supereffective|p2b: Gholdengo\n|-damage|p2b: Gholdengo|55\/100\n|-heal|p1b: Wo-Chien|67\/100|[from] drain|[of] p2b: Gholdengo\n|move|p2a: Iron Hands|Drain Punch|p1b: Wo-Chien\n|-supereffective|p1b: Wo-Chien\n|-damage|p1b: Wo-Chien|12\/100\n|-heal|p2a: Iron Hands|96\/100 psn|[from] drain|[of] p1b: Wo-Chien\n|\n|-heal|p1b: Wo-Chien|19\/100|[from] item: Leftovers\n|-damage|p2a: Iron Hands|84\/100 psn|[from] Leech Seed|[of] p1b: Wo-Chien\n|-heal|p1b: Wo-Chien|34\/100|[silent]\n|-damage|p2a: Iron Hands|72\/100 psn|[from] psn\n|upkeep\n|turn|3\n|\n|t:|1682029928\n|switch|p1b: Flutter Mane|Flutter Mane, L50|100\/100\n|move|p1a: Glimmora|Venoshock|p2a: Iron Hands\n|-damage|p2a: Iron Hands|43\/100 psn\n|move|p2b: Gholdengo|Make It Rain|p1a: Glimmora|[spread] p1a,p1b\n|-supereffective|p1b: Flutter Mane\n|-damage|p1a: Glimmora|27\/100\n|-damage|p1b: Flutter Mane|0 fnt\n|-unboost|p2b: Gholdengo|spa|1\n|faint|p1b: Flutter Mane\n|-end|p1b: Flutter Mane|Protosynthesis|[silent]\n|move|p2a: Iron Hands|Drain Punch|p1a: Glimmora\n|-damage|p1a: Glimmora|0 fnt\n|-heal|p2a: Iron Hands|52\/100 psn|[from] drain|[of] p1a: Glimmora\n|faint|p1a: Glimmora\n|\n|-damage|p2a: Iron Hands|40\/100 psn|[from] psn\n|upkeep\n|\n|t:|1682029945\n|switch|p1b: Wo-Chien|Wo-Chien, L50|34\/100\n|switch|p1a: Gyarados|Gyarados, L50, M, shiny|100\/100\n|-ability|p1a: Gyarados|Intimidate|boost\n|-unboost|p2a: Iron Hands|atk|1\n|-unboost|p2b: Gholdengo|atk|1\n|-ability|p1b: Wo-Chien|Tablets of Ruin\n|turn|4\n|\n|t:|1682029963\n|move|p2b: Gholdengo|Make It Rain|p1a: Gyarados|[spread] p1a,p1b\n|-resisted|p1a: Gyarados\n|-damage|p1a: Gyarados|82\/100\n|-damage|p1b: Wo-Chien|9\/100\n|-unboost|p2b: Gholdengo|spa|1\n|move|p1a: Gyarados|Waterfall|p2a: Iron Hands\n|-damage|p2a: Iron Hands|21\/100 psn\n|move|p1b: Wo-Chien|Giga Drain|p2b: Gholdengo\n|-supereffective|p2b: Gholdengo\n|-damage|p2b: Gholdengo|10\/100\n|-heal|p1b: Wo-Chien|31\/100|[from] drain|[of] p2b: Gholdengo\n|move|p2a: Iron Hands|Wild Charge|p1a: Gyarados\n|-supereffective|p1a: Gyarados\n|-damage|p1a: Gyarados|0 fnt\n|faint|p1a: Gyarados\n|-damage|p2a: Iron Hands|4\/100 psn|[from] Recoil\n|\n|-heal|p1b: Wo-Chien|37\/100|[from] item: Leftovers\n|-damage|p2a: Iron Hands|0 fnt|[from] Leech Seed|[of] p1b: Wo-Chien\n|-heal|p1b: Wo-Chien|42\/100|[silent]\n|faint|p2a: Iron Hands\n|-end|p2a: Iron Hands|Quark Drive|[silent]\n|upkeep\n|\n|t:|1682029987\n|switch|p2a: Palafin|Palafin-Hero, L50, F|100\/100\n|-activate|p2a: Palafin|ability: Zero to Hero\n|turn|5\n|\n|t:|1682029998\n|move|p2a: Palafin|Protect|p2a: Palafin\n|-singleturn|p2a: Palafin|Protect\n|move|p1b: Wo-Chien|Protect|p1b: Wo-Chien\n|-singleturn|p1b: Wo-Chien|Protect\n|move|p2b: Gholdengo|Make It Rain|p1b: Wo-Chien\n|-activate|p1b: Wo-Chien|move: Protect\n|\n|-heal|p1b: Wo-Chien|48\/100|[from] item: Leftovers\n|upkeep\n|turn|6\n|\n|t:|1682030017\n|switch|p2b: Volcarona|Volcarona, L50, M|100\/100\n|move|p2a: Palafin|Wave Crash|p1b: Wo-Chien\n|-resisted|p1b: Wo-Chien\n|-damage|p1b: Wo-Chien|20\/100\n|-damage|p2a: Palafin|92\/100|[from] Recoil\n|move|p1b: Wo-Chien|Leech Seed|p2a: Palafin\n|-start|p2a: Palafin|move: Leech Seed\n|\n|-heal|p1b: Wo-Chien|26\/100|[from] item: Leftovers\n|-damage|p2a: Palafin|80\/100|[from] Leech Seed|[of] p1b: Wo-Chien\n|-heal|p1b: Wo-Chien|39\/100|[silent]\n|upkeep\n|turn|7\n|\n|t:|1682030038\n|move|p1b: Wo-Chien|Protect|p1b: Wo-Chien\n|-singleturn|p1b: Wo-Chien|Protect\n|move|p2b: Volcarona|Fiery Dance|p1b: Wo-Chien\n|-activate|p1b: Wo-Chien|move: Protect\n|move|p2a: Palafin|Wave Crash|p1b: Wo-Chien\n|-activate|p1b: Wo-Chien|move: Protect\n|\n|-heal|p1b: Wo-Chien|45\/100|[from] item: Leftovers\n|-damage|p2a: Palafin|68\/100|[from] Leech Seed|[of] p1b: Wo-Chien\n|-heal|p1b: Wo-Chien|58\/100|[silent]\n|upkeep\n|turn|8\n|\n|t:|1682030052\n|move|p2b: Volcarona|Fiery Dance|p1b: Wo-Chien\n|-supereffective|p1b: Wo-Chien\n|-damage|p1b: Wo-Chien|21\/100\n|-boost|p2b: Volcarona|spa|1\n|move|p2a: Palafin|Wave Crash|p1b: Wo-Chien\n|-resisted|p1b: Wo-Chien\n|-damage|p1b: Wo-Chien|0 fnt\n|faint|p1b: Wo-Chien\n|-damage|p2a: Palafin|61\/100|[from] Recoil\n|\n|win|BmaxVGC\n|l|\u2606EdwinVGC\n","uploadtime":1682030075,"views":11,"p1id":"edwinvgc","p2id":"bmaxvgc","formatid":"gen9vgc2023regulationc","rating":0,"private":0,"password":""}