{"id":"gen9vgc2023regulationc-1860774001","p1":"vicburgos","p2":"JayVGC YT","format":"[Gen 9] VGC 2023 Regulation C","log":"|j|\u2606vicburgos\n|j|\u2606JayVGC YT\n|t:|1683676259\n|gametype|doubles\n|player|p1|vicburgos|169|1603\n|player|p2|JayVGC YT|266|1579\n|teamsize|p1|6\n|teamsize|p2|6\n|gen|9\n|tier|[Gen 9] VGC 2023 Regulation C\n|rated|\n|rule|Species Clause: Limit one of each Pok\u00e9mon\n|rule|Item Clause: Limit one of each item\n|clearpoke\n|poke|p1|Grimmsnarl, L50, M|\n|poke|p1|Vaporeon, L50, M|\n|poke|p1|Goodra, L50, F|\n|poke|p1|Flutter Mane, L50|\n|poke|p1|Chi-Yu, L50|\n|poke|p1|Annihilape, L50, M|\n|poke|p2|Kingambit, L50, F|\n|poke|p2|Iron Hands, L50|\n|poke|p2|Palafin, L50, F|\n|poke|p2|Amoonguss, L50, M|\n|poke|p2|Chi-Yu, L50|\n|poke|p2|Flutter Mane, L50|\n|teampreview|4\nvicburgos has agreed to open team sheets.\nJayVGC YT has agreed to open team sheets.\n|\n|t:|1683676359\n|start\n|switch|p1a: Grimmsnarl|Grimmsnarl, L50, M|100\/100\n|switch|p1b: Annihilape|Annihilape, L50, M|100\/100\n|switch|p2a: Flutter Mane|Flutter Mane, L50|100\/100\n|switch|p2b: Chi-Yu|Chi-Yu, L50|100\/100\n|-ability|p2b: Chi-Yu|Beads of Ruin\n|-enditem|p2a: Flutter Mane|Booster Energy\n|-activate|p2a: Flutter Mane|ability: Protosynthesis|[fromitem]\n|-start|p2a: Flutter Mane|protosynthesisspa\n|turn|1\n|\n|t:|1683676371\n|-terastallize|p1b: Annihilape|Normal\n|move|p2a: Flutter Mane|Protect|p2a: Flutter Mane\n|-singleturn|p2a: Flutter Mane|Protect\n|move|p1a: Grimmsnarl|Light Screen|p1a: Grimmsnarl\n|-sidestart|p1: vicburgos|move: Light Screen\n|move|p2b: Chi-Yu|Heat Wave|p1b: Annihilape|[spread] p1a,p1b\n|-damage|p1a: Grimmsnarl|59\/100\n|-damage|p1b: Annihilape|77\/100\n|-status|p1a: Grimmsnarl|brn\n|move|p1b: Annihilape|Rage Fist|p2a: Flutter Mane\n|-activate|p2a: Flutter Mane|move: Protect\n|\n|-damage|p1a: Grimmsnarl|53\/100 brn|[from] brn\n|upkeep\n|turn|2\n|\n|t:|1683676395\n|move|p2a: Flutter Mane|Dazzling Gleam|p1a: Grimmsnarl|[spread] p1a,p1b\n|-supereffective|p1a: Grimmsnarl\n|-damage|p1a: Grimmsnarl|0 fnt\n|-damage|p1b: Annihilape|54\/100\n|faint|p1a: Grimmsnarl\n|move|p2b: Chi-Yu|Overheat|p1b: Annihilape\n|-damage|p1b: Annihilape|17\/100\n|-unboost|p2b: Chi-Yu|spa|2\n|-enditem|p1b: Annihilape|Figy Berry|[eat]\n|-heal|p1b: Annihilape|50\/100|[from] item: Figy Berry\n|move|p1b: Annihilape|Drain Punch|p2b: Chi-Yu\n|-supereffective|p2b: Chi-Yu\n|-damage|p2b: Chi-Yu|4\/100\n|-heal|p1b: Annihilape|79\/100|[from] drain|[of] p2b: Chi-Yu\n|\n|upkeep\n|\n|t:|1683676406\n|switch|p1a: Flutter Mane|Flutter Mane, L50|100\/100\n|-enditem|p1a: Flutter Mane|Booster Energy\n|-activate|p1a: Flutter Mane|ability: Protosynthesis|[fromitem]\n|-start|p1a: Flutter Mane|protosynthesisspe\n|turn|3\n|\n|t:|1683676424\n|move|p1a: Flutter Mane|Protect|p1a: Flutter Mane\n|-singleturn|p1a: Flutter Mane|Protect\n|move|p2a: Flutter Mane|Protect|p2a: Flutter Mane\n|-singleturn|p2a: Flutter Mane|Protect\n|move|p2b: Chi-Yu|Heat Wave|p1b: Annihilape|[spread] p1b\n|-activate|p1a: Flutter Mane|move: Protect\n|-damage|p1b: Annihilape|69\/100\n|move|p1b: Annihilape|Rage Fist|p2a: Flutter Mane\n|-activate|p2a: Flutter Mane|move: Protect\n|\n|upkeep\n|turn|4\n|\n|t:|1683676443\n|-terastallize|p2a: Flutter Mane|Fairy\n|move|p2b: Chi-Yu|Protect|p2b: Chi-Yu\n|-singleturn|p2b: Chi-Yu|Protect\n|move|p1a: Flutter Mane|Shadow Ball|p2a: Flutter Mane\n|-damage|p2a: Flutter Mane|40\/100\n|move|p2a: Flutter Mane|Moonblast|p1b: Annihilape\n|-damage|p1b: Annihilape|24\/100\n|move|p1b: Annihilape|Rage Fist|p2a: Flutter Mane\n|-damage|p2a: Flutter Mane|0 fnt\n|faint|p2a: Flutter Mane\n|-end|p2a: Flutter Mane|Protosynthesis|[silent]\n|\n|upkeep\n|\n|t:|1683676451\n|switch|p2a: Kingambit|Kingambit, L50, F|100\/100\n|turn|5\n|\n|t:|1683676469\n|switch|p2b: Iron Hands|Iron Hands, L50|100\/100\n|move|p2a: Kingambit|Sucker Punch|p1b: Annihilape\n|-damage|p1b: Annihilape|0 fnt\n|faint|p1b: Annihilape\n|move|p1a: Flutter Mane|Moonblast|p2b: Iron Hands\n|-supereffective|p2b: Iron Hands\n|-damage|p2b: Iron Hands|18\/100\n|\n|upkeep\n|\n|t:|1683676473\n|switch|p1b: Goodra|Goodra, L50, F|100\/100\n|turn|6\n|\n|t:|1683676489\n|move|p1a: Flutter Mane|Protect|p1a: Flutter Mane\n|-singleturn|p1a: Flutter Mane|Protect\n|move|p1b: Goodra|Sludge Bomb|p2b: Iron Hands\n|-damage|p2b: Iron Hands|3\/100\n|move|p2a: Kingambit|Iron Head|p1a: Flutter Mane\n|-activate|p1a: Flutter Mane|move: Protect\n|move|p2b: Iron Hands|Drain Punch|p1b: Goodra\n|-damage|p1b: Goodra|63\/100\n|-heal|p2b: Iron Hands|18\/100|[from] drain|[of] p1b: Goodra\n|\n|upkeep\n|turn|7\n|\n|t:|1683676521\n|move|p2b: Iron Hands|Detect|p2b: Iron Hands\n|-singleturn|p2b: Iron Hands|Protect\n|move|p1a: Flutter Mane|Substitute|p1a: Flutter Mane\n|-start|p1a: Flutter Mane|Substitute\n|-damage|p1a: Flutter Mane|76\/100\n|move|p1b: Goodra|Sludge Bomb|p2b: Iron Hands\n|-activate|p2b: Iron Hands|move: Protect\n|move|p2a: Kingambit|Iron Head|p1a: Flutter Mane\n|-supereffective|p1a: Flutter Mane\n|-end|p1a: Flutter Mane|Substitute\n|\n|upkeep\n|turn|8\n|\n|t:|1683676553\n|move|p1a: Flutter Mane|Moonblast|p2b: Iron Hands\n|-supereffective|p2b: Iron Hands\n|-damage|p2b: Iron Hands|0 fnt\n|faint|p2b: Iron Hands\n|-end|p2b: Iron Hands|Quark Drive|[silent]\n|move|p1b: Goodra|Life Dew|p1b: Goodra|[spread] p1a,p1b\n|-heal|p1a: Flutter Mane|100\/100\n|-heal|p1b: Goodra|88\/100\n|move|p2a: Kingambit|Iron Head|p1b: Goodra\n|-damage|p1b: Goodra|51\/100\n|\n|-sideend|p1: vicburgos|move: Light Screen\n|upkeep\n|\n|t:|1683676560\n|switch|p2b: Chi-Yu|Chi-Yu, L50|4\/100\n|-ability|p2b: Chi-Yu|Beads of Ruin\n|turn|9\n|j| merahmerona\n|\n|t:|1683676571\n|move|p2b: Chi-Yu|Protect|p2b: Chi-Yu\n|-singleturn|p2b: Chi-Yu|Protect\n|move|p1a: Flutter Mane|Substitute|p1a: Flutter Mane\n|-start|p1a: Flutter Mane|Substitute\n|-damage|p1a: Flutter Mane|76\/100\n|move|p1b: Goodra|Surf|p2b: Chi-Yu|[spread] p1a,p2a\n|-activate|p2b: Chi-Yu|move: Protect\n|-activate|p1a: Flutter Mane|move: Substitute|[damage]\n|-damage|p2a: Kingambit|84\/100\n|move|p2a: Kingambit|Iron Head|p1a: Flutter Mane\n|-supereffective|p1a: Flutter Mane\n|-end|p1a: Flutter Mane|Substitute\n|\n|upkeep\n|turn|10\n|\n|t:|1683676584\n|move|p1a: Flutter Mane|Protect|p1a: Flutter Mane\n|-singleturn|p1a: Flutter Mane|Protect\n|move|p2b: Chi-Yu|Dark Pulse|p1b: Goodra\n|-damage|p1b: Goodra|13\/100\n|-enditem|p1b: Goodra|Wiki Berry|[eat]\n|-heal|p1b: Goodra|46\/100|[from] item: Wiki Berry\n|move|p1b: Goodra|Surf|p2a: Kingambit|[spread] p2a,p2b\n|-activate|p1a: Flutter Mane|move: Protect\n|-crit|p2a: Kingambit\n|-supereffective|p2b: Chi-Yu\n|-damage|p2a: Kingambit|61\/100\n|-damage|p2b: Chi-Yu|0 fnt\n|faint|p2b: Chi-Yu\n|move|p2a: Kingambit|Iron Head|p1a: Flutter Mane\n|-activate|p1a: Flutter Mane|move: Protect\n|\n|upkeep\n|turn|11\n|\n|t:|1683676604\n|move|p1a: Flutter Mane|Moonblast|p2a: Kingambit\n|-damage|p2a: Kingambit|30\/100\n|-unboost|p2a: Kingambit|spa|1\n|-ability|p2a: Kingambit|Defiant|boost\n|-boost|p2a: Kingambit|atk|2\n|move|p1b: Goodra|Surf|p2a: Kingambit|[spread] p1a,p2a\n|-damage|p1a: Flutter Mane|59\/100\n|-damage|p2a: Kingambit|19\/100\n|move|p2a: Kingambit|Iron Head|p1a: Flutter Mane\n|-supereffective|p1a: Flutter Mane\n|-crit|p1a: Flutter Mane\n|-damage|p1a: Flutter Mane|0 fnt\n|faint|p1a: Flutter Mane\n|-end|p1a: Flutter Mane|Protosynthesis|[silent]\n|\n|upkeep\n|turn|12\n|\n|t:|1683676613\n|move|p2a: Kingambit|Sucker Punch|p1b: Goodra\n|-damage|p1b: Goodra|0 fnt\n|faint|p1b: Goodra\n|\n|win|JayVGC YT\n|raw|vicburgos's rating: 1603 → 1582<\/strong> (-21 for losing)\n|raw|JayVGC YT's rating: 1579 → 1600<\/strong> (+21 for winning)\n|l|\u2606vicburgos\n|l|\u2606JayVGC YT\n","uploadtime":1683676961,"views":16,"p1id":"vicburgos","p2id":"jayvgcyt","formatid":"gen9vgc2023regulationc","rating":1582,"private":0,"password":""}