{"id":"gen9vgc2023regulationc-1851868982","p1":"ContessaZia","p2":"V3lvetStorm","format":"[Gen 9] VGC 2023 Regulation C","log":"|j|\u2606ContessaZia\n|j|\u2606V3lvetStorm\n|t:|1682497951\n|gametype|doubles\n|player|p1|ContessaZia|acetrainerf-gen4dp|\n|player|p2|V3lvetStorm|guitarist|\n|teamsize|p1|6\n|teamsize|p2|6\n|gen|9\n|tier|[Gen 9] VGC 2023 Regulation C\n|rule|Species Clause: Limit one of each Pok\u00e9mon\n|rule|Item Clause: Limit one of each item\n|clearpoke\n|poke|p1|Torkoal, L50, F|\n|poke|p1|Walking Wake, L50|\n|poke|p1|Great Tusk, L50|\n|poke|p1|Slither Wing, L50|\n|poke|p1|Morgrem, L50, M|\n|poke|p1|Murkrow, L50, M|\n|poke|p2|Garchomp, L50, M|\n|poke|p2|Houndstone, L50, F|\n|poke|p2|Talonflame, L50, F|\n|poke|p2|Grimmsnarl, L50, M|\n|poke|p2|Tyranitar, L50, M|\n|poke|p2|Oranguru, L50, F|\n|teampreview|4\nContessaZia has agreed to open team sheets.\nV3lvetStorm has agreed to open team sheets.\n|\n|t:|1682498087\n|start\n|switch|p1a: Morgrem|Morgrem, L50, M|100\/100\n|switch|p1b: Slither Wing|Slither Wing, L50|100\/100\n|switch|p2a: Grimmsnarl|Grimmsnarl, L50, M|100\/100\n|switch|p2b: Talonflame|Talonflame, L50, F|100\/100\n|turn|1\n|\n|t:|1682498140\n|move|p1a: Morgrem|Fake Out|p2b: Talonflame\n|-damage|p2b: Talonflame|90\/100\n|move|p1b: Slither Wing|First Impression|p2a: Grimmsnarl\n|-damage|p2a: Grimmsnarl|28\/100\n|-damage|p1b: Slither Wing|91\/100|[from] item: Life Orb\n|move|p2a: Grimmsnarl|Parting Shot|p1b: Slither Wing\n|-unboost|p1b: Slither Wing|atk|1\n|-unboost|p1b: Slither Wing|spa|1\n|\n|t:|1682498169\n|switch|p2a: Tyranitar|Tyranitar, L50, M|100\/100|[from] Parting Shot\n|-weather|Sandstorm|[from] ability: Sand Stream|[of] p2a: Tyranitar\n|cant|p2b: Talonflame|flinch\n|\n|-weather|Sandstorm|[upkeep]\n|-damage|p1a: Morgrem|95\/100|[from] Sandstorm\n|-damage|p1b: Slither Wing|84\/100|[from] Sandstorm\n|upkeep\n|turn|2\n|\n|t:|1682498193\n|move|p1a: Morgrem|Parting Shot|p2b: Talonflame\n|-unboost|p2b: Talonflame|atk|1\n|-unboost|p2b: Talonflame|spa|1\n|\n|t:|1682498197\n|switch|p1a: Torkoal|Torkoal, L50, F|100\/100|[from] Parting Shot\n|-weather|SunnyDay|[from] ability: Drought|[of] p1a: Torkoal\n|-activate|p1b: Slither Wing|ability: Protosynthesis\n|-start|p1b: Slither Wing|protosynthesisatk\n|move|p2b: Talonflame|Taunt|p1a: Torkoal\n|-start|p1a: Torkoal|move: Taunt\n|move|p1b: Slither Wing|Close Combat|p2a: Tyranitar\n|-supereffective|p2a: Tyranitar\n|-damage|p2a: Tyranitar|0 fnt\n|-unboost|p1b: Slither Wing|def|1\n|-unboost|p1b: Slither Wing|spd|1\n|faint|p2a: Tyranitar\n|-damage|p1b: Slither Wing|75\/100|[from] item: Life Orb\n|\n|-weather|SunnyDay|[upkeep]\n|upkeep\n|\n|t:|1682498214\n|switch|p2a: Grimmsnarl|Grimmsnarl, L50, M|28\/100\n|turn|3\n|\n|t:|1682498298\n|-end|p1b: Slither Wing|Protosynthesis|[silent]\n|switch|p1b: Morgrem|Morgrem, L50, M|95\/100\n|move|p2b: Talonflame|Brave Bird|p1a: Torkoal\n|-damage|p1a: Torkoal|83\/100\n|-damage|p2b: Talonflame|84\/100|[from] Recoil\n|move|p2a: Grimmsnarl|Spirit Break|p1b: Morgrem\n|-supereffective|p1b: Morgrem\n|-damage|p1b: Morgrem|0 fnt\n|faint|p1b: Morgrem\n|move|p1a: Torkoal|Eruption|p2b: Talonflame|[spread] p2a,p2b\n|-resisted|p2b: Talonflame\n|-damage|p2a: Grimmsnarl|0 fnt\n|-damage|p2b: Talonflame|51\/100\n|faint|p2a: Grimmsnarl\n|\n|-weather|SunnyDay|[upkeep]\n|upkeep\n|\n|t:|1682498312\n|switch|p1b: Slither Wing|Slither Wing, L50|75\/100\n|switch|p2a: Houndstone|Houndstone, L50, F|100\/100\n|-activate|p1b: Slither Wing|ability: Protosynthesis\n|-start|p1b: Slither Wing|protosynthesisatk\n|turn|4\n|\n|t:|1682498352\n|move|p1b: Slither Wing|Protect|p1b: Slither Wing\n|-singleturn|p1b: Slither Wing|Protect\n|move|p2b: Talonflame|Will-O-Wisp|p1b: Slither Wing\n|-activate|p1b: Slither Wing|move: Protect\n|move|p2a: Houndstone|Last Respects|p1b: Slither Wing\n|-activate|p1b: Slither Wing|move: Protect\n|move|p1a: Torkoal|Flamethrower|p2a: Houndstone\n|-damage|p2a: Houndstone|35\/100\n|\n|-weather|SunnyDay|[upkeep]\n|-end|p1a: Torkoal|move: Taunt\n|upkeep\n|turn|5\n|\n|t:|1682498372\n|-terastallize|p1b: Slither Wing|Normal\n|move|p2b: Talonflame|Will-O-Wisp|p1b: Slither Wing\n|-status|p1b: Slither Wing|brn\n|move|p2a: Houndstone|Last Respects|p1b: Slither Wing\n|-immune|p1b: Slither Wing\n|move|p1b: Slither Wing|Leech Life|p2b: Talonflame\n|-resisted|p2b: Talonflame\n|-damage|p2b: Talonflame|39\/100\n|-heal|p1b: Slither Wing|81\/100 brn|[from] drain|[of] p2b: Talonflame\n|-damage|p1b: Slither Wing|71\/100 brn|[from] item: Life Orb\n|move|p1a: Torkoal|Flamethrower|p2a: Houndstone\n|-damage|p2a: Houndstone|0 fnt\n|faint|p2a: Houndstone\n|\n|-weather|SunnyDay|[upkeep]\n|-damage|p1b: Slither Wing|65\/100 brn|[from] brn\n|upkeep\n|turn|6\n|\n|t:|1682498400\n|move|p2b: Talonflame|Brave Bird|p1b: Slither Wing\n|-damage|p1b: Slither Wing|33\/100 brn\n|-damage|p2b: Talonflame|29\/100|[from] Recoil\n|move|p1b: Slither Wing|Leech Life|p2b: Talonflame\n|-resisted|p2b: Talonflame\n|-damage|p2b: Talonflame|17\/100\n|-heal|p1b: Slither Wing|39\/100 brn|[from] drain|[of] p2b: Talonflame\n|-damage|p1b: Slither Wing|29\/100 brn|[from] item: Life Orb\n|move|p1a: Torkoal|Flamethrower|p2b: Talonflame\n|-resisted|p2b: Talonflame\n|-damage|p2b: Talonflame|0 fnt\n|faint|p2b: Talonflame\n|\n|win|ContessaZia\n","uploadtime":1682498416,"views":25,"p1id":"contessazia","p2id":"v3lvetstorm","formatid":"gen9vgc2023regulationc","rating":0,"private":0,"password":""}