{"id":"gen9vgc2023regulationc-1845928316","p1":"qzy1993","p2":"RayneKloud17","format":"[Gen 9] VGC 2023 Regulation C","log":"|j|\u2606qzy1993\n|j|\u2606RayneKloud17\n|t:|1681780311\n|gametype|doubles\n|player|p1|qzy1993|102|1067\n|player|p2|RayneKloud17|266|1018\n|teamsize|p1|6\n|teamsize|p2|6\n|gen|9\n|tier|[Gen 9] VGC 2023 Regulation C\n|rated|\n|rule|Species Clause: Limit one of each Pok\u00e9mon\n|rule|Item Clause: Limit one of each item\n|clearpoke\n|poke|p1|Iron Valiant, L50|\n|poke|p1|Toxapex, L50, F|\n|poke|p1|Meowscarada, L50, M|\n|poke|p1|Kingambit, L50, M|\n|poke|p1|Flutter Mane, L50|\n|poke|p1|Pelipper, L50, M|\n|poke|p2|Pincurchin, L50, F|\n|poke|p2|Iron Hands, L50|\n|poke|p2|Palossand, L50, M|\n|poke|p2|Rabsca, L50, M|\n|poke|p2|Kingambit, L50, F|\n|poke|p2|Hydreigon, L50, F|\n|teampreview|4\n|inactive|Battle timer is ON: inactive players will automatically lose when time's up. (requested by RayneKloud17)\n|inactive|qzy1993 has 60 seconds left.\n|\n|t:|1681780364\n|start\n|switch|p1a: Pelipper|Pelipper, L50, M|100\/100\n|switch|p1b: Iron Valiant|Iron Valiant, L50|100\/100\n|switch|p2a: Pincurchin|Pincurchin, L50, F|100\/100\n|switch|p2b: Iron Hands|Iron Hands, L50|100\/100\n|-weather|RainDance|[from] ability: Drizzle|[of] p1a: Pelipper\n|-fieldstart|move: Electric Terrain|[from] ability: Electric Surge|[of] p2a: Pincurchin\n|-activate|p1b: Iron Valiant|ability: Quark Drive\n|-start|p1b: Iron Valiant|quarkdriveatk\n|-activate|p2b: Iron Hands|ability: Quark Drive\n|-start|p2b: Iron Hands|quarkdriveatk\n|turn|1\n|inactive|qzy1993 has 30 seconds left.\n|inactive|RayneKloud17 has 30 seconds left.\n|inactive|qzy1993 has 20 seconds left.\n|inactive|qzy1993 has 15 seconds left.\n|inactive|qzy1993 has 10 seconds left.\n|\n|t:|1681780414\n|switch|p1a: Kingambit|Kingambit, L50, M|100\/100\n|move|p2b: Iron Hands|Fake Out|p1b: Iron Valiant\n|-damage|p1b: Iron Valiant|74\/100\n|cant|p1b: Iron Valiant|flinch\n|move|p2a: Pincurchin|Acupressure|p2b: Iron Hands\n|-boost|p2b: Iron Hands|spe|2\n|\n|-weather|RainDance|[upkeep]\n|upkeep\n|turn|2\n|\n|t:|1681780437\n|-terastallize|p1a: Kingambit|Fairy\n|move|p2a: Pincurchin|Protect|p2a: Pincurchin\n|-singleturn|p2a: Pincurchin|Protect\n|move|p1b: Iron Valiant|Close Combat|p2a: Pincurchin\n|-activate|p2a: Pincurchin|move: Protect\n|move|p2b: Iron Hands|Earthquake|p1a: Kingambit|[spread] p1a,p1b\n|-activate|p2a: Pincurchin|move: Protect\n|-damage|p1a: Kingambit|74\/100\n|-damage|p1b: Iron Valiant|26\/100\n|move|p1a: Kingambit|Tera Blast|p2b: Iron Hands\n|-supereffective|p2b: Iron Hands\n|-damage|p2b: Iron Hands|42\/100\n|\n|-weather|RainDance|[upkeep]\n|-heal|p2b: Iron Hands|48\/100|[from] item: Leftovers\n|upkeep\n|turn|3\n|inactive|RayneKloud17 has 30 seconds left.\n|inactive|RayneKloud17 has 20 seconds left.\n|inactive|RayneKloud17 has 15 seconds left.\n|inactive|RayneKloud17 has 10 seconds left.\n|\n|t:|1681780487\n|-terastallize|p2b: Iron Hands|Flying\n|move|p1b: Iron Valiant|Close Combat|p2a: Pincurchin\n|-damage|p2a: Pincurchin|2\/100\n|-unboost|p1b: Iron Valiant|def|1\n|-unboost|p1b: Iron Valiant|spd|1\n|-damage|p1b: Iron Valiant|16\/100|[from] item: Life Orb\n|move|p2b: Iron Hands|Drain Punch|p1b: Iron Valiant\n|-resisted|p1b: Iron Valiant\n|-damage|p1b: Iron Valiant|0 fnt\n|-heal|p2b: Iron Hands|53\/100|[from] drain|[of] p1b: Iron Valiant\n|faint|p1b: Iron Valiant\n|-end|p1b: Iron Valiant|Quark Drive|[silent]\n|move|p1a: Kingambit|Tera Blast|p2b: Iron Hands\n|-damage|p2b: Iron Hands|26\/100\n|move|p2a: Pincurchin|Acupressure|p2b: Iron Hands\n|-boost|p2b: Iron Hands|spa|2\n|\n|-weather|RainDance|[upkeep]\n|-heal|p2b: Iron Hands|32\/100|[from] item: Leftovers\n|upkeep\n|\n|t:|1681780510\n|switch|p1b: Pelipper|Pelipper, L50, M|100\/100\n|turn|4\n|\n|t:|1681780530\n|move|p2a: Pincurchin|Protect|p2a: Pincurchin\n|-singleturn|p2a: Pincurchin|Protect\n|move|p1a: Kingambit|Sucker Punch|p2b: Iron Hands\n|-damage|p2b: Iron Hands|7\/100\n|move|p2b: Iron Hands|Wild Charge|p1b: Pelipper\n|-supereffective|p1b: Pelipper\n|-enditem|p1b: Pelipper|Focus Sash\n|-damage|p1b: Pelipper|1\/100\n|-damage|p2b: Iron Hands|0 fnt|[from] Recoil\n|faint|p2b: Iron Hands\n|-end|p2b: Iron Hands|Quark Drive|[silent]\n|move|p1b: Pelipper|Tailwind|p1b: Pelipper\n|-sidestart|p1: qzy1993|move: Tailwind\n|\n|-weather|RainDance|[upkeep]\n|upkeep\n|\n|t:|1681780547\n|switch|p2b: Kingambit|Kingambit, L50, F|100\/100\n|-activate|p2b: Kingambit|ability: Supreme Overlord\n|-start|p2b: Kingambit|fallen1|[silent]\n|turn|5\n|inactive|RayneKloud17 has 30 seconds left.\n|\n|t:|1681780579\n|move|p1b: Pelipper|Hydro Pump|p2b: Kingambit\n|-damage|p2b: Kingambit|49\/100\n|move|p1a: Kingambit|Tera Blast|p2b: Kingambit\n|-damage|p2b: Kingambit|13\/100\n|move|p2b: Kingambit|Iron Head|p1a: Kingambit\n|-supereffective|p1a: Kingambit\n|-damage|p1a: Kingambit|7\/100\n|move|p2a: Pincurchin|Acupressure|p2b: Kingambit\n|-boost|p2b: Kingambit|spa|2\n|\n|-weather|none\n|upkeep\n|turn|6\n|\n|t:|1681780601\n|move|p2b: Kingambit|Protect|p2b: Kingambit\n|-singleturn|p2b: Kingambit|Protect\n|move|p1a: Kingambit|Sucker Punch||[still]\n|-fail|p1a: Kingambit\n|move|p1b: Pelipper|Hurricane|p2a: Pincurchin|[miss]\n|-miss|p1b: Pelipper|p2a: Pincurchin\n|move|p2a: Pincurchin|Acupressure|p2b: Kingambit\n|-boost|p2b: Kingambit|accuracy|2\n|\n|upkeep\n|turn|7\n|\n|t:|1681780617\n|move|p2a: Pincurchin|Protect|p2a: Pincurchin\n|-singleturn|p2a: Pincurchin|Protect\n|move|p1a: Kingambit|Sucker Punch|p2b: Kingambit\n|-resisted|p2b: Kingambit\n|-crit|p2b: Kingambit\n|-damage|p2b: Kingambit|0 fnt\n|-damage|p1a: Kingambit|0 fnt|[from] item: Rocky Helmet|[of] p2b: Kingambit\n|faint|p2b: Kingambit\n|-end|p2b: Kingambit|fallen1|[silent]\n|faint|p1a: Kingambit\n|move|p1b: Pelipper|Hurricane|p2a: Pincurchin\n|-activate|p2a: Pincurchin|move: Protect\n|\n|-sideend|p1: qzy1993|move: Tailwind\n|upkeep\n|\n|t:|1681780631\n|switch|p1a: Flutter Mane|Flutter Mane, L50|100\/100\n|switch|p2b: Rabsca|Rabsca, L50, M|100\/100\n|-enditem|p1a: Flutter Mane|Booster Energy\n|-activate|p1a: Flutter Mane|ability: Protosynthesis|[fromitem]\n|-start|p1a: Flutter Mane|protosynthesisspa\n|turn|8\n|\n|t:|1681780654\n|move|p1a: Flutter Mane|Dazzling Gleam|p2b: Rabsca|[spread] p2a,p2b\n|-damage|p2a: Pincurchin|0 fnt\n|-damage|p2b: Rabsca|64\/100\n|faint|p2a: Pincurchin\n|move|p1b: Pelipper|Hurricane|p2b: Rabsca\n|-supereffective|p2b: Rabsca\n|-damage|p2b: Rabsca|0 fnt\n|faint|p2b: Rabsca\n|\n|win|qzy1993\n|raw|qzy1993's rating: 1067 → 1093<\/strong> (+26 for winning)\n|raw|RayneKloud17's rating: 1018 → 1007<\/strong> (-11 for losing)\n|c|\u2606RayneKloud17|gg\n","uploadtime":1681780665,"views":10,"p1id":"qzy1993","p2id":"raynekloud17","formatid":"gen9vgc2023regulationc","rating":1007,"private":0,"password":""}