{"id":"gen9vgc2023regulationc-1862538592","p1":"Bobbys0642","p2":"zolorao","format":"[Gen 9] VGC 2023 Regulation C","log":"|j|\u2606Bobbys0642\n|j|\u2606zolorao\n|t:|1683898761\n|gametype|doubles\n|player|p1|Bobbys0642|101|1115\n|player|p2|zolorao|170|1031\n|teamsize|p1|6\n|teamsize|p2|6\n|gen|9\n|tier|[Gen 9] VGC 2023 Regulation C\n|rated|\n|rule|Species Clause: Limit one of each Pok\u00e9mon\n|rule|Item Clause: Limit one of each item\n|clearpoke\n|poke|p1|Armarouge, L50, F|\n|poke|p1|Iron Bundle, L50|\n|poke|p1|Indeedee-F, L50, F|\n|poke|p1|Kilowattrel, L50, F|\n|poke|p1|Torkoal, L50, M|\n|poke|p1|Palafin, L50, M|\n|poke|p2|Flutter Mane, L50|\n|poke|p2|Baxcalibur, L50, M|\n|poke|p2|Amoonguss, L50, M|\n|poke|p2|Arcanine, L50, F|\n|poke|p2|Iron Bundle, L50|\n|poke|p2|Tyranitar, L50, M|\n|teampreview|4\n|inactive|Battle timer is ON: inactive players will automatically lose when time's up. (requested by Bobbys0642)\n|\n|t:|1683898778\n|start\n|switch|p1a: Armarouge|Armarouge, L50, F|100\/100\n|switch|p1b: Iron Bundle|Iron Bundle, L50|100\/100\n|switch|p2a: Tyranitar|Tyranitar, L50, M|100\/100\n|switch|p2b: Amoonguss|Amoonguss, L50, M|100\/100\n|-weather|Sandstorm|[from] ability: Sand Stream|[of] p2a: Tyranitar\n|-enditem|p1b: Iron Bundle|Booster Energy\n|-activate|p1b: Iron Bundle|ability: Quark Drive|[fromitem]\n|-start|p1b: Iron Bundle|quarkdrivespe\n|turn|1\n|\n|t:|1683898803\n|-terastallize|p1a: Armarouge|Dark\n|move|p2b: Amoonguss|Rage Powder|p2b: Amoonguss\n|-singleturn|p2b: Amoonguss|move: Rage Powder\n|move|p1b: Iron Bundle|U-turn|p2b: Amoonguss\n|-damage|p2b: Amoonguss|90\/100\n|\n|t:|1683898811\n|-end|p1b: Iron Bundle|Quark Drive|[silent]\n|switch|p1b: Palafin|Palafin, L50, M|100\/100|[from] U-turn\n|move|p1a: Armarouge|Substitute|p1a: Armarouge\n|-start|p1a: Armarouge|Substitute\n|-damage|p1a: Armarouge|76\/100\n|move|p2a: Tyranitar|Rock Slide|p1a: Armarouge|[spread] p1a,p1b\n|-end|p1a: Armarouge|Substitute\n|-damage|p1b: Palafin|54\/100\n|\n|-weather|Sandstorm|[upkeep]\n|-damage|p1b: Palafin|48\/100|[from] Sandstorm\n|-damage|p1a: Armarouge|70\/100|[from] Sandstorm\n|-damage|p2b: Amoonguss|84\/100|[from] Sandstorm\n|upkeep\n|turn|2\n|inactive|Bobbys0642 has 30 seconds left.\n|inactive|Bobbys0642 has 20 seconds left.\n|inactive|Bobbys0642 has 15 seconds left.\n|\n|t:|1683898852\n|switch|p1a: Iron Bundle|Iron Bundle, L50|100\/100\n|move|p1b: Palafin|Drain Punch|p2a: Tyranitar\n|-supereffective|p2a: Tyranitar\n|-crit|p2a: Tyranitar\n|-damage|p2a: Tyranitar|0 fnt\n|-heal|p1b: Palafin|100\/100|[from] drain|[of] p2a: Tyranitar\n|faint|p2a: Tyranitar\n|-damage|p1b: Palafin|91\/100|[from] item: Life Orb\n|move|p2b: Amoonguss|Spore|p1a: Iron Bundle\n|-status|p1a: Iron Bundle|slp|[from] move: Spore\n|\n|-weather|Sandstorm|[upkeep]\n|-damage|p1a: Iron Bundle|94\/100 slp|[from] Sandstorm\n|-damage|p1b: Palafin|85\/100|[from] Sandstorm\n|-damage|p2b: Amoonguss|78\/100|[from] Sandstorm\n|upkeep\n|\n|t:|1683898861\n|switch|p2a: Iron Bundle|Iron Bundle, L50|100\/100\n|-enditem|p2a: Iron Bundle|Booster Energy\n|-activate|p2a: Iron Bundle|ability: Quark Drive|[fromitem]\n|-start|p2a: Iron Bundle|quarkdrivespe\n|turn|3\n|inactive|Bobbys0642 has 30 seconds left.\n|inactive|Bobbys0642 has 20 seconds left.\n|inactive|Bobbys0642 has 15 seconds left.\n|\n|t:|1683898901\n|detailschange|p1b: Palafin|Palafin-Hero, L50, M\n|switch|p1b: Indeedee|Indeedee-F, L50, F|100\/100\n|-fieldstart|move: Psychic Terrain|[from] ability: Psychic Surge|[of] p1b: Indeedee\n|-enditem|p1b: Indeedee|Psychic Seed\n|-boost|p1b: Indeedee|spd|1|[from] item: Psychic Seed\n|move|p2b: Amoonguss|Rage Powder|p2b: Amoonguss\n|-singleturn|p2b: Amoonguss|move: Rage Powder\n|move|p2a: Iron Bundle|Freeze-Dry|p1b: Indeedee\n|-damage|p1b: Indeedee|77\/100\n|cant|p1a: Iron Bundle|slp\n|\n|-weather|Sandstorm|[upkeep]\n|-damage|p2a: Iron Bundle|94\/100|[from] Sandstorm\n|-damage|p1a: Iron Bundle|88\/100 slp|[from] Sandstorm\n|-damage|p1b: Indeedee|71\/100|[from] Sandstorm\n|-damage|p2b: Amoonguss|72\/100|[from] Sandstorm\n|upkeep\n|turn|4\n|inactive|Bobbys0642 has 30 seconds left.\n|inactive|Bobbys0642 has 20 seconds left.\n|\n|t:|1683898939\n|move|p2b: Amoonguss|Protect|p2b: Amoonguss\n|-singleturn|p2b: Amoonguss|Protect\n|move|p2a: Iron Bundle|Freeze-Dry|p1a: Iron Bundle\n|-damage|p1a: Iron Bundle|6\/100 slp\n|cant|p1a: Iron Bundle|slp\n|move|p1b: Indeedee|Heal Pulse|p1a: Iron Bundle\n|-heal|p1a: Iron Bundle|56\/100 slp\n|\n|-weather|Sandstorm|[upkeep]\n|-damage|p2a: Iron Bundle|88\/100|[from] Sandstorm\n|-damage|p1a: Iron Bundle|50\/100 slp|[from] Sandstorm\n|-damage|p1b: Indeedee|64\/100|[from] Sandstorm\n|-damage|p2b: Amoonguss|66\/100|[from] Sandstorm\n|upkeep\n|turn|5\n|\n|t:|1683898967\n|-end|p1a: Iron Bundle|Quark Drive|[silent]\n|switch|p1a: Armarouge|Armarouge, L50, F, tera:Dark|70\/100\n|move|p2a: Iron Bundle|Icy Wind|p1b: Indeedee|[spread] p1a,p1b\n|-damage|p1a: Armarouge|44\/100\n|-damage|p1b: Indeedee|50\/100\n|-unboost|p1a: Armarouge|spe|1\n|-unboost|p1b: Indeedee|spe|1\n|move|p1b: Indeedee|Heal Pulse|p1a: Armarouge\n|-heal|p1a: Armarouge|94\/100\n|move|p2b: Amoonguss|Pollen Puff|p1b: Indeedee\n|-supereffective|p1b: Indeedee\n|-damage|p1b: Indeedee|24\/100\n|\n|-weather|none\n|upkeep\n|turn|6\n|inactive|Bobbys0642 has 30 seconds left.\n|inactive|zolorao has 30 seconds left.\n|inactive|zolorao has 20 seconds left.\n|\n|t:|1683899006\n|switch|p1b: Iron Bundle|Iron Bundle, L50|50\/100 slp\n|switch|p1a: Palafin|Palafin-Hero, L50, M|85\/100\n|-activate|p1a: Palafin|ability: Zero to Hero\n|move|p2a: Iron Bundle|Hydro Pump|p1a: Palafin\n|-resisted|p1a: Palafin\n|-damage|p1a: Palafin|52\/100\n|move|p2b: Amoonguss|Pollen Puff|p1b: Iron Bundle\n|-damage|p1b: Iron Bundle|7\/100 slp\n|\n|upkeep\n|turn|7\n|inactive|Bobbys0642 has 30 seconds left.\n|inactive|Bobbys0642 has 20 seconds left.\n|\n|t:|1683899043\n|-end|p1b: Iron Bundle|Quark Drive|[silent]\n|switch|p1b: Indeedee|Indeedee-F, L50, F|24\/100\n|move|p2b: Amoonguss|Rage Powder|p2b: Amoonguss\n|-singleturn|p2b: Amoonguss|move: Rage Powder\n|move|p2a: Iron Bundle|Icy Wind|p1b: Indeedee|[spread] p1a,p1b\n|-resisted|p1a: Palafin\n|-damage|p1a: Palafin|41\/100\n|-damage|p1b: Indeedee|6\/100\n|-unboost|p1a: Palafin|spe|1\n|-unboost|p1b: Indeedee|spe|1\n|move|p1a: Palafin|Drain Punch|p2b: Amoonguss\n|-resisted|p2b: Amoonguss\n|-damage|p2b: Amoonguss|50\/100\n|-heal|p1a: Palafin|51\/100|[from] drain|[of] p2b: Amoonguss\n|-enditem|p2b: Amoonguss|Sitrus Berry|[eat]\n|-heal|p2b: Amoonguss|74\/100|[from] item: Sitrus Berry\n|-damage|p1a: Palafin|42\/100|[from] item: Life Orb\n|\n|-fieldend|move: Psychic Terrain\n|upkeep\n|turn|8\n|inactive|Bobbys0642 has 30 seconds left.\n|\n|t:|1683899068\n|move|p1b: Indeedee|Follow Me|p1b: Indeedee\n|-singleturn|p1b: Indeedee|move: Follow Me\n|move|p2b: Amoonguss|Rage Powder|p2b: Amoonguss\n|-singleturn|p2b: Amoonguss|move: Rage Powder\n|move|p2a: Iron Bundle|Icy Wind|p1b: Indeedee|[spread] p1a,p1b\n|-resisted|p1a: Palafin\n|-damage|p1a: Palafin|30\/100\n|-damage|p1b: Indeedee|0 fnt\n|-unboost|p1a: Palafin|spe|1\n|faint|p1b: Indeedee\n|move|p1a: Palafin|Ice Punch|p2b: Amoonguss\n|-supereffective|p2b: Amoonguss\n|-damage|p2b: Amoonguss|3\/100\n|-status|p2b: Amoonguss|frz\n|-damage|p1a: Palafin|20\/100|[from] item: Life Orb\n|\n|upkeep\n|\n|t:|1683899088\n|switch|p1b: Armarouge|Armarouge, L50, F, tera:Dark|94\/100\n|turn|9\n|\n|t:|1683899111\n|move|p2a: Iron Bundle|Protect|p2a: Iron Bundle\n|-singleturn|p2a: Iron Bundle|Protect\n|move|p1b: Armarouge|Armor Cannon|p2a: Iron Bundle\n|-activate|p2a: Iron Bundle|move: Protect\n|move|p1a: Palafin|Drain Punch|p2a: Iron Bundle\n|-activate|p2a: Iron Bundle|move: Protect\n|cant|p2b: Amoonguss|frz\n|\n|upkeep\n|turn|10\n|inactive|Bobbys0642 has 30 seconds left.\n|\n|t:|1683899138\n|-end|p2a: Iron Bundle|Quark Drive|[silent]\n|switch|p2a: Flutter Mane|Flutter Mane, L50|100\/100\n|switch|p1a: Iron Bundle|Iron Bundle, L50|7\/100 slp\n|move|p1b: Armarouge|Aura Sphere|p2a: Flutter Mane\n|-immune|p2a: Flutter Mane\n|-curestatus|p2b: Amoonguss|frz|[msg]\n|move|p2b: Amoonguss|Spore|p1b: Armarouge\n|-status|p1b: Armarouge|slp|[from] move: Spore\n|\n|upkeep\n|turn|11\n|inactive|Bobbys0642 has 30 seconds left.\n|\n|t:|1683899166\n|switch|p2b: Iron Bundle|Iron Bundle, L50|88\/100\n|-curestatus|p1a: Iron Bundle|slp|[msg]\n|move|p1a: Iron Bundle|U-turn|p1b: Armarouge\n|-supereffective|p1b: Armarouge\n|-damage|p1b: Armarouge|66\/100 slp\n|-ability|p1b: Armarouge|Weak Armor|boost\n|-unboost|p1b: Armarouge|def|1\n|-boost|p1b: Armarouge|spe|2\n|-enditem|p1b: Armarouge|Weakness Policy\n|-boost|p1b: Armarouge|atk|2|[from] item: Weakness Policy\n|-boost|p1b: Armarouge|spa|2|[from] item: Weakness Policy\n|\n|t:|1683899177\n|-end|p1a: Iron Bundle|Quark Drive|[silent]\n|switch|p1a: Palafin|Palafin-Hero, L50, M|20\/100|[from] U-turn\n|cant|p1b: Armarouge|slp\n|move|p2a: Flutter Mane|Dazzling Gleam|p1b: Armarouge|[spread] p1a,p1b\n|-supereffective|p1b: Armarouge\n|-crit|p1b: Armarouge\n|-damage|p1a: Palafin|0 fnt\n|-damage|p1b: Armarouge|0 fnt\n|faint|p1a: Palafin\n|faint|p1b: Armarouge\n|\n|upkeep\n|c|\u2606Bobbys0642|gg\n|c|\u2606zolorao|gg\n|\n|t:|1683899189\n|switch|p1b: Iron Bundle|Iron Bundle, L50|7\/100\n|turn|12\n|\n|t:|1683899196\n|move|p2b: Iron Bundle|Freeze-Dry|p1b: Iron Bundle\n|-damage|p1b: Iron Bundle|0 fnt\n|faint|p1b: Iron Bundle\n|-end|p1b: Iron Bundle|Quark Drive|[silent]\n|\n|win|zolorao\n|raw|Bobbys0642's rating: 1115 → 1084<\/strong> (-31 for losing)\n|raw|zolorao's rating: 1031 → 1075<\/strong> (+44 for winning)\n|l|\u2606Bobbys0642\n","uploadtime":1683899211,"views":11,"p1id":"bobbys0642","p2id":"zolorao","formatid":"gen9vgc2023regulationc","rating":1075,"private":0,"password":""}