{"id":"gen9vgc2023regulationc-1856085776","p1":"classe 4","p2":"andre90210","format":"[Gen 9] VGC 2023 Regulation C","log":"|j|\u2606classe 4\n|j|\u2606andre90210\n|t:|1683028348\n|gametype|doubles\n|player|p1|classe 4|crasherwake|1060\n|player|p2|andre90210|lucas|1000\n|teamsize|p1|6\n|teamsize|p2|6\n|gen|9\n|tier|[Gen 9] VGC 2023 Regulation C\n|rated|\n|rule|Species Clause: Limit one of each Pok\u00e9mon\n|rule|Item Clause: Limit one of each item\n|clearpoke\n|poke|p1|Dragonite, L50, M|\n|poke|p1|Chien-Pao, L50|\n|poke|p1|Flutter Mane, L50|\n|poke|p1|Tyranitar, L50, M|\n|poke|p1|Lycanroc, L50, M|\n|poke|p1|Arcanine, L50, F|\n|poke|p2|Baxcalibur, L50, M|\n|poke|p2|Palafin, L50, M|\n|poke|p2|Arcanine, L50, M|\n|poke|p2|Amoonguss, L50, F|\n|poke|p2|Flutter Mane, L50|\n|poke|p2|Ting-Lu, L50|\n|teampreview|4\n|\n|t:|1683028372\n|start\n|switch|p1a: matias|Tyranitar, L50, M|100\/100\n|switch|p1b: tancredi|Lycanroc, L50, M|100\/100\n|switch|p2a: Palafin|Palafin, L50, M|100\/100\n|switch|p2b: Arcanine|Arcanine, L50, M|100\/100\n|-ability|p2b: Arcanine|Intimidate|boost\n|-unboost|p1a: matias|atk|1\n|-unboost|p1b: tancredi|atk|1\n|-weather|Sandstorm|[from] ability: Sand Stream|[of] p1a: matias\n|turn|1\n|\n|t:|1683028394\n|move|p2a: Palafin|Jet Punch|p1b: tancredi\n|-supereffective|p1b: tancredi\n|-damage|p1b: tancredi|8\/100\n|move|p1b: tancredi|Rock Slide|p2a: Palafin|[spread] p2a,p2b\n|-supereffective|p2b: Arcanine\n|-damage|p2a: Palafin|76\/100\n|-damage|p2b: Arcanine|59\/100\n|move|p2b: Arcanine|Will-O-Wisp|p1a: matias\n|-status|p1a: matias|brn\n|move|p1a: matias|Rock Slide|p2b: Arcanine|[spread] p2a,p2b\n|-crit|p2a: Palafin\n|-supereffective|p2b: Arcanine\n|-damage|p2a: Palafin|50\/100\n|-damage|p2b: Arcanine|42\/100\n|\n|-weather|Sandstorm|[upkeep]\n|-damage|p2b: Arcanine|36\/100|[from] Sandstorm\n|-damage|p2a: Palafin|44\/100|[from] Sandstorm\n|-damage|p1a: matias|95\/100 brn|[from] brn\n|upkeep\n|turn|2\n|\n|t:|1683028425\n|switch|p1b: Leo S.|Chien-Pao, L50|100\/100\n|-ability|p1b: Leo S.|Sword of Ruin\n|detailschange|p2a: Palafin|Palafin-Hero, L50, M\n|switch|p2a: Ting-Lu|Ting-Lu, L50|100\/100\n|-ability|p2a: Ting-Lu|Vessel of Ruin\n|move|p2b: Arcanine|Protect|p2b: Arcanine\n|-singleturn|p2b: Arcanine|Protect\n|move|p1a: matias|Rock Slide|p2a: Ting-Lu|[spread] p2a\n|-activate|p2b: Arcanine|move: Protect\n|-resisted|p2a: Ting-Lu\n|-damage|p2a: Ting-Lu|98\/100\n|\n|-weather|Sandstorm|[upkeep]\n|-damage|p1b: Leo S.|94\/100|[from] Sandstorm\n|-damage|p2b: Arcanine|30\/100|[from] Sandstorm\n|-damage|p1a: matias|89\/100 brn|[from] brn\n|upkeep\n|turn|3\n|\n|t:|1683028466\n|switch|p1a: fede|Arcanine, L50, F, shiny|100\/100\n|-ability|p1a: fede|Intimidate|boost\n|-unboost|p2a: Ting-Lu|atk|1\n|-unboost|p2b: Arcanine|atk|1\n|move|p1b: Leo S.|Ice Spinner|p2a: Ting-Lu\n|-supereffective|p2a: Ting-Lu\n|-damage|p2a: Ting-Lu|43\/100\n|move|p2b: Arcanine|Flare Blitz|p1b: Leo S.\n|-supereffective|p1b: Leo S.\n|-damage|p1b: Leo S.|25\/100\n|-status|p1b: Leo S.|brn\n|-damage|p2b: Arcanine|7\/100|[from] Recoil\n|-enditem|p2b: Arcanine|Figy Berry|[eat]\n|-heal|p2b: Arcanine|40\/100|[from] item: Figy Berry\n|move|p2a: Ting-Lu|Stomping Tantrum|p1a: fede\n|-supereffective|p1a: fede\n|-damage|p1a: fede|52\/100\n|\n|-weather|Sandstorm|[upkeep]\n|-damage|p1b: Leo S.|19\/100 brn|[from] Sandstorm\n|-damage|p2b: Arcanine|35\/100|[from] Sandstorm\n|-damage|p1b: Leo S.|13\/100 brn|[from] brn\n|upkeep\n|turn|4\n|\n|t:|1683028501\n|move|p2b: Arcanine|Protect|p2b: Arcanine\n|-singleturn|p2b: Arcanine|Protect\n|move|p1b: Leo S.|Ice Spinner|p2b: Arcanine\n|-activate|p2b: Arcanine|move: Protect\n|move|p1a: fede|Flare Blitz|p2a: Ting-Lu\n|-damage|p2a: Ting-Lu|6\/100\n|-damage|p1a: fede|36\/100|[from] Recoil\n|move|p2a: Ting-Lu|Fissure|p1a: fede|[miss]\n|-miss|p2a: Ting-Lu|p1a: fede\n|\n|-weather|Sandstorm|[upkeep]\n|-damage|p1b: Leo S.|7\/100 brn|[from] Sandstorm\n|-damage|p2b: Arcanine|29\/100|[from] Sandstorm\n|-damage|p1b: Leo S.|0 fnt|[from] brn\n|faint|p1b: Leo S.\n|upkeep\n|\n|t:|1683028520\n|switch|p1b: matias|Tyranitar, L50, M|89\/100 brn\n|turn|5\n|\n|t:|1683028540\n|move|p2b: Arcanine|Flare Blitz|p1a: fede\n|-resisted|p1a: fede\n|-damage|p1a: fede|20\/100\n|-damage|p2b: Arcanine|23\/100|[from] Recoil\n|move|p1a: fede|Flare Blitz|p2b: Arcanine\n|-resisted|p2b: Arcanine\n|-damage|p2b: Arcanine|0 fnt\n|faint|p2b: Arcanine\n|-damage|p1a: fede|13\/100|[from] Recoil\n|move|p1b: matias|Low Kick|p2a: Ting-Lu\n|-supereffective|p2a: Ting-Lu\n|-crit|p2a: Ting-Lu\n|-damage|p2a: Ting-Lu|0 fnt\n|faint|p2a: Ting-Lu\n|\n|-weather|none\n|-damage|p1b: matias|83\/100 brn|[from] brn\n|upkeep\n|\n|t:|1683028558\n|switch|p2b: Flutter Mane|Flutter Mane, L50|100\/100\n|switch|p2a: Palafin|Palafin-Hero, L50, M|44\/100\n|-activate|p2a: Palafin|ability: Zero to Hero\n|turn|6\n|\n|t:|1683028574\n|-terastallize|p2a: Palafin|Water\n|-terastallize|p1a: fede|Water\n|move|p2a: Palafin|Jet Punch|p1b: matias\n|-supereffective|p1b: matias\n|-damage|p1b: matias|0 fnt\n|faint|p1b: matias\n|move|p2b: Flutter Mane|Dazzling Gleam|p1a: fede\n|-damage|p1a: fede|0 fnt\n|faint|p1a: fede\n|\n|upkeep\n|\n|t:|1683028590\n|switch|p1a: tancredi|Lycanroc, L50, M|8\/100\n|turn|7\n|\n|t:|1683028596\n|move|p2a: Palafin|Jet Punch|p1a: tancredi\n|-supereffective|p1a: tancredi\n|-damage|p1a: tancredi|0 fnt\n|faint|p1a: tancredi\n|\n|win|andre90210\n|raw|classe 4's rating: 1060 → 1038<\/strong> (-22 for losing)\n|raw|andre90210's rating: 1000 → 1047<\/strong> (+47 for winning)\n","uploadtime":1683028604,"views":7,"p1id":"classe4","p2id":"andre90210","formatid":"gen9vgc2023regulationc","rating":1038,"private":0,"password":""}