{"id":"gen9vgc2023regulationc-1857865579","p1":"jtpjdagj112","p2":"aggron zheng","format":"[Gen 9] VGC 2023 Regulation C","log":"|j|\u2606jtpjdagj112\n|j|\u2606aggron zheng\n|t:|1683240541\n|gametype|doubles\n|player|p1|jtpjdagj112|1|1626\n|player|p2|aggron zheng|101|1633\n|teamsize|p1|6\n|teamsize|p2|6\n|gen|9\n|tier|[Gen 9] VGC 2023 Regulation C\n|rated|\n|rule|Species Clause: Limit one of each Pok\u00e9mon\n|rule|Item Clause: Limit one of each item\n|clearpoke\n|poke|p1|Lycanroc, L50, F|\n|poke|p1|Tyranitar, L50, M|\n|poke|p1|Flutter Mane, L50|\n|poke|p1|Maushold-Four, L50|\n|poke|p1|Braviary, L50, M|\n|poke|p1|Dondozo, L50, M|\n|poke|p2|Dondozo, L50, M|\n|poke|p2|Tatsugiri, L50, M|\n|poke|p2|Chi-Yu, L50|\n|poke|p2|Iron Bundle, L50|\n|poke|p2|Dragonite, L50, M|\n|poke|p2|Kingambit, L50, F|\n|teampreview|4\n|c|\u2606aggron zheng|glhf\naggron zheng has agreed to open team sheets.\n|\n|t:|1683240601\n|start\n|switch|p1a: Dondozo|Dondozo, L50, M|100\/100\n|switch|p1b: Maushold|Maushold-Four, L50|100\/100\n|switch|p2a: Dondozo|Dondozo, L50, M, shiny|100\/100\n|switch|p2b: Kingambit|Kingambit, L50, F|100\/100\n|turn|1\n|\n|t:|1683240630\n|move|p1b: Maushold|Protect|p1b: Maushold\n|-singleturn|p1b: Maushold|Protect\n|move|p2a: Dondozo|Protect|p2a: Dondozo\n|-singleturn|p2a: Dondozo|Protect\n|move|p2b: Kingambit|Kowtow Cleave|p1a: Dondozo\n|-damage|p1a: Dondozo|70\/100\n|move|p1a: Dondozo|Liquidation|p2b: Kingambit\n|-damage|p2b: Kingambit|77\/100\n|\n|upkeep\n|turn|2\n|\n|t:|1683240662\n|switch|p2b: Tatsugiri|Tatsugiri, L50, M|100\/100\n|-activate|p2b: Tatsugiri|ability: Commander|[of] p2a: Dondozo\n|-boost|p2a: Dondozo|atk|2\n|-boost|p2a: Dondozo|spa|2\n|-boost|p2a: Dondozo|spe|2\n|-boost|p2a: Dondozo|def|2\n|-boost|p2a: Dondozo|spd|2\n|move|p2a: Dondozo|Wave Crash|p1b: Maushold\n|-damage|p1b: Maushold|0 fnt\n|faint|p1b: Maushold\n|-damage|p2a: Dondozo|78\/100|[from] Recoil\n|move|p1a: Dondozo|Liquidation|p2b: Tatsugiri|[miss]\n|-miss|p1a: Dondozo|p2b: Tatsugiri\n|\n|-heal|p2a: Dondozo|84\/100|[from] item: Leftovers\n|upkeep\n|\n|t:|1683240682\n|switch|p1b: Tyranitar|Tyranitar, L50, M|100\/100\n|-weather|Sandstorm|[from] ability: Sand Stream|[of] p1b: Tyranitar\n|turn|3\n|\n|t:|1683240721\n|-terastallize|p1a: Dondozo|Ghost\n|move|p2a: Dondozo|Earthquake|p1a: Dondozo|[spread] p1a,p1b\n|-miss|p2a: Dondozo|p2b: Tatsugiri\n|-supereffective|p1b: Tyranitar\n|-crit|p1b: Tyranitar\n|-damage|p1a: Dondozo|57\/100\n|-damage|p1b: Tyranitar|0 fnt\n|faint|p1b: Tyranitar\n|move|p1a: Dondozo|Curse|p2a: Dondozo\n|-start|p2a: Dondozo|Curse|[of] p1a: Dondozo\n|-damage|p1a: Dondozo|8\/100\n|\n|-weather|Sandstorm|[upkeep]\n|-damage|p2b: Tatsugiri|95\/100|[from] Sandstorm\n|-damage|p2a: Dondozo|78\/100|[from] Sandstorm\n|-damage|p1a: Dondozo|1\/100|[from] Sandstorm\n|-heal|p2a: Dondozo|84\/100|[from] item: Leftovers\n|-damage|p2a: Dondozo|59\/100|[from] Curse\n|upkeep\n|\n|t:|1683240742\n|switch|p1b: Lycanroc|Lycanroc, L50, F|100\/100\n|turn|4\n|\n|t:|1683240754\n|move|p2a: Dondozo|Protect|p2a: Dondozo\n|-singleturn|p2a: Dondozo|Protect\n|move|p1b: Lycanroc|Rock Slide|p2b: Tatsugiri|[spread] \n|-miss|p1b: Lycanroc|p2b: Tatsugiri\n|-activate|p2a: Dondozo|move: Protect\n|move|p1a: Dondozo|Rest|p1a: Dondozo\n|-status|p1a: Dondozo|slp|[from] move: Rest\n|-enditem|p1a: Dondozo|Lum Berry|[eat]\n|-curestatus|p1a: Dondozo|slp|[msg]\n|-heal|p1a: Dondozo|100\/100|[silent]\n|\n|-weather|Sandstorm|[upkeep]\n|-damage|p2b: Tatsugiri|89\/100|[from] Sandstorm\n|-damage|p2a: Dondozo|53\/100|[from] Sandstorm\n|-damage|p1a: Dondozo|94\/100|[from] Sandstorm\n|-heal|p2a: Dondozo|59\/100|[from] item: Leftovers\n|-damage|p2a: Dondozo|34\/100|[from] Curse\n|upkeep\n|turn|5\n|\n|t:|1683240779\n|move|p1b: Lycanroc|Rock Slide|p2b: Tatsugiri|[spread] p2a\n|-miss|p1b: Lycanroc|p2b: Tatsugiri\n|-damage|p2a: Dondozo|18\/100\n|cant|p2a: Dondozo|flinch\n|move|p1a: Dondozo|Liquidation|p2a: Dondozo\n|-resisted|p2a: Dondozo\n|-damage|p2a: Dondozo|8\/100\n|-unboost|p2a: Dondozo|def|1\n|\n|-weather|Sandstorm|[upkeep]\n|-damage|p2b: Tatsugiri|84\/100|[from] Sandstorm\n|-damage|p2a: Dondozo|2\/100|[from] Sandstorm\n|-damage|p1a: Dondozo|88\/100|[from] Sandstorm\n|-heal|p2a: Dondozo|8\/100|[from] item: Leftovers\n|-damage|p2a: Dondozo|0 fnt|[from] Curse\n|faint|p2a: Dondozo\n|upkeep\n|\n|t:|1683240798\n|switch|p2a: Kingambit|Kingambit, L50, F|77\/100\n|turn|6\n|\n|t:|1683240821\n|move|p2a: Kingambit|Sucker Punch|p1b: Lycanroc\n|-damage|p1b: Lycanroc|32\/100\n|move|p1b: Lycanroc|Rock Slide|p2b: Tatsugiri|[spread] p2a,p2b\n|-resisted|p2a: Kingambit\n|-damage|p2a: Kingambit|59\/100\n|-damage|p2b: Tatsugiri|8\/100\n|move|p2b: Tatsugiri|Muddy Water|p1a: Dondozo|[spread] p1b\n|-miss|p2b: Tatsugiri|p1a: Dondozo\n|-supereffective|p1b: Lycanroc\n|-crit|p1b: Lycanroc\n|-damage|p1b: Lycanroc|0 fnt\n|faint|p1b: Lycanroc\n|move|p1a: Dondozo|Liquidation|p2a: Kingambit\n|-damage|p2a: Kingambit|37\/100\n|\n|-weather|Sandstorm|[upkeep]\n|-damage|p2b: Tatsugiri|3\/100|[from] Sandstorm\n|-damage|p1a: Dondozo|82\/100|[from] Sandstorm\n|upkeep\n|turn|7\n|-message|jtpjdagj112 forfeited.\n|\n|win|aggron zheng\n|raw|jtpjdagj112's rating: 1626 → 1606<\/strong> (-20 for losing)\n|raw|aggron zheng's rating: 1633 → 1653<\/strong> (+20 for winning)\n|l|\u2606jtpjdagj112\n|c|\u2606aggron zheng|gg\n","uploadtime":1683241433,"views":10,"p1id":"jtpjdagj112","p2id":"aggronzheng","formatid":"gen9vgc2023regulationc","rating":1606,"private":0,"password":""}