{"id":"gen9vgc2023regulationc-1851633827","p1":"Sunny_zong","p2":"Hikawari","format":"[Gen 9] VGC 2023 Regulation C","log":"|j|\u2606Sunny_zong\n|j|\u2606Hikawari\n|t:|1682463635\n|gametype|doubles\n|player|p1|Sunny_zong|lady|1273\n|player|p2|Hikawari|101|1297\n|teamsize|p1|6\n|teamsize|p2|6\n|gen|9\n|tier|[Gen 9] VGC 2023 Regulation C\n|rated|\n|rule|Species Clause: Limit one of each Pok\u00e9mon\n|rule|Item Clause: Limit one of each item\n|clearpoke\n|poke|p1|Iron Valiant, L50|\n|poke|p1|Pincurchin, L50, F|\n|poke|p1|Iron Moth, L50|\n|poke|p1|Iron Treads, L50|\n|poke|p1|Iron Hands, L50|\n|poke|p1|Iron Bundle, L50|\n|poke|p2|Amoonguss, L50, M|\n|poke|p2|Baxcalibur, L50, M|\n|poke|p2|Corviknight, L50, F|\n|poke|p2|Glimmora, L50, M|\n|poke|p2|Arcanine, L50, F|\n|poke|p2|Ting-Lu, L50|\n|teampreview|4\n|inactive|Battle timer is ON: inactive players will automatically lose when time's up. (requested by Sunny_zong)\nHikawari has agreed to open team sheets.\nSunny_zong has agreed to open team sheets.\n|inactive|Hikawari has 60 seconds left.\n|\n|t:|1682463674\n|start\n|switch|p1a: Iron Treads|Iron Treads, L50|100\/100\n|switch|p1b: Pincurchin|Pincurchin, L50, F, shiny|100\/100\n|switch|p2a: Glimmora|Glimmora, L50, M|100\/100\n|switch|p2b: Ting-Lu|Ting-Lu, L50|100\/100\n|-ability|p2b: Ting-Lu|Vessel of Ruin\n|-fieldstart|move: Electric Terrain|[from] ability: Electric Surge|[of] p1b: Pincurchin\n|-activate|p1a: Iron Treads|ability: Quark Drive\n|-start|p1a: Iron Treads|quarkdrivespe\n|turn|1\n|inactive|Hikawari has 30 seconds left.\n|inactive|Hikawari has 20 seconds left.\n|\n|t:|1682463710\n|-terastallize|p1b: Pincurchin|Flying\n|move|p2a: Glimmora|Protect|p2a: Glimmora\n|-singleturn|p2a: Glimmora|Protect\n|move|p1a: Iron Treads|Earthquake|p2a: Glimmora|[spread] p2b\n|-activate|p2a: Glimmora|move: Protect\n|-immune|p1b: Pincurchin\n|-damage|p2b: Ting-Lu|68\/100\n|move|p2b: Ting-Lu|Stomping Tantrum|p1a: Iron Treads\n|-supereffective|p1a: Iron Treads\n|-damage|p1a: Iron Treads|46\/100\n|move|p1b: Pincurchin|Liquidation|p2a: Glimmora\n|-activate|p2a: Glimmora|move: Protect\n|\n|upkeep\n|turn|2\n|\n|t:|1682463727\n|-terastallize|p2a: Glimmora|Grass\n|move|p1a: Iron Treads|Earthquake|p2b: Ting-Lu|[spread] p2a,p2b\n|-immune|p1b: Pincurchin\n|-resisted|p2a: Glimmora\n|-damage|p2a: Glimmora|66\/100\n|-damage|p2b: Ting-Lu|39\/100\n|-activate|p2a: Glimmora|ability: Toxic Debris\n|-sidestart|p1: Sunny_zong|move: Toxic Spikes\n|-enditem|p2b: Ting-Lu|Sitrus Berry|[eat]\n|-heal|p2b: Ting-Lu|64\/100|[from] item: Sitrus Berry\n|move|p2a: Glimmora|Power Gem|p1b: Pincurchin\n|-supereffective|p1b: Pincurchin\n|-damage|p1b: Pincurchin|14\/100\n|move|p2b: Ting-Lu|Stomping Tantrum|p1a: Iron Treads\n|-supereffective|p1a: Iron Treads\n|-damage|p1a: Iron Treads|0 fnt\n|faint|p1a: Iron Treads\n|-end|p1a: Iron Treads|Quark Drive|[silent]\n|move|p1b: Pincurchin|Liquidation|p2b: Ting-Lu\n|-supereffective|p2b: Ting-Lu\n|-damage|p2b: Ting-Lu|33\/100\n|\n|upkeep\n|\n|t:|1682463732\n|switch|p1a: Iron Valiant|Iron Valiant, L50|100\/100\n|-status|p1a: Iron Valiant|psn\n|-activate|p1a: Iron Valiant|ability: Quark Drive\n|-start|p1a: Iron Valiant|quarkdrivespe\n|turn|3\n|inactive|Hikawari has 30 seconds left.\n|\n|t:|1682463763\n|move|p2a: Glimmora|Mortal Spin|p1a: Iron Valiant|[spread] p1a,p1b\n|-supereffective|p1a: Iron Valiant\n|-damage|p1a: Iron Valiant|88\/100 psn\n|-damage|p1b: Pincurchin|8\/100\n|-status|p1b: Pincurchin|psn\n|move|p2b: Ting-Lu|Stomping Tantrum|p1a: Iron Valiant\n|-damage|p1a: Iron Valiant|48\/100 psn\n|move|p1b: Pincurchin|Liquidation|p2b: Ting-Lu\n|-supereffective|p2b: Ting-Lu\n|-damage|p2b: Ting-Lu|2\/100\n|move|p1a: Iron Valiant|Trick Room|p1a: Iron Valiant\n|-fieldstart|move: Trick Room|[of] p1a: Iron Valiant\n|\n|-damage|p1b: Pincurchin|0 fnt|[from] psn\n|faint|p1b: Pincurchin\n|-damage|p1a: Iron Valiant|36\/100 psn|[from] psn\n|upkeep\n|\n|t:|1682463766\n|switch|p1b: Iron Hands|Iron Hands, L50|100\/100\n|-status|p1b: Iron Hands|psn\n|-activate|p1b: Iron Hands|ability: Quark Drive\n|-start|p1b: Iron Hands|quarkdriveatk\n|turn|4\n|inactive|Sunny_zong has 30 seconds left.\n|\n|t:|1682463796\n|move|p2a: Glimmora|Protect|p2a: Glimmora\n|-singleturn|p2a: Glimmora|Protect\n|move|p1b: Iron Hands|Earthquake|p2b: Ting-Lu|[spread] p1a,p2b\n|-activate|p2a: Glimmora|move: Protect\n|-damage|p1a: Iron Valiant|0 fnt\n|-damage|p2b: Ting-Lu|0 fnt\n|faint|p1a: Iron Valiant\n|-end|p1a: Iron Valiant|Quark Drive|[silent]\n|faint|p2b: Ting-Lu\n|-damage|p1b: Iron Hands|91\/100 psn|[from] item: Life Orb\n|\n|-damage|p1b: Iron Hands|78\/100 psn|[from] psn\n|upkeep\n|\n|t:|1682463806\n|switch|p2b: Corviknight|Corviknight, L50, F|100\/100\n|turn|5\n|\n|t:|1682463817\n|move|p1b: Iron Hands|Drain Punch|p2a: Glimmora\n|-damage|p2a: Glimmora|0 fnt\n|-heal|p1b: Iron Hands|98\/100 psn|[from] drain|[of] p2a: Glimmora\n|-activate|p2a: Glimmora|ability: Toxic Debris\n|-sidestart|p1: Sunny_zong|move: Toxic Spikes\n|faint|p2a: Glimmora\n|-damage|p1b: Iron Hands|88\/100 psn|[from] item: Life Orb\n|move|p2b: Corviknight|Bulk Up|p2b: Corviknight\n|-boost|p2b: Corviknight|atk|1\n|-boost|p2b: Corviknight|def|1\n|\n|-damage|p1b: Iron Hands|76\/100 psn|[from] psn\n|upkeep\n|\n|t:|1682463828\n|switch|p2a: Amoonguss|Amoonguss, L50, M|100\/100\n|turn|6\n|\n|t:|1682463838\n|move|p2a: Amoonguss|Rage Powder|p2a: Amoonguss\n|-singleturn|p2a: Amoonguss|move: Rage Powder\n|move|p1b: Iron Hands|Thunder Punch|p2a: Amoonguss\n|-resisted|p2a: Amoonguss\n|-damage|p2a: Amoonguss|60\/100\n|-damage|p1b: Iron Hands|60\/100 psn|[from] item: Rocky Helmet|[of] p2a: Amoonguss\n|-damage|p1b: Iron Hands|50\/100 psn|[from] item: Life Orb\n|move|p2b: Corviknight|Bulk Up|p2b: Corviknight\n|-boost|p2b: Corviknight|atk|1\n|-boost|p2b: Corviknight|def|1\n|\n|-damage|p1b: Iron Hands|37\/100 psn|[from] psn\n|upkeep\n|turn|7\n|-message|Sunny_zong forfeited.\n|\n|win|Hikawari\n|raw|Sunny_zong's rating: 1273 → 1250<\/strong> (-23 for losing)\n|raw|Hikawari's rating: 1297 → 1320<\/strong> (+23 for winning)\n|l|\u2606Sunny_zong\n","uploadtime":1682463858,"views":18,"p1id":"sunnyzong","p2id":"hikawari","formatid":"gen9vgc2023regulationc","rating":1250,"private":0,"password":""}