{"id":"gen9vgc2023regulationc-1850561122","p1":"dsaioewlfds","p2":"pelukas","format":"[Gen 9] VGC 2023 Regulation C","log":"|j|\u203ddsaioewlfds\n|j|\u2606pelukas\n|t:|1682348767\n|gametype|doubles\n|player|p1|dsaioewlfds|n|1060\n|player|p2|pelukas|gambler|1038\n|teamsize|p1|6\n|teamsize|p2|6\n|gen|9\n|tier|[Gen 9] VGC 2023 Regulation C\n|rated|\n|rule|Species Clause: Limit one of each Pok\u00e9mon\n|rule|Item Clause: Limit one of each item\n|clearpoke\n|poke|p1|Annihilape, L50, M|\n|poke|p1|Maushold, L50|\n|poke|p1|Flutter Mane, L50|\n|poke|p1|Tyranitar, L50, M|\n|poke|p1|Lycanroc, L50, F|\n|poke|p1|Ting-Lu, L50|\n|poke|p2|Flutter Mane, L50|\n|poke|p2|Garganacl, L50, M|\n|poke|p2|Iron Valiant, L50|\n|poke|p2|Tinkaton, L50, F|\n|poke|p2|Grimmsnarl, L50, M|\n|poke|p2|Gardevoir, L50, F|\n|teampreview|4\ndsaioewlfds rejected open team sheets.\n|\n|t:|1682348805\n|start\n|switch|p1a: Tyranitar|Tyranitar, L50, M|100\/100\n|switch|p1b: Lycanroc|Lycanroc, L50, F|100\/100\n|switch|p2a: Tinkaton|Tinkaton, L50, F, shiny|100\/100\n|switch|p2b: Grimmsnarl|Grimmsnarl, L50, M, shiny|100\/100\n|-ability|p2a: Tinkaton|Mold Breaker\n|-weather|Sandstorm|[from] ability: Sand Stream|[of] p1a: Tyranitar\n|turn|1\n|\n|t:|1682348848\n|move|p2a: Tinkaton|Fake Out|p1b: Lycanroc\n|-resisted|p1b: Lycanroc\n|-damage|p1b: Lycanroc|94\/100\n|move|p2b: Grimmsnarl|Reflect|p2b: Grimmsnarl\n|-sidestart|p2: pelukas|Reflect\n|cant|p1b: Lycanroc|flinch\n|move|p1a: Tyranitar|Rock Slide|p2a: Tinkaton|[spread] p2a,p2b\n|-resisted|p2a: Tinkaton\n|-damage|p2a: Tinkaton|86\/100\n|-damage|p2b: Grimmsnarl|77\/100\n|\n|-weather|Sandstorm|[upkeep]\n|-damage|p2b: Grimmsnarl|71\/100|[from] Sandstorm\n|upkeep\n|turn|2\n|\n|t:|1682348876\n|move|p2b: Grimmsnarl|Parting Shot|p1a: Tyranitar\n|-hint|Since gen 7, Dark is immune to Prankster moves.\n|-immune|p1a: Tyranitar\n|move|p1b: Lycanroc|Rock Slide|p2b: Grimmsnarl|[spread] p2a,p2b\n|-resisted|p2a: Tinkaton\n|-damage|p2a: Tinkaton|74\/100\n|-damage|p2b: Grimmsnarl|51\/100\n|move|p2a: Tinkaton|Gigaton Hammer|p1b: Lycanroc\n|-supereffective|p1b: Lycanroc\n|-damage|p1b: Lycanroc|0 fnt\n|faint|p1b: Lycanroc\n|move|p1a: Tyranitar|Low Kick|p2a: Tinkaton\n|-damage|p2a: Tinkaton|43\/100\n|\n|-weather|Sandstorm|[upkeep]\n|-damage|p2b: Grimmsnarl|45\/100|[from] Sandstorm\n|upkeep\n|\n|t:|1682348889\n|switch|p1b: Ting-Lu|Ting-Lu, L50|100\/100\n|-ability|p1b: Ting-Lu|Vessel of Ruin\n|turn|3\n|\n|t:|1682348904\n|move|p2a: Tinkaton|Play Rough|p1a: Tyranitar\n|-supereffective|p1a: Tyranitar\n|-damage|p1a: Tyranitar|57\/100\n|move|p1a: Tyranitar|Rock Slide|p2a: Tinkaton|[spread] p2a,p2b\n|-resisted|p2a: Tinkaton\n|-damage|p2a: Tinkaton|31\/100\n|-damage|p2b: Grimmsnarl|23\/100\n|move|p2b: Grimmsnarl|Spirit Break|p1a: Tyranitar\n|-supereffective|p1a: Tyranitar\n|-damage|p1a: Tyranitar|11\/100\n|-unboost|p1a: Tyranitar|spa|1\n|move|p1b: Ting-Lu|Stomping Tantrum|p2b: Grimmsnarl\n|-damage|p2b: Grimmsnarl|0 fnt\n|faint|p2b: Grimmsnarl\n|\n|-weather|Sandstorm|[upkeep]\n|upkeep\n|\n|t:|1682348921\n|switch|p2b: Gardevoir|Gardevoir, L50, F, shiny|100\/100\n|-ability|p2b: Gardevoir|Vessel of Ruin\n|-ability|p2b: Gardevoir|Vessel of Ruin|[from] ability: Trace|[of] p1b: Ting-Lu\n|turn|4\n|\n|t:|1682348947\n|move|p2b: Gardevoir|Dazzling Gleam|p1b: Ting-Lu|[spread] p1a,p1b\n|-supereffective|p1a: Tyranitar\n|-supereffective|p1b: Ting-Lu\n|-damage|p1a: Tyranitar|0 fnt\n|-damage|p1b: Ting-Lu|55\/100\n|faint|p1a: Tyranitar\n|move|p2a: Tinkaton|Play Rough|p1b: Ting-Lu\n|-supereffective|p1b: Ting-Lu\n|-damage|p1b: Ting-Lu|20\/100\n|move|p1b: Ting-Lu|Fissure|p2b: Gardevoir|[miss]\n|-miss|p1b: Ting-Lu|p2b: Gardevoir\n|\n|-weather|Sandstorm|[upkeep]\n|-damage|p2b: Gardevoir|95\/100|[from] Sandstorm\n|upkeep\n|\n|t:|1682348952\n|switch|p1a: Annihilape|Annihilape, L50, M|100\/100\n|turn|5\n|\n|t:|1682348963\n|move|p2b: Gardevoir|Dazzling Gleam|p1b: Ting-Lu|[spread] p1a,p1b\n|-supereffective|p1a: Annihilape\n|-supereffective|p1b: Ting-Lu\n|-damage|p1a: Annihilape|56\/100\n|-damage|p1b: Ting-Lu|0 fnt\n|faint|p1b: Ting-Lu\n|move|p2a: Tinkaton|Knock Off|p1a: Annihilape\n|-damage|p1a: Annihilape|37\/100\n|-enditem|p1a: Annihilape|Leftovers|[from] move: Knock Off|[of] p2a: Tinkaton\n|move|p1a: Annihilape|Rage Fist|p2b: Gardevoir\n|-supereffective|p2b: Gardevoir\n|-damage|p2b: Gardevoir|0 fnt\n|faint|p2b: Gardevoir\n|\n|-weather|none\n|upkeep\n|\n|t:|1682348974\n|switch|p2b: Iron Valiant|Iron Valiant, L50|100\/100\n|turn|6\n|\n|t:|1682348989\n|-terastallize|p2b: Iron Valiant|Fairy\n|move|p1a: Annihilape|Protect|p1a: Annihilape\n|-singleturn|p1a: Annihilape|Protect\n|move|p2b: Iron Valiant|Poison Jab|p1a: Annihilape\n|-activate|p1a: Annihilape|move: Protect\n|move|p2a: Tinkaton|Play Rough|p1a: Annihilape\n|-activate|p1a: Annihilape|move: Protect\n|\n|upkeep\n|turn|7\n|\n|t:|1682349001\n|-terastallize|p1a: Annihilape|Water\n|move|p2b: Iron Valiant|Poison Jab|p1a: Annihilape\n|-damage|p1a: Annihilape|2\/100\n|-damage|p2b: Iron Valiant|91\/100|[from] item: Life Orb\n|move|p2a: Tinkaton|Play Rough|p1a: Annihilape\n|-damage|p1a: Annihilape|0 fnt\n|faint|p1a: Annihilape\n|\n|win|pelukas\n|raw|dsaioewlfds's rating: 1060 → 1040<\/strong> (-20 for losing)\n|raw|pelukas's rating: 1038 → 1074<\/strong> (+36 for winning)\n|l|\u203ddsaioewlfds\n","uploadtime":1682349011,"views":23,"p1id":"dsaioewlfds","p2id":"pelukas","formatid":"gen9vgc2023regulationc","rating":1040,"private":0,"password":""}