{"id":"gen9vgc2023regulationc-1864114545","p1":"RonJohn","p2":"0308Joshua","format":"[Gen 9] VGC 2023 Regulation C","log":"|j|\u2606RonJohn\n|j|\u26060308Joshua\n|t:|1684119477\n|gametype|doubles\n|player|p1|RonJohn|169|1322\n|player|p2|0308Joshua|wallace|1272\n|teamsize|p1|6\n|teamsize|p2|6\n|gen|9\n|tier|[Gen 9] VGC 2023 Regulation C\n|rated|\n|rule|Species Clause: Limit one of each Pok\u00e9mon\n|rule|Item Clause: Limit one of each item\n|clearpoke\n|poke|p1|Flutter Mane, L50|\n|poke|p1|Orthworm, L50, M|\n|poke|p1|Dragonite, L50, F|\n|poke|p1|Amoonguss, L50, F|\n|poke|p1|Gyarados, L50, F|\n|poke|p1|Ting-Lu, L50|\n|poke|p2|Glimmora, L50, F|\n|poke|p2|Chi-Yu, L50|\n|poke|p2|Flutter Mane, L50|\n|poke|p2|Iron Bundle, L50|\n|poke|p2|Dondozo, L50, F|\n|poke|p2|Tatsugiri, L50, F|\n|teampreview|4\nRonJohn has agreed to open team sheets.\n|inactive|Battle timer is ON: inactive players will automatically lose when time's up. (requested by RonJohn)\n0308Joshua has agreed to open team sheets.\n|inactive|RonJohn has 60 seconds left.\n|inactive|0308Joshua has 60 seconds left.\n|inactive|RonJohn has 30 seconds left.\n|\n|t:|1684119552\n|start\n|switch|p1a: Ting-Lu|Ting-Lu, L50|100\/100\n|switch|p1b: Orthworm|Orthworm, L50, M|100\/100\n|switch|p2a: Iron Bundle|Iron Bundle, L50|100\/100\n|switch|p2b: Flutter Mane|Flutter Mane, L50, shiny|100\/100\n|-ability|p1a: Ting-Lu|Vessel of Ruin\n|-enditem|p2a: Iron Bundle|Booster Energy\n|-activate|p2a: Iron Bundle|ability: Quark Drive|[fromitem]\n|-start|p2a: Iron Bundle|quarkdrivespe\n|turn|1\n|inactive|RonJohn has 30 seconds left.\n|inactive|0308Joshua has 30 seconds left.\n|inactive|RonJohn has 20 seconds left.\n|inactive|RonJohn has 15 seconds left.\n|\n|t:|1684119594\n|move|p2a: Iron Bundle|Hydro Pump|p1a: Ting-Lu\n|-supereffective|p1a: Ting-Lu\n|-damage|p1a: Ting-Lu|55\/100\n|move|p2b: Flutter Mane|Moonblast|p1a: Ting-Lu\n|-supereffective|p1a: Ting-Lu\n|-damage|p1a: Ting-Lu|12\/100\n|-unboost|p1a: Ting-Lu|spa|1\n|-damage|p2b: Flutter Mane|91\/100|[from] item: Life Orb\n|move|p1a: Ting-Lu|Heavy Slam|p2b: Flutter Mane\n|-supereffective|p2b: Flutter Mane\n|-damage|p2b: Flutter Mane|0 fnt\n|faint|p2b: Flutter Mane\n|-end|p2b: Flutter Mane|Protosynthesis|[silent]\n|move|p1b: Orthworm|Body Press|p2a: Iron Bundle\n|-supereffective|p2a: Iron Bundle\n|-damage|p2a: Iron Bundle|35\/100\n|\n|upkeep\n|\n|t:|1684119612\n|switch|p2b: Chi-Yu|Chi-Yu, L50|100\/100\n|-ability|p2b: Chi-Yu|Beads of Ruin\n|turn|2\n|inactive|RonJohn has 30 seconds left.\n|\n|t:|1684119642\n|-terastallize|p1b: Orthworm|Poison\n|move|p2a: Iron Bundle|Icy Wind|p1b: Orthworm|[spread] p1a,p1b\n|-supereffective|p1a: Ting-Lu\n|-damage|p1a: Ting-Lu|0 fnt\n|-damage|p1b: Orthworm|79\/100\n|-unboost|p1b: Orthworm|spe|1\n|faint|p1a: Ting-Lu\n|move|p2b: Chi-Yu|Heat Wave|p1b: Orthworm|[miss]\n|-miss|p2b: Chi-Yu|p1b: Orthworm\n|move|p1b: Orthworm|Shed Tail|p1b: Orthworm\n|-start|p1b: Orthworm|Substitute|[from] move: Shed Tail\n|-damage|p1b: Orthworm|29\/100\n|-enditem|p1b: Orthworm|Sitrus Berry|[eat]\n|-heal|p1b: Orthworm|54\/100|[from] item: Sitrus Berry\n|\n|t:|1684119656\n|switch|p1b: Dragonite|Dragonite, L50, F|100\/100|[from] Shed Tail\n|\n|upkeep\n|\n|t:|1684119660\n|switch|p1a: Flutter Mane|Flutter Mane, L50|100\/100\n|turn|3\n|inactive|RonJohn has 30 seconds left.\n|inactive|RonJohn has 20 seconds left.\n|inactive|RonJohn has 15 seconds left.\n|inactive|RonJohn has 10 seconds left.\n|inactive|RonJohn has 5 seconds left.\n|\n|t:|1684119711\n|-end|p2a: Iron Bundle|Quark Drive|[silent]\n|switch|p2a: Glimmora|Glimmora, L50, F, shiny|100\/100\n|move|p2b: Chi-Yu|Protect|p2b: Chi-Yu\n|-singleturn|p2b: Chi-Yu|Protect\n|move|p1a: Flutter Mane|Dazzling Gleam|p2b: Chi-Yu|[spread] p2a\n|-activate|p2b: Chi-Yu|move: Protect\n|-resisted|p2a: Glimmora\n|-damage|p2a: Glimmora|76\/100\n|move|p1b: Dragonite|Dragon Dance|p1b: Dragonite\n|-boost|p1b: Dragonite|atk|1\n|-boost|p1b: Dragonite|spe|1\n|\n|upkeep\n|turn|4\n|l|\u26060308Joshua\n|inactive|0308Joshua disconnected and has a minute to reconnect!\n|player|p2|\n|j|\u26060308Joshua\n|inactive|0308Joshua reconnected and has 35 seconds left.\n|player|p2|0308Joshua|wallace\n|inactive|0308Joshua has 30 seconds left.\n|inactive|0308Joshua has 20 seconds left.\n|inactive|0308Joshua has 15 seconds left.\n|inactive|0308Joshua has 10 seconds left.\n|\n|t:|1684119761\n|-end|p1a: Flutter Mane|Protosynthesis|[silent]\n|switch|p1a: Orthworm|Orthworm, L50, M, tera:Poison|54\/100\n|move|p1b: Dragonite|Earthquake|p2a: Glimmora|[spread] p2a,p2b\n|-heal|p1a: Orthworm|79\/100|[from] ability: Earth Eater|[of] p1b: Dragonite\n|-supereffective|p2a: Glimmora\n|-supereffective|p2b: Chi-Yu\n|-damage|p2a: Glimmora|0 fnt\n|-enditem|p2b: Chi-Yu|Focus Sash\n|-damage|p2b: Chi-Yu|1\/100\n|-activate|p2a: Glimmora|ability: Toxic Debris\n|-sidestart|p1: RonJohn|move: Toxic Spikes\n|faint|p2a: Glimmora\n|move|p2b: Chi-Yu|Heat Wave|p1a: Orthworm|[spread] p1a,p1b\n|-resisted|p1b: Dragonite\n|-activate|p1b: Dragonite|move: Substitute|[damage]\n|-damage|p1a: Orthworm|28\/100\n|\n|upkeep\n|\n|t:|1684119777\n|switch|p2a: Iron Bundle|Iron Bundle, L50|35\/100\n|turn|5\n|\n|t:|1684119789\n|-terastallize|p2b: Chi-Yu|Ghost\n|move|p2a: Iron Bundle|Icy Wind|p1b: Dragonite|[spread] p1a,p1b\n|-supereffective|p1b: Dragonite\n|-end|p1b: Dragonite|Substitute\n|-damage|p1a: Orthworm|2\/100\n|-unboost|p1a: Orthworm|spe|1\n|move|p1b: Dragonite|Earthquake|p2b: Chi-Yu|[spread] p2a,p2b\n|-heal|p1a: Orthworm|27\/100|[from] ability: Earth Eater|[of] p1b: Dragonite\n|-damage|p2a: Iron Bundle|0 fnt\n|-damage|p2b: Chi-Yu|0 fnt\n|faint|p2a: Iron Bundle\n|-end|p2a: Iron Bundle|Quark Drive|[silent]\n|faint|p2b: Chi-Yu\n|\n|win|RonJohn\n|raw|RonJohn's rating: 1322 → 1339<\/strong> (+17 for winning)\n|raw|0308Joshua's rating: 1272 → 1251<\/strong> (-21 for losing)\n|c|\u2606RonJohn|gg\n","uploadtime":1684119807,"views":26,"p1id":"ronjohn","p2id":"0308joshua","formatid":"gen9vgc2023regulationc","rating":1251,"private":0,"password":""}