{"id":"gen9vgc2023regulationc-1844877975","p1":"Qodkskfkeo","p2":"Aahil11234e33","format":"[Gen 9] VGC 2023 Regulation C","log":"|j|\u2606Qodkskfkeo\n|j|\u2606Aahil11234e33\n|t:|1681659529\n|gametype|doubles\n|player|p1|Qodkskfkeo|169|1036\n|player|p2|Aahil11234e33|169|1023\n|teamsize|p1|6\n|teamsize|p2|6\n|gen|9\n|tier|[Gen 9] VGC 2023 Regulation C\n|rated|\n|rule|Species Clause: Limit one of each Pok\u00e9mon\n|rule|Item Clause: Limit one of each item\n|clearpoke\n|poke|p1|Tyranitar, L50, M|\n|poke|p1|Garchomp, L50, M|\n|poke|p1|Glimmora, L50, F|\n|poke|p1|Lycanroc, L50, F|\n|poke|p1|Ting-Lu, L50|\n|poke|p1|Rotom-Mow, L50|\n|poke|p2|Meowscarada, L50, M|\n|poke|p2|Gholdengo, L50|\n|poke|p2|Chi-Yu, L50|\n|poke|p2|Palafin, L50, M|\n|poke|p2|Hydreigon, L50, M|\n|poke|p2|Cetitan, L50, F|\n|teampreview|4\n|\n|t:|1681659563\n|start\n|switch|p1a: Glimmora|Glimmora, L50, F|100\/100\n|switch|p1b: Garchomp|Garchomp, L50, M|100\/100\n|switch|p2a: Meowscarada|Meowscarada, L50, M|100\/100\n|switch|p2b: Hydreigon|Hydreigon, L50, M|100\/100\n|turn|1\n|\n|t:|1681659595\n|switch|p1b: Tyranitar|Tyranitar, L50, M|100\/100\n|-weather|Sandstorm|[from] ability: Sand Stream|[of] p1b: Tyranitar\n|-terastallize|p2b: Hydreigon|Fairy\n|-terastallize|p1a: Glimmora|Grass\n|move|p2a: Meowscarada|Flower Trick|p1b: Tyranitar\n|-supereffective|p1b: Tyranitar\n|-crit|p1b: Tyranitar\n|-damage|p1b: Tyranitar|0 fnt\n|faint|p1b: Tyranitar\n|move|p2b: Hydreigon|Tailwind|p2b: Hydreigon\n|-sidestart|p2: Aahil11234e33|move: Tailwind\n|move|p1a: Glimmora|Stealth Rock|p2a: Meowscarada\n|-sidestart|p2: Aahil11234e33|move: Stealth Rock\n|\n|-weather|Sandstorm|[upkeep]\n|-damage|p2a: Meowscarada|94\/100|[from] Sandstorm\n|-damage|p2b: Hydreigon|94\/100|[from] Sandstorm\n|-damage|p1a: Glimmora|94\/100|[from] Sandstorm\n|upkeep\n|\n|t:|1681659616\n|switch|p1b: Lycanroc|Lycanroc, L50, F|100\/100\n|turn|2\n|\n|t:|1681659644\n|move|p1b: Lycanroc|Rock Slide|p2b: Hydreigon|[spread] p2a,p2b\n|-damage|p2a: Meowscarada|55\/100\n|-damage|p2b: Hydreigon|67\/100\n|move|p2a: Meowscarada|Flower Trick|p1b: Lycanroc\n|-supereffective|p1b: Lycanroc\n|-crit|p1b: Lycanroc\n|-enditem|p1b: Lycanroc|Focus Sash\n|-damage|p1b: Lycanroc|1\/100\n|move|p2b: Hydreigon|Tera Blast|p1a: Glimmora\n|-damage|p1a: Glimmora|28\/100\n|-damage|p2b: Hydreigon|57\/100|[from] item: Life Orb\n|move|p1a: Glimmora|Mortal Spin|p2a: Meowscarada|[spread] p2a,p2b\n|-supereffective|p2a: Meowscarada\n|-crit|p2a: Meowscarada\n|-supereffective|p2b: Hydreigon\n|-damage|p2a: Meowscarada|38\/100\n|-damage|p2b: Hydreigon|48\/100\n|-status|p2a: Meowscarada|psn\n|-status|p2b: Hydreigon|psn\n|\n|-weather|Sandstorm|[upkeep]\n|-damage|p2a: Meowscarada|32\/100 psn|[from] Sandstorm\n|-damage|p2b: Hydreigon|42\/100 psn|[from] Sandstorm\n|-damage|p1a: Glimmora|22\/100|[from] Sandstorm\n|-damage|p2a: Meowscarada|19\/100 psn|[from] psn\n|-damage|p2b: Hydreigon|30\/100 psn|[from] psn\n|upkeep\n|turn|3\n|\n|t:|1681659682\n|switch|p2a: Gholdengo|Gholdengo, L50|100\/100\n|-damage|p2a: Gholdengo|94\/100|[from] Stealth Rock\n|move|p2b: Hydreigon|Protect|p2b: Hydreigon\n|-singleturn|p2b: Hydreigon|Protect\n|move|p1a: Glimmora|Spiky Shield|p1a: Glimmora\n|-singleturn|p1a: Glimmora|move: Protect\n|move|p1b: Lycanroc|Accelerock|p2a: Gholdengo\n|-resisted|p2a: Gholdengo\n|-damage|p2a: Gholdengo|84\/100\n|\n|-weather|Sandstorm|[upkeep]\n|-damage|p2b: Hydreigon|24\/100 psn|[from] Sandstorm\n|-damage|p1a: Glimmora|16\/100|[from] Sandstorm\n|-heal|p2a: Gholdengo|90\/100|[from] item: Leftovers\n|-damage|p2b: Hydreigon|12\/100 psn|[from] psn\n|upkeep\n|turn|4\n|\n|t:|1681659712\n|move|p2b: Hydreigon|Protect||[still]\n|-fail|p2b: Hydreigon\n|move|p1b: Lycanroc|Rock Slide|p2b: Hydreigon|[spread] p2a,p2b\n|-resisted|p2a: Gholdengo\n|-damage|p2a: Gholdengo|76\/100\n|-damage|p2b: Hydreigon|0 fnt\n|faint|p2b: Hydreigon\n|move|p2a: Gholdengo|Make It Rain|p1a: Glimmora|[spread] p1a,p1b\n|-supereffective|p1b: Lycanroc\n|-damage|p1a: Glimmora|0 fnt\n|-damage|p1b: Lycanroc|0 fnt\n|-unboost|p2a: Gholdengo|spa|1\n|faint|p1a: Glimmora\n|faint|p1b: Lycanroc\n|\n|-weather|Sandstorm|[upkeep]\n|-heal|p2a: Gholdengo|82\/100|[from] item: Leftovers\n|-sideend|p2: Aahil11234e33|move: Tailwind\n|upkeep\n|\n|t:|1681659744\n|switch|p2b: Cetitan|Cetitan, L50, F|100\/100\n|switch|p1a: Garchomp|Garchomp, L50, M|100\/100\n|-damage|p2b: Cetitan|76\/100|[from] Stealth Rock\n|turn|5\n|\n|t:|1681659764\n|move|p2b: Cetitan|Helping Hand|p2a: Gholdengo\n|-immune|p2a: Gholdengo|[from] ability: Good as Gold\n|move|p1a: Garchomp|Iron Head|p2b: Cetitan\n|-supereffective|p2b: Cetitan\n|-damage|p2b: Cetitan|27\/100\n|move|p2a: Gholdengo|Make It Rain|p1a: Garchomp|[miss]\n|-miss|p2a: Gholdengo|p1a: Garchomp\n|\n|-weather|Sandstorm|[upkeep]\n|-damage|p2b: Cetitan|21\/100|[from] Sandstorm\n|-heal|p2a: Gholdengo|88\/100|[from] item: Leftovers\n|upkeep\n|turn|6\n|\n|t:|1681659783\n|move|p1a: Garchomp|Rock Slide|p2b: Cetitan|[spread] p2a,p2b\n|-resisted|p2a: Gholdengo\n|-supereffective|p2b: Cetitan\n|-damage|p2a: Gholdengo|77\/100\n|-damage|p2b: Cetitan|0 fnt\n|faint|p2b: Cetitan\n|move|p2a: Gholdengo|Make It Rain|p1a: Garchomp\n|-damage|p1a: Garchomp|52\/100\n|-unboost|p2a: Gholdengo|spa|1\n|\n|-weather|Sandstorm|[upkeep]\n|-heal|p2a: Gholdengo|83\/100|[from] item: Leftovers\n|upkeep\n|\n|t:|1681659796\n|switch|p2b: Meowscarada|Meowscarada, L50, M|19\/100 psn\n|-damage|p2b: Meowscarada|7\/100 psn|[from] Stealth Rock\n|turn|7\n|\n|t:|1681659812\n|move|p1a: Garchomp|Protect|p1a: Garchomp\n|-singleturn|p1a: Garchomp|Protect\n|move|p2b: Meowscarada|Sucker Punch||[still]\n|-fail|p2b: Meowscarada\n|move|p2a: Gholdengo|Make It Rain|p1a: Garchomp\n|-activate|p1a: Garchomp|move: Protect\n|\n|-weather|Sandstorm|[upkeep]\n|-damage|p2b: Meowscarada|0 fnt|[from] Sandstorm\n|faint|p2b: Meowscarada\n|-heal|p2a: Gholdengo|89\/100|[from] item: Leftovers\n|upkeep\n|turn|8\n|\n|t:|1681659831\n|move|p1a: Garchomp|Earthquake|p2a: Gholdengo\n|-supereffective|p2a: Gholdengo\n|-damage|p2a: Gholdengo|0 fnt\n|faint|p2a: Gholdengo\n|\n|win|Qodkskfkeo\n|raw|Qodkskfkeo's rating: 1036 → 1069<\/strong> (+33 for winning)\n|raw|Aahil11234e33's rating: 1023 → 1010<\/strong> (-13 for losing)\n","uploadtime":1681659842,"views":12,"p1id":"qodkskfkeo","p2id":"aahil11234e33","formatid":"gen9vgc2023regulationc","rating":1010,"private":0,"password":""}