{"id":"gen9vgc2023regulationc-1862231623","p1":"TheFranDa","p2":"Huntiebun","format":"[Gen 9] VGC 2023 Regulation C","log":"|j|\u2606TheFranDa\n|j|\u2606Huntiebun\n|t:|1683852586\n|gametype|doubles\n|player|p1|TheFranDa|darach-caitlin|1221\n|player|p2|Huntiebun|lucas|1289\n|teamsize|p1|6\n|teamsize|p2|6\n|gen|9\n|tier|[Gen 9] VGC 2023 Regulation C\n|rated|\n|rule|Species Clause: Limit one of each Pok\u00e9mon\n|rule|Item Clause: Limit one of each item\n|clearpoke\n|poke|p1|Garchomp, L50, M|\n|poke|p1|Ting-Lu, L50|\n|poke|p1|Talonflame, L50, M|\n|poke|p1|Baxcalibur, L50, M|\n|poke|p1|Flutter Mane, L50|\n|poke|p1|Amoonguss, L50, M|\n|poke|p2|Iron Bundle, L50|\n|poke|p2|Flutter Mane, L50|\n|poke|p2|Drednaw, L50, F|\n|poke|p2|Pelipper, L50, F|\n|poke|p2|Wo-Chien, L50|\n|poke|p2|Iron Hands, L50|\n|teampreview|4\n|inactive|Battle timer is ON: inactive players will automatically lose when time's up. (requested by Huntiebun)\n|inactive|Huntiebun has 60 seconds left.\n|inactive|TheFranDa has 60 seconds left.\n|inactive|Huntiebun has 30 seconds left.\n|inactive|Huntiebun has 20 seconds left.\n|\n|t:|1683852659\n|start\n|switch|p1a: Poya|Talonflame, L50, M|100\/100\n|switch|p1b: Papirriqui|Garchomp, L50, M|100\/100\n|switch|p2a: Iron Bundle|Iron Bundle, L50|100\/100\n|switch|p2b: Flutter Mane|Flutter Mane, L50|100\/100\n|-enditem|p2a: Iron Bundle|Booster Energy\n|-activate|p2a: Iron Bundle|ability: Quark Drive|[fromitem]\n|-start|p2a: Iron Bundle|quarkdrivespe\n|turn|1\n|inactive|Huntiebun has 30 seconds left.\n|inactive|Huntiebun has 20 seconds left.\n|inactive|Huntiebun has 15 seconds left.\n|inactive|Huntiebun has 10 seconds left.\n|\n|t:|1683852708\n|move|p1b: Papirriqui|Protect|p1b: Papirriqui\n|-singleturn|p1b: Papirriqui|Protect\n|move|p1a: Poya|Tailwind|p1a: Poya\n|-sidestart|p1: TheFranDa|move: Tailwind\n|move|p2a: Iron Bundle|Icy Wind|p1b: Papirriqui|[spread] p1a\n|-activate|p1b: Papirriqui|move: Protect\n|-damage|p1a: Poya|71\/100\n|move|p2b: Flutter Mane|Power Gem|p1a: Poya\n|-supereffective|p1a: Poya\n|-crit|p1a: Poya\n|-damage|p1a: Poya|0 fnt\n|faint|p1a: Poya\n|\n|upkeep\n|\n|t:|1683852722\n|switch|p1a: Nagatoro|Flutter Mane, L50|100\/100\n|-enditem|p1a: Nagatoro|Booster Energy\n|-activate|p1a: Nagatoro|ability: Protosynthesis|[fromitem]\n|-start|p1a: Nagatoro|protosynthesisspa\n|turn|2\n|\n|t:|1683852738\n|-end|p2b: Flutter Mane|Protosynthesis|[silent]\n|switch|p2b: Pelipper|Pelipper, L50, F|100\/100\n|-weather|RainDance|[from] ability: Drizzle|[of] p2b: Pelipper\n|-terastallize|p1b: Papirriqui|Fire\n|move|p1a: Nagatoro|Thunderbolt|p2a: Iron Bundle\n|-supereffective|p2a: Iron Bundle\n|-damage|p2a: Iron Bundle|0 fnt\n|faint|p2a: Iron Bundle\n|-end|p2a: Iron Bundle|Quark Drive|[silent]\n|move|p1b: Papirriqui|Tera Blast|p2b: Pelipper\n|-resisted|p2b: Pelipper\n|-damage|p2b: Pelipper|89\/100\n|\n|-weather|RainDance|[upkeep]\n|upkeep\n|\n|t:|1683852751\n|switch|p2a: Drednaw|Drednaw, L50, F|100\/100\n|turn|3\n|\n|t:|1683852774\n|-terastallize|p2a: Drednaw|Grass\n|move|p1b: Papirriqui|Protect|p1b: Papirriqui\n|-singleturn|p1b: Papirriqui|Protect\n|move|p1a: Nagatoro|Thunderbolt|p2a: Drednaw\n|-resisted|p2a: Drednaw\n|-damage|p2a: Drednaw|72\/100\n|move|p2a: Drednaw|Rock Slide|p1a: Nagatoro|[spread] p1a\n|-activate|p1b: Papirriqui|move: Protect\n|-crit|p1a: Nagatoro\n|-damage|p1a: Nagatoro|0 fnt\n|faint|p1a: Nagatoro\n|-end|p1a: Nagatoro|Protosynthesis|[silent]\n|move|p2b: Pelipper|Hurricane|p1b: Papirriqui\n|-activate|p1b: Papirriqui|move: Protect\n|\n|-weather|RainDance|[upkeep]\n|upkeep\n|\n|t:|1683852788\n|switch|p1a: SUS :0|Amoonguss, L50, M|100\/100\n|turn|4\n|\n|t:|1683852798\n|move|p1b: Papirriqui|Tera Blast|p2a: Drednaw\n|-supereffective|p2a: Drednaw\n|-damage|p2a: Drednaw|23\/100\n|move|p2a: Drednaw|Rock Slide|p1b: Papirriqui|[spread] p1a,p1b\n|-supereffective|p1b: Papirriqui\n|-damage|p1a: SUS :0|69\/100\n|-damage|p1b: Papirriqui|24\/100\n|move|p2b: Pelipper|Hurricane|p1a: SUS :0\n|-supereffective|p1a: SUS :0\n|-damage|p1a: SUS :0|0 fnt\n|faint|p1a: SUS :0\n|\n|-weather|RainDance|[upkeep]\n|-sideend|p1: TheFranDa|move: Tailwind\n|upkeep\n|turn|5\n|-message|TheFranDa forfeited.\n|\n|win|Huntiebun\n|raw|TheFranDa's rating: 1221 → 1201<\/strong> (-20 for losing)\n|raw|Huntiebun's rating: 1289 → 1309<\/strong> (+20 for winning)\n|l|\u2606TheFranDa\n","uploadtime":1683852995,"views":17,"p1id":"thefranda","p2id":"huntiebun","formatid":"gen9vgc2023regulationc","rating":1201,"private":0,"password":""}