{"id":"gen9vgc2023regulationc-1862797343","p1":"NakedPsyduck","p2":"stevieohhh","format":"[Gen 9] VGC 2023 Regulation C","log":"|j|\u2606NakedPsyduck\n|j|\u2606stevieohhh\n|t:|1683922995\n|gametype|doubles\n|player|p1|NakedPsyduck|baker|1323\n|player|p2|stevieohhh|blue|1316\n|teamsize|p1|6\n|teamsize|p2|6\n|gen|9\n|tier|[Gen 9] VGC 2023 Regulation C\n|rated|\n|rule|Species Clause: Limit one of each Pok\u00e9mon\n|rule|Item Clause: Limit one of each item\n|clearpoke\n|poke|p1|Ting-Lu, L50|\n|poke|p1|Abomasnow, L50, F|\n|poke|p1|Flutter Mane, L50|\n|poke|p1|Iron Hands, L50|\n|poke|p1|Bronzong, L50|\n|poke|p1|Arcanine, L50, M|\n|poke|p2|Dragapult, L50, M|\n|poke|p2|Chien-Pao, L50|\n|poke|p2|Palafin, L50, F|\n|poke|p2|Arcanine, L50, F|\n|poke|p2|Flutter Mane, L50|\n|poke|p2|Altaria, L50, F|\n|teampreview|4\n|inactive|Battle timer is ON: inactive players will automatically lose when time's up. (requested by NakedPsyduck)\n|\n|t:|1683923046\n|start\n|switch|p1a: Bronzong|Bronzong, L50|100\/100\n|switch|p1b: Arcanine|Arcanine, L50, M|100\/100\n|switch|p2a: Palafin|Palafin, L50, F|100\/100\n|switch|p2b: Arcanine|Arcanine, L50, F|100\/100\n|-ability|p2b: Arcanine|Intimidate|boost\n|-unboost|p1a: Bronzong|atk|1\n|-unboost|p1b: Arcanine|atk|1\n|-ability|p1b: Arcanine|Intimidate|boost\n|-unboost|p2a: Palafin|atk|1\n|-enditem|p2a: Palafin|Eject Pack\n|-unboost|p2b: Arcanine|atk|1\n|\n|t:|1683923060\n|detailschange|p2a: Palafin|Palafin-Hero, L50, F\n|switch|p2a: Dragapult|Dragapult, L50, M|100\/100\n|turn|1\n|\n|t:|1683923073\n|-terastallize|p1a: Bronzong|Fire\n|move|p2a: Dragapult|Phantom Force||[still]\n|-prepare|p2a: Dragapult|Phantom Force\n|move|p2b: Arcanine|Flare Blitz|p1a: Bronzong\n|-resisted|p1a: Bronzong\n|-damage|p1a: Bronzong|86\/100\n|-damage|p2b: Arcanine|96\/100|[from] Recoil\n|move|p1b: Arcanine|Will-O-Wisp|p2a: Dragapult|[miss]\n|-miss|p1b: Arcanine|p2a: Dragapult\n|move|p1a: Bronzong|Trick Room|p1a: Bronzong\n|-fieldstart|move: Trick Room|[of] p1a: Bronzong\n|\n|upkeep\n|turn|2\n|\n|t:|1683923092\n|switch|p1b: Iron Hands|Iron Hands, L50|100\/100\n|move|p1a: Bronzong|Safeguard|p1a: Bronzong\n|-sidestart|p1: NakedPsyduck|Safeguard\n|move|p2b: Arcanine|Howl|p2b: Arcanine|[spread] p2b\n|-miss|p2b: Arcanine|p2a: Dragapult\n|-boost|p2b: Arcanine|atk|1\n|move|p2a: Dragapult|Phantom Force|p1a: Bronzong|[from]lockedmove\n|-damage|p1a: Bronzong|37\/100\n|\n|upkeep\n|turn|3\n|\n|t:|1683923116\n|move|p1a: Bronzong|Gyro Ball|p2a: Dragapult\n|-damage|p2a: Dragapult|58\/100\n|move|p1b: Iron Hands|Close Combat|p2b: Arcanine\n|-damage|p2b: Arcanine|28\/100\n|-unboost|p1b: Iron Hands|def|1\n|-unboost|p1b: Iron Hands|spd|1\n|-enditem|p2b: Arcanine|Sitrus Berry|[eat]\n|-heal|p2b: Arcanine|53\/100|[from] item: Sitrus Berry\n|move|p2b: Arcanine|Howl|p2b: Arcanine|[spread] p2a,p2b\n|-boost|p2a: Dragapult|atk|1\n|-boost|p2b: Arcanine|atk|1\n|move|p2a: Dragapult|Phantom Force||[still]\n|-prepare|p2a: Dragapult|Phantom Force\n|\n|upkeep\n|turn|4\n|\n|t:|1683923140\n|-end|p1b: Iron Hands|Quark Drive|[silent]\n|switch|p1b: Arcanine|Arcanine, L50, M|100\/100\n|-ability|p1b: Arcanine|Intimidate|boost\n|-fail|p2a: Dragapult|unboost|[from] ability: Clear Body|[of] p2a: Dragapult\n|-unboost|p2b: Arcanine|atk|1\n|move|p1a: Bronzong|Protect|p1a: Bronzong\n|-singleturn|p1a: Bronzong|Protect\n|move|p2b: Arcanine|Extreme Speed|p1b: Arcanine\n|-damage|p1b: Arcanine|73\/100\n|move|p2a: Dragapult|Phantom Force|p1a: Bronzong|[from]lockedmove\n|-activate|p1a: Bronzong|move: Phantom Force|[broken]\n|-damage|p1a: Bronzong|0 fnt\n|faint|p1a: Bronzong\n|\n|upkeep\n|\n|t:|1683923154\n|switch|p1a: Iron Hands|Iron Hands, L50|100\/100\n|turn|5\n|\n|t:|1683923172\n|switch|p2a: Altaria|Altaria, L50, F|100\/100\n|-ability|p2a: Altaria|Cloud Nine\n|move|p2b: Arcanine|Extreme Speed|p1b: Arcanine\n|-damage|p1b: Arcanine|46\/100\n|move|p1a: Iron Hands|Wild Charge|p2b: Arcanine\n|-damage|p2b: Arcanine|0 fnt\n|faint|p2b: Arcanine\n|-damage|p1a: Iron Hands|90\/100|[from] Recoil\n|move|p1b: Arcanine|Will-O-Wisp|p2a: Altaria\n|-status|p2a: Altaria|brn\n|\n|-damage|p2a: Altaria|94\/100 brn|[from] brn\n|-fieldend|move: Trick Room\n|upkeep\n|\n|t:|1683923190\n|switch|p2b: Dragapult|Dragapult, L50, M|58\/100\n|turn|6\n|\n|t:|1683923212\n|switch|p1b: Abomasnow|Abomasnow, L50, F|100\/100\n|-weather|Snow|[from] ability: Snow Warning|[of] p1b: Abomasnow\n|move|p2a: Altaria|Protect|p2a: Altaria\n|-singleturn|p2a: Altaria|Protect\n|move|p2b: Dragapult|Phantom Force||[still]\n|-prepare|p2b: Dragapult|Phantom Force\n|move|p1a: Iron Hands|Wild Charge|p2b: Dragapult|[miss]\n|-miss|p1a: Iron Hands|p2b: Dragapult\n|\n|-weather|Snow|[upkeep]\n|-heal|p2a: Altaria|100\/100 brn|[from] item: Leftovers\n|-damage|p2a: Altaria|94\/100 brn|[from] brn\n|-sideend|p1: NakedPsyduck|Safeguard\n|upkeep\n|turn|7\n|\n|t:|1683923235\n|-end|p1a: Iron Hands|Quark Drive|[silent]\n|switch|p1a: Arcanine|Arcanine, L50, M|46\/100\n|-ability|p1a: Arcanine|Intimidate|boost\n|-unboost|p2a: Altaria|atk|1\n|-fail|p2b: Dragapult|unboost|[from] ability: Clear Body|[of] p2b: Dragapult\n|move|p2b: Dragapult|Phantom Force|p1b: Abomasnow|[from]lockedmove\n|-damage|p1b: Abomasnow|24\/100\n|move|p2a: Altaria|Will-O-Wisp|p1a: Arcanine\n|-immune|p1a: Arcanine\n|move|p1b: Abomasnow|Blizzard|p2a: Altaria|[spread] p2a,p2b\n|-supereffective|p2a: Altaria\n|-supereffective|p2b: Dragapult\n|-damage|p2a: Altaria|0 fnt\n|-damage|p2b: Dragapult|0 fnt\n|faint|p2a: Altaria\n|faint|p2b: Dragapult\n|\n|-weather|Snow|[upkeep]\n|upkeep\n|\n|t:|1683923253\n|switch|p2b: Palafin|Palafin-Hero, L50, F|100\/100\n|-activate|p2b: Palafin|ability: Zero to Hero\n|turn|8\n|\n|t:|1683923261\n|switch|p1a: Iron Hands|Iron Hands, L50|90\/100\n|-terastallize|p2b: Palafin|Water\n|move|p1b: Abomasnow|Protect|p1b: Abomasnow\n|-singleturn|p1b: Abomasnow|Protect\n|move|p2b: Palafin|Jet Punch|p1a: Iron Hands\n|-damage|p1a: Iron Hands|49\/100\n|\n|-weather|Snow|[upkeep]\n|upkeep\n|turn|9\n|\n|t:|1683923278\n|move|p1a: Iron Hands|Fake Out|p2b: Palafin\n|-damage|p2b: Palafin|87\/100\n|cant|p2b: Palafin|flinch\n|move|p1b: Abomasnow|Giga Drain|p2b: Palafin\n|-supereffective|p2b: Palafin\n|-damage|p2b: Palafin|24\/100\n|-heal|p1b: Abomasnow|56\/100|[from] drain|[of] p2b: Palafin\n|\n|-weather|Snow|[upkeep]\n|upkeep\n|turn|10\n|\n|t:|1683923288\n|move|p2b: Palafin|Wave Crash|p1a: Iron Hands\n|-damage|p1a: Iron Hands|0 fnt\n|faint|p1a: Iron Hands\n|-end|p1a: Iron Hands|Quark Drive|[silent]\n|-damage|p2b: Palafin|5\/100|[from] Recoil\n|move|p1b: Abomasnow|Giga Drain|p2b: Palafin\n|-supereffective|p2b: Palafin\n|-crit|p2b: Palafin\n|-damage|p2b: Palafin|0 fnt\n|-heal|p1b: Abomasnow|59\/100|[from] drain|[of] p2b: Palafin\n|faint|p2b: Palafin\n|\n|win|NakedPsyduck\n|raw|NakedPsyduck's rating: 1323 → 1343<\/strong> (+20 for winning)\n|raw|stevieohhh's rating: 1316 → 1296<\/strong> (-20 for losing)\n|l|\u2606stevieohhh\n","uploadtime":1683923303,"views":14,"p1id":"nakedpsyduck","p2id":"stevieohhh","formatid":"gen9vgc2023regulationc","rating":1296,"private":0,"password":""}