{"id":"gen9vgc2023regulationc-1852111907","p1":"pupulovessixsheep","p2":"agentyphlosion","format":"[Gen 9] VGC 2023 Regulation C","log":"|j|\u2606pupulovessixsheep\n|j|\u2606agentyphlosion\n|t:|1682525091\n|gametype|doubles\n|player|p1|pupulovessixsheep|169|1293\n|player|p2|agentyphlosion|170|1339\n|teamsize|p1|6\n|teamsize|p2|6\n|gen|9\n|tier|[Gen 9] VGC 2023 Regulation C\n|rated|\n|rule|Species Clause: Limit one of each Pok\u00e9mon\n|rule|Item Clause: Limit one of each item\n|clearpoke\n|poke|p1|Talonflame, L50, M|\n|poke|p1|Chi-Yu, L50|\n|poke|p1|Flutter Mane, L50|\n|poke|p1|Amoonguss, L50, F|\n|poke|p1|Tyranitar, L50, F|\n|poke|p1|Houndstone, L50, M|\n|poke|p2|Iron Thorns, L50|\n|poke|p2|Iron Bundle, L50|\n|poke|p2|Corviknight, L50, M|\n|poke|p2|Chi-Yu, L50|\n|poke|p2|Flutter Mane, L50|\n|poke|p2|Azumarill, L50, F|\n|teampreview|4\n|inactive|Battle timer is ON: inactive players will automatically lose when time's up. (requested by pupulovessixsheep)\n|inactive|agentyphlosion has 60 seconds left.\n|\n|t:|1682525137\n|start\n|switch|p1a: Tyranitar|Tyranitar, L50, F, shiny|100\/100\n|switch|p1b: Amoonguss|Amoonguss, L50, F|100\/100\n|switch|p2a: Flutter Mane|Flutter Mane, L50|100\/100\n|switch|p2b: Corviknight|Corviknight, L50, M|100\/100\n|-weather|Sandstorm|[from] ability: Sand Stream|[of] p1a: Tyranitar\n|turn|1\n|\n|t:|1682525150\n|move|p2a: Flutter Mane|Protect|p2a: Flutter Mane\n|-singleturn|p2a: Flutter Mane|Protect\n|move|p1b: Amoonguss|Rage Powder|p1b: Amoonguss\n|-singleturn|p1b: Amoonguss|move: Rage Powder\n|move|p1a: Tyranitar|Rock Slide|p2b: Corviknight|[spread] p2b\n|-activate|p2a: Flutter Mane|move: Protect\n|-damage|p2b: Corviknight|80\/100\n|move|p2b: Corviknight|Taunt|p1b: Amoonguss\n|-start|p1b: Amoonguss|move: Taunt\n|\n|-weather|Sandstorm|[upkeep]\n|-damage|p2a: Flutter Mane|94\/100|[from] Sandstorm\n|-damage|p1b: Amoonguss|95\/100|[from] Sandstorm\n|-heal|p1b: Amoonguss|100\/100|[from] item: Leftovers\n|upkeep\n|turn|2\n|\n|t:|1682525173\n|switch|p1b: Chi-Yu|Chi-Yu, L50|100\/100\n|-ability|p1b: Chi-Yu|Beads of Ruin\n|move|p1a: Tyranitar|Protect|p1a: Tyranitar\n|-singleturn|p1a: Tyranitar|Protect\n|move|p2a: Flutter Mane|Dazzling Gleam|p1a: Tyranitar|[spread] p1b\n|-activate|p1a: Tyranitar|move: Protect\n|-damage|p1b: Chi-Yu|64\/100\n|move|p2b: Corviknight|Body Press|p1a: Tyranitar\n|-activate|p1a: Tyranitar|move: Protect\n|\n|-weather|Sandstorm|[upkeep]\n|-damage|p1b: Chi-Yu|58\/100|[from] Sandstorm\n|-damage|p2a: Flutter Mane|88\/100|[from] Sandstorm\n|upkeep\n|turn|3\n|inactive|agentyphlosion has 30 seconds left.\n|\n|t:|1682525204\n|switch|p2b: Iron Thorns|Iron Thorns, L50, shiny|100\/100\n|move|p2a: Flutter Mane|Protect|p2a: Flutter Mane\n|-singleturn|p2a: Flutter Mane|Protect\n|move|p1b: Chi-Yu|Heat Wave|p2a: Flutter Mane|[spread] \n|-activate|p2a: Flutter Mane|move: Protect\n|-miss|p1b: Chi-Yu|p2b: Iron Thorns\n|move|p1a: Tyranitar|Dragon Dance|p1a: Tyranitar\n|-boost|p1a: Tyranitar|atk|1\n|-boost|p1a: Tyranitar|spe|1\n|\n|-weather|Sandstorm|[upkeep]\n|-damage|p1b: Chi-Yu|52\/100|[from] Sandstorm\n|-damage|p2a: Flutter Mane|82\/100|[from] Sandstorm\n|upkeep\n|turn|4\n|inactive|agentyphlosion has 30 seconds left.\n|\n|t:|1682525235\n|move|p1b: Chi-Yu|Heat Wave|p2a: Flutter Mane|[spread] p2a,p2b\n|-resisted|p2b: Iron Thorns\n|-damage|p2a: Flutter Mane|33\/100\n|-damage|p2b: Iron Thorns|83\/100\n|-status|p2b: Iron Thorns|brn\n|move|p1a: Tyranitar|Rock Slide|p2a: Flutter Mane|[spread] \n|-miss|p1a: Tyranitar|p2a: Flutter Mane\n|-miss|p1a: Tyranitar|p2b: Iron Thorns\n|move|p2a: Flutter Mane|Dazzling Gleam|p1b: Chi-Yu|[spread] p1a,p1b\n|-supereffective|p1a: Tyranitar\n|-damage|p1a: Tyranitar|50\/100\n|-damage|p1b: Chi-Yu|19\/100\n|-enditem|p1a: Tyranitar|Weakness Policy\n|-boost|p1a: Tyranitar|atk|2|[from] item: Weakness Policy\n|-boost|p1a: Tyranitar|spa|2|[from] item: Weakness Policy\n|move|p2b: Iron Thorns|Rock Blast|p1a: Tyranitar\n|-damage|p1a: Tyranitar|44\/100\n|-damage|p1a: Tyranitar|38\/100\n|-damage|p1a: Tyranitar|32\/100\n|-damage|p1a: Tyranitar|26\/100\n|-hitcount|p1a: Tyranitar|4\n|\n|-weather|Sandstorm|[upkeep]\n|-damage|p1b: Chi-Yu|13\/100|[from] Sandstorm\n|-damage|p2a: Flutter Mane|27\/100|[from] Sandstorm\n|-damage|p2b: Iron Thorns|77\/100 brn|[from] brn\n|upkeep\n|turn|5\n|inactive|pupulovessixsheep has 30 seconds left.\n|inactive|agentyphlosion has 30 seconds left.\n|\n|t:|1682525269\n|move|p2a: Flutter Mane|Protect|p2a: Flutter Mane\n|-singleturn|p2a: Flutter Mane|Protect\n|move|p1b: Chi-Yu|Heat Wave|p2a: Flutter Mane|[spread] p2b\n|-activate|p2a: Flutter Mane|move: Protect\n|-resisted|p2b: Iron Thorns\n|-damage|p2b: Iron Thorns|56\/100 brn\n|move|p1a: Tyranitar|Rock Slide|p2a: Flutter Mane|[spread] p2b\n|-activate|p2a: Flutter Mane|move: Protect\n|-damage|p2b: Iron Thorns|0 fnt\n|faint|p2b: Iron Thorns\n|-end|p2b: Iron Thorns|Quark Drive|[silent]\n|\n|-weather|none\n|upkeep\n|\n|t:|1682525284\n|switch|p2b: Azumarill|Azumarill, L50, F|100\/100\n|turn|6\n|\n|t:|1682525291\n|move|p1a: Tyranitar|Protect|p1a: Tyranitar\n|-singleturn|p1a: Tyranitar|Protect\n|move|p2b: Azumarill|Aqua Jet|p1b: Chi-Yu\n|-supereffective|p1b: Chi-Yu\n|-damage|p1b: Chi-Yu|0 fnt\n|faint|p1b: Chi-Yu\n|move|p2a: Flutter Mane|Dazzling Gleam|p1a: Tyranitar\n|-activate|p1a: Tyranitar|move: Protect\n|\n|upkeep\n|inactive|pupulovessixsheep has 30 seconds left.\n|n|!pupulovessixsheep|pupulovessixsheep\n|inactive|pupulovessixsheep has 20 seconds left.\n|\n|t:|1682525328\n|switch|p1b: Amoonguss|Amoonguss, L50, F|100\/100\n|turn|7\n|inactive|agentyphlosion has 30 seconds left.\n|\n|t:|1682525362\n|-terastallize|p2b: Azumarill|Grass\n|move|p1b: Amoonguss|Rage Powder|p1b: Amoonguss\n|-singleturn|p1b: Amoonguss|move: Rage Powder\n|move|p2b: Azumarill|Aqua Jet|p1a: Tyranitar\n|-supereffective|p1a: Tyranitar\n|-damage|p1a: Tyranitar|0 fnt\n|faint|p1a: Tyranitar\n|move|p2a: Flutter Mane|Shadow Ball|p1b: Amoonguss\n|-crit|p1b: Amoonguss\n|-damage|p1b: Amoonguss|38\/100\n|\n|-heal|p1b: Amoonguss|44\/100|[from] item: Leftovers\n|upkeep\n|\n|t:|1682525375\n|switch|p1a: Flutter Mane|Flutter Mane, L50|100\/100\n|-enditem|p1a: Flutter Mane|Booster Energy\n|-activate|p1a: Flutter Mane|ability: Protosynthesis|[fromitem]\n|-start|p1a: Flutter Mane|protosynthesisspa\n|turn|8\n|\n|t:|1682525391\n|-terastallize|p1a: Flutter Mane|Fairy\n|move|p2a: Flutter Mane|Protect|p2a: Flutter Mane\n|-singleturn|p2a: Flutter Mane|Protect\n|move|p1a: Flutter Mane|Dazzling Gleam|p2a: Flutter Mane|[spread] p2b\n|-activate|p2a: Flutter Mane|move: Protect\n|-damage|p2b: Azumarill|57\/100\n|move|p2b: Azumarill|Liquidation|p1a: Flutter Mane\n|-damage|p1a: Flutter Mane|0 fnt\n|faint|p1a: Flutter Mane\n|-end|p1a: Flutter Mane|Protosynthesis|[silent]\n|move|p1b: Amoonguss|Clear Smog|p2b: Azumarill\n|-supereffective|p2b: Azumarill\n|-damage|p2b: Azumarill|35\/100\n|-clearboost|p2b: Azumarill\n|\n|-heal|p1b: Amoonguss|50\/100|[from] item: Leftovers\n|upkeep\n|turn|9\n|inactive|pupulovessixsheep has 30 seconds left.\n|\n|t:|1682525417\n|move|p2a: Flutter Mane|Shadow Ball|p1b: Amoonguss\n|-damage|p1b: Amoonguss|13\/100\n|move|p2b: Azumarill|Ice Spinner|p1b: Amoonguss\n|-supereffective|p1b: Amoonguss\n|-damage|p1b: Amoonguss|0 fnt\n|faint|p1b: Amoonguss\n|\n|win|agentyphlosion\n|raw|pupulovessixsheep's rating: 1293 → 1271<\/strong> (-22 for losing)\n|raw|agentyphlosion's rating: 1339 → 1356<\/strong> (+17 for winning)\n","uploadtime":1682525323,"views":10,"p1id":"pupulovessixsheep","p2id":"agentyphlosion","formatid":"gen9vgc2023regulationc","rating":1271,"private":0,"password":""}