{"id":"gen9vgc2023regulationc-1858664628","p1":"Rolling Mooo","p2":"AnemoneGlitch","format":"[Gen 9] VGC 2023 Regulation C","log":"|j|\u2606Rolling Mooo\n|j|\u2606AnemoneGlitch\n|t:|1683339379\n|gametype|doubles\n|player|p1|Rolling Mooo|102|1835\n|player|p2|AnemoneGlitch|102|1695\n|teamsize|p1|6\n|teamsize|p2|6\n|gen|9\n|tier|[Gen 9] VGC 2023 Regulation C\n|rated|\n|rule|Species Clause: Limit one of each Pok\u00e9mon\n|rule|Item Clause: Limit one of each item\n|clearpoke\n|poke|p1|Iron Hands, L50|\n|poke|p1|Bronzong, L50|\n|poke|p1|Ting-Lu, L50|\n|poke|p1|Dragonite, L50, M|\n|poke|p1|Chien-Pao, L50|\n|poke|p1|Roaring Moon, L50|\n|poke|p2|Maushold-Four, L50|\n|poke|p2|Scizor, L50, F|\n|poke|p2|Flutter Mane, L50|\n|poke|p2|Dondozo, L50, F|\n|poke|p2|Pelipper, L50, M|\n|poke|p2|Tatsugiri, L50, M|\n|teampreview|4\n|inactive|Battle timer is ON: inactive players will automatically lose when time's up. (requested by Rolling Mooo)\n|inactive|Rolling Mooo has 60 seconds left.\n|inactive|AnemoneGlitch has 60 seconds left.\n|inactive|Rolling Mooo has 30 seconds left.\n|inactive|Rolling Mooo has 20 seconds left.\n|\n|t:|1683339450\n|start\n|switch|p1a: Iron Hands|Iron Hands, L50|100\/100\n|switch|p1b: Roaring Moon|Roaring Moon, L50|100\/100\n|switch|p2a: Pelipper|Pelipper, L50, M|100\/100\n|switch|p2b: Tatsugiri|Tatsugiri, L50, M|100\/100\n|-weather|RainDance|[from] ability: Drizzle|[of] p2a: Pelipper\n|-enditem|p1b: Roaring Moon|Booster Energy\n|-activate|p1b: Roaring Moon|ability: Protosynthesis|[fromitem]\n|-start|p1b: Roaring Moon|protosynthesisspe\n|turn|1\n|\n|t:|1683339474\n|-terastallize|p2b: Tatsugiri|Steel\n|move|p1b: Roaring Moon|Breaking Swipe|p2b: Tatsugiri|[spread] p2a,p2b\n|-resisted|p2b: Tatsugiri\n|-damage|p2a: Pelipper|69\/100\n|-damage|p2b: Tatsugiri|78\/100\n|-unboost|p2a: Pelipper|atk|1\n|-unboost|p2b: Tatsugiri|atk|1\n|move|p2a: Pelipper|Tailwind|p2a: Pelipper\n|-sidestart|p2: AnemoneGlitch|move: Tailwind\n|move|p2b: Tatsugiri|Draco Meteor|p1b: Roaring Moon\n|-supereffective|p1b: Roaring Moon\n|-damage|p1b: Roaring Moon|0 fnt\n|-unboost|p2b: Tatsugiri|spa|2\n|faint|p1b: Roaring Moon\n|-end|p1b: Roaring Moon|Protosynthesis|[silent]\n|move|p1a: Iron Hands|Wild Charge|p2a: Pelipper\n|-supereffective|p2a: Pelipper\n|-damage|p2a: Pelipper|0 fnt\n|faint|p2a: Pelipper\n|-damage|p1a: Iron Hands|90\/100|[from] Recoil\n|\n|-weather|RainDance|[upkeep]\n|upkeep\n|\n|t:|1683339502\n|switch|p1b: Chien-Pao|Chien-Pao, L50|100\/100\n|switch|p2a: Flutter Mane|Flutter Mane, L50|100\/100\n|-ability|p1b: Chien-Pao|Sword of Ruin\n|-enditem|p2a: Flutter Mane|Booster Energy\n|-activate|p2a: Flutter Mane|ability: Protosynthesis|[fromitem]\n|-start|p2a: Flutter Mane|protosynthesisspe\n|turn|2\n|inactive|Rolling Mooo has 30 seconds left.\n|inactive|AnemoneGlitch has 30 seconds left.\n|inactive|AnemoneGlitch has 20 seconds left.\n|\n|t:|1683339541\n|switch|p2b: Dondozo|Dondozo, L50, F|100\/100\n|-terastallize|p1a: Iron Hands|Grass\n|move|p1b: Chien-Pao|Protect|p1b: Chien-Pao\n|-singleturn|p1b: Chien-Pao|Protect\n|move|p2a: Flutter Mane|Substitute|p2a: Flutter Mane\n|-start|p2a: Flutter Mane|Substitute\n|-damage|p2a: Flutter Mane|76\/100\n|move|p1a: Iron Hands|Drain Punch|p2b: Dondozo\n|-damage|p2b: Dondozo|64\/100\n|-heal|p1a: Iron Hands|100\/100|[from] drain|[of] p2b: Dondozo\n|\n|-weather|RainDance|[upkeep]\n|-heal|p2b: Dondozo|70\/100|[from] item: Leftovers\n|upkeep\n|turn|3\n|inactive|Rolling Mooo has 30 seconds left.\n|inactive|AnemoneGlitch has 30 seconds left.\n|j| AnyaForger35\n|\n|t:|1683339572\n|move|p1b: Chien-Pao|Sucker Punch|p2a: Flutter Mane\n|-end|p2a: Flutter Mane|Substitute\n|move|p2a: Flutter Mane|Dazzling Gleam|p1a: Iron Hands|[spread] p1a,p1b\n|-supereffective|p1b: Chien-Pao\n|-damage|p1a: Iron Hands|77\/100\n|-damage|p1b: Chien-Pao|6\/100\n|move|p2b: Dondozo|Wave Crash|p1b: Chien-Pao\n|-damage|p1b: Chien-Pao|0 fnt\n|faint|p1b: Chien-Pao\n|-damage|p2b: Dondozo|69\/100|[from] Recoil\n|move|p1a: Iron Hands|Wild Charge|p2b: Dondozo\n|-supereffective|p2b: Dondozo\n|-damage|p2b: Dondozo|6\/100\n|-damage|p1a: Iron Hands|59\/100|[from] Recoil\n|\n|-weather|RainDance|[upkeep]\n|-heal|p2b: Dondozo|12\/100|[from] item: Leftovers\n|upkeep\n|\n|t:|1683339576\n|switch|p1b: Dragonite|Dragonite, L50, M|100\/100\n|turn|4\n|j| Lowfatcoffee\n|inactive|AnemoneGlitch has 30 seconds left.\n|inactive|AnemoneGlitch has 20 seconds left.\n|inactive|AnemoneGlitch has 15 seconds left.\n|\n|t:|1683339617\n|move|p1b: Dragonite|Extreme Speed|p2b: Dondozo\n|-damage|p2b: Dondozo|0 fnt\n|faint|p2b: Dondozo\n|move|p2a: Flutter Mane|Perish Song|p2a: Flutter Mane\n|-start|p1a: Iron Hands|perish3|[silent]\n|-start|p1b: Dragonite|perish3|[silent]\n|-start|p2a: Flutter Mane|perish3|[silent]\n|-fieldactivate|move: Perish Song\n|move|p1a: Iron Hands|Wild Charge|p2a: Flutter Mane\n|-damage|p2a: Flutter Mane|0 fnt\n|faint|p2a: Flutter Mane\n|-end|p2a: Flutter Mane|Protosynthesis|[silent]\n|-damage|p1a: Iron Hands|48\/100|[from] Recoil\n|-enditem|p1a: Iron Hands|Sitrus Berry|[eat]\n|-heal|p1a: Iron Hands|73\/100|[from] item: Sitrus Berry\n|\n|-weather|RainDance|[upkeep]\n|-start|p1b: Dragonite|perish3\n|-start|p1a: Iron Hands|perish3\n|-sideend|p2: AnemoneGlitch|move: Tailwind\n|upkeep\n|\n|t:|1683339621\n|switch|p2a: Tatsugiri|Tatsugiri, L50, M, tera:Steel|78\/100\n|turn|5\n|\n|t:|1683339635\n|move|p2a: Tatsugiri|Protect|p2a: Tatsugiri\n|-singleturn|p2a: Tatsugiri|Protect\n|move|p1b: Dragonite|Outrage|p2a: Tatsugiri\n|-activate|p2a: Tatsugiri|move: Protect\n|move|p1a: Iron Hands|Drain Punch|p2a: Tatsugiri\n|-activate|p2a: Tatsugiri|move: Protect\n|\n|-weather|none\n|-start|p1b: Dragonite|perish2\n|-start|p1a: Iron Hands|perish2\n|upkeep\n|turn|6\n|\n|t:|1683339644\n|move|p2a: Tatsugiri|Substitute|p2a: Tatsugiri\n|-start|p2a: Tatsugiri|Substitute\n|-damage|p2a: Tatsugiri|53\/100\n|move|p1b: Dragonite|Outrage|p2a: Tatsugiri\n|-resisted|p2a: Tatsugiri\n|-end|p2a: Tatsugiri|Substitute\n|move|p1a: Iron Hands|Drain Punch|p2a: Tatsugiri\n|-supereffective|p2a: Tatsugiri\n|-crit|p2a: Tatsugiri\n|-damage|p2a: Tatsugiri|0 fnt\n|-heal|p1a: Iron Hands|90\/100|[from] drain|[of] p2a: Tatsugiri\n|faint|p2a: Tatsugiri\n|\n|win|Rolling Mooo\n|raw|Rolling Mooo's rating: 1835 → 1847<\/strong> (+12 for winning)\n|raw|AnemoneGlitch's rating: 1695 → 1683<\/strong> (-12 for losing)\n|l|\u2606AnemoneGlitch\n|l|\u2606Rolling Mooo\n|l| AnyaForger35\n|l| Lowfatcoffee\n","uploadtime":1683339737,"views":6,"p1id":"rollingmooo","p2id":"anemoneglitch","formatid":"gen9vgc2023regulationc","rating":1683,"private":0,"password":""}