{"id":"gen9vgc2023regulationc-1854887395","p1":"BFlac","p2":"TheEeveeAnimations","format":"[Gen 9] VGC 2023 Regulation C","log":"|j|\u2606BFlac\n|j|\u2606TheEeveeAnimations\n|t:|1682877241\n|gametype|doubles\n|player|p1|BFlac|170|\n|player|p2|TheEeveeAnimations|dahlia|\n|teamsize|p1|5\n|teamsize|p2|6\n|gen|9\n|tier|[Gen 9] VGC 2023 Regulation C\n|rated|Tournament battle\n|rule|Species Clause: Limit one of each Pok\u00e9mon\n|rule|Item Clause: Limit one of each item\n|clearpoke\n|poke|p1|Iron Bundle, L50|\n|poke|p1|Tatsugiri, L50, F|\n|poke|p1|Dondozo, L50, M|\n|poke|p1|Chi-Yu, L50|\n|poke|p1|Flutter Mane, L50|\n|poke|p2|Gholdengo, L50|\n|poke|p2|Maushold-Four, L50|\n|poke|p2|Flutter Mane, L50|\n|poke|p2|Wo-Chien, L50|\n|poke|p2|Palafin, L50, M|\n|poke|p2|Arcanine, L50, F|\n|teampreview|4\n|raw| Open Team Sheet for BFlac<\/summary>Iron Bundle @ Booster Energy Ability: Quark Drive Level: 50 Tera Type: Ice - Freeze-Dry - Hydro Pump - Icy Wind - Protect Tatsugiri @ Choice Scarf Ability: Commander Level: 50 Shiny: Yes Tera Type: Water - Draco Meteor - Muddy Water - Icy Wind - Sleep Talk Dondozo @ Leftovers Ability: Unaware Level: 50 Tera Type: Grass - Wave Crash - Earthquake - Yawn - Protect Chi-Yu @ Focus Sash Ability: Beads of Ruin Level: 50 Tera Type: Grass - Heat Wave - Snarl - Dark Pulse - Protect Flutter Mane @ Choice Specs Ability: Protosynthesis Level: 50 Tera Type: Fairy - Moonblast - Shadow Ball - Dazzling Gleam - Protect <\/details><\/div> Open Team Sheet for TheEeveeAnimations<\/summary>Gholdengo @ Leftovers Ability: Good as Gold Level: 50 Tera Type: Water - Protect - Shadow Ball - Make It Rain - Nasty Plot Maushold (Maushold-Four) @ Safety Goggles Ability: Friend Guard Level: 50 Tera Type: Ghost - Follow Me - Protect - Super Fang - Baby-Doll Eyes badonkadonk (Flutter Mane) @ Choice Specs Ability: Protosynthesis Level: 50 Tera Type: Fairy - Shadow Ball - Moonblast - Power Gem - Dazzling Gleam Homer (Wo-Chien) @ Assault Vest Ability: Tablets of Ruin Level: 50 Tera Type: Water - Foul Play - Snarl - Giga Drain - Pollen Puff Palafin @ Mystic Water Ability: Zero to Hero Level: 50 Tera Type: Water - Protect - Jet Punch - Wave Crash - Drain Punch Cloud (Arcanine) (F) @ Sitrus Berry Ability: Intimidate Level: 50 Tera Type: Grass - Flare Blitz - Will-O-Wisp - Extreme Speed - Protect <\/details><\/div>\n|j| Tazza wells\n|c|\u2606TheEeveeAnimations|ooh\n|c|\u2606TheEeveeAnimations|glhf\n|\n|t:|1682877314\n|start\n|switch|p1a: Iron Bundle|Iron Bundle, L50|100\/100\n|switch|p1b: Flutter Mane|Flutter Mane, L50|100\/100\n|switch|p2a: Cloud|Arcanine, L50, F|100\/100\n|switch|p2b: badonkadonk|Flutter Mane, L50|100\/100\n|-ability|p2a: Cloud|Intimidate|boost\n|-unboost|p1a: Iron Bundle|atk|1\n|-unboost|p1b: Flutter Mane|atk|1\n|-enditem|p1a: Iron Bundle|Booster Energy\n|-activate|p1a: Iron Bundle|ability: Quark Drive|[fromitem]\n|-start|p1a: Iron Bundle|quarkdrivespe\n|turn|1\n|\n|t:|1682877353\n|-terastallize|p2b: badonkadonk|Fairy\n|move|p1a: Iron Bundle|Protect|p1a: Iron Bundle\n|-singleturn|p1a: Iron Bundle|Protect\n|move|p1b: Flutter Mane|Shadow Ball|p2b: badonkadonk\n|-damage|p2b: badonkadonk|52\/100\n|move|p2b: badonkadonk|Dazzling Gleam|p1a: Iron Bundle|[spread] p1b\n|-activate|p1a: Iron Bundle|move: Protect\n|-damage|p1b: Flutter Mane|39\/100\n|move|p2a: Cloud|Flare Blitz|p1b: Flutter Mane\n|-damage|p1b: Flutter Mane|0 fnt\n|faint|p1b: Flutter Mane\n|-end|p1b: Flutter Mane|Protosynthesis|[silent]\n|-damage|p2a: Cloud|90\/100|[from] Recoil\n|\n|upkeep\n|\n|t:|1682877371\n|switch|p1b: Chi-Yu|Chi-Yu, L50|100\/100\n|-ability|p1b: Chi-Yu|Beads of Ruin\n|turn|2\n|j| DaGreedent+\n|\n|t:|1682877402\n|move|p2a: Cloud|Extreme Speed|p1b: Chi-Yu\n|-damage|p1b: Chi-Yu|61\/100\n|move|p1a: Iron Bundle|Icy Wind|p2b: badonkadonk|[spread] p2a,p2b\n|-resisted|p2a: Cloud\n|-damage|p2a: Cloud|74\/100\n|-damage|p2b: badonkadonk|29\/100\n|-unboost|p2a: Cloud|spe|1\n|-unboost|p2b: badonkadonk|spe|1\n|move|p1b: Chi-Yu|Heat Wave|p2b: badonkadonk|[spread] p2a,p2b\n|-resisted|p2a: Cloud\n|-damage|p2a: Cloud|42\/100\n|-damage|p2b: badonkadonk|0 fnt\n|-enditem|p2a: Cloud|Sitrus Berry|[eat]\n|-heal|p2a: Cloud|67\/100|[from] item: Sitrus Berry\n|faint|p2b: badonkadonk\n|-end|p2b: badonkadonk|Protosynthesis|[silent]\n|\n|upkeep\n|\n|t:|1682877423\n|switch|p2b: Palafin|Palafin, L50, M|100\/100\n|turn|3\n|\n|t:|1682877443\n|switch|p2a: Homer|Wo-Chien, L50|100\/100\n|-ability|p2a: Homer|Tablets of Ruin\n|move|p1b: Chi-Yu|Protect|p1b: Chi-Yu\n|-singleturn|p1b: Chi-Yu|Protect\n|move|p2b: Palafin|Protect|p2b: Palafin\n|-singleturn|p2b: Palafin|Protect\n|move|p1a: Iron Bundle|Hydro Pump|p2a: Homer\n|-resisted|p2a: Homer\n|-damage|p2a: Homer|81\/100\n|\n|upkeep\n|turn|4\n|\n|t:|1682877461\n|-terastallize|p1b: Chi-Yu|Grass\n|move|p2b: Palafin|Jet Punch|p1b: Chi-Yu\n|-resisted|p1b: Chi-Yu\n|-damage|p1b: Chi-Yu|45\/100\n|move|p1a: Iron Bundle|Freeze-Dry|p2a: Homer\n|-supereffective|p2a: Homer\n|-damage|p2a: Homer|35\/100\n|move|p1b: Chi-Yu|Heat Wave|p2a: Homer|[spread] p2a,p2b\n|-supereffective|p2a: Homer\n|-resisted|p2b: Palafin\n|-damage|p2a: Homer|0 fnt\n|-damage|p2b: Palafin|70\/100\n|faint|p2a: Homer\n|\n|upkeep\n|\n|t:|1682877470\n|switch|p2a: Cloud|Arcanine, L50, F|67\/100\n|-ability|p2a: Cloud|Intimidate|boost\n|-unboost|p1a: Iron Bundle|atk|1\n|-unboost|p1b: Chi-Yu|atk|1\n|turn|5\n|\n|t:|1682877492\n|move|p1b: Chi-Yu|Protect|p1b: Chi-Yu\n|-singleturn|p1b: Chi-Yu|Protect\n|move|p2a: Cloud|Extreme Speed|p1b: Chi-Yu\n|-activate|p1b: Chi-Yu|move: Protect\n|move|p2b: Palafin|Jet Punch|p1b: Chi-Yu\n|-activate|p1b: Chi-Yu|move: Protect\n|move|p1a: Iron Bundle|Freeze-Dry|p2b: Palafin\n|-supereffective|p2b: Palafin\n|-damage|p2b: Palafin|0 fnt\n|faint|p2b: Palafin\n|\n|upkeep\n|turn|6\n|c|\u2606TheEeveeAnimations|wp\n|c|\u2606TheEeveeAnimations|gg\n|c|\u2606TheEeveeAnimations|chi yu\n|\n|t:|1682877507\n|move|p2a: Cloud|Extreme Speed|p1b: Chi-Yu\n|-damage|p1b: Chi-Yu|6\/100\n|move|p1a: Iron Bundle|Hydro Pump|p2a: Cloud\n|-supereffective|p2a: Cloud\n|-damage|p2a: Cloud|0 fnt\n|faint|p2a: Cloud\n|\n|win|BFlac\n|n|\u2606BFlac|bflac\n|n|\u2606TheEeveeAnimations|theeeveeanimations\n|n| Tazza wells|tazzawells\n|n| DaGreedent+|dagreedent\n|c|\u2606TheEeveeAnimations|is this team's biggest enemy\n|l| DaGreedent+\n","uploadtime":1682877516,"views":9,"p1id":"bflac","p2id":"theeeveeanimations","formatid":"gen9vgc2023regulationc","rating":0,"private":0,"password":""}