{"id":"gen9vgc2023regulationc-1847649038","p1":"ascoi","p2":"axottlr","format":"[Gen 9] VGC 2023 Regulation C","log":"|j|\u2606ascoi\n|j|\u2606axottlr\n|t:|1681987454\n|gametype|doubles\n|player|p1|ascoi|swimmer|1129\n|player|p2|axottlr|lucas|1065\n|teamsize|p1|6\n|teamsize|p2|6\n|gen|9\n|tier|[Gen 9] VGC 2023 Regulation C\n|rated|\n|rule|Species Clause: Limit one of each Pok\u00e9mon\n|rule|Item Clause: Limit one of each item\n|clearpoke\n|poke|p1|Flutter Mane, L50|\n|poke|p1|Magnezone, L50|\n|poke|p1|Amoonguss, L50, M|\n|poke|p1|Gyarados, L50, F|\n|poke|p1|Chi-Yu, L50|\n|poke|p1|Dragapult, L50, M|\n|poke|p2|Arcanine, L50, F|\n|poke|p2|Dragonite, L50, M|\n|poke|p2|Kingambit, L50, M|\n|poke|p2|Ting-Lu, L50|\n|poke|p2|Amoonguss, L50, M|\n|poke|p2|Flutter Mane, L50|\n|teampreview|4\nascoi rejected open team sheets.\n|\n|t:|1681987535\n|start\n|switch|p1a: Magnezone|Magnezone, L50|100\/100\n|switch|p1b: Chi-Yu|Chi-Yu, L50|100\/100\n|switch|p2a: Kingambit|Kingambit, L50, M|100\/100\n|switch|p2b: Ting-Lu|Ting-Lu, L50|100\/100\n|-ability|p1b: Chi-Yu|Beads of Ruin\n|-ability|p2b: Ting-Lu|Vessel of Ruin\n|turn|1\n|\n|t:|1681987591\n|switch|p1a: Amoonguss|Amoonguss, L50, M|100\/100\n|move|p1b: Chi-Yu|Protect|p1b: Chi-Yu\n|-singleturn|p1b: Chi-Yu|Protect\n|move|p2a: Kingambit|Protect|p2a: Kingambit\n|-singleturn|p2a: Kingambit|Protect\n|move|p2b: Ting-Lu|Earthquake|p1b: Chi-Yu|[spread] p1a\n|-activate|p2a: Kingambit|move: Protect\n|-activate|p1b: Chi-Yu|move: Protect\n|-damage|p1a: Amoonguss|77\/100\n|\n|upkeep\n|turn|2\n|\n|t:|1681987627\n|switch|p2a: Arcanine|Arcanine, L50, F|100\/100\n|-ability|p2a: Arcanine|Intimidate|boost\n|-unboost|p1a: Amoonguss|atk|1\n|-unboost|p1b: Chi-Yu|atk|1\n|move|p1b: Chi-Yu|Nasty Plot|p1b: Chi-Yu\n|-boost|p1b: Chi-Yu|spa|2\n|move|p2b: Ting-Lu|Fissure|p1a: Amoonguss|[miss]\n|-miss|p2b: Ting-Lu|p1a: Amoonguss\n|move|p1a: Amoonguss|Spore|p2b: Ting-Lu\n|-status|p2b: Ting-Lu|slp|[from] move: Spore\n|\n|upkeep\n|turn|3\n|\n|t:|1681987675\n|-terastallize|p1a: Amoonguss|Water\n|move|p1b: Chi-Yu|Nasty Plot|p1b: Chi-Yu\n|-boost|p1b: Chi-Yu|spa|2\n|move|p2a: Arcanine|Snarl|p1a: Amoonguss|[spread] p1a,p1b\n|-resisted|p1b: Chi-Yu\n|-crit|p1b: Chi-Yu\n|-damage|p1a: Amoonguss|69\/100\n|-damage|p1b: Chi-Yu|94\/100\n|-unboost|p1a: Amoonguss|spa|1\n|-unboost|p1b: Chi-Yu|spa|1\n|cant|p2b: Ting-Lu|slp\n|move|p1a: Amoonguss|Pollen Puff|p1b: Chi-Yu\n|-heal|p1b: Chi-Yu|100\/100\n|\n|upkeep\n|turn|4\n|\n|t:|1681987716\n|move|p1a: Amoonguss|Rage Powder|p1a: Amoonguss\n|-singleturn|p1a: Amoonguss|move: Rage Powder\n|move|p1b: Chi-Yu|Heat Wave|p2a: Arcanine|[spread] p2a,p2b\n|-resisted|p2a: Arcanine\n|-damage|p2a: Arcanine|68\/100\n|-damage|p2b: Ting-Lu|67\/100 slp\n|move|p2a: Arcanine|Snarl|p1a: Amoonguss|[spread] p1a,p1b\n|-resisted|p1b: Chi-Yu\n|-damage|p1a: Amoonguss|61\/100\n|-damage|p1b: Chi-Yu|97\/100\n|-unboost|p1a: Amoonguss|spa|1\n|-unboost|p1b: Chi-Yu|spa|1\n|cant|p2b: Ting-Lu|slp\n|\n|upkeep\n|turn|5\n|\n|t:|1681987744\n|move|p1b: Chi-Yu|Nasty Plot|p1b: Chi-Yu\n|-boost|p1b: Chi-Yu|spa|2\n|move|p2a: Arcanine|Snarl|p1b: Chi-Yu|[spread] p1a,p1b\n|-resisted|p1b: Chi-Yu\n|-damage|p1a: Amoonguss|53\/100\n|-damage|p1b: Chi-Yu|92\/100\n|-unboost|p1a: Amoonguss|spa|1\n|-unboost|p1b: Chi-Yu|spa|1\n|-curestatus|p2b: Ting-Lu|slp|[msg]\n|move|p2b: Ting-Lu|Fissure|p1b: Chi-Yu\n|-damage|p1b: Chi-Yu|0 fnt\n|faint|p1b: Chi-Yu\n|-ohko\n|move|p1a: Amoonguss|Spore|p2b: Ting-Lu\n|-status|p2b: Ting-Lu|slp|[from] move: Spore\n|\n|upkeep\n|c|\u2606ascoi|luckyyyy\n|c|\u2606ascoi|you might wanna get a lotto ticket\n|\n|t:|1681987778\n|switch|p1b: Dragapult|Dragapult, L50, M|100\/100\n|turn|6\n|\n|t:|1681987793\n|switch|p1a: Magnezone|Magnezone, L50|100\/100\n|move|p1b: Dragapult|Phantom Force||[still]\n|-prepare|p1b: Dragapult|Phantom Force\n|-enditem|p1b: Dragapult|Power Herb\n|-anim|p1b: Dragapult|Phantom Force|p2a: Arcanine\n|-damage|p2a: Arcanine|17\/100\n|move|p2a: Arcanine|Snarl|p1a: Magnezone|[spread] p1a,p1b\n|-crit|p1a: Magnezone\n|-supereffective|p1b: Dragapult\n|-damage|p1a: Magnezone|89\/100\n|-damage|p1b: Dragapult|80\/100\n|-unboost|p1a: Magnezone|spa|1\n|cant|p2b: Ting-Lu|slp\n|\n|-heal|p1a: Magnezone|95\/100|[from] item: Leftovers\n|upkeep\n|turn|7\n|\n|t:|1681987842\n|switch|p2a: Kingambit|Kingambit, L50, M|100\/100\n|switch|p1a: Amoonguss|Amoonguss, L50, M, tera:Water|86\/100\n|move|p1b: Dragapult|Acrobatics|p2a: Kingambit\n|-resisted|p2a: Kingambit\n|-damage|p2a: Kingambit|88\/100\n|cant|p2b: Ting-Lu|slp\n|\n|upkeep\n|turn|8\n|\n|t:|1681987869\n|move|p2a: Kingambit|Protect|p2a: Kingambit\n|-singleturn|p2a: Kingambit|Protect\n|move|p1b: Dragapult|U-turn|p2a: Kingambit\n|-activate|p2a: Kingambit|move: Protect\n|-curestatus|p2b: Ting-Lu|slp|[msg]\n|move|p2b: Ting-Lu|Fissure|p1a: Amoonguss|[miss]\n|-miss|p2b: Ting-Lu|p1a: Amoonguss\n|move|p1a: Amoonguss|Spore|p2a: Kingambit\n|-activate|p2a: Kingambit|move: Protect\n|\n|upkeep\n|turn|9\n|\n|t:|1681987888\n|switch|p2a: Arcanine|Arcanine, L50, F|17\/100\n|-ability|p2a: Arcanine|Intimidate|boost\n|-unboost|p1a: Amoonguss|atk|1\n|-fail|p1b: Dragapult|unboost|[from] ability: Clear Body|[of] p1b: Dragapult\n|move|p1b: Dragapult|U-turn|p2a: Arcanine\n|-resisted|p2a: Arcanine\n|-damage|p2a: Arcanine|4\/100\n|\n|t:|1681987896\n|switch|p1b: Magnezone|Magnezone, L50|95\/100|[from] U-turn\n|move|p2b: Ting-Lu|Fissure|p1a: Amoonguss|[miss]\n|-miss|p2b: Ting-Lu|p1a: Amoonguss\n|move|p1a: Amoonguss|Spore|p2a: Arcanine\n|-activate|p2a: Arcanine|item: Safety Goggles|Spore\n|\n|-heal|p1b: Magnezone|100\/100|[from] item: Leftovers\n|upkeep\n|turn|10\n|\n|t:|1681987914\n|switch|p1b: Dragapult|Dragapult, L50, M|80\/100\n|move|p2a: Arcanine|Heat Wave|p1b: Dragapult|[spread] p1a\n|-miss|p2a: Arcanine|p1b: Dragapult\n|-resisted|p1a: Amoonguss\n|-damage|p1a: Amoonguss|78\/100\n|move|p2b: Ting-Lu|Fissure|p1a: Amoonguss|[miss]\n|-miss|p2b: Ting-Lu|p1a: Amoonguss\n|move|p1a: Amoonguss|Pollen Puff|p1b: Dragapult\n|-heal|p1b: Dragapult|100\/100\n|\n|upkeep\n|turn|11\n|\n|t:|1681987936\n|move|p2a: Arcanine|Protect|p2a: Arcanine\n|-singleturn|p2a: Arcanine|Protect\n|move|p1b: Dragapult|Acrobatics|p2a: Arcanine\n|-activate|p2a: Arcanine|move: Protect\n|move|p2b: Ting-Lu|Earthquake|p1a: Amoonguss|[spread] p1a,p1b\n|-activate|p2a: Arcanine|move: Protect\n|-damage|p1a: Amoonguss|56\/100\n|-damage|p1b: Dragapult|59\/100\n|move|p1a: Amoonguss|Spore|p2b: Ting-Lu\n|-status|p2b: Ting-Lu|slp|[from] move: Spore\n|\n|upkeep\n|turn|12\n|\n|t:|1681987965\n|move|p1b: Dragapult|Acrobatics|p2a: Arcanine\n|-damage|p2a: Arcanine|0 fnt\n|faint|p2a: Arcanine\n|cant|p2b: Ting-Lu|slp\n|move|p1a: Amoonguss|Pollen Puff|p1b: Dragapult\n|-heal|p1b: Dragapult|100\/100\n|\n|upkeep\n|\n|t:|1681987975\n|switch|p2a: Kingambit|Kingambit, L50, M|88\/100\n|turn|13\n|\n|t:|1681987988\n|move|p1b: Dragapult|U-turn|p2a: Kingambit\n|-damage|p2a: Kingambit|71\/100\n|\n|t:|1681987992\n|switch|p1b: Magnezone|Magnezone, L50|100\/100|[from] U-turn\n|cant|p2b: Ting-Lu|slp\n|move|p2a: Kingambit|Kowtow Cleave|p1b: Magnezone\n|-damage|p1b: Magnezone|42\/100\n|move|p1a: Amoonguss|Spore|p2a: Kingambit\n|-status|p2a: Kingambit|slp|[from] move: Spore\n|\n|-heal|p1b: Magnezone|49\/100|[from] item: Leftovers\n|upkeep\n|turn|14\n|\n|t:|1681988018\n|move|p1b: Magnezone|Flash Cannon|p2a: Kingambit\n|-resisted|p2a: Kingambit\n|-damage|p2a: Kingambit|56\/100 slp\n|-curestatus|p2b: Ting-Lu|slp|[msg]\n|move|p2b: Ting-Lu|Fissure|p1a: Amoonguss|[miss]\n|-miss|p2b: Ting-Lu|p1a: Amoonguss\n|cant|p2a: Kingambit|slp\n|move|p1a: Amoonguss|Pollen Puff|p1b: Magnezone\n|-heal|p1b: Magnezone|98\/100\n|\n|-heal|p1b: Magnezone|100\/100|[from] item: Leftovers\n|upkeep\n|turn|15\n|\n|t:|1681988046\n|switch|p1b: Dragapult|Dragapult, L50, M|100\/100\n|move|p2b: Ting-Lu|Fissure|p1a: Amoonguss|[miss]\n|-miss|p2b: Ting-Lu|p1a: Amoonguss\n|cant|p2a: Kingambit|slp\n|move|p1a: Amoonguss|Spore|p2b: Ting-Lu\n|-status|p2b: Ting-Lu|slp|[from] move: Spore\n|\n|upkeep\n|turn|16\n|\n|t:|1681988068\n|switch|p1a: Magnezone|Magnezone, L50|100\/100\n|cant|p2a: Kingambit|slp\n|move|p1b: Dragapult|U-turn|p2a: Kingambit\n|-damage|p2a: Kingambit|38\/100 slp\n|\n|t:|1681988074\n|switch|p1b: Amoonguss|Amoonguss, L50, M, tera:Water|89\/100|[from] U-turn\n|cant|p2b: Ting-Lu|slp\n|\n|upkeep\n|turn|17\n|\n|t:|1681988092\n|move|p1a: Magnezone|Flash Cannon|p2a: Kingambit\n|-resisted|p2a: Kingambit\n|-damage|p2a: Kingambit|22\/100 slp\n|-unboost|p2a: Kingambit|spd|1\n|-ability|p2a: Kingambit|Defiant|boost\n|-boost|p2a: Kingambit|atk|2\n|cant|p2b: Ting-Lu|slp\n|-curestatus|p2a: Kingambit|slp|[msg]\n|move|p2a: Kingambit|Swords Dance|p2a: Kingambit\n|-boost|p2a: Kingambit|atk|2\n|move|p1b: Amoonguss|Spore|p2a: Kingambit\n|-status|p2a: Kingambit|slp|[from] move: Spore\n|\n|upkeep\n|turn|18\n|\n|t:|1681988123\n|move|p1a: Magnezone|Flash Cannon|p2a: Kingambit\n|-resisted|p2a: Kingambit\n|-damage|p2a: Kingambit|0 fnt\n|faint|p2a: Kingambit\n|cant|p2b: Ting-Lu|slp\n|move|p1b: Amoonguss|Pollen Puff|p2b: Ting-Lu\n|-supereffective|p2b: Ting-Lu\n|-damage|p2b: Ting-Lu|56\/100 slp\n|\n|upkeep\n|\n|t:|1681988134\n|switch|p2a: Flutter Mane|Flutter Mane, L50|100\/100\n|turn|19\n|\n|t:|1681988168\n|-terastallize|p2a: Flutter Mane|Ghost\n|move|p2a: Flutter Mane|Shadow Ball|p1b: Amoonguss\n|-damage|p1b: Amoonguss|35\/100\n|-enditem|p1b: Amoonguss|Sitrus Berry|[eat]\n|-heal|p1b: Amoonguss|60\/100|[from] item: Sitrus Berry\n|move|p1a: Magnezone|Flash Cannon|p2a: Flutter Mane\n|-damage|p2a: Flutter Mane|63\/100\n|-curestatus|p2b: Ting-Lu|slp|[msg]\n|move|p2b: Ting-Lu|Fissure|p1b: Amoonguss\n|-damage|p1b: Amoonguss|0 fnt\n|faint|p1b: Amoonguss\n|-ohko\n|\n|upkeep\n|\n|t:|1681988179\n|switch|p1b: Dragapult|Dragapult, L50, M|100\/100\n|turn|20\n|\n|t:|1681988200\n|move|p1a: Magnezone|Protect|p1a: Magnezone\n|-singleturn|p1a: Magnezone|Protect\n|move|p1b: Dragapult|Phantom Force||[still]\n|-prepare|p1b: Dragapult|Phantom Force\n|move|p2a: Flutter Mane|Shadow Ball|p1a: Magnezone\n|-activate|p1a: Magnezone|move: Protect\n|move|p2b: Ting-Lu|Ruination|p1b: Dragapult|[miss]\n|-miss|p2b: Ting-Lu|p1b: Dragapult\n|\n|upkeep\n|turn|21\n|\n|t:|1681988218\n|move|p1b: Dragapult|Phantom Force|p2a: Flutter Mane|[from]lockedmove\n|-supereffective|p2a: Flutter Mane\n|-damage|p2a: Flutter Mane|0 fnt\n|faint|p2a: Flutter Mane\n|-end|p2a: Flutter Mane|Protosynthesis|[silent]\n|move|p1a: Magnezone|Flash Cannon|p2b: Ting-Lu\n|-damage|p2b: Ting-Lu|44\/100\n|move|p2b: Ting-Lu|Earthquake|p1b: Dragapult|[spread] p1a,p1b\n|-supereffective|p1a: Magnezone\n|-damage|p1a: Magnezone|0 fnt\n|-damage|p1b: Dragapult|61\/100\n|faint|p1a: Magnezone\n|\n|upkeep\n|turn|22\n|inactive|Battle timer is ON: inactive players will automatically lose when time's up. (requested by axottlr)\n|\n|t:|1681988266\n|move|p1b: Dragapult|U-turn|p2b: Ting-Lu\n|-supereffective|p2b: Ting-Lu\n|-damage|p2b: Ting-Lu|20\/100\n|move|p2b: Ting-Lu|Earthquake|p1b: Dragapult\n|-damage|p1b: Dragapult|11\/100\n|\n|upkeep\n|turn|23\n|\n|t:|1681988281\n|move|p1b: Dragapult|U-turn|p2b: Ting-Lu\n|-supereffective|p2b: Ting-Lu\n|-damage|p2b: Ting-Lu|0 fnt\n|faint|p2b: Ting-Lu\n|\n|win|ascoi\n|raw|ascoi's rating: 1129 → 1149<\/strong> (+20 for winning)\n|raw|axottlr's rating: 1065 → 1049<\/strong> (-16 for losing)\n|c|\u2606ascoi|gg\n|c|\u2606ascoi|what a game\n|l|\u2606axottlr\n","uploadtime":1681988300,"views":11,"p1id":"ascoi","p2id":"axottlr","formatid":"gen9vgc2023regulationc","rating":1049,"private":0,"password":""}