{"id":"gen9vgc2023regulationc-1851608953","p1":"Blueaquajet3","p2":"Mr.SteelixYourGirl","format":"[Gen 9] VGC 2023 Regulation C","log":"|j|\u2606Blueaquajet3\n|j|\u2606Mr.SteelixYourGirl\n|t:|1682460785\n|gametype|doubles\n|player|p1|Blueaquajet3|169|1287\n|player|p2|Mr.SteelixYourGirl|steven|1289\n|teamsize|p1|6\n|teamsize|p2|6\n|gen|9\n|tier|[Gen 9] VGC 2023 Regulation C\n|rated|\n|rule|Species Clause: Limit one of each Pok\u00e9mon\n|rule|Item Clause: Limit one of each item\n|clearpoke\n|poke|p1|Baxcalibur, L50, M|\n|poke|p1|Palafin, L50, F|\n|poke|p1|Arcanine, L50, M|\n|poke|p1|Flutter Mane, L50|\n|poke|p1|Ting-Lu, L50|\n|poke|p1|Amoonguss, L50, F|\n|poke|p2|Great Tusk, L50|\n|poke|p2|Iron Jugulis, L50|\n|poke|p2|Bronzong, L50|\n|poke|p2|Hariyama, L50, M|\n|poke|p2|Abomasnow, L50, F|\n|poke|p2|Glaceon, L50, F|\n|teampreview|4\n|inactive|Battle timer is ON: inactive players will automatically lose when time's up. (requested by Blueaquajet3)\n|inactive|Blueaquajet3 has 60 seconds left.\n|\n|t:|1682460822\n|start\n|switch|p1a: Baxcalibur|Baxcalibur, L50, M|100\/100\n|switch|p1b: Ting-Lu|Ting-Lu, L50|100\/100\n|switch|p2a: Iron Jugulis|Iron Jugulis, L50|100\/100\n|switch|p2b: Glaceon|Glaceon, L50, F, shiny|100\/100\n|-ability|p1b: Ting-Lu|Vessel of Ruin\n|-enditem|p2a: Iron Jugulis|Booster Energy\n|-activate|p2a: Iron Jugulis|ability: Quark Drive|[fromitem]\n|-start|p2a: Iron Jugulis|quarkdrivespe\n|turn|1\n|inactive|Mr.SteelixYourGirl has 30 seconds left.\n|\n|t:|1682460849\n|switch|p2b: Great Tusk|Great Tusk, L50|100\/100\n|move|p2a: Iron Jugulis|Tailwind|p2a: Iron Jugulis\n|-sidestart|p2: Mr.SteelixYourGirl|move: Tailwind\n|move|p1a: Baxcalibur|Dragon Dance|p1a: Baxcalibur\n|-boost|p1a: Baxcalibur|atk|1\n|-boost|p1a: Baxcalibur|spe|1\n|move|p1b: Ting-Lu|Heavy Slam|p2b: Great Tusk\n|-damage|p2b: Great Tusk|89\/100\n|\n|upkeep\n|turn|2\n|inactive|Blueaquajet3 has 30 seconds left.\n|\n|t:|1682460882\n|switch|p1b: Flutter Mane|Flutter Mane, L50|100\/100\n|move|p2a: Iron Jugulis|Air Slash|p1a: Baxcalibur\n|-damage|p1a: Baxcalibur|68\/100\n|move|p2b: Great Tusk|Close Combat|p1a: Baxcalibur\n|-supereffective|p1a: Baxcalibur\n|-damage|p1a: Baxcalibur|0 fnt\n|-unboost|p2b: Great Tusk|def|1\n|-unboost|p2b: Great Tusk|spd|1\n|faint|p1a: Baxcalibur\n|-damage|p2b: Great Tusk|79\/100|[from] item: Life Orb\n|\n|upkeep\n|\n|t:|1682460892\n|switch|p1a: Arcanine|Arcanine, L50, M|100\/100\n|-ability|p1a: Arcanine|Intimidate|boost\n|-unboost|p2a: Iron Jugulis|atk|1\n|-unboost|p2b: Great Tusk|atk|1\n|turn|3\n|\n|t:|1682460917\n|-terastallize|p2a: Iron Jugulis|Steel\n|-terastallize|p1b: Flutter Mane|Steel\n|move|p2a: Iron Jugulis|Snarl|p1b: Flutter Mane|[spread] p1a,p1b\n|-damage|p1a: Arcanine|79\/100\n|-damage|p1b: Flutter Mane|85\/100\n|-unboost|p1a: Arcanine|spa|1\n|-unboost|p1b: Flutter Mane|spa|1\n|move|p2b: Great Tusk|Headlong Rush|p1a: Arcanine\n|-supereffective|p1a: Arcanine\n|-damage|p1a: Arcanine|0 fnt\n|-unboost|p2b: Great Tusk|def|1\n|-unboost|p2b: Great Tusk|spd|1\n|faint|p1a: Arcanine\n|-damage|p2b: Great Tusk|69\/100|[from] item: Life Orb\n|move|p1b: Flutter Mane|Moonblast|p2b: Great Tusk\n|-supereffective|p2b: Great Tusk\n|-damage|p2b: Great Tusk|0 fnt\n|faint|p2b: Great Tusk\n|-end|p2b: Great Tusk|Protosynthesis|[silent]\n|\n|upkeep\n|\n|t:|1682460929\n|switch|p1a: Ting-Lu|Ting-Lu, L50|100\/100\n|switch|p2b: Glaceon|Glaceon, L50, F, shiny|100\/100\n|-ability|p1a: Ting-Lu|Vessel of Ruin\n|turn|4\n|\n|t:|1682460948\n|switch|p2b: Abomasnow|Abomasnow, L50, F|100\/100\n|-weather|Snow|[from] ability: Snow Warning|[of] p2b: Abomasnow\n|move|p2a: Iron Jugulis|Snarl|p1a: Ting-Lu|[spread] p1a,p1b\n|-resisted|p1a: Ting-Lu\n|-damage|p1a: Ting-Lu|98\/100\n|-damage|p1b: Flutter Mane|73\/100\n|-unboost|p1a: Ting-Lu|spa|1\n|-unboost|p1b: Flutter Mane|spa|1\n|move|p1b: Flutter Mane|Moonblast|p2b: Abomasnow\n|-damage|p2b: Abomasnow|79\/100\n|move|p1a: Ting-Lu|Fissure|p2b: Abomasnow\n|-damage|p2b: Abomasnow|0 fnt\n|faint|p2b: Abomasnow\n|-ohko\n|\n|-weather|Snow|[upkeep]\n|-sideend|p2: Mr.SteelixYourGirl|move: Tailwind\n|upkeep\n|\n|t:|1682460959\n|switch|p2b: Glaceon|Glaceon, L50, F, shiny|100\/100\n|turn|5\n|c|\u2606Mr.SteelixYourGirl|so this is how its gonna be\n|c|\u2606Mr.SteelixYourGirl|fissue antics\n|\n|t:|1682460976\n|move|p2a: Iron Jugulis|Snarl|p1b: Flutter Mane|[spread] p1a,p1b\n|-resisted|p1a: Ting-Lu\n|-damage|p1a: Ting-Lu|95\/100\n|-damage|p1b: Flutter Mane|62\/100\n|-unboost|p1a: Ting-Lu|spa|1\n|-unboost|p1b: Flutter Mane|spa|1\n|move|p1b: Flutter Mane|Moonblast|p2a: Iron Jugulis\n|-resisted|p2a: Iron Jugulis\n|-damage|p2a: Iron Jugulis|92\/100\n|move|p2b: Glaceon|Blizzard|p1b: Flutter Mane|[spread] p1a,p1b\n|-supereffective|p1a: Ting-Lu\n|-resisted|p1b: Flutter Mane\n|-damage|p1a: Ting-Lu|65\/100\n|-damage|p1b: Flutter Mane|46\/100\n|-status|p1b: Flutter Mane|frz\n|move|p1a: Ting-Lu|Fissure|p2b: Glaceon\n|-damage|p2b: Glaceon|0 fnt\n|faint|p2b: Glaceon\n|-ohko\n|\n|-weather|Snow|[upkeep]\n|upkeep\n|turn|6\n|c|\u2606Mr.SteelixYourGirl|smh\n|c|\u2606Mr.SteelixYourGirl|unreal\n|c|\u2606Mr.SteelixYourGirl|lmao wow\n|c|\u2606Mr.SteelixYourGirl|2 in a row\n|inactive|Mr.SteelixYourGirl has 30 seconds left.\n|\n|t:|1682461001\n|move|p2a: Iron Jugulis|Air Slash|p1a: Ting-Lu\n|-damage|p1a: Ting-Lu|55\/100\n|-curestatus|p1b: Flutter Mane|frz|[msg]\n|move|p1b: Flutter Mane|Moonblast|p2a: Iron Jugulis\n|-resisted|p2a: Iron Jugulis\n|-damage|p2a: Iron Jugulis|83\/100\n|cant|p1a: Ting-Lu|flinch\n|\n|-weather|Snow|[upkeep]\n|upkeep\n|turn|7\n|c|\u2606Mr.SteelixYourGirl|this meta sucks\n|c|\u2606Blueaquajet3|skill and fundamentals\n|\n|t:|1682461022\n|move|p2a: Iron Jugulis|Air Slash|p1a: Ting-Lu\n|-damage|p1a: Ting-Lu|44\/100\n|move|p1b: Flutter Mane|Moonblast|p2a: Iron Jugulis\n|-resisted|p2a: Iron Jugulis\n|-damage|p2a: Iron Jugulis|74\/100\n|-unboost|p2a: Iron Jugulis|spa|1\n|cant|p1a: Ting-Lu|flinch\n|\n|-weather|Snow|[upkeep]\n|upkeep\n|turn|8\n|c|\u2606Mr.SteelixYourGirl|yayayay nice team you built on your own\n|\n|t:|1682461034\n|move|p2a: Iron Jugulis|Air Slash|p1a: Ting-Lu\n|-crit|p1a: Ting-Lu\n|-damage|p1a: Ting-Lu|28\/100\n|move|p1b: Flutter Mane|Moonblast|p2a: Iron Jugulis\n|-resisted|p2a: Iron Jugulis\n|-crit|p2a: Iron Jugulis\n|-damage|p2a: Iron Jugulis|42\/100\n|-unboost|p2a: Iron Jugulis|spa|1\n|move|p1a: Ting-Lu|Stomping Tantrum|p2a: Iron Jugulis\n|-supereffective|p2a: Iron Jugulis\n|-damage|p2a: Iron Jugulis|0 fnt\n|faint|p2a: Iron Jugulis\n|-end|p2a: Iron Jugulis|Quark Drive|[silent]\n|\n|win|Blueaquajet3\n|raw|Blueaquajet3's rating: 1287 → 1312<\/strong> (+25 for winning)\n|raw|Mr.SteelixYourGirl's rating: 1289 → 1264<\/strong> (-25 for losing)\n|c|\u2606Blueaquajet3|thx for the points\n|c|\u2606Mr.SteelixYourGirl|lol\n|c|\u2606Mr.SteelixYourGirl|thank RNG\n|c|\u2606Mr.SteelixYourGirl|as Wolfey said, if you use fissure i have no respect for you\n|c|\u2606Mr.SteelixYourGirl|no skill, pure luck. Seeya.\n|l|\u2606Mr.SteelixYourGirl\n","uploadtime":1682461244,"views":11,"p1id":"blueaquajet3","p2id":"mrsteelixyourgirl","formatid":"gen9vgc2023regulationc","rating":1264,"private":0,"password":""}