{"id":"gen9vgc2023regulationc-1854981803","p1":"CJG727_","p2":"Bacon204","format":"[Gen 9] VGC 2023 Regulation C","log":"|j|\u2606CJG727_\n|j|\u2606Bacon204\n|t:|1682887505\n|gametype|doubles\n|player|p1|CJG727_|clair|\n|player|p2|Bacon204|1|\n|teamsize|p1|6\n|teamsize|p2|6\n|gen|9\n|tier|[Gen 9] VGC 2023 Regulation C\n|rule|Species Clause: Limit one of each Pok\u00e9mon\n|rule|Item Clause: Limit one of each item\n|clearpoke\n|poke|p1|Scream Tail, L50|\n|poke|p1|Gothitelle, L50, M|\n|poke|p1|Hydreigon, L50, F|\n|poke|p1|Sylveon, L50, M|\n|poke|p1|Sableye, L50, M|\n|poke|p1|Mismagius, L50, M|\n|poke|p2|Ting-Lu, L50|\n|poke|p2|Dudunsparce-*, L50, M|\n|poke|p2|Gyarados, L50, F|\n|poke|p2|Florges, L50, F|\n|poke|p2|Skeledirge, L50, F|\n|poke|p2|Tsareena, L50, F|\n|teampreview|4\n|\n|t:|1682887562\n|start\n|switch|p1a: Sableye|Sableye, L50, M|100\/100\n|switch|p1b: Gothitelle|Gothitelle, L50, M|100\/100\n|switch|p2a: Ting-Lu|Ting-Lu, L50|100\/100\n|switch|p2b: Dudunsparce|Dudunsparce, L50, M|100\/100\n|-ability|p2a: Ting-Lu|Vessel of Ruin\n|turn|1\n|\n|t:|1682887621\n|move|p1b: Gothitelle|Fake Out|p2b: Dudunsparce\n|-damage|p2b: Dudunsparce|94\/100\n|cant|p2b: Dudunsparce|flinch\n|move|p1a: Sableye|Low Kick|p2a: Ting-Lu\n|-supereffective|p2a: Ting-Lu\n|-damage|p2a: Ting-Lu|76\/100\n|move|p2a: Ting-Lu|Stomping Tantrum|p1a: Sableye\n|-damage|p1a: Sableye|46\/100\n|\n|upkeep\n|turn|2\n|j| judevgc\n|\n|t:|1682887675\n|-terastallize|p1b: Gothitelle|Water\n|move|p1a: Sableye|Quash|p2b: Dudunsparce\n|-activate|p2b: Dudunsparce|move: Quash\n|move|p1b: Gothitelle|Psychic|p2b: Dudunsparce\n|-damage|p2b: Dudunsparce|75\/100\n|move|p2a: Ting-Lu|Stomping Tantrum|p1a: Sableye\n|-damage|p1a: Sableye|0 fnt\n|faint|p1a: Sableye\n|move|p2b: Dudunsparce|Hyper Drill|p1b: Gothitelle\n|-damage|p1b: Gothitelle|53\/100\n|\n|upkeep\n|\n|t:|1682887684\n|switch|p1a: Scream Tail|Scream Tail, L50|100\/100\n|-enditem|p1a: Scream Tail|Booster Energy\n|-activate|p1a: Scream Tail|ability: Protosynthesis|[fromitem]\n|-start|p1a: Scream Tail|protosynthesisspe\n|turn|3\n|\n|t:|1682887705\n|move|p1a: Scream Tail|Disable|p2b: Dudunsparce\n|-start|p2b: Dudunsparce|Disable|Hyper Drill\n|move|p1b: Gothitelle|Heal Pulse|p1a: Scream Tail\n|-fail|p1a: Scream Tail|heal\n|cant|p2b: Dudunsparce|Disable|Hyper Drill\n|move|p2a: Ting-Lu|Heavy Slam|p1a: Scream Tail\n|-supereffective|p1a: Scream Tail\n|-damage|p1a: Scream Tail|41\/100\n|\n|upkeep\n|turn|4\n|\n|t:|1682887729\n|move|p1a: Scream Tail|Play Rough|p2a: Ting-Lu\n|-supereffective|p2a: Ting-Lu\n|-damage|p2a: Ting-Lu|51\/100\n|move|p1b: Gothitelle|Heal Pulse|p1a: Scream Tail\n|-heal|p1a: Scream Tail|91\/100\n|move|p2b: Dudunsparce|Yawn|p1b: Gothitelle\n|-start|p1b: Gothitelle|move: Yawn|[of] p2b: Dudunsparce\n|move|p2a: Ting-Lu|Heavy Slam|p1a: Scream Tail\n|-supereffective|p1a: Scream Tail\n|-damage|p1a: Scream Tail|27\/100\n|\n|upkeep\n|turn|5\n|\n|t:|1682887750\n|switch|p1b: Bertha|Hydreigon, L50, F, shiny|100\/100\n|move|p1a: Scream Tail|Disable|p2a: Ting-Lu\n|-start|p2a: Ting-Lu|Disable|Heavy Slam\n|move|p2b: Dudunsparce|Poison Jab|p1a: Scream Tail\n|-supereffective|p1a: Scream Tail\n|-damage|p1a: Scream Tail|0 fnt\n|faint|p1a: Scream Tail\n|-end|p1a: Scream Tail|Protosynthesis|[silent]\n|cant|p2a: Ting-Lu|Disable|Heavy Slam\n|\n|upkeep\n|\n|t:|1682887759\n|switch|p1a: Gothitelle|Gothitelle, L50, M, tera:Water|53\/100\n|turn|6\n|\n|t:|1682887780\n|move|p1a: Gothitelle|Fake Out|p2b: Dudunsparce\n|-damage|p2b: Dudunsparce|69\/100\n|move|p1b: Bertha|Focus Energy|p1b: Bertha\n|-start|p1b: Bertha|move: Focus Energy\n|cant|p2b: Dudunsparce|flinch\n|move|p2a: Ting-Lu|Ruination|p1b: Bertha\n|-damage|p1b: Bertha|51\/100\n|\n|-end|p2b: Dudunsparce|Disable\n|upkeep\n|turn|7\n|\n|t:|1682887813\n|move|p1b: Bertha|Dark Pulse|p2b: Dudunsparce\n|-crit|p2b: Dudunsparce\n|-damage|p2b: Dudunsparce|30\/100\n|-enditem|p2b: Dudunsparce|Sitrus Berry|[eat]\n|-heal|p2b: Dudunsparce|55\/100|[from] item: Sitrus Berry\n|move|p1a: Gothitelle|Heal Pulse|p1b: Bertha\n|-heal|p1b: Bertha|100\/100\n|move|p2b: Dudunsparce|Yawn|p1b: Bertha\n|-start|p1b: Bertha|move: Yawn|[of] p2b: Dudunsparce\n|move|p2a: Ting-Lu|Throat Chop|p1a: Gothitelle\n|-damage|p1a: Gothitelle|16\/100\n|-start|p1a: Gothitelle|Throat Chop|[silent]\n|-enditem|p1a: Gothitelle|Sitrus Berry|[eat]\n|-heal|p1a: Gothitelle|41\/100|[from] item: Sitrus Berry\n|\n|upkeep\n|turn|8\n|\n|t:|1682887842\n|move|p1b: Bertha|Dark Pulse|p2b: Dudunsparce\n|-crit|p2b: Dudunsparce\n|-damage|p2b: Dudunsparce|16\/100\n|move|p1a: Gothitelle|Psychic|p2b: Dudunsparce\n|-damage|p2b: Dudunsparce|0 fnt\n|faint|p2b: Dudunsparce\n|move|p2a: Ting-Lu|Ruination|p1b: Bertha\n|-damage|p1b: Bertha|51\/100\n|\n|-end|p2a: Ting-Lu|Disable\n|-end|p1a: Gothitelle|Throat Chop|[silent]\n|-end|p1b: Bertha|move: Yawn|[silent]\n|-status|p1b: Bertha|slp\n|upkeep\n|\n|t:|1682887854\n|switch|p2b: Gyarados|Gyarados, L50, F|100\/100\n|turn|9\n|\n|t:|1682887881\n|cant|p1b: Bertha|slp\n|move|p2b: Gyarados|Dragon Dance|p2b: Gyarados\n|-boost|p2b: Gyarados|atk|1\n|-boost|p2b: Gyarados|spe|1\n|move|p1a: Gothitelle|Psychic|p2b: Gyarados\n|-damage|p2b: Gyarados|83\/100\n|move|p2a: Ting-Lu|Throat Chop|p1a: Gothitelle\n|-damage|p1a: Gothitelle|3\/100\n|-start|p1a: Gothitelle|Throat Chop|[silent]\n|\n|upkeep\n|turn|10\n|\n|t:|1682887908\n|move|p1a: Gothitelle|Protect|p1a: Gothitelle\n|-singleturn|p1a: Gothitelle|Protect\n|cant|p1b: Bertha|slp\n|move|p2b: Gyarados|Waterfall|p1b: Bertha\n|-resisted|p1b: Bertha\n|-damage|p1b: Bertha|15\/100 slp\n|move|p2a: Ting-Lu|Throat Chop|p1a: Gothitelle\n|-activate|p1a: Gothitelle|move: Protect\n|\n|-end|p1a: Gothitelle|Throat Chop|[silent]\n|upkeep\n|turn|11\n|\n|t:|1682887922\n|move|p1a: Gothitelle|Protect||[still]\n|-fail|p1a: Gothitelle\n|cant|p1b: Bertha|slp\n|move|p2b: Gyarados|Waterfall|p1b: Bertha\n|-resisted|p1b: Bertha\n|-damage|p1b: Bertha|0 fnt\n|faint|p1b: Bertha\n|-ability|p2b: Gyarados|Moxie|boost\n|-boost|p2b: Gyarados|atk|1\n|move|p2a: Ting-Lu|Throat Chop|p1a: Gothitelle\n|-damage|p1a: Gothitelle|0 fnt\n|faint|p1a: Gothitelle\n|\n|win|Bacon204\n|l|\u2606CJG727_\n|l| judevgc\n","uploadtime":1682887928,"views":10,"p1id":"cjg727","p2id":"bacon204","formatid":"gen9vgc2023regulationc","rating":0,"private":0,"password":""}