{"id":"gen9vgc2023regulationc-1848787081","p1":"juanjo724","p2":"Sprye0216","format":"[Gen 9] VGC 2023 Regulation C","log":"|j|\u2606juanjo724\n|j|\u2606Sprye0216\n|t:|1682110316\n|gametype|doubles\n|player|p1|juanjo724|blue|1142\n|player|p2|Sprye0216|skyla|1161\n|teamsize|p1|6\n|teamsize|p2|6\n|gen|9\n|tier|[Gen 9] VGC 2023 Regulation C\n|rated|\n|rule|Species Clause: Limit one of each Pok\u00e9mon\n|rule|Item Clause: Limit one of each item\n|clearpoke\n|poke|p1|Chien-Pao, L50|\n|poke|p1|Pincurchin, L50, F|\n|poke|p1|Annihilape, L50, M|\n|poke|p1|Grimmsnarl, L50, M|\n|poke|p1|Flutter Mane, L50|\n|poke|p1|Palafin, L50, F|\n|poke|p2|Amoonguss, L50, F|\n|poke|p2|Gyarados, L50, M|\n|poke|p2|Talonflame, L50, M|\n|poke|p2|Garchomp, L50, M|\n|poke|p2|Flutter Mane, L50|\n|poke|p2|Ting-Lu, L50|\n|teampreview|4\nSprye0216 has agreed to open team sheets.\n|inactive|Battle timer is ON: inactive players will automatically lose when time's up. (requested by juanjo724)\n|\n|t:|1682110340\n|start\n|switch|p1a: Grimmsnarl|Grimmsnarl, L50, M|100\/100\n|switch|p1b: Palafin|Palafin, L50, F|100\/100\n|switch|p2a: Talonflame|Talonflame, L50, M|100\/100\n|switch|p2b: Garchomp|Garchomp, L50, M|100\/100\n|turn|1\n|inactive|Sprye0216 has 30 seconds left.\n|\n|t:|1682110366\n|move|p2b: Garchomp|Protect|p2b: Garchomp\n|-singleturn|p2b: Garchomp|Protect\n|move|p1b: Palafin|Jet Punch|p2a: Talonflame\n|-supereffective|p2a: Talonflame\n|-damage|p2a: Talonflame|39\/100\n|move|p1a: Grimmsnarl|Trick|p2b: Garchomp\n|-activate|p2b: Garchomp|move: Protect\n|move|p2a: Talonflame|Will-O-Wisp|p1b: Palafin\n|-status|p1b: Palafin|brn\n|\n|-damage|p1b: Palafin|94\/100 brn|[from] brn\n|upkeep\n|turn|2\n|\n|t:|1682110388\n|move|p1b: Palafin|Jet Punch|p2a: Talonflame\n|-supereffective|p2a: Talonflame\n|-damage|p2a: Talonflame|8\/100\n|move|p1a: Grimmsnarl|Trick|p2b: Garchomp\n|-activate|p1a: Grimmsnarl|move: Trick|[of] p2b: Garchomp\n|-item|p2b: Garchomp|Lagging Tail|[from] move: Trick\n|-item|p1a: Grimmsnarl|Life Orb|[from] move: Trick\n|move|p2a: Talonflame|Tailwind|p2a: Talonflame\n|-sidestart|p2: Sprye0216|move: Tailwind\n|move|p2b: Garchomp|Earthquake|p1a: Grimmsnarl|[spread] p1a,p1b\n|-immune|p2a: Talonflame\n|-damage|p1a: Grimmsnarl|62\/100\n|-damage|p1b: Palafin|46\/100 brn\n|\n|-damage|p1b: Palafin|40\/100 brn|[from] brn\n|upkeep\n|turn|3\n|\n|t:|1682110411\n|detailschange|p1b: Palafin|Palafin-Hero, L50, F\n|switch|p1b: Annihilape|Annihilape, L50, M|100\/100\n|move|p1a: Grimmsnarl|Reflect|p1a: Grimmsnarl\n|-sidestart|p1: juanjo724|Reflect\n|move|p2a: Talonflame|Brave Bird|p1a: Grimmsnarl\n|-damage|p1a: Grimmsnarl|38\/100\n|-damage|p2a: Talonflame|0 fnt|[from] Recoil\n|faint|p2a: Talonflame\n|move|p2b: Garchomp|Earthquake|p1b: Annihilape|[spread] p1a,p1b\n|-damage|p1a: Grimmsnarl|14\/100\n|-damage|p1b: Annihilape|78\/100\n|\n|-heal|p1b: Annihilape|84\/100|[from] item: Leftovers\n|upkeep\n|\n|t:|1682110423\n|switch|p2a: Flutter Mane|Flutter Mane, L50|100\/100\n|-enditem|p2a: Flutter Mane|Booster Energy\n|-activate|p2a: Flutter Mane|ability: Protosynthesis|[fromitem]\n|-start|p2a: Flutter Mane|protosynthesisspa\n|turn|4\n|\n|t:|1682110448\n|move|p1b: Annihilape|Protect|p1b: Annihilape\n|-singleturn|p1b: Annihilape|Protect\n|move|p1a: Grimmsnarl|Light Screen|p1a: Grimmsnarl\n|-sidestart|p1: juanjo724|move: Light Screen\n|move|p2a: Flutter Mane|Moonblast|p1b: Annihilape\n|-activate|p1b: Annihilape|move: Protect\n|move|p2b: Garchomp|Earthquake|p1a: Grimmsnarl|[spread] p2a,p1a\n|-activate|p1b: Annihilape|move: Protect\n|-damage|p2a: Flutter Mane|38\/100\n|-damage|p1a: Grimmsnarl|0 fnt\n|faint|p1a: Grimmsnarl\n|\n|-heal|p1b: Annihilape|90\/100|[from] item: Leftovers\n|upkeep\n|\n|t:|1682110463\n|switch|p1a: Palafin|Palafin-Hero, L50, F|40\/100 brn\n|-activate|p1a: Palafin|ability: Zero to Hero\n|turn|5\n|inactive|juanjo724 has 30 seconds left.\n|\n|t:|1682110496\n|switch|p1b: Pincurchin|Pincurchin, L50, F|100\/100\n|-fieldstart|move: Electric Terrain|[from] ability: Electric Surge|[of] p1b: Pincurchin\n|-terastallize|p1a: Palafin|Water\n|move|p2a: Flutter Mane|Protect|p2a: Flutter Mane\n|-singleturn|p2a: Flutter Mane|Protect\n|move|p1a: Palafin|Wave Crash|p2b: Garchomp\n|-damage|p2b: Garchomp|45\/100\n|-damage|p1a: Palafin|27\/100 brn|[from] ability: Rough Skin|[of] p2b: Garchomp\n|-damage|p1a: Palafin|8\/100 brn|[from] Recoil\n|move|p2b: Garchomp|Earthquake|p1b: Pincurchin|[spread] p1a,p1b\n|-activate|p2a: Flutter Mane|move: Protect\n|-supereffective|p1b: Pincurchin\n|-damage|p1a: Palafin|0 fnt\n|-damage|p1b: Pincurchin|46\/100\n|faint|p1a: Palafin\n|\n|-sideend|p2: Sprye0216|move: Tailwind\n|upkeep\n|\n|t:|1682110514\n|switch|p1a: Annihilape|Annihilape, L50, M|90\/100\n|turn|6\n|\n|t:|1682110532\n|move|p1b: Pincurchin|Sucker Punch|p2a: Flutter Mane\n|-damage|p2a: Flutter Mane|13\/100\n|move|p2a: Flutter Mane|Moonblast|p1a: Annihilape\n|-supereffective|p1a: Annihilape\n|-damage|p1a: Annihilape|19\/100\n|move|p1a: Annihilape|Rage Fist|p2b: Garchomp\n|-damage|p2b: Garchomp|0 fnt\n|-damage|p1a: Annihilape|7\/100|[from] ability: Rough Skin|[of] p2b: Garchomp\n|faint|p2b: Garchomp\n|\n|-heal|p1a: Annihilape|13\/100|[from] item: Leftovers\n|upkeep\n|\n|t:|1682110544\n|switch|p2b: Ting-Lu|Ting-Lu, L50|100\/100\n|-ability|p2b: Ting-Lu|Vessel of Ruin\n|turn|7\n|\n|t:|1682110556\n|-terastallize|p2b: Ting-Lu|Poison\n|move|p2a: Flutter Mane|Protect|p2a: Flutter Mane\n|-singleturn|p2a: Flutter Mane|Protect\n|move|p1b: Pincurchin|Sucker Punch||[still]\n|-fail|p1b: Pincurchin\n|move|p1a: Annihilape|Drain Punch|p2b: Ting-Lu\n|-resisted|p2b: Ting-Lu\n|-damage|p2b: Ting-Lu|91\/100\n|-heal|p1a: Annihilape|19\/100|[from] drain|[of] p2b: Ting-Lu\n|move|p2b: Ting-Lu|Rock Slide|p1b: Pincurchin|[spread] p1a,p1b\n|-resisted|p1a: Annihilape\n|-damage|p1a: Annihilape|14\/100\n|-damage|p1b: Pincurchin|34\/100\n|\n|-heal|p1a: Annihilape|20\/100|[from] item: Leftovers\n|-sideend|p1: juanjo724|Reflect\n|upkeep\n|turn|8\n|inactive|Sprye0216 has 30 seconds left.\n|\n|t:|1682110582\n|move|p2a: Flutter Mane|Protect||[still]\n|-fail|p2a: Flutter Mane\n|move|p1b: Pincurchin|Sucker Punch||[still]\n|-fail|p1b: Pincurchin\n|move|p1a: Annihilape|Rage Fist|p2b: Ting-Lu\n|-damage|p2b: Ting-Lu|41\/100\n|move|p2b: Ting-Lu|Stomping Tantrum|p1a: Annihilape\n|-damage|p1a: Annihilape|0 fnt\n|faint|p1a: Annihilape\n|\n|-sideend|p1: juanjo724|move: Light Screen\n|upkeep\n|turn|9\n|\n|t:|1682110600\n|move|p1b: Pincurchin|Sucker Punch|p2b: Ting-Lu\n|-damage|p2b: Ting-Lu|32\/100\n|move|p2a: Flutter Mane|Shadow Ball|p1b: Pincurchin\n|-damage|p1b: Pincurchin|0 fnt\n|faint|p1b: Pincurchin\n|\n|win|Sprye0216\n|raw|juanjo724's rating: 1142 → 1118<\/strong> (-24 for losing)\n|raw|Sprye0216's rating: 1161 → 1185<\/strong> (+24 for winning)\n|l|\u2606juanjo724\n","uploadtime":1682110608,"views":10,"p1id":"juanjo724","p2id":"sprye0216","formatid":"gen9vgc2023regulationc","rating":1118,"private":0,"password":""}