{"id":"gen9vgc2023regulationc-1846700937","p1":"helio list","p2":"hancec","format":"[Gen 9] VGC 2023 Regulation C","log":"|j|\u2606helio list\n|j|\u2606hancec\n|t:|1681867558\n|gametype|doubles\n|player|p1|helio list|pokemonbreederf|1415\n|player|p2|hancec|gentleman-gen4dp|1443\n|teamsize|p1|6\n|teamsize|p2|6\n|gen|9\n|tier|[Gen 9] VGC 2023 Regulation C\n|rated|\n|rule|Species Clause: Limit one of each Pok\u00e9mon\n|rule|Item Clause: Limit one of each item\n|clearpoke\n|poke|p1|Flutter Mane, L50|\n|poke|p1|Amoonguss, L50, F|\n|poke|p1|Gothitelle, L50, F|\n|poke|p1|Azumarill, L50, M|\n|poke|p1|Ting-Lu, L50|\n|poke|p1|Arcanine, L50, M|\n|poke|p2|Murkrow, L50, F|\n|poke|p2|Iron Bundle, L50|\n|poke|p2|Chi-Yu, L50|\n|poke|p2|Gholdengo, L50|\n|poke|p2|Great Tusk, L50|\n|poke|p2|Brute Bonnet, L50|\n|teampreview|4\nhancec has agreed to open team sheets.\nhelio list rejected open team sheets.\n|\n|t:|1681867628\n|start\n|switch|p1a: Fish fear me|Azumarill, L50, M|100\/100\n|switch|p1b: Arcanine|Arcanine, L50, M|100\/100\n|switch|p2a: Zenitsu|Gholdengo, L50|100\/100\n|switch|p2b: Tanjiro|Chi-Yu, L50|100\/100\n|-ability|p2b: Tanjiro|Beads of Ruin\n|-ability|p1b: Arcanine|Intimidate|boost\n|-unboost|p2a: Zenitsu|atk|1\n|-unboost|p2b: Tanjiro|atk|1\n|turn|1\n|j| THUNDERSND77\n|\n|t:|1681867657\n|switch|p2b: Enmu|Brute Bonnet, L50|100\/100\n|switch|p2a: Giyu|Iron Bundle, L50|100\/100\n|-enditem|p2a: Giyu|Booster Energy\n|-activate|p2a: Giyu|ability: Quark Drive|[fromitem]\n|-start|p2a: Giyu|quarkdrivespe\n|switch|p1a: Ting-Lu|Ting-Lu, L50|100\/100\n|-ability|p1a: Ting-Lu|Vessel of Ruin\n|move|p1b: Arcanine|Flare Blitz|p2a: Giyu\n|-damage|p2a: Giyu|43\/100\n|-damage|p1b: Arcanine|86\/100|[from] Recoil\n|\n|upkeep\n|turn|2\n|inactive|Battle timer is ON: inactive players will automatically lose when time's up. (requested by helio list)\n|\n|t:|1681867684\n|switch|p1b: Fish fear me|Azumarill, L50, M|100\/100\n|-terastallize|p2b: Enmu|Poison\n|move|p1a: Ting-Lu|Protect|p1a: Ting-Lu\n|-singleturn|p1a: Ting-Lu|Protect\n|move|p2a: Giyu|Hydro Pump|p1b: Fish fear me\n|-resisted|p1b: Fish fear me\n|-damage|p1b: Fish fear me|77\/100\n|move|p2b: Enmu|Bullet Seed|p1a: Ting-Lu\n|-activate|p1a: Ting-Lu|move: Protect\n|\n|upkeep\n|turn|3\n|\n|t:|1681867708\n|switch|p1b: Arcanine|Arcanine, L50, M|86\/100\n|-ability|p1b: Arcanine|Intimidate|boost\n|-unboost|p2a: Giyu|atk|1\n|-unboost|p2b: Enmu|atk|1\n|-terastallize|p1a: Ting-Lu|Poison\n|move|p2a: Giyu|Hydro Pump|p1a: Ting-Lu\n|-damage|p1a: Ting-Lu|74\/100\n|move|p2b: Enmu|Bullet Seed|p1a: Ting-Lu\n|-resisted|p1a: Ting-Lu\n|-damage|p1a: Ting-Lu|71\/100\n|-resisted|p1a: Ting-Lu\n|-damage|p1a: Ting-Lu|69\/100\n|-resisted|p1a: Ting-Lu\n|-damage|p1a: Ting-Lu|67\/100\n|-resisted|p1a: Ting-Lu\n|-damage|p1a: Ting-Lu|64\/100\n|-resisted|p1a: Ting-Lu\n|-damage|p1a: Ting-Lu|62\/100\n|-hitcount|p1a: Ting-Lu|5\n|move|p1a: Ting-Lu|Stomping Tantrum|p2b: Enmu\n|-supereffective|p2b: Enmu\n|-damage|p2b: Enmu|40\/100\n|\n|-heal|p1a: Ting-Lu|68\/100|[from] item: Leftovers\n|upkeep\n|turn|4\n|\n|t:|1681867731\n|move|p1b: Arcanine|Protect|p1b: Arcanine\n|-singleturn|p1b: Arcanine|Protect\n|move|p2a: Giyu|Hydro Pump|p1b: Arcanine\n|-activate|p1b: Arcanine|move: Protect\n|move|p2b: Enmu|Spore|p1a: Ting-Lu\n|-status|p1a: Ting-Lu|slp|[from] move: Spore\n|cant|p1a: Ting-Lu|slp\n|\n|-heal|p1a: Ting-Lu|74\/100 slp|[from] item: Leftovers\n|upkeep\n|turn|5\n|\n|t:|1681867756\n|switch|p1b: Gothitelle|Gothitelle, L50, F|100\/100\n|move|p2a: Giyu|Hydro Pump|p1b: Gothitelle\n|-damage|p1b: Gothitelle|68\/100\n|move|p2b: Enmu|Spore|p1b: Gothitelle\n|-status|p1b: Gothitelle|slp|[from] move: Spore\n|-curestatus|p1a: Ting-Lu|slp|[msg]\n|move|p1a: Ting-Lu|Stomping Tantrum|p2b: Enmu\n|-supereffective|p2b: Enmu\n|-damage|p2b: Enmu|0 fnt\n|faint|p2b: Enmu\n|-end|p2b: Enmu|Protosynthesis|[silent]\n|\n|-heal|p1a: Ting-Lu|80\/100|[from] item: Leftovers\n|upkeep\n|\n|t:|1681867766\n|switch|p2b: Tanjiro|Chi-Yu, L50|100\/100\n|-ability|p2b: Tanjiro|Beads of Ruin\n|turn|6\n|\n|t:|1681867781\n|move|p1a: Ting-Lu|Protect|p1a: Ting-Lu\n|-singleturn|p1a: Ting-Lu|Protect\n|cant|p1b: Gothitelle|slp\n|move|p2a: Giyu|Hydro Pump|p1a: Ting-Lu\n|-activate|p1a: Ting-Lu|move: Protect\n|move|p2b: Tanjiro|Overheat|p1a: Ting-Lu\n|-activate|p1a: Ting-Lu|move: Protect\n|\n|-heal|p1a: Ting-Lu|86\/100|[from] item: Leftovers\n|upkeep\n|turn|7\n|\n|t:|1681867806\n|switch|p1a: Fish fear me|Azumarill, L50, M|77\/100\n|move|p2a: Giyu|Hydro Pump|p1a: Fish fear me\n|-resisted|p1a: Fish fear me\n|-damage|p1a: Fish fear me|37\/100\n|move|p2b: Tanjiro|Dark Pulse|p1b: Gothitelle\n|-supereffective|p1b: Gothitelle\n|-damage|p1b: Gothitelle|0 fnt\n|faint|p1b: Gothitelle\n|\n|upkeep\n|\n|t:|1681867817\n|switch|p1b: Ting-Lu|Ting-Lu, L50, tera:Poison|86\/100\n|-ability|p1b: Ting-Lu|Vessel of Ruin\n|turn|8\n|\n|t:|1681867828\n|move|p2b: Tanjiro|Protect|p2b: Tanjiro\n|-singleturn|p2b: Tanjiro|Protect\n|move|p1a: Fish fear me|Protect|p1a: Fish fear me\n|-singleturn|p1a: Fish fear me|Protect\n|move|p2a: Giyu|Freeze-Dry|p1a: Fish fear me\n|-activate|p1a: Fish fear me|move: Protect\n|move|p1b: Ting-Lu|Heavy Slam|p2a: Giyu\n|-damage|p2a: Giyu|7\/100\n|\n|-heal|p1b: Ting-Lu|92\/100|[from] item: Leftovers\n|upkeep\n|turn|9\n|\n|t:|1681867845\n|move|p2a: Giyu|Protect|p2a: Giyu\n|-singleturn|p2a: Giyu|Protect\n|move|p1a: Fish fear me|Aqua Jet|p2a: Giyu\n|-activate|p2a: Giyu|move: Protect\n|move|p2b: Tanjiro|Overheat|p1a: Fish fear me\n|-resisted|p1a: Fish fear me\n|-damage|p1a: Fish fear me|0 fnt\n|-unboost|p2b: Tanjiro|spa|2\n|faint|p1a: Fish fear me\n|move|p1b: Ting-Lu|Stomping Tantrum|p2b: Tanjiro\n|-supereffective|p2b: Tanjiro\n|-damage|p2b: Tanjiro|23\/100\n|\n|-heal|p1b: Ting-Lu|98\/100|[from] item: Leftovers\n|upkeep\n|\n|t:|1681867858\n|switch|p1a: Arcanine|Arcanine, L50, M|86\/100\n|-ability|p1a: Arcanine|Intimidate|boost\n|-unboost|p2a: Giyu|atk|1\n|-unboost|p2b: Tanjiro|atk|1\n|turn|10\n|\n|t:|1681867874\n|move|p2a: Giyu|Protect||[still]\n|-fail|p2a: Giyu\n|move|p1a: Arcanine|Extreme Speed|p2a: Giyu\n|-damage|p2a: Giyu|0 fnt\n|faint|p2a: Giyu\n|-end|p2a: Giyu|Quark Drive|[silent]\n|move|p2b: Tanjiro|Overheat|p1b: Ting-Lu\n|-damage|p1b: Ting-Lu|76\/100\n|-unboost|p2b: Tanjiro|spa|2\n|move|p1b: Ting-Lu|Stomping Tantrum|p2b: Tanjiro\n|-supereffective|p2b: Tanjiro\n|-damage|p2b: Tanjiro|0 fnt\n|faint|p2b: Tanjiro\n|\n|-heal|p1b: Ting-Lu|82\/100|[from] item: Leftovers\n|upkeep\n|\n|t:|1681867884\n|switch|p2b: Zenitsu|Gholdengo, L50|100\/100\n|turn|11\n|c|\u2606hancec|gg\n|c|\u2606helio list|gg\n|\n|t:|1681867895\n|move|p1b: Ting-Lu|Protect|p1b: Ting-Lu\n|-singleturn|p1b: Ting-Lu|Protect\n|move|p1a: Arcanine|Flare Blitz|p2b: Zenitsu\n|-supereffective|p2b: Zenitsu\n|-damage|p2b: Zenitsu|0 fnt\n|faint|p2b: Zenitsu\n|-damage|p1a: Arcanine|55\/100|[from] Recoil\n|\n|win|helio list\n|raw|helio list's rating: 1415 → 1437<\/strong> (+22 for winning)\n|raw|hancec's rating: 1443 → 1421<\/strong> (-22 for losing)\n","uploadtime":1681867902,"views":20,"p1id":"heliolist","p2id":"hancec","formatid":"gen9vgc2023regulationc","rating":1421,"private":0,"password":""}