{"id":"gen9vgc2023regulationc-1846233672","p1":"Ricardo Randorez","p2":"PostTwink","format":"[Gen 9] VGC 2023 Regulation C","log":"|j|\u2606Ricardo Randorez\n|j|\u2606PostTwink\n|t:|1681823931\n|gametype|doubles\n|player|p1|Ricardo Randorez|101|1197\n|player|p2|PostTwink|swimmer-gen4|1165\n|teamsize|p1|6\n|teamsize|p2|6\n|gen|9\n|tier|[Gen 9] VGC 2023 Regulation C\n|rated|\n|rule|Species Clause: Limit one of each Pok\u00e9mon\n|rule|Item Clause: Limit one of each item\n|clearpoke\n|poke|p1|Gyarados, L50, M|\n|poke|p1|Arcanine, L50, F|\n|poke|p1|Dragonite, L50, F|\n|poke|p1|Flutter Mane, L50|\n|poke|p1|Volcarona, L50, F|\n|poke|p1|Chien-Pao, L50|\n|poke|p2|Chien-Pao, L50|\n|poke|p2|Dragonite, L50, F|\n|poke|p2|Flutter Mane, L50|\n|poke|p2|Slither Wing, L50|\n|poke|p2|Iron Bundle, L50|\n|poke|p2|Golduck, L50, M|\n|teampreview|4\n|inactive|Battle timer is ON: inactive players will automatically lose when time's up. (requested by PostTwink)\n|inactive|Ricardo Randorez has 60 seconds left.\n|\n|t:|1681823977\n|start\n|switch|p1a: Gyarados|Gyarados, L50, M|100\/100\n|switch|p1b: Arcanine|Arcanine, L50, F|100\/100\n|switch|p2a: Chien-Pao|Chien-Pao, L50|100\/100\n|switch|p2b: Dragonite|Dragonite, L50, F|100\/100\n|-ability|p2a: Chien-Pao|Sword of Ruin\n|-ability|p1b: Arcanine|Intimidate|boost\n|-unboost|p2a: Chien-Pao|atk|1\n|-fail|p2b: Dragonite|unboost|Attack|[from] ability: Inner Focus|[of] p2b: Dragonite\n|turn|1\n|inactive|Ricardo Randorez has 30 seconds left.\n|\n|t:|1681824003\n|move|p2a: Chien-Pao|Protect|p2a: Chien-Pao\n|-singleturn|p2a: Chien-Pao|Protect\n|move|p1b: Arcanine|Howl|p1b: Arcanine|[spread] p1a,p1b\n|-boost|p1a: Gyarados|atk|1\n|-boost|p1b: Arcanine|atk|1\n|move|p1a: Gyarados|Dragon Dance|p1a: Gyarados\n|-boost|p1a: Gyarados|atk|1\n|-boost|p1a: Gyarados|spe|1\n|move|p2b: Dragonite|Earthquake|p1b: Arcanine|[spread] p1b\n|-activate|p2a: Chien-Pao|move: Protect\n|-immune|p1a: Gyarados\n|-supereffective|p1b: Arcanine\n|-damage|p1b: Arcanine|28\/100\n|\n|upkeep\n|turn|2\n|inactive|Ricardo Randorez has 30 seconds left.\n|\n|t:|1681824037\n|-terastallize|p1a: Gyarados|Flying\n|move|p1b: Arcanine|Extreme Speed|p2a: Chien-Pao\n|-damage|p2a: Chien-Pao|50\/100\n|move|p2b: Dragonite|Extreme Speed|p1b: Arcanine\n|-damage|p1b: Arcanine|0 fnt\n|faint|p1b: Arcanine\n|move|p2a: Chien-Pao|Sucker Punch|p1a: Gyarados\n|-damage|p1a: Gyarados|69\/100\n|move|p1a: Gyarados|Tera Blast|p2a: Chien-Pao\n|-damage|p2a: Chien-Pao|0 fnt\n|faint|p2a: Chien-Pao\n|-ability|p1a: Gyarados|Moxie|boost\n|-boost|p1a: Gyarados|atk|1\n|\n|upkeep\n|\n|t:|1681824059\n|switch|p2a: Iron Bundle|Iron Bundle, L50|100\/100\n|switch|p1b: Flutter Mane|Flutter Mane, L50|100\/100\n|-enditem|p2a: Iron Bundle|Booster Energy\n|-activate|p2a: Iron Bundle|ability: Quark Drive|[fromitem]\n|-start|p2a: Iron Bundle|quarkdrivespe\n|-enditem|p1b: Flutter Mane|Booster Energy\n|-activate|p1b: Flutter Mane|ability: Protosynthesis|[fromitem]\n|-start|p1b: Flutter Mane|protosynthesisspe\n|turn|3\n|\n|t:|1681824083\n|move|p1a: Gyarados|Protect|p1a: Gyarados\n|-singleturn|p1a: Gyarados|Protect\n|move|p2b: Dragonite|Extreme Speed|p1a: Gyarados\n|-activate|p1a: Gyarados|move: Protect\n|move|p2a: Iron Bundle|Icy Wind|p1b: Flutter Mane|[spread] p1b\n|-activate|p1a: Gyarados|move: Protect\n|-damage|p1b: Flutter Mane|78\/100\n|-unboost|p1b: Flutter Mane|spe|1\n|move|p1b: Flutter Mane|Thunderbolt|p2a: Iron Bundle\n|-supereffective|p2a: Iron Bundle\n|-damage|p2a: Iron Bundle|0 fnt\n|faint|p2a: Iron Bundle\n|-end|p2a: Iron Bundle|Quark Drive|[silent]\n|\n|upkeep\n|\n|t:|1681824096\n|switch|p2a: Flutter Mane|Flutter Mane, L50|100\/100\n|turn|4\n|\n|t:|1681824113\n|-end|p1b: Flutter Mane|Protosynthesis|[silent]\n|switch|p1b: Dragonite|Dragonite, L50, F|100\/100\n|-terastallize|p2a: Flutter Mane|Fairy\n|move|p2b: Dragonite|Extreme Speed|p1a: Gyarados\n|-damage|p1a: Gyarados|35\/100\n|move|p1a: Gyarados|Waterfall|p2a: Flutter Mane\n|-damage|p2a: Flutter Mane|0 fnt\n|faint|p2a: Flutter Mane\n|-end|p2a: Flutter Mane|Protosynthesis|[silent]\n|-ability|p1a: Gyarados|Moxie|boost\n|-boost|p1a: Gyarados|atk|1\n|\n|upkeep\n|turn|5\n|-message|PostTwink forfeited.\n|\n|win|Ricardo Randorez\n|raw|Ricardo Randorez's rating: 1197 → 1220<\/strong> (+23 for winning)\n|raw|PostTwink's rating: 1165 → 1142<\/strong> (-23 for losing)\n|l|\u2606PostTwink\n","uploadtime":1681824130,"views":5,"p1id":"ricardorandorez","p2id":"posttwink","formatid":"gen9vgc2023regulationc","rating":1142,"private":0,"password":""}