{"id":"gen9vgc2023regulationc-1862879037","p1":"jmmata95","p2":"toglez","format":"[Gen 9] VGC 2023 Regulation C","log":"|j|\u2606jmmata95\n|j|\u2606toglez\n|t:|1683932838\n|gametype|doubles\n|player|p1|jmmata95|2|\n|player|p2|toglez|266|\n|teamsize|p1|6\n|teamsize|p2|6\n|gen|9\n|tier|[Gen 9] VGC 2023 Regulation C\n|rule|Species Clause: Limit one of each Pok\u00e9mon\n|rule|Item Clause: Limit one of each item\n|clearpoke\n|poke|p1|Talonflame, L50, M|\n|poke|p1|Iron Bundle, L50|\n|poke|p1|Iron Hands, L50|\n|poke|p1|Amoonguss, L50, F|\n|poke|p1|Garchomp, L50, M|\n|poke|p1|Chien-Pao, L50|\n|poke|p2|Garganacl, L50, M|\n|poke|p2|Iron Bundle, L50|\n|poke|p2|Arcanine, L50, M|\n|poke|p2|Ting-Lu, L50|\n|poke|p2|Roaring Moon, L50|\n|poke|p2|Amoonguss, L50, M|\n|teampreview|4\n|inactive|Battle timer is ON: inactive players will automatically lose when time's up. (requested by toglez)\n|inactiveoff|Battle timer is now OFF.\ntoglez has agreed to open team sheets.\n|inactive|Battle timer is ON: inactive players will automatically lose when time's up. (requested by toglez)\n|c|\u2606jmmata95|go in this?\n|inactive|jmmata95 also wants the timer to be on.\n|c|\u2606toglez|yeah\n|inactive|jmmata95 has 30 seconds left.\n|inactive|toglez has 30 seconds left.\n|inactive|jmmata95 has 20 seconds left.\n|inactive|toglez has 20 seconds left.\n|inactive|jmmata95 has 15 seconds left.\n|inactive|toglez has 15 seconds left.\n|inactive|jmmata95 has 10 seconds left.\n|inactive|toglez has 10 seconds left.\n|inactive|jmmata95 has 5 seconds left.\n|\n|t:|1683933433\n|start\n|switch|p1a: Garchomp|Garchomp, L50, M|100\/100\n|switch|p1b: Chien-Pao|Chien-Pao, L50|100\/100\n|switch|p2a: Garganacl|Garganacl, L50, M|100\/100\n|switch|p2b: Arcanine|Arcanine, L50, M|100\/100\n|-ability|p1b: Chien-Pao|Sword of Ruin\n|-ability|p2b: Arcanine|Intimidate|boost\n|-unboost|p1a: Garchomp|atk|1\n|-unboost|p1b: Chien-Pao|atk|1\n|turn|1\n|\n|t:|1683933455\n|-terastallize|p2b: Arcanine|Water\n|move|p1b: Chien-Pao|Protect|p1b: Chien-Pao\n|-singleturn|p1b: Chien-Pao|Protect\n|move|p2a: Garganacl|Protect|p2a: Garganacl\n|-singleturn|p2a: Garganacl|Protect\n|move|p1a: Garchomp|Earthquake|p2a: Garganacl|[spread] p2b\n|-activate|p1b: Chien-Pao|move: Protect\n|-activate|p2a: Garganacl|move: Protect\n|-damage|p2b: Arcanine|51\/100\n|-damage|p1a: Garchomp|91\/100|[from] item: Life Orb\n|move|p2b: Arcanine|Will-O-Wisp|p1a: Garchomp\n|-status|p1a: Garchomp|brn\n|\n|-damage|p1a: Garchomp|85\/100 brn|[from] brn\n|upkeep\n|turn|2\n|inactive|jmmata95 has 30 seconds left.\n|\n|t:|1683933482\n|switch|p1b: Talonflame|Talonflame, L50, M|100\/100\n|move|p1a: Garchomp|Earthquake|p2b: Arcanine|[spread] p2a,p2b\n|-immune|p1b: Talonflame\n|-supereffective|p2a: Garganacl\n|-damage|p2a: Garganacl|78\/100\n|-damage|p2b: Arcanine|32\/100\n|-damage|p1a: Garchomp|75\/100 brn|[from] item: Life Orb\n|move|p2b: Arcanine|Will-O-Wisp|p1b: Talonflame\n|-immune|p1b: Talonflame\n|move|p2a: Garganacl|Salt Cure|p1b: Talonflame\n|-supereffective|p1b: Talonflame\n|-damage|p1b: Talonflame|20\/100\n|-start|p1b: Talonflame|Salt Cure\n|\n|-heal|p2a: Garganacl|84\/100|[from] item: Leftovers\n|-damage|p1a: Garchomp|70\/100 brn|[from] brn\n|-damage|p1b: Talonflame|8\/100|[from] Salt Cure\n|upkeep\n|turn|3\n|\n|t:|1683933507\n|move|p2b: Arcanine|Protect|p2b: Arcanine\n|-singleturn|p2b: Arcanine|Protect\n|move|p1b: Talonflame|Taunt|p2a: Garganacl\n|-start|p2a: Garganacl|move: Taunt\n|move|p1a: Garchomp|Earthquake|p2b: Arcanine|[spread] p2a\n|-activate|p2b: Arcanine|move: Protect\n|-immune|p1b: Talonflame\n|-supereffective|p2a: Garganacl\n|-damage|p2a: Garganacl|61\/100\n|-damage|p1a: Garchomp|60\/100 brn|[from] item: Life Orb\n|cant|p2a: Garganacl|move: Taunt|Stealth Rock\n|\n|-heal|p2a: Garganacl|67\/100|[from] item: Leftovers\n|-damage|p1a: Garchomp|54\/100 brn|[from] brn\n|-damage|p1b: Talonflame|0 fnt|[from] Salt Cure\n|faint|p1b: Talonflame\n|upkeep\n|\n|t:|1683933525\n|switch|p1b: Iron Bundle|Iron Bundle, L50|100\/100\n|-enditem|p1b: Iron Bundle|Booster Energy\n|-activate|p1b: Iron Bundle|ability: Quark Drive|[fromitem]\n|-start|p1b: Iron Bundle|quarkdrivespe\n|turn|4\n|\n|t:|1683933544\n|switch|p2b: Ting-Lu|Ting-Lu, L50|100\/100\n|-ability|p2b: Ting-Lu|Vessel of Ruin\n|-terastallize|p1b: Iron Bundle|Ghost\n|move|p1a: Garchomp|Protect|p1a: Garchomp\n|-singleturn|p1a: Garchomp|Protect\n|move|p1b: Iron Bundle|Hydro Pump|p2a: Garganacl|[miss]\n|-miss|p1b: Iron Bundle|p2a: Garganacl\n|move|p2a: Garganacl|Salt Cure|p1b: Iron Bundle\n|-damage|p1b: Iron Bundle|82\/100\n|-start|p1b: Iron Bundle|Salt Cure\n|\n|-heal|p2a: Garganacl|72\/100|[from] item: Leftovers\n|-damage|p1a: Garchomp|48\/100 brn|[from] brn\n|-damage|p1b: Iron Bundle|70\/100|[from] Salt Cure\n|upkeep\n|turn|5\n|\n|t:|1683933568\n|switch|p1a: Chien-Pao|Chien-Pao, L50|100\/100\n|-ability|p1a: Chien-Pao|Sword of Ruin\n|move|p1b: Iron Bundle|Protect|p1b: Iron Bundle\n|-singleturn|p1b: Iron Bundle|Protect\n|move|p2b: Ting-Lu|Stomping Tantrum|p1a: Chien-Pao\n|-damage|p1a: Chien-Pao|54\/100\n|move|p2a: Garganacl|Salt Cure|p1a: Chien-Pao\n|-supereffective|p1a: Chien-Pao\n|-damage|p1a: Chien-Pao|11\/100\n|-start|p1a: Chien-Pao|Salt Cure\n|\n|-heal|p2a: Garganacl|78\/100|[from] item: Leftovers\n|-damage|p1b: Iron Bundle|58\/100|[from] Salt Cure\n|-damage|p1a: Chien-Pao|0 fnt|[from] Salt Cure\n|faint|p1a: Chien-Pao\n|-end|p2a: Garganacl|move: Taunt\n|upkeep\n|\n|t:|1683933578\n|switch|p1a: Garchomp|Garchomp, L50, M|48\/100 brn\n|turn|6\n|\n|t:|1683933588\n|move|p1b: Iron Bundle|Hydro Pump|p2a: Garganacl\n|-supereffective|p2a: Garganacl\n|-damage|p2a: Garganacl|13\/100\n|move|p1a: Garchomp|Rock Slide|p2b: Ting-Lu|[spread] p2a,p2b\n|-resisted|p2b: Ting-Lu\n|-damage|p2a: Garganacl|4\/100\n|-damage|p2b: Ting-Lu|96\/100\n|-damage|p1a: Garchomp|39\/100 brn|[from] item: Life Orb\n|move|p2b: Ting-Lu|Stomping Tantrum|p1a: Garchomp\n|-damage|p1a: Garchomp|2\/100 brn\n|-damage|p2b: Ting-Lu|84\/100|[from] ability: Rough Skin|[of] p1a: Garchomp\n|move|p2a: Garganacl|Salt Cure|p1a: Garchomp\n|-resisted|p1a: Garchomp\n|-damage|p1a: Garchomp|0 fnt\n|faint|p1a: Garchomp\n|\n|-heal|p2a: Garganacl|10\/100|[from] item: Leftovers\n|-damage|p1b: Iron Bundle|46\/100|[from] Salt Cure\n|upkeep\n|turn|7\n|c|\u2606jmmata95|gg\n|-message|jmmata95 forfeited.\n|\n|win|toglez\n|c|\u2606toglez|gg\n|c|\u2606toglez|tks\n","uploadtime":1683933620,"views":8,"p1id":"jmmata95","p2id":"toglez","formatid":"gen9vgc2023regulationc","rating":0,"private":0,"password":""}