{"id":"gen9vgc2023regulationc-1850836656","p1":"Test4Sum","p2":"captantan","format":"[Gen 9] VGC 2023 Regulation C","log":"|j|\u2606Test4Sum\n|j|\u2606captantan\n|t:|1682372741\n|gametype|doubles\n|player|p1|Test4Sum|169|1183\n|player|p2|captantan|2|1150\n|teamsize|p1|6\n|teamsize|p2|6\n|gen|9\n|tier|[Gen 9] VGC 2023 Regulation C\n|rated|\n|rule|Species Clause: Limit one of each Pok\u00e9mon\n|rule|Item Clause: Limit one of each item\n|clearpoke\n|poke|p1|Annihilape, L50, F|\n|poke|p1|Maushold-Four, L50|\n|poke|p1|Roaring Moon, L50|\n|poke|p1|Flutter Mane, L50|\n|poke|p1|Chi-Yu, L50|\n|poke|p1|Baxcalibur, L50, M|\n|poke|p2|Ting-Lu, L50|\n|poke|p2|Roaring Moon, L50|\n|poke|p2|Amoonguss, L50, F|\n|poke|p2|Arcanine, L50, F|\n|poke|p2|Garganacl, L50, F|\n|poke|p2|Iron Bundle, L50|\n|teampreview|4\n|inactive|Battle timer is ON: inactive players will automatically lose when time's up. (requested by captantan)\n|\n|t:|1682372807\n|start\n|switch|p1a: Annihilape|Annihilape, L50, F|100\/100\n|switch|p1b: Roaring Moon|Roaring Moon, L50|100\/100\n|switch|p2a: Roaring Moon|Roaring Moon, L50|100\/100\n|switch|p2b: Amoonguss|Amoonguss, L50, F|100\/100\n|-enditem|p1b: Roaring Moon|Booster Energy\n|-activate|p1b: Roaring Moon|ability: Protosynthesis|[fromitem]\n|-start|p1b: Roaring Moon|protosynthesisspe\n|-enditem|p2a: Roaring Moon|Booster Energy\n|-activate|p2a: Roaring Moon|ability: Protosynthesis|[fromitem]\n|-start|p2a: Roaring Moon|protosynthesisatk\n|turn|1\n|inactive|Test4Sum has 30 seconds left.\n|inactive|captantan has 30 seconds left.\n|inactive|captantan has 20 seconds left.\n|inactive|captantan has 15 seconds left.\n|inactive|captantan has 10 seconds left.\n|\n|t:|1682372852\n|-terastallize|p1a: Annihilape|Ghost\n|move|p2b: Amoonguss|Protect|p2b: Amoonguss\n|-singleturn|p2b: Amoonguss|Protect\n|move|p1b: Roaring Moon|Scale Shot|p1a: Annihilape\n|-damage|p1a: Annihilape|86\/100\n|-damage|p1a: Annihilape|73\/100\n|-damage|p1a: Annihilape|59\/100\n|-hitcount|p1a: Annihilape|3\n|-unboost|p1b: Roaring Moon|def|1\n|-boost|p1b: Roaring Moon|spe|1\n|move|p1a: Annihilape|Rage Fist|p2b: Amoonguss\n|-activate|p2b: Amoonguss|move: Protect\n|move|p2a: Roaring Moon|Dragon Dance|p2a: Roaring Moon\n|-boost|p2a: Roaring Moon|atk|1\n|-boost|p2a: Roaring Moon|spe|1\n|\n|upkeep\n|turn|2\n|inactive|Test4Sum has 30 seconds left.\n|inactive|captantan has 30 seconds left.\n|inactive|captantan has 20 seconds left.\n|inactive|captantan has 15 seconds left.\n|\n|t:|1682372895\n|move|p2b: Amoonguss|Rage Powder|p2b: Amoonguss\n|-singleturn|p2b: Amoonguss|move: Rage Powder\n|move|p1b: Roaring Moon|Tailwind|p1b: Roaring Moon\n|-sidestart|p1: Test4Sum|move: Tailwind\n|move|p1a: Annihilape|Rage Fist|p2b: Amoonguss\n|-damage|p2b: Amoonguss|19\/100\n|-enditem|p2b: Amoonguss|Sitrus Berry|[eat]\n|-heal|p2b: Amoonguss|44\/100|[from] item: Sitrus Berry\n|move|p2a: Roaring Moon|Jaw Lock|p1a: Annihilape\n|-supereffective|p1a: Annihilape\n|-crit|p1a: Annihilape\n|-damage|p1a: Annihilape|0 fnt\n|faint|p1a: Annihilape\n|\n|upkeep\n|\n|t:|1682372917\n|switch|p1a: Flutter Mane|Flutter Mane, L50|100\/100\n|turn|3\n|inactive|captantan has 30 seconds left.\n|inactive|captantan has 20 seconds left.\n|\n|t:|1682372954\n|move|p2a: Roaring Moon|Protect|p2a: Roaring Moon\n|-singleturn|p2a: Roaring Moon|Protect\n|move|p2b: Amoonguss|Protect|p2b: Amoonguss\n|-singleturn|p2b: Amoonguss|Protect\n|move|p1b: Roaring Moon|Acrobatics|p2b: Amoonguss\n|-activate|p2b: Amoonguss|move: Protect\n|move|p1a: Flutter Mane|Dazzling Gleam|p2a: Roaring Moon|[spread] \n|-activate|p2a: Roaring Moon|move: Protect\n|-activate|p2b: Amoonguss|move: Protect\n|\n|upkeep\n|turn|4\n|inactive|Test4Sum has 30 seconds left.\n|inactive|captantan has 30 seconds left.\n|inactive|captantan has 20 seconds left.\n|inactive|captantan has 15 seconds left.\n|\n|t:|1682372994\n|switch|p2b: Arcanine|Arcanine, L50, F|100\/100\n|-ability|p2b: Arcanine|Intimidate|boost\n|-unboost|p1a: Flutter Mane|atk|1\n|-unboost|p1b: Roaring Moon|atk|1\n|-terastallize|p2a: Roaring Moon|Flying\n|move|p1b: Roaring Moon|Acrobatics|p2b: Arcanine\n|-damage|p2b: Arcanine|76\/100\n|move|p1a: Flutter Mane|Dazzling Gleam|p2b: Arcanine|[spread] p2a,p2b\n|-resisted|p2b: Arcanine\n|-damage|p2a: Roaring Moon|73\/100\n|-damage|p2b: Arcanine|59\/100\n|move|p2a: Roaring Moon|Acrobatics|p1a: Flutter Mane\n|-enditem|p1a: Flutter Mane|Focus Sash\n|-damage|p1a: Flutter Mane|1\/100\n|\n|upkeep\n|turn|5\n|inactive|Test4Sum has 30 seconds left.\n|inactive|captantan has 30 seconds left.\n|inactive|Test4Sum has 20 seconds left.\n|inactive|captantan has 20 seconds left.\n|inactive|Test4Sum has 15 seconds left.\n|inactive|captantan has 15 seconds left.\n|\n|t:|1682373038\n|move|p2a: Roaring Moon|Protect|p2a: Roaring Moon\n|-singleturn|p2a: Roaring Moon|Protect\n|move|p2b: Arcanine|Protect|p2b: Arcanine\n|-singleturn|p2b: Arcanine|Protect\n|move|p1b: Roaring Moon|Acrobatics|p2a: Roaring Moon\n|-activate|p2a: Roaring Moon|move: Protect\n|move|p1a: Flutter Mane|Shadow Ball|p2a: Roaring Moon\n|-activate|p2a: Roaring Moon|move: Protect\n|\n|-sideend|p1: Test4Sum|move: Tailwind\n|upkeep\n|turn|6\n|inactive|captantan has 30 seconds left.\n|inactive|captantan has 20 seconds left.\n|\n|t:|1682373074\n|move|p2b: Arcanine|Extreme Speed|p1b: Roaring Moon\n|-damage|p1b: Roaring Moon|58\/100\n|move|p1b: Roaring Moon|Tailwind|p1b: Roaring Moon\n|-sidestart|p1: Test4Sum|move: Tailwind\n|move|p1a: Flutter Mane|Shadow Ball|p2a: Roaring Moon\n|-damage|p2a: Roaring Moon|38\/100\n|move|p2a: Roaring Moon|Acrobatics|p1b: Roaring Moon\n|-damage|p1b: Roaring Moon|0 fnt\n|faint|p1b: Roaring Moon\n|-end|p1b: Roaring Moon|Protosynthesis|[silent]\n|\n|upkeep\n|\n|t:|1682373087\n|switch|p1b: Chi-Yu|Chi-Yu, L50|100\/100\n|-ability|p1b: Chi-Yu|Beads of Ruin\n|turn|7\n|inactive|captantan has 30 seconds left.\n|inactive|captantan has 20 seconds left.\n|inactive|captantan has 15 seconds left.\n|\n|t:|1682373130\n|move|p2a: Roaring Moon|Protect|p2a: Roaring Moon\n|-singleturn|p2a: Roaring Moon|Protect\n|move|p2b: Arcanine|Extreme Speed|p1b: Chi-Yu\n|-damage|p1b: Chi-Yu|62\/100\n|move|p1a: Flutter Mane|Shadow Ball|p2b: Arcanine\n|-damage|p2b: Arcanine|0 fnt\n|faint|p2b: Arcanine\n|move|p1b: Chi-Yu|Heat Wave|p2a: Roaring Moon\n|-activate|p2a: Roaring Moon|move: Protect\n|\n|upkeep\n|\n|t:|1682373155\n|switch|p2b: Amoonguss|Amoonguss, L50, F|77\/100\n|turn|8\n|inactive|captantan has 30 seconds left.\n|inactive|captantan has 20 seconds left.\n|\n|t:|1682373194\n|-end|p2a: Roaring Moon|Protosynthesis|[silent]\n|switch|p2a: Ting-Lu|Ting-Lu, L50|100\/100\n|-ability|p2a: Ting-Lu|Vessel of Ruin\n|move|p1a: Flutter Mane|Dazzling Gleam|p2a: Ting-Lu|[spread] p2a,p2b\n|-supereffective|p2a: Ting-Lu\n|-resisted|p2b: Amoonguss\n|-damage|p2a: Ting-Lu|70\/100\n|-damage|p2b: Amoonguss|62\/100\n|move|p1b: Chi-Yu|Heat Wave|p2a: Ting-Lu|[spread] p2a,p2b\n|-supereffective|p2b: Amoonguss\n|-damage|p2a: Ting-Lu|48\/100\n|-damage|p2b: Amoonguss|0 fnt\n|faint|p2b: Amoonguss\n|-damage|p1b: Chi-Yu|52\/100|[from] item: Life Orb\n|\n|upkeep\n|\n|t:|1682373205\n|switch|p2b: Roaring Moon|Roaring Moon, L50, tera:Flying|38\/100\n|turn|9\n|\n|t:|1682373226\n|move|p2b: Roaring Moon|Protect|p2b: Roaring Moon\n|-singleturn|p2b: Roaring Moon|Protect\n|move|p1a: Flutter Mane|Dazzling Gleam|p2a: Ting-Lu|[spread] p2a\n|-activate|p2b: Roaring Moon|move: Protect\n|-supereffective|p2a: Ting-Lu\n|-damage|p2a: Ting-Lu|18\/100\n|move|p1b: Chi-Yu|Heat Wave|p2a: Ting-Lu|[spread] p2a\n|-activate|p2b: Roaring Moon|move: Protect\n|-damage|p2a: Ting-Lu|0 fnt\n|faint|p2a: Ting-Lu\n|-damage|p1b: Chi-Yu|42\/100|[from] item: Life Orb\n|\n|-sideend|p1: Test4Sum|move: Tailwind\n|upkeep\n|turn|10\n|\n|t:|1682373249\n|move|p1a: Flutter Mane|Shadow Ball|p2b: Roaring Moon\n|-damage|p2b: Roaring Moon|0 fnt\n|faint|p2b: Roaring Moon\n|-end|p2b: Roaring Moon|Protosynthesis|[silent]\n|\n|win|Test4Sum\n|raw|Test4Sum's rating: 1183 → 1206<\/strong> (+23 for winning)\n|raw|captantan's rating: 1150 → 1127<\/strong> (-23 for losing)\n|l|\u2606Test4Sum\n|c|\u2606captantan|Gg\n","uploadtime":1682373264,"views":6,"p1id":"test4sum","p2id":"captantan","formatid":"gen9vgc2023regulationc","rating":1127,"private":0,"password":""}