{"id":"gen9vgc2023regulationc-1860654971","p1":"SpeedyLinguine","p2":"MarkOnWindows","format":"[Gen 9] VGC 2023 Regulation C","log":"|j|\u2606SpeedyLinguine\n|j|\u2606MarkOnWindows\n|t:|1683662995\n|gametype|doubles\n|player|p1|SpeedyLinguine|hoopster|\n|player|p2|MarkOnWindows|skier|\n|teamsize|p1|6\n|teamsize|p2|6\n|gen|9\n|tier|[Gen 9] VGC 2023 Regulation C\n|rule|Species Clause: Limit one of each Pok\u00e9mon\n|rule|Item Clause: Limit one of each item\n|clearpoke\n|poke|p1|Pelipper, L50, F|\n|poke|p1|Amoonguss, L50, F|\n|poke|p1|Flutter Mane, L50|\n|poke|p1|Palafin, L50, M|\n|poke|p1|Iron Hands, L50|\n|poke|p1|Arcanine, L50, M|\n|poke|p2|Great Tusk, L50|\n|poke|p2|Sableye, L50, F|\n|poke|p2|Gholdengo, L50|\n|poke|p2|Iron Valiant, L50|\n|poke|p2|Roaring Moon, L50|\n|poke|p2|Amoonguss, L50, F|\n|teampreview|4\nMarkOnWindows has agreed to open team sheets.\nSpeedyLinguine has agreed to open team sheets.\n|\n|t:|1683663067\n|start\n|switch|p1a: The Jordan of VGC|Pelipper, L50, F|100\/100\n|switch|p1b: Palafin|Palafin, L50, M|100\/100\n|switch|p2a: Sableye|Sableye, L50, F|100\/100\n|switch|p2b: Iron Valiant|Iron Valiant, L50|100\/100\n|-weather|RainDance|[from] ability: Drizzle|[of] p1a: The Jordan of VGC\n|turn|1\n|\n|t:|1683663089\n|detailschange|p1b: Palafin|Palafin-Hero, L50, M\n|switch|p1b: Immovable object|Amoonguss, L50, F|100\/100\n|-terastallize|p2b: Iron Valiant|Fairy\n|move|p2a: Sableye|Will-O-Wisp|p1b: Immovable object\n|-status|p1b: Immovable object|brn\n|move|p2b: Iron Valiant|Moonblast|p1a: The Jordan of VGC\n|-damage|p1a: The Jordan of VGC|23\/100\n|-unboost|p1a: The Jordan of VGC|spa|1\n|move|p1a: The Jordan of VGC|Hurricane|p2b: Iron Valiant\n|-damage|p2b: Iron Valiant|50\/100\n|\n|-weather|RainDance|[upkeep]\n|-damage|p1b: Immovable object|95\/100 brn|[from] brn\n|upkeep\n|turn|2\n|\n|t:|1683663117\n|-end|p2b: Iron Valiant|Quark Drive|[silent]\n|switch|p2b: Amoonguss|Amoonguss, L50, F|100\/100\n|move|p1b: Immovable object|Rage Powder|p1b: Immovable object\n|-singleturn|p1b: Immovable object|move: Rage Powder\n|move|p1a: The Jordan of VGC|Hurricane|p2b: Amoonguss\n|-supereffective|p2b: Amoonguss\n|-damage|p2b: Amoonguss|68\/100\n|move|p2a: Sableye|Foul Play|p1a: The Jordan of VGC\n|-damage|p1a: The Jordan of VGC|9\/100\n|\n|-weather|RainDance|[upkeep]\n|-damage|p1b: Immovable object|89\/100 brn|[from] brn\n|upkeep\n|turn|3\n|\n|t:|1683663140\n|move|p1a: The Jordan of VGC|Protect|p1a: The Jordan of VGC\n|-singleturn|p1a: The Jordan of VGC|Protect\n|move|p2a: Sableye|Encore|p1b: Immovable object\n|-start|p1b: Immovable object|Encore\n|move|p1b: Immovable object|Rage Powder|p1b: Immovable object\n|-singleturn|p1b: Immovable object|move: Rage Powder\n|move|p2b: Amoonguss|Synthesis|p2b: Amoonguss\n|-heal|p2b: Amoonguss|93\/100\n|\n|-weather|RainDance|[upkeep]\n|-damage|p1b: Immovable object|83\/100 brn|[from] brn\n|upkeep\n|turn|4\n|\n|t:|1683663168\n|move|p1b: Immovable object|Rage Powder|p1b: Immovable object\n|-singleturn|p1b: Immovable object|move: Rage Powder\n|move|p2a: Sableye|Encore|p1a: The Jordan of VGC\n|-start|p1a: The Jordan of VGC|Encore\n|move|p1a: The Jordan of VGC|Protect||[still]\n|-fail|p1a: The Jordan of VGC\n|move|p2b: Amoonguss|Spore|p1b: Immovable object\n|-immune|p1b: Immovable object\n|\n|-weather|RainDance|[upkeep]\n|-damage|p1b: Immovable object|77\/100 brn|[from] brn\n|upkeep\n|turn|5\n|\n|t:|1683663195\n|switch|p1a: Palafin|Palafin-Hero, L50, M|100\/100\n|-activate|p1a: Palafin|ability: Zero to Hero\n|switch|p1b: Darth Vader|Flutter Mane, L50|100\/100\n|move|p2a: Sableye|Will-O-Wisp|p1a: Palafin\n|-status|p1a: Palafin|brn\n|move|p2b: Amoonguss|Spore|p1b: Darth Vader\n|-status|p1b: Darth Vader|slp|[from] move: Spore\n|\n|-weather|RainDance|[upkeep]\n|-damage|p1a: Palafin|95\/100 brn|[from] brn\n|upkeep\n|turn|6\n|\n|t:|1683663213\n|-terastallize|p1a: Palafin|Water\n|cant|p1b: Darth Vader|slp\n|move|p1a: Palafin|Wave Crash|p2a: Sableye\n|-damage|p2a: Sableye|0 fnt\n|faint|p2a: Sableye\n|-damage|p1a: Palafin|69\/100 brn|[from] Recoil\n|move|p2b: Amoonguss|Sludge Bomb|p1b: Darth Vader\n|-damage|p1b: Darth Vader|73\/100 slp\n|\n|-weather|RainDance|[upkeep]\n|-damage|p1a: Palafin|63\/100 brn|[from] brn\n|upkeep\n|\n|t:|1683663247\n|switch|p2a: Iron Valiant|Iron Valiant, L50, tera:Fairy|50\/100\n|turn|7\n|\n|t:|1683663253\n|cant|p1b: Darth Vader|slp\n|move|p2b: Amoonguss|Rage Powder|p2b: Amoonguss\n|-singleturn|p2b: Amoonguss|move: Rage Powder\n|move|p1a: Palafin|Jet Punch|p2b: Amoonguss\n|-resisted|p2b: Amoonguss\n|-damage|p2b: Amoonguss|66\/100\n|-damage|p1a: Palafin|46\/100 brn|[from] item: Rocky Helmet|[of] p2b: Amoonguss\n|move|p2a: Iron Valiant|Moonblast|p1b: Darth Vader\n|-damage|p1b: Darth Vader|4\/100 slp\n|\n|-weather|RainDance|[upkeep]\n|-damage|p1a: Palafin|40\/100 brn|[from] brn\n|upkeep\n|turn|8\n|\n|t:|1683663265\n|-end|p1b: Darth Vader|Protosynthesis|[silent]\n|switch|p1b: Immovable object|Amoonguss, L50, F|100\/100 brn\n|move|p1a: Palafin|Protect|p1a: Palafin\n|-singleturn|p1a: Palafin|Protect\n|move|p2b: Amoonguss|Rage Powder|p2b: Amoonguss\n|-singleturn|p2b: Amoonguss|move: Rage Powder\n|move|p2a: Iron Valiant|Moonblast|p1b: Immovable object\n|-resisted|p1b: Immovable object\n|-damage|p1b: Immovable object|77\/100 brn\n|-unboost|p1b: Immovable object|spa|1\n|\n|-weather|none\n|-damage|p1a: Palafin|34\/100 brn|[from] brn\n|-damage|p1b: Immovable object|71\/100 brn|[from] brn\n|upkeep\n|turn|9\n|\n|t:|1683663304\n|switch|p1a: The Jordan of VGC|Pelipper, L50, F|9\/100\n|-weather|RainDance|[from] ability: Drizzle|[of] p1a: The Jordan of VGC\n|move|p2b: Amoonguss|Rage Powder|p2b: Amoonguss\n|-singleturn|p2b: Amoonguss|move: Rage Powder\n|move|p2a: Iron Valiant|Moonblast|p1a: The Jordan of VGC\n|-damage|p1a: The Jordan of VGC|0 fnt\n|faint|p1a: The Jordan of VGC\n|move|p1b: Immovable object|Spore|p2a: Iron Valiant\n|-status|p2a: Iron Valiant|slp|[from] move: Spore\n|\n|-weather|RainDance|[upkeep]\n|-damage|p1b: Immovable object|65\/100 brn|[from] brn\n|upkeep\n|\n|t:|1683663317\n|switch|p1a: Darth Vader|Flutter Mane, L50|4\/100 slp\n|turn|10\n|\n|t:|1683663332\n|cant|p1a: Darth Vader|slp\n|cant|p2a: Iron Valiant|slp\n|move|p1b: Immovable object|Pollen Puff|p1a: Darth Vader\n|-heal|p1a: Darth Vader|54\/100 slp\n|move|p2b: Amoonguss|Sludge Bomb|p1a: Darth Vader\n|-damage|p1a: Darth Vader|24\/100 slp\n|\n|-weather|RainDance|[upkeep]\n|-damage|p1b: Immovable object|59\/100 brn|[from] brn\n|upkeep\n|turn|11\n|\n|t:|1683663353\n|-curestatus|p1a: Darth Vader|slp|[msg]\n|move|p1a: Darth Vader|Dazzling Gleam|p2a: Iron Valiant|[spread] p2a,p2b\n|-resisted|p2b: Amoonguss\n|-damage|p2a: Iron Valiant|0 fnt\n|-damage|p2b: Amoonguss|55\/100\n|faint|p2a: Iron Valiant\n|-end|p2a: Iron Valiant|Quark Drive|[silent]\n|move|p1b: Immovable object|Pollen Puff|p1a: Darth Vader\n|-heal|p1a: Darth Vader|74\/100\n|move|p2b: Amoonguss|Sludge Bomb|p1a: Darth Vader\n|-damage|p1a: Darth Vader|47\/100\n|\n|-weather|RainDance|[upkeep]\n|-damage|p1b: Immovable object|53\/100 brn|[from] brn\n|upkeep\n|\n|t:|1683663361\n|switch|p2a: Great Tusk|Great Tusk, L50|100\/100\n|turn|12\n|\n|t:|1683663427\n|move|p1a: Darth Vader|Protect|p1a: Darth Vader\n|-singleturn|p1a: Darth Vader|Protect\n|move|p2a: Great Tusk|Knock Off|p1a: Darth Vader\n|-activate|p1a: Darth Vader|move: Protect\n|move|p1b: Immovable object|Spore|p2a: Great Tusk\n|-status|p2a: Great Tusk|slp|[from] move: Spore\n|move|p2b: Amoonguss|Sludge Bomb|p1b: Immovable object\n|-damage|p1b: Immovable object|30\/100 brn\n|-enditem|p1b: Immovable object|Sitrus Berry|[eat]\n|-heal|p1b: Immovable object|54\/100 brn|[from] item: Sitrus Berry\n|\n|-weather|RainDance|[upkeep]\n|-damage|p1b: Immovable object|48\/100 brn|[from] brn\n|upkeep\n|turn|13\n|\n|t:|1683663441\n|move|p1a: Darth Vader|Moonblast|p2a: Great Tusk\n|-supereffective|p2a: Great Tusk\n|-damage|p2a: Great Tusk|40\/100 slp\n|-unboost|p2a: Great Tusk|spa|1\n|cant|p2a: Great Tusk|slp\n|move|p2b: Amoonguss|Spore|p1a: Darth Vader\n|-status|p1a: Darth Vader|slp|[from] move: Spore\n|move|p1b: Immovable object|Pollen Puff|p1a: Darth Vader\n|-heal|p1a: Darth Vader|97\/100 slp\n|\n|-weather|RainDance|[upkeep]\n|-damage|p1b: Immovable object|43\/100 brn|[from] brn\n|upkeep\n|turn|14\n|\n|t:|1683663470\n|move|p1b: Immovable object|Rage Powder|p1b: Immovable object\n|-singleturn|p1b: Immovable object|move: Rage Powder\n|cant|p1a: Darth Vader|slp\n|-curestatus|p2a: Great Tusk|slp|[msg]\n|move|p2a: Great Tusk|Headlong Rush|p1b: Immovable object\n|-damage|p1b: Immovable object|0 fnt\n|-unboost|p2a: Great Tusk|def|1\n|-unboost|p2a: Great Tusk|spd|1\n|faint|p1b: Immovable object\n|move|p2b: Amoonguss|Synthesis|p2b: Amoonguss\n|-heal|p2b: Amoonguss|80\/100\n|\n|-weather|RainDance|[upkeep]\n|upkeep\n|\n|t:|1683663480\n|switch|p1b: Palafin|Palafin-Hero, L50, M, tera:Water|34\/100 brn\n|turn|15\n|\n|t:|1683663488\n|move|p2b: Amoonguss|Rage Powder|p2b: Amoonguss\n|-singleturn|p2b: Amoonguss|move: Rage Powder\n|move|p1b: Palafin|Jet Punch|p2b: Amoonguss\n|-resisted|p2b: Amoonguss\n|-damage|p2b: Amoonguss|53\/100\n|-damage|p1b: Palafin|18\/100 brn|[from] item: Rocky Helmet|[of] p2b: Amoonguss\n|-curestatus|p1a: Darth Vader|slp|[msg]\n|move|p1a: Darth Vader|Dazzling Gleam|p2a: Great Tusk|[spread] p2a,p2b\n|-supereffective|p2a: Great Tusk\n|-resisted|p2b: Amoonguss\n|-crit|p2b: Amoonguss\n|-damage|p2a: Great Tusk|0 fnt\n|-damage|p2b: Amoonguss|37\/100\n|faint|p2a: Great Tusk\n|-end|p2a: Great Tusk|Protosynthesis|[silent]\n|\n|-weather|RainDance|[upkeep]\n|-damage|p1b: Palafin|12\/100 brn|[from] brn\n|upkeep\n|turn|16\n|\n|t:|1683663506\n|move|p1a: Darth Vader|Shadow Ball|p2b: Amoonguss\n|-damage|p2b: Amoonguss|9\/100\n|move|p1b: Palafin|Wave Crash|p2b: Amoonguss\n|-resisted|p2b: Amoonguss\n|-damage|p2b: Amoonguss|0 fnt\n|-damage|p1b: Palafin|0 fnt|[from] item: Rocky Helmet|[of] p2b: Amoonguss\n|faint|p2b: Amoonguss\n|faint|p1b: Palafin\n|\n|win|SpeedyLinguine\n","uploadtime":1683663515,"views":9,"p1id":"speedylinguine","p2id":"markonwindows","formatid":"gen9vgc2023regulationc","rating":0,"private":0,"password":""}