{"id":"gen9vgc2023regulationc-1864411368","p1":"Bobblesbigpkballs","p2":"Kiky14","format":"[Gen 9] VGC 2023 Regulation C","log":"|j|\u2606Bobblesbigpkballs\n|j|\u2606Kiky14\n|t:|1684164297\n|gametype|doubles\n|player|p1|Bobblesbigpkballs|guitarist-gen4|1127\n|player|p2|Kiky14|hilbert-wonderlauncher|1144\n|teamsize|p1|6\n|teamsize|p2|6\n|gen|9\n|tier|[Gen 9] VGC 2023 Regulation C\n|rated|\n|rule|Species Clause: Limit one of each Pok\u00e9mon\n|rule|Item Clause: Limit one of each item\n|clearpoke\n|poke|p1|Iron Moth, L50|\n|poke|p1|Baxcalibur, L50, M|\n|poke|p1|Bellibolt, L50, M|\n|poke|p1|Grimmsnarl, L50, M|\n|poke|p1|Hawlucha, L50, F|\n|poke|p1|Abomasnow, L50, F|\n|poke|p2|Chien-Pao, L50|\n|poke|p2|Garganacl, L50, M|\n|poke|p2|Arcanine, L50, M|\n|poke|p2|Flutter Mane, L50|\n|poke|p2|Palafin, L50, F|\n|poke|p2|Amoonguss, L50, F|\n|teampreview|4\n|inactive|Battle timer is ON: inactive players will automatically lose when time's up. (requested by Bobblesbigpkballs)\n|inactive|Kiky14 has 60 seconds left.\n|\n|t:|1684164328\n|start\n|switch|p1a: Abomasnow|Abomasnow, L50, F|100\/100\n|switch|p1b: Iron Moth|Iron Moth, L50|100\/100\n|switch|p2a: Blackpink|Arcanine, L50, M|100\/100\n|switch|p2b: New jeans|Palafin, L50, F, shiny|100\/100\n|-ability|p2a: Blackpink|Intimidate|boost\n|-unboost|p1a: Abomasnow|atk|1\n|-unboost|p1b: Iron Moth|atk|1\n|-weather|Snow|[from] ability: Snow Warning|[of] p1a: Abomasnow\n|-enditem|p1b: Iron Moth|Booster Energy\n|-activate|p1b: Iron Moth|ability: Quark Drive|[fromitem]\n|-start|p1b: Iron Moth|quarkdrivespa\n|turn|1\n|\n|t:|1684164349\n|move|p1a: Abomasnow|Protect|p1a: Abomasnow\n|-singleturn|p1a: Abomasnow|Protect\n|move|p1b: Iron Moth|Toxic Spikes|p2b: New jeans\n|-sidestart|p2: Kiky14|move: Toxic Spikes\n|move|p2b: New jeans|Flip Turn|p1a: Abomasnow\n|-activate|p1a: Abomasnow|move: Protect\n|move|p2a: Blackpink|Snarl|p1b: Iron Moth|[spread] p1b\n|-activate|p1a: Abomasnow|move: Protect\n|-damage|p1b: Iron Moth|90\/100\n|-unboost|p1b: Iron Moth|spa|1\n|\n|-weather|Snow|[upkeep]\n|upkeep\n|turn|2\n|inactive|Bobblesbigpkballs has 30 seconds left.\n|\n|t:|1684164380\n|-end|p1b: Iron Moth|Quark Drive|[silent]\n|switch|p1b: Bellibolt|Bellibolt, L50, M|100\/100\n|move|p2b: New jeans|Flip Turn|p1b: Bellibolt\n|-damage|p1b: Bellibolt|77\/100\n|-start|p1b: Bellibolt|Charge|Flip Turn|[from] ability: Electromorphosis\n|-damage|p2b: New jeans|90\/100|[from] item: Life Orb\n|\n|t:|1684164393\n|detailschange|p2b: New jeans|Palafin-Hero, L50, F, shiny\n|switch|p2b: Ive|Amoonguss, L50, F|100\/100|[from] Flip Turn\n|-sideend|p2: Kiky14|move: Toxic Spikes|[of] p2b: Ive\n|move|p2a: Blackpink|Heat Wave|p1b: Bellibolt|[spread] p1a,p1b\n|-supereffective|p1a: Abomasnow\n|-damage|p1a: Abomasnow|0 fnt\n|-damage|p1b: Bellibolt|53\/100\n|-start|p1b: Bellibolt|Charge|Heat Wave|[from] ability: Electromorphosis\n|faint|p1a: Abomasnow\n|\n|-weather|Snow|[upkeep]\n|upkeep\n|\n|t:|1684164398\n|switch|p1a: Iron Moth|Iron Moth, L50|90\/100\n|turn|3\n|\n|t:|1684164409\n|move|p1a: Iron Moth|Fiery Dance|p2b: Ive\n|-supereffective|p2b: Ive\n|-damage|p2b: Ive|35\/100\n|-boost|p1a: Iron Moth|spa|1\n|move|p2a: Blackpink|Snarl|p1b: Bellibolt|[spread] p1a,p1b\n|-damage|p1a: Iron Moth|80\/100\n|-damage|p1b: Bellibolt|44\/100\n|-unboost|p1a: Iron Moth|spa|1\n|-unboost|p1b: Bellibolt|spa|1\n|-start|p1b: Bellibolt|Charge|Snarl|[from] ability: Electromorphosis\n|move|p1b: Bellibolt|Weather Ball|p2b: Ive\n|-supereffective|p2b: Ive\n|-damage|p2b: Ive|0 fnt\n|faint|p2b: Ive\n|-damage|p1b: Bellibolt|34\/100|[from] item: Life Orb\n|\n|-weather|Snow|[upkeep]\n|upkeep\n|\n|t:|1684164429\n|switch|p2b: New jeans|Palafin-Hero, L50, F, shiny|90\/100\n|-activate|p2b: New jeans|ability: Zero to Hero\n|turn|4\n|\n|t:|1684164446\n|-terastallize|p1a: Iron Moth|Ice\n|move|p2b: New jeans|Protect|p2b: New jeans\n|-singleturn|p2b: New jeans|Protect\n|move|p1a: Iron Moth|Acid Spray|p2a: Blackpink\n|-damage|p2a: Blackpink|79\/100\n|-unboost|p2a: Blackpink|spd|2\n|move|p2a: Blackpink|Heat Wave|p1a: Iron Moth|[spread] p1a,p1b\n|-supereffective|p1a: Iron Moth\n|-damage|p1a: Iron Moth|30\/100\n|-damage|p1b: Bellibolt|9\/100\n|-start|p1b: Bellibolt|Charge|Heat Wave|[from] ability: Electromorphosis\n|move|p1b: Bellibolt|Parabolic Charge|p2b: New jeans|[spread] p1a,p2a\n|-activate|p2b: New jeans|move: Protect\n|-damage|p1a: Iron Moth|0 fnt\n|-heal|p1b: Bellibolt|20\/100|[from] drain|[of] p1a: Iron Moth\n|-damage|p2a: Blackpink|9\/100\n|-heal|p1b: Bellibolt|51\/100|[from] drain|[of] p2a: Blackpink\n|-enditem|p2a: Blackpink|Sitrus Berry|[eat]\n|-heal|p2a: Blackpink|34\/100|[from] item: Sitrus Berry\n|faint|p1a: Iron Moth\n|-end|p1a: Iron Moth|Quark Drive|[silent]\n|-damage|p1b: Bellibolt|41\/100|[from] item: Life Orb\n|-end|p1b: Bellibolt|Charge|[silent]\n|\n|-weather|Snow|[upkeep]\n|upkeep\n|\n|t:|1684164466\n|switch|p1a: Hawlucha|Hawlucha, L50, F|100\/100\n|turn|5\n|\n|t:|1684164490\n|switch|p2a: Mamamoo|Garganacl, L50, M|100\/100\n|-terastallize|p2b: New jeans|Water\n|move|p1a: Hawlucha|Protect|p1a: Hawlucha\n|-singleturn|p1a: Hawlucha|Protect\n|move|p2b: New jeans|Jet Punch|p1a: Hawlucha\n|-activate|p1a: Hawlucha|move: Protect\n|move|p1b: Bellibolt|Parabolic Charge|p2a: Mamamoo|[spread] p2a,p2b\n|-activate|p1a: Hawlucha|move: Protect\n|-supereffective|p2b: New jeans\n|-damage|p2a: Mamamoo|85\/100\n|-heal|p1b: Bellibolt|49\/100|[from] drain|[of] p2a: Mamamoo\n|-damage|p2b: New jeans|47\/100\n|-heal|p1b: Bellibolt|67\/100|[from] drain|[of] p2b: New jeans\n|-damage|p1b: Bellibolt|57\/100|[from] item: Life Orb\n|\n|-weather|none\n|upkeep\n|turn|6\n|\n|t:|1684164515\n|move|p1b: Bellibolt|Protect|p1b: Bellibolt\n|-singleturn|p1b: Bellibolt|Protect\n|move|p2b: New jeans|Jet Punch|p1a: Hawlucha\n|-damage|p1a: Hawlucha|9\/100\n|-damage|p2b: New jeans|37\/100|[from] item: Life Orb\n|move|p1a: Hawlucha|Flying Press|p2a: Mamamoo\n|-damage|p2a: Mamamoo|61\/100\n|move|p2a: Mamamoo|Salt Cure|p1b: Bellibolt\n|-activate|p1b: Bellibolt|move: Protect\n|\n|upkeep\n|turn|7\n|\n|t:|1684164534\n|move|p2b: New jeans|Protect|p2b: New jeans\n|-singleturn|p2b: New jeans|Protect\n|move|p1a: Hawlucha|Feather Dance|p2b: New jeans\n|-activate|p2b: New jeans|move: Protect\n|move|p1b: Bellibolt|Parabolic Charge|p2a: Mamamoo|[spread] p1a,p2a\n|-activate|p2b: New jeans|move: Protect\n|-supereffective|p1a: Hawlucha\n|-damage|p1a: Hawlucha|0 fnt\n|-heal|p1b: Bellibolt|60\/100|[from] drain|[of] p1a: Hawlucha\n|-damage|p2a: Mamamoo|46\/100\n|-heal|p1b: Bellibolt|68\/100|[from] drain|[of] p2a: Mamamoo\n|faint|p1a: Hawlucha\n|-damage|p1b: Bellibolt|58\/100|[from] item: Life Orb\n|move|p2a: Mamamoo|Salt Cure|p1b: Bellibolt\n|-damage|p1b: Bellibolt|45\/100\n|-start|p1b: Bellibolt|Salt Cure\n|-start|p1b: Bellibolt|Charge|Salt Cure|[from] ability: Electromorphosis\n|\n|-damage|p1b: Bellibolt|32\/100|[from] Salt Cure\n|upkeep\n|turn|8\n|inactive|Kiky14 has 30 seconds left.\n|\n|t:|1684164564\n|move|p2b: New jeans|Flip Turn|p1b: Bellibolt\n|-damage|p1b: Bellibolt|0 fnt\n|faint|p1b: Bellibolt\n|-damage|p2b: New jeans|27\/100|[from] item: Life Orb\n|\n|win|Kiky14\n|raw|Bobblesbigpkballs's rating: 1127 → 1103<\/strong> (-24 for losing)\n|raw|Kiky14's rating: 1144 → 1168<\/strong> (+24 for winning)\n|c|\u2606Bobblesbigpkballs|gg\n|l|\u2606Bobblesbigpkballs\n","uploadtime":1684164577,"views":5,"p1id":"bobblesbigpkballs","p2id":"kiky14","formatid":"gen9vgc2023regulationc","rating":1103,"private":0,"password":""}