{"id":"gen9vgc2023regulationc-1845772454","p1":"KoramTrainer","p2":"Stalldozo","format":"[Gen 9] VGC 2023 Regulation C","log":"|j|\u2606KoramTrainer\n|j|\u2606Stalldozo\n|t:|1681763131\n|gametype|doubles\n|player|p1|KoramTrainer|hilbert|1126\n|player|p2|Stalldozo|1|1137\n|teamsize|p1|4\n|teamsize|p2|6\n|gen|9\n|tier|[Gen 9] VGC 2023 Regulation C\n|rated|\n|rule|Species Clause: Limit one of each Pok\u00e9mon\n|rule|Item Clause: Limit one of each item\n|clearpoke\n|poke|p1|Corviknight, L50, M|\n|poke|p1|Rotom-Wash, L50|\n|poke|p1|Ting-Lu, L50|\n|poke|p1|Flutter Mane, L50|\n|poke|p2|Zoroark, L50, M|\n|poke|p2|Dondozo, L50, F|\n|poke|p2|Tatsugiri, L50, F|\n|poke|p2|Armarouge, L50, M|\n|poke|p2|Indeedee-F, L50, F|\n|poke|p2|Iron Hands, L50|\n|teampreview|4\n|inactive|Battle timer is ON: inactive players will automatically lose when time's up. (requested by KoramTrainer)\nStalldozo has agreed to open team sheets.\n|\n|t:|1681763155\n|start\n|switch|p1a: Rotom|Rotom-Wash, L50|100\/100\n|switch|p1b: Ting-Lu|Ting-Lu, L50|100\/100\n|switch|p2a: Tatsugiri|Tatsugiri, L50, F|100\/100\n|switch|p2b: Iron Hands|Iron Hands, L50|100\/100\n|-ability|p1b: Ting-Lu|Vessel of Ruin\n|turn|1\n|inactive|KoramTrainer has 30 seconds left.\n|\n|t:|1681763182\n|switch|p1b: Flutter Mane|Flutter Mane, L50|100\/100\n|-enditem|p1b: Flutter Mane|Booster Energy\n|-activate|p1b: Flutter Mane|ability: Protosynthesis|[fromitem]\n|-start|p1b: Flutter Mane|protosynthesisspe\n|move|p2a: Tatsugiri|Endure|p2a: Tatsugiri\n|-singleturn|p2a: Tatsugiri|move: Endure\n|move|p2b: Iron Hands|Fake Out|p1a: Rotom\n|-damage|p1a: Rotom|79\/100\n|cant|p1a: Rotom|flinch\n|\n|-status|p2a: Tatsugiri|tox|[from] item: Toxic Orb\n|upkeep\n|turn|2\n|inactive|KoramTrainer has 30 seconds left.\n|\n|t:|1681763208\n|move|p1b: Flutter Mane|Moonblast|p2b: Iron Hands\n|-supereffective|p2b: Iron Hands\n|-damage|p2b: Iron Hands|38\/100\n|move|p1a: Rotom|Thunderbolt|p2b: Iron Hands\n|-resisted|p2b: Iron Hands\n|-damage|p2b: Iron Hands|23\/100\n|move|p2a: Tatsugiri|Icy Wind|p1b: Flutter Mane|[spread] p1a,p1b\n|-resisted|p1a: Rotom\n|-damage|p1a: Rotom|72\/100\n|-damage|p1b: Flutter Mane|86\/100\n|-unboost|p1a: Rotom|spe|1\n|-unboost|p1b: Flutter Mane|spe|1\n|move|p2b: Iron Hands|Volt Switch|p1b: Flutter Mane\n|-damage|p1b: Flutter Mane|71\/100\n|\n|t:|1681763223\n|-end|p2b: Iron Hands|Quark Drive|[silent]\n|switch|p2b: Indeedee|Indeedee-F, L50, F|100\/100|[from] Volt Switch\n|-fieldstart|move: Psychic Terrain|[from] ability: Psychic Surge|[of] p2b: Indeedee\n|\n|-damage|p2a: Tatsugiri|95\/100 tox|[from] psn\n|upkeep\n|turn|3\n|\n|t:|1681763242\n|-end|p1b: Flutter Mane|Protosynthesis|[silent]\n|switch|p1b: Corviknight|Corviknight, L50, M|100\/100\n|move|p2b: Indeedee|Heal Pulse|p2a: Tatsugiri\n|-heal|p2a: Tatsugiri|100\/100 tox\n|move|p2a: Tatsugiri|Icy Wind|p1a: Rotom|[spread] p1a,p1b\n|-resisted|p1a: Rotom\n|-damage|p1a: Rotom|65\/100\n|-damage|p1b: Corviknight|87\/100\n|-unboost|p1a: Rotom|spe|1\n|-ability|p1b: Corviknight|Mirror Armor\n|-unboost|p2a: Tatsugiri|spe|1\n|move|p1a: Rotom|Light Screen|p1a: Rotom\n|-sidestart|p1: KoramTrainer|move: Light Screen\n|\n|-heal|p1b: Corviknight|93\/100|[from] item: Leftovers\n|-damage|p2a: Tatsugiri|89\/100 tox|[from] psn\n|upkeep\n|turn|4\n|inactive|KoramTrainer has 30 seconds left.\n|inactive|KoramTrainer has 20 seconds left.\n|inactive|KoramTrainer has 15 seconds left.\n|inactive|KoramTrainer has 10 seconds left.\n|\n|t:|1681763289\n|move|p1b: Corviknight|Bulk Up|p1b: Corviknight\n|-boost|p1b: Corviknight|atk|1\n|-boost|p1b: Corviknight|def|1\n|move|p2a: Tatsugiri|Muddy Water|p1b: Corviknight|[spread] p1a,p1b\n|-resisted|p1a: Rotom\n|-crit|p1a: Rotom\n|-damage|p1a: Rotom|36\/100\n|-damage|p1b: Corviknight|68\/100\n|-unboost|p1a: Rotom|accuracy|1\n|move|p1a: Rotom|Reflect|p1a: Rotom\n|-sidestart|p1: KoramTrainer|Reflect\n|move|p2b: Indeedee|Trick Room|p2b: Indeedee\n|-fieldstart|move: Trick Room|[of] p2b: Indeedee\n|\n|-heal|p1b: Corviknight|74\/100|[from] item: Leftovers\n|-damage|p2a: Tatsugiri|72\/100 tox|[from] psn\n|upkeep\n|turn|5\n|\n|t:|1681763311\n|switch|p1a: Ting-Lu|Ting-Lu, L50|100\/100\n|-ability|p1a: Ting-Lu|Vessel of Ruin\n|move|p2a: Tatsugiri|Muddy Water|p1b: Corviknight|[spread] p1a,p1b\n|-supereffective|p1a: Ting-Lu\n|-crit|p1b: Corviknight\n|-damage|p1a: Ting-Lu|82\/100\n|-damage|p1b: Corviknight|34\/100\n|-ability|p1b: Corviknight|Mirror Armor\n|-unboost|p2a: Tatsugiri|accuracy|1\n|move|p1b: Corviknight|Iron Head|p2b: Indeedee\n|-damage|p2b: Indeedee|58\/100\n|move|p2b: Indeedee|Dazzling Gleam|p1a: Ting-Lu|[spread] p1a,p1b\n|-supereffective|p1a: Ting-Lu\n|-resisted|p1b: Corviknight\n|-damage|p1a: Ting-Lu|75\/100\n|-damage|p1b: Corviknight|31\/100\n|\n|-heal|p1b: Corviknight|37\/100|[from] item: Leftovers\n|-damage|p2a: Tatsugiri|49\/100 tox|[from] psn\n|upkeep\n|turn|6\n|inactive|KoramTrainer has 30 seconds left.\n|inactive|Stalldozo has 30 seconds left.\n|\n|t:|1681763338\n|switch|p2a: Dondozo|Dondozo, L50, F|100\/100\n|-terastallize|p1a: Ting-Lu|Poison\n|move|p1a: Ting-Lu|Body Press|p2b: Indeedee\n|-damage|p2b: Indeedee|35\/100\n|move|p1b: Corviknight|Roost|p1b: Corviknight\n|-heal|p1b: Corviknight|87\/100\n|-singleturn|p1b: Corviknight|move: Roost\n|move|p2b: Indeedee|Heal Pulse|p2a: Dondozo\n|-fail|p2a: Dondozo|heal\n|\n|-heal|p1b: Corviknight|93\/100|[from] item: Leftovers\n|-fieldend|move: Psychic Terrain\n|upkeep\n|turn|7\n|\n|t:|1681763360\n|switch|p2b: Tatsugiri|Tatsugiri, L50, F|49\/100 tox\n|-activate|p2b: Tatsugiri|ability: Commander|[of] p2a: Dondozo\n|-boost|p2a: Dondozo|atk|2\n|-boost|p2a: Dondozo|spa|2\n|-boost|p2a: Dondozo|spe|2\n|-boost|p2a: Dondozo|def|2\n|-boost|p2a: Dondozo|spd|2\n|move|p1a: Ting-Lu|Fissure|p2a: Dondozo|[miss]\n|-miss|p1a: Ting-Lu|p2a: Dondozo\n|move|p1b: Corviknight|Bulk Up|p1b: Corviknight\n|-boost|p1b: Corviknight|atk|1\n|-boost|p1b: Corviknight|def|1\n|move|p2a: Dondozo|Substitute|p2a: Dondozo\n|-start|p2a: Dondozo|Substitute\n|-damage|p2a: Dondozo|75\/100\n|\n|-heal|p1b: Corviknight|99\/100|[from] item: Leftovers\n|-heal|p2a: Dondozo|82\/100|[from] item: Leftovers\n|-damage|p2b: Tatsugiri|20\/100 tox|[from] psn\n|upkeep\n|turn|8\n|inactive|KoramTrainer has 30 seconds left.\n|\n|t:|1681763390\n|move|p1a: Ting-Lu|Stomping Tantrum|p2a: Dondozo\n|-end|p2a: Dondozo|Substitute\n|move|p1b: Corviknight|Brave Bird|p2a: Dondozo\n|-damage|p2a: Dondozo|67\/100\n|-damage|p1b: Corviknight|93\/100|[from] Recoil\n|move|p2a: Dondozo|Earthquake|p1b: Corviknight|[spread] p1a\n|-miss|p2a: Dondozo|p2b: Tatsugiri\n|-immune|p1b: Corviknight\n|-supereffective|p1a: Ting-Lu\n|-damage|p1a: Ting-Lu|36\/100\n|\n|-heal|p1b: Corviknight|99\/100|[from] item: Leftovers\n|-heal|p2a: Dondozo|73\/100|[from] item: Leftovers\n|-damage|p2b: Tatsugiri|0 fnt|[from] psn\n|faint|p2b: Tatsugiri\n|-fieldend|move: Trick Room\n|upkeep\n|\n|t:|1681763405\n|switch|p2b: Iron Hands|Iron Hands, L50|23\/100\n|turn|9\n|\n|t:|1681763415\n|switch|p1a: Flutter Mane|Flutter Mane, L50|71\/100\n|move|p2b: Iron Hands|Fake Out|p1b: Corviknight\n|-resisted|p1b: Corviknight\n|-damage|p1b: Corviknight|97\/100\n|move|p2a: Dondozo|Wave Crash|p1a: Flutter Mane\n|-damage|p1a: Flutter Mane|0 fnt\n|faint|p1a: Flutter Mane\n|-end|p1a: Flutter Mane|Protosynthesis|[silent]\n|-damage|p2a: Dondozo|59\/100|[from] Recoil\n|cant|p1b: Corviknight|flinch\n|\n|-heal|p2a: Dondozo|65\/100|[from] item: Leftovers\n|-heal|p1b: Corviknight|100\/100|[from] item: Leftovers\n|upkeep\n|\n|t:|1681763433\n|switch|p1a: Rotom|Rotom-Wash, L50|36\/100\n|turn|10\n|\n|t:|1681763452\n|move|p2a: Dondozo|Wave Crash|p1a: Rotom\n|-resisted|p1a: Rotom\n|-damage|p1a: Rotom|0 fnt\n|faint|p1a: Rotom\n|-damage|p2a: Dondozo|58\/100|[from] Recoil\n|move|p1b: Corviknight|Brave Bird|p2b: Iron Hands\n|-damage|p2b: Iron Hands|0 fnt\n|faint|p2b: Iron Hands\n|-end|p2b: Iron Hands|Quark Drive|[silent]\n|-damage|p1b: Corviknight|91\/100|[from] Recoil\n|\n|-heal|p2a: Dondozo|64\/100|[from] item: Leftovers\n|-heal|p1b: Corviknight|97\/100|[from] item: Leftovers\n|-sideend|p1: KoramTrainer|move: Light Screen\n|upkeep\n|\n|t:|1681763468\n|switch|p1a: Ting-Lu|Ting-Lu, L50, tera:Poison|36\/100\n|switch|p2b: Indeedee|Indeedee-F, L50, F|35\/100\n|-fieldstart|move: Psychic Terrain|[from] ability: Psychic Surge|[of] p2b: Indeedee\n|-ability|p1a: Ting-Lu|Vessel of Ruin\n|turn|11\n|\n|t:|1681763492\n|move|p2a: Dondozo|Wave Crash|p1b: Corviknight\n|-damage|p1b: Corviknight|39\/100\n|-damage|p2a: Dondozo|47\/100|[from] Recoil\n|move|p2b: Indeedee|Heal Pulse|p2a: Dondozo\n|-heal|p2a: Dondozo|97\/100\n|move|p1b: Corviknight|Bulk Up|p1b: Corviknight\n|-boost|p1b: Corviknight|atk|1\n|-boost|p1b: Corviknight|def|1\n|move|p1a: Ting-Lu|Fissure|p2a: Dondozo\n|-damage|p2a: Dondozo|0 fnt\n|faint|p2a: Dondozo\n|-ohko\n|\n|-heal|p1b: Corviknight|45\/100|[from] item: Leftovers\n|-sideend|p1: KoramTrainer|Reflect\n|upkeep\n|turn|12\n|-message|Stalldozo forfeited.\n|\n|win|KoramTrainer\n|raw|KoramTrainer's rating: 1126 → 1152<\/strong> (+26 for winning)\n|raw|Stalldozo's rating: 1137 → 1111<\/strong> (-26 for losing)\n|l|\u2606Stalldozo\n","uploadtime":1681763513,"views":5,"p1id":"koramtrainer","p2id":"stalldozo","formatid":"gen9vgc2023regulationc","rating":1111,"private":0,"password":""}