{"id":"gen9vgc2023regulationc-1846382185","p1":"Oonga Boonga King","p2":"Hellvis","format":"[Gen 9] VGC 2023 Regulation C","log":"|j|\u2606Oonga Boonga King\n|j|\u2606Hellvis\n|t:|1681836391\n|gametype|doubles\n|player|p1|Oonga Boonga King|roxie|1210\n|player|p2|Hellvis|clair|1280\n|teamsize|p1|6\n|teamsize|p2|6\n|gen|9\n|tier|[Gen 9] VGC 2023 Regulation C\n|rated|\n|rule|Species Clause: Limit one of each Pok\u00e9mon\n|rule|Item Clause: Limit one of each item\n|clearpoke\n|poke|p1|Azumarill, L50, F|\n|poke|p1|Chien-Pao, L50|\n|poke|p1|Grimmsnarl, L50, M|\n|poke|p1|Dragonite, L50, F|\n|poke|p1|Corviknight, L50, F|\n|poke|p1|Flutter Mane, L50|\n|poke|p2|Glimmora, L50, F|\n|poke|p2|Gholdengo, L50|\n|poke|p2|Garganacl, L50, F|\n|poke|p2|Amoonguss, L50, F|\n|poke|p2|Ting-Lu, L50|\n|poke|p2|Tyranitar, L50, M|\n|teampreview|4\n|inactive|Battle timer is ON: inactive players will automatically lose when time's up. (requested by Hellvis)\n|inactive|Oonga Boonga King has 60 seconds left.\n|\n|t:|1681836435\n|start\n|switch|p1a: Corviknight|Corviknight, L50, F, shiny|100\/100\n|switch|p1b: Flutter Mane|Flutter Mane, L50, shiny|100\/100\n|switch|p2a: Garganacl|Garganacl, L50, F|100\/100\n|switch|p2b: Amoonguss|Amoonguss, L50, F|100\/100\n|-enditem|p1b: Flutter Mane|Booster Energy\n|-activate|p1b: Flutter Mane|ability: Protosynthesis|[fromitem]\n|-start|p1b: Flutter Mane|protosynthesisspe\n|turn|1\n|inactive|Oonga Boonga King has 30 seconds left.\n|\n|t:|1681836462\n|-terastallize|p1b: Flutter Mane|Fairy\n|move|p2b: Amoonguss|Rage Powder|p2b: Amoonguss\n|-singleturn|p2b: Amoonguss|move: Rage Powder\n|move|p1b: Flutter Mane|Moonblast|p2b: Amoonguss\n|-resisted|p2b: Amoonguss\n|-damage|p2b: Amoonguss|73\/100\n|-unboost|p2b: Amoonguss|spa|1\n|move|p1a: Corviknight|Tailwind|p1a: Corviknight\n|-sidestart|p1: Oonga Boonga King|move: Tailwind\n|move|p2a: Garganacl|Salt Cure|p1a: Corviknight\n|-damage|p1a: Corviknight|90\/100\n|-start|p1a: Corviknight|Salt Cure\n|\n|-heal|p1a: Corviknight|96\/100|[from] item: Leftovers\n|-damage|p1a: Corviknight|71\/100|[from] Salt Cure\n|upkeep\n|turn|2\n|\n|t:|1681836481\n|switch|p1a: Chien-Pao|Chien-Pao, L50|100\/100\n|-ability|p1a: Chien-Pao|Sword of Ruin\n|move|p1b: Flutter Mane|Protect|p1b: Flutter Mane\n|-singleturn|p1b: Flutter Mane|Protect\n|move|p2a: Garganacl|Protect|p2a: Garganacl\n|-singleturn|p2a: Garganacl|Protect\n|move|p2b: Amoonguss|Spore|p1b: Flutter Mane\n|-activate|p1b: Flutter Mane|move: Protect\n|\n|upkeep\n|turn|3\n|\n|t:|1681836494\n|-terastallize|p2a: Garganacl|Ghost\n|move|p1b: Flutter Mane|Moonblast|p2a: Garganacl\n|-damage|p2a: Garganacl|49\/100\n|-unboost|p2a: Garganacl|spa|1\n|move|p1a: Chien-Pao|Ice Spinner|p2b: Amoonguss\n|-supereffective|p2b: Amoonguss\n|-damage|p2b: Amoonguss|0 fnt\n|faint|p2b: Amoonguss\n|move|p2a: Garganacl|Salt Cure|p1a: Chien-Pao\n|-supereffective|p1a: Chien-Pao\n|-damage|p1a: Chien-Pao|62\/100\n|-start|p1a: Chien-Pao|Salt Cure\n|\n|-heal|p2a: Garganacl|55\/100|[from] item: Leftovers\n|-damage|p1a: Chien-Pao|50\/100|[from] Salt Cure\n|upkeep\n|\n|t:|1681836509\n|switch|p2b: Glimmora|Glimmora, L50, F|100\/100\n|turn|4\n|\n|t:|1681836516\n|switch|p1a: Corviknight|Corviknight, L50, F, shiny|71\/100\n|move|p1b: Flutter Mane|Protect|p1b: Flutter Mane\n|-singleturn|p1b: Flutter Mane|Protect\n|move|p2b: Glimmora|Mortal Spin|p1b: Flutter Mane|[spread] \n|-activate|p1b: Flutter Mane|move: Protect\n|-immune|p1a: Corviknight\n|move|p2a: Garganacl|Recover|p2a: Garganacl\n|-heal|p2a: Garganacl|100\/100\n|\n|-heal|p1a: Corviknight|77\/100|[from] item: Leftovers\n|-sideend|p1: Oonga Boonga King|move: Tailwind\n|upkeep\n|turn|5\n|\n|t:|1681836535\n|move|p1b: Flutter Mane|Shadow Ball|p2a: Garganacl\n|-supereffective|p2a: Garganacl\n|-damage|p2a: Garganacl|69\/100\n|move|p2b: Glimmora|Sludge Bomb|p1b: Flutter Mane\n|-supereffective|p1b: Flutter Mane\n|-damage|p1b: Flutter Mane|0 fnt\n|faint|p1b: Flutter Mane\n|-end|p1b: Flutter Mane|Protosynthesis|[silent]\n|move|p1a: Corviknight|Bulk Up|p1a: Corviknight\n|-boost|p1a: Corviknight|atk|1\n|-boost|p1a: Corviknight|def|1\n|move|p2a: Garganacl|Salt Cure|p1a: Corviknight\n|-damage|p1a: Corviknight|70\/100\n|-start|p1a: Corviknight|Salt Cure\n|\n|-heal|p1a: Corviknight|76\/100|[from] item: Leftovers\n|-heal|p2a: Garganacl|74\/100|[from] item: Leftovers\n|-damage|p1a: Corviknight|51\/100|[from] Salt Cure\n|upkeep\n|\n|t:|1681836550\n|switch|p1b: Dragonite|Dragonite, L50, F, shiny|100\/100\n|turn|6\n|\n|t:|1681836559\n|move|p1b: Dragonite|Earthquake|p2a: Garganacl|[spread] p2a,p2b\n|-immune|p1a: Corviknight\n|-supereffective|p2b: Glimmora\n|-damage|p2a: Garganacl|44\/100\n|-damage|p2b: Glimmora|0 fnt\n|-activate|p2b: Glimmora|ability: Toxic Debris\n|-sidestart|p1: Oonga Boonga King|move: Toxic Spikes\n|faint|p2b: Glimmora\n|move|p1a: Corviknight|Iron Head|p2a: Garganacl\n|-damage|p2a: Garganacl|21\/100\n|cant|p2a: Garganacl|flinch\n|\n|-heal|p1a: Corviknight|57\/100|[from] item: Leftovers\n|-heal|p2a: Garganacl|27\/100|[from] item: Leftovers\n|-damage|p1a: Corviknight|32\/100|[from] Salt Cure\n|upkeep\n|\n|t:|1681836573\n|switch|p2b: Gholdengo|Gholdengo, L50|100\/100\n|turn|7\n|\n|t:|1681836583\n|move|p2a: Garganacl|Wide Guard|p2a: Garganacl\n|-singleturn|p2a: Garganacl|Wide Guard\n|move|p1b: Dragonite|Earthquake|p2a: Garganacl|[spread] \n|-activate|p2a: Garganacl|move: Wide Guard\n|-activate|p2b: Gholdengo|move: Wide Guard\n|-immune|p1a: Corviknight\n|move|p2b: Gholdengo|Nasty Plot|p2b: Gholdengo\n|-boost|p2b: Gholdengo|spa|2\n|move|p1a: Corviknight|Iron Head|p2a: Garganacl\n|-damage|p2a: Garganacl|0 fnt\n|faint|p2a: Garganacl\n|\n|-heal|p1a: Corviknight|38\/100|[from] item: Leftovers\n|-damage|p1a: Corviknight|13\/100|[from] Salt Cure\n|upkeep\n|turn|8\n|\n|t:|1681836610\n|move|p1b: Dragonite|Earthquake|p2b: Gholdengo|[spread] p2b\n|-immune|p1a: Corviknight\n|-supereffective|p2b: Gholdengo\n|-damage|p2b: Gholdengo|11\/100\n|move|p2b: Gholdengo|Shadow Ball|p1b: Dragonite\n|-damage|p1b: Dragonite|0 fnt\n|faint|p1b: Dragonite\n|-damage|p2b: Gholdengo|1\/100|[from] item: Life Orb\n|move|p1a: Corviknight|Tailwind|p1a: Corviknight\n|-sidestart|p1: Oonga Boonga King|move: Tailwind\n|\n|-heal|p1a: Corviknight|19\/100|[from] item: Leftovers\n|-damage|p1a: Corviknight|0 fnt|[from] Salt Cure\n|faint|p1a: Corviknight\n|upkeep\n|\n|t:|1681836615\n|switch|p1b: Chien-Pao|Chien-Pao, L50|50\/100\n|-status|p1b: Chien-Pao|psn\n|-ability|p1b: Chien-Pao|Sword of Ruin\n|turn|9\n|\n|t:|1681836624\n|move|p2b: Gholdengo|Protect|p2b: Gholdengo\n|-singleturn|p2b: Gholdengo|Protect\n|move|p1b: Chien-Pao|Ice Spinner|p2b: Gholdengo\n|-activate|p2b: Gholdengo|move: Protect\n|\n|-damage|p1b: Chien-Pao|37\/100 psn|[from] psn\n|upkeep\n|turn|10\n|\n|t:|1681836631\n|move|p1b: Chien-Pao|Ice Spinner|p2b: Gholdengo\n|-resisted|p2b: Gholdengo\n|-damage|p2b: Gholdengo|0 fnt\n|faint|p2b: Gholdengo\n|\n|win|Oonga Boonga King\n|raw|Oonga Boonga King's rating: 1210 → 1240<\/strong> (+30 for winning)\n|raw|Hellvis's rating: 1280 → 1250<\/strong> (-30 for losing)\n|l|\u2606Hellvis\n","uploadtime":1681836646,"views":13,"p1id":"oongaboongaking","p2id":"hellvis","formatid":"gen9vgc2023regulationc","rating":1240,"private":0,"password":""}