{"id":"gen9vgc2023regulationc-1857707998","p1":"Valiiiii","p2":"MikelMtz","format":"[Gen 9] VGC 2023 Regulation C","log":"|j|\u2606Valiiiii\n|j|\u2606MikelMtz\n|t:|1683224332\n|gametype|doubles\n|player|p1|Valiiiii|veteran|1170\n|player|p2|MikelMtz|2|1059\n|teamsize|p1|6\n|teamsize|p2|6\n|gen|9\n|tier|[Gen 9] VGC 2023 Regulation C\n|rated|\n|rule|Species Clause: Limit one of each Pok\u00e9mon\n|rule|Item Clause: Limit one of each item\n|clearpoke\n|poke|p1|Ceruledge, L50, M|\n|poke|p1|Maushold, L50|\n|poke|p1|Flutter Mane, L50|\n|poke|p1|Iron Bundle, L50|\n|poke|p1|Brute Bonnet, L50|\n|poke|p1|Corviknight, L50, M|\n|poke|p2|Pelipper, L50, F|\n|poke|p2|Palafin, L50, M|\n|poke|p2|Gholdengo, L50|\n|poke|p2|Flutter Mane, L50|\n|poke|p2|Amoonguss, L50, M|\n|poke|p2|Iron Hands, L50|\n|teampreview|4\n|inactive|Battle timer is ON: inactive players will automatically lose when time's up. (requested by MikelMtz)\n|\n|t:|1683224358\n|start\n|switch|p1a: Ceruledge|Ceruledge, L50, M, shiny|100\/100\n|switch|p1b: Maushold|Maushold, L50, shiny|100\/100\n|switch|p2a: Aquaman|Palafin, L50, M, shiny|100\/100\n|switch|p2b: Sumo|Iron Hands, L50, shiny|100\/100\n|-item|p2b: Sumo|Air Balloon\n|turn|1\n|inactive|Valiiiii has 30 seconds left.\n|\n|t:|1683224384\n|move|p1b: Maushold|Protect|p1b: Maushold\n|-singleturn|p1b: Maushold|Protect\n|move|p1a: Ceruledge|Protect|p1a: Ceruledge\n|-singleturn|p1a: Ceruledge|Protect\n|move|p2b: Sumo|Fake Out|p1b: Maushold\n|-activate|p1b: Maushold|move: Protect\n|move|p2a: Aquaman|Flip Turn|p1a: Ceruledge\n|-activate|p1a: Ceruledge|move: Protect\n|\n|upkeep\n|turn|2\n|\n|t:|1683224399\n|-terastallize|p1a: Ceruledge|Grass\n|move|p1b: Maushold|Sunny Day|p1b: Maushold\n|-weather|SunnyDay\n|move|p2a: Aquaman|Flip Turn|p1a: Ceruledge\n|-resisted|p1a: Ceruledge\n|-damage|p1a: Ceruledge|95\/100\n|\n|t:|1683224413\n|detailschange|p2a: Aquaman|Palafin-Hero, L50, M, shiny\n|switch|p2a: Pelipper|Pelipper, L50, F|100\/100|[from] Flip Turn\n|-weather|RainDance|[from] ability: Drizzle|[of] p2a: Pelipper\n|move|p1a: Ceruledge|Solar Blade||[still]\n|-prepare|p1a: Ceruledge|Solar Blade\n|move|p2b: Sumo|Drain Punch|p1b: Maushold\n|-supereffective|p1b: Maushold\n|-damage|p1b: Maushold|20\/100\n|\n|-weather|RainDance|[upkeep]\n|upkeep\n|turn|3\n|\n|t:|1683224430\n|move|p1b: Maushold|Sunny Day|p1b: Maushold\n|-weather|SunnyDay\n|move|p1a: Ceruledge|Solar Blade|p2a: Pelipper|[from]lockedmove\n|-damage|p2a: Pelipper|27\/100\n|move|p2a: Pelipper|Tailwind|p2a: Pelipper\n|-sidestart|p2: MikelMtz|move: Tailwind\n|move|p2b: Sumo|Drain Punch|p1b: Maushold\n|-supereffective|p1b: Maushold\n|-damage|p1b: Maushold|0 fnt\n|faint|p1b: Maushold\n|\n|-weather|SunnyDay|[upkeep]\n|upkeep\n|\n|t:|1683224441\n|switch|p1b: Flutter Mane|Flutter Mane, L50, shiny|100\/100\n|-activate|p1b: Flutter Mane|ability: Protosynthesis\n|-start|p1b: Flutter Mane|protosynthesisspe\n|turn|4\n|\n|t:|1683224456\n|switch|p2a: Amoonguss|Amoonguss, L50, M, shiny|100\/100\n|move|p1b: Flutter Mane|Thunderbolt|p2a: Amoonguss\n|-resisted|p2a: Amoonguss\n|-damage|p2a: Amoonguss|81\/100\n|move|p2b: Sumo|Volt Switch|p1a: Ceruledge\n|-resisted|p1a: Ceruledge\n|-damage|p1a: Ceruledge|89\/100\n|\n|t:|1683224472\n|-end|p2b: Sumo|Quark Drive|[silent]\n|switch|p2b: Pelipper|Pelipper, L50, F|27\/100|[from] Volt Switch\n|-weather|RainDance|[from] ability: Drizzle|[of] p2b: Pelipper\n|-end|p1b: Flutter Mane|Protosynthesis\n|move|p1a: Ceruledge|Bitter Blade|p2b: Pelipper\n|-resisted|p2b: Pelipper\n|-damage|p2b: Pelipper|15\/100\n|-heal|p1a: Ceruledge|94\/100|[from] drain|[of] p2b: Pelipper\n|\n|-weather|RainDance|[upkeep]\n|-heal|p2a: Amoonguss|87\/100|[from] item: Black Sludge\n|upkeep\n|turn|5\n|inactive|MikelMtz has 30 seconds left.\n|\n|t:|1683224499\n|-end|p1b: Flutter Mane|Protosynthesis|[silent]\n|switch|p1b: Brute Bonnet|Brute Bonnet, L50, shiny|100\/100\n|move|p1a: Ceruledge|Shadow Sneak|p2b: Pelipper\n|-damage|p2b: Pelipper|0 fnt\n|faint|p2b: Pelipper\n|move|p2a: Amoonguss|Spore|p1b: Brute Bonnet\n|-immune|p1b: Brute Bonnet\n|\n|-weather|RainDance|[upkeep]\n|-heal|p2a: Amoonguss|93\/100|[from] item: Black Sludge\n|upkeep\n|\n|t:|1683224506\n|switch|p2b: Sumo|Iron Hands, L50, shiny|100\/100\n|-item|p2b: Sumo|Air Balloon\n|turn|6\n|\n|t:|1683224522\n|move|p2b: Sumo|Fake Out|p1b: Brute Bonnet\n|-damage|p1b: Brute Bonnet|88\/100\n|move|p1a: Ceruledge|Bitter Blade|p2a: Amoonguss\n|-supereffective|p2a: Amoonguss\n|-damage|p2a: Amoonguss|45\/100\n|-heal|p1a: Ceruledge|100\/100|[from] drain|[of] p2a: Amoonguss\n|move|p2a: Amoonguss|Sludge Bomb|p1a: Ceruledge\n|-supereffective|p1a: Ceruledge\n|-damage|p1a: Ceruledge|30\/100\n|cant|p1b: Brute Bonnet|flinch\n|\n|-weather|RainDance|[upkeep]\n|-heal|p2a: Amoonguss|51\/100|[from] item: Black Sludge\n|-sideend|p2: MikelMtz|move: Tailwind\n|upkeep\n|turn|7\n|inactive|Valiiiii has 30 seconds left.\n|\n|t:|1683224548\n|move|p1a: Ceruledge|Protect|p1a: Ceruledge\n|-singleturn|p1a: Ceruledge|Protect\n|move|p1b: Brute Bonnet|Spore|p2b: Sumo\n|-status|p2b: Sumo|slp|[from] move: Spore\n|cant|p2b: Sumo|slp\n|move|p2a: Amoonguss|Sludge Bomb|p1a: Ceruledge\n|-activate|p1a: Ceruledge|move: Protect\n|\n|-weather|RainDance|[upkeep]\n|-heal|p2a: Amoonguss|57\/100|[from] item: Black Sludge\n|upkeep\n|turn|8\n|inactive|Valiiiii has 30 seconds left.\n|\n|t:|1683224573\n|move|p1b: Brute Bonnet|Sucker Punch|p2a: Amoonguss\n|-damage|p2a: Amoonguss|29\/100\n|move|p1a: Ceruledge|Bitter Blade|p2a: Amoonguss\n|-supereffective|p2a: Amoonguss\n|-damage|p2a: Amoonguss|0 fnt\n|-heal|p1a: Ceruledge|46\/100|[from] drain|[of] p2a: Amoonguss\n|faint|p2a: Amoonguss\n|-curestatus|p2b: Sumo|slp|[msg]\n|move|p2b: Sumo|Drain Punch|p1b: Brute Bonnet\n|-supereffective|p1b: Brute Bonnet\n|-damage|p1b: Brute Bonnet|21\/100\n|\n|-weather|none\n|upkeep\n|\n|t:|1683224582\n|switch|p2a: Aquaman|Palafin-Hero, L50, M, shiny|100\/100\n|-activate|p2a: Aquaman|ability: Zero to Hero\n|turn|9\n|inactive|Valiiiii has 30 seconds left.\n|inactive|Valiiiii has 20 seconds left.\n|\n|t:|1683224618\n|-terastallize|p2a: Aquaman|Water\n|move|p2a: Aquaman|Jet Punch|p1a: Ceruledge\n|-resisted|p1a: Ceruledge\n|-damage|p1a: Ceruledge|10\/100\n|move|p1a: Ceruledge|Solar Blade||[still]\n|-prepare|p1a: Ceruledge|Solar Blade\n|move|p1b: Brute Bonnet|Synthesis|p1b: Brute Bonnet\n|-heal|p1b: Brute Bonnet|71\/100\n|move|p2b: Sumo|Drain Punch|p1b: Brute Bonnet\n|-supereffective|p1b: Brute Bonnet\n|-damage|p1b: Brute Bonnet|2\/100\n|\n|upkeep\n|turn|10\n|inactive|MikelMtz has 30 seconds left.\n|\n|t:|1683224646\n|move|p1b: Brute Bonnet|Rage Powder|p1b: Brute Bonnet\n|-singleturn|p1b: Brute Bonnet|move: Rage Powder\n|move|p2a: Aquaman|Jet Punch|p1b: Brute Bonnet\n|-resisted|p1b: Brute Bonnet\n|-damage|p1b: Brute Bonnet|0 fnt\n|faint|p1b: Brute Bonnet\n|-end|p1b: Brute Bonnet|Protosynthesis|[silent]\n|move|p1a: Ceruledge|Solar Blade|p2a: Aquaman|[from]lockedmove\n|-supereffective|p2a: Aquaman\n|-damage|p2a: Aquaman|0 fnt\n|faint|p2a: Aquaman\n|move|p2b: Sumo|Drain Punch|p1a: Ceruledge\n|-crit|p1a: Ceruledge\n|-damage|p1a: Ceruledge|0 fnt\n|faint|p1a: Ceruledge\n|\n|upkeep\n|\n|t:|1683224659\n|switch|p1b: Flutter Mane|Flutter Mane, L50, shiny|100\/100\n|turn|11\n|\n|t:|1683224665\n|move|p1b: Flutter Mane|Moonblast|p2b: Sumo\n|-supereffective|p2b: Sumo\n|-damage|p2b: Sumo|0 fnt\n|-enditem|p2b: Sumo|Air Balloon\n|faint|p2b: Sumo\n|-end|p2b: Sumo|Quark Drive|[silent]\n|\n|win|Valiiiii\n|raw|Valiiiii's rating: 1170 → 1187<\/strong> (+17 for winning)\n|raw|MikelMtz's rating: 1059 → 1046<\/strong> (-13 for losing)\n|l|\u2606MikelMtz\n","uploadtime":1683224674,"views":13,"p1id":"valiiiii","p2id":"mikelmtz","formatid":"gen9vgc2023regulationc","rating":1046,"private":0,"password":""}