{"id":"gen9vgc2023regulationc-1856932509","p1":"Windows11Goated","p2":"Ikla77","format":"[Gen 9] VGC 2023 Regulation C","log":"|j|\u2606Windows11Goated\n|j|\u2606Ikla77\n|t:|1683126923\n|gametype|doubles\n|player|p1|Windows11Goated|265|1033\n|player|p2|Ikla77|benga|1087\n|teamsize|p1|6\n|teamsize|p2|6\n|gen|9\n|tier|[Gen 9] VGC 2023 Regulation C\n|rated|\n|rule|Species Clause: Limit one of each Pok\u00e9mon\n|rule|Item Clause: Limit one of each item\n|clearpoke\n|poke|p1|Iron Bundle, L50|\n|poke|p1|Abomasnow, L50, M|\n|poke|p1|Maushold-Four, L50|\n|poke|p1|Annihilape, L50, F|\n|poke|p1|Ting-Lu, L50|\n|poke|p1|Chi-Yu, L50|\n|poke|p2|Ceruledge, L50, F|\n|poke|p2|Palafin, L50, M|\n|poke|p2|Amoonguss, L50, F|\n|poke|p2|Flutter Mane, L50|\n|poke|p2|Corviknight, L50, M|\n|poke|p2|Garchomp, L50, F|\n|teampreview|4\n|inactive|Battle timer is ON: inactive players will automatically lose when time's up. (requested by Ikla77)\n|inactive|Windows11Goated also wants the timer to be on.\nWindows11Goated has agreed to open team sheets.\n|inactive|Ikla77 has 60 seconds left.\n|\n|t:|1683126965\n|start\n|switch|p1a: Maushold|Maushold-Four, L50|100\/100\n|switch|p1b: Annihilape|Annihilape, L50, F|100\/100\n|switch|p2a: Corviknight|Corviknight, L50, M, shiny|100\/100\n|switch|p2b: Garchomp|Garchomp, L50, F|100\/100\n|turn|1\n|inactive|Windows11Goated has 30 seconds left.\n|inactive|Windows11Goated has 20 seconds left.\n|\n|t:|1683127001\n|move|p1a: Maushold|Super Fang|p2a: Corviknight\n|-damage|p2a: Corviknight|51\/100\n|move|p2b: Garchomp|Earthquake|p1b: Annihilape|[spread] p1a,p1b\n|-immune|p2a: Corviknight\n|-damage|p1a: Maushold|34\/100\n|-damage|p1b: Annihilape|64\/100\n|-damage|p2b: Garchomp|91\/100|[from] item: Life Orb\n|move|p1b: Annihilape|Bulk Up|p1b: Annihilape\n|-boost|p1b: Annihilape|atk|1\n|-boost|p1b: Annihilape|def|1\n|move|p2a: Corviknight|Tailwind|p2a: Corviknight\n|-sidestart|p2: Ikla77|move: Tailwind\n|\n|-heal|p1b: Annihilape|70\/100|[from] item: Leftovers\n|upkeep\n|turn|2\n|\n|t:|1683127019\n|move|p1a: Maushold|Protect|p1a: Maushold\n|-singleturn|p1a: Maushold|Protect\n|move|p2b: Garchomp|Earthquake|p1a: Maushold|[spread] p1b\n|-activate|p1a: Maushold|move: Protect\n|-immune|p2a: Corviknight\n|-damage|p1b: Annihilape|48\/100\n|-damage|p2b: Garchomp|81\/100|[from] item: Life Orb\n|move|p2a: Corviknight|Brave Bird|p1b: Annihilape\n|-supereffective|p1b: Annihilape\n|-damage|p1b: Annihilape|6\/100\n|-damage|p2a: Corviknight|36\/100|[from] Recoil\n|move|p1b: Annihilape|Drain Punch|p2a: Corviknight\n|-damage|p2a: Corviknight|0 fnt\n|-heal|p1b: Annihilape|23\/100|[from] drain|[of] p2a: Corviknight\n|faint|p2a: Corviknight\n|\n|-heal|p1b: Annihilape|29\/100|[from] item: Leftovers\n|upkeep\n|\n|t:|1683127033\n|switch|p2a: Flutter Mane|Flutter Mane, L50|100\/100\n|-enditem|p2a: Flutter Mane|Booster Energy\n|-activate|p2a: Flutter Mane|ability: Protosynthesis|[fromitem]\n|-start|p2a: Flutter Mane|protosynthesisspe\n|turn|3\n|\n|t:|1683127053\n|move|p1b: Annihilape|Protect|p1b: Annihilape\n|-singleturn|p1b: Annihilape|Protect\n|move|p2a: Flutter Mane|Dazzling Gleam|p1a: Maushold|[spread] p1a\n|-activate|p1b: Annihilape|move: Protect\n|-damage|p1a: Maushold|0 fnt\n|faint|p1a: Maushold\n|move|p2b: Garchomp|Earthquake|p1b: Annihilape|[spread] p2a\n|-activate|p1b: Annihilape|move: Protect\n|-damage|p2a: Flutter Mane|0 fnt\n|faint|p2a: Flutter Mane\n|-end|p2a: Flutter Mane|Protosynthesis|[silent]\n|-damage|p2b: Garchomp|71\/100|[from] item: Life Orb\n|\n|-heal|p1b: Annihilape|35\/100|[from] item: Leftovers\n|upkeep\n|\n|t:|1683127066\n|switch|p2a: Ceruledge|Ceruledge, L50, F, shiny|100\/100\n|switch|p1a: Iron Bundle|Iron Bundle, L50|100\/100\n|-enditem|p1a: Iron Bundle|Booster Energy\n|-activate|p1a: Iron Bundle|ability: Quark Drive|[fromitem]\n|-start|p1a: Iron Bundle|quarkdrivespe\n|turn|4\n|\n|t:|1683127085\n|move|p1a: Iron Bundle|Protect|p1a: Iron Bundle\n|-singleturn|p1a: Iron Bundle|Protect\n|move|p2b: Garchomp|Iron Head|p1a: Iron Bundle\n|-activate|p1a: Iron Bundle|move: Protect\n|move|p2a: Ceruledge|Bitter Blade|p1b: Annihilape\n|-damage|p1b: Annihilape|10\/100\n|move|p1b: Annihilape|Rage Fist|p2b: Garchomp\n|-damage|p2b: Garchomp|0 fnt\n|-damage|p1b: Annihilape|0 fnt|[from] ability: Rough Skin|[of] p2b: Garchomp\n|faint|p2b: Garchomp\n|faint|p1b: Annihilape\n|\n|-sideend|p2: Ikla77|move: Tailwind\n|upkeep\n|\n|t:|1683127092\n|switch|p1b: Chi-Yu|Chi-Yu, L50|100\/100\n|-ability|p1b: Chi-Yu|Beads of Ruin\n|turn|5\n|-message|Ikla77 forfeited.\n|\n|win|Windows11Goated\n|raw|Windows11Goated's rating: 1033 → 1073<\/strong> (+40 for winning)\n|raw|Ikla77's rating: 1087 → 1060<\/strong> (-27 for losing)\n","uploadtime":1683127095,"views":13,"p1id":"windows11goated","p2id":"ikla77","formatid":"gen9vgc2023regulationc","rating":1060,"private":0,"password":""}