{"id":"gen9vgc2023regulationc-1846712765","p1":"DorkNova","p2":"dekukraken","format":"[Gen 9] VGC 2023 Regulation C","log":"|j|\u2606DorkNova\n|j|\u2606dekukraken\n|t:|1681868975\n|gametype|doubles\n|player|p1|DorkNova|cynthia|\n|player|p2|dekukraken|burglar|\n|teamsize|p1|6\n|teamsize|p2|6\n|gen|9\n|tier|[Gen 9] VGC 2023 Regulation C\n|rule|Species Clause: Limit one of each Pok\u00e9mon\n|rule|Item Clause: Limit one of each item\n|clearpoke\n|poke|p1|Goodra, L50, F|\n|poke|p1|Scizor, L50, M|\n|poke|p1|Wo-Chien, L50|\n|poke|p1|Ceruledge, L50, F|\n|poke|p1|Rotom-Wash, L50|\n|poke|p1|Glimmora, L50, F|\n|poke|p2|Glimmora, L50, M|\n|poke|p2|Iron Bundle, L50|\n|poke|p2|Dondozo, L50, M|\n|poke|p2|Dragonite, L50, M|\n|poke|p2|Tatsugiri-Droopy, L50, F|\n|poke|p2|Chi-Yu, L50|\n|teampreview|4\nDorkNova has agreed to open team sheets.\ndekukraken has agreed to open team sheets.\n|\n|t:|1681869131\n|start\n|switch|p1a: Glimmora|Glimmora, L50, F|100\/100\n|switch|p1b: Ceruledge|Ceruledge, L50, F|100\/100\n|switch|p2a: Iron Bundle|Iron Bundle, L50, shiny|100\/100\n|switch|p2b: Chi-Yu|Chi-Yu, L50|100\/100\n|-ability|p2b: Chi-Yu|Beads of Ruin\n|-enditem|p2a: Iron Bundle|Booster Energy\n|-activate|p2a: Iron Bundle|ability: Quark Drive|[fromitem]\n|-start|p2a: Iron Bundle|quarkdrivespe\n|turn|1\n|\n|t:|1681869175\n|move|p2a: Iron Bundle|Hydro Pump|p1a: Glimmora|[miss]\n|-miss|p2a: Iron Bundle|p1a: Glimmora\n|move|p2b: Chi-Yu|Dark Pulse|p1a: Glimmora\n|-damage|p1a: Glimmora|17\/100\n|move|p1a: Glimmora|Power Gem|p2a: Iron Bundle\n|-supereffective|p2a: Iron Bundle\n|-damage|p2a: Iron Bundle|0 fnt\n|faint|p2a: Iron Bundle\n|-end|p2a: Iron Bundle|Quark Drive|[silent]\n|move|p1b: Ceruledge|Bulk Up|p1b: Ceruledge\n|-boost|p1b: Ceruledge|atk|1\n|-boost|p1b: Ceruledge|def|1\n|\n|upkeep\n|\n|t:|1681869191\n|switch|p2a: Dondozo|Dondozo, L50, M|100\/100\n|turn|2\n|\n|t:|1681869245\n|switch|p2b: Tatsugiri|Tatsugiri-Droopy, L50, F, shiny|100\/100\n|-activate|p2b: Tatsugiri|ability: Commander|[of] p2a: Dondozo\n|-boost|p2a: Dondozo|atk|2\n|-boost|p2a: Dondozo|spa|2\n|-boost|p2a: Dondozo|spe|2\n|-boost|p2a: Dondozo|def|2\n|-boost|p2a: Dondozo|spd|2\n|-terastallize|p1b: Ceruledge|Grass\n|move|p2a: Dondozo|Earthquake|p1b: Ceruledge|[spread] p1a,p1b\n|-miss|p2a: Dondozo|p2b: Tatsugiri\n|-supereffective|p1a: Glimmora\n|-resisted|p1b: Ceruledge\n|-crit|p1b: Ceruledge\n|-damage|p1a: Glimmora|0 fnt\n|-damage|p1b: Ceruledge|66\/100\n|-activate|p1a: Glimmora|ability: Toxic Debris\n|-sidestart|p2: dekukraken|move: Toxic Spikes\n|faint|p1a: Glimmora\n|move|p1b: Ceruledge|Bulk Up|p1b: Ceruledge\n|-boost|p1b: Ceruledge|atk|1\n|-boost|p1b: Ceruledge|def|1\n|\n|upkeep\n|\n|t:|1681869264\n|switch|p1a: Goodra|Goodra, L50, F|100\/100\n|turn|3\n|\n|t:|1681869282\n|move|p2a: Dondozo|Wave Crash|p1b: Ceruledge\n|-resisted|p1b: Ceruledge\n|-damage|p1b: Ceruledge|8\/100\n|-damage|p2a: Dondozo|85\/100|[from] Recoil\n|move|p1b: Ceruledge|Bulk Up|p1b: Ceruledge\n|-boost|p1b: Ceruledge|atk|1\n|-boost|p1b: Ceruledge|def|1\n|move|p1a: Goodra|Counter||[still]\n|-fail|p1a: Goodra\n|\n|-heal|p2a: Dondozo|91\/100|[from] item: Leftovers\n|upkeep\n|turn|4\n|\n|t:|1681869302\n|move|p1b: Ceruledge|Protect|p1b: Ceruledge\n|-singleturn|p1b: Ceruledge|Protect\n|move|p2a: Dondozo|Wave Crash|p1b: Ceruledge\n|-activate|p1b: Ceruledge|move: Protect\n|move|p1a: Goodra|Draco Meteor|p2a: Dondozo\n|-damage|p2a: Dondozo|66\/100\n|-unboost|p1a: Goodra|spa|2\n|\n|-heal|p2a: Dondozo|72\/100|[from] item: Leftovers\n|upkeep\n|turn|5\n|\n|t:|1681869317\n|move|p2a: Dondozo|Wave Crash|p1b: Ceruledge\n|-resisted|p1b: Ceruledge\n|-damage|p1b: Ceruledge|0 fnt\n|faint|p1b: Ceruledge\n|-damage|p2a: Dondozo|70\/100|[from] Recoil\n|move|p1a: Goodra|Sludge Bomb|p2a: Dondozo\n|-damage|p2a: Dondozo|59\/100\n|\n|-heal|p2a: Dondozo|65\/100|[from] item: Leftovers\n|upkeep\n|\n|t:|1681869326\n|switch|p1b: Wo-Chien|Wo-Chien, L50|100\/100\n|-ability|p1b: Wo-Chien|Tablets of Ruin\n|turn|6\n|\n|t:|1681869398\n|move|p1a: Goodra|Feint|p2a: Dondozo\n|-crit|p2a: Dondozo\n|-damage|p2a: Dondozo|60\/100\n|move|p2a: Dondozo|Wave Crash|p1b: Wo-Chien\n|-resisted|p1b: Wo-Chien\n|-damage|p1b: Wo-Chien|70\/100\n|-damage|p2a: Dondozo|51\/100|[from] Recoil\n|move|p1b: Wo-Chien|Leech Seed|p2a: Dondozo\n|-start|p2a: Dondozo|move: Leech Seed\n|\n|-heal|p2a: Dondozo|58\/100|[from] item: Leftovers\n|-heal|p1b: Wo-Chien|76\/100|[from] item: Leftovers\n|-damage|p2a: Dondozo|45\/100|[from] Leech Seed|[of] p1b: Wo-Chien\n|-heal|p1b: Wo-Chien|91\/100|[silent]\n|upkeep\n|turn|7\n|\n|t:|1681869416\n|move|p2a: Dondozo|Earthquake|p1a: Goodra|[spread] p1a,p1b\n|-miss|p2a: Dondozo|p2b: Tatsugiri\n|-crit|p1a: Goodra\n|-resisted|p1b: Wo-Chien\n|-damage|p1a: Goodra|60\/100\n|-damage|p1b: Wo-Chien|78\/100\n|move|p1b: Wo-Chien|Pollen Puff|p1a: Goodra\n|-heal|p1a: Goodra|100\/100\n|move|p1a: Goodra|Counter|p2a: Dondozo\n|-damage|p2a: Dondozo|0 fnt\n|faint|p2a: Dondozo\n|\n|-heal|p1b: Wo-Chien|84\/100|[from] item: Leftovers\n|upkeep\n|\n|t:|1681869422\n|switch|p2a: Chi-Yu|Chi-Yu, L50|100\/100\n|-status|p2a: Chi-Yu|psn\n|-ability|p2a: Chi-Yu|Beads of Ruin\n|turn|8\n|\n|t:|1681869485\n|move|p2a: Chi-Yu|Protect|p2a: Chi-Yu\n|-singleturn|p2a: Chi-Yu|Protect\n|move|p2b: Tatsugiri|Draco Meteor|p1a: Goodra\n|-supereffective|p1a: Goodra\n|-damage|p1a: Goodra|21\/100\n|-unboost|p2b: Tatsugiri|spa|2\n|move|p1a: Goodra|Draco Meteor|p2b: Tatsugiri\n|-supereffective|p2b: Tatsugiri\n|-damage|p2b: Tatsugiri|10\/100\n|-unboost|p1a: Goodra|spa|2\n|move|p1b: Wo-Chien|Leech Seed|p2a: Chi-Yu\n|-activate|p2a: Chi-Yu|move: Protect\n|\n|-heal|p1b: Wo-Chien|91\/100|[from] item: Leftovers\n|-damage|p2a: Chi-Yu|88\/100 psn|[from] psn\n|upkeep\n|turn|9\n|\n|t:|1681869536\n|move|p1a: Goodra|Feint|p2b: Tatsugiri\n|-damage|p2b: Tatsugiri|2\/100\n|move|p2b: Tatsugiri|Draco Meteor|p1a: Goodra\n|-supereffective|p1a: Goodra\n|-damage|p1a: Goodra|0 fnt\n|-unboost|p2b: Tatsugiri|spa|2\n|faint|p1a: Goodra\n|move|p2a: Chi-Yu|Overheat|p1b: Wo-Chien\n|-supereffective|p1b: Wo-Chien\n|-damage|p1b: Wo-Chien|0 fnt\n|-unboost|p2a: Chi-Yu|spa|2\n|faint|p1b: Wo-Chien\n|\n|win|dekukraken\n|c|\u2606dekukraken|gg\n|l|\u2606DorkNova\n","uploadtime":1681869551,"views":10,"p1id":"dorknova","p2id":"dekukraken","formatid":"gen9vgc2023regulationc","rating":0,"private":0,"password":""}