{"id":"gen9vgc2023regulationc-1855883551","p1":"Kirizioaro","p2":"NicketySplit","format":"[Gen 9] VGC 2023 Regulation C","log":"|j|\u2606Kirizioaro\n|j|\u2606NicketySplit\n|t:|1682995737\n|gametype|doubles\n|player|p1|Kirizioaro|lance|1124\n|player|p2|NicketySplit|n|1116\n|teamsize|p1|6\n|teamsize|p2|6\n|gen|9\n|tier|[Gen 9] VGC 2023 Regulation C\n|rated|\n|rule|Species Clause: Limit one of each Pok\u00e9mon\n|rule|Item Clause: Limit one of each item\n|clearpoke\n|poke|p1|Dondozo, L50, M|\n|poke|p1|Tatsugiri-Stretchy, L50, F|\n|poke|p1|Chi-Yu, L50|\n|poke|p1|Flutter Mane, L50|\n|poke|p1|Dragonite, L50, M|\n|poke|p1|Glimmora, L50, M|\n|poke|p2|Palafin, L50, M|\n|poke|p2|Arcanine, L50, M|\n|poke|p2|Great Tusk, L50|\n|poke|p2|Flutter Mane, L50|\n|poke|p2|Chien-Pao, L50|\n|poke|p2|Dragonite, L50, M|\n|teampreview|4\n|inactive|Battle timer is ON: inactive players will automatically lose when time's up. (requested by Kirizioaro)\n|inactive|NicketySplit has 60 seconds left.\n|inactive|NicketySplit has 30 seconds left.\n|\n|t:|1682995822\n|start\n|switch|p1a: Glimmora|Glimmora, L50, M|100\/100\n|switch|p1b: Tatsugiri|Tatsugiri-Stretchy, L50, F|100\/100\n|switch|p2a: Flutter Mane|Flutter Mane, L50|100\/100\n|switch|p2b: Palafin|Palafin, L50, M|100\/100\n|turn|1\n|\n|t:|1682995837\n|detailschange|p2b: Palafin|Palafin-Hero, L50, M\n|switch|p2b: Dragonite|Dragonite, L50, M|100\/100\n|-terastallize|p1b: Tatsugiri|Ghost\n|move|p2a: Flutter Mane|Shadow Ball|p1a: Glimmora\n|-damage|p1a: Glimmora|14\/100\n|move|p1a: Glimmora|Toxic|p2a: Flutter Mane\n|-status|p2a: Flutter Mane|tox\n|move|p1b: Tatsugiri|Muddy Water|p2a: Flutter Mane|[spread] p2a,p2b\n|-resisted|p2b: Dragonite\n|-damage|p2a: Flutter Mane|43\/100 tox\n|-damage|p2b: Dragonite|88\/100\n|\n|-damage|p2a: Flutter Mane|37\/100 tox|[from] psn\n|upkeep\n|turn|2\n|inactive|NicketySplit has 30 seconds left.\n|\n|t:|1682995870\n|switch|p1b: Dondozo|Dondozo, L50, M|100\/100\n|move|p1a: Glimmora|Spiky Shield|p1a: Glimmora\n|-singleturn|p1a: Glimmora|move: Protect\n|move|p2a: Flutter Mane|Shadow Ball|p1a: Glimmora\n|-activate|p1a: Glimmora|move: Protect\n|move|p2b: Dragonite|Tailwind|p2b: Dragonite\n|-sidestart|p2: NicketySplit|move: Tailwind\n|\n|-damage|p2a: Flutter Mane|25\/100 tox|[from] psn\n|upkeep\n|turn|3\n|\n|t:|1682995888\n|move|p2a: Flutter Mane|Shadow Ball|p1b: Dondozo\n|-damage|p1b: Dondozo|54\/100\n|move|p2b: Dragonite|Dragon Claw|p1b: Dondozo\n|-damage|p1b: Dondozo|31\/100\n|-enditem|p1b: Dondozo|Sitrus Berry|[eat]\n|-heal|p1b: Dondozo|56\/100|[from] item: Sitrus Berry\n|move|p1a: Glimmora|Power Gem|p2b: Dragonite\n|-supereffective|p2b: Dragonite\n|-damage|p2b: Dragonite|13\/100\n|-enditem|p2b: Dragonite|Sitrus Berry|[eat]\n|-heal|p2b: Dragonite|37\/100|[from] item: Sitrus Berry\n|move|p1b: Dondozo|Yawn|p2b: Dragonite\n|-start|p2b: Dragonite|move: Yawn|[of] p1b: Dondozo\n|\n|-damage|p2a: Flutter Mane|7\/100 tox|[from] psn\n|upkeep\n|turn|4\n|\n|t:|1682995903\n|move|p1a: Glimmora|Spiky Shield|p1a: Glimmora\n|-singleturn|p1a: Glimmora|move: Protect\n|move|p1b: Dondozo|Protect|p1b: Dondozo\n|-singleturn|p1b: Dondozo|Protect\n|move|p2a: Flutter Mane|Shadow Ball|p1a: Glimmora\n|-activate|p1a: Glimmora|move: Protect\n|move|p2b: Dragonite|Dragon Claw|p1b: Dondozo\n|-activate|p1b: Dondozo|move: Protect\n|\n|-damage|p2a: Flutter Mane|0 fnt|[from] psn\n|faint|p2a: Flutter Mane\n|-end|p2a: Flutter Mane|Protosynthesis|[silent]\n|-end|p2b: Dragonite|move: Yawn|[silent]\n|-status|p2b: Dragonite|slp\n|upkeep\n|\n|t:|1682995913\n|switch|p2a: Palafin|Palafin-Hero, L50, M|100\/100\n|-activate|p2a: Palafin|ability: Zero to Hero\n|turn|5\n|\n|t:|1682995926\n|switch|p1a: Tatsugiri|Tatsugiri-Stretchy, L50, F, tera:Ghost|100\/100\n|move|p2a: Palafin|Jet Punch|p1a: Tatsugiri\n|-ability|p1a: Tatsugiri|Storm Drain|boost\n|-boost|p1a: Tatsugiri|spa|1\n|cant|p2b: Dragonite|slp\n|move|p1b: Dondozo|Yawn|p2a: Palafin\n|-start|p2a: Palafin|move: Yawn|[of] p1b: Dondozo\n|\n|-sideend|p2: NicketySplit|move: Tailwind\n|upkeep\n|turn|6\n|\n|t:|1682995953\n|switch|p2a: Great Tusk|Great Tusk, L50|100\/100\n|switch|p1b: Glimmora|Glimmora, L50, M|14\/100\n|cant|p2b: Dragonite|slp\n|move|p1a: Tatsugiri|Muddy Water|p2a: Great Tusk|[spread] p2a,p2b\n|-supereffective|p2a: Great Tusk\n|-crit|p2a: Great Tusk\n|-resisted|p2b: Dragonite\n|-damage|p2a: Great Tusk|0 fnt\n|-damage|p2b: Dragonite|1\/100 slp\n|faint|p2a: Great Tusk\n|-end|p2a: Great Tusk|Protosynthesis|[silent]\n|\n|upkeep\n|\n|t:|1682995965\n|switch|p2a: Palafin|Palafin-Hero, L50, M|100\/100\n|turn|7\n|\n|t:|1682995978\n|move|p2a: Palafin|Protect|p2a: Palafin\n|-singleturn|p2a: Palafin|Protect\n|move|p1b: Glimmora|Power Gem|p2b: Dragonite\n|-supereffective|p2b: Dragonite\n|-damage|p2b: Dragonite|0 fnt\n|faint|p2b: Dragonite\n|move|p1a: Tatsugiri|Muddy Water|p2a: Palafin\n|-activate|p2a: Palafin|move: Protect\n|\n|upkeep\n|turn|8\n|\n|t:|1682995988\n|move|p2a: Palafin|Jet Punch|p1a: Tatsugiri\n|-activate|p1a: Tatsugiri|ability: Storm Drain\n|-ability|p1a: Tatsugiri|Storm Drain|boost\n|-boost|p1a: Tatsugiri|spa|1\n|move|p1b: Glimmora|Toxic|p2a: Palafin\n|-status|p2a: Palafin|tox\n|move|p1a: Tatsugiri|Muddy Water|p2a: Palafin\n|-resisted|p2a: Palafin\n|-damage|p2a: Palafin|24\/100 tox\n|-unboost|p2a: Palafin|accuracy|1\n|\n|-damage|p2a: Palafin|18\/100 tox|[from] psn\n|upkeep\n|turn|9\n|-message|NicketySplit forfeited.\n|\n|win|Kirizioaro\n|raw|Kirizioaro's rating: 1124 → 1148<\/strong> (+24 for winning)\n|raw|NicketySplit's rating: 1116 → 1092<\/strong> (-24 for losing)\n|l|\u2606NicketySplit\n","uploadtime":1682996000,"views":13,"p1id":"kirizioaro","p2id":"nicketysplit","formatid":"gen9vgc2023regulationc","rating":1092,"private":0,"password":""}