{"id":"gen9vgc2023regulationc-1852080020","p1":"infinite 630","p2":"jeffman323","format":"[Gen 9] VGC 2023 Regulation C","log":"|j|\u2606infinite 630\n|j|\u2606jeffman323\n|t:|1682522478\n|gametype|doubles\n|player|p1|infinite 630|unknown|1549\n|player|p2|jeffman323|steven|1582\n|teamsize|p1|6\n|teamsize|p2|6\n|gen|9\n|tier|[Gen 9] VGC 2023 Regulation C\n|rated|\n|rule|Species Clause: Limit one of each Pok\u00e9mon\n|rule|Item Clause: Limit one of each item\n|clearpoke\n|poke|p1|Palafin, L50, F|\n|poke|p1|Amoonguss, L50, M|\n|poke|p1|Arcanine, L50, M|\n|poke|p1|Gholdengo, L50|\n|poke|p1|Baxcalibur, L50, M|\n|poke|p1|Chien-Pao, L50|\n|poke|p2|Hatterene, L50, F|\n|poke|p2|Azumarill, L50, M|\n|poke|p2|Torkoal, L50, M|\n|poke|p2|Kingambit, L50, M|\n|poke|p2|Iron Hands, L50|\n|poke|p2|Stantler, L50, M|\n|teampreview|4\njeffman323 has agreed to open team sheets.\ninfinite 630 has agreed to open team sheets.\n|j| THUNDERSND77\n|\n|t:|1682522534\n|start\n|switch|p1a: Palafin|Palafin, L50, F|100\/100\n|switch|p1b: Gholdengo|Gholdengo, L50|100\/100\n|switch|p2a: Iron Hands|Iron Hands, L50|100\/100\n|switch|p2b: Hatterene|Hatterene, L50, F|100\/100\n|turn|1\n|\n|t:|1682522556\n|detailschange|p1a: Palafin|Palafin-Hero, L50, F\n|switch|p1a: Amoonguss|Amoonguss, L50, M|100\/100\n|-terastallize|p2b: Hatterene|Fire\n|move|p2a: Iron Hands|Fake Out|p1a: Amoonguss\n|-damage|p1a: Amoonguss|86\/100\n|move|p1b: Gholdengo|Nasty Plot|p1b: Gholdengo\n|-boost|p1b: Gholdengo|spa|2\n|move|p2b: Hatterene|Trick Room|p2b: Hatterene\n|-fieldstart|move: Trick Room|[of] p2b: Hatterene\n|\n|upkeep\n|turn|2\n|\n|t:|1682522571\n|-end|p2a: Iron Hands|Quark Drive|[silent]\n|switch|p2a: Kingambit|Kingambit, L50, M|100\/100\n|move|p2b: Hatterene|Psychic|p1a: Amoonguss\n|-supereffective|p1a: Amoonguss\n|-damage|p1a: Amoonguss|0 fnt\n|faint|p1a: Amoonguss\n|move|p1b: Gholdengo|Nasty Plot|p1b: Gholdengo\n|-boost|p1b: Gholdengo|spa|2\n|\n|upkeep\n|\n|t:|1682522580\n|switch|p1a: Palafin|Palafin-Hero, L50, F|100\/100\n|-activate|p1a: Palafin|ability: Zero to Hero\n|turn|3\n|\n|t:|1682522615\n|-terastallize|p1b: Gholdengo|Water\n|move|p1a: Palafin|Jet Punch|p2b: Hatterene\n|-supereffective|p2b: Hatterene\n|-damage|p2b: Hatterene|11\/100\n|move|p2b: Hatterene|Dazzling Gleam|p1a: Palafin|[spread] p1a,p1b\n|-damage|p1a: Palafin|65\/100\n|-damage|p1b: Gholdengo|70\/100\n|move|p2a: Kingambit|Kowtow Cleave|p1b: Gholdengo\n|-damage|p1b: Gholdengo|28\/100\n|move|p1b: Gholdengo|Make It Rain|p2a: Kingambit|[spread] p2a,p2b\n|-resisted|p2a: Kingambit\n|-resisted|p2b: Hatterene\n|-damage|p2a: Kingambit|43\/100\n|-damage|p2b: Hatterene|0 fnt\n|-unboost|p1b: Gholdengo|spa|1\n|faint|p2b: Hatterene\n|\n|-heal|p1b: Gholdengo|34\/100|[from] item: Leftovers\n|upkeep\n|\n|t:|1682522627\n|switch|p2b: Torkoal|Torkoal, L50, M|100\/100\n|-weather|SunnyDay|[from] ability: Drought|[of] p2b: Torkoal\n|turn|4\n|\n|t:|1682522654\n|switch|p2a: Iron Hands|Iron Hands, L50|100\/100\n|move|p1b: Gholdengo|Protect|p1b: Gholdengo\n|-singleturn|p1b: Gholdengo|Protect\n|move|p1a: Palafin|Protect|p1a: Palafin\n|-singleturn|p1a: Palafin|Protect\n|move|p2b: Torkoal|Eruption|p1a: Palafin|[spread] \n|-activate|p1a: Palafin|move: Protect\n|-activate|p1b: Gholdengo|move: Protect\n|\n|-weather|SunnyDay|[upkeep]\n|-heal|p1b: Gholdengo|40\/100|[from] item: Leftovers\n|upkeep\n|turn|5\n|\n|t:|1682522672\n|switch|p1a: Baxcalibur|Baxcalibur, L50, M|100\/100\n|move|p2a: Iron Hands|Fake Out|p1a: Baxcalibur\n|-damage|p1a: Baxcalibur|85\/100\n|move|p2b: Torkoal|Eruption|p1a: Baxcalibur|[spread] p1a,p1b\n|-resisted|p1b: Gholdengo\n|-damage|p1a: Baxcalibur|14\/100\n|-damage|p1b: Gholdengo|0 fnt\n|-ability|p1a: Baxcalibur|Thermal Exchange|boost\n|-boost|p1a: Baxcalibur|atk|1\n|faint|p1b: Gholdengo\n|\n|-weather|SunnyDay|[upkeep]\n|-fieldend|move: Trick Room\n|upkeep\n|\n|t:|1682522683\n|switch|p1b: Palafin|Palafin-Hero, L50, F|65\/100\n|turn|6\n|\n|t:|1682522692\n|move|p2b: Torkoal|Protect|p2b: Torkoal\n|-singleturn|p2b: Torkoal|Protect\n|move|p1b: Palafin|Wave Crash|p2b: Torkoal\n|-activate|p2b: Torkoal|move: Protect\n|move|p1a: Baxcalibur|Glaive Rush|p2a: Iron Hands\n|-crit|p2a: Iron Hands\n|-damage|p2a: Iron Hands|3\/100\n|-singlemove|p1a: Baxcalibur|Glaive Rush|[silent]\n|move|p2a: Iron Hands|Earthquake|p1a: Baxcalibur|[spread] p1a,p1b\n|-activate|p2b: Torkoal|move: Protect\n|-damage|p1a: Baxcalibur|0 fnt\n|-damage|p1b: Palafin|38\/100\n|-enditem|p1b: Palafin|Sitrus Berry|[eat]\n|-heal|p1b: Palafin|63\/100|[from] item: Sitrus Berry\n|faint|p1a: Baxcalibur\n|\n|-weather|SunnyDay|[upkeep]\n|upkeep\n|turn|7\n|\n|t:|1682522712\n|move|p1b: Palafin|Wave Crash|p2b: Torkoal\n|-supereffective|p2b: Torkoal\n|-crit|p2b: Torkoal\n|-damage|p2b: Torkoal|9\/100\n|-damage|p1b: Palafin|36\/100|[from] Recoil\n|move|p2a: Iron Hands|Thunder Punch|p1b: Palafin\n|-supereffective|p1b: Palafin\n|-damage|p1b: Palafin|0 fnt\n|faint|p1b: Palafin\n|\n|win|jeffman323\n|raw|infinite 630's rating: 1549 → 1531<\/strong> (-18 for losing)\n|raw|jeffman323's rating: 1582 → 1600<\/strong> (+18 for winning)\n|l|\u2606infinite 630\n","uploadtime":1682522722,"views":13,"p1id":"infinite630","p2id":"jeffman323","formatid":"gen9vgc2023regulationc","rating":1531,"private":0,"password":""}