{"id":"gen9vgc2023regulationc-1851224296","p1":"gundojuan8","p2":"haha u rage quit","format":"[Gen 9] VGC 2023 Regulation C","log":"|j|\u2606gundojuan8\n|j|\u2606haha u rage quit\n|t:|1682426907\n|gametype|doubles\n|player|p1|gundojuan8|ethan|1192\n|player|p2|haha u rage quit|pokemaniac|1211\n|teamsize|p1|6\n|teamsize|p2|6\n|gen|9\n|tier|[Gen 9] VGC 2023 Regulation C\n|rated|\n|rule|Species Clause: Limit one of each Pok\u00e9mon\n|rule|Item Clause: Limit one of each item\n|clearpoke\n|poke|p1|Farigiraf, L50, F|\n|poke|p1|Scizor, L50, F|\n|poke|p1|Iron Bundle, L50|\n|poke|p1|Chi-Yu, L50|\n|poke|p1|Flutter Mane, L50|\n|poke|p1|Iron Hands, L50|\n|poke|p2|Iron Bundle, L50|\n|poke|p2|Abomasnow, L50, M|\n|poke|p2|Indeedee-F, L50, F|\n|poke|p2|Armarouge, L50, M|\n|poke|p2|Tatsugiri, L50, M|\n|poke|p2|Dondozo, L50, M|\n|teampreview|4\n|inactive|Battle timer is ON: inactive players will automatically lose when time's up. (requested by gundojuan8)\n|j| AceTrainerBanjo\n|inactive|gundojuan8 has 60 seconds left.\n|inactive|haha u rage quit has 60 seconds left.\n|\n|t:|1682426951\n|start\n|switch|p1a: Chi-Yu|Chi-Yu, L50|100\/100\n|switch|p1b: Flutter Mane|Flutter Mane, L50, shiny|100\/100\n|switch|p2a: Indeedee|Indeedee-F, L50, F|100\/100\n|switch|p2b: Armarouge|Armarouge, L50, M|100\/100\n|-ability|p1a: Chi-Yu|Beads of Ruin\n|-fieldstart|move: Psychic Terrain|[from] ability: Psychic Surge|[of] p2a: Indeedee\n|turn|1\n|inactive|haha u rage quit has 30 seconds left.\n|inactive|gundojuan8 has 30 seconds left.\n|\n|t:|1682426984\n|-terastallize|p2a: Indeedee|Fairy\n|move|p2a: Indeedee|Follow Me|p2a: Indeedee\n|-singleturn|p2a: Indeedee|move: Follow Me\n|move|p1b: Flutter Mane|Dazzling Gleam|p2a: Indeedee|[spread] p2a,p2b\n|-resisted|p2b: Armarouge\n|-damage|p2a: Indeedee|57\/100\n|-damage|p2b: Armarouge|75\/100\n|move|p1a: Chi-Yu|Dark Pulse|p2a: Indeedee\n|-resisted|p2a: Indeedee\n|-damage|p2a: Indeedee|29\/100\n|move|p2b: Armarouge|Trick Room|p2b: Armarouge\n|-fieldstart|move: Trick Room|[of] p2b: Armarouge\n|\n|upkeep\n|turn|2\n|\n|t:|1682427003\n|move|p1a: Chi-Yu|Protect|p1a: Chi-Yu\n|-singleturn|p1a: Chi-Yu|Protect\n|move|p2b: Armarouge|Expanding Force|p1b: Flutter Mane|[spread] p1b\n|-activate|p1a: Chi-Yu|move: Protect\n|-enditem|p1b: Flutter Mane|Focus Sash\n|-damage|p1b: Flutter Mane|1\/100\n|-damage|p2b: Armarouge|66\/100|[from] item: Life Orb\n|move|p2a: Indeedee|Dazzling Gleam|p1b: Flutter Mane|[spread] p1b\n|-activate|p1a: Chi-Yu|move: Protect\n|-damage|p1b: Flutter Mane|0 fnt\n|faint|p1b: Flutter Mane\n|-end|p1b: Flutter Mane|Protosynthesis|[silent]\n|\n|upkeep\n|\n|t:|1682427014\n|switch|p1b: Farigiraf|Farigiraf, L50, F|100\/100\n|turn|3\n|\n|t:|1682427036\n|switch|p1a: Scizor|Scizor, L50, F|100\/100\n|move|p2b: Armarouge|Destiny Bond|p2b: Armarouge\n|-singlemove|p2b: Armarouge|Destiny Bond\n|move|p2a: Indeedee|Dazzling Gleam|p1a: Scizor|[spread] p1a,p1b\n|-resisted|p1a: Scizor\n|-damage|p1a: Scizor|89\/100\n|-damage|p1b: Farigiraf|81\/100\n|move|p1b: Farigiraf|Trick Room|p1b: Farigiraf\n|-fieldend|move: Trick Room\n|\n|upkeep\n|turn|4\n|inactive|gundojuan8 has 30 seconds left.\n|\n|t:|1682427066\n|-terastallize|p1b: Farigiraf|Normal\n|move|p2a: Indeedee|Helping Hand|p2b: Armarouge\n|-singleturn|p2b: Armarouge|Helping Hand|[of] p2a: Indeedee\n|move|p1a: Scizor|Close Combat|p2b: Armarouge\n|-resisted|p2b: Armarouge\n|-damage|p2b: Armarouge|41\/100\n|-unboost|p1a: Scizor|def|1\n|-unboost|p1a: Scizor|spd|1\n|-damage|p1a: Scizor|79\/100|[from] item: Life Orb\n|move|p1b: Farigiraf|Hyper Voice|p2a: Indeedee|[spread] p2a,p2b\n|-damage|p2a: Indeedee|0 fnt\n|-damage|p2b: Armarouge|0 fnt\n|faint|p2a: Indeedee\n|faint|p2b: Armarouge\n|-activate|p2b: Armarouge|move: Destiny Bond\n|faint|p1b: Farigiraf\n|\n|upkeep\n|\n|t:|1682427084\n|switch|p2a: Dondozo|Dondozo, L50, M|100\/100\n|switch|p1b: Chi-Yu|Chi-Yu, L50|100\/100\n|switch|p2b: Tatsugiri|Tatsugiri, L50, M|100\/100\n|-activate|p2b: Tatsugiri|ability: Commander|[of] p2a: Dondozo\n|-boost|p2a: Dondozo|atk|2\n|-boost|p2a: Dondozo|spa|2\n|-boost|p2a: Dondozo|spe|2\n|-boost|p2a: Dondozo|def|2\n|-boost|p2a: Dondozo|spd|2\n|-ability|p1b: Chi-Yu|Beads of Ruin\n|turn|5\n|\n|t:|1682427102\n|move|p2a: Dondozo|Earthquake|p1b: Chi-Yu|[spread] p1a,p1b\n|-miss|p2a: Dondozo|p2b: Tatsugiri\n|-supereffective|p1b: Chi-Yu\n|-damage|p1a: Scizor|4\/100\n|-damage|p1b: Chi-Yu|0 fnt\n|faint|p1b: Chi-Yu\n|move|p1a: Scizor|Tailwind|p1a: Scizor\n|-sidestart|p1: gundojuan8|move: Tailwind\n|\n|-fieldend|move: Psychic Terrain\n|upkeep\n|turn|6\n|-message|gundojuan8 forfeited.\n|\n|win|haha u rage quit\n|raw|gundojuan8's rating: 1192 → 1168<\/strong> (-24 for losing)\n|raw|haha u rage quit's rating: 1211 → 1235<\/strong> (+24 for winning)\n|l|\u2606gundojuan8\n","uploadtime":1682427128,"views":12,"p1id":"gundojuan8","p2id":"hahauragequit","formatid":"gen9vgc2023regulationc","rating":1168,"private":0,"password":""}