{"id":"gen9vgc2023regulationc-1848677879","p1":"Jalapeppah","p2":"ApoloVGCfumada","format":"[Gen 9] VGC 2023 Regulation C","log":"|j|\u2606Jalapeppah\n|j|\u2606ApoloVGCfumada\n|t:|1682100041\n|gametype|doubles\n|player|p1|Jalapeppah|flint|1397\n|player|p2|ApoloVGCfumada|lucas|1542\n|teamsize|p1|6\n|teamsize|p2|6\n|gen|9\n|tier|[Gen 9] VGC 2023 Regulation C\n|rated|\n|rule|Species Clause: Limit one of each Pok\u00e9mon\n|rule|Item Clause: Limit one of each item\n|clearpoke\n|poke|p1|Tyranitar, L50, F|\n|poke|p1|Lycanroc, L50, F|\n|poke|p1|Flutter Mane, L50|\n|poke|p1|Chi-Yu, L50|\n|poke|p1|Gastrodon-East, L50, M|\n|poke|p1|Salamence, L50, F|\n|poke|p2|Grimmsnarl, L50, M|\n|poke|p2|Volcarona, L50, F|\n|poke|p2|Gyarados, L50, M|\n|poke|p2|Dragonite, L50, M|\n|poke|p2|Wo-Chien, L50|\n|poke|p2|Flutter Mane, L50|\n|teampreview|4\nApoloVGCfumada has agreed to open team sheets.\n|inactive|Battle timer is ON: inactive players will automatically lose when time's up. (requested by Jalapeppah)\n|\n|t:|1682100091\n|start\n|switch|p1a: Ttar|Tyranitar, L50, F|100\/100\n|switch|p1b: Lycanroc|Lycanroc, L50, F|100\/100\n|switch|p2a: Grimmsnarl|Grimmsnarl, L50, M|100\/100\n|switch|p2b: Flutter Mane|Flutter Mane, L50|100\/100\n|-weather|Sandstorm|[from] ability: Sand Stream|[of] p1a: Ttar\n|-enditem|p2b: Flutter Mane|Booster Energy\n|-activate|p2b: Flutter Mane|ability: Protosynthesis|[fromitem]\n|-start|p2b: Flutter Mane|protosynthesisspa\n|turn|1\n|\n|t:|1682100113\n|-end|p2b: Flutter Mane|Protosynthesis|[silent]\n|switch|p2b: Wo-Chien|Wo-Chien, L50|100\/100\n|-ability|p2b: Wo-Chien|Tablets of Ruin\n|move|p1b: Lycanroc|Protect|p1b: Lycanroc\n|-singleturn|p1b: Lycanroc|Protect\n|move|p2a: Grimmsnarl|Reflect|p2a: Grimmsnarl\n|-sidestart|p2: ApoloVGCfumada|Reflect\n|move|p1a: Ttar|Rock Slide|p2b: Wo-Chien|[spread] p2b\n|-miss|p1a: Ttar|p2a: Grimmsnarl\n|-damage|p2b: Wo-Chien|89\/100\n|\n|-weather|Sandstorm|[upkeep]\n|-damage|p2b: Wo-Chien|82\/100|[from] Sandstorm\n|-damage|p2a: Grimmsnarl|94\/100|[from] Sandstorm\n|upkeep\n|turn|2\n|inactive|Jalapeppah has 30 seconds left.\n|inactive|ApoloVGCfumada has 30 seconds left.\n|inactive|Jalapeppah has 20 seconds left.\n|\n|t:|1682100148\n|move|p2a: Grimmsnarl|Thunder Wave|p1b: Lycanroc\n|-status|p1b: Lycanroc|par\n|move|p1b: Lycanroc|Rock Slide|p2b: Wo-Chien|[spread] p2a,p2b\n|-damage|p2a: Grimmsnarl|80\/100\n|-damage|p2b: Wo-Chien|71\/100\n|move|p1a: Ttar|Rock Slide|p2a: Grimmsnarl|[spread] p2a,p2b\n|-damage|p2a: Grimmsnarl|66\/100\n|-damage|p2b: Wo-Chien|60\/100\n|move|p2b: Wo-Chien|Leech Seed|p1a: Ttar\n|-start|p1a: Ttar|move: Leech Seed\n|\n|-weather|Sandstorm|[upkeep]\n|-damage|p2b: Wo-Chien|54\/100|[from] Sandstorm\n|-damage|p2a: Grimmsnarl|60\/100|[from] Sandstorm\n|-damage|p1a: Ttar|88\/100|[from] Leech Seed|[of] p2b: Wo-Chien\n|-heal|p2b: Wo-Chien|66\/100|[silent]\n|upkeep\n|turn|3\n|inactive|ApoloVGCfumada has 30 seconds left.\n|\n|t:|1682100178\n|switch|p1a: Gastrodon|Gastrodon-East, L50, M|100\/100\n|move|p1b: Lycanroc|Rock Slide|p2b: Wo-Chien|[spread] p2a,p2b\n|-damage|p2a: Grimmsnarl|45\/100\n|-damage|p2b: Wo-Chien|55\/100\n|move|p2b: Wo-Chien|Pollen Puff|p2a: Grimmsnarl\n|-heal|p2a: Grimmsnarl|95\/100\n|move|p2a: Grimmsnarl|Spirit Break|p1b: Lycanroc\n|-damage|p1b: Lycanroc|60\/100 par\n|-unboost|p1b: Lycanroc|spa|1\n|\n|-weather|Sandstorm|[upkeep]\n|-damage|p2b: Wo-Chien|48\/100|[from] Sandstorm\n|-damage|p2a: Grimmsnarl|89\/100|[from] Sandstorm\n|-enditem|p2b: Wo-Chien|Sitrus Berry|[eat]\n|-heal|p2b: Wo-Chien|73\/100|[from] item: Sitrus Berry\n|upkeep\n|turn|4\n|inactive|Jalapeppah has 30 seconds left.\n|inactive|Jalapeppah has 20 seconds left.\n|inactive|Jalapeppah has 15 seconds left.\n|\n|t:|1682100221\n|move|p1b: Lycanroc|Rock Slide|p2b: Wo-Chien|[spread] p2a,p2b\n|-damage|p2a: Grimmsnarl|74\/100\n|-damage|p2b: Wo-Chien|63\/100\n|move|p2b: Wo-Chien|Leech Seed|p1a: Gastrodon\n|-start|p1a: Gastrodon|move: Leech Seed\n|move|p2a: Grimmsnarl|Spirit Break|p1b: Lycanroc\n|-damage|p1b: Lycanroc|24\/100 par\n|-unboost|p1b: Lycanroc|spa|1\n|move|p1a: Gastrodon|Icy Wind|p2a: Grimmsnarl|[spread] p2a,p2b\n|-supereffective|p2b: Wo-Chien\n|-damage|p2a: Grimmsnarl|63\/100\n|-damage|p2b: Wo-Chien|50\/100\n|-unboost|p2a: Grimmsnarl|spe|1\n|-unboost|p2b: Wo-Chien|spe|1\n|\n|-weather|Sandstorm|[upkeep]\n|-damage|p2b: Wo-Chien|44\/100|[from] Sandstorm\n|-damage|p2a: Grimmsnarl|57\/100|[from] Sandstorm\n|-damage|p1a: Gastrodon|88\/100|[from] Leech Seed|[of] p2b: Wo-Chien\n|-heal|p2b: Wo-Chien|58\/100|[silent]\n|upkeep\n|turn|5\n|j| ylmao\n|inactive|ApoloVGCfumada has 30 seconds left.\n|inactive|ApoloVGCfumada has 20 seconds left.\n|\n|t:|1682100257\n|switch|p1a: Flutter Mane|Flutter Mane, L50|100\/100\n|-enditem|p1a: Flutter Mane|Booster Energy\n|-activate|p1a: Flutter Mane|ability: Protosynthesis|[fromitem]\n|-start|p1a: Flutter Mane|protosynthesisspa\n|move|p2b: Wo-Chien|Protect|p2b: Wo-Chien\n|-singleturn|p2b: Wo-Chien|Protect\n|move|p2a: Grimmsnarl|Light Screen|p2a: Grimmsnarl\n|-sidestart|p2: ApoloVGCfumada|move: Light Screen\n|cant|p1b: Lycanroc|par\n|\n|-weather|none\n|upkeep\n|turn|6\n|inactive|ApoloVGCfumada has 30 seconds left.\n|\n|t:|1682100291\n|-end|p1a: Flutter Mane|Protosynthesis|[silent]\n|switch|p1a: Ttar|Tyranitar, L50, F|88\/100\n|-weather|Sandstorm|[from] ability: Sand Stream|[of] p1a: Ttar\n|-terastallize|p2b: Wo-Chien|Poison\n|move|p2a: Grimmsnarl|Thunder Wave|p1a: Ttar\n|-hint|Since gen 7, Dark is immune to Prankster moves.\n|-immune|p1a: Ttar\n|cant|p1b: Lycanroc|par\n|move|p2b: Wo-Chien|Leech Seed|p1a: Ttar|[miss]\n|-miss|p2b: Wo-Chien|p1a: Ttar\n|\n|-weather|Sandstorm|[upkeep]\n|-damage|p2b: Wo-Chien|52\/100|[from] Sandstorm\n|-damage|p2a: Grimmsnarl|51\/100|[from] Sandstorm\n|upkeep\n|turn|7\n|\n|t:|1682100309\n|move|p1b: Lycanroc|Endeavor|p2a: Grimmsnarl\n|-damage|p2a: Grimmsnarl|18\/100\n|move|p1a: Ttar|Rock Slide|p2a: Grimmsnarl|[spread] p2a,p2b\n|-damage|p2a: Grimmsnarl|3\/100\n|-damage|p2b: Wo-Chien|39\/100\n|cant|p2b: Wo-Chien|flinch\n|move|p2a: Grimmsnarl|Spirit Break|p1b: Lycanroc\n|-damage|p1b: Lycanroc|0 fnt\n|faint|p1b: Lycanroc\n|\n|-weather|Sandstorm|[upkeep]\n|-damage|p2b: Wo-Chien|32\/100|[from] Sandstorm\n|-damage|p2a: Grimmsnarl|0 fnt|[from] Sandstorm\n|faint|p2a: Grimmsnarl\n|upkeep\n|\n|t:|1682100328\n|switch|p1b: Gastrodon|Gastrodon-East, L50, M|88\/100\n|switch|p2a: Volcarona|Volcarona, L50, F|100\/100\n|turn|8\n|\n|t:|1682100337\n|-terastallize|p1b: Gastrodon|Fire\n|move|p2a: Volcarona|Protect|p2a: Volcarona\n|-singleturn|p2a: Volcarona|Protect\n|move|p1a: Ttar|Rock Slide|p2a: Volcarona|[spread] \n|-activate|p2a: Volcarona|move: Protect\n|-miss|p1a: Ttar|p2b: Wo-Chien\n|move|p2b: Wo-Chien|Leech Seed|p1a: Ttar\n|-start|p1a: Ttar|move: Leech Seed\n|move|p1b: Gastrodon|Earth Power|p2b: Wo-Chien\n|-supereffective|p2b: Wo-Chien\n|-crit|p2b: Wo-Chien\n|-damage|p2b: Wo-Chien|0 fnt\n|faint|p2b: Wo-Chien\n|\n|-weather|Sandstorm|[upkeep]\n|-damage|p2a: Volcarona|94\/100|[from] Sandstorm\n|-damage|p1b: Gastrodon|82\/100|[from] Sandstorm\n|-heal|p2a: Volcarona|100\/100|[from] item: Leftovers\n|-heal|p1b: Gastrodon|88\/100|[from] item: Leftovers\n|-sideend|p2: ApoloVGCfumada|Reflect\n|upkeep\n|\n|t:|1682100354\n|switch|p2b: Flutter Mane|Flutter Mane, L50|100\/100\n|turn|9\n|\n|t:|1682100362\n|move|p2b: Flutter Mane|Moonblast|p1a: Ttar\n|-supereffective|p1a: Ttar\n|-crit|p1a: Ttar\n|-damage|p1a: Ttar|22\/100\n|move|p2a: Volcarona|Giga Drain|p1a: Ttar\n|-supereffective|p1a: Ttar\n|-damage|p1a: Ttar|1\/100\n|move|p1a: Ttar|Rock Slide|p2a: Volcarona|[spread] p2a\n|-miss|p1a: Ttar|p2b: Flutter Mane\n|-supereffective|p2a: Volcarona\n|-damage|p2a: Volcarona|0 fnt\n|faint|p2a: Volcarona\n|move|p1b: Gastrodon|Icy Wind|p2b: Flutter Mane\n|-damage|p2b: Flutter Mane|91\/100\n|-unboost|p2b: Flutter Mane|spe|1\n|\n|-weather|Sandstorm|[upkeep]\n|-damage|p2b: Flutter Mane|84\/100|[from] Sandstorm\n|-damage|p1b: Gastrodon|82\/100|[from] Sandstorm\n|-heal|p1b: Gastrodon|88\/100|[from] item: Leftovers\n|-damage|p1a: Ttar|0 fnt|[from] Leech Seed|[of] p2b: Flutter Mane\n|-heal|p2b: Flutter Mane|85\/100|[silent]\n|faint|p1a: Ttar\n|upkeep\n|\n|t:|1682100379\n|switch|p1a: Flutter Mane|Flutter Mane, L50|100\/100\n|turn|10\n|-message|ApoloVGCfumada forfeited.\n|\n|win|Jalapeppah\n|raw|Jalapeppah's rating: 1397 → 1425<\/strong> (+28 for winning)\n|raw|ApoloVGCfumada's rating: 1542 → 1514<\/strong> (-28 for losing)\n|l|\u2606ApoloVGCfumada\n","uploadtime":1682100385,"views":8,"p1id":"jalapeppah","p2id":"apolovgcfumada","formatid":"gen9vgc2023regulationc","rating":1425,"private":0,"password":""}