{"id":"gen9vgc2023regulationc-1863034150","p1":"LegendBtw","p2":"ZoryaPet","format":"[Gen 9] VGC 2023 Regulation C","log":"|j|\u2606LegendBtw\n|j|\u2606ZoryaPet\n|t:|1683956116\n|gametype|doubles\n|player|p1|LegendBtw|red-gen1|\n|player|p2|ZoryaPet|roxie|\n|teamsize|p1|6\n|teamsize|p2|6\n|gen|9\n|tier|[Gen 9] VGC 2023 Regulation C\n|rule|Species Clause: Limit one of each Pok\u00e9mon\n|rule|Item Clause: Limit one of each item\n|clearpoke\n|poke|p1|Iron Bundle, L50|\n|poke|p1|Abomasnow, L50, F|\n|poke|p1|Chi-Yu, L50|\n|poke|p1|Flutter Mane, L50|\n|poke|p1|Dragonite, L50, M|\n|poke|p1|Great Tusk, L50|\n|poke|p2|Gyarados, L50, F|\n|poke|p2|Flutter Mane, L50|\n|poke|p2|Gholdengo, L50|\n|poke|p2|Amoonguss, L50, M|\n|poke|p2|Murkrow, L50, F|\n|poke|p2|Great Tusk, L50|\n|teampreview|4\nLegendBtw has agreed to open team sheets.\nZoryaPet has agreed to open team sheets.\n|\n|t:|1683956195\n|start\n|switch|p1a: Chi-Yu|Chi-Yu, L50|100\/100\n|switch|p1b: Iron Bundle|Iron Bundle, L50|100\/100\n|switch|p2a: Gholdengo|Gholdengo, L50|100\/100\n|switch|p2b: Murkrow|Murkrow, L50, F|100\/100\n|-ability|p1a: Chi-Yu|Beads of Ruin\n|-enditem|p1b: Iron Bundle|Booster Energy\n|-activate|p1b: Iron Bundle|ability: Quark Drive|[fromitem]\n|-start|p1b: Iron Bundle|quarkdrivespe\n|turn|1\n|\n|t:|1683956228\n|-terastallize|p2a: Gholdengo|Water\n|move|p2b: Murkrow|Tailwind|p2b: Murkrow\n|-sidestart|p2: ZoryaPet|move: Tailwind\n|move|p1b: Iron Bundle|Freeze-Dry|p2a: Gholdengo\n|-supereffective|p2a: Gholdengo\n|-damage|p2a: Gholdengo|17\/100\n|move|p2a: Gholdengo|Nasty Plot|p2a: Gholdengo\n|-boost|p2a: Gholdengo|spa|2\n|move|p1a: Chi-Yu|Dark Pulse|p2a: Gholdengo\n|-damage|p2a: Gholdengo|0 fnt\n|faint|p2a: Gholdengo\n|\n|upkeep\n|\n|t:|1683956249\n|switch|p2a: Con ma|Flutter Mane, L50|100\/100\n|turn|2\n|\n|t:|1683956296\n|move|p2a: Con ma|Dazzling Gleam|p1a: Chi-Yu|[spread] p1a,p1b\n|-damage|p1a: Chi-Yu|55\/100\n|-damage|p1b: Iron Bundle|6\/100\n|move|p1b: Iron Bundle|Freeze-Dry|p2a: Con ma\n|-damage|p2a: Con ma|55\/100\n|move|p2b: Murkrow|Foul Play|p1b: Iron Bundle\n|-damage|p1b: Iron Bundle|0 fnt\n|faint|p1b: Iron Bundle\n|-end|p1b: Iron Bundle|Quark Drive|[silent]\n|move|p1a: Chi-Yu|Heat Wave|p2b: Murkrow|[spread] p2a,p2b\n|-damage|p2a: Con ma|8\/100\n|-damage|p2b: Murkrow|55\/100\n|\n|upkeep\n|\n|t:|1683956307\n|switch|p1b: Abomasnow|Abomasnow, L50, F|100\/100\n|-weather|Snow|[from] ability: Snow Warning|[of] p1b: Abomasnow\n|turn|3\n|\n|t:|1683956322\n|move|p1a: Chi-Yu|Protect|p1a: Chi-Yu\n|-singleturn|p1a: Chi-Yu|Protect\n|move|p2b: Murkrow|Sunny Day|p2b: Murkrow\n|-weather|SunnyDay\n|-activate|p2a: Con ma|ability: Protosynthesis\n|-start|p2a: Con ma|protosynthesisspa\n|move|p2a: Con ma|Dazzling Gleam|p1a: Chi-Yu|[spread] p1b\n|-activate|p1a: Chi-Yu|move: Protect\n|-damage|p1b: Abomasnow|16\/100\n|move|p1b: Abomasnow|Blizzard|p2b: Murkrow|[spread] p2a\n|-miss|p1b: Abomasnow|p2b: Murkrow\n|-damage|p2a: Con ma|0 fnt\n|faint|p2a: Con ma\n|-end|p2a: Con ma|Protosynthesis|[silent]\n|-damage|p1b: Abomasnow|7\/100|[from] item: Life Orb\n|\n|-weather|SunnyDay|[upkeep]\n|upkeep\n|\n|t:|1683956326\n|switch|p2a: Great Tusk|Great Tusk, L50|100\/100\n|-activate|p2a: Great Tusk|ability: Protosynthesis\n|-start|p2a: Great Tusk|protosynthesisatk\n|turn|4\n|\n|t:|1683956353\n|-terastallize|p1a: Chi-Yu|Grass\n|move|p2a: Great Tusk|Earthquake|p1b: Abomasnow|[spread] p1a,p1b\n|-immune|p2b: Murkrow\n|-resisted|p1a: Chi-Yu\n|-resisted|p1b: Abomasnow\n|-damage|p1a: Chi-Yu|16\/100\n|-damage|p1b: Abomasnow|0 fnt\n|faint|p1b: Abomasnow\n|move|p2b: Murkrow|Foul Play|p1a: Chi-Yu\n|-damage|p1a: Chi-Yu|0 fnt\n|faint|p1a: Chi-Yu\n|\n|-weather|SunnyDay|[upkeep]\n|-sideend|p2: ZoryaPet|move: Tailwind\n|upkeep\n|\n|t:|1683956357\n|switch|p1b: Flutter Mane|Flutter Mane, L50|100\/100\n|-activate|p1b: Flutter Mane|ability: Protosynthesis\n|-start|p1b: Flutter Mane|protosynthesisspe\n|turn|5\n|\n|t:|1683956371\n|move|p2b: Murkrow|Tailwind|p2b: Murkrow\n|-sidestart|p2: ZoryaPet|move: Tailwind\n|move|p2a: Great Tusk|Earthquake|p1b: Flutter Mane|[spread] p1b\n|-immune|p2b: Murkrow\n|-damage|p1b: Flutter Mane|16\/100\n|move|p1b: Flutter Mane|Dazzling Gleam|p2b: Murkrow|[spread] p2a,p2b\n|-supereffective|p2a: Great Tusk\n|-supereffective|p2b: Murkrow\n|-damage|p2a: Great Tusk|0 fnt\n|-damage|p2b: Murkrow|0 fnt\n|faint|p2a: Great Tusk\n|-end|p2a: Great Tusk|Protosynthesis|[silent]\n|faint|p2b: Murkrow\n|\n|win|LegendBtw\n|c|\u2606LegendBtw|GG\n","uploadtime":1683956377,"views":10,"p1id":"legendbtw","p2id":"zoryapet","formatid":"gen9vgc2023regulationc","rating":0,"private":0,"password":""}