{"id":"gen9vgc2023regulationc-1860213201","p1":"red13","p2":"Minimugs","format":"[Gen 9] VGC 2023 Regulation C","log":"|j|\u2606red13\n|j|\u2606Minimugs\n|t:|1683611346\n|gametype|doubles\n|player|p1|red13|266|1069\n|player|p2|Minimugs|steven|1000\n|teamsize|p1|6\n|teamsize|p2|6\n|gen|9\n|tier|[Gen 9] VGC 2023 Regulation C\n|rated|\n|rule|Species Clause: Limit one of each Pok\u00e9mon\n|rule|Item Clause: Limit one of each item\n|clearpoke\n|poke|p1|Iron Valiant, L50|\n|poke|p1|Indeedee-F, L50, F|\n|poke|p1|Dragonite, L50, M|\n|poke|p1|Lucario, L50, F|\n|poke|p1|Oranguru, L50, F|\n|poke|p1|Abomasnow, L50, M|\n|poke|p2|Annihilape, L50, F|\n|poke|p2|Armarouge, L50, F|\n|poke|p2|Indeedee-F, L50, F|\n|poke|p2|Great Tusk, L50|\n|poke|p2|Torkoal, L50, F|\n|poke|p2|Mimikyu, L50, F|\n|teampreview|4\n|inactive|Battle timer is ON: inactive players will automatically lose when time's up. (requested by Minimugs)\n|inactive|red13 has 60 seconds left.\n|\n|t:|1683611396\n|start\n|switch|p1a: Dragonite|Dragonite, L50, M|100\/100\n|switch|p1b: Lucario|Lucario, L50, F|100\/100\n|switch|p2a: Indeedee|Indeedee-F, L50, F|100\/100\n|switch|p2b: Mimikyu|Mimikyu, L50, F|100\/100\n|-fieldstart|move: Psychic Terrain|[from] ability: Psychic Surge|[of] p2a: Indeedee\n|turn|1\n|\n|t:|1683611417\n|move|p1b: Lucario|Meteor Mash|p2b: Mimikyu\n|-activate|p2b: Mimikyu|ability: Disguise\n|-damage|p2b: Mimikyu|100\/100\n|-boost|p1b: Lucario|atk|1\n|detailschange|p2b: Mimikyu|Mimikyu-Busted, L50, F\n|-damage|p2b: Mimikyu|88\/100|[from] pokemon: Mimikyu-Busted\n|move|p2b: Mimikyu|Swords Dance|p2b: Mimikyu\n|-boost|p2b: Mimikyu|atk|2\n|move|p1a: Dragonite|Stomping Tantrum|p2b: Mimikyu\n|-damage|p2b: Mimikyu|47\/100\n|-damage|p1a: Dragonite|91\/100|[from] item: Life Orb\n|move|p2a: Indeedee|Trick Room|p2a: Indeedee\n|-fieldstart|move: Trick Room|[of] p2a: Indeedee\n|\n|upkeep\n|turn|2\n|inactive|red13 has 30 seconds left.\n|inactive|red13 has 20 seconds left.\n|inactive|red13 has 15 seconds left.\n|\n|t:|1683611461\n|switch|p2a: Great Tusk|Great Tusk, L50|100\/100\n|switch|p1a: Abomasnow|Abomasnow, L50, M|100\/100\n|-weather|Snow|[from] ability: Snow Warning|[of] p1a: Abomasnow\n|move|p1b: Lucario|Protect|p1b: Lucario\n|-singleturn|p1b: Lucario|Protect\n|move|p2b: Mimikyu|Drain Punch|p1b: Lucario\n|-activate|p1b: Lucario|move: Protect\n|\n|-weather|Snow|[upkeep]\n|upkeep\n|turn|3\n|\n|t:|1683611482\n|switch|p2b: Torkoal|Torkoal, L50, F|100\/100\n|-weather|SunnyDay|[from] ability: Drought|[of] p2b: Torkoal\n|-activate|p2a: Great Tusk|ability: Protosynthesis\n|-start|p2a: Great Tusk|protosynthesisatk\n|move|p1b: Lucario|Extreme Speed|p2a: Great Tusk\n|-activate|p2a: Great Tusk|move: Psychic Terrain\n|move|p1a: Abomasnow|Blizzard|p2b: Torkoal|[spread] p2b\n|-miss|p1a: Abomasnow|p2a: Great Tusk\n|-resisted|p2b: Torkoal\n|-damage|p2b: Torkoal|77\/100\n|move|p2a: Great Tusk|Close Combat|p1b: Lucario\n|-supereffective|p1b: Lucario\n|-damage|p1b: Lucario|0 fnt\n|-unboost|p2a: Great Tusk|def|1\n|-unboost|p2a: Great Tusk|spd|1\n|faint|p1b: Lucario\n|\n|-weather|SunnyDay|[upkeep]\n|upkeep\n|\n|t:|1683611497\n|switch|p1b: Oranguru|Oranguru, L50, F|100\/100\n|turn|4\n|\n|t:|1683611511\n|move|p1a: Abomasnow|Protect|p1a: Abomasnow\n|-singleturn|p1a: Abomasnow|Protect\n|move|p1b: Oranguru|Yawn|p2b: Torkoal\n|-start|p2b: Torkoal|move: Yawn|[of] p1b: Oranguru\n|move|p2b: Torkoal|Eruption|p1a: Abomasnow|[spread] p1b\n|-activate|p1a: Abomasnow|move: Protect\n|-damage|p1b: Oranguru|53\/100\n|move|p2a: Great Tusk|Play Rough|p1b: Oranguru\n|-crit|p1b: Oranguru\n|-damage|p1b: Oranguru|0 fnt\n|faint|p1b: Oranguru\n|\n|-weather|SunnyDay|[upkeep]\n|upkeep\n|\n|t:|1683611513\n|switch|p1b: Dragonite|Dragonite, L50, M|91\/100\n|turn|5\n|inactive|Minimugs has 30 seconds left.\n|\n|t:|1683611540\n|switch|p2b: Mimikyu|Mimikyu-Busted, L50, F|47\/100\n|move|p1a: Abomasnow|Protect||[still]\n|-fail|p1a: Abomasnow\n|move|p2a: Great Tusk|Play Rough|p1b: Dragonite\n|-supereffective|p1b: Dragonite\n|-damage|p1b: Dragonite|13\/100\n|move|p1b: Dragonite|Stomping Tantrum|p2b: Mimikyu\n|-damage|p2b: Mimikyu|7\/100\n|-damage|p1b: Dragonite|4\/100|[from] item: Life Orb\n|\n|-weather|SunnyDay|[upkeep]\n|-fieldend|move: Trick Room\n|-fieldend|move: Psychic Terrain\n|upkeep\n|turn|6\n|\n|t:|1683611563\n|move|p2a: Great Tusk|Protect|p2a: Great Tusk\n|-singleturn|p2a: Great Tusk|Protect\n|move|p2b: Mimikyu|Drain Punch|p1a: Abomasnow\n|-supereffective|p1a: Abomasnow\n|-damage|p1a: Abomasnow|63\/100\n|-heal|p2b: Mimikyu|30\/100|[from] drain|[of] p1a: Abomasnow\n|move|p1b: Dragonite|Stomping Tantrum|p2a: Great Tusk\n|-activate|p2a: Great Tusk|move: Protect\n|move|p1a: Abomasnow|Blizzard|p2b: Mimikyu|[spread] p2b\n|-activate|p2a: Great Tusk|move: Protect\n|-damage|p2b: Mimikyu|0 fnt\n|faint|p2b: Mimikyu\n|\n|-weather|SunnyDay|[upkeep]\n|upkeep\n|\n|t:|1683611577\n|switch|p2b: Indeedee|Indeedee-F, L50, F|100\/100\n|-fieldstart|move: Psychic Terrain|[from] ability: Psychic Surge|[of] p2b: Indeedee\n|turn|7\n|\n|t:|1683611592\n|move|p1b: Dragonite|Dragon Claw|p2b: Indeedee\n|-damage|p2b: Indeedee|36\/100\n|-enditem|p2b: Indeedee|Sitrus Berry|[eat]\n|-heal|p2b: Indeedee|61\/100|[from] item: Sitrus Berry\n|-damage|p1b: Dragonite|0 fnt|[from] item: Life Orb\n|faint|p1b: Dragonite\n|move|p2a: Great Tusk|Play Rough|p1a: Abomasnow\n|-crit|p1a: Abomasnow\n|-damage|p1a: Abomasnow|0 fnt\n|faint|p1a: Abomasnow\n|\n|win|Minimugs\n|raw|red13's rating: 1069 → 1045<\/strong> (-24 for losing)\n|raw|Minimugs's rating: 1000 → 1048<\/strong> (+48 for winning)\n|l|\u2606red13\n|c|\u2606Minimugs|gg\n","uploadtime":1683611610,"views":9,"p1id":"red13","p2id":"minimugs","formatid":"gen9vgc2023regulationc","rating":1045,"private":0,"password":""}