{"id":"gen9vgc2023regulationc-1846821770","p1":"Blur123","p2":"xifri22","format":"[Gen 9] VGC 2023 Regulation C","log":"|j|\u2606Blur123\n|j|\u2606xifri22\n|t:|1681885423\n|gametype|doubles\n|player|p1|Blur123|101|1194\n|player|p2|xifri22|169|1129\n|teamsize|p1|6\n|teamsize|p2|6\n|gen|9\n|tier|[Gen 9] VGC 2023 Regulation C\n|rated|\n|rule|Species Clause: Limit one of each Pok\u00e9mon\n|rule|Item Clause: Limit one of each item\n|clearpoke\n|poke|p1|Tinkaton, L50, F|\n|poke|p1|Gyarados, L50, F|\n|poke|p1|Ceruledge, L50, M|\n|poke|p1|Arboliva, L50, M|\n|poke|p1|Goodra, L50, F|\n|poke|p1|Flutter Mane, L50|\n|poke|p2|Flutter Mane, L50|\n|poke|p2|Iron Moth, L50|\n|poke|p2|Garchomp, L50, F|\n|poke|p2|Rotom-Wash, L50|\n|poke|p2|Grimmsnarl, L50, M|\n|poke|p2|Brute Bonnet, L50|\n|teampreview|4\n|\n|t:|1681885446\n|start\n|switch|p1a: Tinkaton|Tinkaton, L50, F|100\/100\n|switch|p1b: Ceruledge|Ceruledge, L50, M|100\/100\n|switch|p2a: Garchomp|Garchomp, L50, F|100\/100\n|switch|p2b: Rotom|Rotom-Wash, L50|100\/100\n|-ability|p1a: Tinkaton|Mold Breaker\n|turn|1\n|\n|t:|1681885469\n|move|p1a: Tinkaton|Fake Out|p2b: Rotom\n|-damage|p2b: Rotom|92\/100\n|move|p2a: Garchomp|Earthquake|p1b: Ceruledge|[spread] p1a,p1b\n|-immune|p2b: Rotom|[from] ability: Levitate\n|-supereffective|p1a: Tinkaton\n|-crit|p1a: Tinkaton\n|-supereffective|p1b: Ceruledge\n|-damage|p1a: Tinkaton|0 fnt\n|-damage|p1b: Ceruledge|17\/100\n|faint|p1a: Tinkaton\n|cant|p2b: Rotom|flinch\n|move|p1b: Ceruledge|Bitter Blade|p2a: Garchomp\n|-resisted|p2a: Garchomp\n|-damage|p2a: Garchomp|82\/100\n|-heal|p1b: Ceruledge|30\/100|[from] drain|[of] p2a: Garchomp\n|-damage|p1b: Ceruledge|18\/100|[from] ability: Rough Skin|[of] p2a: Garchomp\n|\n|upkeep\n|\n|t:|1681885485\n|switch|p1a: Flutter Mane|Flutter Mane, L50|100\/100\n|-enditem|p1a: Flutter Mane|Booster Energy\n|-activate|p1a: Flutter Mane|ability: Protosynthesis|[fromitem]\n|-start|p1a: Flutter Mane|protosynthesisspe\n|turn|2\n|\n|t:|1681885500\n|-terastallize|p1a: Flutter Mane|Fairy\n|move|p1b: Ceruledge|Shadow Sneak|p2b: Rotom\n|-damage|p2b: Rotom|71\/100\n|move|p1a: Flutter Mane|Dazzling Gleam|p2b: Rotom|[spread] p2a,p2b\n|-supereffective|p2a: Garchomp\n|-damage|p2a: Garchomp|0 fnt\n|-damage|p2b: Rotom|21\/100\n|-enditem|p2b: Rotom|Sitrus Berry|[eat]\n|-heal|p2b: Rotom|46\/100|[from] item: Sitrus Berry\n|faint|p2a: Garchomp\n|move|p2b: Rotom|Discharge|p1a: Flutter Mane|[spread] p1a,p1b\n|-damage|p1a: Flutter Mane|67\/100\n|-damage|p1b: Ceruledge|0 fnt\n|faint|p1b: Ceruledge\n|\n|upkeep\n|\n|t:|1681885512\n|switch|p2a: Brute Bonnet|Brute Bonnet, L50|100\/100\n|switch|p1b: Goodra|Goodra, L50, F|100\/100\n|turn|3\n|\n|t:|1681885523\n|-terastallize|p2a: Brute Bonnet|Fire\n|move|p2b: Rotom|Protect|p2b: Rotom\n|-singleturn|p2b: Rotom|Protect\n|move|p1a: Flutter Mane|Dazzling Gleam|p2a: Brute Bonnet|[spread] p2a\n|-activate|p2b: Rotom|move: Protect\n|-resisted|p2a: Brute Bonnet\n|-damage|p2a: Brute Bonnet|89\/100\n|move|p1b: Goodra|Rock Slide|p2a: Brute Bonnet|[spread] p2a\n|-activate|p2b: Rotom|move: Protect\n|-supereffective|p2a: Brute Bonnet\n|-damage|p2a: Brute Bonnet|45\/100\n|cant|p2a: Brute Bonnet|flinch\n|\n|upkeep\n|turn|4\n|\n|t:|1681885548\n|move|p1a: Flutter Mane|Dazzling Gleam|p2a: Brute Bonnet|[spread] p2a,p2b\n|-resisted|p2a: Brute Bonnet\n|-damage|p2a: Brute Bonnet|34\/100\n|-damage|p2b: Rotom|2\/100\n|move|p2b: Rotom|Foul Play|p1a: Flutter Mane\n|-resisted|p1a: Flutter Mane\n|-damage|p1a: Flutter Mane|57\/100\n|move|p1b: Goodra|Rock Slide|p2a: Brute Bonnet|[spread] p2b\n|-miss|p1b: Goodra|p2a: Brute Bonnet\n|-damage|p2b: Rotom|0 fnt\n|faint|p2b: Rotom\n|move|p2a: Brute Bonnet|Tera Blast|p1a: Flutter Mane\n|-damage|p1a: Flutter Mane|0 fnt\n|faint|p1a: Flutter Mane\n|-end|p1a: Flutter Mane|Protosynthesis|[silent]\n|\n|upkeep\n|\n|t:|1681885560\n|switch|p2b: Iron Moth|Iron Moth, L50|100\/100\n|-enditem|p2b: Iron Moth|Booster Energy\n|-activate|p2b: Iron Moth|ability: Quark Drive|[fromitem]\n|-start|p2b: Iron Moth|quarkdrivespe\n|turn|5\n|\n|t:|1681885573\n|move|p2b: Iron Moth|Dazzling Gleam|p1b: Goodra\n|-supereffective|p1b: Goodra\n|-damage|p1b: Goodra|67\/100\n|move|p1b: Goodra|Rock Slide|p2a: Brute Bonnet|[spread] p2a,p2b\n|-supereffective|p2a: Brute Bonnet\n|-supereffective|p2b: Iron Moth\n|-damage|p2a: Brute Bonnet|0 fnt\n|-damage|p2b: Iron Moth|17\/100\n|faint|p2a: Brute Bonnet\n|-end|p2a: Brute Bonnet|Protosynthesis|[silent]\n|\n|upkeep\n|turn|6\n|\n|t:|1681885585\n|move|p2b: Iron Moth|Dazzling Gleam|p1b: Goodra\n|-supereffective|p1b: Goodra\n|-damage|p1b: Goodra|32\/100\n|move|p1b: Goodra|Rock Slide|p2b: Iron Moth\n|-supereffective|p2b: Iron Moth\n|-damage|p2b: Iron Moth|0 fnt\n|faint|p2b: Iron Moth\n|-end|p2b: Iron Moth|Quark Drive|[silent]\n|\n|win|Blur123\n|raw|Blur123's rating: 1194 → 1214<\/strong> (+20 for winning)\n|raw|xifri22's rating: 1129 → 1109<\/strong> (-20 for losing)\n|l|\u2606xifri22\n","uploadtime":1681885597,"views":9,"p1id":"blur123","p2id":"xifri22","formatid":"gen9vgc2023regulationc","rating":1109,"private":0,"password":""}