{"id":"gen9vgc2023regulationc-1858844536","p1":"Mavrjce","p2":"andy20648","format":"[Gen 9] VGC 2023 Regulation C","log":"|j|\u2606Mavrjce\n|j|\u2606andy20648\n|t:|1683372352\n|gametype|doubles\n|player|p1|Mavrjce|boarder|1091\n|player|p2|andy20648|266|1076\n|teamsize|p1|6\n|teamsize|p2|6\n|gen|9\n|tier|[Gen 9] VGC 2023 Regulation C\n|rated|\n|rule|Species Clause: Limit one of each Pok\u00e9mon\n|rule|Item Clause: Limit one of each item\n|clearpoke\n|poke|p1|Ceruledge, L50, F|\n|poke|p1|Orthworm, L50, M|\n|poke|p1|Garchomp, L50, M|\n|poke|p1|Talonflame, L50, F|\n|poke|p1|Gastrodon, L50, F|\n|poke|p1|Scizor, L50, M|\n|poke|p2|Breloom, L50, M|\n|poke|p2|Dragonite, L50, M|\n|poke|p2|Gyarados, L50, M|\n|poke|p2|Haunter, L50, M|\n|poke|p2|Tyranitar, L50, M|\n|poke|p2|Flutter Mane, L50|\n|teampreview|4\n|inactive|Battle timer is ON: inactive players will automatically lose when time's up. (requested by andy20648)\n|inactive|Mavrjce has 60 seconds left.\n|\n|t:|1683372421\n|start\n|switch|p1a: Talonflame|Talonflame, L50, F|100\/100\n|switch|p1b: Orthworm|Orthworm, L50, M|100\/100\n|switch|p2a: Haunter|Haunter, L50, M|100\/100\n|switch|p2b: Tyranitar|Tyranitar, L50, M|100\/100\n|-weather|Sandstorm|[from] ability: Sand Stream|[of] p2b: Tyranitar\n|turn|1\n|inactive|Mavrjce has 30 seconds left.\n|\n|t:|1683372447\n|move|p1a: Talonflame|Will-O-Wisp|p2b: Tyranitar\n|-status|p2b: Tyranitar|brn\n|move|p2a: Haunter|Will-O-Wisp|p1b: Orthworm|[miss]\n|-miss|p2a: Haunter|p1b: Orthworm\n|move|p1b: Orthworm|Body Press|p2b: Tyranitar\n|-supereffective|p2b: Tyranitar\n|-damage|p2b: Tyranitar|18\/100 brn\n|move|p2b: Tyranitar|Rock Slide|p1a: Talonflame|[spread] p1b\n|-miss|p2b: Tyranitar|p1a: Talonflame\n|-resisted|p1b: Orthworm\n|-damage|p1b: Orthworm|95\/100\n|\n|-weather|Sandstorm|[upkeep]\n|-damage|p1a: Talonflame|95\/100|[from] Sandstorm\n|-damage|p2a: Haunter|95\/100|[from] Sandstorm\n|-heal|p1b: Orthworm|100\/100|[from] item: Leftovers\n|-damage|p2b: Tyranitar|12\/100 brn|[from] brn\n|upkeep\n|turn|2\n|inactive|Mavrjce has 30 seconds left.\n|\n|t:|1683372477\n|switch|p2b: Flutter Mane|Flutter Mane, L50|100\/100\n|-enditem|p2b: Flutter Mane|Booster Energy\n|-activate|p2b: Flutter Mane|ability: Protosynthesis|[fromitem]\n|-start|p2b: Flutter Mane|protosynthesisspe\n|move|p1a: Talonflame|Taunt|p2a: Haunter\n|-start|p2a: Haunter|move: Taunt\n|cant|p2a: Haunter|move: Taunt|Will-O-Wisp\n|move|p1b: Orthworm|Body Press|p2b: Flutter Mane\n|-immune|p2b: Flutter Mane\n|\n|-weather|Sandstorm|[upkeep]\n|-damage|p2b: Flutter Mane|94\/100|[from] Sandstorm\n|-damage|p1a: Talonflame|89\/100|[from] Sandstorm\n|-damage|p2a: Haunter|89\/100|[from] Sandstorm\n|upkeep\n|turn|3\n|\n|t:|1683372498\n|switch|p2a: Gyarados|Gyarados, L50, M|100\/100\n|-ability|p2a: Gyarados|Intimidate|boost\n|-unboost|p1a: Talonflame|atk|1\n|-unboost|p1b: Orthworm|atk|1\n|-terastallize|p2b: Flutter Mane|Fairy\n|move|p2b: Flutter Mane|Dazzling Gleam|p1a: Talonflame|[spread] p1a,p1b\n|-resisted|p1a: Talonflame\n|-resisted|p1b: Orthworm\n|-damage|p1a: Talonflame|60\/100\n|-damage|p1b: Orthworm|80\/100\n|move|p1a: Talonflame|Tailwind|p1a: Talonflame\n|-sidestart|p1: Mavrjce|move: Tailwind\n|move|p1b: Orthworm|Shed Tail|p1b: Orthworm\n|-start|p1b: Orthworm|Substitute|[from] move: Shed Tail\n|-damage|p1b: Orthworm|30\/100\n|\n|t:|1683372514\n|switch|p1b: Scizor|Scizor, L50, M|100\/100|[from] Shed Tail\n|\n|-weather|Sandstorm|[upkeep]\n|-damage|p1a: Talonflame|54\/100|[from] Sandstorm\n|-damage|p2b: Flutter Mane|88\/100|[from] Sandstorm\n|upkeep\n|turn|4\n|\n|t:|1683372537\n|switch|p2a: Haunter|Haunter, L50, M|89\/100\n|move|p1a: Talonflame|Taunt|p2a: Haunter\n|-start|p2a: Haunter|move: Taunt\n|move|p2b: Flutter Mane|Hex|p1a: Talonflame\n|-damage|p1a: Talonflame|11\/100\n|move|p1b: Scizor|Swords Dance|p1b: Scizor\n|-boost|p1b: Scizor|atk|2\n|\n|-weather|Sandstorm|[upkeep]\n|-damage|p1a: Talonflame|5\/100|[from] Sandstorm\n|-damage|p2b: Flutter Mane|82\/100|[from] Sandstorm\n|-damage|p2a: Haunter|83\/100|[from] Sandstorm\n|upkeep\n|turn|5\n|inactive|Mavrjce has 30 seconds left.\n|\n|t:|1683372570\n|-end|p2b: Flutter Mane|Protosynthesis|[silent]\n|switch|p2b: Gyarados|Gyarados, L50, M|100\/100\n|-ability|p2b: Gyarados|Intimidate|boost\n|-unboost|p1a: Talonflame|atk|1\n|-immune|p1b: Scizor\n|move|p1b: Scizor|Bullet Punch|p2b: Gyarados\n|-resisted|p2b: Gyarados\n|-damage|p2b: Gyarados|61\/100\n|move|p1a: Talonflame|Brave Bird|p2a: Haunter\n|-damage|p2a: Haunter|58\/100\n|-damage|p1a: Talonflame|0 fnt|[from] Recoil\n|faint|p1a: Talonflame\n|move|p2a: Haunter|Hex|p1b: Scizor\n|-end|p1b: Scizor|Substitute\n|\n|-weather|none\n|upkeep\n|inactive|Mavrjce has 30 seconds left.\n|\n|t:|1683372595\n|switch|p1a: Orthworm|Orthworm, L50, M|30\/100\n|turn|6\n|inactive|Mavrjce has 30 seconds left.\n|\n|t:|1683372627\n|-terastallize|p1b: Scizor|Steel\n|move|p1a: Orthworm|Helping Hand|p1b: Scizor\n|-singleturn|p1b: Scizor|Helping Hand|[of] p1a: Orthworm\n|move|p1b: Scizor|Bullet Punch|p2a: Haunter\n|-damage|p2a: Haunter|0 fnt\n|faint|p2a: Haunter\n|move|p2b: Gyarados|Chilling Water|p1b: Scizor\n|-damage|p1b: Scizor|81\/100\n|\n|-heal|p1a: Orthworm|36\/100|[from] item: Leftovers\n|-sideend|p1: Mavrjce|move: Tailwind\n|upkeep\n|\n|t:|1683372636\n|switch|p2a: Flutter Mane|Flutter Mane, L50, tera:Fairy|82\/100\n|turn|7\n|-message|andy20648 forfeited.\n|\n|win|Mavrjce\n|raw|Mavrjce's rating: 1091 → 1116<\/strong> (+25 for winning)\n|raw|andy20648's rating: 1076 → 1056<\/strong> (-20 for losing)\n|l|\u2606andy20648\n","uploadtime":1683372670,"views":11,"p1id":"mavrjce","p2id":"andy20648","formatid":"gen9vgc2023regulationc","rating":1056,"private":0,"password":""}