{"id":"gen9vgc2023regulationc-1859326700","p1":"ethan06","p2":"Tonsoffamage","format":"[Gen 9] VGC 2023 Regulation C","log":"|j|\u2606ethan06\n|j|\u2606Tonsoffamage\n|t:|1683435090\n|gametype|doubles\n|player|p1|ethan06|ninjaboy|\n|player|p2|Tonsoffamage|unknown|\n|teamsize|p1|6\n|teamsize|p2|6\n|gen|9\n|tier|[Gen 9] VGC 2023 Regulation C\n|rule|Species Clause: Limit one of each Pok\u00e9mon\n|rule|Item Clause: Limit one of each item\n|clearpoke\n|poke|p1|Dondozo, L50, M|\n|poke|p1|Tatsugiri, L50, F|\n|poke|p1|Salamence, L50, M|\n|poke|p1|Kingambit, L50, M|\n|poke|p1|Iron Valiant, L50|\n|poke|p1|Spewpa, L50, F|\n|poke|p2|Hydreigon, L50, F|\n|poke|p2|Tinkaton, L50, F|\n|poke|p2|Slither Wing, L50|\n|poke|p2|Ceruledge, L50, M|\n|poke|p2|Arboliva, L50, M|\n|poke|p2|Bruxish, L50, F|\n|teampreview|4\nethan06 has agreed to open team sheets.\n|c|\u2606ethan06|hf\nTonsoffamage has agreed to open team sheets.\n|j| Ytterby\n|c|\u2606Tonsoffamage|having so much fun\n|\n|t:|1683435131\n|start\n|switch|p1a: Salamence|Salamence, L50, M|100\/100\n|switch|p1b: Iron Valiant|Iron Valiant, L50|100\/100\n|switch|p2a: Ceruledge|Ceruledge, L50, M|100\/100\n|switch|p2b: Bruxish|Bruxish, L50, F|100\/100\n|-ability|p1a: Salamence|Intimidate|boost\n|-unboost|p2a: Ceruledge|atk|1\n|-unboost|p2b: Bruxish|atk|1\n|turn|1\n|\n|t:|1683435153\n|-terastallize|p1b: Iron Valiant|Fire\n|move|p2b: Bruxish|Aqua Jet|p2a: Ceruledge\n|-supereffective|p2a: Ceruledge\n|-damage|p2a: Ceruledge|80\/100\n|-ability|p2a: Ceruledge|Weak Armor|boost\n|-unboost|p2a: Ceruledge|def|1\n|-boost|p2a: Ceruledge|spe|2\n|-enditem|p2a: Ceruledge|Weakness Policy\n|-boost|p2a: Ceruledge|atk|2|[from] item: Weakness Policy\n|-boost|p2a: Ceruledge|spa|2|[from] item: Weakness Policy\n|move|p2a: Ceruledge|Bitter Blade|p1b: Iron Valiant\n|-resisted|p1b: Iron Valiant\n|-damage|p1b: Iron Valiant|54\/100\n|-heal|p2a: Ceruledge|99\/100|[from] drain|[of] p1b: Iron Valiant\n|move|p1b: Iron Valiant|Knock Off|p2a: Ceruledge\n|-supereffective|p2a: Ceruledge\n|-damage|p2a: Ceruledge|24\/100\n|-ability|p2a: Ceruledge|Weak Armor|boost\n|-unboost|p2a: Ceruledge|def|1\n|-boost|p2a: Ceruledge|spe|2\n|move|p1a: Salamence|Dragon Dance|p1a: Salamence\n|-boost|p1a: Salamence|atk|1\n|-boost|p1a: Salamence|spe|1\n|\n|upkeep\n|turn|2\n|\n|t:|1683435180\n|move|p1b: Iron Valiant|Protect|p1b: Iron Valiant\n|-singleturn|p1b: Iron Valiant|Protect\n|move|p2b: Bruxish|Aqua Jet|p1b: Iron Valiant\n|-activate|p1b: Iron Valiant|move: Protect\n|move|p2a: Ceruledge|Shadow Claw|p1a: Salamence\n|-damage|p1a: Salamence|26\/100\n|move|p1a: Salamence|Dragon Claw|p2a: Ceruledge\n|-damage|p2a: Ceruledge|0 fnt\n|faint|p2a: Ceruledge\n|-damage|p1a: Salamence|16\/100|[from] item: Life Orb\n|\n|upkeep\n|\n|t:|1683435194\n|switch|p2a: Tinkaton|Tinkaton, L50, F|100\/100\n|turn|3\n|\n|t:|1683435217\n|switch|p1a: Tatsugiri|Tatsugiri, L50, F|100\/100\n|-end|p1b: Iron Valiant|Quark Drive|[silent]\n|switch|p1b: Dondozo|Dondozo, L50, M|100\/100\n|-activate|p1a: Tatsugiri|ability: Commander|[of] p1b: Dondozo\n|-boost|p1b: Dondozo|atk|2\n|-boost|p1b: Dondozo|spa|2\n|-boost|p1b: Dondozo|spe|2\n|-boost|p1b: Dondozo|def|2\n|-boost|p1b: Dondozo|spd|2\n|-enditem|p2a: Tinkaton|Mirror Herb\n|-boost|p2a: Tinkaton|atk|2|[from] item: Mirror Herb\n|-boost|p2a: Tinkaton|spa|2|[from] item: Mirror Herb\n|-boost|p2a: Tinkaton|spe|2|[from] item: Mirror Herb\n|-boost|p2a: Tinkaton|def|2|[from] item: Mirror Herb\n|-boost|p2a: Tinkaton|spd|2|[from] item: Mirror Herb\n|move|p2a: Tinkaton|Fake Out|p1b: Dondozo\n|-damage|p1b: Dondozo|97\/100\n|move|p2b: Bruxish|Trick Room|p2b: Bruxish\n|-fieldstart|move: Trick Room|[of] p2b: Bruxish\n|\n|-heal|p1b: Dondozo|100\/100|[from] item: Leftovers\n|upkeep\n|turn|4\n|\n|t:|1683435243\n|move|p1b: Dondozo|Protect|p1b: Dondozo\n|-singleturn|p1b: Dondozo|Protect\n|move|p2b: Bruxish|Super Fang|p1b: Dondozo\n|-activate|p1b: Dondozo|move: Protect\n|move|p2a: Tinkaton|Skill Swap|p1b: Dondozo\n|-activate|p1b: Dondozo|move: Protect\n|\n|upkeep\n|turn|5\n|\n|t:|1683435252\n|move|p2b: Bruxish|Super Fang|p1b: Dondozo\n|-damage|p1b: Dondozo|51\/100\n|move|p1b: Dondozo|Wave Crash|p2a: Tinkaton\n|-damage|p2a: Tinkaton|10\/100\n|-damage|p1b: Dondozo|26\/100|[from] Recoil\n|-enditem|p1b: Dondozo|Leftovers|[silent]|[from] ability: Pickpocket|[of] p1b: Dondozo\n|-item|p2a: Tinkaton|Leftovers|[from] ability: Pickpocket|[of] p1b: Dondozo\n|move|p2a: Tinkaton|Skill Swap|p1b: Dondozo\n|-activate|p2a: Tinkaton|move: Skill Swap|Unaware|Pickpocket|[of] p1b: Dondozo\n|\n|-heal|p2a: Tinkaton|16\/100|[from] item: Leftovers\n|upkeep\n|turn|6\n|\n|t:|1683435293\n|switch|p2b: Arboliva|Arboliva, L50, M, shiny|100\/100\n|move|p1b: Dondozo|Wave Crash|p2a: Tinkaton\n|-damage|p2a: Tinkaton|0 fnt\n|faint|p2a: Tinkaton\n|-damage|p1b: Dondozo|22\/100|[from] Recoil\n|\n|upkeep\n|\n|t:|1683435300\n|switch|p2a: Bruxish|Bruxish, L50, F|100\/100\n|turn|7\n|\n|t:|1683435337\n|move|p1b: Dondozo|Protect|p1b: Dondozo\n|-singleturn|p1b: Dondozo|Protect\n|move|p2b: Arboliva|Reflect|p2b: Arboliva\n|-sidestart|p2: Tonsoffamage|Reflect\n|move|p2a: Bruxish|Super Fang|p1b: Dondozo\n|-activate|p1b: Dondozo|move: Protect\n|\n|-fieldend|move: Trick Room\n|upkeep\n|turn|8\n|\n|t:|1683435360\n|move|p1b: Dondozo|Wave Crash|p2a: Bruxish\n|-resisted|p2a: Bruxish\n|-damage|p2a: Bruxish|67\/100\n|-damage|p1b: Dondozo|14\/100|[from] Recoil\n|move|p2b: Arboliva|Giga Drain|p1b: Dondozo\n|-supereffective|p1b: Dondozo\n|-damage|p1b: Dondozo|0 fnt\n|faint|p1b: Dondozo\n|move|p2a: Bruxish|Trick Room|p2a: Bruxish\n|-fieldstart|move: Trick Room|[of] p2a: Bruxish\n|\n|upkeep\n|\n|t:|1683435371\n|switch|p1b: Iron Valiant|Iron Valiant, L50, tera:Fire|54\/100\n|turn|9\n|\n|t:|1683435393\n|-terastallize|p2b: Arboliva|Normal\n|move|p2a: Bruxish|Aqua Jet|p1b: Iron Valiant\n|-supereffective|p1b: Iron Valiant\n|-damage|p1b: Iron Valiant|21\/100\n|move|p2b: Arboliva|Giga Drain|p1a: Tatsugiri\n|-damage|p1a: Tatsugiri|47\/100\n|move|p1b: Iron Valiant|Knock Off|p2a: Bruxish\n|-supereffective|p2a: Bruxish\n|-damage|p2a: Bruxish|29\/100\n|-enditem|p2a: Bruxish|Wacan Berry|[from] move: Knock Off|[of] p1b: Iron Valiant\n|move|p1a: Tatsugiri|Draco Meteor|p2a: Bruxish\n|-damage|p2a: Bruxish|0 fnt\n|-unboost|p1a: Tatsugiri|spa|2\n|faint|p2a: Bruxish\n|\n|upkeep\n|turn|10\n|\n|t:|1683435421\n|switch|p1a: Salamence|Salamence, L50, M|16\/100\n|-ability|p1a: Salamence|Intimidate|boost\n|-unboost|p2b: Arboliva|atk|1\n|move|p2b: Arboliva|Giga Drain|p1a: Salamence\n|-resisted|p1a: Salamence\n|-damage|p1a: Salamence|3\/100\n|move|p1b: Iron Valiant|Knock Off|p2b: Arboliva\n|-damage|p2b: Arboliva|77\/100\n|-enditem|p2b: Arboliva|Sitrus Berry|[from] move: Knock Off|[of] p1b: Iron Valiant\n|\n|upkeep\n|turn|11\n|\n|t:|1683435436\n|move|p1a: Salamence|Protect|p1a: Salamence\n|-singleturn|p1a: Salamence|Protect\n|move|p2b: Arboliva|Giga Drain|p1b: Iron Valiant\n|-resisted|p1b: Iron Valiant\n|-damage|p1b: Iron Valiant|0 fnt\n|-heal|p2b: Arboliva|85\/100|[from] drain|[of] p1b: Iron Valiant\n|faint|p1b: Iron Valiant\n|-end|p1b: Iron Valiant|Quark Drive|[silent]\n|\n|-sideend|p2: Tonsoffamage|Reflect\n|upkeep\n|\n|t:|1683435444\n|switch|p1b: Tatsugiri|Tatsugiri, L50, F|47\/100\n|turn|12\n|\n|t:|1683435462\n|move|p1a: Salamence|Protect||[still]\n|-fail|p1a: Salamence\n|move|p2b: Arboliva|Giga Drain|p1b: Tatsugiri\n|-damage|p1b: Tatsugiri|0 fnt\n|-heal|p2b: Arboliva|100\/100|[from] drain|[of] p1b: Tatsugiri\n|faint|p1b: Tatsugiri\n|\n|-fieldend|move: Trick Room\n|upkeep\n|turn|13\n|\n|t:|1683435475\n|move|p1a: Salamence|Dual Wingbeat|p2b: Arboliva\n|-damage|p2b: Arboliva|70\/100\n|-crit|p2b: Arboliva\n|-damage|p2b: Arboliva|23\/100\n|-hitcount|p2b: Arboliva|2\n|-damage|p1a: Salamence|0 fnt|[from] item: Life Orb\n|faint|p1a: Salamence\n|\n|win|Tonsoffamage\n|c|\u2606ethan06|gg\n|c|\u2606Tonsoffamage|g fucking g\n|l|\u2606ethan06\n|j|\u2606ethan06\n|player|p1|ethan06|ninjaboy\n|l|\u2606ethan06\n|player|p1|\n","uploadtime":1683435683,"views":14,"p1id":"ethan06","p2id":"tonsoffamage","formatid":"gen9vgc2023regulationc","rating":0,"private":0,"password":""}