{"id":"gen9vgc2023regulationc-1861098782","p1":"Aveni","p2":"DarthIgnus","format":"[Gen 9] VGC 2023 Regulation C","log":"|j|\u2606Aveni\n|j|\u2606DarthIgnus\n|t:|1683726402\n|gametype|doubles\n|player|p1|Aveni|266|1336\n|player|p2|DarthIgnus|dragontamer|1374\n|teamsize|p1|6\n|teamsize|p2|6\n|gen|9\n|tier|[Gen 9] VGC 2023 Regulation C\n|rated|\n|rule|Species Clause: Limit one of each Pok\u00e9mon\n|rule|Item Clause: Limit one of each item\n|clearpoke\n|poke|p1|Amoonguss, L50, M|\n|poke|p1|Gyarados, L50, M|\n|poke|p1|Murkrow, L50, F|\n|poke|p1|Great Tusk, L50|\n|poke|p1|Flutter Mane, L50|\n|poke|p1|Gholdengo, L50|\n|poke|p2|Orthworm, L50, M|\n|poke|p2|Flutter Mane, L50|\n|poke|p2|Dragonite, L50, M|\n|poke|p2|Ting-Lu, L50|\n|poke|p2|Baxcalibur, L50, M|\n|poke|p2|Gyarados, L50, F|\n|teampreview|4\nDarthIgnus has agreed to open team sheets.\n|inactive|Battle timer is ON: inactive players will automatically lose when time's up. (requested by Aveni)\n|inactive|DarthIgnus has 60 seconds left.\n|inactive|DarthIgnus has 30 seconds left.\n|\n|t:|1683726510\n|start\n|switch|p1a: Bowser|Great Tusk, L50|100\/100\n|switch|p1b: Daisy|Flutter Mane, L50|100\/100\n|switch|p2a: Orthworm|Orthworm, L50, M|100\/100\n|switch|p2b: Baxcalibur|Baxcalibur, L50, M|100\/100\n|turn|1\n|inactive|DarthIgnus has 30 seconds left.\n|inactive|Aveni has 30 seconds left.\n|inactive|DarthIgnus has 20 seconds left.\n|inactive|DarthIgnus has 15 seconds left.\n|inactive|DarthIgnus has 10 seconds left.\n|inactive|DarthIgnus has 5 seconds left.\n|\n|t:|1683726566\n|move|p1a: Bowser|Close Combat|p2a: Orthworm\n|-supereffective|p2a: Orthworm\n|-damage|p2a: Orthworm|3\/100\n|-unboost|p1a: Bowser|def|1\n|-unboost|p1a: Bowser|spd|1\n|-enditem|p2a: Orthworm|Sitrus Berry|[eat]\n|-heal|p2a: Orthworm|28\/100|[from] item: Sitrus Berry\n|move|p1b: Daisy|Moonblast|p2b: Baxcalibur\n|-supereffective|p2b: Baxcalibur\n|-damage|p2b: Baxcalibur|0 fnt\n|faint|p2b: Baxcalibur\n|move|p2a: Orthworm|Iron Defense|p2a: Orthworm\n|-boost|p2a: Orthworm|def|2\n|\n|upkeep\n|\n|t:|1683726582\n|switch|p2b: Flutter Mane|Flutter Mane, L50|100\/100\n|-enditem|p2b: Flutter Mane|Booster Energy\n|-activate|p2b: Flutter Mane|ability: Protosynthesis|[fromitem]\n|-start|p2b: Flutter Mane|protosynthesisspe\n|turn|2\n|c|\u2606DarthIgnus|ran out of time\n|c|\u2606DarthIgnus|oof\n|inactive|Aveni has 30 seconds left.\n|inactive|DarthIgnus has 30 seconds left.\n|j| MegaFissure\n|inactive|Aveni has 20 seconds left.\n|inactive|DarthIgnus has 20 seconds left.\n|\n|t:|1683726617\n|-end|p1a: Bowser|Protosynthesis|[silent]\n|switch|p1a: Yoshi|Gyarados, L50, M, shiny|100\/100\n|-ability|p1a: Yoshi|Intimidate|boost\n|-unboost|p2a: Orthworm|atk|1\n|-unboost|p2b: Flutter Mane|atk|1\n|switch|p2a: Dragonite|Dragonite, L50, M|100\/100\n|move|p2b: Flutter Mane|Shadow Ball|p1b: Daisy\n|-supereffective|p1b: Daisy\n|-damage|p1b: Daisy|24\/100\n|move|p1b: Daisy|Moonblast|p2a: Dragonite\n|-supereffective|p2a: Dragonite\n|-damage|p2a: Dragonite|22\/100\n|\n|upkeep\n|turn|3\n|inactive|Aveni has 30 seconds left.\n|inactive|DarthIgnus has 30 seconds left.\n|inactive|Aveni has 20 seconds left.\n|inactive|DarthIgnus has 20 seconds left.\n|inactive|Aveni has 15 seconds left.\n|inactive|DarthIgnus has 15 seconds left.\n|inactive|Aveni has 10 seconds left.\n|inactive|DarthIgnus has 10 seconds left.\n|inactive|DarthIgnus has 5 seconds left.\n|\n|t:|1683726670\n|move|p2a: Dragonite|Extreme Speed|p1a: Yoshi\n|-damage|p1a: Yoshi|76\/100\n|move|p2b: Flutter Mane|Shadow Ball|p1b: Daisy\n|-supereffective|p1b: Daisy\n|-damage|p1b: Daisy|0 fnt\n|faint|p1b: Daisy\n|-end|p1b: Daisy|Protosynthesis|[silent]\n|move|p1a: Yoshi|Waterfall|p2a: Dragonite\n|-resisted|p2a: Dragonite\n|-damage|p2a: Dragonite|5\/100\n|\n|upkeep\n|l| MegaFissure\n|\n|t:|1683726691\n|switch|p1b: Bowser|Great Tusk, L50|100\/100\n|turn|4\n|inactive|DarthIgnus has 30 seconds left.\n|\n|t:|1683726719\n|-terastallize|p1b: Bowser|Ground\n|move|p2b: Flutter Mane|Thunderbolt|p1a: Yoshi\n|-supereffective|p1a: Yoshi\n|-damage|p1a: Yoshi|0 fnt\n|faint|p1a: Yoshi\n|move|p1b: Bowser|Headlong Rush|p2b: Flutter Mane\n|-damage|p2b: Flutter Mane|0 fnt\n|-unboost|p1b: Bowser|def|1\n|-unboost|p1b: Bowser|spd|1\n|faint|p2b: Flutter Mane\n|-end|p2b: Flutter Mane|Protosynthesis|[silent]\n|move|p2a: Dragonite|Aerial Ace|p1b: Bowser\n|-damage|p1b: Bowser|65\/100\n|\n|upkeep\n|\n|t:|1683726731\n|switch|p2b: Orthworm|Orthworm, L50, M|28\/100\n|switch|p1a: Mario|Gholdengo, L50|100\/100\n|turn|5\n|inactive|DarthIgnus has 30 seconds left.\n|inactive|DarthIgnus has 20 seconds left.\n|inactive|DarthIgnus has 15 seconds left.\n|\n|t:|1683726772\n|-terastallize|p2b: Orthworm|Fire\n|move|p1b: Bowser|Headlong Rush|p2a: Dragonite\n|-immune|p2a: Dragonite\n|move|p2a: Dragonite|Earthquake|p1b: Bowser|[spread] p1a,p1b\n|-heal|p2b: Orthworm|53\/100|[from] ability: Earth Eater|[of] p2a: Dragonite\n|-supereffective|p1a: Mario\n|-damage|p1a: Mario|54\/100\n|-damage|p1b: Bowser|39\/100\n|move|p1a: Mario|Shadow Ball|p2a: Dragonite\n|-damage|p2a: Dragonite|0 fnt\n|faint|p2a: Dragonite\n|move|p2b: Orthworm|Iron Defense|p2b: Orthworm\n|-boost|p2b: Orthworm|def|2\n|\n|-heal|p1a: Mario|60\/100|[from] item: Leftovers\n|upkeep\n|turn|6\n|\n|t:|1683726793\n|move|p1b: Bowser|Headlong Rush|p2b: Orthworm\n|-heal|p2b: Orthworm|78\/100|[from] ability: Earth Eater|[of] p1b: Bowser\n|move|p1a: Mario|Nasty Plot|p1a: Mario\n|-boost|p1a: Mario|spa|2\n|move|p2b: Orthworm|Body Press|p1b: Bowser\n|-damage|p1b: Bowser|0 fnt\n|faint|p1b: Bowser\n|-end|p1b: Bowser|Protosynthesis|[silent]\n|\n|-heal|p1a: Mario|66\/100|[from] item: Leftovers\n|upkeep\n|turn|7\n|\n|t:|1683726807\n|move|p1a: Mario|Protect|p1a: Mario\n|-singleturn|p1a: Mario|Protect\n|move|p2b: Orthworm|Heavy Slam|p1a: Mario\n|-activate|p1a: Mario|move: Protect\n|\n|-heal|p1a: Mario|73\/100|[from] item: Leftovers\n|upkeep\n|turn|8\n|\n|t:|1683726819\n|move|p1a: Mario|Shadow Ball|p2b: Orthworm\n|-damage|p2b: Orthworm|0 fnt\n|faint|p2b: Orthworm\n|\n|win|Aveni\n|raw|Aveni's rating: 1336 → 1358<\/strong> (+22 for winning)\n|raw|DarthIgnus's rating: 1374 → 1352<\/strong> (-22 for losing)\n","uploadtime":1683726827,"views":19,"p1id":"aveni","p2id":"darthignus","formatid":"gen9vgc2023regulationc","rating":1352,"private":0,"password":""}