{"id":"gen9vgc2023regulationc-1862728463","p1":"Jop wont get 60","p2":"qwesdfhjrj","format":"[Gen 9] VGC 2023 Regulation C","log":"|j|\u2606Jop wont get 60\n|j|\u2606qwesdfhjrj\n|t:|1683915989\n|gametype|doubles\n|player|p1|Jop wont get 60|lillie|1045\n|player|p2|qwesdfhjrj|265|1129\n|teamsize|p1|6\n|teamsize|p2|6\n|gen|9\n|tier|[Gen 9] VGC 2023 Regulation C\n|rated|\n|rule|Species Clause: Limit one of each Pok\u00e9mon\n|rule|Item Clause: Limit one of each item\n|clearpoke\n|poke|p1|Kingambit, L50, F|\n|poke|p1|Torkoal, L50, M|\n|poke|p1|Flutter Mane, L50|\n|poke|p1|Jumpluff, L50, F|\n|poke|p1|Great Tusk, L50|\n|poke|p1|Chien-Pao, L50|\n|poke|p2|Iron Valiant, L50|\n|poke|p2|Chi-Yu, L50|\n|poke|p2|Flutter Mane, L50|\n|poke|p2|Iron Bundle, L50|\n|poke|p2|Torkoal, L50, F|\n|poke|p2|Jumpluff, L50, F|\n|teampreview|4\n|inactive|Battle timer is ON: inactive players will automatically lose when time's up. (requested by qwesdfhjrj)\n|inactive|Jop wont get 60 has 60 seconds left.\n|\n|t:|1683916036\n|start\n|switch|p1a: Jumpluff|Jumpluff, L50, F|100\/100\n|switch|p1b: Torkoal|Torkoal, L50, M|100\/100\n|switch|p2a: Iron Valiant|Iron Valiant, L50|100\/100\n|switch|p2b: Chi-Yu|Chi-Yu, L50|100\/100\n|-ability|p2b: Chi-Yu|Beads of Ruin\n|-weather|SunnyDay|[from] ability: Drought|[of] p1b: Torkoal\n|turn|1\n|inactive|Jop wont get 60 has 30 seconds left.\n|\n|t:|1683916063\n|-terastallize|p1a: Jumpluff|Water\n|move|p2a: Iron Valiant|Protect|p2a: Iron Valiant\n|-singleturn|p2a: Iron Valiant|Protect\n|move|p1a: Jumpluff|Tailwind|p1a: Jumpluff\n|-sidestart|p1: Jop wont get 60|move: Tailwind\n|move|p2b: Chi-Yu|Nasty Plot|p2b: Chi-Yu\n|-boost|p2b: Chi-Yu|spa|2\n|move|p1b: Torkoal|Overheat|p2a: Iron Valiant\n|-activate|p2a: Iron Valiant|move: Protect\n|\n|-weather|SunnyDay|[upkeep]\n|upkeep\n|turn|2\n|inactive|qwesdfhjrj has 30 seconds left.\n|inactive|qwesdfhjrj has 20 seconds left.\n|inactive|qwesdfhjrj has 15 seconds left.\n|inactive|qwesdfhjrj has 10 seconds left.\n|\n|t:|1683916111\n|move|p1a: Jumpluff|Encore|p2b: Chi-Yu\n|-start|p2b: Chi-Yu|Encore\n|move|p2a: Iron Valiant|Moonblast|p1a: Jumpluff\n|-damage|p1a: Jumpluff|42\/100\n|move|p2b: Chi-Yu|Nasty Plot|p2b: Chi-Yu\n|-boost|p2b: Chi-Yu|spa|2\n|move|p1b: Torkoal|Overheat|p2a: Iron Valiant\n|-damage|p2a: Iron Valiant|0 fnt\n|-unboost|p1b: Torkoal|spa|2\n|-enditem|p1b: Torkoal|Eject Pack\n|faint|p2a: Iron Valiant\n|-end|p2a: Iron Valiant|Quark Drive|[silent]\n|\n|t:|1683916125\n|switch|p1b: Great Tusk|Great Tusk, L50|100\/100\n|-activate|p1b: Great Tusk|ability: Protosynthesis\n|-start|p1b: Great Tusk|protosynthesisatk\n|\n|-weather|SunnyDay|[upkeep]\n|upkeep\n|\n|t:|1683916140\n|switch|p2a: Jumpluff|Jumpluff, L50, F, shiny|100\/100\n|turn|3\n|\n|t:|1683916157\n|move|p1a: Jumpluff|Sleep Powder|p2b: Chi-Yu\n|-activate|p2b: Chi-Yu|item: Safety Goggles|Sleep Powder\n|move|p1b: Great Tusk|Rock Slide|p2b: Chi-Yu|[spread] p2a,p2b\n|-supereffective|p2a: Jumpluff\n|-supereffective|p2b: Chi-Yu\n|-damage|p2a: Jumpluff|44\/100\n|-damage|p2b: Chi-Yu|33\/100\n|move|p2a: Jumpluff|Sleep Powder|p1b: Great Tusk\n|-status|p1b: Great Tusk|slp|[from] move: Sleep Powder\n|move|p2b: Chi-Yu|Nasty Plot|p2b: Chi-Yu\n|-boost|p2b: Chi-Yu|spa|2\n|\n|-weather|SunnyDay|[upkeep]\n|upkeep\n|turn|4\n|inactive|Jop wont get 60 has 30 seconds left.\n|\n|t:|1683916184\n|move|p1a: Jumpluff|Encore|p2a: Jumpluff\n|-start|p2a: Jumpluff|Encore\n|cant|p1b: Great Tusk|slp\n|move|p2a: Jumpluff|Sleep Powder|p1b: Great Tusk\n|-fail|p1b: Great Tusk|slp\n|move|p2b: Chi-Yu|Nasty Plot|p2b: Chi-Yu\n|-boost|p2b: Chi-Yu|spa|0\n|\n|-weather|SunnyDay|[upkeep]\n|-end|p2b: Chi-Yu|Encore\n|-sideend|p1: Jop wont get 60|move: Tailwind\n|upkeep\n|turn|5\n|\n|t:|1683916202\n|switch|p2a: Flutter Mane|Flutter Mane, L50|100\/100\n|-activate|p2a: Flutter Mane|ability: Protosynthesis\n|-start|p2a: Flutter Mane|protosynthesisspe\n|move|p1a: Jumpluff|Tailwind|p1a: Jumpluff\n|-sidestart|p1: Jop wont get 60|move: Tailwind\n|-curestatus|p1b: Great Tusk|slp|[msg]\n|move|p1b: Great Tusk|Rock Slide|p2b: Chi-Yu|[spread] p2b\n|-miss|p1b: Great Tusk|p2a: Flutter Mane\n|-supereffective|p2b: Chi-Yu\n|-damage|p2b: Chi-Yu|0 fnt\n|faint|p2b: Chi-Yu\n|\n|-weather|none\n|-end|p1b: Great Tusk|Protosynthesis\n|-end|p2a: Flutter Mane|Protosynthesis\n|upkeep\n|\n|t:|1683916207\n|switch|p2b: Jumpluff|Jumpluff, L50, F, shiny|44\/100\n|turn|6\n|\n|t:|1683916219\n|move|p2a: Flutter Mane|Protect|p2a: Flutter Mane\n|-singleturn|p2a: Flutter Mane|Protect\n|move|p1b: Great Tusk|Rock Slide|p2a: Flutter Mane|[spread] p2b\n|-activate|p2a: Flutter Mane|move: Protect\n|-supereffective|p2b: Jumpluff\n|-damage|p2b: Jumpluff|0 fnt\n|faint|p2b: Jumpluff\n|move|p1a: Jumpluff|Sleep Powder|p2a: Flutter Mane\n|-activate|p2a: Flutter Mane|move: Protect\n|\n|upkeep\n|turn|7\n|-message|qwesdfhjrj forfeited.\n|\n|win|Jop wont get 60\n|raw|Jop wont get 60's rating: 1045 → 1086<\/strong> (+41 for winning)\n|raw|qwesdfhjrj's rating: 1129 → 1098<\/strong> (-31 for losing)\n|l|\u2606qwesdfhjrj\n","uploadtime":1683916235,"views":15,"p1id":"jopwontget60","p2id":"qwesdfhjrj","formatid":"gen9vgc2023regulationc","rating":1086,"private":0,"password":""}