{"id":"gen9vgc2023regulationc-1845722839","p1":"Uao","p2":"Czeslaw88","format":"[Gen 9] VGC 2023 Regulation C","log":"|j|\u2606Uao\n|j|\u2606Czeslaw88\n|t:|1681758625\n|gametype|doubles\n|player|p1|Uao|chili|1353\n|player|p2|Czeslaw88|hoopster|1344\n|teamsize|p1|6\n|teamsize|p2|6\n|gen|9\n|tier|[Gen 9] VGC 2023 Regulation C\n|rated|\n|rule|Species Clause: Limit one of each Pok\u00e9mon\n|rule|Item Clause: Limit one of each item\n|clearpoke\n|poke|p1|Sandy Shocks, L50|\n|poke|p1|Torkoal, L50, F|\n|poke|p1|Lilligant, L50, F|\n|poke|p1|Flutter Mane, L50|\n|poke|p1|Garganacl, L50, M|\n|poke|p1|Dragapult, L50, F|\n|poke|p2|Baxcalibur, L50, M|\n|poke|p2|Amoonguss, L50, M|\n|poke|p2|Arcanine, L50, F|\n|poke|p2|Flutter Mane, L50|\n|poke|p2|Palafin, L50, M|\n|poke|p2|Ting-Lu, L50|\n|teampreview|4\nUao has agreed to open team sheets.\n|inactive|Battle timer is ON: inactive players will automatically lose when time's up. (requested by Czeslaw88)\n|inactive|Uao has 60 seconds left.\n|\n|t:|1681758718\n|start\n|switch|p1a: Sandy Shocks|Sandy Shocks, L50|100\/100\n|switch|p1b: Dragapult|Dragapult, L50, F|100\/100\n|switch|p2a: Amoonguss|Amoonguss, L50, M, shiny|100\/100\n|switch|p2b: Arcanine|Arcanine, L50, F, shiny|100\/100\n|-ability|p2b: Arcanine|Intimidate|boost\n|-unboost|p1a: Sandy Shocks|atk|1\n|-fail|p1b: Dragapult|unboost|[from] ability: Clear Body|[of] p1b: Dragapult\n|turn|1\n|inactive|Uao has 30 seconds left.\n|inactive|Czeslaw88 has 30 seconds left.\n|inactive|Uao has 20 seconds left.\n|inactive|Uao has 15 seconds left.\n|inactive|Czeslaw88 has 20 seconds left.\n|inactive|Uao has 10 seconds left.\n|inactive|Czeslaw88 has 15 seconds left.\n|inactive|Uao has 5 seconds left.\n|\n|t:|1681758771\n|switch|p2b: Ting-Lu|Ting-Lu, L50|100\/100\n|-ability|p2b: Ting-Lu|Vessel of Ruin\n|-terastallize|p1b: Dragapult|Bug\n|move|p1a: Sandy Shocks|Earth Power|p2a: Amoonguss\n|-crit|p2a: Amoonguss\n|-damage|p2a: Amoonguss|52\/100\n|move|p1b: Dragapult|U-turn|p2a: Amoonguss\n|-damage|p2a: Amoonguss|5\/100\n|-enditem|p2a: Amoonguss|Sitrus Berry|[eat]\n|-heal|p2a: Amoonguss|30\/100|[from] item: Sitrus Berry\n|\n|t:|1681758794\n|switch|p1b: Torkoal|Torkoal, L50, F|100\/100|[from] U-turn\n|-weather|SunnyDay|[from] ability: Drought|[of] p1b: Torkoal\n|-activate|p1a: Sandy Shocks|ability: Protosynthesis\n|-start|p1a: Sandy Shocks|protosynthesisspa\n|move|p2a: Amoonguss|Spore|p1a: Sandy Shocks\n|-status|p1a: Sandy Shocks|slp|[from] move: Spore\n|\n|-weather|SunnyDay|[upkeep]\n|upkeep\n|turn|2\n|\n|t:|1681758818\n|switch|p2a: Arcanine|Arcanine, L50, F, shiny|100\/100\n|-ability|p2a: Arcanine|Intimidate|boost\n|-unboost|p1a: Sandy Shocks|atk|1\n|-unboost|p1b: Torkoal|atk|1\n|-enditem|p1b: Torkoal|Eject Pack\n|\n|t:|1681758830\n|switch|p1b: Dragapult|Dragapult, L50, F, tera:Bug|100\/100\n|cant|p1a: Sandy Shocks|slp\n|move|p2b: Ting-Lu|Sand Tomb|p1b: Dragapult\n|-resisted|p1b: Dragapult\n|-damage|p1b: Dragapult|91\/100\n|-activate|p1b: Dragapult|move: Sand Tomb|[of] p2b: Ting-Lu\n|\n|-weather|SunnyDay|[upkeep]\n|-damage|p1b: Dragapult|79\/100|[from] move: Sand Tomb|[partiallytrapped]\n|upkeep\n|turn|3\n|\n|t:|1681758851\n|cant|p1a: Sandy Shocks|slp\n|move|p1b: Dragapult|U-turn|p2b: Ting-Lu\n|-supereffective|p2b: Ting-Lu\n|-damage|p2b: Ting-Lu|47\/100\n|inactive|Uao has 30 seconds left.\n|inactive|Uao has 20 seconds left.\n|\n|t:|1681758886\n|switch|p1b: Flutter Mane|Flutter Mane, L50|100\/100|[from] U-turn\n|-activate|p1b: Flutter Mane|ability: Protosynthesis\n|-start|p1b: Flutter Mane|protosynthesisspe\n|move|p2a: Arcanine|Flare Blitz|p1a: Sandy Shocks\n|-damage|p1a: Sandy Shocks|18\/100 slp\n|-damage|p2a: Arcanine|78\/100|[from] Recoil\n|move|p2b: Ting-Lu|Fissure|p1b: Flutter Mane|[miss]\n|-miss|p2b: Ting-Lu|p1b: Flutter Mane\n|\n|-weather|SunnyDay|[upkeep]\n|upkeep\n|turn|4\n|\n|t:|1681758908\n|switch|p2b: Amoonguss|Amoonguss, L50, M, shiny|63\/100\n|-terastallize|p2a: Arcanine|Water\n|move|p1b: Flutter Mane|Moonblast|p2b: Amoonguss\n|-resisted|p2b: Amoonguss\n|-damage|p2b: Amoonguss|37\/100\n|-damage|p1b: Flutter Mane|91\/100|[from] item: Life Orb\n|-curestatus|p1a: Sandy Shocks|slp|[msg]\n|move|p1a: Sandy Shocks|Earth Power|p2a: Arcanine\n|-crit|p2a: Arcanine\n|-damage|p2a: Arcanine|0 fnt\n|faint|p2a: Arcanine\n|\n|-weather|SunnyDay|[upkeep]\n|upkeep\n|\n|t:|1681758925\n|switch|p2a: Baxcalibur|Baxcalibur, L50, M, shiny|100\/100\n|turn|5\n|inactive|Uao has 30 seconds left.\n|inactive|Uao has 20 seconds left.\n|inactive|Uao has 15 seconds left.\n|inactive|Uao has 10 seconds left.\n|inactive|Uao has 5 seconds left.\n|\n|t:|1681758979\n|move|p1b: Flutter Mane|Protect|p1b: Flutter Mane\n|-singleturn|p1b: Flutter Mane|Protect\n|move|p2b: Amoonguss|Rage Powder|p2b: Amoonguss\n|-singleturn|p2b: Amoonguss|move: Rage Powder\n|move|p2a: Baxcalibur|Ice Shard|p1a: Sandy Shocks\n|-supereffective|p1a: Sandy Shocks\n|-damage|p1a: Sandy Shocks|0 fnt\n|faint|p1a: Sandy Shocks\n|-end|p1a: Sandy Shocks|Protosynthesis|[silent]\n|-damage|p2a: Baxcalibur|91\/100|[from] item: Life Orb\n|\n|-weather|none\n|-end|p1b: Flutter Mane|Protosynthesis\n|upkeep\n|\n|t:|1681758985\n|switch|p1a: Dragapult|Dragapult, L50, F, tera:Bug|79\/100\n|turn|6\n|\n|t:|1681759006\n|move|p2b: Amoonguss|Rage Powder|p2b: Amoonguss\n|-singleturn|p2b: Amoonguss|move: Rage Powder\n|move|p2a: Baxcalibur|Ice Shard|p1a: Dragapult\n|-damage|p1a: Dragapult|36\/100\n|-damage|p2a: Baxcalibur|81\/100|[from] item: Life Orb\n|move|p1a: Dragapult|Dragon Darts|p2b: Amoonguss\n|-damage|p2b: Amoonguss|7\/100\n|-anim|p1a: Dragapult|Dragon Darts|p2b: Amoonguss\n|-damage|p2b: Amoonguss|0 fnt\n|faint|p2b: Amoonguss\n|move|p1b: Flutter Mane|Dazzling Gleam|p2a: Baxcalibur\n|-supereffective|p2a: Baxcalibur\n|-damage|p2a: Baxcalibur|0 fnt\n|faint|p2a: Baxcalibur\n|-damage|p1b: Flutter Mane|81\/100|[from] item: Life Orb\n|\n|upkeep\n|\n|t:|1681759021\n|switch|p2b: Ting-Lu|Ting-Lu, L50|47\/100\n|-ability|p2b: Ting-Lu|Vessel of Ruin\n|turn|7\n|\n|t:|1681759025\n|move|p1a: Dragapult|Dragon Darts|p2b: Ting-Lu\n|-damage|p2b: Ting-Lu|26\/100\n|-anim|p1a: Dragapult|Dragon Darts|p2b: Ting-Lu\n|-damage|p2b: Ting-Lu|8\/100\n|move|p1b: Flutter Mane|Moonblast|p2b: Ting-Lu\n|-supereffective|p2b: Ting-Lu\n|-damage|p2b: Ting-Lu|0 fnt\n|faint|p2b: Ting-Lu\n|-damage|p1b: Flutter Mane|71\/100|[from] item: Life Orb\n|\n|win|Uao\n|raw|Uao's rating: 1353 → 1372<\/strong> (+19 for winning)\n|raw|Czeslaw88's rating: 1344 → 1325<\/strong> (-19 for losing)\n|l|\u2606Czeslaw88\n","uploadtime":1681759049,"views":63,"p1id":"uao","p2id":"czeslaw88","formatid":"gen9vgc2023regulationc","rating":1325,"private":0,"password":""}