{"id":"gen9vgc2023regulationc-1858416667","p1":"TannerIGuess","p2":"Arcacagne","format":"[Gen 9] VGC 2023 Regulation C","log":"|j|\u2606TannerIGuess\n|j|\u2606Arcacagne\n|t:|1683310303\n|gametype|doubles\n|player|p1|TannerIGuess|rancher|1347\n|player|p2|Arcacagne|1|1421\n|teamsize|p1|6\n|teamsize|p2|6\n|gen|9\n|tier|[Gen 9] VGC 2023 Regulation C\n|rated|\n|rule|Species Clause: Limit one of each Pok\u00e9mon\n|rule|Item Clause: Limit one of each item\n|clearpoke\n|poke|p1|Chien-Pao, L50|\n|poke|p1|Dragonite, L50, M|\n|poke|p1|Flutter Mane, L50|\n|poke|p1|Great Tusk, L50|\n|poke|p1|Lilligant, L50, F|\n|poke|p1|Torkoal, L50, F|\n|poke|p2|Chi-Yu, L50|\n|poke|p2|Flutter Mane, L50|\n|poke|p2|Amoonguss, L50, M|\n|poke|p2|Palafin, L50, F|\n|poke|p2|Kingambit, L50, M|\n|poke|p2|Arcanine, L50, F|\n|teampreview|4\nArcacagne has agreed to open team sheets.\nTannerIGuess has agreed to open team sheets.\n|inactive|Battle timer is ON: inactive players will automatically lose when time's up. (requested by TannerIGuess)\n|inactive|Arcacagne has 60 seconds left.\n|\n|t:|1683310372\n|start\n|switch|p1a: Flutter Mane|Flutter Mane, L50|100\/100\n|switch|p1b: Great Tusk|Great Tusk, L50|100\/100\n|switch|p2a: Chi-Yu|Chi-Yu, L50|100\/100\n|switch|p2b: Amoonguss|Amoonguss, L50, M|100\/100\n|-ability|p2a: Chi-Yu|Beads of Ruin\n|turn|1\n|inactive|Arcacagne has 30 seconds left.\n|\n|t:|1683310404\n|-end|p1b: Great Tusk|Protosynthesis|[silent]\n|switch|p1b: Torkoal|Torkoal, L50, F|100\/100\n|-weather|SunnyDay|[from] ability: Drought|[of] p1b: Torkoal\n|-activate|p1a: Flutter Mane|ability: Protosynthesis\n|-start|p1a: Flutter Mane|protosynthesisspe\n|move|p2a: Chi-Yu|Protect|p2a: Chi-Yu\n|-singleturn|p2a: Chi-Yu|Protect\n|move|p1a: Flutter Mane|Mystical Fire|p2b: Amoonguss\n|-supereffective|p2b: Amoonguss\n|-damage|p2b: Amoonguss|0 fnt\n|faint|p2b: Amoonguss\n|\n|-weather|SunnyDay|[upkeep]\n|upkeep\n|\n|t:|1683310417\n|switch|p2b: Flutter Mane|Flutter Mane, L50|100\/100\n|-activate|p2b: Flutter Mane|ability: Protosynthesis\n|-start|p2b: Flutter Mane|protosynthesisspa\n|turn|2\n|\n|t:|1683310445\n|-terastallize|p1a: Flutter Mane|Steel\n|-terastallize|p2b: Flutter Mane|Fairy\n|move|p1a: Flutter Mane|Mystical Fire|p2b: Flutter Mane\n|-damage|p2b: Flutter Mane|42\/100\n|-unboost|p2b: Flutter Mane|spa|1\n|move|p2b: Flutter Mane|Moonblast|p1a: Flutter Mane\n|-resisted|p1a: Flutter Mane\n|-damage|p1a: Flutter Mane|67\/100\n|move|p2a: Chi-Yu|Heat Wave|p1b: Torkoal|[spread] p1a,p1b\n|-supereffective|p1a: Flutter Mane\n|-resisted|p1b: Torkoal\n|-damage|p1a: Flutter Mane|0 fnt\n|-damage|p1b: Torkoal|55\/100\n|faint|p1a: Flutter Mane\n|-end|p1a: Flutter Mane|Protosynthesis|[silent]\n|move|p1b: Torkoal|Heat Wave|p2b: Flutter Mane|[spread] p2a,p2b\n|-resisted|p2a: Chi-Yu\n|-damage|p2a: Chi-Yu|75\/100\n|-damage|p2b: Flutter Mane|0 fnt\n|faint|p2b: Flutter Mane\n|-end|p2b: Flutter Mane|Protosynthesis|[silent]\n|\n|-weather|SunnyDay|[upkeep]\n|upkeep\n|\n|t:|1683310467\n|switch|p1a: Lilligant|Lilligant, L50, F|100\/100\n|switch|p2b: Arcanine|Arcanine, L50, F|100\/100\n|-ability|p2b: Arcanine|Intimidate|boost\n|-unboost|p1a: Lilligant|atk|1\n|-unboost|p1b: Torkoal|atk|1\n|turn|3\n|\n|t:|1683310481\n|move|p1a: Lilligant|Protect|p1a: Lilligant\n|-singleturn|p1a: Lilligant|Protect\n|move|p2b: Arcanine|Protect|p2b: Arcanine\n|-singleturn|p2b: Arcanine|Protect\n|move|p2a: Chi-Yu|Heat Wave|p1b: Torkoal|[spread] p1b\n|-activate|p1a: Lilligant|move: Protect\n|-resisted|p1b: Torkoal\n|-damage|p1b: Torkoal|12\/100\n|move|p1b: Torkoal|Earth Power|p2a: Chi-Yu\n|-supereffective|p2a: Chi-Yu\n|-damage|p2a: Chi-Yu|31\/100\n|\n|-weather|SunnyDay|[upkeep]\n|upkeep\n|turn|4\n|\n|t:|1683310501\n|move|p1a: Lilligant|Sleep Powder|p2b: Arcanine\n|-status|p2b: Arcanine|slp|[from] move: Sleep Powder\n|move|p2a: Chi-Yu|Heat Wave|p1a: Lilligant|[spread] p1a,p1b\n|-supereffective|p1a: Lilligant\n|-resisted|p1b: Torkoal\n|-damage|p1a: Lilligant|0 fnt\n|-damage|p1b: Torkoal|0 fnt\n|faint|p1a: Lilligant\n|faint|p1b: Torkoal\n|cant|p2b: Arcanine|slp\n|\n|-weather|SunnyDay|[upkeep]\n|upkeep\n|\n|t:|1683310512\n|switch|p1a: Great Tusk|Great Tusk, L50|100\/100\n|-activate|p1a: Great Tusk|ability: Protosynthesis\n|-start|p1a: Great Tusk|protosynthesisatk\n|turn|5\n|\n|t:|1683310520\n|cant|p2b: Arcanine|slp\n|move|p1a: Great Tusk|Earthquake|p2a: Chi-Yu|[spread] p2a,p2b\n|-supereffective|p2a: Chi-Yu\n|-supereffective|p2b: Arcanine\n|-damage|p2a: Chi-Yu|0 fnt\n|-damage|p2b: Arcanine|6\/100 slp\n|-enditem|p2b: Arcanine|Aguav Berry|[eat]\n|-heal|p2b: Arcanine|39\/100 slp|[from] item: Aguav Berry\n|faint|p2a: Chi-Yu\n|\n|-weather|none\n|-end|p1a: Great Tusk|Protosynthesis\n|upkeep\n|turn|6\n|\n|t:|1683310530\n|move|p1a: Great Tusk|Earthquake|p2b: Arcanine\n|-supereffective|p2b: Arcanine\n|-damage|p2b: Arcanine|0 fnt\n|faint|p2b: Arcanine\n|\n|win|TannerIGuess\n|raw|TannerIGuess's rating: 1347 → 1371<\/strong> (+24 for winning)\n|raw|Arcacagne's rating: 1421 → 1397<\/strong> (-24 for losing)\n","uploadtime":1683310536,"views":10,"p1id":"tanneriguess","p2id":"arcacagne","formatid":"gen9vgc2023regulationc","rating":1371,"private":0,"password":""}