{"id":"gen9vgc2023regulationc-1855187569","p1":"Emberbloom","p2":"something123","format":"[Gen 9] VGC 2023 Regulation C","log":"|j|\u2606Emberbloom\n|j|\u2606something123\n|t:|1682912354\n|gametype|doubles\n|player|p1|Emberbloom|flannery|1341\n|player|p2|something123|170|1446\n|teamsize|p1|6\n|teamsize|p2|6\n|gen|9\n|tier|[Gen 9] VGC 2023 Regulation C\n|rated|\n|rule|Species Clause: Limit one of each Pok\u00e9mon\n|rule|Item Clause: Limit one of each item\n|clearpoke\n|poke|p1|Corviknight, L50, M|\n|poke|p1|Tyranitar, L50, M|\n|poke|p1|Garchomp, L50, F|\n|poke|p1|Amoonguss, L50, M|\n|poke|p1|Arcanine, L50, M|\n|poke|p1|Iron Bundle, L50|\n|poke|p2|Iron Bundle, L50|\n|poke|p2|Chi-Yu, L50|\n|poke|p2|Amoonguss, L50, F|\n|poke|p2|Salamence, L50, M|\n|poke|p2|Great Tusk, L50|\n|poke|p2|Flutter Mane, L50|\n|teampreview|4\nsomething123 has agreed to open team sheets.\nEmberbloom has agreed to open team sheets.\n|inactive|Battle timer is ON: inactive players will automatically lose when time's up. (requested by something123)\n|\n|t:|1682912420\n|start\n|switch|p1a: Tyranitar|Tyranitar, L50, M, shiny|100\/100\n|switch|p1b: Arcanine|Arcanine, L50, M|100\/100\n|switch|p2a: Great Tusk|Great Tusk, L50|100\/100\n|switch|p2b: Salamence|Salamence, L50, M|100\/100\n|-ability|p2b: Salamence|Intimidate|boost\n|-unboost|p1a: Tyranitar|atk|1\n|-unboost|p1b: Arcanine|atk|1\n|-ability|p1b: Arcanine|Intimidate|boost\n|-unboost|p2a: Great Tusk|atk|1\n|-unboost|p2b: Salamence|atk|1\n|-weather|Sandstorm|[from] ability: Sand Stream|[of] p1a: Tyranitar\n|turn|1\n|inactive|Emberbloom has 30 seconds left.\n|inactive|something123 has 30 seconds left.\n|inactive|Emberbloom has 20 seconds left.\n|\n|t:|1682912457\n|-terastallize|p1a: Tyranitar|Flying\n|move|p2a: Great Tusk|Protect|p2a: Great Tusk\n|-singleturn|p2a: Great Tusk|Protect\n|move|p2b: Salamence|Draco Meteor|p1b: Arcanine|[miss]\n|-miss|p2b: Salamence|p1b: Arcanine\n|move|p1b: Arcanine|Will-O-Wisp|p2a: Great Tusk\n|-activate|p2a: Great Tusk|move: Protect\n|move|p1a: Tyranitar|Tera Blast|p2a: Great Tusk\n|-activate|p2a: Great Tusk|move: Protect\n|\n|-weather|Sandstorm|[upkeep]\n|-damage|p2b: Salamence|95\/100|[from] Sandstorm\n|-damage|p1a: Tyranitar|95\/100|[from] Sandstorm\n|upkeep\n|turn|2\n|inactive|Emberbloom has 30 seconds left.\n|inactive|something123 has 30 seconds left.\n|\n|t:|1682912489\n|move|p2b: Salamence|Tailwind|p2b: Salamence\n|-sidestart|p2: something123|move: Tailwind\n|move|p2a: Great Tusk|Headlong Rush|p1b: Arcanine\n|-supereffective|p1b: Arcanine\n|-damage|p1b: Arcanine|11\/100\n|-unboost|p2a: Great Tusk|def|1\n|-unboost|p2a: Great Tusk|spd|1\n|move|p1b: Arcanine|Howl|p1b: Arcanine|[spread] p1a,p1b\n|-boost|p1a: Tyranitar|atk|1\n|-boost|p1b: Arcanine|atk|1\n|move|p1a: Tyranitar|Tera Blast|p2a: Great Tusk\n|-supereffective|p2a: Great Tusk\n|-damage|p2a: Great Tusk|6\/100\n|\n|-weather|Sandstorm|[upkeep]\n|-damage|p2b: Salamence|89\/100|[from] Sandstorm\n|-damage|p1a: Tyranitar|89\/100|[from] Sandstorm\n|upkeep\n|turn|3\n|inactive|something123 has 30 seconds left.\n|inactive|something123 has 20 seconds left.\n|\n|t:|1682912526\n|move|p1b: Arcanine|Extreme Speed|p2a: Great Tusk\n|-damage|p2a: Great Tusk|0 fnt\n|faint|p2a: Great Tusk\n|-end|p2a: Great Tusk|Protosynthesis|[silent]\n|move|p2b: Salamence|Iron Head|p1a: Tyranitar\n|-damage|p1a: Tyranitar|78\/100\n|move|p1a: Tyranitar|Rock Slide|p2b: Salamence\n|-supereffective|p2b: Salamence\n|-damage|p2b: Salamence|5\/100\n|\n|-weather|Sandstorm|[upkeep]\n|-damage|p2b: Salamence|0 fnt|[from] Sandstorm\n|-damage|p1a: Tyranitar|72\/100|[from] Sandstorm\n|faint|p2b: Salamence\n|upkeep\n|\n|t:|1682912535\n|switch|p2b: Iron Bundle|Iron Bundle, L50|100\/100\n|switch|p2a: Chi-Yu|Chi-Yu, L50|100\/100\n|-ability|p2a: Chi-Yu|Beads of Ruin\n|turn|4\n|\n|t:|1682912553\n|move|p1b: Arcanine|Extreme Speed|p2b: Iron Bundle\n|-damage|p2b: Iron Bundle|73\/100\n|move|p2b: Iron Bundle|Freeze-Dry|p1a: Tyranitar\n|-supereffective|p1a: Tyranitar\n|-damage|p1a: Tyranitar|8\/100\n|move|p2a: Chi-Yu|Heat Wave|p1b: Arcanine|[spread] p1a,p1b\n|-resisted|p1b: Arcanine\n|-damage|p1a: Tyranitar|0 fnt\n|-damage|p1b: Arcanine|0 fnt\n|faint|p1a: Tyranitar\n|faint|p1b: Arcanine\n|\n|-weather|Sandstorm|[upkeep]\n|-damage|p2b: Iron Bundle|67\/100|[from] Sandstorm\n|-damage|p2a: Chi-Yu|94\/100|[from] Sandstorm\n|upkeep\n|\n|t:|1682912556\n|switch|p1b: Garchomp|Garchomp, L50, F|100\/100\n|switch|p1a: Iron Bundle|Iron Bundle, L50|100\/100\n|-enditem|p1a: Iron Bundle|Booster Energy\n|-activate|p1a: Iron Bundle|ability: Quark Drive|[fromitem]\n|-start|p1a: Iron Bundle|quarkdrivespe\n|turn|5\n|inactive|something123 has 30 seconds left.\n|\n|t:|1682912582\n|move|p1b: Garchomp|Protect|p1b: Garchomp\n|-singleturn|p1b: Garchomp|Protect\n|move|p2b: Iron Bundle|Freeze-Dry|p1b: Garchomp\n|-activate|p1b: Garchomp|move: Protect\n|move|p2a: Chi-Yu|Dark Pulse|p1a: Iron Bundle\n|-damage|p1a: Iron Bundle|25\/100\n|move|p1a: Iron Bundle|Icy Wind|p2b: Iron Bundle|[spread] p2a,p2b\n|-resisted|p2a: Chi-Yu\n|-resisted|p2b: Iron Bundle\n|-damage|p2a: Chi-Yu|85\/100\n|-damage|p2b: Iron Bundle|55\/100\n|-unboost|p2b: Iron Bundle|spe|1\n|\n|-weather|none\n|-sideend|p2: something123|move: Tailwind\n|upkeep\n|turn|6\n|inactive|something123 has 30 seconds left.\n|\n|t:|1682912617\n|-terastallize|p2a: Chi-Yu|Water\n|move|p1a: Iron Bundle|Freeze-Dry|p2b: Iron Bundle\n|-damage|p2b: Iron Bundle|0 fnt\n|faint|p2b: Iron Bundle\n|-end|p2b: Iron Bundle|Quark Drive|[silent]\n|move|p1b: Garchomp|Rock Slide|p2a: Chi-Yu\n|-damage|p2a: Chi-Yu|53\/100\n|move|p2a: Chi-Yu|Heat Wave|p1b: Garchomp|[spread] p1b\n|-miss|p2a: Chi-Yu|p1a: Iron Bundle\n|-resisted|p1b: Garchomp\n|-damage|p1b: Garchomp|77\/100\n|\n|upkeep\n|turn|7\n|\n|t:|1682912630\n|move|p1a: Iron Bundle|Freeze-Dry|p2a: Chi-Yu\n|-supereffective|p2a: Chi-Yu\n|-damage|p2a: Chi-Yu|0 fnt\n|faint|p2a: Chi-Yu\n|\n|win|Emberbloom\n|raw|Emberbloom's rating: 1341 → 1367<\/strong> (+26 for winning)\n|raw|something123's rating: 1446 → 1420<\/strong> (-26 for losing)\n","uploadtime":1682912638,"views":22,"p1id":"emberbloom","p2id":"something123","formatid":"gen9vgc2023regulationc","rating":1367,"private":0,"password":""}