{"id":"gen9vgc2023regulationc-1846105933","p1":"tghdfgh","p2":"Giarry","format":"[Gen 9] VGC 2023 Regulation C","log":"|j|\u2606tghdfgh\n|j|\u2606Giarry\n|t:|1681807167\n|gametype|doubles\n|player|p1|tghdfgh|1|1195\n|player|p2|Giarry|ghetsis-gen5bw|1256\n|teamsize|p1|6\n|teamsize|p2|6\n|gen|9\n|tier|[Gen 9] VGC 2023 Regulation C\n|rated|\n|rule|Species Clause: Limit one of each Pok\u00e9mon\n|rule|Item Clause: Limit one of each item\n|clearpoke\n|poke|p1|Torkoal, L50, F|\n|poke|p1|Chi-Yu, L50|\n|poke|p1|Bronzong, L50|\n|poke|p1|Gastrodon, L50, F|\n|poke|p1|Grimmsnarl, L50, M|\n|poke|p1|Skeledirge, L50, M|\n|poke|p2|Chi-Yu, L50|\n|poke|p2|Glimmora, L50, M|\n|poke|p2|Garganacl, L50, F|\n|poke|p2|Wo-Chien, L50|\n|poke|p2|Iron Hands, L50|\n|poke|p2|Amoonguss, L50, M|\n|teampreview|4\n|inactive|Battle timer is ON: inactive players will automatically lose when time's up. (requested by Giarry)\n|inactive|Giarry has 60 seconds left.\n|\n|t:|1681807215\n|start\n|switch|p1a: Chi-Yu|Chi-Yu, L50|100\/100\n|switch|p1b: Grimmsnarl|Grimmsnarl, L50, M|100\/100\n|switch|p2a: Wo-Chien|Wo-Chien, L50|100\/100\n|switch|p2b: Glimmora|Glimmora, L50, M|100\/100\n|-ability|p1a: Chi-Yu|Beads of Ruin\n|-ability|p2a: Wo-Chien|Tablets of Ruin\n|turn|1\n|inactive|Giarry has 30 seconds left.\n|inactive|Giarry has 20 seconds left.\n|inactive|Giarry has 15 seconds left.\n|inactive|Giarry has 10 seconds left.\n|inactive|Giarry has 5 seconds left.\n|\n|t:|1681807266\n|switch|p2a: Garganacl|Garganacl, L50, F|100\/100\n|move|p1a: Chi-Yu|Protect|p1a: Chi-Yu\n|-singleturn|p1a: Chi-Yu|Protect\n|move|p1b: Grimmsnarl|Trick|p2b: Glimmora\n|-activate|p1b: Grimmsnarl|move: Trick|[of] p2b: Glimmora\n|-item|p2b: Glimmora|Lagging Tail|[from] move: Trick\n|-item|p1b: Grimmsnarl|Focus Sash|[from] move: Trick\n|move|p2b: Glimmora|Mortal Spin|p1b: Grimmsnarl|[spread] p1b\n|-activate|p1a: Chi-Yu|move: Protect\n|-supereffective|p1b: Grimmsnarl\n|-damage|p1b: Grimmsnarl|91\/100\n|-status|p1b: Grimmsnarl|psn\n|\n|-damage|p1b: Grimmsnarl|79\/100 psn|[from] psn\n|upkeep\n|turn|2\n|\n|t:|1681807290\n|switch|p1a: Gastrodon|Gastrodon, L50, F|100\/100\n|move|p1b: Grimmsnarl|Trick|p2a: Garganacl\n|-activate|p1b: Grimmsnarl|move: Trick|[of] p2a: Garganacl\n|-item|p2a: Garganacl|Focus Sash|[from] move: Trick\n|-item|p1b: Grimmsnarl|Leftovers|[from] move: Trick\n|move|p2a: Garganacl|Salt Cure|p1a: Gastrodon\n|-resisted|p1a: Gastrodon\n|-crit|p1a: Gastrodon\n|-damage|p1a: Gastrodon|88\/100\n|move|p2b: Glimmora|Venoshock|p1b: Grimmsnarl\n|-supereffective|p1b: Grimmsnarl\n|-damage|p1b: Grimmsnarl|0 fnt\n|faint|p1b: Grimmsnarl\n|\n|upkeep\n|\n|t:|1681807306\n|switch|p1b: Chi-Yu|Chi-Yu, L50|100\/100\n|-ability|p1b: Chi-Yu|Beads of Ruin\n|turn|3\n|\n|t:|1681807315\n|move|p1b: Chi-Yu|Protect|p1b: Chi-Yu\n|-singleturn|p1b: Chi-Yu|Protect\n|move|p1a: Gastrodon|Protect|p1a: Gastrodon\n|-singleturn|p1a: Gastrodon|Protect\n|move|p2a: Garganacl|Salt Cure|p1b: Chi-Yu\n|-activate|p1b: Chi-Yu|move: Protect\n|move|p2b: Glimmora|Mortal Spin|p1b: Chi-Yu|[spread] \n|-activate|p1a: Gastrodon|move: Protect\n|-activate|p1b: Chi-Yu|move: Protect\n|\n|upkeep\n|turn|4\n|\n|t:|1681807323\n|move|p1b: Chi-Yu|Substitute|p1b: Chi-Yu\n|-start|p1b: Chi-Yu|Substitute\n|-damage|p1b: Chi-Yu|76\/100\n|move|p1a: Gastrodon|Earth Power|p2b: Glimmora\n|-supereffective|p2b: Glimmora\n|-crit|p2b: Glimmora\n|-damage|p2b: Glimmora|0 fnt\n|faint|p2b: Glimmora\n|move|p2a: Garganacl|Salt Cure|p1b: Chi-Yu\n|-supereffective|p1b: Chi-Yu\n|-end|p1b: Chi-Yu|Substitute\n|\n|upkeep\n|\n|t:|1681807332\n|switch|p2b: Iron Hands|Iron Hands, L50|100\/100\n|-enditem|p2b: Iron Hands|Booster Energy\n|-activate|p2b: Iron Hands|ability: Quark Drive|[fromitem]\n|-start|p2b: Iron Hands|quarkdriveatk\n|turn|5\n|\n|t:|1681807358\n|switch|p1b: Skeledirge|Skeledirge, L50, M|100\/100\n|move|p2b: Iron Hands|Drain Punch|p1a: Gastrodon\n|-damage|p1a: Gastrodon|15\/100\n|move|p1a: Gastrodon|Earth Power|p2a: Garganacl\n|-supereffective|p2a: Garganacl\n|-damage|p2a: Garganacl|51\/100\n|move|p2a: Garganacl|Salt Cure|p1b: Skeledirge\n|-supereffective|p1b: Skeledirge\n|-damage|p1b: Skeledirge|77\/100\n|-start|p1b: Skeledirge|Salt Cure\n|\n|-heal|p1b: Skeledirge|83\/100|[from] item: Leftovers\n|-damage|p1b: Skeledirge|71\/100|[from] Salt Cure\n|upkeep\n|turn|6\n|inactive|Giarry has 30 seconds left.\n|\n|t:|1681807386\n|move|p1a: Gastrodon|Protect|p1a: Gastrodon\n|-singleturn|p1a: Gastrodon|Protect\n|move|p1b: Skeledirge|Torch Song|p2b: Iron Hands\n|-damage|p2b: Iron Hands|60\/100\n|-boost|p1b: Skeledirge|spa|1\n|move|p2b: Iron Hands|Thunder Punch|p1b: Skeledirge\n|-damage|p1b: Skeledirge|17\/100\n|move|p2a: Garganacl|Body Press|p1a: Gastrodon\n|-activate|p1a: Gastrodon|move: Protect\n|\n|-heal|p1b: Skeledirge|23\/100|[from] item: Leftovers\n|-damage|p1b: Skeledirge|11\/100|[from] Salt Cure\n|upkeep\n|turn|7\n|\n|t:|1681807402\n|-terastallize|p1b: Skeledirge|Fairy\n|-terastallize|p2b: Iron Hands|Flying\n|move|p1b: Skeledirge|Tera Blast|p2b: Iron Hands\n|-damage|p2b: Iron Hands|0 fnt\n|faint|p2b: Iron Hands\n|-end|p2b: Iron Hands|Quark Drive|[silent]\n|move|p1a: Gastrodon|Earth Power|p2a: Garganacl\n|-supereffective|p2a: Garganacl\n|-damage|p2a: Garganacl|1\/100\n|move|p2a: Garganacl|Body Press|p1a: Gastrodon\n|-damage|p1a: Gastrodon|0 fnt\n|faint|p1a: Gastrodon\n|\n|-heal|p1b: Skeledirge|17\/100|[from] item: Leftovers\n|-damage|p1b: Skeledirge|5\/100|[from] Salt Cure\n|upkeep\n|\n|t:|1681807413\n|switch|p2b: Wo-Chien|Wo-Chien, L50|100\/100\n|switch|p1a: Chi-Yu|Chi-Yu, L50|76\/100\n|-ability|p1a: Chi-Yu|Beads of Ruin\n|-ability|p2b: Wo-Chien|Tablets of Ruin\n|turn|8\n|\n|t:|1681807429\n|move|p1a: Chi-Yu|Snarl|p2b: Wo-Chien|[spread] p2a,p2b\n|-resisted|p2b: Wo-Chien\n|-damage|p2a: Garganacl|0 fnt\n|-damage|p2b: Wo-Chien|92\/100\n|-unboost|p2b: Wo-Chien|spa|1\n|faint|p2a: Garganacl\n|move|p1b: Skeledirge|Torch Song|p2b: Wo-Chien\n|-supereffective|p2b: Wo-Chien\n|-damage|p2b: Wo-Chien|0 fnt\n|-boost|p1b: Skeledirge|spa|1\n|faint|p2b: Wo-Chien\n|\n|win|tghdfgh\n|raw|tghdfgh's rating: 1195 → 1224<\/strong> (+29 for winning)\n|raw|Giarry's rating: 1256 → 1227<\/strong> (-29 for losing)\n","uploadtime":1681807434,"views":16,"p1id":"tghdfgh","p2id":"giarry","formatid":"gen9vgc2023regulationc","rating":1224,"private":0,"password":""}