{"id":"gen9vgc2023regulationc-1856800071","p1":"BapeChiang","p2":"Luckk1011 VGC","format":"[Gen 9] VGC 2023 Regulation C","log":"|j|\u2606BapeChiang\n|j|\u2606Luckk1011 VGC\n|t:|1683113263\n|gametype|doubles\n|player|p1|BapeChiang|roark|1294\n|player|p2|Luckk1011 VGC|ghetsis|1207\n|teamsize|p1|6\n|teamsize|p2|6\n|gen|9\n|tier|[Gen 9] VGC 2023 Regulation C\n|rated|\n|rule|Species Clause: Limit one of each Pok\u00e9mon\n|rule|Item Clause: Limit one of each item\n|clearpoke\n|poke|p1|Dragapult, L50, M|\n|poke|p1|Rotom-Mow, L50|\n|poke|p1|Scizor, L50, M|\n|poke|p1|Coalossal, L50, M|\n|poke|p1|Bruxish, L50, M|\n|poke|p1|Chien-Pao, L50|\n|poke|p2|Gholdengo, L50|\n|poke|p2|Palafin, L50, F|\n|poke|p2|Amoonguss, L50, M|\n|poke|p2|Arcanine, L50, F|\n|poke|p2|Chien-Pao, L50|\n|poke|p2|Dragonite, L50, F|\n|teampreview|4\nBapeChiang rejected open team sheets.\n|inactive|Battle timer is ON: inactive players will automatically lose when time's up. (requested by BapeChiang)\n|\n|t:|1683113297\n|start\n|switch|p1a: Dragapult|Dragapult, L50, M, shiny|100\/100\n|switch|p1b: Chien-Pao|Chien-Pao, L50|100\/100\n|switch|p2a: Chien-Pao|Chien-Pao, L50|100\/100\n|switch|p2b: Dragonite|Dragonite, L50, F|100\/100\n|-ability|p1b: Chien-Pao|Sword of Ruin\n|-ability|p2a: Chien-Pao|Sword of Ruin\n|turn|1\n|\n|t:|1683113312\n|switch|p1b: Bruxish|Bruxish, L50, M|100\/100\n|-terastallize|p1a: Dragapult|Dragon\n|-terastallize|p2b: Dragonite|Flying\n|move|p2a: Chien-Pao|Protect|p2a: Chien-Pao\n|-singleturn|p2a: Chien-Pao|Protect\n|move|p1a: Dragapult|Dragon Darts|p2b: Dragonite\n|-damage|p2b: Dragonite|42\/100\n|-anim|p1a: Dragapult|Dragon Darts|p2b: Dragonite\n|-damage|p2b: Dragonite|0 fnt\n|faint|p2b: Dragonite\n|\n|upkeep\n|\n|t:|1683113331\n|switch|p2b: Arcanine|Arcanine, L50, F|100\/100\n|-ability|p2b: Arcanine|Intimidate|boost\n|-fail|p1a: Dragapult|unboost|[from] ability: Clear Body|[of] p1a: Dragapult\n|-unboost|p1b: Bruxish|atk|1\n|turn|2\n|\n|t:|1683113342\n|move|p1a: Dragapult|Dragon Darts|p2a: Chien-Pao\n|-damage|p2a: Chien-Pao|38\/100\n|-anim|p1a: Dragapult|Dragon Darts|p2b: Arcanine\n|-damage|p2b: Arcanine|29\/100\n|move|p2a: Chien-Pao|Ice Spinner|p1a: Dragapult\n|-supereffective|p1a: Dragapult\n|-damage|p1a: Dragapult|0 fnt\n|faint|p1a: Dragapult\n|move|p1b: Bruxish|Wave Crash|p2b: Arcanine\n|-supereffective|p2b: Arcanine\n|-damage|p2b: Arcanine|0 fnt\n|faint|p2b: Arcanine\n|-damage|p1b: Bruxish|87\/100|[from] Recoil\n|\n|upkeep\n|\n|t:|1683113354\n|switch|p1a: Scizor|Scizor, L50, M, shiny|100\/100\n|switch|p2b: Amoonguss|Amoonguss, L50, M, shiny|100\/100\n|turn|3\n|\n|t:|1683113369\n|move|p2a: Chien-Pao|Protect|p2a: Chien-Pao\n|-singleturn|p2a: Chien-Pao|Protect\n|move|p1a: Scizor|Bullet Punch|p2a: Chien-Pao\n|-activate|p2a: Chien-Pao|move: Protect\n|move|p1b: Bruxish|Wave Crash|p2a: Chien-Pao\n|-activate|p2a: Chien-Pao|move: Protect\n|move|p2b: Amoonguss|Spore|p1a: Scizor\n|-status|p1a: Scizor|slp|[from] move: Spore\n|\n|upkeep\n|turn|4\n|\n|t:|1683113386\n|move|p2a: Chien-Pao|Sucker Punch||[still]\n|cant|p1b: Bruxish|ability: Dazzling|Sucker Punch|[of] p2a: Chien-Pao\n|cant|p1a: Scizor|slp\n|move|p1b: Bruxish|Wave Crash|p2a: Chien-Pao\n|-damage|p2a: Chien-Pao|0 fnt\n|faint|p2a: Chien-Pao\n|-damage|p1b: Bruxish|74\/100|[from] Recoil\n|move|p2b: Amoonguss|Pollen Puff|p2: Chien-Pao|[notarget]\n|-fail|p2b: Amoonguss\n|\n|upkeep\n|turn|5\n|-message|Luckk1011 VGC forfeited.\n|\n|win|BapeChiang\n|raw|BapeChiang's rating: 1294 → 1313<\/strong> (+19 for winning)\n|raw|Luckk1011 VGC's rating: 1207 → 1188<\/strong> (-19 for losing)\n|l|\u2606Luckk1011 VGC\n","uploadtime":1683113405,"views":9,"p1id":"bapechiang","p2id":"luckk1011vgc","formatid":"gen9vgc2023regulationc","rating":1188,"private":0,"password":""}