{"id":"gen9vgc2023regulationc-1849226986","p1":"Insertable194","p2":"YumeAn5","format":"[Gen 9] VGC 2023 Regulation C","log":"|j|\u2606Insertable194\n|j|\u2606YumeAn5\n|t:|1682175142\n|gametype|doubles\n|player|p1|Insertable194|hilbert-wonderlauncher|1293\n|player|p2|YumeAn5|tuberf|1270\n|teamsize|p1|6\n|teamsize|p2|6\n|gen|9\n|tier|[Gen 9] VGC 2023 Regulation C\n|rated|\n|rule|Species Clause: Limit one of each Pok\u00e9mon\n|rule|Item Clause: Limit one of each item\n|clearpoke\n|poke|p1|Ting-Lu, L50|\n|poke|p1|Palafin, L50, M|\n|poke|p1|Amoonguss, L50, M|\n|poke|p1|Arcanine, L50, M|\n|poke|p1|Flutter Mane, L50|\n|poke|p1|Iron Hands, L50|\n|poke|p2|Arcanine, L50, F|\n|poke|p2|Flutter Mane, L50|\n|poke|p2|Amoonguss, L50, F|\n|poke|p2|Ting-Lu, L50|\n|poke|p2|Roaring Moon, L50|\n|poke|p2|Palafin, L50, M|\n|teampreview|4\nInsertable194 has agreed to open team sheets.\n|inactive|Battle timer is ON: inactive players will automatically lose when time's up. (requested by Insertable194)\n|inactive|YumeAn5 has 60 seconds left.\n|\n|t:|1682175208\n|start\n|switch|p1a: Flutter Mane|Flutter Mane, L50|100\/100\n|switch|p1b: Arcanine|Arcanine, L50, M|100\/100\n|switch|p2a: Camarero|Palafin, L50, M, shiny|100\/100\n|switch|p2b: $DOGE|Arcanine, L50, F, shiny|100\/100\n|-ability|p2b: $DOGE|Intimidate|boost\n|-unboost|p1a: Flutter Mane|atk|1\n|-unboost|p1b: Arcanine|atk|1\n|-ability|p1b: Arcanine|Intimidate|boost\n|-unboost|p2a: Camarero|atk|1\n|-unboost|p2b: $DOGE|atk|1\n|turn|1\n|inactive|Insertable194 has 30 seconds left.\n|\n|t:|1682175242\n|-end|p1a: Flutter Mane|Protosynthesis|[silent]\n|switch|p1a: Iron Hands|Iron Hands, L50|100\/100\n|switch|p1b: Amoonguss|Amoonguss, L50, M|100\/100\n|detailschange|p2a: Camarero|Palafin-Hero, L50, M, shiny\n|switch|p2a: Seta|Amoonguss, L50, F, shiny|100\/100\n|move|p2b: $DOGE|Flare Blitz|p1a: Iron Hands\n|-damage|p1a: Iron Hands|79\/100\n|-damage|p2b: $DOGE|92\/100|[from] Recoil\n|\n|upkeep\n|turn|2\n|j| A Borygon\n|inactive|Insertable194 has 30 seconds left.\n|inactive|YumeAn5 has 30 seconds left.\n|inactive|Insertable194 has 20 seconds left.\n|inactive|YumeAn5 has 20 seconds left.\n|inactive|YumeAn5 has 15 seconds left.\n|inactive|YumeAn5 has 10 seconds left.\n|inactive|YumeAn5 has 5 seconds left.\n|\n|t:|1682175294\n|move|p2b: $DOGE|Flare Blitz|p1b: Amoonguss\n|-supereffective|p1b: Amoonguss\n|-damage|p1b: Amoonguss|50\/100\n|-enditem|p1b: Amoonguss|Sitrus Berry|[eat]\n|-heal|p1b: Amoonguss|75\/100|[from] item: Sitrus Berry\n|-damage|p2b: $DOGE|73\/100|[from] Recoil\n|move|p1a: Iron Hands|Swords Dance|p1a: Iron Hands\n|-boost|p1a: Iron Hands|atk|2\n|move|p1b: Amoonguss|Spore|p2b: $DOGE\n|-status|p2b: $DOGE|slp|[from] move: Spore\n|move|p2a: Seta|Spore|p1a: Iron Hands\n|-activate|p1a: Iron Hands|item: Safety Goggles|Spore\n|\n|upkeep\n|turn|3\n|\n|t:|1682175318\n|switch|p1b: Arcanine|Arcanine, L50, M|100\/100\n|-ability|p1b: Arcanine|Intimidate|boost\n|-unboost|p2a: Seta|atk|1\n|-unboost|p2b: $DOGE|atk|1\n|move|p2a: Seta|Rage Powder|p2a: Seta\n|-singleturn|p2a: Seta|move: Rage Powder\n|cant|p2b: $DOGE|slp\n|move|p1a: Iron Hands|Thunder Punch|p2b: $DOGE\n|-damage|p2b: $DOGE|0 fnt\n|faint|p2b: $DOGE\n|\n|upkeep\n|\n|t:|1682175328\n|switch|p2b: Una de bravas|Flutter Mane, L50|100\/100\n|turn|4\n|\n|t:|1682175346\n|switch|p1b: Amoonguss|Amoonguss, L50, M|100\/100\n|-terastallize|p2b: Una de bravas|Fairy\n|-terastallize|p1a: Iron Hands|Fire\n|move|p2b: Una de bravas|Moonblast|p1a: Iron Hands\n|-resisted|p1a: Iron Hands\n|-damage|p1a: Iron Hands|36\/100\n|-unboost|p1a: Iron Hands|spa|1\n|move|p1a: Iron Hands|Thunder Punch|p2b: Una de bravas\n|-damage|p2b: Una de bravas|0 fnt\n|faint|p2b: Una de bravas\n|-end|p2b: Una de bravas|Protosynthesis|[silent]\n|move|p2a: Seta|Pollen Puff|p2: Una de bravas|[notarget]\n|-fail|p2a: Seta\n|\n|upkeep\n|\n|t:|1682175357\n|switch|p2b: Camarero|Palafin-Hero, L50, M, shiny|100\/100\n|-activate|p2b: Camarero|ability: Zero to Hero\n|turn|5\n|\n|t:|1682175367\n|move|p1a: Iron Hands|Protect|p1a: Iron Hands\n|-singleturn|p1a: Iron Hands|Protect\n|move|p2b: Camarero|Jet Punch|p1a: Iron Hands\n|-activate|p1a: Iron Hands|move: Protect\n|move|p1b: Amoonguss|Spore|p2b: Camarero\n|-status|p2b: Camarero|slp|[from] move: Spore\n|move|p2a: Seta|Pollen Puff|p2b: Camarero\n|-immune|p2b: Camarero\n|\n|upkeep\n|turn|6\n|-message|YumeAn5 forfeited.\n|\n|win|Insertable194\n|raw|Insertable194's rating: 1293 → 1316<\/strong> (+23 for winning)\n|raw|YumeAn5's rating: 1270 → 1247<\/strong> (-23 for losing)\n|l|\u2606YumeAn5\n","uploadtime":1682175381,"views":6,"p1id":"insertable194","p2id":"yumean5","formatid":"gen9vgc2023regulationc","rating":1247,"private":0,"password":""}