{"id":"gen9vgc2023regulationc-1846408112","p1":"arturin96","p2":"Mac\/Jade","format":"[Gen 9] VGC 2023 Regulation C","log":"|j|\u2606arturin96\n|j|\u2606Mac\/Jade\n|t:|1681838475\n|gametype|doubles\n|player|p1|arturin96|170|1000\n|player|p2|Mac\/Jade|lass|1000\n|teamsize|p1|6\n|teamsize|p2|6\n|gen|9\n|tier|[Gen 9] VGC 2023 Regulation C\n|rated|\n|rule|Species Clause: Limit one of each Pok\u00e9mon\n|rule|Item Clause: Limit one of each item\n|clearpoke\n|poke|p1|Amoonguss, L50, M|\n|poke|p1|Palafin, L50, F|\n|poke|p1|Sylveon, L50, M|\n|poke|p1|Arcanine, L50, F|\n|poke|p1|Dragonite, L50, F|\n|poke|p1|Iron Hands, L50|\n|poke|p2|Orthworm, L50, F|\n|poke|p2|Iron Moth, L50|\n|poke|p2|Bombirdier, L50, F|\n|poke|p2|Kilowattrel, L50, M|\n|poke|p2|Azumarill, L50, F|\n|poke|p2|Goodra, L50, M|\n|teampreview|4\n|\n|t:|1681838497\n|start\n|switch|p1a: Amoonguss|Amoonguss, L50, M|100\/100\n|switch|p1b: Arcanine|Arcanine, L50, F|100\/100\n|switch|p2a: Azumarill|Azumarill, L50, F|100\/100\n|switch|p2b: Goodra|Goodra, L50, M|100\/100\n|-ability|p1b: Arcanine|Intimidate|boost\n|-unboost|p2a: Azumarill|atk|1\n|-unboost|p2b: Goodra|atk|1\n|turn|1\n|\n|t:|1681838523\n|move|p1b: Arcanine|Protect|p1b: Arcanine\n|-singleturn|p1b: Arcanine|Protect\n|move|p2b: Goodra|Ice Beam|p1a: Amoonguss\n|-supereffective|p1a: Amoonguss\n|-damage|p1a: Amoonguss|57\/100\n|move|p2a: Azumarill|Ice Punch|p1a: Amoonguss\n|-supereffective|p1a: Amoonguss\n|-damage|p1a: Amoonguss|10\/100\n|-status|p1a: Amoonguss|frz\n|-enditem|p1a: Amoonguss|Sitrus Berry|[eat]\n|-heal|p1a: Amoonguss|35\/100 frz|[from] item: Sitrus Berry\n|-curestatus|p1a: Amoonguss|frz|[msg]\n|move|p1a: Amoonguss|Spore|p2a: Azumarill\n|-status|p2a: Azumarill|slp|[from] move: Spore\n|\n|upkeep\n|turn|2\n|\n|t:|1681838559\n|switch|p2a: Bombirdier|Bombirdier, L50, F|100\/100\n|switch|p1a: Sylveon|Sylveon, L50, M|100\/100\n|move|p1b: Arcanine|Flare Blitz|p2b: Goodra\n|-resisted|p2b: Goodra\n|-damage|p2b: Goodra|76\/100\n|-ability|p2b: Goodra|Gooey\n|-unboost|p1b: Arcanine|spe|1\n|-damage|p1b: Arcanine|92\/100|[from] Recoil\n|move|p2b: Goodra|Ice Beam|p1a: Sylveon\n|-damage|p1a: Sylveon|79\/100\n|-heal|p2b: Goodra|78\/100|[from] item: Shell Bell|[of] p1a: Sylveon\n|\n|upkeep\n|turn|3\n|\n|t:|1681838588\n|switch|p2b: Azumarill|Azumarill, L50, F|100\/100 slp\n|switch|p1b: Dragonite|Dragonite, L50, F|100\/100\n|move|p2a: Bombirdier|Rock Slide|p1a: Sylveon|[spread] p1a,p1b\n|-supereffective|p1b: Dragonite\n|-damage|p1a: Sylveon|49\/100\n|-damage|p1b: Dragonite|72\/100\n|cant|p1a: Sylveon|flinch\n|\n|upkeep\n|turn|4\n|\n|t:|1681838617\n|move|p1b: Dragonite|Extreme Speed|p2b: Azumarill\n|-damage|p2b: Azumarill|71\/100 slp\n|move|p2a: Bombirdier|Rock Slide|p1b: Dragonite|[spread] p1a,p1b\n|-supereffective|p1b: Dragonite\n|-damage|p1a: Sylveon|16\/100\n|-damage|p1b: Dragonite|14\/100\n|move|p1a: Sylveon|Hyper Voice|p2a: Bombirdier|[spread] p2a,p2b\n|-supereffective|p2a: Bombirdier\n|-damage|p2a: Bombirdier|0 fnt\n|-damage|p2b: Azumarill|27\/100 slp\n|faint|p2a: Bombirdier\n|-enditem|p1a: Sylveon|Throat Spray\n|-boost|p1a: Sylveon|spa|1|[from] item: Throat Spray\n|cant|p2b: Azumarill|slp\n|\n|upkeep\n|\n|t:|1681838634\n|switch|p2a: Kilowattrel|Kilowattrel, L50, M|100\/100\n|turn|5\n|\n|t:|1681838659\n|move|p1b: Dragonite|Extreme Speed|p2a: Kilowattrel\n|-damage|p2a: Kilowattrel|43\/100\n|move|p2a: Kilowattrel|Electro Ball|p1b: Dragonite\n|-damage|p1b: Dragonite|0 fnt\n|faint|p1b: Dragonite\n|move|p1a: Sylveon|Hyper Voice|p2b: Azumarill|[spread] p2a,p2b\n|-damage|p2a: Kilowattrel|0 fnt\n|-damage|p2b: Azumarill|0 fnt\n|faint|p2a: Kilowattrel\n|faint|p2b: Azumarill\n|\n|upkeep\n|\n|t:|1681838673\n|switch|p1b: Arcanine|Arcanine, L50, F|92\/100\n|switch|p2b: Goodra|Goodra, L50, M|78\/100\n|-ability|p1b: Arcanine|Intimidate|boost\n|-unboost|p2b: Goodra|atk|1\n|turn|6\n|\n|t:|1681838697\n|-terastallize|p1b: Arcanine|Fire\n|move|p1b: Arcanine|Flare Blitz|p2b: Goodra\n|-resisted|p2b: Goodra\n|-damage|p2b: Goodra|42\/100\n|-ability|p2b: Goodra|Gooey\n|-unboost|p1b: Arcanine|spe|1\n|-damage|p1b: Arcanine|81\/100|[from] Recoil\n|move|p2b: Goodra|Ice Beam|p1a: Sylveon\n|-damage|p1a: Sylveon|0 fnt\n|faint|p1a: Sylveon\n|-heal|p2b: Goodra|44\/100|[from] item: Shell Bell|[of] p1: Sylveon\n|\n|upkeep\n|\n|t:|1681838711\n|switch|p1a: Amoonguss|Amoonguss, L50, M|68\/100\n|turn|7\n|\n|t:|1681838724\n|-terastallize|p2b: Goodra|Dragon\n|move|p2b: Goodra|Rest|p2b: Goodra\n|-status|p2b: Goodra|slp|[from] move: Rest\n|-heal|p2b: Goodra|100\/100 slp|[silent]\n|move|p1b: Arcanine|Flare Blitz|p2b: Goodra\n|-resisted|p2b: Goodra\n|-damage|p2b: Goodra|61\/100 slp\n|-ability|p2b: Goodra|Gooey\n|-unboost|p1b: Arcanine|spe|1\n|-damage|p1b: Arcanine|68\/100|[from] Recoil\n|move|p1a: Amoonguss|Pollen Puff|p1b: Arcanine\n|-heal|p1b: Arcanine|100\/100\n|\n|upkeep\n|turn|8\n|\n|t:|1681838755\n|cant|p2b: Goodra|slp\n|move|p2b: Goodra|Sleep Talk|p2b: Goodra\n|move|p2b: Goodra|Ice Beam|p1a: Amoonguss|[from]move: Sleep Talk\n|-supereffective|p1a: Amoonguss\n|-damage|p1a: Amoonguss|30\/100\n|-heal|p2b: Goodra|66\/100 slp|[from] item: Shell Bell|[of] p1a: Amoonguss\n|move|p1b: Arcanine|Flare Blitz|p2b: Goodra\n|-resisted|p2b: Goodra\n|-damage|p2b: Goodra|26\/100 slp\n|-ability|p2b: Goodra|Gooey\n|-unboost|p1b: Arcanine|spe|1\n|-damage|p1b: Arcanine|87\/100|[from] Recoil\n|move|p1a: Amoonguss|Spore|p2b: Goodra\n|-fail|p2b: Goodra|slp\n|\n|upkeep\n|turn|9\n|\n|t:|1681838778\n|cant|p2b: Goodra|slp\n|move|p2b: Goodra|Sleep Talk|p2b: Goodra\n|move|p2b: Goodra|Ice Beam|p1a: Amoonguss|[from]move: Sleep Talk\n|-supereffective|p1a: Amoonguss\n|-damage|p1a: Amoonguss|0 fnt\n|faint|p1a: Amoonguss\n|-heal|p2b: Goodra|30\/100 slp|[from] item: Shell Bell|[of] p1: Amoonguss\n|move|p1b: Arcanine|Flare Blitz|p2b: Goodra\n|-resisted|p2b: Goodra\n|-damage|p2b: Goodra|0 fnt\n|-ability|p2b: Goodra|Gooey\n|-unboost|p1b: Arcanine|spe|1\n|faint|p2b: Goodra\n|-damage|p1b: Arcanine|78\/100|[from] Recoil\n|\n|win|arturin96\n|raw|arturin96's rating: 1000 → 1040<\/strong> (+40 for winning)\n|raw|Mac/Jade's rating: 1000 → 1000<\/strong> (+0 for losing)\n|c|\u2606Mac\/Jade|Gg\n|l|\u2606arturin96\n","uploadtime":1681838804,"views":11,"p1id":"arturin96","p2id":"macjade","formatid":"gen9vgc2023regulationc","rating":1000,"private":0,"password":""}