{"id":"gen9vgc2023regulationc-1848905042","p1":"cosplayLover","p2":"b(R)2","format":"[Gen 9] VGC 2023 Regulation C","log":"|j|\u2606cosplayLover\n|j|\u2606b(R)2\n|t:|1682124317\n|gametype|doubles\n|player|p1|cosplayLover|170|1442\n|player|p2|b(R)2|101|1428\n|teamsize|p1|6\n|teamsize|p2|6\n|gen|9\n|tier|[Gen 9] VGC 2023 Regulation C\n|rated|\n|rule|Species Clause: Limit one of each Pok\u00e9mon\n|rule|Item Clause: Limit one of each item\n|clearpoke\n|poke|p1|Garganacl, L50, M|\n|poke|p1|Baxcalibur, L50, M|\n|poke|p1|Wo-Chien, L50|\n|poke|p1|Arcanine, L50, M|\n|poke|p1|Palafin, L50, M|\n|poke|p1|Flutter Mane, L50|\n|poke|p2|Tatsugiri-Stretchy, L50, M|\n|poke|p2|Flutter Mane, L50|\n|poke|p2|Arcanine, L50, F|\n|poke|p2|Annihilape, L50, F|\n|poke|p2|Dondozo, L50, F|\n|poke|p2|Amoonguss, L50, F|\n|teampreview|4\n|inactive|Battle timer is ON: inactive players will automatically lose when time's up. (requested by cosplayLover)\nb(R)2 rejected open team sheets.\n|inactive|b(R)2 has 60 seconds left.\n|\n|t:|1682124354\n|start\n|switch|p1a: Garganacl|Garganacl, L50, M|100\/100\n|switch|p1b: Palafin|Palafin, L50, M|100\/100\n|switch|p2a: Dondozo|Dondozo, L50, F|100\/100\n|switch|p2b: Annihilape|Annihilape, L50, F|100\/100\n|turn|1\n|\n|t:|1682124375\n|-terastallize|p2a: Dondozo|Grass\n|move|p1b: Palafin|Taunt|p2a: Dondozo\n|-start|p2a: Dondozo|move: Taunt\n|move|p2b: Annihilape|Bulk Up|p2b: Annihilape\n|-boost|p2b: Annihilape|atk|1\n|-boost|p2b: Annihilape|def|1\n|cant|p2a: Dondozo|move: Taunt|Yawn\n|move|p1a: Garganacl|Salt Cure|p2b: Annihilape\n|-resisted|p2b: Annihilape\n|-damage|p2b: Annihilape|96\/100\n|-start|p2b: Annihilape|Salt Cure\n|\n|-damage|p2b: Annihilape|84\/100|[from] Salt Cure\n|upkeep\n|turn|2\n|\n|t:|1682124397\n|detailschange|p1b: Palafin|Palafin-Hero, L50, M\n|switch|p1b: Wo-Chien|Wo-Chien, L50|100\/100\n|-ability|p1b: Wo-Chien|Tablets of Ruin\n|move|p2b: Annihilape|Rage Fist|p1b: Wo-Chien\n|-resisted|p1b: Wo-Chien\n|-damage|p1b: Wo-Chien|81\/100\n|move|p2a: Dondozo|Fissure|p1a: Garganacl\n|-damage|p1a: Garganacl|0 fnt\n|faint|p1a: Garganacl\n|-ohko\n|\n|-damage|p2b: Annihilape|71\/100|[from] Salt Cure\n|upkeep\n|\n|t:|1682124409\n|switch|p1a: Baxcalibur|Baxcalibur, L50, M|100\/100\n|turn|3\n|\n|t:|1682124424\n|move|p2b: Annihilape|Drain Punch|p1b: Wo-Chien\n|-supereffective|p1b: Wo-Chien\n|-damage|p1b: Wo-Chien|30\/100\n|-heal|p2b: Annihilape|94\/100|[from] drain|[of] p1b: Wo-Chien\n|move|p1a: Baxcalibur|Icicle Spear|p2a: Dondozo\n|-supereffective|p2a: Dondozo\n|-damage|p2a: Dondozo|86\/100\n|-supereffective|p2a: Dondozo\n|-damage|p2a: Dondozo|72\/100\n|-supereffective|p2a: Dondozo\n|-damage|p2a: Dondozo|58\/100\n|-supereffective|p2a: Dondozo\n|-damage|p2a: Dondozo|46\/100\n|-supereffective|p2a: Dondozo\n|-damage|p2a: Dondozo|33\/100\n|-hitcount|p2a: Dondozo|5\n|move|p1b: Wo-Chien|Pollen Puff|p2a: Dondozo\n|-supereffective|p2a: Dondozo\n|-damage|p2a: Dondozo|8\/100\n|move|p2a: Dondozo|Fissure|p1a: Baxcalibur|[miss]\n|-miss|p2a: Dondozo|p1a: Baxcalibur\n|\n|-heal|p2a: Dondozo|14\/100|[from] item: Leftovers\n|-damage|p2b: Annihilape|82\/100|[from] Salt Cure\n|-end|p2a: Dondozo|move: Taunt\n|upkeep\n|turn|4\n|inactive|cosplayLover has 30 seconds left.\n|inactive|b(R)2 has 30 seconds left.\n|\n|t:|1682124457\n|-terastallize|p1b: Wo-Chien|Poison\n|move|p2a: Dondozo|Protect|p2a: Dondozo\n|-singleturn|p2a: Dondozo|Protect\n|move|p1a: Baxcalibur|Ice Shard|p2a: Dondozo\n|-activate|p2a: Dondozo|move: Protect\n|move|p2b: Annihilape|Drain Punch|p1a: Baxcalibur\n|-supereffective|p1a: Baxcalibur\n|-damage|p1a: Baxcalibur|39\/100\n|-heal|p2b: Annihilape|100\/100|[from] drain|[of] p1a: Baxcalibur\n|move|p1b: Wo-Chien|Leech Seed|p2b: Annihilape\n|-start|p2b: Annihilape|move: Leech Seed\n|\n|-heal|p2a: Dondozo|20\/100|[from] item: Leftovers\n|-damage|p2b: Annihilape|88\/100|[from] Leech Seed|[of] p1b: Wo-Chien\n|-heal|p1b: Wo-Chien|44\/100|[silent]\n|-damage|p2b: Annihilape|76\/100|[from] Salt Cure\n|upkeep\n|turn|5\n|inactive|b(R)2 has 30 seconds left.\n|\n|t:|1682124489\n|switch|p2a: Amoonguss|Amoonguss, L50, F|100\/100\n|move|p1b: Wo-Chien|Protect|p1b: Wo-Chien\n|-singleturn|p1b: Wo-Chien|Protect\n|move|p1a: Baxcalibur|Ice Shard|p2a: Amoonguss\n|-supereffective|p2a: Amoonguss\n|-damage|p2a: Amoonguss|75\/100\n|move|p2b: Annihilape|Drain Punch|p1a: Baxcalibur\n|-supereffective|p1a: Baxcalibur\n|-damage|p1a: Baxcalibur|0 fnt\n|-heal|p2b: Annihilape|95\/100|[from] drain|[of] p1a: Baxcalibur\n|faint|p1a: Baxcalibur\n|\n|-damage|p2b: Annihilape|83\/100|[from] Leech Seed|[of] p1b: Wo-Chien\n|-heal|p1b: Wo-Chien|58\/100|[silent]\n|-damage|p2b: Annihilape|70\/100|[from] Salt Cure\n|upkeep\n|\n|t:|1682124503\n|switch|p1a: Palafin|Palafin-Hero, L50, M|100\/100\n|-activate|p1a: Palafin|ability: Zero to Hero\n|turn|6\n|\n|t:|1682124519\n|move|p2b: Annihilape|Protect|p2b: Annihilape\n|-singleturn|p2b: Annihilape|Protect\n|move|p1a: Palafin|Taunt|p2a: Amoonguss\n|-start|p2a: Amoonguss|move: Taunt\n|move|p1b: Wo-Chien|Pollen Puff|p1a: Palafin\n|-immune|p1a: Palafin\n|cant|p2a: Amoonguss|move: Taunt|Spore\n|\n|-damage|p2b: Annihilape|58\/100|[from] Leech Seed|[of] p1b: Wo-Chien\n|-heal|p1b: Wo-Chien|72\/100|[silent]\n|-damage|p2b: Annihilape|45\/100|[from] Salt Cure\n|upkeep\n|turn|7\n|\n|t:|1682124534\n|switch|p2a: Tatsugiri|Tatsugiri-Stretchy, L50, M|100\/100\n|move|p1a: Palafin|Protect|p1a: Palafin\n|-singleturn|p1a: Palafin|Protect\n|move|p2b: Annihilape|Drain Punch|p1a: Palafin\n|-activate|p1a: Palafin|move: Protect\n|move|p1b: Wo-Chien|Giga Drain|p2b: Annihilape\n|-damage|p2b: Annihilape|27\/100\n|-heal|p1b: Wo-Chien|82\/100|[from] drain|[of] p2b: Annihilape\n|\n|-damage|p2b: Annihilape|15\/100|[from] Leech Seed|[of] p1b: Wo-Chien\n|-heal|p1b: Wo-Chien|96\/100|[silent]\n|-damage|p2b: Annihilape|2\/100|[from] Salt Cure\n|upkeep\n|turn|8\n|inactive|cosplayLover has 30 seconds left.\n|inactive|b(R)2 has 30 seconds left.\n|\n|t:|1682124562\n|move|p1a: Palafin|Taunt|p2a: Tatsugiri\n|-start|p2a: Tatsugiri|move: Taunt\n|move|p2b: Annihilape|Drain Punch|p1a: Palafin\n|-damage|p1a: Palafin|69\/100\n|-heal|p2b: Annihilape|18\/100|[from] drain|[of] p1a: Palafin\n|move|p2a: Tatsugiri|Draco Meteor|p1a: Palafin\n|-damage|p1a: Palafin|16\/100\n|-unboost|p2a: Tatsugiri|spa|2\n|move|p1b: Wo-Chien|Leech Seed|p2a: Tatsugiri\n|-start|p2a: Tatsugiri|move: Leech Seed\n|\n|-damage|p2b: Annihilape|5\/100|[from] Leech Seed|[of] p1b: Wo-Chien\n|-heal|p1b: Wo-Chien|100\/100|[silent]\n|-damage|p2a: Tatsugiri|88\/100|[from] Leech Seed|[of] p1b: Wo-Chien\n|-damage|p2b: Annihilape|0 fnt|[from] Salt Cure\n|faint|p2b: Annihilape\n|upkeep\n|\n|t:|1682124586\n|switch|p2b: Amoonguss|Amoonguss, L50, F|100\/100\n|turn|9\n|\n|t:|1682124606\n|move|p2b: Amoonguss|Rage Powder|p2b: Amoonguss\n|-singleturn|p2b: Amoonguss|move: Rage Powder\n|move|p1a: Palafin|Taunt|p2b: Amoonguss\n|-start|p2b: Amoonguss|move: Taunt\n|move|p2a: Tatsugiri|Muddy Water|p1a: Palafin|[spread] p1a,p1b\n|-resisted|p1a: Palafin\n|-damage|p1a: Palafin|9\/100\n|-damage|p1b: Wo-Chien|93\/100\n|-unboost|p1a: Palafin|accuracy|1\n|move|p1b: Wo-Chien|Pollen Puff|p2b: Amoonguss\n|-damage|p2b: Amoonguss|80\/100\n|\n|-damage|p2a: Tatsugiri|76\/100|[from] Leech Seed|[of] p1b: Wo-Chien\n|-heal|p1b: Wo-Chien|100\/100|[silent]\n|upkeep\n|turn|10\n|\n|t:|1682124629\n|move|p1a: Palafin|Protect|p1a: Palafin\n|-singleturn|p1a: Palafin|Protect\n|move|p2a: Tatsugiri|Muddy Water|p1b: Wo-Chien|[spread] p1b\n|-activate|p1a: Palafin|move: Protect\n|-damage|p1b: Wo-Chien|93\/100\n|move|p1b: Wo-Chien|Giga Drain|p2a: Tatsugiri\n|-damage|p2a: Tatsugiri|55\/100\n|-heal|p1b: Wo-Chien|100\/100|[from] drain|[of] p2a: Tatsugiri\n|move|p2b: Amoonguss|Pollen Puff|p1a: Palafin\n|-activate|p1a: Palafin|move: Protect\n|\n|-damage|p2a: Tatsugiri|43\/100|[from] Leech Seed|[of] p1b: Wo-Chien\n|-end|p2a: Tatsugiri|move: Taunt\n|upkeep\n|-enditem|p2a: Tatsugiri|Sitrus Berry|[eat]\n|-heal|p2a: Tatsugiri|68\/100|[from] item: Sitrus Berry\n|turn|11\n|inactive|cosplayLover has 30 seconds left.\n|\n|t:|1682124655\n|move|p1a: Palafin|Wave Crash|p2a: Tatsugiri\n|-activate|p2a: Tatsugiri|ability: Storm Drain\n|-ability|p2a: Tatsugiri|Storm Drain|boost\n|-boost|p2a: Tatsugiri|spa|1\n|move|p2a: Tatsugiri|Muddy Water|p1a: Palafin|[spread] p1a,p1b\n|-resisted|p1a: Palafin\n|-damage|p1a: Palafin|0 fnt\n|-damage|p1b: Wo-Chien|91\/100\n|-unboost|p1b: Wo-Chien|accuracy|1\n|faint|p1a: Palafin\n|move|p1b: Wo-Chien|Giga Drain|p2a: Tatsugiri\n|-damage|p2a: Tatsugiri|47\/100\n|-heal|p1b: Wo-Chien|99\/100|[from] drain|[of] p2a: Tatsugiri\n|move|p2b: Amoonguss|Pollen Puff|p1b: Wo-Chien\n|-resisted|p1b: Wo-Chien\n|-damage|p1b: Wo-Chien|94\/100\n|\n|-damage|p2a: Tatsugiri|35\/100|[from] Leech Seed|[of] p1b: Wo-Chien\n|-heal|p1b: Wo-Chien|100\/100|[silent]\n|upkeep\n|turn|12\n|-message|cosplayLover forfeited.\n|\n|win|b(R)2\n|raw|cosplayLover's rating: 1442 → 1421<\/strong> (-21 for losing)\n|raw|b(R)2's rating: 1428 → 1449<\/strong> (+21 for winning)\n|l|\u2606cosplayLover\n","uploadtime":1682124679,"views":36,"p1id":"cosplaylover","p2id":"br2","formatid":"gen9vgc2023regulationc","rating":1421,"private":0,"password":""}