{"id":"gen9vgc2023regulationc-1859534150","p1":"Av3z","p2":"PeekayW","format":"[Gen 9] VGC 2023 Regulation C","log":"|j|\u2606Av3z\n|j|\u2606PeekayW\n|t:|1683537261\n|gametype|doubles\n|player|p1|Av3z|steven|1188\n|player|p2|PeekayW|1|1120\n|teamsize|p1|6\n|teamsize|p2|6\n|gen|9\n|tier|[Gen 9] VGC 2023 Regulation C\n|rated|\n|rule|Species Clause: Limit one of each Pok\u00e9mon\n|rule|Item Clause: Limit one of each item\n|clearpoke\n|poke|p1|Torkoal, L50, M|\n|poke|p1|Jumpluff, L50, F|\n|poke|p1|Great Tusk, L50|\n|poke|p1|Flutter Mane, L50|\n|poke|p1|Chien-Pao, L50|\n|poke|p1|Gastrodon, L50, F|\n|poke|p2|Iron Bundle, L50|\n|poke|p2|Flutter Mane, L50|\n|poke|p2|Chi-Yu, L50|\n|poke|p2|Wo-Chien, L50|\n|poke|p2|Baxcalibur, L50, F|\n|poke|p2|Scizor, L50, F|\n|teampreview|4\nAv3z has agreed to open team sheets.\n|inactive|Battle timer is ON: inactive players will automatically lose when time's up. (requested by Av3z)\nPeekayW has agreed to open team sheets.\n|inactive|Av3z has 60 seconds left.\n|inactive|PeekayW has 60 seconds left.\n|inactive|PeekayW has 30 seconds left.\n|inactive|PeekayW has 20 seconds left.\n|inactive|PeekayW has 15 seconds left.\n|\n|t:|1683537348\n|start\n|switch|p1a: RED|Torkoal, L50, M|100\/100\n|switch|p1b: Folklore|Flutter Mane, L50|100\/100\n|switch|p2a: Chi-Yu|Chi-Yu, L50|100\/100\n|switch|p2b: Iron Bundle|Iron Bundle, L50|100\/100\n|-ability|p2a: Chi-Yu|Beads of Ruin\n|-weather|SunnyDay|[from] ability: Drought|[of] p1a: RED\n|-activate|p1b: Folklore|ability: Protosynthesis\n|-start|p1b: Folklore|protosynthesisspe\n|-enditem|p2b: Iron Bundle|Booster Energy\n|-activate|p2b: Iron Bundle|ability: Quark Drive|[fromitem]\n|-start|p2b: Iron Bundle|quarkdrivespe\n|turn|1\n|inactive|Av3z has 30 seconds left.\n|\n|t:|1683537380\n|move|p1a: RED|Protect|p1a: RED\n|-singleturn|p1a: RED|Protect\n|move|p2b: Iron Bundle|Icy Wind|p1b: Folklore|[spread] p1b\n|-activate|p1a: RED|move: Protect\n|-damage|p1b: Folklore|73\/100\n|-unboost|p1b: Folklore|spe|1\n|move|p1b: Folklore|Dazzling Gleam|p2a: Chi-Yu|[spread] p2a,p2b\n|-damage|p2a: Chi-Yu|58\/100\n|-damage|p2b: Iron Bundle|0 fnt\n|faint|p2b: Iron Bundle\n|-end|p2b: Iron Bundle|Quark Drive|[silent]\n|move|p2a: Chi-Yu|Heat Wave|p1a: RED|[spread] \n|-activate|p1a: RED|move: Protect\n|-miss|p2a: Chi-Yu|p1b: Folklore\n|\n|-weather|SunnyDay|[upkeep]\n|upkeep\n|inactive|PeekayW has 30 seconds left.\n|\n|t:|1683537408\n|switch|p2b: Wo-Chien|Wo-Chien, L50|100\/100\n|-ability|p2b: Wo-Chien|Tablets of Ruin\n|turn|2\n|\n|t:|1683537422\n|-end|p1b: Folklore|Protosynthesis|[silent]\n|switch|p1b: Evermore|Great Tusk, L50|100\/100\n|-activate|p1b: Evermore|ability: Protosynthesis\n|-start|p1b: Evermore|protosynthesisatk\n|-terastallize|p2b: Wo-Chien|Water\n|move|p2a: Chi-Yu|Protect|p2a: Chi-Yu\n|-singleturn|p2a: Chi-Yu|Protect\n|move|p2b: Wo-Chien|Ruination|p1a: RED\n|-damage|p1a: RED|51\/100\n|move|p1a: RED|Overheat|p2b: Wo-Chien\n|-resisted|p2b: Wo-Chien\n|-damage|p2b: Wo-Chien|77\/100\n|-unboost|p1a: RED|spa|2\n|-enditem|p1a: RED|Eject Pack\n|\n|t:|1683537436\n|switch|p1a: Folklore|Flutter Mane, L50|73\/100\n|-activate|p1a: Folklore|ability: Protosynthesis\n|-start|p1a: Folklore|protosynthesisspe\n|\n|-weather|SunnyDay|[upkeep]\n|upkeep\n|turn|3\n|inactive|PeekayW has 30 seconds left.\n|\n|t:|1683537468\n|move|p1a: Folklore|Thunderbolt|p2b: Wo-Chien\n|-supereffective|p2b: Wo-Chien\n|-damage|p2b: Wo-Chien|21\/100\n|move|p1b: Evermore|Headlong Rush|p2a: Chi-Yu\n|-supereffective|p2a: Chi-Yu\n|-damage|p2a: Chi-Yu|0 fnt\n|-unboost|p1b: Evermore|def|1\n|-unboost|p1b: Evermore|spd|1\n|faint|p2a: Chi-Yu\n|move|p2b: Wo-Chien|Giga Drain|p1b: Evermore\n|-supereffective|p1b: Evermore\n|-damage|p1b: Evermore|0 fnt\n|-heal|p2b: Wo-Chien|71\/100|[from] drain|[of] p1b: Evermore\n|faint|p1b: Evermore\n|-end|p1b: Evermore|Protosynthesis|[silent]\n|\n|-weather|SunnyDay|[upkeep]\n|upkeep\n|\n|t:|1683537482\n|switch|p2a: Baxcalibur|Baxcalibur, L50, F|100\/100\n|switch|p1b: Reputation|Chien-Pao, L50|100\/100\n|-ability|p1b: Reputation|Sword of Ruin\n|turn|4\n|inactive|Av3z has 30 seconds left.\n|inactive|PeekayW has 30 seconds left.\n|inactive|PeekayW has 20 seconds left.\n|inactive|PeekayW has 15 seconds left.\n|inactive|PeekayW has 10 seconds left.\n|\n|t:|1683537531\n|move|p1a: Folklore|Thunderbolt|p2b: Wo-Chien\n|-supereffective|p2b: Wo-Chien\n|-damage|p2b: Wo-Chien|28\/100\n|-status|p2b: Wo-Chien|par\n|move|p1b: Reputation|Ice Spinner|p2b: Wo-Chien\n|-resisted|p2b: Wo-Chien\n|-damage|p2b: Wo-Chien|10\/100 par\n|move|p2a: Baxcalibur|Icicle Crash|p1a: Folklore\n|-damage|p1a: Folklore|0 fnt\n|faint|p1a: Folklore\n|-end|p1a: Folklore|Protosynthesis|[silent]\n|move|p2b: Wo-Chien|Giga Drain|p1b: Reputation\n|-damage|p1b: Reputation|52\/100\n|-heal|p2b: Wo-Chien|30\/100 par|[from] drain|[of] p1b: Reputation\n|\n|-weather|SunnyDay|[upkeep]\n|upkeep\n|\n|t:|1683537546\n|switch|p1a: RED|Torkoal, L50, M|51\/100\n|turn|5\n|\n|t:|1683537562\n|move|p1b: Reputation|Sucker Punch|p2b: Wo-Chien\n|-damage|p2b: Wo-Chien|0 fnt\n|faint|p2b: Wo-Chien\n|move|p2a: Baxcalibur|Glaive Rush|p1a: RED\n|-damage|p1a: RED|0 fnt\n|-singlemove|p2a: Baxcalibur|Glaive Rush|[silent]\n|faint|p1a: RED\n|\n|-weather|none\n|upkeep\n|turn|6\n|inactive|Av3z has 30 seconds left.\n|\n|t:|1683537591\n|move|p2a: Baxcalibur|Protect|p2a: Baxcalibur\n|-singleturn|p2a: Baxcalibur|Protect\n|move|p1b: Reputation|Sucker Punch||[still]\n|-fail|p1b: Reputation\n|\n|upkeep\n|turn|7\n|\n|t:|1683537601\n|move|p1b: Reputation|Sucker Punch|p2a: Baxcalibur\n|-damage|p2a: Baxcalibur|57\/100\n|move|p2a: Baxcalibur|Glaive Rush|p1b: Reputation\n|-damage|p1b: Reputation|0 fnt\n|-singlemove|p2a: Baxcalibur|Glaive Rush|[silent]\n|faint|p1b: Reputation\n|\n|win|PeekayW\n|raw|Av3z's rating: 1188 → 1158<\/strong> (-30 for losing)\n|raw|PeekayW's rating: 1120 → 1150<\/strong> (+30 for winning)\n","uploadtime":1683537614,"views":14,"p1id":"av3z","p2id":"peekayw","formatid":"gen9vgc2023regulationc","rating":1150,"private":0,"password":""}