{"id":"gen9vgc2023regulationc-1858919428","p1":"Poketata","p2":"Fiona Nash","format":"[Gen 9] VGC 2023 Regulation C","log":"|j|\u2606Poketata\n|j|\u2606Fiona Nash\n|t:|1683383441\n|gametype|doubles\n|player|p1|Poketata|1|1141\n|player|p2|Fiona Nash|lady-gen4|1178\n|teamsize|p1|6\n|teamsize|p2|6\n|gen|9\n|tier|[Gen 9] VGC 2023 Regulation C\n|rated|\n|rule|Species Clause: Limit one of each Pok\u00e9mon\n|rule|Item Clause: Limit one of each item\n|clearpoke\n|poke|p1|Hydreigon, L50, F|\n|poke|p1|Murkrow, L50, F|\n|poke|p1|Gholdengo, L50|\n|poke|p1|Iron Moth, L50|\n|poke|p1|Amoonguss, L50, F|\n|poke|p1|Iron Hands, L50|\n|poke|p2|Abomasnow, L50, F|\n|poke|p2|Avalugg, L50, F|\n|poke|p2|Staraptor, L50, F|\n|poke|p2|Gothitelle, L50, M|\n|poke|p2|Flutter Mane, L50|\n|poke|p2|Dragalge, L50, F|\n|teampreview|4\n|inactive|Battle timer is ON: inactive players will automatically lose when time's up. (requested by Poketata)\nPoketata has agreed to open team sheets.\n|inactive|Poketata has 60 seconds left.\n|inactive|Fiona Nash has 60 seconds left.\n|\n|t:|1683383499\n|start\n|switch|p1a: Gholdengo|Gholdengo, L50|100\/100\n|switch|p1b: Iron Moth|Iron Moth, L50, shiny|100\/100\n|switch|p2a: Flutter Mane|Flutter Mane, L50|100\/100\n|switch|p2b: Gothitelle|Gothitelle, L50, M|100\/100\n|-enditem|p2a: Flutter Mane|Booster Energy\n|-activate|p2a: Flutter Mane|ability: Protosynthesis|[fromitem]\n|-start|p2a: Flutter Mane|protosynthesisspe\n|turn|1\n|\n|t:|1683383524\n|-terastallize|p2a: Flutter Mane|Steel\n|-terastallize|p1a: Gholdengo|Dragon\n|move|p2b: Gothitelle|Fake Out|p1b: Iron Moth\n|-damage|p1b: Iron Moth|90\/100\n|move|p2a: Flutter Mane|Shadow Ball|p1a: Gholdengo\n|-damage|p1a: Gholdengo|56\/100\n|cant|p1b: Iron Moth|flinch\n|move|p1a: Gholdengo|Make It Rain|p2a: Flutter Mane|[spread] p2a,p2b\n|-resisted|p2a: Flutter Mane\n|-damage|p2a: Flutter Mane|74\/100\n|-damage|p2b: Gothitelle|61\/100\n|-unboost|p1a: Gholdengo|spa|1\n|-damage|p1a: Gholdengo|46\/100|[from] item: Life Orb\n|\n|upkeep\n|turn|2\n|inactive|Fiona Nash has 30 seconds left.\n|\n|t:|1683383549\n|move|p2a: Flutter Mane|Shadow Ball|p1a: Gholdengo\n|-damage|p1a: Gholdengo|0 fnt\n|faint|p1a: Gholdengo\n|move|p1b: Iron Moth|Fiery Dance|p2a: Flutter Mane\n|-supereffective|p2a: Flutter Mane\n|-damage|p2a: Flutter Mane|4\/100\n|move|p2b: Gothitelle|Trick Room|p2b: Gothitelle\n|-fieldstart|move: Trick Room|[of] p2b: Gothitelle\n|\n|upkeep\n|\n|t:|1683383559\n|switch|p1a: Amoonguss|Amoonguss, L50, F, shiny|100\/100\n|turn|3\n|\n|t:|1683383570\n|move|p1a: Amoonguss|Spore|p2b: Gothitelle\n|-status|p2b: Gothitelle|slp|[from] move: Spore\n|cant|p2b: Gothitelle|slp\n|move|p1b: Iron Moth|Fiery Dance|p2a: Flutter Mane\n|-supereffective|p2a: Flutter Mane\n|-damage|p2a: Flutter Mane|0 fnt\n|-boost|p1b: Iron Moth|spa|1\n|faint|p2a: Flutter Mane\n|-end|p2a: Flutter Mane|Protosynthesis|[silent]\n|\n|upkeep\n|\n|t:|1683383582\n|switch|p2a: Abomasnow|Abomasnow, L50, F|100\/100\n|-weather|Snow|[from] ability: Snow Warning|[of] p2a: Abomasnow\n|turn|4\n|\n|t:|1683383597\n|move|p1a: Amoonguss|Pollen Puff|p1b: Iron Moth\n|-heal|p1b: Iron Moth|100\/100\n|move|p2a: Abomasnow|Blizzard|p1b: Iron Moth|[spread] p1a,p1b\n|-supereffective|p1a: Amoonguss\n|-resisted|p1b: Iron Moth\n|-damage|p1a: Amoonguss|43\/100\n|-damage|p1b: Iron Moth|83\/100\n|-curestatus|p2b: Gothitelle|slp|[msg]\n|move|p2b: Gothitelle|Shadow Ball|p1b: Iron Moth\n|-damage|p1b: Iron Moth|66\/100\n|-unboost|p1b: Iron Moth|spd|1\n|move|p1b: Iron Moth|Fiery Dance|p2a: Abomasnow\n|-supereffective|p2a: Abomasnow\n|-damage|p2a: Abomasnow|0 fnt\n|faint|p2a: Abomasnow\n|\n|-weather|Snow|[upkeep]\n|-heal|p1a: Amoonguss|49\/100|[from] item: Leftovers\n|upkeep\n|\n|t:|1683383611\n|switch|p2a: Dragalge|Dragalge, L50, F|100\/100\n|turn|5\n|\n|t:|1683383626\n|move|p1a: Amoonguss|Spore|p2a: Dragalge\n|-status|p2a: Dragalge|slp|[from] move: Spore\n|cant|p2a: Dragalge|slp\n|move|p2b: Gothitelle|Shadow Ball|p1b: Iron Moth\n|-damage|p1b: Iron Moth|39\/100\n|move|p1b: Iron Moth|Fiery Dance|p2b: Gothitelle\n|-damage|p2b: Gothitelle|11\/100\n|\n|-weather|Snow|[upkeep]\n|-heal|p1a: Amoonguss|55\/100|[from] item: Leftovers\n|upkeep\n|turn|6\n|-message|Fiona Nash forfeited.\n|\n|win|Poketata\n|raw|Poketata's rating: 1141 → 1169<\/strong> (+28 for winning)\n|raw|Fiona Nash's rating: 1178 → 1150<\/strong> (-28 for losing)\n|l|\u2606Fiona Nash\n","uploadtime":1683383642,"views":14,"p1id":"poketata","p2id":"fionanash","formatid":"gen9vgc2023regulationc","rating":1150,"private":0,"password":""}