{"id":"gen9vgc2023regulationc-1851772523","p1":"0TestingAC0","p2":"czarVGC","format":"[Gen 9] VGC 2023 Regulation C","log":"|j|\u26060TestingAC0\n|j|\u2606czarVGC\n|t:|1682481213\n|gametype|doubles\n|player|p1|0TestingAC0|170|1099\n|player|p2|czarVGC|li|1086\n|teamsize|p1|6\n|teamsize|p2|6\n|gen|9\n|tier|[Gen 9] VGC 2023 Regulation C\n|rated|\n|rule|Species Clause: Limit one of each Pok\u00e9mon\n|rule|Item Clause: Limit one of each item\n|clearpoke\n|poke|p1|Arcanine, L50, M|\n|poke|p1|Iron Bundle, L50|\n|poke|p1|Amoonguss, L50, M|\n|poke|p1|Flutter Mane, L50|\n|poke|p1|Great Tusk, L50|\n|poke|p1|Ting-Lu, L50|\n|poke|p2|Klefki, L50, M|\n|poke|p2|Flutter Mane, L50|\n|poke|p2|Great Tusk, L50|\n|poke|p2|Iron Bundle, L50|\n|poke|p2|Torkoal, L50, F|\n|poke|p2|Wo-Chien, L50|\n|teampreview|4\n|\n|t:|1682481244\n|start\n|switch|p1a: Iron Bundle|Iron Bundle, L50|100\/100\n|switch|p1b: Great Tusk|Great Tusk, L50|100\/100\n|switch|p2a: Klefki|Klefki, L50, M|100\/100\n|switch|p2b: Great Tusk|Great Tusk, L50, shiny|100\/100\n|-enditem|p1a: Iron Bundle|Booster Energy\n|-activate|p1a: Iron Bundle|ability: Quark Drive|[fromitem]\n|-start|p1a: Iron Bundle|quarkdrivespe\n|turn|1\n|\n|t:|1682481277\n|move|p2b: Great Tusk|Protect|p2b: Great Tusk\n|-singleturn|p2b: Great Tusk|Protect\n|move|p2a: Klefki|Reflect|p2a: Klefki\n|-sidestart|p2: czarVGC|Reflect\n|move|p1a: Iron Bundle|Freeze-Dry|p2b: Great Tusk\n|-activate|p2b: Great Tusk|move: Protect\n|move|p1b: Great Tusk|Headlong Rush|p2b: Great Tusk\n|-activate|p2b: Great Tusk|move: Protect\n|\n|upkeep\n|turn|2\n|\n|t:|1682481300\n|move|p2a: Klefki|Thunder Wave|p1a: Iron Bundle\n|-status|p1a: Iron Bundle|par\n|move|p1a: Iron Bundle|Freeze-Dry|p2b: Great Tusk\n|-supereffective|p2b: Great Tusk\n|-damage|p2b: Great Tusk|5\/100\n|move|p1b: Great Tusk|Headlong Rush|p2b: Great Tusk\n|-damage|p2b: Great Tusk|0 fnt\n|-unboost|p1b: Great Tusk|def|1\n|-unboost|p1b: Great Tusk|spd|1\n|faint|p2b: Great Tusk\n|-end|p2b: Great Tusk|Protosynthesis|[silent]\n|\n|upkeep\n|\n|t:|1682481314\n|switch|p2b: Wo-Chien|Wo-Chien, L50|100\/100\n|-ability|p2b: Wo-Chien|Tablets of Ruin\n|turn|3\n|\n|t:|1682481323\n|move|p2b: Wo-Chien|Protect|p2b: Wo-Chien\n|-singleturn|p2b: Wo-Chien|Protect\n|move|p2a: Klefki|Light Screen|p2a: Klefki\n|-sidestart|p2: czarVGC|move: Light Screen\n|move|p1a: Iron Bundle|Freeze-Dry|p2b: Wo-Chien\n|-activate|p2b: Wo-Chien|move: Protect\n|move|p1b: Great Tusk|Close Combat|p2b: Wo-Chien\n|-activate|p2b: Wo-Chien|move: Protect\n|\n|upkeep\n|turn|4\n|\n|t:|1682481339\n|switch|p2b: Torkoal|Torkoal, L50, F|100\/100\n|-weather|SunnyDay|[from] ability: Drought|[of] p2b: Torkoal\n|-activate|p1b: Great Tusk|ability: Protosynthesis\n|-start|p1b: Great Tusk|protosynthesisatk\n|move|p1a: Iron Bundle|Freeze-Dry|p2b: Torkoal\n|-resisted|p2b: Torkoal\n|-damage|p2b: Torkoal|89\/100\n|move|p1b: Great Tusk|Close Combat|p2b: Torkoal\n|-damage|p2b: Torkoal|46\/100\n|-unboost|p1b: Great Tusk|def|1\n|-unboost|p1b: Great Tusk|spd|1\n|move|p2a: Klefki|Steel Beam|p1b: Great Tusk\n|-enditem|p1b: Great Tusk|Focus Sash\n|-damage|p1b: Great Tusk|1\/100\n|-damage|p2a: Klefki|50\/100|[from] steelbeam\n|\n|-weather|SunnyDay|[upkeep]\n|upkeep\n|turn|5\n|\n|t:|1682481374\n|cant|p1a: Iron Bundle|par\n|move|p1b: Great Tusk|Headlong Rush|p2b: Torkoal\n|-supereffective|p2b: Torkoal\n|-damage|p2b: Torkoal|0 fnt\n|-unboost|p1b: Great Tusk|def|1\n|-unboost|p1b: Great Tusk|spd|1\n|faint|p2b: Torkoal\n|move|p2a: Klefki|Steel Beam|p1a: Iron Bundle\n|-crit|p1a: Iron Bundle\n|-damage|p1a: Iron Bundle|0 fnt\n|-damage|p2a: Klefki|0 fnt|[from] steelbeam\n|faint|p2a: Klefki\n|faint|p1a: Iron Bundle\n|-end|p1a: Iron Bundle|Quark Drive|[silent]\n|\n|-weather|SunnyDay|[upkeep]\n|-sideend|p2: czarVGC|Reflect\n|upkeep\n|\n|t:|1682481411\n|switch|p1a: Flutter Mane|Flutter Mane, L50|100\/100\n|switch|p2a: Wo-Chien|Wo-Chien, L50|100\/100\n|-activate|p1a: Flutter Mane|ability: Protosynthesis\n|-start|p1a: Flutter Mane|protosynthesisspa\n|-ability|p2a: Wo-Chien|Tablets of Ruin\n|turn|6\n|\n|t:|1682481428\n|-terastallize|p2a: Wo-Chien|Poison\n|move|p1b: Great Tusk|Protect|p1b: Great Tusk\n|-singleturn|p1b: Great Tusk|Protect\n|move|p1a: Flutter Mane|Moonblast|p2a: Wo-Chien\n|-resisted|p2a: Wo-Chien\n|-damage|p2a: Wo-Chien|77\/100\n|move|p2a: Wo-Chien|Snarl|p1a: Flutter Mane|[spread] p1a\n|-activate|p1b: Great Tusk|move: Protect\n|-damage|p1a: Flutter Mane|87\/100\n|-unboost|p1a: Flutter Mane|spa|1\n|\n|-weather|SunnyDay|[upkeep]\n|-heal|p2a: Wo-Chien|83\/100|[from] item: Leftovers\n|upkeep\n|turn|7\n|\n|t:|1682481445\n|-end|p1a: Flutter Mane|Protosynthesis|[silent]\n|switch|p1a: Arcanine|Arcanine, L50, M, shiny|100\/100\n|-ability|p1a: Arcanine|Intimidate|boost\n|-unboost|p2a: Wo-Chien|atk|1\n|move|p2a: Wo-Chien|Protect|p2a: Wo-Chien\n|-singleturn|p2a: Wo-Chien|Protect\n|move|p1b: Great Tusk|Headlong Rush|p2a: Wo-Chien\n|-activate|p2a: Wo-Chien|move: Protect\n|\n|-weather|SunnyDay|[upkeep]\n|-heal|p2a: Wo-Chien|90\/100|[from] item: Leftovers\n|-sideend|p2: czarVGC|move: Light Screen\n|upkeep\n|turn|8\n|\n|t:|1682481462\n|move|p1a: Arcanine|Flare Blitz|p2a: Wo-Chien\n|-damage|p2a: Wo-Chien|33\/100\n|-damage|p1a: Arcanine|80\/100|[from] Recoil\n|move|p1b: Great Tusk|Headlong Rush|p2a: Wo-Chien\n|-supereffective|p2a: Wo-Chien\n|-damage|p2a: Wo-Chien|0 fnt\n|-unboost|p1b: Great Tusk|def|1\n|-unboost|p1b: Great Tusk|spd|1\n|faint|p2a: Wo-Chien\n|\n|win|0TestingAC0\n|raw|0TestingAC0's rating: 1099 → 1123<\/strong> (+24 for winning)\n|raw|czarVGC's rating: 1086 → 1064<\/strong> (-22 for losing)\n","uploadtime":1682481468,"views":21,"p1id":"0testingac0","p2id":"czarvgc","formatid":"gen9vgc2023regulationc","rating":1064,"private":0,"password":""}