{"id":"gen9vgc2023regulationc-1857537157","p1":"leoroop","p2":"bebecitus2","format":"[Gen 9] VGC 2023 Regulation C","log":"|j|\u2606leoroop\n|j|\u2606bebecitus2\n|t:|1683206079\n|gametype|doubles\n|player|p1|leoroop|backpacker|1116\n|player|p2|bebecitus2|n|1122\n|teamsize|p1|6\n|teamsize|p2|6\n|gen|9\n|tier|[Gen 9] VGC 2023 Regulation C\n|rated|\n|rule|Species Clause: Limit one of each Pok\u00e9mon\n|rule|Item Clause: Limit one of each item\n|clearpoke\n|poke|p1|Gyarados, L50, M|\n|poke|p1|Amoonguss, L50, F|\n|poke|p1|Kingambit, L50, F|\n|poke|p1|Flutter Mane, L50|\n|poke|p1|Chi-Yu, L50|\n|poke|p1|Baxcalibur, L50, M|\n|poke|p2|Garganacl, L50, F|\n|poke|p2|Garchomp, L50, F|\n|poke|p2|Gyarados, L50, M|\n|poke|p2|Grimmsnarl, L50, M|\n|poke|p2|Meowscarada, L50, F|\n|poke|p2|Gholdengo, L50|\n|teampreview|4\n|\n|t:|1683206111\n|start\n|switch|p1a: Gyarados|Gyarados, L50, M|100\/100\n|switch|p1b: Amoonguss|Amoonguss, L50, F|100\/100\n|switch|p2a: Gholdengo|Gholdengo, L50|100\/100\n|switch|p2b: Grimmsnarl|Grimmsnarl, L50, M|100\/100\n|-ability|p1a: Gyarados|Intimidate|boost\n|-unboost|p2a: Gholdengo|atk|1\n|-unboost|p2b: Grimmsnarl|atk|1\n|-enditem|p2a: Gholdengo|White Herb\n|-clearnegativeboost|p2a: Gholdengo|[silent]\n|turn|1\n|\n|t:|1683206133\n|move|p2b: Grimmsnarl|Reflect|p2b: Grimmsnarl\n|-sidestart|p2: bebecitus2|Reflect\n|move|p2a: Gholdengo|Nasty Plot|p2a: Gholdengo\n|-boost|p2a: Gholdengo|spa|2\n|move|p1a: Gyarados|Taunt|p2b: Grimmsnarl\n|-start|p2b: Grimmsnarl|move: Taunt\n|move|p1b: Amoonguss|Spore|p2b: Grimmsnarl\n|-status|p2b: Grimmsnarl|slp|[from] move: Spore\n|\n|upkeep\n|turn|2\n|\n|t:|1683206149\n|move|p1b: Amoonguss|Protect|p1b: Amoonguss\n|-singleturn|p1b: Amoonguss|Protect\n|move|p2a: Gholdengo|Shadow Ball|p1a: Gyarados\n|-damage|p1a: Gyarados|31\/100\n|-unboost|p1a: Gyarados|spd|1\n|move|p1a: Gyarados|Waterfall|p2a: Gholdengo\n|-damage|p2a: Gholdengo|75\/100\n|cant|p2b: Grimmsnarl|slp\n|\n|upkeep\n|turn|3\n|\n|t:|1683206169\n|move|p2a: Gholdengo|Shadow Ball|p1a: Gyarados\n|-damage|p1a: Gyarados|0 fnt\n|faint|p1a: Gyarados\n|-curestatus|p2b: Grimmsnarl|slp|[msg]\n|move|p2b: Grimmsnarl|Spirit Break|p1b: Amoonguss\n|-resisted|p1b: Amoonguss\n|-damage|p1b: Amoonguss|90\/100\n|-unboost|p1b: Amoonguss|spa|1\n|move|p1b: Amoonguss|Pollen Puff|p1: Gyarados|[notarget]\n|-fail|p1b: Amoonguss\n|\n|upkeep\n|\n|t:|1683206180\n|switch|p1a: Kingambit|Kingambit, L50, F|100\/100\n|turn|4\n|\n|t:|1683206193\n|switch|p2a: Garchomp|Garchomp, L50, F|100\/100\n|move|p2b: Grimmsnarl|Spirit Break|p1b: Amoonguss\n|-resisted|p1b: Amoonguss\n|-damage|p1b: Amoonguss|81\/100\n|-unboost|p1b: Amoonguss|spa|1\n|move|p1a: Kingambit|Assurance|p2a: Garchomp\n|-damage|p2a: Garchomp|78\/100\n|-damage|p1a: Kingambit|88\/100|[from] ability: Rough Skin|[of] p2a: Garchomp\n|move|p1b: Amoonguss|Pollen Puff|p1a: Kingambit\n|-heal|p1a: Kingambit|100\/100\n|\n|-end|p2b: Grimmsnarl|move: Taunt\n|upkeep\n|turn|5\n|\n|t:|1683206213\n|move|p2a: Garchomp|Earthquake|p1a: Kingambit|[spread] p2b,p1a,p1b\n|-supereffective|p1a: Kingambit\n|-crit|p1b: Amoonguss\n|-damage|p2b: Grimmsnarl|72\/100\n|-damage|p1a: Kingambit|47\/100\n|-damage|p1b: Amoonguss|36\/100\n|-enditem|p1b: Amoonguss|Sitrus Berry|[eat]\n|-heal|p1b: Amoonguss|60\/100|[from] item: Sitrus Berry\n|move|p2b: Grimmsnarl|Spirit Break|p1a: Kingambit\n|-damage|p1a: Kingambit|29\/100\n|-unboost|p1a: Kingambit|spa|1\n|-ability|p1a: Kingambit|Defiant|boost\n|-boost|p1a: Kingambit|atk|2\n|move|p1a: Kingambit|Iron Head|p2b: Grimmsnarl\n|-supereffective|p2b: Grimmsnarl\n|-damage|p2b: Grimmsnarl|0 fnt\n|faint|p2b: Grimmsnarl\n|move|p1b: Amoonguss|Spore|p2a: Garchomp\n|-status|p2a: Garchomp|slp|[from] move: Spore\n|\n|upkeep\n|\n|t:|1683206231\n|switch|p2b: Garganacl|Garganacl, L50, F|100\/100\n|turn|6\n|\n|t:|1683206243\n|-terastallize|p2b: Garganacl|Ghost\n|cant|p2a: Garchomp|slp\n|move|p1a: Kingambit|Iron Head|p2b: Garganacl\n|-damage|p2b: Garganacl|67\/100\n|move|p1b: Amoonguss|Pollen Puff|p1a: Kingambit\n|-heal|p1a: Kingambit|79\/100\n|move|p2b: Garganacl|Body Press|p1a: Kingambit\n|-supereffective|p1a: Kingambit\n|-damage|p1a: Kingambit|0 fnt\n|faint|p1a: Kingambit\n|\n|-heal|p2b: Garganacl|73\/100|[from] item: Leftovers\n|upkeep\n|\n|t:|1683206254\n|switch|p1a: Flutter Mane|Flutter Mane, L50, shiny|100\/100\n|-enditem|p1a: Flutter Mane|Booster Energy\n|-activate|p1a: Flutter Mane|ability: Protosynthesis|[fromitem]\n|-start|p1a: Flutter Mane|protosynthesisspe\n|turn|7\n|\n|t:|1683206278\n|-terastallize|p1a: Flutter Mane|Fairy\n|move|p1b: Amoonguss|Rage Powder|p1b: Amoonguss\n|-singleturn|p1b: Amoonguss|move: Rage Powder\n|move|p1a: Flutter Mane|Moonblast|p2a: Garchomp\n|-supereffective|p2a: Garchomp\n|-damage|p2a: Garchomp|0 fnt\n|faint|p2a: Garchomp\n|move|p2b: Garganacl|Recover|p2b: Garganacl\n|-heal|p2b: Garganacl|100\/100\n|\n|upkeep\n|\n|t:|1683206288\n|switch|p2a: Gholdengo|Gholdengo, L50|75\/100\n|turn|8\n|\n|t:|1683206300\n|move|p1b: Amoonguss|Rage Powder|p1b: Amoonguss\n|-singleturn|p1b: Amoonguss|move: Rage Powder\n|move|p1a: Flutter Mane|Hex|p2a: Gholdengo\n|-supereffective|p2a: Gholdengo\n|-damage|p2a: Gholdengo|0 fnt\n|faint|p2a: Gholdengo\n|move|p2b: Garganacl|Salt Cure|p1b: Amoonguss\n|-damage|p1b: Amoonguss|49\/100\n|-start|p1b: Amoonguss|Salt Cure\n|\n|-damage|p1b: Amoonguss|37\/100|[from] Salt Cure\n|-sideend|p2: bebecitus2|Reflect\n|upkeep\n|turn|9\n|-message|bebecitus2 forfeited.\n|\n|win|leoroop\n|raw|leoroop's rating: 1116 → 1141<\/strong> (+25 for winning)\n|raw|bebecitus2's rating: 1122 → 1097<\/strong> (-25 for losing)\n|l|\u2606bebecitus2\n","uploadtime":1683206321,"views":27,"p1id":"leoroop","p2id":"bebecitus2","formatid":"gen9vgc2023regulationc","rating":1097,"private":0,"password":""}