{"id":"gen9vgc2023regulationc-1849860094","p1":"Cap fanboy1","p2":"Idk544","format":"[Gen 9] VGC 2023 Regulation C","log":"|j|\u2606Cap fanboy1\n|j|\u2606Idk544\n|t:|1682261590\n|gametype|doubles\n|player|p1|Cap fanboy1|101|1273\n|player|p2|Idk544|silver|1311\n|teamsize|p1|6\n|teamsize|p2|6\n|gen|9\n|tier|[Gen 9] VGC 2023 Regulation C\n|rated|\n|rule|Species Clause: Limit one of each Pok\u00e9mon\n|rule|Item Clause: Limit one of each item\n|clearpoke\n|poke|p1|Sableye, L50, F|\n|poke|p1|Amoonguss, L50, F|\n|poke|p1|Chi-Yu, L50|\n|poke|p1|Sylveon, L50, F|\n|poke|p1|Annihilape, L50, M|\n|poke|p1|Maushold, L50|\n|poke|p2|Orthworm, L50, M|\n|poke|p2|Iron Hands, L50|\n|poke|p2|Flutter Mane, L50|\n|poke|p2|Gholdengo, L50|\n|poke|p2|Gyarados, L50, M|\n|poke|p2|Ting-Lu, L50|\n|teampreview|4\nIdk544 has agreed to open team sheets.\nCap fanboy1 rejected open team sheets.\n|inactive|Battle timer is ON: inactive players will automatically lose when time's up. (requested by Cap fanboy1)\n|inactive|Idk544 has 60 seconds left.\n|\n|t:|1682261666\n|start\n|switch|p1a: Annihilape|Annihilape, L50, M|100\/100\n|switch|p1b: Maushold|Maushold, L50|100\/100\n|switch|p2a: Iron Hands|Iron Hands, L50|100\/100\n|switch|p2b: Ting-Lu|Ting-Lu, L50|100\/100\n|-ability|p2b: Ting-Lu|Vessel of Ruin\n|turn|1\n|\n|t:|1682261689\n|-terastallize|p2b: Ting-Lu|Ground\n|move|p1b: Maushold|Follow Me|p1b: Maushold\n|-singleturn|p1b: Maushold|move: Follow Me\n|move|p1a: Annihilape|Bulk Up|p1a: Annihilape\n|-boost|p1a: Annihilape|atk|1\n|-boost|p1a: Annihilape|def|1\n|move|p2a: Iron Hands|Volt Switch|p1b: Maushold\n|-damage|p1b: Maushold|87\/100\n|\n|t:|1682261700\n|-end|p2a: Iron Hands|Quark Drive|[silent]\n|switch|p2a: Orthworm|Orthworm, L50, M|100\/100|[from] Volt Switch\n|move|p2b: Ting-Lu|Earthquake|p1a: Annihilape|[spread] p1a,p1b\n|-immune|p2a: Orthworm|[from] ability: Earth Eater\n|-damage|p1a: Annihilape|81\/100\n|-damage|p1b: Maushold|40\/100\n|-enditem|p1b: Maushold|Sitrus Berry|[eat]\n|-heal|p1b: Maushold|65\/100|[from] item: Sitrus Berry\n|\n|-heal|p1a: Annihilape|87\/100|[from] item: Leftovers\n|upkeep\n|turn|2\n|\n|t:|1682261719\n|move|p1b: Maushold|Beat Up|p1a: Annihilape\n|-damage|p1a: Annihilape|85\/100\n|-damage|p1a: Annihilape|84\/100\n|-crit|p1a: Annihilape\n|-damage|p1a: Annihilape|82\/100\n|-damage|p1a: Annihilape|81\/100\n|-hitcount|p1a: Annihilape|4\n|move|p1a: Annihilape|Rage Fist|p2b: Ting-Lu\n|-damage|p2b: Ting-Lu|0 fnt\n|faint|p2b: Ting-Lu\n|move|p2a: Orthworm|Shed Tail|p2a: Orthworm\n|-start|p2a: Orthworm|Substitute|[from] move: Shed Tail\n|-damage|p2a: Orthworm|50\/100\n|-enditem|p2a: Orthworm|Sitrus Berry|[eat]\n|-heal|p2a: Orthworm|75\/100|[from] item: Sitrus Berry\n|\n|t:|1682261734\n|switch|p2a: Flutter Mane|Flutter Mane, L50|100\/100|[from] Shed Tail\n|\n|-heal|p1a: Annihilape|87\/100|[from] item: Leftovers\n|upkeep\n|\n|t:|1682261747\n|switch|p2b: Iron Hands|Iron Hands, L50|100\/100\n|turn|3\n|\n|t:|1682261764\n|move|p2b: Iron Hands|Fake Out|p1b: Maushold\n|-damage|p1b: Maushold|45\/100\n|cant|p1b: Maushold|flinch\n|move|p2a: Flutter Mane|Shadow Ball|p1a: Annihilape\n|-supereffective|p1a: Annihilape\n|-damage|p1a: Annihilape|23\/100\n|move|p1a: Annihilape|Rage Fist|p2b: Iron Hands\n|-damage|p2b: Iron Hands|0 fnt\n|faint|p2b: Iron Hands\n|-end|p2b: Iron Hands|Quark Drive|[silent]\n|\n|-heal|p1a: Annihilape|29\/100|[from] item: Leftovers\n|upkeep\n|\n|t:|1682261779\n|switch|p2b: Orthworm|Orthworm, L50, M|75\/100\n|turn|4\n|\n|t:|1682261787\n|-terastallize|p1a: Annihilape|Fire\n|move|p2b: Orthworm|Helping Hand|p2a: Flutter Mane\n|-singleturn|p2a: Flutter Mane|Helping Hand|[of] p2b: Orthworm\n|move|p1b: Maushold|Follow Me|p1b: Maushold\n|-singleturn|p1b: Maushold|move: Follow Me\n|move|p2a: Flutter Mane|Dazzling Gleam|p1b: Maushold|[spread] p1a,p1b\n|-resisted|p1a: Annihilape\n|-damage|p1a: Annihilape|10\/100\n|-damage|p1b: Maushold|0 fnt\n|faint|p1b: Maushold\n|move|p1a: Annihilape|Drain Punch|p2b: Orthworm\n|-supereffective|p2b: Orthworm\n|-damage|p2b: Orthworm|0 fnt\n|-heal|p1a: Annihilape|41\/100|[from] drain|[of] p2b: Orthworm\n|faint|p2b: Orthworm\n|\n|-heal|p1a: Annihilape|47\/100|[from] item: Leftovers\n|upkeep\n|\n|t:|1682261803\n|switch|p1b: Sylveon|Sylveon, L50, F|100\/100\n|turn|5\n|\n|t:|1682261814\n|move|p1a: Annihilape|Protect|p1a: Annihilape\n|-singleturn|p1a: Annihilape|Protect\n|move|p2a: Flutter Mane|Moonblast|p1b: Sylveon\n|-damage|p1b: Sylveon|72\/100\n|move|p1b: Sylveon|Hyper Voice|p2a: Flutter Mane\n|-damage|p2a: Flutter Mane|57\/100\n|-enditem|p1b: Sylveon|Throat Spray\n|-boost|p1b: Sylveon|spa|1|[from] item: Throat Spray\n|\n|-heal|p1a: Annihilape|53\/100|[from] item: Leftovers\n|upkeep\n|turn|6\n|-message|Idk544 forfeited.\n|\n|win|Cap fanboy1\n|raw|Cap fanboy1's rating: 1273 → 1301<\/strong> (+28 for winning)\n|raw|Idk544's rating: 1311 → 1289<\/strong> (-22 for losing)\n","uploadtime":1682261836,"views":8,"p1id":"capfanboy1","p2id":"idk544","formatid":"gen9vgc2023regulationc","rating":1289,"private":0,"password":""}