{"id":"gen9vgc2023regulationc-1846322785","p1":"miss hound","p2":"Jimmynutron1","format":"[Gen 9] VGC 2023 Regulation C","log":"|j|\u2606miss hound\n|j|\u2606Jimmynutron1\n|t:|1681831579\n|gametype|doubles\n|player|p1|miss hound|266|1000\n|player|p2|Jimmynutron1|169|1082\n|teamsize|p1|6\n|teamsize|p2|6\n|gen|9\n|tier|[Gen 9] VGC 2023 Regulation C\n|rated|\n|rule|Species Clause: Limit one of each Pok\u00e9mon\n|rule|Item Clause: Limit one of each item\n|clearpoke\n|poke|p1|Garchomp, L50, F|\n|poke|p1|Talonflame, L50, F|\n|poke|p1|Amoonguss, L50, M|\n|poke|p1|Breloom, L50, M|\n|poke|p1|Sylveon, L50, F|\n|poke|p1|Flutter Mane, L50|\n|poke|p2|Palafin, L50, M|\n|poke|p2|Arcanine, L50, M|\n|poke|p2|Iron Hands, L50|\n|poke|p2|Scizor, L50, M|\n|poke|p2|Wo-Chien, L50|\n|poke|p2|Flutter Mane, L50|\n|teampreview|4\n|\n|t:|1681831643\n|start\n|switch|p1a: Garchomp|Garchomp, L50, F|100\/100\n|switch|p1b: Talonflame|Talonflame, L50, F|100\/100\n|switch|p2a: Palafin|Palafin, L50, M|100\/100\n|switch|p2b: Arcanine|Arcanine, L50, M|100\/100\n|-ability|p2b: Arcanine|Intimidate|boost\n|-unboost|p1a: Garchomp|atk|1\n|-unboost|p1b: Talonflame|atk|1\n|turn|1\n|inactive|Battle timer is ON: inactive players will automatically lose when time's up. (requested by Jimmynutron1)\n|\n|t:|1681831665\n|-terastallize|p2a: Palafin|Water\n|move|p1b: Talonflame|Tailwind|p1b: Talonflame\n|-sidestart|p1: miss hound|move: Tailwind\n|move|p2a: Palafin|Jet Punch|p1b: Talonflame\n|-supereffective|p1b: Talonflame\n|-enditem|p1b: Talonflame|Focus Sash\n|-damage|p1b: Talonflame|1\/100\n|move|p1a: Garchomp|Earthquake|p2a: Palafin|[spread] p2a,p2b\n|-immune|p1b: Talonflame\n|-supereffective|p2b: Arcanine\n|-damage|p2a: Palafin|62\/100\n|-damage|p2b: Arcanine|27\/100\n|-damage|p1a: Garchomp|91\/100|[from] item: Life Orb\n|move|p2b: Arcanine|Will-O-Wisp|p1a: Garchomp\n|-status|p1a: Garchomp|brn\n|\n|-damage|p1a: Garchomp|85\/100 brn|[from] brn\n|upkeep\n|turn|2\n|inactive|miss hound has 30 seconds left.\n|\n|t:|1681831697\n|switch|p1b: Amoonguss|Amoonguss, L50, M|100\/100\n|switch|p2b: Wo-Chien|Wo-Chien, L50|100\/100\n|-ability|p2b: Wo-Chien|Tablets of Ruin\n|move|p2a: Palafin|Jet Punch|p1b: Amoonguss\n|-resisted|p1b: Amoonguss\n|-damage|p1b: Amoonguss|88\/100\n|move|p1a: Garchomp|Dragon Claw|p2b: Wo-Chien\n|-damage|p2b: Wo-Chien|89\/100\n|-damage|p1a: Garchomp|75\/100 brn|[from] item: Life Orb\n|\n|-heal|p2b: Wo-Chien|95\/100|[from] item: Leftovers\n|-damage|p1a: Garchomp|69\/100 brn|[from] brn\n|upkeep\n|turn|3\n|inactive|miss hound has 30 seconds left.\n|inactive|miss hound has 20 seconds left.\n|\n|t:|1681831734\n|switch|p1a: Talonflame|Talonflame, L50, F|1\/100\n|detailschange|p2a: Palafin|Palafin-Hero, L50, M, tera:Water\n|switch|p2a: Arcanine|Arcanine, L50, M|27\/100\n|-ability|p2a: Arcanine|Intimidate|boost\n|-unboost|p1a: Talonflame|atk|1\n|-unboost|p1b: Amoonguss|atk|1\n|move|p1b: Amoonguss|Giga Drain|p2a: Arcanine\n|-resisted|p2a: Arcanine\n|-damage|p2a: Arcanine|16\/100\n|-heal|p1b: Amoonguss|93\/100|[from] drain|[of] p2a: Arcanine\n|move|p2b: Wo-Chien|Knock Off|p1b: Amoonguss\n|-damage|p1b: Amoonguss|68\/100\n|-enditem|p1b: Amoonguss|Sitrus Berry|[from] move: Knock Off|[of] p2b: Wo-Chien\n|\n|-heal|p2b: Wo-Chien|100\/100|[from] item: Leftovers\n|upkeep\n|turn|4\n|inactive|miss hound has 30 seconds left.\n|inactive|miss hound has 20 seconds left.\n|inactive|miss hound has 15 seconds left.\n|inactive|miss hound has 10 seconds left.\n|inactive|miss hound has 5 seconds left.\n|\n|t:|1681831786\n|move|p2a: Arcanine|Protect|p2a: Arcanine\n|-singleturn|p2a: Arcanine|Protect\n|move|p1b: Amoonguss|Rage Powder|p1b: Amoonguss\n|-singleturn|p1b: Amoonguss|move: Rage Powder\n|move|p1a: Talonflame|Roost|p1a: Talonflame\n|-heal|p1a: Talonflame|51\/100\n|-singleturn|p1a: Talonflame|move: Roost\n|move|p2b: Wo-Chien|Knock Off|p1a: Talonflame\n|-damage|p1a: Talonflame|21\/100\n|\n|-sideend|p1: miss hound|move: Tailwind\n|upkeep\n|turn|5\n|\n|t:|1681831807\n|move|p2a: Arcanine|Extreme Speed|p1a: Talonflame\n|-damage|p1a: Talonflame|0 fnt\n|faint|p1a: Talonflame\n|move|p1b: Amoonguss|Rage Powder|p1b: Amoonguss\n|-singleturn|p1b: Amoonguss|move: Rage Powder\n|move|p2b: Wo-Chien|Pollen Puff|p2a: Arcanine\n|-heal|p2a: Arcanine|66\/100\n|\n|upkeep\n|\n|t:|1681831818\n|switch|p1a: Breloom|Breloom, L50, M|100\/100\n|turn|6\n|\n|t:|1681831830\n|move|p1b: Amoonguss|Protect|p1b: Amoonguss\n|-singleturn|p1b: Amoonguss|Protect\n|move|p1a: Breloom|Substitute|p1a: Breloom\n|-start|p1a: Breloom|Substitute\n|-damage|p1a: Breloom|75\/100\n|move|p2a: Arcanine|Flare Blitz|p1a: Breloom\n|-supereffective|p1a: Breloom\n|-end|p1a: Breloom|Substitute\n|-damage|p2a: Arcanine|60\/100|[from] Recoil|[of] p1a: Breloom\n|move|p2b: Wo-Chien|Pollen Puff|p2a: Arcanine\n|-heal|p2a: Arcanine|100\/100\n|\n|-status|p1a: Breloom|tox|[from] item: Toxic Orb\n|upkeep\n|turn|7\n|\n|t:|1681831850\n|move|p1b: Amoonguss|Rage Powder|p1b: Amoonguss\n|-singleturn|p1b: Amoonguss|move: Rage Powder\n|move|p1a: Breloom|Substitute|p1a: Breloom\n|-start|p1a: Breloom|Substitute\n|-damage|p1a: Breloom|50\/100 tox\n|move|p2a: Arcanine|Flare Blitz|p1a: Breloom\n|-supereffective|p1a: Breloom\n|-end|p1a: Breloom|Substitute\n|-damage|p2a: Arcanine|95\/100|[from] Recoil|[of] p1a: Breloom\n|move|p2b: Wo-Chien|Knock Off|p1a: Breloom\n|-resisted|p1a: Breloom\n|-damage|p1a: Breloom|28\/100 tox\n|-enditem|p1a: Breloom|Toxic Orb|[from] move: Knock Off|[of] p2b: Wo-Chien\n|\n|-heal|p1a: Breloom|41\/100 tox|[from] ability: Poison Heal\n|upkeep\n|turn|8\n|\n|t:|1681831871\n|move|p1b: Amoonguss|Rage Powder|p1b: Amoonguss\n|-singleturn|p1b: Amoonguss|move: Rage Powder\n|move|p1a: Breloom|Drain Punch|p2b: Wo-Chien\n|-supereffective|p2b: Wo-Chien\n|-damage|p2b: Wo-Chien|47\/100\n|-heal|p1a: Breloom|78\/100 tox|[from] drain|[of] p2b: Wo-Chien\n|move|p2a: Arcanine|Flare Blitz|p1a: Breloom\n|-supereffective|p1a: Breloom\n|-damage|p1a: Breloom|0 fnt\n|faint|p1a: Breloom\n|-damage|p2a: Arcanine|77\/100|[from] Recoil\n|move|p2b: Wo-Chien|Pollen Puff|p2a: Arcanine\n|-heal|p2a: Arcanine|100\/100\n|\n|-heal|p2b: Wo-Chien|54\/100|[from] item: Leftovers\n|upkeep\n|\n|t:|1681831890\n|switch|p1a: Garchomp|Garchomp, L50, F|69\/100 brn\n|turn|9\n|\n|t:|1681831905\n|-terastallize|p1a: Garchomp|Fire\n|move|p1a: Garchomp|Earthquake|p2b: Wo-Chien|[spread] p1b,p2a,p2b\n|-supereffective|p2a: Arcanine\n|-resisted|p2b: Wo-Chien\n|-damage|p1b: Amoonguss|50\/100\n|-damage|p2a: Arcanine|56\/100\n|-damage|p2b: Wo-Chien|45\/100\n|-damage|p1a: Garchomp|59\/100 brn|[from] item: Life Orb\n|move|p2a: Arcanine|Flare Blitz|p1b: Amoonguss\n|-supereffective|p1b: Amoonguss\n|-damage|p1b: Amoonguss|0 fnt\n|faint|p1b: Amoonguss\n|-damage|p2a: Arcanine|37\/100|[from] Recoil\n|move|p2b: Wo-Chien|Leech Seed|p1a: Garchomp|[miss]\n|-miss|p2b: Wo-Chien|p1a: Garchomp\n|\n|-heal|p2b: Wo-Chien|52\/100|[from] item: Leftovers\n|-damage|p1a: Garchomp|53\/100 brn|[from] brn\n|upkeep\n|turn|10\n|-message|miss hound forfeited.\n|\n|win|Jimmynutron1\n|raw|miss hound's rating: 1000 → 1000<\/strong> (+0 for losing)\n|raw|Jimmynutron1's rating: 1082 → 1103<\/strong> (+21 for winning)\n|l|\u2606miss hound\n","uploadtime":1681831922,"views":5,"p1id":"misshound","p2id":"jimmynutron1","formatid":"gen9vgc2023regulationc","rating":1000,"private":0,"password":""}