{"id":"gen9vgc2023regulationc-1845689680","p1":"Bernell00","p2":"LeafeonLou12","format":"[Gen 9] VGC 2023 Regulation C","log":"|j|\u2606Bernell00\n|j|\u2606LeafeonLou12\n|t:|1681755805\n|gametype|doubles\n|player|p1|Bernell00|veteran|1147\n|player|p2|LeafeonLou12|266|1175\n|teamsize|p1|6\n|teamsize|p2|6\n|gen|9\n|tier|[Gen 9] VGC 2023 Regulation C\n|rated|\n|rule|Species Clause: Limit one of each Pok\u00e9mon\n|rule|Item Clause: Limit one of each item\n|clearpoke\n|poke|p1|Braviary, L50, M|\n|poke|p1|Hariyama, L50, M|\n|poke|p1|Rotom-Fan, L50|\n|poke|p1|Iron Treads, L50|\n|poke|p1|Raichu, L50, M|\n|poke|p1|Amoonguss, L50, M|\n|poke|p2|Rotom-Fan, L50|\n|poke|p2|Torkoal, L50, F|\n|poke|p2|Indeedee, L50, M|\n|poke|p2|Drifblim, L50, M|\n|poke|p2|Chi-Yu, L50|\n|poke|p2|Great Tusk, L50|\n|teampreview|4\nLeafeonLou12 has agreed to open team sheets.\n|inactive|Battle timer is ON: inactive players will automatically lose when time's up. (requested by LeafeonLou12)\n|\n|t:|1681755834\n|start\n|switch|p1a: Braviary|Braviary, L50, M|100\/100\n|switch|p1b: Raichu|Raichu, L50, M|100\/100\n|switch|p2a: Drifblim|Drifblim, L50, M|100\/100\n|switch|p2b: Indeedee|Indeedee, L50, M|100\/100\n|-fieldstart|move: Psychic Terrain|[from] ability: Psychic Surge|[of] p2b: Indeedee\n|-enditem|p2a: Drifblim|Psychic Seed\n|-boost|p2a: Drifblim|spd|1|[from] item: Psychic Seed\n|turn|1\n|\n|t:|1681755857\n|move|p2a: Drifblim|Acrobatics|p1b: Raichu\n|-resisted|p1b: Raichu\n|-damage|p1b: Raichu|58\/100\n|move|p2b: Indeedee|Psychic|p1b: Raichu\n|-damage|p1b: Raichu|0 fnt\n|faint|p1b: Raichu\n|move|p1a: Braviary|Tailwind|p1a: Braviary\n|-sidestart|p1: Bernell00|move: Tailwind\n|\n|upkeep\n|\n|t:|1681755868\n|switch|p1b: Iron Treads|Iron Treads, L50|100\/100\n|-enditem|p1b: Iron Treads|Booster Energy\n|-activate|p1b: Iron Treads|ability: Quark Drive|[fromitem]\n|-start|p1b: Iron Treads|quarkdrivespe\n|turn|2\n|\n|t:|1681755878\n|move|p1b: Iron Treads|Rock Slide|p2a: Drifblim|[spread] p2b\n|-miss|p1b: Iron Treads|p2a: Drifblim\n|-damage|p2b: Indeedee|61\/100\n|move|p2a: Drifblim|Tailwind|p2a: Drifblim\n|-sidestart|p2: LeafeonLou12|move: Tailwind\n|move|p2b: Indeedee|Psychic|p1b: Iron Treads\n|-resisted|p1b: Iron Treads\n|-crit|p1b: Iron Treads\n|-damage|p1b: Iron Treads|40\/100\n|move|p1a: Braviary|Rock Slide|p2b: Indeedee|[spread] p2a,p2b\n|-supereffective|p2a: Drifblim\n|-damage|p2a: Drifblim|47\/100\n|-damage|p2b: Indeedee|21\/100\n|\n|upkeep\n|turn|3\n|\n|t:|1681755897\n|move|p2a: Drifblim|Acrobatics|p1a: Braviary\n|-damage|p1a: Braviary|50\/100\n|move|p1b: Iron Treads|Rock Slide|p2a: Drifblim|[spread] p2a,p2b\n|-supereffective|p2a: Drifblim\n|-damage|p2a: Drifblim|0 fnt\n|-damage|p2b: Indeedee|0 fnt\n|faint|p2a: Drifblim\n|faint|p2b: Indeedee\n|move|p1a: Braviary|Rock Slide|p2: Drifblim|[notarget]\n|-fail|p1a: Braviary\n|\n|upkeep\n|\n|t:|1681755904\n|switch|p2b: Rotom|Rotom-Fan, L50|100\/100\n|switch|p2a: Great Tusk|Great Tusk, L50|100\/100\n|turn|4\n|\n|t:|1681755926\n|-terastallize|p2b: Rotom|Electric\n|move|p1b: Iron Treads|Rock Slide|p2b: Rotom|[spread] p2a\n|-miss|p1b: Iron Treads|p2b: Rotom\n|-resisted|p2a: Great Tusk\n|-damage|p2a: Great Tusk|98\/100\n|move|p1a: Braviary|Rock Slide|p2a: Great Tusk|[spread] p2a,p2b\n|-resisted|p2a: Great Tusk\n|-damage|p2a: Great Tusk|95\/100\n|-damage|p2b: Rotom|80\/100\n|cant|p2b: Rotom|flinch\n|cant|p2a: Great Tusk|flinch\n|\n|-sideend|p1: Bernell00|move: Tailwind\n|upkeep\n|turn|5\n|inactive|Bernell00 has 30 seconds left.\n|\n|t:|1681755957\n|move|p1b: Iron Treads|Protect|p1b: Iron Treads\n|-singleturn|p1b: Iron Treads|Protect\n|move|p2b: Rotom|Volt Switch|p1a: Braviary\n|-supereffective|p1a: Braviary\n|-damage|p1a: Braviary|0 fnt\n|faint|p1a: Braviary\n|move|p2a: Great Tusk|Close Combat|p1b: Iron Treads\n|-activate|p1b: Iron Treads|move: Protect\n|\n|-sideend|p2: LeafeonLou12|move: Tailwind\n|-fieldend|move: Psychic Terrain\n|upkeep\n|\n|t:|1681755968\n|switch|p1a: Rotom|Rotom-Fan, L50|100\/100\n|turn|6\n|inactive|Bernell00 has 30 seconds left.\n|\n|t:|1681755999\n|move|p1b: Iron Treads|Rock Slide|p2b: Rotom|[spread] p2a,p2b\n|-resisted|p2a: Great Tusk\n|-damage|p2a: Great Tusk|92\/100\n|-damage|p2b: Rotom|62\/100\n|move|p1a: Rotom|Air Slash|p2a: Great Tusk\n|-supereffective|p2a: Great Tusk\n|-damage|p2a: Great Tusk|11\/100\n|-damage|p1a: Rotom|91\/100|[from] item: Life Orb\n|move|p2b: Rotom|Volt Switch|p1a: Rotom\n|-damage|p1a: Rotom|32\/100\n|move|p2a: Great Tusk|Ice Spinner|p1a: Rotom\n|-supereffective|p1a: Rotom\n|-damage|p1a: Rotom|0 fnt\n|faint|p1a: Rotom\n|\n|upkeep\n|turn|7\n|\n|t:|1681756015\n|move|p1b: Iron Treads|Rock Slide|p2b: Rotom|[spread] p2a,p2b\n|-resisted|p2a: Great Tusk\n|-damage|p2a: Great Tusk|9\/100\n|-damage|p2b: Rotom|42\/100\n|-enditem|p2b: Rotom|Sitrus Berry|[eat]\n|-heal|p2b: Rotom|67\/100|[from] item: Sitrus Berry\n|move|p2b: Rotom|Air Slash|p1b: Iron Treads|[miss]\n|-miss|p2b: Rotom|p1b: Iron Treads\n|move|p2a: Great Tusk|Close Combat|p1b: Iron Treads\n|-supereffective|p1b: Iron Treads\n|-damage|p1b: Iron Treads|0 fnt\n|-unboost|p2a: Great Tusk|def|1\n|-unboost|p2a: Great Tusk|spd|1\n|faint|p1b: Iron Treads\n|-end|p1b: Iron Treads|Quark Drive|[silent]\n|\n|win|LeafeonLou12\n|raw|Bernell00's rating: 1147 → 1124<\/strong> (-23 for losing)\n|raw|LeafeonLou12's rating: 1175 → 1198<\/strong> (+23 for winning)\n","uploadtime":1681756026,"views":9,"p1id":"bernell00","p2id":"leafeonlou12","formatid":"gen9vgc2023regulationc","rating":1124,"private":0,"password":""}