{"id":"gen9vgc2023regulationc-1848137734","p1":"Kaibar","p2":"nsfwgg","format":"[Gen 9] VGC 2023 Regulation C","log":"|j|\u2606Kaibar\n|j|\u2606nsfwgg\n|t:|1682034088\n|gametype|doubles\n|player|p1|Kaibar|blackbelt-gen4dp|1136\n|player|p2|nsfwgg|dawn|1109\n|teamsize|p1|6\n|teamsize|p2|6\n|gen|9\n|tier|[Gen 9] VGC 2023 Regulation C\n|rated|\n|rule|Species Clause: Limit one of each Pok\u00e9mon\n|rule|Item Clause: Limit one of each item\n|clearpoke\n|poke|p1|Arcanine, L50, M|\n|poke|p1|Amoonguss, L50, M|\n|poke|p1|Kingambit, L50, F|\n|poke|p1|Flutter Mane, L50|\n|poke|p1|Dragonite, L50, F|\n|poke|p1|Palafin, L50, M|\n|poke|p2|Orthworm, L50, F|\n|poke|p2|Garchomp, L50, F|\n|poke|p2|Dragonite, L50, M|\n|poke|p2|Glimmora, L50, F|\n|poke|p2|Chien-Pao, L50|\n|poke|p2|Flutter Mane, L50|\n|teampreview|4\nnsfwgg has agreed to open team sheets.\nKaibar has agreed to open team sheets.\n|\n|t:|1682034153\n|start\n|switch|p1a: Windy|Arcanine, L50, M, shiny|100\/100\n|switch|p1b: Palafin|Palafin, L50, M|100\/100\n|switch|p2a: Orthworm|Orthworm, L50, F|100\/100\n|switch|p2b: Garchomp|Garchomp, L50, F|100\/100\n|-ability|p1a: Windy|Intimidate|boost\n|-unboost|p2a: Orthworm|atk|1\n|-unboost|p2b: Garchomp|atk|1\n|turn|1\n|\n|t:|1682034197\n|detailschange|p1b: Palafin|Palafin-Hero, L50, M\n|switch|p1b: Amoonguss|Amoonguss, L50, M|100\/100\n|move|p2a: Orthworm|Protect|p2a: Orthworm\n|-singleturn|p2a: Orthworm|Protect\n|move|p2b: Garchomp|Earthquake|p1a: Windy|[spread] p1a,p1b\n|-activate|p2a: Orthworm|move: Protect\n|-supereffective|p1a: Windy\n|-damage|p1a: Windy|39\/100\n|-damage|p1b: Amoonguss|74\/100\n|move|p1a: Windy|Will-O-Wisp|p2b: Garchomp|[miss]\n|-miss|p1a: Windy|p2b: Garchomp\n|\n|upkeep\n|turn|2\n|\n|t:|1682034227\n|-terastallize|p1a: Windy|Flying\n|move|p2b: Garchomp|Earthquake|p1a: Windy|[spread] p1b\n|-immune|p2a: Orthworm|[from] ability: Earth Eater\n|-immune|p1a: Windy\n|-damage|p1b: Amoonguss|49\/100\n|-enditem|p1b: Amoonguss|Sitrus Berry|[eat]\n|-heal|p1b: Amoonguss|74\/100|[from] item: Sitrus Berry\n|move|p1a: Windy|Will-O-Wisp|p2b: Garchomp\n|-status|p2b: Garchomp|brn\n|move|p2a: Orthworm|Iron Defense|p2a: Orthworm\n|-boost|p2a: Orthworm|def|2\n|move|p1b: Amoonguss|Pollen Puff|p1a: Windy\n|-heal|p1a: Windy|88\/100\n|\n|-damage|p2b: Garchomp|95\/100 brn|[from] brn\n|upkeep\n|turn|3\n|\n|t:|1682034282\n|switch|p1b: Dragonite|Dragonite, L50, F|100\/100\n|-terastallize|p2a: Orthworm|Fire\n|move|p2b: Garchomp|Earthquake|p1a: Windy|[spread] \n|-immune|p2a: Orthworm|[from] ability: Earth Eater\n|-immune|p1a: Windy\n|-immune|p1b: Dragonite\n|move|p1a: Windy|Howl|p1a: Windy|[spread] p1a,p1b\n|-boost|p1a: Windy|atk|1\n|-boost|p1b: Dragonite|atk|1\n|move|p2a: Orthworm|Iron Defense|p2a: Orthworm\n|-boost|p2a: Orthworm|def|2\n|\n|-damage|p2b: Garchomp|89\/100 brn|[from] brn\n|upkeep\n|turn|4\n|\n|t:|1682034320\n|move|p1b: Dragonite|Extreme Speed|p2a: Orthworm\n|-damage|p2a: Orthworm|85\/100\n|move|p2b: Garchomp|Earthquake|p1a: Windy|[spread] \n|-heal|p2a: Orthworm|100\/100|[from] ability: Earth Eater|[of] p2b: Garchomp\n|-immune|p1a: Windy\n|-immune|p1b: Dragonite\n|move|p1a: Windy|Howl|p1a: Windy|[spread] p1a,p1b\n|-boost|p1a: Windy|atk|1\n|-boost|p1b: Dragonite|atk|1\n|move|p2a: Orthworm|Iron Defense|p2a: Orthworm\n|-boost|p2a: Orthworm|def|2\n|\n|-damage|p2b: Garchomp|83\/100 brn|[from] brn\n|upkeep\n|turn|5\n|\n|t:|1682034347\n|move|p1b: Dragonite|Extreme Speed|p2b: Garchomp\n|-damage|p2b: Garchomp|0 fnt\n|-damage|p1b: Dragonite|89\/100|[from] ability: Rough Skin|[of] p2b: Garchomp\n|faint|p2b: Garchomp\n|move|p1a: Windy|Howl|p1a: Windy|[spread] p1a,p1b\n|-boost|p1a: Windy|atk|1\n|-boost|p1b: Dragonite|atk|1\n|move|p2a: Orthworm|Body Press|p1a: Windy\n|-resisted|p1a: Windy\n|-crit|p1a: Windy\n|-damage|p1a: Windy|4\/100\n|\n|upkeep\n|\n|t:|1682034370\n|switch|p2b: Chien-Pao|Chien-Pao, L50|100\/100\n|-ability|p2b: Chien-Pao|Sword of Ruin\n|turn|6\n|\n|t:|1682034404\n|move|p1a: Windy|Extreme Speed|p2b: Chien-Pao\n|-damage|p2b: Chien-Pao|20\/100\n|move|p1b: Dragonite|Extreme Speed|p2b: Chien-Pao\n|-damage|p2b: Chien-Pao|0 fnt\n|faint|p2b: Chien-Pao\n|move|p2a: Orthworm|Body Press|p1a: Windy\n|-resisted|p1a: Windy\n|-damage|p1a: Windy|0 fnt\n|faint|p1a: Windy\n|\n|upkeep\n|\n|t:|1682034417\n|switch|p2b: Dragonite|Dragonite, L50, M|100\/100\n|switch|p1a: Amoonguss|Amoonguss, L50, M|100\/100\n|turn|7\n|\n|t:|1682034460\n|move|p1b: Dragonite|Extreme Speed|p2b: Dragonite\n|-damage|p2b: Dragonite|40\/100\n|move|p2b: Dragonite|Earthquake|p1b: Dragonite|[spread] p1a\n|-immune|p2a: Orthworm|[from] ability: Earth Eater\n|-immune|p1b: Dragonite\n|-damage|p1a: Amoonguss|72\/100\n|move|p2a: Orthworm|Body Press|p1a: Amoonguss\n|-resisted|p1a: Amoonguss\n|-damage|p1a: Amoonguss|11\/100\n|move|p1a: Amoonguss|Clear Smog|p2a: Orthworm\n|-damage|p2a: Orthworm|82\/100\n|-clearboost|p2a: Orthworm\n|\n|-heal|p2a: Orthworm|88\/100|[from] item: Leftovers\n|upkeep\n|turn|8\n|\n|t:|1682034504\n|move|p2a: Orthworm|Protect|p2a: Orthworm\n|-singleturn|p2a: Orthworm|Protect\n|move|p1b: Dragonite|Extreme Speed|p2a: Orthworm\n|-activate|p2a: Orthworm|move: Protect\n|move|p2b: Dragonite|Extreme Speed|p1a: Amoonguss\n|-damage|p1a: Amoonguss|0 fnt\n|faint|p1a: Amoonguss\n|\n|-heal|p2a: Orthworm|94\/100|[from] item: Leftovers\n|upkeep\n|\n|t:|1682034514\n|switch|p1a: Palafin|Palafin-Hero, L50, M|100\/100\n|-activate|p1a: Palafin|ability: Zero to Hero\n|turn|9\n|\n|t:|1682034541\n|move|p1b: Dragonite|Extreme Speed|p2a: Orthworm\n|-damage|p2a: Orthworm|15\/100\n|move|p1a: Palafin|Jet Punch|p2a: Orthworm\n|-supereffective|p2a: Orthworm\n|-damage|p2a: Orthworm|0 fnt\n|faint|p2a: Orthworm\n|move|p2b: Dragonite|Earthquake|p1b: Dragonite|[spread] p1a\n|-immune|p1b: Dragonite\n|-damage|p1a: Palafin|74\/100\n|\n|upkeep\n|turn|10\n|\n|t:|1682034557\n|move|p1b: Dragonite|Extreme Speed|p2b: Dragonite\n|-damage|p2b: Dragonite|0 fnt\n|faint|p2b: Dragonite\n|\n|win|Kaibar\n|raw|Kaibar's rating: 1136 → 1159<\/strong> (+23 for winning)\n|raw|nsfwgg's rating: 1109 → 1086<\/strong> (-23 for losing)\n|c|\u2606Kaibar|gg\n","uploadtime":1682034567,"views":8,"p1id":"kaibar","p2id":"nsfwgg","formatid":"gen9vgc2023regulationc","rating":1086,"private":0,"password":""}