{"id":"gen9vgc2023regulationc-1854776758","p1":"SupaJello","p2":"jamesk5885","format":"[Gen 9] VGC 2023 Regulation C","log":"|j|\u2606SupaJello\n|j|\u2606jamesk5885\n|t:|1682864664\n|gametype|doubles\n|player|p1|SupaJello|hilbert|1220\n|player|p2|jamesk5885|parasollady|1152\n|teamsize|p1|6\n|teamsize|p2|6\n|gen|9\n|tier|[Gen 9] VGC 2023 Regulation C\n|rated|\n|rule|Species Clause: Limit one of each Pok\u00e9mon\n|rule|Item Clause: Limit one of each item\n|clearpoke\n|poke|p1|Armarouge, L50, M|\n|poke|p1|Garchomp, L50, M|\n|poke|p1|Tyranitar, L50, M|\n|poke|p1|Flutter Mane, L50|\n|poke|p1|Orthworm, L50, F|\n|poke|p1|Gholdengo, L50|\n|poke|p2|Pelipper, L50, M|\n|poke|p2|Wo-Chien, L50|\n|poke|p2|Arcanine, L50, M|\n|poke|p2|Toxicroak, L50, M|\n|poke|p2|Dragapult, L50, M|\n|poke|p2|Espathra, L50, M|\n|teampreview|4\n|inactive|Battle timer is ON: inactive players will automatically lose when time's up. (requested by jamesk5885)\n|inactive|SupaJello also wants the timer to be on.\njamesk5885 has agreed to open team sheets.\n|inactive|jamesk5885 has 60 seconds left.\n|\n|t:|1682864699\n|start\n|switch|p1a: Garchomp|Garchomp, L50, M|100\/100\n|switch|p1b: Orthworm|Orthworm, L50, F|100\/100\n|switch|p2a: Pelipper|Pelipper, L50, M|100\/100\n|switch|p2b: Toxicroak|Toxicroak, L50, M|100\/100\n|-weather|RainDance|[from] ability: Drizzle|[of] p2a: Pelipper\n|turn|1\n|\n|t:|1682864717\n|move|p2b: Toxicroak|Fake Out|p1a: Garchomp\n|-damage|p1a: Garchomp|87\/100\n|cant|p1a: Garchomp|flinch\n|move|p1b: Orthworm|Shed Tail|p1b: Orthworm\n|-start|p1b: Orthworm|Substitute|[from] move: Shed Tail\n|-damage|p1b: Orthworm|50\/100\n|\n|t:|1682864726\n|switch|p1b: Tyranitar|Tyranitar, L50, M|100\/100|[from] Shed Tail\n|-weather|Sandstorm|[from] ability: Sand Stream|[of] p1b: Tyranitar\n|move|p2a: Pelipper|Tailwind|p2a: Pelipper\n|-sidestart|p2: jamesk5885|move: Tailwind\n|\n|-weather|Sandstorm|[upkeep]\n|-damage|p2b: Toxicroak|95\/100|[from] Sandstorm\n|-damage|p2a: Pelipper|95\/100|[from] Sandstorm\n|upkeep\n|turn|2\n|\n|t:|1682864738\n|move|p2b: Toxicroak|Icy Wind|p1b: Tyranitar|[spread] p1b\n|-miss|p2b: Toxicroak|p1a: Garchomp\n|-activate|p1b: Tyranitar|move: Substitute|[damage]\n|move|p2a: Pelipper|U-turn|p1b: Tyranitar\n|-supereffective|p1b: Tyranitar\n|-activate|p1b: Tyranitar|move: Substitute|[damage]\n|\n|t:|1682864751\n|switch|p2a: Wo-Chien|Wo-Chien, L50|100\/100|[from] U-turn\n|-ability|p2a: Wo-Chien|Tablets of Ruin\n|move|p1a: Garchomp|Swords Dance|p1a: Garchomp\n|-boost|p1a: Garchomp|atk|2\n|move|p1b: Tyranitar|Rock Slide|p2b: Toxicroak|[spread] p2b\n|-miss|p1b: Tyranitar|p2a: Wo-Chien\n|-resisted|p2b: Toxicroak\n|-damage|p2b: Toxicroak|74\/100\n|\n|-weather|Sandstorm|[upkeep]\n|-damage|p2b: Toxicroak|68\/100|[from] Sandstorm\n|-damage|p2a: Wo-Chien|94\/100|[from] Sandstorm\n|-heal|p2a: Wo-Chien|100\/100|[from] item: Leftovers\n|upkeep\n|turn|3\n|\n|t:|1682864775\n|-terastallize|p1a: Garchomp|Steel\n|move|p2b: Toxicroak|Icy Wind|p1a: Garchomp|[spread] p1b\n|-miss|p2b: Toxicroak|p1a: Garchomp\n|-activate|p1b: Tyranitar|move: Substitute|[damage]\n|move|p1a: Garchomp|Earthquake|p2a: Wo-Chien|[spread] p1b,p2a,p2b\n|-supereffective|p1b: Tyranitar\n|-end|p1b: Tyranitar|Substitute\n|-resisted|p2a: Wo-Chien\n|-supereffective|p2b: Toxicroak\n|-damage|p2a: Wo-Chien|74\/100\n|-damage|p2b: Toxicroak|0 fnt\n|faint|p2b: Toxicroak\n|move|p2a: Wo-Chien|Leech Seed|p1a: Garchomp\n|-start|p1a: Garchomp|move: Leech Seed\n|move|p1b: Tyranitar|Low Kick|p2a: Wo-Chien\n|-supereffective|p2a: Wo-Chien\n|-damage|p2a: Wo-Chien|28\/100\n|\n|-weather|Sandstorm|[upkeep]\n|-damage|p2a: Wo-Chien|21\/100|[from] Sandstorm\n|-heal|p2a: Wo-Chien|28\/100|[from] item: Leftovers\n|-damage|p1a: Garchomp|75\/100|[from] Leech Seed|[of] p2a: Wo-Chien\n|-heal|p2a: Wo-Chien|40\/100|[silent]\n|upkeep\n|\n|t:|1682864782\n|switch|p2b: Pelipper|Pelipper, L50, M|95\/100\n|-weather|RainDance|[from] ability: Drizzle|[of] p2b: Pelipper\n|turn|4\n|\n|t:|1682864799\n|switch|p1b: Orthworm|Orthworm, L50, F|50\/100\n|move|p2a: Wo-Chien|Protect|p2a: Wo-Chien\n|-singleturn|p2a: Wo-Chien|Protect\n|move|p2b: Pelipper|Surf|p1a: Garchomp|[spread] p1a,p1b\n|-activate|p2a: Wo-Chien|move: Protect\n|-damage|p1a: Garchomp|37\/100\n|-damage|p1b: Orthworm|14\/100\n|-enditem|p1b: Orthworm|Iapapa Berry|[eat]\n|-heal|p1b: Orthworm|47\/100|[from] item: Iapapa Berry\n|move|p1a: Garchomp|Earthquake|p2a: Wo-Chien|[spread] \n|-activate|p2a: Wo-Chien|move: Protect\n|-heal|p1b: Orthworm|72\/100|[from] ability: Earth Eater|[of] p1a: Garchomp\n|-immune|p2b: Pelipper\n|\n|-weather|RainDance|[upkeep]\n|-heal|p2a: Wo-Chien|46\/100|[from] item: Leftovers\n|-damage|p1a: Garchomp|24\/100|[from] Leech Seed|[of] p2a: Wo-Chien\n|-heal|p2a: Wo-Chien|58\/100|[silent]\n|-sideend|p2: jamesk5885|move: Tailwind\n|upkeep\n|turn|5\n|inactive|jamesk5885 has 30 seconds left.\n|inactive|SupaJello has 30 seconds left.\n|\n|t:|1682864831\n|switch|p1a: Tyranitar|Tyranitar, L50, M|100\/100\n|-weather|Sandstorm|[from] ability: Sand Stream|[of] p1a: Tyranitar\n|move|p1b: Orthworm|Body Press|p2a: Wo-Chien\n|-supereffective|p2a: Wo-Chien\n|-damage|p2a: Wo-Chien|19\/100\n|move|p2b: Pelipper|Surf|p1a: Tyranitar|[spread] p2a,p1a,p1b\n|-resisted|p2a: Wo-Chien\n|-supereffective|p1a: Tyranitar\n|-damage|p2a: Wo-Chien|13\/100\n|-damage|p1a: Tyranitar|73\/100\n|-damage|p1b: Orthworm|48\/100\n|move|p2a: Wo-Chien|Knock Off|p1a: Tyranitar\n|-resisted|p1a: Tyranitar\n|-damage|p1a: Tyranitar|62\/100\n|-enditem|p1a: Tyranitar|Leftovers|[from] move: Knock Off|[of] p2a: Wo-Chien\n|\n|-weather|Sandstorm|[upkeep]\n|-damage|p2b: Pelipper|89\/100|[from] Sandstorm\n|-damage|p2a: Wo-Chien|7\/100|[from] Sandstorm\n|-heal|p2a: Wo-Chien|13\/100|[from] item: Leftovers\n|upkeep\n|turn|6\n|\n|t:|1682864852\n|move|p2a: Wo-Chien|Protect|p2a: Wo-Chien\n|-singleturn|p2a: Wo-Chien|Protect\n|move|p1b: Orthworm|Iron Defense|p1b: Orthworm\n|-boost|p1b: Orthworm|def|2\n|move|p2b: Pelipper|U-turn|p1a: Tyranitar\n|-supereffective|p1a: Tyranitar\n|-damage|p1a: Tyranitar|51\/100\n|\n|t:|1682864855\n|switch|p2b: Arcanine|Arcanine, L50, M|100\/100|[from] U-turn\n|-ability|p2b: Arcanine|Intimidate|boost\n|-unboost|p1a: Tyranitar|atk|1\n|-unboost|p1b: Orthworm|atk|1\n|move|p1a: Tyranitar|Rock Slide|p2b: Arcanine|[spread] p2b\n|-activate|p2a: Wo-Chien|move: Protect\n|-supereffective|p2b: Arcanine\n|-damage|p2b: Arcanine|66\/100\n|\n|-weather|Sandstorm|[upkeep]\n|-damage|p2a: Wo-Chien|7\/100|[from] Sandstorm\n|-heal|p2a: Wo-Chien|13\/100|[from] item: Leftovers\n|upkeep\n|turn|7\n|\n|t:|1682864878\n|move|p2b: Arcanine|Will-O-Wisp|p1a: Tyranitar\n|-status|p1a: Tyranitar|brn\n|move|p1b: Orthworm|Iron Defense|p1b: Orthworm\n|-boost|p1b: Orthworm|def|2\n|move|p1a: Tyranitar|Rock Slide|p2b: Arcanine|[spread] p2a,p2b\n|-supereffective|p2b: Arcanine\n|-damage|p2a: Wo-Chien|5\/100\n|-damage|p2b: Arcanine|49\/100\n|move|p2a: Wo-Chien|Leech Seed|p1b: Orthworm\n|-start|p1b: Orthworm|move: Leech Seed\n|\n|-weather|Sandstorm|[upkeep]\n|-damage|p2a: Wo-Chien|0 fnt|[from] Sandstorm\n|faint|p2a: Wo-Chien\n|-damage|p1a: Tyranitar|45\/100 brn|[from] brn\n|upkeep\n|\n|t:|1682864893\n|switch|p2a: Pelipper|Pelipper, L50, M|89\/100\n|-weather|RainDance|[from] ability: Drizzle|[of] p2a: Pelipper\n|turn|8\n|\n|t:|1682864906\n|move|p2b: Arcanine|Will-O-Wisp|p1b: Orthworm\n|-status|p1b: Orthworm|brn\n|move|p1b: Orthworm|Body Press|p2b: Arcanine\n|-damage|p2b: Arcanine|7\/100\n|move|p2a: Pelipper|Tailwind|p2a: Pelipper\n|-sidestart|p2: jamesk5885|move: Tailwind\n|move|p1a: Tyranitar|Rock Slide|p2b: Arcanine|[spread] p2a,p2b\n|-supereffective|p2a: Pelipper\n|-supereffective|p2b: Arcanine\n|-damage|p2a: Pelipper|71\/100\n|-damage|p2b: Arcanine|0 fnt\n|faint|p2b: Arcanine\n|\n|-weather|RainDance|[upkeep]\n|-damage|p1b: Orthworm|36\/100 brn|[from] Leech Seed|[of] p2a: Pelipper\n|-heal|p2a: Pelipper|84\/100|[silent]\n|-damage|p1b: Orthworm|29\/100 brn|[from] brn\n|-damage|p1a: Tyranitar|39\/100 brn|[from] brn\n|upkeep\n|turn|9\n|\n|t:|1682864925\n|switch|p1b: Gholdengo|Gholdengo, L50|100\/100\n|move|p2a: Pelipper|Surf|p1a: Tyranitar|[spread] p1a,p1b\n|-supereffective|p1a: Tyranitar\n|-damage|p1a: Tyranitar|0 fnt\n|-damage|p1b: Gholdengo|59\/100\n|faint|p1a: Tyranitar\n|\n|-weather|RainDance|[upkeep]\n|upkeep\n|\n|t:|1682864933\n|switch|p1a: Garchomp|Garchomp, L50, M, tera:Steel|24\/100\n|turn|10\n|\n|t:|1682864941\n|-terastallize|p2a: Pelipper|Steel\n|move|p2a: Pelipper|Surf|p1b: Gholdengo|[spread] p1a,p1b\n|-damage|p1a: Garchomp|0 fnt\n|-damage|p1b: Gholdengo|15\/100\n|faint|p1a: Garchomp\n|move|p1b: Gholdengo|Nasty Plot|p1b: Gholdengo\n|-boost|p1b: Gholdengo|spa|2\n|\n|-weather|RainDance|[upkeep]\n|upkeep\n|\n|t:|1682864949\n|switch|p1a: Orthworm|Orthworm, L50, F|29\/100 brn\n|turn|11\n|\n|t:|1682864955\n|move|p1b: Gholdengo|Protect|p1b: Gholdengo\n|-singleturn|p1b: Gholdengo|Protect\n|move|p2a: Pelipper|Surf|p1b: Gholdengo|[spread] p1a\n|-activate|p1b: Gholdengo|move: Protect\n|-damage|p1a: Orthworm|0 fnt\n|faint|p1a: Orthworm\n|\n|-weather|RainDance|[upkeep]\n|-sideend|p2: jamesk5885|move: Tailwind\n|upkeep\n|turn|12\n|c|\u2606jamesk5885|no way pelipper kills 4 here\n|\n|t:|1682864966\n|move|p1b: Gholdengo|Shadow Ball|p2a: Pelipper\n|-damage|p2a: Pelipper|0 fnt\n|faint|p2a: Pelipper\n|\n|win|SupaJello\n|raw|SupaJello's rating: 1220 → 1240<\/strong> (+20 for winning)\n|raw|jamesk5885's rating: 1152 → 1132<\/strong> (-20 for losing)\n|c|\u2606jamesk5885|gg so close\n|l|\u2606SupaJello\n","uploadtime":1682864977,"views":14,"p1id":"supajello","p2id":"jamesk5885","formatid":"gen9vgc2023regulationc","rating":1132,"private":0,"password":""}