{"id":"gen9vgc2023regulationc-1857972188","p1":"PkmnTrainerHotPink","p2":"ENLIGHTENMENT1124","format":"[Gen 9] VGC 2023 Regulation C","log":"|j|\u2606PkmnTrainerHotPink\n|j|\u2606ENLIGHTENMENT1124\n|t:|1683254201\n|gametype|doubles\n|player|p1|PkmnTrainerHotPink|cynthia|1076\n|player|p2|ENLIGHTENMENT1124|morty|1151\n|teamsize|p1|6\n|teamsize|p2|6\n|gen|9\n|tier|[Gen 9] VGC 2023 Regulation C\n|rated|\n|rule|Species Clause: Limit one of each Pok\u00e9mon\n|rule|Item Clause: Limit one of each item\n|clearpoke\n|poke|p1|Flutter Mane, L50|\n|poke|p1|Iron Bundle, L50|\n|poke|p1|Iron Hands, L50|\n|poke|p1|Arcanine, L50, F|\n|poke|p1|Amoonguss, L50, F|\n|poke|p1|Bronzong, L50|\n|poke|p2|Maushold-Four, L50|\n|poke|p2|Annihilape, L50, M|\n|poke|p2|Lycanroc, L50, M|\n|poke|p2|Tyranitar, L50, M|\n|poke|p2|Indeedee-F, L50, F|\n|poke|p2|Flutter Mane, L50|\n|teampreview|4\n|inactive|Battle timer is ON: inactive players will automatically lose when time's up. (requested by PkmnTrainerHotPink)\nPkmnTrainerHotPink has agreed to open team sheets.\n|inactive|PkmnTrainerHotPink has 60 seconds left.\n|inactive|ENLIGHTENMENT1124 has 60 seconds left.\n|\n|t:|1683254243\n|start\n|switch|p1a: Flutter Mane|Flutter Mane, L50|100\/100\n|switch|p1b: Iron Hands|Iron Hands, L50|100\/100\n|switch|p2a: Tyranitar|Tyranitar, L50, M, shiny|100\/100\n|switch|p2b: Indeedee|Indeedee-F, L50, F|100\/100\n|-fieldstart|move: Psychic Terrain|[from] ability: Psychic Surge|[of] p2b: Indeedee\n|-weather|Sandstorm|[from] ability: Sand Stream|[of] p2a: Tyranitar\n|turn|1\n|inactive|PkmnTrainerHotPink has 30 seconds left.\n|inactive|PkmnTrainerHotPink has 20 seconds left.\n|inactive|PkmnTrainerHotPink has 15 seconds left.\n|inactive|PkmnTrainerHotPink has 10 seconds left.\n|\n|t:|1683254289\n|-end|p1a: Flutter Mane|Protosynthesis|[silent]\n|switch|p1a: Amoonguss|Amoonguss, L50, F|100\/100\n|move|p2a: Tyranitar|Protect|p2a: Tyranitar\n|-singleturn|p2a: Tyranitar|Protect\n|move|p1b: Iron Hands|Close Combat|p2a: Tyranitar\n|-activate|p2a: Tyranitar|move: Protect\n|move|p2b: Indeedee|Trick Room|p2b: Indeedee\n|-fieldstart|move: Trick Room|[of] p2b: Indeedee\n|\n|-weather|Sandstorm|[upkeep]\n|-damage|p1a: Amoonguss|95\/100|[from] Sandstorm\n|-damage|p1b: Iron Hands|94\/100|[from] Sandstorm\n|upkeep\n|turn|2\n|inactive|PkmnTrainerHotPink has 30 seconds left.\n|inactive|ENLIGHTENMENT1124 has 30 seconds left.\n|inactive|ENLIGHTENMENT1124 has 20 seconds left.\n|inactive|ENLIGHTENMENT1124 has 15 seconds left.\n|\n|t:|1683254331\n|-terastallize|p2a: Tyranitar|Grass\n|move|p1a: Amoonguss|Spore|p2b: Indeedee\n|-activate|p2b: Indeedee|item: Safety Goggles|Spore\n|move|p2a: Tyranitar|Tera Blast|p1b: Iron Hands\n|-damage|p1b: Iron Hands|65\/100\n|move|p1b: Iron Hands|Drain Punch|p2a: Tyranitar\n|-damage|p2a: Tyranitar|66\/100\n|-heal|p1b: Iron Hands|80\/100|[from] drain|[of] p2a: Tyranitar\n|move|p2b: Indeedee|Psychic|p1b: Iron Hands\n|-supereffective|p1b: Iron Hands\n|-damage|p1b: Iron Hands|37\/100\n|\n|-weather|Sandstorm|[upkeep]\n|-damage|p1a: Amoonguss|89\/100|[from] Sandstorm\n|-damage|p2a: Tyranitar|60\/100|[from] Sandstorm\n|-damage|p1b: Iron Hands|31\/100|[from] Sandstorm\n|upkeep\n|turn|3\n|inactive|PkmnTrainerHotPink has 30 seconds left.\n|inactive|ENLIGHTENMENT1124 has 30 seconds left.\n|\n|t:|1683254366\n|-end|p1b: Iron Hands|Quark Drive|[silent]\n|switch|p1b: Bronzong|Bronzong, L50|100\/100\n|move|p1a: Amoonguss|Protect|p1a: Amoonguss\n|-singleturn|p1a: Amoonguss|Protect\n|move|p2a: Tyranitar|Rock Slide|p1a: Amoonguss|[spread] p1b\n|-activate|p1a: Amoonguss|move: Protect\n|-resisted|p1b: Bronzong\n|-damage|p1b: Bronzong|87\/100\n|move|p2b: Indeedee|Psychic|p1b: Bronzong\n|-resisted|p1b: Bronzong\n|-damage|p1b: Bronzong|80\/100\n|\n|-weather|Sandstorm|[upkeep]\n|-damage|p1a: Amoonguss|83\/100|[from] Sandstorm\n|-damage|p2a: Tyranitar|54\/100|[from] Sandstorm\n|upkeep\n|turn|4\n|inactive|PkmnTrainerHotPink has 30 seconds left.\n|\n|t:|1683254396\n|move|p1b: Bronzong|Helping Hand|p1a: Amoonguss\n|-singleturn|p1a: Amoonguss|Helping Hand|[of] p1b: Bronzong\n|move|p2b: Indeedee|Helping Hand|p2a: Tyranitar\n|-singleturn|p2a: Tyranitar|Helping Hand|[of] p2b: Indeedee\n|move|p1a: Amoonguss|Pollen Puff|p2a: Tyranitar\n|-supereffective|p2a: Tyranitar\n|-crit|p2a: Tyranitar\n|-damage|p2a: Tyranitar|0 fnt\n|faint|p2a: Tyranitar\n|\n|-weather|Sandstorm|[upkeep]\n|-damage|p1a: Amoonguss|77\/100|[from] Sandstorm\n|upkeep\n|\n|t:|1683254409\n|switch|p2a: Annihilape|Annihilape, L50, M|100\/100\n|turn|5\n|inactive|PkmnTrainerHotPink has 30 seconds left.\n|\n|t:|1683254443\n|switch|p1b: Iron Hands|Iron Hands, L50|31\/100\n|move|p2b: Indeedee|Follow Me|p2b: Indeedee\n|-singleturn|p2b: Indeedee|move: Follow Me\n|move|p1a: Amoonguss|Spore|p2b: Indeedee\n|-activate|p2b: Indeedee|item: Safety Goggles|Spore\n|move|p2a: Annihilape|Bulk Up|p2a: Annihilape\n|-boost|p2a: Annihilape|atk|1\n|-boost|p2a: Annihilape|def|1\n|\n|-weather|none\n|-fieldend|move: Trick Room\n|-fieldend|move: Psychic Terrain\n|upkeep\n|turn|6\n|inactive|ENLIGHTENMENT1124 has 30 seconds left.\n|\n|t:|1683254473\n|move|p1b: Iron Hands|Fake Out|p2b: Indeedee\n|-damage|p2b: Indeedee|85\/100\n|cant|p2b: Indeedee|flinch\n|move|p2a: Annihilape|Drain Punch|p1b: Iron Hands\n|-damage|p1b: Iron Hands|0 fnt\n|faint|p1b: Iron Hands\n|-end|p1b: Iron Hands|Quark Drive|[silent]\n|move|p1a: Amoonguss|Spore|p2a: Annihilape\n|-status|p2a: Annihilape|slp|[from] move: Spore\n|\n|upkeep\n|\n|t:|1683254489\n|switch|p1b: Flutter Mane|Flutter Mane, L50|100\/100\n|turn|7\n|inactive|PkmnTrainerHotPink has 30 seconds left.\n|\n|t:|1683254519\n|-terastallize|p1b: Flutter Mane|Fairy\n|cant|p2a: Annihilape|slp\n|move|p1b: Flutter Mane|Dazzling Gleam|p2b: Indeedee|[spread] p2a,p2b\n|-supereffective|p2a: Annihilape\n|-damage|p2a: Annihilape|7\/100 slp\n|-damage|p2b: Indeedee|23\/100\n|move|p1a: Amoonguss|Pollen Puff|p2a: Annihilape\n|-resisted|p2a: Annihilape\n|-damage|p2a: Annihilape|4\/100 slp\n|move|p2b: Indeedee|Trick Room|p2b: Indeedee\n|-fieldstart|move: Trick Room|[of] p2b: Indeedee\n|\n|-heal|p2a: Annihilape|10\/100 slp|[from] item: Leftovers\n|upkeep\n|turn|8\n|\n|t:|1683254541\n|cant|p2a: Annihilape|slp\n|move|p1a: Amoonguss|Rage Powder|p1a: Amoonguss\n|-singleturn|p1a: Amoonguss|move: Rage Powder\n|move|p2b: Indeedee|Psychic|p1a: Amoonguss\n|-supereffective|p1a: Amoonguss\n|-damage|p1a: Amoonguss|25\/100\n|move|p1b: Flutter Mane|Dazzling Gleam|p2b: Indeedee|[spread] p2a,p2b\n|-supereffective|p2a: Annihilape\n|-damage|p2a: Annihilape|0 fnt\n|-damage|p2b: Indeedee|0 fnt\n|faint|p2a: Annihilape\n|faint|p2b: Indeedee\n|\n|upkeep\n|\n|t:|1683254554\n|switch|p2b: Flutter Mane|Flutter Mane, L50|100\/100\n|-enditem|p2b: Flutter Mane|Booster Energy\n|-activate|p2b: Flutter Mane|ability: Protosynthesis|[fromitem]\n|-start|p2b: Flutter Mane|protosynthesisspa\n|turn|9\n|inactive|PkmnTrainerHotPink has 30 seconds left.\n|\n|t:|1683254583\n|-end|p1b: Flutter Mane|Protosynthesis|[silent]\n|switch|p1b: Bronzong|Bronzong, L50|80\/100\n|move|p1a: Amoonguss|Spore|p2b: Flutter Mane\n|-status|p2b: Flutter Mane|slp|[from] move: Spore\n|cant|p2b: Flutter Mane|slp\n|\n|upkeep\n|turn|10\n|-message|ENLIGHTENMENT1124 forfeited.\n|\n|win|PkmnTrainerHotPink\n|raw|PkmnTrainerHotPink's rating: 1076 → 1111<\/strong> (+35 for winning)\n|raw|ENLIGHTENMENT1124's rating: 1151 → 1121<\/strong> (-30 for losing)\n|l|\u2606ENLIGHTENMENT1124\n","uploadtime":1683254605,"views":10,"p1id":"pkmntrainerhotpink","p2id":"enlightenment1124","formatid":"gen9vgc2023regulationc","rating":1111,"private":0,"password":""}