{"id":"gen9vgc2023regulationc-1862754107","p1":"TonnyDolfing","p2":"Neuvacu","format":"[Gen 9] VGC 2023 Regulation C","log":"|j|\u2606TonnyDolfing\n|j|\u2606Neuvacu\n|t:|1683918471\n|gametype|doubles\n|player|p1|TonnyDolfing|lucas-gen4pt|1085\n|player|p2|Neuvacu|thorton|1175\n|teamsize|p1|6\n|teamsize|p2|6\n|gen|9\n|tier|[Gen 9] VGC 2023 Regulation C\n|rated|\n|rule|Species Clause: Limit one of each Pok\u00e9mon\n|rule|Item Clause: Limit one of each item\n|clearpoke\n|poke|p1|Abomasnow, L50, M|\n|poke|p1|Chien-Pao, L50|\n|poke|p1|Kingambit, L50, F|\n|poke|p1|Dondozo, L50, F|\n|poke|p1|Garganacl, L50, M|\n|poke|p1|Ting-Lu, L50|\n|poke|p2|Iron Bundle, L50|\n|poke|p2|Abomasnow, L50, M|\n|poke|p2|Chi-Yu, L50|\n|poke|p2|Roaring Moon, L50|\n|poke|p2|Annihilape, L50, M|\n|poke|p2|Iron Valiant, L50|\n|teampreview|4\n|inactive|Battle timer is ON: inactive players will automatically lose when time's up. (requested by TonnyDolfing)\n|inactive|TonnyDolfing has 60 seconds left.\n|\n|t:|1683918507\n|start\n|switch|p1a: Abomasnow|Abomasnow, L50, M|100\/100\n|switch|p1b: Dondozo|Dondozo, L50, F|100\/100\n|switch|p2a: Chi-Yu|Chi-Yu, L50|100\/100\n|switch|p2b: Roaring Moon|Roaring Moon, L50|100\/100\n|-ability|p2a: Chi-Yu|Beads of Ruin\n|-weather|Snow|[from] ability: Snow Warning|[of] p1a: Abomasnow\n|-enditem|p2b: Roaring Moon|Booster Energy\n|-activate|p2b: Roaring Moon|ability: Protosynthesis|[fromitem]\n|-start|p2b: Roaring Moon|protosynthesisspe\n|turn|1\n|\n|t:|1683918525\n|move|p2a: Chi-Yu|Protect|p2a: Chi-Yu\n|-singleturn|p2a: Chi-Yu|Protect\n|move|p2b: Roaring Moon|Tailwind|p2b: Roaring Moon\n|-sidestart|p2: Neuvacu|move: Tailwind\n|move|p1a: Abomasnow|Sheer Cold|p2b: Roaring Moon|[miss]\n|-miss|p1a: Abomasnow|p2b: Roaring Moon\n|move|p1b: Dondozo|Fissure|p2a: Chi-Yu\n|-activate|p2a: Chi-Yu|move: Protect\n|\n|-weather|Snow|[upkeep]\n|upkeep\n|turn|2\n|\n|t:|1683918537\n|move|p2b: Roaring Moon|Breaking Swipe|p1b: Dondozo|[spread] p1a,p1b\n|-damage|p1a: Abomasnow|85\/100\n|-damage|p1b: Dondozo|86\/100\n|-unboost|p1a: Abomasnow|atk|1\n|-unboost|p1b: Dondozo|atk|1\n|-damage|p2b: Roaring Moon|84\/100|[from] item: Rocky Helmet|[of] p1a: Abomasnow\n|move|p2a: Chi-Yu|Heat Wave|p1b: Dondozo|[spread] p1a,p1b\n|-supereffective|p1a: Abomasnow\n|-resisted|p1b: Dondozo\n|-damage|p1a: Abomasnow|0 fnt\n|-damage|p1b: Dondozo|69\/100\n|faint|p1a: Abomasnow\n|move|p1b: Dondozo|Fissure|p2a: Chi-Yu|[miss]\n|-miss|p1b: Dondozo|p2a: Chi-Yu\n|\n|-weather|Snow|[upkeep]\n|upkeep\n|\n|t:|1683918552\n|switch|p1a: Kingambit|Kingambit, L50, F|100\/100\n|turn|3\n|\n|t:|1683918560\n|-terastallize|p1a: Kingambit|Fire\n|move|p2b: Roaring Moon|Jaw Lock|p1b: Dondozo\n|-damage|p1b: Dondozo|44\/100\n|-activate|p2b: Roaring Moon|trapped\n|-activate|p1b: Dondozo|trapped\n|move|p2a: Chi-Yu|Heat Wave|p1b: Dondozo|[spread] p1a,p1b\n|-resisted|p1a: Kingambit\n|-resisted|p1b: Dondozo\n|-damage|p1a: Kingambit|81\/100\n|-damage|p1b: Dondozo|25\/100\n|move|p1a: Kingambit|Guillotine|p2b: Roaring Moon|[miss]\n|-miss|p1a: Kingambit|p2b: Roaring Moon\n|move|p1b: Dondozo|Fissure|p2a: Chi-Yu\n|-damage|p2a: Chi-Yu|0 fnt\n|faint|p2a: Chi-Yu\n|-ohko\n|\n|-weather|Snow|[upkeep]\n|upkeep\n|\n|t:|1683918576\n|switch|p2a: Iron Bundle|Iron Bundle, L50|100\/100\n|turn|4\n|\n|t:|1683918585\n|move|p1b: Dondozo|Protect|p1b: Dondozo\n|-singleturn|p1b: Dondozo|Protect\n|move|p2b: Roaring Moon|Jaw Lock|p1b: Dondozo\n|-activate|p1b: Dondozo|move: Protect\n|move|p2a: Iron Bundle|Hydro Pump|p1a: Kingambit\n|-supereffective|p1a: Kingambit\n|-crit|p1a: Kingambit\n|-damage|p1a: Kingambit|0 fnt\n|faint|p1a: Kingambit\n|\n|-weather|Snow|[upkeep]\n|-sideend|p2: Neuvacu|move: Tailwind\n|upkeep\n|\n|t:|1683918595\n|switch|p1a: Garganacl|Garganacl, L50, M|100\/100\n|turn|5\n|\n|t:|1683918602\n|move|p2b: Roaring Moon|Breaking Swipe|p1a: Garganacl|[spread] p1a,p1b\n|-damage|p1a: Garganacl|84\/100\n|-damage|p1b: Dondozo|12\/100\n|-unboost|p1a: Garganacl|atk|1\n|-unboost|p1b: Dondozo|atk|1\n|move|p2a: Iron Bundle|Hydro Pump|p1a: Garganacl\n|-supereffective|p1a: Garganacl\n|-damage|p1a: Garganacl|0 fnt\n|faint|p1a: Garganacl\n|move|p1b: Dondozo|Fissure|p2a: Iron Bundle|[miss]\n|-miss|p1b: Dondozo|p2a: Iron Bundle\n|\n|-weather|none\n|upkeep\n|turn|6\n|\n|t:|1683918616\n|move|p2b: Roaring Moon|Jaw Lock|p1b: Dondozo\n|-damage|p1b: Dondozo|0 fnt\n|faint|p1b: Dondozo\n|\n|win|Neuvacu\n|raw|TonnyDolfing's rating: 1085 → 1068<\/strong> (-17 for losing)\n|raw|Neuvacu's rating: 1175 → 1194<\/strong> (+19 for winning)\n|l|\u2606Neuvacu\n","uploadtime":1683918626,"views":8,"p1id":"tonnydolfing","p2id":"neuvacu","formatid":"gen9vgc2023regulationc","rating":1068,"private":0,"password":""}