{"id":"gen9vgc2023regulationc-1862758899","p1":"Perctac","p2":"TonnyDolfing","format":"[Gen 9] VGC 2023 Regulation C","log":"|j|\u2606Perctac\n|j|\u2606TonnyDolfing\n|t:|1683918962\n|gametype|doubles\n|player|p1|Perctac|gentleman-gen4|1123\n|player|p2|TonnyDolfing|lucas-gen4pt|1050\n|teamsize|p1|6\n|teamsize|p2|6\n|gen|9\n|tier|[Gen 9] VGC 2023 Regulation C\n|rated|\n|rule|Species Clause: Limit one of each Pok\u00e9mon\n|rule|Item Clause: Limit one of each item\n|clearpoke\n|poke|p1|Scyther, L50, M|\n|poke|p1|Arcanine, L50, M|\n|poke|p1|Hariyama, L50, M|\n|poke|p1|Houndoom, L50, M|\n|poke|p1|Umbreon, L50, M|\n|poke|p1|Gengar, L50, M|\n|poke|p2|Abomasnow, L50, F|\n|poke|p2|Chien-Pao, L50|\n|poke|p2|Kingambit, L50, F|\n|poke|p2|Dondozo, L50, F|\n|poke|p2|Garganacl, L50, M|\n|poke|p2|Ting-Lu, L50|\n|teampreview|4\n|inactive|Battle timer is ON: inactive players will automatically lose when time's up. (requested by TonnyDolfing)\n|\n|t:|1683918987\n|start\n|switch|p1a: Hariyama|Hariyama, L50, M|100\/100\n|switch|p1b: Arcanine|Arcanine, L50, M|100\/100\n|switch|p2a: Garganacl|Garganacl, L50, M|100\/100\n|switch|p2b: Kingambit|Kingambit, L50, F|100\/100\n|-ability|p1b: Arcanine|Intimidate|boost\n|-unboost|p2a: Garganacl|atk|1\n|-unboost|p2b: Kingambit|atk|1\n|-ability|p2b: Kingambit|Defiant|boost\n|-boost|p2b: Kingambit|atk|2\n|turn|1\n|\n|t:|1683919009\n|move|p1a: Hariyama|Fake Out|p2b: Kingambit\n|-resisted|p2b: Kingambit\n|-damage|p2b: Kingambit|95\/100\n|move|p1b: Arcanine|Flare Blitz|p2b: Kingambit\n|-supereffective|p2b: Kingambit\n|-damage|p2b: Kingambit|10\/100\n|-damage|p1b: Arcanine|71\/100|[from] Recoil\n|-heal|p1b: Arcanine|82\/100|[from] item: Shell Bell|[of] p2b: Kingambit\n|cant|p2b: Kingambit|flinch\n|move|p2a: Garganacl|Salt Cure|p1b: Arcanine\n|-supereffective|p1b: Arcanine\n|-damage|p1b: Arcanine|64\/100\n|-start|p1b: Arcanine|Salt Cure\n|\n|-damage|p1b: Arcanine|52\/100|[from] Salt Cure\n|upkeep\n|turn|2\n|\n|t:|1683919028\n|switch|p2b: Dondozo|Dondozo, L50, F|100\/100\n|-terastallize|p1b: Arcanine|Normal\n|move|p1b: Arcanine|Extreme Speed|p2b: Dondozo\n|-damage|p2b: Dondozo|76\/100\n|-heal|p1b: Arcanine|55\/100|[from] item: Shell Bell|[of] p2b: Dondozo\n|move|p1a: Hariyama|Drain Punch|p2a: Garganacl\n|-supereffective|p2a: Garganacl\n|-damage|p2a: Garganacl|45\/100\n|-enditem|p2a: Garganacl|Sitrus Berry|[eat]\n|-heal|p2a: Garganacl|70\/100|[from] item: Sitrus Berry\n|move|p2a: Garganacl|Salt Cure|p1a: Hariyama\n|-resisted|p1a: Hariyama\n|-damage|p1a: Hariyama|95\/100\n|-start|p1a: Hariyama|Salt Cure\n|\n|-damage|p1b: Arcanine|43\/100|[from] Salt Cure\n|-damage|p1a: Hariyama|83\/100|[from] Salt Cure\n|upkeep\n|turn|3\n|\n|t:|1683919051\n|switch|p1b: Gengar|Gengar, L50, M|100\/100\n|switch|p2a: Ting-Lu|Ting-Lu, L50|100\/100\n|-ability|p2a: Ting-Lu|Vessel of Ruin\n|move|p1a: Hariyama|Knock Off|p2b: Dondozo\n|-damage|p2b: Dondozo|54\/100\n|-enditem|p2b: Dondozo|Safety Goggles|[from] move: Knock Off|[of] p1a: Hariyama\n|move|p2b: Dondozo|Yawn|p1a: Hariyama\n|-start|p1a: Hariyama|move: Yawn|[of] p2b: Dondozo\n|\n|-damage|p1a: Hariyama|70\/100|[from] Salt Cure\n|upkeep\n|turn|4\n|\n|t:|1683919069\n|move|p1b: Gengar|Thunderbolt|p2b: Dondozo\n|-supereffective|p2b: Dondozo\n|-damage|p2b: Dondozo|20\/100\n|move|p1a: Hariyama|Drain Punch|p2a: Ting-Lu\n|-supereffective|p2a: Ting-Lu\n|-damage|p2a: Ting-Lu|59\/100\n|-heal|p1a: Hariyama|95\/100|[from] drain|[of] p2a: Ting-Lu\n|move|p2a: Ting-Lu|Fissure|p1b: Gengar|[miss]\n|-miss|p2a: Ting-Lu|p1b: Gengar\n|move|p2b: Dondozo|Fissure|p1b: Gengar|[miss]\n|-miss|p2b: Dondozo|p1b: Gengar\n|\n|-heal|p2a: Ting-Lu|65\/100|[from] item: Leftovers\n|-damage|p1a: Hariyama|83\/100|[from] Salt Cure\n|-end|p1a: Hariyama|move: Yawn|[silent]\n|-status|p1a: Hariyama|slp\n|upkeep\n|turn|5\n|\n|t:|1683919090\n|switch|p1a: Arcanine|Arcanine, L50, M, tera:Normal|43\/100\n|-ability|p1a: Arcanine|Intimidate|boost\n|-unboost|p2a: Ting-Lu|atk|1\n|-fail|p2b: Dondozo|unboost|Attack|[from] ability: Oblivious|[of] p2b: Dondozo\n|move|p1b: Gengar|Energy Ball|p2b: Dondozo\n|-supereffective|p2b: Dondozo\n|-damage|p2b: Dondozo|0 fnt\n|faint|p2b: Dondozo\n|move|p2a: Ting-Lu|Fissure|p1b: Gengar|[miss]\n|-miss|p2a: Ting-Lu|p1b: Gengar\n|\n|-heal|p2a: Ting-Lu|71\/100|[from] item: Leftovers\n|upkeep\n|\n|t:|1683919103\n|switch|p2b: Kingambit|Kingambit, L50, F|10\/100\n|turn|6\n|\n|t:|1683919111\n|move|p1a: Arcanine|Extreme Speed|p2b: Kingambit\n|-resisted|p2b: Kingambit\n|-damage|p2b: Kingambit|0 fnt\n|faint|p2b: Kingambit\n|-heal|p1a: Arcanine|44\/100|[from] item: Shell Bell|[of] p2: Kingambit\n|move|p1b: Gengar|Energy Ball|p2a: Ting-Lu\n|-supereffective|p2a: Ting-Lu\n|-damage|p2a: Ting-Lu|39\/100\n|move|p2a: Ting-Lu|Fissure|p1b: Gengar|[miss]\n|-miss|p2a: Ting-Lu|p1b: Gengar\n|\n|-heal|p2a: Ting-Lu|46\/100|[from] item: Leftovers\n|upkeep\n|\n|t:|1683919122\n|switch|p2b: Garganacl|Garganacl, L50, M|70\/100\n|turn|7\n|inactive|Perctac has 30 seconds left.\n|inactive|Perctac has 20 seconds left.\n|inactive|Perctac has 15 seconds left.\n|\n|t:|1683919163\n|move|p1b: Gengar|Energy Ball|p2b: Garganacl\n|-supereffective|p2b: Garganacl\n|-damage|p2b: Garganacl|35\/100\n|move|p1a: Arcanine|Flare Blitz|p2a: Ting-Lu\n|-damage|p2a: Ting-Lu|11\/100\n|-damage|p1a: Arcanine|29\/100|[from] Recoil\n|-heal|p1a: Arcanine|35\/100|[from] item: Shell Bell|[of] p2a: Ting-Lu\n|move|p2a: Ting-Lu|Fissure|p1b: Gengar|[miss]\n|-miss|p2a: Ting-Lu|p1b: Gengar\n|move|p2b: Garganacl|Recover|p2b: Garganacl\n|-heal|p2b: Garganacl|86\/100\n|\n|-heal|p2a: Ting-Lu|17\/100|[from] item: Leftovers\n|upkeep\n|turn|8\n|inactive|Perctac has 30 seconds left.\n|\n|t:|1683919188\n|move|p2a: Ting-Lu|Protect|p2a: Ting-Lu\n|-singleturn|p2a: Ting-Lu|Protect\n|move|p1a: Arcanine|Extreme Speed|p2a: Ting-Lu\n|-activate|p2a: Ting-Lu|move: Protect\n|move|p1b: Gengar|Energy Ball|p2b: Garganacl\n|-supereffective|p2b: Garganacl\n|-damage|p2b: Garganacl|50\/100\n|move|p2b: Garganacl|Fissure|p1b: Gengar\n|-enditem|p1b: Gengar|Focus Sash\n|-damage|p1b: Gengar|1\/100\n|\n|-heal|p2a: Ting-Lu|23\/100|[from] item: Leftovers\n|upkeep\n|turn|9\n|inactive|Perctac has 30 seconds left.\n|inactive|Perctac has 20 seconds left.\n|inactive|Perctac has 15 seconds left.\n|inactive|Perctac has 10 seconds left.\n|inactive|Perctac has 5 seconds left.\n|\n|t:|1683919243\n|-terastallize|p2b: Garganacl|Ghost\n|move|p1b: Gengar|Sludge Bomb|p2a: Ting-Lu\n|-resisted|p2a: Ting-Lu\n|-damage|p2a: Ting-Lu|12\/100\n|move|p1a: Arcanine|Flare Blitz|p2b: Garganacl\n|-damage|p2b: Garganacl|12\/100\n|-damage|p1a: Arcanine|21\/100|[from] Recoil\n|-heal|p1a: Arcanine|26\/100|[from] item: Shell Bell|[of] p2b: Garganacl\n|move|p2a: Ting-Lu|Rock Slide|p1a: Arcanine|[spread] p1b\n|-miss|p2a: Ting-Lu|p1a: Arcanine\n|-damage|p1b: Gengar|0 fnt\n|faint|p1b: Gengar\n|move|p2b: Garganacl|Recover|p2b: Garganacl\n|-heal|p2b: Garganacl|62\/100\n|\n|-heal|p2a: Ting-Lu|18\/100|[from] item: Leftovers\n|upkeep\n|\n|t:|1683919255\n|switch|p1b: Houndoom|Houndoom, L50, M|100\/100\n|turn|10\n|\n|t:|1683919269\n|move|p2a: Ting-Lu|Protect|p2a: Ting-Lu\n|-singleturn|p2a: Ting-Lu|Protect\n|move|p1a: Arcanine|Extreme Speed|p2a: Ting-Lu\n|-activate|p2a: Ting-Lu|move: Protect\n|move|p1b: Houndoom|Dark Pulse|p2b: Garganacl\n|-supereffective|p2b: Garganacl\n|-damage|p2b: Garganacl|8\/100\n|-damage|p1b: Houndoom|91\/100|[from] item: Life Orb\n|move|p2b: Garganacl|Salt Cure|p1b: Houndoom\n|-supereffective|p1b: Houndoom\n|-damage|p1b: Houndoom|35\/100\n|-start|p1b: Houndoom|Salt Cure\n|\n|-heal|p2a: Ting-Lu|24\/100|[from] item: Leftovers\n|-damage|p1b: Houndoom|23\/100|[from] Salt Cure\n|upkeep\n|turn|11\n|\n|t:|1683919289\n|move|p2b: Garganacl|Protect|p2b: Garganacl\n|-singleturn|p2b: Garganacl|Protect\n|move|p1a: Arcanine|Extreme Speed|p2a: Ting-Lu\n|-damage|p2a: Ting-Lu|1\/100\n|-heal|p1a: Arcanine|29\/100|[from] item: Shell Bell|[of] p2a: Ting-Lu\n|move|p1b: Houndoom|Dark Pulse|p2b: Garganacl\n|-activate|p2b: Garganacl|move: Protect\n|move|p2a: Ting-Lu|Rock Slide|p1b: Houndoom|[spread] p1b\n|-miss|p2a: Ting-Lu|p1a: Arcanine\n|-supereffective|p1b: Houndoom\n|-damage|p1b: Houndoom|0 fnt\n|faint|p1b: Houndoom\n|\n|-heal|p2a: Ting-Lu|7\/100|[from] item: Leftovers\n|upkeep\n|\n|t:|1683919300\n|switch|p1b: Hariyama|Hariyama, L50, M|83\/100 slp\n|turn|12\n|\n|t:|1683919308\n|move|p2a: Ting-Lu|Protect|p2a: Ting-Lu\n|-singleturn|p2a: Ting-Lu|Protect\n|move|p1a: Arcanine|Flare Blitz|p2b: Garganacl\n|-damage|p2b: Garganacl|0 fnt\n|faint|p2b: Garganacl\n|-damage|p1a: Arcanine|27\/100|[from] Recoil\n|-heal|p1a: Arcanine|27\/100|[from] item: Shell Bell|[of] p2: Garganacl\n|cant|p1b: Hariyama|slp\n|\n|-heal|p2a: Ting-Lu|13\/100|[from] item: Leftovers\n|upkeep\n|turn|13\n|\n|t:|1683919320\n|move|p1a: Arcanine|Extreme Speed|p2a: Ting-Lu\n|-damage|p2a: Ting-Lu|0 fnt\n|faint|p2a: Ting-Lu\n|-heal|p1a: Arcanine|29\/100|[from] item: Shell Bell|[of] p2: Ting-Lu\n|\n|win|Perctac\n|raw|Perctac's rating: 1123 → 1143<\/strong> (+20 for winning)\n|raw|TonnyDolfing's rating: 1050 → 1036<\/strong> (-14 for losing)\n|c|\u2606TonnyDolfing|gg\n","uploadtime":1683919332,"views":14,"p1id":"perctac","p2id":"tonnydolfing","formatid":"gen9vgc2023regulationc","rating":1036,"private":0,"password":""}