{"id":"gen9vgc2023regulationc-1845954933","p1":"slowpoke.jpg","p2":"11Banks","format":"[Gen 9] VGC 2023 Regulation C","log":"|j|\u2606slowpoke.jpg\n|j|\u260611Banks\n|t:|1681783466\n|gametype|doubles\n|player|p1|slowpoke.jpg|doubleteam|1680\n|player|p2|11Banks|dawn|1610\n|teamsize|p1|6\n|teamsize|p2|6\n|gen|9\n|tier|[Gen 9] VGC 2023 Regulation C\n|rated|\n|rule|Species Clause: Limit one of each Pok\u00e9mon\n|rule|Item Clause: Limit one of each item\n|clearpoke\n|poke|p1|Gyarados, L50, M|\n|poke|p1|Iron Moth, L50|\n|poke|p1|Klefki, L50, M|\n|poke|p1|Garchomp, L50, M|\n|poke|p1|Brute Bonnet, L50|\n|poke|p1|Flutter Mane, L50|\n|poke|p2|Indeedee-F, L50, F|\n|poke|p2|Hatterene, L50, F|\n|poke|p2|Kingambit, L50, F|\n|poke|p2|Torkoal, L50, M|\n|poke|p2|Oranguru, L50, M|\n|poke|p2|Hariyama, L50, F|\n|teampreview|4\n|inactive|Battle timer is ON: inactive players will automatically lose when time's up. (requested by 11Banks)\nslowpoke.jpg has agreed to open team sheets.\n|j| GokuIRL\n|j| merahmerona\n|inactive|slowpoke.jpg has 60 seconds left.\n|\n|t:|1681783501\n|start\n|switch|p1a: Klefki|Klefki, L50, M|100\/100\n|switch|p1b: Iron Moth|Iron Moth, L50|100\/100\n|switch|p2a: Hariyama|Hariyama, L50, F|100\/100\n|switch|p2b: Oranguru|Oranguru, L50, M|100\/100\n|-enditem|p1b: Iron Moth|Booster Energy\n|-activate|p1b: Iron Moth|ability: Quark Drive|[fromitem]\n|-start|p1b: Iron Moth|quarkdrivespa\n|turn|1\n|l| merahmerona\n|j| THUNDERSND77\n|\n|t:|1681783525\n|move|p2a: Hariyama|Fake Out|p1b: Iron Moth\n|-damage|p1b: Iron Moth|76\/100\n|move|p1a: Klefki|Reflect|p1a: Klefki\n|-sidestart|p1: slowpoke.jpg|Reflect\n|cant|p1b: Iron Moth|flinch\n|move|p2b: Oranguru|Trick Room|p2b: Oranguru\n|-fieldstart|move: Trick Room|[of] p2b: Oranguru\n|\n|-status|p2a: Hariyama|brn|[from] item: Flame Orb\n|upkeep\n|turn|2\n|\n|t:|1681783545\n|move|p1b: Iron Moth|Protect|p1b: Iron Moth\n|-singleturn|p1b: Iron Moth|Protect\n|move|p1a: Klefki|Light Screen|p1a: Klefki\n|-sidestart|p1: slowpoke.jpg|move: Light Screen\n|move|p2b: Oranguru|Instruct|p2a: Hariyama\n|-singleturn|p2a: Hariyama|move: Instruct|[of] p2b: Oranguru\n|move|p2a: Hariyama|Fake Out||[still]\n|-hint|Fake Out only works on your first turn out.\n|-fail|p2a: Hariyama\n|move|p2a: Hariyama|Close Combat|p1b: Iron Moth\n|-activate|p1b: Iron Moth|move: Protect\n|\n|-damage|p2a: Hariyama|95\/100 brn|[from] brn\n|upkeep\n|turn|3\n|\n|t:|1681783560\n|move|p2b: Oranguru|Encore|p1b: Iron Moth\n|-start|p1b: Iron Moth|Encore\n|move|p2a: Hariyama|Close Combat|p1a: Klefki\n|-damage|p1a: Klefki|30\/100\n|-unboost|p2a: Hariyama|def|1\n|-unboost|p2a: Hariyama|spd|1\n|move|p1a: Klefki|Dazzling Gleam|p2b: Oranguru|[spread] p2a,p2b\n|-supereffective|p2a: Hariyama\n|-damage|p2a: Hariyama|43\/100 brn\n|-damage|p2b: Oranguru|88\/100\n|move|p1b: Iron Moth|Protect||[still]\n|-fail|p1b: Iron Moth\n|\n|-damage|p2a: Hariyama|37\/100 brn|[from] brn\n|upkeep\n|turn|4\n|l| GokuIRL\n|inactive|slowpoke.jpg has 30 seconds left.\n|inactive|11Banks has 30 seconds left.\n|\n|t:|1681783586\n|move|p1b: Iron Moth|Protect|p1b: Iron Moth\n|-singleturn|p1b: Iron Moth|Protect\n|move|p1a: Klefki|Thunder Wave|p2b: Oranguru|[miss]\n|-miss|p1a: Klefki|p2b: Oranguru\n|move|p2b: Oranguru|Instruct|p2a: Hariyama\n|-singleturn|p2a: Hariyama|move: Instruct|[of] p2b: Oranguru\n|move|p2a: Hariyama|Close Combat|p1a: Klefki\n|-damage|p1a: Klefki|0 fnt\n|-unboost|p2a: Hariyama|def|1\n|-unboost|p2a: Hariyama|spd|1\n|faint|p1a: Klefki\n|move|p2a: Hariyama|Close Combat|p1b: Iron Moth\n|-activate|p1b: Iron Moth|move: Protect\n|\n|-damage|p2a: Hariyama|31\/100 brn|[from] brn\n|upkeep\n|\n|t:|1681783602\n|switch|p1a: Brute Bonnet|Brute Bonnet, L50|100\/100\n|turn|5\n|j| LC77777\n|\n|t:|1681783624\n|move|p1b: Iron Moth|Protect|p1b: Iron Moth\n|-singleturn|p1b: Iron Moth|Protect\n|move|p1a: Brute Bonnet|Sucker Punch|p2a: Hariyama\n|-resisted|p2a: Hariyama\n|-damage|p2a: Hariyama|0 fnt\n|faint|p2a: Hariyama\n|move|p2b: Oranguru|Instruct|p2: Hariyama|[notarget]\n|-fail|p2b: Oranguru\n|\n|-end|p1b: Iron Moth|Encore\n|-fieldend|move: Trick Room\n|upkeep\n|\n|t:|1681783641\n|switch|p2a: Kingambit|Kingambit, L50, F|100\/100\n|turn|6\n|j| merahmerona\n|\n|t:|1681783665\n|-terastallize|p2b: Oranguru|Grass\n|move|p1b: Iron Moth|Fiery Dance|p2a: Kingambit\n|-supereffective|p2a: Kingambit\n|-damage|p2a: Kingambit|1\/100\n|-boost|p1b: Iron Moth|spa|1\n|move|p1a: Brute Bonnet|Spore|p2b: Oranguru\n|-immune|p2b: Oranguru\n|move|p2a: Kingambit|Kowtow Cleave|p1b: Iron Moth\n|-damage|p1b: Iron Moth|22\/100\n|move|p2b: Oranguru|Trick Room|p2b: Oranguru\n|-fieldstart|move: Trick Room|[of] p2b: Oranguru\n|\n|upkeep\n|turn|7\n|l| merahmerona\n|\n|t:|1681783687\n|move|p1b: Iron Moth|Protect|p1b: Iron Moth\n|-singleturn|p1b: Iron Moth|Protect\n|move|p2a: Kingambit|Kowtow Cleave|p1b: Iron Moth\n|-activate|p1b: Iron Moth|move: Protect\n|move|p2b: Oranguru|Encore|p1a: Brute Bonnet\n|-start|p1a: Brute Bonnet|Encore\n|move|p1a: Brute Bonnet|Spore|p2a: Kingambit\n|-activate|p2a: Kingambit|item: Safety Goggles|Spore\n|\n|upkeep\n|turn|8\n|\n|t:|1681783710\n|-end|p1b: Iron Moth|Quark Drive|[silent]\n|switch|p1b: Garchomp|Garchomp, L50, M|100\/100\n|move|p2a: Kingambit|Swords Dance|p2a: Kingambit\n|-boost|p2a: Kingambit|atk|2\n|move|p2b: Oranguru|Psyshock|p1b: Garchomp\n|-damage|p1b: Garchomp|82\/100\n|move|p1a: Brute Bonnet|Spore|p2b: Oranguru\n|-immune|p2b: Oranguru\n|\n|-sideend|p1: slowpoke.jpg|Reflect\n|upkeep\n|turn|9\n|j| haoran zhou\n|inactive|slowpoke.jpg has 30 seconds left.\n|\n|t:|1681783739\n|move|p2a: Kingambit|Kowtow Cleave|p1b: Garchomp\n|-damage|p1b: Garchomp|0 fnt\n|-damage|p2a: Kingambit|0 fnt|[from] ability: Rough Skin|[of] p1b: Garchomp\n|faint|p1b: Garchomp\n|faint|p2a: Kingambit\n|move|p2b: Oranguru|Instruct|p2: Kingambit|[notarget]\n|-fail|p2b: Oranguru\n|move|p1a: Brute Bonnet|Spore|p2b: Oranguru\n|-immune|p2b: Oranguru\n|\n|-end|p1a: Brute Bonnet|Encore\n|-sideend|p1: slowpoke.jpg|move: Light Screen\n|upkeep\n|\n|t:|1681783749\n|switch|p2a: Torkoal|Torkoal, L50, M|100\/100\n|switch|p1b: Iron Moth|Iron Moth, L50|22\/100\n|-weather|SunnyDay|[from] ability: Drought|[of] p2a: Torkoal\n|-activate|p1a: Brute Bonnet|ability: Protosynthesis\n|-start|p1a: Brute Bonnet|protosynthesisatk\n|turn|10\n|\n|t:|1681783758\n|-terastallize|p1a: Brute Bonnet|Water\n|move|p1b: Iron Moth|Protect|p1b: Iron Moth\n|-singleturn|p1b: Iron Moth|Protect\n|move|p2a: Torkoal|Eruption|p1a: Brute Bonnet|[spread] p1a\n|-activate|p1b: Iron Moth|move: Protect\n|-resisted|p1a: Brute Bonnet\n|-damage|p1a: Brute Bonnet|67\/100\n|move|p2b: Oranguru|Instruct|p2a: Torkoal\n|-singleturn|p2a: Torkoal|move: Instruct|[of] p2b: Oranguru\n|move|p2a: Torkoal|Eruption|p1b: Iron Moth|[spread] p1a\n|-activate|p1b: Iron Moth|move: Protect\n|-resisted|p1a: Brute Bonnet\n|-damage|p1a: Brute Bonnet|29\/100\n|move|p1a: Brute Bonnet|Spore|p2a: Torkoal\n|-status|p2a: Torkoal|slp|[from] move: Spore\n|\n|-weather|SunnyDay|[upkeep]\n|-fieldend|move: Trick Room\n|upkeep\n|turn|11\n|j| jdarcan\n|inactive|11Banks has 30 seconds left.\n|\n|t:|1681783790\n|move|p1b: Iron Moth|Fiery Dance|p2b: Oranguru\n|-supereffective|p2b: Oranguru\n|-damage|p2b: Oranguru|0 fnt\n|-boost|p1b: Iron Moth|spa|1\n|faint|p2b: Oranguru\n|move|p1a: Brute Bonnet|Bullet Seed|p2a: Torkoal\n|-resisted|p2a: Torkoal\n|-damage|p2a: Torkoal|94\/100 slp\n|-resisted|p2a: Torkoal\n|-damage|p2a: Torkoal|87\/100 slp\n|-resisted|p2a: Torkoal\n|-damage|p2a: Torkoal|80\/100 slp\n|-resisted|p2a: Torkoal\n|-damage|p2a: Torkoal|73\/100 slp\n|-hitcount|p2a: Torkoal|4\n|cant|p2a: Torkoal|slp\n|\n|-weather|SunnyDay|[upkeep]\n|upkeep\n|turn|12\n|j| merahmerona\n|\n|t:|1681783806\n|move|p1b: Iron Moth|Fiery Dance|p2a: Torkoal\n|-resisted|p2a: Torkoal\n|-damage|p2a: Torkoal|10\/100 slp\n|move|p1a: Brute Bonnet|Pollen Puff|p1b: Iron Moth\n|-heal|p1b: Iron Moth|72\/100\n|cant|p2a: Torkoal|slp\n|\n|-weather|SunnyDay|[upkeep]\n|upkeep\n|turn|13\n|-message|11Banks forfeited.\n|\n|win|slowpoke.jpg\n|raw|slowpoke.jpg's rating: 1680 → 1696<\/strong> (+16 for winning)\n|raw|11Banks's rating: 1610 → 1594<\/strong> (-16 for losing)\n|l|\u260611Banks\n|l|\u2606slowpoke.jpg\n|l| THUNDERSND77\n|l| LC77777\n","uploadtime":1681783944,"views":4,"p1id":"slowpokejpg","p2id":"11banks","formatid":"gen9vgc2023regulationc","rating":1594,"private":0,"password":""}