{"id":"gen9vgc2023regulationc-1863129538","p1":"Oofy hh","p2":"czcyf","format":"[Gen 9] VGC 2023 Regulation C","log":"|j|\u2606Oofy hh\n|j|\u2606czcyf\n|t:|1683976066\n|gametype|doubles\n|player|p1|Oofy hh|1|1046\n|player|p2|czcyf|acerola|1169\n|teamsize|p1|6\n|teamsize|p2|6\n|gen|9\n|tier|[Gen 9] VGC 2023 Regulation C\n|rated|\n|rule|Species Clause: Limit one of each Pok\u00e9mon\n|rule|Item Clause: Limit one of each item\n|clearpoke\n|poke|p1|Flutter Mane, L50|\n|poke|p1|Scream Tail, L50|\n|poke|p1|Gothitelle, L50, F|\n|poke|p1|Arcanine, L50, M|\n|poke|p1|Amoonguss, L50, M|\n|poke|p1|Palafin, L50, F|\n|poke|p2|Bronzong, L50|\n|poke|p2|Indeedee-F, L50, F|\n|poke|p2|Flapple, L50, M|\n|poke|p2|Torkoal, L50, F|\n|poke|p2|Copperajah, L50, F|\n|poke|p2|Hatterene, L50, F|\n|teampreview|4\n|c|\u2606czcyf|that look's like wolfrey's team\n|\n|t:|1683976140\n|start\n|switch|p1a: Palafin|Palafin, L50, F|100\/100\n|switch|p1b: Scream Tail|Scream Tail, L50|100\/100\n|switch|p2a: Peels Off|Bronzong, L50|100\/100\n|switch|p2b: Nosirpmi|Indeedee-F, L50, F|100\/100\n|-fieldstart|move: Psychic Terrain|[from] ability: Psychic Surge|[of] p2b: Nosirpmi\n|-enditem|p1b: Scream Tail|Booster Energy\n|-activate|p1b: Scream Tail|ability: Protosynthesis|[fromitem]\n|-start|p1b: Scream Tail|protosynthesisspe\n|turn|1\n|\n|t:|1683976159\n|detailschange|p1a: Palafin|Palafin-Hero, L50, F\n|switch|p1a: Gothitelle|Gothitelle, L50, F|100\/100\n|move|p1b: Scream Tail|Perish Song|p1b: Scream Tail\n|-start|p1a: Gothitelle|perish3|[silent]\n|-start|p1b: Scream Tail|perish3|[silent]\n|-start|p2a: Peels Off|perish3|[silent]\n|-start|p2b: Nosirpmi|perish3|[silent]\n|-fieldactivate|move: Perish Song\n|move|p2a: Peels Off|Gravity|p2a: Peels Off\n|-fieldstart|move: Gravity\n|move|p2b: Nosirpmi|Trick Room|p2b: Nosirpmi\n|-fieldstart|move: Trick Room|[of] p2b: Nosirpmi\n|\n|-start|p2a: Peels Off|perish3\n|-start|p1a: Gothitelle|perish3\n|-start|p2b: Nosirpmi|perish3\n|-start|p1b: Scream Tail|perish3\n|upkeep\n|turn|2\n|\n|t:|1683976190\n|move|p1a: Gothitelle|Fake Out|p2a: Peels Off\n|-activate|p2a: Peels Off|move: Psychic Terrain\n|move|p2b: Nosirpmi|Follow Me|p2b: Nosirpmi\n|-singleturn|p2b: Nosirpmi|move: Follow Me\n|move|p2a: Peels Off|Hypnosis|p1a: Gothitelle\n|-status|p1a: Gothitelle|slp|[from] move: Hypnosis\n|move|p1b: Scream Tail|Disable|p2b: Nosirpmi\n|-start|p2b: Nosirpmi|Disable|Follow Me\n|\n|-start|p2a: Peels Off|perish2\n|-start|p1a: Gothitelle|perish2\n|-start|p2b: Nosirpmi|perish2\n|-start|p1b: Scream Tail|perish2\n|upkeep\n|turn|3\n|\n|t:|1683976249\n|cant|p1a: Gothitelle|slp\n|move|p2b: Nosirpmi|Protect|p2b: Nosirpmi\n|-singleturn|p2b: Nosirpmi|Protect\n|move|p1b: Scream Tail|Protect|p1b: Scream Tail\n|-singleturn|p1b: Scream Tail|Protect\n|move|p2a: Peels Off|Hypnosis|p1b: Scream Tail\n|-activate|p1b: Scream Tail|move: Protect\n|\n|-start|p2a: Peels Off|perish1\n|-start|p1a: Gothitelle|perish1\n|-start|p2b: Nosirpmi|perish1\n|-start|p1b: Scream Tail|perish1\n|upkeep\n|turn|4\n|\n|t:|1683976271\n|move|p2b: Nosirpmi|Protect||[still]\n|-fail|p2b: Nosirpmi\n|move|p2a: Peels Off|Hypnosis|p1a: Gothitelle\n|-fail|p1a: Gothitelle|slp\n|-curestatus|p1a: Gothitelle|slp|[msg]\n|move|p1a: Gothitelle|Psychic|p2b: Nosirpmi\n|-resisted|p2b: Nosirpmi\n|-damage|p2b: Nosirpmi|81\/100\n|move|p1b: Scream Tail|Disable|p2a: Peels Off\n|-start|p2a: Peels Off|Disable|Hypnosis\n|\n|-start|p2a: Peels Off|perish0\n|-start|p1a: Gothitelle|perish0\n|-start|p2b: Nosirpmi|perish0\n|-start|p1b: Scream Tail|perish0\n|faint|p2a: Peels Off\n|faint|p1a: Gothitelle\n|faint|p2b: Nosirpmi\n|faint|p1b: Scream Tail\n|-end|p1b: Scream Tail|Protosynthesis|[silent]\n|upkeep\n|\n|t:|1683976285\n|switch|p2a: Notwen|Flapple, L50, M|100\/100\n|switch|p1a: Palafin|Palafin-Hero, L50, F|100\/100\n|switch|p2b: Reknit|Copperajah, L50, F|100\/100\n|switch|p1b: Arcanine|Arcanine, L50, M|100\/100\n|-activate|p1a: Palafin|ability: Zero to Hero\n|-ability|p1b: Arcanine|Intimidate|boost\n|-unboost|p2a: Notwen|atk|1\n|-unboost|p2b: Reknit|atk|1\n|turn|5\n|\n|t:|1683976298\n|move|p2b: Reknit|High Horsepower|p1b: Arcanine\n|-supereffective|p1b: Arcanine\n|-damage|p1b: Arcanine|27\/100\n|-damage|p2b: Reknit|91\/100|[from] item: Life Orb\n|move|p2a: Notwen|Grav Apple|p1a: Palafin\n|-supereffective|p1a: Palafin\n|-damage|p1a: Palafin|0 fnt\n|faint|p1a: Palafin\n|move|p1b: Arcanine|Flare Blitz|p2a: Notwen\n|-damage|p2a: Notwen|12\/100\n|-damage|p1b: Arcanine|2\/100|[from] Recoil\n|\n|-fieldend|move: Trick Room\n|-fieldend|move: Gravity\n|-fieldend|move: Psychic Terrain\n|upkeep\n|turn|6\n|\n|t:|1683976311\n|move|p1b: Arcanine|Extreme Speed|p2a: Notwen\n|-damage|p2a: Notwen|0 fnt\n|faint|p2a: Notwen\n|move|p2b: Reknit|High Horsepower|p1b: Arcanine\n|-supereffective|p1b: Arcanine\n|-damage|p1b: Arcanine|0 fnt\n|faint|p1b: Arcanine\n|-damage|p2b: Reknit|81\/100|[from] item: Life Orb\n|\n|win|czcyf\n|raw|Oofy hh's rating: 1046 → 1035<\/strong> (-11 for losing)\n|raw|czcyf's rating: 1169 → 1186<\/strong> (+17 for winning)\n|l|\u2606Oofy hh\n","uploadtime":1683976316,"views":12,"p1id":"oofyhh","p2id":"czcyf","formatid":"gen9vgc2023regulationc","rating":1035,"private":0,"password":""}