{"id":"gen9vgc2023regulationc-1860798770","p1":"CameronBlzIt","p2":"Lemurro","format":"[Gen 9] VGC 2023 Regulation C","log":"|j|\u2606CameronBlzIt\n|j|\u2606Lemurro\n|t:|1683679248\n|gametype|doubles\n|player|p1|CameronBlzIt|skyla|\n|player|p2|Lemurro|psychic-gen2|\n|teamsize|p1|6\n|teamsize|p2|6\n|gen|9\n|tier|[Gen 9] VGC 2023 Regulation C\n|rule|Species Clause: Limit one of each Pok\u00e9mon\n|rule|Item Clause: Limit one of each item\n|clearpoke\n|poke|p1|Flutter Mane, L50|\n|poke|p1|Garchomp, L50, M|\n|poke|p1|Fletchling, L50, M|\n|poke|p1|Kingambit, L50, F|\n|poke|p1|Rotom-Heat, L50|\n|poke|p1|Tauros-Paldea-Aqua, L50, M|\n|poke|p2|Farigiraf, L50, M|\n|poke|p2|Gholdengo, L50|\n|poke|p2|Great Tusk, L50|\n|poke|p2|Talonflame, L50, F|\n|poke|p2|Iron Bundle, L50|\n|poke|p2|Tyranitar, L50, F|\n|teampreview|4\n|inactive|Battle timer is ON: inactive players will automatically lose when time's up. (requested by CameronBlzIt)\n|inactiveoff|Battle timer is now OFF.\n|c|\u2606Lemurro|g\n|c|\u2606Lemurro|2\n|j| Piglord2\n|l| Piglord2\n|j| Piglord2\n|c|\u2606CameronBlzIt|gl\n|j| Feyette\n|j| EGAWalreins\n|j| SpadesHS\n|c| Feyette|guys should my kilowattrel have swallow or roost\n|j| Ciq108\n|j| vinithewini\n|c| EGAWalreins|thank you user feyette for the insightful question\n|j| 1\/2chub\n|j| Hiiya Papaya\n|j| 1\/4Chub\n|j| Flipsicle\n|j| ihammerhead23\n|l| vinithewini\n|j| vinithewini\n|l| ihammerhead23\n|l| vinithewini\n|j| vinithewini\n|\n|t:|1683679677\n|start\n|switch|p1a: Kingambit|Kingambit, L50, F|100\/100\n|switch|p1b: Tauros|Tauros-Paldea-Aqua, L50, M|100\/100\n|switch|p2a: Cloud Minders|Talonflame, L50, F|100\/100\n|switch|p2b: Realm of Fear|Tyranitar, L50, F|100\/100\n|-ability|p1b: Tauros|Intimidate|boost\n|-unboost|p2a: Cloud Minders|atk|1\n|-unboost|p2b: Realm of Fear|atk|1\n|-weather|Sandstorm|[from] ability: Sand Stream|[of] p2b: Realm of Fear\n|turn|1\n|l| vinithewini\n|j| vinithewini\n|\n|t:|1683679800\n|switch|p2b: the High Ground|Great Tusk, L50|100\/100\n|move|p2a: Cloud Minders|Tailwind|p2a: Cloud Minders\n|-sidestart|p2: Lemurro|move: Tailwind\n|move|p1b: Tauros|Wave Crash|p2a: Cloud Minders\n|-supereffective|p2a: Cloud Minders\n|-enditem|p2a: Cloud Minders|Focus Sash\n|-damage|p2a: Cloud Minders|1\/100\n|-damage|p1b: Tauros|68\/100|[from] Recoil\n|move|p1a: Kingambit|Iron Head|p2a: Cloud Minders\n|-resisted|p2a: Cloud Minders\n|-damage|p2a: Cloud Minders|0 fnt\n|faint|p2a: Cloud Minders\n|\n|-weather|Sandstorm|[upkeep]\n|-damage|p1b: Tauros|62\/100|[from] Sandstorm\n|upkeep\n|\n|t:|1683679812\n|switch|p2a: Realm of Fear|Tyranitar, L50, F|100\/100\n|turn|2\n|j| Mr Doragon\n|\n|t:|1683679902\n|switch|p1b: Rotom|Rotom-Heat, L50|100\/100\n|-terastallize|p2a: Realm of Fear|Fairy\n|move|p1a: Kingambit|Protect|p1a: Kingambit\n|-singleturn|p1a: Kingambit|Protect\n|move|p2b: the High Ground|Rock Slide|p1a: Kingambit|[spread] p1b\n|-activate|p1a: Kingambit|move: Protect\n|-supereffective|p1b: Rotom\n|-damage|p1b: Rotom|58\/100\n|move|p2a: Realm of Fear|Tera Blast|p1b: Rotom\n|-resisted|p1b: Rotom\n|-damage|p1b: Rotom|36\/100\n|-enditem|p1b: Rotom|Sitrus Berry|[eat]\n|-heal|p1b: Rotom|61\/100|[from] item: Sitrus Berry\n|\n|-weather|Sandstorm|[upkeep]\n|-damage|p2a: Realm of Fear|95\/100|[from] Sandstorm\n|-damage|p1b: Rotom|55\/100|[from] Sandstorm\n|upkeep\n|turn|3\n|\n|t:|1683680026\n|switch|p1a: Tauros|Tauros-Paldea-Aqua, L50, M|62\/100\n|-ability|p1a: Tauros|Intimidate|boost\n|-unboost|p2a: Realm of Fear|atk|1\n|-fail|p2b: the High Ground|unboost|[from] item: Clear Amulet|[of] p2b: the High Ground\n|move|p2b: the High Ground|Headlong Rush|p1a: Tauros\n|-damage|p1a: Tauros|0 fnt\n|-unboost|p2b: the High Ground|def|1\n|-unboost|p2b: the High Ground|spd|1\n|faint|p1a: Tauros\n|move|p2a: Realm of Fear|Stone Edge|p1b: Rotom|[miss]\n|-miss|p2a: Realm of Fear|p1b: Rotom\n|move|p1b: Rotom|Will-O-Wisp|p2b: the High Ground\n|-status|p2b: the High Ground|brn\n|\n|-weather|Sandstorm|[upkeep]\n|-damage|p2a: Realm of Fear|89\/100|[from] Sandstorm\n|-damage|p1b: Rotom|50\/100|[from] Sandstorm\n|-damage|p2b: the High Ground|95\/100 brn|[from] brn\n|upkeep\n|j| DJSen\n|\n|t:|1683680039\n|switch|p1a: Kingambit|Kingambit, L50, F|100\/100\n|turn|4\n|\n|t:|1683680045\n|move|p2b: the High Ground|Close Combat|p1a: Kingambit\n|-supereffective|p1a: Kingambit\n|-damage|p1a: Kingambit|9\/100\n|-unboost|p2b: the High Ground|def|1\n|-unboost|p2b: the High Ground|spd|1\n|move|p2a: Realm of Fear|Rock Slide|p1a: Kingambit|[spread] p1a,p1b\n|-resisted|p1a: Kingambit\n|-crit|p1a: Kingambit\n|-supereffective|p1b: Rotom\n|-damage|p1a: Kingambit|0 fnt\n|-damage|p1b: Rotom|4\/100\n|faint|p1a: Kingambit\n|move|p1b: Rotom|Will-O-Wisp|p2a: Realm of Fear\n|-status|p2a: Realm of Fear|brn\n|\n|-weather|Sandstorm|[upkeep]\n|-damage|p2a: Realm of Fear|83\/100 brn|[from] Sandstorm\n|-damage|p1b: Rotom|0 fnt|[from] Sandstorm\n|faint|p1b: Rotom\n|-damage|p2b: the High Ground|89\/100 brn|[from] brn\n|-damage|p2a: Realm of Fear|77\/100 brn|[from] brn\n|-sideend|p2: Lemurro|move: Tailwind\n|upkeep\n|\n|t:|1683680057\n|switch|p1b: Flutter Mane|Flutter Mane, L50|100\/100\n|-enditem|p1b: Flutter Mane|Booster Energy\n|-activate|p1b: Flutter Mane|ability: Protosynthesis|[fromitem]\n|-start|p1b: Flutter Mane|protosynthesisspe\n|turn|5\n|\n|t:|1683680069\n|move|p1b: Flutter Mane|Calm Mind|p1b: Flutter Mane\n|-boost|p1b: Flutter Mane|spa|1\n|-boost|p1b: Flutter Mane|spd|1\n|move|p2b: the High Ground|Headlong Rush|p1b: Flutter Mane\n|-damage|p1b: Flutter Mane|28\/100\n|-unboost|p2b: the High Ground|def|1\n|-unboost|p2b: the High Ground|spd|1\n|move|p2a: Realm of Fear|Tera Blast|p1b: Flutter Mane\n|-damage|p1b: Flutter Mane|0 fnt\n|faint|p1b: Flutter Mane\n|-end|p1b: Flutter Mane|Protosynthesis|[silent]\n|\n|win|Lemurro\n|c|\u2606CameronBlzIt|gy\n|l| vinithewini\n|c|\u2606Lemurro|gg\n|c|\u2606CameronBlzIt|gg\n|l| Flipsicle\n|l|\u2606CameronBlzIt\n|l| Ciq108\n|l| DJSen\n|l|\u2606Lemurro\n|l| 1\/2chub\n|l| 1\/4Chub\n|j|\u2606Lemurro\n|player|p2|Lemurro|psychic-gen2\n","uploadtime":1683680151,"views":34,"p1id":"cameronblzit","p2id":"lemurro","formatid":"gen9vgc2023regulationc","rating":0,"private":0,"password":""}