{"id":"gen9vgc2023regulationc-1864409161","p1":"fonzee3000","p2":"grattastinchi","format":"[Gen 9] VGC 2023 Regulation C","log":"|j|\u2606fonzee3000\n|j|\u2606grattastinchi\n|t:|1684164096\n|gametype|doubles\n|player|p1|fonzee3000|steven|1324\n|player|p2|grattastinchi|rancher|1251\n|teamsize|p1|6\n|teamsize|p2|6\n|gen|9\n|tier|[Gen 9] VGC 2023 Regulation C\n|rated|\n|rule|Species Clause: Limit one of each Pok\u00e9mon\n|rule|Item Clause: Limit one of each item\n|clearpoke\n|poke|p1|Annihilape, L50, M|\n|poke|p1|Maushold-Four, L50|\n|poke|p1|Glimmora, L50, F|\n|poke|p1|Chi-Yu, L50|\n|poke|p1|Iron Bundle, L50|\n|poke|p1|Flutter Mane, L50|\n|poke|p2|Annihilape, L50, M|\n|poke|p2|Gholdengo, L50|\n|poke|p2|Maushold, L50|\n|poke|p2|Murkrow, L50, F|\n|poke|p2|Gyarados, L50, F|\n|poke|p2|Chi-Yu, L50|\n|teampreview|4\nfonzee3000 has agreed to open team sheets.\n|inactive|Battle timer is ON: inactive players will automatically lose when time's up. (requested by fonzee3000)\n|inactive|fonzee3000 has 60 seconds left.\n|\n|t:|1684164140\n|start\n|switch|p1a: Annihilape|Annihilape, L50, M|100\/100\n|switch|p1b: Maushold|Maushold-Four, L50|100\/100\n|switch|p2a: Gholdengo|Gholdengo, L50|100\/100\n|switch|p2b: Murkrow|Murkrow, L50, F|100\/100\n|turn|1\n|\n|t:|1684164158\n|move|p1b: Maushold|Beat Up|p1a: Annihilape\n|-damage|p1a: Annihilape|99\/100\n|-damage|p1a: Annihilape|97\/100\n|-damage|p1a: Annihilape|95\/100\n|-damage|p1a: Annihilape|93\/100\n|-hitcount|p1a: Annihilape|4\n|move|p2a: Gholdengo|Dazzling Gleam|p1b: Maushold|[spread] p1a,p1b\n|-supereffective|p1a: Annihilape\n|-damage|p1a: Annihilape|53\/100\n|-damage|p1b: Maushold|56\/100\n|move|p1a: Annihilape|Rage Fist|p2a: Gholdengo\n|-supereffective|p2a: Gholdengo\n|-damage|p2a: Gholdengo|0 fnt\n|faint|p2a: Gholdengo\n|move|p2b: Murkrow|Brave Bird|p1a: Annihilape\n|-supereffective|p1a: Annihilape\n|-damage|p1a: Annihilape|4\/100\n|-damage|p2b: Murkrow|77\/100|[from] Recoil\n|\n|-heal|p1a: Annihilape|10\/100|[from] item: Leftovers\n|upkeep\n|\n|t:|1684164178\n|switch|p2a: Chi-Yu|Chi-Yu, L50|100\/100\n|-ability|p2a: Chi-Yu|Beads of Ruin\n|turn|2\n|\n|t:|1684164193\n|move|p1a: Annihilape|Protect|p1a: Annihilape\n|-singleturn|p1a: Annihilape|Protect\n|move|p2b: Murkrow|Tailwind|p2b: Murkrow\n|-sidestart|p2: grattastinchi|move: Tailwind\n|move|p2a: Chi-Yu|Heat Wave|p1b: Maushold|[spread] \n|-activate|p1a: Annihilape|move: Protect\n|-miss|p2a: Chi-Yu|p1b: Maushold\n|move|p1b: Maushold|Super Fang|p2a: Chi-Yu\n|-damage|p2a: Chi-Yu|51\/100\n|\n|-heal|p1a: Annihilape|16\/100|[from] item: Leftovers\n|upkeep\n|turn|3\n|\n|t:|1684164210\n|move|p1b: Maushold|Protect|p1b: Maushold\n|-singleturn|p1b: Maushold|Protect\n|move|p2a: Chi-Yu|Heat Wave|p1a: Annihilape|[spread] p1a\n|-activate|p1b: Maushold|move: Protect\n|-damage|p1a: Annihilape|0 fnt\n|faint|p1a: Annihilape\n|move|p2b: Murkrow|Brave Bird|p1b: Maushold\n|-activate|p1b: Maushold|move: Protect\n|\n|upkeep\n|\n|t:|1684164226\n|switch|p1a: Iron Bundle|Iron Bundle, L50|100\/100\n|-enditem|p1a: Iron Bundle|Booster Energy\n|-activate|p1a: Iron Bundle|ability: Quark Drive|[fromitem]\n|-start|p1a: Iron Bundle|quarkdrivespe\n|turn|4\n|\n|t:|1684164248\n|move|p2a: Chi-Yu|Protect|p2a: Chi-Yu\n|-singleturn|p2a: Chi-Yu|Protect\n|move|p1a: Iron Bundle|Hydro Pump|p2a: Chi-Yu\n|-activate|p2a: Chi-Yu|move: Protect\n|move|p2b: Murkrow|Brave Bird|p1b: Maushold\n|-damage|p1b: Maushold|19\/100\n|-damage|p2b: Murkrow|62\/100|[from] Recoil\n|move|p1b: Maushold|Super Fang|p2b: Murkrow\n|-damage|p2b: Murkrow|31\/100\n|\n|upkeep\n|turn|5\n|inactive|fonzee3000 has 30 seconds left.\n|\n|t:|1684164282\n|move|p1b: Maushold|Follow Me|p1b: Maushold\n|-singleturn|p1b: Maushold|move: Follow Me\n|move|p2a: Chi-Yu|Heat Wave|p1a: Iron Bundle|[spread] p1a,p1b\n|-damage|p1a: Iron Bundle|31\/100\n|-damage|p1b: Maushold|0 fnt\n|faint|p1b: Maushold\n|move|p1a: Iron Bundle|Icy Wind|p2b: Murkrow|[spread] p2a,p2b\n|-resisted|p2a: Chi-Yu\n|-supereffective|p2b: Murkrow\n|-damage|p2a: Chi-Yu|40\/100\n|-damage|p2b: Murkrow|0 fnt\n|-unboost|p2a: Chi-Yu|spe|1\n|-enditem|p2a: Chi-Yu|Sitrus Berry|[eat]\n|-heal|p2a: Chi-Yu|65\/100|[from] item: Sitrus Berry\n|faint|p2b: Murkrow\n|\n|-sideend|p2: grattastinchi|move: Tailwind\n|upkeep\n|\n|t:|1684164298\n|switch|p1b: Chi-Yu|Chi-Yu, L50|100\/100\n|switch|p2b: Annihilape|Annihilape, L50, M|100\/100\n|-ability|p1b: Chi-Yu|Beads of Ruin\n|turn|6\n|\n|t:|1684164322\n|-terastallize|p2b: Annihilape|Fire\n|move|p1b: Chi-Yu|Protect|p1b: Chi-Yu\n|-singleturn|p1b: Chi-Yu|Protect\n|move|p2a: Chi-Yu|Protect|p2a: Chi-Yu\n|-singleturn|p2a: Chi-Yu|Protect\n|move|p1a: Iron Bundle|Hydro Pump|p2a: Chi-Yu\n|-activate|p2a: Chi-Yu|move: Protect\n|move|p2b: Annihilape|Drain Punch|p1a: Iron Bundle\n|-supereffective|p1a: Iron Bundle\n|-damage|p1a: Iron Bundle|0 fnt\n|faint|p1a: Iron Bundle\n|-end|p1a: Iron Bundle|Quark Drive|[silent]\n|\n|upkeep\n|turn|7\n|\n|t:|1684164342\n|move|p1b: Chi-Yu|Dark Pulse|p2a: Chi-Yu\n|-resisted|p2a: Chi-Yu\n|-damage|p2a: Chi-Yu|37\/100\n|-damage|p1b: Chi-Yu|91\/100|[from] item: Life Orb\n|move|p2b: Annihilape|Drain Punch|p1b: Chi-Yu\n|-supereffective|p1b: Chi-Yu\n|-damage|p1b: Chi-Yu|0 fnt\n|faint|p1b: Chi-Yu\n|\n|win|grattastinchi\n|raw|fonzee3000's rating: 1324 → 1300<\/strong> (-24 for losing)\n|raw|grattastinchi's rating: 1251 → 1281<\/strong> (+30 for winning)\n","uploadtime":1684164359,"views":7,"p1id":"fonzee3000","p2id":"grattastinchi","formatid":"gen9vgc2023regulationc","rating":1281,"private":0,"password":""}