{"id":"gen9vgc2023regulationc-1845921941","p1":"Galcyon","p2":"Kiriziio","format":"[Gen 9] VGC 2023 Regulation C","log":"|j|\u2606Galcyon\n|j|\u2606Kiriziio\n|t:|1681779562\n|gametype|doubles\n|player|p1|Galcyon|cameraman|1174\n|player|p2|Kiriziio|lance|1173\n|teamsize|p1|6\n|teamsize|p2|6\n|gen|9\n|tier|[Gen 9] VGC 2023 Regulation C\n|rated|\n|rule|Species Clause: Limit one of each Pok\u00e9mon\n|rule|Item Clause: Limit one of each item\n|clearpoke\n|poke|p1|Scizor, L50, F|\n|poke|p1|Dragapult, L50, F|\n|poke|p1|Sandy Shocks, L50|\n|poke|p1|Chi-Yu, L50|\n|poke|p1|Azumarill, L50, M|\n|poke|p1|Cacturne, L50, M|\n|poke|p2|Dondozo, L50, F|\n|poke|p2|Tatsugiri-Stretchy, L50, M|\n|poke|p2|Chi-Yu, L50|\n|poke|p2|Flutter Mane, L50|\n|poke|p2|Dragonite, L50, M|\n|poke|p2|Glimmora, L50, M|\n|teampreview|4\n|inactive|Battle timer is ON: inactive players will automatically lose when time's up. (requested by Galcyon)\n|\n|t:|1681779613\n|start\n|switch|p1a: Azumarill|Azumarill, L50, M|100\/100\n|switch|p1b: Dragapult|Dragapult, L50, F|100\/100\n|switch|p2a: Flutter Mane|Flutter Mane, L50|100\/100\n|switch|p2b: Glimmora|Glimmora, L50, M|100\/100\n|-enditem|p2a: Flutter Mane|Booster Energy\n|-activate|p2a: Flutter Mane|ability: Protosynthesis|[fromitem]\n|-start|p2a: Flutter Mane|protosynthesisspe\n|turn|1\n|\n|t:|1681779632\n|switch|p1b: Scizor|Scizor, L50, F|100\/100\n|-terastallize|p2a: Flutter Mane|Steel\n|move|p2a: Flutter Mane|Substitute|p2a: Flutter Mane\n|-start|p2a: Flutter Mane|Substitute\n|-damage|p2a: Flutter Mane|76\/100\n|move|p2b: Glimmora|Toxic|p1a: Azumarill\n|-status|p1a: Azumarill|tox\n|move|p1a: Azumarill|Waterfall|p2b: Glimmora\n|-supereffective|p2b: Glimmora\n|-enditem|p2b: Glimmora|Focus Sash\n|-damage|p2b: Glimmora|1\/100\n|-activate|p2b: Glimmora|ability: Toxic Debris\n|-sidestart|p1: Galcyon|move: Toxic Spikes\n|\n|-damage|p1a: Azumarill|94\/100 tox|[from] psn\n|upkeep\n|turn|2\n|inactive|Galcyon has 30 seconds left.\n|\n|t:|1681779661\n|move|p1a: Azumarill|Aqua Jet|p2b: Glimmora\n|-supereffective|p2b: Glimmora\n|-damage|p2b: Glimmora|0 fnt\n|-activate|p2b: Glimmora|ability: Toxic Debris\n|-sidestart|p1: Galcyon|move: Toxic Spikes\n|faint|p2b: Glimmora\n|move|p1b: Scizor|Bullet Punch|p2a: Flutter Mane\n|-resisted|p2a: Flutter Mane\n|-end|p2a: Flutter Mane|Substitute\n|-damage|p1b: Scizor|91\/100|[from] item: Life Orb\n|move|p2a: Flutter Mane|Hex|p1a: Azumarill\n|-damage|p1a: Azumarill|41\/100 tox\n|\n|-damage|p1a: Azumarill|29\/100 tox|[from] psn\n|upkeep\n|\n|t:|1681779676\n|switch|p2b: Dondozo|Dondozo, L50, F|100\/100\n|turn|3\n|\n|t:|1681779689\n|move|p2a: Flutter Mane|Protect|p2a: Flutter Mane\n|-singleturn|p2a: Flutter Mane|Protect\n|move|p1a: Azumarill|Ice Spinner|p2b: Dondozo\n|-resisted|p2b: Dondozo\n|-crit|p2b: Dondozo\n|-damage|p2b: Dondozo|84\/100\n|move|p1b: Scizor|Close Combat|p2a: Flutter Mane\n|-activate|p2a: Flutter Mane|move: Protect\n|move|p2b: Dondozo|Bulldoze|p1a: Azumarill|[spread] p1a,p1b\n|-activate|p2a: Flutter Mane|move: Protect\n|-damage|p1a: Azumarill|17\/100 tox\n|-damage|p1b: Scizor|81\/100\n|-unboost|p1a: Azumarill|spe|1\n|-unboost|p1b: Scizor|spe|1\n|\n|-damage|p1a: Azumarill|0 fnt|[from] psn\n|faint|p1a: Azumarill\n|upkeep\n|\n|t:|1681779708\n|switch|p1a: Sandy Shocks|Sandy Shocks, L50|100\/100\n|-status|p1a: Sandy Shocks|tox\n|-enditem|p1a: Sandy Shocks|Booster Energy\n|-activate|p1a: Sandy Shocks|ability: Protosynthesis|[fromitem]\n|-start|p1a: Sandy Shocks|protosynthesisspe\n|turn|4\n|\n|t:|1681779726\n|-terastallize|p1a: Sandy Shocks|Electric\n|move|p2b: Dondozo|Protect|p2b: Dondozo\n|-singleturn|p2b: Dondozo|Protect\n|move|p2a: Flutter Mane|Hex|p1a: Sandy Shocks\n|-damage|p1a: Sandy Shocks|10\/100 tox\n|move|p1a: Sandy Shocks|Thunderbolt|p2b: Dondozo\n|-activate|p2b: Dondozo|move: Protect\n|move|p1b: Scizor|Close Combat|p2a: Flutter Mane\n|-supereffective|p2a: Flutter Mane\n|-damage|p2a: Flutter Mane|0 fnt\n|-unboost|p1b: Scizor|def|1\n|-unboost|p1b: Scizor|spd|1\n|faint|p2a: Flutter Mane\n|-end|p2a: Flutter Mane|Protosynthesis|[silent]\n|-damage|p1b: Scizor|72\/100|[from] item: Life Orb\n|\n|-damage|p1a: Sandy Shocks|4\/100 tox|[from] psn\n|upkeep\n|\n|t:|1681779736\n|switch|p2a: Chi-Yu|Chi-Yu, L50|100\/100\n|-ability|p2a: Chi-Yu|Beads of Ruin\n|turn|5\n|\n|t:|1681779758\n|move|p2a: Chi-Yu|Protect|p2a: Chi-Yu\n|-singleturn|p2a: Chi-Yu|Protect\n|move|p1b: Scizor|Protect|p1b: Scizor\n|-singleturn|p1b: Scizor|Protect\n|move|p1a: Sandy Shocks|Earth Power|p2a: Chi-Yu\n|-activate|p2a: Chi-Yu|move: Protect\n|move|p2b: Dondozo|Wave Crash|p1b: Scizor\n|-activate|p1b: Scizor|move: Protect\n|\n|-damage|p1a: Sandy Shocks|0 fnt|[from] psn\n|faint|p1a: Sandy Shocks\n|-end|p1a: Sandy Shocks|Protosynthesis|[silent]\n|upkeep\n|\n|t:|1681779770\n|switch|p1a: Dragapult|Dragapult, L50, F|100\/100\n|-status|p1a: Dragapult|tox\n|turn|6\n|\n|t:|1681779790\n|move|p1a: Dragapult|Dragon Darts|p2a: Chi-Yu\n|-damage|p2a: Chi-Yu|58\/100\n|-anim|p1a: Dragapult|Dragon Darts|p2b: Dondozo\n|-damage|p2b: Dondozo|65\/100\n|move|p2a: Chi-Yu|Dark Pulse|p1a: Dragapult\n|-supereffective|p1a: Dragapult\n|-damage|p1a: Dragapult|0 fnt\n|faint|p1a: Dragapult\n|move|p2b: Dondozo|Yawn|p1b: Scizor\n|-start|p1b: Scizor|move: Yawn|[of] p2b: Dondozo\n|move|p1b: Scizor|Close Combat|p2a: Chi-Yu\n|-supereffective|p2a: Chi-Yu\n|-damage|p2a: Chi-Yu|0 fnt\n|-unboost|p1b: Scizor|def|1\n|-unboost|p1b: Scizor|spd|1\n|faint|p2a: Chi-Yu\n|-damage|p1b: Scizor|62\/100|[from] item: Life Orb\n|\n|upkeep\n|turn|7\n|\n|t:|1681779810\n|move|p2b: Dondozo|Protect|p2b: Dondozo\n|-singleturn|p2b: Dondozo|Protect\n|move|p1b: Scizor|Close Combat|p2b: Dondozo\n|-activate|p2b: Dondozo|move: Protect\n|\n|-end|p1b: Scizor|move: Yawn|[silent]\n|-status|p1b: Scizor|slp\n|upkeep\n|turn|8\n|\n|t:|1681779815\n|cant|p1b: Scizor|slp\n|move|p2b: Dondozo|Wave Crash|p1b: Scizor\n|-damage|p1b: Scizor|20\/100 slp\n|-damage|p2b: Dondozo|55\/100|[from] Recoil\n|\n|upkeep\n|turn|9\n|\n|t:|1681779824\n|move|p2b: Dondozo|Wave Crash|p1b: Scizor\n|-damage|p1b: Scizor|0 fnt\n|faint|p1b: Scizor\n|-damage|p2b: Dondozo|51\/100|[from] Recoil\n|\n|win|Kiriziio\n|raw|Galcyon's rating: 1174 → 1149<\/strong> (-25 for losing)\n|raw|Kiriziio's rating: 1173 → 1198<\/strong> (+25 for winning)\n","uploadtime":1681779828,"views":9,"p1id":"galcyon","p2id":"kiriziio","formatid":"gen9vgc2023regulationc","rating":1149,"private":0,"password":""}