{"id":"gen9vgc2023regulationc-1859668637","p1":"Chotokaa","p2":"R3quiemVGC","format":"[Gen 9] VGC 2023 Regulation C","log":"|j|\u2606Chotokaa\n|j|\u203dR3quiemVGC\n|t:|1683554461\n|gametype|doubles\n|player|p1|Chotokaa|gambler|1182\n|player|p2|R3quiemVGC|265|1241\n|teamsize|p1|6\n|teamsize|p2|6\n|gen|9\n|tier|[Gen 9] VGC 2023 Regulation C\n|rated|\n|rule|Species Clause: Limit one of each Pok\u00e9mon\n|rule|Item Clause: Limit one of each item\n|clearpoke\n|poke|p1|Tatsugiri, L50, M|\n|poke|p1|Dondozo, L50, F|\n|poke|p1|Flamigo, L50, F|\n|poke|p1|Flutter Mane, L50|\n|poke|p1|Krookodile, L50, M|\n|poke|p1|Meowscarada, L50, M|\n|poke|p2|Annihilape, L50, M|\n|poke|p2|Ting-Lu, L50|\n|poke|p2|Rotom-Heat, L50|\n|poke|p2|Iron Bundle, L50|\n|poke|p2|Abomasnow, L50, F|\n|poke|p2|Flutter Mane, L50|\n|teampreview|4\n|inactive|Battle timer is ON: inactive players will automatically lose when time's up. (requested by Chotokaa)\n|\n|t:|1683554493\n|start\n|switch|p1a: Tatsugiri|Tatsugiri, L50, M|100\/100\n|switch|p1b: Flutter Mane|Flutter Mane, L50|100\/100\n|switch|p2a: Iron Bundle|Iron Bundle, L50|100\/100\n|switch|p2b: Abomasnow|Abomasnow, L50, F|100\/100\n|-weather|Snow|[from] ability: Snow Warning|[of] p2b: Abomasnow\n|-enditem|p2a: Iron Bundle|Booster Energy\n|-activate|p2a: Iron Bundle|ability: Quark Drive|[fromitem]\n|-start|p2a: Iron Bundle|quarkdrivespe\n|-enditem|p1b: Flutter Mane|Booster Energy\n|-activate|p1b: Flutter Mane|ability: Protosynthesis|[fromitem]\n|-start|p1b: Flutter Mane|protosynthesisspe\n|turn|1\n|\n|t:|1683554511\n|move|p1a: Tatsugiri|Protect|p1a: Tatsugiri\n|-singleturn|p1a: Tatsugiri|Protect\n|move|p2a: Iron Bundle|Aurora Veil|p2a: Iron Bundle\n|-sidestart|p2: R3quiemVGC|move: Aurora Veil\n|move|p1b: Flutter Mane|Perish Song|p1b: Flutter Mane\n|-start|p1a: Tatsugiri|perish3|[silent]\n|-start|p1b: Flutter Mane|perish3|[silent]\n|-start|p2a: Iron Bundle|perish3|[silent]\n|-start|p2b: Abomasnow|perish3|[silent]\n|-fieldactivate|move: Perish Song\n|move|p2b: Abomasnow|Blizzard|p1b: Flutter Mane|[spread] p1b\n|-activate|p1a: Tatsugiri|move: Protect\n|-damage|p1b: Flutter Mane|65\/100\n|\n|-weather|Snow|[upkeep]\n|-start|p2a: Iron Bundle|perish3\n|-start|p1b: Flutter Mane|perish3\n|-start|p1a: Tatsugiri|perish3\n|-start|p2b: Abomasnow|perish3\n|-status|p1a: Tatsugiri|tox|[from] item: Toxic Orb\n|upkeep\n|turn|2\n|inactive|Chotokaa has 30 seconds left.\n|\n|t:|1683554539\n|-end|p1b: Flutter Mane|Protosynthesis|[silent]\n|switch|p1b: Dondozo|Dondozo, L50, F|100\/100\n|-activate|p1a: Tatsugiri|ability: Commander|[of] p1b: Dondozo\n|-boost|p1b: Dondozo|atk|2\n|-boost|p1b: Dondozo|spa|2\n|-boost|p1b: Dondozo|spe|2\n|-boost|p1b: Dondozo|def|2\n|-boost|p1b: Dondozo|spd|2\n|move|p2a: Iron Bundle|Blizzard|p1a: Tatsugiri|[spread] p1b\n|-miss|p2a: Iron Bundle|p1a: Tatsugiri\n|-resisted|p1b: Dondozo\n|-damage|p1b: Dondozo|96\/100\n|-status|p1b: Dondozo|frz\n|move|p2b: Abomasnow|Blizzard|p1b: Dondozo|[spread] p1b\n|-miss|p2b: Abomasnow|p1a: Tatsugiri\n|-resisted|p1b: Dondozo\n|-damage|p1b: Dondozo|92\/100 frz\n|\n|-weather|Snow|[upkeep]\n|-damage|p1a: Tatsugiri|95\/100 tox|[from] psn\n|-start|p2a: Iron Bundle|perish2\n|-start|p1a: Tatsugiri|perish2\n|-start|p2b: Abomasnow|perish2\n|upkeep\n|turn|3\n|inactive|Chotokaa has 30 seconds left.\n|inactive|R3quiemVGC has 30 seconds left.\n|inactive|Chotokaa has 20 seconds left.\n|inactive|Chotokaa has 15 seconds left.\n|\n|t:|1683554579\n|-terastallize|p1b: Dondozo|Steel\n|move|p2a: Iron Bundle|Blizzard|p1a: Tatsugiri|[spread] p1b\n|-miss|p2a: Iron Bundle|p1a: Tatsugiri\n|-resisted|p1b: Dondozo\n|-damage|p1b: Dondozo|88\/100 frz\n|cant|p1b: Dondozo|frz\n|move|p2b: Abomasnow|Giga Drain|p1b: Dondozo\n|-resisted|p1b: Dondozo\n|-crit|p1b: Dondozo\n|-damage|p1b: Dondozo|75\/100 frz\n|\n|-weather|Snow|[upkeep]\n|-damage|p1a: Tatsugiri|84\/100 tox|[from] psn\n|-start|p2a: Iron Bundle|perish1\n|-start|p1a: Tatsugiri|perish1\n|-start|p2b: Abomasnow|perish1\n|upkeep\n|turn|4\n|\n|t:|1683554599\n|-end|p2a: Iron Bundle|Quark Drive|[silent]\n|switch|p2a: Annihilape|Annihilape, L50, M|100\/100\n|switch|p2b: Ting-Lu|Ting-Lu, L50|100\/100\n|-ability|p2b: Ting-Lu|Vessel of Ruin\n|cant|p1b: Dondozo|frz\n|\n|-weather|Snow|[upkeep]\n|-damage|p1a: Tatsugiri|67\/100 tox|[from] psn\n|-start|p1a: Tatsugiri|perish0\n|faint|p1a: Tatsugiri\n|upkeep\n|\n|t:|1683554611\n|switch|p1a: Flamigo|Flamigo, L50, F|100\/100\n|-copyboost|p1a: Flamigo|p1b: Dondozo|[from] ability: Costar\n|turn|5\n|inactive|R3quiemVGC has 30 seconds left.\n|\n|t:|1683554644\n|-terastallize|p2a: Annihilape|Water\n|move|p1a: Flamigo|Substitute|p1a: Flamigo\n|-start|p1a: Flamigo|Substitute\n|-damage|p1a: Flamigo|76\/100\n|move|p2a: Annihilape|Bulk Up|p2a: Annihilape\n|-boost|p2a: Annihilape|atk|1\n|-boost|p2a: Annihilape|def|1\n|cant|p1b: Dondozo|frz\n|move|p2b: Ting-Lu|Ruination|p1a: Flamigo\n|-end|p1a: Flamigo|Substitute\n|\n|-weather|none\n|-sideend|p2: R3quiemVGC|move: Aurora Veil\n|upkeep\n|turn|6\n|inactive|Chotokaa has 30 seconds left.\n|inactive|R3quiemVGC has 30 seconds left.\n|inactive|Chotokaa has 20 seconds left.\n|\n|t:|1683554682\n|move|p1a: Flamigo|Brave Bird|p2a: Annihilape\n|-damage|p2a: Annihilape|22\/100\n|-damage|p1a: Flamigo|41\/100|[from] Recoil\n|-heal|p1a: Flamigo|54\/100|[from] item: Shell Bell|[of] p2a: Annihilape\n|move|p2a: Annihilape|Bulk Up|p2a: Annihilape\n|-boost|p2a: Annihilape|atk|1\n|-boost|p2a: Annihilape|def|1\n|cant|p1b: Dondozo|frz\n|move|p2b: Ting-Lu|Stomping Tantrum|p1b: Dondozo\n|-supereffective|p1b: Dondozo\n|-damage|p1b: Dondozo|51\/100 frz\n|\n|-heal|p2a: Annihilape|28\/100|[from] item: Leftovers\n|upkeep\n|turn|7\n|inactive|R3quiemVGC has 30 seconds left.\n|\n|t:|1683554715\n|move|p2a: Annihilape|Protect|p2a: Annihilape\n|-singleturn|p2a: Annihilape|Protect\n|move|p1a: Flamigo|Brave Bird|p2a: Annihilape\n|-activate|p2a: Annihilape|move: Protect\n|cant|p1b: Dondozo|frz\n|move|p2b: Ting-Lu|Heavy Slam|p1a: Flamigo\n|-damage|p1a: Flamigo|32\/100\n|\n|-heal|p2a: Annihilape|35\/100|[from] item: Leftovers\n|upkeep\n|turn|8\n|inactive|R3quiemVGC has 30 seconds left.\n|\n|t:|1683554743\n|move|p1a: Flamigo|Brave Bird|p2a: Annihilape\n|-damage|p2a: Annihilape|0 fnt\n|faint|p2a: Annihilape\n|-damage|p1a: Flamigo|18\/100|[from] Recoil\n|-heal|p1a: Flamigo|23\/100|[from] item: Shell Bell|[of] p2: Annihilape\n|cant|p1b: Dondozo|frz\n|move|p2b: Ting-Lu|Stomping Tantrum|p1b: Dondozo\n|-supereffective|p1b: Dondozo\n|-damage|p1b: Dondozo|29\/100 frz\n|\n|upkeep\n|\n|t:|1683554753\n|switch|p2a: Iron Bundle|Iron Bundle, L50|100\/100\n|turn|9\n|\n|t:|1683554761\n|switch|p2b: Abomasnow|Abomasnow, L50, F|100\/100\n|-weather|Snow|[from] ability: Snow Warning|[of] p2b: Abomasnow\n|move|p1a: Flamigo|Close Combat|p2a: Iron Bundle\n|-supereffective|p2a: Iron Bundle\n|-damage|p2a: Iron Bundle|0 fnt\n|-unboost|p1a: Flamigo|def|1\n|-unboost|p1a: Flamigo|spd|1\n|faint|p2a: Iron Bundle\n|-end|p2a: Iron Bundle|Quark Drive|[silent]\n|-heal|p1a: Flamigo|34\/100|[from] item: Shell Bell|[of] p2: Iron Bundle\n|cant|p1b: Dondozo|frz\n|\n|-weather|Snow|[upkeep]\n|upkeep\n|\n|t:|1683554774\n|switch|p2a: Ting-Lu|Ting-Lu, L50|100\/100\n|-ability|p2a: Ting-Lu|Vessel of Ruin\n|turn|10\n|\n|t:|1683554783\n|move|p1a: Flamigo|Brave Bird|p2b: Abomasnow\n|-supereffective|p2b: Abomasnow\n|-enditem|p2b: Abomasnow|Focus Sash\n|-damage|p2b: Abomasnow|1\/100\n|-damage|p1a: Flamigo|0 fnt|[from] Recoil\n|faint|p1a: Flamigo\n|cant|p1b: Dondozo|frz\n|move|p2b: Abomasnow|Blizzard|p1b: Dondozo\n|-resisted|p1b: Dondozo\n|-damage|p1b: Dondozo|23\/100 frz\n|move|p2a: Ting-Lu|Stomping Tantrum|p1b: Dondozo\n|-supereffective|p1b: Dondozo\n|-damage|p1b: Dondozo|0 fnt\n|faint|p1b: Dondozo\n|\n|-weather|Snow|[upkeep]\n|upkeep\n|\n|t:|1683554802\n|switch|p1a: Flutter Mane|Flutter Mane, L50|65\/100\n|turn|11\n|\n|t:|1683554808\n|move|p2b: Abomasnow|Protect|p2b: Abomasnow\n|-singleturn|p2b: Abomasnow|Protect\n|move|p1a: Flutter Mane|Dazzling Gleam|p2b: Abomasnow|[spread] p2a\n|-activate|p2b: Abomasnow|move: Protect\n|-supereffective|p2a: Ting-Lu\n|-damage|p2a: Ting-Lu|81\/100\n|move|p2a: Ting-Lu|Heavy Slam|p1a: Flutter Mane\n|-supereffective|p1a: Flutter Mane\n|-damage|p1a: Flutter Mane|0 fnt\n|faint|p1a: Flutter Mane\n|-end|p1a: Flutter Mane|Protosynthesis|[silent]\n|\n|win|R3quiemVGC\n|raw|Chotokaa's rating: 1182 → 1161<\/strong> (-21 for losing)\n|raw|R3quiemVGC's rating: 1241 → 1262<\/strong> (+21 for winning)\n","uploadtime":1683554821,"views":8,"p1id":"chotokaa","p2id":"r3quiemvgc","formatid":"gen9vgc2023regulationc","rating":1161,"private":0,"password":""}