{"id":"gen9vgc2023regulationc-1851638268","p1":"Cigtar","p2":"MoboyPlaysPokemon","format":"[Gen 9] VGC 2023 Regulation C","log":"|j|\u2606Cigtar\n|j|\u2606MoboyPlaysPokemon\n|t:|1682464161\n|gametype|doubles\n|player|p1|Cigtar|phoebe-gen3|\n|player|p2|MoboyPlaysPokemon|266|\n|teamsize|p1|6\n|teamsize|p2|6\n|gen|9\n|tier|[Gen 9] VGC 2023 Regulation C\n|rule|Species Clause: Limit one of each Pok\u00e9mon\n|rule|Item Clause: Limit one of each item\n|clearpoke\n|poke|p1|Chi-Yu, L50|\n|poke|p1|Toedscruel, L50, F|\n|poke|p1|Gyarados, L50, M|\n|poke|p1|Sableye, L50, F|\n|poke|p1|Farigiraf, L50, M|\n|poke|p1|Ursaring, L50, F|\n|poke|p2|Indeedee-F, L50, F|\n|poke|p2|Iron Thorns, L50|\n|poke|p2|Kingambit, L50, M|\n|poke|p2|Bruxish, L50, F|\n|poke|p2|Appletun, L50, F|\n|poke|p2|Spiritomb, L50, F|\n|teampreview|4\n|\n|t:|1682464203\n|start\n|switch|p1a: Farigiraf|Farigiraf, L50, M|100\/100\n|switch|p1b: Ursaring|Ursaring, L50, F|100\/100\n|switch|p2a: Muffin Baker|Indeedee-F, L50, F|100\/100\n|switch|p2b: Sunder|Bruxish, L50, F|100\/100\n|-fieldstart|move: Psychic Terrain|[from] ability: Psychic Surge|[of] p2a: Muffin Baker\n|-enditem|p2a: Muffin Baker|Psychic Seed\n|-boost|p2a: Muffin Baker|spd|1|[from] item: Psychic Seed\n|turn|1\n|\n|t:|1682464251\n|move|p1b: Ursaring|Protect|p1b: Ursaring\n|-singleturn|p1b: Ursaring|Protect\n|move|p2a: Muffin Baker|Follow Me|p2a: Muffin Baker\n|-singleturn|p2a: Muffin Baker|move: Follow Me\n|move|p2b: Sunder|Psychic Fangs|p1b: Ursaring\n|-activate|p1b: Ursaring|move: Protect\n|move|p1a: Farigiraf|Trick Room|p1a: Farigiraf\n|-fieldstart|move: Trick Room|[of] p1a: Farigiraf\n|\n|-status|p1b: Ursaring|brn|[from] item: Flame Orb\n|upkeep\n|turn|2\n|\n|t:|1682464277\n|move|p2a: Muffin Baker|Follow Me|p2a: Muffin Baker\n|-singleturn|p2a: Muffin Baker|move: Follow Me\n|move|p1b: Ursaring|Facade|p2a: Muffin Baker\n|-crit|p2a: Muffin Baker\n|-damage|p2a: Muffin Baker|0 fnt\n|faint|p2a: Muffin Baker\n|move|p1a: Farigiraf|Reflect|p1a: Farigiraf\n|-sidestart|p1: Cigtar|Reflect\n|move|p2b: Sunder|Psychic Fangs|p1b: Ursaring\n|-sideend|p1: Cigtar|Reflect\n|-damage|p1b: Ursaring|3\/100 brn\n|\n|-damage|p1b: Ursaring|0 fnt|[from] brn\n|faint|p1b: Ursaring\n|upkeep\n|\n|t:|1682464301\n|switch|p1b: Gyarados|Gyarados, L50, M|100\/100\n|switch|p2a: Jade Colossus|Iron Thorns, L50|100\/100\n|-ability|p1b: Gyarados|Intimidate|boost\n|-unboost|p2a: Jade Colossus|atk|1\n|-unboost|p2b: Sunder|atk|1\n|turn|3\n|\n|t:|1682464328\n|-terastallize|p2a: Jade Colossus|Fairy\n|-terastallize|p1b: Gyarados|Ground\n|move|p1a: Farigiraf|Hyper Voice|p2b: Sunder|[spread] p2a,p2b\n|-damage|p2a: Jade Colossus|65\/100\n|-damage|p2b: Sunder|51\/100\n|move|p2a: Jade Colossus|Thunder Punch|p1b: Gyarados\n|-immune|p1b: Gyarados\n|move|p2b: Sunder|Crunch|p1a: Farigiraf\n|-supereffective|p1a: Farigiraf\n|-damage|p1a: Farigiraf|43\/100\n|move|p1b: Gyarados|Waterfall|p2a: Jade Colossus\n|-damage|p2a: Jade Colossus|33\/100\n|\n|upkeep\n|turn|4\n|\n|t:|1682464367\n|-end|p2a: Jade Colossus|Quark Drive|[silent]\n|switch|p2a: \u0442\u043e\u0432\u0430\u0440\u0438\u0449|Kingambit, L50, M|100\/100\n|-activate|p2a: \u0442\u043e\u0432\u0430\u0440\u0438\u0449|ability: Supreme Overlord\n|-start|p2a: \u0442\u043e\u0432\u0430\u0440\u0438\u0449|fallen1|[silent]\n|move|p1a: Farigiraf|Ally Switch|p1a: Farigiraf\n|swap|p1a: Farigiraf|1|[from] move: Ally Switch\n|move|p2b: Sunder|Ice Fang|p1b: Farigiraf\n|-damage|p1b: Farigiraf|21\/100\n|move|p1a: Gyarados|Waterfall|p2a: \u0442\u043e\u0432\u0430\u0440\u0438\u0449\n|-damage|p2a: \u0442\u043e\u0432\u0430\u0440\u0438\u0449|66\/100\n|\n|upkeep\n|turn|5\n|\n|t:|1682464416\n|move|p1a: Gyarados|Protect|p1a: Gyarados\n|-singleturn|p1a: Gyarados|Protect\n|move|p1b: Farigiraf|Reflect|p1b: Farigiraf\n|-sidestart|p1: Cigtar|Reflect\n|move|p2a: \u0442\u043e\u0432\u0430\u0440\u0438\u0449|Iron Head|p1a: Gyarados\n|-activate|p1a: Gyarados|move: Protect\n|move|p2b: Sunder|Ice Fang|p1b: Farigiraf\n|-damage|p1b: Farigiraf|5\/100\n|\n|-fieldend|move: Trick Room\n|-fieldend|move: Psychic Terrain\n|upkeep\n|turn|6\n|j| eshe0\n|c| eshe0|hello, lads and lasses\n|c|\u2606MoboyPlaysPokemon|heya\n|c| eshe0|is this g1?\n|\n|t:|1682464461\n|move|p2a: \u0442\u043e\u0432\u0430\u0440\u0438\u0449|Protect|p2a: \u0442\u043e\u0432\u0430\u0440\u0438\u0449\n|-singleturn|p2a: \u0442\u043e\u0432\u0430\u0440\u0438\u0449|Protect\n|move|p1a: Gyarados|Waterfall|p2a: \u0442\u043e\u0432\u0430\u0440\u0438\u0449\n|-activate|p2a: \u0442\u043e\u0432\u0430\u0440\u0438\u0449|move: Protect\n|move|p2b: Sunder|Ice Fang|p1a: Gyarados\n|-supereffective|p1a: Gyarados\n|-damage|p1a: Gyarados|69\/100\n|move|p1b: Farigiraf|Hyper Voice|p2a: \u0442\u043e\u0432\u0430\u0440\u0438\u0449|[spread] p2b\n|-activate|p2a: \u0442\u043e\u0432\u0430\u0440\u0438\u0449|move: Protect\n|-damage|p2b: Sunder|6\/100\n|\n|upkeep\n|turn|7\n|c|\u2606MoboyPlaysPokemon|g2 i am up 1\n|c| eshe0|did you save the replay?\n|\n|t:|1682464490\n|move|p1a: Gyarados|Waterfall|p2a: \u0442\u043e\u0432\u0430\u0440\u0438\u0449\n|-damage|p2a: \u0442\u043e\u0432\u0430\u0440\u0438\u0449|31\/100\n|move|p2b: Sunder|Liquidation|p1a: Gyarados\n|-supereffective|p1a: Gyarados\n|-damage|p1a: Gyarados|17\/100\n|-enditem|p1a: Gyarados|Sitrus Berry|[eat]\n|-heal|p1a: Gyarados|42\/100|[from] item: Sitrus Berry\n|move|p2a: \u0442\u043e\u0432\u0430\u0440\u0438\u0449|Assurance|p1b: Farigiraf\n|-supereffective|p1b: Farigiraf\n|-damage|p1b: Farigiraf|0 fnt\n|faint|p1b: Farigiraf\n|\n|upkeep\n|c|\u2606MoboyPlaysPokemon|i still have it open\n|c| eshe0|kk\n|c| eshe0|don't close it\n|\n|t:|1682464500\n|switch|p1b: Toedscruel|Toedscruel, L50, F|100\/100\n|turn|8\n|c| eshe0|we want the replays too\n|c|\u2606MoboyPlaysPokemon|k\n|\n|t:|1682464548\n|move|p1b: Toedscruel|Protect|p1b: Toedscruel\n|-singleturn|p1b: Toedscruel|Protect\n|move|p1a: Gyarados|Waterfall|p2b: Sunder\n|-resisted|p2b: Sunder\n|-damage|p2b: Sunder|0 fnt\n|faint|p2b: Sunder\n|move|p2a: \u0442\u043e\u0432\u0430\u0440\u0438\u0449|Iron Head|p1a: Gyarados\n|-damage|p1a: Gyarados|4\/100\n|\n|upkeep\n|\n|t:|1682464557\n|switch|p2b: Jade Colossus|Iron Thorns, L50, tera:Fairy|33\/100\n|turn|9\n|\n|t:|1682464604\n|move|p1b: Toedscruel|Earth Power|p2a: \u0442\u043e\u0432\u0430\u0440\u0438\u0449\n|-supereffective|p2a: \u0442\u043e\u0432\u0430\u0440\u0438\u0449\n|-damage|p2a: \u0442\u043e\u0432\u0430\u0440\u0438\u0449|0 fnt\n|faint|p2a: \u0442\u043e\u0432\u0430\u0440\u0438\u0449\n|-end|p2a: \u0442\u043e\u0432\u0430\u0440\u0438\u0449|fallen1|[silent]\n|move|p1a: Gyarados|Waterfall|p2b: Jade Colossus\n|-damage|p2b: Jade Colossus|0 fnt\n|faint|p2b: Jade Colossus\n|-end|p2b: Jade Colossus|Quark Drive|[silent]\n|\n|win|Cigtar\n|c|\u2606MoboyPlaysPokemon|gg\n|c|\u2606Cigtar|gg\n|l|\u2606Cigtar\n","uploadtime":1682465840,"views":19,"p1id":"cigtar","p2id":"moboyplayspokemon","formatid":"gen9vgc2023regulationc","rating":0,"private":0,"password":""}