{"id":"gen9vgc2023regulationc-1862419723","p1":"Roopydoopy","p2":"ethan06","format":"[Gen 9] VGC 2023 Regulation C","log":"|j|\u2606Roopydoopy\n|j|\u2606ethan06\n|t:|1683883115\n|gametype|doubles\n|player|p1|Roopydoopy|102|\n|player|p2|ethan06|ninjaboy|\n|teamsize|p1|6\n|teamsize|p2|6\n|gen|9\n|tier|[Gen 9] VGC 2023 Regulation C\n|rule|Species Clause: Limit one of each Pok\u00e9mon\n|rule|Item Clause: Limit one of each item\n|clearpoke\n|poke|p1|Muk, L50, F|\n|poke|p1|Pawmot, L50, F|\n|poke|p1|Wigglytuff, L50, F|\n|poke|p1|Wo-Chien, L50|\n|poke|p1|Arcanine, L50, F|\n|poke|p1|Gothorita, L50, F|\n|poke|p2|Dondozo, L50, M|\n|poke|p2|Tatsugiri, L50, M|\n|poke|p2|Salamence, L50, F|\n|poke|p2|Kingambit, L50, F|\n|poke|p2|Iron Valiant, L50|\n|poke|p2|Persian, L50, F|\n|teampreview|4\n|j| SlifVGC\nethan06 has agreed to open team sheets.\n|c|\u2606ethan06|g1 !\n|c|\u2606ethan06|hfhf\nRoopydoopy has agreed to open team sheets.\n|\n|t:|1683883165\n|start\n|switch|p1a: Gothorita|Gothorita, L50, F|100\/100\n|switch|p1b: Wigglytuff|Wigglytuff, L50, F|100\/100\n|switch|p2a: Persian|Persian, L50, F|100\/100\n|switch|p2b: Iron Valiant|Iron Valiant, L50|100\/100\n|-ability|p2a: Persian|Unnerve\n|turn|1\n|\n|t:|1683883185\n|move|p2b: Iron Valiant|Protect|p2b: Iron Valiant\n|-singleturn|p2b: Iron Valiant|Protect\n|move|p1a: Gothorita|Fake Out|p2b: Iron Valiant\n|-activate|p2b: Iron Valiant|move: Protect\n|move|p2a: Persian|Taunt|p1b: Wigglytuff\n|-start|p1b: Wigglytuff|move: Taunt\n|cant|p1b: Wigglytuff|move: Taunt|Perish Song\n|\n|upkeep\n|turn|2\n|\n|t:|1683883200\n|switch|p1a: Pawmot|Pawmot, L50, F|100\/100\n|move|p2a: Persian|Taunt|p1a: Pawmot\n|-start|p1a: Pawmot|move: Taunt\n|move|p2b: Iron Valiant|Psyshock|p1b: Wigglytuff\n|-damage|p1b: Wigglytuff|74\/100\n|-damage|p2b: Iron Valiant|90\/100|[from] item: Life Orb\n|move|p1b: Wigglytuff|Dazzling Gleam|p2a: Persian|[spread] p2a,p2b\n|-supereffective|p2b: Iron Valiant\n|-damage|p2a: Persian|74\/100\n|-damage|p2b: Iron Valiant|25\/100\n|\n|upkeep\n|turn|3\n|\n|t:|1683883227\n|switch|p1b: Gothorita|Gothorita, L50, F|100\/100\n|move|p2b: Iron Valiant|Protect|p2b: Iron Valiant\n|-singleturn|p2b: Iron Valiant|Protect\n|move|p2a: Persian|Feint|p1a: Pawmot\n|-damage|p1a: Pawmot|86\/100\n|move|p1a: Pawmot|Mach Punch|p2a: Persian\n|-supereffective|p2a: Persian\n|-damage|p2a: Persian|4\/100\n|-enditem|p2a: Persian|Sitrus Berry|[eat]\n|-heal|p2a: Persian|29\/100|[from] item: Sitrus Berry\n|\n|upkeep\n|turn|4\n|\n|t:|1683883250\n|-terastallize|p2a: Persian|Ghost\n|move|p2b: Iron Valiant|Protect||[still]\n|-fail|p2b: Iron Valiant\n|move|p1b: Gothorita|Fake Out|p2a: Persian\n|-immune|p2a: Persian\n|move|p1a: Pawmot|Mach Punch|p2b: Iron Valiant\n|-resisted|p2b: Iron Valiant\n|-damage|p2b: Iron Valiant|12\/100\n|move|p2a: Persian|Taunt|p1b: Gothorita\n|-start|p1b: Gothorita|move: Taunt\n|\n|-end|p1a: Pawmot|move: Taunt\n|upkeep\n|turn|5\n|\n|t:|1683883278\n|switch|p2a: Salamence|Salamence, L50, F|100\/100\n|-ability|p2a: Salamence|Intimidate|boost\n|-unboost|p1a: Pawmot|atk|1\n|-unboost|p1b: Gothorita|atk|1\n|switch|p1a: Wigglytuff|Wigglytuff, L50, F|74\/100\n|move|p2b: Iron Valiant|Psyshock|p1a: Wigglytuff\n|-damage|p1a: Wigglytuff|45\/100\n|-damage|p2b: Iron Valiant|2\/100|[from] item: Life Orb\n|move|p1b: Gothorita|Thunderbolt|p2b: Iron Valiant\n|-damage|p2b: Iron Valiant|0 fnt\n|faint|p2b: Iron Valiant\n|-end|p2b: Iron Valiant|Quark Drive|[silent]\n|\n|upkeep\n|\n|t:|1683883297\n|switch|p2b: Persian|Persian, L50, F, tera:Ghost|29\/100\n|-ability|p2b: Persian|Unnerve\n|turn|6\n|\n|t:|1683883322\n|switch|p1b: Pawmot|Pawmot, L50, F|86\/100\n|move|p2b: Persian|Fake Tears|p1b: Pawmot\n|-unboost|p1b: Pawmot|spd|2\n|move|p2a: Salamence|Draco Meteor|p1b: Pawmot\n|-damage|p1b: Pawmot|0 fnt\n|-unboost|p2a: Salamence|spa|2\n|faint|p1b: Pawmot\n|move|p1a: Wigglytuff|Perish Song|p1a: Wigglytuff\n|-start|p1a: Wigglytuff|perish3|[silent]\n|-start|p2a: Salamence|perish3|[silent]\n|-start|p2b: Persian|perish3|[silent]\n|-fieldactivate|move: Perish Song\n|\n|-start|p2b: Persian|perish3\n|-start|p2a: Salamence|perish3\n|-start|p1a: Wigglytuff|perish3\n|upkeep\n|\n|t:|1683883335\n|switch|p1b: Gothorita|Gothorita, L50, F|100\/100\n|turn|7\n|\n|t:|1683883356\n|move|p1a: Wigglytuff|Protect|p1a: Wigglytuff\n|-singleturn|p1a: Wigglytuff|Protect\n|move|p1b: Gothorita|Fake Out|p2a: Salamence\n|-damage|p2a: Salamence|95\/100\n|move|p2b: Persian|Fake Tears|p1b: Gothorita\n|-unboost|p1b: Gothorita|spd|2\n|cant|p2a: Salamence|flinch\n|\n|-start|p2b: Persian|perish2\n|-start|p2a: Salamence|perish2\n|-start|p1a: Wigglytuff|perish2\n|upkeep\n|turn|8\n|\n|t:|1683883375\n|move|p2b: Persian|Fake Tears|p1b: Gothorita\n|-unboost|p1b: Gothorita|spd|2\n|move|p2a: Salamence|Draco Meteor|p1b: Gothorita\n|-damage|p1b: Gothorita|8\/100\n|-unboost|p2a: Salamence|spa|2\n|move|p1b: Gothorita|Heal Pulse|p1a: Wigglytuff\n|-heal|p1a: Wigglytuff|95\/100\n|move|p1a: Wigglytuff|Dazzling Gleam|p2b: Persian|[spread] p2a,p2b\n|-supereffective|p2a: Salamence\n|-crit|p2b: Persian\n|-damage|p2a: Salamence|52\/100\n|-damage|p2b: Persian|0 fnt\n|faint|p2b: Persian\n|\n|-start|p2a: Salamence|perish1\n|-start|p1a: Wigglytuff|perish1\n|upkeep\n|\n|t:|1683883389\n|switch|p2b: Tatsugiri|Tatsugiri, L50, M|100\/100\n|turn|9\n|\n|t:|1683883400\n|switch|p1a: Wo-Chien|Wo-Chien, L50|100\/100\n|-ability|p1a: Wo-Chien|Tablets of Ruin\n|move|p1b: Gothorita|Protect|p1b: Gothorita\n|-singleturn|p1b: Gothorita|Protect\n|move|p2a: Salamence|Draco Meteor|p1b: Gothorita\n|-activate|p1b: Gothorita|move: Protect\n|move|p2b: Tatsugiri|Nasty Plot|p2b: Tatsugiri\n|-boost|p2b: Tatsugiri|spa|2\n|\n|-start|p2a: Salamence|perish0\n|faint|p2a: Salamence\n|upkeep\n|turn|10\n|\n|t:|1683883419\n|switch|p1b: Wigglytuff|Wigglytuff, L50, F|95\/100\n|move|p2b: Tatsugiri|Muddy Water|p1a: Wo-Chien|[spread] p1a\n|-miss|p2b: Tatsugiri|p1b: Wigglytuff\n|-resisted|p1a: Wo-Chien\n|-damage|p1a: Wo-Chien|80\/100\n|move|p1a: Wo-Chien|Leech Seed|p2b: Tatsugiri\n|-start|p2b: Tatsugiri|move: Leech Seed\n|\n|-heal|p1a: Wo-Chien|86\/100|[from] item: Leftovers\n|-damage|p2b: Tatsugiri|89\/100|[from] Leech Seed|[of] p1a: Wo-Chien\n|-heal|p1a: Wo-Chien|95\/100|[silent]\n|upkeep\n|turn|11\n|\n|t:|1683883432\n|move|p2b: Tatsugiri|Muddy Water|p1b: Wigglytuff|[spread] p1b\n|-miss|p2b: Tatsugiri|p1a: Wo-Chien\n|-damage|p1b: Wigglytuff|20\/100\n|move|p1a: Wo-Chien|Knock Off|p2b: Tatsugiri\n|-damage|p2b: Tatsugiri|38\/100\n|-enditem|p2b: Tatsugiri|Focus Sash|[from] move: Knock Off|[of] p1a: Wo-Chien\n|move|p1b: Wigglytuff|Dazzling Gleam|p2b: Tatsugiri\n|-supereffective|p2b: Tatsugiri\n|-damage|p2b: Tatsugiri|0 fnt\n|faint|p2b: Tatsugiri\n|\n|win|Roopydoopy\n|c|\u2606ethan06|gg\n|l| SlifVGC\n","uploadtime":1683883447,"views":14,"p1id":"roopydoopy","p2id":"ethan06","formatid":"gen9vgc2023regulationc","rating":0,"private":0,"password":""}