{"id":"gen9vgc2023regulationc-1859755406","p1":"rrdee","p2":"ThatGuyTi","format":"[Gen 9] VGC 2023 Regulation C","log":"|j|\u2606rrdee\n|j|\u2606ThatGuyTi\n|t:|1683561874\n|gametype|doubles\n|player|p1|rrdee|102|1089\n|player|p2|ThatGuyTi|lance|1138\n|teamsize|p1|6\n|teamsize|p2|6\n|gen|9\n|tier|[Gen 9] VGC 2023 Regulation C\n|rated|\n|rule|Species Clause: Limit one of each Pok\u00e9mon\n|rule|Item Clause: Limit one of each item\n|clearpoke\n|poke|p1|Pelipper, L50, F|\n|poke|p1|Floatzel, L50, M|\n|poke|p1|Dragonite, L50, M|\n|poke|p1|Chien-Pao, L50|\n|poke|p1|Amoonguss, L50, F|\n|poke|p1|Tauros-Paldea-Blaze, L50, M|\n|poke|p2|Chien-Pao, L50|\n|poke|p2|Arcanine, L50, F|\n|poke|p2|Amoonguss, L50, F|\n|poke|p2|Roaring Moon, L50|\n|poke|p2|Palafin, L50, M|\n|poke|p2|Flutter Mane, L50|\n|teampreview|4\n|\n|t:|1683561914\n|start\n|switch|p1a: Tauros|Tauros-Paldea-Blaze, L50, M|100\/100\n|switch|p1b: Amoonguss|Amoonguss, L50, F|100\/100\n|switch|p2a: Flutter Mane|Flutter Mane, L50|100\/100\n|switch|p2b: Amoonguss|Amoonguss, L50, F, shiny|100\/100\n|-ability|p1a: Tauros|Intimidate|boost\n|-unboost|p2a: Flutter Mane|atk|1\n|-unboost|p2b: Amoonguss|atk|1\n|turn|1\n|-activate|p1b: Amoonguss|item: Quick Claw\n|\n|t:|1683561952\n|-terastallize|p2b: Amoonguss|Water\n|move|p2b: Amoonguss|Rage Powder|p2b: Amoonguss\n|-singleturn|p2b: Amoonguss|move: Rage Powder\n|move|p1b: Amoonguss|Spore|p2a: Flutter Mane\n|-status|p2a: Flutter Mane|slp|[from] move: Spore\n|cant|p2a: Flutter Mane|slp\n|move|p1a: Tauros|Flamethrower|p2b: Amoonguss\n|-resisted|p2b: Amoonguss\n|-damage|p2b: Amoonguss|94\/100\n|\n|upkeep\n|turn|2\n|-activate|p1b: Amoonguss|item: Quick Claw\n|\n|t:|1683561979\n|-end|p2a: Flutter Mane|Protosynthesis|[silent]\n|switch|p2a: Roaring Moon|Roaring Moon, L50|100\/100\n|-enditem|p2a: Roaring Moon|Booster Energy\n|-activate|p2a: Roaring Moon|ability: Protosynthesis|[fromitem]\n|-start|p2a: Roaring Moon|protosynthesisatk\n|move|p2b: Amoonguss|Protect|p2b: Amoonguss\n|-singleturn|p2b: Amoonguss|Protect\n|move|p1b: Amoonguss|Pollen Puff|p2b: Amoonguss\n|-activate|p2b: Amoonguss|move: Protect\n|move|p1a: Tauros|Wild Charge|p2b: Amoonguss\n|-activate|p2b: Amoonguss|move: Protect\n|\n|upkeep\n|turn|3\n|-activate|p1b: Amoonguss|item: Quick Claw\n|\n|t:|1683562001\n|switch|p1a: Chien-Pao|Chien-Pao, L50|100\/100\n|-ability|p1a: Chien-Pao|Sword of Ruin\n|move|p2b: Amoonguss|Rage Powder|p2b: Amoonguss\n|-singleturn|p2b: Amoonguss|move: Rage Powder\n|move|p1b: Amoonguss|Spore|p2a: Roaring Moon\n|-status|p2a: Roaring Moon|slp|[from] move: Spore\n|cant|p2a: Roaring Moon|slp\n|\n|upkeep\n|turn|4\n|\n|t:|1683562028\n|switch|p1b: Tauros|Tauros-Paldea-Blaze, L50, M|100\/100\n|-ability|p1b: Tauros|Intimidate|boost\n|-unboost|p2a: Roaring Moon|atk|1\n|-unboost|p2b: Amoonguss|atk|1\n|-curestatus|p2a: Roaring Moon|slp|[msg]\n|move|p2a: Roaring Moon|Protect|p2a: Roaring Moon\n|-singleturn|p2a: Roaring Moon|Protect\n|move|p2b: Amoonguss|Rage Powder|p2b: Amoonguss\n|-singleturn|p2b: Amoonguss|move: Rage Powder\n|move|p1a: Chien-Pao|Ice Spinner|p2b: Amoonguss\n|-resisted|p2b: Amoonguss\n|-damage|p2b: Amoonguss|61\/100\n|\n|upkeep\n|turn|5\n|\n|t:|1683562050\n|switch|p1a: Amoonguss|Amoonguss, L50, F|100\/100\n|move|p2b: Amoonguss|Rage Powder|p2b: Amoonguss\n|-singleturn|p2b: Amoonguss|move: Rage Powder\n|move|p2a: Roaring Moon|Acrobatics|p1b: Tauros\n|-supereffective|p1b: Tauros\n|-damage|p1b: Tauros|16\/100\n|move|p1b: Tauros|Wild Charge|p2b: Amoonguss\n|-supereffective|p2b: Amoonguss\n|-damage|p2b: Amoonguss|15\/100\n|-damage|p1b: Tauros|2\/100|[from] Recoil\n|\n|upkeep\n|turn|6\n|\n|t:|1683562083\n|move|p2b: Amoonguss|Protect|p2b: Amoonguss\n|-singleturn|p2b: Amoonguss|Protect\n|move|p2a: Roaring Moon|Acrobatics|p1a: Amoonguss\n|-supereffective|p1a: Amoonguss\n|-damage|p1a: Amoonguss|24\/100\n|move|p1b: Tauros|Wild Charge|p2b: Amoonguss\n|-activate|p2b: Amoonguss|move: Protect\n|move|p1a: Amoonguss|Pollen Puff|p1b: Tauros\n|-heal|p1b: Tauros|52\/100\n|\n|upkeep\n|turn|7\n|\n|t:|1683562111\n|switch|p2b: Flutter Mane|Flutter Mane, L50|100\/100 slp\n|move|p1a: Amoonguss|Rage Powder|p1a: Amoonguss\n|-singleturn|p1a: Amoonguss|move: Rage Powder\n|move|p2a: Roaring Moon|Acrobatics|p1a: Amoonguss\n|-supereffective|p1a: Amoonguss\n|-damage|p1a: Amoonguss|0 fnt\n|faint|p1a: Amoonguss\n|move|p1b: Tauros|Wild Charge|p2b: Flutter Mane\n|-damage|p2b: Flutter Mane|37\/100 slp\n|-damage|p1b: Tauros|38\/100|[from] Recoil\n|\n|upkeep\n|\n|t:|1683562129\n|switch|p1a: Chien-Pao|Chien-Pao, L50|100\/100\n|-ability|p1a: Chien-Pao|Sword of Ruin\n|turn|8\n|\n|t:|1683562148\n|move|p2a: Roaring Moon|Protect|p2a: Roaring Moon\n|-singleturn|p2a: Roaring Moon|Protect\n|move|p1a: Chien-Pao|Dark Pulse|p2b: Flutter Mane\n|-damage|p2b: Flutter Mane|9\/100 slp\n|cant|p2b: Flutter Mane|slp\n|move|p1b: Tauros|Wild Charge|p2b: Flutter Mane\n|-damage|p2b: Flutter Mane|0 fnt\n|faint|p2b: Flutter Mane\n|-end|p2b: Flutter Mane|Protosynthesis|[silent]\n|-damage|p1b: Tauros|36\/100|[from] Recoil\n|\n|upkeep\n|\n|t:|1683562163\n|switch|p2b: Amoonguss|Amoonguss, L50, F, shiny, tera:Water|49\/100\n|turn|9\n|\n|t:|1683562176\n|switch|p1b: Dragonite|Dragonite, L50, M|100\/100\n|switch|p2b: Chien-Pao|Chien-Pao, L50|100\/100\n|-ability|p2b: Chien-Pao|Sword of Ruin\n|move|p1a: Chien-Pao|Dark Pulse|p2a: Roaring Moon\n|-resisted|p2a: Roaring Moon\n|-damage|p2a: Roaring Moon|88\/100\n|move|p2a: Roaring Moon|Earthquake|p1b: Dragonite|[spread] p2b,p1a\n|-immune|p1b: Dragonite\n|-damage|p2b: Chien-Pao|70\/100\n|-damage|p1a: Chien-Pao|67\/100\n|\n|upkeep\n|turn|10\n|\n|t:|1683562196\n|switch|p1a: Tauros|Tauros-Paldea-Blaze, L50, M|36\/100\n|-ability|p1a: Tauros|Intimidate|boost\n|-unboost|p2a: Roaring Moon|atk|1\n|-unboost|p2b: Chien-Pao|atk|1\n|-end|p2a: Roaring Moon|Protosynthesis|[silent]\n|switch|p2a: Amoonguss|Amoonguss, L50, F, shiny, tera:Water|82\/100\n|move|p2b: Chien-Pao|Ice Spinner|p1b: Dragonite\n|-supereffective|p1b: Dragonite\n|-damage|p1b: Dragonite|13\/100\n|move|p1b: Dragonite|Flamethrower|p2b: Chien-Pao\n|-supereffective|p2b: Chien-Pao\n|-damage|p2b: Chien-Pao|0 fnt\n|faint|p2b: Chien-Pao\n|\n|upkeep\n|\n|t:|1683562208\n|switch|p2b: Roaring Moon|Roaring Moon, L50|88\/100\n|turn|11\n|\n|t:|1683562226\n|move|p1b: Dragonite|Extreme Speed|p2a: Amoonguss\n|-damage|p2a: Amoonguss|58\/100\n|move|p2a: Amoonguss|Rage Powder|p2a: Amoonguss\n|-singleturn|p2a: Amoonguss|move: Rage Powder\n|move|p2b: Roaring Moon|Acrobatics|p1b: Dragonite\n|-damage|p1b: Dragonite|0 fnt\n|faint|p1b: Dragonite\n|move|p1a: Tauros|Wild Charge|p2a: Amoonguss\n|-supereffective|p2a: Amoonguss\n|-damage|p2a: Amoonguss|6\/100\n|-damage|p1a: Tauros|19\/100|[from] Recoil\n|\n|upkeep\n|\n|t:|1683562239\n|switch|p1b: Chien-Pao|Chien-Pao, L50|67\/100\n|-ability|p1b: Chien-Pao|Sword of Ruin\n|turn|12\n|\n|t:|1683562253\n|move|p2a: Amoonguss|Rage Powder|p2a: Amoonguss\n|-singleturn|p2a: Amoonguss|move: Rage Powder\n|move|p1b: Chien-Pao|Ice Spinner|p2a: Amoonguss\n|-resisted|p2a: Amoonguss\n|-damage|p2a: Amoonguss|0 fnt\n|faint|p2a: Amoonguss\n|move|p2b: Roaring Moon|Acrobatics|p1b: Chien-Pao\n|-damage|p1b: Chien-Pao|9\/100\n|move|p1a: Tauros|Wild Charge|p2b: Roaring Moon\n|-resisted|p2b: Roaring Moon\n|-damage|p2b: Roaring Moon|62\/100\n|-damage|p1a: Tauros|11\/100|[from] Recoil\n|\n|upkeep\n|turn|13\n|\n|t:|1683562278\n|move|p2b: Roaring Moon|Protect|p2b: Roaring Moon\n|-singleturn|p2b: Roaring Moon|Protect\n|move|p1b: Chien-Pao|Ice Spinner|p2b: Roaring Moon\n|-activate|p2b: Roaring Moon|move: Protect\n|move|p1a: Tauros|Close Combat|p2b: Roaring Moon\n|-activate|p2b: Roaring Moon|move: Protect\n|\n|upkeep\n|turn|14\n|\n|t:|1683562297\n|move|p1b: Chien-Pao|Ice Spinner|p2b: Roaring Moon\n|-supereffective|p2b: Roaring Moon\n|-damage|p2b: Roaring Moon|0 fnt\n|faint|p2b: Roaring Moon\n|-end|p2b: Roaring Moon|Protosynthesis|[silent]\n|\n|win|rrdee\n|raw|rrdee's rating: 1089 → 1119<\/strong> (+30 for winning)\n|raw|ThatGuyTi's rating: 1138 → 1109<\/strong> (-29 for losing)\n","uploadtime":1683562302,"views":13,"p1id":"rrdee","p2id":"thatguyti","formatid":"gen9vgc2023regulationc","rating":1109,"private":0,"password":""}