{"id":"gen9vgc2023regulationc-1846791554","p1":"ts02942461","p2":"Testing1220CB","format":"[Gen 9] VGC 2023 Regulation C","log":"|j|\u2606ts02942461\n|j|\u2606Testing1220CB\n|t:|1681880001\n|gametype|doubles\n|player|p1|ts02942461|265|1185\n|player|p2|Testing1220CB|2|1178\n|teamsize|p1|6\n|teamsize|p2|6\n|gen|9\n|tier|[Gen 9] VGC 2023 Regulation C\n|rated|\n|rule|Species Clause: Limit one of each Pok\u00e9mon\n|rule|Item Clause: Limit one of each item\n|clearpoke\n|poke|p1|Scizor, L50, M|\n|poke|p1|Gastrodon, L50, F|\n|poke|p1|Farigiraf, L50, F|\n|poke|p1|Dudunsparce-*, L50, M|\n|poke|p1|Sandy Shocks, L50|\n|poke|p1|Staraptor, L50, F|\n|poke|p2|Wo-Chien, L50|\n|poke|p2|Arcanine, L50, F|\n|poke|p2|Dragonite, L50, F|\n|poke|p2|Flutter Mane, L50|\n|poke|p2|Chi-Yu, L50|\n|poke|p2|Chien-Pao, L50|\n|teampreview|4\n|inactive|Battle timer is ON: inactive players will automatically lose when time's up. (requested by Testing1220CB)\nTesting1220CB has agreed to open team sheets.\nts02942461 has agreed to open team sheets.\n|\n|t:|1681880036\n|start\n|switch|p1a: Dudunsparce|Dudunsparce, L50, M|100\/100\n|switch|p1b: Staraptor|Staraptor, L50, F|100\/100\n|switch|p2a: Wo-Chien|Wo-Chien, L50|100\/100\n|switch|p2b: Dragonite|Dragonite, L50, F|100\/100\n|-ability|p1b: Staraptor|Intimidate|boost\n|-unboost|p2a: Wo-Chien|atk|1\n|-unboost|p2b: Dragonite|atk|1\n|-ability|p2a: Wo-Chien|Tablets of Ruin\n|turn|1\n|inactive|ts02942461 has 30 seconds left.\n|\n|t:|1681880061\n|switch|p1b: Farigiraf|Farigiraf, L50, F|100\/100\n|switch|p2b: Arcanine|Arcanine, L50, F|100\/100\n|-ability|p2b: Arcanine|Intimidate|boost\n|-unboost|p1a: Dudunsparce|atk|1\n|-ability|p1a: Dudunsparce|Rattled|boost\n|-boost|p1a: Dudunsparce|spe|1\n|-unboost|p1b: Farigiraf|atk|1\n|move|p1a: Dudunsparce|Stealth Rock|p2a: Wo-Chien\n|-sidestart|p2: Testing1220CB|move: Stealth Rock\n|move|p2a: Wo-Chien|Leech Seed|p1a: Dudunsparce\n|-start|p1a: Dudunsparce|move: Leech Seed\n|\n|-damage|p1a: Dudunsparce|88\/100|[from] Leech Seed|[of] p2a: Wo-Chien\n|upkeep\n|turn|2\n|\n|t:|1681880086\n|switch|p1a: Staraptor|Staraptor, L50, F|100\/100\n|-ability|p1a: Staraptor|Intimidate|boost\n|-unboost|p2a: Wo-Chien|atk|1\n|-unboost|p2b: Arcanine|atk|1\n|move|p1b: Farigiraf|Protect|p1b: Farigiraf\n|-singleturn|p1b: Farigiraf|Protect\n|move|p2b: Arcanine|Will-O-Wisp|p1a: Staraptor\n|-status|p1a: Staraptor|brn\n|move|p2a: Wo-Chien|Leech Seed|p1b: Farigiraf\n|-activate|p1b: Farigiraf|move: Protect\n|\n|-damage|p1a: Staraptor|94\/100 brn|[from] brn\n|upkeep\n|turn|3\n|\n|t:|1681880103\n|switch|p1b: Dudunsparce|Dudunsparce, L50, M|88\/100\n|move|p1a: Staraptor|Final Gambit|p2a: Wo-Chien\n|-damage|p2a: Wo-Chien|7\/100\n|faint|p1a: Staraptor\n|move|p2b: Arcanine|Will-O-Wisp|p1b: Dudunsparce|[miss]\n|-miss|p2b: Arcanine|p1b: Dudunsparce\n|move|p2a: Wo-Chien|Leech Seed|p1b: Dudunsparce|[miss]\n|-miss|p2a: Wo-Chien|p1b: Dudunsparce\n|\n|-heal|p1b: Dudunsparce|94\/100|[from] item: Leftovers\n|-heal|p2a: Wo-Chien|13\/100|[from] item: Leftovers\n|upkeep\n|\n|t:|1681880119\n|switch|p1a: Farigiraf|Farigiraf, L50, F|100\/100\n|turn|4\n|\n|t:|1681880126\n|move|p2a: Wo-Chien|Protect|p2a: Wo-Chien\n|-singleturn|p2a: Wo-Chien|Protect\n|move|p2b: Arcanine|Will-O-Wisp|p1b: Dudunsparce\n|-status|p1b: Dudunsparce|brn\n|move|p1a: Farigiraf|Hyper Voice|p2b: Arcanine|[spread] p2b\n|-activate|p2a: Wo-Chien|move: Protect\n|-damage|p2b: Arcanine|71\/100\n|-enditem|p1a: Farigiraf|Throat Spray\n|-boost|p1a: Farigiraf|spa|1|[from] item: Throat Spray\n|move|p1b: Dudunsparce|Hyper Drill|p2a: Wo-Chien\n|-damage|p2a: Wo-Chien|2\/100\n|\n|-heal|p1b: Dudunsparce|100\/100 brn|[from] item: Leftovers\n|-heal|p2a: Wo-Chien|8\/100|[from] item: Leftovers\n|-damage|p1b: Dudunsparce|94\/100 brn|[from] brn\n|upkeep\n|turn|5\n|\n|t:|1681880149\n|move|p2b: Arcanine|Flare Blitz|p1a: Farigiraf\n|-damage|p1a: Farigiraf|77\/100\n|-damage|p2b: Arcanine|60\/100|[from] Recoil\n|move|p1a: Farigiraf|Hyper Voice|p2b: Arcanine|[spread] p2a,p2b\n|-damage|p2a: Wo-Chien|0 fnt\n|-damage|p2b: Arcanine|15\/100\n|-enditem|p2b: Arcanine|Sitrus Berry|[eat]\n|-heal|p2b: Arcanine|40\/100|[from] item: Sitrus Berry\n|faint|p2a: Wo-Chien\n|move|p1b: Dudunsparce|Hyper Drill|p2b: Arcanine\n|-damage|p2b: Arcanine|16\/100\n|\n|-heal|p1b: Dudunsparce|100\/100 brn|[from] item: Leftovers\n|-damage|p1b: Dudunsparce|94\/100 brn|[from] brn\n|upkeep\n|\n|t:|1681880154\n|switch|p2a: Dragonite|Dragonite, L50, F|100\/100\n|-damage|p2a: Dragonite|76\/100|[from] Stealth Rock\n|turn|6\n|\n|t:|1681880171\n|switch|p2b: Chien-Pao|Chien-Pao, L50|100\/100\n|-damage|p2b: Chien-Pao|75\/100|[from] Stealth Rock\n|-ability|p2b: Chien-Pao|Sword of Ruin\n|move|p2a: Dragonite|Dragon Claw|p1a: Farigiraf\n|-damage|p1a: Farigiraf|17\/100\n|move|p1b: Dudunsparce|Ice Spinner|p2a: Dragonite\n|-supereffective|p2a: Dragonite\n|-damage|p2a: Dragonite|20\/100\n|move|p1a: Farigiraf|Trick Room|p1a: Farigiraf\n|-fieldstart|move: Trick Room|[of] p1a: Farigiraf\n|\n|-heal|p1b: Dudunsparce|100\/100 brn|[from] item: Leftovers\n|-damage|p1b: Dudunsparce|94\/100 brn|[from] brn\n|upkeep\n|turn|7\n|\n|t:|1681880190\n|move|p1b: Dudunsparce|Hyper Drill|p2b: Chien-Pao\n|-damage|p2b: Chien-Pao|47\/100\n|move|p1a: Farigiraf|Hyper Voice|p2b: Chien-Pao|[spread] p2a,p2b\n|-damage|p2a: Dragonite|0 fnt\n|-damage|p2b: Chien-Pao|0 fnt\n|faint|p2a: Dragonite\n|faint|p2b: Chien-Pao\n|\n|-heal|p1b: Dudunsparce|100\/100 brn|[from] item: Leftovers\n|-damage|p1b: Dudunsparce|94\/100 brn|[from] brn\n|upkeep\n|l|\u2606Testing1220CB\n|inactive|Testing1220CB disconnected and has a minute to reconnect!\n|player|p2|\n|inactive|Testing1220CB has 30 seconds left.\n|inactive|Testing1220CB has 20 seconds left.\n|inactive|Testing1220CB has 15 seconds left.\n|inactive|Testing1220CB has 10 seconds left.\n|j|\u2606Testing1220CB\n|inactive|Testing1220CB reconnected and has 10 seconds left.\n|player|p2|Testing1220CB|2\n|inactive|Testing1220CB has 5 seconds left.\n|-message|Testing1220CB forfeited.\n|\n|win|ts02942461\n|raw|ts02942461's rating: 1185 → 1209<\/strong> (+24 for winning)\n|raw|Testing1220CB's rating: 1178 → 1154<\/strong> (-24 for losing)\n|l|\u2606Testing1220CB\n","uploadtime":1681880252,"views":12,"p1id":"ts02942461","p2id":"testing1220cb","formatid":"gen9vgc2023regulationc","rating":1154,"private":0,"password":""}