{"id":"gen9vgc2023regulationc-1847903761","p1":"Marinas Lab","p2":"gGusto","format":"[Gen 9] VGC 2023 Regulation C","log":"|j|\u2606Marinas Lab\n|j|\u2606gGusto\n|t:|1682011416\n|gametype|doubles\n|player|p1|Marinas Lab|emmet|1233\n|player|p2|gGusto|265|1244\n|teamsize|p1|6\n|teamsize|p2|6\n|gen|9\n|tier|[Gen 9] VGC 2023 Regulation C\n|rated|\n|rule|Species Clause: Limit one of each Pok\u00e9mon\n|rule|Item Clause: Limit one of each item\n|clearpoke\n|poke|p1|Baxcalibur, L50, M|\n|poke|p1|Palafin, L50, M|\n|poke|p1|Arcanine, L50, F|\n|poke|p1|Ting-Lu, L50|\n|poke|p1|Amoonguss, L50, M|\n|poke|p1|Flutter Mane, L50|\n|poke|p2|Flutter Mane, L50|\n|poke|p2|Arcanine, L50, F|\n|poke|p2|Amoonguss, L50, M|\n|poke|p2|Palafin, L50, M|\n|poke|p2|Ting-Lu, L50|\n|poke|p2|Baxcalibur, L50, M|\n|teampreview|4\n|inactive|Battle timer is ON: inactive players will automatically lose when time's up. (requested by gGusto)\n|c|\u2606Marinas Lab|ah.\n|c|\u2606gGusto|2nd mirror in a row\n|inactive|Marinas Lab has 60 seconds left.\n|c|\u2606Marinas Lab|signs of a healthy meta\n|\n|t:|1682011464\n|start\n|switch|p1a: Flutter Mane|Flutter Mane, L50|100\/100\n|switch|p1b: Palafin|Palafin, L50, M|100\/100\n|switch|p2a: Baxcalibur|Baxcalibur, L50, M|100\/100\n|switch|p2b: Palafin|Palafin, L50, M|100\/100\n|turn|1\n|\n|t:|1682011476\n|detailschange|p2b: Palafin|Palafin-Hero, L50, M\n|switch|p2b: Arcanine|Arcanine, L50, F|100\/100\n|-ability|p2b: Arcanine|Intimidate|boost\n|-unboost|p1a: Flutter Mane|atk|1\n|-unboost|p1b: Palafin|atk|1\n|detailschange|p1b: Palafin|Palafin-Hero, L50, M\n|switch|p1b: Arcanine|Arcanine, L50, F|100\/100\n|-ability|p1b: Arcanine|Intimidate|boost\n|-unboost|p2a: Baxcalibur|atk|1\n|-unboost|p2b: Arcanine|atk|1\n|-terastallize|p2a: Baxcalibur|Poison\n|move|p1a: Flutter Mane|Dazzling Gleam|p2b: Arcanine|[spread] p2a,p2b\n|-resisted|p2a: Baxcalibur\n|-resisted|p2b: Arcanine\n|-damage|p2a: Baxcalibur|79\/100\n|-damage|p2b: Arcanine|76\/100\n|move|p2a: Baxcalibur|Icicle Crash|p1a: Flutter Mane\n|-damage|p1a: Flutter Mane|8\/100\n|-damage|p2a: Baxcalibur|70\/100|[from] item: Life Orb\n|\n|upkeep\n|turn|2\n|\n|t:|1682011489\n|-end|p1a: Flutter Mane|Protosynthesis|[silent]\n|switch|p1a: Palafin|Palafin-Hero, L50, M|100\/100\n|-activate|p1a: Palafin|ability: Zero to Hero\n|switch|p2a: Palafin|Palafin-Hero, L50, M|100\/100\n|-activate|p2a: Palafin|ability: Zero to Hero\n|move|p1b: Arcanine|Howl|p1b: Arcanine|[spread] p1a,p1b\n|-boost|p1a: Palafin|atk|1\n|-boost|p1b: Arcanine|atk|1\n|move|p2b: Arcanine|Howl|p2b: Arcanine|[spread] p2a,p2b\n|-boost|p2a: Palafin|atk|1\n|-boost|p2b: Arcanine|atk|1\n|\n|upkeep\n|turn|3\n|\n|t:|1682011508\n|switch|p2b: Amoonguss|Amoonguss, L50, M|100\/100\n|move|p1b: Arcanine|Protect|p1b: Arcanine\n|-singleturn|p1b: Arcanine|Protect\n|move|p2a: Palafin|Substitute|p2a: Palafin\n|-start|p2a: Palafin|Substitute\n|-damage|p2a: Palafin|76\/100\n|move|p1a: Palafin|Substitute|p1a: Palafin\n|-start|p1a: Palafin|Substitute\n|-damage|p1a: Palafin|76\/100\n|\n|-heal|p1a: Palafin|82\/100|[from] item: Leftovers\n|upkeep\n|turn|4\n|c|\u2606Marinas Lab|oh my god\n|inactive|Marinas Lab has 30 seconds left.\n|inactive|Marinas Lab has 20 seconds left.\n|inactive|Marinas Lab has 15 seconds left.\n|\n|t:|1682011549\n|-terastallize|p1b: Arcanine|Flying\n|move|p1a: Palafin|Jet Punch|p2a: Palafin\n|-resisted|p2a: Palafin\n|-end|p2a: Palafin|Substitute\n|move|p1b: Arcanine|Howl||[still]|[spread] p1a,p1b\n|-fail|p1b: Arcanine\n|-boost|p1b: Arcanine|atk|1\n|move|p2a: Palafin|Wave Crash|p1b: Arcanine\n|-damage|p1b: Arcanine|0 fnt\n|faint|p1b: Arcanine\n|-damage|p2a: Palafin|44\/100|[from] Recoil\n|move|p2b: Amoonguss|Pollen Puff|p2a: Palafin\n|-heal|p2a: Palafin|94\/100\n|\n|-heal|p1a: Palafin|87\/100|[from] item: Leftovers\n|upkeep\n|c|\u2606Marinas Lab|wait\n|c|\u2606gGusto|idk\n|c|\u2606Marinas Lab|is it not a sound move??\n|inactive|Marinas Lab has 30 seconds left.\n|c|\u2606gGusto|idk\n|inactive|Marinas Lab has 20 seconds left.\n|\n|t:|1682011587\n|switch|p1b: Baxcalibur|Baxcalibur, L50, M|100\/100\n|turn|5\n|c|\u2606gGusto|i thought it worked on partner\n|\n|t:|1682011604\n|switch|p2b: Arcanine|Arcanine, L50, F|76\/100\n|-ability|p2b: Arcanine|Intimidate|boost\n|-immune|p1a: Palafin\n|-fail|p1b: Baxcalibur|unboost|[from] item: Clear Amulet|[of] p1b: Baxcalibur\n|move|p2a: Palafin|Protect|p2a: Palafin\n|-singleturn|p2a: Palafin|Protect\n|move|p1b: Baxcalibur|Ice Shard|p2b: Arcanine\n|-resisted|p2b: Arcanine\n|-damage|p2b: Arcanine|63\/100\n|move|p1a: Palafin|Wave Crash|p2b: Arcanine\n|-supereffective|p2b: Arcanine\n|-damage|p2b: Arcanine|0 fnt\n|faint|p2b: Arcanine\n|-damage|p1a: Palafin|68\/100|[from] Recoil\n|\n|-heal|p1a: Palafin|73\/100|[from] item: Leftovers\n|upkeep\n|\n|t:|1682011615\n|switch|p2b: Baxcalibur|Baxcalibur, L50, M, tera:Poison|70\/100\n|turn|6\n|\n|t:|1682011638\n|switch|p1b: Flutter Mane|Flutter Mane, L50|8\/100\n|move|p2b: Baxcalibur|Protect|p2b: Baxcalibur\n|-singleturn|p2b: Baxcalibur|Protect\n|move|p2a: Palafin|Wave Crash|p1b: Flutter Mane\n|-damage|p1b: Flutter Mane|0 fnt\n|faint|p1b: Flutter Mane\n|-end|p1b: Flutter Mane|Protosynthesis|[silent]\n|-damage|p2a: Palafin|92\/100|[from] Recoil\n|move|p1a: Palafin|Wave Crash|p2b: Baxcalibur\n|-activate|p2b: Baxcalibur|move: Protect\n|\n|-heal|p1a: Palafin|79\/100|[from] item: Leftovers\n|upkeep\n|\n|t:|1682011645\n|switch|p1b: Baxcalibur|Baxcalibur, L50, M|100\/100\n|turn|7\n|\n|t:|1682011665\n|move|p1b: Baxcalibur|Protect|p1b: Baxcalibur\n|-singleturn|p1b: Baxcalibur|Protect\n|move|p2a: Palafin|Substitute|p2a: Palafin\n|-start|p2a: Palafin|Substitute\n|-damage|p2a: Palafin|67\/100\n|move|p1a: Palafin|Wave Crash|p2a: Palafin\n|-resisted|p2a: Palafin\n|-end|p2a: Palafin|Substitute\n|-damage|p1a: Palafin|71\/100|[from] Recoil|[of] p2a: Palafin\n|move|p2b: Baxcalibur|Glaive Rush|p1a: Palafin\n|-end|p1a: Palafin|Substitute\n|-singlemove|p2b: Baxcalibur|Glaive Rush|[silent]\n|-damage|p2b: Baxcalibur|60\/100|[from] item: Life Orb\n|\n|-heal|p1a: Palafin|77\/100|[from] item: Leftovers\n|upkeep\n|turn|8\n|inactive|Marinas Lab has 30 seconds left.\n|\n|t:|1682011691\n|switch|p2b: Amoonguss|Amoonguss, L50, M|100\/100\n|move|p2a: Palafin|Protect|p2a: Palafin\n|-singleturn|p2a: Palafin|Protect\n|move|p1a: Palafin|Substitute|p1a: Palafin\n|-start|p1a: Palafin|Substitute\n|-damage|p1a: Palafin|52\/100\n|move|p1b: Baxcalibur|Glaive Rush|p2a: Palafin\n|-activate|p2a: Palafin|move: Protect\n|\n|-heal|p1a: Palafin|58\/100|[from] item: Leftovers\n|upkeep\n|turn|9\n|\n|t:|1682011706\n|move|p1b: Baxcalibur|Protect|p1b: Baxcalibur\n|-singleturn|p1b: Baxcalibur|Protect\n|move|p2a: Palafin|Substitute|p2a: Palafin\n|-start|p2a: Palafin|Substitute\n|-damage|p2a: Palafin|42\/100\n|move|p1a: Palafin|Wave Crash|p2a: Palafin\n|-resisted|p2a: Palafin\n|-end|p2a: Palafin|Substitute\n|-damage|p1a: Palafin|50\/100|[from] Recoil|[of] p2a: Palafin\n|move|p2b: Amoonguss|Spore|p1b: Baxcalibur\n|-activate|p1b: Baxcalibur|move: Protect\n|\n|-heal|p1a: Palafin|56\/100|[from] item: Leftovers\n|upkeep\n|turn|10\n|\n|t:|1682011722\n|move|p2a: Palafin|Substitute|p2a: Palafin\n|-start|p2a: Palafin|Substitute\n|-damage|p2a: Palafin|18\/100\n|move|p1a: Palafin|Wave Crash|p2a: Palafin\n|-resisted|p2a: Palafin\n|-end|p2a: Palafin|Substitute\n|-damage|p1a: Palafin|47\/100|[from] Recoil|[of] p2a: Palafin\n|move|p1b: Baxcalibur|Icicle Crash|p2b: Amoonguss|[miss]\n|-miss|p1b: Baxcalibur|p2b: Amoonguss\n|move|p2b: Amoonguss|Pollen Puff|p2a: Palafin\n|-heal|p2a: Palafin|67\/100\n|\n|-heal|p1a: Palafin|53\/100|[from] item: Leftovers\n|upkeep\n|turn|11\n|\n|t:|1682011738\n|move|p1a: Palafin|Jet Punch|p2b: Amoonguss\n|-resisted|p2b: Amoonguss\n|-damage|p2b: Amoonguss|72\/100\n|move|p2a: Palafin|Wave Crash|p1a: Palafin\n|-resisted|p1a: Palafin\n|-end|p1a: Palafin|Substitute\n|-damage|p2a: Palafin|59\/100|[from] Recoil|[of] p1a: Palafin\n|move|p1b: Baxcalibur|Icicle Crash|p2b: Amoonguss\n|-supereffective|p2b: Amoonguss\n|-damage|p2b: Amoonguss|0 fnt\n|faint|p2b: Amoonguss\n|\n|-heal|p1a: Palafin|59\/100|[from] item: Leftovers\n|upkeep\n|\n|t:|1682011740\n|switch|p2b: Baxcalibur|Baxcalibur, L50, M, tera:Poison|60\/100\n|turn|12\n|\n|t:|1682011753\n|move|p2b: Baxcalibur|Protect|p2b: Baxcalibur\n|-singleturn|p2b: Baxcalibur|Protect\n|move|p1a: Palafin|Jet Punch|p2b: Baxcalibur\n|-activate|p2b: Baxcalibur|move: Protect\n|move|p1b: Baxcalibur|Ice Shard|p2b: Baxcalibur\n|-activate|p2b: Baxcalibur|move: Protect\n|move|p2a: Palafin|Wave Crash|p1a: Palafin\n|-resisted|p1a: Palafin\n|-damage|p1a: Palafin|0 fnt\n|faint|p1a: Palafin\n|-damage|p2a: Palafin|40\/100|[from] Recoil\n|\n|upkeep\n|turn|13\n|c|\u2606Marinas Lab|gg\n|\n|t:|1682011778\n|move|p1b: Baxcalibur|Ice Shard|p2a: Palafin\n|-resisted|p2a: Palafin\n|-damage|p2a: Palafin|28\/100\n|move|p2a: Palafin|Substitute|p2a: Palafin\n|-start|p2a: Palafin|Substitute\n|-damage|p2a: Palafin|3\/100\n|move|p2b: Baxcalibur|Glaive Rush|p1b: Baxcalibur\n|-supereffective|p1b: Baxcalibur\n|-damage|p1b: Baxcalibur|0 fnt\n|-singlemove|p2b: Baxcalibur|Glaive Rush|[silent]\n|faint|p1b: Baxcalibur\n|-damage|p2b: Baxcalibur|51\/100|[from] item: Life Orb\n|\n|win|gGusto\n|raw|Marinas Lab's rating: 1233 → 1209<\/strong> (-24 for losing)\n|raw|gGusto's rating: 1244 → 1268<\/strong> (+24 for winning)\n|l|\u2606gGusto\n","uploadtime":1682011792,"views":12,"p1id":"marinaslab","p2id":"ggusto","formatid":"gen9vgc2023regulationc","rating":1209,"private":0,"password":""}