{"id":"gen9vgc2023regulationc-1849949093","p1":"ErPaoletto","p2":"Megamuflon","format":"[Gen 9] VGC 2023 Regulation C","log":"|j|\u2606ErPaoletto\n|j|\u2606Megamuflon\n|t:|1682271257\n|gametype|doubles\n|player|p1|ErPaoletto|102|1054\n|player|p2|Megamuflon|policeman-gen4|1029\n|teamsize|p1|6\n|teamsize|p2|6\n|gen|9\n|tier|[Gen 9] VGC 2023 Regulation C\n|rated|\n|rule|Species Clause: Limit one of each Pok\u00e9mon\n|rule|Item Clause: Limit one of each item\n|clearpoke\n|poke|p1|Abomasnow, L50, F|\n|poke|p1|Cetitan, L50, F|\n|poke|p1|Tauros-Paldea-Aqua, L50, M|\n|poke|p1|Gothorita, L50, M|\n|poke|p1|Rotom-Heat, L50|\n|poke|p1|Dragonite, L50, F|\n|poke|p2|Chi-Yu, L50|\n|poke|p2|Murkrow, L50, M|\n|poke|p2|Corviknight, L50, F|\n|poke|p2|Flutter Mane, L50|\n|poke|p2|Great Tusk, L50|\n|poke|p2|Brute Bonnet, L50|\n|teampreview|4\n|inactive|Battle timer is ON: inactive players will automatically lose when time's up. (requested by ErPaoletto)\n|c|\u2606Megamuflon|GL HF\nMegamuflon has agreed to open team sheets.\n|inactive|ErPaoletto has 60 seconds left.\nErPaoletto has agreed to open team sheets.\n|c|\u2606ErPaoletto|daje\n|inactive|ErPaoletto has 30 seconds left.\n|inactive|ErPaoletto has 20 seconds left.\n|\n|t:|1682271331\n|start\n|switch|p1a: Gothorita|Gothorita, L50, M|100\/100\n|switch|p1b: Dragonite|Dragonite, L50, F|100\/100\n|switch|p2a: Murkrow|Murkrow, L50, M|100\/100\n|switch|p2b: Great Tusk|Great Tusk, L50|100\/100\n|turn|1\n|inactive|ErPaoletto has 30 seconds left.\n|inactive|Megamuflon has 30 seconds left.\n|\n|t:|1682271360\n|-terastallize|p2b: Great Tusk|Steel\n|-terastallize|p1a: Gothorita|Ghost\n|move|p1a: Gothorita|Helping Hand|p1b: Dragonite\n|-singleturn|p1b: Dragonite|Helping Hand|[of] p1a: Gothorita\n|move|p2a: Murkrow|Taunt|p1a: Gothorita\n|-start|p1a: Gothorita|move: Taunt\n|move|p2b: Great Tusk|Rock Slide|p1b: Dragonite|[spread] p1a,p1b\n|-supereffective|p1b: Dragonite\n|-damage|p1a: Gothorita|85\/100\n|-damage|p1b: Dragonite|80\/100\n|cant|p1b: Dragonite|flinch\n|\n|upkeep\n|turn|2\n|inactive|ErPaoletto has 30 seconds left.\n|inactive|ErPaoletto has 20 seconds left.\n|\n|t:|1682271398\n|switch|p1a: Abomasnow|Abomasnow, L50, F|100\/100\n|-weather|Snow|[from] ability: Snow Warning|[of] p1a: Abomasnow\n|move|p2a: Murkrow|Sunny Day|p2a: Murkrow\n|-weather|SunnyDay\n|-activate|p2b: Great Tusk|ability: Protosynthesis\n|-start|p2b: Great Tusk|protosynthesisatk\n|move|p2b: Great Tusk|Rock Slide|p1a: Abomasnow|[spread] p1a,p1b\n|-supereffective|p1a: Abomasnow\n|-supereffective|p1b: Dragonite\n|-damage|p1a: Abomasnow|42\/100\n|-damage|p1b: Dragonite|26\/100\n|move|p1b: Dragonite|Heat Wave|p2a: Murkrow|[spread] p2a,p2b\n|-supereffective|p2b: Great Tusk\n|-damage|p2a: Murkrow|59\/100\n|-damage|p2b: Great Tusk|0 fnt\n|faint|p2b: Great Tusk\n|-end|p2b: Great Tusk|Protosynthesis|[silent]\n|-damage|p1b: Dragonite|16\/100|[from] item: Life Orb\n|\n|-weather|SunnyDay|[upkeep]\n|upkeep\n|\n|t:|1682271420\n|switch|p2b: Flutter Mane|Flutter Mane, L50|100\/100\n|-activate|p2b: Flutter Mane|ability: Protosynthesis\n|-start|p2b: Flutter Mane|protosynthesisspe\n|turn|3\n|\n|t:|1682271433\n|move|p1b: Dragonite|Extreme Speed|p2a: Murkrow\n|-damage|p2a: Murkrow|25\/100\n|-damage|p1b: Dragonite|6\/100|[from] item: Life Orb\n|move|p2a: Murkrow|Tailwind|p2a: Murkrow\n|-sidestart|p2: Megamuflon|move: Tailwind\n|move|p2b: Flutter Mane|Dazzling Gleam|p1b: Dragonite|[spread] p1a,p1b\n|-supereffective|p1b: Dragonite\n|-damage|p1a: Abomasnow|0 fnt\n|-damage|p1b: Dragonite|0 fnt\n|faint|p1a: Abomasnow\n|faint|p1b: Dragonite\n|\n|-weather|SunnyDay|[upkeep]\n|upkeep\n|\n|t:|1682271445\n|switch|p1b: Cetitan|Cetitan, L50, F|100\/100\n|switch|p1a: Gothorita|Gothorita, L50, M, tera:Ghost|85\/100\n|turn|4\n|\n|t:|1682271462\n|move|p2a: Murkrow|Taunt|p1a: Gothorita\n|-start|p1a: Gothorita|move: Taunt\n|move|p2b: Flutter Mane|Dazzling Gleam|p1a: Gothorita|[spread] p1a,p1b\n|-damage|p1a: Gothorita|50\/100\n|-damage|p1b: Cetitan|68\/100\n|move|p1b: Cetitan|Heavy Slam|p2b: Flutter Mane\n|-supereffective|p2b: Flutter Mane\n|-damage|p2b: Flutter Mane|0 fnt\n|faint|p2b: Flutter Mane\n|-end|p2b: Flutter Mane|Protosynthesis|[silent]\n|cant|p1a: Gothorita|move: Taunt|Trick Room\n|\n|-weather|SunnyDay|[upkeep]\n|upkeep\n|\n|t:|1682271472\n|switch|p2b: Brute Bonnet|Brute Bonnet, L50|100\/100\n|-activate|p2b: Brute Bonnet|ability: Protosynthesis\n|-start|p2b: Brute Bonnet|protosynthesisatk\n|turn|5\n|\n|t:|1682271492\n|move|p1b: Cetitan|Ice Shard|p2a: Murkrow\n|-supereffective|p2a: Murkrow\n|-damage|p2a: Murkrow|0 fnt\n|faint|p2a: Murkrow\n|move|p2b: Brute Bonnet|Bullet Seed|p1b: Cetitan\n|-damage|p1b: Cetitan|49\/100\n|-damage|p1b: Cetitan|31\/100\n|-damage|p1b: Cetitan|14\/100\n|-damage|p1b: Cetitan|0 fnt\n|faint|p1b: Cetitan\n|-hitcount|p1: Cetitan|4\n|move|p1a: Gothorita|Shadow Ball|p2b: Brute Bonnet\n|-resisted|p2b: Brute Bonnet\n|-damage|p2b: Brute Bonnet|91\/100\n|\n|-weather|SunnyDay|[upkeep]\n|upkeep\n|turn|6\n|\n|t:|1682271508\n|move|p2b: Brute Bonnet|Bullet Seed|p1a: Gothorita\n|-damage|p1a: Gothorita|36\/100\n|-damage|p1a: Gothorita|21\/100\n|-damage|p1a: Gothorita|6\/100\n|-damage|p1a: Gothorita|0 fnt\n|faint|p1a: Gothorita\n|-hitcount|p1: Gothorita|4\n|\n|win|Megamuflon\n|raw|ErPaoletto's rating: 1054 → 1035<\/strong> (-19 for losing)\n|raw|Megamuflon's rating: 1029 → 1067<\/strong> (+38 for winning)\n|c|\u2606Megamuflon|gg\n|c|\u2606ErPaoletto|gg\n","uploadtime":1682271526,"views":11,"p1id":"erpaoletto","p2id":"megamuflon","formatid":"gen9vgc2023regulationc","rating":1035,"private":0,"password":""}