{"id":"gen9vgc2023regulationc-1861951215","p1":"x3tokiex3","p2":"Elpan0","format":"[Gen 9] VGC 2023 Regulation C","log":"|j|\u2606x3tokiex3\n|j|\u2606Elpan0\n|t:|1683823519\n|gametype|doubles\n|player|p1|x3tokiex3|elesa|1336\n|player|p2|Elpan0|2|1237\n|teamsize|p1|6\n|teamsize|p2|6\n|gen|9\n|tier|[Gen 9] VGC 2023 Regulation C\n|rated|\n|rule|Species Clause: Limit one of each Pok\u00e9mon\n|rule|Item Clause: Limit one of each item\n|clearpoke\n|poke|p1|Iron Bundle, L50|\n|poke|p1|Ting-Lu, L50|\n|poke|p1|Iron Hands, L50|\n|poke|p1|Tatsugiri, L50, F|\n|poke|p1|Dondozo, L50, F|\n|poke|p1|Abomasnow, L50, F|\n|poke|p2|Volcarona, L50, M|\n|poke|p2|Amoonguss, L50, M|\n|poke|p2|Flutter Mane, L50|\n|poke|p2|Baxcalibur, L50, F|\n|poke|p2|Gyarados, L50, F|\n|poke|p2|Ting-Lu, L50|\n|teampreview|4\n|inactive|Battle timer is ON: inactive players will automatically lose when time's up. (requested by Elpan0)\n|\n|t:|1683823554\n|start\n|switch|p1a: Iron Bundle|Iron Bundle, L50|100\/100\n|switch|p1b: Abomasnow|Abomasnow, L50, F|100\/100\n|switch|p2a: Gyarados|Gyarados, L50, F|100\/100\n|switch|p2b: Ting-Lu|Ting-Lu, L50|100\/100\n|-ability|p2a: Gyarados|Intimidate|boost\n|-unboost|p1a: Iron Bundle|atk|1\n|-unboost|p1b: Abomasnow|atk|1\n|-weather|Snow|[from] ability: Snow Warning|[of] p1b: Abomasnow\n|-ability|p2b: Ting-Lu|Vessel of Ruin\n|-enditem|p1a: Iron Bundle|Booster Energy\n|-activate|p1a: Iron Bundle|ability: Quark Drive|[fromitem]\n|-start|p1a: Iron Bundle|quarkdrivespe\n|turn|1\n|\n|t:|1683823574\n|-terastallize|p2b: Ting-Lu|Water\n|move|p1a: Iron Bundle|Aurora Veil|p1a: Iron Bundle\n|-sidestart|p1: x3tokiex3|move: Aurora Veil\n|move|p2a: Gyarados|Taunt|p1b: Abomasnow\n|-start|p1b: Abomasnow|move: Taunt\n|move|p1b: Abomasnow|Blizzard|p2b: Ting-Lu|[spread] p2a,p2b\n|-resisted|p2b: Ting-Lu\n|-damage|p2a: Gyarados|84\/100\n|-damage|p2b: Ting-Lu|95\/100\n|move|p2b: Ting-Lu|Fissure|p1b: Abomasnow|[miss]\n|-miss|p2b: Ting-Lu|p1b: Abomasnow\n|\n|-weather|Snow|[upkeep]\n|upkeep\n|turn|2\n|inactive|Elpan0 has 30 seconds left.\n|\n|t:|1683823599\n|switch|p2a: Amoonguss|Amoonguss, L50, M|100\/100\n|move|p1a: Iron Bundle|Blizzard|p2a: Amoonguss|[spread] p2a,p2b\n|-supereffective|p2a: Amoonguss\n|-resisted|p2b: Ting-Lu\n|-damage|p2a: Amoonguss|51\/100\n|-damage|p2b: Ting-Lu|89\/100\n|-status|p2a: Amoonguss|frz\n|move|p1b: Abomasnow|Energy Ball|p2b: Ting-Lu\n|-supereffective|p2b: Ting-Lu\n|-damage|p2b: Ting-Lu|66\/100\n|move|p2b: Ting-Lu|Stomping Tantrum|p1a: Iron Bundle\n|-damage|p1a: Iron Bundle|71\/100\n|\n|-weather|Snow|[upkeep]\n|upkeep\n|turn|3\n|inactive|Elpan0 has 30 seconds left.\n|\n|t:|1683823626\n|-curestatus|p2a: Amoonguss|frz|[msg]\n|move|p2a: Amoonguss|Protect|p2a: Amoonguss\n|-singleturn|p2a: Amoonguss|Protect\n|move|p1a: Iron Bundle|Blizzard|p2b: Ting-Lu|[spread] p2b\n|-activate|p2a: Amoonguss|move: Protect\n|-resisted|p2b: Ting-Lu\n|-damage|p2b: Ting-Lu|59\/100\n|move|p1b: Abomasnow|Energy Ball|p2b: Ting-Lu\n|-supereffective|p2b: Ting-Lu\n|-damage|p2b: Ting-Lu|34\/100\n|move|p2b: Ting-Lu|Fissure|p1b: Abomasnow|[miss]\n|-miss|p2b: Ting-Lu|p1b: Abomasnow\n|\n|-weather|Snow|[upkeep]\n|-end|p1b: Abomasnow|move: Taunt\n|upkeep\n|turn|4\n|inactive|Elpan0 has 30 seconds left.\n|\n|t:|1683823660\n|switch|p2a: Gyarados|Gyarados, L50, F|84\/100\n|-ability|p2a: Gyarados|Intimidate|boost\n|-unboost|p1a: Iron Bundle|atk|1\n|-unboost|p1b: Abomasnow|atk|1\n|move|p1a: Iron Bundle|Blizzard|p2a: Gyarados|[spread] p2a,p2b\n|-resisted|p2b: Ting-Lu\n|-damage|p2a: Gyarados|63\/100\n|-damage|p2b: Ting-Lu|28\/100\n|move|p1b: Abomasnow|Energy Ball|p2b: Ting-Lu\n|-supereffective|p2b: Ting-Lu\n|-damage|p2b: Ting-Lu|1\/100\n|move|p2b: Ting-Lu|Fissure|p1b: Abomasnow|[miss]\n|-miss|p2b: Ting-Lu|p1b: Abomasnow\n|\n|-weather|Snow|[upkeep]\n|upkeep\n|turn|5\n|-message|Elpan0 forfeited.\n|\n|win|x3tokiex3\n|raw|x3tokiex3's rating: 1336 → 1350<\/strong> (+14 for winning)\n|raw|Elpan0's rating: 1237 → 1219<\/strong> (-18 for losing)\n|l|\u2606Elpan0\n","uploadtime":1683823679,"views":12,"p1id":"x3tokiex3","p2id":"elpan0","formatid":"gen9vgc2023regulationc","rating":1219,"private":0,"password":""}