{"id":"gen9vgc2023regulationc-1845270738","p1":"mjclay","p2":"UserOmega","format":"[Gen 9] VGC 2023 Regulation C","log":"|j|\u2606mjclay\n|j|\u2606UserOmega\n|t:|1681705265\n|gametype|doubles\n|player|p1|mjclay|169|1324\n|player|p2|UserOmega|youngcouple-gen4dp|1323\n|teamsize|p1|6\n|teamsize|p2|6\n|gen|9\n|tier|[Gen 9] VGC 2023 Regulation C\n|rated|\n|rule|Species Clause: Limit one of each Pok\u00e9mon\n|rule|Item Clause: Limit one of each item\n|clearpoke\n|poke|p1|Spidops, L50, F|\n|poke|p1|Chi-Yu, L50|\n|poke|p1|Gyarados, L50, M|\n|poke|p1|Flutter Mane, L50|\n|poke|p1|Sandy Shocks, L50|\n|poke|p1|Espathra, L50, F|\n|poke|p2|Glimmora, L50, F|\n|poke|p2|Wo-Chien, L50|\n|poke|p2|Iron Moth, L50|\n|poke|p2|Flutter Mane, L50|\n|poke|p2|Gallade, L50, M|\n|poke|p2|Iron Bundle, L50|\n|teampreview|4\n|inactive|Battle timer is ON: inactive players will automatically lose when time's up. (requested by mjclay)\n|inactive|mjclay has 60 seconds left.\n|inactive|UserOmega has 60 seconds left.\n|inactive|mjclay has 30 seconds left.\n|\n|t:|1681705327\n|start\n|switch|p1a: Spidops|Spidops, L50, F|100\/100\n|switch|p1b: Espathra|Espathra, L50, F|100\/100\n|switch|p2a: Flutter Mane|Flutter Mane, L50|100\/100\n|switch|p2b: Iron Moth|Iron Moth, L50|100\/100\n|-enditem|p2b: Iron Moth|Booster Energy\n|-activate|p2b: Iron Moth|ability: Quark Drive|[fromitem]\n|-start|p2b: Iron Moth|quarkdrivespe\n|turn|1\n|\n|t:|1681705344\n|move|p1b: Espathra|Protect|p1b: Espathra\n|-singleturn|p1b: Espathra|Protect\n|move|p2b: Iron Moth|Heat Wave|p1b: Espathra|[spread] p1a\n|-activate|p1b: Espathra|move: Protect\n|-supereffective|p1a: Spidops\n|-damage|p1a: Spidops|35\/100\n|move|p2a: Flutter Mane|Shadow Ball|p1b: Espathra\n|-activate|p1b: Espathra|move: Protect\n|move|p1a: Spidops|String Shot|p2a: Flutter Mane|[spread] p2a,p2b\n|-unboost|p2a: Flutter Mane|spe|2\n|-unboost|p2b: Iron Moth|spe|2\n|\n|-ability|p1b: Espathra|Speed Boost|boost\n|-boost|p1b: Espathra|spe|1\n|upkeep\n|turn|2\n|c|\u2606UserOmega|oh wow\n|c|\u2606UserOmega|wp\n|inactive|mjclay has 30 seconds left.\n|inactive|mjclay has 20 seconds left.\n|\n|t:|1681705380\n|move|p2b: Iron Moth|Protect|p2b: Iron Moth\n|-singleturn|p2b: Iron Moth|Protect\n|move|p1b: Espathra|Calm Mind|p1b: Espathra\n|-boost|p1b: Espathra|spa|1\n|-boost|p1b: Espathra|spd|1\n|move|p2a: Flutter Mane|Shadow Ball|p1b: Espathra\n|-supereffective|p1b: Espathra\n|-enditem|p1b: Espathra|Focus Sash\n|-damage|p1b: Espathra|1\/100\n|-damage|p2a: Flutter Mane|91\/100|[from] item: Life Orb\n|move|p1a: Spidops|Memento|p2a: Flutter Mane\n|-unboost|p2a: Flutter Mane|atk|2\n|-unboost|p2a: Flutter Mane|spa|2\n|faint|p1a: Spidops\n|\n|-ability|p1b: Espathra|Speed Boost|boost\n|-boost|p1b: Espathra|spe|1\n|upkeep\n|inactive|mjclay has 30 seconds left.\n|\n|t:|1681705405\n|switch|p1a: Chi-Yu|Chi-Yu, L50|100\/100\n|-ability|p1a: Chi-Yu|Beads of Ruin\n|turn|3\n|\n|t:|1681705418\n|-terastallize|p1a: Chi-Yu|Fire\n|move|p1b: Espathra|Lumina Crash|p2b: Iron Moth\n|-supereffective|p2b: Iron Moth\n|-damage|p2b: Iron Moth|0 fnt\n|faint|p2b: Iron Moth\n|-end|p2b: Iron Moth|Quark Drive|[silent]\n|move|p1a: Chi-Yu|Heat Wave|p2a: Flutter Mane\n|-damage|p2a: Flutter Mane|0 fnt\n|faint|p2a: Flutter Mane\n|-end|p2a: Flutter Mane|Protosynthesis|[silent]\n|\n|-ability|p1b: Espathra|Speed Boost|boost\n|-boost|p1b: Espathra|spe|1\n|upkeep\n|\n|t:|1681705427\n|switch|p2b: Iron Bundle|Iron Bundle, L50|100\/100\n|switch|p2a: Gallade|Gallade, L50, M|100\/100\n|turn|4\n|\n|t:|1681705444\n|-terastallize|p2a: Gallade|Fire\n|move|p2b: Iron Bundle|Protect|p2b: Iron Bundle\n|-singleturn|p2b: Iron Bundle|Protect\n|move|p1b: Espathra|Lumina Crash|p2b: Iron Bundle\n|-activate|p2b: Iron Bundle|move: Protect\n|move|p1a: Chi-Yu|Heat Wave|p2a: Gallade|[spread] p2a\n|-activate|p2b: Iron Bundle|move: Protect\n|-resisted|p2a: Gallade\n|-damage|p2a: Gallade|59\/100\n|move|p2a: Gallade|Sacred Sword|p1a: Chi-Yu\n|-damage|p1a: Chi-Yu|0 fnt\n|faint|p1a: Chi-Yu\n|\n|-ability|p1b: Espathra|Speed Boost|boost\n|-boost|p1b: Espathra|spe|1\n|upkeep\n|c|\u2606mjclay|good read\n|\n|t:|1681705460\n|switch|p1a: Sandy Shocks|Sandy Shocks, L50|100\/100\n|-enditem|p1a: Sandy Shocks|Booster Energy\n|-activate|p1a: Sandy Shocks|ability: Protosynthesis|[fromitem]\n|-start|p1a: Sandy Shocks|protosynthesisspe\n|turn|5\n|\n|t:|1681705477\n|move|p1b: Espathra|Lumina Crash|p2a: Gallade\n|-damage|p2a: Gallade|2\/100\n|move|p1a: Sandy Shocks|Thunderbolt|p2b: Iron Bundle\n|-supereffective|p2b: Iron Bundle\n|-enditem|p2b: Iron Bundle|Focus Sash\n|-damage|p2b: Iron Bundle|1\/100\n|move|p2b: Iron Bundle|Icy Wind|p1a: Sandy Shocks|[spread] p1a,p1b\n|-supereffective|p1a: Sandy Shocks\n|-damage|p1a: Sandy Shocks|56\/100\n|-damage|p1b: Espathra|0 fnt\n|-unboost|p1a: Sandy Shocks|spe|1\n|faint|p1b: Espathra\n|move|p2a: Gallade|Sacred Sword|p1a: Sandy Shocks\n|-damage|p1a: Sandy Shocks|0 fnt\n|faint|p1a: Sandy Shocks\n|-end|p1a: Sandy Shocks|Protosynthesis|[silent]\n|\n|win|UserOmega\n|raw|mjclay's rating: 1324 → 1304<\/strong> (-20 for losing)\n|raw|UserOmega's rating: 1323 → 1343<\/strong> (+20 for winning)\n|c|\u2606UserOmega|GG\n|l|\u2606mjclay\n","uploadtime":1681705517,"views":7,"p1id":"mjclay","p2id":"useromega","formatid":"gen9vgc2023regulationc","rating":1304,"private":0,"password":""}