{"id":"gen9vgc2023regulationc-1844819401","p1":"LiluziHit","p2":"jayballester","format":"[Gen 9] VGC 2023 Regulation C","log":"|j|\u2606LiluziHit\n|j|\u2606jayballester\n|t:|1681652398\n|gametype|doubles\n|player|p1|LiluziHit|blue|\n|player|p2|jayballester|riley|\n|teamsize|p1|6\n|teamsize|p2|6\n|gen|9\n|tier|[Gen 9] VGC 2023 Regulation C\n|rule|Species Clause: Limit one of each Pok\u00e9mon\n|rule|Item Clause: Limit one of each item\n|clearpoke\n|poke|p1|Chi-Yu, L50|\n|poke|p1|Iron Jugulis, L50|\n|poke|p1|Gholdengo, L50|\n|poke|p1|Farigiraf, L50, M|\n|poke|p1|Hariyama, L50, M|\n|poke|p1|Wigglytuff, L50, M|\n|poke|p2|Great Tusk, L50|\n|poke|p2|Murkrow, L50, F|\n|poke|p2|Magnezone, L50|\n|poke|p2|Oranguru, L50, M|\n|poke|p2|Sylveon, L50, M|\n|poke|p2|Salamence, L50, M|\n|teampreview|4\n|c|\u2606LiluziHit|gl\n|c|\u2606jayballester|glhf\n|\n|t:|1681652462\n|start\n|switch|p1a: Hydreigon LITE|Iron Jugulis, L50|100\/100\n|switch|p1b: Spicy Goldfish|Chi-Yu, L50|100\/100\n|switch|p2a: Salamence|Salamence, L50, M|100\/100\n|switch|p2b: Oranguru|Oranguru, L50, M|100\/100\n|-ability|p2a: Salamence|Intimidate|boost\n|-unboost|p1a: Hydreigon LITE|atk|1\n|-fail|p1b: Spicy Goldfish|unboost|[from] item: Clear Amulet|[of] p1b: Spicy Goldfish\n|-ability|p1b: Spicy Goldfish|Beads of Ruin\n|-enditem|p1a: Hydreigon LITE|Booster Energy\n|-activate|p1a: Hydreigon LITE|ability: Quark Drive|[fromitem]\n|-start|p1a: Hydreigon LITE|quarkdrivespe\n|turn|1\n|\n|t:|1681652493\n|move|p1b: Spicy Goldfish|Protect|p1b: Spicy Goldfish\n|-singleturn|p1b: Spicy Goldfish|Protect\n|move|p1a: Hydreigon LITE|Snarl|p2b: Oranguru|[spread] p2a,p2b\n|-supereffective|p2b: Oranguru\n|-damage|p2a: Salamence|72\/100\n|-damage|p2b: Oranguru|69\/100\n|-unboost|p2a: Salamence|spa|1\n|-unboost|p2b: Oranguru|spa|1\n|move|p2a: Salamence|Dragon Pulse|p1a: Hydreigon LITE\n|-damage|p1a: Hydreigon LITE|63\/100\n|move|p2b: Oranguru|Hyper Voice|p1a: Hydreigon LITE|[spread] p1a\n|-activate|p1b: Spicy Goldfish|move: Protect\n|-damage|p1a: Hydreigon LITE|44\/100\n|\n|upkeep\n|turn|2\n|\n|t:|1681652517\n|-terastallize|p2b: Oranguru|Water\n|move|p1a: Hydreigon LITE|Tailwind|p1a: Hydreigon LITE\n|-sidestart|p1: LiluziHit|move: Tailwind\n|move|p1b: Spicy Goldfish|Heat Wave|p2b: Oranguru|[spread] p2a,p2b\n|-resisted|p2a: Salamence\n|-resisted|p2b: Oranguru\n|-damage|p2a: Salamence|39\/100\n|-damage|p2b: Oranguru|53\/100\n|move|p2a: Salamence|Dragon Pulse|p1a: Hydreigon LITE\n|-damage|p1a: Hydreigon LITE|4\/100\n|move|p2b: Oranguru|Trick Room|p2b: Oranguru\n|-fieldstart|move: Trick Room|[of] p2b: Oranguru\n|\n|upkeep\n|turn|3\n|\n|t:|1681652545\n|move|p1b: Spicy Goldfish|Protect|p1b: Spicy Goldfish\n|-singleturn|p1b: Spicy Goldfish|Protect\n|move|p1a: Hydreigon LITE|Protect|p1a: Hydreigon LITE\n|-singleturn|p1a: Hydreigon LITE|Protect\n|move|p2b: Oranguru|Hyper Voice|p1a: Hydreigon LITE|[spread] \n|-activate|p1a: Hydreigon LITE|move: Protect\n|-activate|p1b: Spicy Goldfish|move: Protect\n|move|p2a: Salamence|Dragon Pulse|p1b: Spicy Goldfish\n|-activate|p1b: Spicy Goldfish|move: Protect\n|\n|upkeep\n|turn|4\n|\n|t:|1681652573\n|-terastallize|p1b: Spicy Goldfish|Grass\n|move|p2b: Oranguru|Hyper Voice|p1b: Spicy Goldfish|[spread] p1a,p1b\n|-damage|p1a: Hydreigon LITE|0 fnt\n|-damage|p1b: Spicy Goldfish|84\/100\n|faint|p1a: Hydreigon LITE\n|-end|p1a: Hydreigon LITE|Quark Drive|[silent]\n|move|p2a: Salamence|Dragon Pulse|p1b: Spicy Goldfish\n|-damage|p1b: Spicy Goldfish|54\/100\n|move|p1b: Spicy Goldfish|Tera Blast|p2b: Oranguru\n|-supereffective|p2b: Oranguru\n|-damage|p2b: Oranguru|0 fnt\n|faint|p2b: Oranguru\n|\n|upkeep\n|\n|t:|1681652587\n|switch|p2b: Sylveon|Sylveon, L50, M|100\/100\n|switch|p1a: Mr. SUMO|Hariyama, L50, M|100\/100\n|turn|5\n|\n|t:|1681652654\n|move|p1a: Mr. SUMO|Fake Out|p2b: Sylveon\n|-damage|p2b: Sylveon|82\/100\n|cant|p2b: Sylveon|flinch\n|move|p2a: Salamence|Dragon Pulse|p1a: Mr. SUMO\n|-damage|p1a: Mr. SUMO|57\/100\n|move|p1b: Spicy Goldfish|Heat Wave|p2b: Sylveon|[spread] p2a,p2b\n|-resisted|p2a: Salamence\n|-damage|p2a: Salamence|10\/100\n|-damage|p2b: Sylveon|49\/100\n|\n|-sideend|p1: LiluziHit|move: Tailwind\n|-status|p1a: Mr. SUMO|brn|[from] item: Flame Orb\n|upkeep\n|turn|6\n|\n|t:|1681652684\n|switch|p1b: Gholdilocks|Gholdengo, L50|100\/100\n|move|p1a: Mr. SUMO|Ice Punch|p2a: Salamence\n|-supereffective|p2a: Salamence\n|-damage|p2a: Salamence|0 fnt\n|faint|p2a: Salamence\n|move|p2b: Sylveon|Hyper Voice|p1b: Gholdilocks|[spread] p1a,p1b\n|-supereffective|p1a: Mr. SUMO\n|-resisted|p1b: Gholdilocks\n|-damage|p1a: Mr. SUMO|0 fnt\n|-damage|p1b: Gholdilocks|78\/100\n|faint|p1a: Mr. SUMO\n|-enditem|p2b: Sylveon|Throat Spray\n|-boost|p2b: Sylveon|spa|1|[from] item: Throat Spray\n|\n|-fieldend|move: Trick Room\n|upkeep\n|\n|t:|1681652689\n|switch|p2a: Great Tusk|Great Tusk, L50|100\/100\n|switch|p1a: Spicy Goldfish|Chi-Yu, L50, tera:Grass|54\/100\n|-ability|p1a: Spicy Goldfish|Beads of Ruin\n|turn|7\n|\n|t:|1681652715\n|move|p1a: Spicy Goldfish|Tera Blast|p2a: Great Tusk\n|-supereffective|p2a: Great Tusk\n|-damage|p2a: Great Tusk|0 fnt\n|faint|p2a: Great Tusk\n|-end|p2a: Great Tusk|Protosynthesis|[silent]\n|move|p1b: Gholdilocks|Make It Rain|p2b: Sylveon\n|-supereffective|p2b: Sylveon\n|-damage|p2b: Sylveon|0 fnt\n|-unboost|p1b: Gholdilocks|spa|1\n|faint|p2b: Sylveon\n|-damage|p1b: Gholdilocks|68\/100|[from] item: Life Orb\n|\n|win|LiluziHit\n|c|\u2606LiluziHit|gg\n|c|\u2606jayballester|DAMN EVEN AV\n|c|\u2606LiluziHit|lol\n|c|\u2606jayballester|thought I'd live it\n|c|\u2606LiluziHit|chi-yu just like that\n|c|\u2606jayballester|ggs\n|c|\u2606LiluziHit|ggs\n|c|\u2606LiluziHit|i gtg but that was fun\n|c|\u2606jayballester|Gn\n|c|\u2606LiluziHit|thx\n|l|\u2606jayballester\n","uploadtime":1681652760,"views":12,"p1id":"liluzihit","p2id":"jayballester","formatid":"gen9vgc2023regulationc","rating":0,"private":0,"password":""}