{"id":"gen9vgc2023regulationc-1861398421","p1":"jscoot12","p2":"NejiSensei","format":"[Gen 9] VGC 2023 Regulation C","log":"|j|\u2606jscoot12\n|j|\u2606NejiSensei\n|t:|1683753369\n|gametype|doubles\n|player|p1|jscoot12|101|1314\n|player|p2|NejiSensei|170|1373\n|teamsize|p1|6\n|teamsize|p2|6\n|gen|9\n|tier|[Gen 9] VGC 2023 Regulation C\n|rated|\n|rule|Species Clause: Limit one of each Pok\u00e9mon\n|rule|Item Clause: Limit one of each item\n|clearpoke\n|poke|p1|Orthworm, L50, M|\n|poke|p1|Gyarados, L50, M|\n|poke|p1|Dragonite, L50, M|\n|poke|p1|Flutter Mane, L50|\n|poke|p1|Ting-Lu, L50|\n|poke|p1|Ceruledge, L50, F|\n|poke|p2|Iron Hands, L50|\n|poke|p2|Palafin, L50, F|\n|poke|p2|Arcanine, L50, M|\n|poke|p2|Amoonguss, L50, M|\n|poke|p2|Flutter Mane, L50|\n|poke|p2|Great Tusk, L50|\n|teampreview|4\njscoot12 has agreed to open team sheets.\n|inactive|Battle timer is ON: inactive players will automatically lose when time's up. (requested by NejiSensei)\n|\n|t:|1683753413\n|start\n|switch|p1a: Ting-Lu|Ting-Lu, L50|100\/100\n|switch|p1b: Ceruledge|Ceruledge, L50, F|100\/100\n|switch|p2a: Great Tusk|Great Tusk, L50|100\/100\n|switch|p2b: Arcanine|Arcanine, L50, M|100\/100\n|-ability|p2b: Arcanine|Intimidate|boost\n|-unboost|p1a: Ting-Lu|atk|1\n|-unboost|p1b: Ceruledge|atk|1\n|-ability|p1a: Ting-Lu|Vessel of Ruin\n|turn|1\n|\n|t:|1683753436\n|-terastallize|p1a: Ting-Lu|Water\n|move|p1b: Ceruledge|Protect|p1b: Ceruledge\n|-singleturn|p1b: Ceruledge|Protect\n|move|p2a: Great Tusk|Ice Spinner|p1b: Ceruledge\n|-activate|p1b: Ceruledge|move: Protect\n|move|p2b: Arcanine|Will-O-Wisp|p1a: Ting-Lu\n|-status|p1a: Ting-Lu|brn\n|move|p1a: Ting-Lu|Tera Blast|p2b: Arcanine\n|-supereffective|p2b: Arcanine\n|-damage|p2b: Arcanine|76\/100\n|\n|-damage|p1a: Ting-Lu|94\/100 brn|[from] brn\n|upkeep\n|turn|2\n|inactive|jscoot12 has 30 seconds left.\n|inactive|jscoot12 has 20 seconds left.\n|inactive|jscoot12 has 15 seconds left.\n|\n|t:|1683753478\n|-end|p2a: Great Tusk|Protosynthesis|[silent]\n|switch|p2a: Iron Hands|Iron Hands, L50|100\/100\n|move|p1b: Ceruledge|Shadow Sneak|p2a: Iron Hands\n|-damage|p2a: Iron Hands|89\/100\n|move|p2b: Arcanine|Snarl|p1a: Ting-Lu|[spread] p1a\n|-miss|p2b: Arcanine|p1b: Ceruledge\n|-damage|p1a: Ting-Lu|91\/100 brn\n|-unboost|p1a: Ting-Lu|spa|1\n|move|p1a: Ting-Lu|Tera Blast|p2b: Arcanine\n|-supereffective|p2b: Arcanine\n|-damage|p2b: Arcanine|49\/100\n|\n|-damage|p1a: Ting-Lu|85\/100 brn|[from] brn\n|upkeep\n|turn|3\n|\n|t:|1683753497\n|switch|p2b: Great Tusk|Great Tusk, L50|100\/100\n|move|p1b: Ceruledge|Protect|p1b: Ceruledge\n|-singleturn|p1b: Ceruledge|Protect\n|move|p2a: Iron Hands|Swords Dance|p2a: Iron Hands\n|-boost|p2a: Iron Hands|atk|2\n|move|p1a: Ting-Lu|Earthquake|p2a: Iron Hands|[spread] p2a,p2b\n|-activate|p1b: Ceruledge|move: Protect\n|-supereffective|p2a: Iron Hands\n|-damage|p2a: Iron Hands|73\/100\n|-damage|p2b: Great Tusk|92\/100\n|\n|-damage|p1a: Ting-Lu|79\/100 brn|[from] brn\n|upkeep\n|turn|4\n|inactive|jscoot12 has 30 seconds left.\n|inactive|NejiSensei has 30 seconds left.\n|\n|t:|1683753531\n|move|p2b: Great Tusk|Headlong Rush|p1b: Ceruledge\n|-supereffective|p1b: Ceruledge\n|-enditem|p1b: Ceruledge|Focus Sash\n|-damage|p1b: Ceruledge|1\/100\n|-unboost|p2b: Great Tusk|def|1\n|-unboost|p2b: Great Tusk|spd|1\n|move|p1b: Ceruledge|Bitter Blade|p2a: Iron Hands\n|-damage|p2a: Iron Hands|51\/100\n|-heal|p1b: Ceruledge|19\/100|[from] drain|[of] p2a: Iron Hands\n|move|p2a: Iron Hands|Wild Charge|p1a: Ting-Lu\n|-supereffective|p1a: Ting-Lu\n|-damage|p1a: Ting-Lu|0 fnt\n|faint|p1a: Ting-Lu\n|-damage|p2a: Iron Hands|32\/100|[from] Recoil\n|\n|upkeep\n|\n|t:|1683753546\n|switch|p1a: Gyarados|Gyarados, L50, M|100\/100\n|-ability|p1a: Gyarados|Intimidate|boost\n|-unboost|p2a: Iron Hands|atk|1\n|-unboost|p2b: Great Tusk|atk|1\n|turn|5\n|\n|t:|1683753567\n|-end|p2b: Great Tusk|Protosynthesis|[silent]\n|switch|p2b: Arcanine|Arcanine, L50, M|49\/100\n|-ability|p2b: Arcanine|Intimidate|boost\n|-unboost|p1a: Gyarados|atk|1\n|-unboost|p1b: Ceruledge|atk|1\n|move|p1b: Ceruledge|Protect|p1b: Ceruledge\n|-singleturn|p1b: Ceruledge|Protect\n|move|p2a: Iron Hands|Protect|p2a: Iron Hands\n|-singleturn|p2a: Iron Hands|Protect\n|move|p1a: Gyarados|Waterfall|p2b: Arcanine\n|-supereffective|p2b: Arcanine\n|-damage|p2b: Arcanine|3\/100\n|-enditem|p2b: Arcanine|Figy Berry|[eat]\n|-heal|p2b: Arcanine|36\/100|[from] item: Figy Berry\n|\n|upkeep\n|turn|6\n|inactive|NejiSensei has 30 seconds left.\n|inactive|NejiSensei has 20 seconds left.\n|\n|t:|1683753606\n|-terastallize|p2b: Arcanine|Grass\n|move|p1b: Ceruledge|Shadow Sneak|p2a: Iron Hands\n|-damage|p2a: Iron Hands|25\/100\n|move|p2b: Arcanine|Will-O-Wisp|p1a: Gyarados\n|-status|p1a: Gyarados|brn\n|move|p1a: Gyarados|Waterfall|p2b: Arcanine\n|-resisted|p2b: Arcanine\n|-damage|p2b: Arcanine|31\/100\n|move|p2a: Iron Hands|Wild Charge|p1b: Ceruledge\n|-damage|p1b: Ceruledge|0 fnt\n|faint|p1b: Ceruledge\n|-damage|p2a: Iron Hands|22\/100|[from] Recoil\n|\n|-damage|p1a: Gyarados|94\/100 brn|[from] brn\n|upkeep\n|\n|t:|1683753623\n|switch|p1b: Orthworm|Orthworm, L50, M|100\/100\n|turn|7\n|\n|t:|1683753631\n|move|p2b: Arcanine|Will-O-Wisp|p1b: Orthworm|[miss]\n|-miss|p2b: Arcanine|p1b: Orthworm\n|move|p1a: Gyarados|Bulldoze|p2a: Iron Hands|[spread] p2a,p2b\n|-immune|p1b: Orthworm|[from] ability: Earth Eater\n|-supereffective|p2a: Iron Hands\n|-resisted|p2b: Arcanine\n|-damage|p2a: Iron Hands|16\/100\n|-damage|p2b: Arcanine|30\/100\n|-unboost|p2a: Iron Hands|spe|1\n|-unboost|p2b: Arcanine|spe|1\n|move|p1b: Orthworm|Iron Defense|p1b: Orthworm\n|-boost|p1b: Orthworm|def|2\n|move|p2a: Iron Hands|Drain Punch|p1b: Orthworm\n|-supereffective|p1b: Orthworm\n|-damage|p1b: Orthworm|54\/100\n|-heal|p2a: Iron Hands|33\/100|[from] drain|[of] p1b: Orthworm\n|\n|-damage|p1a: Gyarados|88\/100 brn|[from] brn\n|upkeep\n|turn|8\n|\n|t:|1683753653\n|move|p1a: Gyarados|Bulldoze|p2b: Arcanine|[spread] p2a,p2b\n|-heal|p1b: Orthworm|79\/100|[from] ability: Earth Eater|[of] p1a: Gyarados\n|-supereffective|p2a: Iron Hands\n|-resisted|p2b: Arcanine\n|-damage|p2a: Iron Hands|27\/100\n|-damage|p2b: Arcanine|28\/100\n|-unboost|p2a: Iron Hands|spe|1\n|-unboost|p2b: Arcanine|spe|1\n|move|p1b: Orthworm|Body Press|p2a: Iron Hands\n|-damage|p2a: Iron Hands|0 fnt\n|faint|p2a: Iron Hands\n|-end|p2a: Iron Hands|Quark Drive|[silent]\n|move|p2b: Arcanine|Will-O-Wisp|p1b: Orthworm|[miss]\n|-miss|p2b: Arcanine|p1b: Orthworm\n|\n|-damage|p1a: Gyarados|82\/100 brn|[from] brn\n|upkeep\n|\n|t:|1683753669\n|switch|p2a: Great Tusk|Great Tusk, L50|92\/100\n|turn|9\n|\n|t:|1683753691\n|switch|p2b: Flutter Mane|Flutter Mane, L50, shiny|100\/100\n|move|p2a: Great Tusk|Ice Spinner|p1a: Gyarados\n|-damage|p1a: Gyarados|51\/100 brn\n|move|p1a: Gyarados|Bulldoze|p2b: Flutter Mane|[spread] p2a,p2b\n|-heal|p1b: Orthworm|100\/100|[from] ability: Earth Eater|[of] p1a: Gyarados\n|-damage|p2a: Great Tusk|89\/100\n|-damage|p2b: Flutter Mane|93\/100\n|-unboost|p2a: Great Tusk|spe|1\n|-unboost|p2b: Flutter Mane|spe|1\n|move|p1b: Orthworm|Body Press|p2b: Flutter Mane\n|-immune|p2b: Flutter Mane\n|\n|-damage|p1a: Gyarados|45\/100 brn|[from] brn\n|upkeep\n|turn|10\n|\n|t:|1683753716\n|move|p1a: Gyarados|Protect|p1a: Gyarados\n|-singleturn|p1a: Gyarados|Protect\n|move|p2a: Great Tusk|Ice Spinner|p1a: Gyarados\n|-activate|p1a: Gyarados|move: Protect\n|move|p2b: Flutter Mane|Moonblast|p1a: Gyarados\n|-activate|p1a: Gyarados|move: Protect\n|move|p1b: Orthworm|Heavy Slam|p2b: Flutter Mane\n|-supereffective|p2b: Flutter Mane\n|-damage|p2b: Flutter Mane|0 fnt\n|faint|p2b: Flutter Mane\n|-end|p2b: Flutter Mane|Protosynthesis|[silent]\n|\n|-damage|p1a: Gyarados|39\/100 brn|[from] brn\n|upkeep\n|\n|t:|1683753731\n|switch|p2b: Arcanine|Arcanine, L50, M, tera:Grass|28\/100\n|-ability|p2b: Arcanine|Intimidate|boost\n|-unboost|p1a: Gyarados|atk|1\n|-unboost|p1b: Orthworm|atk|1\n|turn|11\n|\n|t:|1683753739\n|move|p2b: Arcanine|Will-O-Wisp|p1b: Orthworm\n|-status|p1b: Orthworm|brn\n|move|p2a: Great Tusk|Ice Spinner|p1a: Gyarados\n|-damage|p1a: Gyarados|10\/100 brn\n|move|p1a: Gyarados|Bulldoze|p2a: Great Tusk|[spread] p2a,p2b\n|-immune|p1b: Orthworm|[from] ability: Earth Eater\n|-resisted|p2b: Arcanine\n|-damage|p2a: Great Tusk|87\/100\n|-damage|p2b: Arcanine|26\/100\n|-unboost|p2a: Great Tusk|spe|1\n|-unboost|p2b: Arcanine|spe|1\n|move|p1b: Orthworm|Iron Defense|p1b: Orthworm\n|-boost|p1b: Orthworm|def|2\n|\n|-damage|p1a: Gyarados|4\/100 brn|[from] brn\n|-damage|p1b: Orthworm|95\/100 brn|[from] brn\n|upkeep\n|turn|12\n|inactive|jscoot12 has 30 seconds left.\n|\n|t:|1683753768\n|move|p2b: Arcanine|Protect|p2b: Arcanine\n|-singleturn|p2b: Arcanine|Protect\n|move|p1a: Gyarados|Waterfall|p2a: Great Tusk\n|-supereffective|p2a: Great Tusk\n|-damage|p2a: Great Tusk|72\/100\n|move|p2a: Great Tusk|Ice Spinner|p1b: Orthworm\n|-resisted|p1b: Orthworm\n|-damage|p1b: Orthworm|91\/100 brn\n|move|p1b: Orthworm|Body Press|p2b: Arcanine\n|-activate|p2b: Arcanine|move: Protect\n|\n|-damage|p1a: Gyarados|0 fnt|[from] brn\n|faint|p1a: Gyarados\n|-damage|p1b: Orthworm|85\/100 brn|[from] brn\n|upkeep\n|turn|13\n|\n|t:|1683753788\n|move|p2b: Arcanine|Flare Blitz|p1b: Orthworm\n|-supereffective|p1b: Orthworm\n|-crit|p1b: Orthworm\n|-damage|p1b: Orthworm|0 fnt\n|faint|p1b: Orthworm\n|-damage|p2b: Arcanine|0 fnt|[from] Recoil\n|faint|p2b: Arcanine\n|\n|win|NejiSensei\n|raw|jscoot12's rating: 1314 → 1297<\/strong> (-17 for losing)\n|raw|NejiSensei's rating: 1373 → 1390<\/strong> (+17 for winning)\n|l|\u2606NejiSensei\n","uploadtime":1683753801,"views":8,"p1id":"jscoot12","p2id":"nejisensei","formatid":"gen9vgc2023regulationc","rating":1297,"private":0,"password":""}