{"id":"gen9vgc2023regulationc-1857910817","p1":"shuijunjun","p2":"EFRAINZUNIGA","format":"[Gen 9] VGC 2023 Regulation C","log":"|j|\u2606shuijunjun\n|j|\u2606EFRAINZUNIGA\n|t:|1683246250\n|gametype|doubles\n|player|p1|shuijunjun|iono|1303\n|player|p2|EFRAINZUNIGA|psychic|1252\n|teamsize|p1|6\n|teamsize|p2|6\n|gen|9\n|tier|[Gen 9] VGC 2023 Regulation C\n|rated|\n|rule|Species Clause: Limit one of each Pok\u00e9mon\n|rule|Item Clause: Limit one of each item\n|clearpoke\n|poke|p1|Armarouge, L50, F|\n|poke|p1|Maushold-Four, L50|\n|poke|p1|Flutter Mane, L50|\n|poke|p1|Iron Bundle, L50|\n|poke|p1|Chien-Pao, L50|\n|poke|p1|Dragonite, L50, F|\n|poke|p2|Pelipper, L50, F|\n|poke|p2|Amoonguss, L50, M|\n|poke|p2|Azumarill, L50, F|\n|poke|p2|Kingambit, L50, F|\n|poke|p2|Farigiraf, L50, M|\n|poke|p2|Iron Hands, L50|\n|teampreview|4\nshuijunjun rejected open team sheets.\n|\n|t:|1683246380\n|start\n|switch|p1a: Maushold|Maushold-Four, L50|100\/100\n|switch|p1b: Armarouge|Armarouge, L50, F|100\/100\n|switch|p2a: Kingambit|Kingambit, L50, F|100\/100\n|switch|p2b: Farigiraf|Farigiraf, L50, M|100\/100\n|turn|1\n|\n|t:|1683246429\n|-terastallize|p2a: Kingambit|Flying\n|move|p2b: Farigiraf|Protect|p2b: Farigiraf\n|-singleturn|p2b: Farigiraf|Protect\n|move|p1a: Maushold|Population Bomb|p2b: Farigiraf\n|-activate|p2b: Farigiraf|move: Protect\n|move|p1b: Armarouge|Aura Sphere|p2a: Kingambit\n|-resisted|p2a: Kingambit\n|-damage|p2a: Kingambit|85\/100\n|move|p2a: Kingambit|Kowtow Cleave|p1b: Armarouge\n|-supereffective|p1b: Armarouge\n|-damage|p1b: Armarouge|12\/100\n|-ability|p1b: Armarouge|Weak Armor|boost\n|-unboost|p1b: Armarouge|def|1\n|-boost|p1b: Armarouge|spe|2\n|-enditem|p1b: Armarouge|Weakness Policy\n|-boost|p1b: Armarouge|atk|2|[from] item: Weakness Policy\n|-boost|p1b: Armarouge|spa|2|[from] item: Weakness Policy\n|\n|upkeep\n|turn|2\n|\n|t:|1683246453\n|switch|p2b: Iron Hands|Iron Hands, L50|100\/100\n|move|p1a: Maushold|Follow Me|p1a: Maushold\n|-singleturn|p1a: Maushold|move: Follow Me\n|move|p2a: Kingambit|Sucker Punch||[still]\n|-fail|p2a: Kingambit\n|move|p1b: Armarouge|Stored Power|p2a: Kingambit\n|-damage|p2a: Kingambit|0 fnt\n|faint|p2a: Kingambit\n|\n|upkeep\n|\n|t:|1683246475\n|switch|p2a: Farigiraf|Farigiraf, L50, M|100\/100\n|turn|3\n|\n|t:|1683246487\n|move|p2b: Iron Hands|Fake Out|p1a: Maushold\n|-damage|p1a: Maushold|77\/100\n|cant|p1a: Maushold|flinch\n|move|p1b: Armarouge|Dark Pulse|p2a: Farigiraf\n|-supereffective|p2a: Farigiraf\n|-damage|p2a: Farigiraf|0 fnt\n|faint|p2a: Farigiraf\n|\n|upkeep\n|\n|t:|1683246495\n|switch|p2a: Azumarill|Azumarill, L50, F|100\/100\n|turn|4\n|\n|t:|1683246518\n|move|p2a: Azumarill|Protect|p2a: Azumarill\n|-singleturn|p2a: Azumarill|Protect\n|move|p1a: Maushold|Encore|p2b: Iron Hands\n|-start|p2b: Iron Hands|Encore\n|move|p1b: Armarouge|Stored Power|p2a: Azumarill\n|-activate|p2a: Azumarill|move: Protect\n|move|p2b: Iron Hands|Fake Out||[still]\n|-hint|Fake Out only works on your first turn out.\n|-fail|p2b: Iron Hands\n|\n|upkeep\n|turn|5\n|\n|t:|1683246534\n|move|p2b: Iron Hands|Fake Out||[still]\n|-hint|Fake Out only works on your first turn out.\n|-fail|p2b: Iron Hands\n|move|p1a: Maushold|Follow Me|p1a: Maushold\n|-singleturn|p1a: Maushold|move: Follow Me\n|move|p2a: Azumarill|Aqua Jet|p1a: Maushold\n|-damage|p1a: Maushold|29\/100\n|-damage|p2a: Azumarill|90\/100|[from] item: Life Orb\n|move|p1b: Armarouge|Stored Power|p2a: Azumarill\n|-damage|p2a: Azumarill|0 fnt\n|faint|p2a: Azumarill\n|\n|upkeep\n|turn|6\n|\n|t:|1683246546\n|move|p2b: Iron Hands|Fake Out||[still]\n|-hint|Fake Out only works on your first turn out.\n|-fail|p2b: Iron Hands\n|move|p1a: Maushold|Population Bomb|p2b: Iron Hands\n|-damage|p2b: Iron Hands|97\/100\n|-damage|p2b: Iron Hands|93\/100\n|-hitcount|p2b: Iron Hands|2\n|move|p1b: Armarouge|Stored Power|p2b: Iron Hands\n|-supereffective|p2b: Iron Hands\n|-damage|p2b: Iron Hands|0 fnt\n|faint|p2b: Iron Hands\n|-end|p2b: Iron Hands|Quark Drive|[silent]\n|\n|win|shuijunjun\n|raw|shuijunjun's rating: 1303 → 1320<\/strong> (+17 for winning)\n|raw|EFRAINZUNIGA's rating: 1252 → 1231<\/strong> (-21 for losing)\n","uploadtime":1683246558,"views":12,"p1id":"shuijunjun","p2id":"efrainzuniga","formatid":"gen9vgc2023regulationc","rating":1231,"private":0,"password":""}