{"id":"gen9vgc2023regulationc-1863963712","p1":"LazieSquid","p2":"ckierico","format":"[Gen 9] VGC 2023 Regulation C","log":"|j|\u2606LazieSquid\n|j|\u2606ckierico\n|t:|1684098668\n|gametype|doubles\n|player|p1|LazieSquid|fisherman-gen4|1358\n|player|p2|ckierico|ninjaboy|1259\n|teamsize|p1|6\n|teamsize|p2|6\n|gen|9\n|tier|[Gen 9] VGC 2023 Regulation C\n|rated|\n|rule|Species Clause: Limit one of each Pok\u00e9mon\n|rule|Item Clause: Limit one of each item\n|clearpoke\n|poke|p1|Gothitelle, L50, F|\n|poke|p1|Iron Hands, L50|\n|poke|p1|Flutter Mane, L50|\n|poke|p1|Chien-Pao, L50|\n|poke|p1|Palafin, L50, M|\n|poke|p1|Amoonguss, L50, F|\n|poke|p2|Lycanroc-Dusk, L50, M|\n|poke|p2|Chien-Pao, L50|\n|poke|p2|Palafin, L50, F|\n|poke|p2|Kingambit, L50, F|\n|poke|p2|Amoonguss, L50, M|\n|poke|p2|Flutter Mane, L50|\n|teampreview|4\n|inactive|Battle timer is ON: inactive players will automatically lose when time's up. (requested by ckierico)\n|inactive|LazieSquid also wants the timer to be on.\nckierico has agreed to open team sheets.\nLazieSquid has agreed to open team sheets.\n|c|\u2606ckierico|just watched a yt vid about this team lol\n|inactive|LazieSquid has 60 seconds left.\n|inactive|ckierico has 60 seconds left.\n|inactive|ckierico has 30 seconds left.\n|inactive|ckierico has 20 seconds left.\n|c|\u2606LazieSquid|haha we might have watched the same video\n|inactive|ckierico has 15 seconds left.\n|inactive|ckierico has 10 seconds left.\n|c|\u2606ckierico|neilvgc\n|c|\u2606LazieSquid|yeahh\n|inactive|ckierico has 5 seconds left.\n|\n|t:|1684098755\n|start\n|switch|p1a: Iron Hands|Iron Hands, L50|100\/100\n|switch|p1b: Gothitelle|Gothitelle, L50, F|100\/100\n|switch|p2a: Flutter Mane|Flutter Mane, L50|100\/100\n|switch|p2b: Palafin|Palafin, L50, F|100\/100\n|turn|1\n|\n|t:|1684098774\n|move|p2b: Palafin|Protect|p2b: Palafin\n|-singleturn|p2b: Palafin|Protect\n|move|p1a: Iron Hands|Protect|p1a: Iron Hands\n|-singleturn|p1a: Iron Hands|Protect\n|move|p2a: Flutter Mane|Shadow Ball|p1b: Gothitelle\n|-supereffective|p1b: Gothitelle\n|-damage|p1b: Gothitelle|0 fnt\n|faint|p1b: Gothitelle\n|\n|upkeep\n|\n|t:|1684098784\n|switch|p1b: Chien-Pao|Chien-Pao, L50|100\/100\n|-ability|p1b: Chien-Pao|Sword of Ruin\n|turn|2\n|inactive|LazieSquid has 30 seconds left.\n|inactive|ckierico has 30 seconds left.\n|inactive|LazieSquid has 20 seconds left.\n|\n|t:|1684098819\n|-end|p2a: Flutter Mane|Protosynthesis|[silent]\n|switch|p2a: Kingambit|Kingambit, L50, F|100\/100\n|detailschange|p2b: Palafin|Palafin-Hero, L50, F\n|switch|p2b: Amoonguss|Amoonguss, L50, M|100\/100\n|-terastallize|p1a: Iron Hands|Fire\n|move|p1b: Chien-Pao|Throat Chop|p2a: Kingambit\n|-resisted|p2a: Kingambit\n|-damage|p2a: Kingambit|80\/100\n|-start|p2a: Kingambit|Throat Chop|[silent]\n|move|p1a: Iron Hands|Swords Dance|p1a: Iron Hands\n|-boost|p1a: Iron Hands|atk|2\n|\n|upkeep\n|turn|3\n|inactive|LazieSquid has 30 seconds left.\n|inactive|ckierico has 30 seconds left.\n|\n|t:|1684098852\n|switch|p2b: Palafin|Palafin-Hero, L50, F|100\/100\n|-activate|p2b: Palafin|ability: Zero to Hero\n|-terastallize|p2a: Kingambit|Fire\n|move|p1b: Chien-Pao|Ice Spinner|p2b: Palafin\n|-resisted|p2b: Palafin\n|-damage|p2b: Palafin|79\/100\n|move|p1a: Iron Hands|Wild Charge|p2a: Kingambit\n|-damage|p2a: Kingambit|0 fnt\n|faint|p2a: Kingambit\n|-damage|p1a: Iron Hands|86\/100|[from] Recoil\n|\n|upkeep\n|\n|t:|1684098864\n|switch|p2a: Amoonguss|Amoonguss, L50, M|100\/100\n|turn|4\n|\n|t:|1684098876\n|move|p1a: Iron Hands|Protect|p1a: Iron Hands\n|-singleturn|p1a: Iron Hands|Protect\n|move|p1b: Chien-Pao|Ice Spinner|p2a: Amoonguss\n|-supereffective|p2a: Amoonguss\n|-damage|p2a: Amoonguss|5\/100\n|-enditem|p2a: Amoonguss|Sitrus Berry|[eat]\n|-heal|p2a: Amoonguss|30\/100|[from] item: Sitrus Berry\n|move|p2b: Palafin|Haze|p2b: Palafin\n|-clearallboost\n|move|p2a: Amoonguss|Pollen Puff|p2b: Palafin\n|-heal|p2b: Palafin|100\/100\n|\n|upkeep\n|turn|5\n|\n|t:|1684098891\n|move|p2a: Amoonguss|Protect|p2a: Amoonguss\n|-singleturn|p2a: Amoonguss|Protect\n|move|p1b: Chien-Pao|Ice Spinner|p2a: Amoonguss\n|-activate|p2a: Amoonguss|move: Protect\n|move|p2b: Palafin|Wave Crash|p1a: Iron Hands\n|-supereffective|p1a: Iron Hands\n|-damage|p1a: Iron Hands|0 fnt\n|faint|p1a: Iron Hands\n|-end|p1a: Iron Hands|Quark Drive|[silent]\n|-damage|p2b: Palafin|66\/100|[from] Recoil\n|\n|upkeep\n|\n|t:|1684098900\n|switch|p1a: Flutter Mane|Flutter Mane, L50|100\/100\n|turn|6\n|\n|t:|1684098913\n|move|p1a: Flutter Mane|Protect|p1a: Flutter Mane\n|-singleturn|p1a: Flutter Mane|Protect\n|move|p2a: Amoonguss|Rage Powder|p2a: Amoonguss\n|-singleturn|p2a: Amoonguss|move: Rage Powder\n|move|p1b: Chien-Pao|Throat Chop|p2a: Amoonguss\n|-damage|p2a: Amoonguss|0 fnt\n|faint|p2a: Amoonguss\n|move|p2b: Palafin|Wave Crash|p1a: Flutter Mane\n|-activate|p1a: Flutter Mane|move: Protect\n|\n|upkeep\n|\n|t:|1684098917\n|switch|p2a: Flutter Mane|Flutter Mane, L50|100\/100\n|turn|7\n|\n|t:|1684098941\n|move|p2b: Palafin|Jet Punch|p1a: Flutter Mane\n|-damage|p1a: Flutter Mane|0 fnt\n|faint|p1a: Flutter Mane\n|-end|p1a: Flutter Mane|Protosynthesis|[silent]\n|move|p1b: Chien-Pao|Throat Chop|p2a: Flutter Mane\n|-damage|p2a: Flutter Mane|10\/100\n|-start|p2a: Flutter Mane|Throat Chop|[silent]\n|move|p2a: Flutter Mane|Dazzling Gleam|p1b: Chien-Pao\n|-supereffective|p1b: Chien-Pao\n|-enditem|p1b: Chien-Pao|Focus Sash\n|-damage|p1b: Chien-Pao|1\/100\n|\n|upkeep\n|turn|8\n|c|\u2606LazieSquid|gg\n|c|\u2606ckierico|gg!\n|-message|LazieSquid forfeited.\n|\n|win|ckierico\n|raw|LazieSquid's rating: 1358 → 1332<\/strong> (-26 for losing)\n|raw|ckierico's rating: 1259 → 1291<\/strong> (+32 for winning)\n|l|\u2606LazieSquid\n","uploadtime":1684098958,"views":4,"p1id":"laziesquid","p2id":"ckierico","formatid":"gen9vgc2023regulationc","rating":1291,"private":0,"password":""}