{"id":"gen9vgc2023regulationc-1846846073","p1":"brocksoup","p2":"JohanDK","format":"[Gen 9] VGC 2023 Regulation C","log":"|j|\u2606brocksoup\n|j|\u2606JohanDK\n|t:|1681889569\n|gametype|doubles\n|player|p1|brocksoup|101|1217\n|player|p2|JohanDK|2|1295\n|teamsize|p1|6\n|teamsize|p2|6\n|gen|9\n|tier|[Gen 9] VGC 2023 Regulation C\n|rated|\n|rule|Species Clause: Limit one of each Pok\u00e9mon\n|rule|Item Clause: Limit one of each item\n|clearpoke\n|poke|p1|Ting-Lu, L50|\n|poke|p1|Iron Bundle, L50|\n|poke|p1|Arcanine, L50, M|\n|poke|p1|Amoonguss, L50, M|\n|poke|p1|Florges, L50, F|\n|poke|p1|Scizor, L50, M|\n|poke|p2|Gyarados, L50, F|\n|poke|p2|Flutter Mane, L50|\n|poke|p2|Amoonguss, L50, F|\n|poke|p2|Roaring Moon, L50|\n|poke|p2|Chien-Pao, L50|\n|poke|p2|Palafin, L50, F|\n|teampreview|4\n|inactive|Battle timer is ON: inactive players will automatically lose when time's up. (requested by brocksoup)\nbrocksoup rejected open team sheets.\n|\n|t:|1681889613\n|start\n|switch|p1a: Iron Bundle|Iron Bundle, L50|100\/100\n|switch|p1b: Florges|Florges, L50, F|100\/100\n|switch|p2a: Roaring Moon|Roaring Moon, L50, shiny|100\/100\n|switch|p2b: Cordyceps|Amoonguss, L50, F, shiny|100\/100\n|-enditem|p1a: Iron Bundle|Booster Energy\n|-activate|p1b: Florges|ability: Symbiosis|Life Orb|[of] p1a: Iron Bundle\n|-activate|p1a: Iron Bundle|ability: Quark Drive|[fromitem]\n|-start|p1a: Iron Bundle|quarkdrivespe\n|turn|1\n|inactive|brocksoup has 30 seconds left.\n|inactive|JohanDK has 30 seconds left.\n|inactive|JohanDK has 20 seconds left.\n|inactive|JohanDK has 15 seconds left.\n|\n|t:|1681889657\n|-terastallize|p2a: Roaring Moon|Steel\n|move|p1a: Iron Bundle|Protect|p1a: Iron Bundle\n|-singleturn|p1a: Iron Bundle|Protect\n|move|p2a: Roaring Moon|Dragon Dance|p2a: Roaring Moon\n|-boost|p2a: Roaring Moon|atk|1\n|-boost|p2a: Roaring Moon|spe|1\n|move|p1b: Florges|Moonblast|p2a: Roaring Moon\n|-resisted|p2a: Roaring Moon\n|-damage|p2a: Roaring Moon|80\/100\n|move|p2b: Cordyceps|Spore|p1b: Florges\n|-status|p1b: Florges|slp|[from] move: Spore\n|\n|upkeep\n|turn|2\n|\n|t:|1681889681\n|switch|p1b: Arcanine|Arcanine, L50, M|100\/100\n|-ability|p1b: Arcanine|Intimidate|boost\n|-fail|p2a: Roaring Moon|unboost|[from] item: Clear Amulet|[of] p2a: Roaring Moon\n|-unboost|p2b: Cordyceps|atk|1\n|-terastallize|p1a: Iron Bundle|Ground\n|move|p1a: Iron Bundle|Tera Blast|p2a: Roaring Moon\n|-supereffective|p2a: Roaring Moon\n|-damage|p2a: Roaring Moon|0 fnt\n|faint|p2a: Roaring Moon\n|-end|p2a: Roaring Moon|Protosynthesis|[silent]\n|-damage|p1a: Iron Bundle|91\/100|[from] item: Life Orb\n|move|p2b: Cordyceps|Spore|p1a: Iron Bundle\n|-status|p1a: Iron Bundle|slp|[from] move: Spore\n|\n|upkeep\n|\n|t:|1681889697\n|switch|p2a: Gyarados|Gyarados, L50, F, shiny|100\/100\n|-ability|p2a: Gyarados|Intimidate|boost\n|-unboost|p1a: Iron Bundle|atk|1\n|-unboost|p1b: Arcanine|atk|1\n|turn|3\n|\n|t:|1681889709\n|-end|p1a: Iron Bundle|Quark Drive|[silent]\n|switch|p1a: Ting-Lu|Ting-Lu, L50|100\/100\n|-ability|p1a: Ting-Lu|Vessel of Ruin\n|move|p2b: Cordyceps|Rage Powder|p2b: Cordyceps\n|-singleturn|p2b: Cordyceps|move: Rage Powder\n|move|p1b: Arcanine|Flare Blitz|p2b: Cordyceps\n|-supereffective|p2b: Cordyceps\n|-damage|p2b: Cordyceps|43\/100\n|-damage|p1b: Arcanine|79\/100|[from] Recoil\n|move|p2a: Gyarados|Waterfall|p1a: Ting-Lu\n|-supereffective|p1a: Ting-Lu\n|-damage|p1a: Ting-Lu|58\/100\n|-enditem|p1a: Ting-Lu|Weakness Policy\n|-boost|p1a: Ting-Lu|atk|2|[from] item: Weakness Policy\n|-boost|p1a: Ting-Lu|spa|2|[from] item: Weakness Policy\n|\n|upkeep\n|turn|4\n|inactive|JohanDK has 30 seconds left.\n|inactive|brocksoup has 30 seconds left.\n|\n|t:|1681889742\n|move|p1b: Arcanine|Will-O-Wisp|p2a: Gyarados\n|-status|p2a: Gyarados|brn\n|move|p2a: Gyarados|Waterfall|p1b: Arcanine\n|-supereffective|p1b: Arcanine\n|-damage|p1b: Arcanine|50\/100\n|-damage|p2a: Gyarados|84\/100 brn|[from] item: Rocky Helmet|[of] p1b: Arcanine\n|move|p1a: Ting-Lu|Throat Chop|p2a: Gyarados\n|-damage|p2a: Gyarados|15\/100 brn\n|-start|p2a: Gyarados|Throat Chop|[silent]\n|move|p2b: Cordyceps|Spore|p1a: Ting-Lu\n|-status|p1a: Ting-Lu|slp|[from] move: Spore\n|\n|-damage|p2a: Gyarados|9\/100 brn|[from] brn\n|upkeep\n|turn|5\n|\n|t:|1681889762\n|switch|p2b: Flutter Mane|Flutter Mane, L50, shiny|100\/100\n|cant|p1a: Ting-Lu|slp\n|move|p1b: Arcanine|Flare Blitz|p2b: Flutter Mane\n|-damage|p2b: Flutter Mane|48\/100\n|-damage|p1b: Arcanine|37\/100|[from] Recoil\n|move|p2a: Gyarados|Waterfall|p1b: Arcanine\n|-supereffective|p1b: Arcanine\n|-damage|p1b: Arcanine|4\/100\n|-damage|p2a: Gyarados|0 fnt|[from] item: Rocky Helmet|[of] p1b: Arcanine\n|faint|p2a: Gyarados\n|\n|upkeep\n|\n|t:|1681889777\n|switch|p2a: Cordyceps|Amoonguss, L50, F, shiny|76\/100\n|turn|6\n|\n|t:|1681889802\n|switch|p1b: Florges|Florges, L50, F|100\/100 slp\n|move|p2b: Flutter Mane|Dazzling Gleam|p1a: Ting-Lu|[spread] p1a,p1b\n|-supereffective|p1a: Ting-Lu\n|-damage|p1a: Ting-Lu|10\/100 slp\n|-damage|p1b: Florges|77\/100 slp\n|cant|p1a: Ting-Lu|slp\n|move|p2a: Cordyceps|Pollen Puff|p2b: Flutter Mane\n|-heal|p2b: Flutter Mane|98\/100\n|\n|upkeep\n|turn|7\n|c|\u2606JohanDK|Primer tera ground que veo en el ping\u00fcino\n|inactive|brocksoup has 30 seconds left.\n|inactive|JohanDK has 30 seconds left.\n|\n|t:|1681889832\n|-curestatus|p1a: Ting-Lu|slp|[msg]\n|move|p1a: Ting-Lu|Protect|p1a: Ting-Lu\n|-singleturn|p1a: Ting-Lu|Protect\n|move|p2b: Flutter Mane|Dazzling Gleam|p1a: Ting-Lu|[spread] p1b\n|-activate|p1a: Ting-Lu|move: Protect\n|-damage|p1b: Florges|52\/100 slp\n|cant|p1b: Florges|slp\n|move|p2a: Cordyceps|Pollen Puff|p1b: Florges\n|-resisted|p1b: Florges\n|-crit|p1b: Florges\n|-damage|p1b: Florges|44\/100 slp\n|\n|upkeep\n|turn|8\n|c|\u2606brocksoup|English\n|inactive|brocksoup has 30 seconds left.\n|\n|t:|1681889858\n|move|p2b: Flutter Mane|Dazzling Gleam|p1b: Florges|[spread] p1a,p1b\n|-supereffective|p1a: Ting-Lu\n|-damage|p1a: Ting-Lu|0 fnt\n|-damage|p1b: Florges|17\/100 slp\n|faint|p1a: Ting-Lu\n|-curestatus|p1b: Florges|slp|[msg]\n|move|p1b: Florges|Moonblast|p2b: Flutter Mane\n|-damage|p2b: Flutter Mane|54\/100\n|move|p2a: Cordyceps|Clear Smog|p1b: Florges\n|-supereffective|p1b: Florges\n|-damage|p1b: Florges|0 fnt\n|-clearboost|p1b: Florges\n|faint|p1b: Florges\n|\n|upkeep\n|c|\u2606JohanDK|Hay traductores\n|\n|t:|1681889873\n|switch|p1b: Iron Bundle|Iron Bundle, L50, tera:Ground|91\/100 slp\n|switch|p1a: Arcanine|Arcanine, L50, M|4\/100\n|-ability|p1a: Arcanine|Intimidate|boost\n|-unboost|p2a: Cordyceps|atk|1\n|-unboost|p2b: Flutter Mane|atk|1\n|turn|9\n|-message|brocksoup forfeited.\n|\n|win|JohanDK\n|raw|brocksoup's rating: 1217 → 1198<\/strong> (-19 for losing)\n|raw|JohanDK's rating: 1295 → 1314<\/strong> (+19 for winning)\n|l|\u2606brocksoup\n","uploadtime":1681889903,"views":8,"p1id":"brocksoup","p2id":"johandk","formatid":"gen9vgc2023regulationc","rating":1198,"private":0,"password":""}