{"id":"gen9vgc2023regulationc-1860037974","p1":"LobsterLiveGaming","p2":"charizardstu","format":"[Gen 9] VGC 2023 Regulation C","log":"|j|\u2606LobsterLiveGaming\n|j|\u203dcharizardstu\n|t:|1683587950\n|gametype|doubles\n|player|p1|LobsterLiveGaming|darach-caitlin|1149\n|player|p2|charizardstu|medium|1050\n|teamsize|p1|6\n|teamsize|p2|6\n|gen|9\n|tier|[Gen 9] VGC 2023 Regulation C\n|rated|\n|rule|Species Clause: Limit one of each Pok\u00e9mon\n|rule|Item Clause: Limit one of each item\n|clearpoke\n|poke|p1|Chi-Yu, L50|\n|poke|p1|Gastrodon-East, L50, F|\n|poke|p1|Pelipper, L50, F|\n|poke|p1|Drednaw, L50, M|\n|poke|p1|Flutter Mane, L50|\n|poke|p1|Amoonguss, L50, F|\n|poke|p2|Espathra, L50, F|\n|poke|p2|Flutter Mane, L50|\n|poke|p2|Ceruledge, L50, F|\n|poke|p2|Breloom, L50, M|\n|poke|p2|Gyarados, L50, M|\n|poke|p2|Clodsire, L50, F|\n|teampreview|4\n|inactive|Battle timer is ON: inactive players will automatically lose when time's up. (requested by LobsterLiveGaming)\ncharizardstu rejected open team sheets.\n|inactive|LobsterLiveGaming has 60 seconds left.\n|inactive|charizardstu has 60 seconds left.\n|\n|t:|1683587984\n|start\n|switch|p1a: Chi-Yu|Chi-Yu, L50|100\/100\n|switch|p1b: Pelipper|Pelipper, L50, F|100\/100\n|switch|p2a: Espathra|Espathra, L50, F|100\/100\n|switch|p2b: Flutter Mane|Flutter Mane, L50|100\/100\n|-ability|p1a: Chi-Yu|Beads of Ruin\n|-weather|RainDance|[from] ability: Drizzle|[of] p1b: Pelipper\n|turn|1\n|\n|t:|1683587997\n|move|p1b: Pelipper|Helping Hand|p1a: Chi-Yu\n|-singleturn|p1a: Chi-Yu|Helping Hand|[of] p1b: Pelipper\n|move|p2a: Espathra|Lumina Crash|p1b: Pelipper\n|-crit|p1b: Pelipper\n|-damage|p1b: Pelipper|0 fnt\n|faint|p1b: Pelipper\n|move|p2b: Flutter Mane|Substitute|p2b: Flutter Mane\n|-start|p2b: Flutter Mane|Substitute\n|-damage|p2b: Flutter Mane|76\/100\n|move|p1a: Chi-Yu|Heat Wave|p2b: Flutter Mane|[spread] p2a,p2b\n|-end|p2b: Flutter Mane|Substitute\n|-damage|p2a: Espathra|19\/100\n|-damage|p1a: Chi-Yu|90\/100|[from] item: Life Orb\n|\n|-weather|RainDance|[upkeep]\n|-heal|p2b: Flutter Mane|82\/100|[from] item: Leftovers\n|-ability|p2a: Espathra|Speed Boost|boost\n|-boost|p2a: Espathra|spe|1\n|upkeep\n|\n|t:|1683588006\n|switch|p1b: Amoonguss|Amoonguss, L50, F|100\/100\n|turn|2\n|\n|t:|1683588026\n|move|p1b: Amoonguss|Protect|p1b: Amoonguss\n|-singleturn|p1b: Amoonguss|Protect\n|move|p2a: Espathra|Lumina Crash|p1b: Amoonguss\n|-activate|p1b: Amoonguss|move: Protect\n|move|p2b: Flutter Mane|Moonblast|p1b: Amoonguss\n|-activate|p1b: Amoonguss|move: Protect\n|move|p1a: Chi-Yu|Heat Wave|p2b: Flutter Mane|[spread] p2a,p2b\n|-damage|p2a: Espathra|0 fnt\n|-damage|p2b: Flutter Mane|55\/100\n|faint|p2a: Espathra\n|-damage|p1a: Chi-Yu|80\/100|[from] item: Life Orb\n|\n|-weather|RainDance|[upkeep]\n|-heal|p2b: Flutter Mane|62\/100|[from] item: Leftovers\n|upkeep\n|\n|t:|1683588044\n|switch|p2a: Breloom|Breloom, L50, M|100\/100\n|turn|3\n|\n|t:|1683588057\n|move|p1b: Amoonguss|Rage Powder|p1b: Amoonguss\n|-singleturn|p1b: Amoonguss|move: Rage Powder\n|move|p2a: Breloom|Mach Punch|p1a: Chi-Yu\n|-supereffective|p1a: Chi-Yu\n|-damage|p1a: Chi-Yu|0 fnt\n|faint|p1a: Chi-Yu\n|-damage|p2a: Breloom|91\/100|[from] item: Life Orb\n|move|p2b: Flutter Mane|Moonblast|p1b: Amoonguss\n|-resisted|p1b: Amoonguss\n|-damage|p1b: Amoonguss|83\/100\n|\n|-weather|RainDance|[upkeep]\n|-heal|p2b: Flutter Mane|68\/100|[from] item: Leftovers\n|upkeep\n|\n|t:|1683588061\n|switch|p1a: Drednaw|Drednaw, L50, M, shiny|100\/100\n|turn|4\n|\n|t:|1683588072\n|-terastallize|p1a: Drednaw|Grass\n|move|p1b: Amoonguss|Rage Powder|p1b: Amoonguss\n|-singleturn|p1b: Amoonguss|move: Rage Powder\n|move|p2a: Breloom|Mach Punch|p1a: Drednaw\n|-damage|p1a: Drednaw|48\/100\n|-damage|p2a: Breloom|81\/100|[from] item: Life Orb\n|move|p1a: Drednaw|Rock Slide|p2b: Flutter Mane|[spread] p2a,p2b\n|-resisted|p2a: Breloom\n|-damage|p2a: Breloom|58\/100\n|-damage|p2b: Flutter Mane|25\/100\n|cant|p2b: Flutter Mane|flinch\n|\n|-weather|RainDance|[upkeep]\n|-heal|p2b: Flutter Mane|31\/100|[from] item: Leftovers\n|upkeep\n|turn|5\n|\n|t:|1683588087\n|move|p1a: Drednaw|Protect|p1a: Drednaw\n|-singleturn|p1a: Drednaw|Protect\n|move|p2a: Breloom|Mach Punch|p1a: Drednaw\n|-activate|p1a: Drednaw|move: Protect\n|move|p2b: Flutter Mane|Shadow Ball|p1b: Amoonguss\n|-damage|p1b: Amoonguss|53\/100\n|move|p1b: Amoonguss|Pollen Puff|p2a: Breloom\n|-damage|p2a: Breloom|25\/100\n|\n|-weather|RainDance|[upkeep]\n|-heal|p2b: Flutter Mane|38\/100|[from] item: Leftovers\n|upkeep\n|turn|6\n|inactive|charizardstu has 30 seconds left.\n|inactive|charizardstu has 20 seconds left.\n|\n|t:|1683588126\n|move|p1a: Drednaw|Protect||[still]\n|-fail|p1a: Drednaw\n|move|p2a: Breloom|Mach Punch|p1a: Drednaw\n|-damage|p1a: Drednaw|1\/100\n|-damage|p2a: Breloom|15\/100|[from] item: Life Orb\n|move|p2b: Flutter Mane|Shadow Ball|p1b: Amoonguss\n|-damage|p1b: Amoonguss|19\/100\n|move|p1b: Amoonguss|Pollen Puff|p2a: Breloom\n|-damage|p2a: Breloom|0 fnt\n|faint|p2a: Breloom\n|\n|-weather|RainDance|[upkeep]\n|-heal|p2b: Flutter Mane|44\/100|[from] item: Leftovers\n|upkeep\n|\n|t:|1683588133\n|switch|p2a: Ceruledge|Ceruledge, L50, F|100\/100\n|turn|7\n|\n|t:|1683588144\n|move|p1b: Amoonguss|Rage Powder|p1b: Amoonguss\n|-singleturn|p1b: Amoonguss|move: Rage Powder\n|move|p2a: Ceruledge|Shadow Sneak|p1b: Amoonguss\n|-damage|p1b: Amoonguss|0 fnt\n|-damage|p2a: Ceruledge|84\/100|[from] item: Rocky Helmet|[of] p1b: Amoonguss\n|faint|p1b: Amoonguss\n|move|p1a: Drednaw|Rock Slide|p2a: Ceruledge|[spread] p2a,p2b\n|-supereffective|p2a: Ceruledge\n|-damage|p2a: Ceruledge|18\/100\n|-damage|p2b: Flutter Mane|0 fnt\n|faint|p2b: Flutter Mane\n|-end|p2b: Flutter Mane|Protosynthesis|[silent]\n|\n|-weather|RainDance|[upkeep]\n|upkeep\n|turn|8\n|\n|t:|1683588153\n|move|p1a: Drednaw|Protect|p1a: Drednaw\n|-singleturn|p1a: Drednaw|Protect\n|move|p2a: Ceruledge|Shadow Sneak|p1a: Drednaw\n|-activate|p1a: Drednaw|move: Protect\n|\n|-weather|none\n|upkeep\n|turn|9\n|\n|t:|1683588159\n|move|p2a: Ceruledge|Shadow Sneak|p1a: Drednaw\n|-damage|p1a: Drednaw|0 fnt\n|faint|p1a: Drednaw\n|\n|win|charizardstu\n|raw|LobsterLiveGaming's rating: 1149 → 1117<\/strong> (-32 for losing)\n|raw|charizardstu's rating: 1050 → 1092<\/strong> (+42 for winning)\n|c|\u2606LobsterLiveGaming|gg\n|l|\u203dcharizardstu\n","uploadtime":1683588165,"views":12,"p1id":"lobsterlivegaming","p2id":"charizardstu","formatid":"gen9vgc2023regulationc","rating":1092,"private":0,"password":""}