{"id":"gen9vgc2023regulationc-1857142349","p1":"NicoHaxVGC","p2":"esoteric5","format":"[Gen 9] VGC 2023 Regulation C","log":"|j|\u2606NicoHaxVGC\n|j|\u2606esoteric5\n|t:|1683150219\n|gametype|doubles\n|player|p1|NicoHaxVGC|red|1344\n|player|p2|esoteric5|riley|1427\n|teamsize|p1|6\n|teamsize|p2|6\n|gen|9\n|tier|[Gen 9] VGC 2023 Regulation C\n|rated|\n|rule|Species Clause: Limit one of each Pok\u00e9mon\n|rule|Item Clause: Limit one of each item\n|clearpoke\n|poke|p1|Corviknight, L50, F|\n|poke|p1|Ting-Lu, L50|\n|poke|p1|Annihilape, L50, M|\n|poke|p1|Maushold, L50|\n|poke|p1|Iron Bundle, L50|\n|poke|p1|Flutter Mane, L50|\n|poke|p2|Glimmora, L50, F|\n|poke|p2|Garganacl, L50, F|\n|poke|p2|Dondozo, L50, F|\n|poke|p2|Tatsugiri, L50, M|\n|poke|p2|Gholdengo, L50|\n|poke|p2|Tyranitar, L50, M|\n|teampreview|4\n|inactive|Battle timer is ON: inactive players will automatically lose when time's up. (requested by NicoHaxVGC)\n|\n|t:|1683150240\n|start\n|switch|p1a: Robin|Annihilape, L50, M|100\/100\n|switch|p1b: Maushold|Maushold, L50|100\/100\n|switch|p2a: Glimmora|Glimmora, L50, F|100\/100\n|switch|p2b: Gholdengo|Gholdengo, L50|100\/100\n|turn|1\n|inactive|NicoHaxVGC has 30 seconds left.\n|inactive|NicoHaxVGC has 20 seconds left.\n|inactive|NicoHaxVGC has 15 seconds left.\n|inactive|NicoHaxVGC has 10 seconds left.\n|inactive|NicoHaxVGC has 5 seconds left.\n|\n|t:|1683150293\n|-terastallize|p1a: Robin|Water\n|move|p2b: Gholdengo|Trick|p1a: Robin\n|-activate|p2b: Gholdengo|move: Trick|[of] p1a: Robin\n|-item|p1a: Robin|Choice Scarf|[from] move: Trick\n|-item|p2b: Gholdengo|Leftovers|[from] move: Trick\n|move|p1a: Robin|Rage Fist|p2a: Glimmora\n|-damage|p2a: Glimmora|72\/100\n|-activate|p2a: Glimmora|ability: Toxic Debris\n|-sidestart|p1: NicoHaxVGC|move: Toxic Spikes\n|move|p1b: Maushold|Beat Up|p1a: Robin\n|-damage|p1a: Robin|99\/100\n|-damage|p1a: Robin|97\/100\n|-crit|p1a: Robin\n|-damage|p1a: Robin|93\/100\n|-damage|p1a: Robin|92\/100\n|-hitcount|p1a: Robin|4\n|move|p2a: Glimmora|Earth Power|p1a: Robin\n|-damage|p1a: Robin|70\/100\n|\n|upkeep\n|turn|2\n|inactive|NicoHaxVGC has 30 seconds left.\n|inactive|esoteric5 has 30 seconds left.\n|inactive|esoteric5 has 20 seconds left.\n|inactive|esoteric5 has 15 seconds left.\n|inactive|esoteric5 has 10 seconds left.\n|\n|t:|1683150339\n|switch|p1b: Beast boy|Ting-Lu, L50|100\/100\n|-status|p1b: Beast boy|psn\n|-ability|p1b: Beast boy|Vessel of Ruin\n|move|p1a: Robin|Rage Fist|p2a: Glimmora\n|-damage|p2a: Glimmora|0 fnt\n|-activate|p2a: Glimmora|ability: Toxic Debris\n|-sidestart|p1: NicoHaxVGC|move: Toxic Spikes\n|faint|p2a: Glimmora\n|move|p2b: Gholdengo|Thunderbolt|p1a: Robin\n|-supereffective|p1a: Robin\n|-damage|p1a: Robin|30\/100\n|\n|-damage|p1b: Beast boy|88\/100 psn|[from] psn\n|upkeep\n|\n|t:|1683150355\n|switch|p2a: Dondozo|Dondozo, L50, F|100\/100\n|turn|3\n|\n|t:|1683150363\n|move|p2a: Dondozo|Protect|p2a: Dondozo\n|-singleturn|p2a: Dondozo|Protect\n|move|p1a: Robin|Rage Fist|p2a: Dondozo\n|-activate|p2a: Dondozo|move: Protect\n|move|p2b: Gholdengo|Thunderbolt|p1a: Robin\n|-supereffective|p1a: Robin\n|-damage|p1a: Robin|0 fnt\n|faint|p1a: Robin\n|move|p1b: Beast boy|Stomping Tantrum|p2b: Gholdengo\n|-supereffective|p2b: Gholdengo\n|-damage|p2b: Gholdengo|31\/100\n|\n|-heal|p2b: Gholdengo|37\/100|[from] item: Leftovers\n|-damage|p1b: Beast boy|76\/100 psn|[from] psn\n|upkeep\n|\n|t:|1683150382\n|switch|p1a: Maushold|Maushold, L50|100\/100\n|-status|p1a: Maushold|tox\n|turn|4\n|inactive|esoteric5 has 30 seconds left.\n|inactive|esoteric5 has 20 seconds left.\n|inactive|esoteric5 has 15 seconds left.\n|\n|t:|1683150425\n|switch|p2b: Tatsugiri|Tatsugiri, L50, M|100\/100\n|-activate|p2b: Tatsugiri|ability: Commander|[of] p2a: Dondozo\n|-boost|p2a: Dondozo|atk|2\n|-boost|p2a: Dondozo|spa|2\n|-boost|p2a: Dondozo|spe|2\n|-boost|p2a: Dondozo|def|2\n|-boost|p2a: Dondozo|spd|2\n|-terastallize|p2a: Dondozo|Flying\n|move|p1a: Maushold|Follow Me|p1a: Maushold\n|-singleturn|p1a: Maushold|move: Follow Me\n|move|p2a: Dondozo|Tera Blast|p1a: Maushold\n|-damage|p1a: Maushold|24\/100 tox\n|move|p1b: Beast boy|Ruination|p2a: Dondozo\n|-damage|p2a: Dondozo|51\/100\n|\n|-damage|p1a: Maushold|18\/100 tox|[from] psn\n|-damage|p1b: Beast boy|64\/100 psn|[from] psn\n|upkeep\n|turn|5\n|\n|t:|1683150449\n|move|p2a: Dondozo|Protect|p2a: Dondozo\n|-singleturn|p2a: Dondozo|Protect\n|move|p1a: Maushold|Super Fang|p2a: Dondozo\n|-activate|p2a: Dondozo|move: Protect\n|move|p1b: Beast boy|Ruination|p2a: Dondozo\n|-activate|p2a: Dondozo|move: Protect\n|\n|-damage|p1a: Maushold|5\/100 tox|[from] psn\n|-damage|p1b: Beast boy|52\/100 psn|[from] psn\n|upkeep\n|turn|6\n|inactive|esoteric5 has 30 seconds left.\n|\n|t:|1683150475\n|switch|p1b: Star fire|Flutter Mane, L50|100\/100\n|-status|p1b: Star fire|tox\n|move|p1a: Maushold|Super Fang|p2a: Dondozo\n|-damage|p2a: Dondozo|26\/100\n|move|p2a: Dondozo|Rest|p2a: Dondozo\n|-status|p2a: Dondozo|slp|[from] move: Rest\n|-heal|p2a: Dondozo|100\/100 slp|[silent]\n|-enditem|p2a: Dondozo|Chesto Berry|[eat]\n|-curestatus|p2a: Dondozo|slp|[msg]\n|\n|-damage|p1b: Star fire|95\/100 tox|[from] psn\n|-damage|p1a: Maushold|0 fnt|[from] psn\n|faint|p1a: Maushold\n|upkeep\n|\n|t:|1683150485\n|switch|p1a: Beast boy|Ting-Lu, L50|52\/100 psn\n|-ability|p1a: Beast boy|Vessel of Ruin\n|turn|7\n|\n|t:|1683150498\n|move|p2a: Dondozo|Protect|p2a: Dondozo\n|-singleturn|p2a: Dondozo|Protect\n|move|p1b: Star fire|Thunderbolt|p2a: Dondozo\n|-activate|p2a: Dondozo|move: Protect\n|move|p1a: Beast boy|Rock Slide|p2b: Tatsugiri|[spread] \n|-miss|p1a: Beast boy|p2b: Tatsugiri\n|-activate|p2a: Dondozo|move: Protect\n|\n|-damage|p1b: Star fire|84\/100 tox|[from] psn\n|-damage|p1a: Beast boy|40\/100 psn|[from] psn\n|upkeep\n|turn|8\n|\n|t:|1683150515\n|move|p1b: Star fire|Thunderbolt|p2a: Dondozo\n|-supereffective|p2a: Dondozo\n|-damage|p2a: Dondozo|71\/100\n|-status|p2a: Dondozo|par\n|move|p1a: Beast boy|Rock Slide|p2a: Dondozo|[spread] p2a\n|-miss|p1a: Beast boy|p2b: Tatsugiri\n|-supereffective|p2a: Dondozo\n|-damage|p2a: Dondozo|61\/100 par\n|move|p2a: Dondozo|Wave Crash|p1a: Beast boy\n|-supereffective|p1a: Beast boy\n|-damage|p1a: Beast boy|0 fnt\n|faint|p1a: Beast boy\n|-damage|p2a: Dondozo|49\/100 par|[from] Recoil\n|\n|-damage|p1b: Star fire|67\/100 tox|[from] psn\n|upkeep\n|turn|9\n|\n|t:|1683150527\n|move|p1b: Star fire|Thunderbolt|p2a: Dondozo\n|-supereffective|p2a: Dondozo\n|-damage|p2a: Dondozo|10\/100 par\n|move|p2a: Dondozo|Tera Blast|p1b: Star fire\n|-damage|p1b: Star fire|0 fnt\n|faint|p1b: Star fire\n|-end|p1b: Star fire|Protosynthesis|[silent]\n|\n|win|esoteric5\n|raw|NicoHaxVGC's rating: 1344 → 1329<\/strong> (-15 for losing)\n|raw|esoteric5's rating: 1427 → 1442<\/strong> (+15 for winning)\n","uploadtime":1683150530,"views":11,"p1id":"nicohaxvgc","p2id":"esoteric5","formatid":"gen9vgc2023regulationc","rating":1329,"private":0,"password":""}