{"id":"gen9vgc2023regulationc-1853261116","p1":"snoozevgc","p2":"mee to peach","format":"[Gen 9] VGC 2023 Regulation C","log":"|j|\u2606snoozevgc\n|j|\u2606mee to peach\n|t:|1682656667\n|gametype|doubles\n|player|p1|snoozevgc|2|1505\n|player|p2|mee to peach|170|1440\n|teamsize|p1|6\n|teamsize|p2|6\n|gen|9\n|tier|[Gen 9] VGC 2023 Regulation C\n|rated|\n|rule|Species Clause: Limit one of each Pok\u00e9mon\n|rule|Item Clause: Limit one of each item\n|clearpoke\n|poke|p1|Lilligant, L50, F|\n|poke|p1|Torkoal, L50, F|\n|poke|p1|Flutter Mane, L50|\n|poke|p1|Kingambit, L50, F|\n|poke|p1|Dragonite, L50, F|\n|poke|p1|Great Tusk, L50|\n|poke|p2|Glimmora, L50, F|\n|poke|p2|Dondozo, L50, F|\n|poke|p2|Flutter Mane, L50|\n|poke|p2|Ting-Lu, L50|\n|poke|p2|Garganacl, L50, M|\n|poke|p2|Arcanine, L50, F|\n|teampreview|4\n|inactive|Battle timer is ON: inactive players will automatically lose when time's up. (requested by snoozevgc)\n|inactive|snoozevgc has 60 seconds left.\n|inactive|mee to peach has 60 seconds left.\n|\n|t:|1682656722\n|start\n|switch|p1a: Flutter Mane|Flutter Mane, L50, shiny|100\/100\n|switch|p1b: Torkoal|Torkoal, L50, F, shiny|100\/100\n|switch|p2a: Glimmora|Glimmora, L50, F|100\/100\n|switch|p2b: Ting-Lu|Ting-Lu, L50|100\/100\n|-ability|p2b: Ting-Lu|Vessel of Ruin\n|-weather|SunnyDay|[from] ability: Drought|[of] p1b: Torkoal\n|-activate|p1a: Flutter Mane|ability: Protosynthesis\n|-start|p1a: Flutter Mane|protosynthesisspa\n|turn|1\n|inactive|snoozevgc has 30 seconds left.\n|inactive|mee to peach has 30 seconds left.\n|inactive|mee to peach has 20 seconds left.\n|\n|t:|1682656760\n|-terastallize|p1a: Flutter Mane|Fairy\n|move|p1a: Flutter Mane|Moonblast|p2b: Ting-Lu\n|-supereffective|p2b: Ting-Lu\n|-damage|p2b: Ting-Lu|0 fnt\n|faint|p2b: Ting-Lu\n|move|p2a: Glimmora|Mortal Spin|p1a: Flutter Mane|[spread] p1a,p1b\n|-supereffective|p1a: Flutter Mane\n|-damage|p1a: Flutter Mane|82\/100\n|-damage|p1b: Torkoal|97\/100\n|-status|p1a: Flutter Mane|psn\n|-status|p1b: Torkoal|psn\n|move|p1b: Torkoal|Earth Power|p2a: Glimmora\n|-supereffective|p2a: Glimmora\n|-crit|p2a: Glimmora\n|-enditem|p2a: Glimmora|Focus Sash\n|-damage|p2a: Glimmora|1\/100\n|\n|-weather|SunnyDay|[upkeep]\n|-damage|p1a: Flutter Mane|70\/100 psn|[from] psn\n|-damage|p1b: Torkoal|85\/100 psn|[from] psn\n|upkeep\n|j| polatia\n|\n|t:|1682656779\n|switch|p2b: Arcanine|Arcanine, L50, F|100\/100\n|-ability|p2b: Arcanine|Intimidate|boost\n|-unboost|p1a: Flutter Mane|atk|1\n|-unboost|p1b: Torkoal|atk|1\n|turn|2\n|\n|t:|1682656792\n|move|p2a: Glimmora|Spiky Shield|p2a: Glimmora\n|-singleturn|p2a: Glimmora|move: Protect\n|move|p1b: Torkoal|Protect|p1b: Torkoal\n|-singleturn|p1b: Torkoal|Protect\n|move|p1a: Flutter Mane|Moonblast|p2b: Arcanine\n|-resisted|p2b: Arcanine\n|-damage|p2b: Arcanine|20\/100\n|move|p2b: Arcanine|Flare Blitz|p1a: Flutter Mane\n|-damage|p1a: Flutter Mane|0 fnt\n|faint|p1a: Flutter Mane\n|-end|p1a: Flutter Mane|Protosynthesis|[silent]\n|-damage|p2b: Arcanine|4\/100|[from] Recoil\n|\n|-weather|SunnyDay|[upkeep]\n|-damage|p1b: Torkoal|72\/100 psn|[from] psn\n|upkeep\n|\n|t:|1682656804\n|switch|p1a: Great Tusk|Great Tusk, L50|100\/100\n|-activate|p1a: Great Tusk|ability: Protosynthesis\n|-start|p1a: Great Tusk|protosynthesisatk\n|turn|3\n|inactive|mee to peach has 30 seconds left.\n|inactive|mee to peach has 20 seconds left.\n|inactive|mee to peach has 15 seconds left.\n|inactive|mee to peach has 10 seconds left.\n|inactive|mee to peach has 5 seconds left.\n|\n|t:|1682656859\n|switch|p1b: Dragonite|Dragonite, L50, F|100\/100\n|move|p1a: Great Tusk|Earthquake|p2b: Arcanine|[spread] p2a,p2b\n|-immune|p1b: Dragonite\n|-supereffective|p2a: Glimmora\n|-supereffective|p2b: Arcanine\n|-damage|p2a: Glimmora|0 fnt\n|-damage|p2b: Arcanine|0 fnt\n|-activate|p2a: Glimmora|ability: Toxic Debris\n|-sidestart|p1: snoozevgc|move: Toxic Spikes\n|faint|p2a: Glimmora\n|faint|p2b: Arcanine\n|\n|-weather|SunnyDay|[upkeep]\n|upkeep\n|inactive|mee to peach has 30 seconds left.\n|inactive|mee to peach has 20 seconds left.\n|inactive|mee to peach has 15 seconds left.\n|inactive|mee to peach has 10 seconds left.\n|inactive|mee to peach has 5 seconds left.\n|\n|t:|1682656914\n|switch|p2a: Garganacl|Garganacl, L50, M|100\/100\n|turn|4\n|inactive|mee to peach has 30 seconds left.\n|inactive|mee to peach has 20 seconds left.\n|inactive|mee to peach has 15 seconds left.\n|inactive|mee to peach has 10 seconds left.\n|inactive|mee to peach has 5 seconds left.\n|\n|t:|1682656969\n|move|p1a: Great Tusk|Earthquake|p2a: Garganacl|[spread] p2a\n|-immune|p1b: Dragonite\n|-supereffective|p2a: Garganacl\n|-damage|p2a: Garganacl|27\/100\n|move|p1b: Dragonite|Ice Spinner|p2a: Garganacl\n|-damage|p2a: Garganacl|6\/100\n|move|p2a: Garganacl|Salt Cure|p1b: Dragonite\n|-supereffective|p1b: Dragonite\n|-damage|p1b: Dragonite|85\/100\n|-start|p1b: Dragonite|Salt Cure\n|\n|-weather|SunnyDay|[upkeep]\n|-heal|p2a: Garganacl|12\/100|[from] item: Leftovers\n|-damage|p1b: Dragonite|73\/100|[from] Salt Cure\n|upkeep\n|turn|5\n|-message|mee to peach forfeited.\n|\n|win|snoozevgc\n|raw|snoozevgc's rating: 1505 → 1521<\/strong> (+16 for winning)\n|raw|mee to peach's rating: 1440 → 1424<\/strong> (-16 for losing)\n|l|\u2606mee to peach\n","uploadtime":1682656994,"views":7,"p1id":"snoozevgc","p2id":"meetopeach","formatid":"gen9vgc2023regulationc","rating":1424,"private":0,"password":""}