{"id":"gen9vgc2023regulationc-1845011593","p1":"Eichigo19","p2":"fizzywizzyglizzy","format":"[Gen 9] VGC 2023 Regulation C","log":"|j|\u2606Eichigo19\n|j|\u2606fizzywizzyglizzy\n|t:|1681673849\n|gametype|doubles\n|player|p1|Eichigo19|cynthia-gen7|1018\n|player|p2|fizzywizzyglizzy|169|1080\n|teamsize|p1|6\n|teamsize|p2|6\n|gen|9\n|tier|[Gen 9] VGC 2023 Regulation C\n|rated|\n|rule|Species Clause: Limit one of each Pok\u00e9mon\n|rule|Item Clause: Limit one of each item\n|clearpoke\n|poke|p1|Chien-Pao, L50|\n|poke|p1|Azumarill, L50, F|\n|poke|p1|Amoonguss, L50, M|\n|poke|p1|Flutter Mane, L50|\n|poke|p1|Arcanine, L50, M|\n|poke|p1|Dragonite, L50, F|\n|poke|p2|Arcanine, L50, M|\n|poke|p2|Palafin, L50, F|\n|poke|p2|Kingambit, L50, M|\n|poke|p2|Garganacl, L50, F|\n|poke|p2|Flutter Mane, L50|\n|poke|p2|Amoonguss, L50, M|\n|teampreview|4\nfizzywizzyglizzy has agreed to open team sheets.\n|\n|t:|1681673886\n|start\n|switch|p1a: Dragonite|Dragonite, L50, F|100\/100\n|switch|p1b: Arcanine|Arcanine, L50, M|100\/100\n|switch|p2a: Palafin|Palafin, L50, F|100\/100\n|switch|p2b: Garganacl|Garganacl, L50, F, shiny|100\/100\n|-ability|p1b: Arcanine|Intimidate|boost\n|-unboost|p2a: Palafin|atk|1\n|-unboost|p2b: Garganacl|atk|1\n|turn|1\n|\n|t:|1681673926\n|-terastallize|p1b: Arcanine|Grass\n|move|p2a: Palafin|Protect|p2a: Palafin\n|-singleturn|p2a: Palafin|Protect\n|move|p1a: Dragonite|Extreme Speed|p2b: Garganacl\n|-resisted|p2b: Garganacl\n|-damage|p2b: Garganacl|86\/100\n|move|p1b: Arcanine|Will-O-Wisp|p2a: Palafin\n|-activate|p2a: Palafin|move: Protect\n|move|p2b: Garganacl|Salt Cure|p1a: Dragonite\n|-supereffective|p1a: Dragonite\n|-damage|p1a: Dragonite|90\/100\n|-start|p1a: Dragonite|Salt Cure\n|\n|-heal|p2b: Garganacl|92\/100|[from] item: Leftovers\n|-damage|p1a: Dragonite|78\/100|[from] Salt Cure\n|upkeep\n|turn|2\n|\n|t:|1681673946\n|detailschange|p2a: Palafin|Palafin-Hero, L50, F\n|switch|p2a: Amoonguss|Amoonguss, L50, M|100\/100\n|move|p1a: Dragonite|Extreme Speed|p2a: Amoonguss\n|-damage|p2a: Amoonguss|67\/100\n|move|p1b: Arcanine|Will-O-Wisp|p2a: Amoonguss\n|-status|p2a: Amoonguss|brn\n|move|p2b: Garganacl|Salt Cure|p1b: Arcanine\n|-damage|p1b: Arcanine|91\/100\n|-start|p1b: Arcanine|Salt Cure\n|\n|-heal|p2b: Garganacl|98\/100|[from] item: Leftovers\n|-damage|p2a: Amoonguss|61\/100 brn|[from] brn\n|-damage|p1b: Arcanine|79\/100|[from] Salt Cure\n|-damage|p1a: Dragonite|65\/100|[from] Salt Cure\n|upkeep\n|turn|3\n|\n|t:|1681673977\n|switch|p1a: Amoonguss|Amoonguss, L50, M|100\/100\n|move|p2a: Amoonguss|Protect|p2a: Amoonguss\n|-singleturn|p2a: Amoonguss|Protect\n|move|p1b: Arcanine|Flare Blitz|p2a: Amoonguss\n|-activate|p2a: Amoonguss|move: Protect\n|move|p2b: Garganacl|Salt Cure|p1a: Amoonguss\n|-damage|p1a: Amoonguss|92\/100\n|-start|p1a: Amoonguss|Salt Cure\n|\n|-heal|p2b: Garganacl|100\/100|[from] item: Leftovers\n|-damage|p2a: Amoonguss|55\/100 brn|[from] brn\n|-damage|p1b: Arcanine|67\/100|[from] Salt Cure\n|-damage|p1a: Amoonguss|80\/100|[from] Salt Cure\n|upkeep\n|turn|4\n|\n|t:|1681674009\n|move|p2a: Amoonguss|Protect|p2a: Amoonguss\n|-singleturn|p2a: Amoonguss|Protect\n|move|p1b: Arcanine|Flare Blitz|p2a: Amoonguss\n|-activate|p2a: Amoonguss|move: Protect\n|move|p2b: Garganacl|Salt Cure|p1b: Arcanine\n|-damage|p1b: Arcanine|59\/100\n|move|p1a: Amoonguss|Pollen Puff|p1b: Arcanine\n|-heal|p1b: Arcanine|100\/100\n|\n|-damage|p2a: Amoonguss|49\/100 brn|[from] brn\n|-damage|p1b: Arcanine|88\/100|[from] Salt Cure\n|-damage|p1a: Amoonguss|68\/100|[from] Salt Cure\n|upkeep\n|-enditem|p2a: Amoonguss|Sitrus Berry|[eat]\n|-heal|p2a: Amoonguss|74\/100 brn|[from] item: Sitrus Berry\n|turn|5\n|\n|t:|1681674035\n|switch|p1a: Azumarill|Azumarill, L50, F|100\/100\n|move|p1b: Arcanine|Flare Blitz|p2a: Amoonguss\n|-supereffective|p2a: Amoonguss\n|-damage|p2a: Amoonguss|0 fnt\n|faint|p2a: Amoonguss\n|-damage|p1b: Arcanine|61\/100|[from] Recoil\n|move|p2b: Garganacl|Salt Cure|p1a: Azumarill\n|-damage|p1a: Azumarill|90\/100\n|-start|p1a: Azumarill|Salt Cure\n|\n|-damage|p1b: Arcanine|49\/100|[from] Salt Cure\n|-damage|p1a: Azumarill|65\/100|[from] Salt Cure\n|upkeep\n|-enditem|p1b: Arcanine|Sitrus Berry|[eat]\n|-heal|p1b: Arcanine|74\/100|[from] item: Sitrus Berry\n|\n|t:|1681674054\n|switch|p2a: Flutter Mane|Flutter Mane, L50|100\/100\n|-enditem|p2a: Flutter Mane|Booster Energy\n|-activate|p2a: Flutter Mane|ability: Protosynthesis|[fromitem]\n|-start|p2a: Flutter Mane|protosynthesisspe\n|turn|6\n|\n|t:|1681674070\n|move|p2b: Garganacl|Protect|p2b: Garganacl\n|-singleturn|p2b: Garganacl|Protect\n|move|p2a: Flutter Mane|Thunderbolt|p1a: Azumarill\n|-supereffective|p1a: Azumarill\n|-damage|p1a: Azumarill|20\/100\n|move|p1b: Arcanine|Snarl|p2a: Flutter Mane|[spread] p2a\n|-activate|p2b: Garganacl|move: Protect\n|-damage|p2a: Flutter Mane|93\/100\n|-unboost|p2a: Flutter Mane|spa|1\n|move|p1a: Azumarill|Liquidation|p2b: Garganacl\n|-activate|p2b: Garganacl|move: Protect\n|\n|-damage|p1b: Arcanine|62\/100|[from] Salt Cure\n|-damage|p1a: Azumarill|0 fnt|[from] Salt Cure\n|faint|p1a: Azumarill\n|upkeep\n|\n|t:|1681674087\n|switch|p1a: Amoonguss|Amoonguss, L50, M|100\/100\n|turn|7\n|\n|t:|1681674098\n|move|p1a: Amoonguss|Rage Powder|p1a: Amoonguss\n|-singleturn|p1a: Amoonguss|move: Rage Powder\n|move|p2a: Flutter Mane|Shadow Ball|p1a: Amoonguss\n|-damage|p1a: Amoonguss|77\/100\n|move|p1b: Arcanine|Flare Blitz|p2a: Flutter Mane\n|-damage|p2a: Flutter Mane|12\/100\n|-damage|p1b: Arcanine|40\/100|[from] Recoil\n|move|p2b: Garganacl|Salt Cure|p1a: Amoonguss\n|-damage|p1a: Amoonguss|69\/100\n|-start|p1a: Amoonguss|Salt Cure\n|\n|-damage|p1b: Arcanine|28\/100|[from] Salt Cure\n|-damage|p1a: Amoonguss|56\/100|[from] Salt Cure\n|upkeep\n|turn|8\n|\n|t:|1681674115\n|move|p1a: Amoonguss|Rage Powder|p1a: Amoonguss\n|-singleturn|p1a: Amoonguss|move: Rage Powder\n|move|p2a: Flutter Mane|Shadow Ball|p1a: Amoonguss\n|-damage|p1a: Amoonguss|34\/100\n|move|p1b: Arcanine|Flare Blitz|p2a: Flutter Mane\n|-damage|p2a: Flutter Mane|0 fnt\n|faint|p2a: Flutter Mane\n|-end|p2a: Flutter Mane|Protosynthesis|[silent]\n|-damage|p1b: Arcanine|25\/100|[from] Recoil\n|move|p2b: Garganacl|Salt Cure|p1a: Amoonguss\n|-damage|p1a: Amoonguss|26\/100\n|\n|-damage|p1b: Arcanine|13\/100|[from] Salt Cure\n|-damage|p1a: Amoonguss|14\/100|[from] Salt Cure\n|upkeep\n|-enditem|p1a: Amoonguss|Wiki Berry|[eat]\n|-heal|p1a: Amoonguss|47\/100|[from] item: Wiki Berry\n|\n|t:|1681674133\n|switch|p2a: Palafin|Palafin-Hero, L50, F|100\/100\n|-activate|p2a: Palafin|ability: Zero to Hero\n|turn|9\n|\n|t:|1681674149\n|move|p1a: Amoonguss|Rage Powder|p1a: Amoonguss\n|-singleturn|p1a: Amoonguss|move: Rage Powder\n|move|p2a: Palafin|Wave Crash|p1a: Amoonguss\n|-resisted|p1a: Amoonguss\n|-damage|p1a: Amoonguss|6\/100\n|-damage|p2a: Palafin|86\/100|[from] Recoil\n|move|p1b: Arcanine|Will-O-Wisp|p2a: Palafin\n|-status|p2a: Palafin|brn\n|move|p2b: Garganacl|Salt Cure|p1a: Amoonguss\n|-crit|p1a: Amoonguss\n|-damage|p1a: Amoonguss|0 fnt\n|faint|p1a: Amoonguss\n|\n|-damage|p2a: Palafin|80\/100 brn|[from] brn\n|-damage|p1b: Arcanine|0 fnt|[from] Salt Cure\n|faint|p1b: Arcanine\n|upkeep\n|\n|t:|1681674165\n|switch|p1b: Dragonite|Dragonite, L50, F|65\/100\n|turn|10\n|inactive|Battle timer is ON: inactive players will automatically lose when time's up. (requested by fizzywizzyglizzy)\n|\n|t:|1681674193\n|-terastallize|p2a: Palafin|Water\n|move|p1b: Dragonite|Extreme Speed|p2a: Palafin\n|-damage|p2a: Palafin|36\/100 brn\n|move|p2a: Palafin|Jet Punch|p1b: Dragonite\n|-resisted|p1b: Dragonite\n|-damage|p1b: Dragonite|50\/100\n|move|p2b: Garganacl|Salt Cure|p1b: Dragonite\n|-supereffective|p1b: Dragonite\n|-damage|p1b: Dragonite|31\/100\n|-start|p1b: Dragonite|Salt Cure\n|\n|-damage|p2a: Palafin|30\/100 brn|[from] brn\n|-damage|p1b: Dragonite|18\/100|[from] Salt Cure\n|upkeep\n|turn|11\n|\n|t:|1681674208\n|move|p2a: Palafin|Protect|p2a: Palafin\n|-singleturn|p2a: Palafin|Protect\n|move|p1b: Dragonite|Extreme Speed|p2a: Palafin\n|-activate|p2a: Palafin|move: Protect\n|move|p2b: Garganacl|Salt Cure|p1b: Dragonite\n|-supereffective|p1b: Dragonite\n|-damage|p1b: Dragonite|0 fnt\n|faint|p1b: Dragonite\n|\n|win|fizzywizzyglizzy\n|raw|Eichigo19's rating: 1018 → 1008<\/strong> (-10 for losing)\n|raw|fizzywizzyglizzy's rating: 1080 → 1103<\/strong> (+23 for winning)\n","uploadtime":1681674225,"views":17,"p1id":"eichigo19","p2id":"fizzywizzyglizzy","formatid":"gen9vgc2023regulationc","rating":1008,"private":0,"password":""}