{"id":"gen9vgc2023regulationc-1851388400","p1":"jeffman323","p2":"benutzdeindeo","format":"[Gen 9] VGC 2023 Regulation C","log":"|j|\u2606jeffman323\n|j|\u2606benutzdeindeo\n|t:|1682441124\n|gametype|doubles\n|player|p1|jeffman323|steven|1566\n|player|p2|benutzdeindeo|2|1658\n|teamsize|p1|6\n|teamsize|p2|6\n|gen|9\n|tier|[Gen 9] VGC 2023 Regulation C\n|rated|\n|rule|Species Clause: Limit one of each Pok\u00e9mon\n|rule|Item Clause: Limit one of each item\n|clearpoke\n|poke|p1|Hatterene, L50, F|\n|poke|p1|Azumarill, L50, M|\n|poke|p1|Torkoal, L50, M|\n|poke|p1|Kingambit, L50, M|\n|poke|p1|Iron Hands, L50|\n|poke|p1|Brute Bonnet, L50|\n|poke|p2|Gyarados, L50, M|\n|poke|p2|Flutter Mane, L50|\n|poke|p2|Orthworm, L50, M|\n|poke|p2|Ting-Lu, L50|\n|poke|p2|Glimmora, L50, M|\n|poke|p2|Wo-Chien, L50|\n|teampreview|4\njeffman323 has agreed to open team sheets.\nbenutzdeindeo has agreed to open team sheets.\n|j| mybossisabum\n|\n|t:|1682441199\n|start\n|switch|p1a: Iron Hands|Iron Hands, L50|100\/100\n|switch|p1b: Hatterene|Hatterene, L50, F|100\/100\n|switch|p2a: Gyarados|Gyarados, L50, M|100\/100\n|switch|p2b: Flutter Mane|Flutter Mane, L50|100\/100\n|-ability|p2a: Gyarados|Intimidate|boost\n|-unboost|p1a: Iron Hands|atk|1\n|-unboost|p1b: Hatterene|atk|1\n|turn|1\n|\n|t:|1682441234\n|move|p1a: Iron Hands|Fake Out|p2a: Gyarados\n|-damage|p2a: Gyarados|88\/100\n|move|p2b: Flutter Mane|Shadow Ball|p1b: Hatterene\n|-supereffective|p1b: Hatterene\n|-enditem|p1b: Hatterene|Focus Sash\n|-damage|p1b: Hatterene|1\/100\n|cant|p2a: Gyarados|flinch\n|move|p1b: Hatterene|Trick Room|p1b: Hatterene\n|-fieldstart|move: Trick Room|[of] p1b: Hatterene\n|\n|upkeep\n|turn|2\n|\n|t:|1682441265\n|switch|p2a: Ting-Lu|Ting-Lu, L50|100\/100\n|-ability|p2a: Ting-Lu|Vessel of Ruin\n|-end|p2b: Flutter Mane|Protosynthesis|[silent]\n|switch|p2b: Orthworm|Orthworm, L50, M|100\/100\n|move|p1b: Hatterene|Protect|p1b: Hatterene\n|-singleturn|p1b: Hatterene|Protect\n|move|p1a: Iron Hands|Earthquake|p2a: Ting-Lu|[spread] p2a\n|-activate|p1b: Hatterene|move: Protect\n|-immune|p2b: Orthworm|[from] ability: Earth Eater\n|-damage|p2a: Ting-Lu|88\/100\n|\n|upkeep\n|turn|3\n|\n|t:|1682441321\n|-terastallize|p2a: Ting-Lu|Water\n|move|p1b: Hatterene|Dazzling Gleam|p2b: Orthworm|[spread] p2a,p2b\n|-resisted|p2b: Orthworm\n|-damage|p2a: Ting-Lu|67\/100\n|-damage|p2b: Orthworm|88\/100\n|move|p1a: Iron Hands|Drain Punch|p2a: Ting-Lu\n|-damage|p2a: Ting-Lu|49\/100\n|move|p2b: Orthworm|Body Press|p1a: Iron Hands\n|-damage|p1a: Iron Hands|84\/100\n|move|p2a: Ting-Lu|Earthquake|p1a: Iron Hands|[spread] p1a,p1b\n|-heal|p2b: Orthworm|100\/100|[from] ability: Earth Eater|[of] p2a: Ting-Lu\n|-supereffective|p1a: Iron Hands\n|-damage|p1a: Iron Hands|19\/100\n|-damage|p1b: Hatterene|0 fnt\n|faint|p1b: Hatterene\n|\n|upkeep\n|\n|t:|1682441330\n|switch|p1b: Brute Bonnet|Brute Bonnet, L50|100\/100\n|turn|4\n|\n|t:|1682441390\n|switch|p2a: Gyarados|Gyarados, L50, M|88\/100\n|-ability|p2a: Gyarados|Intimidate|boost\n|-unboost|p1a: Iron Hands|atk|1\n|-unboost|p1b: Brute Bonnet|atk|1\n|move|p1a: Iron Hands|Drain Punch|p2b: Orthworm\n|-supereffective|p2b: Orthworm\n|-damage|p2b: Orthworm|66\/100\n|-heal|p1a: Iron Hands|31\/100|[from] drain|[of] p2b: Orthworm\n|move|p1b: Brute Bonnet|Bullet Seed|p2a: Gyarados\n|-damage|p2a: Gyarados|77\/100\n|-damage|p2a: Gyarados|65\/100\n|-damage|p2a: Gyarados|54\/100\n|-damage|p2a: Gyarados|43\/100\n|-hitcount|p2a: Gyarados|4\n|move|p2b: Orthworm|Iron Defense|p2b: Orthworm\n|-boost|p2b: Orthworm|def|2\n|\n|upkeep\n|turn|5\n|j| Withoutexcuse\n|\n|t:|1682441434\n|move|p1a: Iron Hands|Thunder Punch|p2a: Gyarados\n|-supereffective|p2a: Gyarados\n|-damage|p2a: Gyarados|0 fnt\n|faint|p2a: Gyarados\n|move|p1b: Brute Bonnet|Spore|p2b: Orthworm\n|-status|p2b: Orthworm|slp|[from] move: Spore\n|cant|p2b: Orthworm|slp\n|\n|-fieldend|move: Trick Room\n|upkeep\n|\n|t:|1682441443\n|switch|p2a: Ting-Lu|Ting-Lu, L50, tera:Water|49\/100\n|-ability|p2a: Ting-Lu|Vessel of Ruin\n|turn|6\n|\n|t:|1682441460\n|-end|p1a: Iron Hands|Quark Drive|[silent]\n|switch|p1a: Kingambit|Kingambit, L50, M|100\/100\n|move|p2a: Ting-Lu|Earthquake|p1a: Kingambit|[spread] p1a,p1b\n|-heal|p2b: Orthworm|91\/100 slp|[from] ability: Earth Eater|[of] p2a: Ting-Lu\n|-supereffective|p1a: Kingambit\n|-resisted|p1b: Brute Bonnet\n|-damage|p1a: Kingambit|19\/100\n|-damage|p1b: Brute Bonnet|78\/100\n|cant|p2b: Orthworm|slp\n|move|p1b: Brute Bonnet|Bullet Seed|p2a: Ting-Lu\n|-supereffective|p2a: Ting-Lu\n|-damage|p2a: Ting-Lu|37\/100\n|-supereffective|p2a: Ting-Lu\n|-damage|p2a: Ting-Lu|25\/100\n|-supereffective|p2a: Ting-Lu\n|-damage|p2a: Ting-Lu|14\/100\n|-supereffective|p2a: Ting-Lu\n|-damage|p2a: Ting-Lu|2\/100\n|-hitcount|p2a: Ting-Lu|4\n|\n|upkeep\n|turn|7\n|\n|t:|1682441507\n|move|p1b: Brute Bonnet|Protect|p1b: Brute Bonnet\n|-singleturn|p1b: Brute Bonnet|Protect\n|move|p1a: Kingambit|Sucker Punch|p2a: Ting-Lu\n|-damage|p2a: Ting-Lu|0 fnt\n|faint|p2a: Ting-Lu\n|-curestatus|p2b: Orthworm|slp|[msg]\n|move|p2b: Orthworm|Iron Defense|p2b: Orthworm\n|-boost|p2b: Orthworm|def|2\n|\n|upkeep\n|\n|t:|1682441517\n|switch|p2a: Flutter Mane|Flutter Mane, L50|100\/100\n|turn|8\n|\n|t:|1682441525\n|-terastallize|p1b: Brute Bonnet|Fire\n|move|p1b: Brute Bonnet|Sucker Punch|p2a: Flutter Mane\n|-damage|p2a: Flutter Mane|52\/100\n|move|p1a: Kingambit|Sucker Punch|p2a: Flutter Mane\n|-damage|p2a: Flutter Mane|0 fnt\n|faint|p2a: Flutter Mane\n|-end|p2a: Flutter Mane|Protosynthesis|[silent]\n|move|p2b: Orthworm|Body Press|p1b: Brute Bonnet\n|-crit|p1b: Brute Bonnet\n|-damage|p1b: Brute Bonnet|0 fnt\n|faint|p1b: Brute Bonnet\n|-end|p1b: Brute Bonnet|Protosynthesis|[silent]\n|\n|upkeep\n|\n|t:|1682441534\n|switch|p1b: Iron Hands|Iron Hands, L50|31\/100\n|turn|9\n|\n|t:|1682441543\n|move|p1b: Iron Hands|Fake Out|p2b: Orthworm\n|-resisted|p2b: Orthworm\n|-damage|p2b: Orthworm|88\/100\n|cant|p2b: Orthworm|flinch\n|move|p1a: Kingambit|Kowtow Cleave|p2b: Orthworm\n|-damage|p2b: Orthworm|76\/100\n|\n|upkeep\n|turn|10\n|\n|t:|1682441554\n|move|p2b: Orthworm|Body Press|p1b: Iron Hands\n|-damage|p1b: Iron Hands|0 fnt\n|faint|p1b: Iron Hands\n|-end|p1b: Iron Hands|Quark Drive|[silent]\n|move|p1a: Kingambit|Kowtow Cleave|p2b: Orthworm\n|-damage|p2b: Orthworm|64\/100\n|\n|upkeep\n|turn|11\n|\n|t:|1682441562\n|move|p1a: Kingambit|Sucker Punch|p2b: Orthworm\n|-damage|p2b: Orthworm|53\/100\n|move|p2b: Orthworm|Body Press|p1a: Kingambit\n|-supereffective|p1a: Kingambit\n|-damage|p1a: Kingambit|0 fnt\n|faint|p1a: Kingambit\n|\n|win|benutzdeindeo\n|raw|jeffman323's rating: 1566 → 1551<\/strong> (-15 for losing)\n|raw|benutzdeindeo's rating: 1658 → 1673<\/strong> (+15 for winning)\n","uploadtime":1682441565,"views":4,"p1id":"jeffman323","p2id":"benutzdeindeo","formatid":"gen9vgc2023regulationc","rating":1551,"private":0,"password":""}