{"id":"gen9vgc2023regulationc-1848183207","p1":"BlackOnyx05","p2":"wadata","format":"[Gen 9] VGC 2023 Regulation C","log":"|j|\u2606BlackOnyx05\n|j|\u2606wadata\n|t:|1682039576\n|gametype|doubles\n|player|p1|BlackOnyx05|102|1183\n|player|p2|wadata|170|1153\n|teamsize|p1|6\n|teamsize|p2|6\n|gen|9\n|tier|[Gen 9] VGC 2023 Regulation C\n|rated|\n|rule|Species Clause: Limit one of each Pok\u00e9mon\n|rule|Item Clause: Limit one of each item\n|clearpoke\n|poke|p1|Amoonguss, L50, F|\n|poke|p1|Ting-Lu, L50|\n|poke|p1|Arcanine, L50, M|\n|poke|p1|Roaring Moon, L50|\n|poke|p1|Flutter Mane, L50|\n|poke|p1|Palafin, L50, F|\n|poke|p2|Scream Tail, L50|\n|poke|p2|Chi-Yu, L50|\n|poke|p2|Flutter Mane, L50|\n|poke|p2|Gastrodon, L50, M|\n|poke|p2|Sandy Shocks, L50|\n|poke|p2|Brute Bonnet, L50|\n|teampreview|4\nBlackOnyx05 has agreed to open team sheets.\n|\n|t:|1682039649\n|start\n|switch|p1a: Ting-Lu|Ting-Lu, L50|100\/100\n|switch|p1b: Arcanine|Arcanine, L50, M|100\/100\n|switch|p2a: Scream Tail|Scream Tail, L50|100\/100\n|switch|p2b: Chi-Yu|Chi-Yu, L50|100\/100\n|-ability|p2b: Chi-Yu|Beads of Ruin\n|-ability|p1b: Arcanine|Intimidate|boost\n|-unboost|p2a: Scream Tail|atk|1\n|-unboost|p2b: Chi-Yu|atk|1\n|-ability|p1a: Ting-Lu|Vessel of Ruin\n|-enditem|p2a: Scream Tail|Booster Energy\n|-activate|p2a: Scream Tail|ability: Protosynthesis|[fromitem]\n|-start|p2a: Scream Tail|protosynthesisspe\n|turn|1\n|\n|t:|1682039687\n|move|p1b: Arcanine|Extreme Speed|p2b: Chi-Yu\n|-crit|p2b: Chi-Yu\n|-damage|p2b: Chi-Yu|46\/100\n|move|p2a: Scream Tail|Fake Tears|p1a: Ting-Lu\n|-unboost|p1a: Ting-Lu|spd|2\n|move|p2b: Chi-Yu|Heat Wave|p1b: Arcanine|[spread] p1a\n|-miss|p2b: Chi-Yu|p1b: Arcanine\n|-damage|p1a: Ting-Lu|59\/100\n|-status|p1a: Ting-Lu|brn\n|move|p1a: Ting-Lu|Stomping Tantrum|p2b: Chi-Yu\n|-supereffective|p2b: Chi-Yu\n|-damage|p2b: Chi-Yu|0 fnt\n|faint|p2b: Chi-Yu\n|\n|-damage|p1a: Ting-Lu|53\/100 brn|[from] brn\n|upkeep\n|\n|t:|1682039704\n|switch|p2b: Sandy Shocks|Sandy Shocks, L50|100\/100\n|turn|2\n|\n|t:|1682039735\n|switch|p1a: Roaring Moon|Roaring Moon, L50|100\/100\n|-enditem|p1a: Roaring Moon|Booster Energy\n|-activate|p1a: Roaring Moon|ability: Protosynthesis|[fromitem]\n|-start|p1a: Roaring Moon|protosynthesisatk\n|move|p1b: Arcanine|Protect|p1b: Arcanine\n|-singleturn|p1b: Arcanine|Protect\n|move|p2a: Scream Tail|Fake Tears|p1b: Arcanine\n|-activate|p1b: Arcanine|move: Protect\n|move|p2b: Sandy Shocks|Earth Power|p1b: Arcanine\n|-activate|p1b: Arcanine|move: Protect\n|\n|upkeep\n|turn|3\n|\n|t:|1682039781\n|-terastallize|p2b: Sandy Shocks|Ice\n|move|p1b: Arcanine|Extreme Speed|p2b: Sandy Shocks\n|-damage|p2b: Sandy Shocks|73\/100\n|move|p2a: Scream Tail|Fake Tears|p1a: Roaring Moon\n|-unboost|p1a: Roaring Moon|spd|2\n|move|p2b: Sandy Shocks|Tera Blast|p1a: Roaring Moon\n|-supereffective|p1a: Roaring Moon\n|-damage|p1a: Roaring Moon|0 fnt\n|faint|p1a: Roaring Moon\n|-end|p1a: Roaring Moon|Protosynthesis|[silent]\n|\n|upkeep\n|\n|t:|1682039796\n|switch|p1a: Flutter Mane|Flutter Mane, L50|100\/100\n|turn|4\n|\n|t:|1682039823\n|move|p2a: Scream Tail|Fake Tears|p1b: Arcanine\n|-unboost|p1b: Arcanine|spd|2\n|move|p1a: Flutter Mane|Shadow Ball|p2b: Sandy Shocks\n|-damage|p2b: Sandy Shocks|0 fnt\n|faint|p2b: Sandy Shocks\n|-end|p2b: Sandy Shocks|Protosynthesis|[silent]\n|move|p1b: Arcanine|Flare Blitz|p2a: Scream Tail\n|-damage|p2a: Scream Tail|57\/100\n|-damage|p1b: Arcanine|84\/100|[from] Recoil\n|\n|upkeep\n|\n|t:|1682039830\n|switch|p2b: Flutter Mane|Flutter Mane, L50|100\/100\n|turn|5\n|\n|t:|1682039848\n|-end|p1a: Flutter Mane|Protosynthesis|[silent]\n|switch|p1a: Ting-Lu|Ting-Lu, L50|53\/100 brn\n|-ability|p1a: Ting-Lu|Vessel of Ruin\n|move|p2a: Scream Tail|Fake Tears|p1a: Ting-Lu\n|-unboost|p1a: Ting-Lu|spd|2\n|move|p2b: Flutter Mane|Dazzling Gleam|p1b: Arcanine|[spread] p1a,p1b\n|-supereffective|p1a: Ting-Lu\n|-resisted|p1b: Arcanine\n|-damage|p1a: Ting-Lu|0 fnt\n|-damage|p1b: Arcanine|46\/100\n|faint|p1a: Ting-Lu\n|move|p1b: Arcanine|Flare Blitz|p2b: Flutter Mane\n|-damage|p2b: Flutter Mane|0 fnt\n|faint|p2b: Flutter Mane\n|-end|p2b: Flutter Mane|Protosynthesis|[silent]\n|-damage|p1b: Arcanine|24\/100|[from] Recoil\n|\n|upkeep\n|\n|t:|1682039862\n|switch|p1a: Flutter Mane|Flutter Mane, L50|100\/100\n|turn|6\n|\n|t:|1682039872\n|move|p2a: Scream Tail|Play Rough|p1b: Arcanine\n|-resisted|p1b: Arcanine\n|-damage|p1b: Arcanine|15\/100\n|move|p1a: Flutter Mane|Shadow Ball|p2a: Scream Tail\n|-supereffective|p2a: Scream Tail\n|-damage|p2a: Scream Tail|0 fnt\n|faint|p2a: Scream Tail\n|-end|p2a: Scream Tail|Protosynthesis|[silent]\n|\n|win|BlackOnyx05\n|raw|BlackOnyx05's rating: 1183 → 1206<\/strong> (+23 for winning)\n|raw|wadata's rating: 1153 → 1130<\/strong> (-23 for losing)\n|l|\u2606wadata\n","uploadtime":1682039896,"views":10,"p1id":"blackonyx05","p2id":"wadata","formatid":"gen9vgc2023regulationc","rating":1130,"private":0,"password":""}