{"id":"gen9vgc2023regulationc-1859734834","p1":"doctorfisio","p2":"christianfinity","format":"[Gen 9] VGC 2023 Regulation C","log":"|j|\u2606doctorfisio\n|j|\u2606christianfinity\n|t:|1683560156\n|gametype|doubles\n|player|p1|doctorfisio|unknown|1394\n|player|p2|christianfinity|101|1494\n|teamsize|p1|6\n|teamsize|p2|6\n|gen|9\n|tier|[Gen 9] VGC 2023 Regulation C\n|rated|\n|rule|Species Clause: Limit one of each Pok\u00e9mon\n|rule|Item Clause: Limit one of each item\n|clearpoke\n|poke|p1|Amoonguss, L50, F|\n|poke|p1|Gyarados, L50, M|\n|poke|p1|Chi-Yu, L50|\n|poke|p1|Flutter Mane, L50|\n|poke|p1|Iron Hands, L50|\n|poke|p1|Gholdengo, L50|\n|poke|p2|Abomasnow, L50, F|\n|poke|p2|Iron Bundle, L50|\n|poke|p2|Pachirisu, L50, M|\n|poke|p2|Iron Moth, L50|\n|poke|p2|Annihilape, L50, M|\n|poke|p2|Great Tusk, L50|\n|teampreview|4\n|inactive|Battle timer is ON: inactive players will automatically lose when time's up. (requested by doctorfisio)\n|\n|t:|1683560203\n|start\n|switch|p1a: Iron Hands|Iron Hands, L50|100\/100\n|switch|p1b: Gholdengo|Gholdengo, L50|100\/100\n|switch|p2a: Annihilape|Annihilape, L50, M|100\/100\n|switch|p2b: Iron Bundle|Iron Bundle, L50|100\/100\n|turn|1\n|\n|t:|1683560221\n|-terastallize|p2a: Annihilape|Fire\n|move|p1a: Iron Hands|Fake Out|p2b: Iron Bundle\n|-damage|p2b: Iron Bundle|83\/100\n|cant|p2b: Iron Bundle|flinch\n|move|p2a: Annihilape|Bulk Up|p2a: Annihilape\n|-boost|p2a: Annihilape|atk|1\n|-boost|p2a: Annihilape|def|1\n|move|p1b: Gholdengo|Nasty Plot|p1b: Gholdengo\n|-boost|p1b: Gholdengo|spa|2\n|\n|upkeep\n|turn|2\n|\n|t:|1683560244\n|move|p1b: Gholdengo|Protect|p1b: Gholdengo\n|-singleturn|p1b: Gholdengo|Protect\n|move|p2b: Iron Bundle|Icy Wind|p1a: Iron Hands|[spread] p1a\n|-activate|p1b: Gholdengo|move: Protect\n|-damage|p1a: Iron Hands|89\/100\n|-unboost|p1a: Iron Hands|spe|1\n|move|p2a: Annihilape|Rage Fist|p1b: Gholdengo\n|-activate|p1b: Gholdengo|move: Protect\n|move|p1a: Iron Hands|Volt Switch|p2b: Iron Bundle\n|-supereffective|p2b: Iron Bundle\n|-damage|p2b: Iron Bundle|55\/100\n|\n|t:|1683560258\n|-end|p1a: Iron Hands|Quark Drive|[silent]\n|switch|p1a: Chi-Yu|Chi-Yu, L50|100\/100|[from] Volt Switch\n|-ability|p1a: Chi-Yu|Beads of Ruin\n|\n|upkeep\n|turn|3\n|\n|t:|1683560282\n|-terastallize|p1b: Gholdengo|Water\n|move|p2b: Iron Bundle|Icy Wind|p1b: Gholdengo|[spread] p1a,p1b\n|-resisted|p1a: Chi-Yu\n|-resisted|p1b: Gholdengo\n|-damage|p1a: Chi-Yu|91\/100\n|-damage|p1b: Gholdengo|89\/100\n|-unboost|p1a: Chi-Yu|spe|1\n|-unboost|p1b: Gholdengo|spe|1\n|move|p2a: Annihilape|Rage Fist|p1b: Gholdengo\n|-damage|p1b: Gholdengo|61\/100\n|move|p1a: Chi-Yu|Dark Pulse|p2a: Annihilape\n|-damage|p2a: Annihilape|57\/100\n|move|p1b: Gholdengo|Shadow Ball|p2a: Annihilape\n|-damage|p2a: Annihilape|0 fnt\n|faint|p2a: Annihilape\n|\n|-heal|p1b: Gholdengo|67\/100|[from] item: Leftovers\n|upkeep\n|\n|t:|1683560300\n|switch|p2a: Abomasnow|Abomasnow, L50, F|100\/100\n|-weather|Snow|[from] ability: Snow Warning|[of] p2a: Abomasnow\n|turn|4\n|\n|t:|1683560310\n|switch|p1a: Iron Hands|Iron Hands, L50|89\/100\n|move|p1b: Gholdengo|Protect|p1b: Gholdengo\n|-singleturn|p1b: Gholdengo|Protect\n|move|p2b: Iron Bundle|Hydro Pump|p1a: Iron Hands\n|-damage|p1a: Iron Hands|59\/100\n|move|p2a: Abomasnow|Aurora Veil|p2a: Abomasnow\n|-sidestart|p2: christianfinity|move: Aurora Veil\n|\n|-weather|Snow|[upkeep]\n|-heal|p1b: Gholdengo|72\/100|[from] item: Leftovers\n|upkeep\n|turn|5\n|\n|t:|1683560327\n|move|p2a: Abomasnow|Protect|p2a: Abomasnow\n|-singleturn|p2a: Abomasnow|Protect\n|move|p1a: Iron Hands|Fake Out|p2b: Iron Bundle\n|-damage|p2b: Iron Bundle|47\/100\n|cant|p2b: Iron Bundle|flinch\n|move|p1b: Gholdengo|Make It Rain|p2b: Iron Bundle|[spread] p2b\n|-activate|p2a: Abomasnow|move: Protect\n|-damage|p2b: Iron Bundle|0 fnt\n|-unboost|p1b: Gholdengo|spa|1\n|faint|p2b: Iron Bundle\n|-end|p2b: Iron Bundle|Quark Drive|[silent]\n|\n|-weather|Snow|[upkeep]\n|-heal|p1b: Gholdengo|78\/100|[from] item: Leftovers\n|upkeep\n|\n|t:|1683560336\n|switch|p2b: Great Tusk|Great Tusk, L50|100\/100\n|turn|6\n|inactive|christianfinity has 30 seconds left.\n|\n|t:|1683560369\n|move|p2b: Great Tusk|Rock Slide|p1a: Iron Hands|[spread] p1a\n|-miss|p2b: Great Tusk|p1b: Gholdengo\n|-resisted|p1a: Iron Hands\n|-damage|p1a: Iron Hands|53\/100\n|move|p2a: Abomasnow|Blizzard|p1b: Gholdengo|[spread] p1a,p1b\n|-resisted|p1b: Gholdengo\n|-damage|p1a: Iron Hands|35\/100\n|-damage|p1b: Gholdengo|62\/100\n|move|p1b: Gholdengo|Make It Rain|p2a: Abomasnow|[spread] p2a,p2b\n|-supereffective|p2a: Abomasnow\n|-damage|p2a: Abomasnow|0 fnt\n|-damage|p2b: Great Tusk|26\/100\n|-unboost|p1b: Gholdengo|spa|1\n|faint|p2a: Abomasnow\n|move|p1a: Iron Hands|Drain Punch|p2b: Great Tusk\n|-damage|p2b: Great Tusk|6\/100\n|-heal|p1a: Iron Hands|43\/100|[from] drain|[of] p2b: Great Tusk\n|\n|-weather|Snow|[upkeep]\n|-heal|p1b: Gholdengo|68\/100|[from] item: Leftovers\n|upkeep\n|turn|7\n|-message|christianfinity forfeited.\n|\n|win|doctorfisio\n|raw|doctorfisio's rating: 1394 → 1420<\/strong> (+26 for winning)\n|raw|christianfinity's rating: 1494 → 1468<\/strong> (-26 for losing)\n|l|\u2606christianfinity\n","uploadtime":1683560401,"views":15,"p1id":"doctorfisio","p2id":"christianfinity","formatid":"gen9vgc2023regulationc","rating":1420,"private":0,"password":""}