{"id":"gen9vgc2023regulationc-1855576123","p1":"Feesh Time","p2":"Crest of Thunders","format":"[Gen 9] VGC 2023 Regulation C","log":"|j|\u2606Feesh Time\n|j|\u2606Crest of Thunders\n|t:|1682963412\n|gametype|doubles\n|player|p1|Feesh Time|emmet|1404\n|player|p2|Crest of Thunders|barry|1355\n|teamsize|p1|6\n|teamsize|p2|6\n|gen|9\n|tier|[Gen 9] VGC 2023 Regulation C\n|rated|\n|rule|Species Clause: Limit one of each Pok\u00e9mon\n|rule|Item Clause: Limit one of each item\n|clearpoke\n|poke|p1|Chi-Yu, L50|\n|poke|p1|Gyarados, L50, M|\n|poke|p1|Amoonguss, L50, M|\n|poke|p1|Iron Hands, L50|\n|poke|p1|Dondozo, L50, F|\n|poke|p1|Tatsugiri, L50, F|\n|poke|p2|Iron Hands, L50|\n|poke|p2|Arcanine, L50, M|\n|poke|p2|Ting-Lu, L50|\n|poke|p2|Flutter Mane, L50|\n|poke|p2|Iron Bundle, L50|\n|poke|p2|Amoonguss, L50, F|\n|teampreview|4\n|c|\u2606Crest of Thunders|glhf\nCrest of Thunders has agreed to open team sheets.\n|j| NinjaStyle\nFeesh Time has agreed to open team sheets.\n|l| NinjaStyle\n|c|\u2606Feesh Time|u2\n|inactive|Battle timer is ON: inactive players will automatically lose when time's up. (requested by Crest of Thunders)\n|inactive|Crest of Thunders has 60 seconds left.\n|\n|t:|1682963459\n|start\n|switch|p1a: Chi-Yu|Chi-Yu, L50|100\/100\n|switch|p1b: Iron Hands|Iron Hands, L50|100\/100\n|switch|p2a: Gravestone|Flutter Mane, L50, shiny|100\/100\n|switch|p2b: 5UM0|Iron Hands, L50|100\/100\n|-ability|p1a: Chi-Yu|Beads of Ruin\n|turn|1\n|inactive|Feesh Time has 30 seconds left.\n|inactive|Crest of Thunders has 30 seconds left.\n|\n|t:|1682963497\n|move|p1b: Iron Hands|Fake Out|p2b: 5UM0\n|-damage|p2b: 5UM0|91\/100\n|move|p2a: Gravestone|Moonblast|p1b: Iron Hands\n|-supereffective|p1b: Iron Hands\n|-damage|p1b: Iron Hands|4\/100\n|-damage|p2a: Gravestone|91\/100|[from] item: Life Orb\n|move|p1a: Chi-Yu|Dark Pulse|p2a: Gravestone\n|-damage|p2a: Gravestone|42\/100\n|cant|p2b: 5UM0|flinch\n|\n|upkeep\n|turn|2\n|\n|t:|1682963522\n|switch|p1a: Dondozo|Dondozo, L50, F|100\/100\n|-end|p1b: Iron Hands|Quark Drive|[silent]\n|switch|p1b: Tatsugiri|Tatsugiri, L50, F|100\/100\n|-activate|p1b: Tatsugiri|ability: Commander|[of] p1a: Dondozo\n|-boost|p1a: Dondozo|atk|2\n|-boost|p1a: Dondozo|spa|2\n|-boost|p1a: Dondozo|spe|2\n|-boost|p1a: Dondozo|def|2\n|-boost|p1a: Dondozo|spd|2\n|move|p2a: Gravestone|Protect|p2a: Gravestone\n|-singleturn|p2a: Gravestone|Protect\n|move|p2b: 5UM0|Drain Punch|p1a: Dondozo\n|-damage|p1a: Dondozo|86\/100\n|-heal|p2b: 5UM0|98\/100|[from] drain|[of] p1a: Dondozo\n|\n|-heal|p1a: Dondozo|92\/100|[from] item: Leftovers\n|upkeep\n|turn|3\n|inactive|Crest of Thunders has 30 seconds left.\n|\n|t:|1682963553\n|-end|p2a: Gravestone|Protosynthesis|[silent]\n|switch|p2a: Mellow|Amoonguss, L50, F|100\/100\n|move|p1a: Dondozo|Earthquake|p2b: 5UM0|[spread] p2a,p2b\n|-miss|p1a: Dondozo|p1b: Tatsugiri\n|-supereffective|p2b: 5UM0\n|-damage|p2a: Mellow|63\/100\n|-damage|p2b: 5UM0|42\/100\n|-enditem|p2b: 5UM0|Sitrus Berry|[eat]\n|-heal|p2b: 5UM0|67\/100|[from] item: Sitrus Berry\n|move|p2b: 5UM0|Wild Charge|p1a: Dondozo\n|-supereffective|p1a: Dondozo\n|-damage|p1a: Dondozo|60\/100\n|-damage|p2b: 5UM0|59\/100|[from] Recoil\n|\n|-heal|p1a: Dondozo|66\/100|[from] item: Leftovers\n|upkeep\n|turn|4\n|\n|t:|1682963573\n|-terastallize|p1a: Dondozo|Grass\n|move|p1a: Dondozo|Earthquake|p2b: 5UM0|[spread] p2a,p2b\n|-miss|p1a: Dondozo|p1b: Tatsugiri\n|-supereffective|p2b: 5UM0\n|-damage|p2a: Mellow|28\/100\n|-damage|p2b: 5UM0|2\/100\n|move|p2b: 5UM0|Wild Charge|p1a: Dondozo\n|-resisted|p1a: Dondozo\n|-damage|p1a: Dondozo|58\/100\n|-damage|p2b: 5UM0|0 fnt|[from] Recoil\n|faint|p2b: 5UM0\n|-end|p2b: 5UM0|Quark Drive|[silent]\n|move|p2a: Mellow|Clear Smog|p1a: Dondozo\n|-supereffective|p1a: Dondozo\n|-damage|p1a: Dondozo|41\/100\n|-clearboost|p1a: Dondozo\n|\n|-heal|p1a: Dondozo|47\/100|[from] item: Leftovers\n|upkeep\n|\n|t:|1682963582\n|switch|p2b: 5A1NT_N1K|Iron Bundle, L50|100\/100\n|-enditem|p2b: 5A1NT_N1K|Booster Energy\n|-activate|p2b: 5A1NT_N1K|ability: Quark Drive|[fromitem]\n|-start|p2b: 5A1NT_N1K|quarkdrivespe\n|turn|5\n|\n|t:|1682963588\n|move|p2b: 5A1NT_N1K|Freeze-Dry|p1a: Dondozo\n|-supereffective|p1a: Dondozo\n|-damage|p1a: Dondozo|0 fnt\n|faint|p1a: Dondozo\n|move|p2a: Mellow|Spore|p1b: Tatsugiri\n|-status|p1b: Tatsugiri|slp|[from] move: Spore\n|\n|upkeep\n|\n|t:|1682963592\n|switch|p1a: Iron Hands|Iron Hands, L50|4\/100\n|turn|6\n|inactive|Crest of Thunders has 30 seconds left.\n|inactive|Crest of Thunders has 20 seconds left.\n|inactive|Crest of Thunders has 15 seconds left.\n|inactive|Crest of Thunders has 10 seconds left.\n|\n|t:|1682963640\n|-terastallize|p2b: 5A1NT_N1K|Ghost\n|move|p1a: Iron Hands|Fake Out|p2a: Mellow\n|-damage|p2a: Mellow|15\/100\n|-enditem|p2a: Mellow|Aguav Berry|[eat]\n|-heal|p2a: Mellow|48\/100|[from] item: Aguav Berry\n|move|p2b: 5A1NT_N1K|Freeze-Dry|p1a: Iron Hands\n|-damage|p1a: Iron Hands|0 fnt\n|faint|p1a: Iron Hands\n|-end|p1a: Iron Hands|Quark Drive|[silent]\n|cant|p1b: Tatsugiri|slp\n|move|p1b: Tatsugiri|Sleep Talk|p1b: Tatsugiri\n|move|p1b: Tatsugiri|Muddy Water|p2a: Mellow|[from]move: Sleep Talk|[spread] p2b\n|-miss|p1b: Tatsugiri|p2a: Mellow\n|-damage|p2b: 5A1NT_N1K|40\/100\n|cant|p2a: Mellow|flinch\n|\n|upkeep\n|\n|t:|1682963648\n|switch|p1a: Chi-Yu|Chi-Yu, L50|100\/100\n|-ability|p1a: Chi-Yu|Beads of Ruin\n|turn|7\n|\n|t:|1682963667\n|move|p2b: 5A1NT_N1K|Protect|p2b: 5A1NT_N1K\n|-singleturn|p2b: 5A1NT_N1K|Protect\n|move|p1a: Chi-Yu|Protect|p1a: Chi-Yu\n|-singleturn|p1a: Chi-Yu|Protect\n|-curestatus|p1b: Tatsugiri|slp|[msg]\n|move|p1b: Tatsugiri|Sleep Talk||[still]\n|-fail|p1b: Tatsugiri\n|move|p2a: Mellow|Spore|p1a: Chi-Yu\n|-activate|p1a: Chi-Yu|move: Protect\n|\n|upkeep\n|turn|8\n|\n|t:|1682963682\n|move|p2b: 5A1NT_N1K|Encore|p1a: Chi-Yu\n|-start|p1a: Chi-Yu|Encore\n|move|p1b: Tatsugiri|Sleep Talk||[still]\n|-fail|p1b: Tatsugiri\n|move|p1a: Chi-Yu|Protect|p1a: Chi-Yu\n|-singleturn|p1a: Chi-Yu|Protect\n|move|p2a: Mellow|Pollen Puff|p2b: 5A1NT_N1K\n|-heal|p2b: 5A1NT_N1K|90\/100\n|\n|upkeep\n|turn|9\n|-message|Feesh Time forfeited.\n|\n|win|Crest of Thunders\n|raw|Feesh Time's rating: 1404 → 1381<\/strong> (-23 for losing)\n|raw|Crest of Thunders's rating: 1355 → 1378<\/strong> (+23 for winning)\n|l|\u2606Feesh Time\n","uploadtime":1682963702,"views":19,"p1id":"feeshtime","p2id":"crestofthunders","formatid":"gen9vgc2023regulationc","rating":1378,"private":0,"password":""}