{"id":"gen9vgc2023regulationc-1857135984","p1":"Gerva02VGC","p2":"Vengeful potato","format":"[Gen 9] VGC 2023 Regulation C","log":"|j|\u2606Gerva02VGC\n|j|\u2606Vengeful potato\n|t:|1683149510\n|gametype|doubles\n|player|p1|Gerva02VGC|170|1291\n|player|p2|Vengeful potato|swimmer-gen4|1301\n|teamsize|p1|6\n|teamsize|p2|6\n|gen|9\n|tier|[Gen 9] VGC 2023 Regulation C\n|rated|\n|rule|Species Clause: Limit one of each Pok\u00e9mon\n|rule|Item Clause: Limit one of each item\n|clearpoke\n|poke|p1|Torkoal, L50, M|\n|poke|p1|Great Tusk, L50|\n|poke|p1|Jumpluff, L50, M|\n|poke|p1|Flutter Mane, L50|\n|poke|p1|Kingambit, L50, M|\n|poke|p1|Chien-Pao, L50|\n|poke|p2|Dudunsparce-*, L50, M|\n|poke|p2|Hariyama, L50, M|\n|poke|p2|Chi-Yu, L50|\n|poke|p2|Salamence, L50, F|\n|poke|p2|Tinkaton, L50, F|\n|poke|p2|Rotom-Wash, L50|\n|teampreview|4\n|\n|t:|1683149535\n|start\n|switch|p1a: Mario|Flutter Mane, L50|100\/100\n|switch|p1b: Gianni|Jumpluff, L50, M|100\/100\n|switch|p2a: Double Down|Dudunsparce, L50, M|100\/100\n|switch|p2b: THICC!|Hariyama, L50, M, shiny|100\/100\n|turn|1\n|\n|t:|1683149570\n|switch|p2b: Nemo|Chi-Yu, L50|100\/100\n|-ability|p2b: Nemo|Beads of Ruin\n|move|p1a: Mario|Moonblast|p2b: Nemo\n|-damage|p2b: Nemo|31\/100\n|move|p1b: Gianni|Sleep Powder|p2a: Double Down\n|-status|p2a: Double Down|slp|[from] move: Sleep Powder\n|cant|p2a: Double Down|slp\n|\n|upkeep\n|turn|2\n|\n|t:|1683149601\n|switch|p1b: Paolo|Chien-Pao, L50|100\/100\n|-ability|p1b: Paolo|Sword of Ruin\n|move|p1a: Mario|Moonblast|p2b: Nemo\n|-damage|p2b: Nemo|0 fnt\n|faint|p2b: Nemo\n|cant|p2a: Double Down|slp\n|\n|upkeep\n|\n|t:|1683149611\n|switch|p2b: THICC!|Hariyama, L50, M, shiny|100\/100\n|turn|3\n|\n|t:|1683149623\n|switch|p1b: Torquato|Torkoal, L50, M|100\/100\n|-weather|SunnyDay|[from] ability: Drought|[of] p1b: Torquato\n|-activate|p1a: Mario|ability: Protosynthesis\n|-start|p1a: Mario|protosynthesisspa\n|-terastallize|p2b: THICC!|Steel\n|move|p2b: THICC!|Bullet Punch|p1a: Mario\n|-supereffective|p1a: Mario\n|-damage|p1a: Mario|32\/100\n|move|p1a: Mario|Moonblast|p2b: THICC!\n|-resisted|p2b: THICC!\n|-damage|p2b: THICC!|62\/100\n|-curestatus|p2a: Double Down|slp|[msg]\n|move|p2a: Double Down|Glare|p1b: Torquato\n|-status|p1b: Torquato|par\n|\n|-weather|SunnyDay|[upkeep]\n|upkeep\n|turn|4\n|\n|t:|1683149651\n|-end|p1a: Mario|Protosynthesis|[silent]\n|switch|p1a: Gianni|Jumpluff, L50, M|100\/100\n|move|p2b: THICC!|Bullet Punch|p1a: Gianni\n|-damage|p1a: Gianni|77\/100\n|move|p2a: Double Down|Rock Slide|p1a: Gianni|[spread] p1a,p1b\n|-supereffective|p1a: Gianni\n|-supereffective|p1b: Torquato\n|-damage|p1a: Gianni|42\/100\n|-damage|p1b: Torquato|82\/100 par\n|cant|p1b: Torquato|flinch\n|\n|-weather|SunnyDay|[upkeep]\n|upkeep\n|turn|5\n|\n|t:|1683149668\n|switch|p2b: MENACING|Salamence, L50, F|100\/100\n|-ability|p2b: MENACING|Intimidate|boost\n|-unboost|p1a: Gianni|atk|1\n|-unboost|p1b: Torquato|atk|1\n|-enditem|p1b: Torquato|Eject Pack\n|\n|t:|1683149674\n|switch|p1b: Paolo|Chien-Pao, L50|100\/100\n|-ability|p1b: Paolo|Sword of Ruin\n|move|p1a: Gianni|Sleep Powder|p2a: Double Down|[miss]\n|-miss|p1a: Gianni|p2a: Double Down\n|move|p2a: Double Down|Rock Slide|p1a: Gianni|[spread] p1a,p1b\n|-supereffective|p1a: Gianni\n|-supereffective|p1b: Paolo\n|-damage|p1a: Gianni|0 fnt\n|-damage|p1b: Paolo|61\/100\n|faint|p1a: Gianni\n|\n|-weather|SunnyDay|[upkeep]\n|upkeep\n|\n|t:|1683149686\n|switch|p1a: Mario|Flutter Mane, L50|32\/100\n|-activate|p1a: Mario|ability: Protosynthesis\n|-start|p1a: Mario|protosynthesisspa\n|turn|6\n|\n|t:|1683149701\n|switch|p2b: THICC!|Hariyama, L50, M, shiny, tera:Steel|62\/100\n|-terastallize|p1a: Mario|Fairy\n|move|p1b: Paolo|Ice Spinner|p2a: Double Down\n|-damage|p2a: Double Down|52\/100\n|move|p1a: Mario|Moonblast|p2b: THICC!\n|-resisted|p2b: THICC!\n|-damage|p2b: THICC!|12\/100\n|-enditem|p2b: THICC!|Mago Berry|[eat]\n|-heal|p2b: THICC!|45\/100|[from] item: Mago Berry\n|move|p2a: Double Down|Rock Slide|p1b: Paolo|[spread] p1a,p1b\n|-supereffective|p1b: Paolo\n|-damage|p1a: Mario|0 fnt\n|-damage|p1b: Paolo|27\/100\n|faint|p1a: Mario\n|-end|p1a: Mario|Protosynthesis|[silent]\n|\n|-weather|SunnyDay|[upkeep]\n|upkeep\n|-message|Gerva02VGC forfeited.\n|\n|win|Vengeful potato\n|raw|Gerva02VGC's rating: 1291 → 1267<\/strong> (-24 for losing)\n|raw|Vengeful potato's rating: 1301 → 1320<\/strong> (+19 for winning)\n|l|\u2606Gerva02VGC\n|c|\u2606Vengeful potato|Ggs\n","uploadtime":1683149729,"views":8,"p1id":"gerva02vgc","p2id":"vengefulpotato","formatid":"gen9vgc2023regulationc","rating":1267,"private":0,"password":""}