{"id":"gen9vgc2023regulationc-1854945474","p1":"Ninjax3620","p2":"Yarold22","format":"[Gen 9] VGC 2023 Regulation C","log":"|j|\u2606Ninjax3620\n|j|\u2606Yarold22\n|t:|1682883613\n|gametype|doubles\n|player|p1|Ninjax3620|dawn|1011\n|player|p2|Yarold22|gardenia|1059\n|teamsize|p1|6\n|teamsize|p2|6\n|gen|9\n|tier|[Gen 9] VGC 2023 Regulation C\n|rated|\n|rule|Species Clause: Limit one of each Pok\u00e9mon\n|rule|Item Clause: Limit one of each item\n|clearpoke\n|poke|p1|Flutter Mane, L50|\n|poke|p1|Chi-Yu, L50|\n|poke|p1|Torkoal, L50, F|\n|poke|p1|Maushold-Four, L50|\n|poke|p1|Glimmora, L50, F|\n|poke|p1|Garchomp, L50, M|\n|poke|p2|Talonflame, L50, M|\n|poke|p2|Baxcalibur, L50, F|\n|poke|p2|Kingambit, L50, F|\n|poke|p2|Amoonguss, L50, M|\n|poke|p2|Flutter Mane, L50|\n|poke|p2|Dondozo, L50, M|\n|teampreview|4\nNinjax3620 has agreed to open team sheets.\nYarold22 has agreed to open team sheets.\n|\n|t:|1682883691\n|start\n|switch|p1a: Flutter Mane|Flutter Mane, L50|100\/100\n|switch|p1b: Chi-Yu|Chi-Yu, L50|100\/100\n|switch|p2a: Flutter Mane|Flutter Mane, L50|100\/100\n|switch|p2b: Talonflame|Talonflame, L50, M|100\/100\n|-ability|p1b: Chi-Yu|Beads of Ruin\n|-enditem|p1a: Flutter Mane|Booster Energy\n|-activate|p1a: Flutter Mane|ability: Protosynthesis|[fromitem]\n|-start|p1a: Flutter Mane|protosynthesisspe\n|turn|1\n|\n|t:|1682883757\n|-end|p2a: Flutter Mane|Protosynthesis|[silent]\n|switch|p2a: Amoonguss|Amoonguss, L50, M|100\/100\n|switch|p1b: Glimmora|Glimmora, L50, F|100\/100\n|move|p2b: Talonflame|Brave Bird|p1a: Flutter Mane\n|-damage|p1a: Flutter Mane|17\/100\n|-damage|p2b: Talonflame|80\/100|[from] Recoil\n|move|p1a: Flutter Mane|Shadow Ball|p2a: Amoonguss\n|-damage|p2a: Amoonguss|67\/100\n|\n|upkeep\n|turn|2\n|\n|t:|1682883808\n|-end|p1a: Flutter Mane|Protosynthesis|[silent]\n|switch|p1a: Chi-Yu|Chi-Yu, L50|100\/100\n|-ability|p1a: Chi-Yu|Beads of Ruin\n|move|p2b: Talonflame|Brave Bird|p1a: Chi-Yu\n|-damage|p1a: Chi-Yu|43\/100\n|-damage|p2b: Talonflame|66\/100|[from] Recoil\n|move|p1b: Glimmora|Mortal Spin|p2a: Amoonguss|[spread] p2a,p2b\n|-damage|p2a: Amoonguss|63\/100\n|-damage|p2b: Talonflame|61\/100\n|-status|p2b: Talonflame|psn\n|move|p2a: Amoonguss|Spore|p1b: Glimmora\n|-status|p1b: Glimmora|slp|[from] move: Spore\n|\n|-damage|p2b: Talonflame|49\/100 psn|[from] psn\n|upkeep\n|turn|3\n|\n|t:|1682883836\n|switch|p2a: Dondozo|Dondozo, L50, M|100\/100\n|move|p2b: Talonflame|Brave Bird|p1a: Chi-Yu\n|-damage|p1a: Chi-Yu|0 fnt\n|faint|p1a: Chi-Yu\n|-damage|p2b: Talonflame|38\/100 psn|[from] Recoil\n|cant|p1b: Glimmora|slp\n|\n|-damage|p2b: Talonflame|26\/100 psn|[from] psn\n|upkeep\n|\n|t:|1682883845\n|switch|p1a: Flutter Mane|Flutter Mane, L50|17\/100\n|turn|4\n|\n|t:|1682883875\n|move|p1a: Flutter Mane|Moonblast|p2b: Talonflame\n|-resisted|p2b: Talonflame\n|-crit|p2b: Talonflame\n|-damage|p2b: Talonflame|0 fnt\n|faint|p2b: Talonflame\n|-curestatus|p1b: Glimmora|slp|[msg]\n|move|p1b: Glimmora|Energy Ball|p2a: Dondozo\n|-supereffective|p2a: Dondozo\n|-damage|p2a: Dondozo|42\/100\n|move|p2a: Dondozo|Earthquake|p1a: Flutter Mane|[spread] p1a,p1b\n|-supereffective|p1b: Glimmora\n|-damage|p1a: Flutter Mane|0 fnt\n|-damage|p1b: Glimmora|4\/100\n|-activate|p1b: Glimmora|ability: Toxic Debris\n|-sidestart|p2: Yarold22|move: Toxic Spikes\n|faint|p1a: Flutter Mane\n|-end|p1a: Flutter Mane|Protosynthesis|[silent]\n|\n|upkeep\n|\n|t:|1682883893\n|switch|p1a: Maushold|Maushold-Four, L50|100\/100\n|switch|p2b: Flutter Mane|Flutter Mane, L50|100\/100\n|-status|p2b: Flutter Mane|psn\n|turn|5\n|\n|t:|1682883942\n|move|p1a: Maushold|Population Bomb|p2a: Dondozo\n|-damage|p2a: Dondozo|34\/100\n|-damage|p2a: Dondozo|25\/100\n|-damage|p2a: Dondozo|17\/100\n|-crit|p2a: Dondozo\n|-damage|p2a: Dondozo|5\/100\n|-damage|p2a: Dondozo|0 fnt\n|faint|p2a: Dondozo\n|-hitcount|p2: Dondozo|5\n|move|p2b: Flutter Mane|Moonblast|p1a: Maushold\n|-damage|p1a: Maushold|1\/100\n|move|p1b: Glimmora|Earth Power|p2b: Flutter Mane\n|-damage|p2b: Flutter Mane|74\/100 psn\n|\n|-damage|p2b: Flutter Mane|62\/100 psn|[from] psn\n|upkeep\n|\n|t:|1682883957\n|switch|p2a: Amoonguss|Amoonguss, L50, M|96\/100\n|-sideend|p2: Yarold22|move: Toxic Spikes|[of] p2a: Amoonguss\n|turn|6\n|\n|t:|1682883973\n|move|p1a: Maushold|Population Bomb|p2a: Amoonguss\n|-damage|p2a: Amoonguss|87\/100\n|-damage|p2a: Amoonguss|76\/100\n|-damage|p2a: Amoonguss|66\/100\n|-damage|p2a: Amoonguss|56\/100\n|-damage|p2a: Amoonguss|46\/100\n|-damage|p2a: Amoonguss|37\/100\n|-damage|p2a: Amoonguss|27\/100\n|-damage|p2a: Amoonguss|17\/100\n|-damage|p2a: Amoonguss|7\/100\n|-damage|p2a: Amoonguss|0 fnt\n|faint|p2a: Amoonguss\n|-hitcount|p2: Amoonguss|10\n|move|p2b: Flutter Mane|Moonblast|p1b: Glimmora\n|-resisted|p1b: Glimmora\n|-damage|p1b: Glimmora|0 fnt\n|faint|p1b: Glimmora\n|\n|-damage|p2b: Flutter Mane|49\/100 psn|[from] psn\n|upkeep\n|turn|7\n|\n|t:|1682883993\n|-terastallize|p1a: Maushold|Grass\n|move|p1a: Maushold|Tera Blast|p2b: Flutter Mane\n|-damage|p2b: Flutter Mane|0 fnt\n|faint|p2b: Flutter Mane\n|-end|p2b: Flutter Mane|Protosynthesis|[silent]\n|\n|win|Ninjax3620\n|raw|Ninjax3620's rating: 1011 → 1055<\/strong> (+44 for winning)\n|raw|Yarold22's rating: 1059 → 1038<\/strong> (-21 for losing)\n|c|\u2606Yarold22|gg\n|c|\u2606Ninjax3620|gg\n","uploadtime":1682884005,"views":5,"p1id":"ninjax3620","p2id":"yarold22","formatid":"gen9vgc2023regulationc","rating":1038,"private":0,"password":""}