{"id":"gen9vgc2023regulationc-1846426957","p1":"dreamswgh","p2":"LeMickeyMaushold","format":"[Gen 9] VGC 2023 Regulation C","log":"|j|\u2606dreamswgh\n|j|\u2606LeMickeyMaushold\n|t:|1681839982\n|gametype|doubles\n|player|p1|dreamswgh|nate|1274\n|player|p2|LeMickeyMaushold|265|1299\n|teamsize|p1|6\n|teamsize|p2|6\n|gen|9\n|tier|[Gen 9] VGC 2023 Regulation C\n|rated|\n|rule|Species Clause: Limit one of each Pok\u00e9mon\n|rule|Item Clause: Limit one of each item\n|clearpoke\n|poke|p1|Torkoal, L50, M|\n|poke|p1|Flutter Mane, L50|\n|poke|p1|Indeedee-F, L50, F|\n|poke|p1|Hatterene, L50, F|\n|poke|p1|Corviknight, L50, F|\n|poke|p1|Mudsdale, L50, M|\n|poke|p2|Maushold, L50|\n|poke|p2|Annihilape, L50, M|\n|poke|p2|Gholdengo, L50|\n|poke|p2|Iron Jugulis, L50|\n|poke|p2|Breloom, L50, F|\n|poke|p2|Tauros-Paldea-Aqua, L50, M|\n|teampreview|4\n|inactive|Battle timer is ON: inactive players will automatically lose when time's up. (requested by LeMickeyMaushold)\nLeMickeyMaushold has agreed to open team sheets.\ndreamswgh has agreed to open team sheets.\n|inactive|dreamswgh has 60 seconds left.\n|inactive|LeMickeyMaushold has 60 seconds left.\n|inactive|dreamswgh has 30 seconds left.\n|inactive|dreamswgh has 20 seconds left.\n|inactive|dreamswgh has 15 seconds left.\n|\n|t:|1681840059\n|start\n|switch|p1a: Nevada|Indeedee-F, L50, F|100\/100\n|switch|p1b: New Mexico|Hatterene, L50, F|100\/100\n|switch|p2a: Iron Jugulis|Iron Jugulis, L50|100\/100\n|switch|p2b: Gholdengo|Gholdengo, L50|100\/100\n|-fieldstart|move: Psychic Terrain|[from] ability: Psychic Surge|[of] p1a: Nevada\n|-enditem|p1a: Nevada|Psychic Seed\n|-boost|p1a: Nevada|spd|1|[from] item: Psychic Seed\n|-enditem|p2a: Iron Jugulis|Booster Energy\n|-activate|p2a: Iron Jugulis|ability: Quark Drive|[fromitem]\n|-start|p2a: Iron Jugulis|quarkdrivespe\n|turn|1\n|inactive|dreamswgh has 30 seconds left.\n|\n|t:|1681840089\n|-terastallize|p1b: New Mexico|Fire\n|move|p1a: Nevada|Follow Me|p1a: Nevada\n|-singleturn|p1a: Nevada|move: Follow Me\n|move|p2a: Iron Jugulis|Snarl|p1b: New Mexico|[spread] p1a,p1b\n|-supereffective|p1a: Nevada\n|-damage|p1a: Nevada|77\/100\n|-damage|p1b: New Mexico|84\/100\n|-unboost|p1a: Nevada|spa|1\n|-unboost|p1b: New Mexico|spa|1\n|move|p2b: Gholdengo|Make It Rain|p1a: Nevada|[spread] p1a,p1b\n|-resisted|p1b: New Mexico\n|-damage|p1a: Nevada|34\/100\n|-damage|p1b: New Mexico|46\/100\n|-unboost|p2b: Gholdengo|spa|1\n|move|p1b: New Mexico|Trick Room|p1b: New Mexico\n|-fieldstart|move: Trick Room|[of] p1b: New Mexico\n|\n|upkeep\n|turn|2\n|inactive|dreamswgh has 30 seconds left.\n|inactive|LeMickeyMaushold has 30 seconds left.\n|inactive|dreamswgh has 20 seconds left.\n|inactive|dreamswgh has 15 seconds left.\n|inactive|dreamswgh has 10 seconds left.\n|inactive|dreamswgh has 5 seconds left.\n|\n|t:|1681840139\n|switch|p2b: Breloom|Breloom, L50, F|100\/100\n|move|p1a: Nevada|Helping Hand|p1b: New Mexico\n|-singleturn|p1b: New Mexico|Helping Hand|[of] p1a: Nevada\n|move|p1b: New Mexico|Mystical Fire|p2b: Breloom\n|-supereffective|p2b: Breloom\n|-damage|p2b: Breloom|0 fnt\n|faint|p2b: Breloom\n|-damage|p1b: New Mexico|37\/100|[from] item: Life Orb\n|move|p2a: Iron Jugulis|Snarl|p1a: Nevada|[spread] p1a,p1b\n|-supereffective|p1a: Nevada\n|-crit|p1b: New Mexico\n|-damage|p1a: Nevada|11\/100\n|-damage|p1b: New Mexico|10\/100\n|-unboost|p1a: Nevada|spa|1\n|-unboost|p1b: New Mexico|spa|1\n|\n|upkeep\n|inactive|LeMickeyMaushold has 30 seconds left.\n|\n|t:|1681840166\n|switch|p2b: Tauros|Tauros-Paldea-Aqua, L50, M|100\/100\n|-ability|p2b: Tauros|Intimidate|boost\n|-unboost|p1a: Nevada|atk|1\n|-unboost|p1b: New Mexico|atk|1\n|turn|3\n|\n|t:|1681840188\n|move|p1a: Nevada|Helping Hand|p1b: New Mexico\n|-singleturn|p1b: New Mexico|Helping Hand|[of] p1a: Nevada\n|move|p2b: Tauros|Protect|p2b: Tauros\n|-singleturn|p2b: Tauros|Protect\n|move|p1b: New Mexico|Dazzling Gleam|p2b: Tauros|[spread] p2a\n|-activate|p2b: Tauros|move: Protect\n|-supereffective|p2a: Iron Jugulis\n|-damage|p2a: Iron Jugulis|41\/100\n|-damage|p1b: New Mexico|0 fnt|[from] item: Life Orb\n|faint|p1b: New Mexico\n|move|p2a: Iron Jugulis|Snarl|p1a: Nevada\n|-supereffective|p1a: Nevada\n|-damage|p1a: Nevada|0 fnt\n|faint|p1a: Nevada\n|\n|upkeep\n|\n|t:|1681840200\n|switch|p1b: Okalahoma|Corviknight, L50, F|100\/100\n|switch|p1a: Arizona|Torkoal, L50, M|100\/100\n|-weather|SunnyDay|[from] ability: Drought|[of] p1a: Arizona\n|turn|4\n|inactive|LeMickeyMaushold has 30 seconds left.\n|\n|t:|1681840232\n|switch|p2b: Gholdengo|Gholdengo, L50|100\/100\n|move|p2a: Iron Jugulis|Protect|p2a: Iron Jugulis\n|-singleturn|p2a: Iron Jugulis|Protect\n|move|p1a: Arizona|Eruption|p2b: Gholdengo|[spread] p2b\n|-activate|p2a: Iron Jugulis|move: Protect\n|-supereffective|p2b: Gholdengo\n|-damage|p2b: Gholdengo|0 fnt\n|faint|p2b: Gholdengo\n|move|p1b: Okalahoma|Brave Bird|p2a: Iron Jugulis\n|-activate|p2a: Iron Jugulis|move: Protect\n|\n|-weather|SunnyDay|[upkeep]\n|upkeep\n|\n|t:|1681840238\n|switch|p2b: Tauros|Tauros-Paldea-Aqua, L50, M|100\/100\n|-ability|p2b: Tauros|Intimidate|boost\n|-unboost|p1a: Arizona|atk|1\n|-ability|p1b: Okalahoma|Mirror Armor\n|-unboost|p2b: Tauros|atk|1\n|turn|5\n|-message|LeMickeyMaushold forfeited.\n|\n|win|dreamswgh\n|raw|dreamswgh's rating: 1274 → 1301<\/strong> (+27 for winning)\n|raw|LeMickeyMaushold's rating: 1299 → 1272<\/strong> (-27 for losing)\n|l|\u2606LeMickeyMaushold\n","uploadtime":1681840351,"views":9,"p1id":"dreamswgh","p2id":"lemickeymaushold","formatid":"gen9vgc2023regulationc","rating":1272,"private":0,"password":""}