{"id":"gen9vgc2023regulationc-1855865510","p1":"txbi","p2":"Terotes","format":"[Gen 9] VGC 2023 Regulation C","log":"|j|\u2606txbi\n|j|\u2606Terotes\n|t:|1682993508\n|gametype|doubles\n|player|p1|txbi|102|1043\n|player|p2|Terotes|cyclistf|1118\n|teamsize|p1|6\n|teamsize|p2|6\n|gen|9\n|tier|[Gen 9] VGC 2023 Regulation C\n|rated|\n|rule|Species Clause: Limit one of each Pok\u00e9mon\n|rule|Item Clause: Limit one of each item\n|clearpoke\n|poke|p1|Skeledirge, L50, F|\n|poke|p1|Iron Moth, L50|\n|poke|p1|Baxcalibur, L50, F|\n|poke|p1|Murkrow, L50, F|\n|poke|p1|Pyroar, L50, F|\n|poke|p1|Zoroark, L50, F|\n|poke|p2|Glalie, L50, F|\n|poke|p2|Azumarill, L50, F|\n|poke|p2|Gothitelle, L50, M|\n|poke|p2|Torkoal, L50, M|\n|poke|p2|Iron Hands, L50|\n|poke|p2|Indeedee-F, L50, F|\n|teampreview|4\n|\n|t:|1682993517\n|start\n|switch|p1a: Baxcalibur|Baxcalibur, L50, F|100\/100\n|switch|p1b: Murkrow|Murkrow, L50, F|100\/100\n|switch|p2a: Azumarill|Azumarill, L50, F|100\/100\n|switch|p2b: Glalie|Glalie, L50, F|100\/100\n|turn|1\n|\n|t:|1682993541\n|switch|p1a: Skeledirge|Skeledirge, L50, F|100\/100\n|move|p1b: Murkrow|Tailwind|p1b: Murkrow\n|-sidestart|p1: txbi|move: Tailwind\n|move|p2b: Glalie|Disable|p1b: Murkrow\n|-start|p1b: Murkrow|Disable|Tailwind\n|move|p2a: Azumarill|Encore|p1b: Murkrow\n|-start|p1b: Murkrow|Encore\n|\n|-ability|p2b: Glalie|Moody|boost\n|-boost|p2b: Glalie|atk|2\n|-unboost|p2b: Glalie|spe|1\n|-enditem|p2b: Glalie|Eject Pack\n|upkeep\n|\n|t:|1682993555\n|switch|p2b: Gothitelle|Gothitelle, L50, M|100\/100\n|turn|2\n|inactive|Battle timer is ON: inactive players will automatically lose when time's up. (requested by Terotes)\n|\n|t:|1682993590\n|-terastallize|p1a: Skeledirge|Fire\n|move|p1a: Skeledirge|Torch Song|p2b: Gothitelle\n|-damage|p2b: Gothitelle|57\/100\n|-boost|p1a: Skeledirge|spa|1\n|-activate|p1b: Murkrow|move: Struggle\n|move|p1b: Murkrow|Struggle|p2b: Gothitelle\n|-damage|p2b: Gothitelle|51\/100\n|-damage|p1b: Murkrow|75\/100|[from] recoil\n|move|p2a: Azumarill|Belly Drum|p2a: Azumarill\n|-damage|p2a: Azumarill|50\/100\n|-setboost|p2a: Azumarill|atk|6|[from] move: Belly Drum\n|-enditem|p2a: Azumarill|Sitrus Berry|[eat]\n|-heal|p2a: Azumarill|75\/100|[from] item: Sitrus Berry\n|move|p2b: Gothitelle|Trick Room|p2b: Gothitelle\n|-fieldstart|move: Trick Room|[of] p2b: Gothitelle\n|\n|upkeep\n|turn|3\n|\n|t:|1682993609\n|move|p2b: Gothitelle|Protect|p2b: Gothitelle\n|-singleturn|p2b: Gothitelle|Protect\n|move|p2a: Azumarill|Aqua Jet|p1a: Skeledirge\n|-supereffective|p1a: Skeledirge\n|-damage|p1a: Skeledirge|0 fnt\n|faint|p1a: Skeledirge\n|-activate|p1b: Murkrow|move: Struggle\n|move|p1b: Murkrow|Struggle|p2a: Azumarill\n|-damage|p2a: Azumarill|67\/100\n|-damage|p1b: Murkrow|50\/100|[from] recoil\n|\n|upkeep\n|\n|t:|1682993620\n|switch|p1a: Baxcalibur|Baxcalibur, L50, F|100\/100\n|turn|4\n|\n|t:|1682993636\n|move|p1a: Baxcalibur|Endure|p1a: Baxcalibur\n|-singleturn|p1a: Baxcalibur|move: Endure\n|move|p2a: Azumarill|Play Rough|p1a: Baxcalibur\n|-supereffective|p1a: Baxcalibur\n|-activate|p1a: Baxcalibur|move: Endure\n|-damage|p1a: Baxcalibur|1\/100\n|replace|p1a: Zoroark|Zoroark, L50, F\n|-end|p1a: Zoroark|Illusion\n|-enditem|p1a: Zoroark|Salac Berry|[eat]\n|-boost|p1a: Zoroark|spe|1|[from] item: Salac Berry\n|move|p2b: Gothitelle|Heal Pulse|p2a: Azumarill\n|-heal|p2a: Azumarill|100\/100\n|-activate|p1b: Murkrow|move: Struggle\n|move|p1b: Murkrow|Struggle|p2b: Gothitelle\n|-damage|p2b: Gothitelle|44\/100\n|-damage|p1b: Murkrow|25\/100|[from] recoil\n|\n|-end|p1b: Murkrow|Encore\n|-sideend|p1: txbi|move: Tailwind\n|upkeep\n|turn|5\n|inactive|Terotes has 30 seconds left.\n|\n|t:|1682993668\n|switch|p2b: Torkoal|Torkoal, L50, M|100\/100\n|-weather|SunnyDay|[from] ability: Drought|[of] p2b: Torkoal\n|move|p2a: Azumarill|Aqua Jet|p1a: Zoroark\n|-damage|p1a: Zoroark|0 fnt\n|faint|p1a: Zoroark\n|move|p1b: Murkrow|Torment|p2a: Azumarill\n|-start|p2a: Azumarill|Torment\n|\n|-weather|SunnyDay|[upkeep]\n|-end|p1b: Murkrow|Disable\n|upkeep\n|\n|t:|1682993678\n|switch|p1a: Baxcalibur|Baxcalibur, L50, F|100\/100\n|turn|6\n|\n|t:|1682993696\n|-terastallize|p2b: Torkoal|Fire\n|move|p1b: Murkrow|Tailwind|p1b: Murkrow\n|-sidestart|p1: txbi|move: Tailwind\n|move|p2b: Torkoal|Eruption|p1a: Baxcalibur|[spread] p1a,p1b\n|-damage|p1a: Baxcalibur|0 fnt\n|-damage|p1b: Murkrow|0 fnt\n|faint|p1a: Baxcalibur\n|faint|p1b: Murkrow\n|\n|win|Terotes\n|raw|txbi's rating: 1043 → 1030<\/strong> (-13 for losing)\n|raw|Terotes's rating: 1118 → 1138<\/strong> (+20 for winning)\n|l|\u2606txbi\n","uploadtime":1682993712,"views":13,"p1id":"txbi","p2id":"terotes","formatid":"gen9vgc2023regulationc","rating":1030,"private":0,"password":""}