{"id":"gen9vgc2023regulationc-1851262677","p1":"Mr.shinymagicarp","p2":"Tego_Amigo","format":"[Gen 9] VGC 2023 Regulation C","log":"|j|\u2606Mr.shinymagicarp\n|j|\u2606Tego_Amigo\n|t:|1682430649\n|gametype|doubles\n|player|p1|Mr.shinymagicarp|266|1051\n|player|p2|Tego_Amigo|2|1061\n|teamsize|p1|6\n|teamsize|p2|6\n|gen|9\n|tier|[Gen 9] VGC 2023 Regulation C\n|rated|\n|rule|Species Clause: Limit one of each Pok\u00e9mon\n|rule|Item Clause: Limit one of each item\n|clearpoke\n|poke|p1|Mimikyu, L50, F|\n|poke|p1|Amoonguss, L50, M|\n|poke|p1|Torkoal, L50, F|\n|poke|p1|Armarouge, L50, F|\n|poke|p1|Iron Hands, L50|\n|poke|p1|Indeedee-F, L50, F|\n|poke|p2|Meowscarada, L50, F|\n|poke|p2|Kingambit, L50, M|\n|poke|p2|Skeledirge, L50, M|\n|poke|p2|Amoonguss, L50, M|\n|poke|p2|Annihilape, L50, M|\n|poke|p2|Hydreigon, L50, M|\n|teampreview|4\n|inactive|Battle timer is ON: inactive players will automatically lose when time's up. (requested by Mr.shinymagicarp)\n|\n|t:|1682430680\n|start\n|switch|p1a: Indeedee|Indeedee-F, L50, F|100\/100\n|switch|p1b: Amoonguss|Amoonguss, L50, M|100\/100\n|switch|p2a: Annihilape|Annihilape, L50, M|100\/100\n|switch|p2b: Amoonguss|Amoonguss, L50, M, shiny|100\/100\n|-fieldstart|move: Psychic Terrain|[from] ability: Psychic Surge|[of] p1a: Indeedee\n|-enditem|p1a: Indeedee|Psychic Seed\n|-boost|p1a: Indeedee|spd|1|[from] item: Psychic Seed\n|turn|1\n|inactive|Mr.shinymagicarp has 30 seconds left.\n|\n|t:|1682430709\n|-terastallize|p1a: Indeedee|Grass\n|move|p2a: Annihilape|U-turn|p1a: Indeedee\n|-supereffective|p1a: Indeedee\n|-damage|p1a: Indeedee|48\/100\n|\n|t:|1682430717\n|switch|p2a: Hydreigon|Hydreigon, L50, M, shiny|100\/100|[from] U-turn\n|move|p2b: Amoonguss|Pollen Puff|p1a: Indeedee\n|-supereffective|p1a: Indeedee\n|-damage|p1a: Indeedee|26\/100\n|move|p1b: Amoonguss|Spore|p2a: Hydreigon\n|-activate|p2a: Hydreigon|item: Safety Goggles|Spore\n|move|p1a: Indeedee|Trick Room|p1a: Indeedee\n|-fieldstart|move: Trick Room|[of] p1a: Indeedee\n|\n|upkeep\n|turn|2\n|inactive|Mr.shinymagicarp has 30 seconds left.\n|inactive|Tego_Amigo has 30 seconds left.\n|\n|t:|1682430751\n|switch|p1b: Torkoal|Torkoal, L50, F|100\/100\n|-weather|SunnyDay|[from] ability: Drought|[of] p1b: Torkoal\n|move|p2a: Hydreigon|Protect|p2a: Hydreigon\n|-singleturn|p2a: Hydreigon|Protect\n|move|p1a: Indeedee|Follow Me|p1a: Indeedee\n|-singleturn|p1a: Indeedee|move: Follow Me\n|move|p2b: Amoonguss|Pollen Puff|p1a: Indeedee\n|-supereffective|p1a: Indeedee\n|-damage|p1a: Indeedee|5\/100\n|\n|-weather|SunnyDay|[upkeep]\n|upkeep\n|turn|3\n|inactive|Mr.shinymagicarp has 30 seconds left.\n|\n|t:|1682430779\n|-terastallize|p2b: Amoonguss|Water\n|move|p1a: Indeedee|Follow Me|p1a: Indeedee\n|-singleturn|p1a: Indeedee|move: Follow Me\n|move|p1b: Torkoal|Eruption|p2a: Hydreigon|[spread] p2a,p2b\n|-resisted|p2a: Hydreigon\n|-resisted|p2b: Amoonguss\n|-damage|p2a: Hydreigon|68\/100\n|-damage|p2b: Amoonguss|74\/100\n|move|p2b: Amoonguss|Pollen Puff|p1a: Indeedee\n|-supereffective|p1a: Indeedee\n|-damage|p1a: Indeedee|0 fnt\n|faint|p1a: Indeedee\n|move|p2a: Hydreigon|Draco Meteor|p1b: Torkoal\n|-damage|p1b: Torkoal|9\/100\n|-unboost|p2a: Hydreigon|spa|2\n|\n|-weather|SunnyDay|[upkeep]\n|upkeep\n|\n|t:|1682430801\n|switch|p1a: Armarouge|Armarouge, L50, F|100\/100\n|turn|4\n|\n|t:|1682430820\n|move|p1b: Torkoal|Protect|p1b: Torkoal\n|-singleturn|p1b: Torkoal|Protect\n|move|p2b: Amoonguss|Protect|p2b: Amoonguss\n|-singleturn|p2b: Amoonguss|Protect\n|move|p2a: Hydreigon|Protect|p2a: Hydreigon\n|-singleturn|p2a: Hydreigon|Protect\n|move|p1a: Armarouge|Expanding Force|p2a: Hydreigon|[spread] \n|-activate|p2a: Hydreigon|move: Protect\n|-activate|p2b: Amoonguss|move: Protect\n|\n|-weather|SunnyDay|[upkeep]\n|upkeep\n|turn|5\n|inactive|Mr.shinymagicarp has 30 seconds left.\n|inactive|Mr.shinymagicarp has 20 seconds left.\n|inactive|Mr.shinymagicarp has 15 seconds left.\n|\n|t:|1682430861\n|move|p1b: Torkoal|Eruption|p2b: Amoonguss|[spread] p2a,p2b\n|-resisted|p2a: Hydreigon\n|-crit|p2a: Hydreigon\n|-resisted|p2b: Amoonguss\n|-damage|p2a: Hydreigon|63\/100\n|-damage|p2b: Amoonguss|71\/100\n|move|p2b: Amoonguss|Pollen Puff|p1b: Torkoal\n|-resisted|p1b: Torkoal\n|-damage|p1b: Torkoal|0 fnt\n|faint|p1b: Torkoal\n|move|p1a: Armarouge|Expanding Force|p2b: Amoonguss|[spread] p2b\n|-immune|p2a: Hydreigon\n|-damage|p2b: Amoonguss|1\/100\n|-damage|p1a: Armarouge|91\/100|[from] item: Life Orb\n|move|p2a: Hydreigon|Dark Pulse|p1a: Armarouge\n|-supereffective|p1a: Armarouge\n|-damage|p1a: Armarouge|42\/100\n|\n|-weather|SunnyDay|[upkeep]\n|-fieldend|move: Trick Room\n|-fieldend|move: Psychic Terrain\n|upkeep\n|\n|t:|1682430880\n|switch|p1b: Amoonguss|Amoonguss, L50, M|100\/100\n|turn|6\n|\n|t:|1682430894\n|move|p2a: Hydreigon|Dark Pulse|p1a: Armarouge\n|-supereffective|p1a: Armarouge\n|-damage|p1a: Armarouge|0 fnt\n|faint|p1a: Armarouge\n|move|p1b: Amoonguss|Pollen Puff|p2b: Amoonguss\n|-damage|p2b: Amoonguss|0 fnt\n|faint|p2b: Amoonguss\n|\n|-weather|none\n|upkeep\n|-message|Mr.shinymagicarp forfeited.\n|\n|win|Tego_Amigo\n|raw|Mr.shinymagicarp's rating: 1051 → 1034<\/strong> (-17 for losing)\n|raw|Tego_Amigo's rating: 1061 → 1091<\/strong> (+30 for winning)\n","uploadtime":1682430919,"views":12,"p1id":"mrshinymagicarp","p2id":"tegoamigo","formatid":"gen9vgc2023regulationc","rating":1034,"private":0,"password":""}