{"id":"gen9vgc2023regulationc-1855857315","p1":"torwildheart","p2":"Warity","format":"[Gen 9] VGC 2023 Regulation C","log":"|j|\u2606torwildheart\n|j|\u2606Warity\n|t:|1682992512\n|gametype|doubles\n|player|p1|torwildheart|teamrocket|1259\n|player|p2|Warity|veteran-gen4|1225\n|teamsize|p1|6\n|teamsize|p2|6\n|gen|9\n|tier|[Gen 9] VGC 2023 Regulation C\n|rated|\n|rule|Species Clause: Limit one of each Pok\u00e9mon\n|rule|Item Clause: Limit one of each item\n|clearpoke\n|poke|p1|Tatsugiri, L50, M|\n|poke|p1|Dondozo, L50, F|\n|poke|p1|Flutter Mane, L50|\n|poke|p1|Glimmora, L50, M|\n|poke|p1|Ting-Lu, L50|\n|poke|p1|Tauros-Paldea-Blaze, L50, M|\n|poke|p2|Annihilape, L50, F|\n|poke|p2|Palafin, L50, M|\n|poke|p2|Maushold-Four, L50|\n|poke|p2|Dragonite, L50, M|\n|poke|p2|Chien-Pao, L50|\n|poke|p2|Flutter Mane, L50|\n|teampreview|4\ntorwildheart has agreed to open team sheets.\n|inactive|Battle timer is ON: inactive players will automatically lose when time's up. (requested by Warity)\n|\n|t:|1682992532\n|start\n|switch|p1a: Banned|Flutter Mane, L50|100\/100\n|switch|p1b: Zero Time|Glimmora, L50, M|100\/100\n|switch|p2a: Flutter Mane|Flutter Mane, L50|100\/100\n|switch|p2b: Palafin|Palafin, L50, M|100\/100\n|-enditem|p1a: Banned|Booster Energy\n|-activate|p1a: Banned|ability: Protosynthesis|[fromitem]\n|-start|p1a: Banned|protosynthesisspe\n|-enditem|p2a: Flutter Mane|Booster Energy\n|-activate|p2a: Flutter Mane|ability: Protosynthesis|[fromitem]\n|-start|p2a: Flutter Mane|protosynthesisspa\n|turn|1\n|inactive|Warity has 30 seconds left.\n|\n|t:|1682992566\n|-terastallize|p2b: Palafin|Water\n|move|p2b: Palafin|Jet Punch|p1b: Zero Time\n|-supereffective|p1b: Zero Time\n|-damage|p1b: Zero Time|12\/100\n|-activate|p1b: Zero Time|ability: Toxic Debris\n|-sidestart|p2: Warity|move: Toxic Spikes\n|move|p1a: Banned|Shadow Ball|p2a: Flutter Mane\n|-supereffective|p2a: Flutter Mane\n|-damage|p2a: Flutter Mane|15\/100\n|move|p2a: Flutter Mane|Energy Ball|p1b: Zero Time\n|-damage|p1b: Zero Time|0 fnt\n|faint|p1b: Zero Time\n|\n|upkeep\n|\n|t:|1682992580\n|switch|p1b: SnorlaxOfTheSea|Dondozo, L50, F|100\/100\n|turn|2\n|\n|t:|1682992598\n|move|p2a: Flutter Mane|Protect|p2a: Flutter Mane\n|-singleturn|p2a: Flutter Mane|Protect\n|move|p1a: Banned|Moonblast|p2b: Palafin\n|-damage|p2b: Palafin|30\/100\n|-unboost|p2b: Palafin|spa|1\n|move|p2b: Palafin|Haze|p2b: Palafin\n|-clearallboost\n|move|p1b: SnorlaxOfTheSea|Liquidation|p2a: Flutter Mane\n|-activate|p2a: Flutter Mane|move: Protect\n|\n|upkeep\n|turn|3\n|inactive|Warity has 30 seconds left.\n|\n|t:|1682992633\n|-end|p2a: Flutter Mane|Protosynthesis|[silent]\n|switch|p2a: Dragonite|Dragonite, L50, M|100\/100\n|detailschange|p2b: Palafin|Palafin-Hero, L50, M, tera:Water\n|switch|p2b: Chien-Pao|Chien-Pao, L50|100\/100\n|-status|p2b: Chien-Pao|psn\n|-ability|p2b: Chien-Pao|Sword of Ruin\n|move|p1a: Banned|Dazzling Gleam|p2a: Dragonite|[spread] p2a,p2b\n|-supereffective|p2a: Dragonite\n|-supereffective|p2b: Chien-Pao\n|-damage|p2a: Dragonite|72\/100\n|-enditem|p2b: Chien-Pao|Focus Sash\n|-damage|p2b: Chien-Pao|1\/100 psn\n|move|p1b: SnorlaxOfTheSea|Liquidation|p2b: Chien-Pao\n|-damage|p2b: Chien-Pao|0 fnt\n|faint|p2b: Chien-Pao\n|\n|upkeep\n|\n|t:|1682992649\n|switch|p2b: Palafin|Palafin-Hero, L50, M, tera:Water|30\/100\n|-status|p2b: Palafin|psn\n|-activate|p2b: Palafin|ability: Zero to Hero\n|turn|4\n|\n|t:|1682992667\n|-end|p1a: Banned|Protosynthesis|[silent]\n|switch|p1a: Eat Me|Tatsugiri, L50, M|100\/100\n|-activate|p1a: Eat Me|ability: Commander|[of] p1b: SnorlaxOfTheSea\n|-boost|p1b: SnorlaxOfTheSea|atk|2\n|-boost|p1b: SnorlaxOfTheSea|spa|2\n|-boost|p1b: SnorlaxOfTheSea|spe|2\n|-boost|p1b: SnorlaxOfTheSea|def|2\n|-boost|p1b: SnorlaxOfTheSea|spd|2\n|move|p2a: Dragonite|Extreme Speed|p1b: SnorlaxOfTheSea\n|-damage|p1b: SnorlaxOfTheSea|90\/100\n|move|p1b: SnorlaxOfTheSea|Earthquake|p2a: Dragonite|[spread] p2b\n|-miss|p1b: SnorlaxOfTheSea|p1a: Eat Me\n|-immune|p2a: Dragonite\n|-damage|p2b: Palafin|0 fnt\n|faint|p2b: Palafin\n|\n|upkeep\n|\n|t:|1682992681\n|switch|p2b: Flutter Mane|Flutter Mane, L50|15\/100\n|-status|p2b: Flutter Mane|psn\n|turn|5\n|\n|t:|1682992692\n|-terastallize|p1b: SnorlaxOfTheSea|Flying\n|move|p1b: SnorlaxOfTheSea|Tera Blast|p2a: Dragonite\n|-damage|p2a: Dragonite|6\/100\n|move|p2b: Flutter Mane|Energy Ball|p1b: SnorlaxOfTheSea\n|-resisted|p1b: SnorlaxOfTheSea\n|-damage|p1b: SnorlaxOfTheSea|81\/100\n|move|p2a: Dragonite|Tailwind|p2a: Dragonite\n|-sidestart|p2: Warity|move: Tailwind\n|\n|-damage|p2b: Flutter Mane|3\/100 psn|[from] psn\n|upkeep\n|turn|6\n|c|\u2606torwildheart|gg\n|\n|t:|1682992706\n|move|p2a: Dragonite|Extreme Speed|p1b: SnorlaxOfTheSea\n|-damage|p1b: SnorlaxOfTheSea|70\/100\n|move|p2b: Flutter Mane|Moonblast|p1b: SnorlaxOfTheSea\n|-damage|p1b: SnorlaxOfTheSea|45\/100\n|-unboost|p1b: SnorlaxOfTheSea|spa|1\n|move|p1b: SnorlaxOfTheSea|Tera Blast|p2a: Dragonite\n|-damage|p2a: Dragonite|0 fnt\n|faint|p2a: Dragonite\n|\n|-damage|p2b: Flutter Mane|0 fnt|[from] psn\n|faint|p2b: Flutter Mane\n|-end|p2b: Flutter Mane|Protosynthesis|[silent]\n|\n|win|torwildheart\n|upkeep\n|raw|torwildheart's rating: 1259 → 1282<\/strong> (+23 for winning)\n|raw|Warity's rating: 1225 → 1202<\/strong> (-23 for losing)\n","uploadtime":1682992714,"views":15,"p1id":"torwildheart","p2id":"warity","formatid":"gen9vgc2023regulationc","rating":1202,"private":0,"password":""}