{"id":"gen9vgc2023regulationc-1861353947","p1":"Jadedragon61","p2":"Yachto","format":"[Gen 9] VGC 2023 Regulation C","log":"|j|\u2606Jadedragon61\n|j|\u2606Yachto\n|t:|1683748840\n|gametype|doubles\n|player|p1|Jadedragon61|colress-gen7|1363\n|player|p2|Yachto|n|1338\n|teamsize|p1|6\n|teamsize|p2|6\n|gen|9\n|tier|[Gen 9] VGC 2023 Regulation C\n|rated|\n|rule|Species Clause: Limit one of each Pok\u00e9mon\n|rule|Item Clause: Limit one of each item\n|clearpoke\n|poke|p1|Flutter Mane, L50|\n|poke|p1|Tyranitar, L50, F|\n|poke|p1|Gyarados, L50, F|\n|poke|p1|Amoonguss, L50, F|\n|poke|p1|Chi-Yu, L50|\n|poke|p1|Palafin, L50, F|\n|poke|p2|Torkoal, L50, M|\n|poke|p2|Lilligant, L50, F|\n|poke|p2|Flutter Mane, L50|\n|poke|p2|Chi-Yu, L50|\n|poke|p2|Great Tusk, L50|\n|poke|p2|Dragonite, L50, M|\n|teampreview|4\n|inactive|Battle timer is ON: inactive players will automatically lose when time's up. (requested by Yachto)\n|\n|t:|1683748858\n|start\n|switch|p1a: Fish 1|Chi-Yu, L50|100\/100\n|switch|p1b: evil purp|Palafin, L50, F, shiny|100\/100\n|switch|p2a: Torkoal|Torkoal, L50, M|100\/100\n|switch|p2b: Chi-Yu|Chi-Yu, L50|100\/100\n|-ability|p1a: Fish 1|Beads of Ruin\n|-ability|p2b: Chi-Yu|Beads of Ruin\n|-weather|SunnyDay|[from] ability: Drought|[of] p2a: Torkoal\n|turn|1\n|\n|t:|1683748880\n|-terastallize|p1a: Fish 1|Fire\n|move|p1b: evil purp|Protect|p1b: evil purp\n|-singleturn|p1b: evil purp|Protect\n|move|p1a: Fish 1|Heat Wave|p2b: Chi-Yu|[spread] p2b\n|-miss|p1a: Fish 1|p2a: Torkoal\n|-resisted|p2b: Chi-Yu\n|-damage|p2b: Chi-Yu|49\/100\n|move|p2b: Chi-Yu|Nasty Plot|p2b: Chi-Yu\n|-boost|p2b: Chi-Yu|spa|2\n|move|p2a: Torkoal|Earth Power|p1a: Fish 1\n|-supereffective|p1a: Fish 1\n|-damage|p1a: Fish 1|60\/100\n|\n|-weather|SunnyDay|[upkeep]\n|upkeep\n|turn|2\n|\n|t:|1683748901\n|detailschange|p1b: evil purp|Palafin-Hero, L50, F, shiny\n|switch|p1b: Fish 3|Flutter Mane, L50, shiny|100\/100\n|-activate|p1b: Fish 3|ability: Protosynthesis\n|-start|p1b: Fish 3|protosynthesisspe\n|-terastallize|p2b: Chi-Yu|Water\n|move|p1a: Fish 1|Heat Wave|p2b: Chi-Yu|[spread] p2b\n|-miss|p1a: Fish 1|p2a: Torkoal\n|-resisted|p2b: Chi-Yu\n|-damage|p2b: Chi-Yu|0 fnt\n|faint|p2b: Chi-Yu\n|move|p2a: Torkoal|Eruption|p1a: Fish 1|[spread] p1a,p1b\n|-resisted|p1a: Fish 1\n|-damage|p1a: Fish 1|28\/100\n|-damage|p1b: Fish 3|19\/100\n|\n|-weather|SunnyDay|[upkeep]\n|upkeep\n|\n|t:|1683748916\n|switch|p2b: Flutter Mane|Flutter Mane, L50|100\/100\n|-activate|p2b: Flutter Mane|ability: Protosynthesis\n|-start|p2b: Flutter Mane|protosynthesisspe\n|turn|3\n|\n|t:|1683748928\n|move|p1b: Fish 3|Shadow Ball|p2b: Flutter Mane\n|-supereffective|p2b: Flutter Mane\n|-damage|p2b: Flutter Mane|0 fnt\n|faint|p2b: Flutter Mane\n|-end|p2b: Flutter Mane|Protosynthesis|[silent]\n|-damage|p1b: Fish 3|9\/100|[from] item: Life Orb\n|move|p1a: Fish 1|Heat Wave|p2a: Torkoal|[miss]\n|-miss|p1a: Fish 1|p2a: Torkoal\n|move|p2a: Torkoal|Eruption|p1a: Fish 1|[spread] p1a,p1b\n|-resisted|p1a: Fish 1\n|-damage|p1a: Fish 1|0 fnt\n|-damage|p1b: Fish 3|0 fnt\n|faint|p1a: Fish 1\n|faint|p1b: Fish 3\n|-end|p1b: Fish 3|Protosynthesis|[silent]\n|\n|-weather|SunnyDay|[upkeep]\n|upkeep\n|\n|t:|1683748939\n|switch|p1b: evil purp|Palafin-Hero, L50, F, shiny|100\/100\n|switch|p2b: Dragonite|Dragonite, L50, M|100\/100\n|switch|p1a: Bros a rock|Tyranitar, L50, F, shiny|100\/100\n|-activate|p1b: evil purp|ability: Zero to Hero\n|-weather|Sandstorm|[from] ability: Sand Stream|[of] p1a: Bros a rock\n|turn|4\n|\n|t:|1683748954\n|move|p1b: evil purp|Jet Punch|p2a: Torkoal\n|-supereffective|p2a: Torkoal\n|-damage|p2a: Torkoal|23\/100\n|move|p2b: Dragonite|Dragon Claw|p1b: evil purp\n|-damage|p1b: evil purp|58\/100\n|move|p1a: Bros a rock|Rock Blast|p2b: Dragonite\n|-supereffective|p2b: Dragonite\n|-damage|p2b: Dragonite|87\/100\n|-supereffective|p2b: Dragonite\n|-damage|p2b: Dragonite|58\/100\n|-supereffective|p2b: Dragonite\n|-damage|p2b: Dragonite|31\/100\n|-supereffective|p2b: Dragonite\n|-crit|p2b: Dragonite\n|-damage|p2b: Dragonite|0 fnt\n|faint|p2b: Dragonite\n|-hitcount|p2: Dragonite|4\n|move|p2a: Torkoal|Heat Wave|p1a: Bros a rock|[spread] p1a,p1b\n|-resisted|p1a: Bros a rock\n|-resisted|p1b: evil purp\n|-damage|p1a: Bros a rock|94\/100\n|-damage|p1b: evil purp|46\/100\n|\n|-weather|Sandstorm|[upkeep]\n|-damage|p1b: evil purp|41\/100|[from] Sandstorm\n|-damage|p2a: Torkoal|16\/100|[from] Sandstorm\n|upkeep\n|turn|5\n|-message|Yachto forfeited.\n|\n|win|Jadedragon61\n|raw|Jadedragon61's rating: 1363 → 1382<\/strong> (+19 for winning)\n|raw|Yachto's rating: 1338 → 1319<\/strong> (-19 for losing)\n|l|\u2606Yachto\n|l|\u2606Jadedragon61\n|j|\u2606Jadedragon61\n|player|p1|Jadedragon61|colress-gen7\n","uploadtime":1683749130,"views":9,"p1id":"jadedragon61","p2id":"yachto","formatid":"gen9vgc2023regulationc","rating":1319,"private":0,"password":""}