{"id":"gen9vgc2023regulationc-1856911848","p1":"voxxod","p2":"Musfique18","format":"[Gen 9] VGC 2023 Regulation C","log":"|j|\u2606voxxod\n|j|\u2606Musfique18\n|t:|1683125097\n|gametype|doubles\n|player|p1|voxxod|leon|\n|player|p2|Musfique18|2|\n|teamsize|p1|6\n|teamsize|p2|6\n|gen|9\n|tier|[Gen 9] VGC 2023 Regulation C\n|rule|Species Clause: Limit one of each Pok\u00e9mon\n|rule|Item Clause: Limit one of each item\n|clearpoke\n|poke|p1|Palafin, L50, M|\n|poke|p1|Flutter Mane, L50|\n|poke|p1|Arcanine, L50, M|\n|poke|p1|Ting-Lu, L50|\n|poke|p1|Amoonguss, L50, M|\n|poke|p1|Kingambit, L50, F|\n|poke|p2|Slither Wing, L50|\n|poke|p2|Iron Bundle, L50|\n|poke|p2|Chi-Yu, L50|\n|poke|p2|Abomasnow, L50, F|\n|poke|p2|Flutter Mane, L50|\n|poke|p2|Corviknight, L50, M|\n|teampreview|4\n|inactive|Battle timer is ON: inactive players will automatically lose when time's up. (requested by Musfique18)\nMusfique18 has agreed to open team sheets.\n|inactive|voxxod has 60 seconds left.\n|inactive|Musfique18 has 60 seconds left.\nvoxxod has agreed to open team sheets.\n|j| IamHrrimann\n|j| Rowlet69420\n|\n|t:|1683125144\n|start\n|switch|p1a: Amoonguss|Amoonguss, L50, M|100\/100\n|switch|p1b: Flutter Mane|Flutter Mane, L50|100\/100\n|switch|p2a: Snowwwww|Abomasnow, L50, F|100\/100\n|switch|p2b: DeliBundle|Iron Bundle, L50, shiny|100\/100\n|-weather|Snow|[from] ability: Snow Warning|[of] p2a: Snowwwww\n|-enditem|p2b: DeliBundle|Booster Energy\n|-activate|p2b: DeliBundle|ability: Quark Drive|[fromitem]\n|-start|p2b: DeliBundle|quarkdrivespe\n|-enditem|p1b: Flutter Mane|Booster Energy\n|-activate|p1b: Flutter Mane|ability: Protosynthesis|[fromitem]\n|-start|p1b: Flutter Mane|protosynthesisspa\n|turn|1\n|j| Marufbot\n|c| Rowlet69420|Glhf both\n|\n|t:|1683125166\n|-terastallize|p1a: Amoonguss|Steel\n|move|p1b: Flutter Mane|Protect|p1b: Flutter Mane\n|-singleturn|p1b: Flutter Mane|Protect\n|move|p2b: DeliBundle|Blizzard|p1a: Amoonguss|[spread] p1a\n|-activate|p1b: Flutter Mane|move: Protect\n|-resisted|p1a: Amoonguss\n|-damage|p1a: Amoonguss|83\/100\n|move|p2a: Snowwwww|Blizzard|p1b: Flutter Mane|[spread] p1a\n|-activate|p1b: Flutter Mane|move: Protect\n|-resisted|p1a: Amoonguss\n|-damage|p1a: Amoonguss|67\/100\n|-status|p1a: Amoonguss|frz\n|cant|p1a: Amoonguss|frz\n|\n|-weather|Snow|[upkeep]\n|upkeep\n|turn|2\n|c| Rowlet69420|Lol\n|c| Rowlet69420|hax ftw\n|inactive|voxxod has 30 seconds left.\n|\n|t:|1683125194\n|cant|p1a: Amoonguss|frz\n|move|p2b: DeliBundle|Freeze-Dry|p1b: Flutter Mane\n|-damage|p1b: Flutter Mane|70\/100\n|move|p1b: Flutter Mane|Moonblast|p2a: Snowwwww\n|-damage|p2a: Snowwwww|22\/100\n|-unboost|p2a: Snowwwww|spa|1\n|move|p2a: Snowwwww|Blizzard|p1a: Amoonguss|[spread] p1a,p1b\n|-resisted|p1a: Amoonguss\n|-damage|p1a: Amoonguss|57\/100 frz\n|-damage|p1b: Flutter Mane|48\/100\n|\n|-weather|Snow|[upkeep]\n|upkeep\n|turn|3\n|c| IamHrrimann|Ifti leave pls\n|\n|t:|1683125210\n|move|p1b: Flutter Mane|Protect|p1b: Flutter Mane\n|-singleturn|p1b: Flutter Mane|Protect\n|cant|p1a: Amoonguss|frz\n|move|p2b: DeliBundle|Icy Wind|p1b: Flutter Mane|[spread] p1a\n|-activate|p1b: Flutter Mane|move: Protect\n|-resisted|p1a: Amoonguss\n|-damage|p1a: Amoonguss|49\/100 frz\n|-unboost|p1a: Amoonguss|spe|1\n|move|p2a: Snowwwww|Aurora Veil|p2a: Snowwwww\n|-sidestart|p2: Musfique18|move: Aurora Veil\n|\n|-weather|Snow|[upkeep]\n|upkeep\n|turn|4\n|c| Rowlet69420|:\")\n|c| Rowlet69420|Me amd freeze :\")\n|\n|t:|1683125231\n|switch|p2a: Badger|Corviknight, L50, M|100\/100\n|move|p2b: DeliBundle|Protect|p2b: DeliBundle\n|-singleturn|p2b: DeliBundle|Protect\n|-curestatus|p1a: Amoonguss|frz|[msg]\n|move|p1a: Amoonguss|Rage Powder|p1a: Amoonguss\n|-singleturn|p1a: Amoonguss|move: Rage Powder\n|move|p1b: Flutter Mane|Moonblast|p2a: Badger\n|-resisted|p2a: Badger\n|-damage|p2a: Badger|78\/100\n|\n|-weather|Snow|[upkeep]\n|upkeep\n|turn|5\n|\n|t:|1683125251\n|move|p2b: DeliBundle|Freeze-Dry|p1b: Flutter Mane\n|-damage|p1b: Flutter Mane|15\/100\n|move|p1b: Flutter Mane|Dazzling Gleam|p2a: Badger|[spread] p2a,p2b\n|-resisted|p2a: Badger\n|-damage|p2a: Badger|66\/100\n|-damage|p2b: DeliBundle|52\/100\n|move|p2a: Badger|Brave Bird|p1a: Amoonguss\n|-resisted|p1a: Amoonguss\n|-damage|p1a: Amoonguss|31\/100\n|-damage|p2a: Badger|49\/100|[from] item: Rocky Helmet|[of] p1a: Amoonguss\n|-enditem|p2a: Badger|Sitrus Berry|[eat]\n|-heal|p2a: Badger|74\/100|[from] item: Sitrus Berry\n|-damage|p2a: Badger|68\/100|[from] Recoil\n|move|p1a: Amoonguss|Spore|p1b: Flutter Mane\n|-status|p1b: Flutter Mane|slp|[from] move: Spore\n|\n|-weather|none\n|upkeep\n|turn|6\n|c|\u2606Musfique18|Bruh\n|c| Rowlet69420|W8 wut?\n|c| Rowlet69420|Bruv\n|inactive|Musfique18 has 30 seconds left.\n|c| IamHrrimann|Ki jata\n|\n|t:|1683125284\n|switch|p2a: Snowwwww|Abomasnow, L50, F|22\/100\n|-weather|Snow|[from] ability: Snow Warning|[of] p2a: Snowwwww\n|cant|p1b: Flutter Mane|slp\n|move|p2b: DeliBundle|Blizzard|p1b: Flutter Mane|[spread] p1a,p1b\n|-resisted|p1a: Amoonguss\n|-crit|p1b: Flutter Mane\n|-damage|p1a: Amoonguss|12\/100\n|-damage|p1b: Flutter Mane|0 fnt\n|faint|p1b: Flutter Mane\n|-end|p1b: Flutter Mane|Protosynthesis|[silent]\n|move|p1a: Amoonguss|Spore|p2b: DeliBundle\n|-status|p2b: DeliBundle|slp|[from] move: Spore\n|\n|-weather|Snow|[upkeep]\n|upkeep\n|c| Marufbot|Jarif, tmr vai re ganja ken diso?!\n|\n|t:|1683125292\n|switch|p1b: Arcanine|Arcanine, L50, M|100\/100\n|-ability|p1b: Arcanine|Intimidate|boost\n|-unboost|p2a: Snowwwww|atk|1\n|-unboost|p2b: DeliBundle|atk|1\n|turn|7\n|c| Rowlet69420|Dude though he was chads baek\n|\n|t:|1683125311\n|-end|p2b: DeliBundle|Quark Drive|[silent]\n|switch|p2b: Fishhhhh|Chi-Yu, L50|100\/100\n|-ability|p2b: Fishhhhh|Beads of Ruin\n|switch|p1a: Ting-Lu|Ting-Lu, L50|100\/100\n|-ability|p1a: Ting-Lu|Vessel of Ruin\n|move|p1b: Arcanine|Howl|p1b: Arcanine|[spread] p1a,p1b\n|-boost|p1a: Ting-Lu|atk|1\n|-boost|p1b: Arcanine|atk|1\n|move|p2a: Snowwwww|Blizzard|p1a: Ting-Lu|[spread] p1a,p1b\n|-supereffective|p1a: Ting-Lu\n|-resisted|p1b: Arcanine\n|-damage|p1a: Ting-Lu|66\/100\n|-damage|p1b: Arcanine|81\/100\n|\n|-weather|Snow|[upkeep]\n|-sideend|p2: Musfique18|move: Aurora Veil\n|upkeep\n|turn|8\n|inactive|Musfique18 has 30 seconds left.\n|\n|t:|1683125336\n|move|p2b: Fishhhhh|Heat Wave|p1a: Ting-Lu|[spread] p1a,p1b\n|-resisted|p1b: Arcanine\n|-damage|p1a: Ting-Lu|46\/100\n|-damage|p1b: Arcanine|58\/100\n|-status|p1a: Ting-Lu|brn\n|-damage|p2b: Fishhhhh|91\/100|[from] item: Life Orb\n|move|p1b: Arcanine|Flare Blitz|p2a: Snowwwww\n|-supereffective|p2a: Snowwwww\n|-damage|p2a: Snowwwww|0 fnt\n|faint|p2a: Snowwwww\n|-damage|p1b: Arcanine|52\/100|[from] Recoil\n|move|p1a: Ting-Lu|Stomping Tantrum|p2b: Fishhhhh\n|-supereffective|p2b: Fishhhhh\n|-damage|p2b: Fishhhhh|17\/100\n|\n|-weather|Snow|[upkeep]\n|-damage|p1a: Ting-Lu|39\/100 brn|[from] brn\n|upkeep\n|c| Rowlet69420|Ahha\n|\n|t:|1683125345\n|switch|p2a: Badger|Corviknight, L50, M|68\/100\n|turn|9\n|c| Rowlet69420|Hax\n|c| Rowlet69420|That's wut u love to see\n|\n|t:|1683125361\n|move|p1b: Arcanine|Extreme Speed|p2b: Fishhhhh\n|-damage|p2b: Fishhhhh|0 fnt\n|faint|p2b: Fishhhhh\n|move|p2a: Badger|Brave Bird|p1b: Arcanine\n|-damage|p1b: Arcanine|10\/100\n|-damage|p2a: Badger|54\/100|[from] Recoil\n|move|p1a: Ting-Lu|Ruination|p2a: Badger\n|-damage|p2a: Badger|27\/100\n|\n|-weather|Snow|[upkeep]\n|-damage|p1a: Ting-Lu|33\/100 brn|[from] brn\n|upkeep\n|c|\u2606voxxod|Gg\n|\n|t:|1683125367\n|switch|p2b: DeliBundle|Iron Bundle, L50, shiny|52\/100 slp\n|turn|10\n|c|\u2606Musfique18|Gg\n|c| Rowlet69420|Gg ig\n|\n|t:|1683125384\n|move|p1b: Arcanine|Extreme Speed|p2b: DeliBundle\n|-damage|p2b: DeliBundle|23\/100 slp\n|cant|p2b: DeliBundle|slp\n|move|p2a: Badger|Brave Bird|p1b: Arcanine\n|-damage|p1b: Arcanine|0 fnt\n|faint|p1b: Arcanine\n|-damage|p2a: Badger|24\/100|[from] Recoil\n|move|p1a: Ting-Lu|Heavy Slam|p2b: DeliBundle\n|-damage|p2b: DeliBundle|0 fnt\n|faint|p2b: DeliBundle\n|-end|p2b: DeliBundle|Quark Drive|[silent]\n|\n|-weather|none\n|-damage|p1a: Ting-Lu|27\/100 brn|[from] brn\n|upkeep\n|\n|t:|1683125388\n|switch|p1b: Amoonguss|Amoonguss, L50, M, tera:Steel|46\/100\n|turn|11\n|\n|t:|1683125402\n|move|p2a: Badger|Roost|p2a: Badger\n|-heal|p2a: Badger|75\/100\n|-singleturn|p2a: Badger|move: Roost\n|move|p1a: Ting-Lu|Heavy Slam|p2a: Badger\n|-resisted|p2a: Badger\n|-damage|p2a: Badger|64\/100\n|move|p1b: Amoonguss|Spore|p2a: Badger\n|-status|p2a: Badger|slp|[from] move: Spore\n|\n|-damage|p1a: Ting-Lu|21\/100 brn|[from] brn\n|upkeep\n|turn|12\n|c| Rowlet69420|W8 amin\n|c| Rowlet69420|W8 a min\n|\n|t:|1683125412\n|cant|p2a: Badger|slp\n|move|p1a: Ting-Lu|Ruination|p2a: Badger\n|-damage|p2a: Badger|32\/100 slp\n|move|p1b: Amoonguss|Pollen Puff|p1a: Ting-Lu\n|-heal|p1a: Ting-Lu|71\/100 brn\n|\n|-damage|p1a: Ting-Lu|65\/100 brn|[from] brn\n|upkeep\n|turn|13\n|c| Rowlet69420|suiiii\n|c| Rowlet69420|Ah lol\n|\n|t:|1683125421\n|cant|p2a: Badger|slp\n|move|p1a: Ting-Lu|Ruination|p2a: Badger\n|-damage|p2a: Badger|16\/100 slp\n|move|p1b: Amoonguss|Pollen Puff|p2a: Badger\n|-resisted|p2a: Badger\n|-damage|p2a: Badger|13\/100 slp\n|\n|-damage|p1a: Ting-Lu|59\/100 brn|[from] brn\n|upkeep\n|turn|14\n|c| Marufbot|Lol\n|c| Rowlet69420|Lol\n|\n|t:|1683125434\n|cant|p2a: Badger|slp\n|move|p1a: Ting-Lu|Stomping Tantrum|p1b: Amoonguss\n|-supereffective|p1b: Amoonguss\n|-damage|p1b: Amoonguss|1\/100\n|-damage|p1a: Ting-Lu|42\/100 brn|[from] item: Rocky Helmet|[of] p1b: Amoonguss\n|move|p1b: Amoonguss|Spore|p2a: Badger\n|-fail|p2a: Badger|slp\n|\n|-damage|p1a: Ting-Lu|36\/100 brn|[from] brn\n|upkeep\n|turn|15\n|c| Rowlet69420|Bruh\n|\n|t:|1683125451\n|-curestatus|p2a: Badger|slp|[msg]\n|move|p2a: Badger|Roost|p2a: Badger\n|-heal|p2a: Badger|64\/100\n|-singleturn|p2a: Badger|move: Roost\n|move|p1a: Ting-Lu|Ruination|p2a: Badger\n|-damage|p2a: Badger|32\/100\n|move|p1b: Amoonguss|Pollen Puff|p2a: Badger\n|-resisted|p2a: Badger\n|-damage|p2a: Badger|25\/100\n|\n|-damage|p1a: Ting-Lu|30\/100 brn|[from] brn\n|upkeep\n|turn|16\n|c| Rowlet69420|Ganja ganja\n|\n|t:|1683125470\n|move|p2a: Badger|Bulk Up|p2a: Badger\n|-boost|p2a: Badger|atk|1\n|-boost|p2a: Badger|def|1\n|move|p1a: Ting-Lu|Stomping Tantrum|p2a: Badger\n|-immune|p2a: Badger\n|move|p1b: Amoonguss|Spore|p2a: Badger\n|-status|p2a: Badger|slp|[from] move: Spore\n|\n|-damage|p1a: Ting-Lu|24\/100 brn|[from] brn\n|upkeep\n|turn|17\n|c| Rowlet69420|Bruv\n|c| Marufbot|Jarif halay asholei genjam\n|c| Rowlet69420|any one's game now\n|\n|t:|1683125481\n|cant|p2a: Badger|slp\n|move|p1a: Ting-Lu|Ruination|p2a: Badger\n|-damage|p2a: Badger|13\/100 slp\n|move|p1b: Amoonguss|Pollen Puff|p2a: Badger\n|-resisted|p2a: Badger\n|-damage|p2a: Badger|10\/100 slp\n|\n|-damage|p1a: Ting-Lu|18\/100 brn|[from] brn\n|upkeep\n|turn|18\n|c| Rowlet69420|and g\u00e6shi vau choked\n|c| Marufbot|Choto polapan re ganja dhoray dise\n|\n|t:|1683125500\n|cant|p2a: Badger|slp\n|move|p1a: Ting-Lu|Heavy Slam|p2a: Badger\n|-resisted|p2a: Badger\n|-damage|p2a: Badger|1\/100 slp\n|move|p1b: Amoonguss|Pollen Puff|p2a: Badger\n|-resisted|p2a: Badger\n|-damage|p2a: Badger|0 fnt\n|faint|p2a: Badger\n|\n|win|voxxod\n|c|\u2606Musfique18|Gg\n","uploadtime":1683125510,"views":20,"p1id":"voxxod","p2id":"musfique18","formatid":"gen9vgc2023regulationc","rating":0,"private":0,"password":""}