{"id":"gen9vgc2023regulationc-1847467992","p1":"lazysquirrel","p2":"JEEA","format":"[Gen 9] VGC 2023 Regulation C","log":"|j|\u2606lazysquirrel\n|j|\u2606JEEA\n|t:|1681958789\n|gametype|doubles\n|player|p1|lazysquirrel|265|1045\n|player|p2|JEEA|richboy-gen4|1000\n|teamsize|p1|6\n|teamsize|p2|4\n|gen|9\n|tier|[Gen 9] VGC 2023 Regulation C\n|rated|\n|rule|Species Clause: Limit one of each Pok\u00e9mon\n|rule|Item Clause: Limit one of each item\n|clearpoke\n|poke|p1|Annihilape, L50, F|\n|poke|p1|Maushold-Four, L50|\n|poke|p1|Amoonguss, L50, F|\n|poke|p1|Palafin, L50, F|\n|poke|p1|Flutter Mane, L50|\n|poke|p1|Arcanine, L50, M|\n|poke|p2|Pincurchin, L50, F|\n|poke|p2|Iron Hands, L50|\n|poke|p2|Hatterene, L50, F|\n|poke|p2|Bellibolt, L50, M|\n|teampreview|4\n|inactive|Battle timer is ON: inactive players will automatically lose when time's up. (requested by JEEA)\n|\n|t:|1681958813\n|start\n|switch|p1a: Annihilape|Annihilape, L50, F, shiny|100\/100\n|switch|p1b: Maushold|Maushold-Four, L50|100\/100\n|switch|p2a: Pincurchin|Pincurchin, L50, F, shiny|100\/100\n|switch|p2b: Hatterene|Hatterene, L50, F|100\/100\n|-fieldstart|move: Electric Terrain|[from] ability: Electric Surge|[of] p2a: Pincurchin\n|turn|1\n|\n|t:|1681958832\n|move|p1b: Maushold|Follow Me|p1b: Maushold\n|-singleturn|p1b: Maushold|move: Follow Me\n|move|p2a: Pincurchin|Sucker Punch||[still]\n|-fail|p2a: Pincurchin\n|move|p1a: Annihilape|Bulk Up|p1a: Annihilape\n|-boost|p1a: Annihilape|atk|1\n|-boost|p1a: Annihilape|def|1\n|move|p2b: Hatterene|Trick Room|p2b: Hatterene\n|-fieldstart|move: Trick Room|[of] p2b: Hatterene\n|\n|upkeep\n|turn|2\n|\n|t:|1681958853\n|move|p1a: Annihilape|Protect|p1a: Annihilape\n|-singleturn|p1a: Annihilape|Protect\n|move|p2a: Pincurchin|Acupressure|p2b: Hatterene\n|-boost|p2b: Hatterene|atk|2\n|move|p2b: Hatterene|Dazzling Gleam|p1b: Maushold|[spread] p1b\n|-activate|p1a: Annihilape|move: Protect\n|-damage|p1b: Maushold|72\/100\n|move|p1b: Maushold|Encore|p2b: Hatterene\n|move|p2b: Hatterene|Encore||[from]ability: Magic Bounce|[still]\n|-fail|p2b: Hatterene\n|\n|upkeep\n|turn|3\n|inactive|JEEA has 30 seconds left.\n|\n|t:|1681958885\n|move|p1b: Maushold|Follow Me|p1b: Maushold\n|-singleturn|p1b: Maushold|move: Follow Me\n|move|p2a: Pincurchin|Acupressure|p2b: Hatterene\n|-boost|p2b: Hatterene|evasion|2\n|move|p2b: Hatterene|Dazzling Gleam|p1a: Annihilape|[spread] p1a,p1b\n|-supereffective|p1a: Annihilape\n|-damage|p1a: Annihilape|66\/100\n|-damage|p1b: Maushold|40\/100\n|move|p1a: Annihilape|Rage Fist|p2b: Hatterene|[miss]\n|-miss|p1a: Annihilape|p2b: Hatterene\n|\n|-heal|p1a: Annihilape|72\/100|[from] item: Leftovers\n|upkeep\n|turn|4\n|\n|t:|1681958903\n|move|p2a: Pincurchin|Acupressure|p2b: Hatterene\n|-boost|p2b: Hatterene|spe|2\n|move|p2b: Hatterene|Dazzling Gleam|p1b: Maushold|[spread] p1a,p1b\n|-supereffective|p1a: Annihilape\n|-damage|p1a: Annihilape|43\/100\n|-damage|p1b: Maushold|9\/100\n|move|p1a: Annihilape|Rage Fist|p2b: Hatterene\n|-supereffective|p2b: Hatterene\n|-damage|p2b: Hatterene|0 fnt\n|faint|p2b: Hatterene\n|move|p1b: Maushold|Super Fang|p2a: Pincurchin\n|-damage|p2a: Pincurchin|51\/100\n|\n|-heal|p1a: Annihilape|50\/100|[from] item: Leftovers\n|upkeep\n|\n|t:|1681958919\n|switch|p2b: Bellibolt|Bellibolt, L50, M|100\/100\n|-enditem|p2b: Bellibolt|Electric Seed\n|-boost|p2b: Bellibolt|def|1|[from] item: Electric Seed\n|turn|5\n|\n|t:|1681958930\n|switch|p2a: Iron Hands|Iron Hands, L50|100\/100\n|-activate|p2a: Iron Hands|ability: Quark Drive\n|-start|p2a: Iron Hands|quarkdriveatk\n|move|p1a: Annihilape|Protect|p1a: Annihilape\n|-singleturn|p1a: Annihilape|Protect\n|move|p1b: Maushold|Protect|p1b: Maushold\n|-singleturn|p1b: Maushold|Protect\n|move|p2b: Bellibolt|Muddy Water|p1b: Maushold|[spread] \n|-activate|p1a: Annihilape|move: Protect\n|-activate|p1b: Maushold|move: Protect\n|\n|-heal|p1a: Annihilape|56\/100|[from] item: Leftovers\n|-fieldend|move: Trick Room\n|upkeep\n|turn|6\n|\n|t:|1681958954\n|-terastallize|p2a: Iron Hands|Ground\n|move|p2b: Bellibolt|Protect|p2b: Bellibolt\n|-singleturn|p2b: Bellibolt|Protect\n|move|p1b: Maushold|Follow Me|p1b: Maushold\n|-singleturn|p1b: Maushold|move: Follow Me\n|move|p1a: Annihilape|Rage Fist|p2b: Bellibolt\n|-activate|p2b: Bellibolt|move: Protect\n|move|p2a: Iron Hands|Earthquake|p1b: Maushold|[spread] p1a,p1b\n|-activate|p2b: Bellibolt|move: Protect\n|-damage|p1a: Annihilape|32\/100\n|-damage|p1b: Maushold|0 fnt\n|faint|p1b: Maushold\n|\n|-heal|p1a: Annihilape|38\/100|[from] item: Leftovers\n|upkeep\n|\n|t:|1681958969\n|switch|p1b: Flutter Mane|Flutter Mane, L50, shiny|100\/100\n|turn|7\n|\n|t:|1681958980\n|move|p1b: Flutter Mane|Dazzling Gleam|p2b: Bellibolt|[spread] p2a,p2b\n|-damage|p2a: Iron Hands|61\/100\n|-damage|p2b: Bellibolt|58\/100\n|-start|p2b: Bellibolt|Charge|Dazzling Gleam|[from] ability: Electromorphosis\n|move|p1a: Annihilape|Rage Fist|p2b: Bellibolt\n|-damage|p2b: Bellibolt|0 fnt\n|faint|p2b: Bellibolt\n|move|p2a: Iron Hands|Belly Drum|p2a: Iron Hands\n|-damage|p2a: Iron Hands|11\/100\n|-setboost|p2a: Iron Hands|atk|6|[from] move: Belly Drum\n|-enditem|p2a: Iron Hands|Sitrus Berry|[eat]\n|-heal|p2a: Iron Hands|36\/100|[from] item: Sitrus Berry\n|\n|-heal|p1a: Annihilape|45\/100|[from] item: Leftovers\n|upkeep\n|\n|t:|1681958994\n|switch|p2b: Pincurchin|Pincurchin, L50, F, shiny|51\/100\n|turn|8\n|\n|t:|1681959004\n|move|p1a: Annihilape|Protect|p1a: Annihilape\n|-singleturn|p1a: Annihilape|Protect\n|move|p2b: Pincurchin|Sucker Punch|p1b: Flutter Mane\n|-damage|p1b: Flutter Mane|76\/100\n|move|p1b: Flutter Mane|Dazzling Gleam|p2b: Pincurchin|[spread] p2a,p2b\n|-damage|p2a: Iron Hands|2\/100\n|-damage|p2b: Pincurchin|4\/100\n|move|p2a: Iron Hands|Earthquake|p1b: Flutter Mane|[spread] p2b,p1b\n|-activate|p1a: Annihilape|move: Protect\n|-supereffective|p2b: Pincurchin\n|-damage|p2b: Pincurchin|0 fnt\n|-damage|p1b: Flutter Mane|0 fnt\n|faint|p2b: Pincurchin\n|faint|p1b: Flutter Mane\n|-end|p1b: Flutter Mane|Protosynthesis|[silent]\n|\n|-heal|p1a: Annihilape|51\/100|[from] item: Leftovers\n|-fieldend|move: Electric Terrain\n|-end|p2a: Iron Hands|Quark Drive\n|upkeep\n|\n|t:|1681959021\n|switch|p1b: Amoonguss|Amoonguss, L50, F, shiny|100\/100\n|turn|9\n|\n|t:|1681959030\n|move|p1a: Annihilape|Rage Fist|p2a: Iron Hands\n|-damage|p2a: Iron Hands|0 fnt\n|faint|p2a: Iron Hands\n|-end|p2a: Iron Hands|Quark Drive|[silent]\n|\n|win|lazysquirrel\n|raw|lazysquirrel's rating: 1045 → 1074<\/strong> (+29 for winning)\n|raw|JEEA's rating: 1000 → 1000<\/strong> (+0 for losing)\n|l|\u2606JEEA\n","uploadtime":1681959043,"views":10,"p1id":"lazysquirrel","p2id":"jeea","formatid":"gen9vgc2023regulationc","rating":1000,"private":0,"password":""}