{"id":"gen9vgc2023regulationc-1854536449","p1":"ElRompeTesoOLT","p2":"Hugs Kryptonite","format":"[Gen 9] VGC 2023 Regulation C","log":"|j|\u2606ElRompeTesoOLT\n|j|\u2606Hugs Kryptonite\n|t:|1682823746\n|gametype|doubles\n|player|p1|ElRompeTesoOLT|ghetsis|1132\n|player|p2|Hugs Kryptonite|101|1160\n|teamsize|p1|6\n|teamsize|p2|6\n|gen|9\n|tier|[Gen 9] VGC 2023 Regulation C\n|rated|\n|rule|Species Clause: Limit one of each Pok\u00e9mon\n|rule|Item Clause: Limit one of each item\n|clearpoke\n|poke|p1|Blissey, L50, F|\n|poke|p1|Scream Tail, L50|\n|poke|p1|Indeedee-F, L50, F|\n|poke|p1|Pelipper, L50, M|\n|poke|p1|Tatsugiri-Stretchy, L50, F|\n|poke|p1|Dondozo, L50, F|\n|poke|p2|Dragonite, L50, M|\n|poke|p2|Lucario, L50, F|\n|poke|p2|Staraptor, L50, F|\n|poke|p2|Kingambit, L50, M|\n|poke|p2|Wo-Chien, L50|\n|poke|p2|Iron Bundle, L50|\n|teampreview|4\nElRompeTesoOLT rejected open team sheets.\n|\n|t:|1682823774\n|start\n|switch|p1a: Pelipper|Pelipper, L50, M|100\/100\n|switch|p1b: Scream Tail|Scream Tail, L50|100\/100\n|switch|p2a: Lucario|Lucario, L50, F|100\/100\n|switch|p2b: Kingambit|Kingambit, L50, M|100\/100\n|-weather|RainDance|[from] ability: Drizzle|[of] p1a: Pelipper\n|turn|1\n|\n|t:|1682823794\n|move|p2a: Lucario|Howl|p2a: Lucario|[spread] p2a,p2b\n|-boost|p2a: Lucario|atk|1\n|-boost|p2b: Kingambit|atk|1\n|move|p1b: Scream Tail|Bulk Up|p1b: Scream Tail\n|-boost|p1b: Scream Tail|atk|1\n|-boost|p1b: Scream Tail|def|1\n|move|p1a: Pelipper|Tailwind|p1a: Pelipper\n|-sidestart|p1: ElRompeTesoOLT|move: Tailwind\n|move|p2b: Kingambit|Iron Head|p1b: Scream Tail\n|-supereffective|p1b: Scream Tail\n|-damage|p1b: Scream Tail|37\/100\n|-enditem|p1b: Scream Tail|Sitrus Berry|[eat]\n|-heal|p1b: Scream Tail|62\/100|[from] item: Sitrus Berry\n|\n|-weather|RainDance|[upkeep]\n|upkeep\n|turn|2\n|\n|t:|1682823814\n|move|p2a: Lucario|Bullet Punch|p1b: Scream Tail\n|-supereffective|p1b: Scream Tail\n|-damage|p1b: Scream Tail|35\/100\n|move|p2b: Kingambit|Sucker Punch|p1a: Pelipper\n|-damage|p1a: Pelipper|51\/100\n|move|p1b: Scream Tail|Baton Pass|p1b: Scream Tail\n|\n|t:|1682823821\n|-end|p1b: Scream Tail|Protosynthesis|[silent]\n|switch|p1b: Dondozo|Dondozo, L50, F|100\/100|[from] Baton Pass\n|move|p1a: Pelipper|U-turn|p2b: Kingambit\n|-damage|p2b: Kingambit|93\/100\n|\n|t:|1682823823\n|switch|p1a: Tatsugiri|Tatsugiri-Stretchy, L50, F|100\/100|[from] U-turn\n|-activate|p1a: Tatsugiri|ability: Commander|[of] p1b: Dondozo\n|-boost|p1b: Dondozo|atk|2\n|-boost|p1b: Dondozo|spa|2\n|-boost|p1b: Dondozo|spe|2\n|-boost|p1b: Dondozo|def|2\n|-boost|p1b: Dondozo|spd|2\n|\n|-weather|RainDance|[upkeep]\n|upkeep\n|turn|3\n|\n|t:|1682823840\n|-terastallize|p2b: Kingambit|Flying\n|move|p2b: Kingambit|Sucker Punch|p1b: Dondozo\n|-damage|p1b: Dondozo|90\/100\n|move|p1b: Dondozo|Liquidation|p2b: Kingambit\n|-damage|p2b: Kingambit|0 fnt\n|faint|p2b: Kingambit\n|move|p2a: Lucario|Drain Punch|p1b: Dondozo\n|-damage|p1b: Dondozo|81\/100\n|\n|-weather|RainDance|[upkeep]\n|upkeep\n|\n|t:|1682823849\n|switch|p2b: Wo-Chien|Wo-Chien, L50|100\/100\n|-ability|p2b: Wo-Chien|Tablets of Ruin\n|turn|4\n|\n|t:|1682823862\n|-terastallize|p1b: Dondozo|Fighting\n|move|p1b: Dondozo|Tera Blast|p2b: Wo-Chien\n|-supereffective|p2b: Wo-Chien\n|-damage|p2b: Wo-Chien|0 fnt\n|faint|p2b: Wo-Chien\n|move|p2a: Lucario|Zen Headbutt|p1b: Dondozo\n|-supereffective|p1b: Dondozo\n|-damage|p1b: Dondozo|68\/100\n|\n|-weather|RainDance|[upkeep]\n|-sideend|p1: ElRompeTesoOLT|move: Tailwind\n|upkeep\n|\n|t:|1682823872\n|switch|p2b: Iron Bundle|Iron Bundle, L50|100\/100\n|-enditem|p2b: Iron Bundle|Booster Energy\n|-activate|p2b: Iron Bundle|ability: Quark Drive|[fromitem]\n|-start|p2b: Iron Bundle|quarkdrivespe\n|turn|5\n|c|\u2606Hugs Kryptonite|everyone is playing annoying today\n|c|\u2606ElRompeTesoOLT|Why is this annonying?\n|c|\u2606ElRompeTesoOLT|is not stall\n|c|\u2606Hugs Kryptonite|rain boost into dozo\n|c|\u2606Hugs Kryptonite|k not annoying\n|c|\u2606ElRompeTesoOLT|Not annonying\n|c|\u2606ElRompeTesoOLT|just broken\n|c|\u2606ElRompeTesoOLT|hahaha\n|c|\u2606Hugs Kryptonite|im just gonna drag my shitty standard team back out\n|c|\u2606Hugs Kryptonite|because everyone is being a piece of shit\n|c|\u2606ElRompeTesoOLT|lol the only one being\n|c|\u2606Hugs Kryptonite|literally enjoy being hazed\n|c|\u2606ElRompeTesoOLT|piece of shit\n|c|\u2606ElRompeTesoOLT|is you\n|-message|Hugs Kryptonite forfeited.\n|\n|win|ElRompeTesoOLT\n|raw|ElRompeTesoOLT's rating: 1132 → 1159<\/strong> (+27 for winning)\n|raw|Hugs Kryptonite's rating: 1160 → 1133<\/strong> (-27 for losing)\n|l|\u2606Hugs Kryptonite\n","uploadtime":1682823946,"views":13,"p1id":"elrompetesoolt","p2id":"hugskryptonite","formatid":"gen9vgc2023regulationc","rating":1133,"private":0,"password":""}