{"id":"gen9vgc2023regulationc-1857141766","p1":"Larchete","p2":"N8zaGr8","format":"[Gen 9] VGC 2023 Regulation C","log":"|j|\u2606Larchete\n|j|\u2606N8zaGr8\n|t:|1683150151\n|gametype|doubles\n|player|p1|Larchete|102|1698\n|player|p2|N8zaGr8|cynthia-gen4|1743\n|teamsize|p1|6\n|teamsize|p2|6\n|gen|9\n|tier|[Gen 9] VGC 2023 Regulation C\n|rated|\n|rule|Species Clause: Limit one of each Pok\u00e9mon\n|rule|Item Clause: Limit one of each item\n|clearpoke\n|poke|p1|Armarouge, L50, M|\n|poke|p1|Indeedee-F, L50, F|\n|poke|p1|Tatsugiri, L50, F|\n|poke|p1|Maushold, L50|\n|poke|p1|Dondozo, L50, M|\n|poke|p1|Talonflame, L50, F|\n|poke|p2|Iron Bundle, L50|\n|poke|p2|Ting-Lu, L50|\n|poke|p2|Amoonguss, L50, F|\n|poke|p2|Bronzong, L50|\n|poke|p2|Ceruledge, L50, F|\n|poke|p2|Dragonite, L50, M|\n|teampreview|4\nLarchete has agreed to open team sheets.\nN8zaGr8 has agreed to open team sheets.\n|inactive|Battle timer is ON: inactive players will automatically lose when time's up. (requested by N8zaGr8)\n|inactive|Larchete has 60 seconds left.\n|\n|t:|1683150237\n|start\n|switch|p1a: Maushold|Maushold, L50|100\/100\n|switch|p1b: Tatsugiri|Tatsugiri, L50, F|100\/100\n|switch|p2a: Father Help|Ting-Lu, L50|100\/100\n|switch|p2b: Dragonite|Dragonite, L50, M|100\/100\n|-ability|p2a: Father Help|Vessel of Ruin\n|turn|1\n|inactive|N8zaGr8 has 30 seconds left.\n|\n|t:|1683150266\n|switch|p1b: Indeedee|Indeedee-F, L50, F|100\/100\n|-fieldstart|move: Psychic Terrain|[from] ability: Psychic Surge|[of] p1b: Indeedee\n|move|p2b: Dragonite|Extreme Speed|p1b: Indeedee\n|-activate|p1b: Indeedee|move: Psychic Terrain\n|move|p1a: Maushold|Population Bomb|p2b: Dragonite\n|-damage|p2b: Dragonite|95\/100\n|-damage|p2b: Dragonite|84\/100\n|-damage|p2b: Dragonite|73\/100\n|-crit|p2b: Dragonite\n|-damage|p2b: Dragonite|56\/100\n|-damage|p2b: Dragonite|44\/100\n|-crit|p2b: Dragonite\n|-damage|p2b: Dragonite|27\/100\n|-damage|p2b: Dragonite|15\/100\n|-damage|p2b: Dragonite|5\/100\n|-damage|p2b: Dragonite|0 fnt\n|faint|p2b: Dragonite\n|-hitcount|p2: Dragonite|9\n|move|p2a: Father Help|Earthquake|p1a: Maushold|[spread] p1a,p1b\n|-damage|p1a: Maushold|49\/100\n|-damage|p1b: Indeedee|67\/100\n|\n|upkeep\n|\n|t:|1683150272\n|switch|p2b: GrAss Blaster|Ceruledge, L50, F|100\/100\n|turn|2\n|j| Conquistatore\n|inactive|Larchete has 30 seconds left.\n|\n|t:|1683150303\n|-terastallize|p1a: Maushold|Normal\n|move|p1b: Indeedee|Helping Hand|p1a: Maushold\n|-singleturn|p1a: Maushold|Helping Hand|[of] p1b: Indeedee\n|move|p2b: GrAss Blaster|Protect|p2b: GrAss Blaster\n|-singleturn|p2b: GrAss Blaster|Protect\n|move|p1a: Maushold|Population Bomb|p2a: Father Help\n|-damage|p2a: Father Help|87\/100\n|-damage|p2a: Father Help|73\/100\n|-damage|p2a: Father Help|59\/100\n|-damage|p2a: Father Help|45\/100\n|-damage|p2a: Father Help|32\/100\n|-damage|p2a: Father Help|18\/100\n|-damage|p2a: Father Help|4\/100\n|-damage|p2a: Father Help|0 fnt\n|faint|p2a: Father Help\n|-hitcount|p2: Father Help|8\n|\n|upkeep\n|\n|t:|1683150314\n|switch|p2a: Friend|Amoonguss, L50, F|100\/100\n|turn|3\n|\n|t:|1683150325\n|move|p1a: Maushold|Protect|p1a: Maushold\n|-singleturn|p1a: Maushold|Protect\n|move|p2a: Friend|Protect|p2a: Friend\n|-singleturn|p2a: Friend|Protect\n|move|p2b: GrAss Blaster|Bitter Blade|p1a: Maushold\n|-activate|p1a: Maushold|move: Protect\n|move|p1b: Indeedee|Trick Room|p1b: Indeedee\n|-fieldstart|move: Trick Room|[of] p1b: Indeedee\n|\n|upkeep\n|turn|4\n|inactive|N8zaGr8 has 30 seconds left.\n|\n|t:|1683150351\n|-terastallize|p2a: Friend|Steel\n|move|p1b: Indeedee|Follow Me|p1b: Indeedee\n|-singleturn|p1b: Indeedee|move: Follow Me\n|move|p2a: Friend|Pollen Puff|p1b: Indeedee\n|-supereffective|p1b: Indeedee\n|-damage|p1b: Indeedee|29\/100\n|move|p2b: GrAss Blaster|Bitter Blade|p1b: Indeedee\n|-damage|p1b: Indeedee|0 fnt\n|faint|p1b: Indeedee\n|move|p1a: Maushold|Population Bomb|p2a: Friend\n|-resisted|p2a: Friend\n|-damage|p2a: Friend|94\/100\n|-resisted|p2a: Friend\n|-damage|p2a: Friend|88\/100\n|-resisted|p2a: Friend\n|-crit|p2a: Friend\n|-damage|p2a: Friend|78\/100\n|-resisted|p2a: Friend\n|-damage|p2a: Friend|71\/100\n|-resisted|p2a: Friend\n|-damage|p2a: Friend|65\/100\n|-resisted|p2a: Friend\n|-damage|p2a: Friend|59\/100\n|-resisted|p2a: Friend\n|-damage|p2a: Friend|52\/100\n|-resisted|p2a: Friend\n|-damage|p2a: Friend|45\/100\n|-resisted|p2a: Friend\n|-damage|p2a: Friend|39\/100\n|-resisted|p2a: Friend\n|-damage|p2a: Friend|32\/100\n|-hitcount|p2a: Friend|10\n|\n|-heal|p2a: Friend|38\/100|[from] item: Leftovers\n|upkeep\n|\n|t:|1683150363\n|switch|p1b: Armarouge|Armarouge, L50, M|100\/100\n|turn|5\n|\n|t:|1683150383\n|move|p2a: Friend|Spore|p1b: Armarouge\n|-status|p1b: Armarouge|slp|[from] move: Spore\n|cant|p1b: Armarouge|slp\n|move|p2b: GrAss Blaster|Bitter Blade|p1a: Maushold\n|-damage|p1a: Maushold|0 fnt\n|faint|p1a: Maushold\n|\n|-heal|p2a: Friend|45\/100|[from] item: Leftovers\n|-fieldend|move: Psychic Terrain\n|upkeep\n|\n|t:|1683150391\n|switch|p1a: Tatsugiri|Tatsugiri, L50, F|100\/100\n|turn|6\n|\n|t:|1683150400\n|move|p2b: GrAss Blaster|Shadow Sneak|p1b: Armarouge\n|-supereffective|p1b: Armarouge\n|-damage|p1b: Armarouge|57\/100 slp\n|move|p2a: Friend|Spore|p1a: Tatsugiri\n|-status|p1a: Tatsugiri|slp|[from] move: Spore\n|cant|p1a: Tatsugiri|slp\n|cant|p1b: Armarouge|slp\n|\n|-heal|p2a: Friend|51\/100|[from] item: Leftovers\n|upkeep\n|turn|7\n|\n|t:|1683150413\n|move|p2b: GrAss Blaster|Shadow Sneak|p1b: Armarouge\n|-supereffective|p1b: Armarouge\n|-damage|p1b: Armarouge|11\/100 slp\n|move|p2a: Friend|Pollen Puff|p1b: Armarouge\n|-damage|p1b: Armarouge|0 fnt\n|faint|p1b: Armarouge\n|cant|p1a: Tatsugiri|slp\n|\n|-heal|p2a: Friend|57\/100|[from] item: Leftovers\n|-fieldend|move: Trick Room\n|upkeep\n|turn|8\n|inactive|N8zaGr8 has 30 seconds left.\n|\n|t:|1683150443\n|move|p2b: GrAss Blaster|Protect|p2b: GrAss Blaster\n|-singleturn|p2b: GrAss Blaster|Protect\n|cant|p1a: Tatsugiri|slp\n|move|p2a: Friend|Spore|p1a: Tatsugiri\n|-fail|p1a: Tatsugiri|slp\n|\n|-heal|p2a: Friend|63\/100|[from] item: Leftovers\n|upkeep\n|turn|9\n|\n|t:|1683150454\n|move|p2b: GrAss Blaster|Shadow Sneak|p1a: Tatsugiri\n|-damage|p1a: Tatsugiri|72\/100 slp\n|-curestatus|p1a: Tatsugiri|slp|[msg]\n|move|p1a: Tatsugiri|Muddy Water|p2b: GrAss Blaster|[spread] p2a,p2b\n|-supereffective|p2b: GrAss Blaster\n|-damage|p2a: Friend|17\/100\n|-damage|p2b: GrAss Blaster|0 fnt\n|faint|p2b: GrAss Blaster\n|move|p2a: Friend|Spore|p1a: Tatsugiri\n|-status|p1a: Tatsugiri|slp|[from] move: Spore\n|\n|-heal|p2a: Friend|23\/100|[from] item: Leftovers\n|upkeep\n|turn|10\n|\n|t:|1683150463\n|cant|p1a: Tatsugiri|slp\n|move|p2a: Friend|Pollen Puff|p1a: Tatsugiri\n|-damage|p1a: Tatsugiri|50\/100 slp\n|\n|-heal|p2a: Friend|29\/100|[from] item: Leftovers\n|upkeep\n|turn|11\n|\n|t:|1683150474\n|cant|p1a: Tatsugiri|slp\n|move|p2a: Friend|Pollen Puff|p1a: Tatsugiri\n|-damage|p1a: Tatsugiri|29\/100 slp\n|\n|-heal|p2a: Friend|36\/100|[from] item: Leftovers\n|upkeep\n|turn|12\n|\n|t:|1683150480\n|move|p2a: Friend|Protect|p2a: Friend\n|-singleturn|p2a: Friend|Protect\n|cant|p1a: Tatsugiri|slp\n|\n|-heal|p2a: Friend|42\/100|[from] item: Leftovers\n|upkeep\n|turn|13\n|\n|t:|1683150494\n|move|p2a: Friend|Protect||[still]\n|-fail|p2a: Friend\n|-curestatus|p1a: Tatsugiri|slp|[msg]\n|move|p1a: Tatsugiri|Muddy Water|p2a: Friend\n|-damage|p2a: Friend|0 fnt\n|faint|p2a: Friend\n|\n|win|Larchete\n|raw|Larchete's rating: 1698 → 1721<\/strong> (+23 for winning)\n|raw|N8zaGr8's rating: 1743 → 1720<\/strong> (-23 for losing)\n|l|\u2606N8zaGr8\n|l|\u2606Larchete\n","uploadtime":1683150510,"views":12,"p1id":"larchete","p2id":"n8zagr8","formatid":"gen9vgc2023regulationc","rating":1720,"private":0,"password":""}