{"id":"gen9vgc2023regulationc-1856669602","p1":"myselfkula","p2":"jordanwarburton96","format":"[Gen 9] VGC 2023 Regulation C","log":"|j|\u2606myselfkula\n|j|\u2606jordanwarburton96\n|t:|1683091392\n|gametype|doubles\n|player|p1|myselfkula|102|1278\n|player|p2|jordanwarburton96|twins-gen4|1180\n|teamsize|p1|6\n|teamsize|p2|6\n|gen|9\n|tier|[Gen 9] VGC 2023 Regulation C\n|rated|\n|rule|Species Clause: Limit one of each Pok\u00e9mon\n|rule|Item Clause: Limit one of each item\n|clearpoke\n|poke|p1|Annihilape, L50, M|\n|poke|p1|Great Tusk, L50|\n|poke|p1|Flutter Mane, L50|\n|poke|p1|Maushold-Four, L50|\n|poke|p1|Torkoal, L50, F|\n|poke|p1|Dragonite, L50, F|\n|poke|p2|Palafin, L50, F|\n|poke|p2|Flutter Mane, L50|\n|poke|p2|Ceruledge, L50, M|\n|poke|p2|Amoonguss, L50, M|\n|poke|p2|Garganacl, L50, F|\n|poke|p2|Arcanine, L50, F|\n|teampreview|4\n|\n|t:|1683091456\n|start\n|switch|p1a: Great Tusk|Great Tusk, L50|100\/100\n|switch|p1b: Annihilape|Annihilape, L50, M|100\/100\n|switch|p2a: childe|Palafin, L50, F|100\/100\n|switch|p2b: Cyno|Ceruledge, L50, M, shiny|100\/100\n|turn|1\n|inactive|Battle timer is ON: inactive players will automatically lose when time's up. (requested by myselfkula)\n|inactive|jordanwarburton96 has 60 seconds left.\n|\n|t:|1683091498\n|detailschange|p2a: childe|Palafin-Hero, L50, F\n|switch|p2a: c1 diluc|Arcanine, L50, F|100\/100\n|-ability|p2a: c1 diluc|Intimidate|boost\n|-unboost|p1a: Great Tusk|atk|1\n|-unboost|p1b: Annihilape|atk|1\n|-ability|p1b: Annihilape|Defiant|boost\n|-boost|p1b: Annihilape|atk|2\n|switch|p1b: Torkoal|Torkoal, L50, F|100\/100\n|-weather|SunnyDay|[from] ability: Drought|[of] p1b: Torkoal\n|-activate|p1a: Great Tusk|ability: Protosynthesis\n|-start|p1a: Great Tusk|protosynthesisdef\n|-terastallize|p2b: Cyno|Grass\n|move|p1a: Great Tusk|Rock Slide|p2b: Cyno|[spread] p2a,p2b\n|-supereffective|p2a: c1 diluc\n|-damage|p2a: c1 diluc|71\/100\n|-damage|p2b: Cyno|82\/100\n|cant|p2b: Cyno|flinch\n|\n|-weather|SunnyDay|[upkeep]\n|upkeep\n|turn|2\n|inactive|myselfkula has 30 seconds left.\n|inactive|jordanwarburton96 has 30 seconds left.\n|\n|t:|1683091528\n|switch|p1b: Annihilape|Annihilape, L50, M|100\/100\n|move|p1a: Great Tusk|Rock Slide|p2b: Cyno|[spread] p2b\n|-miss|p1a: Great Tusk|p2a: c1 diluc\n|-damage|p2b: Cyno|65\/100\n|move|p2a: c1 diluc|Will-O-Wisp|p1a: Great Tusk\n|-status|p1a: Great Tusk|brn\n|cant|p2b: Cyno|flinch\n|\n|-weather|SunnyDay|[upkeep]\n|-damage|p1a: Great Tusk|95\/100 brn|[from] brn\n|upkeep\n|turn|3\n|inactive|myselfkula has 30 seconds left.\n|inactive|jordanwarburton96 has 30 seconds left.\n|inactive|myselfkula has 20 seconds left.\n|\n|t:|1683091567\n|-terastallize|p1b: Annihilape|Fire\n|move|p1a: Great Tusk|Rock Slide|p2a: c1 diluc|[spread] p2a,p2b\n|-supereffective|p2a: c1 diluc\n|-damage|p2a: c1 diluc|55\/100\n|-damage|p2b: Cyno|57\/100\n|cant|p2a: c1 diluc|flinch\n|move|p1b: Annihilape|Bulk Up|p1b: Annihilape\n|-boost|p1b: Annihilape|atk|1\n|-boost|p1b: Annihilape|def|1\n|move|p2b: Cyno|Bulk Up|p2b: Cyno\n|-boost|p2b: Cyno|atk|1\n|-boost|p2b: Cyno|def|1\n|\n|-weather|SunnyDay|[upkeep]\n|-damage|p1a: Great Tusk|89\/100 brn|[from] brn\n|upkeep\n|turn|4\n|inactive|myselfkula has 30 seconds left.\n|inactive|jordanwarburton96 has 30 seconds left.\n|inactive|jordanwarburton96 has 20 seconds left.\n|inactive|jordanwarburton96 has 15 seconds left.\n|inactive|jordanwarburton96 has 10 seconds left.\n|\n|t:|1683091613\n|move|p2a: c1 diluc|Protect|p2a: c1 diluc\n|-singleturn|p2a: c1 diluc|Protect\n|move|p1a: Great Tusk|Rock Slide|p2b: Cyno|[spread] p2b\n|-activate|p2a: c1 diluc|move: Protect\n|-damage|p2b: Cyno|52\/100\n|move|p1b: Annihilape|Bulk Up|p1b: Annihilape\n|-boost|p1b: Annihilape|atk|1\n|-boost|p1b: Annihilape|def|1\n|cant|p2b: Cyno|flinch\n|\n|-weather|SunnyDay|[upkeep]\n|-damage|p1a: Great Tusk|83\/100 brn|[from] brn\n|upkeep\n|turn|5\n|inactive|myselfkula has 30 seconds left.\n|inactive|jordanwarburton96 has 30 seconds left.\n|inactive|jordanwarburton96 has 20 seconds left.\n|\n|t:|1683091652\n|switch|p2a: childe|Palafin-Hero, L50, F|100\/100\n|-activate|p2a: childe|ability: Zero to Hero\n|move|p1a: Great Tusk|Rock Slide|p2b: Cyno|[spread] p2b\n|-miss|p1a: Great Tusk|p2a: childe\n|-damage|p2b: Cyno|46\/100\n|move|p1b: Annihilape|Drain Punch|p2b: Cyno\n|-damage|p2b: Cyno|0 fnt\n|faint|p2b: Cyno\n|\n|-weather|none\n|-end|p1a: Great Tusk|Protosynthesis\n|-damage|p1a: Great Tusk|77\/100 brn|[from] brn\n|upkeep\n|\n|t:|1683091667\n|switch|p2b: pronouns|Flutter Mane, L50|100\/100\n|turn|6\n|\n|t:|1683091679\n|-end|p1a: Great Tusk|Protosynthesis|[silent]\n|switch|p1a: Torkoal|Torkoal, L50, F|100\/100\n|-weather|SunnyDay|[from] ability: Drought|[of] p1a: Torkoal\n|-activate|p2b: pronouns|ability: Protosynthesis\n|-start|p2b: pronouns|protosynthesisspe\n|move|p2b: pronouns|Shadow Ball|p1b: Annihilape\n|-damage|p1b: Annihilape|58\/100\n|-unboost|p1b: Annihilape|spd|1\n|-ability|p1b: Annihilape|Defiant|boost\n|-boost|p1b: Annihilape|atk|2\n|move|p2a: childe|Wave Crash|p1b: Annihilape\n|-supereffective|p1b: Annihilape\n|-damage|p1b: Annihilape|10\/100\n|-enditem|p1b: Annihilape|Weakness Policy\n|-boost|p1b: Annihilape|atk|2|[from] item: Weakness Policy\n|-boost|p1b: Annihilape|spa|2|[from] item: Weakness Policy\n|-damage|p2a: childe|84\/100|[from] Recoil\n|move|p1b: Annihilape|Drain Punch|p2a: childe\n|-damage|p2a: childe|0 fnt\n|-heal|p1b: Annihilape|51\/100|[from] drain|[of] p2a: childe\n|faint|p2a: childe\n|\n|-weather|SunnyDay|[upkeep]\n|upkeep\n|\n|t:|1683091698\n|switch|p2a: c1 diluc|Arcanine, L50, F|55\/100\n|-ability|p2a: c1 diluc|Intimidate|boost\n|-unboost|p1a: Torkoal|atk|1\n|-unboost|p1b: Annihilape|atk|1\n|-ability|p1b: Annihilape|Defiant|boost\n|-boost|p1b: Annihilape|atk|1\n|turn|7\n|\n|t:|1683091723\n|move|p1b: Annihilape|Protect|p1b: Annihilape\n|-singleturn|p1b: Annihilape|Protect\n|move|p2b: pronouns|Shadow Ball|p1b: Annihilape\n|-activate|p1b: Annihilape|move: Protect\n|move|p2a: c1 diluc|Snarl|p1b: Annihilape|[spread] p1a\n|-activate|p1b: Annihilape|move: Protect\n|-damage|p1a: Torkoal|89\/100\n|-unboost|p1a: Torkoal|spa|1\n|move|p1a: Torkoal|Earth Power|p2a: c1 diluc\n|-supereffective|p2a: c1 diluc\n|-damage|p2a: c1 diluc|15\/100\n|\n|-weather|SunnyDay|[upkeep]\n|upkeep\n|turn|8\n|-message|jordanwarburton96 forfeited.\n|\n|win|myselfkula\n|raw|myselfkula's rating: 1278 → 1296<\/strong> (+18 for winning)\n|raw|jordanwarburton96's rating: 1180 → 1162<\/strong> (-18 for losing)\n|l|\u2606jordanwarburton96\n","uploadtime":1683091742,"views":11,"p1id":"myselfkula","p2id":"jordanwarburton96","formatid":"gen9vgc2023regulationc","rating":1162,"private":0,"password":""}