{"id":"gen9vgc2023regulationc-1858758175","p1":"tealpens1","p2":"UltraSatiel","format":"[Gen 9] VGC 2023 Regulation C","log":"|j|\u2606tealpens1\n|j|\u2606UltraSatiel\n|t:|1683355102\n|gametype|doubles\n|player|p1|tealpens1|265|1195\n|player|p2|UltraSatiel|hugh|1155\n|teamsize|p1|6\n|teamsize|p2|6\n|gen|9\n|tier|[Gen 9] VGC 2023 Regulation C\n|rated|\n|rule|Species Clause: Limit one of each Pok\u00e9mon\n|rule|Item Clause: Limit one of each item\n|clearpoke\n|poke|p1|Roaring Moon, L50|\n|poke|p1|Gyarados, L50, F|\n|poke|p1|Amoonguss, L50, F|\n|poke|p1|Flutter Mane, L50|\n|poke|p1|Iron Hands, L50|\n|poke|p1|Volcarona, L50, M|\n|poke|p2|Chi-Yu, L50|\n|poke|p2|Chien-Pao, L50|\n|poke|p2|Flutter Mane, L50|\n|poke|p2|Gyarados, L50, M|\n|poke|p2|Gallade, L50, M|\n|poke|p2|Amoonguss, L50, M|\n|teampreview|4\n|inactive|Battle timer is ON: inactive players will automatically lose when time's up. (requested by UltraSatiel)\n|\n|t:|1683355171\n|start\n|switch|p1a: Amoonguss|Amoonguss, L50, F|100\/100\n|switch|p1b: Volcarona|Volcarona, L50, M|100\/100\n|switch|p2a: Gallade|Gallade, L50, M|100\/100\n|switch|p2b: Amoonguss|Amoonguss, L50, M|100\/100\n|turn|1\n|inactive|tealpens1 has 30 seconds left.\n|inactive|UltraSatiel has 30 seconds left.\n|inactive|tealpens1 has 20 seconds left.\n|inactive|UltraSatiel has 20 seconds left.\n|inactive|UltraSatiel has 15 seconds left.\n|\n|t:|1683355214\n|move|p2b: Amoonguss|Rage Powder|p2b: Amoonguss\n|-singleturn|p2b: Amoonguss|move: Rage Powder\n|move|p2a: Gallade|Aqua Cutter|p1b: Volcarona\n|-supereffective|p1b: Volcarona\n|-damage|p1b: Volcarona|11\/100\n|move|p1b: Volcarona|Heat Wave|p2b: Amoonguss|[spread] p2a,p2b\n|-supereffective|p2b: Amoonguss\n|-damage|p2a: Gallade|63\/100\n|-damage|p2b: Amoonguss|35\/100\n|move|p1a: Amoonguss|Spore|p2a: Gallade\n|-status|p2a: Gallade|slp|[from] move: Spore\n|\n|-heal|p2b: Amoonguss|41\/100|[from] item: Black Sludge\n|upkeep\n|turn|2\n|inactive|tealpens1 has 30 seconds left.\n|\n|t:|1683355243\n|switch|p2b: Gyarados|Gyarados, L50, M|100\/100\n|-ability|p2b: Gyarados|Intimidate|boost\n|-unboost|p1a: Amoonguss|atk|1\n|-unboost|p1b: Volcarona|atk|1\n|cant|p2a: Gallade|slp\n|move|p1b: Volcarona|Heat Wave|p2b: Gyarados|[spread] p2a\n|-miss|p1b: Volcarona|p2b: Gyarados\n|-damage|p2a: Gallade|23\/100 slp\n|move|p1a: Amoonguss|Pollen Puff|p1b: Volcarona\n|-heal|p1b: Volcarona|61\/100\n|\n|upkeep\n|turn|3\n|inactive|UltraSatiel has 30 seconds left.\n|\n|t:|1683355269\n|move|p1a: Amoonguss|Rage Powder|p1a: Amoonguss\n|-singleturn|p1a: Amoonguss|move: Rage Powder\n|cant|p2a: Gallade|slp\n|move|p2b: Gyarados|Taunt|p1a: Amoonguss\n|-start|p1a: Amoonguss|move: Taunt\n|move|p1b: Volcarona|Quiver Dance|p1b: Volcarona\n|-boost|p1b: Volcarona|spa|1\n|-boost|p1b: Volcarona|spd|1\n|-boost|p1b: Volcarona|spe|1\n|\n|upkeep\n|turn|4\n|inactive|tealpens1 has 30 seconds left.\n|inactive|tealpens1 has 20 seconds left.\n|\n|t:|1683355308\n|switch|p2a: Chi-Yu|Chi-Yu, L50|100\/100\n|-ability|p2a: Chi-Yu|Beads of Ruin\n|switch|p1a: Gyarados|Gyarados, L50, F|100\/100\n|-ability|p1a: Gyarados|Intimidate|boost\n|-unboost|p2a: Chi-Yu|atk|1\n|-unboost|p2b: Gyarados|atk|1\n|-terastallize|p1b: Volcarona|Water\n|move|p1b: Volcarona|Giga Drain|p2a: Chi-Yu\n|-resisted|p2a: Chi-Yu\n|-damage|p2a: Chi-Yu|80\/100\n|-heal|p1b: Volcarona|69\/100|[from] drain|[of] p2a: Chi-Yu\n|move|p2b: Gyarados|Waterfall|p1b: Volcarona\n|-resisted|p1b: Volcarona\n|-damage|p1b: Volcarona|54\/100\n|-status|p2b: Gyarados|brn|[from] ability: Flame Body|[of] p1b: Volcarona\n|\n|-damage|p2b: Gyarados|95\/100 brn|[from] brn\n|upkeep\n|turn|5\n|inactive|tealpens1 has 30 seconds left.\n|inactive|UltraSatiel has 30 seconds left.\n|inactive|tealpens1 has 20 seconds left.\n|\n|t:|1683355345\n|move|p1b: Volcarona|Giga Drain|p2b: Gyarados\n|-damage|p2b: Gyarados|47\/100 brn\n|-heal|p1b: Volcarona|78\/100|[from] drain|[of] p2b: Gyarados\n|-enditem|p2b: Gyarados|Sitrus Berry|[eat]\n|-heal|p2b: Gyarados|71\/100 brn|[from] item: Sitrus Berry\n|move|p2a: Chi-Yu|Snarl|p1a: Gyarados|[spread] p1a,p1b\n|-crit|p1a: Gyarados\n|-damage|p1a: Gyarados|71\/100\n|-damage|p1b: Volcarona|60\/100\n|-unboost|p1a: Gyarados|spa|1\n|-unboost|p1b: Volcarona|spa|1\n|move|p2b: Gyarados|Thunder Wave|p1b: Volcarona\n|-status|p1b: Volcarona|par\n|move|p1a: Gyarados|Waterfall|p2a: Chi-Yu\n|-supereffective|p2a: Chi-Yu\n|-damage|p2a: Chi-Yu|0 fnt\n|faint|p2a: Chi-Yu\n|\n|-damage|p2b: Gyarados|66\/100 brn|[from] brn\n|upkeep\n|\n|t:|1683355354\n|switch|p2a: Amoonguss|Amoonguss, L50, M|74\/100\n|turn|6\n|\n|t:|1683355369\n|move|p2b: Gyarados|Waterfall|p1a: Gyarados\n|-resisted|p1a: Gyarados\n|-damage|p1a: Gyarados|64\/100\n|move|p1a: Gyarados|Taunt|p2a: Amoonguss\n|-start|p2a: Amoonguss|move: Taunt\n|move|p1b: Volcarona|Heat Wave|p2a: Amoonguss|[spread] p2a,p2b\n|-supereffective|p2a: Amoonguss\n|-resisted|p2b: Gyarados\n|-damage|p2a: Amoonguss|9\/100\n|-damage|p2b: Gyarados|48\/100 brn\n|cant|p2a: Amoonguss|move: Taunt|Spore\n|\n|-heal|p2a: Amoonguss|15\/100|[from] item: Black Sludge\n|-damage|p2b: Gyarados|42\/100 brn|[from] brn\n|upkeep\n|turn|7\n|c|\u2606tealpens1|>=)\n|inactive|tealpens1 has 30 seconds left.\n|c|\u2606UltraSatiel|let him cook\n|inactive|tealpens1 has 20 seconds left.\n|\n|t:|1683355406\n|switch|p1a: Amoonguss|Amoonguss, L50, F|100\/100\n|move|p2b: Gyarados|Earthquake|p1b: Volcarona|[spread] p2a,p1a,p1b\n|-damage|p2a: Amoonguss|8\/100\n|-damage|p1a: Amoonguss|94\/100\n|-damage|p1b: Volcarona|50\/100 par\n|move|p1b: Volcarona|Heat Wave|p2b: Gyarados|[spread] p2a,p2b\n|-supereffective|p2a: Amoonguss\n|-resisted|p2b: Gyarados\n|-damage|p2a: Amoonguss|0 fnt\n|-damage|p2b: Gyarados|25\/100 brn\n|faint|p2a: Amoonguss\n|\n|-damage|p2b: Gyarados|19\/100 brn|[from] brn\n|upkeep\n|c|\u2606tealpens1|lol\n|inactive|UltraSatiel has 30 seconds left.\n|\n|t:|1683355438\n|switch|p2a: Gallade|Gallade, L50, M|23\/100 slp\n|turn|8\n|c|\u2606tealpens1|wheres the volcarona answer?!\n|c|\u2606UltraSatiel|sleeping\n|\n|t:|1683355456\n|-curestatus|p2a: Gallade|slp|[msg]\n|move|p2a: Gallade|Psycho Cut|p1b: Volcarona\n|-damage|p1b: Volcarona|0 fnt\n|faint|p1b: Volcarona\n|move|p2b: Gyarados|Taunt|p1a: Amoonguss\n|-start|p1a: Amoonguss|move: Taunt\n|move|p1a: Amoonguss|Pollen Puff|p2a: Gallade\n|-damage|p2a: Gallade|3\/100\n|\n|-damage|p2b: Gyarados|13\/100 brn|[from] brn\n|upkeep\n|c|\u2606UltraSatiel|nvm hes woken up\n|c|\u2606tealpens1|xD\n|\n|t:|1683355479\n|switch|p1b: Gyarados|Gyarados, L50, F|64\/100\n|-ability|p1b: Gyarados|Intimidate|boost\n|-unboost|p2a: Gallade|atk|1\n|-unboost|p2b: Gyarados|atk|1\n|turn|9\n|c|\u2606tealpens1|but now\n|c|\u2606tealpens1|all hope ends\n|c|\u2606UltraSatiel|yuppers\n|c|\u2606tealpens1|you did your best\n|c|\u2606UltraSatiel|its joeover\n|\n|t:|1683355503\n|move|p2a: Gallade|Psycho Cut|p1a: Amoonguss\n|-supereffective|p1a: Amoonguss\n|-damage|p1a: Amoonguss|36\/100\n|move|p2b: Gyarados|Waterfall|p1b: Gyarados\n|-resisted|p1b: Gyarados\n|-damage|p1b: Gyarados|60\/100\n|move|p1b: Gyarados|Waterfall|p2a: Gallade\n|-damage|p2a: Gallade|0 fnt\n|faint|p2a: Gallade\n|move|p1a: Amoonguss|Pollen Puff|p2b: Gyarados\n|-resisted|p2b: Gyarados\n|-damage|p2b: Gyarados|5\/100 brn\n|\n|-damage|p2b: Gyarados|0 fnt|[from] brn\n|faint|p2b: Gyarados\n|\n|win|tealpens1\n|upkeep\n|raw|tealpens1's rating: 1195 → 1217<\/strong> (+22 for winning)\n|raw|UltraSatiel's rating: 1155 → 1133<\/strong> (-22 for losing)\n|c|\u2606UltraSatiel|gg\n|c|\u2606tealpens1|xD\n|l|\u2606UltraSatiel\n|c|\u2606tealpens1|gg\n","uploadtime":1683355522,"views":5,"p1id":"tealpens1","p2id":"ultrasatiel","formatid":"gen9vgc2023regulationc","rating":1133,"private":0,"password":""}