{"id":"gen9vgc2023regulationc-1851781604","p1":"PandaPat75","p2":"Artemis Eclipse","format":"[Gen 9] VGC 2023 Regulation C","log":"|j|\u2606PandaPat75\n|j|\u2606Artemis Eclipse\n|t:|1682482685\n|gametype|doubles\n|player|p1|PandaPat75|crasherwake|1615\n|player|p2|Artemis Eclipse|acetrainerf|1534\n|teamsize|p1|6\n|teamsize|p2|6\n|gen|9\n|tier|[Gen 9] VGC 2023 Regulation C\n|rated|\n|rule|Species Clause: Limit one of each Pok\u00e9mon\n|rule|Item Clause: Limit one of each item\n|clearpoke\n|poke|p1|Dondozo, L50, M|\n|poke|p1|Tatsugiri, L50, M|\n|poke|p1|Chi-Yu, L50|\n|poke|p1|Glimmora, L50, M|\n|poke|p1|Gothitelle, L50, F|\n|poke|p1|Baxcalibur, L50, F|\n|poke|p2|Flutter Mane, L50|\n|poke|p2|Baxcalibur, L50, M|\n|poke|p2|Gyarados, L50, M|\n|poke|p2|Amoonguss, L50, F|\n|poke|p2|Ting-Lu, L50|\n|poke|p2|Kingambit, L50, M|\n|teampreview|4\n|\n|t:|1682482754\n|start\n|switch|p1a: Glimmora|Glimmora, L50, M|100\/100\n|switch|p1b: Baxcalibur|Baxcalibur, L50, F|100\/100\n|switch|p2a: Kingambit|Kingambit, L50, M|100\/100\n|switch|p2b: Gyarados|Gyarados, L50, M|100\/100\n|-ability|p2b: Gyarados|Intimidate|boost\n|-unboost|p1a: Glimmora|atk|1\n|-fail|p1b: Baxcalibur|unboost|[from] item: Clear Amulet|[of] p1b: Baxcalibur\n|turn|1\n|inactive|Battle timer is ON: inactive players will automatically lose when time's up. (requested by PandaPat75)\n|j| KounoTaro\n|\n|t:|1682482776\n|move|p1a: Glimmora|Power Gem|p2b: Gyarados\n|-supereffective|p2b: Gyarados\n|-damage|p2b: Gyarados|31\/100\n|move|p1b: Baxcalibur|Glaive Rush|p2b: Gyarados\n|-damage|p2b: Gyarados|0 fnt\n|-singlemove|p1b: Baxcalibur|Glaive Rush|[silent]\n|faint|p2b: Gyarados\n|move|p2a: Kingambit|Iron Head|p1a: Glimmora\n|-supereffective|p1a: Glimmora\n|-damage|p1a: Glimmora|0 fnt\n|-activate|p1a: Glimmora|ability: Toxic Debris\n|-sidestart|p2: Artemis Eclipse|move: Toxic Spikes\n|faint|p1a: Glimmora\n|\n|upkeep\n|\n|t:|1682482789\n|switch|p1a: Dondozo|Dondozo, L50, M|100\/100\n|switch|p2b: Amoonguss|Amoonguss, L50, F|100\/100\n|-sideend|p2: Artemis Eclipse|move: Toxic Spikes|[of] p2b: Amoonguss\n|turn|2\n|j| LC77777\n|\n|t:|1682482809\n|switch|p1b: Tatsugiri|Tatsugiri, L50, M|100\/100\n|-activate|p1b: Tatsugiri|ability: Commander|[of] p1a: Dondozo\n|-boost|p1a: Dondozo|atk|2\n|-boost|p1a: Dondozo|spa|2\n|-boost|p1a: Dondozo|spe|2\n|-boost|p1a: Dondozo|def|2\n|-boost|p1a: Dondozo|spd|2\n|-terastallize|p1a: Dondozo|Steel\n|move|p2b: Amoonguss|Protect|p2b: Amoonguss\n|-singleturn|p2b: Amoonguss|Protect\n|move|p1a: Dondozo|Substitute|p1a: Dondozo\n|-start|p1a: Dondozo|Substitute\n|-damage|p1a: Dondozo|75\/100\n|move|p2a: Kingambit|Iron Head|p1b: Tatsugiri|[miss]\n|-miss|p2a: Kingambit|p1b: Tatsugiri\n|\n|-heal|p1a: Dondozo|82\/100|[from] item: Leftovers\n|upkeep\n|turn|3\n|inactive|Artemis Eclipse has 30 seconds left.\n|\n|t:|1682482843\n|switch|p2b: Ting-Lu|Ting-Lu, L50|100\/100\n|-ability|p2b: Ting-Lu|Vessel of Ruin\n|-terastallize|p2a: Kingambit|Flying\n|move|p1a: Dondozo|Order Up|p2b: Ting-Lu\n|-damage|p2b: Ting-Lu|75\/100\n|-boost|p1a: Dondozo|atk|1\n|move|p2a: Kingambit|Kowtow Cleave|p1a: Dondozo\n|-activate|p1a: Dondozo|move: Substitute|[damage]\n|\n|-heal|p1a: Dondozo|88\/100|[from] item: Leftovers\n|-heal|p2b: Ting-Lu|81\/100|[from] item: Leftovers\n|upkeep\n|turn|4\n|\n|t:|1682482863\n|switch|p2b: Amoonguss|Amoonguss, L50, F|100\/100\n|move|p1a: Dondozo|Protect|p1a: Dondozo\n|-singleturn|p1a: Dondozo|Protect\n|move|p2a: Kingambit|Kowtow Cleave|p1a: Dondozo\n|-activate|p1a: Dondozo|move: Protect\n|\n|-heal|p1a: Dondozo|94\/100|[from] item: Leftovers\n|upkeep\n|turn|5\n|\n|t:|1682482876\n|switch|p2b: Ting-Lu|Ting-Lu, L50|81\/100\n|-ability|p2b: Ting-Lu|Vessel of Ruin\n|move|p1a: Dondozo|Wave Crash|p2a: Kingambit\n|-damage|p2a: Kingambit|4\/100\n|-damage|p1a: Dondozo|68\/100|[from] Recoil\n|move|p2a: Kingambit|Kowtow Cleave|p1a: Dondozo\n|-end|p1a: Dondozo|Substitute\n|\n|-heal|p1a: Dondozo|74\/100|[from] item: Leftovers\n|-heal|p2b: Ting-Lu|87\/100|[from] item: Leftovers\n|upkeep\n|turn|6\n|\n|t:|1682482896\n|switch|p2a: Amoonguss|Amoonguss, L50, F|100\/100\n|move|p1a: Dondozo|Wave Crash|p2b: Ting-Lu\n|-supereffective|p2b: Ting-Lu\n|-damage|p2b: Ting-Lu|0 fnt\n|faint|p2b: Ting-Lu\n|-damage|p1a: Dondozo|44\/100|[from] Recoil\n|\n|-heal|p1a: Dondozo|50\/100|[from] item: Leftovers\n|upkeep\n|-message|Artemis Eclipse forfeited.\n|\n|win|PandaPat75\n|raw|PandaPat75's rating: 1615 → 1630<\/strong> (+15 for winning)\n|raw|Artemis Eclipse's rating: 1534 → 1519<\/strong> (-15 for losing)\n|l|\u2606Artemis Eclipse\n|l| LC77777\n|l|\u2606PandaPat75\n","uploadtime":1682483003,"views":9,"p1id":"pandapat75","p2id":"artemiseclipse","formatid":"gen9vgc2023regulationc","rating":1519,"private":0,"password":""}