{"id":"gen9vgc2023regulationc-1847570856","p1":"ScooteezyYT","p2":"korwa391131","format":"[Gen 9] VGC 2023 Regulation C","log":"|j|\u2606ScooteezyYT\n|j|\u2606korwa391131\n|t:|1681975333\n|gametype|doubles\n|player|p1|ScooteezyYT|red|1232\n|player|p2|korwa391131|1|1228\n|teamsize|p1|6\n|teamsize|p2|6\n|gen|9\n|tier|[Gen 9] VGC 2023 Regulation C\n|rated|\n|rule|Species Clause: Limit one of each Pok\u00e9mon\n|rule|Item Clause: Limit one of each item\n|clearpoke\n|poke|p1|Murkrow, L50, F|\n|poke|p1|Flutter Mane, L50|\n|poke|p1|Great Tusk, L50|\n|poke|p1|Chi-Yu, L50|\n|poke|p1|Brute Bonnet, L50|\n|poke|p1|Iron Bundle, L50|\n|poke|p2|Gyarados, L50, M|\n|poke|p2|Indeedee-F, L50, F|\n|poke|p2|Armarouge, L50, M|\n|poke|p2|Annihilape, L50, M|\n|poke|p2|Ting-Lu, L50|\n|poke|p2|Talonflame, L50, M|\n|teampreview|4\n|\n|t:|1681975391\n|start\n|switch|p1a: Chi-Yu|Chi-Yu, L50|100\/100\n|switch|p1b: Iron Bundle|Iron Bundle, L50|100\/100\n|switch|p2a: Gyarados|Gyarados, L50, M, shiny|100\/100\n|switch|p2b: Indeedee|Indeedee-F, L50, F|100\/100\n|-ability|p1a: Chi-Yu|Beads of Ruin\n|-ability|p2a: Gyarados|Intimidate|boost\n|-unboost|p1a: Chi-Yu|atk|1\n|-unboost|p1b: Iron Bundle|atk|1\n|-fieldstart|move: Psychic Terrain|[from] ability: Psychic Surge|[of] p2b: Indeedee\n|-enditem|p1b: Iron Bundle|Booster Energy\n|-activate|p1b: Iron Bundle|ability: Quark Drive|[fromitem]\n|-start|p1b: Iron Bundle|quarkdrivespe\n|turn|1\n|inactive|Battle timer is ON: inactive players will automatically lose when time's up. (requested by ScooteezyYT)\n|\n|t:|1681975413\n|switch|p2b: Ting-Lu|Ting-Lu, L50|100\/100\n|-ability|p2b: Ting-Lu|Vessel of Ruin\n|move|p1b: Iron Bundle|Freeze-Dry|p2a: Gyarados\n|-supereffective|p2a: Gyarados\n|-damage|p2a: Gyarados|0 fnt\n|faint|p2a: Gyarados\n|move|p1a: Chi-Yu|Heat Wave|p2b: Ting-Lu|[miss]\n|-miss|p1a: Chi-Yu|p2b: Ting-Lu\n|\n|upkeep\n|\n|t:|1681975427\n|switch|p2a: Annihilape|Annihilape, L50, M|100\/100\n|turn|2\n|\n|t:|1681975441\n|switch|p1a: Brute Bonnet|Brute Bonnet, L50|100\/100\n|-terastallize|p2b: Ting-Lu|Poison\n|move|p1b: Iron Bundle|Freeze-Dry|p2b: Ting-Lu\n|-damage|p2b: Ting-Lu|88\/100\n|move|p2a: Annihilape|Bulk Up|p2a: Annihilape\n|-boost|p2a: Annihilape|atk|1\n|-boost|p2a: Annihilape|def|1\n|move|p2b: Ting-Lu|Stomping Tantrum|p1a: Brute Bonnet\n|-resisted|p1a: Brute Bonnet\n|-damage|p1a: Brute Bonnet|83\/100\n|\n|upkeep\n|turn|3\n|\n|t:|1681975458\n|move|p1b: Iron Bundle|Encore|p2a: Annihilape\n|-start|p2a: Annihilape|Encore\n|move|p2a: Annihilape|Bulk Up|p2a: Annihilape\n|-boost|p2a: Annihilape|atk|1\n|-boost|p2a: Annihilape|def|1\n|move|p1a: Brute Bonnet|Spore|p2b: Ting-Lu\n|-status|p2b: Ting-Lu|slp|[from] move: Spore\n|cant|p2b: Ting-Lu|slp\n|\n|upkeep\n|turn|4\n|inactive|ScooteezyYT has 30 seconds left.\n|\n|t:|1681975485\n|move|p1b: Iron Bundle|Freeze-Dry|p2b: Ting-Lu\n|-damage|p2b: Ting-Lu|76\/100 slp\n|move|p2a: Annihilape|Bulk Up|p2a: Annihilape\n|-boost|p2a: Annihilape|atk|1\n|-boost|p2a: Annihilape|def|1\n|move|p1a: Brute Bonnet|Bullet Seed|p2a: Annihilape\n|-damage|p2a: Annihilape|95\/100\n|-damage|p2a: Annihilape|89\/100\n|-damage|p2a: Annihilape|83\/100\n|-damage|p2a: Annihilape|77\/100\n|-hitcount|p2a: Annihilape|4\n|-curestatus|p2b: Ting-Lu|slp|[msg]\n|move|p2b: Ting-Lu|Fissure|p1b: Iron Bundle|[miss]\n|-miss|p2b: Ting-Lu|p1b: Iron Bundle\n|\n|-heal|p2a: Annihilape|83\/100|[from] item: Leftovers\n|upkeep\n|turn|5\n|\n|t:|1681975509\n|move|p1b: Iron Bundle|Freeze-Dry|p2a: Annihilape\n|-damage|p2a: Annihilape|62\/100\n|-status|p2a: Annihilape|frz\n|-curestatus|p2a: Annihilape|frz|[msg]\n|move|p2a: Annihilape|Bulk Up|p2a: Annihilape\n|-boost|p2a: Annihilape|atk|1\n|-boost|p2a: Annihilape|def|1\n|move|p1a: Brute Bonnet|Spore|p2b: Ting-Lu\n|-status|p2b: Ting-Lu|slp|[from] move: Spore\n|cant|p2b: Ting-Lu|slp\n|\n|-heal|p2a: Annihilape|68\/100|[from] item: Leftovers\n|-end|p2a: Annihilape|Encore\n|-fieldend|move: Psychic Terrain\n|upkeep\n|turn|6\n|inactive|korwa391131 has 30 seconds left.\n|\n|t:|1681975536\n|move|p1b: Iron Bundle|Encore|p2a: Annihilape\n|-start|p2a: Annihilape|Encore\n|move|p2a: Annihilape|Bulk Up|p2a: Annihilape\n|-boost|p2a: Annihilape|atk|1\n|-boost|p2a: Annihilape|def|1\n|move|p1a: Brute Bonnet|Crunch|p2b: Ting-Lu\n|-damage|p2b: Ting-Lu|54\/100 slp\n|cant|p2b: Ting-Lu|slp\n|\n|-heal|p2a: Annihilape|74\/100|[from] item: Leftovers\n|upkeep\n|turn|7\n|\n|t:|1681975549\n|move|p1b: Iron Bundle|Freeze-Dry|p2a: Annihilape\n|-damage|p2a: Annihilape|54\/100\n|move|p2a: Annihilape|Bulk Up|p2a: Annihilape\n|-boost|p2a: Annihilape|atk|1\n|-boost|p2a: Annihilape|def|1\n|move|p1a: Brute Bonnet|Crunch|p2b: Ting-Lu\n|-damage|p2b: Ting-Lu|29\/100 slp\n|-curestatus|p2b: Ting-Lu|slp|[msg]\n|move|p2b: Ting-Lu|Fissure|p1a: Brute Bonnet|[miss]\n|-miss|p2b: Ting-Lu|p1a: Brute Bonnet\n|\n|-heal|p2a: Annihilape|60\/100|[from] item: Leftovers\n|upkeep\n|turn|8\n|\n|t:|1681975566\n|move|p1b: Iron Bundle|Freeze-Dry|p2b: Ting-Lu\n|-damage|p2b: Ting-Lu|17\/100\n|move|p2a: Annihilape|Bulk Up|p2a: Annihilape\n|-boost|p2a: Annihilape|atk|0\n|-boost|p2a: Annihilape|def|0\n|move|p1a: Brute Bonnet|Crunch|p2b: Ting-Lu\n|-damage|p2b: Ting-Lu|0 fnt\n|faint|p2b: Ting-Lu\n|\n|-heal|p2a: Annihilape|66\/100|[from] item: Leftovers\n|-end|p2a: Annihilape|Encore\n|upkeep\n|\n|t:|1681975577\n|switch|p2b: Indeedee|Indeedee-F, L50, F|100\/100\n|-fieldstart|move: Psychic Terrain|[from] ability: Psychic Surge|[of] p2b: Indeedee\n|turn|9\n|\n|t:|1681975600\n|move|p1b: Iron Bundle|Protect|p1b: Iron Bundle\n|-singleturn|p1b: Iron Bundle|Protect\n|move|p2b: Indeedee|Follow Me|p2b: Indeedee\n|-singleturn|p2b: Indeedee|move: Follow Me\n|move|p2a: Annihilape|Drain Punch|p1a: Brute Bonnet\n|-supereffective|p1a: Brute Bonnet\n|-damage|p1a: Brute Bonnet|0 fnt\n|-heal|p2a: Annihilape|100\/100|[from] drain|[of] p1a: Brute Bonnet\n|faint|p1a: Brute Bonnet\n|-end|p1a: Brute Bonnet|Protosynthesis|[silent]\n|\n|upkeep\n|\n|t:|1681975610\n|switch|p1a: Chi-Yu|Chi-Yu, L50|100\/100\n|-ability|p1a: Chi-Yu|Beads of Ruin\n|turn|10\n|\n|t:|1681975624\n|-terastallize|p1a: Chi-Yu|Ghost\n|move|p1b: Iron Bundle|Encore|p2a: Annihilape\n|-start|p2a: Annihilape|Encore\n|move|p1a: Chi-Yu|Dark Pulse|p2b: Indeedee\n|-supereffective|p2b: Indeedee\n|-damage|p2b: Indeedee|0 fnt\n|faint|p2b: Indeedee\n|move|p2a: Annihilape|Drain Punch|p1b: Iron Bundle\n|-supereffective|p1b: Iron Bundle\n|-damage|p1b: Iron Bundle|0 fnt\n|faint|p1b: Iron Bundle\n|-end|p1b: Iron Bundle|Quark Drive|[silent]\n|\n|upkeep\n|\n|t:|1681975631\n|switch|p1b: Great Tusk|Great Tusk, L50|100\/100\n|turn|11\n|\n|t:|1681975646\n|move|p1b: Great Tusk|Headlong Rush|p2a: Annihilape\n|-damage|p2a: Annihilape|84\/100\n|-unboost|p1b: Great Tusk|def|1\n|-unboost|p1b: Great Tusk|spd|1\n|move|p1a: Chi-Yu|Dark Pulse|p2a: Annihilape\n|-damage|p2a: Annihilape|33\/100\n|move|p2a: Annihilape|Drain Punch|p1b: Great Tusk\n|-damage|p1b: Great Tusk|0 fnt\n|-heal|p2a: Annihilape|77\/100|[from] drain|[of] p1b: Great Tusk\n|faint|p1b: Great Tusk\n|-end|p1b: Great Tusk|Protosynthesis|[silent]\n|\n|-heal|p2a: Annihilape|83\/100|[from] item: Leftovers\n|upkeep\n|turn|12\n|\n|t:|1681975661\n|move|p1a: Chi-Yu|Dark Pulse|p2a: Annihilape\n|-damage|p2a: Annihilape|27\/100\n|cant|p2a: Annihilape|flinch\n|\n|-heal|p2a: Annihilape|33\/100|[from] item: Leftovers\n|-end|p2a: Annihilape|Encore\n|upkeep\n|turn|13\n|c|\u2606ScooteezyYT|Gg\n|inactive|korwa391131 has 30 seconds left.\n|\n|t:|1681975694\n|move|p2a: Annihilape|Protect|p2a: Annihilape\n|-singleturn|p2a: Annihilape|Protect\n|move|p1a: Chi-Yu|Dark Pulse|p2a: Annihilape\n|-activate|p2a: Annihilape|move: Protect\n|\n|-heal|p2a: Annihilape|39\/100|[from] item: Leftovers\n|-fieldend|move: Psychic Terrain\n|upkeep\n|turn|14\n|\n|t:|1681975706\n|move|p2a: Annihilape|Protect||[still]\n|-fail|p2a: Annihilape\n|move|p1a: Chi-Yu|Dark Pulse|p2a: Annihilape\n|-damage|p2a: Annihilape|0 fnt\n|faint|p2a: Annihilape\n|\n|win|ScooteezyYT\n|raw|ScooteezyYT's rating: 1232 → 1257<\/strong> (+25 for winning)\n|raw|korwa391131's rating: 1228 → 1203<\/strong> (-25 for losing)\n|l|\u2606korwa391131\n","uploadtime":1681975745,"views":10,"p1id":"scooteezyyt","p2id":"korwa391131","formatid":"gen9vgc2023regulationc","rating":1203,"private":0,"password":""}