{"id":"gen9vgc2023regulationc-1863804185","p1":"Jadedragon61","p2":"Foffa","format":"[Gen 9] VGC 2023 Regulation C","log":"|j|\u2606Jadedragon61\n|j|\u2606Foffa\n|t:|1684079795\n|gametype|doubles\n|player|p1|Jadedragon61|colress-gen7|1360\n|player|p2|Foffa|giovanni|1394\n|teamsize|p1|6\n|teamsize|p2|6\n|gen|9\n|tier|[Gen 9] VGC 2023 Regulation C\n|rated|\n|rule|Species Clause: Limit one of each Pok\u00e9mon\n|rule|Item Clause: Limit one of each item\n|clearpoke\n|poke|p1|Flutter Mane, L50|\n|poke|p1|Tyranitar, L50, F|\n|poke|p1|Gyarados, L50, F|\n|poke|p1|Amoonguss, L50, F|\n|poke|p1|Chi-Yu, L50|\n|poke|p1|Palafin, L50, F|\n|poke|p2|Murkrow, L50, M|\n|poke|p2|Flutter Mane, L50|\n|poke|p2|Brute Bonnet, L50|\n|poke|p2|Great Tusk, L50|\n|poke|p2|Kingambit, L50, M|\n|poke|p2|Chi-Yu, L50|\n|teampreview|4\n|inactive|Battle timer is ON: inactive players will automatically lose when time's up. (requested by Jadedragon61)\n|inactive|Foffa has 60 seconds left.\n|\n|t:|1684079849\n|start\n|switch|p1a: Fish 3|Flutter Mane, L50, shiny|100\/100\n|switch|p1b: evil purp|Palafin, L50, F, shiny|100\/100\n|switch|p2a: Brute Bonnet|Brute Bonnet, L50|100\/100\n|switch|p2b: Chi-Yu|Chi-Yu, L50|100\/100\n|-ability|p2b: Chi-Yu|Beads of Ruin\n|turn|1\n|\n|t:|1684079860\n|detailschange|p1b: evil purp|Palafin-Hero, L50, F, shiny\n|switch|p1b: SIO|Amoonguss, L50, F, shiny|100\/100\n|-terastallize|p2a: Brute Bonnet|Poison\n|move|p1a: Fish 3|Protect|p1a: Fish 3\n|-singleturn|p1a: Fish 3|Protect\n|move|p2b: Chi-Yu|Protect|p2b: Chi-Yu\n|-singleturn|p2b: Chi-Yu|Protect\n|move|p2a: Brute Bonnet|Spore|p1a: Fish 3\n|-activate|p1a: Fish 3|move: Protect\n|\n|upkeep\n|turn|2\n|\n|t:|1684079883\n|move|p1b: SIO|Rage Powder|p1b: SIO\n|-singleturn|p1b: SIO|move: Rage Powder\n|move|p1a: Fish 3|Moonblast|p2b: Chi-Yu\n|-crit|p2b: Chi-Yu\n|-enditem|p2b: Chi-Yu|Focus Sash\n|-damage|p2b: Chi-Yu|1\/100\n|-damage|p1a: Fish 3|91\/100|[from] item: Life Orb\n|move|p2b: Chi-Yu|Overheat|p1b: SIO\n|-supereffective|p1b: SIO\n|-damage|p1b: SIO|0 fnt\n|-unboost|p2b: Chi-Yu|spa|2\n|faint|p1b: SIO\n|move|p2a: Brute Bonnet|Seed Bomb|p1a: Fish 3\n|-damage|p1a: Fish 3|0 fnt\n|faint|p1a: Fish 3\n|-end|p1a: Fish 3|Protosynthesis|[silent]\n|\n|upkeep\n|\n|t:|1684079893\n|switch|p1a: Fish 1|Chi-Yu, L50|100\/100\n|switch|p1b: evil purp|Palafin-Hero, L50, F, shiny|100\/100\n|-ability|p1a: Fish 1|Beads of Ruin\n|-activate|p1b: evil purp|ability: Zero to Hero\n|turn|3\n|\n|t:|1684079916\n|-terastallize|p1a: Fish 1|Fire\n|move|p1b: evil purp|Jet Punch|p2a: Brute Bonnet\n|-damage|p2a: Brute Bonnet|58\/100\n|move|p1a: Fish 1|Heat Wave|p2a: Brute Bonnet|[spread] p2a\n|-miss|p1a: Fish 1|p2b: Chi-Yu\n|-damage|p2a: Brute Bonnet|0 fnt\n|faint|p2a: Brute Bonnet\n|-end|p2a: Brute Bonnet|Protosynthesis|[silent]\n|move|p2b: Chi-Yu|Overheat|p1a: Fish 1\n|-resisted|p1a: Fish 1\n|-damage|p1a: Fish 1|81\/100\n|-unboost|p2b: Chi-Yu|spa|2\n|\n|upkeep\n|\n|t:|1684079932\n|switch|p2a: Great Tusk|Great Tusk, L50|100\/100\n|turn|4\n|\n|t:|1684079953\n|move|p2b: Chi-Yu|Protect|p2b: Chi-Yu\n|-singleturn|p2b: Chi-Yu|Protect\n|move|p1b: evil purp|Jet Punch|p2a: Great Tusk\n|-supereffective|p2a: Great Tusk\n|-crit|p2a: Great Tusk\n|-damage|p2a: Great Tusk|0 fnt\n|faint|p2a: Great Tusk\n|-end|p2a: Great Tusk|Protosynthesis|[silent]\n|move|p1a: Fish 1|Heat Wave|p2b: Chi-Yu\n|-activate|p2b: Chi-Yu|move: Protect\n|\n|upkeep\n|\n|t:|1684079959\n|switch|p2a: Flutter Mane|Flutter Mane, L50|100\/100\n|turn|5\n|\n|t:|1684079969\n|move|p1b: evil purp|Jet Punch|p2a: Flutter Mane\n|-damage|p2a: Flutter Mane|35\/100\n|move|p1a: Fish 1|Heat Wave|p2b: Chi-Yu|[spread] p2a,p2b\n|-resisted|p2b: Chi-Yu\n|-damage|p2a: Flutter Mane|0 fnt\n|-damage|p2b: Chi-Yu|0 fnt\n|faint|p2a: Flutter Mane\n|-end|p2a: Flutter Mane|Protosynthesis|[silent]\n|faint|p2b: Chi-Yu\n|\n|win|Jadedragon61\n|raw|Jadedragon61's rating: 1360 → 1382<\/strong> (+22 for winning)\n|raw|Foffa's rating: 1394 → 1372<\/strong> (-22 for losing)\n|l|\u2606Foffa\n","uploadtime":1684079988,"views":13,"p1id":"jadedragon61","p2id":"foffa","formatid":"gen9vgc2023regulationc","rating":1372,"private":0,"password":""}