{"id":"gen9vgc2023regulationc-1849204022","p1":"Kelenar","p2":"MistressQueenM","format":"[Gen 9] VGC 2023 Regulation C","log":"|j|\u2606Kelenar\n|j|\u2606MistressQueenM\n|t:|1682172363\n|gametype|doubles\n|player|p1|Kelenar|benga|1287\n|player|p2|MistressQueenM|veteranf|1262\n|teamsize|p1|6\n|teamsize|p2|6\n|gen|9\n|tier|[Gen 9] VGC 2023 Regulation C\n|rated|\n|rule|Species Clause: Limit one of each Pok\u00e9mon\n|rule|Item Clause: Limit one of each item\n|clearpoke\n|poke|p1|Wo-Chien, L50|\n|poke|p1|Ting-Lu, L50|\n|poke|p1|Glimmora, L50, M|\n|poke|p1|Arcanine, L50, F|\n|poke|p1|Corviknight, L50, M|\n|poke|p1|Volcarona, L50, F|\n|poke|p2|Wo-Chien, L50|\n|poke|p2|Torkoal, L50, M|\n|poke|p2|Garganacl, L50, M|\n|poke|p2|Great Tusk, L50|\n|poke|p2|Murkrow, L50, M|\n|poke|p2|Farigiraf, L50, M|\n|teampreview|4\nMistressQueenM rejected open team sheets.\n|\n|t:|1682172398\n|start\n|switch|p1a: Glimmora|Glimmora, L50, M|100\/100\n|switch|p1b: Corviknight|Corviknight, L50, M|100\/100\n|switch|p2a: Fool|Murkrow, L50, M|100\/100\n|switch|p2b: Freak|Farigiraf, L50, M|100\/100\n|turn|1\n|\n|t:|1682172422\n|move|p2a: Fool|Thunder Wave|p1a: Glimmora\n|-status|p1a: Glimmora|par\n|move|p1b: Corviknight|Iron Head|p2b: Freak\n|-damage|p2b: Freak|68\/100\n|cant|p1a: Glimmora|par\n|cant|p2b: Freak|flinch\n|\n|upkeep\n|turn|2\n|inactive|Battle timer is ON: inactive players will automatically lose when time's up. (requested by MistressQueenM)\n|\n|t:|1682172437\n|move|p2a: Fool|Thunder Wave|p1b: Corviknight\n|-status|p1b: Corviknight|par\n|-enditem|p1b: Corviknight|Lum Berry|[eat]\n|-curestatus|p1b: Corviknight|par|[msg]\n|move|p1b: Corviknight|Iron Head|p2a: Fool\n|-damage|p2a: Fool|57\/100\n|move|p1a: Glimmora|Power Gem|p2a: Fool\n|-supereffective|p2a: Fool\n|-damage|p2a: Fool|0 fnt\n|faint|p2a: Fool\n|move|p2b: Freak|Trick Room|p2b: Freak\n|-fieldstart|move: Trick Room|[of] p2b: Freak\n|\n|upkeep\n|\n|t:|1682172459\n|switch|p2a: Abrams|Torkoal, L50, M, shiny|100\/100\n|-weather|SunnyDay|[from] ability: Drought|[of] p2a: Abrams\n|turn|3\n|\n|t:|1682172474\n|-terastallize|p1b: Corviknight|Dragon\n|move|p2a: Abrams|Eruption|p1a: Glimmora|[spread] p1a,p1b\n|-resisted|p1a: Glimmora\n|-resisted|p1b: Corviknight\n|-damage|p1a: Glimmora|43\/100 par\n|-damage|p1b: Corviknight|65\/100\n|move|p2b: Freak|Hyper Voice|p1a: Glimmora|[spread] p1a,p1b\n|-enditem|p2b: Freak|Normal Gem|[from] gem\n|-resisted|p1a: Glimmora\n|-damage|p1a: Glimmora|19\/100 par\n|-damage|p1b: Corviknight|37\/100\n|move|p1a: Glimmora|Power Gem|p2a: Abrams\n|-supereffective|p2a: Abrams\n|-damage|p2a: Abrams|0 fnt\n|faint|p2a: Abrams\n|move|p1b: Corviknight|Brave Bird|p2b: Freak\n|-damage|p2b: Freak|18\/100\n|-damage|p1b: Corviknight|19\/100|[from] Recoil\n|\n|-weather|SunnyDay|[upkeep]\n|upkeep\n|\n|t:|1682172485\n|switch|p2a: CoffeeCube|Garganacl, L50, M, shiny|100\/100\n|turn|4\n|\n|t:|1682172505\n|switch|p1b: Arcanine|Arcanine, L50, F|100\/100\n|-ability|p1b: Arcanine|Intimidate|boost\n|-unboost|p2a: CoffeeCube|atk|1\n|-unboost|p2b: Freak|atk|1\n|cant|p1a: Glimmora|par\n|move|p2a: CoffeeCube|Salt Cure|p1b: Arcanine\n|-supereffective|p1b: Arcanine\n|-damage|p1b: Arcanine|78\/100\n|-start|p1b: Arcanine|Salt Cure\n|move|p2b: Freak|Hyper Voice|p1a: Glimmora|[spread] p1a,p1b\n|-resisted|p1a: Glimmora\n|-damage|p1a: Glimmora|2\/100 par\n|-damage|p1b: Arcanine|52\/100\n|\n|-weather|SunnyDay|[upkeep]\n|-damage|p1b: Arcanine|40\/100|[from] Salt Cure\n|upkeep\n|turn|5\n|\n|t:|1682172529\n|move|p2a: CoffeeCube|Salt Cure|p1a: Glimmora\n|-damage|p1a: Glimmora|0 fnt\n|-activate|p1a: Glimmora|ability: Toxic Debris\n|-sidestart|p2: MistressQueenM|move: Toxic Spikes\n|faint|p1a: Glimmora\n|move|p2b: Freak|Hyper Voice|p1b: Arcanine\n|-crit|p1b: Arcanine\n|-damage|p1b: Arcanine|0 fnt\n|faint|p1b: Arcanine\n|\n|-weather|SunnyDay|[upkeep]\n|upkeep\n|\n|t:|1682172543\n|switch|p1b: Corviknight|Corviknight, L50, M, tera:Dragon|19\/100\n|switch|p1a: Volcarona|Volcarona, L50, F|100\/100\n|turn|6\n|\n|t:|1682172560\n|move|p2a: CoffeeCube|Salt Cure|p1a: Volcarona\n|-supereffective|p1a: Volcarona\n|-damage|p1a: Volcarona|57\/100\n|-start|p1a: Volcarona|Salt Cure\n|move|p2b: Freak|Hyper Voice|p1a: Volcarona|[spread] p1a,p1b\n|-damage|p1a: Volcarona|35\/100\n|-damage|p1b: Corviknight|0 fnt\n|-enditem|p1a: Volcarona|Sitrus Berry|[eat]\n|-heal|p1a: Volcarona|60\/100|[from] item: Sitrus Berry\n|faint|p1b: Corviknight\n|move|p1a: Volcarona|Quiver Dance|p1a: Volcarona\n|-boost|p1a: Volcarona|spa|1\n|-boost|p1a: Volcarona|spd|1\n|-boost|p1a: Volcarona|spe|1\n|\n|-weather|SunnyDay|[upkeep]\n|-damage|p1a: Volcarona|47\/100|[from] Salt Cure\n|-fieldend|move: Trick Room\n|upkeep\n|turn|7\n|\n|t:|1682172579\n|move|p1a: Volcarona|Heat Wave|p2b: Freak|[spread] p2a\n|-miss|p1a: Volcarona|p2b: Freak\n|-resisted|p2a: CoffeeCube\n|-damage|p2a: CoffeeCube|75\/100\n|move|p2b: Freak|Foul Play|p1a: Volcarona\n|-damage|p1a: Volcarona|35\/100\n|move|p2a: CoffeeCube|Salt Cure|p1a: Volcarona\n|-supereffective|p1a: Volcarona\n|-damage|p1a: Volcarona|0 fnt\n|faint|p1a: Volcarona\n|\n|win|MistressQueenM\n|raw|Kelenar's rating: 1287 → 1260<\/strong> (-27 for losing)\n|raw|MistressQueenM's rating: 1262 → 1289<\/strong> (+27 for winning)\n|l|\u2606Kelenar\n","uploadtime":1682172592,"views":8,"p1id":"kelenar","p2id":"mistressqueenm","formatid":"gen9vgc2023regulationc","rating":1260,"private":0,"password":""}