{"id":"gen9vgc2023regulationc-1855153908","p1":"goosemaid","p2":"Songfulprince","format":"[Gen 9] VGC 2023 Regulation C","log":"|j|\u2606goosemaid\n|j|\u2606Songfulprince\n|t:|1682907902\n|gametype|doubles\n|player|p1|goosemaid|benga|1017\n|player|p2|Songfulprince|102|1000\n|teamsize|p1|6\n|teamsize|p2|6\n|gen|9\n|tier|[Gen 9] VGC 2023 Regulation C\n|rated|\n|rule|Species Clause: Limit one of each Pok\u00e9mon\n|rule|Item Clause: Limit one of each item\n|clearpoke\n|poke|p1|Orthworm, L50, F|\n|poke|p1|Corviknight, L50, F|\n|poke|p1|Meowscarada, L50, F|\n|poke|p1|Rotom-Wash, L50|\n|poke|p1|Chien-Pao, L50|\n|poke|p1|Flutter Mane, L50|\n|poke|p2|Goodra, L50, F|\n|poke|p2|Palafin, L50, M|\n|poke|p2|Dragapult, L50, F|\n|poke|p2|Umbreon, L50, M|\n|poke|p2|Flutter Mane, L50|\n|poke|p2|Grafaiai, L50, M|\n|teampreview|4\n|inactive|Battle timer is ON: inactive players will automatically lose when time's up. (requested by Songfulprince)\n|\n|t:|1682907920\n|start\n|switch|p1a: Orthworm|Orthworm, L50, F|100\/100\n|switch|p1b: Corviknight|Corviknight, L50, F, shiny|100\/100\n|switch|p2a: Palafin|Palafin, L50, M|100\/100\n|switch|p2b: Umbreon|Umbreon, L50, M, shiny|100\/100\n|turn|1\n|\n|t:|1682907935\n|detailschange|p2a: Palafin|Palafin-Hero, L50, M\n|switch|p2a: Grafaiai|Grafaiai, L50, M|100\/100\n|move|p1b: Corviknight|Protect|p1b: Corviknight\n|-singleturn|p1b: Corviknight|Protect\n|move|p2b: Umbreon|Yawn|p1a: Orthworm\n|-start|p1a: Orthworm|move: Yawn|[of] p2b: Umbreon\n|move|p1a: Orthworm|Body Press|p2b: Umbreon\n|-supereffective|p2b: Umbreon\n|-damage|p2b: Umbreon|47\/100\n|\n|-heal|p2b: Umbreon|53\/100|[from] item: Leftovers\n|upkeep\n|turn|2\n|inactive|goosemaid has 30 seconds left.\n|\n|t:|1682907962\n|switch|p2b: Flutter Mane|Flutter Mane, L50|100\/100\n|move|p2a: Grafaiai|Parting Shot|p1a: Orthworm\n|-unboost|p1a: Orthworm|atk|1\n|-unboost|p1a: Orthworm|spa|1\n|\n|t:|1682907966\n|switch|p2a: Palafin|Palafin-Hero, L50, M|100\/100|[from] Parting Shot\n|-activate|p2a: Palafin|ability: Zero to Hero\n|move|p1b: Corviknight|Taunt|p2a: Palafin\n|-start|p2a: Palafin|move: Taunt\n|move|p1a: Orthworm|Shed Tail|p1a: Orthworm\n|-start|p1a: Orthworm|Substitute|[from] move: Shed Tail\n|-damage|p1a: Orthworm|50\/100\n|-enditem|p1a: Orthworm|Sitrus Berry|[eat]\n|-heal|p1a: Orthworm|75\/100|[from] item: Sitrus Berry\n|\n|t:|1682907980\n|switch|p1a: Flutter Mane|Flutter Mane, L50|100\/100|[from] Shed Tail\n|\n|upkeep\n|turn|3\n|\n|t:|1682907996\n|move|p2a: Palafin|Jet Punch|p1a: Flutter Mane\n|-end|p1a: Flutter Mane|Substitute\n|move|p2b: Flutter Mane|Shadow Ball|p1a: Flutter Mane\n|-supereffective|p1a: Flutter Mane\n|-damage|p1a: Flutter Mane|25\/100\n|move|p1a: Flutter Mane|Moonblast|p2a: Palafin\n|-damage|p2a: Palafin|56\/100\n|move|p1b: Corviknight|Brave Bird|p2b: Flutter Mane\n|-damage|p2b: Flutter Mane|6\/100\n|-damage|p1b: Corviknight|80\/100|[from] Recoil\n|\n|-heal|p1a: Flutter Mane|32\/100|[from] item: Leftovers\n|upkeep\n|turn|4\n|\n|t:|1682908019\n|move|p1a: Flutter Mane|Protect|p1a: Flutter Mane\n|-singleturn|p1a: Flutter Mane|Protect\n|move|p2a: Palafin|Jet Punch|p1a: Flutter Mane\n|-activate|p1a: Flutter Mane|move: Protect\n|move|p2b: Flutter Mane|Mystical Fire|p1b: Corviknight\n|-supereffective|p1b: Corviknight\n|-damage|p1b: Corviknight|21\/100\n|move|p1b: Corviknight|Brave Bird|p2a: Palafin\n|-damage|p2a: Palafin|12\/100\n|-damage|p1b: Corviknight|9\/100|[from] Recoil\n|\n|-heal|p1a: Flutter Mane|38\/100|[from] item: Leftovers\n|-end|p2a: Palafin|move: Taunt\n|upkeep\n|turn|5\n|inactive|goosemaid has 30 seconds left.\n|\n|t:|1682908047\n|move|p2a: Palafin|Jet Punch|p1a: Flutter Mane\n|-damage|p1a: Flutter Mane|0 fnt\n|faint|p1a: Flutter Mane\n|-end|p1a: Flutter Mane|Protosynthesis|[silent]\n|move|p2b: Flutter Mane|Mystical Fire|p1b: Corviknight\n|-supereffective|p1b: Corviknight\n|-damage|p1b: Corviknight|0 fnt\n|faint|p1b: Corviknight\n|\n|upkeep\n|\n|t:|1682908059\n|switch|p1a: Chien-Pao|Chien-Pao, L50|100\/100\n|switch|p1b: Orthworm|Orthworm, L50, F|75\/100\n|-ability|p1a: Chien-Pao|Sword of Ruin\n|turn|6\n|\n|t:|1682908077\n|move|p1a: Chien-Pao|Protect|p1a: Chien-Pao\n|-singleturn|p1a: Chien-Pao|Protect\n|move|p2b: Flutter Mane|Mystical Fire|p1a: Chien-Pao\n|-activate|p1a: Chien-Pao|move: Protect\n|move|p2a: Palafin|Drain Punch|p1a: Chien-Pao\n|-activate|p1a: Chien-Pao|move: Protect\n|move|p1b: Orthworm|Body Press|p2a: Palafin\n|-damage|p2a: Palafin|0 fnt\n|faint|p2a: Palafin\n|\n|upkeep\n|\n|t:|1682908081\n|switch|p2a: Grafaiai|Grafaiai, L50, M|100\/100\n|turn|7\n|inactive|Songfulprince has 30 seconds left.\n|\n|t:|1682908112\n|-terastallize|p1a: Chien-Pao|Flying\n|move|p2b: Flutter Mane|Moonblast|p1a: Chien-Pao\n|-damage|p1a: Chien-Pao|23\/100\n|move|p1a: Chien-Pao|Acrobatics|p2b: Flutter Mane\n|-damage|p2b: Flutter Mane|0 fnt\n|faint|p2b: Flutter Mane\n|-end|p2b: Flutter Mane|Protosynthesis|[silent]\n|move|p2a: Grafaiai|Sludge Bomb|p1a: Chien-Pao\n|-damage|p1a: Chien-Pao|0 fnt\n|faint|p1a: Chien-Pao\n|move|p1b: Orthworm|Heavy Slam|p2a: Grafaiai\n|-damage|p2a: Grafaiai|49\/100\n|\n|upkeep\n|\n|t:|1682908113\n|switch|p2b: Umbreon|Umbreon, L50, M, shiny|53\/100\n|turn|8\n|\n|t:|1682908128\n|move|p2a: Grafaiai|Parting Shot|p1b: Orthworm\n|-unboost|p1b: Orthworm|atk|1\n|-unboost|p1b: Orthworm|spa|1\n|move|p2b: Umbreon|Yawn|p1b: Orthworm\n|-start|p1b: Orthworm|move: Yawn|[of] p2b: Umbreon\n|move|p1b: Orthworm|Heavy Slam|p2a: Grafaiai\n|-damage|p2a: Grafaiai|12\/100\n|\n|-heal|p2b: Umbreon|59\/100|[from] item: Leftovers\n|upkeep\n|turn|9\n|\n|t:|1682908144\n|move|p2a: Grafaiai|Parting Shot|p1b: Orthworm\n|-unboost|p1b: Orthworm|atk|1\n|-unboost|p1b: Orthworm|spa|1\n|move|p2b: Umbreon|Wish|p2b: Umbreon\n|move|p1b: Orthworm|Heavy Slam|p2a: Grafaiai\n|-damage|p2a: Grafaiai|0 fnt\n|faint|p2a: Grafaiai\n|\n|-heal|p2b: Umbreon|65\/100|[from] item: Leftovers\n|-end|p1b: Orthworm|move: Yawn|[silent]\n|-status|p1b: Orthworm|slp\n|upkeep\n|turn|10\n|\n|t:|1682908157\n|move|p2b: Umbreon|Snarl|p1b: Orthworm\n|-damage|p1b: Orthworm|55\/100 slp\n|-unboost|p1b: Orthworm|spa|1\n|cant|p1b: Orthworm|slp\n|\n|-heal|p2b: Umbreon|100\/100|[from] move: Wish|[wisher] Umbreon\n|upkeep\n|turn|11\n|\n|t:|1682908164\n|move|p2b: Umbreon|Snarl|p1b: Orthworm\n|-damage|p1b: Orthworm|34\/100 slp\n|-unboost|p1b: Orthworm|spa|1\n|-curestatus|p1b: Orthworm|slp|[msg]\n|move|p1b: Orthworm|Body Press|p2b: Umbreon\n|-supereffective|p2b: Umbreon\n|-damage|p2b: Umbreon|46\/100\n|\n|-heal|p2b: Umbreon|52\/100|[from] item: Leftovers\n|upkeep\n|turn|12\n|\n|t:|1682908180\n|move|p2b: Umbreon|Snarl|p1b: Orthworm\n|-damage|p1b: Orthworm|13\/100\n|-unboost|p1b: Orthworm|spa|1\n|move|p1b: Orthworm|Body Press|p2b: Umbreon\n|-supereffective|p2b: Umbreon\n|-damage|p2b: Umbreon|1\/100\n|\n|-heal|p2b: Umbreon|7\/100|[from] item: Leftovers\n|upkeep\n|turn|13\n|\n|t:|1682908199\n|move|p2b: Umbreon|Snarl|p1b: Orthworm|[miss]\n|-miss|p2b: Umbreon|p1b: Orthworm\n|move|p1b: Orthworm|Body Press|p2b: Umbreon\n|-supereffective|p2b: Umbreon\n|-damage|p2b: Umbreon|0 fnt\n|faint|p2b: Umbreon\n|\n|win|goosemaid\n|raw|goosemaid's rating: 1017 → 1053<\/strong> (+36 for winning)\n|raw|Songfulprince's rating: 1000 → 1000<\/strong> (+0 for losing)\n|l|\u2606Songfulprince\n","uploadtime":1682908209,"views":17,"p1id":"goosemaid","p2id":"songfulprince","formatid":"gen9vgc2023regulationc","rating":1000,"private":0,"password":""}