{"id":"gen9vgc2023regulationc-1858047405","p1":"Musfique18","p2":"Kush_Fairy_dust","format":"[Gen 9] VGC 2023 Regulation C","log":"|j|\u2606Musfique18\n|j|\u2606Kush_Fairy_dust\n|t:|1683266349\n|gametype|doubles\n|player|p1|Musfique18|blue|1051\n|player|p2|Kush_Fairy_dust|cress|1130\n|teamsize|p1|6\n|teamsize|p2|6\n|gen|9\n|tier|[Gen 9] VGC 2023 Regulation C\n|rated|\n|rule|Species Clause: Limit one of each Pok\u00e9mon\n|rule|Item Clause: Limit one of each item\n|clearpoke\n|poke|p1|Torkoal, L50, F|\n|poke|p1|Jumpluff, L50, M|\n|poke|p1|Flutter Mane, L50|\n|poke|p1|Great Tusk, L50|\n|poke|p1|Chien-Pao, L50|\n|poke|p1|Kingambit, L50, M|\n|poke|p2|Dondozo, L50, M|\n|poke|p2|Tatsugiri, L50, F|\n|poke|p2|Pelipper, L50, F|\n|poke|p2|Palafin, L50, M|\n|poke|p2|Iron Bundle, L50|\n|poke|p2|Quaquaval, L50, M|\n|teampreview|4\n|inactive|Battle timer is ON: inactive players will automatically lose when time's up. (requested by Musfique18)\n|inactive|Kush_Fairy_dust has 60 seconds left.\nMusfique18 has agreed to open team sheets.\n|\n|t:|1683266380\n|start\n|switch|p1a: Jumpluff|Jumpluff, L50, M|100\/100\n|switch|p1b: Kingambit|Kingambit, L50, M|100\/100\n|switch|p2a: Palafin|Palafin, L50, M|100\/100\n|switch|p2b: Tatsugiri|Tatsugiri, L50, F|100\/100\n|turn|1\n|\n|t:|1683266402\n|detailschange|p2a: Palafin|Palafin-Hero, L50, M\n|switch|p2a: Pelipper|Pelipper, L50, F|100\/100\n|-weather|RainDance|[from] ability: Drizzle|[of] p2a: Pelipper\n|switch|p1b: Torkoal|Torkoal, L50, F|100\/100\n|-weather|SunnyDay|[from] ability: Drought|[of] p1b: Torkoal\n|move|p1a: Jumpluff|Sleep Powder|p2a: Pelipper\n|-status|p2a: Pelipper|slp|[from] move: Sleep Powder\n|move|p2b: Tatsugiri|Icy Wind|p1b: Torkoal|[spread] p1a,p1b\n|-supereffective|p1a: Jumpluff\n|-resisted|p1b: Torkoal\n|-damage|p1a: Jumpluff|50\/100\n|-damage|p1b: Torkoal|93\/100\n|-unboost|p1b: Torkoal|spe|1\n|-enditem|p1b: Torkoal|Eject Pack\n|\n|t:|1683266420\n|switch|p1b: Flutter Mane|Flutter Mane, L50|100\/100\n|-activate|p1b: Flutter Mane|ability: Protosynthesis\n|-start|p1b: Flutter Mane|protosynthesisspe\n|\n|-weather|SunnyDay|[upkeep]\n|upkeep\n|turn|2\n|\n|t:|1683266438\n|switch|p2a: Dondozo|Dondozo, L50, M|100\/100\n|-activate|p2b: Tatsugiri|ability: Commander|[of] p2a: Dondozo\n|-boost|p2a: Dondozo|atk|2\n|-boost|p2a: Dondozo|spa|2\n|-boost|p2a: Dondozo|spe|2\n|-boost|p2a: Dondozo|def|2\n|-boost|p2a: Dondozo|spd|2\n|move|p1a: Jumpluff|Tailwind|p1a: Jumpluff\n|-sidestart|p1: Musfique18|move: Tailwind\n|move|p1b: Flutter Mane|Moonblast|p2b: Tatsugiri|[miss]\n|-miss|p1b: Flutter Mane|p2b: Tatsugiri\n|\n|-weather|SunnyDay|[upkeep]\n|upkeep\n|turn|3\n|inactive|Kush_Fairy_dust has 30 seconds left.\n|\n|t:|1683266464\n|-end|p1b: Flutter Mane|Protosynthesis|[silent]\n|switch|p1b: Kingambit|Kingambit, L50, M|100\/100\n|move|p1a: Jumpluff|Sleep Powder|p2a: Dondozo\n|-status|p2a: Dondozo|slp|[from] move: Sleep Powder\n|cant|p2a: Dondozo|slp\n|\n|-weather|SunnyDay|[upkeep]\n|upkeep\n|turn|4\n|inactive|Kush_Fairy_dust has 30 seconds left.\n|\n|t:|1683266492\n|-terastallize|p2a: Dondozo|Steel\n|move|p1a: Jumpluff|Leaf Storm|p2a: Dondozo\n|-resisted|p2a: Dondozo\n|-damage|p2a: Dondozo|93\/100 slp\n|-unboost|p1a: Jumpluff|spa|2\n|move|p1b: Kingambit|Kowtow Cleave|p2a: Dondozo\n|-damage|p2a: Dondozo|76\/100 slp\n|-curestatus|p2a: Dondozo|slp|[msg]\n|move|p2a: Dondozo|Substitute|p2a: Dondozo\n|-start|p2a: Dondozo|Substitute\n|-damage|p2a: Dondozo|51\/100\n|\n|-weather|SunnyDay|[upkeep]\n|-heal|p2a: Dondozo|57\/100|[from] item: Leftovers\n|upkeep\n|turn|5\n|\n|t:|1683266513\n|switch|p1a: Torkoal|Torkoal, L50, F|93\/100\n|-terastallize|p1b: Kingambit|Fire\n|move|p1b: Kingambit|Tera Blast|p2a: Dondozo\n|-supereffective|p2a: Dondozo\n|-end|p2a: Dondozo|Substitute\n|move|p2a: Dondozo|Order Up|p1a: Torkoal\n|-damage|p1a: Torkoal|55\/100\n|-boost|p2a: Dondozo|atk|1\n|\n|-weather|none\n|-heal|p2a: Dondozo|64\/100|[from] item: Leftovers\n|-sideend|p1: Musfique18|move: Tailwind\n|upkeep\n|turn|6\n|\n|t:|1683266531\n|move|p2a: Dondozo|Earthquake|p1a: Torkoal|[spread] p1a,p1b\n|-miss|p2a: Dondozo|p2b: Tatsugiri\n|-supereffective|p1a: Torkoal\n|-supereffective|p1b: Kingambit\n|-damage|p1a: Torkoal|0 fnt\n|-damage|p1b: Kingambit|21\/100\n|faint|p1a: Torkoal\n|move|p1b: Kingambit|Tera Blast|p2a: Dondozo\n|-supereffective|p2a: Dondozo\n|-damage|p2a: Dondozo|33\/100\n|\n|-heal|p2a: Dondozo|40\/100|[from] item: Leftovers\n|upkeep\n|\n|t:|1683266543\n|switch|p1a: Flutter Mane|Flutter Mane, L50|100\/100\n|turn|7\n|\n|t:|1683266550\n|move|p1a: Flutter Mane|Shadow Ball|p2a: Dondozo\n|-damage|p2a: Dondozo|8\/100\n|move|p2a: Dondozo|Earthquake|p1b: Kingambit|[spread] p1a,p1b\n|-miss|p2a: Dondozo|p2b: Tatsugiri\n|-supereffective|p1b: Kingambit\n|-damage|p1a: Flutter Mane|0 fnt\n|-damage|p1b: Kingambit|0 fnt\n|faint|p1a: Flutter Mane\n|-end|p1a: Flutter Mane|Protosynthesis|[silent]\n|faint|p1b: Kingambit\n|\n|-heal|p2a: Dondozo|14\/100|[from] item: Leftovers\n|upkeep\n|\n|t:|1683266558\n|switch|p1a: Jumpluff|Jumpluff, L50, M|50\/100\n|turn|8\n|-message|Musfique18 forfeited.\n|\n|win|Kush_Fairy_dust\n|raw|Musfique18's rating: 1051 → 1037<\/strong> (-14 for losing)\n|raw|Kush_Fairy_dust's rating: 1130 → 1149<\/strong> (+19 for winning)\n|l|\u2606Musfique18\n","uploadtime":1683266606,"views":6,"p1id":"musfique18","p2id":"kushfairydust","formatid":"gen9vgc2023regulationc","rating":1037,"private":0,"password":""}