{"id":"gen9vgc2023regulationc-1847622492","p1":"crinaft","p2":"TapirTheGamer","format":"[Gen 9] VGC 2023 Regulation C","log":"|j|\u2606crinaft\n|j|\u2606TapirTheGamer\n|t:|1681983473\n|gametype|doubles\n|player|p1|crinaft|170|1015\n|player|p2|TapirTheGamer|169|1132\n|teamsize|p1|6\n|teamsize|p2|6\n|gen|9\n|tier|[Gen 9] VGC 2023 Regulation C\n|rated|\n|rule|Species Clause: Limit one of each Pok\u00e9mon\n|rule|Item Clause: Limit one of each item\n|clearpoke\n|poke|p1|Maushold, L50|\n|poke|p1|Dragapult, L50, M|\n|poke|p1|Tyranitar, L50, F|\n|poke|p1|Dragonite, L50, M|\n|poke|p1|Amoonguss, L50, F|\n|poke|p1|Gholdengo, L50|\n|poke|p2|Maushold-Four, L50|\n|poke|p2|Gholdengo, L50|\n|poke|p2|Dragapult, L50, M|\n|poke|p2|Murkrow, L50, M|\n|poke|p2|Tatsugiri, L50, F|\n|poke|p2|Dondozo, L50, F|\n|teampreview|4\n|inactive|Battle timer is ON: inactive players will automatically lose when time's up. (requested by TapirTheGamer)\n|inactive|crinaft has 60 seconds left.\n|\n|t:|1681983532\n|start\n|switch|p1a: Dragonite|Dragonite, L50, M|100\/100\n|switch|p1b: Amoonguss|Amoonguss, L50, F|100\/100\n|switch|p2a: Gholdengo|Gholdengo, L50|100\/100\n|switch|p2b: Murkrow|Murkrow, L50, M|100\/100\n|turn|1\n|inactive|crinaft has 30 seconds left.\n|\n|t:|1681983559\n|-terastallize|p2a: Gholdengo|Steel\n|move|p2b: Murkrow|Tailwind|p2b: Murkrow\n|-sidestart|p2: TapirTheGamer|move: Tailwind\n|move|p2a: Gholdengo|Make It Rain|p1b: Amoonguss|[spread] p1a,p1b\n|-damage|p1a: Dragonite|64\/100\n|-damage|p1b: Amoonguss|39\/100\n|-unboost|p2a: Gholdengo|spa|1\n|-enditem|p1b: Amoonguss|Sitrus Berry|[eat]\n|-heal|p1b: Amoonguss|64\/100|[from] item: Sitrus Berry\n|move|p1a: Dragonite|Tailwind|p1a: Dragonite\n|-sidestart|p1: crinaft|move: Tailwind\n|move|p1b: Amoonguss|Pollen Puff|p1a: Dragonite\n|-heal|p1a: Dragonite|100\/100\n|\n|upkeep\n|turn|2\n|inactive|crinaft has 30 seconds left.\n|\n|t:|1681983590\n|switch|p1b: Maushold|Maushold, L50|100\/100\n|move|p2b: Murkrow|Haze|p2b: Murkrow\n|-clearallboost\n|move|p1a: Dragonite|Ice Spinner|p2b: Murkrow\n|-supereffective|p2b: Murkrow\n|-damage|p2b: Murkrow|40\/100\n|move|p2a: Gholdengo|Make It Rain|p1b: Maushold|[spread] p1a,p1b\n|-damage|p1a: Dragonite|75\/100\n|-damage|p1b: Maushold|33\/100\n|-unboost|p2a: Gholdengo|spa|1\n|\n|upkeep\n|turn|3\n|inactive|crinaft has 30 seconds left.\n|inactive|crinaft has 20 seconds left.\n|inactive|crinaft has 15 seconds left.\n|\n|t:|1681983634\n|move|p1b: Maushold|Helping Hand|p1a: Dragonite\n|-singleturn|p1a: Dragonite|Helping Hand|[of] p1b: Maushold\n|move|p1a: Dragonite|Extreme Speed|p2b: Murkrow\n|-damage|p2b: Murkrow|0 fnt\n|faint|p2b: Murkrow\n|move|p2a: Gholdengo|Make It Rain|p1a: Dragonite|[spread] p1a,p1b\n|-damage|p1a: Dragonite|41\/100\n|-damage|p1b: Maushold|0 fnt\n|-unboost|p2a: Gholdengo|spa|1\n|faint|p1b: Maushold\n|\n|upkeep\n|inactive|TapirTheGamer has 30 seconds left.\n|\n|t:|1681983663\n|switch|p1b: Tyranitar|Tyranitar, L50, F|100\/100\n|switch|p2b: Dondozo|Dondozo, L50, F, shiny|100\/100\n|-weather|Sandstorm|[from] ability: Sand Stream|[of] p1b: Tyranitar\n|turn|4\n|inactive|crinaft has 30 seconds left.\n|\n|t:|1681983697\n|switch|p1b: Amoonguss|Amoonguss, L50, F|97\/100\n|switch|p2a: Tatsugiri|Tatsugiri, L50, F|100\/100\n|-activate|p2a: Tatsugiri|ability: Commander|[of] p2b: Dondozo\n|-boost|p2b: Dondozo|atk|2\n|-boost|p2b: Dondozo|spa|2\n|-boost|p2b: Dondozo|spe|2\n|-boost|p2b: Dondozo|def|2\n|-boost|p2b: Dondozo|spd|2\n|move|p1a: Dragonite|Extreme Speed|p2b: Dondozo\n|-damage|p2b: Dondozo|88\/100\n|move|p2b: Dondozo|Surf|p1b: Amoonguss|[spread] p1a,p1b\n|-miss|p2b: Dondozo|p2a: Tatsugiri\n|-resisted|p1a: Dragonite\n|-resisted|p1b: Amoonguss\n|-damage|p1a: Dragonite|26\/100\n|-damage|p1b: Amoonguss|83\/100\n|\n|-weather|Sandstorm|[upkeep]\n|-damage|p2b: Dondozo|81\/100|[from] Sandstorm\n|-damage|p1a: Dragonite|20\/100|[from] Sandstorm\n|-damage|p2a: Tatsugiri|95\/100|[from] Sandstorm\n|-damage|p1b: Amoonguss|77\/100|[from] Sandstorm\n|-sideend|p2: TapirTheGamer|move: Tailwind\n|-sideend|p1: crinaft|move: Tailwind\n|upkeep\n|turn|5\n|inactive|crinaft has 30 seconds left.\n|inactive|crinaft has 20 seconds left.\n|\n|t:|1681983737\n|move|p2b: Dondozo|Order Up|p1a: Dragonite\n|-supereffective|p1a: Dragonite\n|-crit|p1a: Dragonite\n|-damage|p1a: Dragonite|0 fnt\n|faint|p1a: Dragonite\n|-boost|p2b: Dondozo|atk|1\n|move|p1b: Amoonguss|Spore|p2b: Dondozo\n|-status|p2b: Dondozo|slp|[from] move: Spore\n|\n|-weather|Sandstorm|[upkeep]\n|-damage|p2b: Dondozo|75\/100 slp|[from] Sandstorm\n|-damage|p2a: Tatsugiri|89\/100|[from] Sandstorm\n|-damage|p1b: Amoonguss|71\/100|[from] Sandstorm\n|upkeep\n|\n|t:|1681983749\n|switch|p1a: Tyranitar|Tyranitar, L50, F|100\/100\n|turn|6\n|\n|t:|1681983768\n|cant|p2b: Dondozo|slp\n|move|p1a: Tyranitar|Dragon Dance|p1a: Tyranitar\n|-boost|p1a: Tyranitar|atk|1\n|-boost|p1a: Tyranitar|spe|1\n|move|p1b: Amoonguss|Pollen Puff|p1a: Tyranitar\n|-immune|p1a: Tyranitar\n|\n|-weather|Sandstorm|[upkeep]\n|-damage|p2b: Dondozo|69\/100 slp|[from] Sandstorm\n|-damage|p2a: Tatsugiri|84\/100|[from] Sandstorm\n|-damage|p1b: Amoonguss|65\/100|[from] Sandstorm\n|upkeep\n|turn|7\n|\n|t:|1681983789\n|-terastallize|p1a: Tyranitar|Flying\n|move|p1a: Tyranitar|Rock Blast|p2b: Dondozo\n|-damage|p2b: Dondozo|64\/100 slp\n|-damage|p2b: Dondozo|60\/100 slp\n|-damage|p2b: Dondozo|56\/100 slp\n|-damage|p2b: Dondozo|51\/100 slp\n|-damage|p2b: Dondozo|47\/100 slp\n|-hitcount|p2b: Dondozo|5\n|cant|p2b: Dondozo|slp\n|move|p1b: Amoonguss|Pollen Puff|p1a: Tyranitar\n|-immune|p1a: Tyranitar\n|\n|-weather|Sandstorm|[upkeep]\n|-damage|p1a: Tyranitar|94\/100|[from] Sandstorm\n|-damage|p2b: Dondozo|40\/100 slp|[from] Sandstorm\n|-damage|p2a: Tatsugiri|78\/100|[from] Sandstorm\n|-damage|p1b: Amoonguss|59\/100|[from] Sandstorm\n|upkeep\n|turn|8\n|inactive|crinaft has 30 seconds left.\n|\n|t:|1681983822\n|move|p1a: Tyranitar|Dragon Dance|p1a: Tyranitar\n|-boost|p1a: Tyranitar|atk|1\n|-boost|p1a: Tyranitar|spe|1\n|-curestatus|p2b: Dondozo|slp|[msg]\n|move|p2b: Dondozo|Surf|p1a: Tyranitar|[spread] p1a,p1b\n|-miss|p2b: Dondozo|p2a: Tatsugiri\n|-resisted|p1b: Amoonguss\n|-damage|p1a: Tyranitar|67\/100\n|-damage|p1b: Amoonguss|44\/100\n|move|p1b: Amoonguss|Spore|p2b: Dondozo\n|-status|p2b: Dondozo|slp|[from] move: Spore\n|\n|-weather|none\n|upkeep\n|turn|9\n|\n|t:|1681983839\n|move|p1a: Tyranitar|Rock Blast|p2b: Dondozo\n|-crit|p2b: Dondozo\n|-damage|p2b: Dondozo|27\/100 slp\n|-damage|p2b: Dondozo|23\/100 slp\n|-damage|p2b: Dondozo|18\/100 slp\n|-damage|p2b: Dondozo|14\/100 slp\n|-damage|p2b: Dondozo|9\/100 slp\n|-hitcount|p2b: Dondozo|5\n|cant|p2b: Dondozo|slp\n|move|p1b: Amoonguss|Pollen Puff|p1a: Tyranitar\n|-heal|p1a: Tyranitar|100\/100\n|\n|upkeep\n|turn|10\n|\n|t:|1681983857\n|move|p1b: Amoonguss|Rage Powder|p1b: Amoonguss\n|-singleturn|p1b: Amoonguss|move: Rage Powder\n|move|p1a: Tyranitar|Dragon Dance|p1a: Tyranitar\n|-boost|p1a: Tyranitar|atk|1\n|-boost|p1a: Tyranitar|spe|1\n|cant|p2b: Dondozo|slp\n|\n|upkeep\n|turn|11\n|\n|t:|1681983869\n|move|p1a: Tyranitar|Rock Blast|p2b: Dondozo\n|-damage|p2b: Dondozo|5\/100 slp\n|-damage|p2b: Dondozo|0 fnt\n|faint|p2b: Dondozo\n|-hitcount|p2: Dondozo|2\n|move|p1b: Amoonguss|Spore|p2a: Tatsugiri\n|-status|p2a: Tatsugiri|slp|[from] move: Spore\n|\n|upkeep\n|c|\u2606TapirTheGamer|Really\n|\n|t:|1681983878\n|switch|p2b: Gholdengo|Gholdengo, L50, tera:Steel|100\/100\n|turn|12\n|c|\u2606crinaft|Rly dozo lol\n|\n|t:|1681983902\n|move|p1b: Amoonguss|Rage Powder|p1b: Amoonguss\n|-singleturn|p1b: Amoonguss|move: Rage Powder\n|move|p1a: Tyranitar|Fire Punch|p2b: Gholdengo\n|-supereffective|p2b: Gholdengo\n|-damage|p2b: Gholdengo|0 fnt\n|faint|p2b: Gholdengo\n|cant|p2a: Tatsugiri|slp\n|\n|upkeep\n|turn|13\n|c|\u2606crinaft|Gg\n|c|\u2606TapirTheGamer|F u\n|\n|t:|1681983920\n|move|p1a: Tyranitar|Rock Blast|p2a: Tatsugiri\n|-damage|p2a: Tatsugiri|23\/100 slp\n|-damage|p2a: Tatsugiri|0 fnt\n|faint|p2a: Tatsugiri\n|-hitcount|p2: Tatsugiri|2\n|\n|win|crinaft\n|raw|crinaft's rating: 1015 → 1065<\/strong> (+50 for winning)\n|raw|TapirTheGamer's rating: 1132 → 1099<\/strong> (-33 for losing)\n|c|\u2606crinaft|Lol\n|l|\u2606TapirTheGamer\n","uploadtime":1681984178,"views":18,"p1id":"crinaft","p2id":"tapirthegamer","formatid":"gen9vgc2023regulationc","rating":1065,"private":0,"password":""}