{"id":"gen9vgc2023regulationc-1847323432","p1":"TehTerminator128","p2":"joshmurr","format":"[Gen 9] VGC 2023 Regulation C","log":"|j|\u2606TehTerminator128\n|j|\u2606joshmurr\n|t:|1681938448\n|gametype|doubles\n|player|p1|TehTerminator128|266|1074\n|player|p2|joshmurr|101|1104\n|teamsize|p1|6\n|teamsize|p2|6\n|gen|9\n|tier|[Gen 9] VGC 2023 Regulation C\n|rated|\n|rule|Species Clause: Limit one of each Pok\u00e9mon\n|rule|Item Clause: Limit one of each item\n|clearpoke\n|poke|p1|Palafin, L50, F|\n|poke|p1|Garganacl, L50, M|\n|poke|p1|Grimmsnarl, L50, M|\n|poke|p1|Roaring Moon, L50|\n|poke|p1|Gholdengo, L50|\n|poke|p1|Hydreigon, L50, M|\n|poke|p2|Gyarados, L50, F|\n|poke|p2|Garchomp, L50, M|\n|poke|p2|Raichu, L50, F|\n|poke|p2|Palafin, L50, F|\n|poke|p2|Dragapult, L50, M|\n|poke|p2|Wo-Chien, L50|\n|teampreview|4\njoshmurr rejected open team sheets.\n|inactive|Battle timer is ON: inactive players will automatically lose when time's up. (requested by joshmurr)\n|\n|t:|1681938482\n|start\n|switch|p1a: The Immortal|Garganacl, L50, M, shiny|100\/100\n|switch|p1b: Porky|Grimmsnarl, L50, M, shiny|100\/100\n|switch|p2a: Palafin|Palafin, L50, F|100\/100\n|switch|p2b: Dragapult|Dragapult, L50, M|100\/100\n|turn|1\n|inactive|joshmurr has 30 seconds left.\n|\n|t:|1681938510\n|detailschange|p2a: Palafin|Palafin-Hero, L50, F\n|switch|p2a: Gyarados|Gyarados, L50, F|100\/100\n|-ability|p2a: Gyarados|Intimidate|boost\n|-unboost|p1a: The Immortal|atk|1\n|-unboost|p1b: Porky|atk|1\n|move|p1b: Porky|Reflect|p1b: Porky\n|-sidestart|p1: TehTerminator128|Reflect\n|move|p2b: Dragapult|Reflect|p2b: Dragapult\n|-sidestart|p2: joshmurr|Reflect\n|move|p1a: The Immortal|Iron Defense|p1a: The Immortal\n|-boost|p1a: The Immortal|def|2\n|\n|upkeep\n|turn|2\n|\n|t:|1681938528\n|switch|p2b: Raichu|Raichu, L50, F|100\/100\n|move|p1b: Porky|Light Screen|p1b: Porky\n|-sidestart|p1: TehTerminator128|move: Light Screen\n|move|p2a: Gyarados|Taunt|p1a: The Immortal\n|-start|p1a: The Immortal|move: Taunt\n|move|p1a: The Immortal|Salt Cure|p2a: Gyarados\n|-supereffective|p2a: Gyarados\n|-damage|p2a: Gyarados|85\/100\n|-start|p2a: Gyarados|Salt Cure\n|-enditem|p2a: Gyarados|Eject Button\n|\n|t:|1681938544\n|switch|p2a: Palafin|Palafin-Hero, L50, F|100\/100\n|-activate|p2a: Palafin|ability: Zero to Hero\n|\n|upkeep\n|turn|3\n|\n|t:|1681938562\n|move|p1b: Porky|Parting Shot|p2a: Palafin\n|-unboost|p2a: Palafin|atk|1\n|-unboost|p2a: Palafin|spa|1\n|\n|t:|1681938567\n|switch|p1b: Dreidra|Hydreigon, L50, M|100\/100|[from] Parting Shot\n|move|p2b: Raichu|Nuzzle|p1a: The Immortal\n|-damage|p1a: The Immortal|99\/100\n|move|p2a: Palafin|Wave Crash|p1b: Dreidra\n|-resisted|p1b: Dreidra\n|-damage|p1b: Dreidra|71\/100\n|-damage|p2a: Palafin|92\/100|[from] Recoil\n|-damage|p2a: Palafin|82\/100|[from] item: Life Orb\n|move|p1a: The Immortal|Salt Cure|p2a: Palafin\n|-damage|p2a: Palafin|76\/100\n|-start|p2a: Palafin|Salt Cure\n|\n|-heal|p1a: The Immortal|100\/100|[from] item: Leftovers\n|-damage|p2a: Palafin|52\/100|[from] Salt Cure\n|upkeep\n|turn|4\n|inactive|TehTerminator128 has 30 seconds left.\n|inactive|joshmurr has 30 seconds left.\n|inactive|joshmurr has 20 seconds left.\n|\n|t:|1681938605\n|switch|p2a: Gyarados|Gyarados, L50, F|85\/100\n|-ability|p2a: Gyarados|Intimidate|boost\n|-unboost|p1a: The Immortal|atk|1\n|-unboost|p1b: Dreidra|atk|1\n|-terastallize|p1b: Dreidra|Poison\n|move|p1b: Dreidra|Nasty Plot|p1b: Dreidra\n|-boost|p1b: Dreidra|spa|2\n|move|p2b: Raichu|Grass Knot|p1a: The Immortal\n|-supereffective|p1a: The Immortal\n|-damage|p1a: The Immortal|71\/100\n|move|p1a: The Immortal|Salt Cure|p2b: Raichu\n|-damage|p2b: Raichu|92\/100\n|-start|p2b: Raichu|Salt Cure\n|\n|-heal|p1a: The Immortal|77\/100|[from] item: Leftovers\n|-damage|p2b: Raichu|79\/100|[from] Salt Cure\n|-end|p1a: The Immortal|move: Taunt\n|upkeep\n|turn|5\n|inactive|TehTerminator128 has 30 seconds left.\n|inactive|joshmurr has 30 seconds left.\n|\n|t:|1681938633\n|move|p1b: Dreidra|Dark Pulse|p2b: Raichu\n|-damage|p2b: Raichu|0 fnt\n|faint|p2b: Raichu\n|-damage|p1b: Dreidra|62\/100|[from] item: Life Orb\n|move|p2a: Gyarados|Waterfall|p1a: The Immortal\n|-supereffective|p1a: The Immortal\n|-damage|p1a: The Immortal|60\/100\n|move|p1a: The Immortal|Salt Cure|p2a: Gyarados\n|-supereffective|p2a: Gyarados\n|-damage|p2a: Gyarados|74\/100\n|-start|p2a: Gyarados|Salt Cure\n|\n|-heal|p1a: The Immortal|66\/100|[from] item: Leftovers\n|-damage|p2a: Gyarados|49\/100|[from] Salt Cure\n|upkeep\n|\n|t:|1681938649\n|switch|p2b: Palafin|Palafin-Hero, L50, F|52\/100\n|turn|6\n|\n|t:|1681938667\n|switch|p2a: Dragapult|Dragapult, L50, M|100\/100\n|-terastallize|p2b: Palafin|Fighting\n|move|p1b: Dreidra|Draco Meteor|p2a: Dragapult\n|-supereffective|p2a: Dragapult\n|-damage|p2a: Dragapult|0 fnt\n|-unboost|p1b: Dreidra|spa|2\n|faint|p2a: Dragapult\n|-damage|p1b: Dreidra|52\/100|[from] item: Life Orb\n|move|p2b: Palafin|Close Combat|p1a: The Immortal\n|-supereffective|p1a: The Immortal\n|-damage|p1a: The Immortal|23\/100\n|-unboost|p2b: Palafin|def|1\n|-unboost|p2b: Palafin|spd|1\n|-damage|p2b: Palafin|42\/100|[from] item: Life Orb\n|move|p1a: The Immortal|Salt Cure|p2b: Palafin\n|-resisted|p2b: Palafin\n|-damage|p2b: Palafin|38\/100\n|-start|p2b: Palafin|Salt Cure\n|\n|-heal|p1a: The Immortal|29\/100|[from] item: Leftovers\n|-damage|p2b: Palafin|26\/100|[from] Salt Cure\n|upkeep\n|\n|t:|1681938687\n|switch|p2a: Gyarados|Gyarados, L50, F|49\/100\n|-ability|p2a: Gyarados|Intimidate|boost\n|-unboost|p1a: The Immortal|atk|1\n|-unboost|p1b: Dreidra|atk|1\n|turn|7\n|\n|t:|1681938710\n|move|p2b: Palafin|Jet Punch|p1a: The Immortal\n|-supereffective|p1a: The Immortal\n|-damage|p1a: The Immortal|8\/100\n|-damage|p2b: Palafin|16\/100|[from] item: Life Orb\n|move|p1b: Dreidra|Dark Pulse|p2a: Gyarados\n|-damage|p2a: Gyarados|10\/100\n|-damage|p1b: Dreidra|42\/100|[from] item: Life Orb\n|move|p2a: Gyarados|Dragon Dance|p2a: Gyarados\n|-boost|p2a: Gyarados|atk|1\n|-boost|p2a: Gyarados|spe|1\n|move|p1a: The Immortal|Recover|p1a: The Immortal\n|-heal|p1a: The Immortal|58\/100\n|\n|-heal|p1a: The Immortal|64\/100|[from] item: Leftovers\n|-damage|p2b: Palafin|4\/100|[from] Salt Cure\n|upkeep\n|turn|8\n|inactive|TehTerminator128 has 30 seconds left.\n|\n|t:|1681938738\n|move|p2b: Palafin|Jet Punch|p1b: Dreidra\n|-damage|p1b: Dreidra|0 fnt\n|faint|p1b: Dreidra\n|-damage|p2b: Palafin|0 fnt|[from] item: Life Orb\n|faint|p2b: Palafin\n|move|p2a: Gyarados|Waterfall|p1a: The Immortal\n|-supereffective|p1a: The Immortal\n|-damage|p1a: The Immortal|42\/100\n|move|p1a: The Immortal|Salt Cure|p2a: Gyarados\n|-supereffective|p2a: Gyarados\n|-damage|p2a: Gyarados|1\/100\n|-start|p2a: Gyarados|Salt Cure\n|\n|-heal|p1a: The Immortal|48\/100|[from] item: Leftovers\n|-damage|p2a: Gyarados|0 fnt|[from] Salt Cure\n|faint|p2a: Gyarados\n|\n|win|TehTerminator128\n|upkeep\n|raw|TehTerminator128's rating: 1074 → 1105<\/strong> (+31 for winning)\n|raw|joshmurr's rating: 1104 → 1077<\/strong> (-27 for losing)\n","uploadtime":1681938757,"views":8,"p1id":"tehterminator128","p2id":"joshmurr","formatid":"gen9vgc2023regulationc","rating":1077,"private":0,"password":""}