{"id":"gen9vgc2023regulationc-1851610494","p1":"HoneyPaisennn","p2":"Krib_Underscore","format":"[Gen 9] VGC 2023 Regulation C","log":"|j|\u2606HoneyPaisennn\n|j|\u2606Krib_Underscore\n|t:|1682460954\n|gametype|doubles\n|player|p1|HoneyPaisennn|hilda-wonderlauncher|1155\n|player|p2|Krib_Underscore|benga|1160\n|teamsize|p1|6\n|teamsize|p2|6\n|gen|9\n|tier|[Gen 9] VGC 2023 Regulation C\n|rated|\n|rule|Species Clause: Limit one of each Pok\u00e9mon\n|rule|Item Clause: Limit one of each item\n|clearpoke\n|poke|p1|Amoonguss, L50, M|\n|poke|p1|Pelipper, L50, M|\n|poke|p1|Palafin, L50, F|\n|poke|p1|Barraskewda, L50, M|\n|poke|p1|Chien-Pao, L50|\n|poke|p1|Gholdengo, L50|\n|poke|p2|Armarouge, L50, M|\n|poke|p2|Indeedee-F, L50, F|\n|poke|p2|Great Tusk, L50|\n|poke|p2|Corviknight, L50, M|\n|poke|p2|Iron Bundle, L50|\n|poke|p2|Roaring Moon, L50|\n|teampreview|4\nKrib_Underscore has agreed to open team sheets.\n|\n|t:|1682460998\n|start\n|switch|p1a: Pelipper|Pelipper, L50, M|100\/100\n|switch|p1b: Gholdengo|Gholdengo, L50|100\/100\n|switch|p2a: HoHoHomicide|Iron Bundle, L50|100\/100\n|switch|p2b: Taxi Service|Corviknight, L50, M, shiny|100\/100\n|-weather|RainDance|[from] ability: Drizzle|[of] p1a: Pelipper\n|turn|1\n|inactive|Battle timer is ON: inactive players will automatically lose when time's up. (requested by Krib_Underscore)\n|\n|t:|1682461053\n|move|p2a: HoHoHomicide|Protect|p2a: HoHoHomicide\n|-singleturn|p2a: HoHoHomicide|Protect\n|move|p1a: Pelipper|Quick Attack|p2a: HoHoHomicide\n|-activate|p2a: HoHoHomicide|move: Protect\n|move|p1b: Gholdengo|Thunder|p2b: Taxi Service\n|-supereffective|p2b: Taxi Service\n|-damage|p2b: Taxi Service|27\/100\n|move|p2b: Taxi Service|Tailwind|p2b: Taxi Service\n|-sidestart|p2: Krib_Underscore|move: Tailwind\n|\n|-weather|RainDance|[upkeep]\n|upkeep\n|turn|2\n|inactive|HoneyPaisennn has 30 seconds left.\n|\n|t:|1682461086\n|switch|p2b: Big Horns|Great Tusk, L50|100\/100\n|move|p1a: Pelipper|Quick Attack|p2a: HoHoHomicide\n|-damage|p2a: HoHoHomicide|94\/100\n|move|p2a: HoHoHomicide|Freeze-Dry|p1a: Pelipper\n|-supereffective|p1a: Pelipper\n|-damage|p1a: Pelipper|0 fnt\n|faint|p1a: Pelipper\n|move|p1b: Gholdengo|Thunder|p2a: HoHoHomicide\n|-supereffective|p2a: HoHoHomicide\n|-damage|p2a: HoHoHomicide|0 fnt\n|faint|p2a: HoHoHomicide\n|-end|p2a: HoHoHomicide|Quark Drive|[silent]\n|\n|-weather|RainDance|[upkeep]\n|upkeep\n|\n|t:|1682461103\n|switch|p2a: Knockoff Mega|Roaring Moon, L50|100\/100\n|switch|p1a: Barraskewda|Barraskewda, L50, M|100\/100\n|-enditem|p2a: Knockoff Mega|Booster Energy\n|-activate|p2a: Knockoff Mega|ability: Protosynthesis|[fromitem]\n|-start|p2a: Knockoff Mega|protosynthesisatk\n|turn|3\n|inactive|Krib_Underscore has 30 seconds left.\n|inactive|Krib_Underscore has 20 seconds left.\n|\n|t:|1682461139\n|switch|p1b: Palafin|Palafin, L50, F|100\/100\n|-terastallize|p2b: Big Horns|Steel\n|move|p2a: Knockoff Mega|Dragon Claw|p1a: Barraskewda\n|-enditem|p1a: Barraskewda|Focus Sash\n|-damage|p1a: Barraskewda|1\/100\n|move|p1a: Barraskewda|Liquidation|p2b: Big Horns\n|-damage|p2b: Big Horns|45\/100\n|-unboost|p2b: Big Horns|def|1\n|move|p2b: Big Horns|Headlong Rush|p1b: Palafin\n|-damage|p1b: Palafin|33\/100\n|-unboost|p2b: Big Horns|def|1\n|-unboost|p2b: Big Horns|spd|1\n|\n|-weather|RainDance|[upkeep]\n|upkeep\n|turn|4\n|\n|t:|1682461161\n|detailschange|p1b: Palafin|Palafin-Hero, L50, F\n|switch|p1b: Gholdengo|Gholdengo, L50|100\/100\n|move|p1a: Barraskewda|Protect|p1a: Barraskewda\n|-singleturn|p1a: Barraskewda|Protect\n|move|p2a: Knockoff Mega|Dragon Claw|p1a: Barraskewda\n|-activate|p1a: Barraskewda|move: Protect\n|move|p2b: Big Horns|Close Combat|p1b: Gholdengo\n|-immune|p1b: Gholdengo\n|\n|-weather|RainDance|[upkeep]\n|-sideend|p2: Krib_Underscore|move: Tailwind\n|upkeep\n|turn|5\n|inactive|Krib_Underscore has 30 seconds left.\n|\n|t:|1682461192\n|move|p1a: Barraskewda|Close Combat|p2a: Knockoff Mega\n|-supereffective|p2a: Knockoff Mega\n|-damage|p2a: Knockoff Mega|0 fnt\n|-unboost|p1a: Barraskewda|def|1\n|-unboost|p1a: Barraskewda|spd|1\n|faint|p2a: Knockoff Mega\n|-end|p2a: Knockoff Mega|Protosynthesis|[silent]\n|move|p1b: Gholdengo|Shadow Ball|p2b: Big Horns\n|-damage|p2b: Big Horns|0 fnt\n|faint|p2b: Big Horns\n|-end|p2b: Big Horns|Protosynthesis|[silent]\n|\n|-weather|RainDance|[upkeep]\n|upkeep\n|\n|t:|1682461202\n|switch|p2b: Taxi Service|Corviknight, L50, M, shiny|27\/100\n|turn|6\n|\n|t:|1682461209\n|move|p1a: Barraskewda|Liquidation|p2b: Taxi Service\n|-damage|p2b: Taxi Service|0 fnt\n|-damage|p1a: Barraskewda|0 fnt|[from] item: Rocky Helmet|[of] p2b: Taxi Service\n|faint|p2b: Taxi Service\n|faint|p1a: Barraskewda\n|\n|win|HoneyPaisennn\n|raw|HoneyPaisennn's rating: 1155 → 1180<\/strong> (+25 for winning)\n|raw|Krib_Underscore's rating: 1160 → 1135<\/strong> (-25 for losing)\n|c|\u2606Krib_Underscore|gg\n|c|\u2606HoneyPaisennn|Gg\n","uploadtime":1682461216,"views":16,"p1id":"honeypaisennn","p2id":"kribunderscore","formatid":"gen9vgc2023regulationc","rating":1135,"private":0,"password":""}