{"id":"gen9vgc2023regulationc-1851647212","p1":"kushsmoker68","p2":"IlTonno","format":"[Gen 9] VGC 2023 Regulation C","log":"|j|\u2606kushsmoker68\n|j|\u2606IlTonno\n|t:|1682465216\n|gametype|doubles\n|player|p1|kushsmoker68|clerkf|1101\n|player|p2|IlTonno|janitor|1213\n|teamsize|p1|6\n|teamsize|p2|6\n|gen|9\n|tier|[Gen 9] VGC 2023 Regulation C\n|rated|\n|rule|Species Clause: Limit one of each Pok\u00e9mon\n|rule|Item Clause: Limit one of each item\n|clearpoke\n|poke|p1|Indeedee-F, L50, F|\n|poke|p1|Armarouge, L50, F|\n|poke|p1|Maushold, L50|\n|poke|p1|Meowscarada, L50, M|\n|poke|p1|Annihilape, L50, F|\n|poke|p1|Palafin, L50, M|\n|poke|p2|Baxcalibur, L50, M|\n|poke|p2|Ting-Lu, L50|\n|poke|p2|Palafin, L50, M|\n|poke|p2|Arcanine, L50, M|\n|poke|p2|Amoonguss, L50, F|\n|poke|p2|Flutter Mane, L50|\n|teampreview|4\n|inactive|Battle timer is ON: inactive players will automatically lose when time's up. (requested by IlTonno)\n|\n|t:|1682465237\n|start\n|switch|p1a: the red light|Indeedee-F, L50, F|100\/100\n|switch|p1b: tuxedo flower|Meowscarada, L50, M|100\/100\n|switch|p2a: Ting-Lu|Ting-Lu, L50|100\/100\n|switch|p2b: Palafin|Palafin, L50, M|100\/100\n|-fieldstart|move: Psychic Terrain|[from] ability: Psychic Surge|[of] p1a: the red light\n|-enditem|p1a: the red light|Psychic Seed\n|-boost|p1a: the red light|spd|1|[from] item: Psychic Seed\n|-ability|p2a: Ting-Lu|Vessel of Ruin\n|turn|1\n|inactive|kushsmoker68 has 30 seconds left.\n|inactive|IlTonno has 30 seconds left.\n|inactive|kushsmoker68 has 20 seconds left.\n|\n|t:|1682465274\n|detailschange|p2b: Palafin|Palafin-Hero, L50, M\n|switch|p2b: Arcanine|Arcanine, L50, M|100\/100\n|-ability|p2b: Arcanine|Intimidate|boost\n|-unboost|p1a: the red light|atk|1\n|-unboost|p1b: tuxedo flower|atk|1\n|move|p1a: the red light|Follow Me|p1a: the red light\n|-singleturn|p1a: the red light|move: Follow Me\n|move|p1b: tuxedo flower|U-turn|p2b: Arcanine\n|-resisted|p2b: Arcanine\n|-damage|p2b: Arcanine|93\/100\n|\n|t:|1682465290\n|switch|p1b: the bensons|Maushold, L50|100\/100|[from] U-turn\n|move|p2a: Ting-Lu|Throat Chop|p1a: the red light\n|-supereffective|p1a: the red light\n|-damage|p1a: the red light|33\/100\n|-start|p1a: the red light|Throat Chop|[silent]\n|\n|upkeep\n|turn|2\n|inactive|IlTonno has 30 seconds left.\n|\n|t:|1682465315\n|-terastallize|p2b: Arcanine|Grass\n|move|p1a: the red light|Protect|p1a: the red light\n|-singleturn|p1a: the red light|Protect\n|move|p1b: the bensons|Population Bomb|p2b: Arcanine\n|-damage|p2b: Arcanine|80\/100\n|-damage|p2b: Arcanine|68\/100\n|-damage|p2b: Arcanine|57\/100\n|-damage|p2b: Arcanine|45\/100\n|-damage|p2b: Arcanine|33\/100\n|-damage|p2b: Arcanine|21\/100\n|-damage|p2b: Arcanine|9\/100\n|-damage|p2b: Arcanine|0 fnt\n|faint|p2b: Arcanine\n|-hitcount|p2: Arcanine|8\n|move|p2a: Ting-Lu|Earthquake|p1b: the bensons|[spread] p1b\n|-activate|p1a: the red light|move: Protect\n|-damage|p1b: the bensons|46\/100\n|\n|-end|p1a: the red light|Throat Chop|[silent]\n|upkeep\n|\n|t:|1682465337\n|switch|p2b: Palafin|Palafin-Hero, L50, M|100\/100\n|-activate|p2b: Palafin|ability: Zero to Hero\n|turn|3\n|\n|t:|1682465354\n|move|p1b: the bensons|Follow Me|p1b: the bensons\n|-singleturn|p1b: the bensons|move: Follow Me\n|move|p2b: Palafin|Wave Crash|p1b: the bensons\n|-damage|p1b: the bensons|0 fnt\n|faint|p1b: the bensons\n|-damage|p2b: Palafin|89\/100|[from] Recoil\n|move|p2a: Ting-Lu|Throat Chop|p1a: the red light\n|-supereffective|p1a: the red light\n|-damage|p1a: the red light|0 fnt\n|faint|p1a: the red light\n|\n|upkeep\n|\n|t:|1682465364\n|switch|p1b: roxanne|Armarouge, L50, F|100\/100\n|switch|p1a: tuxedo flower|Meowscarada, L50, M|100\/100\n|turn|4\n|\n|t:|1682465387\n|switch|p2a: Flutter Mane|Flutter Mane, L50|100\/100\n|-terastallize|p1a: tuxedo flower|Grass\n|move|p1a: tuxedo flower|Flower Trick|p2b: Palafin\n|-supereffective|p2b: Palafin\n|-crit|p2b: Palafin\n|-damage|p2b: Palafin|0 fnt\n|faint|p2b: Palafin\n|move|p1b: roxanne|Armor Cannon|p2a: Flutter Mane\n|-damage|p2a: Flutter Mane|38\/100\n|-unboost|p1b: roxanne|def|1\n|-unboost|p1b: roxanne|spd|1\n|\n|upkeep\n|\n|t:|1682465405\n|switch|p2b: Ting-Lu|Ting-Lu, L50|100\/100\n|-ability|p2b: Ting-Lu|Vessel of Ruin\n|turn|5\n|\n|t:|1682465425\n|move|p1a: tuxedo flower|Flower Trick|p2a: Flutter Mane\n|-crit|p2a: Flutter Mane\n|-damage|p2a: Flutter Mane|0 fnt\n|faint|p2a: Flutter Mane\n|-end|p2a: Flutter Mane|Protosynthesis|[silent]\n|move|p1b: roxanne|Armor Cannon|p2b: Ting-Lu\n|-damage|p2b: Ting-Lu|79\/100\n|-unboost|p1b: roxanne|def|1\n|-unboost|p1b: roxanne|spd|1\n|move|p2b: Ting-Lu|Throat Chop|p1a: tuxedo flower\n|-crit|p1a: tuxedo flower\n|-damage|p1a: tuxedo flower|15\/100\n|-start|p1a: tuxedo flower|Throat Chop|[silent]\n|\n|-fieldend|move: Psychic Terrain\n|upkeep\n|turn|6\n|\n|t:|1682465445\n|move|p1a: tuxedo flower|Flower Trick|p2b: Ting-Lu\n|-supereffective|p2b: Ting-Lu\n|-crit|p2b: Ting-Lu\n|-damage|p2b: Ting-Lu|0 fnt\n|faint|p2b: Ting-Lu\n|\n|win|kushsmoker68\n|raw|kushsmoker68's rating: 1101 → 1134<\/strong> (+33 for winning)\n|raw|IlTonno's rating: 1213 → 1180<\/strong> (-33 for losing)\n|l|\u2606IlTonno\n","uploadtime":1682465521,"views":20,"p1id":"kushsmoker68","p2id":"iltonno","formatid":"gen9vgc2023regulationc","rating":1134,"private":0,"password":""}