{"id":"gen9vgc2023regulationc-1860145114","p1":"dotcubus","p2":"War Crams","format":"[Gen 9] VGC 2023 Regulation C","log":"|j|\u2606dotcubus\n|j|\u2606War Crams\n|t:|1683600722\n|gametype|doubles\n|player|p1|dotcubus|guitarist|1073\n|player|p2|War Crams|burgh|1104\n|teamsize|p1|6\n|teamsize|p2|6\n|gen|9\n|tier|[Gen 9] VGC 2023 Regulation C\n|rated|\n|rule|Species Clause: Limit one of each Pok\u00e9mon\n|rule|Item Clause: Limit one of each item\n|clearpoke\n|poke|p1|Abomasnow, L50, F|\n|poke|p1|Iron Bundle, L50|\n|poke|p1|Dragonite, L50, M|\n|poke|p1|Great Tusk, L50|\n|poke|p1|Flutter Mane, L50|\n|poke|p1|Kingambit, L50, F|\n|poke|p2|Slither Wing, L50|\n|poke|p2|Torkoal, L50, F|\n|poke|p2|Flutter Mane, L50|\n|poke|p2|Ting-Lu, L50|\n|poke|p2|Wo-Chien, L50|\n|poke|p2|Rotom-Wash, L50|\n|teampreview|4\n|inactive|Battle timer is ON: inactive players will automatically lose when time's up. (requested by dotcubus)\n|\n|t:|1683600732\n|start\n|switch|p1a: Dragonite|Dragonite, L50, M, shiny|100\/100\n|switch|p1b: Great Tusk|Great Tusk, L50|100\/100\n|switch|p2a: Flutter Counter|Flutter Mane, L50|100\/100\n|switch|p2b: Best ruin design|Wo-Chien, L50|100\/100\n|-ability|p2b: Best ruin design|Tablets of Ruin\n|turn|1\n|inactive|dotcubus has 30 seconds left.\n|inactive|dotcubus has 20 seconds left.\n|\n|t:|1683600770\n|-terastallize|p1a: Dragonite|Normal\n|move|p1a: Dragonite|Extreme Speed|p2b: Best ruin design\n|-damage|p2b: Best ruin design|54\/100\n|move|p1b: Great Tusk|Earthquake|p2a: Flutter Counter|[spread] p1a,p2a,p2b\n|-resisted|p2b: Best ruin design\n|-damage|p1a: Dragonite|83\/100\n|-damage|p2a: Flutter Counter|64\/100\n|-damage|p2b: Best ruin design|41\/100\n|move|p2b: Best ruin design|Leaf Storm|p1b: Great Tusk|[miss]\n|-miss|p2b: Best ruin design|p1b: Great Tusk\n|move|p2a: Flutter Counter|Trick Room|p2a: Flutter Counter\n|-fieldstart|move: Trick Room|[of] p2a: Flutter Counter\n|\n|upkeep\n|turn|2\n|\n|t:|1683600791\n|-end|p1b: Great Tusk|Protosynthesis|[silent]\n|switch|p1b: Abomasnow|Abomasnow, L50, F, shiny|100\/100\n|-weather|Snow|[from] ability: Snow Warning|[of] p1b: Abomasnow\n|move|p1a: Dragonite|Extreme Speed|p2b: Best ruin design\n|-damage|p2b: Best ruin design|0 fnt\n|faint|p2b: Best ruin design\n|move|p2a: Flutter Counter|Dazzling Gleam|p1a: Dragonite|[spread] p1a,p1b\n|-crit|p1a: Dragonite\n|-damage|p1a: Dragonite|38\/100\n|-damage|p1b: Abomasnow|73\/100\n|\n|-weather|Snow|[upkeep]\n|upkeep\n|\n|t:|1683600801\n|switch|p2b: Iron Wall|Ting-Lu, L50|100\/100\n|-ability|p2b: Iron Wall|Vessel of Ruin\n|turn|3\n|\n|t:|1683600813\n|-terastallize|p2b: Iron Wall|Ground\n|move|p1a: Dragonite|Extreme Speed|p2b: Iron Wall\n|-damage|p2b: Iron Wall|58\/100\n|move|p2a: Flutter Counter|Dazzling Gleam|p1a: Dragonite|[spread] p1a,p1b\n|-damage|p1a: Dragonite|16\/100\n|-damage|p1b: Abomasnow|53\/100\n|move|p2b: Iron Wall|Earthquake|p1a: Dragonite|[spread] p2a,p1a,p1b\n|-resisted|p1b: Abomasnow\n|-damage|p2a: Flutter Counter|4\/100\n|-damage|p1a: Dragonite|0 fnt\n|-damage|p1b: Abomasnow|34\/100\n|faint|p1a: Dragonite\n|move|p1b: Abomasnow|Blizzard|p2b: Iron Wall|[spread] p2a,p2b\n|-supereffective|p2b: Iron Wall\n|-damage|p2a: Flutter Counter|0 fnt\n|-damage|p2b: Iron Wall|18\/100\n|-enditem|p2b: Iron Wall|Weakness Policy\n|-boost|p2b: Iron Wall|atk|2|[from] item: Weakness Policy\n|-boost|p2b: Iron Wall|spa|2|[from] item: Weakness Policy\n|faint|p2a: Flutter Counter\n|-end|p2a: Flutter Counter|Protosynthesis|[silent]\n|\n|-weather|Snow|[upkeep]\n|upkeep\n|\n|t:|1683600833\n|switch|p2a: Wash yo self|Rotom-Wash, L50|100\/100\n|switch|p1a: Great Tusk|Great Tusk, L50|100\/100\n|turn|4\n|\n|t:|1683600854\n|move|p2b: Iron Wall|Earthquake|p1b: Abomasnow|[spread] p1a,p1b\n|-immune|p2a: Wash yo self|[from] ability: Levitate\n|-resisted|p1b: Abomasnow\n|-damage|p1a: Great Tusk|30\/100\n|-damage|p1b: Abomasnow|0 fnt\n|faint|p1b: Abomasnow\n|move|p2a: Wash yo self|Hydro Pump|p1a: Great Tusk\n|-supereffective|p1a: Great Tusk\n|-damage|p1a: Great Tusk|0 fnt\n|faint|p1a: Great Tusk\n|-end|p1a: Great Tusk|Protosynthesis|[silent]\n|\n|-weather|Snow|[upkeep]\n|upkeep\n|\n|t:|1683600859\n|switch|p1b: Iron Bundle|Iron Bundle, L50|100\/100\n|turn|5\n|\n|t:|1683600869\n|move|p2b: Iron Wall|Earthquake|p1b: Iron Bundle|[spread] p1b\n|-immune|p2a: Wash yo self|[from] ability: Levitate\n|-damage|p1b: Iron Bundle|13\/100\n|move|p2a: Wash yo self|Thunderbolt|p1b: Iron Bundle\n|-supereffective|p1b: Iron Bundle\n|-damage|p1b: Iron Bundle|0 fnt\n|faint|p1b: Iron Bundle\n|-end|p1b: Iron Bundle|Quark Drive|[silent]\n|\n|win|War Crams\n|raw|dotcubus's rating: 1073 → 1054<\/strong> (-19 for losing)\n|raw|War Crams's rating: 1104 → 1127<\/strong> (+23 for winning)\n|l|\u2606dotcubus\n","uploadtime":1683600884,"views":7,"p1id":"dotcubus","p2id":"warcrams","formatid":"gen9vgc2023regulationc","rating":1054,"private":0,"password":""}