{"id":"gen9vgc2023regulationc-1852532624","p1":"Yuuka_Hayase","p2":"ICCR","format":"[Gen 9] VGC 2023 Regulation C","log":"|j|\u2606Yuuka_Hayase\n|j|\u2606ICCR\n|t:|1682571113\n|gametype|doubles\n|player|p1|Yuuka_Hayase|rosa|1168\n|player|p2|ICCR|169|1185\n|teamsize|p1|6\n|teamsize|p2|6\n|gen|9\n|tier|[Gen 9] VGC 2023 Regulation C\n|rated|\n|rule|Species Clause: Limit one of each Pok\u00e9mon\n|rule|Item Clause: Limit one of each item\n|clearpoke\n|poke|p1|Flutter Mane, L50|\n|poke|p1|Great Tusk, L50|\n|poke|p1|Chi-Yu, L50|\n|poke|p1|Palafin, L50, M|\n|poke|p1|Scizor, L50, M|\n|poke|p1|Kilowattrel, L50, F|\n|poke|p2|Arcanine, L50, M|\n|poke|p2|Palafin, L50, F|\n|poke|p2|Baxcalibur, L50, F|\n|poke|p2|Amoonguss, L50, F|\n|poke|p2|Ting-Lu, L50|\n|poke|p2|Flutter Mane, L50|\n|teampreview|4\n|l|\u2606ICCR\n|player|p2|\n|j|\u2606ICCR\n|player|p2|ICCR|169\n|inactive|Battle timer is ON: inactive players will automatically lose when time's up. (requested by ICCR)\n|\n|t:|1682571163\n|start\n|switch|p1a: Flutter Mane|Flutter Mane, L50|100\/100\n|switch|p1b: Palafin|Palafin, L50, M|100\/100\n|switch|p2a: Amoonguss|Amoonguss, L50, F|100\/100\n|switch|p2b: Palafin|Palafin, L50, F|100\/100\n|-enditem|p1a: Flutter Mane|Booster Energy\n|-activate|p1a: Flutter Mane|ability: Protosynthesis|[fromitem]\n|-start|p1a: Flutter Mane|protosynthesisspe\n|turn|1\n|inactive|Yuuka_Hayase has 30 seconds left.\n|\n|t:|1682571194\n|detailschange|p1b: Palafin|Palafin-Hero, L50, M\n|switch|p1b: Great Tusk|Great Tusk, L50|100\/100\n|detailschange|p2b: Palafin|Palafin-Hero, L50, F\n|switch|p2b: Ting-Lu|Ting-Lu, L50|100\/100\n|-ability|p2b: Ting-Lu|Vessel of Ruin\n|move|p1a: Flutter Mane|Power Gem|p2b: Ting-Lu\n|-resisted|p2b: Ting-Lu\n|-damage|p2b: Ting-Lu|95\/100\n|move|p2a: Amoonguss|Spore|p1a: Flutter Mane\n|-status|p1a: Flutter Mane|slp|[from] move: Spore\n|\n|upkeep\n|turn|2\n|\n|t:|1682571216\n|cant|p1a: Flutter Mane|slp\n|move|p1b: Great Tusk|Close Combat|p2b: Ting-Lu\n|-supereffective|p2b: Ting-Lu\n|-damage|p2b: Ting-Lu|25\/100\n|-unboost|p1b: Great Tusk|def|1\n|-unboost|p1b: Great Tusk|spd|1\n|move|p2b: Ting-Lu|Heavy Slam|p1a: Flutter Mane\n|-supereffective|p1a: Flutter Mane\n|-damage|p1a: Flutter Mane|0 fnt\n|faint|p1a: Flutter Mane\n|-end|p1a: Flutter Mane|Protosynthesis|[silent]\n|move|p2a: Amoonguss|Spore|p1b: Great Tusk\n|-status|p1b: Great Tusk|slp|[from] move: Spore\n|\n|upkeep\n|\n|t:|1682571231\n|switch|p1a: Chi-Yu|Chi-Yu, L50|100\/100\n|-ability|p1a: Chi-Yu|Beads of Ruin\n|turn|3\n|\n|t:|1682571249\n|switch|p2b: Arcanine|Arcanine, L50, M|100\/100\n|-ability|p2b: Arcanine|Intimidate|boost\n|-unboost|p1a: Chi-Yu|atk|1\n|-unboost|p1b: Great Tusk|atk|1\n|-terastallize|p2a: Amoonguss|Water\n|move|p1a: Chi-Yu|Overheat|p2a: Amoonguss\n|-resisted|p2a: Amoonguss\n|-damage|p2a: Amoonguss|61\/100\n|-unboost|p1a: Chi-Yu|spa|2\n|cant|p1b: Great Tusk|slp\n|move|p2a: Amoonguss|Spore|p1a: Chi-Yu\n|-status|p1a: Chi-Yu|slp|[from] move: Spore\n|\n|upkeep\n|turn|4\n|inactive|ICCR has 30 seconds left.\n|inactive|ICCR has 20 seconds left.\n|\n|t:|1682571288\n|switch|p2a: Palafin|Palafin-Hero, L50, F|100\/100\n|-activate|p2a: Palafin|ability: Zero to Hero\n|cant|p1a: Chi-Yu|slp\n|move|p2b: Arcanine|Flare Blitz|p1a: Chi-Yu\n|-resisted|p1a: Chi-Yu\n|-damage|p1a: Chi-Yu|63\/100 slp\n|-damage|p2b: Arcanine|92\/100|[from] Recoil\n|cant|p1b: Great Tusk|slp\n|\n|upkeep\n|turn|5\n|\n|t:|1682571310\n|move|p2b: Arcanine|Extreme Speed|p1b: Great Tusk\n|-damage|p1b: Great Tusk|78\/100 slp\n|move|p2a: Palafin|Jet Punch|p1b: Great Tusk\n|-supereffective|p1b: Great Tusk\n|-damage|p1b: Great Tusk|0 fnt\n|faint|p1b: Great Tusk\n|-end|p1b: Great Tusk|Protosynthesis|[silent]\n|cant|p1a: Chi-Yu|slp\n|\n|upkeep\n|\n|t:|1682571320\n|switch|p1b: Palafin|Palafin-Hero, L50, M|100\/100\n|-activate|p1b: Palafin|ability: Zero to Hero\n|turn|6\n|\n|t:|1682571329\n|switch|p2b: Amoonguss|Amoonguss, L50, F, tera:Water|95\/100\n|-terastallize|p1b: Palafin|Water\n|move|p2a: Palafin|Jet Punch|p1a: Chi-Yu\n|-supereffective|p1a: Chi-Yu\n|-damage|p1a: Chi-Yu|0 fnt\n|faint|p1a: Chi-Yu\n|move|p1b: Palafin|Wave Crash|p2a: Palafin\n|-resisted|p2a: Palafin\n|-damage|p2a: Palafin|50\/100\n|-damage|p1b: Palafin|83\/100|[from] Recoil\n|\n|upkeep\n|turn|7\n|\n|t:|1682571352\n|move|p2a: Palafin|Protect|p2a: Palafin\n|-singleturn|p2a: Palafin|Protect\n|move|p1b: Palafin|Wave Crash|p2b: Amoonguss\n|-resisted|p2b: Amoonguss\n|-damage|p2b: Amoonguss|41\/100\n|-enditem|p2b: Amoonguss|Sitrus Berry|[eat]\n|-heal|p2b: Amoonguss|66\/100|[from] item: Sitrus Berry\n|-damage|p1b: Palafin|63\/100|[from] Recoil\n|move|p2b: Amoonguss|Spore|p1b: Palafin\n|-status|p1b: Palafin|slp|[from] move: Spore\n|\n|upkeep\n|turn|8\n|c|\u2606Yuuka_Hayase|\uc57c\uc774 \uac1c \uc886\uac19\uc740 \ub144\uc544\n|inactive|Yuuka_Hayase has 30 seconds left.\n|inactive|Yuuka_Hayase has 20 seconds left.\n|inactive|Yuuka_Hayase has 15 seconds left.\n|\n|t:|1682571395\n|cant|p1b: Palafin|slp\n|move|p2a: Palafin|Wave Crash|p1b: Palafin\n|-resisted|p1b: Palafin\n|-damage|p1b: Palafin|20\/100 slp\n|-damage|p2a: Palafin|36\/100|[from] Recoil\n|move|p2b: Amoonguss|Pollen Puff|p2a: Palafin\n|-heal|p2a: Palafin|86\/100\n|\n|upkeep\n|turn|9\n|\n|t:|1682571410\n|switch|p2a: Arcanine|Arcanine, L50, M|92\/100\n|-ability|p2a: Arcanine|Intimidate|boost\n|-unboost|p1b: Palafin|atk|1\n|cant|p1b: Palafin|slp\n|move|p2b: Amoonguss|Pollen Puff|p1b: Palafin\n|-damage|p1b: Palafin|2\/100 slp\n|\n|upkeep\n|turn|10\n|\n|t:|1682571422\n|move|p2a: Arcanine|Protect|p2a: Arcanine\n|-singleturn|p2a: Arcanine|Protect\n|-curestatus|p1b: Palafin|slp|[msg]\n|move|p1b: Palafin|Wave Crash|p2a: Arcanine\n|-activate|p2a: Arcanine|move: Protect\n|move|p2b: Amoonguss|Pollen Puff|p1b: Palafin\n|-damage|p1b: Palafin|0 fnt\n|faint|p1b: Palafin\n|\n|win|ICCR\n|raw|Yuuka_Hayase's rating: 1168 → 1144<\/strong> (-24 for losing)\n|raw|ICCR's rating: 1185 → 1209<\/strong> (+24 for winning)\n","uploadtime":1682571375,"views":7,"p1id":"yuukahayase","p2id":"iccr","formatid":"gen9vgc2023regulationc","rating":1144,"private":0,"password":""}