{"id":"gen9vgc2023regulationc-1855894555","p1":"T8XICIDAD","p2":"WIMBLER","format":"[Gen 9] VGC 2023 Regulation C","log":"|j|\u2606T8XICIDAD\n|j|\u2606WIMBLER\n|t:|1682997178\n|gametype|doubles\n|player|p1|T8XICIDAD|clair|1156\n|player|p2|WIMBLER|jasmine|1137\n|teamsize|p1|6\n|teamsize|p2|6\n|gen|9\n|tier|[Gen 9] VGC 2023 Regulation C\n|rated|\n|rule|Species Clause: Limit one of each Pok\u00e9mon\n|rule|Item Clause: Limit one of each item\n|clearpoke\n|poke|p1|Amoonguss, L50, M|\n|poke|p1|Palafin, L50, M|\n|poke|p1|Arcanine, L50, F|\n|poke|p1|Flutter Mane, L50|\n|poke|p1|Ting-Lu, L50|\n|poke|p1|Kingambit, L50, M|\n|poke|p2|Farigiraf, L50, M|\n|poke|p2|Brute Bonnet, L50|\n|poke|p2|Iron Hands, L50|\n|poke|p2|Torkoal, L50, M|\n|poke|p2|Flutter Mane, L50|\n|poke|p2|Vaporeon, L50, M|\n|teampreview|4\n|inactive|Battle timer is ON: inactive players will automatically lose when time's up. (requested by WIMBLER)\n|\n|t:|1682997230\n|start\n|switch|p1a: Kingambit|Kingambit, L50, M|100\/100\n|switch|p1b: Amoonguss|Amoonguss, L50, M|100\/100\n|switch|p2a: Farigiraf|Farigiraf, L50, M|100\/100\n|switch|p2b: Iron Hands|Iron Hands, L50|100\/100\n|turn|1\n|inactive|WIMBLER has 30 seconds left.\n|inactive|WIMBLER has 20 seconds left.\n|inactive|WIMBLER has 15 seconds left.\n|\n|t:|1682997272\n|switch|p1a: Arcanine|Arcanine, L50, F|100\/100\n|-ability|p1a: Arcanine|Intimidate|boost\n|-unboost|p2a: Farigiraf|atk|1\n|-unboost|p2b: Iron Hands|atk|1\n|switch|p2a: Brute Bonnet|Brute Bonnet, L50|100\/100\n|move|p2b: Iron Hands|Drain Punch|p1a: Arcanine\n|-damage|p1a: Arcanine|69\/100\n|move|p1b: Amoonguss|Spore|p2a: Brute Bonnet\n|-immune|p2a: Brute Bonnet\n|\n|upkeep\n|turn|2\n|inactive|WIMBLER has 30 seconds left.\n|\n|t:|1682997305\n|move|p2a: Brute Bonnet|Rage Powder|p2a: Brute Bonnet\n|-singleturn|p2a: Brute Bonnet|move: Rage Powder\n|move|p1a: Arcanine|Will-O-Wisp|p2a: Brute Bonnet\n|-status|p2a: Brute Bonnet|brn\n|move|p2b: Iron Hands|Wild Charge|p1a: Arcanine\n|-damage|p1a: Arcanine|30\/100\n|-damage|p2b: Iron Hands|92\/100|[from] Recoil\n|move|p1b: Amoonguss|Spore|p2b: Iron Hands\n|-status|p2b: Iron Hands|slp|[from] move: Spore\n|\n|-damage|p2a: Brute Bonnet|95\/100 brn|[from] brn\n|upkeep\n|turn|3\n|inactive|T8XICIDAD has 30 seconds left.\n|inactive|WIMBLER has 30 seconds left.\n|\n|t:|1682997334\n|-terastallize|p2a: Brute Bonnet|Water\n|move|p1a: Arcanine|Howl|p1a: Arcanine|[spread] p1a,p1b\n|-boost|p1a: Arcanine|atk|1\n|-boost|p1b: Amoonguss|atk|1\n|move|p2a: Brute Bonnet|Spore|p1a: Arcanine\n|-activate|p1a: Arcanine|item: Safety Goggles|Spore\n|cant|p2b: Iron Hands|slp\n|move|p1b: Amoonguss|Pollen Puff|p1a: Arcanine\n|-heal|p1a: Arcanine|80\/100\n|\n|-damage|p2a: Brute Bonnet|89\/100 brn|[from] brn\n|upkeep\n|turn|4\n|inactive|T8XICIDAD has 30 seconds left.\n|\n|t:|1682997365\n|move|p2a: Brute Bonnet|Sucker Punch|p1a: Arcanine\n|-damage|p1a: Arcanine|58\/100\n|move|p1a: Arcanine|Flare Blitz|p2b: Iron Hands\n|-damage|p2b: Iron Hands|33\/100 slp\n|-damage|p1a: Arcanine|35\/100|[from] Recoil\n|-curestatus|p2b: Iron Hands|slp|[msg]\n|move|p2b: Iron Hands|Volt Switch|p1a: Arcanine\n|-damage|p1a: Arcanine|20\/100\n|\n|t:|1682997379\n|-end|p2b: Iron Hands|Quark Drive|[silent]\n|switch|p2b: Torkoal|Torkoal, L50, M|100\/100|[from] Volt Switch\n|-weather|SunnyDay|[from] ability: Drought|[of] p2b: Torkoal\n|-activate|p2a: Brute Bonnet|ability: Protosynthesis\n|-start|p2a: Brute Bonnet|protosynthesisatk\n|move|p1b: Amoonguss|Pollen Puff|p1a: Arcanine\n|-heal|p1a: Arcanine|70\/100\n|\n|-weather|SunnyDay|[upkeep]\n|-damage|p2a: Brute Bonnet|83\/100 brn|[from] brn\n|upkeep\n|turn|5\n|\n|t:|1682997400\n|move|p1b: Amoonguss|Protect|p1b: Amoonguss\n|-singleturn|p1b: Amoonguss|Protect\n|move|p2a: Brute Bonnet|Rage Powder|p2a: Brute Bonnet\n|-singleturn|p2a: Brute Bonnet|move: Rage Powder\n|move|p1a: Arcanine|Flare Blitz|p2b: Torkoal\n|-resisted|p2b: Torkoal\n|-damage|p2b: Torkoal|48\/100\n|-damage|p1a: Arcanine|54\/100|[from] Recoil\n|move|p2b: Torkoal|Eruption|p1b: Amoonguss|[spread] p1a\n|-activate|p1b: Amoonguss|move: Protect\n|-resisted|p1a: Arcanine\n|-damage|p1a: Arcanine|31\/100\n|\n|-weather|SunnyDay|[upkeep]\n|-damage|p2a: Brute Bonnet|77\/100 brn|[from] brn\n|upkeep\n|turn|6\n|\n|t:|1682997419\n|move|p2b: Torkoal|Helping Hand|p2a: Brute Bonnet\n|-singleturn|p2a: Brute Bonnet|Helping Hand|[of] p2b: Torkoal\n|move|p2a: Brute Bonnet|Sucker Punch||[still]\n|-fail|p2a: Brute Bonnet\n|move|p1a: Arcanine|Howl|p1a: Arcanine|[spread] p1a,p1b\n|-boost|p1a: Arcanine|atk|1\n|-boost|p1b: Amoonguss|atk|1\n|move|p1b: Amoonguss|Pollen Puff|p1a: Arcanine\n|-heal|p1a: Arcanine|80\/100\n|\n|-weather|SunnyDay|[upkeep]\n|-damage|p2a: Brute Bonnet|71\/100 brn|[from] brn\n|upkeep\n|turn|7\n|c|\u2606T8XICIDAD|Bruh\n|\n|t:|1682997438\n|move|p2b: Torkoal|Helping Hand|p2a: Brute Bonnet\n|-singleturn|p2a: Brute Bonnet|Helping Hand|[of] p2b: Torkoal\n|move|p1a: Arcanine|Extreme Speed|p2b: Torkoal\n|-crit|p2b: Torkoal\n|-damage|p2b: Torkoal|0 fnt\n|faint|p2b: Torkoal\n|move|p2a: Brute Bonnet|Sucker Punch||[still]\n|-fail|p2a: Brute Bonnet\n|move|p1b: Amoonguss|Spore||[still]\n|-fail|p1b: Amoonguss\n|\n|-weather|SunnyDay|[upkeep]\n|-damage|p2a: Brute Bonnet|65\/100 brn|[from] brn\n|upkeep\n|-message|WIMBLER forfeited.\n|\n|win|T8XICIDAD\n|raw|T8XICIDAD's rating: 1156 → 1180<\/strong> (+24 for winning)\n|raw|WIMBLER's rating: 1137 → 1113<\/strong> (-24 for losing)\n|l|\u2606WIMBLER\n","uploadtime":1682997453,"views":16,"p1id":"t8xicidad","p2id":"wimbler","formatid":"gen9vgc2023regulationc","rating":1113,"private":0,"password":""}