{"id":"gen9vgc2023regulationc-1854768842","p1":"Itshotafoutside1","p2":"JogadorZero","format":"[Gen 9] VGC 2023 Regulation C","log":"|j|\u2606Itshotafoutside1\n|j|\u2606JogadorZero\n|t:|1682863646\n|gametype|doubles\n|player|p1|Itshotafoutside1|265|1040\n|player|p2|JogadorZero|veteran-gen6|1144\n|teamsize|p1|6\n|teamsize|p2|6\n|gen|9\n|tier|[Gen 9] VGC 2023 Regulation C\n|rated|\n|rule|Species Clause: Limit one of each Pok\u00e9mon\n|rule|Item Clause: Limit one of each item\n|clearpoke\n|poke|p1|Torkoal, L50, M|\n|poke|p1|Jumpluff, L50, M|\n|poke|p1|Flutter Mane, L50|\n|poke|p1|Great Tusk, L50|\n|poke|p1|Chi-Yu, L50|\n|poke|p1|Dragonite, L50, M|\n|poke|p2|Amoonguss, L50, M|\n|poke|p2|Flutter Mane, L50|\n|poke|p2|Chi-Yu, L50|\n|poke|p2|Gholdengo, L50|\n|poke|p2|Talonflame, L50, F|\n|poke|p2|Great Tusk, L50|\n|teampreview|4\n|inactive|Battle timer is ON: inactive players will automatically lose when time's up. (requested by JogadorZero)\n|\n|t:|1682863671\n|start\n|switch|p1a: Chi-Yu|Chi-Yu, L50|100\/100\n|switch|p1b: Flutter Mane|Flutter Mane, L50|100\/100\n|switch|p2a: Talonflame|Talonflame, L50, F|100\/100\n|switch|p2b: Flutter Mane|Flutter Mane, L50|100\/100\n|-ability|p1a: Chi-Yu|Beads of Ruin\n|turn|1\n|\n|t:|1682863687\n|-end|p1b: Flutter Mane|Protosynthesis|[silent]\n|switch|p1b: Torkoal|Torkoal, L50, M|100\/100\n|-weather|SunnyDay|[from] ability: Drought|[of] p1b: Torkoal\n|-activate|p2b: Flutter Mane|ability: Protosynthesis\n|-start|p2b: Flutter Mane|protosynthesisspe\n|move|p2a: Talonflame|Tailwind|p2a: Talonflame\n|-sidestart|p2: JogadorZero|move: Tailwind\n|move|p2b: Flutter Mane|Dazzling Gleam|p1a: Chi-Yu|[spread] p1a,p1b\n|-resisted|p1b: Torkoal\n|-damage|p1a: Chi-Yu|59\/100\n|-damage|p1b: Torkoal|80\/100\n|move|p1a: Chi-Yu|Overheat|p2b: Flutter Mane\n|-enditem|p2b: Flutter Mane|Focus Sash\n|-damage|p2b: Flutter Mane|1\/100\n|-unboost|p1a: Chi-Yu|spa|2\n|\n|-weather|SunnyDay|[upkeep]\n|upkeep\n|turn|2\n|\n|t:|1682863709\n|move|p1a: Chi-Yu|Protect|p1a: Chi-Yu\n|-singleturn|p1a: Chi-Yu|Protect\n|move|p2a: Talonflame|Brave Bird|p1b: Torkoal\n|-damage|p1b: Torkoal|51\/100\n|-damage|p2a: Talonflame|91\/100|[from] Recoil\n|move|p2b: Flutter Mane|Dazzling Gleam|p1b: Torkoal|[spread] p1b\n|-activate|p1a: Chi-Yu|move: Protect\n|-resisted|p1b: Torkoal\n|-damage|p1b: Torkoal|30\/100\n|move|p1b: Torkoal|Overheat|p2b: Flutter Mane\n|-damage|p2b: Flutter Mane|0 fnt\n|-unboost|p1b: Torkoal|spa|2\n|-enditem|p1b: Torkoal|Eject Pack\n|faint|p2b: Flutter Mane\n|-end|p2b: Flutter Mane|Protosynthesis|[silent]\n|\n|t:|1682863721\n|switch|p1b: Dragonite|Dragonite, L50, M|100\/100\n|\n|-weather|SunnyDay|[upkeep]\n|upkeep\n|\n|t:|1682863726\n|switch|p2b: Gholdengo|Gholdengo, L50|100\/100\n|turn|3\n|\n|t:|1682863746\n|switch|p1a: Torkoal|Torkoal, L50, M|30\/100\n|move|p1b: Dragonite|Protect|p1b: Dragonite\n|-singleturn|p1b: Dragonite|Protect\n|move|p2a: Talonflame|Will-O-Wisp|p1b: Dragonite\n|-activate|p1b: Dragonite|move: Protect\n|move|p2b: Gholdengo|Make It Rain|p1a: Torkoal|[spread] p1a\n|-activate|p1b: Dragonite|move: Protect\n|-resisted|p1a: Torkoal\n|-damage|p1a: Torkoal|0 fnt\n|-unboost|p2b: Gholdengo|spa|1\n|faint|p1a: Torkoal\n|\n|-weather|SunnyDay|[upkeep]\n|upkeep\n|\n|t:|1682863761\n|switch|p1a: Flutter Mane|Flutter Mane, L50|100\/100\n|-activate|p1a: Flutter Mane|ability: Protosynthesis\n|-start|p1a: Flutter Mane|protosynthesisspe\n|turn|4\n|\n|t:|1682863774\n|move|p2a: Talonflame|Will-O-Wisp|p1b: Dragonite\n|-status|p1b: Dragonite|brn\n|-enditem|p1b: Dragonite|Lum Berry|[eat]\n|-curestatus|p1b: Dragonite|brn|[msg]\n|move|p2b: Gholdengo|Make It Rain|p1b: Dragonite|[spread] p1a,p1b\n|-supereffective|p1a: Flutter Mane\n|-damage|p1a: Flutter Mane|11\/100\n|-damage|p1b: Dragonite|59\/100\n|-unboost|p2b: Gholdengo|spa|1\n|move|p1a: Flutter Mane|Shadow Ball|p2b: Gholdengo\n|-supereffective|p2b: Gholdengo\n|-crit|p2b: Gholdengo\n|-damage|p2b: Gholdengo|0 fnt\n|faint|p2b: Gholdengo\n|move|p1b: Dragonite|Thunder Punch|p2a: Talonflame\n|-supereffective|p2a: Talonflame\n|-damage|p2a: Talonflame|16\/100\n|\n|-weather|SunnyDay|[upkeep]\n|-sideend|p2: JogadorZero|move: Tailwind\n|upkeep\n|\n|t:|1682863783\n|switch|p2b: Great Tusk|Great Tusk, L50|100\/100\n|-activate|p2b: Great Tusk|ability: Protosynthesis\n|-start|p2b: Great Tusk|protosynthesisdef\n|turn|5\n|\n|t:|1682863802\n|-end|p1a: Flutter Mane|Protosynthesis|[silent]\n|switch|p1a: Chi-Yu|Chi-Yu, L50|59\/100\n|-ability|p1a: Chi-Yu|Beads of Ruin\n|-terastallize|p2a: Talonflame|Ghost\n|move|p1b: Dragonite|Extreme Speed|p2a: Talonflame\n|-immune|p2a: Talonflame\n|move|p2a: Talonflame|Tailwind|p2a: Talonflame\n|-sidestart|p2: JogadorZero|move: Tailwind\n|move|p2b: Great Tusk|Rock Slide|p1a: Chi-Yu|[spread] p1a,p1b\n|-supereffective|p1a: Chi-Yu\n|-supereffective|p1b: Dragonite\n|-damage|p1a: Chi-Yu|8\/100\n|-damage|p1b: Dragonite|30\/100\n|\n|-weather|none\n|-end|p2b: Great Tusk|Protosynthesis\n|upkeep\n|-enditem|p2b: Great Tusk|Booster Energy\n|-activate|p2b: Great Tusk|ability: Protosynthesis|[fromitem]\n|-start|p2b: Great Tusk|protosynthesisdef\n|turn|6\n|inactive|JogadorZero has 30 seconds left.\n|inactive|JogadorZero has 20 seconds left.\n|inactive|JogadorZero has 15 seconds left.\n|inactive|JogadorZero has 10 seconds left.\n|inactive|JogadorZero has 5 seconds left.\n|\n|t:|1682863857\n|move|p1a: Chi-Yu|Protect|p1a: Chi-Yu\n|-singleturn|p1a: Chi-Yu|Protect\n|move|p2a: Talonflame|Brave Bird|p1a: Chi-Yu\n|-activate|p1a: Chi-Yu|move: Protect\n|move|p2b: Great Tusk|Close Combat|p1a: Chi-Yu\n|-activate|p1a: Chi-Yu|move: Protect\n|move|p1b: Dragonite|Thunder Punch|p2a: Talonflame\n|-damage|p2a: Talonflame|0 fnt\n|faint|p2a: Talonflame\n|\n|upkeep\n|turn|7\n|\n|t:|1682863877\n|switch|p1a: Flutter Mane|Flutter Mane, L50|11\/100\n|move|p2b: Great Tusk|Rock Slide|p1b: Dragonite|[spread] p1a,p1b\n|-supereffective|p1b: Dragonite\n|-damage|p1a: Flutter Mane|0 fnt\n|-damage|p1b: Dragonite|2\/100\n|faint|p1a: Flutter Mane\n|-end|p1a: Flutter Mane|Protosynthesis|[silent]\n|move|p1b: Dragonite|Ice Spinner|p2b: Great Tusk\n|-supereffective|p2b: Great Tusk\n|-damage|p2b: Great Tusk|67\/100\n|\n|upkeep\n|\n|t:|1682863882\n|switch|p1a: Chi-Yu|Chi-Yu, L50|8\/100\n|-ability|p1a: Chi-Yu|Beads of Ruin\n|turn|8\n|\n|t:|1682863890\n|move|p1a: Chi-Yu|Protect|p1a: Chi-Yu\n|-singleturn|p1a: Chi-Yu|Protect\n|move|p1b: Dragonite|Protect|p1b: Dragonite\n|-singleturn|p1b: Dragonite|Protect\n|move|p2b: Great Tusk|Rock Slide|p1a: Chi-Yu|[spread] \n|-activate|p1a: Chi-Yu|move: Protect\n|-activate|p1b: Dragonite|move: Protect\n|\n|-sideend|p2: JogadorZero|move: Tailwind\n|upkeep\n|turn|9\n|inactive|Itshotafoutside1 has 30 seconds left.\n|inactive|Itshotafoutside1 has 20 seconds left.\n|\n|t:|1682863927\n|move|p1a: Chi-Yu|Overheat|p2b: Great Tusk|[miss]\n|-miss|p1a: Chi-Yu|p2b: Great Tusk\n|move|p2b: Great Tusk|Rock Slide|p1b: Dragonite|[spread] p1a,p1b\n|-supereffective|p1a: Chi-Yu\n|-supereffective|p1b: Dragonite\n|-damage|p1a: Chi-Yu|0 fnt\n|-damage|p1b: Dragonite|0 fnt\n|faint|p1a: Chi-Yu\n|faint|p1b: Dragonite\n|\n|win|JogadorZero\n|raw|Itshotafoutside1's rating: 1040 → 1029<\/strong> (-11 for losing)\n|raw|JogadorZero's rating: 1144 → 1162<\/strong> (+18 for winning)\n","uploadtime":1682863933,"views":13,"p1id":"itshotafoutside1","p2id":"jogadorzero","formatid":"gen9vgc2023regulationc","rating":1029,"private":0,"password":""}