{"id":"gen9vgc2023regulationc-1855211821","p1":"Cynthiahusband1314","p2":"Abugbog","format":"[Gen 9] VGC 2023 Regulation C","log":"|j|\u2606Cynthiahusband1314\n|j|\u2606Abugbog\n|t:|1682915890\n|gametype|doubles\n|player|p1|Cynthiahusband1314|cynthia-gen4|1030\n|player|p2|Abugbog|2|1103\n|teamsize|p1|6\n|teamsize|p2|6\n|gen|9\n|tier|[Gen 9] VGC 2023 Regulation C\n|rated|\n|rule|Species Clause: Limit one of each Pok\u00e9mon\n|rule|Item Clause: Limit one of each item\n|clearpoke\n|poke|p1|Annihilape, L50, M|\n|poke|p1|Arcanine, L50, F|\n|poke|p1|Chi-Yu, L50|\n|poke|p1|Ting-Lu, L50|\n|poke|p1|Dragonite, L50, M|\n|poke|p1|Flutter Mane, L50|\n|poke|p2|Ting-Lu, L50|\n|poke|p2|Iron Hands, L50|\n|poke|p2|Bronzong, L50|\n|poke|p2|Palafin, L50, M|\n|poke|p2|Annihilape, L50, M|\n|poke|p2|Amoonguss, L50, M|\n|teampreview|4\n|inactive|Battle timer is ON: inactive players will automatically lose when time's up. (requested by Cynthiahusband1314)\n|inactive|Cynthiahusband1314 has 60 seconds left.\n|inactive|Abugbog has 60 seconds left.\n|\n|t:|1682915950\n|start\n|switch|p1a: Annihilape|Annihilape, L50, M, shiny|100\/100\n|switch|p1b: Arcanine|Arcanine, L50, F, shiny|100\/100\n|switch|p2a: Iron Hands|Iron Hands, L50, shiny|100\/100\n|switch|p2b: Bronzong|Bronzong, L50|100\/100\n|-ability|p1b: Arcanine|Intimidate|boost\n|-unboost|p2a: Iron Hands|atk|1\n|-unboost|p2b: Bronzong|atk|1\n|turn|1\n|inactive|Abugbog has 30 seconds left.\n|\n|t:|1682915976\n|switch|p1b: Flutter Mane|Flutter Mane, L50|100\/100\n|-enditem|p1b: Flutter Mane|Booster Energy\n|-activate|p1b: Flutter Mane|ability: Protosynthesis|[fromitem]\n|-start|p1b: Flutter Mane|protosynthesisspe\n|move|p2a: Iron Hands|Fake Out|p1b: Flutter Mane\n|-immune|p1b: Flutter Mane\n|move|p1a: Annihilape|Bulk Up|p1a: Annihilape\n|-boost|p1a: Annihilape|atk|1\n|-boost|p1a: Annihilape|def|1\n|move|p2b: Bronzong|Trick Room|p2b: Bronzong\n|-fieldstart|move: Trick Room|[of] p2b: Bronzong\n|\n|upkeep\n|turn|2\n|inactive|Cynthiahusband1314 has 30 seconds left.\n|inactive|Abugbog has 30 seconds left.\n|inactive|Abugbog has 20 seconds left.\n|\n|t:|1682916015\n|-end|p1b: Flutter Mane|Protosynthesis|[silent]\n|switch|p1b: Arcanine|Arcanine, L50, F, shiny|100\/100\n|-ability|p1b: Arcanine|Intimidate|boost\n|-unboost|p2a: Iron Hands|atk|1\n|-unboost|p2b: Bronzong|atk|1\n|move|p2b: Bronzong|Iron Defense|p2b: Bronzong\n|-boost|p2b: Bronzong|def|2\n|move|p2a: Iron Hands|Volt Switch|p1b: Arcanine\n|-damage|p1b: Arcanine|87\/100\n|\n|t:|1682916028\n|-end|p2a: Iron Hands|Quark Drive|[silent]\n|switch|p2a: Ting-Lu|Ting-Lu, L50|100\/100|[from] Volt Switch\n|-ability|p2a: Ting-Lu|Vessel of Ruin\n|move|p1a: Annihilape|Bulk Up|p1a: Annihilape\n|-boost|p1a: Annihilape|atk|1\n|-boost|p1a: Annihilape|def|1\n|\n|upkeep\n|turn|3\n|inactive|Cynthiahusband1314 has 30 seconds left.\n|inactive|Abugbog has 30 seconds left.\n|\n|t:|1682916056\n|-terastallize|p2a: Ting-Lu|Poison\n|move|p2b: Bronzong|Bulldoze|p1a: Annihilape|[spread] p2a,p1a,p1b\n|-supereffective|p2a: Ting-Lu\n|-supereffective|p1b: Arcanine\n|-damage|p2a: Ting-Lu|95\/100\n|-damage|p1a: Annihilape|98\/100\n|-damage|p1b: Arcanine|78\/100\n|-unboost|p2a: Ting-Lu|spe|1\n|-unboost|p1a: Annihilape|spe|1\n|-unboost|p1b: Arcanine|spe|1\n|-enditem|p2a: Ting-Lu|Weakness Policy\n|-boost|p2a: Ting-Lu|atk|2|[from] item: Weakness Policy\n|-boost|p2a: Ting-Lu|spa|2|[from] item: Weakness Policy\n|move|p2a: Ting-Lu|Throat Chop|p1a: Annihilape\n|-crit|p1a: Annihilape\n|-damage|p1a: Annihilape|0 fnt\n|faint|p1a: Annihilape\n|move|p1b: Arcanine|Will-O-Wisp|p2a: Ting-Lu\n|-status|p2a: Ting-Lu|brn\n|\n|-damage|p2a: Ting-Lu|89\/100 brn|[from] brn\n|upkeep\n|inactive|Cynthiahusband1314 has 30 seconds left.\n|inactive|Cynthiahusband1314 has 20 seconds left.\n|inactive|Cynthiahusband1314 has 15 seconds left.\n|\n|t:|1682916096\n|switch|p1a: Dragonite|Dragonite, L50, M|100\/100\n|turn|4\n|\n|t:|1682916116\n|move|p2a: Ting-Lu|Earthquake|p1a: Dragonite|[spread] p1b\n|-immune|p2b: Bronzong|[from] ability: Levitate\n|-immune|p1a: Dragonite\n|-supereffective|p1b: Arcanine\n|-damage|p1b: Arcanine|10\/100\n|move|p2b: Bronzong|Iron Defense|p2b: Bronzong\n|-boost|p2b: Bronzong|def|2\n|move|p1b: Arcanine|Will-O-Wisp|p2b: Bronzong\n|-status|p2b: Bronzong|brn\n|move|p1a: Dragonite|Dragon Dance|p1a: Dragonite\n|-boost|p1a: Dragonite|atk|1\n|-boost|p1a: Dragonite|spe|1\n|\n|-damage|p2a: Ting-Lu|83\/100 brn|[from] brn\n|-damage|p2b: Bronzong|95\/100 brn|[from] brn\n|upkeep\n|turn|5\n|inactive|Abugbog has 30 seconds left.\n|inactive|Abugbog has 20 seconds left.\n|\n|t:|1682916156\n|move|p1b: Arcanine|Extreme Speed|p2a: Ting-Lu\n|-damage|p2a: Ting-Lu|70\/100 brn\n|move|p2a: Ting-Lu|Throat Chop|p1a: Dragonite\n|-damage|p1a: Dragonite|81\/100\n|-start|p1a: Dragonite|Throat Chop|[silent]\n|move|p2b: Bronzong|Body Press|p1a: Dragonite\n|-resisted|p1a: Dragonite\n|-damage|p1a: Dragonite|63\/100\n|move|p1a: Dragonite|Dragon Dance|p1a: Dragonite\n|-boost|p1a: Dragonite|atk|1\n|-boost|p1a: Dragonite|spe|1\n|\n|-damage|p2a: Ting-Lu|64\/100 brn|[from] brn\n|-damage|p2b: Bronzong|89\/100 brn|[from] brn\n|-fieldend|move: Trick Room\n|upkeep\n|turn|6\n|\n|t:|1682916179\n|-terastallize|p1a: Dragonite|Normal\n|move|p2a: Ting-Lu|Protect|p2a: Ting-Lu\n|-singleturn|p2a: Ting-Lu|Protect\n|move|p1a: Dragonite|Extreme Speed|p2a: Ting-Lu\n|-activate|p2a: Ting-Lu|move: Protect\n|move|p1b: Arcanine|Flare Blitz|p2b: Bronzong\n|-supereffective|p2b: Bronzong\n|-damage|p2b: Bronzong|68\/100 brn\n|-damage|p1b: Arcanine|4\/100|[from] Recoil\n|move|p2b: Bronzong|Trick Room|p2b: Bronzong\n|-fieldstart|move: Trick Room|[of] p2b: Bronzong\n|\n|-damage|p2a: Ting-Lu|58\/100 brn|[from] brn\n|-damage|p2b: Bronzong|63\/100 brn|[from] brn\n|-end|p1a: Dragonite|Throat Chop|[silent]\n|upkeep\n|turn|7\n|inactive|Abugbog has 30 seconds left.\n|\n|t:|1682916206\n|move|p1b: Arcanine|Protect|p1b: Arcanine\n|-singleturn|p1b: Arcanine|Protect\n|move|p1a: Dragonite|Extreme Speed|p2a: Ting-Lu\n|-damage|p2a: Ting-Lu|0 fnt\n|faint|p2a: Ting-Lu\n|move|p2b: Bronzong|Body Press|p1a: Dragonite\n|-supereffective|p1a: Dragonite\n|-damage|p1a: Dragonite|0 fnt\n|faint|p1a: Dragonite\n|\n|-damage|p2b: Bronzong|57\/100 brn|[from] brn\n|upkeep\n|\n|t:|1682916224\n|switch|p2a: Iron Hands|Iron Hands, L50, shiny|100\/100\n|switch|p1a: Flutter Mane|Flutter Mane, L50|100\/100\n|turn|8\n|\n|t:|1682916239\n|move|p1b: Arcanine|Protect||[still]\n|-fail|p1b: Arcanine\n|move|p2b: Bronzong|Body Press|p1b: Arcanine\n|-damage|p1b: Arcanine|0 fnt\n|faint|p1b: Arcanine\n|move|p2a: Iron Hands|Volt Switch|p1a: Flutter Mane\n|-damage|p1a: Flutter Mane|86\/100\n|\n|t:|1682916248\n|-end|p2a: Iron Hands|Quark Drive|[silent]\n|switch|p2a: Amoonguss|Amoonguss, L50, M, shiny|100\/100|[from] Volt Switch\n|move|p1a: Flutter Mane|Moonblast|p2a: Amoonguss\n|-resisted|p2a: Amoonguss\n|-damage|p2a: Amoonguss|81\/100\n|\n|-damage|p2b: Bronzong|51\/100 brn|[from] brn\n|upkeep\n|turn|9\n|-message|Cynthiahusband1314 forfeited.\n|\n|win|Abugbog\n|raw|Cynthiahusband1314's rating: 1030 → 1019<\/strong> (-11 for losing)\n|raw|Abugbog's rating: 1103 → 1123<\/strong> (+20 for winning)\n|l|\u2606Cynthiahusband1314\n","uploadtime":1682916267,"views":15,"p1id":"cynthiahusband1314","p2id":"abugbog","formatid":"gen9vgc2023regulationc","rating":1019,"private":0,"password":""}