{"id":"gen9vgc2023regulationc-1848055962","p1":"Ayrshire20Scythers","p2":"AceTrainerNite","format":"[Gen 9] VGC 2023 Regulation C","log":"|j|\u2606Ayrshire20Scythers\n|j|\u2606AceTrainerNite\n|t:|1682024834\n|gametype|doubles\n|player|p1|Ayrshire20Scythers|policeman-gen4|\n|player|p2|AceTrainerNite|benga|\n|teamsize|p1|6\n|teamsize|p2|6\n|gen|9\n|tier|[Gen 9] VGC 2023 Regulation C\n|rule|Species Clause: Limit one of each Pok\u00e9mon\n|rule|Item Clause: Limit one of each item\n|clearpoke\n|poke|p1|Pincurchin, L50, F|\n|poke|p1|Iron Moth, L50|\n|poke|p1|Tyranitar, L50, M|\n|poke|p1|Iron Thorns, L50|\n|poke|p1|Iron Jugulis, L50|\n|poke|p1|Indeedee-F, L50, F|\n|poke|p2|Gengar, L50, M|\n|poke|p2|Dondozo, L50, M|\n|poke|p2|Toxtricity-Low-Key, L50, F|\n|poke|p2|Tatsugiri, L50, M|\n|poke|p2|Hydreigon, L50, M|\n|poke|p2|Breloom, L50, M|\n|teampreview|4\n|\n|t:|1682024852\n|start\n|switch|p1a: Iron Moth|Iron Moth, L50, shiny|100\/100\n|switch|p1b: Pincurchin|Pincurchin, L50, F, shiny|100\/100\n|switch|p2a: Hydreigon|Hydreigon, L50, M|100\/100\n|switch|p2b: Breloom|Breloom, L50, M, shiny|100\/100\n|-fieldstart|move: Electric Terrain|[from] ability: Electric Surge|[of] p1b: Pincurchin\n|-activate|p1a: Iron Moth|ability: Quark Drive\n|-start|p1a: Iron Moth|quarkdrivespe\n|turn|1\n|\n|t:|1682024881\n|move|p1a: Iron Moth|Protect|p1a: Iron Moth\n|-singleturn|p1a: Iron Moth|Protect\n|move|p2b: Breloom|Protect|p2b: Breloom\n|-singleturn|p2b: Breloom|Protect\n|move|p2a: Hydreigon|Earth Power|p1a: Iron Moth\n|-activate|p1a: Iron Moth|move: Protect\n|move|p1b: Pincurchin|Discharge|p2b: Breloom|[spread] p2a\n|-activate|p1a: Iron Moth|move: Protect\n|-activate|p2b: Breloom|move: Protect\n|-resisted|p2a: Hydreigon\n|-damage|p2a: Hydreigon|86\/100\n|\n|upkeep\n|turn|2\n|\n|t:|1682024907\n|switch|p2b: Dondozo|Dondozo, L50, M, shiny|100\/100\n|-terastallize|p1a: Iron Moth|Flying\n|move|p1b: Pincurchin|Protect|p1b: Pincurchin\n|-singleturn|p1b: Pincurchin|Protect\n|move|p1a: Iron Moth|Heat Wave|p2a: Hydreigon|[spread] p2a,p2b\n|-resisted|p2a: Hydreigon\n|-resisted|p2b: Dondozo\n|-damage|p2a: Hydreigon|60\/100\n|-damage|p2b: Dondozo|75\/100\n|-status|p2a: Hydreigon|brn\n|-damage|p1a: Iron Moth|90\/100|[from] item: Life Orb\n|move|p2a: Hydreigon|Earth Power|p1a: Iron Moth\n|-immune|p1a: Iron Moth\n|\n|-damage|p2a: Hydreigon|55\/100 brn|[from] brn\n|upkeep\n|turn|3\n|\n|t:|1682024947\n|-end|p1a: Iron Moth|Quark Drive|[silent]\n|switch|p1a: Iron Thorns|Iron Thorns, L50, shiny|100\/100\n|-activate|p1a: Iron Thorns|ability: Quark Drive\n|-start|p1a: Iron Thorns|quarkdriveatk\n|-item|p1a: Iron Thorns|Air Balloon\n|move|p2a: Hydreigon|Draco Meteor|p1b: Pincurchin|[miss]\n|-miss|p2a: Hydreigon|p1b: Pincurchin\n|move|p2b: Dondozo|Wave Crash|p1b: Pincurchin\n|-damage|p1b: Pincurchin|54\/100\n|-damage|p2b: Dondozo|64\/100|[from] Recoil\n|move|p1b: Pincurchin|Discharge|p2a: Hydreigon|[spread] p1a,p2a,p2b\n|-resisted|p1a: Iron Thorns\n|-resisted|p2a: Hydreigon\n|-supereffective|p2b: Dondozo\n|-damage|p1a: Iron Thorns|89\/100\n|-damage|p2a: Hydreigon|42\/100 brn\n|-damage|p2b: Dondozo|8\/100\n|-enditem|p1a: Iron Thorns|Air Balloon\n|\n|-damage|p2a: Hydreigon|36\/100 brn|[from] brn\n|upkeep\n|turn|4\n|\n|t:|1682024975\n|switch|p2a: Tatsugiri|Tatsugiri, L50, M, shiny|100\/100\n|-activate|p2a: Tatsugiri|ability: Commander|[of] p2b: Dondozo\n|-boost|p2b: Dondozo|atk|2\n|-boost|p2b: Dondozo|spa|2\n|-boost|p2b: Dondozo|spe|2\n|-boost|p2b: Dondozo|def|2\n|-boost|p2b: Dondozo|spd|2\n|move|p2b: Dondozo|Rest||[still]\n|-activate|p2b: Dondozo|move: Electric Terrain\n|-fail|p2b: Dondozo\n|move|p1a: Iron Thorns|Rock Slide|p2b: Dondozo|[spread] p2b\n|-miss|p1a: Iron Thorns|p2a: Tatsugiri\n|-damage|p2b: Dondozo|0 fnt\n|faint|p2b: Dondozo\n|move|p1b: Pincurchin|Recover|p1b: Pincurchin\n|-heal|p1b: Pincurchin|100\/100\n|\n|upkeep\n|\n|t:|1682024994\n|switch|p2b: Breloom|Breloom, L50, M, shiny|100\/100\n|turn|5\n|\n|t:|1682025020\n|-end|p1a: Iron Thorns|Quark Drive|[silent]\n|switch|p1a: Iron Moth|Iron Moth, L50, shiny, tera:Flying|90\/100\n|-activate|p1a: Iron Moth|ability: Quark Drive\n|-start|p1a: Iron Moth|quarkdrivespe\n|move|p1b: Pincurchin|Protect|p1b: Pincurchin\n|-singleturn|p1b: Pincurchin|Protect\n|move|p2a: Tatsugiri|Icy Wind|p1b: Pincurchin|[spread] p1a\n|-activate|p1b: Pincurchin|move: Protect\n|-supereffective|p1a: Iron Moth\n|-damage|p1a: Iron Moth|62\/100\n|-unboost|p1a: Iron Moth|spe|1\n|move|p2b: Breloom|Bullet Seed|p1a: Iron Moth\n|-resisted|p1a: Iron Moth\n|-damage|p1a: Iron Moth|46\/100\n|-resisted|p1a: Iron Moth\n|-damage|p1a: Iron Moth|30\/100\n|-resisted|p1a: Iron Moth\n|-damage|p1a: Iron Moth|15\/100\n|-resisted|p1a: Iron Moth\n|-damage|p1a: Iron Moth|0 fnt\n|faint|p1a: Iron Moth\n|-end|p1a: Iron Moth|Quark Drive|[silent]\n|-hitcount|p1: Iron Moth|4\n|\n|upkeep\n|\n|t:|1682025042\n|switch|p1a: Iron Jugulis|Iron Jugulis, L50, shiny|100\/100\n|-activate|p1a: Iron Jugulis|ability: Quark Drive\n|-start|p1a: Iron Jugulis|quarkdrivespe\n|turn|6\n|\n|t:|1682025068\n|-terastallize|p2a: Tatsugiri|Steel\n|move|p2b: Breloom|Protect|p2b: Breloom\n|-singleturn|p2b: Breloom|Protect\n|move|p1a: Iron Jugulis|Air Slash|p2b: Breloom\n|-activate|p2b: Breloom|move: Protect\n|move|p2a: Tatsugiri|Icy Wind|p1b: Pincurchin|[spread] p1a,p1b\n|-supereffective|p1a: Iron Jugulis\n|-damage|p1a: Iron Jugulis|69\/100\n|-damage|p1b: Pincurchin|81\/100\n|-unboost|p1a: Iron Jugulis|spe|1\n|-unboost|p1b: Pincurchin|spe|1\n|move|p1b: Pincurchin|Recover|p1b: Pincurchin\n|-heal|p1b: Pincurchin|100\/100\n|\n|upkeep\n|turn|7\n|\n|t:|1682025093\n|switch|p2b: Hydreigon|Hydreigon, L50, M|36\/100 brn\n|switch|p1b: Iron Thorns|Iron Thorns, L50, shiny|89\/100\n|-activate|p1b: Iron Thorns|ability: Quark Drive\n|-start|p1b: Iron Thorns|quarkdriveatk\n|move|p2a: Tatsugiri|Icy Wind|p1b: Iron Thorns|[spread] p1a,p1b\n|-supereffective|p1a: Iron Jugulis\n|-damage|p1a: Iron Jugulis|34\/100\n|-damage|p1b: Iron Thorns|76\/100\n|-unboost|p1a: Iron Jugulis|spe|1\n|-unboost|p1b: Iron Thorns|spe|1\n|-enditem|p1a: Iron Jugulis|Sitrus Berry|[eat]\n|-heal|p1a: Iron Jugulis|59\/100|[from] item: Sitrus Berry\n|move|p1a: Iron Jugulis|U-turn|p2b: Hydreigon\n|-supereffective|p2b: Hydreigon\n|-damage|p2b: Hydreigon|8\/100 brn\n|\n|t:|1682025111\n|-end|p1a: Iron Jugulis|Quark Drive|[silent]\n|switch|p1a: Pincurchin|Pincurchin, L50, F, shiny|100\/100|[from] U-turn\n|\n|-damage|p2b: Hydreigon|3\/100 brn|[from] brn\n|upkeep\n|turn|8\n|\n|t:|1682025148\n|move|p1a: Pincurchin|Protect|p1a: Pincurchin\n|-singleturn|p1a: Pincurchin|Protect\n|move|p2a: Tatsugiri|Icy Wind|p1b: Iron Thorns|[spread] p1b\n|-activate|p1a: Pincurchin|move: Protect\n|-damage|p1b: Iron Thorns|63\/100\n|-unboost|p1b: Iron Thorns|spe|1\n|move|p2b: Hydreigon|Earth Power|p1a: Pincurchin\n|-activate|p1a: Pincurchin|move: Protect\n|move|p1b: Iron Thorns|Thunder Punch|p2a: Tatsugiri\n|-damage|p2a: Tatsugiri|0 fnt\n|faint|p2a: Tatsugiri\n|\n|-damage|p2b: Hydreigon|0 fnt|[from] brn\n|faint|p2b: Hydreigon\n|-fieldend|move: Electric Terrain\n|-end|p1b: Iron Thorns|Quark Drive\n|upkeep\n|\n|t:|1682025164\n|switch|p2a: Breloom|Breloom, L50, M, shiny|100\/100\n|turn|9\n|\n|t:|1682025175\n|move|p1b: Iron Thorns|Protect|p1b: Iron Thorns\n|-singleturn|p1b: Iron Thorns|Protect\n|move|p2a: Breloom|Bullet Seed|p1b: Iron Thorns\n|-activate|p1b: Iron Thorns|move: Protect\n|move|p1a: Pincurchin|Discharge|p2a: Breloom|[spread] p2a\n|-activate|p1b: Iron Thorns|move: Protect\n|-resisted|p2a: Breloom\n|-damage|p2a: Breloom|85\/100\n|\n|upkeep\n|turn|10\n|\n|t:|1682025211\n|move|p2a: Breloom|Spore|p1b: Iron Thorns\n|-status|p1b: Iron Thorns|slp|[from] move: Spore\n|cant|p1b: Iron Thorns|slp\n|move|p1a: Pincurchin|Discharge|p2a: Breloom|[spread] p1b,p2a\n|-resisted|p1b: Iron Thorns\n|-resisted|p2a: Breloom\n|-damage|p1b: Iron Thorns|55\/100 slp\n|-damage|p2a: Breloom|71\/100\n|\n|upkeep\n|turn|11\n|\n|t:|1682025226\n|move|p1a: Pincurchin|Protect|p1a: Pincurchin\n|-singleturn|p1a: Pincurchin|Protect\n|move|p2a: Breloom|Bullet Seed|p1a: Pincurchin\n|-activate|p1a: Pincurchin|move: Protect\n|-curestatus|p1b: Iron Thorns|slp|[msg]\n|move|p1b: Iron Thorns|Rock Slide|p2a: Breloom\n|-resisted|p2a: Breloom\n|-damage|p2a: Breloom|41\/100\n|\n|upkeep\n|turn|12\n|\n|t:|1682025240\n|move|p1b: Iron Thorns|Protect|p1b: Iron Thorns\n|-singleturn|p1b: Iron Thorns|Protect\n|move|p2a: Breloom|Bullet Seed|p1b: Iron Thorns\n|-activate|p1b: Iron Thorns|move: Protect\n|move|p1a: Pincurchin|Discharge|p2a: Breloom|[spread] p2a\n|-activate|p1b: Iron Thorns|move: Protect\n|-resisted|p2a: Breloom\n|-damage|p2a: Breloom|28\/100\n|\n|upkeep\n|turn|13\n|\n|t:|1682025257\n|move|p2a: Breloom|Spore|p1a: Pincurchin\n|-status|p1a: Pincurchin|slp|[from] move: Spore\n|move|p1b: Iron Thorns|Rock Slide|p2a: Breloom\n|-resisted|p2a: Breloom\n|-damage|p2a: Breloom|0 fnt\n|faint|p2a: Breloom\n|\n|win|Ayrshire20Scythers\n","uploadtime":1682025262,"views":16,"p1id":"ayrshire20scythers","p2id":"acetrainernite","formatid":"gen9vgc2023regulationc","rating":0,"private":0,"password":""}