{"id":"gen9vgc2023regulationc-1847249997","p1":"jpxoxoxo","p2":"OneWithTheSnom","format":"[Gen 9] VGC 2023 Regulation C","log":"|j|\u2606jpxoxoxo\n|j|\u2606OneWithTheSnom\n|t:|1681931444\n|gametype|doubles\n|player|p1|jpxoxoxo|266|1066\n|player|p2|OneWithTheSnom|gladion|1145\n|teamsize|p1|6\n|teamsize|p2|6\n|gen|9\n|tier|[Gen 9] VGC 2023 Regulation C\n|rated|\n|rule|Species Clause: Limit one of each Pok\u00e9mon\n|rule|Item Clause: Limit one of each item\n|clearpoke\n|poke|p1|Leafeon, L50, M|\n|poke|p1|Jolteon, L50, M|\n|poke|p1|Vaporeon, L50, F|\n|poke|p1|Sylveon, L50, M|\n|poke|p1|Chi-Yu, L50|\n|poke|p1|Umbreon, L50, M|\n|poke|p2|Scizor, L50, F|\n|poke|p2|Ting-Lu, L50|\n|poke|p2|Sylveon, L50, F|\n|poke|p2|Iron Hands, L50|\n|poke|p2|Palafin, L50, F|\n|poke|p2|Chi-Yu, L50|\n|teampreview|4\n|inactive|Battle timer is ON: inactive players will automatically lose when time's up. (requested by OneWithTheSnom)\n|inactive|jpxoxoxo has 60 seconds left.\n|\n|t:|1681931478\n|start\n|switch|p1a: Chi-Yu|Chi-Yu, L50|100\/100\n|switch|p1b: Sylveon|Sylveon, L50, M|100\/100\n|switch|p2a: Iron Hands|Iron Hands, L50|100\/100\n|switch|p2b: Ting-Lu|Ting-Lu, L50|100\/100\n|-ability|p1a: Chi-Yu|Beads of Ruin\n|-ability|p2b: Ting-Lu|Vessel of Ruin\n|turn|1\n|\n|t:|1681931498\n|-terastallize|p2a: Iron Hands|Flying\n|move|p2a: Iron Hands|Fake Out|p1b: Sylveon\n|-damage|p1b: Sylveon|83\/100\n|move|p1a: Chi-Yu|Sunny Day|p1a: Chi-Yu\n|-weather|SunnyDay\n|cant|p1b: Sylveon|flinch\n|move|p2b: Ting-Lu|Earthquake|p1a: Chi-Yu|[spread] p1a,p1b\n|-immune|p2a: Iron Hands\n|-supereffective|p1a: Chi-Yu\n|-damage|p1a: Chi-Yu|0 fnt\n|-damage|p1b: Sylveon|37\/100\n|faint|p1a: Chi-Yu\n|\n|-weather|SunnyDay|[upkeep]\n|upkeep\n|\n|t:|1681931504\n|switch|p1a: Jolteon|Jolteon, L50, M|100\/100\n|turn|2\n|\n|t:|1681931517\n|-end|p2a: Iron Hands|Quark Drive|[silent]\n|switch|p2a: Sylveon|Sylveon, L50, F|100\/100\n|move|p1a: Jolteon|Thunderbolt|p2a: Sylveon\n|-damage|p2a: Sylveon|82\/100\n|move|p1b: Sylveon|Hyper Voice|p2a: Sylveon|[spread] p2a,p2b\n|-supereffective|p2b: Ting-Lu\n|-damage|p2a: Sylveon|62\/100\n|-damage|p2b: Ting-Lu|68\/100\n|-enditem|p1b: Sylveon|Throat Spray\n|-boost|p1b: Sylveon|spa|1|[from] item: Throat Spray\n|move|p2b: Ting-Lu|Rock Slide|p1a: Jolteon|[spread] p1b\n|-miss|p2b: Ting-Lu|p1a: Jolteon\n|-damage|p1b: Sylveon|14\/100\n|\n|-weather|SunnyDay|[upkeep]\n|upkeep\n|turn|3\n|inactive|jpxoxoxo has 30 seconds left.\n|inactive|jpxoxoxo has 20 seconds left.\n|\n|t:|1681931553\n|-terastallize|p1a: Jolteon|Ice\n|move|p2a: Sylveon|Protect|p2a: Sylveon\n|-singleturn|p2a: Sylveon|Protect\n|move|p1a: Jolteon|Tera Blast|p2b: Ting-Lu\n|-supereffective|p2b: Ting-Lu\n|-damage|p2b: Ting-Lu|39\/100\n|move|p1b: Sylveon|Hyper Voice|p2b: Ting-Lu|[spread] p2b\n|-activate|p2a: Sylveon|move: Protect\n|-supereffective|p2b: Ting-Lu\n|-damage|p2b: Ting-Lu|0 fnt\n|faint|p2b: Ting-Lu\n|\n|-weather|SunnyDay|[upkeep]\n|upkeep\n|\n|t:|1681931565\n|switch|p2b: Scizor|Scizor, L50, F|100\/100\n|turn|4\n|\n|t:|1681931577\n|move|p2b: Scizor|Bullet Punch|p1a: Jolteon\n|-supereffective|p1a: Jolteon\n|-enditem|p1a: Jolteon|Focus Sash\n|-damage|p1a: Jolteon|1\/100\n|-damage|p2b: Scizor|91\/100|[from] item: Life Orb\n|move|p1a: Jolteon|Thunder Wave|p2b: Scizor|[miss]\n|-miss|p1a: Jolteon|p2b: Scizor\n|move|p2a: Sylveon|Hyper Voice|p1b: Sylveon|[spread] p1a,p1b\n|-damage|p1a: Jolteon|0 fnt\n|-damage|p1b: Sylveon|0 fnt\n|faint|p1a: Jolteon\n|faint|p1b: Sylveon\n|\n|-weather|SunnyDay|[upkeep]\n|upkeep\n|\n|t:|1681931581\n|switch|p1b: Leafeon|Leafeon, L50, M|100\/100\n|turn|5\n|-message|jpxoxoxo forfeited.\n|\n|win|OneWithTheSnom\n|raw|jpxoxoxo's rating: 1066 → 1051<\/strong> (-15 for losing)\n|raw|OneWithTheSnom's rating: 1145 → 1164<\/strong> (+19 for winning)\n|l|\u2606jpxoxoxo\n","uploadtime":1681931588,"views":12,"p1id":"jpxoxoxo","p2id":"onewiththesnom","formatid":"gen9vgc2023regulationc","rating":1051,"private":0,"password":""}