{"id":"gen9vgc2023regulationc-1855813679","p1":"jf168","p2":"Post GC2 testing","format":"[Gen 9] VGC 2023 Regulation C","log":"|j|\u2606jf168\n|j|\u2606Post GC2 testing\n|t:|1682987236\n|gametype|doubles\n|player|p1|jf168|workerice|1398\n|player|p2|Post GC2 testing|colress|1479\n|teamsize|p1|6\n|teamsize|p2|6\n|gen|9\n|tier|[Gen 9] VGC 2023 Regulation C\n|rated|\n|rule|Species Clause: Limit one of each Pok\u00e9mon\n|rule|Item Clause: Limit one of each item\n|clearpoke\n|poke|p1|Indeedee-F, L50, F|\n|poke|p1|Armarouge, L50, M|\n|poke|p1|Torkoal, L50, M|\n|poke|p1|Kingambit, L50, M|\n|poke|p1|Chi-Yu, L50|\n|poke|p1|Hawlucha, L50, F|\n|poke|p2|Orthworm, L50, M|\n|poke|p2|Dragonite, L50, M|\n|poke|p2|Ting-Lu, L50|\n|poke|p2|Gyarados, L50, M|\n|poke|p2|Flutter Mane, L50|\n|poke|p2|Chien-Pao, L50|\n|teampreview|4\n|inactive|Battle timer is ON: inactive players will automatically lose when time's up. (requested by jf168)\n|inactive|Post GC2 testing has 60 seconds left.\n|\n|t:|1682987272\n|start\n|switch|p1a: Indeedee|Indeedee-F, L50, F|100\/100\n|switch|p1b: Chi-Yu|Chi-Yu, L50|100\/100\n|switch|p2a: Israfel|Ting-Lu, L50|100\/100\n|switch|p2b: Muppet|Orthworm, L50, M, shiny|100\/100\n|-ability|p1b: Chi-Yu|Beads of Ruin\n|-ability|p2a: Israfel|Vessel of Ruin\n|-fieldstart|move: Psychic Terrain|[from] ability: Psychic Surge|[of] p1a: Indeedee\n|turn|1\n|\n|t:|1682987288\n|switch|p1a: Armarouge|Armarouge, L50, M|100\/100\n|-terastallize|p2b: Muppet|Fire\n|move|p1b: Chi-Yu|Lava Plume|p2b: Muppet|[spread] p2a,p2b\n|-start|p1a: Armarouge|ability: Flash Fire\n|-resisted|p2b: Muppet\n|-damage|p2a: Israfel|74\/100\n|-damage|p2b: Muppet|78\/100\n|-status|p2a: Israfel|brn\n|move|p2a: Israfel|Earthquake|p1a: Armarouge|[spread] p1a,p1b\n|-heal|p2b: Muppet|100\/100|[from] ability: Earth Eater|[of] p2a: Israfel\n|-supereffective|p1a: Armarouge\n|-supereffective|p1b: Chi-Yu\n|-damage|p1a: Armarouge|56\/100\n|-damage|p1b: Chi-Yu|24\/100\n|move|p2b: Muppet|Body Press|p1b: Chi-Yu\n|-supereffective|p1b: Chi-Yu\n|-damage|p1b: Chi-Yu|0 fnt\n|faint|p1b: Chi-Yu\n|\n|-damage|p2a: Israfel|68\/100 brn|[from] brn\n|upkeep\n|\n|t:|1682987305\n|switch|p1b: Hawlucha|Hawlucha, L50, F|100\/100\n|-enditem|p1b: Hawlucha|Psychic Seed\n|-boost|p1b: Hawlucha|spd|1|[from] item: Psychic Seed\n|turn|2\n|inactive|Post GC2 testing has 30 seconds left.\n|inactive|Post GC2 testing has 20 seconds left.\n|\n|t:|1682987343\n|move|p1b: Hawlucha|Swords Dance|p1b: Hawlucha\n|-boost|p1b: Hawlucha|atk|2\n|move|p2a: Israfel|Earthquake|p1b: Hawlucha|[spread] p1a\n|-immune|p2b: Muppet|[from] ability: Earth Eater\n|-immune|p1b: Hawlucha\n|-supereffective|p1a: Armarouge\n|-damage|p1a: Armarouge|12\/100\n|move|p2b: Muppet|Iron Defense|p2b: Muppet\n|-boost|p2b: Muppet|def|2\n|move|p1a: Armarouge|Expanding Force|p2a: Israfel|[spread] p2b\n|-immune|p2a: Israfel\n|-damage|p2b: Muppet|32\/100\n|-enditem|p2b: Muppet|Sitrus Berry|[eat]\n|-heal|p2b: Muppet|57\/100|[from] item: Sitrus Berry\n|\n|-damage|p2a: Israfel|62\/100 brn|[from] brn\n|upkeep\n|turn|3\n|\n|t:|1682987361\n|move|p1a: Armarouge|Wide Guard|p1a: Armarouge\n|-singleturn|p1a: Armarouge|Wide Guard\n|move|p1b: Hawlucha|Acrobatics|p2b: Muppet\n|-damage|p2b: Muppet|24\/100\n|move|p2a: Israfel|Earthquake|p1a: Armarouge|[spread] \n|-activate|p1a: Armarouge|move: Wide Guard\n|-activate|p1b: Hawlucha|move: Wide Guard\n|-heal|p2b: Muppet|49\/100|[from] ability: Earth Eater|[of] p2a: Israfel\n|move|p2b: Muppet|Heavy Slam|p1b: Hawlucha\n|-damage|p1b: Hawlucha|49\/100\n|\n|-damage|p2a: Israfel|56\/100 brn|[from] brn\n|upkeep\n|turn|4\n|inactive|jf168 has 30 seconds left.\n|\n|t:|1682987388\n|-terastallize|p1b: Hawlucha|Steel\n|move|p1b: Hawlucha|Close Combat|p2a: Israfel\n|-supereffective|p2a: Israfel\n|-damage|p2a: Israfel|0 fnt\n|-unboost|p1b: Hawlucha|def|1\n|-unboost|p1b: Hawlucha|spd|1\n|faint|p2a: Israfel\n|move|p2b: Muppet|Heavy Slam|p1a: Armarouge\n|-resisted|p1a: Armarouge\n|-damage|p1a: Armarouge|0 fnt\n|faint|p1a: Armarouge\n|\n|upkeep\n|\n|t:|1682987396\n|switch|p2a: Lancelot|Dragonite, L50, M|100\/100\n|switch|p1a: Indeedee|Indeedee-F, L50, F|100\/100\n|turn|5\n|\n|t:|1682987410\n|move|p1a: Indeedee|Follow Me|p1a: Indeedee\n|-singleturn|p1a: Indeedee|move: Follow Me\n|move|p1b: Hawlucha|Acrobatics|p2a: Lancelot\n|-crit|p2a: Lancelot\n|-damage|p2a: Lancelot|30\/100\n|move|p2a: Lancelot|Earthquake|p1a: Indeedee|[spread] p1a,p1b\n|-heal|p2b: Muppet|74\/100|[from] ability: Earth Eater|[of] p2a: Lancelot\n|-supereffective|p1b: Hawlucha\n|-damage|p1a: Indeedee|76\/100\n|-damage|p1b: Hawlucha|0 fnt\n|faint|p1b: Hawlucha\n|move|p2b: Muppet|Iron Defense|p2b: Muppet\n|-boost|p2b: Muppet|def|2\n|\n|-fieldend|move: Psychic Terrain\n|upkeep\n|turn|6\n|-message|jf168 forfeited.\n|\n|win|Post GC2 testing\n|raw|jf168's rating: 1398 → 1383<\/strong> (-15 for losing)\n|raw|Post GC2 testing's rating: 1479 → 1494<\/strong> (+15 for winning)\n|l|\u2606jf168\n","uploadtime":1682987433,"views":9,"p1id":"jf168","p2id":"postgc2testing","formatid":"gen9vgc2023regulationc","rating":1383,"private":0,"password":""}