{"id":"gen9vgc2023regulationc-1848923903","p1":"GuhBoo","p2":"Nucleartoad","format":"[Gen 9] VGC 2023 Regulation C","log":"|j|\u2606GuhBoo\n|j|\u2606Nucleartoad\n|t:|1682126722\n|gametype|doubles\n|player|p1|GuhBoo|102|1234\n|player|p2|Nucleartoad|janine|1299\n|teamsize|p1|6\n|teamsize|p2|6\n|gen|9\n|tier|[Gen 9] VGC 2023 Regulation C\n|rated|\n|rule|Species Clause: Limit one of each Pok\u00e9mon\n|rule|Item Clause: Limit one of each item\n|clearpoke\n|poke|p1|Gengar, L50, F|\n|poke|p1|Flutter Mane, L50|\n|poke|p1|Orthworm, L50, F|\n|poke|p1|Dragonite, L50, F|\n|poke|p1|Ting-Lu, L50|\n|poke|p1|Chi-Yu, L50|\n|poke|p2|Sunflora, L50, M|\n|poke|p2|Torkoal, L50, M|\n|poke|p2|Hatterene, L50, F|\n|poke|p2|Hariyama, L50, M|\n|poke|p2|Flamigo, L50, M|\n|poke|p2|Luxray, L50, M|\n|teampreview|4\n|\n|t:|1682126751\n|start\n|switch|p1a: Ting-Lu|Ting-Lu, L50|100\/100\n|switch|p1b: Orthworm|Orthworm, L50, F, shiny|100\/100\n|switch|p2a: Yo-Ya Ma|Hariyama, L50, M|100\/100\n|switch|p2b: Irene Cara|Hatterene, L50, F|100\/100\n|-ability|p1a: Ting-Lu|Vessel of Ruin\n|turn|1\n|\n|t:|1682126768\n|-terastallize|p2b: Irene Cara|Steel\n|move|p2a: Yo-Ya Ma|Fake Out|p1b: Orthworm\n|-resisted|p1b: Orthworm\n|-damage|p1b: Orthworm|95\/100\n|move|p1a: Ting-Lu|Earthquake|p2b: Irene Cara|[spread] p2a,p2b\n|-heal|p1b: Orthworm|100\/100|[from] ability: Earth Eater|[of] p1a: Ting-Lu\n|-crit|p2a: Yo-Ya Ma\n|-supereffective|p2b: Irene Cara\n|-damage|p2a: Yo-Ya Ma|43\/100\n|-damage|p2b: Irene Cara|16\/100\n|cant|p1b: Orthworm|flinch\n|move|p2b: Irene Cara|Trick Room|p2b: Irene Cara\n|-fieldstart|move: Trick Room|[of] p2b: Irene Cara\n|\n|-status|p2a: Yo-Ya Ma|brn|[from] item: Flame Orb\n|upkeep\n|turn|2\n|\n|t:|1682126800\n|-terastallize|p1a: Ting-Lu|Water\n|move|p2b: Irene Cara|Draining Kiss|p1a: Ting-Lu\n|-damage|p1a: Ting-Lu|88\/100\n|-heal|p2b: Irene Cara|30\/100|[from] drain|[of] p1a: Ting-Lu\n|move|p2a: Yo-Ya Ma|Close Combat|p1a: Ting-Lu\n|-damage|p1a: Ting-Lu|31\/100\n|-unboost|p2a: Yo-Ya Ma|def|1\n|-unboost|p2a: Yo-Ya Ma|spd|1\n|move|p1b: Orthworm|Body Press|p2a: Yo-Ya Ma\n|-damage|p2a: Yo-Ya Ma|0 fnt\n|faint|p2a: Yo-Ya Ma\n|move|p1a: Ting-Lu|Earthquake|p2b: Irene Cara|[spread] p2b\n|-immune|p1b: Orthworm|[from] ability: Earth Eater\n|-supereffective|p2b: Irene Cara\n|-crit|p2b: Irene Cara\n|-damage|p2b: Irene Cara|0 fnt\n|faint|p2b: Irene Cara\n|\n|upkeep\n|\n|t:|1682126813\n|switch|p2b: FlamingoLips|Flamigo, L50, M|100\/100\n|switch|p2a: NatKing Koal|Torkoal, L50, M|100\/100\n|-weather|SunnyDay|[from] ability: Drought|[of] p2a: NatKing Koal\n|turn|3\n|\n|t:|1682126862\n|move|p2b: FlamingoLips|Feint|p1a: Ting-Lu\n|-damage|p1a: Ting-Lu|26\/100\n|move|p2a: NatKing Koal|Eruption|p1a: Ting-Lu|[spread] p1a,p1b\n|-resisted|p1a: Ting-Lu\n|-supereffective|p1b: Orthworm\n|-damage|p1a: Ting-Lu|11\/100\n|-damage|p1b: Orthworm|0 fnt\n|faint|p1b: Orthworm\n|move|p1a: Ting-Lu|Rock Slide|p2b: FlamingoLips|[spread] p2a,p2b\n|-supereffective|p2a: NatKing Koal\n|-damage|p2a: NatKing Koal|70\/100\n|-damage|p2b: FlamingoLips|80\/100\n|\n|-weather|SunnyDay|[upkeep]\n|upkeep\n|\n|t:|1682126874\n|switch|p1b: Dragonite|Dragonite, L50, F|100\/100\n|turn|4\n|\n|t:|1682126889\n|move|p2b: FlamingoLips|Quick Guard|p2b: FlamingoLips\n|-singleturn|p2b: FlamingoLips|Quick Guard\n|move|p2a: NatKing Koal|Eruption|p1a: Ting-Lu|[spread] p1a,p1b\n|-resisted|p1a: Ting-Lu\n|-resisted|p1b: Dragonite\n|-damage|p1a: Ting-Lu|0 fnt\n|-damage|p1b: Dragonite|91\/100\n|faint|p1a: Ting-Lu\n|move|p1b: Dragonite|Rock Slide|p2b: FlamingoLips|[spread] p2b\n|-miss|p1b: Dragonite|p2a: NatKing Koal\n|-damage|p2b: FlamingoLips|59\/100\n|\n|-weather|SunnyDay|[upkeep]\n|upkeep\n|\n|t:|1682126900\n|switch|p1a: Flutter Mane|Flutter Mane, L50|100\/100\n|-activate|p1a: Flutter Mane|ability: Protosynthesis\n|-start|p1a: Flutter Mane|protosynthesisspa\n|turn|5\n|\n|t:|1682126929\n|move|p1a: Flutter Mane|Protect|p1a: Flutter Mane\n|-singleturn|p1a: Flutter Mane|Protect\n|move|p2b: FlamingoLips|Feint|p1a: Flutter Mane\n|-activate|p1a: Flutter Mane|move: Feint\n|-damage|p1a: Flutter Mane|81\/100\n|move|p2a: NatKing Koal|Eruption|p1a: Flutter Mane|[spread] p1a,p1b\n|-resisted|p1b: Dragonite\n|-damage|p1a: Flutter Mane|37\/100\n|-damage|p1b: Dragonite|66\/100\n|move|p1b: Dragonite|Earthquake|p2b: FlamingoLips|[spread] p1a,p2a\n|-immune|p2b: FlamingoLips\n|-supereffective|p2a: NatKing Koal\n|-damage|p1a: Flutter Mane|0 fnt\n|-damage|p2a: NatKing Koal|29\/100\n|faint|p1a: Flutter Mane\n|-end|p1a: Flutter Mane|Protosynthesis|[silent]\n|\n|-weather|SunnyDay|[upkeep]\n|-fieldend|move: Trick Room\n|upkeep\n|turn|6\n|\n|t:|1682126956\n|move|p2b: FlamingoLips|Wide Guard|p2b: FlamingoLips\n|-singleturn|p2b: FlamingoLips|Wide Guard\n|move|p1b: Dragonite|Dragon Dance|p1b: Dragonite\n|-boost|p1b: Dragonite|atk|1\n|-boost|p1b: Dragonite|spe|1\n|move|p2a: NatKing Koal|Overheat|p1b: Dragonite\n|-resisted|p1b: Dragonite\n|-damage|p1b: Dragonite|24\/100\n|-unboost|p2a: NatKing Koal|spa|2\n|\n|-weather|SunnyDay|[upkeep]\n|upkeep\n|turn|7\n|\n|t:|1682126980\n|move|p2b: FlamingoLips|Wide Guard|p2b: FlamingoLips\n|-singleturn|p2b: FlamingoLips|Wide Guard\n|move|p1b: Dragonite|Tera Blast|p2a: NatKing Koal\n|-damage|p2a: NatKing Koal|2\/100\n|move|p2a: NatKing Koal|Overheat|p1b: Dragonite\n|-resisted|p1b: Dragonite\n|-damage|p1b: Dragonite|2\/100\n|-unboost|p2a: NatKing Koal|spa|2\n|\n|-weather|none\n|upkeep\n|turn|8\n|-message|GuhBoo forfeited.\n|\n|win|Nucleartoad\n|raw|GuhBoo's rating: 1234 → 1214<\/strong> (-20 for losing)\n|raw|Nucleartoad's rating: 1299 → 1319<\/strong> (+20 for winning)\n|l|\u2606GuhBoo\n|c|\u2606Nucleartoad|Gg\n","uploadtime":1682127003,"views":6,"p1id":"guhboo","p2id":"nucleartoad","formatid":"gen9vgc2023regulationc","rating":1214,"private":0,"password":""}