{"id":"gen9vgc2023regulationc-1853395867","p1":"Vanwinya","p2":"MicroplasticsBad","format":"[Gen 9] VGC 2023 Regulation C","log":"|j|\u2606Vanwinya\n|j|\u2606MicroplasticsBad\n|t:|1682679687\n|gametype|doubles\n|player|p1|Vanwinya|102|1228\n|player|p2|MicroplasticsBad|proton|1312\n|teamsize|p1|6\n|teamsize|p2|6\n|gen|9\n|tier|[Gen 9] VGC 2023 Regulation C\n|rated|\n|rule|Species Clause: Limit one of each Pok\u00e9mon\n|rule|Item Clause: Limit one of each item\n|clearpoke\n|poke|p1|Wo-Chien, L50|\n|poke|p1|Flutter Mane, L50|\n|poke|p1|Volcarona, L50, M|\n|poke|p1|Iron Treads, L50|\n|poke|p1|Indeedee-F, L50, F|\n|poke|p1|Tatsugiri, L50, M|\n|poke|p2|Murkrow, L50, M|\n|poke|p2|Brute Bonnet, L50|\n|poke|p2|Rotom-Wash, L50|\n|poke|p2|Great Tusk, L50|\n|poke|p2|Flutter Mane, L50|\n|poke|p2|Corviknight, L50, M|\n|teampreview|4\nMicroplasticsBad has agreed to open team sheets.\n|inactive|Battle timer is ON: inactive players will automatically lose when time's up. (requested by MicroplasticsBad)\n|\n|t:|1682679726\n|start\n|switch|p1a: Volcarona|Volcarona, L50, M|100\/100\n|switch|p1b: Indeedee|Indeedee-F, L50, F|100\/100\n|switch|p2a: Great Tusk|Great Tusk, L50|100\/100\n|switch|p2b: Corviknight|Corviknight, L50, M|100\/100\n|-fieldstart|move: Psychic Terrain|[from] ability: Psychic Surge|[of] p1b: Indeedee\n|-enditem|p1b: Indeedee|Psychic Seed\n|-boost|p1b: Indeedee|spd|1|[from] item: Psychic Seed\n|turn|1\n|inactive|MicroplasticsBad has 30 seconds left.\n|\n|t:|1682679757\n|switch|p1a: Iron Treads|Iron Treads, L50|100\/100\n|switch|p2b: Murkrow|Murkrow, L50, M, shiny|100\/100\n|move|p2a: Great Tusk|Earthquake|p1b: Indeedee|[spread] p1a,p1b\n|-immune|p2b: Murkrow\n|-supereffective|p1a: Iron Treads\n|-damage|p1a: Iron Treads|20\/100\n|-damage|p1b: Indeedee|58\/100\n|move|p1b: Indeedee|Psychic|p2a: Great Tusk\n|-supereffective|p2a: Great Tusk\n|-damage|p2a: Great Tusk|0 fnt\n|faint|p2a: Great Tusk\n|-end|p2a: Great Tusk|Protosynthesis|[silent]\n|\n|upkeep\n|\n|t:|1682679769\n|switch|p2a: Flutter Mane|Flutter Mane, L50, shiny|100\/100\n|turn|2\n|\n|t:|1682679786\n|move|p2a: Flutter Mane|Dazzling Gleam|p1b: Indeedee|[spread] p1a,p1b\n|-resisted|p1a: Iron Treads\n|-damage|p1a: Iron Treads|0 fnt\n|-damage|p1b: Indeedee|27\/100\n|faint|p1a: Iron Treads\n|-end|p1a: Iron Treads|Quark Drive|[silent]\n|move|p2b: Murkrow|Brave Bird|p1b: Indeedee\n|-damage|p1b: Indeedee|0 fnt\n|faint|p1b: Indeedee\n|-damage|p2b: Murkrow|91\/100|[from] Recoil\n|\n|upkeep\n|\n|t:|1682679798\n|switch|p1a: Tatsugiri|Tatsugiri, L50, M|100\/100\n|switch|p1b: Volcarona|Volcarona, L50, M|100\/100\n|turn|3\n|\n|t:|1682679815\n|move|p1a: Tatsugiri|Protect|p1a: Tatsugiri\n|-singleturn|p1a: Tatsugiri|Protect\n|move|p2b: Murkrow|Tailwind|p2b: Murkrow\n|-sidestart|p2: MicroplasticsBad|move: Tailwind\n|move|p2a: Flutter Mane|Dazzling Gleam|p1b: Volcarona|[spread] p1b\n|-activate|p1a: Tatsugiri|move: Protect\n|-resisted|p1b: Volcarona\n|-damage|p1b: Volcarona|77\/100\n|move|p1b: Volcarona|Quiver Dance|p1b: Volcarona\n|-boost|p1b: Volcarona|spa|1\n|-boost|p1b: Volcarona|spd|1\n|-boost|p1b: Volcarona|spe|1\n|\n|-heal|p1b: Volcarona|83\/100|[from] item: Leftovers\n|upkeep\n|turn|4\n|\n|t:|1682679838\n|-terastallize|p1a: Tatsugiri|Fire\n|move|p1b: Volcarona|Protect|p1b: Volcarona\n|-singleturn|p1b: Volcarona|Protect\n|move|p2a: Flutter Mane|Dazzling Gleam|p1b: Volcarona|[spread] p1a\n|-activate|p1b: Volcarona|move: Protect\n|-resisted|p1a: Tatsugiri\n|-damage|p1a: Tatsugiri|68\/100\n|move|p2b: Murkrow|Brave Bird|p1a: Tatsugiri\n|-damage|p1a: Tatsugiri|5\/100\n|-damage|p2b: Murkrow|73\/100|[from] Recoil\n|move|p1a: Tatsugiri|Icy Wind|p2b: Murkrow|[spread] p2a,p2b\n|-supereffective|p2b: Murkrow\n|-damage|p2a: Flutter Mane|87\/100\n|-damage|p2b: Murkrow|42\/100\n|-unboost|p2a: Flutter Mane|spe|1\n|-unboost|p2b: Murkrow|spe|1\n|\n|-heal|p1b: Volcarona|89\/100|[from] item: Leftovers\n|upkeep\n|turn|5\n|inactive|Vanwinya has 30 seconds left.\n|\n|t:|1682679872\n|move|p2b: Murkrow|Haze|p2b: Murkrow\n|-clearallboost\n|move|p2a: Flutter Mane|Dazzling Gleam|p1a: Tatsugiri|[spread] p1a,p1b\n|-resisted|p1a: Tatsugiri\n|-resisted|p1b: Volcarona\n|-damage|p1a: Tatsugiri|0 fnt\n|-damage|p1b: Volcarona|66\/100\n|faint|p1a: Tatsugiri\n|move|p1b: Volcarona|Flamethrower|p2a: Flutter Mane\n|-damage|p2a: Flutter Mane|36\/100\n|\n|-heal|p1b: Volcarona|72\/100|[from] item: Leftovers\n|-fieldend|move: Psychic Terrain\n|upkeep\n|turn|6\n|\n|t:|1682679887\n|move|p2a: Flutter Mane|Dazzling Gleam|p1b: Volcarona\n|-resisted|p1b: Volcarona\n|-crit|p1b: Volcarona\n|-damage|p1b: Volcarona|24\/100\n|move|p2b: Murkrow|Brave Bird|p1b: Volcarona\n|-supereffective|p1b: Volcarona\n|-damage|p1b: Volcarona|0 fnt\n|-status|p2b: Murkrow|brn|[from] ability: Flame Body|[of] p1b: Volcarona\n|faint|p1b: Volcarona\n|-damage|p2b: Murkrow|34\/100 brn|[from] Recoil\n|\n|win|MicroplasticsBad\n|raw|Vanwinya's rating: 1228 → 1209<\/strong> (-19 for losing)\n|raw|MicroplasticsBad's rating: 1312 → 1327<\/strong> (+15 for winning)\n","uploadtime":1682679899,"views":7,"p1id":"vanwinya","p2id":"microplasticsbad","formatid":"gen9vgc2023regulationc","rating":1209,"private":0,"password":""}