{"id":"gen9vgc2023regulationc-1850078534","p1":"gurupatak2","p2":"Koride on","format":"[Gen 9] VGC 2023 Regulation C","log":"|j|\u2606gurupatak2\n|j|\u2606Koride on\n|t:|1682284813\n|gametype|doubles\n|player|p1|gurupatak2|2|\n|player|p2|Koride on|101|\n|teamsize|p1|6\n|teamsize|p2|6\n|gen|9\n|tier|[Gen 9] VGC 2023 Regulation C\n|rated|Tournament battle\n|rule|Species Clause: Limit one of each Pok\u00e9mon\n|rule|Item Clause: Limit one of each item\n|clearpoke\n|poke|p1|Glimmora, L50, F|\n|poke|p1|Iron Bundle, L50|\n|poke|p1|Dondozo, L50, F|\n|poke|p1|Dragonite, L50, F|\n|poke|p1|Tatsugiri, L50, F|\n|poke|p1|Chi-Yu, L50|\n|poke|p2|Gastrodon-East, L50, M|\n|poke|p2|Amoonguss, L50, M|\n|poke|p2|Chi-Yu, L50|\n|poke|p2|Flutter Mane, L50|\n|poke|p2|Talonflame, L50, F|\n|poke|p2|Dragonite, L50, F|\n|teampreview|4\n|raw| Open Team Sheet for gurupatak2<\/summary>Glimmora @ Assault Vest Ability: Toxic Debris Level: 50 Tera Type: Grass - Mortal Spin - Power Gem - Earth Power - Energy Ball Iron Bundle @ Booster Energy Ability: Quark Drive Level: 50 Tera Type: Ice - Hydro Pump - Icy Wind - Freeze-Dry - Protect Dondozo @ Leftovers Ability: Oblivious Level: 50 Tera Type: Grass - Wave Crash - Earthquake - Tera Blast - Protect Dragonite @ Choice Band Ability: Multiscale Level: 50 Tera Type: Normal - Outrage - Ice Spinner - Extreme Speed - Earthquake Tatsugiri @ Choice Scarf Ability: Commander Level: 50 Tera Type: Steel - Draco Meteor - Muddy Water - Icy Wind - Sleep Talk Chi-Yu @ Focus Sash Ability: Beads of Ruin Level: 50 Tera Type: Ghost - Overheat - Heat Wave - Dark Pulse - Protect <\/details><\/div> Open Team Sheet for Koride on<\/summary>Gastrodon (Gastrodon-East) @ Iapapa Berry Ability: Storm Drain Level: 50 Tera Type: Fire - Earth Power - Muddy Water - Clear Smog - Recover Amoonguss @ Sitrus Berry Ability: Regenerator Level: 50 Tera Type: Water - Pollen Puff - Rage Powder - Spore - Protect Chi-Yu @ Safety Goggles Ability: Beads of Ruin Level: 50 Tera Type: Grass - Dark Pulse - Heat Wave - Nasty Plot - Protect Flutter Mane @ Choice Specs Ability: Protosynthesis Level: 50 Tera Type: Fairy - Moonblast - Shadow Ball - Dazzling Gleam - Thunderbolt Talonflame @ Covert Cloak Ability: Gale Wings Level: 50 Tera Type: Grass - Brave Bird - Tailwind - Taunt - Will-O-Wisp Dragonite @ Choice Band Ability: Inner Focus Level: 50 Tera Type: Normal - Dragon Claw - Aerial Ace - Extreme Speed - Earthquake <\/details><\/div>\n|inactive|Battle timer is ON: inactive players will automatically lose when time's up. (requested by gurupatak2)\n|c|\u2606gurupatak2|glhf\n|inactive|Koride on has 60 seconds left.\n|\n|t:|1682284882\n|start\n|switch|p1a: Chi-Yu|Chi-Yu, L50|100\/100\n|switch|p1b: Dondozo|Dondozo, L50, F|100\/100\n|switch|p2a: Talonflame|Talonflame, L50, F|100\/100\n|switch|p2b: Chi-Yu|Chi-Yu, L50|100\/100\n|-ability|p1a: Chi-Yu|Beads of Ruin\n|-ability|p2b: Chi-Yu|Beads of Ruin\n|turn|1\n|\n|t:|1682284903\n|switch|p1a: Tatsugiri|Tatsugiri, L50, F|100\/100\n|-activate|p1a: Tatsugiri|ability: Commander|[of] p1b: Dondozo\n|-boost|p1b: Dondozo|atk|2\n|-boost|p1b: Dondozo|spa|2\n|-boost|p1b: Dondozo|spe|2\n|-boost|p1b: Dondozo|def|2\n|-boost|p1b: Dondozo|spd|2\n|switch|p2b: Gastrodon|Gastrodon-East, L50, M|100\/100\n|move|p2a: Talonflame|Tailwind|p2a: Talonflame\n|-sidestart|p2: Koride on|move: Tailwind\n|move|p1b: Dondozo|Wave Crash|p2b: Gastrodon\n|-activate|p2b: Gastrodon|ability: Storm Drain\n|-ability|p2b: Gastrodon|Storm Drain|boost\n|-boost|p2b: Gastrodon|spa|1\n|\n|upkeep\n|turn|2\n|\n|t:|1682284923\n|-terastallize|p1b: Dondozo|Grass\n|-terastallize|p2b: Gastrodon|Fire\n|move|p2a: Talonflame|Will-O-Wisp|p1b: Dondozo|[miss]\n|-miss|p2a: Talonflame|p1b: Dondozo\n|move|p1b: Dondozo|Tera Blast|p2b: Gastrodon\n|-resisted|p2b: Gastrodon\n|-damage|p2b: Gastrodon|74\/100\n|move|p2b: Gastrodon|Clear Smog|p1b: Dondozo\n|-supereffective|p1b: Dondozo\n|-damage|p1b: Dondozo|85\/100\n|-clearboost|p1b: Dondozo\n|\n|-heal|p1b: Dondozo|91\/100|[from] item: Leftovers\n|upkeep\n|turn|3\n|\n|t:|1682284939\n|move|p2a: Talonflame|Will-O-Wisp|p1b: Dondozo\n|-status|p1b: Dondozo|brn\n|move|p1b: Dondozo|Earthquake|p2b: Gastrodon|[spread] p2b\n|-miss|p1b: Dondozo|p1a: Tatsugiri\n|-immune|p2a: Talonflame\n|-supereffective|p2b: Gastrodon\n|-damage|p2b: Gastrodon|56\/100\n|move|p2b: Gastrodon|Recover|p2b: Gastrodon\n|-heal|p2b: Gastrodon|100\/100\n|\n|-heal|p1b: Dondozo|97\/100 brn|[from] item: Leftovers\n|-damage|p1b: Dondozo|91\/100 brn|[from] brn\n|upkeep\n|turn|4\n|\n|t:|1682284958\n|switch|p2b: Flutter Mane|Flutter Mane, L50|100\/100\n|move|p2a: Talonflame|Brave Bird|p1b: Dondozo\n|-supereffective|p1b: Dondozo\n|-damage|p1b: Dondozo|29\/100 brn\n|-damage|p2a: Talonflame|71\/100|[from] Recoil\n|move|p1b: Dondozo|Earthquake|p2a: Talonflame|[spread] p2b\n|-miss|p1b: Dondozo|p1a: Tatsugiri\n|-immune|p2a: Talonflame\n|-damage|p2b: Flutter Mane|87\/100\n|\n|-heal|p1b: Dondozo|35\/100 brn|[from] item: Leftovers\n|-damage|p1b: Dondozo|29\/100 brn|[from] brn\n|-sideend|p2: Koride on|move: Tailwind\n|upkeep\n|turn|5\n|\n|t:|1682284970\n|move|p2a: Talonflame|Brave Bird|p1b: Dondozo\n|-supereffective|p1b: Dondozo\n|-damage|p1b: Dondozo|0 fnt\n|faint|p1b: Dondozo\n|-damage|p2a: Talonflame|57\/100|[from] Recoil\n|move|p2b: Flutter Mane|Moonblast|p1a: Tatsugiri\n|-supereffective|p1a: Tatsugiri\n|-damage|p1a: Tatsugiri|0 fnt\n|faint|p1a: Tatsugiri\n|\n|upkeep\n|\n|t:|1682284974\n|switch|p1a: Chi-Yu|Chi-Yu, L50|100\/100\n|switch|p1b: Iron Bundle|Iron Bundle, L50|100\/100\n|-ability|p1a: Chi-Yu|Beads of Ruin\n|-enditem|p1b: Iron Bundle|Booster Energy\n|-activate|p1b: Iron Bundle|ability: Quark Drive|[fromitem]\n|-start|p1b: Iron Bundle|quarkdrivespe\n|turn|6\n|inactive|Koride on has 30 seconds left.\n|inactive|Koride on has 20 seconds left.\n|inactive|Koride on has 15 seconds left.\n|inactive|Koride on has 10 seconds left.\n|\n|t:|1682285020\n|switch|p2a: Gastrodon|Gastrodon-East, L50, M, tera:Fire|100\/100\n|move|p1b: Iron Bundle|Icy Wind|p2b: Flutter Mane|[spread] p2a,p2b\n|-resisted|p2a: Gastrodon\n|-damage|p2a: Gastrodon|87\/100\n|-damage|p2b: Flutter Mane|61\/100\n|-unboost|p2a: Gastrodon|spe|1\n|-unboost|p2b: Flutter Mane|spe|1\n|move|p1a: Chi-Yu|Heat Wave|p2b: Flutter Mane|[spread] p2a,p2b\n|-resisted|p2a: Gastrodon\n|-damage|p2a: Gastrodon|63\/100\n|-damage|p2b: Flutter Mane|17\/100\n|move|p2b: Flutter Mane|Moonblast|p1a: Chi-Yu\n|-damage|p1a: Chi-Yu|23\/100\n|-unboost|p1a: Chi-Yu|spa|1\n|\n|upkeep\n|turn|7\n|\n|t:|1682285036\n|move|p1b: Iron Bundle|Icy Wind|p2b: Flutter Mane|[spread] p2a,p2b\n|-resisted|p2a: Gastrodon\n|-damage|p2a: Gastrodon|50\/100\n|-damage|p2b: Flutter Mane|0 fnt\n|-unboost|p2a: Gastrodon|spe|1\n|faint|p2b: Flutter Mane\n|-end|p2b: Flutter Mane|Protosynthesis|[silent]\n|move|p1a: Chi-Yu|Dark Pulse|p2a: Gastrodon\n|-damage|p2a: Gastrodon|16\/100\n|-enditem|p2a: Gastrodon|Iapapa Berry|[eat]\n|-heal|p2a: Gastrodon|49\/100|[from] item: Iapapa Berry\n|cant|p2a: Gastrodon|flinch\n|\n|upkeep\n|\n|t:|1682285045\n|switch|p2b: Talonflame|Talonflame, L50, F|57\/100\n|turn|8\n|\n|t:|1682285056\n|move|p1b: Iron Bundle|Freeze-Dry|p2b: Talonflame\n|-damage|p2b: Talonflame|0 fnt\n|faint|p2b: Talonflame\n|move|p1a: Chi-Yu|Dark Pulse|p2a: Gastrodon\n|-damage|p2a: Gastrodon|17\/100\n|move|p2a: Gastrodon|Recover|p2a: Gastrodon\n|-heal|p2a: Gastrodon|67\/100\n|\n|upkeep\n|\n|t:|1682285062\n|switch|p2b: Chi-Yu|Chi-Yu, L50|100\/100\n|-ability|p2b: Chi-Yu|Beads of Ruin\n|turn|9\n|\n|t:|1682285072\n|move|p1b: Iron Bundle|Freeze-Dry|p2a: Gastrodon\n|-resisted|p2a: Gastrodon\n|-crit|p2a: Gastrodon\n|-damage|p2a: Gastrodon|34\/100\n|move|p1a: Chi-Yu|Dark Pulse|p2a: Gastrodon\n|-damage|p2a: Gastrodon|0 fnt\n|faint|p2a: Gastrodon\n|move|p2b: Chi-Yu|Heat Wave|p1b: Iron Bundle|[spread] p1a,p1b\n|-resisted|p1a: Chi-Yu\n|-damage|p1a: Chi-Yu|0 fnt\n|-damage|p1b: Iron Bundle|2\/100\n|faint|p1a: Chi-Yu\n|\n|upkeep\n|turn|10\n|\n|t:|1682285090\n|move|p1b: Iron Bundle|Hydro Pump|p2b: Chi-Yu\n|-supereffective|p2b: Chi-Yu\n|-damage|p2b: Chi-Yu|0 fnt\n|faint|p2b: Chi-Yu\n|\n|win|gurupatak2\n|n|\u2606gurupatak2|gurupatak2\n|n|\u2606Koride on|korideon\n|c|\u2606gurupatak2|gg\n|c|\u2606Koride on|gg\n","uploadtime":1682285106,"views":10,"p1id":"gurupatak2","p2id":"korideon","formatid":"gen9vgc2023regulationc","rating":0,"private":0,"password":""}