{"id":"gen9vgc2023regulationc-1860215310","p1":"FBomb09","p2":"Currymanpuff","format":"[Gen 9] VGC 2023 Regulation C","log":"|j|\u2606FBomb09\n|j|\u2606Currymanpuff\n|t:|1683611730\n|gametype|doubles\n|player|p1|FBomb09|2|1180\n|player|p2|Currymanpuff|102|1252\n|teamsize|p1|6\n|teamsize|p2|6\n|gen|9\n|tier|[Gen 9] VGC 2023 Regulation C\n|rated|\n|rule|Species Clause: Limit one of each Pok\u00e9mon\n|rule|Item Clause: Limit one of each item\n|clearpoke\n|poke|p1|Armarouge, L50, F|\n|poke|p1|Garchomp, L50, F|\n|poke|p1|Eelektrik, L50, F|\n|poke|p1|Indeedee-F, L50, F|\n|poke|p1|Murkrow, L50, M|\n|poke|p1|Chi-Yu, L50|\n|poke|p2|Wo-Chien, L50|\n|poke|p2|Glimmora, L50, M|\n|poke|p2|Scream Tail, L50|\n|poke|p2|Palafin, L50, M|\n|poke|p2|Talonflame, L50, F|\n|poke|p2|Garchomp, L50, M|\n|teampreview|4\n|inactive|Battle timer is ON: inactive players will automatically lose when time's up. (requested by Currymanpuff)\nCurrymanpuff has agreed to open team sheets.\n|inactive|FBomb09 has 60 seconds left.\n|\n|t:|1683611794\n|start\n|switch|p1a: Armarouge|Armarouge, L50, F|100\/100\n|switch|p1b: Chi-Yu|Chi-Yu, L50|100\/100\n|switch|p2a: Garchomp|Garchomp, L50, M|100\/100\n|switch|p2b: Scream Tail|Scream Tail, L50|100\/100\n|-ability|p1b: Chi-Yu|Beads of Ruin\n|-enditem|p2b: Scream Tail|Booster Energy\n|-activate|p2b: Scream Tail|ability: Protosynthesis|[fromitem]\n|-start|p2b: Scream Tail|protosynthesisspe\n|turn|1\n|inactive|FBomb09 has 30 seconds left.\n|inactive|FBomb09 has 20 seconds left.\n|inactive|FBomb09 has 15 seconds left.\n|\n|t:|1683611837\n|switch|p1b: Eelektrik|Eelektrik, L50, F|100\/100\n|-terastallize|p1a: Armarouge|Grass\n|move|p2a: Garchomp|Rock Slide|p1a: Armarouge|[spread] p1a,p1b\n|-damage|p1a: Armarouge|74\/100\n|-damage|p1b: Eelektrik|81\/100\n|-damage|p2a: Garchomp|91\/100|[from] item: Life Orb\n|move|p2b: Scream Tail|Trick Room|p2b: Scream Tail\n|-fieldstart|move: Trick Room|[of] p2b: Scream Tail\n|cant|p1a: Armarouge|flinch\n|\n|upkeep\n|turn|2\n|inactive|FBomb09 has 30 seconds left.\n|inactive|FBomb09 has 20 seconds left.\n|inactive|FBomb09 has 15 seconds left.\n|inactive|FBomb09 has 10 seconds left.\n|\n|t:|1683611883\n|switch|p1b: Indeedee|Indeedee-F, L50, F|100\/100\n|-fieldstart|move: Psychic Terrain|[from] ability: Psychic Surge|[of] p1b: Indeedee\n|move|p2a: Garchomp|Protect|p2a: Garchomp\n|-singleturn|p2a: Garchomp|Protect\n|move|p1a: Armarouge|Expanding Force|p2a: Garchomp|[spread] p2b\n|-activate|p2a: Garchomp|move: Protect\n|-resisted|p2b: Scream Tail\n|-damage|p2b: Scream Tail|70\/100\n|-damage|p1a: Armarouge|64\/100|[from] item: Life Orb\n|move|p2b: Scream Tail|Trick Room|p2b: Scream Tail\n|-fieldend|move: Trick Room\n|\n|upkeep\n|turn|3\n|inactive|FBomb09 has 30 seconds left.\n|inactive|Currymanpuff has 30 seconds left.\n|\n|t:|1683611913\n|switch|p1a: Eelektrik|Eelektrik, L50, F|81\/100\n|move|p1b: Indeedee|Protect|p1b: Indeedee\n|-singleturn|p1b: Indeedee|Protect\n|move|p2b: Scream Tail|Disable||[still]\n|-fail|p2b: Scream Tail\n|move|p2a: Garchomp|Rock Slide|p1a: Eelektrik|[spread] p1a\n|-activate|p1b: Indeedee|move: Protect\n|-damage|p1a: Eelektrik|60\/100\n|-damage|p2a: Garchomp|81\/100|[from] item: Life Orb\n|\n|upkeep\n|turn|4\n|inactive|FBomb09 has 30 seconds left.\n|\n|t:|1683611943\n|move|p2b: Scream Tail|Encore|p1b: Indeedee\n|-start|p1b: Indeedee|Encore\n|move|p2a: Garchomp|Rock Slide|p1b: Indeedee|[spread] p1b\n|-miss|p2a: Garchomp|p1a: Eelektrik\n|-damage|p1b: Indeedee|64\/100\n|-damage|p2a: Garchomp|72\/100|[from] item: Life Orb\n|cant|p1b: Indeedee|flinch\n|move|p1a: Eelektrik|Acid Spray|p2b: Scream Tail\n|-supereffective|p2b: Scream Tail\n|-damage|p2b: Scream Tail|59\/100\n|-unboost|p2b: Scream Tail|spd|2\n|\n|upkeep\n|turn|5\n|inactive|FBomb09 has 30 seconds left.\n|\n|t:|1683611976\n|move|p1b: Indeedee|Protect|p1b: Indeedee\n|-singleturn|p1b: Indeedee|Protect\n|move|p2b: Scream Tail|Encore|p1a: Eelektrik\n|-start|p1a: Eelektrik|Encore\n|move|p2a: Garchomp|Rock Slide|p1b: Indeedee|[spread] p1a\n|-activate|p1b: Indeedee|move: Protect\n|-damage|p1a: Eelektrik|39\/100\n|-damage|p2a: Garchomp|62\/100|[from] item: Life Orb\n|move|p1a: Eelektrik|Acid Spray|p2a: Garchomp\n|-resisted|p2a: Garchomp\n|-damage|p2a: Garchomp|58\/100\n|-unboost|p2a: Garchomp|spd|2\n|\n|upkeep\n|turn|6\n|\n|t:|1683611998\n|move|p1b: Indeedee|Protect||[still]\n|-fail|p1b: Indeedee\n|move|p2b: Scream Tail|Disable|p1a: Eelektrik\n|-start|p1a: Eelektrik|Disable|Acid Spray\n|move|p2a: Garchomp|Iron Head|p1b: Indeedee\n|-damage|p1b: Indeedee|15\/100\n|-damage|p2a: Garchomp|48\/100|[from] item: Life Orb\n|cant|p1a: Eelektrik|Disable|Acid Spray\n|\n|-end|p1b: Indeedee|Encore\n|-fieldend|move: Psychic Terrain\n|upkeep\n|turn|7\n|\n|t:|1683612022\n|move|p2b: Scream Tail|Dazzling Gleam|p1a: Eelektrik|[spread] p1a,p1b\n|-damage|p1a: Eelektrik|28\/100\n|-damage|p1b: Indeedee|3\/100\n|move|p2a: Garchomp|Iron Head|p1b: Indeedee\n|-damage|p1b: Indeedee|0 fnt\n|faint|p1b: Indeedee\n|-damage|p2a: Garchomp|39\/100|[from] item: Life Orb\n|-activate|p1a: Eelektrik|move: Struggle\n|move|p1a: Eelektrik|Struggle|p2a: Garchomp\n|-damage|p2a: Garchomp|28\/100\n|-damage|p1a: Eelektrik|16\/100|[from] ability: Rough Skin|[of] p2a: Garchomp\n|-damage|p1a: Eelektrik|0 fnt|[from] recoil\n|faint|p1a: Eelektrik\n|\n|upkeep\n|\n|t:|1683612038\n|switch|p1b: Chi-Yu|Chi-Yu, L50|100\/100\n|switch|p1a: Armarouge|Armarouge, L50, F, tera:Grass|64\/100\n|-ability|p1b: Chi-Yu|Beads of Ruin\n|turn|8\n|inactive|FBomb09 has 30 seconds left.\n|inactive|FBomb09 has 20 seconds left.\n|\n|t:|1683612079\n|-end|p2b: Scream Tail|Protosynthesis|[silent]\n|switch|p2b: Wo-Chien|Wo-Chien, L50|100\/100\n|-ability|p2b: Wo-Chien|Tablets of Ruin\n|move|p1b: Chi-Yu|Snarl|p2a: Garchomp|[spread] p2a,p2b\n|-resisted|p2b: Wo-Chien\n|-damage|p2a: Garchomp|0 fnt\n|-damage|p2b: Wo-Chien|91\/100\n|-unboost|p2b: Wo-Chien|spa|1\n|faint|p2a: Garchomp\n|move|p1a: Armarouge|Energy Ball|p2b: Wo-Chien\n|-resisted|p2b: Wo-Chien\n|-damage|p2b: Wo-Chien|64\/100\n|-damage|p1a: Armarouge|54\/100|[from] item: Life Orb\n|\n|-heal|p2b: Wo-Chien|70\/100|[from] item: Leftovers\n|upkeep\n|\n|t:|1683612093\n|switch|p2a: Scream Tail|Scream Tail, L50|59\/100\n|turn|9\n|\n|t:|1683612106\n|-terastallize|p2b: Wo-Chien|Poison\n|move|p1b: Chi-Yu|Snarl|p2b: Wo-Chien|[spread] p2a,p2b\n|-damage|p2a: Scream Tail|37\/100\n|-damage|p2b: Wo-Chien|52\/100\n|-unboost|p2a: Scream Tail|spa|1\n|-unboost|p2b: Wo-Chien|spa|1\n|move|p2a: Scream Tail|Encore|p1a: Armarouge\n|-start|p1a: Armarouge|Encore\n|move|p2b: Wo-Chien|Leech Seed|p1b: Chi-Yu|[miss]\n|-miss|p2b: Wo-Chien|p1b: Chi-Yu\n|move|p1a: Armarouge|Energy Ball|p2b: Wo-Chien\n|-resisted|p2b: Wo-Chien\n|-damage|p2b: Wo-Chien|25\/100\n|-damage|p1a: Armarouge|44\/100|[from] item: Life Orb\n|\n|-heal|p2b: Wo-Chien|31\/100|[from] item: Leftovers\n|upkeep\n|turn|10\n|inactive|Currymanpuff has 30 seconds left.\n|\n|t:|1683612138\n|move|p1b: Chi-Yu|Snarl|p2b: Wo-Chien|[spread] p2a,p2b\n|-damage|p2a: Scream Tail|15\/100\n|-damage|p2b: Wo-Chien|12\/100\n|-unboost|p2a: Scream Tail|spa|1\n|-unboost|p2b: Wo-Chien|spa|1\n|move|p2a: Scream Tail|Disable|p1a: Armarouge\n|-start|p1a: Armarouge|Disable|Energy Ball\n|move|p2b: Wo-Chien|Leech Seed|p1b: Chi-Yu|[miss]\n|-miss|p2b: Wo-Chien|p1b: Chi-Yu\n|cant|p1a: Armarouge|Disable|Energy Ball\n|\n|-heal|p2b: Wo-Chien|19\/100|[from] item: Leftovers\n|upkeep\n|turn|11\n|\n|t:|1683612156\n|move|p2b: Wo-Chien|Protect|p2b: Wo-Chien\n|-singleturn|p2b: Wo-Chien|Protect\n|move|p1b: Chi-Yu|Snarl|p2a: Scream Tail|[spread] p2a\n|-activate|p2b: Wo-Chien|move: Protect\n|-damage|p2a: Scream Tail|0 fnt\n|faint|p2a: Scream Tail\n|-end|p2a: Scream Tail|Protosynthesis|[silent]\n|-activate|p1a: Armarouge|move: Struggle\n|move|p1a: Armarouge|Struggle|p2b: Wo-Chien\n|-activate|p2b: Wo-Chien|move: Protect\n|\n|-heal|p2b: Wo-Chien|25\/100|[from] item: Leftovers\n|-end|p1a: Armarouge|Encore\n|upkeep\n|\n|t:|1683612169\n|switch|p2a: Glimmora|Glimmora, L50, M|100\/100\n|turn|12\n|inactive|FBomb09 has 30 seconds left.\n|inactive|FBomb09 has 20 seconds left.\n|\n|t:|1683612207\n|move|p1b: Chi-Yu|Snarl|p2b: Wo-Chien|[spread] p2a,p2b\n|-damage|p2a: Glimmora|75\/100\n|-damage|p2b: Wo-Chien|3\/100\n|-unboost|p2a: Glimmora|spa|1\n|-unboost|p2b: Wo-Chien|spa|1\n|move|p2a: Glimmora|Sludge Bomb|p1a: Armarouge\n|-supereffective|p1a: Armarouge\n|-damage|p1a: Armarouge|0 fnt\n|faint|p1a: Armarouge\n|move|p2b: Wo-Chien|Pollen Puff|p1b: Chi-Yu\n|-damage|p1b: Chi-Yu|93\/100\n|\n|-heal|p2b: Wo-Chien|9\/100|[from] item: Leftovers\n|upkeep\n|turn|13\n|inactive|Currymanpuff has 30 seconds left.\n|\n|t:|1683612232\n|move|p2b: Wo-Chien|Protect|p2b: Wo-Chien\n|-singleturn|p2b: Wo-Chien|Protect\n|move|p1b: Chi-Yu|Snarl|p2b: Wo-Chien|[spread] p2a\n|-activate|p2b: Wo-Chien|move: Protect\n|-damage|p2a: Glimmora|50\/100\n|-unboost|p2a: Glimmora|spa|1\n|move|p2a: Glimmora|Power Gem|p1b: Chi-Yu\n|-supereffective|p1b: Chi-Yu\n|-damage|p1b: Chi-Yu|42\/100\n|\n|-heal|p2b: Wo-Chien|16\/100|[from] item: Leftovers\n|upkeep\n|turn|14\n|\n|t:|1683612246\n|move|p1b: Chi-Yu|Snarl|p2a: Glimmora|[spread] p2a,p2b\n|-damage|p2a: Glimmora|23\/100\n|-damage|p2b: Wo-Chien|0 fnt\n|-unboost|p2a: Glimmora|spa|1\n|faint|p2b: Wo-Chien\n|move|p2a: Glimmora|Mortal Spin|p1b: Chi-Yu\n|-damage|p1b: Chi-Yu|33\/100\n|-status|p1b: Chi-Yu|psn\n|\n|-damage|p1b: Chi-Yu|21\/100 psn|[from] psn\n|upkeep\n|turn|15\n|\n|t:|1683612259\n|move|p1b: Chi-Yu|Snarl|p2a: Glimmora\n|-damage|p2a: Glimmora|0 fnt\n|faint|p2a: Glimmora\n|\n|win|FBomb09\n|raw|FBomb09's rating: 1180 → 1210<\/strong> (+30 for winning)\n|raw|Currymanpuff's rating: 1252 → 1222<\/strong> (-30 for losing)\n","uploadtime":1683612491,"views":7,"p1id":"fbomb09","p2id":"currymanpuff","formatid":"gen9vgc2023regulationc","rating":1210,"private":0,"password":""}