{"id":"gen9vgc2023regulationc-1856558393","p1":"IxLAMPxI","p2":"xteddy","format":"[Gen 9] VGC 2023 Regulation C","log":"|j|\u2606IxLAMPxI\n|j|\u2606xteddy\n|t:|1683075599\n|gametype|doubles\n|player|p1|IxLAMPxI|backpacker|1205\n|player|p2|xteddy|266|1148\n|teamsize|p1|6\n|teamsize|p2|6\n|gen|9\n|tier|[Gen 9] VGC 2023 Regulation C\n|rated|\n|rule|Species Clause: Limit one of each Pok\u00e9mon\n|rule|Item Clause: Limit one of each item\n|clearpoke\n|poke|p1|Ting-Lu, L50|\n|poke|p1|Abomasnow, L50, F|\n|poke|p1|Iron Bundle, L50|\n|poke|p1|Vivillon-Ocean, L50, F|\n|poke|p1|Bronzong, L50|\n|poke|p1|Rotom-Heat, L50|\n|poke|p2|Amoonguss, L50, F|\n|poke|p2|Flutter Mane, L50|\n|poke|p2|Meowscarada, L50, M|\n|poke|p2|Chien-Pao, L50|\n|poke|p2|Slowking, L50, M|\n|poke|p2|Goodra, L50, M|\n|teampreview|4\n|inactive|Battle timer is ON: inactive players will automatically lose when time's up. (requested by xteddy)\n|\n|t:|1683075627\n|start\n|switch|p1a: Ting-Lu|Ting-Lu, L50|100\/100\n|switch|p1b: Bronzong|Bronzong, L50, shiny|100\/100\n|switch|p2a: Meowscarada|Meowscarada, L50, M|100\/100\n|switch|p2b: Goodra|Goodra, L50, M|100\/100\n|-ability|p1a: Ting-Lu|Vessel of Ruin\n|turn|1\n|inactive|IxLAMPxI has 30 seconds left.\n|inactive|IxLAMPxI has 20 seconds left.\n|inactive|IxLAMPxI has 15 seconds left.\n|\n|t:|1683075668\n|switch|p1a: Abomasnow|Abomasnow, L50, F, shiny|100\/100\n|-weather|Snow|[from] ability: Snow Warning|[of] p1a: Abomasnow\n|move|p2a: Meowscarada|Petal Blizzard|p1b: Bronzong|[spread] p1a,p1b\n|-start|p2a: Meowscarada|typechange|Grass|[from] ability: Protean\n|-ability|p2b: Goodra|Sap Sipper|boost\n|-boost|p2b: Goodra|atk|1\n|-resisted|p1a: Abomasnow\n|-resisted|p1b: Bronzong\n|-damage|p1a: Abomasnow|90\/100\n|-damage|p1b: Bronzong|89\/100\n|move|p2b: Goodra|Muddy Water|p1a: Abomasnow|[spread] p1a,p1b\n|-resisted|p1a: Abomasnow\n|-damage|p1a: Abomasnow|84\/100\n|-damage|p1b: Bronzong|78\/100\n|move|p1b: Bronzong|Trick Room|p1b: Bronzong\n|-fieldstart|move: Trick Room|[of] p1b: Bronzong\n|\n|-weather|Snow|[upkeep]\n|upkeep\n|turn|2\n|\n|t:|1683075693\n|-terastallize|p2b: Goodra|Poison\n|move|p1b: Bronzong|Gyro Ball|p1a: Abomasnow\n|-supereffective|p1a: Abomasnow\n|-damage|p1a: Abomasnow|54\/100\n|-enditem|p1a: Abomasnow|Weakness Policy\n|-boost|p1a: Abomasnow|atk|2|[from] item: Weakness Policy\n|-boost|p1a: Abomasnow|spa|2|[from] item: Weakness Policy\n|move|p1a: Abomasnow|Blizzard|p2b: Goodra|[spread] p2a,p2b\n|-supereffective|p2a: Meowscarada\n|-damage|p2a: Meowscarada|0 fnt\n|-damage|p2b: Goodra|55\/100\n|faint|p2a: Meowscarada\n|move|p2b: Goodra|Dragon Tail|p1a: Abomasnow|[miss]\n|-miss|p2b: Goodra|p1a: Abomasnow\n|\n|-weather|Snow|[upkeep]\n|upkeep\n|\n|t:|1683075709\n|switch|p2a: Chien-Pao|Chien-Pao, L50|100\/100\n|-ability|p2a: Chien-Pao|Sword of Ruin\n|turn|3\n|\n|t:|1683075729\n|move|p2a: Chien-Pao|Sucker Punch|p1a: Abomasnow\n|-crit|p1a: Abomasnow\n|-damage|p1a: Abomasnow|0 fnt\n|faint|p1a: Abomasnow\n|move|p1b: Bronzong|Gyro Ball|p2a: Chien-Pao\n|-supereffective|p2a: Chien-Pao\n|-damage|p2a: Chien-Pao|19\/100\n|-enditem|p2a: Chien-Pao|Liechi Berry|[eat]\n|-boost|p2a: Chien-Pao|atk|1|[from] item: Liechi Berry\n|move|p2b: Goodra|Muddy Water|p1b: Bronzong\n|-damage|p1b: Bronzong|64\/100\n|\n|-weather|Snow|[upkeep]\n|upkeep\n|\n|t:|1683075751\n|switch|p1a: Ting-Lu|Ting-Lu, L50|100\/100\n|-ability|p1a: Ting-Lu|Vessel of Ruin\n|turn|4\n|inactive|IxLAMPxI has 30 seconds left.\n|\n|t:|1683075777\n|-terastallize|p1a: Ting-Lu|Ground\n|move|p2a: Chien-Pao|Sucker Punch||[still]\n|-fail|p2a: Chien-Pao\n|move|p1b: Bronzong|Safeguard|p1b: Bronzong\n|-sidestart|p1: IxLAMPxI|Safeguard\n|move|p1a: Ting-Lu|Earthquake|p2a: Chien-Pao|[spread] p2a,p2b\n|-immune|p1b: Bronzong|[from] ability: Levitate\n|-supereffective|p2b: Goodra\n|-damage|p2a: Chien-Pao|0 fnt\n|-damage|p2b: Goodra|0 fnt\n|faint|p2a: Chien-Pao\n|faint|p2b: Goodra\n|\n|-weather|Snow|[upkeep]\n|upkeep\n|\n|t:|1683075797\n|switch|p2b: Flutter Mane|Flutter Mane, L50|100\/100\n|turn|5\n|\n|t:|1683075804\n|move|p1b: Bronzong|Gyro Ball|p2b: Flutter Mane\n|-supereffective|p2b: Flutter Mane\n|-damage|p2b: Flutter Mane|0 fnt\n|faint|p2b: Flutter Mane\n|-end|p2b: Flutter Mane|Protosynthesis|[silent]\n|\n|win|IxLAMPxI\n|raw|IxLAMPxI's rating: 1205 → 1226<\/strong> (+21 for winning)\n|raw|xteddy's rating: 1148 → 1127<\/strong> (-21 for losing)\n|l|\u2606xteddy\n","uploadtime":1683075815,"views":11,"p1id":"ixlampxi","p2id":"xteddy","formatid":"gen9vgc2023regulationc","rating":1127,"private":0,"password":""}