{"id":"gen9vgc2023regulationc-1847472768","p1":"Gerardo_1223","p2":"Steakman5","format":"[Gen 9] VGC 2023 Regulation C","log":"|j|\u2606Gerardo_1223\n|j|\u2606Steakman5\n|t:|1681959398\n|gametype|doubles\n|player|p1|Gerardo_1223|riley|1182\n|player|p2|Steakman5|swimmer-gen4|1258\n|teamsize|p1|6\n|teamsize|p2|6\n|gen|9\n|tier|[Gen 9] VGC 2023 Regulation C\n|rated|\n|rule|Species Clause: Limit one of each Pok\u00e9mon\n|rule|Item Clause: Limit one of each item\n|clearpoke\n|poke|p1|Scream Tail, L50|\n|poke|p1|Gothitelle, L50, M|\n|poke|p1|Flutter Mane, L50|\n|poke|p1|Amoonguss, L50, M|\n|poke|p1|Palafin, L50, F|\n|poke|p1|Arcanine, L50, M|\n|poke|p2|Pelipper, L50, M|\n|poke|p2|Drednaw, L50, F|\n|poke|p2|Tatsugiri-Droopy, L50, M|\n|poke|p2|Dondozo, L50, F|\n|poke|p2|Iron Valiant, L50|\n|poke|p2|Flutter Mane, L50|\n|teampreview|4\n|inactive|Battle timer is ON: inactive players will automatically lose when time's up. (requested by Gerardo_1223)\n|\n|t:|1681959442\n|start\n|switch|p1a: Flutter Mane|Flutter Mane, L50|100\/100\n|switch|p1b: Gothitelle|Gothitelle, L50, M|100\/100\n|switch|p2a: Pelipper|Pelipper, L50, M|100\/100\n|switch|p2b: Drednaw|Drednaw, L50, F|100\/100\n|-weather|RainDance|[from] ability: Drizzle|[of] p2a: Pelipper\n|turn|1\n|\n|t:|1681959458\n|move|p1b: Gothitelle|Fake Out|p2a: Pelipper\n|-damage|p2a: Pelipper|95\/100\n|move|p2b: Drednaw|Rock Slide|p1b: Gothitelle|[spread] p1a,p1b\n|-damage|p1a: Flutter Mane|31\/100\n|-damage|p1b: Gothitelle|73\/100\n|move|p1a: Flutter Mane|Perish Song|p1a: Flutter Mane\n|-start|p1a: Flutter Mane|perish3|[silent]\n|-start|p1b: Gothitelle|perish3|[silent]\n|-start|p2a: Pelipper|perish3|[silent]\n|-start|p2b: Drednaw|perish3|[silent]\n|-fieldactivate|move: Perish Song\n|cant|p2a: Pelipper|flinch\n|\n|-weather|RainDance|[upkeep]\n|-start|p2b: Drednaw|perish3\n|-start|p1a: Flutter Mane|perish3\n|-start|p1b: Gothitelle|perish3\n|-start|p2a: Pelipper|perish3\n|upkeep\n|turn|2\n|inactive|Gerardo_1223 has 30 seconds left.\n|inactive|Gerardo_1223 has 20 seconds left.\n|\n|t:|1681959496\n|move|p1a: Flutter Mane|Protect|p1a: Flutter Mane\n|-singleturn|p1a: Flutter Mane|Protect\n|move|p1b: Gothitelle|Protect|p1b: Gothitelle\n|-singleturn|p1b: Gothitelle|Protect\n|move|p2b: Drednaw|Rock Slide|p1b: Gothitelle|[spread] \n|-activate|p1a: Flutter Mane|move: Protect\n|-activate|p1b: Gothitelle|move: Protect\n|move|p2a: Pelipper|Tailwind|p2a: Pelipper\n|-sidestart|p2: Steakman5|move: Tailwind\n|\n|-weather|RainDance|[upkeep]\n|-start|p2b: Drednaw|perish2\n|-start|p1a: Flutter Mane|perish2\n|-start|p2a: Pelipper|perish2\n|-start|p1b: Gothitelle|perish2\n|upkeep\n|turn|3\n|\n|t:|1681959520\n|-end|p1a: Flutter Mane|Protosynthesis|[silent]\n|switch|p1a: Amoonguss|Amoonguss, L50, M|100\/100\n|-terastallize|p1b: Gothitelle|Steel\n|move|p1b: Gothitelle|Protect|p1b: Gothitelle\n|-singleturn|p1b: Gothitelle|Protect\n|move|p2b: Drednaw|Rock Slide|p1a: Amoonguss|[spread] p1a\n|-activate|p1b: Gothitelle|move: Protect\n|-damage|p1a: Amoonguss|72\/100\n|move|p2a: Pelipper|Hydro Pump|p1b: Gothitelle\n|-activate|p1b: Gothitelle|move: Protect\n|\n|-weather|RainDance|[upkeep]\n|-start|p2b: Drednaw|perish1\n|-start|p2a: Pelipper|perish1\n|-start|p1b: Gothitelle|perish1\n|upkeep\n|turn|4\n|c|\u2606Steakman5|The double protect T_T\n|inactive|Gerardo_1223 has 30 seconds left.\n|\n|t:|1681959546\n|move|p1a: Amoonguss|Protect|p1a: Amoonguss\n|-singleturn|p1a: Amoonguss|Protect\n|move|p2b: Drednaw|Earthquake|p1a: Amoonguss|[spread] p1b\n|-activate|p1a: Amoonguss|move: Protect\n|-immune|p2a: Pelipper\n|-supereffective|p1b: Gothitelle\n|-damage|p1b: Gothitelle|21\/100\n|-enditem|p1b: Gothitelle|Sitrus Berry|[eat]\n|-heal|p1b: Gothitelle|46\/100|[from] item: Sitrus Berry\n|move|p2a: Pelipper|Hurricane|p1a: Amoonguss\n|-activate|p1a: Amoonguss|move: Protect\n|move|p1b: Gothitelle|Heal Pulse|p2a: Pelipper\n|-heal|p2a: Pelipper|100\/100\n|\n|-weather|RainDance|[upkeep]\n|-start|p2b: Drednaw|perish0\n|-start|p2a: Pelipper|perish0\n|-start|p1b: Gothitelle|perish0\n|faint|p2b: Drednaw\n|faint|p2a: Pelipper\n|faint|p1b: Gothitelle\n|upkeep\n|c|\u2606Gerardo_1223|Lucky :X\n|\n|t:|1681959563\n|switch|p2b: Tatsugiri|Tatsugiri-Droopy, L50, M|100\/100\n|switch|p1b: Flutter Mane|Flutter Mane, L50|31\/100\n|switch|p2a: Dondozo|Dondozo, L50, F|100\/100\n|-activate|p2b: Tatsugiri|ability: Commander|[of] p2a: Dondozo\n|-boost|p2a: Dondozo|atk|2\n|-boost|p2a: Dondozo|spa|2\n|-boost|p2a: Dondozo|spe|2\n|-boost|p2a: Dondozo|def|2\n|-boost|p2a: Dondozo|spd|2\n|turn|5\n|\n|t:|1681959576\n|-terastallize|p2a: Dondozo|Water\n|move|p1a: Amoonguss|Rage Powder|p1a: Amoonguss\n|-singleturn|p1a: Amoonguss|move: Rage Powder\n|move|p2a: Dondozo|Surf|p1a: Amoonguss|[spread] p1a,p1b\n|-miss|p2a: Dondozo|p2b: Tatsugiri\n|-resisted|p1a: Amoonguss\n|-damage|p1a: Amoonguss|27\/100\n|-damage|p1b: Flutter Mane|0 fnt\n|faint|p1b: Flutter Mane\n|-end|p1b: Flutter Mane|Protosynthesis|[silent]\n|-damage|p2a: Dondozo|91\/100|[from] item: Life Orb\n|\n|-weather|RainDance|[upkeep]\n|-sideend|p2: Steakman5|move: Tailwind\n|upkeep\n|\n|t:|1681959581\n|switch|p1b: Scream Tail|Scream Tail, L50|100\/100\n|-enditem|p1b: Scream Tail|Booster Energy\n|-activate|p1b: Scream Tail|ability: Protosynthesis|[fromitem]\n|-start|p1b: Scream Tail|protosynthesisspe\n|turn|6\n|\n|t:|1681959592\n|move|p1b: Scream Tail|Disable|p2a: Dondozo\n|-start|p2a: Dondozo|Disable|Surf\n|cant|p2a: Dondozo|Disable|Surf\n|move|p1a: Amoonguss|Spore|p2a: Dondozo\n|-status|p2a: Dondozo|slp|[from] move: Spore\n|\n|-weather|RainDance|[upkeep]\n|upkeep\n|turn|7\n|\n|t:|1681959606\n|move|p1b: Scream Tail|Perish Song|p1b: Scream Tail\n|-start|p1a: Amoonguss|perish3|[silent]\n|-start|p1b: Scream Tail|perish3|[silent]\n|-start|p2a: Dondozo|perish3|[silent]\n|-miss|p1b: Scream Tail|p2b: Tatsugiri\n|-fieldactivate|move: Perish Song\n|cant|p2a: Dondozo|slp\n|move|p2a: Dondozo|Sleep Talk|p2a: Dondozo\n|move|p2a: Dondozo|Wave Crash|p1b: Scream Tail|[from]move: Sleep Talk\n|-damage|p1b: Scream Tail|0 fnt\n|faint|p1b: Scream Tail\n|-end|p1b: Scream Tail|Protosynthesis|[silent]\n|-damage|p2a: Dondozo|58\/100 slp|[from] Recoil\n|-damage|p2a: Dondozo|49\/100 slp|[from] item: Life Orb\n|move|p1a: Amoonguss|Pollen Puff|p2a: Dondozo\n|-damage|p2a: Dondozo|37\/100 slp\n|\n|-weather|RainDance|[upkeep]\n|-start|p2a: Dondozo|perish3\n|-start|p1a: Amoonguss|perish3\n|upkeep\n|turn|8\n|-message|Gerardo_1223 forfeited.\n|\n|win|Steakman5\n|raw|Gerardo_1223's rating: 1182 → 1162<\/strong> (-20 for losing)\n|raw|Steakman5's rating: 1258 → 1278<\/strong> (+20 for winning)\n|l|\u2606Gerardo_1223\n","uploadtime":1681959620,"views":2,"p1id":"gerardo1223","p2id":"steakman5","formatid":"gen9vgc2023regulationc","rating":1162,"private":0,"password":""}