{"id":"gen9vgc2023regulationc-1852397870","p1":"anshar_training","p2":"tonythebrony","format":"[Gen 9] VGC 2023 Regulation C","log":"|j|\u2606anshar_training\n|j|\u2606tonythebrony\n|t:|1682552657\n|gametype|doubles\n|player|p1|anshar_training|colress|1038\n|player|p2|tonythebrony|gardenia|1110\n|teamsize|p1|6\n|teamsize|p2|6\n|gen|9\n|tier|[Gen 9] VGC 2023 Regulation C\n|rated|\n|rule|Species Clause: Limit one of each Pok\u00e9mon\n|rule|Item Clause: Limit one of each item\n|clearpoke\n|poke|p1|Palafin, L50, F|\n|poke|p1|Flutter Mane, L50|\n|poke|p1|Arcanine, L50, F|\n|poke|p1|Amoonguss, L50, M|\n|poke|p1|Ting-Lu, L50|\n|poke|p1|Roaring Moon, L50|\n|poke|p2|Arcanine, L50, M|\n|poke|p2|Flutter Mane, L50|\n|poke|p2|Slither Wing, L50|\n|poke|p2|Meowscarada, L50, M|\n|poke|p2|Gastrodon-East, L50, M|\n|poke|p2|Dragonite, L50, F|\n|teampreview|4\n|\n|t:|1682552702\n|start\n|switch|p1a: Susy|Amoonguss, L50, M|100\/100\n|switch|p1b: Cornelia|Flutter Mane, L50|100\/100\n|switch|p2a: Arcanine|Arcanine, L50, M|100\/100\n|switch|p2b: Dragonite|Dragonite, L50, F|100\/100\n|-ability|p2a: Arcanine|Intimidate|boost\n|-unboost|p1a: Susy|atk|1\n|-unboost|p1b: Cornelia|atk|1\n|turn|1\n|\n|t:|1682552720\n|-terastallize|p2b: Dragonite|Flying\n|-terastallize|p1a: Susy|Water\n|move|p1a: Susy|Rage Powder|p1a: Susy\n|-singleturn|p1a: Susy|move: Rage Powder\n|move|p1b: Cornelia|Dazzling Gleam|p2b: Dragonite|[spread] p2a,p2b\n|-resisted|p2a: Arcanine\n|-damage|p2a: Arcanine|71\/100\n|-damage|p2b: Dragonite|79\/100\n|move|p2a: Arcanine|Flare Blitz|p1a: Susy\n|-resisted|p1a: Susy\n|-damage|p1a: Susy|75\/100\n|-damage|p2a: Arcanine|60\/100|[from] Recoil\n|move|p2b: Dragonite|Tera Blast|p1a: Susy\n|-damage|p1a: Susy|29\/100\n|-enditem|p1a: Susy|Sitrus Berry|[eat]\n|-heal|p1a: Susy|53\/100|[from] item: Sitrus Berry\n|\n|upkeep\n|turn|2\n|\n|t:|1682552744\n|-end|p1b: Cornelia|Protosynthesis|[silent]\n|switch|p1b: Good Soup|Ting-Lu, L50|100\/100\n|-ability|p1b: Good Soup|Vessel of Ruin\n|switch|p2b: Gastrodon|Gastrodon-East, L50, M|100\/100\n|move|p2a: Arcanine|Flare Blitz|p1b: Good Soup\n|-damage|p1b: Good Soup|65\/100\n|-damage|p2a: Arcanine|44\/100|[from] Recoil\n|move|p1a: Susy|Spore|p2b: Gastrodon\n|-status|p2b: Gastrodon|slp|[from] move: Spore\n|\n|upkeep\n|turn|3\n|\n|t:|1682552765\n|switch|p2a: Dragonite|Dragonite, L50, F, tera:Flying|79\/100\n|move|p1a: Susy|Rage Powder|p1a: Susy\n|-singleturn|p1a: Susy|move: Rage Powder\n|move|p1b: Good Soup|Stomping Tantrum|p2a: Dragonite\n|-immune|p2a: Dragonite\n|cant|p2b: Gastrodon|slp\n|\n|upkeep\n|turn|4\n|\n|t:|1682552786\n|switch|p1a: Apolo|Arcanine, L50, F|100\/100\n|-ability|p1a: Apolo|Intimidate|boost\n|-unboost|p2a: Dragonite|atk|1\n|-unboost|p2b: Gastrodon|atk|1\n|move|p2a: Dragonite|Tera Blast|p1b: Good Soup\n|-damage|p1b: Good Soup|43\/100\n|move|p1b: Good Soup|Heavy Slam|p2b: Gastrodon\n|-resisted|p2b: Gastrodon\n|-damage|p2b: Gastrodon|85\/100 slp\n|cant|p2b: Gastrodon|slp\n|\n|upkeep\n|turn|5\n|\n|t:|1682552825\n|switch|p2a: Arcanine|Arcanine, L50, M|44\/100\n|-ability|p2a: Arcanine|Intimidate|boost\n|-unboost|p1a: Apolo|atk|1\n|-unboost|p1b: Good Soup|atk|1\n|move|p1a: Apolo|Will-O-Wisp|p2a: Arcanine\n|-immune|p2a: Arcanine\n|move|p1b: Good Soup|Ruination|p2b: Gastrodon\n|-damage|p2b: Gastrodon|43\/100 slp\n|-enditem|p2b: Gastrodon|Sitrus Berry|[eat]\n|-heal|p2b: Gastrodon|68\/100 slp|[from] item: Sitrus Berry\n|cant|p2b: Gastrodon|slp\n|\n|upkeep\n|turn|6\n|\n|t:|1682552846\n|move|p1a: Apolo|Extreme Speed|p2a: Arcanine\n|-damage|p2a: Arcanine|24\/100\n|move|p2a: Arcanine|Will-O-Wisp|p1b: Good Soup\n|-status|p1b: Good Soup|brn\n|move|p1b: Good Soup|Stomping Tantrum|p2a: Arcanine\n|-supereffective|p2a: Arcanine\n|-damage|p2a: Arcanine|0 fnt\n|faint|p2a: Arcanine\n|-curestatus|p2b: Gastrodon|slp|[msg]\n|move|p2b: Gastrodon|Muddy Water|p1b: Good Soup|[spread] p1a,p1b\n|-supereffective|p1a: Apolo\n|-supereffective|p1b: Good Soup\n|-damage|p1a: Apolo|64\/100\n|-damage|p1b: Good Soup|24\/100 brn\n|-unboost|p1a: Apolo|accuracy|1\n|-unboost|p1b: Good Soup|accuracy|1\n|\n|-damage|p1b: Good Soup|18\/100 brn|[from] brn\n|upkeep\n|\n|t:|1682552869\n|switch|p2a: Slither Wing|Slither Wing, L50|100\/100\n|turn|7\n|\n|t:|1682552890\n|move|p1a: Apolo|Flare Blitz|p2a: Slither Wing|[miss]\n|-miss|p1a: Apolo|p2a: Slither Wing\n|move|p2a: Slither Wing|Bulk Up|p2a: Slither Wing\n|-boost|p2a: Slither Wing|atk|1\n|-boost|p2a: Slither Wing|def|1\n|move|p1b: Good Soup|Sand Tomb|p2b: Gastrodon\n|-damage|p2b: Gastrodon|64\/100\n|-activate|p2b: Gastrodon|move: Sand Tomb|[of] p1b: Good Soup\n|move|p2b: Gastrodon|Muddy Water|p1a: Apolo|[spread] p1a,p1b\n|-supereffective|p1a: Apolo\n|-supereffective|p1b: Good Soup\n|-damage|p1a: Apolo|27\/100\n|-damage|p1b: Good Soup|0 fnt\n|faint|p1b: Good Soup\n|\n|-end|p2b: Gastrodon|Sand Tomb|[partiallytrapped]|[silent]\n|upkeep\n|\n|t:|1682552906\n|switch|p1b: Susy|Amoonguss, L50, M, tera:Water|87\/100\n|turn|8\n|\n|t:|1682552913\n|move|p1a: Apolo|Flare Blitz|p2a: Slither Wing\n|-supereffective|p2a: Slither Wing\n|-damage|p2a: Slither Wing|49\/100\n|-damage|p1a: Apolo|11\/100|[from] Recoil\n|move|p2a: Slither Wing|Bulk Up|p2a: Slither Wing\n|-boost|p2a: Slither Wing|atk|1\n|-boost|p2a: Slither Wing|def|1\n|move|p2b: Gastrodon|Muddy Water|p1b: Susy|[spread] p1a,p1b\n|-supereffective|p1a: Apolo\n|-resisted|p1b: Susy\n|-damage|p1a: Apolo|0 fnt\n|-damage|p1b: Susy|77\/100\n|faint|p1a: Apolo\n|move|p1b: Susy|Spore|p2b: Gastrodon\n|-status|p2b: Gastrodon|slp|[from] move: Spore\n|\n|-heal|p2a: Slither Wing|55\/100|[from] item: Leftovers\n|upkeep\n|\n|t:|1682552927\n|switch|p1a: Cornelia|Flutter Mane, L50|100\/100\n|turn|9\n|\n|t:|1682552953\n|move|p1b: Susy|Rage Powder|p1b: Susy\n|-singleturn|p1b: Susy|move: Rage Powder\n|move|p1a: Cornelia|Dazzling Gleam|p2b: Gastrodon|[spread] p2a,p2b\n|-supereffective|p2a: Slither Wing\n|-damage|p2a: Slither Wing|0 fnt\n|-damage|p2b: Gastrodon|23\/100 slp\n|faint|p2a: Slither Wing\n|-end|p2a: Slither Wing|Protosynthesis|[silent]\n|cant|p2b: Gastrodon|slp\n|\n|upkeep\n|\n|t:|1682552959\n|switch|p2a: Dragonite|Dragonite, L50, F, tera:Flying|79\/100\n|turn|10\n|\n|t:|1682552966\n|move|p1b: Susy|Rage Powder|p1b: Susy\n|-singleturn|p1b: Susy|move: Rage Powder\n|move|p1a: Cornelia|Dazzling Gleam|p2b: Gastrodon|[spread] p2a,p2b\n|-damage|p2a: Dragonite|35\/100\n|-damage|p2b: Gastrodon|0 fnt\n|faint|p2b: Gastrodon\n|move|p2a: Dragonite|Tera Blast|p1b: Susy\n|-crit|p1b: Susy\n|-damage|p1b: Susy|4\/100\n|\n|upkeep\n|turn|11\n|\n|t:|1682552976\n|move|p2a: Dragonite|Extreme Speed|p1b: Susy\n|-damage|p1b: Susy|0 fnt\n|faint|p1b: Susy\n|move|p1a: Cornelia|Dazzling Gleam|p2a: Dragonite\n|-damage|p2a: Dragonite|0 fnt\n|faint|p2a: Dragonite\n|\n|win|anshar_training\n|raw|anshar_training's rating: 1038 → 1079<\/strong> (+41 for winning)\n|raw|tonythebrony's rating: 1110 → 1080<\/strong> (-30 for losing)\n|l|\u2606tonythebrony\n","uploadtime":1682552986,"views":11,"p1id":"anshartraining","p2id":"tonythebrony","formatid":"gen9vgc2023regulationc","rating":1079,"private":0,"password":""}