{"id":"gen9vgc2023regulationc-1849890206","p1":"PokemonOG92 #4489","p2":"B-Nut17","format":"[Gen 9] VGC 2023 Regulation C","log":"|j|\u2606PokemonOG92 #4489\n|j|\u2606B-Nut17\n|t:|1682264995\n|gametype|doubles\n|player|p1|PokemonOG92 #4489|hilbert|1187\n|player|p2|B-Nut17|265|1207\n|teamsize|p1|6\n|teamsize|p2|6\n|gen|9\n|tier|[Gen 9] VGC 2023 Regulation C\n|rated|\n|rule|Species Clause: Limit one of each Pok\u00e9mon\n|rule|Item Clause: Limit one of each item\n|clearpoke\n|poke|p1|Iron Bundle, L50|\n|poke|p1|Ceruledge, L50, M|\n|poke|p1|Amoonguss, L50, F|\n|poke|p1|Raichu, L50, M|\n|poke|p1|Arcanine, L50, M|\n|poke|p1|Flamigo, L50, M|\n|poke|p2|Hatterene, L50, F|\n|poke|p2|Garganacl, L50, F|\n|poke|p2|Farigiraf, L50, M|\n|poke|p2|Arboliva, L50, M|\n|poke|p2|Skeledirge, L50, M|\n|poke|p2|Azumarill, L50, F|\n|teampreview|4\n|inactive|Battle timer is ON: inactive players will automatically lose when time's up. (requested by PokemonOG92 #4489)\n|inactive|B-Nut17 has 60 seconds left.\n|\n|t:|1682265034\n|start\n|switch|p1a: Iron Bundle|Iron Bundle, L50|100\/100\n|switch|p1b: Ceruledge|Ceruledge, L50, M|100\/100\n|switch|p2a: Farigiraf|Farigiraf, L50, M|100\/100\n|switch|p2b: Garganacl|Garganacl, L50, F, shiny|100\/100\n|turn|1\n|inactive|PokemonOG92 #4489 has 30 seconds left.\n|\n|t:|1682265060\n|move|p1a: Iron Bundle|Fling|p1b: Ceruledge\n|-supereffective|p1b: Ceruledge\n|-damage|p1b: Ceruledge|95\/100\n|-start|p1b: Ceruledge|move: Focus Energy\n|-ability|p1b: Ceruledge|Weak Armor|boost\n|-unboost|p1b: Ceruledge|def|1\n|-boost|p1b: Ceruledge|spe|2\n|-enditem|p1b: Ceruledge|Weakness Policy\n|-boost|p1b: Ceruledge|atk|2|[from] item: Weakness Policy\n|-boost|p1b: Ceruledge|spa|2|[from] item: Weakness Policy\n|-enditem|p1a: Iron Bundle|Lansat Berry|[from] move: Fling\n|move|p1b: Ceruledge|Phantom Force||[still]\n|-prepare|p1b: Ceruledge|Phantom Force\n|move|p2b: Garganacl|Salt Cure|p1a: Iron Bundle\n|-supereffective|p1a: Iron Bundle\n|-damage|p1a: Iron Bundle|70\/100\n|-start|p1a: Iron Bundle|Salt Cure\n|move|p2a: Farigiraf|Trick Room|p2a: Farigiraf\n|-fieldstart|move: Trick Room|[of] p2a: Farigiraf\n|\n|-damage|p1a: Iron Bundle|45\/100|[from] Salt Cure\n|upkeep\n|turn|2\n|c|\u2606B-Nut17|Bruh\n|c|\u2606PokemonOG92 #4489|?\n|inactive|B-Nut17 has 30 seconds left.\n|\n|t:|1682265090\n|move|p2b: Garganacl|Salt Cure|p1b: Ceruledge|[miss]\n|-miss|p2b: Garganacl|p1b: Ceruledge\n|move|p2a: Farigiraf|Thunderbolt|p1a: Iron Bundle\n|-supereffective|p1a: Iron Bundle\n|-damage|p1a: Iron Bundle|0 fnt\n|faint|p1a: Iron Bundle\n|-end|p1a: Iron Bundle|Quark Drive|[silent]\n|move|p1b: Ceruledge|Phantom Force|p2b: Garganacl|[from]lockedmove\n|-damage|p2b: Garganacl|70\/100\n|\n|-heal|p2b: Garganacl|75\/100|[from] item: Leftovers\n|upkeep\n|\n|t:|1682265105\n|switch|p1a: Flamigo|Flamigo, L50, M|100\/100\n|-start|p1a: Flamigo|move: Focus Energy|[silent]\n|-copyboost|p1a: Flamigo|p1b: Ceruledge|[from] ability: Costar\n|turn|3\n|c|\u2606B-Nut17|That was crazy. I\u2019ve never seen that\n|\n|t:|1682265130\n|move|p1a: Flamigo|Protect|p1a: Flamigo\n|-singleturn|p1a: Flamigo|Protect\n|move|p1b: Ceruledge|Protect|p1b: Ceruledge\n|-singleturn|p1b: Ceruledge|Protect\n|move|p2b: Garganacl|Salt Cure|p1a: Flamigo\n|-activate|p1a: Flamigo|move: Protect\n|move|p2a: Farigiraf|Thunderbolt|p1a: Flamigo\n|-activate|p1a: Flamigo|move: Protect\n|\n|-heal|p2b: Garganacl|81\/100|[from] item: Leftovers\n|upkeep\n|turn|4\n|c|\u2606PokemonOG92 #4489|LOL I used this strat to get to top 500 of gen 8 with dragapault\n|inactive|PokemonOG92 #4489 has 30 seconds left.\n|inactive|PokemonOG92 #4489 has 20 seconds left.\n|inactive|PokemonOG92 #4489 has 15 seconds left.\n|\n|t:|1682265174\n|-terastallize|p1a: Flamigo|Steel\n|move|p2b: Garganacl|Salt Cure|p1a: Flamigo\n|-resisted|p1a: Flamigo\n|-damage|p1a: Flamigo|87\/100\n|-start|p1a: Flamigo|Salt Cure\n|-enditem|p1a: Flamigo|Red Card|[of] p2b: Garganacl\n|drag|p2b: Arboliva|Arboliva, L50, M|100\/100\n|move|p2a: Farigiraf|Thunderbolt|p1a: Flamigo\n|-damage|p1a: Flamigo|48\/100\n|move|p1a: Flamigo|Close Combat|p2b: Arboliva\n|-supereffective|p2b: Arboliva\n|-crit|p2b: Arboliva\n|-damage|p2b: Arboliva|0 fnt\n|-unboost|p1a: Flamigo|def|1\n|-unboost|p1a: Flamigo|spd|1\n|-fieldstart|move: Grassy Terrain|[from] ability: Seed Sower|[of] p2b: Arboliva\n|faint|p2b: Arboliva\n|move|p1b: Ceruledge|Bitter Blade|p2a: Farigiraf\n|-damage|p2a: Farigiraf|11\/100\n|-heal|p1b: Ceruledge|100\/100|[from] drain|[of] p2a: Farigiraf\n|\n|-heal|p2a: Farigiraf|17\/100|[from] Grassy Terrain\n|-heal|p1a: Flamigo|54\/100|[from] Grassy Terrain\n|-damage|p1a: Flamigo|29\/100|[from] Salt Cure\n|upkeep\n|inactive|B-Nut17 has 30 seconds left.\n|\n|t:|1682265203\n|switch|p2b: Garganacl|Garganacl, L50, F, shiny|81\/100\n|turn|5\n|\n|t:|1682265213\n|move|p1a: Flamigo|Protect|p1a: Flamigo\n|-singleturn|p1a: Flamigo|Protect\n|move|p1b: Ceruledge|Protect|p1b: Ceruledge\n|-singleturn|p1b: Ceruledge|Protect\n|move|p2b: Garganacl|Salt Cure|p1b: Ceruledge\n|-activate|p1b: Ceruledge|move: Protect\n|move|p2a: Farigiraf|Thunderbolt|p1a: Flamigo\n|-activate|p1a: Flamigo|move: Protect\n|\n|-heal|p2b: Garganacl|87\/100|[from] Grassy Terrain\n|-heal|p2b: Garganacl|93\/100|[from] item: Leftovers\n|-heal|p2a: Farigiraf|24\/100|[from] Grassy Terrain\n|-heal|p1a: Flamigo|36\/100|[from] Grassy Terrain\n|-damage|p1a: Flamigo|11\/100|[from] Salt Cure\n|-fieldend|move: Trick Room\n|upkeep\n|turn|6\n|\n|t:|1682265235\n|move|p2a: Farigiraf|Helping Hand|p2b: Garganacl\n|-singleturn|p2b: Garganacl|Helping Hand|[of] p2a: Farigiraf\n|move|p1b: Ceruledge|Iron Head|p2b: Garganacl\n|-supereffective|p2b: Garganacl\n|-crit|p2b: Garganacl\n|-damage|p2b: Garganacl|0 fnt\n|faint|p2b: Garganacl\n|move|p1a: Flamigo|Acrobatics|p2a: Farigiraf\n|-crit|p2a: Farigiraf\n|-damage|p2a: Farigiraf|0 fnt\n|faint|p2a: Farigiraf\n|\n|-heal|p1a: Flamigo|17\/100|[from] Grassy Terrain\n|-damage|p1a: Flamigo|0 fnt|[from] Salt Cure\n|faint|p1a: Flamigo\n|upkeep\n|c|\u2606B-Nut17|Gg dang\n|c|\u2606PokemonOG92 #4489|gg man\n|c|\u2606PokemonOG92 #4489|wp\n|\n|t:|1682265253\n|switch|p1a: Raichu|Raichu, L50, M, shiny|100\/100\n|switch|p2a: Skeledirge|Skeledirge, L50, M|100\/100\n|turn|7\n|\n|t:|1682265265\n|move|p1b: Ceruledge|Phantom Force||[still]\n|-prepare|p1b: Ceruledge|Phantom Force\n|move|p1a: Raichu|Nuzzle|p2a: Skeledirge\n|-crit|p2a: Skeledirge\n|-damage|p2a: Skeledirge|92\/100\n|-status|p2a: Skeledirge|par\n|move|p2a: Skeledirge|Torch Song|p1a: Raichu\n|-damage|p1a: Raichu|64\/100\n|-boost|p2a: Skeledirge|spa|1\n|-enditem|p2a: Skeledirge|Throat Spray\n|-boost|p2a: Skeledirge|spa|1|[from] item: Throat Spray\n|\n|-heal|p1a: Raichu|70\/100|[from] Grassy Terrain\n|-heal|p2a: Skeledirge|98\/100 par|[from] Grassy Terrain\n|upkeep\n|turn|8\n|\n|t:|1682265281\n|move|p1b: Ceruledge|Phantom Force|p2a: Skeledirge|[from]lockedmove\n|-supereffective|p2a: Skeledirge\n|-crit|p2a: Skeledirge\n|-damage|p2a: Skeledirge|0 fnt\n|faint|p2a: Skeledirge\n|\n|win|PokemonOG92 #4489\n|raw|PokemonOG92 #4489's rating: 1187 → 1213<\/strong> (+26 for winning)\n|raw|B-Nut17's rating: 1207 → 1181<\/strong> (-26 for losing)\n|l|\u2606B-Nut17\n","uploadtime":1682265413,"views":35,"p1id":"pokemonog924489","p2id":"bnut17","formatid":"gen9vgc2023regulationc","rating":1181,"private":0,"password":""}