{"id":"gen9vgc2023regulationc-1862210297","p1":"Buhginghi","p2":"bwan","format":"[Gen 9] VGC 2023 Regulation C","log":"|j|\u2606Buhginghi\n|j|\u2606bwan\n|t:|1683849888\n|gametype|doubles\n|player|p1|Buhginghi|cheryl|1426\n|player|p2|bwan|lucas|1420\n|teamsize|p1|6\n|teamsize|p2|6\n|gen|9\n|tier|[Gen 9] VGC 2023 Regulation C\n|rated|\n|rule|Species Clause: Limit one of each Pok\u00e9mon\n|rule|Item Clause: Limit one of each item\n|clearpoke\n|poke|p1|Ceruledge, L50, F|\n|poke|p1|Gyarados, L50, F|\n|poke|p1|Amoonguss, L50, M|\n|poke|p1|Ting-Lu, L50|\n|poke|p1|Flutter Mane, L50|\n|poke|p1|Garganacl, L50, F|\n|poke|p2|Lycanroc, L50, F|\n|poke|p2|Tyranitar, L50, F|\n|poke|p2|Dondozo, L50, M|\n|poke|p2|Tatsugiri, L50, M|\n|poke|p2|Flutter Mane, L50|\n|poke|p2|Chi-Yu, L50|\n|teampreview|4\n|inactive|Battle timer is ON: inactive players will automatically lose when time's up. (requested by bwan)\nBuhginghi has agreed to open team sheets.\n|\n|t:|1683849912\n|start\n|switch|p1a: Gecko|Gyarados, L50, F|100\/100\n|switch|p1b: Gargantuar|Garganacl, L50, F|100\/100\n|switch|p2a: Lycanroc|Lycanroc, L50, F|100\/100\n|switch|p2b: Tyranitar|Tyranitar, L50, F|100\/100\n|-ability|p1a: Gecko|Intimidate|boost\n|-unboost|p2a: Lycanroc|atk|1\n|-unboost|p2b: Tyranitar|atk|1\n|-weather|Sandstorm|[from] ability: Sand Stream|[of] p2b: Tyranitar\n|turn|1\n|\n|t:|1683849928\n|switch|p1a: Oyster|Amoonguss, L50, M|100\/100\n|move|p2a: Lycanroc|Rock Slide|p1a: Oyster|[spread] p1a,p1b\n|-damage|p1a: Oyster|84\/100\n|-damage|p1b: Gargantuar|90\/100\n|move|p2b: Tyranitar|Assurance|p1b: Gargantuar\n|-damage|p1b: Gargantuar|65\/100\n|move|p1b: Gargantuar|Salt Cure|p2b: Tyranitar\n|-damage|p2b: Tyranitar|88\/100\n|-start|p2b: Tyranitar|Salt Cure\n|\n|-weather|Sandstorm|[upkeep]\n|-damage|p1a: Oyster|78\/100|[from] Sandstorm\n|-heal|p1b: Gargantuar|70\/100|[from] item: Leftovers\n|-damage|p2b: Tyranitar|76\/100|[from] Salt Cure\n|upkeep\n|turn|2\n|\n|t:|1683849949\n|-terastallize|p2b: Tyranitar|Flying\n|move|p2a: Lycanroc|Rock Slide|p1a: Oyster|[spread] p1b\n|-miss|p2a: Lycanroc|p1a: Oyster\n|-damage|p1b: Gargantuar|60\/100\n|move|p2b: Tyranitar|Tera Blast|p1a: Oyster\n|-supereffective|p1a: Oyster\n|-crit|p1a: Oyster\n|-damage|p1a: Oyster|0 fnt\n|faint|p1a: Oyster\n|cant|p1b: Gargantuar|flinch\n|\n|-weather|Sandstorm|[upkeep]\n|-damage|p2b: Tyranitar|71\/100|[from] Sandstorm\n|-heal|p1b: Gargantuar|66\/100|[from] item: Leftovers\n|-damage|p2b: Tyranitar|58\/100|[from] Salt Cure\n|upkeep\n|\n|t:|1683849960\n|switch|p1a: Gecko|Gyarados, L50, F|100\/100\n|-ability|p1a: Gecko|Intimidate|boost\n|-unboost|p2a: Lycanroc|atk|1\n|-unboost|p2b: Tyranitar|atk|1\n|turn|3\n|\n|t:|1683849979\n|move|p2a: Lycanroc|Rock Slide|p1a: Gecko|[spread] p1a,p1b\n|-supereffective|p1a: Gecko\n|-crit|p1a: Gecko\n|-damage|p1a: Gecko|0 fnt\n|-damage|p1b: Gargantuar|59\/100\n|faint|p1a: Gecko\n|move|p2b: Tyranitar|Rock Slide|p1b: Gargantuar\n|-damage|p1b: Gargantuar|46\/100\n|move|p1b: Gargantuar|Salt Cure|p2a: Lycanroc\n|-damage|p2a: Lycanroc|76\/100\n|-start|p2a: Lycanroc|Salt Cure\n|\n|-weather|Sandstorm|[upkeep]\n|-damage|p2b: Tyranitar|53\/100|[from] Sandstorm\n|-heal|p1b: Gargantuar|51\/100|[from] item: Leftovers\n|-damage|p2a: Lycanroc|64\/100|[from] Salt Cure\n|-damage|p2b: Tyranitar|41\/100|[from] Salt Cure\n|upkeep\n|\n|t:|1683849983\n|switch|p1a: Tin-Head|Ting-Lu, L50|100\/100\n|-ability|p1a: Tin-Head|Vessel of Ruin\n|turn|4\n|\n|t:|1683850001\n|move|p2a: Lycanroc|Close Combat|p1b: Gargantuar\n|-supereffective|p1b: Gargantuar\n|-damage|p1b: Gargantuar|29\/100\n|-unboost|p2a: Lycanroc|def|1\n|-unboost|p2a: Lycanroc|spd|1\n|move|p2b: Tyranitar|Low Kick|p1b: Gargantuar\n|-supereffective|p1b: Gargantuar\n|-damage|p1b: Gargantuar|4\/100\n|move|p1a: Tin-Head|Stomping Tantrum|p2a: Lycanroc\n|-supereffective|p2a: Lycanroc\n|-damage|p2a: Lycanroc|0 fnt\n|faint|p2a: Lycanroc\n|move|p1b: Gargantuar|Recover|p1b: Gargantuar\n|-heal|p1b: Gargantuar|54\/100\n|\n|-weather|Sandstorm|[upkeep]\n|-damage|p2b: Tyranitar|35\/100|[from] Sandstorm\n|-heal|p1b: Gargantuar|60\/100|[from] item: Leftovers\n|-damage|p2b: Tyranitar|23\/100|[from] Salt Cure\n|upkeep\n|\n|t:|1683850020\n|switch|p2a: Flutter Mane|Flutter Mane, L50|100\/100\n|turn|5\n|\n|t:|1683850033\n|switch|p2b: Chi-Yu|Chi-Yu, L50|100\/100\n|-ability|p2b: Chi-Yu|Beads of Ruin\n|-terastallize|p1a: Tin-Head|Poison\n|move|p1b: Gargantuar|Protect|p1b: Gargantuar\n|-singleturn|p1b: Gargantuar|Protect\n|move|p2a: Flutter Mane|Moonblast|p1a: Tin-Head\n|-resisted|p1a: Tin-Head\n|-damage|p1a: Tin-Head|87\/100\n|-damage|p2a: Flutter Mane|91\/100|[from] item: Life Orb\n|move|p1a: Tin-Head|Heavy Slam|p2a: Flutter Mane\n|-supereffective|p2a: Flutter Mane\n|-damage|p2a: Flutter Mane|0 fnt\n|faint|p2a: Flutter Mane\n|-end|p2a: Flutter Mane|Protosynthesis|[silent]\n|\n|-weather|none\n|-heal|p1b: Gargantuar|66\/100|[from] item: Leftovers\n|upkeep\n|\n|t:|1683850052\n|switch|p2a: Tyranitar|Tyranitar, L50, F, tera:Flying|23\/100\n|-weather|Sandstorm|[from] ability: Sand Stream|[of] p2a: Tyranitar\n|turn|6\n|\n|t:|1683850059\n|move|p2b: Chi-Yu|Heat Wave|p1a: Tin-Head|[spread] p1a,p1b\n|-resisted|p1b: Gargantuar\n|-crit|p1b: Gargantuar\n|-damage|p1a: Tin-Head|68\/100\n|-damage|p1b: Gargantuar|48\/100\n|move|p2a: Tyranitar|Low Kick|p1b: Gargantuar\n|-supereffective|p1b: Gargantuar\n|-damage|p1b: Gargantuar|0 fnt\n|faint|p1b: Gargantuar\n|move|p1a: Tin-Head|Stomping Tantrum|p2b: Chi-Yu\n|-supereffective|p2b: Chi-Yu\n|-damage|p2b: Chi-Yu|0 fnt\n|faint|p2b: Chi-Yu\n|\n|-weather|Sandstorm|[upkeep]\n|-damage|p2a: Tyranitar|17\/100|[from] Sandstorm\n|-damage|p1a: Tin-Head|62\/100|[from] Sandstorm\n|upkeep\n|turn|7\n|\n|t:|1683850074\n|move|p2a: Tyranitar|Rock Slide|p1a: Tin-Head\n|-damage|p1a: Tin-Head|41\/100\n|cant|p1a: Tin-Head|flinch\n|\n|-weather|Sandstorm|[upkeep]\n|-damage|p2a: Tyranitar|11\/100|[from] Sandstorm\n|-damage|p1a: Tin-Head|35\/100|[from] Sandstorm\n|upkeep\n|turn|8\n|\n|t:|1683850083\n|move|p2a: Tyranitar|Rock Slide|p1a: Tin-Head\n|-crit|p1a: Tin-Head\n|-damage|p1a: Tin-Head|2\/100\n|cant|p1a: Tin-Head|flinch\n|\n|-weather|Sandstorm|[upkeep]\n|-damage|p2a: Tyranitar|5\/100|[from] Sandstorm\n|-damage|p1a: Tin-Head|0 fnt|[from] Sandstorm\n|faint|p1a: Tin-Head\n|\n|win|bwan\n|upkeep\n|raw|Buhginghi's rating: 1426 → 1406<\/strong> (-20 for losing)\n|raw|bwan's rating: 1420 → 1440<\/strong> (+20 for winning)\n|l|\u2606Buhginghi\n","uploadtime":1683850099,"views":10,"p1id":"buhginghi","p2id":"bwan","formatid":"gen9vgc2023regulationc","rating":1406,"private":0,"password":""}