{"id":"gen9vgc2023regulationc-1863607817","p1":"mence x vgc","p2":"drv12","format":"[Gen 9] VGC 2023 Regulation C","log":"|j|\u2606mence x vgc\n|j|\u2606drv12\n|t:|1684042334\n|gametype|doubles\n|player|p1|mence x vgc|janine|1333\n|player|p2|drv12|rosa|1386\n|teamsize|p1|6\n|teamsize|p2|6\n|gen|9\n|tier|[Gen 9] VGC 2023 Regulation C\n|rated|\n|rule|Species Clause: Limit one of each Pok\u00e9mon\n|rule|Item Clause: Limit one of each item\n|clearpoke\n|poke|p1|Amoonguss, L50, F|\n|poke|p1|Gyarados, L50, F|\n|poke|p1|Kingambit, L50, F|\n|poke|p1|Baxcalibur, L50, F|\n|poke|p1|Flutter Mane, L50|\n|poke|p1|Chi-Yu, L50|\n|poke|p2|Torkoal, L50, M|\n|poke|p2|Armarouge, L50, F|\n|poke|p2|Pelipper, L50, M|\n|poke|p2|Indeedee, L50, M|\n|poke|p2|Gallade, L50, M|\n|poke|p2|Flutter Mane, L50|\n|teampreview|4\nmence x vgc has agreed to open team sheets.\n|j| forever16\n|l|\u2606drv12\n|player|p2|\n|\n|t:|1684042406\n|start\n|switch|p1a: Flutter Mane|Flutter Mane, L50, shiny|100\/100\n|switch|p1b: Chi-Yu|Chi-Yu, L50|100\/100\n|switch|p2a: Pelipper|Pelipper, L50, M|100\/100\n|switch|p2b: Gallade|Gallade, L50, M|100\/100\n|-ability|p1b: Chi-Yu|Beads of Ruin\n|-weather|RainDance|[from] ability: Drizzle|[of] p2a: Pelipper\n|-enditem|p1a: Flutter Mane|Booster Energy\n|-activate|p1a: Flutter Mane|ability: Protosynthesis|[fromitem]\n|-start|p1a: Flutter Mane|protosynthesisspe\n|turn|1\n|inactive|Battle timer is ON: inactive players will automatically lose when time's up. (requested by mence x vgc)\n|j|\u2606drv12\n|inactive|drv12 reconnected and has 90 seconds left.\n|player|p2|drv12|rosa\n|\n|t:|1684042486\n|switch|p1b: Amoonguss|Amoonguss, L50, F, shiny|100\/100\n|move|p2b: Gallade|Protect|p2b: Gallade\n|-singleturn|p2b: Gallade|Protect\n|move|p1a: Flutter Mane|Dazzling Gleam|p2b: Gallade|[spread] p2a\n|-activate|p2b: Gallade|move: Protect\n|-damage|p2a: Pelipper|46\/100\n|move|p2a: Pelipper|Tailwind|p2a: Pelipper\n|-sidestart|p2: drv12|move: Tailwind\n|\n|-weather|RainDance|[upkeep]\n|upkeep\n|turn|2\n|inactive|mence x vgc has 30 seconds left.\n|inactive|mence x vgc has 20 seconds left.\n|inactive|mence x vgc has 15 seconds left.\n|inactive|mence x vgc has 10 seconds left.\n|\n|t:|1684042534\n|-terastallize|p1b: Amoonguss|Water\n|move|p1b: Amoonguss|Rage Powder|p1b: Amoonguss\n|-singleturn|p1b: Amoonguss|move: Rage Powder\n|move|p1a: Flutter Mane|Dazzling Gleam|p2b: Gallade|[spread] p2a,p2b\n|-supereffective|p2b: Gallade\n|-damage|p2a: Pelipper|0 fnt\n|-damage|p2b: Gallade|48\/100\n|-enditem|p2b: Gallade|Sitrus Berry|[eat]\n|-heal|p2b: Gallade|72\/100|[from] item: Sitrus Berry\n|faint|p2a: Pelipper\n|move|p2b: Gallade|Psycho Cut|p1b: Amoonguss\n|-damage|p1b: Amoonguss|52\/100\n|\n|-weather|RainDance|[upkeep]\n|upkeep\n|\n|t:|1684042548\n|switch|p2a: Flutter Mane|Flutter Mane, L50|100\/100\n|turn|3\n|inactive|mence x vgc has 30 seconds left.\n|inactive|mence x vgc has 20 seconds left.\n|inactive|mence x vgc has 15 seconds left.\n|inactive|mence x vgc has 10 seconds left.\n|inactive|mence x vgc has 5 seconds left.\n|\n|t:|1684042600\n|-terastallize|p2a: Flutter Mane|Fairy\n|move|p2b: Gallade|Wide Guard|p2b: Gallade\n|-singleturn|p2b: Gallade|Wide Guard\n|move|p2a: Flutter Mane|Dazzling Gleam|p1b: Amoonguss|[spread] p1a,p1b\n|-damage|p1a: Flutter Mane|35\/100\n|-damage|p1b: Amoonguss|0 fnt\n|faint|p1b: Amoonguss\n|move|p1a: Flutter Mane|Shadow Ball|p2a: Flutter Mane\n|-damage|p2a: Flutter Mane|54\/100\n|-unboost|p2a: Flutter Mane|spd|1\n|\n|-weather|RainDance|[upkeep]\n|upkeep\n|inactive|mence x vgc has 30 seconds left.\n|\n|t:|1684042626\n|switch|p1b: Chi-Yu|Chi-Yu, L50|100\/100\n|-ability|p1b: Chi-Yu|Beads of Ruin\n|turn|4\n|\n|t:|1684042632\n|move|p1a: Flutter Mane|Protect|p1a: Flutter Mane\n|-singleturn|p1a: Flutter Mane|Protect\n|move|p1b: Chi-Yu|Protect|p1b: Chi-Yu\n|-singleturn|p1b: Chi-Yu|Protect\n|move|p2a: Flutter Mane|Dazzling Gleam|p1b: Chi-Yu|[spread] \n|-activate|p1a: Flutter Mane|move: Protect\n|-activate|p1b: Chi-Yu|move: Protect\n|move|p2b: Gallade|Sacred Sword|p1b: Chi-Yu\n|-activate|p1b: Chi-Yu|move: Protect\n|\n|-weather|RainDance|[upkeep]\n|-sideend|p2: drv12|move: Tailwind\n|upkeep\n|turn|5\n|inactive|mence x vgc has 30 seconds left.\n|l|\u2606drv12\n|inactive|drv12 disconnected and has a minute to reconnect!\n|player|p2|\n|inactive|mence x vgc has 20 seconds left.\n|inactive|mence x vgc has 15 seconds left.\n|inactive|mence x vgc has 10 seconds left.\n|\n|t:|1684042681\n|switch|p1b: Baxcalibur|Baxcalibur, L50, F|100\/100\n|move|p2b: Gallade|Protect|p2b: Gallade\n|-singleturn|p2b: Gallade|Protect\n|move|p1a: Flutter Mane|Moonblast|p2a: Flutter Mane\n|-damage|p2a: Flutter Mane|0 fnt\n|faint|p2a: Flutter Mane\n|-end|p2a: Flutter Mane|Protosynthesis|[silent]\n|\n|-weather|none\n|upkeep\n|inactive|drv12 has 30 seconds left.\n|inactive|drv12 has 20 seconds left.\n|inactive|drv12 has 15 seconds left.\n|inactive|drv12 has 10 seconds left.\n|inactive|drv12 has 5 seconds left.\n|-message|drv12 lost due to inactivity.\n|\n|win|mence x vgc\n|raw|mence x vgc's rating: 1333 → 1356<\/strong> (+23 for winning)\n|raw|drv12's rating: 1386 → 1363<\/strong> (-23 for losing)\n|l| forever16\n","uploadtime":1684042745,"views":14,"p1id":"mencexvgc","p2id":"drv12","formatid":"gen9vgc2023regulationc","rating":1356,"private":0,"password":""}