{"id":"gen9vgc2023regulationc-1845939089","p1":"garfieldslaya","p2":"shooffy","format":"[Gen 9] VGC 2023 Regulation C","log":"|j|\u2606garfieldslaya\n|j|\u2606shooffy\n|t:|1681781580\n|gametype|doubles\n|player|p1|garfieldslaya|jasmine|1355\n|player|p2|shooffy|2|1292\n|teamsize|p1|6\n|teamsize|p2|6\n|gen|9\n|tier|[Gen 9] VGC 2023 Regulation C\n|rated|\n|rule|Species Clause: Limit one of each Pok\u00e9mon\n|rule|Item Clause: Limit one of each item\n|clearpoke\n|poke|p1|Great Tusk, L50|\n|poke|p1|Talonflame, L50, M|\n|poke|p1|Flutter Mane, L50|\n|poke|p1|Amoonguss, L50, M|\n|poke|p1|Arcanine, L50, M|\n|poke|p1|Gholdengo, L50|\n|poke|p2|Dondozo, L50, F|\n|poke|p2|Tatsugiri, L50, F|\n|poke|p2|Glimmora, L50, F|\n|poke|p2|Arcanine, L50, M|\n|poke|p2|Pawmot, L50, M|\n|poke|p2|Flutter Mane, L50|\n|teampreview|4\ngarfieldslaya has agreed to open team sheets.\nshooffy has agreed to open team sheets.\n|inactive|Battle timer is ON: inactive players will automatically lose when time's up. (requested by shooffy)\n|\n|t:|1681781628\n|start\n|switch|p1a: Gholdengo|Gholdengo, L50|100\/100\n|switch|p1b: Amoonguss|Amoonguss, L50, M|100\/100\n|switch|p2a: Glimmora|Glimmora, L50, F|100\/100\n|switch|p2b: Dondozo|Dondozo, L50, F|100\/100\n|turn|1\n|inactive|garfieldslaya has 30 seconds left.\n|\n|t:|1681781658\n|move|p2a: Glimmora|Toxic|p1b: Amoonguss\n|-status|p1b: Amoonguss|tox\n|move|p1a: Gholdengo|Shadow Ball|p2b: Dondozo\n|-damage|p2b: Dondozo|56\/100\n|move|p2b: Dondozo|Substitute|p2b: Dondozo\n|-start|p2b: Dondozo|Substitute\n|-damage|p2b: Dondozo|31\/100\n|move|p1b: Amoonguss|Clear Smog|p2b: Dondozo\n|-crit|p2b: Dondozo\n|-end|p2b: Dondozo|Substitute\n|\n|-heal|p2b: Dondozo|37\/100|[from] item: Leftovers\n|-damage|p1b: Amoonguss|95\/100 tox|[from] psn\n|upkeep\n|turn|2\n|inactive|garfieldslaya has 30 seconds left.\n|inactive|shooffy has 30 seconds left.\n|inactive|garfieldslaya has 20 seconds left.\n|\n|t:|1681781698\n|-terastallize|p1a: Gholdengo|Water\n|move|p2a: Glimmora|Stealth Rock|p1a: Gholdengo\n|-sidestart|p1: garfieldslaya|move: Stealth Rock\n|move|p1a: Gholdengo|Shadow Ball|p2b: Dondozo\n|-damage|p2b: Dondozo|0 fnt\n|faint|p2b: Dondozo\n|move|p1b: Amoonguss|Spore|p2a: Glimmora\n|-status|p2a: Glimmora|slp|[from] move: Spore\n|\n|-damage|p1b: Amoonguss|83\/100 tox|[from] psn\n|upkeep\n|\n|t:|1681781711\n|switch|p2b: Pawmot|Pawmot, L50, M|100\/100\n|turn|3\n|inactive|garfieldslaya has 30 seconds left.\n|\n|t:|1681781743\n|move|p1a: Gholdengo|Protect|p1a: Gholdengo\n|-singleturn|p1a: Gholdengo|Protect\n|move|p2b: Pawmot|Revival Blessing|p2b: Pawmot\n|\n|t:|1681781748\n|-heal|p2: Dondozo|50\/100|[from] move: Revival Blessing\n|cant|p2a: Glimmora|slp\n|move|p1b: Amoonguss|Spore|p2b: Pawmot\n|-status|p2b: Pawmot|slp|[from] move: Spore\n|\n|-damage|p1b: Amoonguss|65\/100 tox|[from] psn\n|upkeep\n|turn|4\n|inactive|shooffy has 30 seconds left.\n|\n|t:|1681781776\n|cant|p2b: Pawmot|slp\n|-curestatus|p2a: Glimmora|slp|[msg]\n|move|p2a: Glimmora|Power Gem|p1a: Gholdengo\n|-crit|p1a: Gholdengo\n|-damage|p1a: Gholdengo|53\/100\n|move|p1a: Gholdengo|Make It Rain|p2b: Pawmot|[spread] p2a,p2b\n|-supereffective|p2a: Glimmora\n|-resisted|p2b: Pawmot\n|-enditem|p2a: Glimmora|Focus Sash\n|-damage|p2a: Glimmora|1\/100\n|-damage|p2b: Pawmot|53\/100 slp\n|-unboost|p1a: Gholdengo|spa|1\n|move|p1b: Amoonguss|Pollen Puff|p2a: Glimmora\n|-resisted|p2a: Glimmora\n|-damage|p2a: Glimmora|0 fnt\n|faint|p2a: Glimmora\n|\n|-heal|p1a: Gholdengo|59\/100|[from] item: Leftovers\n|-damage|p1b: Amoonguss|42\/100 tox|[from] psn\n|upkeep\n|\n|t:|1681781798\n|switch|p2a: Dondozo|Dondozo, L50, F|50\/100\n|turn|5\n|inactive|garfieldslaya has 30 seconds left.\n|inactive|garfieldslaya has 20 seconds left.\n|inactive|garfieldslaya has 15 seconds left.\n|\n|t:|1681781840\n|-curestatus|p2b: Pawmot|slp|[from] ability: Natural Cure\n|switch|p2b: Tatsugiri|Tatsugiri, L50, F|100\/100\n|-activate|p2b: Tatsugiri|ability: Commander|[of] p2a: Dondozo\n|-boost|p2a: Dondozo|atk|2\n|-boost|p2a: Dondozo|spa|2\n|-boost|p2a: Dondozo|spe|2\n|-boost|p2a: Dondozo|def|2\n|-boost|p2a: Dondozo|spd|2\n|switch|p1b: Great Tusk|Great Tusk, L50|100\/100\n|-damage|p1b: Great Tusk|98\/100|[from] Stealth Rock\n|move|p2a: Dondozo|Order Up|p1b: Great Tusk\n|-damage|p1b: Great Tusk|67\/100\n|-boost|p2a: Dondozo|atk|1\n|move|p1a: Gholdengo|Shadow Ball|p2a: Dondozo\n|-damage|p2a: Dondozo|26\/100\n|\n|-heal|p2a: Dondozo|32\/100|[from] item: Leftovers\n|-heal|p1a: Gholdengo|65\/100|[from] item: Leftovers\n|upkeep\n|turn|6\n|inactive|garfieldslaya has 30 seconds left.\n|inactive|shooffy has 30 seconds left.\n|\n|t:|1681781872\n|-terastallize|p2a: Dondozo|Grass\n|move|p2a: Dondozo|Tera Blast|p1b: Great Tusk\n|-supereffective|p1b: Great Tusk\n|-damage|p1b: Great Tusk|0 fnt\n|faint|p1b: Great Tusk\n|-end|p1b: Great Tusk|Protosynthesis|[silent]\n|move|p1a: Gholdengo|Shadow Ball|p2a: Dondozo\n|-damage|p2a: Dondozo|9\/100\n|\n|-heal|p2a: Dondozo|15\/100|[from] item: Leftovers\n|-heal|p1a: Gholdengo|71\/100|[from] item: Leftovers\n|upkeep\n|\n|t:|1681781878\n|switch|p1b: Flutter Mane|Flutter Mane, L50|100\/100\n|-damage|p1b: Flutter Mane|88\/100|[from] Stealth Rock\n|turn|7\n|\n|t:|1681781889\n|move|p2a: Dondozo|Earthquake|p1b: Flutter Mane|[spread] p1a,p1b\n|-miss|p2a: Dondozo|p2b: Tatsugiri\n|-damage|p1a: Gholdengo|26\/100\n|-damage|p1b: Flutter Mane|8\/100\n|move|p1b: Flutter Mane|Shadow Ball|p2a: Dondozo\n|-damage|p2a: Dondozo|0 fnt\n|faint|p2a: Dondozo\n|move|p1a: Gholdengo|Shadow Ball|p2b: Tatsugiri\n|-damage|p2b: Tatsugiri|58\/100\n|\n|-heal|p1a: Gholdengo|32\/100|[from] item: Leftovers\n|upkeep\n|\n|t:|1681781900\n|switch|p2a: Pawmot|Pawmot, L50, M|53\/100\n|turn|8\n|inactive|garfieldslaya has 30 seconds left.\n|inactive|shooffy has 30 seconds left.\n|inactive|garfieldslaya has 20 seconds left.\n|\n|t:|1681781939\n|-end|p1b: Flutter Mane|Protosynthesis|[silent]\n|switch|p1b: Amoonguss|Amoonguss, L50, M|75\/100 tox\n|-damage|p1b: Amoonguss|62\/100 tox|[from] Stealth Rock\n|move|p1a: Gholdengo|Protect|p1a: Gholdengo\n|-singleturn|p1a: Gholdengo|Protect\n|move|p2a: Pawmot|Fake Out|p1a: Gholdengo\n|-activate|p1a: Gholdengo|move: Protect\n|move|p2b: Tatsugiri|Icy Wind|p1b: Amoonguss|[spread] \n|-activate|p1a: Gholdengo|move: Protect\n|-miss|p2b: Tatsugiri|p1b: Amoonguss\n|\n|-heal|p1a: Gholdengo|39\/100|[from] item: Leftovers\n|-damage|p1b: Amoonguss|57\/100 tox|[from] psn\n|upkeep\n|turn|9\n|inactive|garfieldslaya has 30 seconds left.\n|inactive|shooffy has 30 seconds left.\n|inactive|shooffy has 20 seconds left.\n|inactive|shooffy has 15 seconds left.\n|\n|t:|1681781980\n|move|p1b: Amoonguss|Rage Powder|p1b: Amoonguss\n|-singleturn|p1b: Amoonguss|move: Rage Powder\n|move|p2b: Tatsugiri|Icy Wind|p1a: Gholdengo|[spread] p1a,p1b\n|-resisted|p1a: Gholdengo\n|-supereffective|p1b: Amoonguss\n|-damage|p1a: Gholdengo|31\/100\n|-damage|p1b: Amoonguss|34\/100 tox\n|-unboost|p1a: Gholdengo|spe|1\n|-unboost|p1b: Amoonguss|spe|1\n|move|p2a: Pawmot|Double Shock|p1b: Amoonguss\n|-resisted|p1b: Amoonguss\n|-damage|p1b: Amoonguss|10\/100 tox\n|-start|p2a: Pawmot|typechange|???\/Fighting|[from] move: Double Shock\n|-damage|p2a: Pawmot|36\/100|[from] item: Rocky Helmet|[of] p1b: Amoonguss\n|move|p1a: Gholdengo|Shadow Ball|p2a: Pawmot\n|-damage|p2a: Pawmot|0 fnt\n|faint|p2a: Pawmot\n|\n|-heal|p1a: Gholdengo|38\/100|[from] item: Leftovers\n|-damage|p1b: Amoonguss|0 fnt|[from] psn\n|faint|p1b: Amoonguss\n|upkeep\n|\n|t:|1681781994\n|switch|p1b: Flutter Mane|Flutter Mane, L50|8\/100\n|-damage|p1b: Flutter Mane|0 fnt|[from] Stealth Rock\n|faint|p1b: Flutter Mane\n|-end|p1b: Flutter Mane|Protosynthesis|[silent]\n|turn|10\n|\n|t:|1681782001\n|move|p1a: Gholdengo|Protect|p1a: Gholdengo\n|-singleturn|p1a: Gholdengo|Protect\n|move|p2b: Tatsugiri|Icy Wind|p1a: Gholdengo\n|-activate|p1a: Gholdengo|move: Protect\n|\n|-heal|p1a: Gholdengo|44\/100|[from] item: Leftovers\n|upkeep\n|turn|11\n|\n|t:|1681782007\n|move|p2b: Tatsugiri|Icy Wind|p1a: Gholdengo\n|-resisted|p1a: Gholdengo\n|-damage|p1a: Gholdengo|35\/100\n|-unboost|p1a: Gholdengo|spe|1\n|move|p1a: Gholdengo|Nasty Plot|p1a: Gholdengo\n|-boost|p1a: Gholdengo|spa|2\n|\n|-heal|p1a: Gholdengo|41\/100|[from] item: Leftovers\n|upkeep\n|turn|12\n|-message|shooffy forfeited.\n|\n|win|garfieldslaya\n|raw|garfieldslaya's rating: 1355 → 1371<\/strong> (+16 for winning)\n|raw|shooffy's rating: 1292 → 1271<\/strong> (-21 for losing)\n|l|\u2606shooffy\n","uploadtime":1681782020,"views":4,"p1id":"garfieldslaya","p2id":"shooffy","formatid":"gen9vgc2023regulationc","rating":1271,"private":0,"password":""}