{"id":"gen9vgc2023regulationc-1856390965","p1":"Piccolo Ruiz","p2":"Meme4thewin","format":"[Gen 9] VGC 2023 Regulation C","log":"|j|\u2606Piccolo Ruiz\n|j|\u2606Meme4thewin\n|t:|1683056935\n|gametype|doubles\n|player|p1|Piccolo Ruiz|valerie|1412\n|player|p2|Meme4thewin|youngster-gen4dp|1362\n|teamsize|p1|6\n|teamsize|p2|6\n|gen|9\n|tier|[Gen 9] VGC 2023 Regulation C\n|rated|\n|rule|Species Clause: Limit one of each Pok\u00e9mon\n|rule|Item Clause: Limit one of each item\n|clearpoke\n|poke|p1|Flutter Mane, L50|\n|poke|p1|Amoonguss, L50, F|\n|poke|p1|Gyarados, L50, F|\n|poke|p1|Arcanine, L50, F|\n|poke|p1|Ting-Lu, L50|\n|poke|p1|Baxcalibur, L50, F|\n|poke|p2|Ceruledge, L50, F|\n|poke|p2|Rotom-Wash, L50|\n|poke|p2|Amoonguss, L50, M|\n|poke|p2|Ting-Lu, L50|\n|poke|p2|Chien-Pao, L50|\n|poke|p2|Dragonite, L50, F|\n|teampreview|4\n|inactive|Battle timer is ON: inactive players will automatically lose when time's up. (requested by Piccolo Ruiz)\n|inactive|Piccolo Ruiz has 60 seconds left.\n|inactive|Meme4thewin has 60 seconds left.\n|inactive|Meme4thewin has 30 seconds left.\n|inactive|Meme4thewin has 20 seconds left.\n|\n|t:|1683057009\n|start\n|switch|p1a: Sasha Colby|Flutter Mane, L50|100\/100\n|switch|p1b: Amoonguss|Amoonguss, L50, F, shiny|100\/100\n|switch|p2a: Rotom|Rotom-Wash, L50|100\/100\n|switch|p2b: Ceruledge|Ceruledge, L50, F|100\/100\n|-enditem|p1a: Sasha Colby|Booster Energy\n|-activate|p1a: Sasha Colby|ability: Protosynthesis|[fromitem]\n|-start|p1a: Sasha Colby|protosynthesisspa\n|turn|1\n|inactive|Piccolo Ruiz has 30 seconds left.\n|\n|t:|1683057038\n|-terastallize|p2b: Ceruledge|Bug\n|move|p1a: Sasha Colby|Shadow Ball|p2b: Ceruledge\n|-damage|p2b: Ceruledge|46\/100\n|move|p2b: Ceruledge|Bitter Blade|p1b: Amoonguss\n|-supereffective|p1b: Amoonguss\n|-damage|p1b: Amoonguss|27\/100\n|-heal|p2b: Ceruledge|91\/100|[from] drain|[of] p1b: Amoonguss\n|-damage|p2b: Ceruledge|74\/100|[from] item: Rocky Helmet|[of] p1b: Amoonguss\n|move|p2a: Rotom|Thunderbolt|p1b: Amoonguss\n|-resisted|p1b: Amoonguss\n|-damage|p1b: Amoonguss|8\/100\n|move|p1b: Amoonguss|Spore|p2a: Rotom\n|-activate|p2a: Rotom|item: Safety Goggles|Spore\n|\n|upkeep\n|turn|2\n|inactive|Piccolo Ruiz has 30 seconds left.\n|inactive|Meme4thewin has 30 seconds left.\n|inactive|Piccolo Ruiz has 20 seconds left.\n|inactive|Meme4thewin has 20 seconds left.\n|\n|t:|1683057078\n|switch|p2b: Amoonguss|Amoonguss, L50, M|100\/100\n|switch|p1b: Katya|Baxcalibur, L50, F, shiny|100\/100\n|-terastallize|p1a: Sasha Colby|Fairy\n|move|p1a: Sasha Colby|Moonblast|p2b: Amoonguss\n|-resisted|p2b: Amoonguss\n|-damage|p2b: Amoonguss|60\/100\n|move|p2a: Rotom|Thunderbolt|p1a: Sasha Colby\n|-damage|p1a: Sasha Colby|57\/100\n|\n|upkeep\n|turn|3\n|inactive|Piccolo Ruiz has 30 seconds left.\n|inactive|Meme4thewin has 30 seconds left.\n|inactive|Meme4thewin has 20 seconds left.\n|inactive|Meme4thewin has 15 seconds left.\n|\n|t:|1683057120\n|move|p1a: Sasha Colby|Protect|p1a: Sasha Colby\n|-singleturn|p1a: Sasha Colby|Protect\n|move|p2a: Rotom|Protect|p2a: Rotom\n|-singleturn|p2a: Rotom|Protect\n|move|p1b: Katya|Icicle Crash|p2b: Amoonguss|[miss]\n|-miss|p1b: Katya|p2b: Amoonguss\n|move|p2b: Amoonguss|Spore|p1b: Katya\n|-status|p1b: Katya|slp|[from] move: Spore\n|\n|upkeep\n|turn|4\n|inactive|Meme4thewin has 30 seconds left.\n|\n|t:|1683057152\n|move|p1a: Sasha Colby|Moonblast|p2a: Rotom\n|-damage|p2a: Rotom|0 fnt\n|faint|p2a: Rotom\n|cant|p1b: Katya|slp\n|move|p2b: Amoonguss|Pollen Puff|p2: Rotom|[notarget]\n|-fail|p2b: Amoonguss\n|\n|upkeep\n|\n|t:|1683057175\n|switch|p2a: Ceruledge|Ceruledge, L50, F, tera:Bug|74\/100\n|turn|5\n|inactive|Meme4thewin has 30 seconds left.\n|\n|t:|1683057209\n|move|p1a: Sasha Colby|Protect|p1a: Sasha Colby\n|-singleturn|p1a: Sasha Colby|Protect\n|cant|p1b: Katya|slp\n|move|p2a: Ceruledge|Bitter Blade|p1a: Sasha Colby\n|-activate|p1a: Sasha Colby|move: Protect\n|move|p2b: Amoonguss|Pollen Puff|p2a: Ceruledge\n|-heal|p2a: Ceruledge|100\/100\n|\n|upkeep\n|turn|6\n|inactive|Meme4thewin has 30 seconds left.\n|\n|t:|1683057236\n|move|p1a: Sasha Colby|Dazzling Gleam|p2b: Amoonguss|[spread] p2a,p2b\n|-resisted|p2b: Amoonguss\n|-damage|p2a: Ceruledge|49\/100\n|-damage|p2b: Amoonguss|36\/100\n|-enditem|p2b: Amoonguss|Sitrus Berry|[eat]\n|-heal|p2b: Amoonguss|60\/100|[from] item: Sitrus Berry\n|-curestatus|p1b: Katya|slp|[msg]\n|move|p1b: Katya|Icicle Crash|p2b: Amoonguss\n|-supereffective|p2b: Amoonguss\n|-crit|p2b: Amoonguss\n|-damage|p2b: Amoonguss|0 fnt\n|faint|p2b: Amoonguss\n|move|p2a: Ceruledge|Bitter Blade|p1a: Sasha Colby\n|-damage|p1a: Sasha Colby|0 fnt\n|-heal|p2a: Ceruledge|69\/100|[from] drain|[of] p1a: Sasha Colby\n|faint|p1a: Sasha Colby\n|-end|p1a: Sasha Colby|Protosynthesis|[silent]\n|\n|upkeep\n|\n|t:|1683057254\n|switch|p1a: Bianca|Gyarados, L50, F, shiny|100\/100\n|switch|p2b: Dragonite|Dragonite, L50, F|100\/100\n|-ability|p1a: Bianca|Intimidate|boost\n|-fail|p2a: Ceruledge|unboost|[from] item: Clear Amulet|[of] p2a: Ceruledge\n|-fail|p2b: Dragonite|unboost|Attack|[from] ability: Inner Focus|[of] p2b: Dragonite\n|turn|7\n|inactive|Meme4thewin has 30 seconds left.\n|inactive|Meme4thewin has 20 seconds left.\n|inactive|Meme4thewin has 15 seconds left.\n|inactive|Meme4thewin has 10 seconds left.\n|\n|t:|1683057300\n|move|p1b: Katya|Protect|p1b: Katya\n|-singleturn|p1b: Katya|Protect\n|move|p2b: Dragonite|Protect|p2b: Dragonite\n|-singleturn|p2b: Dragonite|Protect\n|move|p2a: Ceruledge|Bitter Blade|p1b: Katya\n|-activate|p1b: Katya|move: Protect\n|move|p1a: Bianca|Thunder Wave|p2b: Dragonite\n|-activate|p2b: Dragonite|move: Protect\n|\n|upkeep\n|turn|8\n|inactive|Meme4thewin has 30 seconds left.\n|\n|t:|1683057326\n|move|p2b: Dragonite|Protect||[still]\n|-fail|p2b: Dragonite\n|move|p1b: Katya|Icicle Crash|p2b: Dragonite\n|-supereffective|p2b: Dragonite\n|-damage|p2b: Dragonite|0 fnt\n|faint|p2b: Dragonite\n|move|p2a: Ceruledge|Bitter Blade|p1b: Katya\n|-damage|p1b: Katya|59\/100\n|-heal|p2a: Ceruledge|94\/100|[from] drain|[of] p1b: Katya\n|-ability|p1b: Katya|Thermal Exchange|boost\n|-boost|p1b: Katya|atk|1\n|move|p1a: Bianca|Thunder Wave|p2a: Ceruledge\n|-status|p2a: Ceruledge|par\n|\n|upkeep\n|turn|9\n|-message|Meme4thewin forfeited.\n|\n|win|Piccolo Ruiz\n|raw|Piccolo Ruiz's rating: 1412 → 1429<\/strong> (+17 for winning)\n|raw|Meme4thewin's rating: 1362 → 1345<\/strong> (-17 for losing)\n|l|\u2606Meme4thewin\n|l|piccoloruiz\n","uploadtime":1683057351,"views":10,"p1id":"piccoloruiz","p2id":"meme4thewin","formatid":"gen9vgc2023regulationc","rating":1345,"private":0,"password":""}