{"id":"gen9vgc2023regulationc-1854328550","p1":"Jscoot12","p2":"Shiningalvantula","format":"[Gen 9] VGC 2023 Regulation C","log":"|j|\u2606Jscoot12\n|j|\u2606Shiningalvantula\n|t:|1682797583\n|gametype|doubles\n|player|p1|Jscoot12|265|1244\n|player|p2|Shiningalvantula|101|1150\n|teamsize|p1|6\n|teamsize|p2|6\n|gen|9\n|tier|[Gen 9] VGC 2023 Regulation C\n|rated|\n|rule|Species Clause: Limit one of each Pok\u00e9mon\n|rule|Item Clause: Limit one of each item\n|clearpoke\n|poke|p1|Orthworm, L50, F|\n|poke|p1|Dragonite, L50, M|\n|poke|p1|Flutter Mane, L50|\n|poke|p1|Chi-Yu, L50|\n|poke|p1|Gastrodon-East, L50, M|\n|poke|p1|Baxcalibur, L50, F|\n|poke|p2|Annihilape, L50, M|\n|poke|p2|Ting-Lu, L50|\n|poke|p2|Palafin, L50, F|\n|poke|p2|Breloom, L50, M|\n|poke|p2|Skeledirge, L50, F|\n|poke|p2|Grimmsnarl, L50, M|\n|teampreview|4\n|inactive|Battle timer is ON: inactive players will automatically lose when time's up. (requested by Shiningalvantula)\n|\n|t:|1682797609\n|start\n|switch|p1a: Orthworm|Orthworm, L50, F|100\/100\n|switch|p1b: Baxcalibur|Baxcalibur, L50, F|100\/100\n|switch|p2a: Grimmsnarl|Grimmsnarl, L50, M|100\/100\n|switch|p2b: Palafin|Palafin, L50, F|100\/100\n|turn|1\n|\n|t:|1682797626\n|detailschange|p2b: Palafin|Palafin-Hero, L50, F\n|switch|p2b: Annihilape|Annihilape, L50, M|100\/100\n|move|p2a: Grimmsnarl|Reflect|p2a: Grimmsnarl\n|-sidestart|p2: Shiningalvantula|Reflect\n|move|p1b: Baxcalibur|Earthquake|p2a: Grimmsnarl|[spread] p2a,p2b\n|-immune|p1a: Orthworm|[from] ability: Earth Eater\n|-damage|p2a: Grimmsnarl|69\/100\n|-damage|p2b: Annihilape|73\/100\n|-damage|p1b: Baxcalibur|91\/100|[from] item: Life Orb\n|move|p1a: Orthworm|Heavy Slam|p2a: Grimmsnarl\n|-supereffective|p2a: Grimmsnarl\n|-damage|p2a: Grimmsnarl|7\/100\n|\n|-heal|p2b: Annihilape|79\/100|[from] item: Leftovers\n|upkeep\n|turn|2\n|\n|t:|1682797646\n|move|p1b: Baxcalibur|Protect|p1b: Baxcalibur\n|-singleturn|p1b: Baxcalibur|Protect\n|move|p2a: Grimmsnarl|Parting Shot|p1b: Baxcalibur\n|-activate|p1b: Baxcalibur|move: Protect\n|move|p2b: Annihilape|Bulk Up|p2b: Annihilape\n|-boost|p2b: Annihilape|atk|1\n|-boost|p2b: Annihilape|def|1\n|move|p1a: Orthworm|Shed Tail|p1a: Orthworm\n|-start|p1a: Orthworm|Substitute|[from] move: Shed Tail\n|-damage|p1a: Orthworm|50\/100\n|\n|t:|1682797658\n|switch|p1a: Flutter Mane|Flutter Mane, L50|100\/100|[from] Shed Tail\n|-enditem|p1a: Flutter Mane|Booster Energy\n|-activate|p1a: Flutter Mane|ability: Protosynthesis|[fromitem]\n|-start|p1a: Flutter Mane|protosynthesisspe\n|\n|-heal|p2b: Annihilape|85\/100|[from] item: Leftovers\n|upkeep\n|turn|3\n|\n|t:|1682797671\n|move|p2b: Annihilape|Protect|p2b: Annihilape\n|-singleturn|p2b: Annihilape|Protect\n|move|p1b: Baxcalibur|Ice Shard|p2a: Grimmsnarl\n|-damage|p2a: Grimmsnarl|0 fnt\n|faint|p2a: Grimmsnarl\n|-damage|p1b: Baxcalibur|81\/100|[from] item: Life Orb\n|move|p1a: Flutter Mane|Shadow Ball|p2b: Annihilape\n|-activate|p2b: Annihilape|move: Protect\n|\n|-heal|p2b: Annihilape|91\/100|[from] item: Leftovers\n|upkeep\n|\n|t:|1682797687\n|switch|p2a: Palafin|Palafin-Hero, L50, F|100\/100\n|-activate|p2a: Palafin|ability: Zero to Hero\n|turn|4\n|\n|t:|1682797697\n|move|p2a: Palafin|Jet Punch|p1a: Flutter Mane\n|-end|p1a: Flutter Mane|Substitute\n|move|p1a: Flutter Mane|Thunderbolt|p2a: Palafin\n|-supereffective|p2a: Palafin\n|-damage|p2a: Palafin|32\/100\n|move|p1b: Baxcalibur|Glaive Rush|p2b: Annihilape\n|-damage|p2b: Annihilape|50\/100\n|-singlemove|p1b: Baxcalibur|Glaive Rush|[silent]\n|-damage|p1b: Baxcalibur|71\/100|[from] item: Life Orb\n|move|p2b: Annihilape|Rage Fist|p1a: Flutter Mane\n|-supereffective|p1a: Flutter Mane\n|-damage|p1a: Flutter Mane|0 fnt\n|faint|p1a: Flutter Mane\n|-end|p1a: Flutter Mane|Protosynthesis|[silent]\n|\n|-heal|p2b: Annihilape|56\/100|[from] item: Leftovers\n|upkeep\n|\n|t:|1682797714\n|switch|p1a: Chi-Yu|Chi-Yu, L50|100\/100\n|-ability|p1a: Chi-Yu|Beads of Ruin\n|turn|5\n|\n|t:|1682797725\n|-terastallize|p1a: Chi-Yu|Grass\n|move|p1b: Baxcalibur|Protect|p1b: Baxcalibur\n|-singleturn|p1b: Baxcalibur|Protect\n|move|p2a: Palafin|Jet Punch|p1a: Chi-Yu\n|-resisted|p1a: Chi-Yu\n|-damage|p1a: Chi-Yu|70\/100\n|move|p1a: Chi-Yu|Heat Wave|p2a: Palafin|[spread] p2a,p2b\n|-resisted|p2a: Palafin\n|-damage|p2a: Palafin|0 fnt\n|-damage|p2b: Annihilape|0 fnt\n|faint|p2a: Palafin\n|faint|p2b: Annihilape\n|\n|upkeep\n|\n|t:|1682797738\n|switch|p2b: Breloom|Breloom, L50, M|100\/100\n|turn|6\n|\n|t:|1682797751\n|-terastallize|p2b: Breloom|Fire\n|move|p1b: Baxcalibur|Ice Shard|p2b: Breloom\n|-resisted|p2b: Breloom\n|-damage|p2b: Breloom|84\/100\n|-damage|p1b: Baxcalibur|61\/100|[from] item: Life Orb\n|move|p1a: Chi-Yu|Heat Wave|p2b: Breloom\n|-resisted|p2b: Breloom\n|-damage|p2b: Breloom|0 fnt\n|faint|p2b: Breloom\n|\n|win|Jscoot12\n|raw|Jscoot12's rating: 1244 → 1262<\/strong> (+18 for winning)\n|raw|Shiningalvantula's rating: 1150 → 1132<\/strong> (-18 for losing)\n|l|\u2606Shiningalvantula\n","uploadtime":1682797766,"views":22,"p1id":"jscoot12","p2id":"shiningalvantula","formatid":"gen9vgc2023regulationc","rating":1132,"private":0,"password":""}