{"id":"gen9vgc2023regulationc-1862244419","p1":"HarlequinIvy","p2":"Drop a Dunsparce","format":"[Gen 9] VGC 2023 Regulation C","log":"|j|\u2606HarlequinIvy\n|j|\u2606Drop a Dunsparce\n|t:|1683854257\n|gametype|doubles\n|player|p1|HarlequinIvy|parasollady|1289\n|player|p2|Drop a Dunsparce|swimmer|1275\n|teamsize|p1|6\n|teamsize|p2|6\n|gen|9\n|tier|[Gen 9] VGC 2023 Regulation C\n|rated|\n|rule|Species Clause: Limit one of each Pok\u00e9mon\n|rule|Item Clause: Limit one of each item\n|clearpoke\n|poke|p1|Indeedee, L50, M|\n|poke|p1|Armarouge, L50, F|\n|poke|p1|Flutter Mane, L50|\n|poke|p1|Stonjourner, L50, M|\n|poke|p1|Baxcalibur, L50, M|\n|poke|p1|Kingambit, L50, M|\n|poke|p2|Wo-Chien, L50|\n|poke|p2|Glimmora, L50, M|\n|poke|p2|Dondozo, L50, F|\n|poke|p2|Tatsugiri, L50, M|\n|poke|p2|Ceruledge, L50, M|\n|poke|p2|Chien-Pao, L50|\n|teampreview|4\n|\n|t:|1683854276\n|start\n|switch|p1a: Stonjourner|Stonjourner, L50, M|100\/100\n|switch|p1b: Flutter Mane|Flutter Mane, L50|100\/100\n|switch|p2a: Dondozo|Dondozo, L50, F|100\/100\n|switch|p2b: Tatsugiri|Tatsugiri, L50, M|100\/100\n|-activate|p2b: Tatsugiri|ability: Commander|[of] p2a: Dondozo\n|-boost|p2a: Dondozo|atk|2\n|-boost|p2a: Dondozo|spa|2\n|-boost|p2a: Dondozo|spe|2\n|-boost|p2a: Dondozo|def|2\n|-boost|p2a: Dondozo|spd|2\n|turn|1\n|\n|t:|1683854288\n|-terastallize|p1b: Flutter Mane|Fairy\n|-terastallize|p2a: Dondozo|Steel\n|move|p1b: Flutter Mane|Moonblast|p2a: Dondozo\n|-resisted|p2a: Dondozo\n|-damage|p2a: Dondozo|72\/100\n|move|p2a: Dondozo|Earthquake|p1b: Flutter Mane|[spread] p1a,p1b\n|-miss|p2a: Dondozo|p2b: Tatsugiri\n|-supereffective|p1a: Stonjourner\n|-damage|p1a: Stonjourner|40\/100\n|-damage|p1b: Flutter Mane|4\/100\n|move|p1a: Stonjourner|Low Kick|p2a: Dondozo\n|-supereffective|p2a: Dondozo\n|-damage|p2a: Dondozo|40\/100\n|\n|upkeep\n|turn|2\n|\n|t:|1683854305\n|move|p1a: Stonjourner|Wide Guard|p1a: Stonjourner\n|-singleturn|p1a: Stonjourner|Wide Guard\n|move|p1b: Flutter Mane|Moonblast|p2a: Dondozo\n|-resisted|p2a: Dondozo\n|-damage|p2a: Dondozo|13\/100\n|-unboost|p2a: Dondozo|spa|1\n|move|p2a: Dondozo|Earthquake|p1b: Flutter Mane|[spread] \n|-miss|p2a: Dondozo|p2b: Tatsugiri\n|-activate|p1a: Stonjourner|move: Wide Guard\n|-activate|p1b: Flutter Mane|move: Wide Guard\n|\n|upkeep\n|turn|3\n|\n|t:|1683854313\n|move|p2a: Dondozo|Protect|p2a: Dondozo\n|-singleturn|p2a: Dondozo|Protect\n|move|p1b: Flutter Mane|Moonblast|p2a: Dondozo\n|-activate|p2a: Dondozo|move: Protect\n|move|p1a: Stonjourner|Rock Slide|p2b: Tatsugiri|[spread] \n|-miss|p1a: Stonjourner|p2b: Tatsugiri\n|-activate|p2a: Dondozo|move: Protect\n|\n|upkeep\n|turn|4\n|\n|t:|1683854319\n|move|p1b: Flutter Mane|Moonblast|p2a: Dondozo\n|-resisted|p2a: Dondozo\n|-crit|p2a: Dondozo\n|-damage|p2a: Dondozo|0 fnt\n|faint|p2a: Dondozo\n|move|p1a: Stonjourner|Rock Slide|p2b: Tatsugiri\n|-damage|p2b: Tatsugiri|26\/100\n|\n|upkeep\n|\n|t:|1683854324\n|switch|p2a: Chien-Pao|Chien-Pao, L50|100\/100\n|-ability|p2a: Chien-Pao|Sword of Ruin\n|turn|5\n|\n|t:|1683854346\n|-end|p1b: Flutter Mane|Protosynthesis|[silent]\n|switch|p1b: Indeedee|Indeedee, L50, M|100\/100\n|-fieldstart|move: Psychic Terrain|[from] ability: Psychic Surge|[of] p1b: Indeedee\n|move|p1a: Stonjourner|Wide Guard|p1a: Stonjourner\n|-singleturn|p1a: Stonjourner|Wide Guard\n|move|p2a: Chien-Pao|Sucker Punch||[still]\n|-fail|p2a: Chien-Pao\n|move|p2b: Tatsugiri|Draco Meteor|p1a: Stonjourner\n|-damage|p1a: Stonjourner|0 fnt\n|-unboost|p2b: Tatsugiri|spa|2\n|faint|p1a: Stonjourner\n|\n|upkeep\n|\n|t:|1683854348\n|switch|p1a: Flutter Mane|Flutter Mane, L50, tera:Fairy|4\/100\n|turn|6\n|\n|t:|1683854373\n|move|p2b: Tatsugiri|Draco Meteor|p1b: Indeedee\n|-damage|p1b: Indeedee|53\/100\n|-unboost|p2b: Tatsugiri|spa|2\n|move|p2a: Chien-Pao|Ice Spinner|p1a: Flutter Mane\n|-damage|p1a: Flutter Mane|0 fnt\n|-fieldend|move: Psychic Terrain\n|faint|p1a: Flutter Mane\n|-end|p1a: Flutter Mane|Protosynthesis|[silent]\n|move|p1b: Indeedee|Dazzling Gleam|p2b: Tatsugiri|[spread] p2a,p2b\n|-supereffective|p2a: Chien-Pao\n|-supereffective|p2b: Tatsugiri\n|-damage|p2a: Chien-Pao|19\/100\n|-damage|p2b: Tatsugiri|0 fnt\n|faint|p2b: Tatsugiri\n|-damage|p1b: Indeedee|43\/100|[from] item: Life Orb\n|\n|upkeep\n|\n|t:|1683854383\n|switch|p1a: Armarouge|Armarouge, L50, F|100\/100\n|switch|p2b: Ceruledge|Ceruledge, L50, M|100\/100\n|turn|7\n|\n|t:|1683854410\n|move|p1b: Indeedee|Protect|p1b: Indeedee\n|-singleturn|p1b: Indeedee|Protect\n|move|p2a: Chien-Pao|Sucker Punch|p1a: Armarouge\n|-supereffective|p1a: Armarouge\n|-damage|p1a: Armarouge|4\/100\n|move|p1a: Armarouge|Acid Spray|p2a: Chien-Pao\n|-damage|p2a: Chien-Pao|0 fnt\n|faint|p2a: Chien-Pao\n|move|p2b: Ceruledge|Bitter Blade|p1b: Indeedee\n|-activate|p1b: Indeedee|move: Protect\n|\n|upkeep\n|turn|8\n|\n|t:|1683854419\n|move|p1a: Armarouge|Acid Spray|p2b: Ceruledge\n|-resisted|p2b: Ceruledge\n|-crit|p2b: Ceruledge\n|-damage|p2b: Ceruledge|91\/100\n|move|p1b: Indeedee|Dazzling Gleam|p2b: Ceruledge\n|-resisted|p2b: Ceruledge\n|-damage|p2b: Ceruledge|76\/100\n|-damage|p1b: Indeedee|34\/100|[from] item: Life Orb\n|move|p2b: Ceruledge|Tera Blast|p1a: Armarouge\n|-damage|p1a: Armarouge|0 fnt\n|faint|p1a: Armarouge\n|\n|upkeep\n|turn|9\n|-message|HarlequinIvy forfeited.\n|\n|win|Drop a Dunsparce\n|raw|HarlequinIvy's rating: 1289 → 1263<\/strong> (-26 for losing)\n|raw|Drop a Dunsparce's rating: 1275 → 1301<\/strong> (+26 for winning)\n|l|\u2606HarlequinIvy\n","uploadtime":1683854437,"views":12,"p1id":"harlequinivy","p2id":"dropadunsparce","formatid":"gen9vgc2023regulationc","rating":1263,"private":0,"password":""}