{"id":"gen9vgc2023regulationc-1862185773","p1":"sandrin16","p2":"Zpeed27","format":"[Gen 9] VGC 2023 Regulation C","log":"|j|\u2606sandrin16\n|j|\u2606Zpeed27\n|t:|1683846774\n|gametype|doubles\n|player|p1|sandrin16|pokemaniac|1102\n|player|p2|Zpeed27|n|1076\n|teamsize|p1|6\n|teamsize|p2|6\n|gen|9\n|tier|[Gen 9] VGC 2023 Regulation C\n|rated|\n|rule|Species Clause: Limit one of each Pok\u00e9mon\n|rule|Item Clause: Limit one of each item\n|clearpoke\n|poke|p1|Flutter Mane, L50|\n|poke|p1|Dondozo, L50, M|\n|poke|p1|Scovillain, L50, F|\n|poke|p1|Tatsugiri, L50, M|\n|poke|p1|Glimmora, L50, M|\n|poke|p1|Gyarados, L50, F|\n|poke|p2|Dondozo, L50, M|\n|poke|p2|Tatsugiri, L50, F|\n|poke|p2|Chi-Yu, L50|\n|poke|p2|Iron Bundle, L50|\n|poke|p2|Flutter Mane, L50|\n|poke|p2|Glimmora, L50, M|\n|teampreview|4\n|inactive|Battle timer is ON: inactive players will automatically lose when time's up. (requested by Zpeed27)\nZpeed27 has agreed to open team sheets.\n|\n|t:|1683846814\n|start\n|switch|p1a: Dondozo|Dondozo, L50, M|100\/100\n|switch|p1b: Tatsugiri|Tatsugiri, L50, M|100\/100\n|switch|p2a: Tatsugiri|Tatsugiri, L50, F|100\/100\n|switch|p2b: Dondozo|Dondozo, L50, M|100\/100\n|-activate|p2a: Tatsugiri|ability: Commander|[of] p2b: Dondozo\n|-boost|p2b: Dondozo|atk|2\n|-boost|p2b: Dondozo|spa|2\n|-boost|p2b: Dondozo|spe|2\n|-boost|p2b: Dondozo|def|2\n|-boost|p2b: Dondozo|spd|2\n|-activate|p1b: Tatsugiri|ability: Commander|[of] p1a: Dondozo\n|-boost|p1a: Dondozo|atk|2\n|-boost|p1a: Dondozo|spa|2\n|-boost|p1a: Dondozo|spe|2\n|-boost|p1a: Dondozo|def|2\n|-boost|p1a: Dondozo|spd|2\n|turn|1\n|c|\u2606sandrin16|hshaha\n|c|\u2606Zpeed27|xdd\n|inactive|sandrin16 has 30 seconds left.\n|\n|t:|1683846841\n|move|p2b: Dondozo|Protect|p2b: Dondozo\n|-singleturn|p2b: Dondozo|Protect\n|move|p1a: Dondozo|Yawn|p2b: Dondozo\n|-activate|p2b: Dondozo|move: Protect\n|\n|upkeep\n|turn|2\n|\n|t:|1683846863\n|-terastallize|p2b: Dondozo|Grass\n|move|p2b: Dondozo|Tera Blast|p1a: Dondozo\n|-supereffective|p1a: Dondozo\n|-damage|p1a: Dondozo|86\/100\n|move|p1a: Dondozo|Yawn|p2b: Dondozo\n|-start|p2b: Dondozo|move: Yawn|[of] p1a: Dondozo\n|\n|-heal|p1a: Dondozo|92\/100|[from] item: Leftovers\n|upkeep\n|turn|3\n|\n|t:|1683846877\n|move|p2b: Dondozo|Tera Blast|p1a: Dondozo\n|-supereffective|p1a: Dondozo\n|-damage|p1a: Dondozo|78\/100\n|move|p1a: Dondozo|Order Up|p2b: Dondozo\n|-damage|p2b: Dondozo|76\/100\n|-boost|p1a: Dondozo|atk|1\n|\n|-heal|p2b: Dondozo|82\/100|[from] item: Leftovers\n|-heal|p1a: Dondozo|84\/100|[from] item: Leftovers\n|-end|p2b: Dondozo|move: Yawn|[silent]\n|-status|p2b: Dondozo|slp\n|upkeep\n|turn|4\n|inactive|Zpeed27 has 30 seconds left.\n|\n|t:|1683846903\n|cant|p2b: Dondozo|slp\n|move|p1a: Dondozo|Order Up|p2b: Dondozo\n|-damage|p2b: Dondozo|52\/100 slp\n|-boost|p1a: Dondozo|atk|1\n|\n|-heal|p2b: Dondozo|58\/100 slp|[from] item: Leftovers\n|-heal|p1a: Dondozo|90\/100|[from] item: Leftovers\n|upkeep\n|turn|5\n|\n|t:|1683846917\n|-curestatus|p2b: Dondozo|slp|[msg]\n|move|p2b: Dondozo|Protect|p2b: Dondozo\n|-singleturn|p2b: Dondozo|Protect\n|move|p1a: Dondozo|Order Up|p2b: Dondozo\n|-activate|p2b: Dondozo|move: Protect\n|\n|-heal|p2b: Dondozo|64\/100|[from] item: Leftovers\n|-heal|p1a: Dondozo|97\/100|[from] item: Leftovers\n|upkeep\n|turn|6\n|\n|t:|1683846932\n|move|p2b: Dondozo|Tera Blast|p1a: Dondozo\n|-supereffective|p1a: Dondozo\n|-damage|p1a: Dondozo|80\/100\n|move|p1a: Dondozo|Order Up|p2b: Dondozo\n|-damage|p2b: Dondozo|26\/100\n|-boost|p1a: Dondozo|atk|1\n|\n|-heal|p2b: Dondozo|32\/100|[from] item: Leftovers\n|-heal|p1a: Dondozo|86\/100|[from] item: Leftovers\n|upkeep\n|turn|7\n|\n|t:|1683846950\n|move|p1a: Dondozo|Protect|p1a: Dondozo\n|-singleturn|p1a: Dondozo|Protect\n|move|p2b: Dondozo|Tera Blast|p1a: Dondozo\n|-activate|p1a: Dondozo|move: Protect\n|\n|-heal|p2b: Dondozo|38\/100|[from] item: Leftovers\n|-heal|p1a: Dondozo|93\/100|[from] item: Leftovers\n|upkeep\n|turn|8\n|\n|t:|1683846971\n|move|p2b: Dondozo|Protect|p2b: Dondozo\n|-singleturn|p2b: Dondozo|Protect\n|move|p1a: Dondozo|Order Up|p2b: Dondozo\n|-activate|p2b: Dondozo|move: Protect\n|\n|-heal|p2b: Dondozo|44\/100|[from] item: Leftovers\n|-heal|p1a: Dondozo|99\/100|[from] item: Leftovers\n|upkeep\n|turn|9\n|inactive|sandrin16 has 30 seconds left.\n|\n|t:|1683846999\n|move|p2b: Dondozo|Tera Blast|p1a: Dondozo\n|-supereffective|p1a: Dondozo\n|-damage|p1a: Dondozo|83\/100\n|move|p1a: Dondozo|Order Up|p2b: Dondozo\n|-damage|p2b: Dondozo|1\/100\n|-boost|p1a: Dondozo|atk|1\n|\n|-heal|p2b: Dondozo|8\/100|[from] item: Leftovers\n|-heal|p1a: Dondozo|89\/100|[from] item: Leftovers\n|upkeep\n|turn|10\n|\n|t:|1683847010\n|move|p2b: Dondozo|Tera Blast|p1a: Dondozo\n|-supereffective|p1a: Dondozo\n|-damage|p1a: Dondozo|72\/100\n|move|p1a: Dondozo|Order Up|p2b: Dondozo\n|-damage|p2b: Dondozo|0 fnt\n|faint|p2b: Dondozo\n|-boost|p1a: Dondozo|atk|0\n|\n|-heal|p1a: Dondozo|78\/100|[from] item: Leftovers\n|upkeep\n|\n|t:|1683847026\n|switch|p2b: Flutter Mane|Flutter Mane, L50, shiny|100\/100\n|turn|11\n|\n|t:|1683847046\n|move|p2a: Tatsugiri|Icy Wind|p1a: Dondozo|[spread] p1a\n|-miss|p2a: Tatsugiri|p1b: Tatsugiri\n|-resisted|p1a: Dondozo\n|-damage|p1a: Dondozo|75\/100\n|-unboost|p1a: Dondozo|spe|1\n|move|p2b: Flutter Mane|Thunderbolt|p1a: Dondozo\n|-supereffective|p1a: Dondozo\n|-damage|p1a: Dondozo|32\/100\n|move|p1a: Dondozo|Order Up|p2a: Tatsugiri\n|-supereffective|p2a: Tatsugiri\n|-damage|p2a: Tatsugiri|0 fnt\n|faint|p2a: Tatsugiri\n|-boost|p1a: Dondozo|atk|0\n|\n|-heal|p1a: Dondozo|38\/100|[from] item: Leftovers\n|upkeep\n|\n|t:|1683847060\n|switch|p2a: Glimmora|Glimmora, L50, M, shiny|100\/100\n|turn|12\n|inactive|sandrin16 has 30 seconds left.\n|\n|t:|1683847092\n|-terastallize|p1a: Dondozo|Grass\n|move|p2b: Flutter Mane|Thunderbolt|p1a: Dondozo\n|-resisted|p1a: Dondozo\n|-damage|p1a: Dondozo|27\/100\n|move|p2a: Glimmora|Mortal Spin|p1a: Dondozo|[spread] p1a\n|-miss|p2a: Glimmora|p1b: Tatsugiri\n|-supereffective|p1a: Dondozo\n|-damage|p1a: Dondozo|25\/100\n|-status|p1a: Dondozo|psn\n|move|p1a: Dondozo|Body Press|p2a: Glimmora\n|-damage|p2a: Glimmora|52\/100\n|-activate|p2a: Glimmora|ability: Toxic Debris\n|-sidestart|p1: sandrin16|move: Toxic Spikes\n|\n|-heal|p1a: Dondozo|31\/100 psn|[from] item: Leftovers\n|-damage|p1a: Dondozo|18\/100 psn|[from] psn\n|upkeep\n|turn|13\n|c|\u2606Zpeed27|gg\n|-message|Zpeed27 forfeited.\n|\n|win|sandrin16\n|raw|sandrin16's rating: 1102 → 1125<\/strong> (+23 for winning)\n|raw|Zpeed27's rating: 1076 → 1056<\/strong> (-20 for losing)\n|l|\u2606Zpeed27\n|c|\u2606sandrin16|gg}\n","uploadtime":1683847130,"views":7,"p1id":"sandrin16","p2id":"zpeed27","formatid":"gen9vgc2023regulationc","rating":1056,"private":0,"password":""}