{"id":"gen9vgc2023regulationc-1849656087","p1":"hybrid_xyz","p2":"1og0ut","format":"[Gen 9] VGC 2023 Regulation C","log":"|j|\u2606hybrid_xyz\n|j|\u26061og0ut\n|t:|1682226701\n|gametype|doubles\n|player|p1|hybrid_xyz|hilbert-wonderlauncher|1077\n|player|p2|1og0ut|cheren|1063\n|teamsize|p1|6\n|teamsize|p2|6\n|gen|9\n|tier|[Gen 9] VGC 2023 Regulation C\n|rated|\n|rule|Species Clause: Limit one of each Pok\u00e9mon\n|rule|Item Clause: Limit one of each item\n|clearpoke\n|poke|p1|Flutter Mane, L50|\n|poke|p1|Amoonguss, L50, F|\n|poke|p1|Arcanine, L50, F|\n|poke|p1|Roaring Moon, L50|\n|poke|p1|Ting-Lu, L50|\n|poke|p1|Palafin, L50, M|\n|poke|p2|Grafaiai, L50, M|\n|poke|p2|Slaking, L50, M|\n|poke|p2|Mimikyu, L50, M|\n|poke|p2|Iron Hands, L50|\n|poke|p2|Hatterene, L50, F|\n|poke|p2|Torkoal, L50, M|\n|teampreview|4\n|inactive|Battle timer is ON: inactive players will automatically lose when time's up. (requested by hybrid_xyz)\n|\n|t:|1682226725\n|start\n|switch|p1a: Flutter Mane|Flutter Mane, L50, shiny|100\/100\n|switch|p1b: Amoonguss|Amoonguss, L50, F, shiny|100\/100\n|switch|p2a: Yip|Grafaiai, L50, M|100\/100\n|switch|p2b: Yawn|Slaking, L50, M|100\/100\n|turn|1\n|\n|t:|1682226745\n|-terastallize|p2b: Yawn|Electric\n|move|p1a: Flutter Mane|Protect|p1a: Flutter Mane\n|-singleturn|p1a: Flutter Mane|Protect\n|move|p1b: Amoonguss|Protect|p1b: Amoonguss\n|-singleturn|p1b: Amoonguss|Protect\n|move|p2a: Yip|Doodle||[still]\n|-fail|p2a: Yip\n|move|p2b: Yawn|Tera Blast|p1a: Flutter Mane\n|-activate|p1a: Flutter Mane|move: Protect\n|\n|upkeep\n|turn|2\n|inactive|hybrid_xyz has 30 seconds left.\n|\n|t:|1682226780\n|-end|p1a: Flutter Mane|Protosynthesis|[silent]\n|switch|p1a: Ting-Lu|Ting-Lu, L50|100\/100\n|-ability|p1a: Ting-Lu|Vessel of Ruin\n|move|p2a: Yip|Doodle|p1a: Ting-Lu\n|-endability|p2a: Yip|Poison Touch|[from] move: Doodle\n|-ability|p2a: Yip|Vessel of Ruin\n|-ability|p2a: Yip|Vessel of Ruin|[from] move: Doodle\n|-endability|p2b: Yawn|Truant|[from] move: Doodle\n|-ability|p2b: Yawn|Vessel of Ruin\n|-ability|p2b: Yawn|Vessel of Ruin|[from] move: Doodle\n|move|p2b: Yawn|Thunderbolt|p1a: Ting-Lu\n|-immune|p1a: Ting-Lu\n|move|p1b: Amoonguss|Spore|p2b: Yawn\n|-status|p2b: Yawn|slp|[from] move: Spore\n|\n|upkeep\n|turn|3\n|\n|t:|1682226802\n|switch|p2b: Pin|Mimikyu, L50, M|100\/100\n|move|p2a: Yip|U-turn|p1b: Amoonguss\n|-damage|p1b: Amoonguss|80\/100\n|\n|t:|1682226807\n|switch|p2a: Yawn|Slaking, L50, M, tera:Electric|100\/100 slp|[from] U-turn\n|move|p1a: Ting-Lu|Ruination|p2b: Pin\n|-activate|p2b: Pin|ability: Disguise\n|-damage|p2b: Pin|100\/100\n|detailschange|p2b: Pin|Mimikyu-Busted, L50, M\n|-damage|p2b: Pin|88\/100|[from] pokemon: Mimikyu-Busted\n|move|p1b: Amoonguss|Spore|p2a: Yawn\n|-fail|p2a: Yawn|slp\n|\n|-heal|p1b: Amoonguss|86\/100|[from] item: Leftovers\n|upkeep\n|turn|4\n|\n|t:|1682226826\n|-terastallize|p1a: Ting-Lu|Poison\n|move|p1b: Amoonguss|Protect|p1b: Amoonguss\n|-singleturn|p1b: Amoonguss|Protect\n|cant|p2a: Yawn|slp\n|move|p1a: Ting-Lu|Heavy Slam|p2b: Pin\n|-supereffective|p2b: Pin\n|-damage|p2b: Pin|9\/100\n|move|p2b: Pin|Trick Room|p2b: Pin\n|-fieldstart|move: Trick Room|[of] p2b: Pin\n|\n|-heal|p1b: Amoonguss|91\/100|[from] item: Leftovers\n|upkeep\n|turn|5\n|\n|t:|1682226845\n|move|p1b: Amoonguss|Spore|p2b: Pin\n|-status|p2b: Pin|slp|[from] move: Spore\n|move|p1a: Ting-Lu|Ruination|p2a: Yawn\n|-damage|p2a: Yawn|51\/100 slp\n|cant|p2a: Yawn|slp\n|cant|p2b: Pin|slp\n|\n|-heal|p1b: Amoonguss|97\/100|[from] item: Leftovers\n|upkeep\n|turn|6\n|\n|t:|1682226865\n|move|p1b: Amoonguss|Pollen Puff|p2b: Pin\n|-resisted|p2b: Pin\n|-damage|p2b: Pin|5\/100 slp\n|move|p1a: Ting-Lu|Ruination|p2a: Yawn\n|-damage|p2a: Yawn|26\/100 slp\n|cant|p2a: Yawn|slp\n|cant|p2b: Pin|slp\n|\n|-heal|p1b: Amoonguss|100\/100|[from] item: Leftovers\n|upkeep\n|turn|7\n|inactive|hybrid_xyz has 30 seconds left.\n|\n|t:|1682226896\n|move|p1b: Amoonguss|Pollen Puff|p2b: Pin\n|-resisted|p2b: Pin\n|-damage|p2b: Pin|2\/100 slp\n|move|p1a: Ting-Lu|Rock Slide|p2b: Pin|[spread] p2a,p2b\n|-damage|p2a: Yawn|17\/100 slp\n|-damage|p2b: Pin|0 fnt\n|faint|p2b: Pin\n|-curestatus|p2a: Yawn|slp|[msg]\n|move|p2a: Yawn|Tera Blast|p1b: Amoonguss\n|-resisted|p1b: Amoonguss\n|-damage|p1b: Amoonguss|73\/100\n|\n|-heal|p1b: Amoonguss|79\/100|[from] item: Leftovers\n|upkeep\n|c|\u26061og0ut|my mans called Yawn for a reason\n|\n|t:|1682226910\n|switch|p2b: Canyon|Torkoal, L50, M|100\/100\n|-weather|SunnyDay|[from] ability: Drought|[of] p2b: Canyon\n|turn|8\n|\n|t:|1682226931\n|move|p1b: Amoonguss|Protect|p1b: Amoonguss\n|-singleturn|p1b: Amoonguss|Protect\n|move|p2b: Canyon|Eruption|p1b: Amoonguss|[spread] p1a\n|-activate|p1b: Amoonguss|move: Protect\n|-damage|p1a: Ting-Lu|78\/100\n|move|p1a: Ting-Lu|Stomping Tantrum|p2b: Canyon\n|-supereffective|p2b: Canyon\n|-damage|p2b: Canyon|57\/100\n|cant|p2a: Yawn|ability: Truant\n|\n|-weather|SunnyDay|[upkeep]\n|-heal|p1b: Amoonguss|85\/100|[from] item: Leftovers\n|-fieldend|move: Trick Room\n|upkeep\n|turn|9\n|inactive|hybrid_xyz has 30 seconds left.\n|\n|t:|1682226958\n|switch|p2b: Yip|Grafaiai, L50, M|100\/100\n|move|p2a: Yawn|Hammer Arm|p1a: Ting-Lu\n|-resisted|p1a: Ting-Lu\n|-damage|p1a: Ting-Lu|64\/100\n|-unboost|p2a: Yawn|spe|1\n|move|p1a: Ting-Lu|Stomping Tantrum|p2b: Yip\n|-supereffective|p2b: Yip\n|-damage|p2b: Yip|12\/100\n|move|p1b: Amoonguss|Spore|p2b: Yip\n|-status|p2b: Yip|slp|[from] move: Spore\n|\n|-weather|SunnyDay|[upkeep]\n|-heal|p1b: Amoonguss|91\/100|[from] item: Leftovers\n|upkeep\n|turn|10\n|c|\u2606hybrid_xyz|i hear that\n|\n|t:|1682226981\n|cant|p2b: Yip|slp\n|cant|p2a: Yawn|ability: Truant\n|move|p1a: Ting-Lu|Stomping Tantrum|p2a: Yawn\n|-supereffective|p2a: Yawn\n|-damage|p2a: Yawn|0 fnt\n|faint|p2a: Yawn\n|move|p1b: Amoonguss|Pollen Puff|p1a: Ting-Lu\n|-heal|p1a: Ting-Lu|100\/100\n|\n|-weather|SunnyDay|[upkeep]\n|-heal|p1b: Amoonguss|97\/100|[from] item: Leftovers\n|upkeep\n|\n|t:|1682226992\n|switch|p2a: Canyon|Torkoal, L50, M|57\/100\n|turn|11\n|c|\u2606hybrid_xyz|slaking so fun to use tho\n|c|\u2606hybrid_xyz|so i feel ya\n|inactive|1og0ut has 30 seconds left.\n|\n|t:|1682227017\n|cant|p2b: Yip|slp\n|move|p1a: Ting-Lu|Stomping Tantrum|p2a: Canyon\n|-supereffective|p2a: Canyon\n|-damage|p2a: Canyon|14\/100\n|move|p1b: Amoonguss|Spore|p2a: Canyon\n|-status|p2a: Canyon|slp|[from] move: Spore\n|cant|p2a: Canyon|slp\n|\n|-weather|SunnyDay|[upkeep]\n|-heal|p1b: Amoonguss|100\/100|[from] item: Leftovers\n|upkeep\n|turn|12\n|\n|t:|1682227036\n|cant|p2b: Yip|slp\n|move|p1a: Ting-Lu|Stomping Tantrum|p2b: Yip\n|-supereffective|p2b: Yip\n|-damage|p2b: Yip|0 fnt\n|faint|p2b: Yip\n|move|p1b: Amoonguss|Pollen Puff|p2a: Canyon\n|-resisted|p2a: Canyon\n|-damage|p2a: Canyon|5\/100 slp\n|cant|p2a: Canyon|slp\n|\n|-weather|none\n|upkeep\n|turn|13\n|c|\u26061og0ut|I want to find a way to use doodle to get him to get past his truant but I dont think I gave him enough defense\n|\n|t:|1682227060\n|move|p1a: Ting-Lu|Stomping Tantrum|p2a: Canyon\n|-supereffective|p2a: Canyon\n|-crit|p2a: Canyon\n|-damage|p2a: Canyon|0 fnt\n|faint|p2a: Canyon\n|\n|win|hybrid_xyz\n|raw|hybrid_xyz's rating: 1077 → 1104<\/strong> (+27 for winning)\n|raw|1og0ut's rating: 1063 → 1044<\/strong> (-19 for losing)\n|c|\u2606hybrid_xyz|i tried skill swap once\n|c|\u26061og0ut|GGWP\n|c|\u2606hybrid_xyz|with pure power\n|l|\u26061og0ut\n|c|\u2606hybrid_xyz|it was fun but super gimmicky\n","uploadtime":1682227094,"views":20,"p1id":"hybridxyz","p2id":"1og0ut","formatid":"gen9vgc2023regulationc","rating":1044,"private":0,"password":""}