{"id":"gen9vgc2023regulationc-1860789992","p1":"Maywind","p2":"Gridvgc","format":"[Gen 9] VGC 2023 Regulation C","log":"|j|\u2606Maywind\n|j|\u2606Gridvgc\n|t:|1683678194\n|gametype|doubles\n|player|p1|Maywind|265|1360\n|player|p2|Gridvgc|boarder|1343\n|teamsize|p1|6\n|teamsize|p2|6\n|gen|9\n|tier|[Gen 9] VGC 2023 Regulation C\n|rated|\n|rule|Species Clause: Limit one of each Pok\u00e9mon\n|rule|Item Clause: Limit one of each item\n|clearpoke\n|poke|p1|Palafin, L50, F|\n|poke|p1|Arcanine, L50, F|\n|poke|p1|Amoonguss, L50, F|\n|poke|p1|Ting-Lu, L50|\n|poke|p1|Baxcalibur, L50, M|\n|poke|p1|Flutter Mane, L50|\n|poke|p2|Iron Valiant, L50|\n|poke|p2|Iron Treads, L50|\n|poke|p2|Chien-Pao, L50|\n|poke|p2|Flutter Mane, L50|\n|poke|p2|Amoonguss, L50, M|\n|poke|p2|Bronzong, L50|\n|teampreview|4\n|\n|t:|1683678225\n|start\n|switch|p1a: Palafin|Palafin, L50, F|100\/100\n|switch|p1b: Arcanine|Arcanine, L50, F|100\/100\n|switch|p2a: Iron Valiant|Iron Valiant, L50|100\/100\n|switch|p2b: Flutter Mane|Flutter Mane, L50|100\/100\n|-ability|p1b: Arcanine|Intimidate|boost\n|-unboost|p2a: Iron Valiant|atk|1\n|-unboost|p2b: Flutter Mane|atk|1\n|-enditem|p2a: Iron Valiant|Booster Energy\n|-activate|p2a: Iron Valiant|ability: Quark Drive|[fromitem]\n|-start|p2a: Iron Valiant|quarkdrivespe\n|turn|1\n|\n|t:|1683678247\n|detailschange|p1a: Palafin|Palafin-Hero, L50, F\n|switch|p1a: Amoonguss|Amoonguss, L50, F|100\/100\n|move|p2a: Iron Valiant|Substitute|p2a: Iron Valiant\n|-start|p2a: Iron Valiant|Substitute\n|-damage|p2a: Iron Valiant|75\/100\n|move|p2b: Flutter Mane|Dazzling Gleam|p1a: Amoonguss|[spread] p1a,p1b\n|-resisted|p1a: Amoonguss\n|-resisted|p1b: Arcanine\n|-damage|p1a: Amoonguss|80\/100\n|-damage|p1b: Arcanine|73\/100\n|move|p1b: Arcanine|Flare Blitz|p2b: Flutter Mane\n|-damage|p2b: Flutter Mane|0 fnt\n|faint|p2b: Flutter Mane\n|-end|p2b: Flutter Mane|Protosynthesis|[silent]\n|-damage|p1b: Arcanine|51\/100|[from] Recoil\n|\n|upkeep\n|\n|t:|1683678260\n|switch|p2b: Chien-Pao|Chien-Pao, L50|100\/100\n|-ability|p2b: Chien-Pao|Sword of Ruin\n|turn|2\n|\n|t:|1683678274\n|-terastallize|p2b: Chien-Pao|Dark\n|-terastallize|p1a: Amoonguss|Water\n|move|p1b: Arcanine|Protect|p1b: Arcanine\n|-singleturn|p1b: Arcanine|Protect\n|move|p2a: Iron Valiant|Close Combat|p1b: Arcanine\n|-activate|p1b: Arcanine|move: Protect\n|move|p2b: Chien-Pao|Ice Spinner|p1a: Amoonguss\n|-resisted|p1a: Amoonguss\n|-damage|p1a: Amoonguss|46\/100\n|-enditem|p1a: Amoonguss|Sitrus Berry|[eat]\n|-heal|p1a: Amoonguss|70\/100|[from] item: Sitrus Berry\n|move|p1a: Amoonguss|Spore|p2b: Chien-Pao\n|-status|p2b: Chien-Pao|slp|[from] move: Spore\n|\n|upkeep\n|turn|3\n|\n|t:|1683678307\n|switch|p1b: Flutter Mane|Flutter Mane, L50|100\/100\n|switch|p1a: Palafin|Palafin-Hero, L50, F|100\/100\n|-activate|p1a: Palafin|ability: Zero to Hero\n|move|p2a: Iron Valiant|Encore||[still]\n|-fail|p2a: Iron Valiant\n|cant|p2b: Chien-Pao|slp\n|\n|upkeep\n|turn|4\n|\n|t:|1683678323\n|move|p1a: Palafin|Jet Punch|p2a: Iron Valiant\n|-end|p2a: Iron Valiant|Substitute\n|move|p2a: Iron Valiant|Close Combat|p1a: Palafin\n|-crit|p1a: Palafin\n|-damage|p1a: Palafin|9\/100\n|-unboost|p2a: Iron Valiant|def|1\n|-unboost|p2a: Iron Valiant|spd|1\n|cant|p2b: Chien-Pao|slp\n|move|p1b: Flutter Mane|Dazzling Gleam|p2b: Chien-Pao|[spread] p2a,p2b\n|-supereffective|p2a: Iron Valiant\n|-supereffective|p2b: Chien-Pao\n|-damage|p2a: Iron Valiant|0 fnt\n|-damage|p2b: Chien-Pao|0 fnt\n|faint|p2a: Iron Valiant\n|-end|p2a: Iron Valiant|Quark Drive|[silent]\n|faint|p2b: Chien-Pao\n|\n|upkeep\n|\n|t:|1683678337\n|switch|p2b: Iron Treads|Iron Treads, L50|100\/100\n|turn|5\n|\n|t:|1683678350\n|-end|p1b: Flutter Mane|Protosynthesis|[silent]\n|switch|p1b: Arcanine|Arcanine, L50, F|51\/100\n|-ability|p1b: Arcanine|Intimidate|boost\n|-unboost|p2b: Iron Treads|atk|1\n|move|p1a: Palafin|Protect|p1a: Palafin\n|-singleturn|p1a: Palafin|Protect\n|move|p2b: Iron Treads|Earthquake|p1a: Palafin|[spread] p1b\n|-activate|p1a: Palafin|move: Protect\n|-supereffective|p1b: Arcanine\n|-damage|p1b: Arcanine|0 fnt\n|faint|p1b: Arcanine\n|\n|upkeep\n|\n|t:|1683678371\n|switch|p1b: Amoonguss|Amoonguss, L50, F, tera:Water|100\/100\n|turn|6\n|\n|t:|1683678380\n|move|p1a: Palafin|Jet Punch|p2b: Iron Treads\n|-supereffective|p2b: Iron Treads\n|-damage|p2b: Iron Treads|11\/100\n|move|p2b: Iron Treads|Earthquake|p1b: Amoonguss|[spread] p1a,p1b\n|-damage|p1a: Palafin|0 fnt\n|-damage|p1b: Amoonguss|80\/100\n|faint|p1a: Palafin\n|move|p1b: Amoonguss|Spore|p2b: Iron Treads\n|-status|p2b: Iron Treads|slp|[from] move: Spore\n|\n|upkeep\n|-message|Gridvgc forfeited.\n|\n|win|Maywind\n|raw|Maywind's rating: 1360 → 1379<\/strong> (+19 for winning)\n|raw|Gridvgc's rating: 1343 → 1324<\/strong> (-19 for losing)\n|l|\u2606Gridvgc\n","uploadtime":1683678399,"views":14,"p1id":"maywind","p2id":"gridvgc","formatid":"gen9vgc2023regulationc","rating":1324,"private":0,"password":""}