{"id":"gen9vgc2023regulationc-1861242135","p1":"YoungWillis","p2":"LegalWrights","format":"[Gen 9] VGC 2023 Regulation C","log":"|j|\u2606YoungWillis\n|j|\u2606LegalWrights\n|t:|1683738845\n|gametype|doubles\n|player|p1|YoungWillis|steven|1091\n|player|p2|LegalWrights|marnie-league|1157\n|teamsize|p1|6\n|teamsize|p2|6\n|gen|9\n|tier|[Gen 9] VGC 2023 Regulation C\n|rated|\n|rule|Species Clause: Limit one of each Pok\u00e9mon\n|rule|Item Clause: Limit one of each item\n|clearpoke\n|poke|p1|Palafin, L50, M|\n|poke|p1|Iron Hands, L50|\n|poke|p1|Amoonguss, L50, M|\n|poke|p1|Dragonite, L50, M|\n|poke|p1|Flutter Mane, L50|\n|poke|p1|Ceruledge, L50, M|\n|poke|p2|Wo-Chien, L50|\n|poke|p2|Arcanine, L50, M|\n|poke|p2|Iron Hands, L50|\n|poke|p2|Glimmora, L50, M|\n|poke|p2|Iron Bundle, L50|\n|poke|p2|Flutter Mane, L50|\n|teampreview|4\n|\n|t:|1683738882\n|start\n|switch|p1a: Flutter Mane|Flutter Mane, L50|100\/100\n|switch|p1b: Amoonguss|Amoonguss, L50, M|100\/100\n|switch|p2a: Arcanine|Arcanine, L50, M|100\/100\n|switch|p2b: Iron Bundle|Iron Bundle, L50|100\/100\n|-ability|p2a: Arcanine|Intimidate|boost\n|-unboost|p1a: Flutter Mane|atk|1\n|-unboost|p1b: Amoonguss|atk|1\n|turn|1\n|\n|t:|1683738914\n|move|p1b: Amoonguss|Protect|p1b: Amoonguss\n|-singleturn|p1b: Amoonguss|Protect\n|move|p2b: Iron Bundle|Icy Wind|p1a: Flutter Mane|[spread] p1a\n|-activate|p1b: Amoonguss|move: Protect\n|-damage|p1a: Flutter Mane|81\/100\n|-unboost|p1a: Flutter Mane|spe|1\n|move|p1a: Flutter Mane|Shadow Ball|p2b: Iron Bundle\n|-damage|p2b: Iron Bundle|21\/100\n|move|p2a: Arcanine|Flare Blitz|p1b: Amoonguss\n|-activate|p1b: Amoonguss|move: Protect\n|\n|upkeep\n|turn|2\n|\n|t:|1683738941\n|switch|p1b: Ceruledge|Ceruledge, L50, M|100\/100\n|move|p2b: Iron Bundle|Icy Wind|p1b: Ceruledge|[spread] p1a,p1b\n|-resisted|p1b: Ceruledge\n|-damage|p1a: Flutter Mane|62\/100\n|-damage|p1b: Ceruledge|92\/100\n|-unboost|p1a: Flutter Mane|spe|1\n|move|p2a: Arcanine|Flare Blitz|p1b: Ceruledge\n|-start|p1b: Ceruledge|ability: Flash Fire\n|move|p1a: Flutter Mane|Dazzling Gleam|p2a: Arcanine|[spread] p2a,p2b\n|-resisted|p2a: Arcanine\n|-damage|p2a: Arcanine|85\/100\n|-damage|p2b: Iron Bundle|0 fnt\n|faint|p2b: Iron Bundle\n|-end|p2b: Iron Bundle|Quark Drive|[silent]\n|\n|upkeep\n|\n|t:|1683738965\n|switch|p2b: Wo-Chien|Wo-Chien, L50|100\/100\n|-ability|p2b: Wo-Chien|Tablets of Ruin\n|turn|3\n|\n|t:|1683738981\n|-terastallize|p1b: Ceruledge|Steel\n|-terastallize|p2b: Wo-Chien|Water\n|move|p2a: Arcanine|Flare Blitz|p1a: Flutter Mane\n|-damage|p1a: Flutter Mane|0 fnt\n|faint|p1a: Flutter Mane\n|-end|p1a: Flutter Mane|Protosynthesis|[silent]\n|-damage|p2a: Arcanine|71\/100|[from] Recoil\n|move|p1b: Ceruledge|Bulk Up|p1b: Ceruledge\n|-boost|p1b: Ceruledge|atk|1\n|-boost|p1b: Ceruledge|def|1\n|move|p2b: Wo-Chien|Leech Seed|p1b: Ceruledge\n|-start|p1b: Ceruledge|move: Leech Seed\n|\n|-damage|p1b: Ceruledge|80\/100|[from] Leech Seed|[of] p2b: Wo-Chien\n|upkeep\n|\n|t:|1683738994\n|switch|p1a: Dragonite|Dragonite, L50, M|100\/100\n|turn|4\n|\n|t:|1683739023\n|move|p1a: Dragonite|Extreme Speed|p2b: Wo-Chien\n|-damage|p2b: Wo-Chien|81\/100\n|move|p2a: Arcanine|Will-O-Wisp|p1a: Dragonite\n|-status|p1a: Dragonite|brn\n|-enditem|p1a: Dragonite|Lum Berry|[eat]\n|-curestatus|p1a: Dragonite|brn|[msg]\n|move|p1b: Ceruledge|Bitter Blade|p2a: Arcanine\n|-resisted|p2a: Arcanine\n|-damage|p2a: Arcanine|35\/100\n|-heal|p1b: Ceruledge|100\/100|[from] drain|[of] p2a: Arcanine\n|-enditem|p2a: Arcanine|Sitrus Berry|[eat]\n|-heal|p2a: Arcanine|60\/100|[from] item: Sitrus Berry\n|move|p2b: Wo-Chien|Leech Seed|p1a: Dragonite\n|-start|p1a: Dragonite|move: Leech Seed\n|\n|-heal|p2b: Wo-Chien|87\/100|[from] item: Leftovers\n|-damage|p1a: Dragonite|88\/100|[from] Leech Seed|[of] p2b: Wo-Chien\n|-heal|p2b: Wo-Chien|99\/100|[silent]\n|-damage|p1b: Ceruledge|88\/100|[from] Leech Seed|[of] p2b: Wo-Chien\n|-heal|p2b: Wo-Chien|100\/100|[silent]\n|upkeep\n|turn|5\n|inactive|Battle timer is ON: inactive players will automatically lose when time's up. (requested by LegalWrights)\n|inactive|YoungWillis has 60 seconds left.\n|inactive|YoungWillis has 30 seconds left.\n|inactive|YoungWillis has 20 seconds left.\n|inactive|YoungWillis has 15 seconds left.\n|inactive|YoungWillis has 10 seconds left.\n|inactive|YoungWillis has 5 seconds left.\n|\n|t:|1683739339\n|move|p1a: Dragonite|Extreme Speed|p2a: Arcanine\n|-damage|p2a: Arcanine|37\/100\n|move|p2a: Arcanine|Will-O-Wisp|p1a: Dragonite\n|-status|p1a: Dragonite|brn\n|move|p1b: Ceruledge|Bitter Blade|p2b: Wo-Chien\n|-resisted|p2b: Wo-Chien\n|-damage|p2b: Wo-Chien|68\/100\n|-heal|p1b: Ceruledge|100\/100|[from] drain|[of] p2b: Wo-Chien\n|move|p2b: Wo-Chien|Ruination|p1b: Ceruledge\n|-damage|p1b: Ceruledge|51\/100\n|\n|-heal|p2b: Wo-Chien|74\/100|[from] item: Leftovers\n|-damage|p1a: Dragonite|76\/100 brn|[from] Leech Seed|[of] p2b: Wo-Chien\n|-heal|p2b: Wo-Chien|86\/100|[silent]\n|-damage|p1b: Ceruledge|39\/100|[from] Leech Seed|[of] p2b: Wo-Chien\n|-heal|p2b: Wo-Chien|97\/100|[silent]\n|-damage|p1a: Dragonite|70\/100 brn|[from] brn\n|upkeep\n|turn|6\n|inactive|YoungWillis has 30 seconds left.\n|inactive|YoungWillis has 20 seconds left.\n|inactive|YoungWillis has 15 seconds left.\n|inactive|YoungWillis has 10 seconds left.\n|inactive|YoungWillis has 5 seconds left.\n|\n|t:|1683739394\n|move|p1a: Dragonite|Extreme Speed|p2a: Arcanine\n|-damage|p2a: Arcanine|25\/100\n|move|p2a: Arcanine|Snarl|p1b: Ceruledge|[spread] p1a,p1b\n|-damage|p1a: Dragonite|61\/100 brn\n|-damage|p1b: Ceruledge|31\/100\n|-unboost|p1a: Dragonite|spa|1\n|move|p1b: Ceruledge|Bitter Blade|p2b: Wo-Chien\n|-resisted|p2b: Wo-Chien\n|-damage|p2b: Wo-Chien|68\/100\n|-heal|p1b: Ceruledge|47\/100|[from] drain|[of] p2b: Wo-Chien\n|move|p2b: Wo-Chien|Pollen Puff|p2a: Arcanine\n|-heal|p2a: Arcanine|75\/100\n|\n|-heal|p2b: Wo-Chien|74\/100|[from] item: Leftovers\n|-damage|p1a: Dragonite|49\/100 brn|[from] Leech Seed|[of] p2b: Wo-Chien\n|-heal|p2b: Wo-Chien|86\/100|[silent]\n|-damage|p1b: Ceruledge|35\/100|[from] Leech Seed|[of] p2b: Wo-Chien\n|-heal|p2b: Wo-Chien|97\/100|[silent]\n|-damage|p1a: Dragonite|43\/100 brn|[from] brn\n|upkeep\n|turn|7\n|inactive|YoungWillis has 30 seconds left.\n|inactive|LegalWrights has 30 seconds left.\n|inactive|YoungWillis has 20 seconds left.\n|inactive|YoungWillis has 15 seconds left.\n|inactive|YoungWillis has 10 seconds left.\n|inactive|YoungWillis has 5 seconds left.\n|\n|t:|1683739449\n|move|p1a: Dragonite|Extreme Speed|p2a: Arcanine\n|-damage|p2a: Arcanine|62\/100\n|move|p2a: Arcanine|Flare Blitz|p1a: Dragonite\n|-resisted|p1a: Dragonite\n|-damage|p1a: Dragonite|23\/100 brn\n|-damage|p2a: Arcanine|56\/100|[from] Recoil\n|move|p1b: Ceruledge|Bitter Blade|p2b: Wo-Chien\n|-resisted|p2b: Wo-Chien\n|-damage|p2b: Wo-Chien|67\/100\n|-heal|p1b: Ceruledge|52\/100|[from] drain|[of] p2b: Wo-Chien\n|move|p2b: Wo-Chien|Ruination|p1b: Ceruledge\n|-damage|p1b: Ceruledge|26\/100\n|\n|-heal|p2b: Wo-Chien|73\/100|[from] item: Leftovers\n|-damage|p1a: Dragonite|11\/100 brn|[from] Leech Seed|[of] p2b: Wo-Chien\n|-heal|p2b: Wo-Chien|85\/100|[silent]\n|-damage|p1b: Ceruledge|14\/100|[from] Leech Seed|[of] p2b: Wo-Chien\n|-heal|p2b: Wo-Chien|96\/100|[silent]\n|-damage|p1a: Dragonite|5\/100 brn|[from] brn\n|upkeep\n|turn|8\n|inactiveoff|Battle timer is now OFF.\n|inactive|Battle timer is ON: inactive players will automatically lose when time's up. (requested by LegalWrights)\n|inactive|YoungWillis has 30 seconds left.\n|inactive|YoungWillis has 20 seconds left.\n|inactive|YoungWillis has 15 seconds left.\n|inactive|YoungWillis has 10 seconds left.\n|inactive|YoungWillis has 5 seconds left.\n|\n|t:|1683739528\n|move|p2b: Wo-Chien|Protect|p2b: Wo-Chien\n|-singleturn|p2b: Wo-Chien|Protect\n|move|p1a: Dragonite|Extreme Speed|p2b: Wo-Chien\n|-activate|p2b: Wo-Chien|move: Protect\n|move|p2a: Arcanine|Snarl|p1a: Dragonite|[spread] p1a,p1b\n|-damage|p1a: Dragonite|0 fnt\n|-damage|p1b: Ceruledge|7\/100\n|faint|p1a: Dragonite\n|move|p1b: Ceruledge|Bitter Blade|p2a: Arcanine\n|-resisted|p2a: Arcanine\n|-damage|p2a: Arcanine|21\/100\n|-heal|p1b: Ceruledge|27\/100|[from] drain|[of] p2a: Arcanine\n|\n|-heal|p2b: Wo-Chien|100\/100|[from] item: Leftovers\n|-damage|p1b: Ceruledge|15\/100|[from] Leech Seed|[of] p2b: Wo-Chien\n|upkeep\n|inactive|YoungWillis has 30 seconds left.\n|inactive|YoungWillis has 20 seconds left.\n|inactive|YoungWillis has 15 seconds left.\n|inactive|YoungWillis has 10 seconds left.\n|inactive|YoungWillis has 5 seconds left.\n|\n|t:|1683739583\n|switch|p1a: Amoonguss|Amoonguss, L50, M|100\/100\n|turn|9\n|inactive|YoungWillis has 30 seconds left.\n|inactive|YoungWillis has 20 seconds left.\n|inactive|YoungWillis has 15 seconds left.\n|inactive|YoungWillis has 10 seconds left.\n|inactive|YoungWillis has 5 seconds left.\n|\n|t:|1683739638\n|move|p2a: Arcanine|Flare Blitz|p1a: Amoonguss\n|-supereffective|p1a: Amoonguss\n|-damage|p1a: Amoonguss|38\/100\n|-enditem|p1a: Amoonguss|Sitrus Berry|[eat]\n|-heal|p1a: Amoonguss|63\/100|[from] item: Sitrus Berry\n|-damage|p2a: Arcanine|0 fnt|[from] Recoil\n|faint|p2a: Arcanine\n|move|p1b: Ceruledge|Bitter Blade|p2b: Wo-Chien\n|-resisted|p2b: Wo-Chien\n|-damage|p2b: Wo-Chien|69\/100\n|-heal|p1b: Ceruledge|32\/100|[from] drain|[of] p2b: Wo-Chien\n|move|p2b: Wo-Chien|Ruination|p1b: Ceruledge\n|-damage|p1b: Ceruledge|16\/100\n|move|p1a: Amoonguss|Spore|p2b: Wo-Chien\n|-status|p2b: Wo-Chien|slp|[from] move: Spore\n|\n|-heal|p2b: Wo-Chien|75\/100 slp|[from] item: Leftovers\n|-damage|p1b: Ceruledge|4\/100|[from] Leech Seed|[of] p2b: Wo-Chien\n|-heal|p2b: Wo-Chien|86\/100 slp|[silent]\n|upkeep\n|\n|t:|1683739657\n|switch|p2a: Iron Hands|Iron Hands, L50|100\/100\n|turn|10\n|inactive|YoungWillis has 30 seconds left.\n|inactive|YoungWillis has 20 seconds left.\n|inactive|YoungWillis has 15 seconds left.\n|inactive|YoungWillis has 10 seconds left.\n|inactive|YoungWillis has 5 seconds left.\n|\n|t:|1683739712\n|move|p2a: Iron Hands|Fake Out|p1b: Ceruledge\n|-resisted|p1b: Ceruledge\n|-damage|p1b: Ceruledge|0 fnt\n|faint|p1b: Ceruledge\n|cant|p2b: Wo-Chien|slp\n|move|p1a: Amoonguss|Spore|p2b: Wo-Chien\n|-fail|p2b: Wo-Chien|slp\n|\n|-heal|p2b: Wo-Chien|93\/100 slp|[from] item: Leftovers\n|upkeep\n|turn|11\n|inactive|YoungWillis has 30 seconds left.\n|inactive|YoungWillis has 20 seconds left.\n|inactive|YoungWillis has 15 seconds left.\n|inactive|YoungWillis has 10 seconds left.\n|inactive|YoungWillis has 5 seconds left.\n|\n|t:|1683739767\n|-curestatus|p2b: Wo-Chien|slp|[msg]\n|move|p2b: Wo-Chien|Ruination|p1a: Amoonguss\n|-damage|p1a: Amoonguss|32\/100\n|move|p2a: Iron Hands|Wild Charge|p1a: Amoonguss\n|-resisted|p1a: Amoonguss\n|-damage|p1a: Amoonguss|14\/100\n|-damage|p2a: Iron Hands|96\/100|[from] Recoil\n|move|p1a: Amoonguss|Spore|p2b: Wo-Chien\n|-status|p2b: Wo-Chien|slp|[from] move: Spore\n|\n|-heal|p2b: Wo-Chien|99\/100 slp|[from] item: Leftovers\n|upkeep\n|turn|12\n|inactive|YoungWillis has 30 seconds left.\n|inactive|YoungWillis has 20 seconds left.\n|inactive|YoungWillis has 15 seconds left.\n|inactive|YoungWillis has 10 seconds left.\n|inactive|YoungWillis has 5 seconds left.\n|-message|YoungWillis lost due to inactivity.\n|\n|win|LegalWrights\n|raw|YoungWillis's rating: 1092 → 1073<\/strong> (-19 for losing)\n|raw|LegalWrights's rating: 1157 → 1177<\/strong> (+20 for winning)\n","uploadtime":1683739835,"views":13,"p1id":"youngwillis","p2id":"legalwrights","formatid":"gen9vgc2023regulationc","rating":1073,"private":0,"password":""}