{"id":"gen9vgc2023regulationc-1851156504","p1":"gorilnx","p2":"Wowo1994","format":"[Gen 9] VGC 2023 Regulation C","log":"|j|\u2606gorilnx\n|j|\u2606Wowo1994\n|t:|1682418334\n|gametype|doubles\n|player|p1|gorilnx|dawn-gen4pt|1114\n|player|p2|Wowo1994|1|1009\n|teamsize|p1|6\n|teamsize|p2|6\n|gen|9\n|tier|[Gen 9] VGC 2023 Regulation C\n|rated|\n|rule|Species Clause: Limit one of each Pok\u00e9mon\n|rule|Item Clause: Limit one of each item\n|clearpoke\n|poke|p1|Abomasnow, L50, M|\n|poke|p1|Iron Bundle, L50|\n|poke|p1|Vivillon-Fancy, L50, F|\n|poke|p1|Ting-Lu, L50|\n|poke|p1|Annihilape, L50, F|\n|poke|p1|Chien-Pao, L50|\n|poke|p2|Dachsbun, L50, F|\n|poke|p2|Iron Hands, L50|\n|poke|p2|Gothitelle, L50, F|\n|poke|p2|Chi-Yu, L50|\n|poke|p2|Kilowattrel, L50, F|\n|poke|p2|Ting-Lu, L50|\n|teampreview|4\n|inactive|Battle timer is ON: inactive players will automatically lose when time's up. (requested by gorilnx)\n|inactive|Wowo1994 has 60 seconds left.\n|\n|t:|1682418378\n|start\n|switch|p1a: Vivillon|Vivillon-Fancy, L50, F|100\/100\n|switch|p1b: Ting-Lu|Ting-Lu, L50|100\/100\n|switch|p2a: Dachsbun|Dachsbun, L50, F|100\/100\n|switch|p2b: Gothitelle|Gothitelle, L50, F|100\/100\n|-ability|p1b: Ting-Lu|Vessel of Ruin\n|turn|1\n|inactive|gorilnx has 30 seconds left.\n|inactive|Wowo1994 has 30 seconds left.\n|\n|t:|1682418411\n|move|p2b: Gothitelle|Protect|p2b: Gothitelle\n|-singleturn|p2b: Gothitelle|Protect\n|move|p1a: Vivillon|Rage Powder|p1a: Vivillon\n|-singleturn|p1a: Vivillon|move: Rage Powder\n|move|p2a: Dachsbun|Yawn|p1a: Vivillon\n|-start|p1a: Vivillon|move: Yawn|[of] p2a: Dachsbun\n|move|p1b: Ting-Lu|Earthquake|p2b: Gothitelle|[spread] p2a\n|-activate|p2b: Gothitelle|move: Protect\n|-immune|p1a: Vivillon\n|-damage|p2a: Dachsbun|52\/100\n|\n|upkeep\n|turn|2\n|inactive|Wowo1994 has 30 seconds left.\n|\n|t:|1682418443\n|move|p2a: Dachsbun|Protect|p2a: Dachsbun\n|-singleturn|p2a: Dachsbun|Protect\n|move|p1a: Vivillon|Safeguard|p1a: Vivillon\n|-sidestart|p1: gorilnx|Safeguard\n|move|p2b: Gothitelle|Psychic|p1a: Vivillon\n|-damage|p1a: Vivillon|54\/100\n|move|p1b: Ting-Lu|Earthquake|p2b: Gothitelle|[spread] p2b\n|-activate|p2a: Dachsbun|move: Protect\n|-immune|p1a: Vivillon\n|-damage|p2b: Gothitelle|53\/100\n|\n|-end|p1a: Vivillon|move: Yawn|[silent]\n|-status|p1a: Vivillon|slp\n|upkeep\n|turn|3\n|inactive|Wowo1994 has 30 seconds left.\n|inactive|Wowo1994 has 20 seconds left.\n|inactive|Wowo1994 has 15 seconds left.\n|\n|t:|1682418486\n|cant|p1a: Vivillon|slp\n|move|p2b: Gothitelle|Protect|p2b: Gothitelle\n|-singleturn|p2b: Gothitelle|Protect\n|move|p2a: Dachsbun|Play Rough|p1b: Ting-Lu\n|-supereffective|p1b: Ting-Lu\n|-crit|p1b: Ting-Lu\n|-damage|p1b: Ting-Lu|68\/100\n|move|p1b: Ting-Lu|Earthquake|p2a: Dachsbun|[spread] p2a\n|-activate|p2b: Gothitelle|move: Protect\n|-immune|p1a: Vivillon\n|-damage|p2a: Dachsbun|3\/100\n|\n|upkeep\n|turn|4\n|\n|t:|1682418507\n|move|p2a: Dachsbun|Protect|p2a: Dachsbun\n|-singleturn|p2a: Dachsbun|Protect\n|-curestatus|p1a: Vivillon|slp|[msg]\n|move|p1a: Vivillon|Rage Powder|p1a: Vivillon\n|-singleturn|p1a: Vivillon|move: Rage Powder\n|move|p2b: Gothitelle|Taunt|p1a: Vivillon\n|-start|p1a: Vivillon|move: Taunt\n|move|p1b: Ting-Lu|Earthquake|p2b: Gothitelle|[spread] p2b\n|-activate|p2a: Dachsbun|move: Protect\n|-immune|p1a: Vivillon\n|-damage|p2b: Gothitelle|4\/100\n|-enditem|p2b: Gothitelle|Sitrus Berry|[eat]\n|-heal|p2b: Gothitelle|29\/100|[from] item: Sitrus Berry\n|\n|upkeep\n|turn|5\n|inactive|Wowo1994 has 30 seconds left.\n|\n|t:|1682418535\n|move|p2b: Gothitelle|Protect|p2b: Gothitelle\n|-singleturn|p2b: Gothitelle|Protect\n|move|p1a: Vivillon|Pollen Puff|p1b: Ting-Lu\n|-heal|p1b: Ting-Lu|100\/100\n|move|p2a: Dachsbun|Play Rough|p1b: Ting-Lu\n|-supereffective|p1b: Ting-Lu\n|-damage|p1b: Ting-Lu|77\/100\n|move|p1b: Ting-Lu|Earthquake|p2b: Gothitelle|[spread] p2a\n|-activate|p2b: Gothitelle|move: Protect\n|-immune|p1a: Vivillon\n|-damage|p2a: Dachsbun|0 fnt\n|faint|p2a: Dachsbun\n|\n|upkeep\n|\n|t:|1682418553\n|switch|p2a: Ting-Lu|Ting-Lu, L50|100\/100\n|-ability|p2a: Ting-Lu|Vessel of Ruin\n|turn|6\n|\n|t:|1682418570\n|move|p1a: Vivillon|Pollen Puff|p2b: Gothitelle\n|-supereffective|p2b: Gothitelle\n|-damage|p2b: Gothitelle|0 fnt\n|faint|p2b: Gothitelle\n|move|p1b: Ting-Lu|Earthquake|p2a: Ting-Lu|[spread] p2a\n|-immune|p1a: Vivillon\n|-damage|p2a: Ting-Lu|69\/100\n|move|p2a: Ting-Lu|Rock Slide|p1b: Ting-Lu|[spread] p1a,p1b\n|-supereffective|p1a: Vivillon\n|-resisted|p1b: Ting-Lu\n|-damage|p1a: Vivillon|0 fnt\n|-damage|p1b: Ting-Lu|73\/100\n|faint|p1a: Vivillon\n|\n|-sideend|p1: gorilnx|Safeguard\n|upkeep\n|\n|t:|1682418587\n|switch|p1a: Abomasnow|Abomasnow, L50, M|100\/100\n|switch|p2b: Iron Hands|Iron Hands, L50|100\/100\n|-weather|Snow|[from] ability: Snow Warning|[of] p1a: Abomasnow\n|turn|7\n|\n|t:|1682418606\n|move|p1a: Abomasnow|Helping Hand|p1b: Ting-Lu\n|-singleturn|p1b: Ting-Lu|Helping Hand|[of] p1a: Abomasnow\n|move|p2b: Iron Hands|Fake Out|p1b: Ting-Lu\n|-damage|p1b: Ting-Lu|64\/100\n|cant|p1b: Ting-Lu|flinch\n|move|p2a: Ting-Lu|Heavy Slam|p1a: Abomasnow\n|-supereffective|p1a: Abomasnow\n|-damage|p1a: Abomasnow|51\/100\n|\n|-weather|Snow|[upkeep]\n|upkeep\n|turn|8\n|inactive|Wowo1994 has 30 seconds left.\n|\n|t:|1682418638\n|move|p1a: Abomasnow|Helping Hand|p1b: Ting-Lu\n|-singleturn|p1b: Ting-Lu|Helping Hand|[of] p1a: Abomasnow\n|move|p1b: Ting-Lu|Earthquake|p2b: Iron Hands|[spread] p1a,p2a,p2b\n|-resisted|p1a: Abomasnow\n|-supereffective|p2b: Iron Hands\n|-damage|p1a: Abomasnow|21\/100\n|-damage|p2a: Ting-Lu|23\/100\n|-damage|p2b: Iron Hands|0 fnt\n|faint|p2b: Iron Hands\n|-end|p2b: Iron Hands|Quark Drive|[silent]\n|move|p2a: Ting-Lu|Rock Slide|p1a: Abomasnow|[spread] p1a,p1b\n|-supereffective|p1a: Abomasnow\n|-resisted|p1b: Ting-Lu\n|-damage|p1a: Abomasnow|0 fnt\n|-damage|p1b: Ting-Lu|59\/100\n|faint|p1a: Abomasnow\n|\n|-weather|Snow|[upkeep]\n|upkeep\n|\n|t:|1682418654\n|switch|p1a: Iron Bundle|Iron Bundle, L50|100\/100\n|-enditem|p1a: Iron Bundle|Booster Energy\n|-activate|p1a: Iron Bundle|ability: Quark Drive|[fromitem]\n|-start|p1a: Iron Bundle|quarkdrivespe\n|turn|9\n|inactive|Wowo1994 has 30 seconds left.\n|-message|Wowo1994 forfeited.\n|\n|win|gorilnx\n|raw|gorilnx's rating: 1114 → 1132<\/strong> (+18 for winning)\n|raw|Wowo1994's rating: 1009 → 1001<\/strong> (-8 for losing)\n|l|\u2606Wowo1994\n","uploadtime":1682418692,"views":8,"p1id":"gorilnx","p2id":"wowo1994","formatid":"gen9vgc2023regulationc","rating":1001,"private":0,"password":""}