{"id":"gen9vgc2023regulationc-1852723809","p1":"Ricardo Randorez","p2":"SkylarStrikes","format":"[Gen 9] VGC 2023 Regulation C","log":"|j|\u2606Ricardo Randorez\n|j|\u2606SkylarStrikes\n|t:|1682600480\n|gametype|doubles\n|player|p1|Ricardo Randorez|265|1198\n|player|p2|SkylarStrikes|skyla|1141\n|teamsize|p1|6\n|teamsize|p2|6\n|gen|9\n|tier|[Gen 9] VGC 2023 Regulation C\n|rated|\n|rule|Species Clause: Limit one of each Pok\u00e9mon\n|rule|Item Clause: Limit one of each item\n|clearpoke\n|poke|p1|Pachirisu, L50, F|\n|poke|p1|Gholdengo, L50|\n|poke|p1|Azumarill, L50, M|\n|poke|p1|Chien-Pao, L50|\n|poke|p1|Dragonite, L50, M|\n|poke|p1|Brute Bonnet, L50|\n|poke|p2|Dragonite, L50, M|\n|poke|p2|Chien-Pao, L50|\n|poke|p2|Azumarill, L50, M|\n|poke|p2|Arcanine, L50, M|\n|poke|p2|Flutter Mane, L50|\n|poke|p2|Amoonguss, L50, M|\n|teampreview|4\n|inactive|Battle timer is ON: inactive players will automatically lose when time's up. (requested by SkylarStrikes)\n|\n|t:|1682600517\n|start\n|switch|p1a: Dragonite|Dragonite, L50, M|100\/100\n|switch|p1b: Brute Bonnet|Brute Bonnet, L50|100\/100\n|switch|p2a: Amoonguss|Amoonguss, L50, M|100\/100\n|switch|p2b: Chien-Pao|Chien-Pao, L50|100\/100\n|-ability|p2b: Chien-Pao|Sword of Ruin\n|turn|1\n|inactive|Ricardo Randorez has 30 seconds left.\n|\n|t:|1682600545\n|-terastallize|p1a: Dragonite|Normal\n|move|p2b: Chien-Pao|Ice Spinner|p1b: Brute Bonnet\n|-supereffective|p1b: Brute Bonnet\n|-damage|p1b: Brute Bonnet|13\/100\n|-enditem|p1b: Brute Bonnet|Aguav Berry|[eat]\n|-heal|p1b: Brute Bonnet|46\/100|[from] item: Aguav Berry\n|move|p1a: Dragonite|Tailwind|p1a: Dragonite\n|-sidestart|p1: Ricardo Randorez|move: Tailwind\n|move|p1b: Brute Bonnet|Spore|p2b: Chien-Pao\n|-status|p2b: Chien-Pao|slp|[from] move: Spore\n|move|p2a: Amoonguss|Spore|p1a: Dragonite\n|-status|p1a: Dragonite|slp|[from] move: Spore\n|\n|upkeep\n|turn|2\n|inactive|Ricardo Randorez has 30 seconds left.\n|\n|t:|1682600572\n|cant|p2b: Chien-Pao|slp\n|cant|p1a: Dragonite|slp\n|move|p1b: Brute Bonnet|Close Combat|p2a: Amoonguss\n|-resisted|p2a: Amoonguss\n|-damage|p2a: Amoonguss|76\/100\n|-unboost|p1b: Brute Bonnet|def|1\n|-unboost|p1b: Brute Bonnet|spd|1\n|move|p2a: Amoonguss|Pollen Puff|p1b: Brute Bonnet\n|-supereffective|p1b: Brute Bonnet\n|-damage|p1b: Brute Bonnet|0 fnt\n|faint|p1b: Brute Bonnet\n|-end|p1b: Brute Bonnet|Protosynthesis|[silent]\n|\n|upkeep\n|\n|t:|1682600582\n|switch|p1b: Chien-Pao|Chien-Pao, L50|100\/100\n|-ability|p1b: Chien-Pao|Sword of Ruin\n|turn|3\n|\n|t:|1682600593\n|-curestatus|p2b: Chien-Pao|slp|[msg]\n|move|p2b: Chien-Pao|Protect|p2b: Chien-Pao\n|-singleturn|p2b: Chien-Pao|Protect\n|cant|p1a: Dragonite|slp\n|move|p1b: Chien-Pao|Ice Spinner|p2a: Amoonguss\n|-supereffective|p2a: Amoonguss\n|-damage|p2a: Amoonguss|0 fnt\n|faint|p2a: Amoonguss\n|\n|upkeep\n|\n|t:|1682600606\n|switch|p2a: Flutter Mane|Flutter Mane, L50|100\/100\n|-enditem|p2a: Flutter Mane|Booster Energy\n|-activate|p2a: Flutter Mane|ability: Protosynthesis|[fromitem]\n|-start|p2a: Flutter Mane|protosynthesisspa\n|turn|4\n|\n|t:|1682600616\n|move|p1b: Chien-Pao|Protect|p1b: Chien-Pao\n|-singleturn|p1b: Chien-Pao|Protect\n|-curestatus|p1a: Dragonite|slp|[msg]\n|move|p1a: Dragonite|Iron Head|p2a: Flutter Mane\n|-supereffective|p2a: Flutter Mane\n|-damage|p2a: Flutter Mane|0 fnt\n|faint|p2a: Flutter Mane\n|-end|p2a: Flutter Mane|Protosynthesis|[silent]\n|-damage|p1a: Dragonite|91\/100|[from] item: Life Orb\n|move|p2b: Chien-Pao|Sacred Sword|p1a: Dragonite\n|-supereffective|p1a: Dragonite\n|-damage|p1a: Dragonite|11\/100\n|\n|-sideend|p1: Ricardo Randorez|move: Tailwind\n|upkeep\n|\n|t:|1682600630\n|switch|p2a: Dragonite|Dragonite, L50, M|100\/100\n|turn|5\n|\n|t:|1682600645\n|move|p1a: Dragonite|Extreme Speed|p2b: Chien-Pao\n|-damage|p2b: Chien-Pao|20\/100\n|-damage|p1a: Dragonite|1\/100|[from] item: Life Orb\n|move|p2a: Dragonite|Extreme Speed|p1a: Dragonite\n|-damage|p1a: Dragonite|0 fnt\n|faint|p1a: Dragonite\n|move|p1b: Chien-Pao|Ice Spinner|p2a: Dragonite\n|-supereffective|p2a: Dragonite\n|-damage|p2a: Dragonite|0 fnt\n|faint|p2a: Dragonite\n|move|p2b: Chien-Pao|Sacred Sword|p1b: Chien-Pao\n|-supereffective|p1b: Chien-Pao\n|-enditem|p1b: Chien-Pao|Focus Sash\n|-damage|p1b: Chien-Pao|1\/100\n|\n|upkeep\n|\n|t:|1682600661\n|switch|p1a: Gholdengo|Gholdengo, L50|100\/100\n|turn|6\n|-message|SkylarStrikes forfeited.\n|\n|win|Ricardo Randorez\n|raw|Ricardo Randorez's rating: 1198 → 1219<\/strong> (+21 for winning)\n|raw|SkylarStrikes's rating: 1141 → 1120<\/strong> (-21 for losing)\n|l|\u2606SkylarStrikes\n","uploadtime":1682600668,"views":10,"p1id":"ricardorandorez","p2id":"skylarstrikes","formatid":"gen9vgc2023regulationc","rating":1120,"private":0,"password":""}