{"id":"gen9vgc2023regulationc-1851178529","p1":"Ujan_Ujon","p2":"Trevmer","format":"[Gen 9] VGC 2023 Regulation C","log":"|j|\u2606Ujan_Ujon\n|j|\u2606Trevmer\n|t:|1682421515\n|gametype|doubles\n|player|p1|Ujan_Ujon|266|1084\n|player|p2|Trevmer|marlon|1110\n|teamsize|p1|6\n|teamsize|p2|6\n|gen|9\n|tier|[Gen 9] VGC 2023 Regulation C\n|rated|\n|rule|Species Clause: Limit one of each Pok\u00e9mon\n|rule|Item Clause: Limit one of each item\n|clearpoke\n|poke|p1|Sandy Shocks, L50|\n|poke|p1|Espathra, L50, F|\n|poke|p1|Flutter Mane, L50|\n|poke|p1|Chi-Yu, L50|\n|poke|p1|Kilowattrel, L50, M|\n|poke|p1|Baxcalibur, L50, F|\n|poke|p2|Pelipper, L50, F|\n|poke|p2|Gastrodon, L50, M|\n|poke|p2|Drednaw, L50, M|\n|poke|p2|Bruxish, L50, M|\n|poke|p2|Tauros-Paldea-Aqua, L50, M|\n|poke|p2|Iron Bundle, L50|\n|teampreview|4\n|inactive|Battle timer is ON: inactive players will automatically lose when time's up. (requested by Ujan_Ujon)\n|\n|t:|1682421543\n|start\n|switch|p1a: Sandy Shocks|Sandy Shocks, L50|100\/100\n|switch|p1b: Espathra|Espathra, L50, F|100\/100\n|switch|p2a: Bruxish|Bruxish, L50, M|100\/100\n|switch|p2b: Pelipper|Pelipper, L50, F|100\/100\n|-weather|RainDance|[from] ability: Drizzle|[of] p2b: Pelipper\n|-enditem|p1a: Sandy Shocks|Booster Energy\n|-activate|p1a: Sandy Shocks|ability: Protosynthesis|[fromitem]\n|-start|p1a: Sandy Shocks|protosynthesisspe\n|turn|1\n|inactive|Trevmer has 30 seconds left.\n|\n|t:|1682421570\n|switch|p2b: Gastrodon|Gastrodon, L50, M|100\/100\n|move|p1a: Sandy Shocks|Gravity|p1a: Sandy Shocks\n|-fieldstart|move: Gravity\n|move|p1b: Espathra|Hypnosis|p2a: Bruxish\n|-status|p2a: Bruxish|slp|[from] move: Hypnosis\n|cant|p2a: Bruxish|slp\n|\n|-weather|RainDance|[upkeep]\n|-ability|p1b: Espathra|Speed Boost|boost\n|-boost|p1b: Espathra|spe|1\n|upkeep\n|turn|2\n|inactive|Trevmer has 30 seconds left.\n|\n|t:|1682421601\n|move|p1b: Espathra|Hypnosis|p2b: Gastrodon\n|-status|p2b: Gastrodon|slp|[from] move: Hypnosis\n|move|p1a: Sandy Shocks|Thunder|p2a: Bruxish\n|-supereffective|p2a: Bruxish\n|-enditem|p2a: Bruxish|Focus Sash\n|-damage|p2a: Bruxish|1\/100 slp\n|cant|p2b: Gastrodon|slp\n|-curestatus|p2a: Bruxish|slp|[msg]\n|move|p2a: Bruxish|Trick Room|p2a: Bruxish\n|-fieldstart|move: Trick Room|[of] p2a: Bruxish\n|\n|-weather|RainDance|[upkeep]\n|-ability|p1b: Espathra|Speed Boost|boost\n|-boost|p1b: Espathra|spe|1\n|upkeep\n|turn|3\n|\n|t:|1682421625\n|cant|p2b: Gastrodon|slp\n|move|p1a: Sandy Shocks|Earth Power|p2b: Gastrodon\n|-crit|p2b: Gastrodon\n|-damage|p2b: Gastrodon|50\/100 slp\n|move|p1b: Espathra|Hypnosis|p2a: Bruxish\n|-status|p2a: Bruxish|slp|[from] move: Hypnosis\n|cant|p2a: Bruxish|slp\n|\n|-weather|RainDance|[upkeep]\n|-ability|p1b: Espathra|Speed Boost|boost\n|-boost|p1b: Espathra|spe|1\n|upkeep\n|turn|4\n|inactive|Trevmer has 30 seconds left.\n|\n|t:|1682421657\n|-curestatus|p2b: Gastrodon|slp|[msg]\n|move|p2b: Gastrodon|Muddy Water|p1a: Sandy Shocks|[spread] p1a,p1b\n|-supereffective|p1a: Sandy Shocks\n|-damage|p1a: Sandy Shocks|0 fnt\n|-damage|p1b: Espathra|31\/100\n|faint|p1a: Sandy Shocks\n|-end|p1a: Sandy Shocks|Protosynthesis|[silent]\n|-curestatus|p2a: Bruxish|slp|[msg]\n|move|p2a: Bruxish|Taunt|p1b: Espathra\n|-start|p1b: Espathra|move: Taunt\n|move|p1b: Espathra|Lumina Crash|p2b: Gastrodon\n|-damage|p2b: Gastrodon|16\/100\n|-unboost|p2b: Gastrodon|spd|2\n|\n|-weather|RainDance|[upkeep]\n|-ability|p1b: Espathra|Speed Boost|boost\n|-boost|p1b: Espathra|spe|1\n|upkeep\n|\n|t:|1682421673\n|switch|p1a: Flutter Mane|Flutter Mane, L50|100\/100\n|turn|5\n|inactive|Ujan_Ujon has 30 seconds left.\n|\n|t:|1682421703\n|switch|p1b: Baxcalibur|Baxcalibur, L50, F|100\/100\n|move|p2a: Bruxish|Aqua Jet|p2b: Gastrodon\n|-ability|p2b: Gastrodon|Storm Drain|boost\n|-boost|p2b: Gastrodon|spa|1\n|move|p2b: Gastrodon|Muddy Water|p1a: Flutter Mane|[spread] p1a,p1b\n|-resisted|p1b: Baxcalibur\n|-damage|p1a: Flutter Mane|37\/100\n|-damage|p1b: Baxcalibur|73\/100\n|move|p1a: Flutter Mane|Dazzling Gleam|p2b: Gastrodon|[spread] p2a,p2b\n|-damage|p2a: Bruxish|0 fnt\n|-damage|p2b: Gastrodon|0 fnt\n|faint|p2a: Bruxish\n|faint|p2b: Gastrodon\n|\n|-weather|RainDance|[upkeep]\n|-fieldend|move: Gravity\n|upkeep\n|\n|t:|1682421715\n|switch|p2b: Drednaw|Drednaw, L50, M|100\/100\n|switch|p2a: Pelipper|Pelipper, L50, F|100\/100\n|turn|6\n|inactive|Ujan_Ujon has 30 seconds left.\n|\n|t:|1682421747\n|-end|p1a: Flutter Mane|Protosynthesis|[silent]\n|switch|p1a: Espathra|Espathra, L50, F|31\/100\n|move|p2a: Pelipper|Wide Guard|p2a: Pelipper\n|-singleturn|p2a: Pelipper|Wide Guard\n|move|p1b: Baxcalibur|Glaive Rush|p2a: Pelipper\n|-damage|p2a: Pelipper|38\/100\n|-singlemove|p1b: Baxcalibur|Glaive Rush|[silent]\n|move|p2b: Drednaw|Rock Slide|p1a: Espathra|[spread] p1a,p1b\n|-supereffective|p1b: Baxcalibur\n|-damage|p1a: Espathra|0 fnt\n|-damage|p1b: Baxcalibur|0 fnt\n|faint|p1a: Espathra\n|faint|p1b: Baxcalibur\n|\n|-weather|RainDance|[upkeep]\n|-fieldend|move: Trick Room\n|upkeep\n|\n|t:|1682421759\n|switch|p1b: Flutter Mane|Flutter Mane, L50|37\/100\n|turn|7\n|inactive|Trevmer has 30 seconds left.\n|\n|t:|1682421790\n|-terastallize|p1b: Flutter Mane|Fairy\n|move|p2b: Drednaw|Liquidation|p1b: Flutter Mane\n|-damage|p1b: Flutter Mane|0 fnt\n|faint|p1b: Flutter Mane\n|-end|p1b: Flutter Mane|Protosynthesis|[silent]\n|\n|win|Trevmer\n|raw|Ujan_Ujon's rating: 1084 → 1063<\/strong> (-21 for losing)\n|raw|Trevmer's rating: 1110 → 1133<\/strong> (+23 for winning)\n|l|\u2606Trevmer\n","uploadtime":1682421806,"views":8,"p1id":"ujanujon","p2id":"trevmer","formatid":"gen9vgc2023regulationc","rating":1063,"private":0,"password":""}