{"id":"gen9vgc2023regulationc-1855511443","p1":"DukeSlippers","p2":"adrpen","format":"[Gen 9] VGC 2023 Regulation C","log":"|j|\u2606DukeSlippers\n|j|\u2606adrpen\n|t:|1682957967\n|gametype|doubles\n|player|p1|DukeSlippers|170|1047\n|player|p2|adrpen|preschooler|1000\n|teamsize|p1|6\n|teamsize|p2|6\n|gen|9\n|tier|[Gen 9] VGC 2023 Regulation C\n|rated|\n|rule|Species Clause: Limit one of each Pok\u00e9mon\n|rule|Item Clause: Limit one of each item\n|clearpoke\n|poke|p1|Mimikyu, L50, F|\n|poke|p1|Lycanroc-Midnight, L50, F|\n|poke|p1|Dondozo, L50, M|\n|poke|p1|Medicham, L50, F|\n|poke|p1|Tatsugiri-Stretchy, L50, M|\n|poke|p1|Ting-Lu, L50|\n|poke|p2|Amoonguss, L50, M|\n|poke|p2|Palafin, L50, M|\n|poke|p2|Iron Hands, L50|\n|poke|p2|Arcanine, L50, M|\n|poke|p2|Flutter Mane, L50|\n|poke|p2|Dragonite, L50, M|\n|teampreview|4\n|\n|t:|1682958016\n|start\n|switch|p1a: Medicham|Medicham, L50, F|100\/100\n|switch|p1b: Mimikyu|Mimikyu, L50, F|100\/100\n|switch|p2a: Amoonguss|Amoonguss, L50, M, shiny|100\/100\n|switch|p2b: Iron Hands|Iron Hands, L50, shiny|100\/100\n|turn|1\n|\n|t:|1682958048\n|move|p1a: Medicham|Fake Out|p2a: Amoonguss\n|-damage|p2a: Amoonguss|85\/100\n|-damage|p1a: Medicham|84\/100|[from] item: Rocky Helmet|[of] p2a: Amoonguss\n|move|p2b: Iron Hands|Fake Out|p1a: Medicham\n|-damage|p1a: Medicham|61\/100\n|cant|p2a: Amoonguss|flinch\n|move|p1b: Mimikyu|Trick Room|p1b: Mimikyu\n|-fieldstart|move: Trick Room|[of] p1b: Mimikyu\n|\n|upkeep\n|turn|2\n|\n|t:|1682958078\n|switch|p1b: Ting-Lu|Ting-Lu, L50|100\/100\n|-ability|p1b: Ting-Lu|Vessel of Ruin\n|switch|p1a: Lycanroc|Lycanroc-Midnight, L50, F|100\/100\n|move|p2a: Amoonguss|Spore|p1b: Ting-Lu\n|-status|p1b: Ting-Lu|slp|[from] move: Spore\n|move|p2b: Iron Hands|Drain Punch|p1a: Lycanroc\n|-supereffective|p1a: Lycanroc\n|-damage|p1a: Lycanroc|0 fnt\n|faint|p1a: Lycanroc\n|\n|upkeep\n|\n|t:|1682958105\n|switch|p1a: Mimikyu|Mimikyu, L50, F|100\/100\n|turn|3\n|\n|t:|1682958124\n|move|p2a: Amoonguss|Spore|p1a: Mimikyu\n|-status|p1a: Mimikyu|slp|[from] move: Spore\n|cant|p1b: Ting-Lu|slp\n|move|p2b: Iron Hands|Drain Punch|p1b: Ting-Lu\n|-supereffective|p1b: Ting-Lu\n|-damage|p1b: Ting-Lu|49\/100 slp\n|cant|p1a: Mimikyu|slp\n|\n|upkeep\n|turn|4\n|\n|t:|1682958144\n|switch|p2a: Dragonite|Dragonite, L50, M|100\/100\n|cant|p1b: Ting-Lu|slp\n|move|p2b: Iron Hands|Drain Punch|p1b: Ting-Lu\n|-supereffective|p1b: Ting-Lu\n|-damage|p1b: Ting-Lu|3\/100 slp\n|cant|p1a: Mimikyu|slp\n|\n|upkeep\n|turn|5\n|\n|t:|1682958159\n|move|p2a: Dragonite|Extreme Speed|p1b: Ting-Lu\n|-damage|p1b: Ting-Lu|0 fnt\n|faint|p1b: Ting-Lu\n|cant|p1a: Mimikyu|slp\n|move|p2b: Iron Hands|Heavy Slam|p1a: Mimikyu\n|-activate|p1a: Mimikyu|ability: Disguise\n|-damage|p1a: Mimikyu|100\/100 slp\n|detailschange|p1a: Mimikyu|Mimikyu-Busted, L50, F\n|-damage|p1a: Mimikyu|89\/100 slp|[from] pokemon: Mimikyu-Busted\n|\n|-fieldend|move: Trick Room\n|upkeep\n|\n|t:|1682958170\n|switch|p1b: Medicham|Medicham, L50, F|61\/100\n|turn|6\n|\n|t:|1682958192\n|move|p1b: Medicham|Fake Out|p2a: Dragonite\n|-damage|p2a: Dragonite|90\/100\n|cant|p2a: Dragonite|flinch\n|-curestatus|p1a: Mimikyu|slp|[msg]\n|move|p1a: Mimikyu|Play Rough|p2b: Iron Hands\n|-supereffective|p2b: Iron Hands\n|-damage|p2b: Iron Hands|29\/100\n|-damage|p1a: Mimikyu|79\/100|[from] item: Life Orb\n|move|p2b: Iron Hands|Heavy Slam|p1a: Mimikyu\n|-supereffective|p1a: Mimikyu\n|-damage|p1a: Mimikyu|0 fnt\n|faint|p1a: Mimikyu\n|\n|upkeep\n|turn|7\n|\n|t:|1682958214\n|-terastallize|p1b: Medicham|Ghost\n|move|p2a: Dragonite|Extreme Speed|p1b: Medicham\n|-immune|p1b: Medicham\n|move|p1b: Medicham|Close Combat|p2b: Iron Hands\n|-damage|p2b: Iron Hands|0 fnt\n|-unboost|p1b: Medicham|def|1\n|-unboost|p1b: Medicham|spd|1\n|faint|p2b: Iron Hands\n|-end|p2b: Iron Hands|Quark Drive|[silent]\n|\n|upkeep\n|\n|t:|1682958225\n|switch|p2b: Palafin|Palafin, L50, M, shiny|100\/100\n|turn|8\n|\n|t:|1682958235\n|move|p2b: Palafin|Protect|p2b: Palafin\n|-singleturn|p2b: Palafin|Protect\n|move|p1b: Medicham|Close Combat|p2a: Dragonite\n|-resisted|p2a: Dragonite\n|-damage|p2a: Dragonite|47\/100\n|-unboost|p1b: Medicham|def|1\n|-unboost|p1b: Medicham|spd|1\n|move|p2a: Dragonite|Earthquake|p1b: Medicham|[spread] p1b\n|-activate|p2b: Palafin|move: Protect\n|-damage|p1b: Medicham|0 fnt\n|faint|p1b: Medicham\n|\n|win|adrpen\n|raw|DukeSlippers's rating: 1047 → 1028<\/strong> (-19 for losing)\n|raw|adrpen's rating: 1000 → 1045<\/strong> (+45 for winning)\n|l|\u2606DukeSlippers\n","uploadtime":1682958253,"views":15,"p1id":"dukeslippers","p2id":"adrpen","formatid":"gen9vgc2023regulationc","rating":1028,"private":0,"password":""}