{"id":"gen9vgc2023regulationc-1859173180","p1":"Topical Rainstorm","p2":"Caelthefruit","format":"[Gen 9] VGC 2023 Regulation C","log":"|j|\u2606Topical Rainstorm\n|j|\u2606Caelthefruit\n|t:|1683413483\n|gametype|doubles\n|player|p1|Topical Rainstorm|zinzolin|\n|player|p2|Caelthefruit|red|\n|teamsize|p1|6\n|teamsize|p2|6\n|gen|9\n|tier|[Gen 9] VGC 2023 Regulation C\n|rule|Species Clause: Limit one of each Pok\u00e9mon\n|rule|Item Clause: Limit one of each item\n|clearpoke\n|poke|p1|Palafin, L50, F|\n|poke|p1|Tatsugiri-Stretchy, L50, F|\n|poke|p1|Iron Bundle, L50|\n|poke|p1|Arcanine, L50, F|\n|poke|p1|Amoonguss, L50, M|\n|poke|p1|Flutter Mane, L50|\n|poke|p2|Crabominable, L50, F|\n|poke|p2|Honchkrow, L50, F|\n|poke|p2|Amoonguss, L50, M|\n|poke|p2|Flamigo, L50, M|\n|poke|p2|Iron Hands, L50|\n|poke|p2|Grimmsnarl, L50, M|\n|teampreview|4\n|inactive|Battle timer is ON: inactive players will automatically lose when time's up. (requested by Topical Rainstorm)\n|\n|t:|1683413497\n|start\n|switch|p1a: Palafin|Palafin, L50, F, shiny|100\/100\n|switch|p1b: Amoonguss|Amoonguss, L50, M, shiny|100\/100\n|switch|p2a: Crabominable|Crabominable, L50, F, shiny|100\/100\n|switch|p2b: Honchkrow|Honchkrow, L50, F, shiny|100\/100\n|turn|1\n|inactive|Caelthefruit has 30 seconds left.\n|inactive|Caelthefruit has 20 seconds left.\n|inactive|Caelthefruit has 15 seconds left.\n|inactive|Caelthefruit has 10 seconds left.\n|\n|t:|1683413544\n|move|p1a: Palafin|Haze|p1a: Palafin\n|-clearallboost\n|move|p2b: Honchkrow|Night Slash|p2a: Crabominable\n|-resisted|p2a: Crabominable\n|-crit|p2a: Crabominable\n|-damage|p2a: Crabominable|80\/100\n|-setboost|p2a: Crabominable|atk|6|[from] ability: Anger Point\n|move|p2a: Crabominable|Ice Hammer|p1b: Amoonguss\n|-supereffective|p1b: Amoonguss\n|-damage|p1b: Amoonguss|0 fnt\n|-unboost|p2a: Crabominable|spe|1\n|-status|p2a: Crabominable|psn|[from] ability: Effect Spore|[of] p1b: Amoonguss\n|faint|p1b: Amoonguss\n|\n|-damage|p2a: Crabominable|68\/100 psn|[from] psn\n|upkeep\n|\n|t:|1683413549\n|switch|p1b: Flutter Mane|Flutter Mane, L50|100\/100\n|turn|2\n|\n|t:|1683413573\n|switch|p2b: Flamigo|Flamigo, L50, M, shiny|100\/100\n|-copyboost|p2b: Flamigo|p2a: Crabominable|[from] ability: Costar\n|move|p1b: Flutter Mane|Moonblast|p2b: Flamigo\n|-supereffective|p2b: Flamigo\n|-damage|p2b: Flamigo|0 fnt\n|faint|p2b: Flamigo\n|move|p1a: Palafin|Haze|p1a: Palafin\n|-clearallboost\n|move|p2a: Crabominable|Earthquake|p1a: Palafin|[spread] p1a,p1b\n|-damage|p1a: Palafin|69\/100\n|-damage|p1b: Flutter Mane|34\/100\n|\n|-damage|p2a: Crabominable|56\/100 psn|[from] psn\n|upkeep\n|\n|t:|1683413589\n|switch|p2b: Honchkrow|Honchkrow, L50, F, shiny|100\/100\n|turn|3\n|c|\u2606Topical Rainstorm|Only reason ive been leading palafin was to predict the homchkrow\n|c|\u2606Topical Rainstorm|XD\n|\n|t:|1683413608\n|move|p1a: Palafin|Jet Punch|p2a: Crabominable\n|-damage|p2a: Crabominable|26\/100 psn\n|move|p1b: Flutter Mane|Moonblast|p2a: Crabominable\n|-supereffective|p2a: Crabominable\n|-damage|p2a: Crabominable|0 fnt\n|faint|p2a: Crabominable\n|move|p2b: Honchkrow|Night Slash|p2: Crabominable|[notarget]\n|-fail|p2b: Honchkrow\n|\n|upkeep\n|\n|t:|1683413618\n|switch|p2a: Amoonguss|Amoonguss, L50, M, shiny|100\/100\n|turn|4\n|\n|t:|1683413639\n|-terastallize|p2b: Honchkrow|Steel\n|move|p1b: Flutter Mane|Moonblast|p2b: Honchkrow\n|-resisted|p2b: Honchkrow\n|-damage|p2b: Honchkrow|70\/100\n|move|p1a: Palafin|Wave Crash|p2a: Amoonguss\n|-resisted|p2a: Amoonguss\n|-crit|p2a: Amoonguss\n|-damage|p2a: Amoonguss|63\/100\n|-damage|p1a: Palafin|56\/100|[from] Recoil\n|move|p2b: Honchkrow|Tailwind|p2b: Honchkrow\n|-sidestart|p2: Caelthefruit|move: Tailwind\n|move|p2a: Amoonguss|Spore|p1b: Flutter Mane\n|-status|p1b: Flutter Mane|slp|[from] move: Spore\n|\n|-heal|p2a: Amoonguss|69\/100|[from] item: Leftovers\n|upkeep\n|turn|5\n|inactive|Caelthefruit has 30 seconds left.\n|\n|t:|1683413667\n|cant|p1b: Flutter Mane|slp\n|move|p2b: Honchkrow|Night Slash|p1a: Palafin\n|-crit|p1a: Palafin\n|-damage|p1a: Palafin|15\/100\n|move|p1a: Palafin|Wave Crash|p2a: Amoonguss\n|-resisted|p2a: Amoonguss\n|-damage|p2a: Amoonguss|42\/100\n|-status|p1a: Palafin|par|[from] ability: Effect Spore|[of] p2a: Amoonguss\n|-damage|p1a: Palafin|6\/100 par|[from] Recoil\n|move|p2a: Amoonguss|Spore||[still]\n|-fail|p2a: Amoonguss\n|\n|-heal|p2a: Amoonguss|48\/100|[from] item: Leftovers\n|upkeep\n|turn|6\n|\n|t:|1683413692\n|cant|p1a: Palafin|par\n|cant|p1b: Flutter Mane|slp\n|move|p2b: Honchkrow|Night Slash|p1a: Palafin\n|-crit|p1a: Palafin\n|-damage|p1a: Palafin|0 fnt\n|faint|p1a: Palafin\n|move|p2a: Amoonguss|Pollen Puff|p1b: Flutter Mane\n|-resisted|p1b: Flutter Mane\n|-damage|p1b: Flutter Mane|30\/100 slp\n|\n|-heal|p2a: Amoonguss|54\/100|[from] item: Leftovers\n|upkeep\n|\n|t:|1683413705\n|switch|p1a: Iron Bundle|Iron Bundle, L50|100\/100\n|-enditem|p1a: Iron Bundle|Booster Energy\n|-activate|p1a: Iron Bundle|ability: Quark Drive|[fromitem]\n|-start|p1a: Iron Bundle|quarkdrivespe\n|turn|7\n|\n|t:|1683413714\n|-terastallize|p1a: Iron Bundle|Steel\n|move|p1a: Iron Bundle|Freeze-Dry|p2a: Amoonguss\n|-supereffective|p2a: Amoonguss\n|-damage|p2a: Amoonguss|0 fnt\n|faint|p2a: Amoonguss\n|-curestatus|p1b: Flutter Mane|slp|[msg]\n|move|p1b: Flutter Mane|Mystical Fire|p2b: Honchkrow\n|-supereffective|p2b: Honchkrow\n|-damage|p2b: Honchkrow|0 fnt\n|faint|p2b: Honchkrow\n|\n|win|Topical Rainstorm\n|c|\u2606Topical Rainstorm|Gg\n|l|\u2606Caelthefruit\n","uploadtime":1683413731,"views":7,"p1id":"topicalrainstorm","p2id":"caelthefruit","formatid":"gen9vgc2023regulationc","rating":0,"private":0,"password":""}