{"id":"gen9vgc2023regulationc-1859073156","p1":"SpadesHS","p2":"Nightfront","format":"[Gen 9] VGC 2023 Regulation C","log":"|j|\u2606SpadesHS\n|j|\u2606Nightfront\n|t:|1683401226\n|gametype|doubles\n|player|p1|SpadesHS|n|\n|player|p2|Nightfront|winona-gen6|\n|teamsize|p1|6\n|teamsize|p2|6\n|gen|9\n|tier|[Gen 9] VGC 2023 Regulation C\n|rule|Species Clause: Limit one of each Pok\u00e9mon\n|rule|Item Clause: Limit one of each item\n|clearpoke\n|poke|p1|Amoonguss, L50, F|\n|poke|p1|Palafin, L50, M|\n|poke|p1|Arcanine, L50, F|\n|poke|p1|Ting-Lu, L50|\n|poke|p1|Kingambit, L50, M|\n|poke|p1|Flutter Mane, L50|\n|poke|p2|Iron Treads, L50|\n|poke|p2|Hydreigon, L50, M|\n|poke|p2|Pawmot, L50, M|\n|poke|p2|Slowking, L50, M|\n|poke|p2|Arboliva, L50, M|\n|poke|p2|Glalie, L50, M|\n|teampreview|4\n|\n|t:|1683401246\n|start\n|switch|p1a: Fun Police|Arcanine, L50, F|100\/100\n|switch|p1b: Tiki|Ting-Lu, L50|100\/100\n|switch|p2a: Hydreigon|Hydreigon, L50, M|100\/100\n|switch|p2b: Iron Treads|Iron Treads, L50|100\/100\n|-ability|p1a: Fun Police|Intimidate|boost\n|-unboost|p2a: Hydreigon|atk|1\n|-fail|p2b: Iron Treads|unboost|[from] item: Clear Amulet|[of] p2b: Iron Treads\n|-ability|p1b: Tiki|Vessel of Ruin\n|turn|1\n|\n|t:|1683401258\n|-terastallize|p1a: Fun Police|Flying\n|move|p2b: Iron Treads|Protect|p2b: Iron Treads\n|-singleturn|p2b: Iron Treads|Protect\n|move|p1a: Fun Police|Howl|p1a: Fun Police|[spread] p1a,p1b\n|-boost|p1a: Fun Police|atk|1\n|-boost|p1b: Tiki|atk|1\n|move|p2a: Hydreigon|Heat Wave|p1b: Tiki|[spread] p1a,p1b\n|-damage|p1a: Fun Police|82\/100\n|-damage|p1b: Tiki|91\/100\n|move|p1b: Tiki|Earthquake|p2b: Iron Treads|[spread] \n|-activate|p2b: Iron Treads|move: Protect\n|-immune|p1a: Fun Police\n|-immune|p2a: Hydreigon|[from] ability: Levitate\n|\n|upkeep\n|turn|2\n|\n|t:|1683401278\n|move|p2b: Iron Treads|Iron Head|p1b: Tiki\n|-damage|p1b: Tiki|65\/100\n|move|p1a: Fun Police|Flare Blitz|p2b: Iron Treads\n|-supereffective|p2b: Iron Treads\n|-damage|p2b: Iron Treads|0 fnt\n|faint|p2b: Iron Treads\n|-end|p2b: Iron Treads|Quark Drive|[silent]\n|-damage|p1a: Fun Police|54\/100|[from] Recoil\n|move|p2a: Hydreigon|Draco Meteor|p1a: Fun Police|[miss]\n|-miss|p2a: Hydreigon|p1a: Fun Police\n|move|p1b: Tiki|Ruination|p2a: Hydreigon\n|-damage|p2a: Hydreigon|51\/100\n|\n|upkeep\n|\n|t:|1683401285\n|switch|p2b: Pawmot|Pawmot, L50, M|100\/100\n|turn|3\n|\n|t:|1683401297\n|move|p2b: Pawmot|Fake Out|p1b: Tiki\n|-damage|p1b: Tiki|56\/100\n|move|p1a: Fun Police|Extreme Speed|p2a: Hydreigon\n|-damage|p2a: Hydreigon|19\/100\n|move|p2a: Hydreigon|Draco Meteor|p1a: Fun Police\n|-damage|p1a: Fun Police|2\/100\n|-unboost|p2a: Hydreigon|spa|2\n|cant|p1b: Tiki|flinch\n|\n|upkeep\n|turn|4\n|\n|t:|1683401309\n|switch|p2a: Glalie|Glalie, L50, M|100\/100\n|move|p1a: Fun Police|Extreme Speed|p2b: Pawmot\n|-damage|p2b: Pawmot|39\/100\n|move|p2b: Pawmot|Close Combat|p1b: Tiki\n|-supereffective|p1b: Tiki\n|-damage|p1b: Tiki|0 fnt\n|-unboost|p2b: Pawmot|def|1\n|-unboost|p2b: Pawmot|spd|1\n|faint|p1b: Tiki\n|\n|-ability|p2a: Glalie|Moody|boost\n|-boost|p2a: Glalie|def|2\n|-unboost|p2a: Glalie|spd|1\n|upkeep\n|\n|t:|1683401317\n|switch|p1b: Timeline|Flutter Mane, L50|100\/100\n|turn|5\n|\n|t:|1683401324\n|move|p2a: Glalie|Protect|p2a: Glalie\n|-singleturn|p2a: Glalie|Protect\n|move|p1a: Fun Police|Extreme Speed|p2b: Pawmot\n|-damage|p2b: Pawmot|0 fnt\n|faint|p2b: Pawmot\n|move|p1b: Timeline|Moonblast|p2a: Glalie\n|-activate|p2a: Glalie|move: Protect\n|\n|-ability|p2a: Glalie|Moody|boost\n|-boost|p2a: Glalie|def|2\n|-unboost|p2a: Glalie|spa|1\n|upkeep\n|\n|t:|1683401328\n|switch|p2b: Hydreigon|Hydreigon, L50, M|19\/100\n|turn|6\n|\n|t:|1683401336\n|move|p2a: Glalie|Protect||[still]\n|-fail|p2a: Glalie\n|move|p1a: Fun Police|Extreme Speed|p2b: Hydreigon\n|-damage|p2b: Hydreigon|0 fnt\n|faint|p2b: Hydreigon\n|move|p1b: Timeline|Moonblast|p2a: Glalie\n|-damage|p2a: Glalie|0 fnt\n|faint|p2a: Glalie\n|\n|win|SpadesHS\n","uploadtime":1683401360,"views":14,"p1id":"spadeshs","p2id":"nightfront","formatid":"gen9vgc2023regulationc","rating":0,"private":0,"password":""}