{"id":"gen9vgc2023regulationc-1845803064","p1":"PearDaddy","p2":"bramstorteler","format":"[Gen 9] VGC 2023 Regulation C","log":"|j|\u2606PearDaddy\n|j|\u2606bramstorteler\n|t:|1681766102\n|gametype|doubles\n|player|p1|PearDaddy|penny|1130\n|player|p2|bramstorteler|volkner|1078\n|teamsize|p1|6\n|teamsize|p2|6\n|gen|9\n|tier|[Gen 9] VGC 2023 Regulation C\n|rated|\n|rule|Species Clause: Limit one of each Pok\u00e9mon\n|rule|Item Clause: Limit one of each item\n|clearpoke\n|poke|p1|Tyranitar, L50, M|\n|poke|p1|Glimmora, L50, F|\n|poke|p1|Garchomp, L50, M|\n|poke|p1|Corviknight, L50, M|\n|poke|p1|Arcanine, L50, F|\n|poke|p1|Sandy Shocks, L50|\n|poke|p2|Maushold-Four, L50|\n|poke|p2|Annihilape, L50, M|\n|poke|p2|Chi-Yu, L50|\n|poke|p2|Glimmora, L50, F|\n|poke|p2|Wo-Chien, L50|\n|poke|p2|Palafin, L50, M|\n|teampreview|4\n|inactive|Battle timer is ON: inactive players will automatically lose when time's up. (requested by bramstorteler)\n|\n|t:|1681766134\n|start\n|switch|p1a: Glimmora|Glimmora, L50, F|100\/100\n|switch|p1b: Corviknight|Corviknight, L50, M|100\/100\n|switch|p2a: Maushold|Maushold-Four, L50|100\/100\n|switch|p2b: Palafin|Palafin, L50, M|100\/100\n|-ability|p1b: Corviknight|Unnerve\n|turn|1\n|\n|t:|1681766158\n|detailschange|p2b: Palafin|Palafin-Hero, L50, M\n|switch|p2b: Annihilape|Annihilape, L50, M|100\/100\n|move|p1a: Glimmora|Mortal Spin|p2a: Maushold|[spread] p2a,p2b\n|-resisted|p2b: Annihilape\n|-damage|p2a: Maushold|95\/100\n|-damage|p2b: Annihilape|99\/100\n|-status|p2a: Maushold|psn\n|-status|p2b: Annihilape|psn\n|move|p2a: Maushold|Beat Up|p2b: Annihilape\n|-damage|p2b: Annihilape|97\/100 psn\n|-damage|p2b: Annihilape|95\/100 psn\n|-damage|p2b: Annihilape|93\/100 psn\n|-hitcount|p2b: Annihilape|3\n|move|p1b: Corviknight|Tailwind|p1b: Corviknight\n|-sidestart|p1: PearDaddy|move: Tailwind\n|\n|-heal|p2b: Annihilape|99\/100 psn|[from] item: Leftovers\n|-damage|p2a: Maushold|83\/100 psn|[from] psn\n|-damage|p2b: Annihilape|86\/100 psn|[from] psn\n|upkeep\n|turn|2\n|inactive|bramstorteler has 30 seconds left.\n|\n|t:|1681766185\n|-terastallize|p2b: Annihilape|Fire\n|move|p1a: Glimmora|Spiky Shield|p1a: Glimmora\n|-singleturn|p1a: Glimmora|move: Protect\n|move|p2a: Maushold|Follow Me|p2a: Maushold\n|-singleturn|p2a: Maushold|move: Follow Me\n|move|p1b: Corviknight|Drill Peck|p2a: Maushold\n|-crit|p2a: Maushold\n|-damage|p2a: Maushold|26\/100 psn\n|move|p2b: Annihilape|Rage Fist|p1a: Glimmora\n|-activate|p1a: Glimmora|move: Protect\n|-damage|p2b: Annihilape|74\/100 psn|[from] Spiky Shield|[of] p1a: Glimmora\n|\n|-heal|p2b: Annihilape|80\/100 psn|[from] item: Leftovers\n|-damage|p2a: Maushold|14\/100 psn|[from] psn\n|-damage|p2b: Annihilape|67\/100 psn|[from] psn\n|upkeep\n|turn|3\n|\n|t:|1681766208\n|move|p2a: Maushold|Follow Me|p2a: Maushold\n|-singleturn|p2a: Maushold|move: Follow Me\n|move|p1a: Glimmora|Stealth Rock|p2b: Annihilape\n|-sidestart|p2: bramstorteler|move: Stealth Rock\n|move|p1b: Corviknight|Drill Peck|p2a: Maushold\n|-damage|p2a: Maushold|0 fnt\n|faint|p2a: Maushold\n|move|p2b: Annihilape|Rage Fist|p1a: Glimmora\n|-enditem|p1a: Glimmora|Focus Sash\n|-damage|p1a: Glimmora|1\/100\n|-activate|p1a: Glimmora|ability: Toxic Debris\n|-sidestart|p2: bramstorteler|move: Toxic Spikes\n|\n|-heal|p2b: Annihilape|73\/100 psn|[from] item: Leftovers\n|-damage|p2b: Annihilape|61\/100 psn|[from] psn\n|upkeep\n|\n|t:|1681766221\n|switch|p2a: Wo-Chien|Wo-Chien, L50|100\/100\n|-damage|p2a: Wo-Chien|88\/100|[from] Stealth Rock\n|-status|p2a: Wo-Chien|psn\n|-ability|p2a: Wo-Chien|Tablets of Ruin\n|turn|4\n|\n|t:|1681766238\n|move|p1a: Glimmora|Spiky Shield|p1a: Glimmora\n|-singleturn|p1a: Glimmora|move: Protect\n|move|p2a: Wo-Chien|Protect|p2a: Wo-Chien\n|-singleturn|p2a: Wo-Chien|Protect\n|move|p1b: Corviknight|Bulk Up|p1b: Corviknight\n|-boost|p1b: Corviknight|atk|1\n|-boost|p1b: Corviknight|def|1\n|move|p2b: Annihilape|Drain Punch|p1a: Glimmora\n|-activate|p1a: Glimmora|move: Protect\n|-damage|p2b: Annihilape|48\/100 psn|[from] Spiky Shield|[of] p1a: Glimmora\n|\n|-heal|p2b: Annihilape|54\/100 psn|[from] item: Leftovers\n|-damage|p2b: Annihilape|42\/100 psn|[from] psn\n|-damage|p2a: Wo-Chien|75\/100 psn|[from] psn\n|-sideend|p1: PearDaddy|move: Tailwind\n|upkeep\n|turn|5\n|\n|t:|1681766259\n|switch|p1a: Tyranitar|Tyranitar, L50, M|100\/100\n|-weather|Sandstorm|[from] ability: Sand Stream|[of] p1a: Tyranitar\n|move|p2b: Annihilape|Drain Punch|p1a: Tyranitar\n|-supereffective|p1a: Tyranitar\n|-damage|p1a: Tyranitar|13\/100\n|-heal|p2b: Annihilape|81\/100 psn|[from] drain|[of] p1a: Tyranitar\n|move|p2a: Wo-Chien|Leech Seed|p1b: Corviknight\n|-start|p1b: Corviknight|move: Leech Seed\n|move|p1b: Corviknight|Tailwind|p1b: Corviknight\n|-sidestart|p1: PearDaddy|move: Tailwind\n|\n|-weather|Sandstorm|[upkeep]\n|-damage|p2b: Annihilape|75\/100 psn|[from] Sandstorm\n|-damage|p2a: Wo-Chien|69\/100 psn|[from] Sandstorm\n|-heal|p2b: Annihilape|81\/100 psn|[from] item: Leftovers\n|-damage|p1b: Corviknight|88\/100|[from] Leech Seed|[of] p2a: Wo-Chien\n|-heal|p2a: Wo-Chien|82\/100 psn|[silent]\n|-damage|p2b: Annihilape|68\/100 psn|[from] psn\n|-damage|p2a: Wo-Chien|70\/100 psn|[from] psn\n|upkeep\n|turn|6\n|inactive|bramstorteler has 30 seconds left.\n|\n|t:|1681766291\n|move|p2a: Wo-Chien|Protect|p2a: Wo-Chien\n|-singleturn|p2a: Wo-Chien|Protect\n|move|p1b: Corviknight|Drill Peck|p2a: Wo-Chien\n|-activate|p2a: Wo-Chien|move: Protect\n|move|p1a: Tyranitar|Power Gem|p2b: Annihilape\n|-supereffective|p2b: Annihilape\n|-damage|p2b: Annihilape|4\/100 psn\n|move|p2b: Annihilape|Rage Fist|p1b: Corviknight\n|-damage|p1b: Corviknight|22\/100\n|\n|-weather|Sandstorm|[upkeep]\n|-damage|p2b: Annihilape|0 fnt|[from] Sandstorm\n|-damage|p2a: Wo-Chien|64\/100 psn|[from] Sandstorm\n|faint|p2b: Annihilape\n|-damage|p1b: Corviknight|10\/100|[from] Leech Seed|[of] p2a: Wo-Chien\n|-heal|p2a: Wo-Chien|77\/100 psn|[silent]\n|-damage|p2a: Wo-Chien|64\/100 psn|[from] psn\n|upkeep\n|\n|t:|1681766305\n|switch|p2b: Palafin|Palafin-Hero, L50, M|100\/100\n|-damage|p2b: Palafin|88\/100|[from] Stealth Rock\n|-status|p2b: Palafin|psn\n|-activate|p2b: Palafin|ability: Zero to Hero\n|turn|7\n|\n|t:|1681766319\n|switch|p1a: Garchomp|Garchomp, L50, M|100\/100\n|move|p2b: Palafin|Jet Punch|p1a: Garchomp|[miss]\n|-miss|p2b: Palafin|p1a: Garchomp\n|move|p1b: Corviknight|Drill Peck|p2a: Wo-Chien\n|-supereffective|p2a: Wo-Chien\n|-damage|p2a: Wo-Chien|0 fnt\n|faint|p2a: Wo-Chien\n|\n|-weather|Sandstorm|[upkeep]\n|-damage|p2b: Palafin|83\/100 psn|[from] Sandstorm\n|-damage|p2b: Palafin|71\/100 psn|[from] psn\n|upkeep\n|turn|8\n|-message|bramstorteler forfeited.\n|\n|win|PearDaddy\n|raw|PearDaddy's rating: 1130 → 1151<\/strong> (+21 for winning)\n|raw|bramstorteler's rating: 1078 → 1060<\/strong> (-18 for losing)\n|l|\u2606bramstorteler\n","uploadtime":1681766336,"views":10,"p1id":"peardaddy","p2id":"bramstorteler","formatid":"gen9vgc2023regulationc","rating":1060,"private":0,"password":""}