{"id":"gen9vgc2023regulationc-1848739485","p1":"Surpassinfinity","p2":"tt5yy","format":"[Gen 9] VGC 2023 Regulation C","log":"|j|\u2606Surpassinfinity\n|j|\u2606tt5yy\n|t:|1682105620\n|gametype|doubles\n|player|p1|Surpassinfinity|lady-gen4|1079\n|player|p2|tt5yy|102|1000\n|teamsize|p1|6\n|teamsize|p2|6\n|gen|9\n|tier|[Gen 9] VGC 2023 Regulation C\n|rated|\n|rule|Species Clause: Limit one of each Pok\u00e9mon\n|rule|Item Clause: Limit one of each item\n|clearpoke\n|poke|p1|Slither Wing, L50|\n|poke|p1|Gholdengo, L50|\n|poke|p1|Baxcalibur, L50, F|\n|poke|p1|Grimmsnarl, L50, M|\n|poke|p1|Kilowattrel, L50, F|\n|poke|p1|Arboliva, L50, M|\n|poke|p2|Torkoal, L50, M|\n|poke|p2|Chi-Yu, L50|\n|poke|p2|Bronzong, L50|\n|poke|p2|Gastrodon, L50, F|\n|poke|p2|Grimmsnarl, L50, M|\n|poke|p2|Skeledirge, L50, M|\n|teampreview|4\n|inactive|Battle timer is ON: inactive players will automatically lose when time's up. (requested by Surpassinfinity)\n|\n|t:|1682105648\n|start\n|switch|p1a: Grimmsnarl|Grimmsnarl, L50, M|100\/100\n|switch|p1b: Kilowattrel|Kilowattrel, L50, F|100\/100\n|switch|p2a: Grimmsnarl|Grimmsnarl, L50, M|100\/100\n|switch|p2b: Chi-Yu|Chi-Yu, L50|100\/100\n|-ability|p2b: Chi-Yu|Beads of Ruin\n|turn|1\n|\n|t:|1682105668\n|move|p2b: Chi-Yu|Protect|p2b: Chi-Yu\n|-singleturn|p2b: Chi-Yu|Protect\n|move|p1a: Grimmsnarl|Light Screen|p1a: Grimmsnarl\n|-sidestart|p1: Surpassinfinity|move: Light Screen\n|move|p1b: Kilowattrel|Tailwind|p1b: Kilowattrel\n|-sidestart|p1: Surpassinfinity|move: Tailwind\n|move|p2a: Grimmsnarl|Spirit Break|p1a: Grimmsnarl\n|-supereffective|p1a: Grimmsnarl\n|-damage|p1a: Grimmsnarl|25\/100\n|-unboost|p1a: Grimmsnarl|spa|1\n|\n|upkeep\n|turn|2\n|inactive|Surpassinfinity has 30 seconds left.\n|\n|t:|1682105698\n|switch|p2b: Skeledirge|Skeledirge, L50, M|100\/100\n|move|p1a: Grimmsnarl|Reflect|p1a: Grimmsnarl\n|-sidestart|p1: Surpassinfinity|Reflect\n|move|p2a: Grimmsnarl|Trick|p1b: Kilowattrel\n|-activate|p2a: Grimmsnarl|move: Trick|[of] p1b: Kilowattrel\n|-item|p1b: Kilowattrel|Lagging Tail|[from] move: Trick\n|-item|p2a: Grimmsnarl|Focus Sash|[from] move: Trick\n|move|p1b: Kilowattrel|Thunderbolt|p2b: Skeledirge\n|-damage|p2b: Skeledirge|52\/100\n|\n|-heal|p2b: Skeledirge|58\/100|[from] item: Leftovers\n|upkeep\n|turn|3\n|\n|t:|1682105717\n|move|p2b: Skeledirge|Protect|p2b: Skeledirge\n|-singleturn|p2b: Skeledirge|Protect\n|move|p1a: Grimmsnarl|Spirit Break|p2a: Grimmsnarl\n|-supereffective|p2a: Grimmsnarl\n|-damage|p2a: Grimmsnarl|27\/100\n|-unboost|p2a: Grimmsnarl|spa|1\n|move|p2a: Grimmsnarl|Spirit Break|p1a: Grimmsnarl\n|-supereffective|p1a: Grimmsnarl\n|-damage|p1a: Grimmsnarl|0 fnt\n|faint|p1a: Grimmsnarl\n|move|p1b: Kilowattrel|Air Slash|p2b: Skeledirge\n|-activate|p2b: Skeledirge|move: Protect\n|\n|-heal|p2b: Skeledirge|64\/100|[from] item: Leftovers\n|upkeep\n|\n|t:|1682105730\n|switch|p1a: Slither Wing|Slither Wing, L50|100\/100\n|-enditem|p1a: Slither Wing|Booster Energy\n|-activate|p1a: Slither Wing|ability: Protosynthesis|[fromitem]\n|-start|p1a: Slither Wing|protosynthesisatk\n|turn|4\n|\n|t:|1682105744\n|switch|p2a: Chi-Yu|Chi-Yu, L50|100\/100\n|-ability|p2a: Chi-Yu|Beads of Ruin\n|move|p1a: Slither Wing|Acrobatics|p2b: Skeledirge\n|-damage|p2b: Skeledirge|13\/100\n|move|p2b: Skeledirge|Torch Song|p1a: Slither Wing\n|-supereffective|p1a: Slither Wing\n|-damage|p1a: Slither Wing|0 fnt\n|-boost|p2b: Skeledirge|spa|1\n|faint|p1a: Slither Wing\n|-end|p1a: Slither Wing|Protosynthesis|[silent]\n|move|p1b: Kilowattrel|Thunderbolt|p2a: Chi-Yu\n|-damage|p2a: Chi-Yu|64\/100\n|\n|-heal|p2b: Skeledirge|19\/100|[from] item: Leftovers\n|-sideend|p1: Surpassinfinity|move: Tailwind\n|upkeep\n|\n|t:|1682105758\n|switch|p1a: Arboliva|Arboliva, L50, M|100\/100\n|turn|5\n|\n|t:|1682105768\n|move|p2a: Chi-Yu|Protect|p2a: Chi-Yu\n|-singleturn|p2a: Chi-Yu|Protect\n|move|p2b: Skeledirge|Protect|p2b: Skeledirge\n|-singleturn|p2b: Skeledirge|Protect\n|move|p1a: Arboliva|Protect|p1a: Arboliva\n|-singleturn|p1a: Arboliva|Protect\n|move|p1b: Kilowattrel|Air Slash|p2b: Skeledirge\n|-activate|p2b: Skeledirge|move: Protect\n|\n|-heal|p2b: Skeledirge|25\/100|[from] item: Leftovers\n|upkeep\n|turn|6\n|\n|t:|1682105779\n|switch|p2b: Bronzong|Bronzong, L50|100\/100\n|-terastallize|p1a: Arboliva|Fire\n|move|p2a: Chi-Yu|Substitute|p2a: Chi-Yu\n|-start|p2a: Chi-Yu|Substitute\n|-damage|p2a: Chi-Yu|39\/100\n|move|p1a: Arboliva|Leech Seed||[still]\n|-fail|p1a: Arboliva\n|move|p1b: Kilowattrel|Air Slash|p2b: Bronzong\n|-resisted|p2b: Bronzong\n|-damage|p2b: Bronzong|79\/100\n|\n|upkeep\n|turn|7\n|-message|Surpassinfinity forfeited.\n|\n|win|tt5yy\n|raw|Surpassinfinity's rating: 1079 → 1052<\/strong> (-27 for losing)\n|raw|tt5yy's rating: 1000 → 1049<\/strong> (+49 for winning)\n|l|\u2606Surpassinfinity\n","uploadtime":1682105794,"views":15,"p1id":"surpassinfinity","p2id":"tt5yy","formatid":"gen9vgc2023regulationc","rating":1049,"private":0,"password":""}