{"id":"gen9vgc2023regulationc-1860619051","p1":"taterstotz","p2":"KKadabra4","format":"[Gen 9] VGC 2023 Regulation C","log":"|j|\u2606taterstotz\n|j|\u2606KKadabra4\n|t:|1683659603\n|gametype|doubles\n|player|p1|taterstotz|266|1144\n|player|p2|KKadabra4|psychic-gen4|1065\n|teamsize|p1|6\n|teamsize|p2|6\n|gen|9\n|tier|[Gen 9] VGC 2023 Regulation C\n|rated|\n|rule|Species Clause: Limit one of each Pok\u00e9mon\n|rule|Item Clause: Limit one of each item\n|clearpoke\n|poke|p1|Palafin, L50, F|\n|poke|p1|Pelipper, L50, M|\n|poke|p1|Amoonguss, L50, F|\n|poke|p1|Scream Tail, L50|\n|poke|p1|Gothitelle, L50, M|\n|poke|p1|Dragonite, L50, M|\n|poke|p2|Flutter Mane, L50|\n|poke|p2|Wo-Chien, L50|\n|poke|p2|Chi-Yu, L50|\n|poke|p2|Torkoal, L50, M|\n|poke|p2|Gastrodon, L50, M|\n|poke|p2|Scream Tail, L50|\n|teampreview|4\ntaterstotz has agreed to open team sheets.\n|inactive|Battle timer is ON: inactive players will automatically lose when time's up. (requested by taterstotz)\n|inactive|KKadabra4 has 60 seconds left.\n|\n|t:|1683659663\n|start\n|switch|p1a: Gothitelle|Gothitelle, L50, M|100\/100\n|switch|p1b: Palafin|Palafin, L50, F|100\/100\n|switch|p2a: Wo-Chien|Wo-Chien, L50|100\/100\n|switch|p2b: Flutter Mane|Flutter Mane, L50|100\/100\n|-ability|p2a: Wo-Chien|Tablets of Ruin\n|turn|1\n|inactive|KKadabra4 has 30 seconds left.\n|\n|t:|1683659690\n|detailschange|p1b: Palafin|Palafin-Hero, L50, F\n|switch|p1b: Amoonguss|Amoonguss, L50, F|100\/100\n|switch|p1a: Pelipper|Pelipper, L50, M|100\/100\n|-weather|RainDance|[from] ability: Drizzle|[of] p1a: Pelipper\n|move|p2b: Flutter Mane|Shadow Ball|p1a: Pelipper\n|-damage|p1a: Pelipper|45\/100\n|-unboost|p1a: Pelipper|spd|1\n|move|p2a: Wo-Chien|Leech Seed|p1a: Pelipper\n|-start|p1a: Pelipper|move: Leech Seed\n|\n|-weather|RainDance|[upkeep]\n|-damage|p1a: Pelipper|33\/100|[from] Leech Seed|[of] p2a: Wo-Chien\n|upkeep\n|turn|2\n|inactive|KKadabra4 has 30 seconds left.\n|inactive|KKadabra4 has 20 seconds left.\n|inactive|KKadabra4 has 15 seconds left.\n|inactive|KKadabra4 has 10 seconds left.\n|\n|t:|1683659736\n|-terastallize|p2a: Wo-Chien|Fairy\n|move|p2b: Flutter Mane|Shadow Ball|p1b: Amoonguss\n|-damage|p1b: Amoonguss|67\/100\n|move|p2a: Wo-Chien|Pollen Puff|p1b: Amoonguss\n|-damage|p1b: Amoonguss|51\/100\n|move|p1a: Pelipper|Hurricane|p2a: Wo-Chien\n|-damage|p2a: Wo-Chien|79\/100\n|-start|p2a: Wo-Chien|confusion\n|move|p1b: Amoonguss|Spore|p2b: Flutter Mane\n|-status|p2b: Flutter Mane|slp|[from] move: Spore\n|\n|-weather|RainDance|[upkeep]\n|-damage|p1a: Pelipper|21\/100|[from] Leech Seed|[of] p2a: Wo-Chien\n|-heal|p2a: Wo-Chien|89\/100|[silent]\n|upkeep\n|turn|3\n|inactive|KKadabra4 has 30 seconds left.\n|\n|t:|1683659770\n|switch|p1a: Palafin|Palafin-Hero, L50, F|100\/100\n|-activate|p1a: Palafin|ability: Zero to Hero\n|cant|p2b: Flutter Mane|slp\n|-activate|p2a: Wo-Chien|confusion\n|-damage|p2a: Wo-Chien|82\/100|[from] confusion\n|move|p1b: Amoonguss|Spore|p2a: Wo-Chien\n|-status|p2a: Wo-Chien|slp|[from] move: Spore\n|\n|-weather|RainDance|[upkeep]\n|upkeep\n|turn|4\n|inactive|KKadabra4 has 30 seconds left.\n|inactive|taterstotz has 30 seconds left.\n|inactive|taterstotz has 20 seconds left.\n|\n|t:|1683659811\n|-terastallize|p1a: Palafin|Water\n|move|p1a: Palafin|Jet Punch|p2b: Flutter Mane\n|-enditem|p2b: Flutter Mane|Focus Sash\n|-damage|p2b: Flutter Mane|1\/100 slp\n|-curestatus|p2b: Flutter Mane|slp|[msg]\n|move|p2b: Flutter Mane|Shadow Ball|p1b: Amoonguss\n|-damage|p1b: Amoonguss|16\/100\n|-enditem|p1b: Amoonguss|Sitrus Berry|[eat]\n|-heal|p1b: Amoonguss|41\/100|[from] item: Sitrus Berry\n|cant|p2a: Wo-Chien|slp\n|move|p1b: Amoonguss|Leaf Storm|p2b: Flutter Mane\n|-damage|p2b: Flutter Mane|0 fnt\n|-unboost|p1b: Amoonguss|spa|2\n|faint|p2b: Flutter Mane\n|-end|p2b: Flutter Mane|Protosynthesis|[silent]\n|\n|-weather|RainDance|[upkeep]\n|upkeep\n|\n|t:|1683659828\n|switch|p2b: Torkoal|Torkoal, L50, M|100\/100\n|-weather|SunnyDay|[from] ability: Drought|[of] p2b: Torkoal\n|turn|5\n|\n|t:|1683659841\n|switch|p1b: Pelipper|Pelipper, L50, M|21\/100\n|-weather|RainDance|[from] ability: Drizzle|[of] p1b: Pelipper\n|move|p1a: Palafin|Wave Crash|p2a: Wo-Chien\n|-damage|p2a: Wo-Chien|0 fnt\n|faint|p2a: Wo-Chien\n|-damage|p1a: Palafin|71\/100|[from] Recoil\n|move|p2b: Torkoal|Heat Wave|p1a: Palafin|[spread] p1b\n|-miss|p2b: Torkoal|p1a: Palafin\n|-resisted|p1b: Pelipper\n|-damage|p1b: Pelipper|14\/100\n|\n|-weather|RainDance|[upkeep]\n|upkeep\n|\n|t:|1683659855\n|switch|p2a: Chi-Yu|Chi-Yu, L50|100\/100\n|-ability|p2a: Chi-Yu|Beads of Ruin\n|turn|6\n|-message|KKadabra4 forfeited.\n|\n|win|taterstotz\n|raw|taterstotz's rating: 1144 → 1163<\/strong> (+19 for winning)\n|raw|KKadabra4's rating: 1065 → 1050<\/strong> (-15 for losing)\n|l|\u2606KKadabra4\n","uploadtime":1683659960,"views":19,"p1id":"taterstotz","p2id":"kkadabra4","formatid":"gen9vgc2023regulationc","rating":1050,"private":0,"password":""}