{"id":"gen9vgc2023regulationc-1850788655","p1":"Funnyman Krebs","p2":"N3rdSl4y3r","format":"[Gen 9] VGC 2023 Regulation C","log":"|j|\u2606Funnyman Krebs\n|j|\u2606N3rdSl4y3r\n|t:|1682367917\n|gametype|doubles\n|player|p1|Funnyman Krebs|wallace|\n|player|p2|N3rdSl4y3r|rika|\n|teamsize|p1|6\n|teamsize|p2|6\n|gen|9\n|tier|[Gen 9] VGC 2023 Regulation C\n|rule|Species Clause: Limit one of each Pok\u00e9mon\n|rule|Item Clause: Limit one of each item\n|clearpoke\n|poke|p1|Glimmora, L50, M|\n|poke|p1|Arcanine, L50, M|\n|poke|p1|Wo-Chien, L50|\n|poke|p1|Flutter Mane, L50|\n|poke|p1|Dondozo, L50, F|\n|poke|p1|Tatsugiri-Stretchy, L50, M|\n|poke|p2|Breloom, L50, M|\n|poke|p2|Chi-Yu, L50|\n|poke|p2|Azumarill, L50, M|\n|poke|p2|Baxcalibur, L50, F|\n|poke|p2|Flutter Mane, L50|\n|poke|p2|Maushold-Four, L50|\n|teampreview|4\n|c|\u2606N3rdSl4y3r|glhf!\nN3rdSl4y3r has agreed to open team sheets.\n|c|\u2606Funnyman Krebs|u2!\nFunnyman Krebs has agreed to open team sheets.\n|\n|t:|1682367972\n|start\n|switch|p1a: Large Marge|Dondozo, L50, F|100\/100\n|switch|p1b: Wheeeee!|Glimmora, L50, M, shiny|100\/100\n|switch|p2a: Hovering Cane|Flutter Mane, L50, shiny|100\/100\n|switch|p2b: Azumarill|Azumarill, L50, M|100\/100\n|-enditem|p2a: Hovering Cane|Booster Energy\n|-activate|p2a: Hovering Cane|ability: Protosynthesis|[fromitem]\n|-start|p2a: Hovering Cane|protosynthesisspa\n|turn|1\n|inactive|Battle timer is ON: inactive players will automatically lose when time's up. (requested by Funnyman Krebs)\n|inactive|Funnyman Krebs has 60 seconds left.\n|inactive|N3rdSl4y3r has 60 seconds left.\n|\n|t:|1682368008\n|-terastallize|p1b: Wheeeee!|Grass\n|move|p2b: Azumarill|Protect|p2b: Azumarill\n|-singleturn|p2b: Azumarill|Protect\n|move|p2a: Hovering Cane|Shadow Ball|p1b: Wheeeee!\n|-damage|p1b: Wheeeee!|45\/100\n|move|p1b: Wheeeee!|Mortal Spin|p2b: Azumarill|[spread] p2a\n|-activate|p2b: Azumarill|move: Protect\n|-damage|p2a: Hovering Cane|91\/100\n|-status|p2a: Hovering Cane|psn\n|move|p1a: Large Marge|Wave Crash|p2a: Hovering Cane\n|-damage|p2a: Hovering Cane|0 fnt\n|faint|p2a: Hovering Cane\n|-end|p2a: Hovering Cane|Protosynthesis|[silent]\n|-damage|p1a: Large Marge|83\/100|[from] Recoil\n|\n|-heal|p1a: Large Marge|89\/100|[from] item: Leftovers\n|upkeep\n|\n|t:|1682368027\n|switch|p2a: samuel(s)|Maushold-Four, L50|100\/100\n|turn|2\n|\n|t:|1682368047\n|move|p2a: samuel(s)|Encore|p1a: Large Marge\n|-start|p1a: Large Marge|Encore\n|move|p1b: Wheeeee!|Mortal Spin|p2a: samuel(s)|[spread] p2a,p2b\n|-supereffective|p2b: Azumarill\n|-damage|p2a: samuel(s)|95\/100\n|-damage|p2b: Azumarill|94\/100\n|-status|p2a: samuel(s)|psn\n|-status|p2b: Azumarill|psn\n|move|p1a: Large Marge|Wave Crash|p2a: samuel(s)\n|-damage|p2a: samuel(s)|18\/100 psn\n|-damage|p1a: Large Marge|69\/100|[from] Recoil\n|move|p2b: Azumarill|Play Rough|p1b: Wheeeee!\n|-damage|p1b: Wheeeee!|0 fnt\n|-activate|p1b: Wheeeee!|ability: Toxic Debris\n|-sidestart|p2: N3rdSl4y3r|move: Toxic Spikes\n|faint|p1b: Wheeeee!\n|\n|-heal|p1a: Large Marge|75\/100|[from] item: Leftovers\n|-damage|p2a: samuel(s)|6\/100 psn|[from] psn\n|-damage|p2b: Azumarill|81\/100 psn|[from] psn\n|upkeep\n|inactive|Funnyman Krebs has 30 seconds left.\n|\n|t:|1682368075\n|switch|p1b: Pee-wee|Tatsugiri-Stretchy, L50, M|100\/100\n|-activate|p1b: Pee-wee|ability: Commander|[of] p1a: Large Marge\n|-boost|p1a: Large Marge|atk|2\n|-boost|p1a: Large Marge|spa|2\n|-boost|p1a: Large Marge|spe|2\n|-boost|p1a: Large Marge|def|2\n|-boost|p1a: Large Marge|spd|2\n|turn|3\n|\n|t:|1682368093\n|switch|p2a: GOAT|Breloom, L50, M, shiny|100\/100\n|-status|p2a: GOAT|psn\n|move|p1a: Large Marge|Wave Crash|p2b: Azumarill\n|-resisted|p2b: Azumarill\n|-damage|p2b: Azumarill|26\/100 psn\n|-enditem|p2b: Azumarill|Sitrus Berry|[eat]\n|-heal|p2b: Azumarill|51\/100 psn|[from] item: Sitrus Berry\n|-damage|p1a: Large Marge|59\/100|[from] Recoil\n|move|p2b: Azumarill|Perish Song|p2b: Azumarill\n|-start|p1a: Large Marge|perish3|[silent]\n|-miss|p2b: Azumarill|p1b: Pee-wee\n|-start|p2a: GOAT|perish3|[silent]\n|-start|p2b: Azumarill|perish3|[silent]\n|-fieldactivate|move: Perish Song\n|\n|-heal|p1a: Large Marge|65\/100|[from] item: Leftovers\n|-damage|p2a: GOAT|88\/100 psn|[from] psn\n|-damage|p2b: Azumarill|39\/100 psn|[from] psn\n|-start|p1a: Large Marge|perish3\n|-start|p2a: GOAT|perish3\n|-start|p2b: Azumarill|perish3\n|upkeep\n|turn|4\n|inactive|N3rdSl4y3r has 30 seconds left.\n|\n|t:|1682368119\n|move|p2b: Azumarill|Protect|p2b: Azumarill\n|-singleturn|p2b: Azumarill|Protect\n|move|p1a: Large Marge|Wave Crash|p2a: GOAT\n|-resisted|p2a: GOAT\n|-damage|p2a: GOAT|0 fnt\n|faint|p2a: GOAT\n|-damage|p1a: Large Marge|48\/100|[from] Recoil\n|\n|-heal|p1a: Large Marge|54\/100|[from] item: Leftovers\n|-damage|p2b: Azumarill|26\/100 psn|[from] psn\n|-end|p1a: Large Marge|Encore\n|-start|p1a: Large Marge|perish2\n|-start|p2b: Azumarill|perish2\n|upkeep\n|\n|t:|1682368132\n|switch|p2a: samuel(s)|Maushold-Four, L50|6\/100 psn\n|turn|5\n|\n|t:|1682368140\n|move|p1a: Large Marge|Protect|p1a: Large Marge\n|-singleturn|p1a: Large Marge|Protect\n|move|p2a: samuel(s)|Follow Me|p2a: samuel(s)\n|-singleturn|p2a: samuel(s)|move: Follow Me\n|move|p2b: Azumarill|Play Rough|p1a: Large Marge\n|-activate|p1a: Large Marge|move: Protect\n|\n|-heal|p1a: Large Marge|60\/100|[from] item: Leftovers\n|-damage|p2a: samuel(s)|0 fnt|[from] psn\n|faint|p2a: samuel(s)\n|-damage|p2b: Azumarill|14\/100 psn|[from] psn\n|-start|p1a: Large Marge|perish1\n|-start|p2b: Azumarill|perish1\n|upkeep\n|turn|6\n|c|\u2606Funnyman Krebs|gg\n|inactive|N3rdSl4y3r has 30 seconds left.\n|c|\u2606N3rdSl4y3r|gg\n|\n|t:|1682368175\n|move|p1a: Large Marge|Wave Crash|p2b: Azumarill\n|-resisted|p2b: Azumarill\n|-crit|p2b: Azumarill\n|-damage|p2b: Azumarill|0 fnt\n|faint|p2b: Azumarill\n|-damage|p1a: Large Marge|56\/100|[from] Recoil\n|\n|win|Funnyman Krebs\n","uploadtime":1682368182,"views":21,"p1id":"funnymankrebs","p2id":"n3rdsl4y3r","formatid":"gen9vgc2023regulationc","rating":0,"private":0,"password":""}