{"id":"gen9vgc2023regulationc-1852878845","p1":"haha u rage quit","p2":"imnevilwalrus","format":"[Gen 9] VGC 2023 Regulation C","log":"|j|\u2606haha u rage quit\n|j|\u2606imnevilwalrus\n|t:|1682613911\n|gametype|doubles\n|player|p1|haha u rage quit|pokemaniac|1392\n|player|p2|imnevilwalrus|1|1391\n|teamsize|p1|6\n|teamsize|p2|6\n|gen|9\n|tier|[Gen 9] VGC 2023 Regulation C\n|rated|\n|rule|Species Clause: Limit one of each Pok\u00e9mon\n|rule|Item Clause: Limit one of each item\n|clearpoke\n|poke|p1|Flutter Mane, L50|\n|poke|p1|Iron Hands, L50|\n|poke|p1|Iron Bundle, L50|\n|poke|p1|Torkoal, L50, M|\n|poke|p1|Klefki, L50, M|\n|poke|p1|Corviknight, L50, M|\n|poke|p2|Murkrow, L50, F|\n|poke|p2|Gholdengo, L50|\n|poke|p2|Chi-Yu, L50|\n|poke|p2|Chien-Pao, L50|\n|poke|p2|Dragapult, L50, M|\n|poke|p2|Gyarados, L50, M|\n|teampreview|4\n|inactive|Battle timer is ON: inactive players will automatically lose when time's up. (requested by imnevilwalrus)\n|inactive|haha u rage quit has 60 seconds left.\n|inactive|imnevilwalrus has 60 seconds left.\n|\n|t:|1682613973\n|start\n|switch|p1a: Klefki|Klefki, L50, M|100\/100\n|switch|p1b: Iron Hands|Iron Hands, L50, shiny|100\/100\n|switch|p2a: Murkrow|Murkrow, L50, F, shiny|100\/100\n|switch|p2b: Gholdengo|Gholdengo, L50|100\/100\n|turn|1\n|inactive|haha u rage quit has 30 seconds left.\n|inactive|imnevilwalrus has 30 seconds left.\n|\n|t:|1682614008\n|move|p2a: Murkrow|Tailwind|p2a: Murkrow\n|-sidestart|p2: imnevilwalrus|move: Tailwind\n|move|p2b: Gholdengo|Make It Rain|p1a: Klefki|[spread] p1a,p1b\n|-resisted|p1b: Iron Hands\n|-damage|p1a: Klefki|18\/100\n|-damage|p1b: Iron Hands|73\/100\n|-unboost|p2b: Gholdengo|spa|1\n|move|p1b: Iron Hands|Swords Dance|p1b: Iron Hands\n|-boost|p1b: Iron Hands|atk|2\n|move|p1a: Klefki|Trick Room|p1a: Klefki\n|-fieldstart|move: Trick Room|[of] p1a: Klefki\n|\n|upkeep\n|turn|2\n|inactive|haha u rage quit has 30 seconds left.\n|inactive|haha u rage quit has 20 seconds left.\n|inactive|haha u rage quit has 15 seconds left.\n|\n|t:|1682614049\n|move|p1a: Klefki|Reflect|p1a: Klefki\n|-sidestart|p1: haha u rage quit|Reflect\n|move|p2a: Murkrow|Haze|p2a: Murkrow\n|-clearallboost\n|move|p1b: Iron Hands|Thunder Punch|p2b: Gholdengo\n|-damage|p2b: Gholdengo|63\/100\n|move|p2b: Gholdengo|Make It Rain|p1b: Iron Hands|[spread] p1a,p1b\n|-resisted|p1b: Iron Hands\n|-damage|p1a: Klefki|0 fnt\n|-damage|p1b: Iron Hands|50\/100\n|-unboost|p2b: Gholdengo|spa|1\n|-enditem|p1b: Iron Hands|Sitrus Berry|[eat]\n|-heal|p1b: Iron Hands|75\/100|[from] item: Sitrus Berry\n|faint|p1a: Klefki\n|\n|upkeep\n|\n|t:|1682614062\n|switch|p1a: Torkoal|Torkoal, L50, M|100\/100\n|-weather|SunnyDay|[from] ability: Drought|[of] p1a: Torkoal\n|turn|3\n|\n|t:|1682614076\n|move|p1a: Torkoal|Eruption|p2a: Murkrow|[spread] p2a,p2b\n|-supereffective|p2b: Gholdengo\n|-damage|p2a: Murkrow|0 fnt\n|-damage|p2b: Gholdengo|0 fnt\n|faint|p2a: Murkrow\n|faint|p2b: Gholdengo\n|move|p1b: Iron Hands|Thunder Punch|p2: Murkrow|[notarget]\n|-fail|p1b: Iron Hands\n|\n|-weather|SunnyDay|[upkeep]\n|upkeep\n|\n|t:|1682614083\n|switch|p2b: Dragapult|Dragapult, L50, M, shiny|100\/100\n|switch|p2a: Chi-Yu|Chi-Yu, L50|100\/100\n|-ability|p2a: Chi-Yu|Beads of Ruin\n|turn|4\n|\n|t:|1682614112\n|-terastallize|p1b: Iron Hands|Fire\n|-terastallize|p2a: Chi-Yu|Fire\n|move|p1a: Torkoal|Eruption|p2a: Chi-Yu|[spread] p2a,p2b\n|-resisted|p2a: Chi-Yu\n|-resisted|p2b: Dragapult\n|-damage|p2a: Chi-Yu|60\/100\n|-damage|p2b: Dragapult|37\/100\n|move|p1b: Iron Hands|Drain Punch|p2a: Chi-Yu\n|-damage|p2a: Chi-Yu|0 fnt\n|-heal|p1b: Iron Hands|90\/100|[from] drain|[of] p2a: Chi-Yu\n|faint|p2a: Chi-Yu\n|move|p2b: Dragapult|Phantom Force||[still]\n|-prepare|p2b: Dragapult|Phantom Force\n|\n|-weather|SunnyDay|[upkeep]\n|-sideend|p2: imnevilwalrus|move: Tailwind\n|upkeep\n|turn|5\n|\n|t:|1682614125\n|move|p1a: Torkoal|Eruption|p2b: Dragapult|[miss]\n|-miss|p1a: Torkoal|p2b: Dragapult\n|move|p1b: Iron Hands|Thunder Punch|p2b: Dragapult|[miss]\n|-miss|p1b: Iron Hands|p2b: Dragapult\n|move|p2b: Dragapult|Phantom Force|p1a: Torkoal|[from]lockedmove\n|-damage|p1a: Torkoal|64\/100\n|\n|-weather|SunnyDay|[upkeep]\n|-heal|p1a: Torkoal|70\/100|[from] item: Leftovers\n|-fieldend|move: Trick Room\n|upkeep\n|turn|6\n|\n|t:|1682614144\n|move|p2b: Dragapult|Phantom Force||[still]\n|-prepare|p2b: Dragapult|Phantom Force\n|move|p1b: Iron Hands|Thunder Punch|p2b: Dragapult|[miss]\n|-miss|p1b: Iron Hands|p2b: Dragapult\n|move|p1a: Torkoal|Heat Wave|p2b: Dragapult|[miss]\n|-miss|p1a: Torkoal|p2b: Dragapult\n|\n|-weather|SunnyDay|[upkeep]\n|-heal|p1a: Torkoal|77\/100|[from] item: Leftovers\n|upkeep\n|turn|7\n|c|\u2606imnevilwalrus|dang he thick\n|\n|t:|1682614152\n|move|p2b: Dragapult|Phantom Force|p1a: Torkoal|[from]lockedmove\n|-damage|p1a: Torkoal|37\/100\n|move|p1b: Iron Hands|Thunder Punch|p2b: Dragapult\n|-resisted|p2b: Dragapult\n|-damage|p2b: Dragapult|15\/100\n|move|p1a: Torkoal|Heat Wave|p2b: Dragapult\n|-resisted|p2b: Dragapult\n|-damage|p2b: Dragapult|0 fnt\n|faint|p2b: Dragapult\n|\n|win|haha u rage quit\n|raw|haha u rage quit's rating: 1392 → 1412<\/strong> (+20 for winning)\n|raw|imnevilwalrus's rating: 1391 → 1371<\/strong> (-20 for losing)\n|l|\u2606imnevilwalrus\n|l|\u2606haha u rage quit\n|j|\u2606haha u rage quit\n|player|p1|haha u rage quit|pokemaniac\n","uploadtime":1682614197,"views":7,"p1id":"hahauragequit","p2id":"imnevilwalrus","formatid":"gen9vgc2023regulationc","rating":1371,"private":0,"password":""}