{"id":"gen9vgc2023regulationc-1855585988","p1":"LemonadeeeVGC","p2":"Ricardo Randorez","format":"[Gen 9] VGC 2023 Regulation C","log":"|j|\u2606LemonadeeeVGC\n|j|\u2606Ricardo Randorez\n|t:|1682964260\n|gametype|doubles\n|player|p1|LemonadeeeVGC|169|1247\n|player|p2|Ricardo Randorez|1|1173\n|teamsize|p1|6\n|teamsize|p2|6\n|gen|9\n|tier|[Gen 9] VGC 2023 Regulation C\n|rated|\n|rule|Species Clause: Limit one of each Pok\u00e9mon\n|rule|Item Clause: Limit one of each item\n|clearpoke\n|poke|p1|Flutter Mane, L50|\n|poke|p1|Garganacl, L50, F|\n|poke|p1|Amoonguss, L50, F|\n|poke|p1|Dragonite, L50, M|\n|poke|p1|Chi-Yu, L50|\n|poke|p1|Iron Hands, L50|\n|poke|p2|Glimmora, L50, M|\n|poke|p2|Maushold-Four, L50|\n|poke|p2|Dondozo, L50, M|\n|poke|p2|Tatsugiri, L50, F|\n|poke|p2|Garganacl, L50, F|\n|poke|p2|Wo-Chien, L50|\n|teampreview|4\n|inactive|Battle timer is ON: inactive players will automatically lose when time's up. (requested by LemonadeeeVGC)\n|\n|t:|1682964276\n|start\n|switch|p1a: Chi-Yu|Chi-Yu, L50|100\/100\n|switch|p1b: Amoonguss|Amoonguss, L50, F|100\/100\n|switch|p2a: Glimmora|Glimmora, L50, M, shiny|100\/100\n|switch|p2b: Maushold|Maushold-Four, L50|100\/100\n|-ability|p1a: Chi-Yu|Beads of Ruin\n|turn|1\n|inactive|LemonadeeeVGC has 30 seconds left.\n|\n|t:|1682964302\n|-terastallize|p1a: Chi-Yu|Grass\n|move|p2b: Maushold|Feint|p2a: Glimmora\n|-resisted|p2a: Glimmora\n|-damage|p2a: Glimmora|98\/100\n|-activate|p2a: Glimmora|ability: Toxic Debris\n|-sidestart|p1: LemonadeeeVGC|move: Toxic Spikes\n|move|p1a: Chi-Yu|Nasty Plot|p1a: Chi-Yu\n|-boost|p1a: Chi-Yu|spa|2\n|move|p2a: Glimmora|Mortal Spin|p1b: Amoonguss|[spread] p1a,p1b\n|-supereffective|p1a: Chi-Yu\n|-damage|p1a: Chi-Yu|89\/100\n|-damage|p1b: Amoonguss|97\/100\n|-status|p1a: Chi-Yu|psn\n|move|p1b: Amoonguss|Spore|p2b: Maushold\n|-activate|p2b: Maushold|item: Safety Goggles|Spore\n|\n|-damage|p1a: Chi-Yu|77\/100 psn|[from] psn\n|upkeep\n|turn|2\n|inactive|LemonadeeeVGC has 30 seconds left.\n|\n|t:|1682964327\n|move|p2b: Maushold|Feint|p2a: Glimmora\n|-resisted|p2a: Glimmora\n|-damage|p2a: Glimmora|96\/100\n|-activate|p2a: Glimmora|ability: Toxic Debris\n|-sidestart|p1: LemonadeeeVGC|move: Toxic Spikes\n|move|p1a: Chi-Yu|Heat Wave|p2a: Glimmora|[spread] p2a,p2b\n|-resisted|p2a: Glimmora\n|-damage|p2a: Glimmora|61\/100\n|-damage|p2b: Maushold|0 fnt\n|faint|p2b: Maushold\n|-damage|p1a: Chi-Yu|67\/100 psn|[from] item: Life Orb\n|move|p2a: Glimmora|Sludge Bomb|p1a: Chi-Yu\n|-supereffective|p1a: Chi-Yu\n|-damage|p1a: Chi-Yu|0 fnt\n|faint|p1a: Chi-Yu\n|move|p1b: Amoonguss|Spore|p2a: Glimmora\n|-status|p2a: Glimmora|slp|[from] move: Spore\n|\n|upkeep\n|\n|t:|1682964346\n|switch|p2b: Wo-Chien|Wo-Chien, L50|100\/100\n|switch|p1a: Iron Hands|Iron Hands, L50|100\/100\n|-ability|p2b: Wo-Chien|Tablets of Ruin\n|-status|p1a: Iron Hands|tox\n|-enditem|p1a: Iron Hands|Lum Berry|[eat]\n|-curestatus|p1a: Iron Hands|tox|[msg]\n|turn|3\n|\n|t:|1682964363\n|cant|p2a: Glimmora|slp\n|move|p2b: Wo-Chien|Leech Seed|p1a: Iron Hands\n|-start|p1a: Iron Hands|move: Leech Seed\n|move|p1a: Iron Hands|Drain Punch|p2b: Wo-Chien\n|-supereffective|p2b: Wo-Chien\n|-damage|p2b: Wo-Chien|49\/100\n|move|p1b: Amoonguss|Pollen Puff|p2b: Wo-Chien\n|-supereffective|p2b: Wo-Chien\n|-damage|p2b: Wo-Chien|13\/100\n|\n|-heal|p2b: Wo-Chien|19\/100|[from] item: Leftovers\n|-damage|p1a: Iron Hands|88\/100|[from] Leech Seed|[of] p2b: Wo-Chien\n|-heal|p2b: Wo-Chien|36\/100|[silent]\n|upkeep\n|turn|4\n|\n|t:|1682964384\n|move|p2b: Wo-Chien|Protect|p2b: Wo-Chien\n|-singleturn|p2b: Wo-Chien|Protect\n|cant|p2a: Glimmora|slp\n|move|p1a: Iron Hands|Drain Punch|p2b: Wo-Chien\n|-activate|p2b: Wo-Chien|move: Protect\n|move|p1b: Amoonguss|Spore|p2b: Wo-Chien\n|-activate|p2b: Wo-Chien|move: Protect\n|\n|-heal|p2b: Wo-Chien|42\/100|[from] item: Leftovers\n|-damage|p1a: Iron Hands|76\/100|[from] Leech Seed|[of] p2b: Wo-Chien\n|-heal|p2b: Wo-Chien|58\/100|[silent]\n|upkeep\n|turn|5\n|inactive|Ricardo Randorez has 30 seconds left.\n|\n|t:|1682964418\n|cant|p2a: Glimmora|slp\n|move|p2b: Wo-Chien|Pollen Puff|p2a: Glimmora\n|-heal|p2a: Glimmora|100\/100 slp\n|move|p1a: Iron Hands|Drain Punch|p2a: Glimmora\n|-damage|p2a: Glimmora|75\/100 slp\n|-heal|p1a: Iron Hands|85\/100|[from] drain|[of] p2a: Glimmora\n|move|p1b: Amoonguss|Pollen Puff|p2b: Wo-Chien\n|-supereffective|p2b: Wo-Chien\n|-damage|p2b: Wo-Chien|18\/100\n|\n|-heal|p2b: Wo-Chien|24\/100|[from] item: Leftovers\n|-damage|p1a: Iron Hands|73\/100|[from] Leech Seed|[of] p2b: Wo-Chien\n|-heal|p2b: Wo-Chien|41\/100|[silent]\n|upkeep\n|turn|6\n|\n|t:|1682964439\n|move|p2b: Wo-Chien|Protect|p2b: Wo-Chien\n|-singleturn|p2b: Wo-Chien|Protect\n|-curestatus|p2a: Glimmora|slp|[msg]\n|move|p2a: Glimmora|Mortal Spin|p1b: Amoonguss|[spread] p1a,p1b\n|-damage|p1a: Iron Hands|71\/100\n|-damage|p1b: Amoonguss|95\/100\n|-status|p1a: Iron Hands|psn\n|move|p1a: Iron Hands|Drain Punch|p2b: Wo-Chien\n|-activate|p2b: Wo-Chien|move: Protect\n|move|p1b: Amoonguss|Spore|p2a: Glimmora\n|-status|p2a: Glimmora|slp|[from] move: Spore\n|\n|-heal|p2b: Wo-Chien|47\/100|[from] item: Leftovers\n|-damage|p1a: Iron Hands|58\/100 psn|[from] Leech Seed|[of] p2b: Wo-Chien\n|-heal|p2b: Wo-Chien|64\/100|[silent]\n|-damage|p1a: Iron Hands|46\/100 psn|[from] psn\n|upkeep\n|turn|7\n|inactive|Ricardo Randorez has 30 seconds left.\n|inactive|Ricardo Randorez has 20 seconds left.\n|inactive|Ricardo Randorez has 15 seconds left.\n|\n|t:|1682964480\n|cant|p2a: Glimmora|slp\n|move|p2b: Wo-Chien|Pollen Puff|p2a: Glimmora\n|-heal|p2a: Glimmora|100\/100 slp\n|move|p1a: Iron Hands|Drain Punch|p2b: Wo-Chien\n|-supereffective|p2b: Wo-Chien\n|-damage|p2b: Wo-Chien|12\/100\n|-heal|p1a: Iron Hands|65\/100 psn|[from] drain|[of] p2b: Wo-Chien\n|move|p1b: Amoonguss|Pollen Puff|p2b: Wo-Chien\n|-supereffective|p2b: Wo-Chien\n|-damage|p2b: Wo-Chien|0 fnt\n|faint|p2b: Wo-Chien\n|\n|-damage|p1a: Iron Hands|53\/100 psn|[from] psn\n|upkeep\n|\n|t:|1682964498\n|switch|p2b: Garganacl|Garganacl, L50, F|100\/100\n|turn|8\n|\n|t:|1682964515\n|-terastallize|p2b: Garganacl|Ghost\n|cant|p2a: Glimmora|slp\n|move|p1a: Iron Hands|Drain Punch|p2b: Garganacl\n|-immune|p2b: Garganacl\n|move|p1b: Amoonguss|Pollen Puff|p1a: Iron Hands\n|-heal|p1a: Iron Hands|100\/100 psn\n|move|p2b: Garganacl|Salt Cure|p1b: Amoonguss\n|-damage|p1b: Amoonguss|86\/100\n|-start|p1b: Amoonguss|Salt Cure\n|\n|-damage|p1a: Iron Hands|88\/100 psn|[from] Leech Seed|[of] p2b: Garganacl\n|-damage|p1a: Iron Hands|76\/100 psn|[from] psn\n|-damage|p1b: Amoonguss|74\/100|[from] Salt Cure\n|upkeep\n|turn|9\n|inactive|Ricardo Randorez has 30 seconds left.\n|\n|t:|1682964546\n|move|p1a: Iron Hands|Protect|p1a: Iron Hands\n|-singleturn|p1a: Iron Hands|Protect\n|cant|p2a: Glimmora|slp\n|move|p1b: Amoonguss|Spore|p2a: Glimmora\n|-fail|p2a: Glimmora|slp\n|move|p2b: Garganacl|Salt Cure|p1a: Iron Hands\n|-activate|p1a: Iron Hands|move: Protect\n|\n|-damage|p1a: Iron Hands|64\/100 psn|[from] Leech Seed|[of] p2b: Garganacl\n|-damage|p1a: Iron Hands|51\/100 psn|[from] psn\n|-damage|p1b: Amoonguss|61\/100|[from] Salt Cure\n|upkeep\n|turn|10\n|l|\u2606LemonadeeeVGC\n|inactive|LemonadeeeVGC disconnected and has a minute to reconnect!\n|player|p1|\n|j|\u2606LemonadeeeVGC\n|inactive|LemonadeeeVGC reconnected and has 45 seconds left.\n|player|p1|LemonadeeeVGC|169\n|\n|t:|1682964564\n|move|p1b: Amoonguss|Protect|p1b: Amoonguss\n|-singleturn|p1b: Amoonguss|Protect\n|-curestatus|p2a: Glimmora|slp|[msg]\n|move|p2a: Glimmora|Sludge Bomb|p1b: Amoonguss\n|-activate|p1b: Amoonguss|move: Protect\n|move|p1a: Iron Hands|Wild Charge|p2b: Garganacl\n|-damage|p2b: Garganacl|72\/100\n|-damage|p1a: Iron Hands|46\/100 psn|[from] Recoil\n|move|p2b: Garganacl|Iron Defense|p2b: Garganacl\n|-boost|p2b: Garganacl|def|2\n|\n|-damage|p1a: Iron Hands|33\/100 psn|[from] Leech Seed|[of] p2b: Garganacl\n|-heal|p2b: Garganacl|88\/100|[silent]\n|-damage|p1a: Iron Hands|21\/100 psn|[from] psn\n|-damage|p1b: Amoonguss|49\/100|[from] Salt Cure\n|upkeep\n|-enditem|p1b: Amoonguss|Sitrus Berry|[eat]\n|-heal|p1b: Amoonguss|74\/100|[from] item: Sitrus Berry\n|turn|11\n|inactive|LemonadeeeVGC has 30 seconds left.\n|inactive|Ricardo Randorez has 30 seconds left.\n|\n|t:|1682964591\n|move|p2a: Glimmora|Earth Power|p1a: Iron Hands\n|-supereffective|p1a: Iron Hands\n|-damage|p1a: Iron Hands|0 fnt\n|faint|p1a: Iron Hands\n|-end|p1a: Iron Hands|Quark Drive|[silent]\n|move|p1b: Amoonguss|Pollen Puff|p1: Iron Hands|[notarget]\n|-fail|p1b: Amoonguss\n|move|p2b: Garganacl|Body Press|p1b: Amoonguss\n|-resisted|p1b: Amoonguss\n|-damage|p1b: Amoonguss|52\/100\n|\n|-damage|p1b: Amoonguss|40\/100|[from] Salt Cure\n|upkeep\n|\n|t:|1682964609\n|switch|p1a: Flutter Mane|Flutter Mane, L50|100\/100\n|-status|p1a: Flutter Mane|tox\n|turn|12\n|l|\u2606Ricardo Randorez\n|inactive|Ricardo Randorez disconnected and has a minute to reconnect!\n|player|p2|\n|j|\u2606Ricardo Randorez\n|inactive|Ricardo Randorez reconnected and has 50 seconds left.\n|player|p2|Ricardo Randorez|1\n|\n|t:|1682964630\n|move|p1a: Flutter Mane|Protect|p1a: Flutter Mane\n|-singleturn|p1a: Flutter Mane|Protect\n|move|p2a: Glimmora|Sludge Bomb|p1a: Flutter Mane\n|-activate|p1a: Flutter Mane|move: Protect\n|move|p1b: Amoonguss|Spore|p2a: Glimmora\n|-status|p2a: Glimmora|slp|[from] move: Spore\n|move|p2b: Garganacl|Iron Defense|p2b: Garganacl\n|-boost|p2b: Garganacl|def|2\n|\n|-damage|p1a: Flutter Mane|94\/100 tox|[from] psn\n|-damage|p1b: Amoonguss|28\/100|[from] Salt Cure\n|upkeep\n|turn|13\n|inactive|LemonadeeeVGC has 30 seconds left.\n|inactive|LemonadeeeVGC has 20 seconds left.\n|\n|t:|1682964666\n|move|p1b: Amoonguss|Rage Powder|p1b: Amoonguss\n|-singleturn|p1b: Amoonguss|move: Rage Powder\n|move|p1a: Flutter Mane|Shadow Ball|p2b: Garganacl\n|-supereffective|p2b: Garganacl\n|-damage|p2b: Garganacl|46\/100\n|-unboost|p2b: Garganacl|spd|1\n|-enditem|p2b: Garganacl|Sitrus Berry|[eat]\n|-heal|p2b: Garganacl|71\/100|[from] item: Sitrus Berry\n|cant|p2a: Glimmora|slp\n|move|p2b: Garganacl|Salt Cure|p1b: Amoonguss\n|-crit|p1b: Amoonguss\n|-damage|p1b: Amoonguss|13\/100\n|\n|-damage|p1a: Flutter Mane|82\/100 tox|[from] psn\n|-damage|p1b: Amoonguss|0 fnt|[from] Salt Cure\n|faint|p1b: Amoonguss\n|upkeep\n|turn|14\n|\n|t:|1682964690\n|move|p1a: Flutter Mane|Shadow Ball|p2b: Garganacl\n|-supereffective|p2b: Garganacl\n|-damage|p2b: Garganacl|6\/100\n|cant|p2a: Glimmora|slp\n|move|p2b: Garganacl|Recover|p2b: Garganacl\n|-heal|p2b: Garganacl|57\/100\n|\n|-damage|p1a: Flutter Mane|64\/100 tox|[from] psn\n|upkeep\n|turn|15\n|\n|t:|1682964710\n|move|p1a: Flutter Mane|Shadow Ball|p2b: Garganacl\n|-supereffective|p2b: Garganacl\n|-damage|p2b: Garganacl|0 fnt\n|faint|p2b: Garganacl\n|cant|p2a: Glimmora|slp\n|\n|-damage|p1a: Flutter Mane|39\/100 tox|[from] psn\n|upkeep\n|turn|16\n|\n|t:|1682964725\n|move|p1a: Flutter Mane|Moonblast|p2a: Glimmora\n|-resisted|p2a: Glimmora\n|-damage|p2a: Glimmora|85\/100 slp\n|-unboost|p2a: Glimmora|spa|1\n|-curestatus|p2a: Glimmora|slp|[msg]\n|move|p2a: Glimmora|Sludge Bomb|p1a: Flutter Mane\n|-damage|p1a: Flutter Mane|11\/100 tox\n|\n|-damage|p1a: Flutter Mane|0 fnt|[from] psn\n|faint|p1a: Flutter Mane\n|-end|p1a: Flutter Mane|Protosynthesis|[silent]\n|\n|win|Ricardo Randorez\n|upkeep\n|raw|LemonadeeeVGC's rating: 1247 → 1217<\/strong> (-30 for losing)\n|raw|Ricardo Randorez's rating: 1173 → 1203<\/strong> (+30 for winning)\n","uploadtime":1682964738,"views":16,"p1id":"lemonadeeevgc","p2id":"ricardorandorez","formatid":"gen9vgc2023regulationc","rating":1203,"private":0,"password":""}