{"id":"gen9vgc2023regulationc-1849649904","p1":"CoolSpot_VGC","p2":"nickfang7","format":"[Gen 9] VGC 2023 Regulation C","log":"|j|\u2606CoolSpot_VGC\n|j|\u2606nickfang7\n|t:|1682225675\n|gametype|doubles\n|player|p1|CoolSpot_VGC|bellelba|1335\n|player|p2|nickfang7|169|1303\n|teamsize|p1|6\n|teamsize|p2|6\n|gen|9\n|tier|[Gen 9] VGC 2023 Regulation C\n|rated|\n|rule|Species Clause: Limit one of each Pok\u00e9mon\n|rule|Item Clause: Limit one of each item\n|clearpoke\n|poke|p1|Klefki, L50, M|\n|poke|p1|Chien-Pao, L50|\n|poke|p1|Ting-Lu, L50|\n|poke|p1|Amoonguss, L50, F|\n|poke|p1|Flutter Mane, L50|\n|poke|p1|Gyarados, L50, M|\n|poke|p2|Talonflame, L50, M|\n|poke|p2|Garchomp, L50, F|\n|poke|p2|Orthworm, L50, M|\n|poke|p2|Ting-Lu, L50|\n|poke|p2|Amoonguss, L50, F|\n|poke|p2|Flutter Mane, L50|\n|teampreview|4\n|inactive|Battle timer is ON: inactive players will automatically lose when time's up. (requested by nickfang7)\nCoolSpot_VGC has agreed to open team sheets.\nnickfang7 has agreed to open team sheets.\n|inactive|CoolSpot_VGC has 60 seconds left.\n|inactive|CoolSpot_VGC has 30 seconds left.\n|inactive|CoolSpot_VGC has 20 seconds left.\n|inactive|CoolSpot_VGC has 15 seconds left.\n|inactive|CoolSpot_VGC has 10 seconds left.\n|\n|t:|1682225759\n|start\n|switch|p1a: Klefki|Klefki, L50, M|100\/100\n|switch|p1b: Chien-Pao|Chien-Pao, L50|100\/100\n|switch|p2a: Orthworm|Orthworm, L50, M|100\/100\n|switch|p2b: Ting-Lu|Ting-Lu, L50|100\/100\n|-ability|p1b: Chien-Pao|Sword of Ruin\n|-ability|p2b: Ting-Lu|Vessel of Ruin\n|turn|1\n|\n|t:|1682225778\n|-terastallize|p1b: Chien-Pao|Ghost\n|-terastallize|p2b: Ting-Lu|Water\n|move|p1a: Klefki|Reflect|p1a: Klefki\n|-sidestart|p1: CoolSpot_VGC|Reflect\n|move|p1b: Chien-Pao|Sacred Sword|p2a: Orthworm\n|-supereffective|p2a: Orthworm\n|-damage|p2a: Orthworm|25\/100\n|-enditem|p2a: Orthworm|Sitrus Berry|[eat]\n|-heal|p2a: Orthworm|50\/100|[from] item: Sitrus Berry\n|-damage|p1b: Chien-Pao|91\/100|[from] item: Life Orb\n|move|p2a: Orthworm|Body Press|p1b: Chien-Pao\n|-immune|p1b: Chien-Pao\n|move|p2b: Ting-Lu|Earthquake|p1a: Klefki|[spread] p1a,p1b\n|-heal|p2a: Orthworm|75\/100|[from] ability: Earth Eater|[of] p2b: Ting-Lu\n|-supereffective|p1a: Klefki\n|-damage|p1a: Klefki|47\/100\n|-damage|p1b: Chien-Pao|57\/100\n|\n|upkeep\n|turn|2\n|inactive|CoolSpot_VGC has 30 seconds left.\n|inactive|nickfang7 has 30 seconds left.\n|\n|t:|1682225810\n|switch|p1a: Gyarados|Gyarados, L50, M|100\/100\n|-ability|p1a: Gyarados|Intimidate|boost\n|-unboost|p2a: Orthworm|atk|1\n|-unboost|p2b: Ting-Lu|atk|1\n|switch|p2a: Flutter Mane|Flutter Mane, L50|100\/100\n|-enditem|p2a: Flutter Mane|Booster Energy\n|-activate|p2a: Flutter Mane|ability: Protosynthesis|[fromitem]\n|-start|p2a: Flutter Mane|protosynthesisspa\n|move|p1b: Chien-Pao|Sacred Sword|p2a: Flutter Mane\n|-immune|p2a: Flutter Mane\n|move|p2b: Ting-Lu|Stomping Tantrum|p1b: Chien-Pao\n|-damage|p1b: Chien-Pao|39\/100\n|\n|upkeep\n|turn|3\n|inactive|CoolSpot_VGC has 30 seconds left.\n|inactive|nickfang7 has 30 seconds left.\n|\n|t:|1682225846\n|move|p1b: Chien-Pao|Protect|p1b: Chien-Pao\n|-singleturn|p1b: Chien-Pao|Protect\n|move|p2a: Flutter Mane|Protect|p2a: Flutter Mane\n|-singleturn|p2a: Flutter Mane|Protect\n|move|p1a: Gyarados|Thunder Wave|p2a: Flutter Mane\n|-activate|p2a: Flutter Mane|move: Protect\n|move|p2b: Ting-Lu|Stomping Tantrum|p1b: Chien-Pao\n|-activate|p1b: Chien-Pao|move: Protect\n|\n|upkeep\n|turn|4\n|\n|t:|1682225860\n|-end|p2a: Flutter Mane|Protosynthesis|[silent]\n|switch|p2a: Amoonguss|Amoonguss, L50, F|100\/100\n|move|p1a: Gyarados|Helping Hand|p1b: Chien-Pao\n|-singleturn|p1b: Chien-Pao|Helping Hand|[of] p1a: Gyarados\n|move|p1b: Chien-Pao|Ice Spinner|p2a: Amoonguss\n|-supereffective|p2a: Amoonguss\n|-damage|p2a: Amoonguss|0 fnt\n|faint|p2a: Amoonguss\n|-damage|p1b: Chien-Pao|29\/100|[from] item: Life Orb\n|move|p2b: Ting-Lu|Stomping Tantrum|p1b: Chien-Pao\n|-damage|p1b: Chien-Pao|9\/100\n|\n|upkeep\n|\n|t:|1682225871\n|switch|p2a: Orthworm|Orthworm, L50, M|75\/100\n|turn|5\n|inactive|CoolSpot_VGC has 30 seconds left.\n|\n|t:|1682225899\n|move|p1b: Chien-Pao|Protect|p1b: Chien-Pao\n|-singleturn|p1b: Chien-Pao|Protect\n|move|p1a: Gyarados|Thunder Wave|p2b: Ting-Lu\n|-status|p2b: Ting-Lu|par\n|move|p2a: Orthworm|Shed Tail|p2a: Orthworm\n|-start|p2a: Orthworm|Substitute|[from] move: Shed Tail\n|-damage|p2a: Orthworm|25\/100\n|\n|t:|1682225906\n|switch|p2a: Flutter Mane|Flutter Mane, L50|100\/100|[from] Shed Tail\n|cant|p2b: Ting-Lu|par\n|\n|upkeep\n|turn|6\n|\n|t:|1682225915\n|switch|p1b: Klefki|Klefki, L50, M|47\/100\n|move|p2a: Flutter Mane|Dazzling Gleam|p1b: Klefki|[spread] p1a,p1b\n|-resisted|p1b: Klefki\n|-damage|p1a: Gyarados|81\/100\n|-damage|p1b: Klefki|33\/100\n|move|p1a: Gyarados|Waterfall|p2a: Flutter Mane\n|-end|p2a: Flutter Mane|Substitute\n|move|p2b: Ting-Lu|Ruination|p1a: Gyarados\n|-damage|p1a: Gyarados|41\/100\n|\n|upkeep\n|turn|7\n|inactive|CoolSpot_VGC has 30 seconds left.\n|\n|t:|1682225946\n|-end|p2a: Flutter Mane|Protosynthesis|[silent]\n|switch|p2a: Orthworm|Orthworm, L50, M|25\/100\n|move|p1b: Klefki|Light Screen|p1b: Klefki\n|-sidestart|p1: CoolSpot_VGC|move: Light Screen\n|move|p1a: Gyarados|Thunder Wave|p2a: Orthworm\n|-status|p2a: Orthworm|par\n|move|p2b: Ting-Lu|Earthquake|p1a: Gyarados|[spread] p1b\n|-heal|p2a: Orthworm|50\/100 par|[from] ability: Earth Eater|[of] p2b: Ting-Lu\n|-immune|p1a: Gyarados\n|-supereffective|p1b: Klefki\n|-damage|p1b: Klefki|6\/100\n|\n|upkeep\n|turn|8\n|\n|t:|1682225959\n|move|p1a: Gyarados|Waterfall|p2a: Orthworm\n|-damage|p2a: Orthworm|23\/100 par\n|move|p1b: Klefki|Dazzling Gleam|p2b: Ting-Lu|[spread] p2a,p2b\n|-resisted|p2a: Orthworm\n|-damage|p2a: Orthworm|15\/100 par\n|-damage|p2b: Ting-Lu|94\/100 par\n|move|p2a: Orthworm|Stealth Rock|p1b: Klefki\n|-sidestart|p1: CoolSpot_VGC|move: Stealth Rock\n|move|p2b: Ting-Lu|Earthquake|p1b: Klefki|[spread] p1b\n|-heal|p2a: Orthworm|40\/100 par|[from] ability: Earth Eater|[of] p2b: Ting-Lu\n|-immune|p1a: Gyarados\n|-supereffective|p1b: Klefki\n|-damage|p1b: Klefki|0 fnt\n|faint|p1b: Klefki\n|\n|-sideend|p1: CoolSpot_VGC|Reflect\n|upkeep\n|\n|t:|1682225971\n|switch|p1b: Chien-Pao|Chien-Pao, L50, tera:Ghost|9\/100\n|-damage|p1b: Chien-Pao|0 fnt|[from] Stealth Rock\n|faint|p1b: Chien-Pao\n|\n|t:|1682225974\n|switch|p1b: Flutter Mane|Flutter Mane, L50|100\/100\n|-damage|p1b: Flutter Mane|88\/100|[from] Stealth Rock\n|-enditem|p1b: Flutter Mane|Booster Energy\n|-activate|p1b: Flutter Mane|ability: Protosynthesis|[fromitem]\n|-start|p1b: Flutter Mane|protosynthesisspa\n|turn|9\n|inactive|CoolSpot_VGC has 30 seconds left.\n|inactive|CoolSpot_VGC has 20 seconds left.\n|inactive|CoolSpot_VGC has 15 seconds left.\n|inactive|CoolSpot_VGC has 10 seconds left.\n|inactive|nickfang7 has 30 seconds left.\n|inactive|CoolSpot_VGC has 5 seconds left.\n|\n|t:|1682226025\n|move|p1b: Flutter Mane|Hex|p2b: Ting-Lu\n|-damage|p2b: Ting-Lu|66\/100 par\n|move|p1a: Gyarados|Waterfall|p2b: Ting-Lu\n|-resisted|p2b: Ting-Lu\n|-damage|p2b: Ting-Lu|56\/100 par\n|move|p2a: Orthworm|Iron Head|p1a: Gyarados\n|-resisted|p1a: Gyarados\n|-damage|p1a: Gyarados|28\/100\n|cant|p2b: Ting-Lu|flinch\n|\n|upkeep\n|turn|10\n|\n|t:|1682226047\n|move|p1b: Flutter Mane|Hex|p2a: Orthworm\n|-damage|p2a: Orthworm|0 fnt\n|faint|p2a: Orthworm\n|move|p1a: Gyarados|Waterfall|p2b: Ting-Lu\n|-resisted|p2b: Ting-Lu\n|-damage|p2b: Ting-Lu|45\/100 par\n|move|p2b: Ting-Lu|Earthquake|p1b: Flutter Mane|[spread] p1b\n|-immune|p1a: Gyarados\n|-damage|p1b: Flutter Mane|58\/100\n|\n|upkeep\n|\n|t:|1682226056\n|switch|p2a: Flutter Mane|Flutter Mane, L50|100\/100\n|turn|11\n|inactive|CoolSpot_VGC has 30 seconds left.\n|inactive|CoolSpot_VGC has 20 seconds left.\n|inactive|CoolSpot_VGC has 15 seconds left.\n|\n|t:|1682226098\n|move|p2a: Flutter Mane|Protect|p2a: Flutter Mane\n|-singleturn|p2a: Flutter Mane|Protect\n|move|p1b: Flutter Mane|Hex|p1a: Gyarados\n|-damage|p1a: Gyarados|10\/100\n|move|p1a: Gyarados|Waterfall|p2b: Ting-Lu\n|-resisted|p2b: Ting-Lu\n|-damage|p2b: Ting-Lu|36\/100 par\n|cant|p2b: Ting-Lu|par\n|\n|upkeep\n|turn|12\n|\n|t:|1682226114\n|move|p1a: Gyarados|Helping Hand|p1b: Flutter Mane\n|-singleturn|p1b: Flutter Mane|Helping Hand|[of] p1a: Gyarados\n|move|p2a: Flutter Mane|Dazzling Gleam|p1a: Gyarados|[spread] p1a,p1b\n|-damage|p1a: Gyarados|0 fnt\n|-damage|p1b: Flutter Mane|44\/100\n|faint|p1a: Gyarados\n|move|p1b: Flutter Mane|Hex|p2a: Flutter Mane\n|-supereffective|p2a: Flutter Mane\n|-damage|p2a: Flutter Mane|6\/100\n|move|p2b: Ting-Lu|Heavy Slam|p1b: Flutter Mane\n|-supereffective|p1b: Flutter Mane\n|-damage|p1b: Flutter Mane|0 fnt\n|faint|p1b: Flutter Mane\n|-end|p1b: Flutter Mane|Protosynthesis|[silent]\n|\n|win|nickfang7\n|raw|CoolSpot_VGC's rating: 1335 → 1313<\/strong> (-22 for losing)\n|raw|nickfang7's rating: 1303 → 1325<\/strong> (+22 for winning)\n|l|\u2606nickfang7\n","uploadtime":1682226129,"views":16,"p1id":"coolspotvgc","p2id":"nickfang7","formatid":"gen9vgc2023regulationc","rating":1313,"private":0,"password":""}