{"id":"gen9vgc2023regulationc-1860838579","p1":"AnimeRedneck","p2":"MarcyNoDay","format":"[Gen 9] VGC 2023 Regulation C","log":"|j|\u2606AnimeRedneck\n|j|\u2606MarcyNoDay\n|t:|1683684124\n|gametype|doubles\n|player|p1|AnimeRedneck|pryce|\n|player|p2|MarcyNoDay|rocketgruntf|\n|teamsize|p1|6\n|teamsize|p2|6\n|gen|9\n|tier|[Gen 9] VGC 2023 Regulation C\n|rule|Species Clause: Limit one of each Pok\u00e9mon\n|rule|Item Clause: Limit one of each item\n|clearpoke\n|poke|p1|Orthworm, L50, M|\n|poke|p1|Dragonite, L50, F|\n|poke|p1|Chien-Pao, L50|\n|poke|p1|Ting-Lu, L50|\n|poke|p1|Flutter Mane, L50|\n|poke|p1|Arcanine, L50, M|\n|poke|p2|Chi-Yu, L50|\n|poke|p2|Gyarados, L50, F|\n|poke|p2|Iron Hands, L50|\n|poke|p2|Flutter Mane, L50|\n|poke|p2|Ting-Lu, L50|\n|poke|p2|Gholdengo, L50|\n|teampreview|4\n|inactive|Battle timer is ON: inactive players will automatically lose when time's up. (requested by MarcyNoDay)\nAnimeRedneck has agreed to open team sheets.\n|inactive|AnimeRedneck has 60 seconds left.\n|inactive|MarcyNoDay has 60 seconds left.\n|\n|t:|1683684177\n|start\n|switch|p1a: Prilosec OTC|Arcanine, L50, M, shiny|100\/100\n|switch|p1b: Adderall|Chien-Pao, L50|100\/100\n|switch|p2a: Chi-Yu|Chi-Yu, L50|100\/100\n|switch|p2b: Flutter Mane|Flutter Mane, L50|100\/100\n|-ability|p1b: Adderall|Sword of Ruin\n|-ability|p1a: Prilosec OTC|Intimidate|boost\n|-unboost|p2a: Chi-Yu|atk|1\n|-unboost|p2b: Flutter Mane|atk|1\n|-ability|p2a: Chi-Yu|Beads of Ruin\n|-enditem|p2b: Flutter Mane|Booster Energy\n|-activate|p2b: Flutter Mane|ability: Protosynthesis|[fromitem]\n|-start|p2b: Flutter Mane|protosynthesisspa\n|turn|1\n|inactive|AnimeRedneck has 30 seconds left.\n|inactive|MarcyNoDay has 30 seconds left.\n|\n|t:|1683684211\n|move|p1b: Adderall|Protect|p1b: Adderall\n|-singleturn|p1b: Adderall|Protect\n|move|p2b: Flutter Mane|Dazzling Gleam|p1b: Adderall|[spread] p1a\n|-activate|p1b: Adderall|move: Protect\n|-resisted|p1a: Prilosec OTC\n|-damage|p1a: Prilosec OTC|71\/100\n|move|p1a: Prilosec OTC|Howl|p1a: Prilosec OTC|[spread] p1a,p1b\n|-boost|p1a: Prilosec OTC|atk|1\n|-boost|p1b: Adderall|atk|1\n|move|p2a: Chi-Yu|Nasty Plot|p2a: Chi-Yu\n|-boost|p2a: Chi-Yu|spa|2\n|\n|upkeep\n|turn|2\n|\n|t:|1683684234\n|move|p1b: Adderall|Sacred Sword|p2a: Chi-Yu\n|-supereffective|p2a: Chi-Yu\n|-damage|p2a: Chi-Yu|0 fnt\n|faint|p2a: Chi-Yu\n|move|p2b: Flutter Mane|Shadow Ball|p1a: Prilosec OTC\n|-crit|p1a: Prilosec OTC\n|-damage|p1a: Prilosec OTC|0 fnt\n|faint|p1a: Prilosec OTC\n|\n|upkeep\n|inactive|AnimeRedneck has 30 seconds left.\n|\n|t:|1683684267\n|switch|p1a: Seroquel|Ting-Lu, L50|100\/100\n|switch|p2a: Gholdengo|Gholdengo, L50|100\/100\n|-ability|p1a: Seroquel|Vessel of Ruin\n|turn|3\n|\n|t:|1683684285\n|-terastallize|p2a: Gholdengo|Water\n|move|p1b: Adderall|Sucker Punch|p2b: Flutter Mane\n|-damage|p2b: Flutter Mane|0 fnt\n|faint|p2b: Flutter Mane\n|-end|p2b: Flutter Mane|Protosynthesis|[silent]\n|move|p2a: Gholdengo|Nasty Plot|p2a: Gholdengo\n|-boost|p2a: Gholdengo|spa|2\n|move|p1a: Seroquel|Earthquake|p2a: Gholdengo|[spread] p1b,p2a\n|-damage|p1b: Adderall|61\/100\n|-damage|p2a: Gholdengo|71\/100\n|\n|upkeep\n|\n|t:|1683684295\n|switch|p2b: Iron Hands|Iron Hands, L50|100\/100\n|turn|4\n|\n|t:|1683684306\n|-terastallize|p1a: Seroquel|Grass\n|move|p1b: Adderall|Protect|p1b: Adderall\n|-singleturn|p1b: Adderall|Protect\n|move|p2b: Iron Hands|Fake Out|p1b: Adderall\n|-activate|p1b: Adderall|move: Protect\n|move|p2a: Gholdengo|Nasty Plot|p2a: Gholdengo\n|-boost|p2a: Gholdengo|spa|2\n|move|p1a: Seroquel|Earthquake|p2b: Iron Hands|[spread] p2a,p2b\n|-activate|p1b: Adderall|move: Protect\n|-supereffective|p2b: Iron Hands\n|-damage|p2a: Gholdengo|42\/100\n|-damage|p2b: Iron Hands|47\/100\n|\n|upkeep\n|turn|5\n|\n|t:|1683684328\n|move|p2a: Gholdengo|Protect|p2a: Gholdengo\n|-singleturn|p2a: Gholdengo|Protect\n|move|p1b: Adderall|Sucker Punch||[still]\n|-fail|p1b: Adderall\n|move|p2b: Iron Hands|Drain Punch|p1b: Adderall\n|-supereffective|p1b: Adderall\n|-damage|p1b: Adderall|0 fnt\n|-heal|p2b: Iron Hands|68\/100|[from] drain|[of] p1b: Adderall\n|faint|p1b: Adderall\n|move|p1a: Seroquel|Earthquake|p2b: Iron Hands|[spread] p2b\n|-activate|p2a: Gholdengo|move: Protect\n|-supereffective|p2b: Iron Hands\n|-damage|p2b: Iron Hands|25\/100\n|\n|upkeep\n|\n|t:|1683684340\n|switch|p1b: Xanax|Flutter Mane, L50, shiny|100\/100\n|-enditem|p1b: Xanax|Booster Energy\n|-activate|p1b: Xanax|ability: Protosynthesis|[fromitem]\n|-start|p1b: Xanax|protosynthesisspe\n|turn|6\n|\n|t:|1683684352\n|move|p1b: Xanax|Protect|p1b: Xanax\n|-singleturn|p1b: Xanax|Protect\n|move|p2a: Gholdengo|Make It Rain|p1b: Xanax|[spread] p1a\n|-activate|p1b: Xanax|move: Protect\n|-damage|p1a: Seroquel|36\/100\n|-unboost|p2a: Gholdengo|spa|1\n|-damage|p2a: Gholdengo|32\/100|[from] item: Life Orb\n|move|p2b: Iron Hands|Thunder Punch|p1b: Xanax\n|-activate|p1b: Xanax|move: Protect\n|move|p1a: Seroquel|Earthquake|p2a: Gholdengo|[spread] p2a,p2b\n|-activate|p1b: Xanax|move: Protect\n|-supereffective|p2b: Iron Hands\n|-damage|p2a: Gholdengo|7\/100\n|-damage|p2b: Iron Hands|0 fnt\n|faint|p2b: Iron Hands\n|-end|p2b: Iron Hands|Quark Drive|[silent]\n|\n|upkeep\n|turn|7\n|\n|t:|1683684373\n|move|p1b: Xanax|Icy Wind|p2a: Gholdengo\n|-resisted|p2a: Gholdengo\n|-damage|p2a: Gholdengo|1\/100\n|-unboost|p2a: Gholdengo|spe|1\n|move|p2a: Gholdengo|Make It Rain|p1b: Xanax|[spread] p1a,p1b\n|-supereffective|p1b: Xanax\n|-damage|p1a: Seroquel|0 fnt\n|-damage|p1b: Xanax|0 fnt\n|-unboost|p2a: Gholdengo|spa|1\n|faint|p1a: Seroquel\n|faint|p1b: Xanax\n|-end|p1b: Xanax|Protosynthesis|[silent]\n|-damage|p2a: Gholdengo|0 fnt|[from] item: Life Orb\n|faint|p2a: Gholdengo\n|\n|win|MarcyNoDay\n|l|\u2606AnimeRedneck\n","uploadtime":1683684463,"views":21,"p1id":"animeredneck","p2id":"marcynoday","formatid":"gen9vgc2023regulationc","rating":0,"private":0,"password":""}