{"id":"gen9vgc2023regulationc-1857981051","p1":"LobsterLiveGaming","p2":"SM0KESgirl","format":"[Gen 9] VGC 2023 Regulation C","log":"|j|\u2606LobsterLiveGaming\n|j|\u2606SM0KESgirl\n|t:|1683255408\n|gametype|doubles\n|player|p1|LobsterLiveGaming|darach-caitlin|1353\n|player|p2|SM0KESgirl|skyla|1350\n|teamsize|p1|6\n|teamsize|p2|6\n|gen|9\n|tier|[Gen 9] VGC 2023 Regulation C\n|rated|\n|rule|Species Clause: Limit one of each Pok\u00e9mon\n|rule|Item Clause: Limit one of each item\n|clearpoke\n|poke|p1|Garchomp, L50, M|\n|poke|p1|Talonflame, L50, F|\n|poke|p1|Arcanine, L50, F|\n|poke|p1|Iron Bundle, L50|\n|poke|p1|Flutter Mane, L50|\n|poke|p1|Amoonguss, L50, M|\n|poke|p2|Gholdengo, L50|\n|poke|p2|Murkrow, L50, M|\n|poke|p2|Baxcalibur, L50, M|\n|poke|p2|Annihilape, L50, M|\n|poke|p2|Flutter Mane, L50|\n|poke|p2|Amoonguss, L50, M|\n|teampreview|4\n|inactive|Battle timer is ON: inactive players will automatically lose when time's up. (requested by LobsterLiveGaming)\n|inactive|LobsterLiveGaming has 60 seconds left.\n|\n|t:|1683255457\n|start\n|switch|p1a: Garchomp|Garchomp, L50, M|100\/100\n|switch|p1b: Talonflame|Talonflame, L50, F|100\/100\n|switch|p2a: Flutter Mane|Flutter Mane, L50|100\/100\n|switch|p2b: Gholdengo|Gholdengo, L50|100\/100\n|turn|1\n|\n|t:|1683255479\n|-terastallize|p1a: Garchomp|Steel\n|move|p1b: Talonflame|Brave Bird|p2a: Flutter Mane\n|-enditem|p2a: Flutter Mane|Focus Sash\n|-damage|p2a: Flutter Mane|1\/100\n|-damage|p1b: Talonflame|72\/100|[from] Recoil\n|move|p1a: Garchomp|Swords Dance|p1a: Garchomp\n|-boost|p1a: Garchomp|atk|2\n|move|p2b: Gholdengo|Make It Rain|p1b: Talonflame|[spread] p1a,p1b\n|-resisted|p1a: Garchomp\n|-resisted|p1b: Talonflame\n|-damage|p1a: Garchomp|55\/100\n|-damage|p1b: Talonflame|14\/100\n|-unboost|p2b: Gholdengo|spa|1\n|move|p2a: Flutter Mane|Trick Room|p2a: Flutter Mane\n|-fieldstart|move: Trick Room|[of] p2a: Flutter Mane\n|\n|upkeep\n|turn|2\n|inactive|SM0KESgirl has 30 seconds left.\n|\n|t:|1683255507\n|move|p2b: Gholdengo|Make It Rain|p1a: Garchomp|[spread] p1a,p1b\n|-resisted|p1a: Garchomp\n|-resisted|p1b: Talonflame\n|-damage|p1a: Garchomp|27\/100\n|-damage|p1b: Talonflame|0 fnt\n|-unboost|p2b: Gholdengo|spa|1\n|faint|p1b: Talonflame\n|move|p1a: Garchomp|Earthquake|p2a: Flutter Mane|[spread] p2a,p2b\n|-supereffective|p2b: Gholdengo\n|-damage|p2a: Flutter Mane|0 fnt\n|-damage|p2b: Gholdengo|0 fnt\n|faint|p2a: Flutter Mane\n|-end|p2a: Flutter Mane|Protosynthesis|[silent]\n|faint|p2b: Gholdengo\n|-damage|p1a: Garchomp|17\/100|[from] item: Life Orb\n|\n|upkeep\n|\n|t:|1683255524\n|switch|p2b: Annihilape|Annihilape, L50, M|100\/100\n|switch|p1b: Arcanine|Arcanine, L50, F|100\/100\n|switch|p2a: Baxcalibur|Baxcalibur, L50, M|100\/100\n|-ability|p1b: Arcanine|Intimidate|boost\n|-unboost|p2a: Baxcalibur|atk|1\n|-unboost|p2b: Annihilape|atk|1\n|-ability|p2b: Annihilape|Defiant|boost\n|-boost|p2b: Annihilape|atk|2\n|turn|3\n|inactive|LobsterLiveGaming has 30 seconds left.\n|inactive|SM0KESgirl has 30 seconds left.\n|inactive|LobsterLiveGaming has 20 seconds left.\n|\n|t:|1683255559\n|move|p2b: Annihilape|Protect|p2b: Annihilape\n|-singleturn|p2b: Annihilape|Protect\n|move|p1b: Arcanine|Protect|p1b: Arcanine\n|-singleturn|p1b: Arcanine|Protect\n|move|p1a: Garchomp|Protect|p1a: Garchomp\n|-singleturn|p1a: Garchomp|Protect\n|move|p2a: Baxcalibur|Ice Shard|p1a: Garchomp\n|-activate|p1a: Garchomp|move: Protect\n|\n|upkeep\n|turn|4\n|\n|t:|1683255581\n|move|p2a: Baxcalibur|Ice Shard|p1a: Garchomp\n|-resisted|p1a: Garchomp\n|-damage|p1a: Garchomp|9\/100\n|move|p2b: Annihilape|Bulk Up|p2b: Annihilape\n|-boost|p2b: Annihilape|atk|1\n|-boost|p2b: Annihilape|def|1\n|move|p1b: Arcanine|Flare Blitz|p2a: Baxcalibur\n|-damage|p2a: Baxcalibur|61\/100\n|-ability|p2a: Baxcalibur|Thermal Exchange|boost\n|-boost|p2a: Baxcalibur|atk|1\n|-damage|p1b: Arcanine|83\/100|[from] Recoil\n|move|p1a: Garchomp|Rock Slide|p2b: Annihilape|[spread] p2b\n|-miss|p1a: Garchomp|p2a: Baxcalibur\n|-resisted|p2b: Annihilape\n|-damage|p2b: Annihilape|86\/100\n|-damage|p1a: Garchomp|0 fnt|[from] item: Life Orb\n|faint|p1a: Garchomp\n|\n|-heal|p2b: Annihilape|92\/100|[from] item: Leftovers\n|upkeep\n|\n|t:|1683255593\n|switch|p1a: Flutter Mane|Flutter Mane, L50|100\/100\n|turn|5\n|\n|t:|1683255614\n|move|p2b: Annihilape|Protect|p2b: Annihilape\n|-singleturn|p2b: Annihilape|Protect\n|move|p1b: Arcanine|Protect|p1b: Arcanine\n|-singleturn|p1b: Arcanine|Protect\n|move|p2a: Baxcalibur|Earthquake|p1a: Flutter Mane|[spread] p1a\n|-activate|p2b: Annihilape|move: Protect\n|-activate|p1b: Arcanine|move: Protect\n|-damage|p1a: Flutter Mane|34\/100\n|move|p1a: Flutter Mane|Dazzling Gleam|p2a: Baxcalibur|[spread] p2a\n|-activate|p2b: Annihilape|move: Protect\n|-supereffective|p2a: Baxcalibur\n|-damage|p2a: Baxcalibur|1\/100\n|\n|-heal|p2b: Annihilape|98\/100|[from] item: Leftovers\n|-fieldend|move: Trick Room\n|upkeep\n|turn|6\n|inactive|SM0KESgirl has 30 seconds left.\n|inactive|SM0KESgirl has 20 seconds left.\n|inactive|SM0KESgirl has 15 seconds left.\n|\n|t:|1683255655\n|move|p1b: Arcanine|Extreme Speed|p2a: Baxcalibur\n|-damage|p2a: Baxcalibur|0 fnt\n|faint|p2a: Baxcalibur\n|move|p1a: Flutter Mane|Dazzling Gleam|p2b: Annihilape\n|-supereffective|p2b: Annihilape\n|-damage|p2b: Annihilape|14\/100\n|move|p2b: Annihilape|Rage Fist|p1b: Arcanine\n|-damage|p1b: Arcanine|0 fnt\n|faint|p1b: Arcanine\n|\n|-heal|p2b: Annihilape|20\/100|[from] item: Leftovers\n|upkeep\n|turn|7\n|c|\u2606LobsterLiveGaming|gg\n|inactive|SM0KESgirl has 30 seconds left.\n|inactive|SM0KESgirl has 20 seconds left.\n|\n|t:|1683255693\n|move|p2b: Annihilape|Protect|p2b: Annihilape\n|-singleturn|p2b: Annihilape|Protect\n|move|p1a: Flutter Mane|Dazzling Gleam|p2b: Annihilape\n|-activate|p2b: Annihilape|move: Protect\n|\n|-heal|p2b: Annihilape|26\/100|[from] item: Leftovers\n|upkeep\n|turn|8\n|\n|t:|1683255715\n|-terastallize|p2b: Annihilape|Grass\n|move|p1a: Flutter Mane|Dazzling Gleam|p2b: Annihilape\n|-damage|p2b: Annihilape|0 fnt\n|faint|p2b: Annihilape\n|\n|win|LobsterLiveGaming\n|raw|LobsterLiveGaming's rating: 1353 → 1373<\/strong> (+20 for winning)\n|raw|SM0KESgirl's rating: 1350 → 1330<\/strong> (-20 for losing)\n|c|\u2606LobsterLiveGaming|gg\n|l|\u2606LobsterLiveGaming\n","uploadtime":1683255729,"views":9,"p1id":"lobsterlivegaming","p2id":"sm0kesgirl","formatid":"gen9vgc2023regulationc","rating":1330,"private":0,"password":""}