{"id":"gen9vgc2023regulationc-1851707291","p1":"mugiwaraLux","p2":"to-sin","format":"[Gen 9] VGC 2023 Regulation C","log":"|j|\u2606mugiwaraLux\n|j|\u2606to-sin\n|t:|1682472439\n|gametype|doubles\n|player|p1|mugiwaraLux|102|1334\n|player|p2|to-sin|1|1285\n|teamsize|p1|6\n|teamsize|p2|6\n|gen|9\n|tier|[Gen 9] VGC 2023 Regulation C\n|rated|\n|rule|Species Clause: Limit one of each Pok\u00e9mon\n|rule|Item Clause: Limit one of each item\n|clearpoke\n|poke|p1|Palafin, L50, F|\n|poke|p1|Amoonguss, L50, F|\n|poke|p1|Flutter Mane, L50|\n|poke|p1|Arcanine, L50, F|\n|poke|p1|Roaring Moon, L50|\n|poke|p1|Chien-Pao, L50|\n|poke|p2|Flutter Mane, L50|\n|poke|p2|Torkoal, L50, F|\n|poke|p2|Great Tusk, L50|\n|poke|p2|Oranguru, L50, F|\n|poke|p2|Lilligant, L50, F|\n|poke|p2|Indeedee-F, L50, F|\n|teampreview|4\n|inactive|Battle timer is ON: inactive players will automatically lose when time's up. (requested by mugiwaraLux)\nmugiwaraLux has agreed to open team sheets.\n|\n|t:|1682472460\n|start\n|switch|p1a: Roaring Moon|Roaring Moon, L50|100\/100\n|switch|p1b: Palafin|Palafin, L50, F|100\/100\n|switch|p2a: Great Tusk|Great Tusk, L50|100\/100\n|switch|p2b: Oranguru|Oranguru, L50, F|100\/100\n|-enditem|p1a: Roaring Moon|Booster Energy\n|-activate|p1a: Roaring Moon|ability: Protosynthesis|[fromitem]\n|-start|p1a: Roaring Moon|protosynthesisatk\n|turn|1\n|\n|t:|1682472476\n|detailschange|p1b: Palafin|Palafin-Hero, L50, F\n|switch|p1b: ChiYu|Arcanine, L50, F|100\/100\n|-ability|p1b: ChiYu|Intimidate|boost\n|-unboost|p2a: Great Tusk|atk|1\n|-unboost|p2b: Oranguru|atk|1\n|-terastallize|p2a: Great Tusk|Ground\n|-terastallize|p1a: Roaring Moon|Flying\n|move|p2a: Great Tusk|Earthquake|p1a: Roaring Moon|[spread] p1b\n|-activate|p2b: Oranguru|ability: Telepathy\n|-immune|p1a: Roaring Moon\n|-supereffective|p1b: ChiYu\n|-damage|p1b: ChiYu|23\/100\n|move|p1a: Roaring Moon|Acrobatics|p2a: Great Tusk\n|-damage|p2a: Great Tusk|39\/100\n|move|p2b: Oranguru|Trick Room|p2b: Oranguru\n|-fieldstart|move: Trick Room|[of] p2b: Oranguru\n|\n|upkeep\n|turn|2\n|\n|t:|1682472497\n|-end|p2a: Great Tusk|Protosynthesis|[silent]\n|switch|p2a: Torkoal|Torkoal, L50, F|100\/100\n|-weather|SunnyDay|[from] ability: Drought|[of] p2a: Torkoal\n|move|p1b: ChiYu|Protect|p1b: ChiYu\n|-singleturn|p1b: ChiYu|Protect\n|move|p2b: Oranguru|Foul Play|p1b: ChiYu\n|-activate|p1b: ChiYu|move: Protect\n|move|p1a: Roaring Moon|Throat Chop|p2b: Oranguru\n|-supereffective|p2b: Oranguru\n|-damage|p2b: Oranguru|11\/100\n|-start|p2b: Oranguru|Throat Chop|[silent]\n|\n|-weather|SunnyDay|[upkeep]\n|upkeep\n|turn|3\n|\n|t:|1682472516\n|move|p1a: Roaring Moon|Protect|p1a: Roaring Moon\n|-singleturn|p1a: Roaring Moon|Protect\n|move|p1b: ChiYu|Extreme Speed|p2a: Torkoal\n|-damage|p2a: Torkoal|83\/100\n|move|p2a: Torkoal|Eruption|p1a: Roaring Moon|[spread] p1b\n|-activate|p1a: Roaring Moon|move: Protect\n|-resisted|p1b: ChiYu\n|-damage|p1b: ChiYu|0 fnt\n|faint|p1b: ChiYu\n|move|p2b: Oranguru|Instruct|p2a: Torkoal\n|-singleturn|p2a: Torkoal|move: Instruct|[of] p2b: Oranguru\n|move|p2a: Torkoal|Eruption|p1a: Roaring Moon\n|-activate|p1a: Roaring Moon|move: Protect\n|\n|-weather|SunnyDay|[upkeep]\n|-end|p2b: Oranguru|Throat Chop|[silent]\n|upkeep\n|\n|t:|1682472525\n|switch|p1b: Palafin|Palafin-Hero, L50, F|100\/100\n|-activate|p1b: Palafin|ability: Zero to Hero\n|turn|4\n|\n|t:|1682472540\n|move|p1b: Palafin|Jet Punch|p2b: Oranguru\n|-damage|p2b: Oranguru|0 fnt\n|faint|p2b: Oranguru\n|move|p2a: Torkoal|Eruption|p1b: Palafin|[spread] p1a,p1b\n|-crit|p1a: Roaring Moon\n|-resisted|p1b: Palafin\n|-crit|p1b: Palafin\n|-damage|p1a: Roaring Moon|1\/100\n|-damage|p1b: Palafin|47\/100\n|move|p1a: Roaring Moon|Throat Chop|p2a: Torkoal\n|-damage|p2a: Torkoal|39\/100\n|-start|p2a: Torkoal|Throat Chop|[silent]\n|\n|-weather|SunnyDay|[upkeep]\n|upkeep\n|\n|t:|1682472553\n|switch|p2b: Flutter Mane|Flutter Mane, L50|100\/100\n|-activate|p2b: Flutter Mane|ability: Protosynthesis\n|-start|p2b: Flutter Mane|protosynthesisspe\n|turn|5\n|inactive|mugiwaraLux has 30 seconds left.\n|\n|t:|1682472578\n|move|p1b: Palafin|Jet Punch|p2a: Torkoal\n|-supereffective|p2a: Torkoal\n|-damage|p2a: Torkoal|7\/100\n|move|p2a: Torkoal|Eruption|p1b: Palafin|[spread] p1a,p1b\n|-resisted|p1b: Palafin\n|-damage|p1a: Roaring Moon|0 fnt\n|-damage|p1b: Palafin|44\/100\n|faint|p1a: Roaring Moon\n|-end|p1a: Roaring Moon|Protosynthesis|[silent]\n|move|p2b: Flutter Mane|Dazzling Gleam|p1b: Palafin\n|-damage|p1b: Palafin|0 fnt\n|faint|p1b: Palafin\n|\n|-weather|SunnyDay|[upkeep]\n|-end|p2a: Torkoal|Throat Chop|[silent]\n|-fieldend|move: Trick Room\n|upkeep\n|\n|t:|1682472582\n|switch|p1b: Chien-Pao|Chien-Pao, L50|100\/100\n|-ability|p1b: Chien-Pao|Sword of Ruin\n|turn|6\n|\n|t:|1682472589\n|move|p1b: Chien-Pao|Protect|p1b: Chien-Pao\n|-singleturn|p1b: Chien-Pao|Protect\n|move|p2b: Flutter Mane|Dazzling Gleam|p1b: Chien-Pao\n|-activate|p1b: Chien-Pao|move: Protect\n|move|p2a: Torkoal|Flamethrower|p1b: Chien-Pao\n|-activate|p1b: Chien-Pao|move: Protect\n|\n|-weather|none\n|-end|p2b: Flutter Mane|Protosynthesis\n|upkeep\n|turn|7\n|inactive|to-sin has 30 seconds left.\n|c|\u2606mugiwaraLux|gg\n|\n|t:|1682472620\n|move|p1b: Chien-Pao|Sucker Punch|p2a: Torkoal\n|-damage|p2a: Torkoal|0 fnt\n|faint|p2a: Torkoal\n|move|p2b: Flutter Mane|Dazzling Gleam|p1b: Chien-Pao\n|-supereffective|p1b: Chien-Pao\n|-enditem|p1b: Chien-Pao|Focus Sash\n|-damage|p1b: Chien-Pao|1\/100\n|\n|upkeep\n|\n|t:|1682472623\n|switch|p2a: Great Tusk|Great Tusk, L50, tera:Ground|39\/100\n|turn|8\n|\n|t:|1682472629\n|move|p1b: Chien-Pao|Protect|p1b: Chien-Pao\n|-singleturn|p1b: Chien-Pao|Protect\n|move|p2a: Great Tusk|Close Combat|p1b: Chien-Pao\n|-activate|p1b: Chien-Pao|move: Protect\n|move|p2b: Flutter Mane|Dazzling Gleam|p1b: Chien-Pao\n|-activate|p1b: Chien-Pao|move: Protect\n|\n|upkeep\n|turn|9\n|\n|t:|1682472634\n|move|p2a: Great Tusk|Close Combat|p1b: Chien-Pao\n|-supereffective|p1b: Chien-Pao\n|-damage|p1b: Chien-Pao|0 fnt\n|-unboost|p2a: Great Tusk|def|1\n|-unboost|p2a: Great Tusk|spd|1\n|faint|p1b: Chien-Pao\n|\n|win|to-sin\n|raw|mugiwaraLux's rating: 1334 → 1311<\/strong> (-23 for losing)\n|raw|to-sin's rating: 1285 → 1314<\/strong> (+29 for winning)\n|l|\u2606to-sin\n","uploadtime":1682472641,"views":12,"p1id":"mugiwaralux","p2id":"tosin","formatid":"gen9vgc2023regulationc","rating":1311,"private":0,"password":""}