{"id":"gen9vgc2023regulationc-1846042810","p1":"BigE3L","p2":"starburst48763","format":"[Gen 9] VGC 2023 Regulation C","log":"|j|\u2606BigE3L\n|j|\u2606starburst48763\n|t:|1681796406\n|gametype|doubles\n|player|p1|BigE3L|crasherwake|1104\n|player|p2|starburst48763|elesa-masters|1163\n|teamsize|p1|6\n|teamsize|p2|6\n|gen|9\n|tier|[Gen 9] VGC 2023 Regulation C\n|rated|\n|rule|Species Clause: Limit one of each Pok\u00e9mon\n|rule|Item Clause: Limit one of each item\n|clearpoke\n|poke|p1|Glimmora, L50, F|\n|poke|p1|Flutter Mane, L50|\n|poke|p1|Tropius, L50, F|\n|poke|p1|Ting-Lu, L50|\n|poke|p1|Klefki, L50, M|\n|poke|p1|Gastrodon-East, L50, F|\n|poke|p2|Ceruledge, L50, M|\n|poke|p2|Amoonguss, L50, M|\n|poke|p2|Gyarados, L50, F|\n|poke|p2|Ting-Lu, L50|\n|poke|p2|Glimmora, L50, M|\n|poke|p2|Flutter Mane, L50|\n|teampreview|4\nBigE3L has agreed to open team sheets.\n|inactive|Battle timer is ON: inactive players will automatically lose when time's up. (requested by BigE3L)\n|\n|t:|1681796435\n|start\n|switch|p1a: Glimmora|Glimmora, L50, F|100\/100\n|switch|p1b: Ting-Lu|Ting-Lu, L50|100\/100\n|switch|p2a: Ceruledge|Ceruledge, L50, M|100\/100\n|switch|p2b: Gyarados|Gyarados, L50, F|100\/100\n|-ability|p2b: Gyarados|Intimidate|boost\n|-unboost|p1a: Glimmora|atk|1\n|-unboost|p1b: Ting-Lu|atk|1\n|-ability|p1b: Ting-Lu|Vessel of Ruin\n|turn|1\n|\n|t:|1681796455\n|move|p2b: Gyarados|Waterfall|p1a: Glimmora\n|-supereffective|p1a: Glimmora\n|-damage|p1a: Glimmora|31\/100\n|move|p1a: Glimmora|Mortal Spin|p2b: Gyarados|[spread] p2a,p2b\n|-resisted|p2a: Ceruledge\n|-damage|p2a: Ceruledge|99\/100\n|-damage|p2b: Gyarados|97\/100\n|-status|p2a: Ceruledge|psn\n|-status|p2b: Gyarados|psn\n|move|p2a: Ceruledge|Bulk Up|p2a: Ceruledge\n|-boost|p2a: Ceruledge|atk|1\n|-boost|p2a: Ceruledge|def|1\n|move|p1b: Ting-Lu|Ruination|p2b: Gyarados\n|-damage|p2b: Gyarados|49\/100 psn\n|\n|-damage|p2b: Gyarados|37\/100 psn|[from] psn\n|-damage|p2a: Ceruledge|87\/100 psn|[from] psn\n|upkeep\n|turn|2\n|inactive|BigE3L has 30 seconds left.\n|\n|t:|1681796482\n|move|p2b: Gyarados|Waterfall|p1a: Glimmora\n|-supereffective|p1a: Glimmora\n|-damage|p1a: Glimmora|0 fnt\n|faint|p1a: Glimmora\n|move|p2a: Ceruledge|Bulk Up|p2a: Ceruledge\n|-boost|p2a: Ceruledge|atk|1\n|-boost|p2a: Ceruledge|def|1\n|move|p1b: Ting-Lu|Ruination|p2a: Ceruledge\n|-damage|p2a: Ceruledge|44\/100 psn\n|\n|-damage|p2b: Gyarados|24\/100 psn|[from] psn\n|-damage|p2a: Ceruledge|31\/100 psn|[from] psn\n|upkeep\n|-enditem|p2b: Gyarados|Figy Berry|[eat]\n|-heal|p2b: Gyarados|58\/100 psn|[from] item: Figy Berry\n|\n|t:|1681796498\n|switch|p1a: Flutter Mane|Flutter Mane, L50|100\/100\n|-enditem|p1a: Flutter Mane|Booster Energy\n|-activate|p1a: Flutter Mane|ability: Protosynthesis|[fromitem]\n|-start|p1a: Flutter Mane|protosynthesisspa\n|turn|3\n|\n|t:|1681796517\n|switch|p2b: Amoonguss|Amoonguss, L50, M|100\/100\n|-terastallize|p1a: Flutter Mane|Fairy\n|move|p2a: Ceruledge|Shadow Sneak|p1a: Flutter Mane\n|-damage|p1a: Flutter Mane|49\/100\n|move|p1a: Flutter Mane|Dazzling Gleam|p2a: Ceruledge|[spread] p2a,p2b\n|-resisted|p2a: Ceruledge\n|-resisted|p2b: Amoonguss\n|-damage|p2a: Ceruledge|15\/100 psn\n|-damage|p2b: Amoonguss|86\/100\n|move|p1b: Ting-Lu|Ruination|p2b: Amoonguss|[miss]\n|-miss|p1b: Ting-Lu|p2b: Amoonguss\n|\n|-damage|p2a: Ceruledge|2\/100 psn|[from] psn\n|upkeep\n|turn|4\n|\n|t:|1681796534\n|move|p1a: Flutter Mane|Protect|p1a: Flutter Mane\n|-singleturn|p1a: Flutter Mane|Protect\n|move|p2a: Ceruledge|Bitter Blade|p1b: Ting-Lu\n|-damage|p1b: Ting-Lu|54\/100\n|-heal|p2a: Ceruledge|39\/100 psn|[from] drain|[of] p1b: Ting-Lu\n|move|p1b: Ting-Lu|Ruination|p2b: Amoonguss\n|-damage|p2b: Amoonguss|43\/100\n|move|p2b: Amoonguss|Spore|p1a: Flutter Mane\n|-activate|p1a: Flutter Mane|move: Protect\n|\n|-damage|p2a: Ceruledge|27\/100 psn|[from] psn\n|upkeep\n|turn|5\n|\n|t:|1681796549\n|switch|p2b: Gyarados|Gyarados, L50, F|58\/100 psn\n|-ability|p2b: Gyarados|Intimidate|boost\n|-unboost|p1a: Flutter Mane|atk|1\n|-unboost|p1b: Ting-Lu|atk|1\n|move|p2a: Ceruledge|Shadow Sneak|p1a: Flutter Mane\n|-damage|p1a: Flutter Mane|0 fnt\n|faint|p1a: Flutter Mane\n|-end|p1a: Flutter Mane|Protosynthesis|[silent]\n|move|p1b: Ting-Lu|Stomping Tantrum|p2b: Gyarados\n|-immune|p2b: Gyarados\n|\n|-damage|p2b: Gyarados|45\/100 psn|[from] psn\n|-damage|p2a: Ceruledge|14\/100 psn|[from] psn\n|upkeep\n|\n|t:|1681796552\n|switch|p1a: Tropius|Tropius, L50, F|100\/100\n|turn|6\n|inactive|BigE3L has 30 seconds left.\n|\n|t:|1681796583\n|move|p1a: Tropius|Protect|p1a: Tropius\n|-singleturn|p1a: Tropius|Protect\n|move|p2b: Gyarados|Whirlpool|p1b: Ting-Lu\n|-supereffective|p1b: Ting-Lu\n|-damage|p1b: Ting-Lu|47\/100\n|-activate|p1b: Ting-Lu|move: Whirlpool|[of] p2b: Gyarados\n|move|p2a: Ceruledge|Bitter Blade|p1a: Tropius\n|-activate|p1a: Tropius|move: Protect\n|move|p1b: Ting-Lu|Ruination|p2b: Gyarados\n|-damage|p2b: Gyarados|23\/100 psn\n|\n|-damage|p2b: Gyarados|11\/100 psn|[from] psn\n|-damage|p2a: Ceruledge|2\/100 psn|[from] psn\n|-damage|p1b: Ting-Lu|34\/100|[from] move: Whirlpool|[partiallytrapped]\n|upkeep\n|turn|7\n|\n|t:|1681796603\n|move|p1a: Tropius|Protect||[still]\n|-fail|p1a: Tropius\n|move|p2b: Gyarados|Waterfall|p1b: Ting-Lu\n|-supereffective|p1b: Ting-Lu\n|-damage|p1b: Ting-Lu|0 fnt\n|faint|p1b: Ting-Lu\n|move|p2a: Ceruledge|Bitter Blade|p1a: Tropius\n|-supereffective|p1a: Tropius\n|-damage|p1a: Tropius|0 fnt\n|-heal|p2a: Ceruledge|63\/100 psn|[from] drain|[of] p1a: Tropius\n|faint|p1a: Tropius\n|\n|win|starburst48763\n|raw|BigE3L's rating: 1104 → 1083<\/strong> (-21 for losing)\n|raw|starburst48763's rating: 1163 → 1184<\/strong> (+21 for winning)\n","uploadtime":1681796615,"views":6,"p1id":"bige3l","p2id":"starburst48763","formatid":"gen9vgc2023regulationc","rating":1083,"private":0,"password":""}