{"id":"gen9vgc2023regulationc-1858414949","p1":"choiceapricot","p2":"LeafeonLou12","format":"[Gen 9] VGC 2023 Regulation C","log":"|j|\u2606choiceapricot\n|j|\u2606LeafeonLou12\n|t:|1683310145\n|gametype|doubles\n|player|p1|choiceapricot|101|1212\n|player|p2|LeafeonLou12|2|1254\n|teamsize|p1|6\n|teamsize|p2|6\n|gen|9\n|tier|[Gen 9] VGC 2023 Regulation C\n|rated|\n|rule|Species Clause: Limit one of each Pok\u00e9mon\n|rule|Item Clause: Limit one of each item\n|clearpoke\n|poke|p1|Ting-Lu, L50|\n|poke|p1|Corviknight, L50, M|\n|poke|p1|Amoonguss, L50, F|\n|poke|p1|Gyarados, L50, F|\n|poke|p1|Dragonite, L50, M|\n|poke|p1|Chien-Pao, L50|\n|poke|p2|Rotom-Fan, L50|\n|poke|p2|Torkoal, L50, M|\n|poke|p2|Indeedee, L50, M|\n|poke|p2|Drifblim, L50, F|\n|poke|p2|Chi-Yu, L50|\n|poke|p2|Great Tusk, L50|\n|teampreview|4\nLeafeonLou12 has agreed to open team sheets.\n|\n|t:|1683310168\n|start\n|switch|p1a: Corviknight|Corviknight, L50, M|100\/100\n|switch|p1b: Ting-Lu|Ting-Lu, L50|100\/100\n|switch|p2a: Rotom|Rotom-Fan, L50|100\/100\n|switch|p2b: Indeedee|Indeedee, L50, M|100\/100\n|-fieldstart|move: Psychic Terrain|[from] ability: Psychic Surge|[of] p2b: Indeedee\n|-ability|p1b: Ting-Lu|Vessel of Ruin\n|turn|1\n|\n|t:|1683310197\n|move|p2b: Indeedee|Trick|p1b: Ting-Lu\n|-activate|p2b: Indeedee|move: Trick|[of] p1b: Ting-Lu\n|-item|p1b: Ting-Lu|Choice Scarf|[from] move: Trick\n|-item|p2b: Indeedee|Assault Vest|[from] move: Trick\n|move|p1b: Ting-Lu|Rock Slide|p2b: Indeedee|[spread] p2a\n|-miss|p1b: Ting-Lu|p2b: Indeedee\n|-supereffective|p2a: Rotom\n|-damage|p2a: Rotom|62\/100\n|cant|p2a: Rotom|flinch\n|move|p1a: Corviknight|Taunt|p2b: Indeedee\n|-start|p2b: Indeedee|move: Taunt\n|\n|upkeep\n|turn|2\n|\n|t:|1683310218\n|-terastallize|p2a: Rotom|Electric\n|move|p2b: Indeedee|Dazzling Gleam|p1b: Ting-Lu|[spread] p1a,p1b\n|-resisted|p1a: Corviknight\n|-supereffective|p1b: Ting-Lu\n|-damage|p1a: Corviknight|96\/100\n|-damage|p1b: Ting-Lu|75\/100\n|move|p1b: Ting-Lu|Rock Slide|p2b: Indeedee|[spread] p2a,p2b\n|-damage|p2a: Rotom|42\/100\n|-damage|p2b: Indeedee|64\/100\n|-enditem|p2a: Rotom|Sitrus Berry|[eat]\n|-heal|p2a: Rotom|67\/100|[from] item: Sitrus Berry\n|move|p2a: Rotom|Volt Switch|p1a: Corviknight\n|-supereffective|p1a: Corviknight\n|-damage|p1a: Corviknight|41\/100\n|\n|t:|1683310231\n|switch|p2a: Drifblim|Drifblim, L50, F|100\/100|[from] Volt Switch\n|-enditem|p2a: Drifblim|Psychic Seed\n|-boost|p2a: Drifblim|spd|1|[from] item: Psychic Seed\n|move|p1a: Corviknight|Screech|p2a: Drifblim\n|-unboost|p2a: Drifblim|def|2\n|\n|upkeep\n|turn|3\n|\n|t:|1683310246\n|move|p2a: Drifblim|Tailwind|p2a: Drifblim\n|-sidestart|p2: LeafeonLou12|move: Tailwind\n|move|p2b: Indeedee|Dazzling Gleam|p1a: Corviknight|[spread] p1a,p1b\n|-resisted|p1a: Corviknight\n|-supereffective|p1b: Ting-Lu\n|-damage|p1a: Corviknight|36\/100\n|-damage|p1b: Ting-Lu|49\/100\n|move|p1b: Ting-Lu|Rock Slide|p2a: Drifblim|[spread] p2a\n|-miss|p1b: Ting-Lu|p2b: Indeedee\n|-supereffective|p2a: Drifblim\n|-damage|p2a: Drifblim|0 fnt\n|faint|p2a: Drifblim\n|move|p1a: Corviknight|Tailwind|p1a: Corviknight\n|-sidestart|p1: choiceapricot|move: Tailwind\n|\n|upkeep\n|\n|t:|1683310254\n|switch|p2a: Great Tusk|Great Tusk, L50|100\/100\n|turn|4\n|\n|t:|1683310293\n|switch|p2b: Rotom|Rotom-Fan, L50, tera:Electric|67\/100\n|switch|p1b: Gyarados|Gyarados, L50, F|100\/100\n|-ability|p1b: Gyarados|Intimidate|boost\n|-unboost|p2a: Great Tusk|atk|1\n|-unboost|p2b: Rotom|atk|1\n|move|p1a: Corviknight|Screech|p2a: Great Tusk\n|-unboost|p2a: Great Tusk|def|2\n|move|p2a: Great Tusk|Ice Spinner|p1a: Corviknight\n|-damage|p1a: Corviknight|19\/100\n|-fieldend|move: Psychic Terrain\n|\n|upkeep\n|turn|5\n|\n|t:|1683310323\n|move|p1b: Gyarados|Waterfall|p2b: Rotom\n|-damage|p2b: Rotom|18\/100\n|move|p2b: Rotom|Discharge|p1a: Corviknight|[spread] p1a,p1b\n|-immune|p2a: Great Tusk\n|-supereffective|p1a: Corviknight\n|-supereffective|p1b: Gyarados\n|-damage|p1a: Corviknight|0 fnt\n|-damage|p1b: Gyarados|0 fnt\n|faint|p1a: Corviknight\n|faint|p1b: Gyarados\n|move|p2a: Great Tusk|Close Combat|p1: Corviknight|[notarget]\n|-fail|p2a: Great Tusk\n|\n|upkeep\n|\n|t:|1683310335\n|switch|p1b: Ting-Lu|Ting-Lu, L50|49\/100\n|switch|p1a: Amoonguss|Amoonguss, L50, F|100\/100\n|-ability|p1b: Ting-Lu|Vessel of Ruin\n|turn|6\n|\n|t:|1683310363\n|-end|p2a: Great Tusk|Protosynthesis|[silent]\n|switch|p2a: Indeedee|Indeedee, L50, M|64\/100\n|-fieldstart|move: Psychic Terrain|[from] ability: Psychic Surge|[of] p2a: Indeedee\n|move|p1b: Ting-Lu|Rock Slide|p2b: Rotom|[spread] p2a,p2b\n|-damage|p2a: Indeedee|30\/100\n|-damage|p2b: Rotom|0 fnt\n|faint|p2b: Rotom\n|move|p1a: Amoonguss|Spore|p2a: Indeedee\n|-status|p2a: Indeedee|slp|[from] move: Spore\n|\n|-sideend|p1: choiceapricot|move: Tailwind\n|-sideend|p2: LeafeonLou12|move: Tailwind\n|upkeep\n|\n|t:|1683310370\n|switch|p2b: Great Tusk|Great Tusk, L50|100\/100\n|turn|7\n|\n|t:|1683310380\n|cant|p2a: Indeedee|slp\n|move|p1b: Ting-Lu|Rock Slide|p2b: Great Tusk|[spread] p2a,p2b\n|-crit|p2a: Indeedee\n|-resisted|p2b: Great Tusk\n|-damage|p2a: Indeedee|0 fnt\n|-damage|p2b: Great Tusk|98\/100\n|faint|p2a: Indeedee\n|move|p2b: Great Tusk|Ice Spinner|p1a: Amoonguss\n|-supereffective|p1a: Amoonguss\n|-crit|p1a: Amoonguss\n|-damage|p1a: Amoonguss|1\/100\n|-fieldend|move: Psychic Terrain\n|-enditem|p1a: Amoonguss|Sitrus Berry|[eat]\n|-heal|p1a: Amoonguss|26\/100|[from] item: Sitrus Berry\n|move|p1a: Amoonguss|Spore|p2b: Great Tusk\n|-status|p2b: Great Tusk|slp|[from] move: Spore\n|\n|upkeep\n|turn|8\n|inactive|Battle timer is ON: inactive players will automatically lose when time's up. (requested by LeafeonLou12)\n|\n|t:|1683310402\n|move|p1b: Ting-Lu|Rock Slide|p2b: Great Tusk\n|-resisted|p2b: Great Tusk\n|-damage|p2b: Great Tusk|94\/100 slp\n|cant|p2b: Great Tusk|slp\n|move|p1a: Amoonguss|Pollen Puff|p2b: Great Tusk\n|-resisted|p2b: Great Tusk\n|-damage|p2b: Great Tusk|88\/100 slp\n|\n|upkeep\n|turn|9\n|\n|t:|1683310416\n|move|p1b: Ting-Lu|Rock Slide|p2b: Great Tusk\n|-resisted|p2b: Great Tusk\n|-damage|p2b: Great Tusk|85\/100 slp\n|cant|p2b: Great Tusk|slp\n|move|p1a: Amoonguss|Pollen Puff|p1b: Ting-Lu\n|-heal|p1b: Ting-Lu|98\/100\n|\n|upkeep\n|turn|10\n|\n|t:|1683310439\n|move|p1b: Ting-Lu|Rock Slide|p2b: Great Tusk\n|-resisted|p2b: Great Tusk\n|-crit|p2b: Great Tusk\n|-damage|p2b: Great Tusk|79\/100 slp\n|-curestatus|p2b: Great Tusk|slp|[msg]\n|move|p2b: Great Tusk|Ice Spinner|p1a: Amoonguss\n|-supereffective|p1a: Amoonguss\n|-crit|p1a: Amoonguss\n|-damage|p1a: Amoonguss|0 fnt\n|faint|p1a: Amoonguss\n|\n|upkeep\n|turn|11\n|\n|t:|1683310448\n|move|p1b: Ting-Lu|Rock Slide|p2b: Great Tusk\n|-resisted|p2b: Great Tusk\n|-damage|p2b: Great Tusk|76\/100\n|move|p2b: Great Tusk|Ice Spinner|p1b: Ting-Lu\n|-supereffective|p1b: Ting-Lu\n|-damage|p1b: Ting-Lu|59\/100\n|\n|upkeep\n|turn|12\n|\n|t:|1683310455\n|move|p1b: Ting-Lu|Rock Slide|p2b: Great Tusk|[miss]\n|-miss|p1b: Ting-Lu|p2b: Great Tusk\n|move|p2b: Great Tusk|Close Combat|p1b: Ting-Lu\n|-supereffective|p1b: Ting-Lu\n|-damage|p1b: Ting-Lu|0 fnt\n|-unboost|p2b: Great Tusk|def|1\n|-unboost|p2b: Great Tusk|spd|1\n|faint|p1b: Ting-Lu\n|\n|win|LeafeonLou12\n|raw|choiceapricot's rating: 1212 → 1190<\/strong> (-22 for losing)\n|raw|LeafeonLou12's rating: 1254 → 1276<\/strong> (+22 for winning)\n","uploadtime":1683310461,"views":10,"p1id":"choiceapricot","p2id":"leafeonlou12","formatid":"gen9vgc2023regulationc","rating":1190,"private":0,"password":""}