{"id":"gen9vgc2023regulationc-1848399613","p1":"TuP1cha","p2":"Nukoshowdown","format":"[Gen 9] VGC 2023 Regulation C","log":"|j|\u2606TuP1cha\n|j|\u2606Nukoshowdown\n|t:|1682072651\n|gametype|doubles\n|player|p1|TuP1cha|silver|1162\n|player|p2|Nukoshowdown|dawn|1149\n|teamsize|p1|6\n|teamsize|p2|6\n|gen|9\n|tier|[Gen 9] VGC 2023 Regulation C\n|rated|\n|rule|Species Clause: Limit one of each Pok\u00e9mon\n|rule|Item Clause: Limit one of each item\n|clearpoke\n|poke|p1|Annihilape, L50, M|\n|poke|p1|Amoonguss, L50, F|\n|poke|p1|Chi-Yu, L50|\n|poke|p1|Gyarados, L50, F|\n|poke|p1|Flutter Mane, L50|\n|poke|p1|Kingambit, L50, M|\n|poke|p2|Dragapult, L50, F|\n|poke|p2|Ceruledge, L50, F|\n|poke|p2|Arcanine, L50, F|\n|poke|p2|Amoonguss, L50, M|\n|poke|p2|Braviary, L50, M|\n|poke|p2|Chien-Pao, L50|\n|teampreview|4\nTuP1cha has agreed to open team sheets.\n|inactive|Battle timer is ON: inactive players will automatically lose when time's up. (requested by TuP1cha)\n|inactive|TuP1cha has 60 seconds left.\n|\n|t:|1682072704\n|start\n|switch|p1a: Flutter Mane|Flutter Mane, L50|100\/100\n|switch|p1b: Kingambit|Kingambit, L50, M|100\/100\n|switch|p2a: Braviary|Braviary, L50, M|100\/100\n|switch|p2b: Ceruledge|Ceruledge, L50, F|100\/100\n|-enditem|p1a: Flutter Mane|Booster Energy\n|-activate|p1a: Flutter Mane|ability: Protosynthesis|[fromitem]\n|-start|p1a: Flutter Mane|protosynthesisspe\n|turn|1\n|inactive|TuP1cha has 30 seconds left.\n|\n|t:|1682072736\n|-terastallize|p2b: Ceruledge|Grass\n|move|p1a: Flutter Mane|Shadow Ball|p2b: Ceruledge\n|-damage|p2b: Ceruledge|55\/100\n|move|p2a: Braviary|Close Combat|p1b: Kingambit\n|-supereffective|p1b: Kingambit\n|-damage|p1b: Kingambit|0 fnt\n|-unboost|p2a: Braviary|def|1\n|-unboost|p2a: Braviary|spd|1\n|faint|p1b: Kingambit\n|move|p2b: Ceruledge|Swords Dance|p2b: Ceruledge\n|-boost|p2b: Ceruledge|atk|2\n|\n|-heal|p2b: Ceruledge|61\/100|[from] item: Leftovers\n|upkeep\n|\n|t:|1682072751\n|switch|p1b: Gyarados|Gyarados, L50, F, shiny|100\/100\n|-ability|p1b: Gyarados|Intimidate|boost\n|-unboost|p2a: Braviary|atk|1\n|-ability|p2a: Braviary|Defiant|boost\n|-boost|p2a: Braviary|atk|2\n|-unboost|p2b: Ceruledge|atk|1\n|turn|2\n|\n|t:|1682072774\n|-terastallize|p1a: Flutter Mane|Fairy\n|move|p2b: Ceruledge|Shadow Sneak|p1a: Flutter Mane\n|-damage|p1a: Flutter Mane|43\/100\n|move|p1a: Flutter Mane|Dazzling Gleam|p2a: Braviary|[spread] p2a,p2b\n|-damage|p2a: Braviary|24\/100\n|-damage|p2b: Ceruledge|15\/100\n|move|p2a: Braviary|Close Combat|p1b: Gyarados\n|-resisted|p1b: Gyarados\n|-damage|p1b: Gyarados|70\/100\n|-unboost|p2a: Braviary|def|1\n|-unboost|p2a: Braviary|spd|1\n|move|p1b: Gyarados|Waterfall|p2a: Braviary\n|-damage|p2a: Braviary|0 fnt\n|faint|p2a: Braviary\n|\n|-heal|p2b: Ceruledge|21\/100|[from] item: Leftovers\n|upkeep\n|\n|t:|1682072791\n|switch|p2a: ChiYu|Arcanine, L50, F|100\/100\n|-ability|p2a: ChiYu|Intimidate|boost\n|-unboost|p1a: Flutter Mane|atk|1\n|-unboost|p1b: Gyarados|atk|1\n|turn|3\n|inactive|Nukoshowdown has 30 seconds left.\n|\n|t:|1682072820\n|move|p1a: Flutter Mane|Protect|p1a: Flutter Mane\n|-singleturn|p1a: Flutter Mane|Protect\n|move|p2b: Ceruledge|Protect|p2b: Ceruledge\n|-singleturn|p2b: Ceruledge|Protect\n|move|p2a: ChiYu|Extreme Speed|p1a: Flutter Mane\n|-activate|p1a: Flutter Mane|move: Protect\n|move|p1b: Gyarados|Icy Wind|p2b: Ceruledge|[spread] p2a\n|-activate|p2b: Ceruledge|move: Protect\n|-resisted|p2a: ChiYu\n|-damage|p2a: ChiYu|97\/100\n|-unboost|p2a: ChiYu|spe|1\n|\n|-heal|p2b: Ceruledge|27\/100|[from] item: Leftovers\n|upkeep\n|turn|4\n|\n|t:|1682072842\n|-end|p1a: Flutter Mane|Protosynthesis|[silent]\n|switch|p1a: Annihilape|Annihilape, L50, M|100\/100\n|move|p2a: ChiYu|Extreme Speed|p1a: Annihilape\n|-immune|p1a: Annihilape\n|move|p2b: Ceruledge|Shadow Sneak|p1a: Annihilape\n|-supereffective|p1a: Annihilape\n|-damage|p1a: Annihilape|42\/100\n|move|p1b: Gyarados|Icy Wind|p2b: Ceruledge|[spread] p2a,p2b\n|-resisted|p2a: ChiYu\n|-supereffective|p2b: Ceruledge\n|-damage|p2a: ChiYu|94\/100\n|-damage|p2b: Ceruledge|14\/100\n|-unboost|p2a: ChiYu|spe|1\n|-unboost|p2b: Ceruledge|spe|1\n|\n|-heal|p1a: Annihilape|48\/100|[from] item: Leftovers\n|-heal|p2b: Ceruledge|20\/100|[from] item: Leftovers\n|upkeep\n|turn|5\n|\n|t:|1682072865\n|switch|p2a: WoChien|Amoonguss, L50, M|100\/100\n|move|p1a: Annihilape|Protect|p1a: Annihilape\n|-singleturn|p1a: Annihilape|Protect\n|move|p2b: Ceruledge|Protect|p2b: Ceruledge\n|-singleturn|p2b: Ceruledge|Protect\n|move|p1b: Gyarados|Waterfall|p2b: Ceruledge\n|-activate|p2b: Ceruledge|move: Protect\n|\n|-heal|p1a: Annihilape|54\/100|[from] item: Leftovers\n|-heal|p2b: Ceruledge|26\/100|[from] item: Leftovers\n|upkeep\n|turn|6\n|inactive|TuP1cha has 30 seconds left.\n|\n|t:|1682072894\n|move|p1a: Annihilape|Protect|p1a: Annihilape\n|-singleturn|p1a: Annihilape|Protect\n|move|p2a: WoChien|Rage Powder|p2a: WoChien\n|-singleturn|p2a: WoChien|move: Rage Powder\n|move|p2b: Ceruledge|Shadow Sneak|p1a: Annihilape\n|-activate|p1a: Annihilape|move: Protect\n|move|p1b: Gyarados|Taunt|p2a: WoChien\n|-start|p2a: WoChien|move: Taunt\n|\n|-heal|p1a: Annihilape|61\/100|[from] item: Leftovers\n|-heal|p2b: Ceruledge|32\/100|[from] item: Leftovers\n|upkeep\n|turn|7\n|inactive|TuP1cha has 30 seconds left.\n|inactive|Nukoshowdown has 30 seconds left.\n|\n|t:|1682072922\n|switch|p1b: Flutter Mane|Flutter Mane, L50, tera:Fairy|43\/100\n|move|p2b: Ceruledge|Shadow Sneak|p1a: Annihilape\n|-supereffective|p1a: Annihilape\n|-damage|p1a: Annihilape|0 fnt\n|faint|p1a: Annihilape\n|move|p2a: WoChien|Pollen Puff|p2b: Ceruledge\n|-heal|p2b: Ceruledge|82\/100\n|\n|-heal|p2b: Ceruledge|89\/100|[from] item: Leftovers\n|upkeep\n|\n|t:|1682072942\n|switch|p1a: Gyarados|Gyarados, L50, F, shiny|70\/100\n|-ability|p1a: Gyarados|Intimidate|boost\n|-unboost|p2a: WoChien|atk|1\n|-unboost|p2b: Ceruledge|atk|1\n|turn|8\n|\n|t:|1682072966\n|switch|p2b: ChiYu|Arcanine, L50, F|94\/100\n|-ability|p2b: ChiYu|Intimidate|boost\n|-unboost|p1a: Gyarados|atk|1\n|-unboost|p1b: Flutter Mane|atk|1\n|move|p1b: Flutter Mane|Moonblast|p2b: ChiYu\n|-resisted|p2b: ChiYu\n|-damage|p2b: ChiYu|60\/100\n|move|p1a: Gyarados|Waterfall|p2b: ChiYu\n|-supereffective|p2b: ChiYu\n|-damage|p2b: ChiYu|10\/100\n|move|p2a: WoChien|Pollen Puff|p1b: Flutter Mane\n|-resisted|p1b: Flutter Mane\n|-damage|p1b: Flutter Mane|35\/100\n|\n|upkeep\n|turn|9\n|\n|t:|1682072987\n|move|p1b: Flutter Mane|Protect|p1b: Flutter Mane\n|-singleturn|p1b: Flutter Mane|Protect\n|move|p2b: ChiYu|Extreme Speed|p1b: Flutter Mane\n|-activate|p1b: Flutter Mane|move: Protect\n|move|p1a: Gyarados|Waterfall|p2b: ChiYu\n|-supereffective|p2b: ChiYu\n|-damage|p2b: ChiYu|0 fnt\n|faint|p2b: ChiYu\n|move|p2a: WoChien|Pollen Puff|p2: ChiYu|[notarget]\n|-fail|p2a: WoChien\n|\n|-end|p2a: WoChien|move: Taunt\n|upkeep\n|\n|t:|1682072989\n|switch|p2b: Ceruledge|Ceruledge, L50, F, tera:Grass|89\/100\n|turn|10\n|inactive|TuP1cha has 30 seconds left.\n|\n|t:|1682073020\n|move|p2a: WoChien|Rage Powder|p2a: WoChien\n|-singleturn|p2a: WoChien|move: Rage Powder\n|move|p2b: Ceruledge|Shadow Sneak|p1b: Flutter Mane\n|-damage|p1b: Flutter Mane|0 fnt\n|faint|p1b: Flutter Mane\n|-end|p1b: Flutter Mane|Protosynthesis|[silent]\n|move|p1a: Gyarados|Thunder Wave|p2a: WoChien\n|-status|p2a: WoChien|par\n|\n|-heal|p2b: Ceruledge|95\/100|[from] item: Leftovers\n|upkeep\n|turn|11\n|\n|t:|1682073032\n|move|p1a: Gyarados|Icy Wind|p2b: Ceruledge|[spread] p2a,p2b\n|-supereffective|p2a: WoChien\n|-supereffective|p2b: Ceruledge\n|-damage|p2a: WoChien|91\/100 par\n|-damage|p2b: Ceruledge|81\/100\n|-unboost|p2a: WoChien|spe|1\n|-unboost|p2b: Ceruledge|spe|1\n|move|p2b: Ceruledge|Swords Dance|p2b: Ceruledge\n|-boost|p2b: Ceruledge|atk|2\n|move|p2a: WoChien|Spore|p1a: Gyarados\n|-status|p1a: Gyarados|slp|[from] move: Spore\n|-enditem|p1a: Gyarados|Lum Berry|[eat]\n|-curestatus|p1a: Gyarados|slp|[msg]\n|\n|-heal|p2b: Ceruledge|87\/100|[from] item: Leftovers\n|upkeep\n|turn|12\n|\n|t:|1682073047\n|move|p2a: WoChien|Rage Powder|p2a: WoChien\n|-singleturn|p2a: WoChien|move: Rage Powder\n|move|p1a: Gyarados|Taunt|p2a: WoChien\n|-start|p2a: WoChien|move: Taunt\n|move|p2b: Ceruledge|Swords Dance|p2b: Ceruledge\n|-boost|p2b: Ceruledge|atk|2\n|\n|-heal|p2b: Ceruledge|94\/100|[from] item: Leftovers\n|upkeep\n|turn|13\n|\n|t:|1682073060\n|move|p1a: Gyarados|Thunder Wave|p2b: Ceruledge|[miss]\n|-miss|p1a: Gyarados|p2b: Ceruledge\n|move|p2b: Ceruledge|Bitter Blade|p1a: Gyarados\n|-resisted|p1a: Gyarados\n|-damage|p1a: Gyarados|0 fnt\n|-heal|p2b: Ceruledge|100\/100|[from] drain|[of] p1a: Gyarados\n|faint|p1a: Gyarados\n|\n|win|Nukoshowdown\n|raw|TuP1cha's rating: 1162 → 1136<\/strong> (-26 for losing)\n|raw|Nukoshowdown's rating: 1149 → 1175<\/strong> (+26 for winning)\n|l|\u2606Nukoshowdown\n","uploadtime":1682073089,"views":11,"p1id":"tup1cha","p2id":"nukoshowdown","formatid":"gen9vgc2023regulationc","rating":1136,"private":0,"password":""}