{"id":"gen9vgc2023regulationc-1855930811","p1":"Fluttermane Eyes","p2":"Queen Marill","format":"[Gen 9] VGC 2023 Regulation C","log":"|j|\u2606Fluttermane Eyes\n|j|\u2606Queen Marill\n|t:|1683002405\n|gametype|doubles\n|player|p1|Fluttermane Eyes|riley|1265\n|player|p2|Queen Marill|cynthia-gen4|1279\n|teamsize|p1|6\n|teamsize|p2|6\n|gen|9\n|tier|[Gen 9] VGC 2023 Regulation C\n|rated|\n|rule|Species Clause: Limit one of each Pok\u00e9mon\n|rule|Item Clause: Limit one of each item\n|clearpoke\n|poke|p1|Farigiraf, L50, M|\n|poke|p1|Chi-Yu, L50|\n|poke|p1|Flutter Mane, L50|\n|poke|p1|Scizor, L50, M|\n|poke|p1|Iron Bundle, L50|\n|poke|p1|Iron Hands, L50|\n|poke|p2|Dondozo, L50, F|\n|poke|p2|Tatsugiri, L50, F|\n|poke|p2|Glimmora, L50, M|\n|poke|p2|Iron Bundle, L50|\n|poke|p2|Chi-Yu, L50|\n|poke|p2|Dragonite, L50, M|\n|teampreview|4\nQueen Marill has agreed to open team sheets.\n|\n|t:|1683002478\n|start\n|switch|p1a: Farigiraf|Farigiraf, L50, M, shiny|100\/100\n|switch|p1b: Iron Hands|Iron Hands, L50|100\/100\n|switch|p2a: Chi-Yu|Chi-Yu, L50|100\/100\n|switch|p2b: Dondozo|Dondozo, L50, F|100\/100\n|-ability|p2a: Chi-Yu|Beads of Ruin\n|turn|1\n|\n|t:|1683002512\n|move|p2a: Chi-Yu|Protect|p2a: Chi-Yu\n|-singleturn|p2a: Chi-Yu|Protect\n|move|p1b: Iron Hands|Fake Out|p2a: Chi-Yu\n|-activate|p2a: Chi-Yu|move: Protect\n|move|p2b: Dondozo|Substitute|p2b: Dondozo\n|-start|p2b: Dondozo|Substitute\n|-damage|p2b: Dondozo|76\/100\n|move|p1a: Farigiraf|Trick Room|p1a: Farigiraf\n|-fieldstart|move: Trick Room|[of] p1a: Farigiraf\n|\n|-heal|p2b: Dondozo|82\/100|[from] item: Leftovers\n|upkeep\n|turn|2\n|\n|t:|1683002531\n|switch|p2a: Tatsugiri|Tatsugiri, L50, F|100\/100\n|-activate|p2a: Tatsugiri|ability: Commander|[of] p2b: Dondozo\n|-boost|p2b: Dondozo|atk|2\n|-boost|p2b: Dondozo|spa|2\n|-boost|p2b: Dondozo|spe|2\n|-boost|p2b: Dondozo|def|2\n|-boost|p2b: Dondozo|spd|2\n|move|p2b: Dondozo|Protect|p2b: Dondozo\n|-singleturn|p2b: Dondozo|Protect\n|move|p1b: Iron Hands|Drain Punch|p2a: Tatsugiri|[miss]\n|-miss|p1b: Iron Hands|p2a: Tatsugiri\n|move|p1a: Farigiraf|Hyper Voice|p2a: Tatsugiri|[spread] \n|-miss|p1a: Farigiraf|p2a: Tatsugiri\n|-activate|p2b: Dondozo|move: Protect\n|\n|-heal|p2b: Dondozo|88\/100|[from] item: Leftovers\n|upkeep\n|turn|3\n|\n|t:|1683002562\n|move|p1b: Iron Hands|Wild Charge|p2b: Dondozo\n|-supereffective|p2b: Dondozo\n|-end|p2b: Dondozo|Substitute\n|-damage|p1b: Iron Hands|94\/100|[from] Recoil|[of] p2b: Dondozo\n|move|p1a: Farigiraf|Psychic|p2b: Dondozo\n|-damage|p2b: Dondozo|72\/100\n|move|p2b: Dondozo|Order Up|p1a: Farigiraf\n|-damage|p1a: Farigiraf|59\/100\n|-boost|p2b: Dondozo|atk|1\n|\n|-heal|p2b: Dondozo|78\/100|[from] item: Leftovers\n|upkeep\n|turn|4\n|\n|t:|1683002574\n|move|p2b: Dondozo|Protect|p2b: Dondozo\n|-singleturn|p2b: Dondozo|Protect\n|move|p1b: Iron Hands|Wild Charge|p2b: Dondozo\n|-activate|p2b: Dondozo|move: Protect\n|move|p1a: Farigiraf|Psychic|p2b: Dondozo\n|-activate|p2b: Dondozo|move: Protect\n|\n|-heal|p2b: Dondozo|84\/100|[from] item: Leftovers\n|upkeep\n|turn|5\n|\n|t:|1683002632\n|-terastallize|p2b: Dondozo|Steel\n|move|p1b: Iron Hands|Wild Charge|p2b: Dondozo\n|-damage|p2b: Dondozo|64\/100\n|-damage|p1b: Iron Hands|89\/100|[from] Recoil\n|move|p1a: Farigiraf|Psychic|p2b: Dondozo\n|-resisted|p2b: Dondozo\n|-damage|p2b: Dondozo|57\/100\n|move|p2b: Dondozo|Wave Crash|p1a: Farigiraf\n|-damage|p1a: Farigiraf|0 fnt\n|faint|p1a: Farigiraf\n|-damage|p2b: Dondozo|38\/100|[from] Recoil\n|\n|-heal|p2b: Dondozo|44\/100|[from] item: Leftovers\n|-fieldend|move: Trick Room\n|upkeep\n|\n|t:|1683002639\n|switch|p1a: Scizor|Scizor, L50, M|100\/100\n|turn|6\n|\n|t:|1683002680\n|move|p2b: Dondozo|Protect|p2b: Dondozo\n|-singleturn|p2b: Dondozo|Protect\n|move|p1a: Scizor|Protect|p1a: Scizor\n|-singleturn|p1a: Scizor|Protect\n|move|p1b: Iron Hands|Drain Punch|p2b: Dondozo\n|-activate|p2b: Dondozo|move: Protect\n|\n|-heal|p2b: Dondozo|50\/100|[from] item: Leftovers\n|upkeep\n|turn|7\n|\n|t:|1683002694\n|-terastallize|p1a: Scizor|Water\n|move|p2b: Dondozo|Wave Crash|p1a: Scizor\n|-resisted|p1a: Scizor\n|-damage|p1a: Scizor|30\/100\n|-damage|p2b: Dondozo|33\/100|[from] Recoil\n|move|p1a: Scizor|Close Combat|p2b: Dondozo\n|-supereffective|p2b: Dondozo\n|-crit|p2b: Dondozo\n|-damage|p2b: Dondozo|0 fnt\n|-unboost|p1a: Scizor|def|1\n|-unboost|p1a: Scizor|spd|1\n|faint|p2b: Dondozo\n|move|p1b: Iron Hands|Drain Punch|p2a: Tatsugiri\n|-damage|p2a: Tatsugiri|19\/100\n|-heal|p1b: Iron Hands|100\/100|[from] drain|[of] p2a: Tatsugiri\n|\n|-heal|p1a: Scizor|37\/100|[from] item: Leftovers\n|upkeep\n|\n|t:|1683002721\n|switch|p2b: Chi-Yu|Chi-Yu, L50|100\/100\n|-ability|p2b: Chi-Yu|Beads of Ruin\n|turn|8\n|\n|t:|1683002738\n|move|p1a: Scizor|Bullet Punch|p2a: Tatsugiri\n|-resisted|p2a: Tatsugiri\n|-damage|p2a: Tatsugiri|0 fnt\n|faint|p2a: Tatsugiri\n|move|p2b: Chi-Yu|Heat Wave|p1a: Scizor|[spread] p1a,p1b\n|-resisted|p1a: Scizor\n|-damage|p1a: Scizor|0 fnt\n|-damage|p1b: Iron Hands|65\/100\n|faint|p1a: Scizor\n|move|p1b: Iron Hands|Drain Punch|p2b: Chi-Yu\n|-supereffective|p2b: Chi-Yu\n|-enditem|p2b: Chi-Yu|Focus Sash\n|-damage|p2b: Chi-Yu|1\/100\n|-heal|p1b: Iron Hands|97\/100|[from] drain|[of] p2b: Chi-Yu\n|\n|upkeep\n|\n|t:|1683002750\n|switch|p2a: Iron Bundle|Iron Bundle, L50|100\/100\n|switch|p1a: Flutter Mane|Flutter Mane, L50|100\/100\n|-enditem|p2a: Iron Bundle|Booster Energy\n|-activate|p2a: Iron Bundle|ability: Quark Drive|[fromitem]\n|-start|p2a: Iron Bundle|quarkdrivespe\n|turn|9\n|\n|t:|1683002783\n|move|p2a: Iron Bundle|Hydro Pump|p1b: Iron Hands\n|-damage|p1b: Iron Hands|37\/100\n|-enditem|p1b: Iron Hands|Sitrus Berry|[eat]\n|-heal|p1b: Iron Hands|62\/100|[from] item: Sitrus Berry\n|move|p1a: Flutter Mane|Thunderbolt|p2a: Iron Bundle\n|-supereffective|p2a: Iron Bundle\n|-damage|p2a: Iron Bundle|0 fnt\n|faint|p2a: Iron Bundle\n|-end|p2a: Iron Bundle|Quark Drive|[silent]\n|move|p2b: Chi-Yu|Heat Wave|p1a: Flutter Mane|[spread] p1a,p1b\n|-damage|p1a: Flutter Mane|54\/100\n|-damage|p1b: Iron Hands|24\/100\n|move|p1b: Iron Hands|Drain Punch|p2b: Chi-Yu\n|-supereffective|p2b: Chi-Yu\n|-damage|p2b: Chi-Yu|0 fnt\n|-heal|p1b: Iron Hands|24\/100|[from] drain|[of] p2b: Chi-Yu\n|faint|p2b: Chi-Yu\n|\n|win|Fluttermane Eyes\n|raw|Fluttermane Eyes's rating: 1265 → 1291<\/strong> (+26 for winning)\n|raw|Queen Marill's rating: 1279 → 1253<\/strong> (-26 for losing)\n|l|\u2606Queen Marill\n","uploadtime":1683002801,"views":11,"p1id":"fluttermaneeyes","p2id":"queenmarill","formatid":"gen9vgc2023regulationc","rating":1253,"private":0,"password":""}