{"id":"gen9vgc2023regulationc-1860751095","p1":"RadiantBlue4552","p2":"JaviNJO","format":"[Gen 9] VGC 2023 Regulation C","log":"|j|\u2606RadiantBlue4552\n|j|\u2606JaviNJO\n|t:|1683673452\n|gametype|doubles\n|player|p1|RadiantBlue4552|266|1389\n|player|p2|JaviNJO|ethan|1330\n|teamsize|p1|6\n|teamsize|p2|6\n|gen|9\n|tier|[Gen 9] VGC 2023 Regulation C\n|rated|\n|rule|Species Clause: Limit one of each Pok\u00e9mon\n|rule|Item Clause: Limit one of each item\n|clearpoke\n|poke|p1|Kingambit, L50, M|\n|poke|p1|Hariyama, L50, F|\n|poke|p1|Garchomp, L50, M|\n|poke|p1|Torkoal, L50, M|\n|poke|p1|Brute Bonnet, L50|\n|poke|p1|Oranguru, L50, F|\n|poke|p2|Tyranitar, L50, M|\n|poke|p2|Vaporeon, L50, M|\n|poke|p2|Annihilape, L50, M|\n|poke|p2|Arcanine, L50, M|\n|poke|p2|Flutter Mane, L50|\n|poke|p2|Corviknight, L50, M|\n|teampreview|4\nJaviNJO rejected open team sheets.\n|\n|t:|1683673503\n|start\n|switch|p1a: Hariyama|Hariyama, L50, F|100\/100\n|switch|p1b: Oranguru|Oranguru, L50, F|100\/100\n|switch|p2a: Tytar|Tyranitar, L50, M|100\/100\n|switch|p2b: Vaporeon|Vaporeon, L50, M|100\/100\n|-weather|Sandstorm|[from] ability: Sand Stream|[of] p2a: Tytar\n|turn|1\n|\n|t:|1683673522\n|-terastallize|p2a: Tytar|Flying\n|move|p1a: Hariyama|Fake Out|p2a: Tytar\n|-damage|p2a: Tytar|89\/100\n|move|p2b: Vaporeon|Muddy Water|p1b: Oranguru|[spread] p1a,p1b\n|-damage|p1a: Hariyama|69\/100\n|-damage|p1b: Oranguru|83\/100\n|cant|p2a: Tytar|flinch\n|move|p1b: Oranguru|Trick Room|p1b: Oranguru\n|-fieldstart|move: Trick Room|[of] p1b: Oranguru\n|\n|-weather|Sandstorm|[upkeep]\n|-damage|p1a: Hariyama|63\/100|[from] Sandstorm\n|-damage|p1b: Oranguru|77\/100|[from] Sandstorm\n|-damage|p2a: Tytar|84\/100|[from] Sandstorm\n|-damage|p2b: Vaporeon|95\/100|[from] Sandstorm\n|-heal|p2b: Vaporeon|100\/100|[from] item: Leftovers\n|-status|p1a: Hariyama|brn|[from] item: Flame Orb\n|upkeep\n|turn|2\n|\n|t:|1683673542\n|move|p1a: Hariyama|Headlong Rush|p2a: Tytar\n|-immune|p2a: Tytar\n|move|p1b: Oranguru|Instruct|p1a: Hariyama\n|-singleturn|p1a: Hariyama|move: Instruct|[of] p1b: Oranguru\n|move|p1a: Hariyama|Headlong Rush|p2a: Tytar\n|-immune|p2a: Tytar\n|move|p2a: Tytar|Snarl|p1b: Oranguru|[spread] p1a,p1b\n|-resisted|p1a: Hariyama\n|-supereffective|p1b: Oranguru\n|-damage|p1a: Hariyama|54\/100 brn\n|-damage|p1b: Oranguru|58\/100\n|-unboost|p1a: Hariyama|spa|1\n|-unboost|p1b: Oranguru|spa|1\n|move|p2b: Vaporeon|Muddy Water|p1b: Oranguru|[spread] p1a,p1b\n|-damage|p1a: Hariyama|24\/100 brn\n|-damage|p1b: Oranguru|42\/100\n|\n|-weather|Sandstorm|[upkeep]\n|-damage|p1a: Hariyama|18\/100 brn|[from] Sandstorm\n|-damage|p1b: Oranguru|36\/100|[from] Sandstorm\n|-damage|p2a: Tytar|78\/100|[from] Sandstorm\n|-damage|p2b: Vaporeon|95\/100|[from] Sandstorm\n|-heal|p2b: Vaporeon|100\/100|[from] item: Leftovers\n|-damage|p1a: Hariyama|12\/100 brn|[from] brn\n|upkeep\n|turn|3\n|\n|t:|1683673566\n|move|p1a: Hariyama|Close Combat|p2b: Vaporeon\n|-damage|p2b: Vaporeon|22\/100\n|-unboost|p1a: Hariyama|def|1\n|-unboost|p1a: Hariyama|spd|1\n|move|p1b: Oranguru|Instruct|p1a: Hariyama\n|-singleturn|p1a: Hariyama|move: Instruct|[of] p1b: Oranguru\n|move|p1a: Hariyama|Close Combat|p2b: Vaporeon\n|-damage|p2b: Vaporeon|0 fnt\n|-unboost|p1a: Hariyama|def|1\n|-unboost|p1a: Hariyama|spd|1\n|faint|p2b: Vaporeon\n|move|p2a: Tytar|Power Gem|p1b: Oranguru\n|-damage|p1b: Oranguru|15\/100\n|\n|-weather|Sandstorm|[upkeep]\n|-damage|p1a: Hariyama|6\/100 brn|[from] Sandstorm\n|-damage|p1b: Oranguru|9\/100|[from] Sandstorm\n|-damage|p2a: Tytar|72\/100|[from] Sandstorm\n|-damage|p1a: Hariyama|0 fnt|[from] brn\n|faint|p1a: Hariyama\n|upkeep\n|\n|t:|1683673588\n|switch|p1a: Torkoal|Torkoal, L50, M|100\/100\n|switch|p2b: Annihilape|Annihilape, L50, M|100\/100\n|-weather|SunnyDay|[from] ability: Drought|[of] p1a: Torkoal\n|turn|4\n|\n|t:|1683673600\n|switch|p2a: Flutter Mane|Flutter Mane, L50|100\/100\n|-activate|p2a: Flutter Mane|ability: Protosynthesis\n|-start|p2a: Flutter Mane|protosynthesisspa\n|-terastallize|p1a: Torkoal|Fire\n|move|p2b: Annihilape|Protect|p2b: Annihilape\n|-singleturn|p2b: Annihilape|Protect\n|move|p1a: Torkoal|Eruption|p2a: Flutter Mane|[spread] p2a\n|-activate|p2b: Annihilape|move: Protect\n|-damage|p2a: Flutter Mane|3\/100\n|move|p1b: Oranguru|Instruct|p1a: Torkoal\n|-singleturn|p1a: Torkoal|move: Instruct|[of] p1b: Oranguru\n|move|p1a: Torkoal|Eruption|p2a: Flutter Mane|[spread] p2a\n|-activate|p2b: Annihilape|move: Protect\n|-damage|p2a: Flutter Mane|0 fnt\n|faint|p2a: Flutter Mane\n|-end|p2a: Flutter Mane|Protosynthesis|[silent]\n|\n|-weather|SunnyDay|[upkeep]\n|upkeep\n|\n|t:|1683673613\n|switch|p2a: Tytar|Tyranitar, L50, M, tera:Flying|72\/100\n|-weather|Sandstorm|[from] ability: Sand Stream|[of] p2a: Tytar\n|turn|5\n|\n|t:|1683673627\n|move|p2b: Annihilape|Protect|p2b: Annihilape\n|-singleturn|p2b: Annihilape|Protect\n|move|p1a: Torkoal|Eruption|p2a: Tytar|[spread] p2a\n|-activate|p2b: Annihilape|move: Protect\n|-damage|p2a: Tytar|34\/100\n|move|p1b: Oranguru|Instruct|p1a: Torkoal\n|-singleturn|p1a: Torkoal|move: Instruct|[of] p1b: Oranguru\n|move|p1a: Torkoal|Eruption|p2b: Annihilape|[spread] p2a\n|-activate|p2b: Annihilape|move: Protect\n|-damage|p2a: Tytar|0 fnt\n|faint|p2a: Tytar\n|\n|-weather|Sandstorm|[upkeep]\n|-damage|p1a: Torkoal|94\/100|[from] Sandstorm\n|-damage|p1b: Oranguru|3\/100|[from] Sandstorm\n|-fieldend|move: Trick Room\n|upkeep\n|turn|6\n|\n|t:|1683673649\n|move|p2b: Annihilape|Drain Punch|p1a: Torkoal\n|-damage|p1a: Torkoal|67\/100\n|move|p1a: Torkoal|Overheat|p2b: Annihilape\n|-damage|p2b: Annihilape|23\/100\n|-unboost|p1a: Torkoal|spa|2\n|move|p1b: Oranguru|Trick Room|p1b: Oranguru\n|-fieldstart|move: Trick Room|[of] p1b: Oranguru\n|\n|-weather|Sandstorm|[upkeep]\n|-damage|p1a: Torkoal|60\/100|[from] Sandstorm\n|-damage|p1b: Oranguru|0 fnt|[from] Sandstorm\n|faint|p1b: Oranguru\n|upkeep\n|-message|JaviNJO forfeited.\n|\n|win|RadiantBlue4552\n|raw|RadiantBlue4552's rating: 1389 → 1406<\/strong> (+17 for winning)\n|raw|JaviNJO's rating: 1330 → 1313<\/strong> (-17 for losing)\n|l|\u2606JaviNJO\n","uploadtime":1683673662,"views":9,"p1id":"radiantblue4552","p2id":"javinjo","formatid":"gen9vgc2023regulationc","rating":1313,"private":0,"password":""}