{"id":"gen9vgc2023regulationc-1848990539","p1":"Kwiper","p2":"Waffles101","format":"[Gen 9] VGC 2023 Regulation C","log":"|j|\u2606Kwiper\n|j|\u2606Waffles101\n|t:|1682135496\n|gametype|doubles\n|player|p1|Kwiper|thorton|1389\n|player|p2|Waffles101|aromalady|1291\n|teamsize|p1|6\n|teamsize|p2|6\n|gen|9\n|tier|[Gen 9] VGC 2023 Regulation C\n|rated|\n|rule|Species Clause: Limit one of each Pok\u00e9mon\n|rule|Item Clause: Limit one of each item\n|clearpoke\n|poke|p1|Gastrodon-East, L50, F|\n|poke|p1|Chi-Yu, L50|\n|poke|p1|Tyranitar, L50, M|\n|poke|p1|Iron Bundle, L50|\n|poke|p1|Dragapult, L50, F|\n|poke|p1|Amoonguss, L50, M|\n|poke|p2|Houndstone, L50, F|\n|poke|p2|Lycanroc, L50, M|\n|poke|p2|Rotom-Wash, L50|\n|poke|p2|Tyranitar, L50, F|\n|poke|p2|Gyarados, L50, M|\n|poke|p2|Garchomp, L50, F|\n|teampreview|4\nWaffles101 has agreed to open team sheets.\n|\n|t:|1682135547\n|start\n|switch|p1a: Dragapult|Dragapult, L50, F|100\/100\n|switch|p1b: Iron Bundle|Iron Bundle, L50|100\/100\n|switch|p2a: Gyarados|Gyarados, L50, M|100\/100\n|switch|p2b: Garchomp|Garchomp, L50, F|100\/100\n|-ability|p2a: Gyarados|Intimidate|boost\n|-fail|p1a: Dragapult|unboost|[from] ability: Clear Body|[of] p1a: Dragapult\n|-unboost|p1b: Iron Bundle|atk|1\n|-enditem|p1b: Iron Bundle|Booster Energy\n|-activate|p1b: Iron Bundle|ability: Quark Drive|[fromitem]\n|-start|p1b: Iron Bundle|quarkdrivespe\n|turn|1\n|\n|t:|1682135591\n|switch|p2b: Tyranitar|Tyranitar, L50, F|100\/100\n|-weather|Sandstorm|[from] ability: Sand Stream|[of] p2b: Tyranitar\n|move|p1b: Iron Bundle|Icy Wind|p2b: Tyranitar|[spread] p2a,p2b\n|-damage|p2a: Gyarados|85\/100\n|-damage|p2b: Tyranitar|92\/100\n|-unboost|p2a: Gyarados|spe|1\n|-unboost|p2b: Tyranitar|spe|1\n|move|p1a: Dragapult|Dragon Darts|p2b: Tyranitar\n|-damage|p2b: Tyranitar|61\/100\n|-anim|p1a: Dragapult|Dragon Darts|p2a: Gyarados\n|-damage|p2a: Gyarados|52\/100\n|move|p2a: Gyarados|Thunder Wave|p1b: Iron Bundle\n|-status|p1b: Iron Bundle|par\n|\n|-weather|Sandstorm|[upkeep]\n|-damage|p1a: Dragapult|94\/100|[from] Sandstorm\n|-damage|p1b: Iron Bundle|94\/100 par|[from] Sandstorm\n|-damage|p2a: Gyarados|47\/100|[from] Sandstorm\n|-enditem|p2a: Gyarados|Sitrus Berry|[eat]\n|-heal|p2a: Gyarados|71\/100|[from] item: Sitrus Berry\n|upkeep\n|turn|2\n|\n|t:|1682135605\n|switch|p1a: Gastrodon|Gastrodon-East, L50, F|100\/100\n|move|p1b: Iron Bundle|Freeze-Dry|p2a: Gyarados\n|-supereffective|p2a: Gyarados\n|-damage|p2a: Gyarados|0 fnt\n|faint|p2a: Gyarados\n|move|p2b: Tyranitar|Rock Slide|p1a: Gastrodon|[spread] p1b\n|-miss|p2b: Tyranitar|p1a: Gastrodon\n|-supereffective|p1b: Iron Bundle\n|-damage|p1b: Iron Bundle|21\/100 par\n|\n|-weather|Sandstorm|[upkeep]\n|-damage|p1b: Iron Bundle|15\/100 par|[from] Sandstorm\n|upkeep\n|\n|t:|1682135616\n|switch|p2a: Lycanroc|Lycanroc, L50, M|100\/100\n|turn|3\n|\n|t:|1682135623\n|switch|p2b: Garchomp|Garchomp, L50, F|100\/100\n|move|p2a: Lycanroc|Rock Slide|p1b: Iron Bundle|[spread] p1a,p1b\n|-resisted|p1a: Gastrodon\n|-supereffective|p1b: Iron Bundle\n|-damage|p1a: Gastrodon|89\/100\n|-damage|p1b: Iron Bundle|0 fnt\n|faint|p1b: Iron Bundle\n|-end|p1b: Iron Bundle|Quark Drive|[silent]\n|move|p1a: Gastrodon|Muddy Water|p2a: Lycanroc|[spread] p2a,p2b\n|-supereffective|p2a: Lycanroc\n|-damage|p2a: Lycanroc|51\/100\n|-damage|p2b: Garchomp|75\/100\n|-unboost|p2a: Lycanroc|accuracy|1\n|\n|-weather|Sandstorm|[upkeep]\n|-heal|p1a: Gastrodon|95\/100|[from] item: Leftovers\n|upkeep\n|\n|t:|1682135629\n|switch|p1b: Dragapult|Dragapult, L50, F|94\/100\n|turn|4\n|\n|t:|1682135663\n|move|p2a: Lycanroc|Rock Slide|p1b: Dragapult|[spread] p1a,p1b\n|-resisted|p1a: Gastrodon\n|-damage|p1a: Gastrodon|84\/100\n|-damage|p1b: Dragapult|58\/100\n|move|p1b: Dragapult|Dragon Darts|p2a: Lycanroc\n|-damage|p2a: Lycanroc|0 fnt\n|faint|p2a: Lycanroc\n|move|p2b: Garchomp|Dragon Claw|p1b: Dragapult\n|-supereffective|p1b: Dragapult\n|-damage|p1b: Dragapult|0 fnt\n|faint|p1b: Dragapult\n|cant|p1a: Gastrodon|flinch\n|\n|-weather|Sandstorm|[upkeep]\n|-heal|p1a: Gastrodon|90\/100|[from] item: Leftovers\n|upkeep\n|c|\u2606Waffles101|wut\n|c|\u2606Kwiper|huh\n|c|\u2606Waffles101|where did your second dart go\n|c|\u2606Kwiper|that's what I'm wondering\n|c|\u2606Kwiper|is your garchomp sand veil?\n|\n|t:|1682135710\n|switch|p1b: Tyranitar|Tyranitar, L50, M|100\/100\n|switch|p2a: Tyranitar|Tyranitar, L50, F|61\/100\n|turn|5\n|c|\u2606Waffles101|yeah\n|c|\u2606Kwiper|maybe it missed\n|c|\u2606Waffles101|apparently if its going to miss they both target into the same side\n|c|\u2606Kwiper|huh\n|c|\u2606Waffles101|so it must have directed both at dog\n|c|\u2606Kwiper|that's wild lmao\n|\n|t:|1682135761\n|-terastallize|p1b: Tyranitar|Flying\n|move|p2b: Garchomp|Swords Dance|p2b: Garchomp\n|-boost|p2b: Garchomp|atk|2\n|move|p1b: Tyranitar|Low Kick|p2a: Tyranitar\n|-supereffective|p2a: Tyranitar\n|-damage|p2a: Tyranitar|0 fnt\n|faint|p2a: Tyranitar\n|move|p1a: Gastrodon|Muddy Water|p2b: Garchomp|[miss]\n|-miss|p1a: Gastrodon|p2b: Garchomp\n|\n|-weather|none\n|-heal|p1a: Gastrodon|96\/100|[from] item: Leftovers\n|upkeep\n|turn|6\n|\n|t:|1682135776\n|move|p2b: Garchomp|Dragon Claw|p1b: Tyranitar\n|-damage|p1b: Tyranitar|31\/100\n|move|p1b: Tyranitar|Tera Blast|p2b: Garchomp\n|-damage|p2b: Garchomp|38\/100\n|move|p1a: Gastrodon|Earth Power|p2b: Garchomp\n|-damage|p2b: Garchomp|3\/100\n|\n|-heal|p1a: Gastrodon|100\/100|[from] item: Leftovers\n|upkeep\n|turn|7\n|c|\u2606Waffles101|gg\n|c|\u2606Kwiper|gg\n|-message|Waffles101 forfeited.\n|\n|win|Kwiper\n|raw|Kwiper's rating: 1389 → 1404<\/strong> (+15 for winning)\n|raw|Waffles101's rating: 1291 → 1273<\/strong> (-18 for losing)\n|l|\u2606Waffles101\n","uploadtime":1682135788,"views":9,"p1id":"kwiper","p2id":"waffles101","formatid":"gen9vgc2023regulationc","rating":1273,"private":0,"password":""}