{"id":"gen9vgc2023regulationc-1852090455","p1":"yokai19","p2":"treatsss","format":"[Gen 9] VGC 2023 Regulation C","log":"|j|\u2606yokai19\n|j|\u2606treatsss\n|t:|1682523334\n|gametype|doubles\n|player|p1|yokai19|266|1145\n|player|p2|treatsss|266|1246\n|teamsize|p1|6\n|teamsize|p2|6\n|gen|9\n|tier|[Gen 9] VGC 2023 Regulation C\n|rated|\n|rule|Species Clause: Limit one of each Pok\u00e9mon\n|rule|Item Clause: Limit one of each item\n|clearpoke\n|poke|p1|Flutter Mane, L50|\n|poke|p1|Arcanine, L50, F|\n|poke|p1|Palafin, L50, F|\n|poke|p1|Amoonguss, L50, F|\n|poke|p1|Ting-Lu, L50|\n|poke|p1|Scizor, L50, F|\n|poke|p2|Abomasnow, L50, M|\n|poke|p2|Iron Bundle, L50|\n|poke|p2|Wo-Chien, L50|\n|poke|p2|Glimmora, L50, M|\n|poke|p2|Gholdengo, L50|\n|poke|p2|Maushold-Four, L50|\n|teampreview|4\ntreatsss has agreed to open team sheets.\nyokai19 has agreed to open team sheets.\n|\n|t:|1682523448\n|start\n|switch|p1a: Scizor|Scizor, L50, F|100\/100\n|switch|p1b: Arcanine|Arcanine, L50, F|100\/100\n|switch|p2a: Wo-Chien|Wo-Chien, L50|100\/100\n|switch|p2b: Gholdengo|Gholdengo, L50|100\/100\n|-ability|p1b: Arcanine|Intimidate|boost\n|-unboost|p2a: Wo-Chien|atk|1\n|-unboost|p2b: Gholdengo|atk|1\n|-ability|p2a: Wo-Chien|Tablets of Ruin\n|turn|1\n|\n|t:|1682523486\n|-terastallize|p2b: Gholdengo|Water\n|move|p1b: Arcanine|Howl|p1b: Arcanine|[spread] p1a,p1b\n|-boost|p1a: Scizor|atk|1\n|-boost|p1b: Arcanine|atk|1\n|move|p2b: Gholdengo|Nasty Plot|p2b: Gholdengo\n|-boost|p2b: Gholdengo|spa|2\n|move|p1a: Scizor|U-turn|p2a: Wo-Chien\n|-supereffective|p2a: Wo-Chien\n|-damage|p2a: Wo-Chien|0 fnt\n|faint|p2a: Wo-Chien\n|\n|t:|1682523500\n|switch|p1a: Ting-Lu|Ting-Lu, L50|100\/100|[from] U-turn\n|-ability|p1a: Ting-Lu|Vessel of Ruin\n|\n|upkeep\n|\n|t:|1682523506\n|switch|p2a: Maushold|Maushold-Four, L50|100\/100\n|turn|2\n|\n|t:|1682523534\n|switch|p1b: Scizor|Scizor, L50, F|100\/100\n|move|p2a: Maushold|Beat Up|p2b: Gholdengo\n|-damage|p2b: Gholdengo|99\/100\n|-damage|p2b: Gholdengo|98\/100\n|-damage|p2b: Gholdengo|96\/100\n|-hitcount|p2b: Gholdengo|3\n|move|p2b: Gholdengo|Shadow Ball|p1a: Ting-Lu\n|-resisted|p1a: Ting-Lu\n|-damage|p1a: Ting-Lu|86\/100\n|move|p1a: Ting-Lu|Body Press|p2a: Maushold\n|-supereffective|p2a: Maushold\n|-damage|p2a: Maushold|50\/100\n|\n|upkeep\n|turn|3\n|inactive|Battle timer is ON: inactive players will automatically lose when time's up. (requested by treatsss)\n|\n|t:|1682523581\n|move|p2a: Maushold|Super Fang|p1a: Ting-Lu\n|-damage|p1a: Ting-Lu|44\/100\n|move|p2b: Gholdengo|Make It Rain|p1a: Ting-Lu|[spread] p1a,p1b\n|-resisted|p1b: Scizor\n|-damage|p1a: Ting-Lu|12\/100\n|-damage|p1b: Scizor|55\/100\n|-unboost|p2b: Gholdengo|spa|1\n|move|p1b: Scizor|Tailwind|p1b: Scizor\n|-sidestart|p1: yokai19|move: Tailwind\n|move|p1a: Ting-Lu|Body Press|p2a: Maushold\n|-supereffective|p2a: Maushold\n|-damage|p2a: Maushold|0 fnt\n|faint|p2a: Maushold\n|\n|upkeep\n|\n|t:|1682523594\n|switch|p2a: Iron Bundle|Iron Bundle, L50, shiny|100\/100\n|-enditem|p2a: Iron Bundle|Booster Energy\n|-activate|p2a: Iron Bundle|ability: Quark Drive|[fromitem]\n|-start|p2a: Iron Bundle|quarkdrivespe\n|turn|4\n|\n|t:|1682523613\n|move|p1b: Scizor|Protect|p1b: Scizor\n|-singleturn|p1b: Scizor|Protect\n|move|p2a: Iron Bundle|Encore|p1b: Scizor\n|-activate|p1b: Scizor|move: Protect\n|move|p1a: Ting-Lu|Body Press|p2a: Iron Bundle\n|-supereffective|p2a: Iron Bundle\n|-damage|p2a: Iron Bundle|39\/100\n|move|p2b: Gholdengo|Shadow Ball|p1a: Ting-Lu\n|-resisted|p1a: Ting-Lu\n|-damage|p1a: Ting-Lu|0 fnt\n|faint|p1a: Ting-Lu\n|\n|upkeep\n|\n|t:|1682523632\n|switch|p1a: Arcanine|Arcanine, L50, F|100\/100\n|-ability|p1a: Arcanine|Intimidate|boost\n|-unboost|p2a: Iron Bundle|atk|1\n|-unboost|p2b: Gholdengo|atk|1\n|turn|5\n|inactive|yokai19 has 30 seconds left.\n|\n|t:|1682523661\n|move|p1b: Scizor|Bullet Punch|p2b: Gholdengo\n|-resisted|p2b: Gholdengo\n|-crit|p2b: Gholdengo\n|-damage|p2b: Gholdengo|74\/100\n|move|p1a: Arcanine|Flare Blitz|p2a: Iron Bundle\n|-damage|p2a: Iron Bundle|0 fnt\n|faint|p2a: Iron Bundle\n|-end|p2a: Iron Bundle|Quark Drive|[silent]\n|-damage|p1a: Arcanine|92\/100|[from] Recoil\n|move|p2b: Gholdengo|Shadow Ball|p1a: Arcanine\n|-damage|p1a: Arcanine|30\/100\n|-unboost|p1a: Arcanine|spd|1\n|\n|upkeep\n|turn|6\n|\n|t:|1682523683\n|move|p1b: Scizor|Bullet Punch|p2b: Gholdengo\n|-resisted|p2b: Gholdengo\n|-damage|p2b: Gholdengo|58\/100\n|move|p1a: Arcanine|Flare Blitz|p2b: Gholdengo\n|-resisted|p2b: Gholdengo\n|-damage|p2b: Gholdengo|34\/100\n|-damage|p1a: Arcanine|23\/100|[from] Recoil\n|move|p2b: Gholdengo|Nasty Plot|p2b: Gholdengo\n|-boost|p2b: Gholdengo|spa|2\n|\n|-sideend|p1: yokai19|move: Tailwind\n|upkeep\n|turn|7\n|\n|t:|1682523705\n|move|p1b: Scizor|Bullet Punch|p2b: Gholdengo\n|-resisted|p2b: Gholdengo\n|-damage|p2b: Gholdengo|18\/100\n|move|p1a: Arcanine|Flare Blitz|p2b: Gholdengo\n|-resisted|p2b: Gholdengo\n|-damage|p2b: Gholdengo|0 fnt\n|faint|p2b: Gholdengo\n|-damage|p1a: Arcanine|18\/100|[from] Recoil\n|\n|win|yokai19\n|raw|yokai19's rating: 1145 → 1177<\/strong> (+32 for winning)\n|raw|treatsss's rating: 1246 → 1214<\/strong> (-32 for losing)\n|l|\u2606treatsss\n","uploadtime":1682523717,"views":17,"p1id":"yokai19","p2id":"treatsss","formatid":"gen9vgc2023regulationc","rating":1177,"private":0,"password":""}