{"id":"gen9vgc2023regulationc-1846453147","p1":"What4Eva","p2":"upswinging","format":"[Gen 9] VGC 2023 Regulation C","log":"|j|\u2606What4Eva\n|j|\u2606upswinging\n|t:|1681842076\n|gametype|doubles\n|player|p1|What4Eva|101|1510\n|player|p2|upswinging|riley|1535\n|teamsize|p1|6\n|teamsize|p2|6\n|gen|9\n|tier|[Gen 9] VGC 2023 Regulation C\n|rated|\n|rule|Species Clause: Limit one of each Pok\u00e9mon\n|rule|Item Clause: Limit one of each item\n|clearpoke\n|poke|p1|Maushold-Four, L50|\n|poke|p1|Annihilape, L50, F|\n|poke|p1|Dondozo, L50, F|\n|poke|p1|Tatsugiri, L50, F|\n|poke|p1|Flutter Mane, L50|\n|poke|p1|Talonflame, L50, F|\n|poke|p2|Murkrow, L50, F|\n|poke|p2|Iron Bundle, L50|\n|poke|p2|Chi-Yu, L50|\n|poke|p2|Gholdengo, L50|\n|poke|p2|Great Tusk, L50|\n|poke|p2|Brute Bonnet, L50|\n|teampreview|4\n|inactive|Battle timer is ON: inactive players will automatically lose when time's up. (requested by What4Eva)\n|\n|t:|1681842089\n|start\n|switch|p1a: Flutter Mane|Flutter Mane, L50|100\/100\n|switch|p1b: Talonflame|Talonflame, L50, F|100\/100\n|switch|p2a: Murkrow|Murkrow, L50, F, shiny|100\/100\n|switch|p2b: Great Tusk|Great Tusk, L50|100\/100\n|-enditem|p1a: Flutter Mane|Booster Energy\n|-activate|p1a: Flutter Mane|ability: Protosynthesis|[fromitem]\n|-start|p1a: Flutter Mane|protosynthesisspa\n|turn|1\n|\n|t:|1681842108\n|-terastallize|p2b: Great Tusk|Ground\n|move|p1b: Talonflame|Tailwind|p1b: Talonflame\n|-sidestart|p1: What4Eva|move: Tailwind\n|move|p2a: Murkrow|Tailwind|p2a: Murkrow\n|-sidestart|p2: upswinging|move: Tailwind\n|move|p1a: Flutter Mane|Moonblast|p2a: Murkrow\n|-supereffective|p2a: Murkrow\n|-enditem|p2a: Murkrow|Focus Sash\n|-damage|p2a: Murkrow|1\/100\n|-unboost|p2a: Murkrow|spa|1\n|move|p2b: Great Tusk|Headlong Rush|p1a: Flutter Mane\n|-damage|p1a: Flutter Mane|0 fnt\n|-unboost|p2b: Great Tusk|def|1\n|-unboost|p2b: Great Tusk|spd|1\n|faint|p1a: Flutter Mane\n|-end|p1a: Flutter Mane|Protosynthesis|[silent]\n|\n|upkeep\n|inactive|What4Eva has 30 seconds left.\n|\n|t:|1681842134\n|switch|p1a: Tatsugiri|Tatsugiri, L50, F|100\/100\n|turn|2\n|j| Challenger Gray\n|\n|t:|1681842153\n|move|p1b: Talonflame|Brave Bird|p2a: Murkrow\n|-damage|p2a: Murkrow|0 fnt\n|faint|p2a: Murkrow\n|-damage|p1b: Talonflame|99\/100|[from] Recoil\n|move|p1a: Tatsugiri|Muddy Water|p2b: Great Tusk\n|-supereffective|p2b: Great Tusk\n|-damage|p2b: Great Tusk|0 fnt\n|faint|p2b: Great Tusk\n|-end|p2b: Great Tusk|Protosynthesis|[silent]\n|\n|upkeep\n|\n|t:|1681842159\n|switch|p2a: Iron Bundle|Iron Bundle, L50|100\/100\n|switch|p2b: Gholdengo|Gholdengo, L50|100\/100\n|-enditem|p2a: Iron Bundle|Booster Energy\n|-activate|p2a: Iron Bundle|ability: Quark Drive|[fromitem]\n|-start|p2a: Iron Bundle|quarkdrivespe\n|turn|3\n|\n|t:|1681842181\n|move|p1a: Tatsugiri|Protect|p1a: Tatsugiri\n|-singleturn|p1a: Tatsugiri|Protect\n|move|p2a: Iron Bundle|Icy Wind|p1a: Tatsugiri|[spread] p1b\n|-activate|p1a: Tatsugiri|move: Protect\n|-damage|p1b: Talonflame|73\/100\n|-unboost|p1b: Talonflame|spe|1\n|move|p2b: Gholdengo|Thunderbolt|p1b: Talonflame\n|-supereffective|p1b: Talonflame\n|-damage|p1b: Talonflame|0 fnt\n|faint|p1b: Talonflame\n|\n|upkeep\n|\n|t:|1681842192\n|switch|p1b: Dondozo|Dondozo, L50, F|100\/100\n|-activate|p1a: Tatsugiri|ability: Commander|[of] p1b: Dondozo\n|-boost|p1b: Dondozo|atk|2\n|-boost|p1b: Dondozo|spa|2\n|-boost|p1b: Dondozo|spe|2\n|-boost|p1b: Dondozo|def|2\n|-boost|p1b: Dondozo|spd|2\n|turn|4\n|\n|t:|1681842206\n|-terastallize|p1b: Dondozo|Grass\n|move|p2a: Iron Bundle|Freeze-Dry|p1b: Dondozo\n|-supereffective|p1b: Dondozo\n|-damage|p1b: Dondozo|74\/100\n|move|p1b: Dondozo|Tera Blast|p2a: Iron Bundle\n|-supereffective|p2a: Iron Bundle\n|-damage|p2a: Iron Bundle|0 fnt\n|faint|p2a: Iron Bundle\n|-end|p2a: Iron Bundle|Quark Drive|[silent]\n|move|p2b: Gholdengo|Thunderbolt|p1b: Dondozo\n|-resisted|p1b: Dondozo\n|-damage|p1b: Dondozo|65\/100\n|\n|-sideend|p1: What4Eva|move: Tailwind\n|-sideend|p2: upswinging|move: Tailwind\n|upkeep\n|turn|5\n|-message|upswinging forfeited.\n|\n|win|What4Eva\n|raw|What4Eva's rating: 1510 → 1531<\/strong> (+21 for winning)\n|raw|upswinging's rating: 1535 → 1514<\/strong> (-21 for losing)\n","uploadtime":1681842220,"views":14,"p1id":"what4eva","p2id":"upswinging","formatid":"gen9vgc2023regulationc","rating":1514,"private":0,"password":""}