{"id":"gen9vgc2023regulationc-1850353834","p1":"Sakul5","p2":"UltimoRyu","format":"[Gen 9] VGC 2023 Regulation C","log":"|j|\u2606Sakul5\n|j|\u2606UltimoRyu\n|t:|1682323489\n|gametype|doubles\n|player|p1|Sakul5|169|1260\n|player|p2|UltimoRyu|steven|1228\n|teamsize|p1|6\n|teamsize|p2|6\n|gen|9\n|tier|[Gen 9] VGC 2023 Regulation C\n|rated|\n|rule|Species Clause: Limit one of each Pok\u00e9mon\n|rule|Item Clause: Limit one of each item\n|clearpoke\n|poke|p1|Ting-Lu, L50|\n|poke|p1|Garganacl, L50, F|\n|poke|p1|Skeledirge, L50, F|\n|poke|p1|Meowscarada, L50, M|\n|poke|p1|Maushold, L50|\n|poke|p1|Glimmora, L50, M|\n|poke|p2|Amoonguss, L50, M|\n|poke|p2|Quaquaval, L50, F|\n|poke|p2|Arcanine, L50, F|\n|poke|p2|Flamigo, L50, M|\n|poke|p2|Iron Hands, L50|\n|poke|p2|Flutter Mane, L50|\n|teampreview|4\n|\n|t:|1682323524\n|start\n|switch|p1a: Meowscarada|Meowscarada, L50, M|100\/100\n|switch|p1b: Skeledirge|Skeledirge, L50, F|100\/100\n|switch|p2a: Quaquaval|Quaquaval, L50, F|100\/100\n|switch|p2b: Arcanine|Arcanine, L50, F|100\/100\n|-ability|p2b: Arcanine|Intimidate|boost\n|-unboost|p1a: Meowscarada|atk|1\n|-unboost|p1b: Skeledirge|atk|1\n|turn|1\n|\n|t:|1682323577\n|move|p1a: Meowscarada|Protect|p1a: Meowscarada\n|-singleturn|p1a: Meowscarada|Protect\n|move|p2a: Quaquaval|Protect|p2a: Quaquaval\n|-singleturn|p2a: Quaquaval|Protect\n|move|p1b: Skeledirge|Protect|p1b: Skeledirge\n|-singleturn|p1b: Skeledirge|Protect\n|move|p2b: Arcanine|Flare Blitz|p1a: Meowscarada\n|-activate|p1a: Meowscarada|move: Protect\n|\n|upkeep\n|turn|2\n|\n|t:|1682323599\n|switch|p1b: Ting-Lu|Ting-Lu, L50|100\/100\n|-ability|p1b: Ting-Lu|Vessel of Ruin\n|-terastallize|p2a: Quaquaval|Ghost\n|move|p1a: Meowscarada|Flower Trick|p2a: Quaquaval\n|-crit|p2a: Quaquaval\n|-damage|p2a: Quaquaval|38\/100\n|move|p2a: Quaquaval|Aqua Step|p1b: Ting-Lu\n|-supereffective|p1b: Ting-Lu\n|-damage|p1b: Ting-Lu|64\/100\n|-boost|p2a: Quaquaval|spe|1\n|move|p2b: Arcanine|Howl|p2b: Arcanine|[spread] p2a,p2b\n|-boost|p2a: Quaquaval|atk|1\n|-boost|p2b: Arcanine|atk|1\n|\n|upkeep\n|turn|3\n|\n|t:|1682323665\n|switch|p2b: Flutter Mane|Flutter Mane, L50|100\/100\n|move|p2a: Quaquaval|Protect|p2a: Quaquaval\n|-singleturn|p2a: Quaquaval|Protect\n|move|p1a: Meowscarada|Flower Trick|p2a: Quaquaval\n|-activate|p2a: Quaquaval|move: Protect\n|move|p1b: Ting-Lu|Heavy Slam|p2a: Quaquaval\n|-activate|p2a: Quaquaval|move: Protect\n|\n|upkeep\n|turn|4\n|\n|t:|1682323693\n|move|p2a: Quaquaval|Aqua Step|p1b: Ting-Lu\n|-supereffective|p1b: Ting-Lu\n|-damage|p1b: Ting-Lu|8\/100\n|-boost|p2a: Quaquaval|spe|1\n|move|p1a: Meowscarada|Flower Trick|p2a: Quaquaval\n|-crit|p2a: Quaquaval\n|-damage|p2a: Quaquaval|0 fnt\n|faint|p2a: Quaquaval\n|move|p2b: Flutter Mane|Dazzling Gleam|p1b: Ting-Lu|[spread] p1a,p1b\n|-supereffective|p1a: Meowscarada\n|-supereffective|p1b: Ting-Lu\n|-enditem|p1a: Meowscarada|Focus Sash\n|-damage|p1a: Meowscarada|1\/100\n|-damage|p1b: Ting-Lu|0 fnt\n|faint|p1b: Ting-Lu\n|\n|upkeep\n|\n|t:|1682323711\n|switch|p2a: Arcanine|Arcanine, L50, F|100\/100\n|switch|p1b: Garganacl|Garganacl, L50, F|100\/100\n|-ability|p2a: Arcanine|Intimidate|boost\n|-unboost|p1a: Meowscarada|atk|1\n|-unboost|p1b: Garganacl|atk|1\n|turn|5\n|\n|t:|1682323729\n|switch|p1a: Skeledirge|Skeledirge, L50, F|100\/100\n|move|p2b: Flutter Mane|Dazzling Gleam|p1a: Skeledirge|[spread] p1a,p1b\n|-resisted|p1a: Skeledirge\n|-damage|p1a: Skeledirge|81\/100\n|-damage|p1b: Garganacl|70\/100\n|move|p2a: Arcanine|Howl|p2a: Arcanine|[spread] p2a,p2b\n|-boost|p2a: Arcanine|atk|1\n|-boost|p2b: Flutter Mane|atk|1\n|move|p1b: Garganacl|Salt Cure|p2b: Flutter Mane\n|-damage|p2b: Flutter Mane|86\/100\n|-start|p2b: Flutter Mane|Salt Cure\n|\n|-heal|p1b: Garganacl|75\/100|[from] item: Leftovers\n|-damage|p2b: Flutter Mane|74\/100|[from] Salt Cure\n|upkeep\n|turn|6\n|\n|t:|1682323768\n|-end|p2b: Flutter Mane|Protosynthesis|[silent]\n|switch|p2b: Flamigo|Flamigo, L50, M|100\/100\n|-copyboost|p2b: Flamigo|p2a: Arcanine|[from] ability: Costar\n|move|p2a: Arcanine|Protect|p2a: Arcanine\n|-singleturn|p2a: Arcanine|Protect\n|move|p1a: Skeledirge|Fire Spin|p2b: Flamigo|[miss]\n|-miss|p1a: Skeledirge|p2b: Flamigo\n|move|p1b: Garganacl|Salt Cure|p2a: Arcanine\n|-activate|p2a: Arcanine|move: Protect\n|\n|-heal|p1b: Garganacl|81\/100|[from] item: Leftovers\n|upkeep\n|turn|7\n|\n|t:|1682323790\n|-terastallize|p1b: Garganacl|Poison\n|move|p2a: Arcanine|Howl|p2a: Arcanine|[spread] p2a,p2b\n|-boost|p2a: Arcanine|atk|1\n|-boost|p2b: Flamigo|atk|1\n|move|p2b: Flamigo|Close Combat|p1b: Garganacl\n|-resisted|p1b: Garganacl\n|-damage|p1b: Garganacl|49\/100\n|-unboost|p2b: Flamigo|def|1\n|-unboost|p2b: Flamigo|spd|1\n|move|p1a: Skeledirge|Fire Spin|p2b: Flamigo|[miss]\n|-miss|p1a: Skeledirge|p2b: Flamigo\n|move|p1b: Garganacl|Salt Cure|p2b: Flamigo\n|-damage|p2b: Flamigo|84\/100\n|-start|p2b: Flamigo|Salt Cure\n|\n|-heal|p1b: Garganacl|55\/100|[from] item: Leftovers\n|-damage|p2b: Flamigo|72\/100|[from] Salt Cure\n|upkeep\n|turn|8\n|\n|t:|1682323829\n|move|p1b: Garganacl|Protect|p1b: Garganacl\n|-singleturn|p1b: Garganacl|Protect\n|move|p2a: Arcanine|Howl|p2a: Arcanine|[spread] p2a,p2b\n|-boost|p2a: Arcanine|atk|1\n|-boost|p2b: Flamigo|atk|1\n|move|p2b: Flamigo|Brave Bird|p1a: Skeledirge\n|-damage|p1a: Skeledirge|44\/100\n|-damage|p2b: Flamigo|57\/100|[from] Recoil\n|move|p1a: Skeledirge|Fire Spin|p2b: Flamigo\n|-damage|p2b: Flamigo|42\/100\n|-activate|p2b: Flamigo|move: Fire Spin|[of] p1a: Skeledirge\n|-enditem|p2b: Flamigo|Sitrus Berry|[eat]\n|-heal|p2b: Flamigo|67\/100|[from] item: Sitrus Berry\n|\n|-heal|p1b: Garganacl|61\/100|[from] item: Leftovers\n|-damage|p2b: Flamigo|54\/100|[from] Salt Cure\n|-damage|p2b: Flamigo|42\/100|[from] move: Fire Spin|[partiallytrapped]\n|upkeep\n|turn|9\n|\n|t:|1682323868\n|move|p2a: Arcanine|Protect|p2a: Arcanine\n|-singleturn|p2a: Arcanine|Protect\n|move|p2b: Flamigo|Brave Bird|p1b: Garganacl\n|-damage|p1b: Garganacl|0 fnt\n|faint|p1b: Garganacl\n|-damage|p2b: Flamigo|19\/100|[from] Recoil\n|move|p1a: Skeledirge|Slack Off|p1a: Skeledirge\n|-heal|p1a: Skeledirge|94\/100\n|\n|-damage|p2b: Flamigo|7\/100|[from] move: Fire Spin|[partiallytrapped]\n|-damage|p2b: Flamigo|0 fnt|[from] Salt Cure\n|faint|p2b: Flamigo\n|upkeep\n|\n|t:|1682323883\n|switch|p2b: Flutter Mane|Flutter Mane, L50|74\/100\n|switch|p1b: Meowscarada|Meowscarada, L50, M|1\/100\n|turn|10\n|\n|t:|1682323900\n|move|p2a: Arcanine|Extreme Speed|p1b: Meowscarada\n|-damage|p1b: Meowscarada|0 fnt\n|faint|p1b: Meowscarada\n|move|p2b: Flutter Mane|Power Gem|p1a: Skeledirge\n|-supereffective|p1a: Skeledirge\n|-damage|p1a: Skeledirge|34\/100\n|move|p1a: Skeledirge|Fire Spin|p2b: Flutter Mane\n|-damage|p2b: Flutter Mane|61\/100\n|-activate|p2b: Flutter Mane|move: Fire Spin|[of] p1a: Skeledirge\n|\n|-damage|p2b: Flutter Mane|49\/100|[from] move: Fire Spin|[partiallytrapped]\n|upkeep\n|turn|11\n|\n|t:|1682323916\n|move|p2b: Flutter Mane|Power Gem|p1a: Skeledirge\n|-supereffective|p1a: Skeledirge\n|-damage|p1a: Skeledirge|0 fnt\n|faint|p1a: Skeledirge\n|\n|win|UltimoRyu\n|raw|Sakul5's rating: 1260 → 1233<\/strong> (-27 for losing)\n|raw|UltimoRyu's rating: 1228 → 1255<\/strong> (+27 for winning)\n","uploadtime":1682323923,"views":26,"p1id":"sakul5","p2id":"ultimoryu","formatid":"gen9vgc2023regulationc","rating":1233,"private":0,"password":""}