{"id":"gen9vgc2023regulationc-1846480621","p1":"beckybug","p2":"Germanpapu","format":"[Gen 9] VGC 2023 Regulation C","log":"|j|\u2606beckybug\n|j|\u2606Germanpapu\n|t:|1681844385\n|gametype|doubles\n|player|p1|beckybug|rosa|1566\n|player|p2|Germanpapu|266|1549\n|teamsize|p1|6\n|teamsize|p2|6\n|gen|9\n|tier|[Gen 9] VGC 2023 Regulation C\n|rated|\n|rule|Species Clause: Limit one of each Pok\u00e9mon\n|rule|Item Clause: Limit one of each item\n|clearpoke\n|poke|p1|Iron Bundle, L50|\n|poke|p1|Chi-Yu, L50|\n|poke|p1|Lycanroc, L50, M|\n|poke|p1|Tyranitar, L50, M|\n|poke|p1|Indeedee-F, L50, F|\n|poke|p1|Armarouge, L50, M|\n|poke|p2|Glaceon, L50, F|\n|poke|p2|Abomasnow, L50, F|\n|poke|p2|Wo-Chien, L50|\n|poke|p2|Flutter Mane, L50|\n|poke|p2|Baxcalibur, L50, M|\n|poke|p2|Arcanine, L50, F|\n|teampreview|4\nGermanpapu rejected open team sheets.\n|\n|t:|1681844411\n|start\n|switch|p1a: Iron Bundle|Iron Bundle, L50|100\/100\n|switch|p1b: Chi-Yu|Chi-Yu, L50|100\/100\n|switch|p2a: Glaceon|Glaceon, L50, F|100\/100\n|switch|p2b: Abomasnow|Abomasnow, L50, F|100\/100\n|-ability|p1b: Chi-Yu|Beads of Ruin\n|-weather|Snow|[from] ability: Snow Warning|[of] p2b: Abomasnow\n|-enditem|p1a: Iron Bundle|Booster Energy\n|-activate|p1a: Iron Bundle|ability: Quark Drive|[fromitem]\n|-start|p1a: Iron Bundle|quarkdrivespe\n|turn|1\n|\n|t:|1681844428\n|-terastallize|p2a: Glaceon|Ground\n|move|p2b: Abomasnow|Protect|p2b: Abomasnow\n|-singleturn|p2b: Abomasnow|Protect\n|move|p1a: Iron Bundle|Icy Wind|p2a: Glaceon|[spread] \n|-activate|p2b: Abomasnow|move: Protect\n|-miss|p1a: Iron Bundle|p2a: Glaceon\n|move|p1b: Chi-Yu|Heat Wave|p2b: Abomasnow|[spread] p2a\n|-activate|p2b: Abomasnow|move: Protect\n|-damage|p2a: Glaceon|14\/100\n|move|p2a: Glaceon|Tera Blast|p1b: Chi-Yu\n|-supereffective|p1b: Chi-Yu\n|-damage|p1b: Chi-Yu|0 fnt\n|faint|p1b: Chi-Yu\n|\n|-weather|Snow|[upkeep]\n|upkeep\n|\n|t:|1681844443\n|switch|p1b: Lycanroc|Lycanroc, L50, M|100\/100\n|turn|2\n|\n|t:|1681844452\n|move|p1a: Iron Bundle|Encore|p2b: Abomasnow\n|-start|p2b: Abomasnow|Encore\n|move|p1b: Lycanroc|Rock Slide|p2a: Glaceon|[spread] p2a,p2b\n|-resisted|p2a: Glaceon\n|-supereffective|p2b: Abomasnow\n|-damage|p2a: Glaceon|0 fnt\n|-damage|p2b: Abomasnow|63\/100\n|faint|p2a: Glaceon\n|move|p2b: Abomasnow|Protect||[still]\n|-fail|p2b: Abomasnow\n|\n|-weather|Snow|[upkeep]\n|upkeep\n|\n|t:|1681844467\n|switch|p2a: Arcanine|Arcanine, L50, F|100\/100\n|-ability|p2a: Arcanine|Intimidate|boost\n|-unboost|p1a: Iron Bundle|atk|1\n|-unboost|p1b: Lycanroc|atk|1\n|turn|3\n|\n|t:|1681844479\n|-end|p1a: Iron Bundle|Quark Drive|[silent]\n|switch|p1a: Tyranitar|Tyranitar, L50, M|100\/100\n|-weather|Sandstorm|[from] ability: Sand Stream|[of] p1a: Tyranitar\n|move|p2b: Abomasnow|Protect|p2b: Abomasnow\n|-singleturn|p2b: Abomasnow|Protect\n|move|p1b: Lycanroc|Rock Slide|p2b: Abomasnow|[spread] p2a\n|-activate|p2b: Abomasnow|move: Protect\n|-supereffective|p2a: Arcanine\n|-damage|p2a: Arcanine|54\/100\n|move|p2a: Arcanine|Wild Charge|p1a: Tyranitar\n|-crit|p1a: Tyranitar\n|-damage|p1a: Tyranitar|54\/100\n|-damage|p2a: Arcanine|39\/100|[from] Recoil\n|-damage|p2a: Arcanine|29\/100|[from] item: Life Orb\n|\n|-weather|Sandstorm|[upkeep]\n|-damage|p2a: Arcanine|23\/100|[from] Sandstorm\n|-damage|p2b: Abomasnow|57\/100|[from] Sandstorm\n|upkeep\n|turn|4\n|j| blockchiken\n|\n|t:|1681844504\n|switch|p2b: Flutter Mane|Flutter Mane, L50|100\/100\n|-enditem|p2b: Flutter Mane|Booster Energy\n|-activate|p2b: Flutter Mane|ability: Protosynthesis|[fromitem]\n|-start|p2b: Flutter Mane|protosynthesisspa\n|move|p2a: Arcanine|Protect|p2a: Arcanine\n|-singleturn|p2a: Arcanine|Protect\n|move|p1b: Lycanroc|Rock Slide|p2a: Arcanine|[spread] p2b\n|-activate|p2a: Arcanine|move: Protect\n|-damage|p2b: Flutter Mane|61\/100\n|move|p1a: Tyranitar|Assurance|p2b: Flutter Mane\n|-damage|p2b: Flutter Mane|0 fnt\n|faint|p2b: Flutter Mane\n|-end|p2b: Flutter Mane|Protosynthesis|[silent]\n|\n|-weather|Sandstorm|[upkeep]\n|-damage|p2a: Arcanine|17\/100|[from] Sandstorm\n|upkeep\n|\n|t:|1681844517\n|switch|p2b: Abomasnow|Abomasnow, L50, F|57\/100\n|-weather|Snow|[from] ability: Snow Warning|[of] p2b: Abomasnow\n|turn|5\n|\n|t:|1681844533\n|switch|p1a: Iron Bundle|Iron Bundle, L50|100\/100\n|move|p1b: Lycanroc|Rock Slide|p2a: Arcanine|[spread] p2a,p2b\n|-supereffective|p2a: Arcanine\n|-supereffective|p2b: Abomasnow\n|-crit|p2b: Abomasnow\n|-damage|p2a: Arcanine|0 fnt\n|-damage|p2b: Abomasnow|0 fnt\n|faint|p2a: Arcanine\n|faint|p2b: Abomasnow\n|\n|win|beckybug\n|raw|beckybug's rating: 1566 → 1585<\/strong> (+19 for winning)\n|raw|Germanpapu's rating: 1549 → 1530<\/strong> (-19 for losing)\n|l|\u2606Germanpapu\n","uploadtime":1681844544,"views":16,"p1id":"beckybug","p2id":"germanpapu","formatid":"gen9vgc2023regulationc","rating":1530,"private":0,"password":""}