{"id":"gen9vgc2023regulationc-1849125097","p1":"digitdigit2","p2":"lesleychow307","format":"[Gen 9] VGC 2023 Regulation C","log":"|j|\u2606digitdigit2\n|j|\u2606lesleychow307\n|t:|1682160075\n|gametype|doubles\n|player|p1|digitdigit2|cynthia|1125\n|player|p2|lesleychow307|1|1184\n|teamsize|p1|6\n|teamsize|p2|6\n|gen|9\n|tier|[Gen 9] VGC 2023 Regulation C\n|rated|\n|rule|Species Clause: Limit one of each Pok\u00e9mon\n|rule|Item Clause: Limit one of each item\n|clearpoke\n|poke|p1|Iron Thorns, L50|\n|poke|p1|Arcanine, L50, F|\n|poke|p1|Amoonguss, L50, F|\n|poke|p1|Roaring Moon, L50|\n|poke|p1|Mimikyu, L50, F|\n|poke|p1|Ting-Lu, L50|\n|poke|p2|Ceruledge, L50, F|\n|poke|p2|Amoonguss, L50, M|\n|poke|p2|Sableye, L50, M|\n|poke|p2|Kingambit, L50, F|\n|poke|p2|Flutter Mane, L50|\n|poke|p2|Iron Bundle, L50|\n|teampreview|4\n|\n|t:|1682160108\n|start\n|switch|p1a: Iron Thorns|Iron Thorns, L50|100\/100\n|switch|p1b: Mimikyu|Mimikyu, L50, F|100\/100\n|switch|p2a: Ceruledge|Ceruledge, L50, F, shiny|100\/100\n|switch|p2b: Sableye|Sableye, L50, M|100\/100\n|turn|1\n|\n|t:|1682160125\n|move|p2a: Ceruledge|Protect|p2a: Ceruledge\n|-singleturn|p2a: Ceruledge|Protect\n|move|p1a: Iron Thorns|Protect|p1a: Iron Thorns\n|-singleturn|p1a: Iron Thorns|Protect\n|move|p2b: Sableye|Reflect|p2b: Sableye\n|-sidestart|p2: lesleychow307|Reflect\n|move|p1b: Mimikyu|Trick Room|p1b: Mimikyu\n|-fieldstart|move: Trick Room|[of] p1b: Mimikyu\n|\n|upkeep\n|turn|2\n|\n|t:|1682160146\n|-terastallize|p2a: Ceruledge|Grass\n|move|p2b: Sableye|Encore|p1a: Iron Thorns\n|-start|p1a: Iron Thorns|Encore\n|move|p1b: Mimikyu|Shadow Sneak|p2a: Ceruledge\n|-damage|p2a: Ceruledge|88\/100\n|move|p1a: Iron Thorns|Protect||[still]\n|-fail|p1a: Iron Thorns\n|move|p2a: Ceruledge|Bulk Up|p2a: Ceruledge\n|-boost|p2a: Ceruledge|atk|1\n|-boost|p2a: Ceruledge|def|1\n|\n|upkeep\n|turn|3\n|\n|t:|1682160164\n|-end|p1a: Iron Thorns|Quark Drive|[silent]\n|switch|p1a: Amoonguss|Amoonguss, L50, F|100\/100\n|move|p2b: Sableye|Encore|p1b: Mimikyu\n|-start|p1b: Mimikyu|Encore\n|-enditem|p1b: Mimikyu|Mental Herb\n|-end|p1b: Mimikyu|Encore\n|move|p1b: Mimikyu|Taunt|p2b: Sableye\n|-start|p2b: Sableye|move: Taunt\n|move|p2a: Ceruledge|Bitter Blade|p1b: Mimikyu\n|-activate|p1b: Mimikyu|ability: Disguise\n|-damage|p1b: Mimikyu|100\/100\n|detailschange|p1b: Mimikyu|Mimikyu-Busted, L50, F\n|-damage|p1b: Mimikyu|88\/100|[from] pokemon: Mimikyu-Busted\n|\n|upkeep\n|turn|4\n|\n|t:|1682160185\n|switch|p2b: Amoonguss|Amoonguss, L50, M, shiny|100\/100\n|switch|p1b: Iron Thorns|Iron Thorns, L50|100\/100\n|move|p1a: Amoonguss|Clear Smog|p2a: Ceruledge\n|-supereffective|p2a: Ceruledge\n|-damage|p2a: Ceruledge|59\/100\n|-clearboost|p2a: Ceruledge\n|move|p2a: Ceruledge|Bitter Blade|p1a: Amoonguss\n|-supereffective|p1a: Amoonguss\n|-damage|p1a: Amoonguss|16\/100\n|-heal|p2a: Ceruledge|100\/100|[from] drain|[of] p1a: Amoonguss\n|-enditem|p1a: Amoonguss|Sitrus Berry|[eat]\n|-heal|p1a: Amoonguss|40\/100|[from] item: Sitrus Berry\n|\n|upkeep\n|turn|5\n|-message|digitdigit2 forfeited.\n|\n|win|lesleychow307\n|raw|digitdigit2's rating: 1125 → 1104<\/strong> (-21 for losing)\n|raw|lesleychow307's rating: 1184 → 1205<\/strong> (+21 for winning)\n|l|\u2606digitdigit2\n","uploadtime":1682160211,"views":13,"p1id":"digitdigit2","p2id":"lesleychow307","formatid":"gen9vgc2023regulationc","rating":1104,"private":0,"password":""}