{"id":"gen9vgc2023regulationc-1847657278","p1":"onirico_11","p2":"Landri","format":"[Gen 9] VGC 2023 Regulation C","log":"|j|\u2606onirico_11\n|j|\u2606Landri\n|t:|1681988642\n|gametype|doubles\n|player|p1|onirico_11|alder|1338\n|player|p2|Landri|acetrainer-gen4dp|1287\n|teamsize|p1|6\n|teamsize|p2|6\n|gen|9\n|tier|[Gen 9] VGC 2023 Regulation C\n|rated|\n|rule|Species Clause: Limit one of each Pok\u00e9mon\n|rule|Item Clause: Limit one of each item\n|clearpoke\n|poke|p1|Scream Tail, L50|\n|poke|p1|Flutter Mane, L50|\n|poke|p1|Chi-Yu, L50|\n|poke|p1|Garchomp, L50, F|\n|poke|p1|Gyarados, L50, M|\n|poke|p1|Kingambit, L50, F|\n|poke|p2|Palafin, L50, M|\n|poke|p2|Amoonguss, L50, M|\n|poke|p2|Ting-Lu, L50|\n|poke|p2|Orthworm, L50, F|\n|poke|p2|Dragonite, L50, F|\n|poke|p2|Glimmora, L50, M|\n|teampreview|4\n|inactive|Battle timer is ON: inactive players will automatically lose when time's up. (requested by Landri)\n|inactive|onirico_11 has 60 seconds left.\n|\n|t:|1681988674\n|start\n|switch|p1a: Chi-Yu|Chi-Yu, L50|100\/100\n|switch|p1b: Gyarados|Gyarados, L50, M|100\/100\n|switch|p2a: Palafin|Palafin, L50, M|100\/100\n|switch|p2b: Ting-Lu|Ting-Lu, L50|100\/100\n|-ability|p1a: Chi-Yu|Beads of Ruin\n|-ability|p1b: Gyarados|Intimidate|boost\n|-unboost|p2a: Palafin|atk|1\n|-unboost|p2b: Ting-Lu|atk|1\n|-ability|p2b: Ting-Lu|Vessel of Ruin\n|turn|1\n|\n|t:|1681988696\n|-terastallize|p1a: Chi-Yu|Grass\n|move|p2a: Palafin|Protect|p2a: Palafin\n|-singleturn|p2a: Palafin|Protect\n|move|p1a: Chi-Yu|Tera Blast|p2a: Palafin\n|-activate|p2a: Palafin|move: Protect\n|move|p1b: Gyarados|Thunder Wave|p2a: Palafin\n|-activate|p2a: Palafin|move: Protect\n|move|p2b: Ting-Lu|Snarl|p1a: Chi-Yu|[spread] p1a,p1b\n|-damage|p1a: Chi-Yu|92\/100\n|-damage|p1b: Gyarados|90\/100\n|-unboost|p1a: Chi-Yu|spa|1\n|-unboost|p1b: Gyarados|spa|1\n|\n|upkeep\n|turn|2\n|inactive|Landri has 30 seconds left.\n|\n|t:|1681988726\n|detailschange|p2a: Palafin|Palafin-Hero, L50, M\n|switch|p2a: Orthworm|Orthworm, L50, F|100\/100\n|move|p1a: Chi-Yu|Tera Blast|p2b: Ting-Lu\n|-supereffective|p2b: Ting-Lu\n|-damage|p2b: Ting-Lu|72\/100\n|move|p1b: Gyarados|Thunder Wave|p2a: Orthworm\n|-status|p2a: Orthworm|par\n|move|p2b: Ting-Lu|Bulldoze|p1b: Gyarados|[spread] p1a\n|-immune|p2a: Orthworm|[from] ability: Earth Eater\n|-immune|p1b: Gyarados\n|-resisted|p1a: Chi-Yu\n|-damage|p1a: Chi-Yu|83\/100\n|-unboost|p1a: Chi-Yu|spe|1\n|\n|upkeep\n|turn|3\n|\n|t:|1681988746\n|switch|p1a: Scream Tail|Scream Tail, L50|100\/100\n|-enditem|p1a: Scream Tail|Booster Energy\n|-activate|p1a: Scream Tail|ability: Protosynthesis|[fromitem]\n|-start|p1a: Scream Tail|protosynthesisspe\n|move|p1b: Gyarados|Taunt|p2a: Orthworm\n|-start|p2a: Orthworm|move: Taunt\n|move|p2b: Ting-Lu|Snarl|p1a: Scream Tail|[spread] p1a,p1b\n|-damage|p1a: Scream Tail|95\/100\n|-damage|p1b: Gyarados|83\/100\n|-unboost|p1a: Scream Tail|spa|1\n|-unboost|p1b: Gyarados|spa|1\n|cant|p2a: Orthworm|move: Taunt|Shed Tail\n|\n|upkeep\n|turn|4\n|\n|t:|1681988765\n|switch|p2a: Dragonite|Dragonite, L50, F|100\/100\n|move|p1a: Scream Tail|Encore||[still]\n|-fail|p1a: Scream Tail\n|move|p1b: Gyarados|Waterfall|p2b: Ting-Lu\n|-supereffective|p2b: Ting-Lu\n|-damage|p2b: Ting-Lu|24\/100\n|move|p2b: Ting-Lu|Heavy Slam|p1a: Scream Tail\n|-supereffective|p1a: Scream Tail\n|-damage|p1a: Scream Tail|57\/100\n|\n|upkeep\n|turn|5\n|inactive|Landri has 30 seconds left.\n|\n|t:|1681988796\n|switch|p2b: Orthworm|Orthworm, L50, F|100\/100 par\n|-terastallize|p2a: Dragonite|Flying\n|move|p1a: Scream Tail|Protect|p1a: Scream Tail\n|-singleturn|p1a: Scream Tail|Protect\n|move|p1b: Gyarados|Waterfall|p2b: Orthworm\n|-damage|p2b: Orthworm|69\/100 par\n|move|p2a: Dragonite|Tera Blast|p1b: Gyarados\n|-damage|p1b: Gyarados|16\/100\n|-enditem|p1b: Gyarados|Sitrus Berry|[eat]\n|-heal|p1b: Gyarados|41\/100|[from] item: Sitrus Berry\n|\n|upkeep\n|turn|6\n|\n|t:|1681988815\n|switch|p2b: Ting-Lu|Ting-Lu, L50|24\/100\n|-ability|p2b: Ting-Lu|Vessel of Ruin\n|move|p1a: Scream Tail|Disable|p2a: Dragonite\n|-start|p2a: Dragonite|Disable|Tera Blast\n|move|p1b: Gyarados|Taunt|p2b: Ting-Lu\n|-start|p2b: Ting-Lu|move: Taunt\n|move|p2a: Dragonite|Tailwind|p2a: Dragonite\n|-sidestart|p2: Landri|move: Tailwind\n|\n|upkeep\n|turn|7\n|inactive|onirico_11 has 30 seconds left.\n|inactive|Landri has 30 seconds left.\n|\n|t:|1681988848\n|switch|p1b: Garchomp|Garchomp, L50, F|100\/100\n|move|p1a: Scream Tail|Dazzling Gleam|p2b: Ting-Lu|[spread] p2a,p2b\n|-supereffective|p2b: Ting-Lu\n|-damage|p2a: Dragonite|97\/100\n|-damage|p2b: Ting-Lu|17\/100\n|move|p2a: Dragonite|Earthquake|p1a: Scream Tail|[spread] p2b,p1a,p1b\n|-damage|p2b: Ting-Lu|2\/100\n|-damage|p1a: Scream Tail|37\/100\n|-damage|p1b: Garchomp|77\/100\n|move|p2b: Ting-Lu|Heavy Slam|p1a: Scream Tail\n|-supereffective|p1a: Scream Tail\n|-damage|p1a: Scream Tail|0 fnt\n|faint|p1a: Scream Tail\n|-end|p1a: Scream Tail|Protosynthesis|[silent]\n|\n|-heal|p2a: Dragonite|100\/100|[from] item: Leftovers\n|upkeep\n|\n|t:|1681988862\n|switch|p1a: Gyarados|Gyarados, L50, M|41\/100\n|-ability|p1a: Gyarados|Intimidate|boost\n|-unboost|p2a: Dragonite|atk|1\n|-unboost|p2b: Ting-Lu|atk|1\n|turn|8\n|\n|t:|1681988878\n|switch|p2a: Orthworm|Orthworm, L50, F|69\/100 par\n|move|p1b: Garchomp|Protect|p1b: Garchomp\n|-singleturn|p1b: Garchomp|Protect\n|move|p2b: Ting-Lu|Bulldoze|p1a: Gyarados|[spread] \n|-activate|p1b: Garchomp|move: Protect\n|-heal|p2a: Orthworm|94\/100 par|[from] ability: Earth Eater|[of] p2b: Ting-Lu\n|-immune|p1a: Gyarados\n|move|p1a: Gyarados|Thunder Wave|p2a: Orthworm|[miss]\n|-miss|p1a: Gyarados|p2a: Orthworm\n|\n|-end|p2b: Ting-Lu|move: Taunt\n|upkeep\n|turn|9\n|\n|t:|1681988892\n|move|p1b: Garchomp|Earthquake|p2a: Orthworm|[spread] p2b\n|-heal|p2a: Orthworm|100\/100 par|[from] ability: Earth Eater|[of] p1b: Garchomp\n|-immune|p1a: Gyarados\n|-damage|p2b: Ting-Lu|0 fnt\n|faint|p2b: Ting-Lu\n|-damage|p1b: Garchomp|67\/100|[from] item: Life Orb\n|move|p1a: Gyarados|Taunt|p2a: Orthworm\n|-start|p2a: Orthworm|move: Taunt\n|cant|p2a: Orthworm|move: Taunt|Shed Tail\n|\n|-sideend|p2: Landri|move: Tailwind\n|upkeep\n|\n|t:|1681988902\n|switch|p2b: Palafin|Palafin-Hero, L50, M|100\/100\n|-activate|p2b: Palafin|ability: Zero to Hero\n|turn|10\n|\n|t:|1681988915\n|move|p1b: Garchomp|Protect|p1b: Garchomp\n|-singleturn|p1b: Garchomp|Protect\n|move|p2b: Palafin|Jet Punch|p1b: Garchomp\n|-activate|p1b: Garchomp|move: Protect\n|move|p1a: Gyarados|Thunder Wave|p2b: Palafin\n|-status|p2b: Palafin|par\n|move|p2a: Orthworm|Heavy Slam|p1b: Garchomp\n|-activate|p1b: Garchomp|move: Protect\n|\n|upkeep\n|turn|11\n|\n|t:|1681988936\n|move|p1b: Garchomp|Dragon Claw|p2b: Palafin\n|-damage|p2b: Palafin|48\/100 par\n|-damage|p1b: Garchomp|57\/100|[from] item: Life Orb\n|move|p1a: Gyarados|Waterfall|p2a: Orthworm\n|-crit|p2a: Orthworm\n|-damage|p2a: Orthworm|56\/100 par\n|move|p2b: Palafin|Wave Crash|p1a: Gyarados\n|-resisted|p1a: Gyarados\n|-damage|p1a: Gyarados|0 fnt\n|faint|p1a: Gyarados\n|-damage|p2b: Palafin|34\/100 par|[from] Recoil\n|move|p2a: Orthworm|Heavy Slam|p1b: Garchomp\n|-damage|p1b: Garchomp|33\/100\n|-damage|p2a: Orthworm|44\/100 par|[from] ability: Rough Skin|[of] p1b: Garchomp\n|-enditem|p2a: Orthworm|Sitrus Berry|[eat]\n|-heal|p2a: Orthworm|69\/100 par|[from] item: Sitrus Berry\n|\n|-end|p2a: Orthworm|move: Taunt\n|upkeep\n|\n|t:|1681988945\n|switch|p1a: Chi-Yu|Chi-Yu, L50, tera:Grass|83\/100\n|-ability|p1a: Chi-Yu|Beads of Ruin\n|turn|12\n|\n|t:|1681988963\n|move|p1b: Garchomp|Protect|p1b: Garchomp\n|-singleturn|p1b: Garchomp|Protect\n|cant|p2b: Palafin|par\n|move|p1a: Chi-Yu|Heat Wave|p2a: Orthworm|[spread] p2a\n|-miss|p1a: Chi-Yu|p2b: Palafin\n|-supereffective|p2a: Orthworm\n|-damage|p2a: Orthworm|0 fnt\n|faint|p2a: Orthworm\n|\n|upkeep\n|\n|t:|1681988971\n|switch|p2a: Dragonite|Dragonite, L50, F, tera:Flying|100\/100\n|turn|13\n|\n|t:|1681988985\n|move|p2b: Palafin|Jet Punch|p1b: Garchomp\n|-damage|p1b: Garchomp|0 fnt\n|-damage|p2b: Palafin|22\/100 par|[from] ability: Rough Skin|[of] p1b: Garchomp\n|faint|p1b: Garchomp\n|move|p1a: Chi-Yu|Heat Wave|p2b: Palafin|[spread] p2a,p2b\n|-resisted|p2b: Palafin\n|-damage|p2a: Dragonite|79\/100\n|-damage|p2b: Palafin|0 fnt\n|faint|p2b: Palafin\n|move|p2a: Dragonite|Tera Blast|p1a: Chi-Yu\n|-supereffective|p1a: Chi-Yu\n|-damage|p1a: Chi-Yu|0 fnt\n|faint|p1a: Chi-Yu\n|\n|win|Landri\n|raw|onirico_11's rating: 1338 → 1315<\/strong> (-23 for losing)\n|raw|Landri's rating: 1287 → 1316<\/strong> (+29 for winning)\n","uploadtime":1681989009,"views":10,"p1id":"onirico11","p2id":"landri","formatid":"gen9vgc2023regulationc","rating":1315,"private":0,"password":""}