{"id":"gen9vgc2023regulationc-1853313971","p1":"Cozy Snail","p2":"hunkachunktest","format":"[Gen 9] VGC 2023 Regulation C","log":"|j|\u2606Cozy Snail\n|j|\u2606hunkachunktest\n|t:|1682666298\n|gametype|doubles\n|player|p1|Cozy Snail|fisherman-gen4|1361\n|player|p2|hunkachunktest|265|1295\n|teamsize|p1|6\n|teamsize|p2|6\n|gen|9\n|tier|[Gen 9] VGC 2023 Regulation C\n|rated|\n|rule|Species Clause: Limit one of each Pok\u00e9mon\n|rule|Item Clause: Limit one of each item\n|clearpoke\n|poke|p1|Iron Bundle, L50|\n|poke|p1|Ting-Lu, L50|\n|poke|p1|Vivillon-Fancy, L50, M|\n|poke|p1|Iron Hands, L50|\n|poke|p1|Bronzong, L50|\n|poke|p1|Abomasnow, L50, M|\n|poke|p2|Flutter Mane, L50|\n|poke|p2|Palafin, L50, F|\n|poke|p2|Amoonguss, L50, M|\n|poke|p2|Arcanine, L50, M|\n|poke|p2|Baxcalibur, L50, F|\n|poke|p2|Ting-Lu, L50|\n|teampreview|4\n|inactive|Battle timer is ON: inactive players will automatically lose when time's up. (requested by hunkachunktest)\n|\n|t:|1682666338\n|start\n|switch|p1a: Bronzong|Bronzong, L50|100\/100\n|switch|p1b: Ting-Lu|Ting-Lu, L50|100\/100\n|switch|p2a: Ting-Lu|Ting-Lu, L50|100\/100\n|switch|p2b: Palafin|Palafin, L50, F|100\/100\n|-ability|p1b: Ting-Lu|Vessel of Ruin\n|-ability|p2a: Ting-Lu|Vessel of Ruin\n|turn|1\n|inactive|Cozy Snail has 30 seconds left.\n|inactive|hunkachunktest has 30 seconds left.\n|inactive|hunkachunktest has 20 seconds left.\n|\n|t:|1682666374\n|detailschange|p2b: Palafin|Palafin-Hero, L50, F\n|switch|p2b: Arcanine|Arcanine, L50, M|100\/100\n|-ability|p2b: Arcanine|Intimidate|boost\n|-unboost|p1a: Bronzong|atk|1\n|-unboost|p1b: Ting-Lu|atk|1\n|move|p1b: Ting-Lu|Earthquake|p2b: Arcanine|[spread] p2a,p2b\n|-immune|p1a: Bronzong|[from] ability: Levitate\n|-supereffective|p2b: Arcanine\n|-damage|p2a: Ting-Lu|75\/100\n|-damage|p2b: Arcanine|11\/100\n|move|p2a: Ting-Lu|Ruination|p1a: Bronzong\n|-damage|p1a: Bronzong|50\/100\n|move|p1a: Bronzong|Body Press|p2a: Ting-Lu\n|-supereffective|p2a: Ting-Lu\n|-damage|p2a: Ting-Lu|41\/100\n|\n|upkeep\n|turn|2\n|inactive|Cozy Snail has 30 seconds left.\n|inactive|hunkachunktest has 30 seconds left.\n|inactive|Cozy Snail has 20 seconds left.\n|\n|t:|1682666411\n|move|p1a: Bronzong|Protect|p1a: Bronzong\n|-singleturn|p1a: Bronzong|Protect\n|move|p2b: Arcanine|Flare Blitz|p1a: Bronzong\n|-activate|p1a: Bronzong|move: Protect\n|move|p1b: Ting-Lu|Earthquake|p2b: Arcanine|[spread] p2a,p2b\n|-activate|p1a: Bronzong|move: Protect\n|-supereffective|p2b: Arcanine\n|-damage|p2a: Ting-Lu|19\/100\n|-damage|p2b: Arcanine|0 fnt\n|faint|p2b: Arcanine\n|move|p2a: Ting-Lu|Ruination|p1b: Ting-Lu\n|-damage|p1b: Ting-Lu|51\/100\n|\n|upkeep\n|\n|t:|1682666426\n|switch|p2b: Palafin|Palafin-Hero, L50, F|100\/100\n|-activate|p2b: Palafin|ability: Zero to Hero\n|turn|3\n|\n|t:|1682666449\n|-terastallize|p2b: Palafin|Water\n|move|p2b: Palafin|Wave Crash|p1a: Bronzong\n|-damage|p1a: Bronzong|0 fnt\n|faint|p1a: Bronzong\n|-damage|p2b: Palafin|86\/100|[from] Recoil\n|move|p1b: Ting-Lu|Earthquake|p2a: Ting-Lu|[spread] p2a,p2b\n|-damage|p2a: Ting-Lu|0 fnt\n|-damage|p2b: Palafin|51\/100\n|faint|p2a: Ting-Lu\n|\n|upkeep\n|\n|t:|1682666467\n|switch|p2a: Flutter Mane|Flutter Mane, L50|100\/100\n|switch|p1a: obamna|Abomasnow, L50, M|100\/100\n|-weather|Snow|[from] ability: Snow Warning|[of] p1a: obamna\n|turn|4\n|\n|t:|1682666483\n|-terastallize|p1b: Ting-Lu|Ground\n|move|p1a: obamna|Protect|p1a: obamna\n|-singleturn|p1a: obamna|Protect\n|move|p2a: Flutter Mane|Dazzling Gleam|p1a: obamna|[spread] p1b\n|-activate|p1a: obamna|move: Protect\n|-damage|p1b: Ting-Lu|24\/100\n|move|p2b: Palafin|Wave Crash|p1a: obamna\n|-activate|p1a: obamna|move: Protect\n|move|p1b: Ting-Lu|Earthquake|p2a: Flutter Mane|[spread] p2a,p2b\n|-activate|p1a: obamna|move: Protect\n|-damage|p2a: Flutter Mane|0 fnt\n|-damage|p2b: Palafin|2\/100\n|faint|p2a: Flutter Mane\n|-end|p2a: Flutter Mane|Protosynthesis|[silent]\n|\n|-weather|Snow|[upkeep]\n|upkeep\n|turn|5\n|-message|hunkachunktest forfeited.\n|\n|win|Cozy Snail\n|raw|Cozy Snail's rating: 1361 → 1377<\/strong> (+16 for winning)\n|raw|hunkachunktest's rating: 1295 → 1275<\/strong> (-20 for losing)\n|l|\u2606hunkachunktest\n","uploadtime":1682666516,"views":8,"p1id":"cozysnail","p2id":"hunkachunktest","formatid":"gen9vgc2023regulationc","rating":1275,"private":0,"password":""}