{"id":"gen9vgc2023regulationc-1862626891","p1":"benutzdeindeo","p2":"jchemmy","format":"[Gen 9] VGC 2023 Regulation C","log":"|j|\u2606benutzdeindeo\n|j|\u2606jchemmy\n|t:|1683906837\n|gametype|doubles\n|player|p1|benutzdeindeo|265|1529\n|player|p2|jchemmy|brock|1469\n|teamsize|p1|6\n|teamsize|p2|6\n|gen|9\n|tier|[Gen 9] VGC 2023 Regulation C\n|rated|\n|rule|Species Clause: Limit one of each Pok\u00e9mon\n|rule|Item Clause: Limit one of each item\n|clearpoke\n|poke|p1|Tyranitar, L50, M|\n|poke|p1|Gyarados, L50, M|\n|poke|p1|Glimmora, L50, M|\n|poke|p1|Flutter Mane, L50|\n|poke|p1|Chi-Yu, L50|\n|poke|p1|Orthworm, L50, M|\n|poke|p2|Flutter Mane, L50|\n|poke|p2|Ting-Lu, L50|\n|poke|p2|Baxcalibur, L50, M|\n|poke|p2|Palafin, L50, F|\n|poke|p2|Arcanine, L50, M|\n|poke|p2|Amoonguss, L50, M|\n|teampreview|4\n|inactive|Battle timer is ON: inactive players will automatically lose when time's up. (requested by jchemmy)\n|inactive|benutzdeindeo also wants the timer to be on.\njchemmy has agreed to open team sheets.\n|inactive|jchemmy has 60 seconds left.\n|\n|t:|1683906870\n|start\n|switch|p1a: Tyranitar|Tyranitar, L50, M|100\/100\n|switch|p1b: Gyarados|Gyarados, L50, M|100\/100\n|switch|p2a: Ting-Lu|Ting-Lu, L50|100\/100\n|switch|p2b: Palafin|Palafin, L50, F|100\/100\n|-ability|p1b: Gyarados|Intimidate|boost\n|-unboost|p2a: Ting-Lu|atk|1\n|-unboost|p2b: Palafin|atk|1\n|-weather|Sandstorm|[from] ability: Sand Stream|[of] p1a: Tyranitar\n|-ability|p2a: Ting-Lu|Vessel of Ruin\n|turn|1\n|inactive|benutzdeindeo has 30 seconds left.\n|inactive|benutzdeindeo has 20 seconds left.\n|\n|t:|1683906907\n|switch|p1b: Orthworm|Orthworm, L50, M|100\/100\n|detailschange|p2b: Palafin|Palafin-Hero, L50, F\n|switch|p2b: Arcanine|Arcanine, L50, M|100\/100\n|-ability|p2b: Arcanine|Intimidate|boost\n|-unboost|p1a: Tyranitar|atk|1\n|-unboost|p1b: Orthworm|atk|1\n|switch|p2a: Amoonguss|Amoonguss, L50, M|100\/100\n|move|p1a: Tyranitar|Rock Slide|p2a: Amoonguss|[spread] p2a,p2b\n|-supereffective|p2b: Arcanine\n|-damage|p2a: Amoonguss|77\/100\n|-damage|p2b: Arcanine|40\/100\n|\n|-weather|Sandstorm|[upkeep]\n|-damage|p2a: Amoonguss|71\/100|[from] Sandstorm\n|upkeep\n|turn|2\n|\n|t:|1683906929\n|switch|p2b: Palafin|Palafin-Hero, L50, F|100\/100\n|-activate|p2b: Palafin|ability: Zero to Hero\n|move|p1a: Tyranitar|Rock Slide|p2a: Amoonguss|[spread] p2a,p2b\n|-damage|p2a: Amoonguss|45\/100\n|-damage|p2b: Palafin|73\/100\n|-enditem|p2a: Amoonguss|Sitrus Berry|[eat]\n|-heal|p2a: Amoonguss|70\/100|[from] item: Sitrus Berry\n|move|p1b: Orthworm|Shed Tail|p1b: Orthworm\n|-start|p1b: Orthworm|Substitute|[from] move: Shed Tail\n|-damage|p1b: Orthworm|50\/100\n|-enditem|p1b: Orthworm|Sitrus Berry|[eat]\n|-heal|p1b: Orthworm|75\/100|[from] item: Sitrus Berry\n|\n|t:|1683906942\n|switch|p1b: Chi-Yu|Chi-Yu, L50|100\/100|[from] Shed Tail\n|-ability|p1b: Chi-Yu|Beads of Ruin\n|move|p2a: Amoonguss|Spore|p1a: Tyranitar\n|-status|p1a: Tyranitar|slp|[from] move: Spore\n|\n|-weather|Sandstorm|[upkeep]\n|-damage|p1b: Chi-Yu|94\/100|[from] Sandstorm\n|-damage|p2b: Palafin|67\/100|[from] Sandstorm\n|-damage|p2a: Amoonguss|64\/100|[from] Sandstorm\n|-heal|p1b: Chi-Yu|100\/100|[from] item: Leftovers\n|upkeep\n|turn|3\n|\n|t:|1683906965\n|switch|p1a: Gyarados|Gyarados, L50, M|100\/100\n|-ability|p1a: Gyarados|Intimidate|boost\n|-unboost|p2a: Amoonguss|atk|1\n|-unboost|p2b: Palafin|atk|1\n|switch|p2a: Ting-Lu|Ting-Lu, L50|100\/100\n|-ability|p2a: Ting-Lu|Vessel of Ruin\n|-terastallize|p1b: Chi-Yu|Water\n|move|p1b: Chi-Yu|Nasty Plot|p1b: Chi-Yu\n|-boost|p1b: Chi-Yu|spa|2\n|move|p2b: Palafin|Wave Crash|p1a: Gyarados\n|-resisted|p1a: Gyarados\n|-damage|p1a: Gyarados|64\/100\n|-damage|p2b: Palafin|56\/100|[from] Recoil\n|\n|-weather|Sandstorm|[upkeep]\n|-damage|p1a: Gyarados|58\/100|[from] Sandstorm\n|-damage|p1b: Chi-Yu|94\/100|[from] Sandstorm\n|-damage|p2b: Palafin|50\/100|[from] Sandstorm\n|-heal|p1b: Chi-Yu|100\/100|[from] item: Leftovers\n|upkeep\n|turn|4\n|inactive|benutzdeindeo has 30 seconds left.\n|\n|t:|1683906998\n|move|p1a: Gyarados|Waterfall|p2a: Ting-Lu\n|-supereffective|p2a: Ting-Lu\n|-damage|p2a: Ting-Lu|59\/100\n|move|p1b: Chi-Yu|Dark Pulse|p2b: Palafin\n|-damage|p2b: Palafin|0 fnt\n|faint|p2b: Palafin\n|move|p2a: Ting-Lu|Ruination|p1b: Chi-Yu\n|-end|p1b: Chi-Yu|Substitute\n|\n|-weather|Sandstorm|[upkeep]\n|-damage|p1a: Gyarados|52\/100|[from] Sandstorm\n|-damage|p1b: Chi-Yu|94\/100|[from] Sandstorm\n|-heal|p1b: Chi-Yu|100\/100|[from] item: Leftovers\n|upkeep\n|\n|t:|1683907010\n|switch|p2b: Amoonguss|Amoonguss, L50, M|97\/100\n|turn|5\n|\n|t:|1683907029\n|-terastallize|p2a: Ting-Lu|Poison\n|move|p1a: Gyarados|Taunt|p2b: Amoonguss\n|-start|p2b: Amoonguss|move: Taunt\n|move|p1b: Chi-Yu|Nasty Plot|p1b: Chi-Yu\n|-boost|p1b: Chi-Yu|spa|2\n|move|p2a: Ting-Lu|Ruination|p1b: Chi-Yu\n|-damage|p1b: Chi-Yu|50\/100\n|cant|p2b: Amoonguss|move: Taunt|Spore\n|\n|-weather|none\n|-heal|p1b: Chi-Yu|57\/100|[from] item: Leftovers\n|upkeep\n|turn|6\n|\n|t:|1683907046\n|switch|p2b: Arcanine|Arcanine, L50, M|40\/100\n|-ability|p2b: Arcanine|Intimidate|boost\n|-unboost|p1a: Gyarados|atk|1\n|-unboost|p1b: Chi-Yu|atk|1\n|move|p1a: Gyarados|Waterfall|p2a: Ting-Lu\n|-damage|p2a: Ting-Lu|45\/100\n|move|p1b: Chi-Yu|Heat Wave|p2b: Arcanine|[spread] p2a,p2b\n|-resisted|p2b: Arcanine\n|-damage|p2a: Ting-Lu|0 fnt\n|-damage|p2b: Arcanine|0 fnt\n|faint|p2a: Ting-Lu\n|faint|p2b: Arcanine\n|\n|-heal|p1b: Chi-Yu|63\/100|[from] item: Leftovers\n|upkeep\n|-message|jchemmy forfeited.\n|\n|win|benutzdeindeo\n|raw|benutzdeindeo's rating: 1529 → 1546<\/strong> (+17 for winning)\n|raw|jchemmy's rating: 1469 → 1452<\/strong> (-17 for losing)\n","uploadtime":1683907061,"views":16,"p1id":"benutzdeindeo","p2id":"jchemmy","formatid":"gen9vgc2023regulationc","rating":1452,"private":0,"password":""}