{"id":"gen9vgc2023regulationc-1855656238","p1":"JumpluffGoodCopium","p2":"RenanVIII","format":"[Gen 9] VGC 2023 Regulation C","log":"|j|\u2606JumpluffGoodCopium\n|j|\u2606RenanVIII\n|t:|1682970374\n|gametype|doubles\n|player|p1|JumpluffGoodCopium|dawn-gen4pt|1095\n|player|p2|RenanVIII|linebacker|1122\n|teamsize|p1|6\n|teamsize|p2|6\n|gen|9\n|tier|[Gen 9] VGC 2023 Regulation C\n|rated|\n|rule|Species Clause: Limit one of each Pok\u00e9mon\n|rule|Item Clause: Limit one of each item\n|clearpoke\n|poke|p1|Jumpluff, L50, M|\n|poke|p1|Torkoal, L50, M|\n|poke|p1|Flutter Mane, L50|\n|poke|p1|Amoonguss, L50, F|\n|poke|p1|Garganacl, L50, F|\n|poke|p1|Chi-Yu, L50|\n|poke|p2|Arcanine, L50, M|\n|poke|p2|Flutter Mane, L50|\n|poke|p2|Palafin, L50, M|\n|poke|p2|Annihilape, L50, M|\n|poke|p2|Maushold, L50|\n|poke|p2|Iron Jugulis, L50|\n|teampreview|4\nRenanVIII has agreed to open team sheets.\n|inactive|Battle timer is ON: inactive players will automatically lose when time's up. (requested by JumpluffGoodCopium)\nJumpluffGoodCopium has agreed to open team sheets.\n|inactive|RenanVIII has 60 seconds left.\n|\n|t:|1682970414\n|start\n|switch|p1a: Jumpluff|Jumpluff, L50, M|100\/100\n|switch|p1b: Torkoal|Torkoal, L50, M|100\/100\n|switch|p2a: Maushold|Maushold, L50|100\/100\n|switch|p2b: Palafin|Palafin, L50, M|100\/100\n|-weather|SunnyDay|[from] ability: Drought|[of] p1b: Torkoal\n|turn|1\n|\n|t:|1682970429\n|detailschange|p2b: Palafin|Palafin-Hero, L50, M\n|switch|p2b: Annihilape|Annihilape, L50, M|100\/100\n|-terastallize|p2a: Maushold|Grass\n|move|p1a: Jumpluff|Tailwind|p1a: Jumpluff\n|-sidestart|p1: JumpluffGoodCopium|move: Tailwind\n|move|p1b: Torkoal|Eruption|p2b: Annihilape|[spread] p2a,p2b\n|-supereffective|p2a: Maushold\n|-damage|p2a: Maushold|0 fnt\n|-damage|p2b: Annihilape|66\/100\n|faint|p2a: Maushold\n|\n|-weather|SunnyDay|[upkeep]\n|upkeep\n|\n|t:|1682970448\n|switch|p2a: Palafin|Palafin-Hero, L50, M|100\/100\n|-activate|p2a: Palafin|ability: Zero to Hero\n|turn|2\n|\n|t:|1682970467\n|-terastallize|p1b: Torkoal|Water\n|move|p1a: Jumpluff|Helping Hand|p1b: Torkoal\n|-singleturn|p1b: Torkoal|Helping Hand|[of] p1a: Jumpluff\n|move|p2a: Palafin|Protect|p2a: Palafin\n|-singleturn|p2a: Palafin|Protect\n|move|p1b: Torkoal|Eruption|p2a: Palafin|[spread] p2b\n|-activate|p2a: Palafin|move: Protect\n|-damage|p2b: Annihilape|0 fnt\n|faint|p2b: Annihilape\n|\n|-weather|SunnyDay|[upkeep]\n|upkeep\n|\n|t:|1682970477\n|switch|p2b: Flutter Mane|Flutter Mane, L50|100\/100\n|-activate|p2b: Flutter Mane|ability: Protosynthesis\n|-start|p2b: Flutter Mane|protosynthesisspe\n|turn|3\n|\n|t:|1682970491\n|move|p1a: Jumpluff|Helping Hand|p1b: Torkoal\n|-singleturn|p1b: Torkoal|Helping Hand|[of] p1a: Jumpluff\n|move|p2b: Flutter Mane|Moonblast|p1b: Torkoal\n|-crit|p1b: Torkoal\n|-damage|p1b: Torkoal|0 fnt\n|faint|p1b: Torkoal\n|move|p2a: Palafin|Wave Crash|p1a: Jumpluff\n|-resisted|p1a: Jumpluff\n|-damage|p1a: Jumpluff|70\/100\n|-damage|p2a: Palafin|92\/100|[from] Recoil\n|\n|-weather|SunnyDay|[upkeep]\n|upkeep\n|\n|t:|1682970502\n|switch|p1b: Garganacl|Garganacl, L50, F|100\/100\n|turn|4\n|\n|t:|1682970517\n|move|p2a: Palafin|Protect|p2a: Palafin\n|-singleturn|p2a: Palafin|Protect\n|move|p1a: Jumpluff|Pollen Puff|p2b: Flutter Mane\n|-resisted|p2b: Flutter Mane\n|-damage|p2b: Flutter Mane|97\/100\n|move|p2b: Flutter Mane|Moonblast|p1a: Jumpluff\n|-damage|p1a: Jumpluff|24\/100\n|move|p1b: Garganacl|Salt Cure|p2a: Palafin\n|-activate|p2a: Palafin|move: Protect\n|\n|-weather|SunnyDay|[upkeep]\n|-sideend|p1: JumpluffGoodCopium|move: Tailwind\n|upkeep\n|turn|5\n|\n|t:|1682970537\n|move|p1a: Jumpluff|Protect|p1a: Jumpluff\n|-singleturn|p1a: Jumpluff|Protect\n|move|p2b: Flutter Mane|Moonblast|p1b: Garganacl\n|-damage|p1b: Garganacl|52\/100\n|move|p2a: Palafin|Wave Crash|p1a: Jumpluff\n|-activate|p1a: Jumpluff|move: Protect\n|move|p1b: Garganacl|Salt Cure|p2a: Palafin\n|-damage|p2a: Palafin|77\/100\n|-start|p2a: Palafin|Salt Cure\n|\n|-weather|none\n|-end|p2b: Flutter Mane|Protosynthesis\n|-heal|p1b: Garganacl|58\/100|[from] item: Leftovers\n|-damage|p2a: Palafin|52\/100|[from] Salt Cure\n|upkeep\n|turn|6\n|inactive|JumpluffGoodCopium has 30 seconds left.\n|\n|t:|1682970564\n|move|p1b: Garganacl|Protect|p1b: Garganacl\n|-singleturn|p1b: Garganacl|Protect\n|move|p2b: Flutter Mane|Moonblast|p1a: Jumpluff\n|-damage|p1a: Jumpluff|0 fnt\n|faint|p1a: Jumpluff\n|move|p2a: Palafin|Wave Crash|p1b: Garganacl\n|-activate|p1b: Garganacl|move: Protect\n|\n|-heal|p1b: Garganacl|64\/100|[from] item: Leftovers\n|-damage|p2a: Palafin|28\/100|[from] Salt Cure\n|upkeep\n|\n|t:|1682970569\n|switch|p1a: Flutter Mane|Flutter Mane, L50|100\/100\n|-enditem|p1a: Flutter Mane|Booster Energy\n|-activate|p1a: Flutter Mane|ability: Protosynthesis|[fromitem]\n|-start|p1a: Flutter Mane|protosynthesisspa\n|turn|7\n|\n|t:|1682970593\n|move|p1a: Flutter Mane|Protect|p1a: Flutter Mane\n|-singleturn|p1a: Flutter Mane|Protect\n|move|p2a: Palafin|Jet Punch|p1b: Garganacl\n|-supereffective|p1b: Garganacl\n|-damage|p1b: Garganacl|15\/100\n|move|p2b: Flutter Mane|Shadow Ball|p1a: Flutter Mane\n|-activate|p1a: Flutter Mane|move: Protect\n|move|p1b: Garganacl|Salt Cure|p2b: Flutter Mane\n|-damage|p2b: Flutter Mane|69\/100\n|-start|p2b: Flutter Mane|Salt Cure\n|\n|-heal|p1b: Garganacl|20\/100|[from] item: Leftovers\n|-damage|p2b: Flutter Mane|57\/100|[from] Salt Cure\n|-damage|p2a: Palafin|3\/100|[from] Salt Cure\n|upkeep\n|turn|8\n|inactive|JumpluffGoodCopium has 30 seconds left.\n|inactive|JumpluffGoodCopium has 20 seconds left.\n|inactive|JumpluffGoodCopium has 15 seconds left.\n|inactive|JumpluffGoodCopium has 10 seconds left.\n|inactive|JumpluffGoodCopium has 5 seconds left.\n|\n|t:|1682970643\n|move|p1b: Garganacl|Protect|p1b: Garganacl\n|-singleturn|p1b: Garganacl|Protect\n|move|p2a: Palafin|Jet Punch|p1a: Flutter Mane\n|-damage|p1a: Flutter Mane|0 fnt\n|faint|p1a: Flutter Mane\n|-end|p1a: Flutter Mane|Protosynthesis|[silent]\n|move|p2b: Flutter Mane|Moonblast|p1b: Garganacl\n|-activate|p1b: Garganacl|move: Protect\n|\n|-heal|p1b: Garganacl|26\/100|[from] item: Leftovers\n|-damage|p2b: Flutter Mane|45\/100|[from] Salt Cure\n|-damage|p2a: Palafin|0 fnt|[from] Salt Cure\n|faint|p2a: Palafin\n|upkeep\n|turn|9\n|\n|t:|1682970653\n|move|p2b: Flutter Mane|Moonblast|p1b: Garganacl\n|-crit|p1b: Garganacl\n|-damage|p1b: Garganacl|0 fnt\n|faint|p1b: Garganacl\n|\n|win|RenanVIII\n|raw|JumpluffGoodCopium's rating: 1095 → 1073<\/strong> (-22 for losing)\n|raw|RenanVIII's rating: 1122 → 1145<\/strong> (+23 for winning)\n","uploadtime":1682970657,"views":16,"p1id":"jumpluffgoodcopium","p2id":"renanviii","formatid":"gen9vgc2023regulationc","rating":1073,"private":0,"password":""}