{"id":"gen9vgc2023regulationc-1845867480","p1":"alvarriderr","p2":"hhyh8","format":"[Gen 9] VGC 2023 Regulation C","log":"|j|\u2606alvarriderr\n|j|\u2606hhyh8\n|t:|1681773225\n|gametype|doubles\n|player|p1|alvarriderr|blue|1061\n|player|p2|hhyh8|266|1061\n|teamsize|p1|6\n|teamsize|p2|6\n|gen|9\n|tier|[Gen 9] VGC 2023 Regulation C\n|rated|\n|rule|Species Clause: Limit one of each Pok\u00e9mon\n|rule|Item Clause: Limit one of each item\n|clearpoke\n|poke|p1|Annihilape, L50, F|\n|poke|p1|Palafin, L50, F|\n|poke|p1|Chi-Yu, L50|\n|poke|p1|Meowscarada, L50, M|\n|poke|p1|Garchomp, L50, M|\n|poke|p1|Rotom-Wash, L50|\n|poke|p2|Torkoal, L50, F|\n|poke|p2|Chi-Yu, L50|\n|poke|p2|Bronzong, L50|\n|poke|p2|Gastrodon, L50, M|\n|poke|p2|Grimmsnarl, L50, M|\n|poke|p2|Skeledirge, L50, F|\n|teampreview|4\n|inactive|Battle timer is ON: inactive players will automatically lose when time's up. (requested by hhyh8)\n|\n|t:|1681773279\n|start\n|switch|p1a: Meowscarada|Meowscarada, L50, M|100\/100\n|switch|p1b: Garchomp|Garchomp, L50, M|100\/100\n|switch|p2a: Grimmsnarl|Grimmsnarl, L50, M|100\/100\n|switch|p2b: Gastrodon|Gastrodon, L50, M|100\/100\n|turn|1\n|inactive|alvarriderr has 30 seconds left.\n|\n|t:|1681773305\n|move|p1b: Garchomp|Protect|p1b: Garchomp\n|-singleturn|p1b: Garchomp|Protect\n|move|p2b: Gastrodon|Protect|p2b: Gastrodon\n|-singleturn|p2b: Gastrodon|Protect\n|move|p1a: Meowscarada|Flower Trick|p2b: Gastrodon\n|-start|p1a: Meowscarada|typechange|Grass|[from] ability: Protean\n|-activate|p2b: Gastrodon|move: Protect\n|move|p2a: Grimmsnarl|Spirit Break|p1a: Meowscarada\n|-damage|p1a: Meowscarada|35\/100\n|-unboost|p1a: Meowscarada|spa|1\n|\n|upkeep\n|turn|2\n|\n|t:|1681773329\n|switch|p2b: Bronzong|Bronzong, L50|100\/100\n|move|p2a: Grimmsnarl|Sucker Punch|p1a: Meowscarada\n|-damage|p1a: Meowscarada|0 fnt\n|faint|p1a: Meowscarada\n|move|p1b: Garchomp|Liquidation|p2a: Grimmsnarl\n|-damage|p2a: Grimmsnarl|68\/100\n|\n|upkeep\n|\n|t:|1681773345\n|switch|p1a: Chi-Yu|Chi-Yu, L50|100\/100\n|-ability|p1a: Chi-Yu|Beads of Ruin\n|turn|3\n|\n|t:|1681773370\n|-terastallize|p2b: Bronzong|Fighting\n|move|p2a: Grimmsnarl|Trick|p1b: Garchomp\n|-activate|p2a: Grimmsnarl|move: Trick|[of] p1b: Garchomp\n|-item|p1b: Garchomp|Lagging Tail|[from] move: Trick\n|-item|p2a: Grimmsnarl|Rocky Helmet|[from] move: Trick\n|move|p1b: Garchomp|Liquidation|p2a: Grimmsnarl\n|-damage|p2a: Grimmsnarl|33\/100\n|-damage|p1b: Garchomp|84\/100|[from] item: Rocky Helmet|[of] p2a: Grimmsnarl\n|move|p1a: Chi-Yu|Heat Wave|p2a: Grimmsnarl|[spread] p2b\n|-miss|p1a: Chi-Yu|p2a: Grimmsnarl\n|-crit|p2b: Bronzong\n|-damage|p2b: Bronzong|10\/100\n|-damage|p1a: Chi-Yu|91\/100|[from] item: Life Orb\n|move|p2b: Bronzong|Trick Room|p2b: Bronzong\n|-fieldstart|move: Trick Room|[of] p2b: Bronzong\n|\n|upkeep\n|turn|4\n|inactive|alvarriderr has 30 seconds left.\n|\n|t:|1681773396\n|move|p1a: Chi-Yu|Protect|p1a: Chi-Yu\n|-singleturn|p1a: Chi-Yu|Protect\n|move|p2b: Bronzong|Body Press|p1a: Chi-Yu\n|-activate|p1a: Chi-Yu|move: Protect\n|move|p2a: Grimmsnarl|Spirit Break|p1b: Garchomp\n|-supereffective|p1b: Garchomp\n|-damage|p1b: Garchomp|8\/100\n|-unboost|p1b: Garchomp|spa|1\n|move|p1b: Garchomp|Earthquake|p2a: Grimmsnarl|[spread] p2a\n|-activate|p1a: Chi-Yu|move: Protect\n|-immune|p2b: Bronzong|[from] ability: Levitate\n|-damage|p2a: Grimmsnarl|0 fnt\n|faint|p2a: Grimmsnarl\n|\n|upkeep\n|\n|t:|1681773406\n|switch|p2a: Skeledirge|Skeledirge, L50, F|100\/100\n|turn|5\n|\n|t:|1681773426\n|switch|p1b: Annihilape|Annihilape, L50, F|100\/100\n|move|p2b: Bronzong|Body Press|p1a: Chi-Yu\n|-supereffective|p1a: Chi-Yu\n|-damage|p1a: Chi-Yu|0 fnt\n|faint|p1a: Chi-Yu\n|move|p2a: Skeledirge|Torch Song|p1b: Annihilape\n|-damage|p1b: Annihilape|65\/100\n|-boost|p2a: Skeledirge|spa|1\n|\n|-heal|p1b: Annihilape|71\/100|[from] item: Leftovers\n|upkeep\n|\n|t:|1681773437\n|switch|p1a: Garchomp|Garchomp, L50, M|8\/100\n|turn|6\n|\n|t:|1681773449\n|move|p2a: Skeledirge|Protect|p2a: Skeledirge\n|-singleturn|p2a: Skeledirge|Protect\n|move|p1b: Annihilape|Protect|p1b: Annihilape\n|-singleturn|p1b: Annihilape|Protect\n|move|p1a: Garchomp|Protect|p1a: Garchomp\n|-singleturn|p1a: Garchomp|Protect\n|move|p2b: Bronzong|Body Press|p1a: Garchomp\n|-activate|p1a: Garchomp|move: Protect\n|\n|-heal|p1b: Annihilape|76\/100|[from] item: Leftovers\n|upkeep\n|turn|7\n|inactive|alvarriderr has 30 seconds left.\n|\n|t:|1681773474\n|move|p2b: Bronzong|Body Press|p1a: Garchomp\n|-damage|p1a: Garchomp|0 fnt\n|faint|p1a: Garchomp\n|move|p2a: Skeledirge|Encore|p1b: Annihilape\n|-start|p1b: Annihilape|Encore\n|move|p1b: Annihilape|Protect||[still]\n|-fail|p1b: Annihilape\n|\n|-heal|p1b: Annihilape|82\/100|[from] item: Leftovers\n|-fieldend|move: Trick Room\n|upkeep\n|turn|8\n|\n|t:|1681773488\n|move|p1b: Annihilape|Protect|p1b: Annihilape\n|-singleturn|p1b: Annihilape|Protect\n|move|p2a: Skeledirge|Torch Song|p1b: Annihilape\n|-activate|p1b: Annihilape|move: Protect\n|move|p2b: Bronzong|Trick Room|p2b: Bronzong\n|-fieldstart|move: Trick Room|[of] p2b: Bronzong\n|\n|-heal|p1b: Annihilape|88\/100|[from] item: Leftovers\n|upkeep\n|turn|9\n|\n|t:|1681773513\n|move|p1b: Annihilape|Protect|p1b: Annihilape\n|-singleturn|p1b: Annihilape|Protect\n|move|p2b: Bronzong|Body Press|p1b: Annihilape\n|-activate|p1b: Annihilape|move: Protect\n|move|p2a: Skeledirge|Torch Song|p1b: Annihilape\n|-activate|p1b: Annihilape|move: Protect\n|\n|-heal|p1b: Annihilape|94\/100|[from] item: Leftovers\n|-end|p1b: Annihilape|Encore\n|upkeep\n|turn|10\n|\n|t:|1681773527\n|move|p2b: Bronzong|Body Press|p1b: Annihilape\n|-immune|p1b: Annihilape\n|move|p2a: Skeledirge|Encore|p1b: Annihilape\n|-start|p1b: Annihilape|Encore\n|move|p1b: Annihilape|Protect||[still]\n|-fail|p1b: Annihilape\n|\n|-heal|p1b: Annihilape|99\/100|[from] item: Leftovers\n|upkeep\n|turn|11\n|\n|t:|1681773541\n|move|p1b: Annihilape|Protect|p1b: Annihilape\n|-singleturn|p1b: Annihilape|Protect\n|move|p2a: Skeledirge|Torch Song|p1b: Annihilape\n|-activate|p1b: Annihilape|move: Protect\n|move|p2b: Bronzong|Trick Room|p2b: Bronzong\n|-fieldend|move: Trick Room\n|\n|-heal|p1b: Annihilape|100\/100|[from] item: Leftovers\n|upkeep\n|turn|12\n|\n|t:|1681773550\n|move|p1b: Annihilape|Protect|p1b: Annihilape\n|-singleturn|p1b: Annihilape|Protect\n|move|p2a: Skeledirge|Torch Song|p1b: Annihilape\n|-activate|p1b: Annihilape|move: Protect\n|move|p2b: Bronzong|Trick Room|p2b: Bronzong\n|-fieldstart|move: Trick Room|[of] p2b: Bronzong\n|\n|-end|p1b: Annihilape|Encore\n|upkeep\n|turn|13\n|\n|t:|1681773562\n|move|p2b: Bronzong|Body Press|p1b: Annihilape\n|-immune|p1b: Annihilape\n|move|p2a: Skeledirge|Encore|p1b: Annihilape\n|-start|p1b: Annihilape|Encore\n|move|p1b: Annihilape|Protect||[still]\n|-fail|p1b: Annihilape\n|\n|upkeep\n|turn|14\n|\n|t:|1681773572\n|move|p1b: Annihilape|Protect|p1b: Annihilape\n|-singleturn|p1b: Annihilape|Protect\n|move|p2a: Skeledirge|Torch Song|p1b: Annihilape\n|-activate|p1b: Annihilape|move: Protect\n|move|p2b: Bronzong|Trick Room|p2b: Bronzong\n|-fieldend|move: Trick Room\n|\n|upkeep\n|turn|15\n|\n|t:|1681773584\n|move|p1b: Annihilape|Protect|p1b: Annihilape\n|-singleturn|p1b: Annihilape|Protect\n|move|p2a: Skeledirge|Torch Song|p1b: Annihilape\n|-activate|p1b: Annihilape|move: Protect\n|move|p2b: Bronzong|Trick Room|p2b: Bronzong\n|-fieldstart|move: Trick Room|[of] p2b: Bronzong\n|\n|-end|p1b: Annihilape|Encore\n|upkeep\n|turn|16\n|\n|t:|1681773600\n|move|p2b: Bronzong|Iron Head|p1b: Annihilape\n|-damage|p1b: Annihilape|72\/100\n|move|p2a: Skeledirge|Encore|p1b: Annihilape\n|-start|p1b: Annihilape|Encore\n|move|p1b: Annihilape|Protect||[still]\n|-fail|p1b: Annihilape\n|\n|-heal|p1b: Annihilape|78\/100|[from] item: Leftovers\n|upkeep\n|turn|17\n|\n|t:|1681773612\n|move|p1b: Annihilape|Protect|p1b: Annihilape\n|-singleturn|p1b: Annihilape|Protect\n|move|p2a: Skeledirge|Torch Song|p1b: Annihilape\n|-activate|p1b: Annihilape|move: Protect\n|move|p2b: Bronzong|Trick Room|p2b: Bronzong\n|-fieldend|move: Trick Room\n|\n|-heal|p1b: Annihilape|83\/100|[from] item: Leftovers\n|upkeep\n|turn|18\n|\n|t:|1681773621\n|move|p1b: Annihilape|Protect|p1b: Annihilape\n|-singleturn|p1b: Annihilape|Protect\n|move|p2a: Skeledirge|Torch Song|p1b: Annihilape\n|-activate|p1b: Annihilape|move: Protect\n|move|p2b: Bronzong|Trick Room|p2b: Bronzong\n|-fieldstart|move: Trick Room|[of] p2b: Bronzong\n|\n|-heal|p1b: Annihilape|89\/100|[from] item: Leftovers\n|-end|p1b: Annihilape|Encore\n|upkeep\n|turn|19\n|\n|t:|1681773633\n|switch|p2b: Gastrodon|Gastrodon, L50, M|100\/100\n|move|p2a: Skeledirge|Encore|p1b: Annihilape\n|-start|p1b: Annihilape|Encore\n|move|p1b: Annihilape|Protect||[still]\n|-fail|p1b: Annihilape\n|\n|-heal|p1b: Annihilape|95\/100|[from] item: Leftovers\n|upkeep\n|turn|20\n|\n|t:|1681773642\n|move|p1b: Annihilape|Protect|p1b: Annihilape\n|-singleturn|p1b: Annihilape|Protect\n|move|p2b: Gastrodon|Earth Power|p1b: Annihilape\n|-activate|p1b: Annihilape|move: Protect\n|move|p2a: Skeledirge|Torch Song|p2b: Gastrodon\n|-resisted|p2b: Gastrodon\n|-crit|p2b: Gastrodon\n|-damage|p2b: Gastrodon|63\/100\n|-boost|p2a: Skeledirge|spa|1\n|\n|-heal|p1b: Annihilape|100\/100|[from] item: Leftovers\n|upkeep\n|turn|21\n|\n|t:|1681773654\n|move|p1b: Annihilape|Protect||[still]\n|-fail|p1b: Annihilape\n|move|p2b: Gastrodon|Earth Power|p1b: Annihilape\n|-damage|p1b: Annihilape|68\/100\n|move|p2a: Skeledirge|Torch Song|p1b: Annihilape\n|-crit|p1b: Annihilape\n|-damage|p1b: Annihilape|0 fnt\n|-boost|p2a: Skeledirge|spa|1\n|faint|p1b: Annihilape\n|\n|win|hhyh8\n|raw|alvarriderr's rating: 1061 → 1042<\/strong> (-19 for losing)\n|raw|hhyh8's rating: 1061 → 1092<\/strong> (+31 for winning)\n","uploadtime":1681773660,"views":5,"p1id":"alvarriderr","p2id":"hhyh8","formatid":"gen9vgc2023regulationc","rating":1042,"private":0,"password":""}