{"id":"gen9vgc2023regulationc-1859905332","p1":"Neverland_Cos","p2":"G3rd","format":"[Gen 9] VGC 2023 Regulation C","log":"|j|\u2606Neverland_Cos\n|j|\u2606G3rd\n|t:|1683574502\n|gametype|doubles\n|player|p1|Neverland_Cos|swimmerf-gen4dp|1347\n|player|p2|G3rd|giovanni|1260\n|teamsize|p1|6\n|teamsize|p2|6\n|gen|9\n|tier|[Gen 9] VGC 2023 Regulation C\n|rated|\n|rule|Species Clause: Limit one of each Pok\u00e9mon\n|rule|Item Clause: Limit one of each item\n|clearpoke\n|poke|p1|Amoonguss, L50, M|\n|poke|p1|Chien-Pao, L50|\n|poke|p1|Palafin, L50, M|\n|poke|p1|Arcanine, L50, F|\n|poke|p1|Flutter Mane, L50|\n|poke|p1|Ting-Lu, L50|\n|poke|p2|Annihilape, L50, M|\n|poke|p2|Maushold-Four, L50|\n|poke|p2|Chien-Pao, L50|\n|poke|p2|Dragonite, L50, F|\n|poke|p2|Ting-Lu, L50|\n|poke|p2|Florges, L50, F|\n|teampreview|4\nG3rd has agreed to open team sheets.\n|inactive|Battle timer is ON: inactive players will automatically lose when time's up. (requested by G3rd)\n|\n|t:|1683574536\n|start\n|switch|p1a: n00dlez|Chien-Pao, L50|100\/100\n|switch|p1b: P90x Bambi|Ting-Lu, L50|100\/100\n|switch|p2a: Maushold|Maushold-Four, L50|100\/100\n|switch|p2b: Annihilape|Annihilape, L50, M|100\/100\n|-ability|p1a: n00dlez|Sword of Ruin\n|-ability|p1b: P90x Bambi|Vessel of Ruin\n|turn|1\n|inactive|Neverland_Cos has 30 seconds left.\n|inactive|Neverland_Cos has 20 seconds left.\n|\n|t:|1683574571\n|-terastallize|p1a: n00dlez|Flying\n|move|p2a: Maushold|Protect|p2a: Maushold\n|-singleturn|p2a: Maushold|Protect\n|move|p1a: n00dlez|Ice Spinner|p2b: Annihilape\n|-damage|p2b: Annihilape|65\/100\n|move|p2b: Annihilape|Drain Punch|p1a: n00dlez\n|-resisted|p1a: n00dlez\n|-damage|p1a: n00dlez|75\/100\n|-heal|p2b: Annihilape|74\/100|[from] drain|[of] p1a: n00dlez\n|move|p1b: P90x Bambi|Earthquake|p2b: Annihilape|[spread] p2b\n|-activate|p2a: Maushold|move: Protect\n|-immune|p1a: n00dlez\n|-damage|p2b: Annihilape|41\/100\n|\n|-heal|p2b: Annihilape|47\/100|[from] item: Leftovers\n|upkeep\n|turn|2\n|inactive|G3rd has 30 seconds left.\n|inactive|G3rd has 20 seconds left.\n|inactive|G3rd has 15 seconds left.\n|inactive|G3rd has 10 seconds left.\n|\n|t:|1683574617\n|move|p1a: n00dlez|Ice Spinner|p2b: Annihilape\n|-damage|p2b: Annihilape|13\/100\n|move|p2a: Maushold|Super Fang|p1b: P90x Bambi\n|-damage|p1b: P90x Bambi|50\/100\n|move|p2b: Annihilape|Drain Punch|p1b: P90x Bambi\n|-supereffective|p1b: P90x Bambi\n|-crit|p1b: P90x Bambi\n|-damage|p1b: P90x Bambi|0 fnt\n|-heal|p2b: Annihilape|44\/100|[from] drain|[of] p1b: P90x Bambi\n|faint|p1b: P90x Bambi\n|\n|-heal|p2b: Annihilape|50\/100|[from] item: Leftovers\n|upkeep\n|\n|t:|1683574625\n|switch|p1b: Flutter Mane|Flutter Mane, L50|100\/100\n|turn|3\n|\n|t:|1683574638\n|-terastallize|p2b: Annihilape|Fire\n|move|p2a: Maushold|Follow Me|p2a: Maushold\n|-singleturn|p2a: Maushold|move: Follow Me\n|move|p1a: n00dlez|Sucker Punch||[still]\n|-fail|p1a: n00dlez\n|move|p1b: Flutter Mane|Dazzling Gleam|p2a: Maushold|[spread] p2a,p2b\n|-crit|p2a: Maushold\n|-resisted|p2b: Annihilape\n|-damage|p2a: Maushold|43\/100\n|-damage|p2b: Annihilape|40\/100\n|move|p2b: Annihilape|Rage Fist|p1b: Flutter Mane\n|-supereffective|p1b: Flutter Mane\n|-damage|p1b: Flutter Mane|0 fnt\n|faint|p1b: Flutter Mane\n|-end|p1b: Flutter Mane|Protosynthesis|[silent]\n|\n|-heal|p2b: Annihilape|46\/100|[from] item: Leftovers\n|upkeep\n|\n|t:|1683574641\n|switch|p1b: TayTay|Arcanine, L50, F, shiny|100\/100\n|-ability|p1b: TayTay|Intimidate|boost\n|-unboost|p2a: Maushold|atk|1\n|-unboost|p2b: Annihilape|atk|1\n|-ability|p2b: Annihilape|Defiant|boost\n|-boost|p2b: Annihilape|atk|2\n|turn|4\n|inactive|G3rd has 30 seconds left.\n|inactive|G3rd has 20 seconds left.\n|\n|t:|1683574677\n|move|p1b: TayTay|Extreme Speed|p2b: Annihilape\n|-damage|p2b: Annihilape|22\/100\n|move|p2a: Maushold|Follow Me|p2a: Maushold\n|-singleturn|p2a: Maushold|move: Follow Me\n|move|p1a: n00dlez|Sacred Sword|p2a: Maushold\n|-supereffective|p2a: Maushold\n|-damage|p2a: Maushold|0 fnt\n|faint|p2a: Maushold\n|move|p2b: Annihilape|Rage Fist|p1b: TayTay\n|-damage|p1b: TayTay|0 fnt\n|faint|p1b: TayTay\n|\n|-heal|p2b: Annihilape|28\/100|[from] item: Leftovers\n|upkeep\n|\n|t:|1683574689\n|switch|p2a: Chien-Pao|Chien-Pao, L50|100\/100\n|-ability|p2a: Chien-Pao|Sword of Ruin\n|turn|5\n|\n|t:|1683574695\n|move|p1a: n00dlez|Ice Spinner|p2b: Annihilape\n|-resisted|p2b: Annihilape\n|-damage|p2b: Annihilape|3\/100\n|move|p2a: Chien-Pao|Ice Spinner|p1a: n00dlez\n|-supereffective|p1a: n00dlez\n|-damage|p1a: n00dlez|0 fnt\n|faint|p1a: n00dlez\n|\n|win|G3rd\n|raw|Neverland_Cos's rating: 1347 → 1322<\/strong> (-25 for losing)\n|raw|G3rd's rating: 1260 → 1291<\/strong> (+31 for winning)\n","uploadtime":1683574708,"views":47,"p1id":"neverlandcos","p2id":"g3rd","formatid":"gen9vgc2023regulationc","rating":1291,"private":0,"password":""}