{"id":"gen9vgc2023regulationc-1861990012","p1":"revocolombia","p2":"piratekingbenis97","format":"[Gen 9] VGC 2023 Regulation C","log":"|j|\u2606revocolombia\n|j|\u2606piratekingbenis97\n|t:|1683826830\n|gametype|doubles\n|player|p1|revocolombia|pokemonranger-gen4|1263\n|player|p2|piratekingbenis97|gentleman-gen4dp|1197\n|teamsize|p1|6\n|teamsize|p2|6\n|gen|9\n|tier|[Gen 9] VGC 2023 Regulation C\n|rated|\n|rule|Species Clause: Limit one of each Pok\u00e9mon\n|rule|Item Clause: Limit one of each item\n|clearpoke\n|poke|p1|Flutter Mane, L50|\n|poke|p1|Great Tusk, L50|\n|poke|p1|Gholdengo, L50|\n|poke|p1|Chien-Pao, L50|\n|poke|p1|Murkrow, L50, M|\n|poke|p1|Kingambit, L50, F|\n|poke|p2|Ting-Lu, L50|\n|poke|p2|Abomasnow, L50, F|\n|poke|p2|Flutter Mane, L50|\n|poke|p2|Iron Hands, L50|\n|poke|p2|Bronzong, L50|\n|poke|p2|Arcanine, L50, M|\n|teampreview|4\n|\n|t:|1683826854\n|start\n|switch|p1a: Kingambit|Kingambit, L50, F|100\/100\n|switch|p1b: Murkrow|Murkrow, L50, M|100\/100\n|switch|p2a: Bronzong|Bronzong, L50|100\/100\n|switch|p2b: Iron Hands|Iron Hands, L50|100\/100\n|turn|1\n|\n|t:|1683826878\n|-terastallize|p1b: Murkrow|Ghost\n|move|p2b: Iron Hands|Fake Out|p1a: Kingambit\n|-resisted|p1a: Kingambit\n|-damage|p1a: Kingambit|94\/100\n|move|p1b: Murkrow|Taunt|p2a: Bronzong\n|-start|p2a: Bronzong|move: Taunt\n|cant|p1a: Kingambit|flinch\n|cant|p2a: Bronzong|move: Taunt|Trick Room\n|\n|upkeep\n|turn|2\n|\n|t:|1683826904\n|switch|p1a: Great Tusk|Great Tusk, L50|100\/100\n|switch|p2a: Arcanine|Arcanine, L50, M|100\/100\n|-ability|p2a: Arcanine|Intimidate|boost\n|-fail|p1a: Great Tusk|unboost|[from] item: Clear Amulet|[of] p1a: Great Tusk\n|-unboost|p1b: Murkrow|atk|1\n|move|p1b: Murkrow|Tailwind|p1b: Murkrow\n|-sidestart|p1: revocolombia|move: Tailwind\n|move|p2b: Iron Hands|Volt Switch|p1b: Murkrow\n|-damage|p1b: Murkrow|86\/100\n|\n|t:|1683826932\n|-end|p2b: Iron Hands|Quark Drive|[silent]\n|switch|p2b: Bronzong|Bronzong, L50|100\/100|[from] Volt Switch\n|\n|upkeep\n|turn|3\n|\n|t:|1683826952\n|move|p2a: Arcanine|Protect|p2a: Arcanine\n|-singleturn|p2a: Arcanine|Protect\n|move|p1b: Murkrow|Taunt|p2b: Bronzong\n|-start|p2b: Bronzong|move: Taunt\n|move|p1a: Great Tusk|Rock Slide|p2a: Arcanine|[spread] p2b\n|-activate|p2a: Arcanine|move: Protect\n|-resisted|p2b: Bronzong\n|-damage|p2b: Bronzong|92\/100\n|move|p2b: Bronzong|Gyro Ball|p1b: Murkrow\n|-damage|p1b: Murkrow|32\/100\n|\n|upkeep\n|turn|4\n|\n|t:|1683826983\n|switch|p1b: Kingambit|Kingambit, L50, F|94\/100\n|-terastallize|p2a: Arcanine|Flying\n|move|p1a: Great Tusk|Rock Slide|p2b: Bronzong|[spread] p2a,p2b\n|-supereffective|p2a: Arcanine\n|-resisted|p2b: Bronzong\n|-damage|p2a: Arcanine|55\/100\n|-damage|p2b: Bronzong|83\/100\n|move|p2a: Arcanine|Flare Blitz|p1b: Kingambit\n|-supereffective|p1b: Kingambit\n|-damage|p1b: Kingambit|0 fnt\n|faint|p1b: Kingambit\n|-damage|p2a: Arcanine|27\/100|[from] Recoil\n|cant|p2b: Bronzong|flinch\n|\n|upkeep\n|\n|t:|1683827003\n|switch|p1b: Flutter Mane|Flutter Mane, L50|100\/100\n|-enditem|p1b: Flutter Mane|Booster Energy\n|-activate|p1b: Flutter Mane|ability: Protosynthesis|[fromitem]\n|-start|p1b: Flutter Mane|protosynthesisspa\n|turn|5\n|\n|t:|1683827016\n|move|p2a: Arcanine|Protect|p2a: Arcanine\n|-singleturn|p2a: Arcanine|Protect\n|move|p1b: Flutter Mane|Shadow Ball|p2b: Bronzong\n|-supereffective|p2b: Bronzong\n|-damage|p2b: Bronzong|0 fnt\n|faint|p2b: Bronzong\n|move|p1a: Great Tusk|Rock Slide|p2a: Arcanine\n|-activate|p2a: Arcanine|move: Protect\n|\n|-sideend|p1: revocolombia|move: Tailwind\n|upkeep\n|\n|t:|1683827030\n|switch|p2b: Abomasnow|Abomasnow, L50, F, shiny|100\/100\n|-weather|Snow|[from] ability: Snow Warning|[of] p2b: Abomasnow\n|turn|6\n|\n|t:|1683827047\n|move|p1b: Flutter Mane|Shadow Ball|p2b: Abomasnow\n|-damage|p2b: Abomasnow|36\/100\n|move|p2a: Arcanine|Will-O-Wisp|p1a: Great Tusk\n|-status|p1a: Great Tusk|brn\n|move|p1a: Great Tusk|Rock Slide|p2a: Arcanine|[spread] p2a,p2b\n|-supereffective|p2a: Arcanine\n|-supereffective|p2b: Abomasnow\n|-damage|p2a: Arcanine|3\/100\n|-damage|p2b: Abomasnow|21\/100\n|-enditem|p2b: Abomasnow|Weakness Policy\n|-boost|p2b: Abomasnow|atk|2|[from] item: Weakness Policy\n|-boost|p2b: Abomasnow|spa|2|[from] item: Weakness Policy\n|move|p2b: Abomasnow|Blizzard|p1b: Flutter Mane|[spread] p1a,p1b\n|-supereffective|p1a: Great Tusk\n|-damage|p1a: Great Tusk|0 fnt\n|-damage|p1b: Flutter Mane|18\/100\n|faint|p1a: Great Tusk\n|-end|p1a: Great Tusk|Protosynthesis|[silent]\n|\n|-weather|Snow|[upkeep]\n|upkeep\n|\n|t:|1683827069\n|switch|p1a: Murkrow|Murkrow, L50, M, tera:Ghost|32\/100\n|turn|7\n|\n|t:|1683827101\n|move|p1a: Murkrow|Sunny Day|p1a: Murkrow\n|-weather|SunnyDay\n|move|p1b: Flutter Mane|Dazzling Gleam|p2a: Arcanine|[spread] p2a,p2b\n|-damage|p2a: Arcanine|0 fnt\n|-damage|p2b: Abomasnow|0 fnt\n|faint|p2a: Arcanine\n|faint|p2b: Abomasnow\n|\n|-weather|SunnyDay|[upkeep]\n|upkeep\n|\n|t:|1683827108\n|switch|p2b: Iron Hands|Iron Hands, L50|100\/100\n|turn|8\n|\n|t:|1683827129\n|move|p1a: Murkrow|Taunt|p2b: Iron Hands\n|-start|p2b: Iron Hands|move: Taunt\n|move|p1b: Flutter Mane|Dazzling Gleam|p2b: Iron Hands\n|-supereffective|p2b: Iron Hands\n|-damage|p2b: Iron Hands|36\/100\n|move|p2b: Iron Hands|Wild Charge|p1b: Flutter Mane\n|-damage|p1b: Flutter Mane|0 fnt\n|faint|p1b: Flutter Mane\n|-end|p1b: Flutter Mane|Protosynthesis|[silent]\n|-damage|p2b: Iron Hands|34\/100|[from] Recoil\n|\n|-weather|SunnyDay|[upkeep]\n|upkeep\n|turn|9\n|\n|t:|1683827144\n|move|p1a: Murkrow|Haze|p1a: Murkrow\n|-clearallboost\n|move|p2b: Iron Hands|Wild Charge|p1a: Murkrow\n|-damage|p1a: Murkrow|0 fnt\n|faint|p1a: Murkrow\n|-damage|p2b: Iron Hands|28\/100|[from] Recoil\n|\n|win|piratekingbenis97\n|raw|revocolombia's rating: 1263 → 1233<\/strong> (-30 for losing)\n|raw|piratekingbenis97's rating: 1197 → 1227<\/strong> (+30 for winning)\n|c|\u2606piratekingbenis97|gg\n|l|\u2606piratekingbenis97\n","uploadtime":1683827155,"views":6,"p1id":"revocolombia","p2id":"piratekingbenis97","formatid":"gen9vgc2023regulationc","rating":1227,"private":0,"password":""}