{"id":"gen9vgc2023regulationc-1857806057","p1":"orsame","p2":"mythical weavile","format":"[Gen 9] VGC 2023 Regulation C","log":"|j|\u2606orsame\n|j|\u2606mythical weavile\n|t:|1683233678\n|gametype|doubles\n|player|p1|orsame|265|1436\n|player|p2|mythical weavile|1|1403\n|teamsize|p1|6\n|teamsize|p2|6\n|gen|9\n|tier|[Gen 9] VGC 2023 Regulation C\n|rated|\n|rule|Species Clause: Limit one of each Pok\u00e9mon\n|rule|Item Clause: Limit one of each item\n|clearpoke\n|poke|p1|Iron Hands, L50|\n|poke|p1|Gyarados, L50, M|\n|poke|p1|Ting-Lu, L50|\n|poke|p1|Flutter Mane, L50|\n|poke|p1|Amoonguss, L50, F|\n|poke|p1|Chi-Yu, L50|\n|poke|p2|Dondozo, L50, F|\n|poke|p2|Tatsugiri, L50, F|\n|poke|p2|Garchomp, L50, F|\n|poke|p2|Talonflame, L50, M|\n|poke|p2|Iron Bundle, L50|\n|poke|p2|Chi-Yu, L50|\n|teampreview|4\n|inactive|Battle timer is ON: inactive players will automatically lose when time's up. (requested by mythical weavile)\norsame has agreed to open team sheets.\n|inactive|orsame has 60 seconds left.\n|inactive|mythical weavile has 60 seconds left.\n|\n|t:|1683233736\n|start\n|switch|p1a: Ting-Lu|Ting-Lu, L50|100\/100\n|switch|p1b: Gyarados|Gyarados, L50, M, shiny|100\/100\n|switch|p2a: Garchomp|Garchomp, L50, F|100\/100\n|switch|p2b: Talonflame|Talonflame, L50, M|100\/100\n|-ability|p1b: Gyarados|Intimidate|boost\n|-fail|p2a: Garchomp|unboost|[from] item: Clear Amulet|[of] p2a: Garchomp\n|-unboost|p2b: Talonflame|atk|1\n|-ability|p1a: Ting-Lu|Vessel of Ruin\n|turn|1\n|inactive|mythical weavile has 30 seconds left.\n|inactive|mythical weavile has 20 seconds left.\n|inactive|mythical weavile has 15 seconds left.\n|\n|t:|1683233778\n|move|p2b: Talonflame|Will-O-Wisp|p1b: Gyarados\n|-status|p1b: Gyarados|brn\n|move|p2a: Garchomp|Rock Slide|p1b: Gyarados|[spread] p1a\n|-miss|p2a: Garchomp|p1b: Gyarados\n|-resisted|p1a: Ting-Lu\n|-damage|p1a: Ting-Lu|94\/100\n|move|p1b: Gyarados|Waterfall|p2b: Talonflame\n|-supereffective|p2b: Talonflame\n|-damage|p2b: Talonflame|54\/100\n|cant|p1a: Ting-Lu|flinch\n|\n|-damage|p1b: Gyarados|94\/100 brn|[from] brn\n|upkeep\n|turn|2\n|\n|t:|1683233794\n|move|p1b: Gyarados|Protect|p1b: Gyarados\n|-singleturn|p1b: Gyarados|Protect\n|move|p2b: Talonflame|Tailwind|p2b: Talonflame\n|-sidestart|p2: mythical weavile|move: Tailwind\n|move|p2a: Garchomp|Rock Slide|p1b: Gyarados|[spread] p1a\n|-activate|p1b: Gyarados|move: Protect\n|-resisted|p1a: Ting-Lu\n|-damage|p1a: Ting-Lu|88\/100\n|move|p1a: Ting-Lu|Stomping Tantrum|p2a: Garchomp\n|-damage|p2a: Garchomp|28\/100\n|-damage|p1a: Ting-Lu|75\/100|[from] ability: Rough Skin|[of] p2a: Garchomp\n|\n|-damage|p1b: Gyarados|88\/100 brn|[from] brn\n|upkeep\n|turn|3\n|inactive|orsame has 30 seconds left.\n|\n|t:|1683233824\n|move|p2b: Talonflame|Will-O-Wisp|p1a: Ting-Lu\n|-status|p1a: Ting-Lu|brn\n|move|p2a: Garchomp|Rock Slide|p1a: Ting-Lu|[spread] \n|-miss|p2a: Garchomp|p1a: Ting-Lu\n|-miss|p2a: Garchomp|p1b: Gyarados\n|move|p1b: Gyarados|Waterfall|p2b: Talonflame\n|-supereffective|p2b: Talonflame\n|-damage|p2b: Talonflame|4\/100\n|move|p1a: Ting-Lu|Stomping Tantrum|p2a: Garchomp\n|-damage|p2a: Garchomp|10\/100\n|-damage|p1a: Ting-Lu|63\/100 brn|[from] ability: Rough Skin|[of] p2a: Garchomp\n|\n|-damage|p1b: Gyarados|82\/100 brn|[from] brn\n|-damage|p1a: Ting-Lu|57\/100 brn|[from] brn\n|upkeep\n|turn|4\n|inactive|orsame has 30 seconds left.\n|inactive|orsame has 20 seconds left.\n|inactive|orsame has 15 seconds left.\n|\n|t:|1683233866\n|move|p1b: Gyarados|Protect|p1b: Gyarados\n|-singleturn|p1b: Gyarados|Protect\n|move|p2b: Talonflame|Brave Bird|p1a: Ting-Lu\n|-damage|p1a: Ting-Lu|41\/100 brn\n|-damage|p2b: Talonflame|0 fnt|[from] Recoil\n|faint|p2b: Talonflame\n|move|p2a: Garchomp|Rock Slide|p1a: Ting-Lu|[spread] p1a\n|-activate|p1b: Gyarados|move: Protect\n|-resisted|p1a: Ting-Lu\n|-damage|p1a: Ting-Lu|36\/100 brn\n|cant|p1a: Ting-Lu|flinch\n|\n|-damage|p1b: Gyarados|76\/100 brn|[from] brn\n|-damage|p1a: Ting-Lu|30\/100 brn|[from] brn\n|upkeep\n|\n|t:|1683233883\n|switch|p2b: Dondozo|Dondozo, L50, F|100\/100\n|turn|5\n|\n|t:|1683233905\n|switch|p1b: Amoonguss|Amoonguss, L50, F, shiny|100\/100\n|move|p2a: Garchomp|Rock Slide|p1b: Amoonguss|[spread] p1a,p1b\n|-resisted|p1a: Ting-Lu\n|-damage|p1a: Ting-Lu|24\/100 brn\n|-damage|p1b: Amoonguss|82\/100\n|move|p2b: Dondozo|Wave Crash|p1a: Ting-Lu\n|-supereffective|p1a: Ting-Lu\n|-damage|p1a: Ting-Lu|0 fnt\n|faint|p1a: Ting-Lu\n|-damage|p2b: Dondozo|92\/100|[from] Recoil\n|\n|-heal|p2b: Dondozo|98\/100|[from] item: Leftovers\n|-sideend|p2: mythical weavile|move: Tailwind\n|upkeep\n|\n|t:|1683233919\n|switch|p1a: Gyarados|Gyarados, L50, M, shiny|76\/100 brn\n|-ability|p1a: Gyarados|Intimidate|boost\n|-fail|p2a: Garchomp|unboost|[from] item: Clear Amulet|[of] p2a: Garchomp\n|-unboost|p2b: Dondozo|atk|1\n|turn|6\n|inactive|orsame has 30 seconds left.\n|inactive|mythical weavile has 30 seconds left.\n|\n|t:|1683233952\n|move|p1a: Gyarados|Protect|p1a: Gyarados\n|-singleturn|p1a: Gyarados|Protect\n|move|p2b: Dondozo|Protect|p2b: Dondozo\n|-singleturn|p2b: Dondozo|Protect\n|move|p2a: Garchomp|Dragon Claw|p1b: Amoonguss\n|-damage|p1b: Amoonguss|41\/100\n|-enditem|p1b: Amoonguss|Sitrus Berry|[eat]\n|-heal|p1b: Amoonguss|66\/100|[from] item: Sitrus Berry\n|move|p1b: Amoonguss|Spore|p2b: Dondozo\n|-activate|p2b: Dondozo|move: Protect\n|\n|-heal|p2b: Dondozo|100\/100|[from] item: Leftovers\n|-damage|p1a: Gyarados|70\/100 brn|[from] brn\n|upkeep\n|turn|7\n|\n|t:|1683233975\n|switch|p2b: Tatsugiri|Tatsugiri, L50, F|100\/100\n|move|p2a: Garchomp|Dragon Claw|p1b: Amoonguss\n|-crit|p1b: Amoonguss\n|-damage|p1b: Amoonguss|5\/100\n|move|p1a: Gyarados|Waterfall|p2a: Garchomp\n|-damage|p2a: Garchomp|0 fnt\n|-damage|p1a: Gyarados|58\/100 brn|[from] ability: Rough Skin|[of] p2a: Garchomp\n|faint|p2a: Garchomp\n|move|p1b: Amoonguss|Spore|p2b: Tatsugiri\n|-status|p2b: Tatsugiri|slp|[from] move: Spore\n|\n|-damage|p1a: Gyarados|52\/100 brn|[from] brn\n|upkeep\n|\n|t:|1683233986\n|switch|p2a: Dondozo|Dondozo, L50, F|100\/100\n|-activate|p2b: Tatsugiri|ability: Commander|[of] p2a: Dondozo\n|-boost|p2a: Dondozo|atk|2\n|-boost|p2a: Dondozo|spa|2\n|-boost|p2a: Dondozo|spe|2\n|-boost|p2a: Dondozo|def|2\n|-boost|p2a: Dondozo|spd|2\n|turn|8\n|\n|t:|1683234004\n|move|p2a: Dondozo|Earthquake|p1b: Amoonguss|[spread] p1b\n|-miss|p2a: Dondozo|p2b: Tatsugiri\n|-immune|p1a: Gyarados\n|-damage|p1b: Amoonguss|0 fnt\n|faint|p1b: Amoonguss\n|move|p1a: Gyarados|Thunder Wave|p2a: Dondozo\n|-status|p2a: Dondozo|par\n|\n|-damage|p1a: Gyarados|45\/100 brn|[from] brn\n|upkeep\n|\n|t:|1683234007\n|switch|p1b: Flutter Mane|Flutter Mane, L50|100\/100\n|-enditem|p1b: Flutter Mane|Booster Energy\n|-activate|p1b: Flutter Mane|ability: Protosynthesis|[fromitem]\n|-start|p1b: Flutter Mane|protosynthesisspa\n|turn|9\n|\n|t:|1683234019\n|-terastallize|p1b: Flutter Mane|Fairy\n|-terastallize|p2a: Dondozo|Grass\n|move|p1b: Flutter Mane|Substitute|p1b: Flutter Mane\n|-start|p1b: Flutter Mane|Substitute\n|-damage|p1b: Flutter Mane|76\/100\n|move|p1a: Gyarados|Waterfall|p2a: Dondozo\n|-resisted|p2a: Dondozo\n|-damage|p2a: Dondozo|97\/100 par\n|move|p2a: Dondozo|Wave Crash|p1b: Flutter Mane\n|-end|p1b: Flutter Mane|Substitute\n|-damage|p2a: Dondozo|93\/100 par|[from] Recoil|[of] p1b: Flutter Mane\n|\n|-heal|p2a: Dondozo|99\/100 par|[from] item: Leftovers\n|-damage|p1a: Gyarados|39\/100 brn|[from] brn\n|upkeep\n|turn|10\n|\n|t:|1683234031\n|move|p1b: Flutter Mane|Substitute|p1b: Flutter Mane\n|-start|p1b: Flutter Mane|Substitute\n|-damage|p1b: Flutter Mane|52\/100\n|move|p1a: Gyarados|Waterfall|p2a: Dondozo\n|-resisted|p2a: Dondozo\n|-damage|p2a: Dondozo|96\/100 par\n|move|p2a: Dondozo|Wave Crash|p1b: Flutter Mane\n|-end|p1b: Flutter Mane|Substitute\n|-damage|p2a: Dondozo|91\/100 par|[from] Recoil|[of] p1b: Flutter Mane\n|\n|-heal|p2a: Dondozo|97\/100 par|[from] item: Leftovers\n|-damage|p1a: Gyarados|33\/100 brn|[from] brn\n|upkeep\n|turn|11\n|\n|t:|1683234038\n|move|p1b: Flutter Mane|Substitute|p1b: Flutter Mane\n|-start|p1b: Flutter Mane|Substitute\n|-damage|p1b: Flutter Mane|27\/100\n|move|p1a: Gyarados|Waterfall|p2a: Dondozo\n|-resisted|p2a: Dondozo\n|-damage|p2a: Dondozo|94\/100 par\n|move|p2a: Dondozo|Wave Crash|p1b: Flutter Mane\n|-end|p1b: Flutter Mane|Substitute\n|-damage|p2a: Dondozo|89\/100 par|[from] Recoil|[of] p1b: Flutter Mane\n|\n|-heal|p2a: Dondozo|96\/100 par|[from] item: Leftovers\n|-damage|p1a: Gyarados|27\/100 brn|[from] brn\n|upkeep\n|turn|12\n|\n|t:|1683234048\n|move|p1b: Flutter Mane|Substitute|p1b: Flutter Mane\n|-start|p1b: Flutter Mane|Substitute\n|-damage|p1b: Flutter Mane|3\/100\n|move|p1a: Gyarados|Waterfall|p2a: Dondozo\n|-resisted|p2a: Dondozo\n|-damage|p2a: Dondozo|93\/100 par\n|cant|p2a: Dondozo|par\n|\n|-heal|p2a: Dondozo|99\/100 par|[from] item: Leftovers\n|-damage|p1a: Gyarados|21\/100 brn|[from] brn\n|upkeep\n|-enditem|p1a: Gyarados|Aguav Berry|[eat]\n|-heal|p1a: Gyarados|54\/100 brn|[from] item: Aguav Berry\n|turn|13\n|\n|t:|1683234057\n|move|p1b: Flutter Mane|Moonblast|p2a: Dondozo\n|-damage|p2a: Dondozo|61\/100 par\n|-unboost|p2a: Dondozo|spa|1\n|move|p1a: Gyarados|Waterfall|p2a: Dondozo\n|-resisted|p2a: Dondozo\n|-damage|p2a: Dondozo|58\/100 par\n|cant|p2a: Dondozo|par\n|\n|-heal|p2a: Dondozo|64\/100 par|[from] item: Leftovers\n|-damage|p1a: Gyarados|48\/100 brn|[from] brn\n|upkeep\n|turn|14\n|\n|t:|1683234065\n|move|p1b: Flutter Mane|Moonblast|p2a: Dondozo\n|-damage|p2a: Dondozo|26\/100 par\n|move|p1a: Gyarados|Waterfall|p2a: Dondozo\n|-resisted|p2a: Dondozo\n|-damage|p2a: Dondozo|24\/100 par\n|cant|p2a: Dondozo|par\n|\n|-heal|p2a: Dondozo|30\/100 par|[from] item: Leftovers\n|-damage|p1a: Gyarados|42\/100 brn|[from] brn\n|upkeep\n|turn|15\n|\n|t:|1683234071\n|move|p1b: Flutter Mane|Moonblast|p2a: Dondozo\n|-damage|p2a: Dondozo|0 fnt\n|faint|p2a: Dondozo\n|move|p1a: Gyarados|Waterfall|p2b: Tatsugiri\n|-resisted|p2b: Tatsugiri\n|-damage|p2b: Tatsugiri|94\/100 slp\n|\n|-damage|p1a: Gyarados|36\/100 brn|[from] brn\n|upkeep\n|turn|16\n|\n|t:|1683234077\n|cant|p2b: Tatsugiri|slp\n|move|p1b: Flutter Mane|Moonblast|p2b: Tatsugiri\n|-supereffective|p2b: Tatsugiri\n|-damage|p2b: Tatsugiri|0 fnt\n|faint|p2b: Tatsugiri\n|\n|win|orsame\n|raw|orsame's rating: 1436 → 1454<\/strong> (+18 for winning)\n|raw|mythical weavile's rating: 1403 → 1385<\/strong> (-18 for losing)\n|c|\u2606orsame|gg\n|l|\u2606orsame\n","uploadtime":1683234094,"views":23,"p1id":"orsame","p2id":"mythicalweavile","formatid":"gen9vgc2023regulationc","rating":1385,"private":0,"password":""}