{"id":"gen9vgc2023regulationc-1845947224","p1":"DanPB","p2":"LegalizedNukes","format":"[Gen 9] VGC 2023 Regulation C","log":"|j|\u2606DanPB\n|j|\u2606LegalizedNukes\n|t:|1681782542\n|gametype|doubles\n|player|p1|DanPB|169|1237\n|player|p2|LegalizedNukes|nita|1159\n|teamsize|p1|6\n|teamsize|p2|6\n|gen|9\n|tier|[Gen 9] VGC 2023 Regulation C\n|rated|\n|rule|Species Clause: Limit one of each Pok\u00e9mon\n|rule|Item Clause: Limit one of each item\n|clearpoke\n|poke|p1|Dondozo, L50, F|\n|poke|p1|Tatsugiri, L50, F|\n|poke|p1|Chi-Yu, L50|\n|poke|p1|Flutter Mane, L50|\n|poke|p1|Dragonite, L50, F|\n|poke|p1|Glimmora, L50, F|\n|poke|p2|Ting-Lu, L50|\n|poke|p2|Bronzong, L50|\n|poke|p2|Armarouge, L50, M|\n|poke|p2|Indeedee-F, L50, F|\n|poke|p2|Hariyama, L50, F|\n|poke|p2|Hatterene, L50, F|\n|teampreview|4\n|inactive|Battle timer is ON: inactive players will automatically lose when time's up. (requested by LegalizedNukes)\n|inactive|DanPB also wants the timer to be on.\nLegalizedNukes has agreed to open team sheets.\n|inactive|DanPB has 60 seconds left.\n|inactive|LegalizedNukes has 60 seconds left.\n|inactive|LegalizedNukes has 30 seconds left.\n|\n|t:|1681782608\n|start\n|switch|p1a: Glimmora|Glimmora, L50, F|100\/100\n|switch|p1b: Dondozo|Dondozo, L50, F|100\/100\n|switch|p2a: Ting-Lu|Ting-Lu, L50|100\/100\n|switch|p2b: Bronzong|Bronzong, L50|100\/100\n|-ability|p2a: Ting-Lu|Vessel of Ruin\n|turn|1\n|inactive|DanPB has 30 seconds left.\n|inactive|DanPB has 20 seconds left.\n|\n|t:|1681782643\n|move|p1a: Glimmora|Toxic|p2a: Ting-Lu\n|-status|p2a: Ting-Lu|tox\n|move|p1b: Dondozo|Yawn|p2b: Bronzong\n|-start|p2b: Bronzong|move: Yawn|[of] p1b: Dondozo\n|move|p2a: Ting-Lu|Ruination|p1b: Dondozo\n|-damage|p1b: Dondozo|50\/100\n|-enditem|p1b: Dondozo|Sitrus Berry|[eat]\n|-heal|p1b: Dondozo|75\/100|[from] item: Sitrus Berry\n|move|p2b: Bronzong|Trick Room|p2b: Bronzong\n|-fieldstart|move: Trick Room|[of] p2b: Bronzong\n|\n|-damage|p2a: Ting-Lu|95\/100 tox|[from] psn\n|upkeep\n|turn|2\n|inactive|DanPB has 30 seconds left.\n|inactive|DanPB has 20 seconds left.\n|inactive|DanPB has 15 seconds left.\n|inactive|DanPB has 10 seconds left.\n|inactive|DanPB has 5 seconds left.\n|\n|t:|1681782698\n|switch|p2b: Hariyama|Hariyama, L50, F|100\/100\n|move|p2a: Ting-Lu|Ruination|p1b: Dondozo\n|-damage|p1b: Dondozo|38\/100\n|move|p1b: Dondozo|Wave Crash|p2b: Hariyama\n|-damage|p2b: Hariyama|51\/100\n|-damage|p1b: Dondozo|24\/100|[from] Recoil\n|move|p1a: Glimmora|Power Gem|p2b: Hariyama\n|-resisted|p2b: Hariyama\n|-damage|p2b: Hariyama|37\/100\n|\n|-damage|p2a: Ting-Lu|83\/100 tox|[from] psn\n|-status|p2b: Hariyama|brn|[from] item: Flame Orb\n|upkeep\n|turn|3\n|inactive|DanPB has 30 seconds left.\n|inactive|LegalizedNukes has 30 seconds left.\n|\n|t:|1681782731\n|move|p1b: Dondozo|Protect|p1b: Dondozo\n|-singleturn|p1b: Dondozo|Protect\n|move|p1a: Glimmora|Spiky Shield|p1a: Glimmora\n|-singleturn|p1a: Glimmora|move: Protect\n|move|p2a: Ting-Lu|Stomping Tantrum|p1a: Glimmora\n|-activate|p1a: Glimmora|move: Protect\n|-damage|p2a: Ting-Lu|70\/100 tox|[from] Spiky Shield|[of] p1a: Glimmora\n|move|p2b: Hariyama|Close Combat|p1b: Dondozo\n|-activate|p1b: Dondozo|move: Protect\n|\n|-damage|p2a: Ting-Lu|52\/100 tox|[from] psn\n|-damage|p2b: Hariyama|31\/100 brn|[from] brn\n|upkeep\n|turn|4\n|\n|t:|1681782746\n|move|p2a: Ting-Lu|Stomping Tantrum|p1a: Glimmora\n|-supereffective|p1a: Glimmora\n|-enditem|p1a: Glimmora|Focus Sash\n|-damage|p1a: Glimmora|1\/100\n|-activate|p1a: Glimmora|ability: Toxic Debris\n|-sidestart|p2: LegalizedNukes|move: Toxic Spikes\n|move|p1b: Dondozo|Wave Crash|p2a: Ting-Lu\n|-supereffective|p2a: Ting-Lu\n|-damage|p2a: Ting-Lu|1\/100 tox\n|-damage|p1b: Dondozo|8\/100|[from] Recoil\n|move|p2b: Hariyama|Close Combat|p1b: Dondozo\n|-damage|p1b: Dondozo|0 fnt\n|-unboost|p2b: Hariyama|def|1\n|-unboost|p2b: Hariyama|spd|1\n|faint|p1b: Dondozo\n|move|p1a: Glimmora|Power Gem|p2b: Hariyama\n|-resisted|p2b: Hariyama\n|-damage|p2b: Hariyama|11\/100 brn\n|\n|-damage|p2a: Ting-Lu|0 fnt|[from] psn\n|faint|p2a: Ting-Lu\n|-damage|p2b: Hariyama|5\/100 brn|[from] brn\n|upkeep\n|inactive|DanPB has 30 seconds left.\n|inactive|DanPB has 20 seconds left.\n|\n|t:|1681782781\n|switch|p2a: Bronzong|Bronzong, L50|100\/100\n|switch|p1b: Flutter Mane|Flutter Mane, L50|100\/100\n|-enditem|p1b: Flutter Mane|Booster Energy\n|-activate|p1b: Flutter Mane|ability: Protosynthesis|[fromitem]\n|-start|p1b: Flutter Mane|protosynthesisspe\n|turn|5\n|\n|t:|1681782794\n|switch|p2b: Armarouge|Armarouge, L50, M|100\/100\n|-status|p2b: Armarouge|psn\n|move|p1a: Glimmora|Spiky Shield|p1a: Glimmora\n|-singleturn|p1a: Glimmora|move: Protect\n|move|p1b: Flutter Mane|Protect|p1b: Flutter Mane\n|-singleturn|p1b: Flutter Mane|Protect\n|move|p2a: Bronzong|Iron Defense|p2a: Bronzong\n|-boost|p2a: Bronzong|def|2\n|\n|-damage|p2b: Armarouge|88\/100 psn|[from] psn\n|-fieldend|move: Trick Room\n|upkeep\n|turn|6\n|inactive|DanPB has 30 seconds left.\n|inactive|DanPB has 20 seconds left.\n|\n|t:|1681782831\n|-terastallize|p2a: Bronzong|Poison\n|move|p2b: Armarouge|Protect|p2b: Armarouge\n|-singleturn|p2b: Armarouge|Protect\n|move|p1b: Flutter Mane|Hex|p2a: Bronzong\n|-damage|p2a: Bronzong|76\/100\n|move|p1a: Glimmora|Power Gem|p2b: Armarouge\n|-activate|p2b: Armarouge|move: Protect\n|move|p2a: Bronzong|Trick Room|p2a: Bronzong\n|-fieldstart|move: Trick Room|[of] p2a: Bronzong\n|\n|-damage|p2b: Armarouge|76\/100 psn|[from] psn\n|upkeep\n|turn|7\n|inactive|DanPB has 30 seconds left.\n|\n|t:|1681782866\n|move|p1a: Glimmora|Spiky Shield|p1a: Glimmora\n|-singleturn|p1a: Glimmora|move: Protect\n|move|p1b: Flutter Mane|Protect|p1b: Flutter Mane\n|-singleturn|p1b: Flutter Mane|Protect\n|move|p2a: Bronzong|Gyro Ball|p1b: Flutter Mane\n|-activate|p1b: Flutter Mane|move: Protect\n|move|p2b: Armarouge|Energy Ball|p1a: Glimmora\n|-activate|p1a: Glimmora|move: Protect\n|\n|-damage|p2b: Armarouge|64\/100 psn|[from] psn\n|upkeep\n|turn|8\n|\n|t:|1681782887\n|-terastallize|p1b: Flutter Mane|Steel\n|move|p2a: Bronzong|Gyro Ball|p1b: Flutter Mane\n|-resisted|p1b: Flutter Mane\n|-crit|p1b: Flutter Mane\n|-damage|p1b: Flutter Mane|35\/100\n|move|p2b: Armarouge|Energy Ball|p1a: Glimmora\n|-damage|p1a: Glimmora|0 fnt\n|faint|p1a: Glimmora\n|-damage|p2b: Armarouge|54\/100 psn|[from] item: Life Orb\n|move|p1b: Flutter Mane|Hex|p2b: Armarouge\n|-supereffective|p2b: Armarouge\n|-damage|p2b: Armarouge|0 fnt\n|faint|p2b: Armarouge\n|\n|upkeep\n|\n|t:|1681782900\n|switch|p2b: Hariyama|Hariyama, L50, F|5\/100 brn\n|switch|p1a: Chi-Yu|Chi-Yu, L50|100\/100\n|-ability|p1a: Chi-Yu|Beads of Ruin\n|turn|9\n|\n|t:|1681782915\n|move|p1a: Chi-Yu|Protect|p1a: Chi-Yu\n|-singleturn|p1a: Chi-Yu|Protect\n|move|p1b: Flutter Mane|Protect|p1b: Flutter Mane\n|-singleturn|p1b: Flutter Mane|Protect\n|move|p2a: Bronzong|Body Press|p1a: Chi-Yu\n|-activate|p1a: Chi-Yu|move: Protect\n|move|p2b: Hariyama|Close Combat|p1b: Flutter Mane\n|-activate|p1b: Flutter Mane|move: Protect\n|\n|-damage|p2b: Hariyama|0 fnt|[from] brn\n|faint|p2b: Hariyama\n|upkeep\n|turn|10\n|\n|t:|1681782930\n|move|p2a: Bronzong|Body Press|p1a: Chi-Yu\n|-supereffective|p1a: Chi-Yu\n|-damage|p1a: Chi-Yu|0 fnt\n|faint|p1a: Chi-Yu\n|move|p1b: Flutter Mane|Hex|p2a: Bronzong\n|-damage|p2a: Bronzong|50\/100\n|\n|-fieldend|move: Trick Room\n|upkeep\n|turn|11\n|\n|t:|1681782943\n|move|p1b: Flutter Mane|Hex|p2a: Bronzong\n|-damage|p2a: Bronzong|27\/100\n|move|p2a: Bronzong|Body Press|p1b: Flutter Mane\n|-supereffective|p1b: Flutter Mane\n|-damage|p1b: Flutter Mane|0 fnt\n|faint|p1b: Flutter Mane\n|-end|p1b: Flutter Mane|Protosynthesis|[silent]\n|\n|win|LegalizedNukes\n|raw|DanPB's rating: 1256 → 1224<\/strong> (-32 for losing)\n|raw|LegalizedNukes's rating: 1159 → 1191<\/strong> (+32 for winning)\n|l|\u2606DanPB\n","uploadtime":1681782952,"views":8,"p1id":"danpb","p2id":"legalizednukes","formatid":"gen9vgc2023regulationc","rating":1191,"private":0,"password":""}