{"id":"gen9vgc2023regulationc-1851695595","p1":"Shucklepilled","p2":"Jayhero7","format":"[Gen 9] VGC 2023 Regulation C","log":"|j|\u2606Shucklepilled\n|j|\u2606Jayhero7\n|t:|1682471016\n|gametype|doubles\n|player|p1|Shucklepilled|theroyal|1119\n|player|p2|Jayhero7|palmer|1222\n|teamsize|p1|6\n|teamsize|p2|6\n|gen|9\n|tier|[Gen 9] VGC 2023 Regulation C\n|rated|\n|rule|Species Clause: Limit one of each Pok\u00e9mon\n|rule|Item Clause: Limit one of each item\n|clearpoke\n|poke|p1|Amoonguss, L50, M|\n|poke|p1|Palafin, L50, F|\n|poke|p1|Arcanine, L50, M|\n|poke|p1|Flutter Mane, L50|\n|poke|p1|Ting-Lu, L50|\n|poke|p1|Kingambit, L50, F|\n|poke|p2|Ceruledge, L50, M|\n|poke|p2|Riolu, L50, F|\n|poke|p2|Dragapult, L50, M|\n|poke|p2|Flamigo, L50, M|\n|poke|p2|Talonflame, L50, M|\n|poke|p2|Annihilape, L50, M|\n|teampreview|4\n|inactive|Battle timer is ON: inactive players will automatically lose when time's up. (requested by Shucklepilled)\nShucklepilled has agreed to open team sheets.\n|\n|t:|1682471044\n|start\n|switch|p1a: Whisper|Amoonguss, L50, M|100\/100\n|switch|p1b: Genius|Palafin, L50, F|100\/100\n|switch|p2a: Annihilape|Annihilape, L50, M|100\/100\n|switch|p2b: Riolu|Riolu, L50, F|100\/100\n|turn|1\n|inactive|Jayhero7 has 30 seconds left.\n|\n|t:|1682471073\n|move|p1b: Genius|Protect|p1b: Genius\n|-singleturn|p1b: Genius|Protect\n|move|p2b: Riolu|Howl|p2b: Riolu|[spread] p2a,p2b\n|-boost|p2a: Annihilape|atk|1\n|-boost|p2b: Riolu|atk|1\n|move|p2a: Annihilape|Acrobatics|p1a: Whisper\n|-supereffective|p1a: Whisper\n|-damage|p1a: Whisper|35\/100\n|-damage|p2a: Annihilape|84\/100|[from] item: Rocky Helmet|[of] p1a: Whisper\n|move|p1a: Whisper|Spore|p2a: Annihilape\n|-status|p2a: Annihilape|slp|[from] move: Spore\n|\n|upkeep\n|turn|2\n|\n|t:|1682471093\n|detailschange|p1b: Genius|Palafin-Hero, L50, F\n|switch|p1b: Stutter|Ting-Lu, L50|100\/100\n|-ability|p1b: Stutter|Vessel of Ruin\n|switch|p1a: GrimReaper|Flutter Mane, L50|100\/100\n|-enditem|p1a: GrimReaper|Booster Energy\n|-activate|p1a: GrimReaper|ability: Protosynthesis|[fromitem]\n|-start|p1a: GrimReaper|protosynthesisspe\n|move|p2b: Riolu|Copycat|p2b: Riolu\n|move|p2b: Riolu|Spore|p1b: Stutter|[from]move: Copycat\n|-hint|Since gen 7, Dark is immune to Prankster moves.\n|-immune|p1b: Stutter\n|cant|p2a: Annihilape|slp\n|\n|upkeep\n|turn|3\n|\n|t:|1682471113\n|switch|p2a: Flamigo|Flamigo, L50, M|100\/100\n|-copyboost|p2a: Flamigo|p2b: Riolu|[from] ability: Costar\n|move|p1a: GrimReaper|Protect|p1a: GrimReaper\n|-singleturn|p1a: GrimReaper|Protect\n|move|p2b: Riolu|Howl|p2b: Riolu|[spread] p2a,p2b\n|-boost|p2a: Flamigo|atk|1\n|-boost|p2b: Riolu|atk|1\n|move|p1b: Stutter|Fissure|p2a: Flamigo\n|-immune|p2a: Flamigo\n|\n|upkeep\n|turn|4\n|\n|t:|1682471133\n|move|p2b: Riolu|Copycat|p2b: Riolu\n|move|p2b: Riolu|Fissure|p1a: GrimReaper|[from]move: Copycat\n|-damage|p1a: GrimReaper|0 fnt\n|faint|p1a: GrimReaper\n|-end|p1a: GrimReaper|Protosynthesis|[silent]\n|-ohko\n|move|p2a: Flamigo|Brave Bird|p1b: Stutter\n|-damage|p1b: Stutter|39\/100\n|-damage|p2a: Flamigo|67\/100|[from] Recoil\n|move|p1b: Stutter|Stomping Tantrum|p2b: Riolu\n|-damage|p2b: Riolu|0 fnt\n|faint|p2b: Riolu\n|\n|upkeep\n|\n|t:|1682471149\n|switch|p1a: Genius|Palafin-Hero, L50, F|100\/100\n|switch|p2b: Annihilape|Annihilape, L50, M|84\/100 slp\n|-activate|p1a: Genius|ability: Zero to Hero\n|turn|5\n|\n|t:|1682471171\n|-terastallize|p1a: Genius|Water\n|move|p2a: Flamigo|Quick Guard|p2a: Flamigo\n|-singleturn|p2a: Flamigo|Quick Guard\n|move|p1a: Genius|Wave Crash|p2a: Flamigo\n|-damage|p2a: Flamigo|0 fnt\n|faint|p2a: Flamigo\n|-damage|p1a: Genius|81\/100|[from] Recoil\n|-curestatus|p2b: Annihilape|slp|[msg]\n|move|p2b: Annihilape|Close Combat|p1b: Stutter\n|-supereffective|p1b: Stutter\n|-damage|p1b: Stutter|0 fnt\n|-unboost|p2b: Annihilape|def|1\n|-unboost|p2b: Annihilape|spd|1\n|faint|p1b: Stutter\n|\n|upkeep\n|\n|t:|1682471186\n|switch|p2a: Dragapult|Dragapult, L50, M|100\/100\n|switch|p1b: Whisper|Amoonguss, L50, M|68\/100\n|turn|6\n|\n|t:|1682471206\n|move|p1a: Genius|Protect|p1a: Genius\n|-singleturn|p1a: Genius|Protect\n|move|p2a: Dragapult|Substitute|p2a: Dragapult\n|-start|p2a: Dragapult|Substitute\n|-damage|p2a: Dragapult|75\/100\n|move|p2b: Annihilape|Close Combat|p1a: Genius\n|-activate|p1a: Genius|move: Protect\n|move|p1b: Whisper|Spore||[still]\n|-fail|p1b: Whisper\n|\n|upkeep\n|turn|7\n|\n|t:|1682471227\n|move|p1b: Whisper|Rage Powder|p1b: Whisper\n|-singleturn|p1b: Whisper|move: Rage Powder\n|move|p2a: Dragapult|Dragon Dance|p2a: Dragapult\n|-boost|p2a: Dragapult|atk|1\n|-boost|p2a: Dragapult|spe|1\n|move|p1a: Genius|Wave Crash|p2b: Annihilape\n|-damage|p2b: Annihilape|0 fnt\n|faint|p2b: Annihilape\n|-damage|p1a: Genius|52\/100|[from] Recoil\n|\n|upkeep\n|turn|8\n|\n|t:|1682471241\n|move|p1b: Whisper|Rage Powder|p1b: Whisper\n|-singleturn|p1b: Whisper|move: Rage Powder\n|move|p2a: Dragapult|Dragon Darts|p1b: Whisper\n|-damage|p1b: Whisper|20\/100\n|-anim|p2a: Dragapult|Dragon Darts|p1b: Whisper\n|-damage|p1b: Whisper|0 fnt\n|faint|p1b: Whisper\n|move|p1a: Genius|Haze|p1a: Genius\n|-clearallboost\n|\n|upkeep\n|turn|9\n|\n|t:|1682471254\n|move|p1a: Genius|Jet Punch|p2a: Dragapult\n|-resisted|p2a: Dragapult\n|-end|p2a: Dragapult|Substitute\n|move|p2a: Dragapult|Dragon Darts|p1a: Genius\n|-crit|p1a: Genius\n|-damage|p1a: Genius|8\/100\n|-anim|p2a: Dragapult|Dragon Darts|p1a: Genius\n|-damage|p1a: Genius|0 fnt\n|faint|p1a: Genius\n|\n|win|Jayhero7\n|raw|Shucklepilled's rating: 1100 → 1083<\/strong> (-17 for losing)\n|raw|Jayhero7's rating: 1222 → 1239<\/strong> (+17 for winning)\n","uploadtime":1682471265,"views":10,"p1id":"shucklepilled","p2id":"jayhero7","formatid":"gen9vgc2023regulationc","rating":1083,"private":0,"password":""}