{"id":"gen9vgc2023regulationc-1845440949","p1":"vyxl","p2":"PokemonBreederJoey","format":"[Gen 9] VGC 2023 Regulation C","log":"|j|\u2606vyxl\n|j|\u2606PokemonBreederJoey\n|t:|1681733604\n|gametype|doubles\n|player|p1|vyxl|1|1249\n|player|p2|PokemonBreederJoey|101|1343\n|teamsize|p1|6\n|teamsize|p2|6\n|gen|9\n|tier|[Gen 9] VGC 2023 Regulation C\n|rated|\n|rule|Species Clause: Limit one of each Pok\u00e9mon\n|rule|Item Clause: Limit one of each item\n|clearpoke\n|poke|p1|Dragonite, L50, M|\n|poke|p1|Orthworm, L50, F|\n|poke|p1|Ting-Lu, L50|\n|poke|p1|Chien-Pao, L50|\n|poke|p1|Gyarados, L50, F|\n|poke|p1|Flutter Mane, L50|\n|poke|p2|Grimmsnarl, L50, M|\n|poke|p2|Volcarona, L50, F|\n|poke|p2|Garganacl, L50, F|\n|poke|p2|Amoonguss, L50, M|\n|poke|p2|Ting-Lu, L50|\n|poke|p2|Flutter Mane, L50|\n|teampreview|4\n|inactive|Battle timer is ON: inactive players will automatically lose when time's up. (requested by vyxl)\n|\n|t:|1681733629\n|start\n|switch|p1a: Dragonite|Dragonite, L50, M|100\/100\n|switch|p1b: Orthworm|Orthworm, L50, F|100\/100\n|switch|p2a: Grimmsnarl|Grimmsnarl, L50, M|100\/100\n|switch|p2b: Flutter Mane|Flutter Mane, L50|100\/100\n|turn|1\n|inactive|PokemonBreederJoey has 30 seconds left.\n|\n|t:|1681733655\n|move|p2a: Grimmsnarl|Fake Out|p1b: Orthworm\n|-resisted|p1b: Orthworm\n|-damage|p1b: Orthworm|96\/100\n|move|p2b: Flutter Mane|Moonblast|p1a: Dragonite\n|-supereffective|p1a: Dragonite\n|-damage|p1a: Dragonite|27\/100\n|move|p1a: Dragonite|Earthquake|p2b: Flutter Mane|[spread] p2a,p2b\n|-heal|p1b: Orthworm|100\/100|[from] ability: Earth Eater|[of] p1a: Dragonite\n|-damage|p2a: Grimmsnarl|71\/100\n|-damage|p2b: Flutter Mane|41\/100\n|cant|p1b: Orthworm|flinch\n|\n|upkeep\n|turn|2\n|\n|t:|1681733673\n|move|p1a: Dragonite|Extreme Speed|p2a: Grimmsnarl\n|-damage|p2a: Grimmsnarl|44\/100\n|move|p2a: Grimmsnarl|Reflect|p2a: Grimmsnarl\n|-sidestart|p2: PokemonBreederJoey|Reflect\n|move|p2b: Flutter Mane|Moonblast|p1a: Dragonite\n|-supereffective|p1a: Dragonite\n|-damage|p1a: Dragonite|0 fnt\n|faint|p1a: Dragonite\n|move|p1b: Orthworm|Shed Tail|p1b: Orthworm\n|-start|p1b: Orthworm|Substitute|[from] move: Shed Tail\n|-damage|p1b: Orthworm|50\/100\n|-enditem|p1b: Orthworm|Sitrus Berry|[eat]\n|-heal|p1b: Orthworm|75\/100|[from] item: Sitrus Berry\n|\n|t:|1681733684\n|switch|p1b: Ting-Lu|Ting-Lu, L50|100\/100|[from] Shed Tail\n|-ability|p1b: Ting-Lu|Vessel of Ruin\n|\n|upkeep\n|\n|t:|1681733690\n|switch|p1a: Orthworm|Orthworm, L50, F|75\/100\n|turn|3\n|\n|t:|1681733702\n|switch|p2a: Garganacl|Garganacl, L50, F|100\/100\n|move|p2b: Flutter Mane|Moonblast|p1b: Ting-Lu\n|-supereffective|p1b: Ting-Lu\n|-end|p1b: Ting-Lu|Substitute\n|move|p1b: Ting-Lu|Bulldoze|p2a: Garganacl|[spread] p2a,p2b\n|-heal|p1a: Orthworm|100\/100|[from] ability: Earth Eater|[of] p1b: Ting-Lu\n|-supereffective|p2a: Garganacl\n|-crit|p2a: Garganacl\n|-damage|p2a: Garganacl|62\/100\n|-damage|p2b: Flutter Mane|13\/100\n|-unboost|p2a: Garganacl|spe|1\n|-unboost|p2b: Flutter Mane|spe|1\n|move|p1a: Orthworm|Shed Tail|p1a: Orthworm\n|-start|p1a: Orthworm|Substitute|[from] move: Shed Tail\n|-damage|p1a: Orthworm|50\/100\n|\n|t:|1681733715\n|switch|p1a: Chien-Pao|Chien-Pao, L50|100\/100|[from] Shed Tail\n|-ability|p1a: Chien-Pao|Sword of Ruin\n|\n|-heal|p2a: Garganacl|68\/100|[from] item: Leftovers\n|upkeep\n|turn|4\n|inactive|vyxl has 30 seconds left.\n|inactive|vyxl has 20 seconds left.\n|inactive|vyxl has 15 seconds left.\n|inactive|vyxl has 10 seconds left.\n|inactive|vyxl has 5 seconds left.\n|\n|t:|1681733765\n|-end|p2b: Flutter Mane|Protosynthesis|[silent]\n|switch|p2b: Amoonguss|Amoonguss, L50, M|100\/100\n|-terastallize|p1b: Ting-Lu|Water\n|-terastallize|p2a: Garganacl|Flying\n|move|p1a: Chien-Pao|Protect|p1a: Chien-Pao\n|-singleturn|p1a: Chien-Pao|Protect\n|move|p1b: Ting-Lu|Fissure|p2a: Garganacl\n|-immune|p2a: Garganacl\n|move|p2a: Garganacl|Iron Defense|p2a: Garganacl\n|-boost|p2a: Garganacl|def|2\n|\n|-heal|p2a: Garganacl|73\/100|[from] item: Leftovers\n|upkeep\n|turn|5\n|inactive|vyxl has 30 seconds left.\n|inactive|PokemonBreederJoey has 30 seconds left.\n|\n|t:|1681733798\n|move|p1a: Chien-Pao|Ice Spinner|p2b: Amoonguss\n|-supereffective|p2b: Amoonguss\n|-damage|p2b: Amoonguss|46\/100\n|move|p1b: Ting-Lu|Fissure|p2b: Amoonguss\n|-damage|p2b: Amoonguss|0 fnt\n|faint|p2b: Amoonguss\n|-ohko\n|move|p2a: Garganacl|Salt Cure|p1b: Ting-Lu\n|-damage|p1b: Ting-Lu|89\/100\n|-start|p1b: Ting-Lu|Salt Cure\n|\n|-heal|p2a: Garganacl|79\/100|[from] item: Leftovers\n|-damage|p1b: Ting-Lu|64\/100|[from] Salt Cure\n|upkeep\n|\n|t:|1681733813\n|switch|p2b: Flutter Mane|Flutter Mane, L50|13\/100\n|turn|6\n|\n|t:|1681733831\n|switch|p1b: Orthworm|Orthworm, L50, F|50\/100\n|move|p1a: Chien-Pao|Ice Spinner|p2b: Flutter Mane\n|-damage|p2b: Flutter Mane|0 fnt\n|faint|p2b: Flutter Mane\n|-end|p2b: Flutter Mane|Protosynthesis|[silent]\n|move|p2a: Garganacl|Iron Defense|p2a: Garganacl\n|-boost|p2a: Garganacl|def|2\n|\n|-heal|p2a: Garganacl|85\/100|[from] item: Leftovers\n|upkeep\n|\n|t:|1681733842\n|switch|p2b: Grimmsnarl|Grimmsnarl, L50, M|44\/100\n|turn|7\n|\n|t:|1681733862\n|move|p2b: Grimmsnarl|Fake Out|p1b: Orthworm\n|-resisted|p1b: Orthworm\n|-damage|p1b: Orthworm|45\/100\n|move|p1a: Chien-Pao|Haze|p1a: Chien-Pao\n|-clearallboost\n|cant|p1b: Orthworm|flinch\n|move|p2a: Garganacl|Body Press|p1a: Chien-Pao\n|-supereffective|p1a: Chien-Pao\n|-end|p1a: Chien-Pao|Substitute\n|\n|-heal|p2a: Garganacl|91\/100|[from] item: Leftovers\n|upkeep\n|turn|8\n|\n|t:|1681733884\n|switch|p1a: Ting-Lu|Ting-Lu, L50, tera:Water|64\/100\n|-ability|p1a: Ting-Lu|Vessel of Ruin\n|move|p1b: Orthworm|Heavy Slam|p2b: Grimmsnarl\n|-supereffective|p2b: Grimmsnarl\n|-damage|p2b: Grimmsnarl|0 fnt\n|faint|p2b: Grimmsnarl\n|move|p2a: Garganacl|Salt Cure|p1a: Ting-Lu\n|-damage|p1a: Ting-Lu|55\/100\n|-start|p1a: Ting-Lu|Salt Cure\n|\n|-heal|p2a: Garganacl|97\/100|[from] item: Leftovers\n|-damage|p1a: Ting-Lu|30\/100|[from] Salt Cure\n|upkeep\n|turn|9\n|inactive|vyxl has 30 seconds left.\n|inactive|PokemonBreederJoey has 30 seconds left.\n|\n|t:|1681733916\n|move|p1a: Ting-Lu|Bulldoze|p2a: Garganacl|[spread] \n|-heal|p1b: Orthworm|70\/100|[from] ability: Earth Eater|[of] p1a: Ting-Lu\n|-immune|p2a: Garganacl\n|move|p1b: Orthworm|Shed Tail|p1b: Orthworm\n|-start|p1b: Orthworm|Substitute|[from] move: Shed Tail\n|-damage|p1b: Orthworm|20\/100\n|\n|t:|1681733922\n|switch|p1b: Chien-Pao|Chien-Pao, L50|100\/100|[from] Shed Tail\n|-ability|p1b: Chien-Pao|Sword of Ruin\n|move|p2a: Garganacl|Iron Defense|p2a: Garganacl\n|-boost|p2a: Garganacl|def|2\n|\n|-heal|p2a: Garganacl|100\/100|[from] item: Leftovers\n|-damage|p1a: Ting-Lu|5\/100|[from] Salt Cure\n|-sideend|p2: PokemonBreederJoey|Reflect\n|upkeep\n|turn|10\n|inactive|PokemonBreederJoey has 30 seconds left.\n|\n|t:|1681733948\n|switch|p1a: Orthworm|Orthworm, L50, F|20\/100\n|move|p1b: Chien-Pao|Haze|p1b: Chien-Pao\n|-clearallboost\n|move|p2a: Garganacl|Body Press|p1b: Chien-Pao\n|-supereffective|p1b: Chien-Pao\n|-end|p1b: Chien-Pao|Substitute\n|\n|upkeep\n|turn|11\n|inactive|vyxl has 30 seconds left.\n|\n|t:|1681733980\n|move|p1b: Chien-Pao|Ice Spinner|p2a: Garganacl\n|-supereffective|p2a: Garganacl\n|-damage|p2a: Garganacl|37\/100\n|move|p1a: Orthworm|Heavy Slam|p2a: Garganacl\n|-damage|p2a: Garganacl|26\/100\n|move|p2a: Garganacl|Salt Cure|p1b: Chien-Pao\n|-supereffective|p1b: Chien-Pao\n|-damage|p1b: Chien-Pao|64\/100\n|-start|p1b: Chien-Pao|Salt Cure\n|\n|-heal|p2a: Garganacl|32\/100|[from] item: Leftovers\n|-damage|p1b: Chien-Pao|52\/100|[from] Salt Cure\n|upkeep\n|turn|12\n|\n|t:|1681733994\n|move|p1b: Chien-Pao|Ice Spinner|p2a: Garganacl\n|-supereffective|p2a: Garganacl\n|-damage|p2a: Garganacl|0 fnt\n|faint|p2a: Garganacl\n|\n|win|vyxl\n|raw|vyxl's rating: 1249 → 1281<\/strong> (+32 for winning)\n|raw|PokemonBreederJoey's rating: 1343 → 1318<\/strong> (-25 for losing)\n|l|\u2606PokemonBreederJoey\n|c|\u2606vyxl|gg wp\n","uploadtime":1681734004,"views":9,"p1id":"vyxl","p2id":"pokemonbreederjoey","formatid":"gen9vgc2023regulationc","rating":1281,"private":0,"password":""}