{"id":"gen9vgc2023regulationc-1856741022","p1":"334sd","p2":"Delicia Delight","format":"[Gen 9] VGC 2023 Regulation C","log":"|j|\u2606334sd\n|j|\u2606Delicia Delight\n|t:|1683103953\n|gametype|doubles\n|player|p1|334sd|dawn|1052\n|player|p2|Delicia Delight|baker|1064\n|teamsize|p1|6\n|teamsize|p2|6\n|gen|9\n|tier|[Gen 9] VGC 2023 Regulation C\n|rated|\n|rule|Species Clause: Limit one of each Pok\u00e9mon\n|rule|Item Clause: Limit one of each item\n|clearpoke\n|poke|p1|Flutter Mane, L50|\n|poke|p1|Chi-Yu, L50|\n|poke|p1|Roaring Moon, L50|\n|poke|p1|Great Tusk, L50|\n|poke|p1|Ting-Lu, L50|\n|poke|p1|Iron Hands, L50|\n|poke|p2|Abomasnow, L50, M|\n|poke|p2|Iron Bundle, L50|\n|poke|p2|Chi-Yu, L50|\n|poke|p2|Flutter Mane, L50|\n|poke|p2|Murkrow, L50, M|\n|poke|p2|Great Tusk, L50|\n|teampreview|4\n|inactive|Battle timer is ON: inactive players will automatically lose when time's up. (requested by Delicia Delight)\n|inactive|Delicia Delight has 60 seconds left.\n|\n|t:|1683103991\n|start\n|switch|p1a: Iron Hands|Iron Hands, L50|100\/100\n|switch|p1b: Chi-Yu|Chi-Yu, L50|100\/100\n|switch|p2a: Abomasnow|Abomasnow, L50, M|100\/100\n|switch|p2b: Iron Bundle|Iron Bundle, L50|100\/100\n|-ability|p1b: Chi-Yu|Beads of Ruin\n|-weather|Snow|[from] ability: Snow Warning|[of] p2a: Abomasnow\n|-enditem|p2b: Iron Bundle|Booster Energy\n|-activate|p2b: Iron Bundle|ability: Quark Drive|[fromitem]\n|-start|p2b: Iron Bundle|quarkdrivespe\n|turn|1\n|inactive|334sd has 30 seconds left.\n|\n|t:|1683104024\n|-terastallize|p2a: Abomasnow|Water\n|move|p2b: Iron Bundle|Protect|p2b: Iron Bundle\n|-singleturn|p2b: Iron Bundle|Protect\n|move|p1a: Iron Hands|Fake Out|p2b: Iron Bundle\n|-activate|p2b: Iron Bundle|move: Protect\n|move|p1b: Chi-Yu|Heat Wave|p2b: Iron Bundle|[spread] p2a\n|-activate|p2b: Iron Bundle|move: Protect\n|-resisted|p2a: Abomasnow\n|-damage|p2a: Abomasnow|71\/100\n|-damage|p1b: Chi-Yu|91\/100|[from] item: Life Orb\n|move|p2a: Abomasnow|Aurora Veil|p2a: Abomasnow\n|-sidestart|p2: Delicia Delight|move: Aurora Veil\n|\n|-weather|Snow|[upkeep]\n|upkeep\n|turn|2\n|\n|t:|1683104047\n|move|p1b: Chi-Yu|Protect|p1b: Chi-Yu\n|-singleturn|p1b: Chi-Yu|Protect\n|move|p2b: Iron Bundle|Encore|p1a: Iron Hands\n|-start|p1a: Iron Hands|Encore\n|move|p2a: Abomasnow|Sheer Cold|p1b: Chi-Yu\n|-activate|p1b: Chi-Yu|move: Protect\n|move|p1a: Iron Hands|Fake Out||[still]\n|-hint|Fake Out only works on your first turn out.\n|-fail|p1a: Iron Hands\n|\n|-weather|Snow|[upkeep]\n|upkeep\n|turn|3\n|\n|t:|1683104067\n|-end|p1a: Iron Hands|Quark Drive|[silent]\n|switch|p1a: Great Tusk|Great Tusk, L50|100\/100\n|-terastallize|p1b: Chi-Yu|Grass\n|move|p2b: Iron Bundle|Encore|p1b: Chi-Yu\n|-start|p1b: Chi-Yu|Encore\n|move|p1b: Chi-Yu|Protect||[still]\n|-fail|p1b: Chi-Yu\n|move|p2a: Abomasnow|Sheer Cold|p1a: Great Tusk|[miss]\n|-miss|p2a: Abomasnow|p1a: Great Tusk\n|\n|-weather|Snow|[upkeep]\n|upkeep\n|turn|4\n|\n|t:|1683104091\n|move|p2a: Abomasnow|Helping Hand|p2b: Iron Bundle\n|-singleturn|p2b: Iron Bundle|Helping Hand|[of] p2a: Abomasnow\n|move|p1b: Chi-Yu|Protect|p1b: Chi-Yu\n|-singleturn|p1b: Chi-Yu|Protect\n|move|p2b: Iron Bundle|Blizzard|p1a: Great Tusk|[spread] p1a\n|-activate|p1b: Chi-Yu|move: Protect\n|-supereffective|p1a: Great Tusk\n|-damage|p1a: Great Tusk|0 fnt\n|faint|p1a: Great Tusk\n|-end|p1a: Great Tusk|Protosynthesis|[silent]\n|\n|-weather|Snow|[upkeep]\n|upkeep\n|\n|t:|1683104101\n|switch|p1a: Iron Hands|Iron Hands, L50|100\/100\n|turn|5\n|\n|t:|1683104110\n|switch|p1b: Flutter Mane|Flutter Mane, L50|100\/100\n|move|p2b: Iron Bundle|Blizzard|p1b: Flutter Mane|[spread] p1a,p1b\n|-damage|p1a: Iron Hands|83\/100\n|-damage|p1b: Flutter Mane|60\/100\n|move|p2a: Abomasnow|Sheer Cold|p1a: Iron Hands\n|-damage|p1a: Iron Hands|0 fnt\n|faint|p1a: Iron Hands\n|-end|p1a: Iron Hands|Quark Drive|[silent]\n|-ohko\n|\n|-weather|none\n|upkeep\n|inactive|334sd has 30 seconds left.\n|\n|t:|1683104140\n|switch|p1a: Chi-Yu|Chi-Yu, L50, tera:Grass|91\/100\n|-ability|p1a: Chi-Yu|Beads of Ruin\n|turn|6\n|\n|t:|1683104157\n|switch|p2a: Flutter Mane|Flutter Mane, L50|100\/100\n|move|p2b: Iron Bundle|Protect|p2b: Iron Bundle\n|-singleturn|p2b: Iron Bundle|Protect\n|move|p1b: Flutter Mane|Dazzling Gleam|p2b: Iron Bundle|[spread] p2a\n|-activate|p2b: Iron Bundle|move: Protect\n|-damage|p2a: Flutter Mane|74\/100\n|move|p1a: Chi-Yu|Heat Wave|p2a: Flutter Mane|[spread] p2a\n|-activate|p2b: Iron Bundle|move: Protect\n|-damage|p2a: Flutter Mane|31\/100\n|-damage|p1a: Chi-Yu|81\/100|[from] item: Life Orb\n|\n|upkeep\n|turn|7\n|\n|t:|1683104176\n|-end|p2a: Flutter Mane|Protosynthesis|[silent]\n|switch|p2a: Abomasnow|Abomasnow, L50, M, tera:Water|71\/100\n|-weather|Snow|[from] ability: Snow Warning|[of] p2a: Abomasnow\n|move|p2b: Iron Bundle|Blizzard|p1b: Flutter Mane|[spread] p1a,p1b\n|-supereffective|p1a: Chi-Yu\n|-damage|p1a: Chi-Yu|0 fnt\n|-damage|p1b: Flutter Mane|5\/100\n|faint|p1a: Chi-Yu\n|move|p1b: Flutter Mane|Dazzling Gleam|p2b: Iron Bundle|[spread] p2a,p2b\n|-damage|p2a: Abomasnow|51\/100\n|-damage|p2b: Iron Bundle|66\/100\n|\n|-weather|Snow|[upkeep]\n|upkeep\n|turn|8\n|-message|334sd forfeited.\n|\n|win|Delicia Delight\n|raw|334sd's rating: 1052 → 1035<\/strong> (-17 for losing)\n|raw|Delicia Delight's rating: 1064 → 1093<\/strong> (+29 for winning)\n|l|\u2606334sd\n","uploadtime":1683104200,"views":17,"p1id":"334sd","p2id":"deliciadelight","formatid":"gen9vgc2023regulationc","rating":1035,"private":0,"password":""}