{"id":"gen9vgc2023regulationc-1854842292","p1":"aquaarmor23","p2":"Rockayy","format":"[Gen 9] VGC 2023 Regulation C","log":"|j|\u2606aquaarmor23\n|j|\u2606Rockayy\n|t:|1682872341\n|gametype|doubles\n|player|p1|aquaarmor23|266|\n|player|p2|Rockayy|1|\n|teamsize|p1|6\n|teamsize|p2|6\n|gen|9\n|tier|[Gen 9] VGC 2023 Regulation C\n|rule|Species Clause: Limit one of each Pok\u00e9mon\n|rule|Item Clause: Limit one of each item\n|clearpoke\n|poke|p1|Torkoal, L50, F|\n|poke|p1|Flutter Mane, L50|\n|poke|p1|Lilligant, L50, F|\n|poke|p1|Great Tusk, L50|\n|poke|p1|Iron Hands, L50|\n|poke|p1|Chien-Pao, L50|\n|poke|p2|Amoonguss, L50, M|\n|poke|p2|Salamence, L50, M|\n|poke|p2|Meowscarada, L50, M|\n|poke|p2|Annihilape, L50, F|\n|poke|p2|Kingambit, L50, M|\n|poke|p2|Skeledirge, L50, M|\n|teampreview|4\n|j| awesome10billion\naquaarmor23 has agreed to open team sheets.\n|\n|t:|1682872379\n|start\n|switch|p1a: i like turtles|Torkoal, L50, F|100\/100\n|switch|p1b: kitty|Chien-Pao, L50|100\/100\n|switch|p2a: Annihilape|Annihilape, L50, F|100\/100\n|switch|p2b: Meowscarada|Meowscarada, L50, M|100\/100\n|-ability|p1b: kitty|Sword of Ruin\n|-weather|SunnyDay|[from] ability: Drought|[of] p1a: i like turtles\n|turn|1\n|\n|t:|1682872395\n|move|p1b: kitty|Protect|p1b: kitty\n|-singleturn|p1b: kitty|Protect\n|move|p1a: i like turtles|Protect|p1a: i like turtles\n|-singleturn|p1a: i like turtles|Protect\n|move|p2a: Annihilape|Final Gambit|p1a: i like turtles\n|-activate|p1a: i like turtles|move: Protect\n|move|p2b: Meowscarada|U-turn|p1b: kitty\n|-start|p2b: Meowscarada|typechange|Bug|[from] ability: Protean\n|-activate|p1b: kitty|move: Protect\n|\n|-weather|SunnyDay|[upkeep]\n|upkeep\n|turn|2\n|\n|t:|1682872444\n|move|p2a: Annihilape|Final Gambit|p1a: i like turtles\n|-damage|p1a: i like turtles|0 fnt\n|faint|p2a: Annihilape\n|faint|p1a: i like turtles\n|move|p1b: kitty|Ice Spinner|p2b: Meowscarada\n|-crit|p2b: Meowscarada\n|-enditem|p2b: Meowscarada|Focus Sash\n|-damage|p2b: Meowscarada|1\/100\n|move|p2b: Meowscarada|U-turn|p1b: kitty\n|-supereffective|p1b: kitty\n|-damage|p1b: kitty|11\/100\n|\n|t:|1682872460\n|switch|p2b: Salamence|Salamence, L50, M|100\/100|[from] U-turn\n|-ability|p2b: Salamence|Intimidate|boost\n|-unboost|p1b: kitty|atk|1\n|\n|-weather|SunnyDay|[upkeep]\n|upkeep\n|\n|t:|1682872467\n|switch|p2a: Meowscarada|Meowscarada, L50, M|1\/100\n|switch|p1a: flowey|Lilligant, L50, F|100\/100\n|turn|3\n|\n|t:|1682872504\n|move|p2a: Meowscarada|Protect|p2a: Meowscarada\n|-start|p2a: Meowscarada|typechange|Normal|[from] ability: Protean\n|-singleturn|p2a: Meowscarada|Protect\n|move|p1b: kitty|Sucker Punch||[still]\n|-fail|p1b: kitty\n|move|p1a: flowey|Sleep Powder|p2b: Salamence\n|-status|p2b: Salamence|slp|[from] move: Sleep Powder\n|cant|p2b: Salamence|slp\n|\n|-weather|SunnyDay|[upkeep]\n|upkeep\n|turn|4\n|\n|t:|1682872524\n|move|p1b: kitty|Sucker Punch|p2a: Meowscarada\n|-damage|p2a: Meowscarada|0 fnt\n|faint|p2a: Meowscarada\n|move|p1a: flowey|Sleep Powder|p2b: Salamence|[miss]\n|-miss|p1a: flowey|p2b: Salamence\n|cant|p2b: Salamence|slp\n|\n|-weather|SunnyDay|[upkeep]\n|upkeep\n|\n|t:|1682872532\n|switch|p2a: Skeledirge|Skeledirge, L50, M|100\/100\n|turn|5\n|\n|t:|1682872560\n|-terastallize|p1b: kitty|Dark\n|-terastallize|p2a: Skeledirge|Fairy\n|move|p1a: flowey|Protect|p1a: flowey\n|-singleturn|p1a: flowey|Protect\n|move|p1b: kitty|Sucker Punch|p2a: Skeledirge\n|-resisted|p2a: Skeledirge\n|-damage|p2a: Skeledirge|76\/100\n|cant|p2b: Salamence|slp\n|move|p2a: Skeledirge|Torch Song|p1a: flowey\n|-activate|p1a: flowey|move: Protect\n|\n|-weather|SunnyDay|[upkeep]\n|upkeep\n|turn|6\n|\n|t:|1682872590\n|move|p1a: flowey|Sleep Powder|p2a: Skeledirge\n|-status|p2a: Skeledirge|slp|[from] move: Sleep Powder\n|move|p1b: kitty|Ice Spinner|p2b: Salamence\n|-supereffective|p2b: Salamence\n|-damage|p2b: Salamence|0 fnt\n|faint|p2b: Salamence\n|cant|p2a: Skeledirge|slp\n|\n|-weather|SunnyDay|[upkeep]\n|upkeep\n|turn|7\n|\n|t:|1682872610\n|move|p1a: flowey|Leaf Storm|p2a: Skeledirge\n|-crit|p2a: Skeledirge\n|-damage|p2a: Skeledirge|24\/100 slp\n|-unboost|p1a: flowey|spa|2\n|move|p1b: kitty|Ice Spinner|p2a: Skeledirge\n|-damage|p2a: Skeledirge|0 fnt\n|faint|p2a: Skeledirge\n|\n|win|aquaarmor23\n|c|\u2606Rockayy|ggs\n|c|\u2606aquaarmor23|ggs\n|l|\u2606Rockayy\n|l| awesome10billion\n","uploadtime":1682872668,"views":15,"p1id":"aquaarmor23","p2id":"rockayy","formatid":"gen9vgc2023regulationc","rating":0,"private":0,"password":""}