{"id":"gen9vgc2023regulationc-1861510958","p1":"BossgodoraIII","p2":"dolphinsfan254","format":"[Gen 9] VGC 2023 Regulation C","log":"|j|\u2606BossgodoraIII\n|j|\u2606dolphinsfan254\n|t:|1683766879\n|gametype|doubles\n|player|p1|BossgodoraIII|gentleman-gen4|\n|player|p2|dolphinsfan254|medium|\n|teamsize|p1|6\n|teamsize|p2|6\n|gen|9\n|tier|[Gen 9] VGC 2023 Regulation C\n|rule|Species Clause: Limit one of each Pok\u00e9mon\n|rule|Item Clause: Limit one of each item\n|clearpoke\n|poke|p1|Dondozo, L50, M|\n|poke|p1|Tatsugiri, L50, M|\n|poke|p1|Iron Valiant, L50|\n|poke|p1|Clodsire, L50, M|\n|poke|p1|Drifblim, L50, M|\n|poke|p1|Grimmsnarl, L50, M|\n|poke|p2|Iron Treads, L50|\n|poke|p2|Palafin, L50, F|\n|poke|p2|Salamence, L50, F|\n|poke|p2|Breloom, L50, F|\n|poke|p2|Indeedee, L50, M|\n|poke|p2|Rotom-Fan, L50|\n|teampreview|4\n|c|\u2606BossgodoraIII|glhf\n|c|\u2606dolphinsfan254|g2 - glhf!\ndolphinsfan254 rejected open team sheets.\n|j| sadwithpower\n|j| Onassi2\n|j| Pinapplehead\n|j| WindyEng\n|l| WindyEng\n|j| WindyEng\n|\n|t:|1683767034\n|start\n|switch|p1a: Bubba|Dondozo, L50, M|100\/100\n|switch|p1b: Iron Valiant|Iron Valiant, L50|100\/100\n|switch|p2a: Dolphin|Palafin, L50, F|100\/100\n|switch|p2b: Clicker|Breloom, L50, F|100\/100\n|-enditem|p1b: Iron Valiant|Booster Energy\n|-activate|p1b: Iron Valiant|ability: Quark Drive|[fromitem]\n|-start|p1b: Iron Valiant|quarkdrivespe\n|turn|1\n|\n|t:|1683767135\n|detailschange|p2a: Dolphin|Palafin-Hero, L50, F\n|switch|p2a: Soaring Salamander|Salamence, L50, F|100\/100\n|-ability|p2a: Soaring Salamander|Intimidate|boost\n|-fail|p1a: Bubba|unboost|Attack|[from] ability: Oblivious|[of] p1a: Bubba\n|-unboost|p1b: Iron Valiant|atk|1\n|-terastallize|p1a: Bubba|Grass\n|move|p2b: Clicker|Protect|p2b: Clicker\n|-singleturn|p2b: Clicker|Protect\n|move|p1b: Iron Valiant|Moonblast|p2b: Clicker\n|-activate|p2b: Clicker|move: Protect\n|move|p1a: Bubba|Wave Crash|p2a: Soaring Salamander\n|-resisted|p2a: Soaring Salamander\n|-damage|p2a: Soaring Salamander|68\/100\n|-damage|p1a: Bubba|93\/100|[from] Recoil\n|\n|upkeep\n|turn|2\n|c|\u2606dolphinsfan254|There's the other tera\n|l| Onassi2\n|c|\u2606dolphinsfan254|And not one I wanted to see\n|j| Onassi2\n|c| WindyEng|\u201cBullet seed this!\u201d - Dondozo, probably\n|c|\u2606dolphinsfan254|XD\n|\n|t:|1683767245\n|-terastallize|p2b: Clicker|Steel\n|move|p1b: Iron Valiant|Thunderbolt|p2a: Soaring Salamander\n|-damage|p2a: Soaring Salamander|34\/100\n|move|p2a: Soaring Salamander|Tailwind|p2a: Soaring Salamander\n|-sidestart|p2: dolphinsfan254|move: Tailwind\n|move|p2b: Clicker|Bullet Seed|p1b: Iron Valiant\n|-crit|p1b: Iron Valiant\n|-damage|p1b: Iron Valiant|60\/100\n|-crit|p1b: Iron Valiant\n|-damage|p1b: Iron Valiant|18\/100\n|-damage|p1b: Iron Valiant|0 fnt\n|faint|p1b: Iron Valiant\n|-end|p1b: Iron Valiant|Quark Drive|[silent]\n|-hitcount|p1: Iron Valiant|3\n|move|p1a: Bubba|Wave Crash|p2a: Soaring Salamander\n|-resisted|p2a: Soaring Salamander\n|-damage|p2a: Soaring Salamander|0 fnt\n|faint|p2a: Soaring Salamander\n|-damage|p1a: Bubba|84\/100|[from] Recoil\n|\n|upkeep\n|c| Onassi2|okay you're doping your pokemon\n|c| WindyEng|Drug test that Breloom\n|c|\u2606dolphinsfan254|Well that double crit was a bit silly\n|c|\u2606dolphinsfan254|Good thing it's running scope lens\n|\n|t:|1683767314\n|switch|p1b: Clodsire|Clodsire, L50, M, shiny|100\/100\n|switch|p2a: Dolphin|Palafin-Hero, L50, F|100\/100\n|-activate|p2a: Dolphin|ability: Zero to Hero\n|turn|3\n|c|\u2606BossgodoraIII|oh wow its only turn 3\n|\n|t:|1683767487\n|switch|p2a: Kind Dede|Indeedee, L50, M|100\/100\n|-fieldstart|move: Psychic Terrain|[from] ability: Psychic Surge|[of] p2a: Kind Dede\n|move|p1b: Clodsire|Protect|p1b: Clodsire\n|-singleturn|p1b: Clodsire|Protect\n|move|p2b: Clicker|Spore|p1b: Clodsire\n|-activate|p1b: Clodsire|move: Protect\n|move|p1a: Bubba|Earthquake|p2a: Kind Dede|[spread] p2a,p2b\n|-activate|p1b: Clodsire|move: Protect\n|-supereffective|p2b: Clicker\n|-damage|p2a: Kind Dede|56\/100\n|-damage|p2b: Clicker|29\/100\n|\n|upkeep\n|turn|4\n|l| Pinapplehead\n|j| Pinapplehead\n|\n|t:|1683767549\n|move|p2a: Kind Dede|Protect|p2a: Kind Dede\n|-singleturn|p2a: Kind Dede|Protect\n|move|p2b: Clicker|Spore|p1b: Clodsire\n|-status|p1b: Clodsire|slp|[from] move: Spore\n|move|p1a: Bubba|Wave Crash|p2b: Clicker\n|-damage|p2b: Clicker|0 fnt\n|faint|p2b: Clicker\n|-damage|p1a: Bubba|78\/100|[from] Recoil\n|cant|p1b: Clodsire|slp\n|\n|upkeep\n|\n|t:|1683767559\n|switch|p2b: Dolphin|Palafin-Hero, L50, F|100\/100\n|turn|5\n|\n|t:|1683767601\n|move|p2b: Dolphin|Ice Beam|p1a: Bubba\n|-supereffective|p1a: Bubba\n|-damage|p1a: Bubba|38\/100\n|move|p2a: Kind Dede|Psychic|p1a: Bubba\n|-damage|p1a: Bubba|0 fnt\n|faint|p1a: Bubba\n|cant|p1b: Clodsire|slp\n|\n|-sideend|p2: dolphinsfan254|move: Tailwind\n|upkeep\n|c|\u2606BossgodoraIII|lmao\n|c| Pinapplehead|Wow\n|\n|t:|1683767613\n|switch|p1a: Tatsugiri|Tatsugiri, L50, M|100\/100\n|turn|6\n|c|\u2606BossgodoraIII|can't be mad at that\n|c|\u2606dolphinsfan254|Ice Beam coming in clutch haha\n|c| WindyEng|Ice beam instead of ice punch? Lol\n|c| WindyEng|was that the typo\n|c|\u2606dolphinsfan254|maybe...\n|j| smelio\n|c|\u2606dolphinsfan254|I don't like my odds here\n|c| WindyEng|Maybe your palafin is a mixed attacker\n|l| sadwithpower\n|\n|t:|1683767747\n|move|p2a: Kind Dede|Protect|p2a: Kind Dede\n|-singleturn|p2a: Kind Dede|Protect\n|move|p1a: Tatsugiri|Surf|p2b: Dolphin|[spread] p2b\n|-activate|p2a: Kind Dede|move: Protect\n|-immune|p1b: Clodsire|[from] ability: Water Absorb\n|-resisted|p2b: Dolphin\n|-damage|p2b: Dolphin|82\/100\n|move|p2b: Dolphin|Ice Beam|p1a: Tatsugiri\n|-damage|p1a: Tatsugiri|76\/100\n|-curestatus|p1b: Clodsire|slp|[msg]\n|move|p1b: Clodsire|Toxic|p2b: Dolphin\n|-status|p2b: Dolphin|tox\n|\n|-damage|p2b: Dolphin|76\/100 tox|[from] psn\n|upkeep\n|turn|7\n|c|\u2606dolphinsfan254|Oh I don't like that wake up\n|j| sadwithpower\n|\n|t:|1683767797\n|move|p1a: Tatsugiri|Surf|p2b: Dolphin|[spread] p2a,p2b\n|-immune|p1b: Clodsire|[from] ability: Water Absorb\n|-resisted|p2b: Dolphin\n|-damage|p2a: Kind Dede|17\/100\n|-damage|p2b: Dolphin|56\/100 tox\n|move|p2b: Dolphin|Ice Beam|p1b: Clodsire\n|-supereffective|p1b: Clodsire\n|-damage|p1b: Clodsire|76\/100\n|move|p2a: Kind Dede|Psychic|p1b: Clodsire\n|-supereffective|p1b: Clodsire\n|-damage|p1b: Clodsire|0 fnt\n|faint|p1b: Clodsire\n|\n|-damage|p2b: Dolphin|44\/100 tox|[from] psn\n|-fieldend|move: Psychic Terrain\n|upkeep\n|-enditem|p2b: Dolphin|Sitrus Berry|[eat]\n|-heal|p2b: Dolphin|69\/100 tox|[from] item: Sitrus Berry\n|turn|8\n|\n|t:|1683767841\n|move|p2a: Kind Dede|Protect|p2a: Kind Dede\n|-singleturn|p2a: Kind Dede|Protect\n|move|p1a: Tatsugiri|Surf|p2a: Kind Dede|[spread] p2b\n|-activate|p2a: Kind Dede|move: Protect\n|-resisted|p2b: Dolphin\n|-damage|p2b: Dolphin|50\/100 tox\n|move|p2b: Dolphin|Ice Beam|p1a: Tatsugiri\n|-damage|p1a: Tatsugiri|52\/100\n|\n|-damage|p2b: Dolphin|31\/100 tox|[from] psn\n|upkeep\n|turn|9\n|c| WindyEng|Ice beam might come back to haunt you here\n|c| sadwithpower|Edge of my seat here\n|\n|t:|1683767873\n|move|p2a: Kind Dede|Protect||[still]\n|-fail|p2a: Kind Dede\n|move|p1a: Tatsugiri|Surf|p2b: Dolphin|[spread] p2a,p2b\n|-resisted|p2b: Dolphin\n|-damage|p2a: Kind Dede|0 fnt\n|-damage|p2b: Dolphin|12\/100 tox\n|faint|p2a: Kind Dede\n|move|p2b: Dolphin|Wave Crash|p1a: Tatsugiri\n|-resisted|p1a: Tatsugiri\n|-damage|p1a: Tatsugiri|16\/100\n|-damage|p2b: Dolphin|3\/100 tox|[from] Recoil\n|\n|-damage|p2b: Dolphin|0 fnt|[from] psn\n|faint|p2b: Dolphin\n|\n|win|BossgodoraIII\n|upkeep\n|c|\u2606dolphinsfan254|gg, wp\n|c|\u2606BossgodoraIII|u2\n","uploadtime":1683767887,"views":16,"p1id":"bossgodoraiii","p2id":"dolphinsfan254","formatid":"gen9vgc2023regulationc","rating":0,"private":0,"password":""}