{"id":"gen9vgc2023regulationc-1860623480","p1":"SpaceCityVGC","p2":"SouthCroydonSaurs","format":"[Gen 9] VGC 2023 Regulation C","log":"|j|\u2606SpaceCityVGC\n|j|\u2606SouthCroydonSaurs\n|t:|1683660024\n|gametype|doubles\n|player|p1|SpaceCityVGC|nemona-v|\n|player|p2|SouthCroydonSaurs|266|\n|teamsize|p1|6\n|teamsize|p2|6\n|gen|9\n|tier|[Gen 9] VGC 2023 Regulation C\n|rule|Species Clause: Limit one of each Pok\u00e9mon\n|rule|Item Clause: Limit one of each item\n|clearpoke\n|poke|p1|Annihilape, L50, M|\n|poke|p1|Arcanine, L50, F|\n|poke|p1|Meowscarada, L50, F|\n|poke|p1|Azumarill, L50, F|\n|poke|p1|Klefki, L50, M|\n|poke|p1|Espeon, L50, M|\n|poke|p2|Slowking, L50, M|\n|poke|p2|Tinkaton, L50, F|\n|poke|p2|Murkrow, L50, M|\n|poke|p2|Luxray, L50, F|\n|poke|p2|Amoonguss, L50, F|\n|poke|p2|Baxcalibur, L50, M|\n|teampreview|4\n|c|\u2606SpaceCityVGC|g2\n|j| Kyogre Canucks\n|j| Ciq108\n|c| Kyogre Canucks|glhfily\n|c|\u2606SpaceCityVGC|sorry crizz\n|c|\u2606SpaceCityVGC|glhfily\n|c|\u2606SouthCroydonSaurs|glhf\n|j| Aarontmarshall\n|\n|t:|1683660464\n|start\n|switch|p1a: Playboy Bunny|Azumarill, L50, F|100\/100\n|switch|p1b: Cocomelon|Klefki, L50, M|100\/100\n|switch|p2a: Murkrow|Murkrow, L50, M|100\/100\n|switch|p2b: Luxray|Luxray, L50, F|100\/100\n|turn|1\n|\n|t:|1683660481\n|move|p2a: Murkrow|Tailwind|p2a: Murkrow\n|-sidestart|p2: SouthCroydonSaurs|move: Tailwind\n|move|p1b: Cocomelon|Reflect|p1b: Cocomelon\n|-sidestart|p1: SpaceCityVGC|Reflect\n|move|p2b: Luxray|Wild Charge|p1a: Playboy Bunny\n|-supereffective|p1a: Playboy Bunny\n|-damage|p1a: Playboy Bunny|34\/100\n|-damage|p2b: Luxray|82\/100|[from] Recoil\n|move|p1a: Playboy Bunny|Play Rough|p2a: Murkrow|[miss]\n|-miss|p1a: Playboy Bunny|p2a: Murkrow\n|\n|-status|p2b: Luxray|brn|[from] item: Flame Orb\n|upkeep\n|turn|2\n|c|\u2606SpaceCityVGC|atta boy azu\n|c| Ciq108|Rip\n|c| Kyogre Canucks|:')\n|c|\u2606SpaceCityVGC|neat party trick huh\n|\n|t:|1683660521\n|switch|p2a: Amoonguss|Amoonguss, L50, F|100\/100\n|move|p1a: Playboy Bunny|Aqua Jet|p2b: Luxray\n|-damage|p2b: Luxray|55\/100 brn\n|move|p2b: Luxray|Facade|p1a: Playboy Bunny\n|-damage|p1a: Playboy Bunny|0 fnt\n|faint|p1a: Playboy Bunny\n|move|p1b: Cocomelon|Foul Play|p2b: Luxray\n|-damage|p2b: Luxray|13\/100 brn\n|\n|-damage|p2b: Luxray|7\/100 brn|[from] brn\n|upkeep\n|c| Ciq108|Fiddure had better acc thh\n|c|\u2606SpaceCityVGC|literally lmao\n|\n|t:|1683660535\n|switch|p1a: WoofieVGC|Arcanine, L50, F|100\/100\n|-ability|p1a: WoofieVGC|Intimidate|boost\n|-unboost|p2a: Amoonguss|atk|1\n|-unboost|p2b: Luxray|atk|1\n|turn|3\n|\n|t:|1683660557\n|switch|p2b: Murkrow|Murkrow, L50, M|100\/100\n|switch|p1b: Mucho Angry|Annihilape, L50, M|100\/100\n|move|p1a: WoofieVGC|Howl|p1a: WoofieVGC|[spread] p1a,p1b\n|-boost|p1a: WoofieVGC|atk|1\n|-boost|p1b: Mucho Angry|atk|1\n|move|p2a: Amoonguss|Spore|p1a: WoofieVGC\n|-activate|p1a: WoofieVGC|item: Safety Goggles|Spore\n|\n|upkeep\n|turn|4\n|\n|t:|1683660579\n|move|p2b: Murkrow|Haze|p2b: Murkrow\n|-clearallboost\n|move|p1a: WoofieVGC|Flare Blitz|p2a: Amoonguss\n|-supereffective|p2a: Amoonguss\n|-damage|p2a: Amoonguss|7\/100\n|-damage|p1a: WoofieVGC|65\/100|[from] Recoil\n|move|p1b: Mucho Angry|Bulk Up|p1b: Mucho Angry\n|-boost|p1b: Mucho Angry|atk|1\n|-boost|p1b: Mucho Angry|def|1\n|move|p2a: Amoonguss|Spore|p1b: Mucho Angry\n|-status|p1b: Mucho Angry|slp|[from] move: Spore\n|-enditem|p1b: Mucho Angry|Lum Berry|[eat]\n|-curestatus|p1b: Mucho Angry|slp|[msg]\n|\n|-sideend|p2: SouthCroydonSaurs|move: Tailwind\n|upkeep\n|turn|5\n|\n|t:|1683660611\n|switch|p2a: Baxcalibur|Baxcalibur, L50, M|100\/100\n|move|p1a: WoofieVGC|Extreme Speed|p2a: Baxcalibur\n|-damage|p2a: Baxcalibur|83\/100\n|move|p2b: Murkrow|Tailwind|p2b: Murkrow\n|-sidestart|p2: SouthCroydonSaurs|move: Tailwind\n|move|p1b: Mucho Angry|Drain Punch|p2b: Murkrow\n|-enditem|p2b: Murkrow|Focus Sash\n|-damage|p2b: Murkrow|1\/100\n|\n|upkeep\n|turn|6\n|j| EncoreVGC\n|\n|t:|1683660660\n|move|p1a: WoofieVGC|Extreme Speed|p2b: Murkrow\n|-damage|p2b: Murkrow|0 fnt\n|faint|p2b: Murkrow\n|move|p2a: Baxcalibur|Glaive Rush|p1a: WoofieVGC\n|-damage|p1a: WoofieVGC|11\/100\n|-singlemove|p2a: Baxcalibur|Glaive Rush|[silent]\n|move|p1b: Mucho Angry|Drain Punch|p2a: Baxcalibur\n|-supereffective|p2a: Baxcalibur\n|-damage|p2a: Baxcalibur|0 fnt\n|faint|p2a: Baxcalibur\n|\n|upkeep\n|\n|t:|1683660671\n|switch|p2b: Amoonguss|Amoonguss, L50, F|7\/100\n|switch|p2a: Luxray|Luxray, L50, F|7\/100 brn\n|turn|7\n|\n|t:|1683660689\n|move|p2a: Luxray|Protect|p2a: Luxray\n|-singleturn|p2a: Luxray|Protect\n|move|p1a: WoofieVGC|Extreme Speed|p2b: Amoonguss\n|-damage|p2b: Amoonguss|0 fnt\n|faint|p2b: Amoonguss\n|move|p1b: Mucho Angry|Drain Punch|p2a: Luxray\n|-activate|p2a: Luxray|move: Protect\n|\n|-damage|p2a: Luxray|2\/100 brn|[from] brn\n|upkeep\n|turn|8\n|\n|t:|1683660699\n|move|p1a: WoofieVGC|Extreme Speed|p2a: Luxray\n|-damage|p2a: Luxray|0 fnt\n|faint|p2a: Luxray\n|\n|win|SpaceCityVGC\n|c|\u2606SouthCroydonSaurs|ggs\n|l| Ciq108\n|c|\u2606SpaceCityVGC|ggs\n|l|\u2606SouthCroydonSaurs\n","uploadtime":1683660713,"views":22,"p1id":"spacecityvgc","p2id":"southcroydonsaurs","formatid":"gen9vgc2023regulationc","rating":0,"private":0,"password":""}