{"id":"gen9vgc2023regulationc-1864035402","p1":"Ace Trainer Jay 11","p2":"zach_1717","format":"[Gen 9] VGC 2023 Regulation C","log":"|j|\u2606Ace Trainer Jay 11\n|j|\u2606zach_1717\n|t:|1684108371\n|gametype|doubles\n|player|p1|Ace Trainer Jay 11|lucas|1103\n|player|p2|zach_1717|ruinmaniac|1191\n|teamsize|p1|6\n|teamsize|p2|6\n|gen|9\n|tier|[Gen 9] VGC 2023 Regulation C\n|rated|\n|rule|Species Clause: Limit one of each Pok\u00e9mon\n|rule|Item Clause: Limit one of each item\n|clearpoke\n|poke|p1|Arcanine, L50, M|\n|poke|p1|Palafin, L50, M|\n|poke|p1|Amoonguss, L50, M|\n|poke|p1|Flutter Mane, L50|\n|poke|p1|Ting-Lu, L50|\n|poke|p1|Chien-Pao, L50|\n|poke|p2|Garganacl, L50, F|\n|poke|p2|Abomasnow, L50, F|\n|poke|p2|Kingambit, L50, F|\n|poke|p2|Iron Bundle, L50|\n|poke|p2|Flutter Mane, L50|\n|poke|p2|Chi-Yu, L50|\n|teampreview|4\n|inactive|Battle timer is ON: inactive players will automatically lose when time's up. (requested by Ace Trainer Jay 11)\n|\n|t:|1684108399\n|start\n|switch|p1a: Palafin|Palafin, L50, M|100\/100\n|switch|p1b: Chien-Pao|Chien-Pao, L50|100\/100\n|switch|p2a: Iron Bundle|Iron Bundle, L50|100\/100\n|switch|p2b: Abomasnow|Abomasnow, L50, F|100\/100\n|-ability|p1b: Chien-Pao|Sword of Ruin\n|-weather|Snow|[from] ability: Snow Warning|[of] p2b: Abomasnow\n|turn|1\n|inactive|zach_1717 has 30 seconds left.\n|\n|t:|1684108427\n|detailschange|p1a: Palafin|Palafin-Hero, L50, M\n|switch|p1a: Ting-Lu|Ting-Lu, L50|100\/100\n|-ability|p1a: Ting-Lu|Vessel of Ruin\n|-terastallize|p2b: Abomasnow|Water\n|move|p2a: Iron Bundle|Aurora Veil|p2a: Iron Bundle\n|-sidestart|p2: zach_1717|move: Aurora Veil\n|move|p1b: Chien-Pao|Sacred Sword|p2b: Abomasnow\n|-damage|p2b: Abomasnow|72\/100\n|move|p2b: Abomasnow|Tera Blast|p1a: Ting-Lu\n|-supereffective|p1a: Ting-Lu\n|-damage|p1a: Ting-Lu|71\/100\n|-damage|p2b: Abomasnow|63\/100|[from] item: Life Orb\n|\n|-weather|Snow|[upkeep]\n|upkeep\n|turn|2\n|\n|t:|1684108444\n|move|p1b: Chien-Pao|Protect|p1b: Chien-Pao\n|-singleturn|p1b: Chien-Pao|Protect\n|move|p2a: Iron Bundle|Blizzard|p1b: Chien-Pao|[spread] p1a\n|-activate|p1b: Chien-Pao|move: Protect\n|-supereffective|p1a: Ting-Lu\n|-damage|p1a: Ting-Lu|46\/100\n|move|p2b: Abomasnow|Blizzard|p1b: Chien-Pao|[spread] p1a\n|-activate|p1b: Chien-Pao|move: Protect\n|-supereffective|p1a: Ting-Lu\n|-damage|p1a: Ting-Lu|17\/100\n|-damage|p2b: Abomasnow|53\/100|[from] item: Life Orb\n|move|p1a: Ting-Lu|Earthquake|p2a: Iron Bundle|[spread] p2a,p2b\n|-activate|p1b: Chien-Pao|move: Protect\n|-crit|p2b: Abomasnow\n|-damage|p2a: Iron Bundle|77\/100\n|-damage|p2b: Abomasnow|0 fnt\n|faint|p2b: Abomasnow\n|\n|-weather|Snow|[upkeep]\n|upkeep\n|\n|t:|1684108460\n|switch|p2b: Chi-Yu|Chi-Yu, L50|100\/100\n|-ability|p2b: Chi-Yu|Beads of Ruin\n|turn|3\n|\n|t:|1684108474\n|move|p2b: Chi-Yu|Heat Wave|p1b: Chien-Pao|[spread] p1a,p1b\n|-supereffective|p1b: Chien-Pao\n|-damage|p1a: Ting-Lu|0 fnt\n|-enditem|p1b: Chien-Pao|Focus Sash\n|-damage|p1b: Chien-Pao|1\/100\n|faint|p1a: Ting-Lu\n|move|p2a: Iron Bundle|Blizzard|p1b: Chien-Pao\n|-resisted|p1b: Chien-Pao\n|-damage|p1b: Chien-Pao|0 fnt\n|faint|p1b: Chien-Pao\n|\n|-weather|Snow|[upkeep]\n|upkeep\n|\n|t:|1684108479\n|switch|p1b: Amoonguss|Amoonguss, L50, M|100\/100\n|switch|p1a: Palafin|Palafin-Hero, L50, M|100\/100\n|-activate|p1a: Palafin|ability: Zero to Hero\n|turn|4\n|\n|t:|1684108491\n|-terastallize|p1a: Palafin|Water\n|move|p1a: Palafin|Jet Punch|p2b: Chi-Yu\n|-supereffective|p2b: Chi-Yu\n|-damage|p2b: Chi-Yu|0 fnt\n|faint|p2b: Chi-Yu\n|move|p2a: Iron Bundle|Blizzard|p1a: Palafin|[spread] p1a,p1b\n|-resisted|p1a: Palafin\n|-supereffective|p1b: Amoonguss\n|-damage|p1a: Palafin|82\/100\n|-damage|p1b: Amoonguss|41\/100\n|move|p1b: Amoonguss|Pollen Puff|p2a: Iron Bundle\n|-damage|p2a: Iron Bundle|56\/100\n|\n|-weather|Snow|[upkeep]\n|upkeep\n|\n|t:|1684108495\n|switch|p2b: Kingambit|Kingambit, L50, F|100\/100\n|turn|5\n|\n|t:|1684108508\n|move|p1b: Amoonguss|Rage Powder|p1b: Amoonguss\n|-singleturn|p1b: Amoonguss|move: Rage Powder\n|move|p2a: Iron Bundle|Blizzard|p1b: Amoonguss|[spread] p1a,p1b\n|-resisted|p1a: Palafin\n|-crit|p1a: Palafin\n|-supereffective|p1b: Amoonguss\n|-damage|p1a: Palafin|55\/100\n|-damage|p1b: Amoonguss|0 fnt\n|-status|p1a: Palafin|frz\n|faint|p1b: Amoonguss\n|cant|p1a: Palafin|frz\n|move|p2b: Kingambit|Kowtow Cleave|p1a: Palafin\n|-damage|p1a: Palafin|12\/100 frz\n|\n|-weather|none\n|upkeep\n|turn|6\n|\n|t:|1684108524\n|-curestatus|p1a: Palafin|frz|[msg]\n|move|p1a: Palafin|Protect|p1a: Palafin\n|-singleturn|p1a: Palafin|Protect\n|move|p2a: Iron Bundle|Hydro Pump|p1a: Palafin\n|-activate|p1a: Palafin|move: Protect\n|move|p2b: Kingambit|Kowtow Cleave|p1a: Palafin\n|-activate|p1a: Palafin|move: Protect\n|\n|upkeep\n|turn|7\n|inactive|Ace Trainer Jay 11 has 30 seconds left.\n|\n|t:|1684108550\n|move|p2a: Iron Bundle|Hydro Pump|p1a: Palafin\n|-resisted|p1a: Palafin\n|-damage|p1a: Palafin|0 fnt\n|faint|p1a: Palafin\n|\n|win|zach_1717\n|raw|Ace Trainer Jay 11's rating: 1103 → 1084<\/strong> (-19 for losing)\n|raw|zach_1717's rating: 1191 → 1210<\/strong> (+19 for winning)\n","uploadtime":1684108564,"views":11,"p1id":"acetrainerjay11","p2id":"zach1717","formatid":"gen9vgc2023regulationc","rating":1084,"private":0,"password":""}