{"id":"gen9vgc2023regulationc-1861258738","p1":"Topperlecat","p2":"Draxolotl","format":"[Gen 9] VGC 2023 Regulation C","log":"|j|\u2606Topperlecat\n|j|\u2606Draxolotl\n|t:|1683740223\n|gametype|doubles\n|player|p1|Topperlecat|n|\n|player|p2|Draxolotl|iris-gen5bw2|\n|teamsize|p1|6\n|teamsize|p2|6\n|gen|9\n|tier|[Gen 9] VGC 2023 Regulation C\n|rule|Species Clause: Limit one of each Pok\u00e9mon\n|rule|Item Clause: Limit one of each item\n|clearpoke\n|poke|p1|Corviknight, L50, M|\n|poke|p1|Garchomp, L50, M|\n|poke|p1|Mimikyu, L50, M|\n|poke|p1|Maushold, L50|\n|poke|p1|Chien-Pao, L50|\n|poke|p1|Tyranitar, L50, M|\n|poke|p2|Gastrodon, L50, F|\n|poke|p2|Ceruledge, L50, F|\n|poke|p2|Amoonguss, L50, F|\n|poke|p2|Farigiraf, L50, F|\n|poke|p2|Hatterene, L50, F|\n|poke|p2|Iron Hands, L50|\n|teampreview|4\n|inactive|Battle timer is ON: inactive players will automatically lose when time's up. (requested by Draxolotl)\n|c|\u2606Draxolotl|glhf\nTopperlecat has agreed to open team sheets.\nDraxolotl has agreed to open team sheets.\n|c|\u2606Topperlecat|Glhf\n|inactive|Topperlecat has 60 seconds left.\n|inactive|Draxolotl has 60 seconds left.\n|inactive|Topperlecat has 30 seconds left.\n|inactive|Topperlecat has 20 seconds left.\n|\n|t:|1683740295\n|start\n|switch|p1a: bob|Tyranitar, L50, M|100\/100\n|switch|p1b: Mimikyu|Mimikyu, L50, M|100\/100\n|switch|p2a: Farigiraf|Farigiraf, L50, F|100\/100\n|switch|p2b: Iron Hands|Iron Hands, L50|100\/100\n|-weather|Sandstorm|[from] ability: Sand Stream|[of] p1a: bob\n|turn|1\n|\n|t:|1683740307\n|switch|p1a: the biggest bird|Corviknight, L50, M|100\/100\n|move|p2b: Iron Hands|Fake Out|p1a: the biggest bird\n|-resisted|p1a: the biggest bird\n|-damage|p1a: the biggest bird|96\/100\n|move|p1b: Mimikyu|Swords Dance|p1b: Mimikyu\n|-boost|p1b: Mimikyu|atk|2\n|move|p2a: Farigiraf|Trick Room|p2a: Farigiraf\n|-fieldstart|move: Trick Room|[of] p2a: Farigiraf\n|\n|-weather|Sandstorm|[upkeep]\n|-damage|p2b: Iron Hands|94\/100|[from] Sandstorm\n|-damage|p1b: Mimikyu|94\/100|[from] Sandstorm\n|upkeep\n|turn|2\n|\n|t:|1683740325\n|move|p2a: Farigiraf|Psyshock|p1b: Mimikyu\n|-activate|p1b: Mimikyu|ability: Disguise\n|-damage|p1b: Mimikyu|94\/100\n|detailschange|p1b: Mimikyu|Mimikyu-Busted, L50, M\n|-damage|p1b: Mimikyu|82\/100|[from] pokemon: Mimikyu-Busted\n|move|p2b: Iron Hands|Heavy Slam|p1b: Mimikyu\n|-supereffective|p1b: Mimikyu\n|-damage|p1b: Mimikyu|0 fnt\n|faint|p1b: Mimikyu\n|move|p1a: the biggest bird|Brave Bird|p2a: Farigiraf\n|-damage|p2a: Farigiraf|54\/100\n|-damage|p1a: the biggest bird|79\/100|[from] Recoil\n|\n|-weather|Sandstorm|[upkeep]\n|-damage|p2b: Iron Hands|88\/100|[from] Sandstorm\n|upkeep\n|\n|t:|1683740336\n|switch|p1b: bob|Tyranitar, L50, M|100\/100\n|turn|3\n|\n|t:|1683740359\n|switch|p2a: Hatterene|Hatterene, L50, F|100\/100\n|move|p1b: bob|Crunch|p2a: Hatterene\n|-damage|p2a: Hatterene|56\/100\n|-unboost|p2a: Hatterene|def|1\n|move|p2b: Iron Hands|Wild Charge|p1b: bob\n|-crit|p1b: bob\n|-damage|p1b: bob|33\/100\n|-damage|p2b: Iron Hands|74\/100|[from] Recoil\n|move|p1a: the biggest bird|Brave Bird|p2b: Iron Hands\n|-crit|p2b: Iron Hands\n|-damage|p2b: Iron Hands|31\/100\n|-damage|p1a: the biggest bird|61\/100|[from] Recoil\n|\n|-weather|Sandstorm|[upkeep]\n|-damage|p2a: Hatterene|50\/100|[from] Sandstorm\n|-damage|p2b: Iron Hands|25\/100|[from] Sandstorm\n|upkeep\n|turn|4\n|c|\u2606Draxolotl|:O\n|c|\u2606Topperlecat|LOL\n|c|\u2606Topperlecat|the good old\n|inactive|Topperlecat has 30 seconds left.\n|inactive|Draxolotl has 30 seconds left.\n|inactive|Topperlecat has 20 seconds left.\n|c|\u2606Topperlecat|Topperlecat very good RNG into draxolotl but no one else coming in clutch there\n|inactive|Topperlecat has 15 seconds left.\n|inactive|Topperlecat has 10 seconds left.\n|inactive|Draxolotl has 20 seconds left.\n|\n|t:|1683740407\n|switch|p2a: Farigiraf|Farigiraf, L50, F|54\/100\n|move|p1b: bob|Rock Slide|p2a: Farigiraf|[spread] p2a,p2b\n|-resisted|p2b: Iron Hands\n|-damage|p2a: Farigiraf|24\/100\n|-damage|p2b: Iron Hands|14\/100\n|move|p2b: Iron Hands|Wild Charge|p1a: the biggest bird\n|-supereffective|p1a: the biggest bird\n|-damage|p1a: the biggest bird|0 fnt\n|faint|p1a: the biggest bird\n|-damage|p2b: Iron Hands|1\/100|[from] Recoil\n|\n|-weather|Sandstorm|[upkeep]\n|-damage|p2b: Iron Hands|0 fnt|[from] Sandstorm\n|faint|p2b: Iron Hands\n|-end|p2b: Iron Hands|Quark Drive|[silent]\n|upkeep\n|c|\u2606Draxolotl|yup\n|c|\u2606Draxolotl|yes\n|c|\u2606Draxolotl|good play from me\n|\n|t:|1683740424\n|switch|p2b: Hatterene|Hatterene, L50, F|50\/100\n|switch|p1a: Chien-Pao|Chien-Pao, L50|100\/100\n|-ability|p1a: Chien-Pao|Sword of Ruin\n|turn|5\n|\n|t:|1683740431\n|-terastallize|p2a: Farigiraf|Fighting\n|move|p1a: Chien-Pao|Sucker Punch||[still]\n|cant|p2a: Farigiraf|ability: Armor Tail|Sucker Punch|[of] p1a: Chien-Pao\n|move|p2b: Hatterene|Dazzling Gleam|p1b: bob|[spread] p1a,p1b\n|-supereffective|p1a: Chien-Pao\n|-supereffective|p1b: bob\n|-enditem|p1a: Chien-Pao|Focus Sash\n|-damage|p1a: Chien-Pao|1\/100\n|-damage|p1b: bob|1\/100\n|-damage|p2b: Hatterene|40\/100|[from] item: Life Orb\n|move|p2a: Farigiraf|Tera Blast|p1a: Chien-Pao\n|-supereffective|p1a: Chien-Pao\n|-damage|p1a: Chien-Pao|0 fnt\n|faint|p1a: Chien-Pao\n|move|p1b: bob|Rock Slide|p2b: Hatterene|[spread] p2a,p2b\n|-resisted|p2a: Farigiraf\n|-crit|p2a: Farigiraf\n|-damage|p2a: Farigiraf|2\/100\n|-damage|p2b: Hatterene|7\/100\n|\n|-weather|none\n|-fieldend|move: Trick Room\n|upkeep\n|turn|6\n|c|\u2606Draxolotl|gg wp\n|c|\u2606Draxolotl|ANOTHER\n|c|\u2606Topperlecat|gg\n|\n|t:|1683740453\n|-terastallize|p1b: bob|Flying\n|move|p1b: bob|Rock Slide|p2a: Farigiraf|[spread] p2a,p2b\n|-resisted|p2a: Farigiraf\n|-damage|p2a: Farigiraf|0 fnt\n|-damage|p2b: Hatterene|0 fnt\n|faint|p2a: Farigiraf\n|faint|p2b: Hatterene\n|\n|upkeep\n|c|\u2606Topperlecat|OH\n|\n|t:|1683740461\n|switch|p2a: Amoonguss|Amoonguss, L50, F|100\/100\n|turn|7\n|c|\u2606Topperlecat|CLUTCH\n|\n|t:|1683740469\n|move|p1b: bob|Tera Blast|p2a: Amoonguss\n|-supereffective|p2a: Amoonguss\n|-damage|p2a: Amoonguss|29\/100\n|move|p2a: Amoonguss|Pollen Puff|p1b: bob\n|-resisted|p1b: bob\n|-damage|p1b: bob|0 fnt\n|faint|p1b: bob\n|\n|win|Draxolotl\n|c|\u2606Draxolotl|if that had crit\n|c|\u2606Topperlecat|I should've gone for rock slide flinches\n|c|\u2606Draxolotl|ye\n","uploadtime":1683740493,"views":12,"p1id":"topperlecat","p2id":"draxolotl","formatid":"gen9vgc2023regulationc","rating":0,"private":0,"password":""}