{"id":"gen9vgc2023regulationc-1848798232","p1":"Kodora","p2":"AsaBear","format":"[Gen 9] VGC 2023 Regulation C","log":"|j|\u203dKodora\n|j|\u2606AsaBear\n|t:|1682111503\n|gametype|doubles\n|player|p1|Kodora|169|1390\n|player|p2|AsaBear|iono|1390\n|teamsize|p1|6\n|teamsize|p2|6\n|gen|9\n|tier|[Gen 9] VGC 2023 Regulation C\n|rated|\n|rule|Species Clause: Limit one of each Pok\u00e9mon\n|rule|Item Clause: Limit one of each item\n|clearpoke\n|poke|p1|Murkrow, L50, F|\n|poke|p1|Iron Bundle, L50|\n|poke|p1|Chi-Yu, L50|\n|poke|p1|Great Tusk, L50|\n|poke|p1|Flutter Mane, L50|\n|poke|p1|Farigiraf, L50, M|\n|poke|p2|Palafin, L50, F|\n|poke|p2|Chien-Pao, L50|\n|poke|p2|Flutter Mane, L50|\n|poke|p2|Amoonguss, L50, F|\n|poke|p2|Arcanine, L50, M|\n|poke|p2|Roaring Moon, L50|\n|teampreview|4\nKodora has agreed to open team sheets.\nAsaBear has agreed to open team sheets.\n|inactive|Battle timer is ON: inactive players will automatically lose when time's up. (requested by Kodora)\n|\n|t:|1682111556\n|start\n|switch|p1a: Murkrow|Murkrow, L50, F|100\/100\n|switch|p1b: Chi-Yu|Chi-Yu, L50|100\/100\n|switch|p2a: Roaring Moon|Roaring Moon, L50|100\/100\n|switch|p2b: Palafin|Palafin, L50, F|100\/100\n|-ability|p1b: Chi-Yu|Beads of Ruin\n|-enditem|p2a: Roaring Moon|Booster Energy\n|-activate|p2a: Roaring Moon|ability: Protosynthesis|[fromitem]\n|-start|p2a: Roaring Moon|protosynthesisatk\n|turn|1\n|inactive|AsaBear has 30 seconds left.\n|inactive|AsaBear has 20 seconds left.\n|inactive|AsaBear has 15 seconds left.\n|\n|t:|1682111599\n|move|p1b: Chi-Yu|Protect|p1b: Chi-Yu\n|-singleturn|p1b: Chi-Yu|Protect\n|move|p1a: Murkrow|Tailwind|p1a: Murkrow\n|-sidestart|p1: Kodora|move: Tailwind\n|move|p2a: Roaring Moon|Acrobatics|p1b: Chi-Yu\n|-activate|p1b: Chi-Yu|move: Protect\n|move|p2b: Palafin|Wave Crash|p1b: Chi-Yu\n|-activate|p1b: Chi-Yu|move: Protect\n|\n|upkeep\n|turn|2\n|inactive|AsaBear has 30 seconds left.\n|\n|t:|1682111632\n|detailschange|p2b: Palafin|Palafin-Hero, L50, F\n|switch|p2b: Amoonguss|Amoonguss, L50, F|100\/100\n|-terastallize|p1b: Chi-Yu|Grass\n|move|p1b: Chi-Yu|Heat Wave|p2a: Roaring Moon|[spread] p2a,p2b\n|-resisted|p2a: Roaring Moon\n|-supereffective|p2b: Amoonguss\n|-damage|p2a: Roaring Moon|71\/100\n|-damage|p2b: Amoonguss|0 fnt\n|faint|p2b: Amoonguss\n|-damage|p1b: Chi-Yu|91\/100|[from] item: Life Orb\n|move|p1a: Murkrow|Foul Play|p2a: Roaring Moon\n|-resisted|p2a: Roaring Moon\n|-damage|p2a: Roaring Moon|38\/100\n|move|p2a: Roaring Moon|Acrobatics|p1b: Chi-Yu\n|-supereffective|p1b: Chi-Yu\n|-damage|p1b: Chi-Yu|0 fnt\n|faint|p1b: Chi-Yu\n|\n|upkeep\n|inactive|Kodora has 30 seconds left.\n|\n|t:|1682111659\n|switch|p1b: Flutter Mane|Flutter Mane, L50|100\/100\n|switch|p2b: Palafin|Palafin-Hero, L50, F|100\/100\n|-activate|p2b: Palafin|ability: Zero to Hero\n|turn|3\n|\n|t:|1682111680\n|-terastallize|p2b: Palafin|Water\n|move|p1a: Murkrow|Sunny Day|p1a: Murkrow\n|-weather|SunnyDay\n|-activate|p1b: Flutter Mane|ability: Protosynthesis\n|-start|p1b: Flutter Mane|protosynthesisspa\n|move|p2b: Palafin|Jet Punch|p1b: Flutter Mane\n|-damage|p1b: Flutter Mane|57\/100\n|move|p1b: Flutter Mane|Dazzling Gleam|p2a: Roaring Moon|[spread] p2a,p2b\n|-supereffective|p2a: Roaring Moon\n|-damage|p2a: Roaring Moon|0 fnt\n|-damage|p2b: Palafin|45\/100\n|faint|p2a: Roaring Moon\n|-end|p2a: Roaring Moon|Protosynthesis|[silent]\n|\n|-weather|SunnyDay|[upkeep]\n|upkeep\n|\n|t:|1682111690\n|switch|p2a: Flutter Mane|Flutter Mane, L50|100\/100\n|-activate|p2a: Flutter Mane|ability: Protosynthesis\n|-start|p2a: Flutter Mane|protosynthesisspa\n|turn|4\n|\n|t:|1682111704\n|switch|p1a: Farigiraf|Farigiraf, L50, M|100\/100\n|move|p2b: Palafin|Protect|p2b: Palafin\n|-singleturn|p2b: Palafin|Protect\n|move|p1b: Flutter Mane|Dazzling Gleam|p2a: Flutter Mane|[spread] p2a\n|-activate|p2b: Palafin|move: Protect\n|-damage|p2a: Flutter Mane|49\/100\n|move|p2a: Flutter Mane|Dazzling Gleam|p1b: Flutter Mane|[spread] p1a,p1b\n|-damage|p1a: Farigiraf|36\/100\n|-damage|p1b: Flutter Mane|0 fnt\n|faint|p1b: Flutter Mane\n|-end|p1b: Flutter Mane|Protosynthesis|[silent]\n|\n|-weather|SunnyDay|[upkeep]\n|-sideend|p1: Kodora|move: Tailwind\n|upkeep\n|\n|t:|1682111722\n|switch|p1b: Murkrow|Murkrow, L50, F|100\/100\n|turn|5\n|\n|t:|1682111732\n|move|p1b: Murkrow|Tailwind|p1b: Murkrow\n|-sidestart|p1: Kodora|move: Tailwind\n|move|p2a: Flutter Mane|Dazzling Gleam|p1b: Murkrow|[spread] p1a,p1b\n|-supereffective|p1b: Murkrow\n|-damage|p1a: Farigiraf|0 fnt\n|-damage|p1b: Murkrow|0 fnt\n|faint|p1a: Farigiraf\n|faint|p1b: Murkrow\n|\n|win|AsaBear\n|raw|Kodora's rating: 1366 → 1347<\/strong> (-19 for losing)\n|raw|AsaBear's rating: 1390 → 1409<\/strong> (+19 for winning)\n","uploadtime":1682111751,"views":12,"p1id":"kodora","p2id":"asabear","formatid":"gen9vgc2023regulationc","rating":1347,"private":0,"password":""}