{"id":"gen9vgc2023regulationc-1860524844","p1":"NRG_SRI","p2":"fonzee3000","format":"[Gen 9] VGC 2023 Regulation C","log":"|j|\u203dNRG_SRI\n|j|\u2606fonzee3000\n|t:|1683651593\n|gametype|doubles\n|player|p1|NRG_SRI|102|1365\n|player|p2|fonzee3000|brycenman|1333\n|teamsize|p1|6\n|teamsize|p2|6\n|gen|9\n|tier|[Gen 9] VGC 2023 Regulation C\n|rated|\n|rule|Species Clause: Limit one of each Pok\u00e9mon\n|rule|Item Clause: Limit one of each item\n|clearpoke\n|poke|p1|Gothitelle, L50, M|\n|poke|p1|Iron Hands, L50|\n|poke|p1|Chi-Yu, L50|\n|poke|p1|Gyarados, L50, M|\n|poke|p1|Amoonguss, L50, M|\n|poke|p1|Flutter Mane, L50|\n|poke|p2|Ting-Lu, L50|\n|poke|p2|Amoonguss, L50, M|\n|poke|p2|Arcanine, L50, F|\n|poke|p2|Flutter Mane, L50|\n|poke|p2|Palafin, L50, F|\n|poke|p2|Baxcalibur, L50, F|\n|teampreview|4\n|inactive|Battle timer is ON: inactive players will automatically lose when time's up. (requested by NRG_SRI)\nfonzee3000 has agreed to open team sheets.\nNRG_SRI has agreed to open team sheets.\n|inactive|NRG_SRI has 60 seconds left.\n|inactive|fonzee3000 has 60 seconds left.\n|\n|t:|1683651653\n|start\n|switch|p1a: Gyarados|Gyarados, L50, M|100\/100\n|switch|p1b: Flutter Mane|Flutter Mane, L50|100\/100\n|switch|p2a: Arcanine|Arcanine, L50, F, shiny|100\/100\n|switch|p2b: Palafin|Palafin, L50, F, shiny|100\/100\n|-ability|p2a: Arcanine|Intimidate|boost\n|-unboost|p1a: Gyarados|atk|1\n|-unboost|p1b: Flutter Mane|atk|1\n|-ability|p1a: Gyarados|Intimidate|boost\n|-unboost|p2a: Arcanine|atk|1\n|-unboost|p2b: Palafin|atk|1\n|-enditem|p1b: Flutter Mane|Booster Energy\n|-activate|p1b: Flutter Mane|ability: Protosynthesis|[fromitem]\n|-start|p1b: Flutter Mane|protosynthesisspe\n|turn|1\n|inactive|fonzee3000 has 30 seconds left.\n|inactive|fonzee3000 has 20 seconds left.\n|\n|t:|1683651691\n|detailschange|p2b: Palafin|Palafin-Hero, L50, F, shiny\n|switch|p2b: Ting-Lu|Ting-Lu, L50|100\/100\n|-ability|p2b: Ting-Lu|Vessel of Ruin\n|switch|p1a: Gothitelle|Gothitelle, L50, M|100\/100\n|move|p1b: Flutter Mane|Perish Song|p1b: Flutter Mane\n|-start|p1a: Gothitelle|perish3|[silent]\n|-start|p1b: Flutter Mane|perish3|[silent]\n|-start|p2a: Arcanine|perish3|[silent]\n|-start|p2b: Ting-Lu|perish3|[silent]\n|-fieldactivate|move: Perish Song\n|move|p2a: Arcanine|Flare Blitz|p1b: Flutter Mane\n|-damage|p1b: Flutter Mane|35\/100\n|-damage|p2a: Arcanine|85\/100|[from] Recoil\n|\n|-start|p1b: Flutter Mane|perish3\n|-start|p2a: Arcanine|perish3\n|-start|p1a: Gothitelle|perish3\n|-start|p2b: Ting-Lu|perish3\n|upkeep\n|turn|2\n|inactive|fonzee3000 has 30 seconds left.\n|\n|t:|1683651725\n|-end|p1b: Flutter Mane|Protosynthesis|[silent]\n|switch|p1b: Gyarados|Gyarados, L50, M|100\/100\n|-ability|p1b: Gyarados|Intimidate|boost\n|-unboost|p2a: Arcanine|atk|1\n|-unboost|p2b: Ting-Lu|atk|1\n|move|p2a: Arcanine|Protect|p2a: Arcanine\n|-singleturn|p2a: Arcanine|Protect\n|move|p1a: Gothitelle|Fake Out|p2b: Ting-Lu\n|-damage|p2b: Ting-Lu|97\/100\n|cant|p2b: Ting-Lu|flinch\n|\n|-start|p2a: Arcanine|perish2\n|-start|p1a: Gothitelle|perish2\n|-start|p2b: Ting-Lu|perish2\n|upkeep\n|turn|3\n|\n|t:|1683651748\n|move|p1a: Gothitelle|Protect|p1a: Gothitelle\n|-singleturn|p1a: Gothitelle|Protect\n|move|p2a: Arcanine|Flare Blitz|p1a: Gothitelle\n|-activate|p1a: Gothitelle|move: Protect\n|move|p1b: Gyarados|Taunt|p2a: Arcanine\n|-start|p2a: Arcanine|move: Taunt\n|move|p2b: Ting-Lu|Heavy Slam|p1a: Gothitelle\n|-activate|p1a: Gothitelle|move: Protect\n|\n|-start|p2a: Arcanine|perish1\n|-start|p1a: Gothitelle|perish1\n|-start|p2b: Ting-Lu|perish1\n|upkeep\n|turn|4\n|inactive|NRG_SRI has 30 seconds left.\n|\n|t:|1683651782\n|switch|p1a: Amoonguss|Amoonguss, L50, M|100\/100\n|move|p2a: Arcanine|Extreme Speed|p1b: Gyarados\n|-crit|p1b: Gyarados\n|-damage|p1b: Gyarados|68\/100\n|move|p1b: Gyarados|Waterfall|p2a: Arcanine\n|-supereffective|p2a: Arcanine\n|-damage|p2a: Arcanine|16\/100\n|move|p2b: Ting-Lu|Ruination|p1a: Amoonguss\n|-damage|p1a: Amoonguss|50\/100\n|-enditem|p1a: Amoonguss|Sitrus Berry|[eat]\n|-heal|p1a: Amoonguss|75\/100|[from] item: Sitrus Berry\n|\n|-start|p2a: Arcanine|perish0\n|-start|p2b: Ting-Lu|perish0\n|upkeep\n|faint|p2a: Arcanine\n|faint|p2b: Ting-Lu\n|\n|t:|1683651798\n|switch|p2a: Palafin|Palafin-Hero, L50, F, shiny|100\/100\n|switch|p2b: Baxcalibur|Baxcalibur, L50, F, shiny|100\/100\n|-activate|p2a: Palafin|ability: Zero to Hero\n|turn|5\n|inactive|NRG_SRI has 30 seconds left.\n|inactive|NRG_SRI has 20 seconds left.\n|inactive|NRG_SRI has 15 seconds left.\n|\n|t:|1683651839\n|switch|p1b: Gothitelle|Gothitelle, L50, M|100\/100\n|-terastallize|p2a: Palafin|Water\n|-terastallize|p1a: Amoonguss|Water\n|move|p2a: Palafin|Wave Crash|p1b: Gothitelle\n|-damage|p1b: Gothitelle|0 fnt\n|faint|p1b: Gothitelle\n|-damage|p2a: Palafin|71\/100|[from] Recoil\n|move|p2b: Baxcalibur|Icicle Spear|p1a: Amoonguss\n|-resisted|p1a: Amoonguss\n|-damage|p1a: Amoonguss|70\/100\n|-resisted|p1a: Amoonguss\n|-damage|p1a: Amoonguss|64\/100\n|-resisted|p1a: Amoonguss\n|-damage|p1a: Amoonguss|57\/100\n|-resisted|p1a: Amoonguss\n|-damage|p1a: Amoonguss|50\/100\n|-hitcount|p1a: Amoonguss|4\n|move|p1a: Amoonguss|Spore|p2a: Palafin\n|-status|p2a: Palafin|slp|[from] move: Spore\n|\n|upkeep\n|\n|t:|1683651855\n|switch|p1b: Flutter Mane|Flutter Mane, L50|35\/100\n|turn|6\n|\n|t:|1683651871\n|move|p1a: Amoonguss|Rage Powder|p1a: Amoonguss\n|-singleturn|p1a: Amoonguss|move: Rage Powder\n|cant|p2a: Palafin|slp\n|move|p1b: Flutter Mane|Moonblast|p2b: Baxcalibur\n|-supereffective|p2b: Baxcalibur\n|-damage|p2b: Baxcalibur|10\/100\n|move|p2b: Baxcalibur|Glaive Rush|p1a: Amoonguss\n|-damage|p1a: Amoonguss|0 fnt\n|-singlemove|p2b: Baxcalibur|Glaive Rush|[silent]\n|faint|p1a: Amoonguss\n|\n|upkeep\n|\n|t:|1683651881\n|switch|p1a: Gyarados|Gyarados, L50, M|68\/100\n|-ability|p1a: Gyarados|Intimidate|boost\n|-unboost|p2a: Palafin|atk|1\n|-unboost|p2b: Baxcalibur|atk|1\n|turn|7\n|\n|t:|1683651906\n|move|p2b: Baxcalibur|Protect|p2b: Baxcalibur\n|-singleturn|p2b: Baxcalibur|Protect\n|cant|p2a: Palafin|slp\n|move|p1b: Flutter Mane|Moonblast|p2a: Palafin\n|-damage|p2a: Palafin|22\/100 slp\n|-unboost|p2a: Palafin|spa|1\n|move|p1a: Gyarados|Waterfall|p2a: Palafin\n|-resisted|p2a: Palafin\n|-damage|p2a: Palafin|6\/100 slp\n|\n|upkeep\n|turn|8\n|\n|t:|1683651923\n|move|p1b: Flutter Mane|Protect|p1b: Flutter Mane\n|-singleturn|p1b: Flutter Mane|Protect\n|-curestatus|p2a: Palafin|slp|[msg]\n|move|p2a: Palafin|Jet Punch|p1b: Flutter Mane\n|-activate|p1b: Flutter Mane|move: Protect\n|move|p2b: Baxcalibur|Icicle Spear|p1b: Flutter Mane\n|-activate|p1b: Flutter Mane|move: Protect\n|move|p1a: Gyarados|Waterfall|p2b: Baxcalibur\n|-resisted|p2b: Baxcalibur\n|-damage|p2b: Baxcalibur|0 fnt\n|faint|p2b: Baxcalibur\n|\n|upkeep\n|turn|9\n|\n|t:|1683651935\n|move|p2a: Palafin|Jet Punch|p1b: Flutter Mane\n|-damage|p1b: Flutter Mane|0 fnt\n|faint|p1b: Flutter Mane\n|-end|p1b: Flutter Mane|Protosynthesis|[silent]\n|move|p1a: Gyarados|Waterfall|p2a: Palafin\n|-resisted|p2a: Palafin\n|-damage|p2a: Palafin|0 fnt\n|faint|p2a: Palafin\n|\n|win|NRG_SRI\n|raw|NRG_SRI's rating: 1365 → 1383<\/strong> (+18 for winning)\n|raw|fonzee3000's rating: 1333 → 1315<\/strong> (-18 for losing)\n","uploadtime":1683651944,"views":7,"p1id":"nrgsri","p2id":"fonzee3000","formatid":"gen9vgc2023regulationc","rating":1315,"private":0,"password":""}