{"id":"gen9vgc2023regulationc-1851203292","p1":"abstractrandomness","p2":"Terry kloak","format":"[Gen 9] VGC 2023 Regulation C","log":"|j|\u2606abstractrandomness\n|j|\u2606Terry kloak\n|t:|1682424597\n|gametype|doubles\n|player|p1|abstractrandomness|1|1604\n|player|p2|Terry kloak|gentleman-gen4|1657\n|teamsize|p1|6\n|teamsize|p2|6\n|gen|9\n|tier|[Gen 9] VGC 2023 Regulation C\n|rated|\n|rule|Species Clause: Limit one of each Pok\u00e9mon\n|rule|Item Clause: Limit one of each item\n|clearpoke\n|poke|p1|Dondozo, L50, F|\n|poke|p1|Tatsugiri-Stretchy, L50, M|\n|poke|p1|Pelipper, L50, F|\n|poke|p1|Drednaw, L50, M|\n|poke|p1|Chien-Pao, L50|\n|poke|p1|Dragonite, L50, F|\n|poke|p2|Ceruledge, L50, M|\n|poke|p2|Orthworm, L50, F|\n|poke|p2|Ting-Lu, L50|\n|poke|p2|Dragonite, L50, M|\n|poke|p2|Iron Bundle, L50|\n|poke|p2|Gyarados, L50, M|\n|teampreview|4\n|inactive|Battle timer is ON: inactive players will automatically lose when time's up. (requested by Terry kloak)\n|inactive|Terry kloak has 60 seconds left.\n|\n|t:|1682424688\n|start\n|switch|p1a: Pelipper|Pelipper, L50, F|100\/100\n|switch|p1b: Dragonite|Dragonite, L50, F|100\/100\n|switch|p2a: Orthworm|Orthworm, L50, F|100\/100\n|switch|p2b: Gyarados|Gyarados, L50, M|100\/100\n|-ability|p2b: Gyarados|Intimidate|boost\n|-unboost|p1a: Pelipper|atk|1\n|-fail|p1b: Dragonite|unboost|Attack|[from] ability: Inner Focus|[of] p1b: Dragonite\n|-weather|RainDance|[from] ability: Drizzle|[of] p1a: Pelipper\n|turn|1\n|inactive|abstractrandomness has 30 seconds left.\n|inactive|abstractrandomness has 20 seconds left.\n|inactive|abstractrandomness has 15 seconds left.\n|inactive|abstractrandomness has 10 seconds left.\n|\n|t:|1682424734\n|switch|p1b: Dondozo|Dondozo, L50, F|100\/100\n|move|p2a: Orthworm|Protect|p2a: Orthworm\n|-singleturn|p2a: Orthworm|Protect\n|move|p2b: Gyarados|Thunder Wave|p1b: Dondozo\n|-status|p1b: Dondozo|par\n|move|p1a: Pelipper|Tailwind|p1a: Pelipper\n|-sidestart|p1: abstractrandomness|move: Tailwind\n|\n|-weather|RainDance|[upkeep]\n|upkeep\n|turn|2\n|inactive|abstractrandomness has 30 seconds left.\n|\n|t:|1682424764\n|switch|p1a: Tatsugiri|Tatsugiri-Stretchy, L50, M|100\/100\n|-activate|p1a: Tatsugiri|ability: Commander|[of] p1b: Dondozo\n|-boost|p1b: Dondozo|atk|2\n|-boost|p1b: Dondozo|spa|2\n|-boost|p1b: Dondozo|spe|2\n|-boost|p1b: Dondozo|def|2\n|-boost|p1b: Dondozo|spd|2\n|-terastallize|p1b: Dondozo|Water\n|move|p1b: Dondozo|Surf|p2b: Gyarados|[spread] p2a,p2b\n|-miss|p1b: Dondozo|p1a: Tatsugiri\n|-resisted|p2b: Gyarados\n|-damage|p2a: Orthworm|0 fnt\n|-damage|p2b: Gyarados|57\/100\n|faint|p2a: Orthworm\n|-damage|p1b: Dondozo|91\/100 par|[from] item: Life Orb\n|move|p2b: Gyarados|Earthquake|p1a: Tatsugiri|[spread] p1b\n|-miss|p2b: Gyarados|p1a: Tatsugiri\n|-damage|p1b: Dondozo|83\/100 par\n|\n|-weather|RainDance|[upkeep]\n|upkeep\n|\n|t:|1682424785\n|switch|p2a: Iron Bundle|Iron Bundle, L50|100\/100\n|-enditem|p2a: Iron Bundle|Booster Energy\n|-activate|p2a: Iron Bundle|ability: Quark Drive|[fromitem]\n|-start|p2a: Iron Bundle|quarkdrivespe\n|turn|3\n|\n|t:|1682424792\n|move|p2a: Iron Bundle|Freeze-Dry|p1b: Dondozo\n|-supereffective|p1b: Dondozo\n|-crit|p1b: Dondozo\n|-damage|p1b: Dondozo|0 fnt\n|faint|p1b: Dondozo\n|move|p2b: Gyarados|Waterfall|p1a: Tatsugiri\n|-resisted|p1a: Tatsugiri\n|-damage|p1a: Tatsugiri|76\/100\n|\n|-weather|RainDance|[upkeep]\n|upkeep\n|\n|t:|1682424797\n|switch|p1b: Dragonite|Dragonite, L50, F|100\/100\n|turn|4\n|inactive|abstractrandomness has 30 seconds left.\n|\n|t:|1682424830\n|move|p2a: Iron Bundle|Protect|p2a: Iron Bundle\n|-singleturn|p2a: Iron Bundle|Protect\n|move|p1b: Dragonite|Extreme Speed|p2a: Iron Bundle\n|-activate|p2a: Iron Bundle|move: Protect\n|move|p1a: Tatsugiri|Muddy Water|p2a: Iron Bundle|[spread] p2b\n|-activate|p2a: Iron Bundle|move: Protect\n|-resisted|p2b: Gyarados\n|-damage|p2b: Gyarados|35\/100\n|move|p2b: Gyarados|Thunder Wave|p1b: Dragonite\n|-status|p1b: Dragonite|par\n|-enditem|p1b: Dragonite|Lum Berry|[eat]\n|-curestatus|p1b: Dragonite|par|[msg]\n|\n|-weather|RainDance|[upkeep]\n|-sideend|p1: abstractrandomness|move: Tailwind\n|upkeep\n|turn|5\n|j| efrgebgf\n|\n|t:|1682424855\n|move|p1b: Dragonite|Extreme Speed|p2a: Iron Bundle\n|-damage|p2a: Iron Bundle|62\/100\n|move|p2a: Iron Bundle|Freeze-Dry|p1b: Dragonite\n|-supereffective|p1b: Dragonite\n|-damage|p1b: Dragonite|0 fnt\n|faint|p1b: Dragonite\n|move|p1a: Tatsugiri|Muddy Water|p2b: Gyarados|[spread] p2a,p2b\n|-resisted|p2a: Iron Bundle\n|-resisted|p2b: Gyarados\n|-damage|p2a: Iron Bundle|10\/100\n|-damage|p2b: Gyarados|15\/100\n|-unboost|p2a: Iron Bundle|accuracy|1\n|-enditem|p2b: Gyarados|Figy Berry|[eat]\n|-heal|p2b: Gyarados|48\/100|[from] item: Figy Berry\n|move|p2b: Gyarados|Thunder Wave|p1a: Tatsugiri\n|-status|p1a: Tatsugiri|par\n|\n|-weather|RainDance|[upkeep]\n|upkeep\n|\n|t:|1682424863\n|switch|p1b: Pelipper|Pelipper, L50, F|100\/100\n|turn|6\n|\n|t:|1682424879\n|move|p2a: Iron Bundle|Freeze-Dry|p1b: Pelipper|[miss]\n|-miss|p2a: Iron Bundle|p1b: Pelipper\n|move|p2b: Gyarados|Taunt|p1b: Pelipper\n|-start|p1b: Pelipper|move: Taunt\n|move|p1a: Tatsugiri|Muddy Water|p2a: Iron Bundle|[spread] p2a,p2b\n|-resisted|p2a: Iron Bundle\n|-crit|p2a: Iron Bundle\n|-resisted|p2b: Gyarados\n|-damage|p2a: Iron Bundle|0 fnt\n|-damage|p2b: Gyarados|27\/100\n|faint|p2a: Iron Bundle\n|-end|p2a: Iron Bundle|Quark Drive|[silent]\n|move|p1b: Pelipper|Hurricane|p2b: Gyarados\n|-damage|p2b: Gyarados|1\/100\n|-start|p2b: Gyarados|confusion\n|\n|-weather|RainDance|[upkeep]\n|upkeep\n|\n|t:|1682424896\n|switch|p2a: Dragonite|Dragonite, L50, M|100\/100\n|turn|7\n|\n|t:|1682424906\n|move|p2a: Dragonite|Rock Slide|p1b: Pelipper|[spread] p1b\n|-miss|p2a: Dragonite|p1a: Tatsugiri\n|-supereffective|p1b: Pelipper\n|-damage|p1b: Pelipper|60\/100\n|-activate|p2b: Gyarados|confusion\n|move|p2b: Gyarados|Waterfall|p1a: Tatsugiri\n|-resisted|p1a: Tatsugiri\n|-damage|p1a: Tatsugiri|49\/100 par\n|cant|p1a: Tatsugiri|flinch\n|move|p1b: Pelipper|Hurricane|p2a: Dragonite\n|-damage|p2a: Dragonite|83\/100\n|\n|-weather|RainDance|[upkeep]\n|upkeep\n|turn|8\n|\n|t:|1682424923\n|move|p2a: Dragonite|Rock Slide|p1b: Pelipper|[spread] p1a,p1b\n|-supereffective|p1b: Pelipper\n|-damage|p1a: Tatsugiri|10\/100 par\n|-damage|p1b: Pelipper|18\/100\n|-activate|p2b: Gyarados|confusion\n|-damage|p2b: Gyarados|0 fnt|[from] confusion\n|faint|p2b: Gyarados\n|cant|p1a: Tatsugiri|flinch\n|move|p1b: Pelipper|Hurricane|p2a: Dragonite\n|-damage|p2a: Dragonite|45\/100\n|\n|-weather|none\n|-end|p1b: Pelipper|move: Taunt\n|upkeep\n|turn|9\n|\n|t:|1682424937\n|move|p1b: Pelipper|Wide Guard|p1b: Pelipper\n|-singleturn|p1b: Pelipper|Wide Guard\n|move|p2a: Dragonite|Rock Slide|p1a: Tatsugiri|[spread] \n|-activate|p1a: Tatsugiri|move: Wide Guard\n|-activate|p1b: Pelipper|move: Wide Guard\n|move|p1a: Tatsugiri|Muddy Water|p2a: Dragonite\n|-resisted|p2a: Dragonite\n|-damage|p2a: Dragonite|20\/100\n|-unboost|p2a: Dragonite|accuracy|1\n|\n|upkeep\n|turn|10\n|\n|t:|1682424953\n|-terastallize|p2a: Dragonite|Flying\n|move|p1b: Pelipper|Wide Guard|p1b: Pelipper\n|-singleturn|p1b: Pelipper|Wide Guard\n|move|p2a: Dragonite|Tera Blast|p1a: Tatsugiri\n|-damage|p1a: Tatsugiri|0 fnt\n|faint|p1a: Tatsugiri\n|\n|upkeep\n|turn|11\n|\n|t:|1682424963\n|move|p2a: Dragonite|Tera Blast|p1b: Pelipper\n|-damage|p1b: Pelipper|0 fnt\n|faint|p1b: Pelipper\n|\n|win|Terry kloak\n|raw|abstractrandomness's rating: 1604 → 1587<\/strong> (-17 for losing)\n|raw|Terry kloak's rating: 1657 → 1674<\/strong> (+17 for winning)\n|l|\u2606abstractrandomness\n","uploadtime":1682424986,"views":12,"p1id":"abstractrandomness","p2id":"terrykloak","formatid":"gen9vgc2023regulationc","rating":1587,"private":0,"password":""}