{"id":"gen9vgc2023regulationc-1845971829","p1":"uhoh I poopd","p2":"AguaSteppin'","format":"[Gen 9] VGC 2023 Regulation C","log":"|j|\u2606uhoh I poopd\n|j|\u2606AguaSteppin'\n|t:|1681785619\n|gametype|doubles\n|player|p1|uhoh I poopd|colress|1320\n|player|p2|AguaSteppin'|red|1363\n|teamsize|p1|6\n|teamsize|p2|6\n|gen|9\n|tier|[Gen 9] VGC 2023 Regulation C\n|rated|\n|rule|Species Clause: Limit one of each Pok\u00e9mon\n|rule|Item Clause: Limit one of each item\n|clearpoke\n|poke|p1|Masquerain, L50, M|\n|poke|p1|Coalossal, L50, M|\n|poke|p1|Amoonguss, L50, M|\n|poke|p1|Arcanine, L50, M|\n|poke|p1|Palafin, L50, M|\n|poke|p1|Annihilape, L50, M|\n|poke|p2|Palafin, L50, M|\n|poke|p2|Amoonguss, L50, M|\n|poke|p2|Arcanine, L50, M|\n|poke|p2|Kingambit, L50, F|\n|poke|p2|Flutter Mane, L50|\n|poke|p2|Dragonite, L50, M|\n|teampreview|4\n|inactive|Battle timer is ON: inactive players will automatically lose when time's up. (requested by AguaSteppin')\n|\n|t:|1681785641\n|start\n|switch|p1a: Angy|Annihilape, L50, M|100\/100\n|switch|p1b: Palafin|Palafin, L50, M|100\/100\n|switch|p2a: Hasanabi|Kingambit, L50, F, shiny|100\/100\n|switch|p2b: MoistCrit|Palafin, L50, M, shiny|100\/100\n|turn|1\n|\n|t:|1681785659\n|detailschange|p1b: Palafin|Palafin-Hero, L50, M\n|switch|p1b: Toad|Amoonguss, L50, M|100\/100\n|-terastallize|p2a: Hasanabi|Dark\n|move|p2b: MoistCrit|Wave Crash|p1a: Angy\n|-damage|p1a: Angy|53\/100\n|-damage|p2b: MoistCrit|84\/100|[from] Recoil\n|move|p1a: Angy|Bulk Up|p1a: Angy\n|-boost|p1a: Angy|atk|1\n|-boost|p1a: Angy|def|1\n|move|p2a: Hasanabi|Kowtow Cleave|p1a: Angy\n|-damage|p1a: Angy|5\/100\n|\n|-heal|p1a: Angy|11\/100|[from] item: Leftovers\n|upkeep\n|turn|2\n|inactive|AguaSteppin' has 30 seconds left.\n|\n|t:|1681785690\n|detailschange|p2b: MoistCrit|Palafin-Hero, L50, M, shiny\n|switch|p2b: Patterz|Dragonite, L50, M|100\/100\n|move|p2a: Hasanabi|Protect|p2a: Hasanabi\n|-singleturn|p2a: Hasanabi|Protect\n|move|p1b: Toad|Rage Powder|p1b: Toad\n|-singleturn|p1b: Toad|move: Rage Powder\n|move|p1a: Angy|Drain Punch|p2b: Patterz\n|-resisted|p2b: Patterz\n|-damage|p2b: Patterz|89\/100\n|-heal|p1a: Angy|16\/100|[from] drain|[of] p2b: Patterz\n|\n|-heal|p1a: Angy|22\/100|[from] item: Leftovers\n|upkeep\n|turn|3\n|inactive|AguaSteppin' has 30 seconds left.\n|\n|t:|1681785716\n|move|p2b: Patterz|Extreme Speed|p1b: Toad\n|-damage|p1b: Toad|70\/100\n|move|p1b: Toad|Rage Powder|p1b: Toad\n|-singleturn|p1b: Toad|move: Rage Powder\n|move|p1a: Angy|Drain Punch|p2a: Hasanabi\n|-supereffective|p2a: Hasanabi\n|-damage|p2a: Hasanabi|31\/100\n|-heal|p1a: Angy|55\/100|[from] drain|[of] p2a: Hasanabi\n|move|p2a: Hasanabi|Kowtow Cleave|p1b: Toad\n|-damage|p1b: Toad|0 fnt\n|faint|p1b: Toad\n|\n|-heal|p1a: Angy|61\/100|[from] item: Leftovers\n|upkeep\n|\n|t:|1681785727\n|switch|p1b: Palafin|Palafin-Hero, L50, M|100\/100\n|-activate|p1b: Palafin|ability: Zero to Hero\n|turn|4\n|\n|t:|1681785744\n|-terastallize|p1b: Palafin|Water\n|move|p1b: Palafin|Jet Punch|p2a: Hasanabi\n|-damage|p2a: Hasanabi|0 fnt\n|faint|p2a: Hasanabi\n|move|p1a: Angy|Rage Fist|p2b: Patterz\n|-damage|p2b: Patterz|2\/100\n|move|p2b: Patterz|Stomping Tantrum|p1a: Angy\n|-damage|p1a: Angy|44\/100\n|\n|-heal|p1a: Angy|50\/100|[from] item: Leftovers\n|upkeep\n|\n|t:|1681785758\n|switch|p2a: MoistCrit|Palafin-Hero, L50, M, shiny|84\/100\n|-activate|p2a: MoistCrit|ability: Zero to Hero\n|turn|5\n|\n|t:|1681785764\n|switch|p1b: Brutus|Arcanine, L50, M, shiny|100\/100\n|-ability|p1b: Brutus|Intimidate|boost\n|-unboost|p2a: MoistCrit|atk|1\n|-unboost|p2b: Patterz|atk|1\n|move|p2b: Patterz|Extreme Speed|p1b: Brutus\n|-damage|p1b: Brutus|80\/100\n|move|p2a: MoistCrit|Wave Crash|p1a: Angy\n|-damage|p1a: Angy|17\/100\n|-damage|p2a: MoistCrit|72\/100|[from] Recoil\n|move|p1a: Angy|Drain Punch|p2a: MoistCrit\n|-damage|p2a: MoistCrit|30\/100\n|-heal|p1a: Angy|36\/100|[from] drain|[of] p2a: MoistCrit\n|\n|-heal|p1a: Angy|42\/100|[from] item: Leftovers\n|upkeep\n|turn|6\n|inactive|AguaSteppin' has 30 seconds left.\n|\n|t:|1681785791\n|switch|p2b: PokiMane|Flutter Mane, L50|100\/100\n|-enditem|p2b: PokiMane|Booster Energy\n|-activate|p2b: PokiMane|ability: Protosynthesis|[fromitem]\n|-start|p2b: PokiMane|protosynthesisspa\n|move|p1a: Angy|Protect|p1a: Angy\n|-singleturn|p1a: Angy|Protect\n|move|p1b: Brutus|Extreme Speed|p2b: PokiMane\n|-immune|p2b: PokiMane\n|move|p2a: MoistCrit|Wave Crash|p1a: Angy\n|-activate|p1a: Angy|move: Protect\n|\n|-heal|p1a: Angy|48\/100|[from] item: Leftovers\n|upkeep\n|turn|7\n|\n|t:|1681785809\n|move|p1b: Brutus|Extreme Speed|p2a: MoistCrit\n|-damage|p2a: MoistCrit|7\/100\n|move|p2b: PokiMane|Shadow Ball|p1a: Angy\n|-supereffective|p1a: Angy\n|-damage|p1a: Angy|0 fnt\n|faint|p1a: Angy\n|move|p2a: MoistCrit|Wave Crash|p1b: Brutus\n|-supereffective|p1b: Brutus\n|-damage|p1b: Brutus|0 fnt\n|faint|p1b: Brutus\n|-damage|p2a: MoistCrit|0 fnt|[from] Recoil\n|faint|p2a: MoistCrit\n|\n|upkeep\n|\n|t:|1681785823\n|switch|p2a: Patterz|Dragonite, L50, M|2\/100\n|switch|p1b: Palafin|Palafin-Hero, L50, M, tera:Water|100\/100\n|turn|8\n|\n|t:|1681785831\n|move|p2a: Patterz|Extreme Speed|p1b: Palafin\n|-damage|p1b: Palafin|74\/100\n|move|p1b: Palafin|Jet Punch|p2b: PokiMane\n|-damage|p2b: PokiMane|0 fnt\n|faint|p2b: PokiMane\n|-end|p2b: PokiMane|Protosynthesis|[silent]\n|\n|upkeep\n|turn|9\n|\n|t:|1681785838\n|move|p2a: Patterz|Extreme Speed|p1b: Palafin\n|-damage|p1b: Palafin|45\/100\n|move|p1b: Palafin|Jet Punch|p2a: Patterz\n|-resisted|p2a: Patterz\n|-damage|p2a: Patterz|0 fnt\n|faint|p2a: Patterz\n|\n|win|uhoh I poopd\n|raw|uhoh I poopd's rating: 1320 → 1342<\/strong> (+22 for winning)\n|raw|AguaSteppin''s rating: 1363 → 1341<\/strong> (-22 for losing)\n|c|\u2606uhoh I poopd|Gg\n|c|\u2606AguaSteppin'|Gg\n|l|\u2606AguaSteppin'\n","uploadtime":1681785854,"views":5,"p1id":"uhohipoopd","p2id":"aguasteppin","formatid":"gen9vgc2023regulationc","rating":1341,"private":0,"password":""}