{"id":"gen9vgc2023regulationc-1850970953","p1":"UltravioletVGC","p2":"canIgetAHuhhhYAaa","format":"[Gen 9] VGC 2023 Regulation C","log":"|j|\u2606UltravioletVGC\n|j|\u2606canIgetAHuhhhYAaa\n|t:|1682388504\n|gametype|doubles\n|player|p1|UltravioletVGC|265|1205\n|player|p2|canIgetAHuhhhYAaa|170|1126\n|teamsize|p1|6\n|teamsize|p2|6\n|gen|9\n|tier|[Gen 9] VGC 2023 Regulation C\n|rated|\n|rule|Species Clause: Limit one of each Pok\u00e9mon\n|rule|Item Clause: Limit one of each item\n|clearpoke\n|poke|p1|Iron Bundle, L50|\n|poke|p1|Kingambit, L50, M|\n|poke|p1|Flutter Mane, L50|\n|poke|p1|Talonflame, L50, M|\n|poke|p1|Great Tusk, L50|\n|poke|p1|Amoonguss, L50, M|\n|poke|p2|Braviary, L50, M|\n|poke|p2|Arcanine, L50, F|\n|poke|p2|Tinkaton, L50, F|\n|poke|p2|Chi-Yu, L50|\n|poke|p2|Glimmora, L50, F|\n|poke|p2|Iron Thorns, L50|\n|teampreview|4\n|inactive|Battle timer is ON: inactive players will automatically lose when time's up. (requested by canIgetAHuhhhYAaa)\n|\n|t:|1682388552\n|start\n|switch|p1a: Iron Bundle|Iron Bundle, L50|100\/100\n|switch|p1b: Kingambit|Kingambit, L50, M|100\/100\n|switch|p2a: Tinkaton|Tinkaton, L50, F|100\/100\n|switch|p2b: Iron Thorns|Iron Thorns, L50|100\/100\n|-ability|p2a: Tinkaton|Mold Breaker\n|-enditem|p1a: Iron Bundle|Booster Energy\n|-activate|p1a: Iron Bundle|ability: Quark Drive|[fromitem]\n|-start|p1a: Iron Bundle|quarkdrivespe\n|turn|1\n|\n|t:|1682388564\n|move|p1a: Iron Bundle|Protect|p1a: Iron Bundle\n|-singleturn|p1a: Iron Bundle|Protect\n|move|p1b: Kingambit|Protect|p1b: Kingambit\n|-singleturn|p1b: Kingambit|Protect\n|move|p2a: Tinkaton|Fake Out|p1a: Iron Bundle\n|-activate|p1a: Iron Bundle|move: Protect\n|move|p2b: Iron Thorns|Pin Missile|p1b: Kingambit\n|-activate|p1b: Kingambit|move: Protect\n|\n|upkeep\n|turn|2\n|inactive|canIgetAHuhhhYAaa has 30 seconds left.\n|\n|t:|1682388590\n|move|p2b: Iron Thorns|Protect|p2b: Iron Thorns\n|-singleturn|p2b: Iron Thorns|Protect\n|move|p1a: Iron Bundle|Hydro Pump|p2b: Iron Thorns\n|-activate|p2b: Iron Thorns|move: Protect\n|move|p2a: Tinkaton|Knock Off|p1b: Kingambit\n|-resisted|p1b: Kingambit\n|-damage|p1b: Kingambit|91\/100\n|-enditem|p1b: Kingambit|Black Glasses|[from] move: Knock Off|[of] p2a: Tinkaton\n|move|p1b: Kingambit|Swords Dance|p1b: Kingambit\n|-boost|p1b: Kingambit|atk|2\n|\n|upkeep\n|turn|3\n|\n|t:|1682388614\n|move|p1a: Iron Bundle|Hydro Pump|p2b: Iron Thorns\n|-supereffective|p2b: Iron Thorns\n|-damage|p2b: Iron Thorns|0 fnt\n|faint|p2b: Iron Thorns\n|-end|p2b: Iron Thorns|Quark Drive|[silent]\n|move|p2a: Tinkaton|Gigaton Hammer|p1a: Iron Bundle\n|-damage|p1a: Iron Bundle|27\/100\n|move|p1b: Kingambit|Swords Dance|p1b: Kingambit\n|-boost|p1b: Kingambit|atk|2\n|\n|upkeep\n|\n|t:|1682388621\n|switch|p2b: Glimmora|Glimmora, L50, F|100\/100\n|turn|4\n|\n|t:|1682388642\n|-terastallize|p2b: Glimmora|Grass\n|move|p1b: Kingambit|Protect|p1b: Kingambit\n|-singleturn|p1b: Kingambit|Protect\n|move|p1a: Iron Bundle|Icy Wind|p2b: Glimmora|[spread] p2a\n|-miss|p1a: Iron Bundle|p2b: Glimmora\n|-resisted|p2a: Tinkaton\n|-damage|p2a: Tinkaton|93\/100\n|-unboost|p2a: Tinkaton|spe|1\n|move|p2b: Glimmora|Earth Power|p1a: Iron Bundle\n|-damage|p1a: Iron Bundle|0 fnt\n|faint|p1a: Iron Bundle\n|-end|p1a: Iron Bundle|Quark Drive|[silent]\n|move|p2a: Tinkaton|Play Rough|p1b: Kingambit\n|-activate|p1b: Kingambit|move: Protect\n|\n|upkeep\n|\n|t:|1682388656\n|switch|p1a: Amoonguss|Amoonguss, L50, M|100\/100\n|turn|5\n|\n|t:|1682388680\n|switch|p2a: Chi-Yu|Chi-Yu, L50|100\/100\n|-ability|p2a: Chi-Yu|Beads of Ruin\n|move|p1a: Amoonguss|Rage Powder|p1a: Amoonguss\n|-singleturn|p1a: Amoonguss|move: Rage Powder\n|move|p2b: Glimmora|Earth Power|p1a: Amoonguss\n|-damage|p1a: Amoonguss|41\/100\n|-enditem|p1a: Amoonguss|Sitrus Berry|[eat]\n|-heal|p1a: Amoonguss|66\/100|[from] item: Sitrus Berry\n|move|p1b: Kingambit|Kowtow Cleave|p2a: Chi-Yu\n|-resisted|p2a: Chi-Yu\n|-damage|p2a: Chi-Yu|0 fnt\n|faint|p2a: Chi-Yu\n|\n|upkeep\n|\n|t:|1682388693\n|switch|p2a: Tinkaton|Tinkaton, L50, F|93\/100\n|-ability|p2a: Tinkaton|Mold Breaker\n|turn|6\n|\n|t:|1682388705\n|move|p1b: Kingambit|Protect|p1b: Kingambit\n|-singleturn|p1b: Kingambit|Protect\n|move|p2a: Tinkaton|Fake Out|p1a: Amoonguss\n|-damage|p1a: Amoonguss|57\/100\n|move|p2b: Glimmora|Earth Power|p1b: Kingambit\n|-activate|p1b: Kingambit|move: Protect\n|cant|p1a: Amoonguss|flinch\n|\n|upkeep\n|turn|7\n|\n|t:|1682388718\n|move|p1b: Kingambit|Sucker Punch|p2b: Glimmora\n|-damage|p2b: Glimmora|0 fnt\n|-activate|p2b: Glimmora|ability: Toxic Debris\n|-sidestart|p1: UltravioletVGC|move: Toxic Spikes\n|faint|p2b: Glimmora\n|move|p2a: Tinkaton|Gigaton Hammer|p1a: Amoonguss\n|-damage|p1a: Amoonguss|10\/100\n|move|p1a: Amoonguss|Spore|p2a: Tinkaton\n|-status|p2a: Tinkaton|slp|[from] move: Spore\n|\n|upkeep\n|turn|8\n|\n|t:|1682388734\n|-terastallize|p1b: Kingambit|Dark\n|cant|p2a: Tinkaton|slp\n|move|p1b: Kingambit|Kowtow Cleave|p2a: Tinkaton\n|-resisted|p2a: Tinkaton\n|-damage|p2a: Tinkaton|0 fnt\n|faint|p2a: Tinkaton\n|\n|win|UltravioletVGC\n|raw|UltravioletVGC's rating: 1205 → 1224<\/strong> (+19 for winning)\n|raw|canIgetAHuhhhYAaa's rating: 1126 → 1107<\/strong> (-19 for losing)\n|l|\u2606canIgetAHuhhhYAaa\n","uploadtime":1682388746,"views":13,"p1id":"ultravioletvgc","p2id":"canigetahuhhhyaaa","formatid":"gen9vgc2023regulationc","rating":1107,"private":0,"password":""}