{"id":"gen9vgc2023regulationc-1848783796","p1":"Jadedragon61","p2":"pguzmav","format":"[Gen 9] VGC 2023 Regulation C","log":"|j|\u2606Jadedragon61\n|j|\u2606pguzmav\n|t:|1682109987\n|gametype|doubles\n|player|p1|Jadedragon61|colress-gen7|1330\n|player|p2|pguzmav|266|1311\n|teamsize|p1|6\n|teamsize|p2|6\n|gen|9\n|tier|[Gen 9] VGC 2023 Regulation C\n|rated|\n|rule|Species Clause: Limit one of each Pok\u00e9mon\n|rule|Item Clause: Limit one of each item\n|clearpoke\n|poke|p1|Tyranitar, L50, M|\n|poke|p1|Flutter Mane, L50|\n|poke|p1|Iron Bundle, L50|\n|poke|p1|Hydreigon, L50, F|\n|poke|p1|Brute Bonnet, L50|\n|poke|p1|Arcanine, L50, M|\n|poke|p2|Baxcalibur, L50, M|\n|poke|p2|Abomasnow, L50, F|\n|poke|p2|Annihilape, L50, F|\n|poke|p2|Arcanine, L50, F|\n|poke|p2|Magnezone, L50|\n|poke|p2|Azumarill, L50, M|\n|teampreview|4\n|inactive|Battle timer is ON: inactive players will automatically lose when time's up. (requested by Jadedragon61)\n|inactive|Jadedragon61 has 60 seconds left.\n|inactive|pguzmav has 60 seconds left.\n|\n|t:|1682110028\n|start\n|switch|p1a: Fish|Flutter Mane, L50, shiny|100\/100\n|switch|p1b: Worse delibird|Iron Bundle, L50, shiny|100\/100\n|switch|p2a: Baxcalibur|Baxcalibur, L50, M|100\/100\n|switch|p2b: Azumarill|Azumarill, L50, M|100\/100\n|-enditem|p1a: Fish|Booster Energy\n|-activate|p1a: Fish|ability: Protosynthesis|[fromitem]\n|-start|p1a: Fish|protosynthesisspe\n|turn|1\n|inactive|pguzmav has 30 seconds left.\n|inactive|pguzmav has 20 seconds left.\n|\n|t:|1682110064\n|-terastallize|p2a: Baxcalibur|Ground\n|move|p1a: Fish|Protect|p1a: Fish\n|-singleturn|p1a: Fish|Protect\n|move|p1b: Worse delibird|Protect|p1b: Worse delibird\n|-singleturn|p1b: Worse delibird|Protect\n|move|p2b: Azumarill|Aqua Jet|p1a: Fish\n|-activate|p1a: Fish|move: Protect\n|move|p2a: Baxcalibur|Glaive Rush|p1b: Worse delibird\n|-activate|p1b: Worse delibird|move: Protect\n|\n|upkeep\n|turn|2\n|inactive|Jadedragon61 has 30 seconds left.\n|inactive|pguzmav has 30 seconds left.\n|\n|t:|1682110095\n|switch|p2a: Abomasnow|Abomasnow, L50, F|100\/100\n|-weather|Snow|[from] ability: Snow Warning|[of] p2a: Abomasnow\n|move|p1a: Fish|Energy Ball|p2b: Azumarill\n|-supereffective|p2b: Azumarill\n|-crit|p2b: Azumarill\n|-damage|p2b: Azumarill|0 fnt\n|faint|p2b: Azumarill\n|move|p1b: Worse delibird|Freeze-Dry|p2a: Abomasnow\n|-damage|p2a: Abomasnow|55\/100\n|\n|-weather|Snow|[upkeep]\n|upkeep\n|\n|t:|1682110109\n|switch|p2b: Magnezone|Magnezone, L50|100\/100\n|turn|3\n|\n|t:|1682110121\n|move|p1b: Worse delibird|Protect|p1b: Worse delibird\n|-singleturn|p1b: Worse delibird|Protect\n|move|p1a: Fish|Moonblast|p2a: Abomasnow\n|-damage|p2a: Abomasnow|0 fnt\n|faint|p2a: Abomasnow\n|move|p2b: Magnezone|Thunderbolt|p1b: Worse delibird\n|-activate|p1b: Worse delibird|move: Protect\n|\n|-weather|Snow|[upkeep]\n|upkeep\n|\n|t:|1682110131\n|switch|p2a: Baxcalibur|Baxcalibur, L50, M, tera:Ground|100\/100\n|turn|4\n|\n|t:|1682110145\n|move|p2a: Baxcalibur|Ice Shard|p1a: Fish\n|-damage|p1a: Fish|49\/100\n|move|p1a: Fish|Energy Ball|p2a: Baxcalibur\n|-supereffective|p2a: Baxcalibur\n|-damage|p2a: Baxcalibur|63\/100\n|move|p1b: Worse delibird|Freeze-Dry|p2a: Baxcalibur\n|-supereffective|p2a: Baxcalibur\n|-damage|p2a: Baxcalibur|19\/100\n|move|p2b: Magnezone|Flash Cannon|p1a: Fish\n|-supereffective|p1a: Fish\n|-damage|p1a: Fish|0 fnt\n|faint|p1a: Fish\n|-end|p1a: Fish|Protosynthesis|[silent]\n|-damage|p2b: Magnezone|91\/100|[from] item: Life Orb\n|\n|-weather|Snow|[upkeep]\n|upkeep\n|\n|t:|1682110157\n|switch|p1a: Amethyst|Tyranitar, L50, M, shiny|100\/100\n|-weather|Sandstorm|[from] ability: Sand Stream|[of] p1a: Amethyst\n|turn|5\n|\n|t:|1682110169\n|move|p2a: Baxcalibur|Ice Shard|p1b: Worse delibird\n|-resisted|p1b: Worse delibird\n|-damage|p1b: Worse delibird|93\/100\n|move|p1b: Worse delibird|Freeze-Dry|p2a: Baxcalibur\n|-supereffective|p2a: Baxcalibur\n|-damage|p2a: Baxcalibur|0 fnt\n|faint|p2a: Baxcalibur\n|move|p2b: Magnezone|Thunderbolt|p1b: Worse delibird\n|-supereffective|p1b: Worse delibird\n|-damage|p1b: Worse delibird|0 fnt\n|faint|p1b: Worse delibird\n|-end|p1b: Worse delibird|Quark Drive|[silent]\n|-damage|p2b: Magnezone|81\/100|[from] item: Life Orb\n|move|p1a: Amethyst|Crunch|p2b: Magnezone\n|-damage|p2b: Magnezone|40\/100\n|-unboost|p2b: Magnezone|def|1\n|\n|-weather|Sandstorm|[upkeep]\n|upkeep\n|\n|t:|1682110184\n|switch|p1b: Arcanine|Arcanine, L50, M|100\/100\n|-ability|p1b: Arcanine|Intimidate|boost\n|-unboost|p2b: Magnezone|atk|1\n|turn|6\n|\n|t:|1682110192\n|move|p1b: Arcanine|Flare Blitz|p2b: Magnezone\n|-supereffective|p2b: Magnezone\n|-damage|p2b: Magnezone|0 fnt\n|faint|p2b: Magnezone\n|-damage|p1b: Arcanine|87\/100|[from] Recoil\n|\n|win|Jadedragon61\n|raw|Jadedragon61's rating: 1330 → 1349<\/strong> (+19 for winning)\n|raw|pguzmav's rating: 1311 → 1292<\/strong> (-19 for losing)\n","uploadtime":1682110200,"views":7,"p1id":"jadedragon61","p2id":"pguzmav","formatid":"gen9vgc2023regulationc","rating":1292,"private":0,"password":""}