{"id":"gen9vgc2023regulationc-1863909815","p1":"TGH_sr","p2":"alpha pineaple","format":"[Gen 9] VGC 2023 Regulation C","log":"|j|\u2606TGH_sr\n|j|\u2606alpha pineaple\n|t:|1684092209\n|gametype|doubles\n|player|p1|TGH_sr|steven|1102\n|player|p2|alpha pineaple|palmer|1076\n|teamsize|p1|6\n|teamsize|p2|6\n|gen|9\n|tier|[Gen 9] VGC 2023 Regulation C\n|rated|\n|rule|Species Clause: Limit one of each Pok\u00e9mon\n|rule|Item Clause: Limit one of each item\n|clearpoke\n|poke|p1|Talonflame, L50, F|\n|poke|p1|Garchomp, L50, F|\n|poke|p1|Kingambit, L50, F|\n|poke|p1|Amoonguss, L50, F|\n|poke|p1|Iron Bundle, L50|\n|poke|p1|Flutter Mane, L50|\n|poke|p2|Palafin, L50, M|\n|poke|p2|Dragapult, L50, F|\n|poke|p2|Arcanine, L50, M|\n|poke|p2|Klefki, L50, M|\n|poke|p2|Corviknight, L50, F|\n|poke|p2|Ting-Lu, L50|\n|teampreview|4\nTGH_sr has agreed to open team sheets.\n|\n|t:|1684092259\n|start\n|switch|p1a: Talonflame|Talonflame, L50, F|100\/100\n|switch|p1b: Garchomp|Garchomp, L50, F|100\/100\n|switch|p2a: Klefki|Klefki, L50, M|100\/100\n|switch|p2b: Palafin|Palafin, L50, M, shiny|100\/100\n|turn|1\n|\n|t:|1684092289\n|detailschange|p2b: Palafin|Palafin-Hero, L50, M, shiny\n|switch|p2b: Corviknight|Corviknight, L50, F|100\/100\n|-terastallize|p2a: Klefki|Flying\n|move|p1a: Talonflame|Tailwind|p1a: Talonflame\n|-sidestart|p1: TGH_sr|move: Tailwind\n|move|p1b: Garchomp|Earthquake|p2b: Corviknight|[spread] \n|-immune|p1a: Talonflame\n|-immune|p2a: Klefki\n|-immune|p2b: Corviknight\n|move|p2a: Klefki|Foul Play|p1b: Garchomp\n|-damage|p1b: Garchomp|68\/100\n|-damage|p2a: Klefki|88\/100|[from] ability: Rough Skin|[of] p1b: Garchomp\n|\n|upkeep\n|turn|2\n|\n|t:|1684092315\n|switch|p1b: Iron Bundle|Iron Bundle, L50|100\/100\n|-enditem|p1b: Iron Bundle|Booster Energy\n|-activate|p1b: Iron Bundle|ability: Quark Drive|[fromitem]\n|-start|p1b: Iron Bundle|quarkdrivespe\n|move|p2a: Klefki|Reflect|p2a: Klefki\n|-sidestart|p2: alpha pineaple|Reflect\n|move|p1a: Talonflame|Flare Blitz|p2b: Corviknight\n|-supereffective|p2b: Corviknight\n|-damage|p2b: Corviknight|51\/100\n|-damage|p1a: Talonflame|79\/100|[from] Recoil\n|-damage|p1a: Talonflame|69\/100|[from] item: Life Orb\n|move|p2b: Corviknight|Brave Bird|p1a: Talonflame\n|-damage|p1a: Talonflame|15\/100\n|-damage|p2b: Corviknight|38\/100|[from] Recoil\n|\n|-heal|p2b: Corviknight|43\/100|[from] item: Leftovers\n|upkeep\n|turn|3\n|\n|t:|1684092351\n|-end|p1b: Iron Bundle|Quark Drive|[silent]\n|switch|p1b: Garchomp|Garchomp, L50, F|68\/100\n|move|p2a: Klefki|Thunder Wave|p1b: Garchomp\n|-immune|p1b: Garchomp\n|move|p1a: Talonflame|Flare Blitz|p2b: Corviknight\n|-supereffective|p2b: Corviknight\n|-damage|p2b: Corviknight|0 fnt\n|faint|p2b: Corviknight\n|-damage|p1a: Talonflame|0 fnt|[from] Recoil\n|faint|p1a: Talonflame\n|\n|upkeep\n|\n|t:|1684092366\n|switch|p1a: Flutter Mane|Flutter Mane, L50|100\/100\n|switch|p2b: Arcanine|Arcanine, L50, M, shiny|100\/100\n|-ability|p2b: Arcanine|Intimidate|boost\n|-unboost|p1a: Flutter Mane|atk|1\n|-unboost|p1b: Garchomp|atk|1\n|turn|4\n|\n|t:|1684092390\n|move|p2a: Klefki|Light Screen|p2a: Klefki\n|-sidestart|p2: alpha pineaple|move: Light Screen\n|move|p1a: Flutter Mane|Shadow Ball|p2b: Arcanine\n|-damage|p2b: Arcanine|61\/100\n|move|p1b: Garchomp|Rock Slide|p2b: Arcanine|[spread] p2a\n|-miss|p1b: Garchomp|p2b: Arcanine\n|-supereffective|p2a: Klefki\n|-damage|p2a: Klefki|64\/100\n|move|p2b: Arcanine|Will-O-Wisp|p1b: Garchomp\n|-status|p1b: Garchomp|brn\n|\n|-damage|p1b: Garchomp|62\/100 brn|[from] brn\n|-sideend|p1: TGH_sr|move: Tailwind\n|upkeep\n|turn|5\n|\n|t:|1684092424\n|switch|p1b: Iron Bundle|Iron Bundle, L50|100\/100\n|move|p2a: Klefki|Thunder Wave|p1a: Flutter Mane\n|-status|p1a: Flutter Mane|par\n|move|p2b: Arcanine|Iron Head|p1a: Flutter Mane\n|-supereffective|p1a: Flutter Mane\n|-damage|p1a: Flutter Mane|31\/100 par\n|move|p1a: Flutter Mane|Shadow Ball|p2b: Arcanine\n|-damage|p2b: Arcanine|21\/100\n|\n|upkeep\n|turn|6\n|\n|t:|1684092468\n|move|p2a: Klefki|Thunder Wave|p1b: Iron Bundle\n|-status|p1b: Iron Bundle|par\n|move|p2b: Arcanine|Flare Blitz|p1b: Iron Bundle\n|-damage|p1b: Iron Bundle|45\/100 par\n|-damage|p2b: Arcanine|9\/100|[from] Recoil\n|move|p1b: Iron Bundle|Freeze-Dry|p2b: Arcanine\n|-resisted|p2b: Arcanine\n|-damage|p2b: Arcanine|0 fnt\n|faint|p2b: Arcanine\n|cant|p1a: Flutter Mane|par\n|\n|upkeep\n|\n|t:|1684092480\n|switch|p2b: Palafin|Palafin-Hero, L50, M, shiny|100\/100\n|-activate|p2b: Palafin|ability: Zero to Hero\n|turn|7\n|\n|t:|1684092496\n|move|p2b: Palafin|Protect|p2b: Palafin\n|-singleturn|p2b: Palafin|Protect\n|move|p1b: Iron Bundle|Freeze-Dry|p2b: Palafin\n|-activate|p2b: Palafin|move: Protect\n|move|p2a: Klefki|Foul Play|p1b: Iron Bundle\n|-damage|p1b: Iron Bundle|27\/100 par\n|move|p1a: Flutter Mane|Shadow Ball|p2a: Klefki\n|-damage|p2a: Klefki|13\/100\n|-unboost|p2a: Klefki|spd|1\n|\n|upkeep\n|turn|8\n|\n|t:|1684092527\n|move|p2b: Palafin|Close Combat|p1b: Iron Bundle\n|-supereffective|p1b: Iron Bundle\n|-damage|p1b: Iron Bundle|0 fnt\n|-unboost|p2b: Palafin|def|1\n|-unboost|p2b: Palafin|spd|1\n|faint|p1b: Iron Bundle\n|-end|p1b: Iron Bundle|Quark Drive|[silent]\n|move|p2a: Klefki|Foul Play|p1a: Flutter Mane\n|-damage|p1a: Flutter Mane|19\/100 par\n|move|p1a: Flutter Mane|Shadow Ball|p2a: Klefki\n|-damage|p2a: Klefki|0 fnt\n|faint|p2a: Klefki\n|\n|upkeep\n|\n|t:|1684092539\n|switch|p1b: Garchomp|Garchomp, L50, F|62\/100 brn\n|turn|9\n|\n|t:|1684092551\n|move|p2b: Palafin|Jet Punch|p1a: Flutter Mane\n|-damage|p1a: Flutter Mane|0 fnt\n|faint|p1a: Flutter Mane\n|-end|p1a: Flutter Mane|Protosynthesis|[silent]\n|move|p1b: Garchomp|Dragon Claw|p2b: Palafin\n|-crit|p2b: Palafin\n|-damage|p2b: Palafin|24\/100\n|\n|-damage|p1b: Garchomp|56\/100 brn|[from] brn\n|-sideend|p2: alpha pineaple|Reflect\n|upkeep\n|turn|10\n|\n|t:|1684092562\n|move|p2b: Palafin|Wave Crash|p1b: Garchomp\n|-damage|p1b: Garchomp|0 fnt\n|-damage|p2b: Palafin|11\/100|[from] ability: Rough Skin|[of] p1b: Garchomp\n|faint|p1b: Garchomp\n|-damage|p2b: Palafin|0 fnt|[from] Recoil\n|faint|p2b: Palafin\n|\n|win|alpha pineaple\n|raw|TGH_sr's rating: 1102 → 1075<\/strong> (-27 for losing)\n|raw|alpha pineaple's rating: 1076 → 1107<\/strong> (+31 for winning)\n|l|\u2606TGH_sr\n|c|\u2606alpha pineaple|gg\n","uploadtime":1684092579,"views":6,"p1id":"tghsr","p2id":"alphapineaple","formatid":"gen9vgc2023regulationc","rating":1075,"private":0,"password":""}