{"id":"gen9vgc2023regulationc-1849939856","p1":"D14m0n17","p2":"redthunder621","format":"[Gen 9] VGC 2023 Regulation C","log":"|j|\u2606D14m0n17\n|j|\u2606redthunder621\n|t:|1682270282\n|gametype|doubles\n|player|p1|D14m0n17|102|1105\n|player|p2|redthunder621|101|1190\n|teamsize|p1|6\n|teamsize|p2|6\n|gen|9\n|tier|[Gen 9] VGC 2023 Regulation C\n|rated|\n|rule|Species Clause: Limit one of each Pok\u00e9mon\n|rule|Item Clause: Limit one of each item\n|clearpoke\n|poke|p1|Cyclizar, L50, M|\n|poke|p1|Amoonguss, L50, F|\n|poke|p1|Iron Hands, L50|\n|poke|p1|Gothitelle, L50, F|\n|poke|p1|Ting-Lu, L50|\n|poke|p1|Flutter Mane, L50|\n|poke|p2|Clodsire, L50, F|\n|poke|p2|Sandy Shocks, L50|\n|poke|p2|Chi-Yu, L50|\n|poke|p2|Flutter Mane, L50|\n|poke|p2|Dragonite, L50, M|\n|poke|p2|Chien-Pao, L50|\n|teampreview|4\n|\n|t:|1682270320\n|start\n|switch|p1a: Cyclizar|Cyclizar, L50, M, shiny|100\/100\n|switch|p1b: Amoonguss|Amoonguss, L50, F, shiny|100\/100\n|switch|p2a: Clodsire|Clodsire, L50, F|100\/100\n|switch|p2b: Sandy Shocks|Sandy Shocks, L50|100\/100\n|-enditem|p2b: Sandy Shocks|Booster Energy\n|-activate|p2b: Sandy Shocks|ability: Protosynthesis|[fromitem]\n|-start|p2b: Sandy Shocks|protosynthesisspe\n|turn|1\n|\n|t:|1682270340\n|move|p1b: Amoonguss|Rage Powder|p1b: Amoonguss\n|-singleturn|p1b: Amoonguss|move: Rage Powder\n|move|p2b: Sandy Shocks|Flash Cannon|p1b: Amoonguss\n|-damage|p1b: Amoonguss|84\/100\n|move|p1a: Cyclizar|Shed Tail|p1a: Cyclizar\n|-start|p1a: Cyclizar|Substitute|[from] move: Shed Tail\n|-damage|p1a: Cyclizar|50\/100\n|-enditem|p1a: Cyclizar|Sitrus Berry|[eat]\n|-heal|p1a: Cyclizar|75\/100|[from] item: Sitrus Berry\n|\n|t:|1682270348\n|switch|p1a: Iron Hands|Iron Hands, L50, shiny|100\/100|[from] Shed Tail\n|move|p2a: Clodsire|Yawn|p1b: Amoonguss\n|-start|p1b: Amoonguss|move: Yawn|[of] p2a: Clodsire\n|\n|-heal|p1b: Amoonguss|90\/100|[from] item: Black Sludge\n|upkeep\n|turn|2\n|\n|t:|1682270378\n|switch|p1b: Dawg|Ting-Lu, L50|100\/100\n|-ability|p1b: Dawg|Vessel of Ruin\n|switch|p2a: Chien-Pao|Chien-Pao, L50|100\/100\n|-ability|p2a: Chien-Pao|Sword of Ruin\n|move|p2b: Sandy Shocks|Earth Power|p1a: Iron Hands\n|-supereffective|p1a: Iron Hands\n|-end|p1a: Iron Hands|Substitute\n|move|p1a: Iron Hands|Belly Drum|p1a: Iron Hands\n|-damage|p1a: Iron Hands|51\/100\n|-setboost|p1a: Iron Hands|atk|6|[from] move: Belly Drum\n|\n|upkeep\n|turn|3\n|\n|t:|1682270433\n|move|p2a: Chien-Pao|Protect|p2a: Chien-Pao\n|-singleturn|p2a: Chien-Pao|Protect\n|move|p2b: Sandy Shocks|Earth Power|p1a: Iron Hands\n|-supereffective|p1a: Iron Hands\n|-damage|p1a: Iron Hands|0 fnt\n|faint|p1a: Iron Hands\n|-end|p1a: Iron Hands|Quark Drive|[silent]\n|move|p1b: Dawg|Heavy Slam|p2a: Chien-Pao\n|-activate|p2a: Chien-Pao|move: Protect\n|\n|upkeep\n|\n|t:|1682270458\n|switch|p1a: Cyclizar|Cyclizar, L50, M, shiny|100\/100\n|turn|4\n|\n|t:|1682270483\n|move|p2b: Sandy Shocks|Flash Cannon|p1a: Cyclizar\n|-damage|p1a: Cyclizar|65\/100\n|move|p2a: Chien-Pao|Sacred Sword|p1b: Dawg\n|-supereffective|p1b: Dawg\n|-damage|p1b: Dawg|65\/100\n|move|p1a: Cyclizar|Shed Tail|p1a: Cyclizar\n|-start|p1a: Cyclizar|Substitute|[from] move: Shed Tail\n|-damage|p1a: Cyclizar|15\/100\n|\n|t:|1682270491\n|switch|p1a: Amoonguss|Amoonguss, L50, F, shiny|100\/100|[from] Shed Tail\n|move|p1b: Dawg|Heavy Slam|p2a: Chien-Pao\n|-supereffective|p2a: Chien-Pao\n|-damage|p2a: Chien-Pao|29\/100\n|\n|upkeep\n|turn|5\n|\n|t:|1682270515\n|move|p2b: Sandy Shocks|Earth Power|p1b: Dawg\n|-damage|p1b: Dawg|46\/100\n|-unboost|p1b: Dawg|spd|1\n|move|p2a: Chien-Pao|Ice Spinner|p1a: Amoonguss\n|-supereffective|p1a: Amoonguss\n|-end|p1a: Amoonguss|Substitute\n|move|p1b: Dawg|Fissure|p2b: Sandy Shocks|[miss]\n|-miss|p1b: Dawg|p2b: Sandy Shocks\n|move|p1a: Amoonguss|Spore|p2b: Sandy Shocks\n|-status|p2b: Sandy Shocks|slp|[from] move: Spore\n|\n|upkeep\n|turn|6\n|\n|t:|1682270552\n|move|p1a: Amoonguss|Protect|p1a: Amoonguss\n|-singleturn|p1a: Amoonguss|Protect\n|cant|p2b: Sandy Shocks|slp\n|move|p2a: Chien-Pao|Ice Spinner|p1a: Amoonguss\n|-activate|p1a: Amoonguss|move: Protect\n|move|p1b: Dawg|Heavy Slam|p2a: Chien-Pao\n|-supereffective|p2a: Chien-Pao\n|-damage|p2a: Chien-Pao|0 fnt\n|faint|p2a: Chien-Pao\n|\n|upkeep\n|\n|t:|1682270563\n|switch|p2a: Clodsire|Clodsire, L50, F|100\/100\n|turn|7\n|\n|t:|1682270584\n|cant|p2b: Sandy Shocks|slp\n|move|p1b: Dawg|Fissure|p2b: Sandy Shocks|[miss]\n|-miss|p1b: Dawg|p2b: Sandy Shocks\n|move|p1a: Amoonguss|Spore|p2a: Clodsire\n|-status|p2a: Clodsire|slp|[from] move: Spore\n|cant|p2a: Clodsire|slp\n|\n|upkeep\n|turn|8\n|\n|t:|1682270599\n|cant|p2b: Sandy Shocks|slp\n|move|p1b: Dawg|Stomping Tantrum|p2b: Sandy Shocks\n|-supereffective|p2b: Sandy Shocks\n|-damage|p2b: Sandy Shocks|0 fnt\n|faint|p2b: Sandy Shocks\n|-end|p2b: Sandy Shocks|Protosynthesis|[silent]\n|move|p1a: Amoonguss|Pollen Puff|p1b: Dawg\n|-heal|p1b: Dawg|96\/100\n|cant|p2a: Clodsire|slp\n|\n|upkeep\n|\n|t:|1682270608\n|switch|p2b: Dragonite|Dragonite, L50, M|100\/100\n|turn|9\n|\n|t:|1682270629\n|move|p2b: Dragonite|Ice Spinner|p1a: Amoonguss\n|-supereffective|p1a: Amoonguss\n|-damage|p1a: Amoonguss|9\/100\n|move|p1b: Dawg|Heavy Slam|p2b: Dragonite\n|-damage|p2b: Dragonite|91\/100\n|move|p1a: Amoonguss|Spore|p2a: Clodsire\n|-fail|p2a: Clodsire|slp\n|cant|p2a: Clodsire|slp\n|\n|-heal|p1a: Amoonguss|15\/100|[from] item: Black Sludge\n|upkeep\n|turn|10\n|\n|t:|1682270651\n|move|p1a: Amoonguss|Protect|p1a: Amoonguss\n|-singleturn|p1a: Amoonguss|Protect\n|move|p2b: Dragonite|Ice Spinner|p1b: Dawg\n|-supereffective|p1b: Dawg\n|-damage|p1b: Dawg|58\/100\n|move|p1b: Dawg|Ruination|p2b: Dragonite\n|-damage|p2b: Dragonite|46\/100\n|-curestatus|p2a: Clodsire|slp|[msg]\n|move|p2a: Clodsire|Yawn|p1a: Amoonguss\n|-activate|p1a: Amoonguss|move: Protect\n|\n|-heal|p1a: Amoonguss|21\/100|[from] item: Black Sludge\n|upkeep\n|turn|11\n|\n|t:|1682270707\n|switch|p1b: Cyclizar|Cyclizar, L50, M, shiny|48\/100\n|move|p2b: Dragonite|Ice Spinner|p1a: Amoonguss\n|-supereffective|p1a: Amoonguss\n|-damage|p1a: Amoonguss|0 fnt\n|faint|p1a: Amoonguss\n|move|p2a: Clodsire|Yawn|p1b: Cyclizar\n|-start|p1b: Cyclizar|move: Yawn|[of] p2a: Clodsire\n|\n|upkeep\n|\n|t:|1682270716\n|switch|p1a: Dawg|Ting-Lu, L50|58\/100\n|-ability|p1a: Dawg|Vessel of Ruin\n|turn|12\n|\n|t:|1682270737\n|move|p1b: Cyclizar|Dragon Claw|p2b: Dragonite\n|-supereffective|p2b: Dragonite\n|-damage|p2b: Dragonite|0 fnt\n|faint|p2b: Dragonite\n|move|p1a: Dawg|Heavy Slam|p2a: Clodsire\n|-damage|p2a: Clodsire|82\/100\n|move|p2a: Clodsire|Yawn|p1a: Dawg\n|-start|p1a: Dawg|move: Yawn|[of] p2a: Clodsire\n|\n|-heal|p2a: Clodsire|88\/100|[from] item: Leftovers\n|-end|p1b: Cyclizar|move: Yawn|[silent]\n|-status|p1b: Cyclizar|slp\n|upkeep\n|turn|13\n|\n|t:|1682270780\n|cant|p1b: Cyclizar|slp\n|move|p1a: Dawg|Fissure|p2a: Clodsire\n|-damage|p2a: Clodsire|0 fnt\n|faint|p2a: Clodsire\n|-ohko\n|\n|win|D14m0n17\n|raw|D14m0n17's rating: 1105 → 1136<\/strong> (+31 for winning)\n|raw|redthunder621's rating: 1190 → 1159<\/strong> (-31 for losing)\n|l|\u2606redthunder621\n","uploadtime":1682270824,"views":11,"p1id":"d14m0n17","p2id":"redthunder621","formatid":"gen9vgc2023regulationc","rating":1136,"private":0,"password":""}