{"id":"gen9vgc2023regulationc-1858396975","p1":"Z Strats","p2":"SvenVGC","format":"[Gen 9] VGC 2023 Regulation C","log":"|j|\u2606Z Strats\n|j|\u2606SvenVGC\n|t:|1683308488\n|gametype|doubles\n|player|p1|Z Strats|#scl2platoon|\n|player|p2|SvenVGC|nate|\n|teamsize|p1|6\n|teamsize|p2|6\n|gen|9\n|tier|[Gen 9] VGC 2023 Regulation C\n|rule|Species Clause: Limit one of each Pok\u00e9mon\n|rule|Item Clause: Limit one of each item\n|clearpoke\n|poke|p1|Dragonite, L50, M|\n|poke|p1|Ting-Lu, L50|\n|poke|p1|Arcanine, L50, M|\n|poke|p1|Flutter Mane, L50|\n|poke|p1|Amoonguss, L50, M|\n|poke|p1|Palafin, L50, M|\n|poke|p2|Torkoal, L50, F|\n|poke|p2|Jumpluff, L50, M|\n|poke|p2|Flutter Mane, L50|\n|poke|p2|Kingambit, L50, M|\n|poke|p2|Great Tusk, L50|\n|poke|p2|Chien-Pao, L50|\n|teampreview|4\n|c|\u2606Z Strats|g2\nSvenVGC has agreed to open team sheets.\n|j| MausHoldMyHand\n|l| MausHoldMyHand\n|j| Serena\n|j|+Howkings\nZ Strats has agreed to open team sheets.\n|c|\u2606SvenVGC|gl hf\n|c|\u2606Z Strats|hf\n|j| outdz izon\n|j| Ally\n|\n|t:|1683309067\n|start\n|switch|p1a: Dragonite|Dragonite, L50, M|100\/100\n|switch|p1b: Amoonguss|Amoonguss, L50, M|100\/100\n|switch|p2a: Kingambit|Kingambit, L50, M|100\/100\n|switch|p2b: Chien-Pao|Chien-Pao, L50|100\/100\n|-ability|p2b: Chien-Pao|Sword of Ruin\n|turn|1\n|j|+Qwily\n|j| tyo\n|j| PqlarBear\n|\n|t:|1683309109\n|-terastallize|p1a: Dragonite|Flying\n|-terastallize|p2a: Kingambit|Fire\n|move|p2b: Chien-Pao|Protect|p2b: Chien-Pao\n|-singleturn|p2b: Chien-Pao|Protect\n|move|p1b: Amoonguss|Rage Powder|p1b: Amoonguss\n|-singleturn|p1b: Amoonguss|move: Rage Powder\n|move|p1a: Dragonite|Tera Blast|p2b: Chien-Pao\n|-activate|p2b: Chien-Pao|move: Protect\n|move|p2a: Kingambit|Tera Blast|p1b: Amoonguss\n|-supereffective|p1b: Amoonguss\n|-damage|p1b: Amoonguss|2\/100\n|-enditem|p1b: Amoonguss|Sitrus Berry|[eat]\n|-heal|p1b: Amoonguss|27\/100|[from] item: Sitrus Berry\n|\n|upkeep\n|turn|2\n|j|+Actuarily\n|\n|t:|1683309169\n|move|p1b: Amoonguss|Rage Powder|p1b: Amoonguss\n|-singleturn|p1b: Amoonguss|move: Rage Powder\n|move|p2b: Chien-Pao|Ice Spinner|p1b: Amoonguss\n|-supereffective|p1b: Amoonguss\n|-damage|p1b: Amoonguss|0 fnt\n|faint|p1b: Amoonguss\n|move|p1a: Dragonite|Tera Blast|p2b: Chien-Pao\n|-damage|p2b: Chien-Pao|9\/100\n|move|p2a: Kingambit|Iron Head|p1a: Dragonite\n|-damage|p1a: Dragonite|72\/100\n|\n|upkeep\n|\n|t:|1683309179\n|switch|p1b: Ting-Lu|Ting-Lu, L50|100\/100\n|-ability|p1b: Ting-Lu|Vessel of Ruin\n|turn|3\n|\n|t:|1683309231\n|move|p1a: Dragonite|Extreme Speed|p2b: Chien-Pao\n|-damage|p2b: Chien-Pao|0 fnt\n|faint|p2b: Chien-Pao\n|move|p2a: Kingambit|Kowtow Cleave|p1a: Dragonite\n|-damage|p1a: Dragonite|21\/100\n|move|p1b: Ting-Lu|Earthquake|p2a: Kingambit|[spread] p2a\n|-immune|p1a: Dragonite\n|-supereffective|p2a: Kingambit\n|-damage|p2a: Kingambit|48\/100\n|\n|upkeep\n|l| Ally\n|\n|t:|1683309252\n|switch|p2b: Great Tusk|Great Tusk, L50|100\/100\n|turn|4\n|l|+Actuarily\n|j| Ally\n|\n|t:|1683309312\n|switch|p2a: Torkoal|Torkoal, L50, F|100\/100\n|-weather|SunnyDay|[from] ability: Drought|[of] p2a: Torkoal\n|-activate|p2b: Great Tusk|ability: Protosynthesis\n|-start|p2b: Great Tusk|protosynthesisatk\n|move|p2b: Great Tusk|Rock Slide|p1b: Ting-Lu|[spread] p1a,p1b\n|-supereffective|p1a: Dragonite\n|-resisted|p1b: Ting-Lu\n|-damage|p1a: Dragonite|0 fnt\n|-damage|p1b: Ting-Lu|93\/100\n|faint|p1a: Dragonite\n|cant|p1b: Ting-Lu|flinch\n|\n|-weather|SunnyDay|[upkeep]\n|upkeep\n|j| DLTME Papi\n|\n|t:|1683309321\n|switch|p1a: Flutter Mane|Flutter Mane, L50|100\/100\n|-activate|p1a: Flutter Mane|ability: Protosynthesis\n|-start|p1a: Flutter Mane|protosynthesisspa\n|turn|5\n|\n|t:|1683309364\n|-end|p2b: Great Tusk|Protosynthesis|[silent]\n|switch|p2b: Kingambit|Kingambit, L50, M, tera:Fire|48\/100\n|move|p2a: Torkoal|Protect|p2a: Torkoal\n|-singleturn|p2a: Torkoal|Protect\n|move|p1a: Flutter Mane|Moonblast|p2b: Kingambit\n|-resisted|p2b: Kingambit\n|-damage|p2b: Kingambit|31\/100\n|-unboost|p2b: Kingambit|spa|1\n|-ability|p2b: Kingambit|Defiant|boost\n|-boost|p2b: Kingambit|atk|2\n|move|p1b: Ting-Lu|Stomping Tantrum|p2b: Kingambit\n|-supereffective|p2b: Kingambit\n|-damage|p2b: Kingambit|0 fnt\n|faint|p2b: Kingambit\n|\n|-weather|SunnyDay|[upkeep]\n|upkeep\n|\n|t:|1683309369\n|switch|p2b: Great Tusk|Great Tusk, L50|100\/100\n|-activate|p2b: Great Tusk|ability: Protosynthesis\n|-start|p2b: Great Tusk|protosynthesisatk\n|turn|6\n|l| Ally\n|\n|t:|1683309400\n|move|p1a: Flutter Mane|Protect|p1a: Flutter Mane\n|-singleturn|p1a: Flutter Mane|Protect\n|move|p2a: Torkoal|Protect|p2a: Torkoal\n|-singleturn|p2a: Torkoal|Protect\n|move|p2b: Great Tusk|Earthquake|p1b: Ting-Lu|[spread] p1b\n|-activate|p2a: Torkoal|move: Protect\n|-activate|p1a: Flutter Mane|move: Protect\n|-damage|p1b: Ting-Lu|62\/100\n|move|p1b: Ting-Lu|Earthquake|p2b: Great Tusk|[spread] p2b\n|-activate|p1a: Flutter Mane|move: Protect\n|-activate|p2a: Torkoal|move: Protect\n|-damage|p2b: Great Tusk|72\/100\n|\n|-weather|SunnyDay|[upkeep]\n|upkeep\n|turn|7\n|\n|t:|1683309444\n|move|p2a: Torkoal|Helping Hand|p2b: Great Tusk\n|-singleturn|p2b: Great Tusk|Helping Hand|[of] p2a: Torkoal\n|move|p2b: Great Tusk|Earthquake|p1a: Flutter Mane|[spread] p2a,p1a,p1b\n|-supereffective|p2a: Torkoal\n|-damage|p2a: Torkoal|0 fnt\n|-damage|p1a: Flutter Mane|0 fnt\n|-damage|p1b: Ting-Lu|20\/100\n|faint|p2a: Torkoal\n|faint|p1a: Flutter Mane\n|-end|p1a: Flutter Mane|Protosynthesis|[silent]\n|move|p1b: Ting-Lu|Earthquake|p2b: Great Tusk\n|-damage|p2b: Great Tusk|37\/100\n|\n|-weather|SunnyDay|[upkeep]\n|upkeep\n|turn|8\n|\n|t:|1683309450\n|move|p2b: Great Tusk|Earthquake|p1b: Ting-Lu\n|-damage|p1b: Ting-Lu|0 fnt\n|faint|p1b: Ting-Lu\n|\n|win|SvenVGC\n|c|\u2606Z Strats|gg\n|c|\u2606SvenVGC|gg\n|l| Serena\n|l| DLTME Papi\n|l| tyo\n|l|+Qwily\n|j| Ally\n|l| Ally\n|l| outdz izon\n|j| oriol.plazai\n|l| oriol.plazai\n","uploadtime":1683310046,"views":16,"p1id":"zstrats","p2id":"svenvgc","formatid":"gen9vgc2023regulationc","rating":0,"private":0,"password":""}