{"id":"gen9vgc2023regulationc-1861163762","p1":"shikico","p2":"Gh0stlyPlanet","format":"[Gen 9] VGC 2023 Regulation C","log":"|j|\u2606shikico\n|j|\u203dGh0stlyPlanet\n|t:|1683732157\n|gametype|doubles\n|player|p1|shikico|101|1564\n|player|p2|Gh0stlyPlanet|265|1661\n|teamsize|p1|6\n|teamsize|p2|5\n|gen|9\n|tier|[Gen 9] VGC 2023 Regulation C\n|rated|\n|rule|Species Clause: Limit one of each Pok\u00e9mon\n|rule|Item Clause: Limit one of each item\n|clearpoke\n|poke|p1|Gothitelle, L50, F|\n|poke|p1|Coalossal, L50, F|\n|poke|p1|Azumarill, L50, F|\n|poke|p1|Dragapult, L50, F|\n|poke|p1|Ting-Lu, L50|\n|poke|p1|Luxray, L50, F|\n|poke|p2|Wo-Chien, L50|\n|poke|p2|Flutter Mane, L50|\n|poke|p2|Chi-Yu, L50|\n|poke|p2|Glimmora, L50, F|\n|poke|p2|Dondozo, L50, F|\n|teampreview|4\n|inactive|Battle timer is ON: inactive players will automatically lose when time's up. (requested by shikico)\n|inactive|Gh0stlyPlanet has 60 seconds left.\n|inactive|shikico has 60 seconds left.\n|\n|t:|1683732211\n|start\n|switch|p1a: Coalossal|Coalossal, L50, F|100\/100\n|switch|p1b: Azumarill|Azumarill, L50, F|100\/100\n|switch|p2a: Glimmora|Glimmora, L50, F|100\/100\n|switch|p2b: Wo-Chien|Wo-Chien, L50|100\/100\n|-ability|p2b: Wo-Chien|Tablets of Ruin\n|turn|1\n|\n|t:|1683732226\n|switch|p1a: Gothitelle|Gothitelle, L50, F|100\/100\n|-terastallize|p2b: Wo-Chien|Water\n|move|p2a: Glimmora|Power Gem|p1a: Gothitelle\n|-damage|p1a: Gothitelle|74\/100\n|move|p2b: Wo-Chien|Mud Shot|p1a: Gothitelle\n|-damage|p1a: Gothitelle|64\/100\n|-unboost|p1a: Gothitelle|spe|1\n|move|p1b: Azumarill|Perish Song|p1b: Azumarill\n|-start|p1a: Gothitelle|perish3|[silent]\n|-start|p1b: Azumarill|perish3|[silent]\n|-start|p2a: Glimmora|perish3|[silent]\n|-start|p2b: Wo-Chien|perish3|[silent]\n|-fieldactivate|move: Perish Song\n|\n|-heal|p1a: Gothitelle|70\/100|[from] item: Leftovers\n|-start|p2a: Glimmora|perish3\n|-start|p2b: Wo-Chien|perish3\n|-start|p1a: Gothitelle|perish3\n|-start|p1b: Azumarill|perish3\n|upkeep\n|turn|2\n|j| Rabbihorn\n|inactive|shikico has 30 seconds left.\n|\n|t:|1683732256\n|switch|p1b: Ting-Lu|Ting-Lu, L50|100\/100\n|-ability|p1b: Ting-Lu|Vessel of Ruin\n|move|p1a: Gothitelle|Fake Out|p2b: Wo-Chien\n|-damage|p2b: Wo-Chien|97\/100\n|move|p2a: Glimmora|Mortal Spin|p1a: Gothitelle|[spread] p1a,p1b\n|-resisted|p1b: Ting-Lu\n|-damage|p1a: Gothitelle|68\/100\n|-damage|p1b: Ting-Lu|99\/100\n|-status|p1a: Gothitelle|psn\n|-status|p1b: Ting-Lu|psn\n|cant|p2b: Wo-Chien|flinch\n|\n|-heal|p1a: Gothitelle|74\/100 psn|[from] item: Leftovers\n|-damage|p1b: Ting-Lu|87\/100 psn|[from] psn\n|-damage|p1a: Gothitelle|62\/100 psn|[from] psn\n|-start|p2a: Glimmora|perish2\n|-start|p2b: Wo-Chien|perish2\n|-start|p1a: Gothitelle|perish2\n|upkeep\n|turn|3\n|inactive|Gh0stlyPlanet has 30 seconds left.\n|inactive|Gh0stlyPlanet has 20 seconds left.\n|inactive|Gh0stlyPlanet has 15 seconds left.\n|\n|t:|1683732300\n|move|p1a: Gothitelle|Protect|p1a: Gothitelle\n|-singleturn|p1a: Gothitelle|Protect\n|move|p2a: Glimmora|Stealth Rock|p1b: Ting-Lu\n|-sidestart|p1: shikico|move: Stealth Rock\n|move|p2b: Wo-Chien|Ruination|p1b: Ting-Lu\n|-damage|p1b: Ting-Lu|44\/100 psn\n|move|p1b: Ting-Lu|Snarl|p2a: Glimmora|[spread] p2a,p2b\n|-damage|p2a: Glimmora|89\/100\n|-damage|p2b: Wo-Chien|93\/100\n|-unboost|p2a: Glimmora|spa|1\n|-unboost|p2b: Wo-Chien|spa|1\n|\n|-heal|p1a: Gothitelle|68\/100 psn|[from] item: Leftovers\n|-damage|p1b: Ting-Lu|32\/100 psn|[from] psn\n|-damage|p1a: Gothitelle|56\/100 psn|[from] psn\n|-start|p2a: Glimmora|perish1\n|-start|p2b: Wo-Chien|perish1\n|-start|p1a: Gothitelle|perish1\n|upkeep\n|turn|4\n|inactive|shikico has 30 seconds left.\n|inactive|shikico has 20 seconds left.\n|inactive|shikico has 15 seconds left.\n|inactive|shikico has 10 seconds left.\n|inactive|shikico has 5 seconds left.\n|\n|t:|1683732355\n|move|p1a: Gothitelle|Protect||[still]\n|-fail|p1a: Gothitelle\n|move|p2a: Glimmora|Mortal Spin|p1a: Gothitelle|[spread] p1a,p1b\n|-resisted|p1b: Ting-Lu\n|-damage|p1a: Gothitelle|53\/100 psn\n|-damage|p1b: Ting-Lu|31\/100 psn\n|move|p2b: Wo-Chien|Leaf Storm|p1a: Gothitelle\n|-damage|p1a: Gothitelle|36\/100 psn\n|-unboost|p2b: Wo-Chien|spa|2\n|move|p1b: Ting-Lu|Stomping Tantrum|p2b: Wo-Chien\n|-damage|p2b: Wo-Chien|74\/100\n|\n|-heal|p1a: Gothitelle|42\/100 psn|[from] item: Leftovers\n|-damage|p1b: Ting-Lu|19\/100 psn|[from] psn\n|-damage|p1a: Gothitelle|29\/100 psn|[from] psn\n|-start|p2a: Glimmora|perish0\n|-start|p2b: Wo-Chien|perish0\n|-start|p1a: Gothitelle|perish0\n|upkeep\n|faint|p2a: Glimmora\n|faint|p2b: Wo-Chien\n|faint|p1a: Gothitelle\n|\n|t:|1683732370\n|switch|p2a: Chi-Yu|Chi-Yu, L50|100\/100\n|switch|p2b: Flutter Mane|Flutter Mane, L50|100\/100\n|switch|p1a: Azumarill|Azumarill, L50, F|100\/100\n|-ability|p2a: Chi-Yu|Beads of Ruin\n|-damage|p1a: Azumarill|88\/100|[from] Stealth Rock\n|-enditem|p2b: Flutter Mane|Booster Energy\n|-activate|p2b: Flutter Mane|ability: Protosynthesis|[fromitem]\n|-start|p2b: Flutter Mane|protosynthesisspe\n|turn|5\n|\n|t:|1683732388\n|move|p2b: Flutter Mane|Moonblast|p1a: Azumarill\n|-damage|p1a: Azumarill|47\/100\n|-enditem|p1a: Azumarill|Sitrus Berry|[eat]\n|-heal|p1a: Azumarill|72\/100|[from] item: Sitrus Berry\n|move|p2a: Chi-Yu|Heat Wave|p1b: Ting-Lu|[spread] p1a,p1b\n|-resisted|p1a: Azumarill\n|-damage|p1a: Azumarill|55\/100\n|-damage|p1b: Ting-Lu|0 fnt\n|faint|p1b: Ting-Lu\n|move|p1a: Azumarill|Perish Song|p1a: Azumarill\n|-start|p1a: Azumarill|perish3|[silent]\n|-start|p2a: Chi-Yu|perish3|[silent]\n|-start|p2b: Flutter Mane|perish3|[silent]\n|-fieldactivate|move: Perish Song\n|\n|-start|p2b: Flutter Mane|perish3\n|-start|p2a: Chi-Yu|perish3\n|-start|p1a: Azumarill|perish3\n|upkeep\n|\n|t:|1683732401\n|switch|p1b: Coalossal|Coalossal, L50, F|100\/100\n|-damage|p1b: Coalossal|76\/100|[from] Stealth Rock\n|turn|6\n|\n|t:|1683732408\n|move|p1b: Coalossal|Protect|p1b: Coalossal\n|-singleturn|p1b: Coalossal|Protect\n|move|p1a: Azumarill|Protect|p1a: Azumarill\n|-singleturn|p1a: Azumarill|Protect\n|move|p2b: Flutter Mane|Moonblast|p1a: Azumarill\n|-activate|p1a: Azumarill|move: Protect\n|move|p2a: Chi-Yu|Dark Pulse|p1b: Coalossal\n|-activate|p1b: Coalossal|move: Protect\n|\n|-start|p2b: Flutter Mane|perish2\n|-start|p2a: Chi-Yu|perish2\n|-start|p1a: Azumarill|perish2\n|upkeep\n|turn|7\n|\n|t:|1683732430\n|-terastallize|p1b: Coalossal|Fire\n|move|p1a: Azumarill|Aqua Jet|p1b: Coalossal\n|-supereffective|p1b: Coalossal\n|-damage|p1b: Coalossal|62\/100\n|-ability|p1b: Coalossal|Steam Engine|boost\n|-boost|p1b: Coalossal|spe|6\n|-enditem|p1b: Coalossal|Weakness Policy\n|-boost|p1b: Coalossal|atk|2|[from] item: Weakness Policy\n|-boost|p1b: Coalossal|spa|2|[from] item: Weakness Policy\n|move|p1b: Coalossal|Rock Slide|p2b: Flutter Mane|[spread] p2a,p2b\n|-supereffective|p2a: Chi-Yu\n|-enditem|p2a: Chi-Yu|Focus Sash\n|-damage|p2a: Chi-Yu|1\/100\n|-damage|p2b: Flutter Mane|18\/100\n|move|p2b: Flutter Mane|Moonblast|p1a: Azumarill\n|-damage|p1a: Azumarill|1\/100\n|move|p2a: Chi-Yu|Dark Pulse|p1b: Coalossal\n|-damage|p1b: Coalossal|2\/100\n|\n|-start|p2b: Flutter Mane|perish1\n|-start|p2a: Chi-Yu|perish1\n|-start|p1a: Azumarill|perish1\n|upkeep\n|turn|8\n|-message|Gh0stlyPlanet forfeited.\n|\n|win|shikico\n|raw|shikico's rating: 1564 → 1589<\/strong> (+25 for winning)\n|raw|Gh0stlyPlanet's rating: 1661 → 1636<\/strong> (-25 for losing)\n|l|\u203dGh0stlyPlanet\n|l|\u2606shikico\n","uploadtime":1683732474,"views":7,"p1id":"shikico","p2id":"gh0stlyplanet","formatid":"gen9vgc2023regulationc","rating":1589,"private":0,"password":""}