{"id":"gen9vgc2023regulationc-1848659841","p1":"Mollusck","p2":"ppp96","format":"[Gen 9] VGC 2023 Regulation C","log":"|j|\u2606Mollusck\n|j|\u2606ppp96\n|t:|1682098483\n|gametype|doubles\n|player|p1|Mollusck|hiker-gen4|1400\n|player|p2|ppp96|102|1424\n|teamsize|p1|6\n|teamsize|p2|6\n|gen|9\n|tier|[Gen 9] VGC 2023 Regulation C\n|rated|\n|rule|Species Clause: Limit one of each Pok\u00e9mon\n|rule|Item Clause: Limit one of each item\n|clearpoke\n|poke|p1|Wo-Chien, L50|\n|poke|p1|Chi-Yu, L50|\n|poke|p1|Flutter Mane, L50|\n|poke|p1|Iron Bundle, L50|\n|poke|p1|Grimmsnarl, L50, M|\n|poke|p1|Gastrodon-East, L50, F|\n|poke|p2|Dragonite, L50, F|\n|poke|p2|Glimmora, L50, F|\n|poke|p2|Annihilape, L50, F|\n|poke|p2|Iron Bundle, L50|\n|poke|p2|Flutter Mane, L50|\n|poke|p2|Great Tusk, L50|\n|teampreview|4\n|inactive|Battle timer is ON: inactive players will automatically lose when time's up. (requested by ppp96)\n|j| MondayXyz\n|inactive|ppp96 has 60 seconds left.\n|inactive|Mollusck has 60 seconds left.\nMollusck has agreed to open team sheets.\n|inactive|ppp96 has 30 seconds left.\n|\n|t:|1682098546\n|start\n|switch|p1a: Wo-Chien|Wo-Chien, L50|100\/100\n|switch|p1b: Chi-Yu|Chi-Yu, L50|100\/100\n|switch|p2a: Iron Bundle|Iron Bundle, L50|100\/100\n|switch|p2b: Flutter Mane|Flutter Mane, L50|100\/100\n|-ability|p1b: Chi-Yu|Beads of Ruin\n|-ability|p1a: Wo-Chien|Tablets of Ruin\n|-enditem|p2a: Iron Bundle|Booster Energy\n|-activate|p2a: Iron Bundle|ability: Quark Drive|[fromitem]\n|-start|p2a: Iron Bundle|quarkdrivespe\n|turn|1\n|inactive|Mollusck has 30 seconds left.\n|inactive|ppp96 has 30 seconds left.\n|\n|t:|1682098578\n|-terastallize|p1a: Wo-Chien|Poison\n|move|p2a: Iron Bundle|Taunt|p1a: Wo-Chien\n|-start|p1a: Wo-Chien|move: Taunt\n|move|p2b: Flutter Mane|Dazzling Gleam|p1a: Wo-Chien|[spread] p1a,p1b\n|-resisted|p1a: Wo-Chien\n|-damage|p1a: Wo-Chien|85\/100\n|-damage|p1b: Chi-Yu|70\/100\n|move|p1b: Chi-Yu|Snarl|p2b: Flutter Mane|[spread] p2a,p2b\n|-damage|p2a: Iron Bundle|56\/100\n|-damage|p2b: Flutter Mane|73\/100\n|-unboost|p2a: Iron Bundle|spa|1\n|-unboost|p2b: Flutter Mane|spa|1\n|move|p1a: Wo-Chien|Giga Drain|p2a: Iron Bundle\n|-supereffective|p2a: Iron Bundle\n|-damage|p2a: Iron Bundle|0 fnt\n|-heal|p1a: Wo-Chien|100\/100|[from] drain|[of] p2a: Iron Bundle\n|faint|p2a: Iron Bundle\n|-end|p2a: Iron Bundle|Quark Drive|[silent]\n|\n|upkeep\n|j| itsmoocher\n|\n|t:|1682098598\n|switch|p2a: Great Tusk|Great Tusk, L50|100\/100\n|turn|2\n|\n|t:|1682098617\n|-end|p2b: Flutter Mane|Protosynthesis|[silent]\n|switch|p2b: Dragonite|Dragonite, L50, F|100\/100\n|switch|p1b: Flutter Mane|Flutter Mane, L50|100\/100\n|move|p2a: Great Tusk|Earthquake|p1a: Wo-Chien|[spread] p1a,p1b\n|-immune|p2b: Dragonite\n|-supereffective|p1a: Wo-Chien\n|-damage|p1a: Wo-Chien|49\/100\n|-damage|p1b: Flutter Mane|38\/100\n|move|p1a: Wo-Chien|Giga Drain|p2a: Great Tusk\n|-supereffective|p2a: Great Tusk\n|-damage|p2a: Great Tusk|0 fnt\n|-heal|p1a: Wo-Chien|99\/100|[from] drain|[of] p2a: Great Tusk\n|faint|p2a: Great Tusk\n|-end|p2a: Great Tusk|Protosynthesis|[silent]\n|\n|-heal|p1a: Wo-Chien|100\/100|[from] item: Leftovers\n|upkeep\n|\n|t:|1682098635\n|switch|p2a: Flutter Mane|Flutter Mane, L50|73\/100\n|turn|3\n|inactive|ppp96 has 30 seconds left.\n|\n|t:|1682098670\n|move|p1b: Flutter Mane|Shadow Ball|p2a: Flutter Mane\n|-supereffective|p2a: Flutter Mane\n|-damage|p2a: Flutter Mane|0 fnt\n|faint|p2a: Flutter Mane\n|-end|p2a: Flutter Mane|Protosynthesis|[silent]\n|move|p2b: Dragonite|Aerial Ace|p1a: Wo-Chien\n|-damage|p1a: Wo-Chien|64\/100\n|move|p1a: Wo-Chien|Pollen Puff|p1b: Flutter Mane\n|-heal|p1b: Flutter Mane|88\/100\n|\n|-heal|p1a: Wo-Chien|70\/100|[from] item: Leftovers\n|-end|p1a: Wo-Chien|move: Taunt\n|upkeep\n|turn|4\n|\n|t:|1682098688\n|-terastallize|p2b: Dragonite|Normal\n|move|p1b: Flutter Mane|Dazzling Gleam|p2b: Dragonite\n|-damage|p2b: Dragonite|76\/100\n|move|p2b: Dragonite|Aerial Ace|p1b: Flutter Mane\n|-damage|p1b: Flutter Mane|3\/100\n|move|p1a: Wo-Chien|Leech Seed|p2b: Dragonite\n|-start|p2b: Dragonite|move: Leech Seed\n|\n|-heal|p1a: Wo-Chien|77\/100|[from] item: Leftovers\n|-damage|p2b: Dragonite|64\/100|[from] Leech Seed|[of] p1a: Wo-Chien\n|-heal|p1a: Wo-Chien|87\/100|[silent]\n|upkeep\n|turn|5\n|\n|t:|1682098704\n|move|p1b: Flutter Mane|Protect|p1b: Flutter Mane\n|-singleturn|p1b: Flutter Mane|Protect\n|move|p2b: Dragonite|Aerial Ace|p1a: Wo-Chien\n|-damage|p1a: Wo-Chien|53\/100\n|move|p1a: Wo-Chien|Giga Drain|p2b: Dragonite\n|-damage|p2b: Dragonite|26\/100\n|-heal|p1a: Wo-Chien|69\/100|[from] drain|[of] p2b: Dragonite\n|\n|-heal|p1a: Wo-Chien|75\/100|[from] item: Leftovers\n|-damage|p2b: Dragonite|14\/100|[from] Leech Seed|[of] p1a: Wo-Chien\n|-heal|p1a: Wo-Chien|86\/100|[silent]\n|upkeep\n|turn|6\n|\n|t:|1682098727\n|-end|p1b: Flutter Mane|Protosynthesis|[silent]\n|switch|p1b: Chi-Yu|Chi-Yu, L50|70\/100\n|-ability|p1b: Chi-Yu|Beads of Ruin\n|move|p2b: Dragonite|Aerial Ace|p1a: Wo-Chien\n|-damage|p1a: Wo-Chien|47\/100\n|move|p1a: Wo-Chien|Pollen Puff|p1b: Chi-Yu\n|-heal|p1b: Chi-Yu|100\/100\n|\n|-heal|p1a: Wo-Chien|53\/100|[from] item: Leftovers\n|-damage|p2b: Dragonite|2\/100|[from] Leech Seed|[of] p1a: Wo-Chien\n|-heal|p1a: Wo-Chien|64\/100|[silent]\n|upkeep\n|turn|7\n|\n|t:|1682098743\n|move|p1b: Chi-Yu|Protect|p1b: Chi-Yu\n|-singleturn|p1b: Chi-Yu|Protect\n|move|p2b: Dragonite|Aerial Ace|p1b: Chi-Yu\n|-activate|p1b: Chi-Yu|move: Protect\n|move|p1a: Wo-Chien|Giga Drain|p2b: Dragonite\n|-damage|p2b: Dragonite|0 fnt\n|-heal|p1a: Wo-Chien|64\/100|[from] drain|[of] p2b: Dragonite\n|faint|p2b: Dragonite\n|\n|win|Mollusck\n|raw|Mollusck's rating: 1400 → 1421<\/strong> (+21 for winning)\n|raw|ppp96's rating: 1424 → 1403<\/strong> (-21 for losing)\n|l|\u2606ppp96\n","uploadtime":1682098810,"views":10,"p1id":"mollusck","p2id":"ppp96","formatid":"gen9vgc2023regulationc","rating":1403,"private":0,"password":""}