{"id":"gen9vgc2023regulationc-1849834626","p1":"ChiShuPian de GuLi","p2":"Ciemmelle","format":"[Gen 9] VGC 2023 Regulation C","log":"|j|\u2606ChiShuPian de GuLi\n|j|\u2606Ciemmelle\n|t:|1682258516\n|gametype|doubles\n|player|p1|ChiShuPian de GuLi|penny|\n|player|p2|Ciemmelle|musician|\n|teamsize|p1|6\n|teamsize|p2|6\n|gen|9\n|tier|[Gen 9] VGC 2023 Regulation C\n|rule|Species Clause: Limit one of each Pok\u00e9mon\n|rule|Item Clause: Limit one of each item\n|clearpoke\n|poke|p1|Chi-Yu, L50|\n|poke|p1|Flutter Mane, L50|\n|poke|p1|Roaring Moon, L50|\n|poke|p1|Corviknight, L50, M|\n|poke|p1|Klefki, L50, F|\n|poke|p1|Garchomp, L50, M|\n|poke|p2|Iron Hands, L50|\n|poke|p2|Gyarados, L50, F|\n|poke|p2|Garchomp, L50, M|\n|poke|p2|Flutter Mane, L50|\n|poke|p2|Amoonguss, L50, F|\n|poke|p2|Chi-Yu, L50|\n|teampreview|4\n|c|\u2606Ciemmelle|glhf\n|c|\u2606Ciemmelle|g1\n|c|\u2606ChiShuPian de GuLi|g1\nChiShuPian de GuLi has agreed to open team sheets.\n|c|\u2606ChiShuPian de GuLi|\/log ChiShuPian de GuLi made this room public.\nCiemmelle has agreed to open team sheets.\n|c|\u2606ChiShuPian de GuLi|wait a sec i need to send links to my mates\n|j| gahaku\n|j| Svenvgc\n|j| templevgc\n|j|+Eeveon7 \u2764\ufe0f\n|j| rkd272\n|j| duckpond\n|j| FrostVG\n|j| pairingoffsocks\n|j| Tito Sprigs\n|j| benjinotnice\n|j| FREEDOMFIGHTER28\n|c|\u2606ChiShuPian de GuLi|glhf\n|c|\u2606Ciemmelle|glhf\n|j| Pasta e parmigiano\n|j| JMOdri\n|l| rkd272\n|j| rkd272\n|\n|t:|1682258750\n|start\n|switch|p1a: Klefki|Klefki, L50, F|100\/100\n|switch|p1b: Flutter Mane|Flutter Mane, L50|100\/100\n|switch|p2a: Gyarados|Gyarados, L50, F, shiny|100\/100\n|switch|p2b: Iron Hands|Iron Hands, L50, shiny|100\/100\n|-ability|p2a: Gyarados|Intimidate|boost\n|-unboost|p1a: Klefki|atk|1\n|-unboost|p1b: Flutter Mane|atk|1\n|turn|1\n|j| Kiyonamivgc\n|j| MSI2023\n|l| FREEDOMFIGHTER28\n|j| TabuVGC\n|\n|t:|1682258813\n|-terastallize|p2b: Iron Hands|Fire\n|move|p2a: Gyarados|Protect|p2a: Gyarados\n|-singleturn|p2a: Gyarados|Protect\n|move|p1a: Klefki|Reflect|p1a: Klefki\n|-sidestart|p1: ChiShuPian de GuLi|Reflect\n|move|p1b: Flutter Mane|Thunderbolt|p2a: Gyarados\n|-activate|p2a: Gyarados|move: Protect\n|move|p2b: Iron Hands|Wild Charge|p1b: Flutter Mane\n|-damage|p1b: Flutter Mane|50\/100\n|-damage|p2b: Iron Hands|93\/100|[from] Recoil\n|\n|upkeep\n|turn|2\n|\n|t:|1682258865\n|-end|p1b: Flutter Mane|Protosynthesis|[silent]\n|switch|p1b: Corviknight|Corviknight, L50, M|100\/100\n|switch|p2a: Garchomp|Garchomp, L50, M|100\/100\n|move|p1a: Klefki|Thunder Wave|p2b: Iron Hands\n|-status|p2b: Iron Hands|par\n|move|p2b: Iron Hands|Volt Switch|p1a: Klefki\n|-damage|p1a: Klefki|89\/100\n|\n|t:|1682258874\n|-end|p2b: Iron Hands|Quark Drive|[silent]\n|switch|p2b: Chi-Yu|Chi-Yu, L50|100\/100|[from] Volt Switch\n|-ability|p2b: Chi-Yu|Beads of Ruin\n|\n|upkeep\n|turn|3\n|j| rebornato\n|l| rebornato\n|j| toilet friend\n|j| DisneyLando\n|j| Aldrich\n|\n|t:|1682258949\n|switch|p2a: Iron Hands|Iron Hands, L50, shiny, tera:Fire|93\/100 par\n|move|p1a: Klefki|Light Screen|p1a: Klefki\n|-sidestart|p1: ChiShuPian de GuLi|move: Light Screen\n|move|p2b: Chi-Yu|Heat Wave|p1a: Klefki|[spread] p1a,p1b\n|-supereffective|p1a: Klefki\n|-supereffective|p1b: Corviknight\n|-damage|p1a: Klefki|40\/100\n|-damage|p1b: Corviknight|55\/100\n|-status|p1b: Corviknight|brn\n|move|p1b: Corviknight|Body Press|p2b: Chi-Yu\n|-supereffective|p2b: Chi-Yu\n|-damage|p2b: Chi-Yu|76\/100\n|\n|-damage|p1b: Corviknight|49\/100 brn|[from] brn\n|upkeep\n|turn|4\n|\n|t:|1682259036\n|switch|p1b: Garchomp|Garchomp, L50, M|100\/100\n|move|p2b: Chi-Yu|Heat Wave|p1a: Klefki|[spread] p1b\n|-miss|p2b: Chi-Yu|p1a: Klefki\n|-resisted|p1b: Garchomp\n|-damage|p1b: Garchomp|86\/100\n|move|p1a: Klefki|Dazzling Gleam|p2a: Iron Hands|[spread] p2a,p2b\n|-resisted|p2a: Iron Hands\n|-damage|p2a: Iron Hands|87\/100 par\n|-damage|p2b: Chi-Yu|58\/100\n|move|p2a: Iron Hands|Volt Switch|p1b: Garchomp\n|-immune|p1b: Garchomp\n|\n|upkeep\n|turn|5\n|\n|t:|1682259072\n|switch|p2b: Garchomp|Garchomp, L50, M|100\/100\n|switch|p1a: Flutter Mane|Flutter Mane, L50|50\/100\n|-end|p2a: Iron Hands|Quark Drive|[silent]\n|switch|p2a: Gyarados|Gyarados, L50, F, shiny|100\/100\n|-ability|p2a: Gyarados|Intimidate|boost\n|-unboost|p1a: Flutter Mane|atk|1\n|-unboost|p1b: Garchomp|atk|1\n|move|p1b: Garchomp|Rock Slide|p2a: Gyarados|[spread] p2a,p2b\n|-supereffective|p2a: Gyarados\n|-resisted|p2b: Garchomp\n|-damage|p2a: Gyarados|73\/100\n|-damage|p2b: Garchomp|93\/100\n|\n|-heal|p2a: Gyarados|79\/100|[from] item: Leftovers\n|upkeep\n|turn|6\n|j| yarudake\n|\n|t:|1682259100\n|-terastallize|p1a: Flutter Mane|Fairy\n|move|p2b: Garchomp|Protect|p2b: Garchomp\n|-singleturn|p2b: Garchomp|Protect\n|move|p2a: Gyarados|Protect|p2a: Gyarados\n|-singleturn|p2a: Gyarados|Protect\n|move|p1b: Garchomp|Rock Slide|p2a: Gyarados|[spread] \n|-activate|p2a: Gyarados|move: Protect\n|-activate|p2b: Garchomp|move: Protect\n|move|p1a: Flutter Mane|Dazzling Gleam|p2b: Garchomp|[spread] \n|-activate|p2a: Gyarados|move: Protect\n|-activate|p2b: Garchomp|move: Protect\n|\n|-heal|p2a: Gyarados|85\/100|[from] item: Leftovers\n|upkeep\n|turn|7\n|\n|t:|1682259116\n|switch|p2b: Iron Hands|Iron Hands, L50, shiny, tera:Fire|87\/100 par\n|move|p1b: Garchomp|Rock Slide|p2a: Gyarados|[spread] p2a,p2b\n|-supereffective|p2a: Gyarados\n|-supereffective|p2b: Iron Hands\n|-damage|p2a: Gyarados|57\/100\n|-damage|p2b: Iron Hands|65\/100 par\n|move|p1a: Flutter Mane|Dazzling Gleam|p2a: Gyarados|[spread] p2a,p2b\n|-resisted|p2b: Iron Hands\n|-damage|p2a: Gyarados|12\/100\n|-damage|p2b: Iron Hands|49\/100 par\n|cant|p2a: Gyarados|flinch\n|\n|-heal|p2a: Gyarados|18\/100|[from] item: Leftovers\n|upkeep\n|turn|8\n|j| JEEGROBOTZYGARDE\n|l| Kiyonamivgc\n|\n|t:|1682259151\n|-end|p1a: Flutter Mane|Protosynthesis|[silent]\n|switch|p1a: Klefki|Klefki, L50, F|40\/100\n|move|p2a: Gyarados|Protect|p2a: Gyarados\n|-singleturn|p2a: Gyarados|Protect\n|move|p1b: Garchomp|Rock Slide|p2b: Iron Hands|[spread] p2b\n|-activate|p2a: Gyarados|move: Protect\n|-supereffective|p2b: Iron Hands\n|-damage|p2b: Iron Hands|30\/100 par\n|move|p2b: Iron Hands|Wild Charge|p1a: Klefki\n|-damage|p1a: Klefki|5\/100\n|-damage|p2b: Iron Hands|24\/100 par|[from] Recoil\n|\n|-heal|p2a: Gyarados|24\/100|[from] item: Leftovers\n|-sideend|p1: ChiShuPian de GuLi|Reflect\n|upkeep\n|turn|9\n|\n|t:|1682259169\n|switch|p2a: Garchomp|Garchomp, L50, M|93\/100\n|move|p1a: Klefki|Reflect|p1a: Klefki\n|-sidestart|p1: ChiShuPian de GuLi|Reflect\n|move|p1b: Garchomp|Rock Slide|p2a: Garchomp|[spread] p2a,p2b\n|-resisted|p2a: Garchomp\n|-supereffective|p2b: Iron Hands\n|-damage|p2a: Garchomp|86\/100\n|-damage|p2b: Iron Hands|6\/100 par\n|move|p2b: Iron Hands|Volt Switch|p1a: Klefki\n|-damage|p1a: Klefki|0 fnt\n|faint|p1a: Klefki\n|\n|t:|1682259181\n|-end|p2b: Iron Hands|Quark Drive|[silent]\n|switch|p2b: Gyarados|Gyarados, L50, F, shiny|24\/100|[from] Volt Switch\n|-ability|p2b: Gyarados|Intimidate|boost\n|-unboost|p1b: Garchomp|atk|1\n|\n|-heal|p2b: Gyarados|30\/100|[from] item: Leftovers\n|upkeep\n|\n|t:|1682259188\n|switch|p1a: Flutter Mane|Flutter Mane, L50, tera:Fairy|50\/100\n|turn|10\n|c|\u2606ChiShuPian de GuLi|123231\n|\n|t:|1682259270\n|switch|p1b: Corviknight|Corviknight, L50, M|49\/100 brn\n|move|p2a: Garchomp|Protect|p2a: Garchomp\n|-singleturn|p2a: Garchomp|Protect\n|move|p1a: Flutter Mane|Dazzling Gleam|p2a: Garchomp|[spread] p2b\n|-activate|p2a: Garchomp|move: Protect\n|-damage|p2b: Gyarados|0 fnt\n|faint|p2b: Gyarados\n|\n|-damage|p1b: Corviknight|43\/100 brn|[from] brn\n|-sideend|p1: ChiShuPian de GuLi|move: Light Screen\n|upkeep\n|\n|t:|1682259283\n|switch|p2b: Iron Hands|Iron Hands, L50, shiny, tera:Fire|6\/100 par\n|turn|11\n|\n|t:|1682259322\n|-end|p1a: Flutter Mane|Protosynthesis|[silent]\n|switch|p1a: Garchomp|Garchomp, L50, M|86\/100\n|move|p2b: Iron Hands|Fake Out|p1a: Garchomp\n|-damage|p1a: Garchomp|75\/100\n|-damage|p2b: Iron Hands|0 fnt|[from] ability: Rough Skin|[of] p1a: Garchomp\n|faint|p2b: Iron Hands\n|-end|p2b: Iron Hands|Quark Drive|[silent]\n|move|p2a: Garchomp|Rock Slide|p1a: Garchomp|[spread] p1b\n|-miss|p2a: Garchomp|p1a: Garchomp\n|-damage|p1b: Corviknight|32\/100 brn\n|move|p1b: Corviknight|Brave Bird|p2a: Garchomp\n|-damage|p2a: Garchomp|62\/100\n|-damage|p1b: Corviknight|20\/100 brn|[from] ability: Rough Skin|[of] p2a: Garchomp\n|-damage|p1b: Corviknight|13\/100 brn|[from] Recoil\n|\n|-damage|p1b: Corviknight|7\/100 brn|[from] brn\n|upkeep\n|\n|t:|1682259325\n|switch|p2b: Chi-Yu|Chi-Yu, L50|58\/100\n|-ability|p2b: Chi-Yu|Beads of Ruin\n|turn|12\n|c|\u2606Ciemmelle|gg\n|-message|Ciemmelle forfeited.\n|\n|win|ChiShuPian de GuLi\n|l| DisneyLando\n|c|\u2606ChiShuPian de GuLi|gg\n|l|+Eeveon7 \u2764\ufe0f\n|l| yarudake\n|j| Chongjun\n|l| Chongjun\n|l| benjinotnice\n|j| rollacostavgc\n|j| DisneyLando\n|l| rollacostavgc\n|l| rkd272\n|l| pairingoffsocks\n|l| Pasta e parmigiano\n|j| skoda fabia scam\n|l| skoda fabia scam\n|j| pokeway96\n|j| baaaaat_\n|l| TabuVGC\n|j| rollacostavgc\n|j| TamtamNi\n|l| DisneyLando\n|l| FrostVG\n|l| rollacostavgc\n|l|\u2606Ciemmelle\n|l| JMOdri\n|l| pokeway96\n|l| Tito Sprigs\n|l| baaaaat_\n|l| Aldrich\n|l| Svenvgc\n|l| duckpond\n","uploadtime":1682259934,"views":30,"p1id":"chishupiandeguli","p2id":"ciemmelle","formatid":"gen9vgc2023regulationc","rating":0,"private":0,"password":""}