{"id":"gen9vgc2023regulationc-1847402459","p1":"poppinphresh","p2":"thejordanvgc","format":"[Gen 9] VGC 2023 Regulation C","log":"|j|\u2606poppinphresh\n|j|\u2606thejordanvgc\n|t:|1681950939\n|gametype|doubles\n|player|p1|poppinphresh|preschooler|\n|player|p2|thejordanvgc|102|\n|teamsize|p1|6\n|teamsize|p2|6\n|gen|9\n|tier|[Gen 9] VGC 2023 Regulation C\n|rule|Species Clause: Limit one of each Pok\u00e9mon\n|rule|Item Clause: Limit one of each item\n|clearpoke\n|poke|p1|Frosmoth, L50, M|\n|poke|p1|Sableye, L50, M|\n|poke|p1|Iron Treads, L50|\n|poke|p1|Brambleghast, L50, F|\n|poke|p1|Florges, L50, F|\n|poke|p1|Iron Moth, L50|\n|poke|p2|Flutter Mane, L50|\n|poke|p2|Maushold, L50|\n|poke|p2|Tatsugiri, L50, M|\n|poke|p2|Oranguru, L50, M|\n|poke|p2|Dondozo, L50, M|\n|poke|p2|Copperajah, L50, M|\n|teampreview|4\n|c|\u2606thejordanvgc|encore good brings as always, fucks me up\n|c|\u2606poppinphresh|prankster encore is dirty\n|\n|t:|1681951002\n|start\n|switch|p1a: Iron Mothulus|Iron Moth, L50|100\/100\n|switch|p1b: Frosmoth|Frosmoth, L50, M|100\/100\n|switch|p2a: Lizzo|Flutter Mane, L50|100\/100\n|switch|p2b: Gaming|Maushold, L50|100\/100\n|-enditem|p1a: Iron Mothulus|Booster Energy\n|-activate|p1a: Iron Mothulus|ability: Quark Drive|[fromitem]\n|-start|p1a: Iron Mothulus|quarkdrivespe\n|turn|1\n|\n|t:|1681951037\n|move|p1a: Iron Mothulus|Acid Spray|p2a: Lizzo\n|-damage|p2a: Lizzo|80\/100\n|-unboost|p2a: Lizzo|spd|2\n|move|p2a: Lizzo|Mystical Fire|p1b: Frosmoth\n|-supereffective|p1b: Frosmoth\n|-crit|p1b: Frosmoth\n|-damage|p1b: Frosmoth|4\/100\n|-unboost|p1b: Frosmoth|spa|1\n|-enditem|p1b: Frosmoth|Aguav Berry|[eat]\n|-heal|p1b: Frosmoth|38\/100|[from] item: Aguav Berry\n|move|p2b: Gaming|Population Bomb|p1a: Iron Mothulus\n|-damage|p1a: Iron Mothulus|82\/100\n|-damage|p1a: Iron Mothulus|63\/100\n|-damage|p1a: Iron Mothulus|46\/100\n|-damage|p1a: Iron Mothulus|27\/100\n|-damage|p1a: Iron Mothulus|9\/100\n|-damage|p1a: Iron Mothulus|0 fnt\n|faint|p1a: Iron Mothulus\n|-end|p1a: Iron Mothulus|Quark Drive|[silent]\n|-hitcount|p1: Iron Mothulus|6\n|move|p1b: Frosmoth|Tailwind|p1b: Frosmoth\n|-sidestart|p1: poppinphresh|move: Tailwind\n|\n|upkeep\n|\n|t:|1681951052\n|switch|p1a: Donphuture|Iron Treads, L50|100\/100\n|turn|2\n|c|\u2606thejordanvgc|I did not know they had a 2nd tailwind setter\n|\n|t:|1681951130\n|switch|p1b: MindGoblinReturns|Sableye, L50, M|100\/100\n|move|p1a: Donphuture|Earthquake|p2b: Gaming|[spread] p1b,p2a,p2b\n|-damage|p1b: MindGoblinReturns|51\/100\n|-damage|p2a: Lizzo|3\/100\n|-damage|p2b: Gaming|48\/100\n|move|p2a: Lizzo|Mystical Fire|p1a: Donphuture\n|-supereffective|p1a: Donphuture\n|-damage|p1a: Donphuture|19\/100\n|move|p2b: Gaming|Population Bomb|p1b: MindGoblinReturns\n|-immune|p1b: MindGoblinReturns\n|\n|upkeep\n|turn|3\n|c|\u2606thejordanvgc|52% is not good\n|c|\u2606thejordanvgc|you're 252+ I assume?\n|c|\u2606poppinphresh|252 nuetral\n|c|\u2606thejordanvgc|dang\n|\n|t:|1681951195\n|switch|p1b: Frosmoth|Frosmoth, L50, M|38\/100\n|move|p1a: Donphuture|Earthquake|p2a: Lizzo|[spread] p1b,p2a,p2b\n|-resisted|p1b: Frosmoth\n|-damage|p1b: Frosmoth|19\/100\n|-damage|p2a: Lizzo|0 fnt\n|-damage|p2b: Gaming|0 fnt\n|faint|p2a: Lizzo\n|-end|p2a: Lizzo|Protosynthesis|[silent]\n|faint|p2b: Gaming\n|\n|upkeep\n|\n|t:|1681951200\n|switch|p2a: Jerry|Tatsugiri, L50, M|100\/100\n|switch|p2b: Tom|Dondozo, L50, M|100\/100\n|-activate|p2a: Jerry|ability: Commander|[of] p2b: Tom\n|-boost|p2b: Tom|atk|2\n|-boost|p2b: Tom|spa|2\n|-boost|p2b: Tom|spe|2\n|-boost|p2b: Tom|def|2\n|-boost|p2b: Tom|spd|2\n|turn|4\n|\n|t:|1681951218\n|move|p1a: Donphuture|Protect|p1a: Donphuture\n|-singleturn|p1a: Donphuture|Protect\n|move|p1b: Frosmoth|Giga Drain|p2b: Tom\n|-supereffective|p2b: Tom\n|-damage|p2b: Tom|82\/100\n|-heal|p1b: Frosmoth|32\/100|[from] drain|[of] p2b: Tom\n|move|p2b: Tom|Wave Crash|p1b: Frosmoth\n|-damage|p1b: Frosmoth|0 fnt\n|faint|p1b: Frosmoth\n|-damage|p2b: Tom|74\/100|[from] Recoil\n|\n|-sideend|p1: poppinphresh|move: Tailwind\n|upkeep\n|\n|t:|1681951222\n|switch|p1b: MindGoblinReturns|Sableye, L50, M|51\/100\n|turn|5\n|c|\u2606poppinphresh|dude idk how this team is supposed to deal with dozo\n|\n|t:|1681951241\n|-terastallize|p2b: Tom|Grass\n|move|p1b: MindGoblinReturns|Fake Out|p2b: Tom\n|-damage|p2b: Tom|71\/100\n|move|p1a: Donphuture|Earthquake|p2a: Jerry|[spread] p1b,p2b\n|-miss|p1a: Donphuture|p2a: Jerry\n|-resisted|p2b: Tom\n|-damage|p1b: MindGoblinReturns|1\/100\n|-damage|p2b: Tom|65\/100\n|cant|p2b: Tom|flinch\n|\n|upkeep\n|turn|6\n|c|\u2606thejordanvgc|they brought mirror herb skill swap sableye last time\n|c|\u2606thejordanvgc|encore the other best way\n|\n|t:|1681951260\n|move|p1b: MindGoblinReturns|Encore|p2b: Tom\n|-start|p2b: Tom|Encore\n|move|p1a: Donphuture|Ice Spinner|p2b: Tom\n|-supereffective|p2b: Tom\n|-damage|p2b: Tom|46\/100\n|move|p2b: Tom|Wave Crash|p1a: Donphuture\n|-supereffective|p1a: Donphuture\n|-damage|p1a: Donphuture|0 fnt\n|faint|p1a: Donphuture\n|-end|p1a: Donphuture|Quark Drive|[silent]\n|-damage|p2b: Tom|41\/100|[from] Recoil\n|\n|upkeep\n|turn|7\n|c|\u2606thejordanvgc|gg\n|c|\u2606poppinphresh|damn inspired\n|\n|t:|1681951273\n|move|p1b: MindGoblinReturns|Fake Out||[still]\n|-hint|Fake Out only works on your first turn out.\n|-fail|p1b: MindGoblinReturns\n|move|p2b: Tom|Wave Crash|p1b: MindGoblinReturns\n|-damage|p1b: MindGoblinReturns|0 fnt\n|faint|p1b: MindGoblinReturns\n|-damage|p2b: Tom|41\/100|[from] Recoil\n|\n|win|thejordanvgc\n","uploadtime":1681951276,"views":6,"p1id":"poppinphresh","p2id":"thejordanvgc","formatid":"gen9vgc2023regulationc","rating":0,"private":0,"password":""}