{"id":"gen9vgc2023regulationc-1846102833","p1":"tghdfgh","p2":"Th3_Ph4nt0m","format":"[Gen 9] VGC 2023 Regulation C","log":"|j|\u2606tghdfgh\n|j|\u2606Th3_Ph4nt0m\n|t:|1681806664\n|gametype|doubles\n|player|p1|tghdfgh|1|1148\n|player|p2|Th3_Ph4nt0m|bugcatcher|1190\n|teamsize|p1|6\n|teamsize|p2|6\n|gen|9\n|tier|[Gen 9] VGC 2023 Regulation C\n|rated|\n|rule|Species Clause: Limit one of each Pok\u00e9mon\n|rule|Item Clause: Limit one of each item\n|clearpoke\n|poke|p1|Torkoal, L50, M|\n|poke|p1|Chi-Yu, L50|\n|poke|p1|Bronzong, L50|\n|poke|p1|Gastrodon, L50, F|\n|poke|p1|Grimmsnarl, L50, M|\n|poke|p1|Skeledirge, L50, M|\n|poke|p2|Ting-Lu, L50|\n|poke|p2|Annihilape, L50, M|\n|poke|p2|Talonflame, L50, F|\n|poke|p2|Gastrodon-East, L50, F|\n|poke|p2|Baxcalibur, L50, M|\n|poke|p2|Gholdengo, L50|\n|teampreview|4\n|inactive|Battle timer is ON: inactive players will automatically lose when time's up. (requested by Th3_Ph4nt0m)\n|\n|t:|1681806683\n|start\n|switch|p1a: Chi-Yu|Chi-Yu, L50|100\/100\n|switch|p1b: Grimmsnarl|Grimmsnarl, L50, M|100\/100\n|switch|p2a: Fissure my beloved|Ting-Lu, L50|100\/100\n|switch|p2b: Monke|Annihilape, L50, M|100\/100\n|-ability|p1a: Chi-Yu|Beads of Ruin\n|-ability|p2a: Fissure my beloved|Vessel of Ruin\n|turn|1\n|\n|t:|1681806701\n|switch|p1a: Bronzong|Bronzong, L50|100\/100\n|move|p2b: Monke|Protect|p2b: Monke\n|-singleturn|p2b: Monke|Protect\n|move|p1b: Grimmsnarl|Trick|p2b: Monke\n|-activate|p2b: Monke|move: Protect\n|move|p2a: Fissure my beloved|Snarl|p1a: Bronzong|[spread] p1a,p1b\n|-supereffective|p1a: Bronzong\n|-resisted|p1b: Grimmsnarl\n|-damage|p1a: Bronzong|85\/100\n|-damage|p1b: Grimmsnarl|98\/100\n|-unboost|p1a: Bronzong|spa|1\n|-unboost|p1b: Grimmsnarl|spa|1\n|\n|upkeep\n|turn|2\n|inactive|Th3_Ph4nt0m has 30 seconds left.\n|\n|t:|1681806729\n|switch|p2b: Goldoni|Gholdengo, L50|100\/100\n|move|p1b: Grimmsnarl|Trick|p2b: Goldoni\n|-immune|p2b: Goldoni|[from] ability: Good as Gold\n|move|p2a: Fissure my beloved|Ruination|p1a: Bronzong|[miss]\n|-miss|p2a: Fissure my beloved|p1a: Bronzong\n|move|p1a: Bronzong|Trick Room|p1a: Bronzong\n|-fieldstart|move: Trick Room|[of] p1a: Bronzong\n|\n|upkeep\n|turn|3\n|\n|t:|1681806754\n|move|p1b: Grimmsnarl|Sucker Punch|p2b: Goldoni\n|-supereffective|p2b: Goldoni\n|-damage|p2b: Goldoni|23\/100\n|move|p1a: Bronzong|Stomping Tantrum|p2b: Goldoni\n|-supereffective|p2b: Goldoni\n|-damage|p2b: Goldoni|0 fnt\n|faint|p2b: Goldoni\n|move|p2a: Fissure my beloved|Stomping Tantrum|p1b: Grimmsnarl\n|-damage|p1b: Grimmsnarl|32\/100\n|\n|upkeep\n|\n|t:|1681806765\n|switch|p2b: Monke|Annihilape, L50, M|100\/100\n|turn|4\n|\n|t:|1681806784\n|move|p2b: Monke|Protect|p2b: Monke\n|-singleturn|p2b: Monke|Protect\n|move|p1b: Grimmsnarl|Trick|p2b: Monke\n|-activate|p2b: Monke|move: Protect\n|move|p1a: Bronzong|Body Press|p2a: Fissure my beloved\n|-supereffective|p2a: Fissure my beloved\n|-damage|p2a: Fissure my beloved|73\/100\n|move|p2a: Fissure my beloved|Stomping Tantrum|p1b: Grimmsnarl\n|-damage|p1b: Grimmsnarl|0 fnt\n|faint|p1b: Grimmsnarl\n|\n|upkeep\n|\n|t:|1681806790\n|switch|p1b: Skeledirge|Skeledirge, L50, M|100\/100\n|turn|5\n|\n|t:|1681806805\n|-terastallize|p1b: Skeledirge|Fairy\n|-terastallize|p2b: Monke|Fire\n|move|p1a: Bronzong|Body Press|p2a: Fissure my beloved\n|-supereffective|p2a: Fissure my beloved\n|-damage|p2a: Fissure my beloved|44\/100\n|move|p2a: Fissure my beloved|Snarl|p1a: Bronzong|[spread] p1a,p1b\n|-supereffective|p1a: Bronzong\n|-resisted|p1b: Skeledirge\n|-damage|p1a: Bronzong|70\/100\n|-damage|p1b: Skeledirge|96\/100\n|-unboost|p1a: Bronzong|spa|1\n|-unboost|p1b: Skeledirge|spa|1\n|move|p1b: Skeledirge|Encore|p2b: Monke\n|-start|p2b: Monke|Encore\n|move|p2b: Monke|Protect||[still]\n|-fail|p2b: Monke\n|\n|-heal|p1b: Skeledirge|100\/100|[from] item: Leftovers\n|upkeep\n|turn|6\n|\n|t:|1681806827\n|switch|p2b: Talonflame|Talonflame, L50, F|100\/100\n|move|p1b: Skeledirge|Protect|p1b: Skeledirge\n|-singleturn|p1b: Skeledirge|Protect\n|move|p1a: Bronzong|Body Press|p2a: Fissure my beloved\n|-supereffective|p2a: Fissure my beloved\n|-damage|p2a: Fissure my beloved|14\/100\n|move|p2a: Fissure my beloved|Ruination|p1b: Skeledirge\n|-activate|p1b: Skeledirge|move: Protect\n|\n|-fieldend|move: Trick Room\n|upkeep\n|turn|7\n|\n|t:|1681806849\n|move|p2b: Talonflame|Taunt|p1a: Bronzong\n|-start|p1a: Bronzong|move: Taunt\n|move|p1b: Skeledirge|Encore|p2b: Talonflame\n|-start|p2b: Talonflame|Encore\n|move|p2a: Fissure my beloved|Ruination|p1b: Skeledirge\n|-damage|p1b: Skeledirge|51\/100\n|move|p1a: Bronzong|Body Press|p2a: Fissure my beloved\n|-supereffective|p2a: Fissure my beloved\n|-damage|p2a: Fissure my beloved|0 fnt\n|faint|p2a: Fissure my beloved\n|\n|-heal|p1b: Skeledirge|57\/100|[from] item: Leftovers\n|upkeep\n|\n|t:|1681806860\n|switch|p2a: Monke|Annihilape, L50, M, tera:Fire|100\/100\n|turn|8\n|\n|t:|1681806871\n|switch|p1a: Chi-Yu|Chi-Yu, L50|100\/100\n|-ability|p1a: Chi-Yu|Beads of Ruin\n|move|p1b: Skeledirge|Protect|p1b: Skeledirge\n|-singleturn|p1b: Skeledirge|Protect\n|move|p2b: Talonflame|Taunt|p1b: Skeledirge\n|-activate|p1b: Skeledirge|move: Protect\n|move|p2a: Monke|Bulk Up|p2a: Monke\n|-boost|p2a: Monke|atk|1\n|-boost|p2a: Monke|def|1\n|\n|-heal|p1b: Skeledirge|62\/100|[from] item: Leftovers\n|upkeep\n|turn|9\n|\n|t:|1681806886\n|move|p2b: Talonflame|Taunt|p1b: Skeledirge\n|-start|p1b: Skeledirge|move: Taunt\n|move|p1a: Chi-Yu|Substitute|p1a: Chi-Yu\n|-start|p1a: Chi-Yu|Substitute\n|-damage|p1a: Chi-Yu|76\/100\n|move|p2a: Monke|Drain Punch|p1a: Chi-Yu\n|-supereffective|p1a: Chi-Yu\n|-end|p1a: Chi-Yu|Substitute\n|move|p1b: Skeledirge|Torch Song|p2b: Talonflame\n|-resisted|p2b: Talonflame\n|-damage|p2b: Talonflame|78\/100\n|-boost|p1b: Skeledirge|spa|1\n|\n|-heal|p1b: Skeledirge|68\/100|[from] item: Leftovers\n|upkeep\n|turn|10\n|\n|t:|1681806901\n|move|p1a: Chi-Yu|Protect|p1a: Chi-Yu\n|-singleturn|p1a: Chi-Yu|Protect\n|move|p2b: Talonflame|Taunt|p1a: Chi-Yu\n|-activate|p1a: Chi-Yu|move: Protect\n|move|p2a: Monke|Drain Punch|p1a: Chi-Yu\n|-activate|p1a: Chi-Yu|move: Protect\n|move|p1b: Skeledirge|Torch Song|p2b: Talonflame\n|-resisted|p2b: Talonflame\n|-damage|p2b: Talonflame|40\/100\n|-boost|p1b: Skeledirge|spa|1\n|\n|-heal|p1b: Skeledirge|74\/100|[from] item: Leftovers\n|-end|p2b: Talonflame|Encore\n|upkeep\n|turn|11\n|\n|t:|1681806918\n|switch|p1a: Bronzong|Bronzong, L50|70\/100\n|move|p2b: Talonflame|Will-O-Wisp|p1b: Skeledirge\n|-status|p1b: Skeledirge|brn\n|move|p2a: Monke|Drain Punch|p1a: Bronzong\n|-damage|p1a: Bronzong|37\/100\n|move|p1b: Skeledirge|Torch Song|p2b: Talonflame\n|-resisted|p2b: Talonflame\n|-damage|p2b: Talonflame|3\/100\n|-boost|p1b: Skeledirge|spa|1\n|\n|-heal|p1b: Skeledirge|80\/100 brn|[from] item: Leftovers\n|-damage|p1b: Skeledirge|74\/100 brn|[from] brn\n|-end|p1b: Skeledirge|move: Taunt\n|upkeep\n|turn|12\n|\n|t:|1681806934\n|move|p2b: Talonflame|Will-O-Wisp|p1a: Bronzong\n|-status|p1a: Bronzong|brn\n|move|p2a: Monke|Bulk Up|p2a: Monke\n|-boost|p2a: Monke|atk|1\n|-boost|p2a: Monke|def|1\n|move|p1b: Skeledirge|Encore|p2a: Monke\n|-start|p2a: Monke|Encore\n|move|p1a: Bronzong|Body Press|p2b: Talonflame\n|-resisted|p2b: Talonflame\n|-damage|p2b: Talonflame|0 fnt\n|faint|p2b: Talonflame\n|\n|-heal|p1b: Skeledirge|80\/100 brn|[from] item: Leftovers\n|-damage|p1b: Skeledirge|74\/100 brn|[from] brn\n|-damage|p1a: Bronzong|31\/100 brn|[from] brn\n|upkeep\n|turn|13\n|\n|t:|1681806945\n|switch|p1a: Chi-Yu|Chi-Yu, L50|76\/100\n|-ability|p1a: Chi-Yu|Beads of Ruin\n|move|p2a: Monke|Bulk Up|p2a: Monke\n|-boost|p2a: Monke|atk|1\n|-boost|p2a: Monke|def|1\n|move|p1b: Skeledirge|Torch Song|p2a: Monke\n|-resisted|p2a: Monke\n|-crit|p2a: Monke\n|-damage|p2a: Monke|31\/100\n|-boost|p1b: Skeledirge|spa|1\n|\n|-heal|p2a: Monke|37\/100|[from] item: Leftovers\n|-heal|p1b: Skeledirge|80\/100 brn|[from] item: Leftovers\n|-damage|p1b: Skeledirge|74\/100 brn|[from] brn\n|upkeep\n|turn|14\n|\n|t:|1681806950\n|move|p1a: Chi-Yu|Tera Blast|p2a: Monke\n|-damage|p2a: Monke|10\/100\n|move|p2a: Monke|Bulk Up|p2a: Monke\n|-boost|p2a: Monke|atk|1\n|-boost|p2a: Monke|def|1\n|move|p1b: Skeledirge|Torch Song|p2a: Monke\n|-resisted|p2a: Monke\n|-damage|p2a: Monke|0 fnt\n|-boost|p1b: Skeledirge|spa|1\n|faint|p2a: Monke\n|\n|win|tghdfgh\n|raw|tghdfgh's rating: 1168 → 1195<\/strong> (+27 for winning)\n|raw|Th3_Ph4nt0m's rating: 1190 → 1163<\/strong> (-27 for losing)\n","uploadtime":1681806953,"views":15,"p1id":"tghdfgh","p2id":"th3ph4nt0m","formatid":"gen9vgc2023regulationc","rating":1163,"private":0,"password":""}