{"id":"gen9vgc2023regulationc-1846661472","p1":"benjc","p2":"Micio del michigan","format":"[Gen 9] VGC 2023 Regulation C","log":"|j|\u2606benjc\n|j|\u2606Micio del michigan\n|t:|1681862900\n|gametype|doubles\n|player|p1|benjc|preschooler|1121\n|player|p2|Micio del michigan|gambler|1082\n|teamsize|p1|6\n|teamsize|p2|6\n|gen|9\n|tier|[Gen 9] VGC 2023 Regulation C\n|rated|\n|rule|Species Clause: Limit one of each Pok\u00e9mon\n|rule|Item Clause: Limit one of each item\n|clearpoke\n|poke|p1|Talonflame, L50, M|\n|poke|p1|Chi-Yu, L50|\n|poke|p1|Wo-Chien, L50|\n|poke|p1|Iron Bundle, L50|\n|poke|p1|Great Tusk, L50|\n|poke|p1|Flutter Mane, L50|\n|poke|p2|Magnezone, L50|\n|poke|p2|Iron Jugulis, L50|\n|poke|p2|Pelipper, L50, M|\n|poke|p2|Amoonguss, L50, F|\n|poke|p2|Mimikyu, L50, M|\n|poke|p2|Palafin, L50, F|\n|teampreview|4\n|inactive|Battle timer is ON: inactive players will automatically lose when time's up. (requested by benjc)\n|inactive|Micio del michigan has 60 seconds left.\n|\n|t:|1681862938\n|start\n|switch|p1a: Iron Bundle|Iron Bundle, L50|100\/100\n|switch|p1b: Wo-Chien|Wo-Chien, L50|100\/100\n|switch|p2a: My Child|Magnezone, L50|100\/100\n|switch|p2b: Mt Lady|Palafin, L50, F|100\/100\n|-ability|p1b: Wo-Chien|Tablets of Ruin\n|-enditem|p1a: Iron Bundle|Booster Energy\n|-activate|p1a: Iron Bundle|ability: Quark Drive|[fromitem]\n|-start|p1a: Iron Bundle|quarkdrivespe\n|turn|1\n|\n|t:|1681862953\n|-end|p1a: Iron Bundle|Quark Drive|[silent]\n|switch|p1a: Chi-Yu|Chi-Yu, L50|100\/100\n|-ability|p1a: Chi-Yu|Beads of Ruin\n|move|p2b: Mt Lady|Protect|p2b: Mt Lady\n|-singleturn|p2b: Mt Lady|Protect\n|move|p1b: Wo-Chien|Growth|p1b: Wo-Chien\n|-boost|p1b: Wo-Chien|atk|1\n|-boost|p1b: Wo-Chien|spa|1\n|move|p2a: My Child|Volt Switch|p1a: Chi-Yu\n|-damage|p1a: Chi-Yu|1\/100\n|\n|t:|1681862963\n|switch|p2a: Perry The P|Pelipper, L50, M|100\/100|[from] Volt Switch\n|-weather|RainDance|[from] ability: Drizzle|[of] p2a: Perry The P\n|\n|-weather|RainDance|[upkeep]\n|upkeep\n|turn|2\n|\n|t:|1681862979\n|switch|p1a: Iron Bundle|Iron Bundle, L50|100\/100\n|-terastallize|p1b: Wo-Chien|Fairy\n|move|p2b: Mt Lady|Jet Punch|p1a: Iron Bundle\n|-resisted|p1a: Iron Bundle\n|-damage|p1a: Iron Bundle|85\/100\n|move|p2a: Perry The P|Hurricane|p1b: Wo-Chien\n|-damage|p1b: Wo-Chien|66\/100\n|move|p1b: Wo-Chien|Giga Drain|p2a: Perry The P\n|-damage|p2a: Perry The P|27\/100\n|-heal|p1b: Wo-Chien|92\/100|[from] drain|[of] p2a: Perry The P\n|\n|-weather|RainDance|[upkeep]\n|-heal|p1b: Wo-Chien|98\/100|[from] item: Leftovers\n|upkeep\n|turn|3\n|\n|t:|1681863004\n|detailschange|p2b: Mt Lady|Palafin-Hero, L50, F\n|switch|p2b: My Child|Magnezone, L50|100\/100\n|move|p1a: Iron Bundle|Freeze-Dry|p2a: Perry The P\n|-supereffective|p2a: Perry The P\n|-damage|p2a: Perry The P|0 fnt\n|faint|p2a: Perry The P\n|move|p1b: Wo-Chien|Growth|p1b: Wo-Chien\n|-boost|p1b: Wo-Chien|atk|1\n|-boost|p1b: Wo-Chien|spa|1\n|\n|-weather|RainDance|[upkeep]\n|-heal|p1b: Wo-Chien|100\/100|[from] item: Leftovers\n|upkeep\n|\n|t:|1681863017\n|switch|p2a: Tsukasa|Iron Jugulis, L50|100\/100\n|-enditem|p2a: Tsukasa|Booster Energy\n|-activate|p2a: Tsukasa|ability: Quark Drive|[fromitem]\n|-start|p2a: Tsukasa|quarkdrivespe\n|turn|4\n|\n|t:|1681863036\n|-end|p1a: Iron Bundle|Quark Drive|[silent]\n|switch|p1a: Chi-Yu|Chi-Yu, L50|1\/100\n|-ability|p1a: Chi-Yu|Beads of Ruin\n|move|p2a: Tsukasa|Hurricane|p1a: Chi-Yu\n|-damage|p1a: Chi-Yu|0 fnt\n|faint|p1a: Chi-Yu\n|move|p1b: Wo-Chien|Snarl|p2a: Tsukasa|[spread] p2a,p2b\n|-resisted|p2a: Tsukasa\n|-damage|p2a: Tsukasa|79\/100\n|-damage|p2b: My Child|65\/100\n|-unboost|p2a: Tsukasa|spa|1\n|-unboost|p2b: My Child|spa|1\n|move|p2b: My Child|Flash Cannon|p1b: Wo-Chien\n|-supereffective|p1b: Wo-Chien\n|-damage|p1b: Wo-Chien|21\/100\n|\n|-weather|RainDance|[upkeep]\n|-heal|p1b: Wo-Chien|28\/100|[from] item: Leftovers\n|upkeep\n|\n|t:|1681863054\n|switch|p1a: Flutter Mane|Flutter Mane, L50|100\/100\n|turn|5\n|\n|t:|1681863066\n|switch|p2b: Mt Lady|Palafin-Hero, L50, F|100\/100\n|-activate|p2b: Mt Lady|ability: Zero to Hero\n|move|p2a: Tsukasa|Protect|p2a: Tsukasa\n|-singleturn|p2a: Tsukasa|Protect\n|move|p1b: Wo-Chien|Protect|p1b: Wo-Chien\n|-singleturn|p1b: Wo-Chien|Protect\n|move|p1a: Flutter Mane|Dazzling Gleam|p2b: Mt Lady|[spread] p2b\n|-activate|p2a: Tsukasa|move: Protect\n|-damage|p2b: Mt Lady|42\/100\n|\n|-weather|none\n|-heal|p1b: Wo-Chien|34\/100|[from] item: Leftovers\n|upkeep\n|turn|6\n|\n|t:|1681863087\n|-terastallize|p2b: Mt Lady|Water\n|move|p2b: Mt Lady|Jet Punch|p1a: Flutter Mane\n|-damage|p1a: Flutter Mane|9\/100\n|move|p2a: Tsukasa|Hurricane|p1b: Wo-Chien\n|-damage|p1b: Wo-Chien|7\/100\n|move|p1a: Flutter Mane|Dazzling Gleam|p2a: Tsukasa|[spread] p2a,p2b\n|-supereffective|p2a: Tsukasa\n|-damage|p2a: Tsukasa|0 fnt\n|-damage|p2b: Mt Lady|0 fnt\n|faint|p2a: Tsukasa\n|-end|p2a: Tsukasa|Quark Drive|[silent]\n|faint|p2b: Mt Lady\n|move|p1b: Wo-Chien|Giga Drain|p2: Tsukasa|[notarget]\n|-fail|p1b: Wo-Chien\n|\n|-heal|p1b: Wo-Chien|13\/100|[from] item: Leftovers\n|upkeep\n|-message|Micio del michigan forfeited.\n|\n|win|benjc\n|raw|benjc's rating: 1121 → 1143<\/strong> (+22 for winning)\n|raw|Micio del michigan's rating: 1082 → 1062<\/strong> (-20 for losing)\n|l|\u2606Micio del michigan\n","uploadtime":1681863104,"views":15,"p1id":"benjc","p2id":"miciodelmichigan","formatid":"gen9vgc2023regulationc","rating":1062,"private":0,"password":""}