{"id":"gen9vgc2023regulationc-1856730450","p1":"sk1191212","p2":"kirito1611","format":"[Gen 9] VGC 2023 Regulation C","log":"|j|\u2606sk1191212\n|j|\u2606kirito1611\n|t:|1683102148\n|gametype|doubles\n|player|p1|sk1191212|266|1078\n|player|p2|kirito1611|101|1216\n|teamsize|p1|6\n|teamsize|p2|6\n|gen|9\n|tier|[Gen 9] VGC 2023 Regulation C\n|rated|\n|rule|Species Clause: Limit one of each Pok\u00e9mon\n|rule|Item Clause: Limit one of each item\n|clearpoke\n|poke|p1|Scream Tail, L50|\n|poke|p1|Arcanine, L50, M|\n|poke|p1|Chi-Yu, L50|\n|poke|p1|Clawitzer, L50, M|\n|poke|p1|Ting-Lu, L50|\n|poke|p1|Dragonite, L50, F|\n|poke|p2|Garganacl, L50, F|\n|poke|p2|Flamigo, L50, F|\n|poke|p2|Iron Hands, L50|\n|poke|p2|Dondozo, L50, F|\n|poke|p2|Tatsugiri-Stretchy, L50, M|\n|poke|p2|Annihilape, L50, F|\n|teampreview|4\n|\n|t:|1683102180\n|start\n|switch|p1a: Scream Tail|Scream Tail, L50|100\/100\n|switch|p1b: Chi-Yu|Chi-Yu, L50|100\/100\n|switch|p2a: Tatsugiri|Tatsugiri-Stretchy, L50, M|100\/100\n|switch|p2b: Annihilape|Annihilape, L50, F|100\/100\n|-ability|p1b: Chi-Yu|Beads of Ruin\n|turn|1\n|\n|t:|1683102224\n|move|p1b: Chi-Yu|Protect|p1b: Chi-Yu\n|-singleturn|p1b: Chi-Yu|Protect\n|move|p2a: Tatsugiri|Endure|p2a: Tatsugiri\n|-singleturn|p2a: Tatsugiri|move: Endure\n|move|p2b: Annihilape|Final Gambit|p1a: Scream Tail\n|-damage|p1a: Scream Tail|17\/100\n|faint|p2b: Annihilape\n|move|p1a: Scream Tail|Thunder Wave|p2a: Tatsugiri\n|-status|p2a: Tatsugiri|par\n|\n|-heal|p1a: Scream Tail|23\/100|[from] item: Leftovers\n|upkeep\n|\n|t:|1683102237\n|switch|p2b: Dondozo|Dondozo, L50, F|100\/100\n|-activate|p2a: Tatsugiri|ability: Commander|[of] p2b: Dondozo\n|-boost|p2b: Dondozo|atk|2\n|-boost|p2b: Dondozo|spa|2\n|-boost|p2b: Dondozo|spe|2\n|-boost|p2b: Dondozo|def|2\n|-boost|p2b: Dondozo|spd|2\n|turn|2\n|\n|t:|1683102259\n|-end|p1a: Scream Tail|Protosynthesis|[silent]\n|switch|p1a: Dragonite|Dragonite, L50, F|100\/100\n|-terastallize|p1b: Chi-Yu|Grass\n|move|p2b: Dondozo|Wave Crash|p1b: Chi-Yu\n|-resisted|p1b: Chi-Yu\n|-damage|p1b: Chi-Yu|13\/100\n|-damage|p2b: Dondozo|84\/100|[from] Recoil\n|move|p1b: Chi-Yu|Will-O-Wisp|p2b: Dondozo\n|-status|p2b: Dondozo|brn\n|\n|-damage|p2b: Dondozo|77\/100 brn|[from] brn\n|upkeep\n|turn|3\n|\n|t:|1683102285\n|move|p1b: Chi-Yu|Protect|p1b: Chi-Yu\n|-singleturn|p1b: Chi-Yu|Protect\n|move|p2b: Dondozo|Rest|p2b: Dondozo\n|-status|p2b: Dondozo|slp|[from] move: Rest\n|-heal|p2b: Dondozo|100\/100 slp|[silent]\n|-enditem|p2b: Dondozo|Chesto Berry|[eat]\n|-curestatus|p2b: Dondozo|slp|[msg]\n|move|p1a: Dragonite|Thunder Punch|p2b: Dondozo\n|-supereffective|p2b: Dondozo\n|-damage|p2b: Dondozo|79\/100\n|-status|p2b: Dondozo|par\n|\n|upkeep\n|turn|4\n|\n|t:|1683102306\n|move|p1b: Chi-Yu|Ruination|p2b: Dondozo\n|-damage|p2b: Dondozo|40\/100 par\n|move|p1a: Dragonite|Thunder Punch|p2b: Dondozo\n|-supereffective|p2b: Dondozo\n|-damage|p2b: Dondozo|18\/100 par\n|move|p2b: Dondozo|Order Up|p1a: Dragonite\n|-supereffective|p1a: Dragonite\n|-damage|p1a: Dragonite|52\/100\n|-boost|p2b: Dondozo|spe|1\n|\n|upkeep\n|turn|5\n|\n|t:|1683102330\n|move|p1a: Dragonite|Protect|p1a: Dragonite\n|-singleturn|p1a: Dragonite|Protect\n|move|p1b: Chi-Yu|Heat Wave|p2a: Tatsugiri|[spread] p2b\n|-miss|p1b: Chi-Yu|p2a: Tatsugiri\n|-resisted|p2b: Dondozo\n|-damage|p2b: Dondozo|1\/100 par\n|move|p2b: Dondozo|Rest|p2b: Dondozo\n|-status|p2b: Dondozo|slp|[from] move: Rest\n|-heal|p2b: Dondozo|100\/100 slp|[silent]\n|\n|upkeep\n|turn|6\n|\n|t:|1683102355\n|cant|p2b: Dondozo|slp\n|move|p1b: Chi-Yu|Ruination|p2b: Dondozo\n|-damage|p2b: Dondozo|51\/100 slp\n|move|p1a: Dragonite|Thunder Punch|p2b: Dondozo\n|-supereffective|p2b: Dondozo\n|-damage|p2b: Dondozo|31\/100 slp\n|\n|upkeep\n|turn|7\n|-message|kirito1611 forfeited.\n|\n|win|sk1191212\n|raw|sk1191212's rating: 1078 → 1117<\/strong> (+39 for winning)\n|raw|kirito1611's rating: 1216 → 1182<\/strong> (-34 for losing)\n|l|\u2606kirito1611\n","uploadtime":1683102385,"views":10,"p1id":"sk1191212","p2id":"kirito1611","formatid":"gen9vgc2023regulationc","rating":1117,"private":0,"password":""}