{"id":"gen9vgc2023regulationc-1844921424","p1":"Keveloper","p2":"Clementine23","format":"[Gen 9] VGC 2023 Regulation C","log":"|j|\u2606Keveloper\n|j|\u2606Clementine23\n|t:|1681664349\n|gametype|doubles\n|player|p1|Keveloper|lusamine-nihilego|\n|player|p2|Clementine23|swimmer-gen4dp|\n|teamsize|p1|6\n|teamsize|p2|6\n|gen|9\n|tier|[Gen 9] VGC 2023 Regulation C\n|rule|Species Clause: Limit one of each Pok\u00e9mon\n|rule|Item Clause: Limit one of each item\n|clearpoke\n|poke|p1|Salamence, L50, F|\n|poke|p1|Amoonguss, L50, M|\n|poke|p1|Palafin, L50, F|\n|poke|p1|Ceruledge, L50, M|\n|poke|p1|Flutter Mane, L50|\n|poke|p1|Ting-Lu, L50|\n|poke|p2|Iron Hands, L50|\n|poke|p2|Chien-Pao, L50|\n|poke|p2|Palafin, L50, F|\n|poke|p2|Great Tusk, L50|\n|poke|p2|Talonflame, L50, F|\n|poke|p2|Gholdengo, L50|\n|teampreview|4\nClementine23 has agreed to open team sheets.\n|c|\u2606Keveloper|G2\nKeveloper has agreed to open team sheets.\n|c|\u2606Keveloper|You ready?\n|inactive|Battle timer is ON: inactive players will automatically lose when time's up. (requested by Clementine23)\n|c|\u2606Keveloper|I'll take that as a yes\n|c|\u2606Clementine23|Yes\n|inactive|Keveloper has 60 seconds left.\n|inactive|Keveloper has 30 seconds left.\n|inactive|Clementine23 has 60 seconds left.\n|\n|t:|1681664928\n|start\n|switch|p1a: Amoonguss|Amoonguss, L50, M|100\/100\n|switch|p1b: Palafin|Palafin, L50, F|100\/100\n|switch|p2a: Talonflame|Talonflame, L50, F|100\/100\n|switch|p2b: Chien-Pao|Chien-Pao, L50|100\/100\n|-ability|p2b: Chien-Pao|Sword of Ruin\n|turn|1\n|inactive|Clementine23 has 30 seconds left.\n|inactive|Clementine23 has 20 seconds left.\n|inactive|Clementine23 has 15 seconds left.\n|inactive|Clementine23 has 10 seconds left.\n|inactive|Clementine23 has 5 seconds left.\n|\n|t:|1681664980\n|detailschange|p1b: Palafin|Palafin-Hero, L50, F\n|switch|p1b: Ting-Lu|Ting-Lu, L50|100\/100\n|-ability|p1b: Ting-Lu|Vessel of Ruin\n|-terastallize|p1a: Amoonguss|Steel\n|move|p2b: Chien-Pao|Protect|p2b: Chien-Pao\n|-singleturn|p2b: Chien-Pao|Protect\n|move|p2a: Talonflame|Brave Bird|p1a: Amoonguss\n|-resisted|p1a: Amoonguss\n|-damage|p1a: Amoonguss|73\/100\n|-damage|p2a: Talonflame|88\/100|[from] Recoil\n|move|p1a: Amoonguss|Spore|p2b: Chien-Pao\n|-activate|p2b: Chien-Pao|move: Protect\n|\n|upkeep\n|turn|2\n|inactive|Clementine23 has 30 seconds left.\n|inactive|Clementine23 has 20 seconds left.\n|\n|t:|1681665019\n|switch|p1a: Salamence|Salamence, L50, F|100\/100\n|-ability|p1a: Salamence|Intimidate|boost\n|-unboost|p2a: Talonflame|atk|1\n|-fail|p2b: Chien-Pao|unboost|[from] item: Clear Amulet|[of] p2b: Chien-Pao\n|move|p2b: Chien-Pao|Sacred Sword|p1a: Salamence\n|-resisted|p1a: Salamence\n|-damage|p1a: Salamence|79\/100\n|move|p2a: Talonflame|Will-O-Wisp|p1b: Ting-Lu|[miss]\n|-miss|p2a: Talonflame|p1b: Ting-Lu\n|move|p1b: Ting-Lu|Heavy Slam|p2b: Chien-Pao\n|-supereffective|p2b: Chien-Pao\n|-damage|p2b: Chien-Pao|36\/100\n|\n|upkeep\n|turn|3\n|\n|t:|1681665039\n|switch|p1b: Amoonguss|Amoonguss, L50, M, tera:Steel|100\/100\n|move|p2b: Chien-Pao|Protect|p2b: Chien-Pao\n|-singleturn|p2b: Chien-Pao|Protect\n|move|p1a: Salamence|Flamethrower|p2b: Chien-Pao\n|-activate|p2b: Chien-Pao|move: Protect\n|move|p2a: Talonflame|Will-O-Wisp|p1b: Amoonguss|[miss]\n|-miss|p2a: Talonflame|p1b: Amoonguss\n|\n|upkeep\n|turn|4\n|\n|t:|1681665057\n|move|p1a: Salamence|Flamethrower|p2b: Chien-Pao\n|-supereffective|p2b: Chien-Pao\n|-damage|p2b: Chien-Pao|0 fnt\n|faint|p2b: Chien-Pao\n|move|p2a: Talonflame|Tailwind|p2a: Talonflame\n|-sidestart|p2: Clementine23|move: Tailwind\n|move|p1b: Amoonguss|Spore|p2a: Talonflame\n|-status|p2a: Talonflame|slp|[from] move: Spore\n|\n|upkeep\n|\n|t:|1681665070\n|switch|p2b: Gholdengo|Gholdengo, L50|100\/100\n|turn|5\n|\n|t:|1681665086\n|switch|p1b: Ting-Lu|Ting-Lu, L50|100\/100\n|-ability|p1b: Ting-Lu|Vessel of Ruin\n|cant|p2a: Talonflame|slp\n|move|p2b: Gholdengo|Nasty Plot|p2b: Gholdengo\n|-boost|p2b: Gholdengo|spa|2\n|move|p1a: Salamence|Flamethrower|p2b: Gholdengo\n|-supereffective|p2b: Gholdengo\n|-damage|p2b: Gholdengo|55\/100\n|\n|upkeep\n|turn|6\n|inactive|Keveloper has 30 seconds left.\n|inactive|Clementine23 has 30 seconds left.\n|inactive|Keveloper has 20 seconds left.\n|\n|t:|1681665125\n|switch|p1a: Amoonguss|Amoonguss, L50, M, tera:Steel|100\/100\n|-terastallize|p2b: Gholdengo|Flying\n|cant|p2a: Talonflame|slp\n|move|p2b: Gholdengo|Make It Rain|p1a: Amoonguss|[spread] p1a,p1b\n|-resisted|p1a: Amoonguss\n|-damage|p1a: Amoonguss|64\/100\n|-damage|p1b: Ting-Lu|60\/100\n|-unboost|p2b: Gholdengo|spa|1\n|-damage|p2b: Gholdengo|45\/100|[from] item: Life Orb\n|move|p1b: Ting-Lu|Heavy Slam|p2b: Gholdengo\n|-damage|p2b: Gholdengo|20\/100\n|\n|upkeep\n|turn|7\n|inactive|Keveloper has 30 seconds left.\n|inactive|Clementine23 has 30 seconds left.\n|inactive|Keveloper has 20 seconds left.\n|inactive|Clementine23 has 20 seconds left.\n|\n|t:|1681665162\n|switch|p2b: Great Tusk|Great Tusk, L50|100\/100\n|switch|p1b: Palafin|Palafin-Hero, L50, F|100\/100\n|-activate|p1b: Palafin|ability: Zero to Hero\n|cant|p2a: Talonflame|slp\n|move|p1a: Amoonguss|Pollen Puff|p1b: Palafin\n|-immune|p1b: Palafin\n|\n|-sideend|p2: Clementine23|move: Tailwind\n|upkeep\n|turn|8\n|inactive|Keveloper has 30 seconds left.\n|\n|t:|1681665188\n|switch|p1a: Salamence|Salamence, L50, F|79\/100\n|-ability|p1a: Salamence|Intimidate|boost\n|-unboost|p2a: Talonflame|atk|1\n|-unboost|p2b: Great Tusk|atk|1\n|-curestatus|p2a: Talonflame|slp|[msg]\n|move|p2a: Talonflame|Will-O-Wisp|p1b: Palafin\n|-status|p1b: Palafin|brn\n|move|p2b: Great Tusk|Close Combat|p1a: Salamence\n|-resisted|p1a: Salamence\n|-damage|p1a: Salamence|53\/100\n|-unboost|p2b: Great Tusk|def|1\n|-unboost|p2b: Great Tusk|spd|1\n|move|p1b: Palafin|Wave Crash|p2a: Talonflame\n|-supereffective|p2a: Talonflame\n|-damage|p2a: Talonflame|0 fnt\n|faint|p2a: Talonflame\n|-damage|p1b: Palafin|78\/100 brn|[from] Recoil\n|\n|-damage|p1b: Palafin|72\/100 brn|[from] brn\n|upkeep\n|\n|t:|1681665199\n|switch|p2a: Gholdengo|Gholdengo, L50, tera:Flying|20\/100\n|turn|9\n|-message|Clementine23 forfeited.\n|\n|win|Keveloper\n|c|\u2606Keveloper|gg\n|l|\u2606Clementine23\n","uploadtime":1681665721,"views":9,"p1id":"keveloper","p2id":"clementine23","formatid":"gen9vgc2023regulationc","rating":0,"private":0,"password":""}