{"id":"gen9vgc2023regulationc-1863365832","p1":"GenericName3333","p2":"Yueku","format":"[Gen 9] VGC 2023 Regulation C","log":"|j|\u2606GenericName3333\n|j|\u2606Yueku\n|t:|1684007758\n|gametype|doubles\n|player|p1|GenericName3333|whitney|\n|player|p2|Yueku|2|\n|teamsize|p1|6\n|teamsize|p2|6\n|gen|9\n|tier|[Gen 9] VGC 2023 Regulation C\n|rule|Tera Type Preview: Tera Types are shown at Team Preview\n|rule|Species Clause: Limit one of each Pok\u00e9mon\n|rule|Item Clause: Limit one of each item\n|clearpoke\n|poke|p1|Gholdengo, L50|\n|poke|p1|Foongus, L50, F|\n|poke|p1|Grimmsnarl, L50, M|\n|poke|p1|Mudsdale, L50, M|\n|poke|p1|Palafin, L50, F|\n|poke|p1|Bellibolt, L50, M|\n|poke|p2|Iron Bundle, L50|\n|poke|p2|Wo-Chien, L50|\n|poke|p2|Arcanine, L50, M|\n|poke|p2|Tinkaton, L50, F|\n|poke|p2|Iron Valiant, L50|\n|poke|p2|Garganacl, L50, M|\n|teampreview|4\n|raw|GenericName3333's Tera Types: \/ \/ \/ \/ \/ \n|raw|Yueku's Tera Types: \/ \/ \/ \/ \/ \n|c|\u2606Yueku|g2\nGenericName3333 rejected open team sheets.\n|j| Judah<3\n|j| glowbrogang\n|l|\u2606Yueku\n|player|p2|\n|j|\u2606Yueku\n|player|p2|Yueku|2\n|c|\u2606GenericName3333|glhf\n|c|\u2606Yueku|glhf\n|j| tzarii\n|\n|t:|1684008860\n|start\n|switch|p1a: Bellibolt|Bellibolt, L50, M|100\/100\n|switch|p1b: Grimmsnarl|Grimmsnarl, L50, M|100\/100\n|switch|p2a: Garganacl|Garganacl, L50, M|100\/100\n|switch|p2b: Arcanine|Arcanine, L50, M|100\/100\n|-ability|p2b: Arcanine|Intimidate|boost\n|-unboost|p1a: Bellibolt|atk|1\n|-unboost|p1b: Grimmsnarl|atk|1\n|turn|1\n|j| 314159265Consumer\n|j| Concept Everything\n|\n|t:|1684008955\n|move|p1b: Grimmsnarl|Fake Out|p2b: Arcanine\n|-damage|p2b: Arcanine|92\/100\n|cant|p2b: Arcanine|flinch\n|move|p2a: Garganacl|Salt Cure|p1b: Grimmsnarl\n|-damage|p1b: Grimmsnarl|87\/100\n|-start|p1b: Grimmsnarl|Salt Cure\n|move|p1a: Bellibolt|Thunderbolt|p2b: Arcanine\n|-damage|p2b: Arcanine|42\/100\n|-status|p2b: Arcanine|par\n|\n|-damage|p1b: Grimmsnarl|74\/100|[from] Salt Cure\n|upkeep\n|turn|2\n|c|\u2606GenericName3333|..\n|l| 314159265Consumer\n|\n|t:|1684009021\n|move|p2a: Garganacl|Wide Guard|p2a: Garganacl\n|-singleturn|p2a: Garganacl|Wide Guard\n|move|p1b: Grimmsnarl|Parting Shot|p2b: Arcanine\n|-unboost|p2b: Arcanine|atk|1\n|-unboost|p2b: Arcanine|spa|1\n|\n|t:|1684009027\n|switch|p1b: Foongus|Foongus, L50, F|100\/100|[from] Parting Shot\n|move|p2b: Arcanine|Flare Blitz|p1b: Foongus\n|-supereffective|p1b: Foongus\n|-damage|p1b: Foongus|48\/100\n|-damage|p2b: Arcanine|27\/100 par|[from] Recoil\n|move|p1a: Bellibolt|Thunderbolt|p2b: Arcanine\n|-damage|p2b: Arcanine|0 fnt\n|faint|p2b: Arcanine\n|\n|upkeep\n|\n|t:|1684009052\n|switch|p2b: Iron Bundle|Iron Bundle, L50|100\/100\n|-enditem|p2b: Iron Bundle|Booster Energy\n|-activate|p2b: Iron Bundle|ability: Quark Drive|[fromitem]\n|-start|p2b: Iron Bundle|quarkdrivespa\n|turn|3\n|\n|t:|1684009108\n|switch|p1b: Grimmsnarl|Grimmsnarl, L50, M|74\/100\n|-terastallize|p2b: Iron Bundle|Grass\n|move|p2b: Iron Bundle|Blizzard|p1a: Bellibolt|[spread] p1a,p1b\n|-damage|p1a: Bellibolt|39\/100\n|-damage|p1b: Grimmsnarl|21\/100\n|-start|p1a: Bellibolt|Charge|Blizzard|[from] ability: Electromorphosis\n|move|p2a: Garganacl|Salt Cure|p1a: Bellibolt\n|-damage|p1a: Bellibolt|26\/100\n|-start|p1a: Bellibolt|Charge|Salt Cure|[from] ability: Electromorphosis\n|move|p1a: Bellibolt|Thunderbolt|p2b: Iron Bundle\n|-resisted|p2b: Iron Bundle\n|-damage|p2b: Iron Bundle|25\/100\n|-end|p1a: Bellibolt|Charge|[silent]\n|\n|upkeep\n|turn|4\n|\n|t:|1684009231\n|move|p2b: Iron Bundle|Protect|p2b: Iron Bundle\n|-singleturn|p2b: Iron Bundle|Protect\n|move|p1b: Grimmsnarl|Light Screen|p1b: Grimmsnarl\n|-sidestart|p1: GenericName3333|move: Light Screen\n|move|p2a: Garganacl|Salt Cure|p1b: Grimmsnarl\n|-crit|p1b: Grimmsnarl\n|-damage|p1b: Grimmsnarl|0 fnt\n|faint|p1b: Grimmsnarl\n|move|p1a: Bellibolt|Acid Spray|p2a: Garganacl\n|-resisted|p2a: Garganacl\n|-damage|p2a: Garganacl|96\/100\n|-unboost|p2a: Garganacl|spd|2\n|\n|upkeep\n|\n|t:|1684009250\n|switch|p1b: Gholdengo|Gholdengo, L50|100\/100\n|turn|5\n|\n|t:|1684009306\n|-terastallize|p1b: Gholdengo|Fairy\n|move|p2a: Garganacl|Wide Guard|p2a: Garganacl\n|-singleturn|p2a: Garganacl|Wide Guard\n|move|p2b: Iron Bundle|Blizzard|p1a: Bellibolt|[spread] \n|-miss|p2b: Iron Bundle|p1a: Bellibolt\n|-miss|p2b: Iron Bundle|p1b: Gholdengo\n|move|p1b: Gholdengo|Shadow Ball|p2b: Iron Bundle\n|-damage|p2b: Iron Bundle|0 fnt\n|faint|p2b: Iron Bundle\n|-end|p2b: Iron Bundle|Quark Drive|[silent]\n|move|p1a: Bellibolt|Thunderbolt|p2a: Garganacl\n|-damage|p2a: Garganacl|34\/100\n|\n|upkeep\n|\n|t:|1684009318\n|switch|p2b: Iron Valiant|Iron Valiant, L50|100\/100\n|turn|6\n|c| Judah<3|that miss was fucking insane\n|c|\u2606Yueku|facts\n|c|\u2606GenericName3333|i mean\n|c| Judah<3|most game losing miss I've seen\n|c|\u2606GenericName3333|i guess so, u are running blind blizzard but yeah that + paralysis is not nice\n|c| Judah<3|like misses are to be expected with 70% accuracy but jesust\n|\n|t:|1684009388\n|move|p2b: Iron Valiant|Moonblast|p1b: Gholdengo\n|-damage|p1b: Gholdengo|64\/100\n|move|p1b: Gholdengo|Shadow Ball|p2b: Iron Valiant\n|-crit|p2b: Iron Valiant\n|-damage|p2b: Iron Valiant|0 fnt\n|faint|p2b: Iron Valiant\n|-end|p2b: Iron Valiant|Quark Drive|[silent]\n|move|p2a: Garganacl|Salt Cure|p1b: Gholdengo\n|-damage|p1b: Gholdengo|50\/100\n|-start|p1b: Gholdengo|Salt Cure\n|move|p1a: Bellibolt|Thunderbolt|p2a: Garganacl\n|-damage|p2a: Garganacl|0 fnt\n|faint|p2a: Garganacl\n|\n|win|GenericName3333\n|c|\u2606Yueku|ggs\n|c|\u2606GenericName3333|ggs\n|l| Judah<3\n|l|\u2606Yueku\n|l| glowbrogang\n|l| Concept Everything\n|j| Concept Everything\n","uploadtime":1684009425,"views":22,"p1id":"genericname3333","p2id":"yueku","formatid":"gen9vgc2023regulationc","rating":0,"private":0,"password":""}