{"id":"gen9vgc2023regulationc-1859118345","p1":"NillyTheKid","p2":"zaborneycaleb","format":"[Gen 9] VGC 2023 Regulation C","log":"|j|\u2606NillyTheKid\n|j|\u2606zaborneycaleb\n|t:|1683406629\n|gametype|doubles\n|player|p1|NillyTheKid|hiker-gen4|1180\n|player|p2|zaborneycaleb|2|1064\n|teamsize|p1|6\n|teamsize|p2|6\n|gen|9\n|tier|[Gen 9] VGC 2023 Regulation C\n|rated|\n|rule|Species Clause: Limit one of each Pok\u00e9mon\n|rule|Item Clause: Limit one of each item\n|clearpoke\n|poke|p1|Palafin, L50, M|\n|poke|p1|Arcanine, L50, M|\n|poke|p1|Amoonguss, L50, M|\n|poke|p1|Ting-Lu, L50|\n|poke|p1|Baxcalibur, L50, M|\n|poke|p1|Flutter Mane, L50|\n|poke|p2|Gastrodon, L50, M|\n|poke|p2|Hippowdon, L50, M|\n|poke|p2|Arcanine, L50, M|\n|poke|p2|Garganacl, L50, M|\n|poke|p2|Orthworm, L50, F|\n|poke|p2|Houndstone, L50, F|\n|teampreview|4\n|inactive|Battle timer is ON: inactive players will automatically lose when time's up. (requested by NillyTheKid)\nNillyTheKid has agreed to open team sheets.\n|inactive|NillyTheKid has 60 seconds left.\n|inactive|zaborneycaleb has 60 seconds left.\n|inactive|NillyTheKid has 30 seconds left.\n|\n|t:|1683406694\n|start\n|switch|p1a: Baxcalibur|Baxcalibur, L50, M|100\/100\n|switch|p1b: Flutter Mane|Flutter Mane, L50|100\/100\n|switch|p2a: Gastrodon|Gastrodon, L50, M|100\/100\n|switch|p2b: Hippowdon|Hippowdon, L50, M|100\/100\n|-weather|Sandstorm|[from] ability: Sand Stream|[of] p2b: Hippowdon\n|turn|1\n|inactive|NillyTheKid has 30 seconds left.\n|inactive|zaborneycaleb has 30 seconds left.\n|inactive|zaborneycaleb has 20 seconds left.\n|\n|t:|1683406730\n|-terastallize|p2b: Hippowdon|Water\n|move|p1a: Baxcalibur|Protect|p1a: Baxcalibur\n|-singleturn|p1a: Baxcalibur|Protect\n|move|p1b: Flutter Mane|Moonblast|p2b: Hippowdon\n|-damage|p2b: Hippowdon|25\/100\n|move|p2b: Hippowdon|Yawn|p1b: Flutter Mane\n|-start|p1b: Flutter Mane|move: Yawn|[of] p2b: Hippowdon\n|move|p2a: Gastrodon|Icy Wind|p1a: Baxcalibur|[spread] p1b\n|-activate|p1a: Baxcalibur|move: Protect\n|-crit|p1b: Flutter Mane\n|-damage|p1b: Flutter Mane|82\/100\n|-unboost|p1b: Flutter Mane|spe|1\n|\n|-weather|Sandstorm|[upkeep]\n|-damage|p1a: Baxcalibur|94\/100|[from] Sandstorm\n|-damage|p1b: Flutter Mane|77\/100|[from] Sandstorm\n|-damage|p2b: Hippowdon|19\/100|[from] Sandstorm\n|upkeep\n|turn|2\n|inactive|NillyTheKid has 30 seconds left.\n|inactive|NillyTheKid has 20 seconds left.\n|\n|t:|1683406768\n|-end|p1b: Flutter Mane|Protosynthesis|[silent]\n|switch|p1b: Ting-Lu|Ting-Lu, L50|100\/100\n|-ability|p1b: Ting-Lu|Vessel of Ruin\n|move|p1a: Baxcalibur|Ice Shard|p2b: Hippowdon\n|-resisted|p2b: Hippowdon\n|-damage|p2b: Hippowdon|13\/100\n|move|p2b: Hippowdon|Slack Off|p2b: Hippowdon\n|-heal|p2b: Hippowdon|63\/100\n|move|p2a: Gastrodon|Icy Wind|p1a: Baxcalibur|[spread] p1a,p1b\n|-supereffective|p1b: Ting-Lu\n|-damage|p1a: Baxcalibur|84\/100\n|-damage|p1b: Ting-Lu|91\/100\n|-unboost|p1b: Ting-Lu|spe|1\n|\n|-weather|Sandstorm|[upkeep]\n|-damage|p1a: Baxcalibur|78\/100|[from] Sandstorm\n|-damage|p2b: Hippowdon|57\/100|[from] Sandstorm\n|upkeep\n|turn|3\n|inactive|zaborneycaleb has 30 seconds left.\n|\n|t:|1683406803\n|move|p1a: Baxcalibur|Glaive Rush|p2b: Hippowdon\n|-damage|p2b: Hippowdon|20\/100\n|-singlemove|p1a: Baxcalibur|Glaive Rush|[silent]\n|move|p2b: Hippowdon|Yawn|p1b: Ting-Lu\n|-start|p1b: Ting-Lu|move: Yawn|[of] p2b: Hippowdon\n|move|p2a: Gastrodon|Icy Wind|p1a: Baxcalibur|[spread] p1a,p1b\n|-supereffective|p1b: Ting-Lu\n|-damage|p1a: Baxcalibur|59\/100\n|-damage|p1b: Ting-Lu|82\/100\n|-unboost|p1b: Ting-Lu|spe|1\n|move|p1b: Ting-Lu|Ruination|p2a: Gastrodon\n|-damage|p2a: Gastrodon|50\/100\n|\n|-weather|Sandstorm|[upkeep]\n|-damage|p1a: Baxcalibur|53\/100|[from] Sandstorm\n|-damage|p2b: Hippowdon|14\/100|[from] Sandstorm\n|upkeep\n|turn|4\n|inactive|NillyTheKid has 30 seconds left.\n|inactive|zaborneycaleb has 30 seconds left.\n|inactive|zaborneycaleb has 20 seconds left.\n|\n|t:|1683406839\n|switch|p1b: Flutter Mane|Flutter Mane, L50|77\/100\n|move|p1a: Baxcalibur|Protect|p1a: Baxcalibur\n|-singleturn|p1a: Baxcalibur|Protect\n|move|p2b: Hippowdon|Slack Off|p2b: Hippowdon\n|-heal|p2b: Hippowdon|65\/100\n|move|p2a: Gastrodon|Rest|p2a: Gastrodon\n|-status|p2a: Gastrodon|slp|[from] move: Rest\n|-heal|p2a: Gastrodon|100\/100 slp|[silent]\n|-enditem|p2a: Gastrodon|Chesto Berry|[eat]\n|-curestatus|p2a: Gastrodon|slp|[msg]\n|\n|-weather|Sandstorm|[upkeep]\n|-damage|p1b: Flutter Mane|71\/100|[from] Sandstorm\n|-damage|p1a: Baxcalibur|47\/100|[from] Sandstorm\n|-damage|p2b: Hippowdon|59\/100|[from] Sandstorm\n|upkeep\n|turn|5\n|inactive|NillyTheKid has 30 seconds left.\n|inactive|zaborneycaleb has 30 seconds left.\n|inactive|NillyTheKid has 20 seconds left.\n|inactive|NillyTheKid has 15 seconds left.\n|\n|t:|1683406882\n|move|p1b: Flutter Mane|Moonblast|p2b: Hippowdon\n|-damage|p2b: Hippowdon|0 fnt\n|faint|p2b: Hippowdon\n|move|p1a: Baxcalibur|Icicle Crash|p2a: Gastrodon\n|-damage|p2a: Gastrodon|44\/100\n|move|p2a: Gastrodon|Icy Wind|p1b: Flutter Mane|[spread] p1a,p1b\n|-damage|p1a: Baxcalibur|35\/100\n|-damage|p1b: Flutter Mane|59\/100\n|-unboost|p1b: Flutter Mane|spe|1\n|\n|-weather|none\n|upkeep\n|\n|t:|1683406893\n|switch|p2b: Arcanine|Arcanine, L50, M|100\/100\n|-ability|p2b: Arcanine|Intimidate|boost\n|-fail|p1a: Baxcalibur|unboost|[from] item: Clear Amulet|[of] p1a: Baxcalibur\n|-unboost|p1b: Flutter Mane|atk|1\n|turn|6\n|inactive|zaborneycaleb has 30 seconds left.\n|inactive|zaborneycaleb has 20 seconds left.\n|inactive|zaborneycaleb has 15 seconds left.\n|\n|t:|1683406934\n|move|p2a: Gastrodon|Protect|p2a: Gastrodon\n|-singleturn|p2a: Gastrodon|Protect\n|move|p2b: Arcanine|Flare Blitz|p1b: Flutter Mane\n|-damage|p1b: Flutter Mane|0 fnt\n|faint|p1b: Flutter Mane\n|-end|p1b: Flutter Mane|Protosynthesis|[silent]\n|-damage|p2b: Arcanine|84\/100|[from] Recoil\n|move|p1a: Baxcalibur|Glaive Rush|p2b: Arcanine\n|-damage|p2b: Arcanine|0 fnt\n|-singlemove|p1a: Baxcalibur|Glaive Rush|[silent]\n|faint|p2b: Arcanine\n|\n|upkeep\n|\n|t:|1683406945\n|switch|p1b: Ting-Lu|Ting-Lu, L50|82\/100\n|switch|p2b: Garganacl|Garganacl, L50, M|100\/100\n|-ability|p1b: Ting-Lu|Vessel of Ruin\n|turn|7\n|\n|t:|1683406963\n|switch|p1a: Arcanine|Arcanine, L50, M|100\/100\n|-ability|p1a: Arcanine|Intimidate|boost\n|-unboost|p2a: Gastrodon|atk|1\n|-unboost|p2b: Garganacl|atk|1\n|move|p1b: Ting-Lu|Stomping Tantrum|p2b: Garganacl\n|-supereffective|p2b: Garganacl\n|-damage|p2b: Garganacl|60\/100\n|-damage|p1b: Ting-Lu|66\/100|[from] item: Rocky Helmet|[of] p2b: Garganacl\n|move|p2a: Gastrodon|Earth Power|p1a: Arcanine\n|-supereffective|p1a: Arcanine\n|-damage|p1a: Arcanine|30\/100\n|move|p2b: Garganacl|Salt Cure|p1b: Ting-Lu\n|-resisted|p1b: Ting-Lu\n|-damage|p1b: Ting-Lu|63\/100\n|-start|p1b: Ting-Lu|Salt Cure\n|\n|-damage|p1b: Ting-Lu|51\/100|[from] Salt Cure\n|upkeep\n|turn|8\n|inactive|NillyTheKid has 30 seconds left.\n|inactive|zaborneycaleb has 30 seconds left.\n|inactive|NillyTheKid has 20 seconds left.\n|inactive|NillyTheKid has 15 seconds left.\n|inactive|zaborneycaleb has 20 seconds left.\n|inactive|NillyTheKid has 10 seconds left.\n|inactive|zaborneycaleb has 15 seconds left.\n|\n|t:|1683407010\n|-terastallize|p1b: Ting-Lu|Poison\n|move|p1a: Arcanine|Howl|p1a: Arcanine|[spread] p1a,p1b\n|-boost|p1a: Arcanine|atk|1\n|-boost|p1b: Ting-Lu|atk|1\n|move|p1b: Ting-Lu|Stomping Tantrum|p2b: Garganacl\n|-supereffective|p2b: Garganacl\n|-damage|p2b: Garganacl|7\/100\n|-damage|p1b: Ting-Lu|35\/100|[from] item: Rocky Helmet|[of] p2b: Garganacl\n|move|p2a: Gastrodon|Earth Power|p1a: Arcanine\n|-supereffective|p1a: Arcanine\n|-damage|p1a: Arcanine|0 fnt\n|faint|p1a: Arcanine\n|move|p2b: Garganacl|Recover|p2b: Garganacl\n|-heal|p2b: Garganacl|57\/100\n|\n|-damage|p1b: Ting-Lu|23\/100|[from] Salt Cure\n|upkeep\n|\n|t:|1683407022\n|switch|p1a: Baxcalibur|Baxcalibur, L50, M|35\/100\n|turn|9\n|\n|t:|1683407036\n|move|p1a: Baxcalibur|Glaive Rush|p2a: Gastrodon\n|-damage|p2a: Gastrodon|0 fnt\n|-singlemove|p1a: Baxcalibur|Glaive Rush|[silent]\n|faint|p2a: Gastrodon\n|move|p1b: Ting-Lu|Stomping Tantrum|p2b: Garganacl\n|-supereffective|p2b: Garganacl\n|-damage|p2b: Garganacl|1\/100\n|-damage|p1b: Ting-Lu|6\/100|[from] item: Rocky Helmet|[of] p2b: Garganacl\n|move|p2b: Garganacl|Salt Cure|p1a: Baxcalibur\n|-supereffective|p1a: Baxcalibur\n|-damage|p1a: Baxcalibur|3\/100\n|-start|p1a: Baxcalibur|Salt Cure\n|\n|-damage|p1a: Baxcalibur|0 fnt|[from] Salt Cure\n|faint|p1a: Baxcalibur\n|-damage|p1b: Ting-Lu|0 fnt|[from] Salt Cure\n|faint|p1b: Ting-Lu\n|\n|win|zaborneycaleb\n|upkeep\n|raw|NillyTheKid's rating: 1180 → 1147<\/strong> (-33 for losing)\n|raw|zaborneycaleb's rating: 1064 → 1104<\/strong> (+40 for winning)\n","uploadtime":1683407051,"views":11,"p1id":"nillythekid","p2id":"zaborneycaleb","formatid":"gen9vgc2023regulationc","rating":1104,"private":0,"password":""}