{"id":"gen9vgc2023regulationc-1853414400","p1":"acidmineral","p2":"Charlisito","format":"[Gen 9] VGC 2023 Regulation C","log":"|j|\u2606acidmineral\n|j|\u2606Charlisito\n|t:|1682682251\n|gametype|doubles\n|player|p1|acidmineral|102|1131\n|player|p2|Charlisito|170|1117\n|teamsize|p1|6\n|teamsize|p2|6\n|gen|9\n|tier|[Gen 9] VGC 2023 Regulation C\n|rated|\n|rule|Species Clause: Limit one of each Pok\u00e9mon\n|rule|Item Clause: Limit one of each item\n|clearpoke\n|poke|p1|Mimikyu, L50, F|\n|poke|p1|Torkoal, L50, F|\n|poke|p1|Amoonguss, L50, M|\n|poke|p1|Goodra, L50, M|\n|poke|p1|Glimmora, L50, F|\n|poke|p1|Slowbro, L50, F|\n|poke|p2|Palafin, L50, M|\n|poke|p2|Arcanine, L50, M|\n|poke|p2|Amoonguss, L50, M|\n|poke|p2|Flutter Mane, L50|\n|poke|p2|Ting-Lu, L50|\n|poke|p2|Slither Wing, L50|\n|teampreview|4\n|inactive|Battle timer is ON: inactive players will automatically lose when time's up. (requested by acidmineral)\n|\n|t:|1682682279\n|start\n|switch|p1a: Slowbro|Slowbro, L50, F|100\/100\n|switch|p1b: Glimmora|Glimmora, L50, F|100\/100\n|switch|p2a: Arcanine|Arcanine, L50, M|100\/100\n|switch|p2b: Ting-Lu|Ting-Lu, L50|100\/100\n|-ability|p2a: Arcanine|Intimidate|boost\n|-unboost|p1a: Slowbro|atk|1\n|-unboost|p1b: Glimmora|atk|1\n|-ability|p2b: Ting-Lu|Vessel of Ruin\n|turn|1\n|\n|t:|1682682299\n|move|p1b: Glimmora|Spiky Shield|p1b: Glimmora\n|-singleturn|p1b: Glimmora|move: Protect\n|move|p2a: Arcanine|Flare Blitz|p1b: Glimmora\n|-activate|p1b: Glimmora|move: Protect\n|-damage|p2a: Arcanine|88\/100|[from] Spiky Shield|[of] p1b: Glimmora\n|move|p2b: Ting-Lu|Stomping Tantrum|p1b: Glimmora\n|-activate|p1b: Glimmora|move: Protect\n|-damage|p2b: Ting-Lu|88\/100|[from] Spiky Shield|[of] p1b: Glimmora\n|move|p1a: Slowbro|Trick Room|p1a: Slowbro\n|-fieldstart|move: Trick Room|[of] p1a: Slowbro\n|\n|upkeep\n|turn|2\n|inactive|Charlisito has 30 seconds left.\n|inactive|Charlisito has 20 seconds left.\n|inactive|Charlisito has 15 seconds left.\n|inactive|Charlisito has 10 seconds left.\n|inactive|Charlisito has 5 seconds left.\n|\n|t:|1682682354\n|move|p1a: Slowbro|Hydro Pump|p2b: Ting-Lu\n|-supereffective|p2b: Ting-Lu\n|-damage|p2b: Ting-Lu|54\/100\n|move|p2b: Ting-Lu|Stomping Tantrum|p1a: Slowbro\n|-damage|p1a: Slowbro|73\/100\n|move|p1b: Glimmora|Stealth Rock|p2a: Arcanine\n|-sidestart|p2: Charlisito|move: Stealth Rock\n|move|p2a: Arcanine|Flare Blitz|p1b: Glimmora\n|-resisted|p1b: Glimmora\n|-damage|p1b: Glimmora|78\/100\n|-activate|p1b: Glimmora|ability: Toxic Debris\n|-sidestart|p2: Charlisito|move: Toxic Spikes\n|-damage|p2a: Arcanine|81\/100|[from] Recoil\n|\n|-heal|p1b: Glimmora|84\/100|[from] item: Black Sludge\n|upkeep\n|turn|3\n|\n|t:|1682682372\n|move|p1b: Glimmora|Spiky Shield|p1b: Glimmora\n|-singleturn|p1b: Glimmora|move: Protect\n|move|p1a: Slowbro|Hydro Pump|p2b: Ting-Lu\n|-supereffective|p2b: Ting-Lu\n|-damage|p2b: Ting-Lu|25\/100\n|move|p2b: Ting-Lu|Stomping Tantrum|p1b: Glimmora\n|-activate|p1b: Glimmora|move: Protect\n|-damage|p2b: Ting-Lu|13\/100|[from] Spiky Shield|[of] p1b: Glimmora\n|move|p2a: Arcanine|Will-O-Wisp|p1a: Slowbro\n|-status|p1a: Slowbro|brn\n|\n|-heal|p1b: Glimmora|90\/100|[from] item: Black Sludge\n|-damage|p1a: Slowbro|67\/100 brn|[from] brn\n|upkeep\n|turn|4\n|\n|t:|1682682388\n|switch|p2b: Amoonguss|Amoonguss, L50, M|100\/100\n|-damage|p2b: Amoonguss|88\/100|[from] Stealth Rock\n|-sideend|p2: Charlisito|move: Toxic Spikes|[of] p2b: Amoonguss\n|move|p2a: Arcanine|Extreme Speed|p1a: Slowbro\n|-damage|p1a: Slowbro|50\/100 brn\n|move|p1a: Slowbro|Hydro Pump|p2b: Amoonguss\n|-resisted|p2b: Amoonguss\n|-damage|p2b: Amoonguss|71\/100\n|move|p1b: Glimmora|Mortal Spin|p2a: Arcanine|[spread] p2a,p2b\n|-damage|p2a: Arcanine|78\/100\n|-damage|p2b: Amoonguss|69\/100\n|-status|p2a: Arcanine|psn\n|\n|-heal|p1b: Glimmora|96\/100|[from] item: Black Sludge\n|-damage|p2a: Arcanine|65\/100 psn|[from] psn\n|-damage|p1a: Slowbro|45\/100 brn|[from] brn\n|upkeep\n|turn|5\n|\n|t:|1682682411\n|move|p1b: Glimmora|Spiky Shield|p1b: Glimmora\n|-singleturn|p1b: Glimmora|move: Protect\n|move|p2a: Arcanine|Protect|p2a: Arcanine\n|-singleturn|p2a: Arcanine|Protect\n|move|p1a: Slowbro|Flamethrower|p2b: Amoonguss\n|-supereffective|p2b: Amoonguss\n|-damage|p2b: Amoonguss|32\/100\n|-enditem|p2b: Amoonguss|Sitrus Berry|[eat]\n|-heal|p2b: Amoonguss|56\/100|[from] item: Sitrus Berry\n|move|p2b: Amoonguss|Spore|p1b: Glimmora\n|-activate|p1b: Glimmora|move: Protect\n|\n|-heal|p1b: Glimmora|100\/100|[from] item: Black Sludge\n|-damage|p2a: Arcanine|53\/100 psn|[from] psn\n|-damage|p1a: Slowbro|39\/100 brn|[from] brn\n|-fieldend|move: Trick Room\n|upkeep\n|turn|6\n|inactive|Charlisito has 30 seconds left.\n|\n|t:|1682682441\n|move|p2a: Arcanine|Flare Blitz|p1a: Slowbro\n|-resisted|p1a: Slowbro\n|-damage|p1a: Slowbro|19\/100 brn\n|-damage|p2a: Arcanine|46\/100 psn|[from] Recoil\n|move|p1b: Glimmora|Sludge Bomb|p2b: Amoonguss\n|-damage|p2b: Amoonguss|22\/100\n|move|p2b: Amoonguss|Spore|p1b: Glimmora\n|-status|p1b: Glimmora|slp|[from] move: Spore\n|move|p1a: Slowbro|Flamethrower|p2b: Amoonguss\n|-supereffective|p2b: Amoonguss\n|-damage|p2b: Amoonguss|0 fnt\n|faint|p2b: Amoonguss\n|\n|-damage|p2a: Arcanine|34\/100 psn|[from] psn\n|-damage|p1a: Slowbro|13\/100 brn|[from] brn\n|upkeep\n|\n|t:|1682682450\n|switch|p2b: Flutter Mane|Flutter Mane, L50|100\/100\n|-damage|p2b: Flutter Mane|88\/100|[from] Stealth Rock\n|-enditem|p2b: Flutter Mane|Booster Energy\n|-activate|p2b: Flutter Mane|ability: Protosynthesis|[fromitem]\n|-start|p2b: Flutter Mane|protosynthesisspa\n|turn|7\n|\n|t:|1682682472\n|switch|p1a: Amoonguss|Amoonguss, L50, M|100\/100\n|cant|p1b: Glimmora|slp\n|move|p2a: Arcanine|Extreme Speed|p1a: Amoonguss\n|-damage|p1a: Amoonguss|81\/100\n|move|p2b: Flutter Mane|Dazzling Gleam|p1a: Amoonguss|[spread] p1a,p1b\n|-resisted|p1a: Amoonguss\n|-resisted|p1b: Glimmora\n|-damage|p1a: Amoonguss|62\/100\n|-damage|p1b: Glimmora|82\/100 slp\n|\n|-heal|p1b: Glimmora|87\/100 slp|[from] item: Black Sludge\n|-damage|p2a: Arcanine|22\/100 psn|[from] psn\n|upkeep\n|turn|8\n|inactive|Charlisito has 30 seconds left.\n|\n|t:|1682682498\n|move|p1a: Amoonguss|Protect|p1a: Amoonguss\n|-singleturn|p1a: Amoonguss|Protect\n|move|p2b: Flutter Mane|Shadow Ball|p1b: Glimmora\n|-damage|p1b: Glimmora|28\/100 slp\n|move|p2a: Arcanine|Flare Blitz|p1a: Amoonguss\n|-activate|p1a: Amoonguss|move: Protect\n|cant|p1b: Glimmora|slp\n|\n|-heal|p1b: Glimmora|34\/100 slp|[from] item: Black Sludge\n|-damage|p2a: Arcanine|10\/100 psn|[from] psn\n|upkeep\n|turn|9\n|inactive|acidmineral has 30 seconds left.\n|\n|t:|1682682530\n|-terastallize|p1a: Amoonguss|Water\n|move|p2b: Flutter Mane|Shadow Ball|p1b: Glimmora\n|-damage|p1b: Glimmora|0 fnt\n|faint|p1b: Glimmora\n|move|p2a: Arcanine|Flare Blitz|p1a: Amoonguss\n|-resisted|p1a: Amoonguss\n|-damage|p1a: Amoonguss|43\/100\n|-enditem|p1a: Amoonguss|Sitrus Berry|[eat]\n|-heal|p1a: Amoonguss|68\/100|[from] item: Sitrus Berry\n|-damage|p2a: Arcanine|3\/100 psn|[from] Recoil\n|move|p1a: Amoonguss|Spore|p2b: Flutter Mane\n|-status|p2b: Flutter Mane|slp|[from] move: Spore\n|\n|-damage|p2a: Arcanine|0 fnt|[from] psn\n|faint|p2a: Arcanine\n|upkeep\n|\n|t:|1682682553\n|switch|p2a: Ting-Lu|Ting-Lu, L50|13\/100\n|switch|p1b: Slowbro|Slowbro, L50, F|46\/100 brn\n|-damage|p2a: Ting-Lu|7\/100|[from] Stealth Rock\n|-ability|p2a: Ting-Lu|Vessel of Ruin\n|turn|10\n|\n|t:|1682682564\n|move|p1a: Amoonguss|Rage Powder|p1a: Amoonguss\n|-singleturn|p1a: Amoonguss|move: Rage Powder\n|cant|p2b: Flutter Mane|slp\n|move|p2a: Ting-Lu|Payback|p1a: Amoonguss\n|-damage|p1a: Amoonguss|34\/100\n|move|p1b: Slowbro|Trick Room|p1b: Slowbro\n|-fieldstart|move: Trick Room|[of] p1b: Slowbro\n|\n|-damage|p1b: Slowbro|40\/100 brn|[from] brn\n|upkeep\n|turn|11\n|\n|t:|1682682574\n|switch|p1b: Goodra|Goodra, L50, M|100\/100\n|move|p1a: Amoonguss|Spore|p2a: Ting-Lu\n|-status|p2a: Ting-Lu|slp|[from] move: Spore\n|cant|p2a: Ting-Lu|slp\n|cant|p2b: Flutter Mane|slp\n|\n|upkeep\n|turn|12\n|\n|t:|1682682599\n|-terastallize|p2b: Flutter Mane|Fairy\n|move|p1a: Amoonguss|Rage Powder|p1a: Amoonguss\n|-singleturn|p1a: Amoonguss|move: Rage Powder\n|cant|p2a: Ting-Lu|slp\n|move|p1b: Goodra|Bulldoze|p2b: Flutter Mane|[spread] p1a,p2a,p2b\n|-damage|p1a: Amoonguss|24\/100\n|-damage|p2a: Ting-Lu|1\/100 slp\n|-damage|p2b: Flutter Mane|68\/100 slp\n|-unboost|p1a: Amoonguss|spe|1\n|-unboost|p2a: Ting-Lu|spe|1\n|-unboost|p2b: Flutter Mane|spe|1\n|cant|p2b: Flutter Mane|slp\n|\n|upkeep\n|turn|13\n|\n|t:|1682682619\n|switch|p1a: Slowbro|Slowbro, L50, F|73\/100 brn\n|cant|p2a: Ting-Lu|slp\n|move|p1b: Goodra|Bulldoze|p2b: Flutter Mane|[spread] p1a,p2a,p2b\n|-damage|p1a: Slowbro|64\/100 brn\n|-damage|p2a: Ting-Lu|0 fnt\n|-damage|p2b: Flutter Mane|47\/100 slp\n|-unboost|p1a: Slowbro|spe|1\n|-unboost|p2b: Flutter Mane|spe|1\n|faint|p2a: Ting-Lu\n|-curestatus|p2b: Flutter Mane|slp|[msg]\n|move|p2b: Flutter Mane|Dazzling Gleam|p1b: Goodra|[spread] p1a,p1b\n|-supereffective|p1b: Goodra\n|-damage|p1a: Slowbro|21\/100 brn\n|-damage|p1b: Goodra|31\/100\n|\n|-heal|p1b: Goodra|38\/100|[from] item: Leftovers\n|-damage|p1a: Slowbro|15\/100 brn|[from] brn\n|upkeep\n|turn|14\n|\n|t:|1682682643\n|move|p2b: Flutter Mane|Protect|p2b: Flutter Mane\n|-singleturn|p2b: Flutter Mane|Protect\n|move|p1a: Slowbro|Hydro Pump|p2b: Flutter Mane\n|-activate|p2b: Flutter Mane|move: Protect\n|move|p1b: Goodra|Body Press|p2b: Flutter Mane\n|-activate|p2b: Flutter Mane|move: Protect\n|\n|-heal|p1b: Goodra|44\/100|[from] item: Leftovers\n|-damage|p1a: Slowbro|9\/100 brn|[from] brn\n|-fieldend|move: Trick Room\n|upkeep\n|turn|15\n|\n|t:|1682682657\n|switch|p1a: Amoonguss|Amoonguss, L50, M, tera:Water|58\/100\n|move|p1b: Goodra|Protect|p1b: Goodra\n|-singleturn|p1b: Goodra|Protect\n|move|p2b: Flutter Mane|Dazzling Gleam|p1b: Goodra|[spread] p1a\n|-activate|p1b: Goodra|move: Protect\n|-damage|p1a: Amoonguss|13\/100\n|\n|-heal|p1b: Goodra|50\/100|[from] item: Leftovers\n|upkeep\n|turn|16\n|\n|t:|1682682675\n|switch|p1b: Slowbro|Slowbro, L50, F|42\/100 brn\n|move|p1a: Amoonguss|Protect|p1a: Amoonguss\n|-singleturn|p1a: Amoonguss|Protect\n|move|p2b: Flutter Mane|Dazzling Gleam|p1b: Slowbro|[spread] p1b\n|-activate|p1a: Amoonguss|move: Protect\n|-damage|p1b: Slowbro|0 fnt\n|faint|p1b: Slowbro\n|\n|upkeep\n|\n|t:|1682682684\n|switch|p1b: Goodra|Goodra, L50, M|50\/100\n|turn|17\n|\n|t:|1682682695\n|move|p1b: Goodra|Protect|p1b: Goodra\n|-singleturn|p1b: Goodra|Protect\n|move|p2b: Flutter Mane|Dazzling Gleam|p1b: Goodra|[spread] p1a\n|-activate|p1b: Goodra|move: Protect\n|-damage|p1a: Amoonguss|0 fnt\n|faint|p1a: Amoonguss\n|\n|-heal|p1b: Goodra|56\/100|[from] item: Leftovers\n|upkeep\n|turn|18\n|\n|t:|1682682709\n|move|p2b: Flutter Mane|Moonblast|p1b: Goodra\n|-supereffective|p1b: Goodra\n|-damage|p1b: Goodra|0 fnt\n|faint|p1b: Goodra\n|\n|win|Charlisito\n|raw|acidmineral's rating: 1131 → 1105<\/strong> (-26 for losing)\n|raw|Charlisito's rating: 1117 → 1143<\/strong> (+26 for winning)\n|l|\u2606acidmineral\n","uploadtime":1682682713,"views":13,"p1id":"acidmineral","p2id":"charlisito","formatid":"gen9vgc2023regulationc","rating":1105,"private":0,"password":""}