{"id":"gen9vgc2023regulationc-1848003008","p1":"VictorbrineCassini","p2":"hisanory","format":"[Gen 9] VGC 2023 Regulation C","log":"|j|\u2606VictorbrineCassini\n|j|\u2606hisanory\n|t:|1682019748\n|gametype|doubles\n|player|p1|VictorbrineCassini|169|1081\n|player|p2|hisanory|266|1164\n|teamsize|p1|6\n|teamsize|p2|6\n|gen|9\n|tier|[Gen 9] VGC 2023 Regulation C\n|rated|\n|rule|Species Clause: Limit one of each Pok\u00e9mon\n|rule|Item Clause: Limit one of each item\n|clearpoke\n|poke|p1|Lurantis, L50, F|\n|poke|p1|Torkoal, L50, M|\n|poke|p1|Iron Hands, L50|\n|poke|p1|Flutter Mane, L50|\n|poke|p1|Rotom-Wash, L50|\n|poke|p1|Glimmora, L50, F|\n|poke|p2|Flutter Mane, L50|\n|poke|p2|Arcanine, L50, M|\n|poke|p2|Ting-Lu, L50|\n|poke|p2|Iron Hands, L50|\n|poke|p2|Oranguru, L50, M|\n|poke|p2|Amoonguss, L50, M|\n|teampreview|4\n|\n|t:|1682019793\n|start\n|switch|p1a: Cooking Koal|Torkoal, L50, M|100\/100\n|switch|p1b: Cooking Mane|Flutter Mane, L50|100\/100\n|switch|p2a: Iron Hands|Iron Hands, L50, shiny|100\/100\n|switch|p2b: Oranguru|Oranguru, L50, M, shiny|100\/100\n|-weather|SunnyDay|[from] ability: Drought|[of] p1a: Cooking Koal\n|-activate|p1b: Cooking Mane|ability: Protosynthesis\n|-start|p1b: Cooking Mane|protosynthesisspe\n|turn|1\n|\n|t:|1682019818\n|-terastallize|p2b: Oranguru|Steel\n|move|p1b: Cooking Mane|Moonblast|p2b: Oranguru\n|-resisted|p2b: Oranguru\n|-damage|p2b: Oranguru|84\/100\n|move|p2a: Iron Hands|Swords Dance|p2a: Iron Hands\n|-boost|p2a: Iron Hands|atk|2\n|move|p1a: Cooking Koal|Eruption|p2b: Oranguru|[spread] p2a,p2b\n|-supereffective|p2b: Oranguru\n|-damage|p2a: Iron Hands|60\/100\n|-damage|p2b: Oranguru|16\/100\n|-enditem|p2b: Oranguru|Sitrus Berry|[eat]\n|-heal|p2b: Oranguru|41\/100|[from] item: Sitrus Berry\n|move|p2b: Oranguru|Trick Room|p2b: Oranguru\n|-fieldstart|move: Trick Room|[of] p2b: Oranguru\n|\n|-weather|SunnyDay|[upkeep]\n|upkeep\n|turn|2\n|\n|t:|1682019840\n|move|p1a: Cooking Koal|Eruption|p2a: Iron Hands|[spread] p2a,p2b\n|-supereffective|p2b: Oranguru\n|-damage|p2a: Iron Hands|22\/100\n|-damage|p2b: Oranguru|0 fnt\n|faint|p2b: Oranguru\n|move|p2a: Iron Hands|Thunder Punch|p1a: Cooking Koal\n|-damage|p1a: Cooking Koal|47\/100\n|move|p1b: Cooking Mane|Dazzling Gleam|p2a: Iron Hands\n|-supereffective|p2a: Iron Hands\n|-damage|p2a: Iron Hands|0 fnt\n|faint|p2a: Iron Hands\n|-end|p2a: Iron Hands|Quark Drive|[silent]\n|\n|-weather|SunnyDay|[upkeep]\n|upkeep\n|\n|t:|1682019854\n|switch|p2a: Amoonguss|Amoonguss, L50, M, shiny|100\/100\n|switch|p2b: Ting-Lu|Ting-Lu, L50|100\/100\n|-ability|p2b: Ting-Lu|Vessel of Ruin\n|turn|3\n|\n|t:|1682019875\n|move|p2a: Amoonguss|Pollen Puff|p2b: Ting-Lu\n|-immune|p2b: Ting-Lu\n|move|p1a: Cooking Koal|Eruption|p2a: Amoonguss|[spread] p2a,p2b\n|-supereffective|p2a: Amoonguss\n|-crit|p2b: Ting-Lu\n|-damage|p2a: Amoonguss|68\/100\n|-damage|p2b: Ting-Lu|83\/100\n|move|p2b: Ting-Lu|Earthquake|p1b: Cooking Mane|[spread] p2a,p1a,p1b\n|-supereffective|p1a: Cooking Koal\n|-damage|p2a: Amoonguss|38\/100\n|-damage|p1a: Cooking Koal|6\/100\n|-damage|p1b: Cooking Mane|19\/100\n|move|p1b: Cooking Mane|Shadow Ball|p2a: Amoonguss\n|-damage|p2a: Amoonguss|8\/100\n|-enditem|p2a: Amoonguss|Wiki Berry|[eat]\n|-heal|p2a: Amoonguss|41\/100|[from] item: Wiki Berry\n|\n|-weather|SunnyDay|[upkeep]\n|upkeep\n|turn|4\n|\n|t:|1682019914\n|-end|p1b: Cooking Mane|Protosynthesis|[silent]\n|switch|p1b: Cooking Hands|Iron Hands, L50|100\/100\n|-enditem|p1b: Cooking Hands|Booster Energy\n|-activate|p1b: Cooking Hands|ability: Quark Drive|[fromitem]\n|-start|p1b: Cooking Hands|quarkdriveatk\n|move|p2a: Amoonguss|Clear Smog|p1b: Cooking Hands\n|-damage|p1b: Cooking Hands|90\/100\n|-clearboost|p1b: Cooking Hands\n|move|p1a: Cooking Koal|Eruption|p2a: Amoonguss|[spread] p2a,p2b\n|-supereffective|p2a: Amoonguss\n|-crit|p2a: Amoonguss\n|-damage|p2a: Amoonguss|34\/100\n|-damage|p2b: Ting-Lu|81\/100\n|move|p2b: Ting-Lu|Rock Slide|p1b: Cooking Hands|[spread] p1a,p1b\n|-supereffective|p1a: Cooking Koal\n|-resisted|p1b: Cooking Hands\n|-damage|p1a: Cooking Koal|0 fnt\n|-damage|p1b: Cooking Hands|83\/100\n|faint|p1a: Cooking Koal\n|\n|-weather|SunnyDay|[upkeep]\n|upkeep\n|\n|t:|1682019933\n|switch|p1a: Am I cooking?|Lurantis, L50, F|100\/100\n|turn|5\n|\n|t:|1682019949\n|move|p1b: Cooking Hands|Fake Out|p2a: Amoonguss\n|-damage|p2a: Amoonguss|19\/100\n|cant|p2a: Amoonguss|flinch\n|move|p2b: Ting-Lu|Throat Chop|p1a: Am I cooking?\n|-damage|p1a: Am I cooking?|53\/100\n|-start|p1a: Am I cooking?|Throat Chop|[silent]\n|move|p1a: Am I cooking?|Leaf Storm|p2b: Ting-Lu\n|-supereffective|p2b: Ting-Lu\n|-damage|p2b: Ting-Lu|35\/100\n|-boost|p1a: Am I cooking?|spa|2\n|-enditem|p2b: Ting-Lu|Weakness Policy\n|-boost|p2b: Ting-Lu|atk|2|[from] item: Weakness Policy\n|-boost|p2b: Ting-Lu|spa|2|[from] item: Weakness Policy\n|\n|-weather|none\n|-fieldend|move: Trick Room\n|upkeep\n|turn|6\n|\n|t:|1682019982\n|move|p1a: Am I cooking?|Leaf Storm|p2b: Ting-Lu\n|-supereffective|p2b: Ting-Lu\n|-damage|p2b: Ting-Lu|0 fnt\n|-boost|p1a: Am I cooking?|spa|2\n|faint|p2b: Ting-Lu\n|move|p1b: Cooking Hands|Drain Punch|p2a: Amoonguss\n|-resisted|p2a: Amoonguss\n|-damage|p2a: Amoonguss|0 fnt\n|-heal|p1b: Cooking Hands|92\/100|[from] drain|[of] p2a: Amoonguss\n|faint|p2a: Amoonguss\n|\n|win|VictorbrineCassini\n|raw|VictorbrineCassini's rating: 1081 → 1115<\/strong> (+34 for winning)\n|raw|hisanory's rating: 1164 → 1133<\/strong> (-31 for losing)\n|l|\u2606hisanory\n","uploadtime":1682019996,"views":13,"p1id":"victorbrinecassini","p2id":"hisanory","formatid":"gen9vgc2023regulationc","rating":1115,"private":0,"password":""}