{"id":"gen9vgc2023regulationc-1851636998","p1":"lagodude","p2":"SpeedyLinguine","format":"[Gen 9] VGC 2023 Regulation C","log":"|j|\u2606lagodude\n|j|\u2606SpeedyLinguine\n|t:|1682464014\n|gametype|doubles\n|player|p1|lagodude|265|1171\n|player|p2|SpeedyLinguine|hoopster|1222\n|teamsize|p1|6\n|teamsize|p2|6\n|gen|9\n|tier|[Gen 9] VGC 2023 Regulation C\n|rated|\n|rule|Species Clause: Limit one of each Pok\u00e9mon\n|rule|Item Clause: Limit one of each item\n|clearpoke\n|poke|p1|Ceruledge, L50, F|\n|poke|p1|Torkoal, L50, F|\n|poke|p1|Talonflame, L50, M|\n|poke|p1|Garchomp, L50, M|\n|poke|p1|Hydreigon, L50, M|\n|poke|p1|Flutter Mane, L50|\n|poke|p2|Pelipper, L50, F|\n|poke|p2|Amoonguss, L50, M|\n|poke|p2|Flutter Mane, L50|\n|poke|p2|Floatzel, L50, F|\n|poke|p2|Iron Hands, L50|\n|poke|p2|Gholdengo, L50|\n|teampreview|4\n|inactive|Battle timer is ON: inactive players will automatically lose when time's up. (requested by lagodude)\nSpeedyLinguine has agreed to open team sheets.\nlagodude has agreed to open team sheets.\n|inactive|lagodude has 60 seconds left.\n|inactive|SpeedyLinguine has 60 seconds left.\n|\n|t:|1682464061\n|start\n|switch|p1a: Garchomp|Garchomp, L50, M|100\/100\n|switch|p1b: Talonflame|Talonflame, L50, M|100\/100\n|switch|p2a: El Nadador|Floatzel, L50, F|100\/100\n|switch|p2b: Darth Vader|Flutter Mane, L50|100\/100\n|turn|1\n|\n|t:|1682464085\n|switch|p2a: The Jordan of VGC|Pelipper, L50, F|100\/100\n|-weather|RainDance|[from] ability: Drizzle|[of] p2a: The Jordan of VGC\n|move|p1b: Talonflame|Protect|p1b: Talonflame\n|-singleturn|p1b: Talonflame|Protect\n|move|p2b: Darth Vader|Dazzling Gleam|p1a: Garchomp|[spread] p1a\n|-activate|p1b: Talonflame|move: Protect\n|-supereffective|p1a: Garchomp\n|-damage|p1a: Garchomp|27\/100\n|move|p1a: Garchomp|Earthquake|p2b: Darth Vader|[spread] p2b\n|-activate|p1b: Talonflame|move: Protect\n|-immune|p2a: The Jordan of VGC\n|-enditem|p2b: Darth Vader|Focus Sash\n|-damage|p2b: Darth Vader|1\/100\n|-damage|p1a: Garchomp|17\/100|[from] item: Life Orb\n|\n|-weather|RainDance|[upkeep]\n|upkeep\n|turn|2\n|\n|t:|1682464108\n|move|p2b: Darth Vader|Protect|p2b: Darth Vader\n|-singleturn|p2b: Darth Vader|Protect\n|move|p1b: Talonflame|Tailwind|p1b: Talonflame\n|-sidestart|p1: lagodude|move: Tailwind\n|move|p1a: Garchomp|Thunder Fang|p2a: The Jordan of VGC|[miss]\n|-miss|p1a: Garchomp|p2a: The Jordan of VGC\n|move|p2a: The Jordan of VGC|Hydro Pump|p1b: Talonflame\n|-supereffective|p1b: Talonflame\n|-enditem|p1b: Talonflame|Focus Sash\n|-damage|p1b: Talonflame|1\/100\n|\n|-weather|RainDance|[upkeep]\n|upkeep\n|turn|3\n|\n|t:|1682464128\n|move|p2a: The Jordan of VGC|Protect|p2a: The Jordan of VGC\n|-singleturn|p2a: The Jordan of VGC|Protect\n|move|p1b: Talonflame|Flare Blitz|p2b: Darth Vader\n|-damage|p2b: Darth Vader|0 fnt\n|faint|p2b: Darth Vader\n|-end|p2b: Darth Vader|Protosynthesis|[silent]\n|-damage|p1b: Talonflame|0 fnt|[from] Recoil\n|faint|p1b: Talonflame\n|move|p1a: Garchomp|Thunder Fang|p2a: The Jordan of VGC\n|-activate|p2a: The Jordan of VGC|move: Protect\n|\n|-weather|RainDance|[upkeep]\n|upkeep\n|c|\u2606lagodude|lol 95% accurate\n|c|\u2606lagodude|fuck me\n|inactive|lagodude has 30 seconds left.\n|\n|t:|1682464157\n|switch|p2b: obligatory Paradox|Iron Hands, L50|100\/100\n|switch|p1b: Torkoal|Torkoal, L50, F|100\/100\n|-weather|SunnyDay|[from] ability: Drought|[of] p1b: Torkoal\n|-enditem|p2b: obligatory Paradox|Booster Energy\n|-activate|p2b: obligatory Paradox|ability: Quark Drive|[fromitem]\n|-start|p2b: obligatory Paradox|quarkdriveatk\n|turn|4\n|c|\u2606SpeedyLinguine|yeah been there\n|\n|t:|1682464172\n|switch|p1b: Ceruledge|Ceruledge, L50, F|100\/100\n|move|p1a: Garchomp|Protect|p1a: Garchomp\n|-singleturn|p1a: Garchomp|Protect\n|move|p2b: obligatory Paradox|Fake Out|p1a: Garchomp\n|-activate|p1a: Garchomp|move: Protect\n|move|p2a: The Jordan of VGC|Hydro Pump|p1b: Ceruledge\n|-supereffective|p1b: Ceruledge\n|-damage|p1b: Ceruledge|62\/100\n|\n|-weather|SunnyDay|[upkeep]\n|upkeep\n|turn|5\n|\n|t:|1682464186\n|-terastallize|p1b: Ceruledge|Grass\n|move|p2b: obligatory Paradox|Detect|p2b: obligatory Paradox\n|-singleturn|p2b: obligatory Paradox|Protect\n|move|p1a: Garchomp|Earthquake|p2a: The Jordan of VGC|[spread] p1b\n|-activate|p2b: obligatory Paradox|move: Protect\n|-immune|p2a: The Jordan of VGC\n|-resisted|p1b: Ceruledge\n|-damage|p1b: Ceruledge|32\/100\n|-damage|p1a: Garchomp|8\/100|[from] item: Life Orb\n|move|p1b: Ceruledge|Bitter Blade|p2b: obligatory Paradox\n|-activate|p2b: obligatory Paradox|move: Protect\n|move|p2a: The Jordan of VGC|Hydro Pump|p1a: Garchomp\n|-damage|p1a: Garchomp|0 fnt\n|faint|p1a: Garchomp\n|\n|-weather|SunnyDay|[upkeep]\n|-sideend|p1: lagodude|move: Tailwind\n|upkeep\n|-message|lagodude forfeited.\n|\n|win|SpeedyLinguine\n|raw|lagodude's rating: 1171 → 1150<\/strong> (-21 for losing)\n|raw|SpeedyLinguine's rating: 1222 → 1243<\/strong> (+21 for winning)\n|l|\u2606lagodude\n|c|\u2606SpeedyLinguine|why the ff?\n","uploadtime":1682464208,"views":15,"p1id":"lagodude","p2id":"speedylinguine","formatid":"gen9vgc2023regulationc","rating":1150,"private":0,"password":""}