{"id":"gen9vgc2023regulationc-1845782792","p1":"Inwaves22","p2":"garfieldslaya","format":"[Gen 9] VGC 2023 Regulation C","log":"|j|\u2606Inwaves22\n|j|\u2606garfieldslaya\n|t:|1681764111\n|gametype|doubles\n|player|p1|Inwaves22|falkner|1247\n|player|p2|garfieldslaya|jasmine|1279\n|teamsize|p1|6\n|teamsize|p2|6\n|gen|9\n|tier|[Gen 9] VGC 2023 Regulation C\n|rated|\n|rule|Species Clause: Limit one of each Pok\u00e9mon\n|rule|Item Clause: Limit one of each item\n|clearpoke\n|poke|p1|Dondozo, L50, F|\n|poke|p1|Tatsugiri-Droopy, L50, M|\n|poke|p1|Pelipper, L50, F|\n|poke|p1|Drednaw, L50, M|\n|poke|p1|Dragonite, L50, F|\n|poke|p1|Chien-Pao, L50|\n|poke|p2|Great Tusk, L50|\n|poke|p2|Talonflame, L50, F|\n|poke|p2|Flutter Mane, L50|\n|poke|p2|Amoonguss, L50, F|\n|poke|p2|Arcanine, L50, F|\n|poke|p2|Gholdengo, L50|\n|teampreview|4\ngarfieldslaya has agreed to open team sheets.\n|j| Ellione Leonhart\nInwaves22 has agreed to open team sheets.\n|l| Ellione Leonhart\n|inactive|Battle timer is ON: inactive players will automatically lose when time's up. (requested by Inwaves22)\n|\n|t:|1681764219\n|start\n|switch|p1a: Pelipper|Pelipper, L50, F|100\/100\n|switch|p1b: Drednaw|Drednaw, L50, M|100\/100\n|switch|p2a: Talonflame|Talonflame, L50, F|100\/100\n|switch|p2b: Gholdengo|Gholdengo, L50|100\/100\n|-weather|RainDance|[from] ability: Drizzle|[of] p1a: Pelipper\n|turn|1\n|inactive|Inwaves22 has 30 seconds left.\n|inactive|garfieldslaya has 30 seconds left.\n|inactive|Inwaves22 has 20 seconds left.\n|inactive|garfieldslaya has 20 seconds left.\n|inactive|garfieldslaya has 15 seconds left.\n|\n|t:|1681764262\n|-terastallize|p1b: Drednaw|Grass\n|move|p2b: Gholdengo|Protect|p2b: Gholdengo\n|-singleturn|p2b: Gholdengo|Protect\n|move|p1a: Pelipper|Protect|p1a: Pelipper\n|-singleturn|p1a: Pelipper|Protect\n|move|p2a: Talonflame|Tailwind|p2a: Talonflame\n|-sidestart|p2: garfieldslaya|move: Tailwind\n|move|p1b: Drednaw|Rock Slide|p2b: Gholdengo|[spread] p2a\n|-activate|p2b: Gholdengo|move: Protect\n|-supereffective|p2a: Talonflame\n|-damage|p2a: Talonflame|0 fnt\n|faint|p2a: Talonflame\n|\n|-weather|RainDance|[upkeep]\n|upkeep\n|\n|t:|1681764274\n|switch|p2a: Arcanine|Arcanine, L50, F|100\/100\n|-ability|p2a: Arcanine|Intimidate|boost\n|-unboost|p1a: Pelipper|atk|1\n|-unboost|p1b: Drednaw|atk|1\n|turn|2\n|\n|t:|1681764299\n|-terastallize|p2a: Arcanine|Grass\n|move|p1b: Drednaw|Rock Slide|p2b: Gholdengo|[spread] p2a,p2b\n|-resisted|p2b: Gholdengo\n|-damage|p2a: Arcanine|73\/100\n|-damage|p2b: Gholdengo|87\/100\n|cant|p2a: Arcanine|flinch\n|move|p2b: Gholdengo|Make It Rain|p1a: Pelipper|[spread] p1a,p1b\n|-resisted|p1a: Pelipper\n|-damage|p1a: Pelipper|64\/100\n|-damage|p1b: Drednaw|28\/100\n|-unboost|p2b: Gholdengo|spa|1\n|move|p1a: Pelipper|Tailwind|p1a: Pelipper\n|-sidestart|p1: Inwaves22|move: Tailwind\n|\n|-weather|RainDance|[upkeep]\n|-heal|p2b: Gholdengo|93\/100|[from] item: Leftovers\n|upkeep\n|turn|3\n|inactive|garfieldslaya has 30 seconds left.\n|\n|t:|1681764325\n|switch|p1b: Dondozo|Dondozo, L50, F|100\/100\n|move|p2a: Arcanine|Protect|p2a: Arcanine\n|-singleturn|p2a: Arcanine|Protect\n|move|p2b: Gholdengo|Make It Rain|p1b: Dondozo|[spread] p1a,p1b\n|-resisted|p1a: Pelipper\n|-resisted|p1b: Dondozo\n|-damage|p1a: Pelipper|39\/100\n|-damage|p1b: Dondozo|74\/100\n|-unboost|p2b: Gholdengo|spa|1\n|move|p1a: Pelipper|Hydro Pump|p2a: Arcanine\n|-activate|p2a: Arcanine|move: Protect\n|\n|-weather|RainDance|[upkeep]\n|-heal|p2b: Gholdengo|99\/100|[from] item: Leftovers\n|upkeep\n|turn|4\n|inactive|garfieldslaya has 30 seconds left.\n|\n|t:|1681764355\n|switch|p1a: Tatsugiri|Tatsugiri-Droopy, L50, M, shiny|100\/100\n|-activate|p1a: Tatsugiri|ability: Commander|[of] p1b: Dondozo\n|-boost|p1b: Dondozo|atk|2\n|-boost|p1b: Dondozo|spa|2\n|-boost|p1b: Dondozo|spe|2\n|-boost|p1b: Dondozo|def|2\n|-boost|p1b: Dondozo|spd|2\n|move|p1b: Dondozo|Surf|p2b: Gholdengo|[spread] p2a,p2b\n|-miss|p1b: Dondozo|p1a: Tatsugiri\n|-resisted|p2a: Arcanine\n|-damage|p2a: Arcanine|25\/100\n|-damage|p2b: Gholdengo|9\/100\n|-enditem|p2a: Arcanine|Sitrus Berry|[eat]\n|-heal|p2a: Arcanine|50\/100|[from] item: Sitrus Berry\n|-damage|p1b: Dondozo|64\/100|[from] item: Life Orb\n|move|p2a: Arcanine|Will-O-Wisp|p1b: Dondozo\n|-status|p1b: Dondozo|brn\n|move|p2b: Gholdengo|Shadow Ball|p1a: Tatsugiri|[miss]\n|-miss|p2b: Gholdengo|p1a: Tatsugiri\n|\n|-weather|RainDance|[upkeep]\n|-heal|p2b: Gholdengo|15\/100|[from] item: Leftovers\n|-damage|p1b: Dondozo|58\/100 brn|[from] brn\n|-sideend|p2: garfieldslaya|move: Tailwind\n|upkeep\n|turn|5\n|inactive|garfieldslaya has 30 seconds left.\n|\n|t:|1681764388\n|move|p2a: Arcanine|Protect|p2a: Arcanine\n|-singleturn|p2a: Arcanine|Protect\n|move|p2b: Gholdengo|Protect|p2b: Gholdengo\n|-singleturn|p2b: Gholdengo|Protect\n|move|p1b: Dondozo|Surf|p2a: Arcanine|[spread] \n|-miss|p1b: Dondozo|p1a: Tatsugiri\n|-activate|p2a: Arcanine|move: Protect\n|-activate|p2b: Gholdengo|move: Protect\n|\n|-weather|RainDance|[upkeep]\n|-heal|p2b: Gholdengo|21\/100|[from] item: Leftovers\n|-damage|p1b: Dondozo|52\/100 brn|[from] brn\n|-sideend|p1: Inwaves22|move: Tailwind\n|upkeep\n|turn|6\n|\n|t:|1681764410\n|move|p2a: Arcanine|Extreme Speed|p1b: Dondozo\n|-damage|p1b: Dondozo|42\/100 brn\n|move|p1b: Dondozo|Surf|p2b: Gholdengo|[spread] p2a,p2b\n|-miss|p1b: Dondozo|p1a: Tatsugiri\n|-resisted|p2a: Arcanine\n|-damage|p2a: Arcanine|7\/100\n|-damage|p2b: Gholdengo|0 fnt\n|faint|p2b: Gholdengo\n|-damage|p1b: Dondozo|32\/100 brn|[from] item: Life Orb\n|\n|-weather|RainDance|[upkeep]\n|-damage|p1b: Dondozo|26\/100 brn|[from] brn\n|upkeep\n|\n|t:|1681764416\n|switch|p2b: Amoonguss|Amoonguss, L50, F|100\/100\n|turn|7\n|\n|t:|1681764428\n|move|p2a: Arcanine|Protect|p2a: Arcanine\n|-singleturn|p2a: Arcanine|Protect\n|move|p1b: Dondozo|Surf|p2b: Amoonguss|[spread] p2b\n|-miss|p1b: Dondozo|p1a: Tatsugiri\n|-activate|p2a: Arcanine|move: Protect\n|-resisted|p2b: Amoonguss\n|-damage|p2b: Amoonguss|60\/100\n|-damage|p1b: Dondozo|16\/100 brn|[from] item: Life Orb\n|move|p2b: Amoonguss|Clear Smog|p1b: Dondozo\n|-crit|p1b: Dondozo\n|-damage|p1b: Dondozo|0 fnt\n|-clearboost|p1b: Dondozo\n|faint|p1b: Dondozo\n|\n|-weather|RainDance|[upkeep]\n|upkeep\n|\n|t:|1681764443\n|switch|p1b: Drednaw|Drednaw, L50, M, tera:Grass|28\/100\n|turn|8\n|inactive|Inwaves22 has 30 seconds left.\n|\n|t:|1681764474\n|move|p1a: Tatsugiri|Helping Hand|p1b: Drednaw\n|-singleturn|p1b: Drednaw|Helping Hand|[of] p1a: Tatsugiri\n|move|p2a: Arcanine|Extreme Speed|p1b: Drednaw\n|-damage|p1b: Drednaw|0 fnt\n|faint|p1b: Drednaw\n|move|p2b: Amoonguss|Pollen Puff|p2a: Arcanine\n|-heal|p2a: Arcanine|56\/100\n|\n|-weather|none\n|upkeep\n|\n|t:|1681764484\n|switch|p1b: Pelipper|Pelipper, L50, F|39\/100\n|-weather|RainDance|[from] ability: Drizzle|[of] p1b: Pelipper\n|turn|9\n|inactive|garfieldslaya has 30 seconds left.\n|\n|t:|1681764511\n|move|p1a: Tatsugiri|Helping Hand|p1b: Pelipper\n|-singleturn|p1b: Pelipper|Helping Hand|[of] p1a: Tatsugiri\n|move|p2a: Arcanine|Extreme Speed|p1b: Pelipper\n|-damage|p1b: Pelipper|14\/100\n|move|p2b: Amoonguss|Rage Powder|p2b: Amoonguss\n|-singleturn|p2b: Amoonguss|move: Rage Powder\n|move|p1b: Pelipper|Hydro Pump|p2b: Amoonguss\n|-resisted|p2b: Amoonguss\n|-damage|p2b: Amoonguss|7\/100\n|\n|-weather|RainDance|[upkeep]\n|upkeep\n|turn|10\n|\n|t:|1681764525\n|move|p1a: Tatsugiri|Helping Hand|p1b: Pelipper\n|-singleturn|p1b: Pelipper|Helping Hand|[of] p1a: Tatsugiri\n|move|p1b: Pelipper|Protect|p1b: Pelipper\n|-singleturn|p1b: Pelipper|Protect\n|move|p2a: Arcanine|Extreme Speed|p1b: Pelipper\n|-activate|p1b: Pelipper|move: Protect\n|move|p2b: Amoonguss|Rage Powder|p2b: Amoonguss\n|-singleturn|p2b: Amoonguss|move: Rage Powder\n|\n|-weather|RainDance|[upkeep]\n|upkeep\n|turn|11\n|-message|Inwaves22 forfeited.\n|\n|win|garfieldslaya\n|raw|Inwaves22's rating: 1247 → 1224<\/strong> (-23 for losing)\n|raw|garfieldslaya's rating: 1279 → 1302<\/strong> (+23 for winning)\n|l|\u2606Inwaves22\n","uploadtime":1681764543,"views":6,"p1id":"inwaves22","p2id":"garfieldslaya","formatid":"gen9vgc2023regulationc","rating":1224,"private":0,"password":""}