{"id":"gen9vgc2023regulationc-1846680802","p1":"Julicitos","p2":"Avenger5","format":"[Gen 9] VGC 2023 Regulation C","log":"|j|\u2606Julicitos\n|j|\u2606Avenger5\n|t:|1681865144\n|gametype|doubles\n|player|p1|Julicitos|169|1003\n|player|p2|Avenger5|lucas|1093\n|teamsize|p1|6\n|teamsize|p2|6\n|gen|9\n|tier|[Gen 9] VGC 2023 Regulation C\n|rated|\n|rule|Species Clause: Limit one of each Pok\u00e9mon\n|rule|Item Clause: Limit one of each item\n|clearpoke\n|poke|p1|Indeedee-F, L50, F|\n|poke|p1|Hatterene, L50, F|\n|poke|p1|Armarouge, L50, F|\n|poke|p1|Wo-Chien, L50|\n|poke|p1|Oranguru, L50, F|\n|poke|p1|Torkoal, L50, F|\n|poke|p2|Chien-Pao, L50|\n|poke|p2|Hawlucha, L50, M|\n|poke|p2|Palafin, L50, M|\n|poke|p2|Arcanine, L50, M|\n|poke|p2|Tyranitar, L50, M|\n|poke|p2|Amoonguss, L50, M|\n|teampreview|4\n|inactive|Battle timer is ON: inactive players will automatically lose when time's up. (requested by Avenger5)\n|\n|t:|1681865154\n|start\n|switch|p1a: Torkoal|Torkoal, L50, F|100\/100\n|switch|p1b: Oranguru|Oranguru, L50, F|100\/100\n|switch|p2a: Chien-Pao|Chien-Pao, L50|100\/100\n|switch|p2b: Palafin|Palafin, L50, M|100\/100\n|-ability|p2a: Chien-Pao|Sword of Ruin\n|-weather|SunnyDay|[from] ability: Drought|[of] p1a: Torkoal\n|turn|1\n|\n|t:|1681865175\n|switch|p2a: Arcanine|Arcanine, L50, M|100\/100\n|-ability|p2a: Arcanine|Intimidate|boost\n|-unboost|p1a: Torkoal|atk|1\n|-enditem|p1a: Torkoal|Eject Pack\n|-activate|p1b: Oranguru|ability: Symbiosis|Choice Specs|[of] p1a: Torkoal\n|-unboost|p1b: Oranguru|atk|1\n|\n|t:|1681865185\n|switch|p1a: Indeedee|Indeedee-F, L50, F|100\/100\n|-fieldstart|move: Psychic Terrain|[from] ability: Psychic Surge|[of] p1a: Indeedee\n|-enditem|p1a: Indeedee|Psychic Seed\n|-boost|p1a: Indeedee|spd|1|[from] item: Psychic Seed\n|move|p2b: Palafin|Flip Turn|p1a: Indeedee\n|-damage|p1a: Indeedee|87\/100\n|\n|t:|1681865194\n|detailschange|p2b: Palafin|Palafin-Hero, L50, M\n|switch|p2b: Tyranitar|Tyranitar, L50, M|100\/100|[from] Flip Turn\n|-weather|Sandstorm|[from] ability: Sand Stream|[of] p2b: Tyranitar\n|move|p1b: Oranguru|Trick Room|p1b: Oranguru\n|-fieldstart|move: Trick Room|[of] p1b: Oranguru\n|\n|-weather|Sandstorm|[upkeep]\n|-damage|p1b: Oranguru|94\/100|[from] Sandstorm\n|-damage|p1a: Indeedee|81\/100|[from] Sandstorm\n|upkeep\n|turn|2\n|\n|t:|1681865211\n|switch|p1b: Torkoal|Torkoal, L50, F|100\/100\n|-weather|SunnyDay|[from] ability: Drought|[of] p1b: Torkoal\n|move|p1a: Indeedee|Follow Me|p1a: Indeedee\n|-singleturn|p1a: Indeedee|move: Follow Me\n|move|p2b: Tyranitar|Rock Slide|p1b: Torkoal|[spread] \n|-miss|p2b: Tyranitar|p1a: Indeedee\n|-miss|p2b: Tyranitar|p1b: Torkoal\n|move|p2a: Arcanine|Snarl|p1a: Indeedee|[spread] p1a\n|-miss|p2a: Arcanine|p1b: Torkoal\n|-supereffective|p1a: Indeedee\n|-damage|p1a: Indeedee|68\/100\n|-unboost|p1a: Indeedee|spa|1\n|\n|-weather|SunnyDay|[upkeep]\n|upkeep\n|turn|3\n|inactive|Avenger5 has 30 seconds left.\n|inactive|Avenger5 has 20 seconds left.\n|\n|t:|1681865247\n|-terastallize|p1b: Torkoal|Fire\n|move|p1a: Indeedee|Helping Hand|p1b: Torkoal\n|-singleturn|p1b: Torkoal|Helping Hand|[of] p1a: Indeedee\n|move|p1b: Torkoal|Heat Wave|p2b: Tyranitar|[spread] p2a,p2b\n|-resisted|p2a: Arcanine\n|-resisted|p2b: Tyranitar\n|-damage|p2a: Arcanine|36\/100\n|-damage|p2b: Tyranitar|46\/100\n|move|p2b: Tyranitar|Rock Slide|p1a: Indeedee|[spread] p1a\n|-miss|p2b: Tyranitar|p1b: Torkoal\n|-damage|p1a: Indeedee|37\/100\n|move|p2a: Arcanine|Flare Blitz|p1a: Indeedee\n|-damage|p1a: Indeedee|0 fnt\n|faint|p1a: Indeedee\n|-damage|p2a: Arcanine|25\/100|[from] Recoil\n|\n|-weather|SunnyDay|[upkeep]\n|upkeep\n|\n|t:|1681865264\n|switch|p1a: Oranguru|Oranguru, L50, F|94\/100\n|turn|4\n|\n|t:|1681865281\n|move|p2b: Tyranitar|Protect|p2b: Tyranitar\n|-singleturn|p2b: Tyranitar|Protect\n|move|p1b: Torkoal|Heat Wave|p2b: Tyranitar|[spread] p2a\n|-activate|p2b: Tyranitar|move: Protect\n|-resisted|p2a: Arcanine\n|-damage|p2a: Arcanine|0 fnt\n|faint|p2a: Arcanine\n|move|p1a: Oranguru|Instruct|p1b: Torkoal\n|-singleturn|p1b: Torkoal|move: Instruct|[of] p1a: Oranguru\n|move|p1b: Torkoal|Heat Wave|p2b: Tyranitar\n|-activate|p2b: Tyranitar|move: Protect\n|\n|-weather|SunnyDay|[upkeep]\n|upkeep\n|\n|t:|1681865294\n|switch|p2a: Chien-Pao|Chien-Pao, L50|100\/100\n|-ability|p2a: Chien-Pao|Sword of Ruin\n|turn|5\n|\n|t:|1681865305\n|move|p2a: Chien-Pao|Protect|p2a: Chien-Pao\n|-singleturn|p2a: Chien-Pao|Protect\n|move|p1b: Torkoal|Heat Wave|p2b: Tyranitar|[spread] p2b\n|-activate|p2a: Chien-Pao|move: Protect\n|-resisted|p2b: Tyranitar\n|-damage|p2b: Tyranitar|7\/100\n|move|p1a: Oranguru|Instruct|p1b: Torkoal\n|-singleturn|p1b: Torkoal|move: Instruct|[of] p1a: Oranguru\n|move|p1b: Torkoal|Heat Wave|p2b: Tyranitar|[spread] p2b\n|-activate|p2a: Chien-Pao|move: Protect\n|-resisted|p2b: Tyranitar\n|-damage|p2b: Tyranitar|0 fnt\n|faint|p2b: Tyranitar\n|\n|-weather|SunnyDay|[upkeep]\n|-fieldend|move: Trick Room\n|-fieldend|move: Psychic Terrain\n|upkeep\n|\n|t:|1681865320\n|switch|p2b: Palafin|Palafin-Hero, L50, M|100\/100\n|-activate|p2b: Palafin|ability: Zero to Hero\n|turn|6\n|\n|t:|1681865337\n|switch|p1b: Hatterene|Hatterene, L50, F|100\/100\n|-terastallize|p2b: Palafin|Water\n|move|p2a: Chien-Pao|Sacred Sword|p1b: Hatterene\n|-resisted|p1b: Hatterene\n|-damage|p1b: Hatterene|89\/100\n|move|p2b: Palafin|Wave Crash|p1b: Hatterene\n|-damage|p1b: Hatterene|0 fnt\n|faint|p1b: Hatterene\n|-damage|p2b: Palafin|77\/100|[from] Recoil\n|move|p1a: Oranguru|Trick Room|p1a: Oranguru\n|-fieldstart|move: Trick Room|[of] p1a: Oranguru\n|\n|-weather|none\n|upkeep\n|\n|t:|1681865352\n|switch|p1b: Torkoal|Torkoal, L50, F, tera:Fire|100\/100\n|-weather|SunnyDay|[from] ability: Drought|[of] p1b: Torkoal\n|turn|7\n|\n|t:|1681865360\n|move|p2b: Palafin|Jet Punch|p1b: Torkoal\n|-supereffective|p1b: Torkoal\n|-damage|p1b: Torkoal|33\/100\n|move|p2a: Chien-Pao|Sucker Punch|p1b: Torkoal\n|-damage|p1b: Torkoal|0 fnt\n|faint|p1b: Torkoal\n|move|p1a: Oranguru|Instruct|p1: Torkoal|[notarget]\n|-fail|p1a: Oranguru\n|\n|-weather|SunnyDay|[upkeep]\n|upkeep\n|turn|8\n|c|\u2606Julicitos|gg\n|-message|Julicitos forfeited.\n|\n|win|Avenger5\n|raw|Julicitos's rating: 1003 → 1000<\/strong> (-3 for losing)\n|raw|Avenger5's rating: 1093 → 1112<\/strong> (+19 for winning)\n|l|\u2606Julicitos\n","uploadtime":1681865374,"views":14,"p1id":"julicitos","p2id":"avenger5","formatid":"gen9vgc2023regulationc","rating":1000,"private":0,"password":""}