{"id":"gen9vgc2023regulationc-1847704756","p1":"gianniking","p2":"sgsdfadfsd","format":"[Gen 9] VGC 2023 Regulation C","log":"|j|\u2606gianniking\n|j|\u2606sgsdfadfsd\n|t:|1681994397\n|gametype|doubles\n|player|p1|gianniking|169|1201\n|player|p2|sgsdfadfsd|102|1158\n|teamsize|p1|6\n|teamsize|p2|6\n|gen|9\n|tier|[Gen 9] VGC 2023 Regulation C\n|rated|\n|rule|Species Clause: Limit one of each Pok\u00e9mon\n|rule|Item Clause: Limit one of each item\n|clearpoke\n|poke|p1|Annihilape, L50, M|\n|poke|p1|Maushold, L50|\n|poke|p1|Corviknight, L50, F|\n|poke|p1|Gholdengo, L50|\n|poke|p1|Gastrodon, L50, M|\n|poke|p1|Ting-Lu, L50|\n|poke|p2|Iron Hands, L50|\n|poke|p2|Pincurchin, L50, F|\n|poke|p2|Palafin, L50, M|\n|poke|p2|Indeedee-F, L50, F|\n|poke|p2|Armarouge, L50, M|\n|poke|p2|Sylveon, L50, F|\n|teampreview|4\n|\n|t:|1681994435\n|start\n|switch|p1a: Ting-Lu|Ting-Lu, L50|100\/100\n|switch|p1b: Corviknight|Corviknight, L50, F|100\/100\n|switch|p2a: Indeedee|Indeedee-F, L50, F|100\/100\n|switch|p2b: Armarouge|Armarouge, L50, M|100\/100\n|-fieldstart|move: Psychic Terrain|[from] ability: Psychic Surge|[of] p2a: Indeedee\n|-enditem|p2a: Indeedee|Psychic Seed\n|-boost|p2a: Indeedee|spd|1|[from] item: Psychic Seed\n|-ability|p1a: Ting-Lu|Vessel of Ruin\n|turn|1\n|\n|t:|1681994467\n|move|p2b: Armarouge|Protect|p2b: Armarouge\n|-singleturn|p2b: Armarouge|Protect\n|move|p1b: Corviknight|Brave Bird|p2b: Armarouge\n|-activate|p2b: Armarouge|move: Protect\n|move|p1a: Ting-Lu|Stomping Tantrum|p2b: Armarouge\n|-activate|p2b: Armarouge|move: Protect\n|move|p2a: Indeedee|Trick Room|p2a: Indeedee\n|-fieldstart|move: Trick Room|[of] p2a: Indeedee\n|\n|upkeep\n|turn|2\n|\n|t:|1681994496\n|switch|p1b: Gastrodon|Gastrodon, L50, M|100\/100\n|move|p2a: Indeedee|Helping Hand|p2b: Armarouge\n|-singleturn|p2b: Armarouge|Helping Hand|[of] p2a: Indeedee\n|move|p1a: Ting-Lu|Payback|p2a: Indeedee\n|-supereffective|p2a: Indeedee\n|-damage|p2a: Indeedee|9\/100\n|move|p2b: Armarouge|Armor Cannon|p1b: Gastrodon\n|-resisted|p1b: Gastrodon\n|-damage|p1b: Gastrodon|65\/100\n|-unboost|p2b: Armarouge|def|1\n|-unboost|p2b: Armarouge|spd|1\n|-damage|p2b: Armarouge|91\/100|[from] item: Life Orb\n|\n|upkeep\n|turn|3\n|\n|t:|1681994524\n|move|p2a: Indeedee|Helping Hand|p2b: Armarouge\n|-singleturn|p2b: Armarouge|Helping Hand|[of] p2a: Indeedee\n|move|p1b: Gastrodon|Protect|p1b: Gastrodon\n|-singleturn|p1b: Gastrodon|Protect\n|move|p1a: Ting-Lu|Payback|p2a: Indeedee\n|-supereffective|p2a: Indeedee\n|-damage|p2a: Indeedee|0 fnt\n|faint|p2a: Indeedee\n|move|p2b: Armarouge|Armor Cannon|p1a: Ting-Lu\n|-damage|p1a: Ting-Lu|52\/100\n|-unboost|p2b: Armarouge|def|1\n|-unboost|p2b: Armarouge|spd|1\n|-damage|p2b: Armarouge|81\/100|[from] item: Life Orb\n|\n|upkeep\n|\n|t:|1681994536\n|switch|p2a: Iron Hands|Iron Hands, L50|100\/100\n|turn|4\n|\n|t:|1681994561\n|move|p2a: Iron Hands|Close Combat|p1a: Ting-Lu\n|-supereffective|p1a: Ting-Lu\n|-damage|p1a: Ting-Lu|0 fnt\n|-unboost|p2a: Iron Hands|def|1\n|-unboost|p2a: Iron Hands|spd|1\n|faint|p1a: Ting-Lu\n|move|p1b: Gastrodon|Yawn|p2a: Iron Hands\n|-start|p2a: Iron Hands|move: Yawn|[of] p1b: Gastrodon\n|move|p2b: Armarouge|Expanding Force|p1b: Gastrodon\n|-damage|p1b: Gastrodon|0 fnt\n|faint|p1b: Gastrodon\n|-damage|p2b: Armarouge|71\/100|[from] item: Life Orb\n|\n|upkeep\n|\n|t:|1681994578\n|switch|p1b: Gholdengo|Gholdengo, L50|100\/100\n|switch|p1a: Corviknight|Corviknight, L50, F|100\/100\n|turn|5\n|\n|t:|1681994589\n|-end|p2a: Iron Hands|Quark Drive|[silent]\n|switch|p2a: Pincurchin|Pincurchin, L50, F|100\/100\n|-fieldstart|move: Electric Terrain|[from] ability: Electric Surge|[of] p2a: Pincurchin\n|move|p1b: Gholdengo|Protect|p1b: Gholdengo\n|-singleturn|p1b: Gholdengo|Protect\n|move|p2b: Armarouge|Armor Cannon|p1b: Gholdengo\n|-activate|p1b: Gholdengo|move: Protect\n|move|p1a: Corviknight|Roost||[still]\n|-fail|p1a: Corviknight|heal\n|\n|-fieldend|move: Trick Room\n|upkeep\n|turn|6\n|\n|t:|1681994624\n|switch|p2b: Iron Hands|Iron Hands, L50|100\/100\n|-activate|p2b: Iron Hands|ability: Quark Drive\n|-start|p2b: Iron Hands|quarkdriveatk\n|-terastallize|p1a: Corviknight|Fairy\n|-terastallize|p2a: Pincurchin|Electric\n|move|p1b: Gholdengo|Make It Rain|p2b: Iron Hands|[spread] p2a,p2b\n|-resisted|p2a: Pincurchin\n|-resisted|p2b: Iron Hands\n|-damage|p2a: Pincurchin|67\/100\n|-damage|p2b: Iron Hands|86\/100\n|-unboost|p1b: Gholdengo|spa|1\n|move|p1a: Corviknight|Brave Bird|p2a: Pincurchin\n|-resisted|p2a: Pincurchin\n|-damage|p2a: Pincurchin|44\/100\n|-damage|p1a: Corviknight|95\/100|[from] Recoil\n|move|p2a: Pincurchin|Zing Zap|p1a: Corviknight\n|-damage|p1a: Corviknight|36\/100\n|-enditem|p1a: Corviknight|Sitrus Berry|[eat]\n|-heal|p1a: Corviknight|61\/100|[from] item: Sitrus Berry\n|\n|upkeep\n|turn|7\n|\n|t:|1681994668\n|move|p2b: Iron Hands|Fake Out|p1a: Corviknight\n|-damage|p1a: Corviknight|48\/100\n|move|p1b: Gholdengo|Nasty Plot|p1b: Gholdengo\n|-boost|p1b: Gholdengo|spa|2\n|cant|p1a: Corviknight|flinch\n|move|p2a: Pincurchin|Zing Zap|p1b: Gholdengo\n|-damage|p1b: Gholdengo|0 fnt\n|faint|p1b: Gholdengo\n|\n|upkeep\n|turn|8\n|inactive|Battle timer is ON: inactive players will automatically lose when time's up. (requested by sgsdfadfsd)\n|inactive|gianniking has 60 seconds left.\n|\n|t:|1681994765\n|move|p1a: Corviknight|Brave Bird|p2b: Iron Hands\n|-damage|p2b: Iron Hands|61\/100\n|-damage|p1a: Corviknight|38\/100|[from] Recoil\n|move|p2b: Iron Hands|Thunder Punch|p1a: Corviknight\n|-damage|p1a: Corviknight|0 fnt\n|faint|p1a: Corviknight\n|\n|win|sgsdfadfsd\n|raw|gianniking's rating: 1201 → 1173<\/strong> (-28 for losing)\n|raw|sgsdfadfsd's rating: 1158 → 1186<\/strong> (+28 for winning)\n|l|\u2606gianniking\n","uploadtime":1681994780,"views":10,"p1id":"gianniking","p2id":"sgsdfadfsd","formatid":"gen9vgc2023regulationc","rating":1173,"private":0,"password":""}