{"id":"gen9vgc2023regulationc-1848928669","p1":"Rhoads031","p2":"Royalpooppi","format":"[Gen 9] VGC 2023 Regulation C","log":"|j|\u2606Rhoads031\n|j|\u2606Royalpooppi\n|t:|1682127334\n|gametype|doubles\n|player|p1|Rhoads031|266|1392\n|player|p2|Royalpooppi|2|1419\n|teamsize|p1|6\n|teamsize|p2|6\n|gen|9\n|tier|[Gen 9] VGC 2023 Regulation C\n|rated|\n|rule|Species Clause: Limit one of each Pok\u00e9mon\n|rule|Item Clause: Limit one of each item\n|clearpoke\n|poke|p1|Palafin, L50, M|\n|poke|p1|Amoonguss, L50, F|\n|poke|p1|Flutter Mane, L50|\n|poke|p1|Ting-Lu, L50|\n|poke|p1|Kingambit, L50, M|\n|poke|p1|Tauros-Paldea-Blaze, L50, M|\n|poke|p2|Frosmoth, L50, M|\n|poke|p2|Abomasnow, L50, M|\n|poke|p2|Arcanine, L50, M|\n|poke|p2|Azumarill, L50, F|\n|poke|p2|Chien-Pao, L50|\n|poke|p2|Dragonite, L50, M|\n|teampreview|4\n|inactive|Battle timer is ON: inactive players will automatically lose when time's up. (requested by Rhoads031)\n|inactive|Rhoads031 has 60 seconds left.\n|\n|t:|1682127372\n|start\n|switch|p1a: Kingambit|Kingambit, L50, M|100\/100\n|switch|p1b: Ting-Lu|Ting-Lu, L50|100\/100\n|switch|p2a: Frosmoth|Frosmoth, L50, M, shiny|100\/100\n|switch|p2b: Abomasnow|Abomasnow, L50, M, shiny|100\/100\n|-weather|Snow|[from] ability: Snow Warning|[of] p2b: Abomasnow\n|-ability|p1b: Ting-Lu|Vessel of Ruin\n|turn|1\n|\n|t:|1682127391\n|-terastallize|p2b: Abomasnow|Ice\n|move|p2a: Frosmoth|Blizzard|p1a: Kingambit|[spread] p1a,p1b\n|-resisted|p1a: Kingambit\n|-supereffective|p1b: Ting-Lu\n|-damage|p1a: Kingambit|84\/100\n|-damage|p1b: Ting-Lu|69\/100\n|move|p2b: Abomasnow|Blizzard|p1a: Kingambit|[spread] p1a,p1b\n|-resisted|p1a: Kingambit\n|-supereffective|p1b: Ting-Lu\n|-damage|p1a: Kingambit|68\/100\n|-damage|p1b: Ting-Lu|34\/100\n|move|p1a: Kingambit|Swords Dance|p1a: Kingambit\n|-boost|p1a: Kingambit|atk|2\n|move|p1b: Ting-Lu|Stone Edge|p2a: Frosmoth\n|-supereffective|p2a: Frosmoth\n|-damage|p2a: Frosmoth|0 fnt\n|faint|p2a: Frosmoth\n|\n|-weather|Snow|[upkeep]\n|upkeep\n|\n|t:|1682127411\n|switch|p2a: Azumarill|Azumarill, L50, F, shiny|100\/100\n|turn|2\n|\n|t:|1682127431\n|switch|p1b: Tauros|Tauros-Paldea-Blaze, L50, M|100\/100\n|-ability|p1b: Tauros|Intimidate|boost\n|-unboost|p2a: Azumarill|atk|1\n|-unboost|p2b: Abomasnow|atk|1\n|move|p1a: Kingambit|Protect|p1a: Kingambit\n|-singleturn|p1a: Kingambit|Protect\n|move|p2b: Abomasnow|Blizzard|p1b: Tauros|[spread] p1b\n|-activate|p1a: Kingambit|move: Protect\n|-resisted|p1b: Tauros\n|-damage|p1b: Tauros|65\/100\n|move|p2a: Azumarill|Play Rough|p1a: Kingambit\n|-activate|p1a: Kingambit|move: Protect\n|\n|-weather|Snow|[upkeep]\n|upkeep\n|turn|3\n|\n|t:|1682127455\n|move|p2b: Abomasnow|Protect|p2b: Abomasnow\n|-singleturn|p2b: Abomasnow|Protect\n|move|p1a: Kingambit|Sucker Punch||[still]\n|-fail|p1a: Kingambit\n|move|p1b: Tauros|Will-O-Wisp|p2a: Azumarill\n|-status|p2a: Azumarill|brn\n|move|p2a: Azumarill|Liquidation|p1b: Tauros\n|-supereffective|p1b: Tauros\n|-damage|p1b: Tauros|22\/100\n|-damage|p2a: Azumarill|91\/100 brn|[from] item: Life Orb\n|\n|-weather|Snow|[upkeep]\n|-damage|p2a: Azumarill|85\/100 brn|[from] brn\n|upkeep\n|turn|4\n|\n|t:|1682127476\n|switch|p1b: Ting-Lu|Ting-Lu, L50|34\/100\n|-ability|p1b: Ting-Lu|Vessel of Ruin\n|move|p2b: Abomasnow|Blizzard|p1a: Kingambit|[spread] p1a,p1b\n|-resisted|p1a: Kingambit\n|-supereffective|p1b: Ting-Lu\n|-damage|p1a: Kingambit|50\/100\n|-damage|p1b: Ting-Lu|1\/100\n|move|p2a: Azumarill|Liquidation|p1a: Kingambit\n|-damage|p1a: Kingambit|34\/100\n|-damage|p2a: Azumarill|75\/100 brn|[from] item: Life Orb\n|move|p1a: Kingambit|Kowtow Cleave|p2b: Abomasnow\n|-damage|p2b: Abomasnow|25\/100\n|\n|-weather|Snow|[upkeep]\n|-damage|p2a: Azumarill|69\/100 brn|[from] brn\n|upkeep\n|turn|5\n|\n|t:|1682127499\n|move|p2a: Azumarill|Aqua Jet|p1b: Ting-Lu\n|-supereffective|p1b: Ting-Lu\n|-damage|p1b: Ting-Lu|0 fnt\n|faint|p1b: Ting-Lu\n|-damage|p2a: Azumarill|59\/100 brn|[from] item: Life Orb\n|move|p1a: Kingambit|Sucker Punch||[still]\n|-fail|p1a: Kingambit\n|move|p2b: Abomasnow|Aurora Veil|p2b: Abomasnow\n|-sidestart|p2: Royalpooppi|move: Aurora Veil\n|\n|-weather|none\n|-damage|p2a: Azumarill|53\/100 brn|[from] brn\n|upkeep\n|\n|t:|1682127514\n|switch|p1b: Flutter Mane|Flutter Mane, L50, shiny|100\/100\n|turn|6\n|-message|Royalpooppi forfeited.\n|\n|win|Rhoads031\n|raw|Rhoads031's rating: 1392 → 1414<\/strong> (+22 for winning)\n|raw|Royalpooppi's rating: 1419 → 1397<\/strong> (-22 for losing)\n|l|\u2606Royalpooppi\n","uploadtime":1682127539,"views":7,"p1id":"rhoads031","p2id":"royalpooppi","formatid":"gen9vgc2023regulationc","rating":1397,"private":0,"password":""}