{"id":"gen9vgc2023regulationc-1859624799","p1":"Lone_Garurumon","p2":"SorceressEpele","format":"[Gen 9] VGC 2023 Regulation C","log":"|j|\u2606Lone_Garurumon\n|j|\u2606SorceressEpele\n|t:|1683550137\n|gametype|doubles\n|player|p1|Lone_Garurumon|riley|\n|player|p2|SorceressEpele|beauty-gen8|\n|teamsize|p1|6\n|teamsize|p2|6\n|gen|9\n|tier|[Gen 9] VGC 2023 Regulation C\n|rule|Species Clause: Limit one of each Pok\u00e9mon\n|rule|Item Clause: Limit one of each item\n|clearpoke\n|poke|p1|Garchomp, L50, M|\n|poke|p1|Lucario, L50, F|\n|poke|p1|Staraptor, L50, M|\n|poke|p1|Gallade, L50, M|\n|poke|p1|Drifblim, L50, M|\n|poke|p1|Bronzong, L50|\n|poke|p2|Hippowdon, L50, F|\n|poke|p2|Garchomp, L50, M|\n|poke|p2|Magnezone, L50|\n|poke|p2|Lucario, L50, F|\n|poke|p2|Gastrodon, L50, M|\n|poke|p2|Floatzel, L50, M|\n|teampreview|4\n|\n|t:|1683550164\n|start\n|switch|p1a: Big Marie|Bronzong, L50, shiny|100\/100\n|switch|p1b: Gawain|Gallade, L50, M|100\/100\n|switch|p2a: Starbucks|Floatzel, L50, M|100\/100\n|switch|p2b: KFC|Lucario, L50, F|100\/100\n|turn|1\n|\n|t:|1683550187\n|-terastallize|p2b: KFC|Flying\n|move|p2a: Starbucks|Protect|p2a: Starbucks\n|-singleturn|p2a: Starbucks|Protect\n|move|p1a: Big Marie|Protect|p1a: Big Marie\n|-singleturn|p1a: Big Marie|Protect\n|move|p2b: KFC|Tera Blast|p1b: Gawain\n|-supereffective|p1b: Gawain\n|-damage|p1b: Gawain|15\/100\n|move|p1b: Gawain|Sacred Sword|p2b: KFC\n|-resisted|p2b: KFC\n|-damage|p2b: KFC|49\/100\n|\n|upkeep\n|turn|2\n|c|\u2606Lone_Garurumon|Damn that's a big number for a resist\n|c|\u2606SorceressEpele|Gallade is scary\n|\n|t:|1683550232\n|switch|p2b: Subway|Garchomp, L50, M|100\/100\n|move|p2a: Starbucks|Aqua Jet|p1b: Gawain\n|-damage|p1b: Gawain|0 fnt\n|faint|p1b: Gawain\n|move|p1a: Big Marie|Reflect|p1a: Big Marie\n|-sidestart|p1: Lone_Garurumon|Reflect\n|\n|upkeep\n|\n|t:|1683550241\n|switch|p1b: Leroy|Garchomp, L50, M|100\/100\n|turn|3\n|\n|t:|1683550268\n|-terastallize|p1a: Big Marie|Fighting\n|move|p2a: Starbucks|Ice Spinner|p1b: Leroy\n|-supereffective|p1b: Leroy\n|-damage|p1b: Leroy|33\/100\n|-damage|p2a: Starbucks|88\/100|[from] ability: Rough Skin|[of] p1b: Leroy\n|move|p2b: Subway|Swords Dance|p2b: Subway\n|-boost|p2b: Subway|atk|2\n|move|p1b: Leroy|Dragon Claw|p2b: Subway\n|-supereffective|p2b: Subway\n|-damage|p2b: Subway|18\/100\n|move|p1a: Big Marie|Body Press|p2b: Subway\n|-damage|p2b: Subway|0 fnt\n|faint|p2b: Subway\n|\n|upkeep\n|\n|t:|1683550282\n|switch|p2b: KFC|Lucario, L50, F, tera:Flying|49\/100\n|turn|4\n|\n|t:|1683550328\n|move|p1a: Big Marie|Protect|p1a: Big Marie\n|-singleturn|p1a: Big Marie|Protect\n|move|p2a: Starbucks|Ice Spinner|p1b: Leroy\n|-supereffective|p1b: Leroy\n|-damage|p1b: Leroy|0 fnt\n|-damage|p2a: Starbucks|76\/100|[from] ability: Rough Skin|[of] p1b: Leroy\n|faint|p1b: Leroy\n|move|p2b: KFC|Tera Blast|p1a: Big Marie\n|-activate|p1a: Big Marie|move: Protect\n|\n|upkeep\n|\n|t:|1683550339\n|switch|p1b: Rawk|Staraptor, L50, M|100\/100\n|-ability|p1b: Rawk|Intimidate|boost\n|-unboost|p2a: Starbucks|atk|1\n|-fail|p2b: KFC|unboost|Attack|[from] ability: Inner Focus|[of] p2b: KFC\n|turn|5\n|\n|t:|1683550406\n|switch|p2a: Burger King|Gastrodon, L50, M|100\/100\n|move|p2b: KFC|Tera Blast|p1a: Big Marie\n|-supereffective|p1a: Big Marie\n|-damage|p1a: Big Marie|0 fnt\n|faint|p1a: Big Marie\n|move|p1b: Rawk|Double-Edge|p2b: KFC\n|-damage|p2b: KFC|0 fnt\n|faint|p2b: KFC\n|-damage|p1b: Rawk|86\/100|[from] Recoil\n|-damage|p1b: Rawk|76\/100|[from] item: Life Orb\n|\n|upkeep\n|\n|t:|1683550417\n|switch|p2b: Starbucks|Floatzel, L50, M|76\/100\n|turn|6\n|c|\u2606Lone_Garurumon|Ohhhhhh this ain't good\n|c|\u2606SorceressEpele|Indeed not\n|\n|t:|1683550466\n|move|p2b: Starbucks|Ice Spinner|p1b: Rawk\n|-supereffective|p1b: Rawk\n|-damage|p1b: Rawk|22\/100\n|move|p1b: Rawk|Brave Bird|p2b: Starbucks\n|-crit|p2b: Starbucks\n|-damage|p2b: Starbucks|0 fnt\n|faint|p2b: Starbucks\n|-damage|p1b: Rawk|0 fnt|[from] Recoil\n|faint|p1b: Rawk\n|\n|win|SorceressEpele\n|c|\u2606SorceressEpele|I was betting on you expecting McDonalds the Hippowdon up front\n|c|\u2606SorceressEpele|ggs\n|c|\u2606Lone_Garurumon|Well I popped the weasel, that's gotta count for something\n|c|\u2606Lone_Garurumon|Gg\n","uploadtime":1683550497,"views":13,"p1id":"lonegarurumon","p2id":"sorceressepele","formatid":"gen9vgc2023regulationc","rating":0,"private":0,"password":""}