{"id":"gen9vgc2023regulationc-1861237884","p1":"xyisus5","p2":"YT_JoseRockzVGC","format":"[Gen 9] VGC 2023 Regulation C","log":"|j|\u2606xyisus5\n|j|\u2606YT_JoseRockzVGC\n|t:|1683738485\n|gametype|doubles\n|player|p1|xyisus5|steven|1413\n|player|p2|YT_JoseRockzVGC|265|1400\n|teamsize|p1|6\n|teamsize|p2|6\n|gen|9\n|tier|[Gen 9] VGC 2023 Regulation C\n|rated|\n|rule|Species Clause: Limit one of each Pok\u00e9mon\n|rule|Item Clause: Limit one of each item\n|clearpoke\n|poke|p1|Iron Bundle, L50|\n|poke|p1|Abomasnow, L50, F|\n|poke|p1|Vivillon, L50, F|\n|poke|p1|Ting-Lu, L50|\n|poke|p1|Ceruledge, L50, F|\n|poke|p1|Palafin, L50, M|\n|poke|p2|Chi-Yu, L50|\n|poke|p2|Dondozo, L50, F|\n|poke|p2|Tatsugiri, L50, F|\n|poke|p2|Iron Bundle, L50|\n|poke|p2|Iron Valiant, L50|\n|poke|p2|Gholdengo, L50|\n|teampreview|4\nxyisus5 has agreed to open team sheets.\n|\n|t:|1683738513\n|start\n|switch|p1a: Ting-Lu|Ting-Lu, L50|100\/100\n|switch|p1b: Palafin|Palafin, L50, M|100\/100\n|switch|p2a: Chi-Yu|Chi-Yu, L50|100\/100\n|switch|p2b: Gholdengo|Gholdengo, L50|100\/100\n|-ability|p2a: Chi-Yu|Beads of Ruin\n|-ability|p1a: Ting-Lu|Vessel of Ruin\n|turn|1\n|\n|t:|1683738532\n|detailschange|p1b: Palafin|Palafin-Hero, L50, M\n|switch|p1b: Vivillon|Vivillon, L50, F|100\/100\n|-terastallize|p2b: Gholdengo|Bug\n|move|p2b: Gholdengo|Tera Blast|p1a: Ting-Lu\n|-supereffective|p1a: Ting-Lu\n|-damage|p1a: Ting-Lu|33\/100\n|-damage|p2b: Gholdengo|91\/100|[from] item: Life Orb\n|move|p2a: Chi-Yu|Heat Wave|p1b: Vivillon|[spread] p1a,p1b\n|-supereffective|p1b: Vivillon\n|-damage|p1a: Ting-Lu|13\/100\n|-enditem|p1b: Vivillon|Focus Sash\n|-damage|p1b: Vivillon|1\/100\n|move|p1a: Ting-Lu|Earthquake|p2a: Chi-Yu|[spread] p2a,p2b\n|-immune|p1b: Vivillon\n|-supereffective|p2a: Chi-Yu\n|-resisted|p2b: Gholdengo\n|-damage|p2a: Chi-Yu|0 fnt\n|-damage|p2b: Gholdengo|56\/100\n|faint|p2a: Chi-Yu\n|\n|upkeep\n|c|\u2606xyisus5|XD\n|c|\u2606YT_JoseRockzVGC|haha\n|c|\u2606YT_JoseRockzVGC|the moth saved you\n|\n|t:|1683738563\n|switch|p2a: Iron Bundle|Iron Bundle, L50|100\/100\n|-enditem|p2a: Iron Bundle|Booster Energy\n|-activate|p2a: Iron Bundle|ability: Quark Drive|[fromitem]\n|-start|p2a: Iron Bundle|quarkdrivespe\n|turn|2\n|c|\u2606xyisus5|if i click rock slide\n|c|\u2606YT_JoseRockzVGC|haha i know\n|c|\u2606YT_JoseRockzVGC|like the tech tho ?\n|\n|t:|1683738602\n|move|p1b: Vivillon|Protect|p1b: Vivillon\n|-singleturn|p1b: Vivillon|Protect\n|move|p2a: Iron Bundle|Icy Wind|p1b: Vivillon|[spread] p1a\n|-activate|p1b: Vivillon|move: Protect\n|-supereffective|p1a: Ting-Lu\n|-damage|p1a: Ting-Lu|0 fnt\n|faint|p1a: Ting-Lu\n|move|p2b: Gholdengo|Shadow Ball|p1b: Vivillon\n|-activate|p1b: Vivillon|move: Protect\n|\n|upkeep\n|c|\u2606xyisus5|i mean\n|c|\u2606xyisus5|its good for bo1\n|\n|t:|1683738617\n|switch|p1a: Ceruledge|Ceruledge, L50, F|100\/100\n|turn|3\n|c|\u2606YT_JoseRockzVGC|of course\n|c|\u2606YT_JoseRockzVGC|we're playing best of one lol\n|c|\u2606YT_JoseRockzVGC|who would take bug tera ghodengo to a tourney\n|c|\u2606xyisus5|Say less\n|c|\u2606YT_JoseRockzVGC|just for content bro\n|\n|t:|1683738676\n|move|p1b: Vivillon|Rage Powder|p1b: Vivillon\n|-singleturn|p1b: Vivillon|move: Rage Powder\n|move|p2a: Iron Bundle|Icy Wind|p1a: Ceruledge|[spread] p1a,p1b\n|-resisted|p1a: Ceruledge\n|-supereffective|p1b: Vivillon\n|-damage|p1a: Ceruledge|93\/100\n|-damage|p1b: Vivillon|0 fnt\n|faint|p1b: Vivillon\n|move|p2b: Gholdengo|Make It Rain|p1a: Ceruledge\n|-resisted|p1a: Ceruledge\n|-damage|p1a: Ceruledge|52\/100\n|-unboost|p2b: Gholdengo|spa|1\n|-damage|p2b: Gholdengo|47\/100|[from] item: Life Orb\n|move|p1a: Ceruledge|Bulk Up|p1a: Ceruledge\n|-boost|p1a: Ceruledge|atk|1\n|-boost|p1a: Ceruledge|def|1\n|\n|upkeep\n|\n|t:|1683738684\n|switch|p1b: Palafin|Palafin-Hero, L50, M|100\/100\n|-activate|p1b: Palafin|ability: Zero to Hero\n|turn|4\n|\n|t:|1683738717\n|-terastallize|p1a: Ceruledge|Grass\n|move|p2a: Iron Bundle|Encore|p1a: Ceruledge\n|-start|p1a: Ceruledge|Encore\n|move|p2b: Gholdengo|Shadow Ball|p1b: Palafin\n|-damage|p1b: Palafin|62\/100\n|-damage|p2b: Gholdengo|37\/100|[from] item: Life Orb\n|move|p1b: Palafin|Wave Crash|p2a: Iron Bundle\n|-resisted|p2a: Iron Bundle\n|-damage|p2a: Iron Bundle|39\/100\n|-damage|p1b: Palafin|49\/100|[from] Recoil\n|move|p1a: Ceruledge|Bulk Up|p1a: Ceruledge\n|-boost|p1a: Ceruledge|atk|1\n|-boost|p1a: Ceruledge|def|1\n|\n|upkeep\n|turn|5\n|\n|t:|1683738734\n|move|p2b: Gholdengo|Protect|p2b: Gholdengo\n|-singleturn|p2b: Gholdengo|Protect\n|move|p1b: Palafin|Jet Punch|p2b: Gholdengo\n|-activate|p2b: Gholdengo|move: Protect\n|move|p2a: Iron Bundle|Freeze-Dry|p1b: Palafin\n|-supereffective|p1b: Palafin\n|-damage|p1b: Palafin|0 fnt\n|faint|p1b: Palafin\n|move|p1a: Ceruledge|Bulk Up|p1a: Ceruledge\n|-boost|p1a: Ceruledge|atk|1\n|-boost|p1a: Ceruledge|def|1\n|\n|upkeep\n|turn|6\n|-message|xyisus5 forfeited.\n|\n|win|YT_JoseRockzVGC\n|raw|xyisus5's rating: 1413 → 1392<\/strong> (-21 for losing)\n|raw|YT_JoseRockzVGC's rating: 1400 → 1421<\/strong> (+21 for winning)\n|l|\u2606xyisus5\n|c|\u2606YT_JoseRockzVGC|Yo bro if you have time would you mind subscribing to my youtube ? I would greatly appreciate it https:\/\/youtu.be\/sdAwnryYupc\n","uploadtime":1683739023,"views":9,"p1id":"xyisus5","p2id":"ytjoserockzvgc","formatid":"gen9vgc2023regulationc","rating":1392,"private":0,"password":""}