{"id":"gen9vgc2023regulationc-1860919376","p1":"Conia","p2":"Schwbrett","format":"[Gen 9] VGC 2023 Regulation C","log":"|j|\u2606Conia\n|j|\u2606Schwbrett\n|t:|1683695941\n|gametype|doubles\n|player|p1|Conia|n-masters2|1429\n|player|p2|Schwbrett|169|1529\n|teamsize|p1|6\n|teamsize|p2|6\n|gen|9\n|tier|[Gen 9] VGC 2023 Regulation C\n|rated|\n|rule|Species Clause: Limit one of each Pok\u00e9mon\n|rule|Item Clause: Limit one of each item\n|clearpoke\n|poke|p1|Hariyama, L50, M|\n|poke|p1|Kilowattrel, L50, F|\n|poke|p1|Tyranitar, L50, M|\n|poke|p1|Chien-Pao, L50|\n|poke|p1|Hatterene, L50, F|\n|poke|p1|Houndstone, L50, F|\n|poke|p2|Kingambit, L50, M|\n|poke|p2|Torkoal, L50, F|\n|poke|p2|Flutter Mane, L50|\n|poke|p2|Jumpluff, L50, M|\n|poke|p2|Great Tusk, L50|\n|poke|p2|Chien-Pao, L50|\n|teampreview|4\n|j| asyashi\n|j| shine like a gem\n|j| lin7482\nConia has agreed to open team sheets.\n|l| asyashi\n|inactive|Battle timer is ON: inactive players will automatically lose when time's up. (requested by Schwbrett)\n|\n|t:|1683696000\n|start\n|switch|p1a: Hariyama|Hariyama, L50, M|100\/100\n|switch|p1b: Kilowattrel|Kilowattrel, L50, F|100\/100\n|switch|p2a: Kingambit|Kingambit, L50, M|100\/100\n|switch|p2b: Torkoal|Torkoal, L50, F|100\/100\n|-weather|SunnyDay|[from] ability: Drought|[of] p2b: Torkoal\n|turn|1\n|inactive|Conia has 30 seconds left.\n|\n|t:|1683696031\n|switch|p1b: Tyranitar|Tyranitar, L50, M|100\/100\n|-weather|Sandstorm|[from] ability: Sand Stream|[of] p1b: Tyranitar\n|switch|p2a: Flutter Mane|Flutter Mane, L50|100\/100\n|move|p1a: Hariyama|Close Combat|p2a: Flutter Mane\n|-immune|p2a: Flutter Mane\n|move|p2b: Torkoal|Overheat|p1b: Tyranitar\n|-resisted|p1b: Tyranitar\n|-damage|p1b: Tyranitar|90\/100\n|-unboost|p2b: Torkoal|spa|2\n|-enditem|p2b: Torkoal|Eject Pack\n|\n|t:|1683696054\n|switch|p2b: Great Tusk|Great Tusk, L50|100\/100\n|\n|-weather|Sandstorm|[upkeep]\n|-damage|p2a: Flutter Mane|94\/100|[from] Sandstorm\n|-damage|p1a: Hariyama|95\/100|[from] Sandstorm\n|-status|p1a: Hariyama|brn|[from] item: Flame Orb\n|upkeep\n|turn|2\n|inactive|Schwbrett has 30 seconds left.\n|inactive|Schwbrett has 20 seconds left.\n|inactive|Schwbrett has 15 seconds left.\n|inactive|Schwbrett has 10 seconds left.\n|\n|t:|1683696100\n|switch|p1b: Kilowattrel|Kilowattrel, L50, F|100\/100\n|-terastallize|p2a: Flutter Mane|Fairy\n|-terastallize|p1a: Hariyama|Steel\n|move|p1a: Hariyama|Bullet Punch|p2a: Flutter Mane\n|-supereffective|p2a: Flutter Mane\n|-damage|p2a: Flutter Mane|0 fnt\n|faint|p2a: Flutter Mane\n|-end|p2a: Flutter Mane|Protosynthesis|[silent]\n|move|p2b: Great Tusk|Rock Slide|p1b: Kilowattrel|[spread] p1a,p1b\n|-resisted|p1a: Hariyama\n|-supereffective|p1b: Kilowattrel\n|-damage|p1a: Hariyama|85\/100 brn\n|-damage|p1b: Kilowattrel|32\/100\n|\n|-weather|Sandstorm|[upkeep]\n|-damage|p1b: Kilowattrel|25\/100|[from] Sandstorm\n|-damage|p1a: Hariyama|79\/100 brn|[from] brn\n|upkeep\n|\n|t:|1683696115\n|switch|p2a: Torkoal|Torkoal, L50, F|100\/100\n|-weather|SunnyDay|[from] ability: Drought|[of] p2a: Torkoal\n|-activate|p2b: Great Tusk|ability: Protosynthesis\n|-start|p2b: Great Tusk|protosynthesisatk\n|turn|3\n|inactive|Conia has 30 seconds left.\n|inactive|Schwbrett has 30 seconds left.\n|l| lin7482\n|inactive|Conia has 20 seconds left.\n|\n|t:|1683696152\n|move|p1a: Hariyama|Wide Guard|p1a: Hariyama\n|-singleturn|p1a: Hariyama|Wide Guard\n|move|p2b: Great Tusk|Rock Slide|p1b: Kilowattrel|[spread] \n|-activate|p1a: Hariyama|move: Wide Guard\n|-activate|p1b: Kilowattrel|move: Wide Guard\n|move|p1b: Kilowattrel|Thunderbolt|p2a: Torkoal\n|-damage|p2a: Torkoal|47\/100\n|move|p2a: Torkoal|Fissure|p1a: Hariyama\n|-damage|p1a: Hariyama|0 fnt\n|faint|p1a: Hariyama\n|-ohko\n|\n|-weather|SunnyDay|[upkeep]\n|upkeep\n|j| BlindMagneton\n|\n|t:|1683696173\n|switch|p1a: Houndstone|Houndstone, L50, F|100\/100\n|turn|4\n|inactive|Schwbrett has 30 seconds left.\n|\n|t:|1683696202\n|switch|p1b: Tyranitar|Tyranitar, L50, M|90\/100\n|-weather|Sandstorm|[from] ability: Sand Stream|[of] p1b: Tyranitar\n|-end|p2b: Great Tusk|Protosynthesis\n|move|p1a: Houndstone|Will-O-Wisp|p2b: Great Tusk\n|-status|p2b: Great Tusk|brn\n|move|p2b: Great Tusk|Rock Slide|p1a: Houndstone|[spread] p1a\n|-miss|p2b: Great Tusk|p1b: Tyranitar\n|-damage|p1a: Houndstone|88\/100\n|move|p2a: Torkoal|Overheat|p1a: Houndstone\n|-damage|p1a: Houndstone|24\/100\n|-unboost|p2a: Torkoal|spa|2\n|\n|-weather|Sandstorm|[upkeep]\n|-damage|p2a: Torkoal|40\/100|[from] Sandstorm\n|-damage|p2b: Great Tusk|95\/100 brn|[from] brn\n|upkeep\n|turn|5\n|inactive|Conia has 30 seconds left.\n|inactive|Schwbrett has 30 seconds left.\n|\n|t:|1683696231\n|move|p2a: Torkoal|Helping Hand|p2b: Great Tusk\n|-singleturn|p2b: Great Tusk|Helping Hand|[of] p2a: Torkoal\n|move|p1a: Houndstone|Last Respects|p2b: Great Tusk\n|-damage|p2b: Great Tusk|52\/100 brn\n|move|p2b: Great Tusk|Rock Slide|p1b: Tyranitar|[spread] p1a,p1b\n|-damage|p1a: Houndstone|7\/100\n|-damage|p1b: Tyranitar|78\/100\n|move|p1b: Tyranitar|Rock Slide|p2a: Torkoal|[spread] p2a,p2b\n|-supereffective|p2a: Torkoal\n|-resisted|p2b: Great Tusk\n|-damage|p2a: Torkoal|0 fnt\n|-damage|p2b: Great Tusk|47\/100 brn\n|faint|p2a: Torkoal\n|\n|-weather|Sandstorm|[upkeep]\n|-damage|p2b: Great Tusk|41\/100 brn|[from] brn\n|upkeep\n|\n|t:|1683696243\n|switch|p2a: Kingambit|Kingambit, L50, M|100\/100\n|turn|6\n|\n|t:|1683696252\n|move|p1a: Houndstone|Will-O-Wisp|p2a: Kingambit\n|-status|p2a: Kingambit|brn\n|move|p2b: Great Tusk|Rock Slide|p1a: Houndstone|[spread] p1a,p1b\n|-damage|p1a: Houndstone|0 fnt\n|-damage|p1b: Tyranitar|70\/100\n|faint|p1a: Houndstone\n|move|p1b: Tyranitar|Brick Break|p2a: Kingambit\n|-supereffective|p2a: Kingambit\n|-damage|p2a: Kingambit|13\/100 brn\n|move|p2a: Kingambit|Iron Head|p1b: Tyranitar\n|-supereffective|p1b: Tyranitar\n|-damage|p1b: Tyranitar|30\/100\n|\n|-weather|Sandstorm|[upkeep]\n|-damage|p2b: Great Tusk|35\/100 brn|[from] brn\n|-damage|p2a: Kingambit|7\/100 brn|[from] brn\n|upkeep\n|\n|t:|1683696266\n|switch|p1a: Kilowattrel|Kilowattrel, L50, F|25\/100\n|turn|7\n|inactive|Conia has 30 seconds left.\n|\n|t:|1683696293\n|move|p2a: Kingambit|Sucker Punch|p1b: Tyranitar\n|-resisted|p1b: Tyranitar\n|-damage|p1b: Tyranitar|23\/100\n|move|p2b: Great Tusk|Rock Slide|p1a: Kilowattrel|[spread] p1a\n|-miss|p2b: Great Tusk|p1b: Tyranitar\n|-supereffective|p1a: Kilowattrel\n|-damage|p1a: Kilowattrel|0 fnt\n|faint|p1a: Kilowattrel\n|move|p1b: Tyranitar|Brick Break|p2a: Kingambit\n|-supereffective|p2a: Kingambit\n|-damage|p2a: Kingambit|0 fnt\n|faint|p2a: Kingambit\n|\n|-weather|Sandstorm|[upkeep]\n|-damage|p2b: Great Tusk|29\/100 brn|[from] brn\n|upkeep\n|turn|8\n|\n|t:|1683696306\n|move|p2b: Great Tusk|Rock Slide|p1b: Tyranitar\n|-damage|p1b: Tyranitar|12\/100\n|move|p1b: Tyranitar|Tera Blast|p2b: Great Tusk\n|-damage|p2b: Great Tusk|8\/100 brn\n|\n|-weather|none\n|-damage|p2b: Great Tusk|2\/100 brn|[from] brn\n|upkeep\n|turn|9\n|\n|t:|1683696315\n|move|p2b: Great Tusk|Rock Slide|p1b: Tyranitar\n|-damage|p1b: Tyranitar|1\/100\n|cant|p1b: Tyranitar|flinch\n|\n|-damage|p2b: Great Tusk|0 fnt|[from] brn\n|faint|p2b: Great Tusk\n|-end|p2b: Great Tusk|Protosynthesis|[silent]\n|\n|win|Conia\n|upkeep\n|raw|Conia's rating: 1429 → 1455<\/strong> (+26 for winning)\n|raw|Schwbrett's rating: 1529 → 1503<\/strong> (-26 for losing)\n|c|\u2606Conia|That was certainly a game\n","uploadtime":1683696330,"views":39,"p1id":"conia","p2id":"schwbrett","formatid":"gen9vgc2023regulationc","rating":1455,"private":0,"password":""}