{"id":"gen9vgc2023regulationc-1854836153","p1":"Rockayy","p2":"aquaarmor23","format":"[Gen 9] VGC 2023 Regulation C","log":"|j|\u2606Rockayy\n|j|\u2606aquaarmor23\n|t:|1682871675\n|gametype|doubles\n|player|p1|Rockayy|1|\n|player|p2|aquaarmor23|266|\n|teamsize|p1|6\n|teamsize|p2|6\n|gen|9\n|tier|[Gen 9] VGC 2023 Regulation C\n|rule|Species Clause: Limit one of each Pok\u00e9mon\n|rule|Item Clause: Limit one of each item\n|clearpoke\n|poke|p1|Amoonguss, L50, F|\n|poke|p1|Salamence, L50, M|\n|poke|p1|Meowscarada, L50, F|\n|poke|p1|Annihilape, L50, M|\n|poke|p1|Kingambit, L50, F|\n|poke|p1|Skeledirge, L50, M|\n|poke|p2|Torkoal, L50, F|\n|poke|p2|Flutter Mane, L50|\n|poke|p2|Lilligant, L50, F|\n|poke|p2|Great Tusk, L50|\n|poke|p2|Iron Hands, L50|\n|poke|p2|Chien-Pao, L50|\n|teampreview|4\nRockayy has agreed to open team sheets.\naquaarmor23 has agreed to open team sheets.\n|j| awesome10billion\n|\n|t:|1682871715\n|start\n|switch|p1a: Amoonguss|Amoonguss, L50, F|100\/100\n|switch|p1b: Meowscarada|Meowscarada, L50, F|100\/100\n|switch|p2a: i like turtles|Torkoal, L50, F|100\/100\n|switch|p2b: flowey|Lilligant, L50, F|100\/100\n|-weather|SunnyDay|[from] ability: Drought|[of] p2a: i like turtles\n|turn|1\n|\n|t:|1682871752\n|move|p1a: Amoonguss|Protect|p1a: Amoonguss\n|-singleturn|p1a: Amoonguss|Protect\n|move|p2b: flowey|After You|p2a: i like turtles\n|-activate|p2a: i like turtles|move: After You\n|move|p2a: i like turtles|Eruption|p1a: Amoonguss|[spread] p1b\n|-activate|p1a: Amoonguss|move: Protect\n|-supereffective|p1b: Meowscarada\n|-enditem|p1b: Meowscarada|Focus Sash\n|-damage|p1b: Meowscarada|1\/100\n|move|p1b: Meowscarada|U-turn|p2b: flowey\n|-start|p1b: Meowscarada|typechange|Bug|[from] ability: Protean\n|-supereffective|p2b: flowey\n|-damage|p2b: flowey|22\/100\n|\n|t:|1682871767\n|switch|p1b: Annihilape|Annihilape, L50, M|100\/100|[from] U-turn\n|\n|-weather|SunnyDay|[upkeep]\n|upkeep\n|turn|2\n|\n|t:|1682871792\n|move|p2a: i like turtles|Protect|p2a: i like turtles\n|-singleturn|p2a: i like turtles|Protect\n|move|p2b: flowey|Sleep Powder|p1b: Annihilape\n|-status|p1b: Annihilape|slp|[from] move: Sleep Powder\n|cant|p1b: Annihilape|slp\n|move|p1a: Amoonguss|Spore|p2b: flowey\n|-immune|p2b: flowey\n|\n|-weather|SunnyDay|[upkeep]\n|upkeep\n|turn|3\n|\n|t:|1682871812\n|move|p2b: flowey|After You|p2a: i like turtles\n|-activate|p2a: i like turtles|move: After You\n|move|p2a: i like turtles|Eruption|p1a: Amoonguss|[spread] p1a,p1b\n|-supereffective|p1a: Amoonguss\n|-damage|p1a: Amoonguss|0 fnt\n|-damage|p1b: Annihilape|38\/100 slp\n|faint|p1a: Amoonguss\n|cant|p1b: Annihilape|slp\n|\n|-weather|SunnyDay|[upkeep]\n|upkeep\n|\n|t:|1682871821\n|switch|p1a: Salamence|Salamence, L50, M|100\/100\n|-ability|p1a: Salamence|Intimidate|boost\n|-unboost|p2a: i like turtles|atk|1\n|-unboost|p2b: flowey|atk|1\n|turn|4\n|\n|t:|1682871832\n|move|p2b: flowey|After You|p2a: i like turtles\n|-activate|p2a: i like turtles|move: After You\n|move|p2a: i like turtles|Eruption|p1b: Annihilape|[spread] p1a,p1b\n|-resisted|p1a: Salamence\n|-damage|p1a: Salamence|60\/100\n|-damage|p1b: Annihilape|0 fnt\n|faint|p1b: Annihilape\n|move|p1a: Salamence|Heat Wave|p2a: i like turtles|[spread] p2a,p2b\n|-resisted|p2a: i like turtles\n|-supereffective|p2b: flowey\n|-damage|p2a: i like turtles|82\/100\n|-damage|p2b: flowey|0 fnt\n|faint|p2b: flowey\n|\n|-weather|SunnyDay|[upkeep]\n|upkeep\n|\n|t:|1682871845\n|switch|p2b: hockey hair|Flutter Mane, L50|100\/100\n|switch|p1b: Meowscarada|Meowscarada, L50, F|1\/100\n|-activate|p2b: hockey hair|ability: Protosynthesis\n|-start|p2b: hockey hair|protosynthesisspe\n|turn|5\n|\n|t:|1682871861\n|move|p2b: hockey hair|Protect|p2b: hockey hair\n|-singleturn|p2b: hockey hair|Protect\n|move|p1b: Meowscarada|Sucker Punch||[still]\n|-fail|p1b: Meowscarada\n|move|p1a: Salamence|Heat Wave|p2a: i like turtles|[spread] p2a\n|-activate|p2b: hockey hair|move: Protect\n|-resisted|p2a: i like turtles\n|-damage|p2a: i like turtles|64\/100\n|move|p2a: i like turtles|Heat Wave|p1b: Meowscarada|[spread] p1a,p1b\n|-resisted|p1a: Salamence\n|-supereffective|p1b: Meowscarada\n|-damage|p1a: Salamence|36\/100\n|-damage|p1b: Meowscarada|0 fnt\n|-status|p1a: Salamence|brn\n|faint|p1b: Meowscarada\n|\n|-weather|SunnyDay|[upkeep]\n|-damage|p1a: Salamence|30\/100 brn|[from] brn\n|upkeep\n|turn|6\n|\n|t:|1682871883\n|move|p2b: hockey hair|Moonblast|p1a: Salamence\n|-supereffective|p1a: Salamence\n|-damage|p1a: Salamence|0 fnt\n|faint|p1a: Salamence\n|-damage|p2b: hockey hair|90\/100|[from] item: Life Orb\n|\n|win|aquaarmor23\n|l|\u2606aquaarmor23\n|l|\u2606Rockayy\n|l| awesome10billion\n|j| awesome10billion\n","uploadtime":1682872094,"views":20,"p1id":"rockayy","p2id":"aquaarmor23","formatid":"gen9vgc2023regulationc","rating":0,"private":0,"password":""}