{"id":"gen9vgc2023regulationc-1850041834","p1":"PurpleStyle","p2":"Heaven64","format":"[Gen 9] VGC 2023 Regulation C","log":"|j|\u2606PurpleStyle\n|j|\u2606Heaven64\n|t:|1682280914\n|gametype|doubles\n|player|p1|PurpleStyle|pokefan|\n|player|p2|Heaven64|leaf-masters|\n|teamsize|p1|6\n|teamsize|p2|6\n|gen|9\n|tier|[Gen 9] VGC 2023 Regulation C\n|rule|Species Clause: Limit one of each Pok\u00e9mon\n|rule|Item Clause: Limit one of each item\n|clearpoke\n|poke|p1|Flutter Mane, L50|\n|poke|p1|Crocalor, L50, F|\n|poke|p1|Donphan, L50, M|\n|poke|p1|Hydreigon, L50, M|\n|poke|p1|Azumarill, L50, F|\n|poke|p1|Venonat, L50, F|\n|poke|p2|Gholdengo, L50|\n|poke|p2|Grimmsnarl, L50, M|\n|poke|p2|Noivern, L50, M|\n|poke|p2|Tauros-Paldea-Aqua, L50, M|\n|poke|p2|Veluza, L50, M|\n|poke|p2|Zangoose, L50, M|\n|teampreview|4\nPurpleStyle rejected open team sheets.\n|c|\u2606Heaven64|g1\n|c|\u2606Heaven64|glhf\n|c|\u2606PurpleStyle|glhf\n|\n|t:|1682281030\n|start\n|switch|p1a: Flutter Mane|Flutter Mane, L50|100\/100\n|switch|p1b: Azumarill|Azumarill, L50, F|100\/100\n|switch|p2a: Fish Gallade|Veluza, L50, M|100\/100\n|switch|p2b: Tonsurephobia|Grimmsnarl, L50, M|100\/100\n|turn|1\n|\n|t:|1682281053\n|move|p2b: Tonsurephobia|Light Screen|p2b: Tonsurephobia\n|-sidestart|p2: Heaven64|move: Light Screen\n|move|p1a: Flutter Mane|Shadow Ball|p2a: Fish Gallade\n|-supereffective|p2a: Fish Gallade\n|-damage|p2a: Fish Gallade|39\/100\n|move|p2a: Fish Gallade|Final Gambit|p1b: Azumarill\n|-damage|p1b: Azumarill|64\/100\n|faint|p2a: Fish Gallade\n|move|p1b: Azumarill|Play Rough|p2b: Tonsurephobia\n|-supereffective|p2b: Tonsurephobia\n|-enditem|p2b: Tonsurephobia|Roseli Berry|[eat]\n|-enditem|p2b: Tonsurephobia|Roseli Berry|[weaken]\n|-damage|p2b: Tonsurephobia|44\/100\n|\n|upkeep\n|\n|t:|1682281076\n|switch|p2a: Ficello|Gholdengo, L50|100\/100\n|turn|2\n|\n|t:|1682281099\n|-terastallize|p1a: Flutter Mane|Steel\n|move|p1a: Flutter Mane|Shadow Ball|p2a: Ficello\n|-supereffective|p2a: Ficello\n|-damage|p2a: Ficello|70\/100\n|-unboost|p2a: Ficello|spd|1\n|move|p2a: Ficello|Make It Rain|p1a: Flutter Mane|[spread] p1a,p1b\n|-resisted|p1a: Flutter Mane\n|-damage|p1a: Flutter Mane|80\/100\n|-damage|p1b: Azumarill|14\/100\n|-unboost|p2a: Ficello|spa|1\n|move|p2b: Tonsurephobia|Spirit Break|p1b: Azumarill\n|-damage|p1b: Azumarill|0 fnt\n|faint|p1b: Azumarill\n|\n|-heal|p1a: Flutter Mane|86\/100|[from] item: Leftovers\n|upkeep\n|\n|t:|1682281116\n|switch|p1b: Crocalor|Crocalor, L50, F|100\/100\n|turn|3\n|\n|t:|1682281148\n|switch|p2a: High on Fumes|Zangoose, L50, M, shiny|100\/100\n|move|p1a: Flutter Mane|Moonblast|p2b: Tonsurephobia\n|-supereffective|p2b: Tonsurephobia\n|-damage|p2b: Tonsurephobia|0 fnt\n|faint|p2b: Tonsurephobia\n|move|p1b: Crocalor|Snarl|p2a: High on Fumes\n|-damage|p2a: High on Fumes|88\/100\n|-unboost|p2a: High on Fumes|spa|1\n|\n|-heal|p1a: Flutter Mane|92\/100|[from] item: Leftovers\n|-status|p2a: High on Fumes|tox|[from] item: Toxic Orb\n|upkeep\n|\n|t:|1682281155\n|switch|p2b: Ficello|Gholdengo, L50|70\/100\n|turn|4\n|\n|t:|1682281176\n|-terastallize|p2b: Ficello|Fairy\n|move|p1a: Flutter Mane|Protect|p1a: Flutter Mane\n|-singleturn|p1a: Flutter Mane|Protect\n|move|p2a: High on Fumes|Shadow Claw|p1a: Flutter Mane\n|-activate|p1a: Flutter Mane|move: Protect\n|move|p2b: Ficello|Shadow Ball|p1a: Flutter Mane\n|-activate|p1a: Flutter Mane|move: Protect\n|move|p1b: Crocalor|Snarl|p2b: Ficello|[spread] p2a,p2b\n|-resisted|p2b: Ficello\n|-damage|p2a: High on Fumes|79\/100 tox\n|-damage|p2b: Ficello|68\/100\n|-unboost|p2a: High on Fumes|spa|1\n|-unboost|p2b: Ficello|spa|1\n|\n|-heal|p1a: Flutter Mane|99\/100|[from] item: Leftovers\n|-damage|p2a: High on Fumes|73\/100 tox|[from] psn\n|upkeep\n|turn|5\n|\n|t:|1682281222\n|-end|p1a: Flutter Mane|Protosynthesis|[silent]\n|switch|p1a: Hydreigon|Hydreigon, L50, M|100\/100\n|move|p2a: High on Fumes|Shadow Claw|p1a: Hydreigon\n|-resisted|p1a: Hydreigon\n|-damage|p1a: Hydreigon|80\/100\n|move|p2b: Ficello|Shadow Ball|p1a: Hydreigon\n|-resisted|p1a: Hydreigon\n|-damage|p1a: Hydreigon|61\/100\n|-unboost|p1a: Hydreigon|spd|1\n|move|p1b: Crocalor|Snarl|p2a: High on Fumes|[spread] p2a,p2b\n|-resisted|p2b: Ficello\n|-damage|p2a: High on Fumes|65\/100 tox\n|-damage|p2b: Ficello|66\/100\n|-unboost|p2a: High on Fumes|spa|1\n|-unboost|p2b: Ficello|spa|1\n|\n|-damage|p2a: High on Fumes|53\/100 tox|[from] psn\n|-sideend|p2: Heaven64|move: Light Screen\n|upkeep\n|turn|6\n|\n|t:|1682281265\n|move|p1a: Hydreigon|Protect|p1a: Hydreigon\n|-singleturn|p1a: Hydreigon|Protect\n|move|p2a: High on Fumes|Quick Attack|p1a: Hydreigon\n|-activate|p1a: Hydreigon|move: Protect\n|move|p2b: Ficello|Dazzling Gleam|p1b: Crocalor|[spread] p1b\n|-activate|p1a: Hydreigon|move: Protect\n|-resisted|p1b: Crocalor\n|-crit|p1b: Crocalor\n|-damage|p1b: Crocalor|83\/100\n|move|p1b: Crocalor|Flamethrower|p2a: High on Fumes\n|-damage|p2a: High on Fumes|14\/100 tox\n|\n|-damage|p2a: High on Fumes|0 fnt|[from] psn\n|faint|p2a: High on Fumes\n|upkeep\n|turn|7\n|c|\u2606Heaven64|gg\n|\n|t:|1682281291\n|move|p1a: Hydreigon|Flash Cannon|p2b: Ficello\n|-supereffective|p2b: Ficello\n|-damage|p2b: Ficello|24\/100\n|move|p2b: Ficello|Dazzling Gleam|p1a: Hydreigon|[spread] p1a,p1b\n|-supereffective|p1a: Hydreigon\n|-resisted|p1b: Crocalor\n|-damage|p1a: Hydreigon|0 fnt\n|-damage|p1b: Crocalor|78\/100\n|faint|p1a: Hydreigon\n|move|p1b: Crocalor|Snarl|p2b: Ficello\n|-resisted|p2b: Ficello\n|-damage|p2b: Ficello|21\/100\n|-unboost|p2b: Ficello|spa|1\n|\n|upkeep\n|c|\u2606PurpleStyle|gg\n|\n|t:|1682281296\n|switch|p1a: Flutter Mane|Flutter Mane, L50, tera:Steel|99\/100\n|turn|8\n|\n|t:|1682281305\n|move|p1a: Flutter Mane|Shadow Ball|p2b: Ficello\n|-damage|p2b: Ficello|0 fnt\n|faint|p2b: Ficello\n|\n|win|PurpleStyle\n|l|\u2606Heaven64\n","uploadtime":1682282042,"views":6,"p1id":"purplestyle","p2id":"heaven64","formatid":"gen9vgc2023regulationc","rating":0,"private":0,"password":""}