{"id":"gen9vgc2023regulationc-1858208261","p1":"Dragonite1016","p2":"vrumvrumnatal","format":"[Gen 9] VGC 2023 Regulation C","log":"|j|\u2606Dragonite1016\n|j|\u2606vrumvrumnatal\n|t:|1683291149\n|gametype|doubles\n|player|p1|Dragonite1016|1|1434\n|player|p2|vrumvrumnatal|170|1398\n|teamsize|p1|6\n|teamsize|p2|6\n|gen|9\n|tier|[Gen 9] VGC 2023 Regulation C\n|rated|\n|rule|Species Clause: Limit one of each Pok\u00e9mon\n|rule|Item Clause: Limit one of each item\n|clearpoke\n|poke|p1|Orthworm, L50, F|\n|poke|p1|Ting-Lu, L50|\n|poke|p1|Dragonite, L50, F|\n|poke|p1|Vivillon, L50, M|\n|poke|p1|Flutter Mane, L50|\n|poke|p1|Scream Tail, L50|\n|poke|p2|Orthworm, L50, M|\n|poke|p2|Dragonite, L50, M|\n|poke|p2|Ting-Lu, L50|\n|poke|p2|Gyarados, L50, F|\n|poke|p2|Flutter Mane, L50|\n|poke|p2|Chien-Pao, L50|\n|teampreview|4\n|inactive|Battle timer is ON: inactive players will automatically lose when time's up. (requested by vrumvrumnatal)\n|inactive|Dragonite1016 has 60 seconds left.\n|inactive|Dragonite1016 has 30 seconds left.\n|inactive|Dragonite1016 has 20 seconds left.\n|inactive|Dragonite1016 has 15 seconds left.\n|\n|t:|1683291265\n|start\n|switch|p1a: Orthworm|Orthworm, L50, F|100\/100\n|switch|p1b: Ting-Lu|Ting-Lu, L50|100\/100\n|switch|p2a: Gyarados|Gyarados, L50, F|100\/100\n|switch|p2b: Dragonite|Dragonite, L50, M|100\/100\n|-ability|p2a: Gyarados|Intimidate|boost\n|-unboost|p1a: Orthworm|atk|1\n|-unboost|p1b: Ting-Lu|atk|1\n|-ability|p1b: Ting-Lu|Vessel of Ruin\n|turn|1\n|inactive|vrumvrumnatal has 30 seconds left.\n|\n|t:|1683291294\n|move|p2b: Dragonite|Dragon Dance|p2b: Dragonite\n|-boost|p2b: Dragonite|atk|1\n|-boost|p2b: Dragonite|spe|1\n|move|p2a: Gyarados|Taunt|p1a: Orthworm\n|-start|p1a: Orthworm|move: Taunt\n|move|p1b: Ting-Lu|Rock Slide|p2b: Dragonite|[spread] p2a,p2b\n|-supereffective|p2a: Gyarados\n|-supereffective|p2b: Dragonite\n|-damage|p2a: Gyarados|61\/100\n|-damage|p2b: Dragonite|80\/100\n|cant|p1a: Orthworm|move: Taunt|Shed Tail\n|\n|upkeep\n|turn|2\n|inactive|vrumvrumnatal has 30 seconds left.\n|inactive|vrumvrumnatal has 20 seconds left.\n|\n|t:|1683291330\n|switch|p1a: Flutter Mane|Flutter Mane, L50|100\/100\n|-terastallize|p2b: Dragonite|Flying\n|move|p2b: Dragonite|Tera Blast|p1b: Ting-Lu\n|-damage|p1b: Ting-Lu|47\/100\n|move|p2a: Gyarados|Thunder Wave|p1a: Flutter Mane\n|-status|p1a: Flutter Mane|par\n|move|p1b: Ting-Lu|Rock Slide|p2b: Dragonite|[spread] p2a,p2b\n|-supereffective|p2a: Gyarados\n|-supereffective|p2b: Dragonite\n|-damage|p2a: Gyarados|24\/100\n|-damage|p2b: Dragonite|43\/100\n|\n|upkeep\n|turn|3\n|inactive|vrumvrumnatal has 30 seconds left.\n|inactive|vrumvrumnatal has 20 seconds left.\n|\n|t:|1683291369\n|switch|p2a: Orthworm|Orthworm, L50, M|100\/100\n|move|p2b: Dragonite|Tera Blast|p1b: Ting-Lu\n|-damage|p1b: Ting-Lu|0 fnt\n|faint|p1b: Ting-Lu\n|move|p1a: Flutter Mane|Dazzling Gleam|p2a: Orthworm|[spread] p2a,p2b\n|-resisted|p2a: Orthworm\n|-damage|p2a: Orthworm|69\/100\n|-damage|p2b: Dragonite|0 fnt\n|faint|p2b: Dragonite\n|\n|upkeep\n|\n|t:|1683291383\n|switch|p2b: Flutter Mane|Flutter Mane, L50|100\/100\n|switch|p1b: Orthworm|Orthworm, L50, F|100\/100\n|turn|4\n|\n|t:|1683291396\n|-end|p2b: Flutter Mane|Protosynthesis|[silent]\n|switch|p2b: Gyarados|Gyarados, L50, F|24\/100\n|-ability|p2b: Gyarados|Intimidate|boost\n|-unboost|p1a: Flutter Mane|atk|1\n|-unboost|p1b: Orthworm|atk|1\n|move|p2a: Orthworm|Heavy Slam|p1a: Flutter Mane\n|-supereffective|p1a: Flutter Mane\n|-damage|p1a: Flutter Mane|0 fnt\n|faint|p1a: Flutter Mane\n|-end|p1a: Flutter Mane|Protosynthesis|[silent]\n|move|p1b: Orthworm|Shed Tail|p1b: Orthworm\n|-start|p1b: Orthworm|Substitute|[from] move: Shed Tail\n|-damage|p1b: Orthworm|50\/100\n|-enditem|p1b: Orthworm|Sitrus Berry|[eat]\n|-heal|p1b: Orthworm|75\/100|[from] item: Sitrus Berry\n|\n|t:|1683291402\n|switch|p1b: Dragonite|Dragonite, L50, F|100\/100|[from] Shed Tail\n|\n|upkeep\n|\n|t:|1683291405\n|switch|p1a: Orthworm|Orthworm, L50, F|75\/100\n|turn|5\n|\n|t:|1683291429\n|move|p2b: Gyarados|Taunt|p1a: Orthworm\n|-start|p1a: Orthworm|move: Taunt\n|move|p1b: Dragonite|Dragon Dance|p1b: Dragonite\n|-boost|p1b: Dragonite|atk|1\n|-boost|p1b: Dragonite|spe|1\n|move|p2a: Orthworm|Iron Defense|p2a: Orthworm\n|-boost|p2a: Orthworm|def|2\n|move|p1a: Orthworm|Body Press|p2a: Orthworm\n|-supereffective|p2a: Orthworm\n|-damage|p2a: Orthworm|52\/100\n|\n|upkeep\n|turn|6\n|\n|t:|1683291445\n|move|p1b: Dragonite|Dragon Dance|p1b: Dragonite\n|-boost|p1b: Dragonite|atk|1\n|-boost|p1b: Dragonite|spe|1\n|move|p2b: Gyarados|Thunder Wave|p1a: Orthworm\n|-status|p1a: Orthworm|par\n|move|p2a: Orthworm|Shed Tail|p2a: Orthworm\n|-start|p2a: Orthworm|Substitute|[from] move: Shed Tail\n|-damage|p2a: Orthworm|2\/100\n|-enditem|p2a: Orthworm|Sitrus Berry|[eat]\n|-heal|p2a: Orthworm|27\/100|[from] item: Sitrus Berry\n|\n|t:|1683291455\n|switch|p2a: Flutter Mane|Flutter Mane, L50|100\/100|[from] Shed Tail\n|move|p1a: Orthworm|Body Press|p2a: Flutter Mane\n|-immune|p2a: Flutter Mane\n|\n|upkeep\n|turn|7\n|inactive|vrumvrumnatal has 30 seconds left.\n|\n|t:|1683291493\n|-terastallize|p1b: Dragonite|Normal\n|move|p1b: Dragonite|Earthquake|p2a: Flutter Mane|[spread] p2a\n|-heal|p1a: Orthworm|99\/100 par|[from] ability: Earth Eater|[of] p1b: Dragonite\n|-immune|p2b: Gyarados\n|-end|p2a: Flutter Mane|Substitute\n|move|p2a: Flutter Mane|Moonblast|p1b: Dragonite\n|-end|p1b: Dragonite|Substitute\n|move|p2b: Gyarados|Thunder Wave|p1b: Dragonite\n|-status|p1b: Dragonite|par\n|move|p1a: Orthworm|Heavy Slam|p2a: Flutter Mane\n|-supereffective|p2a: Flutter Mane\n|-damage|p2a: Flutter Mane|0 fnt\n|faint|p2a: Flutter Mane\n|-end|p2a: Flutter Mane|Protosynthesis|[silent]\n|\n|-end|p1a: Orthworm|move: Taunt\n|upkeep\n|\n|t:|1683291510\n|switch|p2a: Orthworm|Orthworm, L50, M|27\/100\n|turn|8\n|\n|t:|1683291523\n|move|p1b: Dragonite|Extreme Speed|p2b: Gyarados\n|-damage|p2b: Gyarados|0 fnt\n|faint|p2b: Gyarados\n|move|p2a: Orthworm|Iron Defense|p2a: Orthworm\n|-boost|p2a: Orthworm|def|2\n|move|p1a: Orthworm|Body Press|p2a: Orthworm\n|-supereffective|p2a: Orthworm\n|-damage|p2a: Orthworm|9\/100\n|\n|upkeep\n|turn|9\n|\n|t:|1683291532\n|cant|p1b: Dragonite|par\n|move|p2a: Orthworm|Body Press|p1b: Dragonite\n|-supereffective|p1b: Dragonite\n|-damage|p1b: Dragonite|41\/100 par\n|move|p1a: Orthworm|Body Press|p2a: Orthworm\n|-supereffective|p2a: Orthworm\n|-damage|p2a: Orthworm|0 fnt\n|faint|p2a: Orthworm\n|\n|win|Dragonite1016\n|raw|Dragonite1016's rating: 1434 → 1452<\/strong> (+18 for winning)\n|raw|vrumvrumnatal's rating: 1398 → 1380<\/strong> (-18 for losing)\n|c|\u2606Dragonite1016|My worm\n|c|\u2606Dragonite1016|is superior\n|l|\u2606Dragonite1016\n","uploadtime":1683291588,"views":7,"p1id":"dragonite1016","p2id":"vrumvrumnatal","formatid":"gen9vgc2023regulationc","rating":1380,"private":0,"password":""}