{"id":"gen9vgc2023regulationc-1863786098","p1":"tiaole123","p2":"TheBattleRoom","format":"[Gen 9] VGC 2023 Regulation C","log":"|j|\u2606tiaole123\n|j|\u2606TheBattleRoom\n|t:|1684077469\n|gametype|doubles\n|player|p1|tiaole123|266|\n|player|p2|TheBattleRoom|pokekid|\n|teamsize|p1|6\n|teamsize|p2|6\n|gen|9\n|tier|[Gen 9] VGC 2023 Regulation C\n|rule|Species Clause: Limit one of each Pok\u00e9mon\n|rule|Item Clause: Limit one of each item\n|clearpoke\n|poke|p1|Amoonguss, L50, M|\n|poke|p1|Ting-Lu, L50|\n|poke|p1|Flutter Mane, L50|\n|poke|p1|Kingambit, L50, M|\n|poke|p1|Arcanine, L50, F|\n|poke|p1|Dragonite, L50, M|\n|poke|p2|Bronzong, L50|\n|poke|p2|Ting-Lu, L50|\n|poke|p2|Abomasnow, L50, M|\n|poke|p2|Iron Bundle, L50|\n|poke|p2|Azumarill, L50, M|\n|poke|p2|Arcanine, L50, F|\n|teampreview|4\n|c|\u2606tiaole123|g2\ntiaole123 has agreed to open team sheets.\nTheBattleRoom has agreed to open team sheets.\n|c|\u2606tiaole123|\/log tiaole123 made this room public.\n|j| Pokemon19385\n|j| Borghi\n|j| sempr9\n|l| Pokemon19385\n|j| Pokemon19385\n|\n|t:|1684078222\n|start\n|switch|p1a: Flutter Mane|Flutter Mane, L50|100\/100\n|switch|p1b: Arcanine|Arcanine, L50, F|100\/100\n|switch|p2a: Abomasnow|Abomasnow, L50, M|100\/100\n|switch|p2b: Iron Bundle|Iron Bundle, L50|100\/100\n|-ability|p1b: Arcanine|Intimidate|boost\n|-unboost|p2a: Abomasnow|atk|1\n|-unboost|p2b: Iron Bundle|atk|1\n|-weather|Snow|[from] ability: Snow Warning|[of] p2a: Abomasnow\n|turn|1\n|\n|t:|1684078253\n|-terastallize|p2b: Iron Bundle|Ice\n|move|p2a: Abomasnow|Helping Hand|p2b: Iron Bundle\n|-singleturn|p2b: Iron Bundle|Helping Hand|[of] p2a: Abomasnow\n|move|p1b: Arcanine|Protect|p1b: Arcanine\n|-singleturn|p1b: Arcanine|Protect\n|move|p2b: Iron Bundle|Blizzard|p1b: Arcanine|[spread] p1a\n|-activate|p1b: Arcanine|move: Protect\n|-damage|p1a: Flutter Mane|0 fnt\n|faint|p1a: Flutter Mane\n|-end|p1a: Flutter Mane|Protosynthesis|[silent]\n|\n|-weather|Snow|[upkeep]\n|upkeep\n|\n|t:|1684078268\n|switch|p1a: Kingambit|Kingambit, L50, M|100\/100\n|turn|2\n|\n|t:|1684078301\n|move|p2b: Iron Bundle|Blizzard|p1b: Arcanine|[spread] p1a,p1b\n|-resisted|p1a: Kingambit\n|-resisted|p1b: Arcanine\n|-damage|p1a: Kingambit|55\/100\n|-damage|p1b: Arcanine|57\/100\n|move|p1b: Arcanine|Will-O-Wisp|p2b: Iron Bundle\n|-status|p2b: Iron Bundle|brn\n|move|p2a: Abomasnow|Aurora Veil|p2a: Abomasnow\n|-sidestart|p2: TheBattleRoom|move: Aurora Veil\n|move|p1a: Kingambit|Swords Dance|p1a: Kingambit\n|-boost|p1a: Kingambit|atk|2\n|\n|-weather|Snow|[upkeep]\n|-damage|p2b: Iron Bundle|94\/100 brn|[from] brn\n|upkeep\n|turn|3\n|\n|t:|1684078330\n|move|p2a: Abomasnow|Helping Hand|p2b: Iron Bundle\n|-singleturn|p2b: Iron Bundle|Helping Hand|[of] p2a: Abomasnow\n|move|p1a: Kingambit|Protect|p1a: Kingambit\n|-singleturn|p1a: Kingambit|Protect\n|move|p2b: Iron Bundle|Blizzard|p1a: Kingambit|[spread] p1b\n|-activate|p1a: Kingambit|move: Protect\n|-resisted|p1b: Arcanine\n|-damage|p1b: Arcanine|0 fnt\n|faint|p1b: Arcanine\n|\n|-weather|Snow|[upkeep]\n|-damage|p2b: Iron Bundle|88\/100 brn|[from] brn\n|upkeep\n|\n|t:|1684078333\n|switch|p1b: Amoonguss|Amoonguss, L50, M|100\/100\n|turn|4\n|l| Pokemon19385\n|\n|t:|1684078355\n|-terastallize|p1b: Amoonguss|Water\n|move|p2b: Iron Bundle|Blizzard|p1b: Amoonguss|[spread] p1a,p1b\n|-resisted|p1a: Kingambit\n|-resisted|p1b: Amoonguss\n|-damage|p1a: Kingambit|13\/100\n|-damage|p1b: Amoonguss|64\/100\n|move|p2a: Abomasnow|Blizzard|p1a: Kingambit|[spread] p1a,p1b\n|-resisted|p1a: Kingambit\n|-resisted|p1b: Amoonguss\n|-damage|p1a: Kingambit|0 fnt\n|-damage|p1b: Amoonguss|49\/100\n|-enditem|p1b: Amoonguss|Sitrus Berry|[eat]\n|-heal|p1b: Amoonguss|74\/100|[from] item: Sitrus Berry\n|faint|p1a: Kingambit\n|move|p1b: Amoonguss|Pollen Puff|p1: Kingambit|[notarget]\n|-fail|p1b: Amoonguss\n|\n|-weather|Snow|[upkeep]\n|-damage|p2b: Iron Bundle|82\/100 brn|[from] brn\n|upkeep\n|turn|5\n|-message|tiaole123 forfeited.\n|\n|win|TheBattleRoom\n|c|\u2606tiaole123|gg\n|c|\u2606TheBattleRoom|gg\n|l| sempr9\n|l| Borghi\n","uploadtime":1684078421,"views":34,"p1id":"tiaole123","p2id":"thebattleroom","formatid":"gen9vgc2023regulationc","rating":0,"private":0,"password":""}