{"id":"gen9vgc2023regulationc-1851987319","p1":"bowsamonya","p2":"fissssssssshhhure","format":"[Gen 9] VGC 2023 Regulation C","log":"|j|\u2606bowsamonya\n|j|\u2606fissssssssshhhure\n|t:|1682514215\n|gametype|doubles\n|player|p1|bowsamonya|beauty-gen4dp|1400\n|player|p2|fissssssssshhhure|veteran|1454\n|teamsize|p1|6\n|teamsize|p2|6\n|gen|9\n|tier|[Gen 9] VGC 2023 Regulation C\n|rated|\n|rule|Species Clause: Limit one of each Pok\u00e9mon\n|rule|Item Clause: Limit one of each item\n|clearpoke\n|poke|p1|Iron Hands, L50|\n|poke|p1|Hatterene, L50, F|\n|poke|p1|Garganacl, L50, M|\n|poke|p1|Scizor, L50, M|\n|poke|p1|Chien-Pao, L50|\n|poke|p1|Sableye, L50, M|\n|poke|p2|Ceruledge, L50, F|\n|poke|p2|Lycanroc, L50, M|\n|poke|p2|Tyranitar, L50, F|\n|poke|p2|Iron Bundle, L50|\n|poke|p2|Dragonite, L50, F|\n|poke|p2|Sylveon, L50, F|\n|teampreview|4\n|\n|t:|1682514258\n|start\n|switch|p1a: mr minecraft|Garganacl, L50, M|100\/100\n|switch|p1b: the hand guy|Iron Hands, L50|100\/100\n|switch|p2a: Ceruledge|Ceruledge, L50, F|100\/100\n|switch|p2b: Lycanroc|Lycanroc, L50, M|100\/100\n|turn|1\n|\n|t:|1682514275\n|move|p2b: Lycanroc|Protect|p2b: Lycanroc\n|-singleturn|p2b: Lycanroc|Protect\n|move|p1b: the hand guy|Fake Out|p2b: Lycanroc\n|-activate|p2b: Lycanroc|move: Protect\n|move|p2a: Ceruledge|Bulk Up|p2a: Ceruledge\n|-boost|p2a: Ceruledge|atk|1\n|-boost|p2a: Ceruledge|def|1\n|move|p1a: mr minecraft|Salt Cure|p2a: Ceruledge\n|-supereffective|p2a: Ceruledge\n|-damage|p2a: Ceruledge|77\/100\n|-start|p2a: Ceruledge|Salt Cure\n|\n|-damage|p2a: Ceruledge|65\/100|[from] Salt Cure\n|upkeep\n|turn|2\n|\n|t:|1682514293\n|move|p2b: Lycanroc|Howl|p2b: Lycanroc|[spread] p2a,p2b\n|-boost|p2a: Ceruledge|atk|1\n|-boost|p2b: Lycanroc|atk|1\n|move|p2a: Ceruledge|Bitter Blade|p1b: the hand guy\n|-damage|p1b: the hand guy|41\/100\n|-heal|p2a: Ceruledge|100\/100|[from] drain|[of] p1b: the hand guy\n|move|p1b: the hand guy|Drain Punch|p2b: Lycanroc\n|-supereffective|p2b: Lycanroc\n|-crit|p2b: Lycanroc\n|-enditem|p2b: Lycanroc|Focus Sash\n|-damage|p2b: Lycanroc|1\/100\n|-heal|p1b: the hand guy|69\/100|[from] drain|[of] p2b: Lycanroc\n|move|p1a: mr minecraft|Salt Cure|p2a: Ceruledge\n|-supereffective|p2a: Ceruledge\n|-damage|p2a: Ceruledge|77\/100\n|\n|-damage|p2a: Ceruledge|65\/100|[from] Salt Cure\n|upkeep\n|turn|3\n|\n|t:|1682514317\n|move|p1b: the hand guy|Protect|p1b: the hand guy\n|-singleturn|p1b: the hand guy|Protect\n|move|p2b: Lycanroc|Howl|p2b: Lycanroc|[spread] p2a,p2b\n|-boost|p2a: Ceruledge|atk|1\n|-boost|p2b: Lycanroc|atk|1\n|move|p2a: Ceruledge|Bitter Blade|p1b: the hand guy\n|-activate|p1b: the hand guy|move: Protect\n|move|p1a: mr minecraft|Salt Cure|p2a: Ceruledge\n|-supereffective|p2a: Ceruledge\n|-damage|p2a: Ceruledge|41\/100\n|\n|-damage|p2a: Ceruledge|29\/100|[from] Salt Cure\n|upkeep\n|turn|4\n|\n|t:|1682514334\n|-terastallize|p2a: Ceruledge|Grass\n|move|p1b: the hand guy|Protect||[still]\n|-fail|p1b: the hand guy\n|move|p2b: Lycanroc|Howl|p2b: Lycanroc|[spread] p2a,p2b\n|-boost|p2a: Ceruledge|atk|1\n|-boost|p2b: Lycanroc|atk|1\n|move|p2a: Ceruledge|Tera Blast|p1a: mr minecraft\n|-supereffective|p1a: mr minecraft\n|-damage|p1a: mr minecraft|0 fnt\n|faint|p1a: mr minecraft\n|\n|-damage|p2a: Ceruledge|17\/100|[from] Salt Cure\n|upkeep\n|\n|t:|1682514353\n|switch|p1a: grumpy steven|Scizor, L50, M|100\/100\n|turn|5\n|\n|t:|1682514371\n|move|p2a: Ceruledge|Shadow Sneak|p1b: the hand guy\n|-crit|p1b: the hand guy\n|-damage|p1b: the hand guy|6\/100\n|move|p1a: grumpy steven|Bullet Punch|p2b: Lycanroc\n|-supereffective|p2b: Lycanroc\n|-damage|p2b: Lycanroc|0 fnt\n|faint|p2b: Lycanroc\n|move|p1b: the hand guy|Drain Punch|p2a: Ceruledge\n|-damage|p2a: Ceruledge|0 fnt\n|-heal|p1b: the hand guy|12\/100|[from] drain|[of] p2a: Ceruledge\n|faint|p2a: Ceruledge\n|\n|upkeep\n|\n|t:|1682514380\n|switch|p2b: Iron Bundle|Iron Bundle, L50, shiny|100\/100\n|switch|p2a: Tyranitar|Tyranitar, L50, F, shiny|100\/100\n|-weather|Sandstorm|[from] ability: Sand Stream|[of] p2a: Tyranitar\n|-enditem|p2b: Iron Bundle|Booster Energy\n|-activate|p2b: Iron Bundle|ability: Quark Drive|[fromitem]\n|-start|p2b: Iron Bundle|quarkdrivespe\n|turn|6\n|\n|t:|1682514395\n|move|p1b: the hand guy|Protect|p1b: the hand guy\n|-singleturn|p1b: the hand guy|Protect\n|move|p1a: grumpy steven|Bullet Punch|p2a: Tyranitar\n|-supereffective|p2a: Tyranitar\n|-damage|p2a: Tyranitar|42\/100\n|move|p2b: Iron Bundle|Freeze-Dry|p1b: the hand guy\n|-activate|p1b: the hand guy|move: Protect\n|move|p2a: Tyranitar|Crunch|p1a: grumpy steven\n|-damage|p1a: grumpy steven|53\/100\n|-unboost|p1a: grumpy steven|def|1\n|\n|-weather|Sandstorm|[upkeep]\n|-damage|p2b: Iron Bundle|94\/100|[from] Sandstorm\n|-damage|p1b: the hand guy|5\/100|[from] Sandstorm\n|upkeep\n|turn|7\n|\n|t:|1682514413\n|move|p1a: grumpy steven|Bullet Punch|p2a: Tyranitar\n|-supereffective|p2a: Tyranitar\n|-damage|p2a: Tyranitar|0 fnt\n|faint|p2a: Tyranitar\n|move|p2b: Iron Bundle|Encore|p1b: the hand guy\n|-start|p1b: the hand guy|Encore\n|move|p1b: the hand guy|Protect||[still]\n|-fail|p1b: the hand guy\n|\n|-weather|Sandstorm|[upkeep]\n|-damage|p2b: Iron Bundle|88\/100|[from] Sandstorm\n|-damage|p1b: the hand guy|0 fnt|[from] Sandstorm\n|faint|p1b: the hand guy\n|-end|p1b: the hand guy|Quark Drive|[silent]\n|upkeep\n|\n|t:|1682514424\n|switch|p1b: me on tuesday|Sableye, L50, M|100\/100\n|turn|8\n|\n|t:|1682514431\n|move|p1a: grumpy steven|Bullet Punch|p2b: Iron Bundle\n|-damage|p2b: Iron Bundle|47\/100\n|move|p1b: me on tuesday|Encore||[still]\n|-fail|p1b: me on tuesday\n|move|p2b: Iron Bundle|Hydro Pump|p1a: grumpy steven\n|-damage|p1a: grumpy steven|0 fnt\n|faint|p1a: grumpy steven\n|\n|-weather|Sandstorm|[upkeep]\n|-damage|p2b: Iron Bundle|41\/100|[from] Sandstorm\n|-damage|p1b: me on tuesday|95\/100|[from] Sandstorm\n|upkeep\n|turn|9\n|\n|t:|1682514445\n|move|p2b: Iron Bundle|Hydro Pump|p1b: me on tuesday\n|-damage|p1b: me on tuesday|0 fnt\n|faint|p1b: me on tuesday\n|\n|win|fissssssssshhhure\n|raw|bowsamonya's rating: 1400 → 1383<\/strong> (-17 for losing)\n|raw|fissssssssshhhure's rating: 1454 → 1471<\/strong> (+17 for winning)\n|l|\u2606bowsamonya\n","uploadtime":1682514478,"views":112,"p1id":"bowsamonya","p2id":"fissssssssshhhure","formatid":"gen9vgc2023regulationc","rating":1383,"private":0,"password":""}