{"id":"gen9vgc2023regulationc-1848670805","p1":"heelflores","p2":"Esspecialy","format":"[Gen 9] VGC 2023 Regulation C","log":"|j|\u2606heelflores\n|j|\u2606Esspecialy\n|t:|1682099431\n|gametype|doubles\n|player|p1|heelflores|roughneck-gen4|1185\n|player|p2|Esspecialy|burglar|1279\n|teamsize|p1|6\n|teamsize|p2|6\n|gen|9\n|tier|[Gen 9] VGC 2023 Regulation C\n|rated|\n|rule|Species Clause: Limit one of each Pok\u00e9mon\n|rule|Item Clause: Limit one of each item\n|clearpoke\n|poke|p1|Orthworm, L50, M|\n|poke|p1|Dragonite, L50, M|\n|poke|p1|Ting-Lu, L50|\n|poke|p1|Gyarados, L50, M|\n|poke|p1|Flutter Mane, L50|\n|poke|p1|Chien-Pao, L50|\n|poke|p2|Annihilape, L50, M|\n|poke|p2|Gholdengo, L50|\n|poke|p2|Maushold, L50|\n|poke|p2|Arcanine, L50, F|\n|poke|p2|Roaring Moon, L50|\n|poke|p2|Iron Bundle, L50|\n|teampreview|4\n|\n|t:|1682099469\n|start\n|switch|p1a: Dragonite|Dragonite, L50, M|100\/100\n|switch|p1b: Flutter Mane|Flutter Mane, L50|100\/100\n|switch|p2a: Maushold|Maushold, L50|100\/100\n|switch|p2b: Annihilape|Annihilape, L50, M|100\/100\n|turn|1\n|\n|t:|1682099529\n|-terastallize|p1a: Dragonite|Flying\n|-terastallize|p2b: Annihilape|Water\n|move|p1b: Flutter Mane|Moonblast|p2a: Maushold\n|-damage|p2a: Maushold|25\/100\n|move|p2a: Maushold|Beat Up|p2b: Annihilape\n|-damage|p2b: Annihilape|99\/100\n|-damage|p2b: Annihilape|97\/100\n|-damage|p2b: Annihilape|95\/100\n|-damage|p2b: Annihilape|93\/100\n|-hitcount|p2b: Annihilape|4\n|move|p1a: Dragonite|Tera Blast|p2b: Annihilape\n|-damage|p2b: Annihilape|54\/100\n|move|p2b: Annihilape|Bulk Up|p2b: Annihilape\n|-boost|p2b: Annihilape|atk|1\n|-boost|p2b: Annihilape|def|1\n|\n|upkeep\n|turn|2\n|\n|t:|1682099578\n|move|p2a: Maushold|Protect|p2a: Maushold\n|-singleturn|p2a: Maushold|Protect\n|move|p1b: Flutter Mane|Moonblast|p2a: Maushold\n|-activate|p2a: Maushold|move: Protect\n|move|p1a: Dragonite|Tera Blast|p2b: Annihilape\n|-damage|p2b: Annihilape|26\/100\n|-enditem|p2b: Annihilape|Sitrus Berry|[eat]\n|-heal|p2b: Annihilape|50\/100|[from] item: Sitrus Berry\n|move|p2b: Annihilape|Rage Fist|p1b: Flutter Mane\n|-supereffective|p1b: Flutter Mane\n|-crit|p1b: Flutter Mane\n|-damage|p1b: Flutter Mane|0 fnt\n|faint|p1b: Flutter Mane\n|-end|p1b: Flutter Mane|Protosynthesis|[silent]\n|\n|upkeep\n|\n|t:|1682099614\n|switch|p1b: Gyarados|Gyarados, L50, M|100\/100\n|-ability|p1b: Gyarados|Intimidate|boost\n|-unboost|p2a: Maushold|atk|1\n|-unboost|p2b: Annihilape|atk|1\n|-ability|p2b: Annihilape|Defiant|boost\n|-boost|p2b: Annihilape|atk|2\n|turn|3\n|\n|t:|1682099636\n|move|p2a: Maushold|Follow Me|p2a: Maushold\n|-singleturn|p2a: Maushold|move: Follow Me\n|move|p1a: Dragonite|Dragon Dance|p1a: Dragonite\n|-boost|p1a: Dragonite|atk|1\n|-boost|p1a: Dragonite|spe|1\n|move|p2b: Annihilape|Drain Punch|p1a: Dragonite\n|-resisted|p1a: Dragonite\n|-damage|p1a: Dragonite|83\/100\n|-heal|p2b: Annihilape|58\/100|[from] drain|[of] p1a: Dragonite\n|move|p1b: Gyarados|Waterfall|p2a: Maushold\n|-damage|p2a: Maushold|0 fnt\n|faint|p2a: Maushold\n|\n|upkeep\n|\n|t:|1682099645\n|switch|p2a: Iron Bundle|Iron Bundle, L50, shiny|100\/100\n|turn|4\n|\n|t:|1682099670\n|move|p1a: Dragonite|Earthquake|p2a: Iron Bundle|[spread] p2a,p2b\n|-immune|p1b: Gyarados\n|-damage|p2a: Iron Bundle|52\/100\n|-damage|p2b: Annihilape|33\/100\n|move|p2a: Iron Bundle|Icy Wind|p1a: Dragonite|[spread] p1a,p1b\n|-supereffective|p1a: Dragonite\n|-damage|p1a: Dragonite|42\/100\n|-damage|p1b: Gyarados|83\/100\n|-unboost|p1a: Dragonite|spe|1\n|-unboost|p1b: Gyarados|spe|1\n|move|p2b: Annihilape|Rage Fist|p1b: Gyarados\n|-damage|p1b: Gyarados|0 fnt\n|faint|p1b: Gyarados\n|\n|upkeep\n|\n|t:|1682099684\n|switch|p1b: Ting-Lu|Ting-Lu, L50|100\/100\n|-ability|p1b: Ting-Lu|Vessel of Ruin\n|turn|5\n|\n|t:|1682099704\n|move|p1a: Dragonite|Extreme Speed|p2b: Annihilape\n|-damage|p2b: Annihilape|7\/100\n|move|p2a: Iron Bundle|Freeze-Dry|p1a: Dragonite\n|-supereffective|p1a: Dragonite\n|-damage|p1a: Dragonite|0 fnt\n|faint|p1a: Dragonite\n|move|p2b: Annihilape|Drain Punch|p1b: Ting-Lu\n|-supereffective|p1b: Ting-Lu\n|-damage|p1b: Ting-Lu|10\/100\n|-heal|p2b: Annihilape|57\/100|[from] drain|[of] p1b: Ting-Lu\n|move|p1b: Ting-Lu|Bulldoze|p2b: Annihilape|[spread] p2a,p2b\n|-damage|p2a: Iron Bundle|17\/100\n|-damage|p2b: Annihilape|36\/100\n|-unboost|p2a: Iron Bundle|spe|1\n|-unboost|p2b: Annihilape|spe|1\n|-ability|p2b: Annihilape|Defiant|boost\n|-boost|p2b: Annihilape|atk|2\n|\n|upkeep\n|turn|6\n|\n|t:|1682099716\n|move|p2a: Iron Bundle|Freeze-Dry|p1b: Ting-Lu\n|-supereffective|p1b: Ting-Lu\n|-damage|p1b: Ting-Lu|0 fnt\n|faint|p1b: Ting-Lu\n|\n|win|Esspecialy\n|raw|heelflores's rating: 1185 → 1167<\/strong> (-18 for losing)\n|raw|Esspecialy's rating: 1279 → 1297<\/strong> (+18 for winning)\n|l|\u2606Esspecialy\n|l|\u2606heelflores\n|j|\u2606Esspecialy\n|player|p2|Esspecialy|burglar\n","uploadtime":1682099768,"views":12,"p1id":"heelflores","p2id":"esspecialy","formatid":"gen9vgc2023regulationc","rating":1167,"private":0,"password":""}