{"id":"gen9vgc2023regulationc-1857251449","p1":"clavo0025","p2":"Asuma199","format":"[Gen 9] VGC 2023 Regulation C","log":"|j|\u2606clavo0025\n|j|\u2606Asuma199\n|t:|1683163584\n|gametype|doubles\n|player|p1|clavo0025|266|\n|player|p2|Asuma199|marlon|\n|teamsize|p1|6\n|teamsize|p2|6\n|gen|9\n|tier|[Gen 9] VGC 2023 Regulation C\n|rule|Species Clause: Limit one of each Pok\u00e9mon\n|rule|Item Clause: Limit one of each item\n|clearpoke\n|poke|p1|Masquerain, L50, F|\n|poke|p1|Arcanine, L50, F|\n|poke|p1|Ting-Lu, L50|\n|poke|p1|Iron Bundle, L50|\n|poke|p1|Mimikyu, L50, M|\n|poke|p1|Appletun, L50, M|\n|poke|p2|Slowbro, L50, M|\n|poke|p2|Abomasnow, L50, M|\n|poke|p2|Slowking, L50, F|\n|poke|p2|Medicham, L50, M|\n|poke|p2|Tyranitar, L50, M|\n|poke|p2|Palafin, L50, M|\n|teampreview|4\n|\n|t:|1683163737\n|start\n|switch|p1a: Ting-Lu|Ting-Lu, L50|100\/100\n|switch|p1b: Masquerain|Masquerain, L50, F, shiny|100\/100\n|switch|p2a: Soplapote|Slowbro, L50, M, shiny|100\/100\n|switch|p2b: Slopapo|Slowking, L50, F, shiny|100\/100\n|-ability|p1b: Masquerain|Intimidate|boost\n|-fail|p2a: Soplapote|unboost|Attack|[from] ability: Oblivious|[of] p2a: Soplapote\n|-fail|p2b: Slopapo|unboost|Attack|[from] ability: Oblivious|[of] p2b: Slopapo\n|-ability|p1a: Ting-Lu|Vessel of Ruin\n|turn|1\n|\n|t:|1683163880\n|move|p2b: Slopapo|Protect|p2b: Slopapo\n|-singleturn|p2b: Slopapo|Protect\n|move|p1b: Masquerain|Quiver Dance|p1b: Masquerain\n|-boost|p1b: Masquerain|spa|1\n|-boost|p1b: Masquerain|spd|1\n|-boost|p1b: Masquerain|spe|1\n|move|p1a: Ting-Lu|Ruination|p2b: Slopapo\n|-activate|p2b: Slopapo|move: Protect\n|move|p2a: Soplapote|Iron Defense|p2a: Soplapote\n|-boost|p2a: Soplapote|def|2\n|\n|upkeep\n|turn|2\n|\n|t:|1683163948\n|switch|p1a: Appletun|Appletun, L50, M, shiny|100\/100\n|move|p1b: Masquerain|Giga Drain|p2b: Slopapo\n|-supereffective|p2b: Slopapo\n|-damage|p2b: Slopapo|40\/100\n|-enditem|p2b: Slopapo|Sitrus Berry|[eat]\n|-heal|p2b: Slopapo|65\/100|[from] item: Sitrus Berry\n|move|p2a: Soplapote|Calm Mind|p2a: Soplapote\n|-boost|p2a: Soplapote|spa|1\n|-boost|p2a: Soplapote|spd|1\n|move|p2b: Slopapo|Trick Room|p2b: Slopapo\n|-fieldstart|move: Trick Room|[of] p2b: Slopapo\n|\n|upkeep\n|turn|3\n|\n|t:|1683163979\n|switch|p1b: Ting-Lu|Ting-Lu, L50|100\/100\n|-ability|p1b: Ting-Lu|Vessel of Ruin\n|move|p2a: Soplapote|Calm Mind|p2a: Soplapote\n|-boost|p2a: Soplapote|spa|1\n|-boost|p2a: Soplapote|spd|1\n|move|p2b: Slopapo|Belch|p1a: Appletun\n|-supereffective|p1a: Appletun\n|-damage|p1a: Appletun|58\/100\n|-enditem|p1a: Appletun|Weakness Policy\n|-boost|p1a: Appletun|atk|2|[from] item: Weakness Policy\n|-boost|p1a: Appletun|spa|2|[from] item: Weakness Policy\n|move|p1a: Appletun|Apple Acid|p2a: Soplapote\n|-supereffective|p2a: Soplapote\n|-damage|p2a: Soplapote|51\/100\n|-unboost|p2a: Soplapote|spd|1\n|\n|-heal|p2a: Soplapote|57\/100|[from] item: Leftovers\n|upkeep\n|turn|4\n|\n|t:|1683164105\n|-terastallize|p2a: Soplapote|Ice\n|move|p2b: Slopapo|Protect|p2b: Slopapo\n|-singleturn|p2b: Slopapo|Protect\n|move|p2a: Soplapote|Slack Off|p2a: Soplapote\n|-heal|p2a: Soplapote|100\/100\n|move|p1a: Appletun|Recover|p1a: Appletun\n|-heal|p1a: Appletun|100\/100\n|move|p1b: Ting-Lu|Fissure|p2a: Soplapote|[miss]\n|-miss|p1b: Ting-Lu|p2a: Soplapote\n|\n|upkeep\n|turn|5\n|\n|t:|1683164163\n|move|p2a: Soplapote|Stored Power|p1a: Appletun\n|-damage|p1a: Appletun|36\/100\n|move|p2b: Slopapo|Belch|p1a: Appletun\n|-supereffective|p1a: Appletun\n|-damage|p1a: Appletun|0 fnt\n|faint|p1a: Appletun\n|move|p1b: Ting-Lu|Heavy Slam|p2a: Soplapote\n|-supereffective|p2a: Soplapote\n|-damage|p2a: Soplapote|72\/100\n|\n|-heal|p2a: Soplapote|78\/100|[from] item: Leftovers\n|upkeep\n|\n|t:|1683164174\n|switch|p1a: Arcanine|Arcanine, L50, F, shiny|100\/100\n|-ability|p1a: Arcanine|Intimidate|boost\n|-fail|p2a: Soplapote|unboost|Attack|[from] ability: Oblivious|[of] p2a: Soplapote\n|-fail|p2b: Slopapo|unboost|Attack|[from] ability: Oblivious|[of] p2b: Slopapo\n|turn|6\n|\n|t:|1683164201\n|-terastallize|p1a: Arcanine|Water\n|move|p2a: Soplapote|Stored Power|p1a: Arcanine\n|-damage|p1a: Arcanine|44\/100\n|move|p2b: Slopapo|Future Sight|p1a: Arcanine\n|-start|p2b: Slopapo|move: Future Sight\n|move|p1b: Ting-Lu|Stomping Tantrum|p2a: Soplapote\n|-damage|p2a: Soplapote|66\/100\n|move|p1a: Arcanine|Snarl|p2b: Slopapo|[spread] p2a,p2b\n|-supereffective|p2b: Slopapo\n|-damage|p2a: Soplapote|62\/100\n|-damage|p2b: Slopapo|55\/100\n|-unboost|p2a: Soplapote|spa|1\n|-unboost|p2b: Slopapo|spa|1\n|\n|-heal|p2a: Soplapote|68\/100|[from] item: Leftovers\n|-fieldend|move: Trick Room\n|upkeep\n|turn|7\n|\n|t:|1683164238\n|move|p2b: Slopapo|Protect|p2b: Slopapo\n|-singleturn|p2b: Slopapo|Protect\n|move|p1a: Arcanine|Flare Blitz|p2a: Soplapote\n|-supereffective|p2a: Soplapote\n|-damage|p2a: Soplapote|31\/100\n|-damage|p1a: Arcanine|32\/100|[from] Recoil\n|move|p1b: Ting-Lu|Fissure|p2a: Soplapote\n|-damage|p2a: Soplapote|0 fnt\n|faint|p2a: Soplapote\n|-ohko\n|\n|upkeep\n|\n|t:|1683164260\n|switch|p2a: Metiche|Medicham, L50, M|100\/100\n|turn|8\n|\n|t:|1683164303\n|move|p2a: Metiche|Close Combat|p1b: Ting-Lu\n|-supereffective|p1b: Ting-Lu\n|-crit|p1b: Ting-Lu\n|-damage|p1b: Ting-Lu|0 fnt\n|-unboost|p2a: Metiche|def|1\n|-unboost|p2a: Metiche|spd|1\n|faint|p1b: Ting-Lu\n|move|p1a: Arcanine|Will-O-Wisp|p2a: Metiche\n|-status|p2a: Metiche|brn\n|move|p2b: Slopapo|Belch|p1a: Arcanine\n|-crit|p1a: Arcanine\n|-damage|p1a: Arcanine|0 fnt\n|faint|p1a: Arcanine\n|\n|-hint|Future Sight did not hit because the target is fainted.\n|-damage|p2a: Metiche|95\/100 brn|[from] brn\n|upkeep\n|\n|t:|1683164320\n|switch|p1a: Masquerain|Masquerain, L50, F, shiny|100\/100\n|-ability|p1a: Masquerain|Intimidate|boost\n|-unboost|p2a: Metiche|atk|1\n|-fail|p2b: Slopapo|unboost|Attack|[from] ability: Oblivious|[of] p2b: Slopapo\n|turn|9\n|\n|t:|1683164344\n|move|p2a: Metiche|Bullet Punch|p1a: Masquerain\n|-damage|p1a: Masquerain|94\/100\n|move|p1a: Masquerain|Quiver Dance|p1a: Masquerain\n|-boost|p1a: Masquerain|spa|1\n|-boost|p1a: Masquerain|spd|1\n|-boost|p1a: Masquerain|spe|1\n|move|p2b: Slopapo|Future Sight|p1a: Masquerain\n|-start|p2b: Slopapo|move: Future Sight\n|\n|-damage|p2a: Metiche|89\/100 brn|[from] brn\n|upkeep\n|turn|10\n|\n|t:|1683164393\n|switch|p2a: Tyranizilla|Tyranitar, L50, M|100\/100\n|-ability|p2a: Tyranizilla|Unnerve\n|move|p1a: Masquerain|Quiver Dance|p1a: Masquerain\n|-boost|p1a: Masquerain|spa|1\n|-boost|p1a: Masquerain|spd|1\n|-boost|p1a: Masquerain|spe|1\n|move|p2b: Slopapo|Trick Room|p2b: Slopapo\n|-fieldstart|move: Trick Room|[of] p2b: Slopapo\n|\n|upkeep\n|turn|11\n|\n|t:|1683164544\n|move|p2b: Slopapo|Belch|p1a: Masquerain\n|-damage|p1a: Masquerain|79\/100\n|move|p2a: Tyranizilla|Outrage|p1a: Masquerain\n|-damage|p1a: Masquerain|0 fnt\n|faint|p1a: Masquerain\n|\n|win|Asuma199\n","uploadtime":1683164570,"views":14,"p1id":"clavo0025","p2id":"asuma199","formatid":"gen9vgc2023regulationc","rating":0,"private":0,"password":""}