{"id":"gen9vgc2023regulationc-1845751813","p1":"Keveloper","p2":"muddyswamppert","format":"[Gen 9] VGC 2023 Regulation C","log":"|j|\u2606Keveloper\n|j|\u2606muddyswamppert\n|t:|1681761218\n|gametype|doubles\n|player|p1|Keveloper|ash|\n|player|p2|muddyswamppert|cynthia-gen4|\n|teamsize|p1|6\n|teamsize|p2|6\n|gen|9\n|tier|[Gen 9] VGC 2023 Regulation C\n|rule|Species Clause: Limit one of each Pok\u00e9mon\n|rule|Item Clause: Limit one of each item\n|clearpoke\n|poke|p1|Salamence, L50, F|\n|poke|p1|Amoonguss, L50, M|\n|poke|p1|Palafin, L50, M|\n|poke|p1|Ceruledge, L50, M|\n|poke|p1|Flutter Mane, L50|\n|poke|p1|Ting-Lu, L50|\n|poke|p2|Garchomp, L50, F|\n|poke|p2|Garganacl, L50, F|\n|poke|p2|Ceruledge, L50, M|\n|poke|p2|Amoonguss, L50, F|\n|poke|p2|Gyarados, L50, M|\n|poke|p2|Chien-Pao, L50|\n|teampreview|4\n|inactive|Battle timer is ON: inactive players will automatically lose when time's up. (requested by muddyswamppert)\n|c|\u2606muddyswamppert|glhf\nmuddyswamppert has agreed to open team sheets.\n|c|\u2606Keveloper|u2\nKeveloper has agreed to open team sheets.\n|c|\u2606muddyswamppert|btw hows the meeting going?\n|inactive|muddyswamppert has 60 seconds left.\n|c|\u2606muddyswamppert|if you mind telling\n|\n|t:|1681761262\n|start\n|switch|p1a: Palafin|Palafin, L50, M|100\/100\n|switch|p1b: Amoonguss|Amoonguss, L50, M|100\/100\n|switch|p2a: Chien-Pao|Chien-Pao, L50|100\/100\n|switch|p2b: Ceruledge|Ceruledge, L50, M|100\/100\n|-ability|p2a: Chien-Pao|Sword of Ruin\n|turn|1\n|c|\u2606Keveloper|it's a planning meeting so it's kind of like a lecture\n|c|\u2606Keveloper|I'm a new employee so I don't have to contribute much to the conversation\n|c|\u2606muddyswamppert|ah ok\n|inactive|Keveloper has 30 seconds left.\n|c|\u2606Keveloper|but I do need to be present and listen\n|inactive|Keveloper has 20 seconds left.\n|inactive|Keveloper has 15 seconds left.\n|\n|t:|1681761305\n|detailschange|p1a: Palafin|Palafin-Hero, L50, M\n|switch|p1a: Salamence|Salamence, L50, F|100\/100\n|-ability|p1a: Salamence|Intimidate|boost\n|-unboost|p2a: Chien-Pao|atk|1\n|-fail|p2b: Ceruledge|unboost|[from] item: Clear Amulet|[of] p2b: Ceruledge\n|switch|p1b: Ceruledge|Ceruledge, L50, M|100\/100\n|-terastallize|p2b: Ceruledge|Grass\n|move|p2a: Chien-Pao|Ice Spinner|p1b: Ceruledge\n|-resisted|p1b: Ceruledge\n|-damage|p1b: Ceruledge|78\/100\n|move|p2b: Ceruledge|Bulk Up|p2b: Ceruledge\n|-boost|p2b: Ceruledge|atk|1\n|-boost|p2b: Ceruledge|def|1\n|\n|upkeep\n|turn|2\n|c|\u2606muddyswamppert|less work but more notes\n|inactive|Keveloper has 30 seconds left.\n|\n|t:|1681761336\n|move|p2b: Ceruledge|Protect|p2b: Ceruledge\n|-singleturn|p2b: Ceruledge|Protect\n|move|p1b: Ceruledge|Shadow Sneak|p2a: Chien-Pao\n|-resisted|p2a: Chien-Pao\n|-damage|p2a: Chien-Pao|81\/100\n|-damage|p1b: Ceruledge|68\/100|[from] item: Life Orb\n|move|p1a: Salamence|Flamethrower|p2a: Chien-Pao\n|-supereffective|p2a: Chien-Pao\n|-damage|p2a: Chien-Pao|0 fnt\n|faint|p2a: Chien-Pao\n|\n|upkeep\n|\n|t:|1681761351\n|switch|p2a: Amoonguss|Amoonguss, L50, F|100\/100\n|turn|3\n|\n|t:|1681761371\n|switch|p1a: Amoonguss|Amoonguss, L50, M|100\/100\n|move|p1b: Ceruledge|Protect|p1b: Ceruledge\n|-singleturn|p1b: Ceruledge|Protect\n|move|p2a: Amoonguss|Rage Powder|p2a: Amoonguss\n|-singleturn|p2a: Amoonguss|move: Rage Powder\n|move|p2b: Ceruledge|Shadow Sneak|p1b: Ceruledge\n|-activate|p1b: Ceruledge|move: Protect\n|\n|upkeep\n|turn|4\n|\n|t:|1681761391\n|-terastallize|p1b: Ceruledge|Grass\n|move|p2a: Amoonguss|Rage Powder|p2a: Amoonguss\n|-singleturn|p2a: Amoonguss|move: Rage Powder\n|move|p1b: Ceruledge|Bitter Blade|p2a: Amoonguss\n|-supereffective|p2a: Amoonguss\n|-damage|p2a: Amoonguss|0 fnt\n|-heal|p1b: Ceruledge|100\/100|[from] drain|[of] p2a: Amoonguss\n|faint|p2a: Amoonguss\n|-damage|p1b: Ceruledge|91\/100|[from] item: Life Orb\n|move|p2b: Ceruledge|Bitter Blade|p1a: Amoonguss\n|-supereffective|p1a: Amoonguss\n|-enditem|p1a: Amoonguss|Occa Berry|[eat]\n|-enditem|p1a: Amoonguss|Occa Berry|[weaken]\n|-damage|p1a: Amoonguss|35\/100\n|move|p1a: Amoonguss|Pollen Puff|p2b: Ceruledge\n|-supereffective|p2b: Ceruledge\n|-damage|p2b: Ceruledge|66\/100\n|\n|upkeep\n|\n|t:|1681761395\n|switch|p2a: Gyarados|Gyarados, L50, M|100\/100\n|-ability|p2a: Gyarados|Intimidate|boost\n|-unboost|p1a: Amoonguss|atk|1\n|-unboost|p1b: Ceruledge|atk|1\n|turn|5\n|inactive|Keveloper has 30 seconds left.\n|\n|t:|1681761429\n|switch|p1a: Salamence|Salamence, L50, F|100\/100\n|-ability|p1a: Salamence|Intimidate|boost\n|-unboost|p2a: Gyarados|atk|1\n|-fail|p2b: Ceruledge|unboost|[from] item: Clear Amulet|[of] p2b: Ceruledge\n|move|p1b: Ceruledge|Close Combat|p2b: Ceruledge\n|-damage|p2b: Ceruledge|38\/100\n|-unboost|p1b: Ceruledge|def|1\n|-unboost|p1b: Ceruledge|spd|1\n|-damage|p1b: Ceruledge|81\/100|[from] item: Life Orb\n|move|p2a: Gyarados|Dragon Dance|p2a: Gyarados\n|-boost|p2a: Gyarados|atk|1\n|-boost|p2a: Gyarados|spe|1\n|move|p2b: Ceruledge|Bitter Blade|p1a: Salamence\n|-resisted|p1a: Salamence\n|-damage|p1a: Salamence|60\/100\n|-heal|p2b: Ceruledge|59\/100|[from] drain|[of] p1a: Salamence\n|\n|upkeep\n|turn|6\n|\n|t:|1681761453\n|switch|p1b: Palafin|Palafin-Hero, L50, M|100\/100\n|-activate|p1b: Palafin|ability: Zero to Hero\n|move|p1a: Salamence|Air Slash|p2b: Ceruledge\n|-supereffective|p2b: Ceruledge\n|-damage|p2b: Ceruledge|0 fnt\n|faint|p2b: Ceruledge\n|move|p2a: Gyarados|Ice Fang|p1a: Salamence\n|-supereffective|p1a: Salamence\n|-damage|p1a: Salamence|0 fnt\n|faint|p1a: Salamence\n|\n|upkeep\n|\n|t:|1681761473\n|switch|p1a: Amoonguss|Amoonguss, L50, M|68\/100\n|turn|7\n|\n|t:|1681761487\n|move|p1b: Palafin|Jet Punch|p2a: Gyarados\n|-resisted|p2a: Gyarados\n|-damage|p2a: Gyarados|67\/100\n|move|p2a: Gyarados|Ice Fang|p1a: Amoonguss|[miss]\n|-miss|p2a: Gyarados|p1a: Amoonguss\n|move|p1a: Amoonguss|Spore|p2a: Gyarados\n|-status|p2a: Gyarados|slp|[from] move: Spore\n|\n|upkeep\n|turn|8\n|\n|t:|1681761499\n|switch|p1a: Ceruledge|Ceruledge, L50, M, tera:Grass|81\/100\n|cant|p2a: Gyarados|slp\n|move|p1b: Palafin|Wave Crash|p2a: Gyarados\n|-resisted|p2a: Gyarados\n|-damage|p2a: Gyarados|9\/100 slp\n|-damage|p1b: Palafin|84\/100|[from] Recoil\n|\n|upkeep\n|turn|9\n|c|\u2606muddyswamppert|gg\n|\n|t:|1681761516\n|move|p1a: Ceruledge|Shadow Sneak|p2a: Gyarados\n|-damage|p2a: Gyarados|0 fnt\n|faint|p2a: Gyarados\n|-damage|p1a: Ceruledge|71\/100|[from] item: Life Orb\n|\n|win|Keveloper\n|c|\u2606Keveloper|gg\n","uploadtime":1681761522,"views":5,"p1id":"keveloper","p2id":"muddyswamppert","formatid":"gen9vgc2023regulationc","rating":0,"private":0,"password":""}