{"id":"gen9vgc2023regulationc-1846329229","p1":"manumanu15","p2":"Sotero23","format":"[Gen 9] VGC 2023 Regulation C","log":"|j|\u2606manumanu15\n|j|\u2606Sotero23\n|t:|1681832104\n|gametype|doubles\n|player|p1|manumanu15|265|1275\n|player|p2|Sotero23|266|1331\n|teamsize|p1|6\n|teamsize|p2|6\n|gen|9\n|tier|[Gen 9] VGC 2023 Regulation C\n|rated|\n|rule|Species Clause: Limit one of each Pok\u00e9mon\n|rule|Item Clause: Limit one of each item\n|clearpoke\n|poke|p1|Chi-Yu, L50|\n|poke|p1|Iron Jugulis, L50|\n|poke|p1|Flutter Mane, L50|\n|poke|p1|Annihilape, L50, F|\n|poke|p1|Maushold, L50|\n|poke|p1|Great Tusk, L50|\n|poke|p2|Scizor, L50, F|\n|poke|p2|Gothitelle, L50, M|\n|poke|p2|Chi-Yu, L50|\n|poke|p2|Dragonite, L50, F|\n|poke|p2|Amoonguss, L50, M|\n|poke|p2|Flutter Mane, L50|\n|teampreview|4\n|\n|t:|1681832168\n|start\n|switch|p1a: Annihilape|Annihilape, L50, F|100\/100\n|switch|p1b: Maushold|Maushold, L50|100\/100\n|switch|p2a: Flutter Mane|Flutter Mane, L50|100\/100\n|switch|p2b: Chi-Yu|Chi-Yu, L50|100\/100\n|-ability|p2b: Chi-Yu|Beads of Ruin\n|-enditem|p2a: Flutter Mane|Booster Energy\n|-activate|p2a: Flutter Mane|ability: Protosynthesis|[fromitem]\n|-start|p2a: Flutter Mane|protosynthesisspa\n|turn|1\n|\n|t:|1681832218\n|-terastallize|p1a: Annihilape|Fire\n|move|p1b: Maushold|Protect|p1b: Maushold\n|-singleturn|p1b: Maushold|Protect\n|move|p2b: Chi-Yu|Dark Pulse|p1a: Annihilape\n|-damage|p1a: Annihilape|62\/100\n|move|p2a: Flutter Mane|Shadow Ball|p1a: Annihilape\n|-damage|p1a: Annihilape|14\/100\n|move|p1a: Annihilape|Drain Punch|p2b: Chi-Yu\n|-supereffective|p2b: Chi-Yu\n|-damage|p2b: Chi-Yu|0 fnt\n|-heal|p1a: Annihilape|45\/100|[from] drain|[of] p2b: Chi-Yu\n|faint|p2b: Chi-Yu\n|\n|-heal|p1a: Annihilape|51\/100|[from] item: Leftovers\n|upkeep\n|\n|t:|1681832230\n|switch|p2b: Amoonguss|Amoonguss, L50, M|100\/100\n|turn|2\n|\n|t:|1681832246\n|-terastallize|p2a: Flutter Mane|Fairy\n|move|p1a: Annihilape|Protect|p1a: Annihilape\n|-singleturn|p1a: Annihilape|Protect\n|move|p2b: Amoonguss|Rage Powder|p2b: Amoonguss\n|-singleturn|p2b: Amoonguss|move: Rage Powder\n|move|p2a: Flutter Mane|Dazzling Gleam|p1b: Maushold|[spread] p1b\n|-activate|p1a: Annihilape|move: Protect\n|-damage|p1b: Maushold|30\/100\n|move|p1b: Maushold|Super Fang|p2b: Amoonguss\n|-damage|p2b: Amoonguss|50\/100\n|-enditem|p2b: Amoonguss|Sitrus Berry|[eat]\n|-heal|p2b: Amoonguss|75\/100|[from] item: Sitrus Berry\n|\n|-heal|p1a: Annihilape|57\/100|[from] item: Leftovers\n|upkeep\n|turn|3\n|\n|t:|1681832281\n|move|p1b: Maushold|Protect|p1b: Maushold\n|-singleturn|p1b: Maushold|Protect\n|move|p2b: Amoonguss|Rage Powder|p2b: Amoonguss\n|-singleturn|p2b: Amoonguss|move: Rage Powder\n|move|p2a: Flutter Mane|Dazzling Gleam|p1b: Maushold|[spread] p1a\n|-activate|p1b: Maushold|move: Protect\n|-resisted|p1a: Annihilape\n|-damage|p1a: Annihilape|37\/100\n|move|p1a: Annihilape|Rage Fist|p2b: Amoonguss\n|-damage|p2b: Amoonguss|6\/100\n|\n|-heal|p1a: Annihilape|43\/100|[from] item: Leftovers\n|upkeep\n|turn|4\n|\n|t:|1681832314\n|move|p1a: Annihilape|Protect|p1a: Annihilape\n|-singleturn|p1a: Annihilape|Protect\n|move|p2b: Amoonguss|Rage Powder|p2b: Amoonguss\n|-singleturn|p2b: Amoonguss|move: Rage Powder\n|move|p2a: Flutter Mane|Dazzling Gleam|p1a: Annihilape|[spread] p1b\n|-activate|p1a: Annihilape|move: Protect\n|-damage|p1b: Maushold|0 fnt\n|faint|p1b: Maushold\n|\n|-heal|p1a: Annihilape|49\/100|[from] item: Leftovers\n|upkeep\n|\n|t:|1681832333\n|switch|p1b: Iron Jugulis|Iron Jugulis, L50, shiny|100\/100\n|-enditem|p1b: Iron Jugulis|Booster Energy\n|-activate|p1b: Iron Jugulis|ability: Quark Drive|[fromitem]\n|-start|p1b: Iron Jugulis|quarkdrivespe\n|turn|5\n|\n|t:|1681832364\n|move|p2b: Amoonguss|Protect|p2b: Amoonguss\n|-singleturn|p2b: Amoonguss|Protect\n|move|p1b: Iron Jugulis|Tailwind|p1b: Iron Jugulis\n|-sidestart|p1: manumanu15|move: Tailwind\n|move|p1a: Annihilape|Rage Fist|p2b: Amoonguss\n|-activate|p2b: Amoonguss|move: Protect\n|move|p2a: Flutter Mane|Shadow Ball|p1a: Annihilape\n|-damage|p1a: Annihilape|3\/100\n|\n|-heal|p1a: Annihilape|9\/100|[from] item: Leftovers\n|upkeep\n|turn|6\n|\n|t:|1681832391\n|move|p2a: Flutter Mane|Protect|p2a: Flutter Mane\n|-singleturn|p2a: Flutter Mane|Protect\n|move|p1b: Iron Jugulis|Air Slash|p2b: Amoonguss\n|-supereffective|p2b: Amoonguss\n|-damage|p2b: Amoonguss|0 fnt\n|faint|p2b: Amoonguss\n|move|p1a: Annihilape|Rage Fist|p2a: Flutter Mane\n|-activate|p2a: Flutter Mane|move: Protect\n|\n|-heal|p1a: Annihilape|15\/100|[from] item: Leftovers\n|upkeep\n|\n|t:|1681832395\n|switch|p2b: Scizor|Scizor, L50, F|100\/100\n|turn|7\n|\n|t:|1681832425\n|move|p2b: Scizor|Bullet Punch|p1a: Annihilape\n|-resisted|p1a: Annihilape\n|-damage|p1a: Annihilape|0 fnt\n|faint|p1a: Annihilape\n|move|p1b: Iron Jugulis|Air Slash|p2b: Scizor\n|-damage|p2b: Scizor|65\/100\n|move|p2a: Flutter Mane|Dazzling Gleam|p1b: Iron Jugulis\n|-supereffective|p1b: Iron Jugulis\n|-damage|p1b: Iron Jugulis|0 fnt\n|faint|p1b: Iron Jugulis\n|-end|p1b: Iron Jugulis|Quark Drive|[silent]\n|\n|upkeep\n|\n|t:|1681832432\n|switch|p1b: Flutter Mane|Flutter Mane, L50|100\/100\n|turn|8\n|-message|manumanu15 forfeited.\n|\n|win|Sotero23\n|raw|manumanu15's rating: 1275 → 1254<\/strong> (-21 for losing)\n|raw|Sotero23's rating: 1331 → 1348<\/strong> (+17 for winning)\n|l|\u2606manumanu15\n","uploadtime":1681832439,"views":7,"p1id":"manumanu15","p2id":"sotero23","formatid":"gen9vgc2023regulationc","rating":1254,"private":0,"password":""}