{"id":"gen9vgc2023regulationc-1849092294","p1":"gbfgfgr5","p2":"RichBoyXoyd2","format":"[Gen 9] VGC 2023 Regulation C","log":"|j|\u2606gbfgfgr5\n|j|\u2606RichBoyXoyd2\n|t:|1682153804\n|gametype|doubles\n|player|p1|gbfgfgr5|102|1114\n|player|p2|RichBoyXoyd2|richboy-gen4|1077\n|teamsize|p1|6\n|teamsize|p2|6\n|gen|9\n|tier|[Gen 9] VGC 2023 Regulation C\n|rated|\n|rule|Species Clause: Limit one of each Pok\u00e9mon\n|rule|Item Clause: Limit one of each item\n|clearpoke\n|poke|p1|Torkoal, L50, M|\n|poke|p1|Chi-Yu, L50|\n|poke|p1|Bronzong, L50|\n|poke|p1|Gastrodon, L50, M|\n|poke|p1|Grimmsnarl, L50, M|\n|poke|p1|Skeledirge, L50, F|\n|poke|p2|Torkoal, L50, M|\n|poke|p2|Flutter Mane, L50|\n|poke|p2|Chi-Yu, L50|\n|poke|p2|Great Tusk, L50|\n|poke|p2|Lilligant, L50, F|\n|poke|p2|Dragonite, L50, F|\n|teampreview|4\nRichBoyXoyd2 rejected open team sheets.\n|inactive|Battle timer is ON: inactive players will automatically lose when time's up. (requested by RichBoyXoyd2)\n|inactive|RichBoyXoyd2 has 60 seconds left.\n|\n|t:|1682153853\n|start\n|switch|p1a: Chi-Yu|Chi-Yu, L50|100\/100\n|switch|p1b: Grimmsnarl|Grimmsnarl, L50, M|100\/100\n|switch|p2a: Torkoal|Torkoal, L50, M|100\/100\n|switch|p2b: Flutter Mane|Flutter Mane, L50|100\/100\n|-ability|p1a: Chi-Yu|Beads of Ruin\n|-weather|SunnyDay|[from] ability: Drought|[of] p2a: Torkoal\n|-activate|p2b: Flutter Mane|ability: Protosynthesis\n|-start|p2b: Flutter Mane|protosynthesisspe\n|turn|1\n|inactive|gbfgfgr5 has 30 seconds left.\n|inactive|RichBoyXoyd2 has 30 seconds left.\n|\n|t:|1682153887\n|move|p1a: Chi-Yu|Protect|p1a: Chi-Yu\n|-singleturn|p1a: Chi-Yu|Protect\n|move|p2a: Torkoal|Protect|p2a: Torkoal\n|-singleturn|p2a: Torkoal|Protect\n|move|p1b: Grimmsnarl|Trick|p2b: Flutter Mane\n|-activate|p1b: Grimmsnarl|move: Trick|[of] p2b: Flutter Mane\n|-item|p2b: Flutter Mane|Lagging Tail|[from] move: Trick\n|-item|p1b: Grimmsnarl|Choice Specs|[from] move: Trick\n|move|p2b: Flutter Mane|Moonblast|p1a: Chi-Yu\n|-activate|p1a: Chi-Yu|move: Protect\n|\n|-weather|SunnyDay|[upkeep]\n|upkeep\n|turn|2\n|inactive|RichBoyXoyd2 has 30 seconds left.\n|\n|t:|1682153917\n|move|p1a: Chi-Yu|Snarl|p2a: Torkoal|[spread] p2a,p2b\n|-damage|p2a: Torkoal|67\/100\n|-damage|p2b: Flutter Mane|75\/100\n|-unboost|p2a: Torkoal|spa|1\n|-unboost|p2b: Flutter Mane|spa|1\n|move|p1b: Grimmsnarl|Spirit Break|p2b: Flutter Mane\n|-damage|p2b: Flutter Mane|0 fnt\n|faint|p2b: Flutter Mane\n|-end|p2b: Flutter Mane|Protosynthesis|[silent]\n|move|p2a: Torkoal|Earth Power|p1a: Chi-Yu\n|-supereffective|p1a: Chi-Yu\n|-damage|p1a: Chi-Yu|65\/100\n|-unboost|p1a: Chi-Yu|spd|1\n|\n|-weather|SunnyDay|[upkeep]\n|upkeep\n|\n|t:|1682153940\n|switch|p2b: Lilligant|Lilligant, L50, F|100\/100\n|turn|3\n|inactive|RichBoyXoyd2 has 30 seconds left.\n|\n|t:|1682153966\n|-terastallize|p2a: Torkoal|Fire\n|move|p1a: Chi-Yu|Protect|p1a: Chi-Yu\n|-singleturn|p1a: Chi-Yu|Protect\n|move|p2b: Lilligant|After You|p2a: Torkoal\n|-activate|p2a: Torkoal|move: After You\n|move|p2a: Torkoal|Eruption|p1a: Chi-Yu|[spread] p1b\n|-activate|p1a: Chi-Yu|move: Protect\n|-damage|p1b: Grimmsnarl|27\/100\n|move|p1b: Grimmsnarl|Spirit Break|p2b: Lilligant\n|-damage|p2b: Lilligant|39\/100\n|-unboost|p2b: Lilligant|spa|1\n|\n|-weather|SunnyDay|[upkeep]\n|upkeep\n|turn|4\n|inactive|gbfgfgr5 has 30 seconds left.\n|\n|t:|1682153994\n|switch|p1a: Skeledirge|Skeledirge, L50, F|100\/100\n|move|p2b: Lilligant|Sleep Powder|p1b: Grimmsnarl\n|-status|p1b: Grimmsnarl|slp|[from] move: Sleep Powder\n|cant|p1b: Grimmsnarl|slp\n|move|p2a: Torkoal|Earth Power|p1a: Skeledirge\n|-supereffective|p1a: Skeledirge\n|-damage|p1a: Skeledirge|62\/100\n|\n|-weather|SunnyDay|[upkeep]\n|-heal|p1a: Skeledirge|68\/100|[from] item: Leftovers\n|upkeep\n|turn|5\n|inactive|RichBoyXoyd2 has 30 seconds left.\n|\n|t:|1682154026\n|switch|p1b: Chi-Yu|Chi-Yu, L50|65\/100\n|-ability|p1b: Chi-Yu|Beads of Ruin\n|move|p1a: Skeledirge|Protect|p1a: Skeledirge\n|-singleturn|p1a: Skeledirge|Protect\n|move|p2b: Lilligant|After You|p2a: Torkoal\n|-activate|p2a: Torkoal|move: After You\n|move|p2a: Torkoal|Earth Power|p1a: Skeledirge\n|-activate|p1a: Skeledirge|move: Protect\n|\n|-weather|none\n|-heal|p1a: Skeledirge|73\/100|[from] item: Leftovers\n|upkeep\n|turn|6\n|inactive|gbfgfgr5 has 30 seconds left.\n|inactive|RichBoyXoyd2 has 30 seconds left.\n|\n|t:|1682154058\n|move|p1b: Chi-Yu|Substitute|p1b: Chi-Yu\n|-start|p1b: Chi-Yu|Substitute\n|-damage|p1b: Chi-Yu|41\/100\n|move|p2b: Lilligant|After You|p2a: Torkoal\n|-activate|p2a: Torkoal|move: After You\n|move|p2a: Torkoal|Earth Power|p1a: Skeledirge\n|-supereffective|p1a: Skeledirge\n|-damage|p1a: Skeledirge|25\/100\n|move|p1a: Skeledirge|Torch Song|p2a: Torkoal\n|-resisted|p2a: Torkoal\n|-damage|p2a: Torkoal|10\/100\n|-boost|p1a: Skeledirge|spa|1\n|\n|-heal|p1a: Skeledirge|31\/100|[from] item: Leftovers\n|upkeep\n|turn|7\n|\n|t:|1682154077\n|move|p1a: Skeledirge|Protect|p1a: Skeledirge\n|-singleturn|p1a: Skeledirge|Protect\n|move|p1b: Chi-Yu|Snarl|p2b: Lilligant|[spread] p2a,p2b\n|-damage|p2a: Torkoal|0 fnt\n|-damage|p2b: Lilligant|4\/100\n|-unboost|p2b: Lilligant|spa|1\n|faint|p2a: Torkoal\n|move|p2b: Lilligant|After You|p2: Torkoal|[notarget]\n|-fail|p2b: Lilligant\n|\n|-heal|p1a: Skeledirge|37\/100|[from] item: Leftovers\n|upkeep\n|inactive|RichBoyXoyd2 has 30 seconds left.\n|\n|t:|1682154102\n|switch|p2a: Dragonite|Dragonite, L50, F|100\/100\n|turn|8\n|inactive|RichBoyXoyd2 has 30 seconds left.\n|\n|t:|1682154137\n|-terastallize|p1b: Chi-Yu|Ghost\n|move|p2a: Dragonite|Extreme Speed|p1a: Skeledirge\n|-immune|p1a: Skeledirge\n|move|p1b: Chi-Yu|Snarl|p2a: Dragonite|[spread] p2a,p2b\n|-damage|p2a: Dragonite|90\/100\n|-damage|p2b: Lilligant|0 fnt\n|-unboost|p2a: Dragonite|spa|1\n|faint|p2b: Lilligant\n|move|p1a: Skeledirge|Encore|p2a: Dragonite\n|-start|p2a: Dragonite|Encore\n|\n|-heal|p1a: Skeledirge|43\/100|[from] item: Leftovers\n|upkeep\n|turn|9\n|inactive|RichBoyXoyd2 has 30 seconds left.\n|\n|t:|1682154165\n|move|p2a: Dragonite|Extreme Speed|p1b: Chi-Yu\n|-immune|p1b: Chi-Yu\n|move|p1b: Chi-Yu|Snarl|p2a: Dragonite\n|-damage|p2a: Dragonite|57\/100\n|-unboost|p2a: Dragonite|spa|1\n|move|p1a: Skeledirge|Torch Song|p2a: Dragonite\n|-resisted|p2a: Dragonite\n|-damage|p2a: Dragonite|21\/100\n|-boost|p1a: Skeledirge|spa|1\n|\n|-heal|p1a: Skeledirge|48\/100|[from] item: Leftovers\n|upkeep\n|turn|10\n|-message|RichBoyXoyd2 forfeited.\n|\n|win|gbfgfgr5\n|raw|gbfgfgr5's rating: 1114 → 1136<\/strong> (+22 for winning)\n|raw|RichBoyXoyd2's rating: 1077 → 1058<\/strong> (-19 for losing)\n|l|\u2606RichBoyXoyd2\n","uploadtime":1682154184,"views":10,"p1id":"gbfgfgr5","p2id":"richboyxoyd2","formatid":"gen9vgc2023regulationc","rating":1058,"private":0,"password":""}