{"id":"gen9vgc2023regulationc-1846986328","p1":"ArnavChawla","p2":"yungwasser","format":"[Gen 9] VGC 2023 Regulation C","log":"|j|\u2606ArnavChawla\n|j|\u2606yungwasser\n|t:|1681909123\n|gametype|doubles\n|player|p1|ArnavChawla|ingo|\n|player|p2|yungwasser|larry|\n|teamsize|p1|6\n|teamsize|p2|6\n|gen|9\n|tier|[Gen 9] VGC 2023 Regulation C\n|rated|Tournament battle\n|rule|Species Clause: Limit one of each Pok\u00e9mon\n|rule|Item Clause: Limit one of each item\n|clearpoke\n|poke|p1|Ting-Lu, L50|\n|poke|p1|Arcanine, L50, F|\n|poke|p1|Chien-Pao, L50|\n|poke|p1|Amoonguss, L50, M|\n|poke|p1|Kingambit, L50, M|\n|poke|p1|Flutter Mane, L50|\n|poke|p2|Annihilape, L50, F|\n|poke|p2|Maushold-Four, L50|\n|poke|p2|Iron Bundle, L50|\n|poke|p2|Arcanine, L50, F|\n|poke|p2|Roaring Moon, L50|\n|poke|p2|Gholdengo, L50|\n|teampreview|4\n|raw| Open Team Sheet for ArnavChawla<\/summary>Ting-Lu @ Leftovers Ability: Vessel of Ruin Level: 50 Tera Type: Water - Body Press - Protect - Heavy Slam - Ruination Arcanine @ Safety Goggles Ability: Intimidate Level: 50 Tera Type: Grass - Flare Blitz - Will-O-Wisp - Protect - Extreme Speed Chien-Pao @ Focus Sash Ability: Sword of Ruin Level: 50 Tera Type: Ghost - Icicle Crash - Sacred Sword - Sucker Punch - Protect Amoonguss @ Rocky Helmet Ability: Regenerator Level: 50 Tera Type: Fire - Pollen Puff - Rage Powder - Protect - Spore Kingambit @ Assault Vest Ability: Defiant Level: 50 Tera Type: Fairy - Kowtow Cleave - Sucker Punch - Tera Blast - Iron Head Flutter Mane @ Choice Specs Ability: Protosynthesis Level: 50 Tera Type: Fairy - Shadow Ball - Dazzling Gleam - Psyshock - Thunderbolt <\/details><\/div> Open Team Sheet for yungwasser<\/summary>Annihilape @ Sitrus Berry Ability: Defiant Level: 50 Tera Type: Water - Drain Punch - Bulk Up - Rage Fist - Protect Maushold (Maushold-Four) @ Safety Goggles Ability: Friend Guard Level: 50 Tera Type: Ghost - Follow Me - Beat Up - Super Fang - Protect Iron Bundle @ Covert Cloak Ability: Quark Drive Level: 50 Tera Type: Ghost - Freeze-Dry - Encore - Icy Wind - Protect Arcanine @ Assault Vest Ability: Intimidate Level: 50 Tera Type: Grass - Flare Blitz - Extreme Speed - Snarl - Close Combat Roaring Moon @ Booster Energy Ability: Protosynthesis Level: 50 Tera Type: Flying - Acrobatics - Breaking Swipe - Tailwind - Protect Gholdengo @ Leftovers Ability: Good as Gold Level: 50 Tera Type: Water - Make It Rain - Shadow Ball - Nasty Plot - Protect <\/details><\/div>\n|inactive|Battle timer is ON: inactive players will automatically lose when time's up. (requested by ArnavChawla)\n|j| khyper\n|j| FrostillVGC\n|j| Camitest\n|\n|t:|1681909142\n|start\n|switch|p1a: Flutter Mane|Flutter Mane, L50|100\/100\n|switch|p1b: Amoonguss|Amoonguss, L50, M|100\/100\n|switch|p2a: Maushold|Maushold-Four, L50|100\/100\n|switch|p2b: Gholdengo|Gholdengo, L50|100\/100\n|turn|1\n|\n|t:|1681909159\n|move|p2a: Maushold|Follow Me|p2a: Maushold\n|-singleturn|p2a: Maushold|move: Follow Me\n|move|p1a: Flutter Mane|Shadow Ball|p2a: Maushold\n|-immune|p2a: Maushold\n|move|p2b: Gholdengo|Nasty Plot|p2b: Gholdengo\n|-boost|p2b: Gholdengo|spa|2\n|move|p1b: Amoonguss|Pollen Puff|p2a: Maushold\n|-damage|p2a: Maushold|84\/100\n|\n|upkeep\n|turn|2\n|j| sadgirl23\n|l| sadgirl23\n|inactive|yungwasser has 30 seconds left.\n|inactive|yungwasser has 20 seconds left.\n|inactive|yungwasser has 15 seconds left.\n|\n|t:|1681909203\n|-end|p1a: Flutter Mane|Protosynthesis|[silent]\n|switch|p1a: Kingambit|Kingambit, L50, M|100\/100\n|-terastallize|p1b: Amoonguss|Fire\n|move|p2a: Maushold|Super Fang|p1b: Amoonguss\n|-damage|p1b: Amoonguss|51\/100\n|-damage|p2a: Maushold|67\/100|[from] item: Rocky Helmet|[of] p1b: Amoonguss\n|move|p2b: Gholdengo|Make It Rain|p1a: Kingambit|[spread] p1a,p1b\n|-resisted|p1a: Kingambit\n|-resisted|p1b: Amoonguss\n|-damage|p1a: Kingambit|72\/100\n|-damage|p1b: Amoonguss|11\/100\n|-unboost|p2b: Gholdengo|spa|1\n|move|p1b: Amoonguss|Spore|p2a: Maushold\n|-activate|p2a: Maushold|item: Safety Goggles|Spore\n|\n|upkeep\n|turn|3\n|\n|t:|1681909224\n|move|p1b: Amoonguss|Protect|p1b: Amoonguss\n|-singleturn|p1b: Amoonguss|Protect\n|move|p2a: Maushold|Super Fang|p1a: Kingambit\n|-damage|p1a: Kingambit|37\/100\n|move|p2b: Gholdengo|Make It Rain|p1b: Amoonguss|[spread] p1a\n|-activate|p1b: Amoonguss|move: Protect\n|-resisted|p1a: Kingambit\n|-damage|p1a: Kingambit|15\/100\n|-unboost|p2b: Gholdengo|spa|1\n|move|p1a: Kingambit|Kowtow Cleave|p2b: Gholdengo\n|-supereffective|p2b: Gholdengo\n|-damage|p2b: Gholdengo|33\/100\n|\n|-heal|p2b: Gholdengo|39\/100|[from] item: Leftovers\n|upkeep\n|turn|4\n|\n|t:|1681909244\n|switch|p2a: Annihilape|Annihilape, L50, F|100\/100\n|switch|p1b: Chien-Pao|Chien-Pao, L50|100\/100\n|-ability|p1b: Chien-Pao|Sword of Ruin\n|move|p2b: Gholdengo|Shadow Ball|p1b: Chien-Pao\n|-resisted|p1b: Chien-Pao\n|-damage|p1b: Chien-Pao|68\/100\n|-unboost|p1b: Chien-Pao|spd|1\n|move|p1a: Kingambit|Kowtow Cleave|p2a: Annihilape\n|-damage|p2a: Annihilape|30\/100\n|-enditem|p2a: Annihilape|Sitrus Berry|[eat]\n|-heal|p2a: Annihilape|55\/100|[from] item: Sitrus Berry\n|\n|-heal|p2b: Gholdengo|45\/100|[from] item: Leftovers\n|upkeep\n|turn|5\n|j| sadgirl23\n|l| sadgirl23\n|inactive|ArnavChawla has 30 seconds left.\n|inactive|yungwasser has 30 seconds left.\n|inactive|ArnavChawla has 20 seconds left.\n|j| Moniiim\n|inactive|ArnavChawla has 15 seconds left.\n|inactive|ArnavChawla has 10 seconds left.\n|inactive|ArnavChawla has 5 seconds left.\n|\n|t:|1681909299\n|switch|p2b: Maushold|Maushold-Four, L50|67\/100\n|-terastallize|p2a: Annihilape|Water\n|move|p1b: Chien-Pao|Icicle Crash|p2b: Maushold|[miss]\n|-miss|p1b: Chien-Pao|p2b: Maushold\n|move|p2a: Annihilape|Drain Punch|p1b: Chien-Pao\n|-supereffective|p1b: Chien-Pao\n|-damage|p1b: Chien-Pao|0 fnt\n|-heal|p2a: Annihilape|80\/100|[from] drain|[of] p1b: Chien-Pao\n|faint|p1b: Chien-Pao\n|move|p1a: Kingambit|Kowtow Cleave|p2a: Annihilape\n|-damage|p2a: Annihilape|40\/100\n|\n|upkeep\n|\n|t:|1681909306\n|switch|p1b: Amoonguss|Amoonguss, L50, M, tera:Fire|44\/100\n|turn|6\n|\n|t:|1681909318\n|move|p2b: Maushold|Follow Me|p2b: Maushold\n|-singleturn|p2b: Maushold|move: Follow Me\n|move|p1a: Kingambit|Sucker Punch||[still]\n|-fail|p1a: Kingambit\n|move|p2a: Annihilape|Rage Fist|p1b: Amoonguss\n|-crit|p1b: Amoonguss\n|-damage|p1b: Amoonguss|0 fnt\n|-damage|p2a: Annihilape|24\/100|[from] item: Rocky Helmet|[of] p1b: Amoonguss\n|faint|p1b: Amoonguss\n|\n|upkeep\n|\n|t:|1681909339\n|switch|p1b: Flutter Mane|Flutter Mane, L50|100\/100\n|turn|7\n|\n|t:|1681909348\n|move|p2b: Maushold|Follow Me|p2b: Maushold\n|-singleturn|p2b: Maushold|move: Follow Me\n|move|p1b: Flutter Mane|Dazzling Gleam|p2a: Annihilape|[spread] p2a,p2b\n|-damage|p2a: Annihilape|0 fnt\n|-damage|p2b: Maushold|24\/100\n|faint|p2a: Annihilape\n|move|p1a: Kingambit|Kowtow Cleave|p2b: Maushold\n|-damage|p2b: Maushold|0 fnt\n|faint|p2b: Maushold\n|\n|upkeep\n|j| FunneeMonkee\n|\n|t:|1681909352\n|switch|p2b: Gholdengo|Gholdengo, L50|45\/100\n|switch|p2a: Iron Bundle|Iron Bundle, L50|100\/100\n|turn|8\n|\n|t:|1681909362\n|move|p1a: Kingambit|Sucker Punch|p2b: Gholdengo\n|-supereffective|p2b: Gholdengo\n|-damage|p2b: Gholdengo|0 fnt\n|faint|p2b: Gholdengo\n|move|p2a: Iron Bundle|Icy Wind|p1a: Kingambit|[spread] p1a,p1b\n|-resisted|p1a: Kingambit\n|-damage|p1a: Kingambit|10\/100\n|-damage|p1b: Flutter Mane|83\/100\n|-unboost|p1a: Kingambit|spe|1\n|-ability|p1a: Kingambit|Defiant|boost\n|-boost|p1a: Kingambit|atk|2\n|-unboost|p1b: Flutter Mane|spe|1\n|move|p1b: Flutter Mane|Dazzling Gleam|p2a: Iron Bundle\n|-damage|p2a: Iron Bundle|0 fnt\n|faint|p2a: Iron Bundle\n|-end|p2a: Iron Bundle|Quark Drive|[silent]\n|\n|win|ArnavChawla\n|n|\u2606ArnavChawla|arnavchawla\n|n|\u2606yungwasser|yungwasser\n|n| khyper|khyper\n|n| FrostillVGC|frostillvgc\n|n| Camitest|camitest\n|n| Moniiim|moniiim\n|n| FunneeMonkee|funneemonkee\n","uploadtime":1681909363,"views":5,"p1id":"arnavchawla","p2id":"yungwasser","formatid":"gen9vgc2023regulationc","rating":0,"private":0,"password":""}