{"id":"gen9vgc2023regulationc-1857002676","p1":"Mikeypipebomb","p2":"Bolo01","format":"[Gen 9] VGC 2023 Regulation C","log":"|j|\u2606Mikeypipebomb\n|j|\u2606Bolo01\n|t:|1683135536\n|gametype|doubles\n|player|p1|Mikeypipebomb|n|1337\n|player|p2|Bolo01|101|1357\n|teamsize|p1|6\n|teamsize|p2|6\n|gen|9\n|tier|[Gen 9] VGC 2023 Regulation C\n|rated|\n|rule|Species Clause: Limit one of each Pok\u00e9mon\n|rule|Item Clause: Limit one of each item\n|clearpoke\n|poke|p1|Flutter Mane, L50|\n|poke|p1|Chi-Yu, L50|\n|poke|p1|Roaring Moon, L50|\n|poke|p1|Jumpluff, L50, M|\n|poke|p1|Wo-Chien, L50|\n|poke|p1|Torkoal, L50, M|\n|poke|p2|Chien-Pao, L50|\n|poke|p2|Garchomp, L50, F|\n|poke|p2|Annihilape, L50, M|\n|poke|p2|Tinkaton, L50, F|\n|poke|p2|Kingambit, L50, F|\n|poke|p2|Honchkrow, L50, F|\n|teampreview|4\nBolo01 has agreed to open team sheets.\n|\n|t:|1683135575\n|start\n|switch|p1a: Flutter Mane|Flutter Mane, L50|100\/100\n|switch|p1b: Wo-Chien|Wo-Chien, L50|100\/100\n|switch|p2a: Annihilape|Annihilape, L50, M|100\/100\n|switch|p2b: Garchomp|Garchomp, L50, F|100\/100\n|-ability|p1b: Wo-Chien|Tablets of Ruin\n|turn|1\n|inactive|Battle timer is ON: inactive players will automatically lose when time's up. (requested by Mikeypipebomb)\n|\n|t:|1683135601\n|-terastallize|p1a: Flutter Mane|Grass\n|move|p2b: Garchomp|Protect|p2b: Garchomp\n|-singleturn|p2b: Garchomp|Protect\n|move|p2a: Annihilape|Bulk Up|p2a: Annihilape\n|-boost|p2a: Annihilape|atk|1\n|-boost|p2a: Annihilape|def|1\n|move|p1b: Wo-Chien|Leaf Storm|p2a: Annihilape\n|-damage|p2a: Annihilape|44\/100\n|-unboost|p1b: Wo-Chien|spa|2\n|-enditem|p1b: Wo-Chien|Eject Pack\n|\n|t:|1683135612\n|switch|p1b: Torkoal|Torkoal, L50, M|100\/100\n|-weather|SunnyDay|[from] ability: Drought|[of] p1b: Torkoal\n|-activate|p1a: Flutter Mane|ability: Protosynthesis\n|-start|p1a: Flutter Mane|protosynthesisspa\n|move|p1a: Flutter Mane|Trick Room|p1a: Flutter Mane\n|-fieldstart|move: Trick Room|[of] p1a: Flutter Mane\n|\n|-weather|SunnyDay|[upkeep]\n|-heal|p2a: Annihilape|50\/100|[from] item: Leftovers\n|upkeep\n|turn|2\n|\n|t:|1683135629\n|-terastallize|p2a: Annihilape|Fire\n|move|p1b: Torkoal|Eruption|p2b: Garchomp|[spread] p2a,p2b\n|-resisted|p2a: Annihilape\n|-resisted|p2b: Garchomp\n|-damage|p2a: Annihilape|6\/100\n|-damage|p2b: Garchomp|41\/100\n|move|p1a: Flutter Mane|Dazzling Gleam|p2b: Garchomp|[spread] p2a,p2b\n|-resisted|p2a: Annihilape\n|-supereffective|p2b: Garchomp\n|-damage|p2a: Annihilape|0 fnt\n|-damage|p2b: Garchomp|0 fnt\n|faint|p2a: Annihilape\n|faint|p2b: Garchomp\n|\n|-weather|SunnyDay|[upkeep]\n|upkeep\n|\n|t:|1683135652\n|switch|p2a: Kingambit|Kingambit, L50, F|100\/100\n|switch|p2b: Jambaoleopard|Chien-Pao, L50|100\/100\n|-ability|p2b: Jambaoleopard|Sword of Ruin\n|turn|3\n|\n|t:|1683135660\n|move|p2a: Kingambit|Sucker Punch|p1b: Torkoal\n|-damage|p1b: Torkoal|56\/100\n|move|p2b: Jambaoleopard|Sucker Punch|p1b: Torkoal\n|-damage|p1b: Torkoal|20\/100\n|move|p1b: Torkoal|Eruption|p2a: Kingambit|[spread] p2a,p2b\n|-supereffective|p2a: Kingambit\n|-supereffective|p2b: Jambaoleopard\n|-damage|p2a: Kingambit|72\/100\n|-damage|p2b: Jambaoleopard|37\/100\n|move|p1a: Flutter Mane|Substitute|p1a: Flutter Mane\n|-start|p1a: Flutter Mane|Substitute\n|-damage|p1a: Flutter Mane|76\/100\n|\n|-weather|SunnyDay|[upkeep]\n|upkeep\n|turn|4\n|\n|t:|1683135677\n|switch|p1b: Wo-Chien|Wo-Chien, L50|100\/100\n|-ability|p1b: Wo-Chien|Tablets of Ruin\n|move|p2b: Jambaoleopard|Sucker Punch||[still]\n|-fail|p2b: Jambaoleopard\n|move|p1a: Flutter Mane|Dazzling Gleam|p2b: Jambaoleopard|[spread] p2a,p2b\n|-supereffective|p2b: Jambaoleopard\n|-damage|p2a: Kingambit|46\/100\n|-damage|p2b: Jambaoleopard|0 fnt\n|faint|p2b: Jambaoleopard\n|move|p2a: Kingambit|Kowtow Cleave|p1a: Flutter Mane\n|-end|p1a: Flutter Mane|Substitute\n|\n|-weather|SunnyDay|[upkeep]\n|upkeep\n|turn|5\n|\n|t:|1683135691\n|move|p1a: Flutter Mane|Dazzling Gleam|p2a: Kingambit\n|-damage|p2a: Kingambit|17\/100\n|move|p1b: Wo-Chien|Leaf Storm|p2a: Kingambit\n|-resisted|p2a: Kingambit\n|-damage|p2a: Kingambit|0 fnt\n|-unboost|p1b: Wo-Chien|spa|2\n|faint|p2a: Kingambit\n|\n|win|Mikeypipebomb\n|raw|Mikeypipebomb's rating: 1337 → 1358<\/strong> (+21 for winning)\n|raw|Bolo01's rating: 1357 → 1336<\/strong> (-21 for losing)\n","uploadtime":1683135708,"views":17,"p1id":"mikeypipebomb","p2id":"bolo01","formatid":"gen9vgc2023regulationc","rating":1336,"private":0,"password":""}