{"id":"gen9vgc2023regulationc-1845744032","p1":"Keveloper","p2":"muddyswamppert","format":"[Gen 9] VGC 2023 Regulation C","log":"|j|\u2606Keveloper\n|j|\u2606muddyswamppert\n|t:|1681760523\n|gametype|doubles\n|player|p1|Keveloper|ash|\n|player|p2|muddyswamppert|cynthia-gen4|\n|teamsize|p1|6\n|teamsize|p2|6\n|gen|9\n|tier|[Gen 9] VGC 2023 Regulation C\n|rule|Species Clause: Limit one of each Pok\u00e9mon\n|rule|Item Clause: Limit one of each item\n|clearpoke\n|poke|p1|Salamence, L50, F|\n|poke|p1|Amoonguss, L50, M|\n|poke|p1|Palafin, L50, M|\n|poke|p1|Ceruledge, L50, M|\n|poke|p1|Flutter Mane, L50|\n|poke|p1|Ting-Lu, L50|\n|poke|p2|Garchomp, L50, M|\n|poke|p2|Garganacl, L50, M|\n|poke|p2|Ceruledge, L50, F|\n|poke|p2|Amoonguss, L50, M|\n|poke|p2|Gyarados, L50, M|\n|poke|p2|Chien-Pao, L50|\n|teampreview|4\n|inactive|Battle timer is ON: inactive players will automatically lose when time's up. (requested by muddyswamppert)\n|c|\u2606muddyswamppert|glhf\nKeveloper has agreed to open team sheets.\n|c|\u2606Keveloper|glhf\nmuddyswamppert has agreed to open team sheets.\n|inactive|Keveloper has 60 seconds left.\n|inactive|muddyswamppert has 60 seconds left.\n|\n|t:|1681760571\n|start\n|switch|p1a: Palafin|Palafin, L50, M|100\/100\n|switch|p1b: Salamence|Salamence, L50, F|100\/100\n|switch|p2a: Amoonguss|Amoonguss, L50, M|100\/100\n|switch|p2b: Garchomp|Garchomp, L50, M|100\/100\n|-ability|p1b: Salamence|Intimidate|boost\n|-unboost|p2a: Amoonguss|atk|1\n|-unboost|p2b: Garchomp|atk|1\n|turn|1\n|inactive|Keveloper has 30 seconds left.\n|\n|t:|1681760599\n|switch|p1b: Flutter Mane|Flutter Mane, L50|100\/100\n|-enditem|p1b: Flutter Mane|Booster Energy\n|-activate|p1b: Flutter Mane|ability: Protosynthesis|[fromitem]\n|-start|p1b: Flutter Mane|protosynthesisspe\n|detailschange|p1a: Palafin|Palafin-Hero, L50, M\n|switch|p1a: Amoonguss|Amoonguss, L50, M|100\/100\n|move|p2a: Amoonguss|Rage Powder|p2a: Amoonguss\n|-singleturn|p2a: Amoonguss|move: Rage Powder\n|move|p2b: Garchomp|Dragon Claw|p1b: Flutter Mane\n|-immune|p1b: Flutter Mane\n|\n|upkeep\n|turn|2\n|inactive|Keveloper has 30 seconds left.\n|inactive|muddyswamppert has 30 seconds left.\n|\n|t:|1681760634\n|switch|p1a: Salamence|Salamence, L50, F|100\/100\n|-ability|p1a: Salamence|Intimidate|boost\n|-unboost|p2a: Amoonguss|atk|1\n|-unboost|p2b: Garchomp|atk|1\n|move|p2b: Garchomp|Protect|p2b: Garchomp\n|-singleturn|p2b: Garchomp|Protect\n|move|p1b: Flutter Mane|Dazzling Gleam|p2a: Amoonguss|[spread] p2a\n|-activate|p2b: Garchomp|move: Protect\n|-resisted|p2a: Amoonguss\n|-damage|p2a: Amoonguss|90\/100\n|move|p2a: Amoonguss|Spore|p1b: Flutter Mane\n|-status|p1b: Flutter Mane|slp|[from] move: Spore\n|\n|upkeep\n|turn|3\n|inactive|Keveloper has 30 seconds left.\n|\n|t:|1681760661\n|-terastallize|p1a: Salamence|Flying\n|move|p2a: Amoonguss|Rage Powder|p2a: Amoonguss\n|-singleturn|p2a: Amoonguss|move: Rage Powder\n|cant|p1b: Flutter Mane|slp\n|move|p1a: Salamence|Air Slash|p2a: Amoonguss\n|-supereffective|p2a: Amoonguss\n|-damage|p2a: Amoonguss|9\/100\n|-enditem|p2a: Amoonguss|Sitrus Berry|[eat]\n|-heal|p2a: Amoonguss|34\/100|[from] item: Sitrus Berry\n|move|p2b: Garchomp|Dragon Claw|p1a: Salamence\n|-damage|p1a: Salamence|70\/100\n|-damage|p2b: Garchomp|91\/100|[from] item: Life Orb\n|\n|upkeep\n|turn|4\n|inactive|muddyswamppert has 30 seconds left.\n|\n|t:|1681760692\n|switch|p2a: Gyarados|Gyarados, L50, M|100\/100\n|-ability|p2a: Gyarados|Intimidate|boost\n|-unboost|p1a: Salamence|atk|1\n|-unboost|p1b: Flutter Mane|atk|1\n|cant|p1b: Flutter Mane|slp\n|move|p1a: Salamence|Air Slash|p2a: Gyarados\n|-damage|p2a: Gyarados|48\/100\n|move|p2b: Garchomp|Earthquake|p1b: Flutter Mane|[spread] p1b\n|-immune|p2a: Gyarados\n|-immune|p1a: Salamence\n|-damage|p1b: Flutter Mane|63\/100 slp\n|-damage|p2b: Garchomp|81\/100|[from] item: Life Orb\n|\n|upkeep\n|turn|5\n|\n|t:|1681760709\n|-curestatus|p1b: Flutter Mane|slp|[msg]\n|move|p1b: Flutter Mane|Dazzling Gleam|p2b: Garchomp|[spread] p2a,p2b\n|-supereffective|p2b: Garchomp\n|-damage|p2a: Gyarados|14\/100\n|-damage|p2b: Garchomp|15\/100\n|move|p1a: Salamence|Air Slash|p2a: Gyarados\n|-damage|p2a: Gyarados|0 fnt\n|faint|p2a: Gyarados\n|move|p2b: Garchomp|Dragon Claw|p1a: Salamence\n|-damage|p1a: Salamence|39\/100\n|-damage|p2b: Garchomp|5\/100|[from] item: Life Orb\n|\n|upkeep\n|\n|t:|1681760719\n|switch|p2a: Amoonguss|Amoonguss, L50, M|67\/100\n|turn|6\n|\n|t:|1681760727\n|move|p2b: Garchomp|Protect|p2b: Garchomp\n|-singleturn|p2b: Garchomp|Protect\n|move|p1b: Flutter Mane|Dazzling Gleam|p2a: Amoonguss|[spread] p2a\n|-activate|p2b: Garchomp|move: Protect\n|-resisted|p2a: Amoonguss\n|-crit|p2a: Amoonguss\n|-damage|p2a: Amoonguss|48\/100\n|move|p1a: Salamence|Air Slash|p2a: Amoonguss\n|-supereffective|p2a: Amoonguss\n|-damage|p2a: Amoonguss|0 fnt\n|faint|p2a: Amoonguss\n|\n|upkeep\n|\n|t:|1681760732\n|switch|p2a: Chien-Pao|Chien-Pao, L50|100\/100\n|-ability|p2a: Chien-Pao|Sword of Ruin\n|turn|7\n|\n|t:|1681760744\n|move|p2b: Garchomp|Protect|p2b: Garchomp\n|-singleturn|p2b: Garchomp|Protect\n|move|p1b: Flutter Mane|Dazzling Gleam|p2a: Chien-Pao|[spread] p2a\n|-activate|p2b: Garchomp|move: Protect\n|-supereffective|p2a: Chien-Pao\n|-damage|p2a: Chien-Pao|4\/100\n|move|p1a: Salamence|Air Slash|p2b: Garchomp\n|-activate|p2b: Garchomp|move: Protect\n|move|p2a: Chien-Pao|Throat Chop|p1b: Flutter Mane\n|-crit|p1b: Flutter Mane\n|-damage|p1b: Flutter Mane|0 fnt\n|faint|p1b: Flutter Mane\n|-end|p1b: Flutter Mane|Protosynthesis|[silent]\n|\n|upkeep\n|\n|t:|1681760759\n|switch|p1b: Palafin|Palafin-Hero, L50, M|100\/100\n|-activate|p1b: Palafin|ability: Zero to Hero\n|turn|8\n|\n|t:|1681760768\n|switch|p1a: Amoonguss|Amoonguss, L50, M|100\/100\n|move|p1b: Palafin|Jet Punch|p2a: Chien-Pao\n|-damage|p2a: Chien-Pao|0 fnt\n|faint|p2a: Chien-Pao\n|move|p2b: Garchomp|Dragon Claw|p1a: Amoonguss\n|-damage|p1a: Amoonguss|76\/100\n|-damage|p2b: Garchomp|0 fnt|[from] item: Life Orb\n|faint|p2b: Garchomp\n|\n|win|Keveloper\n|c|\u2606muddyswamppert|gg\n|c|\u2606Keveloper|gg\n|l|\u2606muddyswamppert\n","uploadtime":1681760778,"views":6,"p1id":"keveloper","p2id":"muddyswamppert","formatid":"gen9vgc2023regulationc","rating":0,"private":0,"password":""}