{"id":"gen9vgc2023regulationc-1850873085","p1":"cshrubs","p2":"jsajsajs","format":"[Gen 9] VGC 2023 Regulation C","log":"|j|\u2606cshrubs\n|j|\u2606jsajsajs\n|t:|1682376818\n|gametype|doubles\n|player|p1|cshrubs|cameraman|1345\n|player|p2|jsajsajs|blue|1357\n|teamsize|p1|6\n|teamsize|p2|6\n|gen|9\n|tier|[Gen 9] VGC 2023 Regulation C\n|rated|\n|rule|Species Clause: Limit one of each Pok\u00e9mon\n|rule|Item Clause: Limit one of each item\n|clearpoke\n|poke|p1|Chien-Pao, L50|\n|poke|p1|Dragonite, L50, M|\n|poke|p1|Great Tusk, L50|\n|poke|p1|Gholdengo, L50|\n|poke|p1|Gastrodon, L50, F|\n|poke|p1|Rotom-Heat, L50|\n|poke|p2|Murkrow, L50, M|\n|poke|p2|Volcarona, L50, F|\n|poke|p2|Gholdengo, L50|\n|poke|p2|Garchomp, L50, M|\n|poke|p2|Rotom-Wash, L50|\n|poke|p2|Meowscarada, L50, F|\n|teampreview|4\n|inactive|Battle timer is ON: inactive players will automatically lose when time's up. (requested by cshrubs)\n|inactive|cshrubs has 60 seconds left.\n|inactive|jsajsajs has 60 seconds left.\n|inactive|jsajsajs has 30 seconds left.\n|inactive|jsajsajs has 20 seconds left.\n|\n|t:|1682376892\n|start\n|switch|p1a: Chien-Pao|Chien-Pao, L50|100\/100\n|switch|p1b: Great Tusk|Great Tusk, L50, shiny|100\/100\n|switch|p2a: Gholdengo|Gholdengo, L50|100\/100\n|switch|p2b: Rotom|Rotom-Wash, L50|100\/100\n|-ability|p1a: Chien-Pao|Sword of Ruin\n|turn|1\n|inactive|cshrubs has 30 seconds left.\n|inactive|jsajsajs has 30 seconds left.\n|\n|t:|1682376921\n|switch|p1a: Gastrodon|Gastrodon, L50, F|100\/100\n|-terastallize|p2a: Gholdengo|Flying\n|move|p2b: Rotom|Helping Hand|p2a: Gholdengo\n|-immune|p2a: Gholdengo|[from] ability: Good as Gold\n|move|p1b: Great Tusk|Headlong Rush|p2a: Gholdengo\n|-immune|p2a: Gholdengo\n|move|p2a: Gholdengo|Make It Rain|p1a: Gastrodon|[spread] p1a,p1b\n|-resisted|p1a: Gastrodon\n|-damage|p1a: Gastrodon|74\/100\n|-damage|p1b: Great Tusk|17\/100\n|-unboost|p2a: Gholdengo|spa|1\n|\n|-heal|p1a: Gastrodon|80\/100|[from] item: Leftovers\n|upkeep\n|turn|2\n|inactive|cshrubs has 30 seconds left.\n|\n|t:|1682376946\n|-end|p1b: Great Tusk|Protosynthesis|[silent]\n|switch|p1b: Rotom|Rotom-Heat, L50|100\/100\n|move|p2b: Rotom|Light Screen|p2b: Rotom\n|-sidestart|p2: jsajsajs|move: Light Screen\n|move|p2a: Gholdengo|Shadow Ball|p1b: Rotom\n|-damage|p1b: Rotom|79\/100\n|move|p1a: Gastrodon|Ice Beam|p2a: Gholdengo\n|-supereffective|p2a: Gholdengo\n|-damage|p2a: Gholdengo|73\/100\n|\n|-heal|p1a: Gastrodon|86\/100|[from] item: Leftovers\n|upkeep\n|turn|3\n|\n|t:|1682376962\n|switch|p2a: Volcarona|Volcarona, L50, F, shiny|100\/100\n|-terastallize|p1b: Rotom|Fairy\n|move|p2b: Rotom|Thunderbolt|p1b: Rotom\n|-damage|p1b: Rotom|51\/100\n|move|p1b: Rotom|Thunderbolt|p2a: Volcarona\n|-damage|p2a: Volcarona|75\/100\n|move|p1a: Gastrodon|Ice Beam|p2a: Volcarona\n|-resisted|p2a: Volcarona\n|-damage|p2a: Volcarona|69\/100\n|\n|-heal|p2a: Volcarona|75\/100|[from] item: Leftovers\n|-heal|p1a: Gastrodon|92\/100|[from] item: Leftovers\n|upkeep\n|turn|4\n|\n|t:|1682376984\n|move|p2a: Volcarona|Giga Drain|p1a: Gastrodon\n|-supereffective|p1a: Gastrodon\n|-damage|p1a: Gastrodon|0 fnt\n|-heal|p2a: Volcarona|100\/100|[from] drain|[of] p1a: Gastrodon\n|faint|p1a: Gastrodon\n|move|p2b: Rotom|Hydro Pump|p1b: Rotom|[miss]\n|-miss|p2b: Rotom|p1b: Rotom\n|move|p1b: Rotom|Thunderbolt|p2a: Volcarona\n|-damage|p2a: Volcarona|75\/100\n|\n|-heal|p2a: Volcarona|81\/100|[from] item: Leftovers\n|upkeep\n|\n|t:|1682376991\n|switch|p1a: Great Tusk|Great Tusk, L50, shiny|17\/100\n|turn|5\n|\n|t:|1682377000\n|move|p1a: Great Tusk|Rock Slide|p2b: Rotom|[spread] p2a,p2b\n|-supereffective|p2a: Volcarona\n|-crit|p2b: Rotom\n|-damage|p2a: Volcarona|0 fnt\n|-damage|p2b: Rotom|66\/100\n|faint|p2a: Volcarona\n|move|p2b: Rotom|Hydro Pump|p1b: Rotom\n|-damage|p1b: Rotom|18\/100\n|move|p1b: Rotom|Thunderbolt|p2b: Rotom\n|-damage|p2b: Rotom|38\/100\n|-enditem|p2b: Rotom|Sitrus Berry|[eat]\n|-heal|p2b: Rotom|63\/100|[from] item: Sitrus Berry\n|\n|upkeep\n|\n|t:|1682377014\n|switch|p2a: Murkrow|Murkrow, L50, M|100\/100\n|turn|6\n|\n|t:|1682377033\n|move|p2a: Murkrow|Quash|p1a: Great Tusk\n|-activate|p1a: Great Tusk|move: Quash\n|move|p2b: Rotom|Hydro Pump|p1a: Great Tusk|[miss]\n|-miss|p2b: Rotom|p1a: Great Tusk\n|move|p1b: Rotom|Thunderbolt|p2b: Rotom\n|-damage|p2b: Rotom|36\/100\n|move|p1a: Great Tusk|Rock Slide|p2a: Murkrow|[spread] p2a,p2b\n|-supereffective|p2a: Murkrow\n|-damage|p2a: Murkrow|56\/100\n|-damage|p2b: Rotom|15\/100\n|\n|-sideend|p2: jsajsajs|move: Light Screen\n|upkeep\n|turn|7\n|\n|t:|1682377054\n|move|p2a: Murkrow|Quash|p1a: Great Tusk\n|-activate|p1a: Great Tusk|move: Quash\n|move|p2b: Rotom|Hydro Pump|p1b: Rotom\n|-damage|p1b: Rotom|0 fnt\n|faint|p1b: Rotom\n|move|p1a: Great Tusk|Rock Slide|p2a: Murkrow|[spread] p2a,p2b\n|-supereffective|p2a: Murkrow\n|-damage|p2a: Murkrow|11\/100\n|-damage|p2b: Rotom|0 fnt\n|faint|p2b: Rotom\n|\n|upkeep\n|\n|t:|1682377063\n|switch|p2b: Gholdengo|Gholdengo, L50, tera:Flying|73\/100\n|switch|p1b: Chien-Pao|Chien-Pao, L50|100\/100\n|-ability|p1b: Chien-Pao|Sword of Ruin\n|turn|8\n|\n|t:|1682377070\n|move|p2a: Murkrow|Tailwind|p2a: Murkrow\n|-sidestart|p2: jsajsajs|move: Tailwind\n|move|p2b: Gholdengo|Make It Rain|p1a: Great Tusk|[spread] p1a,p1b\n|-supereffective|p1b: Chien-Pao\n|-damage|p1a: Great Tusk|0 fnt\n|-enditem|p1b: Chien-Pao|Focus Sash\n|-damage|p1b: Chien-Pao|1\/100\n|-unboost|p2b: Gholdengo|spa|1\n|faint|p1a: Great Tusk\n|-end|p1a: Great Tusk|Protosynthesis|[silent]\n|move|p1b: Chien-Pao|Ice Spinner|p2b: Gholdengo\n|-supereffective|p2b: Gholdengo\n|-damage|p2b: Gholdengo|0 fnt\n|faint|p2b: Gholdengo\n|\n|upkeep\n|turn|9\n|c|\u2606jsajsajs|omg\n|c|\u2606jsajsajs|lucky with hydropumps\n|inactive|jsajsajs has 30 seconds left.\n|c|\u2606cshrubs|Lol\n|\n|t:|1682377101\n|move|p2a: Murkrow|Foul Play|p1b: Chien-Pao\n|-resisted|p1b: Chien-Pao\n|-damage|p1b: Chien-Pao|0 fnt\n|faint|p1b: Chien-Pao\n|\n|win|jsajsajs\n|raw|cshrubs's rating: 1345 → 1326<\/strong> (-19 for losing)\n|raw|jsajsajs's rating: 1357 → 1376<\/strong> (+19 for winning)\n|l|\u2606cshrubs\n|c|\u2606jsajsajs|u dont have sucker punch?\n","uploadtime":1682377144,"views":14,"p1id":"cshrubs","p2id":"jsajsajs","formatid":"gen9vgc2023regulationc","rating":1326,"private":0,"password":""}