{"id":"gen9vgc2023regulationc-1850379225","p1":"pabgh","p2":"Mike2811","format":"[Gen 9] VGC 2023 Regulation C","log":"|j|\u2606pabgh\n|j|\u2606Mike2811\n|t:|1682327791\n|gametype|doubles\n|player|p1|pabgh|grimsley|1213\n|player|p2|Mike2811|steven|1183\n|teamsize|p1|6\n|teamsize|p2|6\n|gen|9\n|tier|[Gen 9] VGC 2023 Regulation C\n|rated|\n|rule|Species Clause: Limit one of each Pok\u00e9mon\n|rule|Item Clause: Limit one of each item\n|clearpoke\n|poke|p1|Hatterene, L50, F|\n|poke|p1|Torkoal, L50, F|\n|poke|p1|Flutter Mane, L50|\n|poke|p1|Iron Hands, L50|\n|poke|p1|Amoonguss, L50, F|\n|poke|p1|Kingambit, L50, M|\n|poke|p2|Tauros-Paldea-Aqua, L50, M|\n|poke|p2|Volcarona, L50, M|\n|poke|p2|Dragapult, L50, M|\n|poke|p2|Magnezone, L50|\n|poke|p2|Ting-Lu, L50|\n|poke|p2|Scream Tail, L50|\n|teampreview|4\n|\n|t:|1682327849\n|start\n|switch|p1a: Hatterene|Hatterene, L50, F|100\/100\n|switch|p1b: Kingambit|Kingambit, L50, M|100\/100\n|switch|p2a: Volcarona|Volcarona, L50, M|100\/100\n|switch|p2b: Magnezone|Magnezone, L50|100\/100\n|turn|1\n|\n|t:|1682327875\n|-terastallize|p1b: Kingambit|Flying\n|move|p2a: Volcarona|Struggle Bug|p1a: Hatterene|[spread] p1a,p1b\n|-resisted|p1b: Kingambit\n|-damage|p1a: Hatterene|86\/100\n|-damage|p1b: Kingambit|93\/100\n|-unboost|p1b: Kingambit|spa|1\n|-ability|p1b: Kingambit|Defiant|boost\n|-boost|p1b: Kingambit|atk|2\n|move|p2b: Magnezone|Flash Cannon|p1a: Hatterene\n|-supereffective|p1a: Hatterene\n|-damage|p1a: Hatterene|0 fnt\n|faint|p1a: Hatterene\n|move|p1b: Kingambit|Iron Head|p2a: Volcarona\n|-resisted|p2a: Volcarona\n|-damage|p2a: Volcarona|59\/100\n|-damage|p1b: Kingambit|77\/100|[from] item: Rocky Helmet|[of] p2a: Volcarona\n|-status|p1b: Kingambit|brn|[from] ability: Flame Body|[of] p2a: Volcarona\n|\n|-damage|p1b: Kingambit|71\/100 brn|[from] brn\n|upkeep\n|\n|t:|1682327892\n|switch|p1a: Torkoal|Torkoal, L50, F|100\/100\n|-weather|SunnyDay|[from] ability: Drought|[of] p1a: Torkoal\n|turn|2\n|\n|t:|1682327908\n|move|p1b: Kingambit|Sucker Punch|p2a: Volcarona\n|-damage|p2a: Volcarona|22\/100\n|-damage|p1b: Kingambit|55\/100 brn|[from] item: Rocky Helmet|[of] p2a: Volcarona\n|move|p2a: Volcarona|Struggle Bug|p1b: Kingambit|[spread] p1a,p1b\n|-resisted|p1a: Torkoal\n|-resisted|p1b: Kingambit\n|-damage|p1a: Torkoal|89\/100\n|-damage|p1b: Kingambit|47\/100 brn\n|-unboost|p1a: Torkoal|spa|1\n|-unboost|p1b: Kingambit|spa|1\n|-ability|p1b: Kingambit|Defiant|boost\n|-boost|p1b: Kingambit|atk|2\n|move|p2b: Magnezone|Thunderbolt|p1b: Kingambit\n|-supereffective|p1b: Kingambit\n|-damage|p1b: Kingambit|0 fnt\n|faint|p1b: Kingambit\n|move|p1a: Torkoal|Eruption|p2a: Volcarona|[spread] p2a,p2b\n|-supereffective|p2b: Magnezone\n|-damage|p2a: Volcarona|0 fnt\n|-damage|p2b: Magnezone|0 fnt\n|faint|p2a: Volcarona\n|faint|p2b: Magnezone\n|\n|-weather|SunnyDay|[upkeep]\n|upkeep\n|\n|t:|1682327936\n|switch|p2a: Dragapult|Dragapult, L50, M|100\/100\n|switch|p2b: Ting-Lu|Ting-Lu, L50|100\/100\n|switch|p1b: Flutter Mane|Flutter Mane, L50|100\/100\n|-activate|p1b: Flutter Mane|ability: Protosynthesis\n|-start|p1b: Flutter Mane|protosynthesisspa\n|-ability|p2b: Ting-Lu|Vessel of Ruin\n|turn|3\n|\n|t:|1682327963\n|-terastallize|p2b: Ting-Lu|Poison\n|move|p2a: Dragapult|Phantom Force||[still]\n|-prepare|p2a: Dragapult|Phantom Force\n|move|p1b: Flutter Mane|Moonblast|p2a: Dragapult|[miss]\n|-miss|p1b: Flutter Mane|p2a: Dragapult\n|move|p2b: Ting-Lu|Sand Tomb|p1a: Torkoal\n|-supereffective|p1a: Torkoal\n|-damage|p1a: Torkoal|69\/100\n|-activate|p1a: Torkoal|move: Sand Tomb|[of] p2b: Ting-Lu\n|move|p1a: Torkoal|Eruption|p2a: Dragapult|[spread] p2b\n|-miss|p1a: Torkoal|p2a: Dragapult\n|-damage|p2b: Ting-Lu|88\/100\n|\n|-weather|SunnyDay|[upkeep]\n|-damage|p1a: Torkoal|56\/100|[from] move: Sand Tomb|[partiallytrapped]\n|upkeep\n|turn|4\n|c|\u2606Mike2811|gg\n|\n|t:|1682327985\n|move|p2a: Dragapult|Phantom Force|p1b: Flutter Mane|[from]lockedmove\n|-supereffective|p1b: Flutter Mane\n|-damage|p1b: Flutter Mane|0 fnt\n|faint|p1b: Flutter Mane\n|-end|p1b: Flutter Mane|Protosynthesis|[silent]\n|-damage|p2a: Dragapult|91\/100|[from] item: Life Orb\n|move|p2b: Ting-Lu|Stomping Tantrum|p1a: Torkoal\n|-supereffective|p1a: Torkoal\n|-damage|p1a: Torkoal|15\/100\n|move|p1a: Torkoal|Heat Wave|p2b: Ting-Lu|[spread] p2a,p2b\n|-resisted|p2a: Dragapult\n|-damage|p2a: Dragapult|70\/100\n|-damage|p2b: Ting-Lu|74\/100\n|-status|p2b: Ting-Lu|brn\n|\n|-weather|SunnyDay|[upkeep]\n|-damage|p2b: Ting-Lu|68\/100 brn|[from] brn\n|-damage|p1a: Torkoal|2\/100|[from] move: Sand Tomb|[partiallytrapped]\n|upkeep\n|turn|5\n|-message|pabgh forfeited.\n|\n|win|Mike2811\n|raw|pabgh's rating: 1213 → 1186<\/strong> (-27 for losing)\n|raw|Mike2811's rating: 1183 → 1210<\/strong> (+27 for winning)\n|l|\u2606pabgh\n","uploadtime":1682328007,"views":21,"p1id":"pabgh","p2id":"mike2811","formatid":"gen9vgc2023regulationc","rating":1186,"private":0,"password":""}