{"id":"gen9vgc2023regulationc-1859203008","p1":"WithAnE","p2":"Atrix MJ","format":"[Gen 9] VGC 2023 Regulation C","log":"|j|\u2606WithAnE\n|j|\u2606Atrix MJ\n|t:|1683417406\n|gametype|doubles\n|player|p1|WithAnE|101|1403\n|player|p2|Atrix MJ|adaman|1400\n|teamsize|p1|6\n|teamsize|p2|6\n|gen|9\n|tier|[Gen 9] VGC 2023 Regulation C\n|rated|\n|rule|Species Clause: Limit one of each Pok\u00e9mon\n|rule|Item Clause: Limit one of each item\n|clearpoke\n|poke|p1|Torkoal, L50, F|\n|poke|p1|Jumpluff, L50, M|\n|poke|p1|Flutter Mane, L50|\n|poke|p1|Great Tusk, L50|\n|poke|p1|Chien-Pao, L50|\n|poke|p1|Kingambit, L50, M|\n|poke|p2|Chi-Yu, L50|\n|poke|p2|Amoonguss, L50, M|\n|poke|p2|Gyarados, L50, M|\n|poke|p2|Flutter Mane, L50|\n|poke|p2|Gothitelle, L50, M|\n|poke|p2|Iron Hands, L50|\n|teampreview|4\n|inactive|Battle timer is ON: inactive players will automatically lose when time's up. (requested by Atrix MJ)\n|inactive|WithAnE has 60 seconds left.\n|inactive|Atrix MJ has 60 seconds left.\n|\n|t:|1683417445\n|start\n|switch|p1a: Torkoal|Torkoal, L50, F, shiny|100\/100\n|switch|p1b: Great Tusk|Great Tusk, L50|100\/100\n|switch|p2a: Chi-Yu|Chi-Yu, L50|100\/100\n|switch|p2b: Gothitelle|Gothitelle, L50, M|100\/100\n|-ability|p2a: Chi-Yu|Beads of Ruin\n|-weather|SunnyDay|[from] ability: Drought|[of] p1a: Torkoal\n|-activate|p1b: Great Tusk|ability: Protosynthesis\n|-start|p1b: Great Tusk|protosynthesisatk\n|turn|1\n|inactive|Atrix MJ has 30 seconds left.\n|\n|t:|1683417471\n|-terastallize|p2a: Chi-Yu|Water\n|move|p2b: Gothitelle|Fake Out|p1a: Torkoal\n|-damage|p1a: Torkoal|97\/100\n|move|p1b: Great Tusk|Headlong Rush|p2a: Chi-Yu\n|-damage|p2a: Chi-Yu|15\/100\n|-unboost|p1b: Great Tusk|def|1\n|-unboost|p1b: Great Tusk|spd|1\n|move|p2a: Chi-Yu|Heat Wave|p1b: Great Tusk|[spread] p1a,p1b\n|-resisted|p1a: Torkoal\n|-damage|p1a: Torkoal|63\/100\n|-damage|p1b: Great Tusk|0 fnt\n|faint|p1b: Great Tusk\n|-end|p1b: Great Tusk|Protosynthesis|[silent]\n|cant|p1a: Torkoal|flinch\n|\n|-weather|SunnyDay|[upkeep]\n|-heal|p2a: Chi-Yu|21\/100|[from] item: Leftovers\n|upkeep\n|\n|t:|1683417485\n|switch|p1b: Flutter Mane|Flutter Mane, L50|100\/100\n|-activate|p1b: Flutter Mane|ability: Protosynthesis\n|-start|p1b: Flutter Mane|protosynthesisspe\n|turn|2\n|inactive|Atrix MJ has 30 seconds left.\n|inactive|Atrix MJ has 20 seconds left.\n|inactive|Atrix MJ has 15 seconds left.\n|\n|t:|1683417527\n|switch|p2a: Gyarados|Gyarados, L50, M, shiny|100\/100\n|-ability|p2a: Gyarados|Intimidate|boost\n|-unboost|p1a: Torkoal|atk|1\n|-enditem|p1a: Torkoal|Eject Pack\n|-unboost|p1b: Flutter Mane|atk|1\n|\n|t:|1683417532\n|switch|p1a: Jumpluff|Jumpluff, L50, M, shiny|100\/100\n|move|p1b: Flutter Mane|Dazzling Gleam|p2b: Gothitelle|[spread] p2a,p2b\n|-damage|p2a: Gyarados|50\/100\n|-damage|p2b: Gothitelle|67\/100\n|move|p2b: Gothitelle|Psychic|p1b: Flutter Mane\n|-damage|p1b: Flutter Mane|71\/100\n|\n|-weather|SunnyDay|[upkeep]\n|upkeep\n|turn|3\n|inactive|Atrix MJ has 30 seconds left.\n|inactive|Atrix MJ has 20 seconds left.\n|\n|t:|1683417570\n|move|p1a: Jumpluff|Sleep Powder|p2b: Gothitelle|[miss]\n|-miss|p1a: Jumpluff|p2b: Gothitelle\n|move|p1b: Flutter Mane|Dazzling Gleam|p2a: Gyarados|[spread] p2a,p2b\n|-damage|p2a: Gyarados|3\/100\n|-damage|p2b: Gothitelle|32\/100\n|move|p2a: Gyarados|Waterfall|p1b: Flutter Mane\n|-damage|p1b: Flutter Mane|31\/100\n|move|p2b: Gothitelle|Trick Room|p2b: Gothitelle\n|-fieldstart|move: Trick Room|[of] p2b: Gothitelle\n|\n|-weather|SunnyDay|[upkeep]\n|upkeep\n|turn|4\n|\n|t:|1683417591\n|-end|p1b: Flutter Mane|Protosynthesis|[silent]\n|switch|p1b: Torkoal|Torkoal, L50, F, shiny|63\/100\n|move|p2b: Gothitelle|Psychic|p1a: Jumpluff\n|-damage|p1a: Jumpluff|68\/100\n|move|p2a: Gyarados|Waterfall|p1b: Torkoal\n|-supereffective|p1b: Torkoal\n|-damage|p1b: Torkoal|31\/100\n|move|p1a: Jumpluff|Leaf Storm|p2a: Gyarados\n|-damage|p2a: Gyarados|0 fnt\n|-unboost|p1a: Jumpluff|spa|2\n|faint|p2a: Gyarados\n|\n|-weather|SunnyDay|[upkeep]\n|upkeep\n|\n|t:|1683417597\n|switch|p2a: Iron Hands|Iron Hands, L50|100\/100\n|turn|5\n|\n|t:|1683417611\n|move|p1b: Torkoal|Protect|p1b: Torkoal\n|-singleturn|p1b: Torkoal|Protect\n|move|p2b: Gothitelle|Protect|p2b: Gothitelle\n|-singleturn|p2b: Gothitelle|Protect\n|move|p2a: Iron Hands|Drain Punch|p1b: Torkoal\n|-activate|p1b: Torkoal|move: Protect\n|move|p1a: Jumpluff|Sleep Powder|p2a: Iron Hands\n|-activate|p2a: Iron Hands|item: Safety Goggles|Sleep Powder\n|\n|-weather|none\n|upkeep\n|turn|6\n|inactive|Atrix MJ has 30 seconds left.\n|\n|t:|1683417639\n|move|p1b: Torkoal|Overheat|p2a: Iron Hands\n|-damage|p2a: Iron Hands|74\/100\n|-unboost|p1b: Torkoal|spa|2\n|move|p2a: Iron Hands|Thunder Punch|p1b: Torkoal\n|-crit|p1b: Torkoal\n|-damage|p1b: Torkoal|0 fnt\n|faint|p1b: Torkoal\n|move|p2b: Gothitelle|Psychic|p1a: Jumpluff\n|-damage|p1a: Jumpluff|39\/100\n|move|p1a: Jumpluff|Sleep Powder|p2b: Gothitelle\n|-status|p2b: Gothitelle|slp|[from] move: Sleep Powder\n|\n|upkeep\n|\n|t:|1683417652\n|switch|p1b: Flutter Mane|Flutter Mane, L50|31\/100\n|turn|7\n|\n|t:|1683417673\n|-terastallize|p1b: Flutter Mane|Water\n|move|p2a: Iron Hands|Thunder Punch|p1b: Flutter Mane\n|-supereffective|p1b: Flutter Mane\n|-damage|p1b: Flutter Mane|0 fnt\n|faint|p1b: Flutter Mane\n|-end|p1b: Flutter Mane|Protosynthesis|[silent]\n|cant|p2b: Gothitelle|slp\n|move|p1a: Jumpluff|Encore|p2a: Iron Hands\n|-start|p2a: Iron Hands|Encore\n|\n|-fieldend|move: Trick Room\n|upkeep\n|turn|8\n|-message|WithAnE forfeited.\n|\n|win|Atrix MJ\n|raw|WithAnE's rating: 1403 → 1383<\/strong> (-20 for losing)\n|raw|Atrix MJ's rating: 1400 → 1420<\/strong> (+20 for winning)\n","uploadtime":1683417687,"views":9,"p1id":"withane","p2id":"atrixmj","formatid":"gen9vgc2023regulationc","rating":1383,"private":0,"password":""}