{"id":"gen9vgc2023regulationc-1850994778","p1":"Valency GL","p2":"icedragonkid105","format":"[Gen 9] VGC 2023 Regulation C","log":"|j|\u2606Valency GL\n|j|\u2606icedragonkid105\n|t:|1682391535\n|gametype|doubles\n|player|p1|Valency GL|265|1077\n|player|p2|icedragonkid105|policeman-gen4|1000\n|teamsize|p1|6\n|teamsize|p2|6\n|gen|9\n|tier|[Gen 9] VGC 2023 Regulation C\n|rated|\n|rule|Species Clause: Limit one of each Pok\u00e9mon\n|rule|Item Clause: Limit one of each item\n|clearpoke\n|poke|p1|Rotom-Wash, L50|\n|poke|p1|Baxcalibur, L50, M|\n|poke|p1|Talonflame, L50, M|\n|poke|p1|Iron Hands, L50|\n|poke|p1|Chien-Pao, L50|\n|poke|p1|Annihilape, L50, M|\n|poke|p2|Baxcalibur, L50, M|\n|poke|p2|Flutter Mane, L50|\n|poke|p2|Chi-Yu, L50|\n|poke|p2|Gastrodon-East, L50, F|\n|poke|p2|Iron Bundle, L50|\n|poke|p2|Arcanine, L50, F|\n|teampreview|4\n|\n|t:|1682391603\n|start\n|switch|p1a: Iron Hands|Iron Hands, L50, shiny|100\/100\n|switch|p1b: Talonflame|Talonflame, L50, M, shiny|100\/100\n|switch|p2a: Rouge|Flutter Mane, L50, shiny|100\/100\n|switch|p2b: Glacius|Baxcalibur, L50, M|100\/100\n|-enditem|p2a: Rouge|Booster Energy\n|-activate|p2a: Rouge|ability: Protosynthesis|[fromitem]\n|-start|p2a: Rouge|protosynthesisspe\n|turn|1\n|\n|t:|1682391628\n|move|p1b: Talonflame|Brave Bird|p2a: Rouge\n|-damage|p2a: Rouge|7\/100\n|-damage|p1b: Talonflame|70\/100|[from] Recoil\n|move|p2a: Rouge|Dazzling Gleam|p1b: Talonflame|[spread] p1a,p1b\n|-supereffective|p1a: Iron Hands\n|-resisted|p1b: Talonflame\n|-damage|p1a: Iron Hands|48\/100\n|-damage|p1b: Talonflame|47\/100\n|move|p2b: Glacius|Icicle Crash|p1b: Talonflame\n|-damage|p1b: Talonflame|0 fnt\n|faint|p1b: Talonflame\n|move|p1a: Iron Hands|Volt Switch|p2a: Rouge\n|-damage|p2a: Rouge|0 fnt\n|faint|p2a: Rouge\n|-end|p2a: Rouge|Protosynthesis|[silent]\n|\n|t:|1682391642\n|-end|p1a: Iron Hands|Quark Drive|[silent]\n|switch|p1a: Annihilape|Annihilape, L50, M|100\/100|[from] Volt Switch\n|\n|upkeep\n|\n|t:|1682391648\n|switch|p2a: Wreckingball|Chi-Yu, L50|100\/100\n|switch|p1b: Baxcalibur|Baxcalibur, L50, M|100\/100\n|-ability|p2a: Wreckingball|Beads of Ruin\n|turn|2\n|\n|t:|1682391665\n|-terastallize|p1b: Baxcalibur|Poison\n|move|p2a: Wreckingball|Heat Wave|p1a: Annihilape|[spread] p1a,p1b\n|-damage|p1a: Annihilape|61\/100\n|-damage|p1b: Baxcalibur|54\/100\n|-ability|p1b: Baxcalibur|Thermal Exchange|boost\n|-boost|p1b: Baxcalibur|atk|1\n|move|p1b: Baxcalibur|Swords Dance|p1b: Baxcalibur\n|-boost|p1b: Baxcalibur|atk|2\n|move|p1a: Annihilape|Bulk Up|p1a: Annihilape\n|-boost|p1a: Annihilape|atk|1\n|-boost|p1a: Annihilape|def|1\n|move|p2b: Glacius|Glaive Rush|p1a: Annihilape\n|-damage|p1a: Annihilape|20\/100\n|-singlemove|p2b: Glacius|Glaive Rush|[silent]\n|\n|-heal|p1a: Annihilape|26\/100|[from] item: Leftovers\n|upkeep\n|turn|3\n|\n|t:|1682391687\n|move|p1a: Annihilape|Protect|p1a: Annihilape\n|-singleturn|p1a: Annihilape|Protect\n|move|p2b: Glacius|Protect|p2b: Glacius\n|-singleturn|p2b: Glacius|Protect\n|move|p2a: Wreckingball|Heat Wave|p1b: Baxcalibur|[spread] p1b\n|-activate|p1a: Annihilape|move: Protect\n|-damage|p1b: Baxcalibur|2\/100\n|-ability|p1b: Baxcalibur|Thermal Exchange|boost\n|-boost|p1b: Baxcalibur|atk|1\n|move|p1b: Baxcalibur|Glaive Rush|p2a: Wreckingball\n|-damage|p2a: Wreckingball|0 fnt\n|-singlemove|p1b: Baxcalibur|Glaive Rush|[silent]\n|faint|p2a: Wreckingball\n|\n|-heal|p1a: Annihilape|33\/100|[from] item: Leftovers\n|upkeep\n|\n|t:|1682391704\n|switch|p2a: K-9|Arcanine, L50, F|100\/100\n|-ability|p2a: K-9|Intimidate|boost\n|-unboost|p1a: Annihilape|atk|1\n|-ability|p1a: Annihilape|Defiant|boost\n|-boost|p1a: Annihilape|atk|2\n|-unboost|p1b: Baxcalibur|atk|1\n|turn|4\n|\n|t:|1682391718\n|move|p2b: Glacius|Ice Shard|p1b: Baxcalibur\n|-damage|p1b: Baxcalibur|0 fnt\n|faint|p1b: Baxcalibur\n|move|p2a: K-9|Flare Blitz|p1a: Annihilape\n|-crit|p1a: Annihilape\n|-damage|p1a: Annihilape|0 fnt\n|faint|p1a: Annihilape\n|-damage|p2a: K-9|87\/100|[from] Recoil\n|\n|upkeep\n|\n|t:|1682391726\n|switch|p1a: Iron Hands|Iron Hands, L50, shiny|48\/100\n|turn|5\n|\n|t:|1682391739\n|-terastallize|p2b: Glacius|Poison\n|move|p2a: K-9|Howl|p2a: K-9|[spread] p2a,p2b\n|-boost|p2a: K-9|atk|1\n|-boost|p2b: Glacius|atk|1\n|move|p2b: Glacius|Glaive Rush|p1a: Iron Hands\n|-damage|p1a: Iron Hands|0 fnt\n|-singlemove|p2b: Glacius|Glaive Rush|[silent]\n|faint|p1a: Iron Hands\n|-end|p1a: Iron Hands|Quark Drive|[silent]\n|\n|win|icedragonkid105\n|raw|Valency GL's rating: 1077 → 1051<\/strong> (-26 for losing)\n|raw|icedragonkid105's rating: 1000 → 1049<\/strong> (+49 for winning)\n|l|\u2606Valency GL\n","uploadtime":1682391752,"views":11,"p1id":"valencygl","p2id":"icedragonkid105","formatid":"gen9vgc2023regulationc","rating":1049,"private":0,"password":""}