{"id":"gen9vgc2023regulationc-1850875384","p1":"tUb_JeNkInS1","p2":"Foolafetti","format":"[Gen 9] VGC 2023 Regulation C","log":"|j|\u2606tUb_JeNkInS1\n|j|\u2606Foolafetti\n|t:|1682377084\n|gametype|doubles\n|player|p1|tUb_JeNkInS1|drayden|1203\n|player|p2|Foolafetti|brycenman|1243\n|teamsize|p1|6\n|teamsize|p2|6\n|gen|9\n|tier|[Gen 9] VGC 2023 Regulation C\n|rated|\n|rule|Species Clause: Limit one of each Pok\u00e9mon\n|rule|Item Clause: Limit one of each item\n|clearpoke\n|poke|p1|Talonflame, L50, M|\n|poke|p1|Kingambit, L50, F|\n|poke|p1|Chien-Pao, L50|\n|poke|p1|Iron Hands, L50|\n|poke|p1|Flutter Mane, L50|\n|poke|p1|Tinkaton, L50, F|\n|poke|p2|Jumpluff, L50, F|\n|poke|p2|Torkoal, L50, F|\n|poke|p2|Flutter Mane, L50|\n|poke|p2|Chi-Yu, L50|\n|poke|p2|Great Tusk, L50|\n|poke|p2|Roaring Moon, L50|\n|teampreview|4\n|inactive|Battle timer is ON: inactive players will automatically lose when time's up. (requested by tUb_JeNkInS1)\ntUb_JeNkInS1 rejected open team sheets.\n|\n|t:|1682377095\n|start\n|switch|p1a: Stab Kitty|Chien-Pao, L50|100\/100\n|switch|p1b: Chuckster|Iron Hands, L50|100\/100\n|switch|p2a: Jumpluff|Jumpluff, L50, F|100\/100\n|switch|p2b: Torkoal|Torkoal, L50, F|100\/100\n|-ability|p1a: Stab Kitty|Sword of Ruin\n|-weather|SunnyDay|[from] ability: Drought|[of] p2b: Torkoal\n|turn|1\n|\n|t:|1682377111\n|move|p2a: Jumpluff|Tailwind|p2a: Jumpluff\n|-sidestart|p2: Foolafetti|move: Tailwind\n|move|p1a: Stab Kitty|Ice Spinner|p2a: Jumpluff\n|-supereffective|p2a: Jumpluff\n|-enditem|p2a: Jumpluff|Focus Sash\n|-damage|p2a: Jumpluff|1\/100\n|move|p2b: Torkoal|Overheat|p1a: Stab Kitty\n|-supereffective|p1a: Stab Kitty\n|-enditem|p1a: Stab Kitty|Focus Sash\n|-damage|p1a: Stab Kitty|1\/100\n|-unboost|p2b: Torkoal|spa|2\n|-enditem|p2b: Torkoal|Eject Pack\n|\n|t:|1682377122\n|switch|p2b: Flutter Mane|Flutter Mane, L50|100\/100\n|-activate|p2b: Flutter Mane|ability: Protosynthesis\n|-start|p2b: Flutter Mane|protosynthesisspe\n|move|p1b: Chuckster|Swords Dance|p1b: Chuckster\n|-boost|p1b: Chuckster|atk|2\n|\n|-weather|SunnyDay|[upkeep]\n|upkeep\n|turn|2\n|\n|t:|1682377147\n|switch|p1a: BEEG damage|Flutter Mane, L50, shiny|100\/100\n|-activate|p1a: BEEG damage|ability: Protosynthesis\n|-start|p1a: BEEG damage|protosynthesisspa\n|-terastallize|p1b: Chuckster|Grass\n|move|p2a: Jumpluff|Encore|p1b: Chuckster\n|-start|p1b: Chuckster|Encore\n|move|p2b: Flutter Mane|Dazzling Gleam|p1a: BEEG damage|[spread] p1a,p1b\n|-damage|p1a: BEEG damage|62\/100\n|-damage|p1b: Chuckster|70\/100\n|-damage|p2b: Flutter Mane|90\/100|[from] item: Life Orb\n|move|p1b: Chuckster|Swords Dance|p1b: Chuckster\n|-boost|p1b: Chuckster|atk|2\n|\n|-weather|SunnyDay|[upkeep]\n|upkeep\n|turn|3\n|\n|t:|1682377167\n|switch|p2a: Chi-Yu|Chi-Yu, L50|100\/100\n|-ability|p2a: Chi-Yu|Beads of Ruin\n|-end|p1b: Chuckster|Quark Drive|[silent]\n|switch|p1b: Zolo|Kingambit, L50, F, shiny|100\/100\n|move|p2b: Flutter Mane|Shadow Ball|p1a: BEEG damage\n|-supereffective|p1a: BEEG damage\n|-damage|p1a: BEEG damage|0 fnt\n|faint|p1a: BEEG damage\n|-end|p1a: BEEG damage|Protosynthesis|[silent]\n|-damage|p2b: Flutter Mane|80\/100|[from] item: Life Orb\n|\n|-weather|SunnyDay|[upkeep]\n|upkeep\n|\n|t:|1682377181\n|switch|p1a: Chuckster|Iron Hands, L50, tera:Grass|70\/100\n|turn|4\n|inactive|Foolafetti has 30 seconds left.\n|\n|t:|1682377208\n|-end|p2b: Flutter Mane|Protosynthesis|[silent]\n|switch|p2b: Jumpluff|Jumpluff, L50, F|1\/100\n|move|p1a: Chuckster|Detect|p1a: Chuckster\n|-singleturn|p1a: Chuckster|Protect\n|move|p1b: Zolo|Sucker Punch||[still]\n|-fail|p1b: Zolo\n|move|p2a: Chi-Yu|Heat Wave|p1b: Zolo|[spread] p1b\n|-activate|p1a: Chuckster|move: Protect\n|-supereffective|p1b: Zolo\n|-damage|p1b: Zolo|0 fnt\n|faint|p1b: Zolo\n|\n|-weather|SunnyDay|[upkeep]\n|-sideend|p2: Foolafetti|move: Tailwind\n|upkeep\n|\n|t:|1682377213\n|switch|p1b: Stab Kitty|Chien-Pao, L50|1\/100\n|-ability|p1b: Stab Kitty|Sword of Ruin\n|turn|5\n|\n|t:|1682377228\n|move|p2b: Jumpluff|Encore|p1a: Chuckster\n|-start|p1a: Chuckster|Encore\n|move|p1b: Stab Kitty|Throat Chop|p2b: Jumpluff\n|-damage|p2b: Jumpluff|0 fnt\n|faint|p2b: Jumpluff\n|move|p2a: Chi-Yu|Heat Wave|p1a: Chuckster|[spread] p1a,p1b\n|-supereffective|p1a: Chuckster\n|-supereffective|p1b: Stab Kitty\n|-crit|p1b: Stab Kitty\n|-damage|p1a: Chuckster|0 fnt\n|-damage|p1b: Stab Kitty|0 fnt\n|faint|p1a: Chuckster\n|-end|p1a: Chuckster|Quark Drive|[silent]\n|faint|p1b: Stab Kitty\n|\n|win|Foolafetti\n|raw|tUb_JeNkInS1's rating: 1203 → 1181<\/strong> (-22 for losing)\n|raw|Foolafetti's rating: 1243 → 1265<\/strong> (+22 for winning)\n|l|\u2606tUb_JeNkInS1\n","uploadtime":1682377240,"views":14,"p1id":"tubjenkins1","p2id":"foolafetti","formatid":"gen9vgc2023regulationc","rating":1181,"private":0,"password":""}