{"id":"gen9vgc2023regulationc-1849872242","p1":"incandecio","p2":"t4vr","format":"[Gen 9] VGC 2023 Regulation C","log":"|j|\u2606incandecio\n|j|\u2606t4vr\n|t:|1682262985\n|gametype|doubles\n|player|p1|incandecio|266|1178\n|player|p2|t4vr|steven|1146\n|teamsize|p1|6\n|teamsize|p2|6\n|gen|9\n|tier|[Gen 9] VGC 2023 Regulation C\n|rated|\n|rule|Species Clause: Limit one of each Pok\u00e9mon\n|rule|Item Clause: Limit one of each item\n|clearpoke\n|poke|p1|Grimmsnarl, L50, M|\n|poke|p1|Amoonguss, L50, M|\n|poke|p1|Dragapult, L50, F|\n|poke|p1|Sandy Shocks, L50|\n|poke|p1|Mimikyu, L50, F|\n|poke|p1|Flutter Mane, L50|\n|poke|p2|Ting-Lu, L50|\n|poke|p2|Amoonguss, L50, M|\n|poke|p2|Baxcalibur, L50, M|\n|poke|p2|Arcanine, L50, F|\n|poke|p2|Flutter Mane, L50|\n|poke|p2|Murkrow, L50, M|\n|teampreview|4\n|inactive|Battle timer is ON: inactive players will automatically lose when time's up. (requested by t4vr)\nt4vr has agreed to open team sheets.\nincandecio has agreed to open team sheets.\n|inactive|incandecio has 60 seconds left.\n|\n|t:|1682263057\n|start\n|switch|p1a: Mimikyu|Mimikyu, L50, F|100\/100\n|switch|p1b: Grimmsnarl|Grimmsnarl, L50, M|100\/100\n|switch|p2a: Murkrow|Murkrow, L50, M|100\/100\n|switch|p2b: Flutter Mane|Flutter Mane, L50|100\/100\n|turn|1\n|inactive|t4vr has 30 seconds left.\n|\n|t:|1682263083\n|move|p1b: Grimmsnarl|Fake Out|p2a: Murkrow\n|-damage|p2a: Murkrow|87\/100\n|cant|p2a: Murkrow|flinch\n|move|p2b: Flutter Mane|Moonblast|p1b: Grimmsnarl\n|-supereffective|p1b: Grimmsnarl\n|-damage|p1b: Grimmsnarl|0 fnt\n|faint|p1b: Grimmsnarl\n|-damage|p2b: Flutter Mane|91\/100|[from] item: Life Orb\n|move|p1a: Mimikyu|Bulk Up|p1a: Mimikyu\n|-boost|p1a: Mimikyu|atk|1\n|-boost|p1a: Mimikyu|def|1\n|\n|upkeep\n|\n|t:|1682263095\n|switch|p1b: Dragapult|Dragapult, L50, F|100\/100\n|turn|2\n|\n|t:|1682263104\n|move|p1b: Dragapult|Protect|p1b: Dragapult\n|-singleturn|p1b: Dragapult|Protect\n|move|p1a: Mimikyu|Shadow Sneak|p2b: Flutter Mane\n|-supereffective|p2b: Flutter Mane\n|-damage|p2b: Flutter Mane|16\/100\n|move|p2a: Murkrow|Tailwind|p2a: Murkrow\n|-sidestart|p2: t4vr|move: Tailwind\n|move|p2b: Flutter Mane|Shadow Ball|p1b: Dragapult\n|-activate|p1b: Dragapult|move: Protect\n|\n|upkeep\n|turn|3\n|inactive|incandecio has 30 seconds left.\n|\n|t:|1682263133\n|-end|p2b: Flutter Mane|Protosynthesis|[silent]\n|switch|p2b: Amoonguss|Amoonguss, L50, M, shiny|100\/100\n|-terastallize|p1b: Dragapult|Steel\n|move|p2a: Murkrow|Haze|p2a: Murkrow\n|-clearallboost\n|move|p1b: Dragapult|Dragon Darts|p2a: Murkrow\n|-damage|p2a: Murkrow|53\/100\n|-anim|p1b: Dragapult|Dragon Darts|p2b: Amoonguss\n|-damage|p2b: Amoonguss|77\/100\n|move|p1a: Mimikyu|Bulk Up|p1a: Mimikyu\n|-boost|p1a: Mimikyu|atk|1\n|-boost|p1a: Mimikyu|def|1\n|\n|upkeep\n|turn|4\n|\n|t:|1682263156\n|move|p1b: Dragapult|Protect|p1b: Dragapult\n|-singleturn|p1b: Dragapult|Protect\n|move|p2a: Murkrow|Haze|p2a: Murkrow\n|-clearallboost\n|move|p1a: Mimikyu|Play Rough|p2a: Murkrow\n|-supereffective|p2a: Murkrow\n|-damage|p2a: Murkrow|0 fnt\n|faint|p2a: Murkrow\n|move|p2b: Amoonguss|Spore|p1a: Mimikyu\n|-status|p1a: Mimikyu|slp|[from] move: Spore\n|\n|upkeep\n|\n|t:|1682263167\n|switch|p2a: Baxcalibur|Baxcalibur, L50, M|100\/100\n|turn|5\n|\n|t:|1682263182\n|-terastallize|p2a: Baxcalibur|Poison\n|move|p1b: Dragapult|Protect||[still]\n|-fail|p1b: Dragapult\n|move|p2a: Baxcalibur|Ice Shard|p1a: Mimikyu\n|-activate|p1a: Mimikyu|ability: Disguise\n|-damage|p1a: Mimikyu|100\/100 slp\n|detailschange|p1a: Mimikyu|Mimikyu-Busted, L50, F\n|-damage|p1a: Mimikyu|88\/100 slp|[from] pokemon: Mimikyu-Busted\n|cant|p1a: Mimikyu|slp\n|move|p2b: Amoonguss|Spore|p1b: Dragapult\n|-status|p1b: Dragapult|slp|[from] move: Spore\n|\n|-heal|p1a: Mimikyu|94\/100 slp|[from] item: Leftovers\n|-sideend|p2: t4vr|move: Tailwind\n|upkeep\n|turn|6\n|\n|t:|1682263206\n|cant|p1a: Mimikyu|slp\n|cant|p1b: Dragapult|slp\n|move|p2a: Baxcalibur|Icicle Spear|p1a: Mimikyu\n|-damage|p1a: Mimikyu|71\/100 slp\n|-damage|p1a: Mimikyu|48\/100 slp\n|-damage|p1a: Mimikyu|25\/100 slp\n|-crit|p1a: Mimikyu\n|-damage|p1a: Mimikyu|0 fnt\n|faint|p1a: Mimikyu\n|-hitcount|p1: Mimikyu|4\n|move|p2b: Amoonguss|Spore|p1b: Dragapult\n|-fail|p1b: Dragapult|slp\n|\n|upkeep\n|\n|t:|1682263208\n|switch|p1a: Flutter Mane|Flutter Mane, L50|100\/100\n|turn|7\n|\n|t:|1682263226\n|move|p2b: Amoonguss|Rage Powder|p2b: Amoonguss\n|-singleturn|p2b: Amoonguss|move: Rage Powder\n|move|p1a: Flutter Mane|Mystical Fire|p2b: Amoonguss\n|-supereffective|p2b: Amoonguss\n|-damage|p2b: Amoonguss|12\/100\n|-unboost|p2b: Amoonguss|spa|1\n|-enditem|p2b: Amoonguss|Sitrus Berry|[eat]\n|-heal|p2b: Amoonguss|37\/100|[from] item: Sitrus Berry\n|-damage|p1a: Flutter Mane|91\/100|[from] item: Life Orb\n|cant|p1b: Dragapult|slp\n|move|p2a: Baxcalibur|Icicle Spear|p1a: Flutter Mane\n|-damage|p1a: Flutter Mane|61\/100\n|-damage|p1a: Flutter Mane|29\/100\n|-damage|p1a: Flutter Mane|0 fnt\n|faint|p1a: Flutter Mane\n|-end|p1a: Flutter Mane|Protosynthesis|[silent]\n|-hitcount|p1: Flutter Mane|3\n|\n|upkeep\n|turn|8\n|\n|t:|1682263250\n|cant|p1b: Dragapult|slp\n|move|p2a: Baxcalibur|Icicle Spear|p1b: Dragapult\n|-resisted|p1b: Dragapult\n|-damage|p1b: Dragapult|90\/100 slp\n|-resisted|p1b: Dragapult\n|-damage|p1b: Dragapult|80\/100 slp\n|-resisted|p1b: Dragapult\n|-damage|p1b: Dragapult|71\/100 slp\n|-resisted|p1b: Dragapult\n|-damage|p1b: Dragapult|62\/100 slp\n|-hitcount|p1b: Dragapult|4\n|move|p2b: Amoonguss|Leaf Storm|p1b: Dragapult\n|-resisted|p1b: Dragapult\n|-damage|p1b: Dragapult|44\/100 slp\n|-unboost|p2b: Amoonguss|spa|2\n|\n|upkeep\n|turn|9\n|\n|t:|1682263267\n|move|p2b: Amoonguss|Rage Powder|p2b: Amoonguss\n|-singleturn|p2b: Amoonguss|move: Rage Powder\n|-curestatus|p1b: Dragapult|slp|[msg]\n|move|p1b: Dragapult|Dragon Darts|p2b: Amoonguss\n|-damage|p2b: Amoonguss|16\/100\n|-anim|p1b: Dragapult|Dragon Darts|p2b: Amoonguss\n|-damage|p2b: Amoonguss|0 fnt\n|faint|p2b: Amoonguss\n|move|p2a: Baxcalibur|Glaive Rush|p1b: Dragapult\n|-resisted|p1b: Dragapult\n|-damage|p1b: Dragapult|0 fnt\n|-singlemove|p2a: Baxcalibur|Glaive Rush|[silent]\n|faint|p1b: Dragapult\n|\n|win|t4vr\n|raw|incandecio's rating: 1178 → 1151<\/strong> (-27 for losing)\n|raw|t4vr's rating: 1146 → 1173<\/strong> (+27 for winning)\n|l|\u2606incandecio\n","uploadtime":1682263281,"views":11,"p1id":"incandecio","p2id":"t4vr","formatid":"gen9vgc2023regulationc","rating":1151,"private":0,"password":""}