{"id":"gen9vgc2023regulationc-1861542376","p1":"thrillcorner","p2":"N 9902","format":"[Gen 9] VGC 2023 Regulation C","log":"|j|\u2606thrillcorner\n|j|\u2606N 9902\n|t:|1683770909\n|gametype|doubles\n|player|p1|thrillcorner|red-masters2|1383\n|player|p2|N 9902|cynthia|1312\n|teamsize|p1|6\n|teamsize|p2|6\n|gen|9\n|tier|[Gen 9] VGC 2023 Regulation C\n|rated|\n|rule|Species Clause: Limit one of each Pok\u00e9mon\n|rule|Item Clause: Limit one of each item\n|clearpoke\n|poke|p1|Arcanine, L50, M|\n|poke|p1|Amoonguss, L50, F|\n|poke|p1|Flutter Mane, L50|\n|poke|p1|Chi-Yu, L50|\n|poke|p1|Iron Bundle, L50|\n|poke|p1|Palafin, L50, M|\n|poke|p2|Dondozo, L50, M|\n|poke|p2|Tatsugiri-Stretchy, L50, M|\n|poke|p2|Glimmora, L50, M|\n|poke|p2|Chi-Yu, L50|\n|poke|p2|Flutter Mane, L50|\n|poke|p2|Dragonite, L50, M|\n|teampreview|4\nthrillcorner has agreed to open team sheets.\n|inactive|Battle timer is ON: inactive players will automatically lose when time's up. (requested by N 9902)\n|j| nave\n|inactive|thrillcorner has 60 seconds left.\n|inactive|N 9902 has 60 seconds left.\n|\n|t:|1683770974\n|start\n|switch|p1a: Iron Bundle|Iron Bundle, L50|100\/100\n|switch|p1b: Chi-Yu|Chi-Yu, L50|100\/100\n|switch|p2a: Glimmora|Glimmora, L50, M|100\/100\n|switch|p2b: Tatsugiri|Tatsugiri-Stretchy, L50, M|100\/100\n|-ability|p1b: Chi-Yu|Beads of Ruin\n|-enditem|p1a: Iron Bundle|Booster Energy\n|-activate|p1a: Iron Bundle|ability: Quark Drive|[fromitem]\n|-start|p1a: Iron Bundle|quarkdrivespe\n|turn|1\n|\n|t:|1683770998\n|move|p1a: Iron Bundle|Icy Wind|p2b: Tatsugiri|[spread] p2a,p2b\n|-damage|p2a: Glimmora|82\/100\n|-damage|p2b: Tatsugiri|68\/100\n|-unboost|p2a: Glimmora|spe|1\n|-unboost|p2b: Tatsugiri|spe|1\n|move|p1b: Chi-Yu|Dark Pulse|p2a: Glimmora\n|-damage|p2a: Glimmora|42\/100\n|cant|p2a: Glimmora|flinch\n|move|p2b: Tatsugiri|Muddy Water|p1b: Chi-Yu|[spread] p1a,p1b\n|-resisted|p1a: Iron Bundle\n|-supereffective|p1b: Chi-Yu\n|-damage|p1a: Iron Bundle|33\/100\n|-enditem|p1b: Chi-Yu|Focus Sash\n|-damage|p1b: Chi-Yu|1\/100\n|\n|upkeep\n|turn|2\n|inactive|thrillcorner has 30 seconds left.\n|\n|t:|1683771024\n|move|p1b: Chi-Yu|Protect|p1b: Chi-Yu\n|-singleturn|p1b: Chi-Yu|Protect\n|move|p1a: Iron Bundle|Freeze-Dry|p2b: Tatsugiri\n|-supereffective|p2b: Tatsugiri\n|-damage|p2b: Tatsugiri|0 fnt\n|faint|p2b: Tatsugiri\n|move|p2a: Glimmora|Power Gem|p1b: Chi-Yu\n|-activate|p1b: Chi-Yu|move: Protect\n|\n|upkeep\n|\n|t:|1683771035\n|switch|p2b: Dragonite|Dragonite, L50, M|100\/100\n|turn|3\n|\n|t:|1683771056\n|switch|p1b: Amoonguss|Amoonguss, L50, F|100\/100\n|switch|p2a: Chi-Yu|Chi-Yu, L50|100\/100\n|-ability|p2a: Chi-Yu|Beads of Ruin\n|-terastallize|p2b: Dragonite|Normal\n|move|p1a: Iron Bundle|Protect|p1a: Iron Bundle\n|-singleturn|p1a: Iron Bundle|Protect\n|move|p2b: Dragonite|Extreme Speed|p1a: Iron Bundle\n|-activate|p1a: Iron Bundle|move: Protect\n|\n|upkeep\n|turn|4\n|inactive|thrillcorner has 30 seconds left.\n|\n|t:|1683771082\n|-end|p1a: Iron Bundle|Quark Drive|[silent]\n|switch|p1a: Flutter Mane|Flutter Mane, L50|100\/100\n|-terastallize|p1b: Amoonguss|Water\n|move|p2b: Dragonite|Extreme Speed|p1b: Amoonguss\n|-damage|p1b: Amoonguss|42\/100\n|-enditem|p1b: Amoonguss|Sitrus Berry|[eat]\n|-heal|p1b: Amoonguss|67\/100|[from] item: Sitrus Berry\n|move|p2a: Chi-Yu|Flamethrower|p1b: Amoonguss\n|-resisted|p1b: Amoonguss\n|-damage|p1b: Amoonguss|36\/100\n|-status|p1b: Amoonguss|brn\n|move|p1b: Amoonguss|Spore|p2b: Dragonite\n|-status|p2b: Dragonite|slp|[from] move: Spore\n|\n|-damage|p1b: Amoonguss|30\/100 brn|[from] brn\n|upkeep\n|turn|5\n|\n|t:|1683771106\n|switch|p1b: Chi-Yu|Chi-Yu, L50|1\/100\n|-ability|p1b: Chi-Yu|Beads of Ruin\n|cant|p2b: Dragonite|slp\n|move|p1a: Flutter Mane|Power Gem|p2a: Chi-Yu\n|-supereffective|p2a: Chi-Yu\n|-damage|p2a: Chi-Yu|13\/100\n|move|p2a: Chi-Yu|Dark Pulse|p1b: Chi-Yu\n|-resisted|p1b: Chi-Yu\n|-damage|p1b: Chi-Yu|0 fnt\n|faint|p1b: Chi-Yu\n|\n|upkeep\n|\n|t:|1683771120\n|switch|p1b: Amoonguss|Amoonguss, L50, F, tera:Water|64\/100 brn\n|turn|6\n|\n|t:|1683771135\n|switch|p1b: Iron Bundle|Iron Bundle, L50|33\/100\n|cant|p2b: Dragonite|slp\n|move|p1a: Flutter Mane|Power Gem|p2a: Chi-Yu\n|-supereffective|p2a: Chi-Yu\n|-damage|p2a: Chi-Yu|0 fnt\n|faint|p2a: Chi-Yu\n|\n|upkeep\n|\n|t:|1683771142\n|switch|p2a: Glimmora|Glimmora, L50, M|42\/100\n|turn|7\n|\n|t:|1683771152\n|-end|p1a: Flutter Mane|Protosynthesis|[silent]\n|switch|p1a: Amoonguss|Amoonguss, L50, F, tera:Water|97\/100 brn\n|move|p1b: Iron Bundle|Protect|p1b: Iron Bundle\n|-singleturn|p1b: Iron Bundle|Protect\n|cant|p2b: Dragonite|slp\n|move|p2a: Glimmora|Power Gem|p1a: Amoonguss\n|-damage|p1a: Amoonguss|66\/100 brn\n|\n|-damage|p1a: Amoonguss|60\/100 brn|[from] brn\n|upkeep\n|turn|8\n|\n|t:|1683771172\n|-curestatus|p2b: Dragonite|slp|[msg]\n|move|p2b: Dragonite|Extreme Speed|p1b: Iron Bundle\n|-damage|p1b: Iron Bundle|0 fnt\n|faint|p1b: Iron Bundle\n|-end|p1b: Iron Bundle|Quark Drive|[silent]\n|move|p2a: Glimmora|Energy Ball|p1a: Amoonguss\n|-supereffective|p1a: Amoonguss\n|-damage|p1a: Amoonguss|15\/100 brn\n|move|p1a: Amoonguss|Spore|p2b: Dragonite\n|-status|p2b: Dragonite|slp|[from] move: Spore\n|\n|-damage|p1a: Amoonguss|9\/100 brn|[from] brn\n|upkeep\n|\n|t:|1683771184\n|switch|p1b: Flutter Mane|Flutter Mane, L50|100\/100\n|turn|9\n|inactive|thrillcorner has 30 seconds left.\n|\n|t:|1683771216\n|cant|p2b: Dragonite|slp\n|move|p1a: Amoonguss|Rage Powder|p1a: Amoonguss\n|-singleturn|p1a: Amoonguss|move: Rage Powder\n|move|p1b: Flutter Mane|Moonblast|p2a: Glimmora\n|-resisted|p2a: Glimmora\n|-damage|p2a: Glimmora|15\/100\n|move|p2a: Glimmora|Mortal Spin|p1b: Flutter Mane|[spread] p1a,p1b\n|-damage|p1a: Amoonguss|5\/100 brn\n|-damage|p1b: Flutter Mane|94\/100\n|-status|p1b: Flutter Mane|psn\n|\n|-damage|p1b: Flutter Mane|82\/100 psn|[from] psn\n|-damage|p1a: Amoonguss|0 fnt|[from] brn\n|faint|p1a: Amoonguss\n|upkeep\n|turn|10\n|l| nave\n|\n|t:|1683771238\n|cant|p2b: Dragonite|slp\n|move|p1b: Flutter Mane|Moonblast|p2a: Glimmora\n|-resisted|p2a: Glimmora\n|-damage|p2a: Glimmora|0 fnt\n|faint|p2a: Glimmora\n|\n|-damage|p1b: Flutter Mane|70\/100 psn|[from] psn\n|upkeep\n|turn|11\n|\n|t:|1683771246\n|cant|p2b: Dragonite|slp\n|move|p1b: Flutter Mane|Moonblast|p2b: Dragonite\n|-damage|p2b: Dragonite|67\/100 slp\n|-unboost|p2b: Dragonite|spa|1\n|\n|-damage|p1b: Flutter Mane|58\/100 psn|[from] psn\n|upkeep\n|turn|12\n|\n|t:|1683771254\n|-curestatus|p2b: Dragonite|slp|[msg]\n|move|p2b: Dragonite|Extreme Speed|p1b: Flutter Mane\n|-immune|p1b: Flutter Mane\n|move|p1b: Flutter Mane|Moonblast|p2b: Dragonite\n|-damage|p2b: Dragonite|0 fnt\n|faint|p2b: Dragonite\n|\n|win|thrillcorner\n|raw|thrillcorner's rating: 1383 → 1399<\/strong> (+16 for winning)\n|raw|N 9902's rating: 1312 → 1296<\/strong> (-16 for losing)\n|l|\u2606N 9902\n|c|\u2606thrillcorner|gg\n","uploadtime":1683771265,"views":118,"p1id":"thrillcorner","p2id":"n9902","formatid":"gen9vgc2023regulationc","rating":1296,"private":0,"password":""}