{"id":"gen9vgc2023regulationc-1863944344","p1":"Atlas Rj","p2":"StantlerGOAT","format":"[Gen 9] VGC 2023 Regulation C","log":"|j|\u2606Atlas Rj\n|j|\u2606StantlerGOAT\n|t:|1684096294\n|gametype|doubles\n|player|p1|Atlas Rj|veteran|1193\n|player|p2|StantlerGOAT|1|1127\n|teamsize|p1|6\n|teamsize|p2|6\n|gen|9\n|tier|[Gen 9] VGC 2023 Regulation C\n|rated|\n|rule|Species Clause: Limit one of each Pok\u00e9mon\n|rule|Item Clause: Limit one of each item\n|clearpoke\n|poke|p1|Amoonguss, L50, F|\n|poke|p1|Grimmsnarl, L50, M|\n|poke|p1|Hawlucha, L50, M|\n|poke|p1|Azumarill, L50, F|\n|poke|p1|Chien-Pao, L50|\n|poke|p1|Bellibolt, L50, F|\n|poke|p2|Dudunsparce-*, L50, M|\n|poke|p2|Oranguru, L50, F|\n|poke|p2|Iron Hands, L50|\n|poke|p2|Bronzong, L50|\n|poke|p2|Torkoal, L50, M|\n|poke|p2|Ting-Lu, L50|\n|teampreview|4\n|inactive|Battle timer is ON: inactive players will automatically lose when time's up. (requested by Atlas Rj)\nStantlerGOAT rejected open team sheets.\n|c|\u2606StantlerGOAT|Oh my gawddd\n|\n|t:|1684096324\n|start\n|switch|p1a: Amoonguss|Amoonguss, L50, F|100\/100\n|switch|p1b: Grimmsnarl|Grimmsnarl, L50, M|100\/100\n|switch|p2a: Dudunsparce|Dudunsparce, L50, M|100\/100\n|switch|p2b: Oranguru|Oranguru, L50, F|100\/100\n|turn|1\n|inactive|Atlas Rj has 30 seconds left.\n|inactive|Atlas Rj has 20 seconds left.\n|\n|t:|1684096363\n|move|p1b: Grimmsnarl|Spirit Break|p2b: Oranguru\n|-damage|p2b: Oranguru|69\/100\n|-unboost|p2b: Oranguru|spa|1\n|move|p2a: Dudunsparce|Zen Headbutt|p1a: Amoonguss\n|-supereffective|p1a: Amoonguss\n|-damage|p1a: Amoonguss|41\/100\n|-damage|p2a: Dudunsparce|84\/100|[from] item: Rocky Helmet|[of] p1a: Amoonguss\n|move|p2b: Oranguru|Instruct|p2a: Dudunsparce\n|-singleturn|p2a: Dudunsparce|move: Instruct|[of] p2b: Oranguru\n|move|p2a: Dudunsparce|Zen Headbutt|p1a: Amoonguss\n|-supereffective|p1a: Amoonguss\n|-damage|p1a: Amoonguss|0 fnt\n|-damage|p2a: Dudunsparce|68\/100|[from] item: Rocky Helmet|[of] p1a: Amoonguss\n|faint|p1a: Amoonguss\n|\n|upkeep\n|\n|t:|1684096378\n|switch|p1a: Bellibolt|Bellibolt, L50, F|100\/100\n|turn|2\n|c|\u2606StantlerGOAT|LETS AAA GOO\n|\n|t:|1684096388\n|move|p2a: Dudunsparce|Protect|p2a: Dudunsparce\n|-singleturn|p2a: Dudunsparce|Protect\n|move|p1b: Grimmsnarl|Misty Terrain|p1b: Grimmsnarl\n|-fieldstart|move: Misty Terrain\n|move|p1a: Bellibolt|Parabolic Charge|p2b: Oranguru|[spread] p1b,p2b\n|-activate|p2a: Dudunsparce|move: Protect\n|-damage|p1b: Grimmsnarl|72\/100\n|-damage|p2b: Oranguru|48\/100\n|move|p2b: Oranguru|Trick Room|p2b: Oranguru\n|-fieldstart|move: Trick Room|[of] p2b: Oranguru\n|\n|upkeep\n|turn|3\n|\n|t:|1684096410\n|move|p1b: Grimmsnarl|Reflect|p1b: Grimmsnarl\n|-sidestart|p1: Atlas Rj|Reflect\n|move|p2b: Oranguru|Brick Break|p2a: Dudunsparce\n|-supereffective|p2a: Dudunsparce\n|-damage|p2a: Dudunsparce|50\/100\n|-enditem|p2a: Dudunsparce|Weakness Policy\n|-boost|p2a: Dudunsparce|atk|2|[from] item: Weakness Policy\n|-boost|p2a: Dudunsparce|spa|2|[from] item: Weakness Policy\n|-activate|p2b: Oranguru|ability: Symbiosis|Wide Lens|[of] p2a: Dudunsparce\n|move|p2a: Dudunsparce|Rock Slide|p1a: Bellibolt|[spread] p1a,p1b\n|-damage|p1a: Bellibolt|79\/100\n|-damage|p1b: Grimmsnarl|41\/100\n|-start|p1a: Bellibolt|Charge|Rock Slide|[from] ability: Electromorphosis\n|cant|p1a: Bellibolt|flinch\n|-end|p1a: Bellibolt|Charge|[silent]\n|\n|upkeep\n|turn|4\n|c|\u2606Atlas Rj|bruh\n|inactive|Atlas Rj has 30 seconds left.\n|inactive|StantlerGOAT has 30 seconds left.\n|\n|t:|1684096435\n|move|p1b: Grimmsnarl|Swagger|p1a: Bellibolt\n|-boost|p1a: Bellibolt|atk|2\n|-activate|p1a: Bellibolt|move: Misty Terrain\n|move|p2b: Oranguru|Instruct|p2a: Dudunsparce\n|-singleturn|p2a: Dudunsparce|move: Instruct|[of] p2b: Oranguru\n|move|p2a: Dudunsparce|Rock Slide|p1a: Bellibolt|[spread] p1a,p1b\n|-damage|p1a: Bellibolt|58\/100\n|-damage|p1b: Grimmsnarl|10\/100\n|-start|p1a: Bellibolt|Charge|Rock Slide|[from] ability: Electromorphosis\n|move|p2a: Dudunsparce|Hyper Drill|p1a: Bellibolt\n|-damage|p1a: Bellibolt|3\/100\n|-start|p1a: Bellibolt|Charge|Hyper Drill|[from] ability: Electromorphosis\n|move|p1a: Bellibolt|Parabolic Charge|p2b: Oranguru|[spread] p1b,p2a,p2b\n|-damage|p1b: Grimmsnarl|0 fnt\n|-heal|p1a: Bellibolt|7\/100|[from] drain|[of] p1b: Grimmsnarl\n|-damage|p2a: Dudunsparce|3\/100\n|-heal|p1a: Bellibolt|32\/100|[from] drain|[of] p2a: Dudunsparce\n|-damage|p2b: Oranguru|5\/100\n|-heal|p1a: Bellibolt|52\/100|[from] drain|[of] p2b: Oranguru\n|faint|p1b: Grimmsnarl\n|-end|p1a: Bellibolt|Charge|[silent]\n|\n|upkeep\n|\n|t:|1684096456\n|switch|p1b: Azumarill|Azumarill, L50, F|100\/100\n|turn|5\n|\n|t:|1684096469\n|move|p1a: Bellibolt|Sucker Punch|p2a: Dudunsparce\n|-damage|p2a: Dudunsparce|0 fnt\n|faint|p2a: Dudunsparce\n|move|p1b: Azumarill|Aqua Jet|p2b: Oranguru\n|-damage|p2b: Oranguru|0 fnt\n|faint|p2b: Oranguru\n|\n|upkeep\n|\n|t:|1684096473\n|switch|p2b: Torkoal|Torkoal, L50, M|100\/100\n|switch|p2a: Iron Hands|Iron Hands, L50|100\/100\n|-weather|SunnyDay|[from] ability: Drought|[of] p2b: Torkoal\n|turn|6\n|inactive|Atlas Rj has 30 seconds left.\n|\n|t:|1684096502\n|-terastallize|p1b: Azumarill|Water\n|move|p1a: Bellibolt|Sucker Punch|p2b: Torkoal\n|-damage|p2b: Torkoal|86\/100\n|move|p1b: Azumarill|Aqua Jet|p2b: Torkoal\n|-supereffective|p2b: Torkoal\n|-damage|p2b: Torkoal|61\/100\n|move|p2b: Torkoal|Eruption|p1b: Azumarill|[spread] p1a,p1b\n|-resisted|p1b: Azumarill\n|-damage|p1a: Bellibolt|4\/100\n|-damage|p1b: Azumarill|73\/100\n|-start|p1a: Bellibolt|Charge|Eruption|[from] ability: Electromorphosis\n|move|p2a: Iron Hands|Drain Punch|p1a: Bellibolt\n|-damage|p1a: Bellibolt|0 fnt\n|faint|p1a: Bellibolt\n|\n|-weather|SunnyDay|[upkeep]\n|-fieldend|move: Trick Room\n|-fieldend|Misty Terrain\n|upkeep\n|turn|7\n|inactive|Atlas Rj has 30 seconds left.\n|inactive|StantlerGOAT has 30 seconds left.\n|\n|t:|1684096529\n|-terastallize|p2a: Iron Hands|Grass\n|move|p1b: Azumarill|Play Rough|p2a: Iron Hands\n|-damage|p2a: Iron Hands|61\/100\n|move|p2a: Iron Hands|Wild Charge|p1b: Azumarill\n|-supereffective|p1b: Azumarill\n|-damage|p1b: Azumarill|0 fnt\n|faint|p1b: Azumarill\n|-damage|p2a: Iron Hands|45\/100|[from] Recoil\n|\n|win|StantlerGOAT\n|raw|Atlas Rj's rating: 1193 → 1163<\/strong> (-30 for losing)\n|raw|StantlerGOAT's rating: 1127 → 1157<\/strong> (+30 for winning)\n|l|\u2606Atlas Rj\n","uploadtime":1684096544,"views":7,"p1id":"atlasrj","p2id":"stantlergoat","formatid":"gen9vgc2023regulationc","rating":1157,"private":0,"password":""}