{"id":"gen9vgc2023regulationc-1847013239","p1":"Wow_Yangg","p2":"Wwhite841","format":"[Gen 9] VGC 2023 Regulation C","log":"|j|\u2606Wow_Yangg\n|j|\u2606Wwhite841\n|t:|1681911684\n|gametype|doubles\n|player|p1|Wow_Yangg|fisherman-gen4|1249\n|player|p2|Wwhite841|pokemaniac|1322\n|teamsize|p1|6\n|teamsize|p2|6\n|gen|9\n|tier|[Gen 9] VGC 2023 Regulation C\n|rated|\n|rule|Species Clause: Limit one of each Pok\u00e9mon\n|rule|Item Clause: Limit one of each item\n|clearpoke\n|poke|p1|Arcanine, L50, M|\n|poke|p1|Kingambit, L50, F|\n|poke|p1|Palafin, L50, F|\n|poke|p1|Amoonguss, L50, F|\n|poke|p1|Flutter Mane, L50|\n|poke|p1|Ting-Lu, L50|\n|poke|p2|Iron Thorns, L50|\n|poke|p2|Farigiraf, L50, M|\n|poke|p2|Gyarados, L50, F|\n|poke|p2|Baxcalibur, L50, M|\n|poke|p2|Lumineon, L50, F|\n|poke|p2|Iron Moth, L50|\n|teampreview|4\n|inactive|Battle timer is ON: inactive players will automatically lose when time's up. (requested by Wwhite841)\n|inactive|Wwhite841 has 60 seconds left.\n|\n|t:|1681911726\n|start\n|switch|p1a: Arcanine|Arcanine, L50, M|100\/100\n|switch|p1b: Kingambit|Kingambit, L50, F|100\/100\n|switch|p2a: Farigiraf|Farigiraf, L50, M|100\/100\n|switch|p2b: Iron Thorns|Iron Thorns, L50|100\/100\n|-ability|p1a: Arcanine|Intimidate|boost\n|-unboost|p2a: Farigiraf|atk|1\n|-unboost|p2b: Iron Thorns|atk|1\n|turn|1\n|\n|t:|1681911736\n|-end|p2b: Iron Thorns|Quark Drive|[silent]\n|switch|p2b: Baxcalibur|Baxcalibur, L50, M|100\/100\n|-terastallize|p1b: Kingambit|Dark\n|move|p2a: Farigiraf|Protect|p2a: Farigiraf\n|-singleturn|p2a: Farigiraf|Protect\n|move|p1a: Arcanine|Howl|p1a: Arcanine|[spread] p1a,p1b\n|-boost|p1a: Arcanine|atk|1\n|-boost|p1b: Kingambit|atk|1\n|move|p1b: Kingambit|Kowtow Cleave|p2a: Farigiraf\n|-activate|p2a: Farigiraf|move: Protect\n|\n|upkeep\n|turn|2\n|\n|t:|1681911757\n|switch|p2a: Lumineon|Lumineon, L50, F|100\/100\n|move|p1a: Arcanine|Howl|p1a: Arcanine|[spread] p1a,p1b\n|-boost|p1a: Arcanine|atk|1\n|-boost|p1b: Kingambit|atk|1\n|move|p2b: Baxcalibur|Icicle Crash|p1b: Kingambit\n|-damage|p1b: Kingambit|62\/100\n|move|p1b: Kingambit|Kowtow Cleave|p2a: Lumineon\n|-damage|p2a: Lumineon|0 fnt\n|faint|p2a: Lumineon\n|\n|upkeep\n|\n|t:|1681911770\n|switch|p2a: Iron Thorns|Iron Thorns, L50|100\/100\n|turn|3\n|\n|t:|1681911777\n|switch|p1a: Amoonguss|Amoonguss, L50, F|100\/100\n|switch|p2b: Farigiraf|Farigiraf, L50, M|100\/100\n|-terastallize|p2a: Iron Thorns|Bug\n|move|p1b: Kingambit|Protect|p1b: Kingambit\n|-singleturn|p1b: Kingambit|Protect\n|move|p2a: Iron Thorns|Pin Missile|p1b: Kingambit\n|-activate|p1b: Kingambit|move: Protect\n|\n|upkeep\n|turn|4\n|\n|t:|1681911797\n|move|p1a: Amoonguss|Rage Powder|p1a: Amoonguss\n|-singleturn|p1a: Amoonguss|move: Rage Powder\n|move|p2a: Iron Thorns|Pin Missile|p1a: Amoonguss\n|-damage|p1a: Amoonguss|89\/100\n|-damage|p1a: Amoonguss|77\/100\n|-damage|p1a: Amoonguss|66\/100\n|-damage|p1a: Amoonguss|53\/100\n|-hitcount|p1a: Amoonguss|4\n|move|p1b: Kingambit|Kowtow Cleave|p2a: Iron Thorns\n|-damage|p2a: Iron Thorns|0 fnt\n|faint|p2a: Iron Thorns\n|-end|p2a: Iron Thorns|Quark Drive|[silent]\n|move|p2b: Farigiraf|Twin Beam|p1a: Amoonguss\n|-supereffective|p1a: Amoonguss\n|-damage|p1a: Amoonguss|21\/100\n|-supereffective|p1a: Amoonguss\n|-damage|p1a: Amoonguss|0 fnt\n|faint|p1a: Amoonguss\n|-hitcount|p1: Amoonguss|2\n|\n|upkeep\n|\n|t:|1681911809\n|switch|p2a: Baxcalibur|Baxcalibur, L50, M|100\/100\n|switch|p1a: Flutter Mane|Flutter Mane, L50|100\/100\n|-enditem|p1a: Flutter Mane|Booster Energy\n|-activate|p1a: Flutter Mane|ability: Protosynthesis|[fromitem]\n|-start|p1a: Flutter Mane|protosynthesisspa\n|turn|5\n|\n|t:|1681911827\n|move|p2b: Farigiraf|Protect|p2b: Farigiraf\n|-singleturn|p2b: Farigiraf|Protect\n|move|p1a: Flutter Mane|Moonblast|p2a: Baxcalibur\n|-supereffective|p2a: Baxcalibur\n|-damage|p2a: Baxcalibur|21\/100\n|-unboost|p2a: Baxcalibur|spa|1\n|move|p2a: Baxcalibur|Earthquake|p1a: Flutter Mane|[spread] p1a,p1b\n|-activate|p2b: Farigiraf|move: Protect\n|-damage|p1a: Flutter Mane|45\/100\n|-damage|p1b: Kingambit|41\/100\n|move|p1b: Kingambit|Kowtow Cleave|p2a: Baxcalibur\n|-damage|p2a: Baxcalibur|0 fnt\n|faint|p2a: Baxcalibur\n|\n|upkeep\n|turn|6\n|\n|t:|1681911839\n|move|p1a: Flutter Mane|Moonblast|p2b: Farigiraf\n|-damage|p2b: Farigiraf|35\/100\n|move|p1b: Kingambit|Kowtow Cleave|p2b: Farigiraf\n|-supereffective|p2b: Farigiraf\n|-damage|p2b: Farigiraf|0 fnt\n|faint|p2b: Farigiraf\n|\n|win|Wow_Yangg\n|raw|Wow_Yangg's rating: 1249 → 1279<\/strong> (+30 for winning)\n|raw|Wwhite841's rating: 1322 → 1298<\/strong> (-24 for losing)\n|l|\u2606Wwhite841\n|l|\u2606Wow_Yangg\n|j|\u2606Wow_Yangg\n|player|p1|Wow_Yangg|fisherman-gen4\n","uploadtime":1681911855,"views":8,"p1id":"wowyangg","p2id":"wwhite841","formatid":"gen9vgc2023regulationc","rating":1279,"private":0,"password":""}