{"id":"gen9vgc2023regulationc-1862793404","p1":"NickoVGC","p2":"D1M-R4DIEN","format":"[Gen 9] VGC 2023 Regulation C","log":"|j|\u2606NickoVGC\n|j|\u2606D1M-R4DIEN\n|t:|1683922557\n|gametype|doubles\n|player|p1|NickoVGC|ortega|1114\n|player|p2|D1M-R4DIEN|blackbelt|1109\n|teamsize|p1|6\n|teamsize|p2|6\n|gen|9\n|tier|[Gen 9] VGC 2023 Regulation C\n|rated|\n|rule|Species Clause: Limit one of each Pok\u00e9mon\n|rule|Item Clause: Limit one of each item\n|clearpoke\n|poke|p1|Dragonite, L50, M|\n|poke|p1|Amoonguss, L50, M|\n|poke|p1|Palafin, L50, M|\n|poke|p1|Flutter Mane, L50|\n|poke|p1|Ting-Lu, L50|\n|poke|p1|Garganacl, L50, F|\n|poke|p2|Garganacl, L50, M|\n|poke|p2|Murkrow, L50, F|\n|poke|p2|Gholdengo, L50|\n|poke|p2|Volcarona, L50, M|\n|poke|p2|Azumarill, L50, M|\n|poke|p2|Gengar, L50, F|\n|teampreview|4\n|inactive|Battle timer is ON: inactive players will automatically lose when time's up. (requested by D1M-R4DIEN)\nD1M-R4DIEN rejected open team sheets.\n|\n|t:|1683922587\n|start\n|switch|p1a: \ud83d\udc2cMosterfocker\ud83d\udc2c|Palafin, L50, M|100\/100\n|switch|p1b: Dragosam|Dragonite, L50, M|100\/100\n|switch|p2a: Murkrow|Murkrow, L50, F, shiny|100\/100\n|switch|p2b: Gholdengo|Gholdengo, L50|100\/100\n|turn|1\n|\n|t:|1683922605\n|detailschange|p1a: \ud83d\udc2cMosterfocker\ud83d\udc2c|Palafin-Hero, L50, M\n|switch|p1a: Eso Fisurin|Ting-Lu, L50|100\/100\n|-ability|p1a: Eso Fisurin|Vessel of Ruin\n|switch|p1b: \u30af\u30ed\u30f3\u30af\u30fb\u30c8\u30ed\u30fc\u30ea\u30f3\u30b0|Amoonguss, L50, M, shiny|100\/100\n|-terastallize|p2b: Gholdengo|Steel\n|move|p2a: Murkrow|Tailwind|p2a: Murkrow\n|-sidestart|p2: D1M-R4DIEN|move: Tailwind\n|move|p2b: Gholdengo|Make It Rain|p1b: \u30af\u30ed\u30f3\u30af\u30fb\u30c8\u30ed\u30fc\u30ea\u30f3\u30b0|[spread] p1a,p1b\n|-damage|p1a: Eso Fisurin|65\/100\n|-damage|p1b: \u30af\u30ed\u30f3\u30af\u30fb\u30c8\u30ed\u30fc\u30ea\u30f3\u30b0|42\/100\n|-unboost|p2b: Gholdengo|spa|1\n|-enditem|p1b: \u30af\u30ed\u30f3\u30af\u30fb\u30c8\u30ed\u30fc\u30ea\u30f3\u30b0|Sitrus Berry|[eat]\n|-heal|p1b: \u30af\u30ed\u30f3\u30af\u30fb\u30c8\u30ed\u30fc\u30ea\u30f3\u30b0|67\/100|[from] item: Sitrus Berry\n|\n|upkeep\n|turn|2\n|inactive|NickoVGC has 30 seconds left.\n|inactive|NickoVGC has 20 seconds left.\n|inactive|NickoVGC has 15 seconds left.\n|\n|t:|1683922648\n|switch|p2b: Garganacl|Garganacl, L50, M|100\/100\n|-terastallize|p1a: Eso Fisurin|Water\n|move|p2a: Murkrow|Taunt|p1b: \u30af\u30ed\u30f3\u30af\u30fb\u30c8\u30ed\u30fc\u30ea\u30f3\u30b0\n|-start|p1b: \u30af\u30ed\u30f3\u30af\u30fb\u30c8\u30ed\u30fc\u30ea\u30f3\u30b0|move: Taunt\n|move|p1a: Eso Fisurin|Ruination|p2a: Murkrow\n|-damage|p2a: Murkrow|51\/100\n|move|p1b: \u30af\u30ed\u30f3\u30af\u30fb\u30c8\u30ed\u30fc\u30ea\u30f3\u30b0|Pollen Puff|p1a: Eso Fisurin\n|-heal|p1a: Eso Fisurin|100\/100\n|\n|upkeep\n|turn|3\n|\n|t:|1683922665\n|switch|p2a: Gengar|Gengar, L50, F|100\/100\n|move|p2b: Garganacl|Iron Defense|p2b: Garganacl\n|-boost|p2b: Garganacl|def|2\n|move|p1a: Eso Fisurin|Stomping Tantrum|p2b: Garganacl\n|-supereffective|p2b: Garganacl\n|-damage|p2b: Garganacl|82\/100\n|move|p1b: \u30af\u30ed\u30f3\u30af\u30fb\u30c8\u30ed\u30fc\u30ea\u30f3\u30b0|Pollen Puff|p2a: Gengar\n|-resisted|p2a: Gengar\n|-damage|p2a: Gengar|95\/100\n|\n|-heal|p2b: Garganacl|88\/100|[from] item: Leftovers\n|upkeep\n|turn|4\n|\n|t:|1683922687\n|move|p2a: Gengar|Destiny Bond|p2a: Gengar\n|-singlemove|p2a: Gengar|Destiny Bond\n|move|p2b: Garganacl|Iron Defense|p2b: Garganacl\n|-boost|p2b: Garganacl|def|2\n|move|p1a: Eso Fisurin|Ruination|p2b: Garganacl\n|-damage|p2b: Garganacl|44\/100\n|move|p1b: \u30af\u30ed\u30f3\u30af\u30fb\u30c8\u30ed\u30fc\u30ea\u30f3\u30b0|Pollen Puff|p1a: Eso Fisurin\n|-immune|p1a: Eso Fisurin\n|\n|-heal|p2b: Garganacl|50\/100|[from] item: Leftovers\n|-end|p1b: \u30af\u30ed\u30f3\u30af\u30fb\u30c8\u30ed\u30fc\u30ea\u30f3\u30b0|move: Taunt\n|-sideend|p2: D1M-R4DIEN|move: Tailwind\n|upkeep\n|turn|5\n|inactive|D1M-R4DIEN has 30 seconds left.\n|\n|t:|1683922714\n|move|p2a: Gengar|Shadow Ball|p1b: \u30af\u30ed\u30f3\u30af\u30fb\u30c8\u30ed\u30fc\u30ea\u30f3\u30b0\n|-damage|p1b: \u30af\u30ed\u30f3\u30af\u30fb\u30c8\u30ed\u30fc\u30ea\u30f3\u30b0|33\/100\n|-damage|p2a: Gengar|86\/100|[from] item: Life Orb\n|move|p1a: Eso Fisurin|Ruination|p2b: Garganacl\n|-damage|p2b: Garganacl|26\/100\n|move|p2b: Garganacl|Body Press|p1a: Eso Fisurin\n|-damage|p1a: Eso Fisurin|54\/100\n|move|p1b: \u30af\u30ed\u30f3\u30af\u30fb\u30c8\u30ed\u30fc\u30ea\u30f3\u30b0|Pollen Puff|p1a: Eso Fisurin\n|-heal|p1a: Eso Fisurin|100\/100\n|\n|-heal|p2b: Garganacl|31\/100|[from] item: Leftovers\n|upkeep\n|turn|6\n|inactive|NickoVGC has 30 seconds left.\n|\n|t:|1683922741\n|switch|p1b: Dragosam|Dragonite, L50, M|100\/100\n|move|p2a: Gengar|Shadow Ball|p1b: Dragosam\n|-damage|p1b: Dragosam|65\/100\n|-damage|p2a: Gengar|76\/100|[from] item: Life Orb\n|move|p1a: Eso Fisurin|Fissure|p2b: Garganacl\n|-damage|p2b: Garganacl|0 fnt\n|faint|p2b: Garganacl\n|-ohko\n|\n|upkeep\n|\n|t:|1683922748\n|switch|p2b: Murkrow|Murkrow, L50, F, shiny|51\/100\n|turn|7\n|inactive|NickoVGC has 30 seconds left.\n|\n|t:|1683922780\n|move|p1b: Dragosam|Extreme Speed|p2b: Murkrow\n|-damage|p2b: Murkrow|23\/100\n|move|p2b: Murkrow|Tailwind|p2b: Murkrow\n|-sidestart|p2: D1M-R4DIEN|move: Tailwind\n|move|p2a: Gengar|Destiny Bond|p2a: Gengar\n|-singlemove|p2a: Gengar|Destiny Bond\n|move|p1a: Eso Fisurin|Ruination|p2a: Gengar\n|-damage|p2a: Gengar|38\/100\n|-start|p1a: Eso Fisurin|Disable|Ruination|[from] ability: Cursed Body|[of] p2a: Gengar\n|\n|upkeep\n|turn|8\n|inactive|NickoVGC has 30 seconds left.\n|inactive|D1M-R4DIEN has 30 seconds left.\n|inactive|NickoVGC has 20 seconds left.\n|\n|t:|1683922819\n|move|p1b: Dragosam|Extreme Speed|p2b: Murkrow\n|-damage|p2b: Murkrow|0 fnt\n|faint|p2b: Murkrow\n|move|p2a: Gengar|Dark Pulse|p1a: Eso Fisurin\n|-damage|p1a: Eso Fisurin|88\/100\n|-damage|p2a: Gengar|29\/100|[from] item: Life Orb\n|cant|p1a: Eso Fisurin|flinch\n|\n|upkeep\n|\n|t:|1683922823\n|switch|p2b: Gholdengo|Gholdengo, L50, tera:Steel|100\/100\n|turn|9\n|inactive|NickoVGC has 30 seconds left.\n|\n|t:|1683922857\n|move|p2a: Gengar|Destiny Bond|p2a: Gengar\n|-singlemove|p2a: Gengar|Destiny Bond\n|move|p2b: Gholdengo|Make It Rain|p1b: Dragosam|[spread] p1a,p1b\n|-resisted|p1a: Eso Fisurin\n|-damage|p1a: Eso Fisurin|69\/100\n|-damage|p1b: Dragosam|3\/100\n|-unboost|p2b: Gholdengo|spa|1\n|move|p1b: Dragosam|Dragon Dance|p1b: Dragosam\n|-boost|p1b: Dragosam|atk|1\n|-boost|p1b: Dragosam|spe|1\n|move|p1a: Eso Fisurin|Stomping Tantrum|p2b: Gholdengo\n|-supereffective|p2b: Gholdengo\n|-damage|p2b: Gholdengo|0 fnt\n|faint|p2b: Gholdengo\n|\n|upkeep\n|turn|10\n|-message|D1M-R4DIEN forfeited.\n|\n|win|NickoVGC\n|raw|NickoVGC's rating: 1114 → 1139<\/strong> (+25 for winning)\n|raw|D1M-R4DIEN's rating: 1109 → 1084<\/strong> (-25 for losing)\n|l|\u2606D1M-R4DIEN\n","uploadtime":1683922883,"views":13,"p1id":"nickovgc","p2id":"d1mr4dien","formatid":"gen9vgc2023regulationc","rating":1084,"private":0,"password":""}