{"id":"gen9vgc2023regulationc-1863249406","p1":"Luckybadday","p2":"Innho2","format":"[Gen 9] VGC 2023 Regulation C","log":"|j|\u2606Luckybadday\n|j|\u2606Innho2\n|t:|1683993587\n|gametype|doubles\n|player|p1|Luckybadday|101|1123\n|player|p2|Innho2|red|1156\n|teamsize|p1|6\n|teamsize|p2|6\n|gen|9\n|tier|[Gen 9] VGC 2023 Regulation C\n|rated|\n|rule|Species Clause: Limit one of each Pok\u00e9mon\n|rule|Item Clause: Limit one of each item\n|clearpoke\n|poke|p1|Glimmora, L50, M|\n|poke|p1|Krookodile, L50, M|\n|poke|p1|Garchomp, L50, M|\n|poke|p1|Pawmot, L50, M|\n|poke|p1|Houndstone, L50, M|\n|poke|p1|Hippowdon, L50, F|\n|poke|p2|Dragapult, L50, M|\n|poke|p2|Iron Bundle, L50|\n|poke|p2|Amoonguss, L50, F|\n|poke|p2|Iron Valiant, L50|\n|poke|p2|Annihilape, L50, F|\n|poke|p2|Chi-Yu, L50|\n|teampreview|4\n|inactive|Battle timer is ON: inactive players will automatically lose when time's up. (requested by Luckybadday)\n|inactive|Luckybadday has 60 seconds left.\n|inactive|Innho2 has 60 seconds left.\n|inactive|Innho2 has 30 seconds left.\n|inactive|Innho2 has 20 seconds left.\n|inactive|Innho2 has 15 seconds left.\n|\n|t:|1683993666\n|start\n|switch|p1a: Garchomp|Garchomp, L50, M|100\/100\n|switch|p1b: Hippowdon|Hippowdon, L50, F|100\/100\n|switch|p2a: Iron Bundle|Iron Bundle, L50|100\/100\n|switch|p2b: Amoonguss|Amoonguss, L50, F|100\/100\n|-weather|Sandstorm|[from] ability: Sand Stream|[of] p1b: Hippowdon\n|turn|1\n|\n|t:|1683993686\n|move|p2a: Iron Bundle|Protect|p2a: Iron Bundle\n|-singleturn|p2a: Iron Bundle|Protect\n|move|p1a: Garchomp|Rock Slide|p2a: Iron Bundle|[spread] p2b\n|-activate|p2a: Iron Bundle|move: Protect\n|-damage|p2b: Amoonguss|84\/100\n|move|p1b: Hippowdon|Yawn|p2b: Amoonguss\n|-start|p2b: Amoonguss|move: Yawn|[of] p1b: Hippowdon\n|move|p2b: Amoonguss|Spore|p1a: Garchomp\n|-status|p1a: Garchomp|slp|[from] move: Spore\n|\n|-weather|Sandstorm|[upkeep]\n|-damage|p2a: Iron Bundle|94\/100|[from] Sandstorm\n|-damage|p2b: Amoonguss|78\/100|[from] Sandstorm\n|upkeep\n|turn|2\n|\n|t:|1683993705\n|switch|p1a: Pawmot|Pawmot, L50, M|100\/100\n|move|p2a: Iron Bundle|Hydro Pump|p1b: Hippowdon\n|-supereffective|p1b: Hippowdon\n|-damage|p1b: Hippowdon|0 fnt\n|faint|p1b: Hippowdon\n|move|p2b: Amoonguss|Spore|p1a: Pawmot\n|-status|p1a: Pawmot|slp|[from] move: Spore\n|\n|-weather|Sandstorm|[upkeep]\n|-damage|p2a: Iron Bundle|88\/100|[from] Sandstorm\n|-damage|p1a: Pawmot|94\/100 slp|[from] Sandstorm\n|-damage|p2b: Amoonguss|72\/100|[from] Sandstorm\n|-end|p2b: Amoonguss|move: Yawn|[silent]\n|-status|p2b: Amoonguss|slp\n|upkeep\n|\n|t:|1683993715\n|switch|p1b: Krookodile|Krookodile, L50, M|100\/100\n|turn|3\n|\n|t:|1683993736\n|move|p2a: Iron Bundle|Protect|p2a: Iron Bundle\n|-singleturn|p2a: Iron Bundle|Protect\n|cant|p1a: Pawmot|slp\n|move|p1b: Krookodile|Rock Slide|p2a: Iron Bundle|[spread] p2b\n|-activate|p2a: Iron Bundle|move: Protect\n|-damage|p2b: Amoonguss|56\/100 slp\n|cant|p2b: Amoonguss|slp\n|\n|-weather|Sandstorm|[upkeep]\n|-damage|p2a: Iron Bundle|82\/100|[from] Sandstorm\n|-damage|p1a: Pawmot|88\/100 slp|[from] Sandstorm\n|-damage|p2b: Amoonguss|50\/100 slp|[from] Sandstorm\n|-enditem|p2b: Amoonguss|Sitrus Berry|[eat]\n|-heal|p2b: Amoonguss|75\/100 slp|[from] item: Sitrus Berry\n|upkeep\n|turn|4\n|\n|t:|1683993751\n|move|p2a: Iron Bundle|Hydro Pump|p1b: Krookodile\n|-supereffective|p1b: Krookodile\n|-crit|p1b: Krookodile\n|-damage|p1b: Krookodile|0 fnt\n|faint|p1b: Krookodile\n|cant|p1a: Pawmot|slp\n|-curestatus|p2b: Amoonguss|slp|[msg]\n|move|p2b: Amoonguss|Spore|p1a: Pawmot\n|-fail|p1a: Pawmot|slp\n|\n|-weather|Sandstorm|[upkeep]\n|-damage|p2a: Iron Bundle|76\/100|[from] Sandstorm\n|-damage|p1a: Pawmot|82\/100 slp|[from] Sandstorm\n|-damage|p2b: Amoonguss|69\/100|[from] Sandstorm\n|upkeep\n|\n|t:|1683993757\n|switch|p1b: Garchomp|Garchomp, L50, M|100\/100 slp\n|turn|5\n|inactive|Luckybadday has 30 seconds left.\n|inactive|Luckybadday has 20 seconds left.\n|inactive|Luckybadday has 15 seconds left.\n|inactive|Innho2 has 30 seconds left.\n|inactive|Luckybadday has 10 seconds left.\n|inactive|Innho2 has 20 seconds left.\n|inactive|Innho2 has 15 seconds left.\n|\n|t:|1683993813\n|-terastallize|p2a: Iron Bundle|Ice\n|cant|p1b: Garchomp|slp\n|move|p2a: Iron Bundle|Freeze-Dry|p1a: Pawmot\n|-damage|p1a: Pawmot|0 fnt\n|faint|p1a: Pawmot\n|move|p2b: Amoonguss|Spore|p1b: Garchomp\n|-fail|p1b: Garchomp|slp\n|\n|-weather|none\n|upkeep\n|turn|6\n|\n|t:|1683993829\n|cant|p1b: Garchomp|slp\n|move|p2a: Iron Bundle|Freeze-Dry|p1b: Garchomp\n|-supereffective|p1b: Garchomp\n|-damage|p1b: Garchomp|0 fnt\n|faint|p1b: Garchomp\n|\n|win|Innho2\n|raw|Luckybadday's rating: 1123 → 1100<\/strong> (-23 for losing)\n|raw|Innho2's rating: 1156 → 1179<\/strong> (+23 for winning)\n","uploadtime":1683993875,"views":6,"p1id":"luckybadday","p2id":"innho2","formatid":"gen9vgc2023regulationc","rating":1100,"private":0,"password":""}