{"id":"gen9vgc2023regulationc-1851851226","p1":"Shuza1234","p2":"haha u rage quit","format":"[Gen 9] VGC 2023 Regulation C","log":"|j|\u2606Shuza1234\n|j|\u2606haha u rage quit\n|t:|1682495021\n|gametype|doubles\n|player|p1|Shuza1234|265|1503\n|player|p2|haha u rage quit|pokemaniac|1405\n|teamsize|p1|6\n|teamsize|p2|6\n|gen|9\n|tier|[Gen 9] VGC 2023 Regulation C\n|rated|\n|rule|Species Clause: Limit one of each Pok\u00e9mon\n|rule|Item Clause: Limit one of each item\n|clearpoke\n|poke|p1|Great Tusk, L50|\n|poke|p1|Murkrow, L50, M|\n|poke|p1|Chi-Yu, L50|\n|poke|p1|Flutter Mane, L50|\n|poke|p1|Iron Bundle, L50|\n|poke|p1|Gothitelle, L50, F|\n|poke|p2|Glimmora, L50, M|\n|poke|p2|Iron Bundle, L50|\n|poke|p2|Dondozo, L50, M|\n|poke|p2|Dragonite, L50, M|\n|poke|p2|Tatsugiri-Droopy, L50, M|\n|poke|p2|Chi-Yu, L50|\n|teampreview|4\n|inactive|Battle timer is ON: inactive players will automatically lose when time's up. (requested by haha u rage quit)\n|inactive|Shuza1234 has 60 seconds left.\n|\n|t:|1682495097\n|start\n|switch|p1a: Iron Bundle|Iron Bundle, L50|100\/100\n|switch|p1b: Flutter Mane|Flutter Mane, L50|100\/100\n|switch|p2a: Iron Bundle|Iron Bundle, L50, shiny|100\/100\n|switch|p2b: Glimmora|Glimmora, L50, M, shiny|100\/100\n|-enditem|p2a: Iron Bundle|Booster Energy\n|-activate|p2a: Iron Bundle|ability: Quark Drive|[fromitem]\n|-start|p2a: Iron Bundle|quarkdrivespe\n|-enditem|p1a: Iron Bundle|Booster Energy\n|-activate|p1a: Iron Bundle|ability: Quark Drive|[fromitem]\n|-start|p1a: Iron Bundle|quarkdrivespe\n|turn|1\n|\n|t:|1682495122\n|move|p1a: Iron Bundle|Protect|p1a: Iron Bundle\n|-singleturn|p1a: Iron Bundle|Protect\n|move|p2a: Iron Bundle|Icy Wind|p1b: Flutter Mane|[spread] p1b\n|-activate|p1a: Iron Bundle|move: Protect\n|-damage|p1b: Flutter Mane|78\/100\n|-unboost|p1b: Flutter Mane|spe|1\n|move|p1b: Flutter Mane|Dazzling Gleam|p2a: Iron Bundle|[spread] p2a,p2b\n|-crit|p2a: Iron Bundle\n|-resisted|p2b: Glimmora\n|-damage|p2a: Iron Bundle|0 fnt\n|-damage|p2b: Glimmora|84\/100\n|faint|p2a: Iron Bundle\n|-end|p2a: Iron Bundle|Quark Drive|[silent]\n|move|p2b: Glimmora|Mortal Spin|p1b: Flutter Mane|[spread] p1b\n|-activate|p1a: Iron Bundle|move: Protect\n|-damage|p1b: Flutter Mane|70\/100\n|-status|p1b: Flutter Mane|psn\n|\n|-damage|p1b: Flutter Mane|57\/100 psn|[from] psn\n|upkeep\n|\n|t:|1682495139\n|switch|p2a: Dondozo|Dondozo, L50, M|100\/100\n|turn|2\n|\n|t:|1682495145\n|-end|p1b: Flutter Mane|Protosynthesis|[silent]\n|switch|p1b: Murkrow|Murkrow, L50, M|100\/100\n|move|p2a: Dondozo|Protect|p2a: Dondozo\n|-singleturn|p2a: Dondozo|Protect\n|move|p1a: Iron Bundle|Hydro Pump|p2b: Glimmora|[miss]\n|-miss|p1a: Iron Bundle|p2b: Glimmora\n|move|p2b: Glimmora|Mortal Spin|p1b: Murkrow|[spread] p1a,p1b\n|-damage|p1a: Iron Bundle|95\/100\n|-damage|p1b: Murkrow|89\/100\n|-status|p1a: Iron Bundle|psn\n|-status|p1b: Murkrow|psn\n|\n|-damage|p1a: Iron Bundle|83\/100 psn|[from] psn\n|-damage|p1b: Murkrow|76\/100 psn|[from] psn\n|upkeep\n|turn|3\n|\n|t:|1682495168\n|switch|p1b: Flutter Mane|Flutter Mane, L50|57\/100 psn\n|move|p1a: Iron Bundle|Hydro Pump|p2b: Glimmora\n|-supereffective|p2b: Glimmora\n|-damage|p2b: Glimmora|11\/100\n|move|p2b: Glimmora|Power Gem|p1b: Flutter Mane\n|-damage|p1b: Flutter Mane|22\/100 psn\n|move|p2a: Dondozo|Wave Crash|p1b: Flutter Mane\n|-damage|p1b: Flutter Mane|0 fnt\n|faint|p1b: Flutter Mane\n|-end|p1b: Flutter Mane|Protosynthesis|[silent]\n|-damage|p2a: Dondozo|96\/100|[from] Recoil\n|\n|-heal|p2a: Dondozo|100\/100|[from] item: Leftovers\n|-damage|p1a: Iron Bundle|71\/100 psn|[from] psn\n|upkeep\n|\n|t:|1682495179\n|switch|p1b: Great Tusk|Great Tusk, L50|100\/100\n|turn|4\n|\n|t:|1682495190\n|switch|p2b: Tatsugiri|Tatsugiri-Droopy, L50, M|100\/100\n|-activate|p2b: Tatsugiri|ability: Commander|[of] p2a: Dondozo\n|-boost|p2a: Dondozo|atk|2\n|-boost|p2a: Dondozo|spa|2\n|-boost|p2a: Dondozo|spe|2\n|-boost|p2a: Dondozo|def|2\n|-boost|p2a: Dondozo|spd|2\n|-terastallize|p1b: Great Tusk|Steel\n|move|p1a: Iron Bundle|Freeze-Dry|p2b: Tatsugiri|[miss]\n|-miss|p1a: Iron Bundle|p2b: Tatsugiri\n|move|p1b: Great Tusk|Headlong Rush|p2a: Dondozo\n|-damage|p2a: Dondozo|78\/100\n|-unboost|p1b: Great Tusk|def|1\n|-unboost|p1b: Great Tusk|spd|1\n|move|p2a: Dondozo|Wave Crash|p1b: Great Tusk\n|-damage|p1b: Great Tusk|0 fnt\n|faint|p1b: Great Tusk\n|-end|p1b: Great Tusk|Protosynthesis|[silent]\n|-damage|p2a: Dondozo|50\/100|[from] Recoil\n|\n|-heal|p2a: Dondozo|56\/100|[from] item: Leftovers\n|-damage|p1a: Iron Bundle|59\/100 psn|[from] psn\n|upkeep\n|\n|t:|1682495196\n|switch|p1b: Murkrow|Murkrow, L50, M|76\/100 psn\n|turn|5\n|\n|t:|1682495211\n|move|p1b: Murkrow|Haze|p1b: Murkrow\n|-clearallboost\n|move|p1a: Iron Bundle|Freeze-Dry|p2a: Dondozo\n|-supereffective|p2a: Dondozo\n|-damage|p2a: Dondozo|0 fnt\n|faint|p2a: Dondozo\n|\n|-damage|p1a: Iron Bundle|47\/100 psn|[from] psn\n|-damage|p1b: Murkrow|64\/100 psn|[from] psn\n|upkeep\n|\n|t:|1682495217\n|switch|p2a: Glimmora|Glimmora, L50, M, shiny|11\/100\n|turn|6\n|\n|t:|1682495233\n|-terastallize|p2b: Tatsugiri|Steel\n|move|p1a: Iron Bundle|Freeze-Dry|p2b: Tatsugiri\n|-resisted|p2b: Tatsugiri\n|-damage|p2b: Tatsugiri|76\/100\n|move|p2b: Tatsugiri|Icy Wind|p1b: Murkrow|[spread] p1a,p1b\n|-resisted|p1a: Iron Bundle\n|-supereffective|p1b: Murkrow\n|-damage|p1a: Iron Bundle|40\/100 psn\n|-damage|p1b: Murkrow|0 fnt\n|-unboost|p1a: Iron Bundle|spe|1\n|faint|p1b: Murkrow\n|move|p2a: Glimmora|Energy Ball|p1a: Iron Bundle\n|-supereffective|p1a: Iron Bundle\n|-damage|p1a: Iron Bundle|0 fnt\n|faint|p1a: Iron Bundle\n|-end|p1a: Iron Bundle|Quark Drive|[silent]\n|\n|win|haha u rage quit\n|raw|Shuza1234's rating: 1503 → 1478<\/strong> (-25 for losing)\n|raw|haha u rage quit's rating: 1405 → 1430<\/strong> (+25 for winning)\n|l|\u2606Shuza1234\n","uploadtime":1682495264,"views":16,"p1id":"shuza1234","p2id":"hahauragequit","formatid":"gen9vgc2023regulationc","rating":1430,"private":0,"password":""}