{"id":"gen9vgc2023regulationc-1862870375","p1":"anshar_training","p2":"Fillocarletti","format":"[Gen 9] VGC 2023 Regulation C","log":"|j|\u2606anshar_training\n|j|\u2606Fillocarletti\n|t:|1683931696\n|gametype|doubles\n|player|p1|anshar_training|colress|1241\n|player|p2|Fillocarletti|265|1235\n|teamsize|p1|6\n|teamsize|p2|6\n|gen|9\n|tier|[Gen 9] VGC 2023 Regulation C\n|rated|\n|rule|Species Clause: Limit one of each Pok\u00e9mon\n|rule|Item Clause: Limit one of each item\n|clearpoke\n|poke|p1|Gyarados, L50, M|\n|poke|p1|Flutter Mane, L50|\n|poke|p1|Chi-Yu, L50|\n|poke|p1|Amoonguss, L50, M|\n|poke|p1|Garchomp, L50, M|\n|poke|p1|Kingambit, L50, M|\n|poke|p2|Iron Treads, L50|\n|poke|p2|Iron Bundle, L50|\n|poke|p2|Ting-Lu, L50|\n|poke|p2|Flutter Mane, L50|\n|poke|p2|Amoonguss, L50, F|\n|poke|p2|Rotom-Wash, L50|\n|teampreview|4\n|inactive|Battle timer is ON: inactive players will automatically lose when time's up. (requested by anshar_training)\n|inactive|anshar_training has 60 seconds left.\n|inactive|Fillocarletti has 60 seconds left.\n|inactive|anshar_training has 30 seconds left.\n|inactive|anshar_training has 20 seconds left.\n|\n|t:|1683931770\n|start\n|switch|p1a: Chi-Yu|Chi-Yu, L50|100\/100\n|switch|p1b: Amoonguss|Amoonguss, L50, M|100\/100\n|switch|p2a: Ting-Lu|Ting-Lu, L50|100\/100\n|switch|p2b: Iron Treads|Iron Treads, L50|100\/100\n|-ability|p1a: Chi-Yu|Beads of Ruin\n|-ability|p2a: Ting-Lu|Vessel of Ruin\n|-enditem|p2b: Iron Treads|Booster Energy\n|-activate|p2b: Iron Treads|ability: Quark Drive|[fromitem]\n|-start|p2b: Iron Treads|quarkdriveatk\n|turn|1\n|inactive|anshar_training has 30 seconds left.\n|inactive|anshar_training has 20 seconds left.\n|inactive|anshar_training has 15 seconds left.\n|inactive|anshar_training has 10 seconds left.\n|\n|t:|1683931819\n|switch|p1a: Gyarados|Gyarados, L50, M|100\/100\n|-ability|p1a: Gyarados|Intimidate|boost\n|-unboost|p2a: Ting-Lu|atk|1\n|-unboost|p2b: Iron Treads|atk|1\n|-terastallize|p2a: Ting-Lu|Grass\n|move|p2b: Iron Treads|Earthquake|p1a: Gyarados|[spread] p2a,p1b\n|-immune|p1a: Gyarados\n|-resisted|p2a: Ting-Lu\n|-damage|p2a: Ting-Lu|91\/100\n|-damage|p1b: Amoonguss|76\/100\n|move|p2a: Ting-Lu|Stomping Tantrum|p1a: Gyarados\n|-immune|p1a: Gyarados\n|move|p1b: Amoonguss|Spore|p2a: Ting-Lu\n|-immune|p2a: Ting-Lu\n|\n|upkeep\n|turn|2\n|\n|t:|1683931840\n|move|p2b: Iron Treads|Protect|p2b: Iron Treads\n|-singleturn|p2b: Iron Treads|Protect\n|move|p1a: Gyarados|Thunder Wave|p2a: Ting-Lu\n|-status|p2a: Ting-Lu|par\n|move|p1b: Amoonguss|Spore|p2b: Iron Treads\n|-activate|p2b: Iron Treads|move: Protect\n|move|p2a: Ting-Lu|Ruination|p1a: Gyarados\n|-damage|p1a: Gyarados|50\/100\n|\n|upkeep\n|turn|3\n|\n|t:|1683931864\n|move|p2b: Iron Treads|Ice Spinner|p1a: Gyarados\n|-damage|p1a: Gyarados|29\/100\n|move|p1a: Gyarados|Waterfall|p2b: Iron Treads\n|-supereffective|p2b: Iron Treads\n|-damage|p2b: Iron Treads|39\/100\n|move|p1b: Amoonguss|Spore|p2b: Iron Treads\n|-status|p2b: Iron Treads|slp|[from] move: Spore\n|move|p2a: Ting-Lu|Fissure|p1b: Amoonguss|[miss]\n|-miss|p2a: Ting-Lu|p1b: Amoonguss\n|\n|upkeep\n|turn|4\n|\n|t:|1683931879\n|cant|p2b: Iron Treads|slp\n|move|p1a: Gyarados|Waterfall|p2b: Iron Treads\n|-supereffective|p2b: Iron Treads\n|-damage|p2b: Iron Treads|0 fnt\n|faint|p2b: Iron Treads\n|-end|p2b: Iron Treads|Quark Drive|[silent]\n|move|p1b: Amoonguss|Pollen Puff|p1a: Gyarados\n|-heal|p1a: Gyarados|79\/100\n|cant|p2a: Ting-Lu|par\n|\n|upkeep\n|\n|t:|1683931894\n|switch|p2b: Iron Bundle|Iron Bundle, L50|100\/100\n|turn|5\n|\n|t:|1683931912\n|switch|p2a: Rotom|Rotom-Wash, L50|100\/100\n|move|p1b: Amoonguss|Rage Powder|p1b: Amoonguss\n|-singleturn|p1b: Amoonguss|move: Rage Powder\n|move|p2b: Iron Bundle|Encore|p1b: Amoonguss\n|-start|p1b: Amoonguss|Encore\n|move|p1a: Gyarados|Thunder Wave|p2b: Iron Bundle\n|-status|p2b: Iron Bundle|par\n|\n|upkeep\n|turn|6\n|inactive|anshar_training has 30 seconds left.\n|\n|t:|1683931940\n|move|p1b: Amoonguss|Rage Powder|p1b: Amoonguss\n|-singleturn|p1b: Amoonguss|move: Rage Powder\n|move|p2a: Rotom|Thunderbolt|p1b: Amoonguss\n|-resisted|p1b: Amoonguss\n|-damage|p1b: Amoonguss|51\/100\n|-damage|p2a: Rotom|91\/100|[from] item: Life Orb\n|move|p1a: Gyarados|Taunt|p2a: Rotom\n|-start|p2a: Rotom|move: Taunt\n|move|p2b: Iron Bundle|Icy Wind|p1b: Amoonguss|[spread] p1b\n|-miss|p2b: Iron Bundle|p1a: Gyarados\n|-supereffective|p1b: Amoonguss\n|-damage|p1b: Amoonguss|22\/100\n|-unboost|p1b: Amoonguss|spe|1\n|-enditem|p1b: Amoonguss|Sitrus Berry|[eat]\n|-heal|p1b: Amoonguss|47\/100|[from] item: Sitrus Berry\n|\n|upkeep\n|turn|7\n|inactive|Fillocarletti has 30 seconds left.\n|\n|t:|1683931970\n|move|p1b: Amoonguss|Rage Powder|p1b: Amoonguss\n|-singleturn|p1b: Amoonguss|move: Rage Powder\n|move|p2a: Rotom|Thunderbolt|p1b: Amoonguss\n|-resisted|p1b: Amoonguss\n|-damage|p1b: Amoonguss|21\/100\n|-damage|p2a: Rotom|82\/100|[from] item: Life Orb\n|move|p1a: Gyarados|Waterfall|p2b: Iron Bundle\n|-resisted|p2b: Iron Bundle\n|-damage|p2b: Iron Bundle|82\/100 par\n|cant|p2b: Iron Bundle|flinch\n|\n|upkeep\n|turn|8\n|\n|t:|1683931987\n|move|p1b: Amoonguss|Rage Powder|p1b: Amoonguss\n|-singleturn|p1b: Amoonguss|move: Rage Powder\n|move|p2a: Rotom|Thunderbolt|p1b: Amoonguss\n|-resisted|p1b: Amoonguss\n|-damage|p1b: Amoonguss|0 fnt\n|faint|p1b: Amoonguss\n|-damage|p2a: Rotom|72\/100|[from] item: Life Orb\n|move|p1a: Gyarados|Waterfall|p2b: Iron Bundle\n|-resisted|p2b: Iron Bundle\n|-damage|p2b: Iron Bundle|62\/100 par\n|cant|p2b: Iron Bundle|flinch\n|\n|upkeep\n|\n|t:|1683931999\n|switch|p1b: Flutter Mane|Flutter Mane, L50|100\/100\n|-enditem|p1b: Flutter Mane|Booster Energy\n|-activate|p1b: Flutter Mane|ability: Protosynthesis|[fromitem]\n|-start|p1b: Flutter Mane|protosynthesisspa\n|turn|9\n|\n|t:|1683932021\n|switch|p1a: Chi-Yu|Chi-Yu, L50|100\/100\n|-ability|p1a: Chi-Yu|Beads of Ruin\n|-terastallize|p1b: Flutter Mane|Fairy\n|move|p1b: Flutter Mane|Dazzling Gleam|p2b: Iron Bundle|[spread] p2a,p2b\n|-damage|p2a: Rotom|0 fnt\n|-damage|p2b: Iron Bundle|0 fnt\n|faint|p2a: Rotom\n|faint|p2b: Iron Bundle\n|-end|p2b: Iron Bundle|Quark Drive|[silent]\n|\n|upkeep\n|-message|Fillocarletti forfeited.\n|\n|win|anshar_training\n|raw|anshar_training's rating: 1241 → 1266<\/strong> (+25 for winning)\n|raw|Fillocarletti's rating: 1235 → 1210<\/strong> (-25 for losing)\n|l|\u2606Fillocarletti\n","uploadtime":1683932031,"views":5,"p1id":"anshartraining","p2id":"fillocarletti","formatid":"gen9vgc2023regulationc","rating":1210,"private":0,"password":""}