{"id":"gen9vgc2023regulationc-1844939502","p1":"Keveloper","p2":"flameingpigey2","format":"[Gen 9] VGC 2023 Regulation C","log":"|j|\u2606Keveloper\n|j|\u2606flameingpigey2\n|t:|1681666251\n|gametype|doubles\n|player|p1|Keveloper|lusamine-nihilego|\n|player|p2|flameingpigey2|hilbert-wonderlauncher|\n|teamsize|p1|6\n|teamsize|p2|6\n|gen|9\n|tier|[Gen 9] VGC 2023 Regulation C\n|rule|Species Clause: Limit one of each Pok\u00e9mon\n|rule|Item Clause: Limit one of each item\n|clearpoke\n|poke|p1|Salamence, L50, M|\n|poke|p1|Amoonguss, L50, F|\n|poke|p1|Palafin, L50, F|\n|poke|p1|Ceruledge, L50, F|\n|poke|p1|Flutter Mane, L50|\n|poke|p1|Ting-Lu, L50|\n|poke|p2|Brute Bonnet, L50|\n|poke|p2|Chi-Yu, L50|\n|poke|p2|Great Tusk, L50|\n|poke|p2|Flutter Mane, L50|\n|poke|p2|Gastrodon-East, L50, M|\n|poke|p2|Murkrow, L50, M|\n|teampreview|4\n|c|\u2606Keveloper|G2\nflameingpigey2 has agreed to open team sheets.\nKeveloper has agreed to open team sheets.\n|c|\u2606Keveloper|above average luck have more fun\n|c|\u2606flameingpigey2|yeah same to you or whatever\n|\n|t:|1681666363\n|start\n|switch|p1a: Salamence|Salamence, L50, M|100\/100\n|switch|p1b: Amoonguss|Amoonguss, L50, F|100\/100\n|switch|p2a: Murkrow|Murkrow, L50, M|100\/100\n|switch|p2b: Chi-Yu|Chi-Yu, L50|100\/100\n|-ability|p1a: Salamence|Intimidate|boost\n|-unboost|p2a: Murkrow|atk|1\n|-unboost|p2b: Chi-Yu|atk|1\n|-ability|p2b: Chi-Yu|Beads of Ruin\n|turn|1\n|\n|t:|1681666420\n|-terastallize|p1b: Amoonguss|Steel\n|move|p2a: Murkrow|Sunny Day|p2a: Murkrow\n|-weather|SunnyDay\n|move|p1a: Salamence|Flamethrower|p2a: Murkrow\n|-damage|p2a: Murkrow|40\/100\n|move|p2b: Chi-Yu|Flamethrower|p1b: Amoonguss\n|-supereffective|p1b: Amoonguss\n|-enditem|p1b: Amoonguss|Occa Berry|[eat]\n|-enditem|p1b: Amoonguss|Occa Berry|[weaken]\n|-damage|p1b: Amoonguss|0 fnt\n|faint|p1b: Amoonguss\n|\n|-weather|SunnyDay|[upkeep]\n|upkeep\n|c|\u2606flameingpigey2|nice\n|c|\u2606Keveloper|oop\n|\n|t:|1681666455\n|switch|p1b: Ceruledge|Ceruledge, L50, F|100\/100\n|turn|2\n|\n|t:|1681666474\n|switch|p2b: Flutter Mane|Flutter Mane, L50|100\/100\n|-activate|p2b: Flutter Mane|ability: Protosynthesis\n|-start|p2b: Flutter Mane|protosynthesisspa\n|move|p2a: Murkrow|Tailwind|p2a: Murkrow\n|-sidestart|p2: flameingpigey2|move: Tailwind\n|move|p1a: Salamence|Flamethrower|p2b: Flutter Mane\n|-damage|p2b: Flutter Mane|53\/100\n|move|p1b: Ceruledge|Bitter Blade|p2b: Flutter Mane\n|-damage|p2b: Flutter Mane|0 fnt\n|faint|p2b: Flutter Mane\n|-end|p2b: Flutter Mane|Protosynthesis|[silent]\n|-damage|p1b: Ceruledge|91\/100|[from] item: Life Orb\n|\n|-weather|SunnyDay|[upkeep]\n|upkeep\n|\n|t:|1681666501\n|switch|p2b: Chi-Yu|Chi-Yu, L50|100\/100\n|-ability|p2b: Chi-Yu|Beads of Ruin\n|turn|3\n|\n|t:|1681666510\n|switch|p2a: Great Tusk|Great Tusk, L50|100\/100\n|-activate|p2a: Great Tusk|ability: Protosynthesis\n|-start|p2a: Great Tusk|protosynthesisatk\n|switch|p1b: Ting-Lu|Ting-Lu, L50|100\/100\n|-ability|p1b: Ting-Lu|Vessel of Ruin\n|move|p2b: Chi-Yu|Dark Pulse|p1b: Ting-Lu\n|-resisted|p1b: Ting-Lu\n|-damage|p1b: Ting-Lu|86\/100\n|move|p1a: Salamence|Flamethrower|p2a: Great Tusk\n|-damage|p2a: Great Tusk|64\/100\n|\n|-weather|SunnyDay|[upkeep]\n|upkeep\n|turn|4\n|\n|t:|1681666542\n|move|p2b: Chi-Yu|Dark Pulse|p1a: Salamence\n|-damage|p1a: Salamence|30\/100\n|move|p2a: Great Tusk|Close Combat|p1b: Ting-Lu\n|-supereffective|p1b: Ting-Lu\n|-damage|p1b: Ting-Lu|15\/100\n|-unboost|p2a: Great Tusk|def|1\n|-unboost|p2a: Great Tusk|spd|1\n|cant|p1a: Salamence|flinch\n|move|p1b: Ting-Lu|Earthquake|p2b: Chi-Yu|[spread] p2a,p2b\n|-immune|p1a: Salamence\n|-supereffective|p2b: Chi-Yu\n|-damage|p2a: Great Tusk|33\/100\n|-damage|p2b: Chi-Yu|13\/100\n|\n|-weather|SunnyDay|[upkeep]\n|upkeep\n|turn|5\n|\n|t:|1681666566\n|move|p2b: Chi-Yu|Dark Pulse|p1a: Salamence\n|-damage|p1a: Salamence|0 fnt\n|faint|p1a: Salamence\n|move|p2a: Great Tusk|Ice Spinner|p1b: Ting-Lu\n|-supereffective|p1b: Ting-Lu\n|-damage|p1b: Ting-Lu|0 fnt\n|faint|p1b: Ting-Lu\n|\n|-weather|none\n|-end|p2a: Great Tusk|Protosynthesis\n|-sideend|p2: flameingpigey2|move: Tailwind\n|upkeep\n|\n|t:|1681666571\n|switch|p1b: Ceruledge|Ceruledge, L50, F|91\/100\n|turn|6\n|\n|t:|1681666595\n|move|p2b: Chi-Yu|Dark Pulse|p1b: Ceruledge\n|-supereffective|p1b: Ceruledge\n|-damage|p1b: Ceruledge|0 fnt\n|faint|p1b: Ceruledge\n|\n|win|flameingpigey2\n|c|\u2606Keveloper|gg\n|c|\u2606flameingpigey2|gg\n|l|\u2606flameingpigey2\n","uploadtime":1681667281,"views":15,"p1id":"keveloper","p2id":"flameingpigey2","formatid":"gen9vgc2023regulationc","rating":0,"private":0,"password":""}