{"id":"gen9vgc2023regulationc-1844819049","p1":"Draeion","p2":"Palden64","format":"[Gen 9] VGC 2023 Regulation C","log":"|j|\u2606Draeion\n|j|\u2606Palden64\n|t:|1681652349\n|gametype|doubles\n|player|p1|Draeion|ninjaboy|1076\n|player|p2|Palden64|iris|1113\n|teamsize|p1|6\n|teamsize|p2|6\n|gen|9\n|tier|[Gen 9] VGC 2023 Regulation C\n|rated|\n|rule|Species Clause: Limit one of each Pok\u00e9mon\n|rule|Item Clause: Limit one of each item\n|clearpoke\n|poke|p1|Chi-Yu, L50|\n|poke|p1|Flutter Mane, L50|\n|poke|p1|Dragonite, L50, M|\n|poke|p1|Chien-Pao, L50|\n|poke|p1|Maushold, L50|\n|poke|p1|Gholdengo, L50|\n|poke|p2|Farigiraf, L50, F|\n|poke|p2|Amoonguss, L50, M|\n|poke|p2|Ting-Lu, L50|\n|poke|p2|Iron Valiant, L50|\n|poke|p2|Flutter Mane, L50|\n|poke|p2|Tinkaton, L50, F|\n|teampreview|4\n|inactive|Battle timer is ON: inactive players will automatically lose when time's up. (requested by Draeion)\n|inactive|Draeion has 60 seconds left.\n|\n|t:|1681652395\n|start\n|switch|p1a: Chien-Pao|Chien-Pao, L50|100\/100\n|switch|p1b: Flutter Mane|Flutter Mane, L50|100\/100\n|switch|p2a: Voodoov|Farigiraf, L50, F, shiny|100\/100\n|switch|p2b: Whammer|Tinkaton, L50, F|100\/100\n|-ability|p1a: Chien-Pao|Sword of Ruin\n|-ability|p2b: Whammer|Mold Breaker\n|-enditem|p1b: Flutter Mane|Booster Energy\n|-activate|p1b: Flutter Mane|ability: Protosynthesis|[fromitem]\n|-start|p1b: Flutter Mane|protosynthesisspa\n|turn|1\n|inactive|Draeion has 30 seconds left.\n|\n|t:|1681652422\n|move|p2b: Whammer|Fake Out|p1a: Chien-Pao\n|-damage|p1a: Chien-Pao|87\/100\n|cant|p1a: Chien-Pao|flinch\n|move|p1b: Flutter Mane|Dazzling Gleam|p2a: Voodoov|[spread] p2a,p2b\n|-resisted|p2b: Whammer\n|-damage|p2a: Voodoov|61\/100\n|-damage|p2b: Whammer|81\/100\n|-enditem|p2b: Whammer|Eject Button\n|\n|t:|1681652439\n|switch|p2b: Joy-Zero|Iron Valiant, L50|100\/100\n|move|p2a: Voodoov|Trick Room|p2a: Voodoov\n|-fieldstart|move: Trick Room|[of] p2a: Voodoov\n|\n|upkeep\n|turn|2\n|\n|t:|1681652458\n|switch|p1a: Chi-Yu|Chi-Yu, L50|100\/100\n|-ability|p1a: Chi-Yu|Beads of Ruin\n|move|p2a: Voodoov|Psychic|p1b: Flutter Mane\n|-damage|p1b: Flutter Mane|42\/100\n|move|p2b: Joy-Zero|Dazzling Gleam|p1b: Flutter Mane|[spread] p1a,p1b\n|-damage|p1a: Chi-Yu|80\/100\n|-damage|p1b: Flutter Mane|5\/100\n|move|p1b: Flutter Mane|Moonblast|p2b: Joy-Zero\n|-supereffective|p2b: Joy-Zero\n|-damage|p2b: Joy-Zero|0 fnt\n|faint|p2b: Joy-Zero\n|-end|p2b: Joy-Zero|Quark Drive|[silent]\n|\n|upkeep\n|\n|t:|1681652472\n|switch|p2b: Whammer|Tinkaton, L50, F|81\/100\n|-ability|p2b: Whammer|Mold Breaker\n|turn|3\n|inactive|Draeion has 30 seconds left.\n|\n|t:|1681652502\n|switch|p1a: Chien-Pao|Chien-Pao, L50|87\/100\n|-ability|p1a: Chien-Pao|Sword of Ruin\n|move|p2a: Voodoov|Stomping Tantrum|p1a: Chien-Pao\n|-damage|p1a: Chien-Pao|66\/100\n|move|p2b: Whammer|Rock Slide|p1a: Chien-Pao|[spread] p1b\n|-miss|p2b: Whammer|p1a: Chien-Pao\n|-damage|p1b: Flutter Mane|0 fnt\n|faint|p1b: Flutter Mane\n|-end|p1b: Flutter Mane|Protosynthesis|[silent]\n|\n|upkeep\n|\n|t:|1681652515\n|switch|p1b: Chi-Yu|Chi-Yu, L50|80\/100\n|-ability|p1b: Chi-Yu|Beads of Ruin\n|turn|4\n|\n|t:|1681652529\n|-terastallize|p2a: Voodoov|Fighting\n|move|p2a: Voodoov|Tera Blast|p1b: Chi-Yu\n|-supereffective|p1b: Chi-Yu\n|-damage|p1b: Chi-Yu|30\/100\n|move|p2b: Whammer|Gigaton Hammer|p1a: Chien-Pao\n|-supereffective|p1a: Chien-Pao\n|-damage|p1a: Chien-Pao|0 fnt\n|faint|p1a: Chien-Pao\n|move|p1b: Chi-Yu|Heat Wave|p2b: Whammer|[spread] p2a,p2b\n|-supereffective|p2b: Whammer\n|-damage|p2a: Voodoov|9\/100\n|-damage|p2b: Whammer|0 fnt\n|faint|p2b: Whammer\n|\n|upkeep\n|\n|t:|1681652545\n|switch|p2b: Hot Cheetos Gurl|Flutter Mane, L50|100\/100\n|switch|p1a: Dragonite|Dragonite, L50, M|100\/100\n|-enditem|p2b: Hot Cheetos Gurl|Booster Energy\n|-activate|p2b: Hot Cheetos Gurl|ability: Protosynthesis|[fromitem]\n|-start|p2b: Hot Cheetos Gurl|protosynthesisspe\n|turn|5\n|inactive|Draeion has 30 seconds left.\n|\n|t:|1681652575\n|-terastallize|p1a: Dragonite|Normal\n|move|p2a: Voodoov|Tera Blast|p1b: Chi-Yu\n|-supereffective|p1b: Chi-Yu\n|-damage|p1b: Chi-Yu|0 fnt\n|faint|p1b: Chi-Yu\n|move|p1a: Dragonite|Ice Spinner|p2b: Hot Cheetos Gurl\n|-damage|p2b: Hot Cheetos Gurl|2\/100\n|move|p2b: Hot Cheetos Gurl|Dazzling Gleam|p1a: Dragonite\n|-damage|p1a: Dragonite|77\/100\n|\n|-fieldend|move: Trick Room\n|upkeep\n|turn|6\n|\n|t:|1681652594\n|move|p2b: Hot Cheetos Gurl|Dazzling Gleam|p1a: Dragonite\n|-damage|p1a: Dragonite|32\/100\n|move|p1a: Dragonite|Ice Spinner|p2a: Voodoov\n|-damage|p2a: Voodoov|0 fnt\n|faint|p2a: Voodoov\n|\n|upkeep\n|turn|7\n|\n|t:|1681652603\n|move|p2b: Hot Cheetos Gurl|Dazzling Gleam|p1a: Dragonite\n|-damage|p1a: Dragonite|0 fnt\n|faint|p1a: Dragonite\n|\n|win|Palden64\n|raw|Draeion's rating: 1076 → 1057<\/strong> (-19 for losing)\n|raw|Palden64's rating: 1113 → 1135<\/strong> (+22 for winning)\n|l|\u2606Draeion\n","uploadtime":1681652623,"views":14,"p1id":"draeion","p2id":"palden64","formatid":"gen9vgc2023regulationc","rating":1057,"private":0,"password":""}