{"id":"gen9vgc2023regulationc-1863720685","p1":"joelsd2005","p2":"metalgymleader","format":"[Gen 9] VGC 2023 Regulation C","log":"|j|\u2606joelsd2005\n|j|\u2606metalgymleader\n|t:|1684066925\n|gametype|doubles\n|player|p1|joelsd2005|riley|1236\n|player|p2|metalgymleader|colress|1172\n|teamsize|p1|6\n|teamsize|p2|6\n|gen|9\n|tier|[Gen 9] VGC 2023 Regulation C\n|rated|\n|rule|Species Clause: Limit one of each Pok\u00e9mon\n|rule|Item Clause: Limit one of each item\n|clearpoke\n|poke|p1|Annihilape, L50, M|\n|poke|p1|Meowscarada, L50, M|\n|poke|p1|Iron Bundle, L50|\n|poke|p1|Gardevoir, L50, M|\n|poke|p1|Garchomp, L50, F|\n|poke|p1|Arcanine, L50, M|\n|poke|p2|Torkoal, L50, M|\n|poke|p2|Maushold, L50|\n|poke|p2|Great Tusk, L50|\n|poke|p2|Oranguru, L50, M|\n|poke|p2|Hatterene, L50, F|\n|poke|p2|Jumpluff, L50, M|\n|teampreview|4\n|\n|t:|1684066954\n|start\n|switch|p1a: Gardevoir|Gardevoir, L50, M|100\/100\n|switch|p1b: Garchomp|Garchomp, L50, F|100\/100\n|switch|p2a: Torkoal|Torkoal, L50, M|100\/100\n|switch|p2b: Jumpluff|Jumpluff, L50, M|100\/100\n|-weather|SunnyDay|[from] ability: Drought|[of] p2a: Torkoal\n|turn|1\n|j| tytyuiui\n|\n|t:|1684066981\n|switch|p2a: Hatterene|Hatterene, L50, F|100\/100\n|move|p1b: Garchomp|Protect|p1b: Garchomp\n|-singleturn|p1b: Garchomp|Protect\n|move|p2b: Jumpluff|Sleep Powder|p1b: Garchomp\n|-activate|p1b: Garchomp|move: Protect\n|move|p1a: Gardevoir|Dazzling Gleam|p2b: Jumpluff|[spread] p2a,p2b\n|-damage|p2a: Hatterene|66\/100\n|-damage|p2b: Jumpluff|69\/100\n|\n|-weather|SunnyDay|[upkeep]\n|upkeep\n|turn|2\n|\n|t:|1684067008\n|switch|p1b: Meowscarada|Meowscarada, L50, M|100\/100\n|move|p2b: Jumpluff|Sleep Powder|p1a: Gardevoir\n|-status|p1a: Gardevoir|slp|[from] move: Sleep Powder\n|cant|p1a: Gardevoir|slp\n|move|p2a: Hatterene|Dazzling Gleam|p1a: Gardevoir|[spread] p1a,p1b\n|-crit|p1a: Gardevoir\n|-supereffective|p1b: Meowscarada\n|-damage|p1a: Gardevoir|28\/100 slp\n|-damage|p1b: Meowscarada|0 fnt\n|faint|p1b: Meowscarada\n|-damage|p2a: Hatterene|56\/100|[from] item: Life Orb\n|\n|-weather|SunnyDay|[upkeep]\n|upkeep\n|\n|t:|1684067034\n|switch|p1b: Annihilape|Annihilape, L50, M|100\/100\n|turn|3\n|\n|t:|1684067043\n|move|p2b: Jumpluff|Sleep Powder|p1b: Annihilape\n|-immune|p1b: Annihilape|[from] ability: Vital Spirit\n|cant|p1a: Gardevoir|slp\n|move|p1b: Annihilape|Ice Punch|p2b: Jumpluff\n|-supereffective|p2b: Jumpluff\n|-damage|p2b: Jumpluff|0 fnt\n|faint|p2b: Jumpluff\n|move|p2a: Hatterene|Dazzling Gleam|p1b: Annihilape|[spread] p1a,p1b\n|-supereffective|p1b: Annihilape\n|-damage|p1a: Gardevoir|0 fnt\n|-damage|p1b: Annihilape|43\/100\n|faint|p1a: Gardevoir\n|-damage|p2a: Hatterene|46\/100|[from] item: Life Orb\n|\n|-weather|SunnyDay|[upkeep]\n|upkeep\n|\n|t:|1684067057\n|switch|p2b: Great Tusk|Great Tusk, L50|100\/100\n|switch|p1a: Garchomp|Garchomp, L50, F|100\/100\n|-activate|p2b: Great Tusk|ability: Protosynthesis\n|-start|p2b: Great Tusk|protosynthesisatk\n|turn|4\n|\n|t:|1684067080\n|-terastallize|p2b: Great Tusk|Ground\n|move|p2b: Great Tusk|Protect|p2b: Great Tusk\n|-singleturn|p2b: Great Tusk|Protect\n|move|p1a: Garchomp|Dragon Claw|p2b: Great Tusk\n|-activate|p2b: Great Tusk|move: Protect\n|move|p1b: Annihilape|Rage Fist|p2a: Hatterene\n|-supereffective|p2a: Hatterene\n|-damage|p2a: Hatterene|0 fnt\n|faint|p2a: Hatterene\n|\n|-weather|SunnyDay|[upkeep]\n|upkeep\n|\n|t:|1684067091\n|switch|p2a: Torkoal|Torkoal, L50, M|100\/100\n|turn|5\n|\n|t:|1684067105\n|move|p1a: Garchomp|Rock Slide|p2b: Great Tusk|[spread] p2a,p2b\n|-supereffective|p2a: Torkoal\n|-resisted|p2b: Great Tusk\n|-damage|p2a: Torkoal|70\/100\n|-damage|p2b: Great Tusk|93\/100\n|cant|p2b: Great Tusk|flinch\n|move|p1b: Annihilape|Ice Punch|p2b: Great Tusk\n|-supereffective|p2b: Great Tusk\n|-damage|p2b: Great Tusk|65\/100\n|cant|p2a: Torkoal|flinch\n|\n|-weather|none\n|-end|p2b: Great Tusk|Protosynthesis\n|upkeep\n|turn|6\n|\n|t:|1684067123\n|move|p1a: Garchomp|Rock Slide|p2b: Great Tusk|[spread] p2a,p2b\n|-supereffective|p2a: Torkoal\n|-resisted|p2b: Great Tusk\n|-damage|p2a: Torkoal|37\/100\n|-damage|p2b: Great Tusk|57\/100\n|move|p2b: Great Tusk|Headlong Rush|p1b: Annihilape\n|-damage|p1b: Annihilape|0 fnt\n|-unboost|p2b: Great Tusk|def|1\n|-unboost|p2b: Great Tusk|spd|1\n|faint|p1b: Annihilape\n|move|p2a: Torkoal|Heat Wave|p1a: Garchomp\n|-resisted|p1a: Garchomp\n|-damage|p1a: Garchomp|64\/100\n|\n|upkeep\n|turn|7\n|\n|t:|1684067138\n|move|p1a: Garchomp|Earthquake|p2a: Torkoal|[spread] p2a,p2b\n|-supereffective|p2a: Torkoal\n|-damage|p2a: Torkoal|0 fnt\n|-damage|p2b: Great Tusk|15\/100\n|faint|p2a: Torkoal\n|move|p2b: Great Tusk|Earthquake|p1a: Garchomp\n|-damage|p1a: Garchomp|0 fnt\n|faint|p1a: Garchomp\n|\n|win|metalgymleader\n|raw|joelsd2005's rating: 1236 → 1206<\/strong> (-30 for losing)\n|raw|metalgymleader's rating: 1172 → 1202<\/strong> (+30 for winning)\n|l|\u2606joelsd2005\n","uploadtime":1684067152,"views":9,"p1id":"joelsd2005","p2id":"metalgymleader","formatid":"gen9vgc2023regulationc","rating":1202,"private":0,"password":""}