{"id":"gen9vgc2023regulationc-1846099717","p1":"lingshiyuyi","p2":"Mashu2021","format":"[Gen 9] VGC 2023 Regulation C","log":"|j|\u2606lingshiyuyi\n|j|\u2606Mashu2021\n|t:|1681806143\n|gametype|doubles\n|player|p1|lingshiyuyi|rosa|1276\n|player|p2|Mashu2021|cynthia-gen4|1367\n|teamsize|p1|6\n|teamsize|p2|6\n|gen|9\n|tier|[Gen 9] VGC 2023 Regulation C\n|rated|\n|rule|Species Clause: Limit one of each Pok\u00e9mon\n|rule|Item Clause: Limit one of each item\n|clearpoke\n|poke|p1|Arcanine, L50, F|\n|poke|p1|Palafin, L50, F|\n|poke|p1|Baxcalibur, L50, F|\n|poke|p1|Flutter Mane, L50|\n|poke|p1|Amoonguss, L50, F|\n|poke|p1|Ting-Lu, L50|\n|poke|p2|Orthworm, L50, F|\n|poke|p2|Ting-Lu, L50|\n|poke|p2|Gyarados, L50, F|\n|poke|p2|Dragonite, L50, F|\n|poke|p2|Iron Bundle, L50|\n|poke|p2|Flutter Mane, L50|\n|teampreview|4\n|inactive|Battle timer is ON: inactive players will automatically lose when time's up. (requested by lingshiyuyi)\n|\n|t:|1681806178\n|start\n|switch|p1a: Palafin|Palafin, L50, F|100\/100\n|switch|p1b: Arcanine|Arcanine, L50, F|100\/100\n|switch|p2a: Orthworm|Orthworm, L50, F|100\/100\n|switch|p2b: Ting-Lu|Ting-Lu, L50|100\/100\n|-ability|p1b: Arcanine|Intimidate|boost\n|-unboost|p2a: Orthworm|atk|1\n|-unboost|p2b: Ting-Lu|atk|1\n|-ability|p2b: Ting-Lu|Vessel of Ruin\n|turn|1\n|inactive|lingshiyuyi has 30 seconds left.\n|inactive|Mashu2021 has 30 seconds left.\n|\n|t:|1681806212\n|detailschange|p1a: Palafin|Palafin-Hero, L50, F\n|switch|p1a: Amoonguss|Amoonguss, L50, F|100\/100\n|-terastallize|p2a: Orthworm|Fire\n|move|p1b: Arcanine|Will-O-Wisp|p2b: Ting-Lu\n|-status|p2b: Ting-Lu|brn\n|move|p2a: Orthworm|Body Press|p1a: Amoonguss\n|-resisted|p1a: Amoonguss\n|-damage|p1a: Amoonguss|90\/100\n|move|p2b: Ting-Lu|Earthquake|p1a: Amoonguss|[spread] p1a,p1b\n|-immune|p2a: Orthworm|[from] ability: Earth Eater\n|-supereffective|p1b: Arcanine\n|-damage|p1a: Amoonguss|82\/100\n|-damage|p1b: Arcanine|72\/100\n|\n|-damage|p2b: Ting-Lu|95\/100 brn|[from] brn\n|upkeep\n|turn|2\n|inactive|lingshiyuyi has 30 seconds left.\n|inactive|Mashu2021 has 30 seconds left.\n|\n|t:|1681806243\n|switch|p1b: Palafin|Palafin-Hero, L50, F|100\/100\n|-activate|p1b: Palafin|ability: Zero to Hero\n|move|p2a: Orthworm|Iron Defense|p2a: Orthworm\n|-boost|p2a: Orthworm|def|2\n|move|p2b: Ting-Lu|Ruination|p1b: Palafin\n|-damage|p1b: Palafin|50\/100\n|move|p1a: Amoonguss|Spore|p2a: Orthworm\n|-status|p2a: Orthworm|slp|[from] move: Spore\n|\n|-damage|p2b: Ting-Lu|89\/100 brn|[from] brn\n|upkeep\n|turn|3\n|\n|t:|1681806267\n|-terastallize|p1b: Palafin|Water\n|move|p1b: Palafin|Jet Punch|p2a: Orthworm\n|-supereffective|p2a: Orthworm\n|-damage|p2a: Orthworm|50\/100 slp\n|-enditem|p2a: Orthworm|Sitrus Berry|[eat]\n|-heal|p2a: Orthworm|75\/100 slp|[from] item: Sitrus Berry\n|cant|p2a: Orthworm|slp\n|move|p2b: Ting-Lu|Earthquake|p1a: Amoonguss|[spread] p1a,p1b\n|-heal|p2a: Orthworm|100\/100 slp|[from] ability: Earth Eater|[of] p2b: Ting-Lu\n|-damage|p1a: Amoonguss|73\/100\n|-damage|p1b: Palafin|41\/100\n|move|p1a: Amoonguss|Pollen Puff|p1b: Palafin\n|-heal|p1b: Palafin|91\/100\n|\n|-damage|p2b: Ting-Lu|83\/100 brn|[from] brn\n|upkeep\n|turn|4\n|inactive|Mashu2021 has 30 seconds left.\n|inactive|lingshiyuyi has 30 seconds left.\n|\n|t:|1681806310\n|switch|p1a: Arcanine|Arcanine, L50, F|72\/100\n|-ability|p1a: Arcanine|Intimidate|boost\n|-unboost|p2a: Orthworm|atk|1\n|-unboost|p2b: Ting-Lu|atk|1\n|move|p1b: Palafin|Wave Crash|p2a: Orthworm\n|-supereffective|p2a: Orthworm\n|-damage|p2a: Orthworm|5\/100 slp\n|-damage|p1b: Palafin|64\/100|[from] Recoil\n|-curestatus|p2a: Orthworm|slp|[msg]\n|move|p2a: Orthworm|Body Press|p1b: Palafin\n|-crit|p1b: Palafin\n|-damage|p1b: Palafin|0 fnt\n|faint|p1b: Palafin\n|move|p2b: Ting-Lu|Earthquake|p1a: Arcanine|[spread] p1a\n|-heal|p2a: Orthworm|30\/100|[from] ability: Earth Eater|[of] p2b: Ting-Lu\n|-supereffective|p1a: Arcanine\n|-damage|p1a: Arcanine|51\/100\n|\n|-damage|p2b: Ting-Lu|77\/100 brn|[from] brn\n|upkeep\n|\n|t:|1681806322\n|switch|p1b: Baxcalibur|Baxcalibur, L50, F|100\/100\n|turn|5\n|\n|t:|1681806342\n|switch|p1a: Amoonguss|Amoonguss, L50, F|100\/100\n|move|p1b: Baxcalibur|Glaive Rush|p2a: Orthworm\n|-damage|p2a: Orthworm|6\/100\n|-singlemove|p1b: Baxcalibur|Glaive Rush|[silent]\n|move|p2a: Orthworm|Body Press|p1b: Baxcalibur\n|-supereffective|p1b: Baxcalibur\n|-damage|p1b: Baxcalibur|0 fnt\n|faint|p1b: Baxcalibur\n|move|p2b: Ting-Lu|Earthquake|p1a: Amoonguss|[spread] p1a\n|-heal|p2a: Orthworm|31\/100|[from] ability: Earth Eater|[of] p2b: Ting-Lu\n|-damage|p1a: Amoonguss|94\/100\n|\n|-damage|p2b: Ting-Lu|71\/100 brn|[from] brn\n|upkeep\n|-message|lingshiyuyi forfeited.\n|\n|win|Mashu2021\n|raw|lingshiyuyi's rating: 1276 → 1257<\/strong> (-19 for losing)\n|raw|Mashu2021's rating: 1367 → 1382<\/strong> (+15 for winning)\n|l|\u2606lingshiyuyi\n","uploadtime":1681806362,"views":9,"p1id":"lingshiyuyi","p2id":"mashu2021","formatid":"gen9vgc2023regulationc","rating":1257,"private":0,"password":""}