{"id":"gen9vgc2023regulationc-1856083182","p1":"alanfournumbers","p2":"Jayredvgc","format":"[Gen 9] VGC 2023 Regulation C","log":"|j|\u2606alanfournumbers\n|j|\u2606Jayredvgc\n|t:|1683028015\n|gametype|doubles\n|player|p1|alanfournumbers|pokemonranger-gen4|1073\n|player|p2|Jayredvgc|265|1078\n|teamsize|p1|6\n|teamsize|p2|6\n|gen|9\n|tier|[Gen 9] VGC 2023 Regulation C\n|rated|\n|rule|Species Clause: Limit one of each Pok\u00e9mon\n|rule|Item Clause: Limit one of each item\n|clearpoke\n|poke|p1|Raichu, L50, F|\n|poke|p1|Gyarados, L50, M|\n|poke|p1|Orthworm, L50, M|\n|poke|p1|Great Tusk, L50|\n|poke|p1|Magnezone, L50|\n|poke|p1|Mismagius, L50, M|\n|poke|p2|Iron Hands, L50|\n|poke|p2|Chien-Pao, L50|\n|poke|p2|Sandy Shocks, L50|\n|poke|p2|Espathra, L50, M|\n|poke|p2|Dragonite, L50, M|\n|poke|p2|Chi-Yu, L50|\n|teampreview|4\n|\n|t:|1683028054\n|start\n|switch|p1a: Great Tusk|Great Tusk, L50|100\/100\n|switch|p1b: Gyarados|Gyarados, L50, M|100\/100\n|switch|p2a: Sandy Shocks|Sandy Shocks, L50|100\/100\n|switch|p2b: Espathra|Espathra, L50, M|100\/100\n|-ability|p1b: Gyarados|Intimidate|boost\n|-unboost|p2a: Sandy Shocks|atk|1\n|-unboost|p2b: Espathra|atk|1\n|-enditem|p1a: Great Tusk|Booster Energy\n|-activate|p1a: Great Tusk|ability: Protosynthesis|[fromitem]\n|-start|p1a: Great Tusk|protosynthesisdef\n|turn|1\n|\n|t:|1683028076\n|-end|p1a: Great Tusk|Protosynthesis|[silent]\n|switch|p1a: Raichu|Raichu, L50, F|100\/100\n|move|p2a: Sandy Shocks|Gravity|p2a: Sandy Shocks\n|-fieldstart|move: Gravity\n|move|p2b: Espathra|Hypnosis|p1a: Raichu\n|-status|p1a: Raichu|slp|[from] move: Hypnosis\n|move|p1b: Gyarados|Dragon Dance|p1b: Gyarados\n|-boost|p1b: Gyarados|atk|1\n|-boost|p1b: Gyarados|spe|1\n|\n|-ability|p2b: Espathra|Speed Boost|boost\n|-boost|p2b: Espathra|spe|1\n|upkeep\n|turn|2\n|\n|t:|1683028099\n|-end|p2a: Sandy Shocks|Protosynthesis|[silent]\n|switch|p2a: Chi-Yu|Chi-Yu, L50|100\/100\n|-ability|p2a: Chi-Yu|Beads of Ruin\n|move|p2b: Espathra|Hypnosis|p1b: Gyarados\n|-status|p1b: Gyarados|slp|[from] move: Hypnosis\n|-enditem|p1b: Gyarados|Lum Berry|[eat]\n|-curestatus|p1b: Gyarados|slp|[msg]\n|move|p1b: Gyarados|Dragon Dance|p1b: Gyarados\n|-boost|p1b: Gyarados|atk|1\n|-boost|p1b: Gyarados|spe|1\n|cant|p1a: Raichu|slp\n|\n|-ability|p2b: Espathra|Speed Boost|boost\n|-boost|p2b: Espathra|spe|1\n|upkeep\n|turn|3\n|\n|t:|1683028116\n|move|p2b: Espathra|Hypnosis|p1b: Gyarados\n|-status|p1b: Gyarados|slp|[from] move: Hypnosis\n|cant|p1b: Gyarados|slp\n|cant|p1a: Raichu|slp\n|move|p2a: Chi-Yu|Nasty Plot|p2a: Chi-Yu\n|-boost|p2a: Chi-Yu|spa|2\n|\n|-ability|p2b: Espathra|Speed Boost|boost\n|-boost|p2b: Espathra|spe|1\n|upkeep\n|turn|4\n|\n|t:|1683028132\n|move|p2b: Espathra|Lumina Crash|p1b: Gyarados\n|-damage|p1b: Gyarados|51\/100 slp\n|-unboost|p1b: Gyarados|spd|2\n|cant|p1b: Gyarados|slp\n|-curestatus|p1a: Raichu|slp|[msg]\n|move|p1a: Raichu|Light Screen|p1a: Raichu\n|-sidestart|p1: alanfournumbers|move: Light Screen\n|move|p2a: Chi-Yu|Dark Pulse|p1b: Gyarados\n|-damage|p1b: Gyarados|0 fnt\n|faint|p1b: Gyarados\n|\n|-ability|p2b: Espathra|Speed Boost|boost\n|-boost|p2b: Espathra|spe|1\n|upkeep\n|\n|t:|1683028141\n|switch|p1b: Magnezone|Magnezone, L50|100\/100\n|turn|5\n|\n|t:|1683028156\n|-terastallize|p1b: Magnezone|Water\n|move|p2b: Espathra|Hypnosis|p1a: Raichu\n|-status|p1a: Raichu|slp|[from] move: Hypnosis\n|cant|p1a: Raichu|slp\n|move|p2a: Chi-Yu|Heat Wave|p1b: Magnezone|[spread] p1a,p1b\n|-resisted|p1b: Magnezone\n|-damage|p1a: Raichu|26\/100 slp\n|-damage|p1b: Magnezone|80\/100\n|move|p1b: Magnezone|Discharge|p2b: Espathra|[spread] p2a,p2b\n|-ability|p1a: Raichu|Lightning Rod|boost\n|-boost|p1a: Raichu|spa|1\n|-crit|p2a: Chi-Yu\n|-damage|p2a: Chi-Yu|36\/100\n|-damage|p2b: Espathra|17\/100\n|\n|-fieldend|move: Gravity\n|-ability|p2b: Espathra|Speed Boost|boost\n|-boost|p2b: Espathra|spe|1\n|upkeep\n|turn|6\n|\n|t:|1683028175\n|move|p2b: Espathra|Hypnosis|p1b: Magnezone|[miss]\n|-miss|p2b: Espathra|p1b: Magnezone\n|cant|p1a: Raichu|slp\n|move|p2a: Chi-Yu|Heat Wave|p1a: Raichu|[spread] p1a,p1b\n|-resisted|p1b: Magnezone\n|-damage|p1a: Raichu|0 fnt\n|-damage|p1b: Magnezone|55\/100\n|faint|p1a: Raichu\n|move|p1b: Magnezone|Discharge|p2a: Chi-Yu|[spread] p2a,p2b\n|-damage|p2a: Chi-Yu|0 fnt\n|-damage|p2b: Espathra|0 fnt\n|faint|p2a: Chi-Yu\n|faint|p2b: Espathra\n|\n|upkeep\n|\n|t:|1683028190\n|switch|p1a: Great Tusk|Great Tusk, L50|100\/100\n|switch|p2b: Sandy Shocks|Sandy Shocks, L50|100\/100\n|switch|p2a: Iron Hands|Iron Hands, L50|100\/100\n|turn|7\n|\n|t:|1683028207\n|move|p2a: Iron Hands|Fake Out|p1a: Great Tusk\n|-damage|p1a: Great Tusk|92\/100\n|move|p2b: Sandy Shocks|Earth Power|p1b: Magnezone\n|-damage|p1b: Magnezone|36\/100\n|cant|p1a: Great Tusk|flinch\n|move|p1b: Magnezone|Mirror Coat|p2b: Sandy Shocks\n|-damage|p2b: Sandy Shocks|60\/100\n|\n|upkeep\n|turn|8\n|\n|t:|1683028228\n|-terastallize|p2b: Sandy Shocks|Ghost\n|move|p2b: Sandy Shocks|Earth Power|p1a: Great Tusk\n|-crit|p1a: Great Tusk\n|-damage|p1a: Great Tusk|1\/100\n|move|p1a: Great Tusk|Earthquake|p2a: Iron Hands|[spread] p1b,p2a,p2b\n|-supereffective|p2a: Iron Hands\n|-damage|p1b: Magnezone|0 fnt\n|-damage|p2a: Iron Hands|45\/100\n|-damage|p2b: Sandy Shocks|20\/100\n|faint|p1b: Magnezone\n|move|p2a: Iron Hands|Wild Charge|p1a: Great Tusk\n|-immune|p1a: Great Tusk\n|\n|-sideend|p1: alanfournumbers|move: Light Screen\n|upkeep\n|turn|9\n|\n|t:|1683028244\n|move|p2b: Sandy Shocks|Earth Power|p1a: Great Tusk\n|-damage|p1a: Great Tusk|0 fnt\n|faint|p1a: Great Tusk\n|-end|p1a: Great Tusk|Protosynthesis|[silent]\n|\n|win|Jayredvgc\n|raw|alanfournumbers's rating: 1073 → 1052<\/strong> (-21 for losing)\n|raw|Jayredvgc's rating: 1078 → 1106<\/strong> (+28 for winning)\n|l|\u2606alanfournumbers\n","uploadtime":1683028258,"views":8,"p1id":"alanfournumbers","p2id":"jayredvgc","formatid":"gen9vgc2023regulationc","rating":1052,"private":0,"password":""}