{"id":"gen9vgc2023regulationc-1855989772","p1":"malimmd","p2":"Patefu","format":"[Gen 9] VGC 2023 Regulation C","log":"|j|\u2606malimmd\n|j|\u2606Patefu\n|t:|1683013002\n|gametype|doubles\n|player|p1|malimmd|dawn|1129\n|player|p2|Patefu|170|1164\n|teamsize|p1|6\n|teamsize|p2|6\n|gen|9\n|tier|[Gen 9] VGC 2023 Regulation C\n|rated|\n|rule|Species Clause: Limit one of each Pok\u00e9mon\n|rule|Item Clause: Limit one of each item\n|clearpoke\n|poke|p1|Palafin, L50, M|\n|poke|p1|Amoonguss, L50, F|\n|poke|p1|Baxcalibur, L50, F|\n|poke|p1|Chi-Yu, L50|\n|poke|p1|Flutter Mane, L50|\n|poke|p1|Kingambit, L50, M|\n|poke|p2|Dragonite, L50, F|\n|poke|p2|Chien-Pao, L50|\n|poke|p2|Arcanine, L50, M|\n|poke|p2|Iron Bundle, L50|\n|poke|p2|Dachsbun, L50, F|\n|poke|p2|Chi-Yu, L50|\n|teampreview|4\n|inactive|Battle timer is ON: inactive players will automatically lose when time's up. (requested by malimmd)\n|inactive|Patefu has 60 seconds left.\n|\n|t:|1683013085\n|start\n|switch|p1a: Flutter Mane|Flutter Mane, L50|100\/100\n|switch|p1b: Palafin|Palafin, L50, M, shiny|100\/100\n|switch|p2a: Chi-Yu|Chi-Yu, L50|100\/100\n|switch|p2b: Iron Bundle|Iron Bundle, L50|100\/100\n|-ability|p2a: Chi-Yu|Beads of Ruin\n|-enditem|p2b: Iron Bundle|Booster Energy\n|-activate|p2b: Iron Bundle|ability: Quark Drive|[fromitem]\n|-start|p2b: Iron Bundle|quarkdrivespe\n|turn|1\n|inactive|Patefu has 30 seconds left.\n|inactive|Patefu has 20 seconds left.\n|\n|t:|1683013121\n|detailschange|p1b: Palafin|Palafin-Hero, L50, M, shiny\n|switch|p1b: Amoonguss|Amoonguss, L50, F, shiny|100\/100\n|move|p2b: Iron Bundle|Freeze-Dry|p1b: Amoonguss\n|-supereffective|p1b: Amoonguss\n|-damage|p1b: Amoonguss|23\/100\n|-enditem|p1b: Amoonguss|Sitrus Berry|[eat]\n|-heal|p1b: Amoonguss|48\/100|[from] item: Sitrus Berry\n|move|p2a: Chi-Yu|Dark Pulse|p1a: Flutter Mane\n|-damage|p1a: Flutter Mane|47\/100\n|move|p1a: Flutter Mane|Thunderbolt|p2b: Iron Bundle\n|-supereffective|p2b: Iron Bundle\n|-damage|p2b: Iron Bundle|0 fnt\n|faint|p2b: Iron Bundle\n|-end|p2b: Iron Bundle|Quark Drive|[silent]\n|\n|upkeep\n|\n|t:|1683013134\n|switch|p2b: Dachsbun|Dachsbun, L50, F, shiny|100\/100\n|turn|2\n|inactive|malimmd has 30 seconds left.\n|inactive|Patefu has 30 seconds left.\n|\n|t:|1683013184\n|switch|p2a: Chien-Pao|Chien-Pao, L50|100\/100\n|-ability|p2a: Chien-Pao|Sword of Ruin\n|move|p1b: Amoonguss|Protect|p1b: Amoonguss\n|-singleturn|p1b: Amoonguss|Protect\n|move|p1a: Flutter Mane|Thunderbolt|p2b: Dachsbun\n|-damage|p2b: Dachsbun|54\/100\n|move|p2b: Dachsbun|Yawn|p1b: Amoonguss\n|-activate|p1b: Amoonguss|move: Protect\n|\n|-heal|p2b: Dachsbun|60\/100|[from] item: Leftovers\n|upkeep\n|turn|3\n|\n|t:|1683013202\n|switch|p2a: Chi-Yu|Chi-Yu, L50|100\/100\n|-ability|p2a: Chi-Yu|Beads of Ruin\n|move|p2b: Dachsbun|Protect|p2b: Dachsbun\n|-singleturn|p2b: Dachsbun|Protect\n|move|p1b: Amoonguss|Rage Powder|p1b: Amoonguss\n|-singleturn|p1b: Amoonguss|move: Rage Powder\n|move|p1a: Flutter Mane|Thunderbolt|p2a: Chi-Yu\n|-damage|p2a: Chi-Yu|45\/100\n|\n|-heal|p2b: Dachsbun|66\/100|[from] item: Leftovers\n|upkeep\n|turn|4\n|\n|t:|1683013225\n|move|p1b: Amoonguss|Rage Powder|p1b: Amoonguss\n|-singleturn|p1b: Amoonguss|move: Rage Powder\n|move|p2a: Chi-Yu|Lava Plume|p1b: Amoonguss|[spread] p1a,p1b\n|-ability|p2b: Dachsbun|Well-Baked Body|boost\n|-boost|p2b: Dachsbun|def|2\n|-supereffective|p1b: Amoonguss\n|-damage|p1a: Flutter Mane|8\/100\n|-damage|p1b: Amoonguss|0 fnt\n|faint|p1b: Amoonguss\n|move|p1a: Flutter Mane|Thunderbolt|p2a: Chi-Yu\n|-damage|p2a: Chi-Yu|0 fnt\n|faint|p2a: Chi-Yu\n|move|p2b: Dachsbun|Wish|p2b: Dachsbun\n|\n|-heal|p2b: Dachsbun|72\/100|[from] item: Leftovers\n|upkeep\n|\n|t:|1683013239\n|switch|p2a: Chien-Pao|Chien-Pao, L50|100\/100\n|switch|p1b: Palafin|Palafin-Hero, L50, M, shiny|100\/100\n|-ability|p2a: Chien-Pao|Sword of Ruin\n|-activate|p1b: Palafin|ability: Zero to Hero\n|turn|5\n|\n|t:|1683013252\n|-end|p1a: Flutter Mane|Protosynthesis|[silent]\n|switch|p1a: Kingambit|Kingambit, L50, M|100\/100\n|move|p2a: Chien-Pao|Sucker Punch||[still]\n|-fail|p2a: Chien-Pao\n|move|p1b: Palafin|Jet Punch|p2a: Chien-Pao\n|-damage|p2a: Chien-Pao|40\/100\n|move|p2b: Dachsbun|Body Press|p1b: Palafin\n|-damage|p1b: Palafin|46\/100\n|\n|-heal|p2b: Dachsbun|100\/100|[from] move: Wish|[wisher] Dachsbun\n|upkeep\n|turn|6\n|\n|t:|1683013278\n|move|p1b: Palafin|Protect|p1b: Palafin\n|-singleturn|p1b: Palafin|Protect\n|move|p1a: Kingambit|Protect|p1a: Kingambit\n|-singleturn|p1a: Kingambit|Protect\n|move|p2a: Chien-Pao|Sucker Punch||[still]\n|-fail|p2a: Chien-Pao\n|move|p2b: Dachsbun|Body Press|p1a: Kingambit\n|-activate|p1a: Kingambit|move: Protect\n|\n|upkeep\n|turn|7\n|\n|t:|1683013296\n|-terastallize|p1a: Kingambit|Fire\n|move|p1b: Palafin|Jet Punch|p2a: Chien-Pao\n|-damage|p2a: Chien-Pao|0 fnt\n|faint|p2a: Chien-Pao\n|move|p2b: Dachsbun|Body Press|p1b: Palafin\n|-damage|p1b: Palafin|8\/100\n|move|p1a: Kingambit|Iron Head|p2b: Dachsbun\n|-supereffective|p2b: Dachsbun\n|-damage|p2b: Dachsbun|55\/100\n|\n|-heal|p2b: Dachsbun|61\/100|[from] item: Leftovers\n|upkeep\n|turn|8\n|\n|t:|1683013310\n|move|p1b: Palafin|Wave Crash|p2b: Dachsbun\n|-damage|p2b: Dachsbun|11\/100\n|-damage|p1b: Palafin|0 fnt|[from] Recoil\n|faint|p1b: Palafin\n|move|p2b: Dachsbun|Body Press|p1a: Kingambit\n|-crit|p1a: Kingambit\n|-damage|p1a: Kingambit|54\/100\n|move|p1a: Kingambit|Iron Head|p2b: Dachsbun\n|-supereffective|p2b: Dachsbun\n|-damage|p2b: Dachsbun|0 fnt\n|faint|p2b: Dachsbun\n|\n|win|malimmd\n|raw|malimmd's rating: 1129 → 1157<\/strong> (+28 for winning)\n|raw|Patefu's rating: 1164 → 1136<\/strong> (-28 for losing)\n|l|\u2606Patefu\n","uploadtime":1683013326,"views":15,"p1id":"malimmd","p2id":"patefu","formatid":"gen9vgc2023regulationc","rating":1136,"private":0,"password":""}