{"id":"gen9vgc2023regulationc-1845986948","p1":"413XPlayz","p2":"Wo-ChienBlend","format":"[Gen 9] VGC 2023 Regulation C","log":"|j|\u2606413XPlayz\n|j|\u2606Wo-ChienBlend\n|t:|1681787633\n|gametype|doubles\n|player|p1|413XPlayz|psychic|\n|player|p2|Wo-ChienBlend|baker|\n|teamsize|p1|6\n|teamsize|p2|6\n|gen|9\n|tier|[Gen 9] VGC 2023 Regulation C\n|rated|Tournament battle\n|rule|Species Clause: Limit one of each Pok\u00e9mon\n|rule|Item Clause: Limit one of each item\n|clearpoke\n|poke|p1|Iron Hands, L50|\n|poke|p1|Amoonguss, L50, F|\n|poke|p1|Pelipper, L50, F|\n|poke|p1|Palafin, L50, F|\n|poke|p1|Baxcalibur, L50, F|\n|poke|p1|Flutter Mane, L50|\n|poke|p2|Ting-Lu, L50|\n|poke|p2|Amoonguss, L50, M|\n|poke|p2|Arcanine, L50, M|\n|poke|p2|Flutter Mane, L50|\n|poke|p2|Palafin, L50, F|\n|poke|p2|Forretress, L50, M|\n|teampreview|4\n|raw| Open Team Sheet for 413XPlayz<\/summary>Iron Hands @ Assault Vest Ability: Quark Drive Level: 50 Shiny: Yes Tera Type: Grass - Fake Out - Close Combat - Wild Charge - Volt Switch Amoonguss (F) @ Sitrus Berry Ability: Regenerator Level: 50 Tera Type: Steel - Spore - Rage Powder - Pollen Puff - Protect Pelipper (F) @ Focus Sash Ability: Drizzle Level: 50 Tera Type: Flying - Hurricane - Hydro Pump - Tailwind - Protect Palafin (F) @ Mystic Water Ability: Zero to Hero Level: 50 Tera Type: Water - Jet Punch - Wave Crash - Haze - Protect Baxcalibur (F) @ Dragon Fang Ability: Thermal Exchange Level: 50 Tera Type: Poison - Glaive Rush - Ice Shard - Icicle Crash - Protect Flutter Mane @ Booster Energy Ability: Protosynthesis Level: 50 Tera Type: Steel - Moonblast - Shadow Ball - Dazzling Gleam - Protect <\/details><\/div> Open Team Sheet for Wo-ChienBlend<\/summary>EWGF (Ting-Lu) @ Assault Vest Ability: Vessel of Ruin Level: 50 Tera Type: Grass - Stomping Tantrum - Ruination - Heavy Slam - Fissure Kikoken (Amoonguss) @ Sitrus Berry Ability: Regenerator Level: 50 Tera Type: Water - Pollen Puff - Spore - Rage Powder - Protect Falcon Punch (Arcanine) @ Safety Goggles Ability: Intimidate Level: 50 Tera Type: Water - Flare Blitz - Extreme Speed - Will-O-Wisp - Howl Soul Fist (Flutter Mane) @ Booster Energy Ability: Protosynthesis Level: 50 Tera Type: Water - Moonblast - Shadow Ball - Substitute - Protect Totsugeki (Palafin) @ Mystic Water Ability: Zero to Hero Level: 50 Tera Type: Water - Jet Punch - Wave Crash - Haze - Protect Forretress @ Leftovers Ability: Overcoat Level: 50 Shiny: Yes Tera Type: Water - Body Press - Gyro Ball - Iron Defense - Protect <\/details><\/div>\n|j| Radio Free C-Side\n|j| blooperlink123\n|j| WeirdPolyCouple\n|j|%Borghi\n|c|\u2606413XPlayz|glhf\n|c|\u2606Wo-ChienBlend|glhf\n|j| Koukougnon\n|l| Koukougnon\n|\n|t:|1681787726\n|start\n|switch|p1a: Palafin|Palafin, L50, F|100\/100\n|switch|p1b: Amoonguss|Amoonguss, L50, F|100\/100\n|switch|p2a: Forretress|Forretress, L50, M, shiny|100\/100\n|switch|p2b: Totsugeki|Palafin, L50, F|100\/100\n|turn|1\n|j| IronCrusader\n|\n|t:|1681787768\n|switch|p1b: Pelipper|Pelipper, L50, F|100\/100\n|-weather|RainDance|[from] ability: Drizzle|[of] p1b: Pelipper\n|-terastallize|p1a: Palafin|Water\n|move|p2b: Totsugeki|Protect|p2b: Totsugeki\n|-singleturn|p2b: Totsugeki|Protect\n|move|p1a: Palafin|Wave Crash|p2a: Forretress\n|-crit|p2a: Forretress\n|-damage|p2a: Forretress|0 fnt\n|faint|p2a: Forretress\n|-damage|p1a: Palafin|72\/100|[from] Recoil\n|\n|-weather|RainDance|[upkeep]\n|upkeep\n|c|\u2606413XPlayz|mb\n|\n|t:|1681787781\n|switch|p2a: Falcon Punch|Arcanine, L50, M|100\/100\n|-ability|p2a: Falcon Punch|Intimidate|boost\n|-unboost|p1a: Palafin|atk|1\n|-unboost|p1b: Pelipper|atk|1\n|turn|2\n|j| chipp zanuff 7\n|\n|t:|1681787817\n|detailschange|p2b: Totsugeki|Palafin-Hero, L50, F\n|switch|p2b: EWGF|Ting-Lu, L50|100\/100\n|-ability|p2b: EWGF|Vessel of Ruin\n|detailschange|p1a: Palafin|Palafin-Hero, L50, F, tera:Water\n|switch|p1a: Amoonguss|Amoonguss, L50, F|100\/100\n|-terastallize|p2a: Falcon Punch|Water\n|move|p2a: Falcon Punch|Will-O-Wisp|p1a: Amoonguss\n|-status|p1a: Amoonguss|brn\n|move|p1b: Pelipper|Hydro Pump|p2a: Falcon Punch|[miss]\n|-miss|p1b: Pelipper|p2a: Falcon Punch\n|\n|-weather|RainDance|[upkeep]\n|-damage|p1a: Amoonguss|95\/100 brn|[from] brn\n|upkeep\n|turn|3\n|c|\u2606413XPlayz|ewgf is so funny\n|j| Goodusername69\n|\n|t:|1681787859\n|move|p2a: Falcon Punch|Howl|p2a: Falcon Punch|[spread] p2a,p2b\n|-boost|p2a: Falcon Punch|atk|1\n|-boost|p2b: EWGF|atk|1\n|move|p1b: Pelipper|Hydro Pump|p2b: EWGF\n|-supereffective|p2b: EWGF\n|-damage|p2b: EWGF|52\/100\n|move|p2b: EWGF|Fissure|p1a: Amoonguss|[miss]\n|-miss|p2b: EWGF|p1a: Amoonguss\n|move|p1a: Amoonguss|Spore|p2b: EWGF\n|-status|p2b: EWGF|slp|[from] move: Spore\n|\n|-weather|RainDance|[upkeep]\n|-damage|p1a: Amoonguss|89\/100 brn|[from] brn\n|upkeep\n|turn|4\n|\n|t:|1681787885\n|move|p2a: Falcon Punch|Howl|p2a: Falcon Punch|[spread] p2a,p2b\n|-boost|p2a: Falcon Punch|atk|1\n|-boost|p2b: EWGF|atk|1\n|move|p1b: Pelipper|Hydro Pump|p2b: EWGF\n|-supereffective|p2b: EWGF\n|-damage|p2b: EWGF|4\/100 slp\n|cant|p2b: EWGF|slp\n|move|p1a: Amoonguss|Pollen Puff|p2b: EWGF\n|-supereffective|p2b: EWGF\n|-damage|p2b: EWGF|0 fnt\n|faint|p2b: EWGF\n|\n|-weather|RainDance|[upkeep]\n|-damage|p1a: Amoonguss|83\/100 brn|[from] brn\n|upkeep\n|j| AverageWhat\n|\n|t:|1681787897\n|switch|p2b: Totsugeki|Palafin-Hero, L50, F|100\/100\n|-activate|p2b: Totsugeki|ability: Zero to Hero\n|turn|5\n|\n|t:|1681787909\n|move|p1a: Amoonguss|Protect|p1a: Amoonguss\n|-singleturn|p1a: Amoonguss|Protect\n|move|p2a: Falcon Punch|Flare Blitz|p1a: Amoonguss\n|-activate|p1a: Amoonguss|move: Protect\n|move|p2b: Totsugeki|Wave Crash|p1b: Pelipper\n|-resisted|p1b: Pelipper\n|-damage|p1b: Pelipper|12\/100\n|-damage|p2b: Totsugeki|80\/100|[from] Recoil\n|move|p1b: Pelipper|Tailwind|p1b: Pelipper\n|-sidestart|p1: 413XPlayz|move: Tailwind\n|\n|-weather|none\n|-damage|p1a: Amoonguss|77\/100 brn|[from] brn\n|upkeep\n|turn|6\n|l| AverageWhat\n|\n|t:|1681787926\n|switch|p1b: Baxcalibur|Baxcalibur, L50, F|100\/100\n|move|p2b: Totsugeki|Jet Punch|p1b: Baxcalibur\n|-resisted|p1b: Baxcalibur\n|-damage|p1b: Baxcalibur|80\/100\n|move|p2a: Falcon Punch|Flare Blitz|p1a: Amoonguss\n|-supereffective|p1a: Amoonguss\n|-damage|p1a: Amoonguss|0 fnt\n|faint|p1a: Amoonguss\n|-damage|p2a: Falcon Punch|72\/100|[from] Recoil\n|\n|upkeep\n|j| Iancrix\n|\n|t:|1681787955\n|switch|p1a: Pelipper|Pelipper, L50, F|12\/100\n|-weather|RainDance|[from] ability: Drizzle|[of] p1a: Pelipper\n|turn|7\n|\n|t:|1681787977\n|move|p2a: Falcon Punch|Extreme Speed|p1b: Baxcalibur\n|-damage|p1b: Baxcalibur|36\/100\n|move|p2b: Totsugeki|Jet Punch|p1b: Baxcalibur\n|-resisted|p1b: Baxcalibur\n|-damage|p1b: Baxcalibur|0 fnt\n|faint|p1b: Baxcalibur\n|move|p1a: Pelipper|Hurricane|p2b: Totsugeki\n|-damage|p2b: Totsugeki|30\/100\n|-start|p2b: Totsugeki|confusion\n|\n|-weather|RainDance|[upkeep]\n|upkeep\n|j| Bdogplatinum\n|\n|t:|1681787980\n|switch|p1b: Palafin|Palafin-Hero, L50, F, tera:Water|72\/100\n|-activate|p1b: Palafin|ability: Zero to Hero\n|turn|8\n|\n|t:|1681788002\n|move|p2a: Falcon Punch|Extreme Speed|p1b: Palafin\n|-damage|p1b: Palafin|28\/100\n|-activate|p2b: Totsugeki|confusion\n|-damage|p2b: Totsugeki|13\/100|[from] confusion\n|move|p1b: Palafin|Wave Crash|p2a: Falcon Punch\n|-resisted|p2a: Falcon Punch\n|-damage|p2a: Falcon Punch|0 fnt\n|faint|p2a: Falcon Punch\n|-damage|p1b: Palafin|6\/100|[from] Recoil\n|move|p1a: Pelipper|Hurricane|p2b: Totsugeki\n|-damage|p2b: Totsugeki|0 fnt\n|faint|p2b: Totsugeki\n|\n|win|413XPlayz\n|n|\u2606413XPlayz|413xplayz\n|n|\u2606Wo-ChienBlend|wochienblend\n|n| Radio Free C-Side|radiofreecside\n|n| blooperlink123|blooperlink123\n|n| WeirdPolyCouple|weirdpolycouple\n|n| Borghi|borghi\n|n| IronCrusader|ironcrusader\n|n| chipp zanuff 7|chippzanuff7\n|n| Goodusername69|goodusername69\n|n| Iancrix|iancrix\n|n| Bdogplatinum|bdogplatinum\n|c|\u2606413XPlayz|ggs sry for unclean game\n|c|\u2606413XPlayz|i kinda trolled\n|c|\u2606Wo-ChienBlend|ggs\n|l| Radio Free C-Side\n|l| IronCrusader\n|j| Jbenn\n|l|\u2606Wo-ChienBlend\n|l| Jbenn\n|l| chipp zanuff 7\n","uploadtime":1681788003,"views":4,"p1id":"413xplayz","p2id":"wochienblend","formatid":"gen9vgc2023regulationc","rating":0,"private":0,"password":""}