{"id":"gen9vgc2023regulationc-1860116307","p1":"piratekingbenis97","p2":"Can'tStopFalling","format":"[Gen 9] VGC 2023 Regulation C","log":"|j|\u2606piratekingbenis97\n|j|\u2606Can'tStopFalling\n|t:|1683597093\n|gametype|doubles\n|player|p1|piratekingbenis97|rood|1358\n|player|p2|Can'tStopFalling|parasollady|1475\n|teamsize|p1|6\n|teamsize|p2|6\n|gen|9\n|tier|[Gen 9] VGC 2023 Regulation C\n|rated|\n|rule|Species Clause: Limit one of each Pok\u00e9mon\n|rule|Item Clause: Limit one of each item\n|clearpoke\n|poke|p1|Flutter Mane, L50|\n|poke|p1|Wo-Chien, L50|\n|poke|p1|Torkoal, L50, F|\n|poke|p1|Jumpluff, L50, F|\n|poke|p1|Roaring Moon, L50|\n|poke|p1|Chi-Yu, L50|\n|poke|p2|Iron Bundle, L50|\n|poke|p2|Amoonguss, L50, M|\n|poke|p2|Arcanine, L50, F|\n|poke|p2|Flutter Mane, L50|\n|poke|p2|Stonjourner, L50, M|\n|poke|p2|Farigiraf, L50, F|\n|teampreview|4\n|\n|t:|1683597115\n|start\n|switch|p1a: Flutter Mane|Flutter Mane, L50|100\/100\n|switch|p1b: Wo-Chien|Wo-Chien, L50|100\/100\n|switch|p2a: Fresita|Arcanine, L50, F|100\/100\n|switch|p2b: Frambuesa|Iron Bundle, L50|100\/100\n|-ability|p2a: Fresita|Intimidate|boost\n|-unboost|p1a: Flutter Mane|atk|1\n|-unboost|p1b: Wo-Chien|atk|1\n|-enditem|p1b: Wo-Chien|Eject Pack\n|\n|t:|1683597133\n|switch|p1b: Chi-Yu|Chi-Yu, L50|100\/100\n|-ability|p1b: Chi-Yu|Beads of Ruin\n|-enditem|p2b: Frambuesa|Booster Energy\n|-activate|p2b: Frambuesa|ability: Quark Drive|[fromitem]\n|-start|p2b: Frambuesa|quarkdrivespe\n|turn|1\n|\n|t:|1683597159\n|move|p2b: Frambuesa|Protect|p2b: Frambuesa\n|-singleturn|p2b: Frambuesa|Protect\n|move|p2a: Fresita|Protect|p2a: Fresita\n|-singleturn|p2a: Fresita|Protect\n|move|p1b: Chi-Yu|Protect|p1b: Chi-Yu\n|-singleturn|p1b: Chi-Yu|Protect\n|move|p1a: Flutter Mane|Trick Room|p1a: Flutter Mane\n|-fieldstart|move: Trick Room|[of] p1a: Flutter Mane\n|\n|upkeep\n|turn|2\n|\n|t:|1683597181\n|switch|p1b: Wo-Chien|Wo-Chien, L50|100\/100\n|-ability|p1b: Wo-Chien|Tablets of Ruin\n|move|p2b: Frambuesa|Protect|p2b: Frambuesa\n|-singleturn|p2b: Frambuesa|Protect\n|move|p1a: Flutter Mane|Substitute|p1a: Flutter Mane\n|-start|p1a: Flutter Mane|Substitute\n|-damage|p1a: Flutter Mane|76\/100\n|move|p2a: Fresita|Flare Blitz|p1a: Flutter Mane\n|-end|p1a: Flutter Mane|Substitute\n|-damage|p2a: Fresita|94\/100|[from] Recoil|[of] p1a: Flutter Mane\n|\n|upkeep\n|turn|3\n|\n|t:|1683597200\n|-end|p1a: Flutter Mane|Protosynthesis|[silent]\n|switch|p1a: Torkoal|Torkoal, L50, F, shiny|100\/100\n|-weather|SunnyDay|[from] ability: Drought|[of] p1a: Torkoal\n|-terastallize|p2a: Fresita|Grass\n|move|p2b: Frambuesa|Protect|p2b: Frambuesa\n|-singleturn|p2b: Frambuesa|Protect\n|move|p1b: Wo-Chien|Leaf Storm|p2b: Frambuesa\n|-activate|p2b: Frambuesa|move: Protect\n|move|p2a: Fresita|Flare Blitz|p1a: Torkoal\n|-resisted|p1a: Torkoal\n|-damage|p1a: Torkoal|77\/100\n|-damage|p2a: Fresita|87\/100|[from] Recoil\n|\n|-weather|SunnyDay|[upkeep]\n|upkeep\n|turn|4\n|c|\u2606piratekingbenis97|how many protects lol\n|\n|t:|1683597227\n|-terastallize|p1a: Torkoal|Fire\n|move|p2b: Frambuesa|Protect||[still]\n|-fail|p2b: Frambuesa\n|move|p1a: Torkoal|Eruption|p2b: Frambuesa|[spread] p2a,p2b\n|-supereffective|p2a: Fresita\n|-damage|p2a: Fresita|0 fnt\n|-damage|p2b: Frambuesa|0 fnt\n|faint|p2a: Fresita\n|faint|p2b: Frambuesa\n|-end|p2b: Frambuesa|Quark Drive|[silent]\n|move|p1b: Wo-Chien|Leaf Storm|p2: Fresita|[notarget]\n|-fail|p1b: Wo-Chien\n|\n|-weather|SunnyDay|[upkeep]\n|upkeep\n|\n|t:|1683597233\n|switch|p2a: Papaya|Stonjourner, L50, M|100\/100\n|switch|p2b: Parchita|Flutter Mane, L50|100\/100\n|-activate|p2b: Parchita|ability: Protosynthesis\n|-start|p2b: Parchita|protosynthesisspa\n|turn|5\n|\n|t:|1683597245\n|move|p2a: Papaya|Protect|p2a: Papaya\n|-singleturn|p2a: Papaya|Protect\n|move|p2b: Parchita|Protect|p2b: Parchita\n|-singleturn|p2b: Parchita|Protect\n|move|p1a: Torkoal|Eruption|p2a: Papaya|[spread] \n|-activate|p2a: Papaya|move: Protect\n|-activate|p2b: Parchita|move: Protect\n|move|p1b: Wo-Chien|Substitute|p1b: Wo-Chien\n|-start|p1b: Wo-Chien|Substitute\n|-damage|p1b: Wo-Chien|76\/100\n|\n|-weather|SunnyDay|[upkeep]\n|-fieldend|move: Trick Room\n|upkeep\n|turn|6\n|c|\u2606piratekingbenis97|3 protects jeeezzz\n|inactive|Battle timer is ON: inactive players will automatically lose when time's up. (requested by Can'tStopFalling)\n|\n|t:|1683597327\n|switch|p1a: Chi-Yu|Chi-Yu, L50|100\/100\n|-ability|p1a: Chi-Yu|Beads of Ruin\n|move|p2b: Parchita|Dazzling Gleam|p1a: Chi-Yu|[spread] p1a,p1b\n|-supereffective|p1b: Wo-Chien\n|-end|p1b: Wo-Chien|Substitute\n|-damage|p1a: Chi-Yu|46\/100\n|-damage|p2b: Parchita|91\/100|[from] item: Life Orb\n|move|p2a: Papaya|Rock Slide|p1b: Wo-Chien|[spread] p1a,p1b\n|-supereffective|p1a: Chi-Yu\n|-damage|p1a: Chi-Yu|0 fnt\n|-damage|p1b: Wo-Chien|52\/100\n|faint|p1a: Chi-Yu\n|cant|p1b: Wo-Chien|flinch\n|\n|-weather|SunnyDay|[upkeep]\n|upkeep\n|c|\u2606Can'tStopFalling|My 2nd triple today\n|inactiveoff|Battle timer is now OFF.\n|c|\u2606piratekingbenis97|LOL\n|c|\u2606piratekingbenis97|hey man lucks a skill too in my book\n|c|\u2606Can'tStopFalling|Tr flutter made me have to do it\n|c|\u2606Can'tStopFalling|Lol\n|c|\u2606piratekingbenis97|LOL\n|\n|t:|1683597396\n|switch|p1a: Torkoal|Torkoal, L50, F, shiny, tera:Fire|77\/100\n|turn|7\n|\n|t:|1683597407\n|move|p1a: Torkoal|Helping Hand|p1b: Wo-Chien\n|-singleturn|p1b: Wo-Chien|Helping Hand|[of] p1a: Torkoal\n|move|p2b: Parchita|Dazzling Gleam|p1a: Torkoal|[spread] p1a,p1b\n|-resisted|p1a: Torkoal\n|-supereffective|p1b: Wo-Chien\n|-damage|p1a: Torkoal|30\/100\n|-damage|p1b: Wo-Chien|0 fnt\n|faint|p1b: Wo-Chien\n|-damage|p2b: Parchita|81\/100|[from] item: Life Orb\n|move|p2a: Papaya|Rock Slide|p1a: Torkoal\n|-supereffective|p1a: Torkoal\n|-damage|p1a: Torkoal|0 fnt\n|faint|p1a: Torkoal\n|\n|-weather|none\n|-end|p2b: Parchita|Protosynthesis\n|upkeep\n|c|\u2606piratekingbenis97|gg\n|\n|t:|1683597421\n|switch|p1b: Flutter Mane|Flutter Mane, L50|76\/100\n|turn|8\n|c|\u2606Can'tStopFalling|Gg\n|\n|t:|1683597428\n|move|p2b: Parchita|Moonblast|p1b: Flutter Mane\n|-damage|p1b: Flutter Mane|0 fnt\n|faint|p1b: Flutter Mane\n|-end|p1b: Flutter Mane|Protosynthesis|[silent]\n|-damage|p2b: Parchita|71\/100|[from] item: Life Orb\n|\n|win|Can'tStopFalling\n|raw|piratekingbenis97's rating: 1358 → 1344<\/strong> (-14 for losing)\n|raw|Can'tStopFalling's rating: 1475 → 1489<\/strong> (+14 for winning)\n|c|\u2606piratekingbenis97|respect\n|c|\u2606piratekingbenis97|have a good one\n|c|\u2606Can'tStopFalling|U2\n|l|\u2606piratekingbenis97\n","uploadtime":1683597460,"views":16,"p1id":"piratekingbenis97","p2id":"cantstopfalling","formatid":"gen9vgc2023regulationc","rating":1344,"private":0,"password":""}