{"id":"gen9vgc2023regulationc-1859689613","p1":"QrdeJegoMac","p2":"idkwhatimdoing69","format":"[Gen 9] VGC 2023 Regulation C","log":"|j|\u2606QrdeJegoMac\n|j|\u2606idkwhatimdoing69\n|t:|1683556326\n|gametype|doubles\n|player|p1|QrdeJegoMac|266|1449\n|player|p2|idkwhatimdoing69|1|1415\n|teamsize|p1|6\n|teamsize|p2|6\n|gen|9\n|tier|[Gen 9] VGC 2023 Regulation C\n|rated|\n|rule|Species Clause: Limit one of each Pok\u00e9mon\n|rule|Item Clause: Limit one of each item\n|clearpoke\n|poke|p1|Murkrow, L50, M|\n|poke|p1|Chi-Yu, L50|\n|poke|p1|Flutter Mane, L50|\n|poke|p1|Great Tusk, L50|\n|poke|p1|Brute Bonnet, L50|\n|poke|p1|Corviknight, L50, F|\n|poke|p2|Kingambit, L50, F|\n|poke|p2|Chien-Pao, L50|\n|poke|p2|Corviknight, L50, M|\n|poke|p2|Flutter Mane, L50|\n|poke|p2|Azumarill, L50, M|\n|poke|p2|Arcanine, L50, F|\n|teampreview|4\n|inactive|Battle timer is ON: inactive players will automatically lose when time's up. (requested by QrdeJegoMac)\nidkwhatimdoing69 has agreed to open team sheets.\nQrdeJegoMac has agreed to open team sheets.\n|c|\u2606QrdeJegoMac|nor do I, dw\n|inactive|idkwhatimdoing69 has 60 seconds left.\n|\n|t:|1683556378\n|start\n|switch|p1a: Flutter Mane|Flutter Mane, L50|100\/100\n|switch|p1b: Chi-Yu|Chi-Yu, L50|100\/100\n|switch|p2a: Arcanine|Arcanine, L50, F|100\/100\n|switch|p2b: Kingambit|Kingambit, L50, F|100\/100\n|-ability|p1b: Chi-Yu|Beads of Ruin\n|-ability|p2a: Arcanine|Intimidate|boost\n|-unboost|p1a: Flutter Mane|atk|1\n|-unboost|p1b: Chi-Yu|atk|1\n|turn|1\n|\n|t:|1683556400\n|-end|p1a: Flutter Mane|Protosynthesis|[silent]\n|switch|p1a: Great Tusk|Great Tusk, L50|100\/100\n|-terastallize|p1b: Chi-Yu|Ghost\n|move|p2b: Kingambit|Protect|p2b: Kingambit\n|-singleturn|p2b: Kingambit|Protect\n|move|p1b: Chi-Yu|Overheat|p2b: Kingambit\n|-activate|p2b: Kingambit|move: Protect\n|move|p2a: Arcanine|Flare Blitz|p1a: Great Tusk\n|-damage|p1a: Great Tusk|67\/100\n|-damage|p2a: Arcanine|90\/100|[from] Recoil\n|\n|upkeep\n|turn|2\n|n|\u2606idkwhatimdoing69|idkwhatimdoing69\n|c|\u2606idkwhatimdoing69|i dont think any of us do at this point tbh lol\n|inactive|idkwhatimdoing69 has 30 seconds left.\n|inactive|idkwhatimdoing69 has 20 seconds left.\n|\n|t:|1683556438\n|switch|p1b: Murkrow|Murkrow, L50, M, shiny|100\/100\n|move|p2a: Arcanine|Protect|p2a: Arcanine\n|-singleturn|p2a: Arcanine|Protect\n|move|p2b: Kingambit|Sucker Punch||[still]\n|-fail|p2b: Kingambit\n|move|p1a: Great Tusk|Headlong Rush|p2a: Arcanine\n|-activate|p2a: Arcanine|move: Protect\n|\n|upkeep\n|turn|3\n|\n|t:|1683556455\n|switch|p2a: Corviknight|Corviknight, L50, M|100\/100\n|-terastallize|p2b: Kingambit|Dark\n|move|p1b: Murkrow|Sunny Day|p1b: Murkrow\n|-weather|SunnyDay\n|-activate|p1a: Great Tusk|ability: Protosynthesis\n|-start|p1a: Great Tusk|protosynthesisatk\n|move|p2b: Kingambit|Sucker Punch|p1a: Great Tusk\n|-resisted|p1a: Great Tusk\n|-damage|p1a: Great Tusk|42\/100\n|move|p1a: Great Tusk|Headlong Rush|p2b: Kingambit\n|-damage|p2b: Kingambit|32\/100\n|-unboost|p1a: Great Tusk|def|1\n|-unboost|p1a: Great Tusk|spd|1\n|\n|-weather|SunnyDay|[upkeep]\n|upkeep\n|turn|4\n|inactive|QrdeJegoMac has 30 seconds left.\n|\n|t:|1683556484\n|-end|p1a: Great Tusk|Protosynthesis|[silent]\n|switch|p1a: Flutter Mane|Flutter Mane, L50|100\/100\n|-activate|p1a: Flutter Mane|ability: Protosynthesis\n|-start|p1a: Flutter Mane|protosynthesisspa\n|move|p2b: Kingambit|Protect|p2b: Kingambit\n|-singleturn|p2b: Kingambit|Protect\n|move|p1b: Murkrow|Foul Play|p2b: Kingambit\n|-activate|p2b: Kingambit|move: Protect\n|move|p2a: Corviknight|Brave Bird|p1a: Flutter Mane\n|-damage|p1a: Flutter Mane|19\/100\n|-damage|p2a: Corviknight|82\/100|[from] Recoil\n|\n|-weather|SunnyDay|[upkeep]\n|upkeep\n|turn|5\n|\n|t:|1683556505\n|move|p2b: Kingambit|Sucker Punch|p1a: Flutter Mane\n|-damage|p1a: Flutter Mane|0 fnt\n|faint|p1a: Flutter Mane\n|-end|p1a: Flutter Mane|Protosynthesis|[silent]\n|move|p1b: Murkrow|Foul Play|p2b: Kingambit\n|-resisted|p2b: Kingambit\n|-damage|p2b: Kingambit|9\/100\n|move|p2a: Corviknight|Brave Bird|p1b: Murkrow\n|-damage|p1b: Murkrow|59\/100\n|-damage|p2a: Corviknight|70\/100|[from] Recoil\n|\n|-weather|SunnyDay|[upkeep]\n|upkeep\n|\n|t:|1683556508\n|switch|p1a: Chi-Yu|Chi-Yu, L50, tera:Ghost|100\/100\n|-ability|p1a: Chi-Yu|Beads of Ruin\n|turn|6\n|\n|t:|1683556522\n|move|p1a: Chi-Yu|Protect|p1a: Chi-Yu\n|-singleturn|p1a: Chi-Yu|Protect\n|move|p2b: Kingambit|Protect|p2b: Kingambit\n|-singleturn|p2b: Kingambit|Protect\n|move|p1b: Murkrow|Foul Play|p2b: Kingambit\n|-activate|p2b: Kingambit|move: Protect\n|move|p2a: Corviknight|Roost|p2a: Corviknight\n|-heal|p2a: Corviknight|100\/100\n|-singleturn|p2a: Corviknight|move: Roost\n|\n|-weather|SunnyDay|[upkeep]\n|upkeep\n|turn|7\n|\n|t:|1683556537\n|move|p1a: Chi-Yu|Protect||[still]\n|-fail|p1a: Chi-Yu\n|move|p2b: Kingambit|Sucker Punch||[still]\n|-fail|p2b: Kingambit\n|move|p1b: Murkrow|Foul Play|p2b: Kingambit\n|-resisted|p2b: Kingambit\n|-damage|p2b: Kingambit|0 fnt\n|faint|p2b: Kingambit\n|move|p2a: Corviknight|Brave Bird|p1b: Murkrow\n|-damage|p1b: Murkrow|17\/100\n|-damage|p2a: Corviknight|89\/100|[from] Recoil\n|\n|-weather|none\n|upkeep\n|\n|t:|1683556545\n|switch|p2b: Arcanine|Arcanine, L50, F|90\/100\n|-ability|p2b: Arcanine|Intimidate|boost\n|-unboost|p1a: Chi-Yu|atk|1\n|-unboost|p1b: Murkrow|atk|1\n|turn|8\n|\n|t:|1683556557\n|move|p1a: Chi-Yu|Protect|p1a: Chi-Yu\n|-singleturn|p1a: Chi-Yu|Protect\n|move|p2b: Arcanine|Extreme Speed|p1b: Murkrow\n|-damage|p1b: Murkrow|0 fnt\n|faint|p1b: Murkrow\n|move|p2a: Corviknight|Brave Bird|p1a: Chi-Yu\n|-activate|p1a: Chi-Yu|move: Protect\n|\n|upkeep\n|\n|t:|1683556559\n|switch|p1b: Great Tusk|Great Tusk, L50|42\/100\n|turn|9\n|\n|t:|1683556566\n|move|p2b: Arcanine|Protect|p2b: Arcanine\n|-singleturn|p2b: Arcanine|Protect\n|move|p1b: Great Tusk|Headlong Rush|p2b: Arcanine\n|-activate|p2b: Arcanine|move: Protect\n|move|p1a: Chi-Yu|Overheat|p2a: Corviknight\n|-supereffective|p2a: Corviknight\n|-damage|p2a: Corviknight|0 fnt\n|-unboost|p1a: Chi-Yu|spa|2\n|faint|p2a: Corviknight\n|-damage|p1a: Chi-Yu|90\/100|[from] item: Life Orb\n|\n|upkeep\n|\n|t:|1683556573\n|switch|p2a: Flutter Mane|Flutter Mane, L50|100\/100\n|turn|10\n|\n|t:|1683556588\n|move|p1b: Great Tusk|Headlong Rush|p2a: Flutter Mane\n|-damage|p2a: Flutter Mane|0 fnt\n|-unboost|p1b: Great Tusk|def|1\n|-unboost|p1b: Great Tusk|spd|1\n|faint|p2a: Flutter Mane\n|-end|p2a: Flutter Mane|Protosynthesis|[silent]\n|move|p1a: Chi-Yu|Dark Pulse|p2b: Arcanine\n|-damage|p2b: Arcanine|54\/100\n|-damage|p1a: Chi-Yu|80\/100|[from] item: Life Orb\n|move|p2b: Arcanine|Flare Blitz|p1a: Chi-Yu\n|-damage|p1a: Chi-Yu|2\/100\n|-damage|p2b: Arcanine|37\/100|[from] Recoil\n|\n|upkeep\n|turn|11\n|\n|t:|1683556594\n|move|p1b: Great Tusk|Headlong Rush|p2b: Arcanine\n|-supereffective|p2b: Arcanine\n|-damage|p2b: Arcanine|0 fnt\n|-unboost|p1b: Great Tusk|def|1\n|-unboost|p1b: Great Tusk|spd|1\n|faint|p2b: Arcanine\n|\n|win|QrdeJegoMac\n|raw|QrdeJegoMac's rating: 1449 → 1467<\/strong> (+18 for winning)\n|raw|idkwhatimdoing69's rating: 1415 → 1397<\/strong> (-18 for losing)\n|c|\u2606QrdeJegoMac|gg\n|l|\u2606idkwhatimdoing69\n|c|\u2606QrdeJegoMac|great positioning\n","uploadtime":1683556599,"views":10,"p1id":"qrdejegomac","p2id":"idkwhatimdoing69","formatid":"gen9vgc2023regulationc","rating":1397,"private":0,"password":""}