{"id":"gen9vgc2023regulationc-1863882358","p1":"Jaywill06","p2":"vnillabryce","format":"[Gen 9] VGC 2023 Regulation C","log":"|j|\u2606Jaywill06\n|j|\u2606vnillabryce\n|t:|1684089014\n|gametype|doubles\n|player|p1|Jaywill06|rosa|1100\n|player|p2|vnillabryce|emmet|1098\n|teamsize|p1|6\n|teamsize|p2|6\n|gen|9\n|tier|[Gen 9] VGC 2023 Regulation C\n|rated|\n|rule|Species Clause: Limit one of each Pok\u00e9mon\n|rule|Item Clause: Limit one of each item\n|clearpoke\n|poke|p1|Pawmot, L50, M|\n|poke|p1|Dondozo, L50, F|\n|poke|p1|Tatsugiri, L50, F|\n|poke|p1|Iron Bundle, L50|\n|poke|p1|Murkrow, L50, M|\n|poke|p1|Gholdengo, L50|\n|poke|p2|Abomasnow, L50, M|\n|poke|p2|Palafin, L50, F|\n|poke|p2|Luxray, L50, M|\n|poke|p2|Baxcalibur, L50, F|\n|poke|p2|Glaceon, L50, F|\n|poke|p2|Maushold-Four, L50|\n|teampreview|4\n|\n|t:|1684089048\n|start\n|switch|p1a: Cyrus|Pawmot, L50, M|100\/100\n|switch|p1b: Iron Pravus|Iron Bundle, L50|100\/100\n|switch|p2a: Abomasnow|Abomasnow, L50, M|100\/100\n|switch|p2b: Palafin|Palafin, L50, F|100\/100\n|-weather|Snow|[from] ability: Snow Warning|[of] p2a: Abomasnow\n|turn|1\n|\n|t:|1684089060\n|detailschange|p2b: Palafin|Palafin-Hero, L50, F\n|switch|p2b: Luxray|Luxray, L50, M|100\/100\n|-ability|p2b: Luxray|Intimidate|boost\n|-unboost|p1a: Cyrus|atk|1\n|-unboost|p1b: Iron Pravus|atk|1\n|move|p1a: Cyrus|Fake Out|p2a: Abomasnow\n|-damage|p2a: Abomasnow|93\/100\n|move|p1b: Iron Pravus|Freeze-Dry|p2b: Luxray\n|-damage|p2b: Luxray|54\/100\n|cant|p2a: Abomasnow|flinch\n|\n|-weather|Snow|[upkeep]\n|upkeep\n|turn|2\n|\n|t:|1684089093\n|move|p2b: Luxray|Protect|p2b: Luxray\n|-singleturn|p2b: Luxray|Protect\n|move|p1b: Iron Pravus|Freeze-Dry|p2b: Luxray\n|-activate|p2b: Luxray|move: Protect\n|move|p1a: Cyrus|Close Combat|p2a: Abomasnow\n|-supereffective|p2a: Abomasnow\n|-damage|p2a: Abomasnow|39\/100\n|-unboost|p1a: Cyrus|def|1\n|-unboost|p1a: Cyrus|spd|1\n|move|p2a: Abomasnow|Aurora Veil|p2a: Abomasnow\n|-sidestart|p2: vnillabryce|move: Aurora Veil\n|\n|-weather|Snow|[upkeep]\n|upkeep\n|turn|3\n|\n|t:|1684089117\n|move|p1b: Iron Pravus|Freeze-Dry|p2b: Luxray\n|-damage|p2b: Luxray|24\/100\n|-enditem|p2b: Luxray|Sitrus Berry|[eat]\n|-heal|p2b: Luxray|48\/100|[from] item: Sitrus Berry\n|move|p1a: Cyrus|Close Combat|p2a: Abomasnow\n|-supereffective|p2a: Abomasnow\n|-damage|p2a: Abomasnow|0 fnt\n|-unboost|p1a: Cyrus|def|1\n|-unboost|p1a: Cyrus|spd|1\n|faint|p2a: Abomasnow\n|move|p2b: Luxray|Snarl|p1a: Cyrus|[spread] p1a,p1b\n|-resisted|p1a: Cyrus\n|-damage|p1a: Cyrus|85\/100\n|-damage|p1b: Iron Pravus|84\/100\n|-unboost|p1a: Cyrus|spa|1\n|-unboost|p1b: Iron Pravus|spa|1\n|\n|-weather|Snow|[upkeep]\n|upkeep\n|\n|t:|1684089135\n|switch|p2a: Baxcalibur|Baxcalibur, L50, F|100\/100\n|turn|4\n|\n|t:|1684089157\n|switch|p1a: Dupes|Dondozo, L50, F|100\/100\n|move|p1b: Iron Pravus|Freeze-Dry|p2a: Baxcalibur\n|-damage|p2a: Baxcalibur|86\/100\n|move|p2b: Luxray|Howl|p2b: Luxray|[spread] p2a,p2b\n|-boost|p2a: Baxcalibur|atk|1\n|-boost|p2b: Luxray|atk|1\n|move|p2a: Baxcalibur|Glaive Rush|p1b: Iron Pravus\n|-damage|p1b: Iron Pravus|0 fnt\n|-singlemove|p2a: Baxcalibur|Glaive Rush|[silent]\n|faint|p1b: Iron Pravus\n|-end|p1b: Iron Pravus|Quark Drive|[silent]\n|\n|-weather|Snow|[upkeep]\n|upkeep\n|\n|t:|1684089168\n|switch|p1b: Cyrus|Pawmot, L50, M|85\/100\n|turn|5\n|\n|t:|1684089192\n|move|p2a: Baxcalibur|Protect|p2a: Baxcalibur\n|-singleturn|p2a: Baxcalibur|Protect\n|move|p1b: Cyrus|Fake Out|p2a: Baxcalibur\n|-activate|p2a: Baxcalibur|move: Protect\n|move|p2b: Luxray|Wild Charge|p1a: Dupes\n|-supereffective|p1a: Dupes\n|-damage|p1a: Dupes|25\/100\n|-enditem|p1a: Dupes|Weakness Policy\n|-boost|p1a: Dupes|atk|2|[from] item: Weakness Policy\n|-boost|p1a: Dupes|spa|2|[from] item: Weakness Policy\n|-damage|p2b: Luxray|23\/100|[from] Recoil\n|move|p1a: Dupes|Wave Crash|p2b: Luxray\n|-damage|p2b: Luxray|0 fnt\n|faint|p2b: Luxray\n|-damage|p1a: Dupes|19\/100|[from] Recoil\n|\n|-weather|Snow|[upkeep]\n|upkeep\n|\n|t:|1684089210\n|switch|p2b: Palafin|Palafin-Hero, L50, F|100\/100\n|-activate|p2b: Palafin|ability: Zero to Hero\n|turn|6\n|\n|t:|1684089263\n|switch|p1b: Mini|Tatsugiri, L50, F|100\/100\n|-activate|p1b: Mini|ability: Commander|[of] p1a: Dupes\n|-boost|p1a: Dupes|atk|2\n|-boost|p1a: Dupes|spa|2\n|-boost|p1a: Dupes|spe|2\n|-boost|p1a: Dupes|def|2\n|-boost|p1a: Dupes|spd|2\n|-terastallize|p2a: Baxcalibur|Ice\n|move|p2b: Palafin|Jet Punch|p1a: Dupes\n|-resisted|p1a: Dupes\n|-damage|p1a: Dupes|9\/100\n|move|p2a: Baxcalibur|Ice Shard|p1b: Mini|[miss]\n|-miss|p2a: Baxcalibur|p1b: Mini\n|move|p1a: Dupes|Rest|p1a: Dupes\n|-status|p1a: Dupes|slp|[from] move: Rest\n|-heal|p1a: Dupes|100\/100 slp|[silent]\n|\n|-weather|Snow|[upkeep]\n|-sideend|p2: vnillabryce|move: Aurora Veil\n|upkeep\n|turn|7\n|\n|t:|1684089280\n|move|p2b: Palafin|Jet Punch|p1a: Dupes\n|-resisted|p1a: Dupes\n|-damage|p1a: Dupes|90\/100 slp\n|cant|p1a: Dupes|slp\n|move|p1a: Dupes|Sleep Talk|p1a: Dupes\n|move|p1a: Dupes|Rest||[from]move: Sleep Talk|[still]\n|-fail|p1a: Dupes\n|move|p2a: Baxcalibur|Glaive Rush|p1a: Dupes\n|-damage|p1a: Dupes|63\/100 slp\n|-singlemove|p2a: Baxcalibur|Glaive Rush|[silent]\n|\n|-weather|Snow|[upkeep]\n|upkeep\n|turn|8\n|\n|t:|1684089298\n|move|p2b: Palafin|Jet Punch|p1a: Dupes\n|-resisted|p1a: Dupes\n|-damage|p1a: Dupes|53\/100 slp\n|cant|p1a: Dupes|slp\n|move|p1a: Dupes|Sleep Talk|p1a: Dupes\n|move|p1a: Dupes|Earthquake|p2a: Baxcalibur|[from]move: Sleep Talk|[spread] p2a,p2b\n|-miss|p1a: Dupes|p1b: Mini\n|-damage|p2a: Baxcalibur|5\/100\n|-damage|p2b: Palafin|28\/100\n|move|p2a: Baxcalibur|Glaive Rush|p1a: Dupes\n|-damage|p1a: Dupes|28\/100 slp\n|-singlemove|p2a: Baxcalibur|Glaive Rush|[silent]\n|\n|-weather|none\n|upkeep\n|turn|9\n|\n|t:|1684089316\n|move|p2b: Palafin|Jet Punch|p1a: Dupes\n|-resisted|p1a: Dupes\n|-damage|p1a: Dupes|16\/100 slp\n|-curestatus|p1a: Dupes|slp|[msg]\n|move|p1a: Dupes|Earthquake|p2a: Baxcalibur|[spread] p2a,p2b\n|-miss|p1a: Dupes|p1b: Mini\n|-damage|p2a: Baxcalibur|0 fnt\n|-damage|p2b: Palafin|0 fnt\n|faint|p2a: Baxcalibur\n|faint|p2b: Palafin\n|\n|win|Jaywill06\n|raw|Jaywill06's rating: 1100 → 1125<\/strong> (+25 for winning)\n|raw|vnillabryce's rating: 1098 → 1073<\/strong> (-25 for losing)\n|l|\u2606vnillabryce\n","uploadtime":1684089338,"views":6,"p1id":"jaywill06","p2id":"vnillabryce","formatid":"gen9vgc2023regulationc","rating":1073,"private":0,"password":""}