{"id":"gen9vgc2023regulationc-1854846844","p1":"Dgt52","p2":"haha you rage quit","format":"[Gen 9] VGC 2023 Regulation C","log":"|j|\u2606Dgt52\n|j|\u2606haha you rage quit\n|t:|1682872836\n|gametype|doubles\n|player|p1|Dgt52|266|1235\n|player|p2|haha you rage quit|pokemaniac|1181\n|teamsize|p1|6\n|teamsize|p2|6\n|gen|9\n|tier|[Gen 9] VGC 2023 Regulation C\n|rated|\n|rule|Species Clause: Limit one of each Pok\u00e9mon\n|rule|Item Clause: Limit one of each item\n|clearpoke\n|poke|p1|Ting-Lu, L50|\n|poke|p1|Iron Hands, L50|\n|poke|p1|Bronzong, L50|\n|poke|p1|Hatterene, L50, F|\n|poke|p1|Brute Bonnet, L50|\n|poke|p1|Dragalge, L50, M|\n|poke|p2|Torkoal, L50, M|\n|poke|p2|Annihilape, L50, M|\n|poke|p2|Kingambit, L50, M|\n|poke|p2|Hatterene, L50, F|\n|poke|p2|Indeedee-F, L50, F|\n|poke|p2|Armarouge, L50, M|\n|teampreview|4\n|inactive|Battle timer is ON: inactive players will automatically lose when time's up. (requested by Dgt52)\n|inactive|Dgt52 has 60 seconds left.\n|inactive|haha you rage quit has 60 seconds left.\n|inactive|haha you rage quit has 30 seconds left.\n|\n|t:|1682872905\n|start\n|switch|p1a: Ting-Lu|Ting-Lu, L50|100\/100\n|switch|p1b: Bronzong|Bronzong, L50|100\/100\n|switch|p2a: Hatterene|Hatterene, L50, F|100\/100\n|switch|p2b: Annihilape|Annihilape, L50, M|100\/100\n|-ability|p1a: Ting-Lu|Vessel of Ruin\n|turn|1\n|\n|t:|1682872928\n|-terastallize|p1a: Ting-Lu|Ground\n|move|p1b: Bronzong|Helping Hand|p1a: Ting-Lu\n|-singleturn|p1a: Ting-Lu|Helping Hand|[of] p1b: Bronzong\n|move|p2a: Hatterene|Protect|p2a: Hatterene\n|-singleturn|p2a: Hatterene|Protect\n|move|p2b: Annihilape|Final Gambit|p1a: Ting-Lu\n|-damage|p1a: Ting-Lu|6\/100\n|faint|p2b: Annihilape\n|move|p1a: Ting-Lu|Earthquake|p2a: Hatterene|[spread] \n|-activate|p2a: Hatterene|move: Protect\n|-immune|p1b: Bronzong|[from] ability: Levitate\n|\n|upkeep\n|inactive|haha you rage quit has 30 seconds left.\n|\n|t:|1682872959\n|switch|p2b: Kingambit|Kingambit, L50, M, shiny|100\/100\n|turn|2\n|\n|t:|1682872976\n|switch|p1a: Dragalge|Dragalge, L50, M|100\/100\n|-terastallize|p2b: Kingambit|Flying\n|move|p2b: Kingambit|Kowtow Cleave|p1b: Bronzong\n|-supereffective|p1b: Bronzong\n|-crit|p1b: Bronzong\n|-damage|p1b: Bronzong|0 fnt\n|faint|p1b: Bronzong\n|move|p2a: Hatterene|Trick Room|p2a: Hatterene\n|-fieldstart|move: Trick Room|[of] p2a: Hatterene\n|\n|upkeep\n|\n|t:|1682872988\n|switch|p1b: Ting-Lu|Ting-Lu, L50, tera:Ground|6\/100\n|-ability|p1b: Ting-Lu|Vessel of Ruin\n|turn|3\n|\n|t:|1682873000\n|move|p2a: Hatterene|Dazzling Gleam|p1b: Ting-Lu|[spread] p1a,p1b\n|-damage|p1a: Dragalge|69\/100\n|-damage|p1b: Ting-Lu|0 fnt\n|faint|p1b: Ting-Lu\n|-damage|p2a: Hatterene|91\/100|[from] item: Life Orb\n|move|p2b: Kingambit|Swords Dance|p2b: Kingambit\n|-boost|p2b: Kingambit|atk|2\n|move|p1a: Dragalge|Sludge Bomb|p2b: Kingambit\n|-damage|p2b: Kingambit|48\/100\n|\n|upkeep\n|\n|t:|1682873011\n|switch|p1b: Hatterene|Hatterene, L50, F|100\/100\n|turn|4\n|\n|t:|1682873030\n|move|p1b: Hatterene|Protect|p1b: Hatterene\n|-singleturn|p1b: Hatterene|Protect\n|move|p2b: Kingambit|Sucker Punch||[still]\n|-fail|p2b: Kingambit\n|move|p2a: Hatterene|Psychic|p1a: Dragalge\n|-supereffective|p1a: Dragalge\n|-damage|p1a: Dragalge|0 fnt\n|faint|p1a: Dragalge\n|-damage|p2a: Hatterene|81\/100|[from] item: Life Orb\n|\n|upkeep\n|turn|5\n|-message|Dgt52 forfeited.\n|\n|win|haha you rage quit\n|raw|Dgt52's rating: 1235 → 1206<\/strong> (-29 for losing)\n|raw|haha you rage quit's rating: 1181 → 1210<\/strong> (+29 for winning)\n|l|\u2606Dgt52\n","uploadtime":1682873173,"views":13,"p1id":"dgt52","p2id":"hahayouragequit","formatid":"gen9vgc2023regulationc","rating":1206,"private":0,"password":""}