{"id":"gen9vgc2023regulationc-1856249046","p1":"H75083804","p2":"Sugarmaru","format":"[Gen 9] VGC 2023 Regulation C","log":"|j|\u203dH75083804\n|j|\u2606Sugarmaru\n|t:|1683044506\n|gametype|doubles\n|player|p1|H75083804|lady-gen4|1260\n|player|p2|Sugarmaru|101|1323\n|teamsize|p1|6\n|teamsize|p2|6\n|gen|9\n|tier|[Gen 9] VGC 2023 Regulation C\n|rated|\n|rule|Species Clause: Limit one of each Pok\u00e9mon\n|rule|Item Clause: Limit one of each item\n|clearpoke\n|poke|p1|Arcanine, L50, F|\n|poke|p1|Flutter Mane, L50|\n|poke|p1|Pelipper, L50, M|\n|poke|p1|Vaporeon, L50, M|\n|poke|p1|Scizor, L50, F|\n|poke|p1|Chien-Pao, L50|\n|poke|p2|Vivillon-Ocean, L50, F|\n|poke|p2|Chi-Yu, L50|\n|poke|p2|Flutter Mane, L50|\n|poke|p2|Brute Bonnet, L50|\n|poke|p2|Garchomp, L50, F|\n|poke|p2|Iron Hands, L50|\n|teampreview|4\n|inactive|Battle timer is ON: inactive players will automatically lose when time's up. (requested by H75083804)\n|\n|t:|1683044541\n|start\n|switch|p1a: Pelipper|Pelipper, L50, M|100\/100\n|switch|p1b: Vaporeon|Vaporeon, L50, M|100\/100\n|switch|p2a: Vivillon|Vivillon-Ocean, L50, F|100\/100\n|switch|p2b: Chi-Yu|Chi-Yu, L50|100\/100\n|-ability|p2b: Chi-Yu|Beads of Ruin\n|-weather|RainDance|[from] ability: Drizzle|[of] p1a: Pelipper\n|turn|1\n|\n|t:|1683044560\n|-terastallize|p2b: Chi-Yu|Water\n|-terastallize|p1b: Vaporeon|Grass\n|move|p2a: Vivillon|Tailwind|p2a: Vivillon\n|-sidestart|p2: Sugarmaru|move: Tailwind\n|move|p2b: Chi-Yu|Nasty Plot|p2b: Chi-Yu\n|-boost|p2b: Chi-Yu|spa|2\n|move|p1a: Pelipper|Surf|p2a: Vivillon|[spread] p2a,p2b\n|-immune|p1b: Vaporeon|[from] ability: Water Absorb\n|-resisted|p2b: Chi-Yu\n|-damage|p2a: Vivillon|17\/100\n|-damage|p2b: Chi-Yu|88\/100\n|move|p1b: Vaporeon|Muddy Water|p2b: Chi-Yu|[spread] p2a,p2b\n|-resisted|p2b: Chi-Yu\n|-damage|p2a: Vivillon|0 fnt\n|-damage|p2b: Chi-Yu|68\/100\n|faint|p2a: Vivillon\n|\n|-weather|RainDance|[upkeep]\n|upkeep\n|\n|t:|1683044581\n|switch|p2a: Flutter Mane|Flutter Mane, L50|100\/100\n|-enditem|p2a: Flutter Mane|Booster Energy\n|-activate|p2a: Flutter Mane|ability: Protosynthesis|[fromitem]\n|-start|p2a: Flutter Mane|protosynthesisspe\n|turn|2\n|\n|t:|1683044605\n|move|p1b: Vaporeon|Detect|p1b: Vaporeon\n|-singleturn|p1b: Vaporeon|Protect\n|move|p2a: Flutter Mane|Moonblast|p1b: Vaporeon\n|-activate|p1b: Vaporeon|move: Protect\n|move|p2b: Chi-Yu|Heat Wave|p1a: Pelipper|[spread] p1a\n|-activate|p1b: Vaporeon|move: Protect\n|-resisted|p1a: Pelipper\n|-damage|p1a: Pelipper|71\/100\n|move|p1a: Pelipper|Hurricane|p2b: Chi-Yu\n|-damage|p2b: Chi-Yu|29\/100\n|-enditem|p2b: Chi-Yu|Sitrus Berry|[eat]\n|-heal|p2b: Chi-Yu|54\/100|[from] item: Sitrus Berry\n|\n|-weather|RainDance|[upkeep]\n|upkeep\n|turn|3\n|inactive|H75083804 has 30 seconds left.\n|inactive|H75083804 has 20 seconds left.\n|inactive|H75083804 has 15 seconds left.\n|inactive|H75083804 has 10 seconds left.\n|\n|t:|1683044651\n|move|p2a: Flutter Mane|Moonblast|p1a: Pelipper\n|-damage|p1a: Pelipper|2\/100\n|move|p2b: Chi-Yu|Heat Wave|p1b: Vaporeon|[spread] p1b\n|-miss|p2b: Chi-Yu|p1a: Pelipper\n|-supereffective|p1b: Vaporeon\n|-damage|p1b: Vaporeon|15\/100\n|move|p1a: Pelipper|Hurricane|p2b: Chi-Yu\n|-damage|p2b: Chi-Yu|15\/100\n|move|p1b: Vaporeon|Tera Blast|p2b: Chi-Yu\n|-supereffective|p2b: Chi-Yu\n|-damage|p2b: Chi-Yu|0 fnt\n|faint|p2b: Chi-Yu\n|\n|-weather|RainDance|[upkeep]\n|-heal|p1b: Vaporeon|21\/100|[from] item: Leftovers\n|upkeep\n|\n|t:|1683044665\n|switch|p2b: Iron Hands|Iron Hands, L50|100\/100\n|turn|4\n|\n|t:|1683044675\n|move|p1b: Vaporeon|Detect|p1b: Vaporeon\n|-singleturn|p1b: Vaporeon|Protect\n|move|p2b: Iron Hands|Fake Out|p1a: Pelipper\n|-damage|p1a: Pelipper|0 fnt\n|faint|p1a: Pelipper\n|move|p2a: Flutter Mane|Moonblast|p1b: Vaporeon\n|-activate|p1b: Vaporeon|move: Protect\n|\n|-weather|RainDance|[upkeep]\n|-heal|p1b: Vaporeon|27\/100|[from] item: Leftovers\n|-sideend|p2: Sugarmaru|move: Tailwind\n|upkeep\n|\n|t:|1683044685\n|switch|p1a: Scizor|Scizor, L50, F|100\/100\n|turn|5\n|\n|t:|1683044696\n|move|p2a: Flutter Mane|Protect|p2a: Flutter Mane\n|-singleturn|p2a: Flutter Mane|Protect\n|move|p1a: Scizor|Bullet Punch|p2a: Flutter Mane\n|-activate|p2a: Flutter Mane|move: Protect\n|move|p1b: Vaporeon|Yawn|p2b: Iron Hands\n|-start|p2b: Iron Hands|move: Yawn|[of] p1b: Vaporeon\n|move|p2b: Iron Hands|Drain Punch|p1a: Scizor\n|-damage|p1a: Scizor|58\/100\n|\n|-weather|none\n|-heal|p1b: Vaporeon|34\/100|[from] item: Leftovers\n|upkeep\n|turn|6\n|\n|t:|1683044715\n|move|p1a: Scizor|Bullet Punch|p2a: Flutter Mane\n|-supereffective|p2a: Flutter Mane\n|-damage|p2a: Flutter Mane|0 fnt\n|faint|p2a: Flutter Mane\n|-end|p2a: Flutter Mane|Protosynthesis|[silent]\n|move|p1b: Vaporeon|Muddy Water|p2b: Iron Hands\n|-damage|p2b: Iron Hands|74\/100\n|-unboost|p2b: Iron Hands|accuracy|1\n|move|p2b: Iron Hands|Drain Punch|p1a: Scizor\n|-damage|p1a: Scizor|9\/100\n|-heal|p2b: Iron Hands|93\/100|[from] drain|[of] p1a: Scizor\n|\n|-heal|p1b: Vaporeon|40\/100|[from] item: Leftovers\n|-end|p2b: Iron Hands|move: Yawn|[silent]\n|-status|p2b: Iron Hands|slp\n|upkeep\n|turn|7\n|\n|t:|1683044734\n|move|p1a: Scizor|Bullet Punch|p2b: Iron Hands\n|-resisted|p2b: Iron Hands\n|-damage|p2b: Iron Hands|80\/100 slp\n|move|p1b: Vaporeon|Muddy Water|p2b: Iron Hands\n|-damage|p2b: Iron Hands|55\/100 slp\n|cant|p2b: Iron Hands|slp\n|\n|-heal|p1b: Vaporeon|46\/100|[from] item: Leftovers\n|upkeep\n|turn|8\n|\n|t:|1683044748\n|switch|p1b: Flutter Mane|Flutter Mane, L50|100\/100\n|move|p1a: Scizor|Bullet Punch|p2b: Iron Hands\n|-resisted|p2b: Iron Hands\n|-damage|p2b: Iron Hands|43\/100 slp\n|cant|p2b: Iron Hands|slp\n|\n|upkeep\n|turn|9\n|\n|t:|1683044761\n|move|p1a: Scizor|Bullet Punch|p2b: Iron Hands\n|-resisted|p2b: Iron Hands\n|-damage|p2b: Iron Hands|30\/100 slp\n|move|p1b: Flutter Mane|Moonblast|p2b: Iron Hands\n|-supereffective|p2b: Iron Hands\n|-damage|p2b: Iron Hands|0 fnt\n|faint|p2b: Iron Hands\n|-end|p2b: Iron Hands|Quark Drive|[silent]\n|\n|win|H75083804\n|raw|H75083804's rating: 1260 → 1289<\/strong> (+29 for winning)\n|raw|Sugarmaru's rating: 1323 → 1299<\/strong> (-24 for losing)\n","uploadtime":1683044769,"views":7,"p1id":"h75083804","p2id":"sugarmaru","formatid":"gen9vgc2023regulationc","rating":1289,"private":0,"password":""}