{"id":"gen9vgc2023regulationc-1854634972","p1":"dirt5667","p2":"TrainerRYSA","format":"[Gen 9] VGC 2023 Regulation C","log":"|j|\u2606dirt5667\n|j|\u2606TrainerRYSA\n|t:|1682840362\n|gametype|doubles\n|player|p1|dirt5667|acetrainer-gen4dp|1114\n|player|p2|TrainerRYSA|1|1228\n|teamsize|p1|6\n|teamsize|p2|6\n|gen|9\n|tier|[Gen 9] VGC 2023 Regulation C\n|rated|\n|rule|Species Clause: Limit one of each Pok\u00e9mon\n|rule|Item Clause: Limit one of each item\n|clearpoke\n|poke|p1|Mimikyu, L50, M|\n|poke|p1|Iron Bundle, L50|\n|poke|p1|Garchomp, L50, M|\n|poke|p1|Murkrow, L50, M|\n|poke|p1|Rotom-Heat, L50|\n|poke|p1|Chien-Pao, L50|\n|poke|p2|Flutter Mane, L50|\n|poke|p2|Iron Hands, L50|\n|poke|p2|Dragonite, L50, M|\n|poke|p2|Umbreon, L50, M|\n|poke|p2|Gyarados, L50, M|\n|poke|p2|Palafin, L50, F|\n|teampreview|4\n|inactive|Battle timer is ON: inactive players will automatically lose when time's up. (requested by dirt5667)\n|inactive|TrainerRYSA has 60 seconds left.\n|\n|t:|1682840401\n|start\n|switch|p1a: Mimikyu|Mimikyu, L50, M|100\/100\n|switch|p1b: Rotom|Rotom-Heat, L50|100\/100\n|switch|p2a: Iron Hands|Iron Hands, L50|100\/100\n|switch|p2b: Gyarados|Gyarados, L50, M, shiny|100\/100\n|-ability|p2b: Gyarados|Intimidate|boost\n|-unboost|p1a: Mimikyu|atk|1\n|-unboost|p1b: Rotom|atk|1\n|turn|1\n|inactive|TrainerRYSA has 30 seconds left.\n|\n|t:|1682840428\n|-end|p2a: Iron Hands|Quark Drive|[silent]\n|switch|p2a: Dragonite|Dragonite, L50, M, shiny|100\/100\n|move|p1a: Mimikyu|Protect|p1a: Mimikyu\n|-singleturn|p1a: Mimikyu|Protect\n|move|p1b: Rotom|Volt Switch|p2b: Gyarados\n|-supereffective|p2b: Gyarados\n|-damage|p2b: Gyarados|0 fnt\n|faint|p2b: Gyarados\n|\n|t:|1682840436\n|switch|p1b: Iron Bundle|Iron Bundle, L50|100\/100|[from] Volt Switch\n|-enditem|p1b: Iron Bundle|Booster Energy\n|-activate|p1b: Iron Bundle|ability: Quark Drive|[fromitem]\n|-start|p1b: Iron Bundle|quarkdrivespe\n|\n|upkeep\n|\n|t:|1682840442\n|switch|p2b: Iron Hands|Iron Hands, L50|100\/100\n|turn|2\n|\n|t:|1682840453\n|-end|p1b: Iron Bundle|Quark Drive|[silent]\n|switch|p1b: Garchomp|Garchomp, L50, M|100\/100\n|move|p1a: Mimikyu|Swords Dance|p1a: Mimikyu\n|-boost|p1a: Mimikyu|atk|2\n|move|p2a: Dragonite|Fire Punch|p1a: Mimikyu\n|-activate|p1a: Mimikyu|ability: Disguise\n|-damage|p1a: Mimikyu|100\/100\n|detailschange|p1a: Mimikyu|Mimikyu-Busted, L50, M\n|-damage|p1a: Mimikyu|89\/100|[from] pokemon: Mimikyu-Busted\n|move|p2b: Iron Hands|Drain Punch|p1b: Garchomp\n|-damage|p1b: Garchomp|63\/100\n|-damage|p2b: Iron Hands|88\/100|[from] ability: Rough Skin|[of] p1b: Garchomp\n|\n|upkeep\n|turn|3\n|\n|t:|1682840475\n|move|p1a: Mimikyu|Protect|p1a: Mimikyu\n|-singleturn|p1a: Mimikyu|Protect\n|move|p1b: Garchomp|Rock Slide|p2b: Iron Hands|[spread] p2a,p2b\n|-supereffective|p2a: Dragonite\n|-resisted|p2b: Iron Hands\n|-damage|p2a: Dragonite|59\/100\n|-damage|p2b: Iron Hands|81\/100\n|move|p2a: Dragonite|Fire Punch|p1a: Mimikyu\n|-activate|p1a: Mimikyu|move: Protect\n|move|p2b: Iron Hands|Heavy Slam|p1a: Mimikyu\n|-activate|p1a: Mimikyu|move: Protect\n|\n|upkeep\n|turn|4\n|\n|t:|1682840497\n|-terastallize|p1b: Garchomp|Rock\n|move|p1b: Garchomp|Rock Slide|p2a: Dragonite|[spread] p2a,p2b\n|-supereffective|p2a: Dragonite\n|-resisted|p2b: Iron Hands\n|-damage|p2a: Dragonite|2\/100\n|-damage|p2b: Iron Hands|69\/100\n|move|p1a: Mimikyu|Play Rough|p2b: Iron Hands\n|-supereffective|p2b: Iron Hands\n|-crit|p2b: Iron Hands\n|-damage|p2b: Iron Hands|0 fnt\n|faint|p2b: Iron Hands\n|-end|p2b: Iron Hands|Quark Drive|[silent]\n|-damage|p1a: Mimikyu|79\/100|[from] item: Life Orb\n|move|p2a: Dragonite|Fire Punch|p1a: Mimikyu\n|-damage|p1a: Mimikyu|10\/100\n|\n|upkeep\n|\n|t:|1682840510\n|switch|p2b: Flutter Mane|Flutter Mane, L50|100\/100\n|-enditem|p2b: Flutter Mane|Booster Energy\n|-activate|p2b: Flutter Mane|ability: Protosynthesis|[fromitem]\n|-start|p2b: Flutter Mane|protosynthesisspa\n|turn|5\n|\n|t:|1682840519\n|move|p1a: Mimikyu|Protect|p1a: Mimikyu\n|-singleturn|p1a: Mimikyu|Protect\n|move|p2b: Flutter Mane|Dazzling Gleam|p1b: Garchomp|[spread] p1b\n|-activate|p1a: Mimikyu|move: Protect\n|-damage|p1b: Garchomp|17\/100\n|move|p1b: Garchomp|Rock Slide|p2a: Dragonite|[spread] p2a,p2b\n|-supereffective|p2a: Dragonite\n|-damage|p2a: Dragonite|0 fnt\n|-damage|p2b: Flutter Mane|54\/100\n|faint|p2a: Dragonite\n|\n|upkeep\n|turn|6\n|\n|t:|1682840531\n|move|p1a: Mimikyu|Shadow Sneak|p2b: Flutter Mane\n|-supereffective|p2b: Flutter Mane\n|-damage|p2b: Flutter Mane|0 fnt\n|faint|p2b: Flutter Mane\n|-end|p2b: Flutter Mane|Protosynthesis|[silent]\n|-damage|p1a: Mimikyu|0 fnt|[from] item: Life Orb\n|faint|p1a: Mimikyu\n|\n|win|dirt5667\n|raw|dirt5667's rating: 1114 → 1147<\/strong> (+33 for winning)\n|raw|TrainerRYSA's rating: 1228 → 1195<\/strong> (-33 for losing)\n|l|\u2606dirt5667\n|c|\u2606TrainerRYSA|well played\n","uploadtime":1682840542,"views":17,"p1id":"dirt5667","p2id":"trainerrysa","formatid":"gen9vgc2023regulationc","rating":1147,"private":0,"password":""}