{"id":"gen9vgc2023regulationc-1854932254","p1":"The Penguinari","p2":"yuuuuuuuuuj","format":"[Gen 9] VGC 2023 Regulation C","log":"|j|\u2606The Penguinari\n|j|\u2606yuuuuuuuuuj\n|t:|1682882172\n|gametype|doubles\n|player|p1|The Penguinari|grimsley|1279\n|player|p2|yuuuuuuuuuj|265|1218\n|teamsize|p1|6\n|teamsize|p2|6\n|gen|9\n|tier|[Gen 9] VGC 2023 Regulation C\n|rated|\n|rule|Species Clause: Limit one of each Pok\u00e9mon\n|rule|Item Clause: Limit one of each item\n|clearpoke\n|poke|p1|Iron Bundle, L50|\n|poke|p1|Amoonguss, L50, F|\n|poke|p1|Chi-Yu, L50|\n|poke|p1|Corviknight, L50, M|\n|poke|p1|Flutter Mane, L50|\n|poke|p1|Iron Hands, L50|\n|poke|p2|Cryogonal, L50|\n|poke|p2|Abomasnow, L50, M|\n|poke|p2|Iron Bundle, L50|\n|poke|p2|Tauros-Paldea-Blaze, L50, M|\n|poke|p2|Arcanine, L50, M|\n|poke|p2|Flutter Mane, L50|\n|teampreview|4\nThe Penguinari has agreed to open team sheets.\nyuuuuuuuuuj rejected open team sheets.\n|inactive|Battle timer is ON: inactive players will automatically lose when time's up. (requested by yuuuuuuuuuj)\n|inactive|The Penguinari has 60 seconds left.\n|\n|t:|1682882219\n|start\n|switch|p1a: Corviknight|Corviknight, L50, M|100\/100\n|switch|p1b: Chi-Yu|Chi-Yu, L50|100\/100\n|switch|p2a: Cryogonal|Cryogonal, L50|100\/100\n|switch|p2b: Abomasnow|Abomasnow, L50, M|100\/100\n|-ability|p1b: Chi-Yu|Beads of Ruin\n|-weather|Snow|[from] ability: Snow Warning|[of] p2b: Abomasnow\n|turn|1\n|\n|t:|1682882237\n|-terastallize|p2b: Abomasnow|Water\n|move|p1b: Chi-Yu|Protect|p1b: Chi-Yu\n|-singleturn|p1b: Chi-Yu|Protect\n|move|p2a: Cryogonal|Aurora Veil|p2a: Cryogonal\n|-sidestart|p2: yuuuuuuuuuj|move: Aurora Veil\n|move|p1a: Corviknight|Tailwind|p1a: Corviknight\n|-sidestart|p1: The Penguinari|move: Tailwind\n|move|p2b: Abomasnow|Earth Power|p1b: Chi-Yu\n|-activate|p1b: Chi-Yu|move: Protect\n|\n|-weather|Snow|[upkeep]\n|upkeep\n|turn|2\n|inactive|The Penguinari has 30 seconds left.\n|\n|t:|1682882271\n|switch|p2a: Arcanine|Arcanine, L50, M|100\/100\n|-ability|p2a: Arcanine|Intimidate|boost\n|-ability|p1a: Corviknight|Mirror Armor\n|-unboost|p2a: Arcanine|atk|1\n|-unboost|p1b: Chi-Yu|atk|1\n|-terastallize|p1b: Chi-Yu|Ghost\n|move|p1b: Chi-Yu|Dark Pulse|p2b: Abomasnow\n|-damage|p2b: Abomasnow|74\/100\n|move|p1a: Corviknight|Brave Bird|p2b: Abomasnow\n|-damage|p2b: Abomasnow|37\/100\n|-damage|p1a: Corviknight|89\/100|[from] Recoil\n|move|p2b: Abomasnow|Blizzard|p1b: Chi-Yu|[spread] p1a,p1b\n|-damage|p1a: Corviknight|46\/100\n|-damage|p1b: Chi-Yu|65\/100\n|\n|-weather|Snow|[upkeep]\n|upkeep\n|turn|3\n|inactive|The Penguinari has 30 seconds left.\n|\n|t:|1682882301\n|move|p1b: Chi-Yu|Heat Wave|p2b: Abomasnow|[spread] p2a,p2b\n|-resisted|p2a: Arcanine\n|-resisted|p2b: Abomasnow\n|-damage|p2a: Arcanine|78\/100\n|-damage|p2b: Abomasnow|23\/100\n|move|p1a: Corviknight|Brave Bird|p2b: Abomasnow\n|-damage|p2b: Abomasnow|0 fnt\n|faint|p2b: Abomasnow\n|-damage|p1a: Corviknight|39\/100|[from] Recoil\n|move|p2a: Arcanine|Flare Blitz|p1a: Corviknight\n|-supereffective|p1a: Corviknight\n|-damage|p1a: Corviknight|0 fnt\n|faint|p1a: Corviknight\n|-damage|p2a: Arcanine|65\/100|[from] Recoil\n|\n|-weather|Snow|[upkeep]\n|upkeep\n|inactive|The Penguinari has 30 seconds left.\n|\n|t:|1682882327\n|switch|p1a: Iron Hands|Iron Hands, L50|100\/100\n|switch|p2b: Cryogonal|Cryogonal, L50|100\/100\n|turn|4\n|\n|t:|1682882344\n|switch|p2a: Tauros|Tauros-Paldea-Blaze, L50, M|100\/100\n|move|p1b: Chi-Yu|Dark Pulse|p2a: Tauros\n|-resisted|p2a: Tauros\n|-damage|p2a: Tauros|68\/100\n|move|p2b: Cryogonal|Frost Breath|p2a: Tauros\n|-resisted|p2a: Tauros\n|-crit|p2a: Tauros\n|-damage|p2a: Tauros|34\/100\n|-setboost|p2a: Tauros|atk|6|[from] ability: Anger Point\n|-enditem|p2a: Tauros|Sitrus Berry|[eat]\n|-heal|p2a: Tauros|58\/100|[from] item: Sitrus Berry\n|move|p1a: Iron Hands|Drain Punch|p2a: Tauros\n|-damage|p2a: Tauros|26\/100\n|\n|-weather|Snow|[upkeep]\n|-sideend|p1: The Penguinari|move: Tailwind\n|upkeep\n|turn|5\n|inactive|The Penguinari has 30 seconds left.\n|\n|t:|1682882371\n|move|p2b: Cryogonal|Icy Wind|p1b: Chi-Yu|[spread] p1a,p1b\n|-damage|p1a: Iron Hands|89\/100\n|-damage|p1b: Chi-Yu|52\/100\n|-unboost|p1a: Iron Hands|spe|1\n|-unboost|p1b: Chi-Yu|spe|1\n|move|p2a: Tauros|Earthquake|p1a: Iron Hands|[spread] p1a,p1b\n|-immune|p2b: Cryogonal|[from] ability: Levitate\n|-supereffective|p1a: Iron Hands\n|-damage|p1a: Iron Hands|0 fnt\n|-damage|p1b: Chi-Yu|0 fnt\n|faint|p1a: Iron Hands\n|-end|p1a: Iron Hands|Quark Drive|[silent]\n|faint|p1b: Chi-Yu\n|\n|-weather|none\n|-sideend|p2: yuuuuuuuuuj|move: Aurora Veil\n|upkeep\n|\n|t:|1682882383\n|switch|p1a: Flutter Mane|Flutter Mane, L50|100\/100\n|turn|6\n|\n|t:|1682882400\n|move|p1a: Flutter Mane|Power Gem|p2a: Tauros\n|-damage|p2a: Tauros|0 fnt\n|faint|p2a: Tauros\n|move|p2b: Cryogonal|Icy Wind|p1a: Flutter Mane|[miss]\n|-miss|p2b: Cryogonal|p1a: Flutter Mane\n|\n|upkeep\n|\n|t:|1682882403\n|switch|p2a: Arcanine|Arcanine, L50, M|65\/100\n|-ability|p2a: Arcanine|Intimidate|boost\n|-unboost|p1a: Flutter Mane|atk|1\n|turn|7\n|\n|t:|1682882410\n|move|p1a: Flutter Mane|Power Gem|p2a: Arcanine\n|-supereffective|p2a: Arcanine\n|-damage|p2a: Arcanine|0 fnt\n|faint|p2a: Arcanine\n|move|p2b: Cryogonal|Icy Wind|p1a: Flutter Mane|[miss]\n|-miss|p2b: Cryogonal|p1a: Flutter Mane\n|\n|upkeep\n|turn|8\n|inactive|yuuuuuuuuuj has 30 seconds left.\n|-message|yuuuuuuuuuj forfeited.\n|\n|win|The Penguinari\n|raw|The Penguinari's rating: 1279 → 1300<\/strong> (+21 for winning)\n|raw|yuuuuuuuuuj's rating: 1218 → 1197<\/strong> (-21 for losing)\n|l|\u2606yuuuuuuuuuj\n","uploadtime":1682882449,"views":8,"p1id":"thepenguinari","p2id":"yuuuuuuuuuj","formatid":"gen9vgc2023regulationc","rating":1197,"private":0,"password":""}