{"id":"gen9vgc2023regulationc-1850334376","p1":"matichango","p2":"Riddallk","format":"[Gen 9] VGC 2023 Regulation C","log":"|j|\u2606matichango\n|j|\u2606Riddallk\n|t:|1682320058\n|gametype|doubles\n|player|p1|matichango|1|1126\n|player|p2|Riddallk|170|1087\n|teamsize|p1|6\n|teamsize|p2|6\n|gen|9\n|tier|[Gen 9] VGC 2023 Regulation C\n|rated|\n|rule|Species Clause: Limit one of each Pok\u00e9mon\n|rule|Item Clause: Limit one of each item\n|clearpoke\n|poke|p1|Roaring Moon, L50|\n|poke|p1|Gholdengo, L50|\n|poke|p1|Iron Bundle, L50|\n|poke|p1|Iron Hands, L50|\n|poke|p1|Maushold-Four, L50|\n|poke|p1|Arcanine, L50, F|\n|poke|p2|Ting-Lu, L50|\n|poke|p2|Glimmora, L50, F|\n|poke|p2|Dachsbun, L50, M|\n|poke|p2|Chi-Yu, L50|\n|poke|p2|Flutter Mane, L50|\n|poke|p2|Palafin, L50, F|\n|teampreview|4\n|\n|t:|1682320100\n|start\n|switch|p1a: Iron Bundle|Iron Bundle, L50|100\/100\n|switch|p1b: Maushold|Maushold-Four, L50|100\/100\n|switch|p2a: Dachsbun|Dachsbun, L50, M|100\/100\n|switch|p2b: Chi-Yu|Chi-Yu, L50|100\/100\n|-ability|p2b: Chi-Yu|Beads of Ruin\n|turn|1\n|inactive|Battle timer is ON: inactive players will automatically lose when time's up. (requested by matichango)\n|\n|t:|1682320128\n|-terastallize|p2b: Chi-Yu|Water\n|move|p1a: Iron Bundle|Hydro Pump|p2b: Chi-Yu\n|-resisted|p2b: Chi-Yu\n|-damage|p2b: Chi-Yu|66\/100\n|move|p1b: Maushold|Super Fang|p2a: Dachsbun\n|-damage|p2a: Dachsbun|50\/100\n|move|p2b: Chi-Yu|Lava Plume|p1b: Maushold|[spread] p1a,p1b\n|-ability|p2a: Dachsbun|Well-Baked Body|boost\n|-boost|p2a: Dachsbun|def|2\n|-crit|p1a: Iron Bundle\n|-damage|p1a: Iron Bundle|6\/100\n|-damage|p1b: Maushold|44\/100\n|move|p2a: Dachsbun|Body Press|p1b: Maushold\n|-supereffective|p1b: Maushold\n|-damage|p1b: Maushold|0 fnt\n|faint|p1b: Maushold\n|\n|-heal|p2a: Dachsbun|57\/100|[from] item: Leftovers\n|upkeep\n|\n|t:|1682320144\n|switch|p1b: Arcanine|Arcanine, L50, F|100\/100\n|-ability|p1b: Arcanine|Intimidate|boost\n|-unboost|p2a: Dachsbun|atk|1\n|-unboost|p2b: Chi-Yu|atk|1\n|turn|2\n|inactive|matichango has 30 seconds left.\n|inactive|matichango has 20 seconds left.\n|\n|t:|1682320189\n|move|p1b: Arcanine|Extreme Speed|p2a: Dachsbun\n|-crit|p2a: Dachsbun\n|-damage|p2a: Dachsbun|25\/100\n|move|p1a: Iron Bundle|Freeze-Dry|p2b: Chi-Yu\n|-supereffective|p2b: Chi-Yu\n|-damage|p2b: Chi-Yu|0 fnt\n|faint|p2b: Chi-Yu\n|move|p2a: Dachsbun|Body Press|p1b: Arcanine\n|-crit|p1b: Arcanine\n|-damage|p1b: Arcanine|32\/100\n|-enditem|p1b: Arcanine|Sitrus Berry|[eat]\n|-heal|p1b: Arcanine|57\/100|[from] item: Sitrus Berry\n|\n|-heal|p2a: Dachsbun|31\/100|[from] item: Leftovers\n|upkeep\n|\n|t:|1682320206\n|switch|p2b: Ting-Lu|Ting-Lu, L50|100\/100\n|-ability|p2b: Ting-Lu|Vessel of Ruin\n|turn|3\n|\n|t:|1682320214\n|move|p2a: Dachsbun|Protect|p2a: Dachsbun\n|-singleturn|p2a: Dachsbun|Protect\n|move|p1a: Iron Bundle|Icy Wind|p2a: Dachsbun|[spread] p2b\n|-activate|p2a: Dachsbun|move: Protect\n|-supereffective|p2b: Ting-Lu\n|-damage|p2b: Ting-Lu|87\/100\n|-unboost|p2b: Ting-Lu|spe|1\n|move|p1b: Arcanine|Will-O-Wisp|p2b: Ting-Lu|[miss]\n|-miss|p1b: Arcanine|p2b: Ting-Lu\n|move|p2b: Ting-Lu|Earthquake|p1a: Iron Bundle|[spread] p1a,p1b\n|-activate|p2a: Dachsbun|move: Protect\n|-supereffective|p1b: Arcanine\n|-damage|p1a: Iron Bundle|0 fnt\n|-damage|p1b: Arcanine|0 fnt\n|faint|p1a: Iron Bundle\n|-end|p1a: Iron Bundle|Quark Drive|[silent]\n|faint|p1b: Arcanine\n|\n|-heal|p2a: Dachsbun|37\/100|[from] item: Leftovers\n|upkeep\n|\n|t:|1682320221\n|switch|p1b: Gholdengo|Gholdengo, L50|100\/100\n|turn|4\n|\n|t:|1682320245\n|-terastallize|p1b: Gholdengo|Water\n|move|p1b: Gholdengo|Make It Rain|p2b: Ting-Lu|[spread] p2a,p2b\n|-supereffective|p2a: Dachsbun\n|-damage|p2a: Dachsbun|0 fnt\n|-damage|p2b: Ting-Lu|70\/100\n|-unboost|p1b: Gholdengo|spa|1\n|faint|p2a: Dachsbun\n|move|p2b: Ting-Lu|Stomping Tantrum|p1b: Gholdengo\n|-damage|p1b: Gholdengo|66\/100\n|\n|upkeep\n|\n|t:|1682320255\n|switch|p2a: Flutter Mane|Flutter Mane, L50|100\/100\n|-enditem|p2a: Flutter Mane|Booster Energy\n|-activate|p2a: Flutter Mane|ability: Protosynthesis|[fromitem]\n|-start|p2a: Flutter Mane|protosynthesisspe\n|turn|5\n|c|\u2606matichango|gg\n|inactive|Riddallk has 30 seconds left.\n|inactive|Riddallk has 20 seconds left.\n|inactive|Riddallk has 15 seconds left.\n|\n|t:|1682320297\n|move|p2a: Flutter Mane|Thunderbolt|p1b: Gholdengo\n|-supereffective|p1b: Gholdengo\n|-damage|p1b: Gholdengo|22\/100\n|move|p1b: Gholdengo|Make It Rain|p2a: Flutter Mane|[spread] p2a,p2b\n|-supereffective|p2a: Flutter Mane\n|-damage|p2a: Flutter Mane|55\/100\n|-damage|p2b: Ting-Lu|58\/100\n|-unboost|p1b: Gholdengo|spa|1\n|move|p2b: Ting-Lu|Heavy Slam|p1b: Gholdengo\n|-resisted|p1b: Gholdengo\n|-damage|p1b: Gholdengo|5\/100\n|\n|upkeep\n|turn|6\n|\n|t:|1682320312\n|move|p2a: Flutter Mane|Thunderbolt|p1b: Gholdengo\n|-supereffective|p1b: Gholdengo\n|-damage|p1b: Gholdengo|0 fnt\n|faint|p1b: Gholdengo\n|\n|win|Riddallk\n|raw|matichango's rating: 1126 → 1098<\/strong> (-28 for losing)\n|raw|Riddallk's rating: 1087 → 1117<\/strong> (+30 for winning)\n","uploadtime":1682320320,"views":27,"p1id":"matichango","p2id":"riddallk","formatid":"gen9vgc2023regulationc","rating":1098,"private":0,"password":""}