{"id":"gen9vgc2023regulationc-1847004828","p1":"Stratz1325","p2":"Rhyfinn19","format":"[Gen 9] VGC 2023 Regulation C","log":"|j|\u203dStratz1325\n|j|\u2606Rhyfinn19\n|t:|1681910911\n|gametype|doubles\n|player|p1|Stratz1325|steven|1040\n|player|p2|Rhyfinn19|ninjaboy|1000\n|teamsize|p1|6\n|teamsize|p2|6\n|gen|9\n|tier|[Gen 9] VGC 2023 Regulation C\n|rated|\n|rule|Species Clause: Limit one of each Pok\u00e9mon\n|rule|Item Clause: Limit one of each item\n|clearpoke\n|poke|p1|Armarouge, L50, F|\n|poke|p1|Indeedee, L50, M|\n|poke|p1|Torkoal, L50, F|\n|poke|p1|Rotom-Wash, L50|\n|poke|p1|Garchomp, L50, M|\n|poke|p1|Kingambit, L50, M|\n|poke|p2|Flutter Mane, L50|\n|poke|p2|Chi-Yu, L50|\n|poke|p2|Annihilape, L50, M|\n|poke|p2|Murkrow, L50, M|\n|poke|p2|Arcanine, L50, M|\n|poke|p2|Gastrodon-East, L50, M|\n|teampreview|4\n|inactive|Battle timer is ON: inactive players will automatically lose when time's up. (requested by Stratz1325)\n|inactive|Rhyfinn19 also wants the timer to be on.\n|inactive|Rhyfinn19 has 60 seconds left.\n|\n|t:|1681910964\n|start\n|switch|p1a: Armarouge|Armarouge, L50, F|100\/100\n|switch|p1b: Indeedee|Indeedee, L50, M|100\/100\n|switch|p2a: A Bad Hair Day|Flutter Mane, L50|100\/100\n|switch|p2b: \u91d1\u9b5a|Chi-Yu, L50|100\/100\n|-ability|p2b: \u91d1\u9b5a|Beads of Ruin\n|-fieldstart|move: Psychic Terrain|[from] ability: Psychic Surge|[of] p1b: Indeedee\n|-enditem|p1b: Indeedee|Psychic Seed\n|-boost|p1b: Indeedee|spd|1|[from] item: Psychic Seed\n|-enditem|p2a: A Bad Hair Day|Booster Energy\n|-activate|p2a: A Bad Hair Day|ability: Protosynthesis|[fromitem]\n|-start|p2a: A Bad Hair Day|protosynthesisspa\n|turn|1\n|inactive|Rhyfinn19 has 30 seconds left.\n|inactive|Rhyfinn19 has 20 seconds left.\n|inactive|Rhyfinn19 has 15 seconds left.\n|inactive|Rhyfinn19 has 10 seconds left.\n|\n|t:|1681911012\n|-terastallize|p2a: A Bad Hair Day|Fairy\n|move|p1b: Indeedee|Protect|p1b: Indeedee\n|-singleturn|p1b: Indeedee|Protect\n|move|p2a: A Bad Hair Day|Dazzling Gleam|p1b: Indeedee|[spread] p1a\n|-activate|p1b: Indeedee|move: Protect\n|-resisted|p1a: Armarouge\n|-damage|p1a: Armarouge|57\/100\n|move|p2b: \u91d1\u9b5a|Heat Wave|p1a: Armarouge|[spread] p1a\n|-activate|p1b: Indeedee|move: Protect\n|-resisted|p1a: Armarouge\n|-damage|p1a: Armarouge|23\/100\n|-damage|p2b: \u91d1\u9b5a|90\/100|[from] item: Life Orb\n|move|p1a: Armarouge|Trick Room|p1a: Armarouge\n|-fieldstart|move: Trick Room|[of] p1a: Armarouge\n|\n|upkeep\n|turn|2\n|\n|t:|1681911034\n|move|p1b: Indeedee|Helping Hand|p1a: Armarouge\n|-singleturn|p1a: Armarouge|Helping Hand|[of] p1b: Indeedee\n|move|p2a: A Bad Hair Day|Protect|p2a: A Bad Hair Day\n|-singleturn|p2a: A Bad Hair Day|Protect\n|move|p1a: Armarouge|Expanding Force|p2b: \u91d1\u9b5a|[spread] \n|-activate|p2a: A Bad Hair Day|move: Protect\n|-immune|p2b: \u91d1\u9b5a\n|move|p2b: \u91d1\u9b5a|Dark Pulse|p1a: Armarouge\n|-supereffective|p1a: Armarouge\n|-damage|p1a: Armarouge|0 fnt\n|faint|p1a: Armarouge\n|-damage|p2b: \u91d1\u9b5a|80\/100|[from] item: Life Orb\n|\n|upkeep\n|\n|t:|1681911051\n|switch|p1a: Kingambit|Kingambit, L50, M|100\/100\n|turn|3\n|\n|t:|1681911066\n|move|p1a: Kingambit|Sucker Punch|p2b: \u91d1\u9b5a\n|-activate|p2b: \u91d1\u9b5a|move: Psychic Terrain\n|move|p1b: Indeedee|Dazzling Gleam|p2a: A Bad Hair Day|[spread] p2a,p2b\n|-damage|p2a: A Bad Hair Day|81\/100\n|-damage|p2b: \u91d1\u9b5a|64\/100\n|move|p2b: \u91d1\u9b5a|Heat Wave|p1b: Indeedee|[spread] p1b\n|-miss|p2b: \u91d1\u9b5a|p1a: Kingambit\n|-damage|p1b: Indeedee|66\/100\n|-damage|p2b: \u91d1\u9b5a|54\/100|[from] item: Life Orb\n|move|p2a: A Bad Hair Day|Dazzling Gleam|p1a: Kingambit|[spread] p1a,p1b\n|-crit|p1a: Kingambit\n|-damage|p1a: Kingambit|24\/100\n|-damage|p1b: Indeedee|25\/100\n|\n|upkeep\n|turn|4\n|c|\u2606Rhyfinn19|bruh\n|\n|t:|1681911086\n|move|p1b: Indeedee|Helping Hand|p1a: Kingambit\n|-singleturn|p1a: Kingambit|Helping Hand|[of] p1b: Indeedee\n|move|p2b: \u91d1\u9b5a|Protect|p2b: \u91d1\u9b5a\n|-singleturn|p2b: \u91d1\u9b5a|Protect\n|move|p2a: A Bad Hair Day|Protect|p2a: A Bad Hair Day\n|-singleturn|p2a: A Bad Hair Day|Protect\n|move|p1a: Kingambit|Sucker Punch||[still]\n|-fail|p1a: Kingambit\n|\n|upkeep\n|turn|5\n|c|\u2606Rhyfinn19|????\n|c|\u2606Rhyfinn19|psychic terrain man\n|\n|t:|1681911111\n|move|p1a: Kingambit|Brick Break|p2b: \u91d1\u9b5a\n|-supereffective|p2b: \u91d1\u9b5a\n|-damage|p2b: \u91d1\u9b5a|0 fnt\n|faint|p2b: \u91d1\u9b5a\n|move|p1b: Indeedee|Dazzling Gleam|p2a: A Bad Hair Day\n|-damage|p2a: A Bad Hair Day|60\/100\n|move|p2a: A Bad Hair Day|Dazzling Gleam|p1b: Indeedee|[spread] p1a,p1b\n|-damage|p1a: Kingambit|0 fnt\n|-damage|p1b: Indeedee|0 fnt\n|faint|p1a: Kingambit\n|faint|p1b: Indeedee\n|\n|-fieldend|move: Trick Room\n|-fieldend|move: Psychic Terrain\n|upkeep\n|inactive|Stratz1325 has 30 seconds left.\n|\n|t:|1681911142\n|switch|p2b: Best Slug|Gastrodon-East, L50, M, shiny|100\/100\n|switch|p1a: Rotom|Rotom-Wash, L50|100\/100\n|turn|6\n|\n|t:|1681911158\n|move|p2b: Best Slug|Helping Hand|p2a: A Bad Hair Day\n|-singleturn|p2a: A Bad Hair Day|Helping Hand|[of] p2b: Best Slug\n|move|p2a: A Bad Hair Day|Dazzling Gleam|p1a: Rotom\n|-damage|p1a: Rotom|0 fnt\n|faint|p1a: Rotom\n|\n|win|Rhyfinn19\n|raw|Stratz1325's rating: 1040 → 1022<\/strong> (-18 for losing)\n|raw|Rhyfinn19's rating: 1000 → 1045<\/strong> (+45 for winning)\n","uploadtime":1681911167,"views":4,"p1id":"stratz1325","p2id":"rhyfinn19","formatid":"gen9vgc2023regulationc","rating":1022,"private":0,"password":""}