{"id":"gen9vgc2023regulationc-1849708806","p1":"FrostVG","p2":"LiakosVGC","format":"[Gen 9] VGC 2023 Regulation C","log":"|j|\u2606FrostVG\n|j|\u2606LiakosVGC\n|t:|1682236779\n|gametype|doubles\n|player|p1|FrostVG|fisherman-gen4|\n|player|p2|LiakosVGC|lass-gen4dp|\n|teamsize|p1|6\n|teamsize|p2|6\n|gen|9\n|tier|[Gen 9] VGC 2023 Regulation C\n|rule|Species Clause: Limit one of each Pok\u00e9mon\n|rule|Item Clause: Limit one of each item\n|clearpoke\n|poke|p1|Iron Hands, L50|\n|poke|p1|Amoonguss, L50, F|\n|poke|p1|Gyarados, L50, M|\n|poke|p1|Flutter Mane, L50|\n|poke|p1|Chi-Yu, L50|\n|poke|p1|Tyranitar, L50, F|\n|poke|p2|Palafin, L50, M|\n|poke|p2|Amoonguss, L50, M|\n|poke|p2|Arcanine, L50, M|\n|poke|p2|Ting-Lu, L50|\n|poke|p2|Iron Hands, L50|\n|poke|p2|Flutter Mane, L50|\n|teampreview|4\n|inactive|Battle timer is ON: inactive players will automatically lose when time's up. (requested by LiakosVGC)\n|inactiveoff|Battle timer is now OFF.\n|c|\u2606FrostVG|g1\nLiakosVGC has agreed to open team sheets.\nFrostVG has agreed to open team sheets.\n|j| skoda fabia scam\n|c|\u2606FrostVG|glhf\n|j| Tekagt\n|j| dltmessi\n|c|\u2606LiakosVGC|you too!\n|j| duckpond\n|j| JMOdri\n|l| JMOdri\n|j| MSI2023\n|j| Gawainzero\n|\n|t:|1682236965\n|start\n|switch|p1a: Iron Hands|Iron Hands, L50|100\/100\n|switch|p1b: Gyarados|Gyarados, L50, M|100\/100\n|switch|p2a: Ting-Lu|Ting-Lu, L50|100\/100\n|switch|p2b: Palafin|Palafin, L50, M, shiny|100\/100\n|-ability|p1b: Gyarados|Intimidate|boost\n|-unboost|p2a: Ting-Lu|atk|1\n|-unboost|p2b: Palafin|atk|1\n|-ability|p2a: Ting-Lu|Vessel of Ruin\n|turn|1\n|\n|t:|1682237026\n|detailschange|p2b: Palafin|Palafin-Hero, L50, M, shiny\n|switch|p2b: Arcanine|Arcanine, L50, M|100\/100\n|-ability|p2b: Arcanine|Intimidate|boost\n|-unboost|p1a: Iron Hands|atk|1\n|-unboost|p1b: Gyarados|atk|1\n|switch|p2a: Iron Hands|Iron Hands, L50, shiny|100\/100\n|move|p1b: Gyarados|Waterfall|p2a: Iron Hands\n|-damage|p2a: Iron Hands|85\/100\n|move|p1a: Iron Hands|Swords Dance|p1a: Iron Hands\n|-boost|p1a: Iron Hands|atk|2\n|\n|upkeep\n|turn|2\n|l| duckpond\n|j| globaleuitdaging\n|j| 1400inthegc\n|\n|t:|1682237069\n|switch|p1b: Amoonguss|Amoonguss, L50, F|100\/100\n|-terastallize|p1a: Iron Hands|Fire\n|move|p2a: Iron Hands|Fake Out|p1a: Iron Hands\n|-damage|p1a: Iron Hands|91\/100\n|move|p2b: Arcanine|Will-O-Wisp|p1b: Amoonguss\n|-status|p1b: Amoonguss|brn\n|cant|p1a: Iron Hands|flinch\n|\n|-damage|p1b: Amoonguss|95\/100 brn|[from] brn\n|upkeep\n|turn|3\n|j| duckpond\n|inactive|Battle timer is ON: inactive players will automatically lose when time's up. (requested by LiakosVGC)\n|\n|t:|1682237176\n|switch|p1b: Gyarados|Gyarados, L50, M|100\/100\n|-ability|p1b: Gyarados|Intimidate|boost\n|-unboost|p2a: Iron Hands|atk|1\n|-unboost|p2b: Arcanine|atk|1\n|move|p2b: Arcanine|Protect|p2b: Arcanine\n|-singleturn|p2b: Arcanine|Protect\n|move|p2a: Iron Hands|Wild Charge|p1b: Gyarados\n|-supereffective|p1b: Gyarados\n|-damage|p1b: Gyarados|0 fnt\n|faint|p1b: Gyarados\n|-damage|p2a: Iron Hands|65\/100|[from] Recoil\n|move|p1a: Iron Hands|Drain Punch|p2a: Iron Hands\n|-damage|p2a: Iron Hands|27\/100\n|-heal|p1a: Iron Hands|100\/100|[from] drain|[of] p2a: Iron Hands\n|\n|upkeep\n|inactive|FrostVG has 30 seconds left.\n|\n|t:|1682237203\n|switch|p1b: Flutter Mane|Flutter Mane, L50|100\/100\n|turn|4\n|inactive|FrostVG has 30 seconds left.\n|inactive|LiakosVGC has 30 seconds left.\n|inactive|FrostVG has 20 seconds left.\n|\n|t:|1682237241\n|switch|p2b: Ting-Lu|Ting-Lu, L50|100\/100\n|-ability|p2b: Ting-Lu|Vessel of Ruin\n|move|p1b: Flutter Mane|Shadow Ball|p2b: Ting-Lu\n|-resisted|p2b: Ting-Lu\n|-crit|p2b: Ting-Lu\n|-damage|p2b: Ting-Lu|78\/100\n|-unboost|p2b: Ting-Lu|spd|1\n|move|p2a: Iron Hands|Wild Charge|p1b: Flutter Mane\n|-damage|p1b: Flutter Mane|52\/100\n|-damage|p2a: Iron Hands|20\/100|[from] Recoil\n|move|p1a: Iron Hands|Drain Punch|p2b: Ting-Lu\n|-supereffective|p2b: Ting-Lu\n|-damage|p2b: Ting-Lu|5\/100\n|\n|upkeep\n|turn|5\n|j| Clipperz\n|inactive|FrostVG has 30 seconds left.\n|inactive|FrostVG has 20 seconds left.\n|inactive|FrostVG has 15 seconds left.\n|inactive|FrostVG has 10 seconds left.\n|\n|t:|1682237290\n|move|p2b: Ting-Lu|Protect|p2b: Ting-Lu\n|-singleturn|p2b: Ting-Lu|Protect\n|move|p1b: Flutter Mane|Shadow Ball|p2a: Iron Hands\n|-damage|p2a: Iron Hands|0 fnt\n|faint|p2a: Iron Hands\n|-end|p2a: Iron Hands|Quark Drive|[silent]\n|move|p1a: Iron Hands|Drain Punch|p2b: Ting-Lu\n|-activate|p2b: Ting-Lu|move: Protect\n|\n|upkeep\n|\n|t:|1682237298\n|switch|p2a: Palafin|Palafin-Hero, L50, M, shiny|100\/100\n|-activate|p2a: Palafin|ability: Zero to Hero\n|turn|6\n|inactive|FrostVG has 30 seconds left.\n|\n|t:|1682237325\n|-end|p1b: Flutter Mane|Protosynthesis|[silent]\n|switch|p1b: Amoonguss|Amoonguss, L50, F|100\/100 brn\n|move|p1a: Iron Hands|Protect|p1a: Iron Hands\n|-singleturn|p1a: Iron Hands|Protect\n|move|p2a: Palafin|Wave Crash|p1a: Iron Hands\n|-activate|p1a: Iron Hands|move: Protect\n|move|p2b: Ting-Lu|Heavy Slam|p1b: Amoonguss\n|-damage|p1b: Amoonguss|66\/100 brn\n|\n|-damage|p1b: Amoonguss|60\/100 brn|[from] brn\n|upkeep\n|turn|7\n|inactive|FrostVG has 30 seconds left.\n|inactive|FrostVG has 20 seconds left.\n|inactive|FrostVG has 15 seconds left.\n|\n|t:|1682237368\n|-end|p1a: Iron Hands|Quark Drive|[silent]\n|switch|p1a: Flutter Mane|Flutter Mane, L50|52\/100\n|switch|p2b: Arcanine|Arcanine, L50, M|100\/100\n|-ability|p2b: Arcanine|Intimidate|boost\n|-unboost|p1a: Flutter Mane|atk|1\n|-unboost|p1b: Amoonguss|atk|1\n|move|p2a: Palafin|Protect|p2a: Palafin\n|-singleturn|p2a: Palafin|Protect\n|move|p1b: Amoonguss|Pollen Puff|p1a: Flutter Mane\n|-heal|p1a: Flutter Mane|100\/100\n|\n|-damage|p1b: Amoonguss|54\/100 brn|[from] brn\n|upkeep\n|turn|8\n|inactive|FrostVG has 30 seconds left.\n|inactive|LiakosVGC has 30 seconds left.\n|\n|t:|1682237403\n|switch|p2a: Ting-Lu|Ting-Lu, L50|5\/100\n|-ability|p2a: Ting-Lu|Vessel of Ruin\n|switch|p1b: Iron Hands|Iron Hands, L50, tera:Fire|100\/100\n|move|p1a: Flutter Mane|Thunderbolt|p2a: Ting-Lu\n|-immune|p2a: Ting-Lu\n|move|p2b: Arcanine|Flare Blitz|p1a: Flutter Mane\n|-damage|p1a: Flutter Mane|35\/100\n|-damage|p2b: Arcanine|85\/100|[from] Recoil\n|\n|upkeep\n|turn|9\n|inactive|FrostVG has 30 seconds left.\n|\n|t:|1682237430\n|-end|p1a: Flutter Mane|Protosynthesis|[silent]\n|switch|p1a: Amoonguss|Amoonguss, L50, F|87\/100 brn\n|move|p2b: Arcanine|Flare Blitz|p1a: Amoonguss\n|-supereffective|p1a: Amoonguss\n|-damage|p1a: Amoonguss|2\/100 brn\n|-enditem|p1a: Amoonguss|Sitrus Berry|[eat]\n|-heal|p1a: Amoonguss|27\/100 brn|[from] item: Sitrus Berry\n|-damage|p2b: Arcanine|53\/100|[from] Recoil\n|move|p1b: Iron Hands|Swords Dance|p1b: Iron Hands\n|-boost|p1b: Iron Hands|atk|2\n|move|p2a: Ting-Lu|Stomping Tantrum|p1b: Iron Hands\n|-supereffective|p1b: Iron Hands\n|-damage|p1b: Iron Hands|58\/100\n|\n|-damage|p1a: Amoonguss|21\/100 brn|[from] brn\n|upkeep\n|turn|10\n|inactive|FrostVG has 30 seconds left.\n|inactive|FrostVG has 20 seconds left.\n|inactive|FrostVG has 15 seconds left.\n|inactive|FrostVG has 10 seconds left.\n|\n|t:|1682237479\n|switch|p1a: Flutter Mane|Flutter Mane, L50|35\/100\n|move|p2b: Arcanine|Protect|p2b: Arcanine\n|-singleturn|p2b: Arcanine|Protect\n|move|p1b: Iron Hands|Drain Punch|p2b: Arcanine\n|-activate|p2b: Arcanine|move: Protect\n|move|p2a: Ting-Lu|Heavy Slam|p1a: Flutter Mane\n|-supereffective|p1a: Flutter Mane\n|-damage|p1a: Flutter Mane|0 fnt\n|faint|p1a: Flutter Mane\n|-end|p1a: Flutter Mane|Protosynthesis|[silent]\n|\n|upkeep\n|\n|t:|1682237484\n|switch|p1a: Amoonguss|Amoonguss, L50, F|54\/100 brn\n|turn|11\n|\n|t:|1682237492\n|move|p2b: Arcanine|Flare Blitz|p1a: Amoonguss\n|-supereffective|p1a: Amoonguss\n|-damage|p1a: Amoonguss|0 fnt\n|faint|p1a: Amoonguss\n|-damage|p2b: Arcanine|33\/100|[from] Recoil\n|move|p1b: Iron Hands|Drain Punch|p2b: Arcanine\n|-damage|p2b: Arcanine|0 fnt\n|-heal|p1b: Iron Hands|70\/100|[from] drain|[of] p2b: Arcanine\n|faint|p2b: Arcanine\n|move|p2a: Ting-Lu|Stomping Tantrum|p1b: Iron Hands\n|-supereffective|p1b: Iron Hands\n|-damage|p1b: Iron Hands|25\/100\n|\n|upkeep\n|c|\u2606FrostVG|gg\n|\n|t:|1682237502\n|switch|p2b: Palafin|Palafin-Hero, L50, M, shiny|100\/100\n|turn|12\n|l| Gawainzero\n|l| dltmessi\n|\n|t:|1682237506\n|move|p2b: Palafin|Jet Punch|p1b: Iron Hands\n|-supereffective|p1b: Iron Hands\n|-damage|p1b: Iron Hands|0 fnt\n|faint|p1b: Iron Hands\n|-end|p1b: Iron Hands|Quark Drive|[silent]\n|\n|win|LiakosVGC\n|c|\u2606LiakosVGC|gg\n|l| skoda fabia scam\n|j| TamtamNi\n|l| Clipperz\n|l| duckpond\n|j| Tito Sprigs\n|j| duckpond\n|j| dltmessi\n|l| Tito Sprigs\n|j| Tito Sprigs\n|l| Tito Sprigs\n|l| dltmessi\n|j| Tito Sprigs\n|j| globaleuitdaging\n|l| Tekagt\n|l| 1400inthegc\n|l| Tito Sprigs\n|l| MSI2023\n|l| duckpond\n|j| yarudake\n|j| ApplePieVGC\n|j| Orangex337\n","uploadtime":1682237513,"views":49,"p1id":"frostvg","p2id":"liakosvgc","formatid":"gen9vgc2023regulationc","rating":0,"private":0,"password":""}