{"id":"gen9vgc2023regulationc-1854089158","p1":"ialcc","p2":"81double\u5df4\u4f0a\u8fbe\u5e03","format":"[Gen 9] VGC 2023 Regulation C","log":"|j|\u2606ialcc\n|j|\u260681double\u5df4\u4f0a\u8fbe\u5e03\n|t:|1682767293\n|gametype|doubles\n|player|p1|ialcc|266|\n|player|p2|81double\u5df4\u4f0a\u8fbe\u5e03|steven|\n|teamsize|p1|6\n|teamsize|p2|6\n|gen|9\n|tier|[Gen 9] VGC 2023 Regulation C\n|rule|Species Clause: Limit one of each Pok\u00e9mon\n|rule|Item Clause: Limit one of each item\n|clearpoke\n|poke|p1|Ting-Lu, L50|\n|poke|p1|Flutter Mane, L50|\n|poke|p1|Palafin, L50, M|\n|poke|p1|Amoonguss, L50, M|\n|poke|p1|Arcanine, L50, M|\n|poke|p1|Baxcalibur, L50, M|\n|poke|p2|Arcanine, L50, M|\n|poke|p2|Ting-Lu, L50|\n|poke|p2|Amoonguss, L50, M|\n|poke|p2|Flutter Mane, L50|\n|poke|p2|Palafin, L50, M|\n|poke|p2|Dragonite, L50, M|\n|teampreview|4\n81double\u5df4\u4f0a\u8fbe\u5e03 has agreed to open team sheets.\n|\n|t:|1682767333\n|start\n|switch|p1a: Palafin|Palafin, L50, M|100\/100\n|switch|p1b: Baxcalibur|Baxcalibur, L50, M|100\/100\n|switch|p2a: Our Canine|Arcanine, L50, M, shiny|100\/100\n|switch|p2b: Flitter|Flutter Mane, L50, shiny|100\/100\n|-ability|p2a: Our Canine|Intimidate|boost\n|-unboost|p1a: Palafin|atk|1\n|-unboost|p1b: Baxcalibur|atk|1\n|-enditem|p2b: Flitter|Booster Energy\n|-activate|p2b: Flitter|ability: Protosynthesis|[fromitem]\n|-start|p2b: Flitter|protosynthesisspa\n|turn|1\n|\n|t:|1682767361\n|-terastallize|p2a: Our Canine|Dragon\n|-terastallize|p1b: Baxcalibur|Poison\n|move|p2b: Flitter|Protect|p2b: Flitter\n|-singleturn|p2b: Flitter|Protect\n|move|p1a: Palafin|Protect|p1a: Palafin\n|-singleturn|p1a: Palafin|Protect\n|move|p2a: Our Canine|Will-O-Wisp|p1a: Palafin\n|-activate|p1a: Palafin|move: Protect\n|move|p1b: Baxcalibur|Icicle Crash|p2b: Flitter\n|-activate|p2b: Flitter|move: Protect\n|\n|upkeep\n|turn|2\n|\n|t:|1682767397\n|detailschange|p1a: Palafin|Palafin-Hero, L50, M\n|switch|p1a: Amoonguss|Amoonguss, L50, M|100\/100\n|move|p2a: Our Canine|Protect|p2a: Our Canine\n|-singleturn|p2a: Our Canine|Protect\n|move|p2b: Flitter|Dazzling Gleam|p1a: Amoonguss|[spread] p1a,p1b\n|-resisted|p1a: Amoonguss\n|-resisted|p1b: Baxcalibur\n|-damage|p1a: Amoonguss|85\/100\n|-damage|p1b: Baxcalibur|84\/100\n|move|p1b: Baxcalibur|Glaive Rush|p2a: Our Canine\n|-activate|p2a: Our Canine|move: Protect\n|\n|upkeep\n|turn|3\n|\n|t:|1682767438\n|-end|p2b: Flitter|Protosynthesis|[silent]\n|switch|p2b: Amoonguss|Amoonguss, L50, M, shiny|100\/100\n|switch|p1a: Palafin|Palafin-Hero, L50, M|100\/100\n|-activate|p1a: Palafin|ability: Zero to Hero\n|move|p2a: Our Canine|Flare Blitz|p1a: Palafin\n|-resisted|p1a: Palafin\n|-damage|p1a: Palafin|76\/100\n|-damage|p2a: Our Canine|92\/100|[from] Recoil\n|move|p1b: Baxcalibur|Glaive Rush|p2a: Our Canine\n|-supereffective|p2a: Our Canine\n|-damage|p2a: Our Canine|0 fnt\n|-singlemove|p1b: Baxcalibur|Glaive Rush|[silent]\n|faint|p2a: Our Canine\n|-damage|p1b: Baxcalibur|74\/100|[from] item: Life Orb\n|\n|upkeep\n|\n|t:|1682767461\n|switch|p2a: Flitter|Flutter Mane, L50, shiny|100\/100\n|turn|4\n|\n|t:|1682767496\n|move|p1b: Baxcalibur|Protect|p1b: Baxcalibur\n|-singleturn|p1b: Baxcalibur|Protect\n|move|p2a: Flitter|Shadow Ball|p1b: Baxcalibur\n|-activate|p1b: Baxcalibur|move: Protect\n|move|p1a: Palafin|Substitute|p1a: Palafin\n|-start|p1a: Palafin|Substitute\n|-damage|p1a: Palafin|51\/100\n|move|p2b: Amoonguss|Spore||[still]\n|-fail|p2b: Amoonguss\n|\n|upkeep\n|turn|5\n|\n|t:|1682767525\n|move|p1a: Palafin|Protect|p1a: Palafin\n|-singleturn|p1a: Palafin|Protect\n|move|p2b: Amoonguss|Rage Powder|p2b: Amoonguss\n|-singleturn|p2b: Amoonguss|move: Rage Powder\n|move|p2a: Flitter|Dazzling Gleam|p1a: Palafin|[spread] p1b\n|-activate|p1a: Palafin|move: Protect\n|-resisted|p1b: Baxcalibur\n|-damage|p1b: Baxcalibur|60\/100\n|move|p1b: Baxcalibur|Icicle Crash|p2b: Amoonguss\n|-supereffective|p2b: Amoonguss\n|-damage|p2b: Amoonguss|28\/100\n|-enditem|p2b: Amoonguss|Sitrus Berry|[eat]\n|-heal|p2b: Amoonguss|53\/100|[from] item: Sitrus Berry\n|-damage|p1b: Baxcalibur|50\/100|[from] item: Life Orb\n|\n|upkeep\n|turn|6\n|\n|t:|1682767558\n|move|p2a: Flitter|Dazzling Gleam|p1a: Palafin|[spread] p1a,p1b\n|-end|p1a: Palafin|Substitute\n|-resisted|p1b: Baxcalibur\n|-damage|p1b: Baxcalibur|37\/100\n|move|p1a: Palafin|Wave Crash|p2a: Flitter\n|-damage|p2a: Flitter|0 fnt\n|faint|p2a: Flitter\n|-end|p2a: Flitter|Protosynthesis|[silent]\n|-damage|p1a: Palafin|26\/100|[from] Recoil\n|move|p1b: Baxcalibur|Icicle Crash|p2b: Amoonguss\n|-supereffective|p2b: Amoonguss\n|-damage|p2b: Amoonguss|0 fnt\n|faint|p2b: Amoonguss\n|-damage|p1b: Baxcalibur|28\/100|[from] item: Life Orb\n|\n|upkeep\n|\n|t:|1682767569\n|switch|p2b: Dragonite|Dragonite, L50, M, shiny|100\/100\n|turn|7\n|\n|t:|1682767592\n|move|p1a: Palafin|Protect|p1a: Palafin\n|-singleturn|p1a: Palafin|Protect\n|move|p2b: Dragonite|Extreme Speed|p1b: Baxcalibur\n|-damage|p1b: Baxcalibur|0 fnt\n|faint|p1b: Baxcalibur\n|\n|upkeep\n|\n|t:|1682767599\n|switch|p1b: Flutter Mane|Flutter Mane, L50|100\/100\n|turn|8\n|-message|81double\u5df4\u4f0a\u8fbe\u5e03 forfeited.\n|\n|win|ialcc\n|l|\u260681double\u5df4\u4f0a\u8fbe\u5e03\n","uploadtime":1682767629,"views":37,"p1id":"ialcc","p2id":"81double","formatid":"gen9vgc2023regulationc","rating":0,"private":0,"password":""}