{"id":"gen9vgc2023regulationc-1854699564","p1":"hysaaron","p2":"Chite53","format":"[Gen 9] VGC 2023 Regulation C","log":"|j|\u2606hysaaron\n|j|\u2606Chite53\n|t:|1682852783\n|gametype|doubles\n|player|p1|hysaaron|102|1306\n|player|p2|Chite53|rosa|1322\n|teamsize|p1|6\n|teamsize|p2|6\n|gen|9\n|tier|[Gen 9] VGC 2023 Regulation C\n|rated|\n|rule|Species Clause: Limit one of each Pok\u00e9mon\n|rule|Item Clause: Limit one of each item\n|clearpoke\n|poke|p1|Annihilape, L50, M|\n|poke|p1|Maushold, L50|\n|poke|p1|Ting-Lu, L50|\n|poke|p1|Amoonguss, L50, M|\n|poke|p1|Gholdengo, L50|\n|poke|p1|Gyarados, L50, F|\n|poke|p2|Arcanine, L50, F|\n|poke|p2|Palafin, L50, F|\n|poke|p2|Chi-Yu, L50|\n|poke|p2|Flutter Mane, L50|\n|poke|p2|Corviknight, L50, F|\n|poke|p2|Amoonguss, L50, M|\n|teampreview|4\n|inactive|Battle timer is ON: inactive players will automatically lose when time's up. (requested by Chite53)\n|inactive|hysaaron also wants the timer to be on.\n|inactive|hysaaron has 60 seconds left.\n|\n|t:|1682852836\n|start\n|switch|p1a: Maushold|Maushold, L50, shiny|100\/100\n|switch|p1b: Annihilape|Annihilape, L50, M, shiny|100\/100\n|switch|p2a: Corviknight|Corviknight, L50, F|100\/100\n|switch|p2b: Chi-Yu|Chi-Yu, L50|100\/100\n|-ability|p2b: Chi-Yu|Beads of Ruin\n|turn|1\n|inactive|hysaaron has 30 seconds left.\n|inactive|hysaaron has 20 seconds left.\n|\n|t:|1682852873\n|-terastallize|p1b: Annihilape|Fire\n|-terastallize|p2b: Chi-Yu|Grass\n|move|p1a: Maushold|Beat Up|p1b: Annihilape\n|-crit|p1b: Annihilape\n|-damage|p1b: Annihilape|98\/100\n|-damage|p1b: Annihilape|96\/100\n|-damage|p1b: Annihilape|94\/100\n|-damage|p1b: Annihilape|91\/100\n|-hitcount|p1b: Annihilape|4\n|move|p1b: Annihilape|Rage Fist|p2b: Chi-Yu\n|-damage|p2b: Chi-Yu|0 fnt\n|faint|p2b: Chi-Yu\n|move|p2a: Corviknight|Tailwind|p2a: Corviknight\n|-sidestart|p2: Chite53|move: Tailwind\n|\n|-heal|p1b: Annihilape|98\/100|[from] item: Leftovers\n|upkeep\n|\n|t:|1682852888\n|switch|p2b: Flutter Mane|Flutter Mane, L50|100\/100\n|-enditem|p2b: Flutter Mane|Booster Energy\n|-activate|p2b: Flutter Mane|ability: Protosynthesis|[fromitem]\n|-start|p2b: Flutter Mane|protosynthesisspa\n|turn|2\n|\n|t:|1682852906\n|move|p2b: Flutter Mane|Dazzling Gleam|p1b: Annihilape|[spread] p1a,p1b\n|-resisted|p1b: Annihilape\n|-damage|p1a: Maushold|51\/100\n|-damage|p1b: Annihilape|85\/100\n|move|p1a: Maushold|Super Fang|p2a: Corviknight\n|-damage|p2a: Corviknight|51\/100\n|move|p2a: Corviknight|Brave Bird|p1b: Annihilape\n|-damage|p1b: Annihilape|46\/100\n|-damage|p2a: Corviknight|38\/100|[from] Recoil\n|-enditem|p2a: Corviknight|Sitrus Berry|[eat]\n|-heal|p2a: Corviknight|62\/100|[from] item: Sitrus Berry\n|move|p1b: Annihilape|Drain Punch|p2a: Corviknight\n|-damage|p2a: Corviknight|33\/100\n|-heal|p1b: Annihilape|61\/100|[from] drain|[of] p2a: Corviknight\n|\n|-heal|p1b: Annihilape|67\/100|[from] item: Leftovers\n|upkeep\n|turn|3\n|inactive|hysaaron has 30 seconds left.\n|inactive|Chite53 has 30 seconds left.\n|inactive|hysaaron has 20 seconds left.\n|inactive|hysaaron has 15 seconds left.\n|inactive|hysaaron has 10 seconds left.\n|inactive|hysaaron has 5 seconds left.\n|\n|t:|1682852957\n|switch|p1a: Gyarados|Gyarados, L50, F, shiny|100\/100\n|-ability|p1a: Gyarados|Intimidate|boost\n|-ability|p2a: Corviknight|Mirror Armor\n|-unboost|p1a: Gyarados|atk|1\n|-unboost|p2b: Flutter Mane|atk|1\n|move|p2b: Flutter Mane|Moonblast|p1a: Gyarados\n|-damage|p1a: Gyarados|43\/100\n|-enditem|p1a: Gyarados|Sitrus Berry|[eat]\n|-heal|p1a: Gyarados|68\/100|[from] item: Sitrus Berry\n|move|p2a: Corviknight|Bulk Up|p2a: Corviknight\n|-boost|p2a: Corviknight|atk|1\n|-boost|p2a: Corviknight|def|1\n|move|p1b: Annihilape|Bulk Up|p1b: Annihilape\n|-boost|p1b: Annihilape|atk|1\n|-boost|p1b: Annihilape|def|1\n|\n|-heal|p1b: Annihilape|73\/100|[from] item: Leftovers\n|upkeep\n|turn|4\n|inactive|hysaaron has 30 seconds left.\n|inactive|Chite53 has 30 seconds left.\n|\n|t:|1682852992\n|move|p2b: Flutter Mane|Shadow Ball|p1b: Annihilape\n|-damage|p1b: Annihilape|24\/100\n|move|p2a: Corviknight|Brave Bird|p1b: Annihilape\n|-crit|p1b: Annihilape\n|-damage|p1b: Annihilape|0 fnt\n|faint|p1b: Annihilape\n|-damage|p2a: Corviknight|24\/100|[from] Recoil\n|move|p1a: Gyarados|Taunt|p2a: Corviknight\n|-start|p2a: Corviknight|move: Taunt\n|\n|-sideend|p2: Chite53|move: Tailwind\n|upkeep\n|\n|t:|1682853005\n|switch|p1b: Ting-Lu|Ting-Lu, L50|100\/100\n|-ability|p1b: Ting-Lu|Vessel of Ruin\n|turn|5\n|\n|t:|1682853016\n|-end|p2b: Flutter Mane|Protosynthesis|[silent]\n|switch|p2b: Arcanine|Arcanine, L50, F|100\/100\n|-ability|p2b: Arcanine|Intimidate|boost\n|-unboost|p1a: Gyarados|atk|1\n|-unboost|p1b: Ting-Lu|atk|1\n|move|p1a: Gyarados|Thunder Wave|p2a: Corviknight\n|-status|p2a: Corviknight|par\n|move|p1b: Ting-Lu|Heavy Slam|p2b: Arcanine\n|-resisted|p2b: Arcanine\n|-damage|p2b: Arcanine|90\/100\n|move|p2a: Corviknight|Body Press|p1b: Ting-Lu\n|-supereffective|p1b: Ting-Lu\n|-damage|p1b: Ting-Lu|63\/100\n|\n|upkeep\n|turn|6\n|\n|t:|1682853038\n|switch|p1b: Maushold|Maushold, L50, shiny|51\/100\n|move|p1a: Gyarados|Thunder Wave|p2b: Arcanine\n|-status|p2b: Arcanine|par\n|move|p2b: Arcanine|Will-O-Wisp|p1a: Gyarados\n|-status|p1a: Gyarados|brn\n|move|p2a: Corviknight|Body Press|p1b: Maushold\n|-supereffective|p1b: Maushold\n|-damage|p1b: Maushold|0 fnt\n|faint|p1b: Maushold\n|\n|-damage|p1a: Gyarados|62\/100 brn|[from] brn\n|upkeep\n|\n|t:|1682853053\n|switch|p1b: Ting-Lu|Ting-Lu, L50|63\/100\n|-ability|p1b: Ting-Lu|Vessel of Ruin\n|turn|7\n|\n|t:|1682853074\n|switch|p2a: Flutter Mane|Flutter Mane, L50|100\/100\n|move|p1a: Gyarados|Waterfall|p2b: Arcanine\n|-supereffective|p2b: Arcanine\n|-damage|p2b: Arcanine|71\/100 par\n|move|p1b: Ting-Lu|Heavy Slam|p2b: Arcanine\n|-resisted|p2b: Arcanine\n|-damage|p2b: Arcanine|54\/100 par\n|move|p2b: Arcanine|Will-O-Wisp|p1b: Ting-Lu\n|-status|p1b: Ting-Lu|brn\n|\n|-damage|p1a: Gyarados|56\/100 brn|[from] brn\n|-damage|p1b: Ting-Lu|57\/100 brn|[from] brn\n|upkeep\n|turn|8\n|\n|t:|1682853094\n|switch|p2b: Corviknight|Corviknight, L50, F|24\/100 par\n|move|p2a: Flutter Mane|Dazzling Gleam|p1b: Ting-Lu|[spread] p1a,p1b\n|-supereffective|p1b: Ting-Lu\n|-damage|p1a: Gyarados|33\/100 brn\n|-damage|p1b: Ting-Lu|34\/100 brn\n|move|p1a: Gyarados|Thunder Wave|p2a: Flutter Mane\n|-status|p2a: Flutter Mane|par\n|move|p1b: Ting-Lu|Heavy Slam|p2a: Flutter Mane\n|-supereffective|p2a: Flutter Mane\n|-damage|p2a: Flutter Mane|42\/100 par\n|\n|-damage|p1a: Gyarados|27\/100 brn|[from] brn\n|-damage|p1b: Ting-Lu|28\/100 brn|[from] brn\n|upkeep\n|turn|9\n|inactive|Chite53 has 30 seconds left.\n|inactive|Chite53 has 20 seconds left.\n|\n|t:|1682853134\n|-end|p2a: Flutter Mane|Protosynthesis|[silent]\n|switch|p2a: Arcanine|Arcanine, L50, F|54\/100 par\n|-ability|p2a: Arcanine|Intimidate|boost\n|-unboost|p1a: Gyarados|atk|1\n|-unboost|p1b: Ting-Lu|atk|1\n|move|p1a: Gyarados|Waterfall|p2a: Arcanine\n|-supereffective|p2a: Arcanine\n|-damage|p2a: Arcanine|40\/100 par\n|move|p1b: Ting-Lu|Stomping Tantrum|p2a: Arcanine\n|-supereffective|p2a: Arcanine\n|-damage|p2a: Arcanine|16\/100 par\n|move|p2b: Corviknight|Brave Bird|p1a: Gyarados\n|-damage|p1a: Gyarados|0 fnt\n|faint|p1a: Gyarados\n|-damage|p2b: Corviknight|16\/100 par|[from] Recoil\n|\n|-damage|p1b: Ting-Lu|22\/100 brn|[from] brn\n|upkeep\n|turn|10\n|inactive|hysaaron has 30 seconds left.\n|\n|t:|1682853168\n|move|p1b: Ting-Lu|Stomping Tantrum|p2a: Arcanine\n|-supereffective|p2a: Arcanine\n|-damage|p2a: Arcanine|0 fnt\n|faint|p2a: Arcanine\n|cant|p2b: Corviknight|par\n|\n|-damage|p1b: Ting-Lu|16\/100 brn|[from] brn\n|upkeep\n|\n|t:|1682853173\n|switch|p2a: Flutter Mane|Flutter Mane, L50|42\/100 par\n|turn|11\n|\n|t:|1682853184\n|cant|p2a: Flutter Mane|par\n|move|p1b: Ting-Lu|Throat Chop|p2b: Corviknight\n|-crit|p2b: Corviknight\n|-damage|p2b: Corviknight|0 fnt\n|faint|p2b: Corviknight\n|\n|-damage|p1b: Ting-Lu|10\/100 brn|[from] brn\n|upkeep\n|turn|12\n|\n|t:|1682853194\n|move|p2a: Flutter Mane|Moonblast|p1b: Ting-Lu\n|-supereffective|p1b: Ting-Lu\n|-damage|p1b: Ting-Lu|0 fnt\n|faint|p1b: Ting-Lu\n|\n|win|Chite53\n|raw|hysaaron's rating: 1306 → 1287<\/strong> (-19 for losing)\n|raw|Chite53's rating: 1322 → 1341<\/strong> (+19 for winning)\n","uploadtime":1682853197,"views":8,"p1id":"hysaaron","p2id":"chite53","formatid":"gen9vgc2023regulationc","rating":1287,"private":0,"password":""}