{"id":"gen9vgc2023regulationc-1850931322","p1":"deathdragon25o","p2":"fatw","format":"[Gen 9] VGC 2023 Regulation C","log":"|j|\u2606deathdragon25o\n|j|\u2606fatw\n|t:|1682383706\n|gametype|doubles\n|player|p1|deathdragon25o|cress|\n|player|p2|fatw|riley|\n|teamsize|p1|6\n|teamsize|p2|6\n|gen|9\n|tier|[Gen 9] VGC 2023 Regulation C\n|rule|Species Clause: Limit one of each Pok\u00e9mon\n|rule|Item Clause: Limit one of each item\n|clearpoke\n|poke|p1|Dondozo, L50, F|\n|poke|p1|Tatsugiri, L50, F|\n|poke|p1|Palossand, L50, M|\n|poke|p1|Toxicroak, L50, M|\n|poke|p1|Brute Bonnet, L50|\n|poke|p1|Sandy Shocks, L50|\n|poke|p2|Ting-Lu, L50|\n|poke|p2|Lucario, L50, M|\n|poke|p2|Meowscarada, L50, M|\n|poke|p2|Dragapult, L50, F|\n|poke|p2|Raichu, L50, M|\n|poke|p2|Gyarados, L50, F|\n|teampreview|4\n|inactive|Battle timer is ON: inactive players will automatically lose when time's up. (requested by deathdragon25o)\n|\n|t:|1682383729\n|start\n|switch|p1a: Sandy Shocks|Sandy Shocks, L50|100\/100\n|switch|p1b: Brute Bonnet|Brute Bonnet, L50|100\/100\n|switch|p2a: Dragapult|Dragapult, L50, F, shiny|100\/100\n|switch|p2b: Gyarados|Gyarados, L50, F, shiny|100\/100\n|-ability|p2b: Gyarados|Intimidate|boost\n|-unboost|p1a: Sandy Shocks|atk|1\n|-unboost|p1b: Brute Bonnet|atk|1\n|-enditem|p1a: Sandy Shocks|Booster Energy\n|-activate|p1a: Sandy Shocks|ability: Protosynthesis|[fromitem]\n|-start|p1a: Sandy Shocks|protosynthesisspa\n|turn|1\n|\n|t:|1682383744\n|switch|p2b: Raichu|Raichu, L50, M, shiny|100\/100\n|-end|p1b: Brute Bonnet|Protosynthesis|[silent]\n|switch|p1b: Palossand|Palossand, L50, M|100\/100\n|-terastallize|p1a: Sandy Shocks|Flying\n|move|p2a: Dragapult|Will-O-Wisp|p1b: Palossand\n|-status|p1b: Palossand|brn\n|move|p1a: Sandy Shocks|Discharge|p2a: Dragapult|[spread] p2a\n|-ability|p2b: Raichu|Lightning Rod|boost\n|-boost|p2b: Raichu|spa|1\n|-immune|p1b: Palossand\n|-resisted|p2a: Dragapult\n|-damage|p2a: Dragapult|79\/100\n|-status|p2a: Dragapult|par\n|\n|-damage|p1b: Palossand|95\/100 brn|[from] brn\n|upkeep\n|turn|2\n|inactiveoff|Battle timer is now OFF.\n|\n|t:|1682383771\n|-end|p1a: Sandy Shocks|Protosynthesis|[silent]\n|switch|p1a: Toxicroak|Toxicroak, L50, M, shiny|100\/100\n|move|p2b: Raichu|Nuzzle|p1a: Toxicroak\n|-damage|p1a: Toxicroak|89\/100\n|-status|p1a: Toxicroak|par\n|cant|p2a: Dragapult|par\n|move|p1b: Palossand|Earth Power|p2b: Raichu\n|-supereffective|p2b: Raichu\n|-enditem|p2b: Raichu|Focus Sash\n|-damage|p2b: Raichu|1\/100\n|\n|-damage|p1b: Palossand|89\/100 brn|[from] brn\n|upkeep\n|turn|3\n|\n|t:|1682383800\n|switch|p2a: Gyarados|Gyarados, L50, F, shiny|100\/100\n|-ability|p2a: Gyarados|Intimidate|boost\n|-unboost|p1a: Toxicroak|atk|1\n|-unboost|p1b: Palossand|atk|1\n|cant|p1a: Toxicroak|par\n|move|p2b: Raichu|Nuzzle|p1a: Toxicroak\n|-damage|p1a: Toxicroak|79\/100 par\n|move|p1b: Palossand|Shadow Ball|p2a: Gyarados\n|-damage|p2a: Gyarados|63\/100\n|\n|-damage|p1b: Palossand|83\/100 brn|[from] brn\n|upkeep\n|turn|4\n|\n|t:|1682383845\n|switch|p2b: Meowscarada|Meowscarada, L50, M|100\/100\n|-terastallize|p2a: Gyarados|Flying\n|move|p1a: Toxicroak|Sucker Punch||[still]\n|-fail|p1a: Toxicroak\n|move|p2a: Gyarados|Tera Blast|p1a: Toxicroak\n|-supereffective|p1a: Toxicroak\n|-damage|p1a: Toxicroak|0 fnt\n|faint|p1a: Toxicroak\n|move|p1b: Palossand|Energy Ball|p2a: Gyarados\n|-resisted|p2a: Gyarados\n|-damage|p2a: Gyarados|51\/100\n|\n|-damage|p1b: Palossand|77\/100 brn|[from] brn\n|upkeep\n|l|\u2606deathdragon25o\n|player|p1|\n|j| LiluziHit\n|c|\u2606fatw|energy ball?\n|c|\u2606fatw|wat\n|c|\u2606fatw|did he leave\n|c| LiluziHit|yeah\n|inactive|Battle timer is ON: inactive players will automatically lose when time's up. (requested by fatw)\n|c| LiluziHit|offline probably\n|c| LiluziHit|give it a minute\n|inactiveoff|Battle timer is now OFF.\n|c| LiluziHit|wifi issues\n|c|\u2606fatw|oh ok\n|c| LiluziHit|yup\n|c| LiluziHit|we've never had this happen so idk what we do if void just doesn't show up\n|j|\u2606deathdragon25o\n|player|p1|deathdragon25o|cress\n|inactive|Battle timer is ON: inactive players will automatically lose when time's up. (requested by deathdragon25o)\n|\n|t:|1682383992\n|switch|p1a: Sandy Shocks|Sandy Shocks, L50, tera:Flying|100\/100\n|turn|5\n|c| LiluziHit|voidd\n|inactive|fatw has 30 seconds left.\n|inactive|fatw has 20 seconds left.\n|\n|t:|1682384028\n|move|p2a: Gyarados|Protect|p2a: Gyarados\n|-singleturn|p2a: Gyarados|Protect\n|move|p2b: Meowscarada|Flower Trick|p1b: Palossand\n|-start|p2b: Meowscarada|typechange|Grass|[from] ability: Protean\n|-supereffective|p1b: Palossand\n|-crit|p1b: Palossand\n|-damage|p1b: Palossand|0 fnt\n|faint|p1b: Palossand\n|move|p1a: Sandy Shocks|Discharge|p2b: Meowscarada|[spread] p2b\n|-activate|p2a: Gyarados|move: Protect\n|-resisted|p2b: Meowscarada\n|-damage|p2b: Meowscarada|79\/100\n|\n|upkeep\n|inactiveoff|Battle timer is now OFF.\n|\n|t:|1682384039\n|switch|p1b: Brute Bonnet|Brute Bonnet, L50|100\/100\n|turn|6\n|\n|t:|1682384052\n|move|p2b: Meowscarada|Flower Trick|p1a: Sandy Shocks\n|-resisted|p1a: Sandy Shocks\n|-crit|p1a: Sandy Shocks\n|-damage|p1a: Sandy Shocks|59\/100\n|move|p1a: Sandy Shocks|Discharge|p2a: Gyarados|[spread] p1b,p2a,p2b\n|-resisted|p1b: Brute Bonnet\n|-supereffective|p2a: Gyarados\n|-resisted|p2b: Meowscarada\n|-damage|p1b: Brute Bonnet|88\/100\n|-damage|p2a: Gyarados|0 fnt\n|-damage|p2b: Meowscarada|55\/100\n|faint|p2a: Gyarados\n|move|p1b: Brute Bonnet|Close Combat|p2b: Meowscarada\n|-damage|p2b: Meowscarada|0 fnt\n|-unboost|p1b: Brute Bonnet|def|1\n|-unboost|p1b: Brute Bonnet|spd|1\n|faint|p2b: Meowscarada\n|\n|upkeep\n|\n|t:|1682384063\n|switch|p2b: Raichu|Raichu, L50, M, shiny|1\/100\n|switch|p2a: Dragapult|Dragapult, L50, F, shiny|79\/100 par\n|turn|7\n|\n|t:|1682384077\n|move|p1b: Brute Bonnet|Sucker Punch|p2a: Dragapult\n|-supereffective|p2a: Dragapult\n|-damage|p2a: Dragapult|0 fnt\n|faint|p2a: Dragapult\n|move|p2b: Raichu|Encore|p1a: Sandy Shocks\n|-start|p1a: Sandy Shocks|Encore\n|move|p1a: Sandy Shocks|Discharge|p2b: Raichu|[spread] p1b\n|-ability|p2b: Raichu|Lightning Rod|boost\n|-boost|p2b: Raichu|spa|1\n|-resisted|p1b: Brute Bonnet\n|-damage|p1b: Brute Bonnet|69\/100\n|\n|upkeep\n|turn|8\n|\n|t:|1682384090\n|move|p2b: Raichu|Fake Out||[still]\n|-hint|Fake Out only works on your first turn out.\n|-fail|p2b: Raichu\n|move|p1b: Brute Bonnet|Sucker Punch||[still]\n|-fail|p1b: Brute Bonnet\n|move|p1a: Sandy Shocks|Discharge|p2b: Raichu|[spread] p1b\n|-ability|p2b: Raichu|Lightning Rod|boost\n|-boost|p2b: Raichu|spa|1\n|-resisted|p1b: Brute Bonnet\n|-damage|p1b: Brute Bonnet|50\/100\n|\n|upkeep\n|turn|9\n|c|\u2606fatw|nah\n|\n|t:|1682384108\n|move|p2b: Raichu|Protect|p2b: Raichu\n|-singleturn|p2b: Raichu|Protect\n|move|p1a: Sandy Shocks|Discharge|p2b: Raichu|[spread] p1b\n|-activate|p2b: Raichu|move: Protect\n|-resisted|p1b: Brute Bonnet\n|-damage|p1b: Brute Bonnet|31\/100\n|-status|p1b: Brute Bonnet|par\n|move|p1b: Brute Bonnet|Seed Bomb|p2b: Raichu\n|-activate|p2b: Raichu|move: Protect\n|\n|-end|p1a: Sandy Shocks|Encore\n|upkeep\n|turn|10\n|\n|t:|1682384129\n|move|p2b: Raichu|Protect|p2b: Raichu\n|-singleturn|p2b: Raichu|Protect\n|move|p1a: Sandy Shocks|Earth Power|p2b: Raichu\n|-activate|p2b: Raichu|move: Protect\n|move|p1b: Brute Bonnet|Seed Bomb|p2b: Raichu\n|-activate|p2b: Raichu|move: Protect\n|\n|upkeep\n|turn|11\n|\n|t:|1682384137\n|move|p2b: Raichu|Nuzzle|p1a: Sandy Shocks\n|-supereffective|p1a: Sandy Shocks\n|-damage|p1a: Sandy Shocks|44\/100\n|-status|p1a: Sandy Shocks|par\n|move|p1a: Sandy Shocks|Earth Power|p2b: Raichu\n|-supereffective|p2b: Raichu\n|-damage|p2b: Raichu|0 fnt\n|faint|p2b: Raichu\n|\n|win|deathdragon25o\n|l|\u2606deathdragon25o\n","uploadtime":1682384148,"views":14,"p1id":"deathdragon25o","p2id":"fatw","formatid":"gen9vgc2023regulationc","rating":0,"private":0,"password":""}