{"id":"gen9vgc2023regulationc-1848903105","p1":"qp9wirth","p2":"Jbfda","format":"[Gen 9] VGC 2023 Regulation C","log":"|j|\u2606qp9wirth\n|j|\u2606Jbfda\n|t:|1682124074\n|gametype|doubles\n|player|p1|qp9wirth|101|1000\n|player|p2|Jbfda|102|1000\n|teamsize|p1|6\n|teamsize|p2|6\n|gen|9\n|tier|[Gen 9] VGC 2023 Regulation C\n|rated|\n|rule|Species Clause: Limit one of each Pok\u00e9mon\n|rule|Item Clause: Limit one of each item\n|clearpoke\n|poke|p1|Stantler, L50, F|\n|poke|p1|Annihilape, L50, M|\n|poke|p1|Chien-Pao, L50|\n|poke|p1|Dragonite, L50, F|\n|poke|p1|Garchomp, L50, M|\n|poke|p1|Maushold, L50|\n|poke|p2|Roaring Moon, L50|\n|poke|p2|Iron Bundle, L50|\n|poke|p2|Amoonguss, L50, F|\n|poke|p2|Arcanine, L50, F|\n|poke|p2|Garganacl, L50, F|\n|poke|p2|Iron Hands, L50|\n|teampreview|4\n|\n|t:|1682124121\n|start\n|switch|p1a: Stantler|Stantler, L50, F|100\/100\n|switch|p1b: Annihilape|Annihilape, L50, M|100\/100\n|switch|p2a: Garganacl|Garganacl, L50, F, shiny|100\/100\n|switch|p2b: Iron Hands|Iron Hands, L50, shiny|100\/100\n|-ability|p1a: Stantler|Intimidate|boost\n|-unboost|p2a: Garganacl|atk|1\n|-unboost|p2b: Iron Hands|atk|1\n|turn|1\n|\n|t:|1682124155\n|move|p2b: Iron Hands|Protect|p2b: Iron Hands\n|-singleturn|p2b: Iron Hands|Protect\n|move|p1a: Stantler|Skill Swap|p2a: Garganacl\n|-activate|p1a: Stantler|move: Skill Swap|Purifying Salt|Intimidate|[of] p2a: Garganacl\n|-ability|p2a: Garganacl|Intimidate|boost\n|-unboost|p1a: Stantler|atk|1\n|-unboost|p1b: Annihilape|atk|1\n|-ability|p1b: Annihilape|Defiant|boost\n|-boost|p1b: Annihilape|atk|2\n|-enditem|p1b: Annihilape|Adrenaline Orb\n|-boost|p1b: Annihilape|spe|1|[from] item: Adrenaline Orb\n|move|p1b: Annihilape|Bulk Up|p1b: Annihilape\n|-boost|p1b: Annihilape|atk|1\n|-boost|p1b: Annihilape|def|1\n|move|p2a: Garganacl|Salt Cure|p1b: Annihilape\n|-resisted|p1b: Annihilape\n|-damage|p1b: Annihilape|98\/100\n|-start|p1b: Annihilape|Salt Cure\n|\n|-damage|p1b: Annihilape|86\/100|[from] Salt Cure\n|upkeep\n|turn|2\n|\n|t:|1682124202\n|-terastallize|p2a: Garganacl|Ghost\n|move|p1b: Annihilape|Drain Punch|p2a: Garganacl\n|-immune|p2a: Garganacl\n|move|p1a: Stantler|Body Slam|p2b: Iron Hands\n|-damage|p2b: Iron Hands|87\/100\n|move|p2b: Iron Hands|Thunder Punch|p1b: Annihilape\n|-crit|p1b: Annihilape\n|-damage|p1b: Annihilape|17\/100\n|move|p2a: Garganacl|Salt Cure|p1a: Stantler\n|-damage|p1a: Stantler|92\/100\n|-start|p1a: Stantler|Salt Cure\n|\n|-damage|p1b: Annihilape|5\/100|[from] Salt Cure\n|-damage|p1a: Stantler|80\/100|[from] Salt Cure\n|upkeep\n|turn|3\n|\n|t:|1682124235\n|switch|p1b: Dragonite|Dragonite, L50, F|100\/100\n|move|p2b: Iron Hands|Protect|p2b: Iron Hands\n|-singleturn|p2b: Iron Hands|Protect\n|move|p2a: Garganacl|Protect|p2a: Garganacl\n|-singleturn|p2a: Garganacl|Protect\n|move|p1a: Stantler|Disable|p2b: Iron Hands\n|-activate|p2b: Iron Hands|move: Protect\n|\n|-damage|p1a: Stantler|67\/100|[from] Salt Cure\n|upkeep\n|turn|4\n|\n|t:|1682124259\n|-end|p2b: Iron Hands|Quark Drive|[silent]\n|switch|p2b: Amoonguss|Amoonguss, L50, F, shiny|100\/100\n|move|p1a: Stantler|Body Slam|p2b: Amoonguss\n|-damage|p2b: Amoonguss|85\/100\n|-status|p2b: Amoonguss|par\n|-damage|p1a: Stantler|51\/100|[from] item: Rocky Helmet|[of] p2b: Amoonguss\n|move|p1b: Dragonite|Dragon Dance|p1b: Dragonite\n|-boost|p1b: Dragonite|atk|1\n|-boost|p1b: Dragonite|spe|1\n|move|p2a: Garganacl|Salt Cure|p1b: Dragonite\n|-supereffective|p1b: Dragonite\n|-damage|p1b: Dragonite|80\/100\n|-start|p1b: Dragonite|Salt Cure\n|\n|-damage|p1b: Dragonite|68\/100|[from] Salt Cure\n|-damage|p1a: Stantler|39\/100|[from] Salt Cure\n|upkeep\n|turn|5\n|\n|t:|1682124289\n|move|p1b: Dragonite|Dragon Claw|p2a: Garganacl\n|-crit|p2a: Garganacl\n|-damage|p2a: Garganacl|35\/100\n|move|p1a: Stantler|Disable|p2a: Garganacl\n|-start|p2a: Garganacl|Disable|Salt Cure\n|cant|p2a: Garganacl|Disable|Salt Cure\n|cant|p2b: Amoonguss|par\n|\n|-heal|p2a: Garganacl|41\/100|[from] item: Leftovers\n|-damage|p1b: Dragonite|55\/100|[from] Salt Cure\n|-damage|p1a: Stantler|27\/100|[from] Salt Cure\n|upkeep\n|turn|6\n|\n|t:|1682124313\n|switch|p1a: Maushold|Maushold, L50|100\/100\n|move|p2a: Garganacl|Protect|p2a: Garganacl\n|-singleturn|p2a: Garganacl|Protect\n|move|p1b: Dragonite|Dragon Claw|p2b: Amoonguss\n|-damage|p2b: Amoonguss|38\/100 par\n|-damage|p1b: Dragonite|39\/100|[from] item: Rocky Helmet|[of] p2b: Amoonguss\n|move|p2b: Amoonguss|Clear Smog|p1b: Dragonite\n|-damage|p1b: Dragonite|28\/100\n|-clearboost|p1b: Dragonite\n|\n|-heal|p2a: Garganacl|47\/100|[from] item: Leftovers\n|-damage|p1b: Dragonite|16\/100|[from] Salt Cure\n|upkeep\n|turn|7\n|\n|t:|1682124339\n|switch|p2a: Iron Hands|Iron Hands, L50, shiny|87\/100\n|move|p2b: Amoonguss|Rage Powder|p2b: Amoonguss\n|-singleturn|p2b: Amoonguss|move: Rage Powder\n|move|p1a: Maushold|Population Bomb|p2b: Amoonguss\n|-damage|p2b: Amoonguss|33\/100 par\n|-damage|p1a: Maushold|84\/100|[from] item: Rocky Helmet|[of] p2b: Amoonguss\n|-damage|p2b: Amoonguss|27\/100 par\n|-damage|p1a: Maushold|67\/100|[from] item: Rocky Helmet|[of] p2b: Amoonguss\n|-damage|p2b: Amoonguss|22\/100 par\n|-damage|p1a: Maushold|51\/100|[from] item: Rocky Helmet|[of] p2b: Amoonguss\n|-damage|p2b: Amoonguss|17\/100 par\n|-damage|p1a: Maushold|34\/100|[from] item: Rocky Helmet|[of] p2b: Amoonguss\n|-damage|p2b: Amoonguss|13\/100 par\n|-damage|p1a: Maushold|18\/100|[from] item: Rocky Helmet|[of] p2b: Amoonguss\n|-damage|p2b: Amoonguss|8\/100 par\n|-damage|p1a: Maushold|1\/100|[from] item: Rocky Helmet|[of] p2b: Amoonguss\n|-damage|p2b: Amoonguss|3\/100 par\n|-damage|p1a: Maushold|0 fnt|[from] item: Rocky Helmet|[of] p2b: Amoonguss\n|faint|p1a: Maushold\n|-hitcount|p2b: Amoonguss|7\n|move|p1b: Dragonite|Dragon Claw|p2b: Amoonguss\n|-damage|p2b: Amoonguss|0 fnt\n|-damage|p1b: Dragonite|0 fnt|[from] item: Rocky Helmet|[of] p2b: Amoonguss\n|faint|p2b: Amoonguss\n|faint|p1b: Dragonite\n|\n|upkeep\n|-message|qp9wirth forfeited.\n|\n|win|Jbfda\n|raw|qp9wirth's rating: 1000 → 1000<\/strong> (+0 for losing)\n|raw|Jbfda's rating: 1000 → 1040<\/strong> (+40 for winning)\n|l|\u2606qp9wirth\n","uploadtime":1682124402,"views":6,"p1id":"qp9wirth","p2id":"jbfda","formatid":"gen9vgc2023regulationc","rating":1000,"private":0,"password":""}