{"id":"gen9vgc2023regulationc-1856040384","p1":"aa230","p2":"Rue1","format":"[Gen 9] VGC 2023 Regulation C","log":"|j|\u2606aa230\n|j|\u2606Rue1\n|t:|1683021681\n|gametype|doubles\n|player|p1|aa230|dawn|1536\n|player|p2|Rue1|pokekid|1583\n|teamsize|p1|6\n|teamsize|p2|6\n|gen|9\n|tier|[Gen 9] VGC 2023 Regulation C\n|rated|\n|rule|Species Clause: Limit one of each Pok\u00e9mon\n|rule|Item Clause: Limit one of each item\n|clearpoke\n|poke|p1|Garchomp, L50, F|\n|poke|p1|Chi-Yu, L50|\n|poke|p1|Flutter Mane, L50|\n|poke|p1|Corviknight, L50, F|\n|poke|p1|Klefki, L50, F|\n|poke|p1|Annihilape, L50, F|\n|poke|p2|Iron Bundle, L50|\n|poke|p2|Flutter Mane, L50|\n|poke|p2|Chi-Yu, L50|\n|poke|p2|Wo-Chien, L50|\n|poke|p2|Scizor, L50, F|\n|poke|p2|Pelipper, L50, M|\n|teampreview|4\n|inactive|Battle timer is ON: inactive players will automatically lose when time's up. (requested by aa230)\n|inactive|Rue1 has 60 seconds left.\n|\n|t:|1683021718\n|start\n|switch|p1a: Garchomp|Garchomp, L50, F|100\/100\n|switch|p1b: Klefki|Klefki, L50, F|100\/100\n|switch|p2a: Flutter Mane|Flutter Mane, L50|100\/100\n|switch|p2b: Wo-Chien|Wo-Chien, L50|100\/100\n|-ability|p2b: Wo-Chien|Tablets of Ruin\n|turn|1\n|inactive|aa230 has 30 seconds left.\n|inactive|Rue1 has 30 seconds left.\n|\n|t:|1683021748\n|-terastallize|p1a: Garchomp|Water\n|move|p1b: Klefki|Light Screen|p1b: Klefki\n|-sidestart|p1: aa230|move: Light Screen\n|move|p2a: Flutter Mane|Moonblast|p1a: Garchomp\n|-damage|p1a: Garchomp|57\/100\n|move|p1a: Garchomp|Swords Dance|p1a: Garchomp\n|-boost|p1a: Garchomp|atk|2\n|move|p2b: Wo-Chien|Ruination|p1a: Garchomp\n|-damage|p1a: Garchomp|29\/100\n|\n|upkeep\n|turn|2\n|\n|t:|1683021773\n|move|p1a: Garchomp|Protect|p1a: Garchomp\n|-singleturn|p1a: Garchomp|Protect\n|move|p1b: Klefki|Thunder Wave|p2a: Flutter Mane\n|-status|p2a: Flutter Mane|par\n|move|p2b: Wo-Chien|Giga Drain|p1a: Garchomp\n|-activate|p1a: Garchomp|move: Protect\n|move|p2a: Flutter Mane|Moonblast|p1a: Garchomp\n|-activate|p1a: Garchomp|move: Protect\n|\n|upkeep\n|turn|3\n|inactive|Rue1 has 30 seconds left.\n|\n|t:|1683021802\n|switch|p1b: Corviknight|Corviknight, L50, F|100\/100\n|-end|p2a: Flutter Mane|Protosynthesis|[silent]\n|switch|p2a: Scizor|Scizor, L50, F|100\/100\n|move|p1a: Garchomp|Earthquake|p2a: Scizor|[spread] p2a,p2b\n|-immune|p1b: Corviknight\n|-resisted|p2b: Wo-Chien\n|-damage|p2a: Scizor|46\/100\n|-damage|p2b: Wo-Chien|78\/100\n|move|p2b: Wo-Chien|Giga Drain|p1a: Garchomp\n|-supereffective|p1a: Garchomp\n|-damage|p1a: Garchomp|0 fnt\n|-heal|p2b: Wo-Chien|92\/100|[from] drain|[of] p1a: Garchomp\n|faint|p1a: Garchomp\n|\n|upkeep\n|\n|t:|1683021815\n|switch|p1a: Annihilape|Annihilape, L50, F|100\/100\n|turn|4\n|inactive|Rue1 has 30 seconds left.\n|\n|t:|1683021842\n|-terastallize|p2b: Wo-Chien|Water\n|move|p2a: Scizor|Protect|p2a: Scizor\n|-singleturn|p2a: Scizor|Protect\n|move|p1a: Annihilape|Bulk Up|p1a: Annihilape\n|-boost|p1a: Annihilape|atk|1\n|-boost|p1a: Annihilape|def|1\n|move|p2b: Wo-Chien|Ruination|p1a: Annihilape\n|-damage|p1a: Annihilape|51\/100\n|move|p1b: Corviknight|Tailwind|p1b: Corviknight\n|-sidestart|p1: aa230|move: Tailwind\n|\n|-heal|p1a: Annihilape|57\/100|[from] item: Leftovers\n|upkeep\n|turn|5\n|inactive|aa230 has 30 seconds left.\n|inactive|aa230 has 20 seconds left.\n|inactive|aa230 has 15 seconds left.\n|inactive|aa230 has 10 seconds left.\n|j| Ran Kob\n|\n|t:|1683021890\n|switch|p2a: Flutter Mane|Flutter Mane, L50|100\/100 par\n|move|p1a: Annihilape|Drain Punch|p2a: Flutter Mane\n|-immune|p2a: Flutter Mane\n|move|p1b: Corviknight|Bulk Up|p1b: Corviknight\n|-boost|p1b: Corviknight|atk|1\n|-boost|p1b: Corviknight|def|1\n|move|p2b: Wo-Chien|Ruination|p1b: Corviknight|[miss]\n|-miss|p2b: Wo-Chien|p1b: Corviknight\n|\n|-heal|p1a: Annihilape|63\/100|[from] item: Leftovers\n|upkeep\n|turn|6\n|inactive|aa230 has 30 seconds left.\n|\n|t:|1683021922\n|move|p1a: Annihilape|Rage Fist|p2a: Flutter Mane\n|-supereffective|p2a: Flutter Mane\n|-damage|p2a: Flutter Mane|0 fnt\n|faint|p2a: Flutter Mane\n|-end|p2a: Flutter Mane|Protosynthesis|[silent]\n|move|p1b: Corviknight|Brave Bird|p2b: Wo-Chien\n|-damage|p2b: Wo-Chien|51\/100\n|-damage|p1b: Corviknight|88\/100|[from] Recoil\n|move|p2b: Wo-Chien|Ruination|p1b: Corviknight\n|-damage|p1b: Corviknight|44\/100\n|-enditem|p1b: Corviknight|Sitrus Berry|[eat]\n|-heal|p1b: Corviknight|69\/100|[from] item: Sitrus Berry\n|\n|-heal|p1a: Annihilape|69\/100|[from] item: Leftovers\n|upkeep\n|\n|t:|1683021937\n|switch|p2a: Iron Bundle|Iron Bundle, L50|100\/100\n|-enditem|p2a: Iron Bundle|Booster Energy\n|-activate|p2a: Iron Bundle|ability: Quark Drive|[fromitem]\n|-start|p2a: Iron Bundle|quarkdrivespe\n|turn|7\n|\n|t:|1683021953\n|move|p2a: Iron Bundle|Protect|p2a: Iron Bundle\n|-singleturn|p2a: Iron Bundle|Protect\n|move|p1a: Annihilape|Drain Punch|p2a: Iron Bundle\n|-activate|p2a: Iron Bundle|move: Protect\n|move|p1b: Corviknight|Brave Bird|p2b: Wo-Chien\n|-damage|p2b: Wo-Chien|5\/100\n|-damage|p1b: Corviknight|55\/100|[from] Recoil\n|move|p2b: Wo-Chien|Ruination|p1a: Annihilape\n|-damage|p1a: Annihilape|35\/100\n|\n|-heal|p1a: Annihilape|41\/100|[from] item: Leftovers\n|-sideend|p1: aa230|move: Tailwind\n|upkeep\n|turn|8\n|inactive|aa230 has 30 seconds left.\n|inactive|Rue1 has 30 seconds left.\n|inactive|aa230 has 20 seconds left.\n|inactive|Rue1 has 20 seconds left.\n|inactive|aa230 has 15 seconds left.\n|inactive|Rue1 has 15 seconds left.\n|inactive|aa230 has 10 seconds left.\n|inactive|Rue1 has 10 seconds left.\n|inactive|aa230 has 5 seconds left.\n|\n|t:|1683022005\n|move|p1a: Annihilape|Protect|p1a: Annihilape\n|-singleturn|p1a: Annihilape|Protect\n|move|p2a: Iron Bundle|Hydro Pump|p1a: Annihilape\n|-activate|p1a: Annihilape|move: Protect\n|move|p2b: Wo-Chien|Ruination|p1b: Corviknight\n|-damage|p1b: Corviknight|28\/100\n|move|p1b: Corviknight|Roost|p1b: Corviknight\n|-heal|p1b: Corviknight|78\/100\n|-singleturn|p1b: Corviknight|move: Roost\n|\n|-heal|p1a: Annihilape|47\/100|[from] item: Leftovers\n|-sideend|p1: aa230|move: Light Screen\n|upkeep\n|turn|9\n|\n|t:|1683022030\n|move|p2a: Iron Bundle|Hydro Pump|p1a: Annihilape\n|-damage|p1a: Annihilape|10\/100\n|move|p1a: Annihilape|Drain Punch|p2a: Iron Bundle\n|-supereffective|p2a: Iron Bundle\n|-crit|p2a: Iron Bundle\n|-damage|p2a: Iron Bundle|0 fnt\n|-heal|p1a: Annihilape|44\/100|[from] drain|[of] p2a: Iron Bundle\n|faint|p2a: Iron Bundle\n|-end|p2a: Iron Bundle|Quark Drive|[silent]\n|move|p2b: Wo-Chien|Giga Drain|p1a: Annihilape\n|-damage|p1a: Annihilape|20\/100\n|-heal|p2b: Wo-Chien|19\/100|[from] drain|[of] p1a: Annihilape\n|move|p1b: Corviknight|Brave Bird|p2b: Wo-Chien\n|-damage|p2b: Wo-Chien|0 fnt\n|faint|p2b: Wo-Chien\n|-damage|p1b: Corviknight|72\/100|[from] Recoil\n|\n|-heal|p1a: Annihilape|26\/100|[from] item: Leftovers\n|upkeep\n|-message|Rue1 forfeited.\n|\n|win|aa230\n|raw|aa230's rating: 1536 → 1559<\/strong> (+23 for winning)\n|raw|Rue1's rating: 1583 → 1560<\/strong> (-23 for losing)\n|l|\u2606Rue1\n","uploadtime":1683022052,"views":10,"p1id":"aa230","p2id":"rue1","formatid":"gen9vgc2023regulationc","rating":1559,"private":0,"password":""}