{"id":"gen9vgc2023regulationc-1863717594","p1":"Metallicmadness","p2":"heelflores","format":"[Gen 9] VGC 2023 Regulation C","log":"|j|\u2606Metallicmadness\n|j|\u2606heelflores\n|t:|1684066286\n|gametype|doubles\n|player|p1|Metallicmadness|2|1292\n|player|p2|heelflores|2|1312\n|teamsize|p1|6\n|teamsize|p2|6\n|gen|9\n|tier|[Gen 9] VGC 2023 Regulation C\n|rated|\n|rule|Species Clause: Limit one of each Pok\u00e9mon\n|rule|Item Clause: Limit one of each item\n|clearpoke\n|poke|p1|Hariyama, L50, F|\n|poke|p1|Iron Bundle, L50|\n|poke|p1|Great Tusk, L50|\n|poke|p1|Hatterene, L50, F|\n|poke|p1|Torkoal, L50, M|\n|poke|p1|Brute Bonnet, L50|\n|poke|p2|Orthworm, L50, M|\n|poke|p2|Dragonite, L50, M|\n|poke|p2|Ting-Lu, L50|\n|poke|p2|Gyarados, L50, F|\n|poke|p2|Flutter Mane, L50|\n|poke|p2|Chien-Pao, L50|\n|teampreview|4\n|inactive|Battle timer is ON: inactive players will automatically lose when time's up. (requested by Metallicmadness)\n|inactive|Metallicmadness has 60 seconds left.\n|inactive|heelflores has 60 seconds left.\n|\n|t:|1684066339\n|start\n|switch|p1a: Brute Bonnet|Brute Bonnet, L50|100\/100\n|switch|p1b: Hatterene|Hatterene, L50, F|100\/100\n|switch|p2a: Ting-Lu|Ting-Lu, L50|100\/100\n|switch|p2b: Orthworm|Orthworm, L50, M|100\/100\n|-ability|p2a: Ting-Lu|Vessel of Ruin\n|turn|1\n|inactive|heelflores has 30 seconds left.\n|inactive|heelflores has 20 seconds left.\n|inactive|heelflores has 15 seconds left.\n|inactive|heelflores has 10 seconds left.\n|\n|t:|1684066385\n|move|p1b: Hatterene|Protect|p1b: Hatterene\n|-singleturn|p1b: Hatterene|Protect\n|move|p2a: Ting-Lu|Earthquake|p1b: Hatterene|[spread] p1a\n|-activate|p1b: Hatterene|move: Protect\n|-immune|p2b: Orthworm|[from] ability: Earth Eater\n|-resisted|p1a: Brute Bonnet\n|-damage|p1a: Brute Bonnet|82\/100\n|move|p2b: Orthworm|Heavy Slam|p1b: Hatterene\n|-activate|p1b: Hatterene|move: Protect\n|move|p1a: Brute Bonnet|Spore|p2a: Ting-Lu\n|-status|p2a: Ting-Lu|slp|[from] move: Spore\n|\n|upkeep\n|turn|2\n|inactive|heelflores has 30 seconds left.\n|\n|t:|1684066411\n|switch|p2a: Chien-Pao|Chien-Pao, L50|100\/100\n|-ability|p2a: Chien-Pao|Sword of Ruin\n|switch|p1b: Great Tusk|Great Tusk, L50|100\/100\n|move|p2b: Orthworm|Shed Tail|p2b: Orthworm\n|-start|p2b: Orthworm|Substitute|[from] move: Shed Tail\n|-damage|p2b: Orthworm|50\/100\n|-enditem|p2b: Orthworm|Sitrus Berry|[eat]\n|-heal|p2b: Orthworm|75\/100|[from] item: Sitrus Berry\n|\n|t:|1684066423\n|switch|p2b: Flutter Mane|Flutter Mane, L50|100\/100|[from] Shed Tail\n|move|p1a: Brute Bonnet|Spore||[still]\n|-fail|p1a: Brute Bonnet\n|\n|upkeep\n|turn|3\n|\n|t:|1684066445\n|-terastallize|p2b: Flutter Mane|Fairy\n|-terastallize|p1a: Brute Bonnet|Poison\n|move|p1b: Great Tusk|Rock Slide|p2b: Flutter Mane|[spread] p2a,p2b\n|-end|p2b: Flutter Mane|Substitute\n|-supereffective|p2a: Chien-Pao\n|-crit|p2a: Chien-Pao\n|-damage|p2a: Chien-Pao|9\/100\n|cant|p2a: Chien-Pao|flinch\n|move|p2b: Flutter Mane|Dazzling Gleam|p1b: Great Tusk|[spread] p1a,p1b\n|-resisted|p1a: Brute Bonnet\n|-supereffective|p1b: Great Tusk\n|-crit|p1b: Great Tusk\n|-damage|p1a: Brute Bonnet|62\/100\n|-damage|p1b: Great Tusk|0 fnt\n|faint|p1b: Great Tusk\n|-end|p1b: Great Tusk|Protosynthesis|[silent]\n|move|p1a: Brute Bonnet|Bullet Seed|p2b: Flutter Mane\n|-damage|p2b: Flutter Mane|74\/100\n|-damage|p2b: Flutter Mane|47\/100\n|-damage|p2b: Flutter Mane|23\/100\n|-damage|p2b: Flutter Mane|0 fnt\n|faint|p2b: Flutter Mane\n|-end|p2b: Flutter Mane|Protosynthesis|[silent]\n|-hitcount|p2: Flutter Mane|4\n|\n|upkeep\n|inactive|Metallicmadness has 30 seconds left.\n|\n|t:|1684066471\n|switch|p2b: Orthworm|Orthworm, L50, M|75\/100\n|switch|p1b: Hatterene|Hatterene, L50, F|100\/100\n|turn|4\n|\n|t:|1684066485\n|move|p1a: Brute Bonnet|Sucker Punch|p2a: Chien-Pao\n|-resisted|p2a: Chien-Pao\n|-damage|p2a: Chien-Pao|0 fnt\n|faint|p2a: Chien-Pao\n|move|p2b: Orthworm|Shed Tail|p2b: Orthworm\n|-start|p2b: Orthworm|Substitute|[from] move: Shed Tail\n|-damage|p2b: Orthworm|25\/100\n|\n|t:|1684066491\n|switch|p2b: Ting-Lu|Ting-Lu, L50|100\/100 slp|[from] Shed Tail\n|-ability|p2b: Ting-Lu|Vessel of Ruin\n|move|p1b: Hatterene|Trick Room|p1b: Hatterene\n|-fieldstart|move: Trick Room|[of] p1b: Hatterene\n|\n|upkeep\n|\n|t:|1684066494\n|switch|p2a: Orthworm|Orthworm, L50, M|25\/100\n|turn|5\n|\n|t:|1684066504\n|move|p1b: Hatterene|Dazzling Gleam|p2a: Orthworm|[spread] p2a,p2b\n|-supereffective|p2b: Ting-Lu\n|-end|p2b: Ting-Lu|Substitute\n|-resisted|p2a: Orthworm\n|-damage|p2a: Orthworm|11\/100\n|move|p1a: Brute Bonnet|Bullet Seed|p2a: Orthworm\n|-resisted|p2a: Orthworm\n|-damage|p2a: Orthworm|7\/100\n|-resisted|p2a: Orthworm\n|-damage|p2a: Orthworm|3\/100\n|-resisted|p2a: Orthworm\n|-damage|p2a: Orthworm|0 fnt\n|faint|p2a: Orthworm\n|-hitcount|p2: Orthworm|3\n|cant|p2b: Ting-Lu|slp\n|\n|upkeep\n|turn|6\n|\n|t:|1684066522\n|switch|p1b: Torkoal|Torkoal, L50, M|100\/100\n|-weather|SunnyDay|[from] ability: Drought|[of] p1b: Torkoal\n|-activate|p1a: Brute Bonnet|ability: Protosynthesis\n|-start|p1a: Brute Bonnet|protosynthesisatk\n|move|p1a: Brute Bonnet|Bullet Seed|p2b: Ting-Lu\n|-supereffective|p2b: Ting-Lu\n|-damage|p2b: Ting-Lu|80\/100 slp\n|-supereffective|p2b: Ting-Lu\n|-damage|p2b: Ting-Lu|58\/100 slp\n|-supereffective|p2b: Ting-Lu\n|-damage|p2b: Ting-Lu|37\/100 slp\n|-supereffective|p2b: Ting-Lu\n|-damage|p2b: Ting-Lu|16\/100 slp\n|-hitcount|p2b: Ting-Lu|4\n|cant|p2b: Ting-Lu|slp\n|\n|-weather|SunnyDay|[upkeep]\n|upkeep\n|turn|7\n|-message|heelflores forfeited.\n|\n|win|Metallicmadness\n|raw|Metallicmadness's rating: 1292 → 1318<\/strong> (+26 for winning)\n|raw|heelflores's rating: 1312 → 1291<\/strong> (-21 for losing)\n|l|\u2606heelflores\n","uploadtime":1684066545,"views":11,"p1id":"metallicmadness","p2id":"heelflores","formatid":"gen9vgc2023regulationc","rating":1291,"private":0,"password":""}