{"id":"gen9vgc2023regulationc-1857923348","p1":"Verdas1128","p2":"Enroclets","format":"[Gen 9] VGC 2023 Regulation C","log":"|j|\u2606Verdas1128\n|j|\u2606Enroclets\n|t:|1683247838\n|gametype|doubles\n|player|p1|Verdas1128|caitlin|1147\n|player|p2|Enroclets|maid|1080\n|teamsize|p1|6\n|teamsize|p2|6\n|gen|9\n|tier|[Gen 9] VGC 2023 Regulation C\n|rated|\n|rule|Species Clause: Limit one of each Pok\u00e9mon\n|rule|Item Clause: Limit one of each item\n|clearpoke\n|poke|p1|Chi-Yu, L50|\n|poke|p1|Iron Hands, L50|\n|poke|p1|Gyarados, L50, M|\n|poke|p1|Amoonguss, L50, F|\n|poke|p1|Flutter Mane, L50|\n|poke|p1|Garchomp, L50, F|\n|poke|p2|Toxtricity, L50, F|\n|poke|p2|Palafin, L50, M|\n|poke|p2|Maushold, L50|\n|poke|p2|Alomomola, L50, F|\n|poke|p2|Flutter Mane, L50|\n|poke|p2|Roaring Moon, L50|\n|teampreview|4\n|inactive|Battle timer is ON: inactive players will automatically lose when time's up. (requested by Enroclets)\n|\n|t:|1683247866\n|start\n|switch|p1a: Garchomp|Garchomp, L50, F|100\/100\n|switch|p1b: Gyarados|Gyarados, L50, M|100\/100\n|switch|p2a: TopoGigios|Maushold, L50|100\/100\n|switch|p2b: Murdock|Roaring Moon, L50|100\/100\n|-ability|p1b: Gyarados|Intimidate|boost\n|-unboost|p2a: TopoGigios|atk|1\n|-unboost|p2b: Murdock|atk|1\n|-enditem|p2b: Murdock|Booster Energy\n|-activate|p2b: Murdock|ability: Protosynthesis|[fromitem]\n|-start|p2b: Murdock|protosynthesisspe\n|turn|1\n|inactive|Verdas1128 has 30 seconds left.\n|inactive|Verdas1128 has 20 seconds left.\n|inactive|Verdas1128 has 15 seconds left.\n|\n|t:|1683247910\n|move|p1a: Garchomp|Protect|p1a: Garchomp\n|-singleturn|p1a: Garchomp|Protect\n|move|p2a: TopoGigios|Follow Me|p2a: TopoGigios\n|-singleturn|p2a: TopoGigios|move: Follow Me\n|move|p2b: Murdock|Dragon Dance|p2b: Murdock\n|-boost|p2b: Murdock|atk|1\n|-boost|p2b: Murdock|spe|1\n|move|p1b: Gyarados|Thunder Wave|p2a: TopoGigios\n|-status|p2a: TopoGigios|par\n|\n|upkeep\n|turn|2\n|\n|t:|1683247932\n|-terastallize|p2b: Murdock|Flying\n|-terastallize|p1a: Garchomp|Fire\n|move|p1b: Gyarados|Helping Hand|p1a: Garchomp\n|-singleturn|p1a: Garchomp|Helping Hand|[of] p1b: Gyarados\n|move|p2a: TopoGigios|Helping Hand|p2b: Murdock\n|-singleturn|p2b: Murdock|Helping Hand|[of] p2a: TopoGigios\n|move|p2b: Murdock|Acrobatics|p1b: Gyarados\n|-damage|p1b: Gyarados|20\/100\n|-enditem|p1b: Gyarados|Sitrus Berry|[eat]\n|-heal|p1b: Gyarados|45\/100|[from] item: Sitrus Berry\n|move|p1a: Garchomp|Dragon Claw|p2b: Murdock\n|-damage|p2b: Murdock|15\/100\n|-damage|p1a: Garchomp|91\/100|[from] item: Life Orb\n|\n|upkeep\n|turn|3\n|\n|t:|1683247957\n|move|p2a: TopoGigios|Follow Me|p2a: TopoGigios\n|-singleturn|p2a: TopoGigios|move: Follow Me\n|move|p2b: Murdock|Acrobatics|p1b: Gyarados\n|-damage|p1b: Gyarados|0 fnt\n|faint|p1b: Gyarados\n|move|p1a: Garchomp|Dragon Claw|p2a: TopoGigios\n|-damage|p2a: TopoGigios|23\/100 par\n|-damage|p1a: Garchomp|81\/100|[from] item: Life Orb\n|\n|upkeep\n|\n|t:|1683247972\n|switch|p1b: Chi-Yu|Chi-Yu, L50|100\/100\n|-ability|p1b: Chi-Yu|Beads of Ruin\n|turn|4\n|\n|t:|1683247979\n|move|p2b: Murdock|Protect|p2b: Murdock\n|-singleturn|p2b: Murdock|Protect\n|cant|p2a: TopoGigios|par\n|move|p1a: Garchomp|Dragon Claw|p2b: Murdock\n|-activate|p2b: Murdock|move: Protect\n|move|p1b: Chi-Yu|Heat Wave|p2b: Murdock|[spread] p2a\n|-activate|p2b: Murdock|move: Protect\n|-damage|p2a: TopoGigios|0 fnt\n|faint|p2a: TopoGigios\n|\n|upkeep\n|\n|t:|1683247993\n|switch|p2a: CapiPutazo|Palafin, L50, M|100\/100\n|turn|5\n|\n|t:|1683248002\n|move|p2b: Murdock|Acrobatics|p1a: Garchomp\n|-damage|p1a: Garchomp|15\/100\n|-damage|p2b: Murdock|3\/100|[from] ability: Rough Skin|[of] p1a: Garchomp\n|move|p1a: Garchomp|Dragon Claw|p2b: Murdock\n|-damage|p2b: Murdock|0 fnt\n|faint|p2b: Murdock\n|-end|p2b: Murdock|Protosynthesis|[silent]\n|-damage|p1a: Garchomp|5\/100|[from] item: Life Orb\n|move|p2a: CapiPutazo|Flip Turn|p1b: Chi-Yu\n|-supereffective|p1b: Chi-Yu\n|-damage|p1b: Chi-Yu|26\/100\n|\n|t:|1683248015\n|detailschange|p2a: CapiPutazo|Palafin-Hero, L50, M\n|switch|p2a: PatyMaldonado|Flutter Mane, L50|100\/100|[from] Flip Turn\n|move|p1b: Chi-Yu|Heat Wave|p2a: PatyMaldonado\n|-damage|p2a: PatyMaldonado|24\/100\n|\n|-heal|p1b: Chi-Yu|33\/100|[from] item: Leftovers\n|upkeep\n|\n|t:|1683248024\n|switch|p2b: CapiPutazo|Palafin-Hero, L50, M|100\/100\n|-activate|p2b: CapiPutazo|ability: Zero to Hero\n|turn|6\n|\n|t:|1683248037\n|move|p2b: CapiPutazo|Jet Punch|p1b: Chi-Yu\n|-supereffective|p1b: Chi-Yu\n|-damage|p1b: Chi-Yu|0 fnt\n|faint|p1b: Chi-Yu\n|move|p2a: PatyMaldonado|Shadow Ball|p1a: Garchomp\n|-damage|p1a: Garchomp|0 fnt\n|faint|p1a: Garchomp\n|\n|upkeep\n|\n|t:|1683248040\n|switch|p1b: Amoonguss|Amoonguss, L50, F|100\/100\n|turn|7\n|\n|t:|1683248050\n|move|p2b: CapiPutazo|Jet Punch|p1b: Amoonguss\n|-resisted|p1b: Amoonguss\n|-damage|p1b: Amoonguss|80\/100\n|-damage|p2b: CapiPutazo|84\/100|[from] item: Rocky Helmet|[of] p1b: Amoonguss\n|move|p2a: PatyMaldonado|Shadow Ball|p1b: Amoonguss\n|-damage|p1b: Amoonguss|39\/100\n|move|p1b: Amoonguss|Spore|p2b: CapiPutazo\n|-status|p2b: CapiPutazo|slp|[from] move: Spore\n|\n|upkeep\n|turn|8\n|\n|t:|1683248064\n|cant|p2b: CapiPutazo|slp\n|move|p2a: PatyMaldonado|Shadow Ball|p1b: Amoonguss\n|-damage|p1b: Amoonguss|0 fnt\n|faint|p1b: Amoonguss\n|\n|win|Enroclets\n|raw|Verdas1128's rating: 1147 → 1117<\/strong> (-30 for losing)\n|raw|Enroclets's rating: 1080 → 1113<\/strong> (+33 for winning)\n","uploadtime":1683248067,"views":5,"p1id":"verdas1128","p2id":"enroclets","formatid":"gen9vgc2023regulationc","rating":1113,"private":0,"password":""}