{"id":"gen9vgc2023regulationc-1862286023","p1":"Appleknight777","p2":"Nightmare_King_VGC","format":"[Gen 9] VGC 2023 Regulation C","log":"|j|\u2606Appleknight777\n|j|\u2606Nightmare_King_VGC\n|t:|1683859847\n|gametype|doubles\n|player|p1|Appleknight777|170|1600\n|player|p2|Nightmare_King_VGC|veteranf|1679\n|teamsize|p1|6\n|teamsize|p2|6\n|gen|9\n|tier|[Gen 9] VGC 2023 Regulation C\n|rated|\n|rule|Species Clause: Limit one of each Pok\u00e9mon\n|rule|Item Clause: Limit one of each item\n|clearpoke\n|poke|p1|Scream Tail, L50|\n|poke|p1|Gothitelle, L50, M|\n|poke|p1|Garganacl, L50, F|\n|poke|p1|Scizor, L50, F|\n|poke|p1|Gyarados, L50, F|\n|poke|p1|Volcarona, L50, M|\n|poke|p2|Torkoal, L50, M|\n|poke|p2|Great Tusk, L50|\n|poke|p2|Flutter Mane, L50|\n|poke|p2|Jumpluff, L50, M|\n|poke|p2|Chien-Pao, L50|\n|poke|p2|Kingambit, L50, M|\n|teampreview|4\nAppleknight777 has agreed to open team sheets.\n|\n|t:|1683859919\n|start\n|switch|p1a: Garganacl|Garganacl, L50, F|100\/100\n|switch|p1b: Gothitelle|Gothitelle, L50, M|100\/100\n|switch|p2a: Kingambit|Kingambit, L50, M|100\/100\n|switch|p2b: Torkoal|Torkoal, L50, M|100\/100\n|-weather|SunnyDay|[from] ability: Drought|[of] p2b: Torkoal\n|turn|1\n|l|\u2606Nightmare_King_VGC\n|player|p2|\n|j|\u2606Nightmare_King_VGC\n|player|p2|Nightmare_King_VGC|veteranf\n|\n|t:|1683859980\n|move|p1b: Gothitelle|Fake Out|p2a: Kingambit\n|-resisted|p2a: Kingambit\n|-damage|p2a: Kingambit|99\/100\n|cant|p2a: Kingambit|flinch\n|move|p1a: Garganacl|Salt Cure|p2a: Kingambit\n|-resisted|p2a: Kingambit\n|-damage|p2a: Kingambit|93\/100\n|-start|p2a: Kingambit|Salt Cure\n|move|p2b: Torkoal|Overheat|p1b: Gothitelle\n|-crit|p1b: Gothitelle\n|-damage|p1b: Gothitelle|7\/100\n|-unboost|p2b: Torkoal|spa|2\n|-enditem|p2b: Torkoal|Eject Pack\n|-enditem|p1b: Gothitelle|Sitrus Berry|[eat]\n|-heal|p1b: Gothitelle|32\/100|[from] item: Sitrus Berry\n|j| vhjjnbcxxh\n|\n|t:|1683860025\n|switch|p2b: Flutter Mane|Flutter Mane, L50|100\/100\n|-activate|p2b: Flutter Mane|ability: Protosynthesis\n|-start|p2b: Flutter Mane|protosynthesisspa\n|\n|-weather|SunnyDay|[upkeep]\n|-damage|p2a: Kingambit|68\/100|[from] Salt Cure\n|upkeep\n|turn|2\n|\n|t:|1683860051\n|-terastallize|p2b: Flutter Mane|Fairy\n|move|p1b: Gothitelle|Protect|p1b: Gothitelle\n|-singleturn|p1b: Gothitelle|Protect\n|move|p2b: Flutter Mane|Moonblast|p1a: Garganacl\n|-damage|p1a: Garganacl|13\/100\n|move|p2a: Kingambit|Kowtow Cleave|p1a: Garganacl\n|-damage|p1a: Garganacl|0 fnt\n|faint|p1a: Garganacl\n|\n|-weather|SunnyDay|[upkeep]\n|-damage|p2a: Kingambit|44\/100|[from] Salt Cure\n|upkeep\n|\n|t:|1683860059\n|switch|p1a: Scizor|Scizor, L50, F|100\/100\n|turn|3\n|\n|t:|1683860072\n|switch|p1b: Scream Tail|Scream Tail, L50|100\/100\n|-activate|p1b: Scream Tail|ability: Protosynthesis\n|-start|p1b: Scream Tail|protosynthesisspe\n|move|p2b: Flutter Mane|Moonblast|p1b: Scream Tail\n|-damage|p1b: Scream Tail|7\/100\n|-unboost|p1b: Scream Tail|spa|1\n|move|p1a: Scizor|Close Combat|p2a: Kingambit\n|-supereffective|p2a: Kingambit\n|-damage|p2a: Kingambit|0 fnt\n|-unboost|p1a: Scizor|def|1\n|-unboost|p1a: Scizor|spd|1\n|faint|p2a: Kingambit\n|\n|-weather|SunnyDay|[upkeep]\n|upkeep\n|\n|t:|1683860094\n|switch|p2a: Great Tusk|Great Tusk, L50|100\/100\n|-activate|p2a: Great Tusk|ability: Protosynthesis\n|-start|p2a: Great Tusk|protosynthesisatk\n|turn|4\n|\n|t:|1683860115\n|-end|p2b: Flutter Mane|Protosynthesis|[silent]\n|switch|p2b: Torkoal|Torkoal, L50, M|100\/100\n|switch|p1a: Gothitelle|Gothitelle, L50, M|32\/100\n|move|p1b: Scream Tail|Protect|p1b: Scream Tail\n|-singleturn|p1b: Scream Tail|Protect\n|move|p2a: Great Tusk|Headlong Rush|p1a: Gothitelle\n|-damage|p1a: Gothitelle|0 fnt\n|-unboost|p2a: Great Tusk|def|1\n|-unboost|p2a: Great Tusk|spd|1\n|faint|p1a: Gothitelle\n|\n|-weather|SunnyDay|[upkeep]\n|upkeep\n|\n|t:|1683860117\n|switch|p1a: Scizor|Scizor, L50, F|100\/100\n|turn|5\n|\n|t:|1683860142\n|-terastallize|p1a: Scizor|Water\n|move|p1b: Scream Tail|Disable|p2a: Great Tusk\n|-start|p2a: Great Tusk|Disable|Headlong Rush\n|cant|p2a: Great Tusk|Disable|Headlong Rush\n|move|p1a: Scizor|Trailblaze|p2a: Great Tusk\n|-supereffective|p2a: Great Tusk\n|-damage|p2a: Great Tusk|29\/100\n|-boost|p1a: Scizor|spe|1\n|move|p2b: Torkoal|Overheat|p1a: Scizor\n|-resisted|p1a: Scizor\n|-damage|p1a: Scizor|66\/100\n|-unboost|p2b: Torkoal|spa|2\n|\n|-weather|none\n|-end|p1b: Scream Tail|Protosynthesis\n|-end|p2a: Great Tusk|Protosynthesis\n|upkeep\n|-enditem|p1b: Scream Tail|Booster Energy\n|-activate|p1b: Scream Tail|ability: Protosynthesis|[fromitem]\n|-start|p1b: Scream Tail|protosynthesisspe\n|turn|6\n|\n|t:|1683860187\n|-end|p2a: Great Tusk|Protosynthesis|[silent]\n|switch|p2a: Flutter Mane|Flutter Mane, L50, tera:Fairy|100\/100\n|move|p1b: Scream Tail|Disable|p2b: Torkoal\n|-start|p2b: Torkoal|Disable|Overheat\n|move|p1a: Scizor|Trailblaze|p2a: Flutter Mane\n|-damage|p2a: Flutter Mane|51\/100\n|-boost|p1a: Scizor|spe|1\n|cant|p2b: Torkoal|Disable|Overheat\n|\n|upkeep\n|turn|7\n|\n|t:|1683860201\n|move|p1a: Scizor|Bullet Punch|p2a: Flutter Mane\n|-supereffective|p2a: Flutter Mane\n|-damage|p2a: Flutter Mane|0 fnt\n|faint|p2a: Flutter Mane\n|-end|p2a: Flutter Mane|Protosynthesis|[silent]\n|move|p1b: Scream Tail|Dazzling Gleam|p2b: Torkoal\n|-resisted|p2b: Torkoal\n|-damage|p2b: Torkoal|91\/100\n|move|p2b: Torkoal|Earth Power|p1b: Scream Tail\n|-damage|p1b: Scream Tail|0 fnt\n|faint|p1b: Scream Tail\n|-end|p1b: Scream Tail|Protosynthesis|[silent]\n|\n|upkeep\n|\n|t:|1683860204\n|switch|p2a: Great Tusk|Great Tusk, L50|29\/100\n|turn|8\n|\n|t:|1683860214\n|move|p2a: Great Tusk|Headlong Rush|p1a: Scizor\n|-damage|p1a: Scizor|0 fnt\n|-unboost|p2a: Great Tusk|def|1\n|-unboost|p2a: Great Tusk|spd|1\n|faint|p1a: Scizor\n|\n|win|Nightmare_King_VGC\n|raw|Appleknight777's rating: 1600 → 1584<\/strong> (-16 for losing)\n|raw|Nightmare_King_VGC's rating: 1679 → 1695<\/strong> (+16 for winning)\n|l|\u2606Appleknight777\n","uploadtime":1683860230,"views":13,"p1id":"appleknight777","p2id":"nightmarekingvgc","formatid":"gen9vgc2023regulationc","rating":1584,"private":0,"password":""}