{"id":"gen9vgc2023regulationc-1857931509","p1":"JC0410","p2":"BatmanxD81","format":"[Gen 9] VGC 2023 Regulation C","log":"|j|\u2606JC0410\n|j|\u2606BatmanxD81\n|t:|1683248866\n|gametype|doubles\n|player|p1|JC0410|265|\n|player|p2|BatmanxD81|cynthia|\n|teamsize|p1|6\n|teamsize|p2|6\n|gen|9\n|tier|[Gen 9] VGC 2023 Regulation C\n|rule|Species Clause: Limit one of each Pok\u00e9mon\n|rule|Item Clause: Limit one of each item\n|clearpoke\n|poke|p1|Arcanine, L50, M|\n|poke|p1|Flutter Mane, L50|\n|poke|p1|Amoonguss, L50, M|\n|poke|p1|Palafin, L50, M|\n|poke|p1|Ting-Lu, L50|\n|poke|p1|Annihilape, L50, M|\n|poke|p2|Palafin, L50, M|\n|poke|p2|Amoonguss, L50, F|\n|poke|p2|Flutter Mane, L50|\n|poke|p2|Ting-Lu, L50|\n|poke|p2|Kingambit, L50, M|\n|poke|p2|Tauros-Paldea-Blaze, L50, M|\n|teampreview|4\n|c|\u2606BatmanxD81|G1\n|c|\u2606BatmanxD81|Te mando los otros games\n|c|\u2606BatmanxD81|Suerte!\n|inactive|Battle timer is ON: inactive players will automatically lose when time's up. (requested by BatmanxD81)\n|\n|t:|1683248972\n|start\n|switch|p1a: Flutter Mane|Flutter Mane, L50, shiny|100\/100\n|switch|p1b: Palafin|Palafin, L50, M, shiny|100\/100\n|switch|p2a: Deku|Palafin, L50, M, shiny|100\/100\n|switch|p2b: Kingambit|Kingambit, L50, M|100\/100\n|-enditem|p1a: Flutter Mane|Booster Energy\n|-activate|p1a: Flutter Mane|ability: Protosynthesis|[fromitem]\n|-start|p1a: Flutter Mane|protosynthesisspe\n|turn|1\n|\n|t:|1683248997\n|detailschange|p1b: Palafin|Palafin-Hero, L50, M, shiny\n|switch|p1b: Amoonguss|Amoonguss, L50, M, shiny|100\/100\n|detailschange|p2a: Deku|Palafin-Hero, L50, M, shiny\n|switch|p2a: Amoonguss|Amoonguss, L50, F|100\/100\n|move|p1a: Flutter Mane|Thunderbolt|p2a: Amoonguss\n|-resisted|p2a: Amoonguss\n|-damage|p2a: Amoonguss|88\/100\n|move|p2b: Kingambit|Kowtow Cleave|p1a: Flutter Mane\n|-damage|p1a: Flutter Mane|2\/100\n|\n|upkeep\n|turn|2\n|\n|t:|1683249017\n|move|p1a: Flutter Mane|Protect|p1a: Flutter Mane\n|-singleturn|p1a: Flutter Mane|Protect\n|move|p2b: Kingambit|Swords Dance|p2b: Kingambit\n|-boost|p2b: Kingambit|atk|2\n|move|p1b: Amoonguss|Spore|p2b: Kingambit\n|-status|p2b: Kingambit|slp|[from] move: Spore\n|-enditem|p2b: Kingambit|Lum Berry|[eat]\n|-curestatus|p2b: Kingambit|slp|[msg]\n|move|p2a: Amoonguss|Pollen Puff|p1a: Flutter Mane\n|-activate|p1a: Flutter Mane|move: Protect\n|\n|upkeep\n|turn|3\n|\n|t:|1683249032\n|move|p2b: Kingambit|Protect|p2b: Kingambit\n|-singleturn|p2b: Kingambit|Protect\n|move|p1a: Flutter Mane|Dazzling Gleam|p2a: Amoonguss|[spread] p2a\n|-activate|p2b: Kingambit|move: Protect\n|-resisted|p2a: Amoonguss\n|-damage|p2a: Amoonguss|75\/100\n|move|p1b: Amoonguss|Spore|p2b: Kingambit\n|-activate|p2b: Kingambit|move: Protect\n|move|p2a: Amoonguss|Pollen Puff|p1a: Flutter Mane\n|-resisted|p1a: Flutter Mane\n|-damage|p1a: Flutter Mane|0 fnt\n|faint|p1a: Flutter Mane\n|-end|p1a: Flutter Mane|Protosynthesis|[silent]\n|\n|upkeep\n|\n|t:|1683249046\n|switch|p1a: Palafin|Palafin-Hero, L50, M, shiny|100\/100\n|-activate|p1a: Palafin|ability: Zero to Hero\n|turn|4\n|\n|t:|1683249053\n|move|p1a: Palafin|Protect|p1a: Palafin\n|-singleturn|p1a: Palafin|Protect\n|move|p2a: Amoonguss|Rage Powder|p2a: Amoonguss\n|-singleturn|p2a: Amoonguss|move: Rage Powder\n|move|p2b: Kingambit|Kowtow Cleave|p1b: Amoonguss\n|-damage|p1b: Amoonguss|29\/100\n|-damage|p2b: Kingambit|84\/100|[from] item: Rocky Helmet|[of] p1b: Amoonguss\n|move|p1b: Amoonguss|Spore|p2b: Kingambit\n|-status|p2b: Kingambit|slp|[from] move: Spore\n|\n|upkeep\n|turn|5\n|\n|t:|1683249071\n|switch|p1b: Arcanine|Arcanine, L50, M, shiny|100\/100\n|-ability|p1b: Arcanine|Intimidate|boost\n|-unboost|p2a: Amoonguss|atk|1\n|-unboost|p2b: Kingambit|atk|1\n|-ability|p2b: Kingambit|Defiant|boost\n|-boost|p2b: Kingambit|atk|2\n|move|p1a: Palafin|Haze|p1a: Palafin\n|-clearallboost\n|cant|p2b: Kingambit|slp\n|move|p2a: Amoonguss|Spore|p1a: Palafin\n|-status|p1a: Palafin|slp|[from] move: Spore\n|\n|upkeep\n|turn|6\n|inactive|JC0410 has 30 seconds left.\n|\n|t:|1683249103\n|switch|p2a: Ting-Lu|Ting-Lu, L50|100\/100\n|-ability|p2a: Ting-Lu|Vessel of Ruin\n|-terastallize|p1b: Arcanine|Grass\n|-terastallize|p2b: Kingambit|Fire\n|cant|p1a: Palafin|slp\n|move|p1b: Arcanine|Flare Blitz|p2b: Kingambit\n|-resisted|p2b: Kingambit\n|-damage|p2b: Kingambit|67\/100 slp\n|-damage|p1b: Arcanine|94\/100|[from] Recoil\n|cant|p2b: Kingambit|slp\n|\n|upkeep\n|turn|7\n|inactive|BatmanxD81 has 30 seconds left.\n|\n|t:|1683249131\n|cant|p2b: Kingambit|slp\n|cant|p1a: Palafin|slp\n|move|p1b: Arcanine|Will-O-Wisp|p2a: Ting-Lu\n|-status|p2a: Ting-Lu|brn\n|move|p2a: Ting-Lu|Ruination|p1a: Palafin\n|-damage|p1a: Palafin|51\/100 slp\n|\n|-damage|p2a: Ting-Lu|95\/100 brn|[from] brn\n|upkeep\n|turn|8\n|\n|t:|1683249157\n|switch|p1b: Amoonguss|Amoonguss, L50, M, shiny|62\/100\n|switch|p2a: Amoonguss|Amoonguss, L50, F|100\/100\n|-curestatus|p1a: Palafin|slp|[msg]\n|move|p1a: Palafin|Wave Crash|p2b: Kingambit\n|-supereffective|p2b: Kingambit\n|-damage|p2b: Kingambit|0 fnt\n|faint|p2b: Kingambit\n|-damage|p1a: Palafin|27\/100|[from] Recoil\n|\n|upkeep\n|\n|t:|1683249168\n|switch|p2b: Deku|Palafin-Hero, L50, M, shiny|100\/100\n|-activate|p2b: Deku|ability: Zero to Hero\n|turn|9\n|\n|t:|1683249183\n|switch|p1a: Arcanine|Arcanine, L50, M, shiny, tera:Grass|94\/100\n|-ability|p1a: Arcanine|Intimidate|boost\n|-unboost|p2a: Amoonguss|atk|1\n|-unboost|p2b: Deku|atk|1\n|move|p2b: Deku|Wave Crash|p1b: Amoonguss\n|-resisted|p1b: Amoonguss\n|-damage|p1b: Amoonguss|37\/100\n|-damage|p2b: Deku|84\/100|[from] item: Rocky Helmet|[of] p1b: Amoonguss\n|-damage|p2b: Deku|75\/100|[from] Recoil\n|move|p1b: Amoonguss|Spore|p2b: Deku\n|-status|p2b: Deku|slp|[from] move: Spore\n|move|p2a: Amoonguss|Pollen Puff|p1b: Amoonguss\n|-damage|p1b: Amoonguss|20\/100\n|\n|upkeep\n|turn|10\n|inactive|JC0410 has 30 seconds left.\n|\n|t:|1683249209\n|switch|p2a: Ting-Lu|Ting-Lu, L50|95\/100 brn\n|-ability|p2a: Ting-Lu|Vessel of Ruin\n|move|p1b: Amoonguss|Protect|p1b: Amoonguss\n|-singleturn|p1b: Amoonguss|Protect\n|move|p1a: Arcanine|Tera Blast|p2b: Deku\n|-supereffective|p2b: Deku\n|-damage|p2b: Deku|13\/100 slp\n|cant|p2b: Deku|slp\n|\n|-damage|p2a: Ting-Lu|89\/100 brn|[from] brn\n|upkeep\n|turn|11\n|\n|t:|1683249225\n|switch|p1b: Palafin|Palafin-Hero, L50, M, shiny|27\/100\n|move|p1a: Arcanine|Extreme Speed|p2b: Deku\n|-damage|p2b: Deku|0 fnt\n|faint|p2b: Deku\n|move|p2a: Ting-Lu|Ruination|p1a: Arcanine\n|-damage|p1a: Arcanine|48\/100\n|-enditem|p1a: Arcanine|Sitrus Berry|[eat]\n|-heal|p1a: Arcanine|72\/100|[from] item: Sitrus Berry\n|\n|-damage|p2a: Ting-Lu|83\/100 brn|[from] brn\n|upkeep\n|\n|t:|1683249230\n|switch|p2b: Amoonguss|Amoonguss, L50, F|100\/100\n|turn|12\n|\n|t:|1683249245\n|switch|p1b: Amoonguss|Amoonguss, L50, M, shiny|53\/100\n|move|p1a: Arcanine|Flare Blitz|p2b: Amoonguss\n|-supereffective|p2b: Amoonguss\n|-damage|p2b: Amoonguss|10\/100\n|-enditem|p2b: Amoonguss|Sitrus Berry|[eat]\n|-heal|p2b: Amoonguss|35\/100|[from] item: Sitrus Berry\n|-damage|p1a: Arcanine|39\/100|[from] Recoil\n|move|p2a: Ting-Lu|Stomping Tantrum|p1b: Amoonguss\n|-damage|p1b: Amoonguss|39\/100\n|-damage|p2a: Ting-Lu|66\/100 brn|[from] item: Rocky Helmet|[of] p1b: Amoonguss\n|move|p2b: Amoonguss|Pollen Puff|p2a: Ting-Lu\n|-heal|p2a: Ting-Lu|100\/100 brn\n|\n|-damage|p2a: Ting-Lu|95\/100 brn|[from] brn\n|upkeep\n|turn|13\n|inactive|JC0410 has 30 seconds left.\n|\n|t:|1683249271\n|switch|p1a: Palafin|Palafin-Hero, L50, M, shiny|27\/100\n|move|p2b: Amoonguss|Protect|p2b: Amoonguss\n|-singleturn|p2b: Amoonguss|Protect\n|move|p1b: Amoonguss|Pollen Puff|p1a: Palafin\n|-heal|p1a: Palafin|77\/100\n|move|p2a: Ting-Lu|Stomping Tantrum|p1b: Amoonguss\n|-damage|p1b: Amoonguss|24\/100\n|-damage|p2a: Ting-Lu|78\/100 brn|[from] item: Rocky Helmet|[of] p1b: Amoonguss\n|\n|-damage|p2a: Ting-Lu|72\/100 brn|[from] brn\n|upkeep\n|turn|14\n|\n|t:|1683249296\n|move|p1a: Palafin|Wave Crash|p2a: Ting-Lu\n|-supereffective|p2a: Ting-Lu\n|-damage|p2a: Ting-Lu|0 fnt\n|faint|p2a: Ting-Lu\n|-damage|p1a: Palafin|45\/100|[from] Recoil\n|move|p1b: Amoonguss|Pollen Puff|p1a: Palafin\n|-heal|p1a: Palafin|95\/100\n|move|p2b: Amoonguss|Spore|p1a: Palafin\n|-status|p1a: Palafin|slp|[from] move: Spore\n|\n|upkeep\n|turn|15\n|-message|BatmanxD81 forfeited.\n|\n|win|JC0410\n|l|\u2606JC0410\n","uploadtime":1683249888,"views":12,"p1id":"jc0410","p2id":"batmanxd81","formatid":"gen9vgc2023regulationc","rating":0,"private":0,"password":""}