{"id":"gen9vgc2023regulationc-1856618455","p1":"Espanto4","p2":"diamondmon551","format":"[Gen 9] VGC 2023 Regulation C","log":"|j|\u2606Espanto4\n|j|\u2606diamondmon551\n|t:|1683083276\n|gametype|doubles\n|player|p1|Espanto4|red|1253\n|player|p2|diamondmon551|penny|1246\n|teamsize|p1|6\n|teamsize|p2|5\n|gen|9\n|tier|[Gen 9] VGC 2023 Regulation C\n|rated|\n|rule|Species Clause: Limit one of each Pok\u00e9mon\n|rule|Item Clause: Limit one of each item\n|clearpoke\n|poke|p1|Chien-Pao, L50|\n|poke|p1|Roaring Moon, L50|\n|poke|p1|Kingambit, L50, F|\n|poke|p1|Gyarados, L50, M|\n|poke|p1|Ting-Lu, L50|\n|poke|p1|Iron Moth, L50|\n|poke|p2|Chi-Yu, L50|\n|poke|p2|Gyarados, L50, F|\n|poke|p2|Flutter Mane, L50|\n|poke|p2|Iron Hands, L50|\n|poke|p2|Amoonguss, L50, M|\n|teampreview|4\n|inactive|Battle timer is ON: inactive players will automatically lose when time's up. (requested by diamondmon551)\n|inactive|Espanto4 has 60 seconds left.\n|\n|t:|1683083393\n|start\n|switch|p1a: Chien-Pao|Chien-Pao, L50|100\/100\n|switch|p1b: Kingambit|Kingambit, L50, F, shiny|100\/100\n|switch|p2a: Chi-Yu|Chi-Yu, L50|100\/100\n|switch|p2b: Gyarados|Gyarados, L50, F|100\/100\n|-ability|p1a: Chien-Pao|Sword of Ruin\n|-ability|p2a: Chi-Yu|Beads of Ruin\n|-ability|p2b: Gyarados|Intimidate|boost\n|-unboost|p1a: Chien-Pao|atk|1\n|-unboost|p1b: Kingambit|atk|1\n|-ability|p1b: Kingambit|Defiant|boost\n|-boost|p1b: Kingambit|atk|2\n|turn|1\n|inactive|Espanto4 has 30 seconds left.\n|inactive|diamondmon551 has 30 seconds left.\n|inactive|Espanto4 has 20 seconds left.\n|inactive|diamondmon551 has 20 seconds left.\n|inactive|Espanto4 has 15 seconds left.\n|inactive|diamondmon551 has 15 seconds left.\n|inactive|Espanto4 has 10 seconds left.\n|\n|t:|1683083442\n|switch|p1a: Ting-Lu|Ting-Lu, L50|100\/100\n|-ability|p1a: Ting-Lu|Vessel of Ruin\n|-terastallize|p1b: Kingambit|Ghost\n|move|p2a: Chi-Yu|Protect|p2a: Chi-Yu\n|-singleturn|p2a: Chi-Yu|Protect\n|move|p2b: Gyarados|Thunder Wave|p1a: Ting-Lu\n|-immune|p1a: Ting-Lu\n|move|p1b: Kingambit|Brick Break|p2a: Chi-Yu\n|-activate|p2a: Chi-Yu|move: Protect\n|\n|upkeep\n|turn|2\n|inactive|Espanto4 has 30 seconds left.\n|inactive|diamondmon551 has 30 seconds left.\n|inactive|Espanto4 has 20 seconds left.\n|inactive|diamondmon551 has 20 seconds left.\n|inactive|Espanto4 has 15 seconds left.\n|inactive|diamondmon551 has 15 seconds left.\n|inactive|Espanto4 has 10 seconds left.\n|inactive|diamondmon551 has 10 seconds left.\n|\n|t:|1683083488\n|switch|p2a: Flutter Mane|Flutter Mane, L50|100\/100\n|switch|p1b: Chien-Pao|Chien-Pao, L50|100\/100\n|-ability|p1b: Chien-Pao|Sword of Ruin\n|move|p2b: Gyarados|Waterfall|p1a: Ting-Lu\n|-supereffective|p1a: Ting-Lu\n|-damage|p1a: Ting-Lu|43\/100\n|move|p1a: Ting-Lu|Stomping Tantrum|p2a: Flutter Mane\n|-damage|p2a: Flutter Mane|14\/100\n|\n|upkeep\n|turn|3\n|inactive|Espanto4 has 30 seconds left.\n|\n|t:|1683083519\n|-end|p2a: Flutter Mane|Protosynthesis|[silent]\n|switch|p2a: Iron Hands|Iron Hands, L50|100\/100\n|move|p1b: Chien-Pao|Sucker Punch||[still]\n|-fail|p1b: Chien-Pao\n|move|p2b: Gyarados|Waterfall|p1a: Ting-Lu\n|-supereffective|p1a: Ting-Lu\n|-damage|p1a: Ting-Lu|0 fnt\n|faint|p1a: Ting-Lu\n|\n|upkeep\n|\n|t:|1683083529\n|switch|p1a: Roaring Moon|Roaring Moon, L50|100\/100\n|-enditem|p1a: Roaring Moon|Booster Energy\n|-activate|p1a: Roaring Moon|ability: Protosynthesis|[fromitem]\n|-start|p1a: Roaring Moon|protosynthesisatk\n|turn|4\n|\n|t:|1683083542\n|switch|p2b: Flutter Mane|Flutter Mane, L50|14\/100\n|move|p1b: Chien-Pao|Protect|p1b: Chien-Pao\n|-singleturn|p1b: Chien-Pao|Protect\n|move|p2a: Iron Hands|Fake Out|p1b: Chien-Pao\n|-activate|p1b: Chien-Pao|move: Protect\n|move|p1a: Roaring Moon|Tailwind|p1a: Roaring Moon\n|-sidestart|p1: Espanto4|move: Tailwind\n|\n|upkeep\n|turn|5\n|\n|t:|1683083565\n|move|p1b: Chien-Pao|Ice Spinner|p2b: Flutter Mane\n|-damage|p2b: Flutter Mane|0 fnt\n|faint|p2b: Flutter Mane\n|-end|p2b: Flutter Mane|Protosynthesis|[silent]\n|move|p1a: Roaring Moon|Acrobatics|p2a: Iron Hands\n|-damage|p2a: Iron Hands|53\/100\n|move|p2a: Iron Hands|Drain Punch|p1b: Chien-Pao\n|-supereffective|p1b: Chien-Pao\n|-enditem|p1b: Chien-Pao|Focus Sash\n|-damage|p1b: Chien-Pao|1\/100\n|-heal|p2a: Iron Hands|82\/100|[from] drain|[of] p1b: Chien-Pao\n|\n|upkeep\n|\n|t:|1683083576\n|switch|p2b: Gyarados|Gyarados, L50, F|100\/100\n|-ability|p2b: Gyarados|Intimidate|boost\n|-unboost|p1a: Roaring Moon|atk|1\n|-unboost|p1b: Chien-Pao|atk|1\n|turn|6\n|\n|t:|1683083598\n|move|p1b: Chien-Pao|Protect|p1b: Chien-Pao\n|-singleturn|p1b: Chien-Pao|Protect\n|move|p1a: Roaring Moon|Earthquake|p2b: Gyarados|[spread] p2a\n|-activate|p1b: Chien-Pao|move: Protect\n|-immune|p2b: Gyarados\n|-supereffective|p2a: Iron Hands\n|-damage|p2a: Iron Hands|43\/100\n|move|p2b: Gyarados|Waterfall|p1b: Chien-Pao\n|-activate|p1b: Chien-Pao|move: Protect\n|move|p2a: Iron Hands|Drain Punch|p1a: Roaring Moon\n|-supereffective|p1a: Roaring Moon\n|-damage|p1a: Roaring Moon|0 fnt\n|-heal|p2a: Iron Hands|78\/100|[from] drain|[of] p1a: Roaring Moon\n|faint|p1a: Roaring Moon\n|-end|p1a: Roaring Moon|Protosynthesis|[silent]\n|\n|upkeep\n|\n|t:|1683083612\n|switch|p1a: Kingambit|Kingambit, L50, F, shiny, tera:Ghost|100\/100\n|turn|7\n|inactive|Espanto4 has 30 seconds left.\n|inactive|diamondmon551 has 30 seconds left.\n|inactive|Espanto4 has 20 seconds left.\n|inactive|Espanto4 has 15 seconds left.\n|inactive|Espanto4 has 10 seconds left.\n|\n|t:|1683083662\n|move|p1b: Chien-Pao|Ice Spinner|p2a: Iron Hands\n|-damage|p2a: Iron Hands|55\/100\n|move|p1a: Kingambit|Brick Break|p2a: Iron Hands\n|-damage|p2a: Iron Hands|16\/100\n|move|p2b: Gyarados|Waterfall|p1b: Chien-Pao\n|-damage|p1b: Chien-Pao|0 fnt\n|faint|p1b: Chien-Pao\n|move|p2a: Iron Hands|Wild Charge|p1a: Kingambit\n|-damage|p1a: Kingambit|63\/100\n|-damage|p2a: Iron Hands|9\/100|[from] Recoil\n|\n|-sideend|p1: Espanto4|move: Tailwind\n|upkeep\n|turn|8\n|inactive|Espanto4 has 30 seconds left.\n|inactive|diamondmon551 has 30 seconds left.\n|inactive|diamondmon551 has 20 seconds left.\n|\n|t:|1683083702\n|move|p2b: Gyarados|Waterfall|p1a: Kingambit\n|-crit|p1a: Kingambit\n|-damage|p1a: Kingambit|12\/100\n|move|p1a: Kingambit|Brick Break|p2a: Iron Hands\n|-damage|p2a: Iron Hands|0 fnt\n|faint|p2a: Iron Hands\n|-end|p2a: Iron Hands|Quark Drive|[silent]\n|\n|upkeep\n|\n|t:|1683083707\n|switch|p2a: Chi-Yu|Chi-Yu, L50|100\/100\n|-ability|p2a: Chi-Yu|Beads of Ruin\n|turn|9\n|\n|t:|1683083712\n|move|p2a: Chi-Yu|Dark Pulse|p1a: Kingambit\n|-supereffective|p1a: Kingambit\n|-crit|p1a: Kingambit\n|-damage|p1a: Kingambit|0 fnt\n|faint|p1a: Kingambit\n|\n|win|diamondmon551\n|raw|Espanto4's rating: 1253 → 1227<\/strong> (-26 for losing)\n|raw|diamondmon551's rating: 1246 → 1272<\/strong> (+26 for winning)\n|l|\u2606Espanto4\n","uploadtime":1683083727,"views":7,"p1id":"espanto4","p2id":"diamondmon551","formatid":"gen9vgc2023regulationc","rating":1227,"private":0,"password":""}