{"id":"gen9vgc2023regulationc-1851500666","p1":"Fireboule","p2":"MissingNoL","format":"[Gen 9] VGC 2023 Regulation C","log":"|j|\u2606Fireboule\n|j|\u2606MissingNoL\n|t:|1682450347\n|gametype|doubles\n|player|p1|Fireboule|rocketgruntf|\n|player|p2|MissingNoL|lucas|\n|teamsize|p1|6\n|teamsize|p2|6\n|gen|9\n|tier|[Gen 9] VGC 2023 Regulation C\n|rule|Species Clause: Limit one of each Pok\u00e9mon\n|rule|Item Clause: Limit one of each item\n|clearpoke\n|poke|p1|Indeedee-F, L50, F|\n|poke|p1|Armarouge, L50, F|\n|poke|p1|Torkoal, L50, M|\n|poke|p1|Hatterene, L50, F|\n|poke|p1|Annihilape, L50, M|\n|poke|p1|Brute Bonnet, L50|\n|poke|p2|Palafin, L50, F|\n|poke|p2|Arcanine, L50, M|\n|poke|p2|Amoonguss, L50, M|\n|poke|p2|Flutter Mane, L50|\n|poke|p2|Ting-Lu, L50|\n|poke|p2|Baxcalibur, L50, M|\n|teampreview|4\n|c|\u2606MissingNoL|g1\nMissingNoL has agreed to open team sheets.\nFireboule has agreed to open team sheets.\n|c|\u2606MissingNoL|ready?\n|c|\u2606Fireboule|ready\n|\n|t:|1682450467\n|start\n|switch|p1a: Indeedee|Indeedee-F, L50, F|100\/100\n|switch|p1b: Armarouge|Armarouge, L50, F|100\/100\n|switch|p2a: Palafin|Palafin, L50, F|100\/100\n|switch|p2b: Arcanine|Arcanine, L50, M|100\/100\n|-ability|p2b: Arcanine|Intimidate|boost\n|-unboost|p1a: Indeedee|atk|1\n|-unboost|p1b: Armarouge|atk|1\n|-fieldstart|move: Psychic Terrain|[from] ability: Psychic Surge|[of] p1a: Indeedee\n|-enditem|p1a: Indeedee|Psychic Seed\n|-boost|p1a: Indeedee|spd|1|[from] item: Psychic Seed\n|turn|1\n|inactive|Battle timer is ON: inactive players will automatically lose when time's up. (requested by MissingNoL)\n|\n|t:|1682450488\n|move|p1a: Indeedee|Follow Me|p1a: Indeedee\n|-singleturn|p1a: Indeedee|move: Follow Me\n|move|p2b: Arcanine|Howl|p2b: Arcanine|[spread] p2a,p2b\n|-boost|p2a: Palafin|atk|1\n|-boost|p2b: Arcanine|atk|1\n|move|p2a: Palafin|Substitute|p2a: Palafin\n|-start|p2a: Palafin|Substitute\n|-damage|p2a: Palafin|75\/100\n|move|p1b: Armarouge|Trick Room|p1b: Armarouge\n|-fieldstart|move: Trick Room|[of] p1b: Armarouge\n|\n|upkeep\n|turn|2\n|inactive|Fireboule has 30 seconds left.\n|\n|t:|1682450517\n|move|p2a: Palafin|Protect|p2a: Palafin\n|-singleturn|p2a: Palafin|Protect\n|move|p2b: Arcanine|Protect|p2b: Arcanine\n|-singleturn|p2b: Arcanine|Protect\n|move|p1a: Indeedee|Follow Me|p1a: Indeedee\n|-singleturn|p1a: Indeedee|move: Follow Me\n|move|p1b: Armarouge|Expanding Force|p2b: Arcanine|[spread] \n|-activate|p2a: Palafin|move: Protect\n|-activate|p2b: Arcanine|move: Protect\n|\n|upkeep\n|turn|3\n|\n|t:|1682450530\n|switch|p2b: Ting-Lu|Ting-Lu, L50|100\/100\n|-ability|p2b: Ting-Lu|Vessel of Ruin\n|move|p1a: Indeedee|Follow Me|p1a: Indeedee\n|-singleturn|p1a: Indeedee|move: Follow Me\n|move|p1b: Armarouge|Expanding Force|p2b: Ting-Lu|[spread] p2a\n|-immune|p2b: Ting-Lu\n|-crit|p2a: Palafin\n|-end|p2a: Palafin|Substitute\n|-damage|p1b: Armarouge|91\/100|[from] item: Life Orb\n|move|p2a: Palafin|Substitute|p2a: Palafin\n|-start|p2a: Palafin|Substitute\n|-damage|p2a: Palafin|50\/100\n|\n|upkeep\n|turn|4\n|inactive|Fireboule has 30 seconds left.\n|inactive|MissingNoL has 30 seconds left.\n|\n|t:|1682450561\n|-terastallize|p1b: Armarouge|Grass\n|move|p2a: Palafin|Protect|p2a: Palafin\n|-singleturn|p2a: Palafin|Protect\n|move|p2b: Ting-Lu|Stomping Tantrum|p1b: Armarouge\n|-resisted|p1b: Armarouge\n|-damage|p1b: Armarouge|75\/100\n|move|p1b: Armarouge|Trick Room|p1b: Armarouge\n|-fieldend|move: Trick Room\n|move|p1a: Indeedee|Trick Room|p1a: Indeedee\n|-fieldstart|move: Trick Room|[of] p1a: Indeedee\n|\n|upkeep\n|turn|5\n|inactive|Fireboule has 30 seconds left.\n|\n|t:|1682450591\n|switch|p1a: Brute Bonnet|Brute Bonnet, L50|100\/100\n|move|p2b: Ting-Lu|Ruination|p1a: Brute Bonnet\n|-damage|p1a: Brute Bonnet|51\/100\n|move|p1b: Armarouge|Expanding Force|p2b: Ting-Lu|[spread] p2a\n|-immune|p2b: Ting-Lu\n|-end|p2a: Palafin|Substitute\n|-damage|p1b: Armarouge|66\/100|[from] item: Life Orb\n|move|p2a: Palafin|Substitute|p2a: Palafin\n|-start|p2a: Palafin|Substitute\n|-damage|p2a: Palafin|25\/100\n|\n|-fieldend|move: Psychic Terrain\n|upkeep\n|turn|6\n|\n|t:|1682450608\n|switch|p2b: Arcanine|Arcanine, L50, M|100\/100\n|-ability|p2b: Arcanine|Intimidate|boost\n|-unboost|p1a: Brute Bonnet|atk|1\n|-unboost|p1b: Armarouge|atk|1\n|move|p2a: Palafin|Protect|p2a: Palafin\n|-singleturn|p2a: Palafin|Protect\n|move|p1a: Brute Bonnet|Spore|p2b: Arcanine\n|-activate|p2b: Arcanine|item: Safety Goggles|Spore\n|move|p1b: Armarouge|Expanding Force|p2a: Palafin\n|-activate|p2a: Palafin|move: Protect\n|\n|upkeep\n|turn|7\n|inactive|MissingNoL has 30 seconds left.\n|\n|t:|1682450639\n|move|p1a: Brute Bonnet|Bullet Seed|p2a: Palafin\n|-supereffective|p2a: Palafin\n|-end|p2a: Palafin|Substitute\n|-supereffective|p2a: Palafin\n|-damage|p2a: Palafin|3\/100\n|-supereffective|p2a: Palafin\n|-damage|p2a: Palafin|0 fnt\n|faint|p2a: Palafin\n|-hitcount|p2: Palafin|3\n|move|p1b: Armarouge|Expanding Force|p2b: Arcanine\n|-damage|p2b: Arcanine|45\/100\n|-damage|p1b: Armarouge|56\/100|[from] item: Life Orb\n|move|p2b: Arcanine|Flare Blitz|p1a: Brute Bonnet\n|-supereffective|p1a: Brute Bonnet\n|-damage|p1a: Brute Bonnet|0 fnt\n|faint|p1a: Brute Bonnet\n|-end|p1a: Brute Bonnet|Protosynthesis|[silent]\n|-damage|p2b: Arcanine|27\/100|[from] Recoil\n|\n|upkeep\n|\n|t:|1682450653\n|switch|p1a: Indeedee|Indeedee-F, L50, F|100\/100\n|switch|p2a: Ting-Lu|Ting-Lu, L50|100\/100\n|-ability|p2a: Ting-Lu|Vessel of Ruin\n|-fieldstart|move: Psychic Terrain|[from] ability: Psychic Surge|[of] p1a: Indeedee\n|turn|8\n|inactive|MissingNoL has 30 seconds left.\n|inactive|MissingNoL has 20 seconds left.\n|\n|t:|1682450689\n|move|p2a: Ting-Lu|Stomping Tantrum|p1a: Indeedee\n|-damage|p1a: Indeedee|66\/100\n|move|p2b: Arcanine|Flare Blitz|p1a: Indeedee\n|-damage|p1a: Indeedee|25\/100\n|-damage|p2b: Arcanine|15\/100|[from] Recoil\n|move|p1b: Armarouge|Trick Room|p1b: Armarouge\n|-fieldend|move: Trick Room\n|move|p1a: Indeedee|Trick Room|p1a: Indeedee\n|-fieldstart|move: Trick Room|[of] p1a: Indeedee\n|\n|upkeep\n|turn|9\n|\n|t:|1682450711\n|move|p2b: Arcanine|Protect|p2b: Arcanine\n|-singleturn|p2b: Arcanine|Protect\n|move|p2a: Ting-Lu|Stomping Tantrum|p1a: Indeedee\n|-crit|p1a: Indeedee\n|-damage|p1a: Indeedee|0 fnt\n|faint|p1a: Indeedee\n|move|p1b: Armarouge|Heat Wave|p2b: Arcanine|[spread] p2a\n|-activate|p2b: Arcanine|move: Protect\n|-damage|p2a: Ting-Lu|83\/100\n|-damage|p1b: Armarouge|47\/100|[from] item: Life Orb\n|\n|upkeep\n|\n|t:|1682450721\n|switch|p1a: Torkoal|Torkoal, L50, M|100\/100\n|-weather|SunnyDay|[from] ability: Drought|[of] p1a: Torkoal\n|turn|10\n|\n|t:|1682450730\n|move|p2b: Arcanine|Protect||[still]\n|-fail|p2b: Arcanine\n|move|p1a: Torkoal|Eruption|p2b: Arcanine|[spread] p2a,p2b\n|-resisted|p2b: Arcanine\n|-damage|p2a: Ting-Lu|51\/100\n|-damage|p2b: Arcanine|0 fnt\n|faint|p2b: Arcanine\n|move|p2a: Ting-Lu|Stomping Tantrum|p1a: Torkoal\n|-supereffective|p1a: Torkoal\n|-crit|p1a: Torkoal\n|-damage|p1a: Torkoal|21\/100\n|move|p1b: Armarouge|Aura Sphere|p2a: Ting-Lu\n|-supereffective|p2a: Ting-Lu\n|-damage|p2a: Ting-Lu|26\/100\n|-damage|p1b: Armarouge|37\/100|[from] item: Life Orb\n|\n|-weather|SunnyDay|[upkeep]\n|upkeep\n|\n|t:|1682450742\n|switch|p2b: Baxcalibur|Baxcalibur, L50, M|100\/100\n|turn|11\n|inactive|Fireboule has 30 seconds left.\n|inactive|MissingNoL has 30 seconds left.\n|inactive|MissingNoL has 20 seconds left.\n|inactive|Fireboule has 20 seconds left.\n|inactive|MissingNoL has 15 seconds left.\n|inactive|MissingNoL has 10 seconds left.\n|\n|t:|1682450787\n|-terastallize|p2b: Baxcalibur|Poison\n|move|p1a: Torkoal|Flamethrower|p2a: Ting-Lu\n|-damage|p2a: Ting-Lu|2\/100\n|move|p2a: Ting-Lu|Stomping Tantrum|p1a: Torkoal\n|-supereffective|p1a: Torkoal\n|-damage|p1a: Torkoal|0 fnt\n|faint|p1a: Torkoal\n|move|p1b: Armarouge|Expanding Force|p2b: Baxcalibur|[spread] p2b\n|-immune|p2a: Ting-Lu\n|-supereffective|p2b: Baxcalibur\n|-damage|p2b: Baxcalibur|0 fnt\n|faint|p2b: Baxcalibur\n|-damage|p1b: Armarouge|27\/100|[from] item: Life Orb\n|\n|-weather|SunnyDay|[upkeep]\n|upkeep\n|turn|12\n|\n|t:|1682450805\n|move|p2a: Ting-Lu|Heavy Slam|p1b: Armarouge\n|-damage|p1b: Armarouge|0 fnt\n|faint|p1b: Armarouge\n|\n|win|MissingNoL\n|j| A Borygon\n","uploadtime":1682450821,"views":7,"p1id":"fireboule","p2id":"missingnol","formatid":"gen9vgc2023regulationc","rating":0,"private":0,"password":""}