{"id":"gen9vgc2023regulationc-1849986468","p1":"the hoe battle","p2":"Mast3rCruz","format":"[Gen 9] VGC 2023 Regulation C","log":"|j|\u2606the hoe battle\n|j|\u2606Mast3rCruz\n|t:|1682275234\n|gametype|doubles\n|player|p1|the hoe battle|winona|1121\n|player|p2|Mast3rCruz|dragontamer|1081\n|teamsize|p1|6\n|teamsize|p2|6\n|gen|9\n|tier|[Gen 9] VGC 2023 Regulation C\n|rated|\n|rule|Species Clause: Limit one of each Pok\u00e9mon\n|rule|Item Clause: Limit one of each item\n|clearpoke\n|poke|p1|Rotom-Heat, L50|\n|poke|p1|Garchomp, L50, M|\n|poke|p1|Amoonguss, L50, M|\n|poke|p1|Kingambit, L50, F|\n|poke|p1|Grimmsnarl, L50, M|\n|poke|p1|Chi-Yu, L50|\n|poke|p2|Iron Moth, L50|\n|poke|p2|Flutter Mane, L50|\n|poke|p2|Garchomp, L50, M|\n|poke|p2|Talonflame, L50, F|\n|poke|p2|Raichu, L50, M|\n|poke|p2|Gastrodon, L50, F|\n|teampreview|4\n|inactive|Battle timer is ON: inactive players will automatically lose when time's up. (requested by the hoe battle)\n|\n|t:|1682275278\n|start\n|switch|p1a: Grimmsnarl|Grimmsnarl, L50, M|100\/100\n|switch|p1b: Chi-Yu|Chi-Yu, L50|100\/100\n|switch|p2a: Raichu|Raichu, L50, M|100\/100\n|switch|p2b: Garchomp|Garchomp, L50, M|100\/100\n|-ability|p1b: Chi-Yu|Beads of Ruin\n|turn|1\n|inactive|Mast3rCruz has 30 seconds left.\n|inactive|Mast3rCruz has 20 seconds left.\n|\n|t:|1682275317\n|-terastallize|p2a: Raichu|Flying\n|move|p2a: Raichu|Fake Out|p1b: Chi-Yu\n|-damage|p1b: Chi-Yu|84\/100\n|-damage|p2a: Raichu|91\/100|[from] item: Life Orb\n|move|p1a: Grimmsnarl|Trick|p2b: Garchomp\n|-activate|p1a: Grimmsnarl|move: Trick|[of] p2b: Garchomp\n|-item|p2b: Garchomp|Flame Orb|[from] move: Trick\n|-item|p1a: Grimmsnarl|Choice Scarf|[from] move: Trick\n|cant|p1b: Chi-Yu|flinch\n|move|p2b: Garchomp|Earthquake|p1a: Grimmsnarl|[spread] p1a,p1b\n|-immune|p2a: Raichu\n|-supereffective|p1b: Chi-Yu\n|-damage|p1a: Grimmsnarl|53\/100\n|-damage|p1b: Chi-Yu|0 fnt\n|faint|p1b: Chi-Yu\n|\n|-status|p2b: Garchomp|brn|[from] item: Flame Orb\n|upkeep\n|\n|t:|1682275334\n|switch|p1b: Garchomp|Garchomp, L50, M|100\/100\n|turn|2\n|inactive|Mast3rCruz has 30 seconds left.\n|\n|t:|1682275363\n|move|p1a: Grimmsnarl|Trick|p2a: Raichu\n|-activate|p1a: Grimmsnarl|move: Trick|[of] p2a: Raichu\n|-item|p2a: Raichu|Choice Scarf|[from] move: Trick\n|-item|p1a: Grimmsnarl|Life Orb|[from] move: Trick\n|move|p2a: Raichu|Tera Blast|p1b: Garchomp\n|-damage|p1b: Garchomp|75\/100\n|move|p2b: Garchomp|Earthquake|p1a: Grimmsnarl|[spread] p1a,p1b\n|-immune|p2a: Raichu\n|-damage|p1a: Grimmsnarl|31\/100\n|-damage|p1b: Garchomp|60\/100\n|move|p1b: Garchomp|Substitute|p1b: Garchomp\n|-start|p1b: Garchomp|Substitute\n|-damage|p1b: Garchomp|35\/100\n|\n|-damage|p2b: Garchomp|95\/100 brn|[from] brn\n|upkeep\n|turn|3\n|\n|t:|1682275386\n|move|p2a: Raichu|Tera Blast|p1a: Grimmsnarl\n|-damage|p1a: Grimmsnarl|8\/100\n|move|p2b: Garchomp|Dragon Claw|p1b: Garchomp\n|-supereffective|p1b: Garchomp\n|-end|p1b: Garchomp|Substitute\n|move|p1b: Garchomp|Swords Dance|p1b: Garchomp\n|-boost|p1b: Garchomp|atk|2\n|move|p1a: Grimmsnarl|Spirit Break|p2a: Raichu\n|-damage|p2a: Raichu|10\/100\n|-unboost|p2a: Raichu|spa|1\n|-damage|p1a: Grimmsnarl|0 fnt|[from] item: Life Orb\n|faint|p1a: Grimmsnarl\n|\n|-damage|p2b: Garchomp|89\/100 brn|[from] brn\n|upkeep\n|\n|t:|1682275398\n|switch|p1a: Rotom|Rotom-Heat, L50|100\/100\n|turn|4\n|\n|t:|1682275411\n|move|p2a: Raichu|Tera Blast|p1b: Garchomp\n|-damage|p1b: Garchomp|14\/100\n|move|p2b: Garchomp|Dragon Claw|p1b: Garchomp\n|-supereffective|p1b: Garchomp\n|-damage|p1b: Garchomp|0 fnt\n|-damage|p2b: Garchomp|77\/100 brn|[from] ability: Rough Skin|[of] p1b: Garchomp\n|faint|p1b: Garchomp\n|move|p1a: Rotom|Discharge|p2b: Garchomp|[spread] \n|-ability|p2a: Raichu|Lightning Rod|boost\n|-boost|p2a: Raichu|spa|1\n|-immune|p2b: Garchomp\n|\n|-damage|p2b: Garchomp|71\/100 brn|[from] brn\n|upkeep\n|turn|5\n|-message|the hoe battle forfeited.\n|\n|win|Mast3rCruz\n|raw|the hoe battle's rating: 1121 → 1093<\/strong> (-28 for losing)\n|raw|Mast3rCruz's rating: 1081 → 1112<\/strong> (+31 for winning)\n|l|\u2606the hoe battle\n","uploadtime":1682275435,"views":4,"p1id":"thehoebattle","p2id":"mast3rcruz","formatid":"gen9vgc2023regulationc","rating":1093,"private":0,"password":""}