{"id":"gen9vgc2023regulationc-1862656334","p1":"rent_b0i","p2":"pupulovessixsheep","format":"[Gen 9] VGC 2023 Regulation C","log":"|j|\u2606rent_b0i\n|j|\u2606pupulovessixsheep\n|t:|1683909456\n|gametype|doubles\n|player|p1|rent_b0i|rood|1115\n|player|p2|pupulovessixsheep|169|1200\n|teamsize|p1|6\n|teamsize|p2|6\n|gen|9\n|tier|[Gen 9] VGC 2023 Regulation C\n|rated|\n|rule|Species Clause: Limit one of each Pok\u00e9mon\n|rule|Item Clause: Limit one of each item\n|clearpoke\n|poke|p1|Flutter Mane, L50|\n|poke|p1|Chi-Yu, L50|\n|poke|p1|Roaring Moon, L50|\n|poke|p1|Jumpluff, L50, F|\n|poke|p1|Wo-Chien, L50|\n|poke|p1|Torkoal, L50, F|\n|poke|p2|Talonflame, L50, M|\n|poke|p2|Chi-Yu, L50|\n|poke|p2|Flutter Mane, L50|\n|poke|p2|Amoonguss, L50, F|\n|poke|p2|Tyranitar, L50, F|\n|poke|p2|Houndstone, L50, M|\n|teampreview|4\n|inactive|Battle timer is ON: inactive players will automatically lose when time's up. (requested by pupulovessixsheep)\n|inactive|rent_b0i has 60 seconds left.\n|\n|t:|1683909491\n|start\n|switch|p1a: Jumpluff|Jumpluff, L50, F|100\/100\n|switch|p1b: Roaring Moon|Roaring Moon, L50|100\/100\n|switch|p2a: Talonflame|Talonflame, L50, M, shiny|100\/100\n|switch|p2b: Chi-Yu|Chi-Yu, L50|100\/100\n|-ability|p2b: Chi-Yu|Beads of Ruin\n|turn|1\n|\n|t:|1683909507\n|move|p1a: Jumpluff|Protect|p1a: Jumpluff\n|-singleturn|p1a: Jumpluff|Protect\n|move|p1b: Roaring Moon|Protect|p1b: Roaring Moon\n|-singleturn|p1b: Roaring Moon|Protect\n|move|p2a: Talonflame|Tailwind|p2a: Talonflame\n|-sidestart|p2: pupulovessixsheep|move: Tailwind\n|move|p2b: Chi-Yu|Heat Wave|p1b: Roaring Moon|[spread] \n|-activate|p1a: Jumpluff|move: Protect\n|-activate|p1b: Roaring Moon|move: Protect\n|\n|upkeep\n|turn|2\n|\n|t:|1683909526\n|move|p2a: Talonflame|Air Slash|p1b: Roaring Moon\n|-damage|p1b: Roaring Moon|69\/100\n|move|p2b: Chi-Yu|Heat Wave|p1b: Roaring Moon|[spread] p1a,p1b\n|-supereffective|p1a: Jumpluff\n|-resisted|p1b: Roaring Moon\n|-enditem|p1a: Jumpluff|Focus Sash\n|-damage|p1a: Jumpluff|1\/100\n|-damage|p1b: Roaring Moon|46\/100\n|-status|p1a: Jumpluff|brn\n|move|p1a: Jumpluff|Sleep Powder|p2b: Chi-Yu\n|-status|p2b: Chi-Yu|slp|[from] move: Sleep Powder\n|move|p1b: Roaring Moon|Rock Slide|p2b: Chi-Yu|[spread] p2a,p2b\n|-supereffective|p2a: Talonflame\n|-supereffective|p2b: Chi-Yu\n|-enditem|p2a: Talonflame|Focus Sash\n|-damage|p2a: Talonflame|1\/100\n|-damage|p2b: Chi-Yu|24\/100 slp\n|\n|-damage|p1a: Jumpluff|0 fnt|[from] brn\n|faint|p1a: Jumpluff\n|upkeep\n|\n|t:|1683909549\n|switch|p1a: Flutter Mane|Flutter Mane, L50|100\/100\n|turn|3\n|\n|t:|1683909558\n|move|p1b: Roaring Moon|Protect|p1b: Roaring Moon\n|-singleturn|p1b: Roaring Moon|Protect\n|cant|p2b: Chi-Yu|slp\n|move|p2a: Talonflame|Overheat|p1a: Flutter Mane\n|-damage|p1a: Flutter Mane|45\/100\n|-unboost|p2a: Talonflame|spa|2\n|move|p1a: Flutter Mane|Trick Room|p1a: Flutter Mane\n|-fieldstart|move: Trick Room|[of] p1a: Flutter Mane\n|\n|upkeep\n|turn|4\n|\n|t:|1683909574\n|move|p1a: Flutter Mane|Dazzling Gleam|p2b: Chi-Yu|[spread] p2a,p2b\n|-resisted|p2a: Talonflame\n|-damage|p2a: Talonflame|0 fnt\n|-damage|p2b: Chi-Yu|0 fnt\n|faint|p2a: Talonflame\n|faint|p2b: Chi-Yu\n|move|p1b: Roaring Moon|Rock Slide|p2: Talonflame|[notarget]\n|-fail|p1b: Roaring Moon\n|\n|-sideend|p2: pupulovessixsheep|move: Tailwind\n|upkeep\n|\n|t:|1683909583\n|switch|p2b: Flutter Mane|Flutter Mane, L50|100\/100\n|switch|p2a: Tyranitar|Tyranitar, L50, F, shiny|100\/100\n|-weather|Sandstorm|[from] ability: Sand Stream|[of] p2a: Tyranitar\n|-enditem|p2b: Flutter Mane|Booster Energy\n|-activate|p2b: Flutter Mane|ability: Protosynthesis|[fromitem]\n|-start|p2b: Flutter Mane|protosynthesisspa\n|turn|5\n|\n|t:|1683909599\n|-end|p1a: Flutter Mane|Protosynthesis|[silent]\n|switch|p1a: Torkoal|Torkoal, L50, F|100\/100\n|-weather|SunnyDay|[from] ability: Drought|[of] p1a: Torkoal\n|-activate|p1b: Roaring Moon|ability: Protosynthesis\n|-start|p1b: Roaring Moon|protosynthesisatk\n|move|p2a: Tyranitar|Rock Slide|p1a: Torkoal|[spread] p1b\n|-miss|p2a: Tyranitar|p1a: Torkoal\n|-damage|p1b: Roaring Moon|13\/100\n|move|p1b: Roaring Moon|Rock Slide|p2b: Flutter Mane|[spread] p2a,p2b\n|-damage|p2a: Tyranitar|77\/100\n|-damage|p2b: Flutter Mane|42\/100\n|move|p2b: Flutter Mane|Dazzling Gleam|p1b: Roaring Moon|[spread] p1a,p1b\n|-resisted|p1a: Torkoal\n|-supereffective|p1b: Roaring Moon\n|-damage|p1a: Torkoal|69\/100\n|-damage|p1b: Roaring Moon|0 fnt\n|faint|p1b: Roaring Moon\n|-end|p1b: Roaring Moon|Protosynthesis|[silent]\n|\n|-weather|SunnyDay|[upkeep]\n|upkeep\n|\n|t:|1683909618\n|switch|p1b: Flutter Mane|Flutter Mane, L50|45\/100\n|-activate|p1b: Flutter Mane|ability: Protosynthesis\n|-start|p1b: Flutter Mane|protosynthesisspa\n|turn|6\n|\n|t:|1683909626\n|-terastallize|p1a: Torkoal|Fire\n|-terastallize|p2a: Tyranitar|Fire\n|move|p2b: Flutter Mane|Protect|p2b: Flutter Mane\n|-singleturn|p2b: Flutter Mane|Protect\n|move|p1a: Torkoal|Heat Wave|p2a: Tyranitar|[spread] p2a\n|-activate|p2b: Flutter Mane|move: Protect\n|-resisted|p2a: Tyranitar\n|-damage|p2a: Tyranitar|30\/100\n|move|p1b: Flutter Mane|Dazzling Gleam|p2a: Tyranitar|[spread] p2a\n|-activate|p2b: Flutter Mane|move: Protect\n|-resisted|p2a: Tyranitar\n|-crit|p2a: Tyranitar\n|-damage|p2a: Tyranitar|6\/100\n|move|p2a: Tyranitar|Fire Punch|p1b: Flutter Mane\n|-damage|p1b: Flutter Mane|0 fnt\n|faint|p1b: Flutter Mane\n|-end|p1b: Flutter Mane|Protosynthesis|[silent]\n|\n|-weather|SunnyDay|[upkeep]\n|upkeep\n|turn|7\n|\n|t:|1683909648\n|move|p2a: Tyranitar|Protect|p2a: Tyranitar\n|-singleturn|p2a: Tyranitar|Protect\n|move|p2b: Flutter Mane|Protect|p2b: Flutter Mane\n|-singleturn|p2b: Flutter Mane|Protect\n|move|p1a: Torkoal|Heat Wave|p2a: Tyranitar|[spread] \n|-activate|p2a: Tyranitar|move: Protect\n|-activate|p2b: Flutter Mane|move: Protect\n|\n|-weather|SunnyDay|[upkeep]\n|-fieldend|move: Trick Room\n|upkeep\n|turn|8\n|\n|t:|1683909661\n|move|p2b: Flutter Mane|Shadow Ball|p1a: Torkoal\n|-damage|p1a: Torkoal|0 fnt\n|faint|p1a: Torkoal\n|\n|win|pupulovessixsheep\n|raw|rent_b0i's rating: 1115 → 1096<\/strong> (-19 for losing)\n|raw|pupulovessixsheep's rating: 1200 → 1219<\/strong> (+19 for winning)\n","uploadtime":1683909669,"views":8,"p1id":"rentb0i","p2id":"pupulovessixsheep","formatid":"gen9vgc2023regulationc","rating":1096,"private":0,"password":""}