{"id":"gen9vgc2023regulationc-1847019192","p1":"dreamswgh","p2":"TypicalAndyy","format":"[Gen 9] VGC 2023 Regulation C","log":"|j|\u2606dreamswgh\n|j|\u2606TypicalAndyy\n|t:|1681912222\n|gametype|doubles\n|player|p1|dreamswgh|nate|1359\n|player|p2|TypicalAndyy|102|1384\n|teamsize|p1|6\n|teamsize|p2|6\n|gen|9\n|tier|[Gen 9] VGC 2023 Regulation C\n|rated|\n|rule|Species Clause: Limit one of each Pok\u00e9mon\n|rule|Item Clause: Limit one of each item\n|clearpoke\n|poke|p1|Torkoal, L50, F|\n|poke|p1|Flutter Mane, L50|\n|poke|p1|Indeedee-F, L50, F|\n|poke|p1|Hatterene, L50, F|\n|poke|p1|Corviknight, L50, M|\n|poke|p1|Mudsdale, L50, F|\n|poke|p2|Dragapult, L50, M|\n|poke|p2|Glimmora, L50, M|\n|poke|p2|Chien-Pao, L50|\n|poke|p2|Iron Hands, L50|\n|poke|p2|Tinkaton, L50, F|\n|poke|p2|Gastrodon-East, L50, F|\n|teampreview|4\n|inactive|Battle timer is ON: inactive players will automatically lose when time's up. (requested by TypicalAndyy)\n|inactive|dreamswgh has 60 seconds left.\n|j| EstoyFuerisimaVGC\n|l| EstoyFuerisimaVGC\ndreamswgh has agreed to open team sheets.\n|inactive|dreamswgh has 30 seconds left.\n|\n|t:|1681912295\n|start\n|switch|p1a: Nevada|Indeedee-F, L50, F|100\/100\n|switch|p1b: Okalahoma|Corviknight, L50, M|100\/100\n|switch|p2a: Dragapult|Dragapult, L50, M, shiny|100\/100\n|switch|p2b: Chien-Pao|Chien-Pao, L50|100\/100\n|-ability|p2b: Chien-Pao|Sword of Ruin\n|-fieldstart|move: Psychic Terrain|[from] ability: Psychic Surge|[of] p1a: Nevada\n|-enditem|p1a: Nevada|Psychic Seed\n|-boost|p1a: Nevada|spd|1|[from] item: Psychic Seed\n|turn|1\n|inactive|TypicalAndyy has 30 seconds left.\n|\n|t:|1681912326\n|-terastallize|p2a: Dragapult|Fire\n|move|p2a: Dragapult|Tera Blast|p1b: Okalahoma\n|-supereffective|p1b: Okalahoma\n|-damage|p1b: Okalahoma|0 fnt\n|faint|p1b: Okalahoma\n|move|p2b: Chien-Pao|Ice Spinner|p1a: Nevada\n|-damage|p1a: Nevada|51\/100\n|-fieldend|move: Psychic Terrain\n|move|p1a: Nevada|Trick Room|p1a: Nevada\n|-fieldstart|move: Trick Room|[of] p1a: Nevada\n|\n|upkeep\n|\n|t:|1681912336\n|switch|p1b: Texas|Mudsdale, L50, F|100\/100\n|turn|2\n|\n|t:|1681912360\n|switch|p2a: Gastrodon|Gastrodon-East, L50, F, shiny|100\/100\n|move|p2b: Chien-Pao|Sucker Punch|p1a: Nevada\n|-supereffective|p1a: Nevada\n|-damage|p1a: Nevada|0 fnt\n|faint|p1a: Nevada\n|move|p1b: Texas|Earthquake|p2b: Chien-Pao|[spread] p2a,p2b\n|-damage|p2a: Gastrodon|53\/100\n|-damage|p2b: Chien-Pao|48\/100\n|\n|-heal|p2a: Gastrodon|59\/100|[from] item: Leftovers\n|upkeep\n|\n|t:|1681912369\n|switch|p1a: Utah|Flutter Mane, L50|100\/100\n|turn|3\n|\n|t:|1681912386\n|move|p1a: Utah|Protect|p1a: Utah\n|-singleturn|p1a: Utah|Protect\n|move|p2b: Chien-Pao|Protect|p2b: Chien-Pao\n|-singleturn|p2b: Chien-Pao|Protect\n|move|p1b: Texas|Earthquake|p2a: Gastrodon|[spread] p2a\n|-activate|p1a: Utah|move: Protect\n|-activate|p2b: Chien-Pao|move: Protect\n|-damage|p2a: Gastrodon|9\/100\n|move|p2a: Gastrodon|Recover|p2a: Gastrodon\n|-heal|p2a: Gastrodon|59\/100\n|\n|-heal|p2a: Gastrodon|65\/100|[from] item: Leftovers\n|upkeep\n|turn|4\n|\n|t:|1681912411\n|move|p2a: Gastrodon|Protect|p2a: Gastrodon\n|-singleturn|p2a: Gastrodon|Protect\n|move|p2b: Chien-Pao|Sucker Punch||[still]\n|-fail|p2b: Chien-Pao\n|move|p1b: Texas|Rock Slide|p2a: Gastrodon|[spread] p2b\n|-activate|p2a: Gastrodon|move: Protect\n|-supereffective|p2b: Chien-Pao\n|-damage|p2b: Chien-Pao|0 fnt\n|faint|p2b: Chien-Pao\n|move|p1a: Utah|Substitute|p1a: Utah\n|-start|p1a: Utah|Substitute\n|-damage|p1a: Utah|76\/100\n|\n|-heal|p2a: Gastrodon|72\/100|[from] item: Leftovers\n|upkeep\n|\n|t:|1681912426\n|switch|p2b: Iron Hands|Iron Hands, L50|100\/100\n|turn|5\n|\n|t:|1681912448\n|-terastallize|p1a: Utah|Fairy\n|move|p1b: Texas|Stomping Tantrum|p2a: Gastrodon\n|-damage|p2a: Gastrodon|30\/100\n|move|p2a: Gastrodon|Muddy Water|p1a: Utah|[spread] \n|-miss|p2a: Gastrodon|p1a: Utah\n|-miss|p2a: Gastrodon|p1b: Texas\n|move|p2b: Iron Hands|Wild Charge|p1a: Utah\n|-end|p1a: Utah|Substitute\n|-damage|p2b: Iron Hands|97\/100|[from] Recoil|[of] p1a: Utah\n|move|p1a: Utah|Dazzling Gleam|p2b: Iron Hands|[spread] p2a,p2b\n|-supereffective|p2b: Iron Hands\n|-damage|p2a: Gastrodon|0 fnt\n|-damage|p2b: Iron Hands|52\/100\n|faint|p2a: Gastrodon\n|\n|-fieldend|move: Trick Room\n|upkeep\n|\n|t:|1681912456\n|switch|p2a: Dragapult|Dragapult, L50, M, shiny, tera:Fire|100\/100\n|turn|6\n|\n|t:|1681912471\n|move|p1a: Utah|Protect|p1a: Utah\n|-singleturn|p1a: Utah|Protect\n|move|p2a: Dragapult|Phantom Force||[still]\n|-prepare|p2a: Dragapult|Phantom Force\n|move|p2b: Iron Hands|Drain Punch|p1b: Texas\n|-damage|p1b: Texas|51\/100\n|-heal|p2b: Iron Hands|70\/100|[from] drain|[of] p1b: Texas\n|move|p1b: Texas|Earthquake|p2b: Iron Hands|[spread] p2b\n|-miss|p1b: Texas|p2a: Dragapult\n|-activate|p1a: Utah|move: Protect\n|-supereffective|p2b: Iron Hands\n|-damage|p2b: Iron Hands|14\/100\n|\n|upkeep\n|turn|7\n|\n|t:|1681912493\n|move|p2a: Dragapult|Phantom Force|p1a: Utah|[from]lockedmove\n|-damage|p1a: Utah|0 fnt\n|faint|p1a: Utah\n|-end|p1a: Utah|Protosynthesis|[silent]\n|move|p2b: Iron Hands|Drain Punch|p1b: Texas\n|-damage|p1b: Texas|8\/100\n|-heal|p2b: Iron Hands|30\/100|[from] drain|[of] p1b: Texas\n|move|p1b: Texas|Stomping Tantrum|p2a: Dragapult\n|-supereffective|p2a: Dragapult\n|-damage|p2a: Dragapult|0 fnt\n|faint|p2a: Dragapult\n|\n|upkeep\n|turn|8\n|c|\u2606TypicalAndyy|gg\n|\n|t:|1681912506\n|move|p2b: Iron Hands|Drain Punch|p1b: Texas\n|-damage|p1b: Texas|0 fnt\n|-heal|p2b: Iron Hands|32\/100|[from] drain|[of] p1b: Texas\n|faint|p1b: Texas\n|\n|win|TypicalAndyy\n|raw|dreamswgh's rating: 1359 → 1340<\/strong> (-19 for losing)\n|raw|TypicalAndyy's rating: 1384 → 1403<\/strong> (+19 for winning)\n|c|\u2606dreamswgh|gg\n|l|\u2606TypicalAndyy\n","uploadtime":1681912542,"views":9,"p1id":"dreamswgh","p2id":"typicalandyy","formatid":"gen9vgc2023regulationc","rating":1340,"private":0,"password":""}