{"id":"gen9vgc2023regulationc-1855174605","p1":"Emberbloom","p2":"JaviNJO","format":"[Gen 9] VGC 2023 Regulation C","log":"|j|\u2606Emberbloom\n|j|\u2606JaviNJO\n|t:|1682910562\n|gametype|doubles\n|player|p1|Emberbloom|flannery|1339\n|player|p2|JaviNJO|ethan|1399\n|teamsize|p1|6\n|teamsize|p2|6\n|gen|9\n|tier|[Gen 9] VGC 2023 Regulation C\n|rated|\n|rule|Species Clause: Limit one of each Pok\u00e9mon\n|rule|Item Clause: Limit one of each item\n|clearpoke\n|poke|p1|Corviknight, L50, F|\n|poke|p1|Tyranitar, L50, F|\n|poke|p1|Garchomp, L50, M|\n|poke|p1|Amoonguss, L50, F|\n|poke|p1|Arcanine, L50, M|\n|poke|p1|Iron Bundle, L50|\n|poke|p2|Amoonguss, L50, M|\n|poke|p2|Gastrodon-East, L50, M|\n|poke|p2|Annihilape, L50, M|\n|poke|p2|Dragonite, L50, M|\n|poke|p2|Arcanine, L50, M|\n|poke|p2|Tyranitar, L50, M|\n|teampreview|4\nJaviNJO rejected open team sheets.\n|inactive|Battle timer is ON: inactive players will automatically lose when time's up. (requested by Emberbloom)\n|\n|t:|1682910615\n|start\n|switch|p1a: Corviknight|Corviknight, L50, F, shiny|100\/100\n|switch|p1b: Garchomp|Garchomp, L50, M|100\/100\n|switch|p2a: Gastrodon|Gastrodon-East, L50, M|100\/100\n|switch|p2b: Amoonguss|Amoonguss, L50, M|100\/100\n|turn|1\n|\n|t:|1682910633\n|-terastallize|p1b: Garchomp|Fire\n|move|p1b: Garchomp|Tera Blast|p2b: Amoonguss\n|-supereffective|p2b: Amoonguss\n|-damage|p2b: Amoonguss|26\/100\n|-enditem|p2b: Amoonguss|Sitrus Berry|[eat]\n|-heal|p2b: Amoonguss|51\/100|[from] item: Sitrus Berry\n|move|p1a: Corviknight|Brave Bird|p2b: Amoonguss\n|-supereffective|p2b: Amoonguss\n|-damage|p2b: Amoonguss|0 fnt\n|faint|p2b: Amoonguss\n|-damage|p1a: Corviknight|83\/100|[from] Recoil\n|move|p2a: Gastrodon|Ice Beam|p1b: Garchomp\n|-resisted|p1b: Garchomp\n|-damage|p1b: Garchomp|89\/100\n|\n|upkeep\n|\n|t:|1682910648\n|switch|p2b: Tyranitar|Tyranitar, L50, M|100\/100\n|-weather|Sandstorm|[from] ability: Sand Stream|[of] p2b: Tyranitar\n|turn|2\n|\n|t:|1682910665\n|-terastallize|p2b: Tyranitar|Flying\n|move|p1b: Garchomp|Earthquake|p2a: Gastrodon|[spread] p2a\n|-immune|p1a: Corviknight\n|-immune|p2b: Tyranitar\n|-damage|p2a: Gastrodon|66\/100\n|move|p1a: Corviknight|Iron Head|p2b: Tyranitar\n|-damage|p2b: Tyranitar|80\/100\n|move|p2b: Tyranitar|Power Gem|p1a: Corviknight\n|-damage|p1a: Corviknight|51\/100\n|move|p2a: Gastrodon|Muddy Water|p1b: Garchomp|[spread] p1a\n|-miss|p2a: Gastrodon|p1b: Garchomp\n|-damage|p1a: Corviknight|31\/100\n|\n|-weather|Sandstorm|[upkeep]\n|-damage|p2b: Tyranitar|74\/100|[from] Sandstorm\n|upkeep\n|turn|3\n|inactive|JaviNJO has 30 seconds left.\n|\n|t:|1682910691\n|move|p1b: Garchomp|Rock Slide|p2b: Tyranitar|[spread] p2a,p2b\n|-resisted|p2a: Gastrodon\n|-supereffective|p2b: Tyranitar\n|-damage|p2a: Gastrodon|57\/100\n|-damage|p2b: Tyranitar|39\/100\n|move|p1a: Corviknight|Tailwind|p1a: Corviknight\n|-sidestart|p1: Emberbloom|move: Tailwind\n|move|p2b: Tyranitar|Power Gem|p1b: Garchomp\n|-supereffective|p1b: Garchomp\n|-damage|p1b: Garchomp|15\/100\n|move|p2a: Gastrodon|Muddy Water|p1b: Garchomp|[spread] p1a,p1b\n|-supereffective|p1b: Garchomp\n|-damage|p1a: Corviknight|8\/100\n|-damage|p1b: Garchomp|0 fnt\n|faint|p1b: Garchomp\n|\n|-weather|Sandstorm|[upkeep]\n|-damage|p2b: Tyranitar|33\/100|[from] Sandstorm\n|upkeep\n|\n|t:|1682910702\n|switch|p1b: Iron Bundle|Iron Bundle, L50|100\/100\n|-enditem|p1b: Iron Bundle|Booster Energy\n|-activate|p1b: Iron Bundle|ability: Quark Drive|[fromitem]\n|-start|p1b: Iron Bundle|quarkdrivespe\n|turn|4\n|\n|t:|1682910717\n|move|p2a: Gastrodon|Protect|p2a: Gastrodon\n|-singleturn|p2a: Gastrodon|Protect\n|move|p1b: Iron Bundle|Freeze-Dry|p2a: Gastrodon\n|-activate|p2a: Gastrodon|move: Protect\n|move|p1a: Corviknight|Brave Bird|p2b: Tyranitar\n|-damage|p2b: Tyranitar|3\/100\n|-damage|p1a: Corviknight|0 fnt|[from] Recoil\n|faint|p1a: Corviknight\n|move|p2b: Tyranitar|Power Gem|p1b: Iron Bundle\n|-supereffective|p1b: Iron Bundle\n|-damage|p1b: Iron Bundle|0 fnt\n|faint|p1b: Iron Bundle\n|-end|p1b: Iron Bundle|Quark Drive|[silent]\n|\n|-weather|Sandstorm|[upkeep]\n|-damage|p2b: Tyranitar|0 fnt|[from] Sandstorm\n|faint|p2b: Tyranitar\n|upkeep\n|\n|t:|1682910732\n|switch|p1b: Tyranitar|Tyranitar, L50, F, shiny|100\/100\n|switch|p2b: Annihilape|Annihilape, L50, M|100\/100\n|turn|5\n|\n|t:|1682910739\n|move|p1b: Tyranitar|Rock Slide|p2b: Annihilape|[spread] p2a,p2b\n|-resisted|p2a: Gastrodon\n|-resisted|p2b: Annihilape\n|-damage|p2a: Gastrodon|43\/100\n|-damage|p2b: Annihilape|86\/100\n|move|p2b: Annihilape|Drain Punch|p1b: Tyranitar\n|-supereffective|p1b: Tyranitar\n|-damage|p1b: Tyranitar|0 fnt\n|-heal|p2b: Annihilape|100\/100|[from] drain|[of] p1b: Tyranitar\n|faint|p1b: Tyranitar\n|\n|win|JaviNJO\n|raw|Emberbloom's rating: 1339 → 1322<\/strong> (-17 for losing)\n|raw|JaviNJO's rating: 1399 → 1416<\/strong> (+17 for winning)\n","uploadtime":1682910744,"views":22,"p1id":"emberbloom","p2id":"javinjo","formatid":"gen9vgc2023regulationc","rating":1322,"private":0,"password":""}