{"id":"gen9vgc2023regulationc-1861630869","p1":"kirans","p2":"gomashots","format":"[Gen 9] VGC 2023 Regulation C","log":"|j|\u2606kirans\n|j|\u203dgomashots\n|t:|1683784743\n|gametype|doubles\n|player|p1|kirans|rood|1645\n|player|p2|gomashots|cynthia|1676\n|teamsize|p1|6\n|teamsize|p2|6\n|gen|9\n|tier|[Gen 9] VGC 2023 Regulation C\n|rated|\n|rule|Species Clause: Limit one of each Pok\u00e9mon\n|rule|Item Clause: Limit one of each item\n|clearpoke\n|poke|p1|Flutter Mane, L50|\n|poke|p1|Ting-Lu, L50|\n|poke|p1|Roaring Moon, L50|\n|poke|p1|Arcanine, L50, M|\n|poke|p1|Iron Bundle, L50|\n|poke|p1|Amoonguss, L50, F|\n|poke|p2|Dondozo, L50, M|\n|poke|p2|Glimmora, L50, F|\n|poke|p2|Dragonite, L50, F|\n|poke|p2|Chi-Yu, L50|\n|poke|p2|Flutter Mane, L50|\n|poke|p2|Chien-Pao, L50|\n|teampreview|4\n|j| merah merona\n|inactive|Battle timer is ON: inactive players will automatically lose when time's up. (requested by kirans)\n|j| AsianSeaTurtle\n|\n|t:|1683784780\n|start\n|switch|p1a: Flutter Mane|Flutter Mane, L50|100\/100\n|switch|p1b: Arcanine|Arcanine, L50, M|100\/100\n|switch|p2a: Dondozo|Dondozo, L50, M|100\/100\n|switch|p2b: Glimmora|Glimmora, L50, F|100\/100\n|-ability|p1b: Arcanine|Intimidate|boost\n|-unboost|p2a: Dondozo|atk|1\n|-unboost|p2b: Glimmora|atk|1\n|turn|1\n|\n|t:|1683784802\n|switch|p1b: Iron Bundle|Iron Bundle, L50|100\/100\n|move|p2b: Glimmora|Spiky Shield|p2b: Glimmora\n|-singleturn|p2b: Glimmora|move: Protect\n|move|p1a: Flutter Mane|Thunderbolt|p2a: Dondozo\n|-supereffective|p2a: Dondozo\n|-damage|p2a: Dondozo|41\/100\n|-status|p2a: Dondozo|par\n|-enditem|p2a: Dondozo|Sitrus Berry|[eat]\n|-heal|p2a: Dondozo|66\/100 par|[from] item: Sitrus Berry\n|move|p2a: Dondozo|Yawn|p1a: Flutter Mane\n|-start|p1a: Flutter Mane|move: Yawn|[of] p2a: Dondozo\n|\n|upkeep\n|turn|2\n|inactive|kirans has 30 seconds left.\n|\n|t:|1683784827\n|move|p1b: Iron Bundle|Hydro Pump|p2b: Glimmora|[miss]\n|-miss|p1b: Iron Bundle|p2b: Glimmora\n|move|p1a: Flutter Mane|Thunderbolt|p2b: Glimmora\n|-damage|p2b: Glimmora|41\/100\n|move|p2b: Glimmora|Power Gem|p1b: Iron Bundle\n|-supereffective|p1b: Iron Bundle\n|-enditem|p1b: Iron Bundle|Focus Sash\n|-damage|p1b: Iron Bundle|1\/100\n|move|p2a: Dondozo|Yawn|p1b: Iron Bundle\n|-start|p1b: Iron Bundle|move: Yawn|[of] p2a: Dondozo\n|\n|-end|p1a: Flutter Mane|move: Yawn|[silent]\n|-status|p1a: Flutter Mane|slp\n|upkeep\n|turn|3\n|\n|t:|1683784852\n|-end|p1b: Iron Bundle|Quark Drive|[silent]\n|switch|p1b: Arcanine|Arcanine, L50, M|100\/100\n|-ability|p1b: Arcanine|Intimidate|boost\n|-unboost|p2a: Dondozo|atk|1\n|-unboost|p2b: Glimmora|atk|1\n|move|p2b: Glimmora|Spiky Shield|p2b: Glimmora\n|-singleturn|p2b: Glimmora|move: Protect\n|cant|p1a: Flutter Mane|slp\n|move|p2a: Dondozo|Bulldoze|p1a: Flutter Mane|[spread] p1a,p1b\n|-activate|p2b: Glimmora|move: Protect\n|-supereffective|p1b: Arcanine\n|-damage|p1a: Flutter Mane|92\/100 slp\n|-damage|p1b: Arcanine|88\/100\n|-unboost|p1a: Flutter Mane|spe|1\n|-unboost|p1b: Arcanine|spe|1\n|\n|upkeep\n|turn|4\n|inactive|gomashots has 30 seconds left.\n|\n|t:|1683784880\n|move|p2b: Glimmora|Power Gem|p1b: Arcanine\n|-supereffective|p1b: Arcanine\n|-damage|p1b: Arcanine|3\/100\n|cant|p1a: Flutter Mane|slp\n|move|p1b: Arcanine|Will-O-Wisp||[still]\n|-fail|p1b: Arcanine\n|cant|p2a: Dondozo|par\n|\n|upkeep\n|turn|5\n|l| AsianSeaTurtle\n|\n|t:|1683784901\n|move|p2a: Dondozo|Protect|p2a: Dondozo\n|-singleturn|p2a: Dondozo|Protect\n|move|p1b: Arcanine|Extreme Speed|p2a: Dondozo\n|-activate|p2a: Dondozo|move: Protect\n|move|p2b: Glimmora|Power Gem|p1a: Flutter Mane\n|-damage|p1a: Flutter Mane|52\/100 slp\n|-curestatus|p1a: Flutter Mane|slp|[msg]\n|move|p1a: Flutter Mane|Thunderbolt|p2a: Dondozo\n|-activate|p2a: Dondozo|move: Protect\n|\n|upkeep\n|turn|6\n|\n|t:|1683784920\n|move|p2b: Glimmora|Spiky Shield|p2b: Glimmora\n|-singleturn|p2b: Glimmora|move: Protect\n|move|p1a: Flutter Mane|Thunderbolt|p2a: Dondozo\n|-supereffective|p2a: Dondozo\n|-damage|p2a: Dondozo|2\/100 par\n|move|p1b: Arcanine|Flare Blitz|p2a: Dondozo\n|-resisted|p2a: Dondozo\n|-damage|p2a: Dondozo|0 fnt\n|faint|p2a: Dondozo\n|-damage|p1b: Arcanine|3\/100|[from] Recoil\n|\n|upkeep\n|\n|t:|1683784935\n|switch|p2a: Chien-Pao|Chien-Pao, L50|100\/100\n|-ability|p2a: Chien-Pao|Sword of Ruin\n|turn|7\n|\n|t:|1683784958\n|move|p1b: Arcanine|Extreme Speed|p2a: Chien-Pao\n|-damage|p2a: Chien-Pao|71\/100\n|move|p2a: Chien-Pao|Ice Spinner|p1a: Flutter Mane\n|-damage|p1a: Flutter Mane|0 fnt\n|faint|p1a: Flutter Mane\n|-end|p1a: Flutter Mane|Protosynthesis|[silent]\n|-damage|p2a: Chien-Pao|62\/100|[from] item: Life Orb\n|move|p2b: Glimmora|Power Gem|p1b: Arcanine\n|-supereffective|p1b: Arcanine\n|-damage|p1b: Arcanine|0 fnt\n|faint|p1b: Arcanine\n|\n|upkeep\n|\n|t:|1683784966\n|switch|p1a: Roaring Moon|Roaring Moon, L50|100\/100\n|switch|p1b: Iron Bundle|Iron Bundle, L50|1\/100\n|-enditem|p1a: Roaring Moon|Booster Energy\n|-activate|p1a: Roaring Moon|ability: Protosynthesis|[fromitem]\n|-start|p1a: Roaring Moon|protosynthesisatk\n|turn|8\n|inactive|gomashots has 30 seconds left.\n|inactive|gomashots has 20 seconds left.\n|inactive|gomashots has 15 seconds left.\n|\n|t:|1683785009\n|move|p1b: Iron Bundle|Hydro Pump|p2a: Chien-Pao\n|-damage|p2a: Chien-Pao|0 fnt\n|faint|p2a: Chien-Pao\n|move|p1a: Roaring Moon|Dragon Dance|p1a: Roaring Moon\n|-boost|p1a: Roaring Moon|atk|1\n|-boost|p1a: Roaring Moon|spe|1\n|move|p2b: Glimmora|Power Gem|p1b: Iron Bundle\n|-supereffective|p1b: Iron Bundle\n|-damage|p1b: Iron Bundle|0 fnt\n|faint|p1b: Iron Bundle\n|-end|p1b: Iron Bundle|Quark Drive|[silent]\n|\n|upkeep\n|\n|t:|1683785019\n|switch|p2a: Dragonite|Dragonite, L50, F|100\/100\n|turn|9\n|\n|t:|1683785031\n|-terastallize|p2a: Dragonite|Normal\n|move|p1a: Roaring Moon|Protect|p1a: Roaring Moon\n|-singleturn|p1a: Roaring Moon|Protect\n|move|p2a: Dragonite|Extreme Speed|p1a: Roaring Moon\n|-activate|p1a: Roaring Moon|move: Protect\n|move|p2b: Glimmora|Toxic|p1a: Roaring Moon\n|-activate|p1a: Roaring Moon|move: Protect\n|\n|upkeep\n|turn|10\n|\n|t:|1683785043\n|-terastallize|p1a: Roaring Moon|Flying\n|move|p2b: Glimmora|Spiky Shield|p2b: Glimmora\n|-singleturn|p2b: Glimmora|move: Protect\n|move|p2a: Dragonite|Extreme Speed|p1a: Roaring Moon\n|-damage|p1a: Roaring Moon|44\/100\n|move|p1a: Roaring Moon|Acrobatics|p2a: Dragonite\n|-damage|p2a: Dragonite|42\/100\n|\n|upkeep\n|turn|11\n|\n|t:|1683785057\n|move|p2a: Dragonite|Extreme Speed|p1a: Roaring Moon\n|-damage|p1a: Roaring Moon|0 fnt\n|faint|p1a: Roaring Moon\n|-end|p1a: Roaring Moon|Protosynthesis|[silent]\n|\n|win|gomashots\n|raw|kirans's rating: 1645 → 1627<\/strong> (-18 for losing)\n|raw|gomashots's rating: 1676 → 1694<\/strong> (+18 for winning)\n|l|\u203dgomashots\n","uploadtime":1683785065,"views":14,"p1id":"kirans","p2id":"gomashots","formatid":"gen9vgc2023regulationc","rating":1627,"private":0,"password":""}