{"id":"gen9vgc2023regulationc-1850587783","p1":"Jovenchano3103","p2":"megaprawn","format":"[Gen 9] VGC 2023 Regulation C","log":"|j|\u2606Jovenchano3103\n|j|\u2606megaprawn\n|t:|1682350969\n|gametype|doubles\n|player|p1|Jovenchano3103|bugcatcher-gen4dp|1224\n|player|p2|megaprawn|brycen|1331\n|teamsize|p1|6\n|teamsize|p2|6\n|gen|9\n|tier|[Gen 9] VGC 2023 Regulation C\n|rated|\n|rule|Species Clause: Limit one of each Pok\u00e9mon\n|rule|Item Clause: Limit one of each item\n|clearpoke\n|poke|p1|Magnezone, L50|\n|poke|p1|Gyarados, L50, F|\n|poke|p1|Annihilape, L50, F|\n|poke|p1|Ting-Lu, L50|\n|poke|p1|Farigiraf, L50, M|\n|poke|p1|Dragapult, L50, M|\n|poke|p2|Armarouge, L50, M|\n|poke|p2|Great Tusk, L50|\n|poke|p2|Talonflame, L50, M|\n|poke|p2|Indeedee-F, L50, F|\n|poke|p2|Gyarados, L50, M|\n|poke|p2|Flutter Mane, L50|\n|teampreview|4\nmegaprawn has agreed to open team sheets.\n|inactive|Battle timer is ON: inactive players will automatically lose when time's up. (requested by megaprawn)\n|\n|t:|1682351004\n|start\n|switch|p1a: Farigiraf|Farigiraf, L50, M|100\/100\n|switch|p1b: Gyarados|Gyarados, L50, F|100\/100\n|switch|p2a: Gyarados|Gyarados, L50, M, shiny|100\/100\n|switch|p2b: Great Tusk|Great Tusk, L50|100\/100\n|-ability|p2a: Gyarados|Intimidate|boost\n|-unboost|p1a: Farigiraf|atk|1\n|-unboost|p1b: Gyarados|atk|1\n|-ability|p1b: Gyarados|Intimidate|boost\n|-unboost|p2a: Gyarados|atk|1\n|-unboost|p2b: Great Tusk|atk|1\n|turn|1\n|inactive|Jovenchano3103 has 30 seconds left.\n|inactive|Jovenchano3103 has 20 seconds left.\n|\n|t:|1682351040\n|-end|p2b: Great Tusk|Protosynthesis|[silent]\n|switch|p2b: Armarouge|Armarouge, L50, M|100\/100\n|move|p1a: Farigiraf|Protect|p1a: Farigiraf\n|-singleturn|p1a: Farigiraf|Protect\n|move|p2a: Gyarados|Taunt|p1a: Farigiraf\n|-activate|p1a: Farigiraf|move: Protect\n|move|p1b: Gyarados|Taunt|p2a: Gyarados\n|-start|p2a: Gyarados|move: Taunt\n|\n|upkeep\n|turn|2\n|inactive|Jovenchano3103 has 30 seconds left.\n|inactive|megaprawn has 30 seconds left.\n|inactive|megaprawn has 20 seconds left.\n|inactive|megaprawn has 15 seconds left.\n|inactive|megaprawn has 10 seconds left.\n|\n|t:|1682351086\n|switch|p1a: Ting-Lu|Ting-Lu, L50|100\/100\n|-ability|p1a: Ting-Lu|Vessel of Ruin\n|move|p2b: Armarouge|Heat Wave|p1a: Ting-Lu|[spread] p1a,p1b\n|-resisted|p1b: Gyarados\n|-damage|p1a: Ting-Lu|80\/100\n|-damage|p1b: Gyarados|90\/100\n|move|p2a: Gyarados|Waterfall|p1a: Ting-Lu\n|-supereffective|p1a: Ting-Lu\n|-damage|p1a: Ting-Lu|54\/100\n|-enditem|p1a: Ting-Lu|Weakness Policy\n|-boost|p1a: Ting-Lu|atk|2|[from] item: Weakness Policy\n|-boost|p1a: Ting-Lu|spa|2|[from] item: Weakness Policy\n|move|p1b: Gyarados|Thunder Wave|p2a: Gyarados|[miss]\n|-miss|p1b: Gyarados|p2a: Gyarados\n|\n|upkeep\n|turn|3\n|inactive|megaprawn has 30 seconds left.\n|\n|t:|1682351119\n|switch|p2a: Indeedee|Indeedee-F, L50, F|100\/100\n|-fieldstart|move: Psychic Terrain|[from] ability: Psychic Surge|[of] p2a: Indeedee\n|move|p2b: Armarouge|Endure|p2b: Armarouge\n|-singleturn|p2b: Armarouge|move: Endure\n|move|p1b: Gyarados|Thunder Wave|p2a: Indeedee\n|-status|p2a: Indeedee|par\n|move|p1a: Ting-Lu|Payback|p2b: Armarouge\n|-supereffective|p2b: Armarouge\n|-activate|p2b: Armarouge|move: Endure\n|-damage|p2b: Armarouge|1\/100\n|-ability|p2b: Armarouge|Weak Armor|boost\n|-unboost|p2b: Armarouge|def|1\n|-boost|p2b: Armarouge|spe|2\n|-enditem|p2b: Armarouge|Weakness Policy\n|-boost|p2b: Armarouge|atk|2|[from] item: Weakness Policy\n|-boost|p2b: Armarouge|spa|2|[from] item: Weakness Policy\n|\n|upkeep\n|turn|4\n|inactive|Jovenchano3103 has 30 seconds left.\n|\n|t:|1682351150\n|move|p1b: Gyarados|Protect|p1b: Gyarados\n|-singleturn|p1b: Gyarados|Protect\n|move|p2a: Indeedee|Follow Me|p2a: Indeedee\n|-singleturn|p2a: Indeedee|move: Follow Me\n|move|p2b: Armarouge|Stored Power|p1b: Gyarados\n|-activate|p1b: Gyarados|move: Protect\n|move|p1a: Ting-Lu|Payback|p2a: Indeedee\n|-supereffective|p2a: Indeedee\n|-damage|p2a: Indeedee|0 fnt\n|faint|p2a: Indeedee\n|\n|upkeep\n|\n|t:|1682351160\n|switch|p2a: Great Tusk|Great Tusk, L50|100\/100\n|turn|5\n|inactive|Jovenchano3103 has 30 seconds left.\n|inactive|Jovenchano3103 has 20 seconds left.\n|inactive|Jovenchano3103 has 15 seconds left.\n|inactive|Jovenchano3103 has 10 seconds left.\n|inactive|Jovenchano3103 has 5 seconds left.\n|\n|t:|1682351214\n|switch|p1b: Farigiraf|Farigiraf, L50, M|100\/100\n|-terastallize|p2b: Armarouge|Psychic\n|move|p2b: Armarouge|Expanding Force|p1b: Farigiraf|[spread] p1b\n|-immune|p1a: Ting-Lu\n|-resisted|p1b: Farigiraf\n|-damage|p1b: Farigiraf|56\/100\n|move|p2a: Great Tusk|Close Combat|p1a: Ting-Lu\n|-supereffective|p1a: Ting-Lu\n|-damage|p1a: Ting-Lu|0 fnt\n|-unboost|p2a: Great Tusk|def|1\n|-unboost|p2a: Great Tusk|spd|1\n|faint|p1a: Ting-Lu\n|\n|upkeep\n|\n|t:|1682351230\n|switch|p1a: Gyarados|Gyarados, L50, F|90\/100\n|-ability|p1a: Gyarados|Intimidate|boost\n|-unboost|p2a: Great Tusk|atk|1\n|-unboost|p2b: Armarouge|atk|1\n|turn|6\n|\n|t:|1682351252\n|switch|p1a: Magnezone|Magnezone, L50|100\/100\n|-terastallize|p1b: Farigiraf|Dark\n|move|p2b: Armarouge|Expanding Force|p1a: Magnezone|[spread] p1a\n|-immune|p1b: Farigiraf\n|-resisted|p1a: Magnezone\n|-damage|p1a: Magnezone|55\/100\n|move|p2a: Great Tusk|Close Combat|p1b: Farigiraf\n|-supereffective|p1b: Farigiraf\n|-damage|p1b: Farigiraf|0 fnt\n|-unboost|p2a: Great Tusk|def|1\n|-unboost|p2a: Great Tusk|spd|1\n|faint|p1b: Farigiraf\n|\n|upkeep\n|\n|t:|1682351267\n|switch|p1b: Gyarados|Gyarados, L50, F|90\/100\n|-ability|p1b: Gyarados|Intimidate|boost\n|-unboost|p2a: Great Tusk|atk|1\n|-unboost|p2b: Armarouge|atk|1\n|turn|7\n|\n|t:|1682351287\n|move|p2b: Armarouge|Expanding Force|p1b: Gyarados|[spread] p1a,p1b\n|-resisted|p1a: Magnezone\n|-damage|p1a: Magnezone|7\/100\n|-damage|p1b: Gyarados|0 fnt\n|faint|p1b: Gyarados\n|move|p2a: Great Tusk|Close Combat|p1a: Magnezone\n|-supereffective|p1a: Magnezone\n|-damage|p1a: Magnezone|0 fnt\n|-unboost|p2a: Great Tusk|def|1\n|-unboost|p2a: Great Tusk|spd|1\n|faint|p1a: Magnezone\n|\n|win|megaprawn\n|raw|Jovenchano3103's rating: 1224 → 1206<\/strong> (-18 for losing)\n|raw|megaprawn's rating: 1331 → 1345<\/strong> (+14 for winning)\n","uploadtime":1682351292,"views":29,"p1id":"jovenchano3103","p2id":"megaprawn","formatid":"gen9vgc2023regulationc","rating":1206,"private":0,"password":""}