{"id":"gen9vgc2023regulationc-1862161337","p1":"McCloud","p2":"pannnn","format":"[Gen 9] VGC 2023 Regulation C","log":"|j|\u2606McCloud\n|j|\u2606pannnn\n|t:|1683843724\n|gametype|doubles\n|player|p1|McCloud|gentleman-gen4|1108\n|player|p2|pannnn|nurseryaide|1057\n|teamsize|p1|6\n|teamsize|p2|6\n|gen|9\n|tier|[Gen 9] VGC 2023 Regulation C\n|rated|\n|rule|Species Clause: Limit one of each Pok\u00e9mon\n|rule|Item Clause: Limit one of each item\n|clearpoke\n|poke|p1|Misdreavus, L50, F|\n|poke|p1|Kingambit, L50, F|\n|poke|p1|Ceruledge, L50, M|\n|poke|p1|Hariyama, L50, F|\n|poke|p1|Amoonguss, L50, F|\n|poke|p1|Ting-Lu, L50|\n|poke|p2|Chi-Yu, L50|\n|poke|p2|Dachsbun, L50, M|\n|poke|p2|Dragonite, L50, F|\n|poke|p2|Flutter Mane, L50|\n|poke|p2|Azumarill, L50, M|\n|poke|p2|Chien-Pao, L50|\n|teampreview|4\n|\n|t:|1683843742\n|start\n|switch|p1a: Misdreavus|Misdreavus, L50, F|100\/100\n|switch|p1b: Hariyama|Hariyama, L50, F|100\/100\n|switch|p2a: Dachsbun|Dachsbun, L50, M|100\/100\n|switch|p2b: Chi-Yu|Chi-Yu, L50|100\/100\n|-ability|p2b: Chi-Yu|Beads of Ruin\n|turn|1\n|\n|t:|1683843762\n|move|p1b: Hariyama|Fake Out|p2b: Chi-Yu\n|-damage|p2b: Chi-Yu|76\/100\n|cant|p2b: Chi-Yu|flinch\n|move|p2a: Dachsbun|Body Press|p1b: Hariyama\n|-damage|p1b: Hariyama|77\/100\n|move|p1a: Misdreavus|Trick Room|p1a: Misdreavus\n|-fieldstart|move: Trick Room|[of] p1a: Misdreavus\n|\n|-status|p1b: Hariyama|brn|[from] item: Flame Orb\n|upkeep\n|turn|2\n|\n|t:|1683843784\n|-terastallize|p2b: Chi-Yu|Ghost\n|move|p1b: Hariyama|Drain Punch|p2b: Chi-Yu\n|-immune|p2b: Chi-Yu\n|move|p1a: Misdreavus|Night Shade|p2a: Dachsbun\n|-damage|p2a: Dachsbun|70\/100\n|move|p2a: Dachsbun|Yawn||[still]\n|-fail|p2a: Dachsbun\n|move|p2b: Chi-Yu|Lava Plume|p1b: Hariyama|[spread] p1a,p1b\n|-ability|p2a: Dachsbun|Well-Baked Body|boost\n|-boost|p2a: Dachsbun|def|2\n|-damage|p1a: Misdreavus|77\/100\n|-damage|p1b: Hariyama|29\/100 brn\n|\n|-heal|p2a: Dachsbun|76\/100|[from] item: Leftovers\n|-damage|p1b: Hariyama|23\/100 brn|[from] brn\n|upkeep\n|turn|3\n|\n|t:|1683843810\n|move|p1a: Misdreavus|Helping Hand|p1b: Hariyama\n|-singleturn|p1b: Hariyama|Helping Hand|[of] p1a: Misdreavus\n|move|p1b: Hariyama|Bullet Punch|p2b: Chi-Yu\n|-damage|p2b: Chi-Yu|20\/100\n|move|p2a: Dachsbun|Body Press|p1b: Hariyama\n|-damage|p1b: Hariyama|0 fnt\n|faint|p1b: Hariyama\n|move|p2b: Chi-Yu|Lava Plume|p1a: Misdreavus|[spread] p1a\n|-ability|p2a: Dachsbun|Well-Baked Body|boost\n|-boost|p2a: Dachsbun|def|2\n|-damage|p1a: Misdreavus|51\/100\n|\n|-heal|p2a: Dachsbun|82\/100|[from] item: Leftovers\n|upkeep\n|\n|t:|1683843813\n|switch|p1b: Amoonguss|Amoonguss, L50, F|100\/100\n|turn|4\n|\n|t:|1683843831\n|move|p1b: Amoonguss|Spore|p2a: Dachsbun\n|-status|p2a: Dachsbun|slp|[from] move: Spore\n|move|p1a: Misdreavus|Night Shade|p2b: Chi-Yu\n|-damage|p2b: Chi-Yu|0 fnt\n|faint|p2b: Chi-Yu\n|cant|p2a: Dachsbun|slp\n|\n|-heal|p2a: Dachsbun|88\/100 slp|[from] item: Leftovers\n|upkeep\n|\n|t:|1683843846\n|switch|p2b: Flutter Mane|Flutter Mane, L50|100\/100\n|-enditem|p2b: Flutter Mane|Booster Energy\n|-activate|p2b: Flutter Mane|ability: Protosynthesis|[fromitem]\n|-start|p2b: Flutter Mane|protosynthesisspe\n|turn|5\n|\n|t:|1683843874\n|move|p2b: Flutter Mane|Protect|p2b: Flutter Mane\n|-singleturn|p2b: Flutter Mane|Protect\n|move|p1b: Amoonguss|Spore|p2b: Flutter Mane\n|-activate|p2b: Flutter Mane|move: Protect\n|move|p1a: Misdreavus|Night Shade|p2a: Dachsbun\n|-damage|p2a: Dachsbun|58\/100 slp\n|cant|p2a: Dachsbun|slp\n|\n|-heal|p2a: Dachsbun|64\/100 slp|[from] item: Leftovers\n|-fieldend|move: Trick Room\n|upkeep\n|turn|6\n|\n|t:|1683843891\n|move|p2b: Flutter Mane|Shadow Ball|p1a: Misdreavus\n|-supereffective|p1a: Misdreavus\n|-crit|p1a: Misdreavus\n|-damage|p1a: Misdreavus|0 fnt\n|faint|p1a: Misdreavus\n|cant|p2a: Dachsbun|slp\n|move|p1b: Amoonguss|Spore|p2b: Flutter Mane\n|-status|p2b: Flutter Mane|slp|[from] move: Spore\n|\n|-heal|p2a: Dachsbun|70\/100 slp|[from] item: Leftovers\n|upkeep\n|\n|t:|1683843893\n|switch|p1a: Ting-Lu|Ting-Lu, L50|100\/100\n|-ability|p1a: Ting-Lu|Vessel of Ruin\n|turn|7\n|\n|t:|1683843909\n|-terastallize|p1a: Ting-Lu|Poison\n|move|p1b: Amoonguss|Protect|p1b: Amoonguss\n|-singleturn|p1b: Amoonguss|Protect\n|cant|p2b: Flutter Mane|slp\n|-curestatus|p2a: Dachsbun|slp|[msg]\n|move|p2a: Dachsbun|Body Press|p1a: Ting-Lu\n|-resisted|p1a: Ting-Lu\n|-damage|p1a: Ting-Lu|82\/100\n|move|p1a: Ting-Lu|Fissure|p2a: Dachsbun|[miss]\n|-miss|p1a: Ting-Lu|p2a: Dachsbun\n|\n|-heal|p2a: Dachsbun|76\/100|[from] item: Leftovers\n|upkeep\n|turn|8\n|\n|t:|1683843940\n|cant|p2b: Flutter Mane|slp\n|move|p2a: Dachsbun|Yawn||[still]\n|-fail|p2a: Dachsbun\n|move|p1a: Ting-Lu|Ruination|p2a: Dachsbun\n|-damage|p2a: Dachsbun|38\/100\n|move|p1b: Amoonguss|Spore|p2a: Dachsbun\n|-status|p2a: Dachsbun|slp|[from] move: Spore\n|\n|-heal|p2a: Dachsbun|44\/100 slp|[from] item: Leftovers\n|upkeep\n|turn|9\n|\n|t:|1683843954\n|cant|p2a: Dachsbun|slp\n|cant|p2b: Flutter Mane|slp\n|move|p1a: Ting-Lu|Stomping Tantrum|p2a: Dachsbun\n|-damage|p2a: Dachsbun|30\/100 slp\n|move|p1b: Amoonguss|Pollen Puff|p2a: Dachsbun\n|-resisted|p2a: Dachsbun\n|-damage|p2a: Dachsbun|23\/100 slp\n|\n|-heal|p2a: Dachsbun|29\/100 slp|[from] item: Leftovers\n|upkeep\n|turn|10\n|\n|t:|1683843972\n|cant|p2a: Dachsbun|slp\n|-curestatus|p2b: Flutter Mane|slp|[msg]\n|move|p2b: Flutter Mane|Perish Song|p2b: Flutter Mane\n|-start|p1a: Ting-Lu|perish3|[silent]\n|-start|p1b: Amoonguss|perish3|[silent]\n|-start|p2a: Dachsbun|perish3|[silent]\n|-start|p2b: Flutter Mane|perish3|[silent]\n|-fieldactivate|move: Perish Song\n|move|p1a: Ting-Lu|Stomping Tantrum|p2a: Dachsbun\n|-damage|p2a: Dachsbun|16\/100 slp\n|move|p1b: Amoonguss|Spore|p2b: Flutter Mane\n|-status|p2b: Flutter Mane|slp|[from] move: Spore\n|\n|-heal|p2a: Dachsbun|22\/100 slp|[from] item: Leftovers\n|-start|p2b: Flutter Mane|perish3\n|-start|p2a: Dachsbun|perish3\n|-start|p1a: Ting-Lu|perish3\n|-start|p1b: Amoonguss|perish3\n|upkeep\n|turn|11\n|\n|t:|1683843995\n|cant|p2b: Flutter Mane|slp\n|cant|p2a: Dachsbun|slp\n|move|p1a: Ting-Lu|Stomping Tantrum|p2b: Flutter Mane\n|-damage|p2b: Flutter Mane|27\/100 slp\n|move|p1b: Amoonguss|Pollen Puff|p2a: Dachsbun\n|-resisted|p2a: Dachsbun\n|-damage|p2a: Dachsbun|16\/100 slp\n|\n|-heal|p2a: Dachsbun|22\/100 slp|[from] item: Leftovers\n|-start|p2b: Flutter Mane|perish2\n|-start|p2a: Dachsbun|perish2\n|-start|p1a: Ting-Lu|perish2\n|-start|p1b: Amoonguss|perish2\n|upkeep\n|turn|12\n|\n|t:|1683844013\n|cant|p2b: Flutter Mane|slp\n|-curestatus|p2a: Dachsbun|slp|[msg]\n|move|p2a: Dachsbun|Protect|p2a: Dachsbun\n|-singleturn|p2a: Dachsbun|Protect\n|move|p1a: Ting-Lu|Stomping Tantrum|p2b: Flutter Mane\n|-damage|p2b: Flutter Mane|0 fnt\n|faint|p2b: Flutter Mane\n|-end|p2b: Flutter Mane|Protosynthesis|[silent]\n|move|p1b: Amoonguss|Pollen Puff|p2a: Dachsbun\n|-activate|p2a: Dachsbun|move: Protect\n|\n|-heal|p2a: Dachsbun|28\/100|[from] item: Leftovers\n|-start|p2a: Dachsbun|perish1\n|-start|p1a: Ting-Lu|perish1\n|-start|p1b: Amoonguss|perish1\n|upkeep\n|\n|t:|1683844031\n|switch|p2b: Azumarill|Azumarill, L50, M|100\/100\n|turn|13\n|\n|t:|1683844037\n|move|p2a: Dachsbun|Protect||[still]\n|-fail|p2a: Dachsbun\n|move|p2b: Azumarill|Protect|p2b: Azumarill\n|-singleturn|p2b: Azumarill|Protect\n|move|p1a: Ting-Lu|Fissure|p2b: Azumarill\n|-activate|p2b: Azumarill|move: Protect\n|move|p1b: Amoonguss|Pollen Puff|p2a: Dachsbun\n|-resisted|p2a: Dachsbun\n|-damage|p2a: Dachsbun|21\/100\n|\n|-heal|p2a: Dachsbun|27\/100|[from] item: Leftovers\n|-start|p2a: Dachsbun|perish0\n|-start|p1a: Ting-Lu|perish0\n|-start|p1b: Amoonguss|perish0\n|faint|p2a: Dachsbun\n|faint|p1a: Ting-Lu\n|faint|p1b: Amoonguss\n|\n|win|pannnn\n|upkeep\n|raw|McCloud's rating: 1108 → 1079<\/strong> (-29 for losing)\n|raw|pannnn's rating: 1057 → 1093<\/strong> (+36 for winning)\n|l|\u2606McCloud\n","uploadtime":1683844058,"views":8,"p1id":"mccloud","p2id":"pannnn","formatid":"gen9vgc2023regulationc","rating":1079,"private":0,"password":""}