{"id":"gen9vgc2023regulationc-1855065006","p1":"They34","p2":"DinoMike130","format":"[Gen 9] VGC 2023 Regulation C","log":"|j|\u2606They34\n|j|\u2606DinoMike130\n|t:|1682897034\n|gametype|doubles\n|player|p1|They34|ruinmaniac|1451\n|player|p2|DinoMike130|veteran|1410\n|teamsize|p1|6\n|teamsize|p2|6\n|gen|9\n|tier|[Gen 9] VGC 2023 Regulation C\n|rated|\n|rule|Species Clause: Limit one of each Pok\u00e9mon\n|rule|Item Clause: Limit one of each item\n|clearpoke\n|poke|p1|Ceruledge, L50, F|\n|poke|p1|Dragonite, L50, M|\n|poke|p1|Bronzong, L50|\n|poke|p1|Flutter Mane, L50|\n|poke|p1|Amoonguss, L50, F|\n|poke|p1|Ting-Lu, L50|\n|poke|p2|Torkoal, L50, F|\n|poke|p2|Flutter Mane, L50|\n|poke|p2|Orthworm, L50, M|\n|poke|p2|Murkrow, L50, M|\n|poke|p2|Garchomp, L50, M|\n|poke|p2|Iron Hands, L50|\n|teampreview|4\nDinoMike130 has agreed to open team sheets.\n|inactive|Battle timer is ON: inactive players will automatically lose when time's up. (requested by DinoMike130)\nThey34 has agreed to open team sheets.\n|inactive|DinoMike130 has 60 seconds left.\n|inactive|DinoMike130 has 30 seconds left.\n|\n|t:|1682897107\n|start\n|switch|p1a: Ting-Lu|Ting-Lu, L50|100\/100\n|switch|p1b: Dragonite|Dragonite, L50, M|100\/100\n|switch|p2a: Flutter Mane|Flutter Mane, L50|100\/100\n|switch|p2b: Iron Hands|Iron Hands, L50|100\/100\n|-ability|p1a: Ting-Lu|Vessel of Ruin\n|turn|1\n|inactive|They34 has 30 seconds left.\n|inactive|DinoMike130 has 30 seconds left.\n|inactive|They34 has 20 seconds left.\n|inactive|They34 has 15 seconds left.\n|inactive|They34 has 10 seconds left.\n|\n|t:|1682897155\n|-terastallize|p1b: Dragonite|Flying\n|move|p2b: Iron Hands|Fake Out|p1b: Dragonite\n|-damage|p1b: Dragonite|93\/100\n|move|p2a: Flutter Mane|Moonblast|p1b: Dragonite\n|-damage|p1b: Dragonite|37\/100\n|-unboost|p1b: Dragonite|spa|1\n|cant|p1b: Dragonite|flinch\n|move|p1a: Ting-Lu|Earthquake|p2a: Flutter Mane|[spread] p2a,p2b\n|-immune|p1b: Dragonite\n|-supereffective|p2b: Iron Hands\n|-damage|p2a: Flutter Mane|4\/100\n|-damage|p2b: Iron Hands|31\/100\n|\n|upkeep\n|turn|2\n|inactive|DinoMike130 has 30 seconds left.\n|\n|t:|1682897180\n|move|p1b: Dragonite|Protect|p1b: Dragonite\n|-singleturn|p1b: Dragonite|Protect\n|move|p2a: Flutter Mane|Moonblast|p1b: Dragonite\n|-activate|p1b: Dragonite|move: Protect\n|move|p2b: Iron Hands|Drain Punch|p1a: Ting-Lu\n|-supereffective|p1a: Ting-Lu\n|-damage|p1a: Ting-Lu|44\/100\n|-heal|p2b: Iron Hands|57\/100|[from] drain|[of] p1a: Ting-Lu\n|move|p1a: Ting-Lu|Earthquake|p2a: Flutter Mane|[spread] p2a,p2b\n|-activate|p1b: Dragonite|move: Protect\n|-supereffective|p2b: Iron Hands\n|-damage|p2a: Flutter Mane|0 fnt\n|-damage|p2b: Iron Hands|0 fnt\n|faint|p2a: Flutter Mane\n|-end|p2a: Flutter Mane|Protosynthesis|[silent]\n|faint|p2b: Iron Hands\n|-end|p2b: Iron Hands|Quark Drive|[silent]\n|\n|upkeep\n|\n|t:|1682897193\n|switch|p2a: Orthworm|Orthworm, L50, M|100\/100\n|switch|p2b: Garchomp|Garchomp, L50, M|100\/100\n|turn|3\n|\n|t:|1682897214\n|move|p1b: Dragonite|Extreme Speed|p2b: Garchomp\n|-damage|p2b: Garchomp|72\/100\n|-damage|p1b: Dragonite|25\/100|[from] ability: Rough Skin|[of] p2b: Garchomp\n|move|p2b: Garchomp|Rock Slide|p1b: Dragonite|[spread] \n|-miss|p2b: Garchomp|p1a: Ting-Lu\n|-miss|p2b: Garchomp|p1b: Dragonite\n|move|p2a: Orthworm|Body Press|p1a: Ting-Lu\n|-supereffective|p1a: Ting-Lu\n|-damage|p1a: Ting-Lu|6\/100\n|move|p1a: Ting-Lu|Earthquake|p2b: Garchomp|[spread] p2b\n|-immune|p2a: Orthworm|[from] ability: Earth Eater\n|-immune|p1b: Dragonite\n|-damage|p2b: Garchomp|15\/100\n|\n|upkeep\n|turn|4\n|inactive|They34 has 30 seconds left.\n|\n|t:|1682897242\n|move|p1b: Dragonite|Protect|p1b: Dragonite\n|-singleturn|p1b: Dragonite|Protect\n|move|p2b: Garchomp|Rock Slide|p1b: Dragonite|[spread] p1a\n|-activate|p1b: Dragonite|move: Protect\n|-resisted|p1a: Ting-Lu\n|-damage|p1a: Ting-Lu|0 fnt\n|faint|p1a: Ting-Lu\n|-damage|p2b: Garchomp|5\/100|[from] item: Life Orb\n|move|p2a: Orthworm|Body Press|p1b: Dragonite\n|-activate|p1b: Dragonite|move: Protect\n|\n|upkeep\n|inactive|They34 has 30 seconds left.\n|\n|t:|1682897269\n|switch|p1a: Flutter Mane|Flutter Mane, L50|100\/100\n|turn|5\n|\n|t:|1682897289\n|move|p2b: Garchomp|Protect|p2b: Garchomp\n|-singleturn|p2b: Garchomp|Protect\n|move|p1b: Dragonite|Extreme Speed|p2b: Garchomp\n|-activate|p2b: Garchomp|move: Protect\n|move|p1a: Flutter Mane|Shadow Ball|p2a: Orthworm\n|-damage|p2a: Orthworm|48\/100\n|-enditem|p2a: Orthworm|Sitrus Berry|[eat]\n|-heal|p2a: Orthworm|73\/100|[from] item: Sitrus Berry\n|-damage|p1a: Flutter Mane|91\/100|[from] item: Life Orb\n|move|p2a: Orthworm|Heavy Slam|p1a: Flutter Mane\n|-supereffective|p1a: Flutter Mane\n|-damage|p1a: Flutter Mane|0 fnt\n|faint|p1a: Flutter Mane\n|-end|p1a: Flutter Mane|Protosynthesis|[silent]\n|\n|upkeep\n|\n|t:|1682897306\n|switch|p1a: Ceruledge|Ceruledge, L50, F|100\/100\n|turn|6\n|\n|t:|1682897327\n|-terastallize|p2a: Orthworm|Fire\n|move|p1b: Dragonite|Extreme Speed|p2b: Garchomp\n|-damage|p2b: Garchomp|0 fnt\n|-damage|p1b: Dragonite|13\/100|[from] ability: Rough Skin|[of] p2b: Garchomp\n|faint|p2b: Garchomp\n|move|p1a: Ceruledge|Bulk Up|p1a: Ceruledge\n|-boost|p1a: Ceruledge|atk|1\n|-boost|p1a: Ceruledge|def|1\n|move|p2a: Orthworm|Heavy Slam|p1b: Dragonite\n|-damage|p1b: Dragonite|2\/100\n|\n|upkeep\n|turn|7\n|\n|t:|1682897349\n|move|p1a: Ceruledge|Bitter Blade|p2a: Orthworm\n|-resisted|p2a: Orthworm\n|-damage|p2a: Orthworm|48\/100\n|move|p1b: Dragonite|Tera Blast|p2a: Orthworm\n|-damage|p2a: Orthworm|5\/100\n|move|p2a: Orthworm|Heavy Slam|p1a: Ceruledge\n|-resisted|p1a: Ceruledge\n|-damage|p1a: Ceruledge|87\/100\n|\n|upkeep\n|turn|8\n|\n|t:|1682897363\n|move|p1a: Ceruledge|Bitter Blade|p2a: Orthworm\n|-resisted|p2a: Orthworm\n|-damage|p2a: Orthworm|0 fnt\n|-heal|p1a: Ceruledge|90\/100|[from] drain|[of] p2a: Orthworm\n|faint|p2a: Orthworm\n|\n|win|They34\n|raw|They34's rating: 1451 → 1469<\/strong> (+18 for winning)\n|raw|DinoMike130's rating: 1410 → 1392<\/strong> (-18 for losing)\n|c|\u2606DinoMike130|g\n|c|\u2606DinoMike130|gg\n|c|\u2606They34|Gg\n","uploadtime":1682897370,"views":11,"p1id":"they34","p2id":"dinomike130","formatid":"gen9vgc2023regulationc","rating":1392,"private":0,"password":""}