{"id":"gen9vgc2023regulationc-1864081872","p1":"revocolombia","p2":"Auraen","format":"[Gen 9] VGC 2023 Regulation C","log":"|j|\u2606revocolombia\n|j|\u2606Auraen\n|t:|1684114788\n|gametype|doubles\n|player|p1|revocolombia|pokemonranger-gen4|1453\n|player|p2|Auraen|flannery|1451\n|teamsize|p1|6\n|teamsize|p2|6\n|gen|9\n|tier|[Gen 9] VGC 2023 Regulation C\n|rated|\n|rule|Species Clause: Limit one of each Pok\u00e9mon\n|rule|Item Clause: Limit one of each item\n|clearpoke\n|poke|p1|Flutter Mane, L50|\n|poke|p1|Annihilape, L50, M|\n|poke|p1|Dragonite, L50, F|\n|poke|p1|Chien-Pao, L50|\n|poke|p1|Murkrow, L50, F|\n|poke|p1|Gholdengo, L50|\n|poke|p2|Flutter Mane, L50|\n|poke|p2|Tauros-Paldea-Aqua, L50, M|\n|poke|p2|Corviknight, L50, M|\n|poke|p2|Iron Moth, L50|\n|poke|p2|Wo-Chien, L50|\n|poke|p2|Cetitan, L50, F|\n|teampreview|4\n|j| THUNDERSND77\n|\n|t:|1684114865\n|start\n|switch|p1a: Annihilape|Annihilape, L50, M|100\/100\n|switch|p1b: Murkrow|Murkrow, L50, F|100\/100\n|switch|p2a: Wo-Chien|Wo-Chien, L50|100\/100\n|switch|p2b: Corviknight|Corviknight, L50, M|100\/100\n|-ability|p2a: Wo-Chien|Tablets of Ruin\n|turn|1\n|\n|t:|1684114886\n|-terastallize|p1a: Annihilape|Fire\n|move|p1b: Murkrow|Taunt|p2b: Corviknight\n|-start|p2b: Corviknight|move: Taunt\n|move|p1a: Annihilape|Bulk Up|p1a: Annihilape\n|-boost|p1a: Annihilape|atk|1\n|-boost|p1a: Annihilape|def|1\n|cant|p2b: Corviknight|move: Taunt|Tailwind\n|move|p2a: Wo-Chien|Knock Off|p1b: Murkrow\n|-resisted|p1b: Murkrow\n|-damage|p1b: Murkrow|78\/100\n|-enditem|p1b: Murkrow|Eviolite|[from] move: Knock Off|[of] p2a: Wo-Chien\n|\n|upkeep\n|turn|2\n|l| THUNDERSND77\n|\n|t:|1684114916\n|move|p1a: Annihilape|Bulk Up|p1a: Annihilape\n|-boost|p1a: Annihilape|atk|1\n|-boost|p1a: Annihilape|def|1\n|move|p1b: Murkrow|Foul Play|p2b: Corviknight\n|-damage|p2b: Corviknight|74\/100\n|move|p2b: Corviknight|Brave Bird|p1b: Murkrow\n|-damage|p1b: Murkrow|14\/100\n|-damage|p2b: Corviknight|56\/100|[from] Recoil\n|move|p2a: Wo-Chien|Pollen Puff|p2b: Corviknight\n|-heal|p2b: Corviknight|100\/100\n|\n|upkeep\n|turn|3\n|\n|t:|1684114933\n|switch|p1b: Gholdengo|Gholdengo, L50|100\/100\n|move|p1a: Annihilape|Drain Punch|p2a: Wo-Chien\n|-supereffective|p2a: Wo-Chien\n|-damage|p2a: Wo-Chien|15\/100\n|move|p2b: Corviknight|Brave Bird|p1b: Gholdengo\n|-resisted|p1b: Gholdengo\n|-damage|p1b: Gholdengo|81\/100\n|-damage|p2b: Corviknight|95\/100|[from] Recoil\n|move|p2a: Wo-Chien|Knock Off|p1b: Gholdengo\n|-supereffective|p1b: Gholdengo\n|-damage|p1b: Gholdengo|0 fnt\n|-enditem|p1b: Gholdengo|Life Orb|[from] move: Knock Off|[of] p2a: Wo-Chien\n|faint|p1b: Gholdengo\n|\n|-heal|p2a: Wo-Chien|21\/100|[from] item: Leftovers\n|-end|p2b: Corviknight|move: Taunt\n|upkeep\n|j| THUNDERSND77\n|j| Spacejes\n|\n|t:|1684114952\n|switch|p1b: Murkrow|Murkrow, L50, F|14\/100\n|turn|4\n|l| THUNDERSND77\n|\n|t:|1684114973\n|move|p2a: Wo-Chien|Protect|p2a: Wo-Chien\n|-singleturn|p2a: Wo-Chien|Protect\n|move|p1b: Murkrow|Taunt|p2b: Corviknight\n|-start|p2b: Corviknight|move: Taunt\n|move|p1a: Annihilape|Rage Fist|p2a: Wo-Chien\n|-activate|p2a: Wo-Chien|move: Protect\n|move|p2b: Corviknight|Brave Bird|p1b: Murkrow\n|-damage|p1b: Murkrow|0 fnt\n|faint|p1b: Murkrow\n|-damage|p2b: Corviknight|92\/100|[from] Recoil\n|\n|-heal|p2a: Wo-Chien|28\/100|[from] item: Leftovers\n|upkeep\n|\n|t:|1684114987\n|switch|p1b: Flutter Mane|Flutter Mane, L50|100\/100\n|-enditem|p1b: Flutter Mane|Booster Energy\n|-activate|p1b: Flutter Mane|ability: Protosynthesis|[fromitem]\n|-start|p1b: Flutter Mane|protosynthesisspe\n|turn|5\n|\n|t:|1684115006\n|move|p1b: Flutter Mane|Dazzling Gleam|p2a: Wo-Chien|[spread] p2a,p2b\n|-supereffective|p2a: Wo-Chien\n|-resisted|p2b: Corviknight\n|-damage|p2a: Wo-Chien|0 fnt\n|-damage|p2b: Corviknight|77\/100\n|faint|p2a: Wo-Chien\n|move|p1a: Annihilape|Rage Fist|p2b: Corviknight\n|-crit|p2b: Corviknight\n|-damage|p2b: Corviknight|14\/100\n|move|p2b: Corviknight|Iron Head|p1b: Flutter Mane\n|-supereffective|p1b: Flutter Mane\n|-damage|p1b: Flutter Mane|0 fnt\n|faint|p1b: Flutter Mane\n|-end|p1b: Flutter Mane|Protosynthesis|[silent]\n|\n|upkeep\n|j| THUNDERSND77\n|\n|t:|1684115016\n|switch|p2a: Flutter Mane|Flutter Mane, L50|100\/100\n|-enditem|p2a: Flutter Mane|Booster Energy\n|-activate|p2a: Flutter Mane|ability: Protosynthesis|[fromitem]\n|-start|p2a: Flutter Mane|protosynthesisspa\n|turn|6\n|\n|t:|1684115034\n|move|p2a: Flutter Mane|Substitute|p2a: Flutter Mane\n|-start|p2a: Flutter Mane|Substitute\n|-damage|p2a: Flutter Mane|76\/100\n|move|p1a: Annihilape|Rage Fist|p2a: Flutter Mane\n|-supereffective|p2a: Flutter Mane\n|-end|p2a: Flutter Mane|Substitute\n|move|p2b: Corviknight|Brave Bird|p1a: Annihilape\n|-damage|p1a: Annihilape|75\/100\n|-damage|p2b: Corviknight|5\/100|[from] Recoil\n|\n|-heal|p1a: Annihilape|81\/100|[from] item: Leftovers\n|-end|p2b: Corviknight|move: Taunt\n|upkeep\n|turn|7\n|\n|t:|1684115046\n|move|p2a: Flutter Mane|Substitute|p2a: Flutter Mane\n|-start|p2a: Flutter Mane|Substitute\n|-damage|p2a: Flutter Mane|51\/100\n|move|p1a: Annihilape|Rage Fist|p2b: Corviknight\n|-damage|p2b: Corviknight|0 fnt\n|faint|p2b: Corviknight\n|\n|-heal|p1a: Annihilape|87\/100|[from] item: Leftovers\n|upkeep\n|\n|t:|1684115054\n|switch|p2b: Cetitan|Cetitan, L50, F|100\/100\n|turn|8\n|\n|t:|1684115064\n|move|p2a: Flutter Mane|Shadow Ball|p1a: Annihilape\n|-damage|p1a: Annihilape|41\/100\n|move|p1a: Annihilape|Drain Punch|p2b: Cetitan\n|-supereffective|p2b: Cetitan\n|-damage|p2b: Cetitan|0 fnt\n|-heal|p1a: Annihilape|99\/100|[from] drain|[of] p2b: Cetitan\n|faint|p2b: Cetitan\n|\n|-heal|p1a: Annihilape|100\/100|[from] item: Leftovers\n|upkeep\n|turn|9\n|\n|t:|1684115083\n|move|p2a: Flutter Mane|Shadow Ball|p1a: Annihilape\n|-damage|p1a: Annihilape|54\/100\n|move|p1a: Annihilape|Rage Fist|p2a: Flutter Mane\n|-supereffective|p2a: Flutter Mane\n|-end|p2a: Flutter Mane|Substitute\n|\n|-heal|p1a: Annihilape|61\/100|[from] item: Leftovers\n|upkeep\n|turn|10\n|\n|t:|1684115095\n|move|p2a: Flutter Mane|Shadow Ball|p1a: Annihilape\n|-damage|p1a: Annihilape|15\/100\n|move|p1a: Annihilape|Rage Fist|p2a: Flutter Mane\n|-supereffective|p2a: Flutter Mane\n|-damage|p2a: Flutter Mane|0 fnt\n|faint|p2a: Flutter Mane\n|-end|p2a: Flutter Mane|Protosynthesis|[silent]\n|\n|win|revocolombia\n|raw|revocolombia's rating: 1453 → 1473<\/strong> (+20 for winning)\n|raw|Auraen's rating: 1451 → 1431<\/strong> (-20 for losing)\n|l|\u2606Auraen\n|l| Spacejes\n|l| THUNDERSND77\n","uploadtime":1684115112,"views":15,"p1id":"revocolombia","p2id":"auraen","formatid":"gen9vgc2023regulationc","rating":1431,"private":0,"password":""}