{"id":"gen9vgc2023regulationc-1852519802","p1":"Gholdjunge","p2":"So Romantic!!","format":"[Gen 9] VGC 2023 Regulation C","log":"|j|\u2606Gholdjunge\n|j|\u2606So Romantic!!\n|t:|1682568856\n|gametype|doubles\n|player|p1|Gholdjunge|youngster-gen2|1609\n|player|p2|So Romantic!!|2|1628\n|teamsize|p1|6\n|teamsize|p2|6\n|gen|9\n|tier|[Gen 9] VGC 2023 Regulation C\n|rated|\n|rule|Species Clause: Limit one of each Pok\u00e9mon\n|rule|Item Clause: Limit one of each item\n|clearpoke\n|poke|p1|Azumarill, L50, M|\n|poke|p1|Pelipper, L50, F|\n|poke|p1|Chien-Pao, L50|\n|poke|p1|Amoonguss, L50, M|\n|poke|p1|Iron Hands, L50|\n|poke|p1|Flutter Mane, L50|\n|poke|p2|Murkrow, L50, F|\n|poke|p2|Gholdengo, L50|\n|poke|p2|Flutter Mane, L50|\n|poke|p2|Great Tusk, L50|\n|poke|p2|Armarouge, L50, M|\n|poke|p2|Gyarados, L50, M|\n|teampreview|4\n|\n|t:|1682568909\n|start\n|switch|p1a: Azumarill|Azumarill, L50, M|100\/100\n|switch|p1b: Flutter Mane|Flutter Mane, L50|100\/100\n|switch|p2a: Gholdengo|Gholdengo, L50|100\/100\n|switch|p2b: Flutter Mane|Flutter Mane, L50|100\/100\n|turn|1\n|\n|t:|1682568953\n|-terastallize|p1b: Flutter Mane|Water\n|-terastallize|p2a: Gholdengo|Steel\n|move|p1a: Azumarill|Protect|p1a: Azumarill\n|-singleturn|p1a: Azumarill|Protect\n|move|p2b: Flutter Mane|Moonblast|p1a: Azumarill\n|-activate|p1a: Azumarill|move: Protect\n|move|p1b: Flutter Mane|Shadow Ball|p2b: Flutter Mane\n|-supereffective|p2b: Flutter Mane\n|-enditem|p2b: Flutter Mane|Focus Sash\n|-damage|p2b: Flutter Mane|1\/100\n|move|p2a: Gholdengo|Make It Rain|p1a: Azumarill|[spread] p1b\n|-activate|p1a: Azumarill|move: Protect\n|-resisted|p1b: Flutter Mane\n|-damage|p1b: Flutter Mane|54\/100\n|-unboost|p2a: Gholdengo|spa|1\n|\n|upkeep\n|turn|2\n|\n|t:|1682568982\n|switch|p2a: Murkrow|Murkrow, L50, F|100\/100\n|move|p2b: Flutter Mane|Protect|p2b: Flutter Mane\n|-singleturn|p2b: Flutter Mane|Protect\n|move|p1a: Azumarill|Aqua Jet|p2b: Flutter Mane\n|-activate|p2b: Flutter Mane|move: Protect\n|move|p1b: Flutter Mane|Shadow Ball|p2a: Murkrow\n|-resisted|p2a: Murkrow\n|-damage|p2a: Murkrow|68\/100\n|\n|upkeep\n|turn|3\n|\n|t:|1682569006\n|-end|p2b: Flutter Mane|Protosynthesis|[silent]\n|switch|p2b: Gholdengo|Gholdengo, L50, tera:Steel|100\/100\n|-end|p1b: Flutter Mane|Protosynthesis|[silent]\n|switch|p1b: Chien-Pao|Chien-Pao, L50|100\/100\n|-ability|p1b: Chien-Pao|Sword of Ruin\n|move|p1a: Azumarill|Aqua Jet|p2b: Gholdengo\n|-damage|p2b: Gholdengo|65\/100\n|move|p2a: Murkrow|Foul Play|p1a: Azumarill\n|-resisted|p1a: Azumarill\n|-damage|p1a: Azumarill|78\/100\n|\n|upkeep\n|turn|4\n|\n|t:|1682569036\n|move|p1a: Azumarill|Protect|p1a: Azumarill\n|-singleturn|p1a: Azumarill|Protect\n|move|p2a: Murkrow|Tailwind|p2a: Murkrow\n|-sidestart|p2: So Romantic!!|move: Tailwind\n|move|p2b: Gholdengo|Thunderbolt|p1a: Azumarill\n|-activate|p1a: Azumarill|move: Protect\n|move|p1b: Chien-Pao|Ice Spinner|p2a: Murkrow\n|-supereffective|p2a: Murkrow\n|-damage|p2a: Murkrow|0 fnt\n|faint|p2a: Murkrow\n|\n|upkeep\n|\n|t:|1682569044\n|switch|p2a: Great Tusk|Great Tusk, L50|100\/100\n|turn|5\n|\n|t:|1682569071\n|move|p1b: Chien-Pao|Sucker Punch|p2b: Gholdengo\n|-damage|p2b: Gholdengo|15\/100\n|move|p1a: Azumarill|Aqua Jet|p2b: Gholdengo\n|-damage|p2b: Gholdengo|0 fnt\n|faint|p2b: Gholdengo\n|move|p2a: Great Tusk|Close Combat|p1b: Chien-Pao\n|-supereffective|p1b: Chien-Pao\n|-enditem|p1b: Chien-Pao|Focus Sash\n|-damage|p1b: Chien-Pao|1\/100\n|-unboost|p2a: Great Tusk|def|1\n|-unboost|p2a: Great Tusk|spd|1\n|\n|upkeep\n|\n|t:|1682569083\n|switch|p2b: Flutter Mane|Flutter Mane, L50|1\/100\n|turn|6\n|\n|t:|1682569101\n|switch|p1b: Pelipper|Pelipper, L50, F|100\/100\n|-weather|RainDance|[from] ability: Drizzle|[of] p1b: Pelipper\n|move|p1a: Azumarill|Aqua Jet|p2a: Great Tusk\n|-supereffective|p2a: Great Tusk\n|-damage|p2a: Great Tusk|11\/100\n|move|p2b: Flutter Mane|Icy Wind|p1b: Pelipper|[spread] p1a,p1b\n|-resisted|p1a: Azumarill\n|-damage|p1a: Azumarill|70\/100\n|-damage|p1b: Pelipper|85\/100\n|-unboost|p1a: Azumarill|spe|1\n|-unboost|p1b: Pelipper|spe|1\n|move|p2a: Great Tusk|Headlong Rush|p1a: Azumarill\n|-damage|p1a: Azumarill|0 fnt\n|-unboost|p2a: Great Tusk|def|1\n|-unboost|p2a: Great Tusk|spd|1\n|faint|p1a: Azumarill\n|\n|-weather|RainDance|[upkeep]\n|upkeep\n|\n|t:|1682569132\n|switch|p1a: Chien-Pao|Chien-Pao, L50|1\/100\n|-ability|p1a: Chien-Pao|Sword of Ruin\n|turn|7\n|\n|t:|1682569150\n|move|p1a: Chien-Pao|Protect|p1a: Chien-Pao\n|-singleturn|p1a: Chien-Pao|Protect\n|move|p2b: Flutter Mane|Icy Wind|p1a: Chien-Pao|[spread] \n|-activate|p1a: Chien-Pao|move: Protect\n|-miss|p2b: Flutter Mane|p1b: Pelipper\n|move|p2a: Great Tusk|Close Combat|p1b: Pelipper\n|-resisted|p1b: Pelipper\n|-damage|p1b: Pelipper|32\/100\n|-unboost|p2a: Great Tusk|def|1\n|-unboost|p2a: Great Tusk|spd|1\n|-enditem|p1b: Pelipper|Sitrus Berry|[eat]\n|-heal|p1b: Pelipper|57\/100|[from] item: Sitrus Berry\n|move|p1b: Pelipper|Tailwind|p1b: Pelipper\n|-sidestart|p1: Gholdjunge|move: Tailwind\n|\n|-weather|RainDance|[upkeep]\n|-sideend|p2: So Romantic!!|move: Tailwind\n|upkeep\n|turn|8\n|-message|So Romantic!! forfeited.\n|\n|win|Gholdjunge\n|raw|Gholdjunge's rating: 1609 → 1630<\/strong> (+21 for winning)\n|raw|So Romantic!!'s rating: 1628 → 1607<\/strong> (-21 for losing)\n|l|\u2606So Romantic!!\n","uploadtime":1682569189,"views":11,"p1id":"gholdjunge","p2id":"soromantic","formatid":"gen9vgc2023regulationc","rating":1607,"private":0,"password":""}