{"id":"gen9vgc2023regulationc-1861569810","p1":"Animauwu","p2":"MeteorPlayz_","format":"[Gen 9] VGC 2023 Regulation C","log":"|j|\u2606Animauwu\n|j|\u2606MeteorPlayz_\n|t:|1683774612\n|gametype|doubles\n|player|p1|Animauwu|pokekid|\n|player|p2|MeteorPlayz_|az|\n|teamsize|p1|6\n|teamsize|p2|6\n|gen|9\n|tier|[Gen 9] VGC 2023 Regulation C\n|rule|Species Clause: Limit one of each Pok\u00e9mon\n|rule|Item Clause: Limit one of each item\n|clearpoke\n|poke|p1|Tauros-Paldea-Blaze, L50, M|\n|poke|p1|Iron Bundle, L50|\n|poke|p1|Meowscarada, L50, M|\n|poke|p1|Flamigo, L50, F|\n|poke|p1|Bronzong, L50|\n|poke|p1|Oranguru, L50, M|\n|poke|p2|Pawmot, L50, F|\n|poke|p2|Kilowattrel, L50, M|\n|poke|p2|Gholdengo, L50|\n|poke|p2|Chi-Yu, L50|\n|poke|p2|Iron Bundle, L50|\n|poke|p2|Roaring Moon, L50|\n|teampreview|4\n|\n|t:|1683774652\n|start\n|switch|p1a: Iron Bundle|Iron Bundle, L50|100\/100\n|switch|p1b: Bronzong|Bronzong, L50|100\/100\n|switch|p2a: Zapdon\u2019t|Kilowattrel, L50, M, shiny|100\/100\n|switch|p2b: Cadenza|Pawmot, L50, F|100\/100\n|turn|1\n|inactive|Battle timer is ON: inactive players will automatically lose when time's up. (requested by Animauwu)\n|\n|t:|1683774675\n|move|p1a: Iron Bundle|Protect|p1a: Iron Bundle\n|-singleturn|p1a: Iron Bundle|Protect\n|move|p2b: Cadenza|Fake Out|p1a: Iron Bundle\n|-activate|p1a: Iron Bundle|move: Protect\n|move|p2a: Zapdon\u2019t|Discharge|p1b: Bronzong|[spread] p1b\n|-activate|p1a: Iron Bundle|move: Protect\n|-immune|p2b: Cadenza|[from] ability: Volt Absorb\n|-damage|p1b: Bronzong|77\/100\n|-status|p1b: Bronzong|par\n|move|p1b: Bronzong|Light Screen|p1b: Bronzong\n|-sidestart|p1: Animauwu|move: Light Screen\n|\n|-heal|p1b: Bronzong|82\/100 par|[from] item: Leftovers\n|upkeep\n|turn|2\n|inactive|Animauwu has 30 seconds left.\n|\n|t:|1683774703\n|-end|p1a: Iron Bundle|Quark Drive|[silent]\n|switch|p1a: Tauros|Tauros-Paldea-Blaze, L50, M, shiny|100\/100\n|move|p2a: Zapdon\u2019t|Discharge|p1b: Bronzong|[spread] p1a,p1b\n|-immune|p2b: Cadenza|[from] ability: Volt Absorb\n|-damage|p1a: Tauros|70\/100\n|-damage|p1b: Bronzong|67\/100 par\n|-status|p1a: Tauros|par\n|move|p2b: Cadenza|Nuzzle|p1a: Tauros\n|-damage|p1a: Tauros|58\/100 par\n|cant|p1b: Bronzong|par\n|\n|-heal|p1b: Bronzong|72\/100 par|[from] item: Leftovers\n|upkeep\n|turn|3\n|\n|t:|1683774726\n|move|p2a: Zapdon\u2019t|Tailwind|p2a: Zapdon\u2019t\n|-sidestart|p2: MeteorPlayz_|move: Tailwind\n|-start|p2a: Zapdon\u2019t|Charge|Tailwind|[from] ability: Wind Power\n|move|p2b: Cadenza|Close Combat|p1a: Tauros\n|-damage|p1a: Tauros|0 fnt\n|-unboost|p2b: Cadenza|def|1\n|-unboost|p2b: Cadenza|spd|1\n|-enditem|p2b: Cadenza|Eject Pack\n|faint|p1a: Tauros\n|\n|t:|1683774735\n|switch|p2b: \u30c6\u30c4\u30ce\u30c4\u30c4\u30df|Iron Bundle, L50|100\/100\n|cant|p1b: Bronzong|par\n|\n|-heal|p1b: Bronzong|78\/100 par|[from] item: Leftovers\n|upkeep\n|\n|t:|1683774749\n|switch|p1a: Meowscarada|Meowscarada, L50, M|100\/100\n|-item|p1a: Meowscarada|Air Balloon\n|turn|4\n|\n|t:|1683774760\n|move|p2b: \u30c6\u30c4\u30ce\u30c4\u30c4\u30df|Protect|p2b: \u30c6\u30c4\u30ce\u30c4\u30c4\u30df\n|-singleturn|p2b: \u30c6\u30c4\u30ce\u30c4\u30c4\u30df|Protect\n|move|p1a: Meowscarada|Protect|p1a: Meowscarada\n|-start|p1a: Meowscarada|typechange|Normal|[from] ability: Protean\n|-singleturn|p1a: Meowscarada|Protect\n|move|p1b: Bronzong|Protect|p1b: Bronzong\n|-singleturn|p1b: Bronzong|Protect\n|move|p2a: Zapdon\u2019t|Discharge|p1a: Meowscarada|[spread] \n|-activate|p2b: \u30c6\u30c4\u30ce\u30c4\u30c4\u30df|move: Protect\n|-activate|p1a: Meowscarada|move: Protect\n|-activate|p1b: Bronzong|move: Protect\n|-end|p2a: Zapdon\u2019t|Charge|[silent]\n|\n|-heal|p1b: Bronzong|84\/100 par|[from] item: Leftovers\n|upkeep\n|turn|5\n|inactive|Animauwu has 30 seconds left.\n|\n|t:|1683774790\n|-end|p2b: \u30c6\u30c4\u30ce\u30c4\u30c4\u30df|Quark Drive|[silent]\n|switch|p2b: Cadenza|Pawmot, L50, F|100\/100\n|move|p2a: Zapdon\u2019t|Discharge|p1b: Bronzong|[spread] p1a,p1b\n|-immune|p2b: Cadenza|[from] ability: Volt Absorb\n|-damage|p1a: Meowscarada|73\/100\n|-damage|p1b: Bronzong|68\/100 par\n|-enditem|p1a: Meowscarada|Air Balloon\n|move|p1a: Meowscarada|Flower Trick|p2b: Cadenza\n|-crit|p2b: Cadenza\n|-damage|p2b: Cadenza|65\/100\n|move|p1b: Bronzong|Night Shade|p2b: Cadenza\n|-damage|p2b: Cadenza|37\/100\n|\n|-heal|p1b: Bronzong|74\/100 par|[from] item: Leftovers\n|-sideend|p1: Animauwu|move: Light Screen\n|upkeep\n|turn|6\n|j| 012j\n|\n|t:|1683774812\n|move|p1a: Meowscarada|Protect|p1a: Meowscarada\n|-singleturn|p1a: Meowscarada|Protect\n|move|p2a: Zapdon\u2019t|Discharge|p1a: Meowscarada|[spread] p1b\n|-activate|p1a: Meowscarada|move: Protect\n|-heal|p2b: Cadenza|62\/100|[from] ability: Volt Absorb|[of] p2a: Zapdon\u2019t\n|-damage|p1b: Bronzong|50\/100 par\n|move|p2b: Cadenza|Close Combat|p1a: Meowscarada\n|-activate|p1a: Meowscarada|move: Protect\n|move|p1b: Bronzong|Light Screen|p1b: Bronzong\n|-sidestart|p1: Animauwu|move: Light Screen\n|\n|-heal|p1b: Bronzong|56\/100 par|[from] item: Leftovers\n|-sideend|p2: MeteorPlayz_|move: Tailwind\n|upkeep\n|turn|7\n|inactive|Animauwu has 30 seconds left.\n|inactive|Animauwu has 20 seconds left.\n|inactive|Animauwu has 15 seconds left.\n|inactive|Animauwu has 10 seconds left.\n|inactive|Animauwu has 5 seconds left.\n|\n|t:|1683774865\n|-terastallize|p1a: Meowscarada|Rock\n|move|p2a: Zapdon\u2019t|Discharge|p1a: Meowscarada|[spread] p1a,p1b\n|-heal|p2b: Cadenza|87\/100|[from] ability: Volt Absorb|[of] p2a: Zapdon\u2019t\n|-damage|p1a: Meowscarada|43\/100\n|-damage|p1b: Bronzong|41\/100 par\n|-status|p1a: Meowscarada|par\n|move|p2b: Cadenza|Close Combat|p1a: Meowscarada\n|-supereffective|p1a: Meowscarada\n|-damage|p1a: Meowscarada|0 fnt\n|-unboost|p2b: Cadenza|def|1\n|-unboost|p2b: Cadenza|spd|1\n|faint|p1a: Meowscarada\n|cant|p1b: Bronzong|par\n|\n|-heal|p1b: Bronzong|46\/100 par|[from] item: Leftovers\n|upkeep\n|\n|t:|1683774882\n|switch|p1a: Iron Bundle|Iron Bundle, L50|100\/100\n|turn|8\n|\n|t:|1683774895\n|move|p1b: Bronzong|Protect|p1b: Bronzong\n|-singleturn|p1b: Bronzong|Protect\n|move|p1a: Iron Bundle|Hydro Pump|p2b: Cadenza\n|-damage|p2b: Cadenza|0 fnt\n|faint|p2b: Cadenza\n|move|p2a: Zapdon\u2019t|Discharge|p1a: Iron Bundle|[spread] p1a\n|-activate|p1b: Bronzong|move: Protect\n|-supereffective|p1a: Iron Bundle\n|-damage|p1a: Iron Bundle|21\/100\n|\n|-heal|p1b: Bronzong|52\/100 par|[from] item: Leftovers\n|upkeep\n|\n|t:|1683774906\n|switch|p2b: Chi-Yu|Chi-Yu, L50|100\/100\n|-ability|p2b: Chi-Yu|Beads of Ruin\n|turn|9\n|\n|t:|1683774921\n|-terastallize|p2b: Chi-Yu|Grass\n|move|p2b: Chi-Yu|Protect|p2b: Chi-Yu\n|-singleturn|p2b: Chi-Yu|Protect\n|move|p1a: Iron Bundle|Ice Beam|p2a: Zapdon\u2019t\n|-supereffective|p2a: Zapdon\u2019t\n|-crit|p2a: Zapdon\u2019t\n|-damage|p2a: Zapdon\u2019t|0 fnt\n|faint|p2a: Zapdon\u2019t\n|move|p1b: Bronzong|Night Shade|p2b: Chi-Yu\n|-activate|p2b: Chi-Yu|move: Protect\n|\n|-heal|p1b: Bronzong|58\/100 par|[from] item: Leftovers\n|upkeep\n|\n|t:|1683774940\n|switch|p2a: \u30c6\u30c4\u30ce\u30c4\u30c4\u30df|Iron Bundle, L50|100\/100\n|turn|10\n|\n|t:|1683774950\n|move|p1a: Iron Bundle|Ice Beam|p2b: Chi-Yu\n|-supereffective|p2b: Chi-Yu\n|-damage|p2b: Chi-Yu|5\/100\n|move|p2a: \u30c6\u30c4\u30ce\u30c4\u30c4\u30df|Freeze-Dry|p1a: Iron Bundle\n|-damage|p1a: Iron Bundle|0 fnt\n|faint|p1a: Iron Bundle\n|-end|p1a: Iron Bundle|Quark Drive|[silent]\n|move|p2b: Chi-Yu|Heat Wave|p1b: Bronzong\n|-supereffective|p1b: Bronzong\n|-crit|p1b: Bronzong\n|-damage|p1b: Bronzong|0 fnt\n|faint|p1b: Bronzong\n|-damage|p2b: Chi-Yu|0 fnt|[from] item: Life Orb\n|faint|p2b: Chi-Yu\n|\n|win|MeteorPlayz_\n|c|\u2606MeteorPlayz_|gg\n|l|\u2606Animauwu\n","uploadtime":1683774976,"views":27,"p1id":"animauwu","p2id":"meteorplayz","formatid":"gen9vgc2023regulationc","rating":0,"private":0,"password":""}