{"id":"gen9vgc2023regulationc-1852661992","p1":"Ujan_Ujon","p2":"haha u rage quit","format":"[Gen 9] VGC 2023 Regulation C","log":"|j|\u2606Ujan_Ujon\n|j|\u2606haha u rage quit\n|t:|1682592955\n|gametype|doubles\n|player|p1|Ujan_Ujon|101|1258\n|player|p2|haha u rage quit|pokemaniac|1327\n|teamsize|p1|6\n|teamsize|p2|6\n|gen|9\n|tier|[Gen 9] VGC 2023 Regulation C\n|rated|\n|rule|Species Clause: Limit one of each Pok\u00e9mon\n|rule|Item Clause: Limit one of each item\n|clearpoke\n|poke|p1|Arcanine, L50, F|\n|poke|p1|Ting-Lu, L50|\n|poke|p1|Amoonguss, L50, F|\n|poke|p1|Annihilape, L50, M|\n|poke|p1|Maushold, L50|\n|poke|p1|Flutter Mane, L50|\n|poke|p2|Annihilape, L50, M|\n|poke|p2|Iron Bundle, L50|\n|poke|p2|Arcanine, L50, M|\n|poke|p2|Roaring Moon, L50|\n|poke|p2|Gholdengo, L50|\n|poke|p2|Maushold-Four, L50|\n|teampreview|4\n|inactive|Battle timer is ON: inactive players will automatically lose when time's up. (requested by Ujan_Ujon)\n|inactive|Ujan_Ujon has 60 seconds left.\n|inactive|haha u rage quit has 60 seconds left.\n|inactive|haha u rage quit has 30 seconds left.\n|inactive|haha u rage quit has 20 seconds left.\n|inactive|haha u rage quit has 15 seconds left.\n|inactive|haha u rage quit has 10 seconds left.\n|inactive|haha u rage quit has 5 seconds left.\nUjan_Ujon has agreed to open team sheets.\n|\n|t:|1682593045\n|start\n|switch|p1a: Caesar|Annihilape, L50, M, shiny|100\/100\n|switch|p1b: Selahn|Maushold, L50, shiny|100\/100\n|switch|p2a: Annihilape|Annihilape, L50, M|100\/100\n|switch|p2b: Iron Bundle|Iron Bundle, L50, shiny|100\/100\n|turn|1\n|inactive|haha u rage quit has 30 seconds left.\n|inactive|haha u rage quit has 20 seconds left.\n|\n|t:|1682593081\n|-terastallize|p2a: Annihilape|Fire\n|move|p2b: Iron Bundle|Protect|p2b: Iron Bundle\n|-singleturn|p2b: Iron Bundle|Protect\n|move|p1b: Selahn|Follow Me|p1b: Selahn\n|-singleturn|p1b: Selahn|move: Follow Me\n|move|p1a: Caesar|Drain Punch|p2b: Iron Bundle\n|-activate|p2b: Iron Bundle|move: Protect\n|move|p2a: Annihilape|Bulk Up|p2a: Annihilape\n|-boost|p2a: Annihilape|atk|1\n|-boost|p2a: Annihilape|def|1\n|\n|upkeep\n|turn|2\n|inactive|haha u rage quit has 30 seconds left.\n|\n|t:|1682593114\n|-end|p2b: Iron Bundle|Quark Drive|[silent]\n|switch|p2b: Arcanine|Arcanine, L50, M|100\/100\n|-ability|p2b: Arcanine|Intimidate|boost\n|-unboost|p1a: Caesar|atk|1\n|-ability|p1a: Caesar|Defiant|boost\n|-boost|p1a: Caesar|atk|2\n|-unboost|p1b: Selahn|atk|1\n|move|p1b: Selahn|Follow Me|p1b: Selahn\n|-singleturn|p1b: Selahn|move: Follow Me\n|move|p1a: Caesar|Drain Punch|p2b: Arcanine\n|-damage|p2b: Arcanine|57\/100\n|move|p2a: Annihilape|Drain Punch|p1b: Selahn\n|-supereffective|p1b: Selahn\n|-damage|p1b: Selahn|0 fnt\n|faint|p1b: Selahn\n|\n|upkeep\n|\n|t:|1682593129\n|switch|p1b: Annoying|Ting-Lu, L50|100\/100\n|-ability|p1b: Annoying|Vessel of Ruin\n|turn|3\n|inactive|haha u rage quit has 30 seconds left.\n|inactive|haha u rage quit has 20 seconds left.\n|inactive|haha u rage quit has 15 seconds left.\n|\n|t:|1682593174\n|move|p1a: Caesar|Protect|p1a: Caesar\n|-singleturn|p1a: Caesar|Protect\n|move|p2b: Arcanine|Close Combat|p1b: Annoying\n|-supereffective|p1b: Annoying\n|-damage|p1b: Annoying|55\/100\n|-unboost|p2b: Arcanine|def|1\n|-unboost|p2b: Arcanine|spd|1\n|move|p2a: Annihilape|Rage Fist|p1a: Caesar\n|-activate|p1a: Caesar|move: Protect\n|move|p1b: Annoying|Stomping Tantrum|p2a: Annihilape\n|-supereffective|p2a: Annihilape\n|-damage|p2a: Annihilape|60\/100\n|\n|-heal|p2a: Annihilape|66\/100|[from] item: Leftovers\n|upkeep\n|turn|4\n|inactive|Ujan_Ujon has 30 seconds left.\n|\n|t:|1682593204\n|move|p1a: Caesar|Drain Punch|p2a: Annihilape\n|-damage|p2a: Annihilape|36\/100\n|move|p2b: Arcanine|Close Combat|p1b: Annoying\n|-supereffective|p1b: Annoying\n|-damage|p1b: Annoying|15\/100\n|-unboost|p2b: Arcanine|def|1\n|-unboost|p2b: Arcanine|spd|1\n|move|p2a: Annihilape|Rage Fist|p1a: Caesar\n|-supereffective|p1a: Caesar\n|-crit|p1a: Caesar\n|-damage|p1a: Caesar|0 fnt\n|faint|p1a: Caesar\n|move|p1b: Annoying|Fissure|p2b: Arcanine\n|-damage|p2b: Arcanine|0 fnt\n|faint|p2b: Arcanine\n|-ohko\n|\n|-heal|p2a: Annihilape|42\/100|[from] item: Leftovers\n|upkeep\n|\n|t:|1682593221\n|switch|p1a: Flutter Mane|Flutter Mane, L50|100\/100\n|switch|p2b: Iron Bundle|Iron Bundle, L50, shiny|100\/100\n|-enditem|p1a: Flutter Mane|Booster Energy\n|-activate|p1a: Flutter Mane|ability: Protosynthesis|[fromitem]\n|-start|p1a: Flutter Mane|protosynthesisspe\n|turn|5\n|\n|t:|1682593235\n|move|p2a: Annihilape|Protect|p2a: Annihilape\n|-singleturn|p2a: Annihilape|Protect\n|move|p1a: Flutter Mane|Moonblast|p2b: Iron Bundle\n|-damage|p2b: Iron Bundle|16\/100\n|move|p2b: Iron Bundle|Freeze-Dry|p1b: Annoying\n|-supereffective|p1b: Annoying\n|-damage|p1b: Annoying|0 fnt\n|faint|p1b: Annoying\n|\n|-heal|p2a: Annihilape|48\/100|[from] item: Leftovers\n|upkeep\n|turn|6\n|\n|t:|1682593253\n|-terastallize|p1a: Flutter Mane|Grass\n|move|p1a: Flutter Mane|Moonblast|p2b: Iron Bundle\n|-damage|p2b: Iron Bundle|0 fnt\n|faint|p2b: Iron Bundle\n|-end|p2b: Iron Bundle|Quark Drive|[silent]\n|move|p2a: Annihilape|Rage Fist|p1a: Flutter Mane\n|-damage|p1a: Flutter Mane|0 fnt\n|faint|p1a: Flutter Mane\n|-end|p1a: Flutter Mane|Protosynthesis|[silent]\n|\n|win|haha u rage quit\n|raw|Ujan_Ujon's rating: 1258 → 1238<\/strong> (-20 for losing)\n|raw|haha u rage quit's rating: 1327 → 1343<\/strong> (+16 for winning)\n|c|\u2606Ujan_Ujon|gg\n|l|\u2606Ujan_Ujon\n","uploadtime":1682593273,"views":7,"p1id":"ujanujon","p2id":"hahauragequit","formatid":"gen9vgc2023regulationc","rating":1238,"private":0,"password":""}