{"id":"gen9vgc2023regulationc-1853158067","p1":"Edro360","p2":"kdnsjfq","format":"[Gen 9] VGC 2023 Regulation C","log":"|j|\u2606Edro360\n|j|\u2606kdnsjfq\n|t:|1682642275\n|gametype|doubles\n|player|p1|Edro360|170|1174\n|player|p2|kdnsjfq|1|1157\n|teamsize|p1|6\n|teamsize|p2|6\n|gen|9\n|tier|[Gen 9] VGC 2023 Regulation C\n|rated|\n|rule|Species Clause: Limit one of each Pok\u00e9mon\n|rule|Item Clause: Limit one of each item\n|clearpoke\n|poke|p1|Chi-Yu, L50|\n|poke|p1|Ceruledge, L50, M|\n|poke|p1|Dachsbun, L50, F|\n|poke|p1|Iron Hands, L50|\n|poke|p1|Maushold-Four, L50|\n|poke|p1|Baxcalibur, L50, F|\n|poke|p2|Iron Bundle, L50|\n|poke|p2|Coalossal, L50, F|\n|poke|p2|Iron Hands, L50|\n|poke|p2|Grimmsnarl, L50, M|\n|poke|p2|Gholdengo, L50|\n|poke|p2|Amoonguss, L50, F|\n|teampreview|4\n|c|\u2606kdnsjfq|good luck\n|inactive|Battle timer is ON: inactive players will automatically lose when time's up. (requested by Edro360)\n|\n|t:|1682642309\n|start\n|switch|p1a: Chi-Yu|Chi-Yu, L50|100\/100\n|switch|p1b: Dachsbun|Dachsbun, L50, F|100\/100\n|switch|p2a: Grimmsnarl|Grimmsnarl, L50, M|100\/100\n|switch|p2b: Gholdengo|Gholdengo, L50|100\/100\n|-ability|p1a: Chi-Yu|Beads of Ruin\n|turn|1\n|inactive|Edro360 has 30 seconds left.\n|\n|t:|1682642339\n|-terastallize|p1b: Dachsbun|Fighting\n|move|p2b: Gholdengo|Protect|p2b: Gholdengo\n|-singleturn|p2b: Gholdengo|Protect\n|move|p1b: Dachsbun|Body Press|p2a: Grimmsnarl\n|-crit|p2a: Grimmsnarl\n|-damage|p2a: Grimmsnarl|37\/100\n|move|p1a: Chi-Yu|Lava Plume|p2b: Gholdengo|[spread] p2a\n|-activate|p2b: Gholdengo|move: Protect\n|-ability|p1b: Dachsbun|Well-Baked Body|boost\n|-boost|p1b: Dachsbun|def|2\n|-damage|p2a: Grimmsnarl|0 fnt\n|faint|p2a: Grimmsnarl\n|\n|upkeep\n|\n|t:|1682642352\n|switch|p2a: Iron Hands|Iron Hands, L50|100\/100\n|turn|2\n|\n|t:|1682642359\n|move|p1b: Dachsbun|Protect|p1b: Dachsbun\n|-singleturn|p1b: Dachsbun|Protect\n|move|p1a: Chi-Yu|Protect|p1a: Chi-Yu\n|-singleturn|p1a: Chi-Yu|Protect\n|move|p2a: Iron Hands|Fake Out|p1a: Chi-Yu\n|-activate|p1a: Chi-Yu|move: Protect\n|move|p2b: Gholdengo|Make It Rain|p1b: Dachsbun|[spread] \n|-activate|p1a: Chi-Yu|move: Protect\n|-activate|p1b: Dachsbun|move: Protect\n|\n|upkeep\n|turn|3\n|\n|t:|1682642380\n|move|p2b: Gholdengo|Protect|p2b: Gholdengo\n|-singleturn|p2b: Gholdengo|Protect\n|move|p1b: Dachsbun|Body Press|p2a: Iron Hands\n|-damage|p2a: Iron Hands|61\/100\n|move|p1a: Chi-Yu|Lava Plume|p2a: Iron Hands|[spread] p2a\n|-activate|p2b: Gholdengo|move: Protect\n|-ability|p1b: Dachsbun|Well-Baked Body|boost\n|-boost|p1b: Dachsbun|def|2\n|-damage|p2a: Iron Hands|43\/100\n|move|p2a: Iron Hands|Close Combat|p1a: Chi-Yu\n|-supereffective|p1a: Chi-Yu\n|-enditem|p1a: Chi-Yu|Focus Sash\n|-damage|p1a: Chi-Yu|1\/100\n|-unboost|p2a: Iron Hands|def|1\n|-unboost|p2a: Iron Hands|spd|1\n|\n|upkeep\n|turn|4\n|inactive|Edro360 has 30 seconds left.\n|inactive|kdnsjfq has 30 seconds left.\n|inactive|kdnsjfq has 20 seconds left.\n|\n|t:|1682642420\n|move|p1b: Dachsbun|Body Press|p2a: Iron Hands\n|-damage|p2a: Iron Hands|0 fnt\n|faint|p2a: Iron Hands\n|-end|p2a: Iron Hands|Quark Drive|[silent]\n|move|p2b: Gholdengo|Make It Rain|p1a: Chi-Yu|[spread] p1a,p1b\n|-resisted|p1a: Chi-Yu\n|-damage|p1a: Chi-Yu|0 fnt\n|-damage|p1b: Dachsbun|0 fnt\n|-unboost|p2b: Gholdengo|spa|1\n|faint|p1a: Chi-Yu\n|faint|p1b: Dachsbun\n|-damage|p2b: Gholdengo|91\/100|[from] item: Life Orb\n|\n|upkeep\n|\n|t:|1682642434\n|switch|p1b: Iron Hands|Iron Hands, L50|100\/100\n|switch|p1a: Ceruledge|Ceruledge, L50, M|100\/100\n|switch|p2a: Iron Bundle|Iron Bundle, L50|100\/100\n|-enditem|p2a: Iron Bundle|Booster Energy\n|-activate|p2a: Iron Bundle|ability: Quark Drive|[fromitem]\n|-start|p2a: Iron Bundle|quarkdrivespe\n|turn|5\n|\n|t:|1682642451\n|move|p2a: Iron Bundle|Protect|p2a: Iron Bundle\n|-singleturn|p2a: Iron Bundle|Protect\n|move|p2b: Gholdengo|Protect|p2b: Gholdengo\n|-singleturn|p2b: Gholdengo|Protect\n|move|p1b: Iron Hands|Fake Out|p2a: Iron Bundle\n|-activate|p2a: Iron Bundle|move: Protect\n|move|p1a: Ceruledge|Bulk Up|p1a: Ceruledge\n|-boost|p1a: Ceruledge|atk|1\n|-boost|p1a: Ceruledge|def|1\n|\n|upkeep\n|turn|6\n|inactive|Edro360 has 30 seconds left.\n|\n|t:|1682642479\n|move|p1a: Ceruledge|Protect|p1a: Ceruledge\n|-singleturn|p1a: Ceruledge|Protect\n|move|p2a: Iron Bundle|Hydro Pump|p1a: Ceruledge\n|-activate|p1a: Ceruledge|move: Protect\n|move|p2b: Gholdengo|Nasty Plot|p2b: Gholdengo\n|-boost|p2b: Gholdengo|spa|2\n|move|p1b: Iron Hands|Drain Punch|p2a: Iron Bundle\n|-supereffective|p2a: Iron Bundle\n|-damage|p2a: Iron Bundle|0 fnt\n|faint|p2a: Iron Bundle\n|-end|p2a: Iron Bundle|Quark Drive|[silent]\n|\n|upkeep\n|turn|7\n|\n|t:|1682642501\n|-terastallize|p2b: Gholdengo|Steel\n|move|p2b: Gholdengo|Shadow Ball|p1a: Ceruledge\n|-supereffective|p1a: Ceruledge\n|-damage|p1a: Ceruledge|0 fnt\n|faint|p1a: Ceruledge\n|-damage|p2b: Gholdengo|81\/100|[from] item: Life Orb\n|move|p1b: Iron Hands|Wild Charge|p2b: Gholdengo\n|-damage|p2b: Gholdengo|16\/100\n|-damage|p1b: Iron Hands|91\/100|[from] Recoil\n|\n|upkeep\n|turn|8\n|c|\u2606kdnsjfq|gg\n|\n|t:|1682642516\n|move|p2b: Gholdengo|Shadow Ball|p1b: Iron Hands\n|-damage|p1b: Iron Hands|35\/100\n|-damage|p2b: Gholdengo|7\/100|[from] item: Life Orb\n|move|p1b: Iron Hands|Drain Punch|p2b: Gholdengo\n|-supereffective|p2b: Gholdengo\n|-damage|p2b: Gholdengo|0 fnt\n|-heal|p1b: Iron Hands|37\/100|[from] drain|[of] p2b: Gholdengo\n|faint|p2b: Gholdengo\n|\n|win|Edro360\n|raw|Edro360's rating: 1174 → 1198<\/strong> (+24 for winning)\n|raw|kdnsjfq's rating: 1157 → 1133<\/strong> (-24 for losing)\n|l|\u2606kdnsjfq\n","uploadtime":1682642528,"views":7,"p1id":"edro360","p2id":"kdnsjfq","formatid":"gen9vgc2023regulationc","rating":1133,"private":0,"password":""}