{"id":"gen9vgc2023regulationc-1857795103","p1":"StormZzUwU","p2":"Gym Leader Norvie","format":"[Gen 9] VGC 2023 Regulation C","log":"|j|\u2606StormZzUwU\n|j|\u2606Gym Leader Norvie\n|t:|1683232515\n|gametype|doubles\n|player|p1|StormZzUwU|102|1094\n|player|p2|Gym Leader Norvie|aaron|1000\n|teamsize|p1|6\n|teamsize|p2|6\n|gen|9\n|tier|[Gen 9] VGC 2023 Regulation C\n|rated|\n|rule|Species Clause: Limit one of each Pok\u00e9mon\n|rule|Item Clause: Limit one of each item\n|clearpoke\n|poke|p1|Chien-Pao, L50|\n|poke|p1|Ceruledge, L50, F|\n|poke|p1|Brute Bonnet, L50|\n|poke|p1|Orthworm, L50, F|\n|poke|p1|Garchomp, L50, M|\n|poke|p1|Kilowattrel, L50, F|\n|poke|p2|Grimmsnarl, L50, M|\n|poke|p2|Mudsdale, L50, M|\n|poke|p2|Tatsugiri, L50, M|\n|poke|p2|Greedent, L50, M|\n|poke|p2|Dragapult, L50, M|\n|poke|p2|Dondozo, L50, M|\n|teampreview|4\n|j| Trebl3r\n|\n|t:|1683232573\n|start\n|switch|p1a: Kilowattrel|Kilowattrel, L50, F, shiny|100\/100\n|switch|p1b: Chien-Pao|Chien-Pao, L50|100\/100\n|switch|p2a: Tatsugiri|Tatsugiri, L50, M|100\/100\n|switch|p2b: Dondozo|Dondozo, L50, M, shiny|100\/100\n|-activate|p2a: Tatsugiri|ability: Commander|[of] p2b: Dondozo\n|-boost|p2b: Dondozo|atk|2\n|-boost|p2b: Dondozo|spa|2\n|-boost|p2b: Dondozo|spe|2\n|-boost|p2b: Dondozo|def|2\n|-boost|p2b: Dondozo|spd|2\n|-ability|p1b: Chien-Pao|Sword of Ruin\n|turn|1\n|\n|t:|1683232650\n|switch|p1b: Brute Bonnet|Brute Bonnet, L50|100\/100\n|-terastallize|p2b: Dondozo|Electric\n|move|p1a: Kilowattrel|Tailwind|p1a: Kilowattrel\n|-sidestart|p1: StormZzUwU|move: Tailwind\n|move|p2b: Dondozo|Order Up|p1a: Kilowattrel\n|-damage|p1a: Kilowattrel|9\/100\n|-boost|p2b: Dondozo|atk|1\n|\n|upkeep\n|turn|2\n|\n|t:|1683232672\n|switch|p1a: Garchomp|Garchomp, L50, M, shiny|100\/100\n|move|p1b: Brute Bonnet|Spore|p2b: Dondozo\n|-status|p2b: Dondozo|slp|[from] move: Spore\n|cant|p2b: Dondozo|slp\n|\n|upkeep\n|turn|3\n|\n|t:|1683232710\n|move|p1b: Brute Bonnet|Rage Powder|p1b: Brute Bonnet\n|-singleturn|p1b: Brute Bonnet|move: Rage Powder\n|move|p1a: Garchomp|Earthquake|p2a: Tatsugiri|[spread] p1b,p2b\n|-miss|p1a: Garchomp|p2a: Tatsugiri\n|-resisted|p1b: Brute Bonnet\n|-supereffective|p2b: Dondozo\n|-damage|p1b: Brute Bonnet|84\/100\n|-damage|p2b: Dondozo|79\/100 slp\n|-curestatus|p2b: Dondozo|slp|[msg]\n|move|p2b: Dondozo|Sleep Talk||[still]\n|-fail|p2b: Dondozo\n|\n|-heal|p1b: Brute Bonnet|90\/100|[from] item: Leftovers\n|-heal|p2b: Dondozo|85\/100|[from] item: Leftovers\n|upkeep\n|turn|4\n|inactive|Battle timer is ON: inactive players will automatically lose when time's up. (requested by Gym Leader Norvie)\n|inactive|StormZzUwU has 60 seconds left.\n|l| Trebl3r\n|inactive|StormZzUwU has 30 seconds left.\n|inactive|StormZzUwU has 20 seconds left.\n|\n|t:|1683232781\n|move|p1a: Garchomp|Earthquake|p2a: Tatsugiri|[spread] p1b,p2b\n|-miss|p1a: Garchomp|p2a: Tatsugiri\n|-resisted|p1b: Brute Bonnet\n|-supereffective|p2b: Dondozo\n|-damage|p1b: Brute Bonnet|73\/100\n|-damage|p2b: Dondozo|63\/100\n|move|p1b: Brute Bonnet|Spore|p2b: Dondozo\n|-status|p2b: Dondozo|slp|[from] move: Spore\n|cant|p2b: Dondozo|slp\n|move|p2b: Dondozo|Sleep Talk|p2b: Dondozo\n|move|p2b: Dondozo|Rest||[from]move: Sleep Talk|[still]\n|-fail|p2b: Dondozo\n|\n|-heal|p1b: Brute Bonnet|78\/100|[from] item: Leftovers\n|-heal|p2b: Dondozo|69\/100 slp|[from] item: Leftovers\n|-sideend|p1: StormZzUwU|move: Tailwind\n|upkeep\n|turn|5\n|inactive|Gym Leader Norvie has 30 seconds left.\n|inactive|Gym Leader Norvie has 20 seconds left.\n|\n|t:|1683232820\n|move|p1a: Garchomp|Earthquake|p2b: Dondozo|[spread] p1b,p2b\n|-miss|p1a: Garchomp|p2a: Tatsugiri\n|-resisted|p1b: Brute Bonnet\n|-supereffective|p2b: Dondozo\n|-damage|p1b: Brute Bonnet|61\/100\n|-damage|p2b: Dondozo|48\/100 slp\n|move|p1b: Brute Bonnet|Seed Bomb|p2b: Dondozo\n|-damage|p2b: Dondozo|37\/100 slp\n|cant|p2b: Dondozo|slp\n|move|p2b: Dondozo|Sleep Talk|p2b: Dondozo\n|move|p2b: Dondozo|Order Up|p1b: Brute Bonnet|[from]move: Sleep Talk\n|-damage|p1b: Brute Bonnet|5\/100\n|-boost|p2b: Dondozo|atk|1\n|\n|-heal|p1b: Brute Bonnet|11\/100|[from] item: Leftovers\n|-heal|p2b: Dondozo|43\/100 slp|[from] item: Leftovers\n|upkeep\n|turn|6\n|inactive|StormZzUwU has 30 seconds left.\n|\n|t:|1683232851\n|-end|p1b: Brute Bonnet|Protosynthesis|[silent]\n|switch|p1b: Kilowattrel|Kilowattrel, L50, F, shiny|9\/100\n|move|p1a: Garchomp|Earthquake|p2b: Dondozo|[spread] p2b\n|-miss|p1a: Garchomp|p2a: Tatsugiri\n|-immune|p1b: Kilowattrel\n|-supereffective|p2b: Dondozo\n|-damage|p2b: Dondozo|16\/100 slp\n|-curestatus|p2b: Dondozo|slp|[msg]\n|move|p2b: Dondozo|Rest|p2b: Dondozo\n|-status|p2b: Dondozo|slp|[from] move: Rest\n|-heal|p2b: Dondozo|100\/100 slp|[silent]\n|\n|upkeep\n|turn|7\n|inactive|StormZzUwU has 30 seconds left.\n|inactive|StormZzUwU has 20 seconds left.\n|\n|t:|1683232887\n|move|p1b: Kilowattrel|Tailwind|p1b: Kilowattrel\n|-sidestart|p1: StormZzUwU|move: Tailwind\n|move|p1a: Garchomp|Earthquake|p2a: Tatsugiri|[spread] p2b\n|-miss|p1a: Garchomp|p2a: Tatsugiri\n|-immune|p1b: Kilowattrel\n|-supereffective|p2b: Dondozo\n|-damage|p2b: Dondozo|75\/100 slp\n|cant|p2b: Dondozo|slp\n|move|p2b: Dondozo|Sleep Talk|p2b: Dondozo\n|move|p2b: Dondozo|Rest||[from]move: Sleep Talk|[still]\n|-fail|p2b: Dondozo\n|\n|-heal|p2b: Dondozo|81\/100 slp|[from] item: Leftovers\n|upkeep\n|turn|8\n|inactive|StormZzUwU has 30 seconds left.\n|inactive|StormZzUwU has 20 seconds left.\n|inactive|StormZzUwU has 15 seconds left.\n|inactive|StormZzUwU has 10 seconds left.\n|\n|t:|1683232935\n|move|p1b: Kilowattrel|Air Slash|p2b: Dondozo\n|-resisted|p2b: Dondozo\n|-damage|p2b: Dondozo|73\/100 slp\n|move|p1a: Garchomp|Earthquake|p2a: Tatsugiri|[spread] p2b\n|-miss|p1a: Garchomp|p2a: Tatsugiri\n|-immune|p1b: Kilowattrel\n|-supereffective|p2b: Dondozo\n|-damage|p2b: Dondozo|49\/100 slp\n|cant|p2b: Dondozo|slp\n|move|p2b: Dondozo|Sleep Talk|p2b: Dondozo\n|move|p2b: Dondozo|Order Up|p1a: Garchomp|[from]move: Sleep Talk\n|-supereffective|p1a: Garchomp\n|-damage|p1a: Garchomp|0 fnt\n|faint|p1a: Garchomp\n|-boost|p2b: Dondozo|atk|1\n|\n|-heal|p2b: Dondozo|55\/100 slp|[from] item: Leftovers\n|upkeep\n|\n|t:|1683232953\n|switch|p1a: Chien-Pao|Chien-Pao, L50|100\/100\n|-ability|p1a: Chien-Pao|Sword of Ruin\n|turn|9\n|\n|t:|1683232974\n|move|p1a: Chien-Pao|Sacred Sword|p2b: Dondozo\n|-damage|p2b: Dondozo|30\/100 slp\n|move|p1b: Kilowattrel|Air Slash|p2b: Dondozo\n|-resisted|p2b: Dondozo\n|-damage|p2b: Dondozo|23\/100 slp\n|-curestatus|p2b: Dondozo|slp|[msg]\n|move|p2b: Dondozo|Rest|p2b: Dondozo\n|-status|p2b: Dondozo|slp|[from] move: Rest\n|-heal|p2b: Dondozo|100\/100 slp|[silent]\n|\n|upkeep\n|turn|10\n|\n|t:|1683232991\n|move|p1a: Chien-Pao|Sacred Sword|p2b: Dondozo\n|-damage|p2b: Dondozo|74\/100 slp\n|move|p1b: Kilowattrel|Air Slash|p2b: Dondozo\n|-resisted|p2b: Dondozo\n|-damage|p2b: Dondozo|65\/100 slp\n|cant|p2b: Dondozo|slp\n|move|p2b: Dondozo|Sleep Talk|p2b: Dondozo\n|move|p2b: Dondozo|Order Up|p1a: Chien-Pao|[from]move: Sleep Talk\n|-crit|p1a: Chien-Pao\n|-enditem|p1a: Chien-Pao|Focus Sash\n|-damage|p1a: Chien-Pao|1\/100\n|-boost|p2b: Dondozo|atk|1\n|\n|-heal|p2b: Dondozo|72\/100 slp|[from] item: Leftovers\n|-sideend|p1: StormZzUwU|move: Tailwind\n|upkeep\n|turn|11\n|inactive|StormZzUwU has 30 seconds left.\n|\n|t:|1683233018\n|move|p1a: Chien-Pao|Sacred Sword|p2b: Dondozo\n|-damage|p2b: Dondozo|46\/100 slp\n|move|p1b: Kilowattrel|Air Slash|p2b: Dondozo|[miss]\n|-miss|p1b: Kilowattrel|p2b: Dondozo\n|cant|p2b: Dondozo|slp\n|move|p2b: Dondozo|Sleep Talk|p2b: Dondozo\n|move|p2b: Dondozo|Rest||[from]move: Sleep Talk|[still]\n|-fail|p2b: Dondozo\n|\n|-heal|p2b: Dondozo|52\/100 slp|[from] item: Leftovers\n|upkeep\n|turn|12\n|inactive|Gym Leader Norvie has 30 seconds left.\n|inactiveoff|Battle timer is now OFF.\n|inactive|Battle timer is ON: inactive players will automatically lose when time's up. (requested by StormZzUwU)\n|\n|t:|1683233053\n|move|p1a: Chien-Pao|Sacred Sword|p2b: Dondozo\n|-damage|p2b: Dondozo|29\/100 slp\n|move|p1b: Kilowattrel|Air Slash|p2b: Dondozo\n|-resisted|p2b: Dondozo\n|-crit|p2b: Dondozo\n|-damage|p2b: Dondozo|2\/100 slp\n|-curestatus|p2b: Dondozo|slp|[msg]\n|move|p2b: Dondozo|Order Up|p1b: Kilowattrel\n|-damage|p1b: Kilowattrel|0 fnt\n|faint|p1b: Kilowattrel\n|-boost|p2b: Dondozo|atk|0\n|\n|-heal|p2b: Dondozo|8\/100|[from] item: Leftovers\n|upkeep\n|\n|t:|1683233066\n|switch|p1b: Brute Bonnet|Brute Bonnet, L50|11\/100\n|turn|13\n|\n|t:|1683233085\n|move|p1a: Chien-Pao|Sacred Sword|p2b: Dondozo\n|-damage|p2b: Dondozo|0 fnt\n|faint|p2b: Dondozo\n|move|p1b: Brute Bonnet|Spore|p2a: Tatsugiri\n|-status|p2a: Tatsugiri|slp|[from] move: Spore\n|\n|-heal|p1b: Brute Bonnet|17\/100|[from] item: Leftovers\n|upkeep\n|\n|t:|1683233092\n|switch|p2b: Mudsdale|Mudsdale, L50, M, shiny|100\/100\n|turn|14\n|\n|t:|1683233113\n|cant|p2a: Tatsugiri|slp\n|move|p1a: Chien-Pao|Ice Spinner|p2b: Mudsdale\n|-supereffective|p2b: Mudsdale\n|-damage|p2b: Mudsdale|15\/100\n|-ability|p2b: Mudsdale|Stamina|boost\n|-boost|p2b: Mudsdale|def|1\n|move|p1b: Brute Bonnet|Spore|p2b: Mudsdale\n|-status|p2b: Mudsdale|slp|[from] move: Spore\n|cant|p2b: Mudsdale|slp\n|\n|-heal|p1b: Brute Bonnet|23\/100|[from] item: Leftovers\n|upkeep\n|turn|15\n|inactive|StormZzUwU has 30 seconds left.\n|\n|t:|1683233141\n|move|p1b: Brute Bonnet|Sucker Punch|p2a: Tatsugiri\n|-damage|p2a: Tatsugiri|33\/100 slp\n|cant|p2a: Tatsugiri|slp\n|move|p1a: Chien-Pao|Ice Spinner|p2a: Tatsugiri\n|-damage|p2a: Tatsugiri|0 fnt\n|faint|p2a: Tatsugiri\n|cant|p2b: Mudsdale|slp\n|\n|-heal|p1b: Brute Bonnet|28\/100|[from] item: Leftovers\n|upkeep\n|\n|t:|1683233151\n|switch|p2a: Greedent|Greedent, L50, M, shiny|100\/100\n|turn|16\n|\n|t:|1683233167\n|move|p1a: Chien-Pao|Ice Spinner|p2b: Mudsdale\n|-supereffective|p2b: Mudsdale\n|-damage|p2b: Mudsdale|0 fnt\n|faint|p2b: Mudsdale\n|move|p1b: Brute Bonnet|Spore|p2a: Greedent\n|-status|p2a: Greedent|slp|[from] move: Spore\n|cant|p2a: Greedent|slp\n|\n|-heal|p1b: Brute Bonnet|34\/100|[from] item: Leftovers\n|upkeep\n|turn|17\n|-message|Gym Leader Norvie forfeited.\n|\n|win|StormZzUwU\n|raw|StormZzUwU's rating: 1094 → 1113<\/strong> (+19 for winning)\n|raw|Gym Leader Norvie's rating: 1000 → 1000<\/strong> (+0 for losing)\n|l|\u2606Gym Leader Norvie\n|j| Trebl3r\n","uploadtime":1683233974,"views":8,"p1id":"stormzzuwu","p2id":"gymleadernorvie","formatid":"gen9vgc2023regulationc","rating":1000,"private":0,"password":""}