{"id":"gen9vgc2023regulationc-1862625135","p1":"AndyLaVGC","p2":"Test4Sum","format":"[Gen 9] VGC 2023 Regulation C","log":"|j|\u2606AndyLaVGC\n|j|\u2606Test4Sum\n|t:|1683906683\n|gametype|doubles\n|player|p1|AndyLaVGC|265|1429\n|player|p2|Test4Sum|265|1385\n|teamsize|p1|6\n|teamsize|p2|6\n|gen|9\n|tier|[Gen 9] VGC 2023 Regulation C\n|rated|\n|rule|Species Clause: Limit one of each Pok\u00e9mon\n|rule|Item Clause: Limit one of each item\n|clearpoke\n|poke|p1|Numel, L50, M|\n|poke|p1|Torkoal, L50, M|\n|poke|p1|Mimikyu, L50, M|\n|poke|p1|Amoonguss, L50, M|\n|poke|p1|Flutter Mane, L50|\n|poke|p1|Chi-Yu, L50|\n|poke|p2|Dragonite, L50, M|\n|poke|p2|Chien-Pao, L50|\n|poke|p2|Palafin, L50, F|\n|poke|p2|Great Tusk, L50|\n|poke|p2|Talonflame, L50, F|\n|poke|p2|Brute Bonnet, L50|\n|teampreview|4\n|\n|t:|1683906752\n|start\n|switch|p1a: Torkoal|Torkoal, L50, M|100\/100\n|switch|p1b: Mimikyu|Mimikyu, L50, M|100\/100\n|switch|p2a: Dragonite|Dragonite, L50, M|100\/100\n|switch|p2b: Brute Bonnet|Brute Bonnet, L50|100\/100\n|-weather|SunnyDay|[from] ability: Drought|[of] p1a: Torkoal\n|-activate|p2b: Brute Bonnet|ability: Protosynthesis\n|-start|p2b: Brute Bonnet|protosynthesisatk\n|turn|1\n|\n|t:|1683906787\n|-terastallize|p2b: Brute Bonnet|Water\n|move|p2a: Dragonite|Dragon Claw|p1a: Torkoal\n|-damage|p1a: Torkoal|48\/100\n|move|p2b: Brute Bonnet|Spore|p1b: Mimikyu\n|-status|p1b: Mimikyu|slp|[from] move: Spore\n|move|p1a: Torkoal|Overheat|p2b: Brute Bonnet\n|-resisted|p2b: Brute Bonnet\n|-damage|p2b: Brute Bonnet|70\/100\n|-unboost|p1a: Torkoal|spa|2\n|-enditem|p1a: Torkoal|Eject Pack\n|\n|t:|1683906797\n|switch|p1a: Flutter Mane|Flutter Mane, L50|100\/100\n|-activate|p1a: Flutter Mane|ability: Protosynthesis\n|-start|p1a: Flutter Mane|protosynthesisspa\n|cant|p1b: Mimikyu|slp\n|\n|-weather|SunnyDay|[upkeep]\n|upkeep\n|turn|2\n|\n|t:|1683906822\n|switch|p2a: Chien-Pao|Chien-Pao, L50|100\/100\n|-ability|p2a: Chien-Pao|Sword of Ruin\n|move|p2b: Brute Bonnet|Sucker Punch|p1a: Flutter Mane\n|-damage|p1a: Flutter Mane|7\/100\n|move|p1a: Flutter Mane|Dazzling Gleam|p2a: Chien-Pao|[spread] p2a,p2b\n|-supereffective|p2a: Chien-Pao\n|-enditem|p2a: Chien-Pao|Focus Sash\n|-damage|p2a: Chien-Pao|1\/100\n|-damage|p2b: Brute Bonnet|22\/100\n|-enditem|p2b: Brute Bonnet|Sitrus Berry|[eat]\n|-heal|p2b: Brute Bonnet|46\/100|[from] item: Sitrus Berry\n|cant|p1b: Mimikyu|slp\n|\n|-weather|SunnyDay|[upkeep]\n|upkeep\n|turn|3\n|\n|t:|1683906849\n|-end|p1a: Flutter Mane|Protosynthesis|[silent]\n|switch|p1a: Numel|Numel, L50, M|100\/100\n|move|p2b: Brute Bonnet|Sucker Punch||[still]\n|-fail|p2b: Brute Bonnet\n|move|p2a: Chien-Pao|Ice Spinner|p1b: Mimikyu\n|-activate|p1b: Mimikyu|ability: Disguise\n|-damage|p1b: Mimikyu|100\/100 slp\n|detailschange|p1b: Mimikyu|Mimikyu-Busted, L50, M\n|-damage|p1b: Mimikyu|88\/100 slp|[from] pokemon: Mimikyu-Busted\n|-curestatus|p1b: Mimikyu|slp|[msg]\n|move|p1b: Mimikyu|Trick Room|p1b: Mimikyu\n|-fieldstart|move: Trick Room|[of] p1b: Mimikyu\n|\n|-weather|SunnyDay|[upkeep]\n|upkeep\n|turn|4\n|\n|t:|1683906878\n|move|p2b: Brute Bonnet|Sucker Punch||[still]\n|-fail|p2b: Brute Bonnet\n|move|p2a: Chien-Pao|Sucker Punch||[still]\n|-fail|p2a: Chien-Pao\n|move|p1a: Numel|Growth|p1a: Numel\n|-boost|p1a: Numel|atk|4\n|-boost|p1a: Numel|spa|4\n|move|p1b: Mimikyu|Will-O-Wisp|p2b: Brute Bonnet\n|-status|p2b: Brute Bonnet|brn\n|\n|-weather|SunnyDay|[upkeep]\n|-damage|p2b: Brute Bonnet|40\/100 brn|[from] brn\n|upkeep\n|turn|5\n|\n|t:|1683906931\n|move|p1b: Mimikyu|Shadow Sneak|p2a: Chien-Pao\n|-resisted|p2a: Chien-Pao\n|-damage|p2a: Chien-Pao|0 fnt\n|faint|p2a: Chien-Pao\n|move|p1a: Numel|Stockpile|p1a: Numel\n|-start|p1a: Numel|stockpile1\n|-boost|p1a: Numel|def|2\n|-boost|p1a: Numel|spd|2\n|move|p2b: Brute Bonnet|Seed Bomb|p1a: Numel\n|-damage|p1a: Numel|88\/100\n|\n|-weather|none\n|-end|p2b: Brute Bonnet|Protosynthesis\n|-damage|p2b: Brute Bonnet|34\/100 brn|[from] brn\n|upkeep\n|\n|t:|1683906951\n|switch|p2a: Palafin|Palafin, L50, F|100\/100\n|turn|6\n|\n|t:|1683906959\n|switch|p1b: Torkoal|Torkoal, L50, M|48\/100\n|-weather|SunnyDay|[from] ability: Drought|[of] p1b: Torkoal\n|-activate|p2b: Brute Bonnet|ability: Protosynthesis\n|-start|p2b: Brute Bonnet|protosynthesisatk\n|detailschange|p2a: Palafin|Palafin-Hero, L50, F\n|switch|p2a: Dragonite|Dragonite, L50, M|100\/100\n|move|p1a: Numel|Heat Wave|p2b: Brute Bonnet|[spread] p2a,p2b\n|-resisted|p2a: Dragonite\n|-resisted|p2b: Brute Bonnet\n|-damage|p2a: Dragonite|67\/100\n|-damage|p2b: Brute Bonnet|4\/100 brn\n|move|p2b: Brute Bonnet|Spore|p1b: Torkoal\n|-status|p1b: Torkoal|slp|[from] move: Spore\n|\n|-weather|SunnyDay|[upkeep]\n|-damage|p2b: Brute Bonnet|0 fnt|[from] brn\n|faint|p2b: Brute Bonnet\n|-end|p2b: Brute Bonnet|Protosynthesis|[silent]\n|upkeep\n|\n|t:|1683906978\n|switch|p2b: Palafin|Palafin-Hero, L50, F|100\/100\n|-activate|p2b: Palafin|ability: Zero to Hero\n|turn|7\n|\n|t:|1683906999\n|-terastallize|p1a: Numel|Water\n|cant|p1b: Torkoal|slp\n|move|p2b: Palafin|Jet Punch|p1a: Numel\n|-resisted|p1a: Numel\n|-damage|p1a: Numel|83\/100\n|move|p1a: Numel|Heat Wave|p2b: Palafin|[spread] p2a\n|-miss|p1a: Numel|p2b: Palafin\n|-resisted|p2a: Dragonite\n|-damage|p2a: Dragonite|32\/100\n|move|p2a: Dragonite|Dragon Claw|p1b: Torkoal\n|-damage|p1b: Torkoal|0 fnt\n|faint|p1b: Torkoal\n|\n|-weather|SunnyDay|[upkeep]\n|-fieldend|move: Trick Room\n|upkeep\n|\n|t:|1683907008\n|switch|p1b: Mimikyu|Mimikyu-Busted, L50, M|88\/100\n|turn|8\n|\n|t:|1683907027\n|move|p2b: Palafin|Haze|p2b: Palafin\n|-clearallboost\n|move|p2a: Dragonite|Dragon Claw|p1a: Numel\n|-damage|p1a: Numel|26\/100\n|move|p1a: Numel|Heat Wave|p2a: Dragonite|[spread] p2a,p2b\n|-resisted|p2a: Dragonite\n|-resisted|p2b: Palafin\n|-damage|p2a: Dragonite|21\/100\n|-damage|p2b: Palafin|87\/100\n|move|p1b: Mimikyu|Trick Room|p1b: Mimikyu\n|-fieldstart|move: Trick Room|[of] p1b: Mimikyu\n|\n|-weather|SunnyDay|[upkeep]\n|upkeep\n|turn|9\n|\n|t:|1683907049\n|move|p1b: Mimikyu|Shadow Sneak|p2a: Dragonite\n|-damage|p2a: Dragonite|10\/100\n|move|p2b: Palafin|Jet Punch|p1b: Mimikyu\n|-damage|p1b: Mimikyu|67\/100\n|move|p1a: Numel|Heat Wave|p2b: Palafin|[spread] p2a,p2b\n|-resisted|p2a: Dragonite\n|-resisted|p2b: Palafin\n|-damage|p2a: Dragonite|0 fnt\n|-damage|p2b: Palafin|75\/100\n|faint|p2a: Dragonite\n|\n|-weather|SunnyDay|[upkeep]\n|upkeep\n|turn|10\n|\n|t:|1683907062\n|move|p2b: Palafin|Protect|p2b: Palafin\n|-singleturn|p2b: Palafin|Protect\n|move|p1a: Numel|Growth|p1a: Numel\n|-boost|p1a: Numel|atk|4\n|-boost|p1a: Numel|spa|4\n|move|p1b: Mimikyu|Will-O-Wisp|p2b: Palafin\n|-activate|p2b: Palafin|move: Protect\n|\n|-weather|none\n|upkeep\n|turn|11\n|-message|Test4Sum forfeited.\n|\n|win|AndyLaVGC\n|raw|AndyLaVGC's rating: 1429 → 1446<\/strong> (+17 for winning)\n|raw|Test4Sum's rating: 1385 → 1368<\/strong> (-17 for losing)\n|l|\u2606Test4Sum\n","uploadtime":1683907080,"views":12,"p1id":"andylavgc","p2id":"test4sum","formatid":"gen9vgc2023regulationc","rating":1368,"private":0,"password":""}