{"id":"gen9vgc2023regulationc-1858012850","p1":"SavannahPandaVGC","p2":"UserOmega","format":"[Gen 9] VGC 2023 Regulation C","log":"|j|\u2606SavannahPandaVGC\n|j|\u2606UserOmega\n|t:|1683260171\n|gametype|doubles\n|player|p1|SavannahPandaVGC|2|1283\n|player|p2|UserOmega|youngcouple-gen4dp|1239\n|teamsize|p1|6\n|teamsize|p2|6\n|gen|9\n|tier|[Gen 9] VGC 2023 Regulation C\n|rated|\n|rule|Species Clause: Limit one of each Pok\u00e9mon\n|rule|Item Clause: Limit one of each item\n|clearpoke\n|poke|p1|Flutter Mane, L50|\n|poke|p1|Iron Hands, L50|\n|poke|p1|Corviknight, L50, F|\n|poke|p1|Gyarados, L50, M|\n|poke|p1|Chi-Yu, L50|\n|poke|p1|Amoonguss, L50, M|\n|poke|p2|Klefki, L50, F|\n|poke|p2|Glimmora, L50, F|\n|poke|p2|Annihilape, L50, F|\n|poke|p2|Scream Tail, L50|\n|poke|p2|Ting-Lu, L50|\n|poke|p2|Pawmot, L50, M|\n|teampreview|4\nSavannahPandaVGC has agreed to open team sheets.\n|inactive|Battle timer is ON: inactive players will automatically lose when time's up. (requested by SavannahPandaVGC)\n|inactive|SavannahPandaVGC has 60 seconds left.\nUserOmega has agreed to open team sheets.\n|inactive|SavannahPandaVGC has 30 seconds left.\n|inactive|SavannahPandaVGC has 20 seconds left.\n|inactive|SavannahPandaVGC has 15 seconds left.\n|inactive|SavannahPandaVGC has 10 seconds left.\n|inactive|SavannahPandaVGC has 5 seconds left.\n|\n|t:|1683260264\n|start\n|switch|p1a: Corviknight|Corviknight, L50, F|100\/100\n|switch|p1b: Chi-Yu|Chi-Yu, L50|100\/100\n|switch|p2a: Klefki|Klefki, L50, F|100\/100\n|switch|p2b: Glimmora|Glimmora, L50, F|100\/100\n|-ability|p1b: Chi-Yu|Beads of Ruin\n|turn|1\n|inactive|SavannahPandaVGC has 30 seconds left.\n|inactive|SavannahPandaVGC has 20 seconds left.\n|\n|t:|1683260299\n|-terastallize|p1b: Chi-Yu|Water\n|move|p2a: Klefki|Light Screen|p2a: Klefki\n|-sidestart|p2: UserOmega|move: Light Screen\n|move|p2b: Glimmora|Power Gem|p1b: Chi-Yu\n|-damage|p1b: Chi-Yu|64\/100\n|move|p1b: Chi-Yu|Heat Wave|p2a: Klefki|[spread] p2a,p2b\n|-supereffective|p2a: Klefki\n|-resisted|p2b: Glimmora\n|-crit|p2b: Glimmora\n|-damage|p2a: Klefki|30\/100\n|-damage|p2b: Glimmora|52\/100\n|-enditem|p2b: Glimmora|Red Card|[of] p1b: Chi-Yu\n|drag|p1b: Flutter Mane|Flutter Mane, L50|100\/100\n|move|p1a: Corviknight|Iron Head|p2a: Klefki\n|-crit|p2a: Klefki\n|-damage|p2a: Klefki|0 fnt\n|faint|p2a: Klefki\n|\n|upkeep\n|\n|t:|1683260313\n|switch|p2a: Ting-Lu|Ting-Lu, L50|100\/100\n|-ability|p2a: Ting-Lu|Vessel of Ruin\n|turn|2\n|\n|t:|1683260337\n|-end|p1b: Flutter Mane|Protosynthesis|[silent]\n|switch|p1b: Chi-Yu|Chi-Yu, L50, tera:Water|64\/100\n|-ability|p1b: Chi-Yu|Beads of Ruin\n|move|p2b: Glimmora|Power Gem|p1a: Corviknight\n|-damage|p1a: Corviknight|67\/100\n|move|p1a: Corviknight|Iron Head|p2b: Glimmora\n|-supereffective|p2b: Glimmora\n|-damage|p2b: Glimmora|0 fnt\n|-activate|p2b: Glimmora|ability: Toxic Debris\n|-sidestart|p1: SavannahPandaVGC|move: Toxic Spikes\n|faint|p2b: Glimmora\n|move|p2a: Ting-Lu|Heavy Slam|p1b: Chi-Yu\n|-resisted|p1b: Chi-Yu\n|-damage|p1b: Chi-Yu|41\/100\n|\n|-heal|p1a: Corviknight|73\/100|[from] item: Leftovers\n|upkeep\n|\n|t:|1683260343\n|switch|p2b: Annihilape|Annihilape, L50, F|100\/100\n|turn|3\n|inactive|SavannahPandaVGC has 30 seconds left.\n|inactive|SavannahPandaVGC has 20 seconds left.\n|inactive|SavannahPandaVGC has 15 seconds left.\n|inactive|SavannahPandaVGC has 10 seconds left.\n|inactive|SavannahPandaVGC has 5 seconds left.\n|\n|t:|1683260395\n|-terastallize|p2b: Annihilape|Fire\n|move|p2b: Annihilape|Bulk Up|p2b: Annihilape\n|-boost|p2b: Annihilape|atk|1\n|-boost|p2b: Annihilape|def|1\n|move|p1b: Chi-Yu|Dark Pulse|p2b: Annihilape\n|-damage|p2b: Annihilape|70\/100\n|move|p1a: Corviknight|Brave Bird|p2b: Annihilape\n|-damage|p2b: Annihilape|36\/100\n|-damage|p1a: Corviknight|62\/100|[from] Recoil\n|move|p2a: Ting-Lu|Throat Chop|p1b: Chi-Yu\n|-damage|p1b: Chi-Yu|0 fnt\n|faint|p1b: Chi-Yu\n|\n|-heal|p1a: Corviknight|68\/100|[from] item: Leftovers\n|upkeep\n|inactive|SavannahPandaVGC has 30 seconds left.\n|\n|t:|1683260421\n|switch|p1b: Amoonguss|Amoonguss, L50, M|100\/100\n|-sideend|p1: SavannahPandaVGC|move: Toxic Spikes|[of] p1b: Amoonguss\n|turn|4\n|\n|t:|1683260435\n|move|p2b: Annihilape|Drain Punch|p1a: Corviknight\n|-damage|p1a: Corviknight|27\/100\n|-heal|p2b: Annihilape|59\/100|[from] drain|[of] p1a: Corviknight\n|move|p1a: Corviknight|Roost|p1a: Corviknight\n|-heal|p1a: Corviknight|78\/100\n|-singleturn|p1a: Corviknight|move: Roost\n|move|p1b: Amoonguss|Spore|p2a: Ting-Lu\n|-status|p2a: Ting-Lu|slp|[from] move: Spore\n|cant|p2a: Ting-Lu|slp\n|\n|-heal|p1a: Corviknight|83\/100|[from] item: Leftovers\n|upkeep\n|turn|5\n|\n|t:|1683260454\n|move|p2b: Annihilape|Bulk Up|p2b: Annihilape\n|-boost|p2b: Annihilape|atk|1\n|-boost|p2b: Annihilape|def|1\n|move|p1a: Corviknight|Bulk Up|p1a: Corviknight\n|-boost|p1a: Corviknight|atk|1\n|-boost|p1a: Corviknight|def|1\n|move|p1b: Amoonguss|Clear Smog|p2b: Annihilape\n|-damage|p2b: Annihilape|51\/100\n|-clearboost|p2b: Annihilape\n|cant|p2a: Ting-Lu|slp\n|\n|-heal|p1a: Corviknight|89\/100|[from] item: Leftovers\n|upkeep\n|turn|6\n|\n|t:|1683260478\n|move|p2b: Annihilape|Bulk Up|p2b: Annihilape\n|-boost|p2b: Annihilape|atk|1\n|-boost|p2b: Annihilape|def|1\n|move|p1a: Corviknight|Bulk Up|p1a: Corviknight\n|-boost|p1a: Corviknight|atk|1\n|-boost|p1a: Corviknight|def|1\n|move|p1b: Amoonguss|Pollen Puff|p2a: Ting-Lu\n|-supereffective|p2a: Ting-Lu\n|-damage|p2a: Ting-Lu|89\/100 slp\n|-curestatus|p2a: Ting-Lu|slp|[msg]\n|move|p2a: Ting-Lu|Stomping Tantrum|p1b: Amoonguss\n|-damage|p1b: Amoonguss|31\/100\n|-enditem|p1b: Amoonguss|Sitrus Berry|[eat]\n|-heal|p1b: Amoonguss|56\/100|[from] item: Sitrus Berry\n|\n|-heal|p1a: Corviknight|95\/100|[from] item: Leftovers\n|upkeep\n|turn|7\n|\n|t:|1683260499\n|move|p2b: Annihilape|Rage Fist|p1a: Corviknight\n|-damage|p1a: Corviknight|32\/100\n|move|p1a: Corviknight|Brave Bird|p2b: Annihilape\n|-damage|p2b: Annihilape|0 fnt\n|faint|p2b: Annihilape\n|-damage|p1a: Corviknight|17\/100|[from] Recoil\n|move|p1b: Amoonguss|Spore|p2a: Ting-Lu\n|-status|p2a: Ting-Lu|slp|[from] move: Spore\n|cant|p2a: Ting-Lu|slp\n|\n|-heal|p1a: Corviknight|23\/100|[from] item: Leftovers\n|upkeep\n|turn|8\n|-message|UserOmega forfeited.\n|\n|win|SavannahPandaVGC\n|raw|SavannahPandaVGC's rating: 1283 → 1305<\/strong> (+22 for winning)\n|raw|UserOmega's rating: 1239 → 1217<\/strong> (-22 for losing)\n|l|\u2606UserOmega\n","uploadtime":1683260516,"views":5,"p1id":"savannahpandavgc","p2id":"useromega","formatid":"gen9vgc2023regulationc","rating":1217,"private":0,"password":""}