{"id":"gen9vgc2023regulationc-1856022778","p1":"themanparris","p2":"haha you rage quit","format":"[Gen 9] VGC 2023 Regulation C","log":"|j|\u2606themanparris\n|j|\u2606haha you rage quit\n|t:|1683018792\n|gametype|doubles\n|player|p1|themanparris|169|1335\n|player|p2|haha you rage quit|pokemaniac|1313\n|teamsize|p1|6\n|teamsize|p2|6\n|gen|9\n|tier|[Gen 9] VGC 2023 Regulation C\n|rated|\n|rule|Species Clause: Limit one of each Pok\u00e9mon\n|rule|Item Clause: Limit one of each item\n|clearpoke\n|poke|p1|Palafin, L50, F|\n|poke|p1|Chien-Pao, L50|\n|poke|p1|Dragapult, L50, M|\n|poke|p1|Amoonguss, L50, M|\n|poke|p1|Arcanine, L50, M|\n|poke|p1|Flutter Mane, L50|\n|poke|p2|Arcanine, L50, M|\n|poke|p2|Gyarados, L50, M|\n|poke|p2|Dragonite, L50, M|\n|poke|p2|Grimmsnarl, L50, M|\n|poke|p2|Tauros-Paldea-Aqua, L50, M|\n|poke|p2|Scizor, L50, F|\n|teampreview|4\n|inactive|Battle timer is ON: inactive players will automatically lose when time's up. (requested by themanparris)\n|inactive|themanparris has 60 seconds left.\n|\n|t:|1683018844\n|start\n|switch|p1a: Chien-Pao|Chien-Pao, L50|100\/100\n|switch|p1b: Dragapult|Dragapult, L50, M|100\/100\n|switch|p2a: Grimmsnarl|Grimmsnarl, L50, M, shiny|100\/100\n|switch|p2b: Dragonite|Dragonite, L50, M|100\/100\n|-ability|p1a: Chien-Pao|Sword of Ruin\n|turn|1\n|inactive|themanparris has 30 seconds left.\n|inactive|haha you rage quit has 30 seconds left.\n|inactive|haha you rage quit has 20 seconds left.\n|inactive|haha you rage quit has 15 seconds left.\n|\n|t:|1683018885\n|-terastallize|p1b: Dragapult|Steel\n|-terastallize|p2b: Dragonite|Fire\n|move|p2b: Dragonite|Extreme Speed|p1a: Chien-Pao\n|-damage|p1a: Chien-Pao|58\/100\n|move|p2a: Grimmsnarl|Parting Shot|p1b: Dragapult\n|-fail|p1b: Dragapult|unboost|[from] ability: Clear Body|[of] p1b: Dragapult\n|move|p1b: Dragapult|Tera Blast|p2a: Grimmsnarl\n|-supereffective|p2a: Grimmsnarl\n|-damage|p2a: Grimmsnarl|0 fnt\n|faint|p2a: Grimmsnarl\n|move|p1a: Chien-Pao|Sacred Sword|p2b: Dragonite\n|-damage|p2b: Dragonite|81\/100\n|\n|-heal|p2b: Dragonite|88\/100|[from] item: Leftovers\n|upkeep\n|j| Suenqr1\n|\n|t:|1683018906\n|switch|p2a: Arcanine|Arcanine, L50, M|100\/100\n|-ability|p2a: Arcanine|Intimidate|boost\n|-unboost|p1a: Chien-Pao|atk|1\n|-fail|p1b: Dragapult|unboost|[from] ability: Clear Body|[of] p1b: Dragapult\n|turn|2\n|inactive|themanparris has 30 seconds left.\n|\n|t:|1683018944\n|switch|p1b: Flutter Mane|Flutter Mane, L50|100\/100\n|-enditem|p1b: Flutter Mane|Booster Energy\n|-activate|p1b: Flutter Mane|ability: Protosynthesis|[fromitem]\n|-start|p1b: Flutter Mane|protosynthesisspa\n|move|p1a: Chien-Pao|Protect|p1a: Chien-Pao\n|-singleturn|p1a: Chien-Pao|Protect\n|move|p2b: Dragonite|Extreme Speed|p1a: Chien-Pao\n|-activate|p1a: Chien-Pao|move: Protect\n|move|p2a: Arcanine|Howl|p2a: Arcanine|[spread] p2a,p2b\n|-boost|p2a: Arcanine|atk|1\n|-boost|p2b: Dragonite|atk|1\n|\n|-heal|p2b: Dragonite|94\/100|[from] item: Leftovers\n|upkeep\n|turn|3\n|l| Suenqr1\n|inactive|themanparris has 30 seconds left.\n|inactive|themanparris has 20 seconds left.\n|inactive|themanparris has 15 seconds left.\n|inactive|themanparris has 10 seconds left.\n|\n|t:|1683018991\n|move|p2a: Arcanine|Extreme Speed|p1a: Chien-Pao\n|-damage|p1a: Chien-Pao|6\/100\n|move|p1a: Chien-Pao|Sucker Punch|p2b: Dragonite\n|-damage|p2b: Dragonite|65\/100\n|move|p1b: Flutter Mane|Shadow Ball|p2b: Dragonite\n|-damage|p2b: Dragonite|14\/100\n|move|p2b: Dragonite|Iron Head|p1b: Flutter Mane\n|-supereffective|p1b: Flutter Mane\n|-crit|p1b: Flutter Mane\n|-damage|p1b: Flutter Mane|0 fnt\n|faint|p1b: Flutter Mane\n|-end|p1b: Flutter Mane|Protosynthesis|[silent]\n|\n|-heal|p2b: Dragonite|20\/100|[from] item: Leftovers\n|upkeep\n|\n|t:|1683019008\n|switch|p1b: Dragapult|Dragapult, L50, M, tera:Steel|100\/100\n|turn|4\n|\n|t:|1683019023\n|move|p1a: Chien-Pao|Protect|p1a: Chien-Pao\n|-singleturn|p1a: Chien-Pao|Protect\n|move|p2b: Dragonite|Protect|p2b: Dragonite\n|-singleturn|p2b: Dragonite|Protect\n|move|p1b: Dragapult|Dragon Darts|p2a: Arcanine\n|-damage|p2a: Arcanine|49\/100\n|-enditem|p2a: Arcanine|Sitrus Berry|[eat]\n|-heal|p2a: Arcanine|74\/100|[from] item: Sitrus Berry\n|-anim|p1b: Dragapult|Dragon Darts|p2a: Arcanine\n|-damage|p2a: Arcanine|28\/100\n|move|p2a: Arcanine|Flare Blitz|p1b: Dragapult\n|-supereffective|p1b: Dragapult\n|-damage|p1b: Dragapult|0 fnt\n|faint|p1b: Dragapult\n|-damage|p2a: Arcanine|0 fnt|[from] Recoil\n|faint|p2a: Arcanine\n|\n|-heal|p2b: Dragonite|26\/100|[from] item: Leftovers\n|upkeep\n|\n|t:|1683019040\n|switch|p1b: Amoonguss|Amoonguss, L50, M|100\/100\n|switch|p2a: Gyarados|Gyarados, L50, M|100\/100\n|-ability|p2a: Gyarados|Intimidate|boost\n|-unboost|p1a: Chien-Pao|atk|1\n|-unboost|p1b: Amoonguss|atk|1\n|turn|5\n|inactive|haha you rage quit has 30 seconds left.\n|\n|t:|1683019067\n|move|p2b: Dragonite|Extreme Speed|p1a: Chien-Pao\n|-damage|p1a: Chien-Pao|0 fnt\n|faint|p1a: Chien-Pao\n|move|p1b: Amoonguss|Rage Powder|p1b: Amoonguss\n|-singleturn|p1b: Amoonguss|move: Rage Powder\n|move|p2a: Gyarados|Waterfall|p1b: Amoonguss\n|-resisted|p1b: Amoonguss\n|-damage|p1b: Amoonguss|81\/100\n|\n|-heal|p2b: Dragonite|33\/100|[from] item: Leftovers\n|upkeep\n|turn|6\n|\n|t:|1683019077\n|move|p2b: Dragonite|Extreme Speed|p1b: Amoonguss\n|-damage|p1b: Amoonguss|40\/100\n|-enditem|p1b: Amoonguss|Sitrus Berry|[eat]\n|-heal|p1b: Amoonguss|65\/100|[from] item: Sitrus Berry\n|move|p2a: Gyarados|Waterfall|p1b: Amoonguss\n|-resisted|p1b: Amoonguss\n|-damage|p1b: Amoonguss|45\/100\n|move|p1b: Amoonguss|Spore|p2a: Gyarados\n|-status|p2a: Gyarados|slp|[from] move: Spore\n|\n|-heal|p2b: Dragonite|39\/100|[from] item: Leftovers\n|upkeep\n|turn|7\n|-message|themanparris forfeited.\n|\n|win|haha you rage quit\n|raw|themanparris's rating: 1335 → 1314<\/strong> (-21 for losing)\n|raw|haha you rage quit's rating: 1313 → 1334<\/strong> (+21 for winning)\n|l|\u2606themanparris\n","uploadtime":1683019099,"views":14,"p1id":"themanparris","p2id":"hahayouragequit","formatid":"gen9vgc2023regulationc","rating":1314,"private":0,"password":""}