{"id":"gen9vgc2023regulationc-1857072312","p1":"goosbump","p2":"emruy","format":"[Gen 9] VGC 2023 Regulation C","log":"|j|\u2606goosbump\n|j|\u2606emruy\n|t:|1683143051\n|gametype|doubles\n|player|p1|goosbump|unknown|\n|player|p2|emruy|266|\n|teamsize|p1|6\n|teamsize|p2|6\n|gen|9\n|tier|[Gen 9] VGC 2023 Regulation C\n|rated|Tournament battle\n|rule|Species Clause: Limit one of each Pok\u00e9mon\n|rule|Item Clause: Limit one of each item\n|clearpoke\n|poke|p1|Palafin, L50, M|\n|poke|p1|Amoonguss, L50, M|\n|poke|p1|Flutter Mane, L50|\n|poke|p1|Ting-Lu, L50|\n|poke|p1|Arcanine, L50, M|\n|poke|p1|Corviknight, L50, F|\n|poke|p2|Iron Thorns, L50|\n|poke|p2|Gyarados, L50, F|\n|poke|p2|Wo-Chien, L50|\n|poke|p2|Grimmsnarl, L50, M|\n|poke|p2|Flutter Mane, L50|\n|poke|p2|Volcarona, L50, M|\n|teampreview|4\ngoosbump has agreed to open team sheets.\nemruy has agreed to open team sheets.\n|j| Radio Free C-Side\n|j| Oligocene\n|l| Oligocene\n|\n|t:|1683143098\n|start\n|switch|p1a: Palafin|Palafin, L50, M, shiny|100\/100\n|switch|p1b: Flutter Mane|Flutter Mane, L50|100\/100\n|switch|p2a: Grimmsnarl|Grimmsnarl, L50, M, shiny|100\/100\n|switch|p2b: Volcarona|Volcarona, L50, M|100\/100\n|-enditem|p1b: Flutter Mane|Booster Energy\n|-activate|p1b: Flutter Mane|ability: Protosynthesis|[fromitem]\n|-start|p1b: Flutter Mane|protosynthesisspa\n|turn|1\n|\n|t:|1683143130\n|detailschange|p1a: Palafin|Palafin-Hero, L50, M, shiny\n|switch|p1a: Corviknight|Corviknight, L50, F, shiny|100\/100\n|-terastallize|p2b: Volcarona|Water\n|move|p2a: Grimmsnarl|Thunder Wave|p1b: Flutter Mane|[miss]\n|-miss|p2a: Grimmsnarl|p1b: Flutter Mane\n|move|p1b: Flutter Mane|Moonblast|p2a: Grimmsnarl\n|-supereffective|p2a: Grimmsnarl\n|-enditem|p2a: Grimmsnarl|Roseli Berry|[eat]\n|-enditem|p2a: Grimmsnarl|Roseli Berry|[weaken]\n|-damage|p2a: Grimmsnarl|40\/100\n|move|p2b: Volcarona|Quiver Dance|p2b: Volcarona\n|-boost|p2b: Volcarona|spa|1\n|-boost|p2b: Volcarona|spd|1\n|-boost|p2b: Volcarona|spe|1\n|\n|upkeep\n|turn|2\n|\n|t:|1683143177\n|switch|p2a: Gyarados|Gyarados, L50, F|100\/100\n|-ability|p2a: Gyarados|Intimidate|boost\n|-ability|p1a: Corviknight|Mirror Armor\n|-unboost|p2a: Gyarados|atk|1\n|-unboost|p1b: Flutter Mane|atk|1\n|-terastallize|p1a: Corviknight|Dragon\n|move|p2b: Volcarona|Quiver Dance|p2b: Volcarona\n|-boost|p2b: Volcarona|spa|1\n|-boost|p2b: Volcarona|spd|1\n|-boost|p2b: Volcarona|spe|1\n|move|p1b: Flutter Mane|Moonblast|p2a: Gyarados\n|-damage|p2a: Gyarados|45\/100\n|move|p1a: Corviknight|Bulk Up|p1a: Corviknight\n|-boost|p1a: Corviknight|atk|1\n|-boost|p1a: Corviknight|def|1\n|\n|upkeep\n|turn|3\n|j| baldafor\n|\n|t:|1683143202\n|move|p2b: Volcarona|Heat Wave|p1a: Corviknight|[spread] p1a,p1b\n|-resisted|p1a: Corviknight\n|-damage|p1a: Corviknight|66\/100\n|-damage|p1b: Flutter Mane|40\/100\n|move|p1b: Flutter Mane|Moonblast|p2a: Gyarados\n|-damage|p2a: Gyarados|0 fnt\n|faint|p2a: Gyarados\n|move|p1a: Corviknight|Bulk Up|p1a: Corviknight\n|-boost|p1a: Corviknight|atk|1\n|-boost|p1a: Corviknight|def|1\n|\n|upkeep\n|\n|t:|1683143218\n|switch|p2a: Grimmsnarl|Grimmsnarl, L50, M, shiny|40\/100\n|turn|4\n|\n|t:|1683143230\n|move|p1b: Flutter Mane|Protect|p1b: Flutter Mane\n|-singleturn|p1b: Flutter Mane|Protect\n|move|p2b: Volcarona|Heat Wave|p1b: Flutter Mane|[spread] p1a\n|-activate|p1b: Flutter Mane|move: Protect\n|-resisted|p1a: Corviknight\n|-damage|p1a: Corviknight|34\/100\n|-status|p1a: Corviknight|brn\n|-enditem|p1a: Corviknight|Lum Berry|[eat]\n|-curestatus|p1a: Corviknight|brn|[msg]\n|move|p1a: Corviknight|Brave Bird|p2b: Volcarona\n|-crit|p2b: Volcarona\n|-damage|p2b: Volcarona|0 fnt\n|-status|p1a: Corviknight|brn|[from] ability: Flame Body|[of] p2b: Volcarona\n|faint|p2b: Volcarona\n|-damage|p1a: Corviknight|3\/100 brn|[from] Recoil\n|move|p2a: Grimmsnarl|Play Rough|p1a: Corviknight|[miss]\n|-miss|p2a: Grimmsnarl|p1a: Corviknight\n|\n|-damage|p1a: Corviknight|0 fnt|[from] brn\n|faint|p1a: Corviknight\n|upkeep\n|\n|t:|1683143250\n|switch|p2b: Wo-Chien|Wo-Chien, L50|100\/100\n|switch|p1a: Amoonguss|Amoonguss, L50, M, shiny|100\/100\n|-ability|p2b: Wo-Chien|Tablets of Ruin\n|turn|5\n|c| Radio Free C-Side|that corv has horrific luck\n|\n|t:|1683143283\n|move|p2a: Grimmsnarl|Thunder Wave|p1b: Flutter Mane\n|-status|p1b: Flutter Mane|par\n|move|p2b: Wo-Chien|Snarl|p1b: Flutter Mane|[spread] p1a\n|-miss|p2b: Wo-Chien|p1b: Flutter Mane\n|-damage|p1a: Amoonguss|90\/100\n|-unboost|p1a: Amoonguss|spa|1\n|move|p1b: Flutter Mane|Moonblast|p2a: Grimmsnarl\n|-supereffective|p2a: Grimmsnarl\n|-damage|p2a: Grimmsnarl|0 fnt\n|faint|p2a: Grimmsnarl\n|move|p1a: Amoonguss|Pollen Puff|p2b: Wo-Chien\n|-supereffective|p2b: Wo-Chien\n|-damage|p2b: Wo-Chien|66\/100\n|\n|-heal|p2b: Wo-Chien|72\/100|[from] item: Leftovers\n|upkeep\n|turn|6\n|c|\u2606goosbump|+2 228+ Atk Corviknight Brave Bird vs. 252 HP \/ 196 Def Tera-Water Volcarona: 184-217 (95.8 - 113%) -- 75% chance to OHKO\n|c|\u2606goosbump|(184, 186, 189, 190, 193, 195, 196, 199, 201, 204, 205, 208, 210, 213, 214, 217)\n|c| Radio Free C-Side|I meant getting burned twice\n|c| Radio Free C-Side|not the crit\n|c|\u2606goosbump|lmao\n|\n|t:|1683143331\n|move|p2b: Wo-Chien|Snarl|p1a: Amoonguss|[spread] p1a,p1b\n|-damage|p1a: Amoonguss|77\/100\n|-damage|p1b: Flutter Mane|30\/100 par\n|-unboost|p1a: Amoonguss|spa|1\n|-unboost|p1b: Flutter Mane|spa|1\n|move|p1b: Flutter Mane|Moonblast|p2b: Wo-Chien\n|-supereffective|p2b: Wo-Chien\n|-damage|p2b: Wo-Chien|10\/100\n|move|p1a: Amoonguss|Pollen Puff|p2b: Wo-Chien\n|-supereffective|p2b: Wo-Chien\n|-damage|p2b: Wo-Chien|0 fnt\n|faint|p2b: Wo-Chien\n|\n|win|goosbump\n|n|\u2606goosbump|goosbump\n|n|\u2606emruy|emruy\n|n| Radio Free C-Side|radiofreecside\n|n| baldafor|baldafor\n|l|\u2606goosbump\n|c|\u2606emruy|gg\n|l| Radio Free C-Side\n","uploadtime":1683143452,"views":9,"p1id":"goosbump","p2id":"emruy","formatid":"gen9vgc2023regulationc","rating":0,"private":0,"password":""}