{"id":"gen9vgc2023regulationc-1852697990","p1":"teehee638","p2":"Arweinyddiaeth","format":"[Gen 9] VGC 2023 Regulation C","log":"|j|\u2606teehee638\n|j|\u2606Arweinyddiaeth\n|t:|1682597711\n|gametype|doubles\n|player|p1|teehee638|1|1186\n|player|p2|Arweinyddiaeth|ethan|1304\n|teamsize|p1|6\n|teamsize|p2|6\n|gen|9\n|tier|[Gen 9] VGC 2023 Regulation C\n|rated|\n|rule|Species Clause: Limit one of each Pok\u00e9mon\n|rule|Item Clause: Limit one of each item\n|clearpoke\n|poke|p1|Scizor, L50, F|\n|poke|p1|Scream Tail, L50|\n|poke|p1|Arcanine, L50, F|\n|poke|p1|Dragapult, L50, F|\n|poke|p1|Iron Bundle, L50|\n|poke|p1|Chi-Yu, L50|\n|poke|p2|Flutter Mane, L50|\n|poke|p2|Amoonguss, L50, F|\n|poke|p2|Baxcalibur, L50, M|\n|poke|p2|Ting-Lu, L50|\n|poke|p2|Gyarados, L50, F|\n|poke|p2|Kingambit, L50, M|\n|teampreview|4\n|inactive|Battle timer is ON: inactive players will automatically lose when time's up. (requested by Arweinyddiaeth)\nArweinyddiaeth has agreed to open team sheets.\nteehee638 has agreed to open team sheets.\n|inactive|teehee638 has 60 seconds left.\n|inactive|teehee638 has 30 seconds left.\n|inactive|teehee638 has 20 seconds left.\n|inactive|teehee638 has 15 seconds left.\n|inactive|teehee638 has 10 seconds left.\n|inactive|teehee638 has 5 seconds left.\n|\n|t:|1682597800\n|start\n|switch|p1a: Arcanine|Arcanine, L50, F, shiny|100\/100\n|switch|p1b: Iron Bundle|Iron Bundle, L50, shiny|100\/100\n|switch|p2a: Kingambit|Kingambit, L50, M|100\/100\n|switch|p2b: Amoonguss|Amoonguss, L50, F|100\/100\n|-ability|p1a: Arcanine|Intimidate|boost\n|-unboost|p2a: Kingambit|atk|1\n|-ability|p2a: Kingambit|Defiant|boost\n|-boost|p2a: Kingambit|atk|2\n|-enditem|p1a: Arcanine|Mirror Herb\n|-boost|p1a: Arcanine|atk|2|[from] item: Mirror Herb\n|-unboost|p2b: Amoonguss|atk|1\n|turn|1\n|inactive|Arweinyddiaeth has 30 seconds left.\n|inactive|Arweinyddiaeth has 20 seconds left.\n|inactive|Arweinyddiaeth has 15 seconds left.\n|inactive|Arweinyddiaeth has 10 seconds left.\n|\n|t:|1682597847\n|-terastallize|p2b: Amoonguss|Water\n|move|p1a: Arcanine|Protect|p1a: Arcanine\n|-singleturn|p1a: Arcanine|Protect\n|move|p1b: Iron Bundle|Freeze-Dry|p2b: Amoonguss\n|-supereffective|p2b: Amoonguss\n|-damage|p2b: Amoonguss|46\/100\n|-enditem|p2b: Amoonguss|Sitrus Berry|[eat]\n|-heal|p2b: Amoonguss|71\/100|[from] item: Sitrus Berry\n|move|p2a: Kingambit|Kowtow Cleave|p1b: Iron Bundle\n|-damage|p1b: Iron Bundle|18\/100\n|move|p2b: Amoonguss|Spore|p1a: Arcanine\n|-activate|p1a: Arcanine|move: Protect\n|\n|upkeep\n|turn|2\n|inactive|teehee638 has 30 seconds left.\n|inactive|teehee638 has 20 seconds left.\n|inactive|teehee638 has 15 seconds left.\n|\n|t:|1682597889\n|move|p1b: Iron Bundle|Protect|p1b: Iron Bundle\n|-singleturn|p1b: Iron Bundle|Protect\n|move|p2a: Kingambit|Sucker Punch||[still]\n|-fail|p2a: Kingambit\n|move|p1a: Arcanine|Flare Blitz|p2a: Kingambit\n|-supereffective|p2a: Kingambit\n|-damage|p2a: Kingambit|0 fnt\n|faint|p2a: Kingambit\n|-damage|p1a: Arcanine|66\/100|[from] Recoil\n|move|p2b: Amoonguss|Spore|p1a: Arcanine\n|-status|p1a: Arcanine|slp|[from] move: Spore\n|\n|upkeep\n|\n|t:|1682597902\n|switch|p2a: Baxcalibur|Baxcalibur, L50, M|100\/100\n|turn|3\n|\n|t:|1682597925\n|move|p2b: Amoonguss|Protect|p2b: Amoonguss\n|-singleturn|p2b: Amoonguss|Protect\n|move|p2a: Baxcalibur|Ice Shard|p1b: Iron Bundle\n|-resisted|p1b: Iron Bundle\n|-damage|p1b: Iron Bundle|11\/100\n|move|p1b: Iron Bundle|Freeze-Dry|p2a: Baxcalibur\n|-damage|p2a: Baxcalibur|67\/100\n|cant|p1a: Arcanine|slp\n|\n|upkeep\n|turn|4\n|\n|t:|1682597949\n|cant|p1a: Arcanine|slp\n|move|p2b: Amoonguss|Rage Powder|p2b: Amoonguss\n|-singleturn|p2b: Amoonguss|move: Rage Powder\n|move|p1b: Iron Bundle|Freeze-Dry|p2b: Amoonguss\n|-supereffective|p2b: Amoonguss\n|-damage|p2b: Amoonguss|10\/100\n|move|p2a: Baxcalibur|Glaive Rush|p1a: Arcanine\n|-damage|p1a: Arcanine|0 fnt\n|-singlemove|p2a: Baxcalibur|Glaive Rush|[silent]\n|faint|p1a: Arcanine\n|\n|upkeep\n|\n|t:|1682597963\n|switch|p1a: Chi-Yu|Chi-Yu, L50|100\/100\n|-ability|p1a: Chi-Yu|Beads of Ruin\n|turn|5\n|inactive|teehee638 has 30 seconds left.\n|inactive|Arweinyddiaeth has 30 seconds left.\n|inactive|teehee638 has 20 seconds left.\n|inactive|teehee638 has 15 seconds left.\n|\n|t:|1682598012\n|move|p1b: Iron Bundle|Protect|p1b: Iron Bundle\n|-singleturn|p1b: Iron Bundle|Protect\n|move|p2b: Amoonguss|Rage Powder|p2b: Amoonguss\n|-singleturn|p2b: Amoonguss|move: Rage Powder\n|move|p1a: Chi-Yu|Heat Wave|p2b: Amoonguss|[spread] p2a,p2b\n|-resisted|p2b: Amoonguss\n|-damage|p2a: Baxcalibur|0 fnt\n|-damage|p2b: Amoonguss|0 fnt\n|faint|p2a: Baxcalibur\n|faint|p2b: Amoonguss\n|\n|upkeep\n|\n|t:|1682598032\n|switch|p2b: Gyarados|Gyarados, L50, F|100\/100\n|-ability|p2b: Gyarados|Intimidate|boost\n|-unboost|p1a: Chi-Yu|atk|1\n|-unboost|p1b: Iron Bundle|atk|1\n|turn|6\n|-message|Arweinyddiaeth forfeited.\n|\n|win|teehee638\n|raw|teehee638's rating: 1186 → 1219<\/strong> (+33 for winning)\n|raw|Arweinyddiaeth's rating: 1304 → 1277<\/strong> (-27 for losing)\n|l|\u2606Arweinyddiaeth\n","uploadtime":1682598044,"views":13,"p1id":"teehee638","p2id":"arweinyddiaeth","formatid":"gen9vgc2023regulationc","rating":1219,"private":0,"password":""}