{"id":"gen9vgc2023regulationc-1855157406","p1":"SaulAnibalXLVI","p2":"Dymosin","format":"[Gen 9] VGC 2023 Regulation C","log":"|j|\u2606SaulAnibalXLVI\n|j|\u2606Dymosin\n|t:|1682908336\n|gametype|doubles\n|player|p1|SaulAnibalXLVI|170|1108\n|player|p2|Dymosin|volkner|1063\n|teamsize|p1|6\n|teamsize|p2|6\n|gen|9\n|tier|[Gen 9] VGC 2023 Regulation C\n|rated|\n|rule|Species Clause: Limit one of each Pok\u00e9mon\n|rule|Item Clause: Limit one of each item\n|clearpoke\n|poke|p1|Torkoal, L50, M|\n|poke|p1|Jumpluff, L50, F|\n|poke|p1|Flutter Mane, L50|\n|poke|p1|Great Tusk, L50|\n|poke|p1|Chien-Pao, L50|\n|poke|p1|Kingambit, L50, M|\n|poke|p2|Great Tusk, L50|\n|poke|p2|Armarouge, L50, M|\n|poke|p2|Annihilape, L50, M|\n|poke|p2|Talonflame, L50, M|\n|poke|p2|Chien-Pao, L50|\n|poke|p2|Bellibolt, L50, F|\n|teampreview|4\n|inactive|Battle timer is ON: inactive players will automatically lose when time's up. (requested by Dymosin)\n|inactive|SaulAnibalXLVI has 60 seconds left.\n|inactive|Dymosin has 60 seconds left.\n|\n|t:|1682908379\n|start\n|switch|p1a: Torkoal|Torkoal, L50, M|100\/100\n|switch|p1b: Jumpluff|Jumpluff, L50, F, shiny|100\/100\n|switch|p2a: Biggest Bird|Talonflame, L50, M|100\/100\n|switch|p2b: RETURN TO MONKE|Annihilape, L50, M|100\/100\n|-weather|SunnyDay|[from] ability: Drought|[of] p1a: Torkoal\n|turn|1\n|\n|t:|1682908402\n|-terastallize|p2b: RETURN TO MONKE|Fire\n|move|p2a: Biggest Bird|Tailwind|p2a: Biggest Bird\n|-sidestart|p2: Dymosin|move: Tailwind\n|move|p1b: Jumpluff|Sleep Powder|p2a: Biggest Bird|[miss]\n|-miss|p1b: Jumpluff|p2a: Biggest Bird\n|move|p2b: RETURN TO MONKE|Drain Punch|p1a: Torkoal\n|-damage|p1a: Torkoal|78\/100\n|move|p1a: Torkoal|Overheat|p2b: RETURN TO MONKE\n|-resisted|p2b: RETURN TO MONKE\n|-damage|p2b: RETURN TO MONKE|73\/100\n|-unboost|p1a: Torkoal|spa|2\n|-enditem|p1a: Torkoal|Eject Pack\n|\n|t:|1682908414\n|switch|p1a: Great Tusk|Great Tusk, L50|100\/100\n|-activate|p1a: Great Tusk|ability: Protosynthesis\n|-start|p1a: Great Tusk|protosynthesisatk\n|\n|-weather|SunnyDay|[upkeep]\n|upkeep\n|turn|2\n|\n|t:|1682908431\n|move|p2b: RETURN TO MONKE|Protect|p2b: RETURN TO MONKE\n|-singleturn|p2b: RETURN TO MONKE|Protect\n|move|p2a: Biggest Bird|Brave Bird|p1b: Jumpluff\n|-supereffective|p1b: Jumpluff\n|-damage|p1b: Jumpluff|11\/100\n|-damage|p2a: Biggest Bird|67\/100|[from] Recoil\n|move|p1b: Jumpluff|Tailwind|p1b: Jumpluff\n|-sidestart|p1: SaulAnibalXLVI|move: Tailwind\n|move|p1a: Great Tusk|Rock Slide|p2a: Biggest Bird|[spread] \n|-activate|p2b: RETURN TO MONKE|move: Protect\n|-miss|p1a: Great Tusk|p2a: Biggest Bird\n|\n|-weather|SunnyDay|[upkeep]\n|upkeep\n|turn|3\n|inactive|SaulAnibalXLVI has 30 seconds left.\n|inactive|Dymosin has 30 seconds left.\n|\n|t:|1682908460\n|switch|p1b: Flutter Mane|Flutter Mane, L50, shiny|100\/100\n|-activate|p1b: Flutter Mane|ability: Protosynthesis\n|-start|p1b: Flutter Mane|protosynthesisspe\n|switch|p2b: Bertha|Bellibolt, L50, F|100\/100\n|move|p1a: Great Tusk|Rock Slide|p2b: Bertha|[spread] p2a,p2b\n|-supereffective|p2a: Biggest Bird\n|-damage|p2a: Biggest Bird|0 fnt\n|-damage|p2b: Bertha|77\/100\n|-start|p2b: Bertha|Charge|Rock Slide|[from] ability: Electromorphosis\n|faint|p2a: Biggest Bird\n|\n|-weather|SunnyDay|[upkeep]\n|-heal|p2b: Bertha|83\/100|[from] item: Leftovers\n|upkeep\n|\n|t:|1682908476\n|switch|p2a: RETURN TO MONKE|Annihilape, L50, M, tera:Fire|73\/100\n|turn|4\n|\n|t:|1682908498\n|-end|p1a: Great Tusk|Protosynthesis|[silent]\n|switch|p1a: Jumpluff|Jumpluff, L50, F, shiny|11\/100\n|move|p2a: RETURN TO MONKE|Protect|p2a: RETURN TO MONKE\n|-singleturn|p2a: RETURN TO MONKE|Protect\n|move|p1b: Flutter Mane|Moonblast|p2b: Bertha\n|-damage|p2b: Bertha|9\/100\n|-start|p2b: Bertha|Charge|Moonblast|[from] ability: Electromorphosis\n|move|p2b: Bertha|Muddy Water|p1a: Jumpluff|[spread] p1a,p1b\n|-resisted|p1a: Jumpluff\n|-crit|p1b: Flutter Mane\n|-damage|p1a: Jumpluff|7\/100\n|-damage|p1b: Flutter Mane|86\/100\n|\n|-weather|SunnyDay|[upkeep]\n|-heal|p2b: Bertha|15\/100|[from] item: Leftovers\n|-sideend|p2: Dymosin|move: Tailwind\n|upkeep\n|turn|5\n|\n|t:|1682908521\n|move|p1a: Jumpluff|Sleep Powder|p2a: RETURN TO MONKE|[miss]\n|-miss|p1a: Jumpluff|p2a: RETURN TO MONKE\n|move|p1b: Flutter Mane|Moonblast|p2b: Bertha\n|-damage|p2b: Bertha|0 fnt\n|faint|p2b: Bertha\n|move|p2a: RETURN TO MONKE|Ice Punch|p1a: Jumpluff\n|-supereffective|p1a: Jumpluff\n|-damage|p1a: Jumpluff|0 fnt\n|faint|p1a: Jumpluff\n|\n|-weather|none\n|-end|p1b: Flutter Mane|Protosynthesis\n|-sideend|p1: SaulAnibalXLVI|move: Tailwind\n|upkeep\n|\n|t:|1682908533\n|switch|p1a: Torkoal|Torkoal, L50, M|78\/100\n|switch|p2b: Tenshinhan|Armarouge, L50, M|100\/100\n|-weather|SunnyDay|[from] ability: Drought|[of] p1a: Torkoal\n|-activate|p1b: Flutter Mane|ability: Protosynthesis\n|-start|p1b: Flutter Mane|protosynthesisspe\n|turn|6\n|\n|t:|1682908553\n|move|p1b: Flutter Mane|Moonblast|p2a: RETURN TO MONKE\n|-resisted|p2a: RETURN TO MONKE\n|-damage|p2a: RETURN TO MONKE|37\/100\n|-unboost|p2a: RETURN TO MONKE|spa|1\n|-ability|p2a: RETURN TO MONKE|Defiant|boost\n|-boost|p2a: RETURN TO MONKE|atk|2\n|move|p2a: RETURN TO MONKE|Fling|p2b: Tenshinhan\n|-supereffective|p2b: Tenshinhan\n|-damage|p2b: Tenshinhan|87\/100\n|-boost|p2b: Tenshinhan|spe|1|[from] item: Salac Berry\n|-ability|p2b: Tenshinhan|Weak Armor|boost\n|-unboost|p2b: Tenshinhan|def|1\n|-boost|p2b: Tenshinhan|spe|2\n|-enditem|p2b: Tenshinhan|Weakness Policy\n|-boost|p2b: Tenshinhan|atk|2|[from] item: Weakness Policy\n|-boost|p2b: Tenshinhan|spa|2|[from] item: Weakness Policy\n|-enditem|p2a: RETURN TO MONKE|Salac Berry|[from] move: Fling\n|move|p2b: Tenshinhan|Stored Power|p1b: Flutter Mane\n|-damage|p1b: Flutter Mane|0 fnt\n|faint|p1b: Flutter Mane\n|-end|p1b: Flutter Mane|Protosynthesis|[silent]\n|move|p1a: Torkoal|Overheat|p2b: Tenshinhan\n|-resisted|p2b: Tenshinhan\n|-damage|p2b: Tenshinhan|56\/100\n|-unboost|p1a: Torkoal|spa|2\n|\n|-weather|SunnyDay|[upkeep]\n|upkeep\n|\n|t:|1682908575\n|switch|p1b: Great Tusk|Great Tusk, L50|100\/100\n|-activate|p1b: Great Tusk|ability: Protosynthesis\n|-start|p1b: Great Tusk|protosynthesisatk\n|turn|7\n|\n|t:|1682908585\n|move|p2a: RETURN TO MONKE|Protect|p2a: RETURN TO MONKE\n|-singleturn|p2a: RETURN TO MONKE|Protect\n|move|p2b: Tenshinhan|Stored Power|p1b: Great Tusk\n|-supereffective|p1b: Great Tusk\n|-damage|p1b: Great Tusk|0 fnt\n|faint|p1b: Great Tusk\n|-end|p1b: Great Tusk|Protosynthesis|[silent]\n|move|p1a: Torkoal|Yawn|p2b: Tenshinhan\n|-start|p2b: Tenshinhan|move: Yawn|[of] p1a: Torkoal\n|\n|-weather|SunnyDay|[upkeep]\n|upkeep\n|turn|8\n|-message|SaulAnibalXLVI forfeited.\n|\n|win|Dymosin\n|raw|SaulAnibalXLVI's rating: 1108 → 1080<\/strong> (-28 for losing)\n|raw|Dymosin's rating: 1063 → 1097<\/strong> (+34 for winning)\n|l|\u2606SaulAnibalXLVI\n","uploadtime":1682908614,"views":14,"p1id":"saulanibalxlvi","p2id":"dymosin","formatid":"gen9vgc2023regulationc","rating":1080,"private":0,"password":""}