{"id":"gen9vgc2023regulationc-1864155971","p1":"mence x vgc","p2":"Turtle Plush VGC","format":"[Gen 9] VGC 2023 Regulation C","log":"|j|\u2606mence x vgc\n|j|\u2606Turtle Plush VGC\n|t:|1684126434\n|gametype|doubles\n|player|p1|mence x vgc|janine|1379\n|player|p2|Turtle Plush VGC|blackbelt-gen4dp|1531\n|teamsize|p1|6\n|teamsize|p2|6\n|gen|9\n|tier|[Gen 9] VGC 2023 Regulation C\n|rated|\n|rule|Species Clause: Limit one of each Pok\u00e9mon\n|rule|Item Clause: Limit one of each item\n|clearpoke\n|poke|p1|Amoonguss, L50, F|\n|poke|p1|Gyarados, L50, F|\n|poke|p1|Kingambit, L50, F|\n|poke|p1|Iron Hands, L50|\n|poke|p1|Flutter Mane, L50|\n|poke|p1|Chi-Yu, L50|\n|poke|p2|Amoonguss, L50, M|\n|poke|p2|Gyarados, L50, F|\n|poke|p2|Murkrow, L50, F|\n|poke|p2|Great Tusk, L50|\n|poke|p2|Flutter Mane, L50|\n|poke|p2|Chi-Yu, L50|\n|teampreview|4\n|inactive|Battle timer is ON: inactive players will automatically lose when time's up. (requested by Turtle Plush VGC)\nTurtle Plush VGC has agreed to open team sheets.\nmence x vgc has agreed to open team sheets.\n|inactive|mence x vgc has 60 seconds left.\n|inactive|mence x vgc has 30 seconds left.\n|\n|t:|1684126500\n|start\n|switch|p1a: Iron Hands|Iron Hands, L50, shiny|100\/100\n|switch|p1b: Flutter Mane|Flutter Mane, L50, shiny|100\/100\n|switch|p2a: Great Tusk|Great Tusk, L50|100\/100\n|switch|p2b: Murkrow|Murkrow, L50, F|100\/100\n|-enditem|p1b: Flutter Mane|Booster Energy\n|-activate|p1b: Flutter Mane|ability: Protosynthesis|[fromitem]\n|-start|p1b: Flutter Mane|protosynthesisspe\n|turn|1\n|inactive|mence x vgc has 30 seconds left.\n|inactive|Turtle Plush VGC has 30 seconds left.\n|inactive|mence x vgc has 20 seconds left.\n|inactive|mence x vgc has 15 seconds left.\n|\n|t:|1684126542\n|-terastallize|p2a: Great Tusk|Steel\n|move|p1a: Iron Hands|Fake Out|p2b: Murkrow\n|-damage|p2b: Murkrow|84\/100\n|cant|p2b: Murkrow|flinch\n|move|p1b: Flutter Mane|Moonblast|p2b: Murkrow\n|-supereffective|p2b: Murkrow\n|-damage|p2b: Murkrow|0 fnt\n|faint|p2b: Murkrow\n|move|p2a: Great Tusk|Earthquake|p1a: Iron Hands|[spread] p1a,p1b\n|-supereffective|p1a: Iron Hands\n|-damage|p1a: Iron Hands|49\/100\n|-damage|p1b: Flutter Mane|25\/100\n|\n|upkeep\n|\n|t:|1684126551\n|switch|p2b: Chi-Yu|Chi-Yu, L50|100\/100\n|-ability|p2b: Chi-Yu|Beads of Ruin\n|turn|2\n|inactive|mence x vgc has 30 seconds left.\n|inactive|mence x vgc has 20 seconds left.\n|inactive|mence x vgc has 15 seconds left.\n|inactive|mence x vgc has 10 seconds left.\n|\n|t:|1684126597\n|-end|p1a: Iron Hands|Quark Drive|[silent]\n|switch|p1a: Gyarados|Gyarados, L50, F, shiny|100\/100\n|-ability|p1a: Gyarados|Intimidate|boost\n|-unboost|p2a: Great Tusk|atk|1\n|-unboost|p2b: Chi-Yu|atk|1\n|move|p1b: Flutter Mane|Protect|p1b: Flutter Mane\n|-singleturn|p1b: Flutter Mane|Protect\n|move|p2b: Chi-Yu|Protect|p2b: Chi-Yu\n|-singleturn|p2b: Chi-Yu|Protect\n|move|p2a: Great Tusk|Earthquake|p1a: Gyarados|[spread] \n|-activate|p2b: Chi-Yu|move: Protect\n|-activate|p1b: Flutter Mane|move: Protect\n|-immune|p1a: Gyarados\n|\n|upkeep\n|turn|3\n|inactive|mence x vgc has 30 seconds left.\n|inactive|mence x vgc has 20 seconds left.\n|inactive|mence x vgc has 15 seconds left.\n|inactive|mence x vgc has 10 seconds left.\n|\n|t:|1684126646\n|-end|p2a: Great Tusk|Protosynthesis|[silent]\n|switch|p2a: Flutter Mane|Flutter Mane, L50|100\/100\n|move|p1b: Flutter Mane|Moonblast|p2b: Chi-Yu\n|-damage|p2b: Chi-Yu|47\/100\n|move|p2b: Chi-Yu|Dark Pulse|p1b: Flutter Mane\n|-damage|p1b: Flutter Mane|0 fnt\n|faint|p1b: Flutter Mane\n|-end|p1b: Flutter Mane|Protosynthesis|[silent]\n|move|p1a: Gyarados|Waterfall|p2b: Chi-Yu\n|-supereffective|p2b: Chi-Yu\n|-damage|p2b: Chi-Yu|0 fnt\n|faint|p2b: Chi-Yu\n|\n|upkeep\n|inactive|mence x vgc has 30 seconds left.\n|inactive|mence x vgc has 20 seconds left.\n|inactive|mence x vgc has 15 seconds left.\n|inactive|mence x vgc has 10 seconds left.\n|\n|t:|1684126692\n|switch|p1b: Iron Hands|Iron Hands, L50, shiny|49\/100\n|switch|p2b: Great Tusk|Great Tusk, L50, tera:Steel|100\/100\n|turn|4\n|inactive|mence x vgc has 30 seconds left.\n|inactive|mence x vgc has 20 seconds left.\n|j| pengwin694\n|inactive|mence x vgc has 15 seconds left.\n|inactive|mence x vgc has 10 seconds left.\n|inactive|Turtle Plush VGC has 30 seconds left.\n|l| pengwin694\n|\n|t:|1684126742\n|move|p2b: Great Tusk|Rock Slide|p1a: Gyarados|[spread] p1a,p1b\n|-supereffective|p1a: Gyarados\n|-resisted|p1b: Iron Hands\n|-damage|p1a: Gyarados|64\/100\n|-damage|p1b: Iron Hands|41\/100\n|move|p2a: Flutter Mane|Moonblast|p1b: Iron Hands\n|-supereffective|p1b: Iron Hands\n|-damage|p1b: Iron Hands|0 fnt\n|faint|p1b: Iron Hands\n|-end|p1b: Iron Hands|Quark Drive|[silent]\n|move|p1a: Gyarados|Thunder Wave|p2b: Great Tusk|[miss]\n|-miss|p1a: Gyarados|p2b: Great Tusk\n|\n|upkeep\n|\n|t:|1684126753\n|switch|p1b: Kingambit|Kingambit, L50, F, shiny|100\/100\n|turn|5\n|\n|t:|1684126770\n|-terastallize|p1b: Kingambit|Dark\n|move|p1a: Gyarados|Helping Hand|p1b: Kingambit\n|-singleturn|p1b: Kingambit|Helping Hand|[of] p1a: Gyarados\n|move|p1b: Kingambit|Sucker Punch|p2a: Flutter Mane\n|-damage|p2a: Flutter Mane|0 fnt\n|faint|p2a: Flutter Mane\n|-end|p2a: Flutter Mane|Protosynthesis|[silent]\n|move|p2b: Great Tusk|Rock Slide|p1a: Gyarados|[spread] p1b\n|-miss|p2b: Great Tusk|p1a: Gyarados\n|-damage|p1b: Kingambit|83\/100\n|\n|upkeep\n|turn|6\n|\n|t:|1684126786\n|move|p1a: Gyarados|Helping Hand|p1b: Kingambit\n|-singleturn|p1b: Kingambit|Helping Hand|[of] p1a: Gyarados\n|move|p2b: Great Tusk|Rock Slide|p1a: Gyarados|[spread] p1a,p1b\n|-supereffective|p1a: Gyarados\n|-crit|p1a: Gyarados\n|-damage|p1a: Gyarados|10\/100\n|-damage|p1b: Kingambit|66\/100\n|move|p1b: Kingambit|Kowtow Cleave|p2b: Great Tusk\n|-damage|p2b: Great Tusk|18\/100\n|\n|upkeep\n|turn|7\n|-message|Turtle Plush VGC forfeited.\n|\n|win|mence x vgc\n|raw|mence x vgc's rating: 1379 → 1407<\/strong> (+28 for winning)\n|raw|Turtle Plush VGC's rating: 1531 → 1503<\/strong> (-28 for losing)\n|l|\u2606Turtle Plush VGC\n|c|\u2606mence x vgc|gg\n","uploadtime":1684126806,"views":6,"p1id":"mencexvgc","p2id":"turtleplushvgc","formatid":"gen9vgc2023regulationc","rating":1407,"private":0,"password":""}