{"id":"gen9vgc2023regulationc-1862415765","p1":"itsxaver","p2":"leoroop","format":"[Gen 9] VGC 2023 Regulation C","log":"|j|\u2606itsxaver\n|j|\u2606leoroop\n|t:|1683882434\n|gametype|doubles\n|player|p1|itsxaver|jogger|1356\n|player|p2|leoroop|backpacker|1445\n|teamsize|p1|6\n|teamsize|p2|6\n|gen|9\n|tier|[Gen 9] VGC 2023 Regulation C\n|rated|\n|rule|Species Clause: Limit one of each Pok\u00e9mon\n|rule|Item Clause: Limit one of each item\n|clearpoke\n|poke|p1|Dragonite, L50, M|\n|poke|p1|Glimmora, L50, M|\n|poke|p1|Chien-Pao, L50|\n|poke|p1|Ting-Lu, L50|\n|poke|p1|Corviknight, L50, M|\n|poke|p1|Arcanine, L50, M|\n|poke|p2|Gyarados, L50, M|\n|poke|p2|Amoonguss, L50, M|\n|poke|p2|Kingambit, L50, F|\n|poke|p2|Flutter Mane, L50|\n|poke|p2|Chi-Yu, L50|\n|poke|p2|Baxcalibur, L50, F|\n|teampreview|4\nleoroop has agreed to open team sheets.\n|\n|t:|1683882496\n|start\n|switch|p1a: Arcanine|Arcanine, L50, M|100\/100\n|switch|p1b: Corviknight|Corviknight, L50, M|100\/100\n|switch|p2a: Chi-Yu|Chi-Yu, L50|100\/100\n|switch|p2b: Amoonguss|Amoonguss, L50, M|100\/100\n|-ability|p2a: Chi-Yu|Beads of Ruin\n|-ability|p1a: Arcanine|Intimidate|boost\n|-unboost|p2a: Chi-Yu|atk|1\n|-unboost|p2b: Amoonguss|atk|1\n|turn|1\n|\n|t:|1683882534\n|switch|p2b: Baxcalibur|Baxcalibur, L50, F|100\/100\n|-terastallize|p1b: Corviknight|Fire\n|move|p2a: Chi-Yu|Dark Pulse|p1a: Arcanine\n|-damage|p1a: Arcanine|36\/100\n|move|p1a: Arcanine|Howl|p1a: Arcanine|[spread] p1a,p1b\n|-boost|p1a: Arcanine|atk|1\n|-boost|p1b: Corviknight|atk|1\n|move|p1b: Corviknight|Brave Bird|p2a: Chi-Yu\n|-damage|p2a: Chi-Yu|0 fnt\n|faint|p2a: Chi-Yu\n|-damage|p1b: Corviknight|75\/100|[from] Recoil\n|\n|upkeep\n|\n|t:|1683882553\n|switch|p2a: Kingambit|Kingambit, L50, F|100\/100\n|turn|2\n|\n|t:|1683882591\n|-terastallize|p2a: Kingambit|Fire\n|move|p2a: Kingambit|Sucker Punch|p1b: Corviknight\n|-damage|p1b: Corviknight|40\/100\n|move|p1a: Arcanine|Flare Blitz|p2a: Kingambit\n|-resisted|p2a: Kingambit\n|-damage|p2a: Kingambit|69\/100\n|-damage|p1a: Arcanine|25\/100|[from] Recoil\n|move|p2b: Baxcalibur|Glaive Rush|p1b: Corviknight\n|-damage|p1b: Corviknight|0 fnt\n|-singlemove|p2b: Baxcalibur|Glaive Rush|[silent]\n|faint|p1b: Corviknight\n|\n|upkeep\n|\n|t:|1683882598\n|switch|p1b: Glimmora|Glimmora, L50, M|100\/100\n|turn|3\n|\n|t:|1683882619\n|switch|p2b: Amoonguss|Amoonguss, L50, M|100\/100\n|move|p1a: Arcanine|Extreme Speed|p2a: Kingambit\n|-damage|p2a: Kingambit|39\/100\n|move|p1b: Glimmora|Power Gem|p2a: Kingambit\n|-supereffective|p2a: Kingambit\n|-damage|p2a: Kingambit|0 fnt\n|faint|p2a: Kingambit\n|\n|upkeep\n|\n|t:|1683882626\n|switch|p2a: Baxcalibur|Baxcalibur, L50, F|100\/100\n|turn|4\n|\n|t:|1683882649\n|move|p1a: Arcanine|Flare Blitz|p2b: Amoonguss\n|-supereffective|p2b: Amoonguss\n|-damage|p2b: Amoonguss|0 fnt\n|faint|p2b: Amoonguss\n|-damage|p1a: Arcanine|0 fnt|[from] Recoil\n|faint|p1a: Arcanine\n|move|p2a: Baxcalibur|Icicle Crash|p1b: Glimmora\n|-damage|p1b: Glimmora|61\/100\n|-activate|p1b: Glimmora|ability: Toxic Debris\n|-sidestart|p2: leoroop|move: Toxic Spikes\n|cant|p1b: Glimmora|flinch\n|\n|upkeep\n|\n|t:|1683882660\n|switch|p1a: Chien-Pao|Chien-Pao, L50|100\/100\n|-ability|p1a: Chien-Pao|Sword of Ruin\n|turn|5\n|\n|t:|1683882670\n|move|p1a: Chien-Pao|Sacred Sword|p2a: Baxcalibur\n|-supereffective|p2a: Baxcalibur\n|-damage|p2a: Baxcalibur|34\/100\n|move|p2a: Baxcalibur|Glaive Rush|p1a: Chien-Pao\n|-enditem|p1a: Chien-Pao|Focus Sash\n|-damage|p1a: Chien-Pao|1\/100\n|-singlemove|p2a: Baxcalibur|Glaive Rush|[silent]\n|move|p1b: Glimmora|Power Gem|p2a: Baxcalibur\n|-supereffective|p2a: Baxcalibur\n|-damage|p2a: Baxcalibur|0 fnt\n|faint|p2a: Baxcalibur\n|\n|win|itsxaver\n|raw|itsxaver's rating: 1356 → 1381<\/strong> (+25 for winning)\n|raw|leoroop's rating: 1445 → 1420<\/strong> (-25 for losing)\n|l|\u2606leoroop\n|j|\u2606leoroop\n|player|p2|leoroop|backpacker\n","uploadtime":1683882682,"views":19,"p1id":"itsxaver","p2id":"leoroop","formatid":"gen9vgc2023regulationc","rating":1381,"private":0,"password":""}