{"id":"gen9vgc2023regulationc-1859568765","p1":"PixelDupe1","p2":"naetheanimal97","format":"[Gen 9] VGC 2023 Regulation C","log":"|j|\u2606PixelDupe1\n|j|\u2606naetheanimal97\n|t:|1683543091\n|gametype|doubles\n|player|p1|PixelDupe1|palmer|1154\n|player|p2|naetheanimal97|n|1157\n|teamsize|p1|6\n|teamsize|p2|6\n|gen|9\n|tier|[Gen 9] VGC 2023 Regulation C\n|rated|\n|rule|Species Clause: Limit one of each Pok\u00e9mon\n|rule|Item Clause: Limit one of each item\n|clearpoke\n|poke|p1|Orthworm, L50, M|\n|poke|p1|Amoonguss, L50, M|\n|poke|p1|Palafin, L50, M|\n|poke|p1|Ting-Lu, L50|\n|poke|p1|Flutter Mane, L50|\n|poke|p1|Gyarados, L50, M|\n|poke|p2|Brute Bonnet, L50|\n|poke|p2|Great Tusk, L50|\n|poke|p2|Murkrow, L50, F|\n|poke|p2|Corviknight, L50, F|\n|poke|p2|Chi-Yu, L50|\n|poke|p2|Flutter Mane, L50|\n|teampreview|4\nPixelDupe1 has agreed to open team sheets.\nnaetheanimal97 rejected open team sheets.\n|\n|t:|1683543171\n|start\n|switch|p1a: Orthworm|Orthworm, L50, M|100\/100\n|switch|p1b: Fineas|Palafin, L50, M|100\/100\n|switch|p2a: Murkrow|Murkrow, L50, F|100\/100\n|switch|p2b: Corviknight|Corviknight, L50, F|100\/100\n|turn|1\n|\n|t:|1683543200\n|detailschange|p1b: Fineas|Palafin-Hero, L50, M\n|switch|p1b: Bowlhead|Ting-Lu, L50|100\/100\n|-ability|p1b: Bowlhead|Vessel of Ruin\n|-terastallize|p2b: Corviknight|Fire\n|move|p2a: Murkrow|Foul Play|p1b: Bowlhead\n|-resisted|p1b: Bowlhead\n|-damage|p1b: Bowlhead|84\/100\n|move|p2b: Corviknight|Tera Blast|p1a: Orthworm\n|-supereffective|p1a: Orthworm\n|-damage|p1a: Orthworm|26\/100\n|-enditem|p1a: Orthworm|Sitrus Berry|[eat]\n|-heal|p1a: Orthworm|51\/100|[from] item: Sitrus Berry\n|move|p1a: Orthworm|Shed Tail|p1a: Orthworm\n|-fail|p1a: Orthworm|move: Shed Tail|[weak]\n|\n|upkeep\n|turn|2\n|\n|t:|1683543245\n|move|p2a: Murkrow|Sunny Day|p2a: Murkrow\n|-weather|SunnyDay\n|move|p2b: Corviknight|Tera Blast|p1b: Bowlhead\n|-damage|p1b: Bowlhead|37\/100\n|move|p1a: Orthworm|Body Press|p2b: Corviknight\n|-damage|p2b: Corviknight|78\/100\n|move|p1b: Bowlhead|Earthquake|p2b: Corviknight|[spread] p2b\n|-heal|p1a: Orthworm|76\/100|[from] ability: Earth Eater|[of] p1b: Bowlhead\n|-immune|p2a: Murkrow\n|-supereffective|p2b: Corviknight\n|-damage|p2b: Corviknight|16\/100\n|\n|-weather|SunnyDay|[upkeep]\n|upkeep\n|turn|3\n|\n|t:|1683543282\n|switch|p1b: Fineas|Palafin-Hero, L50, M|100\/100\n|-activate|p1b: Fineas|ability: Zero to Hero\n|move|p2a: Murkrow|Tailwind|p2a: Murkrow\n|-sidestart|p2: naetheanimal97|move: Tailwind\n|move|p2b: Corviknight|Tera Blast|p1a: Orthworm\n|-supereffective|p1a: Orthworm\n|-damage|p1a: Orthworm|0 fnt\n|faint|p1a: Orthworm\n|\n|-weather|SunnyDay|[upkeep]\n|upkeep\n|inactive|Battle timer is ON: inactive players will automatically lose when time's up. (requested by naetheanimal97)\n|\n|t:|1683543294\n|switch|p1a: Mischief|Flutter Mane, L50|100\/100\n|-activate|p1a: Mischief|ability: Protosynthesis\n|-start|p1a: Mischief|protosynthesisspa\n|turn|4\n|\n|t:|1683543303\n|move|p1b: Fineas|Jet Punch|p2b: Corviknight\n|-supereffective|p2b: Corviknight\n|-damage|p2b: Corviknight|0 fnt\n|faint|p2b: Corviknight\n|move|p2a: Murkrow|Foul Play|p1b: Fineas\n|-damage|p1b: Fineas|49\/100\n|move|p1a: Mischief|Moonblast|p2a: Murkrow\n|-supereffective|p2a: Murkrow\n|-damage|p2a: Murkrow|0 fnt\n|faint|p2a: Murkrow\n|\n|-weather|SunnyDay|[upkeep]\n|upkeep\n|\n|t:|1683543310\n|switch|p2a: Great Tusk|Great Tusk, L50|100\/100\n|switch|p2b: Flutter Mane|Flutter Mane, L50|100\/100\n|-activate|p2a: Great Tusk|ability: Protosynthesis\n|-start|p2a: Great Tusk|protosynthesisatk\n|-activate|p2b: Flutter Mane|ability: Protosynthesis\n|-start|p2b: Flutter Mane|protosynthesisspe\n|turn|5\n|inactive|PixelDupe1 has 30 seconds left.\n|inactive|PixelDupe1 has 20 seconds left.\n|\n|t:|1683543346\n|move|p1a: Mischief|Protect|p1a: Mischief\n|-singleturn|p1a: Mischief|Protect\n|move|p1b: Fineas|Protect|p1b: Fineas\n|-singleturn|p1b: Fineas|Protect\n|move|p2b: Flutter Mane|Moonblast|p1b: Fineas\n|-activate|p1b: Fineas|move: Protect\n|move|p2a: Great Tusk|Headlong Rush|p1a: Mischief\n|-activate|p1a: Mischief|move: Protect\n|\n|-weather|SunnyDay|[upkeep]\n|upkeep\n|turn|6\n|inactive|PixelDupe1 has 30 seconds left.\n|\n|t:|1683543372\n|-end|p1a: Mischief|Protosynthesis|[silent]\n|switch|p1a: Bowlhead|Ting-Lu, L50|37\/100\n|-ability|p1a: Bowlhead|Vessel of Ruin\n|move|p1b: Fineas|Jet Punch|p2a: Great Tusk\n|-supereffective|p2a: Great Tusk\n|-damage|p2a: Great Tusk|66\/100\n|move|p2b: Flutter Mane|Moonblast|p1b: Fineas\n|-damage|p1b: Fineas|0 fnt\n|faint|p1b: Fineas\n|move|p2a: Great Tusk|Headlong Rush|p1a: Bowlhead\n|-damage|p1a: Bowlhead|0 fnt\n|-unboost|p2a: Great Tusk|def|1\n|-unboost|p2a: Great Tusk|spd|1\n|faint|p1a: Bowlhead\n|\n|-weather|none\n|-end|p2b: Flutter Mane|Protosynthesis\n|-end|p2a: Great Tusk|Protosynthesis\n|-sideend|p2: naetheanimal97|move: Tailwind\n|upkeep\n|\n|t:|1683543384\n|switch|p1b: Mischief|Flutter Mane, L50|100\/100\n|-enditem|p1b: Mischief|Booster Energy\n|-activate|p1b: Mischief|ability: Protosynthesis|[fromitem]\n|-start|p1b: Mischief|protosynthesisspa\n|turn|7\n|\n|t:|1683543392\n|-terastallize|p1b: Mischief|Fairy\n|move|p2a: Great Tusk|Headlong Rush|p1b: Mischief\n|-damage|p1b: Mischief|0 fnt\n|-unboost|p2a: Great Tusk|def|1\n|-unboost|p2a: Great Tusk|spd|1\n|faint|p1b: Mischief\n|-end|p1b: Mischief|Protosynthesis|[silent]\n|\n|win|naetheanimal97\n|raw|PixelDupe1's rating: 1154 → 1129<\/strong> (-25 for losing)\n|raw|naetheanimal97's rating: 1157 → 1182<\/strong> (+25 for winning)\n|c|\u2606naetheanimal97|gg\n|l|\u2606PixelDupe1\n|l|\u2606naetheanimal97\n|j|\u2606PixelDupe1\n|player|p1|PixelDupe1|palmer\n","uploadtime":1683543428,"views":6,"p1id":"pixeldupe1","p2id":"naetheanimal97","formatid":"gen9vgc2023regulationc","rating":1129,"private":0,"password":""}