{"id":"gen9vgc2023regulationc-1855830781","p1":"yaCHEWY","p2":"Sugarmaru","format":"[Gen 9] VGC 2023 Regulation C","log":"|j|\u2606yaCHEWY\n|j|\u2606Sugarmaru\n|t:|1682989273\n|gametype|doubles\n|player|p1|yaCHEWY|101|1206\n|player|p2|Sugarmaru|dawn|1124\n|teamsize|p1|6\n|teamsize|p2|6\n|gen|9\n|tier|[Gen 9] VGC 2023 Regulation C\n|rated|\n|rule|Species Clause: Limit one of each Pok\u00e9mon\n|rule|Item Clause: Limit one of each item\n|clearpoke\n|poke|p1|Abomasnow, L50, M|\n|poke|p1|Iron Bundle, L50|\n|poke|p1|Chi-Yu, L50|\n|poke|p1|Flutter Mane, L50|\n|poke|p1|Ting-Lu, L50|\n|poke|p1|Chien-Pao, L50|\n|poke|p2|Vivillon-Ocean, L50, M|\n|poke|p2|Chi-Yu, L50|\n|poke|p2|Flutter Mane, L50|\n|poke|p2|Brute Bonnet, L50|\n|poke|p2|Iron Hands, L50|\n|poke|p2|Garchomp, L50, M|\n|teampreview|4\n|inactive|Battle timer is ON: inactive players will automatically lose when time's up. (requested by yaCHEWY)\n|inactive|Sugarmaru has 60 seconds left.\n|inactive|Sugarmaru has 30 seconds left.\n|inactive|Sugarmaru has 20 seconds left.\n|inactive|Sugarmaru has 15 seconds left.\n|inactive|Sugarmaru has 10 seconds left.\n|inactive|Sugarmaru has 5 seconds left.\n|\n|t:|1682989360\n|start\n|switch|p1a: Abomasnow|Abomasnow, L50, M, shiny|100\/100\n|switch|p1b: Iron Bundle|Iron Bundle, L50, shiny|100\/100\n|switch|p2a: Iron Hands|Iron Hands, L50|100\/100\n|switch|p2b: Flutter Mane|Flutter Mane, L50|100\/100\n|-weather|Snow|[from] ability: Snow Warning|[of] p1a: Abomasnow\n|-enditem|p1b: Iron Bundle|Booster Energy\n|-activate|p1b: Iron Bundle|ability: Quark Drive|[fromitem]\n|-start|p1b: Iron Bundle|quarkdrivespe\n|-enditem|p2b: Flutter Mane|Booster Energy\n|-activate|p2b: Flutter Mane|ability: Protosynthesis|[fromitem]\n|-start|p2b: Flutter Mane|protosynthesisspe\n|turn|1\n|\n|t:|1682989384\n|move|p2a: Iron Hands|Fake Out|p1b: Iron Bundle\n|-damage|p1b: Iron Bundle|86\/100\n|cant|p1b: Iron Bundle|flinch\n|move|p2b: Flutter Mane|Icy Wind|p1b: Iron Bundle|[spread] p1a,p1b\n|-resisted|p1b: Iron Bundle\n|-damage|p1a: Abomasnow|86\/100\n|-damage|p1b: Iron Bundle|79\/100\n|-unboost|p1a: Abomasnow|spe|1\n|-unboost|p1b: Iron Bundle|spe|1\n|move|p1a: Abomasnow|Blizzard|p2b: Flutter Mane|[spread] p2a,p2b\n|-damage|p2a: Iron Hands|72\/100\n|-damage|p2b: Flutter Mane|62\/100\n|-damage|p1a: Abomasnow|76\/100|[from] item: Life Orb\n|\n|-weather|Snow|[upkeep]\n|upkeep\n|turn|2\n|\n|t:|1682989404\n|move|p2b: Flutter Mane|Moonblast|p1b: Iron Bundle\n|-damage|p1b: Iron Bundle|0 fnt\n|faint|p1b: Iron Bundle\n|-end|p1b: Iron Bundle|Quark Drive|[silent]\n|move|p2a: Iron Hands|Drain Punch|p1a: Abomasnow\n|-supereffective|p1a: Abomasnow\n|-crit|p1a: Abomasnow\n|-damage|p1a: Abomasnow|0 fnt\n|-heal|p2a: Iron Hands|100\/100|[from] drain|[of] p1a: Abomasnow\n|faint|p1a: Abomasnow\n|\n|-weather|Snow|[upkeep]\n|upkeep\n|\n|t:|1682989422\n|switch|p1b: Chien-Pao|Chien-Pao, L50|100\/100\n|switch|p1a: Flutter Mane|Flutter Mane, L50, shiny|100\/100\n|-ability|p1b: Chien-Pao|Sword of Ruin\n|turn|3\n|inactive|Sugarmaru has 30 seconds left.\n|\n|t:|1682989449\n|-end|p2a: Iron Hands|Quark Drive|[silent]\n|switch|p2a: Chi-Yu|Chi-Yu, L50|100\/100\n|-ability|p2a: Chi-Yu|Beads of Ruin\n|move|p1b: Chien-Pao|Sucker Punch|p2b: Flutter Mane\n|-damage|p2b: Flutter Mane|0 fnt\n|faint|p2b: Flutter Mane\n|-end|p2b: Flutter Mane|Protosynthesis|[silent]\n|move|p1a: Flutter Mane|Moonblast|p2a: Chi-Yu\n|-damage|p2a: Chi-Yu|23\/100\n|-enditem|p2a: Chi-Yu|Sitrus Berry|[eat]\n|-heal|p2a: Chi-Yu|48\/100|[from] item: Sitrus Berry\n|\n|-weather|Snow|[upkeep]\n|upkeep\n|\n|t:|1682989469\n|switch|p2b: Garchomp|Garchomp, L50, M|100\/100\n|turn|4\n|\n|t:|1682989483\n|-terastallize|p1a: Flutter Mane|Fairy\n|-terastallize|p2b: Garchomp|Steel\n|move|p1b: Chien-Pao|Sacred Sword|p2a: Chi-Yu\n|-supereffective|p2a: Chi-Yu\n|-damage|p2a: Chi-Yu|0 fnt\n|faint|p2a: Chi-Yu\n|move|p1a: Flutter Mane|Moonblast|p2b: Garchomp\n|-resisted|p2b: Garchomp\n|-damage|p2b: Garchomp|45\/100\n|move|p2b: Garchomp|Iron Head|p1a: Flutter Mane\n|-supereffective|p1a: Flutter Mane\n|-damage|p1a: Flutter Mane|0 fnt\n|faint|p1a: Flutter Mane\n|-end|p1a: Flutter Mane|Protosynthesis|[silent]\n|\n|-weather|Snow|[upkeep]\n|upkeep\n|\n|t:|1682989499\n|switch|p2a: Iron Hands|Iron Hands, L50|100\/100\n|turn|5\n|\n|t:|1682989507\n|move|p2a: Iron Hands|Fake Out|p1b: Chien-Pao\n|-damage|p1b: Chien-Pao|86\/100\n|cant|p1b: Chien-Pao|flinch\n|move|p2b: Garchomp|Iron Head|p1b: Chien-Pao\n|-supereffective|p1b: Chien-Pao\n|-damage|p1b: Chien-Pao|13\/100\n|\n|-weather|none\n|upkeep\n|turn|6\n|-message|yaCHEWY forfeited.\n|\n|win|Sugarmaru\n|raw|yaCHEWY's rating: 1206 → 1175<\/strong> (-31 for losing)\n|raw|Sugarmaru's rating: 1124 → 1155<\/strong> (+31 for winning)\n|l|\u2606yaCHEWY\n","uploadtime":1682989556,"views":17,"p1id":"yachewy","p2id":"sugarmaru","formatid":"gen9vgc2023regulationc","rating":1155,"private":0,"password":""}