{"id":"gen9vgc2023regulationc-1851609580","p1":"Duecal1on","p2":"DiddlyDii","format":"[Gen 9] VGC 2023 Regulation C","log":"|j|\u2606Duecal1on\n|j|\u2606DiddlyDii\n|t:|1682460854\n|gametype|doubles\n|player|p1|Duecal1on|pokefan|1119\n|player|p2|DiddlyDii|170|1068\n|teamsize|p1|6\n|teamsize|p2|6\n|gen|9\n|tier|[Gen 9] VGC 2023 Regulation C\n|rated|\n|rule|Species Clause: Limit one of each Pok\u00e9mon\n|rule|Item Clause: Limit one of each item\n|clearpoke\n|poke|p1|Palafin, L50, M|\n|poke|p1|Arcanine, L50, M|\n|poke|p1|Chien-Pao, L50|\n|poke|p1|Scizor, L50, M|\n|poke|p1|Tsareena, L50, F|\n|poke|p1|Chi-Yu, L50|\n|poke|p2|Garganacl, L50, F|\n|poke|p2|Volcarona, L50, F|\n|poke|p2|Oricorio-Pom-Pom, L50, F|\n|poke|p2|Gholdengo, L50|\n|poke|p2|Iron Hands, L50|\n|poke|p2|Meowscarada, L50, F|\n|teampreview|4\n|inactive|Battle timer is ON: inactive players will automatically lose when time's up. (requested by DiddlyDii)\n|\n|t:|1682460887\n|start\n|switch|p1a: Palafin|Palafin, L50, M, shiny|100\/100\n|switch|p1b: Chien-Pao|Chien-Pao, L50|100\/100\n|switch|p2a: Garganacl|Garganacl, L50, F, shiny|100\/100\n|switch|p2b: Gholdengo|Gholdengo, L50|100\/100\n|-ability|p1b: Chien-Pao|Sword of Ruin\n|turn|1\n|\n|t:|1682460906\n|detailschange|p1a: Palafin|Palafin-Hero, L50, M, shiny\n|switch|p1a: Scizor|Scizor, L50, M|100\/100\n|move|p1b: Chien-Pao|Protect|p1b: Chien-Pao\n|-singleturn|p1b: Chien-Pao|Protect\n|move|p2a: Garganacl|Protect|p2a: Garganacl\n|-singleturn|p2a: Garganacl|Protect\n|move|p2b: Gholdengo|Make It Rain|p1a: Scizor|[spread] p1a\n|-activate|p1b: Chien-Pao|move: Protect\n|-resisted|p1a: Scizor\n|-crit|p1a: Scizor\n|-damage|p1a: Scizor|29\/100\n|-unboost|p2b: Gholdengo|spa|1\n|\n|upkeep\n|turn|2\n|\n|t:|1682460928\n|move|p1a: Scizor|Bullet Punch|p2a: Garganacl\n|-supereffective|p2a: Garganacl\n|-damage|p2a: Garganacl|21\/100\n|-enditem|p2a: Garganacl|Aguav Berry|[eat]\n|-heal|p2a: Garganacl|54\/100|[from] item: Aguav Berry\n|-damage|p1a: Scizor|20\/100|[from] item: Life Orb\n|move|p1b: Chien-Pao|Sacred Sword|p2a: Garganacl\n|-supereffective|p2a: Garganacl\n|-damage|p2a: Garganacl|3\/100\n|move|p2b: Gholdengo|Make It Rain|p1b: Chien-Pao|[spread] p1a,p1b\n|-resisted|p1a: Scizor\n|-supereffective|p1b: Chien-Pao\n|-damage|p1a: Scizor|0 fnt\n|-enditem|p1b: Chien-Pao|Focus Sash\n|-damage|p1b: Chien-Pao|1\/100\n|-unboost|p2b: Gholdengo|spa|1\n|faint|p1a: Scizor\n|move|p2a: Garganacl|Salt Cure|p1b: Chien-Pao\n|-supereffective|p1b: Chien-Pao\n|-damage|p1b: Chien-Pao|0 fnt\n|faint|p1b: Chien-Pao\n|\n|upkeep\n|\n|t:|1682460938\n|switch|p1b: Arcanine|Arcanine, L50, M, shiny|100\/100\n|switch|p1a: Palafin|Palafin-Hero, L50, M, shiny|100\/100\n|-ability|p1b: Arcanine|Intimidate|boost\n|-unboost|p2a: Garganacl|atk|1\n|-unboost|p2b: Gholdengo|atk|1\n|-activate|p1a: Palafin|ability: Zero to Hero\n|turn|3\n|inactive|DiddlyDii has 30 seconds left.\n|\n|t:|1682460967\n|-terastallize|p1a: Palafin|Water\n|move|p2a: Garganacl|Protect|p2a: Garganacl\n|-singleturn|p2a: Garganacl|Protect\n|move|p1b: Arcanine|Howl|p1b: Arcanine|[spread] p1a,p1b\n|-boost|p1a: Palafin|atk|1\n|-boost|p1b: Arcanine|atk|1\n|move|p2b: Gholdengo|Make It Rain|p1b: Arcanine|[spread] p1a,p1b\n|-resisted|p1a: Palafin\n|-resisted|p1b: Arcanine\n|-damage|p1a: Palafin|80\/100\n|-damage|p1b: Arcanine|77\/100\n|-unboost|p2b: Gholdengo|spa|1\n|move|p1a: Palafin|Wave Crash|p2b: Gholdengo\n|-crit|p2b: Gholdengo\n|-damage|p2b: Gholdengo|0 fnt\n|faint|p2b: Gholdengo\n|-damage|p1a: Palafin|54\/100|[from] Recoil\n|\n|upkeep\n|inactive|DiddlyDii has 30 seconds left.\n|\n|t:|1682460993\n|switch|p2b: Volcarona|Volcarona, L50, F, shiny|100\/100\n|turn|4\n|\n|t:|1682461006\n|move|p2b: Volcarona|Protect|p2b: Volcarona\n|-singleturn|p2b: Volcarona|Protect\n|move|p1a: Palafin|Protect|p1a: Palafin\n|-singleturn|p1a: Palafin|Protect\n|move|p1b: Arcanine|Howl|p1b: Arcanine|[spread] p1a,p1b\n|-boost|p1a: Palafin|atk|1\n|-boost|p1b: Arcanine|atk|1\n|move|p2a: Garganacl|Salt Cure|p1b: Arcanine\n|-supereffective|p1b: Arcanine\n|-damage|p1b: Arcanine|51\/100\n|-start|p1b: Arcanine|Salt Cure\n|\n|-damage|p1b: Arcanine|39\/100|[from] Salt Cure\n|upkeep\n|turn|5\n|inactive|DiddlyDii has 30 seconds left.\n|\n|t:|1682461032\n|-terastallize|p2b: Volcarona|Flying\n|move|p2a: Garganacl|Protect|p2a: Garganacl\n|-singleturn|p2a: Garganacl|Protect\n|move|p1b: Arcanine|Extreme Speed|p2a: Garganacl\n|-activate|p2a: Garganacl|move: Protect\n|move|p1a: Palafin|Jet Punch|p2b: Volcarona\n|-enditem|p2b: Volcarona|Focus Sash\n|-damage|p2b: Volcarona|1\/100\n|move|p2b: Volcarona|Air Slash|p1a: Palafin\n|-damage|p1a: Palafin|15\/100\n|\n|-damage|p1b: Arcanine|27\/100|[from] Salt Cure\n|upkeep\n|turn|6\n|inactive|DiddlyDii has 30 seconds left.\n|\n|t:|1682461064\n|move|p2b: Volcarona|Protect|p2b: Volcarona\n|-singleturn|p2b: Volcarona|Protect\n|move|p1b: Arcanine|Extreme Speed|p2b: Volcarona\n|-activate|p2b: Volcarona|move: Protect\n|move|p1a: Palafin|Jet Punch|p2a: Garganacl\n|-supereffective|p2a: Garganacl\n|-damage|p2a: Garganacl|0 fnt\n|faint|p2a: Garganacl\n|\n|-damage|p1b: Arcanine|15\/100|[from] Salt Cure\n|upkeep\n|\n|t:|1682461080\n|switch|p2a: Oricorio|Oricorio-Pom-Pom, L50, F, shiny|100\/100\n|turn|7\n|\n|t:|1682461088\n|move|p2a: Oricorio|Protect|p2a: Oricorio\n|-singleturn|p2a: Oricorio|Protect\n|move|p1b: Arcanine|Extreme Speed|p2b: Volcarona\n|-damage|p2b: Volcarona|0 fnt\n|faint|p2b: Volcarona\n|move|p1a: Palafin|Jet Punch|p2a: Oricorio\n|-activate|p2a: Oricorio|move: Protect\n|\n|-damage|p1b: Arcanine|3\/100|[from] Salt Cure\n|upkeep\n|turn|8\n|\n|t:|1682461103\n|move|p1b: Arcanine|Extreme Speed|p2a: Oricorio\n|-damage|p2a: Oricorio|40\/100\n|move|p1a: Palafin|Jet Punch|p2a: Oricorio\n|-damage|p2a: Oricorio|0 fnt\n|faint|p2a: Oricorio\n|\n|win|Duecal1on\n|raw|Duecal1on's rating: 1119 → 1140<\/strong> (+21 for winning)\n|raw|DiddlyDii's rating: 1068 → 1051<\/strong> (-17 for losing)\n","uploadtime":1682461114,"views":15,"p1id":"duecal1on","p2id":"diddlydii","formatid":"gen9vgc2023regulationc","rating":1051,"private":0,"password":""}