{"id":"gen9vgc2023regulationc-1854709511","p1":"ChorusFruitFarmer","p2":"acidmineral","format":"[Gen 9] VGC 2023 Regulation C","log":"|j|\u2606ChorusFruitFarmer\n|j|\u2606acidmineral\n|t:|1682854576\n|gametype|doubles\n|player|p1|ChorusFruitFarmer|penny|1161\n|player|p2|acidmineral|265|1060\n|teamsize|p1|6\n|teamsize|p2|6\n|gen|9\n|tier|[Gen 9] VGC 2023 Regulation C\n|rated|\n|rule|Species Clause: Limit one of each Pok\u00e9mon\n|rule|Item Clause: Limit one of each item\n|clearpoke\n|poke|p1|Iron Jugulis, L50|\n|poke|p1|Garchomp, L50, F|\n|poke|p1|Chien-Pao, L50|\n|poke|p1|Kilowattrel, L50, F|\n|poke|p1|Mismagius, L50, F|\n|poke|p1|Flutter Mane, L50|\n|poke|p2|Garchomp, L50, F|\n|poke|p2|Grimmsnarl, L50, M|\n|poke|p2|Arcanine, L50, M|\n|poke|p2|Brute Bonnet, L50|\n|poke|p2|Scizor, L50, M|\n|poke|p2|Quaquaval, L50, F|\n|teampreview|4\n|inactive|Battle timer is ON: inactive players will automatically lose when time's up. (requested by acidmineral)\n|inactive|ChorusFruitFarmer also wants the timer to be on.\n|\n|t:|1682854589\n|start\n|switch|p1a: Goose|Kilowattrel, L50, F, shiny|100\/100\n|switch|p1b: Dommy Mommy|Garchomp, L50, F, shiny|100\/100\n|switch|p2a: Grimmsnarl|Grimmsnarl, L50, M|100\/100\n|switch|p2b: Garchomp|Garchomp, L50, F|100\/100\n|turn|1\n|c|\u2606ChorusFruitFarmer|Good luck, have fun.\n|\n|t:|1682854607\n|-terastallize|p2b: Garchomp|Water\n|move|p2a: Grimmsnarl|Fake Out|p1a: Goose\n|-damage|p1a: Goose|80\/100\n|cant|p1a: Goose|flinch\n|move|p1b: Dommy Mommy|Dragon Claw|p2b: Garchomp\n|-damage|p2b: Garchomp|61\/100\n|-damage|p1b: Dommy Mommy|88\/100|[from] ability: Rough Skin|[of] p2b: Garchomp\n|move|p2b: Garchomp|Dragon Claw|p1b: Dommy Mommy\n|-supereffective|p1b: Dommy Mommy\n|-damage|p1b: Dommy Mommy|0 fnt\n|-damage|p2b: Garchomp|48\/100|[from] ability: Rough Skin|[of] p1b: Dommy Mommy\n|faint|p1b: Dommy Mommy\n|-damage|p2b: Garchomp|39\/100|[from] item: Life Orb\n|\n|upkeep\n|\n|t:|1682854613\n|switch|p1b: Whaaaaaat.|Iron Jugulis, L50|100\/100\n|-enditem|p1b: Whaaaaaat.|Booster Energy\n|-activate|p1b: Whaaaaaat.|ability: Quark Drive|[fromitem]\n|-start|p1b: Whaaaaaat.|quarkdrivespe\n|turn|2\n|\n|t:|1682854632\n|-terastallize|p1b: Whaaaaaat.|Ground\n|move|p2a: Grimmsnarl|Light Screen|p2a: Grimmsnarl\n|-sidestart|p2: acidmineral|move: Light Screen\n|move|p1b: Whaaaaaat.|Tailwind|p1b: Whaaaaaat.\n|-sidestart|p1: ChorusFruitFarmer|move: Tailwind\n|move|p1a: Goose|Discharge|p2a: Grimmsnarl|[spread] p2a,p2b\n|-immune|p1b: Whaaaaaat.\n|-supereffective|p2b: Garchomp\n|-damage|p2a: Grimmsnarl|74\/100\n|-damage|p2b: Garchomp|0 fnt\n|-status|p2a: Grimmsnarl|par\n|faint|p2b: Garchomp\n|\n|upkeep\n|\n|t:|1682854643\n|switch|p2b: Quaquaval|Quaquaval, L50, F|100\/100\n|turn|3\n|\n|t:|1682854657\n|move|p2b: Quaquaval|Aqua Jet|p1b: Whaaaaaat.\n|-supereffective|p1b: Whaaaaaat.\n|-damage|p1b: Whaaaaaat.|55\/100\n|move|p2a: Grimmsnarl|Reflect|p2a: Grimmsnarl\n|-sidestart|p2: acidmineral|Reflect\n|move|p1b: Whaaaaaat.|Air Slash|p2b: Quaquaval\n|-supereffective|p2b: Quaquaval\n|-damage|p2b: Quaquaval|42\/100\n|move|p1a: Goose|Discharge|p2a: Grimmsnarl|[spread] p2a,p2b\n|-immune|p1b: Whaaaaaat.\n|-supereffective|p2b: Quaquaval\n|-damage|p2a: Grimmsnarl|48\/100 par\n|-damage|p2b: Quaquaval|0 fnt\n|faint|p2b: Quaquaval\n|\n|upkeep\n|\n|t:|1682854669\n|switch|p2b: Scizor|Scizor, L50, M|100\/100\n|turn|4\n|\n|t:|1682854680\n|move|p2b: Scizor|Bullet Punch|p1b: Whaaaaaat.\n|-damage|p1b: Whaaaaaat.|19\/100\n|move|p1b: Whaaaaaat.|Air Slash|p2b: Scizor\n|-damage|p2b: Scizor|82\/100\n|move|p1a: Goose|Discharge|p2b: Scizor|[spread] p2a,p2b\n|-immune|p1b: Whaaaaaat.\n|-damage|p2a: Grimmsnarl|21\/100 par\n|-damage|p2b: Scizor|63\/100\n|move|p2a: Grimmsnarl|Spirit Break|p1b: Whaaaaaat.\n|-damage|p1b: Whaaaaaat.|0 fnt\n|faint|p1b: Whaaaaaat.\n|-end|p1b: Whaaaaaat.|Quark Drive|[silent]\n|\n|upkeep\n|\n|t:|1682854691\n|switch|p1b: Tara|Chien-Pao, L50|100\/100\n|-ability|p1b: Tara|Sword of Ruin\n|-item|p1b: Tara|Air Balloon\n|turn|5\n|\n|t:|1682854700\n|move|p1b: Tara|Ice Shard|p2b: Scizor\n|-resisted|p2b: Scizor\n|-damage|p2b: Scizor|54\/100\n|move|p2b: Scizor|Bullet Punch|p1b: Tara\n|-supereffective|p1b: Tara\n|-damage|p1b: Tara|0 fnt\n|-enditem|p1b: Tara|Air Balloon\n|faint|p1b: Tara\n|move|p1a: Goose|Discharge|p2b: Scizor|[spread] p2a,p2b\n|-damage|p2a: Grimmsnarl|0 fnt\n|-damage|p2b: Scizor|33\/100\n|-status|p2b: Scizor|par\n|faint|p2a: Grimmsnarl\n|\n|-sideend|p1: ChorusFruitFarmer|move: Tailwind\n|upkeep\n|turn|6\n|\n|t:|1682854714\n|move|p1a: Goose|Discharge|p2b: Scizor\n|-damage|p2b: Scizor|5\/100 par\n|move|p2b: Scizor|Aerial Ace|p1a: Goose\n|-resisted|p1a: Goose\n|-damage|p1a: Goose|53\/100\n|\n|upkeep\n|turn|7\n|\n|t:|1682854721\n|move|p2b: Scizor|Bullet Punch|p1a: Goose\n|-resisted|p1a: Goose\n|-damage|p1a: Goose|26\/100\n|move|p1a: Goose|Discharge|p2b: Scizor\n|-damage|p2b: Scizor|0 fnt\n|faint|p2b: Scizor\n|\n|win|ChorusFruitFarmer\n|raw|ChorusFruitFarmer's rating: 1161 → 1179<\/strong> (+18 for winning)\n|raw|acidmineral's rating: 1060 → 1046<\/strong> (-14 for losing)\n|c|\u2606ChorusFruitFarmer|G.g.w.p.\n","uploadtime":1682854726,"views":10,"p1id":"chorusfruitfarmer","p2id":"acidmineral","formatid":"gen9vgc2023regulationc","rating":1046,"private":0,"password":""}