{"id":"gen9vgc2023regulationc-1860752258","p1":"Alexis_student","p2":"Plomie","format":"[Gen 9] VGC 2023 Regulation C","log":"|j|\u2606Alexis_student\n|j|\u2606Plomie\n|t:|1683673591\n|gametype|doubles\n|player|p1|Alexis_student|102|1199\n|player|p2|Plomie|102|1119\n|teamsize|p1|6\n|teamsize|p2|6\n|gen|9\n|tier|[Gen 9] VGC 2023 Regulation C\n|rated|\n|rule|Species Clause: Limit one of each Pok\u00e9mon\n|rule|Item Clause: Limit one of each item\n|clearpoke\n|poke|p1|Chi-Yu, L50|\n|poke|p1|Flutter Mane, L50|\n|poke|p1|Palafin, L50, M|\n|poke|p1|Iron Hands, L50|\n|poke|p1|Dragonite, L50, F|\n|poke|p1|Amoonguss, L50, M|\n|poke|p2|Dudunsparce-*, L50, F|\n|poke|p2|Pincurchin, L50, M|\n|poke|p2|Gholdengo, L50|\n|poke|p2|Hydreigon, L50, M|\n|poke|p2|Iron Valiant, L50|\n|poke|p2|Iron Hands, L50|\n|teampreview|4\n|inactive|Battle timer is ON: inactive players will automatically lose when time's up. (requested by Plomie)\n|\n|t:|1683673619\n|start\n|switch|p1a: Palafin|Palafin, L50, M|100\/100\n|switch|p1b: Iron Hands|Iron Hands, L50|100\/100\n|switch|p2a: Pincurchin|Pincurchin, L50, M|100\/100\n|switch|p2b: Iron Valiant|Iron Valiant, L50|100\/100\n|-fieldstart|move: Electric Terrain|[from] ability: Electric Surge|[of] p2a: Pincurchin\n|-activate|p2b: Iron Valiant|ability: Quark Drive\n|-start|p2b: Iron Valiant|quarkdrivespe\n|-activate|p1b: Iron Hands|ability: Quark Drive\n|-start|p1b: Iron Hands|quarkdriveatk\n|turn|1\n|inactive|Plomie has 30 seconds left.\n|\n|t:|1683673647\n|detailschange|p1a: Palafin|Palafin-Hero, L50, M\n|switch|p1a: Amoonguss|Amoonguss, L50, M|100\/100\n|-terastallize|p2b: Iron Valiant|Fairy\n|move|p1b: Iron Hands|Fake Out|p2b: Iron Valiant\n|-damage|p2b: Iron Valiant|74\/100\n|cant|p2b: Iron Valiant|flinch\n|move|p2a: Pincurchin|Zing Zap|p1a: Amoonguss\n|-resisted|p1a: Amoonguss\n|-damage|p1a: Amoonguss|79\/100\n|\n|upkeep\n|turn|2\n|inactive|Plomie has 30 seconds left.\n|\n|t:|1683673680\n|move|p1a: Amoonguss|Rage Powder|p1a: Amoonguss\n|-singleturn|p1a: Amoonguss|move: Rage Powder\n|move|p2b: Iron Valiant|Moonblast|p1a: Amoonguss\n|-resisted|p1a: Amoonguss\n|-damage|p1a: Amoonguss|55\/100\n|move|p1b: Iron Hands|Wild Charge|p2b: Iron Valiant\n|-damage|p2b: Iron Valiant|0 fnt\n|faint|p2b: Iron Valiant\n|-end|p2b: Iron Valiant|Quark Drive|[silent]\n|-damage|p1b: Iron Hands|89\/100|[from] Recoil\n|move|p2a: Pincurchin|Liquidation|p1a: Amoonguss\n|-resisted|p1a: Amoonguss\n|-damage|p1a: Amoonguss|43\/100\n|-unboost|p1a: Amoonguss|def|1\n|-enditem|p1a: Amoonguss|Sitrus Berry|[eat]\n|-heal|p1a: Amoonguss|68\/100|[from] item: Sitrus Berry\n|\n|upkeep\n|\n|t:|1683673697\n|switch|p2b: Iron Hands|Iron Hands, L50|100\/100\n|-activate|p2b: Iron Hands|ability: Quark Drive\n|-start|p2b: Iron Hands|quarkdriveatk\n|turn|3\n|\n|t:|1683673716\n|move|p1a: Amoonguss|Protect|p1a: Amoonguss\n|-singleturn|p1a: Amoonguss|Protect\n|move|p2b: Iron Hands|Fake Out|p1a: Amoonguss\n|-activate|p1a: Amoonguss|move: Protect\n|move|p1b: Iron Hands|Drain Punch|p2a: Pincurchin\n|-damage|p2a: Pincurchin|34\/100\n|-heal|p1b: Iron Hands|100\/100|[from] drain|[of] p2a: Pincurchin\n|move|p2a: Pincurchin|Thunder Wave|p1b: Iron Hands\n|-immune|p1b: Iron Hands\n|\n|upkeep\n|turn|4\n|inactive|Plomie has 30 seconds left.\n|\n|t:|1683673741\n|move|p1b: Iron Hands|Drain Punch|p2b: Iron Hands\n|-damage|p2b: Iron Hands|64\/100\n|move|p2b: Iron Hands|Drain Punch|p1b: Iron Hands\n|-damage|p1b: Iron Hands|63\/100\n|-heal|p2b: Iron Hands|82\/100|[from] drain|[of] p1b: Iron Hands\n|move|p1a: Amoonguss|Spore|p2a: Pincurchin\n|-activate|p2a: Pincurchin|move: Electric Terrain\n|move|p2a: Pincurchin|Thunder Wave|p1b: Iron Hands\n|-immune|p1b: Iron Hands\n|\n|upkeep\n|turn|5\n|\n|t:|1683673763\n|move|p1a: Amoonguss|Protect|p1a: Amoonguss\n|-singleturn|p1a: Amoonguss|Protect\n|move|p1b: Iron Hands|Wild Charge|p2b: Iron Hands\n|-resisted|p2b: Iron Hands\n|-damage|p2b: Iron Hands|54\/100\n|-damage|p1b: Iron Hands|56\/100|[from] Recoil\n|move|p2b: Iron Hands|Drain Punch|p1b: Iron Hands\n|-damage|p1b: Iron Hands|14\/100\n|-heal|p2b: Iron Hands|75\/100|[from] drain|[of] p1b: Iron Hands\n|move|p2a: Pincurchin|Liquidation|p1b: Iron Hands\n|-damage|p1b: Iron Hands|0 fnt\n|faint|p1b: Iron Hands\n|-end|p1b: Iron Hands|Quark Drive|[silent]\n|\n|upkeep\n|\n|t:|1683673780\n|switch|p1b: Flutter Mane|Flutter Mane, L50|100\/100\n|turn|6\n|\n|t:|1683673793\n|-end|p2b: Iron Hands|Quark Drive|[silent]\n|switch|p2b: Gholdengo|Gholdengo, L50|100\/100\n|move|p2a: Pincurchin|Sucker Punch|p1b: Flutter Mane\n|-damage|p1b: Flutter Mane|54\/100\n|move|p1b: Flutter Mane|Moonblast|p2b: Gholdengo\n|-resisted|p2b: Gholdengo\n|-damage|p2b: Gholdengo|57\/100\n|-unboost|p2b: Gholdengo|spa|1\n|move|p1a: Amoonguss|Pollen Puff|p1b: Flutter Mane\n|-heal|p1b: Flutter Mane|100\/100\n|\n|upkeep\n|turn|7\n|\n|t:|1683673817\n|-end|p1b: Flutter Mane|Protosynthesis|[silent]\n|switch|p1b: Palafin|Palafin-Hero, L50, M|100\/100\n|-activate|p1b: Palafin|ability: Zero to Hero\n|move|p1a: Amoonguss|Protect|p1a: Amoonguss\n|-singleturn|p1a: Amoonguss|Protect\n|move|p2a: Pincurchin|Sucker Punch||[still]\n|-fail|p2a: Pincurchin\n|move|p2b: Gholdengo|Make It Rain|p1a: Amoonguss|[spread] p1b\n|-activate|p1a: Amoonguss|move: Protect\n|-resisted|p1b: Palafin\n|-damage|p1b: Palafin|83\/100\n|-unboost|p2b: Gholdengo|spa|1\n|\n|upkeep\n|turn|8\n|inactive|Plomie has 30 seconds left.\n|\n|t:|1683673843\n|move|p2b: Gholdengo|Shadow Ball|p1b: Palafin\n|-damage|p1b: Palafin|63\/100\n|move|p1b: Palafin|Wave Crash|p2b: Gholdengo\n|-damage|p2b: Gholdengo|0 fnt\n|faint|p2b: Gholdengo\n|-damage|p1b: Palafin|48\/100|[from] Recoil\n|move|p1a: Amoonguss|Pollen Puff|p1b: Palafin\n|-heal|p1b: Palafin|98\/100\n|move|p2a: Pincurchin|Zing Zap|p1b: Palafin\n|-supereffective|p1b: Palafin\n|-damage|p1b: Palafin|6\/100\n|\n|-fieldend|move: Electric Terrain\n|upkeep\n|\n|t:|1683673858\n|switch|p2b: Iron Hands|Iron Hands, L50|75\/100\n|turn|9\n|\n|t:|1683673874\n|move|p2b: Iron Hands|Fake Out|p1a: Amoonguss\n|-damage|p1a: Amoonguss|46\/100\n|move|p1b: Palafin|Wave Crash|p2b: Iron Hands\n|-damage|p2b: Iron Hands|11\/100\n|-damage|p1b: Palafin|0 fnt|[from] Recoil\n|faint|p1b: Palafin\n|cant|p1a: Amoonguss|flinch\n|move|p2a: Pincurchin|Zing Zap|p1a: Amoonguss\n|-resisted|p1a: Amoonguss\n|-damage|p1a: Amoonguss|22\/100\n|\n|upkeep\n|\n|t:|1683673886\n|switch|p1b: Flutter Mane|Flutter Mane, L50|100\/100\n|turn|10\n|\n|t:|1683673901\n|move|p1a: Amoonguss|Protect|p1a: Amoonguss\n|-singleturn|p1a: Amoonguss|Protect\n|move|p2a: Pincurchin|Sucker Punch|p1b: Flutter Mane\n|-damage|p1b: Flutter Mane|61\/100\n|move|p1b: Flutter Mane|Dazzling Gleam|p2b: Iron Hands|[spread] p2a,p2b\n|-supereffective|p2b: Iron Hands\n|-damage|p2a: Pincurchin|0 fnt\n|-damage|p2b: Iron Hands|0 fnt\n|faint|p2a: Pincurchin\n|faint|p2b: Iron Hands\n|-end|p2b: Iron Hands|Quark Drive|[silent]\n|\n|win|Alexis_student\n|raw|Alexis_student's rating: 1199 → 1218<\/strong> (+19 for winning)\n|raw|Plomie's rating: 1119 → 1100<\/strong> (-19 for losing)\n|l|\u2606Plomie\n","uploadtime":1683673919,"views":9,"p1id":"alexisstudent","p2id":"plomie","formatid":"gen9vgc2023regulationc","rating":1100,"private":0,"password":""}