{"id":"gen9vgc2023regulationc-1857939921","p1":"Moodies5","p2":"nowaythis","format":"[Gen 9] VGC 2023 Regulation C","log":"|j|\u2606Moodies5\n|j|\u2606nowaythis\n|t:|1683249944\n|gametype|doubles\n|player|p1|Moodies5|2|1289\n|player|p2|nowaythis|ninjaboy|1279\n|teamsize|p1|6\n|teamsize|p2|6\n|gen|9\n|tier|[Gen 9] VGC 2023 Regulation C\n|rated|\n|rule|Species Clause: Limit one of each Pok\u00e9mon\n|rule|Item Clause: Limit one of each item\n|clearpoke\n|poke|p1|Abomasnow, L50, M|\n|poke|p1|Iron Bundle, L50|\n|poke|p1|Ceruledge, L50, M|\n|poke|p1|Azumarill, L50, F|\n|poke|p1|Amoonguss, L50, M|\n|poke|p1|Kingambit, L50, M|\n|poke|p2|Ting-Lu, L50|\n|poke|p2|Baxcalibur, L50, F|\n|poke|p2|Flutter Mane, L50|\n|poke|p2|Palafin, L50, F|\n|poke|p2|Arcanine, L50, M|\n|poke|p2|Amoonguss, L50, F|\n|teampreview|4\n|\n|t:|1683249985\n|start\n|switch|p1a: Abomasnow|Abomasnow, L50, M|100\/100\n|switch|p1b: Iron Bundle|Iron Bundle, L50|100\/100\n|switch|p2a: Ting-Lu|Ting-Lu, L50|100\/100\n|switch|p2b: Palafin|Palafin, L50, F|100\/100\n|-weather|Snow|[from] ability: Snow Warning|[of] p1a: Abomasnow\n|-ability|p2a: Ting-Lu|Vessel of Ruin\n|turn|1\n|inactive|Battle timer is ON: inactive players will automatically lose when time's up. (requested by Moodies5)\n|\n|t:|1683250010\n|detailschange|p2b: Palafin|Palafin-Hero, L50, F\n|switch|p2b: Baxcalibur|Baxcalibur, L50, F|100\/100\n|move|p1b: Iron Bundle|Blizzard|p2b: Baxcalibur|[spread] p2a,p2b\n|-supereffective|p2a: Ting-Lu\n|-damage|p2a: Ting-Lu|61\/100\n|-damage|p2b: Baxcalibur|66\/100\n|-damage|p1b: Iron Bundle|91\/100|[from] item: Life Orb\n|move|p1a: Abomasnow|Aurora Veil|p1a: Abomasnow\n|-sidestart|p1: Moodies5|move: Aurora Veil\n|move|p2a: Ting-Lu|Ruination|p1a: Abomasnow\n|-damage|p1a: Abomasnow|51\/100\n|\n|-weather|Snow|[upkeep]\n|upkeep\n|turn|2\n|inactive|nowaythis has 30 seconds left.\n|\n|t:|1683250041\n|switch|p2a: Palafin|Palafin-Hero, L50, F|100\/100\n|-activate|p2a: Palafin|ability: Zero to Hero\n|-terastallize|p1b: Iron Bundle|Ice\n|move|p1a: Abomasnow|Helping Hand|p1b: Iron Bundle\n|-singleturn|p1b: Iron Bundle|Helping Hand|[of] p1a: Abomasnow\n|move|p1b: Iron Bundle|Blizzard|p2b: Baxcalibur|[spread] p2a,p2b\n|-resisted|p2a: Palafin\n|-damage|p2a: Palafin|48\/100\n|-damage|p2b: Baxcalibur|0 fnt\n|faint|p2b: Baxcalibur\n|-damage|p1b: Iron Bundle|81\/100|[from] item: Life Orb\n|\n|-weather|Snow|[upkeep]\n|upkeep\n|\n|t:|1683250061\n|switch|p2b: Ting-Lu|Ting-Lu, L50|61\/100\n|-ability|p2b: Ting-Lu|Vessel of Ruin\n|turn|3\n|\n|t:|1683250083\n|move|p2a: Palafin|Protect|p2a: Palafin\n|-singleturn|p2a: Palafin|Protect\n|move|p1b: Iron Bundle|Blizzard|p2a: Palafin|[spread] p2b\n|-activate|p2a: Palafin|move: Protect\n|-supereffective|p2b: Ting-Lu\n|-damage|p2b: Ting-Lu|13\/100\n|-damage|p1b: Iron Bundle|71\/100|[from] item: Life Orb\n|move|p1a: Abomasnow|Leaf Storm|p2a: Palafin\n|-activate|p2a: Palafin|move: Protect\n|move|p2b: Ting-Lu|Fissure|p1b: Iron Bundle\n|-damage|p1b: Iron Bundle|0 fnt\n|faint|p1b: Iron Bundle\n|-end|p1b: Iron Bundle|Quark Drive|[silent]\n|-ohko\n|\n|-weather|Snow|[upkeep]\n|upkeep\n|\n|t:|1683250098\n|switch|p1b: Amoonguss|Amoonguss, L50, M|100\/100\n|turn|4\n|\n|t:|1683250119\n|switch|p2a: Amoonguss|Amoonguss, L50, F|100\/100\n|move|p1b: Amoonguss|Rage Powder|p1b: Amoonguss\n|-singleturn|p1b: Amoonguss|move: Rage Powder\n|move|p1a: Abomasnow|Leaf Storm|p2a: Amoonguss\n|-resisted|p2a: Amoonguss\n|-damage|p2a: Amoonguss|91\/100\n|-unboost|p1a: Abomasnow|spa|2\n|move|p2b: Ting-Lu|Fissure|p1b: Amoonguss|[miss]\n|-miss|p2b: Ting-Lu|p1b: Amoonguss\n|\n|-weather|Snow|[upkeep]\n|upkeep\n|turn|5\n|\n|t:|1683250142\n|move|p1a: Abomasnow|Blizzard|p2a: Amoonguss|[spread] p2a,p2b\n|-supereffective|p2a: Amoonguss\n|-supereffective|p2b: Ting-Lu\n|-damage|p2a: Amoonguss|69\/100\n|-damage|p2b: Ting-Lu|3\/100\n|move|p2b: Ting-Lu|Stomping Tantrum|p1b: Amoonguss\n|-damage|p1b: Amoonguss|55\/100\n|move|p2a: Amoonguss|Pollen Puff|p2b: Ting-Lu\n|-heal|p2b: Ting-Lu|52\/100\n|move|p1b: Amoonguss|Spore|p2b: Ting-Lu\n|-status|p2b: Ting-Lu|slp|[from] move: Spore\n|\n|-weather|none\n|upkeep\n|turn|6\n|\n|t:|1683250163\n|switch|p1a: Ceruledge|Ceruledge, L50, M|100\/100\n|switch|p2b: Palafin|Palafin-Hero, L50, F|48\/100\n|move|p2a: Amoonguss|Pollen Puff|p2b: Palafin\n|-heal|p2b: Palafin|98\/100\n|move|p1b: Amoonguss|Pollen Puff|p2b: Palafin\n|-damage|p2b: Palafin|82\/100\n|\n|upkeep\n|turn|7\n|inactive|nowaythis has 30 seconds left.\n|\n|t:|1683250190\n|switch|p2b: Ting-Lu|Ting-Lu, L50|52\/100 slp\n|-ability|p2b: Ting-Lu|Vessel of Ruin\n|move|p1a: Ceruledge|Protect|p1a: Ceruledge\n|-singleturn|p1a: Ceruledge|Protect\n|move|p2a: Amoonguss|Pollen Puff|p2b: Ting-Lu\n|-heal|p2b: Ting-Lu|100\/100 slp\n|move|p1b: Amoonguss|Spore|p2b: Ting-Lu\n|-fail|p2b: Ting-Lu|slp\n|\n|upkeep\n|turn|8\n|\n|t:|1683250210\n|switch|p2a: Palafin|Palafin-Hero, L50, F|82\/100\n|switch|p1b: Abomasnow|Abomasnow, L50, M|51\/100\n|-weather|Snow|[from] ability: Snow Warning|[of] p1b: Abomasnow\n|move|p1a: Ceruledge|Bitter Blade|p2a: Palafin\n|-resisted|p2a: Palafin\n|-damage|p2a: Palafin|64\/100\n|cant|p2b: Ting-Lu|slp\n|\n|-weather|Snow|[upkeep]\n|-sideend|p1: Moodies5|move: Aurora Veil\n|upkeep\n|turn|9\n|\n|t:|1683250231\n|switch|p1a: Amoonguss|Amoonguss, L50, M|89\/100\n|-terastallize|p2a: Palafin|Water\n|move|p2a: Palafin|Wave Crash|p1b: Abomasnow\n|-resisted|p1b: Abomasnow\n|-damage|p1b: Abomasnow|7\/100\n|-damage|p2a: Palafin|50\/100|[from] Recoil\n|move|p1b: Abomasnow|Aurora Veil|p1b: Abomasnow\n|-sidestart|p1: Moodies5|move: Aurora Veil\n|-curestatus|p2b: Ting-Lu|slp|[msg]\n|move|p2b: Ting-Lu|Stomping Tantrum|p1a: Amoonguss\n|-damage|p1a: Amoonguss|47\/100\n|-enditem|p1a: Amoonguss|Sitrus Berry|[eat]\n|-heal|p1a: Amoonguss|72\/100|[from] item: Sitrus Berry\n|\n|-weather|Snow|[upkeep]\n|upkeep\n|turn|10\n|inactive|nowaythis has 30 seconds left.\n|\n|t:|1683250259\n|move|p2a: Palafin|Wave Crash|p1b: Abomasnow\n|-resisted|p1b: Abomasnow\n|-damage|p1b: Abomasnow|0 fnt\n|faint|p1b: Abomasnow\n|-damage|p2a: Palafin|48\/100|[from] Recoil\n|move|p2b: Ting-Lu|Stomping Tantrum|p1a: Amoonguss\n|-damage|p1a: Amoonguss|51\/100\n|move|p1a: Amoonguss|Spore|p2b: Ting-Lu\n|-status|p2b: Ting-Lu|slp|[from] move: Spore\n|\n|-weather|Snow|[upkeep]\n|upkeep\n|\n|t:|1683250269\n|switch|p1b: Ceruledge|Ceruledge, L50, M|100\/100\n|turn|11\n|\n|t:|1683250284\n|switch|p2b: Amoonguss|Amoonguss, L50, F|100\/100\n|move|p2a: Palafin|Protect|p2a: Palafin\n|-singleturn|p2a: Palafin|Protect\n|move|p1b: Ceruledge|Bitter Blade|p2a: Palafin\n|-activate|p2a: Palafin|move: Protect\n|move|p1a: Amoonguss|Spore|p2a: Palafin\n|-activate|p2a: Palafin|move: Protect\n|\n|-weather|Snow|[upkeep]\n|upkeep\n|turn|12\n|inactive|nowaythis has 30 seconds left.\n|\n|t:|1683250311\n|move|p2a: Palafin|Wave Crash|p1b: Ceruledge\n|-supereffective|p1b: Ceruledge\n|-damage|p1b: Ceruledge|0 fnt\n|faint|p1b: Ceruledge\n|-damage|p2a: Palafin|20\/100|[from] Recoil\n|move|p2b: Amoonguss|Pollen Puff|p2a: Palafin\n|-heal|p2a: Palafin|70\/100\n|move|p1a: Amoonguss|Spore|p2a: Palafin\n|-status|p2a: Palafin|slp|[from] move: Spore\n|\n|-weather|none\n|upkeep\n|turn|13\n|-message|Moodies5 forfeited.\n|\n|win|nowaythis\n|raw|Moodies5's rating: 1289 → 1263<\/strong> (-26 for losing)\n|raw|nowaythis's rating: 1279 → 1305<\/strong> (+26 for winning)\n|l|\u2606Moodies5\n","uploadtime":1683250335,"views":9,"p1id":"moodies5","p2id":"nowaythis","formatid":"gen9vgc2023regulationc","rating":1263,"private":0,"password":""}