{"id":"gen9vgc2023regulationc-1859320541","p1":"Atrix MJ","p2":"Riverpasta","format":"[Gen 9] VGC 2023 Regulation C","log":"|j|\u2606Atrix MJ\n|j|\u2606Riverpasta\n|t:|1683434048\n|gametype|doubles\n|player|p1|Atrix MJ|adaman|1458\n|player|p2|Riverpasta|red|1613\n|teamsize|p1|6\n|teamsize|p2|6\n|gen|9\n|tier|[Gen 9] VGC 2023 Regulation C\n|rated|\n|rule|Species Clause: Limit one of each Pok\u00e9mon\n|rule|Item Clause: Limit one of each item\n|clearpoke\n|poke|p1|Chi-Yu, L50|\n|poke|p1|Amoonguss, L50, M|\n|poke|p1|Iron Hands, L50|\n|poke|p1|Gyarados, L50, M|\n|poke|p1|Flutter Mane, L50|\n|poke|p1|Gothitelle, L50, M|\n|poke|p2|Kingambit, L50, F|\n|poke|p2|Amoonguss, L50, M|\n|poke|p2|Stantler, L50, F|\n|poke|p2|Hatterene, L50, F|\n|poke|p2|Clawitzer, L50, M|\n|poke|p2|Ceruledge, L50, M|\n|teampreview|4\n|inactive|Battle timer is ON: inactive players will automatically lose when time's up. (requested by Atrix MJ)\nAtrix MJ has agreed to open team sheets.\n|\n|t:|1683434078\n|start\n|switch|p1a: Flutter Mane|Flutter Mane, L50|100\/100\n|switch|p1b: Chi-Yu|Chi-Yu, L50|100\/100\n|switch|p2a: Kingambit|Kingambit, L50, F|100\/100\n|switch|p2b: Stantler|Stantler, L50, F|100\/100\n|-ability|p1b: Chi-Yu|Beads of Ruin\n|-ability|p2b: Stantler|Intimidate|boost\n|-unboost|p1a: Flutter Mane|atk|1\n|-unboost|p1b: Chi-Yu|atk|1\n|turn|1\n|\n|t:|1683434093\n|switch|p2a: Ceruledge|Ceruledge, L50, M|100\/100\n|-terastallize|p1a: Flutter Mane|Fairy\n|move|p1a: Flutter Mane|Dazzling Gleam|p2b: Stantler|[spread] p2a,p2b\n|-resisted|p2a: Ceruledge\n|-damage|p2a: Ceruledge|81\/100\n|-damage|p2b: Stantler|55\/100\n|move|p1b: Chi-Yu|Heat Wave|p2b: Stantler|[spread] p2b\n|-start|p2a: Ceruledge|ability: Flash Fire\n|-damage|p2b: Stantler|19\/100\n|move|p2b: Stantler|Trick Room|p2b: Stantler\n|-fieldstart|move: Trick Room|[of] p2b: Stantler\n|\n|upkeep\n|turn|2\n|inactive|Riverpasta has 30 seconds left.\n|\n|t:|1683434120\n|-terastallize|p2a: Ceruledge|Grass\n|move|p2b: Stantler|Tera Blast|p1b: Chi-Yu\n|-damage|p1b: Chi-Yu|78\/100\n|move|p2a: Ceruledge|Bitter Blade|p1a: Flutter Mane\n|-enditem|p1a: Flutter Mane|Focus Sash\n|-damage|p1a: Flutter Mane|1\/100\n|-heal|p2a: Ceruledge|100\/100|[from] drain|[of] p1a: Flutter Mane\n|move|p1b: Chi-Yu|Dark Pulse|p2a: Ceruledge\n|-damage|p2a: Ceruledge|64\/100\n|move|p1a: Flutter Mane|Shadow Ball|p2a: Ceruledge\n|-damage|p2a: Ceruledge|26\/100\n|\n|-heal|p1b: Chi-Yu|84\/100|[from] item: Leftovers\n|upkeep\n|turn|3\n|\n|t:|1683434141\n|move|p1a: Flutter Mane|Protect|p1a: Flutter Mane\n|-singleturn|p1a: Flutter Mane|Protect\n|move|p2b: Stantler|Tera Blast|p1a: Flutter Mane\n|-activate|p1a: Flutter Mane|move: Protect\n|move|p2a: Ceruledge|Close Combat|p1b: Chi-Yu\n|-supereffective|p1b: Chi-Yu\n|-damage|p1b: Chi-Yu|0 fnt\n|-unboost|p2a: Ceruledge|def|1\n|-unboost|p2a: Ceruledge|spd|1\n|faint|p1b: Chi-Yu\n|\n|upkeep\n|\n|t:|1683434145\n|switch|p1b: Amoonguss|Amoonguss, L50, M|100\/100\n|turn|4\n|\n|t:|1683434168\n|switch|p2b: Hatterene|Hatterene, L50, F|100\/100\n|-end|p1a: Flutter Mane|Protosynthesis|[silent]\n|switch|p1a: Iron Hands|Iron Hands, L50|100\/100\n|move|p1b: Amoonguss|Pollen Puff|p2a: Ceruledge\n|-supereffective|p2a: Ceruledge\n|-damage|p2a: Ceruledge|0 fnt\n|faint|p2a: Ceruledge\n|\n|upkeep\n|\n|t:|1683434173\n|switch|p2a: Stantler|Stantler, L50, F|19\/100\n|-ability|p2a: Stantler|Intimidate|boost\n|-unboost|p1a: Iron Hands|atk|1\n|-unboost|p1b: Amoonguss|atk|1\n|turn|5\n|inactive|Riverpasta has 30 seconds left.\n|\n|t:|1683434205\n|move|p2b: Hatterene|Psyshock|p1b: Amoonguss\n|-supereffective|p1b: Amoonguss\n|-damage|p1b: Amoonguss|0 fnt\n|faint|p1b: Amoonguss\n|-damage|p2b: Hatterene|91\/100|[from] item: Life Orb\n|move|p1a: Iron Hands|Swords Dance|p1a: Iron Hands\n|-boost|p1a: Iron Hands|atk|2\n|move|p2a: Stantler|Hypnosis|p1a: Iron Hands|[miss]\n|-miss|p2a: Stantler|p1a: Iron Hands\n|\n|-fieldend|move: Trick Room\n|upkeep\n|\n|t:|1683434208\n|switch|p1b: Flutter Mane|Flutter Mane, L50, tera:Fairy|1\/100\n|turn|6\n|\n|t:|1683434224\n|move|p1b: Flutter Mane|Dazzling Gleam|p2a: Stantler|[spread] p2a,p2b\n|-damage|p2a: Stantler|0 fnt\n|-damage|p2b: Hatterene|43\/100\n|faint|p2a: Stantler\n|move|p1a: Iron Hands|Thunder Punch|p2b: Hatterene\n|-damage|p2b: Hatterene|0 fnt\n|faint|p2b: Hatterene\n|\n|upkeep\n|c|\u2606Riverpasta|Damn\n|c|\u2606Atrix MJ|gg\n|\n|t:|1683434236\n|switch|p2b: Kingambit|Kingambit, L50, F|100\/100\n|turn|7\n|\n|t:|1683434240\n|move|p2b: Kingambit|Sucker Punch|p1b: Flutter Mane\n|-resisted|p1b: Flutter Mane\n|-damage|p1b: Flutter Mane|0 fnt\n|faint|p1b: Flutter Mane\n|-end|p1b: Flutter Mane|Protosynthesis|[silent]\n|move|p1a: Iron Hands|Drain Punch|p2b: Kingambit\n|-supereffective|p2b: Kingambit\n|-damage|p2b: Kingambit|0 fnt\n|faint|p2b: Kingambit\n|\n|win|Atrix MJ\n|raw|Atrix MJ's rating: 1458 → 1486<\/strong> (+28 for winning)\n|raw|Riverpasta's rating: 1613 → 1585<\/strong> (-28 for losing)\n","uploadtime":1683434243,"views":11,"p1id":"atrixmj","p2id":"riverpasta","formatid":"gen9vgc2023regulationc","rating":1486,"private":0,"password":""}