{"id":"gen9vgc2023regulationc-1845057555","p1":"DuelLuna","p2":"Acelia","format":"[Gen 9] VGC 2023 Regulation C","log":"|j|\u2606DuelLuna\n|j|\u2606Acelia\n|t:|1681678709\n|gametype|doubles\n|player|p1|DuelLuna|caitlin|\n|player|p2|Acelia|palmer|\n|teamsize|p1|6\n|teamsize|p2|6\n|gen|9\n|tier|[Gen 9] VGC 2023 Regulation C\n|rule|Species Clause: Limit one of each Pok\u00e9mon\n|rule|Item Clause: Limit one of each item\n|clearpoke\n|poke|p1|Morgrem, L50, M|\n|poke|p1|Hippowdon, L50, F|\n|poke|p1|Houndstone, L50, M|\n|poke|p1|Iron Moth, L50|\n|poke|p1|Salamence, L50, F|\n|poke|p1|Sandy Shocks, L50|\n|poke|p2|Bruxish, L50, M|\n|poke|p2|Iron Treads, L50|\n|poke|p2|Talonflame, L50, M|\n|poke|p2|Mimikyu, L50, M|\n|poke|p2|Hydreigon, L50, F|\n|poke|p2|Drednaw, L50, F|\n|teampreview|4\n|c|\u2606Acelia|glhf\n|c|\u2606DuelLuna|U2!\n|l|\u2606DuelLuna\n|player|p1|\n|j|\u2606DuelLuna\n|player|p1|DuelLuna|caitlin\n|\n|t:|1681678790\n|start\n|switch|p1a: Salamence|Salamence, L50, F|100\/100\n|switch|p1b: Iron Moth|Iron Moth, L50|100\/100\n|switch|p2a: LVP|Mimikyu, L50, M, shiny|100\/100\n|switch|p2b: Bombastic Side-eye|Bruxish, L50, M|100\/100\n|-ability|p1a: Salamence|Intimidate|boost\n|-unboost|p2a: LVP|atk|1\n|-unboost|p2b: Bombastic Side-eye|atk|1\n|-enditem|p1b: Iron Moth|Booster Energy\n|-activate|p1b: Iron Moth|ability: Quark Drive|[fromitem]\n|-start|p1b: Iron Moth|quarkdrivespa\n|turn|1\n|inactive|Battle timer is ON: inactive players will automatically lose when time's up. (requested by Acelia)\n|inactive|Acelia has 60 seconds left.\n|\n|t:|1681678830\n|switch|p2b: Shellman|Drednaw, L50, F|100\/100\n|move|p1b: Iron Moth|Dazzling Gleam|p2b: Shellman|[spread] p2a,p2b\n|-activate|p2a: LVP|ability: Disguise\n|-damage|p2a: LVP|100\/100\n|-damage|p2b: Shellman|56\/100\n|detailschange|p2a: LVP|Mimikyu-Busted, L50, M, shiny\n|-damage|p2a: LVP|88\/100|[from] pokemon: Mimikyu-Busted\n|-enditem|p2a: LVP|Eject Button\n|\n|t:|1681678840\n|switch|p2a: Doohickey|Iron Treads, L50|100\/100\n|-enditem|p2a: Doohickey|Booster Energy\n|-activate|p2a: Doohickey|ability: Quark Drive|[fromitem]\n|-start|p2a: Doohickey|quarkdrivespe\n|move|p1a: Salamence|Draco Meteor|p2b: Shellman\n|-damage|p2b: Shellman|0 fnt\n|-unboost|p1a: Salamence|spa|2\n|faint|p2b: Shellman\n|\n|upkeep\n|\n|t:|1681678855\n|switch|p2b: LVP|Mimikyu-Busted, L50, M, shiny|88\/100\n|turn|2\n|inactive|DuelLuna has 30 seconds left.\n|\n|t:|1681678889\n|-end|p1b: Iron Moth|Quark Drive|[silent]\n|switch|p1b: Hippowdon|Hippowdon, L50, F|100\/100\n|-weather|Sandstorm|[from] ability: Sand Stream|[of] p1b: Hippowdon\n|move|p2a: Doohickey|Stomping Tantrum|p1b: Hippowdon\n|-damage|p1b: Hippowdon|74\/100\n|move|p1a: Salamence|Heat Wave|p2a: Doohickey|[spread] p2a,p2b\n|-supereffective|p2a: Doohickey\n|-damage|p2a: Doohickey|72\/100\n|-damage|p2b: LVP|74\/100\n|-status|p2b: LVP|brn\n|move|p2b: LVP|Play Rough|p1a: Salamence\n|-supereffective|p1a: Salamence\n|-damage|p1a: Salamence|51\/100\n|\n|-weather|Sandstorm|[upkeep]\n|-damage|p1a: Salamence|46\/100|[from] Sandstorm\n|-damage|p2b: LVP|68\/100 brn|[from] Sandstorm\n|-enditem|p1a: Salamence|Sitrus Berry|[eat]\n|-heal|p1a: Salamence|70\/100|[from] item: Sitrus Berry\n|-damage|p2b: LVP|62\/100 brn|[from] brn\n|upkeep\n|turn|3\n|c|\u2606DuelLuna|My bad\n|c|\u2606Acelia|oof\n|inactive|DuelLuna has 30 seconds left.\n|inactive|DuelLuna has 20 seconds left.\n|\n|t:|1681678926\n|move|p2a: Doohickey|Ice Spinner|p1a: Salamence\n|-supereffective|p1a: Salamence\n|-damage|p1a: Salamence|0 fnt\n|faint|p1a: Salamence\n|move|p2b: LVP|Rain Dance|p2b: LVP\n|-weather|RainDance\n|move|p1b: Hippowdon|Stomping Tantrum|p2a: Doohickey\n|-supereffective|p2a: Doohickey\n|-damage|p2a: Doohickey|0 fnt\n|faint|p2a: Doohickey\n|-end|p2a: Doohickey|Quark Drive|[silent]\n|\n|-weather|RainDance|[upkeep]\n|-damage|p2b: LVP|56\/100 brn|[from] brn\n|upkeep\n|\n|t:|1681678942\n|switch|p1a: Iron Moth|Iron Moth, L50|100\/100\n|switch|p2a: Bombastic Side-eye|Bruxish, L50, M|100\/100\n|turn|4\n|\n|t:|1681678967\n|move|p2b: LVP|Shadow Sneak|p1a: Iron Moth\n|-damage|p1a: Iron Moth|87\/100\n|move|p1a: Iron Moth|Overheat|p2b: LVP\n|-damage|p2b: LVP|12\/100 brn\n|-unboost|p1a: Iron Moth|spa|2\n|move|p2a: Bombastic Side-eye|Liquidation|p1a: Iron Moth\n|-supereffective|p1a: Iron Moth\n|-damage|p1a: Iron Moth|0 fnt\n|faint|p1a: Iron Moth\n|-end|p1a: Iron Moth|Quark Drive|[silent]\n|move|p1b: Hippowdon|Stomping Tantrum|p2a: Bombastic Side-eye\n|-damage|p2a: Bombastic Side-eye|0 fnt\n|faint|p2a: Bombastic Side-eye\n|\n|-weather|RainDance|[upkeep]\n|-damage|p2b: LVP|6\/100 brn|[from] brn\n|upkeep\n|\n|t:|1681678975\n|switch|p1a: Houndstone|Houndstone, L50, M|100\/100\n|turn|5\n|c|\u2606Acelia|ahh\n|\n|t:|1681678986\n|move|p2b: LVP|Shadow Sneak|p1a: Houndstone\n|-supereffective|p1a: Houndstone\n|-damage|p1a: Houndstone|82\/100\n|move|p1a: Houndstone|Last Respects|p2b: LVP\n|-supereffective|p2b: LVP\n|-damage|p2b: LVP|0 fnt\n|faint|p2b: LVP\n|\n|win|DuelLuna\n|l|\u2606Acelia\n|c|\u2606DuelLuna|Gg\n|j|\u2606Acelia\n|player|p2|Acelia|palmer\n","uploadtime":1681679003,"views":20,"p1id":"duelluna","p2id":"acelia","formatid":"gen9vgc2023regulationc","rating":0,"private":0,"password":""}