{"id":"gen9vgc2023regulationc-1846687715","p1":"IknowLatin","p2":"king_phillipos_ii","format":"[Gen 9] VGC 2023 Regulation C","log":"|j|\u2606IknowLatin\n|j|\u2606king_phillipos_ii\n|t:|1681865968\n|gametype|doubles\n|player|p1|IknowLatin|102|1046\n|player|p2|king_phillipos_ii|170|1000\n|teamsize|p1|6\n|teamsize|p2|6\n|gen|9\n|tier|[Gen 9] VGC 2023 Regulation C\n|rated|\n|rule|Species Clause: Limit one of each Pok\u00e9mon\n|rule|Item Clause: Limit one of each item\n|clearpoke\n|poke|p1|Annihilape, L50, F|\n|poke|p1|Maushold-Four, L50|\n|poke|p1|Amoonguss, L50, M|\n|poke|p1|Dragapult, L50, F|\n|poke|p1|Armarouge, L50, F|\n|poke|p1|Indeedee-F, L50, F|\n|poke|p2|Stonjourner, L50, F|\n|poke|p2|Ting-Lu, L50|\n|poke|p2|Slaking, L50, M|\n|poke|p2|Chansey, L50, F|\n|poke|p2|Veluza, L50, M|\n|poke|p2|Volcarona, L50, F|\n|teampreview|4\n|inactive|Battle timer is ON: inactive players will automatically lose when time's up. (requested by IknowLatin)\nIknowLatin rejected open team sheets.\n|inactive|king_phillipos_ii has 60 seconds left.\n|\n|t:|1681866005\n|start\n|switch|p1a: Indupitably|Indeedee-F, L50, F|100\/100\n|switch|p1b: Charcuterie|Armarouge, L50, F|100\/100\n|switch|p2a: Slaking|Slaking, L50, M|100\/100\n|switch|p2b: Chansey|Chansey, L50, F|100\/100\n|-fieldstart|move: Psychic Terrain|[from] ability: Psychic Surge|[of] p1a: Indupitably\n|-enditem|p1a: Indupitably|Psychic Seed\n|-boost|p1a: Indupitably|spd|1|[from] item: Psychic Seed\n|turn|1\n|inactive|IknowLatin has 30 seconds left.\n|inactive|IknowLatin has 20 seconds left.\n|inactive|IknowLatin has 15 seconds left.\n|inactive|IknowLatin has 10 seconds left.\n|inactive|IknowLatin has 5 seconds left.\n|\n|t:|1681866060\n|move|p1a: Indupitably|Follow Me|p1a: Indupitably\n|-singleturn|p1a: Indupitably|move: Follow Me\n|move|p2a: Slaking|Rock Slide|p1a: Indupitably|[spread] p1a,p1b\n|-supereffective|p1b: Charcuterie\n|-damage|p1a: Indupitably|69\/100\n|-damage|p1b: Charcuterie|53\/100\n|move|p1b: Charcuterie|Expanding Force|p2b: Chansey|[spread] p2a,p2b\n|-damage|p2a: Slaking|39\/100\n|-damage|p2b: Chansey|78\/100\n|-damage|p1b: Charcuterie|43\/100|[from] item: Life Orb\n|move|p2b: Chansey|Skill Swap|p1a: Indupitably\n|-activate|p2b: Chansey|move: Skill Swap|Psychic Surge|Serene Grace|[of] p1a: Indupitably\n|\n|upkeep\n|turn|2\n|inactive|IknowLatin has 30 seconds left.\n|\n|t:|1681866092\n|switch|p2a: Ting-Lu|Ting-Lu, L50|100\/100\n|-ability|p2a: Ting-Lu|Vessel of Ruin\n|move|p1a: Indupitably|Follow Me|p1a: Indupitably\n|-singleturn|p1a: Indupitably|move: Follow Me\n|move|p1b: Charcuterie|Expanding Force|p2a: Ting-Lu|[spread] p2b\n|-immune|p2a: Ting-Lu\n|-damage|p2b: Chansey|63\/100\n|-damage|p1b: Charcuterie|33\/100|[from] item: Life Orb\n|move|p2b: Chansey|Thunder Wave|p1a: Indupitably\n|-status|p1a: Indupitably|par\n|\n|upkeep\n|turn|3\n|\n|t:|1681866115\n|cant|p1a: Indupitably|par\n|move|p1b: Charcuterie|Energy Ball|p2a: Ting-Lu\n|-supereffective|p2a: Ting-Lu\n|-damage|p2a: Ting-Lu|67\/100\n|-damage|p1b: Charcuterie|23\/100|[from] item: Life Orb\n|move|p2b: Chansey|Life Dew|p2b: Chansey|[spread] p2a,p2b\n|-heal|p2a: Ting-Lu|92\/100\n|-heal|p2b: Chansey|88\/100\n|move|p2a: Ting-Lu|Snarl|p1b: Charcuterie|[spread] p1a,p1b\n|-supereffective|p1a: Indupitably\n|-supereffective|p1b: Charcuterie\n|-damage|p1a: Indupitably|58\/100 par\n|-damage|p1b: Charcuterie|0 fnt\n|-unboost|p1a: Indupitably|spa|1\n|faint|p1b: Charcuterie\n|\n|-heal|p2a: Ting-Lu|98\/100|[from] item: Leftovers\n|upkeep\n|\n|t:|1681866131\n|switch|p1b: Vecna|Annihilape, L50, F|100\/100\n|turn|4\n|inactive|king_phillipos_ii has 30 seconds left.\n|\n|t:|1681866160\n|switch|p2b: Slaking|Slaking, L50, M|39\/100\n|move|p1a: Indupitably|Follow Me|p1a: Indupitably\n|-singleturn|p1a: Indupitably|move: Follow Me\n|move|p1b: Vecna|Drain Punch|p2b: Slaking\n|-supereffective|p2b: Slaking\n|-damage|p2b: Slaking|0 fnt\n|faint|p2b: Slaking\n|move|p2a: Ting-Lu|Ruination|p1a: Indupitably\n|-damage|p1a: Indupitably|29\/100 par\n|\n|-heal|p2a: Ting-Lu|100\/100|[from] item: Leftovers\n|upkeep\n|\n|t:|1681866175\n|switch|p2b: Stonjourner|Stonjourner, L50, F|100\/100\n|turn|5\n|\n|t:|1681866189\n|-terastallize|p2b: Stonjourner|Grass\n|cant|p1a: Indupitably|par\n|move|p2b: Stonjourner|Rock Polish|p2b: Stonjourner\n|-boost|p2b: Stonjourner|spe|2\n|move|p1b: Vecna|Drain Punch|p2b: Stonjourner\n|-damage|p2b: Stonjourner|71\/100\n|-enditem|p2b: Stonjourner|Red Card|[of] p1b: Vecna\n|drag|p1b: Bu Ba Bo Biv|Maushold-Four, L50|100\/100\n|move|p2a: Ting-Lu|Snarl|p1a: Indupitably|[spread] p1a,p1b\n|-supereffective|p1a: Indupitably\n|-damage|p1a: Indupitably|19\/100 par\n|-damage|p1b: Bu Ba Bo Biv|84\/100\n|-unboost|p1a: Indupitably|spa|1\n|-unboost|p1b: Bu Ba Bo Biv|spa|1\n|\n|-fieldend|move: Psychic Terrain\n|upkeep\n|turn|6\n|inactive|IknowLatin has 30 seconds left.\n|\n|t:|1681866215\n|cant|p1a: Indupitably|par\n|move|p2b: Stonjourner|Rock Slide|p1a: Indupitably|[spread] p1a,p1b\n|-crit|p1a: Indupitably\n|-damage|p1a: Indupitably|0 fnt\n|-damage|p1b: Bu Ba Bo Biv|44\/100\n|faint|p1a: Indupitably\n|cant|p1b: Bu Ba Bo Biv|flinch\n|move|p2a: Ting-Lu|Spikes|p1b: Bu Ba Bo Biv\n|-sidestart|p1: IknowLatin|Spikes\n|\n|upkeep\n|\n|t:|1681866222\n|switch|p1a: Vecna|Annihilape, L50, F|100\/100\n|-damage|p1a: Vecna|88\/100|[from] Spikes\n|turn|7\n|\n|t:|1681866239\n|move|p2a: Ting-Lu|Protect|p2a: Ting-Lu\n|-singleturn|p2a: Ting-Lu|Protect\n|move|p1b: Bu Ba Bo Biv|Follow Me|p1b: Bu Ba Bo Biv\n|-singleturn|p1b: Bu Ba Bo Biv|move: Follow Me\n|move|p2b: Stonjourner|Rock Slide|p1b: Bu Ba Bo Biv|[spread] p1a,p1b\n|-resisted|p1a: Vecna\n|-damage|p1a: Vecna|79\/100\n|-damage|p1b: Bu Ba Bo Biv|3\/100\n|move|p1a: Vecna|Drain Punch|p2a: Ting-Lu\n|-activate|p2a: Ting-Lu|move: Protect\n|\n|-heal|p1a: Vecna|85\/100|[from] item: Leftovers\n|upkeep\n|turn|8\n|\n|t:|1681866259\n|move|p1b: Bu Ba Bo Biv|Follow Me|p1b: Bu Ba Bo Biv\n|-singleturn|p1b: Bu Ba Bo Biv|move: Follow Me\n|move|p2b: Stonjourner|Rock Slide|p1b: Bu Ba Bo Biv|[spread] p1a,p1b\n|-resisted|p1a: Vecna\n|-damage|p1a: Vecna|77\/100\n|-damage|p1b: Bu Ba Bo Biv|0 fnt\n|faint|p1b: Bu Ba Bo Biv\n|move|p1a: Vecna|Drain Punch|p2a: Ting-Lu\n|-supereffective|p2a: Ting-Lu\n|-damage|p2a: Ting-Lu|62\/100\n|-heal|p1a: Vecna|99\/100|[from] drain|[of] p2a: Ting-Lu\n|move|p2a: Ting-Lu|Snarl|p1a: Vecna\n|-damage|p1a: Vecna|86\/100\n|-unboost|p1a: Vecna|spa|1\n|-ability|p1a: Vecna|Defiant|boost\n|-boost|p1a: Vecna|atk|2\n|\n|-heal|p1a: Vecna|92\/100|[from] item: Leftovers\n|-heal|p2a: Ting-Lu|68\/100|[from] item: Leftovers\n|upkeep\n|turn|9\n|inactive|king_phillipos_ii has 30 seconds left.\n|\n|t:|1681866284\n|move|p2b: Stonjourner|Rock Slide|p1a: Vecna\n|-resisted|p1a: Vecna\n|-damage|p1a: Vecna|76\/100\n|cant|p1a: Vecna|flinch\n|move|p2a: Ting-Lu|Ruination|p1a: Vecna\n|-damage|p1a: Vecna|38\/100\n|\n|-heal|p1a: Vecna|44\/100|[from] item: Leftovers\n|-heal|p2a: Ting-Lu|74\/100|[from] item: Leftovers\n|upkeep\n|turn|10\n|\n|t:|1681866296\n|move|p2a: Ting-Lu|Protect|p2a: Ting-Lu\n|-singleturn|p2a: Ting-Lu|Protect\n|move|p2b: Stonjourner|Rock Slide|p1a: Vecna\n|-resisted|p1a: Vecna\n|-damage|p1a: Vecna|30\/100\n|cant|p1a: Vecna|flinch\n|\n|-heal|p1a: Vecna|36\/100|[from] item: Leftovers\n|-heal|p2a: Ting-Lu|80\/100|[from] item: Leftovers\n|upkeep\n|turn|11\n|\n|t:|1681866308\n|move|p2b: Stonjourner|Rock Slide|p1a: Vecna\n|-resisted|p1a: Vecna\n|-damage|p1a: Vecna|21\/100\n|move|p1a: Vecna|Drain Punch|p2a: Ting-Lu\n|-supereffective|p2a: Ting-Lu\n|-damage|p2a: Ting-Lu|0 fnt\n|-heal|p1a: Vecna|69\/100|[from] drain|[of] p2a: Ting-Lu\n|faint|p2a: Ting-Lu\n|\n|-heal|p1a: Vecna|75\/100|[from] item: Leftovers\n|upkeep\n|\n|t:|1681866318\n|switch|p2a: Chansey|Chansey, L50, F|88\/100\n|turn|12\n|\n|t:|1681866337\n|move|p2b: Stonjourner|Rock Slide|p1a: Vecna\n|-resisted|p1a: Vecna\n|-damage|p1a: Vecna|61\/100\n|move|p1a: Vecna|Drain Punch|p2a: Chansey\n|-supereffective|p2a: Chansey\n|-damage|p2a: Chansey|0 fnt\n|-heal|p1a: Vecna|100\/100|[from] drain|[of] p2a: Chansey\n|faint|p2a: Chansey\n|\n|upkeep\n|turn|13\n|\n|t:|1681866348\n|move|p2b: Stonjourner|Rock Slide|p1a: Vecna\n|-resisted|p1a: Vecna\n|-damage|p1a: Vecna|85\/100\n|move|p1a: Vecna|Rage Fist|p2b: Stonjourner\n|-damage|p2b: Stonjourner|0 fnt\n|faint|p2b: Stonjourner\n|\n|win|IknowLatin\n|raw|IknowLatin's rating: 1046 → 1075<\/strong> (+29 for winning)\n|raw|king_phillipos_ii's rating: 1000 → 1000<\/strong> (+0 for losing)\n|l|\u2606king_phillipos_ii\n","uploadtime":1681866357,"views":13,"p1id":"iknowlatin","p2id":"kingphilliposii","formatid":"gen9vgc2023regulationc","rating":1000,"private":0,"password":""}