{"id":"gen9vgc2023regulationc-1845848734","p1":"BBRAFF","p2":"Haxxson","format":"[Gen 9] VGC 2023 Regulation C","log":"|j|\u2606BBRAFF\n|j|\u2606Haxxson\n|t:|1681771057\n|gametype|doubles\n|player|p1|BBRAFF|cyclist|\n|player|p2|Haxxson|marshal|\n|teamsize|p1|6\n|teamsize|p2|6\n|gen|9\n|tier|[Gen 9] VGC 2023 Regulation C\n|rule|Species Clause: Limit one of each Pok\u00e9mon\n|rule|Item Clause: Limit one of each item\n|clearpoke\n|poke|p1|Gyarados, L50, F|\n|poke|p1|Raichu, L50, M|\n|poke|p1|Iron Valiant, L50|\n|poke|p1|Maushold, L50|\n|poke|p1|Skeledirge, L50, F|\n|poke|p1|Appletun, L50, F|\n|poke|p2|Volcarona, L50, F|\n|poke|p2|Kingambit, L50, M|\n|poke|p2|Rabsca, L50, F|\n|poke|p2|Skuntank, L50, F|\n|poke|p2|Jumpluff, L50, M|\n|poke|p2|Annihilape, L50, F|\n|teampreview|4\n|inactive|Battle timer is ON: inactive players will automatically lose when time's up. (requested by Haxxson)\nHaxxson rejected open team sheets.\n|inactiveoff|Battle timer is now OFF.\n|c|\u2606Haxxson|G1\n|c|\u2606Haxxson|are we going to open all 3?\n|j| Samax2599\n|j| omg_its_daddy\n|j| Heaven64\n|c|\u2606Haxxson|GLHF\n|c|\u2606BBRAFF|glhf!\n|l| Samax2599\n|c|\u2606BBRAFF|timer?\n|\n|t:|1681771162\n|start\n|switch|p1a: Muhmaid|Gyarados, L50, F|100\/100\n|switch|p1b: Mickey|Raichu, L50, M|100\/100\n|switch|p2a: Elvis|Skuntank, L50, F|100\/100\n|switch|p2b: Crown Jewel|Rabsca, L50, F|100\/100\n|-ability|p1a: Muhmaid|Intimidate|boost\n|-unboost|p2a: Elvis|atk|1\n|-unboost|p2b: Crown Jewel|atk|1\n|turn|1\n|j| j4ce\n|j| Samax2599\n|\n|t:|1681771217\n|move|p2b: Crown Jewel|Protect|p2b: Crown Jewel\n|-singleturn|p2b: Crown Jewel|Protect\n|move|p1b: Mickey|Fake Out|p2b: Crown Jewel\n|-activate|p2b: Crown Jewel|move: Protect\n|move|p2a: Elvis|Gunk Shot|p1a: Muhmaid\n|-damage|p1a: Muhmaid|59\/100\n|move|p1a: Muhmaid|Dragon Dance|p1a: Muhmaid\n|-boost|p1a: Muhmaid|atk|1\n|-boost|p1a: Muhmaid|spe|1\n|\n|upkeep\n|turn|2\n|c|\u2606BBRAFF|you forgot to turn timer off g3\n|c|\u2606BBRAFF|we'll have to resend it\n|l| Samax2599\n|j| Samax2599\n|c|\u2606Haxxson|k\n|c|\u2606BBRAFF|we can just do that after g2\n|\n|t:|1681771263\n|-terastallize|p1a: Muhmaid|Flying\n|move|p2a: Elvis|Gunk Shot|p1a: Muhmaid|[miss]\n|-miss|p2a: Elvis|p1a: Muhmaid\n|move|p1a: Muhmaid|Tera Blast|p2b: Crown Jewel\n|-supereffective|p2b: Crown Jewel\n|-damage|p2b: Crown Jewel|0 fnt\n|faint|p2b: Crown Jewel\n|move|p1b: Mickey|Volt Tackle|p2a: Elvis\n|-damage|p2a: Elvis|58\/100\n|-damage|p1b: Mickey|82\/100|[from] Recoil\n|\n|upkeep\n|\n|t:|1681771276\n|switch|p2b: Hamlet's Dad|Annihilape, L50, F|100\/100\n|turn|3\n|\n|t:|1681771292\n|move|p1a: Muhmaid|Protect|p1a: Muhmaid\n|-singleturn|p1a: Muhmaid|Protect\n|move|p2b: Hamlet's Dad|Protect|p2b: Hamlet's Dad\n|-singleturn|p2b: Hamlet's Dad|Protect\n|move|p2a: Elvis|Gunk Shot|p1a: Muhmaid\n|-activate|p1a: Muhmaid|move: Protect\n|move|p1b: Mickey|Nuzzle|p2b: Hamlet's Dad\n|-activate|p2b: Hamlet's Dad|move: Protect\n|\n|upkeep\n|turn|4\n|\n|t:|1681771311\n|-terastallize|p2b: Hamlet's Dad|Poison\n|move|p2a: Elvis|Gunk Shot|p1b: Mickey\n|-damage|p1b: Mickey|24\/100\n|move|p1a: Muhmaid|Waterfall|p2a: Elvis\n|-damage|p2a: Elvis|0 fnt\n|faint|p2a: Elvis\n|move|p1b: Mickey|Volt Tackle|p2b: Hamlet's Dad\n|-damage|p2b: Hamlet's Dad|74\/100\n|-damage|p1b: Mickey|12\/100|[from] Recoil\n|move|p2b: Hamlet's Dad|Stone Edge|p1a: Muhmaid\n|-supereffective|p1a: Muhmaid\n|-damage|p1a: Muhmaid|0 fnt\n|faint|p1a: Muhmaid\n|\n|-heal|p2b: Hamlet's Dad|80\/100|[from] item: Leftovers\n|upkeep\n|\n|t:|1681771327\n|switch|p2a: Tokugawa|Kingambit, L50, M|100\/100\n|switch|p1a: Alita|Iron Valiant, L50|100\/100\n|-activate|p2a: Tokugawa|ability: Supreme Overlord\n|-start|p2a: Tokugawa|fallen2|[silent]\n|turn|5\n|j| PurpleStyle\n|\n|t:|1681771353\n|move|p1a: Alita|Protect|p1a: Alita\n|-singleturn|p1a: Alita|Protect\n|move|p1b: Mickey|Focus Blast|p2a: Tokugawa\n|-supereffective|p2a: Tokugawa\n|-damage|p2a: Tokugawa|27\/100\n|move|p2b: Hamlet's Dad|Rage Fist|p1a: Alita\n|-activate|p1a: Alita|move: Protect\n|move|p2a: Tokugawa|Iron Head|p1a: Alita\n|-activate|p1a: Alita|move: Protect\n|\n|-heal|p2b: Hamlet's Dad|87\/100|[from] item: Leftovers\n|upkeep\n|turn|6\n|l| PurpleStyle\n|\n|t:|1681771400\n|move|p2a: Tokugawa|Sucker Punch|p1b: Mickey\n|-damage|p1b: Mickey|0 fnt\n|faint|p1b: Mickey\n|move|p1a: Alita|Aura Sphere|p2a: Tokugawa\n|-supereffective|p2a: Tokugawa\n|-damage|p2a: Tokugawa|0 fnt\n|faint|p2a: Tokugawa\n|-end|p2a: Tokugawa|fallen2|[silent]\n|move|p2b: Hamlet's Dad|Rage Fist|p1a: Alita\n|-damage|p1a: Alita|47\/100\n|\n|-heal|p2b: Hamlet's Dad|93\/100|[from] item: Leftovers\n|upkeep\n|\n|t:|1681771403\n|switch|p1b: Toby|Appletun, L50, F|100\/100\n|turn|7\n|\n|t:|1681771417\n|move|p1a: Alita|Protect|p1a: Alita\n|-singleturn|p1a: Alita|Protect\n|move|p2b: Hamlet's Dad|Rage Fist|p1b: Toby\n|-damage|p1b: Toby|70\/100\n|move|p1b: Toby|Iron Defense|p1b: Toby\n|-boost|p1b: Toby|def|2\n|\n|-heal|p2b: Hamlet's Dad|99\/100|[from] item: Leftovers\n|upkeep\n|turn|8\n|\n|t:|1681771427\n|move|p1a: Alita|Protect|p1a: Alita\n|-singleturn|p1a: Alita|Protect\n|move|p2b: Hamlet's Dad|Rage Fist|p1a: Alita\n|-activate|p1a: Alita|move: Protect\n|move|p1b: Toby|Leech Seed|p2b: Hamlet's Dad|[miss]\n|-miss|p1b: Toby|p2b: Hamlet's Dad\n|\n|-heal|p2b: Hamlet's Dad|100\/100|[from] item: Leftovers\n|upkeep\n|turn|9\n|\n|t:|1681771439\n|move|p1a: Alita|Protect||[still]\n|-fail|p1a: Alita\n|move|p2b: Hamlet's Dad|Rage Fist|p1a: Alita\n|-damage|p1a: Alita|0 fnt\n|faint|p1a: Alita\n|-end|p1a: Alita|Quark Drive|[silent]\n|move|p1b: Toby|Leech Seed|p2b: Hamlet's Dad\n|-start|p2b: Hamlet's Dad|move: Leech Seed\n|\n|-damage|p2b: Hamlet's Dad|88\/100|[from] Leech Seed|[of] p1b: Toby\n|-heal|p1b: Toby|82\/100|[silent]\n|upkeep\n|turn|10\n|\n|t:|1681771456\n|move|p2b: Hamlet's Dad|Rage Fist|p1b: Toby\n|-damage|p1b: Toby|65\/100\n|move|p1b: Toby|Iron Defense|p1b: Toby\n|-boost|p1b: Toby|def|2\n|\n|-heal|p2b: Hamlet's Dad|94\/100|[from] item: Leftovers\n|-damage|p2b: Hamlet's Dad|82\/100|[from] Leech Seed|[of] p1b: Toby\n|-heal|p1b: Toby|77\/100|[silent]\n|upkeep\n|turn|11\n|\n|t:|1681771467\n|move|p2b: Hamlet's Dad|Rage Fist|p1b: Toby\n|-damage|p1b: Toby|67\/100\n|move|p1b: Toby|Iron Defense|p1b: Toby\n|-boost|p1b: Toby|def|2\n|\n|-heal|p2b: Hamlet's Dad|88\/100|[from] item: Leftovers\n|-damage|p2b: Hamlet's Dad|75\/100|[from] Leech Seed|[of] p1b: Toby\n|-heal|p1b: Toby|79\/100|[silent]\n|upkeep\n|turn|12\n|\n|t:|1681771481\n|move|p2b: Hamlet's Dad|Stone Edge|p1b: Toby\n|-damage|p1b: Toby|73\/100\n|move|p1b: Toby|Body Press|p2b: Hamlet's Dad\n|-resisted|p2b: Hamlet's Dad\n|-damage|p2b: Hamlet's Dad|39\/100\n|\n|-heal|p2b: Hamlet's Dad|46\/100|[from] item: Leftovers\n|-damage|p2b: Hamlet's Dad|33\/100|[from] Leech Seed|[of] p1b: Toby\n|-heal|p1b: Toby|85\/100|[silent]\n|upkeep\n|turn|13\n|\n|t:|1681771498\n|move|p2b: Hamlet's Dad|Drain Punch|p1b: Toby\n|-damage|p1b: Toby|80\/100\n|-heal|p2b: Hamlet's Dad|36\/100|[from] drain|[of] p1b: Toby\n|move|p1b: Toby|Recover|p1b: Toby\n|-heal|p1b: Toby|100\/100\n|\n|-heal|p2b: Hamlet's Dad|42\/100|[from] item: Leftovers\n|-damage|p2b: Hamlet's Dad|30\/100|[from] Leech Seed|[of] p1b: Toby\n|upkeep\n|turn|14\n|\n|t:|1681771510\n|move|p2b: Hamlet's Dad|Drain Punch|p1b: Toby\n|-damage|p1b: Toby|95\/100\n|-heal|p2b: Hamlet's Dad|33\/100|[from] drain|[of] p1b: Toby\n|move|p1b: Toby|Body Press|p2b: Hamlet's Dad\n|-resisted|p2b: Hamlet's Dad\n|-damage|p2b: Hamlet's Dad|0 fnt\n|faint|p2b: Hamlet's Dad\n|\n|win|BBRAFF\n|c|\u2606BBRAFF|gg\n|c|\u2606Haxxson|gg\n|l| omg_its_daddy\n|l| Heaven64\n|l| Samax2599\n|j| PurpleStyle\n|j| jayballester\n|l| jayballester\n|l| j4ce\n|l| PurpleStyle\n","uploadtime":1681772306,"views":17,"p1id":"bbraff","p2id":"haxxson","formatid":"gen9vgc2023regulationc","rating":0,"private":0,"password":""}