{"id":"gen9vgc2023regulationc-1860584179","p1":"Mean tweets","p2":"sawadaburner","format":"[Gen 9] VGC 2023 Regulation C","log":"|j|\u2606Mean tweets\n|j|\u2606sawadaburner\n|t:|1683656568\n|gametype|doubles\n|player|p1|Mean tweets|backers|1164\n|player|p2|sawadaburner|hilbert|1176\n|teamsize|p1|6\n|teamsize|p2|6\n|gen|9\n|tier|[Gen 9] VGC 2023 Regulation C\n|rated|\n|rule|Species Clause: Limit one of each Pok\u00e9mon\n|rule|Item Clause: Limit one of each item\n|clearpoke\n|poke|p1|Murkrow, L50, M|\n|poke|p1|Gyarados, L50, F|\n|poke|p1|Amoonguss, L50, M|\n|poke|p1|Flutter Mane, L50|\n|poke|p1|Great Tusk, L50|\n|poke|p1|Gholdengo, L50|\n|poke|p2|Glimmora, L50, F|\n|poke|p2|Garganacl, L50, M|\n|poke|p2|Great Tusk, L50|\n|poke|p2|Torkoal, L50, M|\n|poke|p2|Ting-Lu, L50|\n|poke|p2|Flutter Mane, L50|\n|teampreview|4\nsawadaburner has agreed to open team sheets.\n|inactive|Battle timer is ON: inactive players will automatically lose when time's up. (requested by Mean tweets)\n|\n|t:|1683656600\n|start\n|switch|p1a: Gyarados|Gyarados, L50, F|100\/100\n|switch|p1b: Great Tusk|Great Tusk, L50|100\/100\n|switch|p2a: Glimmora|Glimmora, L50, F, shiny|100\/100\n|switch|p2b: Torkoal|Torkoal, L50, M|100\/100\n|-ability|p1a: Gyarados|Intimidate|boost\n|-unboost|p2a: Glimmora|atk|1\n|-unboost|p2b: Torkoal|atk|1\n|-enditem|p2b: Torkoal|Eject Pack\n|inactive|sawadaburner has 30 seconds left.\n|\n|t:|1683656629\n|switch|p2b: Garganacl|Garganacl, L50, M|100\/100\n|turn|1\n|inactive|sawadaburner has 30 seconds left.\n|inactive|sawadaburner has 20 seconds left.\n|inactive|sawadaburner has 15 seconds left.\n|inactive|sawadaburner has 10 seconds left.\n|inactive|sawadaburner has 5 seconds left.\n|\n|t:|1683656680\n|-terastallize|p1b: Great Tusk|Ground\n|move|p2b: Garganacl|Protect|p2b: Garganacl\n|-singleturn|p2b: Garganacl|Protect\n|move|p1b: Great Tusk|Earthquake|p2a: Glimmora|[spread] p2a\n|-activate|p2b: Garganacl|move: Protect\n|-immune|p1a: Gyarados\n|-supereffective|p2a: Glimmora\n|-damage|p2a: Glimmora|0 fnt\n|-activate|p2a: Glimmora|ability: Toxic Debris\n|-sidestart|p1: Mean tweets|move: Toxic Spikes\n|faint|p2a: Glimmora\n|move|p1a: Gyarados|Waterfall|p2b: Garganacl\n|-activate|p2b: Garganacl|move: Protect\n|\n|upkeep\n|\n|t:|1683656690\n|switch|p2a: Ting-Lu|Ting-Lu, L50|100\/100\n|-ability|p2a: Ting-Lu|Vessel of Ruin\n|turn|2\n|\n|t:|1683656708\n|-terastallize|p2b: Garganacl|Ghost\n|move|p1b: Great Tusk|Earthquake|p2b: Garganacl|[spread] p2a,p2b\n|-immune|p1a: Gyarados\n|-damage|p2a: Ting-Lu|75\/100\n|-damage|p2b: Garganacl|70\/100\n|move|p1a: Gyarados|Waterfall|p2a: Ting-Lu\n|-supereffective|p2a: Ting-Lu\n|-damage|p2a: Ting-Lu|37\/100\n|-damage|p1a: Gyarados|84\/100|[from] item: Rocky Helmet|[of] p2a: Ting-Lu\n|move|p2a: Ting-Lu|Sand Tomb|p1b: Great Tusk\n|-damage|p1b: Great Tusk|89\/100\n|-activate|p1b: Great Tusk|move: Sand Tomb|[of] p2a: Ting-Lu\n|move|p2b: Garganacl|Iron Defense|p2b: Garganacl\n|-boost|p2b: Garganacl|def|2\n|\n|-heal|p2b: Garganacl|76\/100|[from] item: Leftovers\n|-damage|p1b: Great Tusk|77\/100|[from] move: Sand Tomb|[partiallytrapped]\n|upkeep\n|turn|3\n|\n|t:|1683656732\n|move|p1b: Great Tusk|Earthquake|p2b: Garganacl|[spread] p2a,p2b\n|-immune|p1a: Gyarados\n|-damage|p2a: Ting-Lu|9\/100\n|-damage|p2b: Garganacl|60\/100\n|move|p1a: Gyarados|Taunt|p2b: Garganacl\n|-start|p2b: Garganacl|move: Taunt\n|move|p2a: Ting-Lu|Ruination|p1a: Gyarados\n|-damage|p1a: Gyarados|43\/100\n|cant|p2b: Garganacl|move: Taunt|Iron Defense\n|\n|-heal|p2b: Garganacl|66\/100|[from] item: Leftovers\n|-damage|p1b: Great Tusk|65\/100|[from] move: Sand Tomb|[partiallytrapped]\n|upkeep\n|turn|4\n|\n|t:|1683656749\n|move|p1b: Great Tusk|Earthquake|p2a: Ting-Lu|[spread] p2a,p2b\n|-immune|p1a: Gyarados\n|-damage|p2a: Ting-Lu|0 fnt\n|-damage|p2b: Garganacl|48\/100\n|faint|p2a: Ting-Lu\n|move|p1a: Gyarados|Waterfall|p2b: Garganacl\n|-damage|p2b: Garganacl|35\/100\n|move|p2b: Garganacl|Salt Cure|p1b: Great Tusk\n|-resisted|p1b: Great Tusk\n|-damage|p1b: Great Tusk|60\/100\n|-start|p1b: Great Tusk|Salt Cure\n|\n|-heal|p2b: Garganacl|41\/100|[from] item: Leftovers\n|-damage|p1b: Great Tusk|48\/100|[from] Salt Cure\n|-end|p1b: Great Tusk|Sand Tomb|[partiallytrapped]|[silent]\n|upkeep\n|\n|t:|1683656753\n|switch|p2a: Torkoal|Torkoal, L50, M|100\/100\n|-weather|SunnyDay|[from] ability: Drought|[of] p2a: Torkoal\n|-activate|p1b: Great Tusk|ability: Protosynthesis\n|-start|p1b: Great Tusk|protosynthesisatk\n|turn|5\n|\n|t:|1683656765\n|move|p1b: Great Tusk|Earthquake|p2a: Torkoal|[spread] p2a,p2b\n|-immune|p1a: Gyarados\n|-supereffective|p2a: Torkoal\n|-damage|p2a: Torkoal|12\/100\n|-damage|p2b: Garganacl|19\/100\n|move|p1a: Gyarados|Waterfall|p2a: Torkoal\n|-supereffective|p2a: Torkoal\n|-damage|p2a: Torkoal|0 fnt\n|faint|p2a: Torkoal\n|move|p2b: Garganacl|Salt Cure|p1a: Gyarados\n|-supereffective|p1a: Gyarados\n|-damage|p1a: Gyarados|9\/100\n|-start|p1a: Gyarados|Salt Cure\n|\n|-weather|SunnyDay|[upkeep]\n|-heal|p2b: Garganacl|25\/100|[from] item: Leftovers\n|-damage|p1b: Great Tusk|36\/100|[from] Salt Cure\n|-damage|p1a: Gyarados|0 fnt|[from] Salt Cure\n|faint|p1a: Gyarados\n|-end|p2b: Garganacl|move: Taunt\n|upkeep\n|\n|t:|1683656779\n|switch|p1a: Flutter Mane|Flutter Mane, L50|100\/100\n|-status|p1a: Flutter Mane|psn\n|-activate|p1a: Flutter Mane|ability: Protosynthesis\n|-start|p1a: Flutter Mane|protosynthesisspa\n|turn|6\n|\n|t:|1683656785\n|move|p2b: Garganacl|Protect|p2b: Garganacl\n|-singleturn|p2b: Garganacl|Protect\n|move|p1b: Great Tusk|Earthquake|p2b: Garganacl|[spread] p1a\n|-activate|p2b: Garganacl|move: Protect\n|-damage|p1a: Flutter Mane|0 fnt\n|faint|p1a: Flutter Mane\n|-end|p1a: Flutter Mane|Protosynthesis|[silent]\n|\n|-weather|SunnyDay|[upkeep]\n|-heal|p2b: Garganacl|31\/100|[from] item: Leftovers\n|-damage|p1b: Great Tusk|24\/100|[from] Salt Cure\n|upkeep\n|\n|t:|1683656787\n|switch|p1a: Gholdengo|Gholdengo, L50|100\/100\n|turn|7\n|\n|t:|1683656799\n|move|p1a: Gholdengo|Protect|p1a: Gholdengo\n|-singleturn|p1a: Gholdengo|Protect\n|move|p1b: Great Tusk|Earthquake|p2b: Garganacl|[spread] p2b\n|-activate|p1a: Gholdengo|move: Protect\n|-damage|p2b: Garganacl|9\/100\n|move|p2b: Garganacl|Recover|p2b: Garganacl\n|-heal|p2b: Garganacl|60\/100\n|\n|-weather|SunnyDay|[upkeep]\n|-heal|p2b: Garganacl|66\/100|[from] item: Leftovers\n|-damage|p1b: Great Tusk|12\/100|[from] Salt Cure\n|upkeep\n|turn|8\n|\n|t:|1683656812\n|move|p2b: Garganacl|Protect|p2b: Garganacl\n|-singleturn|p2b: Garganacl|Protect\n|move|p1b: Great Tusk|Earthquake|p2b: Garganacl|[spread] p1a\n|-activate|p2b: Garganacl|move: Protect\n|-supereffective|p1a: Gholdengo\n|-damage|p1a: Gholdengo|0 fnt\n|faint|p1a: Gholdengo\n|\n|-weather|SunnyDay|[upkeep]\n|-heal|p2b: Garganacl|72\/100|[from] item: Leftovers\n|-damage|p1b: Great Tusk|0 fnt|[from] Salt Cure\n|faint|p1b: Great Tusk\n|-end|p1b: Great Tusk|Protosynthesis|[silent]\n|\n|win|sawadaburner\n|upkeep\n|raw|Mean tweets's rating: 1164 → 1140<\/strong> (-24 for losing)\n|raw|sawadaburner's rating: 1176 → 1200<\/strong> (+24 for winning)\n|l|\u2606Mean tweets\n","uploadtime":1683656827,"views":14,"p1id":"meantweets","p2id":"sawadaburner","formatid":"gen9vgc2023regulationc","rating":1140,"private":0,"password":""}