{"id":"gen9vgc2023regulationc-1850606744","p1":"n30_b1a5t","p2":"Devinlovesroxi","format":"[Gen 9] VGC 2023 Regulation C","log":"|j|\u2606n30_b1a5t\n|j|\u2606Devinlovesroxi\n|t:|1682352545\n|gametype|doubles\n|player|p1|n30_b1a5t|1|1115\n|player|p2|Devinlovesroxi|darach-caitlin|1170\n|teamsize|p1|6\n|teamsize|p2|6\n|gen|9\n|tier|[Gen 9] VGC 2023 Regulation C\n|rated|\n|rule|Species Clause: Limit one of each Pok\u00e9mon\n|rule|Item Clause: Limit one of each item\n|clearpoke\n|poke|p1|Wo-Chien, L50|\n|poke|p1|Glimmora, L50, M|\n|poke|p1|Dondozo, L50, M|\n|poke|p1|Tatsugiri, L50, F|\n|poke|p1|Chi-Yu, L50|\n|poke|p1|Flutter Mane, L50|\n|poke|p2|Ting-Lu, L50|\n|poke|p2|Amoonguss, L50, M|\n|poke|p2|Garganacl, L50, M|\n|poke|p2|Arcanine, L50, M|\n|poke|p2|Roaring Moon, L50|\n|poke|p2|Iron Bundle, L50|\n|teampreview|4\n|\n|t:|1682352568\n|start\n|switch|p1a: Glimmora|Glimmora, L50, M|100\/100\n|switch|p1b: Flutter Mane|Flutter Mane, L50|100\/100\n|switch|p2a: Garganacl|Garganacl, L50, M|100\/100\n|switch|p2b: Iron Bundle|Iron Bundle, L50|100\/100\n|turn|1\n|\n|t:|1682352595\n|move|p2b: Iron Bundle|Hydro Pump|p1a: Glimmora\n|-supereffective|p1a: Glimmora\n|-damage|p1a: Glimmora|0 fnt\n|faint|p1a: Glimmora\n|move|p1b: Flutter Mane|Moonblast|p2b: Iron Bundle\n|-enditem|p2b: Iron Bundle|Focus Sash\n|-damage|p2b: Iron Bundle|1\/100\n|-unboost|p2b: Iron Bundle|spa|1\n|-damage|p1b: Flutter Mane|91\/100|[from] item: Life Orb\n|move|p2a: Garganacl|Salt Cure|p1b: Flutter Mane\n|-damage|p1b: Flutter Mane|63\/100\n|-start|p1b: Flutter Mane|Salt Cure\n|\n|-damage|p1b: Flutter Mane|51\/100|[from] Salt Cure\n|upkeep\n|\n|t:|1682352609\n|switch|p1a: Dondozo|Dondozo, L50, M|100\/100\n|turn|2\n|\n|t:|1682352618\n|-end|p1b: Flutter Mane|Protosynthesis|[silent]\n|switch|p1b: Tatsugiri|Tatsugiri, L50, F|100\/100\n|-activate|p1b: Tatsugiri|ability: Commander|[of] p1a: Dondozo\n|-boost|p1a: Dondozo|atk|2\n|-boost|p1a: Dondozo|spa|2\n|-boost|p1a: Dondozo|spe|2\n|-boost|p1a: Dondozo|def|2\n|-boost|p1a: Dondozo|spd|2\n|move|p2b: Iron Bundle|Freeze-Dry|p1a: Dondozo\n|-supereffective|p1a: Dondozo\n|-damage|p1a: Dondozo|60\/100\n|move|p1a: Dondozo|Earthquake|p2b: Iron Bundle|[spread] p2a,p2b\n|-miss|p1a: Dondozo|p1b: Tatsugiri\n|-supereffective|p2a: Garganacl\n|-damage|p2a: Garganacl|40\/100\n|-damage|p2b: Iron Bundle|0 fnt\n|faint|p2b: Iron Bundle\n|-end|p2b: Iron Bundle|Quark Drive|[silent]\n|move|p2a: Garganacl|Salt Cure|p1a: Dondozo\n|-damage|p1a: Dondozo|56\/100\n|-start|p1a: Dondozo|Salt Cure\n|\n|-heal|p2a: Garganacl|45\/100|[from] item: Leftovers\n|-damage|p1a: Dondozo|30\/100|[from] Salt Cure\n|upkeep\n|\n|t:|1682352636\n|switch|p2b: Amoonguss|Amoonguss, L50, M|100\/100\n|turn|3\n|\n|t:|1682352642\n|move|p2a: Garganacl|Protect|p2a: Garganacl\n|-singleturn|p2a: Garganacl|Protect\n|move|p2b: Amoonguss|Protect|p2b: Amoonguss\n|-singleturn|p2b: Amoonguss|Protect\n|move|p1a: Dondozo|Earthquake|p2b: Amoonguss|[spread] \n|-miss|p1a: Dondozo|p1b: Tatsugiri\n|-activate|p2a: Garganacl|move: Protect\n|-activate|p2b: Amoonguss|move: Protect\n|\n|-heal|p2a: Garganacl|51\/100|[from] item: Leftovers\n|-damage|p1a: Dondozo|5\/100|[from] Salt Cure\n|upkeep\n|turn|4\n|\n|t:|1682352669\n|-terastallize|p2a: Garganacl|Ghost\n|move|p1a: Dondozo|Earthquake|p2a: Garganacl|[spread] p2a,p2b\n|-miss|p1a: Dondozo|p1b: Tatsugiri\n|-damage|p2a: Garganacl|20\/100\n|-damage|p2b: Amoonguss|70\/100\n|move|p2a: Garganacl|Recover|p2a: Garganacl\n|-heal|p2a: Garganacl|70\/100\n|move|p2b: Amoonguss|Pollen Puff|p1b: Tatsugiri|[miss]\n|-miss|p2b: Amoonguss|p1b: Tatsugiri\n|\n|-heal|p2a: Garganacl|76\/100|[from] item: Leftovers\n|-damage|p1a: Dondozo|0 fnt|[from] Salt Cure\n|faint|p1a: Dondozo\n|upkeep\n|\n|t:|1682352677\n|switch|p1a: Flutter Mane|Flutter Mane, L50|51\/100\n|turn|5\n|\n|t:|1682352694\n|move|p1a: Flutter Mane|Shadow Ball|p2b: Amoonguss\n|-damage|p2b: Amoonguss|25\/100\n|-unboost|p2b: Amoonguss|spd|1\n|-enditem|p2b: Amoonguss|Sitrus Berry|[eat]\n|-heal|p2b: Amoonguss|50\/100|[from] item: Sitrus Berry\n|-damage|p1a: Flutter Mane|41\/100|[from] item: Life Orb\n|move|p1b: Tatsugiri|Muddy Water|p2a: Garganacl|[spread] p2a\n|-miss|p1b: Tatsugiri|p2b: Amoonguss\n|-damage|p2a: Garganacl|54\/100\n|-unboost|p2a: Garganacl|accuracy|1\n|move|p2a: Garganacl|Salt Cure|p1b: Tatsugiri|[miss]\n|-miss|p2a: Garganacl|p1b: Tatsugiri\n|move|p2b: Amoonguss|Spore|p1a: Flutter Mane\n|-status|p1a: Flutter Mane|slp|[from] move: Spore\n|\n|-heal|p2a: Garganacl|60\/100|[from] item: Leftovers\n|upkeep\n|turn|6\n|\n|t:|1682352715\n|cant|p1a: Flutter Mane|slp\n|move|p1b: Tatsugiri|Muddy Water|p2b: Amoonguss|[spread] p2a,p2b\n|-resisted|p2b: Amoonguss\n|-damage|p2a: Garganacl|38\/100\n|-damage|p2b: Amoonguss|29\/100\n|move|p2a: Garganacl|Recover|p2a: Garganacl\n|-heal|p2a: Garganacl|88\/100\n|move|p2b: Amoonguss|Pollen Puff|p2a: Garganacl\n|-heal|p2a: Garganacl|100\/100\n|\n|upkeep\n|turn|7\n|\n|t:|1682352729\n|switch|p2a: Roaring Moon|Roaring Moon, L50|100\/100\n|-enditem|p2a: Roaring Moon|Booster Energy\n|-activate|p2a: Roaring Moon|ability: Protosynthesis|[fromitem]\n|-start|p2a: Roaring Moon|protosynthesisatk\n|-curestatus|p1a: Flutter Mane|slp|[msg]\n|move|p1a: Flutter Mane|Dazzling Gleam|p2b: Amoonguss|[spread] p2a,p2b\n|-supereffective|p2a: Roaring Moon\n|-resisted|p2b: Amoonguss\n|-damage|p2a: Roaring Moon|0 fnt\n|-damage|p2b: Amoonguss|2\/100\n|faint|p2a: Roaring Moon\n|-end|p2a: Roaring Moon|Protosynthesis|[silent]\n|-damage|p1a: Flutter Mane|32\/100|[from] item: Life Orb\n|move|p1b: Tatsugiri|Muddy Water|p2b: Amoonguss\n|-resisted|p2b: Amoonguss\n|-damage|p2b: Amoonguss|0 fnt\n|faint|p2b: Amoonguss\n|\n|upkeep\n|\n|t:|1682352732\n|switch|p2b: Garganacl|Garganacl, L50, M, tera:Ghost|100\/100\n|turn|8\n|\n|t:|1682352745\n|move|p1a: Flutter Mane|Moonblast|p2b: Garganacl\n|-damage|p2b: Garganacl|58\/100\n|-unboost|p2b: Garganacl|spa|1\n|-damage|p1a: Flutter Mane|23\/100|[from] item: Life Orb\n|move|p1b: Tatsugiri|Draco Meteor|p2b: Garganacl\n|-damage|p2b: Garganacl|16\/100\n|-unboost|p1b: Tatsugiri|spa|2\n|move|p2b: Garganacl|Salt Cure|p1a: Flutter Mane\n|-damage|p1a: Flutter Mane|0 fnt\n|faint|p1a: Flutter Mane\n|-end|p1a: Flutter Mane|Protosynthesis|[silent]\n|\n|-heal|p2b: Garganacl|22\/100|[from] item: Leftovers\n|upkeep\n|turn|9\n|\n|t:|1682352756\n|move|p2b: Garganacl|Protect|p2b: Garganacl\n|-singleturn|p2b: Garganacl|Protect\n|move|p1b: Tatsugiri|Draco Meteor|p2b: Garganacl\n|-activate|p2b: Garganacl|move: Protect\n|\n|-heal|p2b: Garganacl|28\/100|[from] item: Leftovers\n|upkeep\n|turn|10\n|\n|t:|1682352762\n|move|p1b: Tatsugiri|Draco Meteor|p2b: Garganacl\n|-damage|p2b: Garganacl|5\/100\n|-unboost|p1b: Tatsugiri|spa|2\n|move|p2b: Garganacl|Recover|p2b: Garganacl\n|-heal|p2b: Garganacl|56\/100\n|\n|-heal|p2b: Garganacl|61\/100|[from] item: Leftovers\n|upkeep\n|turn|11\n|\n|t:|1682352768\n|-terastallize|p1b: Tatsugiri|Water\n|move|p2b: Garganacl|Protect|p2b: Garganacl\n|-singleturn|p2b: Garganacl|Protect\n|move|p1b: Tatsugiri|Muddy Water|p2b: Garganacl\n|-activate|p2b: Garganacl|move: Protect\n|\n|-heal|p2b: Garganacl|67\/100|[from] item: Leftovers\n|upkeep\n|turn|12\n|\n|t:|1682352774\n|move|p1b: Tatsugiri|Muddy Water|p2b: Garganacl\n|-damage|p2b: Garganacl|53\/100\n|move|p2b: Garganacl|Recover|p2b: Garganacl\n|-heal|p2b: Garganacl|100\/100\n|\n|upkeep\n|turn|13\n|\n|t:|1682352781\n|move|p1b: Tatsugiri|Muddy Water|p2b: Garganacl|[miss]\n|-miss|p1b: Tatsugiri|p2b: Garganacl\n|move|p2b: Garganacl|Salt Cure|p1b: Tatsugiri\n|-damage|p1b: Tatsugiri|75\/100\n|-start|p1b: Tatsugiri|Salt Cure\n|\n|-damage|p1b: Tatsugiri|51\/100|[from] Salt Cure\n|upkeep\n|turn|14\n|\n|t:|1682352786\n|move|p2b: Garganacl|Protect|p2b: Garganacl\n|-singleturn|p2b: Garganacl|Protect\n|move|p1b: Tatsugiri|Muddy Water|p2b: Garganacl\n|-activate|p2b: Garganacl|move: Protect\n|\n|-damage|p1b: Tatsugiri|26\/100|[from] Salt Cure\n|upkeep\n|turn|15\n|\n|t:|1682352790\n|move|p1b: Tatsugiri|Muddy Water|p2b: Garganacl\n|-damage|p2b: Garganacl|88\/100\n|move|p2b: Garganacl|Recover|p2b: Garganacl\n|-heal|p2b: Garganacl|100\/100\n|\n|-damage|p1b: Tatsugiri|2\/100|[from] Salt Cure\n|upkeep\n|turn|16\n|\n|t:|1682352795\n|move|p2b: Garganacl|Protect|p2b: Garganacl\n|-singleturn|p2b: Garganacl|Protect\n|move|p1b: Tatsugiri|Draco Meteor|p2b: Garganacl\n|-activate|p2b: Garganacl|move: Protect\n|\n|-damage|p1b: Tatsugiri|0 fnt|[from] Salt Cure\n|faint|p1b: Tatsugiri\n|\n|win|Devinlovesroxi\n|upkeep\n|raw|n30_b1a5t's rating: 1115 → 1094<\/strong> (-21 for losing)\n|raw|Devinlovesroxi's rating: 1170 → 1191<\/strong> (+21 for winning)\n|l|\u2606n30_b1a5t\n","uploadtime":1682352805,"views":13,"p1id":"n30b1a5t","p2id":"devinlovesroxi","formatid":"gen9vgc2023regulationc","rating":1094,"private":0,"password":""}