{"id":"gen9vgc2023regulationc-1847060142","p1":"Tempest brute","p2":"MadMat48","format":"[Gen 9] VGC 2023 Regulation C","log":"|j|\u2606Tempest brute\n|j|\u2606MadMat48\n|t:|1681915748\n|gametype|doubles\n|player|p1|Tempest brute|veteran|\n|player|p2|MadMat48|lance|\n|teamsize|p1|4\n|teamsize|p2|6\n|gen|9\n|tier|[Gen 9] VGC 2023 Regulation C\n|rated|Tournament battle\n|rule|Species Clause: Limit one of each Pok\u00e9mon\n|rule|Item Clause: Limit one of each item\n|clearpoke\n|poke|p1|Ting-Lu, L50|\n|poke|p1|Roaring Moon, L50|\n|poke|p1|Klefki, L50, M|\n|poke|p1|Skeledirge, L50, M|\n|poke|p2|Scizor, L50, M|\n|poke|p2|Gyarados, L50, M|\n|poke|p2|Ting-Lu, L50|\n|poke|p2|Flutter Mane, L50|\n|poke|p2|Braviary, L50, M|\n|poke|p2|Amoonguss, L50, F|\n|teampreview|4\n|raw| Open Team Sheet for Tempest brute<\/summary>Ting-Lu @ Leftovers Ability: Vessel of Ruin Level: 50 Tera Type: Water - Body Press - Throat Chop - Whirlwind - Protect Roaring Moon @ Booster Energy Ability: Protosynthesis Level: 50 Tera Type: Flying - Substitute - Acrobatics - Jaw Lock - Protect Klefki @ Light Clay Ability: Prankster Level: 50 Tera Type: Water - Reflect - Light Screen - Thunder Wave - Dazzling Gleam Skeledirge @ Sitrus Berry Ability: Unaware Level: 50 Tera Type: Poison - Will-O-Wisp - Torch Song - Shadow Ball - Slack Off <\/details><\/div> Open Team Sheet for MadMat48<\/summary>Scizor (M) @ Choice Band Ability: Technician Level: 50 Tera Type: Fire - Bullet Punch - U-turn - Brick Break - Tera Blast Gyarados (M) @ Lum Berry Ability: Intimidate Level: 50 Tera Type: Steel - Waterfall - Iron Head - Thunder Wave - Taunt Ting-Lu @ Assault Vest Ability: Vessel of Ruin Level: 50 Tera Type: Water - Earthquake - Stomping Tantrum - Rock Tomb - Heavy Slam Flutter Mane @ Booster Energy Ability: Protosynthesis Level: 50 Tera Type: Grass - Moonblast - Shadow Ball - Thunderbolt - Protect Braviary (M) @ Sitrus Berry Ability: Defiant Level: 50 Tera Type: Normal - Brave Bird - Facade - Tailwind - Protect Amoonguss (F) @ Rocky Helmet Ability: Regenerator Level: 50 Tera Type: Water - Spore - Rage Powder - Clear Smog - Pollen Puff <\/details><\/div>\n|inactive|Battle timer is ON: inactive players will automatically lose when time's up. (requested by MadMat48)\n|j| ROBERT5239423942\n|c|\u2606MadMat48|gl\n|j| RiotJuice\n|l| RiotJuice\n|inactive|MadMat48 has 60 seconds left.\n|\n|t:|1681915792\n|start\n|switch|p1a: Klefki|Klefki, L50, M|100\/100\n|switch|p1b: Skeledirge|Skeledirge, L50, M|100\/100\n|switch|p2a: Ting-Lu|Ting-Lu, L50|100\/100\n|switch|p2b: Gyarados|Gyarados, L50, M|100\/100\n|-ability|p2b: Gyarados|Intimidate|boost\n|-unboost|p1a: Klefki|atk|1\n|-unboost|p1b: Skeledirge|atk|1\n|-ability|p2a: Ting-Lu|Vessel of Ruin\n|turn|1\n|j| sadgirl23\n|\n|t:|1681915813\n|move|p1a: Klefki|Reflect|p1a: Klefki\n|-sidestart|p1: Tempest brute|Reflect\n|move|p2b: Gyarados|Taunt|p1b: Skeledirge\n|-start|p1b: Skeledirge|move: Taunt\n|cant|p1b: Skeledirge|move: Taunt|Will-O-Wisp\n|move|p2a: Ting-Lu|Earthquake|p1a: Klefki|[spread] p1a,p1b\n|-immune|p2b: Gyarados\n|-supereffective|p1a: Klefki\n|-supereffective|p1b: Skeledirge\n|-damage|p1a: Klefki|51\/100\n|-damage|p1b: Skeledirge|62\/100\n|\n|upkeep\n|turn|2\n|\n|t:|1681915827\n|switch|p1b: Ting-Lu|Ting-Lu, L50|100\/100\n|-ability|p1b: Ting-Lu|Vessel of Ruin\n|move|p1a: Klefki|Thunder Wave|p2b: Gyarados\n|-status|p2b: Gyarados|par\n|-enditem|p2b: Gyarados|Lum Berry|[eat]\n|-curestatus|p2b: Gyarados|par|[msg]\n|move|p2b: Gyarados|Thunder Wave|p1b: Ting-Lu\n|-immune|p1b: Ting-Lu\n|move|p2a: Ting-Lu|Earthquake|p1a: Klefki|[spread] p1a,p1b\n|-immune|p2b: Gyarados\n|-supereffective|p1a: Klefki\n|-damage|p1a: Klefki|2\/100\n|-damage|p1b: Ting-Lu|88\/100\n|\n|-heal|p1b: Ting-Lu|94\/100|[from] item: Leftovers\n|upkeep\n|turn|3\n|inactive|MadMat48 has 30 seconds left.\n|\n|t:|1681915856\n|move|p1a: Klefki|Light Screen|p1a: Klefki\n|-sidestart|p1: Tempest brute|move: Light Screen\n|move|p2b: Gyarados|Waterfall|p1b: Ting-Lu\n|-supereffective|p1b: Ting-Lu\n|-damage|p1b: Ting-Lu|74\/100\n|move|p2a: Ting-Lu|Rock Tomb|p1a: Klefki\n|-resisted|p1a: Klefki\n|-damage|p1a: Klefki|0 fnt\n|faint|p1a: Klefki\n|move|p1b: Ting-Lu|Body Press|p2a: Ting-Lu\n|-supereffective|p2a: Ting-Lu\n|-damage|p2a: Ting-Lu|72\/100\n|\n|-heal|p1b: Ting-Lu|80\/100|[from] item: Leftovers\n|upkeep\n|\n|t:|1681915862\n|switch|p1a: Roaring Moon|Roaring Moon, L50|100\/100\n|-enditem|p1a: Roaring Moon|Booster Energy\n|-activate|p1a: Roaring Moon|ability: Protosynthesis|[fromitem]\n|-start|p1a: Roaring Moon|protosynthesisspe\n|turn|4\n|l| sadgirl23\n|\n|t:|1681915880\n|switch|p2b: Scizor|Scizor, L50, M|100\/100\n|move|p1a: Roaring Moon|Substitute|p1a: Roaring Moon\n|-start|p1a: Roaring Moon|Substitute\n|-damage|p1a: Roaring Moon|76\/100\n|move|p2a: Ting-Lu|Rock Tomb|p1a: Roaring Moon\n|-activate|p1a: Roaring Moon|move: Substitute|[damage]\n|move|p1b: Ting-Lu|Body Press|p2a: Ting-Lu\n|-supereffective|p2a: Ting-Lu\n|-damage|p2a: Ting-Lu|43\/100\n|\n|-heal|p1b: Ting-Lu|86\/100|[from] item: Leftovers\n|upkeep\n|turn|5\n|\n|t:|1681915902\n|switch|p2a: Gyarados|Gyarados, L50, M|100\/100\n|-ability|p2a: Gyarados|Intimidate|boost\n|-immune|p1a: Roaring Moon\n|-unboost|p1b: Ting-Lu|atk|1\n|move|p1a: Roaring Moon|Protect|p1a: Roaring Moon\n|-singleturn|p1a: Roaring Moon|Protect\n|move|p2b: Scizor|Brick Break|p1a: Roaring Moon\n|-activate|p1a: Roaring Moon|move: Protect\n|move|p1b: Ting-Lu|Whirlwind|p2b: Scizor\n|drag|p2b: Ting-Lu|Ting-Lu, L50|43\/100\n|-ability|p2b: Ting-Lu|Vessel of Ruin\n|\n|-heal|p1b: Ting-Lu|92\/100|[from] item: Leftovers\n|upkeep\n|turn|6\n|inactive|MadMat48 has 30 seconds left.\n|\n|t:|1681915931\n|move|p1a: Roaring Moon|Jaw Lock|p2a: Gyarados\n|-damage|p2a: Gyarados|66\/100\n|-activate|p1a: Roaring Moon|trapped\n|-activate|p2a: Gyarados|trapped\n|move|p2a: Gyarados|Waterfall|p1b: Ting-Lu\n|-supereffective|p1b: Ting-Lu\n|-damage|p1b: Ting-Lu|69\/100\n|move|p2b: Ting-Lu|Earthquake|p1a: Roaring Moon|[spread] p1a,p1b\n|-immune|p2a: Gyarados\n|-end|p1a: Roaring Moon|Substitute\n|-crit|p1b: Ting-Lu\n|-damage|p1b: Ting-Lu|44\/100\n|move|p1b: Ting-Lu|Body Press|p2b: Ting-Lu\n|-supereffective|p2b: Ting-Lu\n|-damage|p2b: Ting-Lu|12\/100\n|\n|-heal|p1b: Ting-Lu|50\/100|[from] item: Leftovers\n|upkeep\n|turn|7\n|inactive|MadMat48 has 30 seconds left.\n|\n|t:|1681915958\n|-terastallize|p1a: Roaring Moon|Flying\n|move|p1a: Roaring Moon|Substitute|p1a: Roaring Moon\n|-start|p1a: Roaring Moon|Substitute\n|-damage|p1a: Roaring Moon|51\/100\n|move|p2a: Gyarados|Waterfall|p1b: Ting-Lu\n|-supereffective|p1b: Ting-Lu\n|-damage|p1b: Ting-Lu|28\/100\n|move|p2b: Ting-Lu|Earthquake|p1a: Roaring Moon|[spread] p1b\n|-immune|p2a: Gyarados\n|-immune|p1a: Roaring Moon\n|-damage|p1b: Ting-Lu|16\/100\n|move|p1b: Ting-Lu|Throat Chop|p2a: Gyarados\n|-damage|p2a: Gyarados|45\/100\n|-start|p2a: Gyarados|Throat Chop|[silent]\n|\n|-heal|p1b: Ting-Lu|22\/100|[from] item: Leftovers\n|upkeep\n|turn|8\n|inactive|MadMat48 has 30 seconds left.\n|c|\u2606Tempest brute|do ting lus speed creep each other?\n|inactive|MadMat48 has 20 seconds left.\n|\n|t:|1681915996\n|switch|p2b: Scizor|Scizor, L50, M|100\/100\n|-terastallize|p2a: Gyarados|Steel\n|move|p1a: Roaring Moon|Acrobatics|p2a: Gyarados\n|-resisted|p2a: Gyarados\n|-damage|p2a: Gyarados|20\/100\n|move|p2a: Gyarados|Waterfall|p1b: Ting-Lu\n|-supereffective|p1b: Ting-Lu\n|-damage|p1b: Ting-Lu|2\/100\n|move|p1b: Ting-Lu|Body Press|p2b: Scizor\n|-damage|p2b: Scizor|71\/100\n|\n|-heal|p1b: Ting-Lu|8\/100|[from] item: Leftovers\n|-end|p2a: Gyarados|Throat Chop|[silent]\n|-sideend|p1: Tempest brute|Reflect\n|upkeep\n|turn|9\n|inactive|MadMat48 has 30 seconds left.\n|\n|t:|1681916026\n|move|p2b: Scizor|Bullet Punch|p1a: Roaring Moon\n|-end|p1a: Roaring Moon|Substitute\n|move|p1a: Roaring Moon|Acrobatics|p2b: Scizor\n|-damage|p2b: Scizor|15\/100\n|move|p2a: Gyarados|Waterfall|p1b: Ting-Lu\n|-supereffective|p1b: Ting-Lu\n|-damage|p1b: Ting-Lu|0 fnt\n|faint|p1b: Ting-Lu\n|\n|upkeep\n|\n|t:|1681916034\n|switch|p1b: Skeledirge|Skeledirge, L50, M|62\/100\n|turn|10\n|\n|t:|1681916039\n|move|p1a: Roaring Moon|Protect|p1a: Roaring Moon\n|-singleturn|p1a: Roaring Moon|Protect\n|move|p2b: Scizor|Bullet Punch|p1a: Roaring Moon\n|-activate|p1a: Roaring Moon|move: Protect\n|move|p2a: Gyarados|Taunt|p1b: Skeledirge\n|-start|p1b: Skeledirge|move: Taunt\n|move|p1b: Skeledirge|Torch Song|p2b: Scizor\n|-supereffective|p2b: Scizor\n|-damage|p2b: Scizor|0 fnt\n|-boost|p1b: Skeledirge|spa|1\n|faint|p2b: Scizor\n|\n|-sideend|p1: Tempest brute|move: Light Screen\n|upkeep\n|\n|t:|1681916056\n|switch|p2b: Ting-Lu|Ting-Lu, L50|12\/100\n|-ability|p2b: Ting-Lu|Vessel of Ruin\n|turn|11\n|\n|t:|1681916062\n|move|p1a: Roaring Moon|Jaw Lock|p2a: Gyarados\n|-damage|p2a: Gyarados|0 fnt\n|faint|p2a: Gyarados\n|move|p1b: Skeledirge|Torch Song|p2b: Ting-Lu\n|-damage|p2b: Ting-Lu|0 fnt\n|-boost|p1b: Skeledirge|spa|1\n|faint|p2b: Ting-Lu\n|\n|upkeep\n|j| Eldegoss32\n|l| Eldegoss32\n|\n|t:|1681916070\n|switch|p2b: Flutter Mane|Flutter Mane, L50|100\/100\n|-enditem|p2b: Flutter Mane|Booster Energy\n|-activate|p2b: Flutter Mane|ability: Protosynthesis|[fromitem]\n|-start|p2b: Flutter Mane|protosynthesisspa\n|turn|12\n|\n|t:|1681916078\n|move|p1a: Roaring Moon|Acrobatics|p2b: Flutter Mane\n|-damage|p2b: Flutter Mane|23\/100\n|move|p2b: Flutter Mane|Thunderbolt|p1a: Roaring Moon\n|-supereffective|p1a: Roaring Moon\n|-damage|p1a: Roaring Moon|0 fnt\n|faint|p1a: Roaring Moon\n|-end|p1a: Roaring Moon|Protosynthesis|[silent]\n|move|p1b: Skeledirge|Shadow Ball|p2b: Flutter Mane\n|-supereffective|p2b: Flutter Mane\n|-damage|p2b: Flutter Mane|0 fnt\n|faint|p2b: Flutter Mane\n|-end|p2b: Flutter Mane|Protosynthesis|[silent]\n|\n|win|Tempest brute\n|n|\u2606Tempest brute|tempestbrute\n|n|\u2606MadMat48|madmat48\n|n| ROBERT5239423942|robert5239423942\n","uploadtime":1681916080,"views":5,"p1id":"tempestbrute","p2id":"madmat48","formatid":"gen9vgc2023regulationc","rating":0,"private":0,"password":""}