{"id":"gen9vgc2023regulationc-1856249699","p1":"rudyxkam","p2":"Pokeoke","format":"[Gen 9] VGC 2023 Regulation C","log":"|j|\u2606rudyxkam\n|j|\u2606Pokeoke\n|t:|1683044567\n|gametype|doubles\n|player|p1|rudyxkam|gardenia|1103\n|player|p2|Pokeoke|169|1072\n|teamsize|p1|6\n|teamsize|p2|6\n|gen|9\n|tier|[Gen 9] VGC 2023 Regulation C\n|rated|\n|rule|Species Clause: Limit one of each Pok\u00e9mon\n|rule|Item Clause: Limit one of each item\n|clearpoke\n|poke|p1|Gyarados, L50, M|\n|poke|p1|Talonflame, L50, M|\n|poke|p1|Baxcalibur, L50, F|\n|poke|p1|Corviknight, L50, M|\n|poke|p1|Ting-Lu, L50|\n|poke|p1|Flutter Mane, L50|\n|poke|p2|Farigiraf, L50, F|\n|poke|p2|Iron Hands, L50|\n|poke|p2|Iron Bundle, L50|\n|poke|p2|Arcanine, L50, F|\n|poke|p2|Jumpluff, L50, F|\n|poke|p2|Great Tusk, L50|\n|teampreview|4\n|inactive|Battle timer is ON: inactive players will automatically lose when time's up. (requested by rudyxkam)\nrudyxkam has agreed to open team sheets.\n|c|\u2606rudyxkam|glhf!\n|inactive|rudyxkam has 60 seconds left.\n|inactive|Pokeoke has 60 seconds left.\n|inactive|rudyxkam has 30 seconds left.\n|\n|t:|1683044629\n|start\n|switch|p1a: Manda|Gyarados, L50, M, shiny|100\/100\n|switch|p1b: Gigan|Corviknight, L50, M, shiny|100\/100\n|switch|p2a: Iron Hands|Iron Hands, L50|100\/100\n|switch|p2b: Jumpluff|Jumpluff, L50, F|100\/100\n|-ability|p1a: Manda|Intimidate|boost\n|-unboost|p2a: Iron Hands|atk|1\n|-unboost|p2b: Jumpluff|atk|1\n|turn|1\n|\n|t:|1683044652\n|switch|p1a: Sker|Ting-Lu, L50|100\/100\n|-ability|p1a: Sker|Vessel of Ruin\n|move|p2a: Iron Hands|Fake Out|p1a: Sker\n|-damage|p1a: Sker|95\/100\n|move|p2b: Jumpluff|Switcheroo|p1b: Gigan\n|-activate|p2b: Jumpluff|move: Trick|[of] p1b: Gigan\n|-item|p1b: Gigan|Choice Scarf|[from] move: Switcheroo\n|-item|p2b: Jumpluff|Safety Goggles|[from] move: Switcheroo\n|move|p1b: Gigan|Brave Bird|p2b: Jumpluff\n|-supereffective|p2b: Jumpluff\n|-damage|p2b: Jumpluff|0 fnt\n|faint|p2b: Jumpluff\n|-damage|p1b: Gigan|71\/100|[from] Recoil\n|\n|upkeep\n|\n|t:|1683044670\n|switch|p2b: Arcanine|Arcanine, L50, F|100\/100\n|-ability|p2b: Arcanine|Intimidate|boost\n|-unboost|p1a: Sker|atk|1\n|-ability|p1b: Gigan|Mirror Armor\n|-unboost|p2b: Arcanine|atk|1\n|turn|2\n|\n|t:|1683044686\n|-end|p2a: Iron Hands|Quark Drive|[silent]\n|switch|p2a: Iron Bundle|Iron Bundle, L50|100\/100\n|-enditem|p2a: Iron Bundle|Booster Energy\n|-activate|p2a: Iron Bundle|ability: Quark Drive|[fromitem]\n|-start|p2a: Iron Bundle|quarkdrivespe\n|move|p2b: Arcanine|Will-O-Wisp|p1a: Sker\n|-status|p1a: Sker|brn\n|move|p1b: Gigan|Brave Bird|p2a: Iron Bundle\n|-damage|p2a: Iron Bundle|59\/100\n|-damage|p1b: Gigan|62\/100|[from] Recoil\n|move|p1a: Sker|Bulldoze|p2a: Iron Bundle|[spread] p2a,p2b\n|-immune|p1b: Gigan\n|-supereffective|p2b: Arcanine\n|-damage|p2a: Iron Bundle|52\/100\n|-damage|p2b: Arcanine|84\/100\n|-unboost|p2a: Iron Bundle|spe|1\n|-unboost|p2b: Arcanine|spe|1\n|\n|-damage|p1a: Sker|89\/100 brn|[from] brn\n|upkeep\n|turn|3\n|inactive|rudyxkam has 30 seconds left.\n|\n|t:|1683044723\n|switch|p1b: Manda|Gyarados, L50, M, shiny|100\/100\n|-ability|p1b: Manda|Intimidate|boost\n|-unboost|p2a: Iron Bundle|atk|1\n|-unboost|p2b: Arcanine|atk|1\n|-terastallize|p1a: Sker|Fairy\n|move|p2a: Iron Bundle|Icy Wind|p1b: Manda|[spread] p1b\n|-miss|p2a: Iron Bundle|p1a: Sker\n|-damage|p1b: Manda|90\/100\n|-unboost|p1b: Manda|spe|1\n|move|p2b: Arcanine|Flare Blitz|p1b: Manda\n|-resisted|p1b: Manda\n|-damage|p1b: Manda|76\/100\n|-damage|p2b: Arcanine|78\/100|[from] Recoil\n|move|p1a: Sker|Bulldoze|p2a: Iron Bundle|[spread] p2a,p2b\n|-immune|p1b: Manda\n|-supereffective|p2b: Arcanine\n|-damage|p2a: Iron Bundle|46\/100\n|-damage|p2b: Arcanine|61\/100\n|-unboost|p2a: Iron Bundle|spe|1\n|-unboost|p2b: Arcanine|spe|1\n|\n|-damage|p1a: Sker|83\/100 brn|[from] brn\n|upkeep\n|turn|4\n|inactive|rudyxkam has 30 seconds left.\n|inactive|Pokeoke has 30 seconds left.\n|inactive|rudyxkam has 20 seconds left.\n|inactive|rudyxkam has 15 seconds left.\n|inactive|rudyxkam has 10 seconds left.\n|\n|t:|1683044768\n|-end|p2a: Iron Bundle|Quark Drive|[silent]\n|switch|p2a: Iron Hands|Iron Hands, L50|100\/100\n|move|p2b: Arcanine|Will-O-Wisp|p1b: Manda|[miss]\n|-miss|p2b: Arcanine|p1b: Manda\n|move|p1b: Manda|Taunt|p2b: Arcanine\n|-start|p2b: Arcanine|move: Taunt\n|move|p1a: Sker|Stomping Tantrum|p2b: Arcanine\n|-supereffective|p2b: Arcanine\n|-damage|p2b: Arcanine|35\/100\n|\n|-damage|p1a: Sker|77\/100 brn|[from] brn\n|upkeep\n|turn|5\n|\n|t:|1683044794\n|switch|p2b: Iron Bundle|Iron Bundle, L50|46\/100\n|switch|p1b: Gigan|Corviknight, L50, M, shiny|62\/100\n|move|p2a: Iron Hands|Fake Out|p1a: Sker\n|-damage|p1a: Sker|70\/100 brn\n|cant|p1a: Sker|flinch\n|\n|-damage|p1a: Sker|64\/100 brn|[from] brn\n|upkeep\n|turn|6\n|inactive|Pokeoke has 30 seconds left.\n|inactive|rudyxkam has 30 seconds left.\n|\n|t:|1683044830\n|switch|p1b: Manda|Gyarados, L50, M, shiny|76\/100\n|-ability|p1b: Manda|Intimidate|boost\n|-unboost|p2a: Iron Hands|atk|1\n|-unboost|p2b: Iron Bundle|atk|1\n|move|p2b: Iron Bundle|Freeze-Dry|p1a: Sker\n|-damage|p1a: Sker|51\/100 brn\n|move|p1a: Sker|Heavy Slam|p2b: Iron Bundle\n|-damage|p2b: Iron Bundle|33\/100\n|move|p2a: Iron Hands|Drain Punch|p1b: Manda\n|-resisted|p1b: Manda\n|-damage|p1b: Manda|60\/100\n|\n|-damage|p1a: Sker|45\/100 brn|[from] brn\n|upkeep\n|turn|7\n|\n|t:|1683044855\n|switch|p1b: Gigan|Corviknight, L50, M, shiny|62\/100\n|-end|p2a: Iron Hands|Quark Drive|[silent]\n|switch|p2a: Arcanine|Arcanine, L50, F|35\/100\n|-ability|p2a: Arcanine|Intimidate|boost\n|-unboost|p1a: Sker|atk|1\n|-ability|p1b: Gigan|Mirror Armor\n|-unboost|p2a: Arcanine|atk|1\n|move|p2b: Iron Bundle|Freeze-Dry|p1b: Gigan\n|-damage|p1b: Gigan|40\/100\n|move|p1a: Sker|Ruination|p2a: Arcanine\n|-damage|p2a: Arcanine|18\/100\n|\n|-damage|p1a: Sker|39\/100 brn|[from] brn\n|upkeep\n|turn|8\n|inactive|rudyxkam has 30 seconds left.\n|\n|t:|1683044884\n|switch|p1a: Manda|Gyarados, L50, M, shiny|60\/100\n|-ability|p1a: Manda|Intimidate|boost\n|-unboost|p2a: Arcanine|atk|1\n|-unboost|p2b: Iron Bundle|atk|1\n|move|p2b: Iron Bundle|Icy Wind|p1b: Gigan|[spread] p1a,p1b\n|-damage|p1a: Manda|45\/100\n|-damage|p1b: Gigan|22\/100\n|-unboost|p1a: Manda|spe|1\n|-ability|p1b: Gigan|Mirror Armor\n|-unboost|p2b: Iron Bundle|spe|1\n|-enditem|p1a: Manda|Sitrus Berry|[eat]\n|-heal|p1a: Manda|69\/100|[from] item: Sitrus Berry\n|move|p2a: Arcanine|Flare Blitz|p1b: Gigan\n|-supereffective|p1b: Gigan\n|-damage|p1b: Gigan|0 fnt\n|faint|p1b: Gigan\n|-damage|p2a: Arcanine|9\/100|[from] Recoil\n|\n|upkeep\n|\n|t:|1683044902\n|switch|p1b: Sker|Ting-Lu, L50, tera:Fairy|39\/100 brn\n|-ability|p1b: Sker|Vessel of Ruin\n|turn|9\n|\n|t:|1683044921\n|-end|p2b: Iron Bundle|Quark Drive|[silent]\n|switch|p2b: Iron Hands|Iron Hands, L50|100\/100\n|move|p2a: Arcanine|Will-O-Wisp|p1a: Manda|[miss]\n|-miss|p2a: Arcanine|p1a: Manda\n|move|p1a: Manda|Waterfall|p2a: Arcanine\n|-supereffective|p2a: Arcanine\n|-damage|p2a: Arcanine|0 fnt\n|faint|p2a: Arcanine\n|move|p1b: Sker|Heavy Slam|p2b: Iron Hands\n|-resisted|p2b: Iron Hands\n|-damage|p2b: Iron Hands|99\/100\n|\n|-damage|p1b: Sker|33\/100 brn|[from] brn\n|upkeep\n|\n|t:|1683044929\n|switch|p2a: Iron Bundle|Iron Bundle, L50|33\/100\n|turn|10\n|\n|t:|1683044949\n|move|p2b: Iron Hands|Fake Out|p1a: Manda\n|-damage|p1a: Manda|52\/100\n|move|p2a: Iron Bundle|Freeze-Dry|p1a: Manda\n|-supereffective|p1a: Manda\n|-damage|p1a: Manda|0 fnt\n|faint|p1a: Manda\n|move|p1b: Sker|Bulldoze|p2a: Iron Bundle|[spread] p2a,p2b\n|-supereffective|p2b: Iron Hands\n|-damage|p2a: Iron Bundle|23\/100\n|-damage|p2b: Iron Hands|87\/100\n|-unboost|p2a: Iron Bundle|spe|1\n|-unboost|p2b: Iron Hands|spe|1\n|\n|-damage|p1b: Sker|27\/100 brn|[from] brn\n|upkeep\n|\n|t:|1683044958\n|switch|p1a: Shobijin|Flutter Mane, L50, shiny|100\/100\n|turn|11\n|\n|t:|1683044978\n|-terastallize|p2b: Iron Hands|Flying\n|move|p1a: Shobijin|Dazzling Gleam|p2b: Iron Hands|[spread] p2a,p2b\n|-damage|p2a: Iron Bundle|0 fnt\n|-damage|p2b: Iron Hands|68\/100\n|faint|p2a: Iron Bundle\n|-end|p2a: Iron Bundle|Quark Drive|[silent]\n|move|p1b: Sker|Stomping Tantrum|p2b: Iron Hands\n|-immune|p2b: Iron Hands\n|move|p2b: Iron Hands|Tera Blast|p1a: Shobijin\n|-damage|p1a: Shobijin|17\/100\n|\n|-damage|p1b: Sker|21\/100 brn|[from] brn\n|upkeep\n|turn|12\n|\n|t:|1683044998\n|move|p1a: Shobijin|Dazzling Gleam|p2b: Iron Hands\n|-damage|p2b: Iron Hands|41\/100\n|move|p1b: Sker|Ruination|p2b: Iron Hands\n|-damage|p2b: Iron Hands|21\/100\n|move|p2b: Iron Hands|Tera Blast|p1a: Shobijin\n|-damage|p1a: Shobijin|0 fnt\n|faint|p1a: Shobijin\n|-end|p1a: Shobijin|Protosynthesis|[silent]\n|\n|-damage|p1b: Sker|15\/100 brn|[from] brn\n|upkeep\n|turn|13\n|c|\u2606rudyxkam|gg\n|\n|t:|1683045016\n|move|p1b: Sker|Heavy Slam|p2b: Iron Hands\n|-damage|p2b: Iron Hands|18\/100\n|move|p2b: Iron Hands|Tera Blast|p1b: Sker\n|-damage|p1b: Sker|0 fnt\n|faint|p1b: Sker\n|\n|win|Pokeoke\n|raw|rudyxkam's rating: 1103 → 1076<\/strong> (-27 for losing)\n|raw|Pokeoke's rating: 1072 → 1104<\/strong> (+32 for winning)\n|c|\u2606Pokeoke|Gg\n|l|\u2606Pokeoke\n","uploadtime":1683045027,"views":10,"p1id":"rudyxkam","p2id":"pokeoke","formatid":"gen9vgc2023regulationc","rating":1076,"private":0,"password":""}