{"id":"gen9vgc2023regulationc-1845527358","p1":"Gadiel_VaStar","p2":"flyningcharged","format":"[Gen 9] VGC 2023 Regulation C","log":"|j|\u2606Gadiel_VaStar\n|j|\u2606flyningcharged\n|t:|1681742232\n|gametype|doubles\n|player|p1|Gadiel_VaStar|sabrina|1112\n|player|p2|flyningcharged|hilbert|1052\n|teamsize|p1|6\n|teamsize|p2|6\n|gen|9\n|tier|[Gen 9] VGC 2023 Regulation C\n|rated|\n|rule|Species Clause: Limit one of each Pok\u00e9mon\n|rule|Item Clause: Limit one of each item\n|clearpoke\n|poke|p1|Torkoal, L50, M|\n|poke|p1|Lilligant, L50, F|\n|poke|p1|Flamigo, L50, F|\n|poke|p1|Flutter Mane, L50|\n|poke|p1|Dondozo, L50, M|\n|poke|p1|Tatsugiri, L50, F|\n|poke|p2|Great Tusk, L50|\n|poke|p2|Talonflame, L50, M|\n|poke|p2|Chi-Yu, L50|\n|poke|p2|Kingambit, L50, F|\n|poke|p2|Iron Bundle, L50|\n|poke|p2|Flutter Mane, L50|\n|teampreview|4\n|inactive|Battle timer is ON: inactive players will automatically lose when time's up. (requested by flyningcharged)\nflyningcharged rejected open team sheets.\n|inactive|flyningcharged has 60 seconds left.\n|\n|t:|1681742266\n|start\n|switch|p1a: Flutter Mane|Flutter Mane, L50, shiny|100\/100\n|switch|p1b: Tatsugiri|Tatsugiri, L50, F, shiny|100\/100\n|switch|p2a: Kingambit|Kingambit, L50, F|100\/100\n|switch|p2b: Iron Bundle|Iron Bundle, L50|100\/100\n|-enditem|p2b: Iron Bundle|Booster Energy\n|-activate|p2b: Iron Bundle|ability: Quark Drive|[fromitem]\n|-start|p2b: Iron Bundle|quarkdrivespe\n|-enditem|p1a: Flutter Mane|Booster Energy\n|-activate|p1a: Flutter Mane|ability: Protosynthesis|[fromitem]\n|-start|p1a: Flutter Mane|protosynthesisspe\n|turn|1\n|inactive|Gadiel_VaStar has 30 seconds left.\n|inactive|flyningcharged has 30 seconds left.\n|inactive|Gadiel_VaStar has 20 seconds left.\n|inactive|flyningcharged has 20 seconds left.\n|inactive|Gadiel_VaStar has 15 seconds left.\n|inactive|flyningcharged has 15 seconds left.\n|inactive|flyningcharged has 10 seconds left.\n|\n|t:|1681742312\n|-terastallize|p2a: Kingambit|Flying\n|move|p2b: Iron Bundle|Icy Wind|p1a: Flutter Mane|[spread] p1a,p1b\n|-crit|p1b: Tatsugiri\n|-damage|p1a: Flutter Mane|80\/100\n|-damage|p1b: Tatsugiri|61\/100\n|-unboost|p1a: Flutter Mane|spe|1\n|-unboost|p1b: Tatsugiri|spe|1\n|move|p1a: Flutter Mane|Perish Song|p1a: Flutter Mane\n|-start|p1a: Flutter Mane|perish3|[silent]\n|-start|p1b: Tatsugiri|perish3|[silent]\n|-start|p2a: Kingambit|perish3|[silent]\n|-start|p2b: Iron Bundle|perish3|[silent]\n|-fieldactivate|move: Perish Song\n|move|p2a: Kingambit|Iron Head|p1a: Flutter Mane\n|-supereffective|p1a: Flutter Mane\n|-damage|p1a: Flutter Mane|0 fnt\n|faint|p1a: Flutter Mane\n|-end|p1a: Flutter Mane|Protosynthesis|[silent]\n|move|p1b: Tatsugiri|Mirror Coat|p2b: Iron Bundle\n|-damage|p2b: Iron Bundle|13\/100\n|\n|-start|p2b: Iron Bundle|perish3\n|-start|p1b: Tatsugiri|perish3\n|-start|p2a: Kingambit|perish3\n|upkeep\n|inactive|Gadiel_VaStar has 30 seconds left.\n|\n|t:|1681742342\n|switch|p1a: Dondozo|Dondozo, L50, M, shiny|100\/100\n|-activate|p1b: Tatsugiri|ability: Commander|[of] p1a: Dondozo\n|-boost|p1a: Dondozo|atk|2\n|-boost|p1a: Dondozo|spa|2\n|-boost|p1a: Dondozo|spe|2\n|-boost|p1a: Dondozo|def|2\n|-boost|p1a: Dondozo|spd|2\n|turn|2\n|inactive|flyningcharged has 30 seconds left.\n|\n|t:|1681742367\n|move|p1a: Dondozo|Protect|p1a: Dondozo\n|-singleturn|p1a: Dondozo|Protect\n|move|p2b: Iron Bundle|Freeze-Dry|p1a: Dondozo\n|-activate|p1a: Dondozo|move: Protect\n|move|p2a: Kingambit|Tera Blast|p1a: Dondozo\n|-activate|p1a: Dondozo|move: Protect\n|\n|-start|p2b: Iron Bundle|perish2\n|-start|p1b: Tatsugiri|perish2\n|-start|p2a: Kingambit|perish2\n|upkeep\n|turn|3\n|inactive|flyningcharged has 30 seconds left.\n|\n|t:|1681742399\n|-terastallize|p1a: Dondozo|Steel\n|move|p2b: Iron Bundle|Freeze-Dry|p1a: Dondozo\n|-resisted|p1a: Dondozo\n|-damage|p1a: Dondozo|93\/100\n|move|p1a: Dondozo|Substitute|p1a: Dondozo\n|-start|p1a: Dondozo|Substitute\n|-damage|p1a: Dondozo|69\/100\n|move|p2a: Kingambit|Tera Blast|p1a: Dondozo\n|-resisted|p1a: Dondozo\n|-activate|p1a: Dondozo|move: Substitute|[damage]\n|\n|-heal|p1a: Dondozo|75\/100|[from] item: Leftovers\n|-start|p2b: Iron Bundle|perish1\n|-start|p1b: Tatsugiri|perish1\n|-start|p2a: Kingambit|perish1\n|upkeep\n|turn|4\n|inactive|Gadiel_VaStar has 30 seconds left.\n|inactive|flyningcharged has 30 seconds left.\n|inactive|Gadiel_VaStar has 20 seconds left.\n|\n|t:|1681742435\n|switch|p2a: Flutter Mane|Flutter Mane, L50|100\/100\n|move|p2b: Iron Bundle|Hydro Pump|p1a: Dondozo\n|-end|p1a: Dondozo|Substitute\n|move|p1a: Dondozo|Dive||[still]\n|-prepare|p1a: Dondozo|Dive\n|\n|-heal|p1a: Dondozo|81\/100|[from] item: Leftovers\n|-start|p2b: Iron Bundle|perish0\n|-start|p1b: Tatsugiri|perish0\n|faint|p2b: Iron Bundle\n|-end|p2b: Iron Bundle|Quark Drive|[silent]\n|faint|p1b: Tatsugiri\n|upkeep\n|\n|t:|1681742451\n|switch|p2b: Great Tusk|Great Tusk, L50|100\/100\n|switch|p1b: Flamigo|Flamigo, L50, F, shiny|100\/100\n|-copyboost|p1b: Flamigo|p1a: Dondozo|[from] ability: Costar\n|turn|5\n|inactive|Gadiel_VaStar has 30 seconds left.\n|\n|t:|1681742478\n|move|p2b: Great Tusk|Protect|p2b: Great Tusk\n|-singleturn|p2b: Great Tusk|Protect\n|move|p1b: Flamigo|Fly||[still]\n|-prepare|p1b: Flamigo|Fly\n|-enditem|p1b: Flamigo|Power Herb\n|-anim|p1b: Flamigo|Fly|p2a: Flutter Mane\n|-damage|p2a: Flutter Mane|0 fnt\n|faint|p2a: Flutter Mane\n|-end|p2a: Flutter Mane|Protosynthesis|[silent]\n|move|p1a: Dondozo|Dive|p2b: Great Tusk|[from]lockedmove\n|-activate|p2b: Great Tusk|move: Protect\n|\n|-heal|p1a: Dondozo|87\/100|[from] item: Leftovers\n|upkeep\n|\n|t:|1681742491\n|switch|p2a: Kingambit|Kingambit, L50, F, tera:Flying|100\/100\n|turn|6\n|\n|t:|1681742508\n|move|p2a: Kingambit|Sucker Punch||[still]\n|-fail|p2a: Kingambit\n|move|p1b: Flamigo|Substitute|p1b: Flamigo\n|-start|p1b: Flamigo|Substitute\n|-damage|p1b: Flamigo|76\/100\n|move|p2b: Great Tusk|Headlong Rush|p1a: Dondozo\n|-supereffective|p1a: Dondozo\n|-damage|p1a: Dondozo|41\/100\n|-unboost|p2b: Great Tusk|def|1\n|-unboost|p2b: Great Tusk|spd|1\n|-damage|p2b: Great Tusk|90\/100|[from] item: Life Orb\n|move|p1a: Dondozo|Substitute|p1a: Dondozo\n|-start|p1a: Dondozo|Substitute\n|-damage|p1a: Dondozo|16\/100\n|\n|-heal|p1a: Dondozo|22\/100|[from] item: Leftovers\n|upkeep\n|turn|7\n|inactive|Gadiel_VaStar has 30 seconds left.\n|inactive|flyningcharged has 30 seconds left.\n|-message|flyningcharged forfeited.\n|\n|win|Gadiel_VaStar\n|raw|Gadiel_VaStar's rating: 1112 → 1131<\/strong> (+19 for winning)\n|raw|flyningcharged's rating: 1032 → 1021<\/strong> (-11 for losing)\n|l|\u2606flyningcharged\n","uploadtime":1681742564,"views":7,"p1id":"gadielvastar","p2id":"flyningcharged","formatid":"gen9vgc2023regulationc","rating":1021,"private":0,"password":""}