{"id":"gen9vgc2023regulationc-1849870038","p1":"Palabax101","p2":"zhz2021","format":"[Gen 9] VGC 2023 Regulation C","log":"|j|\u2606Palabax101\n|j|\u2606zhz2021\n|t:|1682262732\n|gametype|doubles\n|player|p1|Palabax101|hilbert-wonderlauncher|1589\n|player|p2|zhz2021|marley|1614\n|teamsize|p1|6\n|teamsize|p2|6\n|gen|9\n|tier|[Gen 9] VGC 2023 Regulation C\n|rated|\n|rule|Species Clause: Limit one of each Pok\u00e9mon\n|rule|Item Clause: Limit one of each item\n|clearpoke\n|poke|p1|Lilligant, L50, F|\n|poke|p1|Torkoal, L50, M|\n|poke|p1|Flutter Mane, L50|\n|poke|p1|Great Tusk, L50|\n|poke|p1|Chien-Pao, L50|\n|poke|p1|Dragonite, L50, F|\n|poke|p2|Roaring Moon, L50|\n|poke|p2|Brambleghast, L50, F|\n|poke|p2|Iron Hands, L50|\n|poke|p2|Maushold-Four, L50|\n|poke|p2|Flutter Mane, L50|\n|poke|p2|Chi-Yu, L50|\n|teampreview|4\n|\n|t:|1682262771\n|start\n|switch|p1a: Zenitsu|Dragonite, L50, F, shiny|100\/100\n|switch|p1b: Kokushibou|Chien-Pao, L50|100\/100\n|switch|p2a: \u9b3c\u6708|Roaring Moon, L50|100\/100\n|switch|p2b: \u65e0\u5c3d\u6218\u795e|Maushold-Four, L50|100\/100\n|-ability|p1b: Kokushibou|Sword of Ruin\n|-enditem|p2a: \u9b3c\u6708|Booster Energy\n|-activate|p2a: \u9b3c\u6708|ability: Protosynthesis|[fromitem]\n|-start|p2a: \u9b3c\u6708|protosynthesisspe\n|turn|1\n|\n|t:|1682262779\n|-terastallize|p2a: \u9b3c\u6708|Ghost\n|move|p1b: Kokushibou|Protect|p1b: Kokushibou\n|-singleturn|p1b: Kokushibou|Protect\n|move|p2a: \u9b3c\u6708|Tailwind|p2a: \u9b3c\u6708\n|-sidestart|p2: zhz2021|move: Tailwind\n|move|p2b: \u65e0\u5c3d\u6218\u795e|Population Bomb|p1b: Kokushibou\n|-activate|p1b: Kokushibou|move: Protect\n|move|p1a: Zenitsu|Tailwind|p1a: Zenitsu\n|-sidestart|p1: Palabax101|move: Tailwind\n|\n|upkeep\n|turn|2\n|j| MondayXyz\n|\n|t:|1682262794\n|-terastallize|p1a: Zenitsu|Flying\n|move|p2b: \u65e0\u5c3d\u6218\u795e|Feint|p1b: Kokushibou\n|-damage|p1b: Kokushibou|77\/100\n|move|p2a: \u9b3c\u6708|Breaking Swipe|p1a: Zenitsu|[spread] p1a,p1b\n|-damage|p1a: Zenitsu|84\/100\n|-damage|p1b: Kokushibou|42\/100\n|-unboost|p1a: Zenitsu|atk|1\n|-unboost|p1b: Kokushibou|atk|1\n|move|p1b: Kokushibou|Sacred Sword|p2b: \u65e0\u5c3d\u6218\u795e\n|-supereffective|p2b: \u65e0\u5c3d\u6218\u795e\n|-damage|p2b: \u65e0\u5c3d\u6218\u795e|0 fnt\n|faint|p2b: \u65e0\u5c3d\u6218\u795e\n|-damage|p1b: Kokushibou|33\/100|[from] item: Life Orb\n|move|p1a: Zenitsu|Tera Blast|p2a: \u9b3c\u6708\n|-damage|p2a: \u9b3c\u6708|29\/100\n|\n|upkeep\n|\n|t:|1682262800\n|switch|p2b: \u4e9a\u68a6|Flutter Mane, L50|100\/100\n|turn|3\n|\n|t:|1682262810\n|-end|p2a: \u9b3c\u6708|Protosynthesis|[silent]\n|switch|p2a: \u5929\u9053|Chi-Yu, L50|100\/100\n|-ability|p2a: \u5929\u9053|Beads of Ruin\n|move|p1b: Kokushibou|Sucker Punch||[still]\n|-fail|p1b: Kokushibou\n|move|p2b: \u4e9a\u68a6|Dazzling Gleam|p1a: Zenitsu|[spread] p1a,p1b\n|-supereffective|p1b: Kokushibou\n|-damage|p1a: Zenitsu|45\/100\n|-damage|p1b: Kokushibou|0 fnt\n|faint|p1b: Kokushibou\n|move|p1a: Zenitsu|Tera Blast|p2b: \u4e9a\u68a6\n|-damage|p2b: \u4e9a\u68a6|17\/100\n|\n|upkeep\n|\n|t:|1682262813\n|switch|p1b: Inosuke|Great Tusk, L50, shiny|100\/100\n|turn|4\n|\n|t:|1682262823\n|move|p2a: \u5929\u9053|Protect|p2a: \u5929\u9053\n|-singleturn|p2a: \u5929\u9053|Protect\n|move|p1a: Zenitsu|Extreme Speed|p2a: \u5929\u9053\n|-activate|p2a: \u5929\u9053|move: Protect\n|move|p1b: Inosuke|Earthquake|p2b: \u4e9a\u68a6|[spread] p2b\n|-activate|p2a: \u5929\u9053|move: Protect\n|-immune|p1a: Zenitsu\n|-damage|p2b: \u4e9a\u68a6|0 fnt\n|faint|p2b: \u4e9a\u68a6\n|-end|p2b: \u4e9a\u68a6|Protosynthesis|[silent]\n|\n|-sideend|p2: zhz2021|move: Tailwind\n|-sideend|p1: Palabax101|move: Tailwind\n|upkeep\n|\n|t:|1682262830\n|switch|p2b: \u9b3c\u6708|Roaring Moon, L50, tera:Ghost|29\/100\n|turn|5\n|\n|t:|1682262837\n|move|p1a: Zenitsu|Extreme Speed|p2a: \u5929\u9053\n|-damage|p2a: \u5929\u9053|67\/100\n|move|p1b: Inosuke|Earthquake|p2b: \u9b3c\u6708|[spread] p2a,p2b\n|-immune|p1a: Zenitsu\n|-supereffective|p2a: \u5929\u9053\n|-damage|p2a: \u5929\u9053|0 fnt\n|-damage|p2b: \u9b3c\u6708|0 fnt\n|faint|p2a: \u5929\u9053\n|faint|p2b: \u9b3c\u6708\n|-end|p2b: \u9b3c\u6708|Protosynthesis|[silent]\n|\n|win|Palabax101\n|raw|Palabax101's rating: 1589 → 1610<\/strong> (+21 for winning)\n|raw|zhz2021's rating: 1614 → 1593<\/strong> (-21 for losing)\n|l|\u2606zhz2021\n","uploadtime":1682262856,"views":8,"p1id":"palabax101","p2id":"zhz2021","formatid":"gen9vgc2023regulationc","rating":1593,"private":0,"password":""}