{"id":"gen9vgc2023regulationc-1856698038","p1":"Idk544","p2":"crespe","format":"[Gen 9] VGC 2023 Regulation C","log":"|j|\u2606Idk544\n|j|\u2606crespe\n|t:|1683096529\n|gametype|doubles\n|player|p1|Idk544|silver|1366\n|player|p2|crespe|hiker-gen4|1266\n|teamsize|p1|6\n|teamsize|p2|6\n|gen|9\n|tier|[Gen 9] VGC 2023 Regulation C\n|rated|\n|rule|Species Clause: Limit one of each Pok\u00e9mon\n|rule|Item Clause: Limit one of each item\n|clearpoke\n|poke|p1|Orthworm, L50, M|\n|poke|p1|Iron Hands, L50|\n|poke|p1|Flutter Mane, L50|\n|poke|p1|Gholdengo, L50|\n|poke|p1|Gyarados, L50, M|\n|poke|p1|Ting-Lu, L50|\n|poke|p2|Indeedee-F, L50, F|\n|poke|p2|Hatterene, L50, F|\n|poke|p2|Torkoal, L50, F|\n|poke|p2|Wo-Chien, L50|\n|poke|p2|Maushold-Four, L50|\n|poke|p2|Garganacl, L50, M|\n|teampreview|4\nIdk544 has agreed to open team sheets.\n|\n|t:|1683096565\n|start\n|switch|p1a: Gholdengo|Gholdengo, L50|100\/100\n|switch|p1b: Orthworm|Orthworm, L50, M|100\/100\n|switch|p2a: Hatterene|Hatterene, L50, F|100\/100\n|switch|p2b: Indeedee|Indeedee-F, L50, F|100\/100\n|-fieldstart|move: Psychic Terrain|[from] ability: Psychic Surge|[of] p2b: Indeedee\n|-enditem|p2b: Indeedee|Psychic Seed\n|-boost|p2b: Indeedee|spd|1|[from] item: Psychic Seed\n|turn|1\n|\n|t:|1683096585\n|-terastallize|p2a: Hatterene|Electric\n|move|p1a: Gholdengo|Nasty Plot|p1a: Gholdengo\n|-boost|p1a: Gholdengo|spa|2\n|move|p2b: Indeedee|Psychic|p1b: Orthworm\n|-resisted|p1b: Orthworm\n|-damage|p1b: Orthworm|81\/100\n|move|p1b: Orthworm|Shed Tail|p1b: Orthworm\n|-start|p1b: Orthworm|Substitute|[from] move: Shed Tail\n|-damage|p1b: Orthworm|31\/100\n|-enditem|p1b: Orthworm|Sitrus Berry|[eat]\n|-heal|p1b: Orthworm|56\/100|[from] item: Sitrus Berry\n|\n|t:|1683096602\n|switch|p1b: Ting-Lu|Ting-Lu, L50|100\/100|[from] Shed Tail\n|-ability|p1b: Ting-Lu|Vessel of Ruin\n|move|p2a: Hatterene|Trick Room|p2a: Hatterene\n|-fieldstart|move: Trick Room|[of] p2a: Hatterene\n|\n|upkeep\n|turn|2\n|\n|t:|1683096621\n|move|p1a: Gholdengo|Protect|p1a: Gholdengo\n|-singleturn|p1a: Gholdengo|Protect\n|move|p2a: Hatterene|Dazzling Gleam|p1a: Gholdengo|[spread] p1b\n|-activate|p1a: Gholdengo|move: Protect\n|-supereffective|p1b: Ting-Lu\n|-crit|p1b: Ting-Lu\n|-end|p1b: Ting-Lu|Substitute\n|-damage|p2a: Hatterene|91\/100|[from] item: Life Orb\n|move|p1b: Ting-Lu|Snarl|p2b: Indeedee|[spread] p2a,p2b\n|-supereffective|p2b: Indeedee\n|-damage|p2a: Hatterene|83\/100\n|-damage|p2b: Indeedee|90\/100\n|-unboost|p2a: Hatterene|spa|1\n|-unboost|p2b: Indeedee|spa|1\n|move|p2b: Indeedee|Psychic|p1a: Gholdengo\n|-activate|p1a: Gholdengo|move: Protect\n|\n|upkeep\n|turn|3\n|\n|t:|1683096656\n|move|p2b: Indeedee|Helping Hand|p2a: Hatterene\n|-singleturn|p2a: Hatterene|Helping Hand|[of] p2b: Indeedee\n|move|p2a: Hatterene|Dazzling Gleam|p1b: Ting-Lu|[spread] p1a,p1b\n|-resisted|p1a: Gholdengo\n|-supereffective|p1b: Ting-Lu\n|-damage|p1a: Gholdengo|80\/100\n|-damage|p1b: Ting-Lu|59\/100\n|-damage|p2a: Hatterene|73\/100|[from] item: Life Orb\n|move|p1b: Ting-Lu|Throat Chop|p2b: Indeedee\n|-supereffective|p2b: Indeedee\n|-damage|p2b: Indeedee|38\/100\n|-start|p2b: Indeedee|Throat Chop|[silent]\n|move|p1a: Gholdengo|Make It Rain|p2b: Indeedee|[spread] p2a,p2b\n|-resisted|p2a: Hatterene\n|-damage|p2a: Hatterene|36\/100\n|-damage|p2b: Indeedee|0 fnt\n|-unboost|p1a: Gholdengo|spa|1\n|faint|p2b: Indeedee\n|\n|-heal|p1a: Gholdengo|86\/100|[from] item: Leftovers\n|upkeep\n|\n|t:|1683096662\n|switch|p2b: Torkoal|Torkoal, L50, F|100\/100\n|-weather|SunnyDay|[from] ability: Drought|[of] p2b: Torkoal\n|turn|4\n|\n|t:|1683096690\n|-terastallize|p1a: Gholdengo|Water\n|move|p1b: Ting-Lu|Protect|p1b: Ting-Lu\n|-singleturn|p1b: Ting-Lu|Protect\n|move|p2b: Torkoal|Eruption|p1b: Ting-Lu|[spread] p1a\n|-activate|p1b: Ting-Lu|move: Protect\n|-resisted|p1a: Gholdengo\n|-damage|p1a: Gholdengo|44\/100\n|move|p2a: Hatterene|Dazzling Gleam|p1a: Gholdengo|[spread] p1a\n|-activate|p1b: Ting-Lu|move: Protect\n|-damage|p1a: Gholdengo|18\/100\n|-damage|p2a: Hatterene|27\/100|[from] item: Life Orb\n|move|p1a: Gholdengo|Shadow Ball|p2b: Torkoal\n|-damage|p2b: Torkoal|45\/100\n|\n|-weather|SunnyDay|[upkeep]\n|-heal|p1a: Gholdengo|24\/100|[from] item: Leftovers\n|upkeep\n|turn|5\n|\n|t:|1683096713\n|move|p1a: Gholdengo|Protect|p1a: Gholdengo\n|-singleturn|p1a: Gholdengo|Protect\n|move|p2b: Torkoal|Eruption|p1b: Ting-Lu|[spread] p1b\n|-activate|p1a: Gholdengo|move: Protect\n|-damage|p1b: Ting-Lu|44\/100\n|move|p2a: Hatterene|Dazzling Gleam|p1a: Gholdengo|[spread] p1b\n|-activate|p1a: Gholdengo|move: Protect\n|-supereffective|p1b: Ting-Lu\n|-damage|p1b: Ting-Lu|17\/100\n|-enditem|p1b: Ting-Lu|Aguav Berry|[eat]\n|-heal|p1b: Ting-Lu|50\/100|[from] item: Aguav Berry\n|-damage|p2a: Hatterene|17\/100|[from] item: Life Orb\n|move|p1b: Ting-Lu|Earthquake|p2a: Hatterene|[spread] p2a,p2b\n|-activate|p1a: Gholdengo|move: Protect\n|-supereffective|p2a: Hatterene\n|-supereffective|p2b: Torkoal\n|-damage|p2a: Hatterene|0 fnt\n|-damage|p2b: Torkoal|0 fnt\n|faint|p2a: Hatterene\n|faint|p2b: Torkoal\n|\n|-weather|SunnyDay|[upkeep]\n|-heal|p1a: Gholdengo|30\/100|[from] item: Leftovers\n|-fieldend|move: Trick Room\n|-fieldend|move: Psychic Terrain\n|upkeep\n|l|\u2606crespe\n|player|p2|\n|inactive|Battle timer is ON: inactive players will automatically lose when time's up. (requested by Idk544)\n|inactiveoff|Battle timer is now OFF.\n|inactive|Battle timer is ON: inactive players will automatically lose when time's up. (requested by Idk544)\n|inactive|crespe has 30 seconds to reconnect!\n|inactive|crespe has 20 seconds to reconnect!\n|inactive|crespe has 15 seconds to reconnect!\n|inactive|crespe has 10 seconds to reconnect!\n|inactive|crespe has 5 seconds to reconnect!\n|-message|crespe lost due to inactivity.\n|\n|win|Idk544\n|raw|Idk544's rating: 1366 → 1379<\/strong> (+13 for winning)\n|raw|crespe's rating: 1247 → 1230<\/strong> (-17 for losing)\n","uploadtime":1683096871,"views":9,"p1id":"idk544","p2id":"crespe","formatid":"gen9vgc2023regulationc","rating":1230,"private":0,"password":""}