{"id":"gen9vgc2023regulationc-1850072763","p1":"mzmzmzbaby","p2":"Verdas1128","format":"[Gen 9] VGC 2023 Regulation C","log":"|j|\u2606mzmzmzbaby\n|j|\u2606Verdas1128\n|t:|1682284178\n|gametype|doubles\n|player|p1|mzmzmzbaby|169|1283\n|player|p2|Verdas1128|caitlin|1259\n|teamsize|p1|6\n|teamsize|p2|6\n|gen|9\n|tier|[Gen 9] VGC 2023 Regulation C\n|rated|\n|rule|Species Clause: Limit one of each Pok\u00e9mon\n|rule|Item Clause: Limit one of each item\n|clearpoke\n|poke|p1|Scizor, L50, M|\n|poke|p1|Palafin, L50, F|\n|poke|p1|Pelipper, L50, M|\n|poke|p1|Amoonguss, L50, F|\n|poke|p1|Iron Hands, L50|\n|poke|p1|Chien-Pao, L50|\n|poke|p2|Garchomp, L50, M|\n|poke|p2|Wo-Chien, L50|\n|poke|p2|Gyarados, L50, F|\n|poke|p2|Flutter Mane, L50|\n|poke|p2|Glimmora, L50, M|\n|poke|p2|Arcanine, L50, M|\n|teampreview|4\n|inactive|Battle timer is ON: inactive players will automatically lose when time's up. (requested by mzmzmzbaby)\n|inactive|mzmzmzbaby has 60 seconds left.\n|\n|t:|1682284227\n|start\n|switch|p1a: Scizor|Scizor, L50, M|100\/100\n|switch|p1b: OG FLIPPER|Palafin, L50, F|100\/100\n|switch|p2a: Gyarados|Gyarados, L50, F|100\/100\n|switch|p2b: Flutter Mane|Flutter Mane, L50|100\/100\n|-ability|p2a: Gyarados|Intimidate|boost\n|-unboost|p1a: Scizor|atk|1\n|-unboost|p1b: OG FLIPPER|atk|1\n|turn|1\n|inactive|Verdas1128 has 30 seconds left.\n|\n|t:|1682284253\n|-end|p2b: Flutter Mane|Protosynthesis|[silent]\n|switch|p2b: Garchomp|Garchomp, L50, M|100\/100\n|move|p1b: OG FLIPPER|Protect|p1b: OG FLIPPER\n|-singleturn|p1b: OG FLIPPER|Protect\n|move|p1a: Scizor|Bullet Punch|p2b: Garchomp\n|-damage|p2b: Garchomp|66\/100\n|-damage|p1a: Scizor|88\/100|[from] ability: Rough Skin|[of] p2b: Garchomp\n|move|p2a: Gyarados|Thunder Wave|p1a: Scizor\n|-status|p1a: Scizor|par\n|\n|upkeep\n|turn|2\n|\n|t:|1682284271\n|detailschange|p1b: OG FLIPPER|Palafin-Hero, L50, F\n|switch|p1b: Pelipper|Pelipper, L50, M|100\/100\n|-weather|RainDance|[from] ability: Drizzle|[of] p1b: Pelipper\n|move|p2a: Gyarados|Helping Hand|p2b: Garchomp\n|-singleturn|p2b: Garchomp|Helping Hand|[of] p2a: Gyarados\n|move|p1a: Scizor|Bullet Punch|p2b: Garchomp\n|-damage|p2b: Garchomp|31\/100\n|-damage|p1a: Scizor|76\/100 par|[from] ability: Rough Skin|[of] p2b: Garchomp\n|move|p2b: Garchomp|Earthquake|p1a: Scizor|[spread] p1a\n|-immune|p2a: Gyarados\n|-immune|p1b: Pelipper\n|-damage|p1a: Scizor|0 fnt\n|faint|p1a: Scizor\n|-damage|p2b: Garchomp|21\/100|[from] item: Life Orb\n|\n|-weather|RainDance|[upkeep]\n|upkeep\n|\n|t:|1682284283\n|switch|p1a: OG FLIPPER|Palafin-Hero, L50, F|100\/100\n|-activate|p1a: OG FLIPPER|ability: Zero to Hero\n|turn|3\n|\n|t:|1682284297\n|switch|p2b: Wo-Chien|Wo-Chien, L50|100\/100\n|-ability|p2b: Wo-Chien|Tablets of Ruin\n|move|p1a: OG FLIPPER|Protect|p1a: OG FLIPPER\n|-singleturn|p1a: OG FLIPPER|Protect\n|move|p2a: Gyarados|Thunder Wave|p1a: OG FLIPPER\n|-activate|p1a: OG FLIPPER|move: Protect\n|move|p1b: Pelipper|Hurricane|p2b: Wo-Chien\n|-supereffective|p2b: Wo-Chien\n|-damage|p2b: Wo-Chien|53\/100\n|\n|-weather|RainDance|[upkeep]\n|-heal|p2b: Wo-Chien|59\/100|[from] item: Leftovers\n|upkeep\n|turn|4\n|\n|t:|1682284322\n|switch|p1a: Iron Hands|Iron Hands, L50|100\/100\n|switch|p2a: Garchomp|Garchomp, L50, M|21\/100\n|move|p2b: Wo-Chien|Protect|p2b: Wo-Chien\n|-singleturn|p2b: Wo-Chien|Protect\n|move|p1b: Pelipper|Hurricane|p2b: Wo-Chien\n|-activate|p2b: Wo-Chien|move: Protect\n|\n|-weather|RainDance|[upkeep]\n|-heal|p2b: Wo-Chien|65\/100|[from] item: Leftovers\n|upkeep\n|turn|5\n|\n|t:|1682284344\n|switch|p2b: Gyarados|Gyarados, L50, F|100\/100\n|-ability|p2b: Gyarados|Intimidate|boost\n|-unboost|p1a: Iron Hands|atk|1\n|-unboost|p1b: Pelipper|atk|1\n|move|p1a: Iron Hands|Fake Out|p2a: Garchomp\n|-crit|p2a: Garchomp\n|-damage|p2a: Garchomp|0 fnt\n|-damage|p1a: Iron Hands|88\/100|[from] ability: Rough Skin|[of] p2a: Garchomp\n|faint|p2a: Garchomp\n|move|p1b: Pelipper|Hurricane|p2b: Gyarados\n|-damage|p2b: Gyarados|72\/100\n|\n|-weather|RainDance|[upkeep]\n|upkeep\n|\n|t:|1682284356\n|switch|p2a: Flutter Mane|Flutter Mane, L50|100\/100\n|turn|6\n|\n|t:|1682284366\n|-terastallize|p1a: Iron Hands|Grass\n|move|p2b: Gyarados|Helping Hand|p2a: Flutter Mane\n|-singleturn|p2a: Flutter Mane|Helping Hand|[of] p2b: Gyarados\n|move|p2a: Flutter Mane|Dazzling Gleam|p1b: Pelipper|[spread] p1a,p1b\n|-damage|p1a: Iron Hands|61\/100\n|-damage|p1b: Pelipper|46\/100\n|move|p1b: Pelipper|Hurricane|p2a: Flutter Mane\n|-damage|p2a: Flutter Mane|58\/100\n|-start|p2a: Flutter Mane|confusion\n|move|p1a: Iron Hands|Thunder Punch|p2b: Gyarados\n|-supereffective|p2b: Gyarados\n|-damage|p2b: Gyarados|0 fnt\n|faint|p2b: Gyarados\n|\n|-weather|RainDance|[upkeep]\n|upkeep\n|\n|t:|1682284376\n|switch|p2b: Wo-Chien|Wo-Chien, L50|65\/100\n|-ability|p2b: Wo-Chien|Tablets of Ruin\n|turn|7\n|\n|t:|1682284384\n|-terastallize|p2a: Flutter Mane|Fairy\n|move|p1b: Pelipper|Wide Guard|p1b: Pelipper\n|-singleturn|p1b: Pelipper|Wide Guard\n|-activate|p2a: Flutter Mane|confusion\n|-damage|p2a: Flutter Mane|48\/100|[from] confusion\n|move|p2b: Wo-Chien|Pollen Puff|p2a: Flutter Mane\n|-heal|p2a: Flutter Mane|98\/100\n|move|p1a: Iron Hands|Thunder Punch|p2a: Flutter Mane\n|-damage|p2a: Flutter Mane|49\/100\n|\n|-weather|RainDance|[upkeep]\n|-heal|p2b: Wo-Chien|71\/100|[from] item: Leftovers\n|upkeep\n|turn|8\n|\n|t:|1682284403\n|-activate|p2a: Flutter Mane|confusion\n|move|p2a: Flutter Mane|Protect|p2a: Flutter Mane\n|-singleturn|p2a: Flutter Mane|Protect\n|move|p1b: Pelipper|Wide Guard|p1b: Pelipper\n|-singleturn|p1b: Pelipper|Wide Guard\n|move|p2b: Wo-Chien|Leech Seed|p1a: Iron Hands\n|-immune|p1a: Iron Hands\n|move|p1a: Iron Hands|Drain Punch|p2b: Wo-Chien\n|-supereffective|p2b: Wo-Chien\n|-damage|p2b: Wo-Chien|33\/100\n|-heal|p1a: Iron Hands|76\/100|[from] drain|[of] p2b: Wo-Chien\n|\n|-weather|RainDance|[upkeep]\n|-heal|p2b: Wo-Chien|39\/100|[from] item: Leftovers\n|upkeep\n|turn|9\n|\n|t:|1682284422\n|move|p1b: Pelipper|Helping Hand|p1a: Iron Hands\n|-singleturn|p1a: Iron Hands|Helping Hand|[of] p1b: Pelipper\n|-activate|p2a: Flutter Mane|confusion\n|-damage|p2a: Flutter Mane|40\/100|[from] confusion\n|move|p2b: Wo-Chien|Pollen Puff|p2a: Flutter Mane\n|-heal|p2a: Flutter Mane|90\/100\n|move|p1a: Iron Hands|Thunder Punch|p2a: Flutter Mane\n|-damage|p2a: Flutter Mane|16\/100\n|\n|-weather|none\n|-heal|p2b: Wo-Chien|45\/100|[from] item: Leftovers\n|upkeep\n|turn|10\n|\n|t:|1682284437\n|-end|p2a: Flutter Mane|confusion\n|move|p2a: Flutter Mane|Moonblast|p1b: Pelipper\n|-damage|p1b: Pelipper|0 fnt\n|faint|p1b: Pelipper\n|move|p2b: Wo-Chien|Pollen Puff|p2a: Flutter Mane\n|-heal|p2a: Flutter Mane|66\/100\n|move|p1a: Iron Hands|Drain Punch|p2b: Wo-Chien\n|-supereffective|p2b: Wo-Chien\n|-damage|p2b: Wo-Chien|11\/100\n|-heal|p1a: Iron Hands|90\/100|[from] drain|[of] p2b: Wo-Chien\n|\n|-heal|p2b: Wo-Chien|17\/100|[from] item: Leftovers\n|upkeep\n|\n|t:|1682284443\n|switch|p1b: OG FLIPPER|Palafin-Hero, L50, F|100\/100\n|turn|11\n|\n|t:|1682284453\n|move|p2a: Flutter Mane|Moonblast|p1b: OG FLIPPER\n|-damage|p1b: OG FLIPPER|37\/100\n|move|p1b: OG FLIPPER|Wave Crash|p2a: Flutter Mane\n|-damage|p2a: Flutter Mane|0 fnt\n|faint|p2a: Flutter Mane\n|-end|p2a: Flutter Mane|Protosynthesis|[silent]\n|-damage|p1b: OG FLIPPER|23\/100|[from] Recoil\n|move|p2b: Wo-Chien|Pollen Puff|p2: Flutter Mane|[notarget]\n|-fail|p2b: Wo-Chien\n|move|p1a: Iron Hands|Drain Punch|p2b: Wo-Chien\n|-supereffective|p2b: Wo-Chien\n|-damage|p2b: Wo-Chien|0 fnt\n|-heal|p1a: Iron Hands|97\/100|[from] drain|[of] p2b: Wo-Chien\n|faint|p2b: Wo-Chien\n|\n|win|mzmzmzbaby\n|raw|mzmzmzbaby's rating: 1283 → 1306<\/strong> (+23 for winning)\n|raw|Verdas1128's rating: 1259 → 1236<\/strong> (-23 for losing)\n|l|\u2606Verdas1128\n","uploadtime":1682284460,"views":12,"p1id":"mzmzmzbaby","p2id":"verdas1128","formatid":"gen9vgc2023regulationc","rating":1236,"private":0,"password":""}