{"id":"gen9vgc2023regulationc-1856776796","p1":"Morpher678","p2":"NoahMP3","format":"[Gen 9] VGC 2023 Regulation C","log":"|j|\u2606Morpher678\n|j|\u2606NoahMP3\n|t:|1683109786\n|gametype|doubles\n|player|p1|Morpher678|170|1077\n|player|p2|NoahMP3|chuck|1144\n|teamsize|p1|6\n|teamsize|p2|6\n|gen|9\n|tier|[Gen 9] VGC 2023 Regulation C\n|rated|\n|rule|Species Clause: Limit one of each Pok\u00e9mon\n|rule|Item Clause: Limit one of each item\n|clearpoke\n|poke|p1|Amoonguss, L50, M|\n|poke|p1|Palafin, L50, M|\n|poke|p1|Arcanine, L50, F|\n|poke|p1|Flutter Mane, L50|\n|poke|p1|Dragonite, L50, M|\n|poke|p1|Kingambit, L50, F|\n|poke|p2|Hatterene, L50, F|\n|poke|p2|Indeedee-F, L50, F|\n|poke|p2|Hariyama, L50, M|\n|poke|p2|Oranguru, L50, M|\n|poke|p2|Torkoal, L50, M|\n|poke|p2|Brute Bonnet, L50|\n|teampreview|4\n|inactive|Battle timer is ON: inactive players will automatically lose when time's up. (requested by NoahMP3)\n|inactive|Morpher678 has 60 seconds left.\n|inactive|Morpher678 has 30 seconds left.\n|\n|t:|1683109849\n|start\n|switch|p1a: Dragonite|Dragonite, L50, M|100\/100\n|switch|p1b: Kingambit|Kingambit, L50, F|100\/100\n|switch|p2a: Indeedee|Indeedee-F, L50, F|100\/100\n|switch|p2b: Brute Bonnet|Brute Bonnet, L50|100\/100\n|-fieldstart|move: Psychic Terrain|[from] ability: Psychic Surge|[of] p2a: Indeedee\n|turn|1\n|inactive|Morpher678 has 30 seconds left.\n|\n|t:|1683109881\n|move|p2a: Indeedee|Follow Me|p2a: Indeedee\n|-singleturn|p2a: Indeedee|move: Follow Me\n|move|p1a: Dragonite|Ice Spinner|p2a: Indeedee\n|-damage|p2a: Indeedee|62\/100\n|-fieldend|move: Psychic Terrain\n|move|p2b: Brute Bonnet|Close Combat|p1b: Kingambit\n|-supereffective|p1b: Kingambit\n|-damage|p1b: Kingambit|0 fnt\n|-unboost|p2b: Brute Bonnet|def|1\n|-unboost|p2b: Brute Bonnet|spd|1\n|faint|p1b: Kingambit\n|\n|upkeep\n|\n|t:|1683109894\n|switch|p1b: Amoonguss|Amoonguss, L50, M|100\/100\n|turn|2\n|\n|t:|1683109911\n|switch|p2a: Hatterene|Hatterene, L50, F|100\/100\n|-end|p2b: Brute Bonnet|Protosynthesis|[silent]\n|switch|p2b: Torkoal|Torkoal, L50, M|100\/100\n|-weather|SunnyDay|[from] ability: Drought|[of] p2b: Torkoal\n|move|p1a: Dragonite|Ice Spinner|p2b: Torkoal\n|-resisted|p2b: Torkoal\n|-damage|p2b: Torkoal|89\/100\n|move|p1b: Amoonguss|Spore|p2a: Hatterene\n|move|p2a: Hatterene|Spore|p1b: Amoonguss|[from]ability: Magic Bounce\n|-immune|p1b: Amoonguss\n|\n|-weather|SunnyDay|[upkeep]\n|upkeep\n|turn|3\n|inactive|Morpher678 has 30 seconds left.\n|inactive|NoahMP3 has 30 seconds left.\n|\n|t:|1683109939\n|-terastallize|p2a: Hatterene|Water\n|move|p1a: Dragonite|Earthquake|p2b: Torkoal|[spread] p1b,p2a,p2b\n|-supereffective|p2b: Torkoal\n|-damage|p1b: Amoonguss|78\/100\n|-damage|p2a: Hatterene|74\/100\n|-damage|p2b: Torkoal|43\/100\n|move|p1b: Amoonguss|Spore|p2b: Torkoal\n|-status|p2b: Torkoal|slp|[from] move: Spore\n|cant|p2b: Torkoal|slp\n|move|p2a: Hatterene|Trick Room|p2a: Hatterene\n|-fieldstart|move: Trick Room|[of] p2a: Hatterene\n|\n|-weather|SunnyDay|[upkeep]\n|upkeep\n|turn|4\n|\n|t:|1683109961\n|switch|p2b: Brute Bonnet|Brute Bonnet, L50|100\/100\n|-activate|p2b: Brute Bonnet|ability: Protosynthesis\n|-start|p2b: Brute Bonnet|protosynthesisatk\n|move|p1b: Amoonguss|Protect|p1b: Amoonguss\n|-singleturn|p1b: Amoonguss|Protect\n|move|p2a: Hatterene|Psyshock|p1b: Amoonguss\n|-activate|p1b: Amoonguss|move: Protect\n|move|p1a: Dragonite|Earthquake|p2b: Brute Bonnet|[spread] p2a,p2b\n|-activate|p1b: Amoonguss|move: Protect\n|-crit|p2a: Hatterene\n|-resisted|p2b: Brute Bonnet\n|-damage|p2a: Hatterene|30\/100\n|-damage|p2b: Brute Bonnet|88\/100\n|\n|-weather|SunnyDay|[upkeep]\n|upkeep\n|turn|5\n|inactive|Morpher678 has 30 seconds left.\n|inactive|NoahMP3 has 30 seconds left.\n|inactive|Morpher678 has 20 seconds left.\n|inactive|Morpher678 has 15 seconds left.\n|\n|t:|1683110002\n|move|p2a: Hatterene|Psyshock|p1b: Amoonguss\n|-supereffective|p1b: Amoonguss\n|-damage|p1b: Amoonguss|0 fnt\n|faint|p1b: Amoonguss\n|-damage|p2a: Hatterene|20\/100|[from] item: Life Orb\n|move|p2b: Brute Bonnet|Crunch|p1a: Dragonite\n|-damage|p1a: Dragonite|54\/100\n|move|p1a: Dragonite|Ice Spinner|p2b: Brute Bonnet\n|-supereffective|p2b: Brute Bonnet\n|-damage|p2b: Brute Bonnet|26\/100\n|\n|-weather|SunnyDay|[upkeep]\n|upkeep\n|\n|t:|1683110014\n|switch|p1b: Palafin|Palafin, L50, M|100\/100\n|turn|6\n|\n|t:|1683110027\n|switch|p2a: Indeedee|Indeedee-F, L50, F|62\/100\n|-fieldstart|move: Psychic Terrain|[from] ability: Psychic Surge|[of] p2a: Indeedee\n|move|p1a: Dragonite|Protect|p1a: Dragonite\n|-singleturn|p1a: Dragonite|Protect\n|move|p1b: Palafin|Protect|p1b: Palafin\n|-singleturn|p1b: Palafin|Protect\n|move|p2b: Brute Bonnet|Crunch|p1a: Dragonite\n|-activate|p1a: Dragonite|move: Protect\n|\n|-weather|none\n|-end|p2b: Brute Bonnet|Protosynthesis\n|upkeep\n|turn|7\n|\n|t:|1683110045\n|move|p2b: Brute Bonnet|Crunch|p1a: Dragonite\n|-damage|p1a: Dragonite|0 fnt\n|faint|p1a: Dragonite\n|move|p2a: Indeedee|Dazzling Gleam|p1b: Palafin\n|-damage|p1b: Palafin|77\/100\n|move|p1b: Palafin|Wave Crash|p2a: Indeedee\n|-damage|p2a: Indeedee|0 fnt\n|faint|p2a: Indeedee\n|-damage|p1b: Palafin|60\/100|[from] Recoil\n|\n|-fieldend|move: Trick Room\n|upkeep\n|\n|t:|1683110056\n|switch|p2a: Torkoal|Torkoal, L50, M|43\/100 slp\n|-weather|SunnyDay|[from] ability: Drought|[of] p2a: Torkoal\n|-activate|p2b: Brute Bonnet|ability: Protosynthesis\n|-start|p2b: Brute Bonnet|protosynthesisatk\n|turn|8\n|\n|t:|1683110081\n|-terastallize|p1b: Palafin|Water\n|move|p1b: Palafin|Wave Crash|p2b: Brute Bonnet\n|-resisted|p2b: Brute Bonnet\n|-damage|p2b: Brute Bonnet|8\/100\n|-damage|p1b: Palafin|54\/100|[from] Recoil\n|move|p2b: Brute Bonnet|Crunch|p1b: Palafin\n|-damage|p1b: Palafin|0 fnt\n|faint|p1b: Palafin\n|\n|win|NoahMP3\n|raw|Morpher678's rating: 1077 → 1060<\/strong> (-17 for losing)\n|raw|NoahMP3's rating: 1144 → 1164<\/strong> (+20 for winning)\n","uploadtime":1683110090,"views":11,"p1id":"morpher678","p2id":"noahmp3","formatid":"gen9vgc2023regulationc","rating":1060,"private":0,"password":""}