{"id":"gen9vgc2023regulationc-1847486692","p1":"RagnaC","p2":"Emberbloom","format":"[Gen 9] VGC 2023 Regulation C","log":"|j|\u2606RagnaC\n|j|\u2606Emberbloom\n|t:|1681961243\n|gametype|doubles\n|player|p1|RagnaC|red|1497\n|player|p2|Emberbloom|flannery|1419\n|teamsize|p1|6\n|teamsize|p2|6\n|gen|9\n|tier|[Gen 9] VGC 2023 Regulation C\n|rated|\n|rule|Species Clause: Limit one of each Pok\u00e9mon\n|rule|Item Clause: Limit one of each item\n|clearpoke\n|poke|p1|Great Tusk, L50|\n|poke|p1|Dragonite, L50, M|\n|poke|p1|Chien-Pao, L50|\n|poke|p1|Flutter Mane, L50|\n|poke|p1|Kingambit, L50, F|\n|poke|p1|Gyarados, L50, F|\n|poke|p2|Corviknight, L50, F|\n|poke|p2|Tyranitar, L50, M|\n|poke|p2|Garchomp, L50, F|\n|poke|p2|Gyarados, L50, F|\n|poke|p2|Amoonguss, L50, F|\n|poke|p2|Iron Hands, L50|\n|teampreview|4\n|inactive|Battle timer is ON: inactive players will automatically lose when time's up. (requested by RagnaC)\nRagnaC has agreed to open team sheets.\nEmberbloom has agreed to open team sheets.\n|inactive|RagnaC has 60 seconds left.\n|inactive|Emberbloom has 60 seconds left.\n|inactive|Emberbloom has 30 seconds left.\n|\n|t:|1681961310\n|start\n|switch|p1a: Chien-Pao|Chien-Pao, L50|100\/100\n|switch|p1b: Dragonite|Dragonite, L50, M|100\/100\n|switch|p2a: Corviknight|Corviknight, L50, F|100\/100\n|switch|p2b: Iron Hands|Iron Hands, L50|100\/100\n|-ability|p1a: Chien-Pao|Sword of Ruin\n|turn|1\n|\n|t:|1681961329\n|-terastallize|p1b: Dragonite|Normal\n|move|p1a: Chien-Pao|Protect|p1a: Chien-Pao\n|-singleturn|p1a: Chien-Pao|Protect\n|move|p1b: Dragonite|Extreme Speed|p2b: Iron Hands\n|-damage|p2b: Iron Hands|40\/100\n|move|p2a: Corviknight|Tailwind|p2a: Corviknight\n|-sidestart|p2: Emberbloom|move: Tailwind\n|move|p2b: Iron Hands|Swords Dance|p2b: Iron Hands\n|-boost|p2b: Iron Hands|atk|2\n|\n|upkeep\n|turn|2\n|\n|t:|1681961348\n|move|p2b: Iron Hands|Protect|p2b: Iron Hands\n|-singleturn|p2b: Iron Hands|Protect\n|move|p1b: Dragonite|Extreme Speed|p2b: Iron Hands\n|-activate|p2b: Iron Hands|move: Protect\n|move|p2a: Corviknight|Iron Head|p1a: Chien-Pao\n|-supereffective|p1a: Chien-Pao\n|-damage|p1a: Chien-Pao|35\/100\n|cant|p1a: Chien-Pao|flinch\n|\n|upkeep\n|turn|3\n|\n|t:|1681961367\n|-end|p2b: Iron Hands|Quark Drive|[silent]\n|switch|p2b: Amoonguss|Amoonguss, L50, F|100\/100\n|move|p1b: Dragonite|Extreme Speed|p2b: Amoonguss\n|-damage|p2b: Amoonguss|25\/100\n|-damage|p1b: Dragonite|84\/100|[from] item: Rocky Helmet|[of] p2b: Amoonguss\n|move|p1a: Chien-Pao|Sucker Punch|p2a: Corviknight\n|-damage|p2a: Corviknight|62\/100\n|move|p2a: Corviknight|Brave Bird|p1b: Dragonite\n|-damage|p1b: Dragonite|34\/100\n|-damage|p2a: Corviknight|47\/100|[from] Recoil\n|\n|upkeep\n|turn|4\n|inactive|Emberbloom has 30 seconds left.\n|\n|t:|1681961402\n|switch|p1b: Kingambit|Kingambit, L50, F|100\/100\n|switch|p2b: Iron Hands|Iron Hands, L50|40\/100\n|move|p1a: Chien-Pao|Protect|p1a: Chien-Pao\n|-singleturn|p1a: Chien-Pao|Protect\n|move|p2a: Corviknight|Taunt|p1a: Chien-Pao\n|-activate|p1a: Chien-Pao|move: Protect\n|\n|-sideend|p2: Emberbloom|move: Tailwind\n|upkeep\n|turn|5\n|\n|t:|1681961425\n|switch|p1b: Gyarados|Gyarados, L50, F|100\/100\n|-ability|p1b: Gyarados|Intimidate|boost\n|-ability|p2a: Corviknight|Mirror Armor\n|-unboost|p1b: Gyarados|atk|1\n|-unboost|p2b: Iron Hands|atk|1\n|move|p1a: Chien-Pao|Ice Spinner|p2a: Corviknight\n|-damage|p2a: Corviknight|8\/100\n|move|p2a: Corviknight|Tailwind|p2a: Corviknight\n|-sidestart|p2: Emberbloom|move: Tailwind\n|move|p2b: Iron Hands|Drain Punch|p1b: Gyarados\n|-resisted|p1b: Gyarados\n|-damage|p1b: Gyarados|79\/100\n|-heal|p2b: Iron Hands|49\/100|[from] drain|[of] p1b: Gyarados\n|\n|upkeep\n|turn|6\n|inactive|RagnaC has 30 seconds left.\n|inactive|RagnaC has 20 seconds left.\n|inactive|RagnaC has 15 seconds left.\n|\n|t:|1681961468\n|switch|p2a: Amoonguss|Amoonguss, L50, F|58\/100\n|move|p1a: Chien-Pao|Sucker Punch||[still]\n|-fail|p1a: Chien-Pao\n|move|p2b: Iron Hands|Swords Dance|p2b: Iron Hands\n|-boost|p2b: Iron Hands|atk|2\n|move|p1b: Gyarados|Waterfall|p2b: Iron Hands\n|-damage|p2b: Iron Hands|25\/100\n|\n|upkeep\n|turn|7\n|\n|t:|1681961488\n|move|p2b: Iron Hands|Protect|p2b: Iron Hands\n|-singleturn|p2b: Iron Hands|Protect\n|move|p1a: Chien-Pao|Ice Spinner|p2b: Iron Hands\n|-activate|p2b: Iron Hands|move: Protect\n|move|p1b: Gyarados|Taunt|p2a: Amoonguss\n|-start|p2a: Amoonguss|move: Taunt\n|cant|p2a: Amoonguss|move: Taunt|Spore\n|\n|upkeep\n|turn|8\n|\n|t:|1681961506\n|switch|p2a: Corviknight|Corviknight, L50, F|8\/100\n|move|p1a: Chien-Pao|Ice Spinner|p2a: Corviknight\n|-damage|p2a: Corviknight|0 fnt\n|faint|p2a: Corviknight\n|move|p2b: Iron Hands|Thunder Punch|p1b: Gyarados\n|-supereffective|p1b: Gyarados\n|-damage|p1b: Gyarados|0 fnt\n|faint|p1b: Gyarados\n|\n|-sideend|p2: Emberbloom|move: Tailwind\n|upkeep\n|\n|t:|1681961521\n|switch|p1b: Dragonite|Dragonite, L50, M, tera:Normal|34\/100\n|switch|p2a: Amoonguss|Amoonguss, L50, F|91\/100\n|turn|9\n|\n|t:|1681961534\n|move|p1b: Dragonite|Extreme Speed|p2a: Amoonguss\n|-damage|p2a: Amoonguss|20\/100\n|-damage|p1b: Dragonite|18\/100|[from] item: Rocky Helmet|[of] p2a: Amoonguss\n|move|p2a: Amoonguss|Rage Powder|p2a: Amoonguss\n|-singleturn|p2a: Amoonguss|move: Rage Powder\n|move|p1a: Chien-Pao|Ice Spinner|p2a: Amoonguss\n|-supereffective|p2a: Amoonguss\n|-damage|p2a: Amoonguss|0 fnt\n|-damage|p1a: Chien-Pao|19\/100|[from] item: Rocky Helmet|[of] p2a: Amoonguss\n|faint|p2a: Amoonguss\n|move|p2b: Iron Hands|Drain Punch|p1b: Dragonite\n|-supereffective|p1b: Dragonite\n|-damage|p1b: Dragonite|0 fnt\n|-heal|p2b: Iron Hands|32\/100|[from] drain|[of] p1b: Dragonite\n|faint|p1b: Dragonite\n|\n|upkeep\n|\n|t:|1681961541\n|switch|p1b: Kingambit|Kingambit, L50, F|100\/100\n|switch|p2a: Garchomp|Garchomp, L50, F|100\/100\n|turn|10\n|\n|t:|1681961565\n|move|p1a: Chien-Pao|Protect|p1a: Chien-Pao\n|-singleturn|p1a: Chien-Pao|Protect\n|move|p2b: Iron Hands|Protect|p2b: Iron Hands\n|-singleturn|p2b: Iron Hands|Protect\n|move|p2a: Garchomp|Earthquake|p1b: Kingambit|[spread] p1b\n|-activate|p2b: Iron Hands|move: Protect\n|-activate|p1a: Chien-Pao|move: Protect\n|-supereffective|p1b: Kingambit\n|-damage|p1b: Kingambit|0 fnt\n|faint|p1b: Kingambit\n|-damage|p2a: Garchomp|91\/100|[from] item: Life Orb\n|\n|upkeep\n|turn|11\n|-message|RagnaC forfeited.\n|\n|win|Emberbloom\n|raw|RagnaC's rating: 1497 → 1473<\/strong> (-24 for losing)\n|raw|Emberbloom's rating: 1419 → 1443<\/strong> (+24 for winning)\n|l|\u2606RagnaC\n","uploadtime":1681961598,"views":10,"p1id":"ragnac","p2id":"emberbloom","formatid":"gen9vgc2023regulationc","rating":1443,"private":0,"password":""}