{"id":"gen9vgc2023regulationc-1857176818","p1":"rudyxkam","p2":"dorom","format":"[Gen 9] VGC 2023 Regulation C","log":"|j|\u2606rudyxkam\n|j|\u2606dorom\n|t:|1683154291\n|gametype|doubles\n|player|p1|rudyxkam|gardenia|1137\n|player|p2|dorom|madame|1128\n|teamsize|p1|6\n|teamsize|p2|6\n|gen|9\n|tier|[Gen 9] VGC 2023 Regulation C\n|rated|\n|rule|Species Clause: Limit one of each Pok\u00e9mon\n|rule|Item Clause: Limit one of each item\n|clearpoke\n|poke|p1|Gyarados, L50, F|\n|poke|p1|Talonflame, L50, M|\n|poke|p1|Baxcalibur, L50, F|\n|poke|p1|Corviknight, L50, M|\n|poke|p1|Ting-Lu, L50|\n|poke|p1|Flutter Mane, L50|\n|poke|p2|Cyclizar, L50, M|\n|poke|p2|Farigiraf, L50, M|\n|poke|p2|Scizor, L50, M|\n|poke|p2|Iron Hands, L50|\n|poke|p2|Noivern, L50, F|\n|poke|p2|Polteageist-Antique, L50|\n|teampreview|4\n|inactive|Battle timer is ON: inactive players will automatically lose when time's up. (requested by rudyxkam)\nrudyxkam has agreed to open team sheets.\n|c|\u2606rudyxkam|glhf!\n|inactive|rudyxkam has 60 seconds left.\n|inactive|rudyxkam has 30 seconds left.\n|\n|t:|1683154355\n|start\n|switch|p1a: Gigan|Corviknight, L50, M, shiny|100\/100\n|switch|p1b: Sker|Ting-Lu, L50|100\/100\n|switch|p2a: Pokemon 5D's|Cyclizar, L50, M|100\/100\n|switch|p2b: Necks Level|Farigiraf, L50, M, shiny|100\/100\n|-ability|p1b: Sker|Vessel of Ruin\n|turn|1\n|inactive|rudyxkam has 30 seconds left.\n|\n|t:|1683154382\n|move|p2a: Pokemon 5D's|Shed Tail|p2a: Pokemon 5D's\n|-start|p2a: Pokemon 5D's|Substitute|[from] move: Shed Tail\n|-damage|p2a: Pokemon 5D's|50\/100\n|\n|t:|1683154388\n|switch|p2a: High Three|Iron Hands, L50|100\/100|[from] Shed Tail\n|move|p1a: Gigan|Bulk Up|p1a: Gigan\n|-boost|p1a: Gigan|atk|1\n|-boost|p1a: Gigan|def|1\n|move|p1b: Sker|Bulldoze|p2b: Necks Level|[spread] p2a,p2b\n|-immune|p1a: Gigan\n|-supereffective|p2a: High Three\n|-end|p2a: High Three|Substitute\n|-damage|p2b: Necks Level|82\/100\n|-unboost|p2b: Necks Level|spe|1\n|move|p2b: Necks Level|Trick Room|p2b: Necks Level\n|-fieldstart|move: Trick Room|[of] p2b: Necks Level\n|\n|upkeep\n|turn|2\n|inactive|rudyxkam has 30 seconds left.\n|inactive|dorom has 30 seconds left.\n|inactive|rudyxkam has 20 seconds left.\n|inactive|dorom has 20 seconds left.\n|inactive|rudyxkam has 15 seconds left.\n|inactive|dorom has 15 seconds left.\n|inactive|dorom has 10 seconds left.\n|\n|t:|1683154436\n|-terastallize|p1a: Gigan|Dragon\n|move|p2b: Necks Level|Shadow Ball|p1a: Gigan\n|-damage|p1a: Gigan|81\/100\n|move|p2a: High Three|Thunder Punch|p1a: Gigan\n|-resisted|p1a: Gigan\n|-damage|p1a: Gigan|71\/100\n|move|p1b: Sker|Stomping Tantrum|p2a: High Three\n|-supereffective|p2a: High Three\n|-damage|p2a: High Three|65\/100\n|move|p1a: Gigan|Brave Bird|p2a: High Three\n|-crit|p2a: High Three\n|-damage|p2a: High Three|12\/100\n|-enditem|p2a: High Three|Sitrus Berry|[eat]\n|-heal|p2a: High Three|37\/100|[from] item: Sitrus Berry\n|-damage|p1a: Gigan|49\/100|[from] Recoil\n|\n|upkeep\n|turn|3\n|inactive|rudyxkam has 30 seconds left.\n|inactive|dorom has 30 seconds left.\n|inactive|rudyxkam has 20 seconds left.\n|inactive|rudyxkam has 15 seconds left.\n|inactive|rudyxkam has 10 seconds left.\n|\n|t:|1683154483\n|switch|p1b: Rodan|Talonflame, L50, M, shiny|100\/100\n|-terastallize|p2a: High Three|Fairy\n|move|p2b: Necks Level|Hyper Voice|p1a: Gigan|[spread] p1a,p1b\n|-damage|p1a: Gigan|18\/100\n|-damage|p1b: Rodan|48\/100\n|move|p2a: High Three|Play Rough|p1a: Gigan\n|-supereffective|p1a: Gigan\n|-damage|p1a: Gigan|0 fnt\n|faint|p1a: Gigan\n|\n|upkeep\n|\n|t:|1683154493\n|switch|p1a: Sker|Ting-Lu, L50|100\/100\n|-ability|p1a: Sker|Vessel of Ruin\n|turn|4\n|\n|t:|1683154516\n|move|p2b: Necks Level|Hyper Voice|p1a: Sker|[spread] p1a,p1b\n|-damage|p1a: Sker|89\/100\n|-damage|p1b: Rodan|4\/100\n|move|p2a: High Three|Play Rough|p1a: Sker\n|-supereffective|p1a: Sker\n|-damage|p1a: Sker|33\/100\n|move|p1a: Sker|Stomping Tantrum|p2a: High Three\n|-damage|p2a: High Three|20\/100\n|move|p1b: Rodan|Will-O-Wisp|p2a: High Three\n|-status|p2a: High Three|brn\n|\n|-damage|p2a: High Three|14\/100 brn|[from] brn\n|upkeep\n|turn|5\n|c|\u2606dorom|you too btw~\n|c|\u2606rudyxkam|gg!\n|inactive|rudyxkam has 30 seconds left.\n|-message|rudyxkam forfeited.\n|\n|win|dorom\n|raw|rudyxkam's rating: 1137 → 1111<\/strong> (-26 for losing)\n|raw|dorom's rating: 1128 → 1154<\/strong> (+26 for winning)\n","uploadtime":1683154550,"views":10,"p1id":"rudyxkam","p2id":"dorom","formatid":"gen9vgc2023regulationc","rating":1111,"private":0,"password":""}