{"id":"gen9vgc2023regulationc-1845987731","p1":"ee123","p2":"jdj95","format":"[Gen 9] VGC 2023 Regulation C","log":"|j|\u2606ee123\n|j|\u2606jdj95\n|t:|1681787741\n|gametype|doubles\n|player|p1|ee123|lady-gen4|1140\n|player|p2|jdj95|170|1184\n|teamsize|p1|6\n|teamsize|p2|6\n|gen|9\n|tier|[Gen 9] VGC 2023 Regulation C\n|rated|\n|rule|Species Clause: Limit one of each Pok\u00e9mon\n|rule|Item Clause: Limit one of each item\n|clearpoke\n|poke|p1|Amoonguss, L50, F|\n|poke|p1|Pelipper, L50, F|\n|poke|p1|Palafin, L50, M|\n|poke|p1|Barraskewda, L50, F|\n|poke|p1|Chien-Pao, L50|\n|poke|p1|Gholdengo, L50|\n|poke|p2|Wo-Chien, L50|\n|poke|p2|Glimmora, L50, M|\n|poke|p2|Sableye, L50, M|\n|poke|p2|Flutter Mane, L50|\n|poke|p2|Iron Bundle, L50|\n|poke|p2|Arcanine, L50, M|\n|teampreview|4\n|inactive|Battle timer is ON: inactive players will automatically lose when time's up. (requested by ee123)\n|inactive|jdj95 has 60 seconds left.\n|\n|t:|1681787780\n|start\n|switch|p1a: Palafin|Palafin, L50, M|100\/100\n|switch|p1b: Barraskewda|Barraskewda, L50, F|100\/100\n|switch|p2a: Glimmora|Glimmora, L50, M|100\/100\n|switch|p2b: Flutter Mane|Flutter Mane, L50|100\/100\n|turn|1\n|inactive|ee123 has 30 seconds left.\n|\n|t:|1681787812\n|-terastallize|p2a: Glimmora|Grass\n|move|p2b: Flutter Mane|Protect|p2b: Flutter Mane\n|-singleturn|p2b: Flutter Mane|Protect\n|move|p1b: Barraskewda|Protect|p1b: Barraskewda\n|-singleturn|p1b: Barraskewda|Protect\n|move|p1a: Palafin|Protect|p1a: Palafin\n|-singleturn|p1a: Palafin|Protect\n|move|p2a: Glimmora|Energy Ball|p1b: Barraskewda\n|-activate|p1b: Barraskewda|move: Protect\n|\n|upkeep\n|turn|2\n|\n|t:|1681787828\n|switch|p1b: Pelipper|Pelipper, L50, F|100\/100\n|-weather|RainDance|[from] ability: Drizzle|[of] p1b: Pelipper\n|-terastallize|p1a: Palafin|Water\n|move|p1a: Palafin|Jet Punch|p2b: Flutter Mane\n|-damage|p2b: Flutter Mane|0 fnt\n|faint|p2b: Flutter Mane\n|-end|p2b: Flutter Mane|Protosynthesis|[silent]\n|move|p2a: Glimmora|Energy Ball|p1a: Palafin\n|-supereffective|p1a: Palafin\n|-damage|p1a: Palafin|0 fnt\n|faint|p1a: Palafin\n|\n|-weather|RainDance|[upkeep]\n|upkeep\n|\n|t:|1681787848\n|switch|p2b: Arcanine|Arcanine, L50, M|100\/100\n|switch|p1a: Barraskewda|Barraskewda, L50, F|100\/100\n|-ability|p2b: Arcanine|Intimidate|boost\n|-unboost|p1a: Barraskewda|atk|1\n|-unboost|p1b: Pelipper|atk|1\n|turn|3\n|\n|t:|1681787856\n|move|p2b: Arcanine|Protect|p2b: Arcanine\n|-singleturn|p2b: Arcanine|Protect\n|move|p1a: Barraskewda|Liquidation|p2b: Arcanine\n|-activate|p2b: Arcanine|move: Protect\n|move|p2a: Glimmora|Energy Ball|p1a: Barraskewda\n|-supereffective|p1a: Barraskewda\n|-enditem|p1a: Barraskewda|Focus Sash\n|-damage|p1a: Barraskewda|1\/100\n|move|p1b: Pelipper|Hurricane|p2a: Glimmora\n|-supereffective|p2a: Glimmora\n|-damage|p2a: Glimmora|39\/100\n|-start|p2a: Glimmora|confusion\n|\n|-weather|RainDance|[upkeep]\n|upkeep\n|turn|4\n|\n|t:|1681787875\n|move|p2b: Arcanine|Extreme Speed|p1a: Barraskewda\n|-damage|p1a: Barraskewda|0 fnt\n|faint|p1a: Barraskewda\n|-activate|p2a: Glimmora|confusion\n|move|p2a: Glimmora|Power Gem|p1b: Pelipper\n|-supereffective|p1b: Pelipper\n|-damage|p1b: Pelipper|0 fnt\n|faint|p1b: Pelipper\n|\n|-weather|RainDance|[upkeep]\n|upkeep\n|\n|t:|1681787879\n|switch|p1b: Amoonguss|Amoonguss, L50, F|100\/100\n|turn|5\n|-message|ee123 forfeited.\n|\n|win|jdj95\n|raw|ee123's rating: 1140 → 1118<\/strong> (-22 for losing)\n|raw|jdj95's rating: 1184 → 1206<\/strong> (+22 for winning)\n|l|\u2606ee123\n","uploadtime":1681787885,"views":5,"p1id":"ee123","p2id":"jdj95","formatid":"gen9vgc2023regulationc","rating":1118,"private":0,"password":""}