{"id":"gen9vgc2023regulationc-1859612410","p1":"Titannexus","p2":"DARIUS I.B.","format":"[Gen 9] VGC 2023 Regulation C","log":"|j|\u2606Titannexus\n|j|\u2606DARIUS I.B.\n|t:|1683548775\n|gametype|doubles\n|player|p1|Titannexus|acetrainer-gen4|1423\n|player|p2|DARIUS I.B.|2|1534\n|teamsize|p1|6\n|teamsize|p2|6\n|gen|9\n|tier|[Gen 9] VGC 2023 Regulation C\n|rated|\n|rule|Species Clause: Limit one of each Pok\u00e9mon\n|rule|Item Clause: Limit one of each item\n|clearpoke\n|poke|p1|Ceruledge, L50, F|\n|poke|p1|Amoonguss, L50, M|\n|poke|p1|Kingambit, L50, M|\n|poke|p1|Palafin, L50, F|\n|poke|p1|Glimmora, L50, M|\n|poke|p1|Corviknight, L50, M|\n|poke|p2|Amoonguss, L50, M|\n|poke|p2|Palafin, L50, F|\n|poke|p2|Arcanine, L50, F|\n|poke|p2|Dragonite, L50, M|\n|poke|p2|Chien-Pao, L50|\n|poke|p2|Flutter Mane, L50|\n|teampreview|4\n|inactive|Battle timer is ON: inactive players will automatically lose when time's up. (requested by DARIUS I.B.)\n|inactive|Titannexus has 60 seconds left.\n|inactive|Titannexus has 30 seconds left.\n|inactive|Titannexus has 20 seconds left.\n|inactive|Titannexus has 15 seconds left.\n|inactive|Titannexus has 10 seconds left.\n|\n|t:|1683548896\n|start\n|switch|p1a: Glimmora|Glimmora, L50, M|100\/100\n|switch|p1b: Corviknight|Corviknight, L50, M|100\/100\n|switch|p2a: Palafin|Palafin, L50, F, shiny|100\/100\n|switch|p2b: Dragonite|Dragonite, L50, M|100\/100\n|turn|1\n|\n|t:|1683548921\n|detailschange|p2a: Palafin|Palafin-Hero, L50, F, shiny\n|switch|p2a: Chien-Pao|Chien-Pao, L50|100\/100\n|-ability|p2a: Chien-Pao|Sword of Ruin\n|move|p2b: Dragonite|Stomping Tantrum|p1a: Glimmora\n|-supereffective|p1a: Glimmora\n|-crit|p1a: Glimmora\n|-damage|p1a: Glimmora|0 fnt\n|-activate|p1a: Glimmora|ability: Toxic Debris\n|-sidestart|p2: DARIUS I.B.|move: Toxic Spikes\n|faint|p1a: Glimmora\n|move|p1b: Corviknight|Brave Bird|p2a: Chien-Pao\n|-damage|p2a: Chien-Pao|0 fnt\n|faint|p2a: Chien-Pao\n|-damage|p1b: Corviknight|73\/100|[from] Recoil\n|\n|upkeep\n|\n|t:|1683548944\n|switch|p2a: Flutter Mane|Flutter Mane, L50|100\/100\n|switch|p1a: Ceruledge|Ceruledge, L50, F|100\/100\n|-status|p2a: Flutter Mane|psn\n|turn|2\n|inactive|DARIUS I.B. has 30 seconds left.\n|inactive|DARIUS I.B. has 20 seconds left.\n|inactive|DARIUS I.B. has 15 seconds left.\n|\n|t:|1683548988\n|-terastallize|p1a: Ceruledge|Grass\n|move|p2a: Flutter Mane|Shadow Ball|p1a: Ceruledge\n|-damage|p1a: Ceruledge|55\/100\n|move|p2b: Dragonite|Stomping Tantrum|p1a: Ceruledge\n|-resisted|p1a: Ceruledge\n|-damage|p1a: Ceruledge|33\/100\n|move|p1a: Ceruledge|Swords Dance|p1a: Ceruledge\n|-boost|p1a: Ceruledge|atk|2\n|move|p1b: Corviknight|Brave Bird|p2b: Dragonite\n|-damage|p2b: Dragonite|13\/100\n|-damage|p1b: Corviknight|47\/100|[from] Recoil\n|\n|-damage|p2a: Flutter Mane|88\/100 psn|[from] psn\n|upkeep\n|turn|3\n|inactive|Titannexus has 30 seconds left.\n|inactive|DARIUS I.B. has 30 seconds left.\n|\n|t:|1683549020\n|switch|p2b: Palafin|Palafin-Hero, L50, F, shiny|100\/100\n|-status|p2b: Palafin|psn\n|-activate|p2b: Palafin|ability: Zero to Hero\n|move|p2a: Flutter Mane|Protect|p2a: Flutter Mane\n|-singleturn|p2a: Flutter Mane|Protect\n|move|p1a: Ceruledge|Protect|p1a: Ceruledge\n|-singleturn|p1a: Ceruledge|Protect\n|move|p1b: Corviknight|Brave Bird|p2b: Palafin\n|-damage|p2b: Palafin|29\/100 psn\n|-damage|p1b: Corviknight|21\/100|[from] Recoil\n|\n|-damage|p2a: Flutter Mane|76\/100 psn|[from] psn\n|-damage|p2b: Palafin|17\/100 psn|[from] psn\n|upkeep\n|turn|4\n|\n|t:|1683549041\n|move|p2b: Palafin|Jet Punch|p1b: Corviknight\n|-damage|p1b: Corviknight|0 fnt\n|faint|p1b: Corviknight\n|move|p2a: Flutter Mane|Moonblast|p1a: Ceruledge\n|-damage|p1a: Ceruledge|0 fnt\n|faint|p1a: Ceruledge\n|\n|-damage|p2a: Flutter Mane|64\/100 psn|[from] psn\n|-damage|p2b: Palafin|4\/100 psn|[from] psn\n|upkeep\n|\n|t:|1683549047\n|switch|p1b: Kingambit|Kingambit, L50, M|100\/100\n|turn|5\n|\n|t:|1683549062\n|-terastallize|p2a: Flutter Mane|Fairy\n|move|p1b: Kingambit|Protect|p1b: Kingambit\n|-singleturn|p1b: Kingambit|Protect\n|move|p2b: Palafin|Jet Punch|p1b: Kingambit\n|-activate|p1b: Kingambit|move: Protect\n|move|p2a: Flutter Mane|Moonblast|p1b: Kingambit\n|-activate|p1b: Kingambit|move: Protect\n|\n|-damage|p2a: Flutter Mane|52\/100 psn|[from] psn\n|-damage|p2b: Palafin|0 fnt|[from] psn\n|faint|p2b: Palafin\n|upkeep\n|j| SamMap\n|\n|t:|1683549074\n|switch|p2b: Dragonite|Dragonite, L50, M|13\/100\n|turn|6\n|inactive|DARIUS I.B. has 30 seconds left.\n|\n|t:|1683549103\n|move|p2b: Dragonite|Extreme Speed|p1b: Kingambit\n|-resisted|p1b: Kingambit\n|-damage|p1b: Kingambit|85\/100\n|move|p1b: Kingambit|Sucker Punch|p2a: Flutter Mane\n|-resisted|p2a: Flutter Mane\n|-damage|p2a: Flutter Mane|8\/100 psn\n|move|p2a: Flutter Mane|Moonblast|p1b: Kingambit\n|-damage|p1b: Kingambit|19\/100\n|\n|-damage|p2a: Flutter Mane|0 fnt|[from] psn\n|faint|p2a: Flutter Mane\n|-end|p2a: Flutter Mane|Protosynthesis|[silent]\n|upkeep\n|turn|7\n|\n|t:|1683549122\n|move|p2b: Dragonite|Extreme Speed|p1b: Kingambit\n|-resisted|p1b: Kingambit\n|-damage|p1b: Kingambit|4\/100\n|move|p1b: Kingambit|Kowtow Cleave|p2b: Dragonite\n|-damage|p2b: Dragonite|0 fnt\n|faint|p2b: Dragonite\n|\n|win|Titannexus\n|raw|Titannexus's rating: 1423 → 1449<\/strong> (+26 for winning)\n|raw|DARIUS I.B.'s rating: 1534 → 1508<\/strong> (-26 for losing)\n","uploadtime":1683549135,"views":8,"p1id":"titannexus","p2id":"dariusib","formatid":"gen9vgc2023regulationc","rating":1449,"private":0,"password":""}