{"id":"gen9vgc2023regulationc-1846108377","p1":"Shine Blanco","p2":"Dr_McKey","format":"[Gen 9] VGC 2023 Regulation C","log":"|j|\u2606Shine Blanco\n|j|\u2606Dr_McKey\n|t:|1681807565\n|gametype|doubles\n|player|p1|Shine Blanco|265|1128\n|player|p2|Dr_McKey|koga|1050\n|teamsize|p1|6\n|teamsize|p2|6\n|gen|9\n|tier|[Gen 9] VGC 2023 Regulation C\n|rated|\n|rule|Species Clause: Limit one of each Pok\u00e9mon\n|rule|Item Clause: Limit one of each item\n|clearpoke\n|poke|p1|Palafin, L50, M|\n|poke|p1|Flutter Mane, L50|\n|poke|p1|Arcanine, L50, M|\n|poke|p1|Amoonguss, L50, F|\n|poke|p1|Ting-Lu, L50|\n|poke|p1|Roaring Moon, L50|\n|poke|p2|Toxapex, L50, F|\n|poke|p2|Gengar, L50, F|\n|poke|p2|Glimmora, L50, M|\n|poke|p2|Iron Moth, L50|\n|poke|p2|Grafaiai, L50, F|\n|poke|p2|Amoonguss, L50, F|\n|teampreview|4\n|\n|t:|1681807613\n|start\n|switch|p1a: Amoonguss|Amoonguss, L50, F|100\/100\n|switch|p1b: Roaring Moon|Roaring Moon, L50|100\/100\n|switch|p2a: Glimmora|Glimmora, L50, M, shiny|100\/100\n|switch|p2b: Toxapex|Toxapex, L50, F, shiny|100\/100\n|-enditem|p1b: Roaring Moon|Booster Energy\n|-activate|p1b: Roaring Moon|ability: Protosynthesis|[fromitem]\n|-start|p1b: Roaring Moon|protosynthesisatk\n|turn|1\n|\n|t:|1681807641\n|move|p1a: Amoonguss|Rage Powder|p1a: Amoonguss\n|-singleturn|p1a: Amoonguss|move: Rage Powder\n|move|p1b: Roaring Moon|Dragon Dance|p1b: Roaring Moon\n|-boost|p1b: Roaring Moon|atk|1\n|-boost|p1b: Roaring Moon|spe|1\n|move|p2a: Glimmora|Mortal Spin|p1a: Amoonguss|[spread] p1a,p1b\n|-damage|p1a: Amoonguss|96\/100\n|-damage|p1b: Roaring Moon|95\/100\n|-status|p1a: Amoonguss|psn\n|-status|p1b: Roaring Moon|psn\n|move|p2b: Toxapex|Chilling Water|p1a: Amoonguss\n|-resisted|p1a: Amoonguss\n|-damage|p1a: Amoonguss|92\/100 psn\n|-unboost|p1a: Amoonguss|atk|1\n|\n|-damage|p1b: Roaring Moon|83\/100 psn|[from] psn\n|-damage|p1a: Amoonguss|80\/100 psn|[from] psn\n|upkeep\n|turn|2\n|\n|t:|1681807666\n|move|p2a: Glimmora|Spiky Shield|p2a: Glimmora\n|-singleturn|p2a: Glimmora|move: Protect\n|move|p1a: Amoonguss|Rage Powder|p1a: Amoonguss\n|-singleturn|p1a: Amoonguss|move: Rage Powder\n|move|p1b: Roaring Moon|Throat Chop|p2a: Glimmora\n|-activate|p2a: Glimmora|move: Protect\n|-damage|p1b: Roaring Moon|70\/100 psn|[from] Spiky Shield|[of] p2a: Glimmora\n|move|p2b: Toxapex|Haze|p2b: Toxapex\n|-clearallboost\n|\n|-damage|p1b: Roaring Moon|58\/100 psn|[from] psn\n|-damage|p1a: Amoonguss|68\/100 psn|[from] psn\n|upkeep\n|turn|3\n|\n|t:|1681807690\n|move|p1b: Roaring Moon|Throat Chop|p2a: Glimmora\n|-damage|p2a: Glimmora|46\/100\n|-start|p2a: Glimmora|Throat Chop|[silent]\n|-damage|p1b: Roaring Moon|42\/100 psn|[from] item: Rocky Helmet|[of] p2a: Glimmora\n|move|p2a: Glimmora|Power Gem|p1b: Roaring Moon\n|-damage|p1b: Roaring Moon|2\/100 psn\n|move|p2b: Toxapex|Toxic Spikes|p1a: Amoonguss\n|-sidestart|p1: Shine Blanco|move: Toxic Spikes\n|move|p1a: Amoonguss|Pollen Puff|p1b: Roaring Moon\n|-heal|p1b: Roaring Moon|52\/100 psn\n|\n|-damage|p1b: Roaring Moon|39\/100 psn|[from] psn\n|-damage|p1a: Amoonguss|56\/100 psn|[from] psn\n|upkeep\n|turn|4\n|\n|t:|1681807716\n|-end|p1b: Roaring Moon|Protosynthesis|[silent]\n|switch|p1b: Ting-Lu|Ting-Lu, L50|100\/100\n|-status|p1b: Ting-Lu|psn\n|-ability|p1b: Ting-Lu|Vessel of Ruin\n|move|p2a: Glimmora|Spiky Shield|p2a: Glimmora\n|-singleturn|p2a: Glimmora|move: Protect\n|move|p2b: Toxapex|Toxic Spikes|p1b: Ting-Lu\n|-sidestart|p1: Shine Blanco|move: Toxic Spikes\n|move|p1a: Amoonguss|Spore|p2b: Toxapex\n|-status|p2b: Toxapex|slp|[from] move: Spore\n|\n|-damage|p1b: Ting-Lu|88\/100 psn|[from] psn\n|-damage|p1a: Amoonguss|43\/100 psn|[from] psn\n|-end|p2a: Glimmora|Throat Chop|[silent]\n|upkeep\n|-enditem|p1a: Amoonguss|Sitrus Berry|[eat]\n|-heal|p1a: Amoonguss|68\/100 psn|[from] item: Sitrus Berry\n|turn|5\n|\n|t:|1681807743\n|switch|p1a: Arcanine|Arcanine, L50, M|100\/100\n|-status|p1a: Arcanine|tox\n|-ability|p1a: Arcanine|Intimidate|boost\n|-unboost|p2a: Glimmora|atk|1\n|-unboost|p2b: Toxapex|atk|1\n|-terastallize|p2a: Glimmora|Grass\n|move|p2a: Glimmora|Energy Ball|p1b: Ting-Lu\n|-supereffective|p1b: Ting-Lu\n|-damage|p1b: Ting-Lu|53\/100 psn\n|move|p1b: Ting-Lu|Stomping Tantrum|p2a: Glimmora\n|-resisted|p2a: Glimmora\n|-damage|p2a: Glimmora|28\/100\n|-damage|p1b: Ting-Lu|37\/100 psn|[from] item: Rocky Helmet|[of] p2a: Glimmora\n|cant|p2b: Toxapex|slp\n|\n|-damage|p1a: Arcanine|94\/100 tox|[from] psn\n|-damage|p1b: Ting-Lu|25\/100 psn|[from] psn\n|upkeep\n|turn|6\n|\n|t:|1681807769\n|move|p2a: Glimmora|Spiky Shield|p2a: Glimmora\n|-singleturn|p2a: Glimmora|move: Protect\n|move|p1a: Arcanine|Flare Blitz|p2a: Glimmora\n|-activate|p2a: Glimmora|move: Protect\n|-damage|p1a: Arcanine|82\/100 tox|[from] Spiky Shield|[of] p2a: Glimmora\n|move|p1b: Ting-Lu|Ruination|p1a: Arcanine\n|-damage|p1a: Arcanine|41\/100 tox\n|cant|p2b: Toxapex|slp\n|\n|-damage|p1a: Arcanine|29\/100 tox|[from] psn\n|-damage|p1b: Ting-Lu|12\/100 psn|[from] psn\n|upkeep\n|turn|7\n|\n|t:|1681807789\n|switch|p2a: Iron Moth|Iron Moth, L50|100\/100\n|move|p1a: Arcanine|Flare Blitz|p2a: Iron Moth\n|-resisted|p2a: Iron Moth\n|-damage|p2a: Iron Moth|70\/100\n|-damage|p1a: Arcanine|21\/100 tox|[from] Recoil\n|move|p1b: Ting-Lu|Stomping Tantrum|p2b: Toxapex\n|-supereffective|p2b: Toxapex\n|-damage|p2b: Toxapex|43\/100 slp\n|-curestatus|p2b: Toxapex|slp|[msg]\n|move|p2b: Toxapex|Chilling Water|p1a: Arcanine\n|-supereffective|p1a: Arcanine\n|-damage|p1a: Arcanine|8\/100 tox\n|-unboost|p1a: Arcanine|atk|1\n|\n|-heal|p2b: Toxapex|49\/100|[from] item: Leftovers\n|-damage|p1a: Arcanine|0 fnt|[from] psn\n|faint|p1a: Arcanine\n|-damage|p1b: Ting-Lu|0 fnt|[from] psn\n|faint|p1b: Ting-Lu\n|upkeep\n|\n|t:|1681807813\n|switch|p1a: Amoonguss|Amoonguss, L50, F|100\/100 psn\n|switch|p1b: Roaring Moon|Roaring Moon, L50|39\/100 psn\n|-sideend|p1: Shine Blanco|move: Toxic Spikes|[of] p1a: Amoonguss\n|turn|8\n|\n|t:|1681807830\n|-terastallize|p1b: Roaring Moon|Flying\n|move|p2a: Iron Moth|Lunge|p1b: Roaring Moon\n|-resisted|p1b: Roaring Moon\n|-damage|p1b: Roaring Moon|32\/100 psn\n|-unboost|p1b: Roaring Moon|atk|1\n|move|p1b: Roaring Moon|Acrobatics|p2a: Iron Moth\n|-damage|p2a: Iron Moth|10\/100\n|move|p2b: Toxapex|Chilling Water|p1b: Roaring Moon\n|-damage|p1b: Roaring Moon|22\/100 psn\n|-unboost|p1b: Roaring Moon|atk|1\n|move|p1a: Amoonguss|Pollen Puff|p1b: Roaring Moon\n|-heal|p1b: Roaring Moon|72\/100 psn\n|\n|-heal|p2b: Toxapex|55\/100|[from] item: Leftovers\n|-damage|p1b: Roaring Moon|59\/100 psn|[from] psn\n|-damage|p1a: Amoonguss|88\/100 psn|[from] psn\n|upkeep\n|turn|9\n|\n|t:|1681807856\n|move|p2a: Iron Moth|Venoshock|p1b: Roaring Moon\n|-damage|p1b: Roaring Moon|0 fnt\n|faint|p1b: Roaring Moon\n|-end|p1b: Roaring Moon|Protosynthesis|[silent]\n|move|p2b: Toxapex|Chilling Water|p1a: Amoonguss\n|-resisted|p1a: Amoonguss\n|-damage|p1a: Amoonguss|84\/100 psn\n|-unboost|p1a: Amoonguss|atk|1\n|move|p1a: Amoonguss|Pollen Puff|p1: Roaring Moon|[notarget]\n|-fail|p1a: Amoonguss\n|\n|-heal|p2b: Toxapex|60\/100|[from] item: Leftovers\n|-damage|p1a: Amoonguss|72\/100 psn|[from] psn\n|upkeep\n|turn|10\n|-message|Shine Blanco forfeited.\n|\n|win|Dr_McKey\n|raw|Shine Blanco's rating: 1128 → 1097<\/strong> (-31 for losing)\n|raw|Dr_McKey's rating: 1050 → 1090<\/strong> (+40 for winning)\n|l|\u2606Shine Blanco\n","uploadtime":1681807875,"views":12,"p1id":"shineblanco","p2id":"drmckey","formatid":"gen9vgc2023regulationc","rating":1090,"private":0,"password":""}