{"id":"gen9vgc2023regulationc-1849422447","p1":"Rean411","p2":"Tempest brute","format":"[Gen 9] VGC 2023 Regulation C","log":"|j|\u2606Rean411\n|j|\u2606Tempest brute\n|t:|1682196721\n|gametype|doubles\n|player|p1|Rean411|169|\n|player|p2|Tempest brute|veteran|\n|teamsize|p1|6\n|teamsize|p2|4\n|gen|9\n|tier|[Gen 9] VGC 2023 Regulation C\n|rated|Tournament battle\n|rule|Species Clause: Limit one of each Pok\u00e9mon\n|rule|Item Clause: Limit one of each item\n|clearpoke\n|poke|p1|Arcanine, L50, M|\n|poke|p1|Ting-Lu, L50|\n|poke|p1|Amoonguss, L50, F|\n|poke|p1|Gyarados, L50, M|\n|poke|p1|Annihilape, L50, M|\n|poke|p1|Maushold, L50|\n|poke|p2|Ting-Lu, L50|\n|poke|p2|Roaring Moon, L50|\n|poke|p2|Klefki, L50, M|\n|poke|p2|Skeledirge, L50, M|\n|teampreview|4\n|raw| Open Team Sheet for Rean411<\/summary>Good Boi (Arcanine) @ Aguav Berry Ability: Intimidate Level: 50 Tera Type: Grass - Protect - Flare Blitz - Extreme Speed - Will-O-Wisp Annoying (Ting-Lu) @ Assault Vest Ability: Vessel of Ruin Level: 50 Tera Type: Water - Stomping Tantrum - Fissure - Heavy Slam - Ruination U R very sleepy (Amoonguss) @ Sitrus Berry Ability: Regenerator Level: 50 Tera Type: Water - Pollen Puff - Spore - Rage Powder - Clear Smog Mushu (Gyarados) @ Lum Berry Ability: Intimidate Level: 50 Tera Type: Steel - Waterfall - Thunder Wave - Dragon Dance - Iron Head Caesar (Annihilape) @ Leftovers Ability: Defiant Level: 50 Shiny: Yes Tera Type: Normal - Rage Fist - Drain Punch - Bulk Up - Protect Selahn (Maushold) @ Safety Goggles Ability: Friend Guard Level: 50 Shiny: Yes Tera Type: Ghost - Beat Up - Taunt - Follow Me - Protect <\/details><\/div> Open Team Sheet for Tempest brute<\/summary>Ting-Lu @ Leftovers Ability: Vessel of Ruin Level: 50 Tera Type: Water - Body Press - Throat Chop - Whirlwind - Protect Roaring Moon @ Booster Energy Ability: Protosynthesis Level: 50 Tera Type: Flying - Substitute - Acrobatics - Jaw Lock - Protect Klefki @ Light Clay Ability: Prankster Level: 50 Tera Type: Water - Reflect - Light Screen - Thunder Wave - Dazzling Gleam Skeledirge @ Sitrus Berry Ability: Unaware Level: 50 Tera Type: Poison - Will-O-Wisp - Torch Song - Shadow Ball - Slack Off <\/details><\/div>\n|j| WeirdPolyCouple\n|c|\u2606Rean411|Hello hello\n|c|\u2606Rean411|GLHF\n|c|\u2606Tempest brute|hello\n|c|\u2606Tempest brute|glhf to you too\n|\n|t:|1682196757\n|start\n|switch|p1a: Caesar|Annihilape, L50, M, shiny|100\/100\n|switch|p1b: Selahn|Maushold, L50, shiny|100\/100\n|switch|p2a: Klefki|Klefki, L50, M|100\/100\n|switch|p2b: Skeledirge|Skeledirge, L50, M|100\/100\n|turn|1\n|\n|t:|1682196769\n|switch|p1a: Good Boi|Arcanine, L50, M|100\/100\n|-ability|p1a: Good Boi|Intimidate|boost\n|-unboost|p2a: Klefki|atk|1\n|-unboost|p2b: Skeledirge|atk|1\n|-terastallize|p2b: Skeledirge|Poison\n|move|p2a: Klefki|Reflect|p2a: Klefki\n|-sidestart|p2: Tempest brute|Reflect\n|move|p1b: Selahn|Taunt|p2b: Skeledirge\n|-start|p2b: Skeledirge|move: Taunt\n|cant|p2b: Skeledirge|move: Taunt|Will-O-Wisp\n|\n|upkeep\n|turn|2\n|\n|t:|1682196788\n|switch|p2b: Roaring Moon|Roaring Moon, L50|100\/100\n|-enditem|p2b: Roaring Moon|Booster Energy\n|-activate|p2b: Roaring Moon|ability: Protosynthesis|[fromitem]\n|-start|p2b: Roaring Moon|protosynthesisspe\n|move|p2a: Klefki|Thunder Wave|p1b: Selahn\n|-status|p1b: Selahn|par\n|move|p1a: Good Boi|Flare Blitz|p2a: Klefki\n|-supereffective|p2a: Klefki\n|-damage|p2a: Klefki|25\/100\n|-status|p2a: Klefki|brn\n|-damage|p1a: Good Boi|77\/100|[from] Recoil\n|move|p1b: Selahn|Taunt|p2a: Klefki\n|-start|p2a: Klefki|move: Taunt\n|\n|-damage|p2a: Klefki|19\/100 brn|[from] brn\n|upkeep\n|turn|3\n|\n|t:|1682196811\n|switch|p2a: Skeledirge|Skeledirge, L50, M, tera:Poison|100\/100\n|move|p2b: Roaring Moon|Substitute|p2b: Roaring Moon\n|-start|p2b: Roaring Moon|Substitute\n|-damage|p2b: Roaring Moon|75\/100\n|move|p1a: Good Boi|Will-O-Wisp||[still]\n|-fail|p1a: Good Boi\n|move|p1b: Selahn|Taunt|p2b: Roaring Moon\n|-start|p2b: Roaring Moon|move: Taunt\n|\n|upkeep\n|turn|4\n|\n|t:|1682196834\n|move|p1a: Good Boi|Extreme Speed|p2b: Roaring Moon\n|-activate|p2b: Roaring Moon|move: Substitute|[damage]\n|move|p2b: Roaring Moon|Jaw Lock|p1b: Selahn\n|-damage|p1b: Selahn|47\/100 par\n|-activate|p2b: Roaring Moon|trapped\n|-activate|p1b: Selahn|trapped\n|move|p2a: Skeledirge|Torch Song|p1b: Selahn\n|-damage|p1b: Selahn|21\/100 par\n|-boost|p2a: Skeledirge|spa|1\n|cant|p1b: Selahn|par\n|\n|upkeep\n|turn|5\n|\n|t:|1682196853\n|move|p1b: Selahn|Protect|p1b: Selahn\n|-singleturn|p1b: Selahn|Protect\n|move|p1a: Good Boi|Extreme Speed|p2b: Roaring Moon\n|-end|p2b: Roaring Moon|Substitute\n|move|p2b: Roaring Moon|Jaw Lock|p1b: Selahn\n|-activate|p1b: Selahn|move: Protect\n|move|p2a: Skeledirge|Shadow Ball|p1a: Good Boi\n|-damage|p1a: Good Boi|35\/100\n|\n|upkeep\n|turn|6\n|\n|t:|1682196881\n|switch|p1a: U R very sleepy|Amoonguss, L50, F|100\/100\n|move|p2b: Roaring Moon|Jaw Lock|p1a: U R very sleepy\n|-damage|p1a: U R very sleepy|74\/100\n|-activate|p1a: U R very sleepy|trapped\n|move|p2a: Skeledirge|Shadow Ball|p1a: U R very sleepy\n|-damage|p1a: U R very sleepy|47\/100\n|-enditem|p1a: U R very sleepy|Sitrus Berry|[eat]\n|-heal|p1a: U R very sleepy|72\/100|[from] item: Sitrus Berry\n|move|p1b: Selahn|Taunt||[still]\n|-fail|p1b: Selahn\n|\n|-end|p2b: Roaring Moon|move: Taunt\n|upkeep\n|turn|7\n|\n|t:|1682196918\n|-terastallize|p1a: U R very sleepy|Water\n|move|p1b: Selahn|Protect|p1b: Selahn\n|-singleturn|p1b: Selahn|Protect\n|move|p2b: Roaring Moon|Acrobatics|p1a: U R very sleepy\n|-damage|p1a: U R very sleepy|51\/100\n|move|p2a: Skeledirge|Torch Song|p1a: U R very sleepy\n|-resisted|p1a: U R very sleepy\n|-damage|p1a: U R very sleepy|37\/100\n|-boost|p2a: Skeledirge|spa|1\n|move|p1a: U R very sleepy|Spore|p2b: Roaring Moon\n|-status|p2b: Roaring Moon|slp|[from] move: Spore\n|\n|upkeep\n|turn|8\n|\n|t:|1682196937\n|cant|p2b: Roaring Moon|slp\n|move|p2a: Skeledirge|Torch Song|p1b: Selahn\n|-damage|p1b: Selahn|0 fnt\n|-boost|p2a: Skeledirge|spa|1\n|faint|p1b: Selahn\n|move|p1a: U R very sleepy|Spore|p2a: Skeledirge\n|-status|p2a: Skeledirge|slp|[from] move: Spore\n|\n|-sideend|p2: Tempest brute|Reflect\n|upkeep\n|\n|t:|1682196947\n|switch|p1b: Caesar|Annihilape, L50, M, shiny|100\/100\n|turn|9\n|\n|t:|1682196953\n|-end|p2b: Roaring Moon|Protosynthesis|[silent]\n|switch|p2b: Klefki|Klefki, L50, M|19\/100 brn\n|move|p1b: Caesar|Bulk Up|p1b: Caesar\n|-boost|p1b: Caesar|atk|1\n|-boost|p1b: Caesar|def|1\n|cant|p2a: Skeledirge|slp\n|move|p1a: U R very sleepy|Clear Smog|p2a: Skeledirge\n|-resisted|p2a: Skeledirge\n|-damage|p2a: Skeledirge|94\/100 slp\n|-clearboost|p2a: Skeledirge\n|\n|-damage|p2b: Klefki|13\/100 brn|[from] brn\n|upkeep\n|turn|10\n|\n|t:|1682196988\n|move|p2b: Klefki|Reflect|p2b: Klefki\n|-sidestart|p2: Tempest brute|Reflect\n|move|p1b: Caesar|Bulk Up|p1b: Caesar\n|-boost|p1b: Caesar|atk|1\n|-boost|p1b: Caesar|def|1\n|-curestatus|p2a: Skeledirge|slp|[msg]\n|move|p2a: Skeledirge|Will-O-Wisp|p1b: Caesar|[miss]\n|-miss|p2a: Skeledirge|p1b: Caesar\n|move|p1a: U R very sleepy|Pollen Puff|p2b: Klefki\n|-resisted|p2b: Klefki\n|-damage|p2b: Klefki|8\/100 brn\n|\n|-damage|p2b: Klefki|2\/100 brn|[from] brn\n|upkeep\n|turn|11\n|\n|t:|1682197002\n|move|p1b: Caesar|Protect|p1b: Caesar\n|-singleturn|p1b: Caesar|Protect\n|move|p2b: Klefki|Thunder Wave|p1a: U R very sleepy\n|-status|p1a: U R very sleepy|par\n|move|p2a: Skeledirge|Shadow Ball|p1a: U R very sleepy\n|-damage|p1a: U R very sleepy|14\/100 par\n|move|p1a: U R very sleepy|Spore|p2a: Skeledirge\n|-status|p2a: Skeledirge|slp|[from] move: Spore\n|\n|-damage|p2b: Klefki|0 fnt|[from] brn\n|faint|p2b: Klefki\n|upkeep\n|\n|t:|1682197005\n|switch|p2b: Ting-Lu|Ting-Lu, L50|100\/100\n|-ability|p2b: Ting-Lu|Vessel of Ruin\n|turn|12\n|c|\u2606Rean411|!dt jawlock\n|raw| Jaw Lock<\/a><\/span> <\/span> Power<\/em> 80<\/span> Accuracy<\/em> 100%<\/span> PP<\/em> 16<\/span> Prevents both user and target from switching out.<\/span> <\/li> <\/li><\/ul>\n|raw|Priority:<\/font> 0 |  Gen:<\/font> 8 |  ✓ Contact |  ✓ Bite |  Z-Power:<\/font> 160 |  Dynamax Power:<\/font> 130 |  Target:<\/font> One Adjacent Pok\u00e9mon<\/font>\n\n|c|\u2606Rean411|how did your moon switch out?\n|c|\u2606Tempest brute|wait\n|\n|t:|1682197102\n|switch|p1a: Good Boi|Arcanine, L50, M|35\/100\n|-ability|p1a: Good Boi|Intimidate|boost\n|-unboost|p2a: Skeledirge|atk|1\n|-unboost|p2b: Ting-Lu|atk|1\n|move|p2b: Ting-Lu|Protect|p2b: Ting-Lu\n|-singleturn|p2b: Ting-Lu|Protect\n|move|p1b: Caesar|Drain Punch|p2b: Ting-Lu\n|-activate|p2b: Ting-Lu|move: Protect\n|cant|p2a: Skeledirge|slp\n|\n|upkeep\n|turn|13\n|\n|t:|1682197131\n|move|p1a: Good Boi|Will-O-Wisp|p2b: Ting-Lu\n|-status|p2b: Ting-Lu|brn\n|move|p1b: Caesar|Bulk Up|p1b: Caesar\n|-boost|p1b: Caesar|atk|1\n|-boost|p1b: Caesar|def|1\n|-curestatus|p2a: Skeledirge|slp|[msg]\n|move|p2a: Skeledirge|Will-O-Wisp|p1b: Caesar|[miss]\n|-miss|p2a: Skeledirge|p1b: Caesar\n|move|p2b: Ting-Lu|Body Press|p1a: Good Boi\n|-damage|p1a: Good Boi|17\/100\n|-enditem|p1a: Good Boi|Aguav Berry|[eat]\n|-heal|p1a: Good Boi|50\/100|[from] item: Aguav Berry\n|\n|-damage|p2b: Ting-Lu|94\/100 brn|[from] brn\n|upkeep\n|turn|14\n|c|\u2606Rean411|Because jaw lock says neither you nor I can switch out.\n|c|\u2606Tempest brute|bug?\n|\n|t:|1682197187\n|move|p1a: Good Boi|Flare Blitz|p2a: Skeledirge\n|-damage|p2a: Skeledirge|67\/100\n|-status|p2a: Skeledirge|brn\n|-damage|p1a: Good Boi|39\/100|[from] Recoil\n|move|p1b: Caesar|Drain Punch|p2a: Skeledirge\n|-resisted|p2a: Skeledirge\n|-damage|p2a: Skeledirge|59\/100 brn\n|move|p2a: Skeledirge|Will-O-Wisp|p1b: Caesar\n|-status|p1b: Caesar|brn\n|move|p2b: Ting-Lu|Whirlwind|p1a: Good Boi\n|drag|p1a: U R very sleepy|Amoonguss, L50, F, tera:Water|47\/100 par\n|\n|-heal|p2b: Ting-Lu|100\/100 brn|[from] item: Leftovers\n|-damage|p1b: Caesar|95\/100 brn|[from] brn\n|-damage|p2a: Skeledirge|53\/100 brn|[from] brn\n|-damage|p2b: Ting-Lu|94\/100 brn|[from] brn\n|upkeep\n|turn|15\n|c|\u2606Rean411|Maybe?\n|c|\u2606Rean411|Unless you can only jaw lock 1 mon at a time?\n|c|\u2606Tempest brute|no\n|j| SpadesHS\n|c|\u2606Tempest brute|you can do multiple\n|\n|t:|1682197249\n|move|p1a: U R very sleepy|Rage Powder|p1a: U R very sleepy\n|-singleturn|p1a: U R very sleepy|move: Rage Powder\n|move|p1b: Caesar|Bulk Up|p1b: Caesar\n|-boost|p1b: Caesar|atk|1\n|-boost|p1b: Caesar|def|1\n|move|p2a: Skeledirge|Slack Off|p2a: Skeledirge\n|-heal|p2a: Skeledirge|100\/100 brn\n|move|p2b: Ting-Lu|Body Press|p1a: U R very sleepy\n|-damage|p1a: U R very sleepy|34\/100 par\n|\n|-heal|p1b: Caesar|100\/100 brn|[from] item: Leftovers\n|-heal|p2b: Ting-Lu|100\/100 brn|[from] item: Leftovers\n|-damage|p1b: Caesar|95\/100 brn|[from] brn\n|-damage|p2a: Skeledirge|94\/100 brn|[from] brn\n|-damage|p2b: Ting-Lu|94\/100 brn|[from] brn\n|upkeep\n|turn|16\n|\n|t:|1682197281\n|switch|p1a: Good Boi|Arcanine, L50, M|39\/100\n|-ability|p1a: Good Boi|Intimidate|boost\n|-unboost|p2a: Skeledirge|atk|1\n|-unboost|p2b: Ting-Lu|atk|1\n|move|p1b: Caesar|Drain Punch|p2b: Ting-Lu\n|-supereffective|p2b: Ting-Lu\n|-damage|p2b: Ting-Lu|64\/100 brn\n|-heal|p1b: Caesar|100\/100 brn|[from] drain|[of] p2b: Ting-Lu\n|move|p2a: Skeledirge|Torch Song|p1a: Good Boi\n|-resisted|p1a: Good Boi\n|-damage|p1a: Good Boi|25\/100\n|-boost|p2a: Skeledirge|spa|1\n|move|p2b: Ting-Lu|Body Press|p1a: Good Boi\n|-damage|p1a: Good Boi|8\/100\n|\n|-heal|p2b: Ting-Lu|71\/100 brn|[from] item: Leftovers\n|-damage|p1b: Caesar|95\/100 brn|[from] brn\n|-damage|p2a: Skeledirge|88\/100 brn|[from] brn\n|-damage|p2b: Ting-Lu|64\/100 brn|[from] brn\n|upkeep\n|turn|17\n|\n|t:|1682197309\n|switch|p2b: Roaring Moon|Roaring Moon, L50|75\/100 slp\n|move|p1a: Good Boi|Flare Blitz|p1b: Caesar\n|-damage|p1b: Caesar|75\/100 brn\n|-damage|p1a: Good Boi|0 fnt|[from] Recoil\n|faint|p1a: Good Boi\n|move|p1b: Caesar|Drain Punch|p2b: Roaring Moon\n|-supereffective|p2b: Roaring Moon\n|-damage|p2b: Roaring Moon|17\/100 slp\n|-heal|p1b: Caesar|100\/100 brn|[from] drain|[of] p2b: Roaring Moon\n|move|p2a: Skeledirge|Torch Song|p1b: Caesar\n|-damage|p1b: Caesar|57\/100 brn\n|-boost|p2a: Skeledirge|spa|1\n|\n|-heal|p1b: Caesar|62\/100 brn|[from] item: Leftovers\n|-damage|p1b: Caesar|57\/100 brn|[from] brn\n|-damage|p2a: Skeledirge|82\/100 brn|[from] brn\n|-sideend|p2: Tempest brute|Reflect\n|upkeep\n|c|\u2606Tempest brute|wait\n|\n|t:|1682197326\n|switch|p1a: U R very sleepy|Amoonguss, L50, F, tera:Water|67\/100 par\n|turn|18\n|c|\u2606Tempest brute|roaring moon ate that\n|c|\u2606Rean411|I might be +3 but I\u2019m also burnt and you had reflect up\n|\n|t:|1682197370\n|-curestatus|p2b: Roaring Moon|slp|[msg]\n|move|p2b: Roaring Moon|Protect|p2b: Roaring Moon\n|-singleturn|p2b: Roaring Moon|Protect\n|move|p1b: Caesar|Protect|p1b: Caesar\n|-singleturn|p1b: Caesar|Protect\n|move|p2a: Skeledirge|Torch Song|p1a: U R very sleepy\n|-resisted|p1a: U R very sleepy\n|-damage|p1a: U R very sleepy|44\/100 par\n|-boost|p2a: Skeledirge|spa|1\n|move|p1a: U R very sleepy|Clear Smog|p2a: Skeledirge\n|-resisted|p2a: Skeledirge\n|-damage|p2a: Skeledirge|76\/100 brn\n|-clearboost|p2a: Skeledirge\n|\n|-heal|p1b: Caesar|62\/100 brn|[from] item: Leftovers\n|-damage|p1b: Caesar|57\/100 brn|[from] brn\n|-damage|p2a: Skeledirge|70\/100 brn|[from] brn\n|upkeep\n|turn|19\n|c|\u2606Tempest brute|true\n|j| PowerLoveMind\n|\n|t:|1682197394\n|move|p1a: U R very sleepy|Rage Powder|p1a: U R very sleepy\n|-singleturn|p1a: U R very sleepy|move: Rage Powder\n|move|p2b: Roaring Moon|Jaw Lock|p1a: U R very sleepy\n|-damage|p1a: U R very sleepy|12\/100 par\n|-activate|p2b: Roaring Moon|trapped\n|-activate|p1a: U R very sleepy|trapped\n|move|p1b: Caesar|Rage Fist|p2a: Skeledirge\n|-damage|p2a: Skeledirge|44\/100 brn\n|-enditem|p2a: Skeledirge|Sitrus Berry|[eat]\n|-heal|p2a: Skeledirge|68\/100 brn|[from] item: Sitrus Berry\n|move|p2a: Skeledirge|Torch Song|p1a: U R very sleepy\n|-resisted|p1a: U R very sleepy\n|-damage|p1a: U R very sleepy|0 fnt\n|-boost|p2a: Skeledirge|spa|1\n|faint|p1a: U R very sleepy\n|\n|-heal|p1b: Caesar|62\/100 brn|[from] item: Leftovers\n|-damage|p1b: Caesar|57\/100 brn|[from] brn\n|-damage|p2a: Skeledirge|62\/100 brn|[from] brn\n|upkeep\n|turn|20\n|c|\u2606Rean411|Kinda thought that would kill.\n|\n|t:|1682197426\n|move|p2b: Roaring Moon|Protect|p2b: Roaring Moon\n|-singleturn|p2b: Roaring Moon|Protect\n|move|p1b: Caesar|Drain Punch|p2b: Roaring Moon\n|-activate|p2b: Roaring Moon|move: Protect\n|move|p2a: Skeledirge|Slack Off|p2a: Skeledirge\n|-heal|p2a: Skeledirge|100\/100 brn\n|\n|-heal|p1b: Caesar|62\/100 brn|[from] item: Leftovers\n|-damage|p1b: Caesar|57\/100 brn|[from] brn\n|-damage|p2a: Skeledirge|94\/100 brn|[from] brn\n|upkeep\n|turn|21\n|c|\u2606Tempest brute|wiat what power is trage ifst right now\n|\n|t:|1682197445\n|-end|p2b: Roaring Moon|Protosynthesis|[silent]\n|switch|p2b: Ting-Lu|Ting-Lu, L50|64\/100 brn\n|-ability|p2b: Ting-Lu|Vessel of Ruin\n|move|p1b: Caesar|Drain Punch|p2b: Ting-Lu\n|-supereffective|p2b: Ting-Lu\n|-damage|p2b: Ting-Lu|19\/100 brn\n|-heal|p1b: Caesar|85\/100 brn|[from] drain|[of] p2b: Ting-Lu\n|move|p2a: Skeledirge|Torch Song|p2b: Ting-Lu\n|-damage|p2b: Ting-Lu|0 fnt\n|-boost|p2a: Skeledirge|spa|1\n|faint|p2b: Ting-Lu\n|\n|-heal|p1b: Caesar|91\/100 brn|[from] item: Leftovers\n|-damage|p1b: Caesar|85\/100 brn|[from] brn\n|-damage|p2a: Skeledirge|88\/100 brn|[from] brn\n|upkeep\n|\n|t:|1682197453\n|switch|p2b: Roaring Moon|Roaring Moon, L50|17\/100\n|turn|22\n|j| FunneeMonkee\n|c|\u2606Rean411|A whopping 75\n|\n|t:|1682197493\n|move|p2b: Roaring Moon|Protect|p2b: Roaring Moon\n|-singleturn|p2b: Roaring Moon|Protect\n|move|p1b: Caesar|Drain Punch|p2b: Roaring Moon\n|-activate|p2b: Roaring Moon|move: Protect\n|move|p2a: Skeledirge|Shadow Ball|p1b: Caesar\n|-supereffective|p1b: Caesar\n|-damage|p1b: Caesar|0 fnt\n|faint|p1b: Caesar\n|\n|win|Tempest brute\n|n|\u2606Rean411|rean411\n|n|\u2606Tempest brute|tempestbrute\n|n| WeirdPolyCouple|weirdpolycouple\n|n| SpadesHS|spadeshs\n|n| PowerLoveMind|powerlovemind\n|n| FunneeMonkee|funneemonkee\n|l| PowerLoveMind\n|c|\u2606Tempest brute|gg\n|l| WeirdPolyCouple\n|c|\u2606Rean411|GGwP\n","uploadtime":1682197524,"views":8,"p1id":"rean411","p2id":"tempestbrute","formatid":"gen9vgc2023regulationc","rating":0,"private":0,"password":""}