{"id":"gen9vgc2023regulationc-1850257715","p1":"Bambambi","p2":"christian_hvn","format":"[Gen 9] VGC 2023 Regulation C","log":"|j|\u2606Bambambi\n|j|\u2606christian_hvn\n|t:|1682306817\n|gametype|doubles\n|player|p1|Bambambi|wallace-gen6|\n|player|p2|christian_hvn|marley|\n|teamsize|p1|6\n|teamsize|p2|6\n|gen|9\n|tier|[Gen 9] VGC 2023 Regulation C\n|rule|Species Clause: Limit one of each Pok\u00e9mon\n|rule|Item Clause: Limit one of each item\n|clearpoke\n|poke|p1|Flutter Mane, L50|\n|poke|p1|Gothitelle, L50, F|\n|poke|p1|Scream Tail, L50|\n|poke|p1|Chi-Yu, L50|\n|poke|p1|Amoonguss, L50, M|\n|poke|p1|Palafin, L50, F|\n|poke|p2|Palafin, L50, M|\n|poke|p2|Wo-Chien, L50|\n|poke|p2|Flutter Mane, L50|\n|poke|p2|Gothitelle, L50, M|\n|poke|p2|Chi-Yu, L50|\n|poke|p2|Ting-Lu, L50|\n|teampreview|4\nchristian_hvn has agreed to open team sheets.\nBambambi has agreed to open team sheets.\n|\n|t:|1682306873\n|start\n|switch|p1a: Pearls|Flutter Mane, L50|100\/100\n|switch|p1b: Palafin|Palafin, L50, F|100\/100\n|switch|p2a: world's end|Palafin, L50, M|100\/100\n|switch|p2b: LIFE HATER|Flutter Mane, L50|100\/100\n|-enditem|p2b: LIFE HATER|Booster Energy\n|-activate|p2b: LIFE HATER|ability: Protosynthesis|[fromitem]\n|-start|p2b: LIFE HATER|protosynthesisspe\n|turn|1\n|\n|t:|1682306889\n|move|p1a: Pearls|Protect|p1a: Pearls\n|-singleturn|p1a: Pearls|Protect\n|move|p1b: Palafin|Protect|p1b: Palafin\n|-singleturn|p1b: Palafin|Protect\n|move|p2a: world's end|Jet Punch|p1a: Pearls\n|-activate|p1a: Pearls|move: Protect\n|move|p2b: LIFE HATER|Shadow Ball|p1a: Pearls\n|-activate|p1a: Pearls|move: Protect\n|\n|upkeep\n|turn|2\n|\n|t:|1682306916\n|-terastallize|p1a: Pearls|Grass\n|move|p2a: world's end|Jet Punch|p1a: Pearls\n|-resisted|p1a: Pearls\n|-damage|p1a: Pearls|68\/100\n|move|p2b: LIFE HATER|Shadow Ball|p1a: Pearls\n|-damage|p1a: Pearls|30\/100\n|move|p1a: Pearls|Shadow Ball|p2b: LIFE HATER\n|-supereffective|p2b: LIFE HATER\n|-damage|p2b: LIFE HATER|20\/100\n|move|p1b: Palafin|Wave Crash|p2b: LIFE HATER\n|-damage|p2b: LIFE HATER|0 fnt\n|faint|p2b: LIFE HATER\n|-end|p2b: LIFE HATER|Protosynthesis|[silent]\n|-damage|p1b: Palafin|96\/100|[from] Recoil\n|\n|upkeep\n|\n|t:|1682306924\n|switch|p2b: PAINFUL LIFE|Gothitelle, L50, M|100\/100\n|turn|3\n|\n|t:|1682306948\n|-terastallize|p2a: world's end|Water\n|move|p2b: PAINFUL LIFE|Fake Out|p1b: Palafin\n|-damage|p1b: Palafin|89\/100\n|move|p2a: world's end|Jet Punch|p1a: Pearls\n|-resisted|p1a: Pearls\n|-damage|p1a: Pearls|0 fnt\n|faint|p1a: Pearls\n|-end|p1a: Pearls|Protosynthesis|[silent]\n|cant|p1b: Palafin|flinch\n|\n|upkeep\n|\n|t:|1682306959\n|switch|p1a: SSJ3 Jiggly|Scream Tail, L50, shiny|100\/100\n|-enditem|p1a: SSJ3 Jiggly|Booster Energy\n|-activate|p1a: SSJ3 Jiggly|ability: Protosynthesis|[fromitem]\n|-start|p1a: SSJ3 Jiggly|protosynthesisspe\n|turn|4\n|\n|t:|1682306980\n|detailschange|p2a: world's end|Palafin-Hero, L50, M, tera:Water\n|switch|p2a: depression|Ting-Lu, L50|100\/100\n|-ability|p2a: depression|Vessel of Ruin\n|move|p1b: Palafin|Protect|p1b: Palafin\n|-singleturn|p1b: Palafin|Protect\n|move|p1a: SSJ3 Jiggly|Reflect|p1a: SSJ3 Jiggly\n|-sidestart|p1: Bambambi|Reflect\n|move|p2b: PAINFUL LIFE|Psychic|p1a: SSJ3 Jiggly\n|-resisted|p1a: SSJ3 Jiggly\n|-damage|p1a: SSJ3 Jiggly|93\/100\n|\n|upkeep\n|turn|5\n|\n|t:|1682306999\n|move|p1a: SSJ3 Jiggly|Play Rough|p2a: depression\n|-supereffective|p2a: depression\n|-damage|p2a: depression|72\/100\n|move|p1b: Palafin|Wave Crash|p2a: depression\n|-supereffective|p2a: depression\n|-damage|p2a: depression|14\/100\n|-damage|p1b: Palafin|65\/100|[from] Recoil\n|move|p2b: PAINFUL LIFE|Psychic|p1b: Palafin\n|-damage|p1b: Palafin|37\/100\n|-unboost|p1b: Palafin|spd|1\n|move|p2a: depression|Fissure|p1a: SSJ3 Jiggly\n|-damage|p1a: SSJ3 Jiggly|0 fnt\n|faint|p1a: SSJ3 Jiggly\n|-end|p1a: SSJ3 Jiggly|Protosynthesis|[silent]\n|-ohko\n|\n|upkeep\n|\n|t:|1682307013\n|switch|p1a: Chi-Yu|Chi-Yu, L50|100\/100\n|-ability|p1a: Chi-Yu|Beads of Ruin\n|turn|6\n|c|\u2606Bambambi|Gtfo\n|-message|Bambambi forfeited.\n|\n|win|christian_hvn\n|l|\u2606Bambambi\n","uploadtime":1682307033,"views":31,"p1id":"bambambi","p2id":"christianhvn","formatid":"gen9vgc2023regulationc","rating":0,"private":0,"password":""}