{"id":"gen9vgc2023regulationc-1860043614","p1":"holasoymalo","p2":"Dhrim15","format":"[Gen 9] VGC 2023 Regulation C","log":"|j|\u2606holasoymalo\n|j|\u2606Dhrim15\n|t:|1683588599\n|gametype|doubles\n|player|p1|holasoymalo|101|\n|player|p2|Dhrim15|guitarist|\n|teamsize|p1|6\n|teamsize|p2|6\n|gen|9\n|tier|[Gen 9] VGC 2023 Regulation C\n|rule|Species Clause: Limit one of each Pok\u00e9mon\n|rule|Item Clause: Limit one of each item\n|clearpoke\n|poke|p1|Arcanine, L50, F|\n|poke|p1|Azumarill, L50, M|\n|poke|p1|Chien-Pao, L50|\n|poke|p1|Amoonguss, L50, F|\n|poke|p1|Flutter Mane, L50|\n|poke|p1|Annihilape, L50, F|\n|poke|p2|Chien-Pao, L50|\n|poke|p2|Palafin, L50, F|\n|poke|p2|Amoonguss, L50, M|\n|poke|p2|Arcanine, L50, F|\n|poke|p2|Flutter Mane, L50|\n|poke|p2|Dragonite, L50, M|\n|teampreview|4\n|c|\u2606holasoymalo|1\n|c|\u2606holasoymalo|listo\n|c|\u2606holasoymalo|gg\n|\n|t:|1683588763\n|start\n|switch|p1a: Arcanine|Arcanine, L50, F|100\/100\n|switch|p1b: Annihilape|Annihilape, L50, F|100\/100\n|switch|p2a: Diego|Chien-Pao, L50|100\/100\n|switch|p2b: invincible|Palafin, L50, F|100\/100\n|-ability|p2a: Diego|Sword of Ruin\n|-ability|p1a: Arcanine|Intimidate|boost\n|-unboost|p2a: Diego|atk|1\n|-unboost|p2b: invincible|atk|1\n|turn|1\n|\n|t:|1683588818\n|-terastallize|p1a: Arcanine|Water\n|move|p1b: Annihilape|Protect|p1b: Annihilape\n|-singleturn|p1b: Annihilape|Protect\n|move|p2b: invincible|Jet Punch|p1a: Arcanine\n|-resisted|p1a: Arcanine\n|-damage|p1a: Arcanine|91\/100\n|move|p2a: Diego|Swords Dance|p2a: Diego\n|-boost|p2a: Diego|atk|2\n|move|p1a: Arcanine|Will-O-Wisp|p2b: invincible|[miss]\n|-miss|p1a: Arcanine|p2b: invincible\n|\n|upkeep\n|turn|2\n|\n|t:|1683588856\n|detailschange|p2b: invincible|Palafin-Hero, L50, F\n|switch|p2b: \u00c9xtasis|Amoonguss, L50, M|100\/100\n|switch|p1b: Amoonguss|Amoonguss, L50, F|100\/100\n|move|p2a: Diego|Protect|p2a: Diego\n|-singleturn|p2a: Diego|Protect\n|move|p1a: Arcanine|Will-O-Wisp|p2a: Diego\n|-activate|p2a: Diego|move: Protect\n|\n|upkeep\n|turn|3\n|\n|t:|1683588883\n|move|p2a: Diego|Ice Spinner|p1b: Amoonguss\n|-supereffective|p1b: Amoonguss\n|-damage|p1b: Amoonguss|0 fnt\n|faint|p1b: Amoonguss\n|move|p1a: Arcanine|Will-O-Wisp|p2a: Diego\n|-status|p2a: Diego|brn\n|move|p2b: \u00c9xtasis|Spore|p1a: Arcanine\n|-activate|p1a: Arcanine|item: Safety Goggles|Spore\n|\n|-damage|p2a: Diego|95\/100 brn|[from] brn\n|upkeep\n|\n|t:|1683588893\n|switch|p1b: Annihilape|Annihilape, L50, F|100\/100\n|turn|4\n|\n|t:|1683588910\n|move|p2a: Diego|Ice Spinner|p1b: Annihilape\n|-damage|p1b: Annihilape|65\/100\n|move|p1a: Arcanine|Flare Blitz|p2a: Diego\n|-supereffective|p2a: Diego\n|-damage|p2a: Diego|0 fnt\n|faint|p2a: Diego\n|-damage|p1a: Arcanine|66\/100|[from] Recoil\n|move|p1b: Annihilape|Bulk Up|p1b: Annihilape\n|-boost|p1b: Annihilape|atk|1\n|-boost|p1b: Annihilape|def|1\n|move|p2b: \u00c9xtasis|Spore|p1b: Annihilape\n|-status|p1b: Annihilape|slp|[from] move: Spore\n|\n|-heal|p1b: Annihilape|71\/100 slp|[from] item: Leftovers\n|upkeep\n|\n|t:|1683588929\n|switch|p2a: Melenaa|Flutter Mane, L50|100\/100\n|turn|5\n|\n|t:|1683588953\n|-terastallize|p2a: Melenaa|Fairy\n|cant|p1b: Annihilape|slp\n|move|p2a: Melenaa|Dazzling Gleam|p1a: Arcanine|[spread] p1a,p1b\n|-supereffective|p1b: Annihilape\n|-damage|p1a: Arcanine|8\/100\n|-damage|p1b: Annihilape|0 fnt\n|faint|p1b: Annihilape\n|move|p1a: Arcanine|Flare Blitz|p2a: Melenaa\n|-damage|p2a: Melenaa|30\/100\n|-status|p2a: Melenaa|brn\n|-damage|p1a: Arcanine|0 fnt|[from] Recoil\n|faint|p1a: Arcanine\n|move|p2b: \u00c9xtasis|Pollen Puff|p1: Arcanine|[notarget]\n|-fail|p2b: \u00c9xtasis\n|\n|-damage|p2a: Melenaa|24\/100 brn|[from] brn\n|upkeep\n|\n|t:|1683588958\n|switch|p1b: Chien-Pao|Chien-Pao, L50|100\/100\n|-ability|p1b: Chien-Pao|Sword of Ruin\n|turn|6\n|\n|t:|1683588978\n|move|p2b: \u00c9xtasis|Rage Powder|p2b: \u00c9xtasis\n|-singleturn|p2b: \u00c9xtasis|move: Rage Powder\n|move|p1b: Chien-Pao|Ice Spinner|p2b: \u00c9xtasis\n|-supereffective|p2b: \u00c9xtasis\n|-damage|p2b: \u00c9xtasis|3\/100\n|-enditem|p2b: \u00c9xtasis|Sitrus Berry|[eat]\n|-heal|p2b: \u00c9xtasis|28\/100|[from] item: Sitrus Berry\n|move|p2a: Melenaa|Dazzling Gleam|p1b: Chien-Pao\n|-supereffective|p1b: Chien-Pao\n|-enditem|p1b: Chien-Pao|Focus Sash\n|-damage|p1b: Chien-Pao|1\/100\n|\n|-damage|p2a: Melenaa|18\/100 brn|[from] brn\n|upkeep\n|turn|7\n|\n|t:|1683588993\n|move|p2b: \u00c9xtasis|Rage Powder|p2b: \u00c9xtasis\n|-singleturn|p2b: \u00c9xtasis|move: Rage Powder\n|move|p1b: Chien-Pao|Ice Shard|p2b: \u00c9xtasis\n|-supereffective|p2b: \u00c9xtasis\n|-damage|p2b: \u00c9xtasis|0 fnt\n|faint|p2b: \u00c9xtasis\n|move|p2a: Melenaa|Dazzling Gleam|p1b: Chien-Pao\n|-supereffective|p1b: Chien-Pao\n|-damage|p1b: Chien-Pao|0 fnt\n|faint|p1b: Chien-Pao\n|\n|win|Dhrim15\n","uploadtime":1683589005,"views":6,"p1id":"holasoymalo","p2id":"dhrim15","formatid":"gen9vgc2023regulationc","rating":0,"private":0,"password":""}