{"id":"gen9vgc2023regulationc-1852860528","p1":"razeycakes","p2":"GlueEaterVGC","format":"[Gen 9] VGC 2023 Regulation C","log":"|j|\u2606razeycakes\n|j|\u2606GlueEaterVGC\n|t:|1682612383\n|gametype|doubles\n|player|p1|razeycakes|170|\n|player|p2|GlueEaterVGC|265|\n|teamsize|p1|6\n|teamsize|p2|6\n|gen|9\n|tier|[Gen 9] VGC 2023 Regulation C\n|rated|Tournament battle\n|rule|Species Clause: Limit one of each Pok\u00e9mon\n|rule|Item Clause: Limit one of each item\n|clearpoke\n|poke|p1|Pelipper, L50, M|\n|poke|p1|Gastrodon, L50, F|\n|poke|p1|Gholdengo, L50|\n|poke|p1|Iron Bundle, L50|\n|poke|p1|Braviary, L50, M|\n|poke|p1|Luxray, L50, F|\n|poke|p2|Palafin, L50, F|\n|poke|p2|Arcanine, L50, F|\n|poke|p2|Amoonguss, L50, M|\n|poke|p2|Kingambit, L50, F|\n|poke|p2|Flutter Mane, L50|\n|poke|p2|Dragonite, L50, F|\n|teampreview|4\n|raw| Open Team Sheet for razeycakes<\/summary>Pelipper @ Focus Sash Ability: Drizzle Level: 50 Tera Type: Ground - Hurricane - Surf - Ice Beam - Tailwind Gastrodon @ Leftovers Ability: Storm Drain Level: 50 Tera Type: Fire - Muddy Water - Protect - Ice Beam - Earth Power Gholdengo @ Life Orb Ability: Good as Gold Level: 50 Tera Type: Steel - Make It Rain - Nasty Plot - Shadow Ball - Tera Blast Iron Bundle @ Never-Melt Ice Ability: Quark Drive Level: 50 Tera Type: Ice - Freeze-Dry - Hydro Pump - Icy Wind - Protect Braviary (M) @ Expert Belt Ability: Defiant Level: 50 Tera Type: Fighting - Brave Bird - Close Combat - Rock Slide - Tailwind Luxray @ Rocky Helmet Ability: Intimidate Level: 50 Tera Type: Electric - Discharge - Play Rough - Thunder - Thunder Wave <\/details><\/div> Open Team Sheet for GlueEaterVGC<\/summary>Palafin @ Mystic Water Ability: Zero to Hero Level: 50 Tera Type: Water - Wave Crash - Jet Punch - Drain Punch - Protect Arcanine @ Safety Goggles Ability: Intimidate Level: 50 Tera Type: Grass - Flare Blitz - Extreme Speed - Howl - Will-O-Wisp Amoonguss @ Sitrus Berry Ability: Regenerator Level: 50 Tera Type: Water - Spore - Rage Powder - Pollen Puff - Protect Kingambit @ Lum Berry Ability: Defiant Level: 50 Tera Type: Dark - Kowtow Cleave - Sucker Punch - Swords Dance - Protect Flutter Mane @ Booster Energy Ability: Protosynthesis Level: 50 Tera Type: Fairy - Moonblast - Shadow Ball - Dazzling Gleam - Protect Dragonite @ Assault Vest Ability: Multiscale Level: 50 Tera Type: Flying - Tera Blast - Stomping Tantrum - Extreme Speed - Low Kick <\/details><\/div>\n|inactive|Battle timer is ON: inactive players will automatically lose when time's up. (requested by razeycakes)\n|\n|t:|1682612455\n|start\n|switch|p1a: Pelipper|Pelipper, L50, M|100\/100\n|switch|p1b: Gastrodon|Gastrodon, L50, F|100\/100\n|switch|p2a: Kingambit|Kingambit, L50, F|100\/100\n|switch|p2b: Flutter Mane|Flutter Mane, L50|100\/100\n|-weather|RainDance|[from] ability: Drizzle|[of] p1a: Pelipper\n|-enditem|p2b: Flutter Mane|Booster Energy\n|-activate|p2b: Flutter Mane|ability: Protosynthesis|[fromitem]\n|-start|p2b: Flutter Mane|protosynthesisspa\n|turn|1\n|inactive|GlueEaterVGC has 30 seconds left.\n|inactive|GlueEaterVGC has 20 seconds left.\n|inactive|GlueEaterVGC has 15 seconds left.\n|\n|t:|1682612496\n|switch|p2a: Dragonite|Dragonite, L50, F|100\/100\n|move|p2b: Flutter Mane|Dazzling Gleam|p1b: Gastrodon|[spread] p1a,p1b\n|-damage|p1a: Pelipper|41\/100\n|-damage|p1b: Gastrodon|56\/100\n|move|p1a: Pelipper|Surf|p2a: Dragonite|[spread] p2a,p2b\n|-ability|p1b: Gastrodon|Storm Drain|boost\n|-boost|p1b: Gastrodon|spa|1\n|-resisted|p2a: Dragonite\n|-damage|p2a: Dragonite|93\/100\n|-damage|p2b: Flutter Mane|62\/100\n|move|p1b: Gastrodon|Earth Power|p2a: Dragonite\n|-immune|p2a: Dragonite\n|\n|-weather|RainDance|[upkeep]\n|-heal|p1b: Gastrodon|62\/100|[from] item: Leftovers\n|upkeep\n|turn|2\n|inactive|GlueEaterVGC has 30 seconds left.\n|inactive|GlueEaterVGC has 20 seconds left.\n|\n|t:|1682612536\n|-terastallize|p2b: Flutter Mane|Fairy\n|move|p2a: Dragonite|Extreme Speed|p1b: Gastrodon\n|-damage|p1b: Gastrodon|29\/100\n|move|p2b: Flutter Mane|Dazzling Gleam|p1b: Gastrodon|[spread] p1a,p1b\n|-damage|p1a: Pelipper|0 fnt\n|-damage|p1b: Gastrodon|0 fnt\n|faint|p1a: Pelipper\n|faint|p1b: Gastrodon\n|\n|-weather|RainDance|[upkeep]\n|upkeep\n|\n|t:|1682612558\n|switch|p1a: Gholdengo|Gholdengo, L50|100\/100\n|switch|p1b: Iron Bundle|Iron Bundle, L50|100\/100\n|turn|3\n|inactive|GlueEaterVGC has 30 seconds left.\n|\n|t:|1682612586\n|-terastallize|p1a: Gholdengo|Steel\n|move|p2b: Flutter Mane|Protect|p2b: Flutter Mane\n|-singleturn|p2b: Flutter Mane|Protect\n|move|p1b: Iron Bundle|Icy Wind|p2b: Flutter Mane|[spread] p2a\n|-activate|p2b: Flutter Mane|move: Protect\n|-supereffective|p2a: Dragonite\n|-damage|p2a: Dragonite|26\/100\n|-unboost|p2a: Dragonite|spe|1\n|move|p1a: Gholdengo|Make It Rain|p2b: Flutter Mane|[spread] p2a\n|-activate|p2b: Flutter Mane|move: Protect\n|-damage|p2a: Dragonite|0 fnt\n|-unboost|p1a: Gholdengo|spa|1\n|faint|p2a: Dragonite\n|-damage|p1a: Gholdengo|91\/100|[from] item: Life Orb\n|\n|-weather|RainDance|[upkeep]\n|upkeep\n|inactive|GlueEaterVGC has 30 seconds left.\n|\n|t:|1682612621\n|switch|p2a: Kingambit|Kingambit, L50, F|100\/100\n|turn|4\n|\n|t:|1682612633\n|-end|p2b: Flutter Mane|Protosynthesis|[silent]\n|switch|p2b: Arcanine|Arcanine, L50, F|100\/100\n|-ability|p2b: Arcanine|Intimidate|boost\n|-unboost|p1a: Gholdengo|atk|1\n|-unboost|p1b: Iron Bundle|atk|1\n|move|p1b: Iron Bundle|Hydro Pump|p2a: Kingambit\n|-damage|p2a: Kingambit|22\/100\n|move|p1a: Gholdengo|Make It Rain|p2a: Kingambit|[spread] p2a,p2b\n|-resisted|p2a: Kingambit\n|-resisted|p2b: Arcanine\n|-damage|p2a: Kingambit|0 fnt\n|-damage|p2b: Arcanine|74\/100\n|-unboost|p1a: Gholdengo|spa|1\n|faint|p2a: Kingambit\n|-damage|p1a: Gholdengo|81\/100|[from] item: Life Orb\n|\n|-weather|RainDance|[upkeep]\n|upkeep\n|\n|t:|1682612648\n|switch|p2a: Flutter Mane|Flutter Mane, L50, tera:Fairy|62\/100\n|turn|5\n|\n|t:|1682612670\n|move|p1b: Iron Bundle|Hydro Pump|p2b: Arcanine|[miss]\n|-miss|p1b: Iron Bundle|p2b: Arcanine\n|move|p2a: Flutter Mane|Shadow Ball|p1a: Gholdengo\n|-crit|p1a: Gholdengo\n|-damage|p1a: Gholdengo|3\/100\n|move|p1a: Gholdengo|Make It Rain|p2b: Arcanine|[spread] p2a,p2b\n|-supereffective|p2a: Flutter Mane\n|-resisted|p2b: Arcanine\n|-damage|p2a: Flutter Mane|0 fnt\n|-damage|p2b: Arcanine|52\/100\n|-unboost|p1a: Gholdengo|spa|1\n|faint|p2a: Flutter Mane\n|-end|p2a: Flutter Mane|Protosynthesis|[silent]\n|-damage|p1a: Gholdengo|0 fnt|[from] item: Life Orb\n|faint|p1a: Gholdengo\n|move|p2b: Arcanine|Flare Blitz|p1b: Iron Bundle\n|-damage|p1b: Iron Bundle|75\/100\n|-damage|p2b: Arcanine|46\/100|[from] Recoil\n|\n|-weather|none\n|upkeep\n|turn|6\n|j| Upinguino\n|\n|t:|1682612689\n|move|p1b: Iron Bundle|Hydro Pump|p2b: Arcanine\n|-supereffective|p2b: Arcanine\n|-damage|p2b: Arcanine|0 fnt\n|faint|p2b: Arcanine\n|\n|win|razeycakes\n|n|\u2606razeycakes|razeycakes\n|n|\u2606GlueEaterVGC|glueeatervgc\n|n| Upinguino|upinguino\n|l| Upinguino\n|l|\u2606GlueEaterVGC\n|j|\u2606GlueEaterVGC\n|player|p2|GlueEaterVGC|265\n","uploadtime":1682612724,"views":11,"p1id":"razeycakes","p2id":"glueeatervgc","formatid":"gen9vgc2023regulationc","rating":0,"private":0,"password":""}