{"id":"gen9vgc2023regulationc-1854457584","p1":"u got dirged","p2":"Kel_13","format":"[Gen 9] VGC 2023 Regulation C","log":"|j|\u2606u got dirged\n|j|\u2606Kel_13\n|t:|1682813384\n|gametype|doubles\n|player|p1|u got dirged|flannery|1074\n|player|p2|Kel_13|101|1000\n|teamsize|p1|6\n|teamsize|p2|6\n|gen|9\n|tier|[Gen 9] VGC 2023 Regulation C\n|rated|\n|rule|Species Clause: Limit one of each Pok\u00e9mon\n|rule|Item Clause: Limit one of each item\n|clearpoke\n|poke|p1|Scream Tail, L50|\n|poke|p1|Baxcalibur, L50, F|\n|poke|p1|Iron Hands, L50|\n|poke|p1|Corviknight, L50, F|\n|poke|p1|Flutter Mane, L50|\n|poke|p1|Tauros-Paldea-Aqua, L50, M|\n|poke|p2|Pyroar, L50, F|\n|poke|p2|Talonflame, L50, M|\n|poke|p2|Arcanine, L50, F|\n|poke|p2|Armarouge, L50, M|\n|poke|p2|Torkoal, L50, F|\n|poke|p2|Roaring Moon, L50|\n|teampreview|4\nu got dirged has agreed to open team sheets.\n|\n|t:|1682813407\n|start\n|switch|p1a: Iron Hands|Iron Hands, L50|100\/100\n|switch|p1b: Baxcalibur|Baxcalibur, L50, F|100\/100\n|switch|p2a: Talonflame|Talonflame, L50, M|100\/100\n|switch|p2b: Armarouge|Armarouge, L50, M|100\/100\n|turn|1\n|\n|t:|1682813431\n|move|p2b: Armarouge|Protect|p2b: Armarouge\n|-singleturn|p2b: Armarouge|Protect\n|move|p1a: Iron Hands|Fake Out|p2b: Armarouge\n|-activate|p2b: Armarouge|move: Protect\n|move|p2a: Talonflame|Will-O-Wisp|p1b: Baxcalibur\n|-immune|p1b: Baxcalibur|[from] ability: Thermal Exchange\n|move|p1b: Baxcalibur|Glaive Rush|p2b: Armarouge\n|-activate|p2b: Armarouge|move: Protect\n|\n|upkeep\n|turn|2\n|\n|t:|1682813455\n|switch|p2a: Arcanine|Arcanine, L50, F|100\/100\n|-ability|p2a: Arcanine|Intimidate|boost\n|-unboost|p1a: Iron Hands|atk|1\n|-unboost|p1b: Baxcalibur|atk|1\n|move|p1b: Baxcalibur|Glaive Rush|p2b: Armarouge\n|-damage|p2b: Armarouge|59\/100\n|-singlemove|p1b: Baxcalibur|Glaive Rush|[silent]\n|move|p2b: Armarouge|Expanding Force|p1a: Iron Hands\n|-supereffective|p1a: Iron Hands\n|-damage|p1a: Iron Hands|45\/100\n|move|p1a: Iron Hands|Wild Charge|p2b: Armarouge\n|-damage|p2b: Armarouge|22\/100\n|-damage|p1a: Iron Hands|37\/100|[from] Recoil\n|\n|upkeep\n|turn|3\n|\n|t:|1682813480\n|-end|p1a: Iron Hands|Quark Drive|[silent]\n|switch|p1a: Scream Tail|Scream Tail, L50, shiny|100\/100\n|-enditem|p1a: Scream Tail|Booster Energy\n|-activate|p1a: Scream Tail|ability: Protosynthesis|[fromitem]\n|-start|p1a: Scream Tail|protosynthesisspe\n|move|p1b: Baxcalibur|Protect|p1b: Baxcalibur\n|-singleturn|p1b: Baxcalibur|Protect\n|move|p2a: Arcanine|Close Combat|p1b: Baxcalibur\n|-activate|p1b: Baxcalibur|move: Protect\n|move|p2b: Armarouge|Expanding Force|p1a: Scream Tail\n|-resisted|p1a: Scream Tail\n|-crit|p1a: Scream Tail\n|-damage|p1a: Scream Tail|75\/100\n|\n|upkeep\n|turn|4\n|\n|t:|1682813518\n|switch|p2b: Talonflame|Talonflame, L50, M|100\/100\n|-terastallize|p2a: Arcanine|Fairy\n|move|p1a: Scream Tail|Disable|p2a: Arcanine\n|-start|p2a: Arcanine|Disable|Close Combat\n|move|p1b: Baxcalibur|Glaive Rush|p2b: Talonflame\n|-damage|p2b: Talonflame|40\/100\n|-singlemove|p1b: Baxcalibur|Glaive Rush|[silent]\n|move|p2a: Arcanine|Play Rough|p1b: Baxcalibur\n|-supereffective|p1b: Baxcalibur\n|-damage|p1b: Baxcalibur|0 fnt\n|faint|p1b: Baxcalibur\n|\n|upkeep\n|\n|t:|1682813546\n|switch|p1b: Iron Hands|Iron Hands, L50|37\/100\n|turn|5\n|inactive|Battle timer is ON: inactive players will automatically lose when time's up. (requested by u got dirged)\n|\n|t:|1682813592\n|-terastallize|p1b: Iron Hands|Fire\n|move|p1a: Scream Tail|Howl|p1a: Scream Tail|[spread] p1a,p1b\n|-boost|p1a: Scream Tail|atk|1\n|-boost|p1b: Iron Hands|atk|1\n|move|p2b: Talonflame|Taunt|p1a: Scream Tail\n|-start|p1a: Scream Tail|move: Taunt\n|move|p2a: Arcanine|Play Rough|p1b: Iron Hands\n|-resisted|p1b: Iron Hands\n|-damage|p1b: Iron Hands|20\/100\n|move|p1b: Iron Hands|Wild Charge|p2a: Arcanine\n|-damage|p2a: Arcanine|14\/100\n|-enditem|p2a: Arcanine|Sitrus Berry|[eat]\n|-heal|p2a: Arcanine|39\/100|[from] item: Sitrus Berry\n|-damage|p1b: Iron Hands|1\/100|[from] Recoil\n|\n|upkeep\n|turn|6\n|inactive|Kel_13 has 30 seconds left.\n|inactive|u got dirged has 30 seconds left.\n|inactive|Kel_13 has 20 seconds left.\n|\n|t:|1682813631\n|move|p1a: Scream Tail|Play Rough|p2a: Arcanine\n|-damage|p2a: Arcanine|0 fnt\n|faint|p2a: Arcanine\n|move|p2b: Talonflame|Brave Bird|p1b: Iron Hands\n|-damage|p1b: Iron Hands|0 fnt\n|faint|p1b: Iron Hands\n|-end|p1b: Iron Hands|Quark Drive|[silent]\n|-damage|p2b: Talonflame|40\/100|[from] Recoil\n|\n|upkeep\n|\n|t:|1682813648\n|switch|p2a: Pyroar|Pyroar, L50, F|100\/100\n|switch|p1b: Tauros|Tauros-Paldea-Aqua, L50, M|100\/100\n|-ability|p2a: Pyroar|Unnerve\n|-ability|p1b: Tauros|Intimidate|boost\n|-unboost|p2a: Pyroar|atk|1\n|-unboost|p2b: Talonflame|atk|1\n|turn|7\n|\n|t:|1682813664\n|move|p1b: Tauros|Aqua Jet|p2b: Talonflame\n|-supereffective|p2b: Talonflame\n|-damage|p2b: Talonflame|0 fnt\n|faint|p2b: Talonflame\n|move|p1a: Scream Tail|Play Rough|p2a: Pyroar\n|-resisted|p2a: Pyroar\n|-damage|p2a: Pyroar|75\/100\n|move|p2a: Pyroar|Hyper Voice|p1b: Tauros|[spread] p1a,p1b\n|-damage|p1a: Scream Tail|48\/100\n|-damage|p1b: Tauros|41\/100\n|-damage|p2a: Pyroar|65\/100|[from] item: Life Orb\n|\n|upkeep\n|\n|t:|1682813674\n|switch|p2b: Armarouge|Armarouge, L50, M|22\/100\n|turn|8\n|\n|t:|1682813698\n|move|p1b: Tauros|Aqua Jet|p2a: Pyroar\n|-supereffective|p2a: Pyroar\n|-damage|p2a: Pyroar|15\/100\n|move|p1a: Scream Tail|Play Rough|p2a: Pyroar\n|-resisted|p2a: Pyroar\n|-damage|p2a: Pyroar|0 fnt\n|faint|p2a: Pyroar\n|move|p2b: Armarouge|Heat Wave|p1b: Tauros|[spread] p1a\n|-miss|p2b: Armarouge|p1b: Tauros\n|-crit|p1a: Scream Tail\n|-damage|p1a: Scream Tail|9\/100\n|\n|-end|p1a: Scream Tail|move: Taunt\n|upkeep\n|turn|9\n|\n|t:|1682813714\n|move|p1b: Tauros|Aqua Jet|p2b: Armarouge\n|-supereffective|p2b: Armarouge\n|-damage|p2b: Armarouge|0 fnt\n|faint|p2b: Armarouge\n|\n|win|u got dirged\n|raw|u got dirged's rating: 1074 → 1097<\/strong> (+23 for winning)\n|raw|Kel_13's rating: 1000 → 1000<\/strong> (+0 for losing)\n","uploadtime":1682813719,"views":15,"p1id":"ugotdirged","p2id":"kel13","formatid":"gen9vgc2023regulationc","rating":1000,"private":0,"password":""}