{"id":"gen9vgc2023regulationc-1848094936","p1":"Lex the Luxray","p2":"Rutxu17","format":"[Gen 9] VGC 2023 Regulation C","log":"|j|\u2606Lex the Luxray\n|j|\u2606Rutxu17\n|t:|1682029074\n|gametype|doubles\n|player|p1|Lex the Luxray|2|1108\n|player|p2|Rutxu17|102|1064\n|teamsize|p1|6\n|teamsize|p2|6\n|gen|9\n|tier|[Gen 9] VGC 2023 Regulation C\n|rated|\n|rule|Species Clause: Limit one of each Pok\u00e9mon\n|rule|Item Clause: Limit one of each item\n|clearpoke\n|poke|p1|Chi-Yu, L50|\n|poke|p1|Flutter Mane, L50|\n|poke|p1|Amoonguss, L50, M|\n|poke|p1|Luxray, L50, M|\n|poke|p1|Chien-Pao, L50|\n|poke|p1|Palafin, L50, F|\n|poke|p2|Amoonguss, L50, F|\n|poke|p2|Palafin, L50, F|\n|poke|p2|Arcanine, L50, F|\n|poke|p2|Flutter Mane, L50|\n|poke|p2|Chien-Pao, L50|\n|poke|p2|Dragonite, L50, M|\n|teampreview|4\n|inactive|Battle timer is ON: inactive players will automatically lose when time's up. (requested by Rutxu17)\n|\n|t:|1682029114\n|start\n|switch|p1a: Amoonguss|Amoonguss, L50, M|100\/100\n|switch|p1b: Flutter Mane|Flutter Mane, L50|100\/100\n|switch|p2a: AllMight|Palafin, L50, F|100\/100\n|switch|p2b: Flutter Mane|Flutter Mane, L50|100\/100\n|turn|1\n|\n|t:|1682029133\n|-terastallize|p2b: Flutter Mane|Fairy\n|move|p1b: Flutter Mane|Protect|p1b: Flutter Mane\n|-singleturn|p1b: Flutter Mane|Protect\n|move|p2a: AllMight|Jet Punch|p1b: Flutter Mane\n|-activate|p1b: Flutter Mane|move: Protect\n|move|p2b: Flutter Mane|Shadow Ball|p1b: Flutter Mane\n|-activate|p1b: Flutter Mane|move: Protect\n|move|p1a: Amoonguss|Spore|p2a: AllMight\n|-status|p2a: AllMight|slp|[from] move: Spore\n|\n|upkeep\n|turn|2\n|inactive|Lex the Luxray has 30 seconds left.\n|\n|t:|1682029159\n|-end|p1b: Flutter Mane|Protosynthesis|[silent]\n|switch|p1b: Chien-Pao|Chien-Pao, L50|100\/100\n|-ability|p1b: Chien-Pao|Sword of Ruin\n|detailschange|p2a: AllMight|Palafin-Hero, L50, F\n|switch|p2a: Toad|Amoonguss, L50, F|100\/100\n|move|p1a: Amoonguss|Rage Powder|p1a: Amoonguss\n|-singleturn|p1a: Amoonguss|move: Rage Powder\n|move|p2b: Flutter Mane|Shadow Ball|p1a: Amoonguss\n|-damage|p1a: Amoonguss|43\/100\n|-enditem|p1a: Amoonguss|Sitrus Berry|[eat]\n|-heal|p1a: Amoonguss|68\/100|[from] item: Sitrus Berry\n|\n|upkeep\n|turn|3\n|inactive|Lex the Luxray has 30 seconds left.\n|inactive|Lex the Luxray has 20 seconds left.\n|\n|t:|1682029197\n|move|p1a: Amoonguss|Protect|p1a: Amoonguss\n|-singleturn|p1a: Amoonguss|Protect\n|move|p2a: Toad|Protect|p2a: Toad\n|-singleturn|p2a: Toad|Protect\n|move|p1b: Chien-Pao|Ice Spinner|p2a: Toad\n|-activate|p2a: Toad|move: Protect\n|move|p2b: Flutter Mane|Shadow Ball|p1a: Amoonguss\n|-activate|p1a: Amoonguss|move: Protect\n|\n|upkeep\n|turn|4\n|inactive|Lex the Luxray has 30 seconds left.\n|inactive|Lex the Luxray has 20 seconds left.\n|inactive|Lex the Luxray has 15 seconds left.\n|\n|t:|1682029240\n|switch|p1a: Luxray|Luxray, L50, M, shiny|100\/100\n|-ability|p1a: Luxray|Intimidate|boost\n|-unboost|p2a: Toad|atk|1\n|-unboost|p2b: Flutter Mane|atk|1\n|switch|p2a: Arcanine|Arcanine, L50, F|100\/100\n|-ability|p2a: Arcanine|Intimidate|boost\n|-unboost|p1a: Luxray|atk|1\n|-unboost|p1b: Chien-Pao|atk|1\n|-terastallize|p1b: Chien-Pao|Ghost\n|move|p1b: Chien-Pao|Ice Spinner|p2b: Flutter Mane\n|-damage|p2b: Flutter Mane|40\/100\n|move|p2b: Flutter Mane|Shadow Ball|p1b: Chien-Pao\n|-supereffective|p1b: Chien-Pao\n|-enditem|p1b: Chien-Pao|Focus Sash\n|-damage|p1b: Chien-Pao|1\/100\n|\n|upkeep\n|turn|5\n|inactive|Rutxu17 has 30 seconds left.\n|\n|t:|1682029268\n|-end|p2b: Flutter Mane|Protosynthesis|[silent]\n|switch|p2b: Toad|Amoonguss, L50, F|100\/100\n|move|p1b: Chien-Pao|Protect|p1b: Chien-Pao\n|-singleturn|p1b: Chien-Pao|Protect\n|move|p2a: Arcanine|Flare Blitz|p1a: Luxray\n|-damage|p1a: Luxray|14\/100\n|-damage|p2a: Arcanine|74\/100|[from] Recoil\n|move|p1a: Luxray|Wild Charge|p2b: Toad\n|-resisted|p2b: Toad\n|-damage|p2b: Toad|86\/100\n|-damage|p1a: Luxray|9\/100|[from] Recoil\n|\n|-heal|p1a: Luxray|16\/100|[from] item: Leftovers\n|upkeep\n|turn|6\n|\n|t:|1682029289\n|switch|p1b: Flutter Mane|Flutter Mane, L50|100\/100\n|move|p1a: Luxray|Protect|p1a: Luxray\n|-singleturn|p1a: Luxray|Protect\n|move|p2a: Arcanine|Extreme Speed|p1b: Flutter Mane\n|-immune|p1b: Flutter Mane\n|move|p2b: Toad|Pollen Puff|p1a: Luxray\n|-activate|p1a: Luxray|move: Protect\n|\n|-heal|p1a: Luxray|22\/100|[from] item: Leftovers\n|upkeep\n|turn|7\n|\n|t:|1682029312\n|move|p1b: Flutter Mane|Shadow Ball|p2a: Arcanine\n|-damage|p2a: Arcanine|18\/100\n|-damage|p1b: Flutter Mane|90\/100|[from] item: Life Orb\n|move|p2a: Arcanine|Flare Blitz|p1b: Flutter Mane\n|-damage|p1b: Flutter Mane|0 fnt\n|faint|p1b: Flutter Mane\n|-end|p1b: Flutter Mane|Protosynthesis|[silent]\n|-damage|p2a: Arcanine|0 fnt|[from] Recoil\n|faint|p2a: Arcanine\n|move|p1a: Luxray|Volt Switch|p2b: Toad\n|-resisted|p2b: Toad\n|-damage|p2b: Toad|78\/100\n|\n|t:|1682029323\n|switch|p1a: Amoonguss|Amoonguss, L50, M|100\/100|[from] Volt Switch\n|move|p2b: Toad|Spore|p1a: Amoonguss\n|-immune|p1a: Amoonguss\n|\n|upkeep\n|\n|t:|1682029330\n|switch|p1b: Luxray|Luxray, L50, M, shiny|22\/100\n|switch|p2a: Flutter Mane|Flutter Mane, L50, tera:Fairy|40\/100\n|-ability|p1b: Luxray|Intimidate|boost\n|-unboost|p2a: Flutter Mane|atk|1\n|-unboost|p2b: Toad|atk|1\n|turn|8\n|\n|t:|1682029344\n|move|p1a: Amoonguss|Rage Powder|p1a: Amoonguss\n|-singleturn|p1a: Amoonguss|move: Rage Powder\n|move|p2a: Flutter Mane|Dazzling Gleam|p1a: Amoonguss|[spread] p1a,p1b\n|-resisted|p1a: Amoonguss\n|-damage|p1a: Amoonguss|75\/100\n|-damage|p1b: Luxray|0 fnt\n|faint|p1b: Luxray\n|move|p2b: Toad|Pollen Puff|p2a: Flutter Mane\n|-heal|p2a: Flutter Mane|90\/100\n|\n|upkeep\n|\n|t:|1682029353\n|switch|p1b: Chien-Pao|Chien-Pao, L50, tera:Ghost|1\/100\n|-ability|p1b: Chien-Pao|Sword of Ruin\n|turn|9\n|\n|t:|1682029367\n|move|p2b: Toad|Protect|p2b: Toad\n|-singleturn|p2b: Toad|Protect\n|move|p1a: Amoonguss|Rage Powder|p1a: Amoonguss\n|-singleturn|p1a: Amoonguss|move: Rage Powder\n|move|p1b: Chien-Pao|Ice Spinner|p2a: Flutter Mane\n|-damage|p2a: Flutter Mane|0 fnt\n|faint|p2a: Flutter Mane\n|-end|p2a: Flutter Mane|Protosynthesis|[silent]\n|\n|upkeep\n|\n|t:|1682029374\n|switch|p2a: AllMight|Palafin-Hero, L50, F|100\/100 slp\n|-activate|p2a: AllMight|ability: Zero to Hero\n|turn|10\n|inactive|Lex the Luxray has 30 seconds left.\n|\n|t:|1682029407\n|cant|p2a: AllMight|slp\n|move|p1b: Chien-Pao|Ice Spinner|p2b: Toad\n|-supereffective|p2b: Toad\n|-damage|p2b: Toad|0 fnt\n|faint|p2b: Toad\n|move|p1a: Amoonguss|Pollen Puff|p1b: Chien-Pao\n|-heal|p1b: Chien-Pao|51\/100\n|\n|upkeep\n|turn|11\n|\n|t:|1682029420\n|-curestatus|p2a: AllMight|slp|[msg]\n|move|p2a: AllMight|Jet Punch|p1b: Chien-Pao\n|-damage|p1b: Chien-Pao|0 fnt\n|faint|p1b: Chien-Pao\n|move|p1a: Amoonguss|Pollen Puff|p2a: AllMight\n|-damage|p2a: AllMight|83\/100\n|\n|upkeep\n|turn|12\n|\n|t:|1682029430\n|move|p2a: AllMight|Jet Punch|p1a: Amoonguss\n|-resisted|p1a: Amoonguss\n|-damage|p1a: Amoonguss|56\/100\n|move|p1a: Amoonguss|Spore|p2a: AllMight\n|-status|p2a: AllMight|slp|[from] move: Spore\n|\n|upkeep\n|turn|13\n|\n|t:|1682029438\n|cant|p2a: AllMight|slp\n|move|p1a: Amoonguss|Pollen Puff|p2a: AllMight\n|-damage|p2a: AllMight|65\/100 slp\n|\n|upkeep\n|turn|14\n|\n|t:|1682029446\n|-curestatus|p2a: AllMight|slp|[msg]\n|move|p2a: AllMight|Jet Punch|p1a: Amoonguss\n|-resisted|p1a: Amoonguss\n|-damage|p1a: Amoonguss|37\/100\n|move|p1a: Amoonguss|Pollen Puff|p2a: AllMight\n|-damage|p2a: AllMight|45\/100\n|\n|upkeep\n|turn|15\n|\n|t:|1682029454\n|move|p1a: Amoonguss|Protect|p1a: Amoonguss\n|-singleturn|p1a: Amoonguss|Protect\n|move|p2a: AllMight|Jet Punch|p1a: Amoonguss\n|-activate|p1a: Amoonguss|move: Protect\n|\n|upkeep\n|turn|16\n|\n|t:|1682029461\n|move|p2a: AllMight|Protect|p2a: AllMight\n|-singleturn|p2a: AllMight|Protect\n|move|p1a: Amoonguss|Spore|p2a: AllMight\n|-activate|p2a: AllMight|move: Protect\n|\n|upkeep\n|turn|17\n|\n|t:|1682029469\n|move|p2a: AllMight|Jet Punch|p1a: Amoonguss\n|-resisted|p1a: Amoonguss\n|-damage|p1a: Amoonguss|16\/100\n|move|p1a: Amoonguss|Spore|p2a: AllMight\n|-status|p2a: AllMight|slp|[from] move: Spore\n|\n|upkeep\n|turn|18\n|\n|t:|1682029476\n|cant|p2a: AllMight|slp\n|move|p1a: Amoonguss|Pollen Puff|p2a: AllMight\n|-damage|p2a: AllMight|28\/100 slp\n|\n|upkeep\n|turn|19\n|\n|t:|1682029482\n|cant|p2a: AllMight|slp\n|move|p1a: Amoonguss|Pollen Puff|p2a: AllMight\n|-damage|p2a: AllMight|11\/100 slp\n|\n|upkeep\n|turn|20\n|\n|t:|1682029489\n|cant|p2a: AllMight|slp\n|move|p1a: Amoonguss|Pollen Puff|p2a: AllMight\n|-damage|p2a: AllMight|0 fnt\n|faint|p2a: AllMight\n|\n|win|Lex the Luxray\n|raw|Lex the Luxray's rating: 1108 → 1130<\/strong> (+22 for winning)\n|raw|Rutxu17's rating: 1064 → 1047<\/strong> (-17 for losing)\n|c|\u2606Lex the Luxray|no shot i won that\n|c|\u2606Lex the Luxray|gg\n|l|\u2606Lex the Luxray\n|c|\u2606Rutxu17|gg\n","uploadtime":1682029520,"views":5,"p1id":"lextheluxray","p2id":"rutxu17","formatid":"gen9vgc2023regulationc","rating":1047,"private":0,"password":""}