{"id":"gen9vgc2023regulationc-1860189948","p1":"We_Love_The_Gong","p2":"MrBurning","format":"[Gen 9] VGC 2023 Regulation C","log":"|j|\u2606We_Love_The_Gong\n|j|\u2606MrBurning\n|t:|1683607301\n|gametype|doubles\n|player|p1|We_Love_The_Gong|fantina|1486\n|player|p2|MrBurning|265|1412\n|teamsize|p1|6\n|teamsize|p2|6\n|gen|9\n|tier|[Gen 9] VGC 2023 Regulation C\n|rated|\n|rule|Species Clause: Limit one of each Pok\u00e9mon\n|rule|Item Clause: Limit one of each item\n|clearpoke\n|poke|p1|Ditto, L50|\n|poke|p1|Ting-Lu, L50|\n|poke|p1|Gyarados, L50, F|\n|poke|p1|Flutter Mane, L50|\n|poke|p1|Amoonguss, L50, F|\n|poke|p1|Baxcalibur, L50, M|\n|poke|p2|Espathra, L50, M|\n|poke|p2|Sandy Shocks, L50|\n|poke|p2|Grimmsnarl, L50, M|\n|poke|p2|Palafin, L50, F|\n|poke|p2|Appletun, L50, F|\n|poke|p2|Glimmora, L50, F|\n|teampreview|4\nWe_Love_The_Gong has agreed to open team sheets.\nMrBurning has agreed to open team sheets.\n|inactive|Battle timer is ON: inactive players will automatically lose when time's up. (requested by We_Love_The_Gong)\n|\n|t:|1683607372\n|start\n|switch|p1a: Gyarados|Gyarados, L50, F|100\/100\n|switch|p1b: Flutter Mane|Flutter Mane, L50|100\/100\n|switch|p2a: Grimmsnarl|Grimmsnarl, L50, M|100\/100\n|switch|p2b: Espathra|Espathra, L50, M|100\/100\n|-ability|p1a: Gyarados|Intimidate|boost\n|-unboost|p2a: Grimmsnarl|atk|1\n|-unboost|p2b: Espathra|atk|1\n|turn|1\n|\n|t:|1683607396\n|move|p2b: Espathra|Protect|p2b: Espathra\n|-singleturn|p2b: Espathra|Protect\n|move|p2a: Grimmsnarl|Light Screen|p2a: Grimmsnarl\n|-sidestart|p2: MrBurning|move: Light Screen\n|move|p1b: Flutter Mane|Dazzling Gleam|p2b: Espathra|[spread] p2a\n|-activate|p2b: Espathra|move: Protect\n|-supereffective|p2a: Grimmsnarl\n|-damage|p2a: Grimmsnarl|32\/100\n|move|p1a: Gyarados|Taunt|p2a: Grimmsnarl\n|-start|p2a: Grimmsnarl|move: Taunt\n|\n|-ability|p2b: Espathra|Speed Boost|boost\n|-boost|p2b: Espathra|spe|1\n|upkeep\n|turn|2\n|\n|t:|1683607409\n|move|p1a: Gyarados|Helping Hand|p1b: Flutter Mane\n|-singleturn|p1b: Flutter Mane|Helping Hand|[of] p1a: Gyarados\n|move|p2b: Espathra|Baton Pass|p2b: Espathra\n|\n|t:|1683607413\n|switch|p2b: Glimmora|Glimmora, L50, F|100\/100|[from] Baton Pass\n|move|p1b: Flutter Mane|Dazzling Gleam|p2a: Grimmsnarl|[spread] p2a,p2b\n|-supereffective|p2a: Grimmsnarl\n|-resisted|p2b: Glimmora\n|-damage|p2a: Grimmsnarl|0 fnt\n|-damage|p2b: Glimmora|80\/100\n|faint|p2a: Grimmsnarl\n|\n|upkeep\n|inactive|MrBurning has 30 seconds left.\n|\n|t:|1683607444\n|switch|p2a: Espathra|Espathra, L50, M|100\/100\n|turn|3\n|\n|t:|1683607469\n|-end|p1b: Flutter Mane|Protosynthesis|[silent]\n|switch|p1b: Baxcalibur|Baxcalibur, L50, M|100\/100\n|-terastallize|p2a: Espathra|Fairy\n|move|p2b: Glimmora|Power Gem|p1a: Gyarados\n|-supereffective|p1a: Gyarados\n|-crit|p1a: Gyarados\n|-damage|p1a: Gyarados|20\/100\n|move|p2a: Espathra|Dazzling Gleam|p1a: Gyarados|[spread] p1a,p1b\n|-supereffective|p1b: Baxcalibur\n|-damage|p1a: Gyarados|3\/100\n|-damage|p1b: Baxcalibur|55\/100\n|move|p1a: Gyarados|Thunder Wave|p2b: Glimmora\n|-status|p2b: Glimmora|par\n|\n|-ability|p2a: Espathra|Speed Boost|boost\n|-boost|p2a: Espathra|spe|1\n|upkeep\n|turn|4\n|\n|t:|1683607487\n|-terastallize|p1b: Baxcalibur|Poison\n|move|p1a: Gyarados|Helping Hand|p1b: Baxcalibur\n|-singleturn|p1b: Baxcalibur|Helping Hand|[of] p1a: Gyarados\n|move|p2a: Espathra|Dazzling Gleam|p1b: Baxcalibur|[spread] p1a,p1b\n|-resisted|p1b: Baxcalibur\n|-damage|p1a: Gyarados|0 fnt\n|-damage|p1b: Baxcalibur|44\/100\n|faint|p1a: Gyarados\n|move|p1b: Baxcalibur|Icicle Spear|p2a: Espathra\n|-damage|p2a: Espathra|70\/100\n|-damage|p2a: Espathra|41\/100\n|-damage|p2a: Espathra|13\/100\n|-damage|p2a: Espathra|0 fnt\n|faint|p2a: Espathra\n|-hitcount|p2: Espathra|4\n|move|p2b: Glimmora|Power Gem|p1b: Baxcalibur\n|-damage|p1b: Baxcalibur|10\/100\n|\n|upkeep\n|\n|t:|1683607500\n|switch|p2a: Sandy Shocks|Sandy Shocks, L50|100\/100\n|switch|p1a: Ting-Lu|Ting-Lu, L50|100\/100\n|-ability|p1a: Ting-Lu|Vessel of Ruin\n|-enditem|p2a: Sandy Shocks|Booster Energy\n|-activate|p2a: Sandy Shocks|ability: Protosynthesis|[fromitem]\n|-start|p2a: Sandy Shocks|protosynthesisspe\n|turn|5\n|\n|t:|1683607519\n|move|p1b: Baxcalibur|Protect|p1b: Baxcalibur\n|-singleturn|p1b: Baxcalibur|Protect\n|move|p2a: Sandy Shocks|Earth Power|p1b: Baxcalibur\n|-activate|p1b: Baxcalibur|move: Protect\n|cant|p2b: Glimmora|par\n|move|p1a: Ting-Lu|Stomping Tantrum|p2b: Glimmora\n|-supereffective|p2b: Glimmora\n|-damage|p2b: Glimmora|0 fnt\n|-activate|p2b: Glimmora|ability: Toxic Debris\n|-sidestart|p1: We_Love_The_Gong|move: Toxic Spikes\n|faint|p2b: Glimmora\n|\n|upkeep\n|turn|6\n|-message|MrBurning forfeited.\n|\n|win|We_Love_The_Gong\n|raw|We_Love_The_Gong's rating: 1486 → 1502<\/strong> (+16 for winning)\n|raw|MrBurning's rating: 1412 → 1396<\/strong> (-16 for losing)\n|l|\u2606MrBurning\n|c|\u2606We_Love_The_Gong|gg\n","uploadtime":1683607532,"views":11,"p1id":"welovethegong","p2id":"mrburning","formatid":"gen9vgc2023regulationc","rating":1396,"private":0,"password":""}