{"id":"gen9vgc2023regulationc-1846091666","p1":"Tony2810","p2":"jhsn","format":"[Gen 9] VGC 2023 Regulation C","log":"|j|\u2606Tony2810\n|j|\u2606jhsn\n|t:|1681804816\n|gametype|doubles\n|player|p1|Tony2810|iris-gen5bw2|1177\n|player|p2|jhsn|265|1137\n|teamsize|p1|6\n|teamsize|p2|6\n|gen|9\n|tier|[Gen 9] VGC 2023 Regulation C\n|rated|\n|rule|Species Clause: Limit one of each Pok\u00e9mon\n|rule|Item Clause: Limit one of each item\n|clearpoke\n|poke|p1|Chi-Yu, L50|\n|poke|p1|Flutter Mane, L50|\n|poke|p1|Talonflame, L50, F|\n|poke|p1|Dachsbun, L50, F|\n|poke|p1|Great Tusk, L50|\n|poke|p1|Baxcalibur, L50, M|\n|poke|p2|Flutter Mane, L50|\n|poke|p2|Dragonite, L50, F|\n|poke|p2|Chien-Pao, L50|\n|poke|p2|Ting-Lu, L50|\n|poke|p2|Dondozo, L50, F|\n|poke|p2|Amoonguss, L50, F|\n|teampreview|4\n|inactive|Battle timer is ON: inactive players will automatically lose when time's up. (requested by Tony2810)\n|inactive|jhsn has 60 seconds left.\n|\n|t:|1681804886\n|start\n|switch|p1a: Chi-Yu|Chi-Yu, L50|100\/100\n|switch|p1b: Dachsbun|Dachsbun, L50, F|100\/100\n|switch|p2a: Chien-Pao|Chien-Pao, L50|100\/100\n|switch|p2b: Dragonite|Dragonite, L50, F|100\/100\n|-ability|p1a: Chi-Yu|Beads of Ruin\n|-ability|p2a: Chien-Pao|Sword of Ruin\n|turn|1\n|inactive|Tony2810 has 30 seconds left.\n|\n|t:|1681804912\n|-terastallize|p2b: Dragonite|Flying\n|move|p2a: Chien-Pao|Protect|p2a: Chien-Pao\n|-singleturn|p2a: Chien-Pao|Protect\n|move|p1a: Chi-Yu|Lava Plume|p2b: Dragonite|[spread] p2b\n|-activate|p2a: Chien-Pao|move: Protect\n|-ability|p1b: Dachsbun|Well-Baked Body|boost\n|-boost|p1b: Dachsbun|def|2\n|-damage|p2b: Dragonite|81\/100\n|move|p1b: Dachsbun|Body Press|p2a: Chien-Pao\n|-activate|p2a: Chien-Pao|move: Protect\n|move|p2b: Dragonite|Tera Blast|p1a: Chi-Yu\n|-damage|p1a: Chi-Yu|0 fnt\n|faint|p1a: Chi-Yu\n|\n|upkeep\n|\n|t:|1681804919\n|switch|p1a: Baxcalibur|Baxcalibur, L50, M|100\/100\n|turn|2\n|inactive|jhsn has 30 seconds left.\n|\n|t:|1681804950\n|-terastallize|p1a: Baxcalibur|Water\n|move|p2a: Chien-Pao|Ice Spinner|p1b: Dachsbun\n|-damage|p1b: Dachsbun|82\/100\n|move|p1b: Dachsbun|Body Press|p2a: Chien-Pao\n|-supereffective|p2a: Chien-Pao\n|-enditem|p2a: Chien-Pao|Focus Sash\n|-damage|p2a: Chien-Pao|1\/100\n|move|p1a: Baxcalibur|Icicle Spear|p2b: Dragonite\n|-supereffective|p2b: Dragonite\n|-damage|p2b: Dragonite|43\/100\n|-supereffective|p2b: Dragonite\n|-damage|p2b: Dragonite|0 fnt\n|faint|p2b: Dragonite\n|-hitcount|p2: Dragonite|2\n|\n|upkeep\n|\n|t:|1681804973\n|switch|p2b: Flutter Mane|Flutter Mane, L50|100\/100\n|turn|3\n|inactive|jhsn has 30 seconds left.\n|inactive|jhsn has 20 seconds left.\n|\n|t:|1681805010\n|move|p2a: Chien-Pao|Sucker Punch|p1a: Baxcalibur\n|-damage|p1a: Baxcalibur|60\/100\n|move|p2b: Flutter Mane|Shadow Ball|p1a: Baxcalibur\n|-damage|p1a: Baxcalibur|31\/100\n|move|p1b: Dachsbun|Body Press|p2a: Chien-Pao\n|-supereffective|p2a: Chien-Pao\n|-damage|p2a: Chien-Pao|0 fnt\n|faint|p2a: Chien-Pao\n|move|p1a: Baxcalibur|Icicle Spear|p2b: Flutter Mane\n|-damage|p2b: Flutter Mane|64\/100\n|-damage|p2b: Flutter Mane|29\/100\n|-hitcount|p2b: Flutter Mane|2\n|\n|upkeep\n|\n|t:|1681805024\n|switch|p2a: Ting-Lu|Ting-Lu, L50|100\/100\n|-ability|p2a: Ting-Lu|Vessel of Ruin\n|turn|4\n|\n|t:|1681805039\n|move|p2b: Flutter Mane|Protect|p2b: Flutter Mane\n|-singleturn|p2b: Flutter Mane|Protect\n|move|p1a: Baxcalibur|Ice Shard|p2b: Flutter Mane\n|-activate|p2b: Flutter Mane|move: Protect\n|move|p1b: Dachsbun|Body Press|p2a: Ting-Lu\n|-supereffective|p2a: Ting-Lu\n|-damage|p2a: Ting-Lu|36\/100\n|move|p2a: Ting-Lu|Earthquake|p1a: Baxcalibur|[spread] p1a,p1b\n|-activate|p2b: Flutter Mane|move: Protect\n|-damage|p1a: Baxcalibur|0 fnt\n|-damage|p1b: Dachsbun|68\/100\n|faint|p1a: Baxcalibur\n|\n|upkeep\n|\n|t:|1681805049\n|switch|p1a: Flutter Mane|Flutter Mane, L50|100\/100\n|-enditem|p1a: Flutter Mane|Booster Energy\n|-activate|p1a: Flutter Mane|ability: Protosynthesis|[fromitem]\n|-start|p1a: Flutter Mane|protosynthesisspe\n|turn|5\n|-message|jhsn forfeited.\n|\n|win|Tony2810\n|raw|Tony2810's rating: 1177 → 1199<\/strong> (+22 for winning)\n|raw|jhsn's rating: 1137 → 1115<\/strong> (-22 for losing)\n|l|\u2606jhsn\n","uploadtime":1681805227,"views":9,"p1id":"tony2810","p2id":"jhsn","formatid":"gen9vgc2023regulationc","rating":1115,"private":0,"password":""}