{"id":"gen9vgc2023regulationc-1856151659","p1":"zhongqiu","p2":"rtjonesy","format":"[Gen 9] VGC 2023 Regulation C","log":"|j|\u2606zhongqiu\n|j|\u2606rtjonesy\n|t:|1683035432\n|gametype|doubles\n|player|p1|zhongqiu|dawn|1322\n|player|p2|rtjonesy|infielder|1279\n|teamsize|p1|6\n|teamsize|p2|6\n|gen|9\n|tier|[Gen 9] VGC 2023 Regulation C\n|rated|\n|rule|Species Clause: Limit one of each Pok\u00e9mon\n|rule|Item Clause: Limit one of each item\n|clearpoke\n|poke|p1|Oranguru, L50, F|\n|poke|p1|Torkoal, L50, M|\n|poke|p1|Indeedee-F, L50, F|\n|poke|p1|Hatterene, L50, F|\n|poke|p1|Hariyama, L50, F|\n|poke|p1|Armarouge, L50, F|\n|poke|p2|Annihilape, L50, M|\n|poke|p2|Flutter Mane, L50|\n|poke|p2|Chi-Yu, L50|\n|poke|p2|Arcanine, L50, M|\n|poke|p2|Roaring Moon, L50|\n|poke|p2|Tinkaton, L50, F|\n|teampreview|4\n|\n|t:|1683035452\n|start\n|switch|p1a: Oranguru|Oranguru, L50, F|100\/100\n|switch|p1b: Indeedee|Indeedee-F, L50, F|100\/100\n|switch|p2a: Arcanine|Arcanine, L50, M|100\/100\n|switch|p2b: Annihilape|Annihilape, L50, M|100\/100\n|-ability|p2a: Arcanine|Intimidate|boost\n|-fail|p1a: Oranguru|unboost|Attack|[from] ability: Inner Focus|[of] p1a: Oranguru\n|-unboost|p1b: Indeedee|atk|1\n|-fieldstart|move: Psychic Terrain|[from] ability: Psychic Surge|[of] p1b: Indeedee\n|turn|1\n|\n|t:|1683035470\n|move|p1b: Indeedee|Follow Me|p1b: Indeedee\n|-singleturn|p1b: Indeedee|move: Follow Me\n|move|p2a: Arcanine|Snarl|p1a: Oranguru|[spread] p1a,p1b\n|-supereffective|p1a: Oranguru\n|-supereffective|p1b: Indeedee\n|-enditem|p1b: Indeedee|Colbur Berry|[eat]\n|-enditem|p1b: Indeedee|Colbur Berry|[weaken]\n|-damage|p1a: Oranguru|86\/100\n|-damage|p1b: Indeedee|92\/100\n|-unboost|p1a: Oranguru|spa|1\n|-unboost|p1b: Indeedee|spa|1\n|move|p2b: Annihilape|Bulk Up|p2b: Annihilape\n|-boost|p2b: Annihilape|atk|1\n|-boost|p2b: Annihilape|def|1\n|move|p1a: Oranguru|Trick Room|p1a: Oranguru\n|-fieldstart|move: Trick Room|[of] p1a: Oranguru\n|\n|upkeep\n|turn|2\n|\n|t:|1683035493\n|move|p2b: Annihilape|Protect|p2b: Annihilape\n|-singleturn|p2b: Annihilape|Protect\n|move|p1a: Oranguru|Taunt|p2b: Annihilape\n|-activate|p2b: Annihilape|move: Protect\n|move|p1b: Indeedee|Healing Wish|p1b: Indeedee\n|faint|p1b: Indeedee\n|move|p2a: Arcanine|Snarl|p1a: Oranguru\n|-supereffective|p1a: Oranguru\n|-damage|p1a: Oranguru|66\/100\n|-unboost|p1a: Oranguru|spa|1\n|\n|upkeep\n|\n|t:|1683035504\n|switch|p1b: Armarouge|Armarouge, L50, F|100\/100\n|turn|3\n|\n|t:|1683035529\n|switch|p2b: Roaring Moon|Roaring Moon, L50|100\/100\n|-enditem|p2b: Roaring Moon|Booster Energy\n|-activate|p2b: Roaring Moon|ability: Protosynthesis|[fromitem]\n|-start|p2b: Roaring Moon|protosynthesisspe\n|move|p1a: Oranguru|Foul Play|p2b: Roaring Moon\n|-resisted|p2b: Roaring Moon\n|-damage|p2b: Roaring Moon|82\/100\n|move|p1b: Armarouge|Expanding Force|p2b: Roaring Moon|[spread] p2a\n|-immune|p2b: Roaring Moon\n|-damage|p2a: Arcanine|27\/100\n|move|p2a: Arcanine|Snarl|p1b: Armarouge|[spread] p1a,p1b\n|-supereffective|p1a: Oranguru\n|-crit|p1a: Oranguru\n|-supereffective|p1b: Armarouge\n|-damage|p1a: Oranguru|45\/100\n|-damage|p1b: Armarouge|79\/100\n|-unboost|p1a: Oranguru|spa|1\n|-unboost|p1b: Armarouge|spa|1\n|-enditem|p1b: Armarouge|Weakness Policy\n|-boost|p1b: Armarouge|atk|2|[from] item: Weakness Policy\n|-boost|p1b: Armarouge|spa|2|[from] item: Weakness Policy\n|\n|upkeep\n|turn|4\n|\n|t:|1683035587\n|switch|p1a: Torkoal|Torkoal, L50, M|100\/100\n|-weather|SunnyDay|[from] ability: Drought|[of] p1a: Torkoal\n|move|p1b: Armarouge|Armor Cannon|p2b: Roaring Moon\n|-resisted|p2b: Roaring Moon\n|-damage|p2b: Roaring Moon|13\/100\n|-unboost|p1b: Armarouge|def|1\n|-unboost|p1b: Armarouge|spd|1\n|move|p2a: Arcanine|Snarl|p1b: Armarouge|[spread] p1a,p1b\n|-supereffective|p1b: Armarouge\n|-damage|p1a: Torkoal|89\/100\n|-damage|p1b: Armarouge|50\/100\n|-unboost|p1a: Torkoal|spa|1\n|-unboost|p1b: Armarouge|spa|1\n|move|p2b: Roaring Moon|Jaw Lock|p1b: Armarouge\n|-supereffective|p1b: Armarouge\n|-crit|p1b: Armarouge\n|-damage|p1b: Armarouge|0 fnt\n|faint|p1b: Armarouge\n|\n|-weather|SunnyDay|[upkeep]\n|upkeep\n|\n|t:|1683035603\n|switch|p1b: Oranguru|Oranguru, L50, F|45\/100\n|-heal|p1b: Oranguru|100\/100|[from] move: Healing Wish\n|turn|5\n|\n|t:|1683035623\n|move|p2b: Roaring Moon|Protect|p2b: Roaring Moon\n|-singleturn|p2b: Roaring Moon|Protect\n|move|p1a: Torkoal|Eruption|p2b: Roaring Moon|[spread] p2a\n|-activate|p2b: Roaring Moon|move: Protect\n|-resisted|p2a: Arcanine\n|-damage|p2a: Arcanine|4\/100\n|move|p1b: Oranguru|Foul Play|p2a: Arcanine\n|-damage|p2a: Arcanine|0 fnt\n|faint|p2a: Arcanine\n|\n|-weather|SunnyDay|[upkeep]\n|-fieldend|move: Trick Room\n|-fieldend|move: Psychic Terrain\n|upkeep\n|\n|t:|1683035644\n|switch|p2a: Tinkaton|Tinkaton, L50, F|100\/100\n|turn|6\n|\n|t:|1683035653\n|move|p1a: Torkoal|Protect|p1a: Torkoal\n|-singleturn|p1a: Torkoal|Protect\n|move|p2b: Roaring Moon|Jaw Lock|p1b: Oranguru\n|-supereffective|p1b: Oranguru\n|-damage|p1b: Oranguru|39\/100\n|-activate|p2b: Roaring Moon|trapped\n|-activate|p1b: Oranguru|trapped\n|move|p2a: Tinkaton|Knock Off|p1b: Oranguru\n|-supereffective|p1b: Oranguru\n|-damage|p1b: Oranguru|9\/100\n|-enditem|p1b: Oranguru|Mental Herb|[from] move: Knock Off|[of] p2a: Tinkaton\n|move|p1b: Oranguru|Trick Room|p1b: Oranguru\n|-fieldstart|move: Trick Room|[of] p1b: Oranguru\n|\n|-weather|SunnyDay|[upkeep]\n|upkeep\n|turn|7\n|inactive|Battle timer is ON: inactive players will automatically lose when time's up. (requested by zhongqiu)\n|inactive|rtjonesy has 60 seconds left.\n|\n|t:|1683035726\n|-terastallize|p1a: Torkoal|Fire\n|move|p1a: Torkoal|Eruption|p2b: Roaring Moon|[spread] p2a,p2b\n|-supereffective|p2a: Tinkaton\n|-resisted|p2b: Roaring Moon\n|-damage|p2a: Tinkaton|28\/100\n|-damage|p2b: Roaring Moon|0 fnt\n|faint|p2b: Roaring Moon\n|-end|p2b: Roaring Moon|Protosynthesis|[silent]\n|move|p1b: Oranguru|Instruct|p1a: Torkoal\n|-singleturn|p1a: Torkoal|move: Instruct|[of] p1b: Oranguru\n|move|p1a: Torkoal|Eruption|p2a: Tinkaton\n|-supereffective|p2a: Tinkaton\n|-crit|p2a: Tinkaton\n|-damage|p2a: Tinkaton|0 fnt\n|faint|p2a: Tinkaton\n|\n|-weather|SunnyDay|[upkeep]\n|upkeep\n|\n|t:|1683035742\n|switch|p2b: Annihilape|Annihilape, L50, M|100\/100\n|turn|8\n|\n|t:|1683035752\n|-terastallize|p2b: Annihilape|Fire\n|move|p1a: Torkoal|Eruption|p2b: Annihilape\n|-resisted|p2b: Annihilape\n|-damage|p2b: Annihilape|68\/100\n|move|p1b: Oranguru|Instruct|p1a: Torkoal\n|-singleturn|p1a: Torkoal|move: Instruct|[of] p1b: Oranguru\n|move|p1a: Torkoal|Eruption|p2b: Annihilape\n|-resisted|p2b: Annihilape\n|-crit|p2b: Annihilape\n|-damage|p2b: Annihilape|0 fnt\n|faint|p2b: Annihilape\n|\n|win|zhongqiu\n|raw|zhongqiu's rating: 1322 → 1340<\/strong> (+18 for winning)\n|raw|rtjonesy's rating: 1279 → 1257<\/strong> (-22 for losing)\n","uploadtime":1683035768,"views":5,"p1id":"zhongqiu","p2id":"rtjonesy","formatid":"gen9vgc2023regulationc","rating":1257,"private":0,"password":""}