{"id":"gen9vgc2023regulationc-1862064345","p1":"zippLapZapper","p2":"wochientcg","format":"[Gen 9] VGC 2023 Regulation C","log":"|j|\u2606zippLapZapper\n|j|\u2606wochientcg\n|t:|1683833437\n|gametype|doubles\n|player|p1|zippLapZapper|hilbert-wonderlauncher|1409\n|player|p2|wochientcg|musician|1423\n|teamsize|p1|6\n|teamsize|p2|6\n|gen|9\n|tier|[Gen 9] VGC 2023 Regulation C\n|rated|\n|rule|Species Clause: Limit one of each Pok\u00e9mon\n|rule|Item Clause: Limit one of each item\n|clearpoke\n|poke|p1|Garchomp, L50, M|\n|poke|p1|Talonflame, L50, M|\n|poke|p1|Flutter Mane, L50|\n|poke|p1|Iron Bundle, L50|\n|poke|p1|Chien-Pao, L50|\n|poke|p1|Tyranitar, L50, M|\n|poke|p2|Amoonguss, L50, F|\n|poke|p2|Arcanine, L50, M|\n|poke|p2|Iron Bundle, L50|\n|poke|p2|Kingambit, L50, F|\n|poke|p2|Baxcalibur, L50, F|\n|poke|p2|Flutter Mane, L50|\n|teampreview|4\nzippLapZapper has agreed to open team sheets.\n|inactive|Battle timer is ON: inactive players will automatically lose when time's up. (requested by zippLapZapper)\n|inactive|zippLapZapper has 60 seconds left.\n|\n|t:|1683833552\n|start\n|switch|p1a: Talonflame|Talonflame, L50, M|100\/100\n|switch|p1b: Tyranitar|Tyranitar, L50, M|100\/100\n|switch|p2a: Iron Bundle|Iron Bundle, L50|100\/100\n|switch|p2b: Flutter Mane|Flutter Mane, L50|100\/100\n|-weather|Sandstorm|[from] ability: Sand Stream|[of] p1b: Tyranitar\n|-enditem|p2a: Iron Bundle|Booster Energy\n|-activate|p2a: Iron Bundle|ability: Quark Drive|[fromitem]\n|-start|p2a: Iron Bundle|quarkdrivespe\n|turn|1\n|inactive|zippLapZapper has 30 seconds left.\n|inactive|wochientcg has 30 seconds left.\n|inactive|wochientcg has 20 seconds left.\n|inactive|wochientcg has 15 seconds left.\n|\n|t:|1683833593\n|-terastallize|p2b: Flutter Mane|Fairy\n|move|p1a: Talonflame|Tailwind|p1a: Talonflame\n|-sidestart|p1: zippLapZapper|move: Tailwind\n|move|p2a: Iron Bundle|Icy Wind|p1b: Tyranitar|[spread] p1a,p1b\n|-damage|p1a: Talonflame|76\/100\n|-damage|p1b: Tyranitar|91\/100\n|-unboost|p1a: Talonflame|spe|1\n|-unboost|p1b: Tyranitar|spe|1\n|move|p2b: Flutter Mane|Moonblast|p1b: Tyranitar\n|-supereffective|p1b: Tyranitar\n|-damage|p1b: Tyranitar|12\/100\n|-unboost|p1b: Tyranitar|spa|1\n|move|p1b: Tyranitar|Heavy Slam|p2b: Flutter Mane\n|-supereffective|p2b: Flutter Mane\n|-damage|p2b: Flutter Mane|0 fnt\n|faint|p2b: Flutter Mane\n|-end|p2b: Flutter Mane|Protosynthesis|[silent]\n|\n|-weather|Sandstorm|[upkeep]\n|-damage|p2a: Iron Bundle|94\/100|[from] Sandstorm\n|upkeep\n|\n|t:|1683833613\n|switch|p2b: Kingambit|Kingambit, L50, F|100\/100\n|turn|2\n|\n|t:|1683833626\n|move|p2b: Kingambit|Sucker Punch|p1b: Tyranitar\n|-resisted|p1b: Tyranitar\n|-damage|p1b: Tyranitar|0 fnt\n|faint|p1b: Tyranitar\n|move|p2a: Iron Bundle|Hydro Pump|p1a: Talonflame\n|-supereffective|p1a: Talonflame\n|-damage|p1a: Talonflame|0 fnt\n|faint|p1a: Talonflame\n|\n|-weather|Sandstorm|[upkeep]\n|-damage|p2a: Iron Bundle|88\/100|[from] Sandstorm\n|upkeep\n|\n|t:|1683833632\n|switch|p1a: Garchomp|Garchomp, L50, M|100\/100\n|switch|p1b: Chien-Pao|Chien-Pao, L50|100\/100\n|-ability|p1b: Chien-Pao|Sword of Ruin\n|turn|3\n|inactive|zippLapZapper has 30 seconds left.\n|inactive|wochientcg has 30 seconds left.\n|inactive|wochientcg has 20 seconds left.\n|\n|t:|1683833669\n|-terastallize|p1a: Garchomp|Steel\n|move|p2a: Iron Bundle|Protect|p2a: Iron Bundle\n|-singleturn|p2a: Iron Bundle|Protect\n|move|p1b: Chien-Pao|Sacred Sword|p2a: Iron Bundle\n|-activate|p2a: Iron Bundle|move: Protect\n|move|p1a: Garchomp|Stomping Tantrum|p2b: Kingambit\n|-supereffective|p2b: Kingambit\n|-damage|p2b: Kingambit|23\/100\n|move|p2b: Kingambit|Brick Break|p1b: Chien-Pao\n|-supereffective|p1b: Chien-Pao\n|-enditem|p1b: Chien-Pao|Focus Sash\n|-damage|p1b: Chien-Pao|1\/100\n|\n|-weather|Sandstorm|[upkeep]\n|-damage|p1b: Chien-Pao|0 fnt|[from] Sandstorm\n|-damage|p2a: Iron Bundle|82\/100|[from] Sandstorm\n|faint|p1b: Chien-Pao\n|upkeep\n|turn|4\n|inactive|wochientcg has 30 seconds left.\n|\n|t:|1683833699\n|move|p2b: Kingambit|Sucker Punch|p1a: Garchomp\n|-damage|p1a: Garchomp|63\/100\n|-damage|p2b: Kingambit|11\/100|[from] ability: Rough Skin|[of] p1a: Garchomp\n|move|p1a: Garchomp|Earthquake|p2a: Iron Bundle|[spread] p2a,p2b\n|-supereffective|p2b: Kingambit\n|-crit|p2b: Kingambit\n|-damage|p2a: Iron Bundle|32\/100\n|-damage|p2b: Kingambit|0 fnt\n|faint|p2b: Kingambit\n|move|p2a: Iron Bundle|Hydro Pump|p1a: Garchomp\n|-damage|p1a: Garchomp|6\/100\n|\n|-weather|Sandstorm|[upkeep]\n|-damage|p2a: Iron Bundle|26\/100|[from] Sandstorm\n|-sideend|p1: zippLapZapper|move: Tailwind\n|upkeep\n|\n|t:|1683833710\n|switch|p2b: Baxcalibur|Baxcalibur, L50, F|100\/100\n|turn|5\n|inactive|zippLapZapper has 30 seconds left.\n|\n|t:|1683833735\n|move|p2b: Baxcalibur|Ice Shard|p1a: Garchomp\n|-resisted|p1a: Garchomp\n|-damage|p1a: Garchomp|0 fnt\n|faint|p1a: Garchomp\n|\n|win|wochientcg\n|raw|zippLapZapper's rating: 1409 → 1390<\/strong> (-19 for losing)\n|raw|wochientcg's rating: 1423 → 1442<\/strong> (+19 for winning)\n|l|\u2606wochientcg\n","uploadtime":1683833767,"views":13,"p1id":"zipplapzapper","p2id":"wochientcg","formatid":"gen9vgc2023regulationc","rating":1390,"private":0,"password":""}