{"id":"gen9vgc2023regulationc-1861235233","p1":"Laborsi","p2":"namboyVGC","format":"[Gen 9] VGC 2023 Regulation C","log":"|j|\u2606Laborsi\n|j|\u2606namboyVGC\n|t:|1683738262\n|gametype|doubles\n|player|p1|Laborsi|170|\n|player|p2|namboyVGC|170|\n|teamsize|p1|6\n|teamsize|p2|6\n|gen|9\n|tier|[Gen 9] VGC 2023 Regulation C\n|rule|Species Clause: Limit one of each Pok\u00e9mon\n|rule|Item Clause: Limit one of each item\n|clearpoke\n|poke|p1|Corviknight, L50, F|\n|poke|p1|Gyarados, L50, F|\n|poke|p1|Arcanine, L50, F|\n|poke|p1|Amoonguss, L50, M|\n|poke|p1|Ting-Lu, L50|\n|poke|p1|Flutter Mane, L50|\n|poke|p2|Hatterene, L50, F|\n|poke|p2|Torkoal, L50, F|\n|poke|p2|Iron Hands, L50|\n|poke|p2|Brute Bonnet, L50|\n|poke|p2|Dragonite, L50, M|\n|poke|p2|Oranguru, L50, F|\n|teampreview|4\nnamboyVGC has agreed to open team sheets.\nLaborsi has agreed to open team sheets.\n|c|\u2606Laborsi|sag wenn fertig\n|c|\u2606namboyVGC|Ich w\u00e4re bereit\n|c|\u2606Laborsi|oki glhf!\n|inactive|Battle timer is ON: inactive players will automatically lose when time's up. (requested by Laborsi)\n|c|\u2606namboyVGC|glhf!\n|inactive|Laborsi has 60 seconds left.\n|\n|t:|1683738823\n|start\n|switch|p1a: Flutter Mane|Flutter Mane, L50|100\/100\n|switch|p1b: Arcanine|Arcanine, L50, F|100\/100\n|switch|p2a: Hatterene|Hatterene, L50, F|100\/100\n|switch|p2b: Iron Hands|Iron Hands, L50|100\/100\n|-ability|p1b: Arcanine|Intimidate|boost\n|-unboost|p2a: Hatterene|atk|1\n|-unboost|p2b: Iron Hands|atk|1\n|turn|1\n|inactive|Laborsi has 30 seconds left.\n|inactive|Laborsi has 20 seconds left.\n|inactive|Laborsi has 15 seconds left.\n|inactive|Laborsi has 10 seconds left.\n|inactive|Laborsi has 5 seconds left.\n|\n|t:|1683738874\n|-terastallize|p2a: Hatterene|Fire\n|move|p2b: Iron Hands|Fake Out|p1b: Arcanine\n|-damage|p1b: Arcanine|88\/100\n|move|p1a: Flutter Mane|Shadow Ball|p2a: Hatterene\n|-damage|p2a: Hatterene|58\/100\n|cant|p1b: Arcanine|flinch\n|move|p2a: Hatterene|Trick Room|p2a: Hatterene\n|-fieldstart|move: Trick Room|[of] p2a: Hatterene\n|\n|upkeep\n|turn|2\n|\n|t:|1683738893\n|-end|p1a: Flutter Mane|Protosynthesis|[silent]\n|switch|p1a: Amoonguss|Amoonguss, L50, M|100\/100\n|move|p2a: Hatterene|Psychic|p1b: Arcanine\n|-damage|p1b: Arcanine|27\/100\n|move|p2b: Iron Hands|Wild Charge|p1a: Amoonguss\n|-resisted|p1a: Amoonguss\n|-crit|p1a: Amoonguss\n|-damage|p1a: Amoonguss|67\/100\n|-damage|p2b: Iron Hands|93\/100|[from] Recoil\n|move|p1b: Arcanine|Will-O-Wisp|p2b: Iron Hands\n|-status|p2b: Iron Hands|brn\n|\n|-damage|p2b: Iron Hands|87\/100 brn|[from] brn\n|upkeep\n|turn|3\n|inactive|Laborsi has 30 seconds left.\n|inactive|namboyVGC has 30 seconds left.\n|inactive|Laborsi has 20 seconds left.\n|inactive|Laborsi has 15 seconds left.\n|inactive|Laborsi has 10 seconds left.\n|\n|t:|1683738941\n|move|p1a: Amoonguss|Rage Powder|p1a: Amoonguss\n|-singleturn|p1a: Amoonguss|move: Rage Powder\n|move|p2a: Hatterene|Psychic|p1a: Amoonguss\n|-supereffective|p1a: Amoonguss\n|-damage|p1a: Amoonguss|0 fnt\n|faint|p1a: Amoonguss\n|move|p2b: Iron Hands|Wild Charge|p1b: Arcanine\n|-damage|p1b: Arcanine|9\/100\n|-damage|p2b: Iron Hands|83\/100 brn|[from] Recoil\n|move|p1b: Arcanine|Morning Sun|p1b: Arcanine\n|-heal|p1b: Arcanine|59\/100\n|\n|-damage|p2b: Iron Hands|77\/100 brn|[from] brn\n|upkeep\n|\n|t:|1683738959\n|switch|p1a: Ting-Lu|Ting-Lu, L50|100\/100\n|-ability|p1a: Ting-Lu|Vessel of Ruin\n|turn|4\n|\n|t:|1683738979\n|-end|p2b: Iron Hands|Quark Drive|[silent]\n|switch|p2b: Dragonite|Dragonite, L50, M|100\/100\n|move|p2a: Hatterene|Psychic|p1b: Arcanine\n|-damage|p1b: Arcanine|15\/100\n|move|p1a: Ting-Lu|Earthquake|p2a: Hatterene|[spread] p1b,p2a\n|-immune|p2b: Dragonite\n|-supereffective|p1b: Arcanine\n|-supereffective|p2a: Hatterene\n|-damage|p1b: Arcanine|0 fnt\n|-damage|p2a: Hatterene|0 fnt\n|faint|p1b: Arcanine\n|faint|p2a: Hatterene\n|\n|upkeep\n|\n|t:|1683738990\n|switch|p2a: Torkoal|Torkoal, L50, F|100\/100\n|switch|p1b: Flutter Mane|Flutter Mane, L50|100\/100\n|-weather|SunnyDay|[from] ability: Drought|[of] p2a: Torkoal\n|-activate|p1b: Flutter Mane|ability: Protosynthesis\n|-start|p1b: Flutter Mane|protosynthesisspe\n|turn|5\n|inactive|Laborsi has 30 seconds left.\n|inactive|Laborsi has 20 seconds left.\n|inactive|Laborsi has 15 seconds left.\n|\n|t:|1683739031\n|-terastallize|p1a: Ting-Lu|Poison\n|move|p1b: Flutter Mane|Protect|p1b: Flutter Mane\n|-singleturn|p1b: Flutter Mane|Protect\n|move|p2a: Torkoal|Eruption|p1a: Ting-Lu|[spread] p1a\n|-activate|p1b: Flutter Mane|move: Protect\n|-crit|p1a: Ting-Lu\n|-damage|p1a: Ting-Lu|56\/100\n|move|p1a: Ting-Lu|Earthquake|p2a: Torkoal|[spread] p2a\n|-activate|p1b: Flutter Mane|move: Protect\n|-immune|p2b: Dragonite\n|-supereffective|p2a: Torkoal\n|-damage|p2a: Torkoal|59\/100\n|move|p2b: Dragonite|Ice Spinner|p1a: Ting-Lu\n|-damage|p1a: Ting-Lu|33\/100\n|-damage|p2b: Dragonite|91\/100|[from] item: Life Orb\n|\n|-weather|SunnyDay|[upkeep]\n|-fieldend|move: Trick Room\n|upkeep\n|turn|6\n|inactive|Laborsi has 30 seconds left.\n|\n|t:|1683739062\n|switch|p2b: Iron Hands|Iron Hands, L50|77\/100 brn\n|move|p1b: Flutter Mane|Moonblast|p2b: Iron Hands\n|-supereffective|p2b: Iron Hands\n|-damage|p2b: Iron Hands|17\/100 brn\n|-unboost|p2b: Iron Hands|spa|1\n|-enditem|p2b: Iron Hands|Weakness Policy\n|-boost|p2b: Iron Hands|atk|2|[from] item: Weakness Policy\n|-boost|p2b: Iron Hands|spa|2|[from] item: Weakness Policy\n|move|p1a: Ting-Lu|Earthquake|p2b: Iron Hands|[spread] p1b,p2a,p2b\n|-supereffective|p2a: Torkoal\n|-supereffective|p2b: Iron Hands\n|-damage|p1b: Flutter Mane|39\/100\n|-damage|p2a: Torkoal|18\/100\n|-damage|p2b: Iron Hands|0 fnt\n|faint|p2b: Iron Hands\n|-end|p2b: Iron Hands|Quark Drive|[silent]\n|move|p2a: Torkoal|Earth Power|p1a: Ting-Lu\n|-supereffective|p1a: Ting-Lu\n|-damage|p1a: Ting-Lu|16\/100\n|\n|-weather|SunnyDay|[upkeep]\n|upkeep\n|\n|t:|1683739078\n|switch|p2b: Dragonite|Dragonite, L50, M|91\/100\n|turn|7\n|\n|t:|1683739096\n|move|p1b: Flutter Mane|Moonblast|p2b: Dragonite\n|-supereffective|p2b: Dragonite\n|-damage|p2b: Dragonite|21\/100\n|move|p2b: Dragonite|Ice Spinner|p1b: Flutter Mane\n|-crit|p1b: Flutter Mane\n|-damage|p1b: Flutter Mane|0 fnt\n|faint|p1b: Flutter Mane\n|-end|p1b: Flutter Mane|Protosynthesis|[silent]\n|-damage|p2b: Dragonite|12\/100|[from] item: Life Orb\n|move|p1a: Ting-Lu|Body Press|p2a: Torkoal\n|-damage|p2a: Torkoal|0 fnt\n|faint|p2a: Torkoal\n|\n|-weather|SunnyDay|[upkeep]\n|upkeep\n|turn|8\n|\n|t:|1683739110\n|move|p2b: Dragonite|Extreme Speed|p1a: Ting-Lu\n|-damage|p1a: Ting-Lu|0 fnt\n|faint|p1a: Ting-Lu\n|-damage|p2b: Dragonite|2\/100|[from] item: Life Orb\n|\n|win|namboyVGC\n|c|\u2606Laborsi|gg\n|c|\u2606namboyVGC|gg\n","uploadtime":1683739665,"views":16,"p1id":"laborsi","p2id":"namboyvgc","formatid":"gen9vgc2023regulationc","rating":0,"private":0,"password":""}