{"id":"gen9vgc2023regulationc-1845608420","p1":"RitmanTesting1","p2":"Draki11111192","format":"[Gen 9] VGC 2023 Regulation C","log":"|j|\u2606RitmanTesting1\n|j|\u2606Draki11111192\n|t:|1681749079\n|gametype|doubles\n|player|p1|RitmanTesting1|byron|1335\n|player|p2|Draki11111192|169|1391\n|teamsize|p1|6\n|teamsize|p2|6\n|gen|9\n|tier|[Gen 9] VGC 2023 Regulation C\n|rated|\n|rule|Species Clause: Limit one of each Pok\u00e9mon\n|rule|Item Clause: Limit one of each item\n|clearpoke\n|poke|p1|Wo-Chien, L50|\n|poke|p1|Glimmora, L50, M|\n|poke|p1|Baxcalibur, L50, M|\n|poke|p1|Flutter Mane, L50|\n|poke|p1|Arcanine, L50, F|\n|poke|p1|Roaring Moon, L50|\n|poke|p2|Chien-Pao, L50|\n|poke|p2|Arcanine, L50, F|\n|poke|p2|Dragonite, L50, F|\n|poke|p2|Amoonguss, L50, M|\n|poke|p2|Palafin, L50, M|\n|poke|p2|Flutter Mane, L50|\n|teampreview|4\n|inactive|Battle timer is ON: inactive players will automatically lose when time's up. (requested by Draki11111192)\nRitmanTesting1 has agreed to open team sheets.\n|inactive|Draki11111192 has 60 seconds left.\nDraki11111192 has agreed to open team sheets.\n|\n|t:|1681749139\n|start\n|switch|p1a: Glimmora|Glimmora, L50, M|100\/100\n|switch|p1b: Arcanine|Arcanine, L50, F|100\/100\n|switch|p2a: Slap-Chop|Palafin, L50, M|100\/100\n|switch|p2b: AlanMendosa|Dragonite, L50, F|100\/100\n|-ability|p1b: Arcanine|Intimidate|boost\n|-unboost|p2a: Slap-Chop|atk|1\n|-fail|p2b: AlanMendosa|unboost|Attack|[from] ability: Inner Focus|[of] p2b: AlanMendosa\n|turn|1\n|\n|t:|1681749155\n|switch|p1b: Wo-Chien|Wo-Chien, L50|100\/100\n|-ability|p1b: Wo-Chien|Tablets of Ruin\n|-terastallize|p1a: Glimmora|Grass\n|-terastallize|p2b: AlanMendosa|Normal\n|move|p2b: AlanMendosa|Extreme Speed|p1b: Wo-Chien\n|-damage|p1b: Wo-Chien|61\/100\n|move|p2a: Slap-Chop|Jet Punch|p1b: Wo-Chien\n|-resisted|p1b: Wo-Chien\n|-damage|p1b: Wo-Chien|56\/100\n|move|p1a: Glimmora|Mortal Spin|p2b: AlanMendosa|[spread] p2a,p2b\n|-damage|p2a: Slap-Chop|96\/100\n|-damage|p2b: AlanMendosa|97\/100\n|-status|p2a: Slap-Chop|psn\n|-status|p2b: AlanMendosa|psn\n|\n|-heal|p1b: Wo-Chien|62\/100|[from] item: Leftovers\n|-damage|p2a: Slap-Chop|84\/100 psn|[from] psn\n|-damage|p2b: AlanMendosa|85\/100 psn|[from] psn\n|upkeep\n|turn|2\n|inactive|RitmanTesting1 has 30 seconds left.\n|\n|t:|1681749184\n|detailschange|p2a: Slap-Chop|Palafin-Hero, L50, M\n|switch|p2a: :FULL SABLE:|Chien-Pao, L50|100\/100\n|-ability|p2a: :FULL SABLE:|Sword of Ruin\n|move|p2b: AlanMendosa|Extreme Speed|p1b: Wo-Chien\n|-damage|p1b: Wo-Chien|5\/100\n|move|p1a: Glimmora|Power Gem|p2a: :FULL SABLE:\n|-supereffective|p2a: :FULL SABLE:\n|-crit|p2a: :FULL SABLE:\n|-enditem|p2a: :FULL SABLE:|Focus Sash\n|-damage|p2a: :FULL SABLE:|1\/100\n|move|p1b: Wo-Chien|Leech Seed|p2b: AlanMendosa\n|-start|p2b: AlanMendosa|move: Leech Seed\n|\n|-heal|p1b: Wo-Chien|11\/100|[from] item: Leftovers\n|-damage|p2b: AlanMendosa|73\/100 psn|[from] Leech Seed|[of] p1b: Wo-Chien\n|-heal|p1b: Wo-Chien|23\/100|[silent]\n|-damage|p2b: AlanMendosa|61\/100 psn|[from] psn\n|upkeep\n|turn|3\n|inactive|Draki11111192 has 30 seconds left.\n|\n|t:|1681749210\n|move|p1b: Wo-Chien|Protect|p1b: Wo-Chien\n|-singleturn|p1b: Wo-Chien|Protect\n|move|p2b: AlanMendosa|Extreme Speed|p1a: Glimmora\n|-damage|p1a: Glimmora|35\/100\n|-activate|p1a: Glimmora|ability: Toxic Debris\n|-sidestart|p2: Draki11111192|move: Toxic Spikes\n|move|p2a: :FULL SABLE:|Ice Spinner|p1a: Glimmora\n|-supereffective|p1a: Glimmora\n|-damage|p1a: Glimmora|0 fnt\n|-activate|p1a: Glimmora|ability: Toxic Debris\n|-sidestart|p2: Draki11111192|move: Toxic Spikes\n|faint|p1a: Glimmora\n|\n|-heal|p1b: Wo-Chien|30\/100|[from] item: Leftovers\n|-damage|p2b: AlanMendosa|49\/100 psn|[from] Leech Seed|[of] p1b: Wo-Chien\n|-heal|p1b: Wo-Chien|42\/100|[silent]\n|-damage|p2b: AlanMendosa|36\/100 psn|[from] psn\n|upkeep\n|\n|t:|1681749221\n|switch|p1a: Flutter Mane|Flutter Mane, L50|100\/100\n|turn|4\n|\n|t:|1681749234\n|move|p1b: Wo-Chien|Protect||[still]\n|-fail|p1b: Wo-Chien\n|move|p2b: AlanMendosa|Extreme Speed|p1b: Wo-Chien\n|-damage|p1b: Wo-Chien|0 fnt\n|faint|p1b: Wo-Chien\n|move|p2a: :FULL SABLE:|Ice Spinner|p1a: Flutter Mane\n|-damage|p1a: Flutter Mane|39\/100\n|move|p1a: Flutter Mane|Dazzling Gleam|p2b: AlanMendosa|[spread] p2a,p2b\n|-supereffective|p2a: :FULL SABLE:\n|-damage|p2a: :FULL SABLE:|0 fnt\n|-damage|p2b: AlanMendosa|0 fnt\n|faint|p2a: :FULL SABLE:\n|faint|p2b: AlanMendosa\n|\n|upkeep\n|\n|t:|1681749244\n|switch|p2a: Slap-Chop|Palafin-Hero, L50, M|84\/100 psn\n|switch|p2b: Graity|Flutter Mane, L50|100\/100\n|switch|p1b: Arcanine|Arcanine, L50, F|100\/100\n|-status|p2b: Graity|tox\n|-ability|p1b: Arcanine|Intimidate|boost\n|-unboost|p2a: Slap-Chop|atk|1\n|-unboost|p2b: Graity|atk|1\n|-activate|p2a: Slap-Chop|ability: Zero to Hero\n|-enditem|p2b: Graity|Booster Energy\n|-activate|p2b: Graity|ability: Protosynthesis|[fromitem]\n|-start|p2b: Graity|protosynthesisspa\n|turn|5\n|\n|t:|1681749269\n|move|p2b: Graity|Protect|p2b: Graity\n|-singleturn|p2b: Graity|Protect\n|move|p1b: Arcanine|Extreme Speed|p2a: Slap-Chop\n|-damage|p2a: Slap-Chop|65\/100 psn\n|move|p2a: Slap-Chop|Jet Punch|p1a: Flutter Mane\n|-damage|p1a: Flutter Mane|2\/100\n|move|p1a: Flutter Mane|Dazzling Gleam|p2b: Graity|[spread] p2a\n|-activate|p2b: Graity|move: Protect\n|-damage|p2a: Slap-Chop|25\/100 psn\n|\n|-damage|p2b: Graity|95\/100 tox|[from] psn\n|-damage|p2a: Slap-Chop|13\/100 psn|[from] psn\n|upkeep\n|turn|6\n|inactive|Draki11111192 has 30 seconds left.\n|inactive|Draki11111192 has 20 seconds left.\n|inactive|Draki11111192 has 15 seconds left.\n|\n|t:|1681749311\n|move|p1b: Arcanine|Protect|p1b: Arcanine\n|-singleturn|p1b: Arcanine|Protect\n|move|p2a: Slap-Chop|Protect|p2a: Slap-Chop\n|-singleturn|p2a: Slap-Chop|Protect\n|move|p2b: Graity|Shadow Ball|p1a: Flutter Mane\n|-supereffective|p1a: Flutter Mane\n|-damage|p1a: Flutter Mane|0 fnt\n|faint|p1a: Flutter Mane\n|-end|p1a: Flutter Mane|Protosynthesis|[silent]\n|\n|-damage|p2b: Graity|84\/100 tox|[from] psn\n|-damage|p2a: Slap-Chop|1\/100 psn|[from] psn\n|upkeep\n|turn|7\n|\n|t:|1681749325\n|move|p1b: Arcanine|Extreme Speed|p2a: Slap-Chop\n|-damage|p2a: Slap-Chop|0 fnt\n|faint|p2a: Slap-Chop\n|move|p2b: Graity|Substitute|p2b: Graity\n|-start|p2b: Graity|Substitute\n|-damage|p2b: Graity|59\/100 tox\n|\n|-damage|p2b: Graity|42\/100 tox|[from] psn\n|upkeep\n|turn|8\n|\n|t:|1681749337\n|move|p2b: Graity|Shadow Ball|p1b: Arcanine\n|-damage|p1b: Arcanine|46\/100\n|move|p1b: Arcanine|Snarl|p2b: Graity\n|-damage|p2b: Graity|31\/100 tox\n|-unboost|p2b: Graity|spa|1\n|\n|-damage|p2b: Graity|9\/100 tox|[from] psn\n|upkeep\n|turn|9\n|c|\u2606RitmanTesting1|gg\n|\n|t:|1681749350\n|move|p1b: Arcanine|Protect|p1b: Arcanine\n|-singleturn|p1b: Arcanine|Protect\n|move|p2b: Graity|Shadow Ball|p1b: Arcanine\n|-activate|p1b: Arcanine|move: Protect\n|\n|-damage|p2b: Graity|0 fnt|[from] psn\n|faint|p2b: Graity\n|-end|p2b: Graity|Protosynthesis|[silent]\n|\n|win|RitmanTesting1\n|upkeep\n|raw|RitmanTesting1's rating: 1335 → 1358<\/strong> (+23 for winning)\n|raw|Draki11111192's rating: 1391 → 1368<\/strong> (-23 for losing)\n|l|\u2606Draki11111192\n","uploadtime":1681749367,"views":10,"p1id":"ritmantesting1","p2id":"draki11111192","formatid":"gen9vgc2023regulationc","rating":1358,"private":0,"password":""}