{"id":"gen9vgc2023regulationc-1852488748","p1":"BeeGee33","p2":"Gengar HDL","format":"[Gen 9] VGC 2023 Regulation C","log":"|j|\u203dBeeGee33\n|j|\u2606Gengar HDL\n|t:|1682564199\n|gametype|doubles\n|player|p1|BeeGee33|102|1166\n|player|p2|Gengar HDL|bertha|1209\n|teamsize|p1|6\n|teamsize|p2|6\n|gen|9\n|tier|[Gen 9] VGC 2023 Regulation C\n|rated|\n|rule|Species Clause: Limit one of each Pok\u00e9mon\n|rule|Item Clause: Limit one of each item\n|clearpoke\n|poke|p1|Palafin, L50, M|\n|poke|p1|Annihilape, L50, F|\n|poke|p1|Ting-Lu, L50|\n|poke|p1|Dragonite, L50, M|\n|poke|p1|Flutter Mane, L50|\n|poke|p1|Amoonguss, L50, F|\n|poke|p2|Ting-Lu, L50|\n|poke|p2|Iron Bundle, L50|\n|poke|p2|Dragonite, L50, F|\n|poke|p2|Gholdengo, L50|\n|poke|p2|Dondozo, L50, M|\n|poke|p2|Flutter Mane, L50|\n|teampreview|4\n|inactive|Battle timer is ON: inactive players will automatically lose when time's up. (requested by BeeGee33)\n|inactive|Gengar HDL has 60 seconds left.\n|inactive|Gengar HDL has 30 seconds left.\n|inactive|Gengar HDL has 20 seconds left.\n|\n|t:|1682564273\n|start\n|switch|p1a: Amoonguss|Amoonguss, L50, F|100\/100\n|switch|p1b: Annihilape|Annihilape, L50, F|100\/100\n|switch|p2a: Dondozo|Dondozo, L50, M|100\/100\n|switch|p2b: Ting-Lu|Ting-Lu, L50|100\/100\n|-ability|p2b: Ting-Lu|Vessel of Ruin\n|turn|1\n|inactive|Gengar HDL has 30 seconds left.\n|inactive|Gengar HDL has 20 seconds left.\n|inactive|Gengar HDL has 15 seconds left.\n|\n|t:|1682564316\n|move|p1b: Annihilape|Bulk Up|p1b: Annihilape\n|-boost|p1b: Annihilape|atk|1\n|-boost|p1b: Annihilape|def|1\n|move|p2b: Ting-Lu|Stealth Rock|p1a: Amoonguss\n|-sidestart|p1: BeeGee33|move: Stealth Rock\n|move|p2a: Dondozo|Yawn|p1b: Annihilape\n|-start|p1b: Annihilape|move: Yawn|[of] p2a: Dondozo\n|move|p1a: Amoonguss|Spore|p2b: Ting-Lu\n|-status|p2b: Ting-Lu|slp|[from] move: Spore\n|-enditem|p2b: Ting-Lu|Lum Berry|[eat]\n|-curestatus|p2b: Ting-Lu|slp|[msg]\n|\n|upkeep\n|turn|2\n|inactive|Gengar HDL has 30 seconds left.\n|inactive|Gengar HDL has 20 seconds left.\n|inactive|Gengar HDL has 15 seconds left.\n|inactive|Gengar HDL has 10 seconds left.\n|inactive|Gengar HDL has 5 seconds left.\n|\n|t:|1682564370\n|move|p2b: Ting-Lu|Protect|p2b: Ting-Lu\n|-singleturn|p2b: Ting-Lu|Protect\n|move|p1b: Annihilape|Drain Punch|p2b: Ting-Lu\n|-activate|p2b: Ting-Lu|move: Protect\n|move|p2a: Dondozo|Heavy Slam|p1a: Amoonguss\n|-damage|p1a: Amoonguss|72\/100\n|-damage|p2a: Dondozo|84\/100|[from] item: Rocky Helmet|[of] p1a: Amoonguss\n|move|p1a: Amoonguss|Spore|p2b: Ting-Lu\n|-activate|p2b: Ting-Lu|move: Protect\n|\n|-heal|p2a: Dondozo|90\/100|[from] item: Leftovers\n|-end|p1b: Annihilape|move: Yawn|[silent]\n|-status|p1b: Annihilape|slp\n|upkeep\n|turn|3\n|inactive|Gengar HDL has 30 seconds left.\n|inactive|Gengar HDL has 20 seconds left.\n|\n|t:|1682564408\n|switch|p2b: Dragonite|Dragonite, L50, F|100\/100\n|cant|p1b: Annihilape|slp\n|move|p2a: Dondozo|Yawn|p1a: Amoonguss\n|-start|p1a: Amoonguss|move: Yawn|[of] p2a: Dondozo\n|move|p1a: Amoonguss|Spore|p2b: Dragonite\n|-status|p2b: Dragonite|slp|[from] move: Spore\n|\n|-heal|p2a: Dondozo|96\/100|[from] item: Leftovers\n|upkeep\n|turn|4\n|inactive|Gengar HDL has 30 seconds left.\n|\n|t:|1682564436\n|switch|p1a: Dragonite|Dragonite, L50, M|100\/100\n|-damage|p1a: Dragonite|76\/100|[from] Stealth Rock\n|move|p2a: Dondozo|Protect|p2a: Dondozo\n|-singleturn|p2a: Dondozo|Protect\n|cant|p2b: Dragonite|slp\n|cant|p1b: Annihilape|slp\n|\n|-heal|p2a: Dondozo|100\/100|[from] item: Leftovers\n|upkeep\n|turn|5\n|inactive|Gengar HDL has 30 seconds left.\n|\n|t:|1682564464\n|switch|p2b: Ting-Lu|Ting-Lu, L50|100\/100\n|-ability|p2b: Ting-Lu|Vessel of Ruin\n|-terastallize|p1a: Dragonite|Normal\n|move|p1a: Dragonite|Extreme Speed|p2a: Dondozo\n|-damage|p2a: Dondozo|53\/100\n|-curestatus|p1b: Annihilape|slp|[msg]\n|move|p1b: Annihilape|Drain Punch|p2a: Dondozo\n|-damage|p2a: Dondozo|16\/100\n|move|p2a: Dondozo|Yawn|p1a: Dragonite\n|-start|p1a: Dragonite|move: Yawn|[of] p2a: Dondozo\n|\n|-heal|p2a: Dondozo|22\/100|[from] item: Leftovers\n|upkeep\n|turn|6\n|inactive|Gengar HDL has 30 seconds left.\n|\n|t:|1682564489\n|switch|p1a: Ting-Lu|Ting-Lu, L50|100\/100\n|-damage|p1a: Ting-Lu|94\/100|[from] Stealth Rock\n|-ability|p1a: Ting-Lu|Vessel of Ruin\n|switch|p2b: Flutter Mane|Flutter Mane, L50|100\/100\n|-enditem|p2b: Flutter Mane|Booster Energy\n|-activate|p2b: Flutter Mane|ability: Protosynthesis|[fromitem]\n|-start|p2b: Flutter Mane|protosynthesisspe\n|move|p2a: Dondozo|Protect|p2a: Dondozo\n|-singleturn|p2a: Dondozo|Protect\n|move|p1b: Annihilape|Bulk Up|p1b: Annihilape\n|-boost|p1b: Annihilape|atk|1\n|-boost|p1b: Annihilape|def|1\n|\n|-heal|p2a: Dondozo|28\/100|[from] item: Leftovers\n|upkeep\n|turn|7\n|\n|t:|1682564510\n|move|p2b: Flutter Mane|Protect|p2b: Flutter Mane\n|-singleturn|p2b: Flutter Mane|Protect\n|move|p1b: Annihilape|Protect|p1b: Annihilape\n|-singleturn|p1b: Annihilape|Protect\n|move|p1a: Ting-Lu|Heavy Slam|p2b: Flutter Mane\n|-activate|p2b: Flutter Mane|move: Protect\n|move|p2a: Dondozo|Yawn|p1b: Annihilape\n|-activate|p1b: Annihilape|move: Protect\n|\n|-heal|p2a: Dondozo|35\/100|[from] item: Leftovers\n|upkeep\n|turn|8\n|inactive|BeeGee33 has 30 seconds left.\n|\n|t:|1682564542\n|-end|p2b: Flutter Mane|Protosynthesis|[silent]\n|switch|p2b: Ting-Lu|Ting-Lu, L50|100\/100\n|-ability|p2b: Ting-Lu|Vessel of Ruin\n|switch|p1b: Amoonguss|Amoonguss, L50, F|100\/100\n|-damage|p1b: Amoonguss|88\/100|[from] Stealth Rock\n|move|p1a: Ting-Lu|Heavy Slam|p2b: Ting-Lu\n|-damage|p2b: Ting-Lu|91\/100\n|move|p2a: Dondozo|Yawn|p1b: Amoonguss\n|-start|p1b: Amoonguss|move: Yawn|[of] p2a: Dondozo\n|\n|-heal|p2a: Dondozo|41\/100|[from] item: Leftovers\n|upkeep\n|turn|9\n|inactive|BeeGee33 has 30 seconds left.\n|inactive|Gengar HDL has 30 seconds left.\n|inactive|Gengar HDL has 20 seconds left.\n|\n|t:|1682564582\n|switch|p1b: Annihilape|Annihilape, L50, F|100\/100\n|-damage|p1b: Annihilape|95\/100|[from] Stealth Rock\n|move|p2b: Ting-Lu|Stomping Tantrum|p1b: Annihilape\n|-damage|p1b: Annihilape|61\/100\n|move|p1a: Ting-Lu|Fissure|p2b: Ting-Lu|[miss]\n|-miss|p1a: Ting-Lu|p2b: Ting-Lu\n|move|p2a: Dondozo|Yawn|p1a: Ting-Lu\n|-start|p1a: Ting-Lu|move: Yawn|[of] p2a: Dondozo\n|\n|-heal|p1b: Annihilape|67\/100|[from] item: Leftovers\n|-heal|p2a: Dondozo|47\/100|[from] item: Leftovers\n|upkeep\n|turn|10\n|\n|t:|1682564600\n|switch|p1a: Amoonguss|Amoonguss, L50, F|100\/100\n|-damage|p1a: Amoonguss|88\/100|[from] Stealth Rock\n|move|p2b: Ting-Lu|Protect|p2b: Ting-Lu\n|-singleturn|p2b: Ting-Lu|Protect\n|move|p1b: Annihilape|Drain Punch|p2b: Ting-Lu\n|-activate|p2b: Ting-Lu|move: Protect\n|move|p2a: Dondozo|Yawn|p1b: Annihilape\n|-start|p1b: Annihilape|move: Yawn|[of] p2a: Dondozo\n|\n|-heal|p1b: Annihilape|73\/100|[from] item: Leftovers\n|-heal|p2a: Dondozo|53\/100|[from] item: Leftovers\n|upkeep\n|turn|11\n|inactive|Gengar HDL has 30 seconds left.\n|\n|t:|1682564633\n|switch|p2b: Dragonite|Dragonite, L50, F|100\/100 slp\n|move|p1b: Annihilape|Drain Punch|p2b: Dragonite\n|-resisted|p2b: Dragonite\n|-damage|p2b: Dragonite|90\/100 slp\n|-heal|p1b: Annihilape|77\/100|[from] drain|[of] p2b: Dragonite\n|move|p2a: Dondozo|Yawn|p1a: Amoonguss\n|-start|p1a: Amoonguss|move: Yawn|[of] p2a: Dondozo\n|move|p1a: Amoonguss|Spore|p2b: Dragonite\n|-fail|p2b: Dragonite|slp\n|\n|-heal|p1b: Annihilape|83\/100|[from] item: Leftovers\n|-heal|p2a: Dondozo|60\/100|[from] item: Leftovers\n|-end|p1b: Annihilape|move: Yawn|[silent]\n|-status|p1b: Annihilape|slp\n|upkeep\n|turn|12\n|inactive|Gengar HDL has 30 seconds left.\n|inactive|Gengar HDL has 20 seconds left.\n|inactive|Gengar HDL has 15 seconds left.\n|inactive|Gengar HDL has 10 seconds left.\n|inactive|Gengar HDL has 5 seconds left.\n|\n|t:|1682564685\n|-terastallize|p2b: Dragonite|Flying\n|cant|p1b: Annihilape|slp\n|-curestatus|p2b: Dragonite|slp|[msg]\n|move|p2b: Dragonite|Tera Blast|p1b: Annihilape\n|-supereffective|p1b: Annihilape\n|-damage|p1b: Annihilape|0 fnt\n|faint|p1b: Annihilape\n|move|p2a: Dondozo|Heavy Slam|p1a: Amoonguss\n|-damage|p1a: Amoonguss|56\/100\n|-damage|p2a: Dondozo|43\/100|[from] item: Rocky Helmet|[of] p1a: Amoonguss\n|move|p1a: Amoonguss|Spore|p2a: Dondozo\n|-status|p2a: Dondozo|slp|[from] move: Spore\n|\n|-heal|p2a: Dondozo|49\/100 slp|[from] item: Leftovers\n|-end|p1a: Amoonguss|move: Yawn|[silent]\n|-status|p1a: Amoonguss|slp\n|upkeep\n|\n|t:|1682564707\n|switch|p1b: Ting-Lu|Ting-Lu, L50|94\/100\n|-damage|p1b: Ting-Lu|88\/100|[from] Stealth Rock\n|-ability|p1b: Ting-Lu|Vessel of Ruin\n|turn|13\n|-message|BeeGee33 forfeited.\n|\n|win|Gengar HDL\n|raw|BeeGee33's rating: 1166 → 1144<\/strong> (-22 for losing)\n|raw|Gengar HDL's rating: 1209 → 1231<\/strong> (+22 for winning)\n|l|\u203dBeeGee33\n|c|\u2606Gengar HDL|gg\n","uploadtime":1682564761,"views":7,"p1id":"beegee33","p2id":"gengarhdl","formatid":"gen9vgc2023regulationc","rating":1144,"private":0,"password":""}