{"id":"gen9vgc2023regulationc-1851170882","p1":"ZakyVGC","p2":"RangerCiano","format":"[Gen 9] VGC 2023 Regulation C","log":"|j|\u2606ZakyVGC\n|j|\u2606RangerCiano\n|t:|1682420439\n|gametype|doubles\n|player|p1|ZakyVGC|265|1152\n|player|p2|RangerCiano|1|1232\n|teamsize|p1|6\n|teamsize|p2|6\n|gen|9\n|tier|[Gen 9] VGC 2023 Regulation C\n|rated|\n|rule|Species Clause: Limit one of each Pok\u00e9mon\n|rule|Item Clause: Limit one of each item\n|clearpoke\n|poke|p1|Torkoal, L50, F|\n|poke|p1|Chi-Yu, L50|\n|poke|p1|Corviknight, L50, F|\n|poke|p1|Flutter Mane, L50|\n|poke|p1|Amoonguss, L50, M|\n|poke|p1|Iron Hands, L50|\n|poke|p2|Roaring Moon, L50|\n|poke|p2|Tatsugiri, L50, M|\n|poke|p2|Tyranitar, L50, F|\n|poke|p2|Wo-Chien, L50|\n|poke|p2|Talonflame, L50, M|\n|poke|p2|Flutter Mane, L50|\n|teampreview|4\nZakyVGC has agreed to open team sheets.\n|inactive|Battle timer is ON: inactive players will automatically lose when time's up. (requested by ZakyVGC)\n|inactive|ZakyVGC has 60 seconds left.\n|\n|t:|1682420481\n|start\n|switch|p1a: Iron Hands|Iron Hands, L50|100\/100\n|switch|p1b: Chi-Yu|Chi-Yu, L50|100\/100\n|switch|p2a: Talonflame|Talonflame, L50, M|100\/100\n|switch|p2b: Roaring Moon|Roaring Moon, L50|100\/100\n|-ability|p1b: Chi-Yu|Beads of Ruin\n|-enditem|p2b: Roaring Moon|Booster Energy\n|-activate|p2b: Roaring Moon|ability: Protosynthesis|[fromitem]\n|-start|p2b: Roaring Moon|protosynthesisatk\n|turn|1\n|inactive|RangerCiano has 30 seconds left.\n|inactive|RangerCiano has 20 seconds left.\n|inactive|RangerCiano has 15 seconds left.\n|inactive|RangerCiano has 10 seconds left.\n|inactive|RangerCiano has 5 seconds left.\n|\n|t:|1682420535\n|-terastallize|p2a: Talonflame|Ghost\n|move|p1a: Iron Hands|Fake Out|p2b: Roaring Moon\n|-damage|p2b: Roaring Moon|80\/100\n|cant|p2b: Roaring Moon|flinch\n|move|p1b: Chi-Yu|Heat Wave|p2b: Roaring Moon|[spread] p2a,p2b\n|-resisted|p2b: Roaring Moon\n|-damage|p2a: Talonflame|49\/100\n|-damage|p2b: Roaring Moon|57\/100\n|move|p2a: Talonflame|Will-O-Wisp|p1a: Iron Hands\n|-status|p1a: Iron Hands|brn\n|\n|-damage|p1a: Iron Hands|94\/100 brn|[from] brn\n|upkeep\n|turn|2\n|inactive|ZakyVGC has 30 seconds left.\n|inactive|RangerCiano has 30 seconds left.\n|\n|t:|1682420570\n|switch|p2a: Tyranitar|Tyranitar, L50, F|100\/100\n|-weather|Sandstorm|[from] ability: Sand Stream|[of] p2a: Tyranitar\n|move|p1b: Chi-Yu|Protect|p1b: Chi-Yu\n|-singleturn|p1b: Chi-Yu|Protect\n|move|p2b: Roaring Moon|Throat Chop|p1b: Chi-Yu\n|-activate|p1b: Chi-Yu|move: Protect\n|move|p1a: Iron Hands|Drain Punch|p2b: Roaring Moon\n|-supereffective|p2b: Roaring Moon\n|-damage|p2b: Roaring Moon|5\/100\n|-heal|p1a: Iron Hands|100\/100 brn|[from] drain|[of] p2b: Roaring Moon\n|\n|-weather|Sandstorm|[upkeep]\n|-damage|p2b: Roaring Moon|0 fnt|[from] Sandstorm\n|-damage|p1b: Chi-Yu|94\/100|[from] Sandstorm\n|-damage|p1a: Iron Hands|94\/100 brn|[from] Sandstorm\n|faint|p2b: Roaring Moon\n|-end|p2b: Roaring Moon|Protosynthesis|[silent]\n|-damage|p1a: Iron Hands|88\/100 brn|[from] brn\n|upkeep\n|\n|t:|1682420590\n|switch|p2b: Talonflame|Talonflame, L50, M, tera:Ghost|49\/100\n|turn|3\n|\n|t:|1682420608\n|switch|p1b: Torkoal|Torkoal, L50, F|100\/100\n|-weather|SunnyDay|[from] ability: Drought|[of] p1b: Torkoal\n|switch|p2a: Flutter Mane|Flutter Mane, L50|100\/100\n|-activate|p2a: Flutter Mane|ability: Protosynthesis\n|-start|p2a: Flutter Mane|protosynthesisspe\n|move|p2b: Talonflame|Brave Bird|p1b: Torkoal\n|-damage|p1b: Torkoal|76\/100\n|-damage|p2b: Talonflame|40\/100|[from] Recoil\n|move|p1a: Iron Hands|Drain Punch|p2a: Flutter Mane\n|-immune|p2a: Flutter Mane\n|\n|-weather|SunnyDay|[upkeep]\n|-heal|p1b: Torkoal|82\/100|[from] item: Leftovers\n|-damage|p1a: Iron Hands|82\/100 brn|[from] brn\n|upkeep\n|turn|4\n|inactive|ZakyVGC has 30 seconds left.\n|\n|t:|1682420640\n|move|p2a: Flutter Mane|Dazzling Gleam|p1a: Iron Hands|[spread] p1a,p1b\n|-supereffective|p1a: Iron Hands\n|-resisted|p1b: Torkoal\n|-damage|p1a: Iron Hands|24\/100 brn\n|-damage|p1b: Torkoal|52\/100\n|move|p2b: Talonflame|Tailwind|p2b: Talonflame\n|-sidestart|p2: RangerCiano|move: Tailwind\n|move|p1a: Iron Hands|Wild Charge|p2a: Flutter Mane\n|-damage|p2a: Flutter Mane|49\/100\n|-damage|p1a: Iron Hands|16\/100 brn|[from] Recoil\n|move|p1b: Torkoal|Flamethrower|p2b: Talonflame\n|-damage|p2b: Talonflame|0 fnt\n|faint|p2b: Talonflame\n|\n|-weather|SunnyDay|[upkeep]\n|-heal|p1b: Torkoal|58\/100|[from] item: Leftovers\n|-damage|p1a: Iron Hands|10\/100 brn|[from] brn\n|upkeep\n|\n|t:|1682420654\n|switch|p2b: Tyranitar|Tyranitar, L50, F|100\/100\n|-weather|Sandstorm|[from] ability: Sand Stream|[of] p2b: Tyranitar\n|-end|p2a: Flutter Mane|Protosynthesis\n|turn|5\n|\n|t:|1682420675\n|move|p1b: Torkoal|Protect|p1b: Torkoal\n|-singleturn|p1b: Torkoal|Protect\n|move|p2a: Flutter Mane|Dazzling Gleam|p1a: Iron Hands|[spread] p1a\n|-activate|p1b: Torkoal|move: Protect\n|-supereffective|p1a: Iron Hands\n|-damage|p1a: Iron Hands|0 fnt\n|faint|p1a: Iron Hands\n|-end|p1a: Iron Hands|Quark Drive|[silent]\n|move|p2b: Tyranitar|Rock Slide|p1b: Torkoal\n|-activate|p1b: Torkoal|move: Protect\n|\n|-weather|Sandstorm|[upkeep]\n|-damage|p2a: Flutter Mane|43\/100|[from] Sandstorm\n|-damage|p1b: Torkoal|52\/100|[from] Sandstorm\n|-heal|p1b: Torkoal|58\/100|[from] item: Leftovers\n|upkeep\n|\n|t:|1682420687\n|switch|p1a: Flutter Mane|Flutter Mane, L50|100\/100\n|turn|6\n|\n|t:|1682420695\n|-terastallize|p1a: Flutter Mane|Fairy\n|move|p1b: Torkoal|Helping Hand|p1a: Flutter Mane\n|-singleturn|p1a: Flutter Mane|Helping Hand|[of] p1b: Torkoal\n|move|p2a: Flutter Mane|Dazzling Gleam|p1a: Flutter Mane|[spread] p1a,p1b\n|-resisted|p1b: Torkoal\n|-damage|p1a: Flutter Mane|57\/100\n|-damage|p1b: Torkoal|28\/100\n|move|p2b: Tyranitar|Rock Slide|p1a: Flutter Mane|[spread] \n|-miss|p2b: Tyranitar|p1a: Flutter Mane\n|-miss|p2b: Tyranitar|p1b: Torkoal\n|move|p1a: Flutter Mane|Dazzling Gleam|p2b: Tyranitar|[spread] p2a,p2b\n|-supereffective|p2b: Tyranitar\n|-damage|p2a: Flutter Mane|0 fnt\n|-damage|p2b: Tyranitar|12\/100\n|faint|p2a: Flutter Mane\n|-end|p2a: Flutter Mane|Protosynthesis|[silent]\n|\n|-weather|Sandstorm|[upkeep]\n|-damage|p1a: Flutter Mane|50\/100|[from] Sandstorm\n|-damage|p1b: Torkoal|22\/100|[from] Sandstorm\n|-heal|p1b: Torkoal|28\/100|[from] item: Leftovers\n|upkeep\n|turn|7\n|inactive|RangerCiano has 30 seconds left.\n|c|\u2606RangerCiano|did i missed both????\n|\n|t:|1682420723\n|move|p2b: Tyranitar|Rock Slide|p1b: Torkoal|[spread] p1a,p1b\n|-supereffective|p1b: Torkoal\n|-damage|p1a: Flutter Mane|0 fnt\n|-damage|p1b: Torkoal|0 fnt\n|faint|p1a: Flutter Mane\n|-end|p1a: Flutter Mane|Protosynthesis|[silent]\n|faint|p1b: Torkoal\n|\n|-weather|Sandstorm|[upkeep]\n|-sideend|p2: RangerCiano|move: Tailwind\n|upkeep\n|c|\u2606ZakyVGC|yes\n|\n|t:|1682420729\n|switch|p1b: Chi-Yu|Chi-Yu, L50|94\/100\n|-ability|p1b: Chi-Yu|Beads of Ruin\n|turn|8\n|c|\u2606RangerCiano|fuck\n|\n|t:|1682420743\n|move|p1b: Chi-Yu|Heat Wave|p2b: Tyranitar\n|-resisted|p2b: Tyranitar\n|-damage|p2b: Tyranitar|0 fnt\n|faint|p2b: Tyranitar\n|\n|win|ZakyVGC\n|raw|ZakyVGC's rating: 1152 → 1183<\/strong> (+31 for winning)\n|raw|RangerCiano's rating: 1232 → 1201<\/strong> (-31 for losing)\n|c|\u2606RangerCiano|lol\n|c|\u2606RangerCiano|gg\n|c|\u2606ZakyVGC|gg\n|l|\u2606ZakyVGC\n","uploadtime":1682420925,"views":18,"p1id":"zakyvgc","p2id":"rangerciano","formatid":"gen9vgc2023regulationc","rating":1183,"private":0,"password":""}