{"id":"gen9vgc2023regulationc-1854433138","p1":"Determewnation","p2":"JCG777","format":"[Gen 9] VGC 2023 Regulation C","log":"|j|\u2606Determewnation\n|j|\u2606JCG777\n|t:|1682810283\n|gametype|doubles\n|player|p1|Determewnation|akari-isekai|1227\n|player|p2|JCG777|skierf|1194\n|teamsize|p1|6\n|teamsize|p2|6\n|gen|9\n|tier|[Gen 9] VGC 2023 Regulation C\n|rated|\n|rule|Species Clause: Limit one of each Pok\u00e9mon\n|rule|Item Clause: Limit one of each item\n|clearpoke\n|poke|p1|Iron Treads, L50|\n|poke|p1|Murkrow, L50, F|\n|poke|p1|Goodra, L50, F|\n|poke|p1|Indeedee-F, L50, F|\n|poke|p1|Sylveon, L50, M|\n|poke|p1|Iron Bundle, L50|\n|poke|p2|Flutter Mane, L50|\n|poke|p2|Amoonguss, L50, F|\n|poke|p2|Arcanine, L50, F|\n|poke|p2|Ting-Lu, L50|\n|poke|p2|Palafin, L50, M|\n|poke|p2|Baxcalibur, L50, F|\n|teampreview|4\nJCG777 has agreed to open team sheets.\n|\n|t:|1682810334\n|start\n|switch|p1a: Iron Bundle|Iron Bundle, L50|100\/100\n|switch|p1b: Iron Treads|Iron Treads, L50|100\/100\n|switch|p2a: Palafin|Palafin, L50, M|100\/100\n|switch|p2b: Arcanine|Arcanine, L50, F|100\/100\n|-ability|p2b: Arcanine|Intimidate|boost\n|-unboost|p1a: Iron Bundle|atk|1\n|-unboost|p1b: Iron Treads|atk|1\n|turn|1\n|inactive|Battle timer is ON: inactive players will automatically lose when time's up. (requested by JCG777)\n|inactive|JCG777 has 60 seconds left.\n|\n|t:|1682810377\n|move|p1a: Iron Bundle|Protect|p1a: Iron Bundle\n|-singleturn|p1a: Iron Bundle|Protect\n|move|p1b: Iron Treads|Protect|p1b: Iron Treads\n|-singleturn|p1b: Iron Treads|Protect\n|move|p2a: Palafin|Protect|p2a: Palafin\n|-singleturn|p2a: Palafin|Protect\n|move|p2b: Arcanine|Protect||[still]\n|-fail|p2b: Arcanine\n|\n|upkeep\n|turn|2\n|\n|t:|1682810399\n|detailschange|p2a: Palafin|Palafin-Hero, L50, M\n|switch|p2a: Flutter Mane|Flutter Mane, L50|100\/100\n|-terastallize|p2b: Arcanine|Grass\n|move|p1a: Iron Bundle|Freeze-Dry|p2a: Flutter Mane\n|-damage|p2a: Flutter Mane|65\/100\n|move|p1b: Iron Treads|Rock Slide|p2a: Flutter Mane|[spread] p2a,p2b\n|-damage|p2a: Flutter Mane|39\/100\n|-damage|p2b: Arcanine|89\/100\n|move|p2b: Arcanine|Will-O-Wisp|p1b: Iron Treads\n|-status|p1b: Iron Treads|brn\n|\n|-damage|p1b: Iron Treads|94\/100 brn|[from] brn\n|upkeep\n|turn|3\n|inactive|Determewnation has 30 seconds left.\n|\n|t:|1682810434\n|move|p1a: Iron Bundle|Protect|p1a: Iron Bundle\n|-singleturn|p1a: Iron Bundle|Protect\n|move|p2a: Flutter Mane|Protect|p2a: Flutter Mane\n|-singleturn|p2a: Flutter Mane|Protect\n|move|p2b: Arcanine|Extreme Speed|p1a: Iron Bundle\n|-activate|p1a: Iron Bundle|move: Protect\n|move|p1b: Iron Treads|Earthquake|p2a: Flutter Mane|[spread] p2b\n|-activate|p1a: Iron Bundle|move: Protect\n|-activate|p2a: Flutter Mane|move: Protect\n|-resisted|p2b: Arcanine\n|-damage|p2b: Arcanine|83\/100\n|\n|-damage|p1b: Iron Treads|88\/100 brn|[from] brn\n|upkeep\n|turn|4\n|\n|t:|1682810457\n|-end|p2a: Flutter Mane|Protosynthesis|[silent]\n|switch|p2a: Palafin|Palafin-Hero, L50, M|100\/100\n|-activate|p2a: Palafin|ability: Zero to Hero\n|move|p1a: Iron Bundle|Freeze-Dry|p2b: Arcanine\n|-supereffective|p2b: Arcanine\n|-damage|p2b: Arcanine|24\/100\n|move|p1b: Iron Treads|Iron Head|p2a: Palafin\n|-resisted|p2a: Palafin\n|-damage|p2a: Palafin|94\/100\n|move|p2b: Arcanine|Flare Blitz|p1a: Iron Bundle\n|-damage|p1a: Iron Bundle|43\/100\n|-damage|p2b: Arcanine|12\/100|[from] Recoil\n|\n|-damage|p1b: Iron Treads|82\/100 brn|[from] brn\n|upkeep\n|turn|5\n|\n|t:|1682810475\n|-end|p1a: Iron Bundle|Quark Drive|[silent]\n|switch|p1a: Indeedee|Indeedee-F, L50, F|100\/100\n|-fieldstart|move: Psychic Terrain|[from] ability: Psychic Surge|[of] p1a: Indeedee\n|-enditem|p1a: Indeedee|Psychic Seed\n|-boost|p1a: Indeedee|spd|1|[from] item: Psychic Seed\n|move|p2a: Palafin|Protect|p2a: Palafin\n|-singleturn|p2a: Palafin|Protect\n|move|p2b: Arcanine|Protect|p2b: Arcanine\n|-singleturn|p2b: Arcanine|Protect\n|move|p1b: Iron Treads|Iron Head|p2b: Arcanine\n|-activate|p2b: Arcanine|move: Protect\n|\n|-damage|p1b: Iron Treads|76\/100 brn|[from] brn\n|upkeep\n|turn|6\n|\n|t:|1682810505\n|move|p1a: Indeedee|Protect|p1a: Indeedee\n|-singleturn|p1a: Indeedee|Protect\n|move|p1b: Iron Treads|Rock Slide|p2b: Arcanine|[spread] p2a,p2b\n|-damage|p2a: Palafin|89\/100\n|-damage|p2b: Arcanine|6\/100\n|move|p2a: Palafin|Wave Crash|p1a: Indeedee\n|-activate|p1a: Indeedee|move: Protect\n|cant|p2b: Arcanine|flinch\n|\n|-damage|p1b: Iron Treads|70\/100 brn|[from] brn\n|upkeep\n|turn|7\n|\n|t:|1682810525\n|move|p1b: Iron Treads|Rock Slide|p2b: Arcanine|[spread] p2a,p2b\n|-damage|p2a: Palafin|82\/100\n|-damage|p2b: Arcanine|0 fnt\n|faint|p2b: Arcanine\n|cant|p2a: Palafin|flinch\n|move|p1a: Indeedee|Psychic|p2a: Palafin\n|-damage|p2a: Palafin|39\/100\n|\n|-damage|p1b: Iron Treads|64\/100 brn|[from] brn\n|upkeep\n|\n|t:|1682810538\n|switch|p2b: Flutter Mane|Flutter Mane, L50|39\/100\n|turn|8\n|\n|t:|1682810551\n|move|p2b: Flutter Mane|Dazzling Gleam|p1a: Indeedee|[spread] p1a,p1b\n|-resisted|p1b: Iron Treads\n|-damage|p1a: Indeedee|80\/100\n|-damage|p1b: Iron Treads|43\/100 brn\n|move|p1b: Iron Treads|Rock Slide|p2a: Palafin|[spread] p2a,p2b\n|-damage|p2a: Palafin|33\/100\n|-damage|p2b: Flutter Mane|27\/100\n|move|p2a: Palafin|Wave Crash|p1a: Indeedee\n|-damage|p1a: Indeedee|0 fnt\n|faint|p1a: Indeedee\n|-damage|p2a: Palafin|6\/100|[from] Recoil\n|\n|-damage|p1b: Iron Treads|37\/100 brn|[from] brn\n|upkeep\n|\n|t:|1682810559\n|switch|p1a: Iron Bundle|Iron Bundle, L50|43\/100\n|turn|9\n|\n|t:|1682810569\n|-end|p2b: Flutter Mane|Protosynthesis|[silent]\n|switch|p2b: Amoonguss|Amoonguss, L50, F|100\/100\n|-end|p1b: Iron Treads|Quark Drive|[silent]\n|switch|p1b: Sylveon|Sylveon, L50, M|100\/100\n|move|p2a: Palafin|Protect|p2a: Palafin\n|-singleturn|p2a: Palafin|Protect\n|move|p1a: Iron Bundle|Icy Wind|p2b: Amoonguss|[spread] p2b\n|-activate|p2a: Palafin|move: Protect\n|-supereffective|p2b: Amoonguss\n|-damage|p2b: Amoonguss|68\/100\n|-unboost|p2b: Amoonguss|spe|1\n|\n|-fieldend|move: Psychic Terrain\n|upkeep\n|turn|10\n|\n|t:|1682810593\n|move|p1b: Sylveon|Protect|p1b: Sylveon\n|-singleturn|p1b: Sylveon|Protect\n|move|p2b: Amoonguss|Rage Powder|p2b: Amoonguss\n|-singleturn|p2b: Amoonguss|move: Rage Powder\n|move|p1a: Iron Bundle|Icy Wind|p2a: Palafin|[spread] p2a,p2b\n|-resisted|p2a: Palafin\n|-supereffective|p2b: Amoonguss\n|-damage|p2a: Palafin|0 fnt\n|-damage|p2b: Amoonguss|35\/100\n|-unboost|p2b: Amoonguss|spe|1\n|-enditem|p2b: Amoonguss|Sitrus Berry|[eat]\n|-heal|p2b: Amoonguss|60\/100|[from] item: Sitrus Berry\n|faint|p2a: Palafin\n|\n|upkeep\n|\n|t:|1682810599\n|switch|p2a: Flutter Mane|Flutter Mane, L50|27\/100\n|turn|11\n|\n|t:|1682810615\n|-terastallize|p1b: Sylveon|Fire\n|move|p2b: Amoonguss|Rage Powder|p2b: Amoonguss\n|-singleturn|p2b: Amoonguss|move: Rage Powder\n|move|p1a: Iron Bundle|Freeze-Dry|p2b: Amoonguss\n|-supereffective|p2b: Amoonguss\n|-damage|p2b: Amoonguss|0 fnt\n|faint|p2b: Amoonguss\n|move|p2a: Flutter Mane|Moonblast|p1b: Sylveon\n|-resisted|p1b: Sylveon\n|-damage|p1b: Sylveon|79\/100\n|move|p1b: Sylveon|Hyper Voice|p2a: Flutter Mane\n|-damage|p2a: Flutter Mane|0 fnt\n|faint|p2a: Flutter Mane\n|-end|p2a: Flutter Mane|Protosynthesis|[silent]\n|-enditem|p1b: Sylveon|Throat Spray\n|\n|win|Determewnation\n|raw|Determewnation's rating: 1227 → 1250<\/strong> (+23 for winning)\n|raw|JCG777's rating: 1194 → 1171<\/strong> (-23 for losing)\n|l|\u2606JCG777\n","uploadtime":1682810687,"views":19,"p1id":"determewnation","p2id":"jcg777","formatid":"gen9vgc2023regulationc","rating":1171,"private":0,"password":""}