{"id":"gen9vgc2023regulationc-1855587034","p1":"Marinza","p2":"Bout It 27","format":"[Gen 9] VGC 2023 Regulation C","log":"|j|\u2606Marinza\n|j|\u2606Bout It 27\n|t:|1682964349\n|gametype|doubles\n|player|p1|Marinza|266|1249\n|player|p2|Bout It 27|170|1294\n|teamsize|p1|6\n|teamsize|p2|6\n|gen|9\n|tier|[Gen 9] VGC 2023 Regulation C\n|rated|\n|rule|Species Clause: Limit one of each Pok\u00e9mon\n|rule|Item Clause: Limit one of each item\n|clearpoke\n|poke|p1|Baxcalibur, L50, M|\n|poke|p1|Palafin, L50, F|\n|poke|p1|Arcanine, L50, M|\n|poke|p1|Flutter Mane, L50|\n|poke|p1|Ting-Lu, L50|\n|poke|p1|Amoonguss, L50, F|\n|poke|p2|Torkoal, L50, F|\n|poke|p2|Hatterene, L50, F|\n|poke|p2|Indeedee-F, L50, F|\n|poke|p2|Great Tusk, L50|\n|poke|p2|Ting-Lu, L50|\n|poke|p2|Roaring Moon, L50|\n|teampreview|4\n|\n|t:|1682964374\n|start\n|switch|p1a: Ting-Lu|Ting-Lu, L50|100\/100\n|switch|p1b: Palafin|Palafin, L50, F|100\/100\n|switch|p2a: Roaring Moon|Roaring Moon, L50|100\/100\n|switch|p2b: Ting-Lu|Ting-Lu, L50|100\/100\n|-ability|p1a: Ting-Lu|Vessel of Ruin\n|-ability|p2b: Ting-Lu|Vessel of Ruin\n|turn|1\n|\n|t:|1682964407\n|detailschange|p1b: Palafin|Palafin-Hero, L50, F\n|switch|p1b: Arcanine|Arcanine, L50, M|100\/100\n|-ability|p1b: Arcanine|Intimidate|boost\n|-unboost|p2a: Roaring Moon|atk|1\n|-unboost|p2b: Ting-Lu|atk|1\n|-terastallize|p2b: Ting-Lu|Grass\n|move|p2a: Roaring Moon|Breaking Swipe|p1b: Arcanine|[spread] p1a,p1b\n|-damage|p1a: Ting-Lu|91\/100\n|-damage|p1b: Arcanine|83\/100\n|-unboost|p1a: Ting-Lu|atk|1\n|-unboost|p1b: Arcanine|atk|1\n|move|p1a: Ting-Lu|Ruination|p2a: Roaring Moon\n|-damage|p2a: Roaring Moon|51\/100\n|move|p2b: Ting-Lu|Tera Blast|p1b: Arcanine\n|-resisted|p1b: Arcanine\n|-damage|p1b: Arcanine|70\/100\n|\n|upkeep\n|turn|2\n|\n|t:|1682964444\n|switch|p2b: Hatterene|Hatterene, L50, F|100\/100\n|move|p2a: Roaring Moon|Breaking Swipe|p1b: Arcanine|[spread] p1a,p1b\n|-damage|p1a: Ting-Lu|82\/100\n|-damage|p1b: Arcanine|51\/100\n|-unboost|p1a: Ting-Lu|atk|1\n|-unboost|p1b: Arcanine|atk|1\n|move|p1b: Arcanine|Will-O-Wisp|p2a: Roaring Moon\n|-status|p2a: Roaring Moon|brn\n|move|p1a: Ting-Lu|Ruination|p2b: Hatterene\n|-damage|p2b: Hatterene|50\/100\n|\n|-damage|p2a: Roaring Moon|45\/100 brn|[from] brn\n|upkeep\n|turn|3\n|\n|t:|1682964474\n|move|p2a: Roaring Moon|Breaking Swipe|p1a: Ting-Lu|[spread] p1a,p1b\n|-damage|p1a: Ting-Lu|78\/100\n|-damage|p1b: Arcanine|42\/100\n|-unboost|p1a: Ting-Lu|atk|1\n|-unboost|p1b: Arcanine|atk|1\n|move|p1b: Arcanine|Snarl|p2b: Hatterene|[spread] p2a,p2b\n|-resisted|p2a: Roaring Moon\n|-damage|p2a: Roaring Moon|41\/100 brn\n|-damage|p2b: Hatterene|44\/100\n|-unboost|p2a: Roaring Moon|spa|1\n|-unboost|p2b: Hatterene|spa|1\n|move|p1a: Ting-Lu|Heavy Slam|p2b: Hatterene\n|-supereffective|p2b: Hatterene\n|-damage|p2b: Hatterene|16\/100\n|move|p2b: Hatterene|Trick Room|p2b: Hatterene\n|-fieldstart|move: Trick Room|[of] p2b: Hatterene\n|-enditem|p2b: Hatterene|Room Service\n|-unboost|p2b: Hatterene|spe|1|[from] item: Room Service\n|\n|-damage|p2a: Roaring Moon|35\/100 brn|[from] brn\n|upkeep\n|turn|4\n|l|\u2606Marinza\n|player|p1|\n|j|\u2606Marinza\n|player|p1|Marinza|266\n|\n|t:|1682964516\n|move|p2b: Hatterene|Dazzling Gleam|p1a: Ting-Lu|[spread] p1a,p1b\n|-supereffective|p1a: Ting-Lu\n|-resisted|p1b: Arcanine\n|-damage|p1a: Ting-Lu|62\/100\n|-damage|p1b: Arcanine|32\/100\n|move|p1a: Ting-Lu|Heavy Slam|p2b: Hatterene\n|-supereffective|p2b: Hatterene\n|-damage|p2b: Hatterene|0 fnt\n|faint|p2b: Hatterene\n|move|p1b: Arcanine|Snarl|p2a: Roaring Moon\n|-resisted|p2a: Roaring Moon\n|-damage|p2a: Roaring Moon|31\/100 brn\n|-unboost|p2a: Roaring Moon|spa|1\n|move|p2a: Roaring Moon|Breaking Swipe|p1b: Arcanine|[spread] p1a,p1b\n|-damage|p1a: Ting-Lu|57\/100\n|-damage|p1b: Arcanine|23\/100\n|-unboost|p1a: Ting-Lu|atk|1\n|-unboost|p1b: Arcanine|atk|1\n|-enditem|p1b: Arcanine|Figy Berry|[eat]\n|-heal|p1b: Arcanine|57\/100|[from] item: Figy Berry\n|\n|-damage|p2a: Roaring Moon|25\/100 brn|[from] brn\n|upkeep\n|\n|t:|1682964537\n|switch|p2b: Ting-Lu|Ting-Lu, L50, tera:Grass|100\/100\n|-ability|p2b: Ting-Lu|Vessel of Ruin\n|turn|5\n|\n|t:|1682964549\n|switch|p1a: Amoonguss|Amoonguss, L50, F|100\/100\n|-end|p2a: Roaring Moon|Protosynthesis|[silent]\n|switch|p2a: Torkoal|Torkoal, L50, F|100\/100\n|-weather|SunnyDay|[from] ability: Drought|[of] p2a: Torkoal\n|move|p2b: Ting-Lu|Stomping Tantrum|p1b: Arcanine\n|-supereffective|p1b: Arcanine\n|-damage|p1b: Arcanine|0 fnt\n|faint|p1b: Arcanine\n|\n|-weather|SunnyDay|[upkeep]\n|upkeep\n|\n|t:|1682964559\n|switch|p1b: Palafin|Palafin-Hero, L50, F|100\/100\n|-activate|p1b: Palafin|ability: Zero to Hero\n|turn|6\n|\n|t:|1682964573\n|switch|p1a: Ting-Lu|Ting-Lu, L50|57\/100\n|-ability|p1a: Ting-Lu|Vessel of Ruin\n|-terastallize|p1b: Palafin|Water\n|move|p1b: Palafin|Jet Punch|p2a: Torkoal\n|-supereffective|p2a: Torkoal\n|-damage|p2a: Torkoal|58\/100\n|move|p2a: Torkoal|Heat Wave|p1a: Ting-Lu|[spread] p1a,p1b\n|-resisted|p1b: Palafin\n|-damage|p1a: Ting-Lu|41\/100\n|-damage|p1b: Palafin|85\/100\n|move|p2b: Ting-Lu|Stomping Tantrum|p1a: Ting-Lu\n|-damage|p1a: Ting-Lu|20\/100\n|\n|-weather|SunnyDay|[upkeep]\n|upkeep\n|turn|7\n|\n|t:|1682964607\n|switch|p2a: Roaring Moon|Roaring Moon, L50|25\/100 brn\n|-activate|p2a: Roaring Moon|ability: Protosynthesis\n|-start|p2a: Roaring Moon|protosynthesisatk\n|move|p1b: Palafin|Protect|p1b: Palafin\n|-singleturn|p1b: Palafin|Protect\n|move|p2b: Ting-Lu|Tera Blast|p1b: Palafin\n|-activate|p1b: Palafin|move: Protect\n|move|p1a: Ting-Lu|Stomping Tantrum|p2a: Roaring Moon\n|-damage|p2a: Roaring Moon|0 fnt\n|faint|p2a: Roaring Moon\n|-end|p2a: Roaring Moon|Protosynthesis|[silent]\n|\n|-weather|SunnyDay|[upkeep]\n|-fieldend|move: Trick Room\n|upkeep\n|\n|t:|1682964623\n|switch|p2a: Torkoal|Torkoal, L50, F|58\/100\n|turn|8\n|\n|t:|1682964645\n|move|p2a: Torkoal|Protect|p2a: Torkoal\n|-singleturn|p2a: Torkoal|Protect\n|move|p1b: Palafin|Wave Crash|p2a: Torkoal\n|-activate|p2a: Torkoal|move: Protect\n|move|p1a: Ting-Lu|Stomping Tantrum|p2a: Torkoal\n|-activate|p2a: Torkoal|move: Protect\n|move|p2b: Ting-Lu|Tera Blast|p1a: Ting-Lu\n|-supereffective|p1a: Ting-Lu\n|-damage|p1a: Ting-Lu|0 fnt\n|faint|p1a: Ting-Lu\n|\n|-weather|SunnyDay|[upkeep]\n|upkeep\n|\n|t:|1682964647\n|switch|p1a: Amoonguss|Amoonguss, L50, F|100\/100\n|turn|9\n|\n|t:|1682964667\n|move|p2a: Torkoal|Protect||[still]\n|-fail|p2a: Torkoal\n|move|p1b: Palafin|Wave Crash|p2a: Torkoal\n|-supereffective|p2a: Torkoal\n|-crit|p2a: Torkoal\n|-damage|p2a: Torkoal|0 fnt\n|faint|p2a: Torkoal\n|-damage|p1b: Palafin|69\/100|[from] Recoil\n|move|p2b: Ting-Lu|Tera Blast|p1b: Palafin\n|-supereffective|p1b: Palafin\n|-damage|p1b: Palafin|0 fnt\n|faint|p1b: Palafin\n|move|p1a: Amoonguss|Pollen Puff|p2b: Ting-Lu\n|-supereffective|p2b: Ting-Lu\n|-damage|p2b: Ting-Lu|85\/100\n|\n|-weather|none\n|upkeep\n|turn|10\n|\n|t:|1682964687\n|move|p2b: Ting-Lu|Stomping Tantrum|p1a: Amoonguss\n|-damage|p1a: Amoonguss|73\/100\n|move|p1a: Amoonguss|Pollen Puff|p2b: Ting-Lu\n|-supereffective|p2b: Ting-Lu\n|-damage|p2b: Ting-Lu|71\/100\n|\n|upkeep\n|turn|11\n|\n|t:|1682964696\n|move|p2b: Ting-Lu|Stomping Tantrum|p1a: Amoonguss\n|-damage|p1a: Amoonguss|46\/100\n|-enditem|p1a: Amoonguss|Sitrus Berry|[eat]\n|-heal|p1a: Amoonguss|71\/100|[from] item: Sitrus Berry\n|move|p1a: Amoonguss|Pollen Puff|p2b: Ting-Lu\n|-supereffective|p2b: Ting-Lu\n|-damage|p2b: Ting-Lu|56\/100\n|\n|upkeep\n|turn|12\n|\n|t:|1682964708\n|move|p2b: Ting-Lu|Ruination|p1a: Amoonguss\n|-damage|p1a: Amoonguss|36\/100\n|move|p1a: Amoonguss|Pollen Puff|p2b: Ting-Lu\n|-supereffective|p2b: Ting-Lu\n|-damage|p2b: Ting-Lu|41\/100\n|\n|upkeep\n|turn|13\n|\n|t:|1682964717\n|move|p2b: Ting-Lu|Stomping Tantrum|p1a: Amoonguss\n|-crit|p1a: Amoonguss\n|-damage|p1a: Amoonguss|0 fnt\n|faint|p1a: Amoonguss\n|\n|win|Bout It 27\n|raw|Marinza's rating: 1249 → 1227<\/strong> (-22 for losing)\n|raw|Bout It 27's rating: 1294 → 1316<\/strong> (+22 for winning)\n|l|\u2606Marinza\n","uploadtime":1682964787,"views":18,"p1id":"marinza","p2id":"boutit27","formatid":"gen9vgc2023regulationc","rating":1227,"private":0,"password":""}