{"id":"gen9vgc2023regulationc-1848613204","p1":"Topperlecat","p2":"Titi Grech","format":"[Gen 9] VGC 2023 Regulation C","log":"|j|\u2606Topperlecat\n|j|\u2606Titi Grech\n|t:|1682094518\n|gametype|doubles\n|player|p1|Topperlecat|chili|\n|player|p2|Titi Grech|2|\n|teamsize|p1|6\n|teamsize|p2|6\n|gen|9\n|tier|[Gen 9] VGC 2023 Regulation C\n|rule|Species Clause: Limit one of each Pok\u00e9mon\n|rule|Item Clause: Limit one of each item\n|clearpoke\n|poke|p1|Palafin, L50, M|\n|poke|p1|Chi-Yu, L50|\n|poke|p1|Bellibolt, L50, M|\n|poke|p1|Amoonguss, L50, F|\n|poke|p1|Oranguru, L50, M|\n|poke|p1|Pelipper, L50, F|\n|poke|p2|Vaporeon, L50, F|\n|poke|p2|Toxicroak, L50, F|\n|poke|p2|Clodsire, L50, F|\n|poke|p2|Cacturne, L50, M|\n|poke|p2|Amoonguss, L50, F|\n|poke|p2|Rotom-Wash, L50|\n|teampreview|4\n|inactive|Battle timer is ON: inactive players will automatically lose when time's up. (requested by Titi Grech)\n|c|\u2606Topperlecat|Glhf\nTopperlecat rejected open team sheets.\n|c|\u2606Titi Grech|Glhf\n|inactive|Topperlecat has 60 seconds left.\n|inactive|Titi Grech has 60 seconds left.\n|\n|t:|1682094561\n|start\n|switch|p1a: Palafin|Palafin, L50, M|100\/100\n|switch|p1b: Pelipper|Pelipper, L50, F|100\/100\n|switch|p2a: Rotom|Rotom-Wash, L50|100\/100\n|switch|p2b: Vaporeon|Vaporeon, L50, F|100\/100\n|-weather|RainDance|[from] ability: Drizzle|[of] p1b: Pelipper\n|turn|1\n|\n|t:|1682094579\n|-terastallize|p1a: Palafin|Normal\n|move|p1b: Pelipper|Protect|p1b: Pelipper\n|-singleturn|p1b: Pelipper|Protect\n|move|p2a: Rotom|Thunderbolt|p1b: Pelipper\n|-activate|p1b: Pelipper|move: Protect\n|move|p1a: Palafin|Boomburst|p2a: Rotom|[spread] p2a,p2b\n|-activate|p1b: Pelipper|move: Protect\n|-damage|p2a: Rotom|59\/100\n|-damage|p2b: Vaporeon|79\/100\n|-enditem|p1a: Palafin|Throat Spray\n|-boost|p1a: Palafin|spa|1|[from] item: Throat Spray\n|move|p2b: Vaporeon|Acid Armor|p2b: Vaporeon\n|-boost|p2b: Vaporeon|def|2\n|\n|-weather|RainDance|[upkeep]\n|upkeep\n|turn|2\n|\n|t:|1682094603\n|switch|p1b: Chi-Yu|Chi-Yu, L50|100\/100\n|-ability|p1b: Chi-Yu|Beads of Ruin\n|move|p2a: Rotom|Thunderbolt|p1b: Chi-Yu\n|-damage|p1b: Chi-Yu|22\/100\n|move|p1a: Palafin|Boomburst|p2a: Rotom|[spread] p1b,p2a,p2b\n|-damage|p1b: Chi-Yu|0 fnt\n|-damage|p2a: Rotom|0 fnt\n|-damage|p2b: Vaporeon|42\/100\n|faint|p1b: Chi-Yu\n|faint|p2a: Rotom\n|move|p2b: Vaporeon|Yawn|p1a: Palafin\n|-start|p1a: Palafin|move: Yawn|[of] p2b: Vaporeon\n|\n|-weather|RainDance|[upkeep]\n|upkeep\n|c|\u2606Titi Grech|creative\n|\n|t:|1682094621\n|switch|p1b: Bellibolt|Bellibolt, L50, M|100\/100\n|switch|p2a: Toxicroak|Toxicroak, L50, F|100\/100\n|turn|3\n|inactive|Topperlecat has 30 seconds left.\n|inactive|Titi Grech has 30 seconds left.\n|inactive|Topperlecat has 20 seconds left.\n|inactive|Titi Grech has 20 seconds left.\n|inactive|Titi Grech has 15 seconds left.\n|\n|t:|1682094665\n|detailschange|p1a: Palafin|Palafin-Hero, L50, M, tera:Normal\n|switch|p1a: Pelipper|Pelipper, L50, F|100\/100\n|move|p2a: Toxicroak|Fake Out|p1b: Bellibolt\n|-damage|p1b: Bellibolt|90\/100\n|-start|p1b: Bellibolt|Charge|Fake Out|[from] ability: Electromorphosis\n|move|p2b: Vaporeon|Yawn|p1b: Bellibolt\n|-start|p1b: Bellibolt|move: Yawn|[of] p2b: Vaporeon\n|cant|p1b: Bellibolt|flinch\n|-end|p1b: Bellibolt|Charge|[silent]\n|\n|-weather|RainDance|[upkeep]\n|upkeep\n|turn|4\n|\n|t:|1682094683\n|move|p2a: Toxicroak|Drain Punch|p1b: Bellibolt\n|-damage|p1b: Bellibolt|60\/100\n|-start|p1b: Bellibolt|Charge|Drain Punch|[from] ability: Electromorphosis\n|move|p2b: Vaporeon|Icy Wind|p1b: Bellibolt|[spread] p1a,p1b\n|-crit|p1a: Pelipper\n|-damage|p1a: Pelipper|79\/100\n|-damage|p1b: Bellibolt|49\/100\n|-unboost|p1a: Pelipper|spe|1\n|-unboost|p1b: Bellibolt|spe|1\n|-start|p1b: Bellibolt|Charge|Icy Wind|[from] ability: Electromorphosis\n|move|p1a: Pelipper|Hurricane|p2b: Vaporeon\n|-damage|p2b: Vaporeon|23\/100\n|-enditem|p2b: Vaporeon|Aguav Berry|[eat]\n|-heal|p2b: Vaporeon|57\/100|[from] item: Aguav Berry\n|move|p1b: Bellibolt|Volt Switch|p2b: Vaporeon\n|-supereffective|p2b: Vaporeon\n|-damage|p2b: Vaporeon|0 fnt\n|faint|p2b: Vaporeon\n|-end|p1b: Bellibolt|Charge|[silent]\n|\n|t:|1682094705\n|switch|p1b: Palafin|Palafin-Hero, L50, M, tera:Normal|100\/100|[from] Volt Switch\n|-activate|p1b: Palafin|ability: Zero to Hero\n|\n|-weather|RainDance|[upkeep]\n|upkeep\n|\n|t:|1682094711\n|switch|p2b: Cacturne|Cacturne, L50, M|100\/100\n|turn|5\n|\n|t:|1682094725\n|switch|p1a: Bellibolt|Bellibolt, L50, M|49\/100\n|move|p2a: Toxicroak|Drain Punch|p1b: Palafin\n|-supereffective|p1b: Palafin\n|-damage|p1b: Palafin|40\/100\n|move|p1b: Palafin|Boomburst|p2b: Cacturne|[spread] p1a,p2a,p2b\n|-damage|p1a: Bellibolt|0 fnt\n|-damage|p2a: Toxicroak|61\/100\n|-damage|p2b: Cacturne|20\/100\n|faint|p1a: Bellibolt\n|move|p2b: Cacturne|Thunder Punch|p1b: Palafin\n|-damage|p1b: Palafin|1\/100\n|\n|-weather|RainDance|[upkeep]\n|-heal|p2a: Toxicroak|73\/100|[from] ability: Dry Skin\n|upkeep\n|\n|t:|1682094738\n|switch|p1a: Pelipper|Pelipper, L50, F|79\/100\n|turn|6\n|\n|t:|1682094752\n|move|p2a: Toxicroak|Bullet Punch|p1b: Palafin\n|-damage|p1b: Palafin|0 fnt\n|faint|p1b: Palafin\n|move|p1a: Pelipper|Hurricane|p2a: Toxicroak\n|-supereffective|p2a: Toxicroak\n|-damage|p2a: Toxicroak|24\/100\n|move|p2b: Cacturne|Thunder Punch|p1a: Pelipper\n|-supereffective|p1a: Pelipper\n|-damage|p1a: Pelipper|0 fnt\n|faint|p1a: Pelipper\n|\n|win|Titi Grech\n|c|\u2606Titi Grech|gg thanks\n|l|\u2606Titi Grech\n|c|\u2606Topperlecat|gg lol\n","uploadtime":1682094778,"views":6,"p1id":"topperlecat","p2id":"titigrech","formatid":"gen9vgc2023regulationc","rating":0,"private":0,"password":""}