{"id":"gen9vgc2023regulationc-1851196687","p1":"carlospvn","p2":"ZerosGal","format":"[Gen 9] VGC 2023 Regulation C","log":"|j|\u2606carlospvn\n|j|\u2606ZerosGal\n|t:|1682423813\n|gametype|doubles\n|player|p1|carlospvn|policeman-gen4|1260\n|player|p2|ZerosGal|skyla|1349\n|teamsize|p1|6\n|teamsize|p2|6\n|gen|9\n|tier|[Gen 9] VGC 2023 Regulation C\n|rated|\n|rule|Species Clause: Limit one of each Pok\u00e9mon\n|rule|Item Clause: Limit one of each item\n|clearpoke\n|poke|p1|Dondozo, L50, M|\n|poke|p1|Tatsugiri, L50, F|\n|poke|p1|Glimmora, L50, F|\n|poke|p1|Flutter Mane, L50|\n|poke|p1|Dragonite, L50, F|\n|poke|p1|Chi-Yu, L50|\n|poke|p2|Orthworm, L50, F|\n|poke|p2|Dragonite, L50, F|\n|poke|p2|Ting-Lu, L50|\n|poke|p2|Arcanine, L50, M|\n|poke|p2|Flutter Mane, L50|\n|poke|p2|Iron Bundle, L50|\n|teampreview|4\n|\n|t:|1682423923\n|start\n|switch|p1a: Dondozo|Dondozo, L50, M|100\/100\n|switch|p1b: Glimmora|Glimmora, L50, F, shiny|100\/100\n|switch|p2a: Orthworm|Orthworm, L50, F|100\/100\n|switch|p2b: Iron Bundle|Iron Bundle, L50|100\/100\n|turn|1\n|\n|t:|1682423947\n|move|p1b: Glimmora|Spiky Shield|p1b: Glimmora\n|-singleturn|p1b: Glimmora|move: Protect\n|move|p2b: Iron Bundle|Icy Wind|p1b: Glimmora|[spread] p1a\n|-activate|p1b: Glimmora|move: Protect\n|-resisted|p1a: Dondozo\n|-damage|p1a: Dondozo|93\/100\n|-unboost|p1a: Dondozo|spe|1\n|move|p2a: Orthworm|Shed Tail|p2a: Orthworm\n|-start|p2a: Orthworm|Substitute|[from] move: Shed Tail\n|-damage|p2a: Orthworm|50\/100\n|-enditem|p2a: Orthworm|Sitrus Berry|[eat]\n|-heal|p2a: Orthworm|75\/100|[from] item: Sitrus Berry\n|\n|t:|1682423960\n|switch|p2a: Arcanine|Arcanine, L50, M|100\/100|[from] Shed Tail\n|-ability|p2a: Arcanine|Intimidate|boost\n|-unboost|p1a: Dondozo|atk|1\n|-unboost|p1b: Glimmora|atk|1\n|move|p1a: Dondozo|Yawn||[still]\n|-fail|p1a: Dondozo\n|\n|upkeep\n|turn|2\n|\n|t:|1682423977\n|move|p2b: Iron Bundle|Hydro Pump|p1b: Glimmora\n|-supereffective|p1b: Glimmora\n|-enditem|p1b: Glimmora|Focus Sash\n|-damage|p1b: Glimmora|1\/100\n|move|p1b: Glimmora|Power Gem|p2a: Arcanine\n|-supereffective|p2a: Arcanine\n|-end|p2a: Arcanine|Substitute\n|move|p2a: Arcanine|Snarl|p1a: Dondozo|[spread] p1a,p1b\n|-damage|p1a: Dondozo|88\/100\n|-damage|p1b: Glimmora|0 fnt\n|-unboost|p1a: Dondozo|spa|1\n|faint|p1b: Glimmora\n|move|p1a: Dondozo|Earthquake|p2b: Iron Bundle|[spread] p2a,p2b\n|-supereffective|p2a: Arcanine\n|-damage|p2a: Arcanine|82\/100\n|-damage|p2b: Iron Bundle|85\/100\n|\n|upkeep\n|\n|t:|1682423995\n|switch|p1b: Flutter Mane|Flutter Mane, L50, shiny|100\/100\n|-enditem|p1b: Flutter Mane|Booster Energy\n|-activate|p1b: Flutter Mane|ability: Protosynthesis|[fromitem]\n|-start|p1b: Flutter Mane|protosynthesisspe\n|turn|3\n|\n|t:|1682424010\n|move|p1b: Flutter Mane|Moonblast|p2a: Arcanine\n|-resisted|p2a: Arcanine\n|-damage|p2a: Arcanine|58\/100\n|move|p2b: Iron Bundle|Freeze-Dry|p1a: Dondozo\n|-supereffective|p1a: Dondozo\n|-damage|p1a: Dondozo|37\/100\n|-enditem|p1a: Dondozo|Sitrus Berry|[eat]\n|-heal|p1a: Dondozo|62\/100|[from] item: Sitrus Berry\n|move|p2a: Arcanine|Snarl|p1b: Flutter Mane|[spread] p1a,p1b\n|-damage|p1a: Dondozo|56\/100\n|-damage|p1b: Flutter Mane|92\/100\n|-unboost|p1a: Dondozo|spa|1\n|-unboost|p1b: Flutter Mane|spa|1\n|move|p1a: Dondozo|Wave Crash|p2a: Arcanine\n|-supereffective|p2a: Arcanine\n|-damage|p2a: Arcanine|17\/100\n|-damage|p1a: Dondozo|46\/100|[from] Recoil\n|\n|upkeep\n|turn|4\n|\n|t:|1682424039\n|move|p1b: Flutter Mane|Protect|p1b: Flutter Mane\n|-singleturn|p1b: Flutter Mane|Protect\n|move|p2b: Iron Bundle|Icy Wind|p1b: Flutter Mane|[spread] p1a\n|-activate|p1b: Flutter Mane|move: Protect\n|-resisted|p1a: Dondozo\n|-damage|p1a: Dondozo|39\/100\n|-unboost|p1a: Dondozo|spe|1\n|move|p2a: Arcanine|Charm|p1a: Dondozo\n|-unboost|p1a: Dondozo|atk|2\n|move|p1a: Dondozo|Earthquake|p2b: Iron Bundle|[spread] p2a,p2b\n|-activate|p1b: Flutter Mane|move: Protect\n|-supereffective|p2a: Arcanine\n|-damage|p2a: Arcanine|5\/100\n|-damage|p2b: Iron Bundle|76\/100\n|\n|upkeep\n|turn|5\n|\n|t:|1682424133\n|move|p1b: Flutter Mane|Shadow Ball|p2b: Iron Bundle\n|-damage|p2b: Iron Bundle|15\/100\n|move|p2b: Iron Bundle|Freeze-Dry|p1a: Dondozo\n|-supereffective|p1a: Dondozo\n|-crit|p1a: Dondozo\n|-damage|p1a: Dondozo|0 fnt\n|faint|p1a: Dondozo\n|move|p2a: Arcanine|Flare Blitz|p1b: Flutter Mane\n|-damage|p1b: Flutter Mane|1\/100\n|-damage|p2a: Arcanine|0 fnt|[from] Recoil\n|faint|p2a: Arcanine\n|\n|upkeep\n|\n|t:|1682424153\n|switch|p2a: Ting-Lu|Ting-Lu, L50|100\/100\n|switch|p1a: Chi-Yu|Chi-Yu, L50|100\/100\n|-ability|p1a: Chi-Yu|Beads of Ruin\n|-ability|p2a: Ting-Lu|Vessel of Ruin\n|turn|6\n|\n|t:|1682424171\n|-terastallize|p1a: Chi-Yu|Grass\n|move|p1b: Flutter Mane|Protect|p1b: Flutter Mane\n|-singleturn|p1b: Flutter Mane|Protect\n|move|p2b: Iron Bundle|Protect|p2b: Iron Bundle\n|-singleturn|p2b: Iron Bundle|Protect\n|move|p1a: Chi-Yu|Heat Wave|p2b: Iron Bundle|[spread] p2a\n|-activate|p2b: Iron Bundle|move: Protect\n|-damage|p2a: Ting-Lu|63\/100\n|-damage|p1a: Chi-Yu|91\/100|[from] item: Life Orb\n|move|p2a: Ting-Lu|Earthquake|p1a: Chi-Yu|[spread] p1a\n|-activate|p2b: Iron Bundle|move: Protect\n|-activate|p1b: Flutter Mane|move: Protect\n|-resisted|p1a: Chi-Yu\n|-damage|p1a: Chi-Yu|58\/100\n|\n|upkeep\n|turn|7\n|\n|t:|1682424194\n|-terastallize|p2a: Ting-Lu|Water\n|move|p1b: Flutter Mane|Shadow Ball|p2b: Iron Bundle\n|-damage|p2b: Iron Bundle|0 fnt\n|faint|p2b: Iron Bundle\n|-end|p2b: Iron Bundle|Quark Drive|[silent]\n|move|p1a: Chi-Yu|Tera Blast|p2a: Ting-Lu\n|-supereffective|p2a: Ting-Lu\n|-damage|p2a: Ting-Lu|0 fnt\n|faint|p2a: Ting-Lu\n|-damage|p1a: Chi-Yu|49\/100|[from] item: Life Orb\n|\n|upkeep\n|\n|t:|1682424212\n|switch|p2b: Orthworm|Orthworm, L50, F|75\/100\n|turn|8\n|\n|t:|1682424218\n|move|p1b: Flutter Mane|Moonblast|p2b: Orthworm\n|-resisted|p2b: Orthworm\n|-damage|p2b: Orthworm|49\/100\n|-unboost|p2b: Orthworm|spa|1\n|move|p1a: Chi-Yu|Tera Blast|p2b: Orthworm\n|-resisted|p2b: Orthworm\n|-damage|p2b: Orthworm|6\/100\n|-damage|p1a: Chi-Yu|39\/100|[from] item: Life Orb\n|move|p2b: Orthworm|Body Press|p1a: Chi-Yu\n|-damage|p1a: Chi-Yu|1\/100\n|\n|upkeep\n|turn|9\n|\n|t:|1682424234\n|move|p1b: Flutter Mane|Moonblast|p2b: Orthworm\n|-resisted|p2b: Orthworm\n|-damage|p2b: Orthworm|0 fnt\n|faint|p2b: Orthworm\n|\n|win|carlospvn\n|raw|carlospvn's rating: 1260 → 1291<\/strong> (+31 for winning)\n|raw|ZerosGal's rating: 1349 → 1324<\/strong> (-25 for losing)\n","uploadtime":1682424246,"views":12,"p1id":"carlospvn","p2id":"zerosgal","formatid":"gen9vgc2023regulationc","rating":1291,"private":0,"password":""}