{"id":"gen9vgc2023regulationc-1851522055","p1":"Yute","p2":"sid121","format":"[Gen 9] VGC 2023 Regulation C","log":"|j|\u2606Yute\n|j|\u2606sid121\n|t:|1682452255\n|gametype|doubles\n|player|p1|Yute|brock|1213\n|player|p2|sid121|265|1187\n|teamsize|p1|6\n|teamsize|p2|6\n|gen|9\n|tier|[Gen 9] VGC 2023 Regulation C\n|rated|\n|rule|Species Clause: Limit one of each Pok\u00e9mon\n|rule|Item Clause: Limit one of each item\n|clearpoke\n|poke|p1|Tyranitar, L50, F|\n|poke|p1|Lycanroc, L50, F|\n|poke|p1|Iron Hands, L50|\n|poke|p1|Wo-Chien, L50|\n|poke|p1|Skeledirge, L50, M|\n|poke|p1|Corviknight, L50, F|\n|poke|p2|Iron Bundle, L50|\n|poke|p2|Amoonguss, L50, F|\n|poke|p2|Pelipper, L50, F|\n|poke|p2|Palafin, L50, F|\n|poke|p2|Iron Hands, L50|\n|poke|p2|Chi-Yu, L50|\n|teampreview|4\n|\n|t:|1682452291\n|start\n|switch|p1a: Iron Hands|Iron Hands, L50|100\/100\n|switch|p1b: Tyranitar|Tyranitar, L50, F|100\/100\n|switch|p2a: Palafin|Palafin, L50, F, shiny|100\/100\n|switch|p2b: Iron Hands|Iron Hands, L50|100\/100\n|-weather|Sandstorm|[from] ability: Sand Stream|[of] p1b: Tyranitar\n|turn|1\n|\n|t:|1682452322\n|switch|p1b: Wo-Chien|Wo-Chien, L50|100\/100\n|-ability|p1b: Wo-Chien|Tablets of Ruin\n|move|p2b: Iron Hands|Fake Out|p1a: Iron Hands\n|-damage|p1a: Iron Hands|94\/100\n|move|p2a: Palafin|Flip Turn|p1b: Wo-Chien\n|-resisted|p1b: Wo-Chien\n|-damage|p1b: Wo-Chien|91\/100\n|\n|t:|1682452340\n|detailschange|p2a: Palafin|Palafin-Hero, L50, F, shiny\n|switch|p2a: Amoonguss|Amoonguss, L50, F|100\/100|[from] Flip Turn\n|cant|p1a: Iron Hands|flinch\n|\n|-weather|Sandstorm|[upkeep]\n|-damage|p1b: Wo-Chien|85\/100|[from] Sandstorm\n|-damage|p2b: Iron Hands|94\/100|[from] Sandstorm\n|-damage|p2a: Amoonguss|95\/100|[from] Sandstorm\n|upkeep\n|turn|2\n|\n|t:|1682452367\n|move|p1b: Wo-Chien|Protect|p1b: Wo-Chien\n|-singleturn|p1b: Wo-Chien|Protect\n|move|p2b: Iron Hands|Drain Punch|p1b: Wo-Chien\n|-activate|p1b: Wo-Chien|move: Protect\n|move|p1a: Iron Hands|Earthquake|p2b: Iron Hands|[spread] p2a,p2b\n|-activate|p1b: Wo-Chien|move: Protect\n|-supereffective|p2b: Iron Hands\n|-damage|p2a: Amoonguss|79\/100\n|-damage|p2b: Iron Hands|72\/100\n|move|p2a: Amoonguss|Spore|p1a: Iron Hands\n|-activate|p1a: Iron Hands|item: Safety Goggles|Spore\n|\n|-weather|Sandstorm|[upkeep]\n|-damage|p1b: Wo-Chien|80\/100|[from] Sandstorm\n|-damage|p2b: Iron Hands|66\/100|[from] Sandstorm\n|-damage|p2a: Amoonguss|73\/100|[from] Sandstorm\n|upkeep\n|turn|3\n|\n|t:|1682452404\n|switch|p1b: Skeledirge|Skeledirge, L50, M|100\/100\n|move|p2b: Iron Hands|Drain Punch|p1b: Skeledirge\n|-immune|p1b: Skeledirge\n|move|p1a: Iron Hands|Drain Punch|p2b: Iron Hands\n|-damage|p2b: Iron Hands|43\/100\n|-heal|p1a: Iron Hands|100\/100|[from] drain|[of] p2b: Iron Hands\n|move|p2a: Amoonguss|Pollen Puff|p2b: Iron Hands\n|-heal|p2b: Iron Hands|93\/100\n|\n|-weather|Sandstorm|[upkeep]\n|-damage|p1b: Skeledirge|94\/100|[from] Sandstorm\n|-damage|p2b: Iron Hands|87\/100|[from] Sandstorm\n|-damage|p2a: Amoonguss|67\/100|[from] Sandstorm\n|upkeep\n|turn|4\n|\n|t:|1682452428\n|switch|p2a: Pelipper|Pelipper, L50, F|100\/100\n|-weather|RainDance|[from] ability: Drizzle|[of] p2a: Pelipper\n|move|p1b: Skeledirge|Torch Song|p2a: Pelipper\n|-resisted|p2a: Pelipper\n|-damage|p2a: Pelipper|88\/100\n|-boost|p1b: Skeledirge|spa|1\n|move|p2b: Iron Hands|Volt Switch|p1b: Skeledirge\n|-damage|p1b: Skeledirge|82\/100\n|\n|t:|1682452442\n|-end|p2b: Iron Hands|Quark Drive|[silent]\n|switch|p2b: Palafin|Palafin-Hero, L50, F, shiny|100\/100|[from] Volt Switch\n|-activate|p2b: Palafin|ability: Zero to Hero\n|move|p1a: Iron Hands|Drain Punch|p2b: Palafin\n|-damage|p2b: Palafin|68\/100\n|\n|-weather|RainDance|[upkeep]\n|upkeep\n|turn|5\n|\n|t:|1682452471\n|-terastallize|p1b: Skeledirge|Water\n|move|p2b: Palafin|Protect|p2b: Palafin\n|-singleturn|p2b: Palafin|Protect\n|move|p1b: Skeledirge|Protect|p1b: Skeledirge\n|-singleturn|p1b: Skeledirge|Protect\n|move|p1a: Iron Hands|Protect|p1a: Iron Hands\n|-singleturn|p1a: Iron Hands|Protect\n|move|p2a: Pelipper|Tailwind|p2a: Pelipper\n|-sidestart|p2: sid121|move: Tailwind\n|\n|-weather|RainDance|[upkeep]\n|upkeep\n|turn|6\n|\n|t:|1682452494\n|-end|p1a: Iron Hands|Quark Drive|[silent]\n|switch|p1a: Tyranitar|Tyranitar, L50, F|100\/100\n|-weather|Sandstorm|[from] ability: Sand Stream|[of] p1a: Tyranitar\n|-terastallize|p2b: Palafin|Water\n|move|p2b: Palafin|Wave Crash|p1a: Tyranitar\n|-supereffective|p1a: Tyranitar\n|-damage|p1a: Tyranitar|0 fnt\n|faint|p1a: Tyranitar\n|-damage|p2b: Palafin|35\/100|[from] Recoil\n|move|p2a: Pelipper|Hurricane|p1b: Skeledirge|[miss]\n|-miss|p2a: Pelipper|p1b: Skeledirge\n|move|p1b: Skeledirge|Shadow Ball|p2b: Palafin\n|-damage|p2b: Palafin|0 fnt\n|faint|p2b: Palafin\n|\n|-weather|Sandstorm|[upkeep]\n|-damage|p2a: Pelipper|82\/100|[from] Sandstorm\n|-damage|p1b: Skeledirge|75\/100|[from] Sandstorm\n|upkeep\n|\n|t:|1682452515\n|switch|p2b: Iron Hands|Iron Hands, L50|87\/100\n|switch|p1a: Iron Hands|Iron Hands, L50|100\/100\n|turn|7\n|\n|t:|1682452529\n|switch|p2a: Amoonguss|Amoonguss, L50, F|100\/100\n|move|p1b: Skeledirge|Protect|p1b: Skeledirge\n|-singleturn|p1b: Skeledirge|Protect\n|move|p1a: Iron Hands|Fake Out|p2a: Amoonguss\n|-damage|p2a: Amoonguss|90\/100\n|move|p2b: Iron Hands|Wild Charge|p1b: Skeledirge\n|-activate|p1b: Skeledirge|move: Protect\n|\n|-weather|Sandstorm|[upkeep]\n|-damage|p2b: Iron Hands|81\/100|[from] Sandstorm\n|-damage|p1b: Skeledirge|69\/100|[from] Sandstorm\n|-damage|p2a: Amoonguss|84\/100|[from] Sandstorm\n|upkeep\n|turn|8\n|\n|t:|1682452568\n|move|p2b: Iron Hands|Drain Punch|p1a: Iron Hands\n|-damage|p1a: Iron Hands|73\/100\n|-heal|p2b: Iron Hands|96\/100|[from] drain|[of] p1a: Iron Hands\n|move|p1b: Skeledirge|Shadow Ball|p2b: Iron Hands\n|-damage|p2b: Iron Hands|73\/100\n|-unboost|p2b: Iron Hands|spd|1\n|move|p2a: Amoonguss|Spore|p1b: Skeledirge\n|-status|p1b: Skeledirge|slp|[from] move: Spore\n|move|p1a: Iron Hands|Drain Punch|p2b: Iron Hands\n|-damage|p2b: Iron Hands|47\/100\n|-heal|p1a: Iron Hands|85\/100|[from] drain|[of] p2b: Iron Hands\n|\n|-weather|Sandstorm|[upkeep]\n|-damage|p2b: Iron Hands|41\/100|[from] Sandstorm\n|-damage|p1b: Skeledirge|63\/100 slp|[from] Sandstorm\n|-damage|p2a: Amoonguss|78\/100|[from] Sandstorm\n|-sideend|p2: sid121|move: Tailwind\n|upkeep\n|turn|9\n|\n|t:|1682452606\n|switch|p1b: Wo-Chien|Wo-Chien, L50|80\/100\n|-ability|p1b: Wo-Chien|Tablets of Ruin\n|move|p2b: Iron Hands|Drain Punch|p1a: Iron Hands\n|-damage|p1a: Iron Hands|66\/100\n|-heal|p2b: Iron Hands|52\/100|[from] drain|[of] p1a: Iron Hands\n|move|p1a: Iron Hands|Earthquake|p2a: Amoonguss|[spread] p1b,p2a,p2b\n|-resisted|p1b: Wo-Chien\n|-crit|p2a: Amoonguss\n|-supereffective|p2b: Iron Hands\n|-damage|p1b: Wo-Chien|72\/100\n|-damage|p2a: Amoonguss|55\/100\n|-damage|p2b: Iron Hands|30\/100\n|move|p2a: Amoonguss|Pollen Puff|p2b: Iron Hands\n|-heal|p2b: Iron Hands|80\/100\n|\n|-weather|Sandstorm|[upkeep]\n|-damage|p1b: Wo-Chien|66\/100|[from] Sandstorm\n|-damage|p2b: Iron Hands|74\/100|[from] Sandstorm\n|-damage|p2a: Amoonguss|49\/100|[from] Sandstorm\n|-enditem|p2a: Amoonguss|Sitrus Berry|[eat]\n|-heal|p2a: Amoonguss|74\/100|[from] item: Sitrus Berry\n|upkeep\n|turn|10\n|\n|t:|1682452641\n|move|p2a: Amoonguss|Rage Powder|p2a: Amoonguss\n|-singleturn|p2a: Amoonguss|move: Rage Powder\n|move|p1b: Wo-Chien|Leech Seed|p2b: Iron Hands\n|-start|p2b: Iron Hands|move: Leech Seed\n|move|p2b: Iron Hands|Drain Punch|p1b: Wo-Chien\n|-supereffective|p1b: Wo-Chien\n|-damage|p1b: Wo-Chien|6\/100\n|-heal|p2b: Iron Hands|98\/100|[from] drain|[of] p1b: Wo-Chien\n|-enditem|p1b: Wo-Chien|Aguav Berry|[eat]\n|-heal|p1b: Wo-Chien|39\/100|[from] item: Aguav Berry\n|move|p1a: Iron Hands|Drain Punch|p2b: Iron Hands\n|-damage|p2b: Iron Hands|78\/100\n|-heal|p1a: Iron Hands|75\/100|[from] drain|[of] p2b: Iron Hands\n|\n|-weather|none\n|-damage|p2b: Iron Hands|66\/100|[from] Leech Seed|[of] p1b: Wo-Chien\n|-heal|p1b: Wo-Chien|54\/100|[silent]\n|upkeep\n|turn|11\n|\n|t:|1682452692\n|-end|p2b: Iron Hands|Quark Drive|[silent]\n|switch|p2b: Pelipper|Pelipper, L50, F|82\/100\n|-weather|RainDance|[from] ability: Drizzle|[of] p2b: Pelipper\n|move|p1b: Wo-Chien|Snarl|p2b: Pelipper|[spread] p2a,p2b\n|-damage|p2a: Amoonguss|64\/100\n|-damage|p2b: Pelipper|56\/100\n|-unboost|p2a: Amoonguss|spa|1\n|-unboost|p2b: Pelipper|spa|1\n|move|p1a: Iron Hands|Drain Punch|p2b: Pelipper\n|-resisted|p2b: Pelipper\n|-damage|p2b: Pelipper|38\/100\n|-heal|p1a: Iron Hands|80\/100|[from] drain|[of] p2b: Pelipper\n|move|p2a: Amoonguss|Pollen Puff|p1b: Wo-Chien\n|-supereffective|p1b: Wo-Chien\n|-damage|p1b: Wo-Chien|27\/100\n|\n|-weather|RainDance|[upkeep]\n|upkeep\n|turn|12\n|\n|t:|1682452743\n|move|p2a: Amoonguss|Rage Powder|p2a: Amoonguss\n|-singleturn|p2a: Amoonguss|move: Rage Powder\n|move|p2b: Pelipper|Hurricane|p1b: Wo-Chien\n|-supereffective|p1b: Wo-Chien\n|-damage|p1b: Wo-Chien|0 fnt\n|faint|p1b: Wo-Chien\n|move|p1a: Iron Hands|Drain Punch|p2b: Pelipper\n|-resisted|p2b: Pelipper\n|-damage|p2b: Pelipper|13\/100\n|-heal|p1a: Iron Hands|86\/100|[from] drain|[of] p2b: Pelipper\n|\n|-weather|RainDance|[upkeep]\n|upkeep\n|\n|t:|1682452754\n|switch|p1b: Skeledirge|Skeledirge, L50, M, tera:Water|63\/100 slp\n|turn|13\n|\n|t:|1682452783\n|switch|p2a: Iron Hands|Iron Hands, L50|66\/100\n|move|p2b: Pelipper|Hurricane|p1a: Iron Hands\n|-damage|p1a: Iron Hands|65\/100\n|cant|p1b: Skeledirge|slp\n|move|p1a: Iron Hands|Drain Punch|p2b: Pelipper\n|-resisted|p2b: Pelipper\n|-damage|p2b: Pelipper|0 fnt\n|-heal|p1a: Iron Hands|69\/100|[from] drain|[of] p2b: Pelipper\n|faint|p2b: Pelipper\n|\n|-weather|RainDance|[upkeep]\n|upkeep\n|\n|t:|1682452799\n|switch|p2b: Amoonguss|Amoonguss, L50, F|97\/100\n|turn|14\n|\n|t:|1682452810\n|cant|p1b: Skeledirge|slp\n|move|p2a: Iron Hands|Wild Charge|p1b: Skeledirge\n|-supereffective|p1b: Skeledirge\n|-damage|p1b: Skeledirge|0 fnt\n|faint|p1b: Skeledirge\n|-damage|p2a: Iron Hands|53\/100|[from] Recoil\n|move|p1a: Iron Hands|Drain Punch|p2a: Iron Hands\n|-damage|p2a: Iron Hands|28\/100\n|-heal|p1a: Iron Hands|81\/100|[from] drain|[of] p2a: Iron Hands\n|move|p2b: Amoonguss|Pollen Puff|p2a: Iron Hands\n|-heal|p2a: Iron Hands|78\/100\n|\n|-weather|RainDance|[upkeep]\n|upkeep\n|turn|15\n|\n|t:|1682452836\n|move|p2a: Iron Hands|Drain Punch|p1a: Iron Hands\n|-damage|p1a: Iron Hands|54\/100\n|-heal|p2a: Iron Hands|92\/100|[from] drain|[of] p1a: Iron Hands\n|move|p1a: Iron Hands|Earthquake|p2a: Iron Hands|[spread] p2a,p2b\n|-supereffective|p2a: Iron Hands\n|-crit|p2a: Iron Hands\n|-damage|p2a: Iron Hands|44\/100\n|-damage|p2b: Amoonguss|74\/100\n|move|p2b: Amoonguss|Pollen Puff|p2a: Iron Hands\n|-heal|p2a: Iron Hands|94\/100\n|\n|-weather|none\n|upkeep\n|turn|16\n|c|\u2606Yute|Gg\n|c|\u2606sid121|lol\n|c|\u2606sid121|gg\n|-message|Yute forfeited.\n|\n|win|sid121\n|raw|Yute's rating: 1213 → 1186<\/strong> (-27 for losing)\n|raw|sid121's rating: 1187 → 1214<\/strong> (+27 for winning)\n|l|\u2606Yute\n","uploadtime":1682452893,"views":10,"p1id":"yute","p2id":"sid121","formatid":"gen9vgc2023regulationc","rating":1186,"private":0,"password":""}