{"id":"gen9vgc2023regulationc-1861350920","p1":"fakuwhale","p2":"Jurassicpig44","format":"[Gen 9] VGC 2023 Regulation C","log":"|j|\u2606fakuwhale\n|j|\u2606Jurassicpig44\n|t:|1683748546\n|gametype|doubles\n|player|p1|fakuwhale|169|\n|player|p2|Jurassicpig44|2|\n|teamsize|p1|6\n|teamsize|p2|6\n|gen|9\n|tier|[Gen 9] VGC 2023 Regulation C\n|rule|Tera Type Preview: Tera Types are shown at Team Preview\n|rule|Species Clause: Limit one of each Pok\u00e9mon\n|rule|Item Clause: Limit one of each item\n|clearpoke\n|poke|p1|Gyarados, L50, F|\n|poke|p1|Flutter Mane, L50|\n|poke|p1|Talonflame, L50, F|\n|poke|p1|Iron Hands, L50|\n|poke|p1|Kingambit, L50, F|\n|poke|p1|Garchomp, L50, M|\n|poke|p2|Great Tusk, L50|\n|poke|p2|Annihilape, L50, M|\n|poke|p2|Palafin, L50, F|\n|poke|p2|Houndstone, L50, M|\n|poke|p2|Sylveon, L50, M|\n|poke|p2|Alomomola, L50, M|\n|teampreview|4\n|raw|fakuwhale's Tera Types: \/ \/ \/ \/ \/ \n|raw|Jurassicpig44's Tera Types: \/ \/ \/ \/ \/ \n|c|\u2606fakuwhale|gonna open the other two\n|c|\u2606Jurassicpig44|hi\n|inactive|Battle timer is ON: inactive players will automatically lose when time's up. (requested by Jurassicpig44)\n|c|\u2606fakuwhale|hold on, we have to open all 3 battles before we start\n|inactive|fakuwhale has 60 seconds left.\n|inactive|fakuwhale has 30 seconds left.\n|inactiveoff|Battle timer is now OFF.\n|\n|t:|1683748660\n|start\n|switch|p1a: Talonflame|Talonflame, L50, F|100\/100\n|switch|p1b: Flutter Mane|Flutter Mane, L50|100\/100\n|switch|p2a: Palafin|Palafin, L50, F|100\/100\n|switch|p2b: Annihilape|Annihilape, L50, M|100\/100\n|turn|1\n|inactive|Battle timer is ON: inactive players will automatically lose when time's up. (requested by fakuwhale)\n|c|\u2606fakuwhale|gl hf\n|\n|t:|1683748682\n|detailschange|p2a: Palafin|Palafin-Hero, L50, F\n|switch|p2a: Great Tusk|Great Tusk, L50|100\/100\n|move|p1a: Talonflame|Will-O-Wisp|p2a: Great Tusk\n|-status|p2a: Great Tusk|brn\n|move|p1b: Flutter Mane|Moonblast|p2b: Annihilape\n|-supereffective|p2b: Annihilape\n|-damage|p2b: Annihilape|0 fnt\n|faint|p2b: Annihilape\n|\n|-damage|p2a: Great Tusk|95\/100 brn|[from] brn\n|upkeep\n|c|\u2606Jurassicpig44|u too\n|\n|t:|1683748693\n|switch|p2b: Sylveon|Sylveon, L50, M|100\/100\n|turn|2\n|\n|t:|1683748712\n|move|p1a: Talonflame|Brave Bird|p2b: Sylveon\n|-damage|p2b: Sylveon|70\/100\n|-damage|p1a: Talonflame|90\/100|[from] Recoil\n|move|p1b: Flutter Mane|Moonblast|p2a: Great Tusk\n|-supereffective|p2a: Great Tusk\n|-enditem|p2a: Great Tusk|Roseli Berry|[eat]\n|-enditem|p2a: Great Tusk|Roseli Berry|[weaken]\n|-damage|p2a: Great Tusk|20\/100 brn\n|move|p2a: Great Tusk|Knock Off|p1b: Flutter Mane\n|-damage|p1b: Flutter Mane|73\/100\n|-enditem|p1b: Flutter Mane|Choice Specs|[from] move: Knock Off|[of] p2a: Great Tusk\n|move|p2b: Sylveon|Yawn|p1b: Flutter Mane\n|-start|p1b: Flutter Mane|move: Yawn|[of] p2b: Sylveon\n|\n|-damage|p2a: Great Tusk|14\/100 brn|[from] brn\n|upkeep\n|turn|3\n|inactive|fakuwhale has 30 seconds left.\n|\n|t:|1683748739\n|move|p1a: Talonflame|Brave Bird|p2a: Great Tusk\n|-supereffective|p2a: Great Tusk\n|-damage|p2a: Great Tusk|0 fnt\n|faint|p2a: Great Tusk\n|-end|p2a: Great Tusk|Protosynthesis|[silent]\n|-damage|p1a: Talonflame|85\/100|[from] Recoil\n|move|p1b: Flutter Mane|Dazzling Gleam|p2b: Sylveon\n|-damage|p2b: Sylveon|42\/100\n|move|p2b: Sylveon|Hyper Voice|p1a: Talonflame|[spread] p1a,p1b\n|-resisted|p1a: Talonflame\n|-damage|p1a: Talonflame|67\/100\n|-damage|p1b: Flutter Mane|48\/100\n|\n|-end|p1b: Flutter Mane|move: Yawn|[silent]\n|-status|p1b: Flutter Mane|slp\n|upkeep\n|\n|t:|1683748752\n|switch|p2a: Palafin|Palafin-Hero, L50, F|100\/100\n|-activate|p2a: Palafin|ability: Zero to Hero\n|turn|4\n|inactive|Jurassicpig44 has 30 seconds left.\n|\n|t:|1683748782\n|move|p1a: Talonflame|Will-O-Wisp|p2a: Palafin\n|-status|p2a: Palafin|brn\n|cant|p1b: Flutter Mane|slp\n|move|p2a: Palafin|Blizzard|p1b: Flutter Mane|[spread] p1a,p1b\n|-damage|p1a: Talonflame|18\/100\n|-damage|p1b: Flutter Mane|14\/100 slp\n|move|p2b: Sylveon|Wish|p2b: Sylveon\n|\n|-damage|p2a: Palafin|95\/100 brn|[from] brn\n|upkeep\n|turn|5\n|\n|t:|1683748803\n|move|p1a: Talonflame|Brave Bird|p2b: Sylveon\n|-damage|p2b: Sylveon|12\/100\n|-damage|p1a: Talonflame|8\/100|[from] Recoil\n|-curestatus|p1b: Flutter Mane|slp|[msg]\n|move|p1b: Flutter Mane|Dazzling Gleam|p2a: Palafin|[spread] p2a,p2b\n|-damage|p2a: Palafin|62\/100 brn\n|-damage|p2b: Sylveon|0 fnt\n|faint|p2b: Sylveon\n|move|p2a: Palafin|Blizzard|p1a: Talonflame|[spread] p1a,p1b\n|-damage|p1a: Talonflame|0 fnt\n|-damage|p1b: Flutter Mane|0 fnt\n|faint|p1a: Talonflame\n|faint|p1b: Flutter Mane\n|-end|p1b: Flutter Mane|Protosynthesis|[silent]\n|\n|-damage|p2a: Palafin|56\/100 brn|[from] brn\n|upkeep\n|\n|t:|1683748817\n|switch|p1a: Iron Hands|Iron Hands, L50|100\/100\n|switch|p1b: Kingambit|Kingambit, L50, F|100\/100\n|turn|6\n|\n|t:|1683748826\n|-terastallize|p2a: Palafin|Fighting\n|-terastallize|p1b: Kingambit|Dark\n|move|p1a: Iron Hands|Fake Out|p2a: Palafin\n|-damage|p2a: Palafin|41\/100 brn\n|cant|p2a: Palafin|flinch\n|move|p1b: Kingambit|Kowtow Cleave|p2a: Palafin\n|-resisted|p2a: Palafin\n|-damage|p2a: Palafin|0 fnt\n|faint|p2a: Palafin\n|\n|win|fakuwhale\n|c|\u2606Jurassicpig44|gg\n|c|\u2606fakuwhale|gg\n|c|\u2606Jurassicpig44|do we do the other ones now\n|c|\u2606Jurassicpig44|do we do the other battles now?\n|c|\u2606fakuwhale|yep, just make sure you download the replay\n|c|\u2606Jurassicpig44|ok i did\n|l|\u2606fakuwhale\n","uploadtime":1683749236,"views":20,"p1id":"fakuwhale","p2id":"jurassicpig44","formatid":"gen9vgc2023regulationc","rating":0,"private":0,"password":""}