{"id":"gen9vgc2023regulationc-1857548741","p1":"Goldeen Knights","p2":"abhinavamp","format":"[Gen 9] VGC 2023 Regulation C","log":"|j|\u2606Goldeen Knights\n|j|\u2606abhinavamp\n|t:|1683207214\n|gametype|doubles\n|player|p1|Goldeen Knights|burglar|1127\n|player|p2|abhinavamp|hilbert|1190\n|teamsize|p1|6\n|teamsize|p2|6\n|gen|9\n|tier|[Gen 9] VGC 2023 Regulation C\n|rated|\n|rule|Species Clause: Limit one of each Pok\u00e9mon\n|rule|Item Clause: Limit one of each item\n|clearpoke\n|poke|p1|Talonflame, L50, F|\n|poke|p1|Garchomp, L50, M|\n|poke|p1|Flutter Mane, L50|\n|poke|p1|Kingambit, L50, M|\n|poke|p1|Amoonguss, L50, M|\n|poke|p1|Gholdengo, L50|\n|poke|p2|Flutter Mane, L50|\n|poke|p2|Palafin, L50, M|\n|poke|p2|Murkrow, L50, M|\n|poke|p2|Gholdengo, L50|\n|poke|p2|Arcanine, L50, M|\n|poke|p2|Amoonguss, L50, M|\n|teampreview|4\n|inactive|Battle timer is ON: inactive players will automatically lose when time's up. (requested by abhinavamp)\n|\n|t:|1683207259\n|start\n|switch|p1a: Flutter Mane|Flutter Mane, L50|100\/100\n|switch|p1b: Kingambit|Kingambit, L50, M|100\/100\n|switch|p2a: Gholdengo|Gholdengo, L50|100\/100\n|switch|p2b: Murkrow|Murkrow, L50, M|100\/100\n|-enditem|p1a: Flutter Mane|Booster Energy\n|-activate|p1a: Flutter Mane|ability: Protosynthesis|[fromitem]\n|-start|p1a: Flutter Mane|protosynthesisspe\n|turn|1\n|\n|t:|1683207281\n|-end|p1a: Flutter Mane|Protosynthesis|[silent]\n|switch|p1a: Talonflame|Talonflame, L50, F|100\/100\n|-terastallize|p2a: Gholdengo|Steel\n|move|p2b: Murkrow|Tailwind|p2b: Murkrow\n|-sidestart|p2: abhinavamp|move: Tailwind\n|move|p2a: Gholdengo|Shadow Ball|p1a: Talonflame\n|-crit|p1a: Talonflame\n|-damage|p1a: Talonflame|0 fnt\n|faint|p1a: Talonflame\n|move|p1b: Kingambit|Assurance|p2a: Gholdengo\n|-damage|p2a: Gholdengo|60\/100\n|\n|upkeep\n|\n|t:|1683207292\n|switch|p1a: Garchomp|Garchomp, L50, M|100\/100\n|turn|2\n|\n|t:|1683207303\n|move|p1a: Garchomp|Protect|p1a: Garchomp\n|-singleturn|p1a: Garchomp|Protect\n|move|p2a: Gholdengo|Shadow Ball|p1a: Garchomp\n|-activate|p1a: Garchomp|move: Protect\n|move|p2b: Murkrow|Foul Play|p1a: Garchomp\n|-activate|p1a: Garchomp|move: Protect\n|move|p1b: Kingambit|Low Kick|p2a: Gholdengo\n|-supereffective|p2a: Gholdengo\n|-damage|p2a: Gholdengo|4\/100\n|\n|upkeep\n|turn|3\n|\n|t:|1683207316\n|move|p1b: Kingambit|Sucker Punch|p2a: Gholdengo\n|-damage|p2a: Gholdengo|0 fnt\n|faint|p2a: Gholdengo\n|move|p2b: Murkrow|Foul Play|p1a: Garchomp\n|-damage|p1a: Garchomp|57\/100\n|-damage|p2b: Murkrow|89\/100|[from] ability: Rough Skin|[of] p1a: Garchomp\n|move|p1a: Garchomp|Rock Slide|p2b: Murkrow\n|-supereffective|p2b: Murkrow\n|-damage|p2b: Murkrow|0 fnt\n|faint|p2b: Murkrow\n|-damage|p1a: Garchomp|48\/100|[from] item: Life Orb\n|\n|upkeep\n|\n|t:|1683207329\n|switch|p2a: Arcanine|Arcanine, L50, M|100\/100\n|switch|p2b: ghost|Flutter Mane, L50|100\/100\n|-ability|p2a: Arcanine|Intimidate|boost\n|-unboost|p1a: Garchomp|atk|1\n|-unboost|p1b: Kingambit|atk|1\n|-ability|p1b: Kingambit|Defiant|boost\n|-boost|p1b: Kingambit|atk|2\n|turn|4\n|\n|t:|1683207342\n|-terastallize|p1b: Kingambit|Fire\n|move|p2b: ghost|Protect|p2b: ghost\n|-singleturn|p2b: ghost|Protect\n|move|p1a: Garchomp|Protect|p1a: Garchomp\n|-singleturn|p1a: Garchomp|Protect\n|move|p2a: Arcanine|Flare Blitz|p1b: Kingambit\n|-resisted|p1b: Kingambit\n|-damage|p1b: Kingambit|81\/100\n|-damage|p2a: Arcanine|93\/100|[from] Recoil\n|move|p1b: Kingambit|Iron Head|p2b: ghost\n|-activate|p2b: ghost|move: Protect\n|\n|-sideend|p2: abhinavamp|move: Tailwind\n|upkeep\n|turn|5\n|\n|t:|1683207360\n|switch|p1a: Flutter Mane|Flutter Mane, L50|100\/100\n|move|p2b: ghost|Shadow Ball|p1b: Kingambit\n|-damage|p1b: Kingambit|52\/100\n|move|p2a: Arcanine|Will-O-Wisp|p1a: Flutter Mane\n|-status|p1a: Flutter Mane|brn\n|move|p1b: Kingambit|Iron Head|p2b: ghost\n|-supereffective|p2b: ghost\n|-enditem|p2b: ghost|Focus Sash\n|-damage|p2b: ghost|1\/100\n|\n|-damage|p1a: Flutter Mane|95\/100 brn|[from] brn\n|upkeep\n|turn|6\n|\n|t:|1683207379\n|move|p2b: ghost|Protect|p2b: ghost\n|-singleturn|p2b: ghost|Protect\n|move|p1a: Flutter Mane|Icy Wind|p2b: ghost|[spread] p2a\n|-activate|p2b: ghost|move: Protect\n|-resisted|p2a: Arcanine\n|-damage|p2a: Arcanine|85\/100\n|-unboost|p2a: Arcanine|spe|1\n|move|p2a: Arcanine|Flare Blitz|p1a: Flutter Mane\n|-damage|p1a: Flutter Mane|0 fnt\n|faint|p1a: Flutter Mane\n|-end|p1a: Flutter Mane|Protosynthesis|[silent]\n|-damage|p2a: Arcanine|61\/100|[from] Recoil\n|move|p1b: Kingambit|Assurance|p2a: Arcanine\n|-damage|p2a: Arcanine|0 fnt\n|faint|p2a: Arcanine\n|\n|upkeep\n|\n|t:|1683207392\n|switch|p1a: Garchomp|Garchomp, L50, M|48\/100\n|turn|7\n|\n|t:|1683207396\n|move|p1b: Kingambit|Sucker Punch|p2b: ghost\n|-crit|p2b: ghost\n|-damage|p2b: ghost|0 fnt\n|faint|p2b: ghost\n|-end|p2b: ghost|Protosynthesis|[silent]\n|\n|win|Goldeen Knights\n|raw|Goldeen Knights's rating: 1127 → 1156<\/strong> (+29 for winning)\n|raw|abhinavamp's rating: 1190 → 1161<\/strong> (-29 for losing)\n","uploadtime":1683207401,"views":13,"p1id":"goldeenknights","p2id":"abhinavamp","formatid":"gen9vgc2023regulationc","rating":1156,"private":0,"password":""}