{"id":"gen9vgc2023regulationc-1854162039","p1":"LasermanZ111","p2":"Hyanryu","format":"[Gen 9] VGC 2023 Regulation C","log":"|j|\u2606LasermanZ111\n|j|\u2606Hyanryu\n|t:|1682778272\n|gametype|doubles\n|player|p1|LasermanZ111|red|1268\n|player|p2|Hyanryu|n|1319\n|teamsize|p1|6\n|teamsize|p2|6\n|gen|9\n|tier|[Gen 9] VGC 2023 Regulation C\n|rated|\n|rule|Species Clause: Limit one of each Pok\u00e9mon\n|rule|Item Clause: Limit one of each item\n|clearpoke\n|poke|p1|Chi-Yu, L50|\n|poke|p1|Amoonguss, L50, M|\n|poke|p1|Flutter Mane, L50|\n|poke|p1|Iron Hands, L50|\n|poke|p1|Gyarados, L50, M|\n|poke|p1|Baxcalibur, L50, M|\n|poke|p2|Dondozo, L50, M|\n|poke|p2|Tatsugiri-Droopy, L50, F|\n|poke|p2|Glimmora, L50, F|\n|poke|p2|Ting-Lu, L50|\n|poke|p2|Wo-Chien, L50|\n|poke|p2|Baxcalibur, L50, M|\n|teampreview|4\nLasermanZ111 has agreed to open team sheets.\n|inactive|Battle timer is ON: inactive players will automatically lose when time's up. (requested by Hyanryu)\nHyanryu has agreed to open team sheets.\n|inactive|LasermanZ111 has 60 seconds left.\n|inactive|LasermanZ111 has 30 seconds left.\n|\n|t:|1682778377\n|start\n|switch|p1a: Iron Hands|Iron Hands, L50|100\/100\n|switch|p1b: Amoonguss|Amoonguss, L50, M|100\/100\n|switch|p2a: Ting-Lu|Ting-Lu, L50|100\/100\n|switch|p2b: Sulfera|Glimmora, L50, F, shiny|100\/100\n|-ability|p2a: Ting-Lu|Vessel of Ruin\n|turn|1\n|inactive|LasermanZ111 has 30 seconds left.\n|inactive|LasermanZ111 has 20 seconds left.\n|\n|t:|1682778416\n|-terastallize|p2a: Ting-Lu|Grass\n|move|p1b: Amoonguss|Rage Powder|p1b: Amoonguss\n|-singleturn|p1b: Amoonguss|move: Rage Powder\n|move|p2b: Sulfera|Mortal Spin|p1a: Iron Hands|[spread] p1a,p1b\n|-damage|p1a: Iron Hands|98\/100\n|-damage|p1b: Amoonguss|96\/100\n|-status|p1a: Iron Hands|psn\n|move|p1a: Iron Hands|Drain Punch|p2a: Ting-Lu\n|-damage|p2a: Ting-Lu|80\/100\n|-heal|p1a: Iron Hands|100\/100 psn|[from] drain|[of] p2a: Ting-Lu\n|move|p2a: Ting-Lu|Fissure|p1b: Amoonguss|[miss]\n|-miss|p2a: Ting-Lu|p1b: Amoonguss\n|\n|-damage|p1a: Iron Hands|88\/100 psn|[from] psn\n|upkeep\n|turn|2\n|inactive|LasermanZ111 has 30 seconds left.\n|inactive|LasermanZ111 has 20 seconds left.\n|inactive|LasermanZ111 has 15 seconds left.\n|\n|t:|1682778459\n|-end|p1a: Iron Hands|Quark Drive|[silent]\n|switch|p1a: Baxcalibur|Baxcalibur, L50, M|100\/100\n|move|p2b: Sulfera|Spiky Shield|p2b: Sulfera\n|-singleturn|p2b: Sulfera|move: Protect\n|move|p2a: Ting-Lu|Stomping Tantrum|p1a: Baxcalibur\n|-damage|p1a: Baxcalibur|54\/100\n|move|p1b: Amoonguss|Spore|p2b: Sulfera\n|-activate|p2b: Sulfera|move: Protect\n|\n|upkeep\n|turn|3\n|\n|t:|1682778476\n|move|p1b: Amoonguss|Rage Powder|p1b: Amoonguss\n|-singleturn|p1b: Amoonguss|move: Rage Powder\n|move|p2b: Sulfera|Power Gem|p1b: Amoonguss\n|-damage|p1b: Amoonguss|70\/100\n|move|p1a: Baxcalibur|Icicle Crash|p2a: Ting-Lu\n|-supereffective|p2a: Ting-Lu\n|-damage|p2a: Ting-Lu|24\/100\n|move|p2a: Ting-Lu|Heavy Slam|p1a: Baxcalibur\n|-supereffective|p1a: Baxcalibur\n|-damage|p1a: Baxcalibur|16\/100\n|\n|upkeep\n|turn|4\n|inactive|LasermanZ111 has 30 seconds left.\n|inactive|Hyanryu has 30 seconds left.\n|inactive|Hyanryu has 20 seconds left.\n|inactive|LasermanZ111 has 20 seconds left.\n|inactive|Hyanryu has 15 seconds left.\n|inactive|LasermanZ111 has 15 seconds left.\n|inactive|LasermanZ111 has 10 seconds left.\n|inactive|LasermanZ111 has 5 seconds left.\n|\n|t:|1682778532\n|move|p1a: Baxcalibur|Protect|p1a: Baxcalibur\n|-singleturn|p1a: Baxcalibur|Protect\n|move|p2b: Sulfera|Mortal Spin|p1b: Amoonguss|[spread] p1b\n|-activate|p1a: Baxcalibur|move: Protect\n|-damage|p1b: Amoonguss|66\/100\n|move|p2a: Ting-Lu|Fissure|p1b: Amoonguss|[miss]\n|-miss|p2a: Ting-Lu|p1b: Amoonguss\n|move|p1b: Amoonguss|Pollen Puff|p2a: Ting-Lu\n|-supereffective|p2a: Ting-Lu\n|-damage|p2a: Ting-Lu|13\/100\n|\n|upkeep\n|turn|5\n|inactive|LasermanZ111 has 30 seconds left.\n|\n|t:|1682778558\n|move|p1a: Baxcalibur|Ice Shard|p2a: Ting-Lu\n|-supereffective|p2a: Ting-Lu\n|-damage|p2a: Ting-Lu|0 fnt\n|faint|p2a: Ting-Lu\n|move|p2b: Sulfera|Mortal Spin|p1a: Baxcalibur|[spread] p1a,p1b\n|-damage|p1a: Baxcalibur|12\/100\n|-damage|p1b: Amoonguss|62\/100\n|-status|p1a: Baxcalibur|psn\n|move|p1b: Amoonguss|Spore|p2b: Sulfera\n|-status|p2b: Sulfera|slp|[from] move: Spore\n|\n|-damage|p1a: Baxcalibur|0 fnt|[from] psn\n|faint|p1a: Baxcalibur\n|upkeep\n|\n|t:|1682778574\n|switch|p1a: Iron Hands|Iron Hands, L50|88\/100 psn\n|switch|p2a: Namazu|Dondozo, L50, M, shiny|100\/100\n|turn|6\n|inactive|LasermanZ111 has 30 seconds left.\n|inactive|LasermanZ111 has 20 seconds left.\n|\n|t:|1682778614\n|switch|p1b: Gyarados|Gyarados, L50, M, shiny|100\/100\n|-ability|p1b: Gyarados|Intimidate|boost\n|-unboost|p2a: Namazu|atk|1\n|-unboost|p2b: Sulfera|atk|1\n|-terastallize|p1a: Iron Hands|Grass\n|move|p2a: Namazu|Protect|p2a: Namazu\n|-singleturn|p2a: Namazu|Protect\n|cant|p2b: Sulfera|slp\n|move|p1a: Iron Hands|Wild Charge|p2a: Namazu\n|-activate|p2a: Namazu|move: Protect\n|\n|-damage|p1a: Iron Hands|76\/100 psn|[from] psn\n|upkeep\n|turn|7\n|inactive|Hyanryu has 30 seconds left.\n|\n|t:|1682778640\n|-curestatus|p2b: Sulfera|slp|[msg]\n|move|p2b: Sulfera|Sludge Bomb|p1a: Iron Hands\n|-supereffective|p1a: Iron Hands\n|-damage|p1a: Iron Hands|26\/100 psn\n|move|p1b: Gyarados|Thunder Wave|p2a: Namazu\n|-status|p2a: Namazu|par\n|-enditem|p2a: Namazu|Lum Berry|[eat]\n|-curestatus|p2a: Namazu|par|[msg]\n|move|p2a: Namazu|Rest|p2a: Namazu\n|-fail|p2a: Namazu|heal\n|move|p1a: Iron Hands|Stomping Tantrum|p2b: Sulfera\n|-supereffective|p2b: Sulfera\n|-enditem|p2b: Sulfera|Focus Sash\n|-damage|p2b: Sulfera|1\/100\n|-activate|p2b: Sulfera|ability: Toxic Debris\n|-sidestart|p1: LasermanZ111|move: Toxic Spikes\n|\n|-damage|p1a: Iron Hands|14\/100 psn|[from] psn\n|upkeep\n|turn|8\n|inactive|LasermanZ111 has 30 seconds left.\n|\n|t:|1682778671\n|-end|p1a: Iron Hands|Quark Drive|[silent]\n|switch|p1a: Amoonguss|Amoonguss, L50, M|95\/100\n|-sideend|p1: LasermanZ111|move: Toxic Spikes|[of] p1a: Amoonguss\n|move|p2b: Sulfera|Spiky Shield|p2b: Sulfera\n|-singleturn|p2b: Sulfera|move: Protect\n|move|p2a: Namazu|Protect|p2a: Namazu\n|-singleturn|p2a: Namazu|Protect\n|move|p1b: Gyarados|Thunder Wave|p2b: Sulfera\n|-activate|p2b: Sulfera|move: Protect\n|\n|upkeep\n|turn|9\n|inactive|Hyanryu has 30 seconds left.\n|\n|t:|1682778702\n|switch|p2a: Ghost|Tatsugiri-Droopy, L50, F, shiny|100\/100\n|move|p1a: Amoonguss|Rage Powder|p1a: Amoonguss\n|-singleturn|p1a: Amoonguss|move: Rage Powder\n|move|p2b: Sulfera|Mortal Spin|p1a: Amoonguss|[spread] p1a,p1b\n|-damage|p1a: Amoonguss|93\/100\n|-damage|p1b: Gyarados|98\/100\n|-status|p1b: Gyarados|psn\n|-enditem|p1b: Gyarados|Lum Berry|[eat]\n|-curestatus|p1b: Gyarados|psn|[msg]\n|move|p1b: Gyarados|Waterfall|p2b: Sulfera\n|-supereffective|p2b: Sulfera\n|-damage|p2b: Sulfera|0 fnt\n|-activate|p2b: Sulfera|ability: Toxic Debris\n|-sidestart|p1: LasermanZ111|move: Toxic Spikes\n|faint|p2b: Sulfera\n|\n|upkeep\n|\n|t:|1682778718\n|switch|p2b: Namazu|Dondozo, L50, M, shiny|100\/100\n|-activate|p2a: Ghost|ability: Commander|[of] p2b: Namazu\n|-boost|p2b: Namazu|atk|2\n|-boost|p2b: Namazu|spa|2\n|-boost|p2b: Namazu|spe|2\n|-boost|p2b: Namazu|def|2\n|-boost|p2b: Namazu|spd|2\n|turn|10\n|\n|t:|1682778733\n|move|p2b: Namazu|Earthquake|p1a: Amoonguss|[spread] p1a\n|-miss|p2b: Namazu|p2a: Ghost\n|-immune|p1b: Gyarados\n|-damage|p1a: Amoonguss|62\/100\n|move|p1b: Gyarados|Taunt|p2b: Namazu\n|-start|p2b: Namazu|move: Taunt\n|move|p1a: Amoonguss|Spore|p2b: Namazu\n|-status|p2b: Namazu|slp|[from] move: Spore\n|\n|upkeep\n|turn|11\n|\n|t:|1682778746\n|switch|p1b: Iron Hands|Iron Hands, L50, tera:Grass|14\/100 psn\n|cant|p2b: Namazu|slp\n|move|p1a: Amoonguss|Pollen Puff|p1b: Iron Hands\n|-heal|p1b: Iron Hands|64\/100 psn\n|\n|-damage|p1b: Iron Hands|52\/100 psn|[from] psn\n|upkeep\n|turn|12\n|-message|Hyanryu forfeited.\n|\n|win|LasermanZ111\n|raw|LasermanZ111's rating: 1268 → 1297<\/strong> (+29 for winning)\n|raw|Hyanryu's rating: 1319 → 1296<\/strong> (-23 for losing)\n|l|\u2606Hyanryu\n","uploadtime":1682778759,"views":18,"p1id":"lasermanz111","p2id":"hyanryu","formatid":"gen9vgc2023regulationc","rating":1296,"private":0,"password":""}