{"id":"gen9vgc2023regulationc-1854906432","p1":"Behindyaa","p2":"Tr1pl3-33","format":"[Gen 9] VGC 2023 Regulation C","log":"|j|\u2606Behindyaa\n|j|\u2606Tr1pl3-33\n|t:|1682879364\n|gametype|doubles\n|player|p1|Behindyaa|1|\n|player|p2|Tr1pl3-33|cynthia|\n|teamsize|p1|6\n|teamsize|p2|6\n|gen|9\n|tier|[Gen 9] VGC 2023 Regulation C\n|rule|Species Clause: Limit one of each Pok\u00e9mon\n|rule|Item Clause: Limit one of each item\n|clearpoke\n|poke|p1|Iron Hands, L50|\n|poke|p1|Tyranitar, L50, F|\n|poke|p1|Houndstone, L50, M|\n|poke|p1|Arboliva, L50, F|\n|poke|p1|Corviknight, L50, F|\n|poke|p1|Bruxish, L50, F|\n|poke|p2|Flutter Mane, L50|\n|poke|p2|Scizor, L50, M|\n|poke|p2|Krookodile, L50, F|\n|poke|p2|Torkoal, L50, F|\n|poke|p2|Spiritomb, L50, F|\n|poke|p2|Toxtricity-Low-Key, L50, M|\n|teampreview|4\nBehindyaa has agreed to open team sheets.\n|c|\u2606Tr1pl3-33|glhf\n|\n|t:|1682879425\n|start\n|switch|p1a: Tyranitar|Tyranitar, L50, F|100\/100\n|switch|p1b: Houndstone|Houndstone, L50, M|100\/100\n|switch|p2a: Flutter Mane|Flutter Mane, L50|100\/100\n|switch|p2b: Spiritomb|Spiritomb, L50, F|100\/100\n|-weather|Sandstorm|[from] ability: Sand Stream|[of] p1a: Tyranitar\n|-ability|p2b: Spiritomb|Pressure\n|turn|1\n|c|\u2606Behindyaa|u2\n|\n|t:|1682879448\n|switch|p2b: Torkoal|Torkoal, L50, F|100\/100\n|-weather|SunnyDay|[from] ability: Drought|[of] p2b: Torkoal\n|-activate|p2a: Flutter Mane|ability: Protosynthesis\n|-start|p2a: Flutter Mane|protosynthesisspe\n|move|p2a: Flutter Mane|Shadow Ball|p1b: Houndstone\n|-supereffective|p1b: Houndstone\n|-damage|p1b: Houndstone|0 fnt\n|faint|p1b: Houndstone\n|move|p1a: Tyranitar|Crunch|p2a: Flutter Mane\n|-damage|p2a: Flutter Mane|0 fnt\n|faint|p2a: Flutter Mane\n|-end|p2a: Flutter Mane|Protosynthesis|[silent]\n|\n|-weather|SunnyDay|[upkeep]\n|upkeep\n|\n|t:|1682879461\n|switch|p2a: Krookodile|Krookodile, L50, F|100\/100\n|switch|p1b: Arboliva|Arboliva, L50, F|100\/100\n|-ability|p2a: Krookodile|Intimidate|boost\n|-unboost|p1a: Tyranitar|atk|1\n|-unboost|p1b: Arboliva|atk|1\n|turn|2\n|j| eshe0\n|c| eshe0|boo\n|\n|t:|1682879480\n|-terastallize|p1b: Arboliva|Water\n|move|p2a: Krookodile|Close Combat|p1a: Tyranitar\n|-supereffective|p1a: Tyranitar\n|-damage|p1a: Tyranitar|0 fnt\n|-unboost|p2a: Krookodile|def|1\n|-unboost|p2a: Krookodile|spd|1\n|-enditem|p2a: Krookodile|White Herb\n|-clearnegativeboost|p2a: Krookodile|[silent]\n|faint|p1a: Tyranitar\n|move|p1b: Arboliva|Tera Blast|p2b: Torkoal\n|-supereffective|p2b: Torkoal\n|-damage|p2b: Torkoal|52\/100\n|move|p2b: Torkoal|Heat Wave|p1b: Arboliva\n|-resisted|p1b: Arboliva\n|-damage|p1b: Arboliva|76\/100\n|-status|p1b: Arboliva|brn\n|-fieldstart|move: Grassy Terrain|[from] ability: Seed Sower|[of] p1b: Arboliva\n|\n|-weather|SunnyDay|[upkeep]\n|-heal|p1b: Arboliva|82\/100 brn|[from] Grassy Terrain\n|-heal|p1b: Arboliva|88\/100 brn|[from] item: Leftovers\n|-heal|p2b: Torkoal|58\/100|[from] Grassy Terrain\n|-damage|p1b: Arboliva|82\/100 brn|[from] brn\n|upkeep\n|\n|t:|1682879500\n|switch|p1a: Corviknight|Corviknight, L50, F|100\/100\n|-ability|p1a: Corviknight|Pressure\n|turn|3\n|\n|t:|1682879532\n|-terastallize|p2b: Torkoal|Grass\n|move|p2a: Krookodile|Bulk Up|p2a: Krookodile\n|-boost|p2a: Krookodile|atk|1\n|-boost|p2a: Krookodile|def|1\n|move|p1a: Corviknight|Brave Bird|p2b: Torkoal\n|-supereffective|p2b: Torkoal\n|-damage|p2b: Torkoal|0 fnt\n|faint|p2b: Torkoal\n|-damage|p1a: Corviknight|84\/100|[from] Recoil\n|move|p1b: Arboliva|Tera Blast|p2a: Krookodile\n|-supereffective|p2a: Krookodile\n|-damage|p2a: Krookodile|67\/100\n|\n|-weather|SunnyDay|[upkeep]\n|-heal|p2a: Krookodile|73\/100|[from] Grassy Terrain\n|-heal|p1b: Arboliva|88\/100 brn|[from] Grassy Terrain\n|-heal|p1b: Arboliva|94\/100 brn|[from] item: Leftovers\n|-damage|p1b: Arboliva|88\/100 brn|[from] brn\n|upkeep\n|\n|t:|1682879539\n|switch|p2b: Spiritomb|Spiritomb, L50, F|100\/100\n|-ability|p2b: Spiritomb|Pressure\n|turn|4\n|\n|t:|1682879590\n|move|p2a: Krookodile|Close Combat|p1b: Arboliva\n|-damage|p1b: Arboliva|35\/100 brn\n|-unboost|p2a: Krookodile|def|1\n|-unboost|p2a: Krookodile|spd|1\n|move|p1a: Corviknight|Iron Head|p2a: Krookodile\n|-damage|p2a: Krookodile|36\/100\n|move|p1b: Arboliva|Tera Blast|p2a: Krookodile\n|-supereffective|p2a: Krookodile\n|-damage|p2a: Krookodile|0 fnt\n|faint|p2a: Krookodile\n|move|p2b: Spiritomb|Will-O-Wisp|p1a: Corviknight\n|-status|p1a: Corviknight|brn\n|\n|-weather|SunnyDay|[upkeep]\n|-heal|p1b: Arboliva|41\/100 brn|[from] Grassy Terrain\n|-heal|p1b: Arboliva|47\/100 brn|[from] item: Leftovers\n|-damage|p1a: Corviknight|78\/100 brn|[from] brn\n|-damage|p1b: Arboliva|41\/100 brn|[from] brn\n|upkeep\n|turn|5\n|\n|t:|1682879611\n|move|p2b: Spiritomb|Sucker Punch|p1b: Arboliva\n|-damage|p1b: Arboliva|10\/100 brn\n|move|p1a: Corviknight|Iron Head|p2b: Spiritomb\n|-damage|p2b: Spiritomb|83\/100\n|move|p1b: Arboliva|Giga Drain|p2b: Spiritomb\n|-damage|p2b: Spiritomb|41\/100\n|-heal|p1b: Arboliva|29\/100 brn|[from] drain|[of] p2b: Spiritomb\n|\n|-weather|none\n|-heal|p1b: Arboliva|35\/100 brn|[from] Grassy Terrain\n|-heal|p1b: Arboliva|40\/100 brn|[from] item: Leftovers\n|-heal|p2b: Spiritomb|46\/100|[from] Grassy Terrain\n|-damage|p1a: Corviknight|72\/100 brn|[from] brn\n|-damage|p1b: Arboliva|35\/100 brn|[from] brn\n|upkeep\n|turn|6\n|\n|t:|1682879636\n|move|p1b: Arboliva|Protect|p1b: Arboliva\n|-singleturn|p1b: Arboliva|Protect\n|move|p2b: Spiritomb|Sucker Punch||[still]\n|-fail|p2b: Spiritomb\n|move|p1a: Corviknight|Iron Head|p2b: Spiritomb\n|-crit|p2b: Spiritomb\n|-damage|p2b: Spiritomb|23\/100\n|\n|-heal|p1b: Arboliva|40\/100 brn|[from] Grassy Terrain\n|-heal|p1b: Arboliva|46\/100 brn|[from] item: Leftovers\n|-heal|p2b: Spiritomb|29\/100|[from] Grassy Terrain\n|-damage|p1a: Corviknight|66\/100 brn|[from] brn\n|-damage|p1b: Arboliva|40\/100 brn|[from] brn\n|-fieldend|move: Grassy Terrain\n|upkeep\n|turn|7\n|\n|t:|1682879651\n|move|p2b: Spiritomb|Sucker Punch|p1a: Corviknight\n|-damage|p1a: Corviknight|44\/100 brn\n|move|p1a: Corviknight|Iron Head|p2b: Spiritomb\n|-damage|p2b: Spiritomb|13\/100\n|move|p1b: Arboliva|Giga Drain|p2b: Spiritomb\n|-damage|p2b: Spiritomb|0 fnt\n|-heal|p1b: Arboliva|46\/100 brn|[from] drain|[of] p2b: Spiritomb\n|faint|p2b: Spiritomb\n|\n|win|Behindyaa\n|c|\u2606Tr1pl3-33|gg\n|l|\u2606Tr1pl3-33\n|c| eshe0|gg, lads\n|l|\u2606Behindyaa\n","uploadtime":1682880050,"views":9,"p1id":"behindyaa","p2id":"tr1pl333","formatid":"gen9vgc2023regulationc","rating":0,"private":0,"password":""}