{"id":"gen9vgc2023regulationc-1862985893","p1":"RadiantBlue4552","p2":"Moonwolf","format":"[Gen 9] VGC 2023 Regulation C","log":"|j|\u2606RadiantBlue4552\n|j|\u2606Moonwolf\n|t:|1683947925\n|gametype|doubles\n|player|p1|RadiantBlue4552|266|1266\n|player|p2|Moonwolf|guitarist|1324\n|teamsize|p1|6\n|teamsize|p2|6\n|gen|9\n|tier|[Gen 9] VGC 2023 Regulation C\n|rated|\n|rule|Species Clause: Limit one of each Pok\u00e9mon\n|rule|Item Clause: Limit one of each item\n|clearpoke\n|poke|p1|Kingambit, L50, M|\n|poke|p1|Hariyama, L50, M|\n|poke|p1|Garchomp, L50, M|\n|poke|p1|Torkoal, L50, F|\n|poke|p1|Brute Bonnet, L50|\n|poke|p1|Oranguru, L50, F|\n|poke|p2|Amoonguss, L50, M|\n|poke|p2|Flutter Mane, L50|\n|poke|p2|Iron Bundle, L50|\n|poke|p2|Chi-Yu, L50|\n|poke|p2|Dragapult, L50, F|\n|poke|p2|Farigiraf, L50, M|\n|teampreview|4\n|inactive|Battle timer is ON: inactive players will automatically lose when time's up. (requested by Moonwolf)\n|inactive|Moonwolf has 60 seconds left.\n|\n|t:|1683947966\n|start\n|switch|p1a: Garchomp|Garchomp, L50, M|100\/100\n|switch|p1b: Kingambit|Kingambit, L50, M|100\/100\n|switch|p2a: Flutter Mane|Flutter Mane, L50|100\/100\n|switch|p2b: Chi-Yu|Chi-Yu, L50|100\/100\n|-ability|p2b: Chi-Yu|Beads of Ruin\n|turn|1\n|\n|t:|1683947987\n|-terastallize|p1b: Kingambit|Flying\n|move|p2b: Chi-Yu|Protect|p2b: Chi-Yu\n|-singleturn|p2b: Chi-Yu|Protect\n|move|p1b: Kingambit|Sucker Punch|p2a: Flutter Mane\n|-damage|p2a: Flutter Mane|11\/100\n|move|p1a: Garchomp|Earthquake|p2a: Flutter Mane|[spread] p2a\n|-activate|p2b: Chi-Yu|move: Protect\n|-immune|p1b: Kingambit\n|-damage|p2a: Flutter Mane|0 fnt\n|faint|p2a: Flutter Mane\n|-end|p2a: Flutter Mane|Protosynthesis|[silent]\n|\n|upkeep\n|\n|t:|1683948000\n|switch|p2a: Iron Bundle|Iron Bundle, L50|100\/100\n|-enditem|p2a: Iron Bundle|Booster Energy\n|-activate|p2a: Iron Bundle|ability: Quark Drive|[fromitem]\n|-start|p2a: Iron Bundle|quarkdrivespe\n|turn|2\n|inactive|RadiantBlue4552 has 30 seconds left.\n|\n|t:|1683948027\n|switch|p2b: Amoonguss|Amoonguss, L50, M|100\/100\n|move|p2a: Iron Bundle|Freeze-Dry|p1b: Kingambit\n|-supereffective|p1b: Kingambit\n|-damage|p1b: Kingambit|45\/100\n|-status|p1b: Kingambit|frz\n|move|p1a: Garchomp|Earthquake|p2a: Iron Bundle|[spread] p2a,p2b\n|-immune|p1b: Kingambit\n|-crit|p2a: Iron Bundle\n|-damage|p2a: Iron Bundle|30\/100\n|-damage|p2b: Amoonguss|69\/100\n|cant|p1b: Kingambit|frz\n|\n|upkeep\n|turn|3\n|\n|t:|1683948048\n|move|p2b: Amoonguss|Rage Powder|p2b: Amoonguss\n|-singleturn|p2b: Amoonguss|move: Rage Powder\n|move|p2a: Iron Bundle|Freeze-Dry|p1a: Garchomp\n|-supereffective|p1a: Garchomp\n|-damage|p1a: Garchomp|0 fnt\n|faint|p1a: Garchomp\n|cant|p1b: Kingambit|frz\n|\n|upkeep\n|\n|t:|1683948056\n|switch|p1a: Brute Bonnet|Brute Bonnet, L50|100\/100\n|turn|4\n|inactive|Moonwolf has 30 seconds left.\n|inactive|Moonwolf has 20 seconds left.\n|\n|t:|1683948092\n|-end|p2a: Iron Bundle|Quark Drive|[silent]\n|switch|p2a: Chi-Yu|Chi-Yu, L50|100\/100\n|-ability|p2a: Chi-Yu|Beads of Ruin\n|-curestatus|p1b: Kingambit|frz|[msg]\n|move|p1b: Kingambit|Aerial Ace|p2b: Amoonguss\n|-supereffective|p2b: Amoonguss\n|-damage|p2b: Amoonguss|8\/100\n|-enditem|p2b: Amoonguss|Sitrus Berry|[eat]\n|-heal|p2b: Amoonguss|33\/100|[from] item: Sitrus Berry\n|move|p1a: Brute Bonnet|Spore|p2a: Chi-Yu\n|-status|p2a: Chi-Yu|slp|[from] move: Spore\n|move|p2b: Amoonguss|Clear Smog|p1a: Brute Bonnet\n|-supereffective|p1a: Brute Bonnet\n|-damage|p1a: Brute Bonnet|69\/100\n|-clearboost|p1a: Brute Bonnet\n|\n|upkeep\n|turn|5\n|-message|Moonwolf forfeited.\n|\n|win|RadiantBlue4552\n|raw|RadiantBlue4552's rating: 1266 → 1295<\/strong> (+29 for winning)\n|raw|Moonwolf's rating: 1324 → 1301<\/strong> (-23 for losing)\n|l|\u2606Moonwolf\n","uploadtime":1683948115,"views":10,"p1id":"radiantblue4552","p2id":"moonwolf","formatid":"gen9vgc2023regulationc","rating":1295,"private":0,"password":""}