{"id":"gen9vgc2023regulationc-1850570095","p1":"heatwavehitter","p2":"SakiVGC","format":"[Gen 9] VGC 2023 Regulation C","log":"|j|\u2606heatwavehitter\n|j|\u2606SakiVGC\n|t:|1682349512\n|gametype|doubles\n|player|p1|heatwavehitter|169|1143\n|player|p2|SakiVGC|rosa|1228\n|teamsize|p1|6\n|teamsize|p2|6\n|gen|9\n|tier|[Gen 9] VGC 2023 Regulation C\n|rated|\n|rule|Species Clause: Limit one of each Pok\u00e9mon\n|rule|Item Clause: Limit one of each item\n|clearpoke\n|poke|p1|Meowscarada, L50, M|\n|poke|p1|Maushold, L50|\n|poke|p1|Annihilape, L50, M|\n|poke|p1|Iron Bundle, L50|\n|poke|p1|Flutter Mane, L50|\n|poke|p1|Azumarill, L50, M|\n|poke|p2|Corviknight, L50, F|\n|poke|p2|Orthworm, L50, F|\n|poke|p2|Flutter Mane, L50|\n|poke|p2|Ting-Lu, L50|\n|poke|p2|Arcanine, L50, M|\n|poke|p2|Amoonguss, L50, F|\n|teampreview|4\n|inactive|Battle timer is ON: inactive players will automatically lose when time's up. (requested by SakiVGC)\n|inactive|SakiVGC has 60 seconds left.\n|\n|t:|1682349547\n|start\n|switch|p1a: Meowscarada|Meowscarada, L50, M|100\/100\n|switch|p1b: Maushold|Maushold, L50|100\/100\n|switch|p2a: Corviknight|Corviknight, L50, F|100\/100\n|switch|p2b: Flutter Mane|Flutter Mane, L50|100\/100\n|turn|1\n|l|\u2606heatwavehitter\n|inactive|heatwavehitter disconnected and has a minute to reconnect!\n|player|p1|\n|j|\u2606heatwavehitter\n|inactive|heatwavehitter reconnected and has 50 seconds left.\n|player|p1|heatwavehitter|169\n|\n|t:|1682349565\n|-terastallize|p2b: Flutter Mane|Fairy\n|move|p1b: Maushold|Follow Me|p1b: Maushold\n|-singleturn|p1b: Maushold|move: Follow Me\n|move|p1a: Meowscarada|Nasty Plot|p1a: Meowscarada\n|-boost|p1a: Meowscarada|spa|2\n|move|p2b: Flutter Mane|Calm Mind|p2b: Flutter Mane\n|-boost|p2b: Flutter Mane|spa|1\n|-boost|p2b: Flutter Mane|spd|1\n|move|p2a: Corviknight|Iron Defense|p2a: Corviknight\n|-boost|p2a: Corviknight|def|2\n|\n|upkeep\n|turn|2\n|\n|t:|1682349580\n|-terastallize|p1a: Meowscarada|Grass\n|move|p2b: Flutter Mane|Protect|p2b: Flutter Mane\n|-singleturn|p2b: Flutter Mane|Protect\n|move|p1b: Maushold|Feint|p2b: Flutter Mane\n|-activate|p2b: Flutter Mane|move: Feint\n|-damage|p2b: Flutter Mane|81\/100\n|move|p1a: Meowscarada|Energy Ball|p2b: Flutter Mane\n|-damage|p2b: Flutter Mane|17\/100\n|-unboost|p2b: Flutter Mane|spd|1\n|move|p2a: Corviknight|Tailwind|p2a: Corviknight\n|-sidestart|p2: SakiVGC|move: Tailwind\n|\n|upkeep\n|turn|3\n|inactive|heatwavehitter has 30 seconds left.\n|c|\u2606SakiVGC|wp sir\n|\n|t:|1682349611\n|move|p1b: Maushold|Follow Me|p1b: Maushold\n|-singleturn|p1b: Maushold|move: Follow Me\n|move|p2b: Flutter Mane|Dazzling Gleam|p1b: Maushold|[spread] p1a,p1b\n|-damage|p1a: Meowscarada|11\/100\n|-damage|p1b: Maushold|42\/100\n|move|p2a: Corviknight|Body Press|p1b: Maushold\n|-supereffective|p1b: Maushold\n|-damage|p1b: Maushold|0 fnt\n|faint|p1b: Maushold\n|move|p1a: Meowscarada|Energy Ball|p2b: Flutter Mane\n|-damage|p2b: Flutter Mane|0 fnt\n|faint|p2b: Flutter Mane\n|-end|p2b: Flutter Mane|Protosynthesis|[silent]\n|\n|upkeep\n|c|\u2606SakiVGC|or maam\n|\n|t:|1682349621\n|switch|p2b: Arcanine|Arcanine, L50, M|100\/100\n|switch|p1b: Azumarill|Azumarill, L50, M|100\/100\n|-ability|p2b: Arcanine|Intimidate|boost\n|-unboost|p1a: Meowscarada|atk|1\n|-unboost|p1b: Azumarill|atk|1\n|turn|4\n|\n|t:|1682349639\n|move|p2b: Arcanine|Extreme Speed|p1a: Meowscarada\n|-damage|p1a: Meowscarada|0 fnt\n|faint|p1a: Meowscarada\n|move|p1b: Azumarill|Aqua Jet|p2b: Arcanine\n|-supereffective|p2b: Arcanine\n|-crit|p2b: Arcanine\n|-damage|p2b: Arcanine|0 fnt\n|faint|p2b: Arcanine\n|-damage|p1b: Azumarill|91\/100|[from] item: Life Orb\n|move|p2a: Corviknight|Body Press|p1b: Azumarill\n|-resisted|p1b: Azumarill\n|-damage|p1b: Azumarill|63\/100\n|\n|upkeep\n|\n|t:|1682349644\n|switch|p1a: Annihilape|Annihilape, L50, M|100\/100\n|switch|p2b: Ting-Lu|Ting-Lu, L50|100\/100\n|-ability|p2b: Ting-Lu|Vessel of Ruin\n|turn|5\n|\n|t:|1682349670\n|move|p2a: Corviknight|Iron Defense|p2a: Corviknight\n|-boost|p2a: Corviknight|def|2\n|move|p2b: Ting-Lu|Fissure|p1a: Annihilape|[miss]\n|-miss|p2b: Ting-Lu|p1a: Annihilape\n|move|p1a: Annihilape|Bulk Up|p1a: Annihilape\n|-boost|p1a: Annihilape|atk|1\n|-boost|p1a: Annihilape|def|1\n|move|p1b: Azumarill|Liquidation|p2b: Ting-Lu\n|-supereffective|p2b: Ting-Lu\n|-damage|p2b: Ting-Lu|44\/100\n|-damage|p1b: Azumarill|54\/100|[from] item: Life Orb\n|\n|-sideend|p2: SakiVGC|move: Tailwind\n|upkeep\n|turn|6\n|\n|t:|1682349686\n|move|p1a: Annihilape|Bulk Up|p1a: Annihilape\n|-boost|p1a: Annihilape|atk|1\n|-boost|p1a: Annihilape|def|1\n|move|p2a: Corviknight|Body Press|p1b: Azumarill\n|-resisted|p1b: Azumarill\n|-damage|p1b: Azumarill|15\/100\n|move|p1b: Azumarill|Liquidation|p2b: Ting-Lu\n|-supereffective|p2b: Ting-Lu\n|-damage|p2b: Ting-Lu|0 fnt\n|faint|p2b: Ting-Lu\n|-damage|p1b: Azumarill|6\/100|[from] item: Life Orb\n|\n|upkeep\n|turn|7\n|c|\u2606SakiVGC|GG\n|\n|t:|1682349699\n|move|p1b: Azumarill|Protect|p1b: Azumarill\n|-singleturn|p1b: Azumarill|Protect\n|move|p1a: Annihilape|Bulk Up|p1a: Annihilape\n|-boost|p1a: Annihilape|atk|1\n|-boost|p1a: Annihilape|def|1\n|move|p2a: Corviknight|Body Press|p1b: Azumarill\n|-activate|p1b: Azumarill|move: Protect\n|\n|upkeep\n|turn|8\n|\n|t:|1682349707\n|move|p1b: Azumarill|Aqua Jet|p2a: Corviknight\n|-damage|p2a: Corviknight|94\/100\n|-damage|p1b: Azumarill|0 fnt|[from] item: Rocky Helmet|[of] p2a: Corviknight\n|faint|p1b: Azumarill\n|move|p1a: Annihilape|Bulk Up|p1a: Annihilape\n|-boost|p1a: Annihilape|atk|1\n|-boost|p1a: Annihilape|def|1\n|move|p2a: Corviknight|Body Press|p1a: Annihilape\n|-immune|p1a: Annihilape\n|\n|upkeep\n|turn|9\n|\n|t:|1682349721\n|move|p1a: Annihilape|Bulk Up|p1a: Annihilape\n|-boost|p1a: Annihilape|atk|1\n|-boost|p1a: Annihilape|def|1\n|move|p2a: Corviknight|Iron Defense|p2a: Corviknight\n|-boost|p2a: Corviknight|def|2\n|\n|upkeep\n|turn|10\n|\n|t:|1682349727\n|move|p1a: Annihilape|Bulk Up|p1a: Annihilape\n|-boost|p1a: Annihilape|atk|1\n|-boost|p1a: Annihilape|def|1\n|move|p2a: Corviknight|Roost|p2a: Corviknight\n|-heal|p2a: Corviknight|100\/100\n|-singleturn|p2a: Corviknight|move: Roost\n|\n|upkeep\n|turn|11\n|\n|t:|1682349733\n|move|p1a: Annihilape|Drain Punch|p2a: Corviknight\n|-damage|p2a: Corviknight|78\/100\n|-damage|p1a: Annihilape|84\/100|[from] item: Rocky Helmet|[of] p2a: Corviknight\n|move|p2a: Corviknight|Roost|p2a: Corviknight\n|-heal|p2a: Corviknight|100\/100\n|-singleturn|p2a: Corviknight|move: Roost\n|\n|-heal|p1a: Annihilape|90\/100|[from] item: Leftovers\n|upkeep\n|turn|12\n|\n|t:|1682349741\n|move|p1a: Annihilape|Drain Punch|p2a: Corviknight\n|-damage|p2a: Corviknight|78\/100\n|-heal|p1a: Annihilape|99\/100|[from] drain|[of] p2a: Corviknight\n|-damage|p1a: Annihilape|84\/100|[from] item: Rocky Helmet|[of] p2a: Corviknight\n|move|p2a: Corviknight|Tailwind|p2a: Corviknight\n|-sidestart|p2: SakiVGC|move: Tailwind\n|\n|-heal|p1a: Annihilape|90\/100|[from] item: Leftovers\n|upkeep\n|turn|13\n|\n|t:|1682349746\n|move|p2a: Corviknight|Body Press|p1a: Annihilape\n|-immune|p1a: Annihilape\n|move|p1a: Annihilape|Drain Punch|p2a: Corviknight\n|-damage|p2a: Corviknight|53\/100\n|-heal|p1a: Annihilape|99\/100|[from] drain|[of] p2a: Corviknight\n|-damage|p1a: Annihilape|84\/100|[from] item: Rocky Helmet|[of] p2a: Corviknight\n|\n|-heal|p1a: Annihilape|90\/100|[from] item: Leftovers\n|upkeep\n|turn|14\n|\n|t:|1682349751\n|move|p2a: Corviknight|Roost|p2a: Corviknight\n|-heal|p2a: Corviknight|100\/100\n|-singleturn|p2a: Corviknight|move: Roost\n|move|p1a: Annihilape|Drain Punch|p2a: Corviknight\n|-supereffective|p2a: Corviknight\n|-damage|p2a: Corviknight|48\/100\n|-heal|p1a: Annihilape|100\/100|[from] drain|[of] p2a: Corviknight\n|-damage|p1a: Annihilape|84\/100|[from] item: Rocky Helmet|[of] p2a: Corviknight\n|\n|-heal|p1a: Annihilape|90\/100|[from] item: Leftovers\n|upkeep\n|turn|15\n|\n|t:|1682349759\n|move|p2a: Corviknight|Roost|p2a: Corviknight\n|-heal|p2a: Corviknight|98\/100\n|-singleturn|p2a: Corviknight|move: Roost\n|move|p1a: Annihilape|Drain Punch|p2a: Corviknight\n|-supereffective|p2a: Corviknight\n|-damage|p2a: Corviknight|53\/100\n|-heal|p1a: Annihilape|100\/100|[from] drain|[of] p2a: Corviknight\n|-damage|p1a: Annihilape|84\/100|[from] item: Rocky Helmet|[of] p2a: Corviknight\n|\n|-heal|p1a: Annihilape|90\/100|[from] item: Leftovers\n|-sideend|p2: SakiVGC|move: Tailwind\n|upkeep\n|turn|16\n|\n|t:|1682349768\n|move|p1a: Annihilape|Drain Punch|p2a: Corviknight\n|-damage|p2a: Corviknight|30\/100\n|-heal|p1a: Annihilape|99\/100|[from] drain|[of] p2a: Corviknight\n|-damage|p1a: Annihilape|84\/100|[from] item: Rocky Helmet|[of] p2a: Corviknight\n|move|p2a: Corviknight|Roost|p2a: Corviknight\n|-heal|p2a: Corviknight|80\/100\n|-singleturn|p2a: Corviknight|move: Roost\n|\n|-heal|p1a: Annihilape|90\/100|[from] item: Leftovers\n|upkeep\n|turn|17\n|\n|t:|1682349774\n|move|p1a: Annihilape|Drain Punch|p2a: Corviknight\n|-damage|p2a: Corviknight|57\/100\n|-heal|p1a: Annihilape|99\/100|[from] drain|[of] p2a: Corviknight\n|-damage|p1a: Annihilape|83\/100|[from] item: Rocky Helmet|[of] p2a: Corviknight\n|move|p2a: Corviknight|Roost|p2a: Corviknight\n|-heal|p2a: Corviknight|100\/100\n|-singleturn|p2a: Corviknight|move: Roost\n|\n|-heal|p1a: Annihilape|89\/100|[from] item: Leftovers\n|upkeep\n|turn|18\n|\n|t:|1682349782\n|move|p1a: Annihilape|Drain Punch|p2a: Corviknight\n|-damage|p2a: Corviknight|78\/100\n|-heal|p1a: Annihilape|99\/100|[from] drain|[of] p2a: Corviknight\n|-damage|p1a: Annihilape|83\/100|[from] item: Rocky Helmet|[of] p2a: Corviknight\n|move|p2a: Corviknight|Body Press|p1a: Annihilape\n|-immune|p1a: Annihilape\n|\n|-heal|p1a: Annihilape|89\/100|[from] item: Leftovers\n|upkeep\n|turn|19\n|\n|t:|1682349787\n|move|p1a: Annihilape|Rage Fist|p2a: Corviknight\n|-damage|p2a: Corviknight|63\/100\n|-damage|p1a: Annihilape|73\/100|[from] item: Rocky Helmet|[of] p2a: Corviknight\n|move|p2a: Corviknight|Body Press|p1a: Annihilape\n|-immune|p1a: Annihilape\n|\n|-heal|p1a: Annihilape|79\/100|[from] item: Leftovers\n|upkeep\n|turn|20\n|\n|t:|1682349793\n|move|p1a: Annihilape|Drain Punch|p2a: Corviknight\n|-damage|p2a: Corviknight|38\/100\n|-heal|p1a: Annihilape|89\/100|[from] drain|[of] p2a: Corviknight\n|-damage|p1a: Annihilape|73\/100|[from] item: Rocky Helmet|[of] p2a: Corviknight\n|move|p2a: Corviknight|Roost|p2a: Corviknight\n|-heal|p2a: Corviknight|88\/100\n|-singleturn|p2a: Corviknight|move: Roost\n|\n|-heal|p1a: Annihilape|79\/100|[from] item: Leftovers\n|upkeep\n|turn|21\n|\n|t:|1682349802\n|move|p1a: Annihilape|Drain Punch|p2a: Corviknight\n|-damage|p2a: Corviknight|63\/100\n|-heal|p1a: Annihilape|90\/100|[from] drain|[of] p2a: Corviknight\n|-damage|p1a: Annihilape|74\/100|[from] item: Rocky Helmet|[of] p2a: Corviknight\n|move|p2a: Corviknight|Body Press|p1a: Annihilape\n|-immune|p1a: Annihilape\n|\n|-heal|p1a: Annihilape|80\/100|[from] item: Leftovers\n|upkeep\n|turn|22\n|\n|t:|1682349809\n|move|p1a: Annihilape|Drain Punch|p2a: Corviknight\n|-damage|p2a: Corviknight|40\/100\n|-heal|p1a: Annihilape|89\/100|[from] drain|[of] p2a: Corviknight\n|-damage|p1a: Annihilape|73\/100|[from] item: Rocky Helmet|[of] p2a: Corviknight\n|move|p2a: Corviknight|Iron Defense|p2a: Corviknight\n|-boost|p2a: Corviknight|def|0\n|\n|-heal|p1a: Annihilape|79\/100|[from] item: Leftovers\n|upkeep\n|turn|23\n|\n|t:|1682349812\n|move|p1a: Annihilape|Drain Punch|p2a: Corviknight\n|-damage|p2a: Corviknight|15\/100\n|-heal|p1a: Annihilape|90\/100|[from] drain|[of] p2a: Corviknight\n|-damage|p1a: Annihilape|74\/100|[from] item: Rocky Helmet|[of] p2a: Corviknight\n|move|p2a: Corviknight|Roost|p2a: Corviknight\n|-heal|p2a: Corviknight|65\/100\n|-singleturn|p2a: Corviknight|move: Roost\n|\n|-heal|p1a: Annihilape|80\/100|[from] item: Leftovers\n|upkeep\n|turn|24\n|\n|t:|1682349817\n|move|p1a: Annihilape|Drain Punch|p2a: Corviknight\n|-damage|p2a: Corviknight|42\/100\n|-heal|p1a: Annihilape|89\/100|[from] drain|[of] p2a: Corviknight\n|-damage|p1a: Annihilape|73\/100|[from] item: Rocky Helmet|[of] p2a: Corviknight\n|move|p2a: Corviknight|Body Press|p1a: Annihilape\n|-immune|p1a: Annihilape\n|\n|-heal|p1a: Annihilape|79\/100|[from] item: Leftovers\n|upkeep\n|turn|25\n|\n|t:|1682349819\n|move|p1a: Annihilape|Drain Punch|p2a: Corviknight\n|-damage|p2a: Corviknight|18\/100\n|-heal|p1a: Annihilape|89\/100|[from] drain|[of] p2a: Corviknight\n|-damage|p1a: Annihilape|73\/100|[from] item: Rocky Helmet|[of] p2a: Corviknight\n|move|p2a: Corviknight|Body Press|p1a: Annihilape\n|-immune|p1a: Annihilape\n|\n|-heal|p1a: Annihilape|79\/100|[from] item: Leftovers\n|upkeep\n|turn|26\n|\n|t:|1682349823\n|move|p1a: Annihilape|Drain Punch|p2a: Corviknight\n|-damage|p2a: Corviknight|0 fnt\n|-heal|p1a: Annihilape|87\/100|[from] drain|[of] p2a: Corviknight\n|-damage|p1a: Annihilape|71\/100|[from] item: Rocky Helmet|[of] p2a: Corviknight\n|faint|p2a: Corviknight\n|\n|win|heatwavehitter\n|raw|heatwavehitter's rating: 1143 → 1174<\/strong> (+31 for winning)\n|raw|SakiVGC's rating: 1228 → 1197<\/strong> (-31 for losing)\n|c|\u2606SakiVGC|gg\n|c|\u2606heatwavehitter|gg\n|l|\u2606SakiVGC\n|l|\u2606heatwavehitter\n|j|\u2606heatwavehitter\n|player|p1|heatwavehitter|169\n","uploadtime":1682349861,"views":26,"p1id":"heatwavehitter","p2id":"sakivgc","formatid":"gen9vgc2023regulationc","rating":1174,"private":0,"password":""}