{"id":"gen9vgc2023regulationc-1859871120","p1":"dashrekawanobi","p2":"vvegs","format":"[Gen 9] VGC 2023 Regulation C","log":"|j|\u2606dashrekawanobi\n|j|\u2606vvegs\n|t:|1683571501\n|gametype|doubles\n|player|p1|dashrekawanobi|169|1063\n|player|p2|vvegs|hiker-gen4|1000\n|teamsize|p1|6\n|teamsize|p2|6\n|gen|9\n|tier|[Gen 9] VGC 2023 Regulation C\n|rated|\n|rule|Species Clause: Limit one of each Pok\u00e9mon\n|rule|Item Clause: Limit one of each item\n|clearpoke\n|poke|p1|Stantler, L50, M|\n|poke|p1|Kingambit, L50, M|\n|poke|p1|Hatterene, L50, F|\n|poke|p1|Indeedee-F, L50, F|\n|poke|p1|Iron Hands, L50|\n|poke|p1|Amoonguss, L50, M|\n|poke|p2|Klefki, L50, F|\n|poke|p2|Gastrodon-East, L50, F|\n|poke|p2|Raichu, L50, M|\n|poke|p2|Mismagius, L50, F|\n|poke|p2|Flapple, L50, M|\n|poke|p2|Rotom-Wash, L50|\n|teampreview|4\n|c|\u2606dashrekawanobi|glhf\ndashrekawanobi rejected open team sheets.\n|inactive|Battle timer is ON: inactive players will automatically lose when time's up. (requested by dashrekawanobi)\n|\n|t:|1683571515\n|start\n|switch|p1a: Indeedee|Indeedee-F, L50, F|100\/100\n|switch|p1b: Amoonguss|Amoonguss, L50, M|100\/100\n|switch|p2a: Raichu|Raichu, L50, M, shiny|100\/100\n|switch|p2b: Isaac|Flapple, L50, M, shiny|100\/100\n|-fieldstart|move: Psychic Terrain|[from] ability: Psychic Surge|[of] p1a: Indeedee\n|-enditem|p1a: Indeedee|Psychic Seed\n|-boost|p1a: Indeedee|spd|1|[from] item: Psychic Seed\n|turn|1\n|c|\u2606dashrekawanobi|nice team\n|\n|t:|1683571532\n|move|p1b: Amoonguss|Rage Powder|p1b: Amoonguss\n|-singleturn|p1b: Amoonguss|move: Rage Powder\n|move|p2b: Isaac|U-turn|p1a: Indeedee\n|-supereffective|p1a: Indeedee\n|-damage|p1a: Indeedee|42\/100\n|c|\u2606vvegs|Thnx\n|c|\u2606dashrekawanobi|what\n|\n|t:|1683571541\n|switch|p2b: Mismagius|Mismagius, L50, F|100\/100|[from] U-turn\n|move|p2a: Raichu|Fake Tears|p1b: Amoonguss\n|-unboost|p1b: Amoonguss|spd|2\n|move|p1a: Indeedee|Trick Room|p1a: Indeedee\n|-fieldstart|move: Trick Room|[of] p1a: Indeedee\n|\n|upkeep\n|turn|2\n|c|\u2606dashrekawanobi|why did it not work\n|\n|t:|1683571562\n|move|p1a: Indeedee|Follow Me|p1a: Indeedee\n|-singleturn|p1a: Indeedee|move: Follow Me\n|move|p1b: Amoonguss|Spore|p2a: Raichu\n|-status|p2a: Raichu|slp|[from] move: Spore\n|move|p2b: Mismagius|Mystical Fire|p1a: Indeedee\n|-damage|p1a: Indeedee|26\/100\n|-unboost|p1a: Indeedee|spa|1\n|cant|p2a: Raichu|slp\n|\n|upkeep\n|turn|3\n|inactive|vvegs has 30 seconds left.\n|c|\u2606vvegs|doesnt work with grass\n|c|\u2606dashrekawanobi|oh\n|inactive|vvegs has 20 seconds left.\n|\n|t:|1683571600\n|switch|p1a: Stantler|Stantler, L50, M|100\/100\n|-ability|p1a: Stantler|Intimidate|boost\n|-unboost|p2a: Raichu|atk|1\n|-unboost|p2b: Mismagius|atk|1\n|move|p1b: Amoonguss|Spore|p2b: Mismagius\n|-status|p2b: Mismagius|slp|[from] move: Spore\n|cant|p2b: Mismagius|slp\n|-curestatus|p2a: Raichu|slp|[msg]\n|move|p2a: Raichu|Nuzzle|p1b: Amoonguss\n|-resisted|p1b: Amoonguss\n|-damage|p1b: Amoonguss|98\/100\n|-status|p1b: Amoonguss|par\n|\n|upkeep\n|turn|4\n|\n|t:|1683571620\n|switch|p1b: Kingambit|Kingambit, L50, M|100\/100\n|switch|p2a: Klefki|Klefki, L50, F, shiny|100\/100\n|move|p1a: Stantler|Bulldoze|p2b: Mismagius|[spread] p1b,p2a\n|-immune|p2b: Mismagius|[from] ability: Levitate\n|-supereffective|p1b: Kingambit\n|-supereffective|p2a: Klefki\n|-damage|p1b: Kingambit|88\/100\n|-damage|p2a: Klefki|86\/100\n|-unboost|p1b: Kingambit|spe|1\n|-unboost|p2a: Klefki|spe|1\n|-enditem|p1b: Kingambit|Weakness Policy\n|-boost|p1b: Kingambit|atk|2|[from] item: Weakness Policy\n|-boost|p1b: Kingambit|spa|2|[from] item: Weakness Policy\n|cant|p2b: Mismagius|slp\n|\n|upkeep\n|turn|5\n|\n|t:|1683571642\n|move|p2a: Klefki|Reflect|p2a: Klefki\n|-sidestart|p2: vvegs|Reflect\n|move|p1b: Kingambit|Kowtow Cleave|p2b: Mismagius\n|-supereffective|p2b: Mismagius\n|-damage|p2b: Mismagius|0 fnt\n|faint|p2b: Mismagius\n|move|p1a: Stantler|Skill Swap|p2a: Klefki\n|-activate|p1a: Stantler|move: Skill Swap|Prankster|Intimidate|[of] p2a: Klefki\n|-ability|p2a: Klefki|Intimidate|boost\n|-unboost|p1a: Stantler|atk|1\n|-unboost|p1b: Kingambit|atk|1\n|-ability|p1b: Kingambit|Defiant|boost\n|-boost|p1b: Kingambit|atk|2\n|\n|-fieldend|move: Trick Room\n|-fieldend|move: Psychic Terrain\n|upkeep\n|\n|t:|1683571654\n|switch|p2b: Raichu|Raichu, L50, M, shiny|100\/100\n|turn|6\n|\n|t:|1683571668\n|move|p1b: Kingambit|Protect|p1b: Kingambit\n|-singleturn|p1b: Kingambit|Protect\n|move|p2b: Raichu|Fake Out|p1b: Kingambit\n|-activate|p1b: Kingambit|move: Protect\n|move|p2a: Klefki|Draining Kiss|p1b: Kingambit\n|-activate|p1b: Kingambit|move: Protect\n|move|p1a: Stantler|Trick Room|p1a: Stantler\n|-fieldstart|move: Trick Room|[of] p1a: Stantler\n|\n|upkeep\n|turn|7\n|-message|vvegs forfeited.\n|\n|win|dashrekawanobi\n|raw|dashrekawanobi's rating: 1063 → 1088<\/strong> (+25 for winning)\n|raw|vvegs's rating: 1000 → 1000<\/strong> (+0 for losing)\n|l|\u2606vvegs\n","uploadtime":1683571689,"views":10,"p1id":"dashrekawanobi","p2id":"vvegs","formatid":"gen9vgc2023regulationc","rating":1000,"private":0,"password":""}