{"id":"gen9vgc2023regulationc-1848034926","p1":"TNTBlowzUp","p2":"Atc13","format":"[Gen 9] VGC 2023 Regulation C","log":"|j|\u2606TNTBlowzUp\n|j|\u2606Atc13\n|t:|1682022736\n|gametype|doubles\n|player|p1|TNTBlowzUp|harlequin|1134\n|player|p2|Atc13|169|1047\n|teamsize|p1|6\n|teamsize|p2|6\n|gen|9\n|tier|[Gen 9] VGC 2023 Regulation C\n|rated|\n|rule|Species Clause: Limit one of each Pok\u00e9mon\n|rule|Item Clause: Limit one of each item\n|clearpoke\n|poke|p1|Electrode, L50|\n|poke|p1|Iron Bundle, L50|\n|poke|p1|Armarouge, L50, M|\n|poke|p1|Palafin, L50, M|\n|poke|p1|Amoonguss, L50, M|\n|poke|p1|Scizor, L50, F|\n|poke|p2|Jumpluff, L50, F|\n|poke|p2|Bronzong, L50|\n|poke|p2|Maushold-Four, L50|\n|poke|p2|Ceruledge, L50, M|\n|poke|p2|Corviknight, L50, F|\n|poke|p2|Baxcalibur, L50, F|\n|teampreview|4\n|\n|t:|1682022763\n|start\n|switch|p1a: Palafin|Palafin, L50, M, shiny|100\/100\n|switch|p1b: Electrode|Electrode, L50, shiny|100\/100\n|switch|p2a: Bronzong|Bronzong, L50|100\/100\n|switch|p2b: Jumpluff|Jumpluff, L50, F|100\/100\n|turn|1\n|\n|t:|1682022793\n|detailschange|p1a: Palafin|Palafin-Hero, L50, M, shiny\n|switch|p1a: Amoonguss|Amoonguss, L50, M, shiny|100\/100\n|move|p1b: Electrode|Volt Switch|p2b: Jumpluff\n|-damage|p2b: Jumpluff|72\/100\n|\n|t:|1682022799\n|switch|p1b: Palafin|Palafin-Hero, L50, M, shiny|100\/100|[from] Volt Switch\n|-activate|p1b: Palafin|ability: Zero to Hero\n|move|p2b: Jumpluff|Tailwind|p2b: Jumpluff\n|-sidestart|p2: Atc13|move: Tailwind\n|move|p2a: Bronzong|Sunny Day|p2a: Bronzong\n|-weather|SunnyDay\n|\n|-weather|SunnyDay|[upkeep]\n|upkeep\n|turn|2\n|\n|t:|1682022821\n|move|p1a: Amoonguss|Rage Powder|p1a: Amoonguss\n|-singleturn|p1a: Amoonguss|move: Rage Powder\n|move|p2b: Jumpluff|Sleep Powder|p1b: Palafin\n|-status|p1b: Palafin|slp|[from] move: Sleep Powder\n|cant|p1b: Palafin|slp\n|move|p2a: Bronzong|Body Press|p1a: Amoonguss\n|-resisted|p1a: Amoonguss\n|-crit|p1a: Amoonguss\n|-damage|p1a: Amoonguss|87\/100\n|\n|-weather|SunnyDay|[upkeep]\n|upkeep\n|turn|3\n|\n|t:|1682022843\n|switch|p2a: Maushold|Maushold-Four, L50|100\/100\n|move|p2b: Jumpluff|Strength Sap|p1b: Palafin\n|-unboost|p1b: Palafin|atk|1\n|-heal|p2b: Jumpluff|100\/100\n|-curestatus|p1b: Palafin|slp|[msg]\n|move|p1b: Palafin|Wave Crash|p2a: Maushold\n|-damage|p2a: Maushold|61\/100\n|-damage|p1b: Palafin|87\/100|[from] Recoil\n|move|p1a: Amoonguss|Pollen Puff|p1b: Palafin\n|-heal|p1b: Palafin|100\/100\n|\n|-weather|SunnyDay|[upkeep]\n|upkeep\n|turn|4\n|\n|t:|1682022880\n|move|p1b: Palafin|Protect|p1b: Palafin\n|-singleturn|p1b: Palafin|Protect\n|move|p2b: Jumpluff|Sleep Powder|p1b: Palafin\n|-activate|p1b: Palafin|move: Protect\n|move|p2a: Maushold|U-turn|p1a: Amoonguss\n|-damage|p1a: Amoonguss|76\/100\n|\n|t:|1682022888\n|switch|p2a: Bronzong|Bronzong, L50|100\/100|[from] U-turn\n|move|p1a: Amoonguss|Spore|p2a: Bronzong\n|-status|p2a: Bronzong|slp|[from] move: Spore\n|-enditem|p2a: Bronzong|Lum Berry|[eat]\n|-curestatus|p2a: Bronzong|slp|[msg]\n|\n|-weather|SunnyDay|[upkeep]\n|-sideend|p2: Atc13|move: Tailwind\n|upkeep\n|turn|5\n|\n|t:|1682022909\n|switch|p2a: Maushold|Maushold-Four, L50|61\/100\n|move|p1b: Palafin|Jet Punch|p2a: Maushold\n|-crit|p2a: Maushold\n|-damage|p2a: Maushold|15\/100\n|move|p2b: Jumpluff|Sleep Powder|p1b: Palafin\n|-status|p1b: Palafin|slp|[from] move: Sleep Powder\n|move|p1a: Amoonguss|Spore|p2a: Maushold\n|-activate|p2a: Maushold|item: Safety Goggles|Spore\n|\n|-weather|none\n|upkeep\n|turn|6\n|\n|t:|1682022943\n|move|p1a: Amoonguss|Rage Powder|p1a: Amoonguss\n|-singleturn|p1a: Amoonguss|move: Rage Powder\n|cant|p1b: Palafin|slp\n|move|p2a: Maushold|Super Fang|p1b: Palafin\n|-damage|p1b: Palafin|51\/100 slp\n|move|p2b: Jumpluff|Cotton Guard|p2b: Jumpluff\n|-boost|p2b: Jumpluff|def|3\n|\n|upkeep\n|turn|7\n|\n|t:|1682022971\n|switch|p1b: Electrode|Electrode, L50, shiny|100\/100\n|move|p2a: Maushold|Super Fang|p1a: Amoonguss\n|-damage|p1a: Amoonguss|38\/100\n|move|p2b: Jumpluff|Tailwind|p2b: Jumpluff\n|-sidestart|p2: Atc13|move: Tailwind\n|move|p1a: Amoonguss|Pollen Puff|p2a: Maushold\n|-damage|p2a: Maushold|0 fnt\n|faint|p2a: Maushold\n|\n|upkeep\n|\n|t:|1682022990\n|switch|p2a: Bronzong|Bronzong, L50|100\/100\n|turn|8\n|\n|t:|1682023001\n|switch|p1a: Del\u0456bird|Iron Bundle, L50, shiny|100\/100\n|-enditem|p1a: Del\u0456bird|Booster Energy\n|-activate|p1a: Del\u0456bird|ability: Quark Drive|[fromitem]\n|-start|p1a: Del\u0456bird|quarkdrivespa\n|move|p2b: Jumpluff|Sleep Powder|p1b: Electrode\n|-status|p1b: Electrode|slp|[from] move: Sleep Powder\n|cant|p1b: Electrode|slp\n|move|p2a: Bronzong|Sunny Day|p2a: Bronzong\n|-weather|SunnyDay\n|\n|-weather|SunnyDay|[upkeep]\n|upkeep\n|turn|9\n|\n|t:|1682023030\n|move|p1a: Del\u0456bird|Protect|p1a: Del\u0456bird\n|-singleturn|p1a: Del\u0456bird|Protect\n|move|p2b: Jumpluff|Sleep Powder|p1a: Del\u0456bird\n|-activate|p1a: Del\u0456bird|move: Protect\n|cant|p1b: Electrode|slp\n|move|p2a: Bronzong|Body Press|p1b: Electrode\n|-damage|p1b: Electrode|64\/100 slp\n|\n|-weather|SunnyDay|[upkeep]\n|upkeep\n|turn|10\n|\n|t:|1682023045\n|-end|p1a: Del\u0456bird|Quark Drive|[silent]\n|switch|p1a: Palafin|Palafin-Hero, L50, M, shiny|51\/100 slp\n|move|p2b: Jumpluff|Sleep Powder|p1a: Palafin\n|-fail|p1a: Palafin|slp\n|cant|p1b: Electrode|slp\n|move|p2a: Bronzong|Body Press|p1b: Electrode\n|-damage|p1b: Electrode|27\/100 slp\n|-status|p2a: Bronzong|par|[from] ability: Static|[of] p1b: Electrode\n|\n|-weather|SunnyDay|[upkeep]\n|-sideend|p2: Atc13|move: Tailwind\n|upkeep\n|turn|11\n|\n|t:|1682023062\n|move|p2b: Jumpluff|Tailwind|p2b: Jumpluff\n|-sidestart|p2: Atc13|move: Tailwind\n|-curestatus|p1b: Electrode|slp|[msg]\n|move|p1b: Electrode|Volt Switch|p2b: Jumpluff\n|-damage|p2b: Jumpluff|74\/100\n|\n|t:|1682023073\n|switch|p1b: Amoonguss|Amoonguss, L50, M, shiny|72\/100|[from] Volt Switch\n|cant|p1a: Palafin|slp\n|move|p2a: Bronzong|Body Press|p1b: Amoonguss\n|-resisted|p1b: Amoonguss\n|-damage|p1b: Amoonguss|63\/100\n|\n|-weather|SunnyDay|[upkeep]\n|upkeep\n|turn|12\n|inactive|Battle timer is ON: inactive players will automatically lose when time's up. (requested by TNTBlowzUp)\n|\n|t:|1682023096\n|move|p2b: Jumpluff|Strength Sap|p1a: Palafin\n|-unboost|p1a: Palafin|atk|1\n|-heal|p2b: Jumpluff|100\/100\n|-curestatus|p1a: Palafin|slp|[msg]\n|move|p1a: Palafin|Haze|p1a: Palafin\n|-clearallboost\n|move|p1b: Amoonguss|Pollen Puff|p1a: Palafin\n|-heal|p1a: Palafin|100\/100\n|move|p2a: Bronzong|Body Press|p1b: Amoonguss\n|-resisted|p1b: Amoonguss\n|-damage|p1b: Amoonguss|54\/100\n|\n|-weather|none\n|upkeep\n|turn|13\n|inactive|TNTBlowzUp has 30 seconds left.\n|inactive|Atc13 has 30 seconds left.\n|\n|t:|1682023131\n|move|p1a: Palafin|Protect|p1a: Palafin\n|-singleturn|p1a: Palafin|Protect\n|move|p2b: Jumpluff|Sleep Powder|p1a: Palafin\n|-activate|p1a: Palafin|move: Protect\n|move|p1b: Amoonguss|Pollen Puff|p2b: Jumpluff\n|-damage|p2b: Jumpluff|82\/100\n|move|p2a: Bronzong|Sunny Day|p2a: Bronzong\n|-weather|SunnyDay\n|\n|-weather|SunnyDay|[upkeep]\n|upkeep\n|turn|14\n|inactive|TNTBlowzUp has 30 seconds left.\n|\n|t:|1682023171\n|-terastallize|p1a: Palafin|Water\n|move|p1a: Palafin|Jet Punch|p2b: Jumpluff\n|-resisted|p2b: Jumpluff\n|-damage|p2b: Jumpluff|64\/100\n|move|p2b: Jumpluff|Sleep Powder|p1a: Palafin\n|-status|p1a: Palafin|slp|[from] move: Sleep Powder\n|move|p1b: Amoonguss|Pollen Puff|p2b: Jumpluff\n|-damage|p2b: Jumpluff|46\/100\n|move|p2a: Bronzong|Body Press|p1a: Palafin\n|-damage|p1a: Palafin|79\/100 slp\n|\n|-weather|SunnyDay|[upkeep]\n|-sideend|p2: Atc13|move: Tailwind\n|upkeep\n|turn|15\n|\n|t:|1682023193\n|switch|p1a: Electrode|Electrode, L50, shiny|27\/100\n|move|p2b: Jumpluff|Strength Sap|p1a: Electrode\n|-unboost|p1a: Electrode|atk|1\n|-heal|p2b: Jumpluff|72\/100\n|move|p1b: Amoonguss|Pollen Puff|p2b: Jumpluff\n|-damage|p2b: Jumpluff|54\/100\n|move|p2a: Bronzong|Body Press|p1b: Amoonguss\n|-resisted|p1b: Amoonguss\n|-damage|p1b: Amoonguss|45\/100\n|\n|-weather|SunnyDay|[upkeep]\n|upkeep\n|turn|16\n|\n|t:|1682023212\n|switch|p1a: Palafin|Palafin-Hero, L50, M, shiny, tera:Water|79\/100 slp\n|switch|p1b: Del\u0456bird|Iron Bundle, L50, shiny|100\/100\n|move|p2b: Jumpluff|Cotton Guard|p2b: Jumpluff\n|-boost|p2b: Jumpluff|def|3\n|move|p2a: Bronzong|Body Press|p1b: Del\u0456bird\n|-supereffective|p1b: Del\u0456bird\n|-damage|p1b: Del\u0456bird|50\/100\n|\n|-weather|SunnyDay|[upkeep]\n|upkeep\n|turn|17\n|\n|t:|1682023229\n|move|p1b: Del\u0456bird|Protect|p1b: Del\u0456bird\n|-singleturn|p1b: Del\u0456bird|Protect\n|move|p2b: Jumpluff|Strength Sap|p1a: Palafin\n|-unboost|p1a: Palafin|atk|1\n|-heal|p2b: Jumpluff|100\/100\n|cant|p1a: Palafin|slp\n|move|p2a: Bronzong|Body Press|p1b: Del\u0456bird\n|-activate|p1b: Del\u0456bird|move: Protect\n|\n|-weather|none\n|upkeep\n|turn|18\n|\n|t:|1682023247\n|-end|p1b: Del\u0456bird|Quark Drive|[silent]\n|switch|p1b: Amoonguss|Amoonguss, L50, M, shiny|78\/100\n|move|p2b: Jumpluff|Tailwind|p2b: Jumpluff\n|-sidestart|p2: Atc13|move: Tailwind\n|-curestatus|p1a: Palafin|slp|[msg]\n|move|p1a: Palafin|Haze|p1a: Palafin\n|-clearallboost\n|move|p2a: Bronzong|Body Press|p1b: Amoonguss\n|-resisted|p1b: Amoonguss\n|-damage|p1b: Amoonguss|70\/100\n|\n|upkeep\n|turn|19\n|\n|t:|1682023269\n|move|p1a: Palafin|Jet Punch|p2b: Jumpluff\n|-resisted|p2b: Jumpluff\n|-damage|p2b: Jumpluff|59\/100\n|move|p2b: Jumpluff|Sleep Powder|p1a: Palafin\n|-status|p1a: Palafin|slp|[from] move: Sleep Powder\n|move|p1b: Amoonguss|Pollen Puff|p1a: Palafin\n|-heal|p1a: Palafin|100\/100 slp\n|move|p2a: Bronzong|Body Press|p1a: Palafin\n|-damage|p1a: Palafin|79\/100 slp\n|\n|upkeep\n|turn|20\n|\n|t:|1682023286\n|cant|p1a: Palafin|slp\n|move|p2b: Jumpluff|Tailwind||[still]\n|-fail|p2b: Jumpluff\n|move|p1b: Amoonguss|Pollen Puff|p1a: Palafin\n|-heal|p1a: Palafin|100\/100 slp\n|move|p2a: Bronzong|Sunny Day|p2a: Bronzong\n|-weather|SunnyDay\n|\n|-weather|SunnyDay|[upkeep]\n|upkeep\n|turn|21\n|\n|t:|1682023301\n|-curestatus|p1a: Palafin|slp|[msg]\n|move|p1a: Palafin|Jet Punch|p2b: Jumpluff\n|-resisted|p2b: Jumpluff\n|-damage|p2b: Jumpluff|40\/100\n|move|p2b: Jumpluff|Strength Sap|p1a: Palafin\n|-unboost|p1a: Palafin|atk|1\n|-heal|p2b: Jumpluff|100\/100\n|move|p1b: Amoonguss|Pollen Puff|p1a: Palafin\n|-immune|p1a: Palafin\n|move|p2a: Bronzong|Body Press|p1b: Amoonguss\n|-resisted|p1b: Amoonguss\n|-damage|p1b: Amoonguss|62\/100\n|\n|-weather|SunnyDay|[upkeep]\n|-sideend|p2: Atc13|move: Tailwind\n|upkeep\n|turn|22\n|\n|t:|1682023326\n|switch|p1b: Electrode|Electrode, L50, shiny|27\/100\n|move|p2b: Jumpluff|Strength Sap|p1a: Palafin\n|-unboost|p1a: Palafin|atk|1\n|move|p1a: Palafin|Wave Crash|p2b: Jumpluff\n|-resisted|p2b: Jumpluff\n|-damage|p2b: Jumpluff|82\/100\n|-damage|p1a: Palafin|94\/100|[from] Recoil\n|move|p2a: Bronzong|Body Press|p1a: Palafin\n|-damage|p1a: Palafin|71\/100\n|\n|-weather|SunnyDay|[upkeep]\n|upkeep\n|turn|23\n|\n|t:|1682023346\n|switch|p1b: Amoonguss|Amoonguss, L50, M, shiny|95\/100\n|move|p1a: Palafin|Protect|p1a: Palafin\n|-singleturn|p1a: Palafin|Protect\n|move|p2b: Jumpluff|Cotton Guard|p2b: Jumpluff\n|-boost|p2b: Jumpluff|def|3\n|move|p2a: Bronzong|Body Press|p1b: Amoonguss\n|-resisted|p1b: Amoonguss\n|-damage|p1b: Amoonguss|87\/100\n|\n|-weather|SunnyDay|[upkeep]\n|upkeep\n|turn|24\n|\n|t:|1682023366\n|move|p2b: Jumpluff|Sleep Powder|p1a: Palafin\n|-status|p1a: Palafin|slp|[from] move: Sleep Powder\n|cant|p1a: Palafin|slp\n|move|p1b: Amoonguss|Pollen Puff|p1a: Palafin\n|-heal|p1a: Palafin|100\/100 slp\n|move|p2a: Bronzong|Body Press|p1a: Palafin\n|-damage|p1a: Palafin|79\/100 slp\n|\n|-weather|none\n|upkeep\n|turn|25\n|\n|t:|1682023386\n|move|p1b: Amoonguss|Rage Powder|p1b: Amoonguss\n|-singleturn|p1b: Amoonguss|move: Rage Powder\n|move|p2b: Jumpluff|Cotton Guard|p2b: Jumpluff\n|-boost|p2b: Jumpluff|def|3\n|-curestatus|p1a: Palafin|slp|[msg]\n|move|p1a: Palafin|Haze|p1a: Palafin\n|-clearallboost\n|cant|p2a: Bronzong|par\n|\n|upkeep\n|turn|26\n|inactive|Atc13 has 30 seconds left.\n|\n|t:|1682023416\n|move|p1a: Palafin|Jet Punch|p2b: Jumpluff\n|-resisted|p2b: Jumpluff\n|-damage|p2b: Jumpluff|46\/100\n|move|p2b: Jumpluff|Tailwind|p2b: Jumpluff\n|-sidestart|p2: Atc13|move: Tailwind\n|move|p1b: Amoonguss|Spore||[still]\n|-fail|p1b: Amoonguss\n|cant|p2a: Bronzong|par\n|\n|upkeep\n|turn|27\n|\n|t:|1682023436\n|switch|p2a: Baxcalibur|Baxcalibur, L50, F|100\/100\n|move|p1a: Palafin|Protect|p1a: Palafin\n|-singleturn|p1a: Palafin|Protect\n|move|p2b: Jumpluff|Sleep Powder|p1a: Palafin\n|-activate|p1a: Palafin|move: Protect\n|move|p1b: Amoonguss|Pollen Puff|p2b: Jumpluff\n|-damage|p2b: Jumpluff|26\/100\n|\n|upkeep\n|turn|28\n|\n|t:|1682023455\n|move|p1a: Palafin|Jet Punch|p2b: Jumpluff\n|-resisted|p2b: Jumpluff\n|-damage|p2b: Jumpluff|0 fnt\n|faint|p2b: Jumpluff\n|move|p2a: Baxcalibur|Icicle Crash|p1b: Amoonguss\n|-supereffective|p1b: Amoonguss\n|-damage|p1b: Amoonguss|7\/100\n|move|p1b: Amoonguss|Spore|p2a: Baxcalibur\n|-status|p2a: Baxcalibur|slp|[from] move: Spore\n|\n|upkeep\n|\n|t:|1682023466\n|switch|p2b: Bronzong|Bronzong, L50|100\/100 par\n|turn|29\n|\n|t:|1682023491\n|switch|p1b: Electrode|Electrode, L50, shiny|27\/100\n|move|p1a: Palafin|Jet Punch|p2b: Bronzong\n|-damage|p2b: Bronzong|49\/100 par\n|cant|p2a: Baxcalibur|slp\n|move|p2b: Bronzong|Sunny Day|p2b: Bronzong\n|-weather|SunnyDay\n|\n|-weather|SunnyDay|[upkeep]\n|-sideend|p2: Atc13|move: Tailwind\n|upkeep\n|turn|30\n|\n|t:|1682023508\n|switch|p1b: Amoonguss|Amoonguss, L50, M, shiny|40\/100\n|move|p1a: Palafin|Jet Punch|p2b: Bronzong\n|-damage|p2b: Bronzong|23\/100 par\n|cant|p2a: Baxcalibur|slp\n|move|p2b: Bronzong|Body Press|p1b: Amoonguss\n|-resisted|p1b: Amoonguss\n|-crit|p1b: Amoonguss\n|-damage|p1b: Amoonguss|27\/100\n|\n|-weather|SunnyDay|[upkeep]\n|upkeep\n|turn|31\n|\n|t:|1682023532\n|move|p1b: Amoonguss|Protect|p1b: Amoonguss\n|-singleturn|p1b: Amoonguss|Protect\n|move|p1a: Palafin|Jet Punch|p2b: Bronzong\n|-damage|p2b: Bronzong|0 fnt\n|faint|p2b: Bronzong\n|cant|p2a: Baxcalibur|slp\n|\n|-weather|SunnyDay|[upkeep]\n|upkeep\n|turn|32\n|\n|t:|1682023545\n|switch|p1b: Electrode|Electrode, L50, shiny|27\/100\n|move|p1a: Palafin|Protect|p1a: Palafin\n|-singleturn|p1a: Palafin|Protect\n|-curestatus|p2a: Baxcalibur|slp|[msg]\n|move|p2a: Baxcalibur|Ice Shard|p1b: Electrode\n|-damage|p1b: Electrode|0 fnt\n|faint|p1b: Electrode\n|\n|-weather|SunnyDay|[upkeep]\n|upkeep\n|\n|t:|1682023548\n|switch|p1b: Amoonguss|Amoonguss, L50, M, shiny|60\/100\n|turn|33\n|\n|t:|1682023561\n|switch|p1a: Del\u0456bird|Iron Bundle, L50, shiny|50\/100\n|move|p2a: Baxcalibur|Icicle Crash|p1b: Amoonguss\n|-supereffective|p1b: Amoonguss\n|-damage|p1b: Amoonguss|0 fnt\n|faint|p1b: Amoonguss\n|\n|-weather|none\n|upkeep\n|\n|t:|1682023563\n|switch|p1b: Palafin|Palafin-Hero, L50, M, shiny, tera:Water|79\/100\n|turn|34\n|\n|t:|1682023581\n|move|p2a: Baxcalibur|Ice Shard|p1a: Del\u0456bird\n|-resisted|p1a: Del\u0456bird\n|-damage|p1a: Del\u0456bird|42\/100\n|move|p1a: Del\u0456bird|Freeze-Dry|p2a: Baxcalibur\n|-damage|p2a: Baxcalibur|57\/100\n|move|p1b: Palafin|Wave Crash|p2a: Baxcalibur\n|-resisted|p2a: Baxcalibur\n|-damage|p2a: Baxcalibur|2\/100\n|-damage|p1b: Palafin|59\/100|[from] Recoil\n|\n|upkeep\n|turn|35\n|\n|t:|1682023596\n|move|p1b: Palafin|Jet Punch|p2a: Baxcalibur\n|-resisted|p2a: Baxcalibur\n|-damage|p2a: Baxcalibur|0 fnt\n|faint|p2a: Baxcalibur\n|\n|win|TNTBlowzUp\n|raw|TNTBlowzUp's rating: 1134 → 1153<\/strong> (+19 for winning)\n|raw|Atc13's rating: 1047 → 1034<\/strong> (-13 for losing)\n","uploadtime":1682023602,"views":18,"p1id":"tntblowzup","p2id":"atc13","formatid":"gen9vgc2023regulationc","rating":1034,"private":0,"password":""}