{"id":"gen9vgc2023regulationc-1850465302","p1":"cushipusi","p2":"abhinavamp","format":"[Gen 9] VGC 2023 Regulation C","log":"|j|\u2606cushipusi\n|j|\u2606abhinavamp\n|t:|1682339856\n|gametype|doubles\n|player|p1|cushipusi|170|1094\n|player|p2|abhinavamp|hilbert|1100\n|teamsize|p1|6\n|teamsize|p2|6\n|gen|9\n|tier|[Gen 9] VGC 2023 Regulation C\n|rated|\n|rule|Species Clause: Limit one of each Pok\u00e9mon\n|rule|Item Clause: Limit one of each item\n|clearpoke\n|poke|p1|Rotom-Heat, L50|\n|poke|p1|Iron Jugulis, L50|\n|poke|p1|Flutter Mane, L50|\n|poke|p1|Baxcalibur, L50, F|\n|poke|p1|Amoonguss, L50, F|\n|poke|p1|Tauros-Paldea-Aqua, L50, M|\n|poke|p2|Flutter Mane, L50|\n|poke|p2|Palafin, L50, M|\n|poke|p2|Dragonite, L50, M|\n|poke|p2|Maushold-Four, L50|\n|poke|p2|Arcanine, L50, M|\n|poke|p2|Amoonguss, L50, M|\n|teampreview|4\n|inactive|Battle timer is ON: inactive players will automatically lose when time's up. (requested by abhinavamp)\ncushipusi has agreed to open team sheets.\n|inactive|cushipusi has 60 seconds left.\n|\n|t:|1682339906\n|start\n|switch|p1a: Tauros|Tauros-Paldea-Aqua, L50, M|100\/100\n|switch|p1b: Amoonguss|Amoonguss, L50, F|100\/100\n|switch|p2a: Amoonguss|Amoonguss, L50, M|100\/100\n|switch|p2b: Arcanine|Arcanine, L50, M|100\/100\n|-ability|p2b: Arcanine|Intimidate|boost\n|-unboost|p1a: Tauros|atk|1\n|-unboost|p1b: Amoonguss|atk|1\n|-ability|p1a: Tauros|Intimidate|boost\n|-unboost|p2a: Amoonguss|atk|1\n|-unboost|p2b: Arcanine|atk|1\n|turn|1\n|\n|t:|1682339925\n|switch|p1b: Baxcalibur|Baxcalibur, L50, F|100\/100\n|move|p2b: Arcanine|Protect|p2b: Arcanine\n|-singleturn|p2b: Arcanine|Protect\n|move|p1a: Tauros|Raging Bull|p2b: Arcanine\n|-activate|p2b: Arcanine|move: Protect\n|move|p2a: Amoonguss|Spore|p1a: Tauros\n|-activate|p1a: Tauros|item: Safety Goggles|Spore\n|\n|upkeep\n|turn|2\n|\n|t:|1682339942\n|-terastallize|p2a: Amoonguss|Water\n|move|p1b: Baxcalibur|Protect|p1b: Baxcalibur\n|-singleturn|p1b: Baxcalibur|Protect\n|move|p2a: Amoonguss|Rage Powder|p2a: Amoonguss\n|-singleturn|p2a: Amoonguss|move: Rage Powder\n|move|p2b: Arcanine|Will-O-Wisp|p1a: Tauros\n|-status|p1a: Tauros|brn\n|move|p1a: Tauros|Raging Bull|p2b: Arcanine\n|-supereffective|p2b: Arcanine\n|-damage|p2b: Arcanine|61\/100\n|\n|-damage|p1a: Tauros|94\/100 brn|[from] brn\n|upkeep\n|turn|3\n|inactive|cushipusi has 30 seconds left.\n|inactive|cushipusi has 20 seconds left.\n|\n|t:|1682339980\n|switch|p2b: Palafin|Palafin, L50, M|100\/100\n|move|p1b: Baxcalibur|Ice Shard|p2b: Palafin\n|-resisted|p2b: Palafin\n|-damage|p2b: Palafin|83\/100\n|-damage|p1b: Baxcalibur|91\/100|[from] item: Life Orb\n|move|p1a: Tauros|Raging Bull|p2b: Palafin\n|-resisted|p2b: Palafin\n|-damage|p2b: Palafin|75\/100\n|move|p2a: Amoonguss|Spore|p1b: Baxcalibur\n|-status|p1b: Baxcalibur|slp|[from] move: Spore\n|\n|-damage|p1a: Tauros|88\/100 brn|[from] brn\n|upkeep\n|turn|4\n|\n|t:|1682339999\n|switch|p1b: Flutter Mane|Flutter Mane, L50|100\/100\n|switch|p1a: Amoonguss|Amoonguss, L50, F|100\/100\n|move|p2b: Palafin|Close Combat|p1b: Flutter Mane\n|-immune|p1b: Flutter Mane\n|move|p2a: Amoonguss|Pollen Puff|p2b: Palafin\n|-heal|p2b: Palafin|100\/100\n|\n|upkeep\n|turn|5\n|\n|t:|1682340013\n|move|p2b: Palafin|Protect|p2b: Palafin\n|-singleturn|p2b: Palafin|Protect\n|move|p1b: Flutter Mane|Substitute|p1b: Flutter Mane\n|-start|p1b: Flutter Mane|Substitute\n|-damage|p1b: Flutter Mane|75\/100\n|move|p1a: Amoonguss|Spore|p2b: Palafin\n|-activate|p2b: Palafin|move: Protect\n|move|p2a: Amoonguss|Spore||[still]\n|-fail|p2a: Amoonguss\n|\n|-heal|p1b: Flutter Mane|82\/100|[from] item: Leftovers\n|upkeep\n|turn|6\n|\n|t:|1682340028\n|detailschange|p2b: Palafin|Palafin-Hero, L50, M\n|switch|p2b: Arcanine|Arcanine, L50, M|61\/100\n|-ability|p2b: Arcanine|Intimidate|boost\n|-unboost|p1a: Amoonguss|atk|1\n|-immune|p1b: Flutter Mane\n|move|p2a: Amoonguss|Protect|p2a: Amoonguss\n|-singleturn|p2a: Amoonguss|Protect\n|move|p1b: Flutter Mane|Moonblast|p2a: Amoonguss\n|-activate|p2a: Amoonguss|move: Protect\n|move|p1a: Amoonguss|Spore|p2b: Arcanine\n|-activate|p2b: Arcanine|item: Safety Goggles|Spore\n|\n|-heal|p1b: Flutter Mane|88\/100|[from] item: Leftovers\n|upkeep\n|turn|7\n|\n|t:|1682340049\n|switch|p1a: Tauros|Tauros-Paldea-Aqua, L50, M|88\/100 brn\n|-ability|p1a: Tauros|Intimidate|boost\n|-unboost|p2a: Amoonguss|atk|1\n|-unboost|p2b: Arcanine|atk|1\n|move|p1b: Flutter Mane|Shadow Ball|p2b: Arcanine\n|-damage|p2b: Arcanine|8\/100\n|move|p2b: Arcanine|Flare Blitz|p1a: Tauros\n|-resisted|p1a: Tauros\n|-damage|p1a: Tauros|72\/100 brn\n|-damage|p2b: Arcanine|3\/100|[from] Recoil\n|move|p2a: Amoonguss|Pollen Puff|p2b: Arcanine\n|-heal|p2b: Arcanine|53\/100\n|\n|-heal|p1b: Flutter Mane|94\/100|[from] item: Leftovers\n|-damage|p1a: Tauros|66\/100 brn|[from] brn\n|upkeep\n|turn|8\n|inactive|abhinavamp has 30 seconds left.\n|inactive|abhinavamp has 20 seconds left.\n|\n|t:|1682340087\n|switch|p2b: Flutter Mane|Flutter Mane, L50|100\/100\n|move|p2a: Amoonguss|Rage Powder|p2a: Amoonguss\n|-singleturn|p2a: Amoonguss|move: Rage Powder\n|move|p1b: Flutter Mane|Moonblast|p2a: Amoonguss\n|-damage|p2a: Amoonguss|67\/100\n|move|p1a: Tauros|Raging Bull|p2b: Flutter Mane\n|-damage|p2b: Flutter Mane|54\/100\n|\n|-heal|p1b: Flutter Mane|100\/100|[from] item: Leftovers\n|-heal|p2a: Amoonguss|73\/100|[from] item: Leftovers\n|-damage|p1a: Tauros|60\/100 brn|[from] brn\n|upkeep\n|turn|9\n|\n|t:|1682340102\n|move|p1a: Tauros|Protect|p1a: Tauros\n|-singleturn|p1a: Tauros|Protect\n|move|p2a: Amoonguss|Rage Powder|p2a: Amoonguss\n|-singleturn|p2a: Amoonguss|move: Rage Powder\n|move|p2b: Flutter Mane|Energy Ball|p1a: Tauros\n|-activate|p1a: Tauros|move: Protect\n|move|p1b: Flutter Mane|Shadow Ball|p2a: Amoonguss\n|-damage|p2a: Amoonguss|42\/100\n|\n|-heal|p2a: Amoonguss|48\/100|[from] item: Leftovers\n|-damage|p1a: Tauros|54\/100 brn|[from] brn\n|upkeep\n|turn|10\n|inactive|cushipusi has 30 seconds left.\n|\n|t:|1682340134\n|switch|p1a: Amoonguss|Amoonguss, L50, F|100\/100\n|move|p2a: Amoonguss|Rage Powder|p2a: Amoonguss\n|-singleturn|p2a: Amoonguss|move: Rage Powder\n|move|p2b: Flutter Mane|Moonblast|p1a: Amoonguss\n|-resisted|p1a: Amoonguss\n|-damage|p1a: Amoonguss|81\/100\n|move|p1b: Flutter Mane|Shadow Ball|p2a: Amoonguss\n|-damage|p2a: Amoonguss|17\/100\n|\n|-heal|p2a: Amoonguss|23\/100|[from] item: Leftovers\n|upkeep\n|turn|11\n|\n|t:|1682340153\n|switch|p2a: Arcanine|Arcanine, L50, M|53\/100\n|-ability|p2a: Arcanine|Intimidate|boost\n|-unboost|p1a: Amoonguss|atk|1\n|-immune|p1b: Flutter Mane\n|move|p2b: Flutter Mane|Shadow Ball|p1b: Flutter Mane\n|-supereffective|p1b: Flutter Mane\n|-end|p1b: Flutter Mane|Substitute\n|move|p1b: Flutter Mane|Shadow Ball|p2b: Flutter Mane\n|-supereffective|p2b: Flutter Mane\n|-damage|p2b: Flutter Mane|0 fnt\n|faint|p2b: Flutter Mane\n|-end|p2b: Flutter Mane|Protosynthesis|[silent]\n|move|p1a: Amoonguss|Spore|p2a: Arcanine\n|-activate|p2a: Arcanine|item: Safety Goggles|Spore\n|\n|upkeep\n|\n|t:|1682340168\n|switch|p2b: Amoonguss|Amoonguss, L50, M, tera:Water|56\/100\n|turn|12\n|\n|t:|1682340179\n|move|p1b: Flutter Mane|Protect|p1b: Flutter Mane\n|-singleturn|p1b: Flutter Mane|Protect\n|move|p2b: Amoonguss|Rage Powder|p2b: Amoonguss\n|-singleturn|p2b: Amoonguss|move: Rage Powder\n|move|p2a: Arcanine|Flare Blitz|p1b: Flutter Mane\n|-activate|p1b: Flutter Mane|move: Protect\n|move|p1a: Amoonguss|Spore|p2b: Amoonguss\n|-status|p2b: Amoonguss|slp|[from] move: Spore\n|\n|-heal|p2b: Amoonguss|62\/100 slp|[from] item: Leftovers\n|upkeep\n|turn|13\n|\n|t:|1682340199\n|-end|p1b: Flutter Mane|Protosynthesis|[silent]\n|switch|p1b: Tauros|Tauros-Paldea-Aqua, L50, M|54\/100 brn\n|-ability|p1b: Tauros|Intimidate|boost\n|-unboost|p2a: Arcanine|atk|1\n|-unboost|p2b: Amoonguss|atk|1\n|cant|p2b: Amoonguss|slp\n|move|p2a: Arcanine|Flare Blitz|p1b: Tauros\n|-resisted|p1b: Tauros\n|-damage|p1b: Tauros|40\/100 brn\n|-damage|p2a: Arcanine|48\/100|[from] Recoil\n|move|p1a: Amoonguss|Pollen Puff|p1b: Tauros\n|-heal|p1b: Tauros|90\/100 brn\n|\n|-heal|p2b: Amoonguss|68\/100 slp|[from] item: Leftovers\n|-damage|p1b: Tauros|83\/100 brn|[from] brn\n|upkeep\n|turn|14\n|\n|t:|1682340223\n|switch|p1a: Baxcalibur|Baxcalibur, L50, F|91\/100 slp\n|move|p2a: Arcanine|Flare Blitz|p1a: Baxcalibur\n|-damage|p1a: Baxcalibur|58\/100 slp\n|-ability|p1a: Baxcalibur|Thermal Exchange|boost\n|-boost|p1a: Baxcalibur|atk|1\n|-damage|p2a: Arcanine|35\/100|[from] Recoil\n|move|p1b: Tauros|Raging Bull|p2a: Arcanine\n|-supereffective|p2a: Arcanine\n|-damage|p2a: Arcanine|0 fnt\n|faint|p2a: Arcanine\n|cant|p2b: Amoonguss|slp\n|\n|-heal|p2b: Amoonguss|74\/100 slp|[from] item: Leftovers\n|-damage|p1b: Tauros|77\/100 brn|[from] brn\n|upkeep\n|\n|t:|1682340237\n|switch|p2a: Palafin|Palafin-Hero, L50, M|100\/100\n|-activate|p2a: Palafin|ability: Zero to Hero\n|turn|15\n|\n|t:|1682340250\n|switch|p1a: Amoonguss|Amoonguss, L50, F|100\/100\n|cant|p2b: Amoonguss|slp\n|move|p1b: Tauros|Close Combat|p2a: Palafin\n|-damage|p2a: Palafin|77\/100\n|-unboost|p1b: Tauros|def|1\n|-unboost|p1b: Tauros|spd|1\n|move|p2a: Palafin|Close Combat|p1a: Amoonguss\n|-resisted|p1a: Amoonguss\n|-damage|p1a: Amoonguss|79\/100\n|-unboost|p2a: Palafin|def|1\n|-unboost|p2a: Palafin|spd|1\n|-damage|p2a: Palafin|61\/100|[from] item: Rocky Helmet|[of] p1a: Amoonguss\n|\n|-heal|p2b: Amoonguss|80\/100 slp|[from] item: Leftovers\n|-damage|p1b: Tauros|71\/100 brn|[from] brn\n|upkeep\n|turn|16\n|inactive|abhinavamp has 30 seconds left.\n|\n|t:|1682340279\n|-curestatus|p2b: Amoonguss|slp|[msg]\n|move|p2b: Amoonguss|Rage Powder|p2b: Amoonguss\n|-singleturn|p2b: Amoonguss|move: Rage Powder\n|move|p1b: Tauros|Close Combat|p2a: Palafin\n|-damage|p2a: Palafin|23\/100\n|-unboost|p1b: Tauros|def|1\n|-unboost|p1b: Tauros|spd|1\n|move|p2a: Palafin|Wave Crash|p1b: Tauros\n|-resisted|p1b: Tauros\n|-damage|p1b: Tauros|0 fnt\n|faint|p1b: Tauros\n|-damage|p2a: Palafin|4\/100|[from] Recoil\n|move|p1a: Amoonguss|Spore|p2a: Palafin\n|-status|p2a: Palafin|slp|[from] move: Spore\n|\n|-heal|p2b: Amoonguss|86\/100|[from] item: Leftovers\n|upkeep\n|\n|t:|1682340295\n|switch|p1b: Flutter Mane|Flutter Mane, L50|100\/100\n|turn|17\n|\n|t:|1682340310\n|cant|p2a: Palafin|slp\n|move|p1b: Flutter Mane|Substitute|p1b: Flutter Mane\n|-start|p1b: Flutter Mane|Substitute\n|-damage|p1b: Flutter Mane|75\/100\n|move|p2b: Amoonguss|Pollen Puff|p2a: Palafin\n|-heal|p2a: Palafin|54\/100 slp\n|move|p1a: Amoonguss|Pollen Puff|p2a: Palafin\n|-damage|p2a: Palafin|29\/100 slp\n|\n|-heal|p1b: Flutter Mane|82\/100|[from] item: Leftovers\n|-heal|p2b: Amoonguss|91\/100|[from] item: Leftovers\n|upkeep\n|turn|18\n|\n|t:|1682340330\n|cant|p2a: Palafin|slp\n|move|p1b: Flutter Mane|Moonblast|p2a: Palafin\n|-damage|p2a: Palafin|0 fnt\n|faint|p2a: Palafin\n|move|p1a: Amoonguss|Spore|p2b: Amoonguss\n|-status|p2b: Amoonguss|slp|[from] move: Spore\n|cant|p2b: Amoonguss|slp\n|\n|-heal|p1b: Flutter Mane|88\/100|[from] item: Leftovers\n|-heal|p2b: Amoonguss|97\/100 slp|[from] item: Leftovers\n|upkeep\n|turn|19\n|\n|t:|1682340347\n|move|p1b: Flutter Mane|Moonblast|p2b: Amoonguss\n|-crit|p2b: Amoonguss\n|-damage|p2b: Amoonguss|45\/100 slp\n|-unboost|p2b: Amoonguss|spa|1\n|move|p1a: Amoonguss|Pollen Puff|p2b: Amoonguss\n|-damage|p2b: Amoonguss|31\/100 slp\n|-curestatus|p2b: Amoonguss|slp|[msg]\n|move|p2b: Amoonguss|Pollen Puff|p1b: Flutter Mane\n|-resisted|p1b: Flutter Mane\n|-activate|p1b: Flutter Mane|move: Substitute|[damage]\n|\n|-heal|p1b: Flutter Mane|94\/100|[from] item: Leftovers\n|-heal|p2b: Amoonguss|37\/100|[from] item: Leftovers\n|upkeep\n|turn|20\n|-message|abhinavamp forfeited.\n|\n|win|cushipusi\n|raw|cushipusi's rating: 1094 → 1120<\/strong> (+26 for winning)\n|raw|abhinavamp's rating: 1100 → 1075<\/strong> (-25 for losing)\n|l|\u2606abhinavamp\n|c|\u2606cushipusi|i kinda manuvered that perfectly\n","uploadtime":1682340379,"views":22,"p1id":"cushipusi","p2id":"abhinavamp","formatid":"gen9vgc2023regulationc","rating":1075,"private":0,"password":""}