{"id":"gen9vgc2023regulationc-1862018789","p1":"McStud5","p2":"Lizardon0311","format":"[Gen 9] VGC 2023 Regulation C","log":"|j|\u2606McStud5\n|j|\u2606Lizardon0311\n|t:|1683829279\n|gametype|doubles\n|player|p1|McStud5|veteran|1106\n|player|p2|Lizardon0311|170|1180\n|teamsize|p1|6\n|teamsize|p2|6\n|gen|9\n|tier|[Gen 9] VGC 2023 Regulation C\n|rated|\n|rule|Species Clause: Limit one of each Pok\u00e9mon\n|rule|Item Clause: Limit one of each item\n|clearpoke\n|poke|p1|Salazzle, L50, F|\n|poke|p1|Toxapex, L50, M|\n|poke|p1|Garganacl, L50, M|\n|poke|p1|Wo-Chien, L50|\n|poke|p1|Appletun, L50, M|\n|poke|p1|Goodra, L50, F|\n|poke|p2|Ting-Lu, L50|\n|poke|p2|Flutter Mane, L50|\n|poke|p2|Ceruledge, L50, M|\n|poke|p2|Palafin, L50, M|\n|poke|p2|Amoonguss, L50, F|\n|poke|p2|Iron Hands, L50|\n|teampreview|4\n|inactive|Battle timer is ON: inactive players will automatically lose when time's up. (requested by Lizardon0311)\nLizardon0311 has agreed to open team sheets.\n|inactive|McStud5 has 60 seconds left.\n|inactive|Lizardon0311 has 60 seconds left.\n|\n|t:|1683829331\n|start\n|switch|p1a: Wo-Chien|Wo-Chien, L50|100\/100\n|switch|p1b: Appletun|Appletun, L50, M|100\/100\n|switch|p2a: Ting-Lu|Ting-Lu, L50|100\/100\n|switch|p2b: Palafin|Palafin, L50, M, shiny|100\/100\n|-ability|p1a: Wo-Chien|Tablets of Ruin\n|-ability|p2a: Ting-Lu|Vessel of Ruin\n|turn|1\n|inactive|Lizardon0311 has 30 seconds left.\n|inactive|Lizardon0311 has 20 seconds left.\n|\n|t:|1683829367\n|detailschange|p2b: Palafin|Palafin-Hero, L50, M, shiny\n|switch|p2b: Flutter Mane|Flutter Mane, L50, shiny|100\/100\n|move|p1a: Wo-Chien|Knock Off|p2a: Ting-Lu\n|-resisted|p2a: Ting-Lu\n|-damage|p2a: Ting-Lu|92\/100\n|-enditem|p2a: Ting-Lu|Lum Berry|[from] move: Knock Off|[of] p1a: Wo-Chien\n|move|p2a: Ting-Lu|Taunt|p1b: Appletun\n|-start|p1b: Appletun|move: Taunt\n|cant|p1b: Appletun|move: Taunt|Leech Seed\n|\n|upkeep\n|turn|2\n|inactive|Lizardon0311 has 30 seconds left.\n|\n|t:|1683829399\n|move|p2b: Flutter Mane|Moonblast|p1b: Appletun\n|-supereffective|p1b: Appletun\n|-damage|p1b: Appletun|8\/100\n|-enditem|p1b: Appletun|Aguav Berry|[eat]\n|-heal|p1b: Appletun|42\/100|[from] item: Aguav Berry\n|move|p1a: Wo-Chien|Knock Off|p2b: Flutter Mane\n|-damage|p2b: Flutter Mane|58\/100\n|-enditem|p2b: Flutter Mane|Choice Specs|[from] move: Knock Off|[of] p1a: Wo-Chien\n|move|p2a: Ting-Lu|Ruination|p1a: Wo-Chien\n|-damage|p1a: Wo-Chien|50\/100\n|move|p1b: Appletun|Apple Acid|p2b: Flutter Mane\n|-damage|p2b: Flutter Mane|39\/100\n|-unboost|p2b: Flutter Mane|spd|1\n|\n|-heal|p1a: Wo-Chien|57\/100|[from] item: Leftovers\n|upkeep\n|turn|3\n|inactive|McStud5 has 30 seconds left.\n|inactive|Lizardon0311 has 30 seconds left.\n|inactive|McStud5 has 20 seconds left.\n|\n|t:|1683829435\n|move|p2b: Flutter Mane|Moonblast|p1b: Appletun\n|-supereffective|p1b: Appletun\n|-damage|p1b: Appletun|0 fnt\n|faint|p1b: Appletun\n|move|p1a: Wo-Chien|Pollen Puff|p2b: Flutter Mane\n|-resisted|p2b: Flutter Mane\n|-damage|p2b: Flutter Mane|33\/100\n|move|p2a: Ting-Lu|Ruination|p1a: Wo-Chien\n|-damage|p1a: Wo-Chien|29\/100\n|\n|-heal|p1a: Wo-Chien|35\/100|[from] item: Leftovers\n|upkeep\n|\n|t:|1683829448\n|switch|p1b: Goodra|Goodra, L50, F|100\/100\n|turn|4\n|inactive|Lizardon0311 has 30 seconds left.\n|\n|t:|1683829476\n|-terastallize|p1b: Goodra|Fire\n|move|p2b: Flutter Mane|Moonblast|p1a: Wo-Chien\n|-supereffective|p1a: Wo-Chien\n|-damage|p1a: Wo-Chien|0 fnt\n|faint|p1a: Wo-Chien\n|move|p1b: Goodra|Chilling Water|p2b: Flutter Mane\n|-damage|p2b: Flutter Mane|19\/100\n|-unboost|p2b: Flutter Mane|atk|1\n|move|p2a: Ting-Lu|Ruination|p1b: Goodra\n|-damage|p1b: Goodra|51\/100\n|\n|upkeep\n|\n|t:|1683829487\n|switch|p1a: Garganacl|Garganacl, L50, M|100\/100\n|turn|5\n|\n|t:|1683829507\n|move|p2b: Flutter Mane|Moonblast|p1a: Garganacl\n|-damage|p1a: Garganacl|79\/100\n|move|p1b: Goodra|Acid Armor|p1b: Goodra\n|-boost|p1b: Goodra|def|2\n|move|p2a: Ting-Lu|Stomping Tantrum|p1b: Goodra\n|-supereffective|p1b: Goodra\n|-damage|p1b: Goodra|13\/100\n|-enditem|p1b: Goodra|Wiki Berry|[eat]\n|-heal|p1b: Goodra|46\/100|[from] item: Wiki Berry\n|move|p1a: Garganacl|Salt Cure|p2b: Flutter Mane\n|-damage|p2b: Flutter Mane|0 fnt\n|faint|p2b: Flutter Mane\n|-end|p2b: Flutter Mane|Protosynthesis|[silent]\n|\n|upkeep\n|\n|t:|1683829519\n|switch|p2b: Palafin|Palafin-Hero, L50, M, shiny|100\/100\n|-activate|p2b: Palafin|ability: Zero to Hero\n|turn|6\n|\n|t:|1683829535\n|-terastallize|p2b: Palafin|Water\n|move|p1a: Garganacl|Protect|p1a: Garganacl\n|-singleturn|p1a: Garganacl|Protect\n|move|p2b: Palafin|Wave Crash|p1a: Garganacl\n|-activate|p1a: Garganacl|move: Protect\n|move|p1b: Goodra|Life Dew|p1b: Goodra|[spread] p1a,p1b\n|-heal|p1a: Garganacl|100\/100\n|-heal|p1b: Goodra|71\/100\n|move|p2a: Ting-Lu|Taunt|p1b: Goodra\n|-start|p1b: Goodra|move: Taunt\n|\n|upkeep\n|turn|7\n|\n|t:|1683829554\n|move|p2b: Palafin|Wave Crash|p1a: Garganacl\n|-supereffective|p1a: Garganacl\n|-damage|p1a: Garganacl|0 fnt\n|faint|p1a: Garganacl\n|-damage|p2b: Palafin|67\/100|[from] Recoil\n|move|p1b: Goodra|Chilling Water|p2b: Palafin\n|-resisted|p2b: Palafin\n|-damage|p2b: Palafin|62\/100\n|-unboost|p2b: Palafin|atk|1\n|move|p2a: Ting-Lu|Ruination|p1b: Goodra\n|-damage|p1b: Goodra|36\/100\n|\n|upkeep\n|turn|8\n|\n|t:|1683829571\n|switch|p2a: Iron Hands|Iron Hands, L50, shiny|100\/100\n|move|p2b: Palafin|Wave Crash|p1b: Goodra\n|-supereffective|p1b: Goodra\n|-damage|p1b: Goodra|0 fnt\n|faint|p1b: Goodra\n|-damage|p2b: Palafin|50\/100|[from] Recoil\n|\n|win|Lizardon0311\n|raw|McStud5's rating: 1106 → 1086<\/strong> (-20 for losing)\n|raw|Lizardon0311's rating: 1180 → 1200<\/strong> (+20 for winning)\n|l|\u2606McStud5\n","uploadtime":1683829583,"views":13,"p1id":"mcstud5","p2id":"lizardon0311","formatid":"gen9vgc2023regulationc","rating":1086,"private":0,"password":""}