{"id":"gen9vgc2023regulationc-1862384419","p1":"Vitalis24","p2":"toocynical1","format":"[Gen 9] VGC 2023 Regulation C","log":"|j|\u2606Vitalis24\n|j|\u2606toocynical1\n|t:|1683877059\n|gametype|doubles\n|player|p1|Vitalis24|ethan|1473\n|player|p2|toocynical1|170|1495\n|teamsize|p1|6\n|teamsize|p2|6\n|gen|9\n|tier|[Gen 9] VGC 2023 Regulation C\n|rated|\n|rule|Species Clause: Limit one of each Pok\u00e9mon\n|rule|Item Clause: Limit one of each item\n|clearpoke\n|poke|p1|Indeedee-F, L50, F|\n|poke|p1|Flutter Mane, L50|\n|poke|p1|Ting-Lu, L50|\n|poke|p1|Iron Hands, L50|\n|poke|p1|Iron Bundle, L50|\n|poke|p1|Chi-Yu, L50|\n|poke|p2|Maushold, L50|\n|poke|p2|Annihilape, L50, M|\n|poke|p2|Gholdengo, L50|\n|poke|p2|Arcanine, L50, M|\n|poke|p2|Roaring Moon, L50|\n|poke|p2|Iron Bundle, L50|\n|teampreview|4\n|\n|t:|1683877156\n|start\n|switch|p1a: Flutter Mane|Flutter Mane, L50|100\/100\n|switch|p1b: Indeedee|Indeedee-F, L50, F|100\/100\n|switch|p2a: Maushold|Maushold, L50|100\/100\n|switch|p2b: Annihilape|Annihilape, L50, M, shiny|100\/100\n|-fieldstart|move: Psychic Terrain|[from] ability: Psychic Surge|[of] p1b: Indeedee\n|-enditem|p1b: Indeedee|Psychic Seed\n|-boost|p1b: Indeedee|spd|1|[from] item: Psychic Seed\n|turn|1\n|\n|t:|1683877195\n|move|p2a: Maushold|Protect|p2a: Maushold\n|-singleturn|p2a: Maushold|Protect\n|move|p1b: Indeedee|Follow Me|p1b: Indeedee\n|-singleturn|p1b: Indeedee|move: Follow Me\n|move|p1a: Flutter Mane|Dazzling Gleam|p2b: Annihilape|[spread] p2b\n|-activate|p2a: Maushold|move: Protect\n|-supereffective|p2b: Annihilape\n|-damage|p2b: Annihilape|44\/100\n|move|p2b: Annihilape|Drain Punch|p1b: Indeedee\n|-damage|p1b: Indeedee|68\/100\n|-heal|p2b: Annihilape|59\/100|[from] drain|[of] p1b: Indeedee\n|\n|upkeep\n|turn|2\n|\n|t:|1683877221\n|move|p2b: Annihilape|Protect|p2b: Annihilape\n|-singleturn|p2b: Annihilape|Protect\n|move|p1a: Flutter Mane|Dazzling Gleam|p2b: Annihilape|[spread] p2a\n|-activate|p2b: Annihilape|move: Protect\n|-damage|p2a: Maushold|57\/100\n|move|p2a: Maushold|Super Fang|p1b: Indeedee\n|-damage|p1b: Indeedee|34\/100\n|move|p1b: Indeedee|Psychic|p2b: Annihilape\n|-activate|p2b: Annihilape|move: Protect\n|\n|upkeep\n|turn|3\n|\n|t:|1683877253\n|switch|p1b: Chi-Yu|Chi-Yu, L50|100\/100\n|-ability|p1b: Chi-Yu|Beads of Ruin\n|-terastallize|p2b: Annihilape|Water\n|move|p2a: Maushold|Protect|p2a: Maushold\n|-singleturn|p2a: Maushold|Protect\n|move|p1a: Flutter Mane|Dazzling Gleam|p2b: Annihilape|[spread] p2b\n|-activate|p2a: Maushold|move: Protect\n|-damage|p2b: Annihilape|24\/100\n|move|p2b: Annihilape|Drain Punch|p1b: Chi-Yu\n|-supereffective|p1b: Chi-Yu\n|-enditem|p1b: Chi-Yu|Focus Sash\n|-damage|p1b: Chi-Yu|1\/100\n|-heal|p2b: Annihilape|56\/100|[from] drain|[of] p1b: Chi-Yu\n|\n|upkeep\n|turn|4\n|\n|t:|1683877277\n|move|p1b: Chi-Yu|Protect|p1b: Chi-Yu\n|-singleturn|p1b: Chi-Yu|Protect\n|move|p2b: Annihilape|Protect|p2b: Annihilape\n|-singleturn|p2b: Annihilape|Protect\n|move|p1a: Flutter Mane|Dazzling Gleam|p2a: Maushold|[spread] p2a\n|-activate|p2b: Annihilape|move: Protect\n|-damage|p2a: Maushold|2\/100\n|move|p2a: Maushold|Beat Up|p1b: Chi-Yu\n|-activate|p1b: Chi-Yu|move: Protect\n|\n|upkeep\n|turn|5\n|\n|t:|1683877331\n|-terastallize|p1a: Flutter Mane|Fairy\n|move|p2a: Maushold|Protect|p2a: Maushold\n|-singleturn|p2a: Maushold|Protect\n|move|p1a: Flutter Mane|Dazzling Gleam|p2a: Maushold|[spread] p2b\n|-activate|p2a: Maushold|move: Protect\n|-damage|p2b: Annihilape|5\/100\n|move|p1b: Chi-Yu|Dark Pulse|p2b: Annihilape\n|-damage|p2b: Annihilape|0 fnt\n|faint|p2b: Annihilape\n|\n|-fieldend|move: Psychic Terrain\n|upkeep\n|\n|t:|1683877351\n|switch|p2b: Iron Bundle|Iron Bundle, L50|100\/100\n|turn|6\n|\n|t:|1683877366\n|move|p1b: Chi-Yu|Protect|p1b: Chi-Yu\n|-singleturn|p1b: Chi-Yu|Protect\n|move|p2a: Maushold|Follow Me|p2a: Maushold\n|-singleturn|p2a: Maushold|move: Follow Me\n|move|p1a: Flutter Mane|Dazzling Gleam|p2b: Iron Bundle|[spread] p2a,p2b\n|-damage|p2a: Maushold|0 fnt\n|-damage|p2b: Iron Bundle|0 fnt\n|faint|p2a: Maushold\n|faint|p2b: Iron Bundle\n|-end|p2b: Iron Bundle|Quark Drive|[silent]\n|\n|upkeep\n|-message|toocynical1 forfeited.\n|\n|win|Vitalis24\n|raw|Vitalis24's rating: 1473 → 1494<\/strong> (+21 for winning)\n|raw|toocynical1's rating: 1495 → 1474<\/strong> (-21 for losing)\n|l|\u2606toocynical1\n","uploadtime":1683877380,"views":9,"p1id":"vitalis24","p2id":"toocynical1","formatid":"gen9vgc2023regulationc","rating":1474,"private":0,"password":""}