{"id":"gen9vgc2023regulationc-1848692069","p1":"dralfredpennyworth","p2":"IceKnight12","format":"[Gen 9] VGC 2023 Regulation C","log":"|j|\u2606dralfredpennyworth\n|j|\u2606IceKnight12\n|t:|1682101278\n|gametype|doubles\n|player|p1|dralfredpennyworth|lucas|1110\n|player|p2|IceKnight12|juggler|1178\n|teamsize|p1|6\n|teamsize|p2|6\n|gen|9\n|tier|[Gen 9] VGC 2023 Regulation C\n|rated|\n|rule|Species Clause: Limit one of each Pok\u00e9mon\n|rule|Item Clause: Limit one of each item\n|clearpoke\n|poke|p1|Lumineon, L50, M|\n|poke|p1|Toxtricity-Low-Key, L50, M|\n|poke|p1|Weavile, L50, F|\n|poke|p1|Hariyama, L50, M|\n|poke|p1|Dragapult, L50, F|\n|poke|p1|Camerupt, L50, M|\n|poke|p2|Ceruledge, L50, M|\n|poke|p2|Espathra, L50, M|\n|poke|p2|Sandy Shocks, L50|\n|poke|p2|Gyarados, L50, M|\n|poke|p2|Tinkaton, L50, F|\n|poke|p2|Flutter Mane, L50|\n|teampreview|4\n|inactive|Battle timer is ON: inactive players will automatically lose when time's up. (requested by IceKnight12)\nIceKnight12 has agreed to open team sheets.\n|inactive|dralfredpennyworth has 60 seconds left.\n|\n|t:|1682101323\n|start\n|switch|p1a: Dragapult|Dragapult, L50, F, shiny|100\/100\n|switch|p1b: Weavile|Weavile, L50, F, shiny|100\/100\n|switch|p2a: Flutter Mane|Flutter Mane, L50, shiny|100\/100\n|switch|p2b: Espathra|Espathra, L50, M, shiny|100\/100\n|-ability|p1b: Weavile|Pressure\n|turn|1\n|\n|t:|1682101344\n|move|p1a: Dragapult|Phantom Force||[still]\n|-prepare|p1a: Dragapult|Phantom Force\n|move|p1b: Weavile|Ice Spinner|p2a: Flutter Mane\n|-damage|p2a: Flutter Mane|51\/100\n|move|p2a: Flutter Mane|Moonblast|p1a: Dragapult|[miss]\n|-miss|p2a: Flutter Mane|p1a: Dragapult\n|move|p2b: Espathra|Low Kick|p1b: Weavile\n|-supereffective|p1b: Weavile\n|-damage|p1b: Weavile|31\/100\n|\n|-heal|p2a: Flutter Mane|57\/100|[from] item: Leftovers\n|-ability|p2b: Espathra|Speed Boost|boost\n|-boost|p2b: Espathra|spe|1\n|upkeep\n|turn|2\n|\n|t:|1682101362\n|move|p2b: Espathra|Protect|p2b: Espathra\n|-singleturn|p2b: Espathra|Protect\n|move|p2a: Flutter Mane|Protect|p2a: Flutter Mane\n|-singleturn|p2a: Flutter Mane|Protect\n|move|p1b: Weavile|Assurance|p2b: Espathra\n|-activate|p2b: Espathra|move: Protect\n|move|p1a: Dragapult|Phantom Force|p2b: Espathra|[from]lockedmove\n|-activate|p2b: Espathra|move: Phantom Force|[broken]\n|-supereffective|p2b: Espathra\n|-enditem|p2b: Espathra|Focus Sash\n|-damage|p2b: Espathra|1\/100\n|\n|-heal|p2a: Flutter Mane|64\/100|[from] item: Leftovers\n|-ability|p2b: Espathra|Speed Boost|boost\n|-boost|p2b: Espathra|spe|1\n|upkeep\n|turn|3\n|inactive|dralfredpennyworth has 30 seconds left.\n|\n|t:|1682101387\n|move|p2b: Espathra|Protect|p2b: Espathra\n|-singleturn|p2b: Espathra|Protect\n|move|p1a: Dragapult|Phantom Force||[still]\n|-prepare|p1a: Dragapult|Phantom Force\n|move|p1b: Weavile|Assurance|p2b: Espathra\n|-activate|p2b: Espathra|move: Protect\n|move|p2a: Flutter Mane|Moonblast|p1a: Dragapult|[miss]\n|-miss|p2a: Flutter Mane|p1a: Dragapult\n|\n|-heal|p2a: Flutter Mane|70\/100|[from] item: Leftovers\n|-ability|p2b: Espathra|Speed Boost|boost\n|-boost|p2b: Espathra|spe|1\n|upkeep\n|turn|4\n|inactive|IceKnight12 has 30 seconds left.\n|\n|t:|1682101414\n|move|p2b: Espathra|Protect||[still]\n|-fail|p2b: Espathra\n|move|p1a: Dragapult|Phantom Force|p2a: Flutter Mane|[from]lockedmove\n|-supereffective|p2a: Flutter Mane\n|-damage|p2a: Flutter Mane|0 fnt\n|faint|p2a: Flutter Mane\n|-end|p2a: Flutter Mane|Protosynthesis|[silent]\n|move|p1b: Weavile|Assurance|p2b: Espathra\n|-supereffective|p2b: Espathra\n|-damage|p2b: Espathra|0 fnt\n|faint|p2b: Espathra\n|\n|upkeep\n|\n|t:|1682101421\n|switch|p2a: Ceruledge|Ceruledge, L50, M, shiny|100\/100\n|switch|p2b: Tinkaton|Tinkaton, L50, F, shiny|100\/100\n|-ability|p2b: Tinkaton|Mold Breaker\n|turn|5\n|\n|t:|1682101431\n|move|p2b: Tinkaton|Fake Out|p1b: Weavile\n|-damage|p1b: Weavile|18\/100\n|move|p2a: Ceruledge|Shadow Sneak|p1a: Dragapult\n|-supereffective|p1a: Dragapult\n|-damage|p1a: Dragapult|53\/100\n|cant|p1b: Weavile|flinch\n|move|p1a: Dragapult|Phantom Force||[still]\n|-prepare|p1a: Dragapult|Phantom Force\n|\n|upkeep\n|turn|6\n|\n|t:|1682101455\n|-terastallize|p2a: Ceruledge|Grass\n|move|p1b: Weavile|Brick Break|p2b: Tinkaton\n|-damage|p2b: Tinkaton|80\/100\n|move|p1a: Dragapult|Phantom Force|p2a: Ceruledge|[from]lockedmove\n|-damage|p2a: Ceruledge|54\/100\n|move|p2b: Tinkaton|Thunder Wave|p1a: Dragapult\n|-status|p1a: Dragapult|par\n|move|p2a: Ceruledge|Bitter Blade|p1b: Weavile\n|-supereffective|p1b: Weavile\n|-damage|p1b: Weavile|0 fnt\n|-heal|p2a: Ceruledge|62\/100|[from] drain|[of] p1b: Weavile\n|faint|p1b: Weavile\n|\n|upkeep\n|\n|t:|1682101462\n|switch|p1b: Camerupt|Camerupt, L50, M|100\/100\n|turn|7\n|\n|t:|1682101484\n|-terastallize|p1a: Dragapult|Fairy\n|move|p2b: Tinkaton|Gigaton Hammer|p1a: Dragapult\n|-supereffective|p1a: Dragapult\n|-damage|p1a: Dragapult|0 fnt\n|faint|p1a: Dragapult\n|move|p2a: Ceruledge|Close Combat|p1b: Camerupt\n|-damage|p1b: Camerupt|52\/100\n|-unboost|p2a: Ceruledge|def|1\n|-unboost|p2a: Ceruledge|spd|1\n|move|p1b: Camerupt|Flamethrower|p2b: Tinkaton\n|-supereffective|p2b: Tinkaton\n|-damage|p2b: Tinkaton|10\/100\n|-enditem|p2b: Tinkaton|Sitrus Berry|[eat]\n|-heal|p2b: Tinkaton|35\/100|[from] item: Sitrus Berry\n|\n|upkeep\n|\n|t:|1682101497\n|switch|p1a: Toxtricity|Toxtricity-Low-Key, L50, M, shiny|100\/100\n|turn|8\n|\n|t:|1682101513\n|move|p2b: Tinkaton|Feint|p1a: Toxtricity\n|-damage|p1a: Toxtricity|93\/100\n|move|p2a: Ceruledge|Close Combat|p1b: Camerupt\n|-damage|p1b: Camerupt|6\/100\n|-unboost|p2a: Ceruledge|def|1\n|-unboost|p2a: Ceruledge|spd|1\n|move|p1a: Toxtricity|Sludge Bomb|p2a: Ceruledge\n|-supereffective|p2a: Ceruledge\n|-damage|p2a: Ceruledge|0 fnt\n|faint|p2a: Ceruledge\n|move|p1b: Camerupt|Flamethrower|p2b: Tinkaton\n|-supereffective|p2b: Tinkaton\n|-damage|p2b: Tinkaton|0 fnt\n|faint|p2b: Tinkaton\n|\n|win|dralfredpennyworth\n|raw|dralfredpennyworth's rating: 1110 → 1140<\/strong> (+30 for winning)\n|raw|IceKnight12's rating: 1178 → 1148<\/strong> (-30 for losing)\n|l|\u2606IceKnight12\n","uploadtime":1682101534,"views":15,"p1id":"dralfredpennyworth","p2id":"iceknight12","formatid":"gen9vgc2023regulationc","rating":1140,"private":0,"password":""}