{"id":"gen9vgc2023regulationc-1853072855","p1":"Perkois","p2":"Kim Wexler Gaming","format":"[Gen 9] VGC 2023 Regulation C","log":"|j|\u2606Perkois\n|j|\u2606Kim Wexler Gaming\n|t:|1682631931\n|gametype|doubles\n|player|p1|Perkois|byron|1228\n|player|p2|Kim Wexler Gaming|penny|1202\n|teamsize|p1|6\n|teamsize|p2|6\n|gen|9\n|tier|[Gen 9] VGC 2023 Regulation C\n|rated|\n|rule|Species Clause: Limit one of each Pok\u00e9mon\n|rule|Item Clause: Limit one of each item\n|clearpoke\n|poke|p1|Ting-Lu, L50|\n|poke|p1|Palafin, L50, M|\n|poke|p1|Flutter Mane, L50|\n|poke|p1|Arcanine, L50, M|\n|poke|p1|Amoonguss, L50, F|\n|poke|p1|Baxcalibur, L50, F|\n|poke|p2|Iron Jugulis, L50|\n|poke|p2|Garchomp, L50, F|\n|poke|p2|Chien-Pao, L50|\n|poke|p2|Kilowattrel, L50, F|\n|poke|p2|Mismagius, L50, F|\n|poke|p2|Flutter Mane, L50|\n|teampreview|4\n|inactive|Battle timer is ON: inactive players will automatically lose when time's up. (requested by Kim Wexler Gaming)\n|c|\u2606Kim Wexler Gaming|Good luck, have fun.\nKim Wexler Gaming rejected open team sheets.\n|inactive|Perkois has 60 seconds left.\n|\n|t:|1682631979\n|start\n|switch|p1a: Ting-Lu|Ting-Lu, L50|100\/100\n|switch|p1b: Baxcalibur|Baxcalibur, L50, F|100\/100\n|switch|p2a: Dommy Mommy|Garchomp, L50, F, shiny|100\/100\n|switch|p2b: Whaaaaaat.|Iron Jugulis, L50|100\/100\n|-ability|p1a: Ting-Lu|Vessel of Ruin\n|-enditem|p2b: Whaaaaaat.|Booster Energy\n|-activate|p2b: Whaaaaaat.|ability: Quark Drive|[fromitem]\n|-start|p2b: Whaaaaaat.|quarkdrivespe\n|turn|1\n|inactive|Perkois has 30 seconds left.\n|inactive|Perkois has 20 seconds left.\n|inactive|Perkois has 15 seconds left.\n|inactive|Perkois has 10 seconds left.\n|inactive|Perkois has 5 seconds left.\n|\n|t:|1682632030\n|move|p2a: Dommy Mommy|Protect|p2a: Dommy Mommy\n|-singleturn|p2a: Dommy Mommy|Protect\n|move|p2b: Whaaaaaat.|Tailwind|p2b: Whaaaaaat.\n|-sidestart|p2: Kim Wexler Gaming|move: Tailwind\n|move|p1b: Baxcalibur|Glaive Rush|p2b: Whaaaaaat.\n|-damage|p2b: Whaaaaaat.|34\/100\n|-singlemove|p1b: Baxcalibur|Glaive Rush|[silent]\n|move|p1a: Ting-Lu|Ruination|p2b: Whaaaaaat.\n|-damage|p2b: Whaaaaaat.|18\/100\n|\n|upkeep\n|turn|2\n|\n|t:|1682632049\n|-terastallize|p2a: Dommy Mommy|Fire\n|move|p1b: Baxcalibur|Protect|p1b: Baxcalibur\n|-singleturn|p1b: Baxcalibur|Protect\n|move|p2b: Whaaaaaat.|Air Slash|p1a: Ting-Lu\n|-damage|p1a: Ting-Lu|90\/100\n|move|p2a: Dommy Mommy|Earthquake|p1a: Ting-Lu|[spread] p1a\n|-activate|p1b: Baxcalibur|move: Protect\n|-immune|p2b: Whaaaaaat.\n|-damage|p1a: Ting-Lu|73\/100\n|move|p1a: Ting-Lu|Rock Slide|p2a: Dommy Mommy|[spread] p2a,p2b\n|-supereffective|p2a: Dommy Mommy\n|-crit|p2a: Dommy Mommy\n|-supereffective|p2b: Whaaaaaat.\n|-damage|p2a: Dommy Mommy|62\/100\n|-damage|p2b: Whaaaaaat.|0 fnt\n|faint|p2b: Whaaaaaat.\n|-end|p2b: Whaaaaaat.|Quark Drive|[silent]\n|\n|upkeep\n|\n|t:|1682632057\n|switch|p2b: Tara|Chien-Pao, L50|100\/100\n|-ability|p2b: Tara|Sword of Ruin\n|-item|p2b: Tara|Air Balloon\n|turn|3\n|inactive|Perkois has 30 seconds left.\n|inactive|Perkois has 20 seconds left.\n|inactive|Perkois has 15 seconds left.\n|inactive|Perkois has 10 seconds left.\n|\n|t:|1682632108\n|move|p2b: Tara|Icicle Crash|p1a: Ting-Lu\n|-supereffective|p1a: Ting-Lu\n|-damage|p1a: Ting-Lu|21\/100\n|move|p2a: Dommy Mommy|Dragon Claw|p1b: Baxcalibur\n|-supereffective|p1b: Baxcalibur\n|-damage|p1b: Baxcalibur|2\/100\n|move|p1b: Baxcalibur|Dragon Dance|p1b: Baxcalibur\n|-boost|p1b: Baxcalibur|atk|1\n|-boost|p1b: Baxcalibur|spe|1\n|move|p1a: Ting-Lu|Rock Slide|p2b: Tara|[spread] p2a,p2b\n|-supereffective|p2a: Dommy Mommy\n|-supereffective|p2b: Tara\n|-damage|p2a: Dommy Mommy|24\/100\n|-damage|p2b: Tara|60\/100\n|-enditem|p2b: Tara|Air Balloon\n|\n|upkeep\n|turn|4\n|\n|t:|1682632129\n|move|p1b: Baxcalibur|Protect|p1b: Baxcalibur\n|-singleturn|p1b: Baxcalibur|Protect\n|move|p2b: Tara|Ice Shard|p1b: Baxcalibur\n|-activate|p1b: Baxcalibur|move: Protect\n|move|p2a: Dommy Mommy|Dragon Claw|p1a: Ting-Lu\n|-damage|p1a: Ting-Lu|0 fnt\n|faint|p1a: Ting-Lu\n|\n|-sideend|p2: Kim Wexler Gaming|move: Tailwind\n|upkeep\n|\n|t:|1682632143\n|switch|p1a: Arcanine|Arcanine, L50, M|100\/100\n|-ability|p1a: Arcanine|Intimidate|boost\n|-fail|p2a: Dommy Mommy|unboost|[from] item: Clear Amulet|[of] p2a: Dommy Mommy\n|-unboost|p2b: Tara|atk|1\n|turn|5\n|inactive|Perkois has 30 seconds left.\n|\n|t:|1682632174\n|switch|p1b: Amoonguss|Amoonguss, L50, F|100\/100\n|-terastallize|p1a: Arcanine|Grass\n|move|p2b: Tara|Ice Shard|p1b: Amoonguss\n|-supereffective|p1b: Amoonguss\n|-damage|p1b: Amoonguss|71\/100\n|move|p2a: Dommy Mommy|Earthquake|p1a: Arcanine|[spread] p2b,p1a,p1b\n|-resisted|p1a: Arcanine\n|-damage|p2b: Tara|10\/100\n|-damage|p1a: Arcanine|73\/100\n|-damage|p1b: Amoonguss|25\/100\n|-enditem|p1b: Amoonguss|Sitrus Berry|[eat]\n|-heal|p1b: Amoonguss|50\/100|[from] item: Sitrus Berry\n|move|p1a: Arcanine|Flare Blitz|p2a: Dommy Mommy\n|-resisted|p2a: Dommy Mommy\n|-damage|p2a: Dommy Mommy|0 fnt\n|-damage|p1a: Arcanine|61\/100|[from] ability: Rough Skin|[of] p2a: Dommy Mommy\n|faint|p2a: Dommy Mommy\n|-damage|p1a: Arcanine|52\/100|[from] Recoil\n|\n|upkeep\n|\n|t:|1682632181\n|switch|p2a: Shadow Wizard|Flutter Mane, L50|100\/100\n|turn|6\n|\n|t:|1682632204\n|move|p1b: Amoonguss|Protect|p1b: Amoonguss\n|-singleturn|p1b: Amoonguss|Protect\n|move|p2a: Shadow Wizard|Shadow Ball|p1b: Amoonguss\n|-activate|p1b: Amoonguss|move: Protect\n|move|p2b: Tara|Icicle Crash|p1a: Arcanine\n|-supereffective|p1a: Arcanine\n|-damage|p1a: Arcanine|0 fnt\n|faint|p1a: Arcanine\n|\n|upkeep\n|\n|t:|1682632217\n|switch|p1a: Baxcalibur|Baxcalibur, L50, F|2\/100\n|turn|7\n|inactive|Perkois has 30 seconds left.\n|\n|t:|1682632244\n|move|p1b: Amoonguss|Rage Powder|p1b: Amoonguss\n|-singleturn|p1b: Amoonguss|move: Rage Powder\n|move|p2b: Tara|Ice Shard|p1b: Amoonguss\n|-supereffective|p1b: Amoonguss\n|-damage|p1b: Amoonguss|20\/100\n|move|p2a: Shadow Wizard|Dazzling Gleam|p1b: Amoonguss|[spread] p1a,p1b\n|-supereffective|p1a: Baxcalibur\n|-resisted|p1b: Amoonguss\n|-damage|p1a: Baxcalibur|0 fnt\n|-damage|p1b: Amoonguss|5\/100\n|faint|p1a: Baxcalibur\n|\n|upkeep\n|turn|8\n|c|\u2606Kim Wexler Gaming|G.g.w.p.\n|-message|Perkois forfeited.\n|\n|win|Kim Wexler Gaming\n|raw|Perkois's rating: 1228 → 1201<\/strong> (-27 for losing)\n|raw|Kim Wexler Gaming's rating: 1202 → 1229<\/strong> (+27 for winning)\n|l|\u2606Perkois\n","uploadtime":1682632264,"views":12,"p1id":"perkois","p2id":"kimwexlergaming","formatid":"gen9vgc2023regulationc","rating":1201,"private":0,"password":""}