{"id":"gen9vgc2023regulationc-1857206223","p1":"Eden_Riegan","p2":"Amongus6789","format":"[Gen 9] VGC 2023 Regulation C","log":"|j|\u2606Eden_Riegan\n|j|\u2606Amongus6789\n|t:|1683157902\n|gametype|doubles\n|player|p1|Eden_Riegan|morty|1048\n|player|p2|Amongus6789|ingo|1125\n|teamsize|p1|6\n|teamsize|p2|6\n|gen|9\n|tier|[Gen 9] VGC 2023 Regulation C\n|rated|\n|rule|Species Clause: Limit one of each Pok\u00e9mon\n|rule|Item Clause: Limit one of each item\n|clearpoke\n|poke|p1|Tyranitar, L50, F|\n|poke|p1|Annihilape, L50, M|\n|poke|p1|Garchomp, L50, M|\n|poke|p1|Talonflame, L50, M|\n|poke|p1|Gholdengo, L50|\n|poke|p1|Houndstone, L50, F|\n|poke|p2|Ampharos, L50, F|\n|poke|p2|Luxray, L50, M|\n|poke|p2|Scizor, L50, F|\n|poke|p2|Eelektross, L50, M|\n|poke|p2|Electrode, L50|\n|poke|p2|Iron Thorns, L50|\n|teampreview|4\n|inactive|Battle timer is ON: inactive players will automatically lose when time's up. (requested by Amongus6789)\n|inactive|Eden_Riegan has 60 seconds left.\n|\n|t:|1683157943\n|start\n|switch|p1a: Tyranitar|Tyranitar, L50, F|100\/100\n|switch|p1b: Talonflame|Talonflame, L50, M|100\/100\n|switch|p2a: Shep|Ampharos, L50, F|100\/100\n|switch|p2b: Spherical|Electrode, L50|100\/100\n|-weather|Sandstorm|[from] ability: Sand Stream|[of] p1a: Tyranitar\n|turn|1\n|c|\u2606Amongus6789|glhf\n|c|\u2606Eden_Riegan|glhf u2\n|\n|t:|1683157967\n|move|p1b: Talonflame|Tailwind|p1b: Talonflame\n|-sidestart|p1: Eden_Riegan|move: Tailwind\n|move|p2b: Spherical|Thunderbolt|p1b: Talonflame\n|-supereffective|p1b: Talonflame\n|-damage|p1b: Talonflame|0 fnt\n|faint|p1b: Talonflame\n|move|p1a: Tyranitar|Rock Slide|p2b: Spherical|[spread] p2a,p2b\n|-damage|p2a: Shep|70\/100\n|-damage|p2b: Spherical|43\/100\n|move|p2a: Shep|Electroweb|p1a: Tyranitar|[miss]\n|-miss|p2a: Shep|p1a: Tyranitar\n|\n|-weather|Sandstorm|[upkeep]\n|-damage|p2b: Spherical|37\/100|[from] Sandstorm\n|-damage|p2a: Shep|64\/100|[from] Sandstorm\n|-heal|p2a: Shep|70\/100|[from] item: Leftovers\n|upkeep\n|inactive|Eden_Riegan has 30 seconds left.\n|\n|t:|1683157992\n|switch|p1b: Garchomp|Garchomp, L50, M|100\/100\n|turn|2\n|inactive|Eden_Riegan has 30 seconds left.\n|\n|t:|1683158023\n|-terastallize|p2a: Shep|Fairy\n|move|p1b: Garchomp|Dragon Claw|p2b: Spherical\n|-damage|p2b: Spherical|0 fnt\n|faint|p2b: Spherical\n|-damage|p1b: Garchomp|91\/100|[from] item: Life Orb\n|move|p1a: Tyranitar|Rock Slide|p2a: Shep\n|-damage|p2a: Shep|31\/100\n|move|p2a: Shep|Dazzling Gleam|p1b: Garchomp|[spread] p1a,p1b\n|-supereffective|p1a: Tyranitar\n|-supereffective|p1b: Garchomp\n|-damage|p1a: Tyranitar|87\/100\n|-damage|p1b: Garchomp|40\/100\n|\n|-weather|Sandstorm|[upkeep]\n|-damage|p2a: Shep|25\/100|[from] Sandstorm\n|-heal|p2a: Shep|31\/100|[from] item: Leftovers\n|upkeep\n|\n|t:|1683158041\n|switch|p2b: Kitty|Luxray, L50, M|100\/100\n|-ability|p2b: Kitty|Intimidate|boost\n|-unboost|p1a: Tyranitar|atk|1\n|-unboost|p1b: Garchomp|atk|1\n|turn|3\n|\n|t:|1683158051\n|move|p1b: Garchomp|Poison Jab|p2a: Shep\n|-supereffective|p2a: Shep\n|-damage|p2a: Shep|0 fnt\n|-status|p1b: Garchomp|par|[from] ability: Static|[of] p2a: Shep\n|faint|p2a: Shep\n|-damage|p1b: Garchomp|31\/100 par|[from] item: Life Orb\n|move|p1a: Tyranitar|Rock Slide|p2b: Kitty\n|-damage|p2b: Kitty|69\/100\n|move|p2b: Kitty|Volt Switch|p1a: Tyranitar\n|-damage|p1a: Tyranitar|78\/100\n|\n|t:|1683158054\n|switch|p2b: Lobsta|Scizor, L50, F|100\/100|[from] Volt Switch\n|\n|-weather|Sandstorm|[upkeep]\n|upkeep\n|\n|t:|1683158056\n|switch|p2a: Kitty|Luxray, L50, M|69\/100\n|-ability|p2a: Kitty|Intimidate|boost\n|-unboost|p1a: Tyranitar|atk|1\n|-unboost|p1b: Garchomp|atk|1\n|turn|4\n|\n|t:|1683158071\n|move|p2b: Lobsta|Bullet Punch|p1a: Tyranitar\n|-supereffective|p1a: Tyranitar\n|-damage|p1a: Tyranitar|0 fnt\n|faint|p1a: Tyranitar\n|-damage|p2b: Lobsta|91\/100|[from] item: Life Orb\n|cant|p1b: Garchomp|par\n|move|p2a: Kitty|Psychic Fangs|p1b: Garchomp\n|-damage|p1b: Garchomp|8\/100 par\n|\n|-weather|Sandstorm|[upkeep]\n|-damage|p2a: Kitty|64\/100|[from] Sandstorm\n|-sideend|p1: Eden_Riegan|move: Tailwind\n|upkeep\n|\n|t:|1683158082\n|switch|p1a: Houndstone|Houndstone, L50, F|100\/100\n|turn|5\n|\n|t:|1683158093\n|move|p1b: Garchomp|Protect|p1b: Garchomp\n|-singleturn|p1b: Garchomp|Protect\n|move|p2b: Lobsta|Bullet Punch|p1a: Houndstone\n|-damage|p1a: Houndstone|48\/100\n|-enditem|p1a: Houndstone|Sitrus Berry|[eat]\n|-heal|p1a: Houndstone|73\/100|[from] item: Sitrus Berry\n|-damage|p2b: Lobsta|81\/100|[from] item: Life Orb\n|move|p1a: Houndstone|Last Respects|p2b: Lobsta\n|-damage|p2b: Lobsta|20\/100\n|move|p2a: Kitty|Thunder Wave|p1a: Houndstone\n|-status|p1a: Houndstone|par\n|\n|-weather|none\n|upkeep\n|turn|6\n|\n|t:|1683158115\n|move|p2b: Lobsta|Bullet Punch|p1a: Houndstone\n|-damage|p1a: Houndstone|19\/100 par\n|-damage|p2b: Lobsta|10\/100|[from] item: Life Orb\n|move|p2a: Kitty|Snarl|p1b: Garchomp|[spread] p1a,p1b\n|-supereffective|p1a: Houndstone\n|-damage|p1a: Houndstone|0 fnt\n|-damage|p1b: Garchomp|0 fnt\n|faint|p1a: Houndstone\n|faint|p1b: Garchomp\n|\n|win|Amongus6789\n|raw|Eden_Riegan's rating: 1048 → 1035<\/strong> (-13 for losing)\n|raw|Amongus6789's rating: 1125 → 1145<\/strong> (+20 for winning)\n|c|\u2606Amongus6789|gg\n|c|\u2606Eden_Riegan|gg\n","uploadtime":1683158127,"views":12,"p1id":"edenriegan","p2id":"amongus6789","formatid":"gen9vgc2023regulationc","rating":1035,"private":0,"password":""}