{"id":"gen9vgc2023regulationc-1845982751","p1":"Banari","p2":"shhh6","format":"[Gen 9] VGC 2023 Regulation C","log":"|j|\u2606Banari\n|j|\u2606shhh6\n|t:|1681787059\n|gametype|doubles\n|player|p1|Banari|cress|1185\n|player|p2|shhh6|101|1090\n|teamsize|p1|6\n|teamsize|p2|6\n|gen|9\n|tier|[Gen 9] VGC 2023 Regulation C\n|rated|\n|rule|Species Clause: Limit one of each Pok\u00e9mon\n|rule|Item Clause: Limit one of each item\n|clearpoke\n|poke|p1|Amoonguss, L50, F|\n|poke|p1|Dragapult, L50, F|\n|poke|p1|Chien-Pao, L50|\n|poke|p1|Flutter Mane, L50|\n|poke|p1|Talonflame, L50, M|\n|poke|p1|Mimikyu, L50, M|\n|poke|p2|Torkoal, L50, M|\n|poke|p2|Chi-Yu, L50|\n|poke|p2|Bronzong, L50|\n|poke|p2|Gastrodon, L50, F|\n|poke|p2|Grimmsnarl, L50, M|\n|poke|p2|Skeledirge, L50, F|\n|teampreview|4\n|inactive|Battle timer is ON: inactive players will automatically lose when time's up. (requested by Banari)\n|inactive|Banari has 60 seconds left.\n|\n|t:|1681787092\n|start\n|switch|p1a: Flutter Mane|Flutter Mane, L50|100\/100\n|switch|p1b: Talonflame|Talonflame, L50, M|100\/100\n|switch|p2a: Grimmsnarl|Grimmsnarl, L50, M|100\/100\n|switch|p2b: Bronzong|Bronzong, L50|100\/100\n|turn|1\n|\n|t:|1681787111\n|move|p2a: Grimmsnarl|Fake Out|p1b: Talonflame\n|-damage|p1b: Talonflame|82\/100\n|move|p1a: Flutter Mane|Moonblast|p2a: Grimmsnarl\n|-supereffective|p2a: Grimmsnarl\n|-damage|p2a: Grimmsnarl|0 fnt\n|faint|p2a: Grimmsnarl\n|move|p1b: Talonflame|Brave Bird|p2b: Bronzong\n|-resisted|p2b: Bronzong\n|-damage|p2b: Bronzong|90\/100\n|-damage|p1b: Talonflame|79\/100|[from] Recoil\n|move|p2b: Bronzong|Trick Room|p2b: Bronzong\n|-fieldstart|move: Trick Room|[of] p2b: Bronzong\n|\n|upkeep\n|\n|t:|1681787117\n|switch|p2a: Torkoal|Torkoal, L50, M|100\/100\n|-weather|SunnyDay|[from] ability: Drought|[of] p2a: Torkoal\n|-activate|p1a: Flutter Mane|ability: Protosynthesis\n|-start|p1a: Flutter Mane|protosynthesisspe\n|turn|2\n|\n|t:|1681787126\n|move|p2a: Torkoal|Eruption|p1a: Flutter Mane|[spread] p1a,p1b\n|-resisted|p1b: Talonflame\n|-damage|p1a: Flutter Mane|1\/100\n|-damage|p1b: Talonflame|23\/100\n|-damage|p2a: Torkoal|91\/100|[from] item: Life Orb\n|move|p2b: Bronzong|Iron Head|p1a: Flutter Mane\n|-supereffective|p1a: Flutter Mane\n|-damage|p1a: Flutter Mane|0 fnt\n|faint|p1a: Flutter Mane\n|-end|p1a: Flutter Mane|Protosynthesis|[silent]\n|move|p1b: Talonflame|Taunt|p2b: Bronzong\n|-start|p2b: Bronzong|move: Taunt\n|\n|-weather|SunnyDay|[upkeep]\n|upkeep\n|\n|t:|1681787151\n|switch|p1a: Bundle|Chien-Pao, L50|100\/100\n|-ability|p1a: Bundle|Sword of Ruin\n|turn|3\n|\n|t:|1681787168\n|-terastallize|p2b: Bronzong|Fighting\n|move|p1a: Bundle|Sucker Punch|p2b: Bronzong\n|-resisted|p2b: Bronzong\n|-damage|p2b: Bronzong|73\/100\n|move|p2a: Torkoal|Eruption|p1b: Talonflame|[spread] p1a,p1b\n|-supereffective|p1a: Bundle\n|-resisted|p1b: Talonflame\n|-enditem|p1a: Bundle|Focus Sash\n|-damage|p1a: Bundle|1\/100\n|-damage|p1b: Talonflame|0 fnt\n|faint|p1b: Talonflame\n|-damage|p2a: Torkoal|82\/100|[from] item: Life Orb\n|move|p2b: Bronzong|Body Press|p1a: Bundle\n|-supereffective|p1a: Bundle\n|-damage|p1a: Bundle|0 fnt\n|faint|p1a: Bundle\n|\n|-weather|SunnyDay|[upkeep]\n|upkeep\n|\n|t:|1681787175\n|switch|p1b: Mimikyu|Mimikyu, L50, M|100\/100\n|turn|4\n|\n|t:|1681787187\n|-terastallize|p1b: Mimikyu|Ghost\n|move|p2a: Torkoal|Eruption|p1b: Mimikyu\n|-activate|p1b: Mimikyu|ability: Disguise\n|-damage|p1b: Mimikyu|100\/100\n|detailschange|p1b: Mimikyu|Mimikyu-Busted, L50, M, tera:Ghost\n|-damage|p1b: Mimikyu|88\/100|[from] pokemon: Mimikyu-Busted\n|-damage|p2a: Torkoal|72\/100|[from] item: Life Orb\n|move|p2b: Bronzong|Iron Head|p1b: Mimikyu\n|-damage|p1b: Mimikyu|49\/100\n|move|p1b: Mimikyu|Play Rough|p2b: Bronzong\n|-supereffective|p2b: Bronzong\n|-damage|p2b: Bronzong|13\/100\n|-damage|p1b: Mimikyu|39\/100|[from] item: Life Orb\n|\n|-weather|SunnyDay|[upkeep]\n|upkeep\n|turn|5\n|\n|t:|1681787199\n|move|p1b: Mimikyu|Protect|p1b: Mimikyu\n|-singleturn|p1b: Mimikyu|Protect\n|move|p2a: Torkoal|Eruption|p1b: Mimikyu\n|-activate|p1b: Mimikyu|move: Protect\n|move|p2b: Bronzong|Iron Head|p1b: Mimikyu\n|-activate|p1b: Mimikyu|move: Protect\n|\n|-weather|SunnyDay|[upkeep]\n|-end|p2b: Bronzong|move: Taunt\n|-fieldend|move: Trick Room\n|upkeep\n|turn|6\n|\n|t:|1681787208\n|move|p1b: Mimikyu|Play Rough|p2b: Bronzong\n|-supereffective|p2b: Bronzong\n|-damage|p2b: Bronzong|0 fnt\n|faint|p2b: Bronzong\n|-damage|p1b: Mimikyu|29\/100|[from] item: Life Orb\n|move|p2a: Torkoal|Eruption|p1b: Mimikyu\n|-damage|p1b: Mimikyu|0 fnt\n|faint|p1b: Mimikyu\n|-damage|p2a: Torkoal|63\/100|[from] item: Life Orb\n|\n|win|shhh6\n|raw|Banari's rating: 1185 → 1155<\/strong> (-30 for losing)\n|raw|shhh6's rating: 1121 → 1151<\/strong> (+30 for winning)\n|l|\u2606Banari\n","uploadtime":1681787211,"views":3,"p1id":"banari","p2id":"shhh6","formatid":"gen9vgc2023regulationc","rating":1151,"private":0,"password":""}