{"id":"gen9vgc2023regulationc-1847545556","p1":"Fluttermane Eyes","p2":"syunx2","format":"[Gen 9] VGC 2023 Regulation C","log":"|j|\u2606Fluttermane Eyes\n|j|\u2606syunx2\n|t:|1681970888\n|gametype|doubles\n|player|p1|Fluttermane Eyes|boarder|1185\n|player|p2|syunx2|erika|1082\n|teamsize|p1|6\n|teamsize|p2|6\n|gen|9\n|tier|[Gen 9] VGC 2023 Regulation C\n|rated|\n|rule|Species Clause: Limit one of each Pok\u00e9mon\n|rule|Item Clause: Limit one of each item\n|clearpoke\n|poke|p1|Chien-Pao, L50|\n|poke|p1|Dragonite, L50, M|\n|poke|p1|Ting-Lu, L50|\n|poke|p1|Scream Tail, L50|\n|poke|p1|Annihilape, L50, M|\n|poke|p1|Rotom-Wash, L50|\n|poke|p2|Flutter Mane, L50|\n|poke|p2|Glimmora, L50, M|\n|poke|p2|Armarouge, L50, M|\n|poke|p2|Maushold, L50|\n|poke|p2|Iron Hands, L50|\n|poke|p2|Wo-Chien, L50|\n|teampreview|4\n|inactive|Battle timer is ON: inactive players will automatically lose when time's up. (requested by syunx2)\n|inactive|Fluttermane Eyes has 60 seconds left.\n|inactive|syunx2 has 60 seconds left.\n|inactive|Fluttermane Eyes has 30 seconds left.\n|inactive|Fluttermane Eyes has 20 seconds left.\n|inactive|Fluttermane Eyes has 15 seconds left.\n|inactive|Fluttermane Eyes has 10 seconds left.\n|\n|t:|1681970969\n|start\n|switch|p1a: Mr. Rotom|Rotom-Wash, L50, shiny|100\/100\n|switch|p1b: Ting-Lu|Ting-Lu, L50|100\/100\n|switch|p2a: Glimmora|Glimmora, L50, M|100\/100\n|switch|p2b: Maushold|Maushold, L50|100\/100\n|-ability|p1b: Ting-Lu|Vessel of Ruin\n|turn|1\n|inactive|Fluttermane Eyes has 30 seconds left.\n|inactive|Fluttermane Eyes has 20 seconds left.\n|inactive|Fluttermane Eyes has 15 seconds left.\n|\n|t:|1681971010\n|move|p2b: Maushold|Super Fang|p1b: Ting-Lu\n|-damage|p1b: Ting-Lu|51\/100\n|move|p2a: Glimmora|Mortal Spin|p1a: Mr. Rotom|[spread] p1a,p1b\n|-resisted|p1b: Ting-Lu\n|-damage|p1a: Mr. Rotom|96\/100\n|-damage|p1b: Ting-Lu|49\/100\n|-status|p1a: Mr. Rotom|psn\n|-status|p1b: Ting-Lu|psn\n|move|p1a: Mr. Rotom|Will-O-Wisp|p2a: Glimmora\n|-status|p2a: Glimmora|brn\n|move|p1b: Ting-Lu|Heavy Slam|p2a: Glimmora\n|-supereffective|p2a: Glimmora\n|-damage|p2a: Glimmora|36\/100 brn\n|-activate|p2a: Glimmora|ability: Toxic Debris\n|-sidestart|p1: Fluttermane Eyes|move: Toxic Spikes\n|\n|-damage|p1a: Mr. Rotom|84\/100 psn|[from] psn\n|-damage|p1b: Ting-Lu|37\/100 psn|[from] psn\n|-damage|p2a: Glimmora|30\/100 brn|[from] brn\n|upkeep\n|turn|2\n|inactive|syunx2 has 30 seconds left.\n|inactive|Fluttermane Eyes has 30 seconds left.\n|\n|t:|1681971048\n|-terastallize|p1b: Ting-Lu|Poison\n|move|p1a: Mr. Rotom|Protect|p1a: Mr. Rotom\n|-singleturn|p1a: Mr. Rotom|Protect\n|move|p2b: Maushold|Super Fang|p1a: Mr. Rotom\n|-activate|p1a: Mr. Rotom|move: Protect\n|move|p2a: Glimmora|Earth Power|p1b: Ting-Lu\n|-supereffective|p1b: Ting-Lu\n|-damage|p1b: Ting-Lu|5\/100 psn\n|move|p1b: Ting-Lu|Payback|p2b: Maushold\n|-damage|p2b: Maushold|36\/100\n|\n|-damage|p1a: Mr. Rotom|72\/100 psn|[from] psn\n|-damage|p1b: Ting-Lu|0 fnt|[from] psn\n|faint|p1b: Ting-Lu\n|-damage|p2a: Glimmora|24\/100 brn|[from] brn\n|upkeep\n|\n|t:|1681971066\n|switch|p1b: Dragonite|Dragonite, L50, M|100\/100\n|turn|3\n|inactive|Fluttermane Eyes has 30 seconds left.\n|\n|t:|1681971095\n|move|p2b: Maushold|Follow Me|p2b: Maushold\n|-singleturn|p2b: Maushold|move: Follow Me\n|move|p2a: Glimmora|Mortal Spin|p1b: Dragonite|[spread] p1a,p1b\n|-damage|p1a: Mr. Rotom|70\/100 psn\n|-damage|p1b: Dragonite|98\/100\n|-status|p1b: Dragonite|psn\n|-enditem|p1b: Dragonite|Lum Berry|[eat]\n|-curestatus|p1b: Dragonite|psn|[msg]\n|move|p1a: Mr. Rotom|Thunderbolt|p2b: Maushold\n|-damage|p2b: Maushold|0 fnt\n|faint|p2b: Maushold\n|move|p1b: Dragonite|Ice Spinner|p2a: Glimmora\n|-damage|p2a: Glimmora|0 fnt\n|-activate|p2a: Glimmora|ability: Toxic Debris\n|-sidestart|p1: Fluttermane Eyes|move: Toxic Spikes\n|faint|p2a: Glimmora\n|\n|-damage|p1a: Mr. Rotom|58\/100 psn|[from] psn\n|upkeep\n|\n|t:|1681971111\n|switch|p2b: Wo-Chien|Wo-Chien, L50|100\/100\n|switch|p2a: Flutter Mane|Flutter Mane, L50|100\/100\n|-ability|p2b: Wo-Chien|Tablets of Ruin\n|-enditem|p2a: Flutter Mane|Booster Energy\n|-activate|p2a: Flutter Mane|ability: Protosynthesis|[fromitem]\n|-start|p2a: Flutter Mane|protosynthesisspe\n|turn|4\n|\n|t:|1681971133\n|-terastallize|p2a: Flutter Mane|Fairy\n|move|p1b: Dragonite|Protect|p1b: Dragonite\n|-singleturn|p1b: Dragonite|Protect\n|move|p2a: Flutter Mane|Dazzling Gleam|p1a: Mr. Rotom|[spread] p1a\n|-activate|p1b: Dragonite|move: Protect\n|-damage|p1a: Mr. Rotom|13\/100 psn\n|move|p1a: Mr. Rotom|Thunderbolt|p2a: Flutter Mane\n|-damage|p2a: Flutter Mane|65\/100\n|move|p2b: Wo-Chien|Giga Drain|p1a: Mr. Rotom\n|-supereffective|p1a: Mr. Rotom\n|-damage|p1a: Mr. Rotom|0 fnt\n|faint|p1a: Mr. Rotom\n|\n|upkeep\n|\n|t:|1681971146\n|switch|p1a: Chien-Pao|Chien-Pao, L50|100\/100\n|-status|p1a: Chien-Pao|tox\n|-ability|p1a: Chien-Pao|Sword of Ruin\n|turn|5\n|\n|t:|1681971154\n|move|p2a: Flutter Mane|Protect|p2a: Flutter Mane\n|-singleturn|p2a: Flutter Mane|Protect\n|move|p2b: Wo-Chien|Protect|p2b: Wo-Chien\n|-singleturn|p2b: Wo-Chien|Protect\n|move|p1a: Chien-Pao|Sucker Punch||[still]\n|-fail|p1a: Chien-Pao\n|move|p1b: Dragonite|Ice Spinner|p2b: Wo-Chien\n|-activate|p2b: Wo-Chien|move: Protect\n|\n|-damage|p1a: Chien-Pao|95\/100 tox|[from] psn\n|upkeep\n|turn|6\n|\n|t:|1681971170\n|move|p1b: Dragonite|Extreme Speed|p2a: Flutter Mane\n|-damage|p2a: Flutter Mane|0 fnt\n|faint|p2a: Flutter Mane\n|-end|p2a: Flutter Mane|Protosynthesis|[silent]\n|move|p1a: Chien-Pao|Sucker Punch||[still]\n|-fail|p1a: Chien-Pao\n|move|p2b: Wo-Chien|Leech Seed|p1b: Dragonite\n|-start|p1b: Dragonite|move: Leech Seed\n|\n|-damage|p1b: Dragonite|86\/100|[from] Leech Seed|[of] p2b: Wo-Chien\n|-damage|p1a: Chien-Pao|83\/100 tox|[from] psn\n|upkeep\n|turn|7\n|\n|t:|1681971183\n|move|p1a: Chien-Pao|Ice Spinner|p2b: Wo-Chien\n|-supereffective|p2b: Wo-Chien\n|-damage|p2b: Wo-Chien|31\/100\n|move|p1b: Dragonite|Ice Spinner|p2b: Wo-Chien\n|-supereffective|p2b: Wo-Chien\n|-damage|p2b: Wo-Chien|0 fnt\n|faint|p2b: Wo-Chien\n|\n|win|Fluttermane Eyes\n|raw|Fluttermane Eyes's rating: 1185 → 1203<\/strong> (+18 for winning)\n|raw|syunx2's rating: 1082 → 1066<\/strong> (-16 for losing)\n","uploadtime":1681971194,"views":6,"p1id":"fluttermaneeyes","p2id":"syunx2","formatid":"gen9vgc2023regulationc","rating":1066,"private":0,"password":""}