{"id":"gen9vgc2023regulationc-1847268282","p1":"BMDL_Champ_Phenix","p2":"YGO_better","format":"[Gen 9] VGC 2023 Regulation C","log":"|j|\u2606BMDL_Champ_Phenix\n|j|\u2606YGO_better\n|t:|1681933132\n|gametype|doubles\n|player|p1|BMDL_Champ_Phenix|steven|\n|player|p2|YGO_better|1|\n|teamsize|p1|6\n|teamsize|p2|6\n|gen|9\n|tier|[Gen 9] VGC 2023 Regulation C\n|rule|Species Clause: Limit one of each Pok\u00e9mon\n|rule|Item Clause: Limit one of each item\n|clearpoke\n|poke|p1|Iron Valiant, L50|\n|poke|p1|Murkrow, L50, M|\n|poke|p1|Palafin, L50, M|\n|poke|p1|Skeledirge, L50, F|\n|poke|p1|Farigiraf, L50, F|\n|poke|p1|Mudsdale, L50, F|\n|poke|p2|Iron Moth, L50|\n|poke|p2|Vaporeon, L50, M|\n|poke|p2|Sylveon, L50, M|\n|poke|p2|Torkoal, L50, F|\n|poke|p2|Dragapult, L50, M|\n|poke|p2|Cyclizar, L50, M|\n|teampreview|4\n|c|\u2606YGO_better|G1\n|c|\u2606YGO_better|gl hf\n|c|\u2606BMDL_Champ_Phenix|Same to you\n|\n|t:|1681933237\n|start\n|switch|p1a: Nevermore|Murkrow, L50, M|100\/100\n|switch|p1b: Triton|Palafin, L50, M|100\/100\n|switch|p2a: Ghost Trick|Dragapult, L50, M|100\/100\n|switch|p2b: Vrum|Cyclizar, L50, M|100\/100\n|turn|1\n|\n|t:|1681933257\n|move|p1a: Nevermore|Tailwind|p1a: Nevermore\n|-sidestart|p1: BMDL_Champ_Phenix|move: Tailwind\n|move|p1b: Triton|Flip Turn|p2b: Vrum\n|-resisted|p2b: Vrum\n|-damage|p2b: Vrum|80\/100\n|\n|t:|1681933264\n|detailschange|p1b: Triton|Palafin-Hero, L50, M\n|switch|p1b: Leonardo|Iron Valiant, L50|100\/100|[from] Flip Turn\n|move|p2b: Vrum|Shed Tail|p2b: Vrum\n|-start|p2b: Vrum|Substitute|[from] move: Shed Tail\n|-damage|p2b: Vrum|30\/100\n|\n|t:|1681933270\n|switch|p2b: Evotile|Torkoal, L50, F|100\/100|[from] Shed Tail\n|-weather|SunnyDay|[from] ability: Drought|[of] p2b: Evotile\n|move|p2a: Ghost Trick|Light Screen|p2a: Ghost Trick\n|-sidestart|p2: YGO_better|move: Light Screen\n|\n|-weather|SunnyDay|[upkeep]\n|upkeep\n|turn|2\n|\n|t:|1681933286\n|switch|p2a: Industrial|Iron Moth, L50|100\/100\n|move|p1a: Nevermore|Rain Dance|p1a: Nevermore\n|-weather|RainDance\n|move|p1b: Leonardo|Spirit Break|p2a: Industrial\n|-resisted|p2a: Industrial\n|-damage|p2a: Industrial|81\/100\n|-unboost|p2a: Industrial|spa|1\n|move|p2b: Evotile|Eruption|p1a: Nevermore|[spread] p1a,p1b\n|-damage|p1a: Nevermore|79\/100\n|-damage|p1b: Leonardo|52\/100\n|\n|-weather|RainDance|[upkeep]\n|upkeep\n|turn|3\n|\n|t:|1681933308\n|switch|p2b: Ghost Trick|Dragapult, L50, M|100\/100\n|move|p1a: Nevermore|Sucker Punch|p2a: Industrial\n|-damage|p2a: Industrial|42\/100\n|move|p1b: Leonardo|Liquidation|p2b: Ghost Trick\n|-resisted|p2b: Ghost Trick\n|-damage|p2b: Ghost Trick|71\/100\n|move|p2a: Industrial|Dazzling Gleam|p1a: Nevermore|[spread] p1a,p1b\n|-supereffective|p1a: Nevermore\n|-supereffective|p1b: Leonardo\n|-damage|p1a: Nevermore|55\/100\n|-damage|p1b: Leonardo|0 fnt\n|faint|p1b: Leonardo\n|-end|p1b: Leonardo|Quark Drive|[silent]\n|\n|-weather|RainDance|[upkeep]\n|upkeep\n|\n|t:|1681933323\n|switch|p1b: Sans|Skeledirge, L50, F|100\/100\n|turn|4\n|\n|t:|1681933340\n|move|p1a: Nevermore|Thunder Wave|p2b: Ghost Trick\n|-status|p2b: Ghost Trick|par\n|move|p1b: Sans|Earth Power|p2a: Industrial\n|-supereffective|p2a: Industrial\n|-damage|p2a: Industrial|0 fnt\n|faint|p2a: Industrial\n|-end|p2a: Industrial|Quark Drive|[silent]\n|cant|p2b: Ghost Trick|par\n|\n|-weather|RainDance|[upkeep]\n|-sideend|p1: BMDL_Champ_Phenix|move: Tailwind\n|upkeep\n|c|\u2606YGO_better|NO\n|\n|t:|1681933354\n|switch|p2a: Vrum|Cyclizar, L50, M|63\/100\n|turn|5\n|\n|t:|1681933371\n|move|p1a: Nevermore|Tailwind|p1a: Nevermore\n|-sidestart|p1: BMDL_Champ_Phenix|move: Tailwind\n|move|p2a: Vrum|Shed Tail|p2a: Vrum\n|-start|p2a: Vrum|Substitute|[from] move: Shed Tail\n|-damage|p2a: Vrum|13\/100\n|\n|t:|1681933376\n|switch|p2a: Evotile|Torkoal, L50, F|100\/100|[from] Shed Tail\n|-weather|SunnyDay|[from] ability: Drought|[of] p2a: Evotile\n|move|p1b: Sans|Torch Song|p2a: Evotile\n|-resisted|p2a: Evotile\n|-damage|p2a: Evotile|75\/100\n|-boost|p1b: Sans|spa|1\n|cant|p2b: Ghost Trick|par\n|\n|-weather|SunnyDay|[upkeep]\n|-sideend|p2: YGO_better|move: Light Screen\n|upkeep\n|turn|6\n|\n|t:|1681933402\n|move|p1a: Nevermore|Sucker Punch|p2b: Ghost Trick\n|-supereffective|p2b: Ghost Trick\n|-damage|p2b: Ghost Trick|7\/100 par\n|-start|p1a: Nevermore|Disable|Sucker Punch|[from] ability: Cursed Body|[of] p2b: Ghost Trick\n|move|p1b: Sans|Torch Song|p2a: Evotile\n|-resisted|p2a: Evotile\n|-damage|p2a: Evotile|22\/100\n|-boost|p1b: Sans|spa|1\n|cant|p2b: Ghost Trick|par\n|move|p2a: Evotile|Clear Smog|p1b: Sans\n|-resisted|p1b: Sans\n|-damage|p1b: Sans|95\/100\n|-clearboost|p1b: Sans\n|\n|-weather|SunnyDay|[upkeep]\n|upkeep\n|turn|7\n|c|\u2606YGO_better|WHAT IS THIS\n|\n|t:|1681933432\n|move|p1a: Nevermore|Rain Dance|p1a: Nevermore\n|-weather|RainDance\n|move|p1b: Sans|Torch Song|p2b: Ghost Trick\n|-resisted|p2b: Ghost Trick\n|-damage|p2b: Ghost Trick|0 fnt\n|-boost|p1b: Sans|spa|1\n|faint|p2b: Ghost Trick\n|move|p2a: Evotile|Rock Slide|p1a: Nevermore|[spread] p1a,p1b\n|-supereffective|p1a: Nevermore\n|-supereffective|p1b: Sans\n|-damage|p1a: Nevermore|24\/100\n|-damage|p1b: Sans|76\/100\n|\n|-weather|RainDance|[upkeep]\n|upkeep\n|\n|t:|1681933443\n|switch|p2b: Vrum|Cyclizar, L50, M|46\/100\n|turn|8\n|\n|t:|1681933456\n|move|p1a: Nevermore|Thunder Wave|p2b: Vrum|[miss]\n|-miss|p1a: Nevermore|p2b: Vrum\n|move|p2b: Vrum|Draco Meteor|p1b: Sans\n|-damage|p1b: Sans|49\/100\n|-unboost|p2b: Vrum|spa|2\n|move|p1b: Sans|Torch Song|p2a: Evotile\n|-resisted|p2a: Evotile\n|-damage|p2a: Evotile|5\/100\n|-boost|p1b: Sans|spa|1\n|move|p2a: Evotile|Rock Slide|p1a: Nevermore|[spread] p1a,p1b\n|-supereffective|p1a: Nevermore\n|-supereffective|p1b: Sans\n|-damage|p1a: Nevermore|0 fnt\n|-damage|p1b: Sans|29\/100\n|faint|p1a: Nevermore\n|\n|-weather|RainDance|[upkeep]\n|-sideend|p1: BMDL_Champ_Phenix|move: Tailwind\n|upkeep\n|\n|t:|1681933473\n|switch|p1a: Triton|Palafin-Hero, L50, M|100\/100\n|-activate|p1a: Triton|ability: Zero to Hero\n|turn|9\n|\n|t:|1681933482\n|move|p1a: Triton|Jet Punch|p2b: Vrum\n|-resisted|p2b: Vrum\n|-damage|p2b: Vrum|0 fnt\n|faint|p2b: Vrum\n|move|p1b: Sans|Torch Song|p2a: Evotile\n|-resisted|p2a: Evotile\n|-damage|p2a: Evotile|0 fnt\n|-boost|p1b: Sans|spa|1\n|faint|p2a: Evotile\n|\n|win|BMDL_Champ_Phenix\n|l|\u2606YGO_better\n","uploadtime":1681933503,"views":19,"p1id":"bmdlchampphenix","p2id":"ygobetter","formatid":"gen9vgc2023regulationc","rating":0,"private":0,"password":""}