{"id":"gen9vgc2023regulationc-1855983946","p1":"SpooBear","p2":"Cozy Snail","format":"[Gen 9] VGC 2023 Regulation C","log":"|j|\u2606SpooBear\n|j|\u2606Cozy Snail\n|t:|1683011982\n|gametype|doubles\n|player|p1|SpooBear|hiker-gen4|\n|player|p2|Cozy Snail|fisherman-gen4|\n|teamsize|p1|6\n|teamsize|p2|6\n|gen|9\n|tier|[Gen 9] VGC 2023 Regulation C\n|rule|Species Clause: Limit one of each Pok\u00e9mon\n|rule|Item Clause: Limit one of each item\n|clearpoke\n|poke|p1|Glimmora, L50, M|\n|poke|p1|Tatsugiri, L50, M|\n|poke|p1|Chi-Yu, L50|\n|poke|p1|Iron Bundle, L50|\n|poke|p1|Dondozo, L50, M|\n|poke|p1|Dragonite, L50, F|\n|poke|p2|Dragonite, L50, M|\n|poke|p2|Scream Tail, L50|\n|poke|p2|Rotom-Wash, L50|\n|poke|p2|Ting-Lu, L50|\n|poke|p2|Gholdengo, L50|\n|poke|p2|Palafin, L50, F|\n|teampreview|4\n|\n|t:|1683012001\n|start\n|switch|p1a: Glimmora|Glimmora, L50, M, shiny|100\/100\n|switch|p1b: Dondozo|Dondozo, L50, M, shiny|100\/100\n|switch|p2a: Palafin|Palafin, L50, F|100\/100\n|switch|p2b: Gholdengo|Gholdengo, L50|100\/100\n|turn|1\n|\n|t:|1683012028\n|detailschange|p2a: Palafin|Palafin-Hero, L50, F\n|switch|p2a: Rotom|Rotom-Wash, L50, shiny|100\/100\n|move|p1b: Dondozo|Protect|p1b: Dondozo\n|-singleturn|p1b: Dondozo|Protect\n|move|p2b: Gholdengo|Make It Rain|p1b: Dondozo|[spread] p1a\n|-activate|p1b: Dondozo|move: Protect\n|-supereffective|p1a: Glimmora\n|-damage|p1a: Glimmora|0 fnt\n|-unboost|p2b: Gholdengo|spa|1\n|faint|p1a: Glimmora\n|\n|upkeep\n|\n|t:|1683012040\n|switch|p1a: Tatsugiri|Tatsugiri, L50, M, shiny|100\/100\n|-activate|p1a: Tatsugiri|ability: Commander|[of] p1b: Dondozo\n|-boost|p1b: Dondozo|atk|2\n|-boost|p1b: Dondozo|spa|2\n|-boost|p1b: Dondozo|spe|2\n|-boost|p1b: Dondozo|def|2\n|-boost|p1b: Dondozo|spd|2\n|turn|2\n|\n|t:|1683012077\n|switch|p2b: Palafin|Palafin-Hero, L50, F|100\/100\n|-activate|p2b: Palafin|ability: Zero to Hero\n|-terastallize|p1b: Dondozo|Grass\n|move|p1b: Dondozo|Earthquake|p2a: Rotom|[spread] p2b\n|-miss|p1b: Dondozo|p1a: Tatsugiri\n|-immune|p2a: Rotom|[from] ability: Levitate\n|-damage|p2b: Palafin|64\/100\n|move|p2a: Rotom|Will-O-Wisp|p1b: Dondozo\n|-status|p1b: Dondozo|brn\n|\n|-damage|p1b: Dondozo|94\/100 brn|[from] brn\n|upkeep\n|turn|3\n|\n|t:|1683012135\n|-terastallize|p2b: Palafin|Fighting\n|move|p1b: Dondozo|Tera Blast|p2b: Palafin\n|-damage|p2b: Palafin|34\/100\n|move|p2b: Palafin|Haze|p2b: Palafin\n|-clearallboost\n|move|p2a: Rotom|Thunderbolt|p1b: Dondozo\n|-resisted|p1b: Dondozo\n|-damage|p1b: Dondozo|78\/100 brn\n|\n|-heal|p1b: Dondozo|84\/100 brn|[from] item: Leftovers\n|-damage|p1b: Dondozo|78\/100 brn|[from] brn\n|upkeep\n|turn|4\n|\n|t:|1683012155\n|move|p2b: Palafin|Drain Punch|p1b: Dondozo\n|-damage|p1b: Dondozo|39\/100 brn\n|-heal|p2b: Palafin|56\/100|[from] drain|[of] p1b: Dondozo\n|move|p2a: Rotom|Thunderbolt|p1b: Dondozo\n|-resisted|p1b: Dondozo\n|-damage|p1b: Dondozo|22\/100 brn\n|move|p1b: Dondozo|Earthquake|p2a: Rotom|[spread] p2b\n|-miss|p1b: Dondozo|p1a: Tatsugiri\n|-immune|p2a: Rotom|[from] ability: Levitate\n|-damage|p2b: Palafin|47\/100\n|\n|-heal|p1b: Dondozo|28\/100 brn|[from] item: Leftovers\n|-damage|p1b: Dondozo|22\/100 brn|[from] brn\n|upkeep\n|turn|5\n|\n|t:|1683012197\n|switch|p2a: Scream Tail|Scream Tail, L50|100\/100\n|-enditem|p2a: Scream Tail|Booster Energy\n|-activate|p2a: Scream Tail|ability: Protosynthesis|[fromitem]\n|-start|p2a: Scream Tail|protosynthesisspe\n|move|p2b: Palafin|Drain Punch|p1b: Dondozo\n|-damage|p1b: Dondozo|0 fnt\n|-heal|p2b: Palafin|59\/100|[from] drain|[of] p1b: Dondozo\n|faint|p1b: Dondozo\n|\n|upkeep\n|\n|t:|1683012206\n|switch|p1b: Chi-Yu|Chi-Yu, L50|100\/100\n|-ability|p1b: Chi-Yu|Beads of Ruin\n|turn|6\n|\n|t:|1683012217\n|move|p1b: Chi-Yu|Protect|p1b: Chi-Yu\n|-singleturn|p1b: Chi-Yu|Protect\n|move|p2b: Palafin|Jet Punch|p1b: Chi-Yu\n|-activate|p1b: Chi-Yu|move: Protect\n|move|p2a: Scream Tail|Thunder Wave|p1a: Tatsugiri\n|-status|p1a: Tatsugiri|par\n|move|p1a: Tatsugiri|Muddy Water|p2b: Palafin|[spread] p2a,p2b\n|-damage|p2a: Scream Tail|71\/100\n|-damage|p2b: Palafin|12\/100\n|\n|upkeep\n|turn|7\n|\n|t:|1683012256\n|move|p2b: Palafin|Jet Punch|p1b: Chi-Yu\n|-supereffective|p1b: Chi-Yu\n|-enditem|p1b: Chi-Yu|Focus Sash\n|-damage|p1b: Chi-Yu|1\/100\n|move|p2a: Scream Tail|Thunder Wave|p1b: Chi-Yu\n|-status|p1b: Chi-Yu|par\n|move|p1a: Tatsugiri|Muddy Water|p2a: Scream Tail|[spread] p2a,p2b\n|-damage|p2a: Scream Tail|44\/100\n|-damage|p2b: Palafin|0 fnt\n|-unboost|p2a: Scream Tail|accuracy|1\n|faint|p2b: Palafin\n|move|p1b: Chi-Yu|Heat Wave|p2a: Scream Tail\n|-damage|p2a: Scream Tail|0 fnt\n|faint|p2a: Scream Tail\n|-end|p2a: Scream Tail|Protosynthesis|[silent]\n|\n|upkeep\n|\n|t:|1683012270\n|switch|p2a: Gholdengo|Gholdengo, L50|100\/100\n|switch|p2b: Rotom|Rotom-Wash, L50, shiny|100\/100\n|turn|8\n|\n|t:|1683012293\n|move|p2b: Rotom|Thunderbolt|p1b: Chi-Yu\n|-damage|p1b: Chi-Yu|0 fnt\n|faint|p1b: Chi-Yu\n|move|p2a: Gholdengo|Shadow Ball|p1a: Tatsugiri\n|-damage|p1a: Tatsugiri|19\/100 par\n|move|p1a: Tatsugiri|Muddy Water|p2b: Rotom|[spread] p2a,p2b\n|-resisted|p2b: Rotom\n|-damage|p2a: Gholdengo|66\/100\n|-damage|p2b: Rotom|83\/100\n|\n|upkeep\n|turn|9\n|\n|t:|1683012305\n|move|p2b: Rotom|Thunderbolt|p1a: Tatsugiri\n|-damage|p1a: Tatsugiri|0 fnt\n|faint|p1a: Tatsugiri\n|\n|win|Cozy Snail\n|l|\u2606Cozy Snail\n|j|\u2606Cozy Snail\n|player|p2|Cozy Snail|fisherman-gen4\n","uploadtime":1683012358,"views":17,"p1id":"spoobear","p2id":"cozysnail","formatid":"gen9vgc2023regulationc","rating":0,"private":0,"password":""}