{"id":"gen9vgc2023regulationc-1859819594","p1":"nororivgc","p2":"SwampCorner","format":"[Gen 9] VGC 2023 Regulation C","log":"|j|\u2606nororivgc\n|j|\u2606SwampCorner\n|t:|1683567201\n|gametype|doubles\n|player|p1|nororivgc|giovanni|1423\n|player|p2|SwampCorner|boarder|1446\n|teamsize|p1|6\n|teamsize|p2|6\n|gen|9\n|tier|[Gen 9] VGC 2023 Regulation C\n|rated|\n|rule|Species Clause: Limit one of each Pok\u00e9mon\n|rule|Item Clause: Limit one of each item\n|clearpoke\n|poke|p1|Gyarados, L50, M|\n|poke|p1|Ting-Lu, L50|\n|poke|p1|Amoonguss, L50, F|\n|poke|p1|Flutter Mane, L50|\n|poke|p1|Kingambit, L50, M|\n|poke|p1|Baxcalibur, L50, M|\n|poke|p2|Scream Tail, L50|\n|poke|p2|Ceruledge, L50, F|\n|poke|p2|Ting-Lu, L50|\n|poke|p2|Iron Hands, L50|\n|poke|p2|Arcanine, L50, F|\n|poke|p2|Flutter Mane, L50|\n|teampreview|4\nSwampCorner has agreed to open team sheets.\n|inactive|Battle timer is ON: inactive players will automatically lose when time's up. (requested by nororivgc)\n|\n|t:|1683567234\n|start\n|switch|p1a: Gyarados|Gyarados, L50, M, shiny|100\/100\n|switch|p1b: Ting-Lu|Ting-Lu, L50|100\/100\n|switch|p2a: NEW MAGIC WAND|Scream Tail, L50, shiny|100\/100\n|switch|p2b: JUGGERNAUT|Iron Hands, L50, shiny|100\/100\n|-ability|p1a: Gyarados|Intimidate|boost\n|-unboost|p2a: NEW MAGIC WAND|atk|1\n|-unboost|p2b: JUGGERNAUT|atk|1\n|-ability|p1b: Ting-Lu|Vessel of Ruin\n|-enditem|p2a: NEW MAGIC WAND|Booster Energy\n|-activate|p2a: NEW MAGIC WAND|ability: Protosynthesis|[fromitem]\n|-start|p2a: NEW MAGIC WAND|protosynthesisspe\n|turn|1\n|inactive|SwampCorner has 30 seconds left.\n|\n|t:|1683567262\n|-terastallize|p2b: JUGGERNAUT|Grass\n|-terastallize|p1b: Ting-Lu|Ground\n|move|p2a: NEW MAGIC WAND|Misty Terrain|p2a: NEW MAGIC WAND\n|-fieldstart|move: Misty Terrain\n|move|p1a: Gyarados|Taunt|p2a: NEW MAGIC WAND\n|-start|p2a: NEW MAGIC WAND|move: Taunt\n|move|p2b: JUGGERNAUT|Swords Dance|p2b: JUGGERNAUT\n|-boost|p2b: JUGGERNAUT|atk|2\n|move|p1b: Ting-Lu|Earthquake|p2b: JUGGERNAUT|[spread] p2a,p2b\n|-immune|p1a: Gyarados\n|-resisted|p2b: JUGGERNAUT\n|-damage|p2a: NEW MAGIC WAND|43\/100\n|-damage|p2b: JUGGERNAUT|74\/100\n|\n|upkeep\n|turn|2\n|inactive|nororivgc has 30 seconds left.\n|inactive|SwampCorner has 30 seconds left.\n|\n|t:|1683567296\n|move|p2a: NEW MAGIC WAND|Play Rough|p1a: Gyarados\n|-damage|p1a: Gyarados|86\/100\n|move|p1a: Gyarados|Thunder Wave|p2b: JUGGERNAUT\n|-activate|p2b: JUGGERNAUT|move: Misty Terrain\n|move|p2b: JUGGERNAUT|Drain Punch|p1b: Ting-Lu\n|-damage|p1b: Ting-Lu|65\/100\n|-heal|p2b: JUGGERNAUT|90\/100|[from] drain|[of] p1b: Ting-Lu\n|move|p1b: Ting-Lu|Earthquake|p2a: NEW MAGIC WAND|[spread] p2a,p2b\n|-immune|p1a: Gyarados\n|-resisted|p2b: JUGGERNAUT\n|-damage|p2a: NEW MAGIC WAND|0 fnt\n|-damage|p2b: JUGGERNAUT|65\/100\n|faint|p2a: NEW MAGIC WAND\n|-end|p2a: NEW MAGIC WAND|Protosynthesis|[silent]\n|\n|upkeep\n|\n|t:|1683567312\n|switch|p2a: PUPPET|Flutter Mane, L50, shiny|100\/100\n|turn|3\n|\n|t:|1683567322\n|move|p1a: Gyarados|Protect|p1a: Gyarados\n|-singleturn|p1a: Gyarados|Protect\n|move|p2a: PUPPET|Moonblast|p1b: Ting-Lu\n|-damage|p1b: Ting-Lu|26\/100\n|-unboost|p1b: Ting-Lu|spa|1\n|move|p2b: JUGGERNAUT|Drain Punch|p1b: Ting-Lu\n|-damage|p1b: Ting-Lu|0 fnt\n|-heal|p2b: JUGGERNAUT|76\/100|[from] drain|[of] p1b: Ting-Lu\n|faint|p1b: Ting-Lu\n|\n|upkeep\n|\n|t:|1683567334\n|switch|p1b: Flutter Mane|Flutter Mane, L50, shiny|100\/100\n|turn|4\n|\n|t:|1683567354\n|move|p1b: Flutter Mane|Shadow Ball|p2a: PUPPET\n|-supereffective|p2a: PUPPET\n|-damage|p2a: PUPPET|0 fnt\n|faint|p2a: PUPPET\n|-end|p2a: PUPPET|Protosynthesis|[silent]\n|move|p1a: Gyarados|Waterfall|p2b: JUGGERNAUT\n|-resisted|p2b: JUGGERNAUT\n|-crit|p2b: JUGGERNAUT\n|-damage|p2b: JUGGERNAUT|59\/100\n|move|p2b: JUGGERNAUT|Wild Charge|p1a: Gyarados\n|-supereffective|p1a: Gyarados\n|-damage|p1a: Gyarados|0 fnt\n|faint|p1a: Gyarados\n|-damage|p2b: JUGGERNAUT|43\/100|[from] Recoil\n|-enditem|p2b: JUGGERNAUT|Sitrus Berry|[eat]\n|-heal|p2b: JUGGERNAUT|68\/100|[from] item: Sitrus Berry\n|\n|upkeep\n|\n|t:|1683567367\n|switch|p2a: LUMBERJACK|Ceruledge, L50, F, shiny|100\/100\n|switch|p1a: Baxcalibur|Baxcalibur, L50, M|100\/100\n|turn|5\n|\n|t:|1683567378\n|move|p2a: LUMBERJACK|Shadow Sneak|p1b: Flutter Mane\n|-supereffective|p1b: Flutter Mane\n|-damage|p1b: Flutter Mane|7\/100\n|move|p1b: Flutter Mane|Shadow Ball|p2b: JUGGERNAUT\n|-damage|p2b: JUGGERNAUT|30\/100\n|move|p1a: Baxcalibur|Icicle Crash|p2b: JUGGERNAUT\n|-supereffective|p2b: JUGGERNAUT\n|-damage|p2b: JUGGERNAUT|0 fnt\n|faint|p2b: JUGGERNAUT\n|-end|p2b: JUGGERNAUT|Quark Drive|[silent]\n|\n|-fieldend|Misty Terrain\n|upkeep\n|turn|6\n|\n|t:|1683567392\n|move|p2a: LUMBERJACK|Shadow Sneak|p1b: Flutter Mane\n|-supereffective|p1b: Flutter Mane\n|-damage|p1b: Flutter Mane|0 fnt\n|faint|p1b: Flutter Mane\n|-end|p1b: Flutter Mane|Protosynthesis|[silent]\n|move|p1a: Baxcalibur|Glaive Rush|p2a: LUMBERJACK\n|-damage|p2a: LUMBERJACK|13\/100\n|-singlemove|p1a: Baxcalibur|Glaive Rush|[silent]\n|\n|upkeep\n|turn|7\n|\n|t:|1683567399\n|move|p1a: Baxcalibur|Protect|p1a: Baxcalibur\n|-singleturn|p1a: Baxcalibur|Protect\n|move|p2a: LUMBERJACK|Bitter Blade|p1a: Baxcalibur\n|-activate|p1a: Baxcalibur|move: Protect\n|\n|upkeep\n|turn|8\n|\n|t:|1683567405\n|move|p1a: Baxcalibur|Glaive Rush|p2a: LUMBERJACK\n|-damage|p2a: LUMBERJACK|0 fnt\n|-singlemove|p1a: Baxcalibur|Glaive Rush|[silent]\n|faint|p2a: LUMBERJACK\n|\n|win|nororivgc\n|raw|nororivgc's rating: 1423 → 1444<\/strong> (+21 for winning)\n|raw|SwampCorner's rating: 1446 → 1425<\/strong> (-21 for losing)\n|l|\u2606nororivgc\n","uploadtime":1683568119,"views":13,"p1id":"nororivgc","p2id":"swampcorner","formatid":"gen9vgc2023regulationc","rating":1425,"private":0,"password":""}