{"id":"gen9vgc2023regulationc-1861619561","p1":"Xkmn","p2":"WumbosaurusRex","format":"[Gen 9] VGC 2023 Regulation C","log":"|j|\u2606Xkmn\n|j|\u2606WumbosaurusRex\n|t:|1683782646\n|gametype|doubles\n|player|p1|Xkmn|102|1000\n|player|p2|WumbosaurusRex|170|1000\n|teamsize|p1|6\n|teamsize|p2|6\n|gen|9\n|tier|[Gen 9] VGC 2023 Regulation C\n|rated|\n|rule|Species Clause: Limit one of each Pok\u00e9mon\n|rule|Item Clause: Limit one of each item\n|clearpoke\n|poke|p1|Klefki, L50, F|\n|poke|p1|Arcanine, L50, M|\n|poke|p1|Talonflame, L50, F|\n|poke|p1|Brute Bonnet, L50|\n|poke|p1|Drednaw, L50, M|\n|poke|p1|Ting-Lu, L50|\n|poke|p2|Azumarill, L50, M|\n|poke|p2|Maushold, L50|\n|poke|p2|Annihilape, L50, M|\n|poke|p2|Kingambit, L50, M|\n|poke|p2|Great Tusk, L50|\n|poke|p2|Torkoal, L50, M|\n|teampreview|4\n|\n|t:|1683782687\n|start\n|switch|p1a: Klefki|Klefki, L50, F|100\/100\n|switch|p1b: Drednaw|Drednaw, L50, M|100\/100\n|switch|p2a: Torkoal|Torkoal, L50, M|100\/100\n|switch|p2b: Great Tusk|Great Tusk, L50|100\/100\n|-weather|SunnyDay|[from] ability: Drought|[of] p2a: Torkoal\n|-activate|p2b: Great Tusk|ability: Protosynthesis\n|-start|p2b: Great Tusk|protosynthesisatk\n|turn|1\n|\n|t:|1683782715\n|move|p1a: Klefki|Rain Dance|p1a: Klefki\n|-weather|RainDance\n|-end|p2b: Great Tusk|Protosynthesis\n|move|p1b: Drednaw|Waterfall|p2b: Great Tusk\n|-supereffective|p2b: Great Tusk\n|-damage|p2b: Great Tusk|12\/100\n|move|p2b: Great Tusk|Headlong Rush|p1a: Klefki\n|-supereffective|p1a: Klefki\n|-damage|p1a: Klefki|0 fnt\n|-unboost|p2b: Great Tusk|def|1\n|-unboost|p2b: Great Tusk|spd|1\n|faint|p1a: Klefki\n|move|p2a: Torkoal|Yawn|p1b: Drednaw\n|-start|p1b: Drednaw|move: Yawn|[of] p2a: Torkoal\n|\n|-weather|RainDance|[upkeep]\n|upkeep\n|\n|t:|1683782728\n|switch|p1a: Ting-Lu|Ting-Lu, L50|100\/100\n|-ability|p1a: Ting-Lu|Vessel of Ruin\n|turn|2\n|\n|t:|1683782757\n|switch|p1b: Arcanine|Arcanine, L50, M|100\/100\n|-ability|p1b: Arcanine|Intimidate|boost\n|-unboost|p2a: Torkoal|atk|1\n|-unboost|p2b: Great Tusk|atk|1\n|-terastallize|p2a: Torkoal|Grass\n|move|p2a: Torkoal|Helping Hand|p2b: Great Tusk\n|-singleturn|p2b: Great Tusk|Helping Hand|[of] p2a: Torkoal\n|move|p2b: Great Tusk|Close Combat|p1a: Ting-Lu\n|-supereffective|p1a: Ting-Lu\n|-damage|p1a: Ting-Lu|36\/100\n|-unboost|p2b: Great Tusk|def|1\n|-unboost|p2b: Great Tusk|spd|1\n|move|p1a: Ting-Lu|Fissure|p2a: Torkoal|[miss]\n|-miss|p1a: Ting-Lu|p2a: Torkoal\n|\n|-weather|RainDance|[upkeep]\n|upkeep\n|turn|3\n|\n|t:|1683782782\n|move|p1a: Ting-Lu|Protect|p1a: Ting-Lu\n|-singleturn|p1a: Ting-Lu|Protect\n|move|p1b: Arcanine|Psychic Fangs|p2b: Great Tusk\n|-supereffective|p2b: Great Tusk\n|-damage|p2b: Great Tusk|0 fnt\n|faint|p2b: Great Tusk\n|-end|p2b: Great Tusk|Protosynthesis|[silent]\n|move|p2a: Torkoal|Yawn|p1b: Arcanine\n|-start|p1b: Arcanine|move: Yawn|[of] p2a: Torkoal\n|\n|-weather|RainDance|[upkeep]\n|upkeep\n|\n|t:|1683782797\n|switch|p2b: Azumarill|Azumarill, L50, M|100\/100\n|turn|4\n|\n|t:|1683782805\n|switch|p1b: Drednaw|Drednaw, L50, M|100\/100\n|move|p2b: Azumarill|Belly Drum|p2b: Azumarill\n|-damage|p2b: Azumarill|51\/100\n|-setboost|p2b: Azumarill|atk|6|[from] move: Belly Drum\n|move|p1a: Ting-Lu|Fissure|p2b: Azumarill|[miss]\n|-miss|p1a: Ting-Lu|p2b: Azumarill\n|move|p2a: Torkoal|Eruption|p1b: Drednaw|[spread] p1a,p1b\n|-resisted|p1b: Drednaw\n|-crit|p1b: Drednaw\n|-damage|p1a: Ting-Lu|26\/100\n|-damage|p1b: Drednaw|94\/100\n|\n|-weather|RainDance|[upkeep]\n|upkeep\n|turn|5\n|\n|t:|1683782835\n|-terastallize|p1b: Drednaw|Water\n|move|p2a: Torkoal|Helping Hand|p2b: Azumarill\n|-singleturn|p2b: Azumarill|Helping Hand|[of] p2a: Torkoal\n|move|p1b: Drednaw|Rock Slide|p2b: Azumarill|[spread] p2a,p2b\n|-damage|p2a: Torkoal|84\/100\n|-damage|p2b: Azumarill|25\/100\n|-enditem|p2b: Azumarill|Sitrus Berry|[eat]\n|-heal|p2b: Azumarill|49\/100|[from] item: Sitrus Berry\n|-heal|p1b: Drednaw|99\/100|[from] item: Shell Bell|[of] p2b: Azumarill\n|move|p2b: Azumarill|Play Rough|p1b: Drednaw\n|-damage|p1b: Drednaw|0 fnt\n|faint|p1b: Drednaw\n|move|p1a: Ting-Lu|Stomping Tantrum|p2b: Azumarill\n|-damage|p2b: Azumarill|0 fnt\n|faint|p2b: Azumarill\n|\n|-weather|none\n|upkeep\n|\n|t:|1683782851\n|switch|p1b: Arcanine|Arcanine, L50, M|100\/100\n|switch|p2b: Maushold|Maushold, L50|100\/100\n|-ability|p1b: Arcanine|Intimidate|boost\n|-unboost|p2a: Torkoal|atk|1\n|-unboost|p2b: Maushold|atk|1\n|turn|6\n|\n|t:|1683782872\n|move|p1a: Ting-Lu|Protect|p1a: Ting-Lu\n|-singleturn|p1a: Ting-Lu|Protect\n|move|p2b: Maushold|Play Rough|p1a: Ting-Lu\n|-activate|p1a: Ting-Lu|move: Protect\n|move|p1b: Arcanine|Will-O-Wisp|p2b: Maushold\n|-status|p2b: Maushold|brn\n|move|p2a: Torkoal|Eruption|p1a: Ting-Lu|[spread] p1b\n|-activate|p1a: Ting-Lu|move: Protect\n|-resisted|p1b: Arcanine\n|-damage|p1b: Arcanine|87\/100\n|\n|-damage|p2b: Maushold|94\/100 brn|[from] brn\n|upkeep\n|turn|7\n|\n|t:|1683782901\n|move|p2b: Maushold|Population Bomb|p1a: Ting-Lu\n|-damage|p1a: Ting-Lu|25\/100\n|-enditem|p1a: Ting-Lu|Aguav Berry|[eat]\n|-heal|p1a: Ting-Lu|59\/100|[from] item: Aguav Berry\n|-damage|p1a: Ting-Lu|57\/100\n|-damage|p1a: Ting-Lu|56\/100\n|-crit|p1a: Ting-Lu\n|-damage|p1a: Ting-Lu|54\/100\n|-damage|p1a: Ting-Lu|53\/100\n|-damage|p1a: Ting-Lu|52\/100\n|-damage|p1a: Ting-Lu|50\/100\n|-damage|p1a: Ting-Lu|49\/100\n|-damage|p1a: Ting-Lu|48\/100\n|-damage|p1a: Ting-Lu|47\/100\n|-hitcount|p1a: Ting-Lu|10\n|move|p1b: Arcanine|Flare Blitz|p2a: Torkoal\n|-supereffective|p2a: Torkoal\n|-damage|p2a: Torkoal|42\/100\n|-damage|p1b: Arcanine|75\/100|[from] Recoil\n|move|p1a: Ting-Lu|Fissure|p2b: Maushold|[miss]\n|-miss|p1a: Ting-Lu|p2b: Maushold\n|move|p2a: Torkoal|Yawn|p1b: Arcanine\n|-start|p1b: Arcanine|move: Yawn|[of] p2a: Torkoal\n|\n|-damage|p2b: Maushold|88\/100 brn|[from] brn\n|upkeep\n|turn|8\n|\n|t:|1683782935\n|move|p2a: Torkoal|Helping Hand|p2b: Maushold\n|-singleturn|p2b: Maushold|Helping Hand|[of] p2a: Torkoal\n|move|p2b: Maushold|Play Rough|p1b: Arcanine\n|-resisted|p1b: Arcanine\n|-damage|p1b: Arcanine|72\/100\n|move|p1b: Arcanine|Flare Blitz|p2a: Torkoal\n|-supereffective|p2a: Torkoal\n|-damage|p2a: Torkoal|0 fnt\n|faint|p2a: Torkoal\n|-damage|p1b: Arcanine|59\/100|[from] Recoil\n|move|p1a: Ting-Lu|Stomping Tantrum|p2b: Maushold\n|-damage|p2b: Maushold|20\/100 brn\n|\n|-damage|p2b: Maushold|14\/100 brn|[from] brn\n|-end|p1b: Arcanine|move: Yawn|[silent]\n|-status|p1b: Arcanine|slp\n|upkeep\n|turn|9\n|\n|t:|1683782951\n|move|p1a: Ting-Lu|Protect|p1a: Ting-Lu\n|-singleturn|p1a: Ting-Lu|Protect\n|move|p2b: Maushold|Play Rough|p1a: Ting-Lu\n|-activate|p1a: Ting-Lu|move: Protect\n|cant|p1b: Arcanine|slp\n|\n|-damage|p2b: Maushold|8\/100 brn|[from] brn\n|upkeep\n|turn|10\n|\n|t:|1683782961\n|move|p1a: Ting-Lu|Protect|p1a: Ting-Lu\n|-singleturn|p1a: Ting-Lu|Protect\n|move|p2b: Maushold|Population Bomb|p1a: Ting-Lu\n|-activate|p1a: Ting-Lu|move: Protect\n|cant|p1b: Arcanine|slp\n|\n|-damage|p2b: Maushold|2\/100 brn|[from] brn\n|upkeep\n|turn|11\n|-message|WumbosaurusRex forfeited.\n|\n|win|Xkmn\n|raw|Xkmn's rating: 1000 → 1040<\/strong> (+40 for winning)\n|raw|WumbosaurusRex's rating: 1000 → 1000<\/strong> (+0 for losing)\n|l|\u2606WumbosaurusRex\n","uploadtime":1683782980,"views":11,"p1id":"xkmn","p2id":"wumbosaurusrex","formatid":"gen9vgc2023regulationc","rating":1000,"private":0,"password":""}