{"id":"gen9vgc2023regulationc-1847800637","p1":"Humanberrito 2.0","p2":"justtestingforVGC","format":"[Gen 9] VGC 2023 Regulation C","log":"|j|\u2606Humanberrito 2.0\n|j|\u2606justtestingforVGC\n|t:|1682003068\n|gametype|doubles\n|player|p1|Humanberrito 2.0|unknown|1156\n|player|p2|justtestingforVGC|steven|1087\n|teamsize|p1|6\n|teamsize|p2|6\n|gen|9\n|tier|[Gen 9] VGC 2023 Regulation C\n|rated|\n|rule|Species Clause: Limit one of each Pok\u00e9mon\n|rule|Item Clause: Limit one of each item\n|clearpoke\n|poke|p1|Flutter Mane, L50|\n|poke|p1|Ting-Lu, L50|\n|poke|p1|Arcanine, L50, M|\n|poke|p1|Palafin, L50, F|\n|poke|p1|Chien-Pao, L50|\n|poke|p1|Pelipper, L50, M|\n|poke|p2|Corviknight, L50, M|\n|poke|p2|Espathra, L50, M|\n|poke|p2|Iron Bundle, L50|\n|poke|p2|Amoonguss, L50, F|\n|poke|p2|Chi-Yu, L50|\n|poke|p2|Iron Hands, L50|\n|teampreview|4\nHumanberrito 2.0 has agreed to open team sheets.\njusttestingforVGC has agreed to open team sheets.\n|inactive|Battle timer is ON: inactive players will automatically lose when time's up. (requested by justtestingforVGC)\n|\n|t:|1682003158\n|start\n|switch|p1a: Flutter Mane|Flutter Mane, L50|100\/100\n|switch|p1b: Palafin|Palafin, L50, F|100\/100\n|switch|p2a: Espathra|Espathra, L50, M|100\/100\n|switch|p2b: Iron Bundle|Iron Bundle, L50|100\/100\n|-enditem|p2b: Iron Bundle|Booster Energy\n|-activate|p2b: Iron Bundle|ability: Quark Drive|[fromitem]\n|-start|p2b: Iron Bundle|quarkdrivespe\n|turn|1\n|\n|t:|1682003182\n|detailschange|p1b: Palafin|Palafin-Hero, L50, F\n|switch|p1b: Arcanine|Arcanine, L50, M|100\/100\n|-ability|p1b: Arcanine|Intimidate|boost\n|-unboost|p2a: Espathra|atk|1\n|-unboost|p2b: Iron Bundle|atk|1\n|move|p2a: Espathra|Protect|p2a: Espathra\n|-singleturn|p2a: Espathra|Protect\n|move|p2b: Iron Bundle|Icy Wind|p1b: Arcanine|[spread] p1a,p1b\n|-resisted|p1b: Arcanine\n|-damage|p1a: Flutter Mane|79\/100\n|-damage|p1b: Arcanine|92\/100\n|-unboost|p1a: Flutter Mane|spe|1\n|-unboost|p1b: Arcanine|spe|1\n|move|p1a: Flutter Mane|Power Gem|p2b: Iron Bundle\n|-supereffective|p2b: Iron Bundle\n|-damage|p2b: Iron Bundle|0 fnt\n|faint|p2b: Iron Bundle\n|-end|p2b: Iron Bundle|Quark Drive|[silent]\n|\n|-ability|p2a: Espathra|Speed Boost|boost\n|-boost|p2a: Espathra|spe|1\n|upkeep\n|inactive|justtestingforVGC has 30 seconds left.\n|\n|t:|1682003208\n|switch|p2b: Corviknight|Corviknight, L50, M, shiny|100\/100\n|turn|2\n|\n|t:|1682003229\n|-end|p1a: Flutter Mane|Protosynthesis|[silent]\n|switch|p1a: Ting-Lu|Ting-Lu, L50|100\/100\n|-ability|p1a: Ting-Lu|Vessel of Ruin\n|-terastallize|p2a: Espathra|Psychic\n|move|p2a: Espathra|Lumina Crash|p1b: Arcanine\n|-damage|p1b: Arcanine|56\/100\n|-unboost|p1b: Arcanine|spd|2\n|move|p2b: Corviknight|Iron Head|p1a: Ting-Lu\n|-damage|p1a: Ting-Lu|88\/100\n|move|p1b: Arcanine|Will-O-Wisp|p2b: Corviknight\n|-status|p2b: Corviknight|brn\n|\n|-damage|p2b: Corviknight|95\/100 brn|[from] brn\n|-ability|p2a: Espathra|Speed Boost|boost\n|-boost|p2a: Espathra|spe|1\n|upkeep\n|turn|3\n|inactive|Humanberrito 2.0 has 30 seconds left.\n|inactive|justtestingforVGC has 30 seconds left.\n|inactive|Humanberrito 2.0 has 20 seconds left.\n|inactive|Humanberrito 2.0 has 15 seconds left.\n|inactive|Humanberrito 2.0 has 10 seconds left.\n|\n|t:|1682003275\n|switch|p2b: Amoonguss|Amoonguss, L50, F|100\/100\n|switch|p1b: Palafin|Palafin-Hero, L50, F|100\/100\n|-activate|p1b: Palafin|ability: Zero to Hero\n|move|p2a: Espathra|Substitute|p2a: Espathra\n|-start|p2a: Espathra|Substitute\n|-damage|p2a: Espathra|76\/100\n|move|p1a: Ting-Lu|Mud-Slap|p2a: Espathra\n|-activate|p2a: Espathra|move: Substitute|[damage]\n|\n|-ability|p2a: Espathra|Speed Boost|boost\n|-boost|p2a: Espathra|spe|1\n|upkeep\n|turn|4\n|inactive|Humanberrito 2.0 has 30 seconds left.\n|inactive|Humanberrito 2.0 has 20 seconds left.\n|\n|t:|1682003314\n|move|p1b: Palafin|Jet Punch|p2a: Espathra\n|-end|p2a: Espathra|Substitute\n|move|p2a: Espathra|Lumina Crash|p1b: Palafin\n|-damage|p1b: Palafin|49\/100\n|-unboost|p1b: Palafin|spd|2\n|move|p1a: Ting-Lu|Mud-Slap|p2a: Espathra\n|-damage|p2a: Espathra|70\/100\n|-unboost|p2a: Espathra|accuracy|1\n|move|p2b: Amoonguss|Spore|p1a: Ting-Lu\n|-status|p1a: Ting-Lu|slp|[from] move: Spore\n|\n|-ability|p2a: Espathra|Speed Boost|boost\n|-boost|p2a: Espathra|spe|1\n|upkeep\n|turn|5\n|\n|t:|1682003336\n|switch|p1b: Arcanine|Arcanine, L50, M|56\/100\n|-ability|p1b: Arcanine|Intimidate|boost\n|-unboost|p2a: Espathra|atk|1\n|-unboost|p2b: Amoonguss|atk|1\n|move|p2a: Espathra|Protect|p2a: Espathra\n|-singleturn|p2a: Espathra|Protect\n|cant|p1a: Ting-Lu|slp\n|move|p2b: Amoonguss|Spore|p1b: Arcanine\n|-activate|p1b: Arcanine|item: Safety Goggles|Spore\n|\n|-ability|p2a: Espathra|Speed Boost|boost\n|-boost|p2a: Espathra|spe|1\n|upkeep\n|turn|6\n|\n|t:|1682003352\n|move|p2a: Espathra|Lumina Crash|p1b: Arcanine\n|-damage|p1b: Arcanine|18\/100\n|-unboost|p1b: Arcanine|spd|2\n|move|p1b: Arcanine|Snarl|p2a: Espathra|[spread] p2a,p2b\n|-supereffective|p2a: Espathra\n|-damage|p2a: Espathra|51\/100\n|-damage|p2b: Amoonguss|96\/100\n|-unboost|p2a: Espathra|spa|1\n|-unboost|p2b: Amoonguss|spa|1\n|-curestatus|p1a: Ting-Lu|slp|[msg]\n|move|p1a: Ting-Lu|Mud-Slap|p2a: Espathra\n|-damage|p2a: Espathra|44\/100\n|-unboost|p2a: Espathra|accuracy|1\n|move|p2b: Amoonguss|Pollen Puff|p1a: Ting-Lu\n|-supereffective|p1a: Ting-Lu\n|-damage|p1a: Ting-Lu|78\/100\n|\n|-ability|p2a: Espathra|Speed Boost|boost\n|-boost|p2a: Espathra|spe|1\n|upkeep\n|turn|7\n|inactive|Humanberrito 2.0 has 30 seconds left.\n|inactive|justtestingforVGC has 30 seconds left.\n|inactive|Humanberrito 2.0 has 20 seconds left.\n|inactive|justtestingforVGC has 20 seconds left.\n|\n|t:|1682003394\n|move|p1b: Arcanine|Protect|p1b: Arcanine\n|-singleturn|p1b: Arcanine|Protect\n|move|p2a: Espathra|Dazzling Gleam|p1a: Ting-Lu|[spread] p1a\n|-activate|p1b: Arcanine|move: Protect\n|-supereffective|p1a: Ting-Lu\n|-damage|p1a: Ting-Lu|69\/100\n|move|p1a: Ting-Lu|Mud-Slap|p2b: Amoonguss\n|-damage|p2b: Amoonguss|91\/100\n|-unboost|p2b: Amoonguss|accuracy|1\n|move|p2b: Amoonguss|Pollen Puff|p2a: Espathra|[miss]\n|-miss|p2b: Amoonguss|p2a: Espathra\n|\n|upkeep\n|turn|8\n|\n|t:|1682003415\n|switch|p1b: Flutter Mane|Flutter Mane, L50|79\/100\n|move|p2b: Amoonguss|Rage Powder|p2b: Amoonguss\n|-singleturn|p2b: Amoonguss|move: Rage Powder\n|move|p2a: Espathra|Dazzling Gleam|p1a: Ting-Lu|[spread] p1b\n|-miss|p2a: Espathra|p1a: Ting-Lu\n|-damage|p1b: Flutter Mane|70\/100\n|move|p1a: Ting-Lu|Mud-Slap|p2b: Amoonguss\n|-crit|p2b: Amoonguss\n|-damage|p2b: Amoonguss|87\/100\n|-unboost|p2b: Amoonguss|accuracy|1\n|\n|upkeep\n|turn|9\n|\n|t:|1682003437\n|switch|p2a: Corviknight|Corviknight, L50, M, shiny|95\/100 brn\n|move|p1b: Flutter Mane|Dazzling Gleam|p2b: Amoonguss|[spread] p2a,p2b\n|-resisted|p2a: Corviknight\n|-resisted|p2b: Amoonguss\n|-damage|p2a: Corviknight|83\/100 brn\n|-damage|p2b: Amoonguss|73\/100\n|move|p1a: Ting-Lu|Mud-Slap|p2b: Amoonguss\n|-damage|p2b: Amoonguss|70\/100\n|-unboost|p2b: Amoonguss|accuracy|1\n|move|p2b: Amoonguss|Spore|p1a: Ting-Lu|[miss]\n|-miss|p2b: Amoonguss|p1a: Ting-Lu\n|\n|-heal|p2a: Corviknight|89\/100 brn|[from] item: Leftovers\n|-damage|p2a: Corviknight|83\/100 brn|[from] brn\n|upkeep\n|turn|10\n|inactive|Humanberrito 2.0 has 30 seconds left.\n|\n|t:|1682003465\n|-end|p1b: Flutter Mane|Protosynthesis|[silent]\n|switch|p1b: Palafin|Palafin-Hero, L50, F|49\/100\n|switch|p2b: Espathra|Espathra, L50, M, tera:Psychic|44\/100\n|move|p2a: Corviknight|Iron Head|p1b: Palafin\n|-resisted|p1b: Palafin\n|-damage|p1b: Palafin|43\/100\n|move|p1a: Ting-Lu|Body Press|p2a: Corviknight\n|-damage|p2a: Corviknight|60\/100 brn\n|\n|-heal|p2a: Corviknight|65\/100 brn|[from] item: Leftovers\n|-damage|p2a: Corviknight|60\/100 brn|[from] brn\n|upkeep\n|turn|11\n|\n|t:|1682003487\n|switch|p2b: Amoonguss|Amoonguss, L50, F|100\/100\n|move|p1b: Palafin|Jet Punch|p2b: Amoonguss\n|-resisted|p2b: Amoonguss\n|-damage|p2b: Amoonguss|81\/100\n|move|p2a: Corviknight|Bulk Up|p2a: Corviknight\n|-boost|p2a: Corviknight|atk|1\n|-boost|p2a: Corviknight|def|1\n|move|p1a: Ting-Lu|Body Press|p2a: Corviknight\n|-damage|p2a: Corviknight|44\/100 brn\n|\n|-heal|p2a: Corviknight|50\/100 brn|[from] item: Leftovers\n|-damage|p2a: Corviknight|44\/100 brn|[from] brn\n|upkeep\n|turn|12\n|\n|t:|1682003505\n|-terastallize|p1b: Palafin|Water\n|move|p1b: Palafin|Wave Crash|p2a: Corviknight\n|-damage|p2a: Corviknight|0 fnt\n|faint|p2a: Corviknight\n|-damage|p1b: Palafin|27\/100|[from] Recoil\n|move|p1a: Ting-Lu|Body Press|p2b: Amoonguss\n|-resisted|p2b: Amoonguss\n|-damage|p2b: Amoonguss|69\/100\n|move|p2b: Amoonguss|Spore|p1b: Palafin\n|-status|p1b: Palafin|slp|[from] move: Spore\n|\n|upkeep\n|\n|t:|1682003517\n|switch|p2a: Espathra|Espathra, L50, M, tera:Psychic|44\/100\n|turn|13\n|\n|t:|1682003525\n|switch|p1b: Arcanine|Arcanine, L50, M|18\/100\n|-ability|p1b: Arcanine|Intimidate|boost\n|-unboost|p2a: Espathra|atk|1\n|-unboost|p2b: Amoonguss|atk|1\n|move|p2a: Espathra|Lumina Crash|p1b: Arcanine\n|-damage|p1b: Arcanine|0 fnt\n|faint|p1b: Arcanine\n|move|p1a: Ting-Lu|Mud-Slap|p2b: Amoonguss\n|-damage|p2b: Amoonguss|66\/100\n|-unboost|p2b: Amoonguss|accuracy|1\n|move|p2b: Amoonguss|Spore|p1a: Ting-Lu\n|-status|p1a: Ting-Lu|slp|[from] move: Spore\n|\n|-ability|p2a: Espathra|Speed Boost|boost\n|-boost|p2a: Espathra|spe|1\n|upkeep\n|\n|t:|1682003541\n|switch|p1b: Flutter Mane|Flutter Mane, L50|70\/100\n|turn|14\n|\n|t:|1682003558\n|move|p2a: Espathra|Lumina Crash|p1b: Flutter Mane\n|-damage|p1b: Flutter Mane|21\/100\n|-unboost|p1b: Flutter Mane|spd|2\n|move|p1b: Flutter Mane|Shadow Ball|p2a: Espathra\n|-supereffective|p2a: Espathra\n|-damage|p2a: Espathra|0 fnt\n|faint|p2a: Espathra\n|cant|p1a: Ting-Lu|slp\n|move|p2b: Amoonguss|Pollen Puff|p2: Espathra|[notarget]\n|-fail|p2b: Amoonguss\n|\n|upkeep\n|turn|15\n|-message|justtestingforVGC forfeited.\n|\n|win|Humanberrito 2.0\n|raw|Humanberrito 2.0's rating: 1156 → 1176<\/strong> (+20 for winning)\n|raw|justtestingforVGC's rating: 1087 → 1068<\/strong> (-19 for losing)\n|l|\u2606justtestingforVGC\n","uploadtime":1682003573,"views":9,"p1id":"humanberrito20","p2id":"justtestingforvgc","formatid":"gen9vgc2023regulationc","rating":1068,"private":0,"password":""}