{"id":"gen9vgc2023regulationc-1856855242","p1":"il_turco03","p2":"Jscoot12","format":"[Gen 9] VGC 2023 Regulation C","log":"|j|\u2606il_turco03\n|j|\u2606Jscoot12\n|t:|1683119769\n|gametype|doubles\n|player|p1|il_turco03|palmer|1248\n|player|p2|Jscoot12|169|1328\n|teamsize|p1|6\n|teamsize|p2|6\n|gen|9\n|tier|[Gen 9] VGC 2023 Regulation C\n|rated|\n|rule|Species Clause: Limit one of each Pok\u00e9mon\n|rule|Item Clause: Limit one of each item\n|clearpoke\n|poke|p1|Azumarill, L50, F|\n|poke|p1|Orthworm, L50, M|\n|poke|p1|Ting-Lu, L50|\n|poke|p1|Dragonite, L50, F|\n|poke|p1|Chien-Pao, L50|\n|poke|p1|Arcanine, L50, F|\n|poke|p2|Orthworm, L50, M|\n|poke|p2|Dragonite, L50, M|\n|poke|p2|Flutter Mane, L50|\n|poke|p2|Chi-Yu, L50|\n|poke|p2|Baxcalibur, L50, F|\n|poke|p2|Gyarados, L50, F|\n|teampreview|4\n|inactive|Battle timer is ON: inactive players will automatically lose when time's up. (requested by il_turco03)\n|inactive|il_turco03 has 60 seconds left.\n|inactive|Jscoot12 has 60 seconds left.\n|\n|t:|1683119804\n|start\n|switch|p1a: Arcanine|Arcanine, L50, F|100\/100\n|switch|p1b: Orthworm|Orthworm, L50, M|100\/100\n|switch|p2a: Flutter Mane|Flutter Mane, L50|100\/100\n|switch|p2b: Orthworm|Orthworm, L50, M|100\/100\n|-ability|p1a: Arcanine|Intimidate|boost\n|-unboost|p2a: Flutter Mane|atk|1\n|-unboost|p2b: Orthworm|atk|1\n|turn|1\n|inactive|il_turco03 has 30 seconds left.\n|inactive|Jscoot12 has 30 seconds left.\n|inactive|Jscoot12 has 20 seconds left.\n|inactive|il_turco03 has 20 seconds left.\n|inactive|Jscoot12 has 15 seconds left.\n|inactive|il_turco03 has 15 seconds left.\n|inactive|il_turco03 has 10 seconds left.\n|\n|t:|1683119857\n|-end|p2a: Flutter Mane|Protosynthesis|[silent]\n|switch|p2a: Gyarados|Gyarados, L50, F|100\/100\n|-ability|p2a: Gyarados|Intimidate|boost\n|-unboost|p1a: Arcanine|atk|1\n|-unboost|p1b: Orthworm|atk|1\n|-terastallize|p2b: Orthworm|Fire\n|move|p1a: Arcanine|Flare Blitz|p2b: Orthworm\n|-resisted|p2b: Orthworm\n|-damage|p2b: Orthworm|87\/100\n|-damage|p1a: Arcanine|96\/100|[from] Recoil\n|move|p2b: Orthworm|Body Press|p1b: Orthworm\n|-supereffective|p1b: Orthworm\n|-damage|p1b: Orthworm|61\/100\n|move|p1b: Orthworm|Heavy Slam|p2a: Gyarados\n|-resisted|p2a: Gyarados\n|-damage|p2a: Gyarados|96\/100\n|\n|upkeep\n|turn|2\n|inactive|il_turco03 has 30 seconds left.\n|inactive|Jscoot12 has 30 seconds left.\n|\n|t:|1683119889\n|switch|p1a: Azumarill|Azumarill, L50, F|100\/100\n|move|p2a: Gyarados|Thunder Wave|p1b: Orthworm\n|-status|p1b: Orthworm|par\n|move|p2b: Orthworm|Iron Defense|p2b: Orthworm\n|-boost|p2b: Orthworm|def|2\n|cant|p1b: Orthworm|par\n|\n|upkeep\n|turn|3\n|\n|t:|1683119911\n|move|p1a: Azumarill|Protect|p1a: Azumarill\n|-singleturn|p1a: Azumarill|Protect\n|move|p2a: Gyarados|Thunder Wave|p1a: Azumarill\n|-activate|p1a: Azumarill|move: Protect\n|move|p2b: Orthworm|Body Press|p1b: Orthworm\n|-supereffective|p1b: Orthworm\n|-damage|p1b: Orthworm|0 fnt\n|faint|p1b: Orthworm\n|\n|upkeep\n|\n|t:|1683119926\n|switch|p1b: Dragonite|Dragonite, L50, F|100\/100\n|turn|4\n|\n|t:|1683119950\n|switch|p1a: Arcanine|Arcanine, L50, F|96\/100\n|-ability|p1a: Arcanine|Intimidate|boost\n|-unboost|p2a: Gyarados|atk|1\n|-unboost|p2b: Orthworm|atk|1\n|move|p2a: Gyarados|Bulldoze|p1b: Dragonite|[spread] p1a\n|-heal|p2b: Orthworm|100\/100|[from] ability: Earth Eater|[of] p2a: Gyarados\n|-immune|p1b: Dragonite\n|-supereffective|p1a: Arcanine\n|-damage|p1a: Arcanine|75\/100\n|-unboost|p1a: Arcanine|spe|1\n|move|p1b: Dragonite|Dragon Dance|p1b: Dragonite\n|-boost|p1b: Dragonite|atk|1\n|-boost|p1b: Dragonite|spe|1\n|move|p2b: Orthworm|Shed Tail|p2b: Orthworm\n|-start|p2b: Orthworm|Substitute|[from] move: Shed Tail\n|-damage|p2b: Orthworm|50\/100\n|-enditem|p2b: Orthworm|Sitrus Berry|[eat]\n|-heal|p2b: Orthworm|75\/100|[from] item: Sitrus Berry\n|\n|t:|1683119968\n|switch|p2b: Flutter Mane|Flutter Mane, L50|100\/100|[from] Shed Tail\n|\n|upkeep\n|turn|5\n|inactive|il_turco03 has 30 seconds left.\n|inactive|il_turco03 has 20 seconds left.\n|\n|t:|1683120004\n|move|p2b: Flutter Mane|Dazzling Gleam|p1b: Dragonite|[spread] p1a,p1b\n|-resisted|p1a: Arcanine\n|-supereffective|p1b: Dragonite\n|-damage|p1a: Arcanine|53\/100\n|-damage|p1b: Dragonite|64\/100\n|move|p1b: Dragonite|Dragon Claw|p2b: Flutter Mane\n|-immune|p2b: Flutter Mane\n|move|p2a: Gyarados|Waterfall|p1a: Arcanine\n|-supereffective|p1a: Arcanine\n|-damage|p1a: Arcanine|3\/100\n|move|p1a: Arcanine|Flare Blitz|p2b: Flutter Mane\n|-end|p2b: Flutter Mane|Substitute\n|-damage|p1a: Arcanine|0 fnt|[from] Recoil|[of] p2b: Flutter Mane\n|faint|p1a: Arcanine\n|\n|upkeep\n|\n|t:|1683120017\n|switch|p1a: Azumarill|Azumarill, L50, F|100\/100\n|turn|6\n|\n|t:|1683120032\n|-terastallize|p1b: Dragonite|Normal\n|move|p2b: Flutter Mane|Dazzling Gleam|p1a: Azumarill|[spread] p1a,p1b\n|-damage|p1a: Azumarill|57\/100\n|-damage|p1b: Dragonite|27\/100\n|move|p1b: Dragonite|Dragon Dance|p1b: Dragonite\n|-boost|p1b: Dragonite|atk|1\n|-boost|p1b: Dragonite|spe|1\n|move|p2a: Gyarados|Thunder Wave|p1a: Azumarill\n|-status|p1a: Azumarill|par\n|move|p1a: Azumarill|Liquidation|p2b: Flutter Mane\n|-damage|p2b: Flutter Mane|0 fnt\n|faint|p2b: Flutter Mane\n|-end|p2b: Flutter Mane|Protosynthesis|[silent]\n|\n|upkeep\n|\n|t:|1683120048\n|switch|p2b: Orthworm|Orthworm, L50, M, tera:Fire|75\/100\n|turn|7\n|\n|t:|1683120061\n|move|p1b: Dragonite|Dragon Claw|p2a: Gyarados\n|-damage|p2a: Gyarados|5\/100\n|move|p2a: Gyarados|Bulldoze|p1b: Dragonite|[spread] p1a,p1b\n|-heal|p2b: Orthworm|99\/100|[from] ability: Earth Eater|[of] p2a: Gyarados\n|-damage|p1a: Azumarill|49\/100 par\n|-damage|p1b: Dragonite|19\/100\n|-unboost|p1a: Azumarill|spe|1\n|-unboost|p1b: Dragonite|spe|1\n|move|p2b: Orthworm|Body Press|p1b: Dragonite\n|-supereffective|p1b: Dragonite\n|-damage|p1b: Dragonite|0 fnt\n|faint|p1b: Dragonite\n|move|p1a: Azumarill|Liquidation|p2b: Orthworm\n|-supereffective|p2b: Orthworm\n|-damage|p2b: Orthworm|0 fnt\n|faint|p2b: Orthworm\n|\n|upkeep\n|\n|t:|1683120079\n|switch|p2b: Chi-Yu|Chi-Yu, L50|100\/100\n|-ability|p2b: Chi-Yu|Beads of Ruin\n|turn|8\n|\n|t:|1683120089\n|move|p2b: Chi-Yu|Dark Pulse|p1a: Azumarill\n|-resisted|p1a: Azumarill\n|-damage|p1a: Azumarill|15\/100 par\n|-damage|p2b: Chi-Yu|91\/100|[from] item: Life Orb\n|move|p2a: Gyarados|Waterfall|p1a: Azumarill\n|-resisted|p1a: Azumarill\n|-damage|p1a: Azumarill|4\/100 par\n|move|p1a: Azumarill|Liquidation|p2b: Chi-Yu\n|-supereffective|p2b: Chi-Yu\n|-damage|p2b: Chi-Yu|0 fnt\n|faint|p2b: Chi-Yu\n|\n|upkeep\n|turn|9\n|inactive|il_turco03 has 30 seconds left.\n|\n|t:|1683120116\n|move|p2a: Gyarados|Waterfall|p1a: Azumarill\n|-resisted|p1a: Azumarill\n|-damage|p1a: Azumarill|0 fnt\n|faint|p1a: Azumarill\n|\n|win|Jscoot12\n|raw|il_turco03's rating: 1248 → 1229<\/strong> (-19 for losing)\n|raw|Jscoot12's rating: 1328 → 1343<\/strong> (+15 for winning)\n|l|\u2606il_turco03\n","uploadtime":1683120124,"views":10,"p1id":"ilturco03","p2id":"jscoot12","formatid":"gen9vgc2023regulationc","rating":1229,"private":0,"password":""}