{"id":"gen9vgc2023regulationc-1855535081","p1":"WillieDangerously","p2":"Zan-07","format":"[Gen 9] VGC 2023 Regulation C","log":"|j|\u2606WillieDangerously\n|j|\u2606Zan-07\n|t:|1682959966\n|gametype|doubles\n|player|p1|WillieDangerously|psychic-gen4|1309\n|player|p2|Zan-07|pokemonbreeder-gen4|1344\n|teamsize|p1|6\n|teamsize|p2|6\n|gen|9\n|tier|[Gen 9] VGC 2023 Regulation C\n|rated|\n|rule|Species Clause: Limit one of each Pok\u00e9mon\n|rule|Item Clause: Limit one of each item\n|clearpoke\n|poke|p1|Espathra, L50, M|\n|poke|p1|Iron Bundle, L50|\n|poke|p1|Iron Valiant, L50|\n|poke|p1|Salamence, L50, F|\n|poke|p1|Scizor, L50, F|\n|poke|p1|Sandy Shocks, L50|\n|poke|p2|Glimmora, L50, F|\n|poke|p2|Palafin, L50, M|\n|poke|p2|Talonflame, L50, F|\n|poke|p2|Flutter Mane, L50|\n|poke|p2|Skeledirge, L50, F|\n|poke|p2|Wo-Chien, L50|\n|teampreview|4\n|inactive|Battle timer is ON: inactive players will automatically lose when time's up. (requested by Zan-07)\n|inactive|WillieDangerously has 60 seconds left.\n|inactive|WillieDangerously has 30 seconds left.\n|\n|t:|1682960030\n|start\n|switch|p1a: Sandy Shocks|Sandy Shocks, L50|100\/100\n|switch|p1b: Scizor|Scizor, L50, F|100\/100\n|switch|p2a: Glimmora|Glimmora, L50, F|100\/100\n|switch|p2b: Skeledirge|Skeledirge, L50, F|100\/100\n|-enditem|p1a: Sandy Shocks|Booster Energy\n|-activate|p1a: Sandy Shocks|ability: Protosynthesis|[fromitem]\n|-start|p1a: Sandy Shocks|protosynthesisspe\n|turn|1\n|inactive|WillieDangerously has 30 seconds left.\n|inactive|WillieDangerously has 20 seconds left.\n|inactive|WillieDangerously has 15 seconds left.\n|inactive|WillieDangerously has 10 seconds left.\n|\n|t:|1682960077\n|switch|p1b: Espathra|Espathra, L50, M|100\/100\n|-terastallize|p2b: Skeledirge|Grass\n|move|p1a: Sandy Shocks|Gravity|p1a: Sandy Shocks\n|-fieldstart|move: Gravity\n|move|p2a: Glimmora|Earth Power|p1a: Sandy Shocks\n|-supereffective|p1a: Sandy Shocks\n|-damage|p1a: Sandy Shocks|19\/100\n|move|p2b: Skeledirge|Torch Song|p1b: Espathra\n|-damage|p1b: Espathra|56\/100\n|-boost|p2b: Skeledirge|spa|1\n|-enditem|p2b: Skeledirge|Throat Spray\n|-boost|p2b: Skeledirge|spa|1|[from] item: Throat Spray\n|\n|upkeep\n|turn|2\n|\n|t:|1682960098\n|move|p1a: Sandy Shocks|Earth Power|p2a: Glimmora\n|-supereffective|p2a: Glimmora\n|-enditem|p2a: Glimmora|Focus Sash\n|-damage|p2a: Glimmora|1\/100\n|-unboost|p2a: Glimmora|spd|1\n|move|p1b: Espathra|Hypnosis|p2b: Skeledirge\n|-status|p2b: Skeledirge|slp|[from] move: Hypnosis\n|move|p2a: Glimmora|Mortal Spin|p1a: Sandy Shocks|[spread] p1a,p1b\n|-resisted|p1a: Sandy Shocks\n|-damage|p1a: Sandy Shocks|16\/100\n|-damage|p1b: Espathra|47\/100\n|-status|p1a: Sandy Shocks|psn\n|cant|p2b: Skeledirge|slp\n|\n|-damage|p1a: Sandy Shocks|4\/100 psn|[from] psn\n|-ability|p1b: Espathra|Speed Boost|boost\n|-boost|p1b: Espathra|spe|1\n|upkeep\n|turn|3\n|inactive|WillieDangerously has 30 seconds left.\n|inactive|Zan-07 has 30 seconds left.\n|\n|t:|1682960128\n|move|p1b: Espathra|Lumina Crash|p2b: Skeledirge\n|-damage|p2b: Skeledirge|74\/100 slp\n|-unboost|p2b: Skeledirge|spd|2\n|move|p1a: Sandy Shocks|Earth Power|p2a: Glimmora\n|-supereffective|p2a: Glimmora\n|-damage|p2a: Glimmora|0 fnt\n|faint|p2a: Glimmora\n|cant|p2b: Skeledirge|slp\n|\n|-damage|p1a: Sandy Shocks|0 fnt|[from] psn\n|faint|p1a: Sandy Shocks\n|-end|p1a: Sandy Shocks|Protosynthesis|[silent]\n|-ability|p1b: Espathra|Speed Boost|boost\n|-boost|p1b: Espathra|spe|1\n|upkeep\n|\n|t:|1682960140\n|switch|p1a: Scizor|Scizor, L50, F|100\/100\n|switch|p2a: Flutter Mane|Flutter Mane, L50|100\/100\n|-enditem|p2a: Flutter Mane|Booster Energy\n|-activate|p2a: Flutter Mane|ability: Protosynthesis|[fromitem]\n|-start|p2a: Flutter Mane|protosynthesisspe\n|turn|4\n|\n|t:|1682960161\n|-terastallize|p1a: Scizor|Fire\n|move|p1b: Espathra|Hypnosis|p2a: Flutter Mane\n|-status|p2a: Flutter Mane|slp|[from] move: Hypnosis\n|cant|p2a: Flutter Mane|slp\n|move|p1a: Scizor|Pounce|p2b: Skeledirge\n|-supereffective|p2b: Skeledirge\n|-damage|p2b: Skeledirge|2\/100 slp\n|-unboost|p2b: Skeledirge|spe|1\n|cant|p2b: Skeledirge|slp\n|\n|-ability|p1b: Espathra|Speed Boost|boost\n|-boost|p1b: Espathra|spe|1\n|upkeep\n|turn|5\n|\n|t:|1682960177\n|move|p1a: Scizor|Bullet Punch|p2a: Flutter Mane\n|-supereffective|p2a: Flutter Mane\n|-damage|p2a: Flutter Mane|0 fnt\n|faint|p2a: Flutter Mane\n|-end|p2a: Flutter Mane|Protosynthesis|[silent]\n|move|p1b: Espathra|Dazzling Gleam|p2b: Skeledirge\n|-damage|p2b: Skeledirge|0 fnt\n|faint|p2b: Skeledirge\n|\n|-fieldend|move: Gravity\n|-ability|p1b: Espathra|Speed Boost|boost\n|-boost|p1b: Espathra|spe|1\n|upkeep\n|\n|t:|1682960180\n|switch|p2b: Talonflame|Talonflame, L50, F|100\/100\n|turn|6\n|\n|t:|1682960189\n|move|p2b: Talonflame|Air Slash|p1b: Espathra\n|-damage|p1b: Espathra|16\/100\n|move|p1b: Espathra|Lumina Crash|p2b: Talonflame\n|-damage|p2b: Talonflame|62\/100\n|-unboost|p2b: Talonflame|spd|2\n|move|p1a: Scizor|Swords Dance|p1a: Scizor\n|-boost|p1a: Scizor|atk|2\n|\n|-ability|p1b: Espathra|Speed Boost|boost\n|-boost|p1b: Espathra|spe|1\n|upkeep\n|turn|7\n|\n|t:|1682960202\n|move|p1a: Scizor|Feint|p2b: Talonflame\n|-damage|p2b: Talonflame|15\/100\n|move|p1b: Espathra|Lumina Crash|p2b: Talonflame\n|-damage|p2b: Talonflame|0 fnt\n|faint|p2b: Talonflame\n|\n|win|WillieDangerously\n|raw|WillieDangerously's rating: 1309 → 1331<\/strong> (+22 for winning)\n|raw|Zan-07's rating: 1344 → 1322<\/strong> (-22 for losing)\n|l|\u2606Zan-07\n","uploadtime":1682960205,"views":17,"p1id":"williedangerously","p2id":"zan07","formatid":"gen9vgc2023regulationc","rating":1322,"private":0,"password":""}