{"id":"gen9vgc2023regulationc-1853234990","p1":"Snowmuse","p2":"Amar115","format":"[Gen 9] VGC 2023 Regulation C","log":"|j|\u2606Snowmuse\n|j|\u2606Amar115\n|t:|1682652518\n|gametype|doubles\n|player|p1|Snowmuse|cheryl|\n|player|p2|Amar115|170|\n|teamsize|p1|6\n|teamsize|p2|6\n|gen|9\n|tier|[Gen 9] VGC 2023 Regulation C\n|rule|Species Clause: Limit one of each Pok\u00e9mon\n|rule|Item Clause: Limit one of each item\n|clearpoke\n|poke|p1|Glimmora, L50, F|\n|poke|p1|Ceruledge, L50, F|\n|poke|p1|Weavile, L50, M|\n|poke|p1|Gyarados, L50, M|\n|poke|p1|Florges, L50, F|\n|poke|p1|Naclstack, L50, M|\n|poke|p2|Flutter Mane, L50|\n|poke|p2|Hydreigon, L50, M|\n|poke|p2|Chi-Yu, L50|\n|poke|p2|Vaporeon, L50, F|\n|poke|p2|Eelektross, L50, F|\n|poke|p2|Flamigo, L50, M|\n|teampreview|4\n|inactive|Battle timer is ON: inactive players will automatically lose when time's up. (requested by Amar115)\nAmar115 rejected open team sheets.\n|inactiveoff|Battle timer is now OFF.\n|\n|t:|1682652575\n|start\n|switch|p1a: Gaheris|Glimmora, L50, F|100\/100\n|switch|p1b: Pellinore|Gyarados, L50, M, shiny|100\/100\n|switch|p2a: Chi-Yu|Chi-Yu, L50|100\/100\n|switch|p2b: Hydreigon|Hydreigon, L50, M|100\/100\n|-ability|p2a: Chi-Yu|Beads of Ruin\n|turn|1\n|\n|t:|1682652600\n|switch|p2a: Eelektross|Eelektross, L50, F|100\/100\n|move|p1b: Pellinore|Icy Wind|p2b: Hydreigon|[spread] p2a,p2b\n|-crit|p2a: Eelektross\n|-supereffective|p2b: Hydreigon\n|-damage|p2a: Eelektross|92\/100\n|-damage|p2b: Hydreigon|87\/100\n|-unboost|p2a: Eelektross|spe|1\n|-unboost|p2b: Hydreigon|spe|1\n|move|p2b: Hydreigon|Earth Power|p1a: Gaheris\n|-supereffective|p1a: Gaheris\n|-damage|p1a: Gaheris|10\/100\n|move|p1a: Gaheris|Power Gem|p2a: Eelektross\n|-damage|p2a: Eelektross|51\/100\n|\n|upkeep\n|turn|2\n|\n|t:|1682652631\n|move|p1b: Pellinore|Icy Wind|p2a: Eelektross|[spread] p2a,p2b\n|-supereffective|p2b: Hydreigon\n|-damage|p2a: Eelektross|45\/100\n|-damage|p2b: Hydreigon|73\/100\n|-unboost|p2a: Eelektross|spe|1\n|-unboost|p2b: Hydreigon|spe|1\n|move|p1a: Gaheris|Sludge Bomb|p2a: Eelektross\n|-damage|p2a: Eelektross|4\/100\n|-status|p2a: Eelektross|psn\n|move|p2b: Hydreigon|Flash Cannon|p1a: Gaheris\n|-supereffective|p1a: Gaheris\n|-damage|p1a: Gaheris|0 fnt\n|faint|p1a: Gaheris\n|move|p2a: Eelektross|Thunder Punch|p1b: Pellinore\n|-supereffective|p1b: Pellinore\n|-damage|p1b: Pellinore|0 fnt\n|faint|p1b: Pellinore\n|\n|-damage|p2a: Eelektross|0 fnt|[from] psn\n|faint|p2a: Eelektross\n|upkeep\n|\n|t:|1682652649\n|switch|p1b: Bedivere|Naclstack, L50, M|100\/100\n|switch|p1a: Galahad|Ceruledge, L50, F|100\/100\n|switch|p2a: Chi-Yu|Chi-Yu, L50|100\/100\n|-ability|p2a: Chi-Yu|Beads of Ruin\n|turn|3\n|\n|t:|1682652670\n|-terastallize|p1a: Galahad|Fairy\n|-terastallize|p2b: Hydreigon|Ground\n|move|p2a: Chi-Yu|Protect|p2a: Chi-Yu\n|-singleturn|p2a: Chi-Yu|Protect\n|move|p1a: Galahad|Bitter Blade|p2b: Hydreigon\n|-damage|p2b: Hydreigon|23\/100\n|move|p2b: Hydreigon|Earth Power|p1a: Galahad\n|-damage|p1a: Galahad|50\/100\n|-enditem|p1a: Galahad|Sitrus Berry|[eat]\n|-heal|p1a: Galahad|75\/100|[from] item: Sitrus Berry\n|move|p1b: Bedivere|Salt Cure|p2a: Chi-Yu\n|-activate|p2a: Chi-Yu|move: Protect\n|\n|upkeep\n|turn|4\n|\n|t:|1682652700\n|switch|p2b: Vaporeon|Vaporeon, L50, F|100\/100\n|move|p2a: Chi-Yu|Will-O-Wisp|p1b: Bedivere|[miss]\n|-miss|p2a: Chi-Yu|p1b: Bedivere\n|move|p1a: Galahad|Bitter Blade|p2b: Vaporeon\n|-resisted|p2b: Vaporeon\n|-damage|p2b: Vaporeon|83\/100\n|-heal|p1a: Galahad|87\/100|[from] drain|[of] p2b: Vaporeon\n|move|p1b: Bedivere|Salt Cure|p2a: Chi-Yu\n|-supereffective|p2a: Chi-Yu\n|-damage|p2a: Chi-Yu|64\/100\n|-start|p2a: Chi-Yu|Salt Cure\n|\n|-damage|p2a: Chi-Yu|52\/100|[from] Salt Cure\n|upkeep\n|turn|5\n|\n|t:|1682652737\n|move|p2a: Chi-Yu|Will-O-Wisp|p1b: Bedivere\n|-immune|p1b: Bedivere|[from] ability: Purifying Salt\n|move|p1a: Galahad|Bulk Up|p1a: Galahad\n|-boost|p1a: Galahad|atk|1\n|-boost|p1a: Galahad|def|1\n|move|p2b: Vaporeon|Fake Tears|p1a: Galahad\n|-unboost|p1a: Galahad|spd|2\n|move|p1b: Bedivere|Salt Cure|p2b: Vaporeon\n|-damage|p2b: Vaporeon|74\/100\n|-start|p2b: Vaporeon|Salt Cure\n|\n|-damage|p2a: Chi-Yu|39\/100|[from] Salt Cure\n|-damage|p2b: Vaporeon|50\/100|[from] Salt Cure\n|upkeep\n|turn|6\n|\n|t:|1682652760\n|move|p1a: Galahad|Protect|p1a: Galahad\n|-singleturn|p1a: Galahad|Protect\n|move|p2a: Chi-Yu|Dark Pulse|p1b: Bedivere\n|-damage|p1b: Bedivere|57\/100\n|move|p2b: Vaporeon|Muddy Water|p1b: Bedivere|[spread] p1b\n|-activate|p1a: Galahad|move: Protect\n|-supereffective|p1b: Bedivere\n|-damage|p1b: Bedivere|0 fnt\n|faint|p1b: Bedivere\n|\n|-damage|p2a: Chi-Yu|27\/100|[from] Salt Cure\n|-damage|p2b: Vaporeon|25\/100|[from] Salt Cure\n|upkeep\n|turn|7\n|\n|t:|1682652797\n|move|p2a: Chi-Yu|Dark Pulse|p1a: Galahad\n|-resisted|p1a: Galahad\n|-damage|p1a: Galahad|45\/100\n|move|p1a: Galahad|Bitter Blade|p2a: Chi-Yu\n|-resisted|p2a: Chi-Yu\n|-damage|p2a: Chi-Yu|0 fnt\n|-heal|p1a: Galahad|55\/100|[from] drain|[of] p2a: Chi-Yu\n|faint|p2a: Chi-Yu\n|move|p2b: Vaporeon|Chilling Water|p1a: Galahad\n|-damage|p1a: Galahad|10\/100\n|-unboost|p1a: Galahad|atk|1\n|\n|-damage|p2b: Vaporeon|0 fnt|[from] Salt Cure\n|faint|p2b: Vaporeon\n|upkeep\n|\n|t:|1682652811\n|switch|p2a: Hydreigon|Hydreigon, L50, M, tera:Ground|23\/100\n|turn|8\n|\n|t:|1682652820\n|move|p1a: Galahad|Protect|p1a: Galahad\n|-singleturn|p1a: Galahad|Protect\n|move|p2a: Hydreigon|Flash Cannon|p1a: Galahad\n|-activate|p1a: Galahad|move: Protect\n|\n|upkeep\n|turn|9\n|\n|t:|1682652827\n|move|p1a: Galahad|Shadow Sneak|p2a: Hydreigon\n|-damage|p2a: Hydreigon|1\/100\n|move|p2a: Hydreigon|Flash Cannon|p1a: Galahad\n|-supereffective|p1a: Galahad\n|-damage|p1a: Galahad|0 fnt\n|faint|p1a: Galahad\n|\n|win|Amar115\n|l|\u2606Snowmuse\n","uploadtime":1682652866,"views":11,"p1id":"snowmuse","p2id":"amar115","formatid":"gen9vgc2023regulationc","rating":0,"private":0,"password":""}