{"id":"gen9vgc2023regulationc-1851253520","p1":"hysaaron","p2":"Blade_Zabel","format":"[Gen 9] VGC 2023 Regulation C","log":"|j|\u2606hysaaron\n|j|\u2606Blade_Zabel\n|t:|1682429804\n|gametype|doubles\n|player|p1|hysaaron|2|1226\n|player|p2|Blade_Zabel|266|1310\n|teamsize|p1|6\n|teamsize|p2|6\n|gen|9\n|tier|[Gen 9] VGC 2023 Regulation C\n|rated|\n|rule|Species Clause: Limit one of each Pok\u00e9mon\n|rule|Item Clause: Limit one of each item\n|clearpoke\n|poke|p1|Talonflame, L50, M|\n|poke|p1|Magnezone, L50|\n|poke|p1|Great Tusk, L50|\n|poke|p1|Gyarados, L50, M|\n|poke|p1|Amoonguss, L50, F|\n|poke|p1|Ting-Lu, L50|\n|poke|p2|Chi-Yu, L50|\n|poke|p2|Flutter Mane, L50|\n|poke|p2|Iron Bundle, L50|\n|poke|p2|Wo-Chien, L50|\n|poke|p2|Arcanine, L50, M|\n|poke|p2|Great Tusk, L50|\n|teampreview|4\n|inactive|Battle timer is ON: inactive players will automatically lose when time's up. (requested by hysaaron)\n|inactive|hysaaron has 60 seconds left.\n|inactive|hysaaron has 30 seconds left.\n|\n|t:|1682429870\n|start\n|switch|p1a: Talonflame|Talonflame, L50, M, shiny|100\/100\n|switch|p1b: Great Tusk|Great Tusk, L50, shiny|100\/100\n|switch|p2a: Chi-Yu|Chi-Yu, L50|100\/100\n|switch|p2b: Iron Bundle|Iron Bundle, L50|100\/100\n|-ability|p2a: Chi-Yu|Beads of Ruin\n|turn|1\n|inactive|hysaaron has 30 seconds left.\n|inactive|hysaaron has 20 seconds left.\n|inactive|hysaaron has 15 seconds left.\n|inactive|hysaaron has 10 seconds left.\n|\n|t:|1682429918\n|switch|p2a: Arcanine|Arcanine, L50, M|100\/100\n|-ability|p2a: Arcanine|Intimidate|boost\n|-unboost|p1a: Talonflame|atk|1\n|-unboost|p1b: Great Tusk|atk|1\n|-terastallize|p1b: Great Tusk|Fire\n|move|p1a: Talonflame|Tailwind|p1a: Talonflame\n|-sidestart|p1: hysaaron|move: Tailwind\n|move|p1b: Great Tusk|Close Combat|p2b: Iron Bundle\n|-supereffective|p2b: Iron Bundle\n|-enditem|p2b: Iron Bundle|Focus Sash\n|-damage|p2b: Iron Bundle|1\/100\n|-unboost|p1b: Great Tusk|def|1\n|-unboost|p1b: Great Tusk|spd|1\n|move|p2b: Iron Bundle|Icy Wind|p1a: Talonflame|[spread] p1a,p1b\n|-resisted|p1b: Great Tusk\n|-damage|p1a: Talonflame|78\/100\n|-damage|p1b: Great Tusk|74\/100\n|-unboost|p1b: Great Tusk|spe|1\n|\n|upkeep\n|turn|2\n|inactive|hysaaron has 30 seconds left.\n|inactive|Blade_Zabel has 30 seconds left.\n|inactive|hysaaron has 20 seconds left.\n|inactive|Blade_Zabel has 20 seconds left.\n|inactive|hysaaron has 15 seconds left.\n|\n|t:|1682429961\n|move|p2a: Arcanine|Protect|p2a: Arcanine\n|-singleturn|p2a: Arcanine|Protect\n|move|p1a: Talonflame|Brave Bird|p2b: Iron Bundle\n|-damage|p2b: Iron Bundle|0 fnt\n|faint|p2b: Iron Bundle\n|-end|p2b: Iron Bundle|Quark Drive|[silent]\n|-damage|p1a: Talonflame|77\/100|[from] Recoil\n|move|p1b: Great Tusk|Close Combat|p2a: Arcanine\n|-activate|p2a: Arcanine|move: Protect\n|\n|upkeep\n|\n|t:|1682429975\n|switch|p2b: Flutter Mane|Flutter Mane, L50|100\/100\n|turn|3\n|\n|t:|1682429998\n|-end|p1b: Great Tusk|Protosynthesis|[silent]\n|switch|p1b: Gyarados|Gyarados, L50, M, shiny|100\/100\n|-ability|p1b: Gyarados|Intimidate|boost\n|-unboost|p2a: Arcanine|atk|1\n|-unboost|p2b: Flutter Mane|atk|1\n|switch|p2a: Chi-Yu|Chi-Yu, L50|100\/100\n|-ability|p2a: Chi-Yu|Beads of Ruin\n|move|p1a: Talonflame|Brave Bird|p2b: Flutter Mane\n|-damage|p2b: Flutter Mane|41\/100\n|-damage|p1a: Talonflame|63\/100|[from] Recoil\n|move|p2b: Flutter Mane|Shadow Ball|p1b: Gyarados\n|-damage|p1b: Gyarados|41\/100\n|-unboost|p1b: Gyarados|spd|1\n|-enditem|p1b: Gyarados|Sitrus Berry|[eat]\n|-heal|p1b: Gyarados|65\/100|[from] item: Sitrus Berry\n|-damage|p2b: Flutter Mane|31\/100|[from] item: Life Orb\n|\n|upkeep\n|turn|4\n|inactive|hysaaron has 30 seconds left.\n|inactive|Blade_Zabel has 30 seconds left.\n|inactive|Blade_Zabel has 20 seconds left.\n|inactive|Blade_Zabel has 15 seconds left.\n|\n|t:|1682430040\n|-end|p2b: Flutter Mane|Protosynthesis|[silent]\n|switch|p2b: Arcanine|Arcanine, L50, M|100\/100\n|-ability|p2b: Arcanine|Intimidate|boost\n|-unboost|p1a: Talonflame|atk|1\n|-unboost|p1b: Gyarados|atk|1\n|-terastallize|p2a: Chi-Yu|Ghost\n|move|p1a: Talonflame|Brave Bird|p2b: Arcanine\n|-crit|p2b: Arcanine\n|-damage|p2b: Arcanine|27\/100\n|-enditem|p2b: Arcanine|Sitrus Berry|[eat]\n|-heal|p2b: Arcanine|52\/100|[from] item: Sitrus Berry\n|-damage|p1a: Talonflame|37\/100|[from] Recoil\n|move|p1b: Gyarados|Waterfall|p2a: Chi-Yu\n|-damage|p2a: Chi-Yu|62\/100\n|move|p2a: Chi-Yu|Dark Pulse|p1a: Talonflame\n|-damage|p1a: Talonflame|0 fnt\n|faint|p1a: Talonflame\n|\n|-sideend|p1: hysaaron|move: Tailwind\n|upkeep\n|inactive|hysaaron has 30 seconds left.\n|\n|t:|1682430069\n|switch|p1a: Ting-Lu|Ting-Lu, L50|100\/100\n|-ability|p1a: Ting-Lu|Vessel of Ruin\n|turn|5\n|\n|t:|1682430090\n|move|p2a: Chi-Yu|Dark Pulse|p1b: Gyarados\n|-damage|p1b: Gyarados|0 fnt\n|faint|p1b: Gyarados\n|move|p2b: Arcanine|Will-O-Wisp|p1a: Ting-Lu\n|-status|p1a: Ting-Lu|brn\n|move|p1a: Ting-Lu|Bulldoze|p2a: Chi-Yu|[spread] p2a,p2b\n|-supereffective|p2b: Arcanine\n|-damage|p2a: Chi-Yu|44\/100\n|-damage|p2b: Arcanine|27\/100\n|-unboost|p2a: Chi-Yu|spe|1\n|-unboost|p2b: Arcanine|spe|1\n|\n|-damage|p1a: Ting-Lu|95\/100 brn|[from] brn\n|upkeep\n|\n|t:|1682430103\n|switch|p1b: Great Tusk|Great Tusk, L50, shiny, tera:Fire|74\/100\n|turn|6\n|inactive|hysaaron has 30 seconds left.\n|\n|t:|1682430134\n|move|p2b: Arcanine|Protect|p2b: Arcanine\n|-singleturn|p2b: Arcanine|Protect\n|move|p1b: Great Tusk|Headlong Rush|p2a: Chi-Yu\n|-damage|p2a: Chi-Yu|0 fnt\n|-unboost|p1b: Great Tusk|def|1\n|-unboost|p1b: Great Tusk|spd|1\n|faint|p2a: Chi-Yu\n|move|p1a: Ting-Lu|Heavy Slam|p2b: Arcanine\n|-activate|p2b: Arcanine|move: Protect\n|\n|-damage|p1a: Ting-Lu|89\/100 brn|[from] brn\n|upkeep\n|\n|t:|1682430147\n|switch|p2a: Flutter Mane|Flutter Mane, L50|31\/100\n|turn|7\n|inactive|Blade_Zabel has 30 seconds left.\n|\n|t:|1682430180\n|move|p1b: Great Tusk|Headlong Rush|p2b: Arcanine\n|-supereffective|p2b: Arcanine\n|-damage|p2b: Arcanine|0 fnt\n|-unboost|p1b: Great Tusk|def|1\n|-unboost|p1b: Great Tusk|spd|1\n|faint|p2b: Arcanine\n|move|p2a: Flutter Mane|Dazzling Gleam|p1a: Ting-Lu|[spread] p1a,p1b\n|-supereffective|p1a: Ting-Lu\n|-resisted|p1b: Great Tusk\n|-crit|p1b: Great Tusk\n|-damage|p1a: Ting-Lu|58\/100 brn\n|-damage|p1b: Great Tusk|0 fnt\n|faint|p1b: Great Tusk\n|-end|p1b: Great Tusk|Protosynthesis|[silent]\n|-damage|p2a: Flutter Mane|21\/100|[from] item: Life Orb\n|move|p1a: Ting-Lu|Heavy Slam|p2a: Flutter Mane\n|-supereffective|p2a: Flutter Mane\n|-damage|p2a: Flutter Mane|0 fnt\n|faint|p2a: Flutter Mane\n|-end|p2a: Flutter Mane|Protosynthesis|[silent]\n|\n|win|hysaaron\n|raw|hysaaron's rating: 1226 → 1257<\/strong> (+31 for winning)\n|raw|Blade_Zabel's rating: 1310 → 1285<\/strong> (-25 for losing)\n|l|\u2606Blade_Zabel\n","uploadtime":1682430202,"views":7,"p1id":"hysaaron","p2id":"bladezabel","formatid":"gen9vgc2023regulationc","rating":1257,"private":0,"password":""}