{"id":"gen9vgc2023regulationc-1850397739","p1":"pandemolde37","p2":"PackEmUpBoys","format":"[Gen 9] VGC 2023 Regulation C","log":"|j|\u2606pandemolde37\n|j|\u2606PackEmUpBoys\n|t:|1682330793\n|gametype|doubles\n|player|p1|pandemolde37|klara|1153\n|player|p2|PackEmUpBoys|1|1135\n|teamsize|p1|6\n|teamsize|p2|6\n|gen|9\n|tier|[Gen 9] VGC 2023 Regulation C\n|rated|\n|rule|Species Clause: Limit one of each Pok\u00e9mon\n|rule|Item Clause: Limit one of each item\n|clearpoke\n|poke|p1|Hatterene, L50, F|\n|poke|p1|Torkoal, L50, M|\n|poke|p1|Kingambit, L50, M|\n|poke|p1|Amoonguss, L50, M|\n|poke|p1|Hariyama, L50, M|\n|poke|p1|Oranguru, L50, M|\n|poke|p2|Arcanine, L50, F|\n|poke|p2|Palafin, L50, F|\n|poke|p2|Chien-Pao, L50|\n|poke|p2|Flutter Mane, L50|\n|poke|p2|Dragapult, L50, F|\n|poke|p2|Iron Hands, L50|\n|teampreview|4\n|inactive|Battle timer is ON: inactive players will automatically lose when time's up. (requested by PackEmUpBoys)\n|\n|t:|1682330820\n|start\n|switch|p1a: Oranguru|Oranguru, L50, M|100\/100\n|switch|p1b: Hariyama|Hariyama, L50, M|100\/100\n|switch|p2a: Chien-Pao|Chien-Pao, L50|100\/100\n|switch|p2b: Dragapult|Dragapult, L50, F, shiny|100\/100\n|-ability|p2a: Chien-Pao|Sword of Ruin\n|turn|1\n|\n|t:|1682330837\n|-terastallize|p2a: Chien-Pao|Ghost\n|move|p1b: Hariyama|Fake Out|p2a: Chien-Pao\n|-immune|p2a: Chien-Pao\n|move|p2b: Dragapult|Dragon Darts|p1a: Oranguru\n|-damage|p1a: Oranguru|52\/100\n|-anim|p2b: Dragapult|Dragon Darts|p1b: Hariyama\n|-damage|p1b: Hariyama|39\/100\n|move|p2a: Chien-Pao|Ice Spinner|p1a: Oranguru\n|-damage|p1a: Oranguru|0 fnt\n|faint|p1a: Oranguru\n|\n|-status|p1b: Hariyama|brn|[from] item: Flame Orb\n|upkeep\n|c|\u2606pandemolde37|wp\n|\n|t:|1682330851\n|switch|p1a: Kingambit|Kingambit, L50, M|100\/100\n|turn|2\n|c|\u2606PackEmUpBoys|\u26bd I LOVE BLUE LOCK!\n|c|\u2606pandemolde37|same actually\n|\n|t:|1682330867\n|move|p1b: Hariyama|Detect|p1b: Hariyama\n|-singleturn|p1b: Hariyama|Protect\n|move|p1a: Kingambit|Sucker Punch|p2a: Chien-Pao\n|-supereffective|p2a: Chien-Pao\n|-enditem|p2a: Chien-Pao|Focus Sash\n|-damage|p2a: Chien-Pao|1\/100\n|move|p2b: Dragapult|Dragon Darts|p1a: Kingambit\n|-resisted|p1a: Kingambit\n|-damage|p1a: Kingambit|82\/100\n|-anim|p2b: Dragapult|Dragon Darts|p1a: Kingambit\n|-resisted|p1a: Kingambit\n|-damage|p1a: Kingambit|63\/100\n|move|p2a: Chien-Pao|Sacred Sword|p1a: Kingambit\n|-supereffective|p1a: Kingambit\n|-damage|p1a: Kingambit|0 fnt\n|faint|p1a: Kingambit\n|\n|-damage|p1b: Hariyama|33\/100 brn|[from] brn\n|upkeep\n|\n|t:|1682330882\n|switch|p1a: Amoonguss|Amoonguss, L50, M, shiny|100\/100\n|turn|3\n|c|\u2606PackEmUpBoys|do you smell a goal\n|\n|t:|1682330899\n|move|p2a: Chien-Pao|Protect|p2a: Chien-Pao\n|-singleturn|p2a: Chien-Pao|Protect\n|move|p1a: Amoonguss|Rage Powder|p1a: Amoonguss\n|-singleturn|p1a: Amoonguss|move: Rage Powder\n|move|p2b: Dragapult|Dragon Darts|p1a: Amoonguss\n|-damage|p1a: Amoonguss|64\/100\n|-anim|p2b: Dragapult|Dragon Darts|p1a: Amoonguss\n|-damage|p1a: Amoonguss|22\/100\n|-enditem|p1a: Amoonguss|Sitrus Berry|[eat]\n|-heal|p1a: Amoonguss|47\/100|[from] item: Sitrus Berry\n|move|p1b: Hariyama|Headlong Rush|p2a: Chien-Pao\n|-activate|p2a: Chien-Pao|move: Protect\n|\n|-damage|p1b: Hariyama|27\/100 brn|[from] brn\n|upkeep\n|turn|4\n|c|\u2606pandemolde37|i smell a loss for me\n|c|\u2606PackEmUpBoys|No goals smelled\n|inactive|PackEmUpBoys has 30 seconds left.\n|\n|t:|1682330926\n|move|p2a: Chien-Pao|Protect||[still]\n|-fail|p2a: Chien-Pao\n|move|p2b: Dragapult|Dragon Darts|p1a: Amoonguss\n|-damage|p1a: Amoonguss|9\/100\n|-anim|p2b: Dragapult|Dragon Darts|p1b: Hariyama\n|-damage|p1b: Hariyama|0 fnt\n|faint|p1b: Hariyama\n|move|p1a: Amoonguss|Pollen Puff|p1: Hariyama|[notarget]\n|-fail|p1a: Amoonguss\n|\n|upkeep\n|turn|5\n|\n|t:|1682330937\n|move|p2b: Dragapult|Dragon Darts|p1a: Amoonguss\n|-damage|p1a: Amoonguss|0 fnt\n|faint|p1a: Amoonguss\n|\n|win|PackEmUpBoys\n|raw|pandemolde37's rating: 1153 → 1127<\/strong> (-26 for losing)\n|raw|PackEmUpBoys's rating: 1135 → 1161<\/strong> (+26 for winning)\n|c|\u2606pandemolde37|GGs\n|c|\u2606PackEmUpBoys|4 x\n|l|\u2606pandemolde37\n|c|\u2606PackEmUpBoys|You are now a replay\n","uploadtime":1682330951,"views":25,"p1id":"pandemolde37","p2id":"packemupboys","formatid":"gen9vgc2023regulationc","rating":1127,"private":0,"password":""}