{"id":"gen9vgc2023regulationc-1857073132","p1":"Laramoney","p2":"hyperoidyt","format":"[Gen 9] VGC 2023 Regulation C","log":"|j|\u2606Laramoney\n|j|\u2606hyperoidyt\n|t:|1683143130\n|gametype|doubles\n|player|p1|Laramoney|102|\n|player|p2|hyperoidyt|265|\n|teamsize|p1|6\n|teamsize|p2|6\n|gen|9\n|tier|[Gen 9] VGC 2023 Regulation C\n|rule|Species Clause: Limit one of each Pok\u00e9mon\n|rule|Item Clause: Limit one of each item\n|clearpoke\n|poke|p1|Grimmsnarl, L50, M|\n|poke|p1|Roaring Moon, L50|\n|poke|p1|Iron Bundle, L50|\n|poke|p1|Scizor, L50, F|\n|poke|p1|Tyranitar, L50, F|\n|poke|p1|Garchomp, L50, M|\n|poke|p2|Gengar, L50, F|\n|poke|p2|Scyther, L50, F|\n|poke|p2|Brambleghast, L50, M|\n|poke|p2|Grafaiai, L50, M|\n|poke|p2|Slaking, L50, M|\n|poke|p2|Annihilape, L50, F|\n|teampreview|4\n|c|\u2606hyperoidyt|glhf!\n|j| Olimario98\n|c|\u2606Laramoney|Glhf!\n|\n|t:|1683143166\n|start\n|switch|p1a: Iron Bundle|Iron Bundle, L50|100\/100\n|switch|p1b: Garchomp|Garchomp, L50, M|100\/100\n|switch|p2a: Scyther|Scyther, L50, F|100\/100\n|switch|p2b: Brambleghast|Brambleghast, L50, M|100\/100\n|turn|1\n|\n|t:|1683143186\n|move|p1a: Iron Bundle|Protect|p1a: Iron Bundle\n|-singleturn|p1a: Iron Bundle|Protect\n|move|p2b: Brambleghast|Protect|p2b: Brambleghast\n|-singleturn|p2b: Brambleghast|Protect\n|move|p2a: Scyther|Tailwind|p2a: Scyther\n|-sidestart|p2: hyperoidyt|move: Tailwind\n|-ability|p2b: Brambleghast|Wind Rider|boost\n|-boost|p2b: Brambleghast|atk|1\n|-enditem|p1b: Garchomp|Mirror Herb\n|-boost|p1b: Garchomp|atk|1|[from] item: Mirror Herb\n|move|p1b: Garchomp|Swords Dance|p1b: Garchomp\n|-boost|p1b: Garchomp|atk|2\n|\n|upkeep\n|turn|2\n|\n|t:|1683143205\n|-terastallize|p2b: Brambleghast|Fairy\n|move|p2a: Scyther|Helping Hand|p2b: Brambleghast\n|-singleturn|p2b: Brambleghast|Helping Hand|[of] p2a: Scyther\n|move|p2b: Brambleghast|Tera Blast|p1b: Garchomp\n|-supereffective|p1b: Garchomp\n|-damage|p1b: Garchomp|0 fnt\n|faint|p1b: Garchomp\n|-damage|p2b: Brambleghast|91\/100|[from] item: Life Orb\n|move|p1a: Iron Bundle|Encore|p2a: Scyther\n|-start|p2a: Scyther|Encore\n|\n|upkeep\n|\n|t:|1683143213\n|switch|p1b: Tyranitar|Tyranitar, L50, F|100\/100\n|-weather|Sandstorm|[from] ability: Sand Stream|[of] p1b: Tyranitar\n|turn|3\n|\n|t:|1683143236\n|-terastallize|p1b: Tyranitar|Rock\n|move|p2a: Scyther|Helping Hand|p2b: Brambleghast\n|-singleturn|p2b: Brambleghast|Helping Hand|[of] p2a: Scyther\n|move|p2b: Brambleghast|Seed Bomb|p1b: Tyranitar\n|-supereffective|p1b: Tyranitar\n|-damage|p1b: Tyranitar|0 fnt\n|faint|p1b: Tyranitar\n|-damage|p2b: Brambleghast|81\/100|[from] item: Life Orb\n|move|p1a: Iron Bundle|Freeze-Dry|p2a: Scyther\n|-supereffective|p2a: Scyther\n|-damage|p2a: Scyther|36\/100\n|\n|-weather|Sandstorm|[upkeep]\n|-damage|p2a: Scyther|30\/100|[from] Sandstorm\n|-damage|p2b: Brambleghast|75\/100|[from] Sandstorm\n|-damage|p1a: Iron Bundle|94\/100|[from] Sandstorm\n|upkeep\n|\n|t:|1683143243\n|switch|p1b: Roaring Moon|Roaring Moon, L50|100\/100\n|-enditem|p1b: Roaring Moon|Booster Energy\n|-activate|p1b: Roaring Moon|ability: Protosynthesis|[fromitem]\n|-start|p1b: Roaring Moon|protosynthesisatk\n|turn|4\n|\n|t:|1683143255\n|move|p2a: Scyther|Helping Hand|p2b: Brambleghast\n|-singleturn|p2b: Brambleghast|Helping Hand|[of] p2a: Scyther\n|move|p2b: Brambleghast|Tera Blast|p1b: Roaring Moon\n|-supereffective|p1b: Roaring Moon\n|-damage|p1b: Roaring Moon|0 fnt\n|faint|p1b: Roaring Moon\n|-end|p1b: Roaring Moon|Protosynthesis|[silent]\n|-damage|p2b: Brambleghast|65\/100|[from] item: Life Orb\n|move|p1a: Iron Bundle|Freeze-Dry|p2a: Scyther\n|-supereffective|p2a: Scyther\n|-damage|p2a: Scyther|0 fnt\n|faint|p2a: Scyther\n|\n|-weather|Sandstorm|[upkeep]\n|-damage|p2b: Brambleghast|59\/100|[from] Sandstorm\n|-damage|p1a: Iron Bundle|88\/100|[from] Sandstorm\n|-sideend|p2: hyperoidyt|move: Tailwind\n|upkeep\n|\n|t:|1683143274\n|switch|p2a: Ape Escape|Annihilape, L50, F|100\/100\n|turn|5\n|\n|t:|1683143285\n|move|p1a: Iron Bundle|Freeze-Dry|p2a: Ape Escape\n|-damage|p2a: Ape Escape|75\/100\n|move|p2a: Ape Escape|Close Combat|p1a: Iron Bundle\n|-supereffective|p1a: Iron Bundle\n|-damage|p1a: Iron Bundle|0 fnt\n|-unboost|p2a: Ape Escape|def|1\n|-unboost|p2a: Ape Escape|spd|1\n|faint|p1a: Iron Bundle\n|-end|p1a: Iron Bundle|Quark Drive|[silent]\n|\n|win|hyperoidyt\n|c|\u2606Laramoney|Gg!\n|c|\u2606hyperoidyt|gg\n|l|\u2606Laramoney\n","uploadtime":1683143298,"views":14,"p1id":"laramoney","p2id":"hyperoidyt","formatid":"gen9vgc2023regulationc","rating":0,"private":0,"password":""}