{"id":"gen9vgc2023regulationc-1858552920","p1":"Jadence","p2":"gorbyjorby","format":"[Gen 9] VGC 2023 Regulation C","log":"|j|\u2606Jadence\n|j|\u2606gorbyjorby\n|t:|1683324546\n|gametype|doubles\n|player|p1|Jadence|2|1000\n|player|p2|gorbyjorby|hoopster|1019\n|teamsize|p1|6\n|teamsize|p2|6\n|gen|9\n|tier|[Gen 9] VGC 2023 Regulation C\n|rated|\n|rule|Species Clause: Limit one of each Pok\u00e9mon\n|rule|Item Clause: Limit one of each item\n|clearpoke\n|poke|p1|Jolteon, L50, F|\n|poke|p1|Dudunsparce-*, L50, M|\n|poke|p1|Hatterene, L50, F|\n|poke|p1|Maushold-Four, L50|\n|poke|p1|Lycanroc-Dusk, L50, M|\n|poke|p1|Weavile, L50, M|\n|poke|p2|Klefki, L50, F|\n|poke|p2|Bronzong, L50|\n|poke|p2|Corviknight, L50, F|\n|poke|p2|Tinkaton, L50, F|\n|poke|p2|Iron Treads, L50|\n|poke|p2|Gholdengo, L50|\n|teampreview|4\nJadence has agreed to open team sheets.\ngorbyjorby has agreed to open team sheets.\n|inactive|Battle timer is ON: inactive players will automatically lose when time's up. (requested by Jadence)\n|\n|t:|1683324601\n|start\n|switch|p1a: Maushold|Maushold-Four, L50|100\/100\n|switch|p1b: Hatterene|Hatterene, L50, F|100\/100\n|switch|p2a: Iron Treads|Iron Treads, L50|100\/100\n|switch|p2b: Klefki|Klefki, L50, F|100\/100\n|-enditem|p2a: Iron Treads|Booster Energy\n|-activate|p2a: Iron Treads|ability: Quark Drive|[fromitem]\n|-start|p2a: Iron Treads|quarkdrivedef\n|turn|1\n|\n|t:|1683324620\n|switch|p2b: Corviknight|Corviknight, L50, F|100\/100\n|move|p1a: Maushold|Follow Me|p1a: Maushold\n|-singleturn|p1a: Maushold|move: Follow Me\n|move|p2a: Iron Treads|Bulldoze|p1a: Maushold|[spread] p1a,p1b\n|-immune|p2b: Corviknight\n|-damage|p1a: Maushold|77\/100\n|-damage|p1b: Hatterene|90\/100\n|-unboost|p1a: Maushold|spe|1\n|-unboost|p1b: Hatterene|spe|1\n|move|p1b: Hatterene|Calm Mind|p1b: Hatterene\n|-boost|p1b: Hatterene|spa|1\n|-boost|p1b: Hatterene|spd|1\n|\n|upkeep\n|turn|2\n|\n|t:|1683324642\n|move|p1a: Maushold|Follow Me|p1a: Maushold\n|-singleturn|p1a: Maushold|move: Follow Me\n|move|p2a: Iron Treads|Bulldoze|p1b: Hatterene|[spread] p1a,p1b\n|-immune|p2b: Corviknight\n|-damage|p1a: Maushold|55\/100\n|-damage|p1b: Hatterene|80\/100\n|-unboost|p1a: Maushold|spe|1\n|-unboost|p1b: Hatterene|spe|1\n|move|p2b: Corviknight|Drill Peck|p1a: Maushold\n|-damage|p1a: Maushold|25\/100\n|-enditem|p1a: Maushold|Mago Berry|[eat]\n|-heal|p1a: Maushold|58\/100|[from] item: Mago Berry\n|move|p1b: Hatterene|Calm Mind|p1b: Hatterene\n|-boost|p1b: Hatterene|spa|1\n|-boost|p1b: Hatterene|spd|1\n|\n|upkeep\n|turn|3\n|\n|t:|1683324660\n|move|p1a: Maushold|Protect|p1a: Maushold\n|-singleturn|p1a: Maushold|Protect\n|move|p2a: Iron Treads|Bulldoze|p1a: Maushold|[spread] p1b\n|-activate|p1a: Maushold|move: Protect\n|-immune|p2b: Corviknight\n|-damage|p1b: Hatterene|68\/100\n|-unboost|p1b: Hatterene|spe|1\n|move|p2b: Corviknight|Drill Peck|p1b: Hatterene\n|-damage|p1b: Hatterene|53\/100\n|move|p1b: Hatterene|Swords Dance|p1b: Hatterene\n|-boost|p1b: Hatterene|atk|2\n|\n|upkeep\n|turn|4\n|inactive|gorbyjorby has 30 seconds left.\n|\n|t:|1683324690\n|switch|p1a: Jolteon|Jolteon, L50, F|100\/100\n|move|p2a: Iron Treads|Protect|p2a: Iron Treads\n|-singleturn|p2a: Iron Treads|Protect\n|move|p2b: Corviknight|Drill Peck|p1b: Hatterene\n|-damage|p1b: Hatterene|31\/100\n|move|p1b: Hatterene|Baton Pass|p1b: Hatterene\n|\n|t:|1683324698\n|switch|p1b: Dudunsparce|Dudunsparce-Three-Segment, L50, M, shiny|100\/100|[from] Baton Pass\n|\n|upkeep\n|turn|5\n|c|\u2606gorbyjorby|oh god\n|inactive|gorbyjorby has 30 seconds left.\n|\n|t:|1683324730\n|switch|p2b: Bronzong|Bronzong, L50|100\/100\n|move|p1a: Jolteon|Pin Missile|p1b: Dudunsparce|[miss]\n|-miss|p1a: Jolteon|p1b: Dudunsparce\n|move|p2a: Iron Treads|Bulldoze|p1b: Dudunsparce|[spread] p1a,p1b\n|-immune|p2b: Bronzong|[from] ability: Levitate\n|-supereffective|p1a: Jolteon\n|-damage|p1a: Jolteon|47\/100\n|-damage|p1b: Dudunsparce|84\/100\n|-unboost|p1a: Jolteon|spe|1\n|-unboost|p1b: Dudunsparce|spe|1\n|move|p1b: Dudunsparce|Stored Power|p2a: Iron Treads\n|-resisted|p2a: Iron Treads\n|-damage|p2a: Iron Treads|50\/100\n|\n|upkeep\n|turn|6\n|inactive|gorbyjorby has 30 seconds left.\n|\n|t:|1683324765\n|move|p1a: Jolteon|Pin Missile|p1b: Dudunsparce\n|-damage|p1b: Dudunsparce|79\/100\n|-ability|p1b: Dudunsparce|Rattled|boost\n|-boost|p1b: Dudunsparce|spe|1\n|-damage|p1b: Dudunsparce|75\/100\n|-ability|p1b: Dudunsparce|Rattled|boost\n|-boost|p1b: Dudunsparce|spe|1\n|-hitcount|p1b: Dudunsparce|2\n|move|p2a: Iron Treads|Bulldoze|p1a: Jolteon|[spread] p1a,p1b\n|-immune|p2b: Bronzong|[from] ability: Levitate\n|-supereffective|p1a: Jolteon\n|-damage|p1a: Jolteon|0 fnt\n|-damage|p1b: Dudunsparce|60\/100\n|-unboost|p1b: Dudunsparce|spe|1\n|faint|p1a: Jolteon\n|move|p2b: Bronzong|Flash Cannon|p1b: Dudunsparce\n|-damage|p1b: Dudunsparce|47\/100\n|-unboost|p1b: Dudunsparce|spd|1\n|move|p1b: Dudunsparce|Stored Power|p2a: Iron Treads\n|-resisted|p2a: Iron Treads\n|-damage|p2a: Iron Treads|6\/100\n|\n|upkeep\n|c|\u2606gorbyjorby|i love you team lmfao\n|\n|t:|1683324783\n|switch|p1a: Maushold|Maushold-Four, L50|58\/100\n|turn|7\n|\n|t:|1683324792\n|move|p1a: Maushold|Protect|p1a: Maushold\n|-singleturn|p1a: Maushold|Protect\n|move|p2a: Iron Treads|Bulldoze|p1a: Maushold|[spread] p1b\n|-activate|p1a: Maushold|move: Protect\n|-immune|p2b: Bronzong|[from] ability: Levitate\n|-damage|p1b: Dudunsparce|35\/100\n|-unboost|p1b: Dudunsparce|spe|1\n|move|p2b: Bronzong|Flash Cannon|p1a: Maushold\n|-activate|p1a: Maushold|move: Protect\n|move|p1b: Dudunsparce|Roost|p1b: Dudunsparce\n|-heal|p1b: Dudunsparce|85\/100\n|-singleturn|p1b: Dudunsparce|move: Roost\n|\n|upkeep\n|turn|8\n|\n|t:|1683324815\n|move|p1a: Maushold|Rest|p1a: Maushold\n|-status|p1a: Maushold|slp|[from] move: Rest\n|-heal|p1a: Maushold|100\/100 slp|[silent]\n|move|p2a: Iron Treads|Bulldoze|p1a: Maushold|[spread] p1a,p1b\n|-immune|p2b: Bronzong|[from] ability: Levitate\n|-damage|p1a: Maushold|79\/100 slp\n|-damage|p1b: Dudunsparce|72\/100\n|-unboost|p1a: Maushold|spe|1\n|-unboost|p1b: Dudunsparce|spe|1\n|move|p2b: Bronzong|Flash Cannon|p1a: Maushold\n|-crit|p1a: Maushold\n|-damage|p1a: Maushold|36\/100 slp\n|move|p1b: Dudunsparce|Boomburst|p2a: Iron Treads|[spread] p1a,p2a,p2b\n|-resisted|p2a: Iron Treads\n|-resisted|p2b: Bronzong\n|-damage|p1a: Maushold|0 fnt\n|-damage|p2a: Iron Treads|0 fnt\n|-damage|p2b: Bronzong|67\/100\n|faint|p1a: Maushold\n|faint|p2a: Iron Treads\n|-end|p2a: Iron Treads|Quark Drive|[silent]\n|\n|upkeep\n|\n|t:|1683324833\n|switch|p1a: Hatterene|Hatterene, L50, F|31\/100\n|switch|p2a: Klefki|Klefki, L50, F|100\/100\n|turn|9\n|\n|t:|1683324854\n|-terastallize|p1b: Dudunsparce|Psychic\n|move|p2a: Klefki|Foul Play|p1b: Dudunsparce\n|-supereffective|p1b: Dudunsparce\n|-damage|p1b: Dudunsparce|0 fnt\n|faint|p1b: Dudunsparce\n|move|p1a: Hatterene|Psychic|p2a: Klefki\n|-resisted|p2a: Klefki\n|-damage|p2a: Klefki|77\/100\n|move|p2b: Bronzong|Flash Cannon|p1a: Hatterene\n|-supereffective|p1a: Hatterene\n|-damage|p1a: Hatterene|0 fnt\n|faint|p1a: Hatterene\n|\n|win|gorbyjorby\n|raw|Jadence's rating: 1000 → 1000<\/strong> (+0 for losing)\n|raw|gorbyjorby's rating: 1019 → 1054<\/strong> (+35 for winning)\n|c|\u2606Jadence|gg\\\n|l|\u2606Jadence\n|c|\u2606gorbyjorby|so good\n","uploadtime":1683324923,"views":8,"p1id":"jadence","p2id":"gorbyjorby","formatid":"gen9vgc2023regulationc","rating":1000,"private":0,"password":""}