{"id":"gen9vgc2023regulationc-1853069575","p1":"FuratBang","p2":"Haxxson","format":"[Gen 9] VGC 2023 Regulation C","log":"|j|\u2606FuratBang\n|j|\u2606Haxxson\n|t:|1682631574\n|gametype|doubles\n|player|p1|FuratBang|crasherwake|\n|player|p2|Haxxson|marshal|\n|teamsize|p1|6\n|teamsize|p2|6\n|gen|9\n|tier|[Gen 9] VGC 2023 Regulation C\n|rule|Species Clause: Limit one of each Pok\u00e9mon\n|rule|Item Clause: Limit one of each item\n|clearpoke\n|poke|p1|Iron Hands, L50|\n|poke|p1|Tauros-Paldea-Blaze, L50, M|\n|poke|p1|Rotom-Wash, L50|\n|poke|p1|Mimikyu, L50, M|\n|poke|p1|Zoroark, L50, F|\n|poke|p1|Goodra, L50, M|\n|poke|p2|Jumpluff, L50, M|\n|poke|p2|Volcarona, L50, M|\n|poke|p2|Krookodile, L50, M|\n|poke|p2|Annihilape, L50, F|\n|poke|p2|Rabsca, L50, F|\n|poke|p2|Jolteon, L50, M|\n|teampreview|4\n|inactive|Battle timer is ON: inactive players will automatically lose when time's up. (requested by Haxxson)\nHaxxson rejected open team sheets.\n|inactiveoff|Battle timer is now OFF.\n|c|\u2606Haxxson|G3\n|j| CoDameron\n|\n|t:|1682632960\n|start\n|switch|p1a: Iron Hands|Iron Hands, L50|100\/100\n|switch|p1b: Rotom|Rotom-Wash, L50|100\/100\n|switch|p2a: Bubbles|Jumpluff, L50, M|100\/100\n|switch|p2b: Stringer|Krookodile, L50, M|100\/100\n|-ability|p2b: Stringer|Intimidate|boost\n|-unboost|p1a: Iron Hands|atk|1\n|-unboost|p1b: Rotom|atk|1\n|turn|1\n|\n|t:|1682633001\n|switch|p2a: WMD|Rabsca, L50, F|100\/100\n|move|p1a: Iron Hands|Fake Out|p2b: Stringer\n|-damage|p2b: Stringer|89\/100\n|move|p1b: Rotom|Hydro Pump|p2b: Stringer\n|-supereffective|p2b: Stringer\n|-damage|p2b: Stringer|0 fnt\n|faint|p2b: Stringer\n|\n|upkeep\n|\n|t:|1682633011\n|switch|p2b: Bubbles|Jumpluff, L50, M|100\/100\n|turn|2\n|\n|t:|1682633064\n|-end|p1a: Iron Hands|Quark Drive|[silent]\n|switch|p1a: Mimikyu|Mimikyu, L50, M|100\/100\n|-terastallize|p2a: WMD|Psychic\n|move|p1b: Rotom|Hydro Pump|p2a: WMD\n|-damage|p2a: WMD|59\/100\n|move|p2b: Bubbles|Encore|p1b: Rotom\n|-start|p1b: Rotom|Encore\n|move|p2a: WMD|Calm Mind|p2a: WMD\n|-boost|p2a: WMD|spa|1\n|-boost|p2a: WMD|spd|1\n|\n|upkeep\n|turn|3\n|\n|t:|1682633149\n|move|p2a: WMD|Protect|p2a: WMD\n|-singleturn|p2a: WMD|Protect\n|move|p1b: Rotom|Hydro Pump|p2a: WMD\n|-activate|p2a: WMD|move: Protect\n|move|p2b: Bubbles|Reflect|p2b: Bubbles\n|-sidestart|p2: Haxxson|Reflect\n|move|p1a: Mimikyu|Shadow Claw|p2a: WMD\n|-activate|p2a: WMD|move: Protect\n|\n|upkeep\n|turn|4\n|\n|t:|1682633193\n|move|p1b: Rotom|Hydro Pump|p2a: WMD\n|-damage|p2a: WMD|31\/100\n|move|p2b: Bubbles|Strength Sap|p1a: Mimikyu\n|-unboost|p1a: Mimikyu|atk|1\n|move|p1a: Mimikyu|Shadow Claw|p2a: WMD\n|-supereffective|p2a: WMD\n|-damage|p2a: WMD|0 fnt\n|faint|p2a: WMD\n|-damage|p1a: Mimikyu|91\/100|[from] item: Life Orb\n|\n|upkeep\n|\n|t:|1682633203\n|switch|p2a: Omar|Annihilape, L50, F|100\/100\n|turn|5\n|\n|t:|1682633376\n|switch|p1b: Tauros|Tauros-Paldea-Blaze, L50, M|100\/100\n|-ability|p1b: Tauros|Intimidate|boost\n|-unboost|p2a: Omar|atk|1\n|-unboost|p2b: Bubbles|atk|1\n|switch|p1a: Iron Hands|Iron Hands, L50|100\/100\n|move|p2b: Bubbles|Pollen Puff|p1a: Iron Hands\n|-resisted|p1a: Iron Hands\n|-damage|p1a: Iron Hands|97\/100\n|move|p2a: Omar|Rage Fist|p1a: Iron Hands\n|-crit|p1a: Iron Hands\n|-damage|p1a: Iron Hands|76\/100\n|\n|upkeep\n|turn|6\n|c|\u2606FuratBang|lol\n|\n|t:|1682633456\n|move|p2b: Bubbles|Strength Sap|p1a: Iron Hands\n|-unboost|p1a: Iron Hands|atk|1\n|move|p1b: Tauros|Raging Bull|p2b: Bubbles\n|-sideend|p2: Haxxson|Reflect\n|-supereffective|p2b: Bubbles\n|-enditem|p2b: Bubbles|Focus Sash\n|-damage|p2b: Bubbles|1\/100\n|move|p2a: Omar|Bulk Up|p2a: Omar\n|-boost|p2a: Omar|atk|1\n|-boost|p2a: Omar|def|1\n|-enditem|p1b: Tauros|Mirror Herb\n|-boost|p1b: Tauros|atk|1|[from] item: Mirror Herb\n|-boost|p1b: Tauros|def|1|[from] item: Mirror Herb\n|move|p1a: Iron Hands|Play Rough|p2b: Bubbles\n|-damage|p2b: Bubbles|0 fnt\n|faint|p2b: Bubbles\n|\n|upkeep\n|turn|7\n|\n|t:|1682633508\n|-terastallize|p1b: Tauros|Fire\n|move|p1b: Tauros|Raging Bull|p2a: Omar\n|-damage|p2a: Omar|57\/100\n|move|p2a: Omar|Rage Fist|p1b: Tauros\n|-damage|p1b: Tauros|66\/100\n|move|p1a: Iron Hands|Play Rough|p2a: Omar\n|-supereffective|p2a: Omar\n|-damage|p2a: Omar|29\/100\n|\n|-heal|p2a: Omar|36\/100|[from] item: Leftovers\n|upkeep\n|turn|8\n|\n|t:|1682633529\n|move|p2a: Omar|Protect|p2a: Omar\n|-singleturn|p2a: Omar|Protect\n|move|p1b: Tauros|Raging Bull|p2a: Omar\n|-activate|p2a: Omar|move: Protect\n|move|p1a: Iron Hands|Play Rough|p2a: Omar\n|-activate|p2a: Omar|move: Protect\n|\n|-heal|p2a: Omar|42\/100|[from] item: Leftovers\n|upkeep\n|turn|9\n|c|\u2606FuratBang|ggs\n|\n|t:|1682633578\n|move|p2a: Omar|Protect|p2a: Omar\n|-singleturn|p2a: Omar|Protect\n|move|p1b: Tauros|Raging Bull|p2a: Omar\n|-activate|p2a: Omar|move: Protect\n|move|p1a: Iron Hands|Play Rough|p2a: Omar\n|-activate|p2a: Omar|move: Protect\n|\n|-heal|p2a: Omar|48\/100|[from] item: Leftovers\n|upkeep\n|turn|10\n|c|\u2606FuratBang|why\n|\n|t:|1682633596\n|move|p1b: Tauros|Raging Bull|p2a: Omar\n|-damage|p2a: Omar|4\/100\n|move|p2a: Omar|Rage Fist|p1b: Tauros\n|-damage|p1b: Tauros|0 fnt\n|faint|p1b: Tauros\n|move|p1a: Iron Hands|Play Rough|p2a: Omar\n|-supereffective|p2a: Omar\n|-damage|p2a: Omar|0 fnt\n|faint|p2a: Omar\n|\n|win|FuratBang\n|c|\u2606Haxxson|GG\n","uploadtime":1682633686,"views":32,"p1id":"furatbang","p2id":"haxxson","formatid":"gen9vgc2023regulationc","rating":0,"private":0,"password":""}