{"id":"gen9vgc2023regulationc-1857053636","p1":"Vast Universe","p2":"Taafeite","format":"[Gen 9] VGC 2023 Regulation C","log":"|j|\u2606Vast Universe\n|j|\u2606Taafeite\n|t:|1683141247\n|gametype|doubles\n|player|p1|Vast Universe|1|1086\n|player|p2|Taafeite|clerkf|1151\n|teamsize|p1|6\n|teamsize|p2|6\n|gen|9\n|tier|[Gen 9] VGC 2023 Regulation C\n|rated|\n|rule|Species Clause: Limit one of each Pok\u00e9mon\n|rule|Item Clause: Limit one of each item\n|clearpoke\n|poke|p1|Tinkaton, L50, F|\n|poke|p1|Ting-Lu, L50|\n|poke|p1|Tauros-Paldea-Blaze, L50, M|\n|poke|p1|Meowscarada, L50, F|\n|poke|p1|Rotom-Wash, L50|\n|poke|p1|Amoonguss, L50, M|\n|poke|p2|Lilligant, L50, F|\n|poke|p2|Torkoal, L50, F|\n|poke|p2|Great Tusk, L50|\n|poke|p2|Flutter Mane, L50|\n|poke|p2|Wo-Chien, L50|\n|poke|p2|Indeedee-F, L50, F|\n|teampreview|4\n|inactive|Battle timer is ON: inactive players will automatically lose when time's up. (requested by Vast Universe)\nTaafeite has agreed to open team sheets.\n|inactive|Vast Universe has 60 seconds left.\n|\n|t:|1683141292\n|start\n|switch|p1a: Tinkaton|Tinkaton, L50, F|100\/100\n|switch|p1b: Meowscarada|Meowscarada, L50, F, shiny|100\/100\n|switch|p2a: Flutter Mane|Flutter Mane, L50|100\/100\n|switch|p2b: Wo-Chien|Wo-Chien, L50|100\/100\n|-ability|p2b: Wo-Chien|Tablets of Ruin\n|turn|1\n|inactive|Taafeite has 30 seconds left.\n|\n|t:|1683141325\n|move|p2b: Wo-Chien|Protect|p2b: Wo-Chien\n|-singleturn|p2b: Wo-Chien|Protect\n|move|p2a: Flutter Mane|Moonblast|p1b: Meowscarada\n|-supereffective|p1b: Meowscarada\n|-damage|p1b: Meowscarada|0 fnt\n|faint|p1b: Meowscarada\n|-damage|p2a: Flutter Mane|91\/100|[from] item: Life Orb\n|move|p1a: Tinkaton|Gigaton Hammer|p2a: Flutter Mane\n|-supereffective|p2a: Flutter Mane\n|-damage|p2a: Flutter Mane|0 fnt\n|faint|p2a: Flutter Mane\n|-end|p2a: Flutter Mane|Protosynthesis|[silent]\n|\n|upkeep\n|\n|t:|1683141339\n|switch|p2a: Great Tusk|Great Tusk, L50|100\/100\n|switch|p1b: Tauros|Tauros-Paldea-Blaze, L50, M|100\/100\n|-ability|p1b: Tauros|Intimidate|boost\n|-unboost|p2a: Great Tusk|atk|1\n|-unboost|p2b: Wo-Chien|atk|1\n|turn|2\n|\n|t:|1683141362\n|switch|p2b: Indeedee|Indeedee-F, L50, F|100\/100\n|-fieldstart|move: Psychic Terrain|[from] ability: Psychic Surge|[of] p2b: Indeedee\n|-enditem|p2b: Indeedee|Psychic Seed\n|-boost|p2b: Indeedee|spd|1|[from] item: Psychic Seed\n|-terastallize|p1b: Tauros|Ground\n|move|p1a: Tinkaton|Protect|p1a: Tinkaton\n|-singleturn|p1a: Tinkaton|Protect\n|move|p1b: Tauros|Raging Bull|p2b: Indeedee\n|-damage|p2b: Indeedee|59\/100\n|move|p2a: Great Tusk|Earthquake|p1a: Tinkaton|[spread] p2b,p1b\n|-activate|p1a: Tinkaton|move: Protect\n|-damage|p2b: Indeedee|32\/100\n|-damage|p1b: Tauros|68\/100\n|\n|upkeep\n|turn|3\n|inactive|Taafeite has 30 seconds left.\n|\n|t:|1683141394\n|switch|p1a: Rotom|Rotom-Wash, L50|100\/100\n|-end|p2a: Great Tusk|Protosynthesis|[silent]\n|switch|p2a: Wo-Chien|Wo-Chien, L50|100\/100\n|-ability|p2a: Wo-Chien|Tablets of Ruin\n|move|p1b: Tauros|Earthquake|p2a: Wo-Chien|[spread] p2a,p2b\n|-immune|p1a: Rotom|[from] ability: Levitate\n|-resisted|p2a: Wo-Chien\n|-damage|p2a: Wo-Chien|90\/100\n|-damage|p2b: Indeedee|6\/100\n|move|p2b: Indeedee|Trick Room|p2b: Indeedee\n|-fieldstart|move: Trick Room|[of] p2b: Indeedee\n|\n|-heal|p2a: Wo-Chien|96\/100|[from] item: Leftovers\n|upkeep\n|turn|4\n|\n|t:|1683141417\n|move|p1b: Tauros|Protect|p1b: Tauros\n|-singleturn|p1b: Tauros|Protect\n|move|p2a: Wo-Chien|Pollen Puff|p2b: Indeedee\n|-heal|p2b: Indeedee|56\/100\n|move|p2b: Indeedee|Dazzling Gleam|p1a: Rotom|[spread] p1a\n|-activate|p1b: Tauros|move: Protect\n|-damage|p1a: Rotom|84\/100\n|move|p1a: Rotom|Volt Switch|p2a: Wo-Chien\n|-resisted|p2a: Wo-Chien\n|-damage|p2a: Wo-Chien|86\/100\n|\n|t:|1683141431\n|switch|p1a: Tinkaton|Tinkaton, L50, F|100\/100|[from] Volt Switch\n|\n|-heal|p2a: Wo-Chien|92\/100|[from] item: Leftovers\n|upkeep\n|turn|5\n|inactive|Taafeite has 30 seconds left.\n|\n|t:|1683141460\n|move|p2b: Indeedee|Helping Hand|p2a: Wo-Chien\n|-singleturn|p2a: Wo-Chien|Helping Hand|[of] p2b: Indeedee\n|move|p2a: Wo-Chien|Foul Play|p1b: Tauros\n|-damage|p1b: Tauros|0 fnt\n|faint|p1b: Tauros\n|move|p1a: Tinkaton|Gigaton Hammer|p2b: Indeedee\n|-damage|p2b: Indeedee|20\/100\n|\n|-heal|p2a: Wo-Chien|98\/100|[from] item: Leftovers\n|upkeep\n|\n|t:|1683141468\n|switch|p1b: Rotom|Rotom-Wash, L50|84\/100\n|turn|6\n|-message|Vast Universe forfeited.\n|\n|win|Taafeite\n|raw|Vast Universe's rating: 1064 → 1049<\/strong> (-15 for losing)\n|raw|Taafeite's rating: 1151 → 1170<\/strong> (+19 for winning)\n|l|\u2606Vast Universe\n","uploadtime":1683141487,"views":11,"p1id":"vastuniverse","p2id":"taafeite","formatid":"gen9vgc2023regulationc","rating":1049,"private":0,"password":""}