{"id":"gen9vgc2023regulationc-1852009239","p1":"SIMPATRICK","p2":"Stereodye","format":"[Gen 9] VGC 2023 Regulation C","log":"|j|\u2606SIMPATRICK\n|j|\u2606Stereodye\n|t:|1682516340\n|gametype|doubles\n|player|p1|SIMPATRICK|marlon|1321\n|player|p2|Stereodye|hilbert|1365\n|teamsize|p1|6\n|teamsize|p2|6\n|gen|9\n|tier|[Gen 9] VGC 2023 Regulation C\n|rated|\n|rule|Species Clause: Limit one of each Pok\u00e9mon\n|rule|Item Clause: Limit one of each item\n|clearpoke\n|poke|p1|Wo-Chien, L50|\n|poke|p1|Ting-Lu, L50|\n|poke|p1|Arcanine, L50, M|\n|poke|p1|Glimmora, L50, M|\n|poke|p1|Flutter Mane, L50|\n|poke|p1|Indeedee-F, L50, F|\n|poke|p2|Ting-Lu, L50|\n|poke|p2|Garchomp, L50, M|\n|poke|p2|Corviknight, L50, F|\n|poke|p2|Chi-Yu, L50|\n|poke|p2|Flutter Mane, L50|\n|poke|p2|Amoonguss, L50, M|\n|teampreview|4\n|\n|t:|1682516380\n|start\n|switch|p1a: Ting-Lu|Ting-Lu, L50|100\/100\n|switch|p1b: Arcanine|Arcanine, L50, M|100\/100\n|switch|p2a: Corviknight|Corviknight, L50, F|100\/100\n|switch|p2b: Flutter Mane|Flutter Mane, L50|100\/100\n|-ability|p1b: Arcanine|Intimidate|boost\n|-ability|p2a: Corviknight|Mirror Armor\n|-unboost|p1b: Arcanine|atk|1\n|-unboost|p2b: Flutter Mane|atk|1\n|-ability|p1a: Ting-Lu|Vessel of Ruin\n|turn|1\n|inactive|Battle timer is ON: inactive players will automatically lose when time's up. (requested by SIMPATRICK)\n|inactive|SIMPATRICK has 60 seconds left.\n|\n|t:|1682516410\n|-end|p2b: Flutter Mane|Protosynthesis|[silent]\n|switch|p2b: Ting-Lu|Ting-Lu, L50|100\/100\n|-ability|p2b: Ting-Lu|Vessel of Ruin\n|move|p1b: Arcanine|Will-O-Wisp|p2a: Corviknight|[miss]\n|-miss|p1b: Arcanine|p2a: Corviknight\n|move|p2a: Corviknight|Tailwind|p2a: Corviknight\n|-sidestart|p2: Stereodye|move: Tailwind\n|move|p1a: Ting-Lu|Heavy Slam|p2b: Ting-Lu\n|-damage|p2b: Ting-Lu|96\/100\n|\n|upkeep\n|turn|2\n|\n|t:|1682516432\n|-terastallize|p1b: Arcanine|Flying\n|move|p2a: Corviknight|Bulk Up|p2a: Corviknight\n|-boost|p2a: Corviknight|atk|1\n|-boost|p2a: Corviknight|def|1\n|move|p1b: Arcanine|Will-O-Wisp|p2a: Corviknight\n|-status|p2a: Corviknight|brn\n|move|p2b: Ting-Lu|Stomping Tantrum|p1b: Arcanine\n|-immune|p1b: Arcanine\n|move|p1a: Ting-Lu|Sand Tomb|p2b: Ting-Lu\n|-damage|p2b: Ting-Lu|90\/100\n|-activate|p2b: Ting-Lu|move: Sand Tomb|[of] p1a: Ting-Lu\n|\n|-damage|p2a: Corviknight|95\/100 brn|[from] brn\n|-damage|p2b: Ting-Lu|78\/100|[from] move: Sand Tomb|[partiallytrapped]\n|upkeep\n|turn|3\n|inactive|SIMPATRICK has 30 seconds left.\n|\n|t:|1682516458\n|move|p1b: Arcanine|Protect|p1b: Arcanine\n|-singleturn|p1b: Arcanine|Protect\n|move|p2a: Corviknight|Brave Bird|p1a: Ting-Lu\n|-damage|p1a: Ting-Lu|78\/100\n|-damage|p2a: Corviknight|85\/100 brn|[from] Recoil\n|move|p2b: Ting-Lu|Ruination|p1b: Arcanine\n|-activate|p1b: Arcanine|move: Protect\n|move|p1a: Ting-Lu|Ruination|p2b: Ting-Lu\n|-damage|p2b: Ting-Lu|39\/100\n|\n|-damage|p2a: Corviknight|79\/100 brn|[from] brn\n|-damage|p2b: Ting-Lu|27\/100|[from] move: Sand Tomb|[partiallytrapped]\n|upkeep\n|turn|4\n|inactive|SIMPATRICK has 30 seconds left.\n|\n|t:|1682516486\n|move|p2a: Corviknight|Bulk Up|p2a: Corviknight\n|-boost|p2a: Corviknight|atk|1\n|-boost|p2a: Corviknight|def|1\n|move|p1b: Arcanine|Flare Blitz|p2a: Corviknight\n|-supereffective|p2a: Corviknight\n|-enditem|p2a: Corviknight|Occa Berry|[eat]\n|-enditem|p2a: Corviknight|Occa Berry|[weaken]\n|-damage|p2a: Corviknight|65\/100 brn\n|-damage|p1b: Arcanine|96\/100|[from] Recoil\n|move|p2b: Ting-Lu|Ruination|p1b: Arcanine\n|-damage|p1b: Arcanine|48\/100\n|move|p1a: Ting-Lu|Ruination|p2a: Corviknight\n|-damage|p2a: Corviknight|33\/100 brn\n|\n|-damage|p2a: Corviknight|27\/100 brn|[from] brn\n|-damage|p2b: Ting-Lu|15\/100|[from] move: Sand Tomb|[partiallytrapped]\n|-sideend|p2: Stereodye|move: Tailwind\n|upkeep\n|turn|5\n|inactive|SIMPATRICK has 30 seconds left.\n|\n|t:|1682516514\n|move|p1b: Arcanine|Flare Blitz|p2a: Corviknight\n|-supereffective|p2a: Corviknight\n|-damage|p2a: Corviknight|0 fnt\n|faint|p2a: Corviknight\n|-damage|p1b: Arcanine|39\/100|[from] Recoil\n|move|p2b: Ting-Lu|Ruination|p1a: Ting-Lu|[miss]\n|-miss|p2b: Ting-Lu|p1a: Ting-Lu\n|move|p1a: Ting-Lu|Sand Tomb|p2b: Ting-Lu|[miss]\n|-miss|p1a: Ting-Lu|p2b: Ting-Lu\n|\n|-damage|p2b: Ting-Lu|3\/100|[from] move: Sand Tomb|[partiallytrapped]\n|upkeep\n|\n|t:|1682516520\n|switch|p2a: Flutter Mane|Flutter Mane, L50|100\/100\n|turn|6\n|\n|t:|1682516535\n|move|p1b: Arcanine|Protect|p1b: Arcanine\n|-singleturn|p1b: Arcanine|Protect\n|move|p2a: Flutter Mane|Thunderbolt|p1b: Arcanine\n|-activate|p1b: Arcanine|move: Protect\n|move|p2b: Ting-Lu|Throat Chop|p1a: Ting-Lu\n|-resisted|p1a: Ting-Lu\n|-damage|p1a: Ting-Lu|70\/100\n|-start|p1a: Ting-Lu|Throat Chop|[silent]\n|cant|p1a: Ting-Lu|move: Throat Chop\n|\n|-end|p2b: Ting-Lu|Sand Tomb|[partiallytrapped]\n|upkeep\n|turn|7\n|\n|t:|1682516553\n|move|p2a: Flutter Mane|Thunderbolt|p1b: Arcanine\n|-supereffective|p1b: Arcanine\n|-damage|p1b: Arcanine|0 fnt\n|faint|p1b: Arcanine\n|move|p1a: Ting-Lu|Heavy Slam|p2a: Flutter Mane\n|-supereffective|p2a: Flutter Mane\n|-enditem|p2a: Flutter Mane|Focus Sash\n|-damage|p2a: Flutter Mane|1\/100\n|move|p2b: Ting-Lu|Ruination|p1a: Ting-Lu\n|-damage|p1a: Ting-Lu|35\/100\n|\n|-end|p1a: Ting-Lu|Throat Chop|[silent]\n|upkeep\n|\n|t:|1682516566\n|switch|p1b: Flutter Mane|Flutter Mane, L50|100\/100\n|-enditem|p1b: Flutter Mane|Booster Energy\n|-activate|p1b: Flutter Mane|ability: Protosynthesis|[fromitem]\n|-start|p1b: Flutter Mane|protosynthesisspe\n|turn|8\n|\n|t:|1682516578\n|switch|p2b: Amoonguss|Amoonguss, L50, M|100\/100\n|move|p2a: Flutter Mane|Protect|p2a: Flutter Mane\n|-singleturn|p2a: Flutter Mane|Protect\n|move|p1b: Flutter Mane|Dazzling Gleam|p2a: Flutter Mane|[spread] p2b\n|-activate|p2a: Flutter Mane|move: Protect\n|-resisted|p2b: Amoonguss\n|-damage|p2b: Amoonguss|93\/100\n|move|p1a: Ting-Lu|Heavy Slam|p2a: Flutter Mane\n|-activate|p2a: Flutter Mane|move: Protect\n|\n|upkeep\n|turn|9\n|\n|t:|1682516596\n|move|p1b: Flutter Mane|Dazzling Gleam|p2a: Flutter Mane|[spread] p2a,p2b\n|-resisted|p2b: Amoonguss\n|-damage|p2a: Flutter Mane|0 fnt\n|-damage|p2b: Amoonguss|86\/100\n|faint|p2a: Flutter Mane\n|-end|p2a: Flutter Mane|Protosynthesis|[silent]\n|move|p1a: Ting-Lu|Ruination|p2b: Amoonguss\n|-damage|p2b: Amoonguss|43\/100\n|-enditem|p2b: Amoonguss|Sitrus Berry|[eat]\n|-heal|p2b: Amoonguss|68\/100|[from] item: Sitrus Berry\n|move|p2b: Amoonguss|Spore|p1b: Flutter Mane\n|-status|p1b: Flutter Mane|slp|[from] move: Spore\n|\n|upkeep\n|\n|t:|1682516599\n|switch|p2a: Ting-Lu|Ting-Lu, L50|3\/100\n|-ability|p2a: Ting-Lu|Vessel of Ruin\n|turn|10\n|\n|t:|1682516616\n|-end|p1b: Flutter Mane|Protosynthesis|[silent]\n|switch|p1b: Glimmora|Glimmora, L50, M|100\/100\n|move|p1a: Ting-Lu|Sand Tomb|p2b: Amoonguss\n|-damage|p2b: Amoonguss|54\/100\n|-activate|p2b: Amoonguss|move: Sand Tomb|[of] p1a: Ting-Lu\n|move|p2a: Ting-Lu|Heavy Slam|p1b: Glimmora\n|-supereffective|p1b: Glimmora\n|-damage|p1b: Glimmora|31\/100\n|-activate|p1b: Glimmora|ability: Toxic Debris\n|-sidestart|p2: Stereodye|move: Toxic Spikes\n|move|p2b: Amoonguss|Spore|p1a: Ting-Lu\n|-status|p1a: Ting-Lu|slp|[from] move: Spore\n|\n|-damage|p2b: Amoonguss|42\/100|[from] move: Sand Tomb|[partiallytrapped]\n|upkeep\n|turn|11\n|\n|t:|1682516640\n|move|p1b: Glimmora|Power Gem|p2b: Amoonguss\n|-damage|p2b: Amoonguss|21\/100\n|cant|p1a: Ting-Lu|slp\n|move|p2a: Ting-Lu|Heavy Slam|p1b: Glimmora\n|-supereffective|p1b: Glimmora\n|-damage|p1b: Glimmora|0 fnt\n|-activate|p1b: Glimmora|ability: Toxic Debris\n|-sidestart|p2: Stereodye|move: Toxic Spikes\n|faint|p1b: Glimmora\n|move|p2b: Amoonguss|Pollen Puff|p2a: Ting-Lu\n|-heal|p2a: Ting-Lu|53\/100\n|\n|-damage|p2b: Amoonguss|9\/100|[from] move: Sand Tomb|[partiallytrapped]\n|upkeep\n|\n|t:|1682516657\n|switch|p1b: Flutter Mane|Flutter Mane, L50|100\/100 slp\n|turn|12\n|\n|t:|1682516665\n|cant|p1b: Flutter Mane|slp\n|move|p2a: Ting-Lu|Heavy Slam|p1b: Flutter Mane\n|-supereffective|p1b: Flutter Mane\n|-damage|p1b: Flutter Mane|0 fnt\n|faint|p1b: Flutter Mane\n|-end|p1b: Flutter Mane|Protosynthesis|[silent]\n|cant|p1a: Ting-Lu|slp\n|move|p2b: Amoonguss|Pollen Puff|p2a: Ting-Lu\n|-heal|p2a: Ting-Lu|100\/100\n|\n|-damage|p2b: Amoonguss|0 fnt|[from] move: Sand Tomb|[partiallytrapped]\n|faint|p2b: Amoonguss\n|upkeep\n|turn|13\n|\n|t:|1682516684\n|-curestatus|p1a: Ting-Lu|slp|[msg]\n|move|p1a: Ting-Lu|Ruination|p2a: Ting-Lu\n|-damage|p2a: Ting-Lu|50\/100\n|move|p2a: Ting-Lu|Ruination|p1a: Ting-Lu\n|-damage|p1a: Ting-Lu|18\/100\n|\n|upkeep\n|turn|14\n|\n|t:|1682516697\n|-terastallize|p2a: Ting-Lu|Ground\n|move|p1a: Ting-Lu|Sand Tomb|p2a: Ting-Lu\n|-damage|p2a: Ting-Lu|44\/100\n|-activate|p2a: Ting-Lu|move: Sand Tomb|[of] p1a: Ting-Lu\n|move|p2a: Ting-Lu|Throat Chop|p1a: Ting-Lu\n|-resisted|p1a: Ting-Lu\n|-damage|p1a: Ting-Lu|9\/100\n|-start|p1a: Ting-Lu|Throat Chop|[silent]\n|\n|-damage|p2a: Ting-Lu|32\/100|[from] move: Sand Tomb|[partiallytrapped]\n|upkeep\n|turn|15\n|\n|t:|1682516709\n|move|p1a: Ting-Lu|Ruination|p2a: Ting-Lu|[miss]\n|-miss|p1a: Ting-Lu|p2a: Ting-Lu\n|move|p2a: Ting-Lu|Throat Chop|p1a: Ting-Lu\n|-resisted|p1a: Ting-Lu\n|-damage|p1a: Ting-Lu|0 fnt\n|faint|p1a: Ting-Lu\n|\n|win|Stereodye\n|raw|SIMPATRICK's rating: 1321 → 1304<\/strong> (-17 for losing)\n|raw|Stereodye's rating: 1365 → 1382<\/strong> (+17 for winning)\n|l|\u2606SIMPATRICK\n","uploadtime":1682516729,"views":19,"p1id":"simpatrick","p2id":"stereodye","formatid":"gen9vgc2023regulationc","rating":1304,"private":0,"password":""}