{"id":"gen9vgc2023regulationc-1857156908","p1":"milagri","p2":"adrpen","format":"[Gen 9] VGC 2023 Regulation C","log":"|j|\u2606milagri\n|j|\u2606adrpen\n|t:|1683151901\n|gametype|doubles\n|player|p1|milagri|2|1093\n|player|p2|adrpen|cynthia|1177\n|teamsize|p1|6\n|teamsize|p2|6\n|gen|9\n|tier|[Gen 9] VGC 2023 Regulation C\n|rated|\n|rule|Species Clause: Limit one of each Pok\u00e9mon\n|rule|Item Clause: Limit one of each item\n|clearpoke\n|poke|p1|Arcanine, L50, M|\n|poke|p1|Grimmsnarl, L50, M|\n|poke|p1|Ting-Lu, L50|\n|poke|p1|Vaporeon, L50, M|\n|poke|p1|Corviknight, L50, F|\n|poke|p1|Flutter Mane, L50|\n|poke|p2|Amoonguss, L50, M|\n|poke|p2|Palafin, L50, M|\n|poke|p2|Iron Hands, L50|\n|poke|p2|Arcanine, L50, M|\n|poke|p2|Flutter Mane, L50|\n|poke|p2|Dragonite, L50, M|\n|teampreview|4\n|\n|t:|1683151955\n|start\n|switch|p1a: Arcanine|Arcanine, L50, M|100\/100\n|switch|p1b: Corviknight|Corviknight, L50, F|100\/100\n|switch|p2a: Palafin|Palafin, L50, M, shiny|100\/100\n|switch|p2b: Iron Hands|Iron Hands, L50, shiny|100\/100\n|-ability|p1a: Arcanine|Intimidate|boost\n|-unboost|p2a: Palafin|atk|1\n|-unboost|p2b: Iron Hands|atk|1\n|turn|1\n|\n|t:|1683151992\n|move|p2a: Palafin|Jet Punch|p1a: Arcanine\n|-supereffective|p1a: Arcanine\n|-damage|p1a: Arcanine|58\/100\n|move|p1a: Arcanine|Will-O-Wisp|p2b: Iron Hands\n|-status|p2b: Iron Hands|brn\n|move|p1b: Corviknight|Iron Defense|p1b: Corviknight\n|-boost|p1b: Corviknight|def|2\n|move|p2b: Iron Hands|Wild Charge|p1b: Corviknight\n|-supereffective|p1b: Corviknight\n|-enditem|p1b: Corviknight|Wacan Berry|[eat]\n|-enditem|p1b: Corviknight|Wacan Berry|[weaken]\n|-damage|p1b: Corviknight|94\/100\n|-damage|p2b: Iron Hands|99\/100 brn|[from] Recoil\n|\n|-damage|p2b: Iron Hands|93\/100 brn|[from] brn\n|upkeep\n|turn|2\n|\n|t:|1683152028\n|move|p1a: Arcanine|Will-O-Wisp|p1b: Corviknight\n|-status|p1b: Corviknight|brn\n|move|p2a: Palafin|Haze|p2a: Palafin\n|-clearallboost\n|move|p1b: Corviknight|Iron Defense|p1b: Corviknight\n|-boost|p1b: Corviknight|def|2\n|move|p2b: Iron Hands|Drain Punch|p1a: Arcanine\n|-damage|p1a: Arcanine|35\/100\n|-heal|p2b: Iron Hands|100\/100 brn|[from] drain|[of] p1a: Arcanine\n|\n|-damage|p1b: Corviknight|88\/100 brn|[from] brn\n|-damage|p2b: Iron Hands|95\/100 brn|[from] brn\n|upkeep\n|turn|3\n|\n|t:|1683152065\n|move|p1a: Arcanine|Will-O-Wisp|p2a: Palafin\n|-status|p2a: Palafin|brn\n|move|p2a: Palafin|Haze|p2a: Palafin\n|-clearallboost\n|move|p1b: Corviknight|Body Press|p2a: Palafin\n|-damage|p2a: Palafin|88\/100 brn\n|move|p2b: Iron Hands|Drain Punch|p1a: Arcanine\n|-damage|p1a: Arcanine|11\/100\n|-heal|p2b: Iron Hands|100\/100 brn|[from] drain|[of] p1a: Arcanine\n|\n|-damage|p2a: Palafin|82\/100 brn|[from] brn\n|-damage|p1b: Corviknight|82\/100 brn|[from] brn\n|-damage|p2b: Iron Hands|95\/100 brn|[from] brn\n|upkeep\n|turn|4\n|\n|t:|1683152107\n|switch|p1a: Grimmsnarl|Grimmsnarl, L50, M|100\/100\n|switch|p1b: Vaporeon|Vaporeon, L50, M|100\/100\n|move|p2a: Palafin|Jet Punch|p1a: Grimmsnarl\n|-damage|p1a: Grimmsnarl|86\/100\n|move|p2b: Iron Hands|Heavy Slam|p1b: Vaporeon\n|-resisted|p1b: Vaporeon\n|-damage|p1b: Vaporeon|92\/100\n|\n|-heal|p1b: Vaporeon|98\/100|[from] item: Leftovers\n|-damage|p2a: Palafin|76\/100 brn|[from] brn\n|-damage|p2b: Iron Hands|89\/100 brn|[from] brn\n|upkeep\n|turn|5\n|\n|t:|1683152131\n|detailschange|p2a: Palafin|Palafin-Hero, L50, M, shiny\n|switch|p2a: Amoonguss|Amoonguss, L50, M, shiny|100\/100\n|move|p1a: Grimmsnarl|Reflect|p1a: Grimmsnarl\n|-sidestart|p1: milagri|Reflect\n|move|p1b: Vaporeon|Calm Mind|p1b: Vaporeon\n|-boost|p1b: Vaporeon|spa|1\n|-boost|p1b: Vaporeon|spd|1\n|move|p2b: Iron Hands|Heavy Slam|p1a: Grimmsnarl\n|-supereffective|p1a: Grimmsnarl\n|-damage|p1a: Grimmsnarl|53\/100\n|\n|-heal|p1b: Vaporeon|100\/100|[from] item: Leftovers\n|-damage|p2b: Iron Hands|83\/100 brn|[from] brn\n|upkeep\n|turn|6\n|\n|t:|1683152175\n|switch|p1a: Arcanine|Arcanine, L50, M|11\/100\n|-ability|p1a: Arcanine|Intimidate|boost\n|-unboost|p2a: Amoonguss|atk|1\n|-unboost|p2b: Iron Hands|atk|1\n|-terastallize|p2a: Amoonguss|Water\n|move|p1b: Vaporeon|Protect|p1b: Vaporeon\n|-singleturn|p1b: Vaporeon|Protect\n|move|p2b: Iron Hands|Heavy Slam|p1a: Arcanine\n|-resisted|p1a: Arcanine\n|-damage|p1a: Arcanine|9\/100\n|move|p2a: Amoonguss|Spore|p1b: Vaporeon\n|-activate|p1b: Vaporeon|move: Protect\n|\n|-damage|p2b: Iron Hands|77\/100 brn|[from] brn\n|upkeep\n|turn|7\n|\n|t:|1683152210\n|move|p1a: Arcanine|Will-O-Wisp|p1b: Vaporeon\n|-status|p1b: Vaporeon|brn\n|move|p1b: Vaporeon|Calm Mind|p1b: Vaporeon\n|-boost|p1b: Vaporeon|spa|1\n|-boost|p1b: Vaporeon|spd|1\n|move|p2b: Iron Hands|Drain Punch|p1a: Arcanine\n|-damage|p1a: Arcanine|0 fnt\n|-heal|p2b: Iron Hands|80\/100 brn|[from] drain|[of] p1a: Arcanine\n|faint|p1a: Arcanine\n|move|p2a: Amoonguss|Spore||[still]\n|-fail|p2a: Amoonguss\n|\n|-damage|p1b: Vaporeon|94\/100 brn|[from] brn\n|-damage|p2b: Iron Hands|75\/100 brn|[from] brn\n|upkeep\n|\n|t:|1683152216\n|switch|p1a: Corviknight|Corviknight, L50, F|82\/100 brn\n|turn|8\n|\n|t:|1683152253\n|-end|p2b: Iron Hands|Quark Drive|[silent]\n|switch|p2b: Palafin|Palafin-Hero, L50, M, shiny|76\/100 brn\n|-activate|p2b: Palafin|ability: Zero to Hero\n|move|p1a: Corviknight|Iron Defense|p1a: Corviknight\n|-boost|p1a: Corviknight|def|2\n|move|p1b: Vaporeon|Ice Beam|p2a: Amoonguss\n|-resisted|p2a: Amoonguss\n|-damage|p2a: Amoonguss|82\/100\n|move|p2a: Amoonguss|Pollen Puff|p2b: Palafin\n|-heal|p2b: Palafin|100\/100 brn\n|\n|-heal|p1b: Vaporeon|100\/100 brn|[from] item: Leftovers\n|-damage|p2b: Palafin|95\/100 brn|[from] brn\n|-damage|p1a: Corviknight|77\/100 brn|[from] brn\n|-damage|p1b: Vaporeon|94\/100 brn|[from] brn\n|upkeep\n|turn|9\n|\n|t:|1683152299\n|move|p2b: Palafin|Haze|p2b: Palafin\n|-clearallboost\n|move|p1a: Corviknight|Body Press|p2b: Palafin\n|-damage|p2b: Palafin|86\/100 brn\n|move|p1b: Vaporeon|Muddy Water|p2b: Palafin|[spread] p2a,p2b\n|-resisted|p2a: Amoonguss\n|-resisted|p2b: Palafin\n|-damage|p2a: Amoonguss|73\/100\n|-damage|p2b: Palafin|74\/100 brn\n|move|p2a: Amoonguss|Pollen Puff|p2b: Palafin\n|-heal|p2b: Palafin|100\/100 brn\n|\n|-heal|p1b: Vaporeon|100\/100 brn|[from] item: Leftovers\n|-damage|p2b: Palafin|95\/100 brn|[from] brn\n|-damage|p1a: Corviknight|71\/100 brn|[from] brn\n|-damage|p1b: Vaporeon|94\/100 brn|[from] brn\n|upkeep\n|turn|10\n|\n|t:|1683152337\n|switch|p2a: Iron Hands|Iron Hands, L50, shiny|75\/100 brn\n|move|p2b: Palafin|Haze|p2b: Palafin\n|-clearallboost\n|move|p1a: Corviknight|Roost|p1a: Corviknight\n|-heal|p1a: Corviknight|100\/100 brn\n|-singleturn|p1a: Corviknight|move: Roost\n|move|p1b: Vaporeon|Muddy Water|p2b: Palafin|[spread] p2a,p2b\n|-crit|p2a: Iron Hands\n|-resisted|p2b: Palafin\n|-damage|p2a: Iron Hands|55\/100 brn\n|-damage|p2b: Palafin|81\/100 brn\n|-unboost|p2a: Iron Hands|accuracy|1\n|\n|-heal|p1b: Vaporeon|100\/100 brn|[from] item: Leftovers\n|-damage|p2b: Palafin|75\/100 brn|[from] brn\n|-damage|p1a: Corviknight|95\/100 brn|[from] brn\n|-damage|p1b: Vaporeon|94\/100 brn|[from] brn\n|-damage|p2a: Iron Hands|49\/100 brn|[from] brn\n|upkeep\n|turn|11\n|\n|t:|1683152362\n|move|p2b: Palafin|Protect|p2b: Palafin\n|-singleturn|p2b: Palafin|Protect\n|move|p1a: Corviknight|Body Press|p2a: Iron Hands\n|-damage|p2a: Iron Hands|42\/100 brn\n|move|p1b: Vaporeon|Calm Mind|p1b: Vaporeon\n|-boost|p1b: Vaporeon|spa|1\n|-boost|p1b: Vaporeon|spd|1\n|move|p2a: Iron Hands|Wild Charge|p1b: Vaporeon\n|-supereffective|p1b: Vaporeon\n|-damage|p1b: Vaporeon|68\/100 brn\n|-damage|p2a: Iron Hands|36\/100 brn|[from] Recoil\n|\n|-heal|p1b: Vaporeon|74\/100 brn|[from] item: Leftovers\n|-damage|p2b: Palafin|69\/100 brn|[from] brn\n|-damage|p1a: Corviknight|89\/100 brn|[from] brn\n|-damage|p1b: Vaporeon|68\/100 brn|[from] brn\n|-damage|p2a: Iron Hands|30\/100 brn|[from] brn\n|upkeep\n|turn|12\n|\n|t:|1683152412\n|-end|p2a: Iron Hands|Quark Drive|[silent]\n|switch|p2a: Amoonguss|Amoonguss, L50, M, shiny, tera:Water|100\/100\n|move|p2b: Palafin|Haze|p2b: Palafin\n|-clearallboost\n|move|p1a: Corviknight|Body Press|p2a: Amoonguss\n|-damage|p2a: Amoonguss|91\/100\n|-damage|p1a: Corviknight|72\/100 brn|[from] item: Rocky Helmet|[of] p2a: Amoonguss\n|move|p1b: Vaporeon|Muddy Water|p2a: Amoonguss|[spread] p2b\n|-miss|p1b: Vaporeon|p2a: Amoonguss\n|-resisted|p2b: Palafin\n|-damage|p2b: Palafin|56\/100 brn\n|-unboost|p2b: Palafin|accuracy|1\n|\n|-heal|p1b: Vaporeon|74\/100 brn|[from] item: Leftovers\n|-damage|p2b: Palafin|50\/100 brn|[from] brn\n|-damage|p1a: Corviknight|66\/100 brn|[from] brn\n|-damage|p1b: Vaporeon|68\/100 brn|[from] brn\n|-sideend|p1: milagri|Reflect\n|upkeep\n|turn|13\n|\n|t:|1683152435\n|switch|p2b: Flutter Mane|Flutter Mane, L50|100\/100\n|-enditem|p2b: Flutter Mane|Booster Energy\n|-activate|p2b: Flutter Mane|ability: Protosynthesis|[fromitem]\n|-start|p2b: Flutter Mane|protosynthesisspa\n|move|p2a: Amoonguss|Rage Powder|p2a: Amoonguss\n|-singleturn|p2a: Amoonguss|move: Rage Powder\n|move|p1a: Corviknight|Body Press|p2a: Amoonguss\n|-damage|p2a: Amoonguss|81\/100\n|-damage|p1a: Corviknight|50\/100 brn|[from] item: Rocky Helmet|[of] p2a: Amoonguss\n|move|p1b: Vaporeon|Muddy Water|p2a: Amoonguss|[spread] p2a,p2b\n|-resisted|p2a: Amoonguss\n|-damage|p2a: Amoonguss|70\/100\n|-damage|p2b: Flutter Mane|78\/100\n|-unboost|p2a: Amoonguss|accuracy|1\n|\n|-heal|p1b: Vaporeon|74\/100 brn|[from] item: Leftovers\n|-damage|p1a: Corviknight|44\/100 brn|[from] brn\n|-damage|p1b: Vaporeon|68\/100 brn|[from] brn\n|upkeep\n|turn|14\n|\n|t:|1683152470\n|-terastallize|p1a: Corviknight|Fire\n|move|p2a: Amoonguss|Rage Powder|p2a: Amoonguss\n|-singleturn|p2a: Amoonguss|move: Rage Powder\n|move|p2b: Flutter Mane|Thunderbolt|p1a: Corviknight\n|-damage|p1a: Corviknight|11\/100 brn\n|move|p1a: Corviknight|Iron Head|p2a: Amoonguss\n|-resisted|p2a: Amoonguss\n|-damage|p2a: Amoonguss|66\/100\n|-damage|p1a: Corviknight|0 fnt|[from] item: Rocky Helmet|[of] p2a: Amoonguss\n|faint|p1a: Corviknight\n|move|p1b: Vaporeon|Muddy Water|p2a: Amoonguss|[spread] p2b\n|-miss|p1b: Vaporeon|p2a: Amoonguss\n|-damage|p2b: Flutter Mane|56\/100\n|\n|-heal|p1b: Vaporeon|74\/100 brn|[from] item: Leftovers\n|-damage|p1b: Vaporeon|68\/100 brn|[from] brn\n|upkeep\n|\n|t:|1683152479\n|switch|p1a: Grimmsnarl|Grimmsnarl, L50, M|53\/100\n|turn|15\n|\n|t:|1683152502\n|move|p2b: Flutter Mane|Protect|p2b: Flutter Mane\n|-singleturn|p2b: Flutter Mane|Protect\n|move|p1a: Grimmsnarl|Thunder Wave|p2b: Flutter Mane\n|-activate|p2b: Flutter Mane|move: Protect\n|move|p1b: Vaporeon|Calm Mind|p1b: Vaporeon\n|-boost|p1b: Vaporeon|spa|1\n|-boost|p1b: Vaporeon|spd|1\n|move|p2a: Amoonguss|Pollen Puff|p1a: Grimmsnarl\n|-damage|p1a: Grimmsnarl|35\/100\n|\n|-heal|p1b: Vaporeon|74\/100 brn|[from] item: Leftovers\n|-damage|p1b: Vaporeon|68\/100 brn|[from] brn\n|upkeep\n|turn|16\n|\n|t:|1683152534\n|move|p1a: Grimmsnarl|Thunder Wave|p2a: Amoonguss\n|-status|p2a: Amoonguss|par\n|move|p2b: Flutter Mane|Moonblast|p1a: Grimmsnarl\n|-supereffective|p1a: Grimmsnarl\n|-damage|p1a: Grimmsnarl|0 fnt\n|faint|p1a: Grimmsnarl\n|move|p1b: Vaporeon|Muddy Water|p2b: Flutter Mane|[spread] p2a,p2b\n|-resisted|p2a: Amoonguss\n|-damage|p2a: Amoonguss|49\/100 par\n|-damage|p2b: Flutter Mane|24\/100\n|-unboost|p2b: Flutter Mane|accuracy|1\n|move|p2a: Amoonguss|Pollen Puff|p2b: Flutter Mane\n|-heal|p2b: Flutter Mane|74\/100\n|\n|-heal|p1b: Vaporeon|74\/100 brn|[from] item: Leftovers\n|-damage|p1b: Vaporeon|68\/100 brn|[from] brn\n|upkeep\n|turn|17\n|-message|milagri forfeited.\n|\n|win|adrpen\n|raw|milagri's rating: 1093 → 1075<\/strong> (-18 for losing)\n|raw|adrpen's rating: 1177 → 1196<\/strong> (+19 for winning)\n|l|\u2606milagri\n","uploadtime":1683152565,"views":4,"p1id":"milagri","p2id":"adrpen","formatid":"gen9vgc2023regulationc","rating":1075,"private":0,"password":""}