{"id":"gen9vgc2023regulationc-1846663706","p1":"Il tosto Vicktor","p2":"Braix2570","format":"[Gen 9] VGC 2023 Regulation C","log":"|j|\u2606Il tosto Vicktor\n|j|\u2606Braix2570\n|t:|1681863161\n|gametype|doubles\n|player|p1|Il tosto Vicktor|101|1076\n|player|p2|Braix2570|dawn-gen4pt|1167\n|teamsize|p1|6\n|teamsize|p2|6\n|gen|9\n|tier|[Gen 9] VGC 2023 Regulation C\n|rated|\n|rule|Species Clause: Limit one of each Pok\u00e9mon\n|rule|Item Clause: Limit one of each item\n|clearpoke\n|poke|p1|Staraptor, L50, M|\n|poke|p1|Talonflame, L50, M|\n|poke|p1|Garchomp, L50, M|\n|poke|p1|Palafin, L50, M|\n|poke|p1|Amoonguss, L50, M|\n|poke|p1|Ting-Lu, L50|\n|poke|p2|Chien-Pao, L50|\n|poke|p2|Dragapult, L50, F|\n|poke|p2|Flutter Mane, L50|\n|poke|p2|Amoonguss, L50, M|\n|poke|p2|Palafin, L50, M|\n|poke|p2|Arcanine, L50, M|\n|teampreview|4\n|inactive|Battle timer is ON: inactive players will automatically lose when time's up. (requested by Braix2570)\n|inactive|Braix2570 has 60 seconds left.\n|\n|t:|1681863218\n|start\n|switch|p1a: Staraptor|Staraptor, L50, M|100\/100\n|switch|p1b: Palafin|Palafin, L50, M|100\/100\n|switch|p2a: Arcanine|Arcanine, L50, M|100\/100\n|switch|p2b: Palafin|Palafin, L50, M, shiny|100\/100\n|-ability|p2a: Arcanine|Intimidate|boost\n|-unboost|p1a: Staraptor|atk|1\n|-unboost|p1b: Palafin|atk|1\n|turn|1\n|inactive|Braix2570 has 30 seconds left.\n|\n|t:|1681863249\n|detailschange|p1b: Palafin|Palafin-Hero, L50, M\n|switch|p1b: Garchomp|Garchomp, L50, M|100\/100\n|move|p2b: Palafin|Protect|p2b: Palafin\n|-singleturn|p2b: Palafin|Protect\n|move|p1a: Staraptor|Brave Bird|p2a: Arcanine\n|-damage|p2a: Arcanine|22\/100\n|-damage|p1a: Staraptor|69\/100|[from] Recoil\n|move|p2a: Arcanine|Will-O-Wisp|p1b: Garchomp|[miss]\n|-miss|p2a: Arcanine|p1b: Garchomp\n|\n|upkeep\n|turn|2\n|inactive|Il tosto Vicktor has 30 seconds left.\n|\n|t:|1681863278\n|detailschange|p2b: Palafin|Palafin-Hero, L50, M, shiny\n|switch|p2b: Amoonguss|Amoonguss, L50, M|100\/100\n|move|p2a: Arcanine|Protect|p2a: Arcanine\n|-singleturn|p2a: Arcanine|Protect\n|move|p1a: Staraptor|Brave Bird|p2b: Amoonguss\n|-supereffective|p2b: Amoonguss\n|-damage|p2b: Amoonguss|0 fnt\n|faint|p2b: Amoonguss\n|-damage|p1a: Staraptor|23\/100|[from] Recoil\n|move|p1b: Garchomp|Earthquake|p2a: Arcanine|[spread] \n|-activate|p2a: Arcanine|move: Protect\n|-immune|p1a: Staraptor\n|\n|upkeep\n|\n|t:|1681863284\n|switch|p2b: Palafin|Palafin-Hero, L50, M, shiny|100\/100\n|-activate|p2b: Palafin|ability: Zero to Hero\n|turn|3\n|\n|t:|1681863298\n|move|p2b: Palafin|Jet Punch|p1a: Staraptor\n|-damage|p1a: Staraptor|0 fnt\n|faint|p1a: Staraptor\n|move|p1b: Garchomp|Earthquake|p2b: Palafin|[spread] p2a,p2b\n|-supereffective|p2a: Arcanine\n|-damage|p2a: Arcanine|0 fnt\n|-damage|p2b: Palafin|65\/100\n|faint|p2a: Arcanine\n|\n|upkeep\n|\n|t:|1681863314\n|switch|p1a: Amoonguss|Amoonguss, L50, M|100\/100\n|switch|p2a: Chien-Pao|Chien-Pao, L50|100\/100\n|-ability|p2a: Chien-Pao|Sword of Ruin\n|turn|4\n|\n|t:|1681863328\n|-terastallize|p1a: Amoonguss|Water\n|move|p1a: Amoonguss|Rage Powder|p1a: Amoonguss\n|-singleturn|p1a: Amoonguss|move: Rage Powder\n|move|p2b: Palafin|Jet Punch|p1a: Amoonguss\n|-resisted|p1a: Amoonguss\n|-damage|p1a: Amoonguss|69\/100\n|move|p2a: Chien-Pao|Ice Spinner|p1a: Amoonguss\n|-resisted|p1a: Amoonguss\n|-damage|p1a: Amoonguss|45\/100\n|-enditem|p1a: Amoonguss|Sitrus Berry|[eat]\n|-heal|p1a: Amoonguss|70\/100|[from] item: Sitrus Berry\n|move|p1b: Garchomp|Swords Dance|p1b: Garchomp\n|-boost|p1b: Garchomp|atk|2\n|\n|upkeep\n|turn|5\n|\n|t:|1681863349\n|move|p2a: Chien-Pao|Protect|p2a: Chien-Pao\n|-singleturn|p2a: Chien-Pao|Protect\n|move|p1b: Garchomp|Protect|p1b: Garchomp\n|-singleturn|p1b: Garchomp|Protect\n|move|p2b: Palafin|Haze|p2b: Palafin\n|-clearallboost\n|move|p1a: Amoonguss|Spore|p2b: Palafin\n|-status|p2b: Palafin|slp|[from] move: Spore\n|\n|upkeep\n|turn|6\n|\n|t:|1681863365\n|move|p1a: Amoonguss|Rage Powder|p1a: Amoonguss\n|-singleturn|p1a: Amoonguss|move: Rage Powder\n|cant|p2b: Palafin|slp\n|move|p2a: Chien-Pao|Sacred Sword|p1a: Amoonguss\n|-damage|p1a: Amoonguss|29\/100\n|move|p1b: Garchomp|Dragon Claw|p2a: Chien-Pao\n|-damage|p2a: Chien-Pao|41\/100\n|\n|upkeep\n|turn|7\n|\n|t:|1681863386\n|move|p1a: Amoonguss|Rage Powder|p1a: Amoonguss\n|-singleturn|p1a: Amoonguss|move: Rage Powder\n|move|p2a: Chien-Pao|Ice Spinner|p1a: Amoonguss\n|-resisted|p1a: Amoonguss\n|-damage|p1a: Amoonguss|4\/100\n|move|p1b: Garchomp|Dragon Claw|p2b: Palafin\n|-damage|p2b: Palafin|16\/100 slp\n|cant|p2b: Palafin|slp\n|\n|upkeep\n|turn|8\n|\n|t:|1681863399\n|move|p1a: Amoonguss|Rage Powder|p1a: Amoonguss\n|-singleturn|p1a: Amoonguss|move: Rage Powder\n|-curestatus|p2b: Palafin|slp|[msg]\n|move|p2b: Palafin|Jet Punch|p1a: Amoonguss\n|-resisted|p1a: Amoonguss\n|-damage|p1a: Amoonguss|0 fnt\n|faint|p1a: Amoonguss\n|move|p2a: Chien-Pao|Ice Spinner|p1b: Garchomp\n|-supereffective|p1b: Garchomp\n|-damage|p1b: Garchomp|0 fnt\n|-damage|p2a: Chien-Pao|29\/100|[from] ability: Rough Skin|[of] p1b: Garchomp\n|faint|p1b: Garchomp\n|\n|upkeep\n|\n|t:|1681863412\n|switch|p1b: Palafin|Palafin-Hero, L50, M|100\/100\n|-activate|p1b: Palafin|ability: Zero to Hero\n|turn|9\n|\n|t:|1681863420\n|move|p2a: Chien-Pao|Sucker Punch|p1b: Palafin\n|-damage|p1b: Palafin|53\/100\n|move|p2b: Palafin|Jet Punch|p1b: Palafin\n|-resisted|p1b: Palafin\n|-damage|p1b: Palafin|21\/100\n|move|p1b: Palafin|Wave Crash|p2b: Palafin\n|-resisted|p2b: Palafin\n|-damage|p2b: Palafin|0 fnt\n|faint|p2b: Palafin\n|-damage|p1b: Palafin|15\/100|[from] Recoil\n|\n|upkeep\n|turn|10\n|\n|t:|1681863431\n|move|p2a: Chien-Pao|Sucker Punch|p1b: Palafin\n|-damage|p1b: Palafin|0 fnt\n|faint|p1b: Palafin\n|\n|win|Braix2570\n|raw|Il tosto Vicktor's rating: 1076 → 1060<\/strong> (-16 for losing)\n|raw|Braix2570's rating: 1167 → 1186<\/strong> (+19 for winning)\n|l|\u2606Il tosto Vicktor\n","uploadtime":1681863556,"views":12,"p1id":"iltostovicktor","p2id":"braix2570","formatid":"gen9vgc2023regulationc","rating":1060,"private":0,"password":""}