{"id":"gen9vgc2023regulationc-1847167982","p1":"darlingtonia","p2":"kiwieater","format":"[Gen 9] VGC 2023 Regulation C","log":"|j|\u2606darlingtonia\n|j|\u2606kiwieater\n|t:|1681924646\n|gametype|doubles\n|player|p1|darlingtonia|proton|1092\n|player|p2|kiwieater|lady-gen4|1042\n|teamsize|p1|6\n|teamsize|p2|6\n|gen|9\n|tier|[Gen 9] VGC 2023 Regulation C\n|rated|\n|rule|Species Clause: Limit one of each Pok\u00e9mon\n|rule|Item Clause: Limit one of each item\n|clearpoke\n|poke|p1|Chi-Yu, L50|\n|poke|p1|Palafin, L50, F|\n|poke|p1|Amoonguss, L50, F|\n|poke|p1|Glimmora, L50, F|\n|poke|p1|Flutter Mane, L50|\n|poke|p1|Dragonite, L50, F|\n|poke|p2|Amoonguss, L50, F|\n|poke|p2|Chien-Pao, L50|\n|poke|p2|Flutter Mane, L50|\n|poke|p2|Scizor, L50, M|\n|poke|p2|Dragapult, L50, M|\n|poke|p2|Rotom-Wash, L50|\n|teampreview|4\n|\n|t:|1681924678\n|start\n|switch|p1a: Chi-Yu|Chi-Yu, L50|100\/100\n|switch|p1b: Palafin|Palafin, L50, F|100\/100\n|switch|p2a: Dragapult|Dragapult, L50, M|100\/100\n|switch|p2b: Amoonguss|Amoonguss, L50, F|100\/100\n|-ability|p1a: Chi-Yu|Beads of Ruin\n|turn|1\n|\n|t:|1681924698\n|detailschange|p1b: Palafin|Palafin-Hero, L50, F\n|switch|p1b: Glimmora|Glimmora, L50, F|100\/100\n|move|p2b: Amoonguss|Protect|p2b: Amoonguss\n|-singleturn|p2b: Amoonguss|Protect\n|move|p2a: Dragapult|Thunder Wave|p1b: Glimmora\n|-status|p1b: Glimmora|par\n|move|p1a: Chi-Yu|Dark Pulse|p2a: Dragapult\n|-supereffective|p2a: Dragapult\n|-damage|p2a: Dragapult|0 fnt\n|faint|p2a: Dragapult\n|\n|upkeep\n|\n|t:|1681924715\n|switch|p2a: Flutter Mane|Flutter Mane, L50|100\/100\n|-enditem|p2a: Flutter Mane|Booster Energy\n|-activate|p2a: Flutter Mane|ability: Protosynthesis|[fromitem]\n|-start|p2a: Flutter Mane|protosynthesisspe\n|turn|2\n|\n|t:|1681924730\n|-terastallize|p1a: Chi-Yu|Ghost\n|move|p1b: Glimmora|Spiky Shield|p1b: Glimmora\n|-singleturn|p1b: Glimmora|move: Protect\n|move|p2b: Amoonguss|Rage Powder|p2b: Amoonguss\n|-singleturn|p2b: Amoonguss|move: Rage Powder\n|move|p2a: Flutter Mane|Dazzling Gleam|p1a: Chi-Yu|[spread] p1a\n|-activate|p1b: Glimmora|move: Protect\n|-damage|p1a: Chi-Yu|73\/100\n|move|p1a: Chi-Yu|Tera Blast|p2b: Amoonguss\n|-damage|p2b: Amoonguss|59\/100\n|\n|-heal|p2b: Amoonguss|65\/100|[from] item: Black Sludge\n|upkeep\n|turn|3\n|\n|t:|1681924754\n|move|p2b: Amoonguss|Rage Powder|p2b: Amoonguss\n|-singleturn|p2b: Amoonguss|move: Rage Powder\n|move|p2a: Flutter Mane|Shadow Ball|p1a: Chi-Yu\n|-supereffective|p1a: Chi-Yu\n|-damage|p1a: Chi-Yu|4\/100\n|-unboost|p1a: Chi-Yu|spd|1\n|move|p1a: Chi-Yu|Tera Blast|p2b: Amoonguss\n|-damage|p2b: Amoonguss|19\/100\n|move|p1b: Glimmora|Earth Power|p2b: Amoonguss\n|-damage|p2b: Amoonguss|0 fnt\n|faint|p2b: Amoonguss\n|\n|upkeep\n|\n|t:|1681924762\n|switch|p2b: Chien-Pao|Chien-Pao, L50|100\/100\n|-ability|p2b: Chien-Pao|Sword of Ruin\n|turn|4\n|\n|t:|1681924779\n|move|p2b: Chien-Pao|Sucker Punch|p1a: Chi-Yu\n|-supereffective|p1a: Chi-Yu\n|-damage|p1a: Chi-Yu|0 fnt\n|faint|p1a: Chi-Yu\n|move|p2a: Flutter Mane|Shadow Ball|p1b: Glimmora\n|-damage|p1b: Glimmora|48\/100 par\n|move|p1b: Glimmora|Sludge Bomb|p2a: Flutter Mane\n|-damage|p2a: Flutter Mane|54\/100\n|\n|upkeep\n|\n|t:|1681924790\n|switch|p1a: Flutter Mane|Flutter Mane, L50|100\/100\n|turn|5\n|\n|t:|1681924802\n|move|p2a: Flutter Mane|Protect|p2a: Flutter Mane\n|-singleturn|p2a: Flutter Mane|Protect\n|cant|p1b: Glimmora|par\n|move|p2b: Chien-Pao|Icicle Crash|p1a: Flutter Mane\n|-damage|p1a: Flutter Mane|16\/100\n|move|p1a: Flutter Mane|Substitute|p1a: Flutter Mane\n|-fail|p1a: Flutter Mane|move: Substitute|[weak]\n|\n|-heal|p1a: Flutter Mane|21\/100|[from] item: Leftovers\n|upkeep\n|turn|6\n|\n|t:|1681924827\n|move|p2b: Chien-Pao|Ice Shard|p1b: Glimmora\n|-damage|p1b: Glimmora|17\/100 par\n|-activate|p1b: Glimmora|ability: Toxic Debris\n|-sidestart|p2: kiwieater|move: Toxic Spikes\n|move|p2a: Flutter Mane|Dazzling Gleam|p1b: Glimmora|[spread] p1a,p1b\n|-resisted|p1b: Glimmora\n|-damage|p1a: Flutter Mane|0 fnt\n|-damage|p1b: Glimmora|0 fnt\n|faint|p1a: Flutter Mane\n|-end|p1a: Flutter Mane|Protosynthesis|[silent]\n|faint|p1b: Glimmora\n|\n|upkeep\n|\n|t:|1681924838\n|switch|p1a: Palafin|Palafin-Hero, L50, F|100\/100\n|-activate|p1a: Palafin|ability: Zero to Hero\n|turn|7\n|\n|t:|1681924852\n|-terastallize|p2b: Chien-Pao|Dark\n|move|p1a: Palafin|Protect|p1a: Palafin\n|-singleturn|p1a: Palafin|Protect\n|move|p2b: Chien-Pao|Sucker Punch||[still]\n|-fail|p2b: Chien-Pao\n|move|p2a: Flutter Mane|Moonblast|p1a: Palafin\n|-activate|p1a: Palafin|move: Protect\n|\n|upkeep\n|turn|8\n|\n|t:|1681924865\n|move|p2a: Flutter Mane|Protect|p2a: Flutter Mane\n|-singleturn|p2a: Flutter Mane|Protect\n|move|p2b: Chien-Pao|Protect|p2b: Chien-Pao\n|-singleturn|p2b: Chien-Pao|Protect\n|move|p1a: Palafin|Jet Punch|p2a: Flutter Mane\n|-activate|p2a: Flutter Mane|move: Protect\n|\n|upkeep\n|turn|9\n|\n|t:|1681924885\n|move|p1a: Palafin|Protect|p1a: Palafin\n|-singleturn|p1a: Palafin|Protect\n|move|p2a: Flutter Mane|Moonblast|p1a: Palafin\n|-activate|p1a: Palafin|move: Protect\n|move|p2b: Chien-Pao|Icicle Crash|p1a: Palafin\n|-activate|p1a: Palafin|move: Protect\n|\n|upkeep\n|turn|10\n|\n|t:|1681924901\n|move|p2a: Flutter Mane|Protect|p2a: Flutter Mane\n|-singleturn|p2a: Flutter Mane|Protect\n|move|p2b: Chien-Pao|Sucker Punch|p1a: Palafin\n|-damage|p1a: Palafin|30\/100\n|move|p1a: Palafin|Wave Crash|p2b: Chien-Pao\n|-enditem|p2b: Chien-Pao|Focus Sash\n|-damage|p2b: Chien-Pao|1\/100\n|-damage|p1a: Palafin|0 fnt|[from] Recoil\n|faint|p1a: Palafin\n|\n|win|kiwieater\n|raw|darlingtonia's rating: 1092 → 1065<\/strong> (-27 for losing)\n|raw|kiwieater's rating: 1042 → 1081<\/strong> (+39 for winning)\n","uploadtime":1681924917,"views":11,"p1id":"darlingtonia","p2id":"kiwieater","formatid":"gen9vgc2023regulationc","rating":1065,"private":0,"password":""}