{"id":"gen9vgc2023regulationc-1846136026","p1":"cosplayLover","p2":"tanobaum","format":"[Gen 9] VGC 2023 Regulation C","log":"|j|\u2606cosplayLover\n|j|\u2606tanobaum\n|t:|1681811925\n|gametype|doubles\n|player|p1|cosplayLover|101|1415\n|player|p2|tanobaum|norman|1470\n|teamsize|p1|6\n|teamsize|p2|6\n|gen|9\n|tier|[Gen 9] VGC 2023 Regulation C\n|rated|\n|rule|Species Clause: Limit one of each Pok\u00e9mon\n|rule|Item Clause: Limit one of each item\n|clearpoke\n|poke|p1|Sylveon, L50, F|\n|poke|p1|Wo-Chien, L50|\n|poke|p1|Arcanine, L50, M|\n|poke|p1|Palafin, L50, M|\n|poke|p1|Garganacl, L50, M|\n|poke|p1|Flutter Mane, L50|\n|poke|p2|Drednaw, L50, F|\n|poke|p2|Pelipper, L50, F|\n|poke|p2|Baxcalibur, L50, F|\n|poke|p2|Dondozo, L50, F|\n|poke|p2|Tatsugiri, L50, M|\n|poke|p2|Amoonguss, L50, M|\n|teampreview|4\n|inactive|Battle timer is ON: inactive players will automatically lose when time's up. (requested by tanobaum)\ntanobaum has agreed to open team sheets.\n|inactive|cosplayLover has 60 seconds left.\n|inactive|tanobaum has 60 seconds left.\n|inactive|tanobaum has 30 seconds left.\n|inactive|tanobaum has 20 seconds left.\n|\n|t:|1681811996\n|start\n|switch|p1a: Sylveon|Sylveon, L50, F|100\/100\n|switch|p1b: Palafin|Palafin, L50, M|100\/100\n|switch|p2a: Pelipper|Pelipper, L50, F|100\/100\n|switch|p2b: Drednaw|Drednaw, L50, F|100\/100\n|-weather|RainDance|[from] ability: Drizzle|[of] p2a: Pelipper\n|turn|1\n|inactive|tanobaum has 30 seconds left.\n|\n|t:|1681812022\n|detailschange|p1b: Palafin|Palafin-Hero, L50, M\n|switch|p1b: Wo-Chien|Wo-Chien, L50|100\/100\n|-ability|p1b: Wo-Chien|Tablets of Ruin\n|-terastallize|p1a: Sylveon|Water\n|move|p2b: Drednaw|Rock Slide|p1a: Sylveon|[spread] p1a,p1b\n|-damage|p1a: Sylveon|66\/100\n|-damage|p1b: Wo-Chien|72\/100\n|move|p2a: Pelipper|Hurricane|p1a: Sylveon\n|-damage|p1a: Sylveon|32\/100\n|-start|p1a: Sylveon|confusion\n|-activate|p1a: Sylveon|confusion\n|move|p1a: Sylveon|Hyper Voice|p2b: Drednaw|[spread] p2a,p2b\n|-damage|p2a: Pelipper|27\/100\n|-damage|p2b: Drednaw|42\/100\n|\n|-weather|RainDance|[upkeep]\n|-heal|p1a: Sylveon|38\/100|[from] item: Leftovers\n|upkeep\n|turn|2\n|inactive|tanobaum has 30 seconds left.\n|inactive|tanobaum has 20 seconds left.\n|inactive|tanobaum has 15 seconds left.\n|\n|t:|1681812063\n|switch|p2b: Dondozo|Dondozo, L50, F|100\/100\n|move|p1b: Wo-Chien|Protect|p1b: Wo-Chien\n|-singleturn|p1b: Wo-Chien|Protect\n|move|p2a: Pelipper|Tailwind|p2a: Pelipper\n|-sidestart|p2: tanobaum|move: Tailwind\n|-end|p1a: Sylveon|confusion\n|move|p1a: Sylveon|Hyper Voice|p2a: Pelipper|[spread] p2a,p2b\n|-damage|p2a: Pelipper|0 fnt\n|-damage|p2b: Dondozo|80\/100\n|faint|p2a: Pelipper\n|\n|-weather|RainDance|[upkeep]\n|-heal|p1a: Sylveon|44\/100|[from] item: Leftovers\n|upkeep\n|\n|t:|1681812083\n|switch|p2a: Drednaw|Drednaw, L50, F|42\/100\n|turn|3\n|inactive|cosplayLover has 30 seconds left.\n|\n|t:|1681812114\n|-terastallize|p2b: Dondozo|Grass\n|move|p2a: Drednaw|Ice Spinner|p1b: Wo-Chien\n|-supereffective|p1b: Wo-Chien\n|-damage|p1b: Wo-Chien|25\/100\n|-enditem|p1b: Wo-Chien|Wiki Berry|[eat]\n|-heal|p1b: Wo-Chien|59\/100|[from] item: Wiki Berry\n|move|p2b: Dondozo|Tera Blast|p1a: Sylveon\n|-supereffective|p1a: Sylveon\n|-damage|p1a: Sylveon|0 fnt\n|faint|p1a: Sylveon\n|move|p1b: Wo-Chien|Giga Drain|p2a: Drednaw\n|-supereffective|p2a: Drednaw\n|-damage|p2a: Drednaw|0 fnt\n|-heal|p1b: Wo-Chien|77\/100|[from] drain|[of] p2a: Drednaw\n|faint|p2a: Drednaw\n|\n|-weather|RainDance|[upkeep]\n|upkeep\n|\n|t:|1681812132\n|switch|p2a: Tatsugiri|Tatsugiri, L50, M|100\/100\n|switch|p1a: Garganacl|Garganacl, L50, M|100\/100\n|turn|4\n|c|\u2606cosplayLover|what\n|c|\u2606tanobaum|thats why you accept OTS\n|inactive|cosplayLover has 30 seconds left.\n|inactive|tanobaum has 30 seconds left.\n|inactive|cosplayLover has 20 seconds left.\n|inactive|tanobaum has 20 seconds left.\n|inactive|cosplayLover has 15 seconds left.\n|inactive|tanobaum has 15 seconds left.\n|c|\u2606cosplayLover|no ok, but wat haha\n|inactive|cosplayLover has 10 seconds left.\n|inactive|tanobaum has 10 seconds left.\n|inactive|cosplayLover has 5 seconds left.\n|inactive|tanobaum has 5 seconds left.\n|\n|t:|1681812184\n|move|p2a: Tatsugiri|Protect|p2a: Tatsugiri\n|-singleturn|p2a: Tatsugiri|Protect\n|move|p2b: Dondozo|Earthquake|p1a: Garganacl|[spread] p1a,p1b\n|-activate|p2a: Tatsugiri|move: Protect\n|-supereffective|p1a: Garganacl\n|-resisted|p1b: Wo-Chien\n|-damage|p1a: Garganacl|78\/100\n|-damage|p1b: Wo-Chien|71\/100\n|move|p1b: Wo-Chien|Giga Drain|p2a: Tatsugiri\n|-activate|p2a: Tatsugiri|move: Protect\n|move|p1a: Garganacl|Salt Cure|p2a: Tatsugiri\n|-activate|p2a: Tatsugiri|move: Protect\n|\n|-weather|RainDance|[upkeep]\n|upkeep\n|turn|5\n|\n|t:|1681812208\n|move|p2a: Tatsugiri|Muddy Water|p1a: Garganacl|[spread] p1a,p1b\n|-supereffective|p1a: Garganacl\n|-resisted|p1b: Wo-Chien\n|-damage|p1a: Garganacl|0 fnt\n|-damage|p1b: Wo-Chien|54\/100\n|faint|p1a: Garganacl\n|move|p2b: Dondozo|Tera Blast|p1b: Wo-Chien\n|-resisted|p1b: Wo-Chien\n|-damage|p1b: Wo-Chien|43\/100\n|move|p1b: Wo-Chien|Leech Seed|p2a: Tatsugiri\n|-start|p2a: Tatsugiri|move: Leech Seed\n|\n|-weather|none\n|-damage|p2a: Tatsugiri|88\/100|[from] Leech Seed|[of] p1b: Wo-Chien\n|-heal|p1b: Wo-Chien|54\/100|[silent]\n|-sideend|p2: tanobaum|move: Tailwind\n|upkeep\n|\n|t:|1681812219\n|switch|p1a: Palafin|Palafin-Hero, L50, M|100\/100\n|-activate|p1a: Palafin|ability: Zero to Hero\n|turn|6\n|\n|t:|1681812237\n|move|p1a: Palafin|Wave Crash|p2a: Tatsugiri\n|-activate|p2a: Tatsugiri|ability: Storm Drain\n|-ability|p2a: Tatsugiri|Storm Drain|boost\n|-boost|p2a: Tatsugiri|spa|1\n|move|p2a: Tatsugiri|Nasty Plot|p2a: Tatsugiri\n|-boost|p2a: Tatsugiri|spa|2\n|move|p1b: Wo-Chien|Pollen Puff|p2b: Dondozo\n|-supereffective|p2b: Dondozo\n|-damage|p2b: Dondozo|60\/100\n|move|p2b: Dondozo|Wave Crash|p2a: Tatsugiri\n|-activate|p2a: Tatsugiri|ability: Storm Drain\n|-ability|p2a: Tatsugiri|Storm Drain|boost\n|-boost|p2a: Tatsugiri|spa|1\n|\n|-damage|p2a: Tatsugiri|76\/100|[from] Leech Seed|[of] p1b: Wo-Chien\n|-heal|p1b: Wo-Chien|65\/100|[silent]\n|upkeep\n|turn|7\n|inactive|cosplayLover has 30 seconds left.\n|inactive|tanobaum has 30 seconds left.\n|\n|t:|1681812267\n|move|p1a: Palafin|Taunt|p2b: Dondozo\n|-immune|p2b: Dondozo|[from] ability: Oblivious\n|move|p2a: Tatsugiri|Dragon Pulse|p1b: Wo-Chien\n|-damage|p1b: Wo-Chien|0 fnt\n|faint|p1b: Wo-Chien\n|move|p2b: Dondozo|Tera Blast|p1a: Palafin\n|-supereffective|p1a: Palafin\n|-damage|p1a: Palafin|37\/100\n|\n|upkeep\n|turn|8\n|-message|cosplayLover forfeited.\n|\n|win|tanobaum\n|raw|cosplayLover's rating: 1415 → 1398<\/strong> (-17 for losing)\n|raw|tanobaum's rating: 1470 → 1487<\/strong> (+17 for winning)\n|l|\u2606cosplayLover\n","uploadtime":1681812282,"views":18,"p1id":"cosplaylover","p2id":"tanobaum","formatid":"gen9vgc2023regulationc","rating":1398,"private":0,"password":""}