{"id":"gen9vgc2023regulationc-1845910739","p1":"AccidentalHipster","p2":"Treelasagna","format":"[Gen 9] VGC 2023 Regulation C","log":"|j|\u2606AccidentalHipster\n|j|\u2606Treelasagna\n|t:|1681778281\n|gametype|doubles\n|player|p1|AccidentalHipster|clerkf|1051\n|player|p2|Treelasagna|hilda|1047\n|teamsize|p1|6\n|teamsize|p2|6\n|gen|9\n|tier|[Gen 9] VGC 2023 Regulation C\n|rated|\n|rule|Species Clause: Limit one of each Pok\u00e9mon\n|rule|Item Clause: Limit one of each item\n|clearpoke\n|poke|p1|Zoroark, L50, M|\n|poke|p1|Annihilape, L50, M|\n|poke|p1|Maushold-Four, L50|\n|poke|p1|Gholdengo, L50|\n|poke|p1|Dragapult, L50, F|\n|poke|p1|Tatsugiri, L50, F|\n|poke|p2|Arcanine, L50, F|\n|poke|p2|Amoonguss, L50, M|\n|poke|p2|Dragonite, L50, M|\n|poke|p2|Flutter Mane, L50|\n|poke|p2|Gyarados, L50, M|\n|poke|p2|Sylveon, L50, M|\n|teampreview|4\n|inactive|Battle timer is ON: inactive players will automatically lose when time's up. (requested by Treelasagna)\nAccidentalHipster has agreed to open team sheets.\n|\n|t:|1681778304\n|start\n|switch|p1a: Monke|Annihilape, L50, M|100\/100\n|switch|p1b: Fambly|Maushold-Four, L50|100\/100\n|switch|p2a: Flutter Mane|Flutter Mane, L50|100\/100\n|switch|p2b: Amoonguss|Amoonguss, L50, M|100\/100\n|-enditem|p2a: Flutter Mane|Booster Energy\n|-activate|p2a: Flutter Mane|ability: Protosynthesis|[fromitem]\n|-start|p2a: Flutter Mane|protosynthesisspe\n|turn|1\n|\n|t:|1681778319\n|move|p1b: Fambly|Helping Hand|p1a: Monke\n|-singleturn|p1a: Monke|Helping Hand|[of] p1b: Fambly\n|move|p2a: Flutter Mane|Calm Mind|p2a: Flutter Mane\n|-boost|p2a: Flutter Mane|spa|1\n|-boost|p2a: Flutter Mane|spd|1\n|move|p1a: Monke|Knock Off|p2a: Flutter Mane\n|-damage|p2a: Flutter Mane|27\/100\n|move|p2b: Amoonguss|Spore|p1b: Fambly\n|-status|p1b: Fambly|slp|[from] move: Spore\n|\n|upkeep\n|turn|2\n|inactive|Treelasagna has 30 seconds left.\n|\n|t:|1681778348\n|cant|p1b: Fambly|slp\n|move|p2b: Amoonguss|Rage Powder|p2b: Amoonguss\n|-singleturn|p2b: Amoonguss|move: Rage Powder\n|move|p2a: Flutter Mane|Dazzling Gleam|p1b: Fambly|[spread] p1a,p1b\n|-supereffective|p1a: Monke\n|-damage|p1a: Monke|0 fnt\n|-damage|p1b: Fambly|45\/100 slp\n|replace|p1a: Guess who|Zoroark, L50, M\n|-end|p1a: Guess who|Illusion\n|faint|p1a: Guess who\n|\n|upkeep\n|\n|t:|1681778363\n|switch|p1a: Monke|Annihilape, L50, M|100\/100\n|turn|3\n|\n|t:|1681778377\n|switch|p2b: Sylveon|Sylveon, L50, M|100\/100\n|move|p2a: Flutter Mane|Dazzling Gleam|p1a: Monke|[spread] p1a,p1b\n|-supereffective|p1a: Monke\n|-damage|p1a: Monke|28\/100\n|-damage|p1b: Fambly|0 fnt\n|faint|p1b: Fambly\n|move|p1a: Monke|Rage Fist|p2a: Flutter Mane\n|-supereffective|p2a: Flutter Mane\n|-damage|p2a: Flutter Mane|0 fnt\n|faint|p2a: Flutter Mane\n|-end|p2a: Flutter Mane|Protosynthesis|[silent]\n|\n|upkeep\n|\n|t:|1681778388\n|switch|p2a: Amoonguss|Amoonguss, L50, M|100\/100\n|switch|p1b: Tatsugiri|Tatsugiri, L50, F|100\/100\n|turn|4\n|\n|t:|1681778402\n|-terastallize|p1a: Monke|Fire\n|-terastallize|p2b: Sylveon|Fairy\n|move|p1a: Monke|Poison Jab|p2b: Sylveon\n|-supereffective|p2b: Sylveon\n|-damage|p2b: Sylveon|60\/100\n|move|p1b: Tatsugiri|Icy Wind|p2a: Amoonguss|[spread] p2a,p2b\n|-supereffective|p2a: Amoonguss\n|-damage|p2a: Amoonguss|85\/100\n|-damage|p2b: Sylveon|51\/100\n|-unboost|p2a: Amoonguss|spe|1\n|-unboost|p2b: Sylveon|spe|1\n|move|p2b: Sylveon|Calm Mind|p2b: Sylveon\n|-boost|p2b: Sylveon|spa|1\n|-boost|p2b: Sylveon|spd|1\n|move|p2a: Amoonguss|Spore|p1b: Tatsugiri\n|-status|p1b: Tatsugiri|slp|[from] move: Spore\n|\n|-heal|p2a: Amoonguss|91\/100|[from] item: Leftovers\n|upkeep\n|turn|5\n|inactive|AccidentalHipster has 30 seconds left.\n|\n|t:|1681778429\n|cant|p1b: Tatsugiri|slp\n|move|p2a: Amoonguss|Rage Powder|p2a: Amoonguss\n|-singleturn|p2a: Amoonguss|move: Rage Powder\n|move|p1a: Monke|Rage Fist|p2a: Amoonguss\n|-damage|p2a: Amoonguss|42\/100\n|move|p2b: Sylveon|Hyper Voice|p1b: Tatsugiri|[spread] p1a,p1b\n|-resisted|p1a: Monke\n|-supereffective|p1b: Tatsugiri\n|-damage|p1a: Monke|0 fnt\n|-damage|p1b: Tatsugiri|0 fnt\n|faint|p1a: Monke\n|faint|p1b: Tatsugiri\n|\n|win|Treelasagna\n|raw|AccidentalHipster's rating: 1051 → 1033<\/strong> (-18 for losing)\n|raw|Treelasagna's rating: 1047 → 1080<\/strong> (+33 for winning)\n|c|\u2606AccidentalHipster|GG\n|c|\u2606Treelasagna|gg\n|l|\u2606AccidentalHipster\n","uploadtime":1681778497,"views":13,"p1id":"accidentalhipster","p2id":"treelasagna","formatid":"gen9vgc2023regulationc","rating":1033,"private":0,"password":""}