{"id":"gen9vgc2023regulationc-1846591918","p1":"sucabaVGC","p2":"thejordanvgc","format":"[Gen 9] VGC 2023 Regulation C","log":"|j|\u2606sucabaVGC\n|j|\u2606thejordanvgc\n|t:|1681854988\n|gametype|doubles\n|player|p1|sucabaVGC|wattson|\n|player|p2|thejordanvgc|102|\n|teamsize|p1|6\n|teamsize|p2|6\n|gen|9\n|tier|[Gen 9] VGC 2023 Regulation C\n|rule|Species Clause: Limit one of each Pok\u00e9mon\n|rule|Item Clause: Limit one of each item\n|clearpoke\n|poke|p1|Glimmora, L50, F|\n|poke|p1|Sableye, L50, M|\n|poke|p1|Great Tusk, L50|\n|poke|p1|Slowking, L50, F|\n|poke|p1|Baxcalibur, L50, M|\n|poke|p1|Talonflame, L50, M|\n|poke|p2|Floatzel, L50, M|\n|poke|p2|Iron Jugulis, L50|\n|poke|p2|Garchomp, L50, F|\n|poke|p2|Toxicroak, L50, M|\n|poke|p2|Klefki, L50, F|\n|poke|p2|Pelipper, L50, F|\n|teampreview|4\n|c|\u2606sucabaVGC|g2\n|c|\u2606sucabaVGC|glhf\n|\n|t:|1681855489\n|start\n|switch|p1a: Talonflame|Talonflame, L50, M|100\/100\n|switch|p1b: Great Tusk|Great Tusk, L50|100\/100\n|switch|p2a: Juggy Baby|Iron Jugulis, L50|100\/100\n|switch|p2b: Mozilla Firefrog|Toxicroak, L50, M|100\/100\n|-enditem|p2a: Juggy Baby|Booster Energy\n|-activate|p2a: Juggy Baby|ability: Quark Drive|[fromitem]\n|-start|p2a: Juggy Baby|quarkdrivespe\n|turn|1\n|\n|t:|1681855525\n|-terastallize|p1a: Talonflame|Ghost\n|move|p2b: Mozilla Firefrog|Feint|p1a: Talonflame\n|-immune|p1a: Talonflame\n|move|p1a: Talonflame|Tailwind|p1a: Talonflame\n|-sidestart|p1: sucabaVGC|move: Tailwind\n|move|p1b: Great Tusk|Close Combat|p2a: Juggy Baby\n|-damage|p2a: Juggy Baby|0 fnt\n|-unboost|p1b: Great Tusk|def|1\n|-unboost|p1b: Great Tusk|spd|1\n|faint|p2a: Juggy Baby\n|-end|p2a: Juggy Baby|Quark Drive|[silent]\n|\n|upkeep\n|\n|t:|1681855548\n|switch|p2a: Pelip\u00e8|Pelipper, L50, F|100\/100\n|-weather|RainDance|[from] ability: Drizzle|[of] p2a: Pelip\u00e8\n|turn|2\n|\n|t:|1681855584\n|-end|p1b: Great Tusk|Protosynthesis|[silent]\n|switch|p1b: Slowking|Slowking, L50, F|100\/100\n|move|p1a: Talonflame|Brave Bird|p2b: Mozilla Firefrog\n|-supereffective|p2b: Mozilla Firefrog\n|-enditem|p2b: Mozilla Firefrog|Focus Sash\n|-damage|p2b: Mozilla Firefrog|1\/100\n|-damage|p1a: Talonflame|67\/100|[from] Recoil\n|move|p2b: Mozilla Firefrog|Close Combat|p1b: Slowking\n|-resisted|p1b: Slowking\n|-damage|p1b: Slowking|75\/100\n|-unboost|p2b: Mozilla Firefrog|def|1\n|-unboost|p2b: Mozilla Firefrog|spd|1\n|move|p2a: Pelip\u00e8|Tailwind|p2a: Pelip\u00e8\n|-sidestart|p2: thejordanvgc|move: Tailwind\n|\n|-weather|RainDance|[upkeep]\n|-heal|p1b: Slowking|81\/100|[from] item: Leftovers\n|upkeep\n|turn|3\n|\n|t:|1681855637\n|move|p1a: Talonflame|Protect|p1a: Talonflame\n|-singleturn|p1a: Talonflame|Protect\n|move|p2b: Mozilla Firefrog|Close Combat|p1b: Slowking\n|-resisted|p1b: Slowking\n|-damage|p1b: Slowking|53\/100\n|-unboost|p2b: Mozilla Firefrog|def|1\n|-unboost|p2b: Mozilla Firefrog|spd|1\n|move|p2a: Pelip\u00e8|Hurricane|p1b: Slowking\n|-damage|p1b: Slowking|20\/100\n|-start|p1b: Slowking|confusion\n|-activate|p1b: Slowking|confusion\n|-damage|p1b: Slowking|15\/100|[from] confusion\n|\n|-weather|RainDance|[upkeep]\n|-heal|p1b: Slowking|21\/100|[from] item: Leftovers\n|upkeep\n|turn|4\n|\n|t:|1681855680\n|switch|p1b: Great Tusk|Great Tusk, L50|100\/100\n|move|p1a: Talonflame|Sunny Day|p1a: Talonflame\n|-weather|SunnyDay\n|-activate|p1b: Great Tusk|ability: Protosynthesis\n|-start|p1b: Great Tusk|protosynthesisatk\n|move|p2b: Mozilla Firefrog|Close Combat|p1b: Great Tusk\n|-damage|p1b: Great Tusk|56\/100\n|-unboost|p2b: Mozilla Firefrog|def|1\n|-unboost|p2b: Mozilla Firefrog|spd|1\n|-status|p1b: Great Tusk|psn|[from] ability: Poison Touch|[of] p2b: Mozilla Firefrog\n|move|p2a: Pelip\u00e8|Hurricane|p1b: Great Tusk\n|-supereffective|p1b: Great Tusk\n|-damage|p1b: Great Tusk|0 fnt\n|faint|p1b: Great Tusk\n|-end|p1b: Great Tusk|Protosynthesis|[silent]\n|\n|-weather|SunnyDay|[upkeep]\n|-sideend|p1: sucabaVGC|move: Tailwind\n|upkeep\n|\n|t:|1681855722\n|switch|p1b: Baxcalibur|Baxcalibur, L50, M|100\/100\n|turn|5\n|\n|t:|1681855809\n|move|p1a: Talonflame|Protect|p1a: Talonflame\n|-singleturn|p1a: Talonflame|Protect\n|move|p1b: Baxcalibur|Protect|p1b: Baxcalibur\n|-singleturn|p1b: Baxcalibur|Protect\n|move|p2b: Mozilla Firefrog|Close Combat|p1b: Baxcalibur\n|-activate|p1b: Baxcalibur|move: Protect\n|move|p2a: Pelip\u00e8|Icy Wind|p1b: Baxcalibur|[spread] \n|-activate|p1a: Talonflame|move: Protect\n|-activate|p1b: Baxcalibur|move: Protect\n|\n|-weather|SunnyDay|[upkeep]\n|-sideend|p2: thejordanvgc|move: Tailwind\n|upkeep\n|turn|6\n|c|\u2606thejordanvgc|this is hard\n|c|\u2606sucabaVGC|youre telling me lmao\n|\n|t:|1681855931\n|move|p1a: Talonflame|Brave Bird|p2b: Mozilla Firefrog\n|-supereffective|p2b: Mozilla Firefrog\n|-damage|p2b: Mozilla Firefrog|0 fnt\n|faint|p2b: Mozilla Firefrog\n|-damage|p1a: Talonflame|66\/100|[from] Recoil\n|move|p1b: Baxcalibur|Glaive Rush|p2a: Pelip\u00e8\n|-crit|p2a: Pelip\u00e8\n|-damage|p2a: Pelip\u00e8|1\/100\n|-singlemove|p1b: Baxcalibur|Glaive Rush|[silent]\n|move|p2a: Pelip\u00e8|Tailwind|p2a: Pelip\u00e8\n|-sidestart|p2: thejordanvgc|move: Tailwind\n|\n|-weather|SunnyDay|[upkeep]\n|upkeep\n|\n|t:|1681855943\n|switch|p2b: Palafin's Cousin|Floatzel, L50, M|100\/100\n|turn|7\n|\n|t:|1681855995\n|move|p1a: Talonflame|Protect|p1a: Talonflame\n|-singleturn|p1a: Talonflame|Protect\n|move|p1b: Baxcalibur|Protect|p1b: Baxcalibur\n|-singleturn|p1b: Baxcalibur|Protect\n|move|p2b: Palafin's Cousin|Crunch|p1a: Talonflame\n|-activate|p1a: Talonflame|move: Protect\n|move|p2a: Pelip\u00e8|Icy Wind|p1a: Talonflame|[spread] \n|-activate|p1a: Talonflame|move: Protect\n|-activate|p1b: Baxcalibur|move: Protect\n|\n|-weather|SunnyDay|[upkeep]\n|upkeep\n|turn|8\n|\n|t:|1681856047\n|switch|p1a: Slowking|Slowking, L50, F|54\/100\n|move|p2b: Palafin's Cousin|Low Kick|p1b: Baxcalibur\n|-supereffective|p1b: Baxcalibur\n|-damage|p1b: Baxcalibur|16\/100\n|-damage|p2b: Palafin's Cousin|91\/100|[from] item: Life Orb\n|move|p2a: Pelip\u00e8|Hurricane|p1b: Baxcalibur|[miss]\n|-miss|p2a: Pelip\u00e8|p1b: Baxcalibur\n|move|p1b: Baxcalibur|Icicle Crash|p2a: Pelip\u00e8|[miss]\n|-miss|p1b: Baxcalibur|p2a: Pelip\u00e8\n|\n|-weather|none\n|-heal|p1a: Slowking|60\/100|[from] item: Leftovers\n|upkeep\n|turn|9\n|\n|t:|1681856095\n|-terastallize|p2b: Palafin's Cousin|Dark\n|move|p1b: Baxcalibur|Protect|p1b: Baxcalibur\n|-singleturn|p1b: Baxcalibur|Protect\n|move|p2b: Palafin's Cousin|Crunch|p1a: Slowking\n|-supereffective|p1a: Slowking\n|-damage|p1a: Slowking|0 fnt\n|faint|p1a: Slowking\n|-damage|p2b: Palafin's Cousin|81\/100|[from] item: Life Orb\n|move|p2a: Pelip\u00e8|Icy Wind|p1b: Baxcalibur\n|-activate|p1b: Baxcalibur|move: Protect\n|\n|-sideend|p2: thejordanvgc|move: Tailwind\n|upkeep\n|\n|t:|1681856100\n|switch|p1a: Talonflame|Talonflame, L50, M, tera:Ghost|66\/100\n|turn|10\n|\n|t:|1681856139\n|move|p1a: Talonflame|Tailwind|p1a: Talonflame\n|-sidestart|p1: sucabaVGC|move: Tailwind\n|move|p1b: Baxcalibur|Glaive Rush|p2a: Pelip\u00e8\n|-damage|p2a: Pelip\u00e8|0 fnt\n|-singlemove|p1b: Baxcalibur|Glaive Rush|[silent]\n|faint|p2a: Pelip\u00e8\n|move|p2b: Palafin's Cousin|Low Kick|p1b: Baxcalibur\n|-supereffective|p1b: Baxcalibur\n|-damage|p1b: Baxcalibur|0 fnt\n|faint|p1b: Baxcalibur\n|-damage|p2b: Palafin's Cousin|71\/100|[from] item: Life Orb\n|\n|upkeep\n|turn|11\n|\n|t:|1681856157\n|move|p1a: Talonflame|Brave Bird|p2b: Palafin's Cousin\n|-damage|p2b: Palafin's Cousin|4\/100\n|-damage|p1a: Talonflame|42\/100|[from] Recoil\n|move|p2b: Palafin's Cousin|Crunch|p1a: Talonflame\n|-supereffective|p1a: Talonflame\n|-damage|p1a: Talonflame|0 fnt\n|faint|p1a: Talonflame\n|-damage|p2b: Palafin's Cousin|0 fnt|[from] item: Life Orb\n|faint|p2b: Palafin's Cousin\n|\n|win|thejordanvgc\n|c|\u2606sucabaVGC|ggs\n|c|\u2606thejordanvgc|ggs\n","uploadtime":1681856663,"views":12,"p1id":"sucabavgc","p2id":"thejordanvgc","formatid":"gen9vgc2023regulationc","rating":0,"private":0,"password":""}