{"id":"gen9vgc2023regulationc-1848841280","p1":"Prankster is BS","p2":"They34","format":"[Gen 9] VGC 2023 Regulation C","log":"|j|\u2606Prankster is BS\n|j|\u2606They34\n|t:|1682116274\n|gametype|doubles\n|player|p1|Prankster is BS|sage|1311\n|player|p2|They34|ruinmaniac|1398\n|teamsize|p1|6\n|teamsize|p2|6\n|gen|9\n|tier|[Gen 9] VGC 2023 Regulation C\n|rated|\n|rule|Species Clause: Limit one of each Pok\u00e9mon\n|rule|Item Clause: Limit one of each item\n|clearpoke\n|poke|p1|Glimmora, L50, M|\n|poke|p1|Wo-Chien, L50|\n|poke|p1|Chi-Yu, L50|\n|poke|p1|Arcanine, L50, F|\n|poke|p1|Palafin, L50, M|\n|poke|p1|Flutter Mane, L50|\n|poke|p2|Iron Bundle, L50|\n|poke|p2|Dragonite, L50, M|\n|poke|p2|Bronzong, L50|\n|poke|p2|Flutter Mane, L50|\n|poke|p2|Amoonguss, L50, F|\n|poke|p2|Ting-Lu, L50|\n|teampreview|4\n|inactive|Battle timer is ON: inactive players will automatically lose when time's up. (requested by They34)\nThey34 has agreed to open team sheets.\n|inactive|They34 has 60 seconds left.\n|\n|t:|1682116317\n|start\n|switch|p1a: Glimmora|Glimmora, L50, M|100\/100\n|switch|p1b: Chi-Yu|Chi-Yu, L50|100\/100\n|switch|p2a: Iron Bundle|Iron Bundle, L50|100\/100\n|switch|p2b: Dragonite|Dragonite, L50, M|100\/100\n|-ability|p1b: Chi-Yu|Beads of Ruin\n|-enditem|p2a: Iron Bundle|Booster Energy\n|-activate|p2a: Iron Bundle|ability: Quark Drive|[fromitem]\n|-start|p2a: Iron Bundle|quarkdrivespe\n|turn|1\n|inactive|Prankster is BS has 30 seconds left.\n|inactive|Prankster is BS has 20 seconds left.\n|inactive|Prankster is BS has 15 seconds left.\n|inactive|They34 has 30 seconds left.\n|\n|t:|1682116362\n|switch|p1b: Wo-Chien|Wo-Chien, L50|100\/100\n|-ability|p1b: Wo-Chien|Tablets of Ruin\n|move|p2a: Iron Bundle|Freeze-Dry|p1a: Glimmora\n|-crit|p1a: Glimmora\n|-damage|p1a: Glimmora|63\/100\n|move|p1a: Glimmora|Energy Ball|p2a: Iron Bundle\n|-supereffective|p2a: Iron Bundle\n|-damage|p2a: Iron Bundle|0 fnt\n|faint|p2a: Iron Bundle\n|-end|p2a: Iron Bundle|Quark Drive|[silent]\n|move|p2b: Dragonite|Iron Head|p1a: Glimmora\n|-supereffective|p1a: Glimmora\n|-damage|p1a: Glimmora|18\/100\n|-activate|p1a: Glimmora|ability: Toxic Debris\n|-sidestart|p2: They34|move: Toxic Spikes\n|\n|upkeep\n|inactive|They34 has 30 seconds left.\n|\n|t:|1682116391\n|switch|p2a: Bronzong|Bronzong, L50|100\/100\n|turn|2\n|\n|t:|1682116413\n|-terastallize|p2b: Dragonite|Flying\n|move|p1a: Glimmora|Power Gem|p2b: Dragonite\n|-supereffective|p2b: Dragonite\n|-damage|p2b: Dragonite|63\/100\n|move|p2b: Dragonite|Tera Blast|p1b: Wo-Chien\n|-supereffective|p1b: Wo-Chien\n|-damage|p1b: Wo-Chien|30\/100\n|move|p1b: Wo-Chien|Foul Play|p2b: Dragonite\n|-damage|p2b: Dragonite|11\/100\n|move|p2a: Bronzong|Body Press|p1b: Wo-Chien\n|-supereffective|p1b: Wo-Chien\n|-damage|p1b: Wo-Chien|3\/100\n|\n|-heal|p1b: Wo-Chien|9\/100|[from] item: Leftovers\n|upkeep\n|turn|3\n|inactive|Prankster is BS has 30 seconds left.\n|\n|t:|1682116440\n|move|p2b: Dragonite|Protect|p2b: Dragonite\n|-singleturn|p2b: Dragonite|Protect\n|move|p1a: Glimmora|Power Gem|p2b: Dragonite\n|-activate|p2b: Dragonite|move: Protect\n|move|p1b: Wo-Chien|Pollen Puff|p1a: Glimmora\n|-heal|p1a: Glimmora|68\/100\n|move|p2a: Bronzong|Trick Room|p2a: Bronzong\n|-fieldstart|move: Trick Room|[of] p2a: Bronzong\n|\n|-heal|p1b: Wo-Chien|15\/100|[from] item: Leftovers\n|upkeep\n|turn|4\n|inactive|They34 has 30 seconds left.\n|\n|t:|1682116469\n|move|p1b: Wo-Chien|Protect|p1b: Wo-Chien\n|-singleturn|p1b: Wo-Chien|Protect\n|move|p2b: Dragonite|Extreme Speed|p1b: Wo-Chien\n|-activate|p1b: Wo-Chien|move: Protect\n|move|p2a: Bronzong|Iron Defense|p2a: Bronzong\n|-boost|p2a: Bronzong|def|2\n|move|p1a: Glimmora|Power Gem|p2b: Dragonite\n|-supereffective|p2b: Dragonite\n|-damage|p2b: Dragonite|0 fnt\n|faint|p2b: Dragonite\n|\n|-heal|p1b: Wo-Chien|21\/100|[from] item: Leftovers\n|upkeep\n|\n|t:|1682116473\n|switch|p2b: Ting-Lu|Ting-Lu, L50|100\/100\n|-status|p2b: Ting-Lu|psn\n|-ability|p2b: Ting-Lu|Vessel of Ruin\n|turn|5\n|\n|t:|1682116494\n|-terastallize|p1a: Glimmora|Grass\n|move|p2a: Bronzong|Body Press|p1b: Wo-Chien\n|-supereffective|p1b: Wo-Chien\n|-damage|p1b: Wo-Chien|0 fnt\n|faint|p1b: Wo-Chien\n|move|p2b: Ting-Lu|Earthquake|p1a: Glimmora|[spread] p1a\n|-immune|p2a: Bronzong|[from] ability: Levitate\n|-resisted|p1a: Glimmora\n|-damage|p1a: Glimmora|52\/100\n|-activate|p1a: Glimmora|ability: Toxic Debris\n|-sidestart|p2: They34|move: Toxic Spikes\n|move|p1a: Glimmora|Energy Ball|p2b: Ting-Lu\n|-supereffective|p2b: Ting-Lu\n|-damage|p2b: Ting-Lu|68\/100 psn\n|\n|-damage|p2b: Ting-Lu|56\/100 psn|[from] psn\n|upkeep\n|\n|t:|1682116503\n|switch|p1b: Flutter Mane|Flutter Mane, L50|100\/100\n|-enditem|p1b: Flutter Mane|Booster Energy\n|-activate|p1b: Flutter Mane|ability: Protosynthesis|[fromitem]\n|-start|p1b: Flutter Mane|protosynthesisspa\n|turn|6\n|inactive|They34 has 30 seconds left.\n|inactive|They34 has 20 seconds left.\n|inactive|They34 has 15 seconds left.\n|\n|t:|1682116543\n|move|p2a: Bronzong|Gyro Ball|p1b: Flutter Mane\n|-supereffective|p1b: Flutter Mane\n|-damage|p1b: Flutter Mane|0 fnt\n|faint|p1b: Flutter Mane\n|-end|p1b: Flutter Mane|Protosynthesis|[silent]\n|move|p2b: Ting-Lu|Earthquake|p1a: Glimmora|[spread] p1a\n|-immune|p2a: Bronzong|[from] ability: Levitate\n|-resisted|p1a: Glimmora\n|-damage|p1a: Glimmora|34\/100\n|move|p1a: Glimmora|Energy Ball|p2b: Ting-Lu\n|-supereffective|p2b: Ting-Lu\n|-damage|p2b: Ting-Lu|24\/100 psn\n|\n|-damage|p2b: Ting-Lu|12\/100 psn|[from] psn\n|upkeep\n|inactive|Prankster is BS has 30 seconds left.\n|\n|t:|1682116577\n|switch|p1b: Chi-Yu|Chi-Yu, L50|100\/100\n|-ability|p1b: Chi-Yu|Beads of Ruin\n|turn|7\n|\n|t:|1682116591\n|move|p2a: Bronzong|Body Press|p1b: Chi-Yu\n|-supereffective|p1b: Chi-Yu\n|-damage|p1b: Chi-Yu|0 fnt\n|faint|p1b: Chi-Yu\n|move|p2b: Ting-Lu|Heavy Slam|p1a: Glimmora\n|-crit|p1a: Glimmora\n|-damage|p1a: Glimmora|0 fnt\n|faint|p1a: Glimmora\n|\n|win|They34\n|raw|Prankster is BS's rating: 1311 → 1296<\/strong> (-15 for losing)\n|raw|They34's rating: 1398 → 1413<\/strong> (+15 for winning)\n|c|\u2606They34|Gg\n|l|\u2606Prankster is BS\n|l|\u2606They34\n|j|\u2606They34\n|player|p2|They34|ruinmaniac\n","uploadtime":1682117060,"views":5,"p1id":"pranksterisbs","p2id":"they34","formatid":"gen9vgc2023regulationc","rating":1296,"private":0,"password":""}