{"id":"gen9vgc2023regulationc-1848215255","p1":"garbinho","p2":"Felipe.Miller.V","format":"[Gen 9] VGC 2023 Regulation C","log":"|j|\u2606garbinho\n|j|\u2606Felipe.Miller.V\n|t:|1682043502\n|gametype|doubles\n|player|p1|garbinho|2|1085\n|player|p2|Felipe.Miller.V|lance|1044\n|teamsize|p1|6\n|teamsize|p2|6\n|gen|9\n|tier|[Gen 9] VGC 2023 Regulation C\n|rated|\n|rule|Species Clause: Limit one of each Pok\u00e9mon\n|rule|Item Clause: Limit one of each item\n|clearpoke\n|poke|p1|Pelipper, L50, M|\n|poke|p1|Barraskewda, L50, M|\n|poke|p1|Gastrodon, L50, M|\n|poke|p1|Toxicroak, L50, F|\n|poke|p1|Clawitzer, L50, F|\n|poke|p1|Drednaw, L50, M|\n|poke|p2|Forretress, L50, M|\n|poke|p2|Tyranitar, L50, M|\n|poke|p2|Blissey, L50, F|\n|poke|p2|Lycanroc, L50, M|\n|poke|p2|Brute Bonnet, L50|\n|poke|p2|Jolteon, L50, F|\n|teampreview|4\n|inactive|Battle timer is ON: inactive players will automatically lose when time's up. (requested by garbinho)\ngarbinho rejected open team sheets.\n|\n|t:|1682043556\n|start\n|switch|p1a: Pelipper|Pelipper, L50, M|100\/100\n|switch|p1b: Toxicroak|Toxicroak, L50, F|100\/100\n|switch|p2a: Jolteon|Jolteon, L50, F|100\/100\n|switch|p2b: Brute Bonnet|Brute Bonnet, L50, shiny|100\/100\n|-weather|RainDance|[from] ability: Drizzle|[of] p1a: Pelipper\n|turn|1\n|\n|t:|1682043579\n|-terastallize|p2b: Brute Bonnet|Rock\n|move|p1b: Toxicroak|Fake Out|p2a: Jolteon\n|-damage|p2a: Jolteon|70\/100\n|-damage|p1b: Toxicroak|90\/100|[from] item: Life Orb\n|cant|p2a: Jolteon|flinch\n|move|p1a: Pelipper|Tailwind|p1a: Pelipper\n|-sidestart|p1: garbinho|move: Tailwind\n|move|p2b: Brute Bonnet|Spore|p1a: Pelipper\n|-status|p1a: Pelipper|slp|[from] move: Spore\n|\n|-weather|RainDance|[upkeep]\n|-heal|p1b: Toxicroak|100\/100|[from] ability: Dry Skin\n|upkeep\n|turn|2\n|inactive|garbinho has 30 seconds left.\n|inactive|garbinho has 20 seconds left.\n|inactive|garbinho has 15 seconds left.\n|\n|t:|1682043620\n|switch|p2a: Tyranitar|Tyranitar, L50, M|100\/100\n|-weather|Sandstorm|[from] ability: Sand Stream|[of] p2a: Tyranitar\n|switch|p1a: Gastrodon|Gastrodon, L50, M|100\/100\n|-terastallize|p1b: Toxicroak|Poison\n|move|p1b: Toxicroak|Gunk Shot|p2a: Tyranitar|[miss]\n|-miss|p1b: Toxicroak|p2a: Tyranitar\n|move|p2b: Brute Bonnet|Spore|p1b: Toxicroak\n|-status|p1b: Toxicroak|slp|[from] move: Spore\n|\n|-weather|Sandstorm|[upkeep]\n|-damage|p1b: Toxicroak|95\/100 slp|[from] Sandstorm\n|upkeep\n|turn|3\n|inactive|Felipe.Miller.V has 30 seconds left.\n|inactive|Felipe.Miller.V has 20 seconds left.\n|\n|t:|1682043659\n|move|p2a: Tyranitar|Protect|p2a: Tyranitar\n|-singleturn|p2a: Tyranitar|Protect\n|cant|p1b: Toxicroak|slp\n|move|p1a: Gastrodon|Surf|p2b: Brute Bonnet|[spread] p2b\n|-activate|p2a: Tyranitar|move: Protect\n|-heal|p1b: Toxicroak|100\/100 slp|[from] ability: Dry Skin|[of] p1a: Gastrodon\n|-supereffective|p2b: Brute Bonnet\n|-damage|p2b: Brute Bonnet|67\/100\n|move|p2b: Brute Bonnet|Spore|p1a: Gastrodon\n|-status|p1a: Gastrodon|slp|[from] move: Spore\n|\n|-weather|Sandstorm|[upkeep]\n|-damage|p1b: Toxicroak|95\/100 slp|[from] Sandstorm\n|upkeep\n|turn|4\n|\n|t:|1682043680\n|switch|p2a: Jolteon|Jolteon, L50, F|70\/100\n|cant|p1b: Toxicroak|slp\n|cant|p1a: Gastrodon|slp\n|move|p2b: Brute Bonnet|Bullet Seed|p1a: Gastrodon\n|-supereffective|p1a: Gastrodon\n|-damage|p1a: Gastrodon|42\/100 slp\n|-supereffective|p1a: Gastrodon\n|-damage|p1a: Gastrodon|0 fnt\n|faint|p1a: Gastrodon\n|-hitcount|p1: Gastrodon|2\n|\n|-weather|Sandstorm|[upkeep]\n|-damage|p2a: Jolteon|64\/100|[from] Sandstorm\n|-damage|p1b: Toxicroak|89\/100 slp|[from] Sandstorm\n|-sideend|p1: garbinho|move: Tailwind\n|upkeep\n|\n|t:|1682043694\n|switch|p1a: Pelipper|Pelipper, L50, M|100\/100 slp\n|-weather|RainDance|[from] ability: Drizzle|[of] p1a: Pelipper\n|turn|5\n|\n|t:|1682043710\n|move|p2a: Jolteon|Thunder|p1b: Toxicroak\n|-damage|p1b: Toxicroak|16\/100 slp\n|-curestatus|p1b: Toxicroak|slp|[msg]\n|move|p1b: Toxicroak|Close Combat|p2b: Brute Bonnet\n|-supereffective|p2b: Brute Bonnet\n|-damage|p2b: Brute Bonnet|0 fnt\n|-unboost|p1b: Toxicroak|def|1\n|-unboost|p1b: Toxicroak|spd|1\n|faint|p2b: Brute Bonnet\n|-end|p2b: Brute Bonnet|Protosynthesis|[silent]\n|-damage|p1b: Toxicroak|6\/100|[from] item: Life Orb\n|cant|p1a: Pelipper|slp\n|\n|-weather|RainDance|[upkeep]\n|-heal|p1b: Toxicroak|18\/100|[from] ability: Dry Skin\n|upkeep\n|\n|t:|1682043725\n|switch|p2b: Tyranitar|Tyranitar, L50, M|100\/100\n|-weather|Sandstorm|[from] ability: Sand Stream|[of] p2b: Tyranitar\n|turn|6\n|inactive|garbinho has 30 seconds left.\n|\n|t:|1682043756\n|switch|p2a: Blissey|Blissey, L50, F, shiny|100\/100\n|move|p1b: Toxicroak|Gunk Shot|p2a: Blissey\n|-damage|p2a: Blissey|22\/100\n|-damage|p1b: Toxicroak|8\/100|[from] item: Life Orb\n|-curestatus|p1a: Pelipper|slp|[msg]\n|move|p1a: Pelipper|Hurricane|p2a: Blissey|[miss]\n|-miss|p1a: Pelipper|p2a: Blissey\n|move|p2b: Tyranitar|Rock Slide|p1b: Toxicroak|[spread] p1a,p1b\n|-supereffective|p1a: Pelipper\n|-damage|p1a: Pelipper|36\/100\n|-damage|p1b: Toxicroak|0 fnt\n|faint|p1b: Toxicroak\n|\n|-weather|Sandstorm|[upkeep]\n|-damage|p1a: Pelipper|30\/100|[from] Sandstorm\n|-damage|p2a: Blissey|16\/100|[from] Sandstorm\n|-heal|p2a: Blissey|22\/100|[from] item: Leftovers\n|upkeep\n|\n|t:|1682043773\n|switch|p1b: Barraskewda|Barraskewda, L50, M|100\/100\n|turn|7\n|\n|t:|1682043792\n|move|p2b: Tyranitar|Protect|p2b: Tyranitar\n|-singleturn|p2b: Tyranitar|Protect\n|move|p1b: Barraskewda|Close Combat|p2b: Tyranitar\n|-activate|p2b: Tyranitar|move: Protect\n|move|p1a: Pelipper|Hurricane|p2b: Tyranitar\n|-activate|p2b: Tyranitar|move: Protect\n|move|p2a: Blissey|Icy Wind|p1a: Pelipper|[spread] p1a,p1b\n|-resisted|p1b: Barraskewda\n|-damage|p1a: Pelipper|21\/100\n|-damage|p1b: Barraskewda|96\/100\n|-unboost|p1a: Pelipper|spe|1\n|-unboost|p1b: Barraskewda|spe|1\n|\n|-weather|Sandstorm|[upkeep]\n|-damage|p1b: Barraskewda|90\/100|[from] Sandstorm\n|-damage|p2a: Blissey|16\/100|[from] Sandstorm\n|-damage|p1a: Pelipper|15\/100|[from] Sandstorm\n|-heal|p2a: Blissey|22\/100|[from] item: Leftovers\n|upkeep\n|turn|8\n|inactive|Felipe.Miller.V has 30 seconds left.\n|\n|t:|1682043817\n|switch|p2b: Jolteon|Jolteon, L50, F|64\/100\n|move|p1a: Pelipper|Protect|p1a: Pelipper\n|-singleturn|p1a: Pelipper|Protect\n|move|p1b: Barraskewda|Close Combat|p2b: Jolteon\n|-damage|p2b: Jolteon|0 fnt\n|-unboost|p1b: Barraskewda|def|1\n|-unboost|p1b: Barraskewda|spd|1\n|faint|p2b: Jolteon\n|move|p2a: Blissey|Thunder Wave|p1b: Barraskewda\n|-status|p1b: Barraskewda|par\n|\n|-weather|Sandstorm|[upkeep]\n|-damage|p2a: Blissey|16\/100|[from] Sandstorm\n|-damage|p1a: Pelipper|9\/100|[from] Sandstorm\n|-damage|p1b: Barraskewda|84\/100 par|[from] Sandstorm\n|-heal|p2a: Blissey|22\/100|[from] item: Leftovers\n|upkeep\n|\n|t:|1682043832\n|switch|p2b: Tyranitar|Tyranitar, L50, M|100\/100\n|turn|9\n|\n|t:|1682043848\n|move|p2b: Tyranitar|Rock Slide|p1a: Pelipper|[spread] p1a,p1b\n|-supereffective|p1a: Pelipper\n|-damage|p1a: Pelipper|0 fnt\n|-damage|p1b: Barraskewda|3\/100 par\n|faint|p1a: Pelipper\n|move|p2a: Blissey|Icy Wind|p1b: Barraskewda\n|-resisted|p1b: Barraskewda\n|-damage|p1b: Barraskewda|0 fnt\n|faint|p1b: Barraskewda\n|\n|win|Felipe.Miller.V\n|raw|garbinho's rating: 1085 → 1060<\/strong> (-25 for losing)\n|raw|Felipe.Miller.V's rating: 1044 → 1081<\/strong> (+37 for winning)\n|l|\u2606garbinho\n","uploadtime":1682043864,"views":13,"p1id":"garbinho","p2id":"felipemillerv","formatid":"gen9vgc2023regulationc","rating":1060,"private":0,"password":""}