{"id":"gen9vgc2023regulationc-1847929267","p1":"200 routes","p2":"I<3DREAM","format":"[Gen 9] VGC 2023 Regulation C","log":"|j|\u2606200 routes\n|j|\u2606I<3DREAM\n|t:|1682013497\n|gametype|doubles\n|player|p1|200 routes|rosa|1364\n|player|p2|I<3DREAM|rika|1400\n|teamsize|p1|6\n|teamsize|p2|6\n|gen|9\n|tier|[Gen 9] VGC 2023 Regulation C\n|rated|\n|rule|Species Clause: Limit one of each Pok\u00e9mon\n|rule|Item Clause: Limit one of each item\n|clearpoke\n|poke|p1|Scizor, L50, F|\n|poke|p1|Iron Bundle, L50|\n|poke|p1|Iron Hands, L50|\n|poke|p1|Baxcalibur, L50, F|\n|poke|p1|Amoonguss, L50, F|\n|poke|p1|Flutter Mane, L50|\n|poke|p2|Palafin, L50, F|\n|poke|p2|Chien-Pao, L50|\n|poke|p2|Dragapult, L50, M|\n|poke|p2|Amoonguss, L50, M|\n|poke|p2|Arcanine, L50, M|\n|poke|p2|Flutter Mane, L50|\n|teampreview|4\n|inactive|Battle timer is ON: inactive players will automatically lose when time's up. (requested by I<3DREAM)\n|inactive|I<3DREAM has 60 seconds left.\n|\n|t:|1682013556\n|start\n|switch|p1a: Scizor|Scizor, L50, F|100\/100\n|switch|p1b: Iron Bundle|Iron Bundle, L50|100\/100\n|switch|p2a: Flutter Mane|Flutter Mane, L50|100\/100\n|switch|p2b: Palafin|Palafin, L50, F|100\/100\n|-enditem|p2a: Flutter Mane|Booster Energy\n|-activate|p2a: Flutter Mane|ability: Protosynthesis|[fromitem]\n|-start|p2a: Flutter Mane|protosynthesisspa\n|-enditem|p1b: Iron Bundle|Booster Energy\n|-activate|p1b: Iron Bundle|ability: Quark Drive|[fromitem]\n|-start|p1b: Iron Bundle|quarkdrivespe\n|turn|1\n|inactive|200 routes has 30 seconds left.\n|inactive|200 routes has 20 seconds left.\n|\n|t:|1682013594\n|-end|p2a: Flutter Mane|Protosynthesis|[silent]\n|switch|p2a: Amoonguss|Amoonguss, L50, M|100\/100\n|detailschange|p2b: Palafin|Palafin-Hero, L50, F\n|switch|p2b: Arcanine|Arcanine, L50, M|100\/100\n|-ability|p2b: Arcanine|Intimidate|boost\n|-unboost|p1a: Scizor|atk|1\n|-unboost|p1b: Iron Bundle|atk|1\n|move|p1b: Iron Bundle|Hydro Pump|p2a: Amoonguss|[miss]\n|-miss|p1b: Iron Bundle|p2a: Amoonguss\n|move|p1a: Scizor|Trailblaze|p2b: Arcanine\n|-resisted|p2b: Arcanine\n|-damage|p2b: Arcanine|91\/100\n|-boost|p1a: Scizor|spe|1\n|\n|upkeep\n|turn|2\n|inactive|200 routes has 30 seconds left.\n|inactive|I<3DREAM has 30 seconds left.\n|\n|t:|1682013620\n|move|p1b: Iron Bundle|Protect|p1b: Iron Bundle\n|-singleturn|p1b: Iron Bundle|Protect\n|move|p1a: Scizor|Protect|p1a: Scizor\n|-singleturn|p1a: Scizor|Protect\n|move|p2b: Arcanine|Flare Blitz|p1a: Scizor\n|-activate|p1a: Scizor|move: Protect\n|move|p2a: Amoonguss|Spore|p1b: Iron Bundle\n|-activate|p1b: Iron Bundle|move: Protect\n|\n|upkeep\n|turn|3\n|inactive|200 routes has 30 seconds left.\n|inactive|200 routes has 20 seconds left.\n|\n|t:|1682013658\n|-terastallize|p2a: Amoonguss|Water\n|move|p2b: Arcanine|Protect|p2b: Arcanine\n|-singleturn|p2b: Arcanine|Protect\n|move|p1b: Iron Bundle|Freeze-Dry|p2a: Amoonguss\n|-supereffective|p2a: Amoonguss\n|-damage|p2a: Amoonguss|48\/100\n|-enditem|p2a: Amoonguss|Sitrus Berry|[eat]\n|-heal|p2a: Amoonguss|73\/100|[from] item: Sitrus Berry\n|move|p1a: Scizor|Pounce|p2a: Amoonguss\n|-damage|p2a: Amoonguss|50\/100\n|-unboost|p2a: Amoonguss|spe|1\n|move|p2a: Amoonguss|Spore|p1b: Iron Bundle\n|-status|p1b: Iron Bundle|slp|[from] move: Spore\n|\n|upkeep\n|turn|4\n|inactive|200 routes has 30 seconds left.\n|inactive|200 routes has 20 seconds left.\n|inactive|200 routes has 15 seconds left.\n|inactive|200 routes has 10 seconds left.\n|\n|t:|1682013707\n|switch|p2a: Palafin|Palafin-Hero, L50, F|100\/100\n|-activate|p2a: Palafin|ability: Zero to Hero\n|move|p1a: Scizor|Protect|p1a: Scizor\n|-singleturn|p1a: Scizor|Protect\n|cant|p1b: Iron Bundle|slp\n|move|p2b: Arcanine|Flare Blitz|p1a: Scizor\n|-activate|p1a: Scizor|move: Protect\n|\n|upkeep\n|turn|5\n|\n|t:|1682013730\n|-terastallize|p1a: Scizor|Dragon\n|cant|p1b: Iron Bundle|slp\n|move|p2b: Arcanine|Flare Blitz|p1a: Scizor\n|-resisted|p1a: Scizor\n|-damage|p1a: Scizor|73\/100\n|-damage|p2b: Arcanine|83\/100|[from] Recoil\n|move|p1a: Scizor|Trailblaze|p2a: Palafin\n|-supereffective|p2a: Palafin\n|-damage|p2a: Palafin|65\/100\n|-boost|p1a: Scizor|spe|1\n|move|p2a: Palafin|Wave Crash|p1b: Iron Bundle\n|-resisted|p1b: Iron Bundle\n|-damage|p1b: Iron Bundle|52\/100 slp\n|-damage|p2a: Palafin|52\/100|[from] Recoil\n|\n|upkeep\n|turn|6\n|inactive|200 routes has 30 seconds left.\n|inactive|I<3DREAM has 30 seconds left.\n|inactive|I<3DREAM has 20 seconds left.\n|\n|t:|1682013775\n|switch|p2a: Flutter Mane|Flutter Mane, L50|100\/100\n|-curestatus|p1b: Iron Bundle|slp|[msg]\n|move|p1b: Iron Bundle|Freeze-Dry|p2a: Flutter Mane\n|-damage|p2a: Flutter Mane|67\/100\n|move|p1a: Scizor|Trailblaze|p2b: Arcanine\n|-resisted|p2b: Arcanine\n|-damage|p2b: Arcanine|72\/100\n|-boost|p1a: Scizor|spe|1\n|move|p2b: Arcanine|Flare Blitz|p1b: Iron Bundle\n|-damage|p1b: Iron Bundle|7\/100\n|-damage|p2b: Arcanine|59\/100|[from] Recoil\n|\n|upkeep\n|turn|7\n|inactive|200 routes has 30 seconds left.\n|inactive|200 routes has 20 seconds left.\n|\n|t:|1682013813\n|-end|p1b: Iron Bundle|Quark Drive|[silent]\n|switch|p1b: Flutter Mane|Flutter Mane, L50|100\/100\n|move|p2a: Flutter Mane|Protect|p2a: Flutter Mane\n|-singleturn|p2a: Flutter Mane|Protect\n|move|p2b: Arcanine|Extreme Speed|p1b: Flutter Mane\n|-immune|p1b: Flutter Mane\n|move|p1a: Scizor|Bullet Punch|p2a: Flutter Mane\n|-activate|p2a: Flutter Mane|move: Protect\n|\n|upkeep\n|turn|8\n|inactive|200 routes has 30 seconds left.\n|\n|t:|1682013838\n|-end|p2a: Flutter Mane|Protosynthesis|[silent]\n|switch|p2a: Amoonguss|Amoonguss, L50, M, tera:Water|83\/100\n|move|p1a: Scizor|Trailblaze|p2a: Amoonguss\n|-supereffective|p2a: Amoonguss\n|-damage|p2a: Amoonguss|48\/100\n|-boost|p1a: Scizor|spe|1\n|move|p1b: Flutter Mane|Shadow Ball|p2b: Arcanine\n|-damage|p2b: Arcanine|0 fnt\n|faint|p2b: Arcanine\n|\n|upkeep\n|\n|t:|1682013851\n|switch|p2b: Palafin|Palafin-Hero, L50, F|52\/100\n|turn|9\n|-message|I<3DREAM forfeited.\n|\n|win|200 routes\n|raw|200 routes's rating: 1364 → 1386<\/strong> (+22 for winning)\n|raw|I<3DREAM's rating: 1400 → 1378<\/strong> (-22 for losing)\n|l|\u2606I<3DREAM\n","uploadtime":1682013860,"views":14,"p1id":"200routes","p2id":"i3dream","formatid":"gen9vgc2023regulationc","rating":1378,"private":0,"password":""}