{"id":"gen9vgc2023regulationc-1859832373","p1":"Draco Jack17","p2":"patheticfawn","format":"[Gen 9] VGC 2023 Regulation C","log":"|j|\u2606Draco Jack17\n|j|\u2606patheticfawn\n|t:|1683568256\n|gametype|doubles\n|player|p1|Draco Jack17|ingo|1209\n|player|p2|patheticfawn|170|1174\n|teamsize|p1|6\n|teamsize|p2|6\n|gen|9\n|tier|[Gen 9] VGC 2023 Regulation C\n|rated|\n|rule|Species Clause: Limit one of each Pok\u00e9mon\n|rule|Item Clause: Limit one of each item\n|clearpoke\n|poke|p1|Amoonguss, L50, M|\n|poke|p1|Flutter Mane, L50|\n|poke|p1|Ting-Lu, L50|\n|poke|p1|Roaring Moon, L50|\n|poke|p1|Annihilape, L50, M|\n|poke|p1|Gyarados, L50, F|\n|poke|p2|Chi-Yu, L50|\n|poke|p2|Chien-Pao, L50|\n|poke|p2|Flutter Mane, L50|\n|poke|p2|Dragonite, L50, F|\n|poke|p2|Annihilape, L50, F|\n|poke|p2|Maushold-Four, L50|\n|teampreview|4\n|inactive|Battle timer is ON: inactive players will automatically lose when time's up. (requested by patheticfawn)\n|\n|t:|1683568315\n|start\n|switch|p1a: Roaring Moon|Roaring Moon, L50|100\/100\n|switch|p1b: Stutter|Ting-Lu, L50|100\/100\n|switch|p2a: Annihilape|Annihilape, L50, F|100\/100\n|switch|p2b: Maushold|Maushold-Four, L50|100\/100\n|-ability|p1b: Stutter|Vessel of Ruin\n|-enditem|p1a: Roaring Moon|Booster Energy\n|-activate|p1a: Roaring Moon|ability: Protosynthesis|[fromitem]\n|-start|p1a: Roaring Moon|protosynthesisspe\n|turn|1\n|inactive|patheticfawn has 30 seconds left.\n|inactive|patheticfawn has 20 seconds left.\n|inactive|Draco Jack17 has 30 seconds left.\n|\n|t:|1683568365\n|-terastallize|p1a: Roaring Moon|Flying\n|-terastallize|p2a: Annihilape|Grass\n|move|p1a: Roaring Moon|Acrobatics|p2b: Maushold\n|-damage|p2b: Maushold|21\/100\n|-damage|p1a: Roaring Moon|84\/100|[from] item: Rocky Helmet|[of] p2b: Maushold\n|move|p2b: Maushold|Beat Up|p2a: Annihilape\n|-damage|p2a: Annihilape|98\/100\n|-damage|p2a: Annihilape|96\/100\n|-damage|p2a: Annihilape|94\/100\n|-damage|p2a: Annihilape|92\/100\n|-hitcount|p2a: Annihilape|4\n|move|p2a: Annihilape|Rage Fist|p1a: Roaring Moon\n|-damage|p1a: Roaring Moon|0 fnt\n|faint|p1a: Roaring Moon\n|-end|p1a: Roaring Moon|Protosynthesis|[silent]\n|move|p1b: Stutter|Sand Tomb|p2b: Maushold\n|-damage|p2b: Maushold|5\/100\n|-activate|p2b: Maushold|move: Sand Tomb|[of] p1b: Stutter\n|\n|-damage|p2b: Maushold|0 fnt|[from] move: Sand Tomb|[partiallytrapped]\n|faint|p2b: Maushold\n|upkeep\n|\n|t:|1683568385\n|switch|p1a: Annihilape|Annihilape, L50, M|100\/100\n|switch|p2b: Flutter Mane|Flutter Mane, L50|100\/100\n|-enditem|p2b: Flutter Mane|Booster Energy\n|-activate|p2b: Flutter Mane|ability: Protosynthesis|[fromitem]\n|-start|p2b: Flutter Mane|protosynthesisspe\n|turn|2\n|\n|t:|1683568407\n|move|p2b: Flutter Mane|Dazzling Gleam|p1b: Stutter|[spread] p1a,p1b\n|-supereffective|p1a: Annihilape\n|-supereffective|p1b: Stutter\n|-damage|p1a: Annihilape|66\/100\n|-damage|p1b: Stutter|76\/100\n|move|p2a: Annihilape|Rage Fist|p1a: Annihilape\n|-supereffective|p1a: Annihilape\n|-damage|p1a: Annihilape|0 fnt\n|faint|p1a: Annihilape\n|move|p1b: Stutter|Heavy Slam|p2b: Flutter Mane\n|-supereffective|p2b: Flutter Mane\n|-damage|p2b: Flutter Mane|0 fnt\n|faint|p2b: Flutter Mane\n|-end|p2b: Flutter Mane|Protosynthesis|[silent]\n|\n|upkeep\n|\n|t:|1683568418\n|switch|p2b: Chi-Yu|Chi-Yu, L50|100\/100\n|switch|p1a: Schmogus|Amoonguss, L50, M|100\/100\n|-ability|p2b: Chi-Yu|Beads of Ruin\n|turn|3\n|\n|t:|1683568443\n|move|p1a: Schmogus|Protect|p1a: Schmogus\n|-singleturn|p1a: Schmogus|Protect\n|move|p2a: Annihilape|Ice Punch|p1a: Schmogus\n|-activate|p1a: Schmogus|move: Protect\n|move|p2b: Chi-Yu|Flamethrower|p1a: Schmogus\n|-activate|p1a: Schmogus|move: Protect\n|move|p1b: Stutter|Stomping Tantrum|p2b: Chi-Yu\n|-supereffective|p2b: Chi-Yu\n|-damage|p2b: Chi-Yu|0 fnt\n|faint|p2b: Chi-Yu\n|\n|upkeep\n|turn|4\n|inactive|Draco Jack17 has 30 seconds left.\n|\n|t:|1683568469\n|move|p2a: Annihilape|Ice Punch|p1a: Schmogus\n|-supereffective|p1a: Schmogus\n|-crit|p1a: Schmogus\n|-damage|p1a: Schmogus|50\/100\n|-enditem|p1a: Schmogus|Sitrus Berry|[eat]\n|-heal|p1a: Schmogus|75\/100|[from] item: Sitrus Berry\n|move|p1b: Stutter|Sand Tomb|p2a: Annihilape\n|-resisted|p2a: Annihilape\n|-damage|p2a: Annihilape|84\/100\n|-activate|p2a: Annihilape|move: Sand Tomb|[of] p1b: Stutter\n|move|p1a: Schmogus|Pollen Puff|p1b: Stutter\n|-heal|p1b: Stutter|100\/100\n|\n|-damage|p2a: Annihilape|72\/100|[from] move: Sand Tomb|[partiallytrapped]\n|upkeep\n|turn|5\n|\n|t:|1683568485\n|move|p1a: Schmogus|Protect|p1a: Schmogus\n|-singleturn|p1a: Schmogus|Protect\n|move|p2a: Annihilape|Drain Punch|p1b: Stutter\n|-supereffective|p1b: Stutter\n|-damage|p1b: Stutter|66\/100\n|-heal|p2a: Annihilape|95\/100|[from] drain|[of] p1b: Stutter\n|move|p1b: Stutter|Ruination|p2a: Annihilape\n|-damage|p2a: Annihilape|48\/100\n|-enditem|p2a: Annihilape|Sitrus Berry|[eat]\n|-heal|p2a: Annihilape|73\/100|[from] item: Sitrus Berry\n|\n|-damage|p2a: Annihilape|60\/100|[from] move: Sand Tomb|[partiallytrapped]\n|upkeep\n|turn|6\n|\n|t:|1683568501\n|move|p2a: Annihilape|Drain Punch|p1b: Stutter\n|-supereffective|p1b: Stutter\n|-damage|p1b: Stutter|32\/100\n|-heal|p2a: Annihilape|84\/100|[from] drain|[of] p1b: Stutter\n|move|p1b: Stutter|Ruination|p2a: Annihilape\n|-damage|p2a: Annihilape|42\/100\n|move|p1a: Schmogus|Pollen Puff|p1b: Stutter\n|-heal|p1b: Stutter|82\/100\n|\n|-damage|p2a: Annihilape|30\/100|[from] move: Sand Tomb|[partiallytrapped]\n|upkeep\n|turn|7\n|\n|t:|1683568513\n|move|p2a: Annihilape|Drain Punch|p1b: Stutter\n|-supereffective|p1b: Stutter\n|-damage|p1b: Stutter|48\/100\n|-heal|p2a: Annihilape|52\/100|[from] drain|[of] p1b: Stutter\n|move|p1b: Stutter|Heavy Slam|p2a: Annihilape\n|-damage|p2a: Annihilape|16\/100\n|move|p1a: Schmogus|Pollen Puff|p1b: Stutter\n|-heal|p1b: Stutter|98\/100\n|\n|-damage|p2a: Annihilape|4\/100|[from] move: Sand Tomb|[partiallytrapped]\n|upkeep\n|turn|8\n|\n|t:|1683568529\n|move|p2a: Annihilape|Rage Fist|p1a: Schmogus\n|-damage|p1a: Schmogus|0 fnt\n|faint|p1a: Schmogus\n|move|p1b: Stutter|Heavy Slam|p2a: Annihilape\n|-damage|p2a: Annihilape|0 fnt\n|faint|p2a: Annihilape\n|\n|win|Draco Jack17\n|raw|Draco Jack17's rating: 1209 → 1231<\/strong> (+22 for winning)\n|raw|patheticfawn's rating: 1174 → 1152<\/strong> (-22 for losing)\n|l|\u2606patheticfawn\n","uploadtime":1683568555,"views":20,"p1id":"dracojack17","p2id":"patheticfawn","formatid":"gen9vgc2023regulationc","rating":1152,"private":0,"password":""}