{"id":"gen9vgc2023regulationc-1863835944","p1":"The ting goes BRRR","p2":"Luminetor","format":"[Gen 9] VGC 2023 Regulation C","log":"|j|\u2606The ting goes BRRR\n|j|\u2606Luminetor\n|t:|1684083561\n|gametype|doubles\n|player|p1|The ting goes BRRR|medium|\n|player|p2|Luminetor|265|\n|teamsize|p1|6\n|teamsize|p2|6\n|gen|9\n|tier|[Gen 9] VGC 2023 Regulation C\n|rule|Species Clause: Limit one of each Pok\u00e9mon\n|rule|Item Clause: Limit one of each item\n|clearpoke\n|poke|p1|Kingambit, L50, M|\n|poke|p1|Flutter Mane, L50|\n|poke|p1|Iron Hands, L50|\n|poke|p1|Gothitelle, L50, F|\n|poke|p1|Amoonguss, L50, F|\n|poke|p1|Dragonite, L50, M|\n|poke|p2|Tatsugiri, L50, M|\n|poke|p2|Dondozo, L50, F|\n|poke|p2|Glimmora, L50, M|\n|poke|p2|Flutter Mane, L50|\n|poke|p2|Chi-Yu, L50|\n|poke|p2|Iron Bundle, L50|\n|teampreview|4\nThe ting goes BRRR has agreed to open team sheets.\n|inactive|Battle timer is ON: inactive players will automatically lose when time's up. (requested by The ting goes BRRR)\n|c|\u2606Luminetor|gl\nLuminetor has agreed to open team sheets.\n|inactive|The ting goes BRRR has 60 seconds left.\n|inactive|Luminetor has 60 seconds left.\n|inactive|The ting goes BRRR has 30 seconds left.\n|inactive|The ting goes BRRR has 20 seconds left.\n|inactive|The ting goes BRRR has 15 seconds left.\n|\n|t:|1684084127\n|start\n|switch|p1a: Flutter Mane|Flutter Mane, L50|100\/100\n|switch|p1b: Bro what am i?|Gothitelle, L50, F|100\/100\n|switch|p2a: Iron Bundle|Iron Bundle, L50|100\/100\n|switch|p2b: Flutter Mane|Flutter Mane, L50|100\/100\n|-enditem|p2a: Iron Bundle|Booster Energy\n|-activate|p2a: Iron Bundle|ability: Quark Drive|[fromitem]\n|-start|p2a: Iron Bundle|quarkdrivespe\n|turn|1\n|\n|t:|1684084145\n|-end|p1a: Flutter Mane|Protosynthesis|[silent]\n|switch|p1a: Kingambit|Kingambit, L50, M|100\/100\n|-terastallize|p2a: Iron Bundle|Ghost\n|move|p1b: Bro what am i?|Protect|p1b: Bro what am i?\n|-singleturn|p1b: Bro what am i?|Protect\n|move|p2a: Iron Bundle|Freeze-Dry|p1b: Bro what am i?\n|-activate|p1b: Bro what am i?|move: Protect\n|move|p2b: Flutter Mane|Shadow Ball|p1b: Bro what am i?\n|-activate|p1b: Bro what am i?|move: Protect\n|\n|upkeep\n|turn|2\n|inactive|The ting goes BRRR has 30 seconds left.\n|inactive|The ting goes BRRR has 20 seconds left.\n|\n|t:|1684084183\n|-end|p2a: Iron Bundle|Quark Drive|[silent]\n|switch|p2a: Dondozo|Dondozo, L50, F|100\/100\n|switch|p1b: Amoonguss|Amoonguss, L50, F|100\/100\n|-terastallize|p1a: Kingambit|Dark\n|move|p2b: Flutter Mane|Shadow Ball|p1b: Amoonguss\n|-damage|p1b: Amoonguss|50\/100\n|-enditem|p1b: Amoonguss|Sitrus Berry|[eat]\n|-heal|p1b: Amoonguss|75\/100|[from] item: Sitrus Berry\n|move|p1a: Kingambit|Kowtow Cleave|p2a: Dondozo\n|-damage|p2a: Dondozo|49\/100\n|\n|-heal|p2a: Dondozo|55\/100|[from] item: Leftovers\n|upkeep\n|turn|3\n|\n|t:|1684084201\n|move|p1a: Kingambit|Sucker Punch|p2b: Flutter Mane\n|-damage|p2b: Flutter Mane|0 fnt\n|faint|p2b: Flutter Mane\n|-end|p2b: Flutter Mane|Protosynthesis|[silent]\n|move|p2a: Dondozo|Wave Crash|p1b: Amoonguss\n|-resisted|p1b: Amoonguss\n|-damage|p1b: Amoonguss|53\/100\n|-damage|p2a: Dondozo|48\/100|[from] Recoil\n|move|p1b: Amoonguss|Spore|p2a: Dondozo\n|-status|p2a: Dondozo|slp|[from] move: Spore\n|\n|-heal|p2a: Dondozo|54\/100 slp|[from] item: Leftovers\n|upkeep\n|\n|t:|1684084205\n|switch|p2b: Chi-Yu|Chi-Yu, L50|100\/100\n|-ability|p2b: Chi-Yu|Beads of Ruin\n|turn|4\n|\n|t:|1684084222\n|switch|p1b: Bro what am i?|Gothitelle, L50, F|100\/100\n|move|p2b: Chi-Yu|Heat Wave|p1a: Kingambit|[spread] p1a,p1b\n|-damage|p1a: Kingambit|49\/100\n|-damage|p1b: Bro what am i?|67\/100\n|cant|p2a: Dondozo|slp\n|move|p1a: Kingambit|Kowtow Cleave|p2b: Chi-Yu\n|-resisted|p2b: Chi-Yu\n|-damage|p2b: Chi-Yu|40\/100\n|\n|-heal|p2a: Dondozo|61\/100 slp|[from] item: Leftovers\n|upkeep\n|turn|5\n|\n|t:|1684084237\n|move|p2b: Chi-Yu|Protect|p2b: Chi-Yu\n|-singleturn|p2b: Chi-Yu|Protect\n|cant|p2a: Dondozo|slp\n|move|p1b: Bro what am i?|Fake Out|p2b: Chi-Yu\n|-activate|p2b: Chi-Yu|move: Protect\n|move|p1a: Kingambit|Kowtow Cleave|p2a: Dondozo\n|-damage|p2a: Dondozo|8\/100 slp\n|\n|-heal|p2a: Dondozo|15\/100 slp|[from] item: Leftovers\n|upkeep\n|turn|6\n|\n|t:|1684084252\n|move|p1a: Kingambit|Sucker Punch|p2b: Chi-Yu\n|-resisted|p2b: Chi-Yu\n|-damage|p2b: Chi-Yu|0 fnt\n|faint|p2b: Chi-Yu\n|cant|p2a: Dondozo|slp\n|move|p1b: Bro what am i?|Heal Pulse|p1a: Kingambit\n|-heal|p1a: Kingambit|99\/100\n|\n|-heal|p2a: Dondozo|21\/100 slp|[from] item: Leftovers\n|upkeep\n|c|\u2606Luminetor|gg\n|c|\u2606The ting goes BRRR|gg\n|\n|t:|1684084261\n|switch|p2b: Iron Bundle|Iron Bundle, L50, tera:Ghost|100\/100\n|turn|7\n|-message|Luminetor forfeited.\n|\n|win|The ting goes BRRR\n","uploadtime":1684084269,"views":11,"p1id":"thetinggoesbrrr","p2id":"luminetor","formatid":"gen9vgc2023regulationc","rating":0,"private":0,"password":""}