{"id":"gen9vgc2023regulationc-1846454447","p1":"charlie0301","p2":"bronzongbroomsvgc","format":"[Gen 9] VGC 2023 Regulation C","log":"|j|\u2606charlie0301\n|j|\u2606bronzongbroomsvgc\n|t:|1681842185\n|gametype|doubles\n|player|p1|charlie0301|265|\n|player|p2|bronzongbroomsvgc|265|\n|teamsize|p1|6\n|teamsize|p2|6\n|gen|9\n|tier|[Gen 9] VGC 2023 Regulation C\n|rule|Species Clause: Limit one of each Pok\u00e9mon\n|rule|Item Clause: Limit one of each item\n|clearpoke\n|poke|p1|Ting-Lu, L50|\n|poke|p1|Gothitelle, L50, M|\n|poke|p1|Flutter Mane, L50|\n|poke|p1|Amoonguss, L50, F|\n|poke|p1|Iron Hands, L50|\n|poke|p1|Arcanine, L50, F|\n|poke|p2|Goodra, L50, F|\n|poke|p2|Wo-Chien, L50|\n|poke|p2|Pelipper, L50, M|\n|poke|p2|Corviknight, L50, F|\n|poke|p2|Tatsugiri-Droopy, L50, M|\n|poke|p2|Dondozo, L50, M|\n|teampreview|4\n|inactive|Battle timer is ON: inactive players will automatically lose when time's up. (requested by charlie0301)\n|inactiveoff|Battle timer is now OFF.\n|c|\u2606charlie0301|g3\n|c|\u2606bronzongbroomsvgc|g3\ncharlie0301 has agreed to open team sheets.\nbronzongbroomsvgc has agreed to open team sheets.\n|\n|t:|1681842896\n|start\n|switch|p1a: Loader|Iron Hands, L50|100\/100\n|switch|p1b: Engineer|Amoonguss, L50, F|100\/100\n|switch|p2a: Corviknight|Corviknight, L50, F|100\/100\n|switch|p2b: Pelipper|Pelipper, L50, M|100\/100\n|-weather|RainDance|[from] ability: Drizzle|[of] p2b: Pelipper\n|turn|1\n|\n|t:|1681842937\n|move|p1a: Loader|Fake Out|p2a: Corviknight\n|-resisted|p2a: Corviknight\n|-crit|p2a: Corviknight\n|-damage|p2a: Corviknight|89\/100\n|cant|p2a: Corviknight|flinch\n|move|p2b: Pelipper|Hurricane|p1b: Engineer\n|-supereffective|p1b: Engineer\n|-damage|p1b: Engineer|48\/100\n|move|p1b: Engineer|Spore|p2b: Pelipper\n|-status|p2b: Pelipper|slp|[from] move: Spore\n|\n|-weather|RainDance|[upkeep]\n|upkeep\n|turn|2\n|\n|t:|1681842956\n|move|p1b: Engineer|Protect|p1b: Engineer\n|-singleturn|p1b: Engineer|Protect\n|move|p2a: Corviknight|Brave Bird|p1b: Engineer\n|-activate|p1b: Engineer|move: Protect\n|cant|p2b: Pelipper|slp\n|move|p1a: Loader|Wild Charge|p2a: Corviknight\n|-supereffective|p2a: Corviknight\n|-damage|p2a: Corviknight|0 fnt\n|faint|p2a: Corviknight\n|-damage|p1a: Loader|85\/100|[from] Recoil\n|\n|-weather|RainDance|[upkeep]\n|upkeep\n|\n|t:|1681842960\n|switch|p2a: Dondozo|Dondozo, L50, M|100\/100\n|turn|3\n|\n|t:|1681842998\n|switch|p2b: Tatsugiri|Tatsugiri-Droopy, L50, M, shiny|100\/100\n|-activate|p2b: Tatsugiri|ability: Commander|[of] p2a: Dondozo\n|-boost|p2a: Dondozo|atk|2\n|-boost|p2a: Dondozo|spa|2\n|-boost|p2a: Dondozo|spe|2\n|-boost|p2a: Dondozo|def|2\n|-boost|p2a: Dondozo|spd|2\n|switch|p1b: Artificer|Gothitelle, L50, M|100\/100\n|-terastallize|p2a: Dondozo|Water\n|move|p2a: Dondozo|Wave Crash|p1a: Loader\n|-damage|p1a: Loader|0 fnt\n|faint|p1a: Loader\n|-end|p1a: Loader|Quark Drive|[silent]\n|-damage|p2a: Dondozo|70\/100|[from] Recoil\n|\n|-weather|RainDance|[upkeep]\n|upkeep\n|\n|t:|1681843013\n|switch|p1a: Void Fiend|Flutter Mane, L50|100\/100\n|turn|4\n|\n|t:|1681843018\n|move|p2a: Dondozo|Protect|p2a: Dondozo\n|-singleturn|p2a: Dondozo|Protect\n|move|p1b: Artificer|Fake Out|p2a: Dondozo\n|-activate|p2a: Dondozo|move: Protect\n|move|p1a: Void Fiend|Perish Song|p1a: Void Fiend\n|-start|p1a: Void Fiend|perish3|[silent]\n|-start|p1b: Artificer|perish3|[silent]\n|-start|p2a: Dondozo|perish3|[silent]\n|-miss|p1a: Void Fiend|p2b: Tatsugiri\n|-fieldactivate|move: Perish Song\n|\n|-weather|RainDance|[upkeep]\n|-start|p1a: Void Fiend|perish3\n|-start|p2a: Dondozo|perish3\n|-start|p1b: Artificer|perish3\n|upkeep\n|turn|5\n|\n|t:|1681843057\n|-terastallize|p1b: Artificer|Water\n|move|p1a: Void Fiend|Protect|p1a: Void Fiend\n|-singleturn|p1a: Void Fiend|Protect\n|move|p2a: Dondozo|Fissure|p1b: Artificer\n|-damage|p1b: Artificer|0 fnt\n|faint|p1b: Artificer\n|-ohko\n|\n|-weather|RainDance|[upkeep]\n|-start|p1a: Void Fiend|perish2\n|-start|p2a: Dondozo|perish2\n|upkeep\n|\n|t:|1681843066\n|switch|p1b: Engineer|Amoonguss, L50, F|81\/100\n|turn|6\n|\n|t:|1681843076\n|move|p1a: Void Fiend|Moonblast|p2a: Dondozo\n|-damage|p2a: Dondozo|43\/100\n|move|p2a: Dondozo|Surf|p1b: Engineer|[spread] p1a,p1b\n|-miss|p2a: Dondozo|p2b: Tatsugiri\n|-resisted|p1b: Engineer\n|-enditem|p1a: Void Fiend|Focus Sash\n|-damage|p1a: Void Fiend|1\/100\n|-damage|p1b: Engineer|39\/100\n|move|p1b: Engineer|Spore|p2a: Dondozo\n|-status|p2a: Dondozo|slp|[from] move: Spore\n|\n|-weather|RainDance|[upkeep]\n|-start|p1a: Void Fiend|perish1\n|-start|p2a: Dondozo|perish1\n|upkeep\n|turn|7\n|c|\u2606charlie0301|gg\n|c|\u2606charlie0301|hhhhh\n|c|\u2606bronzongbroomsvgc|gg\n|\n|t:|1681843093\n|cant|p2a: Dondozo|slp\n|move|p1b: Engineer|Protect|p1b: Engineer\n|-singleturn|p1b: Engineer|Protect\n|move|p1a: Void Fiend|Moonblast|p2a: Dondozo\n|-damage|p2a: Dondozo|15\/100 slp\n|\n|-weather|RainDance|[upkeep]\n|-start|p1a: Void Fiend|perish0\n|-start|p2a: Dondozo|perish0\n|faint|p1a: Void Fiend\n|-end|p1a: Void Fiend|Protosynthesis|[silent]\n|faint|p2a: Dondozo\n|upkeep\n|-message|charlie0301 forfeited.\n|\n|win|bronzongbroomsvgc\n|c|\u2606bronzongbroomsvgc|fissure go brr\n|j| outdaSIX\n|l|\u2606charlie0301\n|l| outdaSIX\n","uploadtime":1681843101,"views":12,"p1id":"charlie0301","p2id":"bronzongbroomsvgc","formatid":"gen9vgc2023regulationc","rating":0,"private":0,"password":""}