{"id":"gen9vgc2023regulationc-1855861329","p1":"Obvaltisobv","p2":"adrpen","format":"[Gen 9] VGC 2023 Regulation C","log":"|j|\u2606Obvaltisobv\n|j|\u2606adrpen\n|t:|1682993006\n|gametype|doubles\n|player|p1|Obvaltisobv|266|1229\n|player|p2|adrpen|preschooler|1225\n|teamsize|p1|6\n|teamsize|p2|6\n|gen|9\n|tier|[Gen 9] VGC 2023 Regulation C\n|rated|\n|rule|Species Clause: Limit one of each Pok\u00e9mon\n|rule|Item Clause: Limit one of each item\n|clearpoke\n|poke|p1|Amoonguss, L50, F|\n|poke|p1|Flutter Mane, L50|\n|poke|p1|Iron Bundle, L50|\n|poke|p1|Chi-Yu, L50|\n|poke|p1|Lucario, L50, F|\n|poke|p1|Scyther, L50, M|\n|poke|p2|Amoonguss, L50, M|\n|poke|p2|Palafin, L50, M|\n|poke|p2|Iron Hands, L50|\n|poke|p2|Arcanine, L50, M|\n|poke|p2|Flutter Mane, L50|\n|poke|p2|Dragonite, L50, M|\n|teampreview|4\n|inactive|Battle timer is ON: inactive players will automatically lose when time's up. (requested by Obvaltisobv)\nObvaltisobv has agreed to open team sheets.\n|inactive|adrpen has 60 seconds left.\n|\n|t:|1682993068\n|start\n|switch|p1a: Flutter Mane|Flutter Mane, L50|100\/100\n|switch|p1b: Scyther|Scyther, L50, M|100\/100\n|switch|p2a: Palafin|Palafin, L50, M, shiny|100\/100\n|switch|p2b: Iron Hands|Iron Hands, L50, shiny|100\/100\n|turn|1\n|inactive|Obvaltisobv has 30 seconds left.\n|\n|t:|1682993096\n|move|p2a: Palafin|Protect|p2a: Palafin\n|-singleturn|p2a: Palafin|Protect\n|move|p1a: Flutter Mane|Dazzling Gleam|p2b: Iron Hands|[spread] p2b\n|-activate|p2a: Palafin|move: Protect\n|-supereffective|p2b: Iron Hands\n|-damage|p2b: Iron Hands|70\/100\n|move|p1b: Scyther|Aerial Ace|p2b: Iron Hands\n|-damage|p2b: Iron Hands|46\/100\n|move|p2b: Iron Hands|Heavy Slam|p1a: Flutter Mane\n|-supereffective|p1a: Flutter Mane\n|-enditem|p1a: Flutter Mane|Focus Sash\n|-damage|p1a: Flutter Mane|1\/100\n|\n|upkeep\n|turn|2\n|\n|t:|1682993115\n|-end|p2b: Iron Hands|Quark Drive|[silent]\n|switch|p2b: Amoonguss|Amoonguss, L50, M, shiny|100\/100\n|move|p1b: Scyther|Quick Guard|p1b: Scyther\n|-singleturn|p1b: Scyther|Quick Guard\n|move|p2a: Palafin|Jet Punch|p1a: Flutter Mane\n|-activate|p1a: Flutter Mane|move: Quick Guard\n|move|p1a: Flutter Mane|Thunderbolt|p2a: Palafin\n|-supereffective|p2a: Palafin\n|-damage|p2a: Palafin|18\/100\n|-status|p2a: Palafin|par\n|\n|upkeep\n|turn|3\n|inactive|adrpen has 30 seconds left.\n|\n|t:|1682993141\n|cant|p2a: Palafin|par\n|move|p1a: Flutter Mane|Dazzling Gleam|p2b: Amoonguss|[spread] p2a,p2b\n|-resisted|p2b: Amoonguss\n|-damage|p2a: Palafin|0 fnt\n|-damage|p2b: Amoonguss|87\/100\n|faint|p2a: Palafin\n|move|p1b: Scyther|Aerial Ace|p2b: Amoonguss\n|-supereffective|p2b: Amoonguss\n|-damage|p2b: Amoonguss|29\/100\n|-damage|p1b: Scyther|84\/100|[from] item: Rocky Helmet|[of] p2b: Amoonguss\n|move|p2b: Amoonguss|Pollen Puff|p2: Palafin|[notarget]\n|-fail|p2b: Amoonguss\n|\n|upkeep\n|\n|t:|1682993152\n|switch|p2a: Flutter Mane|Flutter Mane, L50|100\/100\n|-enditem|p2a: Flutter Mane|Booster Energy\n|-activate|p2a: Flutter Mane|ability: Protosynthesis|[fromitem]\n|-start|p2a: Flutter Mane|protosynthesisspa\n|turn|4\n|\n|t:|1682993165\n|-terastallize|p2a: Flutter Mane|Water\n|move|p1a: Flutter Mane|Protect|p1a: Flutter Mane\n|-singleturn|p1a: Flutter Mane|Protect\n|move|p2b: Amoonguss|Protect|p2b: Amoonguss\n|-singleturn|p2b: Amoonguss|Protect\n|move|p2a: Flutter Mane|Shadow Ball|p1a: Flutter Mane\n|-activate|p1a: Flutter Mane|move: Protect\n|move|p1b: Scyther|Tailwind|p1b: Scyther\n|-sidestart|p1: Obvaltisobv|move: Tailwind\n|\n|upkeep\n|turn|5\n|\n|t:|1682993181\n|move|p2b: Amoonguss|Rage Powder|p2b: Amoonguss\n|-singleturn|p2b: Amoonguss|move: Rage Powder\n|move|p1a: Flutter Mane|Dazzling Gleam|p2b: Amoonguss|[spread] p2a,p2b\n|-resisted|p2b: Amoonguss\n|-damage|p2a: Flutter Mane|72\/100\n|-damage|p2b: Amoonguss|16\/100\n|move|p1b: Scyther|Pounce|p2b: Amoonguss\n|-damage|p2b: Amoonguss|0 fnt\n|-damage|p1b: Scyther|68\/100|[from] item: Rocky Helmet|[of] p2b: Amoonguss\n|faint|p2b: Amoonguss\n|move|p2a: Flutter Mane|Shadow Ball|p1a: Flutter Mane\n|-supereffective|p1a: Flutter Mane\n|-damage|p1a: Flutter Mane|0 fnt\n|faint|p1a: Flutter Mane\n|-end|p1a: Flutter Mane|Protosynthesis|[silent]\n|\n|upkeep\n|\n|t:|1682993194\n|switch|p1a: Iron Bundle|Iron Bundle, L50|100\/100\n|switch|p2b: Iron Hands|Iron Hands, L50, shiny|46\/100\n|-enditem|p1a: Iron Bundle|Booster Energy\n|-activate|p1a: Iron Bundle|ability: Quark Drive|[fromitem]\n|-start|p1a: Iron Bundle|quarkdrivespe\n|turn|6\n|\n|t:|1682993212\n|move|p1a: Iron Bundle|Protect|p1a: Iron Bundle\n|-singleturn|p1a: Iron Bundle|Protect\n|move|p2b: Iron Hands|Fake Out|p1b: Scyther\n|-damage|p1b: Scyther|55\/100\n|cant|p1b: Scyther|flinch\n|move|p2a: Flutter Mane|Thunderbolt|p1a: Iron Bundle\n|-activate|p1a: Iron Bundle|move: Protect\n|\n|upkeep\n|turn|7\n|\n|t:|1682993235\n|move|p1a: Iron Bundle|Ice Beam|p2b: Iron Hands\n|-damage|p2b: Iron Hands|23\/100\n|-status|p2b: Iron Hands|frz\n|move|p1b: Scyther|Aerial Ace|p2b: Iron Hands\n|-damage|p2b: Iron Hands|0 fnt\n|faint|p2b: Iron Hands\n|-end|p2b: Iron Hands|Quark Drive|[silent]\n|move|p2a: Flutter Mane|Moonblast|p1b: Scyther\n|-damage|p1b: Scyther|5\/100\n|\n|-sideend|p1: Obvaltisobv|move: Tailwind\n|upkeep\n|turn|8\n|\n|t:|1682993248\n|-terastallize|p1a: Iron Bundle|Ice\n|move|p1a: Iron Bundle|Freeze-Dry|p2a: Flutter Mane\n|-supereffective|p2a: Flutter Mane\n|-crit|p2a: Flutter Mane\n|-damage|p2a: Flutter Mane|0 fnt\n|faint|p2a: Flutter Mane\n|-end|p2a: Flutter Mane|Protosynthesis|[silent]\n|\n|win|Obvaltisobv\n|raw|Obvaltisobv's rating: 1229 → 1254<\/strong> (+25 for winning)\n|raw|adrpen's rating: 1225 → 1200<\/strong> (-25 for losing)\n","uploadtime":1682993257,"views":11,"p1id":"obvaltisobv","p2id":"adrpen","formatid":"gen9vgc2023regulationc","rating":1200,"private":0,"password":""}