{"id":"gen9vgc2023regulationc-1848121185","p1":"Zeltink","p2":"dettowalk","format":"[Gen 9] VGC 2023 Regulation C","log":"|j|\u2606Zeltink\n|j|\u2606dettowalk\n|t:|1682032140\n|gametype|doubles\n|player|p1|Zeltink|ethan|1028\n|player|p2|dettowalk|170|1125\n|teamsize|p1|6\n|teamsize|p2|6\n|gen|9\n|tier|[Gen 9] VGC 2023 Regulation C\n|rated|\n|rule|Species Clause: Limit one of each Pok\u00e9mon\n|rule|Item Clause: Limit one of each item\n|clearpoke\n|poke|p1|Breloom, L50, M|\n|poke|p1|Palafin, L50, M|\n|poke|p1|Lucario, L50, M|\n|poke|p1|Noivern, L50, F|\n|poke|p1|Ting-Lu, L50|\n|poke|p1|Kingambit, L50, M|\n|poke|p2|Iron Hands, L50|\n|poke|p2|Arcanine, L50, F|\n|poke|p2|Amoonguss, L50, F|\n|poke|p2|Gothitelle, L50, M|\n|poke|p2|Scream Tail, L50|\n|poke|p2|Gengar, L50, M|\n|teampreview|4\n|inactive|Battle timer is ON: inactive players will automatically lose when time's up. (requested by Zeltink)\nZeltink rejected open team sheets.\n|\n|t:|1682032178\n|start\n|switch|p1a: Palafin|Palafin, L50, M|100\/100\n|switch|p1b: Breloom|Breloom, L50, M|100\/100\n|switch|p2a: Gengar|Gengar, L50, M|100\/100\n|switch|p2b: Amoonguss|Amoonguss, L50, F|100\/100\n|turn|1\n|inactive|Zeltink has 30 seconds left.\n|\n|t:|1682032207\n|detailschange|p1a: Palafin|Palafin-Hero, L50, M\n|switch|p1a: Ting-Lu|Ting-Lu, L50|100\/100\n|-ability|p1a: Ting-Lu|Vessel of Ruin\n|move|p1b: Breloom|Mach Punch|p2a: Gengar\n|-immune|p2a: Gengar\n|move|p2a: Gengar|Perish Song|p2a: Gengar\n|-start|p1a: Ting-Lu|perish3|[silent]\n|-start|p1b: Breloom|perish3|[silent]\n|-start|p2a: Gengar|perish3|[silent]\n|-start|p2b: Amoonguss|perish3|[silent]\n|-fieldactivate|move: Perish Song\n|move|p2b: Amoonguss|Spore|p1a: Ting-Lu\n|-status|p1a: Ting-Lu|slp|[from] move: Spore\n|\n|-start|p2a: Gengar|perish3\n|-start|p1b: Breloom|perish3\n|-start|p1a: Ting-Lu|perish3\n|-start|p2b: Amoonguss|perish3\n|upkeep\n|turn|2\n|inactive|Zeltink has 30 seconds left.\n|inactive|dettowalk has 30 seconds left.\n|inactive|dettowalk has 20 seconds left.\n|\n|t:|1682032245\n|switch|p2a: Gothitelle|Gothitelle, L50, M|100\/100\n|move|p2b: Amoonguss|Rage Powder|p2b: Amoonguss\n|-singleturn|p2b: Amoonguss|move: Rage Powder\n|move|p1b: Breloom|Bullet Seed|p2a: Gothitelle\n|-damage|p2a: Gothitelle|81\/100\n|-damage|p2a: Gothitelle|62\/100\n|-hitcount|p2a: Gothitelle|2\n|cant|p1a: Ting-Lu|slp\n|\n|-start|p1b: Breloom|perish2\n|-start|p1a: Ting-Lu|perish2\n|-start|p2b: Amoonguss|perish2\n|upkeep\n|turn|3\n|inactive|Zeltink has 30 seconds left.\n|inactive|Zeltink has 20 seconds left.\n|\n|t:|1682032281\n|move|p2a: Gothitelle|Fake Out|p1b: Breloom\n|-damage|p1b: Breloom|93\/100\n|cant|p1b: Breloom|flinch\n|-curestatus|p1a: Ting-Lu|slp|[msg]\n|move|p1a: Ting-Lu|Ruination|p2b: Amoonguss\n|-damage|p2b: Amoonguss|50\/100\n|-enditem|p2b: Amoonguss|Eject Button\n|\n|t:|1682032292\n|switch|p2b: Gengar|Gengar, L50, M|100\/100\n|\n|-start|p1b: Breloom|perish1\n|-start|p1a: Ting-Lu|perish1\n|upkeep\n|turn|4\n|inactive|Zeltink has 30 seconds left.\n|\n|t:|1682032322\n|move|p2b: Gengar|Protect|p2b: Gengar\n|-singleturn|p2b: Gengar|Protect\n|move|p2a: Gothitelle|Protect|p2a: Gothitelle\n|-singleturn|p2a: Gothitelle|Protect\n|move|p1b: Breloom|Spore|p2a: Gothitelle\n|-activate|p2a: Gothitelle|move: Protect\n|move|p1a: Ting-Lu|Ruination|p2b: Gengar\n|-activate|p2b: Gengar|move: Protect\n|\n|-start|p1b: Breloom|perish0\n|-start|p1a: Ting-Lu|perish0\n|faint|p1b: Breloom\n|faint|p1a: Ting-Lu\n|upkeep\n|\n|t:|1682032337\n|switch|p1b: Kingambit|Kingambit, L50, M, shiny|100\/100\n|switch|p1a: Palafin|Palafin-Hero, L50, M|100\/100\n|-activate|p1a: Palafin|ability: Zero to Hero\n|-activate|p1b: Kingambit|ability: Supreme Overlord\n|-start|p1b: Kingambit|fallen2|[silent]\n|turn|5\n|inactive|dettowalk has 30 seconds left.\n|\n|t:|1682032372\n|switch|p2b: Amoonguss|Amoonguss, L50, F|84\/100\n|-terastallize|p1a: Palafin|Water\n|move|p1a: Palafin|Jet Punch|p2a: Gothitelle\n|-damage|p2a: Gothitelle|0 fnt\n|faint|p2a: Gothitelle\n|move|p1b: Kingambit|Kowtow Cleave|p2b: Amoonguss\n|-damage|p2b: Amoonguss|16\/100\n|\n|upkeep\n|\n|t:|1682032383\n|switch|p2a: Gengar|Gengar, L50, M|100\/100\n|turn|6\n|\n|t:|1682032393\n|move|p2b: Amoonguss|Rage Powder|p2b: Amoonguss\n|-singleturn|p2b: Amoonguss|move: Rage Powder\n|move|p1a: Palafin|Jet Punch|p2b: Amoonguss\n|-resisted|p2b: Amoonguss\n|-damage|p2b: Amoonguss|0 fnt\n|faint|p2b: Amoonguss\n|move|p1b: Kingambit|Sucker Punch||[still]\n|-fail|p1b: Kingambit\n|move|p2a: Gengar|Perish Song|p2a: Gengar\n|-start|p1a: Palafin|perish3|[silent]\n|-start|p1b: Kingambit|perish3|[silent]\n|-start|p2a: Gengar|perish3|[silent]\n|-fieldactivate|move: Perish Song\n|\n|-start|p2a: Gengar|perish3\n|-start|p1a: Palafin|perish3\n|-start|p1b: Kingambit|perish3\n|upkeep\n|\n|t:|1682032407\n|switch|p2b: Arcanine|Arcanine, L50, F|100\/100\n|-ability|p2b: Arcanine|Intimidate|boost\n|-unboost|p1a: Palafin|atk|1\n|-unboost|p1b: Kingambit|atk|1\n|turn|7\n|\n|t:|1682032421\n|move|p2a: Gengar|Protect|p2a: Gengar\n|-singleturn|p2a: Gengar|Protect\n|move|p1a: Palafin|Jet Punch|p2b: Arcanine\n|-supereffective|p2b: Arcanine\n|-damage|p2b: Arcanine|2\/100\n|move|p2b: Arcanine|Will-O-Wisp|p1a: Palafin|[miss]\n|-miss|p2b: Arcanine|p1a: Palafin\n|move|p1b: Kingambit|Kowtow Cleave|p2a: Gengar\n|-activate|p2a: Gengar|move: Protect\n|\n|-start|p2a: Gengar|perish2\n|-start|p1a: Palafin|perish2\n|-start|p1b: Kingambit|perish2\n|upkeep\n|turn|8\n|inactive|dettowalk has 30 seconds left.\n|\n|t:|1682032450\n|-terastallize|p2a: Gengar|Flying\n|move|p2b: Arcanine|Protect|p2b: Arcanine\n|-singleturn|p2b: Arcanine|Protect\n|move|p1a: Palafin|Jet Punch|p2b: Arcanine\n|-activate|p2b: Arcanine|move: Protect\n|move|p2a: Gengar|Sludge Bomb|p1a: Palafin\n|-damage|p1a: Palafin|56\/100\n|move|p1b: Kingambit|Kowtow Cleave|p2a: Gengar\n|-damage|p2a: Gengar|6\/100\n|\n|-start|p2a: Gengar|perish1\n|-start|p1a: Palafin|perish1\n|-start|p1b: Kingambit|perish1\n|upkeep\n|turn|9\n|inactive|Zeltink has 30 seconds left.\n|\n|t:|1682032476\n|move|p2a: Gengar|Protect|p2a: Gengar\n|-singleturn|p2a: Gengar|Protect\n|move|p2b: Arcanine|Protect||[still]\n|-fail|p2b: Arcanine\n|move|p1a: Palafin|Jet Punch|p2a: Gengar\n|-activate|p2a: Gengar|move: Protect\n|move|p1b: Kingambit|Kowtow Cleave|p2b: Arcanine\n|-damage|p2b: Arcanine|0 fnt\n|faint|p2b: Arcanine\n|\n|-start|p2a: Gengar|perish0\n|-start|p1a: Palafin|perish0\n|-start|p1b: Kingambit|perish0\n|faint|p2a: Gengar\n|faint|p1a: Palafin\n|faint|p1b: Kingambit\n|-end|p1b: Kingambit|fallen2|[silent]\n|\n|win|Zeltink\n|upkeep\n|raw|Zeltink's rating: 1028 → 1074<\/strong> (+46 for winning)\n|raw|dettowalk's rating: 1125 → 1093<\/strong> (-32 for losing)\n|l|\u2606dettowalk\n|c|\u2606Zeltink|Was that a draw?\n","uploadtime":1682032514,"views":2,"p1id":"zeltink","p2id":"dettowalk","formatid":"gen9vgc2023regulationc","rating":1074,"private":0,"password":""}