{"id":"gen9vgc2023regulationc-1857293179","p1":"liberezlecaca","p2":"CaliberChamp","format":"[Gen 9] VGC 2023 Regulation C","log":"|j|\u2606liberezlecaca\n|j|\u2606CaliberChamp\n|t:|1683168899\n|gametype|doubles\n|player|p1|liberezlecaca|101|1074\n|player|p2|CaliberChamp|blue-masters|1150\n|teamsize|p1|6\n|teamsize|p2|6\n|gen|9\n|tier|[Gen 9] VGC 2023 Regulation C\n|rated|\n|rule|Species Clause: Limit one of each Pok\u00e9mon\n|rule|Item Clause: Limit one of each item\n|clearpoke\n|poke|p1|Ting-Lu, L50|\n|poke|p1|Gyarados, L50, F|\n|poke|p1|Kingambit, L50, F|\n|poke|p1|Flutter Mane, L50|\n|poke|p1|Chi-Yu, L50|\n|poke|p1|Tsareena, L50, F|\n|poke|p2|Quaquaval, L50, F|\n|poke|p2|Cyclizar, L50, M|\n|poke|p2|Armarouge, L50, M|\n|poke|p2|Ceruledge, L50, F|\n|poke|p2|Iron Bundle, L50|\n|poke|p2|Iron Valiant, L50|\n|teampreview|4\n|inactive|Battle timer is ON: inactive players will automatically lose when time's up. (requested by CaliberChamp)\n|\n|t:|1683168927\n|start\n|switch|p1a: Ting-Lu|Ting-Lu, L50|100\/100\n|switch|p1b: Gyarados|Gyarados, L50, F|100\/100\n|switch|p2a: Cyclizar|Cyclizar, L50, M|100\/100\n|switch|p2b: Delibundle|Iron Bundle, L50|100\/100\n|-ability|p1b: Gyarados|Intimidate|boost\n|-unboost|p2a: Cyclizar|atk|1\n|-unboost|p2b: Delibundle|atk|1\n|-ability|p1a: Ting-Lu|Vessel of Ruin\n|turn|1\n|inactive|CaliberChamp has 30 seconds left.\n|\n|t:|1683168953\n|-terastallize|p1a: Ting-Lu|Ground\n|move|p2b: Delibundle|Protect|p2b: Delibundle\n|-singleturn|p2b: Delibundle|Protect\n|move|p2a: Cyclizar|Shed Tail|p2a: Cyclizar\n|-start|p2a: Cyclizar|Substitute|[from] move: Shed Tail\n|-damage|p2a: Cyclizar|50\/100\n|\n|t:|1683168969\n|switch|p2a: Galiant|Iron Valiant, L50|100\/100|[from] Shed Tail\n|-enditem|p2a: Galiant|Booster Energy\n|-activate|p2a: Galiant|ability: Quark Drive|[fromitem]\n|-start|p2a: Galiant|quarkdrivespe\n|move|p1b: Gyarados|Surf|p2b: Delibundle|[spread] p1a,p2a\n|-activate|p2b: Delibundle|move: Protect\n|-activate|p2a: Galiant|move: Substitute|[damage]\n|-supereffective|p1a: Ting-Lu\n|-damage|p1a: Ting-Lu|91\/100\n|-enditem|p1a: Ting-Lu|Weakness Policy\n|-boost|p1a: Ting-Lu|atk|2|[from] item: Weakness Policy\n|-boost|p1a: Ting-Lu|spa|2|[from] item: Weakness Policy\n|move|p1a: Ting-Lu|Earthquake|p2b: Delibundle|[spread] p2a\n|-activate|p2b: Delibundle|move: Protect\n|-immune|p1b: Gyarados\n|-end|p2a: Galiant|Substitute\n|\n|upkeep\n|turn|2\n|inactive|liberezlecaca has 30 seconds left.\n|inactive|CaliberChamp has 30 seconds left.\n|\n|t:|1683169001\n|move|p2a: Galiant|Disable|p1a: Ting-Lu\n|-start|p1a: Ting-Lu|Disable|Earthquake\n|move|p2b: Delibundle|Encore|p1a: Ting-Lu\n|-start|p1a: Ting-Lu|Encore\n|move|p1b: Gyarados|Waterfall|p2b: Delibundle\n|-resisted|p2b: Delibundle\n|-crit|p2b: Delibundle\n|-damage|p2b: Delibundle|69\/100\n|cant|p1a: Ting-Lu|Disable|Earthquake\n|\n|upkeep\n|turn|3\n|\n|t:|1683169014\n|move|p2a: Galiant|Dazzling Gleam|p1a: Ting-Lu|[spread] p1a,p1b\n|-damage|p1a: Ting-Lu|76\/100\n|-damage|p1b: Gyarados|84\/100\n|move|p2b: Delibundle|Freeze-Dry|p1b: Gyarados\n|-supereffective|p1b: Gyarados\n|-damage|p1b: Gyarados|6\/100\n|-enditem|p1b: Gyarados|Sitrus Berry|[eat]\n|-heal|p1b: Gyarados|31\/100|[from] item: Sitrus Berry\n|move|p1b: Gyarados|Waterfall|p2a: Galiant\n|-damage|p2a: Galiant|52\/100\n|-activate|p1a: Ting-Lu|move: Struggle\n|move|p1a: Ting-Lu|Struggle|p2b: Delibundle\n|-damage|p2b: Delibundle|38\/100\n|-damage|p1a: Ting-Lu|51\/100|[from] recoil\n|\n|upkeep\n|turn|4\n|inactive|liberezlecaca has 30 seconds left.\n|inactive|liberezlecaca has 20 seconds left.\n|inactive|liberezlecaca has 15 seconds left.\n|\n|t:|1683169055\n|switch|p1a: Flutter Mane|Flutter Mane, L50|100\/100\n|move|p2a: Galiant|Dazzling Gleam|p1b: Gyarados|[spread] p1a,p1b\n|-damage|p1a: Flutter Mane|72\/100\n|-damage|p1b: Gyarados|10\/100\n|move|p2b: Delibundle|Freeze-Dry|p1b: Gyarados\n|-supereffective|p1b: Gyarados\n|-damage|p1b: Gyarados|0 fnt\n|faint|p1b: Gyarados\n|\n|upkeep\n|\n|t:|1683169064\n|switch|p1b: Kingambit|Kingambit, L50, F|100\/100\n|turn|5\n|\n|t:|1683169074\n|move|p2a: Galiant|Protect|p2a: Galiant\n|-singleturn|p2a: Galiant|Protect\n|move|p2b: Delibundle|Protect|p2b: Delibundle\n|-singleturn|p2b: Delibundle|Protect\n|move|p1b: Kingambit|Sucker Punch||[still]\n|-fail|p1b: Kingambit\n|move|p1a: Flutter Mane|Dazzling Gleam|p2b: Delibundle|[spread] \n|-activate|p2a: Galiant|move: Protect\n|-activate|p2b: Delibundle|move: Protect\n|\n|upkeep\n|turn|6\n|\n|t:|1683169087\n|switch|p1b: Ting-Lu|Ting-Lu, L50, tera:Ground|51\/100\n|-ability|p1b: Ting-Lu|Vessel of Ruin\n|move|p2a: Galiant|Disable|p1a: Flutter Mane\n|-start|p1a: Flutter Mane|Disable|Dazzling Gleam\n|move|p2b: Delibundle|Encore|p1a: Flutter Mane\n|-start|p1a: Flutter Mane|Encore\n|cant|p1a: Flutter Mane|Disable|Dazzling Gleam\n|\n|upkeep\n|turn|7\n|\n|t:|1683169105\n|-end|p1a: Flutter Mane|Protosynthesis|[silent]\n|switch|p1a: Kingambit|Kingambit, L50, F|100\/100\n|move|p1b: Ting-Lu|Protect|p1b: Ting-Lu\n|-singleturn|p1b: Ting-Lu|Protect\n|move|p2a: Galiant|Dazzling Gleam|p1b: Ting-Lu|[spread] p1a\n|-activate|p1b: Ting-Lu|move: Protect\n|-damage|p1a: Kingambit|86\/100\n|move|p2b: Delibundle|Freeze-Dry|p1b: Ting-Lu\n|-activate|p1b: Ting-Lu|move: Protect\n|\n|upkeep\n|turn|8\n|inactive|liberezlecaca has 30 seconds left.\n|\n|t:|1683169131\n|switch|p1a: Flutter Mane|Flutter Mane, L50|72\/100\n|move|p2a: Galiant|Aura Sphere|p1a: Flutter Mane\n|-immune|p1a: Flutter Mane\n|move|p2b: Delibundle|Encore|p1b: Ting-Lu\n|-start|p1b: Ting-Lu|Encore\n|move|p1b: Ting-Lu|Protect||[still]\n|-fail|p1b: Ting-Lu\n|\n|upkeep\n|turn|9\n|\n|t:|1683169151\n|switch|p1b: Kingambit|Kingambit, L50, F|86\/100\n|move|p2a: Galiant|Protect|p2a: Galiant\n|-singleturn|p2a: Galiant|Protect\n|move|p2b: Delibundle|Protect|p2b: Delibundle\n|-singleturn|p2b: Delibundle|Protect\n|move|p1a: Flutter Mane|Dazzling Gleam|p2b: Delibundle|[spread] \n|-activate|p2a: Galiant|move: Protect\n|-activate|p2b: Delibundle|move: Protect\n|\n|upkeep\n|turn|10\n|inactive|liberezlecaca has 30 seconds left.\n|\n|t:|1683169176\n|-terastallize|p2b: Delibundle|Ground\n|move|p2a: Galiant|Disable|p1a: Flutter Mane\n|-start|p1a: Flutter Mane|Disable|Dazzling Gleam\n|move|p2b: Delibundle|Tera Blast|p1b: Kingambit\n|-supereffective|p1b: Kingambit\n|-damage|p1b: Kingambit|30\/100\n|cant|p1a: Flutter Mane|Disable|Dazzling Gleam\n|move|p1b: Kingambit|Iron Head|p2b: Delibundle\n|-damage|p2b: Delibundle|0 fnt\n|faint|p2b: Delibundle\n|-end|p2b: Delibundle|Quark Drive|[silent]\n|\n|upkeep\n|\n|t:|1683169196\n|switch|p2b: Quaquaval|Quaquaval, L50, F|100\/100\n|turn|11\n|\n|t:|1683169209\n|-end|p1a: Flutter Mane|Protosynthesis|[silent]\n|switch|p1a: Ting-Lu|Ting-Lu, L50, tera:Ground|51\/100\n|-ability|p1a: Ting-Lu|Vessel of Ruin\n|move|p2b: Quaquaval|Aqua Jet|p1a: Ting-Lu\n|-supereffective|p1a: Ting-Lu\n|-damage|p1a: Ting-Lu|28\/100\n|move|p1b: Kingambit|Sucker Punch|p2a: Galiant\n|-resisted|p2a: Galiant\n|-damage|p2a: Galiant|38\/100\n|move|p2a: Galiant|Dazzling Gleam|p1a: Ting-Lu|[spread] p1a,p1b\n|-damage|p1a: Ting-Lu|15\/100\n|-damage|p1b: Kingambit|17\/100\n|\n|upkeep\n|turn|12\n|\n|t:|1683169229\n|move|p1a: Ting-Lu|Protect|p1a: Ting-Lu\n|-singleturn|p1a: Ting-Lu|Protect\n|move|p2a: Galiant|Dazzling Gleam|p1b: Kingambit|[spread] p1b\n|-activate|p1a: Ting-Lu|move: Protect\n|-damage|p1b: Kingambit|2\/100\n|move|p2b: Quaquaval|Aqua Step|p1b: Kingambit\n|-damage|p1b: Kingambit|0 fnt\n|-boost|p2b: Quaquaval|spe|1\n|faint|p1b: Kingambit\n|-ability|p2b: Quaquaval|Moxie|boost\n|-boost|p2b: Quaquaval|atk|1\n|\n|upkeep\n|\n|t:|1683169239\n|switch|p1b: Flutter Mane|Flutter Mane, L50|72\/100\n|turn|13\n|\n|t:|1683169248\n|move|p2b: Quaquaval|Aqua Jet|p1b: Flutter Mane\n|-damage|p1b: Flutter Mane|9\/100\n|move|p2a: Galiant|Dazzling Gleam|p1b: Flutter Mane|[spread] p1a,p1b\n|-damage|p1a: Ting-Lu|0 fnt\n|-damage|p1b: Flutter Mane|0 fnt\n|faint|p1a: Ting-Lu\n|faint|p1b: Flutter Mane\n|-end|p1b: Flutter Mane|Protosynthesis|[silent]\n|\n|win|CaliberChamp\n|raw|liberezlecaca's rating: 1074 → 1057<\/strong> (-17 for losing)\n|raw|CaliberChamp's rating: 1150 → 1170<\/strong> (+20 for winning)\n|l|\u2606liberezlecaca\n","uploadtime":1683169264,"views":12,"p1id":"liberezlecaca","p2id":"caliberchamp","formatid":"gen9vgc2023regulationc","rating":1057,"private":0,"password":""}