{"id":"gen9vgc2023regulationc-1850505612","p1":"Topit345","p2":"Eveisthebestpkmn","format":"[Gen 9] VGC 2023 Regulation C","log":"|j|\u2606Topit345\n|j|\u2606Eveisthebestpkmn\n|t:|1682343904\n|gametype|doubles\n|player|p1|Topit345|lucas-gen4pt|1029\n|player|p2|Eveisthebestpkmn|guitarist|1092\n|teamsize|p1|6\n|teamsize|p2|6\n|gen|9\n|tier|[Gen 9] VGC 2023 Regulation C\n|rated|\n|rule|Species Clause: Limit one of each Pok\u00e9mon\n|rule|Item Clause: Limit one of each item\n|clearpoke\n|poke|p1|Maushold, L50|\n|poke|p1|Amoonguss, L50, M|\n|poke|p1|Annihilape, L50, F|\n|poke|p1|Great Tusk, L50|\n|poke|p1|Talonflame, L50, F|\n|poke|p1|Iron Bundle, L50|\n|poke|p2|Dachsbun, L50, F|\n|poke|p2|Wo-Chien, L50|\n|poke|p2|Chi-Yu, L50|\n|poke|p2|Flutter Mane, L50|\n|poke|p2|Talonflame, L50, M|\n|poke|p2|Ting-Lu, L50|\n|teampreview|4\n|inactive|Battle timer is ON: inactive players will automatically lose when time's up. (requested by Topit345)\n|\n|t:|1682343948\n|start\n|switch|p1a: Chilly Willy|Iron Bundle, L50|100\/100\n|switch|p1b: Talonflame|Talonflame, L50, F, shiny|100\/100\n|switch|p2a: Dachsbun|Dachsbun, L50, F, shiny|100\/100\n|switch|p2b: Chi-Yu|Chi-Yu, L50|100\/100\n|-ability|p2b: Chi-Yu|Beads of Ruin\n|turn|1\n|inactive|Eveisthebestpkmn has 30 seconds left.\n|\n|t:|1682343977\n|-terastallize|p2b: Chi-Yu|Grass\n|move|p1a: Chilly Willy|Chilling Water|p2b: Chi-Yu\n|-resisted|p2b: Chi-Yu\n|-damage|p2b: Chi-Yu|91\/100\n|-unboost|p2b: Chi-Yu|atk|1\n|move|p1b: Talonflame|Tailwind|p1b: Talonflame\n|-sidestart|p1: Topit345|move: Tailwind\n|move|p2b: Chi-Yu|Lava Plume|p1a: Chilly Willy|[spread] p1a,p1b\n|-ability|p2a: Dachsbun|Well-Baked Body|boost\n|-boost|p2a: Dachsbun|def|2\n|-resisted|p1b: Talonflame\n|-damage|p1a: Chilly Willy|11\/100\n|-damage|p1b: Talonflame|74\/100\n|move|p2a: Dachsbun|Body Press|p1a: Chilly Willy\n|-supereffective|p1a: Chilly Willy\n|-damage|p1a: Chilly Willy|0 fnt\n|faint|p1a: Chilly Willy\n|-end|p1a: Chilly Willy|Quark Drive|[silent]\n|\n|upkeep\n|\n|t:|1682343992\n|switch|p1a: Tarzan|Annihilape, L50, F|100\/100\n|turn|2\n|inactive|Eveisthebestpkmn has 30 seconds left.\n|\n|t:|1682344023\n|move|p1b: Talonflame|Flare Blitz|p2b: Chi-Yu\n|-supereffective|p2b: Chi-Yu\n|-damage|p2b: Chi-Yu|0 fnt\n|faint|p2b: Chi-Yu\n|-damage|p1b: Talonflame|53\/100|[from] Recoil\n|move|p1a: Tarzan|Bulk Up|p1a: Tarzan\n|-boost|p1a: Tarzan|atk|1\n|-boost|p1a: Tarzan|def|1\n|move|p2a: Dachsbun|Body Press|p1b: Talonflame\n|-resisted|p1b: Talonflame\n|-damage|p1b: Talonflame|18\/100\n|\n|upkeep\n|\n|t:|1682344034\n|switch|p2b: Flutter Mane|Flutter Mane, L50|100\/100\n|turn|3\n|\n|t:|1682344053\n|-end|p2b: Flutter Mane|Protosynthesis|[silent]\n|switch|p2b: Wo-Chien|Wo-Chien, L50|100\/100\n|-ability|p2b: Wo-Chien|Tablets of Ruin\n|move|p1b: Talonflame|Roost|p1b: Talonflame\n|-heal|p1b: Talonflame|68\/100\n|-singleturn|p1b: Talonflame|move: Roost\n|move|p1a: Tarzan|Rage Fist|p2b: Wo-Chien\n|-resisted|p2b: Wo-Chien\n|-damage|p2b: Wo-Chien|90\/100\n|move|p2a: Dachsbun|Body Press|p1b: Talonflame\n|-damage|p1b: Talonflame|10\/100\n|\n|upkeep\n|turn|4\n|inactive|Topit345 has 30 seconds left.\n|\n|t:|1682344079\n|move|p1b: Talonflame|Will-O-Wisp|p2b: Wo-Chien\n|-status|p2b: Wo-Chien|brn\n|move|p1a: Tarzan|Drain Punch|p2a: Dachsbun\n|-resisted|p2a: Dachsbun\n|-damage|p2a: Dachsbun|91\/100\n|move|p2a: Dachsbun|Body Press|p1b: Talonflame\n|-resisted|p1b: Talonflame\n|-damage|p1b: Talonflame|0 fnt\n|-status|p2a: Dachsbun|brn|[from] ability: Flame Body|[of] p1b: Talonflame\n|faint|p1b: Talonflame\n|move|p2b: Wo-Chien|Leech Seed|p1a: Tarzan\n|-start|p1a: Tarzan|move: Leech Seed\n|\n|-heal|p2a: Dachsbun|96\/100 brn|[from] item: Leftovers\n|-damage|p1a: Tarzan|88\/100|[from] Leech Seed|[of] p2b: Wo-Chien\n|-heal|p2b: Wo-Chien|100\/100 brn|[silent]\n|-damage|p2a: Dachsbun|91\/100 brn|[from] brn\n|-damage|p2b: Wo-Chien|94\/100 brn|[from] brn\n|-sideend|p1: Topit345|move: Tailwind\n|upkeep\n|\n|t:|1682344088\n|switch|p1b: Impostor|Amoonguss, L50, M|100\/100\n|turn|5\n|inactive|Eveisthebestpkmn has 30 seconds left.\n|inactive|Eveisthebestpkmn has 20 seconds left.\n|inactive|Eveisthebestpkmn has 15 seconds left.\n|inactive|Eveisthebestpkmn has 10 seconds left.\n|\n|t:|1682344136\n|move|p1b: Impostor|Rage Powder|p1b: Impostor\n|-singleturn|p1b: Impostor|move: Rage Powder\n|move|p1a: Tarzan|Bulk Up|p1a: Tarzan\n|-boost|p1a: Tarzan|atk|1\n|-boost|p1a: Tarzan|def|1\n|move|p2a: Dachsbun|Body Press|p1b: Impostor\n|-resisted|p1b: Impostor\n|-damage|p1b: Impostor|92\/100\n|move|p2b: Wo-Chien|Giga Drain|p1b: Impostor\n|-resisted|p1b: Impostor\n|-damage|p1b: Impostor|87\/100\n|-heal|p2b: Wo-Chien|97\/100 brn|[from] drain|[of] p1b: Impostor\n|\n|-heal|p1a: Tarzan|94\/100|[from] item: Leftovers\n|-heal|p2a: Dachsbun|96\/100 brn|[from] item: Leftovers\n|-damage|p1a: Tarzan|82\/100|[from] Leech Seed|[of] p2b: Wo-Chien\n|-heal|p2b: Wo-Chien|100\/100 brn|[silent]\n|-damage|p2a: Dachsbun|91\/100 brn|[from] brn\n|-damage|p2b: Wo-Chien|94\/100 brn|[from] brn\n|upkeep\n|turn|6\n|\n|t:|1682344160\n|move|p1b: Impostor|Rage Powder|p1b: Impostor\n|-singleturn|p1b: Impostor|move: Rage Powder\n|move|p1a: Tarzan|Bulk Up|p1a: Tarzan\n|-boost|p1a: Tarzan|atk|1\n|-boost|p1a: Tarzan|def|1\n|move|p2a: Dachsbun|Crunch|p1b: Impostor\n|-damage|p1b: Impostor|83\/100\n|move|p2b: Wo-Chien|Pollen Puff|p1b: Impostor\n|-damage|p1b: Impostor|64\/100\n|\n|-heal|p1a: Tarzan|88\/100|[from] item: Leftovers\n|-heal|p2a: Dachsbun|96\/100 brn|[from] item: Leftovers\n|-damage|p1a: Tarzan|75\/100|[from] Leech Seed|[of] p2b: Wo-Chien\n|-heal|p2b: Wo-Chien|100\/100 brn|[silent]\n|-damage|p2a: Dachsbun|91\/100 brn|[from] brn\n|-damage|p2b: Wo-Chien|94\/100 brn|[from] brn\n|upkeep\n|turn|7\n|inactive|Topit345 has 30 seconds left.\n|\n|t:|1682344186\n|move|p1a: Tarzan|Rage Fist|p2b: Wo-Chien\n|-resisted|p2b: Wo-Chien\n|-damage|p2b: Wo-Chien|76\/100 brn\n|move|p2a: Dachsbun|Crunch|p1b: Impostor\n|-damage|p1b: Impostor|59\/100\n|move|p2b: Wo-Chien|Pollen Puff|p1b: Impostor\n|-damage|p1b: Impostor|41\/100\n|-enditem|p1b: Impostor|Sitrus Berry|[eat]\n|-heal|p1b: Impostor|66\/100|[from] item: Sitrus Berry\n|move|p1b: Impostor|Giga Drain|p2a: Dachsbun\n|-damage|p2a: Dachsbun|59\/100 brn\n|-heal|p1b: Impostor|76\/100|[from] drain|[of] p2a: Dachsbun\n|\n|-heal|p1a: Tarzan|81\/100|[from] item: Leftovers\n|-heal|p2a: Dachsbun|65\/100 brn|[from] item: Leftovers\n|-damage|p1a: Tarzan|69\/100|[from] Leech Seed|[of] p2b: Wo-Chien\n|-heal|p2b: Wo-Chien|88\/100 brn|[silent]\n|-damage|p2a: Dachsbun|59\/100 brn|[from] brn\n|-damage|p2b: Wo-Chien|82\/100 brn|[from] brn\n|upkeep\n|turn|8\n|\n|t:|1682344205\n|move|p1a: Tarzan|Drain Punch|p2b: Wo-Chien\n|-supereffective|p2b: Wo-Chien\n|-damage|p2b: Wo-Chien|0 fnt\n|-heal|p1a: Tarzan|100\/100|[from] drain|[of] p2b: Wo-Chien\n|faint|p2b: Wo-Chien\n|move|p2a: Dachsbun|Crunch|p1b: Impostor\n|-damage|p1b: Impostor|70\/100\n|move|p1b: Impostor|Giga Drain|p2a: Dachsbun\n|-damage|p2a: Dachsbun|25\/100 brn\n|-heal|p1b: Impostor|82\/100|[from] drain|[of] p2a: Dachsbun\n|\n|-heal|p2a: Dachsbun|31\/100 brn|[from] item: Leftovers\n|-damage|p2a: Dachsbun|25\/100 brn|[from] brn\n|upkeep\n|\n|t:|1682344210\n|switch|p2b: Flutter Mane|Flutter Mane, L50|100\/100\n|turn|9\n|\n|t:|1682344229\n|move|p2b: Flutter Mane|Dazzling Gleam|p1a: Tarzan|[spread] p1a,p1b\n|-supereffective|p1a: Tarzan\n|-resisted|p1b: Impostor\n|-damage|p1a: Tarzan|0 fnt\n|-damage|p1b: Impostor|62\/100\n|faint|p1a: Tarzan\n|move|p2a: Dachsbun|Play Rough|p1b: Impostor|[miss]\n|-miss|p2a: Dachsbun|p1b: Impostor\n|move|p1b: Impostor|Giga Drain|p2a: Dachsbun\n|-damage|p2a: Dachsbun|0 fnt\n|-heal|p1b: Impostor|70\/100|[from] drain|[of] p2a: Dachsbun\n|faint|p2a: Dachsbun\n|\n|upkeep\n|turn|10\n|\n|t:|1682344242\n|move|p2b: Flutter Mane|Dazzling Gleam|p1b: Impostor\n|-resisted|p1b: Impostor\n|-damage|p1b: Impostor|41\/100\n|move|p1b: Impostor|Spore|p2b: Flutter Mane\n|-status|p2b: Flutter Mane|slp|[from] move: Spore\n|\n|upkeep\n|turn|11\n|\n|t:|1682344252\n|cant|p2b: Flutter Mane|slp\n|move|p1b: Impostor|Giga Drain|p2b: Flutter Mane\n|-damage|p2b: Flutter Mane|73\/100 slp\n|-heal|p1b: Impostor|49\/100|[from] drain|[of] p2b: Flutter Mane\n|\n|upkeep\n|turn|12\n|\n|t:|1682344257\n|cant|p2b: Flutter Mane|slp\n|move|p1b: Impostor|Giga Drain|p2b: Flutter Mane\n|-damage|p2b: Flutter Mane|49\/100 slp\n|-heal|p1b: Impostor|56\/100|[from] drain|[of] p2b: Flutter Mane\n|\n|upkeep\n|turn|13\n|\n|t:|1682344264\n|cant|p2b: Flutter Mane|slp\n|move|p1b: Impostor|Giga Drain|p2b: Flutter Mane\n|-damage|p2b: Flutter Mane|26\/100 slp\n|-heal|p1b: Impostor|64\/100|[from] drain|[of] p2b: Flutter Mane\n|\n|upkeep\n|turn|14\n|\n|t:|1682344268\n|-curestatus|p2b: Flutter Mane|slp|[msg]\n|move|p2b: Flutter Mane|Dazzling Gleam|p1b: Impostor\n|-resisted|p1b: Impostor\n|-damage|p1b: Impostor|36\/100\n|move|p1b: Impostor|Giga Drain|p2b: Flutter Mane\n|-damage|p2b: Flutter Mane|0 fnt\n|-heal|p1b: Impostor|44\/100|[from] drain|[of] p2b: Flutter Mane\n|faint|p2b: Flutter Mane\n|-end|p2b: Flutter Mane|Protosynthesis|[silent]\n|\n|win|Topit345\n|raw|Topit345's rating: 1029 → 1071<\/strong> (+42 for winning)\n|raw|Eveisthebestpkmn's rating: 1092 → 1064<\/strong> (-28 for losing)\n|l|\u2606Eveisthebestpkmn\n","uploadtime":1682344280,"views":26,"p1id":"topit345","p2id":"eveisthebestpkmn","formatid":"gen9vgc2023regulationc","rating":1064,"private":0,"password":""}