{"id":"gen9vgc2023regulationc-1863705793","p1":"ciue","p2":"Armaderschaden","format":"[Gen 9] VGC 2023 Regulation C","log":"|j|\u2606ciue\n|j|\u2606Armaderschaden\n|t:|1684064116\n|gametype|doubles\n|player|p1|ciue|flannery|1158\n|player|p2|Armaderschaden|101|1045\n|teamsize|p1|6\n|teamsize|p2|6\n|gen|9\n|tier|[Gen 9] VGC 2023 Regulation C\n|rated|\n|rule|Species Clause: Limit one of each Pok\u00e9mon\n|rule|Item Clause: Limit one of each item\n|clearpoke\n|poke|p1|Annihilape, L50, F|\n|poke|p1|Maushold, L50|\n|poke|p1|Arcanine, L50, M|\n|poke|p1|Flutter Mane, L50|\n|poke|p1|Amoonguss, L50, M|\n|poke|p1|Ting-Lu, L50|\n|poke|p2|Torkoal, L50, F|\n|poke|p2|Great Tusk, L50|\n|poke|p2|Flutter Mane, L50|\n|poke|p2|Jumpluff, L50, M|\n|poke|p2|Chien-Pao, L50|\n|poke|p2|Kingambit, L50, F|\n|teampreview|4\nciue has agreed to open team sheets.\n|\n|t:|1684064165\n|start\n|switch|p1a: Annihilape|Annihilape, L50, F|100\/100\n|switch|p1b: Maushold|Maushold, L50|100\/100\n|switch|p2a: Torkoal|Torkoal, L50, F|100\/100\n|switch|p2b: Jumpluff|Jumpluff, L50, M|100\/100\n|-weather|SunnyDay|[from] ability: Drought|[of] p2a: Torkoal\n|turn|1\n|\n|t:|1684064186\n|-terastallize|p1a: Annihilape|Water\n|move|p2b: Jumpluff|Sleep Powder|p1a: Annihilape\n|-status|p1a: Annihilape|slp|[from] move: Sleep Powder\n|move|p1b: Maushold|Beat Up|p1a: Annihilape\n|-damage|p1a: Annihilape|98\/100 slp\n|-damage|p1a: Annihilape|96\/100 slp\n|-damage|p1a: Annihilape|94\/100 slp\n|-hitcount|p1a: Annihilape|3\n|cant|p1a: Annihilape|slp\n|move|p2a: Torkoal|Fissure|p1b: Maushold\n|-damage|p1b: Maushold|0 fnt\n|faint|p1b: Maushold\n|-ohko\n|\n|-weather|SunnyDay|[upkeep]\n|-heal|p1a: Annihilape|99\/100 slp|[from] item: Leftovers\n|upkeep\n|c|\u2606ciue|75% + 30%: skilled\n|\n|t:|1684064236\n|switch|p1b: Arcanine|Arcanine, L50, M|100\/100\n|-ability|p1b: Arcanine|Intimidate|boost\n|-unboost|p2a: Torkoal|atk|1\n|-unboost|p2b: Jumpluff|atk|1\n|turn|2\n|\n|t:|1684064263\n|-terastallize|p2b: Jumpluff|Water\n|move|p2a: Torkoal|Helping Hand|p2b: Jumpluff\n|-singleturn|p2b: Jumpluff|Helping Hand|[of] p2a: Torkoal\n|move|p2b: Jumpluff|Leaf Storm|p1a: Annihilape\n|-supereffective|p1a: Annihilape\n|-damage|p1a: Annihilape|10\/100 slp\n|-unboost|p2b: Jumpluff|spa|2\n|cant|p1a: Annihilape|slp\n|move|p1b: Arcanine|Flare Blitz|p2b: Jumpluff\n|-resisted|p2b: Jumpluff\n|-damage|p2b: Jumpluff|64\/100\n|-damage|p1b: Arcanine|89\/100|[from] Recoil\n|\n|-weather|SunnyDay|[upkeep]\n|-heal|p1a: Annihilape|16\/100 slp|[from] item: Leftovers\n|upkeep\n|turn|3\n|\n|t:|1684064300\n|move|p2a: Torkoal|Helping Hand|p2b: Jumpluff\n|-singleturn|p2b: Jumpluff|Helping Hand|[of] p2a: Torkoal\n|-curestatus|p1a: Annihilape|slp|[msg]\n|move|p1a: Annihilape|Protect|p1a: Annihilape\n|-singleturn|p1a: Annihilape|Protect\n|move|p2b: Jumpluff|Leaf Storm|p1a: Annihilape\n|-activate|p1a: Annihilape|move: Protect\n|move|p1b: Arcanine|Snarl|p2b: Jumpluff|[spread] p2a,p2b\n|-damage|p2a: Torkoal|90\/100\n|-damage|p2b: Jumpluff|55\/100\n|-unboost|p2a: Torkoal|spa|1\n|-enditem|p2a: Torkoal|Eject Button\n|\n|t:|1684064314\n|switch|p2a: Great Tusk|Great Tusk, L50|100\/100\n|-activate|p2a: Great Tusk|ability: Protosynthesis\n|-start|p2a: Great Tusk|protosynthesisatk\n|\n|-weather|SunnyDay|[upkeep]\n|-heal|p1a: Annihilape|22\/100|[from] item: Leftovers\n|upkeep\n|turn|4\n|\n|t:|1684064336\n|switch|p1a: Amoonguss|Amoonguss, L50, M|100\/100\n|move|p2b: Jumpluff|Tailwind|p2b: Jumpluff\n|-sidestart|p2: Armaderschaden|move: Tailwind\n|move|p2a: Great Tusk|Earthquake|p1b: Arcanine|[spread] p2b,p1a,p1b\n|-supereffective|p1b: Arcanine\n|-damage|p2b: Jumpluff|9\/100\n|-damage|p1a: Amoonguss|61\/100\n|-damage|p1b: Arcanine|0 fnt\n|faint|p1b: Arcanine\n|\n|-weather|SunnyDay|[upkeep]\n|upkeep\n|\n|t:|1684064345\n|switch|p1b: Annihilape|Annihilape, L50, F, tera:Water|22\/100\n|turn|5\n|\n|t:|1684064358\n|move|p1b: Annihilape|Protect|p1b: Annihilape\n|-singleturn|p1b: Annihilape|Protect\n|move|p1a: Amoonguss|Protect|p1a: Amoonguss\n|-singleturn|p1a: Amoonguss|Protect\n|move|p2b: Jumpluff|Sleep Powder|p1b: Annihilape\n|-activate|p1b: Annihilape|move: Protect\n|move|p2a: Great Tusk|Earthquake|p1a: Amoonguss|[spread] p2b\n|-activate|p1a: Amoonguss|move: Protect\n|-activate|p1b: Annihilape|move: Protect\n|-damage|p2b: Jumpluff|0 fnt\n|faint|p2b: Jumpluff\n|\n|-weather|none\n|-end|p2a: Great Tusk|Protosynthesis\n|-heal|p1b: Annihilape|27\/100|[from] item: Leftovers\n|upkeep\n|\n|t:|1684064374\n|switch|p2b: Flutter Mane|Flutter Mane, L50|100\/100\n|turn|6\n|\n|t:|1684064385\n|-end|p2a: Great Tusk|Protosynthesis|[silent]\n|switch|p2a: Torkoal|Torkoal, L50, F|90\/100\n|-weather|SunnyDay|[from] ability: Drought|[of] p2a: Torkoal\n|-activate|p2b: Flutter Mane|ability: Protosynthesis\n|-start|p2b: Flutter Mane|protosynthesisspa\n|move|p1b: Annihilape|Protect|p1b: Annihilape\n|-singleturn|p1b: Annihilape|Protect\n|move|p2b: Flutter Mane|Dazzling Gleam|p1a: Amoonguss|[spread] p1a\n|-activate|p1b: Annihilape|move: Protect\n|-resisted|p1a: Amoonguss\n|-damage|p1a: Amoonguss|33\/100\n|-enditem|p1a: Amoonguss|Sitrus Berry|[eat]\n|-heal|p1a: Amoonguss|58\/100|[from] item: Sitrus Berry\n|move|p1a: Amoonguss|Spore|p2b: Flutter Mane\n|-status|p2b: Flutter Mane|slp|[from] move: Spore\n|\n|-weather|SunnyDay|[upkeep]\n|-heal|p1b: Annihilape|33\/100|[from] item: Leftovers\n|upkeep\n|turn|7\n|\n|t:|1684064413\n|-end|p2b: Flutter Mane|Protosynthesis|[silent]\n|switch|p2b: Great Tusk|Great Tusk, L50|100\/100\n|-activate|p2b: Great Tusk|ability: Protosynthesis\n|-start|p2b: Great Tusk|protosynthesisatk\n|move|p1b: Annihilape|Rage Fist|p2a: Torkoal\n|-damage|p2a: Torkoal|10\/100\n|move|p2a: Torkoal|Overheat|p1a: Amoonguss\n|-supereffective|p1a: Amoonguss\n|-damage|p1a: Amoonguss|0 fnt\n|-unboost|p2a: Torkoal|spa|2\n|faint|p1a: Amoonguss\n|\n|-weather|SunnyDay|[upkeep]\n|-heal|p1b: Annihilape|39\/100|[from] item: Leftovers\n|-sideend|p2: Armaderschaden|move: Tailwind\n|upkeep\n|turn|8\n|\n|t:|1684064441\n|switch|p2a: Flutter Mane|Flutter Mane, L50|100\/100 slp\n|-activate|p2a: Flutter Mane|ability: Protosynthesis\n|-start|p2a: Flutter Mane|protosynthesisspa\n|move|p1b: Annihilape|Protect|p1b: Annihilape\n|-singleturn|p1b: Annihilape|Protect\n|move|p2b: Great Tusk|Headlong Rush|p1b: Annihilape\n|-activate|p1b: Annihilape|move: Protect\n|\n|-weather|SunnyDay|[upkeep]\n|-heal|p1b: Annihilape|45\/100|[from] item: Leftovers\n|upkeep\n|turn|9\n|\n|t:|1684064459\n|move|p2b: Great Tusk|Headlong Rush|p1b: Annihilape\n|-damage|p1b: Annihilape|0 fnt\n|-unboost|p2b: Great Tusk|def|1\n|-unboost|p2b: Great Tusk|spd|1\n|faint|p1b: Annihilape\n|\n|win|Armaderschaden\n|raw|ciue's rating: 1158 → 1125<\/strong> (-33 for losing)\n|raw|Armaderschaden's rating: 1045 → 1089<\/strong> (+44 for winning)\n|l|\u2606ciue\n","uploadtime":1684064476,"views":13,"p1id":"ciue","p2id":"armaderschaden","formatid":"gen9vgc2023regulationc","rating":1089,"private":0,"password":""}