{"id":"gen9vgc2023regulationc-1863721540","p1":"Sumovgc","p2":"Mattando97","format":"[Gen 9] VGC 2023 Regulation C","log":"|j|\u2606Sumovgc\n|j|\u2606Mattando97\n|t:|1684067081\n|gametype|doubles\n|player|p1|Sumovgc|170|\n|player|p2|Mattando97|unknownf|\n|teamsize|p1|6\n|teamsize|p2|6\n|gen|9\n|tier|[Gen 9] VGC 2023 Regulation C\n|rule|Species Clause: Limit one of each Pok\u00e9mon\n|rule|Item Clause: Limit one of each item\n|clearpoke\n|poke|p1|Clodsire, L50, M|\n|poke|p1|Hawlucha, L50, F|\n|poke|p1|Chi-Yu, L50|\n|poke|p1|Tyranitar, L50, M|\n|poke|p1|Lycanroc, L50, F|\n|poke|p1|Sandy Shocks, L50|\n|poke|p2|Tatsugiri-Droopy, L50, M|\n|poke|p2|Dondozo, L50, F|\n|poke|p2|Iron Treads, L50|\n|poke|p2|Pawmot, L50, F|\n|poke|p2|Dachsbun, L50, F|\n|poke|p2|Amoonguss, L50, M|\n|teampreview|4\nSumovgc has agreed to open team sheets.\nMattando97 has agreed to open team sheets.\n|j| Freischieb\n|\n|t:|1684067157\n|start\n|switch|p1a: Gojirra|Tyranitar, L50, M|100\/100\n|switch|p1b: Spiky Doggy|Lycanroc, L50, F|100\/100\n|switch|p2a: Donductor|Tatsugiri-Droopy, L50, M, shiny|100\/100\n|switch|p2b: Pikangst|Pawmot, L50, F, shiny|100\/100\n|-weather|Sandstorm|[from] ability: Sand Stream|[of] p1a: Gojirra\n|turn|1\n|\n|t:|1684067258\n|-terastallize|p1a: Gojirra|Flying\n|move|p1b: Spiky Doggy|Rock Slide|p2b: Pikangst|[spread] p2a\n|-miss|p1b: Spiky Doggy|p2b: Pikangst\n|-damage|p2a: Donductor|47\/100\n|move|p2a: Donductor|Muddy Water|p1b: Spiky Doggy|[spread] p1a,p1b\n|-supereffective|p1b: Spiky Doggy\n|-damage|p1a: Gojirra|68\/100\n|-damage|p1b: Spiky Doggy|11\/100\n|move|p2b: Pikangst|Entrainment|p1b: Spiky Doggy\n|-endability|p1b: Spiky Doggy|Sand Rush|[from] move: Entrainment\n|-ability|p1b: Spiky Doggy|Iron Fist|[from] move: Entrainment\n|move|p1a: Gojirra|Payback|p2b: Pikangst\n|-resisted|p2b: Pikangst\n|-damage|p2b: Pikangst|58\/100\n|\n|-weather|Sandstorm|[upkeep]\n|-damage|p2a: Donductor|42\/100|[from] Sandstorm\n|-damage|p2b: Pikangst|52\/100|[from] Sandstorm\n|-damage|p1a: Gojirra|62\/100|[from] Sandstorm\n|upkeep\n|turn|2\n|\n|t:|1684067311\n|-terastallize|p2a: Donductor|Grass\n|move|p1b: Spiky Doggy|Endure|p1b: Spiky Doggy\n|-singleturn|p1b: Spiky Doggy|move: Endure\n|move|p2a: Donductor|Muddy Water|p1a: Gojirra|[spread] p1b\n|-miss|p2a: Donductor|p1a: Gojirra\n|-supereffective|p1b: Spiky Doggy\n|-activate|p1b: Spiky Doggy|move: Endure\n|-damage|p1b: Spiky Doggy|1\/100\n|move|p2b: Pikangst|Thunder Punch|p1a: Gojirra\n|-supereffective|p1a: Gojirra\n|-damage|p1a: Gojirra|0 fnt\n|faint|p1a: Gojirra\n|\n|-weather|Sandstorm|[upkeep]\n|-damage|p2a: Donductor|36\/100|[from] Sandstorm\n|-damage|p2b: Pikangst|46\/100|[from] Sandstorm\n|upkeep\n|\n|t:|1684067324\n|switch|p1a: Nemo on Gear|Chi-Yu, L50|100\/100\n|-ability|p1a: Nemo on Gear|Beads of Ruin\n|turn|3\n|\n|t:|1684067408\n|switch|p1b: Stiff Feathers|Hawlucha, L50, F|100\/100\n|-ability|p1b: Stiff Feathers|Mold Breaker\n|move|p2b: Pikangst|Mach Punch|p1a: Nemo on Gear\n|-supereffective|p1a: Nemo on Gear\n|-damage|p1a: Nemo on Gear|36\/100\n|move|p1a: Nemo on Gear|Heat Wave|p2a: Donductor|[spread] p2a\n|-miss|p1a: Nemo on Gear|p2b: Pikangst\n|-supereffective|p2a: Donductor\n|-damage|p2a: Donductor|0 fnt\n|faint|p2a: Donductor\n|\n|-weather|Sandstorm|[upkeep]\n|-damage|p1a: Nemo on Gear|30\/100|[from] Sandstorm\n|-damage|p2b: Pikangst|40\/100|[from] Sandstorm\n|-damage|p1b: Stiff Feathers|94\/100|[from] Sandstorm\n|upkeep\n|\n|t:|1684067432\n|switch|p2a: Tech Tyre|Iron Treads, L50|100\/100\n|-enditem|p2a: Tech Tyre|Booster Energy\n|-activate|p2a: Tech Tyre|ability: Quark Drive|[fromitem]\n|-start|p2a: Tech Tyre|quarkdrivespe\n|turn|4\n|c| Freischieb|goddamn pawmot and those spread move dodges\n|\n|t:|1684067460\n|move|p2a: Tech Tyre|Stomping Tantrum|p1a: Nemo on Gear\n|-supereffective|p1a: Nemo on Gear\n|-damage|p1a: Nemo on Gear|0 fnt\n|faint|p1a: Nemo on Gear\n|move|p2b: Pikangst|Thunder Punch|p1b: Stiff Feathers\n|-supereffective|p1b: Stiff Feathers\n|-damage|p1b: Stiff Feathers|0 fnt\n|faint|p1b: Stiff Feathers\n|\n|-weather|Sandstorm|[upkeep]\n|-damage|p2b: Pikangst|34\/100|[from] Sandstorm\n|upkeep\n|\n|t:|1684067467\n|switch|p1b: Spiky Doggy|Lycanroc, L50, F|1\/100\n|turn|5\n|c|\u2606Sumovgc|damn\n|c|\u2606Sumovgc|that heat wave miss really ruined me\n|c| Freischieb|yeah that was a huge turn\n|\n|t:|1684067484\n|move|p2b: Pikangst|Mach Punch|p1b: Spiky Doggy\n|-supereffective|p1b: Spiky Doggy\n|-damage|p1b: Spiky Doggy|0 fnt\n|faint|p1b: Spiky Doggy\n|\n|win|Mattando97\n|c|\u2606Sumovgc|gg wp\n|c|\u2606Mattando97|gg sorry about the miss :\/\n|c|\u2606Sumovgc|ehhh its fair cause you missed the turn before\n|c|\u2606Sumovgc|i guess you get to enjoy the throne a little longer\n","uploadtime":1684067493,"views":11,"p1id":"sumovgc","p2id":"mattando97","formatid":"gen9vgc2023regulationc","rating":0,"private":0,"password":""}