{"id":"gen9vgc2023regulationc-1855015019","p1":"CaliberChamp","p2":"Aster Lyons","format":"[Gen 9] VGC 2023 Regulation C","log":"|j|\u2606CaliberChamp\n|j|\u2606Aster Lyons\n|t:|1682891137\n|gametype|doubles\n|player|p1|CaliberChamp|red-masters|1287\n|player|p2|Aster Lyons|265|1228\n|teamsize|p1|6\n|teamsize|p2|6\n|gen|9\n|tier|[Gen 9] VGC 2023 Regulation C\n|rated|\n|rule|Species Clause: Limit one of each Pok\u00e9mon\n|rule|Item Clause: Limit one of each item\n|clearpoke\n|poke|p1|Corviknight, L50, M|\n|poke|p1|Toxtricity-Low-Key, L50, F|\n|poke|p1|Grimmsnarl, L50, M|\n|poke|p1|Frosmoth, L50, F|\n|poke|p1|Quaquaval, L50, F|\n|poke|p1|Ceruledge, L50, F|\n|poke|p2|Gyarados, L50, M|\n|poke|p2|Torkoal, L50, M|\n|poke|p2|Flutter Mane, L50|\n|poke|p2|Chi-Yu, L50|\n|poke|p2|Gastrodon-East, L50, F|\n|poke|p2|Jumpluff, L50, M|\n|teampreview|4\n|inactive|Battle timer is ON: inactive players will automatically lose when time's up. (requested by CaliberChamp)\nAster Lyons has agreed to open team sheets.\n|inactive|CaliberChamp has 60 seconds left.\n|inactive|Aster Lyons has 60 seconds left.\n|\n|t:|1682891195\n|start\n|switch|p1a: Hyrok|Grimmsnarl, L50, M|100\/100\n|switch|p1b: Frysa|Frosmoth, L50, F|100\/100\n|switch|p2a: Gastrodon|Gastrodon-East, L50, F|100\/100\n|switch|p2b: Jumpluff|Jumpluff, L50, M, shiny|100\/100\n|turn|1\n|\n|t:|1682891220\n|move|p1a: Hyrok|Light Screen|p1a: Hyrok\n|-sidestart|p1: CaliberChamp|move: Light Screen\n|move|p2b: Jumpluff|Tailwind|p2b: Jumpluff\n|-sidestart|p2: Aster Lyons|move: Tailwind\n|move|p2a: Gastrodon|Earth Power|p1a: Hyrok\n|-damage|p1a: Hyrok|70\/100\n|move|p1b: Frysa|Icy Wind|p2a: Gastrodon|[spread] p2a,p2b\n|-supereffective|p2b: Jumpluff\n|-damage|p2a: Gastrodon|80\/100\n|-enditem|p2b: Jumpluff|Focus Sash\n|-damage|p2b: Jumpluff|1\/100\n|-unboost|p2a: Gastrodon|spe|1\n|-unboost|p2b: Jumpluff|spe|1\n|\n|upkeep\n|turn|2\n|inactive|Aster Lyons has 30 seconds left.\n|inactive|Aster Lyons has 20 seconds left.\n|inactive|Aster Lyons has 15 seconds left.\n|inactive|Aster Lyons has 10 seconds left.\n|\n|t:|1682891267\n|move|p1a: Hyrok|Reflect|p1a: Hyrok\n|-sidestart|p1: CaliberChamp|Reflect\n|move|p2b: Jumpluff|Encore|p1a: Hyrok\n|-start|p1a: Hyrok|Encore\n|move|p1b: Frysa|Icy Wind|p2a: Gastrodon|[spread] p2a,p2b\n|-supereffective|p2b: Jumpluff\n|-damage|p2a: Gastrodon|60\/100\n|-damage|p2b: Jumpluff|0 fnt\n|-unboost|p2a: Gastrodon|spe|1\n|faint|p2b: Jumpluff\n|move|p2a: Gastrodon|Earth Power|p1b: Frysa\n|-resisted|p1b: Frysa\n|-damage|p1b: Frysa|96\/100\n|\n|upkeep\n|\n|t:|1682891274\n|switch|p2b: Chi-Yu|Chi-Yu, L50|100\/100\n|-ability|p2b: Chi-Yu|Beads of Ruin\n|turn|3\n|\n|t:|1682891299\n|switch|p1a: Monado|Ceruledge, L50, F|100\/100\n|-terastallize|p1b: Frysa|Dragon\n|move|p2b: Chi-Yu|Heat Wave|p1a: Monado|[spread] p1b\n|-start|p1a: Monado|ability: Flash Fire\n|-resisted|p1b: Frysa\n|-damage|p1b: Frysa|88\/100\n|-damage|p2b: Chi-Yu|90\/100|[from] item: Life Orb\n|move|p1b: Frysa|Struggle Bug|p2a: Gastrodon|[spread] p2a,p2b\n|-damage|p2a: Gastrodon|34\/100\n|-damage|p2b: Chi-Yu|67\/100\n|-unboost|p2a: Gastrodon|spa|1\n|-unboost|p2b: Chi-Yu|spa|1\n|move|p2a: Gastrodon|Earth Power|p1a: Monado\n|-supereffective|p1a: Monado\n|-damage|p1a: Monado|58\/100\n|-enditem|p1a: Monado|Weakness Policy\n|-boost|p1a: Monado|atk|2|[from] item: Weakness Policy\n|-boost|p1a: Monado|spa|2|[from] item: Weakness Policy\n|\n|upkeep\n|turn|4\n|inactive|CaliberChamp has 30 seconds left.\n|inactive|Aster Lyons has 30 seconds left.\n|\n|t:|1682891331\n|move|p2b: Chi-Yu|Protect|p2b: Chi-Yu\n|-singleturn|p2b: Chi-Yu|Protect\n|move|p1a: Monado|Protect|p1a: Monado\n|-singleturn|p1a: Monado|Protect\n|move|p1b: Frysa|Icy Wind|p2b: Chi-Yu|[spread] p2a\n|-activate|p2b: Chi-Yu|move: Protect\n|-damage|p2a: Gastrodon|3\/100\n|-unboost|p2a: Gastrodon|spe|1\n|move|p2a: Gastrodon|Clear Smog|p1a: Monado\n|-activate|p1a: Monado|move: Protect\n|\n|-sideend|p2: Aster Lyons|move: Tailwind\n|upkeep\n|turn|5\n|inactive|CaliberChamp has 30 seconds left.\n|\n|t:|1682891358\n|move|p2a: Gastrodon|Protect|p2a: Gastrodon\n|-singleturn|p2a: Gastrodon|Protect\n|move|p2b: Chi-Yu|Dark Pulse|p1b: Frysa\n|-damage|p1b: Frysa|77\/100\n|-damage|p2b: Chi-Yu|57\/100|[from] item: Life Orb\n|move|p1a: Monado|Bitter Blade|p2b: Chi-Yu\n|-resisted|p2b: Chi-Yu\n|-damage|p2b: Chi-Yu|0 fnt\n|-heal|p1a: Monado|79\/100|[from] drain|[of] p2b: Chi-Yu\n|faint|p2b: Chi-Yu\n|move|p1b: Frysa|Struggle Bug|p2a: Gastrodon\n|-activate|p2a: Gastrodon|move: Protect\n|\n|upkeep\n|\n|t:|1682891371\n|switch|p2b: Flutter Mane|Flutter Mane, L50, shiny|100\/100\n|turn|6\n|\n|t:|1682891387\n|-terastallize|p2b: Flutter Mane|Fairy\n|move|p1a: Monado|Protect|p1a: Monado\n|-singleturn|p1a: Monado|Protect\n|move|p2b: Flutter Mane|Dazzling Gleam|p1b: Frysa|[spread] p1b\n|-activate|p1a: Monado|move: Protect\n|-supereffective|p1b: Frysa\n|-damage|p1b: Frysa|50\/100\n|move|p1b: Frysa|Struggle Bug|p2b: Flutter Mane|[spread] p2a,p2b\n|-resisted|p2b: Flutter Mane\n|-damage|p2a: Gastrodon|0 fnt\n|-damage|p2b: Flutter Mane|92\/100\n|-unboost|p2b: Flutter Mane|spa|1\n|faint|p2a: Gastrodon\n|\n|upkeep\n|turn|7\n|-message|Aster Lyons forfeited.\n|\n|win|CaliberChamp\n|raw|CaliberChamp's rating: 1287 → 1308<\/strong> (+21 for winning)\n|raw|Aster Lyons's rating: 1228 → 1207<\/strong> (-21 for losing)\n|l|\u2606Aster Lyons\n","uploadtime":1682891420,"views":12,"p1id":"caliberchamp","p2id":"asterlyons","formatid":"gen9vgc2023regulationc","rating":1207,"private":0,"password":""}