{"id":"gen9vgc2023regulationc-1858930602","p1":"Fabrong8","p2":"Last_Fusca \u2310\u25a8_\u25a8","format":"[Gen 9] VGC 2023 Regulation C","log":"|j|\u2606Fabrong8\n|j|\u2606Last_Fusca \u2310\u25a8_\u25a8\n|t:|1683384778\n|gametype|doubles\n|player|p1|Fabrong8|pokemonranger|1000\n|player|p2|Last_Fusca \u2310\u25a8_\u25a8|elio-usum|1000\n|teamsize|p1|6\n|teamsize|p2|6\n|gen|9\n|tier|[Gen 9] VGC 2023 Regulation C\n|rated|\n|rule|Species Clause: Limit one of each Pok\u00e9mon\n|rule|Item Clause: Limit one of each item\n|clearpoke\n|poke|p1|Glimmora, L50, F|\n|poke|p1|Dragonite, L50, M|\n|poke|p1|Houndoom, L50, F|\n|poke|p1|Murkrow, L50, M|\n|poke|p1|Salazzle, L50, F|\n|poke|p1|Electrode, L50|\n|poke|p2|Lycanroc-Dusk, L50, F|\n|poke|p2|Hydreigon, L50, M|\n|poke|p2|Chien-Pao, L50|\n|poke|p2|Armarouge, L50, M|\n|poke|p2|Maushold, L50|\n|poke|p2|Scizor, L50, M|\n|teampreview|4\n|inactive|Battle timer is ON: inactive players will automatically lose when time's up. (requested by Fabrong8)\n|\n|t:|1683384800\n|start\n|switch|p1a: Glimmora|Glimmora, L50, F|100\/100\n|switch|p1b: Houndoom|Houndoom, L50, F|100\/100\n|switch|p2a: Mickey Minnie JR|Maushold, L50|100\/100\n|switch|p2b: Tezoura com Z|Scizor, L50, M, shiny|100\/100\n|turn|1\n|inactive|Fabrong8 has 30 seconds left.\n|\n|t:|1683384829\n|move|p2a: Mickey Minnie JR|Follow Me|p2a: Mickey Minnie JR\n|-singleturn|p2a: Mickey Minnie JR|move: Follow Me\n|move|p1b: Houndoom|Beat Up|p2a: Mickey Minnie JR\n|-damage|p2a: Mickey Minnie JR|97\/100\n|-damage|p2a: Mickey Minnie JR|91\/100\n|-damage|p2a: Mickey Minnie JR|84\/100\n|-damage|p2a: Mickey Minnie JR|80\/100\n|-hitcount|p2a: Mickey Minnie JR|4\n|move|p1a: Glimmora|Toxic|p2a: Mickey Minnie JR\n|-status|p2a: Mickey Minnie JR|tox\n|move|p2b: Tezoura com Z|Close Combat|p1b: Houndoom\n|-supereffective|p1b: Houndoom\n|-enditem|p1b: Houndoom|Focus Sash\n|-damage|p1b: Houndoom|1\/100\n|-unboost|p2b: Tezoura com Z|def|1\n|-unboost|p2b: Tezoura com Z|spd|1\n|-damage|p2b: Tezoura com Z|91\/100|[from] item: Life Orb\n|\n|-damage|p2a: Mickey Minnie JR|73\/100 tox|[from] psn\n|upkeep\n|turn|2\n|\n|t:|1683384853\n|move|p2a: Mickey Minnie JR|Follow Me|p2a: Mickey Minnie JR\n|-singleturn|p2a: Mickey Minnie JR|move: Follow Me\n|move|p2b: Tezoura com Z|Bullet Punch|p1b: Houndoom\n|-resisted|p1b: Houndoom\n|-damage|p1b: Houndoom|0 fnt\n|faint|p1b: Houndoom\n|-damage|p2b: Tezoura com Z|81\/100|[from] item: Life Orb\n|move|p1a: Glimmora|Stealth Rock|p2a: Mickey Minnie JR\n|-sidestart|p2: Last_Fusca \u2310\u25a8_\u25a8|move: Stealth Rock\n|\n|-damage|p2a: Mickey Minnie JR|61\/100 tox|[from] psn\n|upkeep\n|\n|t:|1683384865\n|switch|p1b: Salazzle|Salazzle, L50, F|100\/100\n|turn|3\n|\n|t:|1683384872\n|move|p2a: Mickey Minnie JR|Follow Me|p2a: Mickey Minnie JR\n|-singleturn|p2a: Mickey Minnie JR|move: Follow Me\n|move|p2b: Tezoura com Z|Bullet Punch|p1b: Salazzle\n|-resisted|p1b: Salazzle\n|-damage|p1b: Salazzle|68\/100\n|-damage|p2b: Tezoura com Z|72\/100|[from] item: Life Orb\n|move|p1b: Salazzle|Heat Wave|p2a: Mickey Minnie JR|[spread] p2a\n|-miss|p1b: Salazzle|p2b: Tezoura com Z\n|-damage|p2a: Mickey Minnie JR|29\/100 tox\n|move|p1a: Glimmora|Spikes|p2b: Tezoura com Z\n|-sidestart|p2: Last_Fusca \u2310\u25a8_\u25a8|Spikes\n|\n|-heal|p1b: Salazzle|74\/100|[from] item: Leftovers\n|-damage|p2a: Mickey Minnie JR|11\/100 tox|[from] psn\n|upkeep\n|turn|4\n|\n|t:|1683384893\n|move|p2a: Mickey Minnie JR|Follow Me|p2a: Mickey Minnie JR\n|-singleturn|p2a: Mickey Minnie JR|move: Follow Me\n|move|p1b: Salazzle|Heat Wave|p2a: Mickey Minnie JR|[spread] p2a,p2b\n|-supereffective|p2b: Tezoura com Z\n|-damage|p2a: Mickey Minnie JR|0 fnt\n|-damage|p2b: Tezoura com Z|0 fnt\n|faint|p2a: Mickey Minnie JR\n|faint|p2b: Tezoura com Z\n|move|p1a: Glimmora|Spikes|p2: Mickey Minnie JR\n|-sidestart|p2: Last_Fusca \u2310\u25a8_\u25a8|Spikes\n|\n|-heal|p1b: Salazzle|79\/100|[from] item: Leftovers\n|upkeep\n|\n|t:|1683384899\n|switch|p2a: Rocky doggy|Lycanroc-Dusk, L50, F, shiny|100\/100\n|switch|p2b: Chien-p*u|Chien-Pao, L50|100\/100\n|-damage|p2b: Chien-p*u|76\/100|[from] Stealth Rock\n|-damage|p2b: Chien-p*u|60\/100|[from] Spikes\n|-ability|p2b: Chien-p*u|Sword of Ruin\n|-damage|p2a: Rocky doggy|88\/100|[from] Stealth Rock\n|-damage|p2a: Rocky doggy|72\/100|[from] Spikes\n|turn|5\n|\n|t:|1683384919\n|-terastallize|p2b: Chien-p*u|Dark\n|move|p1b: Salazzle|Protect|p1b: Salazzle\n|-singleturn|p1b: Salazzle|Protect\n|move|p2b: Chien-p*u|Crunch|p1b: Salazzle\n|-activate|p1b: Salazzle|move: Protect\n|move|p2a: Rocky doggy|Psychic Fangs|p1a: Glimmora\n|-supereffective|p1a: Glimmora\n|-damage|p1a: Glimmora|11\/100\n|-activate|p1a: Glimmora|ability: Toxic Debris\n|-sidestart|p2: Last_Fusca \u2310\u25a8_\u25a8|move: Toxic Spikes\n|-enditem|p1a: Glimmora|Sitrus Berry|[eat]\n|-heal|p1a: Glimmora|36\/100|[from] item: Sitrus Berry\n|move|p1a: Glimmora|Toxic|p2b: Chien-p*u\n|-status|p2b: Chien-p*u|tox\n|\n|-heal|p1b: Salazzle|85\/100|[from] item: Leftovers\n|-damage|p2b: Chien-p*u|54\/100 tox|[from] psn\n|upkeep\n|turn|6\n|\n|t:|1683384942\n|move|p2b: Chien-p*u|Protect|p2b: Chien-p*u\n|-singleturn|p2b: Chien-p*u|Protect\n|move|p1b: Salazzle|Substitute|p1b: Salazzle\n|-start|p1b: Salazzle|Substitute\n|-damage|p1b: Salazzle|60\/100\n|move|p2a: Rocky doggy|Psychic Fangs|p1b: Salazzle\n|-supereffective|p1b: Salazzle\n|-end|p1b: Salazzle|Substitute\n|move|p1a: Glimmora|Memento|p2a: Rocky doggy\n|-unboost|p2a: Rocky doggy|atk|2\n|-unboost|p2a: Rocky doggy|spa|2\n|faint|p1a: Glimmora\n|\n|-heal|p1b: Salazzle|66\/100|[from] item: Leftovers\n|-damage|p2b: Chien-p*u|42\/100 tox|[from] psn\n|upkeep\n|\n|t:|1683384956\n|switch|p1a: Dragonite|Dragonite, L50, M|100\/100\n|turn|7\n|\n|t:|1683384974\n|move|p1a: Dragonite|Extreme Speed|p2b: Chien-p*u\n|-damage|p2b: Chien-p*u|11\/100 tox\n|move|p2b: Chien-p*u|Ice Spinner|p1a: Dragonite\n|-supereffective|p1a: Dragonite\n|-damage|p1a: Dragonite|0 fnt\n|faint|p1a: Dragonite\n|move|p1b: Salazzle|Toxic|p2a: Rocky doggy\n|-status|p2a: Rocky doggy|tox\n|move|p2a: Rocky doggy|Psychic Fangs|p1b: Salazzle\n|-supereffective|p1b: Salazzle\n|-damage|p1b: Salazzle|0 fnt\n|faint|p1b: Salazzle\n|\n|win|Last_Fusca \u2310\u25a8_\u25a8\n|raw|Fabrong8's rating: 1000 → 1000<\/strong> (+0 for losing)\n|raw|Last_Fusca \u2310\u25a8_\u25a8's rating: 1000 → 1040<\/strong> (+40 for winning)\n|l|\u2606Fabrong8\n","uploadtime":1683384989,"views":3,"p1id":"fabrong8","p2id":"lastfusca","formatid":"gen9vgc2023regulationc","rating":1000,"private":0,"password":""}