{"id":"gen9vgc2023regulationc-1859012759","p1":"WillieDangerously","p2":"kito234","format":"[Gen 9] VGC 2023 Regulation C","log":"|j|\u2606WillieDangerously\n|j|\u2606kito234\n|t:|1683394229\n|gametype|doubles\n|player|p1|WillieDangerously|psychic-gen4|1128\n|player|p2|kito234|backpacker|1157\n|teamsize|p1|6\n|teamsize|p2|6\n|gen|9\n|tier|[Gen 9] VGC 2023 Regulation C\n|rated|\n|rule|Species Clause: Limit one of each Pok\u00e9mon\n|rule|Item Clause: Limit one of each item\n|clearpoke\n|poke|p1|Iron Treads, L50|\n|poke|p1|Jumpluff, L50, M|\n|poke|p1|Flutter Mane, L50|\n|poke|p1|Roaring Moon, L50|\n|poke|p1|Rotom-Wash, L50|\n|poke|p1|Torkoal, L50, F|\n|poke|p2|Garchomp, L50, M|\n|poke|p2|Orthworm, L50, F|\n|poke|p2|Krookodile, L50, M|\n|poke|p2|Leafeon, L50, F|\n|poke|p2|Ceruledge, L50, M|\n|poke|p2|Iron Moth, L50|\n|teampreview|4\n|inactive|Battle timer is ON: inactive players will automatically lose when time's up. (requested by kito234)\n|inactive|WillieDangerously has 60 seconds left.\n|\n|t:|1683394282\n|start\n|switch|p1a: Roaring Moon|Roaring Moon, L50|100\/100\n|switch|p1b: Jumpluff|Jumpluff, L50, M|100\/100\n|switch|p2a: Garchomp|Garchomp, L50, M|100\/100\n|switch|p2b: Iron Moth|Iron Moth, L50|100\/100\n|-enditem|p2b: Iron Moth|Booster Energy\n|-activate|p2b: Iron Moth|ability: Quark Drive|[fromitem]\n|-start|p2b: Iron Moth|quarkdrivespa\n|turn|1\n|inactive|WillieDangerously has 30 seconds left.\n|inactive|WillieDangerously has 20 seconds left.\n|inactive|WillieDangerously has 15 seconds left.\n|inactive|WillieDangerously has 10 seconds left.\n|\n|t:|1683394329\n|move|p1a: Roaring Moon|Protect|p1a: Roaring Moon\n|-singleturn|p1a: Roaring Moon|Protect\n|move|p2b: Iron Moth|Sludge Wave|p1a: Roaring Moon|[spread] p2a,p1b\n|-activate|p1a: Roaring Moon|move: Protect\n|-resisted|p2a: Garchomp\n|-supereffective|p1b: Jumpluff\n|-damage|p2a: Garchomp|81\/100\n|-damage|p1b: Jumpluff|5\/100\n|move|p1b: Jumpluff|Tailwind|p1b: Jumpluff\n|-sidestart|p1: WillieDangerously|move: Tailwind\n|move|p2a: Garchomp|Rock Slide|p1b: Jumpluff|[spread] p1b\n|-activate|p1a: Roaring Moon|move: Protect\n|-supereffective|p1b: Jumpluff\n|-damage|p1b: Jumpluff|0 fnt\n|faint|p1b: Jumpluff\n|\n|upkeep\n|\n|t:|1683394347\n|switch|p1b: Iron Treads|Iron Treads, L50|100\/100\n|turn|2\n|inactive|WillieDangerously has 30 seconds left.\n|inactive|WillieDangerously has 20 seconds left.\n|\n|t:|1683394385\n|-terastallize|p1b: Iron Treads|Ground\n|move|p1b: Iron Treads|Ice Spinner|p2a: Garchomp\n|-supereffective|p2a: Garchomp\n|-damage|p2a: Garchomp|0 fnt\n|-damage|p1b: Iron Treads|88\/100|[from] ability: Rough Skin|[of] p2a: Garchomp\n|faint|p2a: Garchomp\n|move|p1a: Roaring Moon|Jaw Lock|p2b: Iron Moth\n|-damage|p2b: Iron Moth|21\/100\n|-activate|p1a: Roaring Moon|trapped\n|-activate|p2b: Iron Moth|trapped\n|move|p2b: Iron Moth|Heat Wave|p1b: Iron Treads|[spread] p1b\n|-miss|p2b: Iron Moth|p1a: Roaring Moon\n|-damage|p1b: Iron Treads|14\/100\n|\n|upkeep\n|\n|t:|1683394402\n|switch|p2a: Ceruledge|Ceruledge, L50, M|100\/100\n|turn|3\n|\n|t:|1683394416\n|move|p1a: Roaring Moon|Protect|p1a: Roaring Moon\n|-singleturn|p1a: Roaring Moon|Protect\n|move|p2a: Ceruledge|Shadow Sneak|p1b: Iron Treads\n|-damage|p1b: Iron Treads|0 fnt\n|faint|p1b: Iron Treads\n|-end|p1b: Iron Treads|Quark Drive|[silent]\n|-damage|p2a: Ceruledge|91\/100|[from] item: Life Orb\n|move|p2b: Iron Moth|Sludge Wave|p1a: Roaring Moon|[spread] p2a\n|-activate|p1a: Roaring Moon|move: Protect\n|-resisted|p2a: Ceruledge\n|-damage|p2a: Ceruledge|59\/100\n|\n|upkeep\n|\n|t:|1683394422\n|switch|p1b: Torkoal|Torkoal, L50, F|100\/100\n|-weather|SunnyDay|[from] ability: Drought|[of] p1b: Torkoal\n|-activate|p1a: Roaring Moon|ability: Protosynthesis\n|-start|p1a: Roaring Moon|protosynthesisatk\n|turn|4\n|inactive|kito234 has 30 seconds left.\n|inactive|kito234 has 20 seconds left.\n|\n|t:|1683394461\n|-terastallize|p2a: Ceruledge|Fire\n|move|p1a: Roaring Moon|Jaw Lock|p2a: Ceruledge\n|-damage|p2a: Ceruledge|0 fnt\n|faint|p2a: Ceruledge\n|move|p2b: Iron Moth|Heat Wave|p1a: Roaring Moon|[spread] p1a,p1b\n|-resisted|p1a: Roaring Moon\n|-resisted|p1b: Torkoal\n|-damage|p1a: Roaring Moon|65\/100\n|-damage|p1b: Torkoal|50\/100\n|move|p1b: Torkoal|Body Press|p2b: Iron Moth\n|-resisted|p2b: Iron Moth\n|-damage|p2b: Iron Moth|2\/100\n|\n|-weather|SunnyDay|[upkeep]\n|-sideend|p1: WillieDangerously|move: Tailwind\n|upkeep\n|\n|t:|1683394475\n|switch|p2a: Leafeon|Leafeon, L50, F|100\/100\n|turn|5\n|\n|t:|1683394497\n|move|p2a: Leafeon|Leaf Blade|p1b: Torkoal\n|-resisted|p1b: Torkoal\n|-damage|p1b: Torkoal|32\/100\n|move|p2b: Iron Moth|Sludge Wave|p1b: Torkoal|[spread] p2a,p1a,p1b\n|-supereffective|p2a: Leafeon\n|-enditem|p2a: Leafeon|Focus Sash\n|-damage|p2a: Leafeon|1\/100\n|-damage|p1a: Roaring Moon|19\/100\n|-damage|p1b: Torkoal|0 fnt\n|faint|p1b: Torkoal\n|move|p1a: Roaring Moon|Rock Slide|p2b: Iron Moth|[spread] p2a\n|-miss|p1a: Roaring Moon|p2b: Iron Moth\n|-damage|p2a: Leafeon|0 fnt\n|faint|p2a: Leafeon\n|\n|-weather|SunnyDay|[upkeep]\n|upkeep\n|turn|6\n|\n|t:|1683394514\n|move|p2b: Iron Moth|Heat Wave|p1a: Roaring Moon\n|-resisted|p1a: Roaring Moon\n|-damage|p1a: Roaring Moon|0 fnt\n|faint|p1a: Roaring Moon\n|-end|p1a: Roaring Moon|Protosynthesis|[silent]\n|\n|win|kito234\n|raw|WillieDangerously's rating: 1128 → 1105<\/strong> (-23 for losing)\n|raw|kito234's rating: 1157 → 1180<\/strong> (+23 for winning)\n","uploadtime":1683394518,"views":12,"p1id":"williedangerously","p2id":"kito234","formatid":"gen9vgc2023regulationc","rating":1105,"private":0,"password":""}