{"id":"gen9vgc2023regulationc-1860691149","p1":"wreckitregenald","p2":"nightamara","format":"[Gen 9] VGC 2023 Regulation C","log":"|j|\u2606wreckitregenald\n|j|\u2606nightamara\n|t:|1683666692\n|gametype|doubles\n|player|p1|wreckitregenald|101|1182\n|player|p2|nightamara|greta-gen3|1211\n|teamsize|p1|6\n|teamsize|p2|6\n|gen|9\n|tier|[Gen 9] VGC 2023 Regulation C\n|rated|\n|rule|Species Clause: Limit one of each Pok\u00e9mon\n|rule|Item Clause: Limit one of each item\n|clearpoke\n|poke|p1|Arcanine, L50, M|\n|poke|p1|Gothitelle, L50, M|\n|poke|p1|Amoonguss, L50, F|\n|poke|p1|Scream Tail, L50|\n|poke|p1|Flutter Mane, L50|\n|poke|p1|Palafin, L50, M|\n|poke|p2|Palafin, L50, M|\n|poke|p2|Chien-Pao, L50|\n|poke|p2|Amoonguss, L50, F|\n|poke|p2|Flutter Mane, L50|\n|poke|p2|Dragonite, L50, F|\n|poke|p2|Iron Bundle, L50|\n|teampreview|4\nnightamara has agreed to open team sheets.\nwreckitregenald has agreed to open team sheets.\n|inactive|Battle timer is ON: inactive players will automatically lose when time's up. (requested by nightamara)\n|\n|t:|1683666738\n|start\n|switch|p1a: Amoonguss|Amoonguss, L50, F|100\/100\n|switch|p1b: Flutter Mane|Flutter Mane, L50|100\/100\n|switch|p2a: Flutter Mane|Flutter Mane, L50, shiny|100\/100\n|switch|p2b: Dragonite|Dragonite, L50, F|100\/100\n|turn|1\n|inactive|wreckitregenald has 30 seconds left.\n|\n|t:|1683666769\n|-end|p2a: Flutter Mane|Protosynthesis|[silent]\n|switch|p2a: Chien-Pao|Chien-Pao, L50|100\/100\n|-ability|p2a: Chien-Pao|Sword of Ruin\n|-terastallize|p2b: Dragonite|Normal\n|move|p1b: Flutter Mane|Protect|p1b: Flutter Mane\n|-singleturn|p1b: Flutter Mane|Protect\n|move|p2b: Dragonite|Extreme Speed|p1a: Amoonguss\n|-damage|p1a: Amoonguss|10\/100\n|move|p1a: Amoonguss|Spore|p2b: Dragonite\n|-status|p2b: Dragonite|slp|[from] move: Spore\n|\n|upkeep\n|turn|2\n|\n|t:|1683666790\n|switch|p2b: Iron Bundle|Iron Bundle, L50|100\/100\n|-enditem|p2b: Iron Bundle|Booster Energy\n|-activate|p2b: Iron Bundle|ability: Quark Drive|[fromitem]\n|-start|p2b: Iron Bundle|quarkdrivespe\n|switch|p1a: Scream Tail|Scream Tail, L50|100\/100\n|-enditem|p1a: Scream Tail|Booster Energy\n|-activate|p1a: Scream Tail|ability: Protosynthesis|[fromitem]\n|-start|p1a: Scream Tail|protosynthesisspe\n|move|p2a: Chien-Pao|Protect|p2a: Chien-Pao\n|-singleturn|p2a: Chien-Pao|Protect\n|move|p1b: Flutter Mane|Perish Song|p1b: Flutter Mane\n|-start|p1a: Scream Tail|perish3|[silent]\n|-start|p1b: Flutter Mane|perish3|[silent]\n|-start|p2a: Chien-Pao|perish3|[silent]\n|-start|p2b: Iron Bundle|perish3|[silent]\n|-fieldactivate|move: Perish Song\n|\n|-start|p2b: Iron Bundle|perish3\n|-start|p1a: Scream Tail|perish3\n|-start|p2a: Chien-Pao|perish3\n|-start|p1b: Flutter Mane|perish3\n|upkeep\n|turn|3\n|inactive|wreckitregenald has 30 seconds left.\n|\n|t:|1683666815\n|-end|p1b: Flutter Mane|Protosynthesis|[silent]\n|switch|p1b: Gothitelle|Gothitelle, L50, M|100\/100\n|switch|p2a: Flutter Mane|Flutter Mane, L50, shiny|100\/100\n|move|p1a: Scream Tail|Protect|p1a: Scream Tail\n|-singleturn|p1a: Scream Tail|Protect\n|move|p2b: Iron Bundle|Icy Wind|p1b: Gothitelle|[spread] p1b\n|-activate|p1a: Scream Tail|move: Protect\n|-damage|p1b: Gothitelle|85\/100\n|-unboost|p1b: Gothitelle|spe|1\n|\n|-start|p2b: Iron Bundle|perish2\n|-start|p1a: Scream Tail|perish2\n|upkeep\n|turn|4\n|inactive|wreckitregenald has 30 seconds left.\n|\n|t:|1683666841\n|-end|p1a: Scream Tail|Protosynthesis|[silent]\n|switch|p1a: Amoonguss|Amoonguss, L50, F|43\/100\n|move|p1b: Gothitelle|Fake Out|p2b: Iron Bundle\n|-damage|p2b: Iron Bundle|94\/100\n|cant|p2b: Iron Bundle|flinch\n|move|p2a: Flutter Mane|Shadow Ball|p1b: Gothitelle\n|-supereffective|p1b: Gothitelle\n|-crit|p1b: Gothitelle\n|-damage|p1b: Gothitelle|0 fnt\n|faint|p1b: Gothitelle\n|-damage|p2a: Flutter Mane|91\/100|[from] item: Life Orb\n|\n|-start|p2b: Iron Bundle|perish1\n|upkeep\n|c|\u2606nightamara|perish is hard to play\n|c|\u2606wreckitregenald|yeah\n|c|\u2606nightamara|I don't recommend\n|c|\u2606nightamara|I played a lot\n|c|\u2606nightamara|same team\n|inactive|wreckitregenald has 30 seconds left.\n|c|\u2606wreckitregenald|as I clicked it I remembered I had to tera water there\n|c|\u2606wreckitregenald|whoops\n|\n|t:|1683666876\n|switch|p1b: Flutter Mane|Flutter Mane, L50|100\/100\n|turn|5\n|\n|t:|1683666892\n|move|p1a: Amoonguss|Rage Powder|p1a: Amoonguss\n|-singleturn|p1a: Amoonguss|move: Rage Powder\n|move|p2b: Iron Bundle|Icy Wind|p1b: Flutter Mane|[spread] p1a,p1b\n|-supereffective|p1a: Amoonguss\n|-damage|p1a: Amoonguss|14\/100\n|-damage|p1b: Flutter Mane|78\/100\n|-unboost|p1a: Amoonguss|spe|1\n|-unboost|p1b: Flutter Mane|spe|1\n|move|p2a: Flutter Mane|Shadow Ball|p1a: Amoonguss\n|-damage|p1a: Amoonguss|0 fnt\n|faint|p1a: Amoonguss\n|-damage|p2a: Flutter Mane|81\/100|[from] item: Life Orb\n|move|p1b: Flutter Mane|Shadow Ball|p2a: Flutter Mane\n|-supereffective|p2a: Flutter Mane\n|-damage|p2a: Flutter Mane|0 fnt\n|faint|p2a: Flutter Mane\n|-end|p2a: Flutter Mane|Protosynthesis|[silent]\n|\n|-start|p2b: Iron Bundle|perish0\n|upkeep\n|faint|p2b: Iron Bundle\n|-end|p2b: Iron Bundle|Quark Drive|[silent]\n|\n|t:|1683666908\n|switch|p2b: Dragonite|Dragonite, L50, F, tera:Normal|100\/100 slp\n|switch|p2a: Chien-Pao|Chien-Pao, L50|100\/100\n|switch|p1a: Scream Tail|Scream Tail, L50|100\/100\n|-ability|p2a: Chien-Pao|Sword of Ruin\n|turn|6\n|\n|t:|1683666926\n|-terastallize|p1b: Flutter Mane|Grass\n|move|p2a: Chien-Pao|Protect|p2a: Chien-Pao\n|-singleturn|p2a: Chien-Pao|Protect\n|cant|p2b: Dragonite|slp\n|move|p1a: Scream Tail|Play Rough|p2a: Chien-Pao\n|-activate|p2a: Chien-Pao|move: Protect\n|move|p1b: Flutter Mane|Moonblast|p2b: Dragonite\n|-damage|p2b: Dragonite|76\/100 slp\n|\n|upkeep\n|turn|7\n|\n|t:|1683666943\n|cant|p2b: Dragonite|slp\n|move|p2a: Chien-Pao|Ice Spinner|p1b: Flutter Mane\n|-supereffective|p1b: Flutter Mane\n|-damage|p1b: Flutter Mane|0 fnt\n|faint|p1b: Flutter Mane\n|-end|p1b: Flutter Mane|Protosynthesis|[silent]\n|move|p1a: Scream Tail|Play Rough|p2a: Chien-Pao\n|-supereffective|p2a: Chien-Pao\n|-damage|p2a: Chien-Pao|31\/100\n|\n|upkeep\n|turn|8\n|c|\u2606wreckitregenald|whoops\n|\n|t:|1683666956\n|-curestatus|p2b: Dragonite|slp|[msg]\n|move|p2b: Dragonite|Extreme Speed|p1a: Scream Tail\n|-damage|p1a: Scream Tail|35\/100\n|move|p2a: Chien-Pao|Ice Spinner|p1a: Scream Tail\n|-damage|p1a: Scream Tail|0 fnt\n|faint|p1a: Scream Tail\n|-end|p1a: Scream Tail|Protosynthesis|[silent]\n|\n|win|nightamara\n|raw|wreckitregenald's rating: 1182 → 1159<\/strong> (-23 for losing)\n|raw|nightamara's rating: 1211 → 1234<\/strong> (+23 for winning)\n|c|\u2606nightamara|gg\n|c|\u2606wreckitregenald|gg\n|c|\u2606nightamara|I can play bo3\n|c|\u2606nightamara|if u want\n","uploadtime":1683666974,"views":7,"p1id":"wreckitregenald","p2id":"nightamara","formatid":"gen9vgc2023regulationc","rating":1159,"private":0,"password":""}