{"id":"gen9vgc2023regulationc-1847468224","p1":"ExcelSheet","p2":"edhead64","format":"[Gen 9] VGC 2023 Regulation C","log":"|j|\u2606ExcelSheet\n|j|\u2606edhead64\n|t:|1681958818\n|gametype|doubles\n|player|p1|ExcelSheet|hilbert-wonderlauncher|\n|player|p2|edhead64|ethan|\n|teamsize|p1|6\n|teamsize|p2|6\n|gen|9\n|tier|[Gen 9] VGC 2023 Regulation C\n|rule|Species Clause: Limit one of each Pok\u00e9mon\n|rule|Item Clause: Limit one of each item\n|clearpoke\n|poke|p1|Flutter Mane, L50|\n|poke|p1|Great Tusk, L50|\n|poke|p1|Scizor, L50, M|\n|poke|p1|Corviknight, L50, F|\n|poke|p1|Chi-Yu, L50|\n|poke|p1|Iron Bundle, L50|\n|poke|p2|Lycanroc, L50, M|\n|poke|p2|Tyranitar, L50, F|\n|poke|p2|Armarouge, L50, M|\n|poke|p2|Indeedee-F, L50, F|\n|poke|p2|Dondozo, L50, M|\n|poke|p2|Tatsugiri-Stretchy, L50, F|\n|teampreview|4\n|inactive|Battle timer is ON: inactive players will automatically lose when time's up. (requested by ExcelSheet)\nExcelSheet has agreed to open team sheets.\n|\n|t:|1681958844\n|start\n|switch|p1a: Chi-Yu|Chi-Yu, L50|100\/100\n|switch|p1b: Corviknight|Corviknight, L50, F|100\/100\n|switch|p2a: Lycanroc|Lycanroc, L50, M|100\/100\n|switch|p2b: Indeedee|Indeedee-F, L50, F|100\/100\n|-ability|p1a: Chi-Yu|Beads of Ruin\n|-fieldstart|move: Psychic Terrain|[from] ability: Psychic Surge|[of] p2b: Indeedee\n|turn|1\n|inactive|edhead64 has 30 seconds left.\n|inactive|edhead64 has 20 seconds left.\n|inactive|edhead64 has 15 seconds left.\n|inactive|edhead64 has 10 seconds left.\n|\n|t:|1681958892\n|switch|p2b: Tyranitar|Tyranitar, L50, F|100\/100\n|-weather|Sandstorm|[from] ability: Sand Stream|[of] p2b: Tyranitar\n|-terastallize|p1a: Chi-Yu|Grass\n|move|p2a: Lycanroc|Howl|p2a: Lycanroc|[spread] p2a,p2b\n|-boost|p2a: Lycanroc|atk|1\n|-boost|p2b: Tyranitar|atk|1\n|move|p1a: Chi-Yu|Heat Wave|p2b: Tyranitar|[spread] p2a,p2b\n|-resisted|p2a: Lycanroc\n|-resisted|p2b: Tyranitar\n|-damage|p2a: Lycanroc|64\/100\n|-damage|p2b: Tyranitar|82\/100\n|move|p1b: Corviknight|Body Press|p2a: Lycanroc\n|-supereffective|p2a: Lycanroc\n|-damage|p2a: Lycanroc|0 fnt\n|faint|p2a: Lycanroc\n|\n|-weather|Sandstorm|[upkeep]\n|-damage|p1a: Chi-Yu|94\/100|[from] Sandstorm\n|upkeep\n|\n|t:|1681958910\n|switch|p2a: Dondozo|Dondozo, L50, M|100\/100\n|turn|2\n|inactive|ExcelSheet has 30 seconds left.\n|inactive|edhead64 has 30 seconds left.\n|\n|t:|1681958945\n|-terastallize|p2b: Tyranitar|Flying\n|move|p1a: Chi-Yu|Protect|p1a: Chi-Yu\n|-singleturn|p1a: Chi-Yu|Protect\n|move|p2b: Tyranitar|Tera Blast|p1a: Chi-Yu\n|-activate|p1a: Chi-Yu|move: Protect\n|move|p1b: Corviknight|Brave Bird|p2b: Tyranitar\n|-damage|p2b: Tyranitar|51\/100\n|-damage|p1b: Corviknight|91\/100|[from] Recoil\n|move|p2a: Dondozo|Wave Crash|p1b: Corviknight\n|-damage|p1b: Corviknight|55\/100\n|-damage|p2a: Dondozo|90\/100|[from] Recoil\n|\n|-weather|Sandstorm|[upkeep]\n|-damage|p1a: Chi-Yu|88\/100|[from] Sandstorm\n|-damage|p2b: Tyranitar|45\/100|[from] Sandstorm\n|-damage|p2a: Dondozo|85\/100|[from] Sandstorm\n|upkeep\n|turn|3\n|inactive|ExcelSheet has 30 seconds left.\n|inactive|ExcelSheet has 20 seconds left.\n|\n|t:|1681958985\n|move|p1a: Chi-Yu|Overheat|p2b: Tyranitar\n|-damage|p2b: Tyranitar|0 fnt\n|-unboost|p1a: Chi-Yu|spa|2\n|faint|p2b: Tyranitar\n|move|p1b: Corviknight|Taunt|p2a: Dondozo\n|-start|p2a: Dondozo|move: Taunt\n|move|p2a: Dondozo|Wave Crash|p1b: Corviknight\n|-damage|p1b: Corviknight|21\/100\n|-enditem|p1b: Corviknight|Sitrus Berry|[eat]\n|-heal|p1b: Corviknight|46\/100|[from] item: Sitrus Berry\n|-damage|p2a: Dondozo|75\/100|[from] Recoil\n|\n|-weather|Sandstorm|[upkeep]\n|-damage|p1a: Chi-Yu|82\/100|[from] Sandstorm\n|-damage|p2a: Dondozo|69\/100|[from] Sandstorm\n|upkeep\n|\n|t:|1681959000\n|switch|p2b: Indeedee|Indeedee-F, L50, F|100\/100\n|turn|4\n|\n|t:|1681959015\n|move|p1a: Chi-Yu|Dark Pulse|p2b: Indeedee\n|-supereffective|p2b: Indeedee\n|-damage|p2b: Indeedee|40\/100\n|move|p2b: Indeedee|Dazzling Gleam|p1a: Chi-Yu|[spread] p1a,p1b\n|-resisted|p1b: Corviknight\n|-damage|p1a: Chi-Yu|65\/100\n|-damage|p1b: Corviknight|34\/100\n|move|p1b: Corviknight|Taunt|p2b: Indeedee\n|-start|p2b: Indeedee|move: Taunt\n|move|p2a: Dondozo|Wave Crash|p1b: Corviknight\n|-damage|p1b: Corviknight|0 fnt\n|faint|p1b: Corviknight\n|-damage|p2a: Dondozo|59\/100|[from] Recoil\n|\n|-weather|Sandstorm|[upkeep]\n|-damage|p1a: Chi-Yu|59\/100|[from] Sandstorm\n|-damage|p2a: Dondozo|53\/100|[from] Sandstorm\n|upkeep\n|\n|t:|1681959032\n|switch|p1b: Flutter Mane|Flutter Mane, L50|100\/100\n|turn|5\n|\n|t:|1681959042\n|move|p1b: Flutter Mane|Dazzling Gleam|p2a: Dondozo|[spread] p2a,p2b\n|-damage|p2a: Dondozo|2\/100\n|-damage|p2b: Indeedee|0 fnt\n|faint|p2b: Indeedee\n|-damage|p1b: Flutter Mane|91\/100|[from] item: Life Orb\n|move|p1a: Chi-Yu|Dark Pulse|p2a: Dondozo\n|-damage|p2a: Dondozo|0 fnt\n|faint|p2a: Dondozo\n|\n|win|ExcelSheet\n","uploadtime":1681959052,"views":10,"p1id":"excelsheet","p2id":"edhead64","formatid":"gen9vgc2023regulationc","rating":0,"private":0,"password":""}