{"id":"gen9vgc2023regulationc-1862408675","p1":"Goldjunge1994","p2":"Mei Nagano","format":"[Gen 9] VGC 2023 Regulation C","log":"|j|\u2606Goldjunge1994\n|j|\u2606Mei Nagano\n|t:|1683881238\n|gametype|doubles\n|player|p1|Goldjunge1994|101|1495\n|player|p2|Mei Nagano|266|1568\n|teamsize|p1|6\n|teamsize|p2|6\n|gen|9\n|tier|[Gen 9] VGC 2023 Regulation C\n|rated|\n|rule|Species Clause: Limit one of each Pok\u00e9mon\n|rule|Item Clause: Limit one of each item\n|clearpoke\n|poke|p1|Palafin, L50, F|\n|poke|p1|Chi-Yu, L50|\n|poke|p1|Flutter Mane, L50|\n|poke|p1|Amoonguss, L50, M|\n|poke|p1|Iron Hands, L50|\n|poke|p1|Dragonite, L50, F|\n|poke|p2|Glimmora, L50, F|\n|poke|p2|Hippowdon, L50, F|\n|poke|p2|Chansey, L50, F|\n|poke|p2|Chi-Yu, L50|\n|poke|p2|Arcanine, L50, F|\n|poke|p2|Flutter Mane, L50|\n|teampreview|4\n|inactive|Battle timer is ON: inactive players will automatically lose when time's up. (requested by Mei Nagano)\n|\n|t:|1683881279\n|start\n|switch|p1a: Floa|Palafin, L50, F|100\/100\n|switch|p1b: TheTerminat|Iron Hands, L50|100\/100\n|switch|p2a: Glimmora|Glimmora, L50, F|100\/100\n|switch|p2b: Arcanine|Arcanine, L50, F|100\/100\n|-ability|p2b: Arcanine|Intimidate|boost\n|-unboost|p1a: Floa|atk|1\n|-unboost|p1b: TheTerminat|atk|1\n|turn|1\n|inactive|Goldjunge1994 has 30 seconds left.\n|inactive|Mei Nagano has 30 seconds left.\n|inactive|Mei Nagano has 20 seconds left.\n|inactive|Goldjunge1994 has 20 seconds left.\n|inactive|Mei Nagano has 15 seconds left.\n|inactive|Goldjunge1994 has 15 seconds left.\n|inactive|Goldjunge1994 has 10 seconds left.\n|inactive|Goldjunge1994 has 5 seconds left.\n|\n|t:|1683881338\n|detailschange|p1a: Floa|Palafin-Hero, L50, F\n|switch|p1a: Skarm|Amoonguss, L50, M|100\/100\n|move|p2b: Arcanine|Flare Blitz|p1a: Skarm\n|-supereffective|p1a: Skarm\n|-damage|p1a: Skarm|10\/100\n|-enditem|p1a: Skarm|Sitrus Berry|[eat]\n|-heal|p1a: Skarm|35\/100|[from] item: Sitrus Berry\n|-damage|p2b: Arcanine|66\/100|[from] Recoil\n|move|p2a: Glimmora|Mortal Spin|p1a: Skarm|[spread] p1a,p1b\n|-damage|p1a: Skarm|31\/100\n|-damage|p1b: TheTerminat|98\/100\n|-status|p1b: TheTerminat|psn\n|move|p1b: TheTerminat|Volt Switch|p2a: Glimmora\n|-damage|p2a: Glimmora|86\/100\n|\n|t:|1683881355\n|-end|p1b: TheTerminat|Quark Drive|[silent]\n|switch|p1b: Floa|Palafin-Hero, L50, F|100\/100|[from] Volt Switch\n|-activate|p1b: Floa|ability: Zero to Hero\n|\n|upkeep\n|turn|2\n|\n|t:|1683881373\n|switch|p2b: Chansey|Chansey, L50, F|100\/100\n|switch|p1a: TheTerminat|Iron Hands, L50|98\/100 psn\n|move|p1b: Floa|Protect|p1b: Floa\n|-singleturn|p1b: Floa|Protect\n|move|p2a: Glimmora|Spiky Shield||[still]\n|-fail|p2a: Glimmora\n|\n|-damage|p1a: TheTerminat|85\/100 psn|[from] psn\n|upkeep\n|turn|3\n|\n|t:|1683881388\n|switch|p2b: Arcanine|Arcanine, L50, F|66\/100\n|-ability|p2b: Arcanine|Intimidate|boost\n|-unboost|p1a: TheTerminat|atk|1\n|-unboost|p1b: Floa|atk|1\n|move|p1b: Floa|Jet Punch|p2a: Glimmora\n|-supereffective|p2a: Glimmora\n|-damage|p2a: Glimmora|32\/100\n|-activate|p2a: Glimmora|ability: Toxic Debris\n|-sidestart|p1: Goldjunge1994|move: Toxic Spikes\n|-enditem|p2a: Glimmora|Sitrus Berry|[eat]\n|-heal|p2a: Glimmora|56\/100|[from] item: Sitrus Berry\n|move|p2a: Glimmora|Mortal Spin|p1a: TheTerminat|[spread] p1a,p1b\n|-damage|p1a: TheTerminat|83\/100 psn\n|-damage|p1b: Floa|96\/100\n|-status|p1b: Floa|psn\n|move|p1a: TheTerminat|Drain Punch|p2b: Arcanine\n|-damage|p2b: Arcanine|34\/100\n|-heal|p1a: TheTerminat|96\/100 psn|[from] drain|[of] p2b: Arcanine\n|\n|-damage|p1b: Floa|84\/100 psn|[from] psn\n|-damage|p1a: TheTerminat|84\/100 psn|[from] psn\n|upkeep\n|turn|4\n|inactive|Goldjunge1994 has 30 seconds left.\n|inactive|Goldjunge1994 has 20 seconds left.\n|\n|t:|1683881423\n|switch|p2b: Chansey|Chansey, L50, F|100\/100\n|-end|p1a: TheTerminat|Quark Drive|[silent]\n|switch|p1a: Skarm|Amoonguss, L50, M|65\/100\n|-sideend|p1: Goldjunge1994|move: Toxic Spikes|[of] p1a: Skarm\n|move|p2a: Glimmora|Spiky Shield|p2a: Glimmora\n|-singleturn|p2a: Glimmora|move: Protect\n|move|p1b: Floa|Jet Punch|p2b: Chansey\n|-damage|p2b: Chansey|79\/100\n|\n|-damage|p1b: Floa|71\/100 psn|[from] psn\n|upkeep\n|turn|5\n|inactive|Mei Nagano has 30 seconds left.\n|\n|t:|1683881453\n|switch|p1b: TheTerminat|Iron Hands, L50|84\/100 psn\n|-terastallize|p2a: Glimmora|Grass\n|move|p2a: Glimmora|Earth Power|p1b: TheTerminat\n|-supereffective|p1b: TheTerminat\n|-damage|p1b: TheTerminat|56\/100 psn\n|move|p2b: Chansey|Heal Pulse|p2a: Glimmora\n|-heal|p2a: Glimmora|100\/100\n|move|p1a: Skarm|Spore|p2a: Glimmora\n|-immune|p2a: Glimmora\n|\n|-damage|p1b: TheTerminat|44\/100 psn|[from] psn\n|upkeep\n|turn|6\n|\n|t:|1683881471\n|switch|p2a: Arcanine|Arcanine, L50, F|34\/100\n|-ability|p2a: Arcanine|Intimidate|boost\n|-unboost|p1a: Skarm|atk|1\n|-unboost|p1b: TheTerminat|atk|1\n|move|p1b: TheTerminat|Drain Punch|p2b: Chansey\n|-supereffective|p2b: Chansey\n|-damage|p2b: Chansey|42\/100\n|-heal|p1b: TheTerminat|72\/100 psn|[from] drain|[of] p2b: Chansey\n|move|p2b: Chansey|Heal Pulse|p2a: Arcanine\n|-heal|p2a: Arcanine|84\/100\n|move|p1a: Skarm|Pollen Puff|p1b: TheTerminat\n|-heal|p1b: TheTerminat|100\/100 psn\n|\n|-damage|p1b: TheTerminat|88\/100 psn|[from] psn\n|upkeep\n|turn|7\n|\n|t:|1683881495\n|switch|p2a: Chi-Yu|Chi-Yu, L50|100\/100\n|-ability|p2a: Chi-Yu|Beads of Ruin\n|switch|p1a: Floa|Palafin-Hero, L50, F|71\/100 psn\n|move|p1b: TheTerminat|Volt Switch|p2a: Chi-Yu\n|-damage|p2a: Chi-Yu|89\/100\n|\n|t:|1683881506\n|-end|p1b: TheTerminat|Quark Drive|[silent]\n|switch|p1b: Skarm|Amoonguss, L50, M|98\/100|[from] Volt Switch\n|move|p2b: Chansey|Soft-Boiled|p2b: Chansey\n|-heal|p2b: Chansey|92\/100\n|\n|-damage|p1a: Floa|59\/100 psn|[from] psn\n|upkeep\n|turn|8\n|\n|t:|1683881524\n|switch|p2a: Glimmora|Glimmora, L50, F, tera:Grass|100\/100\n|move|p1a: Floa|Jet Punch|p2a: Glimmora\n|-resisted|p2a: Glimmora\n|-damage|p2a: Glimmora|83\/100\n|-activate|p2a: Glimmora|ability: Toxic Debris\n|-sidestart|p1: Goldjunge1994|move: Toxic Spikes\n|move|p2b: Chansey|Seismic Toss|p1a: Floa\n|-damage|p1a: Floa|34\/100 psn\n|move|p1b: Skarm|Pollen Puff|p1a: Floa\n|-heal|p1a: Floa|84\/100 psn\n|\n|-damage|p1a: Floa|72\/100 psn|[from] psn\n|upkeep\n|turn|9\n|inactive|Mei Nagano has 30 seconds left.\n|\n|t:|1683881555\n|switch|p2a: Chi-Yu|Chi-Yu, L50|89\/100\n|-ability|p2a: Chi-Yu|Beads of Ruin\n|move|p1a: Floa|Wave Crash|p2b: Chansey\n|-damage|p2b: Chansey|30\/100\n|-damage|p1a: Floa|36\/100 psn|[from] Recoil\n|move|p2b: Chansey|Seismic Toss|p1a: Floa\n|-damage|p1a: Floa|12\/100 psn\n|move|p1b: Skarm|Pollen Puff|p1a: Floa\n|-heal|p1a: Floa|62\/100 psn\n|\n|-damage|p1a: Floa|49\/100 psn|[from] psn\n|upkeep\n|turn|10\n|\n|t:|1683881575\n|switch|p2b: Arcanine|Arcanine, L50, F|84\/100\n|-ability|p2b: Arcanine|Intimidate|boost\n|-unboost|p1a: Floa|atk|1\n|-unboost|p1b: Skarm|atk|1\n|move|p1a: Floa|Jet Punch|p2a: Chi-Yu\n|-supereffective|p2a: Chi-Yu\n|-damage|p2a: Chi-Yu|17\/100\n|move|p2a: Chi-Yu|Overheat|p1b: Skarm\n|-supereffective|p1b: Skarm\n|-damage|p1b: Skarm|0 fnt\n|-unboost|p2a: Chi-Yu|spa|2\n|faint|p1b: Skarm\n|\n|-damage|p1a: Floa|37\/100 psn|[from] psn\n|upkeep\n|\n|t:|1683881588\n|switch|p1b: Vhagar|Dragonite, L50, F|100\/100\n|turn|11\n|\n|t:|1683881609\n|switch|p2b: Glimmora|Glimmora, L50, F, tera:Grass|83\/100\n|move|p1a: Floa|Jet Punch|p2b: Glimmora\n|-resisted|p2b: Glimmora\n|-damage|p2b: Glimmora|70\/100\n|-activate|p2b: Glimmora|ability: Toxic Debris\n|-sidestart|p1: Goldjunge1994|move: Toxic Spikes\n|move|p2a: Chi-Yu|Heat Wave|p1b: Vhagar|[spread] p1a,p1b\n|-resisted|p1a: Floa\n|-resisted|p1b: Vhagar\n|-damage|p1a: Floa|26\/100 psn\n|-damage|p1b: Vhagar|95\/100\n|-status|p1b: Vhagar|brn\n|-enditem|p1b: Vhagar|Lum Berry|[eat]\n|-curestatus|p1b: Vhagar|brn|[msg]\n|move|p1b: Vhagar|Dragon Dance|p1b: Vhagar\n|-boost|p1b: Vhagar|atk|1\n|-boost|p1b: Vhagar|spe|1\n|\n|-damage|p1a: Floa|13\/100 psn|[from] psn\n|upkeep\n|turn|12\n|inactive|Goldjunge1994 has 30 seconds left.\n|\n|t:|1683881643\n|switch|p2a: Arcanine|Arcanine, L50, F|84\/100\n|-ability|p2a: Arcanine|Intimidate|boost\n|-unboost|p1a: Floa|atk|1\n|-unboost|p1b: Vhagar|atk|1\n|-terastallize|p1b: Vhagar|Flying\n|move|p1a: Floa|Jet Punch|p2a: Arcanine\n|-supereffective|p2a: Arcanine\n|-damage|p2a: Arcanine|33\/100\n|move|p1b: Vhagar|Tera Blast|p2b: Glimmora\n|-supereffective|p2b: Glimmora\n|-damage|p2b: Glimmora|0 fnt\n|faint|p2b: Glimmora\n|\n|-damage|p1a: Floa|1\/100 psn|[from] psn\n|upkeep\n|inactive|Mei Nagano has 30 seconds left.\n|-message|Mei Nagano forfeited.\n|\n|win|Goldjunge1994\n|raw|Goldjunge1994's rating: 1495 → 1519<\/strong> (+24 for winning)\n|raw|Mei Nagano's rating: 1568 → 1544<\/strong> (-24 for losing)\n|l|\u2606Mei Nagano\n","uploadtime":1683881677,"views":18,"p1id":"goldjunge1994","p2id":"meinagano","formatid":"gen9vgc2023regulationc","rating":1519,"private":0,"password":""}