{"id":"gen9vgc2023regulationc-1848745199","p1":"UltimoRyu","p2":"BeegYoshi83","format":"[Gen 9] VGC 2023 Regulation C","log":"|j|\u2606UltimoRyu\n|j|\u2606BeegYoshi83\n|t:|1682106167\n|gametype|doubles\n|player|p1|UltimoRyu|steven|1216\n|player|p2|BeegYoshi83|hiker-gen4|1154\n|teamsize|p1|6\n|teamsize|p2|6\n|gen|9\n|tier|[Gen 9] VGC 2023 Regulation C\n|rated|\n|rule|Species Clause: Limit one of each Pok\u00e9mon\n|rule|Item Clause: Limit one of each item\n|clearpoke\n|poke|p1|Pelipper, L50, F|\n|poke|p1|Dondozo, L50, F|\n|poke|p1|Tatsugiri, L50, M|\n|poke|p1|Amoonguss, L50, F|\n|poke|p1|Palafin, L50, F|\n|poke|p1|Iron Hands, L50|\n|poke|p2|Flutter Mane, L50|\n|poke|p2|Torkoal, L50, M|\n|poke|p2|Annihilape, L50, M|\n|poke|p2|Amoonguss, L50, M|\n|poke|p2|Chi-Yu, L50|\n|poke|p2|Palafin, L50, M|\n|teampreview|4\n|inactive|Battle timer is ON: inactive players will automatically lose when time's up. (requested by BeegYoshi83)\n|inactive|UltimoRyu has 60 seconds left.\n|\n|t:|1682106211\n|start\n|switch|p1a: Dondozo|Dondozo, L50, F|100\/100\n|switch|p1b: Palafin|Palafin, L50, F|100\/100\n|switch|p2a: Flutter Mane|Flutter Mane, L50|100\/100\n|switch|p2b: Palafin|Palafin, L50, M|100\/100\n|turn|1\n|inactive|UltimoRyu has 30 seconds left.\n|\n|t:|1682106242\n|detailschange|p2b: Palafin|Palafin-Hero, L50, M\n|switch|p2b: Torkoal|Torkoal, L50, M|100\/100\n|-weather|SunnyDay|[from] ability: Drought|[of] p2b: Torkoal\n|-activate|p2a: Flutter Mane|ability: Protosynthesis\n|-start|p2a: Flutter Mane|protosynthesisspe\n|move|p1b: Palafin|Protect|p1b: Palafin\n|-singleturn|p1b: Palafin|Protect\n|move|p2a: Flutter Mane|Thunderbolt|p1a: Dondozo\n|-supereffective|p1a: Dondozo\n|-damage|p1a: Dondozo|14\/100\n|move|p1a: Dondozo|Heavy Slam|p2a: Flutter Mane\n|-supereffective|p2a: Flutter Mane\n|-damage|p2a: Flutter Mane|0 fnt\n|faint|p2a: Flutter Mane\n|-end|p2a: Flutter Mane|Protosynthesis|[silent]\n|-damage|p1a: Dondozo|4\/100|[from] item: Life Orb\n|\n|-weather|SunnyDay|[upkeep]\n|upkeep\n|\n|t:|1682106259\n|switch|p2a: Annihilape|Annihilape, L50, M|100\/100\n|turn|2\n|\n|t:|1682106281\n|detailschange|p1b: Palafin|Palafin-Hero, L50, F\n|switch|p1b: Pelipper|Pelipper, L50, F|100\/100\n|-weather|RainDance|[from] ability: Drizzle|[of] p1b: Pelipper\n|-terastallize|p2b: Torkoal|Grass\n|move|p2a: Annihilape|Drain Punch|p1b: Pelipper\n|-resisted|p1b: Pelipper\n|-damage|p1b: Pelipper|74\/100\n|move|p1a: Dondozo|Rest|p1a: Dondozo\n|-status|p1a: Dondozo|slp|[from] move: Rest\n|-heal|p1a: Dondozo|100\/100 slp|[silent]\n|move|p2b: Torkoal|Heat Wave|p1a: Dondozo|[spread] p1a,p1b\n|-resisted|p1a: Dondozo\n|-resisted|p1b: Pelipper\n|-damage|p1a: Dondozo|97\/100 slp\n|-damage|p1b: Pelipper|65\/100\n|\n|-weather|RainDance|[upkeep]\n|upkeep\n|turn|3\n|inactive|BeegYoshi83 has 30 seconds left.\n|\n|t:|1682106309\n|switch|p1b: Tatsugiri|Tatsugiri, L50, M|100\/100\n|-activate|p1b: Tatsugiri|ability: Commander|[of] p1a: Dondozo\n|-boost|p1a: Dondozo|atk|2\n|-boost|p1a: Dondozo|spa|2\n|-boost|p1a: Dondozo|spe|2\n|-boost|p1a: Dondozo|def|2\n|-boost|p1a: Dondozo|spd|2\n|move|p2b: Torkoal|Protect|p2b: Torkoal\n|-singleturn|p2b: Torkoal|Protect\n|cant|p1a: Dondozo|slp\n|move|p1a: Dondozo|Sleep Talk|p1a: Dondozo\n|move|p1a: Dondozo|Heavy Slam|p2a: Annihilape|[from]move: Sleep Talk\n|-damage|p2a: Annihilape|58\/100\n|-damage|p1a: Dondozo|87\/100 slp|[from] item: Life Orb\n|move|p2a: Annihilape|Rage Fist|p1b: Tatsugiri|[miss]\n|-miss|p2a: Annihilape|p1b: Tatsugiri\n|\n|-weather|RainDance|[upkeep]\n|upkeep\n|turn|4\n|\n|t:|1682106332\n|cant|p1a: Dondozo|slp\n|move|p1a: Dondozo|Sleep Talk|p1a: Dondozo\n|move|p1a: Dondozo|Heavy Slam|p2b: Torkoal|[from]move: Sleep Talk\n|-damage|p2b: Torkoal|80\/100\n|-damage|p1a: Dondozo|70\/100 slp|[from] item: Rocky Helmet|[of] p2b: Torkoal\n|-damage|p1a: Dondozo|61\/100 slp|[from] item: Life Orb\n|move|p2a: Annihilape|Drain Punch|p1a: Dondozo\n|-damage|p1a: Dondozo|47\/100 slp\n|-heal|p2a: Annihilape|65\/100|[from] drain|[of] p1a: Dondozo\n|move|p2b: Torkoal|Clear Smog|p1a: Dondozo\n|-damage|p1a: Dondozo|43\/100 slp\n|-clearboost|p1a: Dondozo\n|\n|-weather|RainDance|[upkeep]\n|upkeep\n|turn|5\n|\n|t:|1682106353\n|move|p2b: Torkoal|Protect|p2b: Torkoal\n|-singleturn|p2b: Torkoal|Protect\n|move|p2a: Annihilape|Rage Fist|p1a: Dondozo\n|-damage|p1a: Dondozo|9\/100 slp\n|-curestatus|p1a: Dondozo|slp|[msg]\n|move|p1a: Dondozo|Surf|p2b: Torkoal|[spread] p2a\n|-miss|p1a: Dondozo|p1b: Tatsugiri\n|-activate|p2b: Torkoal|move: Protect\n|-damage|p2a: Annihilape|34\/100\n|-damage|p1a: Dondozo|0 fnt|[from] item: Life Orb\n|faint|p1a: Dondozo\n|\n|-weather|RainDance|[upkeep]\n|upkeep\n|\n|t:|1682106371\n|switch|p1a: Palafin|Palafin-Hero, L50, F|100\/100\n|-activate|p1a: Palafin|ability: Zero to Hero\n|turn|6\n|\n|t:|1682106388\n|move|p1a: Palafin|Protect|p1a: Palafin\n|-singleturn|p1a: Palafin|Protect\n|move|p1b: Tatsugiri|Icy Wind|p2a: Annihilape|[spread] p2a,p2b\n|-supereffective|p2b: Torkoal\n|-damage|p2a: Annihilape|26\/100\n|-damage|p2b: Torkoal|45\/100\n|-unboost|p2a: Annihilape|spe|1\n|-ability|p2a: Annihilape|Defiant|boost\n|-boost|p2a: Annihilape|atk|2\n|-unboost|p2b: Torkoal|spe|1\n|move|p2a: Annihilape|Rage Fist|p1b: Tatsugiri\n|-damage|p1b: Tatsugiri|0 fnt\n|faint|p1b: Tatsugiri\n|move|p2b: Torkoal|Will-O-Wisp|p1a: Palafin\n|-activate|p1a: Palafin|move: Protect\n|\n|-weather|none\n|upkeep\n|\n|t:|1682106406\n|switch|p1b: Pelipper|Pelipper, L50, F|65\/100\n|-weather|RainDance|[from] ability: Drizzle|[of] p1b: Pelipper\n|turn|7\n|\n|t:|1682106419\n|move|p2b: Torkoal|Protect|p2b: Torkoal\n|-singleturn|p2b: Torkoal|Protect\n|move|p1b: Pelipper|Air Cutter|p2a: Annihilape|[spread] p2a\n|-activate|p2b: Torkoal|move: Protect\n|-supereffective|p2a: Annihilape\n|-damage|p2a: Annihilape|0 fnt\n|faint|p2a: Annihilape\n|move|p1a: Palafin|Bulk Up|p1a: Palafin\n|-boost|p1a: Palafin|atk|1\n|-boost|p1a: Palafin|def|1\n|\n|-weather|RainDance|[upkeep]\n|upkeep\n|\n|t:|1682106428\n|switch|p2a: Palafin|Palafin-Hero, L50, M|100\/100\n|-activate|p2a: Palafin|ability: Zero to Hero\n|turn|8\n|\n|t:|1682106447\n|-terastallize|p1a: Palafin|Water\n|move|p1a: Palafin|Jet Punch|p2a: Palafin\n|-resisted|p2a: Palafin\n|-damage|p2a: Palafin|39\/100\n|move|p2a: Palafin|Haze|p2a: Palafin\n|-clearallboost\n|move|p1b: Pelipper|Air Cutter|p2b: Torkoal|[spread] p2a\n|-miss|p1b: Pelipper|p2b: Torkoal\n|-damage|p2a: Palafin|8\/100\n|move|p2b: Torkoal|Will-O-Wisp|p1a: Palafin\n|-status|p1a: Palafin|brn\n|\n|-weather|RainDance|[upkeep]\n|-damage|p1a: Palafin|95\/100 brn|[from] brn\n|upkeep\n|turn|9\n|inactive|UltimoRyu has 30 seconds left.\n|\n|t:|1682106473\n|move|p2a: Palafin|Protect|p2a: Palafin\n|-singleturn|p2a: Palafin|Protect\n|move|p1b: Pelipper|Air Cutter|p2a: Palafin|[spread] p2b\n|-activate|p2a: Palafin|move: Protect\n|-supereffective|p2b: Torkoal\n|-damage|p2b: Torkoal|0 fnt\n|faint|p2b: Torkoal\n|move|p1a: Palafin|Bulk Up|p1a: Palafin\n|-boost|p1a: Palafin|atk|1\n|-boost|p1a: Palafin|def|1\n|\n|-weather|RainDance|[upkeep]\n|-damage|p1a: Palafin|89\/100 brn|[from] brn\n|upkeep\n|turn|10\n|inactive|BeegYoshi83 has 30 seconds left.\n|l|\u2606BeegYoshi83\n|inactive|BeegYoshi83 disconnected and has a minute to reconnect!\n|player|p2|\n|inactive|BeegYoshi83 has 20 seconds left.\n|inactive|BeegYoshi83 has 15 seconds left.\n|inactive|BeegYoshi83 has 10 seconds left.\n|inactive|BeegYoshi83 has 5 seconds left.\n|-message|BeegYoshi83 lost due to inactivity.\n|\n|win|UltimoRyu\n|raw|UltimoRyu's rating: 1216 → 1237<\/strong> (+21 for winning)\n|raw|BeegYoshi83's rating: 1154 → 1133<\/strong> (-21 for losing)\n","uploadtime":1682106532,"views":12,"p1id":"ultimoryu","p2id":"beegyoshi83","formatid":"gen9vgc2023regulationc","rating":1133,"private":0,"password":""}