{"id":"gen9vgc2023regulationc-1856042919","p1":"ttsui234","p2":"Yuan1003","format":"[Gen 9] VGC 2023 Regulation C","log":"|j|\u2606ttsui234\n|j|\u2606Yuan1003\n|t:|1683022084\n|gametype|doubles\n|player|p1|ttsui234|265|\n|player|p2|Yuan1003|266|\n|teamsize|p1|6\n|teamsize|p2|6\n|gen|9\n|tier|[Gen 9] VGC 2023 Regulation C\n|rule|Species Clause: Limit one of each Pok\u00e9mon\n|rule|Item Clause: Limit one of each item\n|clearpoke\n|poke|p1|Gothitelle, L50, M|\n|poke|p1|Altaria, L50, F|\n|poke|p1|Bisharp, L50, F|\n|poke|p1|Tauros-Paldea-Aqua, L50, M|\n|poke|p1|Lycanroc-Dusk, L50, M|\n|poke|p1|Gastrodon, L50, M|\n|poke|p2|Misdreavus, L50, M|\n|poke|p2|Gothitelle, L50, F|\n|poke|p2|Tauros-Paldea-Blaze, L50, M|\n|poke|p2|Barraskewda, L50, F|\n|poke|p2|Pawmot, L50, M|\n|poke|p2|Altaria, L50, M|\n|teampreview|4\n|j| li_000\n|l| li_000\n|\n|t:|1683022160\n|start\n|switch|p1a: Gothitelle|Gothitelle, L50, M|100\/100\n|switch|p1b: Lycanroc|Lycanroc-Dusk, L50, M|100\/100\n|switch|p2a: Misdreavus|Misdreavus, L50, M|100\/100\n|switch|p2b: Gothitelle|Gothitelle, L50, F|100\/100\n|turn|1\n|\n|t:|1683022176\n|-terastallize|p1b: Lycanroc|Ghost\n|move|p1a: Gothitelle|Fake Out|p2b: Gothitelle\n|-damage|p2b: Gothitelle|95\/100\n|cant|p2b: Gothitelle|flinch\n|move|p1b: Lycanroc|Rock Slide|p2a: Misdreavus|[spread] p2a\n|-miss|p1b: Lycanroc|p2b: Gothitelle\n|-crit|p2a: Misdreavus\n|-damage|p2a: Misdreavus|68\/100\n|move|p2a: Misdreavus|Perish Song|p2a: Misdreavus\n|-start|p1a: Gothitelle|perish3|[silent]\n|-start|p1b: Lycanroc|perish3|[silent]\n|-start|p2a: Misdreavus|perish3|[silent]\n|-start|p2b: Gothitelle|perish3|[silent]\n|-fieldactivate|move: Perish Song\n|\n|-start|p1b: Lycanroc|perish3\n|-start|p2a: Misdreavus|perish3\n|-start|p1a: Gothitelle|perish3\n|-start|p2b: Gothitelle|perish3\n|upkeep\n|turn|2\n|\n|t:|1683022233\n|switch|p1b: Tauros|Tauros-Paldea-Aqua, L50, M|100\/100\n|-ability|p1b: Tauros|Intimidate|boost\n|-unboost|p2a: Misdreavus|atk|1\n|-unboost|p2b: Gothitelle|atk|1\n|move|p2a: Misdreavus|Shadow Ball|p1b: Tauros\n|-crit|p1b: Tauros\n|-damage|p1b: Tauros|62\/100\n|move|p1a: Gothitelle|Psychic|p2a: Misdreavus\n|-damage|p2a: Misdreavus|40\/100\n|-unboost|p2a: Misdreavus|spd|1\n|move|p2b: Gothitelle|Heal Pulse|p2a: Misdreavus\n|-heal|p2a: Misdreavus|90\/100\n|\n|-start|p2a: Misdreavus|perish2\n|-start|p1a: Gothitelle|perish2\n|-start|p2b: Gothitelle|perish2\n|upkeep\n|turn|3\n|\n|t:|1683022268\n|move|p2b: Gothitelle|Protect|p2b: Gothitelle\n|-singleturn|p2b: Gothitelle|Protect\n|move|p1b: Tauros|Iron Head|p2a: Misdreavus\n|-damage|p2a: Misdreavus|69\/100\n|move|p2a: Misdreavus|Foul Play|p1b: Tauros\n|-resisted|p1b: Tauros\n|-damage|p1b: Tauros|45\/100\n|move|p1a: Gothitelle|Psychic|p2a: Misdreavus\n|-damage|p2a: Misdreavus|27\/100\n|\n|-start|p2a: Misdreavus|perish1\n|-start|p1a: Gothitelle|perish1\n|-start|p2b: Gothitelle|perish1\n|upkeep\n|turn|4\n|\n|t:|1683022349\n|switch|p2a: Tauros|Tauros-Paldea-Blaze, L50, M|100\/100\n|-ability|p2a: Tauros|Intimidate|boost\n|-unboost|p1a: Gothitelle|atk|1\n|-unboost|p1b: Tauros|atk|1\n|switch|p2b: Pawmot|Pawmot, L50, M|100\/100\n|-item|p2b: Pawmot|Air Balloon\n|move|p1b: Tauros|Wave Crash|p2a: Tauros\n|-supereffective|p2a: Tauros\n|-damage|p2a: Tauros|17\/100\n|-damage|p1b: Tauros|16\/100|[from] Recoil\n|move|p1a: Gothitelle|Psychic|p2a: Tauros\n|-supereffective|p2a: Tauros\n|-damage|p2a: Tauros|0 fnt\n|faint|p2a: Tauros\n|\n|-start|p1a: Gothitelle|perish0\n|upkeep\n|faint|p1a: Gothitelle\n|inactive|Battle timer is ON: inactive players will automatically lose when time's up. (requested by Yuan1003)\n|inactiveoff|Battle timer is now OFF.\n|\n|t:|1683022666\n|switch|p2a: Gothitelle|Gothitelle, L50, F|95\/100\n|switch|p1a: Bisharp|Bisharp, L50, F|100\/100\n|turn|5\n|c|\u2606ttsui234|\u62b1\u6b49\u525b\u6709\u4e9b\u4e8b\n|n|\u2606Yuan1003|yuan1003\n|\n|t:|1683022728\n|move|p1a: Bisharp|Protect|p1a: Bisharp\n|-singleturn|p1a: Bisharp|Protect\n|move|p2b: Pawmot|Fake Out|p1a: Bisharp\n|-activate|p1a: Bisharp|move: Protect\n|move|p2a: Gothitelle|Fake Out|p1b: Tauros\n|-damage|p1b: Tauros|10\/100\n|cant|p1b: Tauros|flinch\n|\n|upkeep\n|turn|6\n|c|\u2606Yuan1003|\u6c92\u4e8b\n|\n|t:|1683022746\n|move|p2a: Gothitelle|Protect|p2a: Gothitelle\n|-singleturn|p2a: Gothitelle|Protect\n|move|p1b: Tauros|Wave Crash|p2b: Pawmot\n|-damage|p2b: Pawmot|51\/100\n|-enditem|p2b: Pawmot|Air Balloon\n|-damage|p1b: Tauros|0 fnt|[from] Recoil\n|faint|p1b: Tauros\n|move|p2b: Pawmot|Revival Blessing|p2b: Pawmot\n|\n|t:|1683022754\n|-heal|p2: Tauros|50\/100|[from] move: Revival Blessing\n|move|p1a: Bisharp|Assurance|p2a: Gothitelle\n|-activate|p2a: Gothitelle|move: Protect\n|\n|upkeep\n|\n|t:|1683022759\n|switch|p1b: Lycanroc|Lycanroc-Dusk, L50, M, tera:Ghost|100\/100\n|turn|7\n|\n|t:|1683022770\n|switch|p2a: Tauros|Tauros-Paldea-Blaze, L50, M|50\/100\n|-ability|p2a: Tauros|Intimidate|boost\n|-unboost|p1a: Bisharp|atk|1\n|-ability|p1a: Bisharp|Defiant|boost\n|-boost|p1a: Bisharp|atk|2\n|-unboost|p1b: Lycanroc|atk|1\n|move|p1b: Lycanroc|Play Rough|p2b: Pawmot\n|-supereffective|p2b: Pawmot\n|-damage|p2b: Pawmot|0 fnt\n|faint|p2b: Pawmot\n|move|p1a: Bisharp|Assurance|p2a: Tauros\n|-resisted|p2a: Tauros\n|-damage|p2a: Tauros|25\/100\n|\n|upkeep\n|\n|t:|1683022790\n|switch|p2b: Misdreavus|Misdreavus, L50, M|27\/100\n|turn|8\n|\n|t:|1683022801\n|move|p2a: Tauros|Protect|p2a: Tauros\n|-singleturn|p2a: Tauros|Protect\n|move|p2b: Misdreavus|Protect|p2b: Misdreavus\n|-singleturn|p2b: Misdreavus|Protect\n|move|p1b: Lycanroc|Accelerock|p2a: Tauros\n|-activate|p2a: Tauros|move: Protect\n|move|p1a: Bisharp|Assurance|p2b: Misdreavus\n|-activate|p2b: Misdreavus|move: Protect\n|\n|upkeep\n|turn|9\n|\n|t:|1683022821\n|move|p1b: Lycanroc|Rock Slide|p2a: Tauros|[spread] p2a,p2b\n|-damage|p2a: Tauros|9\/100\n|-damage|p2b: Misdreavus|11\/100\n|move|p2a: Tauros|Raging Bull|p1a: Bisharp\n|-supereffective|p1a: Bisharp\n|-damage|p1a: Bisharp|39\/100\n|cant|p2b: Misdreavus|flinch\n|move|p1a: Bisharp|Assurance|p2b: Misdreavus\n|-supereffective|p2b: Misdreavus\n|-damage|p2b: Misdreavus|0 fnt\n|faint|p2b: Misdreavus\n|\n|upkeep\n|\n|t:|1683022831\n|switch|p2b: Gothitelle|Gothitelle, L50, F|95\/100\n|turn|10\n|\n|t:|1683022837\n|move|p1a: Bisharp|Protect|p1a: Bisharp\n|-singleturn|p1a: Bisharp|Protect\n|move|p2b: Gothitelle|Fake Out|p1b: Lycanroc\n|-immune|p1b: Lycanroc\n|move|p1b: Lycanroc|Accelerock|p2a: Tauros\n|-damage|p2a: Tauros|0 fnt\n|faint|p2a: Tauros\n|\n|upkeep\n|turn|11\n|c|\u2606Yuan1003|\u6211\u9ede\u932f\n|\n|t:|1683022860\n|move|p1b: Lycanroc|Accelerock|p2b: Gothitelle\n|-damage|p2b: Gothitelle|79\/100\n|move|p1a: Bisharp|Assurance|p2b: Gothitelle\n|-supereffective|p2b: Gothitelle\n|-damage|p2b: Gothitelle|0 fnt\n|faint|p2b: Gothitelle\n|\n|win|ttsui234\n|c|\u2606ttsui234|gg\n","uploadtime":1683022892,"views":12,"p1id":"ttsui234","p2id":"yuan1003","formatid":"gen9vgc2023regulationc","rating":0,"private":0,"password":""}