{"id":"gen9vgc2023regulationc-1857981324","p1":"jaythebutthead1","p2":"BeeGee33","format":"[Gen 9] VGC 2023 Regulation C","log":"|j|\u2606jaythebutthead1\n|j|\u2606BeeGee33\n|t:|1683255443\n|gametype|doubles\n|player|p1|jaythebutthead1|1|1334\n|player|p2|BeeGee33|169|1407\n|teamsize|p1|6\n|teamsize|p2|6\n|gen|9\n|tier|[Gen 9] VGC 2023 Regulation C\n|rated|\n|rule|Species Clause: Limit one of each Pok\u00e9mon\n|rule|Item Clause: Limit one of each item\n|clearpoke\n|poke|p1|Annihilape, L50, M|\n|poke|p1|Maushold, L50|\n|poke|p1|Flutter Mane, L50|\n|poke|p1|Tyranitar, L50, M|\n|poke|p1|Lycanroc, L50, F|\n|poke|p1|Ting-Lu, L50|\n|poke|p2|Murkrow, L50, F|\n|poke|p2|Garchomp, L50, M|\n|poke|p2|Flutter Mane, L50|\n|poke|p2|Annihilape, L50, M|\n|poke|p2|Ting-Lu, L50|\n|poke|p2|Iron Hands, L50|\n|teampreview|4\n|inactive|Battle timer is ON: inactive players will automatically lose when time's up. (requested by BeeGee33)\n|inactive|jaythebutthead1 has 60 seconds left.\n|\n|t:|1683255476\n|start\n|switch|p1a: Lycanroc|Lycanroc, L50, F|100\/100\n|switch|p1b: Flutter Mane|Flutter Mane, L50|100\/100\n|switch|p2a: Murkrow|Murkrow, L50, F|100\/100\n|switch|p2b: Garchomp|Garchomp, L50, M|100\/100\n|turn|1\n|\n|t:|1683255496\n|-terastallize|p2b: Garchomp|Fire\n|move|p2a: Murkrow|Tailwind|p2a: Murkrow\n|-sidestart|p2: BeeGee33|move: Tailwind\n|move|p2b: Garchomp|Swords Dance|p2b: Garchomp\n|-boost|p2b: Garchomp|atk|2\n|move|p1b: Flutter Mane|Dazzling Gleam|p2a: Murkrow|[spread] p2a,p2b\n|-supereffective|p2a: Murkrow\n|-resisted|p2b: Garchomp\n|-damage|p2a: Murkrow|0 fnt\n|-damage|p2b: Garchomp|73\/100\n|faint|p2a: Murkrow\n|move|p1a: Lycanroc|Rock Slide|p2b: Garchomp\n|-supereffective|p2b: Garchomp\n|-damage|p2b: Garchomp|4\/100\n|\n|upkeep\n|\n|t:|1683255509\n|switch|p2a: Annihilape|Annihilape, L50, M|100\/100\n|turn|2\n|\n|t:|1683255518\n|-end|p1b: Flutter Mane|Protosynthesis|[silent]\n|switch|p1b: Tyranitar|Tyranitar, L50, M|100\/100\n|-weather|Sandstorm|[from] ability: Sand Stream|[of] p1b: Tyranitar\n|move|p2a: Annihilape|Protect|p2a: Annihilape\n|-singleturn|p2a: Annihilape|Protect\n|move|p1a: Lycanroc|Rock Slide|p2a: Annihilape|[spread] \n|-activate|p2a: Annihilape|move: Protect\n|-miss|p1a: Lycanroc|p2b: Garchomp\n|move|p2b: Garchomp|Earthquake|p1b: Tyranitar|[spread] p1a,p1b\n|-activate|p2a: Annihilape|move: Protect\n|-supereffective|p1a: Lycanroc\n|-supereffective|p1b: Tyranitar\n|-enditem|p1a: Lycanroc|Focus Sash\n|-damage|p1a: Lycanroc|1\/100\n|-damage|p1b: Tyranitar|0 fnt\n|faint|p1b: Tyranitar\n|-damage|p2b: Garchomp|0 fnt|[from] item: Life Orb\n|faint|p2b: Garchomp\n|\n|-weather|Sandstorm|[upkeep]\n|-damage|p2a: Annihilape|95\/100|[from] Sandstorm\n|-heal|p2a: Annihilape|100\/100|[from] item: Leftovers\n|upkeep\n|\n|t:|1683255538\n|switch|p2b: Flutter Mane|Flutter Mane, L50|100\/100\n|switch|p1b: Flutter Mane|Flutter Mane, L50|100\/100\n|turn|3\n|\n|t:|1683255553\n|-terastallize|p1b: Flutter Mane|Fairy\n|move|p2b: Flutter Mane|Dazzling Gleam|p1b: Flutter Mane|[spread] p1a,p1b\n|-damage|p1a: Lycanroc|0 fnt\n|-damage|p1b: Flutter Mane|64\/100\n|faint|p1a: Lycanroc\n|move|p2a: Annihilape|Rage Fist|p1b: Flutter Mane\n|-damage|p1b: Flutter Mane|4\/100\n|move|p1b: Flutter Mane|Dazzling Gleam|p2a: Annihilape|[spread] p2a,p2b\n|-supereffective|p2a: Annihilape\n|-damage|p2a: Annihilape|0 fnt\n|-damage|p2b: Flutter Mane|20\/100\n|faint|p2a: Annihilape\n|\n|-weather|Sandstorm|[upkeep]\n|-damage|p2b: Flutter Mane|14\/100|[from] Sandstorm\n|-damage|p1b: Flutter Mane|0 fnt|[from] Sandstorm\n|faint|p1b: Flutter Mane\n|-end|p1b: Flutter Mane|Protosynthesis|[silent]\n|upkeep\n|\n|t:|1683255565\n|switch|p1b: Ting-Lu|Ting-Lu, L50|100\/100\n|-ability|p1b: Ting-Lu|Vessel of Ruin\n|turn|4\n|\n|t:|1683255578\n|move|p1b: Ting-Lu|Protect|p1b: Ting-Lu\n|-singleturn|p1b: Ting-Lu|Protect\n|move|p2b: Flutter Mane|Moonblast|p1b: Ting-Lu\n|-activate|p1b: Ting-Lu|move: Protect\n|\n|-weather|Sandstorm|[upkeep]\n|-damage|p2b: Flutter Mane|8\/100|[from] Sandstorm\n|-sideend|p2: BeeGee33|move: Tailwind\n|upkeep\n|turn|5\n|-message|BeeGee33 forfeited.\n|\n|win|jaythebutthead1\n|raw|jaythebutthead1's rating: 1334 → 1358<\/strong> (+24 for winning)\n|raw|BeeGee33's rating: 1407 → 1383<\/strong> (-24 for losing)\n|l|\u2606BeeGee33\n","uploadtime":1683255590,"views":10,"p1id":"jaythebutthead1","p2id":"beegee33","formatid":"gen9vgc2023regulationc","rating":1358,"private":0,"password":""}