{"id":"gen9vgc2023regulationc-1860311063","p1":"SHIMA2023","p2":"JulioLL93","format":"[Gen 9] VGC 2023 Regulation C","log":"|j|\u2606SHIMA2023\n|j|\u2606JulioLL93\n|t:|1683630610\n|gametype|doubles\n|player|p1|SHIMA2023|ethan|1000\n|player|p2|JulioLL93|169|1000\n|teamsize|p1|6\n|teamsize|p2|6\n|gen|9\n|tier|[Gen 9] VGC 2023 Regulation C\n|rated|\n|rule|Species Clause: Limit one of each Pok\u00e9mon\n|rule|Item Clause: Limit one of each item\n|clearpoke\n|poke|p1|Abomasnow, L50, F|\n|poke|p1|Glaceon, L50, M|\n|poke|p1|Rotom-Frost, L50|\n|poke|p1|Baxcalibur, L50, F|\n|poke|p1|Iron Bundle, L50|\n|poke|p1|Crabominable, L50, F|\n|poke|p2|Tyranitar, L50, M|\n|poke|p2|Rotom-Heat, L50|\n|poke|p2|Gyarados, L50, M|\n|poke|p2|Flutter Mane, L50|\n|poke|p2|Murkrow, L50, M|\n|poke|p2|Garchomp, L50, F|\n|teampreview|4\n|inactive|Battle timer is ON: inactive players will automatically lose when time's up. (requested by JulioLL93)\n|\n|t:|1683630659\n|start\n|switch|p1a: Baxcalibur|Baxcalibur, L50, F|100\/100\n|switch|p1b: Abomasnow|Abomasnow, L50, F|100\/100\n|switch|p2a: Rotom|Rotom-Heat, L50|100\/100\n|switch|p2b: Garchomp|Garchomp, L50, F|100\/100\n|-weather|Snow|[from] ability: Snow Warning|[of] p1b: Abomasnow\n|turn|1\n|inactive|JulioLL93 has 30 seconds left.\n|\n|t:|1683630687\n|-terastallize|p1a: Baxcalibur|Ground\n|move|p2b: Garchomp|Protect|p2b: Garchomp\n|-singleturn|p2b: Garchomp|Protect\n|move|p1b: Abomasnow|Protect|p1b: Abomasnow\n|-singleturn|p1b: Abomasnow|Protect\n|move|p1a: Baxcalibur|Dragon Dance|p1a: Baxcalibur\n|-boost|p1a: Baxcalibur|atk|1\n|-boost|p1a: Baxcalibur|spe|1\n|move|p2a: Rotom|Overheat|p1b: Abomasnow\n|-activate|p1b: Abomasnow|move: Protect\n|\n|-weather|Snow|[upkeep]\n|upkeep\n|turn|2\n|inactive|SHIMA2023 has 30 seconds left.\n|\n|t:|1683630714\n|switch|p2b: Gyarados|Gyarados, L50, M|100\/100\n|-ability|p2b: Gyarados|Intimidate|boost\n|-unboost|p1a: Baxcalibur|atk|1\n|-unboost|p1b: Abomasnow|atk|1\n|switch|p1b: Glaceon|Glaceon, L50, M|100\/100\n|move|p1a: Baxcalibur|Icicle Spear|p2b: Gyarados\n|-damage|p2b: Gyarados|87\/100\n|-damage|p2b: Gyarados|73\/100\n|-damage|p2b: Gyarados|59\/100\n|-damage|p2b: Gyarados|44\/100\n|-hitcount|p2b: Gyarados|4\n|move|p2a: Rotom|Overheat|p1b: Glaceon\n|-supereffective|p1b: Glaceon\n|-damage|p1b: Glaceon|9\/100\n|-unboost|p2a: Rotom|spa|2\n|\n|-weather|Snow|[upkeep]\n|upkeep\n|turn|3\n|inactive|SHIMA2023 has 30 seconds left.\n|inactive|JulioLL93 has 30 seconds left.\n|inactive|SHIMA2023 has 20 seconds left.\n|inactive|JulioLL93 has 20 seconds left.\n|\n|t:|1683630752\n|switch|p2b: Tyranitar|Tyranitar, L50, M|100\/100\n|-weather|Sandstorm|[from] ability: Sand Stream|[of] p2b: Tyranitar\n|move|p1a: Baxcalibur|Icicle Spear|p2a: Rotom\n|-resisted|p2a: Rotom\n|-damage|p2a: Rotom|94\/100\n|-resisted|p2a: Rotom\n|-damage|p2a: Rotom|86\/100\n|-resisted|p2a: Rotom\n|-damage|p2a: Rotom|79\/100\n|-resisted|p2a: Rotom\n|-damage|p2a: Rotom|72\/100\n|-resisted|p2a: Rotom\n|-crit|p2a: Rotom\n|-damage|p2a: Rotom|63\/100\n|-hitcount|p2a: Rotom|5\n|move|p1b: Glaceon|Blizzard|p2a: Rotom|[spread] p2a,p2b\n|-resisted|p2a: Rotom\n|-damage|p2a: Rotom|40\/100\n|-damage|p2b: Tyranitar|77\/100\n|-enditem|p2a: Rotom|Sitrus Berry|[eat]\n|-heal|p2a: Rotom|65\/100|[from] item: Sitrus Berry\n|move|p2a: Rotom|Thunderbolt|p1b: Glaceon\n|-damage|p1b: Glaceon|0 fnt\n|faint|p1b: Glaceon\n|\n|-weather|Sandstorm|[upkeep]\n|-damage|p2a: Rotom|59\/100|[from] Sandstorm\n|upkeep\n|inactive|SHIMA2023 has 30 seconds left.\n|\n|t:|1683630778\n|switch|p1b: Abomasnow|Abomasnow, L50, F|100\/100\n|-weather|Snow|[from] ability: Snow Warning|[of] p1b: Abomasnow\n|turn|4\n|inactive|SHIMA2023 has 30 seconds left.\n|inactive|SHIMA2023 has 20 seconds left.\n|inactive|SHIMA2023 has 15 seconds left.\n|inactive|SHIMA2023 has 10 seconds left.\n|\n|t:|1683630826\n|move|p2b: Tyranitar|Protect|p2b: Tyranitar\n|-singleturn|p2b: Tyranitar|Protect\n|move|p1b: Abomasnow|Protect|p1b: Abomasnow\n|-singleturn|p1b: Abomasnow|Protect\n|move|p1a: Baxcalibur|Earthquake|p2b: Tyranitar|[spread] \n|-activate|p1b: Abomasnow|move: Protect\n|-activate|p2b: Tyranitar|move: Protect\n|-immune|p2a: Rotom|[from] ability: Levitate\n|move|p2a: Rotom|Overheat|p1b: Abomasnow\n|-activate|p1b: Abomasnow|move: Protect\n|\n|-weather|Snow|[upkeep]\n|upkeep\n|turn|5\n|inactive|SHIMA2023 has 30 seconds left.\n|\n|t:|1683630852\n|switch|p2b: Gyarados|Gyarados, L50, M|44\/100\n|-ability|p2b: Gyarados|Intimidate|boost\n|-unboost|p1a: Baxcalibur|atk|1\n|-unboost|p1b: Abomasnow|atk|1\n|move|p1a: Baxcalibur|Icicle Spear|p2a: Rotom\n|-resisted|p2a: Rotom\n|-damage|p2a: Rotom|54\/100\n|-resisted|p2a: Rotom\n|-damage|p2a: Rotom|49\/100\n|-resisted|p2a: Rotom\n|-damage|p2a: Rotom|44\/100\n|-resisted|p2a: Rotom\n|-damage|p2a: Rotom|39\/100\n|-resisted|p2a: Rotom\n|-damage|p2a: Rotom|34\/100\n|-hitcount|p2a: Rotom|5\n|move|p2a: Rotom|Overheat|p1b: Abomasnow\n|-supereffective|p1b: Abomasnow\n|-damage|p1b: Abomasnow|0 fnt\n|-unboost|p2a: Rotom|spa|2\n|faint|p1b: Abomasnow\n|\n|-weather|Snow|[upkeep]\n|upkeep\n|\n|t:|1683630870\n|switch|p1b: Iron Bundle|Iron Bundle, L50|100\/100\n|-enditem|p1b: Iron Bundle|Booster Energy\n|-activate|p1b: Iron Bundle|ability: Quark Drive|[fromitem]\n|-start|p1b: Iron Bundle|quarkdrivespe\n|turn|6\n|inactive|JulioLL93 has 30 seconds left.\n|\n|t:|1683630897\n|move|p2b: Gyarados|Protect|p2b: Gyarados\n|-singleturn|p2b: Gyarados|Protect\n|move|p1b: Iron Bundle|Blizzard|p2a: Rotom|[spread] p2a\n|-activate|p2b: Gyarados|move: Protect\n|-resisted|p2a: Rotom\n|-damage|p2a: Rotom|14\/100\n|move|p1a: Baxcalibur|Dragon Dance|p1a: Baxcalibur\n|-boost|p1a: Baxcalibur|atk|1\n|-boost|p1a: Baxcalibur|spe|1\n|move|p2a: Rotom|Thunderbolt|p1b: Iron Bundle\n|-supereffective|p1b: Iron Bundle\n|-damage|p1b: Iron Bundle|55\/100\n|\n|-weather|Snow|[upkeep]\n|upkeep\n|turn|7\n|inactive|SHIMA2023 has 30 seconds left.\n|inactive|JulioLL93 has 30 seconds left.\n|inactive|SHIMA2023 has 20 seconds left.\n|inactive|JulioLL93 has 20 seconds left.\n|inactive|SHIMA2023 has 15 seconds left.\n|inactive|JulioLL93 has 15 seconds left.\n|inactive|JulioLL93 has 10 seconds left.\n|inactive|JulioLL93 has 5 seconds left.\n|\n|t:|1683630948\n|move|p1b: Iron Bundle|Blizzard|p2b: Gyarados|[spread] p2a,p2b\n|-resisted|p2a: Rotom\n|-damage|p2a: Rotom|0 fnt\n|-damage|p2b: Gyarados|11\/100\n|faint|p2a: Rotom\n|move|p1a: Baxcalibur|Icicle Spear|p2b: Gyarados\n|-damage|p2b: Gyarados|0 fnt\n|faint|p2b: Gyarados\n|-hitcount|p2: Gyarados|1\n|\n|-weather|Snow|[upkeep]\n|upkeep\n|\n|t:|1683630959\n|switch|p2b: Tyranitar|Tyranitar, L50, M|77\/100\n|switch|p2a: Garchomp|Garchomp, L50, F|100\/100\n|-weather|Sandstorm|[from] ability: Sand Stream|[of] p2b: Tyranitar\n|turn|8\n|\n|t:|1683630980\n|move|p1b: Iron Bundle|Protect|p1b: Iron Bundle\n|-singleturn|p1b: Iron Bundle|Protect\n|move|p2a: Garchomp|Protect|p2a: Garchomp\n|-singleturn|p2a: Garchomp|Protect\n|move|p2b: Tyranitar|Protect|p2b: Tyranitar\n|-singleturn|p2b: Tyranitar|Protect\n|move|p1a: Baxcalibur|Earthquake|p2a: Garchomp|[spread] \n|-activate|p1b: Iron Bundle|move: Protect\n|-activate|p2a: Garchomp|move: Protect\n|-activate|p2b: Tyranitar|move: Protect\n|\n|-weather|Sandstorm|[upkeep]\n|-damage|p1b: Iron Bundle|49\/100|[from] Sandstorm\n|upkeep\n|turn|9\n|inactive|JulioLL93 has 30 seconds left.\n|inactive|JulioLL93 has 20 seconds left.\n|inactive|JulioLL93 has 15 seconds left.\n|inactive|JulioLL93 has 10 seconds left.\n|\n|t:|1683631028\n|-terastallize|p2b: Tyranitar|Flying\n|move|p1b: Iron Bundle|Encore|p2b: Tyranitar\n|-start|p2b: Tyranitar|Encore\n|move|p1a: Baxcalibur|Icicle Spear|p2a: Garchomp\n|-supereffective|p2a: Garchomp\n|-damage|p2a: Garchomp|41\/100\n|-supereffective|p2a: Garchomp\n|-damage|p2a: Garchomp|0 fnt\n|faint|p2a: Garchomp\n|-hitcount|p2: Garchomp|2\n|move|p2b: Tyranitar|Protect||[still]\n|-fail|p2b: Tyranitar\n|\n|-weather|Sandstorm|[upkeep]\n|-damage|p1b: Iron Bundle|42\/100|[from] Sandstorm\n|-damage|p2b: Tyranitar|72\/100|[from] Sandstorm\n|upkeep\n|turn|10\n|-message|JulioLL93 forfeited.\n|\n|win|SHIMA2023\n|l|\u2606JulioLL93\n|raw|SHIMA2023's rating: 1000 → 1040<\/strong> (+40 for winning)\n|raw|JulioLL93's rating: 1000 → 1000<\/strong> (+0 for losing)\n||Ladder isn't responding, score probably updated but might not have (Request timeout).\n","uploadtime":1683631096,"views":9,"p1id":"shima2023","p2id":"julioll93","formatid":"gen9vgc2023regulationc","rating":1000,"private":0,"password":""}