{"id":"gen9vgc2023regulationc-1859012049","p1":"Coldafoutside","p2":"Gravity flux","format":"[Gen 9] VGC 2023 Regulation C","log":"|j|\u2606Coldafoutside\n|j|\u2606Gravity flux\n|t:|1683394145\n|gametype|doubles\n|player|p1|Coldafoutside|265|1183\n|player|p2|Gravity flux|266|1153\n|teamsize|p1|6\n|teamsize|p2|6\n|gen|9\n|tier|[Gen 9] VGC 2023 Regulation C\n|rated|\n|rule|Species Clause: Limit one of each Pok\u00e9mon\n|rule|Item Clause: Limit one of each item\n|clearpoke\n|poke|p1|Luxray, L50, M|\n|poke|p1|Annihilape, L50, M|\n|poke|p1|Scream Tail, L50|\n|poke|p1|Torkoal, L50, M|\n|poke|p1|Ting-Lu, L50|\n|poke|p1|Gothitelle, L50, M|\n|poke|p2|Arcanine, L50, F|\n|poke|p2|Gyarados, L50, F|\n|poke|p2|Chien-Pao, L50|\n|poke|p2|Amoonguss, L50, M|\n|poke|p2|Dragapult, L50, M|\n|poke|p2|Flutter Mane, L50|\n|teampreview|4\n|\n|t:|1683394183\n|start\n|switch|p1a: Annihilape|Annihilape, L50, M|100\/100\n|switch|p1b: Scream Tail|Scream Tail, L50|100\/100\n|switch|p2a: Chien-Pao|Chien-Pao, L50|100\/100\n|switch|p2b: Dragapult|Dragapult, L50, M|100\/100\n|-ability|p2a: Chien-Pao|Sword of Ruin\n|turn|1\n|\n|t:|1683394208\n|move|p2a: Chien-Pao|Protect|p2a: Chien-Pao\n|-singleturn|p2a: Chien-Pao|Protect\n|move|p1a: Annihilape|U-turn|p2a: Chien-Pao\n|-activate|p2a: Chien-Pao|move: Protect\n|move|p2b: Dragapult|Phantom Force||[still]\n|-prepare|p2b: Dragapult|Phantom Force\n|move|p1b: Scream Tail|Trick Room|p1b: Scream Tail\n|-fieldstart|move: Trick Room|[of] p1b: Scream Tail\n|\n|upkeep\n|turn|2\n|\n|t:|1683394231\n|switch|p2a: Amoonguss|Amoonguss, L50, M|100\/100\n|switch|p1a: Luxray|Luxray, L50, M, shiny|100\/100\n|move|p1b: Scream Tail|Howl|p1b: Scream Tail|[spread] p1a,p1b\n|-boost|p1a: Luxray|atk|1\n|-boost|p1b: Scream Tail|atk|1\n|move|p2b: Dragapult|Phantom Force|p1a: Luxray|[from]lockedmove\n|-damage|p1a: Luxray|23\/100\n|\n|-status|p1a: Luxray|brn|[from] item: Flame Orb\n|upkeep\n|turn|3\n|\n|t:|1683394266\n|-terastallize|p1a: Luxray|Normal\n|move|p2a: Amoonguss|Rage Powder|p2a: Amoonguss\n|-singleturn|p2a: Amoonguss|move: Rage Powder\n|move|p1a: Luxray|Facade|p2a: Amoonguss\n|-damage|p2a: Amoonguss|0 fnt\n|faint|p2a: Amoonguss\n|move|p1b: Scream Tail|Encore|p2b: Dragapult\n|-start|p2b: Dragapult|Encore\n|move|p2b: Dragapult|Phantom Force||[still]\n|-prepare|p2b: Dragapult|Phantom Force\n|\n|-damage|p1a: Luxray|17\/100 brn|[from] brn\n|upkeep\n|\n|t:|1683394275\n|switch|p2a: Chien-Pao|Chien-Pao, L50|100\/100\n|-ability|p2a: Chien-Pao|Sword of Ruin\n|turn|4\n|\n|t:|1683394283\n|move|p1a: Luxray|Quick Attack|p2a: Chien-Pao\n|-damage|p2a: Chien-Pao|34\/100\n|move|p2a: Chien-Pao|Sucker Punch||[still]\n|-fail|p2a: Chien-Pao\n|move|p1b: Scream Tail|Dazzling Gleam|p2b: Dragapult|[spread] p2a\n|-miss|p1b: Scream Tail|p2b: Dragapult\n|-supereffective|p2a: Chien-Pao\n|-damage|p2a: Chien-Pao|0 fnt\n|faint|p2a: Chien-Pao\n|move|p2b: Dragapult|Phantom Force|p1a: Luxray|[from]lockedmove\n|-immune|p1a: Luxray\n|\n|-damage|p1a: Luxray|11\/100 brn|[from] brn\n|upkeep\n|\n|t:|1683394293\n|switch|p2a: Flutter Mane|Flutter Mane, L50|100\/100\n|turn|5\n|\n|t:|1683394314\n|move|p1a: Luxray|Wild Charge|p2a: Flutter Mane\n|-damage|p2a: Flutter Mane|0 fnt\n|faint|p2a: Flutter Mane\n|-end|p2a: Flutter Mane|Protosynthesis|[silent]\n|-damage|p1a: Luxray|0 fnt|[from] Recoil\n|faint|p1a: Luxray\n|move|p1b: Scream Tail|Dazzling Gleam|p2b: Dragapult\n|-supereffective|p2b: Dragapult\n|-damage|p2b: Dragapult|55\/100\n|move|p2b: Dragapult|Phantom Force||[still]\n|-prepare|p2b: Dragapult|Phantom Force\n|\n|-end|p2b: Dragapult|Encore\n|-fieldend|move: Trick Room\n|upkeep\n|\n|t:|1683394322\n|switch|p1a: Annihilape|Annihilape, L50, M|100\/100\n|turn|6\n|\n|t:|1683394330\n|move|p1a: Annihilape|Shadow Claw|p2b: Dragapult|[miss]\n|-miss|p1a: Annihilape|p2b: Dragapult\n|move|p2b: Dragapult|Phantom Force|p1a: Annihilape|[from]lockedmove\n|-supereffective|p1a: Annihilape\n|-damage|p1a: Annihilape|0 fnt\n|faint|p1a: Annihilape\n|move|p1b: Scream Tail|Dazzling Gleam|p2b: Dragapult\n|-supereffective|p2b: Dragapult\n|-damage|p2b: Dragapult|6\/100\n|\n|upkeep\n|\n|t:|1683394334\n|switch|p1a: Torkoal|Torkoal, L50, M|100\/100\n|-weather|SunnyDay|[from] ability: Drought|[of] p1a: Torkoal\n|-activate|p1b: Scream Tail|ability: Protosynthesis\n|-start|p1b: Scream Tail|protosynthesisspd\n|turn|7\n|\n|t:|1683394350\n|-terastallize|p2b: Dragapult|Ghost\n|move|p2b: Dragapult|Phantom Force||[still]\n|-prepare|p2b: Dragapult|Phantom Force\n|move|p1b: Scream Tail|Dazzling Gleam|p2b: Dragapult|[miss]\n|-miss|p1b: Scream Tail|p2b: Dragapult\n|move|p1a: Torkoal|Overheat|p2b: Dragapult|[miss]\n|-miss|p1a: Torkoal|p2b: Dragapult\n|\n|-weather|SunnyDay|[upkeep]\n|upkeep\n|turn|8\n|\n|t:|1683394360\n|move|p2b: Dragapult|Phantom Force|p1b: Scream Tail|[from]lockedmove\n|-supereffective|p1b: Scream Tail\n|-damage|p1b: Scream Tail|0 fnt\n|faint|p1b: Scream Tail\n|-end|p1b: Scream Tail|Protosynthesis|[silent]\n|move|p1a: Torkoal|Overheat|p2b: Dragapult|[miss]\n|-miss|p1a: Torkoal|p2b: Dragapult\n|\n|-weather|SunnyDay|[upkeep]\n|upkeep\n|turn|9\n|\n|t:|1683394368\n|move|p2b: Dragapult|Phantom Force||[still]\n|-prepare|p2b: Dragapult|Phantom Force\n|move|p1a: Torkoal|Overheat|p2b: Dragapult|[miss]\n|-miss|p1a: Torkoal|p2b: Dragapult\n|\n|-weather|SunnyDay|[upkeep]\n|upkeep\n|turn|10\n|\n|t:|1683394371\n|move|p2b: Dragapult|Phantom Force|p1a: Torkoal|[from]lockedmove\n|-crit|p1a: Torkoal\n|-damage|p1a: Torkoal|0 fnt\n|faint|p1a: Torkoal\n|\n|win|Gravity flux\n|raw|Coldafoutside's rating: 1183 → 1156<\/strong> (-27 for losing)\n|raw|Gravity flux's rating: 1153 → 1180<\/strong> (+27 for winning)\n","uploadtime":1683394379,"views":12,"p1id":"coldafoutside","p2id":"gravityflux","formatid":"gen9vgc2023regulationc","rating":1156,"private":0,"password":""}