{"id":"gen9vgc2023regulationc-1846574323","p1":"Sabosex","p2":"Rin Itachi","format":"[Gen 9] VGC 2023 Regulation C","log":"|j|\u2606Sabosex\n|j|\u2606Rin Itachi\n|t:|1681853148\n|gametype|doubles\n|player|p1|Sabosex|ghetsis|1205\n|player|p2|Rin Itachi|marley|1290\n|teamsize|p1|6\n|teamsize|p2|6\n|gen|9\n|tier|[Gen 9] VGC 2023 Regulation C\n|rated|\n|rule|Species Clause: Limit one of each Pok\u00e9mon\n|rule|Item Clause: Limit one of each item\n|clearpoke\n|poke|p1|Amoonguss, L50, F|\n|poke|p1|Arcanine, L50, M|\n|poke|p1|Grimmsnarl, L50, M|\n|poke|p1|Annihilape, L50, M|\n|poke|p1|Maushold, L50|\n|poke|p1|Ting-Lu, L50|\n|poke|p2|Talonflame, L50, M|\n|poke|p2|Great Tusk, L50|\n|poke|p2|Chi-Yu, L50|\n|poke|p2|Flutter Mane, L50|\n|poke|p2|Gyarados, L50, F|\n|poke|p2|Indeedee-F, L50, F|\n|teampreview|4\nSabosex has agreed to open team sheets.\nRin Itachi rejected open team sheets.\n|inactive|Battle timer is ON: inactive players will automatically lose when time's up. (requested by Rin Itachi)\n|\n|t:|1681853200\n|start\n|switch|p1a: Grimmsnarl|Grimmsnarl, L50, M, shiny|100\/100\n|switch|p1b: Annihilape|Annihilape, L50, M|100\/100\n|switch|p2a: Itachi Rin|Flutter Mane, L50|100\/100\n|switch|p2b: Chi-Yu|Chi-Yu, L50|100\/100\n|-ability|p2b: Chi-Yu|Beads of Ruin\n|-enditem|p2a: Itachi Rin|Booster Energy\n|-activate|p2a: Itachi Rin|ability: Protosynthesis|[fromitem]\n|-start|p2a: Itachi Rin|protosynthesisspa\n|turn|1\n|\n|t:|1681853215\n|move|p1b: Annihilape|Protect|p1b: Annihilape\n|-singleturn|p1b: Annihilape|Protect\n|move|p1a: Grimmsnarl|Light Screen|p1a: Grimmsnarl\n|-sidestart|p1: Sabosex|move: Light Screen\n|move|p2a: Itachi Rin|Substitute|p2a: Itachi Rin\n|-start|p2a: Itachi Rin|Substitute\n|-damage|p2a: Itachi Rin|76\/100\n|move|p2b: Chi-Yu|Dark Pulse|p1b: Annihilape\n|-activate|p1b: Annihilape|move: Protect\n|\n|upkeep\n|turn|2\n|\n|t:|1681853235\n|switch|p1a: Amoonguss|Amoonguss, L50, F, shiny|100\/100\n|-terastallize|p1b: Annihilape|Fire\n|move|p2a: Itachi Rin|Shadow Ball|p1b: Annihilape\n|-damage|p1b: Annihilape|66\/100\n|move|p2b: Chi-Yu|Dark Pulse|p1b: Annihilape\n|-damage|p1b: Annihilape|19\/100\n|move|p1b: Annihilape|Drain Punch|p2b: Chi-Yu\n|-supereffective|p2b: Chi-Yu\n|-damage|p2b: Chi-Yu|0 fnt\n|-heal|p1b: Annihilape|50\/100|[from] drain|[of] p2b: Chi-Yu\n|faint|p2b: Chi-Yu\n|\n|upkeep\n|\n|t:|1681853247\n|switch|p2b: Gyarados|Gyarados, L50, F|100\/100\n|-ability|p2b: Gyarados|Intimidate|boost\n|-unboost|p1a: Amoonguss|atk|1\n|-unboost|p1b: Annihilape|atk|1\n|-ability|p1b: Annihilape|Defiant|boost\n|-boost|p1b: Annihilape|atk|2\n|turn|3\n|\n|t:|1681853263\n|switch|p1a: Ting-Lu|Ting-Lu, L50|100\/100\n|-ability|p1a: Ting-Lu|Vessel of Ruin\n|move|p2a: Itachi Rin|Shadow Ball|p1b: Annihilape\n|-damage|p1b: Annihilape|28\/100\n|move|p1b: Annihilape|Rage Fist|p2b: Gyarados\n|-damage|p2b: Gyarados|0 fnt\n|faint|p2b: Gyarados\n|\n|upkeep\n|\n|t:|1681853274\n|switch|p2b: Great Tusk|Great Tusk, L50|100\/100\n|turn|4\n|\n|t:|1681853282\n|move|p2a: Itachi Rin|Protect|p2a: Itachi Rin\n|-singleturn|p2a: Itachi Rin|Protect\n|move|p1b: Annihilape|Protect|p1b: Annihilape\n|-singleturn|p1b: Annihilape|Protect\n|move|p2b: Great Tusk|Earthquake|p1a: Ting-Lu|[spread] p1a\n|-activate|p2a: Itachi Rin|move: Protect\n|-activate|p1b: Annihilape|move: Protect\n|-damage|p1a: Ting-Lu|77\/100\n|move|p1a: Ting-Lu|Heavy Slam|p2a: Itachi Rin\n|-activate|p2a: Itachi Rin|move: Protect\n|\n|upkeep\n|turn|5\n|\n|t:|1681853300\n|switch|p1b: Amoonguss|Amoonguss, L50, F, shiny|100\/100\n|move|p2a: Itachi Rin|Moonblast|p1a: Ting-Lu\n|-supereffective|p1a: Ting-Lu\n|-damage|p1a: Ting-Lu|50\/100\n|move|p2b: Great Tusk|Headlong Rush|p1b: Amoonguss\n|-damage|p1b: Amoonguss|54\/100\n|-unboost|p2b: Great Tusk|def|1\n|-unboost|p2b: Great Tusk|spd|1\n|move|p1a: Ting-Lu|Fissure|p2b: Great Tusk\n|-damage|p2b: Great Tusk|0 fnt\n|faint|p2b: Great Tusk\n|-end|p2b: Great Tusk|Protosynthesis|[silent]\n|-ohko\n|\n|-sideend|p1: Sabosex|move: Light Screen\n|upkeep\n|turn|6\n|-message|Rin Itachi forfeited.\n|\n|win|Sabosex\n|raw|Sabosex's rating: 1205 → 1236<\/strong> (+31 for winning)\n|raw|Rin Itachi's rating: 1290 → 1259<\/strong> (-31 for losing)\n|l|\u2606Rin Itachi\n","uploadtime":1681853338,"views":13,"p1id":"sabosex","p2id":"rinitachi","formatid":"gen9vgc2023regulationc","rating":1236,"private":0,"password":""}