{"id":"gen9vgc2023regulationc-1851359919","p1":"BOhm11","p2":"Fastjon4444","format":"[Gen 9] VGC 2023 Regulation C","log":"|j|\u2606BOhm11\n|j|\u2606Fastjon4444\n|t:|1682438800\n|gametype|doubles\n|player|p1|BOhm11|marlon|1337\n|player|p2|Fastjon4444|hilbert|1391\n|teamsize|p1|6\n|teamsize|p2|6\n|gen|9\n|tier|[Gen 9] VGC 2023 Regulation C\n|rated|\n|rule|Species Clause: Limit one of each Pok\u00e9mon\n|rule|Item Clause: Limit one of each item\n|clearpoke\n|poke|p1|Lycanroc, L50, F|\n|poke|p1|Hippowdon, L50, M|\n|poke|p1|Gothitelle, L50, M|\n|poke|p1|Scream Tail, L50|\n|poke|p1|Breloom, L50, F|\n|poke|p1|Garganacl, L50, F|\n|poke|p2|Chien-Pao, L50|\n|poke|p2|Dragapult, L50, M|\n|poke|p2|Arcanine, L50, M|\n|poke|p2|Flutter Mane, L50|\n|poke|p2|Palafin, L50, F|\n|poke|p2|Amoonguss, L50, F|\n|teampreview|4\n|\n|t:|1682438830\n|start\n|switch|p1a: Lycanroc|Lycanroc, L50, F|100\/100\n|switch|p1b: Hippowdon|Hippowdon, L50, M|100\/100\n|switch|p2a: Chien-Pao|Chien-Pao, L50|100\/100\n|switch|p2b: Dragapult|Dragapult, L50, M|100\/100\n|-ability|p2a: Chien-Pao|Sword of Ruin\n|-weather|Sandstorm|[from] ability: Sand Stream|[of] p1b: Hippowdon\n|turn|1\n|\n|t:|1682438855\n|switch|p2a: Amoonguss|Amoonguss, L50, F|100\/100\n|-terastallize|p2b: Dragapult|Steel\n|move|p1b: Hippowdon|Helping Hand|p1a: Lycanroc\n|-singleturn|p1a: Lycanroc|Helping Hand|[of] p1b: Hippowdon\n|move|p1a: Lycanroc|Rock Slide|p2a: Amoonguss|[spread] p2a,p2b\n|-resisted|p2b: Dragapult\n|-damage|p2a: Amoonguss|65\/100\n|-damage|p2b: Dragapult|72\/100\n|move|p2b: Dragapult|Tera Blast|p1a: Lycanroc\n|-supereffective|p1a: Lycanroc\n|-damage|p1a: Lycanroc|0 fnt\n|faint|p1a: Lycanroc\n|\n|-weather|Sandstorm|[upkeep]\n|-damage|p2a: Amoonguss|59\/100|[from] Sandstorm\n|upkeep\n|\n|t:|1682438868\n|switch|p1a: Breloom|Breloom, L50, F|100\/100\n|turn|2\n|\n|t:|1682438903\n|switch|p2b: Flutter Mane|Flutter Mane, L50|100\/100\n|move|p1a: Breloom|Aerial Ace|p2a: Amoonguss\n|-supereffective|p2a: Amoonguss\n|-damage|p2a: Amoonguss|10\/100\n|-damage|p1a: Breloom|84\/100|[from] item: Rocky Helmet|[of] p2a: Amoonguss\n|move|p1b: Hippowdon|Body Press|p2b: Flutter Mane\n|-immune|p2b: Flutter Mane\n|move|p2a: Amoonguss|Spore|p1b: Hippowdon\n|-status|p1b: Hippowdon|slp|[from] move: Spore\n|\n|-weather|Sandstorm|[upkeep]\n|-damage|p1a: Breloom|78\/100|[from] Sandstorm\n|-damage|p2b: Flutter Mane|95\/100|[from] Sandstorm\n|-damage|p2a: Amoonguss|5\/100|[from] Sandstorm\n|upkeep\n|turn|3\n|\n|t:|1682438929\n|switch|p1a: Garganacl|Garganacl, L50, F|100\/100\n|switch|p2a: Dragapult|Dragapult, L50, M, tera:Steel|72\/100\n|move|p2b: Flutter Mane|Dazzling Gleam|p1b: Hippowdon|[spread] p1a,p1b\n|-damage|p1a: Garganacl|79\/100\n|-damage|p1b: Hippowdon|54\/100 slp\n|cant|p1b: Hippowdon|slp\n|\n|-weather|Sandstorm|[upkeep]\n|-damage|p2b: Flutter Mane|89\/100|[from] Sandstorm\n|upkeep\n|turn|4\n|\n|t:|1682438944\n|-curestatus|p1b: Hippowdon|slp|[msg]\n|move|p1b: Hippowdon|Helping Hand|p1a: Garganacl\n|-singleturn|p1a: Garganacl|Helping Hand|[of] p1b: Hippowdon\n|move|p2a: Dragapult|Tera Blast|p1a: Garganacl\n|-supereffective|p1a: Garganacl\n|-damage|p1a: Garganacl|27\/100\n|-enditem|p1a: Garganacl|Sitrus Berry|[eat]\n|-heal|p1a: Garganacl|51\/100|[from] item: Sitrus Berry\n|move|p2b: Flutter Mane|Dazzling Gleam|p1a: Garganacl|[spread] p1a,p1b\n|-damage|p1a: Garganacl|30\/100\n|-damage|p1b: Hippowdon|15\/100\n|-enditem|p1b: Hippowdon|Aguav Berry|[eat]\n|-heal|p1b: Hippowdon|48\/100|[from] item: Aguav Berry\n|move|p1a: Garganacl|Rock Slide|p2b: Flutter Mane|[spread] p2a,p2b\n|-resisted|p2a: Dragapult\n|-damage|p2a: Dragapult|52\/100\n|-damage|p2b: Flutter Mane|39\/100\n|\n|-weather|Sandstorm|[upkeep]\n|-damage|p2b: Flutter Mane|33\/100|[from] Sandstorm\n|upkeep\n|turn|5\n|\n|t:|1682438969\n|move|p1a: Garganacl|Wide Guard|p1a: Garganacl\n|-singleturn|p1a: Garganacl|Wide Guard\n|move|p2a: Dragapult|Tera Blast|p1a: Garganacl\n|-supereffective|p1a: Garganacl\n|-damage|p1a: Garganacl|0 fnt\n|faint|p1a: Garganacl\n|move|p2b: Flutter Mane|Dazzling Gleam|p1b: Hippowdon\n|-activate|p1b: Hippowdon|move: Wide Guard\n|move|p1b: Hippowdon|Rock Slide|p2b: Flutter Mane|[spread] p2a,p2b\n|-resisted|p2a: Dragapult\n|-damage|p2a: Dragapult|41\/100\n|-damage|p2b: Flutter Mane|12\/100\n|\n|-weather|none\n|upkeep\n|\n|t:|1682438980\n|switch|p1a: Breloom|Breloom, L50, F|78\/100\n|turn|6\n|\n|t:|1682439001\n|-terastallize|p1a: Breloom|Rock\n|move|p2a: Dragapult|Protect|p2a: Dragapult\n|-singleturn|p2a: Dragapult|Protect\n|move|p1a: Breloom|Mach Punch|p2a: Dragapult\n|-activate|p2a: Dragapult|move: Protect\n|move|p2b: Flutter Mane|Dazzling Gleam|p1b: Hippowdon|[spread] p1a,p1b\n|-damage|p1a: Breloom|0 fnt\n|-damage|p1b: Hippowdon|7\/100\n|faint|p1a: Breloom\n|move|p1b: Hippowdon|Rock Slide|p2b: Flutter Mane|[spread] p2b\n|-activate|p2a: Dragapult|move: Protect\n|-damage|p2b: Flutter Mane|0 fnt\n|faint|p2b: Flutter Mane\n|-end|p2b: Flutter Mane|Protosynthesis|[silent]\n|\n|upkeep\n|-message|BOhm11 forfeited.\n|\n|win|Fastjon4444\n|raw|BOhm11's rating: 1337 → 1320<\/strong> (-17 for losing)\n|raw|Fastjon4444's rating: 1391 → 1408<\/strong> (+17 for winning)\n|l|\u2606BOhm11\n","uploadtime":1682439023,"views":10,"p1id":"bohm11","p2id":"fastjon4444","formatid":"gen9vgc2023regulationc","rating":1320,"private":0,"password":""}