{"id":"gen9vgc2023regulationc-1851933290","p1":"rudyxkam","p2":"pazzoscassato","format":"[Gen 9] VGC 2023 Regulation C","log":"|j|\u2606rudyxkam\n|j|\u2606pazzoscassato\n|t:|1682507852\n|gametype|doubles\n|player|p1|rudyxkam|gardenia|1081\n|player|p2|pazzoscassato|biker|1151\n|teamsize|p1|6\n|teamsize|p2|6\n|gen|9\n|tier|[Gen 9] VGC 2023 Regulation C\n|rated|\n|rule|Species Clause: Limit one of each Pok\u00e9mon\n|rule|Item Clause: Limit one of each item\n|clearpoke\n|poke|p1|Gyarados, L50, M|\n|poke|p1|Talonflame, L50, M|\n|poke|p1|Baxcalibur, L50, F|\n|poke|p1|Corviknight, L50, M|\n|poke|p1|Ting-Lu, L50|\n|poke|p1|Flutter Mane, L50|\n|poke|p2|Indeedee-F, L50, F|\n|poke|p2|Armarouge, L50, M|\n|poke|p2|Torkoal, L50, M|\n|poke|p2|Amoonguss, L50, M|\n|poke|p2|Kingambit, L50, M|\n|poke|p2|Slither Wing, L50|\n|teampreview|4\n|inactive|Battle timer is ON: inactive players will automatically lose when time's up. (requested by rudyxkam)\nrudyxkam has agreed to open team sheets.\n|c|\u2606rudyxkam|glhf!\n|inactive|rudyxkam has 60 seconds left.\n|c|\u2606pazzoscassato|you too :)\n|inactive|rudyxkam has 30 seconds left.\n|inactive|rudyxkam has 20 seconds left.\n|inactive|rudyxkam has 15 seconds left.\n|\n|t:|1682507932\n|start\n|switch|p1a: T. Gojira|Baxcalibur, L50, F, shiny|100\/100\n|switch|p1b: Manda|Gyarados, L50, M, shiny|100\/100\n|switch|p2a: Totti|Armarouge, L50, M|100\/100\n|switch|p2b: De Rossi|Indeedee-F, L50, F, shiny|100\/100\n|-ability|p1b: Manda|Intimidate|boost\n|-unboost|p2a: Totti|atk|1\n|-unboost|p2b: De Rossi|atk|1\n|-fieldstart|move: Psychic Terrain|[from] ability: Psychic Surge|[of] p2b: De Rossi\n|-enditem|p2b: De Rossi|Psychic Seed\n|-boost|p2b: De Rossi|spd|1|[from] item: Psychic Seed\n|turn|1\n|inactive|rudyxkam has 30 seconds left.\n|inactive|pazzoscassato has 30 seconds left.\n|inactive|rudyxkam has 20 seconds left.\n|\n|t:|1682507969\n|move|p1b: Manda|Helping Hand|p1a: T. Gojira\n|-singleturn|p1a: T. Gojira|Helping Hand|[of] p1b: Manda\n|move|p1a: T. Gojira|Glaive Rush|p2b: De Rossi\n|-damage|p2b: De Rossi|0 fnt\n|-singlemove|p1a: T. Gojira|Glaive Rush|[silent]\n|faint|p2b: De Rossi\n|move|p2a: Totti|Expanding Force|p1b: Manda|[spread] p1a,p1b\n|-damage|p1a: T. Gojira|0 fnt\n|-damage|p1b: Manda|45\/100\n|-enditem|p1b: Manda|Sitrus Berry|[eat]\n|-heal|p1b: Manda|69\/100|[from] item: Sitrus Berry\n|faint|p1a: T. Gojira\n|-damage|p2a: Totti|91\/100|[from] item: Life Orb\n|\n|upkeep\n|\n|t:|1682507983\n|switch|p1a: Sker|Ting-Lu, L50|100\/100\n|switch|p2b: Abraham|Kingambit, L50, M, shiny|100\/100\n|-ability|p1a: Sker|Vessel of Ruin\n|turn|2\n|inactive|pazzoscassato has 30 seconds left.\n|\n|t:|1682508013\n|-terastallize|p2a: Totti|Grass\n|move|p1b: Manda|Taunt|p2a: Totti\n|-start|p2a: Totti|move: Taunt\n|move|p1a: Sker|Ruination|p2b: Abraham|[miss]\n|-miss|p1a: Sker|p2b: Abraham\n|move|p2b: Abraham|Kowtow Cleave|p1b: Manda\n|-damage|p1b: Manda|11\/100\n|cant|p2a: Totti|move: Taunt|Trick Room\n|\n|upkeep\n|turn|3\n|inactive|pazzoscassato has 30 seconds left.\n|\n|t:|1682508043\n|switch|p2a: Naingollan|Torkoal, L50, M|100\/100\n|-weather|SunnyDay|[from] ability: Drought|[of] p2a: Naingollan\n|move|p1b: Manda|Helping Hand|p1a: Sker\n|-singleturn|p1a: Sker|Helping Hand|[of] p1b: Manda\n|move|p1a: Sker|Stomping Tantrum|p2b: Abraham\n|-supereffective|p2b: Abraham\n|-damage|p2b: Abraham|0 fnt\n|faint|p2b: Abraham\n|\n|-weather|SunnyDay|[upkeep]\n|upkeep\n|\n|t:|1682508053\n|switch|p2b: Totti|Armarouge, L50, M, tera:Grass|91\/100\n|turn|4\n|inactive|rudyxkam has 30 seconds left.\n|\n|t:|1682508084\n|move|p1b: Manda|Helping Hand|p1a: Sker\n|-singleturn|p1a: Sker|Helping Hand|[of] p1b: Manda\n|move|p1a: Sker|Bulldoze|p2b: Totti|[spread] p2a,p2b\n|-immune|p1b: Manda\n|-supereffective|p2a: Naingollan\n|-resisted|p2b: Totti\n|-damage|p2a: Naingollan|65\/100\n|-damage|p2b: Totti|79\/100\n|-unboost|p2a: Naingollan|spe|1\n|-unboost|p2b: Totti|spe|1\n|move|p2a: Naingollan|Eruption|p1a: Sker|[spread] p1a,p1b\n|-resisted|p1b: Manda\n|-damage|p1a: Sker|84\/100\n|-damage|p1b: Manda|0 fnt\n|faint|p1b: Manda\n|move|p2b: Totti|Trick Room|p2b: Totti\n|-fieldstart|move: Trick Room|[of] p2b: Totti\n|\n|-weather|SunnyDay|[upkeep]\n|upkeep\n|\n|t:|1682508097\n|switch|p1b: Gigan|Corviknight, L50, M, shiny|100\/100\n|turn|5\n|\n|t:|1682508120\n|-terastallize|p1b: Gigan|Dragon\n|move|p2a: Naingollan|Earth Power|p1a: Sker\n|-damage|p1a: Sker|75\/100\n|move|p2b: Totti|Expanding Force|p1b: Gigan|[spread] p1b\n|-immune|p1a: Sker\n|-damage|p1b: Gigan|48\/100\n|-damage|p2b: Totti|69\/100|[from] item: Life Orb\n|move|p1a: Sker|Stomping Tantrum|p2a: Naingollan\n|-supereffective|p2a: Naingollan\n|-damage|p2a: Naingollan|18\/100\n|move|p1b: Gigan|Brave Bird|p2b: Totti\n|-supereffective|p2b: Totti\n|-damage|p2b: Totti|0 fnt\n|faint|p2b: Totti\n|-damage|p1b: Gigan|27\/100|[from] Recoil\n|\n|-weather|SunnyDay|[upkeep]\n|-fieldend|move: Psychic Terrain\n|upkeep\n|turn|6\n|c|\u2606rudyxkam|gg\n|c|\u2606pazzoscassato|ggwp\n|inactive|pazzoscassato has 30 seconds left.\n|-message|pazzoscassato forfeited.\n|\n|win|rudyxkam\n|raw|rudyxkam's rating: 1081 → 1114<\/strong> (+33 for winning)\n|raw|pazzoscassato's rating: 1151 → 1121<\/strong> (-30 for losing)\n|l|\u2606pazzoscassato\n|c|\u2606rudyxkam|you as well\n","uploadtime":1682508150,"views":8,"p1id":"rudyxkam","p2id":"pazzoscassato","formatid":"gen9vgc2023regulationc","rating":1114,"private":0,"password":""}