{"id":"gen9vgc2023regulationc-1860113835","p1":"HeroicVGC","p2":"lagjflajg","format":"[Gen 9] VGC 2023 Regulation C","log":"|j|\u2606HeroicVGC\n|j|\u2606lagjflajg\n|t:|1683596798\n|gametype|doubles\n|player|p1|HeroicVGC|266|1000\n|player|p2|lagjflajg|170|1033\n|teamsize|p1|6\n|teamsize|p2|6\n|gen|9\n|tier|[Gen 9] VGC 2023 Regulation C\n|rated|\n|rule|Species Clause: Limit one of each Pok\u00e9mon\n|rule|Item Clause: Limit one of each item\n|clearpoke\n|poke|p1|Annihilape, L50, F|\n|poke|p1|Maushold-Four, L50|\n|poke|p1|Ting-Lu, L50|\n|poke|p1|Gyarados, L50, F|\n|poke|p1|Dragonite, L50, F|\n|poke|p1|Volcarona, L50, M|\n|poke|p2|Gastrodon, L50, M|\n|poke|p2|Chi-Yu, L50|\n|poke|p2|Meowscarada, L50, M|\n|poke|p2|Salamence, L50, F|\n|poke|p2|Grafaiai, L50, M|\n|poke|p2|Espathra, L50, F|\n|teampreview|4\nHeroicVGC has agreed to open team sheets.\n|\n|t:|1683596829\n|start\n|switch|p1a: Orphanmaker|Annihilape, L50, F|100\/100\n|switch|p1b: Childhaver|Maushold-Four, L50|100\/100\n|switch|p2a: Meowscarada|Meowscarada, L50, M|100\/100\n|switch|p2b: Grafaiai|Grafaiai, L50, M|100\/100\n|turn|1\n|inactive|Battle timer is ON: inactive players will automatically lose when time's up. (requested by HeroicVGC)\n|\n|t:|1683596844\n|move|p1b: Childhaver|Follow Me|p1b: Childhaver\n|-singleturn|p1b: Childhaver|move: Follow Me\n|move|p2a: Meowscarada|Knock Off|p1b: Childhaver\n|-damage|p1b: Childhaver|47\/100\n|-enditem|p1b: Childhaver|Safety Goggles|[from] move: Knock Off|[of] p2a: Meowscarada\n|move|p2b: Grafaiai|Gunk Shot|p1b: Childhaver\n|-damage|p1b: Childhaver|0 fnt\n|faint|p1b: Childhaver\n|move|p1a: Orphanmaker|Bulk Up|p1a: Orphanmaker\n|-boost|p1a: Orphanmaker|atk|1\n|-boost|p1a: Orphanmaker|def|1\n|\n|upkeep\n|\n|t:|1683596853\n|switch|p1b: Volcarona|Volcarona, L50, M|100\/100\n|turn|2\n|\n|t:|1683596863\n|switch|p2a: Chi-Yu|Chi-Yu, L50|100\/100\n|-ability|p2a: Chi-Yu|Beads of Ruin\n|move|p2b: Grafaiai|Encore|p1a: Orphanmaker\n|-start|p1a: Orphanmaker|Encore\n|move|p1b: Volcarona|Struggle Bug|p2a: Chi-Yu|[spread] p2a,p2b\n|-resisted|p2b: Grafaiai\n|-damage|p2a: Chi-Yu|77\/100\n|-damage|p2b: Grafaiai|80\/100\n|-unboost|p2a: Chi-Yu|spa|1\n|-unboost|p2b: Grafaiai|spa|1\n|move|p1a: Orphanmaker|Bulk Up|p1a: Orphanmaker\n|-boost|p1a: Orphanmaker|atk|1\n|-boost|p1a: Orphanmaker|def|1\n|\n|upkeep\n|turn|3\n|\n|t:|1683596879\n|-terastallize|p1a: Orphanmaker|Fire\n|move|p2b: Grafaiai|Gunk Shot|p1b: Volcarona|[miss]\n|-miss|p2b: Grafaiai|p1b: Volcarona\n|move|p2a: Chi-Yu|Flamethrower|p1b: Volcarona\n|-damage|p1b: Volcarona|32\/100\n|move|p1b: Volcarona|Struggle Bug|p2a: Chi-Yu|[spread] p2a,p2b\n|-crit|p2a: Chi-Yu\n|-resisted|p2b: Grafaiai\n|-damage|p2a: Chi-Yu|44\/100\n|-damage|p2b: Grafaiai|62\/100\n|-unboost|p2a: Chi-Yu|spa|1\n|-unboost|p2b: Grafaiai|spa|1\n|move|p1a: Orphanmaker|Bulk Up|p1a: Orphanmaker\n|-boost|p1a: Orphanmaker|atk|1\n|-boost|p1a: Orphanmaker|def|1\n|\n|upkeep\n|turn|4\n|\n|t:|1683596900\n|move|p2b: Grafaiai|Gunk Shot|p1b: Volcarona\n|-damage|p1b: Volcarona|0 fnt\n|faint|p1b: Volcarona\n|move|p2a: Chi-Yu|Flamethrower|p1a: Orphanmaker\n|-resisted|p1a: Orphanmaker\n|-damage|p1a: Orphanmaker|82\/100\n|move|p1a: Orphanmaker|Bulk Up|p1a: Orphanmaker\n|-boost|p1a: Orphanmaker|atk|1\n|-boost|p1a: Orphanmaker|def|1\n|\n|-heal|p1a: Orphanmaker|88\/100|[from] item: Leftovers\n|-end|p1a: Orphanmaker|Encore\n|upkeep\n|\n|t:|1683596911\n|switch|p1b: Dragonite|Dragonite, L50, F|100\/100\n|turn|5\n|\n|t:|1683596928\n|switch|p2a: Meowscarada|Meowscarada, L50, M|100\/100\n|move|p1b: Dragonite|Extreme Speed|p2a: Meowscarada\n|-damage|p2a: Meowscarada|51\/100\n|move|p2b: Grafaiai|Encore|p1a: Orphanmaker\n|-start|p1a: Orphanmaker|Encore\n|move|p1a: Orphanmaker|Bulk Up|p1a: Orphanmaker\n|-boost|p1a: Orphanmaker|atk|1\n|-boost|p1a: Orphanmaker|def|1\n|\n|-heal|p1a: Orphanmaker|94\/100|[from] item: Leftovers\n|upkeep\n|turn|6\n|\n|t:|1683596944\n|move|p2a: Meowscarada|Knock Off|p1b: Dragonite\n|-damage|p1b: Dragonite|76\/100\n|-enditem|p1b: Dragonite|Lum Berry|[from] move: Knock Off|[of] p2a: Meowscarada\n|move|p2b: Grafaiai|Gunk Shot|p1b: Dragonite\n|-damage|p1b: Dragonite|32\/100\n|move|p1a: Orphanmaker|Bulk Up|p1a: Orphanmaker\n|-boost|p1a: Orphanmaker|atk|1\n|-boost|p1a: Orphanmaker|def|1\n|move|p1b: Dragonite|Ice Spinner|p2a: Meowscarada\n|-supereffective|p2a: Meowscarada\n|-damage|p2a: Meowscarada|0 fnt\n|faint|p2a: Meowscarada\n|\n|-heal|p1a: Orphanmaker|100\/100|[from] item: Leftovers\n|upkeep\n|\n|t:|1683596959\n|switch|p2a: Espathra|Espathra, L50, F|100\/100\n|turn|7\n|\n|t:|1683596970\n|move|p1b: Dragonite|Extreme Speed|p2b: Grafaiai\n|-damage|p2b: Grafaiai|22\/100\n|move|p2b: Grafaiai|Knock Off|p1b: Dragonite\n|-damage|p1b: Dragonite|17\/100\n|move|p2a: Espathra|Dazzling Gleam|p1a: Orphanmaker|[spread] p1a,p1b\n|-resisted|p1a: Orphanmaker\n|-supereffective|p1b: Dragonite\n|-damage|p1a: Orphanmaker|93\/100\n|-damage|p1b: Dragonite|0 fnt\n|faint|p1b: Dragonite\n|move|p1a: Orphanmaker|Bulk Up|p1a: Orphanmaker\n|-boost|p1a: Orphanmaker|atk|0\n|-boost|p1a: Orphanmaker|def|0\n|\n|-heal|p1a: Orphanmaker|99\/100|[from] item: Leftovers\n|-end|p1a: Orphanmaker|Encore\n|-ability|p2a: Espathra|Speed Boost|boost\n|-boost|p2a: Espathra|spe|1\n|upkeep\n|turn|8\n|\n|t:|1683596981\n|move|p2b: Grafaiai|Encore|p1a: Orphanmaker\n|-start|p1a: Orphanmaker|Encore\n|move|p2a: Espathra|Lumina Crash|p1a: Orphanmaker\n|-damage|p1a: Orphanmaker|65\/100\n|-unboost|p1a: Orphanmaker|spd|2\n|-boost|p1a: Orphanmaker|atk|0\n|move|p1a: Orphanmaker|Bulk Up|p1a: Orphanmaker\n|-boost|p1a: Orphanmaker|atk|0\n|-boost|p1a: Orphanmaker|def|0\n|\n|-heal|p1a: Orphanmaker|71\/100|[from] item: Leftovers\n|-ability|p2a: Espathra|Speed Boost|boost\n|-boost|p2a: Espathra|spe|1\n|upkeep\n|turn|9\n|\n|t:|1683596988\n|move|p2a: Espathra|Lumina Crash|p1a: Orphanmaker\n|-damage|p1a: Orphanmaker|1\/100\n|-unboost|p1a: Orphanmaker|spd|2\n|-boost|p1a: Orphanmaker|atk|0\n|move|p2b: Grafaiai|Knock Off|p1a: Orphanmaker\n|-damage|p1a: Orphanmaker|0 fnt\n|-enditem|p1a: Orphanmaker|Leftovers|[from] move: Knock Off|[of] p2b: Grafaiai\n|faint|p1a: Orphanmaker\n|\n|win|lagjflajg\n|raw|HeroicVGC's rating: 1000 → 1000<\/strong> (+0 for losing)\n|raw|lagjflajg's rating: 1033 → 1065<\/strong> (+32 for winning)\n|c|\u2606HeroicVGC|k\n|l|\u2606HeroicVGC\n","uploadtime":1683597006,"views":10,"p1id":"heroicvgc","p2id":"lagjflajg","formatid":"gen9vgc2023regulationc","rating":1000,"private":0,"password":""}