{"id":"gen9vgc2023regulationc-1857252629","p1":"carlospe1205","p2":"TheTealSpheal","format":"[Gen 9] VGC 2023 Regulation C","log":"|j|\u2606carlospe1205\n|j|\u2606TheTealSpheal\n|t:|1683163733\n|gametype|doubles\n|player|p1|carlospe1205|bugsy|1094\n|player|p2|TheTealSpheal|fisherman|1195\n|teamsize|p1|6\n|teamsize|p2|6\n|gen|9\n|tier|[Gen 9] VGC 2023 Regulation C\n|rated|\n|rule|Species Clause: Limit one of each Pok\u00e9mon\n|rule|Item Clause: Limit one of each item\n|clearpoke\n|poke|p1|Baxcalibur, L50, F|\n|poke|p1|Talonflame, L50, M|\n|poke|p1|Amoonguss, L50, M|\n|poke|p1|Grimmsnarl, L50, M|\n|poke|p1|Flutter Mane, L50|\n|poke|p1|Chi-Yu, L50|\n|poke|p2|Torkoal, L50, M|\n|poke|p2|Jumpluff, L50, M|\n|poke|p2|Flutter Mane, L50|\n|poke|p2|Great Tusk, L50|\n|poke|p2|Chien-Pao, L50|\n|poke|p2|Kingambit, L50, M|\n|teampreview|4\n|\n|t:|1683163801\n|start\n|switch|p1a: Krompus|Grimmsnarl, L50, M|100\/100\n|switch|p1b: Lourdes|Talonflame, L50, M|100\/100\n|switch|p2a: Chien-Pao|Chien-Pao, L50|100\/100\n|switch|p2b: Great Tusk|Great Tusk, L50|100\/100\n|-ability|p2a: Chien-Pao|Sword of Ruin\n|turn|1\n|\n|t:|1683163834\n|move|p1a: Krompus|Fake Out|p2a: Chien-Pao\n|-damage|p2a: Chien-Pao|83\/100\n|move|p1b: Lourdes|Tailwind|p1b: Lourdes\n|-sidestart|p1: carlospe1205|move: Tailwind\n|move|p2b: Great Tusk|Rock Slide|p1b: Lourdes|[spread] p1a,p1b\n|-supereffective|p1b: Lourdes\n|-damage|p1a: Krompus|59\/100\n|-damage|p1b: Lourdes|0 fnt\n|faint|p1b: Lourdes\n|cant|p2a: Chien-Pao|flinch\n|\n|upkeep\n|\n|t:|1683163847\n|switch|p1b: Spiny|Baxcalibur, L50, F|100\/100\n|turn|2\n|\n|t:|1683163863\n|-end|p2b: Great Tusk|Protosynthesis|[silent]\n|switch|p2b: Torkoal|Torkoal, L50, M|100\/100\n|-weather|SunnyDay|[from] ability: Drought|[of] p2b: Torkoal\n|move|p1a: Krompus|Reflect|p1a: Krompus\n|-sidestart|p1: carlospe1205|Reflect\n|move|p1b: Spiny|Iron Head|p2a: Chien-Pao\n|-supereffective|p2a: Chien-Pao\n|-damage|p2a: Chien-Pao|0 fnt\n|faint|p2a: Chien-Pao\n|\n|-weather|SunnyDay|[upkeep]\n|upkeep\n|\n|t:|1683163876\n|switch|p2a: Jumpluff|Jumpluff, L50, M|100\/100\n|turn|3\n|\n|t:|1683163905\n|-terastallize|p2a: Jumpluff|Water\n|move|p1b: Spiny|Ice Shard|p2a: Jumpluff\n|-resisted|p2a: Jumpluff\n|-damage|p2a: Jumpluff|87\/100\n|move|p1a: Krompus|Light Screen|p1a: Krompus\n|-sidestart|p1: carlospe1205|move: Light Screen\n|move|p2a: Jumpluff|Encore|p1a: Krompus\n|-start|p1a: Krompus|Encore\n|move|p2b: Torkoal|Overheat|p1b: Spiny\n|-damage|p1b: Spiny|61\/100\n|-unboost|p2b: Torkoal|spa|2\n|-enditem|p2b: Torkoal|Eject Pack\n|-ability|p1b: Spiny|Thermal Exchange|boost\n|-boost|p1b: Spiny|atk|1\n|\n|t:|1683163920\n|switch|p2b: Great Tusk|Great Tusk, L50|100\/100\n|-activate|p2b: Great Tusk|ability: Protosynthesis\n|-start|p2b: Great Tusk|protosynthesisatk\n|\n|-weather|SunnyDay|[upkeep]\n|upkeep\n|turn|4\n|\n|t:|1683163940\n|switch|p1a: AMOGUS|Amoonguss, L50, M|100\/100\n|-end|p2b: Great Tusk|Protosynthesis|[silent]\n|switch|p2b: Torkoal|Torkoal, L50, M|100\/100\n|move|p1b: Spiny|Protect|p1b: Spiny\n|-singleturn|p1b: Spiny|Protect\n|move|p2a: Jumpluff|Tailwind|p2a: Jumpluff\n|-sidestart|p2: TheTealSpheal|move: Tailwind\n|\n|-weather|SunnyDay|[upkeep]\n|-sideend|p1: carlospe1205|move: Tailwind\n|upkeep\n|turn|5\n|\n|t:|1683163991\n|move|p2b: Torkoal|Protect|p2b: Torkoal\n|-singleturn|p2b: Torkoal|Protect\n|move|p2a: Jumpluff|Sleep Powder|p1b: Spiny|[miss]\n|-miss|p2a: Jumpluff|p1b: Spiny\n|move|p1b: Spiny|Glaive Rush|p2b: Torkoal\n|-activate|p2b: Torkoal|move: Protect\n|move|p1a: AMOGUS|Pollen Puff|p1b: Spiny\n|-heal|p1b: Spiny|100\/100\n|\n|-weather|SunnyDay|[upkeep]\n|upkeep\n|turn|6\n|\n|t:|1683164029\n|move|p1a: AMOGUS|Rage Powder|p1a: AMOGUS\n|-singleturn|p1a: AMOGUS|move: Rage Powder\n|move|p2a: Jumpluff|Sleep Powder|p1a: AMOGUS\n|-immune|p1a: AMOGUS\n|move|p1b: Spiny|Glaive Rush|p2a: Jumpluff\n|-damage|p2a: Jumpluff|0 fnt\n|-singlemove|p1b: Spiny|Glaive Rush|[silent]\n|faint|p2a: Jumpluff\n|move|p2b: Torkoal|Overheat|p1a: AMOGUS\n|-supereffective|p1a: AMOGUS\n|-damage|p1a: AMOGUS|20\/100\n|-unboost|p2b: Torkoal|spa|2\n|\n|-weather|none\n|upkeep\n|\n|t:|1683164043\n|switch|p2a: Great Tusk|Great Tusk, L50|100\/100\n|turn|7\n|\n|t:|1683164062\n|switch|p1a: Krompus|Grimmsnarl, L50, M|59\/100\n|move|p1b: Spiny|Protect|p1b: Spiny\n|-singleturn|p1b: Spiny|Protect\n|move|p2b: Torkoal|Protect|p2b: Torkoal\n|-singleturn|p2b: Torkoal|Protect\n|move|p2a: Great Tusk|Earthquake|p1a: Krompus|[spread] p1a\n|-activate|p2b: Torkoal|move: Protect\n|-activate|p1b: Spiny|move: Protect\n|-damage|p1a: Krompus|20\/100\n|\n|-sideend|p2: TheTealSpheal|move: Tailwind\n|upkeep\n|turn|8\n|\n|t:|1683164084\n|move|p2b: Torkoal|Helping Hand|p2a: Great Tusk\n|-singleturn|p2a: Great Tusk|Helping Hand|[of] p2b: Torkoal\n|move|p1a: Krompus|Fake Out|p2a: Great Tusk\n|-damage|p2a: Great Tusk|90\/100\n|cant|p2a: Great Tusk|flinch\n|move|p1b: Spiny|Glaive Rush|p2b: Torkoal\n|-damage|p2b: Torkoal|22\/100\n|-singlemove|p1b: Spiny|Glaive Rush|[silent]\n|\n|upkeep\n|turn|9\n|\n|t:|1683164105\n|move|p2b: Torkoal|Helping Hand|p2a: Great Tusk\n|-singleturn|p2a: Great Tusk|Helping Hand|[of] p2b: Torkoal\n|move|p1b: Spiny|Protect|p1b: Spiny\n|-singleturn|p1b: Spiny|Protect\n|move|p2a: Great Tusk|Earthquake|p1b: Spiny|[spread] p2b,p1a\n|-activate|p1b: Spiny|move: Protect\n|-supereffective|p2b: Torkoal\n|-damage|p2b: Torkoal|0 fnt\n|-damage|p1a: Krompus|0 fnt\n|faint|p2b: Torkoal\n|faint|p1a: Krompus\n|\n|-sideend|p1: carlospe1205|Reflect\n|upkeep\n|\n|t:|1683164115\n|switch|p1a: AMOGUS|Amoonguss, L50, M|53\/100\n|turn|10\n|\n|t:|1683164131\n|move|p2a: Great Tusk|Earthquake|p1b: Spiny|[spread] p1a,p1b\n|-damage|p1a: AMOGUS|25\/100\n|-damage|p1b: Spiny|64\/100\n|move|p1b: Spiny|Glaive Rush|p2a: Great Tusk\n|-damage|p2a: Great Tusk|19\/100\n|-singlemove|p1b: Spiny|Glaive Rush|[silent]\n|move|p1a: AMOGUS|Pollen Puff|p1b: Spiny\n|-heal|p1b: Spiny|100\/100\n|\n|-sideend|p1: carlospe1205|move: Light Screen\n|upkeep\n|turn|11\n|c|\u2606TheTealSpheal|Really\n|c|\u2606carlospe1205|What?\n|-message|TheTealSpheal forfeited.\n|\n|win|carlospe1205\n|raw|carlospe1205's rating: 1094 → 1127<\/strong> (+33 for winning)\n|raw|TheTealSpheal's rating: 1195 → 1163<\/strong> (-32 for losing)\n|l|\u2606TheTealSpheal\n","uploadtime":1683164257,"views":16,"p1id":"carlospe1205","p2id":"thetealspheal","formatid":"gen9vgc2023regulationc","rating":1127,"private":0,"password":""}