{"id":"gen9vgc2023regulationc-1855851347","p1":"UltimoRyu","p2":"Conwebby","format":"[Gen 9] VGC 2023 Regulation C","log":"|j|\u2606UltimoRyu\n|j|\u2606Conwebby\n|t:|1682991768\n|gametype|doubles\n|player|p1|UltimoRyu|crasherwake|1153\n|player|p2|Conwebby|hilbert|1147\n|teamsize|p1|6\n|teamsize|p2|6\n|gen|9\n|tier|[Gen 9] VGC 2023 Regulation C\n|rated|\n|rule|Species Clause: Limit one of each Pok\u00e9mon\n|rule|Item Clause: Limit one of each item\n|clearpoke\n|poke|p1|Garchomp, L50, F|\n|poke|p1|Rotom-Wash, L50|\n|poke|p1|Iron Bundle, L50|\n|poke|p1|Gyarados, L50, M|\n|poke|p1|Slither Wing, L50|\n|poke|p1|Gardevoir, L50, M|\n|poke|p2|Espathra, L50, F|\n|poke|p2|Flutter Mane, L50|\n|poke|p2|Ceruledge, L50, F|\n|poke|p2|Hydreigon, L50, M|\n|poke|p2|Garchomp, L50, F|\n|poke|p2|Iron Valiant, L50|\n|teampreview|4\n|inactive|Battle timer is ON: inactive players will automatically lose when time's up. (requested by Conwebby)\n|inactive|UltimoRyu has 60 seconds left.\n|inactive|Conwebby has 60 seconds left.\n|\n|t:|1682991827\n|start\n|switch|p1a: Garchomp|Garchomp, L50, F|100\/100\n|switch|p1b: Rotom|Rotom-Wash, L50|100\/100\n|switch|p2a: Flutter Mane|Flutter Mane, L50|100\/100\n|switch|p2b: Espathra|Espathra, L50, F|100\/100\n|-enditem|p2a: Flutter Mane|Booster Energy\n|-activate|p2a: Flutter Mane|ability: Protosynthesis|[fromitem]\n|-start|p2a: Flutter Mane|protosynthesisspe\n|turn|1\n|inactive|UltimoRyu has 30 seconds left.\n|inactive|UltimoRyu has 20 seconds left.\n|inactive|UltimoRyu has 15 seconds left.\n|\n|t:|1682991868\n|-terastallize|p1a: Garchomp|Grass\n|move|p2b: Espathra|Protect|p2b: Espathra\n|-singleturn|p2b: Espathra|Protect\n|move|p2a: Flutter Mane|Moonblast|p1a: Garchomp\n|-damage|p1a: Garchomp|65\/100\n|move|p1a: Garchomp|Shadow Claw|p2a: Flutter Mane\n|-supereffective|p2a: Flutter Mane\n|-damage|p2a: Flutter Mane|0 fnt\n|faint|p2a: Flutter Mane\n|-end|p2a: Flutter Mane|Protosynthesis|[silent]\n|move|p1b: Rotom|Volt Switch|p2b: Espathra\n|-activate|p2b: Espathra|move: Protect\n|\n|-ability|p2b: Espathra|Speed Boost|boost\n|-boost|p2b: Espathra|spe|1\n|upkeep\n|\n|t:|1682991887\n|switch|p2a: Iron Valiant|Iron Valiant, L50|100\/100\n|turn|2\n|\n|t:|1682991905\n|switch|p1a: Gardevoir|Gardevoir, L50, M|100\/100\n|move|p2a: Iron Valiant|Icy Wind|p1b: Rotom|[spread] p1a,p1b\n|-resisted|p1b: Rotom\n|-damage|p1a: Gardevoir|88\/100\n|-damage|p1b: Rotom|93\/100\n|-unboost|p1a: Gardevoir|spe|1\n|-unboost|p1b: Rotom|spe|1\n|move|p2b: Espathra|Hypnosis|p1a: Gardevoir\n|-status|p1a: Gardevoir|slp|[from] move: Hypnosis\n|move|p1b: Rotom|Discharge|p2a: Iron Valiant|[spread] p2a,p2b\n|-activate|p1a: Gardevoir|ability: Telepathy\n|-damage|p2a: Iron Valiant|50\/100\n|-damage|p2b: Espathra|57\/100\n|-status|p2a: Iron Valiant|par\n|\n|-heal|p2b: Espathra|63\/100|[from] item: Leftovers\n|-heal|p1a: Gardevoir|94\/100 slp|[from] item: Leftovers\n|-ability|p2b: Espathra|Speed Boost|boost\n|-boost|p2b: Espathra|spe|1\n|upkeep\n|turn|3\n|inactive|UltimoRyu has 30 seconds left.\n|\n|t:|1682991936\n|-end|p2a: Iron Valiant|Quark Drive|[silent]\n|switch|p2a: Ceruledge|Ceruledge, L50, F|100\/100\n|move|p2b: Espathra|Protect|p2b: Espathra\n|-singleturn|p2b: Espathra|Protect\n|move|p1b: Rotom|Discharge|p2b: Espathra|[spread] p2a\n|-activate|p2b: Espathra|move: Protect\n|-activate|p1a: Gardevoir|ability: Telepathy\n|-damage|p2a: Ceruledge|74\/100\n|cant|p1a: Gardevoir|slp\n|\n|-heal|p2b: Espathra|69\/100|[from] item: Leftovers\n|-heal|p1a: Gardevoir|99\/100 slp|[from] item: Leftovers\n|-ability|p2b: Espathra|Speed Boost|boost\n|-boost|p2b: Espathra|spe|1\n|upkeep\n|turn|4\n|inactive|UltimoRyu has 30 seconds left.\n|inactive|UltimoRyu has 20 seconds left.\n|inactive|UltimoRyu has 15 seconds left.\n|\n|t:|1682991976\n|move|p2b: Espathra|Lumina Crash|p1b: Rotom\n|-damage|p1b: Rotom|61\/100\n|-unboost|p1b: Rotom|spd|2\n|move|p2a: Ceruledge|Bitter Blade|p1a: Gardevoir\n|-damage|p1a: Gardevoir|51\/100 slp\n|-heal|p2a: Ceruledge|97\/100|[from] drain|[of] p1a: Gardevoir\n|move|p1b: Rotom|Discharge|p2a: Ceruledge|[spread] p2a,p2b\n|-activate|p1a: Gardevoir|ability: Telepathy\n|-damage|p2a: Ceruledge|70\/100\n|-damage|p2b: Espathra|30\/100\n|cant|p1a: Gardevoir|slp\n|\n|-heal|p2b: Espathra|36\/100|[from] item: Leftovers\n|-heal|p1a: Gardevoir|57\/100 slp|[from] item: Leftovers\n|-ability|p2b: Espathra|Speed Boost|boost\n|-boost|p2b: Espathra|spe|1\n|upkeep\n|turn|5\n|inactive|UltimoRyu has 30 seconds left.\n|inactive|UltimoRyu has 20 seconds left.\n|\n|t:|1682992013\n|move|p2b: Espathra|Lumina Crash|p1b: Rotom\n|-damage|p1b: Rotom|7\/100\n|-unboost|p1b: Rotom|spd|2\n|move|p2a: Ceruledge|Bitter Blade|p1a: Gardevoir\n|-damage|p1a: Gardevoir|2\/100 slp\n|-heal|p2a: Ceruledge|97\/100|[from] drain|[of] p1a: Gardevoir\n|move|p1b: Rotom|Hydro Pump|p2a: Ceruledge\n|-supereffective|p2a: Ceruledge\n|-damage|p2a: Ceruledge|0 fnt\n|faint|p2a: Ceruledge\n|cant|p1a: Gardevoir|slp\n|\n|-heal|p2b: Espathra|42\/100|[from] item: Leftovers\n|-heal|p1a: Gardevoir|7\/100 slp|[from] item: Leftovers\n|-ability|p2b: Espathra|Speed Boost|boost\n|-boost|p2b: Espathra|spe|1\n|upkeep\n|\n|t:|1682992017\n|switch|p2a: Iron Valiant|Iron Valiant, L50|50\/100 par\n|turn|6\n|inactive|UltimoRyu has 30 seconds left.\n|inactive|Conwebby has 30 seconds left.\n|inactive|UltimoRyu has 20 seconds left.\n|\n|t:|1682992056\n|move|p1b: Rotom|Protect|p1b: Rotom\n|-singleturn|p1b: Rotom|Protect\n|move|p2b: Espathra|Lumina Crash|p1b: Rotom\n|-activate|p1b: Rotom|move: Protect\n|move|p2a: Iron Valiant|Moonblast|p1a: Gardevoir\n|-damage|p1a: Gardevoir|0 fnt\n|faint|p1a: Gardevoir\n|\n|-heal|p2b: Espathra|48\/100|[from] item: Leftovers\n|-ability|p2b: Espathra|Speed Boost|boost\n|-boost|p2b: Espathra|spe|1\n|upkeep\n|\n|t:|1682992070\n|switch|p1a: Garchomp|Garchomp, L50, F, tera:Grass|65\/100\n|turn|7\n|\n|t:|1682992083\n|move|p2b: Espathra|Lumina Crash|p1a: Garchomp\n|-damage|p1a: Garchomp|49\/100\n|-unboost|p1a: Garchomp|spd|2\n|move|p2a: Iron Valiant|Moonblast|p1a: Garchomp\n|-damage|p1a: Garchomp|0 fnt\n|faint|p1a: Garchomp\n|move|p1b: Rotom|Discharge|p2b: Espathra|[spread] p2a,p2b\n|-damage|p2a: Iron Valiant|0 fnt\n|-damage|p2b: Espathra|4\/100\n|-status|p2b: Espathra|par\n|faint|p2a: Iron Valiant\n|-end|p2a: Iron Valiant|Quark Drive|[silent]\n|\n|-heal|p2b: Espathra|10\/100 par|[from] item: Leftovers\n|upkeep\n|\n|t:|1682992100\n|switch|p1a: Slither Wing|Slither Wing, L50|100\/100\n|turn|8\n|\n|t:|1682992114\n|-terastallize|p2b: Espathra|Fighting\n|move|p2b: Espathra|Lumina Crash|p1a: Slither Wing\n|-supereffective|p1a: Slither Wing\n|-damage|p1a: Slither Wing|49\/100\n|-unboost|p1a: Slither Wing|spd|2\n|move|p1a: Slither Wing|U-turn|p2b: Espathra\n|-resisted|p2b: Espathra\n|-damage|p2b: Espathra|0 fnt\n|faint|p2b: Espathra\n|\n|win|UltimoRyu\n|raw|UltimoRyu's rating: 1153 → 1178<\/strong> (+25 for winning)\n|raw|Conwebby's rating: 1147 → 1122<\/strong> (-25 for losing)\n|l|\u2606Conwebby\n","uploadtime":1682992127,"views":17,"p1id":"ultimoryu","p2id":"conwebby","formatid":"gen9vgc2023regulationc","rating":1122,"private":0,"password":""}