{"id":"gen9vgc2023regulationc-1846692861","p1":"Rin Itachi","p2":"OOOOOOOOkay","format":"[Gen 9] VGC 2023 Regulation C","log":"|j|\u2606Rin Itachi\n|j|\u2606OOOOOOOOkay\n|t:|1681866591\n|gametype|doubles\n|player|p1|Rin Itachi|marley|1415\n|player|p2|OOOOOOOOkay|pokemonbreeder-gen4|1388\n|teamsize|p1|6\n|teamsize|p2|6\n|gen|9\n|tier|[Gen 9] VGC 2023 Regulation C\n|rated|\n|rule|Species Clause: Limit one of each Pok\u00e9mon\n|rule|Item Clause: Limit one of each item\n|clearpoke\n|poke|p1|Talonflame, L50, M|\n|poke|p1|Great Tusk, L50|\n|poke|p1|Chi-Yu, L50|\n|poke|p1|Flutter Mane, L50|\n|poke|p1|Gyarados, L50, F|\n|poke|p1|Indeedee-F, L50, F|\n|poke|p2|Toxtricity, L50, M|\n|poke|p2|Gholdengo, L50|\n|poke|p2|Chi-Yu, L50|\n|poke|p2|Iron Hands, L50|\n|poke|p2|Great Tusk, L50|\n|poke|p2|Scizor, L50, F|\n|teampreview|4\nOOOOOOOOkay rejected open team sheets.\n|inactive|Battle timer is ON: inactive players will automatically lose when time's up. (requested by OOOOOOOOkay)\n|\n|t:|1681866622\n|start\n|switch|p1a: Itachi Rin|Flutter Mane, L50|100\/100\n|switch|p1b: Gyarados|Gyarados, L50, F|100\/100\n|switch|p2a: Great Tusk|Great Tusk, L50|100\/100\n|switch|p2b: Gholdengo|Gholdengo, L50|100\/100\n|-ability|p1b: Gyarados|Intimidate|boost\n|-unboost|p2a: Great Tusk|atk|1\n|-unboost|p2b: Gholdengo|atk|1\n|-enditem|p1a: Itachi Rin|Booster Energy\n|-activate|p1a: Itachi Rin|ability: Protosynthesis|[fromitem]\n|-start|p1a: Itachi Rin|protosynthesisspa\n|turn|1\n|\n|t:|1681866640\n|-end|p2a: Great Tusk|Protosynthesis|[silent]\n|switch|p2a: Iron Hands|Iron Hands, L50|100\/100\n|-enditem|p2a: Iron Hands|Booster Energy\n|-activate|p2a: Iron Hands|ability: Quark Drive|[fromitem]\n|-start|p2a: Iron Hands|quarkdriveatk\n|-terastallize|p2b: Gholdengo|Flying\n|move|p1a: Itachi Rin|Protect|p1a: Itachi Rin\n|-singleturn|p1a: Itachi Rin|Protect\n|move|p2b: Gholdengo|Make It Rain|p1b: Gyarados|[spread] p1b\n|-activate|p1a: Itachi Rin|move: Protect\n|-resisted|p1b: Gyarados\n|-damage|p1b: Gyarados|79\/100\n|-unboost|p2b: Gholdengo|spa|1\n|-damage|p2b: Gholdengo|91\/100|[from] item: Life Orb\n|move|p1b: Gyarados|Waterfall|p2a: Iron Hands\n|-damage|p2a: Iron Hands|78\/100\n|\n|upkeep\n|turn|2\n|\n|t:|1681866664\n|switch|p1b: Chi-Yu|Chi-Yu, L50|100\/100\n|-ability|p1b: Chi-Yu|Beads of Ruin\n|move|p1a: Itachi Rin|Moonblast|p2a: Iron Hands\n|-supereffective|p2a: Iron Hands\n|-damage|p2a: Iron Hands|0 fnt\n|faint|p2a: Iron Hands\n|-end|p2a: Iron Hands|Quark Drive|[silent]\n|move|p2b: Gholdengo|Make It Rain|p1a: Itachi Rin|[spread] p1a,p1b\n|-supereffective|p1a: Itachi Rin\n|-resisted|p1b: Chi-Yu\n|-damage|p1a: Itachi Rin|6\/100\n|-damage|p1b: Chi-Yu|77\/100\n|-unboost|p2b: Gholdengo|spa|1\n|-damage|p2b: Gholdengo|81\/100|[from] item: Life Orb\n|\n|upkeep\n|\n|t:|1681866678\n|switch|p2a: Great Tusk|Great Tusk, L50|100\/100\n|turn|3\n|\n|t:|1681866688\n|-terastallize|p1b: Chi-Yu|Grass\n|move|p2a: Great Tusk|Earthquake|p1b: Chi-Yu|[spread] p1a,p1b\n|-immune|p2b: Gholdengo\n|-resisted|p1b: Chi-Yu\n|-damage|p1a: Itachi Rin|0 fnt\n|-damage|p1b: Chi-Yu|44\/100\n|faint|p1a: Itachi Rin\n|-end|p1a: Itachi Rin|Protosynthesis|[silent]\n|move|p1b: Chi-Yu|Heat Wave|p2a: Great Tusk|[spread] p2a,p2b\n|-damage|p2a: Great Tusk|0 fnt\n|-damage|p2b: Gholdengo|0 fnt\n|faint|p2a: Great Tusk\n|-end|p2a: Great Tusk|Protosynthesis|[silent]\n|faint|p2b: Gholdengo\n|\n|upkeep\n|\n|t:|1681866700\n|switch|p1a: Gyarados|Gyarados, L50, F|79\/100\n|switch|p2b: Chi-Yu|Chi-Yu, L50|100\/100\n|-ability|p2b: Chi-Yu|Beads of Ruin\n|-ability|p1a: Gyarados|Intimidate|boost\n|-unboost|p2b: Chi-Yu|atk|1\n|turn|4\n|\n|t:|1681866711\n|switch|p1b: Indeedee|Indeedee-F, L50, F|100\/100\n|-fieldstart|move: Psychic Terrain|[from] ability: Psychic Surge|[of] p1b: Indeedee\n|-enditem|p1b: Indeedee|Psychic Seed\n|-boost|p1b: Indeedee|spd|1|[from] item: Psychic Seed\n|move|p2b: Chi-Yu|Dark Pulse|p1a: Gyarados\n|-damage|p1a: Gyarados|41\/100\n|move|p1a: Gyarados|Thunder Wave|p2b: Chi-Yu\n|-status|p2b: Chi-Yu|par\n|\n|upkeep\n|turn|5\n|\n|t:|1681866722\n|move|p1b: Indeedee|Follow Me|p1b: Indeedee\n|-singleturn|p1b: Indeedee|move: Follow Me\n|move|p1a: Gyarados|Waterfall|p2b: Chi-Yu\n|-supereffective|p2b: Chi-Yu\n|-damage|p2b: Chi-Yu|0 fnt\n|faint|p2b: Chi-Yu\n|\n|win|Rin Itachi\n|raw|Rin Itachi's rating: 1415 → 1433<\/strong> (+18 for winning)\n|raw|OOOOOOOOkay's rating: 1388 → 1370<\/strong> (-18 for losing)\n|l|\u2606OOOOOOOOkay\n|l|\u2606Rin Itachi\n|j|\u2606Rin Itachi\n|player|p1|Rin Itachi|marley\n","uploadtime":1681866774,"views":12,"p1id":"rinitachi","p2id":"ooooooookay","formatid":"gen9vgc2023regulationc","rating":1370,"private":0,"password":""}