{"id":"gen9vgc2023regulationc-1849896436","p1":"InkVG","p2":"Dunkler Georg","format":"[Gen 9] VGC 2023 Regulation C","log":"|j|\u2606InkVG\n|j|\u2606Dunkler Georg\n|t:|1682265667\n|gametype|doubles\n|player|p1|InkVG|#inkvg|\n|player|p2|Dunkler Georg|lance-gen2|\n|teamsize|p1|6\n|teamsize|p2|6\n|gen|9\n|tier|[Gen 9] VGC 2023 Regulation C\n|rule|Species Clause: Limit one of each Pok\u00e9mon\n|rule|Item Clause: Limit one of each item\n|clearpoke\n|poke|p1|Iron Bundle, L50|\n|poke|p1|Chi-Yu, L50|\n|poke|p1|Great Tusk, L50|\n|poke|p1|Dragonite, L50, F|\n|poke|p1|Kingambit, L50, F|\n|poke|p1|Amoonguss, L50, M|\n|poke|p2|Talonflame, L50, F|\n|poke|p2|Iron Bundle, L50|\n|poke|p2|Iron Hands, L50|\n|poke|p2|Gholdengo, L50|\n|poke|p2|Garchomp, L50, M|\n|poke|p2|Chien-Pao, L50|\n|teampreview|4\nDunkler Georg has agreed to open team sheets.\n|c|\u2606InkVG|g1\n|c|\u2606Dunkler Georg|g1\nInkVG has agreed to open team sheets.\n|j| MSI2023\n|j| globaleuitdaging\n|j| cyan_vg\n|c|\u2606Dunkler Georg|glhf\n|c|\u2606InkVG|u2 u2\n|j| pokeway96\n|j| Svenvgc\n|j| Kiyonamivgc\n|j| SeaSoil\n|inactive|Battle timer is ON: inactive players will automatically lose when time's up. (requested by InkVG)\n|\n|t:|1682265831\n|start\n|switch|p1a: Dragonite|Dragonite, L50, F|100\/100\n|switch|p1b: Great Tusk|Great Tusk, L50|100\/100\n|switch|p2a: Talonflame|Talonflame, L50, F|100\/100\n|switch|p2b: Garchomp|Garchomp, L50, M|100\/100\n|turn|1\n|inactive|InkVG has 30 seconds left.\n|\n|t:|1682265862\n|switch|p1a: Kingambit|Kingambit, L50, F|100\/100\n|move|p2a: Talonflame|Tailwind|p2a: Talonflame\n|-sidestart|p2: Dunkler Georg|move: Tailwind\n|move|p2b: Garchomp|Rock Slide|p1a: Kingambit|[spread] p1a,p1b\n|-resisted|p1a: Kingambit\n|-resisted|p1b: Great Tusk\n|-damage|p1a: Kingambit|91\/100\n|-damage|p1b: Great Tusk|96\/100\n|-damage|p2b: Garchomp|91\/100|[from] item: Life Orb\n|cant|p1b: Great Tusk|flinch\n|\n|upkeep\n|turn|2\n|\n|t:|1682265882\n|-end|p1b: Great Tusk|Protosynthesis|[silent]\n|switch|p1b: Dragonite|Dragonite, L50, F|100\/100\n|move|p2a: Talonflame|Will-O-Wisp|p1b: Dragonite\n|-status|p1b: Dragonite|brn\n|-enditem|p1b: Dragonite|Lum Berry|[eat]\n|-curestatus|p1b: Dragonite|brn|[msg]\n|move|p2b: Garchomp|Earthquake|p1a: Kingambit|[spread] p1a\n|-immune|p2a: Talonflame\n|-immune|p1b: Dragonite\n|-supereffective|p1a: Kingambit\n|-damage|p1a: Kingambit|12\/100\n|-damage|p2b: Garchomp|81\/100|[from] item: Life Orb\n|move|p1a: Kingambit|Assurance|p2b: Garchomp\n|-crit|p2b: Garchomp\n|-damage|p2b: Garchomp|0 fnt\n|-damage|p1a: Kingambit|0 fnt|[from] ability: Rough Skin|[of] p2b: Garchomp\n|faint|p2b: Garchomp\n|faint|p1a: Kingambit\n|\n|upkeep\n|\n|t:|1682265899\n|switch|p2b: Chien-Pao|Chien-Pao, L50|100\/100\n|switch|p1a: Great Tusk|Great Tusk, L50|96\/100\n|-ability|p2b: Chien-Pao|Sword of Ruin\n|turn|3\n|inactive|Dunkler Georg has 30 seconds left.\n|\n|t:|1682265927\n|-terastallize|p1a: Great Tusk|Steel\n|move|p1b: Dragonite|Extreme Speed|p2b: Chien-Pao\n|-damage|p2b: Chien-Pao|61\/100\n|move|p2b: Chien-Pao|Ice Spinner|p1b: Dragonite\n|-supereffective|p1b: Dragonite\n|-damage|p1b: Dragonite|0 fnt\n|faint|p1b: Dragonite\n|move|p2a: Talonflame|Will-O-Wisp|p1a: Great Tusk\n|-status|p1a: Great Tusk|brn\n|move|p1a: Great Tusk|Rock Slide|p2b: Chien-Pao|[spread] p2a,p2b\n|-supereffective|p2a: Talonflame\n|-crit|p2a: Talonflame\n|-supereffective|p2b: Chien-Pao\n|-damage|p2a: Talonflame|0 fnt\n|-damage|p2b: Chien-Pao|28\/100\n|faint|p2a: Talonflame\n|\n|-damage|p1a: Great Tusk|90\/100 brn|[from] brn\n|upkeep\n|\n|t:|1682265940\n|switch|p2a: Iron Hands|Iron Hands, L50|100\/100\n|switch|p1b: Iron Bundle|Iron Bundle, L50|100\/100\n|-enditem|p1b: Iron Bundle|Booster Energy\n|-activate|p1b: Iron Bundle|ability: Quark Drive|[fromitem]\n|-start|p1b: Iron Bundle|quarkdrivespe\n|turn|4\n|inactive|Dunkler Georg has 30 seconds left.\n|j| Axior\n|inactive|Dunkler Georg has 20 seconds left.\n|\n|t:|1682265979\n|move|p2b: Chien-Pao|Sacred Sword|p1a: Great Tusk\n|-supereffective|p1a: Great Tusk\n|-damage|p1a: Great Tusk|32\/100 brn\n|move|p1b: Iron Bundle|Hydro Pump|p2a: Iron Hands\n|-damage|p2a: Iron Hands|73\/100\n|move|p1a: Great Tusk|Rock Slide|p2b: Chien-Pao|[spread] p2a,p2b\n|-resisted|p2a: Iron Hands\n|-supereffective|p2b: Chien-Pao\n|-damage|p2a: Iron Hands|69\/100\n|-damage|p2b: Chien-Pao|0 fnt\n|faint|p2b: Chien-Pao\n|move|p2a: Iron Hands|Wild Charge|p1b: Iron Bundle\n|-supereffective|p1b: Iron Bundle\n|-damage|p1b: Iron Bundle|0 fnt\n|faint|p1b: Iron Bundle\n|-end|p1b: Iron Bundle|Quark Drive|[silent]\n|-damage|p2a: Iron Hands|55\/100|[from] Recoil\n|\n|-damage|p1a: Great Tusk|27\/100 brn|[from] brn\n|-sideend|p2: Dunkler Georg|move: Tailwind\n|upkeep\n|turn|5\n|j| SnorlaxatemyDimSum\n|\n|t:|1682265990\n|move|p1a: Great Tusk|Rock Slide|p2a: Iron Hands\n|-resisted|p2a: Iron Hands\n|-damage|p2a: Iron Hands|50\/100\n|cant|p2a: Iron Hands|flinch\n|\n|-damage|p1a: Great Tusk|21\/100 brn|[from] brn\n|upkeep\n|turn|6\n|-message|InkVG forfeited.\n|\n|win|Dunkler Georg\n|c|\u2606InkVG|gg\n|c|\u2606Dunkler Georg|gg\n|l| pokeway96\n|j| globaleuitdaging\n|j| duckpond\n|j| toilet friend\n","uploadtime":1682266110,"views":19,"p1id":"inkvg","p2id":"dunklergeorg","formatid":"gen9vgc2023regulationc","rating":0,"private":0,"password":""}