{"id":"gen9vgc2023regulationc-1857843815","p1":"BenD870","p2":"Kyogre Canucks","format":"[Gen 9] VGC 2023 Regulation C","log":"|j|\u2606BenD870\n|j|\u2606Kyogre Canucks\n|t:|1683237906\n|gametype|doubles\n|player|p1|BenD870|170|\n|player|p2|Kyogre Canucks|flannery|\n|teamsize|p1|6\n|teamsize|p2|6\n|gen|9\n|tier|[Gen 9] VGC 2023 Regulation C\n|rule|Species Clause: Limit one of each Pok\u00e9mon\n|rule|Item Clause: Limit one of each item\n|clearpoke\n|poke|p1|Veluza, L50, F|\n|poke|p1|Vivillon-Fancy, L50, M|\n|poke|p1|Chi-Yu, L50|\n|poke|p1|Iron Bundle, L50|\n|poke|p1|Rotom, L50|\n|poke|p1|Flamigo, L50, F|\n|poke|p2|Sunflora, L50, M|\n|poke|p2|Torkoal, L50, F|\n|poke|p2|Oranguru, L50, F|\n|poke|p2|Toedscool, L50, M|\n|poke|p2|Great Tusk, L50|\n|poke|p2|Umbreon, L50, M|\n|teampreview|4\n|c|\u2606Kyogre Canucks|g2\nBenD870 rejected open team sheets.\n|j| thedistortionzone\n|j| SusJingles\n|c| SusJingles|Sussy bakas\n|c|\u2606BenD870|Glhf!\n|c|\u2606Kyogre Canucks|glhf\n|j| Memebasedgod\n|c| thedistortionzone|go back to reading kivo\n|c| SusJingles|SussyShadow\n|\n|t:|1683238300\n|start\n|switch|p1a: Chi-Yu|Chi-Yu, L50|100\/100\n|switch|p1b: Iron Bundle|Iron Bundle, L50|100\/100\n|switch|p2a: JIMBO|Umbreon, L50, M|100\/100\n|switch|p2b: Before I Forget|Oranguru, L50, F|100\/100\n|-ability|p1a: Chi-Yu|Beads of Ruin\n|-enditem|p1b: Iron Bundle|Booster Energy\n|-activate|p1b: Iron Bundle|ability: Quark Drive|[fromitem]\n|-start|p1b: Iron Bundle|quarkdrivespe\n|turn|1\n|\n|t:|1683238322\n|move|p2b: Before I Forget|Protect|p2b: Before I Forget\n|-singleturn|p2b: Before I Forget|Protect\n|move|p1b: Iron Bundle|Freeze-Dry|p2b: Before I Forget\n|-activate|p2b: Before I Forget|move: Protect\n|move|p1a: Chi-Yu|Heat Wave|p2a: JIMBO|[spread] p2a\n|-activate|p2b: Before I Forget|move: Protect\n|-damage|p2a: JIMBO|57\/100\n|move|p2a: JIMBO|Snarl|p1b: Iron Bundle|[spread] p1a,p1b\n|-resisted|p1a: Chi-Yu\n|-damage|p1a: Chi-Yu|95\/100\n|-damage|p1b: Iron Bundle|75\/100\n|-unboost|p1a: Chi-Yu|spa|1\n|-unboost|p1b: Iron Bundle|spa|1\n|\n|upkeep\n|turn|2\n|\n|t:|1683238340\n|move|p1b: Iron Bundle|Freeze-Dry|p2a: JIMBO\n|-damage|p2a: JIMBO|39\/100\n|-enditem|p2a: JIMBO|Sitrus Berry|[eat]\n|-heal|p2a: JIMBO|64\/100|[from] item: Sitrus Berry\n|move|p1a: Chi-Yu|Heat Wave|p2a: JIMBO|[spread] p2a,p2b\n|-damage|p2a: JIMBO|33\/100\n|-damage|p2b: Before I Forget|70\/100\n|move|p2a: JIMBO|Snarl|p1b: Iron Bundle|[spread] p1a,p1b\n|-resisted|p1a: Chi-Yu\n|-damage|p1a: Chi-Yu|90\/100\n|-damage|p1b: Iron Bundle|52\/100\n|-unboost|p1a: Chi-Yu|spa|1\n|-unboost|p1b: Iron Bundle|spa|1\n|move|p2b: Before I Forget|Trick Room|p2b: Before I Forget\n|-fieldstart|move: Trick Room|[of] p2b: Before I Forget\n|\n|upkeep\n|turn|3\n|\n|t:|1683238365\n|switch|p1a: Vivillon|Vivillon-Fancy, L50, M|100\/100\n|-end|p1b: Iron Bundle|Quark Drive|[silent]\n|switch|p1b: Veluza|Veluza, L50, F|100\/100\n|move|p2b: Before I Forget|Instruct|p2a: JIMBO\n|-singleturn|p2a: JIMBO|move: Instruct|[of] p2b: Before I Forget\n|move|p2a: JIMBO|Snarl|p1a: Vivillon|[spread] p1a,p1b\n|-supereffective|p1b: Veluza\n|-damage|p1a: Vivillon|81\/100\n|-damage|p1b: Veluza|73\/100\n|-unboost|p1a: Vivillon|spa|1\n|-unboost|p1b: Veluza|spa|1\n|move|p2a: JIMBO|Foul Play|p1b: Veluza\n|-supereffective|p1b: Veluza\n|-crit|p1b: Veluza\n|-damage|p1b: Veluza|0 fnt\n|faint|p1b: Veluza\n|\n|upkeep\n|\n|t:|1683238383\n|switch|p1b: Iron Bundle|Iron Bundle, L50|52\/100\n|turn|4\n|\n|t:|1683238393\n|move|p1b: Iron Bundle|Protect|p1b: Iron Bundle\n|-singleturn|p1b: Iron Bundle|Protect\n|move|p2b: Before I Forget|Instruct|p2a: JIMBO\n|-singleturn|p2a: JIMBO|move: Instruct|[of] p2b: Before I Forget\n|move|p2a: JIMBO|Foul Play|p1b: Iron Bundle\n|-activate|p1b: Iron Bundle|move: Protect\n|move|p2a: JIMBO|Snarl|p1a: Vivillon|[spread] p1a\n|-activate|p1b: Iron Bundle|move: Protect\n|-damage|p1a: Vivillon|63\/100\n|-unboost|p1a: Vivillon|spa|1\n|move|p1a: Vivillon|Sleep Powder|p2a: JIMBO\n|-status|p2a: JIMBO|slp|[from] move: Sleep Powder\n|\n|upkeep\n|turn|5\n|\n|t:|1683238427\n|-terastallize|p1b: Iron Bundle|Ground\n|move|p1a: Vivillon|Rage Powder|p1a: Vivillon\n|-singleturn|p1a: Vivillon|move: Rage Powder\n|move|p2b: Before I Forget|Foul Play|p1b: Iron Bundle\n|-damage|p1b: Iron Bundle|35\/100\n|cant|p2a: JIMBO|slp\n|move|p1b: Iron Bundle|Tera Blast|p2a: JIMBO\n|-damage|p2a: JIMBO|9\/100 slp\n|\n|upkeep\n|turn|6\n|\n|t:|1683238443\n|move|p1b: Iron Bundle|Protect|p1b: Iron Bundle\n|-singleturn|p1b: Iron Bundle|Protect\n|move|p2b: Before I Forget|Instruct|p2a: JIMBO\n|-singleturn|p2a: JIMBO|move: Instruct|[of] p2b: Before I Forget\n|cant|p2a: JIMBO|slp\n|-curestatus|p2a: JIMBO|slp|[msg]\n|move|p2a: JIMBO|Snarl|p1a: Vivillon|[spread] p1a\n|-activate|p1b: Iron Bundle|move: Protect\n|-damage|p1a: Vivillon|44\/100\n|-unboost|p1a: Vivillon|spa|1\n|move|p1a: Vivillon|Sleep Powder|p2b: Before I Forget\n|-activate|p2b: Before I Forget|item: Safety Goggles|Sleep Powder\n|\n|-fieldend|move: Trick Room\n|upkeep\n|turn|7\n|c|\u2606BenD870|I\u2019m so dumb lmao\n|j| Toronto 6ix\n|j| xay_fresh1\n|\n|t:|1683238490\n|switch|p1a: Chi-Yu|Chi-Yu, L50|90\/100\n|-ability|p1a: Chi-Yu|Beads of Ruin\n|move|p1b: Iron Bundle|Freeze-Dry|p2a: JIMBO\n|-damage|p2a: JIMBO|0 fnt\n|faint|p2a: JIMBO\n|move|p2b: Before I Forget|Trick Room|p2b: Before I Forget\n|-fieldstart|move: Trick Room|[of] p2b: Before I Forget\n|\n|upkeep\n|c|\u2606BenD870|Gg\n|\n|t:|1683238495\n|switch|p2a: Undefeatable|Torkoal, L50, F|100\/100\n|-weather|SunnyDay|[from] ability: Drought|[of] p2a: Undefeatable\n|turn|8\n|c|\u2606Kyogre Canucks|gg\n|c|\u2606Kyogre Canucks|Just play it out though\n|\n|t:|1683238518\n|-terastallize|p2a: Undefeatable|Fire\n|move|p1b: Iron Bundle|Protect|p1b: Iron Bundle\n|-singleturn|p1b: Iron Bundle|Protect\n|move|p2a: Undefeatable|Eruption|p1a: Chi-Yu|[spread] p1a\n|-activate|p1b: Iron Bundle|move: Protect\n|-resisted|p1a: Chi-Yu\n|-damage|p1a: Chi-Yu|24\/100\n|move|p2b: Before I Forget|Instruct|p2a: Undefeatable\n|-singleturn|p2a: Undefeatable|move: Instruct|[of] p2b: Before I Forget\n|move|p2a: Undefeatable|Eruption|p1b: Iron Bundle|[spread] p1a\n|-activate|p1b: Iron Bundle|move: Protect\n|-resisted|p1a: Chi-Yu\n|-damage|p1a: Chi-Yu|0 fnt\n|faint|p1a: Chi-Yu\n|\n|-weather|SunnyDay|[upkeep]\n|upkeep\n|\n|t:|1683238522\n|switch|p1a: Vivillon|Vivillon-Fancy, L50, M|44\/100\n|turn|9\n|\n|t:|1683238531\n|move|p2a: Undefeatable|Eruption|p1b: Iron Bundle|[spread] p1a,p1b\n|-supereffective|p1a: Vivillon\n|-damage|p1a: Vivillon|0 fnt\n|-damage|p1b: Iron Bundle|0 fnt\n|faint|p1a: Vivillon\n|faint|p1b: Iron Bundle\n|-end|p1b: Iron Bundle|Quark Drive|[silent]\n|\n|win|Kyogre Canucks\n|l| SusJingles\n","uploadtime":1683238534,"views":11,"p1id":"bend870","p2id":"kyogrecanucks","formatid":"gen9vgc2023regulationc","rating":0,"private":0,"password":""}