{"id":"gen9vgc2023regulationc-1851623680","p1":"GoodUnity-YT","p2":"Haxxson","format":"[Gen 9] VGC 2023 Regulation C","log":"|j|\u2606GoodUnity-YT\n|j|\u2606Haxxson\n|t:|1682462452\n|gametype|doubles\n|player|p1|GoodUnity-YT|265|1133\n|player|p2|Haxxson|colress|1090\n|teamsize|p1|6\n|teamsize|p2|6\n|gen|9\n|tier|[Gen 9] VGC 2023 Regulation C\n|rated|\n|rule|Species Clause: Limit one of each Pok\u00e9mon\n|rule|Item Clause: Limit one of each item\n|clearpoke\n|poke|p1|Vaporeon, L50, F|\n|poke|p1|Arcanine, L50, F|\n|poke|p1|Sableye, L50, F|\n|poke|p1|Flutter Mane, L50|\n|poke|p1|Wo-Chien, L50|\n|poke|p1|Glimmora, L50, M|\n|poke|p2|Jumpluff, L50, M|\n|poke|p2|Volcarona, L50, M|\n|poke|p2|Krookodile, L50, M|\n|poke|p2|Annihilape, L50, M|\n|poke|p2|Rabsca, L50, F|\n|poke|p2|Jolteon, L50, F|\n|teampreview|4\n|inactive|Battle timer is ON: inactive players will automatically lose when time's up. (requested by Haxxson)\nGoodUnity-YT has agreed to open team sheets.\nHaxxson has agreed to open team sheets.\n|inactive|GoodUnity-YT has 60 seconds left.\n|inactive|Haxxson has 60 seconds left.\n|inactive|Haxxson has 30 seconds left.\n|\n|t:|1682462521\n|start\n|switch|p1a: Wo-Chien|Wo-Chien, L50|100\/100\n|switch|p1b: Glimmora|Glimmora, L50, M|100\/100\n|switch|p2a: McNulty|Jolteon, L50, F|100\/100\n|switch|p2b: Omar|Annihilape, L50, M|100\/100\n|-ability|p1a: Wo-Chien|Tablets of Ruin\n|turn|1\n|\n|t:|1682462540\n|-terastallize|p1a: Wo-Chien|Poison\n|move|p2a: McNulty|Light Screen|p2a: McNulty\n|-sidestart|p2: Haxxson|move: Light Screen\n|move|p2b: Omar|Taunt|p1a: Wo-Chien\n|-start|p1a: Wo-Chien|move: Taunt\n|move|p1b: Glimmora|Mortal Spin|p2a: McNulty|[spread] p2a,p2b\n|-resisted|p2b: Omar\n|-damage|p2a: McNulty|94\/100\n|-damage|p2b: Omar|99\/100\n|-status|p2b: Omar|psn\n|cant|p1a: Wo-Chien|move: Taunt|Leech Seed\n|\n|-heal|p2b: Omar|100\/100 psn|[from] item: Leftovers\n|-damage|p2b: Omar|88\/100 psn|[from] psn\n|upkeep\n|turn|2\n|inactive|GoodUnity-YT has 30 seconds left.\n|inactive|Haxxson has 30 seconds left.\n|inactive|GoodUnity-YT has 20 seconds left.\n|inactive|GoodUnity-YT has 15 seconds left.\n|inactive|GoodUnity-YT has 10 seconds left.\n|\n|t:|1682462590\n|switch|p1a: Arcanine|Arcanine, L50, F|100\/100\n|-ability|p1a: Arcanine|Intimidate|boost\n|-unboost|p2a: McNulty|atk|1\n|-unboost|p2b: Omar|atk|1\n|move|p2a: McNulty|Pin Missile|p2b: Omar|[miss]\n|-miss|p2a: McNulty|p2b: Omar\n|move|p2b: Omar|Rage Fist|p1b: Glimmora\n|-damage|p1b: Glimmora|81\/100\n|-activate|p1b: Glimmora|ability: Toxic Debris\n|-sidestart|p2: Haxxson|move: Toxic Spikes\n|move|p1b: Glimmora|Earth Power|p2a: McNulty\n|-supereffective|p2a: McNulty\n|-damage|p2a: McNulty|51\/100\n|\n|-heal|p2b: Omar|94\/100 psn|[from] item: Leftovers\n|-damage|p2b: Omar|82\/100 psn|[from] psn\n|upkeep\n|turn|3\n|inactive|GoodUnity-YT has 30 seconds left.\n|inactive|Haxxson has 30 seconds left.\n|inactive|GoodUnity-YT has 20 seconds left.\n|\n|t:|1682462629\n|move|p1a: Arcanine|Protect|p1a: Arcanine\n|-singleturn|p1a: Arcanine|Protect\n|move|p2a: McNulty|Pin Missile|p2b: Omar\n|-resisted|p2b: Omar\n|-damage|p2b: Omar|81\/100 psn\n|-resisted|p2b: Omar\n|-damage|p2b: Omar|81\/100 psn\n|-resisted|p2b: Omar\n|-damage|p2b: Omar|80\/100 psn\n|-hitcount|p2b: Omar|3\n|move|p2b: Omar|Rage Fist|p1a: Arcanine\n|-activate|p1a: Arcanine|move: Protect\n|move|p1b: Glimmora|Sludge Wave|p2b: Omar|[spread] p2a,p2b\n|-activate|p1a: Arcanine|move: Protect\n|-resisted|p2b: Omar\n|-damage|p2a: McNulty|24\/100\n|-damage|p2b: Omar|71\/100 psn\n|\n|-heal|p2b: Omar|77\/100 psn|[from] item: Leftovers\n|-damage|p2b: Omar|65\/100 psn|[from] psn\n|upkeep\n|turn|4\n|\n|t:|1682462654\n|switch|p2a: Bubbles|Jumpluff, L50, M|100\/100\n|move|p1a: Arcanine|Flare Blitz|p2b: Omar\n|-damage|p2b: Omar|27\/100 psn\n|-damage|p1a: Arcanine|87\/100|[from] Recoil\n|move|p2b: Omar|Rage Fist|p1b: Glimmora\n|-damage|p1b: Glimmora|10\/100\n|-activate|p1b: Glimmora|ability: Toxic Debris\n|-sidestart|p2: Haxxson|move: Toxic Spikes\n|move|p1b: Glimmora|Earth Power|p2a: Bubbles\n|-immune|p2a: Bubbles\n|\n|-heal|p2b: Omar|33\/100 psn|[from] item: Leftovers\n|-damage|p2b: Omar|21\/100 psn|[from] psn\n|upkeep\n|turn|5\n|inactive|Haxxson has 30 seconds left.\n|\n|t:|1682462682\n|move|p1a: Arcanine|Protect|p1a: Arcanine\n|-singleturn|p1a: Arcanine|Protect\n|move|p2a: Bubbles|Pollen Puff|p2b: Omar\n|-heal|p2b: Omar|71\/100 psn\n|move|p2b: Omar|Rage Fist|p1a: Arcanine\n|-activate|p1a: Arcanine|move: Protect\n|move|p1b: Glimmora|Mortal Spin|p2a: Bubbles|[spread] p2a,p2b\n|-supereffective|p2a: Bubbles\n|-resisted|p2b: Omar\n|-damage|p2a: Bubbles|90\/100\n|-damage|p2b: Omar|69\/100 psn\n|-status|p2a: Bubbles|psn\n|\n|-heal|p2b: Omar|75\/100 psn|[from] item: Leftovers\n|-damage|p2a: Bubbles|77\/100 psn|[from] psn\n|-damage|p2b: Omar|63\/100 psn|[from] psn\n|-sideend|p2: Haxxson|move: Light Screen\n|upkeep\n|turn|6\n|inactive|GoodUnity-YT has 30 seconds left.\n|inactive|Haxxson has 30 seconds left.\n|\n|t:|1682462714\n|switch|p1a: Wo-Chien|Wo-Chien, L50, tera:Poison|100\/100\n|-ability|p1a: Wo-Chien|Tablets of Ruin\n|move|p2a: Bubbles|Reflect|p2a: Bubbles\n|-sidestart|p2: Haxxson|Reflect\n|move|p2b: Omar|Rage Fist|p1a: Wo-Chien\n|-damage|p1a: Wo-Chien|47\/100\n|-damage|p2b: Omar|46\/100 psn|[from] item: Rocky Helmet|[of] p1a: Wo-Chien\n|move|p1b: Glimmora|Earth Power|p2b: Omar\n|-damage|p2b: Omar|23\/100 psn\n|\n|-heal|p2b: Omar|29\/100 psn|[from] item: Leftovers\n|-damage|p2a: Bubbles|65\/100 psn|[from] psn\n|-damage|p2b: Omar|16\/100 psn|[from] psn\n|upkeep\n|turn|7\n|inactive|Haxxson has 30 seconds left.\n|\n|t:|1682462741\n|move|p2a: Bubbles|Pollen Puff|p2b: Omar\n|-heal|p2b: Omar|66\/100 psn\n|move|p2b: Omar|Taunt|p1a: Wo-Chien\n|-start|p1a: Wo-Chien|move: Taunt\n|move|p1b: Glimmora|Earth Power|p2b: Omar\n|-damage|p2b: Omar|43\/100 psn\n|move|p1a: Wo-Chien|Giga Drain|p2b: Omar\n|-damage|p2b: Omar|21\/100 psn\n|-heal|p1a: Wo-Chien|59\/100|[from] drain|[of] p2b: Omar\n|\n|-heal|p2b: Omar|27\/100 psn|[from] item: Leftovers\n|-damage|p2a: Bubbles|53\/100 psn|[from] psn\n|-damage|p2b: Omar|15\/100 psn|[from] psn\n|upkeep\n|turn|8\n|inactive|Haxxson has 30 seconds left.\n|\n|t:|1682462769\n|move|p2a: Bubbles|Pollen Puff|p2b: Omar\n|-heal|p2b: Omar|65\/100 psn\n|move|p2b: Omar|Rage Fist|p1a: Wo-Chien\n|-damage|p1a: Wo-Chien|9\/100\n|-damage|p2b: Omar|49\/100 psn|[from] item: Rocky Helmet|[of] p1a: Wo-Chien\n|move|p1b: Glimmora|Sludge Wave|p2a: Bubbles|[spread] p1a,p2a,p2b\n|-resisted|p1a: Wo-Chien\n|-supereffective|p2a: Bubbles\n|-resisted|p2b: Omar\n|-damage|p1a: Wo-Chien|0 fnt\n|-damage|p2a: Bubbles|0 fnt\n|-damage|p2b: Omar|35\/100 psn\n|faint|p1a: Wo-Chien\n|faint|p2a: Bubbles\n|\n|-heal|p2b: Omar|41\/100 psn|[from] item: Leftovers\n|-damage|p2b: Omar|28\/100 psn|[from] psn\n|upkeep\n|\n|t:|1682462785\n|switch|p2a: McNulty|Jolteon, L50, F|24\/100\n|switch|p1a: Flutter Mane|Flutter Mane, L50|100\/100\n|-status|p2a: McNulty|tox\n|turn|9\n|inactive|Haxxson has 30 seconds left.\n|\n|t:|1682462811\n|move|p2b: Omar|Protect|p2b: Omar\n|-singleturn|p2b: Omar|Protect\n|move|p1a: Flutter Mane|Hex|p2b: Omar\n|-activate|p2b: Omar|move: Protect\n|move|p2a: McNulty|Light Screen|p2a: McNulty\n|-sidestart|p2: Haxxson|move: Light Screen\n|move|p1b: Glimmora|Earth Power|p2a: McNulty\n|-supereffective|p2a: McNulty\n|-damage|p2a: McNulty|0 fnt\n|faint|p2a: McNulty\n|\n|-heal|p2b: Omar|35\/100 psn|[from] item: Leftovers\n|-damage|p2b: Omar|22\/100 psn|[from] psn\n|upkeep\n|\n|t:|1682462823\n|switch|p2a: Bunk|Volcarona, L50, M|100\/100\n|-status|p2a: Bunk|tox\n|turn|10\n|\n|t:|1682462834\n|move|p2a: Bunk|Rage Powder|p2a: Bunk\n|-singleturn|p2a: Bunk|move: Rage Powder\n|move|p1a: Flutter Mane|Hex|p2a: Bunk\n|-damage|p2a: Bunk|37\/100 tox\n|-enditem|p2a: Bunk|Sitrus Berry|[eat]\n|-heal|p2a: Bunk|62\/100 tox|[from] item: Sitrus Berry\n|move|p2b: Omar|Rage Fist|p1a: Flutter Mane\n|-supereffective|p1a: Flutter Mane\n|-damage|p1a: Flutter Mane|0 fnt\n|faint|p1a: Flutter Mane\n|-end|p1a: Flutter Mane|Protosynthesis|[silent]\n|move|p1b: Glimmora|Earth Power|p2a: Bunk\n|-damage|p2a: Bunk|46\/100 tox\n|\n|-heal|p2b: Omar|28\/100 psn|[from] item: Leftovers\n|-damage|p2a: Bunk|40\/100 tox|[from] psn\n|-damage|p2b: Omar|16\/100 psn|[from] psn\n|-sideend|p2: Haxxson|Reflect\n|upkeep\n|\n|t:|1682462842\n|switch|p1a: Arcanine|Arcanine, L50, F|87\/100\n|-ability|p1a: Arcanine|Intimidate|boost\n|-unboost|p2a: Bunk|atk|1\n|-unboost|p2b: Omar|atk|1\n|turn|11\n|inactive|Haxxson has 30 seconds left.\n|\n|t:|1682462875\n|move|p2a: Bunk|Struggle Bug|p1b: Glimmora|[spread] p1a,p1b\n|-resisted|p1a: Arcanine\n|-resisted|p1b: Glimmora\n|-damage|p1a: Arcanine|81\/100\n|-damage|p1b: Glimmora|3\/100\n|-unboost|p1a: Arcanine|spa|1\n|-unboost|p1b: Glimmora|spa|1\n|move|p1a: Arcanine|Flare Blitz|p2a: Bunk\n|-damage|p2a: Bunk|0 fnt\n|faint|p2a: Bunk\n|-damage|p1a: Arcanine|68\/100|[from] Recoil\n|move|p2b: Omar|Rage Fist|p1a: Arcanine\n|-damage|p1a: Arcanine|0 fnt\n|faint|p1a: Arcanine\n|move|p1b: Glimmora|Earth Power|p2b: Omar\n|-damage|p2b: Omar|6\/100 psn\n|\n|-heal|p2b: Omar|12\/100 psn|[from] item: Leftovers\n|-damage|p2b: Omar|0 fnt|[from] psn\n|faint|p2b: Omar\n|\n|win|GoodUnity-YT\n|upkeep\n|raw|GoodUnity-YT's rating: 1133 → 1155<\/strong> (+22 for winning)\n|raw|Haxxson's rating: 1090 → 1069<\/strong> (-21 for losing)\n|l|\u2606GoodUnity-YT\n","uploadtime":1682462919,"views":22,"p1id":"goodunityyt","p2id":"haxxson","formatid":"gen9vgc2023regulationc","rating":1069,"private":0,"password":""}