{"id":"gen9vgc2023regulationc-1853218051","p1":"pk-hunter","p2":"Quanxi_irl","format":"[Gen 9] VGC 2023 Regulation C","log":"|j|\u2606pk-hunter\n|j|\u2606Quanxi_irl\n|t:|1682650101\n|gametype|doubles\n|player|p1|pk-hunter|170|1024\n|player|p2|Quanxi_irl|iris-gen5bw2|1019\n|teamsize|p1|4\n|teamsize|p2|6\n|gen|9\n|tier|[Gen 9] VGC 2023 Regulation C\n|rated|\n|rule|Species Clause: Limit one of each Pok\u00e9mon\n|rule|Item Clause: Limit one of each item\n|clearpoke\n|poke|p1|Farigiraf, L50, M|\n|poke|p1|Glimmora, L50, F|\n|poke|p1|Arcanine, L50, M|\n|poke|p1|Dudunsparce-*, L50, M|\n|poke|p2|Brambleghast, L50, F|\n|poke|p2|Talonflame, L50, M|\n|poke|p2|Amoonguss, L50, F|\n|poke|p2|Tinkaton, L50, F|\n|poke|p2|Kilowattrel, L50, F|\n|poke|p2|Pelipper, L50, F|\n|teampreview|4\npk-hunter rejected open team sheets.\n|\n|t:|1682650131\n|start\n|switch|p1a: Arcanine|Arcanine, L50, M|100\/100\n|switch|p1b: Glimmora|Glimmora, L50, F|100\/100\n|switch|p2a: Brambleghast|Brambleghast, L50, F, shiny|100\/100\n|switch|p2b: Talonflame|Talonflame, L50, M|100\/100\n|-ability|p1a: Arcanine|Intimidate|boost\n|-unboost|p2a: Brambleghast|atk|1\n|-unboost|p2b: Talonflame|atk|1\n|turn|1\n|\n|t:|1682650166\n|move|p2a: Brambleghast|Protect|p2a: Brambleghast\n|-singleturn|p2a: Brambleghast|Protect\n|move|p2b: Talonflame|Tailwind|p2b: Talonflame\n|-sidestart|p2: Quanxi_irl|move: Tailwind\n|-ability|p2a: Brambleghast|Wind Rider|boost\n|-boost|p2a: Brambleghast|atk|1\n|move|p1a: Arcanine|Flare Blitz|p2a: Brambleghast\n|-activate|p2a: Brambleghast|move: Protect\n|move|p1b: Glimmora|Power Gem|p2b: Talonflame\n|-supereffective|p2b: Talonflame\n|-damage|p2b: Talonflame|0 fnt\n|faint|p2b: Talonflame\n|\n|upkeep\n|\n|t:|1682650179\n|switch|p2b: Tinkaton|Tinkaton, L50, F|100\/100\n|-ability|p2b: Tinkaton|Mold Breaker\n|turn|2\n|\n|t:|1682650191\n|move|p1a: Arcanine|Protect|p1a: Arcanine\n|-singleturn|p1a: Arcanine|Protect\n|move|p1b: Glimmora|Protect|p1b: Glimmora\n|-singleturn|p1b: Glimmora|Protect\n|move|p2b: Tinkaton|Fairy Wind|p2a: Brambleghast\n|-ability|p2a: Brambleghast|Wind Rider|boost\n|-boost|p2a: Brambleghast|atk|1\n|move|p2a: Brambleghast|Phantom Force||[still]\n|-prepare|p2a: Brambleghast|Phantom Force\n|\n|upkeep\n|turn|3\n|\n|t:|1682650216\n|move|p2b: Tinkaton|Encore|p1a: Arcanine\n|-start|p1a: Arcanine|Encore\n|move|p2a: Brambleghast|Phantom Force|p1a: Arcanine|[from]lockedmove\n|-damage|p1a: Arcanine|31\/100\n|move|p1a: Arcanine|Protect||[still]\n|-fail|p1a: Arcanine\n|move|p1b: Glimmora|Mortal Spin|p2b: Tinkaton|[spread] p2a\n|-immune|p2b: Tinkaton\n|-damage|p2a: Brambleghast|93\/100\n|-status|p2a: Brambleghast|psn\n|\n|-damage|p2a: Brambleghast|80\/100 psn|[from] psn\n|upkeep\n|turn|4\n|\n|t:|1682650247\n|-terastallize|p2a: Brambleghast|Dark\n|move|p1a: Arcanine|Protect|p1a: Arcanine\n|-singleturn|p1a: Arcanine|Protect\n|move|p1b: Glimmora|Protect|p1b: Glimmora\n|-singleturn|p1b: Glimmora|Protect\n|move|p2b: Tinkaton|Fairy Wind|p2a: Brambleghast\n|-ability|p2a: Brambleghast|Wind Rider|boost\n|-boost|p2a: Brambleghast|atk|1\n|move|p2a: Brambleghast|Phantom Force||[still]\n|-prepare|p2a: Brambleghast|Phantom Force\n|\n|-damage|p2a: Brambleghast|68\/100 psn|[from] psn\n|-sideend|p2: Quanxi_irl|move: Tailwind\n|upkeep\n|turn|5\n|c|\u2606Quanxi_irl|i forgot abt my own tech!\n|\n|t:|1682650284\n|move|p1a: Arcanine|Protect|p1a: Arcanine\n|-singleturn|p1a: Arcanine|Protect\n|move|p1b: Glimmora|Protect||[still]\n|-fail|p1b: Glimmora\n|move|p2b: Tinkaton|Encore|p1b: Glimmora\n|-start|p1b: Glimmora|Encore\n|move|p2a: Brambleghast|Phantom Force|p1b: Glimmora|[from]lockedmove\n|-damage|p1b: Glimmora|38\/100\n|-activate|p1b: Glimmora|ability: Toxic Debris\n|-sidestart|p2: Quanxi_irl|move: Toxic Spikes\n|\n|-heal|p1b: Glimmora|44\/100|[from] item: Leftovers\n|-damage|p2a: Brambleghast|56\/100 psn|[from] psn\n|-end|p1a: Arcanine|Encore\n|upkeep\n|turn|6\n|c|\u2606pk-hunter|that fairy wind tech is nice\n|c|\u2606Quanxi_irl|tyyy\n|\n|t:|1682650314\n|move|p1b: Glimmora|Protect|p1b: Glimmora\n|-singleturn|p1b: Glimmora|Protect\n|move|p2b: Tinkaton|Gigaton Hammer|p1b: Glimmora\n|-activate|p1b: Glimmora|move: Protect\n|move|p2a: Brambleghast|Phantom Force||[still]\n|-prepare|p2a: Brambleghast|Phantom Force\n|move|p1a: Arcanine|Close Combat|p2b: Tinkaton\n|-damage|p2b: Tinkaton|62\/100\n|-unboost|p1a: Arcanine|def|1\n|-unboost|p1a: Arcanine|spd|1\n|-enditem|p1a: Arcanine|White Herb\n|-clearnegativeboost|p1a: Arcanine|[silent]\n|\n|-heal|p1b: Glimmora|50\/100|[from] item: Leftovers\n|-damage|p2a: Brambleghast|44\/100 psn|[from] psn\n|upkeep\n|turn|7\n|\n|t:|1682650338\n|move|p1b: Glimmora|Protect||[still]\n|-fail|p1b: Glimmora\n|move|p2b: Tinkaton|Thunder Wave|p1a: Arcanine\n|-status|p1a: Arcanine|par\n|move|p2a: Brambleghast|Phantom Force|p1a: Arcanine|[from]lockedmove\n|-damage|p1a: Arcanine|0 fnt\n|faint|p1a: Arcanine\n|\n|-heal|p1b: Glimmora|56\/100|[from] item: Leftovers\n|-damage|p2a: Brambleghast|31\/100 psn|[from] psn\n|upkeep\n|\n|t:|1682650353\n|switch|p1a: Farigiraf|Farigiraf, L50, M|100\/100\n|turn|8\n|\n|t:|1682650364\n|move|p1b: Glimmora|Protect|p1b: Glimmora\n|-singleturn|p1b: Glimmora|Protect\n|move|p2b: Tinkaton|Gigaton Hammer|p1a: Farigiraf\n|-damage|p1a: Farigiraf|41\/100\n|move|p2a: Brambleghast|Phantom Force||[still]\n|-prepare|p2a: Brambleghast|Phantom Force\n|move|p1a: Farigiraf|Trick Room|p1a: Farigiraf\n|-fieldstart|move: Trick Room|[of] p1a: Farigiraf\n|\n|-heal|p1b: Glimmora|62\/100|[from] item: Leftovers\n|-damage|p2a: Brambleghast|19\/100 psn|[from] psn\n|-end|p1b: Glimmora|Encore\n|upkeep\n|turn|9\n|\n|t:|1682650387\n|move|p1a: Farigiraf|Hyper Voice|p2a: Brambleghast|[spread] p2b\n|-miss|p1a: Farigiraf|p2a: Brambleghast\n|-resisted|p2b: Tinkaton\n|-damage|p2b: Tinkaton|50\/100\n|move|p1b: Glimmora|Power Gem|p2a: Brambleghast|[miss]\n|-miss|p1b: Glimmora|p2a: Brambleghast\n|move|p2a: Brambleghast|Phantom Force|p1b: Glimmora|[from]lockedmove\n|-damage|p1b: Glimmora|0 fnt\n|-activate|p1b: Glimmora|ability: Toxic Debris\n|-sidestart|p2: Quanxi_irl|move: Toxic Spikes\n|faint|p1b: Glimmora\n|move|p2b: Tinkaton|Encore|p1a: Farigiraf\n|-start|p1a: Farigiraf|Encore\n|\n|-damage|p2a: Brambleghast|7\/100 psn|[from] psn\n|upkeep\n|c|\u2606pk-hunter|im trying to get back into the game i went off on a retro game tangient lol now i wanna compete again\n|\n|t:|1682650423\n|switch|p1b: Dudunsparce|Dudunsparce-Three-Segment, L50, M|100\/100\n|turn|10\n|\n|t:|1682650440\n|move|p1a: Farigiraf|Hyper Voice|p2a: Brambleghast|[spread] p2a,p2b\n|-resisted|p2b: Tinkaton\n|-damage|p2a: Brambleghast|0 fnt\n|-damage|p2b: Tinkaton|40\/100\n|faint|p2a: Brambleghast\n|move|p1b: Dudunsparce|Hyper Voice|p2b: Tinkaton\n|-resisted|p2b: Tinkaton\n|-damage|p2b: Tinkaton|24\/100\n|move|p2b: Tinkaton|Fairy Wind|p2: Brambleghast|[notarget]\n|-fail|p2b: Tinkaton\n|\n|upkeep\n|\n|t:|1682650450\n|switch|p2a: Amoonguss|Amoonguss, L50, F, shiny|100\/100\n|-sideend|p2: Quanxi_irl|move: Toxic Spikes|[of] p2a: Amoonguss\n|turn|11\n|\n|t:|1682650469\n|move|p2a: Amoonguss|Pollen Puff|p2b: Tinkaton\n|-heal|p2b: Tinkaton|74\/100\n|move|p1a: Farigiraf|Hyper Voice|p2a: Amoonguss|[spread] p2a,p2b\n|-resisted|p2b: Tinkaton\n|-crit|p2b: Tinkaton\n|-damage|p2a: Amoonguss|80\/100\n|-damage|p2b: Tinkaton|56\/100\n|move|p1b: Dudunsparce|Hyper Voice|p2b: Tinkaton|[spread] p2a,p2b\n|-resisted|p2b: Tinkaton\n|-damage|p2a: Amoonguss|57\/100\n|-damage|p2b: Tinkaton|43\/100\n|move|p2b: Tinkaton|Gigaton Hammer|p1a: Farigiraf\n|-damage|p1a: Farigiraf|0 fnt\n|faint|p1a: Farigiraf\n|\n|-heal|p2a: Amoonguss|62\/100|[from] item: Leftovers\n|upkeep\n|turn|12\n|c|\u2606Quanxi_irl|u prolly dont wanna compete trust me\n|\n|t:|1682650513\n|move|p2a: Amoonguss|Pollen Puff|p2b: Tinkaton\n|-heal|p2b: Tinkaton|93\/100\n|move|p1b: Dudunsparce|Hex|p2a: Amoonguss\n|-damage|p2a: Amoonguss|48\/100\n|move|p2b: Tinkaton|Fairy Wind|p1b: Dudunsparce\n|-crit|p1b: Dudunsparce\n|-damage|p1b: Dudunsparce|88\/100\n|\n|-heal|p2a: Amoonguss|54\/100|[from] item: Leftovers\n|-fieldend|move: Trick Room\n|upkeep\n|turn|13\n|c|\u2606pk-hunter|i play open team sheet and ladder but i took a month off cause retro games and oras leauge\n|c|\u2606pk-hunter|gg\n|\n|t:|1682650577\n|move|p2b: Tinkaton|Gigaton Hammer|p1b: Dudunsparce\n|-damage|p1b: Dudunsparce|34\/100\n|move|p1b: Dudunsparce|Ancient Power|p2a: Amoonguss\n|-damage|p2a: Amoonguss|39\/100\n|move|p2a: Amoonguss|Pollen Puff|p2b: Tinkaton\n|-heal|p2b: Tinkaton|100\/100\n|\n|-heal|p2a: Amoonguss|45\/100|[from] item: Leftovers\n|upkeep\n|turn|14\n|c|\u2606Quanxi_irl|gg\n|c|\u2606pk-hunter|wanna play my ladder team?\n|c|\u2606pk-hunter|do you have teams on cart?\n|\n|t:|1682650617\n|move|p2b: Tinkaton|Fairy Wind|p1b: Dudunsparce\n|-damage|p1b: Dudunsparce|25\/100\n|move|p1b: Dudunsparce|Hyper Voice|p2b: Tinkaton|[spread] p2a,p2b\n|-resisted|p2b: Tinkaton\n|-damage|p2a: Amoonguss|20\/100\n|-damage|p2b: Tinkaton|89\/100\n|move|p2a: Amoonguss|Pollen Puff|p1b: Dudunsparce\n|-damage|p1b: Dudunsparce|10\/100\n|\n|-heal|p2a: Amoonguss|26\/100|[from] item: Leftovers\n|upkeep\n|turn|15\n|c|\u2606Quanxi_irl|I dont like playing ladder but sure\n|\n|t:|1682650643\n|move|p2b: Tinkaton|Gigaton Hammer|p1b: Dudunsparce\n|-damage|p1b: Dudunsparce|0 fnt\n|faint|p1b: Dudunsparce\n|\n|win|Quanxi_irl\n|raw|pk-hunter's rating: 1024 → 1010<\/strong> (-14 for losing)\n|raw|Quanxi_irl's rating: 1019 → 1057<\/strong> (+38 for winning)\n|c|\u2606pk-hunter|sweet lets give series 1 a go?\n|c|\u2606Quanxi_irl|ok\n|l|\u2606Quanxi_irl\n","uploadtime":1682651467,"views":12,"p1id":"pkhunter","p2id":"quanxiirl","formatid":"gen9vgc2023regulationc","rating":1010,"private":0,"password":""}