{"id":"gen9vgc2023regulationc-1845963322","p1":"stefsaiko87","p2":"itszking","format":"[Gen 9] VGC 2023 Regulation C","log":"|j|\u2606stefsaiko87\n|j|\u2606itszking\n|t:|1681784519\n|gametype|doubles\n|player|p1|stefsaiko87|silver|1122\n|player|p2|itszking|cameraman|1161\n|teamsize|p1|6\n|teamsize|p2|6\n|gen|9\n|tier|[Gen 9] VGC 2023 Regulation C\n|rated|\n|rule|Species Clause: Limit one of each Pok\u00e9mon\n|rule|Item Clause: Limit one of each item\n|clearpoke\n|poke|p1|Palafin, L50, F|\n|poke|p1|Arcanine, L50, F|\n|poke|p1|Amoonguss, L50, F|\n|poke|p1|Ting-Lu, L50|\n|poke|p1|Baxcalibur, L50, F|\n|poke|p1|Flutter Mane, L50|\n|poke|p2|Gastrodon-East, L50, F|\n|poke|p2|Farigiraf, L50, F|\n|poke|p2|Palafin, L50, M|\n|poke|p2|Chi-Yu, L50|\n|poke|p2|Annihilape, L50, F|\n|poke|p2|Amoonguss, L50, M|\n|teampreview|4\n|inactive|Battle timer is ON: inactive players will automatically lose when time's up. (requested by itszking)\n|inactive|itszking has 60 seconds left.\n|\n|t:|1681784550\n|start\n|switch|p1a: Baxcalibur|Baxcalibur, L50, F|100\/100\n|switch|p1b: Palafin|Palafin, L50, F|100\/100\n|switch|p2a: Amoonguss|Amoonguss, L50, M|100\/100\n|switch|p2b: Annihilape|Annihilape, L50, F|100\/100\n|turn|1\n|inactive|stefsaiko87 has 30 seconds left.\n|inactive|stefsaiko87 has 20 seconds left.\n|\n|t:|1681784589\n|detailschange|p1b: Palafin|Palafin-Hero, L50, F\n|switch|p1b: Arcanine|Arcanine, L50, F|100\/100\n|-ability|p1b: Arcanine|Intimidate|boost\n|-unboost|p2a: Amoonguss|atk|1\n|-unboost|p2b: Annihilape|atk|1\n|-ability|p2b: Annihilape|Defiant|boost\n|-boost|p2b: Annihilape|atk|2\n|-terastallize|p1a: Baxcalibur|Poison\n|move|p1a: Baxcalibur|Ice Shard|p2b: Annihilape\n|-damage|p2b: Annihilape|74\/100\n|move|p2b: Annihilape|Bulk Up|p2b: Annihilape\n|-boost|p2b: Annihilape|atk|1\n|-boost|p2b: Annihilape|def|1\n|move|p2a: Amoonguss|Spore|p1b: Arcanine\n|-activate|p1b: Arcanine|item: Safety Goggles|Spore\n|\n|-heal|p2b: Annihilape|80\/100|[from] item: Leftovers\n|upkeep\n|turn|2\n|inactive|stefsaiko87 has 30 seconds left.\n|inactive|itszking has 30 seconds left.\n|\n|t:|1681784616\n|-terastallize|p2b: Annihilape|Fire\n|move|p1a: Baxcalibur|Protect|p1a: Baxcalibur\n|-singleturn|p1a: Baxcalibur|Protect\n|move|p2a: Amoonguss|Protect|p2a: Amoonguss\n|-singleturn|p2a: Amoonguss|Protect\n|move|p1b: Arcanine|Howl|p1b: Arcanine|[spread] p1a,p1b\n|-boost|p1a: Baxcalibur|atk|1\n|-boost|p1b: Arcanine|atk|1\n|move|p2b: Annihilape|Drain Punch|p1b: Arcanine\n|-damage|p1b: Arcanine|22\/100\n|-heal|p2b: Annihilape|100\/100|[from] drain|[of] p1b: Arcanine\n|\n|upkeep\n|turn|3\n|inactive|stefsaiko87 has 30 seconds left.\n|inactive|itszking has 30 seconds left.\n|inactive|stefsaiko87 has 20 seconds left.\n|\n|t:|1681784653\n|switch|p1b: Palafin|Palafin-Hero, L50, F|100\/100\n|-activate|p1b: Palafin|ability: Zero to Hero\n|move|p2a: Amoonguss|Rage Powder|p2a: Amoonguss\n|-singleturn|p2a: Amoonguss|move: Rage Powder\n|move|p1a: Baxcalibur|Glaive Rush|p2a: Amoonguss\n|-damage|p2a: Amoonguss|11\/100\n|-singlemove|p1a: Baxcalibur|Glaive Rush|[silent]\n|-damage|p1a: Baxcalibur|84\/100|[from] item: Rocky Helmet|[of] p2a: Amoonguss\n|move|p2b: Annihilape|Rage Fist|p1a: Baxcalibur\n|-damage|p1a: Baxcalibur|0 fnt\n|faint|p1a: Baxcalibur\n|\n|upkeep\n|\n|t:|1681784672\n|switch|p1a: Arcanine|Arcanine, L50, F|22\/100\n|-ability|p1a: Arcanine|Intimidate|boost\n|-unboost|p2a: Amoonguss|atk|1\n|-unboost|p2b: Annihilape|atk|1\n|-ability|p2b: Annihilape|Defiant|boost\n|-boost|p2b: Annihilape|atk|2\n|turn|4\n|inactive|stefsaiko87 has 30 seconds left.\n|\n|t:|1681784702\n|switch|p2a: Gastrodon|Gastrodon-East, L50, F|100\/100\n|move|p1b: Palafin|Protect|p1b: Palafin\n|-singleturn|p1b: Palafin|Protect\n|move|p1a: Arcanine|Howl|p1a: Arcanine|[spread] p1a,p1b\n|-boost|p1a: Arcanine|atk|1\n|-boost|p1b: Palafin|atk|1\n|move|p2b: Annihilape|Bulk Up|p2b: Annihilape\n|-boost|p2b: Annihilape|atk|1\n|-boost|p2b: Annihilape|def|1\n|\n|upkeep\n|turn|5\n|inactive|stefsaiko87 has 30 seconds left.\n|inactive|itszking has 30 seconds left.\n|\n|t:|1681784737\n|switch|p1a: Amoonguss|Amoonguss, L50, F|100\/100\n|move|p1b: Palafin|Substitute|p1b: Palafin\n|-start|p1b: Palafin|Substitute\n|-damage|p1b: Palafin|76\/100\n|move|p2b: Annihilape|Rage Fist|p1b: Palafin\n|-end|p1b: Palafin|Substitute\n|move|p2a: Gastrodon|Chilling Water|p1a: Amoonguss\n|-resisted|p1a: Amoonguss\n|-damage|p1a: Amoonguss|93\/100\n|-unboost|p1a: Amoonguss|atk|1\n|\n|upkeep\n|turn|6\n|inactive|stefsaiko87 has 30 seconds left.\n|inactive|itszking has 30 seconds left.\n|\n|t:|1681784769\n|move|p1b: Palafin|Protect|p1b: Palafin\n|-singleturn|p1b: Palafin|Protect\n|move|p2b: Annihilape|Rage Fist|p1a: Amoonguss\n|-damage|p1a: Amoonguss|0 fnt\n|faint|p1a: Amoonguss\n|move|p2a: Gastrodon|Yawn|p1b: Palafin\n|-activate|p1b: Palafin|move: Protect\n|\n|upkeep\n|\n|t:|1681784779\n|switch|p1a: Arcanine|Arcanine, L50, F|22\/100\n|-ability|p1a: Arcanine|Intimidate|boost\n|-unboost|p2a: Gastrodon|atk|1\n|-unboost|p2b: Annihilape|atk|1\n|-ability|p2b: Annihilape|Defiant|boost\n|-boost|p2b: Annihilape|atk|2\n|turn|7\n|\n|t:|1681784794\n|move|p2a: Gastrodon|Protect|p2a: Gastrodon\n|-singleturn|p2a: Gastrodon|Protect\n|move|p1b: Palafin|Jet Punch|p2a: Gastrodon\n|-activate|p2a: Gastrodon|ability: Storm Drain\n|-activate|p2a: Gastrodon|move: Protect\n|move|p1a: Arcanine|Flare Blitz|p2b: Annihilape\n|-resisted|p2b: Annihilape\n|-damage|p2b: Annihilape|87\/100\n|-damage|p1a: Arcanine|16\/100|[from] Recoil\n|move|p2b: Annihilape|Drain Punch|p1a: Arcanine\n|-damage|p1a: Arcanine|0 fnt\n|-heal|p2b: Annihilape|95\/100|[from] drain|[of] p1a: Arcanine\n|faint|p1a: Arcanine\n|\n|-heal|p2b: Annihilape|100\/100|[from] item: Leftovers\n|upkeep\n|turn|8\n|inactive|stefsaiko87 has 30 seconds left.\n|\n|t:|1681784820\n|move|p1b: Palafin|Jet Punch|p2a: Gastrodon\n|-activate|p2a: Gastrodon|ability: Storm Drain\n|-ability|p2a: Gastrodon|Storm Drain|boost\n|-boost|p2a: Gastrodon|spa|1\n|move|p2b: Annihilape|Bulk Up|p2b: Annihilape\n|-boost|p2b: Annihilape|atk|1\n|-boost|p2b: Annihilape|def|1\n|move|p2a: Gastrodon|Yawn|p1b: Palafin\n|-start|p1b: Palafin|move: Yawn|[of] p2a: Gastrodon\n|\n|upkeep\n|turn|9\n|\n|t:|1681784835\n|move|p1b: Palafin|Protect|p1b: Palafin\n|-singleturn|p1b: Palafin|Protect\n|move|p2b: Annihilape|Bulk Up|p2b: Annihilape\n|-boost|p2b: Annihilape|atk|0\n|-boost|p2b: Annihilape|def|1\n|move|p2a: Gastrodon|Chilling Water|p1b: Palafin\n|-activate|p1b: Palafin|move: Protect\n|\n|-end|p1b: Palafin|move: Yawn|[silent]\n|-status|p1b: Palafin|slp\n|upkeep\n|turn|10\n|\n|t:|1681784849\n|cant|p1b: Palafin|slp\n|move|p2b: Annihilape|Rage Fist|p1b: Palafin\n|-damage|p1b: Palafin|0 fnt\n|faint|p1b: Palafin\n|\n|win|itszking\n|raw|stefsaiko87's rating: 1122 → 1100<\/strong> (-22 for losing)\n|raw|itszking's rating: 1161 → 1183<\/strong> (+22 for winning)\n","uploadtime":1681784857,"views":9,"p1id":"stefsaiko87","p2id":"itszking","formatid":"gen9vgc2023regulationc","rating":1100,"private":0,"password":""}