{"id":"gen9vgc2023regulationc-1862091067","p1":"CombatWombat925","p2":"revocolombia","format":"[Gen 9] VGC 2023 Regulation C","log":"|j|\u2606CombatWombat925\n|j|\u2606revocolombia\n|t:|1683836035\n|gametype|doubles\n|player|p1|CombatWombat925|brawly|1205\n|player|p2|revocolombia|pokemonranger-gen4|1286\n|teamsize|p1|6\n|teamsize|p2|6\n|gen|9\n|tier|[Gen 9] VGC 2023 Regulation C\n|rated|\n|rule|Species Clause: Limit one of each Pok\u00e9mon\n|rule|Item Clause: Limit one of each item\n|clearpoke\n|poke|p1|Farigiraf, L50, M|\n|poke|p1|Iron Hands, L50|\n|poke|p1|Torkoal, L50, M|\n|poke|p1|Dachsbun, L50, M|\n|poke|p1|Mudsdale, L50, M|\n|poke|p1|Baxcalibur, L50, F|\n|poke|p2|Flutter Mane, L50|\n|poke|p2|Great Tusk, L50|\n|poke|p2|Dragonite, L50, F|\n|poke|p2|Chien-Pao, L50|\n|poke|p2|Murkrow, L50, F|\n|poke|p2|Sandy Shocks, L50|\n|teampreview|4\nCombatWombat925 has agreed to open team sheets.\n|\n|t:|1683836098\n|start\n|switch|p1a: Farigiraf|Farigiraf, L50, M|100\/100\n|switch|p1b: Iron Hands|Iron Hands, L50|100\/100\n|switch|p2a: Flutter Mane|Flutter Mane, L50|100\/100\n|switch|p2b: Sandy Shocks|Sandy Shocks, L50|100\/100\n|-enditem|p2a: Flutter Mane|Booster Energy\n|-activate|p2a: Flutter Mane|ability: Protosynthesis|[fromitem]\n|-start|p2a: Flutter Mane|protosynthesisspa\n|turn|1\n|\n|t:|1683836125\n|move|p1b: Iron Hands|Fake Out|p2b: Sandy Shocks\n|-damage|p2b: Sandy Shocks|82\/100\n|move|p2a: Flutter Mane|Dazzling Gleam|p1a: Farigiraf|[spread] p1a,p1b\n|-crit|p1a: Farigiraf\n|-supereffective|p1b: Iron Hands\n|-damage|p1a: Farigiraf|29\/100\n|-damage|p1b: Iron Hands|41\/100\n|cant|p2b: Sandy Shocks|flinch\n|move|p1a: Farigiraf|Trick Room|p1a: Farigiraf\n|-fieldstart|move: Trick Room|[of] p1a: Farigiraf\n|\n|upkeep\n|turn|2\n|\n|t:|1683836157\n|move|p2a: Flutter Mane|Protect|p2a: Flutter Mane\n|-singleturn|p2a: Flutter Mane|Protect\n|move|p1b: Iron Hands|Wild Charge|p2a: Flutter Mane\n|-activate|p2a: Flutter Mane|move: Protect\n|move|p1a: Farigiraf|Psychic|p2a: Flutter Mane\n|-activate|p2a: Flutter Mane|move: Protect\n|move|p2b: Sandy Shocks|Earth Power|p1b: Iron Hands\n|-supereffective|p1b: Iron Hands\n|-crit|p1b: Iron Hands\n|-damage|p1b: Iron Hands|0 fnt\n|faint|p1b: Iron Hands\n|-end|p1b: Iron Hands|Quark Drive|[silent]\n|-damage|p2b: Sandy Shocks|72\/100|[from] item: Life Orb\n|\n|upkeep\n|\n|t:|1683836168\n|switch|p1b: Torkoal|Torkoal, L50, M|100\/100\n|-weather|SunnyDay|[from] ability: Drought|[of] p1b: Torkoal\n|-activate|p2b: Sandy Shocks|ability: Protosynthesis\n|-start|p2b: Sandy Shocks|protosynthesisspa\n|turn|3\n|\n|t:|1683836188\n|-end|p2b: Sandy Shocks|Protosynthesis|[silent]\n|switch|p2b: Dragonite|Dragonite, L50, F|100\/100\n|-terastallize|p1b: Torkoal|Fire\n|move|p1a: Farigiraf|Bulldoze|p2b: Dragonite|[spread] p1b,p2a\n|-immune|p2b: Dragonite\n|-supereffective|p1b: Torkoal\n|-damage|p1b: Torkoal|86\/100\n|-damage|p2a: Flutter Mane|84\/100\n|-unboost|p1b: Torkoal|spe|1\n|-unboost|p2a: Flutter Mane|spe|1\n|-enditem|p1b: Torkoal|Weakness Policy\n|-boost|p1b: Torkoal|atk|2|[from] item: Weakness Policy\n|-boost|p1b: Torkoal|spa|2|[from] item: Weakness Policy\n|move|p1b: Torkoal|Lava Plume|p2a: Flutter Mane|[spread] p1a,p2a,p2b\n|-resisted|p2b: Dragonite\n|-damage|p1a: Farigiraf|0 fnt\n|-damage|p2a: Flutter Mane|0 fnt\n|-damage|p2b: Dragonite|78\/100\n|-status|p2b: Dragonite|brn\n|faint|p1a: Farigiraf\n|faint|p2a: Flutter Mane\n|-end|p2a: Flutter Mane|Protosynthesis|[silent]\n|\n|-weather|SunnyDay|[upkeep]\n|-damage|p2b: Dragonite|72\/100 brn|[from] brn\n|upkeep\n|\n|t:|1683836213\n|switch|p1a: Mudsdale|Mudsdale, L50, M|100\/100\n|switch|p2a: Chien-Pao|Chien-Pao, L50|100\/100\n|-ability|p2a: Chien-Pao|Sword of Ruin\n|turn|4\n|\n|t:|1683836238\n|move|p2b: Dragonite|Extreme Speed|p1b: Torkoal\n|-damage|p1b: Torkoal|60\/100\n|move|p1b: Torkoal|Flamethrower|p2a: Chien-Pao\n|-supereffective|p2a: Chien-Pao\n|-enditem|p2a: Chien-Pao|Focus Sash\n|-damage|p2a: Chien-Pao|1\/100\n|move|p1a: Mudsdale|Heavy Slam|p2a: Chien-Pao\n|-supereffective|p2a: Chien-Pao\n|-damage|p2a: Chien-Pao|0 fnt\n|faint|p2a: Chien-Pao\n|\n|-weather|SunnyDay|[upkeep]\n|-damage|p2b: Dragonite|65\/100 brn|[from] brn\n|upkeep\n|\n|t:|1683836254\n|switch|p2a: Sandy Shocks|Sandy Shocks, L50|72\/100\n|-activate|p2a: Sandy Shocks|ability: Protosynthesis\n|-start|p2a: Sandy Shocks|protosynthesisspa\n|turn|5\n|\n|t:|1683836282\n|move|p2a: Sandy Shocks|Protect|p2a: Sandy Shocks\n|-singleturn|p2a: Sandy Shocks|Protect\n|move|p2b: Dragonite|Extreme Speed|p1b: Torkoal\n|-damage|p1b: Torkoal|42\/100\n|move|p1b: Torkoal|Flamethrower|p2a: Sandy Shocks\n|-activate|p2a: Sandy Shocks|move: Protect\n|move|p1a: Mudsdale|High Horsepower|p2a: Sandy Shocks\n|-activate|p2a: Sandy Shocks|move: Protect\n|\n|-weather|SunnyDay|[upkeep]\n|-damage|p2b: Dragonite|59\/100 brn|[from] brn\n|-fieldend|move: Trick Room\n|upkeep\n|turn|6\n|\n|t:|1683836310\n|-terastallize|p2a: Sandy Shocks|Grass\n|move|p1b: Torkoal|Protect|p1b: Torkoal\n|-singleturn|p1b: Torkoal|Protect\n|move|p2b: Dragonite|Extreme Speed|p1b: Torkoal\n|-activate|p1b: Torkoal|move: Protect\n|move|p2a: Sandy Shocks|Tera Blast|p1a: Mudsdale\n|-supereffective|p1a: Mudsdale\n|-damage|p1a: Mudsdale|0 fnt\n|faint|p1a: Mudsdale\n|-damage|p2a: Sandy Shocks|62\/100|[from] item: Life Orb\n|\n|-weather|SunnyDay|[upkeep]\n|-damage|p2b: Dragonite|53\/100 brn|[from] brn\n|upkeep\n|turn|7\n|\n|t:|1683836330\n|move|p2b: Dragonite|Extreme Speed|p1b: Torkoal\n|-damage|p1b: Torkoal|23\/100\n|move|p2a: Sandy Shocks|Earth Power|p1b: Torkoal\n|-supereffective|p1b: Torkoal\n|-damage|p1b: Torkoal|0 fnt\n|faint|p1b: Torkoal\n|-damage|p2a: Sandy Shocks|52\/100|[from] item: Life Orb\n|\n|win|revocolombia\n|raw|CombatWombat925's rating: 1205 → 1186<\/strong> (-19 for losing)\n|raw|revocolombia's rating: 1286 → 1305<\/strong> (+19 for winning)\n|l|\u2606CombatWombat925\n","uploadtime":1683836342,"views":6,"p1id":"combatwombat925","p2id":"revocolombia","formatid":"gen9vgc2023regulationc","rating":1186,"private":0,"password":""}