{"id":"gen9vgc2023regulationc-1851934166","p1":"haha u rage quit","p2":"sn000p","format":"[Gen 9] VGC 2023 Regulation C","log":"|j|\u2606haha u rage quit\n|j|\u2606sn000p\n|t:|1682507968\n|gametype|doubles\n|player|p1|haha u rage quit|pokemaniac|1452\n|player|p2|sn000p|169|1369\n|teamsize|p1|6\n|teamsize|p2|6\n|gen|9\n|tier|[Gen 9] VGC 2023 Regulation C\n|rated|\n|rule|Species Clause: Limit one of each Pok\u00e9mon\n|rule|Item Clause: Limit one of each item\n|clearpoke\n|poke|p1|Glimmora, L50, M|\n|poke|p1|Iron Bundle, L50|\n|poke|p1|Dondozo, L50, M|\n|poke|p1|Dragonite, L50, M|\n|poke|p1|Tatsugiri-Droopy, L50, M|\n|poke|p1|Chi-Yu, L50|\n|poke|p2|Ting-Lu, L50|\n|poke|p2|Dragapult, L50, F|\n|poke|p2|Chien-Pao, L50|\n|poke|p2|Arcanine, L50, F|\n|poke|p2|Iron Bundle, L50|\n|poke|p2|Iron Moth, L50|\n|teampreview|4\n|inactive|Battle timer is ON: inactive players will automatically lose when time's up. (requested by sn000p)\n|\n|t:|1682507980\n|start\n|switch|p1a: Iron Bundle|Iron Bundle, L50, shiny|100\/100\n|switch|p1b: Chi-Yu|Chi-Yu, L50|100\/100\n|switch|p2a: Dragapult|Dragapult, L50, F|100\/100\n|switch|p2b: Chien-Pao|Chien-Pao, L50|100\/100\n|-ability|p2b: Chien-Pao|Sword of Ruin\n|-ability|p1b: Chi-Yu|Beads of Ruin\n|-enditem|p1a: Iron Bundle|Booster Energy\n|-activate|p1a: Iron Bundle|ability: Quark Drive|[fromitem]\n|-start|p1a: Iron Bundle|quarkdrivespe\n|turn|1\n|\n|t:|1682507998\n|-terastallize|p2a: Dragapult|Fire\n|move|p1a: Iron Bundle|Icy Wind|p2a: Dragapult|[spread] p2a,p2b\n|-resisted|p2a: Dragapult\n|-resisted|p2b: Chien-Pao\n|-damage|p2a: Dragapult|80\/100\n|-damage|p2b: Chien-Pao|79\/100\n|-unboost|p2b: Chien-Pao|spe|1\n|move|p2a: Dragapult|U-turn|p1b: Chi-Yu\n|-damage|p1b: Chi-Yu|30\/100\n|\n|t:|1682508009\n|switch|p2a: Iron Moth|Iron Moth, L50|100\/100|[from] U-turn\n|move|p1b: Chi-Yu|Heat Wave|p2b: Chien-Pao|[spread] p2a,p2b\n|-resisted|p2a: Iron Moth\n|-supereffective|p2b: Chien-Pao\n|-damage|p2a: Iron Moth|75\/100\n|-damage|p2b: Chien-Pao|0 fnt\n|faint|p2b: Chien-Pao\n|\n|-heal|p2a: Iron Moth|81\/100|[from] item: Leftovers\n|upkeep\n|\n|t:|1682508017\n|switch|p2b: Iron Bundle|Iron Bundle, L50|100\/100\n|-enditem|p2b: Iron Bundle|Booster Energy\n|-activate|p2b: Iron Bundle|ability: Quark Drive|[fromitem]\n|-start|p2b: Iron Bundle|quarkdrivespe\n|turn|2\n|inactive|haha u rage quit has 30 seconds left.\n|\n|t:|1682508043\n|move|p1b: Chi-Yu|Protect|p1b: Chi-Yu\n|-singleturn|p1b: Chi-Yu|Protect\n|move|p1a: Iron Bundle|Freeze-Dry|p2b: Iron Bundle\n|-damage|p2b: Iron Bundle|15\/100\n|move|p2b: Iron Bundle|Hydro Pump|p1b: Chi-Yu\n|-activate|p1b: Chi-Yu|move: Protect\n|move|p2a: Iron Moth|Energy Ball|p1a: Iron Bundle\n|-supereffective|p1a: Iron Bundle\n|-damage|p1a: Iron Bundle|0 fnt\n|faint|p1a: Iron Bundle\n|-end|p1a: Iron Bundle|Quark Drive|[silent]\n|\n|-heal|p2a: Iron Moth|87\/100|[from] item: Leftovers\n|upkeep\n|\n|t:|1682508058\n|switch|p1a: Dondozo|Dondozo, L50, M|100\/100\n|turn|3\n|\n|t:|1682508070\n|switch|p1b: Tatsugiri|Tatsugiri-Droopy, L50, M|100\/100\n|-activate|p1b: Tatsugiri|ability: Commander|[of] p1a: Dondozo\n|-boost|p1a: Dondozo|atk|2\n|-boost|p1a: Dondozo|spa|2\n|-boost|p1a: Dondozo|spe|2\n|-boost|p1a: Dondozo|def|2\n|-boost|p1a: Dondozo|spd|2\n|-terastallize|p1a: Dondozo|Grass\n|move|p2b: Iron Bundle|Freeze-Dry|p1a: Dondozo\n|-supereffective|p1a: Dondozo\n|-damage|p1a: Dondozo|68\/100\n|move|p1a: Dondozo|Earthquake|p2a: Iron Moth|[spread] p2a,p2b\n|-miss|p1a: Dondozo|p1b: Tatsugiri\n|-supereffective|p2a: Iron Moth\n|-damage|p2a: Iron Moth|0 fnt\n|-damage|p2b: Iron Bundle|0 fnt\n|faint|p2a: Iron Moth\n|-end|p2a: Iron Moth|Quark Drive|[silent]\n|faint|p2b: Iron Bundle\n|-end|p2b: Iron Bundle|Quark Drive|[silent]\n|\n|-heal|p1a: Dondozo|74\/100|[from] item: Leftovers\n|upkeep\n|\n|t:|1682508085\n|switch|p2a: Dragapult|Dragapult, L50, F, tera:Fire|80\/100\n|turn|4\n|\n|t:|1682508090\n|move|p2a: Dragapult|Phantom Force||[still]\n|-prepare|p2a: Dragapult|Phantom Force\n|move|p1a: Dondozo|Wave Crash|p2a: Dragapult|[miss]\n|-miss|p1a: Dondozo|p2a: Dragapult\n|\n|-heal|p1a: Dondozo|80\/100|[from] item: Leftovers\n|upkeep\n|turn|5\n|\n|t:|1682508094\n|move|p2a: Dragapult|Phantom Force|p1a: Dondozo|[from]lockedmove\n|-damage|p1a: Dondozo|57\/100\n|move|p1a: Dondozo|Wave Crash|p2a: Dragapult\n|-supereffective|p2a: Dragapult\n|-damage|p2a: Dragapult|0 fnt\n|faint|p2a: Dragapult\n|-damage|p1a: Dondozo|38\/100|[from] Recoil\n|\n|win|haha u rage quit\n|raw|haha u rage quit's rating: 1452 → 1467<\/strong> (+15 for winning)\n|raw|sn000p's rating: 1369 → 1354<\/strong> (-15 for losing)\n|l|\u2606sn000p\n","uploadtime":1682508110,"views":7,"p1id":"hahauragequit","p2id":"sn000p","formatid":"gen9vgc2023regulationc","rating":1354,"private":0,"password":""}