{"id":"gen9vgc2023regulationc-1862746685","p1":"revocolombia","p2":"Shuza06","format":"[Gen 9] VGC 2023 Regulation C","log":"|j|\u2606revocolombia\n|j|\u2606Shuza06\n|t:|1683917730\n|gametype|doubles\n|player|p1|revocolombia|pokemonranger-gen4|1573\n|player|p2|Shuza06|2|1585\n|teamsize|p1|6\n|teamsize|p2|6\n|gen|9\n|tier|[Gen 9] VGC 2023 Regulation C\n|rated|\n|rule|Species Clause: Limit one of each Pok\u00e9mon\n|rule|Item Clause: Limit one of each item\n|clearpoke\n|poke|p1|Flutter Mane, L50|\n|poke|p1|Great Tusk, L50|\n|poke|p1|Dragonite, L50, M|\n|poke|p1|Chien-Pao, L50|\n|poke|p1|Murkrow, L50, M|\n|poke|p1|Gholdengo, L50|\n|poke|p2|Chi-Yu, L50|\n|poke|p2|Flutter Mane, L50|\n|poke|p2|Iron Bundle, L50|\n|poke|p2|Great Tusk, L50|\n|poke|p2|Murkrow, L50, M|\n|poke|p2|Ting-Lu, L50|\n|teampreview|4\n|j| Enrolled Agent\nShuza06 has agreed to open team sheets.\n|\n|t:|1683917760\n|start\n|switch|p1a: Great Tusk|Great Tusk, L50|100\/100\n|switch|p1b: Murkrow|Murkrow, L50, M|100\/100\n|switch|p2a: Iron Bundle|Iron Bundle, L50|100\/100\n|switch|p2b: Flutter Mane|Flutter Mane, L50|100\/100\n|-enditem|p2a: Iron Bundle|Booster Energy\n|-activate|p2a: Iron Bundle|ability: Quark Drive|[fromitem]\n|-start|p2a: Iron Bundle|quarkdrivespe\n|turn|1\n|\n|t:|1683917791\n|-end|p2b: Flutter Mane|Protosynthesis|[silent]\n|switch|p2b: Murkrow|Murkrow, L50, M|100\/100\n|move|p2a: Iron Bundle|Protect|p2a: Iron Bundle\n|-singleturn|p2a: Iron Bundle|Protect\n|move|p1a: Great Tusk|Protect|p1a: Great Tusk\n|-singleturn|p1a: Great Tusk|Protect\n|move|p1b: Murkrow|Tailwind|p1b: Murkrow\n|-sidestart|p1: revocolombia|move: Tailwind\n|\n|upkeep\n|turn|2\n|\n|t:|1683917811\n|-end|p1a: Great Tusk|Protosynthesis|[silent]\n|switch|p1a: Chien-Pao|Chien-Pao, L50|100\/100\n|-ability|p1a: Chien-Pao|Sword of Ruin\n|-terastallize|p2a: Iron Bundle|Ghost\n|move|p1b: Murkrow|Sunny Day|p1b: Murkrow\n|-weather|SunnyDay\n|move|p2b: Murkrow|Tailwind|p2b: Murkrow\n|-sidestart|p2: Shuza06|move: Tailwind\n|move|p2a: Iron Bundle|Icy Wind|p1a: Chien-Pao|[spread] p1a,p1b\n|-resisted|p1a: Chien-Pao\n|-supereffective|p1b: Murkrow\n|-damage|p1a: Chien-Pao|87\/100\n|-damage|p1b: Murkrow|61\/100\n|-unboost|p1a: Chien-Pao|spe|1\n|-unboost|p1b: Murkrow|spe|1\n|\n|-weather|SunnyDay|[upkeep]\n|upkeep\n|turn|3\n|\n|t:|1683917834\n|switch|p2b: Flutter Mane|Flutter Mane, L50|100\/100\n|-activate|p2b: Flutter Mane|ability: Protosynthesis\n|-start|p2b: Flutter Mane|protosynthesisspa\n|switch|p1b: Great Tusk|Great Tusk, L50|100\/100\n|-activate|p1b: Great Tusk|ability: Protosynthesis\n|-start|p1b: Great Tusk|protosynthesisatk\n|move|p2a: Iron Bundle|Protect|p2a: Iron Bundle\n|-singleturn|p2a: Iron Bundle|Protect\n|move|p1a: Chien-Pao|Sucker Punch||[still]\n|-fail|p1a: Chien-Pao\n|\n|-weather|SunnyDay|[upkeep]\n|upkeep\n|turn|4\n|j| Gopii\n|\n|t:|1683917859\n|-terastallize|p1b: Great Tusk|Fire\n|move|p1a: Chien-Pao|Sucker Punch|p2a: Iron Bundle\n|-supereffective|p2a: Iron Bundle\n|-damage|p2a: Iron Bundle|0 fnt\n|faint|p2a: Iron Bundle\n|-end|p2a: Iron Bundle|Quark Drive|[silent]\n|move|p2b: Flutter Mane|Dazzling Gleam|p1a: Chien-Pao|[spread] p1a,p1b\n|-supereffective|p1a: Chien-Pao\n|-resisted|p1b: Great Tusk\n|-damage|p1a: Chien-Pao|0 fnt\n|-damage|p1b: Great Tusk|55\/100\n|faint|p1a: Chien-Pao\n|move|p1b: Great Tusk|Rock Slide|p2b: Flutter Mane\n|-damage|p2b: Flutter Mane|35\/100\n|\n|-weather|SunnyDay|[upkeep]\n|-sideend|p1: revocolombia|move: Tailwind\n|upkeep\n|\n|t:|1683917876\n|switch|p2a: Great Tusk|Great Tusk, L50|100\/100\n|switch|p1a: Dragonite|Dragonite, L50, M|100\/100\n|-activate|p2a: Great Tusk|ability: Protosynthesis\n|-start|p2a: Great Tusk|protosynthesisatk\n|turn|5\n|\n|t:|1683917894\n|move|p1b: Great Tusk|Protect|p1b: Great Tusk\n|-singleturn|p1b: Great Tusk|Protect\n|move|p2a: Great Tusk|Rock Slide|p1a: Dragonite|[spread] p1a\n|-activate|p1b: Great Tusk|move: Protect\n|-supereffective|p1a: Dragonite\n|-damage|p1a: Dragonite|73\/100\n|move|p2b: Flutter Mane|Dazzling Gleam|p1b: Great Tusk|[spread] p1a\n|-activate|p1b: Great Tusk|move: Protect\n|-supereffective|p1a: Dragonite\n|-damage|p1a: Dragonite|0 fnt\n|faint|p1a: Dragonite\n|\n|-weather|SunnyDay|[upkeep]\n|-sideend|p2: Shuza06|move: Tailwind\n|upkeep\n|\n|t:|1683917911\n|switch|p1a: Murkrow|Murkrow, L50, M|61\/100\n|turn|6\n|\n|t:|1683917920\n|move|p1a: Murkrow|Tailwind|p1a: Murkrow\n|-sidestart|p1: revocolombia|move: Tailwind\n|move|p1b: Great Tusk|Earthquake|p2a: Great Tusk|[spread] p2a,p2b\n|-immune|p1a: Murkrow\n|-damage|p2a: Great Tusk|59\/100\n|-damage|p2b: Flutter Mane|0 fnt\n|faint|p2b: Flutter Mane\n|-end|p2b: Flutter Mane|Protosynthesis|[silent]\n|move|p2a: Great Tusk|Rock Slide|p1b: Great Tusk|[spread] p1a,p1b\n|-supereffective|p1a: Murkrow\n|-supereffective|p1b: Great Tusk\n|-damage|p1a: Murkrow|2\/100\n|-damage|p1b: Great Tusk|22\/100\n|\n|-weather|none\n|-end|p1b: Great Tusk|Protosynthesis\n|-end|p2a: Great Tusk|Protosynthesis\n|upkeep\n|\n|t:|1683917930\n|switch|p2b: Murkrow|Murkrow, L50, M|100\/100\n|turn|7\n|\n|t:|1683917940\n|move|p1a: Murkrow|Haze|p1a: Murkrow\n|-clearallboost\n|move|p2b: Murkrow|Tailwind|p2b: Murkrow\n|-sidestart|p2: Shuza06|move: Tailwind\n|move|p2a: Great Tusk|Rock Slide|p1a: Murkrow|[spread] p1a,p1b\n|-supereffective|p1a: Murkrow\n|-supereffective|p1b: Great Tusk\n|-damage|p1a: Murkrow|0 fnt\n|-damage|p1b: Great Tusk|0 fnt\n|faint|p1a: Murkrow\n|faint|p1b: Great Tusk\n|-end|p1b: Great Tusk|Protosynthesis|[silent]\n|\n|win|Shuza06\n|raw|revocolombia's rating: 1573 → 1554<\/strong> (-19 for losing)\n|raw|Shuza06's rating: 1585 → 1604<\/strong> (+19 for winning)\n|l|\u2606Shuza06\n","uploadtime":1683917953,"views":10,"p1id":"revocolombia","p2id":"shuza06","formatid":"gen9vgc2023regulationc","rating":1554,"private":0,"password":""}