{"id":"gen9vgc2023regulationc-1847489064","p1":"peytoncookie","p2":"eggplanet07","format":"[Gen 9] VGC 2023 Regulation C","log":"|j|\u2606peytoncookie\n|j|\u2606eggplanet07\n|t:|1681961572\n|gametype|doubles\n|player|p1|peytoncookie|ninjaboy|1171\n|player|p2|eggplanet07|hilda|1165\n|teamsize|p1|6\n|teamsize|p2|6\n|gen|9\n|tier|[Gen 9] VGC 2023 Regulation C\n|rated|\n|rule|Species Clause: Limit one of each Pok\u00e9mon\n|rule|Item Clause: Limit one of each item\n|clearpoke\n|poke|p1|Gothitelle, L50, F|\n|poke|p1|Scream Tail, L50|\n|poke|p1|Arcanine, L50, F|\n|poke|p1|Ting-Lu, L50|\n|poke|p1|Flutter Mane, L50|\n|poke|p1|Palafin, L50, M|\n|poke|p2|Raichu, L50, M|\n|poke|p2|Ting-Lu, L50|\n|poke|p2|Amoonguss, L50, F|\n|poke|p2|Gyarados, L50, F|\n|poke|p2|Flutter Mane, L50|\n|poke|p2|Palafin, L50, F|\n|teampreview|4\n|inactive|Battle timer is ON: inactive players will automatically lose when time's up. (requested by eggplanet07)\npeytoncookie has agreed to open team sheets.\n|inactive|peytoncookie has 60 seconds left.\n|inactive|eggplanet07 has 60 seconds left.\n|inactive|peytoncookie has 30 seconds left.\n|inactive|peytoncookie has 20 seconds left.\n|inactive|peytoncookie has 15 seconds left.\n|inactive|peytoncookie has 10 seconds left.\n|\n|t:|1681961654\n|start\n|switch|p1a: Flutter Mane|Flutter Mane, L50|100\/100\n|switch|p1b: Arcanine|Arcanine, L50, F, shiny|100\/100\n|switch|p2a: Raichu|Raichu, L50, M|100\/100\n|switch|p2b: Flutter Mane|Flutter Mane, L50|100\/100\n|-item|p2a: Raichu|Air Balloon\n|-ability|p1b: Arcanine|Intimidate|boost\n|-unboost|p2a: Raichu|atk|1\n|-unboost|p2b: Flutter Mane|atk|1\n|turn|1\n|inactive|peytoncookie has 30 seconds left.\n|inactive|eggplanet07 has 30 seconds left.\n|inactive|peytoncookie has 20 seconds left.\n|inactive|peytoncookie has 15 seconds left.\n|\n|t:|1681961699\n|-end|p2b: Flutter Mane|Protosynthesis|[silent]\n|switch|p2b: Ting-Lu|Ting-Lu, L50|100\/100\n|-ability|p2b: Ting-Lu|Vessel of Ruin\n|move|p1a: Flutter Mane|Shadow Ball|p2b: Ting-Lu\n|-resisted|p2b: Ting-Lu\n|-damage|p2b: Ting-Lu|90\/100\n|move|p2a: Raichu|Nuzzle|p1a: Flutter Mane\n|-damage|p1a: Flutter Mane|91\/100\n|-status|p1a: Flutter Mane|par\n|move|p1b: Arcanine|Flare Blitz|p2a: Raichu\n|-damage|p2a: Raichu|19\/100\n|-enditem|p2a: Raichu|Air Balloon\n|-damage|p1b: Arcanine|78\/100|[from] Recoil\n|\n|-heal|p2b: Ting-Lu|96\/100|[from] item: Leftovers\n|upkeep\n|turn|2\n|inactive|peytoncookie has 30 seconds left.\n|inactive|eggplanet07 has 30 seconds left.\n|\n|t:|1681961731\n|-end|p1a: Flutter Mane|Protosynthesis|[silent]\n|switch|p1a: Gothitelle|Gothitelle, L50, F|100\/100\n|move|p1b: Arcanine|Extreme Speed|p2a: Raichu\n|-damage|p2a: Raichu|0 fnt\n|faint|p2a: Raichu\n|move|p2b: Ting-Lu|Stomping Tantrum|p1b: Arcanine\n|-supereffective|p1b: Arcanine\n|-damage|p1b: Arcanine|12\/100\n|\n|-heal|p2b: Ting-Lu|100\/100|[from] item: Leftovers\n|upkeep\n|\n|t:|1681961742\n|switch|p2a: Flutter Mane|Flutter Mane, L50|100\/100\n|turn|3\n|\n|t:|1681961761\n|-terastallize|p1a: Gothitelle|Water\n|move|p2b: Ting-Lu|Protect|p2b: Ting-Lu\n|-singleturn|p2b: Ting-Lu|Protect\n|move|p2a: Flutter Mane|Dazzling Gleam|p1b: Arcanine|[spread] p1a,p1b\n|-resisted|p1b: Arcanine\n|-damage|p1a: Gothitelle|66\/100\n|-damage|p1b: Arcanine|0 fnt\n|faint|p1b: Arcanine\n|move|p1a: Gothitelle|Heal Pulse|p1: Arcanine|[notarget]\n|-fail|p1a: Gothitelle\n|\n|upkeep\n|\n|t:|1681961772\n|switch|p1b: Ting-Lu|Ting-Lu, L50|100\/100\n|-ability|p1b: Ting-Lu|Vessel of Ruin\n|turn|4\n|inactive|eggplanet07 has 30 seconds left.\n|\n|t:|1681961802\n|move|p2a: Flutter Mane|Dazzling Gleam|p1b: Ting-Lu|[spread] p1a,p1b\n|-supereffective|p1b: Ting-Lu\n|-damage|p1a: Gothitelle|34\/100\n|-damage|p1b: Ting-Lu|42\/100\n|-enditem|p1a: Gothitelle|Sitrus Berry|[eat]\n|-heal|p1a: Gothitelle|59\/100|[from] item: Sitrus Berry\n|move|p1a: Gothitelle|Psychic|p2a: Flutter Mane\n|-damage|p2a: Flutter Mane|79\/100\n|move|p1b: Ting-Lu|Heavy Slam|p2a: Flutter Mane\n|-supereffective|p2a: Flutter Mane\n|-damage|p2a: Flutter Mane|0 fnt\n|faint|p2a: Flutter Mane\n|-end|p2a: Flutter Mane|Protosynthesis|[silent]\n|move|p2b: Ting-Lu|Stomping Tantrum|p1b: Ting-Lu\n|-damage|p1b: Ting-Lu|26\/100\n|\n|-heal|p1b: Ting-Lu|33\/100|[from] item: Leftovers\n|upkeep\n|\n|t:|1681961819\n|switch|p2a: Gyarados|Gyarados, L50, F, shiny|100\/100\n|-ability|p2a: Gyarados|Intimidate|boost\n|-unboost|p1a: Gothitelle|atk|1\n|-unboost|p1b: Ting-Lu|atk|1\n|turn|5\n|inactive|eggplanet07 has 30 seconds left.\n|\n|t:|1681961857\n|move|p2a: Gyarados|Waterfall|p1b: Ting-Lu\n|-supereffective|p1b: Ting-Lu\n|-damage|p1b: Ting-Lu|0 fnt\n|faint|p1b: Ting-Lu\n|move|p1a: Gothitelle|Heal Pulse|p1: Ting-Lu|[notarget]\n|-fail|p1a: Gothitelle\n|move|p2b: Ting-Lu|Stomping Tantrum|p1a: Gothitelle\n|-damage|p1a: Gothitelle|28\/100\n|\n|upkeep\n|\n|t:|1681961865\n|switch|p1b: Flutter Mane|Flutter Mane, L50|91\/100 par\n|turn|6\n|\n|t:|1681961878\n|-terastallize|p2a: Gyarados|Flying\n|move|p2a: Gyarados|Tera Blast|p1b: Flutter Mane\n|-damage|p1b: Flutter Mane|0 fnt\n|faint|p1b: Flutter Mane\n|-end|p1b: Flutter Mane|Protosynthesis|[silent]\n|move|p1a: Gothitelle|Heal Pulse|p1: Flutter Mane|[notarget]\n|-fail|p1a: Gothitelle\n|move|p2b: Ting-Lu|Stomping Tantrum|p1a: Gothitelle\n|-damage|p1a: Gothitelle|0 fnt\n|faint|p1a: Gothitelle\n|\n|win|eggplanet07\n|raw|peytoncookie's rating: 1171 → 1146<\/strong> (-25 for losing)\n|raw|eggplanet07's rating: 1165 → 1190<\/strong> (+25 for winning)\n|l|\u2606eggplanet07\n","uploadtime":1681961894,"views":10,"p1id":"peytoncookie","p2id":"eggplanet07","formatid":"gen9vgc2023regulationc","rating":1146,"private":0,"password":""}