{"id":"gen9vgc2023regulationc-1850962459","p1":"SoggyWaffles35","p2":"LucasYN","format":"[Gen 9] VGC 2023 Regulation C","log":"|j|\u2606SoggyWaffles35\n|j|\u2606LucasYN\n|t:|1682387458\n|gametype|doubles\n|player|p1|SoggyWaffles35|101|1370\n|player|p2|LucasYN|steven|1364\n|teamsize|p1|6\n|teamsize|p2|6\n|gen|9\n|tier|[Gen 9] VGC 2023 Regulation C\n|rated|\n|rule|Species Clause: Limit one of each Pok\u00e9mon\n|rule|Item Clause: Limit one of each item\n|clearpoke\n|poke|p1|Orthworm, L50, M|\n|poke|p1|Ting-Lu, L50|\n|poke|p1|Chien-Pao, L50|\n|poke|p1|Dragonite, L50, F|\n|poke|p1|Flutter Mane, L50|\n|poke|p1|Arcanine, L50, F|\n|poke|p2|Amoonguss, L50, M|\n|poke|p2|Garganacl, L50, F|\n|poke|p2|Arcanine, L50, M|\n|poke|p2|Ting-Lu, L50|\n|poke|p2|Roaring Moon, L50|\n|poke|p2|Iron Bundle, L50|\n|teampreview|4\nLucasYN has agreed to open team sheets.\nSoggyWaffles35 has agreed to open team sheets.\n|inactive|Battle timer is ON: inactive players will automatically lose when time's up. (requested by LucasYN)\n|inactive|SoggyWaffles35 has 60 seconds left.\n|inactive|SoggyWaffles35 has 30 seconds left.\n|\n|t:|1682387588\n|start\n|switch|p1a: Ting-Lu|Ting-Lu, L50|100\/100\n|switch|p1b: Orthworm|Orthworm, L50, M|100\/100\n|switch|p2a: Ting-Lu|Ting-Lu, L50|100\/100\n|switch|p2b: Arcanine|Arcanine, L50, M|100\/100\n|-ability|p2b: Arcanine|Intimidate|boost\n|-fail|p1a: Ting-Lu|unboost|[from] item: Clear Amulet|[of] p1a: Ting-Lu\n|-unboost|p1b: Orthworm|atk|1\n|-ability|p2a: Ting-Lu|Vessel of Ruin\n|-ability|p1a: Ting-Lu|Vessel of Ruin\n|turn|1\n|\n|t:|1682387612\n|-terastallize|p1b: Orthworm|Fire\n|move|p2b: Arcanine|Will-O-Wisp|p1a: Ting-Lu\n|-status|p1a: Ting-Lu|brn\n|move|p1b: Orthworm|Iron Defense|p1b: Orthworm\n|-boost|p1b: Orthworm|def|2\n|move|p2a: Ting-Lu|Stomping Tantrum|p1b: Orthworm\n|-immune|p1b: Orthworm|[from] ability: Earth Eater\n|move|p1a: Ting-Lu|Earthquake|p2a: Ting-Lu|[spread] p2a,p2b\n|-immune|p1b: Orthworm|[from] ability: Earth Eater\n|-supereffective|p2b: Arcanine\n|-damage|p2a: Ting-Lu|89\/100\n|-damage|p2b: Arcanine|58\/100\n|\n|-damage|p1a: Ting-Lu|94\/100 brn|[from] brn\n|upkeep\n|turn|2\n|inactive|LucasYN has 30 seconds left.\n|inactive|LucasYN has 20 seconds left.\n|\n|t:|1682387650\n|move|p2b: Arcanine|Protect|p2b: Arcanine\n|-singleturn|p2b: Arcanine|Protect\n|move|p1b: Orthworm|Body Press|p2a: Ting-Lu\n|-supereffective|p2a: Ting-Lu\n|-damage|p2a: Ting-Lu|19\/100\n|move|p2a: Ting-Lu|Fissure|p1a: Ting-Lu\n|-damage|p1a: Ting-Lu|0 fnt\n|faint|p1a: Ting-Lu\n|-ohko\n|\n|upkeep\n|\n|t:|1682387671\n|switch|p1a: Dragonite|Dragonite, L50, F|100\/100\n|turn|3\n|\n|t:|1682387687\n|move|p2b: Arcanine|Extreme Speed|p1a: Dragonite\n|-damage|p1a: Dragonite|87\/100\n|move|p1a: Dragonite|Dragon Dance|p1a: Dragonite\n|-boost|p1a: Dragonite|atk|1\n|-boost|p1a: Dragonite|spe|1\n|move|p1b: Orthworm|Body Press|p2a: Ting-Lu\n|-supereffective|p2a: Ting-Lu\n|-damage|p2a: Ting-Lu|0 fnt\n|faint|p2a: Ting-Lu\n|\n|upkeep\n|\n|t:|1682387699\n|switch|p2a: Iron Bundle|Iron Bundle, L50|100\/100\n|turn|4\n|inactive|SoggyWaffles35 has 30 seconds left.\n|inactive|SoggyWaffles35 has 20 seconds left.\n|\n|t:|1682387735\n|move|p1a: Dragonite|Earthquake|p2a: Iron Bundle|[spread] p2a,p2b\n|-immune|p1b: Orthworm|[from] ability: Earth Eater\n|-supereffective|p2b: Arcanine\n|-damage|p2a: Iron Bundle|55\/100\n|-damage|p2b: Arcanine|0 fnt\n|faint|p2b: Arcanine\n|move|p2a: Iron Bundle|Hydro Pump|p1b: Orthworm\n|-supereffective|p1b: Orthworm\n|-damage|p1b: Orthworm|0 fnt\n|faint|p1b: Orthworm\n|\n|upkeep\n|\n|t:|1682387753\n|switch|p2b: Roaring Moon|Roaring Moon, L50|100\/100\n|switch|p1b: Chien-Pao|Chien-Pao, L50|100\/100\n|-ability|p1b: Chien-Pao|Sword of Ruin\n|-enditem|p2b: Roaring Moon|Booster Energy\n|-activate|p2b: Roaring Moon|ability: Protosynthesis|[fromitem]\n|-start|p2b: Roaring Moon|protosynthesisatk\n|turn|5\n|\n|t:|1682387774\n|move|p2b: Roaring Moon|Protect|p2b: Roaring Moon\n|-singleturn|p2b: Roaring Moon|Protect\n|move|p1a: Dragonite|Thunder Punch|p2a: Iron Bundle\n|-supereffective|p2a: Iron Bundle\n|-damage|p2a: Iron Bundle|0 fnt\n|faint|p2a: Iron Bundle\n|-end|p2a: Iron Bundle|Quark Drive|[silent]\n|move|p1b: Chien-Pao|Ice Spinner|p2b: Roaring Moon\n|-activate|p2b: Roaring Moon|move: Protect\n|\n|upkeep\n|turn|6\n|\n|t:|1682387792\n|-terastallize|p2b: Roaring Moon|Flying\n|move|p1a: Dragonite|Extreme Speed|p2b: Roaring Moon\n|-damage|p2b: Roaring Moon|50\/100\n|move|p1b: Chien-Pao|Ice Spinner|p2b: Roaring Moon\n|-supereffective|p2b: Roaring Moon\n|-damage|p2b: Roaring Moon|0 fnt\n|faint|p2b: Roaring Moon\n|-end|p2b: Roaring Moon|Protosynthesis|[silent]\n|\n|win|SoggyWaffles35\n|raw|SoggyWaffles35's rating: 1370 → 1390<\/strong> (+20 for winning)\n|raw|LucasYN's rating: 1364 → 1344<\/strong> (-20 for losing)\n|l|\u2606LucasYN\n","uploadtime":1682387808,"views":6,"p1id":"soggywaffles35","p2id":"lucasyn","formatid":"gen9vgc2023regulationc","rating":1344,"private":0,"password":""}