{"id":"gen9vgc2023regulationc-1862690941","p1":"Ciq108","p2":"EncoreVGC","format":"[Gen 9] VGC 2023 Regulation C","log":"|j|\u2606Ciq108\n|j|\u2606EncoreVGC\n|t:|1683912546\n|gametype|doubles\n|player|p1|Ciq108|169|\n|player|p2|EncoreVGC|tuber|\n|teamsize|p1|6\n|teamsize|p2|6\n|gen|9\n|tier|[Gen 9] VGC 2023 Regulation C\n|rule|Species Clause: Limit one of each Pok\u00e9mon\n|rule|Item Clause: Limit one of each item\n|clearpoke\n|poke|p1|Hydreigon, L50, F|\n|poke|p1|Palafin, L50, F|\n|poke|p1|Garchomp, L50, M|\n|poke|p1|Kilowattrel, L50, M|\n|poke|p1|Orthworm, L50, M|\n|poke|p1|Gardevoir, L50, F|\n|poke|p2|Pelipper, L50, M|\n|poke|p2|Drednaw, L50, F|\n|poke|p2|Oranguru, L50, M|\n|poke|p2|Bellibolt, L50, F|\n|poke|p2|Salamence, L50, F|\n|poke|p2|Weavile, L50, F|\n|teampreview|4\n|c|\u2606EncoreVGC|G1\nEncoreVGC rejected open team sheets.\n|c|\u2606Ciq108|Glhf\n|c|\u2606EncoreVGC|Ok let me try and share\n|c|\u2606EncoreVGC|bare with me if i disconnect\n|c|\u2606Ciq108|Nah i got jt\n|c|\u2606EncoreVGC|im on ipad\n|c|\u2606Ciq108|Nw\n|c|\u2606EncoreVGC|Ok\n|c|\u2606EncoreVGC|Glhf\n|c|\u2606Ciq108|U2\n|c|\u2606Ciq108|Wanna wait for people or just go\n|c|\u2606EncoreVGC|We waiting for someone to record?\n|c|\u2606Ciq108|Yea\n|c|\u2606EncoreVGC|In that case lets wait a sec\n|c|\u2606EncoreVGC|I guess no one is around to record?\n|c|\u2606Ciq108|Yea idk\n|c|\u2606Ciq108|Lets wait till 40 then go ig\n|c|\u2606EncoreVGC|Im ready if you wanna go now\n|c|\u2606Ciq108|Yea ill give it till 37 then lets go\n|c|\u2606Ciq108|Would just be said if winners finals were left out of recording\n|c|\u2606Ciq108|Sad\n|j| TeamInferno Ted\n|c|\u2606EncoreVGC|Forgot this is actually winners finals\n|c| TeamInferno Ted|I got it guys, let me open obs first\n|j| Toy Time King\n|c|\u2606Ciq108|Thanks ted\n|c|\u2606Ciq108|Also hi ttk\n|c|\u2606EncoreVGC|Everybody coming at once\n|c| Toy Time King|no open tera preview?\n|c| Toy Time King|unless specs cant see it\n|c|\u2606EncoreVGC|Nope\n|c|\u2606Ciq108|Diff league\n|c| Toy Time King|oh\n|c| TeamInferno Ted|anything can tera and nobody knows ye\n|c|\u2606Ciq108|We good to go?\n|c| TeamInferno Ted|Yeah started the recording\n|c|\u2606Ciq108|Nice\n|c|\u2606EncoreVGC|I wouldnt mind an easy victory here after the last sweaty rounds xD\n|c|\u2606EncoreVGC|Glhf\n|j| Memebasedgod\n|\n|t:|1683913132\n|start\n|switch|p1a: da dolpheen boi|Palafin, L50, F|100\/100\n|switch|p1b: da wormy boi|Orthworm, L50, M|100\/100\n|switch|p2a: Oranguru|Oranguru, L50, M|100\/100\n|switch|p2b: Bellibolt|Bellibolt, L50, F|100\/100\n|turn|1\n|\n|t:|1683913160\n|detailschange|p1a: da dolpheen boi|Palafin-Hero, L50, F\n|switch|p1a: no burn neck boi|Hydreigon, L50, F|100\/100\n|move|p1b: da wormy boi|Shed Tail|p1b: da wormy boi\n|-start|p1b: da wormy boi|Substitute|[from] move: Shed Tail\n|-damage|p1b: da wormy boi|50\/100\n|-enditem|p1b: da wormy boi|Sitrus Berry|[eat]\n|-heal|p1b: da wormy boi|75\/100|[from] item: Sitrus Berry\n|\n|t:|1683913168\n|switch|p1b: da dolpheen boi|Palafin-Hero, L50, F|100\/100|[from] Shed Tail\n|-activate|p1b: da dolpheen boi|ability: Zero to Hero\n|move|p2b: Bellibolt|Muddy Water|p1a: no burn neck boi|[spread] p1a,p1b\n|-resisted|p1b: da dolpheen boi\n|-activate|p1b: da dolpheen boi|move: Substitute|[damage]\n|-resisted|p1a: no burn neck boi\n|-damage|p1a: no burn neck boi|95\/100\n|move|p2a: Oranguru|Trick Room|p2a: Oranguru\n|-fieldstart|move: Trick Room|[of] p2a: Oranguru\n|\n|upkeep\n|turn|2\n|\n|t:|1683913194\n|switch|p2a: Salamence|Salamence, L50, F|100\/100\n|-ability|p2a: Salamence|Intimidate|boost\n|-unboost|p1a: no burn neck boi|atk|1\n|-immune|p1b: da dolpheen boi\n|-terastallize|p1a: no burn neck boi|Electric\n|move|p2b: Bellibolt|Protect|p2b: Bellibolt\n|-singleturn|p2b: Bellibolt|Protect\n|move|p1a: no burn neck boi|Snarl|p2b: Bellibolt|[spread] p2a\n|-activate|p2b: Bellibolt|move: Protect\n|-damage|p2a: Salamence|83\/100\n|-unboost|p2a: Salamence|spa|1\n|move|p1b: da dolpheen boi|Wave Crash|p2a: Salamence\n|-resisted|p2a: Salamence\n|-damage|p2a: Salamence|41\/100\n|-damage|p1b: da dolpheen boi|87\/100|[from] Recoil\n|\n|upkeep\n|turn|3\n|\n|t:|1683913221\n|move|p1b: da dolpheen boi|Protect|p1b: da dolpheen boi\n|-singleturn|p1b: da dolpheen boi|Protect\n|move|p2b: Bellibolt|Thunderbolt|p1b: da dolpheen boi\n|-activate|p1b: da dolpheen boi|move: Protect\n|move|p1a: no burn neck boi|Snarl|p2b: Bellibolt|[spread] p2a,p2b\n|-crit|p2b: Bellibolt\n|-damage|p2a: Salamence|24\/100\n|-damage|p2b: Bellibolt|71\/100\n|-unboost|p2a: Salamence|spa|1\n|-unboost|p2b: Bellibolt|spa|1\n|-start|p2b: Bellibolt|Charge|Snarl|[from] ability: Electromorphosis\n|move|p2a: Salamence|Draco Meteor|p1b: da dolpheen boi\n|-activate|p1b: da dolpheen boi|move: Protect\n|\n|upkeep\n|turn|4\n|\n|t:|1683913247\n|move|p2b: Bellibolt|Protect|p2b: Bellibolt\n|-singleturn|p2b: Bellibolt|Protect\n|move|p1a: no burn neck boi|Snarl|p2a: Salamence|[spread] p2a\n|-activate|p2b: Bellibolt|move: Protect\n|-damage|p2a: Salamence|8\/100\n|-unboost|p2a: Salamence|spa|1\n|move|p1b: da dolpheen boi|Wave Crash|p2b: Bellibolt\n|-activate|p2b: Bellibolt|move: Protect\n|move|p2a: Salamence|Draco Meteor|p1b: da dolpheen boi\n|-end|p1b: da dolpheen boi|Substitute\n|-unboost|p2a: Salamence|spa|2\n|\n|upkeep\n|turn|5\n|\n|t:|1683913278\n|switch|p2b: Oranguru|Oranguru, L50, M|100\/100\n|move|p1b: da dolpheen boi|Protect|p1b: da dolpheen boi\n|-singleturn|p1b: da dolpheen boi|Protect\n|move|p1a: no burn neck boi|Snarl|p2a: Salamence|[spread] p2a,p2b\n|-supereffective|p2b: Oranguru\n|-enditem|p2b: Oranguru|Colbur Berry|[eat]\n|-enditem|p2b: Oranguru|Colbur Berry|[weaken]\n|-damage|p2a: Salamence|0 fnt\n|-damage|p2b: Oranguru|86\/100\n|-unboost|p2b: Oranguru|spa|1\n|faint|p2a: Salamence\n|\n|-fieldend|move: Trick Room\n|upkeep\n|\n|t:|1683913291\n|switch|p2a: Bellibolt|Bellibolt, L50, F|71\/100\n|turn|6\n|\n|t:|1683913304\n|move|p2b: Oranguru|Protect|p2b: Oranguru\n|-singleturn|p2b: Oranguru|Protect\n|move|p1b: da dolpheen boi|Wave Crash|p2b: Oranguru\n|-activate|p2b: Oranguru|move: Protect\n|move|p1a: no burn neck boi|Snarl|p2b: Oranguru|[spread] p2a\n|-activate|p2b: Oranguru|move: Protect\n|-damage|p2a: Bellibolt|51\/100\n|-unboost|p2a: Bellibolt|spa|1\n|-start|p2a: Bellibolt|Charge|Snarl|[from] ability: Electromorphosis\n|move|p2a: Bellibolt|Thunderbolt|p1b: da dolpheen boi\n|-supereffective|p1b: da dolpheen boi\n|-damage|p1b: da dolpheen boi|0 fnt\n|faint|p1b: da dolpheen boi\n|-end|p2a: Bellibolt|Charge|[silent]\n|\n|upkeep\n|\n|t:|1683913316\n|switch|p1b: da birb boi|Kilowattrel, L50, M|100\/100\n|turn|7\n|\n|t:|1683913330\n|move|p2a: Bellibolt|Protect|p2a: Bellibolt\n|-singleturn|p2a: Bellibolt|Protect\n|move|p1b: da birb boi|Air Slash|p2b: Oranguru\n|-damage|p2b: Oranguru|63\/100\n|move|p1a: no burn neck boi|Draco Meteor|p2a: Bellibolt\n|-activate|p2a: Bellibolt|move: Protect\n|move|p2b: Oranguru|Trick Room|p2b: Oranguru\n|-fieldstart|move: Trick Room|[of] p2b: Oranguru\n|\n|upkeep\n|turn|8\n|\n|t:|1683913348\n|move|p2b: Oranguru|Bulldoze|p1b: da birb boi|[spread] p2a\n|-immune|p1a: no burn neck boi|[from] ability: Levitate\n|-immune|p1b: da birb boi\n|-supereffective|p2a: Bellibolt\n|-damage|p2a: Bellibolt|40\/100\n|-unboost|p2a: Bellibolt|spe|1\n|-start|p2a: Bellibolt|Charge|Bulldoze|[from] ability: Electromorphosis\n|-enditem|p2a: Bellibolt|Weakness Policy\n|-boost|p2a: Bellibolt|atk|2|[from] item: Weakness Policy\n|-boost|p2a: Bellibolt|spa|2|[from] item: Weakness Policy\n|move|p2a: Bellibolt|Parabolic Charge|p1b: da birb boi|[spread] p1a,p1b\n|-activate|p2b: Oranguru|ability: Telepathy\n|-resisted|p1a: no burn neck boi\n|-damage|p1a: no burn neck boi|77\/100\n|-heal|p2a: Bellibolt|49\/100|[from] drain|[of] p1a: no burn neck boi\n|-enditem|p1b: da birb boi|Focus Sash\n|-damage|p1b: da birb boi|1\/100\n|-heal|p2a: Bellibolt|82\/100|[from] drain|[of] p1b: da birb boi\n|-end|p2a: Bellibolt|Charge|[silent]\n|move|p1a: no burn neck boi|Draco Meteor|p2a: Bellibolt\n|-damage|p2a: Bellibolt|19\/100\n|-unboost|p1a: no burn neck boi|spa|2\n|-start|p2a: Bellibolt|Charge|Draco Meteor|[from] ability: Electromorphosis\n|move|p1b: da birb boi|Air Slash|p2b: Oranguru\n|-damage|p2b: Oranguru|38\/100\n|\n|upkeep\n|turn|9\n|\n|t:|1683913386\n|switch|p2b: Pelipper|Pelipper, L50, M|100\/100\n|-weather|RainDance|[from] ability: Drizzle|[of] p2b: Pelipper\n|-terastallize|p2a: Bellibolt|Water\n|move|p2a: Bellibolt|Muddy Water|p1a: no burn neck boi|[spread] p1a,p1b\n|-damage|p1a: no burn neck boi|39\/100\n|-damage|p1b: da birb boi|0 fnt\n|-unboost|p1a: no burn neck boi|accuracy|1\n|faint|p1b: da birb boi\n|move|p1a: no burn neck boi|Draco Meteor|p2a: Bellibolt\n|-damage|p2a: Bellibolt|0 fnt\n|-unboost|p1a: no burn neck boi|spa|2\n|faint|p2a: Bellibolt\n|\n|-weather|RainDance|[upkeep]\n|upkeep\n|c| TeamInferno Ted|wow for a resisted to do that much damage is crazy\n|c| TeamInferno Ted|hit*\n|\n|t:|1683913401\n|switch|p2a: Oranguru|Oranguru, L50, M|38\/100\n|switch|p1b: da wormy boi|Orthworm, L50, M|75\/100\n|turn|10\n|\n|t:|1683913414\n|move|p2a: Oranguru|Psychic|p1a: no burn neck boi\n|-damage|p1a: no burn neck boi|22\/100\n|move|p1b: da wormy boi|Iron Defense|p1b: da wormy boi\n|-boost|p1b: da wormy boi|def|2\n|move|p2b: Pelipper|Hydro Pump|p1a: no burn neck boi\n|-damage|p1a: no burn neck boi|0 fnt\n|faint|p1a: no burn neck boi\n|\n|-weather|RainDance|[upkeep]\n|upkeep\n|turn|11\n|\n|t:|1683913428\n|move|p2a: Oranguru|Psychic|p1b: da wormy boi\n|-resisted|p1b: da wormy boi\n|-damage|p1b: da wormy boi|60\/100\n|move|p1b: da wormy boi|Body Press|p2a: Oranguru\n|-damage|p2a: Oranguru|0 fnt\n|faint|p2a: Oranguru\n|move|p2b: Pelipper|Hydro Pump|p1b: da wormy boi|[miss]\n|-miss|p2b: Pelipper|p1b: da wormy boi\n|\n|-weather|RainDance|[upkeep]\n|-fieldend|move: Trick Room\n|upkeep\n|turn|12\n|\n|t:|1683913440\n|move|p1b: da wormy boi|Protect|p1b: da wormy boi\n|-singleturn|p1b: da wormy boi|Protect\n|move|p2b: Pelipper|Hydro Pump|p1b: da wormy boi\n|-activate|p1b: da wormy boi|move: Protect\n|\n|-weather|RainDance|[upkeep]\n|upkeep\n|turn|13\n|\n|t:|1683913447\n|move|p2b: Pelipper|Hydro Pump|p1b: da wormy boi|[miss]\n|-miss|p2b: Pelipper|p1b: da wormy boi\n|move|p1b: da wormy boi|Body Press|p2b: Pelipper\n|-resisted|p2b: Pelipper\n|-damage|p2b: Pelipper|75\/100\n|\n|-weather|none\n|upkeep\n|turn|14\n|\n|t:|1683913455\n|move|p2b: Pelipper|Protect|p2b: Pelipper\n|-singleturn|p2b: Pelipper|Protect\n|move|p1b: da wormy boi|Protect||[still]\n|-fail|p1b: da wormy boi\n|\n|upkeep\n|turn|15\n|\n|t:|1683913460\n|move|p1b: da wormy boi|Protect|p1b: da wormy boi\n|-singleturn|p1b: da wormy boi|Protect\n|move|p2b: Pelipper|Hydro Pump|p1b: da wormy boi\n|-activate|p1b: da wormy boi|move: Protect\n|\n|upkeep\n|turn|16\n|\n|t:|1683913475\n|move|p2b: Pelipper|Hydro Pump|p1b: da wormy boi\n|-damage|p1b: da wormy boi|7\/100\n|move|p1b: da wormy boi|Body Press|p2b: Pelipper\n|-resisted|p2b: Pelipper\n|-damage|p2b: Pelipper|49\/100\n|-enditem|p2b: Pelipper|Sitrus Berry|[eat]\n|-heal|p2b: Pelipper|74\/100|[from] item: Sitrus Berry\n|\n|upkeep\n|turn|17\n|\n|t:|1683913485\n|move|p1b: da wormy boi|Protect|p1b: da wormy boi\n|-singleturn|p1b: da wormy boi|Protect\n|move|p2b: Pelipper|Hurricane|p1b: da wormy boi\n|-activate|p1b: da wormy boi|move: Protect\n|\n|upkeep\n|turn|18\n|\n|t:|1683913491\n|move|p2b: Pelipper|Hydro Pump|p1b: da wormy boi\n|-damage|p1b: da wormy boi|0 fnt\n|faint|p1b: da wormy boi\n|\n|win|EncoreVGC\n|c|\u2606Ciq108|Gg\n|c| TeamInferno Ted|ggs\n|c|\u2606EncoreVGC|Gg\n|l| TeamInferno Ted\n|l|\u2606Ciq108\n|j| MattStarVGC\n|l| MattStarVGC\n|l| Toy Time King\n|l| Memebasedgod\n|j|\u2606Ciq108\n|player|p1|Ciq108|169\n","uploadtime":1683913507,"views":13,"p1id":"ciq108","p2id":"encorevgc","formatid":"gen9vgc2023regulationc","rating":0,"private":0,"password":""}