{"id":"gen9vgc2023regulationc-1859488911","p1":"Kenepa21","p2":"chipndip","format":"[Gen 9] VGC 2023 Regulation C","log":"|j|\u2606Kenepa21\n|j|\u2606chipndip\n|t:|1683474929\n|gametype|doubles\n|player|p1|Kenepa21|101|1426\n|player|p2|chipndip|marlon|1420\n|teamsize|p1|6\n|teamsize|p2|6\n|gen|9\n|tier|[Gen 9] VGC 2023 Regulation C\n|rated|\n|rule|Species Clause: Limit one of each Pok\u00e9mon\n|rule|Item Clause: Limit one of each item\n|clearpoke\n|poke|p1|Iron Moth, L50|\n|poke|p1|Hydreigon, L50, F|\n|poke|p1|Gyarados, L50, M|\n|poke|p1|Maushold-Four, L50|\n|poke|p1|Annihilape, L50, M|\n|poke|p1|Gardevoir, L50, F|\n|poke|p2|Annihilape, L50, M|\n|poke|p2|Garganacl, L50, M|\n|poke|p2|Iron Bundle, L50|\n|poke|p2|Amoonguss, L50, F|\n|poke|p2|Sylveon, L50, F|\n|poke|p2|Iron Moth, L50|\n|teampreview|4\nchipndip has agreed to open team sheets.\n|inactive|Battle timer is ON: inactive players will automatically lose when time's up. (requested by chipndip)\nKenepa21 has agreed to open team sheets.\n|inactive|chipndip has 60 seconds left.\n|inactive|chipndip has 30 seconds left.\n|inactive|chipndip has 20 seconds left.\n|inactive|chipndip has 15 seconds left.\n|inactive|chipndip has 10 seconds left.\n|inactive|chipndip has 5 seconds left.\n|\n|t:|1683475027\n|start\n|switch|p1a: Gardevoir|Gardevoir, L50, F|100\/100\n|switch|p1b: Iron Moth|Iron Moth, L50|100\/100\n|switch|p2a: Amoonguss|Amoonguss, L50, F|100\/100\n|switch|p2b: Sylveon|Sylveon, L50, F|100\/100\n|-enditem|p1b: Iron Moth|Booster Energy\n|-activate|p1b: Iron Moth|ability: Quark Drive|[fromitem]\n|-start|p1b: Iron Moth|quarkdrivespe\n|turn|1\n|\n|t:|1683475049\n|-terastallize|p2a: Amoonguss|Fire\n|move|p2b: Sylveon|Protect|p2b: Sylveon\n|-singleturn|p2b: Sylveon|Protect\n|move|p1b: Iron Moth|Sludge Wave|p2b: Sylveon|[spread] p2a\n|-activate|p2b: Sylveon|move: Protect\n|-activate|p1a: Gardevoir|ability: Telepathy\n|-damage|p2a: Amoonguss|71\/100\n|-status|p2a: Amoonguss|psn\n|move|p1a: Gardevoir|Psychic|p2a: Amoonguss\n|-damage|p2a: Amoonguss|33\/100 psn\n|move|p2a: Amoonguss|Spore|p1b: Iron Moth\n|-status|p1b: Iron Moth|slp|[from] move: Spore\n|\n|-damage|p2a: Amoonguss|20\/100 psn|[from] psn\n|upkeep\n|turn|2\n|\n|t:|1683475071\n|move|p2a: Amoonguss|Protect|p2a: Amoonguss\n|-singleturn|p2a: Amoonguss|Protect\n|cant|p1b: Iron Moth|slp\n|move|p1a: Gardevoir|Psychic|p2b: Sylveon\n|-damage|p2b: Sylveon|64\/100\n|-unboost|p2b: Sylveon|spd|1\n|move|p2b: Sylveon|Hyper Voice|p1a: Gardevoir|[spread] p1a,p1b\n|-resisted|p1b: Iron Moth\n|-crit|p1b: Iron Moth\n|-damage|p1a: Gardevoir|54\/100\n|-damage|p1b: Iron Moth|86\/100 slp\n|-enditem|p2b: Sylveon|Throat Spray\n|-boost|p2b: Sylveon|spa|1|[from] item: Throat Spray\n|\n|-damage|p2a: Amoonguss|8\/100 psn|[from] psn\n|upkeep\n|turn|3\n|\n|t:|1683475092\n|move|p2a: Amoonguss|Rage Powder|p2a: Amoonguss\n|-singleturn|p2a: Amoonguss|move: Rage Powder\n|cant|p1b: Iron Moth|slp\n|move|p1a: Gardevoir|Psychic|p2a: Amoonguss\n|-damage|p2a: Amoonguss|0 fnt\n|faint|p2a: Amoonguss\n|move|p2b: Sylveon|Hyper Voice|p1b: Iron Moth|[spread] p1a,p1b\n|-resisted|p1b: Iron Moth\n|-damage|p1a: Gardevoir|0 fnt\n|-damage|p1b: Iron Moth|70\/100 slp\n|faint|p1a: Gardevoir\n|\n|upkeep\n|\n|t:|1683475102\n|switch|p1a: Hydreigon|Hydreigon, L50, F|100\/100\n|switch|p2a: Iron Bundle|Iron Bundle, L50|100\/100\n|turn|4\n|\n|t:|1683475114\n|-terastallize|p1a: Hydreigon|Poison\n|move|p2b: Sylveon|Protect|p2b: Sylveon\n|-singleturn|p2b: Sylveon|Protect\n|-curestatus|p1b: Iron Moth|slp|[msg]\n|move|p1b: Iron Moth|Sludge Wave|p2a: Iron Bundle|[spread] p1a,p2a\n|-activate|p2b: Sylveon|move: Protect\n|-resisted|p1a: Hydreigon\n|-crit|p1a: Hydreigon\n|-damage|p1a: Hydreigon|85\/100\n|-damage|p2a: Iron Bundle|36\/100\n|move|p2a: Iron Bundle|Hydro Pump|p1b: Iron Moth\n|-supereffective|p1b: Iron Moth\n|-damage|p1b: Iron Moth|0 fnt\n|faint|p1b: Iron Moth\n|-end|p1b: Iron Moth|Quark Drive|[silent]\n|move|p1a: Hydreigon|Dark Pulse|p2a: Iron Bundle\n|-damage|p2a: Iron Bundle|0 fnt\n|faint|p2a: Iron Bundle\n|-end|p2a: Iron Bundle|Quark Drive|[silent]\n|\n|upkeep\n|\n|t:|1683475131\n|switch|p2a: Annihilape|Annihilape, L50, M|100\/100\n|switch|p1b: Annihilape|Annihilape, L50, M|100\/100\n|turn|5\n|inactive|chipndip has 30 seconds left.\n|\n|t:|1683475165\n|move|p1a: Hydreigon|Flash Cannon|p2b: Sylveon\n|-supereffective|p2b: Sylveon\n|-damage|p2b: Sylveon|0 fnt\n|faint|p2b: Sylveon\n|move|p1b: Annihilape|Bulk Up|p1b: Annihilape\n|-boost|p1b: Annihilape|atk|1\n|-boost|p1b: Annihilape|def|1\n|move|p2a: Annihilape|Rage Fist|p1b: Annihilape\n|-supereffective|p1b: Annihilape\n|-damage|p1b: Annihilape|66\/100\n|\n|upkeep\n|turn|6\n|-message|chipndip forfeited.\n|\n|win|Kenepa21\n|raw|Kenepa21's rating: 1426 → 1446<\/strong> (+20 for winning)\n|raw|chipndip's rating: 1420 → 1400<\/strong> (-20 for losing)\n|l|\u2606chipndip\n","uploadtime":1683475184,"views":2,"p1id":"kenepa21","p2id":"chipndip","formatid":"gen9vgc2023regulationc","rating":1400,"private":0,"password":""}