{"id":"gen9vgc2023regulationc-1852331677","p1":"Manolo M","p2":"Post GC2 testing","format":"[Gen 9] VGC 2023 Regulation C","log":"|j|\u2606Manolo M\n|j|\u2606Post GC2 testing\n|t:|1682544884\n|gametype|doubles\n|player|p1|Manolo M|skier|1320\n|player|p2|Post GC2 testing|colress|1395\n|teamsize|p1|6\n|teamsize|p2|6\n|gen|9\n|tier|[Gen 9] VGC 2023 Regulation C\n|rated|\n|rule|Species Clause: Limit one of each Pok\u00e9mon\n|rule|Item Clause: Limit one of each item\n|clearpoke\n|poke|p1|Vaporeon, L50, F|\n|poke|p1|Abomasnow, L50, M|\n|poke|p1|Iron Bundle, L50|\n|poke|p1|Murkrow, L50, M|\n|poke|p1|Baxcalibur, L50, F|\n|poke|p1|Crabominable, L50, M|\n|poke|p2|Orthworm, L50, F|\n|poke|p2|Dragonite, L50, M|\n|poke|p2|Ting-Lu, L50|\n|poke|p2|Gyarados, L50, M|\n|poke|p2|Flutter Mane, L50|\n|poke|p2|Chien-Pao, L50|\n|teampreview|4\n|\n|t:|1682544920\n|start\n|switch|p1a: Murkrow|Murkrow, L50, M|100\/100\n|switch|p1b: Iron Bundle|Iron Bundle, L50|100\/100\n|switch|p2a: Ting-Lu|Ting-Lu, L50|100\/100\n|switch|p2b: Orthworm|Orthworm, L50, F|100\/100\n|-ability|p2a: Ting-Lu|Vessel of Ruin\n|turn|1\n|\n|t:|1682544963\n|-end|p1b: Iron Bundle|Quark Drive|[silent]\n|switch|p1b: Crabominable|Crabominable, L50, M|100\/100\n|move|p1a: Murkrow|Tailwind|p1a: Murkrow\n|-sidestart|p1: Manolo M|move: Tailwind\n|move|p2a: Ting-Lu|Earthquake|p1b: Crabominable|[spread] p1b\n|-immune|p2b: Orthworm|[from] ability: Earth Eater\n|-immune|p1a: Murkrow\n|-damage|p1b: Crabominable|43\/100\n|move|p2b: Orthworm|Body Press|p1b: Crabominable\n|-supereffective|p1b: Crabominable\n|-damage|p1b: Crabominable|0 fnt\n|faint|p1b: Crabominable\n|\n|upkeep\n|\n|t:|1682544978\n|switch|p1b: Iron Bundle|Iron Bundle, L50|100\/100\n|turn|2\n|\n|t:|1682544992\n|switch|p1a: Abomasnow|Abomasnow, L50, M|100\/100\n|-weather|Snow|[from] ability: Snow Warning|[of] p1a: Abomasnow\n|-terastallize|p1b: Iron Bundle|Ice\n|move|p1b: Iron Bundle|Blizzard|p2b: Orthworm|[spread] p2a,p2b\n|-supereffective|p2a: Ting-Lu\n|-resisted|p2b: Orthworm\n|-damage|p2a: Ting-Lu|49\/100\n|-damage|p2b: Orthworm|77\/100\n|-status|p2a: Ting-Lu|frz\n|-status|p2b: Orthworm|frz\n|-curestatus|p2a: Ting-Lu|frz|[msg]\n|move|p2a: Ting-Lu|Earthquake|p1a: Abomasnow|[spread] p1a,p1b\n|-heal|p2b: Orthworm|100\/100 frz|[from] ability: Earth Eater|[of] p2a: Ting-Lu\n|-resisted|p1a: Abomasnow\n|-damage|p1a: Abomasnow|86\/100\n|-damage|p1b: Iron Bundle|65\/100\n|cant|p2b: Orthworm|frz\n|\n|-weather|Snow|[upkeep]\n|upkeep\n|turn|3\n|\n|t:|1682545015\n|move|p1b: Iron Bundle|Blizzard|p2a: Ting-Lu|[spread] p2a,p2b\n|-supereffective|p2a: Ting-Lu\n|-resisted|p2b: Orthworm\n|-damage|p2a: Ting-Lu|0 fnt\n|-damage|p2b: Orthworm|78\/100 frz\n|faint|p2a: Ting-Lu\n|move|p1a: Abomasnow|Aurora Veil|p1a: Abomasnow\n|-sidestart|p1: Manolo M|move: Aurora Veil\n|cant|p2b: Orthworm|frz\n|\n|-weather|Snow|[upkeep]\n|upkeep\n|\n|t:|1682545047\n|switch|p2a: Flutter Mane|Flutter Mane, L50|100\/100\n|turn|4\n|\n|t:|1682545058\n|switch|p1a: Murkrow|Murkrow, L50, M|100\/100\n|-terastallize|p2a: Flutter Mane|Fairy\n|move|p1b: Iron Bundle|Blizzard|p2b: Orthworm|[spread] p2a,p2b\n|-resisted|p2b: Orthworm\n|-damage|p2a: Flutter Mane|58\/100\n|-damage|p2b: Orthworm|49\/100 frz\n|-enditem|p2b: Orthworm|Sitrus Berry|[eat]\n|-heal|p2b: Orthworm|74\/100 frz|[from] item: Sitrus Berry\n|move|p2a: Flutter Mane|Moonblast|p1b: Iron Bundle\n|-damage|p1b: Iron Bundle|15\/100\n|cant|p2b: Orthworm|frz\n|\n|-weather|Snow|[upkeep]\n|-sideend|p1: Manolo M|move: Tailwind\n|upkeep\n|turn|5\n|\n|t:|1682545092\n|move|p1a: Murkrow|Tailwind|p1a: Murkrow\n|-sidestart|p1: Manolo M|move: Tailwind\n|move|p1b: Iron Bundle|Blizzard|p2a: Flutter Mane|[spread] p2a,p2b\n|-resisted|p2b: Orthworm\n|-damage|p2a: Flutter Mane|8\/100\n|-damage|p2b: Orthworm|44\/100 frz\n|move|p2a: Flutter Mane|Moonblast|p1a: Murkrow\n|-supereffective|p1a: Murkrow\n|-damage|p1a: Murkrow|0 fnt\n|faint|p1a: Murkrow\n|cant|p2b: Orthworm|frz\n|\n|-weather|Snow|[upkeep]\n|upkeep\n|\n|t:|1682545105\n|switch|p1a: Abomasnow|Abomasnow, L50, M|86\/100\n|turn|6\n|\n|t:|1682545127\n|-end|p2a: Flutter Mane|Protosynthesis|[silent]\n|switch|p2a: Gyarados|Gyarados, L50, M|100\/100\n|-ability|p2a: Gyarados|Intimidate|boost\n|-unboost|p1a: Abomasnow|atk|1\n|-unboost|p1b: Iron Bundle|atk|1\n|move|p1b: Iron Bundle|Icy Wind|p2b: Orthworm|[spread] p2a,p2b\n|-resisted|p2b: Orthworm\n|-damage|p2a: Gyarados|78\/100\n|-damage|p2b: Orthworm|27\/100 frz\n|-unboost|p2a: Gyarados|spe|1\n|-unboost|p2b: Orthworm|spe|1\n|move|p1a: Abomasnow|Blizzard|p2b: Orthworm|[spread] p2a,p2b\n|-resisted|p2b: Orthworm\n|-damage|p2a: Gyarados|56\/100\n|-damage|p2b: Orthworm|12\/100 frz\n|-curestatus|p2b: Orthworm|frz|[msg]\n|move|p2b: Orthworm|Body Press|p1b: Iron Bundle\n|-supereffective|p1b: Iron Bundle\n|-damage|p1b: Iron Bundle|0 fnt\n|faint|p1b: Iron Bundle\n|-end|p1b: Iron Bundle|Quark Drive|[silent]\n|\n|-weather|Snow|[upkeep]\n|upkeep\n|turn|7\n|\n|t:|1682545151\n|move|p1a: Abomasnow|Blizzard|p2a: Gyarados|[spread] p2a,p2b\n|-resisted|p2b: Orthworm\n|-damage|p2a: Gyarados|34\/100\n|-damage|p2b: Orthworm|0 fnt\n|faint|p2b: Orthworm\n|move|p2a: Gyarados|Bulldoze|p1a: Abomasnow\n|-resisted|p1a: Abomasnow\n|-damage|p1a: Abomasnow|83\/100\n|-unboost|p1a: Abomasnow|spe|1\n|\n|-weather|Snow|[upkeep]\n|-sideend|p1: Manolo M|move: Aurora Veil\n|upkeep\n|\n|t:|1682545153\n|switch|p2b: Flutter Mane|Flutter Mane, L50, tera:Fairy|8\/100\n|turn|8\n|j| Pchess\n|\n|t:|1682545186\n|move|p2b: Flutter Mane|Moonblast|p1a: Abomasnow\n|-damage|p1a: Abomasnow|4\/100\n|-unboost|p1a: Abomasnow|spa|1\n|move|p1a: Abomasnow|Blizzard|p2b: Flutter Mane|[spread] p2a,p2b\n|-damage|p2a: Gyarados|19\/100\n|-damage|p2b: Flutter Mane|0 fnt\n|faint|p2b: Flutter Mane\n|-end|p2b: Flutter Mane|Protosynthesis|[silent]\n|move|p2a: Gyarados|Waterfall|p1a: Abomasnow\n|-resisted|p1a: Abomasnow\n|-damage|p1a: Abomasnow|0 fnt\n|faint|p1a: Abomasnow\n|\n|win|Post GC2 testing\n|raw|Manolo M's rating: 1320 → 1304<\/strong> (-16 for losing)\n|raw|Post GC2 testing's rating: 1395 → 1411<\/strong> (+16 for winning)\n|l|\u2606Manolo M\n","uploadtime":1682545244,"views":14,"p1id":"manolom","p2id":"postgc2testing","formatid":"gen9vgc2023regulationc","rating":1304,"private":0,"password":""}