{"id":"gen9vgc2023regulationc-1856577630","p1":"kricketot marx","p2":"chaoneng","format":"[Gen 9] VGC 2023 Regulation C","log":"|j|\u2606kricketot marx\n|j|\u2606chaoneng\n|t:|1683077922\n|gametype|doubles\n|player|p1|kricketot marx|flannery|1423\n|player|p2|chaoneng|kimonogirl|1426\n|teamsize|p1|6\n|teamsize|p2|6\n|gen|9\n|tier|[Gen 9] VGC 2023 Regulation C\n|rated|\n|rule|Species Clause: Limit one of each Pok\u00e9mon\n|rule|Item Clause: Limit one of each item\n|clearpoke\n|poke|p1|Garganacl, L50, F|\n|poke|p1|Flutter Mane, L50|\n|poke|p1|Iron Bundle, L50|\n|poke|p1|Abomasnow, L50, F|\n|poke|p1|Arcanine, L50, F|\n|poke|p1|Ting-Lu, L50|\n|poke|p2|Chien-Pao, L50|\n|poke|p2|Dragonite, L50, M|\n|poke|p2|Amoonguss, L50, F|\n|poke|p2|Flutter Mane, L50|\n|poke|p2|Annihilape, L50, M|\n|poke|p2|Maushold-Four, L50|\n|teampreview|4\n|inactive|Battle timer is ON: inactive players will automatically lose when time's up. (requested by chaoneng)\n|inactive|kricketot marx has 60 seconds left.\n|\n|t:|1683077980\n|start\n|switch|p1a: Abomasnow|Abomasnow, L50, F|100\/100\n|switch|p1b: Iron Bundle|Iron Bundle, L50|100\/100\n|switch|p2a: Maushold|Maushold-Four, L50|100\/100\n|switch|p2b: Annihilape|Annihilape, L50, M|100\/100\n|-weather|Snow|[from] ability: Snow Warning|[of] p1a: Abomasnow\n|turn|1\n|inactive|kricketot marx has 30 seconds left.\n|inactive|chaoneng has 30 seconds left.\n|inactive|chaoneng has 20 seconds left.\n|inactive|kricketot marx has 20 seconds left.\n|inactive|chaoneng has 15 seconds left.\n|\n|t:|1683078026\n|move|p1b: Iron Bundle|Blizzard|p2a: Maushold|[spread] p2a,p2b\n|-damage|p2a: Maushold|54\/100\n|-damage|p2b: Annihilape|72\/100\n|-status|p2b: Annihilape|frz\n|move|p2a: Maushold|Beat Up|p2b: Annihilape\n|-damage|p2b: Annihilape|70\/100 frz\n|-damage|p2b: Annihilape|69\/100 frz\n|-damage|p2b: Annihilape|67\/100 frz\n|-hitcount|p2b: Annihilape|3\n|cant|p2b: Annihilape|frz\n|move|p1a: Abomasnow|Aurora Veil|p1a: Abomasnow\n|-sidestart|p1: kricketot marx|move: Aurora Veil\n|\n|-weather|Snow|[upkeep]\n|-heal|p2b: Annihilape|73\/100 frz|[from] item: Leftovers\n|upkeep\n|turn|2\n|\n|t:|1683078044\n|move|p2a: Maushold|Protect|p2a: Maushold\n|-singleturn|p2a: Maushold|Protect\n|move|p1b: Iron Bundle|Blizzard|p2a: Maushold|[spread] p2b\n|-activate|p2a: Maushold|move: Protect\n|-damage|p2b: Annihilape|44\/100 frz\n|cant|p2b: Annihilape|frz\n|move|p1a: Abomasnow|Blizzard|p2a: Maushold|[spread] p2b\n|-activate|p2a: Maushold|move: Protect\n|-crit|p2b: Annihilape\n|-damage|p2b: Annihilape|13\/100 frz\n|\n|-weather|Snow|[upkeep]\n|-heal|p2b: Annihilape|19\/100 frz|[from] item: Leftovers\n|upkeep\n|turn|3\n|inactive|chaoneng has 30 seconds left.\n|\n|t:|1683078071\n|move|p1b: Iron Bundle|Blizzard|p2b: Annihilape|[spread] p2a,p2b\n|-damage|p2a: Maushold|5\/100\n|-damage|p2b: Annihilape|0 fnt\n|faint|p2b: Annihilape\n|move|p2a: Maushold|Taunt|p1b: Iron Bundle\n|-start|p1b: Iron Bundle|move: Taunt\n|move|p1a: Abomasnow|Blizzard|p2a: Maushold\n|-damage|p2a: Maushold|0 fnt\n|faint|p2a: Maushold\n|\n|-weather|Snow|[upkeep]\n|upkeep\n|\n|t:|1683078084\n|switch|p2a: Amoonguss|Amoonguss, L50, F|100\/100\n|switch|p2b: Flutter Mane|Flutter Mane, L50|100\/100\n|turn|4\n|\n|t:|1683078096\n|-terastallize|p2a: Amoonguss|Water\n|move|p1b: Iron Bundle|Icy Wind|p2b: Flutter Mane|[spread] p2a,p2b\n|-resisted|p2a: Amoonguss\n|-damage|p2a: Amoonguss|93\/100\n|-damage|p2b: Flutter Mane|79\/100\n|-unboost|p2a: Amoonguss|spe|1\n|-unboost|p2b: Flutter Mane|spe|1\n|move|p2b: Flutter Mane|Moonblast|p1a: Abomasnow\n|-damage|p1a: Abomasnow|35\/100\n|-unboost|p1a: Abomasnow|spa|1\n|move|p1a: Abomasnow|Blizzard|p2b: Flutter Mane|[spread] p2a,p2b\n|-resisted|p2a: Amoonguss\n|-damage|p2a: Amoonguss|85\/100\n|-damage|p2b: Flutter Mane|56\/100\n|move|p2a: Amoonguss|Spore|p1b: Iron Bundle\n|-status|p1b: Iron Bundle|slp|[from] move: Spore\n|\n|-weather|Snow|[upkeep]\n|upkeep\n|turn|5\n|inactive|kricketot marx has 30 seconds left.\n|\n|t:|1683078126\n|cant|p1b: Iron Bundle|slp\n|move|p2b: Flutter Mane|Moonblast|p1a: Abomasnow\n|-damage|p1a: Abomasnow|0 fnt\n|faint|p1a: Abomasnow\n|move|p2a: Amoonguss|Pollen Puff|p2b: Flutter Mane\n|-heal|p2b: Flutter Mane|100\/100\n|\n|-weather|none\n|-sideend|p1: kricketot marx|move: Aurora Veil\n|upkeep\n|\n|t:|1683078144\n|switch|p1a: Garganacl|Garganacl, L50, F, shiny|100\/100\n|turn|6\n|\n|t:|1683078153\n|-terastallize|p1a: Garganacl|Poison\n|move|p2a: Amoonguss|Rage Powder|p2a: Amoonguss\n|-singleturn|p2a: Amoonguss|move: Rage Powder\n|-curestatus|p1b: Iron Bundle|slp|[msg]\n|move|p1b: Iron Bundle|Freeze-Dry|p2a: Amoonguss\n|-supereffective|p2a: Amoonguss\n|-damage|p2a: Amoonguss|32\/100\n|-enditem|p2a: Amoonguss|Sitrus Berry|[eat]\n|-heal|p2a: Amoonguss|57\/100|[from] item: Sitrus Berry\n|move|p2b: Flutter Mane|Moonblast|p1a: Garganacl\n|-resisted|p1a: Garganacl\n|-damage|p1a: Garganacl|74\/100\n|-unboost|p1a: Garganacl|spa|1\n|move|p1a: Garganacl|Salt Cure|p2a: Amoonguss\n|-damage|p2a: Amoonguss|44\/100\n|-start|p2a: Amoonguss|Salt Cure\n|\n|-heal|p1a: Garganacl|80\/100|[from] item: Leftovers\n|-damage|p2a: Amoonguss|19\/100|[from] Salt Cure\n|-end|p1b: Iron Bundle|move: Taunt\n|upkeep\n|turn|7\n|-message|chaoneng forfeited.\n|\n|win|kricketot marx\n|raw|kricketot marx's rating: 1423 → 1443<\/strong> (+20 for winning)\n|raw|chaoneng's rating: 1426 → 1406<\/strong> (-20 for losing)\n","uploadtime":1683078194,"views":18,"p1id":"kricketotmarx","p2id":"chaoneng","formatid":"gen9vgc2023regulationc","rating":1406,"private":0,"password":""}