{"id":"gen9vgc2023regulationc-1854931987","p1":"Joull","p2":"squishheh","format":"[Gen 9] VGC 2023 Regulation C","log":"|j|\u2606Joull\n|j|\u2606squishheh\n|t:|1682882146\n|gametype|doubles\n|player|p1|Joull|lance-gen2|1148\n|player|p2|squishheh|lucas|1241\n|teamsize|p1|6\n|teamsize|p2|6\n|gen|9\n|tier|[Gen 9] VGC 2023 Regulation C\n|rated|\n|rule|Species Clause: Limit one of each Pok\u00e9mon\n|rule|Item Clause: Limit one of each item\n|clearpoke\n|poke|p1|Lycanroc, L50, F|\n|poke|p1|Tyranitar, L50, F|\n|poke|p1|Gastrodon-East, L50, F|\n|poke|p1|Annihilape, L50, M|\n|poke|p1|Brambleghast, L50, M|\n|poke|p1|Corviknight, L50, M|\n|poke|p2|Grimmsnarl, L50, M|\n|poke|p2|Arcanine, L50, M|\n|poke|p2|Iron Hands, L50|\n|poke|p2|Gastrodon-East, L50, M|\n|poke|p2|Sylveon, L50, F|\n|poke|p2|Corviknight, L50, M|\n|teampreview|4\n|\n|t:|1682882178\n|start\n|switch|p1a: Tyranitar|Tyranitar, L50, F, shiny|100\/100\n|switch|p1b: Lycanroc|Lycanroc, L50, F, shiny|100\/100\n|switch|p2a: grime|Grimmsnarl, L50, M|100\/100\n|switch|p2b: soul|Arcanine, L50, M|100\/100\n|-ability|p2b: soul|Intimidate|boost\n|-unboost|p1a: Tyranitar|atk|1\n|-unboost|p1b: Lycanroc|atk|1\n|-weather|Sandstorm|[from] ability: Sand Stream|[of] p1a: Tyranitar\n|turn|1\n|\n|t:|1682882197\n|move|p1b: Lycanroc|Protect|p1b: Lycanroc\n|-singleturn|p1b: Lycanroc|Protect\n|move|p2a: grime|Reflect|p2a: grime\n|-sidestart|p2: squishheh|Reflect\n|move|p2b: soul|Close Combat|p1a: Tyranitar\n|-supereffective|p1a: Tyranitar\n|-damage|p1a: Tyranitar|0 fnt\n|-unboost|p2b: soul|def|1\n|-unboost|p2b: soul|spd|1\n|faint|p1a: Tyranitar\n|\n|-weather|Sandstorm|[upkeep]\n|-damage|p2b: soul|94\/100|[from] Sandstorm\n|-damage|p2a: grime|95\/100|[from] Sandstorm\n|upkeep\n|\n|t:|1682882212\n|switch|p1a: Corviknight|Corviknight, L50, M, shiny|100\/100\n|turn|2\n|\n|t:|1682882222\n|switch|p2b: trap|Iron Hands, L50|100\/100\n|move|p2a: grime|Light Screen|p2a: grime\n|-sidestart|p2: squishheh|move: Light Screen\n|move|p1b: Lycanroc|Psychic Fangs|p2b: trap\n|-sideend|p2: squishheh|Reflect\n|-sideend|p2: squishheh|move: Light Screen\n|-supereffective|p2b: trap\n|-damage|p2b: trap|75\/100\n|move|p1a: Corviknight|Iron Head|p2a: grime\n|-supereffective|p2a: grime\n|-damage|p2a: grime|37\/100\n|\n|-weather|Sandstorm|[upkeep]\n|-damage|p2a: grime|31\/100|[from] Sandstorm\n|-damage|p2b: trap|69\/100|[from] Sandstorm\n|upkeep\n|turn|3\n|\n|t:|1682882246\n|switch|p1b: Brambleghast|Brambleghast, L50, M|100\/100\n|move|p1a: Corviknight|Tailwind|p1a: Corviknight\n|-sidestart|p1: Joull|move: Tailwind\n|-ability|p1b: Brambleghast|Wind Rider|boost\n|-boost|p1b: Brambleghast|atk|1\n|move|p2a: grime|Spirit Break|p1b: Brambleghast\n|-damage|p1b: Brambleghast|52\/100\n|-unboost|p1b: Brambleghast|spa|1\n|move|p2b: trap|Drain Punch|p1b: Brambleghast\n|-immune|p1b: Brambleghast\n|\n|-weather|Sandstorm|[upkeep]\n|-damage|p1b: Brambleghast|45\/100|[from] Sandstorm\n|-damage|p2a: grime|25\/100|[from] Sandstorm\n|-damage|p2b: trap|63\/100|[from] Sandstorm\n|upkeep\n|turn|4\n|\n|t:|1682882270\n|move|p2a: grime|Reflect|p2a: grime\n|-sidestart|p2: squishheh|Reflect\n|move|p1b: Brambleghast|Leech Seed|p2b: trap\n|-start|p2b: trap|move: Leech Seed\n|move|p1a: Corviknight|Iron Head|p2a: grime\n|-supereffective|p2a: grime\n|-damage|p2a: grime|0 fnt\n|faint|p2a: grime\n|move|p2b: trap|Swords Dance|p2b: trap\n|-boost|p2b: trap|atk|2\n|\n|-weather|Sandstorm|[upkeep]\n|-damage|p1b: Brambleghast|39\/100|[from] Sandstorm\n|-damage|p2b: trap|57\/100|[from] Sandstorm\n|-damage|p2b: trap|44\/100|[from] Leech Seed|[of] p1b: Brambleghast\n|-heal|p1b: Brambleghast|60\/100|[silent]\n|upkeep\n|-enditem|p2b: trap|Sitrus Berry|[eat]\n|-heal|p2b: trap|69\/100|[from] item: Sitrus Berry\n|\n|t:|1682882279\n|switch|p2a: grunge|Corviknight, L50, M, shiny|100\/100\n|turn|5\n|\n|t:|1682882306\n|move|p1b: Brambleghast|Leech Seed|p2a: grunge|[miss]\n|-miss|p1b: Brambleghast|p2a: grunge\n|move|p1a: Corviknight|Brave Bird|p2b: trap\n|-damage|p2b: trap|48\/100\n|-damage|p1a: Corviknight|92\/100|[from] Recoil\n|move|p2a: grunge|Bulk Up|p2a: grunge\n|-boost|p2a: grunge|atk|1\n|-boost|p2a: grunge|def|1\n|move|p2b: trap|Wild Charge|p1a: Corviknight\n|-supereffective|p1a: Corviknight\n|-damage|p1a: Corviknight|0 fnt\n|-damage|p2b: trap|32\/100|[from] item: Rocky Helmet|[of] p1a: Corviknight\n|faint|p1a: Corviknight\n|-damage|p2b: trap|13\/100|[from] Recoil\n|\n|-weather|Sandstorm|[upkeep]\n|-damage|p1b: Brambleghast|54\/100|[from] Sandstorm\n|-damage|p2b: trap|7\/100|[from] Sandstorm\n|-damage|p2b: trap|0 fnt|[from] Leech Seed|[of] p1b: Brambleghast\n|-heal|p1b: Brambleghast|64\/100|[silent]\n|faint|p2b: trap\n|-end|p2b: trap|Quark Drive|[silent]\n|upkeep\n|\n|t:|1682882328\n|switch|p1a: Lycanroc|Lycanroc, L50, F, shiny|100\/100\n|switch|p2b: soul|Arcanine, L50, M|94\/100\n|-ability|p2b: soul|Intimidate|boost\n|-unboost|p1a: Lycanroc|atk|1\n|-unboost|p1b: Brambleghast|atk|1\n|turn|6\n|\n|t:|1682882366\n|-terastallize|p1b: Brambleghast|Ground\n|-terastallize|p2b: soul|Grass\n|move|p1a: Lycanroc|Accelerock|p2b: soul\n|-damage|p2b: soul|83\/100\n|move|p1b: Brambleghast|Leech Seed|p2a: grunge|[miss]\n|-miss|p1b: Brambleghast|p2a: grunge\n|move|p2b: soul|Flare Blitz|p1b: Brambleghast\n|-damage|p1b: Brambleghast|0 fnt\n|faint|p1b: Brambleghast\n|-damage|p2b: soul|67\/100|[from] Recoil\n|move|p2a: grunge|Brave Bird|p1a: Lycanroc\n|-resisted|p1a: Lycanroc\n|-damage|p1a: Lycanroc|48\/100\n|-damage|p2a: grunge|88\/100|[from] Recoil\n|\n|-weather|Sandstorm|[upkeep]\n|-damage|p2b: soul|61\/100|[from] Sandstorm\n|-sideend|p1: Joull|move: Tailwind\n|upkeep\n|turn|7\n|\n|t:|1682882391\n|move|p1a: Lycanroc|Accelerock|p2a: grunge\n|-damage|p2a: grunge|82\/100\n|move|p2b: soul|Close Combat|p1a: Lycanroc\n|-supereffective|p1a: Lycanroc\n|-damage|p1a: Lycanroc|0 fnt\n|-unboost|p2b: soul|def|1\n|-unboost|p2b: soul|spd|1\n|faint|p1a: Lycanroc\n|\n|win|squishheh\n|raw|Joull's rating: 1148 → 1130<\/strong> (-18 for losing)\n|raw|squishheh's rating: 1241 → 1259<\/strong> (+18 for winning)\n|l|\u2606squishheh\n","uploadtime":1682882503,"views":5,"p1id":"joull","p2id":"squishheh","formatid":"gen9vgc2023regulationc","rating":1130,"private":0,"password":""}