{"id":"gen9vgc2023regulationc-1854838788","p1":"WillieDangerously","p2":"AntonioCavaliere97","format":"[Gen 9] VGC 2023 Regulation C","log":"|j|\u2606WillieDangerously\n|j|\u2606AntonioCavaliere97\n|t:|1682871960\n|gametype|doubles\n|player|p1|WillieDangerously|psychic-gen4|1337\n|player|p2|AntonioCavaliere97|lucas-gen4pt|1250\n|teamsize|p1|6\n|teamsize|p2|6\n|gen|9\n|tier|[Gen 9] VGC 2023 Regulation C\n|rated|\n|rule|Species Clause: Limit one of each Pok\u00e9mon\n|rule|Item Clause: Limit one of each item\n|clearpoke\n|poke|p1|Chien-Pao, L50|\n|poke|p1|Amoonguss, L50, F|\n|poke|p1|Palafin, L50, M|\n|poke|p1|Dragapult, L50, M|\n|poke|p1|Scream Tail, L50|\n|poke|p1|Arcanine, L50, F|\n|poke|p2|Amoonguss, L50, M|\n|poke|p2|Arcanine, L50, M|\n|poke|p2|Ting-Lu, L50|\n|poke|p2|Flutter Mane, L50|\n|poke|p2|Iron Bundle, L50|\n|poke|p2|Ceruledge, L50, M|\n|teampreview|4\n|\n|t:|1682872000\n|start\n|switch|p1a: Scream Tail|Scream Tail, L50|100\/100\n|switch|p1b: Palafin|Palafin, L50, M|100\/100\n|switch|p2a: Amoonguss|Amoonguss, L50, M, shiny|100\/100\n|switch|p2b: Ceruledge|Ceruledge, L50, M, shiny|100\/100\n|-enditem|p1a: Scream Tail|Booster Energy\n|-activate|p1a: Scream Tail|ability: Protosynthesis|[fromitem]\n|-start|p1a: Scream Tail|protosynthesisspe\n|turn|1\n|\n|t:|1682872033\n|detailschange|p1b: Palafin|Palafin-Hero, L50, M\n|switch|p1b: Dragapult|Dragapult, L50, M|100\/100\n|move|p1a: Scream Tail|Howl|p1a: Scream Tail|[spread] p1a,p1b\n|-boost|p1a: Scream Tail|atk|1\n|-boost|p1b: Dragapult|atk|1\n|move|p2b: Ceruledge|Bulk Up|p2b: Ceruledge\n|-boost|p2b: Ceruledge|atk|1\n|-boost|p2b: Ceruledge|def|1\n|move|p2a: Amoonguss|Spore|p1a: Scream Tail\n|-status|p1a: Scream Tail|slp|[from] move: Spore\n|\n|upkeep\n|turn|2\n|\n|t:|1682872068\n|-terastallize|p2b: Ceruledge|Grass\n|move|p1b: Dragapult|Protect|p1b: Dragapult\n|-singleturn|p1b: Dragapult|Protect\n|cant|p1a: Scream Tail|slp\n|move|p2b: Ceruledge|Bulk Up|p2b: Ceruledge\n|-boost|p2b: Ceruledge|atk|1\n|-boost|p2b: Ceruledge|def|1\n|move|p2a: Amoonguss|Spore|p1b: Dragapult\n|-activate|p1b: Dragapult|move: Protect\n|\n|upkeep\n|turn|3\n|\n|t:|1682872105\n|-end|p1a: Scream Tail|Protosynthesis|[silent]\n|switch|p1a: Chien-Pao|Chien-Pao, L50|100\/100\n|-ability|p1a: Chien-Pao|Sword of Ruin\n|move|p1b: Dragapult|Protect||[still]\n|-fail|p1b: Dragapult\n|move|p2a: Amoonguss|Rage Powder|p2a: Amoonguss\n|-singleturn|p2a: Amoonguss|move: Rage Powder\n|move|p2b: Ceruledge|Bitter Blade|p1a: Chien-Pao\n|-supereffective|p1a: Chien-Pao\n|-enditem|p1a: Chien-Pao|Focus Sash\n|-damage|p1a: Chien-Pao|1\/100\n|\n|upkeep\n|turn|4\n|\n|t:|1682872128\n|switch|p2a: Arcanine|Arcanine, L50, M|100\/100\n|-ability|p2a: Arcanine|Intimidate|boost\n|-unboost|p1a: Chien-Pao|atk|1\n|-fail|p1b: Dragapult|unboost|[from] ability: Clear Body|[of] p1b: Dragapult\n|move|p1a: Chien-Pao|Protect|p1a: Chien-Pao\n|-singleturn|p1a: Chien-Pao|Protect\n|move|p2b: Ceruledge|Protect|p2b: Ceruledge\n|-singleturn|p2b: Ceruledge|Protect\n|move|p1b: Dragapult|Dragon Darts|p2a: Arcanine\n|-damage|p2a: Arcanine|32\/100\n|-anim|p1b: Dragapult|Dragon Darts|p2a: Arcanine\n|-damage|p2a: Arcanine|0 fnt\n|faint|p2a: Arcanine\n|\n|upkeep\n|\n|t:|1682872150\n|switch|p2a: Amoonguss|Amoonguss, L50, M, shiny|100\/100\n|turn|5\n|\n|t:|1682872186\n|move|p2a: Amoonguss|Rage Powder|p2a: Amoonguss\n|-singleturn|p2a: Amoonguss|move: Rage Powder\n|move|p1b: Dragapult|Dragon Darts|p2a: Amoonguss\n|-damage|p2a: Amoonguss|53\/100\n|-anim|p1b: Dragapult|Dragon Darts|p2a: Amoonguss\n|-damage|p2a: Amoonguss|1\/100\n|-enditem|p2a: Amoonguss|Sitrus Berry|[eat]\n|-heal|p2a: Amoonguss|26\/100|[from] item: Sitrus Berry\n|move|p1a: Chien-Pao|Haze|p1a: Chien-Pao\n|-clearallboost\n|move|p2b: Ceruledge|Bitter Blade|p1a: Chien-Pao\n|-supereffective|p1a: Chien-Pao\n|-damage|p1a: Chien-Pao|0 fnt\n|faint|p1a: Chien-Pao\n|\n|upkeep\n|\n|t:|1682872206\n|switch|p1a: Palafin|Palafin-Hero, L50, M|100\/100\n|-activate|p1a: Palafin|ability: Zero to Hero\n|turn|6\n|\n|t:|1682872218\n|move|p1b: Dragapult|Dragon Darts|p2a: Amoonguss\n|-damage|p2a: Amoonguss|0 fnt\n|-anim|p1b: Dragapult|Dragon Darts|p2b: Ceruledge\n|-damage|p2b: Ceruledge|64\/100\n|faint|p2a: Amoonguss\n|move|p2b: Ceruledge|Bulk Up|p2b: Ceruledge\n|-boost|p2b: Ceruledge|atk|1\n|-boost|p2b: Ceruledge|def|1\n|move|p1a: Palafin|Ice Punch|p2b: Ceruledge\n|-supereffective|p2b: Ceruledge\n|-damage|p2b: Ceruledge|16\/100\n|-status|p2b: Ceruledge|frz\n|\n|upkeep\n|\n|t:|1682872231\n|switch|p2a: Flutter Mane|Flutter Mane, L50, shiny|100\/100\n|turn|7\n|\n|t:|1682872256\n|-terastallize|p1b: Dragapult|Ghost\n|move|p1b: Dragapult|Tera Blast|p2a: Flutter Mane\n|-supereffective|p2a: Flutter Mane\n|-damage|p2a: Flutter Mane|0 fnt\n|faint|p2a: Flutter Mane\n|-end|p2a: Flutter Mane|Protosynthesis|[silent]\n|cant|p2b: Ceruledge|frz\n|move|p1a: Palafin|Ice Punch|p2b: Ceruledge\n|-supereffective|p2b: Ceruledge\n|-damage|p2b: Ceruledge|0 fnt\n|faint|p2b: Ceruledge\n|\n|win|WillieDangerously\n|raw|WillieDangerously's rating: 1337 → 1352<\/strong> (+15 for winning)\n|raw|AntonioCavaliere97's rating: 1250 → 1231<\/strong> (-19 for losing)\n|l|\u2606AntonioCavaliere97\n","uploadtime":1682872271,"views":12,"p1id":"williedangerously","p2id":"antoniocavaliere97","formatid":"gen9vgc2023regulationc","rating":1231,"private":0,"password":""}