{"id":"gen9vgc2023regulationc-1853209204","p1":"We_Love_The_Gong","p2":"KingTerry777","format":"[Gen 9] VGC 2023 Regulation C","log":"|j|\u2606We_Love_The_Gong\n|j|\u2606KingTerry777\n|t:|1682648907\n|gametype|doubles\n|player|p1|We_Love_The_Gong|fantina|1441\n|player|p2|KingTerry777|veteran|1551\n|teamsize|p1|6\n|teamsize|p2|6\n|gen|9\n|tier|[Gen 9] VGC 2023 Regulation C\n|rated|\n|rule|Species Clause: Limit one of each Pok\u00e9mon\n|rule|Item Clause: Limit one of each item\n|clearpoke\n|poke|p1|Gholdengo, L50|\n|poke|p1|Ting-Lu, L50|\n|poke|p1|Gyarados, L50, F|\n|poke|p1|Great Tusk, L50|\n|poke|p1|Glimmora, L50, M|\n|poke|p1|Roaring Moon, L50|\n|poke|p2|Murkrow, L50, F|\n|poke|p2|Flutter Mane, L50|\n|poke|p2|Chi-Yu, L50|\n|poke|p2|Corviknight, L50, M|\n|poke|p2|Great Tusk, L50|\n|poke|p2|Tsareena, L50, F|\n|teampreview|4\n|inactive|Battle timer is ON: inactive players will automatically lose when time's up. (requested by KingTerry777)\nWe_Love_The_Gong has agreed to open team sheets.\n|j| Braindeadmeta\n|j| Mukked It Up\n|\n|t:|1682648929\n|start\n|switch|p1a: Ting-Lu|Ting-Lu, L50|100\/100\n|switch|p1b: Roaring Moon|Roaring Moon, L50|100\/100\n|switch|p2a: Big guy|Murkrow, L50, F|100\/100\n|switch|p2b: For you|Great Tusk, L50|100\/100\n|-ability|p1a: Ting-Lu|Vessel of Ruin\n|-enditem|p1b: Roaring Moon|Booster Energy\n|-activate|p1b: Roaring Moon|ability: Protosynthesis|[fromitem]\n|-start|p1b: Roaring Moon|protosynthesisatk\n|turn|1\n|inactive|We_Love_The_Gong has 30 seconds left.\n|\n|t:|1682648962\n|-terastallize|p2b: For you|Ground\n|-terastallize|p1b: Roaring Moon|Flying\n|move|p2a: Big guy|Sunny Day|p2a: Big guy\n|-weather|SunnyDay\n|-activate|p2b: For you|ability: Protosynthesis\n|-start|p2b: For you|protosynthesisatk\n|move|p2b: For you|Close Combat|p1a: Ting-Lu\n|-supereffective|p1a: Ting-Lu\n|-damage|p1a: Ting-Lu|0 fnt\n|-unboost|p2b: For you|def|1\n|-unboost|p2b: For you|spd|1\n|faint|p1a: Ting-Lu\n|move|p1b: Roaring Moon|Acrobatics|p2b: For you\n|-damage|p2b: For you|12\/100\n|\n|-weather|SunnyDay|[upkeep]\n|upkeep\n|\n|t:|1682648985\n|switch|p1a: Gyarados|Gyarados, L50, F|100\/100\n|-ability|p1a: Gyarados|Intimidate|boost\n|-unboost|p2a: Big guy|atk|1\n|-unboost|p2b: For you|atk|1\n|turn|2\n|\n|t:|1682648991\n|-end|p2b: For you|Protosynthesis|[silent]\n|switch|p2b: Corviknight|Corviknight, L50, M|100\/100\n|move|p2a: Big guy|Tailwind|p2a: Big guy\n|-sidestart|p2: KingTerry777|move: Tailwind\n|move|p1b: Roaring Moon|Dragon Dance|p1b: Roaring Moon\n|-boost|p1b: Roaring Moon|atk|1\n|-boost|p1b: Roaring Moon|spe|1\n|move|p1a: Gyarados|Waterfall|p2b: Corviknight\n|-damage|p2b: Corviknight|86\/100\n|\n|-weather|SunnyDay|[upkeep]\n|upkeep\n|turn|3\n|\n|t:|1682649004\n|move|p2a: Big guy|Haze|p2a: Big guy\n|-clearallboost\n|move|p2b: Corviknight|Brave Bird|p1b: Roaring Moon\n|-damage|p1b: Roaring Moon|23\/100\n|-damage|p2b: Corviknight|61\/100|[from] Recoil\n|move|p1b: Roaring Moon|Acrobatics|p2a: Big guy\n|-damage|p2a: Big guy|19\/100\n|move|p1a: Gyarados|Thunder Wave|p2b: Corviknight\n|-status|p2b: Corviknight|par\n|\n|-weather|SunnyDay|[upkeep]\n|upkeep\n|turn|4\n|\n|t:|1682649015\n|-end|p1b: Roaring Moon|Protosynthesis|[silent]\n|switch|p1b: Gholdengo|Gholdengo, L50|100\/100\n|move|p2a: Big guy|Brave Bird|p1b: Gholdengo\n|-resisted|p1b: Gholdengo\n|-damage|p1b: Gholdengo|84\/100\n|-damage|p2a: Big guy|13\/100|[from] Recoil\n|move|p1a: Gyarados|Waterfall|p2a: Big guy\n|-damage|p2a: Big guy|0 fnt\n|faint|p2a: Big guy\n|move|p2b: Corviknight|Brave Bird|p1a: Gyarados\n|-damage|p1a: Gyarados|22\/100\n|-damage|p2b: Corviknight|33\/100 par|[from] Recoil\n|\n|-weather|SunnyDay|[upkeep]\n|upkeep\n|\n|t:|1682649031\n|switch|p2a: Flutter Mane|Flutter Mane, L50|100\/100\n|-activate|p2a: Flutter Mane|ability: Protosynthesis\n|-start|p2a: Flutter Mane|protosynthesisspa\n|turn|5\n|\n|t:|1682649046\n|move|p1b: Gholdengo|Protect|p1b: Gholdengo\n|-singleturn|p1b: Gholdengo|Protect\n|move|p2a: Flutter Mane|Shadow Ball|p1b: Gholdengo\n|-activate|p1b: Gholdengo|move: Protect\n|move|p1a: Gyarados|Thunder Wave|p2a: Flutter Mane\n|-status|p2a: Flutter Mane|par\n|cant|p2b: Corviknight|par\n|\n|-weather|none\n|-end|p2a: Flutter Mane|Protosynthesis\n|-sideend|p2: KingTerry777|move: Tailwind\n|upkeep\n|turn|6\n|\n|t:|1682649063\n|move|p1b: Gholdengo|Make It Rain|p2a: Flutter Mane|[spread] p2a,p2b\n|-supereffective|p2a: Flutter Mane\n|-resisted|p2b: Corviknight\n|-damage|p2a: Flutter Mane|4\/100 par\n|-damage|p2b: Corviknight|8\/100 par\n|-unboost|p1b: Gholdengo|spa|1\n|move|p1a: Gyarados|Waterfall|p2b: Corviknight\n|-damage|p2b: Corviknight|0 fnt\n|faint|p2b: Corviknight\n|move|p2a: Flutter Mane|Shadow Ball|p1b: Gholdengo\n|-supereffective|p1b: Gholdengo\n|-damage|p1b: Gholdengo|0 fnt\n|faint|p1b: Gholdengo\n|\n|upkeep\n|\n|t:|1682649076\n|switch|p1b: Roaring Moon|Roaring Moon, L50, tera:Flying|23\/100\n|switch|p2b: For you|Great Tusk, L50, tera:Ground|12\/100\n|turn|7\n|\n|t:|1682649092\n|move|p1b: Roaring Moon|Protect|p1b: Roaring Moon\n|-singleturn|p1b: Roaring Moon|Protect\n|move|p2b: For you|Rock Slide|p1b: Roaring Moon|[spread] p1a\n|-activate|p1b: Roaring Moon|move: Protect\n|-supereffective|p1a: Gyarados\n|-damage|p1a: Gyarados|0 fnt\n|faint|p1a: Gyarados\n|move|p2a: Flutter Mane|Shadow Ball|p1b: Roaring Moon\n|-activate|p1b: Roaring Moon|move: Protect\n|\n|upkeep\n|turn|8\n|\n|t:|1682649102\n|move|p2b: For you|Rock Slide|p1b: Roaring Moon\n|-supereffective|p1b: Roaring Moon\n|-damage|p1b: Roaring Moon|0 fnt\n|faint|p1b: Roaring Moon\n|-end|p1b: Roaring Moon|Protosynthesis|[silent]\n|\n|win|KingTerry777\n|raw|We_Love_The_Gong's rating: 1441 → 1427<\/strong> (-14 for losing)\n|raw|KingTerry777's rating: 1551 → 1565<\/strong> (+14 for winning)\n|l| Mukked It Up\n|l|\u2606KingTerry777\n","uploadtime":1682649108,"views":9,"p1id":"welovethegong","p2id":"kingterry777","formatid":"gen9vgc2023regulationc","rating":1427,"private":0,"password":""}