{"id":"gen9vgc2023regulationc-1858069199","p1":"Destructioncat","p2":"St3lar","format":"[Gen 9] VGC 2023 Regulation C","log":"|j|\u2606Destructioncat\n|j|\u2606St3lar\n|t:|1683270344\n|gametype|doubles\n|player|p1|Destructioncat|266|1264\n|player|p2|St3lar|169|1355\n|teamsize|p1|6\n|teamsize|p2|6\n|gen|9\n|tier|[Gen 9] VGC 2023 Regulation C\n|rated|\n|rule|Species Clause: Limit one of each Pok\u00e9mon\n|rule|Item Clause: Limit one of each item\n|clearpoke\n|poke|p1|Breloom, L50, F|\n|poke|p1|Mudsdale, L50, M|\n|poke|p1|Torkoal, L50, F|\n|poke|p1|Slowking, L50, F|\n|poke|p1|Gallade, L50, M|\n|poke|p1|Grimmsnarl, L50, M|\n|poke|p2|Dragonite, L50, F|\n|poke|p2|Maushold-Four, L50|\n|poke|p2|Sylveon, L50, F|\n|poke|p2|Arcanine, L50, F|\n|poke|p2|Kingambit, L50, M|\n|poke|p2|Iron Bundle, L50|\n|teampreview|4\n|inactive|Battle timer is ON: inactive players will automatically lose when time's up. (requested by Destructioncat)\n|inactive|St3lar has 60 seconds left.\n|\n|t:|1683270396\n|start\n|switch|p1a: Grimmsnarl|Grimmsnarl, L50, M|100\/100\n|switch|p1b: Slowking|Slowking, L50, F|100\/100\n|switch|p2a: Maushold|Maushold-Four, L50|100\/100\n|switch|p2b: Kingambit|Kingambit, L50, M|100\/100\n|-item|p2a: Maushold|Focus Sash|[from] ability: Frisk|[of] p1a: Grimmsnarl|[identify]\n|-item|p2b: Kingambit|Assault Vest|[from] ability: Frisk|[of] p1a: Grimmsnarl|[identify]\n|turn|1\n|inactive|Destructioncat has 30 seconds left.\n|\n|t:|1683270421\n|move|p1a: Grimmsnarl|Fake Out|p2a: Maushold\n|-damage|p2a: Maushold|85\/100\n|cant|p2a: Maushold|flinch\n|move|p2b: Kingambit|Kowtow Cleave|p1b: Slowking\n|-supereffective|p1b: Slowking\n|-damage|p1b: Slowking|4\/100\n|move|p1b: Slowking|Trick Room|p1b: Slowking\n|-fieldstart|move: Trick Room|[of] p1b: Slowking\n|\n|upkeep\n|turn|2\n|\n|t:|1683270442\n|move|p1b: Slowking|Protect|p1b: Slowking\n|-singleturn|p1b: Slowking|Protect\n|move|p2b: Kingambit|Sucker Punch||[still]\n|-fail|p2b: Kingambit\n|move|p1a: Grimmsnarl|Parting Shot|p2a: Maushold\n|-unboost|p2a: Maushold|atk|1\n|-unboost|p2a: Maushold|spa|1\n|\n|t:|1683270451\n|switch|p1a: Mudsdale|Mudsdale, L50, M|100\/100|[from] Parting Shot\n|move|p2a: Maushold|Super Fang|p1a: Mudsdale|[miss]\n|-miss|p2a: Maushold|p1a: Mudsdale\n|\n|upkeep\n|turn|3\n|\n|t:|1683270467\n|switch|p2b: Sylveon|Sylveon, L50, F|100\/100\n|-terastallize|p1b: Slowking|Flying\n|move|p1b: Slowking|Swagger|p1a: Mudsdale\n|-boost|p1a: Mudsdale|atk|2\n|-immune|p1a: Mudsdale|confusion|[from] ability: Own Tempo\n|move|p1a: Mudsdale|Earthquake|p2b: Sylveon|[spread] p2a,p2b\n|-immune|p1b: Slowking\n|-damage|p2a: Maushold|0 fnt\n|-damage|p2b: Sylveon|30\/100\n|faint|p2a: Maushold\n|-damage|p1a: Mudsdale|91\/100|[from] item: Life Orb\n|\n|upkeep\n|\n|t:|1683270479\n|switch|p2a: Dragonite|Dragonite, L50, F|100\/100\n|turn|4\n|\n|t:|1683270502\n|move|p2b: Sylveon|Protect|p2b: Sylveon\n|-singleturn|p2b: Sylveon|Protect\n|move|p2a: Dragonite|Extreme Speed|p1b: Slowking\n|-damage|p1b: Slowking|0 fnt\n|faint|p1b: Slowking\n|move|p1a: Mudsdale|Rock Slide|p2a: Dragonite|[spread] p2a\n|-activate|p2b: Sylveon|move: Protect\n|-supereffective|p2a: Dragonite\n|-damage|p2a: Dragonite|45\/100\n|-damage|p1a: Mudsdale|81\/100|[from] item: Life Orb\n|\n|upkeep\n|\n|t:|1683270511\n|switch|p1b: Grimmsnarl|Grimmsnarl, L50, M|100\/100\n|-item|p2a: Dragonite|Choice Band|[from] ability: Frisk|[of] p1b: Grimmsnarl|[identify]\n|-item|p2b: Sylveon|Throat Spray|[from] ability: Frisk|[of] p1b: Grimmsnarl|[identify]\n|turn|5\n|\n|t:|1683270535\n|switch|p2b: Kingambit|Kingambit, L50, M|100\/100\n|-terastallize|p2a: Dragonite|Normal\n|move|p2a: Dragonite|Extreme Speed|p1a: Mudsdale\n|-damage|p1a: Mudsdale|19\/100\n|move|p1a: Mudsdale|Rock Slide|p2a: Dragonite|[spread] p2a,p2b\n|-resisted|p2b: Kingambit\n|-damage|p2a: Dragonite|0 fnt\n|-damage|p2b: Kingambit|84\/100\n|faint|p2a: Dragonite\n|-damage|p1a: Mudsdale|9\/100|[from] item: Life Orb\n|move|p1b: Grimmsnarl|Play Rough|p2b: Kingambit\n|-damage|p2b: Kingambit|59\/100\n|\n|-fieldend|move: Trick Room\n|upkeep\n|\n|t:|1683270550\n|switch|p2a: Sylveon|Sylveon, L50, F|30\/100\n|turn|6\n|inactive|Destructioncat has 30 seconds left.\n|\n|t:|1683270578\n|move|p1b: Grimmsnarl|Play Rough|p2b: Kingambit\n|-damage|p2b: Kingambit|32\/100\n|move|p2a: Sylveon|Hyper Voice|p1b: Grimmsnarl|[spread] p1a,p1b\n|-supereffective|p1b: Grimmsnarl\n|-damage|p1a: Mudsdale|0 fnt\n|-damage|p1b: Grimmsnarl|30\/100\n|faint|p1a: Mudsdale\n|-enditem|p2a: Sylveon|Throat Spray\n|-boost|p2a: Sylveon|spa|1|[from] item: Throat Spray\n|move|p2b: Kingambit|Iron Head|p1b: Grimmsnarl\n|-supereffective|p1b: Grimmsnarl\n|-damage|p1b: Grimmsnarl|0 fnt\n|faint|p1b: Grimmsnarl\n|\n|upkeep\n|\n|t:|1683270585\n|switch|p1b: Torkoal|Torkoal, L50, F|100\/100\n|-weather|SunnyDay|[from] ability: Drought|[of] p1b: Torkoal\n|turn|7\n|\n|t:|1683270601\n|move|p2a: Sylveon|Psyshock|p1b: Torkoal\n|-damage|p1b: Torkoal|76\/100\n|move|p2b: Kingambit|Kowtow Cleave|p1b: Torkoal\n|-damage|p1b: Torkoal|45\/100\n|move|p1b: Torkoal|Heat Wave|p2b: Kingambit|[spread] \n|-miss|p1b: Torkoal|p2a: Sylveon\n|-miss|p1b: Torkoal|p2b: Kingambit\n|\n|-weather|SunnyDay|[upkeep]\n|upkeep\n|turn|8\n|c|\u2606Destructioncat|bro\n|inactive|Destructioncat has 30 seconds left.\n|c|\u2606St3lar|that sucks\n|c|\u2606Destructioncat|aint no way\n|inactive|Destructioncat has 20 seconds left.\n|\n|t:|1683270636\n|move|p2a: Sylveon|Psyshock|p1b: Torkoal\n|-damage|p1b: Torkoal|22\/100\n|move|p2b: Kingambit|Kowtow Cleave|p1b: Torkoal\n|-damage|p1b: Torkoal|0 fnt\n|faint|p1b: Torkoal\n|\n|win|St3lar\n|raw|Destructioncat's rating: 1289 → 1269<\/strong> (-20 for losing)\n|raw|St3lar's rating: 1355 → 1371<\/strong> (+16 for winning)\n|l|\u2606St3lar\n","uploadtime":1683270698,"views":6,"p1id":"destructioncat","p2id":"st3lar","formatid":"gen9vgc2023regulationc","rating":1269,"private":0,"password":""}