{"id":"gen9vgc2023regulationc-1850341363","p1":"ExcelSheet","p2":"mzmzmzbaby","format":"[Gen 9] VGC 2023 Regulation C","log":"|j|\u2606ExcelSheet\n|j|\u2606mzmzmzbaby\n|t:|1682321282\n|gametype|doubles\n|player|p1|ExcelSheet|hilbert-wonderlauncher|1117\n|player|p2|mzmzmzbaby|101|1213\n|teamsize|p1|6\n|teamsize|p2|6\n|gen|9\n|tier|[Gen 9] VGC 2023 Regulation C\n|rated|\n|rule|Species Clause: Limit one of each Pok\u00e9mon\n|rule|Item Clause: Limit one of each item\n|clearpoke\n|poke|p1|Flutter Mane, L50|\n|poke|p1|Great Tusk, L50|\n|poke|p1|Scizor, L50, F|\n|poke|p1|Corviknight, L50, F|\n|poke|p1|Chi-Yu, L50|\n|poke|p1|Iron Bundle, L50|\n|poke|p2|Scizor, L50, M|\n|poke|p2|Palafin, L50, M|\n|poke|p2|Pelipper, L50, F|\n|poke|p2|Amoonguss, L50, M|\n|poke|p2|Iron Hands, L50|\n|poke|p2|Chien-Pao, L50|\n|teampreview|4\n|inactive|Battle timer is ON: inactive players will automatically lose when time's up. (requested by ExcelSheet)\nExcelSheet has agreed to open team sheets.\n|inactive|ExcelSheet has 60 seconds left.\n|inactive|mzmzmzbaby has 60 seconds left.\n|\n|t:|1682321321\n|start\n|switch|p1a: Iron Bundle|Iron Bundle, L50|100\/100\n|switch|p1b: Chi-Yu|Chi-Yu, L50|100\/100\n|switch|p2a: Scizor|Scizor, L50, M|100\/100\n|switch|p2b: OG FLIPPER|Palafin, L50, M|100\/100\n|-ability|p1b: Chi-Yu|Beads of Ruin\n|-enditem|p1a: Iron Bundle|Booster Energy\n|-activate|p1a: Iron Bundle|ability: Quark Drive|[fromitem]\n|-start|p1a: Iron Bundle|quarkdrivespe\n|turn|1\n|inactive|ExcelSheet has 30 seconds left.\n|\n|t:|1682321352\n|-terastallize|p1b: Chi-Yu|Grass\n|-terastallize|p2a: Scizor|Fire\n|move|p1a: Iron Bundle|Protect|p1a: Iron Bundle\n|-singleturn|p1a: Iron Bundle|Protect\n|move|p2b: OG FLIPPER|Protect|p2b: OG FLIPPER\n|-singleturn|p2b: OG FLIPPER|Protect\n|move|p2a: Scizor|Bullet Punch|p1a: Iron Bundle\n|-activate|p1a: Iron Bundle|move: Protect\n|move|p1b: Chi-Yu|Heat Wave|p2a: Scizor|[spread] p2a\n|-activate|p2b: OG FLIPPER|move: Protect\n|-resisted|p2a: Scizor\n|-damage|p2a: Scizor|65\/100\n|\n|upkeep\n|turn|2\n|\n|t:|1682321371\n|detailschange|p2b: OG FLIPPER|Palafin-Hero, L50, M\n|switch|p2b: Pelipper|Pelipper, L50, F|100\/100\n|-weather|RainDance|[from] ability: Drizzle|[of] p2b: Pelipper\n|move|p2a: Scizor|Bullet Punch|p1a: Iron Bundle\n|-damage|p1a: Iron Bundle|33\/100\n|move|p1a: Iron Bundle|Encore||[still]\n|-fail|p1a: Iron Bundle\n|move|p1b: Chi-Yu|Dark Pulse|p2a: Scizor\n|-damage|p2a: Scizor|0 fnt\n|faint|p2a: Scizor\n|\n|-weather|RainDance|[upkeep]\n|upkeep\n|\n|t:|1682321387\n|switch|p2a: Iron Hands|Iron Hands, L50|100\/100\n|turn|3\n|\n|t:|1682321397\n|switch|p1b: Flutter Mane|Flutter Mane, L50|100\/100\n|move|p1a: Iron Bundle|Protect|p1a: Iron Bundle\n|-singleturn|p1a: Iron Bundle|Protect\n|move|p2a: Iron Hands|Fake Out|p1a: Iron Bundle\n|-activate|p1a: Iron Bundle|move: Protect\n|move|p2b: Pelipper|Hurricane|p1b: Flutter Mane\n|-damage|p1b: Flutter Mane|65\/100\n|\n|-weather|RainDance|[upkeep]\n|upkeep\n|turn|4\n|\n|t:|1682321417\n|move|p2b: Pelipper|Wide Guard|p2b: Pelipper\n|-singleturn|p2b: Pelipper|Wide Guard\n|move|p1a: Iron Bundle|Freeze-Dry|p2b: Pelipper\n|-supereffective|p2b: Pelipper\n|-damage|p2b: Pelipper|0 fnt\n|faint|p2b: Pelipper\n|move|p1b: Flutter Mane|Moonblast|p2a: Iron Hands\n|-supereffective|p2a: Iron Hands\n|-damage|p2a: Iron Hands|29\/100\n|-damage|p1b: Flutter Mane|56\/100|[from] item: Life Orb\n|move|p2a: Iron Hands|Thunder Punch|p1a: Iron Bundle\n|-supereffective|p1a: Iron Bundle\n|-damage|p1a: Iron Bundle|0 fnt\n|faint|p1a: Iron Bundle\n|-end|p1a: Iron Bundle|Quark Drive|[silent]\n|\n|-weather|RainDance|[upkeep]\n|upkeep\n|\n|t:|1682321437\n|switch|p1a: Chi-Yu|Chi-Yu, L50, tera:Grass|100\/100\n|switch|p2b: OG FLIPPER|Palafin-Hero, L50, M|100\/100\n|-activate|p2b: OG FLIPPER|ability: Zero to Hero\n|-ability|p1a: Chi-Yu|Beads of Ruin\n|turn|5\n|\n|t:|1682321457\n|move|p1b: Flutter Mane|Protect|p1b: Flutter Mane\n|-singleturn|p1b: Flutter Mane|Protect\n|move|p2b: OG FLIPPER|Jet Punch|p1b: Flutter Mane\n|-activate|p1b: Flutter Mane|move: Protect\n|move|p1a: Chi-Yu|Dark Pulse|p2b: OG FLIPPER\n|-crit|p2b: OG FLIPPER\n|-damage|p2b: OG FLIPPER|17\/100\n|move|p2a: Iron Hands|Drain Punch|p1a: Chi-Yu\n|-damage|p1a: Chi-Yu|46\/100\n|-heal|p2a: Iron Hands|47\/100|[from] drain|[of] p1a: Chi-Yu\n|\n|-weather|RainDance|[upkeep]\n|upkeep\n|turn|6\n|\n|t:|1682321478\n|move|p2b: OG FLIPPER|Protect|p2b: OG FLIPPER\n|-singleturn|p2b: OG FLIPPER|Protect\n|move|p1b: Flutter Mane|Dazzling Gleam|p2b: OG FLIPPER|[spread] p2a\n|-activate|p2b: OG FLIPPER|move: Protect\n|-supereffective|p2a: Iron Hands\n|-damage|p2a: Iron Hands|0 fnt\n|faint|p2a: Iron Hands\n|-end|p2a: Iron Hands|Quark Drive|[silent]\n|-damage|p1b: Flutter Mane|46\/100|[from] item: Life Orb\n|move|p1a: Chi-Yu|Heat Wave|p2b: OG FLIPPER\n|-activate|p2b: OG FLIPPER|move: Protect\n|\n|-weather|RainDance|[upkeep]\n|upkeep\n|turn|7\n|-message|mzmzmzbaby forfeited.\n|\n|win|ExcelSheet\n|raw|ExcelSheet's rating: 1117 → 1149<\/strong> (+32 for winning)\n|raw|mzmzmzbaby's rating: 1213 → 1181<\/strong> (-32 for losing)\n|l|\u2606mzmzmzbaby\n","uploadtime":1682321491,"views":23,"p1id":"excelsheet","p2id":"mzmzmzbaby","formatid":"gen9vgc2023regulationc","rating":1149,"private":0,"password":""}