{"id":"gen9vgc2023regulationc-1859814060","p1":"virgolini23","p2":"ShatteredPugVGC","format":"[Gen 9] VGC 2023 Regulation C","log":"|j|\u2606virgolini23\n|j|\u2606ShatteredPugVGC\n|t:|1683566741\n|gametype|doubles\n|player|p1|virgolini23|1|1109\n|player|p2|ShatteredPugVGC|266|1071\n|teamsize|p1|6\n|teamsize|p2|6\n|gen|9\n|tier|[Gen 9] VGC 2023 Regulation C\n|rated|\n|rule|Species Clause: Limit one of each Pok\u00e9mon\n|rule|Item Clause: Limit one of each item\n|clearpoke\n|poke|p1|Gholdengo, L50|\n|poke|p1|Dragonite, L50, M|\n|poke|p1|Dondozo, L50, M|\n|poke|p1|Tatsugiri, L50, M|\n|poke|p1|Murkrow, L50, M|\n|poke|p1|Arcanine, L50, M|\n|poke|p2|Flutter Mane, L50|\n|poke|p2|Scovillain, L50, F|\n|poke|p2|Torkoal, L50, F|\n|poke|p2|Great Tusk, L50|\n|poke|p2|Rotom-Wash, L50|\n|poke|p2|Dragapult, L50, F|\n|teampreview|4\n|\n|t:|1683566753\n|start\n|switch|p1a: Murkrow|Murkrow, L50, M|100\/100\n|switch|p1b: Gholdengo|Gholdengo, L50|100\/100\n|switch|p2a: Scovillain|Scovillain, L50, F|100\/100\n|switch|p2b: Torkoal|Torkoal, L50, F|100\/100\n|-weather|SunnyDay|[from] ability: Drought|[of] p2b: Torkoal\n|turn|1\n|\n|t:|1683566784\n|move|p1a: Murkrow|Confuse Ray|p2b: Torkoal\n|-start|p2b: Torkoal|confusion\n|move|p2a: Scovillain|Overheat|p1a: Murkrow\n|-damage|p1a: Murkrow|17\/100\n|-unboost|p2a: Scovillain|spa|2\n|move|p1b: Gholdengo|Make It Rain|p2a: Scovillain|[spread] p2a,p2b\n|-resisted|p2a: Scovillain\n|-resisted|p2b: Torkoal\n|-damage|p2a: Scovillain|60\/100\n|-damage|p2b: Torkoal|67\/100\n|-unboost|p1b: Gholdengo|spa|1\n|-activate|p2b: Torkoal|confusion\n|move|p2b: Torkoal|Overheat|p1a: Murkrow\n|-damage|p1a: Murkrow|0 fnt\n|-unboost|p2b: Torkoal|spa|2\n|-enditem|p2b: Torkoal|Eject Pack\n|faint|p1a: Murkrow\n|\n|t:|1683566801\n|switch|p2b: Flutter Mane|Flutter Mane, L50|100\/100\n|-activate|p2b: Flutter Mane|ability: Protosynthesis\n|-start|p2b: Flutter Mane|protosynthesisspe\n|\n|-weather|SunnyDay|[upkeep]\n|upkeep\n|\n|t:|1683566811\n|switch|p1a: Dondozo|Dondozo, L50, M|100\/100\n|turn|2\n|inactive|Battle timer is ON: inactive players will automatically lose when time's up. (requested by ShatteredPugVGC)\n|\n|t:|1683566834\n|-terastallize|p2b: Flutter Mane|Normal\n|-terastallize|p1b: Gholdengo|Steel\n|move|p2a: Scovillain|Spicy Extract|p1a: Dondozo\n|-boost|p1a: Dondozo|atk|2\n|-unboost|p1a: Dondozo|def|2\n|-enditem|p2b: Flutter Mane|Mirror Herb\n|-boost|p2b: Flutter Mane|atk|2|[from] item: Mirror Herb\n|move|p2b: Flutter Mane|Giga Impact|p1a: Dondozo\n|-crit|p1a: Dondozo\n|-damage|p1a: Dondozo|2\/100\n|-mustrecharge|p2b: Flutter Mane\n|move|p1b: Gholdengo|Shadow Ball|p2b: Flutter Mane\n|-immune|p2b: Flutter Mane\n|move|p1a: Dondozo|Earthquake|p2a: Scovillain|[spread] p1b,p2a,p2b\n|-supereffective|p1b: Gholdengo\n|-damage|p1b: Gholdengo|0 fnt\n|-damage|p2a: Scovillain|0 fnt\n|-damage|p2b: Flutter Mane|12\/100\n|faint|p1b: Gholdengo\n|faint|p2a: Scovillain\n|\n|-weather|SunnyDay|[upkeep]\n|-heal|p1a: Dondozo|8\/100|[from] item: Leftovers\n|upkeep\n|inactive|virgolini23 has 30 seconds left.\n|\n|t:|1683566861\n|switch|p2a: Great Tusk|Great Tusk, L50|100\/100\n|switch|p1b: Tatsugiri|Tatsugiri, L50, M|100\/100\n|-activate|p1b: Tatsugiri|ability: Commander|[of] p1a: Dondozo\n|-boost|p1a: Dondozo|atk|2\n|-boost|p1a: Dondozo|spa|2\n|-boost|p1a: Dondozo|spe|2\n|-boost|p1a: Dondozo|def|2\n|-boost|p1a: Dondozo|spd|2\n|-activate|p2a: Great Tusk|ability: Protosynthesis\n|-start|p2a: Great Tusk|protosynthesisatk\n|turn|3\n|\n|t:|1683566879\n|cant|p2b: Flutter Mane|recharge\n|move|p2a: Great Tusk|Headlong Rush|p1a: Dondozo\n|-damage|p1a: Dondozo|0 fnt\n|-unboost|p2a: Great Tusk|def|1\n|-unboost|p2a: Great Tusk|spd|1\n|faint|p1a: Dondozo\n|\n|-weather|SunnyDay|[upkeep]\n|upkeep\n|turn|4\n|\n|t:|1683566890\n|move|p2b: Flutter Mane|Giga Impact|p1b: Tatsugiri|[miss]\n|-miss|p2b: Flutter Mane|p1b: Tatsugiri\n|move|p2a: Great Tusk|Headlong Rush|p1b: Tatsugiri\n|-enditem|p1b: Tatsugiri|Focus Sash\n|-damage|p1b: Tatsugiri|1\/100\n|-unboost|p2a: Great Tusk|def|1\n|-unboost|p2a: Great Tusk|spd|1\n|move|p1b: Tatsugiri|Muddy Water|p2a: Great Tusk|[spread] p2a,p2b\n|-supereffective|p2a: Great Tusk\n|-damage|p2a: Great Tusk|0 fnt\n|-damage|p2b: Flutter Mane|0 fnt\n|faint|p2a: Great Tusk\n|-end|p2a: Great Tusk|Protosynthesis|[silent]\n|faint|p2b: Flutter Mane\n|-end|p2b: Flutter Mane|Protosynthesis|[silent]\n|\n|-weather|SunnyDay|[upkeep]\n|upkeep\n|\n|t:|1683566896\n|switch|p2b: Torkoal|Torkoal, L50, F|67\/100\n|turn|5\n|\n|t:|1683566913\n|move|p1b: Tatsugiri|Muddy Water|p2b: Torkoal|[miss]\n|-miss|p1b: Tatsugiri|p2b: Torkoal\n|move|p2b: Torkoal|Clear Smog|p1b: Tatsugiri\n|-damage|p1b: Tatsugiri|0 fnt\n|-clearboost|p1b: Tatsugiri\n|faint|p1b: Tatsugiri\n|\n|win|ShatteredPugVGC\n|raw|virgolini23's rating: 1109 → 1081<\/strong> (-28 for losing)\n|raw|ShatteredPugVGC's rating: 1071 → 1104<\/strong> (+33 for winning)\n|l|\u2606virgolini23\n","uploadtime":1683566926,"views":14,"p1id":"virgolini23","p2id":"shatteredpugvgc","formatid":"gen9vgc2023regulationc","rating":1081,"private":0,"password":""}