{"id":"gen9vgc2023regulationc-1862949910","p1":"KCXII","p2":"CoDameron","format":"[Gen 9] VGC 2023 Regulation C","log":"|j|\u2606KCXII\n|j|\u2606CoDameron\n|t:|1683942703\n|gametype|doubles\n|player|p1|KCXII|plasmagrunt|\n|player|p2|CoDameron|1|\n|teamsize|p1|6\n|teamsize|p2|6\n|gen|9\n|tier|[Gen 9] VGC 2023 Regulation C\n|rule|Species Clause: Limit one of each Pok\u00e9mon\n|rule|Item Clause: Limit one of each item\n|clearpoke\n|poke|p1|Mudsdale, L50, M|\n|poke|p1|Misdreavus, L50, F|\n|poke|p1|Dragapult, L50, F|\n|poke|p1|Indeedee-F, L50, F|\n|poke|p1|Armarouge, L50, M|\n|poke|p1|Tinkaton, L50, F|\n|poke|p2|Wo-Chien, L50|\n|poke|p2|Bellibolt, L50, M|\n|poke|p2|Polteageist, L50|\n|poke|p2|Gothorita, L50, M|\n|poke|p2|Salamence, L50, M|\n|poke|p2|Greedent, L50, F|\n|teampreview|4\n|c|\u2606KCXII|G1\n|c|\u2606CoDameron|g1 lets begin\n|c|\u2606CoDameron|gl\n|c|\u2606KCXII|good luck and have fun!\n|\n|t:|1683942803\n|start\n|switch|p1a: Tinkaton|Tinkaton, L50, F, shiny|100\/100\n|switch|p1b: Dragapult|Dragapult, L50, F|100\/100\n|switch|p2a: Rosetta|Wo-Chien, L50|100\/100\n|switch|p2b: Jelli Belli|Bellibolt, L50, M, shiny|100\/100\n|-ability|p1a: Tinkaton|Mold Breaker\n|-ability|p2a: Rosetta|Tablets of Ruin\n|turn|1\n|\n|t:|1683942856\n|-terastallize|p2b: Jelli Belli|Water\n|move|p1a: Tinkaton|Fake Out|p2a: Rosetta\n|-damage|p2a: Rosetta|94\/100\n|move|p1b: Dragapult|Light Screen|p1b: Dragapult\n|-sidestart|p1: KCXII|move: Light Screen\n|cant|p2a: Rosetta|flinch\n|move|p2b: Jelli Belli|Thunderbolt|p1a: Tinkaton\n|-damage|p1a: Tinkaton|67\/100\n|-status|p1a: Tinkaton|par\n|\n|upkeep\n|turn|2\n|\n|t:|1683942958\n|switch|p1a: Armarouge|Armarouge, L50, M|100\/100\n|move|p1b: Dragapult|Reflect|p1b: Dragapult\n|-sidestart|p1: KCXII|Reflect\n|move|p2a: Rosetta|Trailblaze|p2b: Jelli Belli\n|-supereffective|p2b: Jelli Belli\n|-damage|p2b: Jelli Belli|80\/100\n|-boost|p2a: Rosetta|spe|1\n|-start|p2b: Jelli Belli|Charge|Trailblaze|[from] ability: Electromorphosis\n|-enditem|p2b: Jelli Belli|Weakness Policy\n|-boost|p2b: Jelli Belli|atk|2|[from] item: Weakness Policy\n|-boost|p2b: Jelli Belli|spa|2|[from] item: Weakness Policy\n|move|p2b: Jelli Belli|Thunderbolt|p1a: Armarouge\n|-damage|p1a: Armarouge|0 fnt\n|faint|p1a: Armarouge\n|-end|p2b: Jelli Belli|Charge|[silent]\n|\n|upkeep\n|c|\u2606KCXII|cool tech\n|\n|t:|1683942974\n|switch|p1a: Indeedee|Indeedee-F, L50, F|100\/100\n|-fieldstart|move: Psychic Terrain|[from] ability: Psychic Surge|[of] p1a: Indeedee\n|turn|3\n|\n|t:|1683943028\n|move|p1b: Dragapult|Flamethrower|p2a: Rosetta\n|-supereffective|p2a: Rosetta\n|-damage|p2a: Rosetta|65\/100\n|move|p2a: Rosetta|Dark Pulse|p1a: Indeedee\n|-supereffective|p1a: Indeedee\n|-damage|p1a: Indeedee|71\/100\n|move|p1a: Indeedee|Psyshock|p2b: Jelli Belli\n|-damage|p2b: Jelli Belli|49\/100\n|-start|p2b: Jelli Belli|Charge|Psyshock|[from] ability: Electromorphosis\n|move|p2b: Jelli Belli|Thunderbolt|p1a: Indeedee\n|-damage|p1a: Indeedee|0 fnt\n|faint|p1a: Indeedee\n|-end|p2b: Jelli Belli|Charge|[silent]\n|\n|upkeep\n|\n|t:|1683943040\n|switch|p1a: Tinkaton|Tinkaton, L50, F, shiny|67\/100 par\n|-ability|p1a: Tinkaton|Mold Breaker\n|turn|4\n|\n|t:|1683943095\n|move|p1b: Dragapult|Flamethrower|p2a: Rosetta\n|-supereffective|p2a: Rosetta\n|-damage|p2a: Rosetta|36\/100\n|move|p2a: Rosetta|Pollen Puff|p2b: Jelli Belli\n|-heal|p2b: Jelli Belli|99\/100\n|cant|p1a: Tinkaton|par\n|move|p2b: Jelli Belli|Parabolic Charge|p1a: Tinkaton|[spread] p2a,p1a,p1b\n|-resisted|p2a: Rosetta\n|-resisted|p1b: Dragapult\n|-damage|p2a: Rosetta|26\/100\n|-heal|p2b: Jelli Belli|100\/100|[from] drain|[of] p2a: Rosetta\n|-damage|p1a: Tinkaton|35\/100 par\n|-damage|p1b: Dragapult|82\/100\n|-enditem|p1a: Tinkaton|Sitrus Berry|[eat]\n|-heal|p1a: Tinkaton|60\/100 par|[from] item: Sitrus Berry\n|\n|upkeep\n|turn|5\n|\n|t:|1683943133\n|move|p1b: Dragapult|Flamethrower|p2a: Rosetta\n|-supereffective|p2a: Rosetta\n|-damage|p2a: Rosetta|0 fnt\n|faint|p2a: Rosetta\n|move|p1a: Tinkaton|Gigaton Hammer|p2b: Jelli Belli\n|-resisted|p2b: Jelli Belli\n|-damage|p2b: Jelli Belli|76\/100\n|-start|p2b: Jelli Belli|Charge|Gigaton Hammer|[from] ability: Electromorphosis\n|move|p2b: Jelli Belli|Thunderbolt|p1a: Tinkaton\n|-damage|p1a: Tinkaton|0 fnt\n|faint|p1a: Tinkaton\n|-end|p2b: Jelli Belli|Charge|[silent]\n|\n|upkeep\n|\n|t:|1683943151\n|switch|p2a: Old Fashioned|Salamence, L50, M|100\/100\n|-ability|p2a: Old Fashioned|Intimidate|boost\n|-unboost|p1b: Dragapult|atk|1\n|turn|6\n|\n|t:|1683943184\n|move|p1b: Dragapult|Flamethrower|p2b: Jelli Belli\n|-resisted|p2b: Jelli Belli\n|-damage|p2b: Jelli Belli|62\/100\n|-start|p2b: Jelli Belli|Charge|Flamethrower|[from] ability: Electromorphosis\n|move|p2a: Old Fashioned|Draco Meteor|p1b: Dragapult\n|-supereffective|p1b: Dragapult\n|-damage|p1b: Dragapult|0 fnt\n|-unboost|p2a: Old Fashioned|spa|2\n|-enditem|p2a: Old Fashioned|Eject Pack\n|faint|p1b: Dragapult\n|\n|win|CoDameron\n|c|\u2606KCXII|gg\n|c|\u2606CoDameron|gg\n","uploadtime":1683943202,"views":33,"p1id":"kcxii","p2id":"codameron","formatid":"gen9vgc2023regulationc","rating":0,"private":0,"password":""}