{"id":"gen9vgc2023regulationc-1847310332","p1":"BlackSam88","p2":"TehTerminator128","format":"[Gen 9] VGC 2023 Regulation C","log":"|j|\u2606BlackSam88\n|j|\u2606TehTerminator128\n|t:|1681937117\n|gametype|doubles\n|player|p1|BlackSam88|2|1000\n|player|p2|TehTerminator128|266|1096\n|teamsize|p1|6\n|teamsize|p2|6\n|gen|9\n|tier|[Gen 9] VGC 2023 Regulation C\n|rated|\n|rule|Species Clause: Limit one of each Pok\u00e9mon\n|rule|Item Clause: Limit one of each item\n|clearpoke\n|poke|p1|Chansey, L50, F|\n|poke|p1|Dragonite, L50, M|\n|poke|p1|Corviknight, L50, M|\n|poke|p1|Gyarados, L50, M|\n|poke|p1|Glimmora, L50, F|\n|poke|p1|Maushold, L50|\n|poke|p2|Palafin, L50, F|\n|poke|p2|Garganacl, L50, M|\n|poke|p2|Grimmsnarl, L50, M|\n|poke|p2|Roaring Moon, L50|\n|poke|p2|Gholdengo, L50|\n|poke|p2|Hydreigon, L50, M|\n|teampreview|4\n|\n|t:|1681937182\n|start\n|switch|p1a: Glimmora|Glimmora, L50, F|100\/100\n|switch|p1b: Maushold|Maushold, L50|100\/100\n|switch|p2a: The Immortal|Garganacl, L50, M, shiny|100\/100\n|switch|p2b: Winter|Palafin, L50, F, shiny|100\/100\n|turn|1\n|\n|t:|1681937210\n|-terastallize|p1a: Glimmora|Grass\n|move|p2b: Winter|Flip Turn|p1b: Maushold\n|-damage|p1b: Maushold|74\/100\n|\n|t:|1681937231\n|detailschange|p2b: Winter|Palafin-Hero, L50, F, shiny\n|switch|p2b: Porky|Grimmsnarl, L50, M, shiny|100\/100|[from] Flip Turn\n|move|p1b: Maushold|Population Bomb|p2b: Porky\n|-damage|p2b: Porky|96\/100\n|-damage|p2b: Porky|91\/100\n|-damage|p2b: Porky|86\/100\n|-damage|p2b: Porky|81\/100\n|-hitcount|p2b: Porky|4\n|move|p1a: Glimmora|Substitute|p1a: Glimmora\n|-start|p1a: Glimmora|Substitute\n|-damage|p1a: Glimmora|76\/100\n|move|p2a: The Immortal|Iron Defense|p2a: The Immortal\n|-boost|p2a: The Immortal|def|2\n|\n|-damage|p1a: Glimmora|64\/100|[from] item: Black Sludge\n|upkeep\n|turn|2\n|\n|t:|1681937264\n|move|p2b: Porky|Reflect|p2b: Porky\n|-sidestart|p2: TehTerminator128|Reflect\n|move|p1b: Maushold|Super Fang|p2b: Porky\n|-damage|p2b: Porky|41\/100\n|move|p1a: Glimmora|Toxic|p2b: Porky\n|-status|p2b: Porky|tox\n|move|p2a: The Immortal|Body Press|p1b: Maushold\n|-supereffective|p1b: Maushold\n|-damage|p1b: Maushold|0 fnt\n|faint|p1b: Maushold\n|\n|-damage|p1a: Glimmora|52\/100|[from] item: Black Sludge\n|-damage|p2b: Porky|35\/100 tox|[from] psn\n|upkeep\n|\n|t:|1681937281\n|switch|p1b: Gyarados|Gyarados, L50, M|100\/100\n|-ability|p1b: Gyarados|Intimidate|boost\n|-unboost|p2a: The Immortal|atk|1\n|-unboost|p2b: Porky|atk|1\n|turn|3\n|\n|t:|1681937305\n|move|p2b: Porky|Light Screen|p2b: Porky\n|-sidestart|p2: TehTerminator128|move: Light Screen\n|move|p1b: Gyarados|Waterfall|p2a: The Immortal\n|-supereffective|p2a: The Immortal\n|-damage|p2a: The Immortal|81\/100\n|move|p1a: Glimmora|Energy Ball|p2a: The Immortal\n|-supereffective|p2a: The Immortal\n|-damage|p2a: The Immortal|41\/100\n|move|p2a: The Immortal|Salt Cure|p1b: Gyarados\n|-supereffective|p1b: Gyarados\n|-damage|p1b: Gyarados|76\/100\n|-start|p1b: Gyarados|Salt Cure\n|\n|-damage|p1a: Glimmora|39\/100|[from] item: Black Sludge\n|-heal|p2a: The Immortal|47\/100|[from] item: Leftovers\n|-damage|p2b: Porky|23\/100 tox|[from] psn\n|-damage|p1b: Gyarados|51\/100|[from] Salt Cure\n|upkeep\n|turn|4\n|\n|t:|1681937332\n|move|p2b: Porky|Parting Shot|p1a: Glimmora\n|-unboost|p1a: Glimmora|atk|1\n|-unboost|p1a: Glimmora|spa|1\n|\n|t:|1681937340\n|switch|p2b: Dreidra|Hydreigon, L50, M|100\/100|[from] Parting Shot\n|move|p1b: Gyarados|Waterfall|p2a: The Immortal\n|-supereffective|p2a: The Immortal\n|-damage|p2a: The Immortal|27\/100\n|move|p1a: Glimmora|Energy Ball|p2a: The Immortal\n|-supereffective|p2a: The Immortal\n|-damage|p2a: The Immortal|1\/100\n|move|p2a: The Immortal|Recover|p2a: The Immortal\n|-heal|p2a: The Immortal|51\/100\n|\n|-damage|p1a: Glimmora|27\/100|[from] item: Black Sludge\n|-heal|p2a: The Immortal|57\/100|[from] item: Leftovers\n|-damage|p1b: Gyarados|26\/100|[from] Salt Cure\n|upkeep\n|turn|5\n|c|\u2606TehTerminator128|hype\n|\n|t:|1681937369\n|-terastallize|p2b: Dreidra|Poison\n|move|p2b: Dreidra|Nasty Plot|p2b: Dreidra\n|-boost|p2b: Dreidra|spa|2\n|move|p1b: Gyarados|Waterfall|p2b: Dreidra\n|-damage|p2b: Dreidra|65\/100\n|move|p1a: Glimmora|Toxic|p2b: Dreidra\n|-immune|p2b: Dreidra\n|move|p2a: The Immortal|Recover|p2a: The Immortal\n|-heal|p2a: The Immortal|100\/100\n|\n|-damage|p1a: Glimmora|15\/100|[from] item: Black Sludge\n|-damage|p1b: Gyarados|2\/100|[from] Salt Cure\n|upkeep\n|turn|6\n|\n|t:|1681937393\n|move|p2b: Dreidra|Protect|p2b: Dreidra\n|-singleturn|p2b: Dreidra|Protect\n|move|p1b: Gyarados|Ice Beam|p2b: Dreidra\n|-activate|p2b: Dreidra|move: Protect\n|move|p1a: Glimmora|Energy Ball|p2a: The Immortal\n|-supereffective|p2a: The Immortal\n|-damage|p2a: The Immortal|77\/100\n|move|p2a: The Immortal|Iron Defense|p2a: The Immortal\n|-boost|p2a: The Immortal|def|2\n|\n|-damage|p1a: Glimmora|3\/100|[from] item: Black Sludge\n|-heal|p2a: The Immortal|83\/100|[from] item: Leftovers\n|-damage|p1b: Gyarados|0 fnt|[from] Salt Cure\n|faint|p1b: Gyarados\n|upkeep\n|\n|t:|1681937410\n|switch|p1b: Corviknight|Corviknight, L50, M|100\/100\n|-ability|p1b: Corviknight|Pressure\n|turn|7\n|\n|t:|1681937430\n|move|p2b: Dreidra|Dark Pulse|p1b: Corviknight\n|-damage|p1b: Corviknight|28\/100\n|-damage|p2b: Dreidra|56\/100|[from] item: Life Orb\n|move|p1a: Glimmora|Energy Ball|p2a: The Immortal\n|-supereffective|p2a: The Immortal\n|-damage|p2a: The Immortal|57\/100\n|move|p1b: Corviknight|Brave Bird|p2b: Dreidra\n|-damage|p2b: Dreidra|27\/100\n|-damage|p1b: Corviknight|20\/100|[from] Recoil\n|move|p2a: The Immortal|Salt Cure|p1b: Corviknight\n|-damage|p1b: Corviknight|11\/100\n|-start|p1b: Corviknight|Salt Cure\n|\n|-damage|p1a: Glimmora|0 fnt|[from] item: Black Sludge\n|faint|p1a: Glimmora\n|-heal|p1b: Corviknight|17\/100|[from] item: Leftovers\n|-heal|p2a: The Immortal|63\/100|[from] item: Leftovers\n|-damage|p1b: Corviknight|0 fnt|[from] Salt Cure\n|faint|p1b: Corviknight\n|\n|win|TehTerminator128\n|upkeep\n|raw|BlackSam88's rating: 1000 → 1000<\/strong> (+0 for losing)\n|raw|TehTerminator128's rating: 1096 → 1115<\/strong> (+19 for winning)\n|l|\u2606BlackSam88\n","uploadtime":1681937468,"views":8,"p1id":"blacksam88","p2id":"tehterminator128","formatid":"gen9vgc2023regulationc","rating":1000,"private":0,"password":""}