{"id":"gen9vgc2023regulationc-1864161555","p1":"Mjmackin93","p2":"Kylemartin1990","format":"[Gen 9] VGC 2023 Regulation C","log":"|j|\u2606Mjmackin93\n|j|\u2606Kylemartin1990\n|t:|1684127520\n|gametype|doubles\n|player|p1|Mjmackin93|brock|1076\n|player|p2|Kylemartin1990|169|1104\n|teamsize|p1|6\n|teamsize|p2|6\n|gen|9\n|tier|[Gen 9] VGC 2023 Regulation C\n|rated|\n|rule|Species Clause: Limit one of each Pok\u00e9mon\n|rule|Item Clause: Limit one of each item\n|clearpoke\n|poke|p1|Gengar, L50, F|\n|poke|p1|Chansey, L50, F|\n|poke|p1|Murkrow, L50, F|\n|poke|p1|Kingambit, L50, F|\n|poke|p1|Dragonite, L50, M|\n|poke|p1|Goodra, L50, M|\n|poke|p2|Abomasnow, L50, M|\n|poke|p2|Iron Bundle, L50|\n|poke|p2|Armarouge, L50, M|\n|poke|p2|Indeedee-F, L50, F|\n|poke|p2|Gyarados, L50, M|\n|poke|p2|Cetitan, L50, M|\n|teampreview|4\n|\n|t:|1684127546\n|start\n|switch|p1a: Murkrow|Murkrow, L50, F|100\/100\n|switch|p1b: Dragonite|Dragonite, L50, M|100\/100\n|switch|p2a: Iron Bundle|Iron Bundle, L50|100\/100\n|switch|p2b: Armarouge|Armarouge, L50, M|100\/100\n|-enditem|p2a: Iron Bundle|Booster Energy\n|-activate|p2a: Iron Bundle|ability: Quark Drive|[fromitem]\n|-start|p2a: Iron Bundle|quarkdrivespe\n|turn|1\n|inactive|Battle timer is ON: inactive players will automatically lose when time's up. (requested by Mjmackin93)\n|\n|t:|1684127563\n|-terastallize|p1b: Dragonite|Normal\n|move|p2b: Armarouge|Protect|p2b: Armarouge\n|-singleturn|p2b: Armarouge|Protect\n|move|p1a: Murkrow|Taunt|p2a: Iron Bundle\n|-start|p2a: Iron Bundle|move: Taunt\n|move|p2a: Iron Bundle|Blizzard|p1a: Murkrow|[spread] p1a\n|-miss|p2a: Iron Bundle|p1b: Dragonite\n|-supereffective|p1a: Murkrow\n|-damage|p1a: Murkrow|35\/100\n|move|p1b: Dragonite|Dragon Dance|p1b: Dragonite\n|-boost|p1b: Dragonite|atk|1\n|-boost|p1b: Dragonite|spe|1\n|\n|upkeep\n|turn|2\n|inactive|Kylemartin1990 has 30 seconds left.\n|\n|t:|1684127595\n|move|p1b: Dragonite|Extreme Speed|p2b: Armarouge\n|-damage|p2b: Armarouge|27\/100\n|-ability|p2b: Armarouge|Weak Armor|boost\n|-unboost|p2b: Armarouge|def|1\n|-boost|p2b: Armarouge|spe|2\n|move|p1a: Murkrow|Tailwind|p1a: Murkrow\n|-sidestart|p1: Mjmackin93|move: Tailwind\n|move|p2a: Iron Bundle|Blizzard|p1a: Murkrow|[spread] p1b\n|-miss|p2a: Iron Bundle|p1a: Murkrow\n|-damage|p1b: Dragonite|79\/100\n|move|p2b: Armarouge|Heat Wave|p1a: Murkrow|[spread] p1a,p1b\n|-damage|p1a: Murkrow|6\/100\n|-damage|p1b: Dragonite|41\/100\n|\n|upkeep\n|turn|3\n|inactive|Mjmackin93 has 30 seconds left.\n|inactive|Kylemartin1990 has 30 seconds left.\n|\n|t:|1684127628\n|move|p2b: Armarouge|Protect|p2b: Armarouge\n|-singleturn|p2b: Armarouge|Protect\n|move|p1b: Dragonite|Roost|p1b: Dragonite\n|-heal|p1b: Dragonite|91\/100\n|move|p2a: Iron Bundle|Flip Turn|p1a: Murkrow\n|-damage|p1a: Murkrow|0 fnt\n|faint|p1a: Murkrow\n|\n|t:|1684127639\n|-end|p2a: Iron Bundle|Quark Drive|[silent]\n|switch|p2a: Indeedee|Indeedee-F, L50, F, shiny|100\/100|[from] Flip Turn\n|-fieldstart|move: Psychic Terrain|[from] ability: Psychic Surge|[of] p2a: Indeedee\n|-enditem|p2a: Indeedee|Psychic Seed\n|-boost|p2a: Indeedee|spd|1|[from] item: Psychic Seed\n|\n|upkeep\n|\n|t:|1684127651\n|switch|p1a: Goodra|Goodra, L50, M|100\/100\n|turn|4\n|\n|t:|1684127661\n|switch|p2b: Cetitan|Cetitan, L50, M|100\/100\n|move|p1b: Dragonite|Dragon Dance|p1b: Dragonite\n|-boost|p1b: Dragonite|atk|1\n|-boost|p1b: Dragonite|spe|1\n|move|p1a: Goodra|Muddy Water|p2b: Cetitan|[spread] p2a,p2b\n|-damage|p2a: Indeedee|83\/100\n|-damage|p2b: Cetitan|69\/100\n|move|p2a: Indeedee|Dazzling Gleam|p1b: Dragonite|[spread] p1a,p1b\n|-supereffective|p1a: Goodra\n|-crit|p1a: Goodra\n|-damage|p1a: Goodra|81\/100\n|-damage|p1b: Dragonite|78\/100\n|\n|upkeep\n|turn|5\n|inactive|Kylemartin1990 has 30 seconds left.\n|inactive|Kylemartin1990 has 20 seconds left.\n|\n|t:|1684127698\n|switch|p1a: Kingambit|Kingambit, L50, F|100\/100\n|-activate|p1a: Kingambit|ability: Supreme Overlord\n|-start|p1a: Kingambit|fallen1|[silent]\n|move|p2a: Indeedee|Protect|p2a: Indeedee\n|-singleturn|p2a: Indeedee|Protect\n|move|p1b: Dragonite|Roost|p1b: Dragonite\n|-heal|p1b: Dragonite|100\/100\n|move|p2b: Cetitan|Ice Spinner|p1b: Dragonite\n|-damage|p1b: Dragonite|69\/100\n|-fieldend|move: Psychic Terrain\n|-damage|p2b: Cetitan|59\/100|[from] item: Life Orb\n|\n|-sideend|p1: Mjmackin93|move: Tailwind\n|upkeep\n|turn|6\n|inactive|Mjmackin93 has 30 seconds left.\n|inactive|Kylemartin1990 has 30 seconds left.\n|\n|t:|1684127728\n|-terastallize|p2b: Cetitan|Ground\n|move|p2a: Indeedee|Protect||[still]\n|-fail|p2a: Indeedee\n|move|p1b: Dragonite|Extreme Speed|p2b: Cetitan\n|-damage|p2b: Cetitan|0 fnt\n|faint|p2b: Cetitan\n|move|p1a: Kingambit|Night Slash|p2a: Indeedee\n|-supereffective|p2a: Indeedee\n|-damage|p2a: Indeedee|0 fnt\n|faint|p2a: Indeedee\n|\n|upkeep\n|\n|t:|1684127746\n|switch|p2b: Iron Bundle|Iron Bundle, L50|100\/100\n|switch|p2a: Armarouge|Armarouge, L50, M|27\/100\n|turn|7\n|\n|t:|1684127764\n|move|p1b: Dragonite|Extreme Speed|p2b: Iron Bundle\n|-damage|p2b: Iron Bundle|0 fnt\n|faint|p2b: Iron Bundle\n|-end|p2b: Iron Bundle|Quark Drive|[silent]\n|move|p2a: Armarouge|Heat Wave|p1a: Kingambit|[spread] p1a,p1b\n|-supereffective|p1a: Kingambit\n|-damage|p1a: Kingambit|53\/100\n|-damage|p1b: Dragonite|32\/100\n|move|p1a: Kingambit|Iron Head|p2a: Armarouge\n|-resisted|p2a: Armarouge\n|-crit|p2a: Armarouge\n|-damage|p2a: Armarouge|0 fnt\n|faint|p2a: Armarouge\n|\n|win|Mjmackin93\n|raw|Mjmackin93's rating: 1076 → 1107<\/strong> (+31 for winning)\n|raw|Kylemartin1990's rating: 1104 → 1077<\/strong> (-27 for losing)\n","uploadtime":1684127781,"views":12,"p1id":"mjmackin93","p2id":"kylemartin1990","formatid":"gen9vgc2023regulationc","rating":1077,"private":0,"password":""}