{"id":"gen9vgc2023regulationc-1854108460","p1":"GuruVGC","p2":"Rigs_batata","format":"[Gen 9] VGC 2023 Regulation C","log":"|j|\u2606GuruVGC\n|j|\u2606Rigs_batata\n|t:|1682770590\n|gametype|doubles\n|player|p1|GuruVGC|red|1094\n|player|p2|Rigs_batata|waiter-gen4dp|1138\n|teamsize|p1|6\n|teamsize|p2|6\n|gen|9\n|tier|[Gen 9] VGC 2023 Regulation C\n|rated|\n|rule|Species Clause: Limit one of each Pok\u00e9mon\n|rule|Item Clause: Limit one of each item\n|clearpoke\n|poke|p1|Dondozo, L50, F|\n|poke|p1|Tatsugiri, L50, F|\n|poke|p1|Glimmora, L50, M|\n|poke|p1|Arcanine, L50, F|\n|poke|p1|Flutter Mane, L50|\n|poke|p1|Grimmsnarl, L50, M|\n|poke|p2|Oranguru, L50, F|\n|poke|p2|Lurantis, L50, M|\n|poke|p2|Iron Hands, L50|\n|poke|p2|Flutter Mane, L50|\n|poke|p2|Mudsdale, L50, F|\n|poke|p2|Mimikyu, L50, M|\n|teampreview|4\n|inactive|Battle timer is ON: inactive players will automatically lose when time's up. (requested by Rigs_batata)\n|inactive|Rigs_batata has 60 seconds left.\n|\n|t:|1682770641\n|start\n|switch|p1a: Glimmora|Glimmora, L50, M|100\/100\n|switch|p1b: Grimmsnarl|Grimmsnarl, L50, M, shiny|100\/100\n|switch|p2a: Mimikyu|Mimikyu, L50, M|100\/100\n|switch|p2b: Lurantis|Lurantis, L50, M|100\/100\n|turn|1\n|\n|t:|1682770663\n|move|p1b: Grimmsnarl|Reflect|p1b: Grimmsnarl\n|-sidestart|p1: GuruVGC|Reflect\n|move|p1a: Glimmora|Mortal Spin|p2b: Lurantis|[spread] p2a,p2b\n|-supereffective|p2b: Lurantis\n|-activate|p2a: Mimikyu|ability: Disguise\n|-damage|p2a: Mimikyu|100\/100\n|-damage|p2b: Lurantis|90\/100\n|-status|p2a: Mimikyu|psn\n|-status|p2b: Lurantis|psn\n|detailschange|p2a: Mimikyu|Mimikyu-Busted, L50, M\n|-damage|p2a: Mimikyu|88\/100 psn|[from] pokemon: Mimikyu-Busted\n|move|p2b: Lurantis|Leaf Storm|p1a: Glimmora\n|-damage|p1a: Glimmora|68\/100\n|-boost|p2b: Lurantis|spa|2\n|move|p2a: Mimikyu|Trick Room|p2a: Mimikyu\n|-fieldstart|move: Trick Room|[of] p2a: Mimikyu\n|\n|-damage|p2b: Lurantis|78\/100 psn|[from] psn\n|-damage|p2a: Mimikyu|76\/100 psn|[from] psn\n|upkeep\n|turn|2\n|inactive|GuruVGC has 30 seconds left.\n|\n|t:|1682770694\n|switch|p2a: Mudsdale|Mudsdale, L50, F, shiny|100\/100\n|move|p1b: Grimmsnarl|Reflect||[still]\n|-fail|p1b: Grimmsnarl\n|move|p2b: Lurantis|Leaf Storm|p1b: Grimmsnarl\n|-damage|p1b: Grimmsnarl|19\/100\n|-boost|p2b: Lurantis|spa|2\n|move|p1a: Glimmora|Power Gem|p2b: Lurantis\n|-damage|p2b: Lurantis|34\/100 psn\n|\n|-damage|p2b: Lurantis|22\/100 psn|[from] psn\n|upkeep\n|turn|3\n|inactive|Rigs_batata has 30 seconds left.\n|\n|t:|1682770722\n|move|p1b: Grimmsnarl|Parting Shot|p2a: Mudsdale\n|-unboost|p2a: Mudsdale|atk|1\n|-unboost|p2a: Mudsdale|spa|1\n|\n|t:|1682770728\n|switch|p1b: Dondozo|Dondozo, L50, F|100\/100|[from] Parting Shot\n|move|p2a: Mudsdale|High Horsepower|p1a: Glimmora\n|-supereffective|p1a: Glimmora\n|-crit|p1a: Glimmora\n|-damage|p1a: Glimmora|0 fnt\n|-activate|p1a: Glimmora|ability: Toxic Debris\n|-sidestart|p2: Rigs_batata|move: Toxic Spikes\n|faint|p1a: Glimmora\n|move|p2b: Lurantis|Leaf Storm|p1b: Dondozo\n|-supereffective|p1b: Dondozo\n|-damage|p1b: Dondozo|20\/100\n|-boost|p2b: Lurantis|spa|2\n|\n|-heal|p1b: Dondozo|26\/100|[from] item: Leftovers\n|-damage|p2b: Lurantis|10\/100 psn|[from] psn\n|upkeep\n|\n|t:|1682770745\n|switch|p1a: Grimmsnarl|Grimmsnarl, L50, M, shiny|19\/100\n|turn|4\n|\n|t:|1682770750\n|move|p1b: Dondozo|Protect|p1b: Dondozo\n|-singleturn|p1b: Dondozo|Protect\n|move|p1a: Grimmsnarl|Light Screen|p1a: Grimmsnarl\n|-sidestart|p1: GuruVGC|move: Light Screen\n|move|p2a: Mudsdale|Heavy Slam|p1a: Grimmsnarl\n|-supereffective|p1a: Grimmsnarl\n|-damage|p1a: Grimmsnarl|0 fnt\n|faint|p1a: Grimmsnarl\n|move|p2b: Lurantis|Synthesis|p2b: Lurantis\n|-heal|p2b: Lurantis|60\/100 psn\n|\n|-heal|p1b: Dondozo|32\/100|[from] item: Leftovers\n|-damage|p2b: Lurantis|48\/100 psn|[from] psn\n|upkeep\n|\n|t:|1682770766\n|switch|p1a: Tatsugiri|Tatsugiri, L50, F|100\/100\n|-activate|p1a: Tatsugiri|ability: Commander|[of] p1b: Dondozo\n|-boost|p1b: Dondozo|atk|2\n|-boost|p1b: Dondozo|spa|2\n|-boost|p1b: Dondozo|spe|2\n|-boost|p1b: Dondozo|def|2\n|-boost|p1b: Dondozo|spd|2\n|turn|5\n|\n|t:|1682770776\n|switch|p2a: Mimikyu|Mimikyu-Busted, L50, M|76\/100 psn\n|-terastallize|p1b: Dondozo|Grass\n|move|p2b: Lurantis|Leaf Storm|p1b: Dondozo\n|-resisted|p1b: Dondozo\n|-damage|p1b: Dondozo|25\/100\n|move|p1b: Dondozo|Earthquake|p2a: Mimikyu|[spread] p2a,p2b\n|-miss|p1b: Dondozo|p1a: Tatsugiri\n|-resisted|p2b: Lurantis\n|-damage|p2a: Mimikyu|25\/100 psn\n|-damage|p2b: Lurantis|28\/100 psn\n|\n|-heal|p1b: Dondozo|31\/100|[from] item: Leftovers\n|-damage|p2b: Lurantis|16\/100 psn|[from] psn\n|-damage|p2a: Mimikyu|12\/100 psn|[from] psn\n|-fieldend|move: Trick Room\n|upkeep\n|turn|6\n|\n|t:|1682770797\n|move|p1b: Dondozo|Earthquake|p2b: Lurantis|[spread] p2a,p2b\n|-miss|p1b: Dondozo|p1a: Tatsugiri\n|-resisted|p2b: Lurantis\n|-damage|p2a: Mimikyu|0 fnt\n|-damage|p2b: Lurantis|0 fnt\n|faint|p2a: Mimikyu\n|faint|p2b: Lurantis\n|\n|-heal|p1b: Dondozo|37\/100|[from] item: Leftovers\n|upkeep\n|\n|t:|1682770801\n|switch|p2a: Flutter Mane|Flutter Mane, L50|100\/100\n|switch|p2b: Mudsdale|Mudsdale, L50, F, shiny|100\/100\n|-status|p2a: Flutter Mane|psn\n|-status|p2b: Mudsdale|psn\n|turn|7\n|inactive|Rigs_batata has 30 seconds left.\n|\n|t:|1682770833\n|-terastallize|p2a: Flutter Mane|Fairy\n|move|p1b: Dondozo|Protect|p1b: Dondozo\n|-singleturn|p1b: Dondozo|Protect\n|move|p2a: Flutter Mane|Moonblast|p1b: Dondozo\n|-activate|p1b: Dondozo|move: Protect\n|move|p2b: Mudsdale|Rock Slide|p1a: Tatsugiri|[spread] \n|-miss|p2b: Mudsdale|p1a: Tatsugiri\n|-activate|p1b: Dondozo|move: Protect\n|\n|-heal|p1b: Dondozo|44\/100|[from] item: Leftovers\n|-damage|p2a: Flutter Mane|89\/100 psn|[from] psn\n|-damage|p2b: Mudsdale|88\/100 psn|[from] psn\n|upkeep\n|turn|8\n|\n|t:|1682770849\n|move|p2a: Flutter Mane|Moonblast|p1b: Dondozo\n|-damage|p1b: Dondozo|18\/100\n|-unboost|p1b: Dondozo|spa|1\n|move|p1b: Dondozo|Earthquake|p2a: Flutter Mane|[spread] p2a,p2b\n|-miss|p1b: Dondozo|p1a: Tatsugiri\n|-damage|p2a: Flutter Mane|28\/100 psn\n|-damage|p2b: Mudsdale|48\/100 psn\n|move|p2b: Mudsdale|Close Combat|p1b: Dondozo\n|-damage|p1b: Dondozo|8\/100\n|-unboost|p2b: Mudsdale|def|1\n|-unboost|p2b: Mudsdale|spd|1\n|\n|-heal|p1b: Dondozo|15\/100|[from] item: Leftovers\n|-damage|p2a: Flutter Mane|16\/100 psn|[from] psn\n|-damage|p2b: Mudsdale|36\/100 psn|[from] psn\n|-sideend|p1: GuruVGC|Reflect\n|upkeep\n|turn|9\n|\n|t:|1682770866\n|move|p1b: Dondozo|Protect|p1b: Dondozo\n|-singleturn|p1b: Dondozo|Protect\n|move|p2a: Flutter Mane|Moonblast|p1b: Dondozo\n|-activate|p1b: Dondozo|move: Protect\n|move|p2b: Mudsdale|High Horsepower|p1a: Tatsugiri|[miss]\n|-miss|p2b: Mudsdale|p1a: Tatsugiri\n|\n|-heal|p1b: Dondozo|21\/100|[from] item: Leftovers\n|-damage|p2a: Flutter Mane|4\/100 psn|[from] psn\n|-damage|p2b: Mudsdale|24\/100 psn|[from] psn\n|upkeep\n|turn|10\n|\n|t:|1682770882\n|move|p1b: Dondozo|Protect||[still]\n|-fail|p1b: Dondozo\n|move|p2a: Flutter Mane|Moonblast|p1b: Dondozo\n|-damage|p1b: Dondozo|0 fnt\n|faint|p1b: Dondozo\n|move|p2b: Mudsdale|High Horsepower|p1a: Tatsugiri\n|-damage|p1a: Tatsugiri|1\/100\n|\n|-damage|p2a: Flutter Mane|0 fnt|[from] psn\n|faint|p2a: Flutter Mane\n|-end|p2a: Flutter Mane|Protosynthesis|[silent]\n|-damage|p2b: Mudsdale|12\/100 psn|[from] psn\n|upkeep\n|turn|11\n|\n|t:|1682770900\n|move|p1a: Tatsugiri|Muddy Water|p2b: Mudsdale|[miss]\n|-miss|p1a: Tatsugiri|p2b: Mudsdale\n|move|p2b: Mudsdale|High Horsepower|p1a: Tatsugiri\n|-damage|p1a: Tatsugiri|0 fnt\n|faint|p1a: Tatsugiri\n|\n|win|Rigs_batata\n|raw|GuruVGC's rating: 1094 → 1073<\/strong> (-21 for losing)\n|raw|Rigs_batata's rating: 1138 → 1160<\/strong> (+22 for winning)\n|l|\u2606GuruVGC\n","uploadtime":1682770912,"views":18,"p1id":"guruvgc","p2id":"rigsbatata","formatid":"gen9vgc2023regulationc","rating":1073,"private":0,"password":""}