{"id":"gen9vgc2023regulationc-1854914833","p1":"AzaleaAkari","p2":"gamerdudehs","format":"[Gen 9] VGC 2023 Regulation C","log":"|j|\u2606AzaleaAkari\n|j|\u2606gamerdudehs\n|t:|1682880281\n|gametype|doubles\n|player|p1|AzaleaAkari|170|\n|player|p2|gamerdudehs|102|\n|teamsize|p1|6\n|teamsize|p2|6\n|gen|9\n|tier|[Gen 9] VGC 2023 Regulation C\n|rule|Species Clause: Limit one of each Pok\u00e9mon\n|rule|Item Clause: Limit one of each item\n|clearpoke\n|poke|p1|Dondozo, L50, F|\n|poke|p1|Tatsugiri, L50, F|\n|poke|p1|Pelipper, L50, F|\n|poke|p1|Drednaw, L50, F|\n|poke|p1|Dragonite, L50, F|\n|poke|p1|Chien-Pao, L50|\n|poke|p2|Flutter Mane, L50|\n|poke|p2|Kingambit, L50, F|\n|poke|p2|Iron Bundle, L50|\n|poke|p2|Arcanine, L50, M|\n|poke|p2|Great Tusk, L50|\n|poke|p2|Corviknight, L50, M|\n|teampreview|4\ngamerdudehs has agreed to open team sheets.\nAzaleaAkari has agreed to open team sheets.\n|c|\u2606gamerdudehs|ok now I see it\n|\n|t:|1682880374\n|start\n|switch|p1a: Pelipper|Pelipper, L50, F|100\/100\n|switch|p1b: Dondozo|Dondozo, L50, F|100\/100\n|switch|p2a: Boyle|Iron Bundle, L50|100\/100\n|switch|p2b: Santiago|Flutter Mane, L50|100\/100\n|-weather|RainDance|[from] ability: Drizzle|[of] p1a: Pelipper\n|-enditem|p2a: Boyle|Booster Energy\n|-activate|p2a: Boyle|ability: Quark Drive|[fromitem]\n|-start|p2a: Boyle|quarkdrivespe\n|turn|1\n|\n|t:|1682880427\n|move|p1a: Pelipper|Protect|p1a: Pelipper\n|-singleturn|p1a: Pelipper|Protect\n|move|p2a: Boyle|Freeze-Dry|p1a: Pelipper\n|-activate|p1a: Pelipper|move: Protect\n|move|p2b: Santiago|Energy Ball|p1b: Dondozo\n|-supereffective|p1b: Dondozo\n|-damage|p1b: Dondozo|0 fnt\n|faint|p1b: Dondozo\n|\n|-weather|RainDance|[upkeep]\n|upkeep\n|\n|t:|1682880444\n|switch|p1b: Chien-Pao|Chien-Pao, L50|100\/100\n|-ability|p1b: Chien-Pao|Sword of Ruin\n|turn|2\n|\n|t:|1682880493\n|-end|p2b: Santiago|Protosynthesis|[silent]\n|switch|p2b: Captain Holt|Corviknight, L50, M, shiny|100\/100\n|-terastallize|p1a: Pelipper|Steel\n|move|p1b: Chien-Pao|Sucker Punch||[still]\n|-fail|p1b: Chien-Pao\n|move|p2a: Boyle|Freeze-Dry|p1a: Pelipper\n|-resisted|p1a: Pelipper\n|-damage|p1a: Pelipper|75\/100\n|move|p1a: Pelipper|Hurricane|p2a: Boyle\n|-damage|p2a: Boyle|0 fnt\n|faint|p2a: Boyle\n|-end|p2a: Boyle|Quark Drive|[silent]\n|\n|-weather|RainDance|[upkeep]\n|upkeep\n|\n|t:|1682880508\n|switch|p2a: Santiago|Flutter Mane, L50|100\/100\n|turn|3\n|\n|t:|1682880549\n|-terastallize|p2a: Santiago|Grass\n|move|p1a: Pelipper|Protect|p1a: Pelipper\n|-singleturn|p1a: Pelipper|Protect\n|move|p1b: Chien-Pao|Ice Spinner|p2a: Santiago\n|-supereffective|p2a: Santiago\n|-damage|p2a: Santiago|0 fnt\n|faint|p2a: Santiago\n|-end|p2a: Santiago|Protosynthesis|[silent]\n|move|p2b: Captain Holt|Tailwind|p2b: Captain Holt\n|-sidestart|p2: gamerdudehs|move: Tailwind\n|\n|-weather|RainDance|[upkeep]\n|upkeep\n|\n|t:|1682880558\n|switch|p2a: Peralta|Kingambit, L50, F, shiny|100\/100\n|turn|4\n|\n|t:|1682880625\n|move|p1b: Chien-Pao|Sacred Sword|p2a: Peralta\n|-supereffective|p2a: Peralta\n|-damage|p2a: Peralta|0 fnt\n|faint|p2a: Peralta\n|move|p2b: Captain Holt|Bulk Up|p2b: Captain Holt\n|-boost|p2b: Captain Holt|atk|1\n|-boost|p2b: Captain Holt|def|1\n|move|p1a: Pelipper|Hydro Pump|p2b: Captain Holt\n|-damage|p2b: Captain Holt|36\/100\n|\n|-weather|RainDance|[upkeep]\n|upkeep\n|turn|5\n|\n|t:|1682880663\n|move|p1b: Chien-Pao|Sacred Sword|p2b: Captain Holt\n|-damage|p2b: Captain Holt|5\/100\n|move|p2b: Captain Holt|Brave Bird|p1b: Chien-Pao\n|-damage|p1b: Chien-Pao|15\/100\n|-damage|p2b: Captain Holt|0 fnt|[from] Recoil\n|faint|p2b: Captain Holt\n|\n|win|AzaleaAkari\n","uploadtime":1682880673,"views":6,"p1id":"azaleaakari","p2id":"gamerdudehs","formatid":"gen9vgc2023regulationc","rating":0,"private":0,"password":""}