{"id":"gen9vgc2023regulationc-1860870569","p1":"reallove85tw","p2":"windowsstartup","format":"[Gen 9] VGC 2023 Regulation C","log":"|j|\u2606reallove85tw\n|j|\u2606windowsstartup\n|t:|1683688275\n|gametype|doubles\n|player|p1|reallove85tw|dawn-gen4pt|1130\n|player|p2|windowsstartup|102|1226\n|teamsize|p1|6\n|teamsize|p2|6\n|gen|9\n|tier|[Gen 9] VGC 2023 Regulation C\n|rated|\n|rule|Species Clause: Limit one of each Pok\u00e9mon\n|rule|Item Clause: Limit one of each item\n|clearpoke\n|poke|p1|Chi-Yu, L50|\n|poke|p1|Dachsbun, L50, M|\n|poke|p1|Dragonite, L50, F|\n|poke|p1|Flutter Mane, L50|\n|poke|p1|Azumarill, L50, F|\n|poke|p1|Chien-Pao, L50|\n|poke|p2|Torkoal, L50, M|\n|poke|p2|Lilligant, L50, F|\n|poke|p2|Great Tusk, L50|\n|poke|p2|Flutter Mane, L50|\n|poke|p2|Talonflame, L50, F|\n|poke|p2|Chien-Pao, L50|\n|teampreview|4\nreallove85tw has agreed to open team sheets.\nwindowsstartup has agreed to open team sheets.\n|inactive|Battle timer is ON: inactive players will automatically lose when time's up. (requested by windowsstartup)\n|\n|t:|1683688335\n|start\n|switch|p1a: Chi-Yu|Chi-Yu, L50|100\/100\n|switch|p1b: Dachsbun|Dachsbun, L50, M|100\/100\n|switch|p2a: Great Tusk|Great Tusk, L50|100\/100\n|switch|p2b: Torkoal|Torkoal, L50, M|100\/100\n|-ability|p1a: Chi-Yu|Beads of Ruin\n|-weather|SunnyDay|[from] ability: Drought|[of] p2b: Torkoal\n|-activate|p2a: Great Tusk|ability: Protosynthesis\n|-start|p2a: Great Tusk|protosynthesisatk\n|turn|1\n|\n|t:|1683688355\n|switch|p2b: Talonflame|Talonflame, L50, F|100\/100\n|-terastallize|p1a: Chi-Yu|Ghost\n|move|p1a: Chi-Yu|Lava Plume|p2b: Talonflame|[spread] p2a,p2b\n|-ability|p1b: Dachsbun|Well-Baked Body|boost\n|-boost|p1b: Dachsbun|def|2\n|-resisted|p2b: Talonflame\n|-damage|p2a: Great Tusk|10\/100\n|-damage|p2b: Talonflame|57\/100\n|move|p2a: Great Tusk|Earthquake|p1a: Chi-Yu|[spread] p1a,p1b\n|-immune|p2b: Talonflame\n|-damage|p1a: Chi-Yu|15\/100\n|-damage|p1b: Dachsbun|75\/100\n|move|p1b: Dachsbun|Body Press|p2a: Great Tusk\n|-damage|p2a: Great Tusk|0 fnt\n|faint|p2a: Great Tusk\n|-end|p2a: Great Tusk|Protosynthesis|[silent]\n|\n|-weather|SunnyDay|[upkeep]\n|-heal|p1b: Dachsbun|81\/100|[from] item: Leftovers\n|upkeep\n|\n|t:|1683688367\n|switch|p2a: Flutter Mane|Flutter Mane, L50|100\/100\n|-activate|p2a: Flutter Mane|ability: Protosynthesis\n|-start|p2a: Flutter Mane|protosynthesisspa\n|turn|2\n|\n|t:|1683688380\n|-terastallize|p2a: Flutter Mane|Fairy\n|move|p1a: Chi-Yu|Lava Plume|p2b: Talonflame|[spread] p2a,p2b\n|-ability|p1b: Dachsbun|Well-Baked Body|boost\n|-boost|p1b: Dachsbun|def|2\n|-resisted|p2b: Talonflame\n|-damage|p2a: Flutter Mane|37\/100\n|-damage|p2b: Talonflame|15\/100\n|move|p2b: Talonflame|Tailwind|p2b: Talonflame\n|-sidestart|p2: windowsstartup|move: Tailwind\n|move|p2a: Flutter Mane|Dazzling Gleam|p1a: Chi-Yu|[spread] p1a,p1b\n|-damage|p1a: Chi-Yu|0 fnt\n|-damage|p1b: Dachsbun|0 fnt\n|faint|p1a: Chi-Yu\n|faint|p1b: Dachsbun\n|\n|-weather|SunnyDay|[upkeep]\n|upkeep\n|\n|t:|1683688392\n|switch|p1a: Flutter Mane|Flutter Mane, L50|100\/100\n|switch|p1b: Chien-Pao|Chien-Pao, L50|100\/100\n|-ability|p1b: Chien-Pao|Sword of Ruin\n|-activate|p1a: Flutter Mane|ability: Protosynthesis\n|-start|p1a: Flutter Mane|protosynthesisspe\n|turn|3\n|\n|t:|1683688403\n|move|p1b: Chien-Pao|Sucker Punch|p2a: Flutter Mane\n|-resisted|p2a: Flutter Mane\n|-damage|p2a: Flutter Mane|0 fnt\n|faint|p2a: Flutter Mane\n|-end|p2a: Flutter Mane|Protosynthesis|[silent]\n|move|p2b: Talonflame|Will-O-Wisp|p1b: Chien-Pao\n|-status|p1b: Chien-Pao|brn\n|move|p1a: Flutter Mane|Shadow Ball|p2b: Talonflame\n|-damage|p2b: Talonflame|0 fnt\n|faint|p2b: Talonflame\n|\n|-weather|SunnyDay|[upkeep]\n|-damage|p1b: Chien-Pao|95\/100 brn|[from] brn\n|upkeep\n|\n|t:|1683688405\n|switch|p2b: Torkoal|Torkoal, L50, M|100\/100\n|turn|4\n|\n|t:|1683688420\n|move|p1a: Flutter Mane|Shadow Ball|p2b: Torkoal\n|-damage|p2b: Torkoal|44\/100\n|move|p1b: Chien-Pao|Throat Chop|p2b: Torkoal\n|-crit|p2b: Torkoal\n|-damage|p2b: Torkoal|10\/100\n|-start|p2b: Torkoal|Throat Chop|[silent]\n|move|p2b: Torkoal|Eruption|p1b: Chien-Pao|[spread] p1a,p1b\n|-supereffective|p1b: Chien-Pao\n|-damage|p1a: Flutter Mane|92\/100\n|-damage|p1b: Chien-Pao|67\/100 brn\n|\n|-weather|SunnyDay|[upkeep]\n|-damage|p1b: Chien-Pao|61\/100 brn|[from] brn\n|upkeep\n|turn|5\n|\n|t:|1683688431\n|move|p1a: Flutter Mane|Shadow Ball|p2b: Torkoal\n|-damage|p2b: Torkoal|0 fnt\n|faint|p2b: Torkoal\n|\n|win|reallove85tw\n|raw|reallove85tw's rating: 1130 → 1162<\/strong> (+32 for winning)\n|raw|windowsstartup's rating: 1226 → 1194<\/strong> (-32 for losing)\n|l|\u2606reallove85tw\n","uploadtime":1683688533,"views":26,"p1id":"reallove85tw","p2id":"windowsstartup","formatid":"gen9vgc2023regulationc","rating":1162,"private":0,"password":""}