{"id":"gen9vgc2023regulationc-1846677532","p1":"Sprye0216","p2":"OhmMyCod","format":"[Gen 9] VGC 2023 Regulation C","log":"|j|\u2606Sprye0216\n|j|\u2606OhmMyCod\n|t:|1681864762\n|gametype|doubles\n|player|p1|Sprye0216|skyla|1138\n|player|p2|OhmMyCod|265|1203\n|teamsize|p1|6\n|teamsize|p2|6\n|gen|9\n|tier|[Gen 9] VGC 2023 Regulation C\n|rated|\n|rule|Species Clause: Limit one of each Pok\u00e9mon\n|rule|Item Clause: Limit one of each item\n|clearpoke\n|poke|p1|Kingambit, L50, F|\n|poke|p1|Gyarados, L50, F|\n|poke|p1|Amoonguss, L50, F|\n|poke|p1|Flutter Mane, L50|\n|poke|p1|Chi-Yu, L50|\n|poke|p1|Iron Hands, L50|\n|poke|p2|Corviknight, L50, F|\n|poke|p2|Maushold, L50|\n|poke|p2|Annihilape, L50, F|\n|poke|p2|Scream Tail, L50|\n|poke|p2|Iron Bundle, L50|\n|poke|p2|Ceruledge, L50, F|\n|teampreview|4\n|\n|t:|1681864787\n|start\n|switch|p1a: Chi-Yu|Chi-Yu, L50|100\/100\n|switch|p1b: Flutter Mane|Flutter Mane, L50|100\/100\n|switch|p2a: Corviknight|Corviknight, L50, F|100\/100\n|switch|p2b: Maushold|Maushold, L50|100\/100\n|-ability|p1a: Chi-Yu|Beads of Ruin\n|-enditem|p1b: Flutter Mane|Booster Energy\n|-activate|p1b: Flutter Mane|ability: Protosynthesis|[fromitem]\n|-start|p1b: Flutter Mane|protosynthesisspe\n|turn|1\n|\n|t:|1681864805\n|-terastallize|p1a: Chi-Yu|Fire\n|move|p1b: Flutter Mane|Moonblast|p2b: Maushold\n|-damage|p2b: Maushold|3\/100\n|-unboost|p2b: Maushold|spa|1\n|move|p1a: Chi-Yu|Overheat|p2a: Corviknight|[miss]\n|-miss|p1a: Chi-Yu|p2a: Corviknight\n|move|p2b: Maushold|Population Bomb|p1a: Chi-Yu\n|-damage|p1a: Chi-Yu|85\/100\n|-damage|p1a: Chi-Yu|66\/100\n|-damage|p1a: Chi-Yu|49\/100\n|-damage|p1a: Chi-Yu|31\/100\n|-damage|p1a: Chi-Yu|14\/100\n|-damage|p1a: Chi-Yu|0 fnt\n|faint|p1a: Chi-Yu\n|-hitcount|p1: Chi-Yu|6\n|move|p2a: Corviknight|Iron Head|p1b: Flutter Mane\n|-supereffective|p1b: Flutter Mane\n|-damage|p1b: Flutter Mane|0 fnt\n|faint|p1b: Flutter Mane\n|-end|p1b: Flutter Mane|Protosynthesis|[silent]\n|\n|upkeep\n|\n|t:|1681864826\n|switch|p1b: Iron Hands|Iron Hands, L50|100\/100\n|switch|p1a: Gyarados|Gyarados, L50, F|100\/100\n|-ability|p1a: Gyarados|Intimidate|boost\n|-ability|p2a: Corviknight|Mirror Armor\n|-unboost|p1a: Gyarados|atk|1\n|-unboost|p2b: Maushold|atk|1\n|turn|2\n|\n|t:|1681864840\n|switch|p2b: Ceruledge|Ceruledge, L50, F|100\/100\n|move|p1b: Iron Hands|Fake Out|p2a: Corviknight\n|-resisted|p2a: Corviknight\n|-damage|p2a: Corviknight|94\/100\n|move|p1a: Gyarados|Waterfall|p2b: Ceruledge\n|-supereffective|p2b: Ceruledge\n|-damage|p2b: Ceruledge|27\/100\n|cant|p2a: Corviknight|flinch\n|\n|upkeep\n|turn|3\n|\n|t:|1681864857\n|move|p2b: Ceruledge|Bitter Blade|p1b: Iron Hands\n|-damage|p1b: Iron Hands|70\/100\n|-heal|p2b: Ceruledge|52\/100|[from] drain|[of] p1b: Iron Hands\n|move|p1a: Gyarados|Waterfall|p2b: Ceruledge\n|-supereffective|p2b: Ceruledge\n|-damage|p2b: Ceruledge|0 fnt\n|faint|p2b: Ceruledge\n|move|p2a: Corviknight|Iron Head|p1a: Gyarados\n|-resisted|p1a: Gyarados\n|-damage|p1a: Gyarados|72\/100\n|move|p1b: Iron Hands|Wild Charge|p2a: Corviknight\n|-supereffective|p2a: Corviknight\n|-damage|p2a: Corviknight|9\/100\n|-damage|p1b: Iron Hands|52\/100|[from] Recoil\n|\n|upkeep\n|\n|t:|1681864868\n|switch|p2b: Iron Bundle|Iron Bundle, L50|100\/100\n|-enditem|p2b: Iron Bundle|Booster Energy\n|-activate|p2b: Iron Bundle|ability: Quark Drive|[fromitem]\n|-start|p2b: Iron Bundle|quarkdrivespe\n|turn|4\n|\n|t:|1681864879\n|move|p2b: Iron Bundle|Freeze-Dry|p1a: Gyarados\n|-supereffective|p1a: Gyarados\n|-damage|p1a: Gyarados|0 fnt\n|faint|p1a: Gyarados\n|move|p2a: Corviknight|Iron Head|p1b: Iron Hands\n|-resisted|p1b: Iron Hands\n|-damage|p1b: Iron Hands|35\/100\n|move|p1b: Iron Hands|Drain Punch|p2b: Iron Bundle\n|-supereffective|p2b: Iron Bundle\n|-damage|p2b: Iron Bundle|0 fnt\n|-heal|p1b: Iron Hands|63\/100|[from] drain|[of] p2b: Iron Bundle\n|faint|p2b: Iron Bundle\n|-end|p2b: Iron Bundle|Quark Drive|[silent]\n|\n|upkeep\n|\n|t:|1681864885\n|switch|p2b: Maushold|Maushold, L50|3\/100\n|turn|5\n|\n|t:|1681864901\n|-terastallize|p2b: Maushold|Ghost\n|move|p2b: Maushold|Tidy Up|p2b: Maushold\n|-boost|p2b: Maushold|atk|1\n|-boost|p2b: Maushold|spe|1\n|move|p2a: Corviknight|Iron Head|p1b: Iron Hands\n|-resisted|p1b: Iron Hands\n|-damage|p1b: Iron Hands|44\/100\n|cant|p1b: Iron Hands|flinch\n|\n|upkeep\n|turn|6\n|\n|t:|1681864910\n|move|p2b: Maushold|Population Bomb|p1b: Iron Hands\n|-crit|p1b: Iron Hands\n|-damage|p1b: Iron Hands|29\/100\n|-damage|p1b: Iron Hands|16\/100\n|-damage|p1b: Iron Hands|6\/100\n|-damage|p1b: Iron Hands|0 fnt\n|faint|p1b: Iron Hands\n|-end|p1b: Iron Hands|Quark Drive|[silent]\n|-hitcount|p1: Iron Hands|4\n|\n|win|OhmMyCod\n|raw|Sprye0216's rating: 1138 → 1118<\/strong> (-20 for losing)\n|raw|OhmMyCod's rating: 1203 → 1223<\/strong> (+20 for winning)\n|l|\u2606OhmMyCod\n","uploadtime":1681864920,"views":9,"p1id":"sprye0216","p2id":"ohmmycod","formatid":"gen9vgc2023regulationc","rating":1118,"private":0,"password":""}