{"id":"gen9vgc2023regulationc-1857836224","p1":"davidberlin97","p2":"MEntalpengi","format":"[Gen 9] VGC 2023 Regulation C","log":"|j|\u2606davidberlin97\n|j|\u2606MEntalpengi\n|t:|1683237002\n|gametype|doubles\n|player|p1|davidberlin97|cynthia-gen4|1143\n|player|p2|MEntalpengi|1|1115\n|teamsize|p1|6\n|teamsize|p2|6\n|gen|9\n|tier|[Gen 9] VGC 2023 Regulation C\n|rated|\n|rule|Species Clause: Limit one of each Pok\u00e9mon\n|rule|Item Clause: Limit one of each item\n|clearpoke\n|poke|p1|Iron Bundle, L50|\n|poke|p1|Gholdengo, L50|\n|poke|p1|Arcanine, L50, F|\n|poke|p1|Garchomp, L50, M|\n|poke|p1|Talonflame, L50, M|\n|poke|p1|Grimmsnarl, L50, M|\n|poke|p2|Flutter Mane, L50|\n|poke|p2|Chien-Pao, L50|\n|poke|p2|Iron Hands, L50|\n|poke|p2|Gastrodon-East, L50, M|\n|poke|p2|Arcanine, L50, F|\n|poke|p2|Ting-Lu, L50|\n|teampreview|4\nMEntalpengi has agreed to open team sheets.\n|inactive|Battle timer is ON: inactive players will automatically lose when time's up. (requested by davidberlin97)\n|\n|t:|1683237042\n|start\n|switch|p1a: Grimmsnarl|Grimmsnarl, L50, M|100\/100\n|switch|p1b: Gholdengo|Gholdengo, L50|100\/100\n|switch|p2a: Lax Kun|Iron Hands, L50|100\/100\n|switch|p2b: Zard|Arcanine, L50, F|100\/100\n|turn|1\n|c|\u2606MEntalpengi|gl hf\n|inactive|MEntalpengi has 30 seconds left.\n|\n|t:|1683237068\n|move|p1b: Gholdengo|Protect|p1b: Gholdengo\n|-singleturn|p1b: Gholdengo|Protect\n|move|p1a: Grimmsnarl|Reflect|p1a: Grimmsnarl\n|-sidestart|p1: davidberlin97|Reflect\n|move|p2b: Zard|Flare Blitz|p1b: Gholdengo\n|-activate|p1b: Gholdengo|move: Protect\n|move|p2a: Lax Kun|Heavy Slam|p1a: Grimmsnarl\n|-supereffective|p1a: Grimmsnarl\n|-damage|p1a: Grimmsnarl|47\/100\n|-damage|p2a: Lax Kun|84\/100|[from] item: Rocky Helmet|[of] p1a: Grimmsnarl\n|\n|upkeep\n|turn|2\n|inactive|davidberlin97 has 30 seconds left.\n|\n|t:|1683237096\n|-terastallize|p1b: Gholdengo|Water\n|move|p1a: Grimmsnarl|Parting Shot|p2a: Lax Kun\n|-unboost|p2a: Lax Kun|atk|1\n|-unboost|p2a: Lax Kun|spa|1\n|\n|t:|1683237103\n|switch|p1a: Garchomp|Garchomp, L50, M|100\/100|[from] Parting Shot\n|move|p2b: Zard|Flare Blitz|p1b: Gholdengo\n|-resisted|p1b: Gholdengo\n|-damage|p1b: Gholdengo|87\/100\n|-status|p1b: Gholdengo|brn\n|-damage|p2b: Zard|96\/100|[from] Recoil\n|move|p1b: Gholdengo|Nasty Plot|p1b: Gholdengo\n|-boost|p1b: Gholdengo|spa|2\n|move|p2a: Lax Kun|Heavy Slam|p1a: Garchomp\n|-damage|p1a: Garchomp|80\/100\n|-damage|p2a: Lax Kun|72\/100|[from] ability: Rough Skin|[of] p1a: Garchomp\n|\n|-heal|p1b: Gholdengo|93\/100 brn|[from] item: Leftovers\n|-damage|p1b: Gholdengo|87\/100 brn|[from] brn\n|upkeep\n|turn|3\n|inactive|MEntalpengi has 30 seconds left.\n|inactive|davidberlin97 has 30 seconds left.\n|inactive|MEntalpengi has 20 seconds left.\n|inactive|MEntalpengi has 15 seconds left.\n|inactive|davidberlin97 has 20 seconds left.\n|inactive|MEntalpengi has 10 seconds left.\n|inactive|MEntalpengi has 5 seconds left.\n|\n|t:|1683237154\n|move|p1b: Gholdengo|Protect|p1b: Gholdengo\n|-singleturn|p1b: Gholdengo|Protect\n|move|p1a: Garchomp|Earthquake|p2b: Zard|[spread] p2a,p2b\n|-activate|p1b: Gholdengo|move: Protect\n|-supereffective|p2a: Lax Kun\n|-supereffective|p2b: Zard\n|-damage|p2a: Lax Kun|11\/100\n|-damage|p2b: Zard|0 fnt\n|faint|p2b: Zard\n|move|p2a: Lax Kun|Wild Charge|p1b: Gholdengo\n|-activate|p1b: Gholdengo|move: Protect\n|\n|-heal|p1b: Gholdengo|93\/100 brn|[from] item: Leftovers\n|-damage|p1b: Gholdengo|87\/100 brn|[from] brn\n|upkeep\n|\n|t:|1683237176\n|switch|p2b: Pika|Chien-Pao, L50|100\/100\n|-ability|p2b: Pika|Sword of Ruin\n|turn|4\n|inactive|davidberlin97 has 30 seconds left.\n|inactive|MEntalpengi has 30 seconds left.\n|\n|t:|1683237203\n|switch|p1a: Talonflame|Talonflame, L50, M|100\/100\n|switch|p1b: Grimmsnarl|Grimmsnarl, L50, M|47\/100\n|move|p2b: Pika|Ice Spinner|p1a: Talonflame\n|-damage|p1a: Talonflame|51\/100\n|move|p2a: Lax Kun|Drain Punch|p1b: Grimmsnarl\n|-damage|p1b: Grimmsnarl|26\/100\n|-heal|p2a: Lax Kun|20\/100|[from] drain|[of] p1b: Grimmsnarl\n|-damage|p2a: Lax Kun|3\/100|[from] item: Rocky Helmet|[of] p1b: Grimmsnarl\n|\n|upkeep\n|turn|5\n|inactive|davidberlin97 has 30 seconds left.\n|inactive|MEntalpengi has 30 seconds left.\n|inactive|MEntalpengi has 20 seconds left.\n|inactive|davidberlin97 has 20 seconds left.\n|\n|t:|1683237245\n|-end|p2a: Lax Kun|Quark Drive|[silent]\n|switch|p2a: Squirt|Gastrodon-East, L50, M|100\/100\n|move|p2b: Pika|Ice Spinner|p1b: Grimmsnarl\n|-damage|p1b: Grimmsnarl|0 fnt\n|-damage|p2b: Pika|84\/100|[from] item: Rocky Helmet|[of] p1b: Grimmsnarl\n|faint|p1b: Grimmsnarl\n|move|p1a: Talonflame|Tailwind|p1a: Talonflame\n|-sidestart|p1: davidberlin97|move: Tailwind\n|\n|-sideend|p1: davidberlin97|Reflect\n|upkeep\n|\n|t:|1683237264\n|switch|p1b: Gholdengo|Gholdengo, L50, tera:Water|87\/100 brn\n|turn|6\n|n|!MEntalpengi|mentalpengi\n|inactive|MEntalpengi has 30 seconds left.\n|inactive|MEntalpengi has 20 seconds left.\n|\n|t:|1683237300\n|move|p1b: Gholdengo|Protect|p1b: Gholdengo\n|-singleturn|p1b: Gholdengo|Protect\n|move|p2b: Pika|Protect|p2b: Pika\n|-singleturn|p2b: Pika|Protect\n|move|p1a: Talonflame|Will-O-Wisp|p2b: Pika\n|-activate|p2b: Pika|move: Protect\n|move|p2a: Squirt|Hydro Pump|p1a: Talonflame\n|-supereffective|p1a: Talonflame\n|-damage|p1a: Talonflame|0 fnt\n|faint|p1a: Talonflame\n|\n|-heal|p1b: Gholdengo|93\/100 brn|[from] item: Leftovers\n|-damage|p1b: Gholdengo|87\/100 brn|[from] brn\n|upkeep\n|\n|t:|1683237315\n|switch|p1a: Garchomp|Garchomp, L50, M|80\/100\n|turn|7\n|\n|t:|1683237340\n|move|p2a: Squirt|Protect|p2a: Squirt\n|-singleturn|p2a: Squirt|Protect\n|move|p1a: Garchomp|Stone Edge|p2b: Pika\n|-supereffective|p2b: Pika\n|-damage|p2b: Pika|0 fnt\n|faint|p2b: Pika\n|move|p1b: Gholdengo|Make It Rain|p2a: Squirt\n|-activate|p2a: Squirt|move: Protect\n|\n|-heal|p1b: Gholdengo|93\/100 brn|[from] item: Leftovers\n|-damage|p1b: Gholdengo|87\/100 brn|[from] brn\n|upkeep\n|\n|t:|1683237361\n|switch|p2b: Lax Kun|Iron Hands, L50|3\/100\n|turn|8\n|inactive|MEntalpengi has 30 seconds left.\n|inactive|davidberlin97 has 30 seconds left.\n|inactive|MEntalpengi has 20 seconds left.\n|inactive|MEntalpengi has 15 seconds left.\n|inactive|MEntalpengi has 10 seconds left.\n|inactive|MEntalpengi has 5 seconds left.\n|\n|t:|1683237416\n|move|p2b: Lax Kun|Fake Out|p1a: Garchomp\n|-damage|p1a: Garchomp|64\/100\n|-damage|p2b: Lax Kun|0 fnt|[from] ability: Rough Skin|[of] p1a: Garchomp\n|faint|p2b: Lax Kun\n|-end|p2b: Lax Kun|Quark Drive|[silent]\n|cant|p1a: Garchomp|flinch\n|move|p1b: Gholdengo|Make It Rain|p2a: Squirt\n|-resisted|p2a: Squirt\n|-damage|p2a: Squirt|73\/100\n|-unboost|p1b: Gholdengo|spa|1\n|move|p2a: Squirt|Icy Wind|p1b: Gholdengo|[spread] p1a,p1b\n|-supereffective|p1a: Garchomp\n|-resisted|p1b: Gholdengo\n|-damage|p1a: Garchomp|20\/100\n|-damage|p1b: Gholdengo|82\/100 brn\n|-unboost|p1a: Garchomp|spe|1\n|-unboost|p1b: Gholdengo|spe|1\n|\n|-heal|p1b: Gholdengo|88\/100 brn|[from] item: Leftovers\n|-damage|p1b: Gholdengo|82\/100 brn|[from] brn\n|-sideend|p1: davidberlin97|move: Tailwind\n|upkeep\n|turn|9\n|-message|MEntalpengi forfeited.\n|\n|win|davidberlin97\n|raw|davidberlin97's rating: 1143 → 1166<\/strong> (+23 for winning)\n|raw|MEntalpengi's rating: 1115 → 1092<\/strong> (-23 for losing)\n|l|!MEntalpengi\n","uploadtime":1683237271,"views":6,"p1id":"davidberlin97","p2id":"mentalpengi","formatid":"gen9vgc2023regulationc","rating":1092,"private":0,"password":""}