{"id":"gen9vgc2023regulationc-1850275270","p1":"Little Hanzy","p2":"Zaikuren","format":"[Gen 9] VGC 2023 Regulation C","log":"|j|\u2606Little Hanzy\n|j|\u2606Zaikuren\n|t:|1682309442\n|gametype|doubles\n|player|p1|Little Hanzy|skyla|1049\n|player|p2|Zaikuren|hilbert|1055\n|teamsize|p1|6\n|teamsize|p2|6\n|gen|9\n|tier|[Gen 9] VGC 2023 Regulation C\n|rated|\n|rule|Species Clause: Limit one of each Pok\u00e9mon\n|rule|Item Clause: Limit one of each item\n|clearpoke\n|poke|p1|Annihilape, L50, F|\n|poke|p1|Maushold-Four, L50|\n|poke|p1|Flutter Mane, L50|\n|poke|p1|Ceruledge, L50, M|\n|poke|p1|Kingambit, L50, M|\n|poke|p1|Dragalge, L50, M|\n|poke|p2|Annihilape, L50, M|\n|poke|p2|Kilowattrel, L50, F|\n|poke|p2|Maushold-Four, L50|\n|poke|p2|Palafin, L50, M|\n|poke|p2|Iron Moth, L50|\n|poke|p2|Brute Bonnet, L50|\n|teampreview|4\n|inactive|Battle timer is ON: inactive players will automatically lose when time's up. (requested by Little Hanzy)\n|\n|t:|1682309456\n|start\n|switch|p1a: Ceruledge|Ceruledge, L50, M|100\/100\n|switch|p1b: Maushold|Maushold-Four, L50|100\/100\n|switch|p2a: Baki|Annihilape, L50, M|100\/100\n|switch|p2b: Home|Maushold-Four, L50|100\/100\n|turn|1\n|\n|t:|1682309474\n|move|p1b: Maushold|Beat Up|p1a: Ceruledge\n|-supereffective|p1a: Ceruledge\n|-damage|p1a: Ceruledge|90\/100\n|-ability|p1a: Ceruledge|Weak Armor|boost\n|-unboost|p1a: Ceruledge|def|1\n|-boost|p1a: Ceruledge|spe|2\n|-enditem|p1a: Ceruledge|Weakness Policy\n|-boost|p1a: Ceruledge|atk|2|[from] item: Weakness Policy\n|-boost|p1a: Ceruledge|spa|2|[from] item: Weakness Policy\n|-supereffective|p1a: Ceruledge\n|-damage|p1a: Ceruledge|80\/100\n|-ability|p1a: Ceruledge|Weak Armor|boost\n|-unboost|p1a: Ceruledge|def|1\n|-boost|p1a: Ceruledge|spe|2\n|-supereffective|p1a: Ceruledge\n|-damage|p1a: Ceruledge|69\/100\n|-ability|p1a: Ceruledge|Weak Armor|boost\n|-unboost|p1a: Ceruledge|def|1\n|-boost|p1a: Ceruledge|spe|2\n|-supereffective|p1a: Ceruledge\n|-damage|p1a: Ceruledge|44\/100\n|-ability|p1a: Ceruledge|Weak Armor|boost\n|-unboost|p1a: Ceruledge|def|1\n|-hitcount|p1a: Ceruledge|4\n|move|p1a: Ceruledge|Bitter Blade|p2a: Baki\n|-damage|p2a: Baki|28\/100\n|-heal|p1a: Ceruledge|97\/100|[from] drain|[of] p2a: Baki\n|move|p2b: Home|Taunt|p1b: Maushold\n|-start|p1b: Maushold|move: Taunt\n|move|p2a: Baki|Bulk Up|p2a: Baki\n|-boost|p2a: Baki|atk|1\n|-boost|p2a: Baki|def|1\n|\n|upkeep\n|turn|2\n|inactive|Little Hanzy has 30 seconds left.\n|\n|t:|1682309504\n|move|p2b: Home|Follow Me|p2b: Home\n|-singleturn|p2b: Home|move: Follow Me\n|move|p1a: Ceruledge|Shadow Sneak|p2b: Home\n|-immune|p2b: Home\n|move|p1b: Maushold|Population Bomb|p2b: Home\n|-damage|p2b: Home|91\/100\n|-damage|p2b: Home|80\/100\n|-damage|p2b: Home|70\/100\n|-damage|p2b: Home|59\/100\n|-damage|p2b: Home|49\/100\n|-damage|p2b: Home|39\/100\n|-damage|p2b: Home|29\/100\n|-damage|p2b: Home|19\/100\n|-enditem|p2b: Home|Mago Berry|[eat]\n|-heal|p2b: Home|52\/100|[from] item: Mago Berry\n|-damage|p2b: Home|42\/100\n|-hitcount|p2b: Home|9\n|move|p2a: Baki|Rage Fist|p1a: Ceruledge\n|-supereffective|p1a: Ceruledge\n|-damage|p1a: Ceruledge|0 fnt\n|faint|p1a: Ceruledge\n|\n|upkeep\n|\n|t:|1682309513\n|switch|p1a: Flutter Mane|Flutter Mane, L50|100\/100\n|-enditem|p1a: Flutter Mane|Booster Energy\n|-activate|p1a: Flutter Mane|ability: Protosynthesis|[fromitem]\n|-start|p1a: Flutter Mane|protosynthesisspe\n|turn|3\n|\n|t:|1682309526\n|move|p2b: Home|Follow Me|p2b: Home\n|-singleturn|p2b: Home|move: Follow Me\n|move|p1a: Flutter Mane|Moonblast|p2b: Home\n|-damage|p2b: Home|0 fnt\n|faint|p2b: Home\n|move|p1b: Maushold|Population Bomb|p2a: Baki\n|-immune|p2a: Baki\n|move|p2a: Baki|Rage Fist|p1a: Flutter Mane\n|-supereffective|p1a: Flutter Mane\n|-damage|p1a: Flutter Mane|0 fnt\n|faint|p1a: Flutter Mane\n|-end|p1a: Flutter Mane|Protosynthesis|[silent]\n|\n|upkeep\n|\n|t:|1682309540\n|switch|p1a: Kingambit|Kingambit, L50, M|100\/100\n|switch|p2b: Mycesaurus|Brute Bonnet, L50|100\/100\n|-activate|p1a: Kingambit|ability: Supreme Overlord\n|-start|p1a: Kingambit|fallen2|[silent]\n|turn|4\n|\n|t:|1682309558\n|move|p2b: Mycesaurus|Rage Powder|p2b: Mycesaurus\n|-singleturn|p2b: Mycesaurus|move: Rage Powder\n|move|p1a: Kingambit|Sucker Punch||[still]\n|-fail|p1a: Kingambit\n|move|p1b: Maushold|Population Bomb|p2b: Mycesaurus\n|-damage|p2b: Mycesaurus|95\/100\n|-crit|p2b: Mycesaurus\n|-damage|p2b: Mycesaurus|88\/100\n|-damage|p2b: Mycesaurus|82\/100\n|-damage|p2b: Mycesaurus|78\/100\n|-damage|p2b: Mycesaurus|73\/100\n|-damage|p2b: Mycesaurus|67\/100\n|-damage|p2b: Mycesaurus|63\/100\n|-hitcount|p2b: Mycesaurus|7\n|move|p2a: Baki|Drain Punch|p1a: Kingambit\n|-supereffective|p1a: Kingambit\n|-damage|p1a: Kingambit|0 fnt\n|-heal|p2a: Baki|76\/100|[from] drain|[of] p1a: Kingambit\n|faint|p1a: Kingambit\n|-end|p1a: Kingambit|fallen2|[silent]\n|\n|-heal|p2b: Mycesaurus|69\/100|[from] item: Leftovers\n|-end|p1b: Maushold|move: Taunt\n|upkeep\n|turn|5\n|\n|t:|1682309572\n|-terastallize|p1b: Maushold|Normal\n|move|p1b: Maushold|Population Bomb|p2b: Mycesaurus\n|-damage|p2b: Mycesaurus|62\/100\n|-damage|p2b: Mycesaurus|54\/100\n|-damage|p2b: Mycesaurus|46\/100\n|-damage|p2b: Mycesaurus|39\/100\n|-damage|p2b: Mycesaurus|32\/100\n|-damage|p2b: Mycesaurus|25\/100\n|-damage|p2b: Mycesaurus|18\/100\n|-damage|p2b: Mycesaurus|10\/100\n|-damage|p2b: Mycesaurus|4\/100\n|-damage|p2b: Mycesaurus|0 fnt\n|faint|p2b: Mycesaurus\n|-end|p2b: Mycesaurus|Protosynthesis|[silent]\n|-hitcount|p2: Mycesaurus|10\n|move|p2a: Baki|Drain Punch|p1b: Maushold\n|-supereffective|p1b: Maushold\n|-damage|p1b: Maushold|0 fnt\n|-heal|p2a: Baki|100\/100|[from] drain|[of] p1b: Maushold\n|faint|p1b: Maushold\n|\n|win|Zaikuren\n|raw|Little Hanzy's rating: 1049 → 1032<\/strong> (-17 for losing)\n|raw|Zaikuren's rating: 1055 → 1086<\/strong> (+31 for winning)\n|l|\u2606Little Hanzy\n","uploadtime":1682309587,"views":28,"p1id":"littlehanzy","p2id":"zaikuren","formatid":"gen9vgc2023regulationc","rating":1032,"private":0,"password":""}