{"id":"gen9vgc2023regulationc-1855184441","p1":"esotilin123456","p2":"leafyarrow","format":"[Gen 9] VGC 2023 Regulation C","log":"|j|\u2606esotilin123456\n|j|\u2606leafyarrow\n|t:|1682911922\n|gametype|doubles\n|player|p1|esotilin123456|hilbert-wonderlauncher|1247\n|player|p2|leafyarrow|leaf-gen3|1310\n|teamsize|p1|6\n|teamsize|p2|6\n|gen|9\n|tier|[Gen 9] VGC 2023 Regulation C\n|rated|\n|rule|Species Clause: Limit one of each Pok\u00e9mon\n|rule|Item Clause: Limit one of each item\n|clearpoke\n|poke|p1|Torkoal, L50, M|\n|poke|p1|Lilligant, L50, F|\n|poke|p1|Gastrodon, L50, F|\n|poke|p1|Tyranitar, L50, M|\n|poke|p1|Garchomp, L50, M|\n|poke|p1|Talonflame, L50, F|\n|poke|p2|Flutter Mane, L50|\n|poke|p2|Palafin, L50, M|\n|poke|p2|Amoonguss, L50, F|\n|poke|p2|Ting-Lu, L50|\n|poke|p2|Arcanine, L50, F|\n|poke|p2|Kingambit, L50, F|\n|teampreview|4\nleafyarrow has agreed to open team sheets.\nesotilin123456 has agreed to open team sheets.\n|inactive|Battle timer is ON: inactive players will automatically lose when time's up. (requested by esotilin123456)\n|\n|t:|1682911998\n|start\n|switch|p1a: Talonflame|Talonflame, L50, F|100\/100\n|switch|p1b: Garchomp|Garchomp, L50, M|100\/100\n|switch|p2a: Arcanine|Arcanine, L50, F|100\/100\n|switch|p2b: Palafin|Palafin, L50, M|100\/100\n|-ability|p2a: Arcanine|Intimidate|boost\n|-unboost|p1a: Talonflame|atk|1\n|-fail|p1b: Garchomp|unboost|[from] item: Clear Amulet|[of] p1b: Garchomp\n|turn|1\n|inactive|leafyarrow has 30 seconds left.\n|inactive|leafyarrow has 20 seconds left.\n|\n|t:|1682912038\n|detailschange|p2b: Palafin|Palafin-Hero, L50, M\n|switch|p2b: Amoonguss|Amoonguss, L50, F|100\/100\n|-terastallize|p2a: Arcanine|Grass\n|move|p2a: Arcanine|Extreme Speed|p1a: Talonflame\n|-crit|p1a: Talonflame\n|-damage|p1a: Talonflame|57\/100\n|move|p1b: Garchomp|Earthquake|p2a: Arcanine|[spread] p2a,p2b\n|-immune|p1a: Talonflame\n|-resisted|p2a: Arcanine\n|-damage|p2a: Arcanine|80\/100\n|-damage|p2b: Amoonguss|70\/100\n|move|p1a: Talonflame|Brave Bird|p2a: Arcanine\n|-supereffective|p2a: Arcanine\n|-damage|p2a: Arcanine|3\/100\n|-damage|p1a: Talonflame|25\/100|[from] Recoil\n|-damage|p1a: Talonflame|15\/100|[from] item: Life Orb\n|\n|upkeep\n|turn|2\n|inactive|leafyarrow has 30 seconds left.\n|inactive|leafyarrow has 20 seconds left.\n|\n|t:|1682912074\n|move|p2a: Arcanine|Protect|p2a: Arcanine\n|-singleturn|p2a: Arcanine|Protect\n|move|p1b: Garchomp|Earthquake|p2a: Arcanine|[spread] p2b\n|-activate|p2a: Arcanine|move: Protect\n|-immune|p1a: Talonflame\n|-damage|p2b: Amoonguss|40\/100\n|-enditem|p2b: Amoonguss|Sitrus Berry|[eat]\n|-heal|p2b: Amoonguss|65\/100|[from] item: Sitrus Berry\n|move|p1a: Talonflame|Tailwind|p1a: Talonflame\n|-sidestart|p1: esotilin123456|move: Tailwind\n|move|p2b: Amoonguss|Pollen Puff|p1a: Talonflame\n|-resisted|p1a: Talonflame\n|-damage|p1a: Talonflame|10\/100\n|\n|upkeep\n|turn|3\n|inactive|leafyarrow has 30 seconds left.\n|\n|t:|1682912104\n|move|p2a: Arcanine|Extreme Speed|p1a: Talonflame\n|-damage|p1a: Talonflame|0 fnt\n|faint|p1a: Talonflame\n|move|p1b: Garchomp|Dragon Claw|p2b: Amoonguss\n|-damage|p2b: Amoonguss|30\/100\n|move|p2b: Amoonguss|Spore|p1b: Garchomp\n|-status|p1b: Garchomp|slp|[from] move: Spore\n|\n|upkeep\n|\n|t:|1682912121\n|switch|p1a: Torkoal|Torkoal, L50, M|100\/100\n|-weather|SunnyDay|[from] ability: Drought|[of] p1a: Torkoal\n|turn|4\n|inactive|leafyarrow has 30 seconds left.\n|\n|t:|1682912148\n|switch|p1b: Lilligant|Lilligant, L50, F|100\/100\n|switch|p2b: Ting-Lu|Ting-Lu, L50|100\/100\n|-ability|p2b: Ting-Lu|Vessel of Ruin\n|move|p1a: Torkoal|Protect|p1a: Torkoal\n|-singleturn|p1a: Torkoal|Protect\n|move|p2a: Arcanine|Flare Blitz|p1b: Lilligant\n|-supereffective|p1b: Lilligant\n|-enditem|p1b: Lilligant|Focus Sash\n|-damage|p1b: Lilligant|1\/100\n|-damage|p2a: Arcanine|0 fnt|[from] Recoil\n|faint|p2a: Arcanine\n|\n|-weather|SunnyDay|[upkeep]\n|upkeep\n|\n|t:|1682912162\n|switch|p2a: Palafin|Palafin-Hero, L50, M|100\/100\n|-activate|p2a: Palafin|ability: Zero to Hero\n|turn|5\n|\n|t:|1682912184\n|-terastallize|p1a: Torkoal|Fire\n|move|p2a: Palafin|Jet Punch|p1b: Lilligant\n|-resisted|p1b: Lilligant\n|-damage|p1b: Lilligant|0 fnt\n|faint|p1b: Lilligant\n|move|p2b: Ting-Lu|Stomping Tantrum|p1a: Torkoal\n|-supereffective|p1a: Torkoal\n|-damage|p1a: Torkoal|53\/100\n|move|p1a: Torkoal|Heat Wave|p2a: Palafin|[spread] p2a,p2b\n|-resisted|p2a: Palafin\n|-damage|p2a: Palafin|75\/100\n|-damage|p2b: Ting-Lu|75\/100\n|\n|-weather|SunnyDay|[upkeep]\n|-sideend|p1: esotilin123456|move: Tailwind\n|upkeep\n|\n|t:|1682912188\n|switch|p1b: Garchomp|Garchomp, L50, M|100\/100 slp\n|turn|6\n|inactive|leafyarrow has 30 seconds left.\n|\n|t:|1682912215\n|cant|p1b: Garchomp|slp\n|move|p2a: Palafin|Wave Crash|p1b: Garchomp\n|-damage|p1b: Garchomp|52\/100 slp\n|-damage|p2a: Palafin|60\/100|[from] Recoil\n|move|p2b: Ting-Lu|Heavy Slam|p1b: Garchomp\n|-damage|p1b: Garchomp|23\/100 slp\n|move|p1a: Torkoal|Heat Wave|p2a: Palafin|[spread] p2a\n|-miss|p1a: Torkoal|p2b: Ting-Lu\n|-resisted|p2a: Palafin\n|-crit|p2a: Palafin\n|-damage|p2a: Palafin|20\/100\n|\n|-weather|SunnyDay|[upkeep]\n|upkeep\n|turn|7\n|\n|t:|1682912238\n|cant|p1b: Garchomp|slp\n|move|p2a: Palafin|Jet Punch|p1b: Garchomp\n|-damage|p1b: Garchomp|0 fnt\n|faint|p1b: Garchomp\n|move|p2b: Ting-Lu|Stomping Tantrum|p1a: Torkoal\n|-supereffective|p1a: Torkoal\n|-damage|p1a: Torkoal|8\/100\n|move|p1a: Torkoal|Heat Wave|p2a: Palafin|[spread] p2b\n|-miss|p1a: Torkoal|p2a: Palafin\n|-damage|p2b: Ting-Lu|49\/100\n|\n|-weather|SunnyDay|[upkeep]\n|upkeep\n|turn|8\n|-message|esotilin123456 forfeited.\n|\n|win|leafyarrow\n|raw|esotilin123456's rating: 1247 → 1226<\/strong> (-21 for losing)\n|raw|leafyarrow's rating: 1310 → 1326<\/strong> (+16 for winning)\n|l|\u2606esotilin123456\n","uploadtime":1682912256,"views":17,"p1id":"esotilin123456","p2id":"leafyarrow","formatid":"gen9vgc2023regulationc","rating":1226,"private":0,"password":""}