{"id":"gen9vgc2023regulationc-1847053893","p1":"Ladd Proper","p2":"ApplinFan773","format":"[Gen 9] VGC 2023 Regulation C","log":"|j|\u2606Ladd Proper\n|j|\u2606ApplinFan773\n|t:|1681915211\n|gametype|doubles\n|player|p1|Ladd Proper|richboy-gen4|1244\n|player|p2|ApplinFan773|cilan|1181\n|teamsize|p1|6\n|teamsize|p2|6\n|gen|9\n|tier|[Gen 9] VGC 2023 Regulation C\n|rated|\n|rule|Species Clause: Limit one of each Pok\u00e9mon\n|rule|Item Clause: Limit one of each item\n|clearpoke\n|poke|p1|Dragonite, L50, M|\n|poke|p1|Chien-Pao, L50|\n|poke|p1|Murkrow, L50, M|\n|poke|p1|Arcanine, L50, M|\n|poke|p1|Chi-Yu, L50|\n|poke|p1|Vaporeon, L50, M|\n|poke|p2|Maushold-Four, L50|\n|poke|p2|Flutter Mane, L50|\n|poke|p2|Scream Tail, L50|\n|poke|p2|Ceruledge, L50, M|\n|poke|p2|Meowscarada, L50, F|\n|poke|p2|Salamence, L50, M|\n|teampreview|4\n|inactive|Battle timer is ON: inactive players will automatically lose when time's up. (requested by ApplinFan773)\n|c|\u2606ApplinFan773|Glhf\n|inactive|ApplinFan773 has 60 seconds left.\n|inactive|Ladd Proper has 60 seconds left.\n|\n|t:|1681915251\n|start\n|switch|p1a: Dragonite|Dragonite, L50, M, shiny|100\/100\n|switch|p1b: Chien-Pao|Chien-Pao, L50|100\/100\n|switch|p2a: Salami|Salamence, L50, M, shiny|100\/100\n|switch|p2b: Grim Shady|Ceruledge, L50, M|100\/100\n|-ability|p1b: Chien-Pao|Sword of Ruin\n|-ability|p2a: Salami|Intimidate|boost\n|-fail|p1a: Dragonite|unboost|Attack|[from] ability: Inner Focus|[of] p1a: Dragonite\n|-unboost|p1b: Chien-Pao|atk|1\n|turn|1\n|inactive|Ladd Proper has 30 seconds left.\n|inactive|ApplinFan773 has 30 seconds left.\n|\n|t:|1681915283\n|-terastallize|p2a: Salami|Steel\n|move|p1b: Chien-Pao|Protect|p1b: Chien-Pao\n|-singleturn|p1b: Chien-Pao|Protect\n|move|p2b: Grim Shady|Shadow Sneak|p1a: Dragonite\n|-damage|p1a: Dragonite|76\/100\n|move|p2a: Salami|Dragon Claw|p1a: Dragonite\n|-supereffective|p1a: Dragonite\n|-damage|p1a: Dragonite|0 fnt\n|faint|p1a: Dragonite\n|\n|upkeep\n|\n|t:|1681915296\n|switch|p1a: Arcanine|Arcanine, L50, M|100\/100\n|-ability|p1a: Arcanine|Intimidate|boost\n|-unboost|p2a: Salami|atk|1\n|-unboost|p2b: Grim Shady|atk|1\n|turn|2\n|\n|t:|1681915312\n|switch|p2a: Persephone|Scream Tail, L50, shiny|100\/100\n|-enditem|p2a: Persephone|Booster Energy\n|-activate|p2a: Persephone|ability: Protosynthesis|[fromitem]\n|-start|p2a: Persephone|protosynthesisspe\n|move|p1b: Chien-Pao|Sucker Punch|p2b: Grim Shady\n|-supereffective|p2b: Grim Shady\n|-damage|p2b: Grim Shady|20\/100\n|-damage|p1b: Chien-Pao|91\/100|[from] item: Life Orb\n|move|p1a: Arcanine|Flare Blitz|p2a: Persephone\n|-damage|p2a: Persephone|43\/100\n|-damage|p1a: Arcanine|79\/100|[from] Recoil\n|move|p2b: Grim Shady|Bitter Blade|p1b: Chien-Pao\n|-supereffective|p1b: Chien-Pao\n|-damage|p1b: Chien-Pao|8\/100\n|-heal|p2b: Grim Shady|57\/100|[from] drain|[of] p1b: Chien-Pao\n|\n|upkeep\n|turn|3\n|inactive|Ladd Proper has 30 seconds left.\n|inactive|ApplinFan773 has 30 seconds left.\n|\n|t:|1681915340\n|switch|p1b: Vaporeon|Vaporeon, L50, M, shiny|100\/100\n|move|p2b: Grim Shady|Shadow Sneak|p1b: Vaporeon\n|-damage|p1b: Vaporeon|89\/100\n|move|p2a: Persephone|Play Rough|p1b: Vaporeon\n|-damage|p1b: Vaporeon|70\/100\n|move|p1a: Arcanine|Snarl|p2a: Persephone|[spread] p2a,p2b\n|-supereffective|p2b: Grim Shady\n|-damage|p2a: Persephone|38\/100\n|-damage|p2b: Grim Shady|44\/100\n|-unboost|p2a: Persephone|spa|1\n|-unboost|p2b: Grim Shady|spa|1\n|\n|-heal|p1b: Vaporeon|76\/100|[from] item: Leftovers\n|upkeep\n|turn|4\n|inactive|ApplinFan773 has 30 seconds left.\n|inactive|ApplinFan773 has 20 seconds left.\n|inactive|ApplinFan773 has 15 seconds left.\n|\n|t:|1681915381\n|-end|p2a: Persephone|Protosynthesis|[silent]\n|switch|p2a: Myrtle|Flutter Mane, L50, shiny|100\/100\n|switch|p2b: Salami|Salamence, L50, M, shiny, tera:Steel|100\/100\n|-ability|p2b: Salami|Intimidate|boost\n|-unboost|p1a: Arcanine|atk|1\n|-unboost|p1b: Vaporeon|atk|1\n|move|p1a: Arcanine|Will-O-Wisp|p2a: Myrtle\n|-status|p2a: Myrtle|brn\n|move|p1b: Vaporeon|Muddy Water|p2b: Salami|[spread] p2a,p2b\n|-damage|p2a: Myrtle|75\/100 brn\n|-damage|p2b: Salami|71\/100\n|-unboost|p2b: Salami|accuracy|1\n|\n|-heal|p1b: Vaporeon|82\/100|[from] item: Leftovers\n|-damage|p2a: Myrtle|68\/100 brn|[from] brn\n|upkeep\n|turn|5\n|inactive|Ladd Proper has 30 seconds left.\n|\n|t:|1681915408\n|move|p2b: Salami|Protect|p2b: Salami\n|-singleturn|p2b: Salami|Protect\n|move|p2a: Myrtle|Power Gem|p1a: Arcanine\n|-supereffective|p1a: Arcanine\n|-damage|p1a: Arcanine|12\/100\n|-enditem|p1a: Arcanine|Sitrus Berry|[eat]\n|-heal|p1a: Arcanine|37\/100|[from] item: Sitrus Berry\n|-damage|p2a: Myrtle|59\/100 brn|[from] item: Life Orb\n|move|p1a: Arcanine|Snarl|p2a: Myrtle|[spread] p2a\n|-activate|p2b: Salami|move: Protect\n|-damage|p2a: Myrtle|50\/100 brn\n|-unboost|p2a: Myrtle|spa|1\n|move|p1b: Vaporeon|Yawn|p2b: Salami\n|-activate|p2b: Salami|move: Protect\n|\n|-heal|p1b: Vaporeon|87\/100|[from] item: Leftovers\n|-damage|p2a: Myrtle|44\/100 brn|[from] brn\n|upkeep\n|turn|6\n|inactive|Ladd Proper has 30 seconds left.\n|inactive|ApplinFan773 has 30 seconds left.\n|inactive|Ladd Proper has 20 seconds left.\n|inactive|ApplinFan773 has 20 seconds left.\n|inactive|Ladd Proper has 15 seconds left.\n|inactive|ApplinFan773 has 15 seconds left.\n|inactive|ApplinFan773 has 10 seconds left.\n|\n|t:|1681915454\n|move|p2a: Myrtle|Power Gem|p1a: Arcanine\n|-supereffective|p1a: Arcanine\n|-damage|p1a: Arcanine|0 fnt\n|faint|p1a: Arcanine\n|-damage|p2a: Myrtle|34\/100 brn|[from] item: Life Orb\n|move|p2b: Salami|Dragon Claw|p1b: Vaporeon|[miss]\n|-miss|p2b: Salami|p1b: Vaporeon\n|move|p1b: Vaporeon|Yawn|p2b: Salami\n|-start|p2b: Salami|move: Yawn|[of] p1b: Vaporeon\n|\n|-heal|p1b: Vaporeon|93\/100|[from] item: Leftovers\n|-damage|p2a: Myrtle|28\/100 brn|[from] brn\n|upkeep\n|\n|t:|1681915457\n|switch|p1a: Chien-Pao|Chien-Pao, L50|8\/100\n|-ability|p1a: Chien-Pao|Sword of Ruin\n|turn|7\n|\n|t:|1681915487\n|move|p1a: Chien-Pao|Protect|p1a: Chien-Pao\n|-singleturn|p1a: Chien-Pao|Protect\n|move|p2a: Myrtle|Protect|p2a: Myrtle\n|-singleturn|p2a: Myrtle|Protect\n|move|p2b: Salami|Dragon Claw|p1a: Chien-Pao\n|-activate|p1a: Chien-Pao|move: Protect\n|move|p1b: Vaporeon|Yawn|p2a: Myrtle\n|-activate|p2a: Myrtle|move: Protect\n|\n|-heal|p1b: Vaporeon|99\/100|[from] item: Leftovers\n|-damage|p2a: Myrtle|22\/100 brn|[from] brn\n|-end|p2b: Salami|move: Yawn|[silent]\n|-status|p2b: Salami|slp\n|upkeep\n|turn|8\n|\n|t:|1681915507\n|cant|p2b: Salami|slp\n|move|p1a: Chien-Pao|Sucker Punch|p2a: Myrtle\n|-damage|p2a: Myrtle|0 fnt\n|faint|p2a: Myrtle\n|-end|p2a: Myrtle|Protosynthesis|[silent]\n|-damage|p1a: Chien-Pao|0 fnt|[from] item: Life Orb\n|faint|p1a: Chien-Pao\n|move|p1b: Vaporeon|Muddy Water|p2b: Salami\n|-damage|p2b: Salami|32\/100 slp\n|\n|-heal|p1b: Vaporeon|100\/100|[from] item: Leftovers\n|upkeep\n|\n|t:|1681915515\n|switch|p2a: Persephone|Scream Tail, L50, shiny|38\/100\n|turn|9\n|\n|t:|1681915539\n|-terastallize|p1b: Vaporeon|Water\n|move|p2a: Persephone|Misty Terrain|p2a: Persephone\n|-fieldstart|move: Misty Terrain\n|cant|p2b: Salami|slp\n|move|p1b: Vaporeon|Muddy Water|p2a: Persephone|[spread] p2a\n|-miss|p1b: Vaporeon|p2b: Salami\n|-damage|p2a: Persephone|16\/100\n|\n|upkeep\n|turn|10\n|\n|t:|1681915562\n|move|p2a: Persephone|Howl|p2a: Persephone|[spread] p2a,p2b\n|-boost|p2a: Persephone|atk|1\n|-boost|p2b: Salami|atk|1\n|cant|p2b: Salami|slp\n|move|p1b: Vaporeon|Muddy Water|p2b: Salami|[spread] p2a,p2b\n|-damage|p2a: Persephone|0 fnt\n|-damage|p2b: Salami|0 fnt\n|faint|p2a: Persephone\n|-end|p2a: Persephone|Protosynthesis|[silent]\n|faint|p2b: Salami\n|\n|upkeep\n|\n|t:|1681915571\n|switch|p2a: Grim Shady|Ceruledge, L50, M|44\/100\n|turn|11\n|c|\u2606ApplinFan773|gg wp\n|\n|t:|1681915583\n|move|p2a: Grim Shady|Close Combat|p1b: Vaporeon\n|-damage|p1b: Vaporeon|69\/100\n|-unboost|p2a: Grim Shady|def|1\n|-unboost|p2a: Grim Shady|spd|1\n|move|p1b: Vaporeon|Muddy Water|p2a: Grim Shady\n|-supereffective|p2a: Grim Shady\n|-damage|p2a: Grim Shady|0 fnt\n|faint|p2a: Grim Shady\n|\n|win|Ladd Proper\n|raw|Ladd Proper's rating: 1244 → 1265<\/strong> (+21 for winning)\n|raw|ApplinFan773's rating: 1181 → 1160<\/strong> (-21 for losing)\n","uploadtime":1681915589,"views":5,"p1id":"laddproper","p2id":"applinfan773","formatid":"gen9vgc2023regulationc","rating":1160,"private":0,"password":""}