{"id":"gen9vgc2023regulationc-1857779881","p1":"Just51","p2":"GORILAMVP","format":"[Gen 9] VGC 2023 Regulation C","log":"|j|\u2606Just51\n|j|\u2606GORILAMVP\n|t:|1683230989\n|gametype|doubles\n|player|p1|Just51|169|1047\n|player|p2|GORILAMVP|265|1000\n|teamsize|p1|6\n|teamsize|p2|6\n|gen|9\n|tier|[Gen 9] VGC 2023 Regulation C\n|rated|\n|rule|Species Clause: Limit one of each Pok\u00e9mon\n|rule|Item Clause: Limit one of each item\n|clearpoke\n|poke|p1|Arcanine, L50, M|\n|poke|p1|Dragapult, L50, F|\n|poke|p1|Armarouge, L50, M|\n|poke|p1|Great Tusk, L50|\n|poke|p1|Indeedee-F, L50, F|\n|poke|p1|Amoonguss, L50, M|\n|poke|p2|Flutter Mane, L50|\n|poke|p2|Arcanine, L50, M|\n|poke|p2|Palafin, L50, F|\n|poke|p2|Amoonguss, L50, M|\n|poke|p2|Roaring Moon, L50|\n|poke|p2|Ting-Lu, L50|\n|teampreview|4\n|inactive|Battle timer is ON: inactive players will automatically lose when time's up. (requested by GORILAMVP)\n|\n|t:|1683231020\n|start\n|switch|p1a: Arcanine|Arcanine, L50, M|100\/100\n|switch|p1b: Indeedee|Indeedee-F, L50, F|100\/100\n|switch|p2a: Roaring Moon|Roaring Moon, L50|100\/100\n|switch|p2b: Amoonguss|Amoonguss, L50, M, shiny|100\/100\n|-ability|p1a: Arcanine|Intimidate|boost\n|-unboost|p2a: Roaring Moon|atk|1\n|-unboost|p2b: Amoonguss|atk|1\n|-fieldstart|move: Psychic Terrain|[from] ability: Psychic Surge|[of] p1b: Indeedee\n|-enditem|p2a: Roaring Moon|Booster Energy\n|-activate|p2a: Roaring Moon|ability: Protosynthesis|[fromitem]\n|-start|p2a: Roaring Moon|protosynthesisatk\n|turn|1\n|\n|t:|1683231044\n|move|p2b: Amoonguss|Protect|p2b: Amoonguss\n|-singleturn|p2b: Amoonguss|Protect\n|move|p1b: Indeedee|Follow Me|p1b: Indeedee\n|-singleturn|p1b: Indeedee|move: Follow Me\n|move|p1a: Arcanine|Flare Blitz|p2b: Amoonguss\n|-activate|p2b: Amoonguss|move: Protect\n|move|p2a: Roaring Moon|Dragon Dance|p2a: Roaring Moon\n|-boost|p2a: Roaring Moon|atk|1\n|-boost|p2a: Roaring Moon|spe|1\n|\n|upkeep\n|turn|2\n|\n|t:|1683231066\n|switch|p2b: Arcanine|Arcanine, L50, M, shiny|100\/100\n|-ability|p2b: Arcanine|Intimidate|boost\n|-unboost|p1a: Arcanine|atk|1\n|-unboost|p1b: Indeedee|atk|1\n|move|p2a: Roaring Moon|Throat Chop|p1b: Indeedee\n|-supereffective|p1b: Indeedee\n|-damage|p1b: Indeedee|0 fnt\n|faint|p1b: Indeedee\n|move|p1a: Arcanine|Flare Blitz|p2b: Arcanine\n|-resisted|p2b: Arcanine\n|-damage|p2b: Arcanine|85\/100\n|-damage|p1a: Arcanine|95\/100|[from] Recoil\n|\n|upkeep\n|\n|t:|1683231080\n|switch|p1b: Dragapult|Dragapult, L50, F|100\/100\n|turn|3\n|inactive|GORILAMVP has 30 seconds left.\n|inactive|GORILAMVP has 20 seconds left.\n|inactive|GORILAMVP has 15 seconds left.\n|inactive|GORILAMVP has 10 seconds left.\n|\n|t:|1683231125\n|switch|p2b: Ting-Lu|Ting-Lu, L50|100\/100\n|-ability|p2b: Ting-Lu|Vessel of Ruin\n|move|p1b: Dragapult|Substitute|p1b: Dragapult\n|-start|p1b: Dragapult|Substitute\n|-damage|p1b: Dragapult|76\/100\n|move|p2a: Roaring Moon|Throat Chop|p1b: Dragapult\n|-supereffective|p1b: Dragapult\n|-end|p1b: Dragapult|Substitute\n|move|p1a: Arcanine|Will-O-Wisp|p2a: Roaring Moon\n|-status|p2a: Roaring Moon|brn\n|\n|-damage|p2a: Roaring Moon|95\/100 brn|[from] brn\n|upkeep\n|turn|4\n|inactive|Just51 has 30 seconds left.\n|inactive|GORILAMVP has 30 seconds left.\n|inactive|Just51 has 20 seconds left.\n|inactive|GORILAMVP has 20 seconds left.\n|inactive|Just51 has 15 seconds left.\n|\n|t:|1683231165\n|switch|p1b: Amoonguss|Amoonguss, L50, M|100\/100\n|-terastallize|p1a: Arcanine|Grass\n|move|p2a: Roaring Moon|Protect|p2a: Roaring Moon\n|-singleturn|p2a: Roaring Moon|Protect\n|move|p1a: Arcanine|Will-O-Wisp|p2b: Ting-Lu\n|-status|p2b: Ting-Lu|brn\n|move|p2b: Ting-Lu|Sand Tomb|p1b: Amoonguss\n|-damage|p1b: Amoonguss|95\/100\n|-activate|p1b: Amoonguss|move: Sand Tomb|[of] p2b: Ting-Lu\n|\n|-damage|p2a: Roaring Moon|89\/100 brn|[from] brn\n|-damage|p2b: Ting-Lu|95\/100 brn|[from] brn\n|-damage|p1b: Amoonguss|83\/100|[from] move: Sand Tomb|[partiallytrapped]\n|upkeep\n|turn|5\n|inactive|Just51 has 30 seconds left.\n|inactive|Just51 has 20 seconds left.\n|\n|t:|1683231202\n|move|p1a: Arcanine|Protect|p1a: Arcanine\n|-singleturn|p1a: Arcanine|Protect\n|move|p2a: Roaring Moon|Dragon Dance|p2a: Roaring Moon\n|-boost|p2a: Roaring Moon|atk|1\n|-boost|p2a: Roaring Moon|spe|1\n|move|p2b: Ting-Lu|Ruination|p1a: Arcanine\n|-activate|p1a: Arcanine|move: Protect\n|move|p1b: Amoonguss|Giga Drain|p2b: Ting-Lu\n|-supereffective|p2b: Ting-Lu\n|-damage|p2b: Ting-Lu|77\/100 brn\n|-heal|p1b: Amoonguss|92\/100|[from] drain|[of] p2b: Ting-Lu\n|\n|-damage|p2a: Roaring Moon|83\/100 brn|[from] brn\n|-damage|p2b: Ting-Lu|71\/100 brn|[from] brn\n|-damage|p1b: Amoonguss|80\/100|[from] move: Sand Tomb|[partiallytrapped]\n|-fieldend|move: Psychic Terrain\n|upkeep\n|turn|6\n|inactive|Just51 has 30 seconds left.\n|\n|t:|1683231235\n|move|p2a: Roaring Moon|Acrobatics|p1b: Amoonguss\n|-supereffective|p1b: Amoonguss\n|-damage|p1b: Amoonguss|11\/100\n|-damage|p2a: Roaring Moon|67\/100 brn|[from] item: Rocky Helmet|[of] p1b: Amoonguss\n|move|p1a: Arcanine|Crunch|p2a: Roaring Moon\n|-resisted|p2a: Roaring Moon\n|-damage|p2a: Roaring Moon|59\/100 brn\n|-unboost|p2a: Roaring Moon|def|1\n|move|p2b: Ting-Lu|Ruination|p1a: Arcanine\n|-damage|p1a: Arcanine|48\/100\n|move|p1b: Amoonguss|Giga Drain|p2b: Ting-Lu\n|-supereffective|p2b: Ting-Lu\n|-damage|p2b: Ting-Lu|55\/100 brn\n|-heal|p1b: Amoonguss|20\/100|[from] drain|[of] p2b: Ting-Lu\n|\n|-damage|p2a: Roaring Moon|53\/100 brn|[from] brn\n|-damage|p2b: Ting-Lu|49\/100 brn|[from] brn\n|-damage|p1b: Amoonguss|8\/100|[from] move: Sand Tomb|[partiallytrapped]\n|upkeep\n|turn|7\n|inactive|Just51 has 30 seconds left.\n|inactive|GORILAMVP has 30 seconds left.\n|\n|t:|1683231269\n|-terastallize|p2a: Roaring Moon|Flying\n|move|p1a: Arcanine|Protect|p1a: Arcanine\n|-singleturn|p1a: Arcanine|Protect\n|move|p2a: Roaring Moon|Acrobatics|p1a: Arcanine\n|-activate|p1a: Arcanine|move: Protect\n|move|p2b: Ting-Lu|Stomping Tantrum|p1b: Amoonguss\n|-damage|p1b: Amoonguss|0 fnt\n|-damage|p2b: Ting-Lu|33\/100 brn|[from] item: Rocky Helmet|[of] p1b: Amoonguss\n|faint|p1b: Amoonguss\n|\n|-damage|p2a: Roaring Moon|47\/100 brn|[from] brn\n|-damage|p2b: Ting-Lu|27\/100 brn|[from] brn\n|upkeep\n|\n|t:|1683231294\n|switch|p1b: Dragapult|Dragapult, L50, F|76\/100\n|turn|8\n|inactive|GORILAMVP has 30 seconds left.\n|\n|t:|1683231323\n|move|p2a: Roaring Moon|Acrobatics|p1a: Arcanine\n|-supereffective|p1a: Arcanine\n|-damage|p1a: Arcanine|0 fnt\n|faint|p1a: Arcanine\n|move|p1b: Dragapult|Phantom Force||[still]\n|-prepare|p1b: Dragapult|Phantom Force\n|move|p2b: Ting-Lu|Sand Tomb|p1b: Dragapult|[miss]\n|-miss|p2b: Ting-Lu|p1b: Dragapult\n|\n|-damage|p2a: Roaring Moon|42\/100 brn|[from] brn\n|-damage|p2b: Ting-Lu|21\/100 brn|[from] brn\n|upkeep\n|turn|9\n|\n|t:|1683231341\n|move|p2a: Roaring Moon|Dragon Dance|p2a: Roaring Moon\n|-boost|p2a: Roaring Moon|atk|1\n|-boost|p2a: Roaring Moon|spe|1\n|move|p1b: Dragapult|Phantom Force|p2a: Roaring Moon|[from]lockedmove\n|-damage|p2a: Roaring Moon|0 fnt\n|faint|p2a: Roaring Moon\n|-end|p2a: Roaring Moon|Protosynthesis|[silent]\n|move|p2b: Ting-Lu|Ruination|p1b: Dragapult\n|-damage|p1b: Dragapult|39\/100\n|\n|-damage|p2b: Ting-Lu|16\/100 brn|[from] brn\n|upkeep\n|\n|t:|1683231362\n|switch|p2a: Amoonguss|Amoonguss, L50, M, shiny|100\/100\n|turn|10\n|\n|t:|1683231376\n|move|p1b: Dragapult|Phantom Force||[still]\n|-prepare|p1b: Dragapult|Phantom Force\n|move|p2b: Ting-Lu|Sand Tomb|p1b: Dragapult|[miss]\n|-miss|p2b: Ting-Lu|p1b: Dragapult\n|move|p2a: Amoonguss|Pollen Puff|p2b: Ting-Lu\n|-heal|p2b: Ting-Lu|65\/100 brn\n|\n|-damage|p2b: Ting-Lu|59\/100 brn|[from] brn\n|upkeep\n|turn|11\n|\n|t:|1683231389\n|move|p2a: Amoonguss|Rage Powder|p2a: Amoonguss\n|-singleturn|p2a: Amoonguss|move: Rage Powder\n|move|p1b: Dragapult|Phantom Force|p2a: Amoonguss|[from]lockedmove\n|-damage|p2a: Amoonguss|51\/100\n|-status|p1b: Dragapult|slp|[from] ability: Effect Spore|[of] p2a: Amoonguss\n|move|p2b: Ting-Lu|Sand Tomb|p1b: Dragapult|[miss]\n|-miss|p2b: Ting-Lu|p1b: Dragapult\n|\n|-damage|p2b: Ting-Lu|54\/100 brn|[from] brn\n|upkeep\n|turn|12\n|c|\u2606GORILAMVP|gg\n|\n|t:|1683231405\n|cant|p1b: Dragapult|slp\n|move|p2b: Ting-Lu|Ruination|p1b: Dragapult\n|-damage|p1b: Dragapult|20\/100 slp\n|move|p2a: Amoonguss|Pollen Puff|p2b: Ting-Lu\n|-heal|p2b: Ting-Lu|100\/100 brn\n|\n|-damage|p2b: Ting-Lu|95\/100 brn|[from] brn\n|upkeep\n|turn|13\n|\n|t:|1683231426\n|cant|p1b: Dragapult|slp\n|move|p2b: Ting-Lu|Stomping Tantrum|p1b: Dragapult\n|-damage|p1b: Dragapult|0 fnt\n|faint|p1b: Dragapult\n|\n|win|GORILAMVP\n|raw|Just51's rating: 1030 → 1014<\/strong> (-16 for losing)\n|raw|GORILAMVP's rating: 1000 → 1043<\/strong> (+43 for winning)\n","uploadtime":1683231433,"views":8,"p1id":"just51","p2id":"gorilamvp","formatid":"gen9vgc2023regulationc","rating":1014,"private":0,"password":""}