{"id":"gen9vgc2023regulationc-1851223407","p1":"LeafeonLou12","p2":"lewey","format":"[Gen 9] VGC 2023 Regulation C","log":"|j|\u2606LeafeonLou12\n|j|\u2606lewey\n|t:|1682426811\n|gametype|doubles\n|player|p1|LeafeonLou12|102|1193\n|player|p2|lewey|170|1211\n|teamsize|p1|6\n|teamsize|p2|6\n|gen|9\n|tier|[Gen 9] VGC 2023 Regulation C\n|rated|\n|rule|Species Clause: Limit one of each Pok\u00e9mon\n|rule|Item Clause: Limit one of each item\n|clearpoke\n|poke|p1|Rotom-Fan, L50|\n|poke|p1|Torkoal, L50, F|\n|poke|p1|Indeedee, L50, M|\n|poke|p1|Drifblim, L50, F|\n|poke|p1|Chi-Yu, L50|\n|poke|p1|Great Tusk, L50|\n|poke|p2|Chien-Pao, L50|\n|poke|p2|Grimmsnarl, L50, M|\n|poke|p2|Camerupt, L50, F|\n|poke|p2|Roaring Moon, L50|\n|poke|p2|Amoonguss, L50, M|\n|poke|p2|Goodra, L50, M|\n|teampreview|4\nLeafeonLou12 has agreed to open team sheets.\n|\n|t:|1682426838\n|start\n|switch|p1a: Drifblim|Drifblim, L50, F|100\/100\n|switch|p1b: Indeedee|Indeedee, L50, M|100\/100\n|switch|p2a: Grimmsnarl|Grimmsnarl, L50, M|100\/100\n|switch|p2b: Camerupt|Camerupt, L50, F|100\/100\n|-fieldstart|move: Psychic Terrain|[from] ability: Psychic Surge|[of] p1b: Indeedee\n|-enditem|p1a: Drifblim|Psychic Seed\n|-boost|p1a: Drifblim|spd|1|[from] item: Psychic Seed\n|turn|1\n|inactive|Battle timer is ON: inactive players will automatically lose when time's up. (requested by lewey)\n|\n|t:|1682426868\n|move|p2a: Grimmsnarl|Trick|p1a: Drifblim\n|-activate|p2a: Grimmsnarl|move: Trick|[of] p1a: Drifblim\n|-item|p1a: Drifblim|Iron Ball|[from] move: Trick\n|-enditem|p2a: Grimmsnarl|Iron Ball|[silent]|[from] move: Trick\n|move|p1b: Indeedee|Trick|p2a: Grimmsnarl\n|-activate|p1b: Indeedee|move: Trick|[of] p2a: Grimmsnarl\n|-item|p2a: Grimmsnarl|Choice Scarf|[from] move: Trick\n|-enditem|p1b: Indeedee|Choice Scarf|[silent]|[from] move: Trick\n|move|p1a: Drifblim|Acrobatics|p2b: Camerupt\n|-damage|p2b: Camerupt|73\/100\n|move|p2b: Camerupt|Heat Wave|p1a: Drifblim|[spread] p1b\n|-miss|p2b: Camerupt|p1a: Drifblim\n|-damage|p1b: Indeedee|31\/100\n|\n|upkeep\n|turn|2\n|\n|t:|1682426887\n|move|p1b: Indeedee|Trick|p1a: Drifblim\n|-activate|p1b: Indeedee|move: Trick|[of] p1a: Drifblim\n|-enditem|p1a: Drifblim|Iron Ball|[silent]|[from] move: Trick\n|-item|p1b: Indeedee|Iron Ball|[from] move: Trick\n|move|p1a: Drifblim|Tailwind|p1a: Drifblim\n|-sidestart|p1: LeafeonLou12|move: Tailwind\n|move|p2a: Grimmsnarl|Spirit Break|p1b: Indeedee\n|-damage|p1b: Indeedee|0 fnt\n|faint|p1b: Indeedee\n|move|p2b: Camerupt|Heat Wave|p1a: Drifblim\n|-damage|p1a: Drifblim|41\/100\n|\n|upkeep\n|\n|t:|1682426895\n|switch|p1b: Great Tusk|Great Tusk, L50|100\/100\n|turn|3\n|\n|t:|1682426903\n|move|p1a: Drifblim|Acrobatics|p2b: Camerupt\n|-damage|p2b: Camerupt|17\/100\n|move|p1b: Great Tusk|Earthquake|p2b: Camerupt|[spread] p2a,p2b\n|-immune|p1a: Drifblim\n|-supereffective|p2b: Camerupt\n|-damage|p2a: Grimmsnarl|54\/100\n|-damage|p2b: Camerupt|0 fnt\n|faint|p2b: Camerupt\n|move|p2a: Grimmsnarl|Spirit Break|p1b: Great Tusk\n|-supereffective|p1b: Great Tusk\n|-damage|p1b: Great Tusk|56\/100\n|-unboost|p1b: Great Tusk|spa|1\n|\n|upkeep\n|\n|t:|1682426924\n|switch|p2b: Goodra|Goodra, L50, M|100\/100\n|turn|4\n|\n|t:|1682426935\n|move|p1a: Drifblim|Acrobatics|p2a: Grimmsnarl\n|-damage|p2a: Grimmsnarl|8\/100\n|move|p1b: Great Tusk|Earthquake|p2b: Goodra|[spread] p2a,p2b\n|-immune|p1a: Drifblim\n|-damage|p2a: Grimmsnarl|0 fnt\n|-damage|p2b: Goodra|50\/100\n|faint|p2a: Grimmsnarl\n|move|p2b: Goodra|Thunderbolt|p1a: Drifblim\n|-supereffective|p1a: Drifblim\n|-damage|p1a: Drifblim|0 fnt\n|faint|p1a: Drifblim\n|\n|upkeep\n|\n|t:|1682426947\n|switch|p1a: Rotom|Rotom-Fan, L50|100\/100\n|switch|p2a: Chien-Pao|Chien-Pao, L50|100\/100\n|-ability|p2a: Chien-Pao|Sword of Ruin\n|turn|5\n|\n|t:|1682426971\n|-terastallize|p1a: Rotom|Electric\n|-terastallize|p2a: Chien-Pao|Ghost\n|move|p1a: Rotom|Discharge|p2b: Goodra|[spread] p2a,p2b\n|-immune|p1b: Great Tusk\n|-resisted|p2b: Goodra\n|-damage|p2a: Chien-Pao|40\/100\n|-damage|p2b: Goodra|41\/100\n|-status|p2b: Goodra|par\n|move|p1b: Great Tusk|Ice Spinner|p2b: Goodra\n|-supereffective|p2b: Goodra\n|-damage|p2b: Goodra|0 fnt\n|-fieldend|move: Psychic Terrain\n|-ability|p2b: Goodra|Gooey\n|-unboost|p1b: Great Tusk|spe|1\n|faint|p2b: Goodra\n|move|p2a: Chien-Pao|Ice Spinner|p1b: Great Tusk\n|-supereffective|p1b: Great Tusk\n|-damage|p1b: Great Tusk|0 fnt\n|faint|p1b: Great Tusk\n|-end|p1b: Great Tusk|Protosynthesis|[silent]\n|-damage|p2a: Chien-Pao|30\/100|[from] item: Life Orb\n|\n|-sideend|p1: LeafeonLou12|move: Tailwind\n|upkeep\n|turn|6\n|inactive|lewey has 30 seconds left.\n|inactive|lewey has 20 seconds left.\n|\n|t:|1682427008\n|move|p2a: Chien-Pao|Sacred Sword|p1a: Rotom\n|-damage|p1a: Rotom|48\/100\n|-enditem|p1a: Rotom|Sitrus Berry|[eat]\n|-heal|p1a: Rotom|73\/100|[from] item: Sitrus Berry\n|-damage|p2a: Chien-Pao|20\/100|[from] item: Life Orb\n|move|p1a: Rotom|Discharge|p2a: Chien-Pao\n|-damage|p2a: Chien-Pao|0 fnt\n|faint|p2a: Chien-Pao\n|\n|win|LeafeonLou12\n|raw|LeafeonLou12's rating: 1193 → 1219<\/strong> (+26 for winning)\n|raw|lewey's rating: 1211 → 1185<\/strong> (-26 for losing)\n|l|\u2606lewey\n","uploadtime":1682427019,"views":13,"p1id":"leafeonlou12","p2id":"lewey","formatid":"gen9vgc2023regulationc","rating":1185,"private":0,"password":""}