{"id":"gen9vgc2023regulationc-1857602652","p1":"Doncollll","p2":"Spyncar","format":"[Gen 9] VGC 2023 Regulation C","log":"|j|\u2606Doncollll\n|j|\u2606Spyncar\n|t:|1683212097\n|gametype|doubles\n|player|p1|Doncollll|schoolkid|1240\n|player|p2|Spyncar|265|1260\n|teamsize|p1|6\n|teamsize|p2|6\n|gen|9\n|tier|[Gen 9] VGC 2023 Regulation C\n|rated|\n|rule|Species Clause: Limit one of each Pok\u00e9mon\n|rule|Item Clause: Limit one of each item\n|clearpoke\n|poke|p1|Hariyama, L50, M|\n|poke|p1|Amoonguss, L50, M|\n|poke|p1|Chien-Pao, L50|\n|poke|p1|Dondozo, L50, M|\n|poke|p1|Ceruledge, L50, M|\n|poke|p1|Tatsugiri, L50, M|\n|poke|p2|Iron Valiant, L50|\n|poke|p2|Umbreon, L50, M|\n|poke|p2|Scizor, L50, M|\n|poke|p2|Arcanine, L50, M|\n|poke|p2|Amoonguss, L50, F|\n|poke|p2|Flutter Mane, L50|\n|teampreview|4\nSpyncar has agreed to open team sheets.\n|inactive|Battle timer is ON: inactive players will automatically lose when time's up. (requested by Spyncar)\n|inactive|Spyncar has 60 seconds left.\n|l|\u2606Doncollll\n|inactive|Doncollll disconnected and has a minute to reconnect!\n|player|p1|\n|\n|t:|1683212148\n|start\n|switch|p1a: Ceruledge|Ceruledge, L50, M, shiny|100\/100\n|switch|p1b: Hariyama|Hariyama, L50, M|100\/100\n|switch|p2a: Arcanine|Arcanine, L50, M|100\/100\n|switch|p2b: Iron Valiant|Iron Valiant, L50|100\/100\n|-ability|p2a: Arcanine|Intimidate|boost\n|-fail|p1a: Ceruledge|unboost|[from] item: Clear Amulet|[of] p1a: Ceruledge\n|-unboost|p1b: Hariyama|atk|1\n|-enditem|p2b: Iron Valiant|Booster Energy\n|-activate|p2b: Iron Valiant|ability: Quark Drive|[fromitem]\n|-start|p2b: Iron Valiant|quarkdrivespe\n|turn|1\n|j|\u2606Doncollll\n|inactive|Doncollll reconnected and has 40 seconds left.\n|player|p1|Doncollll|schoolkid\n|inactive|Doncollll has 30 seconds left.\n|inactive|Doncollll has 20 seconds left.\n|inactive|Doncollll has 15 seconds left.\n|\n|t:|1683212192\n|move|p1b: Hariyama|Fake Out|p2b: Iron Valiant\n|-damage|p2b: Iron Valiant|88\/100\n|cant|p2b: Iron Valiant|flinch\n|move|p2a: Arcanine|Flare Blitz|p1b: Hariyama\n|-damage|p1b: Hariyama|37\/100\n|-status|p1b: Hariyama|brn\n|-damage|p2a: Arcanine|74\/100|[from] Recoil\n|move|p1a: Ceruledge|Bulk Up|p1a: Ceruledge\n|-boost|p1a: Ceruledge|atk|1\n|-boost|p1a: Ceruledge|def|1\n|\n|-damage|p1b: Hariyama|31\/100 brn|[from] brn\n|upkeep\n|turn|2\n|inactive|Doncollll has 30 seconds left.\n|inactive|Spyncar has 30 seconds left.\n|l|\u2606Doncollll\n|inactive|Doncollll disconnected and has a minute to reconnect!\n|player|p1|\n|inactive|Doncollll has 20 seconds left.\n|inactive|Doncollll has 15 seconds left.\n|j|\u2606Doncollll\n|inactive|Doncollll reconnected and has 15 seconds left.\n|player|p1|Doncollll|schoolkid\n|inactive|Doncollll has 10 seconds left.\n|inactive|Doncollll has 5 seconds left.\n|\n|t:|1683212246\n|move|p2b: Iron Valiant|Protect|p2b: Iron Valiant\n|-singleturn|p2b: Iron Valiant|Protect\n|move|p2a: Arcanine|Flare Blitz|p1b: Hariyama\n|-damage|p1b: Hariyama|0 fnt\n|faint|p1b: Hariyama\n|-damage|p2a: Arcanine|61\/100|[from] Recoil\n|move|p1a: Ceruledge|Bitter Blade|p2b: Iron Valiant\n|-activate|p2b: Iron Valiant|move: Protect\n|\n|upkeep\n|\n|t:|1683212258\n|switch|p1b: Tatsugiri|Tatsugiri, L50, M|100\/100\n|turn|3\n|\n|t:|1683212269\n|move|p2a: Arcanine|Extreme Speed|p1b: Tatsugiri\n|-damage|p1b: Tatsugiri|49\/100\n|move|p2b: Iron Valiant|Moonblast|p1b: Tatsugiri\n|-supereffective|p1b: Tatsugiri\n|-damage|p1b: Tatsugiri|0 fnt\n|faint|p1b: Tatsugiri\n|move|p1a: Ceruledge|Bitter Blade|p2b: Iron Valiant\n|-damage|p2b: Iron Valiant|0 fnt\n|faint|p2b: Iron Valiant\n|-end|p2b: Iron Valiant|Quark Drive|[silent]\n|\n|upkeep\n|\n|t:|1683212278\n|switch|p2b: Umbreon|Umbreon, L50, M|100\/100\n|switch|p1b: Dondozo|Dondozo, L50, M|100\/100\n|turn|4\n|\n|t:|1683212302\n|-terastallize|p1a: Ceruledge|Steel\n|move|p2a: Arcanine|Will-O-Wisp|p1b: Dondozo\n|-status|p1b: Dondozo|brn\n|move|p1a: Ceruledge|Bulk Up|p1a: Ceruledge\n|-boost|p1a: Ceruledge|atk|1\n|-boost|p1a: Ceruledge|def|1\n|move|p2b: Umbreon|Foul Play|p1a: Ceruledge\n|-damage|p1a: Ceruledge|42\/100\n|move|p1b: Dondozo|Wave Crash|p2b: Umbreon\n|-damage|p2b: Umbreon|87\/100\n|-damage|p1b: Dondozo|97\/100 brn|[from] Recoil\n|\n|-heal|p2b: Umbreon|93\/100|[from] item: Leftovers\n|-heal|p1b: Dondozo|100\/100 brn|[from] item: Leftovers\n|-damage|p1b: Dondozo|95\/100 brn|[from] brn\n|upkeep\n|turn|5\n|inactive|Spyncar has 30 seconds left.\n|\n|t:|1683212333\n|move|p2a: Arcanine|Protect|p2a: Arcanine\n|-singleturn|p2a: Arcanine|Protect\n|move|p1a: Ceruledge|Bitter Blade|p2b: Umbreon\n|-damage|p2b: Umbreon|34\/100\n|-heal|p1a: Ceruledge|75\/100|[from] drain|[of] p2b: Umbreon\n|move|p2b: Umbreon|Skill Swap|p1a: Ceruledge\n|-activate|p2b: Umbreon|move: Skill Swap|Flash Fire|Inner Focus|[of] p1a: Ceruledge\n|move|p1b: Dondozo|Wave Crash|p2b: Umbreon\n|-damage|p2b: Umbreon|20\/100\n|-damage|p1b: Dondozo|91\/100 brn|[from] Recoil\n|\n|-heal|p2b: Umbreon|26\/100|[from] item: Leftovers\n|-heal|p1b: Dondozo|97\/100 brn|[from] item: Leftovers\n|-damage|p1b: Dondozo|91\/100 brn|[from] brn\n|upkeep\n|turn|6\n|\n|t:|1683212356\n|move|p1b: Dondozo|Protect|p1b: Dondozo\n|-singleturn|p1b: Dondozo|Protect\n|move|p2a: Arcanine|Flare Blitz|p1a: Ceruledge\n|-supereffective|p1a: Ceruledge\n|-damage|p1a: Ceruledge|0 fnt\n|faint|p1a: Ceruledge\n|-damage|p2a: Arcanine|38\/100|[from] Recoil\n|-enditem|p2a: Arcanine|Sitrus Berry|[eat]\n|-heal|p2a: Arcanine|63\/100|[from] item: Sitrus Berry\n|move|p2b: Umbreon|Foul Play|p1b: Dondozo\n|-activate|p1b: Dondozo|move: Protect\n|\n|-heal|p2b: Umbreon|32\/100|[from] item: Leftovers\n|-heal|p1b: Dondozo|97\/100 brn|[from] item: Leftovers\n|-damage|p1b: Dondozo|91\/100 brn|[from] brn\n|upkeep\n|turn|7\n|-message|Doncollll forfeited.\n|\n|win|Spyncar\n|raw|Doncollll's rating: 1240 → 1216<\/strong> (-24 for losing)\n|raw|Spyncar's rating: 1260 → 1284<\/strong> (+24 for winning)\n|l|\u2606Doncollll\n","uploadtime":1683212374,"views":8,"p1id":"doncollll","p2id":"spyncar","formatid":"gen9vgc2023regulationc","rating":1216,"private":0,"password":""}