{"id":"gen9vgc2023regulationc-1863928340","p1":"mathtass","p2":"Xcdc9182","format":"[Gen 9] VGC 2023 Regulation C","log":"|j|\u2606mathtass\n|j|\u203dXcdc9182\n|t:|1684094361\n|gametype|doubles\n|player|p1|mathtass|101|1432\n|player|p2|Xcdc9182|169|1378\n|teamsize|p1|6\n|teamsize|p2|6\n|gen|9\n|tier|[Gen 9] VGC 2023 Regulation C\n|rated|\n|rule|Species Clause: Limit one of each Pok\u00e9mon\n|rule|Item Clause: Limit one of each item\n|clearpoke\n|poke|p1|Palafin, L50, M|\n|poke|p1|Chien-Pao, L50|\n|poke|p1|Dragapult, L50, F|\n|poke|p1|Amoonguss, L50, F|\n|poke|p1|Arcanine, L50, M|\n|poke|p1|Flutter Mane, L50|\n|poke|p2|Flutter Mane, L50|\n|poke|p2|Oranguru, L50, M|\n|poke|p2|Roaring Moon, L50|\n|poke|p2|Iron Bundle, L50|\n|poke|p2|Brute Bonnet, L50|\n|poke|p2|Torkoal, L50, F|\n|teampreview|4\n|inactive|Battle timer is ON: inactive players will automatically lose when time's up. (requested by Xcdc9182)\nXcdc9182 rejected open team sheets.\n|\n|t:|1684094385\n|start\n|switch|p1a: Blair|Dragapult, L50, F, shiny|100\/100\n|switch|p1b: Dante|Chien-Pao, L50|100\/100\n|switch|p2a: Flutter Mane|Flutter Mane, L50|100\/100\n|switch|p2b: Oranguru|Oranguru, L50, M|100\/100\n|-ability|p1b: Dante|Sword of Ruin\n|turn|1\n|\n|t:|1684094401\n|move|p2a: Flutter Mane|Protect|p2a: Flutter Mane\n|-singleturn|p2a: Flutter Mane|Protect\n|move|p1a: Blair|Dragon Darts|p2b: Oranguru\n|-damage|p2b: Oranguru|57\/100\n|-anim|p1a: Blair|Dragon Darts|p2b: Oranguru\n|-damage|p2b: Oranguru|14\/100\n|move|p1b: Dante|Ice Spinner|p2a: Flutter Mane\n|-activate|p2a: Flutter Mane|move: Protect\n|move|p2b: Oranguru|Taunt|p1b: Dante\n|-start|p1b: Dante|move: Taunt\n|\n|upkeep\n|turn|2\n|\n|t:|1684094423\n|move|p1a: Blair|Dragon Darts|p2b: Oranguru\n|-damage|p2b: Oranguru|0 fnt\n|faint|p2b: Oranguru\n|move|p1b: Dante|Ice Spinner|p2a: Flutter Mane\n|-damage|p2a: Flutter Mane|21\/100\n|move|p2a: Flutter Mane|Trick Room|p2a: Flutter Mane\n|-fieldstart|move: Trick Room|[of] p2a: Flutter Mane\n|-enditem|p2a: Flutter Mane|Room Service\n|-unboost|p2a: Flutter Mane|spe|1|[from] item: Room Service\n|\n|upkeep\n|c|\u2606mathtass|please dont send torkoal\n|\n|t:|1684094442\n|switch|p2b: Brute Bonnet|Brute Bonnet, L50, shiny|100\/100\n|turn|3\n|\n|t:|1684094449\n|-terastallize|p1a: Blair|Steel\n|move|p1b: Dante|Sucker Punch|p2a: Flutter Mane\n|-damage|p2a: Flutter Mane|0 fnt\n|faint|p2a: Flutter Mane\n|-end|p2a: Flutter Mane|Protosynthesis|[silent]\n|move|p2b: Brute Bonnet|Spore|p1b: Dante\n|-status|p1b: Dante|slp|[from] move: Spore\n|move|p1a: Blair|Dragon Darts|p2b: Brute Bonnet\n|-damage|p2b: Brute Bonnet|63\/100\n|-anim|p1a: Blair|Dragon Darts|p2b: Brute Bonnet\n|-damage|p2b: Brute Bonnet|23\/100\n|\n|upkeep\n|\n|t:|1684094460\n|switch|p2a: Torkoal|Torkoal, L50, F|100\/100\n|-weather|SunnyDay|[from] ability: Drought|[of] p2a: Torkoal\n|-activate|p2b: Brute Bonnet|ability: Protosynthesis\n|-start|p2b: Brute Bonnet|protosynthesisatk\n|turn|4\n|c|\u2606mathtass|oh no\n|\n|t:|1684094470\n|switch|p1a: Leon|Arcanine, L50, M, shiny|100\/100\n|-ability|p1a: Leon|Intimidate|boost\n|-unboost|p2a: Torkoal|atk|1\n|-unboost|p2b: Brute Bonnet|atk|1\n|-terastallize|p2a: Torkoal|Fire\n|cant|p1b: Dante|slp\n|move|p2a: Torkoal|Eruption|p1a: Leon|[spread] p1a,p1b\n|-resisted|p1a: Leon\n|-supereffective|p1b: Dante\n|-damage|p1a: Leon|22\/100\n|-enditem|p1b: Dante|Focus Sash\n|-damage|p1b: Dante|1\/100 slp\n|-enditem|p1a: Leon|Sitrus Berry|[eat]\n|-heal|p1a: Leon|46\/100|[from] item: Sitrus Berry\n|move|p2b: Brute Bonnet|Bullet Seed|p1b: Dante\n|-damage|p1b: Dante|0 fnt\n|faint|p1b: Dante\n|-hitcount|p1: Dante|1\n|\n|-weather|SunnyDay|[upkeep]\n|upkeep\n|\n|t:|1684094487\n|switch|p1b: LadyMane|Flutter Mane, L50, shiny|100\/100\n|-activate|p1b: LadyMane|ability: Protosynthesis\n|-start|p1b: LadyMane|protosynthesisspa\n|turn|5\n|\n|t:|1684094496\n|move|p1b: LadyMane|Protect|p1b: LadyMane\n|-singleturn|p1b: LadyMane|Protect\n|move|p1a: Leon|Extreme Speed|p2b: Brute Bonnet\n|-damage|p2b: Brute Bonnet|5\/100\n|move|p2b: Brute Bonnet|Sucker Punch||[still]\n|-fail|p2b: Brute Bonnet\n|move|p2a: Torkoal|Eruption|p1b: LadyMane|[spread] p1a\n|-activate|p1b: LadyMane|move: Protect\n|-resisted|p1a: Leon\n|-damage|p1a: Leon|0 fnt\n|faint|p1a: Leon\n|\n|-weather|SunnyDay|[upkeep]\n|upkeep\n|\n|t:|1684094507\n|switch|p1a: Blair|Dragapult, L50, F, shiny, tera:Steel|100\/100\n|turn|6\n|\n|t:|1684094520\n|move|p2b: Brute Bonnet|Sucker Punch|p1b: LadyMane\n|-damage|p1b: LadyMane|54\/100\n|move|p2a: Torkoal|Eruption|p1b: LadyMane|[spread] p1a,p1b\n|-supereffective|p1a: Blair\n|-damage|p1a: Blair|0 fnt\n|-damage|p1b: LadyMane|0 fnt\n|faint|p1a: Blair\n|faint|p1b: LadyMane\n|-end|p1b: LadyMane|Protosynthesis|[silent]\n|\n|win|Xcdc9182\n|raw|mathtass's rating: 1432 → 1409<\/strong> (-23 for losing)\n|raw|Xcdc9182's rating: 1378 → 1401<\/strong> (+23 for winning)\n","uploadtime":1684094524,"views":4,"p1id":"mathtass","p2id":"xcdc9182","formatid":"gen9vgc2023regulationc","rating":1401,"private":0,"password":""}