{"id":"gen9vgc2023regulationc-1856504578","p1":"MatRod","p2":"LymeLoco","format":"[Gen 9] VGC 2023 Regulation C","log":"|j|\u2606MatRod\n|j|\u2606LymeLoco\n|t:|1683069090\n|gametype|doubles\n|player|p1|MatRod|veteran|1056\n|player|p2|LymeLoco|169|1000\n|teamsize|p1|6\n|teamsize|p2|6\n|gen|9\n|tier|[Gen 9] VGC 2023 Regulation C\n|rated|\n|rule|Species Clause: Limit one of each Pok\u00e9mon\n|rule|Item Clause: Limit one of each item\n|clearpoke\n|poke|p1|Indeedee-F, L50, F|\n|poke|p1|Armarouge, L50, M|\n|poke|p1|Sandy Shocks, L50|\n|poke|p1|Flapple, L50, M|\n|poke|p1|Espathra, L50, M|\n|poke|p1|Meowscarada, L50, M|\n|poke|p2|Lilligant, L50, F|\n|poke|p2|Torkoal, L50, F|\n|poke|p2|Flutter Mane, L50|\n|poke|p2|Kingambit, L50, F|\n|poke|p2|Dragonite, L50, F|\n|poke|p2|Great Tusk, L50|\n|teampreview|4\n|j|+Eve\n|j| CortadoKats\n|j| Grabby\n|c|\u2606LymeLoco|Hey buckaroo! wanna pick anytime soon?\n|inactive|Battle timer is ON: inactive players will automatically lose when time's up. (requested by LymeLoco)\n|inactive|MatRod has 60 seconds left.\n|c|\u2606MatRod|mb\n|c|\u2606LymeLoco|gm\n|c|\u2606LymeLoco|lol\n|c| CortadoKats|take your time\n|l| Grabby\n|inactive|MatRod has 30 seconds left.\n|inactive|MatRod has 20 seconds left.\n|\n|t:|1683069269\n|start\n|switch|p1a: Armarouge|Armarouge, L50, M|100\/100\n|switch|p1b: Flapple|Flapple, L50, M|100\/100\n|switch|p2a: TT|Lilligant, L50, F, shiny|100\/100\n|switch|p2b: Breakthrough|Torkoal, L50, F, shiny|100\/100\n|-weather|SunnyDay|[from] ability: Drought|[of] p2b: Breakthrough\n|turn|1\n|inactive|LymeLoco has 30 seconds left.\n|l| CortadoKats\n|inactive|LymeLoco has 20 seconds left.\n|\n|t:|1683069305\n|move|p2b: Breakthrough|Protect|p2b: Breakthrough\n|-singleturn|p2b: Breakthrough|Protect\n|move|p1a: Armarouge|Wide Guard|p1a: Armarouge\n|-singleturn|p1a: Armarouge|Wide Guard\n|move|p2a: TT|Sleep Powder|p1a: Armarouge\n|-status|p1a: Armarouge|slp|[from] move: Sleep Powder\n|move|p1b: Flapple|U-turn|p2a: TT\n|-supereffective|p2a: TT\n|-enditem|p2a: TT|Focus Sash\n|-damage|p2a: TT|1\/100\n|j| CortadoKats\n|j| Grabby\n|\n|t:|1683069329\n|switch|p1b: Sandy Shocks|Sandy Shocks, L50, shiny|100\/100|[from] U-turn\n|-activate|p1b: Sandy Shocks|ability: Protosynthesis\n|-start|p1b: Sandy Shocks|protosynthesisspe\n|\n|-weather|SunnyDay|[upkeep]\n|upkeep\n|turn|2\n|j| woopre\n|inactive|LymeLoco has 30 seconds left.\n|c|\u2606LymeLoco|IDK WHAT TO DO\n|inactive|LymeLoco has 20 seconds left.\n|c|\u2606MatRod|LMFAO\n|c| Grabby|alright\n|inactive|LymeLoco has 15 seconds left.\n|c|\u2606LymeLoco|BRO\n|c|\u2606LymeLoco|ok\n|c|\u2606LymeLoco|trust me\n|inactive|LymeLoco has 10 seconds left.\n|c|\u2606LymeLoco|i got this\n|c| Grabby|click after you w\/ lilligant onto torkoal\n|\n|t:|1683069378\n|move|p2a: TT|Protect|p2a: TT\n|-singleturn|p2a: TT|Protect\n|move|p1b: Sandy Shocks|Earth Power|p2b: Breakthrough\n|-supereffective|p2b: Breakthrough\n|-damage|p2b: Breakthrough|0 fnt\n|faint|p2b: Breakthrough\n|cant|p1a: Armarouge|slp\n|\n|-weather|SunnyDay|[upkeep]\n|upkeep\n|c| Grabby|and then click eruption w\/ torkoal\n|c|\u2606LymeLoco|100 IQ\n|c|\u2606LymeLoco|TRUST ME\n|c| CortadoKats|ah too late\n|c|\u2606LymeLoco|IM THAT GUY\n|\n|t:|1683069390\n|switch|p2b: FANCY|Flutter Mane, L50, shiny|100\/100\n|-activate|p2b: FANCY|ability: Protosynthesis\n|-start|p2b: FANCY|protosynthesisspa\n|turn|3\n|c| Grabby|that's fine\n|c|\u2606MatRod|oh no\n|c| Grabby|there's always a next game\n|c|\u2606LymeLoco|LOL\n|c|\u2606LymeLoco|WOW\n|c|\u2606MatRod|indeed\n|c| CortadoKats|Hi MatRod don't mind the 2 extras here\n|inactive|LymeLoco has 30 seconds left.\n|\n|t:|1683069417\n|move|p2a: TT|After You|p2b: FANCY\n|-activate|p2b: FANCY|move: After You\n|move|p2b: FANCY|Shadow Ball|p1a: Armarouge\n|-supereffective|p1a: Armarouge\n|-damage|p1a: Armarouge|0 fnt\n|faint|p1a: Armarouge\n|move|p1b: Sandy Shocks|Gravity|p1b: Sandy Shocks\n|-fieldstart|move: Gravity\n|\n|-weather|SunnyDay|[upkeep]\n|upkeep\n|c|\u2606LymeLoco|INCREDIBLE PLAY\n|c| Grabby|nice\n|c|\u2606MatRod|We'll see\n|\n|t:|1683069429\n|switch|p1a: Indeedee|Indeedee-F, L50, F, shiny|100\/100\n|-fieldstart|move: Psychic Terrain|[from] ability: Psychic Surge|[of] p1a: Indeedee\n|turn|4\n|c|\u2606LymeLoco|YO MY BAD BRO\n|c| Grabby|btw\n|c| Grabby|gravity increases accuracy\n|\n|t:|1683069452\n|move|p2a: TT|Sleep Powder|p1b: Sandy Shocks\n|-status|p1b: Sandy Shocks|slp|[from] move: Sleep Powder\n|cant|p1b: Sandy Shocks|slp\n|move|p2b: FANCY|Shadow Ball|p1a: Indeedee\n|-immune|p1a: Indeedee\n|move|p1a: Indeedee|Trick Room|p1a: Indeedee\n|-fieldstart|move: Trick Room|[of] p1a: Indeedee\n|\n|-weather|SunnyDay|[upkeep]\n|upkeep\n|turn|5\n|c|\u2606LymeLoco|FUCK\n|c|\u2606LymeLoco|sry\n|c| Grabby|that's fine\n|c| CortadoKats|happens to the best of us\n|c| Grabby|sleep powder was good\n|l| woopre\n|inactive|MatRod has 30 seconds left.\n|c|\u2606LymeLoco|i got it\n|\n|t:|1683069485\n|-end|p1b: Sandy Shocks|Protosynthesis|[silent]\n|switch|p1b: Flapple|Flapple, L50, M|100\/100\n|move|p1a: Indeedee|Heal Pulse|p1b: Flapple\n|-fail|p1b: Flapple|heal\n|move|p2b: FANCY|Shadow Ball|p1b: Flapple\n|-enditem|p1b: Flapple|Focus Sash\n|-damage|p1b: Flapple|1\/100\n|move|p2a: TT|After You||[still]\n|-fail|p2a: TT\n|\n|-weather|none\n|-end|p2b: FANCY|Protosynthesis\n|upkeep\n|turn|6\n|c| CortadoKats|I still forget Dark is immune to Psychic sometimes\n|c|\u2606LymeLoco|YEAHHHH\n|inactive|MatRod has 30 seconds left.\n|inactive|LymeLoco has 30 seconds left.\n|inactive|MatRod has 20 seconds left.\n|c|\u2606LymeLoco|ok i got this\n|inactive|MatRod has 15 seconds left.\n|inactive|MatRod has 10 seconds left.\n|\n|t:|1683069531\n|-end|p2b: FANCY|Protosynthesis|[silent]\n|switch|p2b: HOT|Kingambit, L50, F, shiny|100\/100\n|move|p1b: Flapple|U-turn|p2a: TT\n|-supereffective|p2a: TT\n|-crit|p2a: TT\n|-damage|p2a: TT|0 fnt\n|faint|p2a: TT\n|\n|t:|1683069540\n|switch|p1b: Sandy Shocks|Sandy Shocks, L50, shiny|100\/100 slp|[from] U-turn\n|-enditem|p1b: Sandy Shocks|Booster Energy\n|-activate|p1b: Sandy Shocks|ability: Protosynthesis|[fromitem]\n|-start|p1b: Sandy Shocks|protosynthesisspe\n|move|p1a: Indeedee|Heal Pulse|p1b: Sandy Shocks\n|-fail|p1b: Sandy Shocks|heal\n|\n|upkeep\n|c|\u2606LymeLoco|ok maybe that was dumb\n|\n|t:|1683069548\n|switch|p2a: FANCY|Flutter Mane, L50, shiny|100\/100\n|turn|7\n|c| Grabby|no that's fine\n|c| CortadoKats|you'll be fine yeah\n|\n|t:|1683069573\n|move|p1a: Indeedee|Follow Me|p1a: Indeedee\n|-singleturn|p1a: Indeedee|move: Follow Me\n|move|p2b: HOT|Sucker Punch||[still]\n|-fail|p2b: HOT\n|move|p2a: FANCY|Moonblast|p1a: Indeedee\n|-damage|p1a: Indeedee|19\/100\n|cant|p1b: Sandy Shocks|slp\n|\n|-fieldend|move: Gravity\n|upkeep\n|turn|8\n|c| Grabby|we can explain to you how the team wants to be played\n|c|\u2606LymeLoco|TRUST\n|inactive|MatRod has 30 seconds left.\n|c|\u2606LymeLoco|I GOT THIS\n|c|+Eve|sucker punch fails in psychic terrain\n|\n|t:|1683069606\n|-terastallize|p2b: HOT|Fire\n|move|p1a: Indeedee|Helping Hand|p1b: Sandy Shocks\n|-singleturn|p1b: Sandy Shocks|Helping Hand|[of] p1a: Indeedee\n|move|p2b: HOT|Iron Head|p1a: Indeedee\n|-damage|p1a: Indeedee|0 fnt\n|faint|p1a: Indeedee\n|move|p2a: FANCY|Moonblast|p1b: Sandy Shocks\n|-damage|p1b: Sandy Shocks|2\/100 slp\n|-unboost|p1b: Sandy Shocks|spa|1\n|cant|p1b: Sandy Shocks|slp\n|\n|-fieldend|move: Trick Room\n|-fieldend|move: Psychic Terrain\n|upkeep\n|c|\u2606LymeLoco|thats fine\n|c|\u2606LymeLoco|OH YEAH\n|c|\u2606MatRod|NO WAY\n|c|\u2606MatRod|3???\n|\n|t:|1683069622\n|switch|p1a: Flapple|Flapple, L50, M|1\/100\n|turn|9\n|c|\u2606MatRod|Gg\n|c| CortadoKats|hehe flutter mane brrrrr\n|c|\u2606LymeLoco|trust me\n|\n|t:|1683069636\n|move|p1a: Flapple|Sucker Punch|p2a: FANCY\n|-damage|p2a: FANCY|38\/100\n|-curestatus|p1b: Sandy Shocks|slp|[msg]\n|move|p1b: Sandy Shocks|Earth Power|p2b: HOT\n|-supereffective|p2b: HOT\n|-damage|p2b: HOT|66\/100\n|move|p2a: FANCY|Moonblast|p1b: Sandy Shocks\n|-damage|p1b: Sandy Shocks|0 fnt\n|faint|p1b: Sandy Shocks\n|-end|p1b: Sandy Shocks|Protosynthesis|[silent]\n|move|p2b: HOT|Iron Head|p1a: Flapple\n|-damage|p1a: Flapple|0 fnt\n|faint|p1a: Flapple\n|\n|win|LymeLoco\n|raw|MatRod's rating: 1056 → 1035<\/strong> (-21 for losing)\n|raw|LymeLoco's rating: 1000 → 1046<\/strong> (+46 for winning)\n|c|\u2606LymeLoco|i 100% meant that to happen\n|c| Grabby|wp\n|c|\u2606LymeLoco|gg\n|c|\u2606MatRod|Ggwp\n|c| CortadoKats|horray!!\n|l|+Eve\n","uploadtime":1683069689,"views":19,"p1id":"matrod","p2id":"lymeloco","formatid":"gen9vgc2023regulationc","rating":1035,"private":0,"password":""}