{"id":"gen9vgc2023regulationc-1855724018","p1":"VeeGey","p2":"yjdhdn","format":"[Gen 9] VGC 2023 Regulation C","log":"|j|\u2606VeeGey\n|j|\u2606yjdhdn\n|t:|1682976986\n|gametype|doubles\n|player|p1|VeeGey|101|1079\n|player|p2|yjdhdn|170|1000\n|teamsize|p1|6\n|teamsize|p2|6\n|gen|9\n|tier|[Gen 9] VGC 2023 Regulation C\n|rated|\n|rule|Species Clause: Limit one of each Pok\u00e9mon\n|rule|Item Clause: Limit one of each item\n|clearpoke\n|poke|p1|Golduck, L50, F|\n|poke|p1|Pelipper, L50, F|\n|poke|p1|Barraskewda, L50, F|\n|poke|p1|Qwilfish, L50, F|\n|poke|p1|Gastrodon, L50, F|\n|poke|p1|Tsareena, L50, F|\n|poke|p2|Squawkabilly-Blue, L50, M|\n|poke|p2|Arcanine, L50, M|\n|poke|p2|Gengar, L50, M|\n|poke|p2|Krookodile, L50, F|\n|poke|p2|Meowscarada, L50, M|\n|poke|p2|Garchomp, L50, M|\n|teampreview|4\n|inactive|Battle timer is ON: inactive players will automatically lose when time's up. (requested by VeeGey)\n|inactive|VeeGey has 60 seconds left.\n|\n|t:|1682977024\n|start\n|switch|p1a: Pelipper|Pelipper, L50, F|100\/100\n|switch|p1b: Golduck|Golduck, L50, F|100\/100\n|switch|p2a: Arcanine|Arcanine, L50, M|100\/100\n|switch|p2b: Squawkabilly|Squawkabilly-Blue, L50, M|100\/100\n|-ability|p2a: Arcanine|Intimidate|boost\n|-unboost|p1a: Pelipper|atk|1\n|-unboost|p1b: Golduck|atk|1\n|-weather|RainDance|[from] ability: Drizzle|[of] p1a: Pelipper\n|turn|1\n|\n|t:|1682977045\n|-terastallize|p2a: Arcanine|Water\n|move|p1a: Pelipper|Wide Guard|p1a: Pelipper\n|-singleturn|p1a: Pelipper|Wide Guard\n|move|p1b: Golduck|Surf|p2a: Arcanine|[spread] p2a,p2b\n|-activate|p1a: Pelipper|move: Wide Guard\n|-resisted|p2a: Arcanine\n|-crit|p2a: Arcanine\n|-damage|p2a: Arcanine|46\/100\n|-damage|p2b: Squawkabilly|0 fnt\n|faint|p2b: Squawkabilly\n|-damage|p1b: Golduck|91\/100|[from] item: Life Orb\n|move|p2a: Arcanine|Will-O-Wisp|p2: Squawkabilly|[notarget]\n|-fail|p2a: Arcanine\n|\n|-weather|RainDance|[upkeep]\n|-heal|p2a: Arcanine|52\/100|[from] item: Leftovers\n|upkeep\n|\n|t:|1682977057\n|switch|p2b: Meowscarada|Meowscarada, L50, M|100\/100\n|turn|2\n|inactive|VeeGey has 30 seconds left.\n|\n|t:|1682977082\n|move|p2a: Arcanine|Extreme Speed|p1b: Golduck\n|-damage|p1b: Golduck|58\/100\n|move|p1b: Golduck|Ice Beam|p2b: Meowscarada\n|-supereffective|p2b: Meowscarada\n|-damage|p2b: Meowscarada|0 fnt\n|faint|p2b: Meowscarada\n|-damage|p1b: Golduck|48\/100|[from] item: Life Orb\n|move|p1a: Pelipper|Tailwind|p1a: Pelipper\n|-sidestart|p1: VeeGey|move: Tailwind\n|\n|-weather|RainDance|[upkeep]\n|-heal|p2a: Arcanine|58\/100|[from] item: Leftovers\n|upkeep\n|\n|t:|1682977094\n|switch|p2b: Gengar|Gengar, L50, M|100\/100\n|turn|3\n|inactive|VeeGey has 30 seconds left.\n|inactive|yjdhdn has 30 seconds left.\n|inactive|VeeGey has 20 seconds left.\n|\n|t:|1682977132\n|move|p2a: Arcanine|Extreme Speed|p1b: Golduck\n|-damage|p1b: Golduck|14\/100\n|move|p2b: Gengar|Sucker Punch|p1b: Golduck\n|-damage|p1b: Golduck|0 fnt\n|faint|p1b: Golduck\n|move|p1a: Pelipper|Hurricane|p2a: Arcanine\n|-damage|p2a: Arcanine|14\/100\n|\n|-weather|RainDance|[upkeep]\n|-heal|p2a: Arcanine|20\/100|[from] item: Leftovers\n|upkeep\n|\n|t:|1682977140\n|switch|p1b: Gastrodon|Gastrodon, L50, F|100\/100\n|turn|4\n|\n|t:|1682977151\n|move|p1a: Pelipper|Hurricane|p2a: Arcanine\n|-damage|p2a: Arcanine|0 fnt\n|faint|p2a: Arcanine\n|move|p2b: Gengar|Drain Punch|p1b: Gastrodon\n|-damage|p1b: Gastrodon|82\/100\n|move|p1b: Gastrodon|Yawn|p2b: Gengar\n|-start|p2b: Gengar|move: Yawn|[of] p1b: Gastrodon\n|\n|-weather|RainDance|[upkeep]\n|-heal|p1b: Gastrodon|88\/100|[from] item: Leftovers\n|upkeep\n|turn|5\n|-message|yjdhdn forfeited.\n|\n|win|VeeGey\n|raw|VeeGey's rating: 1079 → 1101<\/strong> (+22 for winning)\n|raw|yjdhdn's rating: 1000 → 1000<\/strong> (+0 for losing)\n|l|\u2606yjdhdn\n","uploadtime":1682977185,"views":11,"p1id":"veegey","p2id":"yjdhdn","formatid":"gen9vgc2023regulationc","rating":1000,"private":0,"password":""}