{"id":"gen9vgc2023regulationc-1862354329","p1":"yy20041025","p2":"Memelytics","format":"[Gen 9] VGC 2023 Regulation C","log":"|j|\u2606yy20041025\n|j|\u2606Memelytics\n|t:|1683871677\n|gametype|doubles\n|player|p1|yy20041025|lyra|1085\n|player|p2|Memelytics|unknownf|1056\n|teamsize|p1|6\n|teamsize|p2|6\n|gen|9\n|tier|[Gen 9] VGC 2023 Regulation C\n|rated|\n|rule|Species Clause: Limit one of each Pok\u00e9mon\n|rule|Item Clause: Limit one of each item\n|clearpoke\n|poke|p1|Annihilape, L50, M|\n|poke|p1|Maushold-Four, L50|\n|poke|p1|Arcanine, L50, M|\n|poke|p1|Amoonguss, L50, M|\n|poke|p1|Ting-Lu, L50|\n|poke|p1|Flutter Mane, L50|\n|poke|p2|Palafin, L50, F|\n|poke|p2|Flutter Mane, L50|\n|poke|p2|Arcanine, L50, F|\n|poke|p2|Amoonguss, L50, F|\n|poke|p2|Ting-Lu, L50|\n|poke|p2|Dragonite, L50, F|\n|teampreview|4\n|inactive|Battle timer is ON: inactive players will automatically lose when time's up. (requested by Memelytics)\n|inactive|Memelytics has 60 seconds left.\n|\n|t:|1683871714\n|start\n|switch|p1a: Maushold|Maushold-Four, L50, shiny|100\/100\n|switch|p1b: Annihilape|Annihilape, L50, M, shiny|100\/100\n|switch|p2a: \u632f\u7ffc\u53d1|Flutter Mane, L50|100\/100\n|switch|p2b: \u98ce\u901f\u72d7|Arcanine, L50, F, shiny|100\/100\n|-ability|p2b: \u98ce\u901f\u72d7|Intimidate|boost\n|-unboost|p1a: Maushold|atk|1\n|-unboost|p1b: Annihilape|atk|1\n|-ability|p1b: Annihilape|Defiant|boost\n|-boost|p1b: Annihilape|atk|2\n|turn|1\n|inactive|yy20041025 has 30 seconds left.\n|inactive|Memelytics has 30 seconds left.\n|\n|t:|1683871744\n|-terastallize|p2a: \u632f\u7ffc\u53d1|Fairy\n|-terastallize|p1b: Annihilape|Fire\n|move|p2a: \u632f\u7ffc\u53d1|Moonblast|p1b: Annihilape\n|-resisted|p1b: Annihilape\n|-damage|p1b: Annihilape|74\/100\n|-unboost|p1b: Annihilape|spa|1\n|-ability|p1b: Annihilape|Defiant|boost\n|-boost|p1b: Annihilape|atk|2\n|move|p2b: \u98ce\u901f\u72d7|Will-O-Wisp|p1a: Maushold\n|-status|p1a: Maushold|brn\n|move|p1a: Maushold|Beat Up|p1b: Annihilape\n|-damage|p1b: Annihilape|73\/100\n|-damage|p1b: Annihilape|73\/100\n|-damage|p1b: Annihilape|72\/100\n|-damage|p1b: Annihilape|72\/100\n|-hitcount|p1b: Annihilape|4\n|move|p1b: Annihilape|Rage Fist|p2a: \u632f\u7ffc\u53d1\n|-damage|p2a: \u632f\u7ffc\u53d1|0 fnt\n|faint|p2a: \u632f\u7ffc\u53d1\n|-end|p2a: \u632f\u7ffc\u53d1|Protosynthesis|[silent]\n|\n|-heal|p1b: Annihilape|78\/100|[from] item: Leftovers\n|-damage|p1a: Maushold|94\/100 brn|[from] brn\n|upkeep\n|\n|t:|1683871766\n|switch|p2a: \u8d25\u9732\u7403\u83c7|Amoonguss, L50, F|100\/100\n|turn|2\n|\n|t:|1683871783\n|switch|p2b: \u53e4\u9f0e\u9e7f|Ting-Lu, L50|100\/100\n|-ability|p2b: \u53e4\u9f0e\u9e7f|Vessel of Ruin\n|move|p1a: Maushold|Follow Me|p1a: Maushold\n|-singleturn|p1a: Maushold|move: Follow Me\n|move|p1b: Annihilape|Bulk Up|p1b: Annihilape\n|-boost|p1b: Annihilape|atk|1\n|-boost|p1b: Annihilape|def|1\n|move|p2a: \u8d25\u9732\u7403\u83c7|Spore|p1a: Maushold\n|-activate|p1a: Maushold|item: Safety Goggles|Spore\n|\n|-heal|p1b: Annihilape|84\/100|[from] item: Leftovers\n|-damage|p1a: Maushold|88\/100 brn|[from] brn\n|upkeep\n|turn|3\n|\n|t:|1683871805\n|move|p1a: Maushold|Follow Me|p1a: Maushold\n|-singleturn|p1a: Maushold|move: Follow Me\n|move|p1b: Annihilape|Rage Fist|p2a: \u8d25\u9732\u7403\u83c7\n|-damage|p2a: \u8d25\u9732\u7403\u83c7|0 fnt\n|faint|p2a: \u8d25\u9732\u7403\u83c7\n|move|p2b: \u53e4\u9f0e\u9e7f|Fissure|p1a: Maushold|[miss]\n|-miss|p2b: \u53e4\u9f0e\u9e7f|p1a: Maushold\n|\n|-heal|p1b: Annihilape|90\/100|[from] item: Leftovers\n|-damage|p1a: Maushold|82\/100 brn|[from] brn\n|upkeep\n|\n|t:|1683871815\n|switch|p2a: \u98ce\u901f\u72d7|Arcanine, L50, F, shiny|100\/100\n|-ability|p2a: \u98ce\u901f\u72d7|Intimidate|boost\n|-unboost|p1a: Maushold|atk|1\n|-unboost|p1b: Annihilape|atk|1\n|-ability|p1b: Annihilape|Defiant|boost\n|-boost|p1b: Annihilape|atk|2\n|turn|4\n|\n|t:|1683871835\n|move|p1a: Maushold|Follow Me|p1a: Maushold\n|-singleturn|p1a: Maushold|move: Follow Me\n|move|p2a: \u98ce\u901f\u72d7|Flare Blitz|p1a: Maushold\n|-damage|p1a: Maushold|34\/100 brn\n|-damage|p2a: \u98ce\u901f\u72d7|86\/100|[from] Recoil\n|move|p1b: Annihilape|Rage Fist|p2a: \u98ce\u901f\u72d7\n|-damage|p2a: \u98ce\u901f\u72d7|0 fnt\n|faint|p2a: \u98ce\u901f\u72d7\n|move|p2b: \u53e4\u9f0e\u9e7f|Fissure|p1a: Maushold|[miss]\n|-miss|p2b: \u53e4\u9f0e\u9e7f|p1a: Maushold\n|\n|-heal|p1b: Annihilape|96\/100|[from] item: Leftovers\n|-damage|p1a: Maushold|28\/100 brn|[from] brn\n|upkeep\n|turn|5\n|-message|Memelytics forfeited.\n|\n|win|yy20041025\n|raw|yy20041025's rating: 1085 → 1110<\/strong> (+25 for winning)\n|raw|Memelytics's rating: 1056 → 1039<\/strong> (-17 for losing)\n|l|\u2606Memelytics\n","uploadtime":1683871851,"views":11,"p1id":"yy20041025","p2id":"memelytics","formatid":"gen9vgc2023regulationc","rating":1039,"private":0,"password":""}