{"id":"gen9vgc2023regulationc-1859927288","p1":"GruffuddH","p2":"Kipzho","format":"[Gen 9] VGC 2023 Regulation C","log":"|j|\u2606GruffuddH\n|j|\u2606Kipzho\n|t:|1683576472\n|gametype|doubles\n|player|p1|GruffuddH|rika|1080\n|player|p2|Kipzho|pokemonranger-gen4|1162\n|teamsize|p1|6\n|teamsize|p2|6\n|gen|9\n|tier|[Gen 9] VGC 2023 Regulation C\n|rated|\n|rule|Species Clause: Limit one of each Pok\u00e9mon\n|rule|Item Clause: Limit one of each item\n|clearpoke\n|poke|p1|Gastrodon, L50, M|\n|poke|p1|Flutter Mane, L50|\n|poke|p1|Wo-Chien, L50|\n|poke|p1|Chi-Yu, L50|\n|poke|p1|Gyarados, L50, M|\n|poke|p1|Glimmora, L50, M|\n|poke|p2|Scizor, L50, M|\n|poke|p2|Roaring Moon, L50|\n|poke|p2|Iron Bundle, L50|\n|poke|p2|Gholdengo, L50|\n|poke|p2|Tauros-Paldea-Blaze, L50, M|\n|poke|p2|Amoonguss, L50, F|\n|teampreview|4\nGruffuddH has agreed to open team sheets.\nKipzho rejected open team sheets.\n|inactive|Battle timer is ON: inactive players will automatically lose when time's up. (requested by GruffuddH)\n|inactiveoff|Battle timer is now OFF.\n|\n|t:|1683576526\n|start\n|switch|p1a: PEE-Yu|Chi-Yu, L50|100\/100\n|switch|p1b: GyaraGROSS|Gyarados, L50, M|100\/100\n|switch|p2a: Chucao|Iron Bundle, L50|100\/100\n|switch|p2b: Quix|Scizor, L50, M|100\/100\n|-ability|p1a: PEE-Yu|Beads of Ruin\n|-ability|p1b: GyaraGROSS|Intimidate|boost\n|-unboost|p2a: Chucao|atk|1\n|-fail|p2b: Quix|unboost|[from] item: Clear Amulet|[of] p2b: Quix\n|turn|1\n|j| TrendanBrendan\n|\n|t:|1683576566\n|-terastallize|p1a: PEE-Yu|Fire\n|-terastallize|p2b: Quix|Water\n|move|p1b: GyaraGROSS|Helping Hand|p1a: PEE-Yu\n|-singleturn|p1a: PEE-Yu|Helping Hand|[of] p1b: GyaraGROSS\n|move|p2a: Chucao|Protect|p2a: Chucao\n|-singleturn|p2a: Chucao|Protect\n|move|p1a: PEE-Yu|Overheat|p2a: Chucao\n|-activate|p2a: Chucao|move: Protect\n|move|p2b: Quix|Tera Blast|p1a: PEE-Yu\n|-supereffective|p1a: PEE-Yu\n|-damage|p1a: PEE-Yu|0 fnt\n|faint|p1a: PEE-Yu\n|\n|upkeep\n|\n|t:|1683576591\n|switch|p1a: GliBOREa|Glimmora, L50, M|100\/100\n|turn|2\n|\n|t:|1683576640\n|move|p1b: GyaraGROSS|Helping Hand|p1a: GliBOREa\n|-singleturn|p1a: GliBOREa|Helping Hand|[of] p1b: GyaraGROSS\n|move|p2a: Chucao|Freeze-Dry|p1b: GyaraGROSS\n|-supereffective|p1b: GyaraGROSS\n|-damage|p1b: GyaraGROSS|0 fnt\n|faint|p1b: GyaraGROSS\n|move|p1a: GliBOREa|Energy Ball|p2b: Quix\n|-supereffective|p2b: Quix\n|-damage|p2b: Quix|0 fnt\n|faint|p2b: Quix\n|\n|upkeep\n|\n|t:|1683576653\n|switch|p1b: BLOW-chien|Wo-Chien, L50|100\/100\n|switch|p2b: 7up|Gholdengo, L50|100\/100\n|-ability|p1b: BLOW-chien|Tablets of Ruin\n|turn|3\n|\n|t:|1683576675\n|move|p2a: Chucao|Icy Wind|p1a: GliBOREa|[spread] p1a\n|-miss|p2a: Chucao|p1b: BLOW-chien\n|-damage|p1a: GliBOREa|72\/100\n|-unboost|p1a: GliBOREa|spe|1\n|move|p2b: 7up|Make It Rain|p1b: BLOW-chien|[spread] p1a,p1b\n|-supereffective|p1a: GliBOREa\n|-damage|p1a: GliBOREa|0 fnt\n|-damage|p1b: BLOW-chien|72\/100\n|-unboost|p2b: 7up|spa|1\n|faint|p1a: GliBOREa\n|move|p1b: BLOW-chien|Ruination|p2b: 7up\n|-damage|p2b: 7up|50\/100\n|\n|-heal|p2b: 7up|57\/100|[from] item: Leftovers\n|-heal|p1b: BLOW-chien|79\/100|[from] item: Leftovers\n|upkeep\n|turn|4\n|\n|t:|1683576698\n|move|p2a: Chucao|Encore|p1b: BLOW-chien\n|-start|p1b: BLOW-chien|Encore\n|move|p2b: 7up|Nasty Plot|p2b: 7up\n|-boost|p2b: 7up|spa|2\n|move|p1b: BLOW-chien|Ruination|p2a: Chucao\n|-damage|p2a: Chucao|51\/100\n|\n|-heal|p2b: 7up|63\/100|[from] item: Leftovers\n|-heal|p1b: BLOW-chien|85\/100|[from] item: Leftovers\n|upkeep\n|turn|5\n|\n|t:|1683576713\n|move|p2a: Chucao|Freeze-Dry|p1b: BLOW-chien\n|-supereffective|p1b: BLOW-chien\n|-damage|p1b: BLOW-chien|41\/100\n|move|p2b: 7up|Make It Rain|p1b: BLOW-chien\n|-damage|p1b: BLOW-chien|0 fnt\n|-unboost|p2b: 7up|spa|1\n|faint|p1b: BLOW-chien\n|\n|win|Kipzho\n|raw|GruffuddH's rating: 1080 → 1063<\/strong> (-17 for losing)\n|raw|Kipzho's rating: 1162 → 1181<\/strong> (+19 for winning)\n|l|\u2606Kipzho\n","uploadtime":1683576727,"views":11,"p1id":"gruffuddh","p2id":"kipzho","formatid":"gen9vgc2023regulationc","rating":1063,"private":0,"password":""}