{"id":"gen9vgc2023regulationc-1856973713","p1":"Samax2599","p2":"PurpleStyle","format":"[Gen 9] VGC 2023 Regulation C","log":"|j|\u2606Samax2599\n|j|\u2606PurpleStyle\n|t:|1683132270\n|gametype|doubles\n|player|p1|Samax2599|1|\n|player|p2|PurpleStyle|pokefan|\n|teamsize|p1|6\n|teamsize|p2|6\n|gen|9\n|tier|[Gen 9] VGC 2023 Regulation C\n|rule|Species Clause: Limit one of each Pok\u00e9mon\n|rule|Item Clause: Limit one of each item\n|clearpoke\n|poke|p1|Medicham, L50, M|\n|poke|p1|Sylveon, L50, F|\n|poke|p1|Ampharos, L50, M|\n|poke|p1|Bronzong, L50|\n|poke|p1|Arcanine, L50, F|\n|poke|p1|Roaring Moon, L50|\n|poke|p2|Drifblim, L50, F|\n|poke|p2|Indeedee, L50, M|\n|poke|p2|Flutter Mane, L50|\n|poke|p2|Tauros-Paldea-Combat, L50, M|\n|poke|p2|Azumarill, L50, M|\n|poke|p2|Donphan, L50, M|\n|teampreview|4\n|n|\u2606Samax2599|samax2599\n|c|\u2606Samax2599|g1\n|c|\u2606PurpleStyle|glhf\n|n|\u2606Samax2599|samax2599\nPurpleStyle rejected open team sheets.\n|c|\u2606Samax2599|glhf!\n|\n|t:|1683132429\n|start\n|switch|p1a: Iroh|Arcanine, L50, F|100\/100\n|switch|p1b: Ty Lee|Medicham, L50, M|100\/100\n|switch|p2a: Drifblim|Drifblim, L50, F|100\/100\n|switch|p2b: Indeedee|Indeedee, L50, M|100\/100\n|-fieldstart|move: Psychic Terrain|[from] ability: Psychic Surge|[of] p2b: Indeedee\n|-enditem|p2a: Drifblim|Psychic Seed\n|-boost|p2a: Drifblim|spd|1|[from] item: Psychic Seed\n|-ability|p1a: Iroh|Intimidate|boost\n|-unboost|p2a: Drifblim|atk|1\n|-unboost|p2b: Indeedee|atk|1\n|turn|1\n|\n|t:|1683132506\n|move|p2a: Drifblim|Acrobatics|p1b: Ty Lee\n|-supereffective|p1b: Ty Lee\n|-damage|p1b: Ty Lee|27\/100\n|move|p2b: Indeedee|Dazzling Gleam|p1a: Iroh|[spread] p1a,p1b\n|-resisted|p1a: Iroh\n|-supereffective|p1b: Ty Lee\n|-damage|p1a: Iroh|91\/100\n|-damage|p1b: Ty Lee|0 fnt\n|faint|p1b: Ty Lee\n|move|p1a: Iroh|Snarl|p2a: Drifblim|[spread] p2a,p2b\n|-supereffective|p2a: Drifblim\n|-supereffective|p2b: Indeedee\n|-damage|p2a: Drifblim|85\/100\n|-damage|p2b: Indeedee|81\/100\n|-unboost|p2a: Drifblim|spa|1\n|-unboost|p2b: Indeedee|spa|1\n|\n|upkeep\n|\n|t:|1683132524\n|switch|p1b: Yue|Roaring Moon, L50|100\/100\n|-enditem|p1b: Yue|Booster Energy\n|-activate|p1b: Yue|ability: Protosynthesis|[fromitem]\n|-start|p1b: Yue|protosynthesisatk\n|turn|2\n|\n|t:|1683132589\n|-terastallize|p2b: Indeedee|Fairy\n|-terastallize|p1b: Yue|Poison\n|move|p2a: Drifblim|Acrobatics|p1b: Yue\n|-damage|p1b: Yue|70\/100\n|move|p2b: Indeedee|Dazzling Gleam|p1a: Iroh|[spread] p1a,p1b\n|-resisted|p1a: Iroh\n|-resisted|p1b: Yue\n|-damage|p1a: Iroh|82\/100\n|-damage|p1b: Yue|62\/100\n|move|p1b: Yue|Dragon Dance|p1b: Yue\n|-boost|p1b: Yue|atk|1\n|-boost|p1b: Yue|spe|1\n|move|p1a: Iroh|Snarl|p2b: Indeedee|[spread] p2a,p2b\n|-supereffective|p2a: Drifblim\n|-resisted|p2b: Indeedee\n|-damage|p2a: Drifblim|70\/100\n|-damage|p2b: Indeedee|77\/100\n|-unboost|p2a: Drifblim|spa|1\n|-unboost|p2b: Indeedee|spa|1\n|\n|upkeep\n|turn|3\n|j| thejordanvgc\n|\n|t:|1683132687\n|switch|p2b: Donphan|Donphan, L50, M|100\/100\n|move|p1b: Yue|Tera Blast|p2b: Donphan\n|-resisted|p2b: Donphan\n|-damage|p2b: Donphan|64\/100\n|move|p1a: Iroh|Flare Blitz|p2a: Drifblim\n|-damage|p2a: Drifblim|4\/100\n|-damage|p1a: Iroh|57\/100|[from] Recoil\n|move|p2a: Drifblim|Trick Room|p2a: Drifblim\n|-fieldstart|move: Trick Room|[of] p2a: Drifblim\n|-enditem|p2b: Donphan|Room Service\n|-unboost|p2b: Donphan|spe|1|[from] item: Room Service\n|\n|upkeep\n|turn|4\n|\n|t:|1683132741\n|switch|p1a: Toph|Bronzong, L50|100\/100\n|move|p1b: Yue|Protect|p1b: Yue\n|-singleturn|p1b: Yue|Protect\n|move|p2b: Donphan|High Horsepower|p1a: Toph\n|-immune|p1a: Toph|[from] ability: Levitate\n|move|p2a: Drifblim|Acrobatics|p1a: Toph\n|-resisted|p1a: Toph\n|-damage|p1a: Toph|90\/100\n|\n|-heal|p1a: Toph|96\/100|[from] item: Leftovers\n|upkeep\n|turn|5\n|l| thejordanvgc\n|\n|t:|1683132790\n|move|p2b: Donphan|High Horsepower|p1b: Yue\n|-supereffective|p1b: Yue\n|-damage|p1b: Yue|0 fnt\n|faint|p1b: Yue\n|-end|p1b: Yue|Protosynthesis|[silent]\n|move|p1a: Toph|Iron Defense|p1a: Toph\n|-boost|p1a: Toph|def|2\n|move|p2a: Drifblim|Acrobatics|p1a: Toph\n|-resisted|p1a: Toph\n|-damage|p1a: Toph|91\/100\n|\n|-heal|p1a: Toph|96\/100|[from] item: Leftovers\n|-fieldend|move: Psychic Terrain\n|upkeep\n|\n|t:|1683132802\n|switch|p1b: Iroh|Arcanine, L50, F|57\/100\n|-ability|p1b: Iroh|Intimidate|boost\n|-unboost|p2a: Drifblim|atk|1\n|-unboost|p2b: Donphan|atk|1\n|turn|6\n|j| thejordanvgc\n|\n|t:|1683132819\n|move|p2b: Donphan|High Horsepower|p1b: Iroh\n|-supereffective|p1b: Iroh\n|-damage|p1b: Iroh|0 fnt\n|faint|p1b: Iroh\n|move|p1a: Toph|Body Press|p2b: Donphan\n|-damage|p2b: Donphan|32\/100\n|move|p2a: Drifblim|Acrobatics|p1a: Toph\n|-resisted|p1a: Toph\n|-crit|p1a: Toph\n|-damage|p1a: Toph|73\/100\n|\n|-heal|p1a: Toph|79\/100|[from] item: Leftovers\n|upkeep\n|turn|7\n|l| thejordanvgc\n|\n|t:|1683132867\n|move|p2b: Donphan|Iron Head|p1a: Toph\n|-resisted|p1a: Toph\n|-damage|p1a: Toph|75\/100\n|move|p1a: Toph|Iron Defense|p1a: Toph\n|-boost|p1a: Toph|def|2\n|move|p2a: Drifblim|Acrobatics|p1a: Toph\n|-resisted|p1a: Toph\n|-damage|p1a: Toph|73\/100\n|\n|-heal|p1a: Toph|79\/100|[from] item: Leftovers\n|-fieldend|move: Trick Room\n|upkeep\n|turn|8\n|\n|t:|1683132892\n|move|p2a: Drifblim|Acrobatics|p1a: Toph\n|-resisted|p1a: Toph\n|-damage|p1a: Toph|76\/100\n|move|p1a: Toph|Iron Defense|p1a: Toph\n|-boost|p1a: Toph|def|2\n|move|p2b: Donphan|Ice Spinner|p1a: Toph\n|-resisted|p1a: Toph\n|-damage|p1a: Toph|73\/100\n|\n|-heal|p1a: Toph|79\/100|[from] item: Leftovers\n|upkeep\n|turn|9\n|j| thejordanvgc\n|\n|t:|1683132916\n|move|p2a: Drifblim|Acrobatics|p1a: Toph\n|-resisted|p1a: Toph\n|-damage|p1a: Toph|78\/100\n|move|p2b: Donphan|Iron Head|p1a: Toph\n|-resisted|p1a: Toph\n|-damage|p1a: Toph|75\/100\n|move|p1a: Toph|Trick Room|p1a: Toph\n|-fieldstart|move: Trick Room|[of] p1a: Toph\n|\n|-heal|p1a: Toph|81\/100|[from] item: Leftovers\n|upkeep\n|turn|10\n|\n|t:|1683132952\n|move|p2b: Donphan|Iron Head|p1a: Toph\n|-resisted|p1a: Toph\n|-damage|p1a: Toph|79\/100\n|cant|p1a: Toph|flinch\n|move|p2a: Drifblim|Trick Room|p2a: Drifblim\n|-fieldend|move: Trick Room\n|\n|-heal|p1a: Toph|84\/100|[from] item: Leftovers\n|upkeep\n|turn|11\n|\n|t:|1683132960\n|move|p2a: Drifblim|Imprison|p2a: Drifblim\n|-start|p2a: Drifblim|move: Imprison\n|move|p1a: Toph|Body Press|p2b: Donphan\n|-damage|p2b: Donphan|0 fnt\n|faint|p2b: Donphan\n|\n|-heal|p1a: Toph|90\/100|[from] item: Leftovers\n|upkeep\n|\n|t:|1683132968\n|switch|p2b: Flutter Mane|Flutter Mane, L50|100\/100\n|-enditem|p2b: Flutter Mane|Booster Energy\n|-activate|p2b: Flutter Mane|ability: Protosynthesis|[fromitem]\n|-start|p2b: Flutter Mane|protosynthesisspe\n|turn|12\n|\n|t:|1683132973\n|move|p2a: Drifblim|Acrobatics|p1a: Toph\n|-resisted|p1a: Toph\n|-damage|p1a: Toph|88\/100\n|move|p2b: Flutter Mane|Shadow Ball|p1a: Toph\n|-supereffective|p1a: Toph\n|-damage|p1a: Toph|30\/100\n|move|p1a: Toph|Gyro Ball|p2b: Flutter Mane\n|-supereffective|p2b: Flutter Mane\n|-damage|p2b: Flutter Mane|0 fnt\n|faint|p2b: Flutter Mane\n|-end|p2b: Flutter Mane|Protosynthesis|[silent]\n|\n|-heal|p1a: Toph|36\/100|[from] item: Leftovers\n|upkeep\n|\n|t:|1683132979\n|switch|p2b: Indeedee|Indeedee, L50, M, tera:Fairy|77\/100\n|-fieldstart|move: Psychic Terrain|[from] ability: Psychic Surge|[of] p2b: Indeedee\n|turn|13\n|\n|t:|1683133071\n|move|p2a: Drifblim|Acrobatics|p1a: Toph\n|-resisted|p1a: Toph\n|-damage|p1a: Toph|34\/100\n|move|p2b: Indeedee|Shadow Ball|p1a: Toph\n|-supereffective|p1a: Toph\n|-damage|p1a: Toph|0 fnt\n|faint|p1a: Toph\n|\n|win|PurpleStyle\n|l| thejordanvgc\n|c|\u2606Samax2599|gg\n|c|\u2606PurpleStyle|gg\n","uploadtime":1683133613,"views":37,"p1id":"samax2599","p2id":"purplestyle","formatid":"gen9vgc2023regulationc","rating":0,"private":0,"password":""}