{"id":"gen9vgc2023regulationc-1849064410","p1":"kolbalt","p2":"Aur0ra13","format":"[Gen 9] VGC 2023 Regulation C","log":"|j|\u2606kolbalt\n|j|\u2606Aur0ra13\n|t:|1682148278\n|gametype|doubles\n|player|p1|kolbalt|266|1146\n|player|p2|Aur0ra13|cynthia-gen4|1085\n|teamsize|p1|6\n|teamsize|p2|6\n|gen|9\n|tier|[Gen 9] VGC 2023 Regulation C\n|rated|\n|rule|Species Clause: Limit one of each Pok\u00e9mon\n|rule|Item Clause: Limit one of each item\n|clearpoke\n|poke|p1|Quaquaval, L50, M|\n|poke|p1|Farigiraf, L50, F|\n|poke|p1|Hatterene, L50, F|\n|poke|p1|Tyranitar, L50, F|\n|poke|p1|Lycanroc, L50, F|\n|poke|p1|Dragapult, L50, M|\n|poke|p2|Garchomp, L50, F|\n|poke|p2|Roaring Moon, L50|\n|poke|p2|Flutter Mane, L50|\n|poke|p2|Meowscarada, L50, F|\n|poke|p2|Torkoal, L50, F|\n|poke|p2|Iron Moth, L50|\n|teampreview|4\n|j| EV4Ever\nAur0ra13 rejected open team sheets.\n|\n|t:|1682148303\n|start\n|switch|p1a: Lycanroc|Lycanroc, L50, F|100\/100\n|switch|p1b: Dragapult|Dragapult, L50, M|100\/100\n|switch|p2a: Meowscarada|Meowscarada, L50, F|100\/100\n|switch|p2b: Torkoal|Torkoal, L50, F|100\/100\n|-weather|SunnyDay|[from] ability: Drought|[of] p2b: Torkoal\n|turn|1\n|\n|t:|1682148360\n|switch|p1b: Tyranitar|Tyranitar, L50, F|100\/100\n|-weather|Sandstorm|[from] ability: Sand Stream|[of] p1b: Tyranitar\n|switch|p2b: Flutter Mane|Flutter Mane, L50|100\/100\n|-terastallize|p2a: Meowscarada|Grass\n|-terastallize|p1a: Lycanroc|Flying\n|move|p1a: Lycanroc|Rock Slide|p2a: Meowscarada|[spread] p2a,p2b\n|-damage|p2a: Meowscarada|36\/100\n|-damage|p2b: Flutter Mane|16\/100\n|-damage|p1a: Lycanroc|90\/100|[from] item: Life Orb\n|move|p2a: Meowscarada|Flower Trick|p1a: Lycanroc\n|-resisted|p1a: Lycanroc\n|-crit|p1a: Lycanroc\n|-damage|p1a: Lycanroc|28\/100\n|\n|-weather|Sandstorm|[upkeep]\n|-damage|p2b: Flutter Mane|10\/100|[from] Sandstorm\n|-damage|p2a: Meowscarada|30\/100|[from] Sandstorm\n|upkeep\n|turn|2\n|\n|t:|1682148390\n|move|p1a: Lycanroc|Protect|p1a: Lycanroc\n|-singleturn|p1a: Lycanroc|Protect\n|move|p2b: Flutter Mane|Dazzling Gleam|p1a: Lycanroc|[spread] p1b\n|-activate|p1a: Lycanroc|move: Protect\n|-supereffective|p1b: Tyranitar\n|-damage|p1b: Tyranitar|62\/100\n|move|p2a: Meowscarada|Flower Trick|p1b: Tyranitar\n|-supereffective|p1b: Tyranitar\n|-crit|p1b: Tyranitar\n|-damage|p1b: Tyranitar|0 fnt\n|faint|p1b: Tyranitar\n|\n|-weather|Sandstorm|[upkeep]\n|-damage|p2b: Flutter Mane|4\/100|[from] Sandstorm\n|-damage|p2a: Meowscarada|24\/100|[from] Sandstorm\n|upkeep\n|c|\u2606kolbalt|waow\n|c|\u2606kolbalt|nice read\n|c|\u2606Aur0ra13|thx\n|\n|t:|1682148423\n|switch|p1b: Quaquaval|Quaquaval, L50, M|100\/100\n|turn|3\n|\n|t:|1682148436\n|-end|p2b: Flutter Mane|Protosynthesis|[silent]\n|switch|p2b: Torkoal|Torkoal, L50, F|100\/100\n|-weather|SunnyDay|[from] ability: Drought|[of] p2b: Torkoal\n|move|p2a: Meowscarada|Sucker Punch|p1a: Lycanroc\n|-damage|p1a: Lycanroc|0 fnt\n|faint|p1a: Lycanroc\n|move|p1b: Quaquaval|Aqua Step|p2a: Meowscarada\n|-resisted|p2a: Meowscarada\n|-damage|p2a: Meowscarada|6\/100\n|-boost|p1b: Quaquaval|spe|1\n|\n|-weather|SunnyDay|[upkeep]\n|upkeep\n|\n|t:|1682148446\n|switch|p1a: Dragapult|Dragapult, L50, M|100\/100\n|turn|4\n|inactive|Battle timer is ON: inactive players will automatically lose when time's up. (requested by Aur0ra13)\n|\n|t:|1682148495\n|move|p1b: Quaquaval|Aqua Jet|p2a: Meowscarada\n|-resisted|p2a: Meowscarada\n|-damage|p2a: Meowscarada|0 fnt\n|faint|p2a: Meowscarada\n|-ability|p1b: Quaquaval|Moxie|boost\n|-boost|p1b: Quaquaval|atk|1\n|move|p1a: Dragapult|Hydro Pump|p2b: Torkoal\n|-supereffective|p2b: Torkoal\n|-crit|p2b: Torkoal\n|-damage|p2b: Torkoal|13\/100\n|move|p2b: Torkoal|Will-O-Wisp|p1b: Quaquaval\n|-status|p1b: Quaquaval|brn\n|\n|-weather|SunnyDay|[upkeep]\n|-heal|p2b: Torkoal|20\/100|[from] item: Leftovers\n|-damage|p1b: Quaquaval|94\/100 brn|[from] brn\n|upkeep\n|\n|t:|1682148512\n|switch|p2a: Roaring Moon|Roaring Moon, L50|100\/100\n|-activate|p2a: Roaring Moon|ability: Protosynthesis\n|-start|p2a: Roaring Moon|protosynthesisatk\n|turn|5\n|\n|t:|1682148532\n|move|p1a: Dragapult|Hydro Pump|p2a: Roaring Moon\n|-resisted|p2a: Roaring Moon\n|-damage|p2a: Roaring Moon|88\/100\n|move|p1b: Quaquaval|Aqua Step|p2b: Torkoal\n|-supereffective|p2b: Torkoal\n|-damage|p2b: Torkoal|0 fnt\n|-boost|p1b: Quaquaval|spe|1\n|faint|p2b: Torkoal\n|-ability|p1b: Quaquaval|Moxie|boost\n|-boost|p1b: Quaquaval|atk|1\n|move|p2a: Roaring Moon|Crunch|p1a: Dragapult\n|-supereffective|p1a: Dragapult\n|-damage|p1a: Dragapult|0 fnt\n|faint|p1a: Dragapult\n|-damage|p2a: Roaring Moon|78\/100|[from] item: Life Orb\n|\n|-weather|SunnyDay|[upkeep]\n|-damage|p1b: Quaquaval|88\/100 brn|[from] brn\n|upkeep\n|\n|t:|1682148547\n|switch|p2b: Flutter Mane|Flutter Mane, L50|4\/100\n|-activate|p2b: Flutter Mane|ability: Protosynthesis\n|-start|p2b: Flutter Mane|protosynthesisspe\n|turn|6\n|c|\u2606Aur0ra13|gg\n|\n|t:|1682148565\n|move|p1b: Quaquaval|Aqua Jet|p2b: Flutter Mane\n|-damage|p2b: Flutter Mane|0 fnt\n|faint|p2b: Flutter Mane\n|-end|p2b: Flutter Mane|Protosynthesis|[silent]\n|-ability|p1b: Quaquaval|Moxie|boost\n|-boost|p1b: Quaquaval|atk|1\n|move|p2a: Roaring Moon|Iron Head|p1b: Quaquaval\n|-resisted|p1b: Quaquaval\n|-damage|p1b: Quaquaval|53\/100 brn\n|-damage|p2a: Roaring Moon|68\/100|[from] item: Life Orb\n|\n|-weather|SunnyDay|[upkeep]\n|-damage|p1b: Quaquaval|47\/100 brn|[from] brn\n|upkeep\n|turn|7\n|\n|t:|1682148577\n|move|p1b: Quaquaval|Close Combat|p2a: Roaring Moon\n|-supereffective|p2a: Roaring Moon\n|-damage|p2a: Roaring Moon|0 fnt\n|-unboost|p1b: Quaquaval|def|1\n|-unboost|p1b: Quaquaval|spd|1\n|faint|p2a: Roaring Moon\n|-end|p2a: Roaring Moon|Protosynthesis|[silent]\n|\n|win|kolbalt\n|raw|kolbalt's rating: 1146 → 1167<\/strong> (+21 for winning)\n|raw|Aur0ra13's rating: 1085 → 1066<\/strong> (-19 for losing)\n|c|\u2606kolbalt|gg\n|c|\u2606kolbalt|L\n|c|\u2606Aur0ra13|oh dang that speed\n","uploadtime":1682148588,"views":7,"p1id":"kolbalt","p2id":"aur0ra13","formatid":"gen9vgc2023regulationc","rating":1066,"private":0,"password":""}