{"id":"gen9vgc2023regulationc-1858294628","p1":"brood34","p2":"mafumafusimpsimp","format":"[Gen 9] VGC 2023 Regulation C","log":"|j|\u2606brood34\n|j|\u2606mafumafusimpsimp\n|t:|1683299379\n|gametype|doubles\n|player|p1|brood34|giovanni|1343\n|player|p2|mafumafusimpsimp|crasherwake|1434\n|teamsize|p1|6\n|teamsize|p2|6\n|gen|9\n|tier|[Gen 9] VGC 2023 Regulation C\n|rated|\n|rule|Species Clause: Limit one of each Pok\u00e9mon\n|rule|Item Clause: Limit one of each item\n|clearpoke\n|poke|p1|Kilowattrel, L50, M|\n|poke|p1|Great Tusk, L50|\n|poke|p1|Rotom-Heat, L50|\n|poke|p1|Palafin, L50, M|\n|poke|p1|Scizor, L50, M|\n|poke|p1|Amoonguss, L50, F|\n|poke|p2|Chien-Pao, L50|\n|poke|p2|Flutter Mane, L50|\n|poke|p2|Kingambit, L50, F|\n|poke|p2|Iron Hands, L50|\n|poke|p2|Iron Bundle, L50|\n|poke|p2|Amoonguss, L50, M|\n|teampreview|4\nmafumafusimpsimp has agreed to open team sheets.\n|inactive|Battle timer is ON: inactive players will automatically lose when time's up. (requested by brood34)\n|\n|t:|1683299438\n|start\n|switch|p1a: Kilowattrel|Kilowattrel, L50, M|100\/100\n|switch|p1b: Scizor|Scizor, L50, M|100\/100\n|switch|p2a: Iron Fumble|Iron Bundle, L50|100\/100\n|switch|p2b: Queen Gambit|Kingambit, L50, F|100\/100\n|turn|1\n|inactive|brood34 has 30 seconds left.\n|inactive|mafumafusimpsimp has 30 seconds left.\n|inactive|mafumafusimpsimp has 20 seconds left.\n|inactive|mafumafusimpsimp has 15 seconds left.\n|inactive|mafumafusimpsimp has 10 seconds left.\n|inactive|mafumafusimpsimp has 5 seconds left.\n|\n|t:|1683299488\n|-terastallize|p1b: Scizor|Steel\n|move|p1b: Scizor|Bullet Punch|p2a: Iron Fumble\n|-damage|p2a: Iron Fumble|35\/100\n|move|p2a: Iron Fumble|Freeze-Dry|p1a: Kilowattrel\n|-supereffective|p1a: Kilowattrel\n|-enditem|p1a: Kilowattrel|Focus Sash\n|-damage|p1a: Kilowattrel|1\/100\n|move|p1a: Kilowattrel|Discharge|p2a: Iron Fumble|[spread] p1b,p2a,p2b\n|-supereffective|p2a: Iron Fumble\n|-damage|p1b: Scizor|66\/100\n|-damage|p2a: Iron Fumble|0 fnt\n|-damage|p2b: Queen Gambit|74\/100\n|-status|p2b: Queen Gambit|par\n|faint|p2a: Iron Fumble\n|-end|p2a: Iron Fumble|Quark Drive|[silent]\n|cant|p2b: Queen Gambit|par\n|\n|upkeep\n|inactive|mafumafusimpsimp has 30 seconds left.\n|c|\u2606mafumafusimpsimp|bruh\n|\n|t:|1683299517\n|switch|p2a: Only Hands|Iron Hands, L50|100\/100\n|turn|2\n|c|\u2606brood34|happens to the best of us\n|c|\u2606mafumafusimpsimp|yuppers\n|c|\u2606mafumafusimpsimp|but im not the best of us lol\n|inactive|brood34 has 30 seconds left.\n|\n|t:|1683299543\n|cant|p2b: Queen Gambit|par\n|move|p1a: Kilowattrel|Tailwind|p1a: Kilowattrel\n|-sidestart|p1: brood34|move: Tailwind\n|move|p1b: Scizor|U-turn|p2b: Queen Gambit\n|-damage|p2b: Queen Gambit|43\/100 par\n|\n|t:|1683299549\n|switch|p1b: Great Tusk|Great Tusk, L50|100\/100|[from] U-turn\n|-enditem|p1b: Great Tusk|Booster Energy\n|-activate|p1b: Great Tusk|ability: Protosynthesis|[fromitem]\n|-start|p1b: Great Tusk|protosynthesisatk\n|move|p2a: Only Hands|Drain Punch|p1b: Great Tusk\n|-damage|p1b: Great Tusk|68\/100\n|\n|upkeep\n|turn|3\n|\n|t:|1683299565\n|-terastallize|p2b: Queen Gambit|Flying\n|move|p1a: Kilowattrel|Protect|p1a: Kilowattrel\n|-singleturn|p1a: Kilowattrel|Protect\n|move|p2a: Only Hands|Protect|p2a: Only Hands\n|-singleturn|p2a: Only Hands|Protect\n|move|p1b: Great Tusk|Earthquake|p2b: Queen Gambit|[spread] \n|-activate|p1a: Kilowattrel|move: Protect\n|-activate|p2a: Only Hands|move: Protect\n|-immune|p2b: Queen Gambit\n|move|p2b: Queen Gambit|Tera Blast|p1b: Great Tusk\n|-supereffective|p1b: Great Tusk\n|-damage|p1b: Great Tusk|0 fnt\n|faint|p1b: Great Tusk\n|-end|p1b: Great Tusk|Protosynthesis|[silent]\n|\n|upkeep\n|\n|t:|1683299580\n|switch|p1b: Rotom|Rotom-Heat, L50|100\/100\n|turn|4\n|\n|t:|1683299596\n|cant|p2b: Queen Gambit|par\n|move|p1a: Kilowattrel|Discharge|p2a: Only Hands|[spread] p1b,p2a,p2b\n|-resisted|p1b: Rotom\n|-resisted|p2a: Only Hands\n|-supereffective|p2b: Queen Gambit\n|-crit|p2b: Queen Gambit\n|-damage|p1b: Rotom|90\/100\n|-damage|p2a: Only Hands|90\/100\n|-damage|p2b: Queen Gambit|0 fnt\n|faint|p2b: Queen Gambit\n|move|p1b: Rotom|Will-O-Wisp|p2a: Only Hands\n|-status|p2a: Only Hands|brn\n|move|p2a: Only Hands|Drain Punch|p1b: Rotom\n|-damage|p1b: Rotom|67\/100\n|-heal|p2a: Only Hands|98\/100 brn|[from] drain|[of] p1b: Rotom\n|\n|-damage|p2a: Only Hands|92\/100 brn|[from] brn\n|upkeep\n|\n|t:|1683299603\n|switch|p2b: Cat|Chien-Pao, L50|100\/100\n|-ability|p2b: Cat|Sword of Ruin\n|turn|5\n|\n|t:|1683299623\n|move|p2b: Cat|Protect|p2b: Cat\n|-singleturn|p2b: Cat|Protect\n|move|p1a: Kilowattrel|Air Slash|p2a: Only Hands\n|-damage|p2a: Only Hands|63\/100 brn\n|move|p1b: Rotom|Overheat|p2b: Cat\n|-activate|p2b: Cat|move: Protect\n|cant|p2a: Only Hands|flinch\n|\n|-damage|p2a: Only Hands|57\/100 brn|[from] brn\n|-sideend|p1: brood34|move: Tailwind\n|upkeep\n|turn|6\n|c|\u2606brood34|i am so sorry\n|c|\u2606mafumafusimpsimp|lol\n|inactive|mafumafusimpsimp has 30 seconds left.\n|c|\u2606mafumafusimpsimp|sfine\n|\n|t:|1683299651\n|move|p2b: Cat|Sucker Punch||[still]\n|-fail|p2b: Cat\n|move|p1a: Kilowattrel|Tailwind|p1a: Kilowattrel\n|-sidestart|p1: brood34|move: Tailwind\n|move|p1b: Rotom|Overheat|p2b: Cat\n|-supereffective|p2b: Cat\n|-damage|p2b: Cat|0 fnt\n|-unboost|p1b: Rotom|spa|2\n|faint|p2b: Cat\n|move|p2a: Only Hands|Drain Punch|p1b: Rotom\n|-damage|p1b: Rotom|41\/100\n|-heal|p2a: Only Hands|65\/100 brn|[from] drain|[of] p1b: Rotom\n|\n|-damage|p2a: Only Hands|59\/100 brn|[from] brn\n|upkeep\n|turn|7\n|\n|t:|1683299669\n|move|p1a: Kilowattrel|Air Slash|p2a: Only Hands\n|-damage|p2a: Only Hands|32\/100 brn\n|move|p1b: Rotom|Overheat|p2a: Only Hands\n|-damage|p2a: Only Hands|12\/100 brn\n|-unboost|p1b: Rotom|spa|2\n|move|p2a: Only Hands|Drain Punch|p1b: Rotom\n|-damage|p1b: Rotom|16\/100\n|-heal|p2a: Only Hands|20\/100 brn|[from] drain|[of] p1b: Rotom\n|-enditem|p1b: Rotom|Iapapa Berry|[eat]\n|-heal|p1b: Rotom|50\/100|[from] item: Iapapa Berry\n|\n|-damage|p2a: Only Hands|14\/100 brn|[from] brn\n|upkeep\n|turn|8\n|inactive|brood34 has 30 seconds left.\n|\n|t:|1683299695\n|move|p1a: Kilowattrel|Air Slash|p2a: Only Hands\n|-damage|p2a: Only Hands|0 fnt\n|faint|p2a: Only Hands\n|-end|p2a: Only Hands|Quark Drive|[silent]\n|\n|win|brood34\n|raw|brood34's rating: 1343 → 1368<\/strong> (+25 for winning)\n|raw|mafumafusimpsimp's rating: 1434 → 1409<\/strong> (-25 for losing)\n|c|\u2606brood34|you deserve that more than i do\n|l|\u2606brood34\n","uploadtime":1683299717,"views":10,"p1id":"brood34","p2id":"mafumafusimpsimp","formatid":"gen9vgc2023regulationc","rating":1368,"private":0,"password":""}