{"id":"gen9vgc2023regulationc-1859487151","p1":"kunkun 4ever","p2":"shiftyyy","format":"[Gen 9] VGC 2023 Regulation C","log":"|j|\u2606kunkun 4ever\n|j|\u2606shiftyyy\n|t:|1683474716\n|gametype|doubles\n|player|p1|kunkun 4ever|pokemonbreeder|1396\n|player|p2|shiftyyy|clerkf|1504\n|teamsize|p1|6\n|teamsize|p2|6\n|gen|9\n|tier|[Gen 9] VGC 2023 Regulation C\n|rated|\n|rule|Species Clause: Limit one of each Pok\u00e9mon\n|rule|Item Clause: Limit one of each item\n|clearpoke\n|poke|p1|Torkoal, L50, M|\n|poke|p1|Jumpluff, L50, M|\n|poke|p1|Flutter Mane, L50|\n|poke|p1|Great Tusk, L50|\n|poke|p1|Chien-Pao, L50|\n|poke|p1|Kingambit, L50, M|\n|poke|p2|Flutter Mane, L50|\n|poke|p2|Iron Hands, L50|\n|poke|p2|Gyarados, L50, F|\n|poke|p2|Chi-Yu, L50|\n|poke|p2|Talonflame, L50, F|\n|poke|p2|Garchomp, L50, M|\n|teampreview|4\n|inactive|Battle timer is ON: inactive players will automatically lose when time's up. (requested by kunkun 4ever)\n|inactive|kunkun 4ever has 60 seconds left.\n|inactive|shiftyyy has 60 seconds left.\n|\n|t:|1683474765\n|start\n|switch|p1a: Great Tusk|Great Tusk, L50|100\/100\n|switch|p1b: Flutter Mane|Flutter Mane, L50|100\/100\n|switch|p2a: Iron Hands|Iron Hands, L50|100\/100\n|switch|p2b: Flutter Mane|Flutter Mane, L50|100\/100\n|turn|1\n|inactive|shiftyyy has 30 seconds left.\n|\n|t:|1683474793\n|-terastallize|p1a: Great Tusk|Fire\n|-terastallize|p2a: Iron Hands|Grass\n|move|p2a: Iron Hands|Fake Out|p1a: Great Tusk\n|-damage|p1a: Great Tusk|88\/100\n|cant|p1a: Great Tusk|flinch\n|move|p2b: Flutter Mane|Shadow Ball|p1b: Flutter Mane\n|-supereffective|p1b: Flutter Mane\n|-damage|p1b: Flutter Mane|0 fnt\n|faint|p1b: Flutter Mane\n|-end|p1b: Flutter Mane|Protosynthesis|[silent]\n|\n|upkeep\n|\n|t:|1683474808\n|switch|p1b: Chien-Pao|Chien-Pao, L50|100\/100\n|-ability|p1b: Chien-Pao|Sword of Ruin\n|turn|2\n|\n|t:|1683474833\n|-end|p2a: Iron Hands|Quark Drive|[silent]\n|switch|p2a: Chi-Yu|Chi-Yu, L50|100\/100\n|-ability|p2a: Chi-Yu|Beads of Ruin\n|move|p1a: Great Tusk|Headlong Rush|p2b: Flutter Mane\n|-damage|p2b: Flutter Mane|0 fnt\n|-unboost|p1a: Great Tusk|def|1\n|-unboost|p1a: Great Tusk|spd|1\n|faint|p2b: Flutter Mane\n|-end|p2b: Flutter Mane|Protosynthesis|[silent]\n|move|p1b: Chien-Pao|Ice Spinner|p2a: Chi-Yu\n|-resisted|p2a: Chi-Yu\n|-damage|p2a: Chi-Yu|68\/100\n|\n|-heal|p2a: Chi-Yu|75\/100|[from] item: Leftovers\n|upkeep\n|\n|t:|1683474851\n|switch|p2b: Talonflame|Talonflame, L50, F|100\/100\n|turn|3\n|\n|t:|1683474861\n|move|p1b: Chien-Pao|Protect|p1b: Chien-Pao\n|-singleturn|p1b: Chien-Pao|Protect\n|move|p2b: Talonflame|Tailwind|p2b: Talonflame\n|-sidestart|p2: shiftyyy|move: Tailwind\n|move|p2a: Chi-Yu|Dark Pulse|p1a: Great Tusk\n|-crit|p1a: Great Tusk\n|-damage|p1a: Great Tusk|0 fnt\n|faint|p1a: Great Tusk\n|-end|p1a: Great Tusk|Protosynthesis|[silent]\n|\n|-heal|p2a: Chi-Yu|81\/100|[from] item: Leftovers\n|upkeep\n|\n|t:|1683474865\n|switch|p1a: Kingambit|Kingambit, L50, M, shiny|100\/100\n|turn|4\n|inactive|shiftyyy has 30 seconds left.\n|\n|t:|1683474892\n|move|p1b: Chien-Pao|Sucker Punch|p2a: Chi-Yu\n|-resisted|p2a: Chi-Yu\n|-damage|p2a: Chi-Yu|55\/100\n|move|p1a: Kingambit|Sucker Punch|p2a: Chi-Yu\n|-resisted|p2a: Chi-Yu\n|-damage|p2a: Chi-Yu|25\/100\n|move|p2b: Talonflame|Will-O-Wisp|p1a: Kingambit\n|-status|p1a: Kingambit|brn\n|move|p2a: Chi-Yu|Heat Wave|p1b: Chien-Pao|[spread] p1a,p1b\n|-supereffective|p1a: Kingambit\n|-supereffective|p1b: Chien-Pao\n|-damage|p1a: Kingambit|37\/100 brn\n|-enditem|p1b: Chien-Pao|Focus Sash\n|-damage|p1b: Chien-Pao|1\/100\n|\n|-heal|p2a: Chi-Yu|31\/100|[from] item: Leftovers\n|-damage|p1a: Kingambit|31\/100 brn|[from] brn\n|upkeep\n|turn|5\n|-message|kunkun 4ever forfeited.\n|\n|win|shiftyyy\n|raw|kunkun 4ever's rating: 1396 → 1382<\/strong> (-14 for losing)\n|raw|shiftyyy's rating: 1504 → 1518<\/strong> (+14 for winning)\n|l|\u2606kunkun 4ever\n","uploadtime":1683474913,"views":9,"p1id":"kunkun4ever","p2id":"shiftyyy","formatid":"gen9vgc2023regulationc","rating":1382,"private":0,"password":""}