{"id":"gen9vgc2023regulationc-1859736395","p1":"bgcfranky","p2":"Allien19","format":"[Gen 9] VGC 2023 Regulation C","log":"|j|\u2606bgcfranky\n|j|\u2606Allien19\n|t:|1683560285\n|gametype|doubles\n|player|p1|bgcfranky|rocketgrunt|1188\n|player|p2|Allien19|ethan|1238\n|teamsize|p1|6\n|teamsize|p2|6\n|gen|9\n|tier|[Gen 9] VGC 2023 Regulation C\n|rated|\n|rule|Species Clause: Limit one of each Pok\u00e9mon\n|rule|Item Clause: Limit one of each item\n|clearpoke\n|poke|p1|Volcarona, L50, F|\n|poke|p1|Wo-Chien, L50|\n|poke|p1|Grimmsnarl, L50, M|\n|poke|p1|Iron Hands, L50|\n|poke|p1|Slowking, L50, F|\n|poke|p1|Salamence, L50, M|\n|poke|p2|Murkrow, L50, M|\n|poke|p2|Clodsire, L50, M|\n|poke|p2|Gallade, L50, M|\n|poke|p2|Gholdengo, L50|\n|poke|p2|Gyarados, L50, M|\n|poke|p2|Tauros-Paldea-Blaze, L50, M|\n|teampreview|4\n|inactive|Battle timer is ON: inactive players will automatically lose when time's up. (requested by Allien19)\n|inactive|bgcfranky has 60 seconds left.\n|inactive|Allien19 has 60 seconds left.\n|\n|t:|1683560335\n|start\n|switch|p1a: Iron Hands|Iron Hands, L50|100\/100\n|switch|p1b: Slowking|Slowking, L50, F|100\/100\n|switch|p2a: Murkrow|Murkrow, L50, M|100\/100\n|switch|p2b: Gholdengo|Gholdengo, L50|100\/100\n|turn|1\n|\n|t:|1683560361\n|-terastallize|p1b: Slowking|Water\n|move|p1a: Iron Hands|Fake Out|p2a: Murkrow\n|-damage|p2a: Murkrow|82\/100\n|move|p2b: Gholdengo|Nasty Plot|p2b: Gholdengo\n|-boost|p2b: Gholdengo|spa|2\n|cant|p2a: Murkrow|flinch\n|move|p1b: Slowking|Trick Room|p1b: Slowking\n|-fieldstart|move: Trick Room|[of] p1b: Slowking\n|\n|upkeep\n|turn|2\n|\n|t:|1683560382\n|-terastallize|p2b: Gholdengo|Steel\n|move|p2a: Murkrow|Quash|p1a: Iron Hands\n|-activate|p1a: Iron Hands|move: Quash\n|move|p1b: Slowking|Hydro Pump|p2b: Gholdengo\n|-damage|p2b: Gholdengo|17\/100\n|move|p2b: Gholdengo|Make It Rain|p1b: Slowking|[spread] p1a,p1b\n|-resisted|p1a: Iron Hands\n|-resisted|p1b: Slowking\n|-damage|p1a: Iron Hands|55\/100\n|-damage|p1b: Slowking|53\/100\n|-unboost|p2b: Gholdengo|spa|1\n|move|p1a: Iron Hands|Thunder Punch|p2b: Gholdengo\n|-damage|p2b: Gholdengo|0 fnt\n|faint|p2b: Gholdengo\n|\n|upkeep\n|\n|t:|1683560400\n|switch|p2b: Tauros|Tauros-Paldea-Blaze, L50, M|100\/100\n|-ability|p2b: Tauros|Intimidate|boost\n|-unboost|p1a: Iron Hands|atk|1\n|-unboost|p1b: Slowking|atk|1\n|turn|3\n|\n|t:|1683560412\n|move|p2b: Tauros|Protect|p2b: Tauros\n|-singleturn|p2b: Tauros|Protect\n|move|p1b: Slowking|Heal Pulse|p1a: Iron Hands\n|-heal|p1a: Iron Hands|100\/100\n|move|p1a: Iron Hands|Thunder Punch|p2a: Murkrow\n|-supereffective|p2a: Murkrow\n|-damage|p2a: Murkrow|20\/100\n|move|p2a: Murkrow|Foul Play|p1b: Slowking\n|-damage|p1b: Slowking|41\/100\n|\n|upkeep\n|turn|4\n|\n|t:|1683560434\n|switch|p1b: Salamence|Salamence, L50, M, shiny|100\/100\n|-ability|p1b: Salamence|Intimidate|boost\n|-unboost|p2a: Murkrow|atk|1\n|-unboost|p2b: Tauros|atk|1\n|-enditem|p2b: Tauros|Eject Pack\n|\n|t:|1683560439\n|switch|p2b: Gallade|Gallade, L50, M|100\/100\n|move|p2a: Murkrow|Quash||[still]\n|-fail|p2a: Murkrow\n|move|p1a: Iron Hands|Belly Drum|p1a: Iron Hands\n|-damage|p1a: Iron Hands|51\/100\n|-setboost|p1a: Iron Hands|atk|6|[from] move: Belly Drum\n|\n|upkeep\n|turn|5\n|\n|t:|1683560459\n|move|p2b: Gallade|Protect|p2b: Gallade\n|-singleturn|p2b: Gallade|Protect\n|move|p2a: Murkrow|Haze|p2a: Murkrow\n|-clearallboost\n|move|p1a: Iron Hands|Drain Punch|p2b: Gallade\n|-activate|p2b: Gallade|move: Protect\n|move|p1b: Salamence|Tailwind|p1b: Salamence\n|-sidestart|p1: bgcfranky|move: Tailwind\n|\n|-fieldend|move: Trick Room\n|upkeep\n|turn|6\n|\n|t:|1683560478\n|move|p2a: Murkrow|Tailwind|p2a: Murkrow\n|-sidestart|p2: Allien19|move: Tailwind\n|move|p2b: Gallade|Psycho Cut|p1a: Iron Hands\n|-supereffective|p1a: Iron Hands\n|-crit|p1a: Iron Hands\n|-damage|p1a: Iron Hands|0 fnt\n|faint|p1a: Iron Hands\n|-end|p1a: Iron Hands|Quark Drive|[silent]\n|move|p1b: Salamence|Air Slash|p2b: Gallade\n|-supereffective|p2b: Gallade\n|-damage|p2b: Gallade|3\/100\n|-damage|p1b: Salamence|91\/100|[from] item: Life Orb\n|\n|upkeep\n|\n|t:|1683560488\n|switch|p1a: Grimmsnarl|Grimmsnarl, L50, M, shiny|100\/100\n|turn|7\n|\n|t:|1683560500\n|switch|p2a: Tauros|Tauros-Paldea-Blaze, L50, M|100\/100\n|-ability|p2a: Tauros|Intimidate|boost\n|-unboost|p1a: Grimmsnarl|atk|1\n|-unboost|p1b: Salamence|atk|1\n|move|p1a: Grimmsnarl|Fake Out|p2b: Gallade\n|-damage|p2b: Gallade|0 fnt\n|faint|p2b: Gallade\n|move|p1b: Salamence|Air Slash|p2a: Tauros\n|-supereffective|p2a: Tauros\n|-damage|p2a: Tauros|0 fnt\n|faint|p2a: Tauros\n|-damage|p1b: Salamence|81\/100|[from] item: Life Orb\n|\n|upkeep\n|-message|Allien19 forfeited.\n|\n|win|bgcfranky\n|raw|bgcfranky's rating: 1188 → 1217<\/strong> (+29 for winning)\n|raw|Allien19's rating: 1238 → 1209<\/strong> (-29 for losing)\n|l|\u2606Allien19\n","uploadtime":1683560517,"views":14,"p1id":"bgcfranky","p2id":"allien19","formatid":"gen9vgc2023regulationc","rating":1209,"private":0,"password":""}