{"id":"gen9vgc2023regulationc-1861915714","p1":"Nehzzy","p2":"trashy pup","format":"[Gen 9] VGC 2023 Regulation C","log":"|j|\u2606Nehzzy\n|j|\u2606trashy pup\n|t:|1683820446\n|gametype|doubles\n|player|p1|Nehzzy|steven|1302\n|player|p2|trashy pup|fisherman-gen4|1253\n|teamsize|p1|6\n|teamsize|p2|6\n|gen|9\n|tier|[Gen 9] VGC 2023 Regulation C\n|rated|\n|rule|Species Clause: Limit one of each Pok\u00e9mon\n|rule|Item Clause: Limit one of each item\n|clearpoke\n|poke|p1|Amoonguss, L50, M|\n|poke|p1|Gyarados, L50, F|\n|poke|p1|Murkrow, L50, M|\n|poke|p1|Great Tusk, L50|\n|poke|p1|Flutter Mane, L50|\n|poke|p1|Gholdengo, L50|\n|poke|p2|Iron Jugulis, L50|\n|poke|p2|Amoonguss, L50, M|\n|poke|p2|Arcanine, L50, F|\n|poke|p2|Gyarados, L50, M|\n|poke|p2|Baxcalibur, L50, M|\n|poke|p2|Flutter Mane, L50|\n|teampreview|4\nNehzzy has agreed to open team sheets.\ntrashy pup rejected open team sheets.\n|inactive|Battle timer is ON: inactive players will automatically lose when time's up. (requested by Nehzzy)\n|\n|t:|1683820513\n|start\n|switch|p1a: Flutter Mane|Flutter Mane, L50|100\/100\n|switch|p1b: Murkrow|Murkrow, L50, M|100\/100\n|switch|p2a: Iron Jugulis|Iron Jugulis, L50|100\/100\n|switch|p2b: Arcanine|Arcanine, L50, F|100\/100\n|-ability|p2b: Arcanine|Intimidate|boost\n|-unboost|p1a: Flutter Mane|atk|1\n|-unboost|p1b: Murkrow|atk|1\n|-enditem|p2a: Iron Jugulis|Booster Energy\n|-activate|p2a: Iron Jugulis|ability: Quark Drive|[fromitem]\n|-start|p2a: Iron Jugulis|quarkdrivespe\n|turn|1\n|\n|t:|1683820531\n|-terastallize|p2a: Iron Jugulis|Poison\n|move|p1b: Murkrow|Tailwind|p1b: Murkrow\n|-sidestart|p1: Nehzzy|move: Tailwind\n|move|p1a: Flutter Mane|Mystical Fire|p2a: Iron Jugulis\n|-damage|p2a: Iron Jugulis|55\/100\n|-unboost|p2a: Iron Jugulis|spa|1\n|move|p2a: Iron Jugulis|Tailwind|p2a: Iron Jugulis\n|-sidestart|p2: trashy pup|move: Tailwind\n|move|p2b: Arcanine|Flare Blitz|p1a: Flutter Mane\n|-damage|p1a: Flutter Mane|10\/100\n|-damage|p2b: Arcanine|79\/100|[from] Recoil\n|\n|upkeep\n|turn|2\n|inactive|Nehzzy has 30 seconds left.\n|inactive|Nehzzy has 20 seconds left.\n|\n|t:|1683820567\n|-end|p1a: Flutter Mane|Protosynthesis|[silent]\n|switch|p1a: Great Tusk|Great Tusk, L50|100\/100\n|move|p2a: Iron Jugulis|Air Cutter|p1a: Great Tusk|[spread] p1a,p1b\n|-supereffective|p1a: Great Tusk\n|-crit|p1a: Great Tusk\n|-damage|p1a: Great Tusk|16\/100\n|-damage|p1b: Murkrow|87\/100\n|move|p2b: Arcanine|Flare Blitz|p1a: Great Tusk\n|-damage|p1a: Great Tusk|0 fnt\n|faint|p1a: Great Tusk\n|-end|p1a: Great Tusk|Protosynthesis|[silent]\n|-damage|p2b: Arcanine|73\/100|[from] Recoil\n|move|p1b: Murkrow|Foul Play|p2b: Arcanine\n|-damage|p2b: Arcanine|24\/100\n|\n|upkeep\n|\n|t:|1683820585\n|switch|p1a: Gholdengo|Gholdengo, L50|100\/100\n|turn|3\n|\n|t:|1683820594\n|-terastallize|p1a: Gholdengo|Water\n|move|p2a: Iron Jugulis|Dark Pulse|p1a: Gholdengo\n|-damage|p1a: Gholdengo|76\/100\n|move|p2b: Arcanine|Flare Blitz|p1a: Gholdengo\n|-resisted|p1a: Gholdengo\n|-damage|p1a: Gholdengo|53\/100\n|-damage|p2b: Arcanine|16\/100|[from] Recoil\n|move|p1b: Murkrow|Foul Play|p2a: Iron Jugulis\n|-damage|p2a: Iron Jugulis|33\/100\n|cant|p1a: Gholdengo|flinch\n|\n|-heal|p1a: Gholdengo|59\/100|[from] item: Leftovers\n|upkeep\n|turn|4\n|\n|t:|1683820616\n|move|p1b: Murkrow|Sunny Day|p1b: Murkrow\n|-weather|SunnyDay\n|move|p2a: Iron Jugulis|Dark Pulse|p1a: Gholdengo\n|-damage|p1a: Gholdengo|37\/100\n|move|p2b: Arcanine|Flare Blitz|p1a: Gholdengo\n|-resisted|p1a: Gholdengo\n|-damage|p1a: Gholdengo|4\/100\n|-damage|p2b: Arcanine|4\/100|[from] Recoil\n|cant|p1a: Gholdengo|flinch\n|\n|-weather|SunnyDay|[upkeep]\n|-heal|p1a: Gholdengo|10\/100|[from] item: Leftovers\n|-sideend|p1: Nehzzy|move: Tailwind\n|-sideend|p2: trashy pup|move: Tailwind\n|upkeep\n|turn|5\n|c|\u2606Nehzzy|Bruh\n|c|\u2606trashy pup|im lucky ngl\n|\n|t:|1683820641\n|switch|p1a: Flutter Mane|Flutter Mane, L50|10\/100\n|-activate|p1a: Flutter Mane|ability: Protosynthesis\n|-start|p1a: Flutter Mane|protosynthesisspa\n|move|p1b: Murkrow|Tailwind|p1b: Murkrow\n|-sidestart|p1: Nehzzy|move: Tailwind\n|move|p2a: Iron Jugulis|Air Cutter|p1b: Murkrow|[spread] p1a,p1b\n|-damage|p1a: Flutter Mane|0 fnt\n|-damage|p1b: Murkrow|74\/100\n|faint|p1a: Flutter Mane\n|-end|p1a: Flutter Mane|Protosynthesis|[silent]\n|move|p2b: Arcanine|Flare Blitz|p1b: Murkrow\n|-damage|p1b: Murkrow|2\/100\n|-damage|p2b: Arcanine|0 fnt|[from] Recoil\n|faint|p2b: Arcanine\n|\n|-weather|SunnyDay|[upkeep]\n|upkeep\n|\n|t:|1683820657\n|switch|p1a: Gholdengo|Gholdengo, L50, tera:Water|10\/100\n|switch|p2b: Gyarados|Gyarados, L50, M|100\/100\n|-ability|p2b: Gyarados|Intimidate|boost\n|-unboost|p1a: Gholdengo|atk|1\n|-unboost|p1b: Murkrow|atk|1\n|turn|6\n|c|\u2606Nehzzy|It happens\n|c|\u2606Nehzzy|ggs dude\n|c|\u2606trashy pup|gg\n|\n|t:|1683820677\n|move|p2a: Iron Jugulis|Air Cutter|p1b: Murkrow|[spread] p1a,p1b\n|-damage|p1a: Gholdengo|0 fnt\n|-damage|p1b: Murkrow|0 fnt\n|faint|p1a: Gholdengo\n|faint|p1b: Murkrow\n|\n|win|trashy pup\n|raw|Nehzzy's rating: 1302 → 1279<\/strong> (-23 for losing)\n|raw|trashy pup's rating: 1253 → 1282<\/strong> (+29 for winning)\n|l|\u2606Nehzzy\n|l|\u2606trashy pup\n|j|\u2606Nehzzy\n|player|p1|Nehzzy|steven\n","uploadtime":1683820716,"views":11,"p1id":"nehzzy","p2id":"trashypup","formatid":"gen9vgc2023regulationc","rating":1279,"private":0,"password":""}