{"id":"gen9vgc2023regulationc-1858664657","p1":"FatherFondler","p2":"r2vgc","format":"[Gen 9] VGC 2023 Regulation C","log":"|j|\u2606FatherFondler\n|j|\u2606r2vgc\n|t:|1683339382\n|gametype|doubles\n|player|p1|FatherFondler|red|1115\n|player|p2|r2vgc|266|1185\n|teamsize|p1|6\n|teamsize|p2|6\n|gen|9\n|tier|[Gen 9] VGC 2023 Regulation C\n|rated|\n|rule|Species Clause: Limit one of each Pok\u00e9mon\n|rule|Item Clause: Limit one of each item\n|clearpoke\n|poke|p1|Torkoal, L50, M|\n|poke|p1|Slowpoke, L50, F|\n|poke|p1|Indeedee-F, L50, F|\n|poke|p1|Kingambit, L50, M|\n|poke|p1|Ting-Lu, L50|\n|poke|p1|Iron Hands, L50|\n|poke|p2|Maushold-Four, L50|\n|poke|p2|Annihilape, L50, F|\n|poke|p2|Gholdengo, L50|\n|poke|p2|Murkrow, L50, F|\n|poke|p2|Garchomp, L50, F|\n|poke|p2|Gyarados, L50, M|\n|teampreview|4\nr2vgc has agreed to open team sheets.\n|inactive|Battle timer is ON: inactive players will automatically lose when time's up. (requested by FatherFondler)\nFatherFondler has agreed to open team sheets.\n|inactive|r2vgc has 60 seconds left.\n|\n|t:|1683339442\n|start\n|switch|p1a: Slowpoke|Slowpoke, L50, F|100\/100\n|switch|p1b: Indeedee|Indeedee-F, L50, F|100\/100\n|switch|p2a: Garchomp|Garchomp, L50, F|100\/100\n|switch|p2b: Gyarados|Gyarados, L50, M, shiny|100\/100\n|-ability|p2b: Gyarados|Intimidate|boost\n|-fail|p1a: Slowpoke|unboost|Attack|[from] ability: Oblivious|[of] p1a: Slowpoke\n|-unboost|p1b: Indeedee|atk|1\n|-fieldstart|move: Psychic Terrain|[from] ability: Psychic Surge|[of] p1b: Indeedee\n|turn|1\n|c|\u2606FatherFondler|your the first non fluttermane, palafin, amongus team ive faced today\n|c|\u2606FatherFondler|thankyou for having a good creative team\n|\n|t:|1683339459\n|move|p1b: Indeedee|Follow Me|p1b: Indeedee\n|-singleturn|p1b: Indeedee|move: Follow Me\n|move|p2a: Garchomp|Earthquake|p1a: Slowpoke|[spread] p1a,p1b\n|-immune|p2b: Gyarados\n|-damage|p1a: Slowpoke|73\/100\n|-damage|p1b: Indeedee|60\/100\n|-enditem|p1b: Indeedee|Eject Button\n|\n|t:|1683339475\n|switch|p1b: Torkoal|Torkoal, L50, M|100\/100\n|-weather|SunnyDay|[from] ability: Drought|[of] p1b: Torkoal\n|move|p2b: Gyarados|Taunt|p1a: Slowpoke\n|-immune|p1a: Slowpoke|[from] ability: Oblivious\n|move|p1a: Slowpoke|Trick Room|p1a: Slowpoke\n|-fieldstart|move: Trick Room|[of] p1a: Slowpoke\n|\n|-weather|SunnyDay|[upkeep]\n|upkeep\n|turn|2\n|\n|t:|1683339497\n|-terastallize|p1b: Torkoal|Fire\n|move|p1a: Slowpoke|Surf|p2a: Garchomp|[spread] p1b,p2a,p2b\n|-supereffective|p1b: Torkoal\n|-resisted|p2b: Gyarados\n|-damage|p1b: Torkoal|88\/100\n|-damage|p2a: Garchomp|96\/100\n|-damage|p2b: Gyarados|99\/100\n|-enditem|p1b: Torkoal|Weakness Policy\n|-boost|p1b: Torkoal|atk|2|[from] item: Weakness Policy\n|-boost|p1b: Torkoal|spa|2|[from] item: Weakness Policy\n|move|p1b: Torkoal|Eruption|p2b: Gyarados|[spread] p2a,p2b\n|-resisted|p2a: Garchomp\n|-resisted|p2b: Gyarados\n|-damage|p2a: Garchomp|16\/100\n|-damage|p2b: Gyarados|41\/100\n|-enditem|p2b: Gyarados|Sitrus Berry|[eat]\n|-heal|p2b: Gyarados|65\/100|[from] item: Sitrus Berry\n|move|p2b: Gyarados|Iron Head|p1a: Slowpoke\n|-resisted|p1a: Slowpoke\n|-damage|p1a: Slowpoke|63\/100\n|move|p2a: Garchomp|Earthquake|p1b: Torkoal|[spread] p1a,p1b\n|-immune|p2b: Gyarados\n|-supereffective|p1b: Torkoal\n|-damage|p1a: Slowpoke|33\/100\n|-damage|p1b: Torkoal|17\/100\n|\n|-weather|SunnyDay|[upkeep]\n|upkeep\n|turn|3\n|inactive|r2vgc has 30 seconds left.\n|\n|t:|1683339524\n|move|p2a: Garchomp|Protect|p2a: Garchomp\n|-singleturn|p2a: Garchomp|Protect\n|move|p1a: Slowpoke|Heal Pulse|p1b: Torkoal\n|-heal|p1b: Torkoal|67\/100\n|move|p1b: Torkoal|Eruption|p2a: Garchomp|[spread] p2b\n|-activate|p2a: Garchomp|move: Protect\n|-resisted|p2b: Gyarados\n|-damage|p2b: Gyarados|18\/100\n|move|p2b: Gyarados|Iron Head|p1b: Torkoal\n|-resisted|p1b: Torkoal\n|-damage|p1b: Torkoal|56\/100\n|\n|-weather|SunnyDay|[upkeep]\n|upkeep\n|turn|4\n|\n|t:|1683339547\n|move|p1a: Slowpoke|Heal Pulse|p1b: Torkoal\n|-heal|p1b: Torkoal|100\/100\n|move|p1b: Torkoal|Eruption|p2b: Gyarados|[spread] p2a,p2b\n|-resisted|p2a: Garchomp\n|-crit|p2a: Garchomp\n|-resisted|p2b: Gyarados\n|-damage|p2a: Garchomp|0 fnt\n|-damage|p2b: Gyarados|0 fnt\n|faint|p2a: Garchomp\n|faint|p2b: Gyarados\n|\n|-weather|SunnyDay|[upkeep]\n|upkeep\n|\n|t:|1683339560\n|switch|p2b: Panda|Annihilape, L50, F|100\/100\n|switch|p2a: Gholdengo|Gholdengo, L50|100\/100\n|turn|5\n|\n|t:|1683339573\n|move|p1a: Slowpoke|Helping Hand|p1b: Torkoal\n|-singleturn|p1b: Torkoal|Helping Hand|[of] p1a: Slowpoke\n|move|p1b: Torkoal|Eruption|p2b: Panda|[spread] p2a,p2b\n|-supereffective|p2a: Gholdengo\n|-crit|p2a: Gholdengo\n|-damage|p2a: Gholdengo|0 fnt\n|-damage|p2b: Panda|0 fnt\n|faint|p2a: Gholdengo\n|faint|p2b: Panda\n|\n|win|FatherFondler\n|raw|FatherFondler's rating: 1115 → 1145<\/strong> (+30 for winning)\n|raw|r2vgc's rating: 1185 → 1155<\/strong> (-30 for losing)\n","uploadtime":1683339580,"views":7,"p1id":"fatherfondler","p2id":"r2vgc","formatid":"gen9vgc2023regulationc","rating":1145,"private":0,"password":""}