{"id":"gen9vgc2023regulationc-1859354837","p1":"Freischieb","p2":"Raderph","format":"[Gen 9] VGC 2023 Regulation C","log":"|j|\u2606Freischieb\n|j|\u2606Raderph\n|t:|1683444761\n|gametype|doubles\n|player|p1|Freischieb|266|\n|player|p2|Raderph|hiker|\n|teamsize|p1|6\n|teamsize|p2|6\n|gen|9\n|tier|[Gen 9] VGC 2023 Regulation C\n|rule|Species Clause: Limit one of each Pok\u00e9mon\n|rule|Item Clause: Limit one of each item\n|clearpoke\n|poke|p1|Arcanine, L50, M|\n|poke|p1|Chien-Pao, L50|\n|poke|p1|Mabosstiff, L50, F|\n|poke|p1|Drifblim, L50, F|\n|poke|p1|Lycanroc-Dusk, L50, F|\n|poke|p1|Staraptor, L50, F|\n|poke|p2|Great Tusk, L50|\n|poke|p2|Oricorio-Pom-Pom, L50, M|\n|poke|p2|Volcarona, L50, F|\n|poke|p2|Iron Valiant, L50|\n|poke|p2|Dragalge, L50, F|\n|poke|p2|Haunter, L50, M|\n|teampreview|4\nFreischieb has agreed to open team sheets.\nRaderph has agreed to open team sheets.\n|\n|t:|1683444829\n|start\n|switch|p1a: Lycanroc|Lycanroc-Dusk, L50, F|100\/100\n|switch|p1b: Staraptor|Staraptor, L50, F|100\/100\n|switch|p2a: BE THE KING|Great Tusk, L50|100\/100\n|switch|p2b: n3w_makr.scop|Haunter, L50, M|100\/100\n|turn|1\n|\n|t:|1683444907\n|move|p1a: Lycanroc|Protect|p1a: Lycanroc\n|-singleturn|p1a: Lycanroc|Protect\n|move|p1b: Staraptor|Brave Bird|p2b: n3w_makr.scop\n|-damage|p2b: n3w_makr.scop|0 fnt\n|faint|p2b: n3w_makr.scop\n|-damage|p1b: Staraptor|76\/100|[from] Recoil\n|move|p2a: BE THE KING|Rock Slide|p1b: Staraptor|[spread] p1b\n|-activate|p1a: Lycanroc|move: Protect\n|-supereffective|p1b: Staraptor\n|-damage|p1b: Staraptor|23\/100\n|\n|upkeep\n|\n|t:|1683444919\n|switch|p2b: PERFECT KNIGHTMARE|Iron Valiant, L50|100\/100\n|-enditem|p2b: PERFECT KNIGHTMARE|Booster Energy\n|-activate|p2b: PERFECT KNIGHTMARE|ability: Quark Drive|[fromitem]\n|-start|p2b: PERFECT KNIGHTMARE|quarkdrivespe\n|turn|2\n|\n|t:|1683444948\n|switch|p1a: Mabosstiff|Mabosstiff, L50, F|100\/100\n|-ability|p1a: Mabosstiff|Intimidate|boost\n|-fail|p2a: BE THE KING|unboost|[from] item: Clear Amulet|[of] p2a: BE THE KING\n|-unboost|p2b: PERFECT KNIGHTMARE|atk|1\n|-terastallize|p2b: PERFECT KNIGHTMARE|Steel\n|move|p2b: PERFECT KNIGHTMARE|Aura Sphere|p1a: Mabosstiff\n|-supereffective|p1a: Mabosstiff\n|-damage|p1a: Mabosstiff|41\/100\n|move|p1b: Staraptor|Brave Bird|p2a: BE THE KING\n|-supereffective|p2a: BE THE KING\n|-damage|p2a: BE THE KING|11\/100\n|-damage|p1b: Staraptor|0 fnt|[from] Recoil\n|faint|p1b: Staraptor\n|move|p2a: BE THE KING|Rock Slide|p1a: Mabosstiff\n|-damage|p1a: Mabosstiff|17\/100\n|\n|upkeep\n|\n|t:|1683444975\n|switch|p1b: Chien-Pao|Chien-Pao, L50|100\/100\n|-ability|p1b: Chien-Pao|Sword of Ruin\n|turn|3\n|\n|t:|1683445104\n|-terastallize|p1b: Chien-Pao|Ghost\n|move|p2b: PERFECT KNIGHTMARE|Thunderbolt|p1b: Chien-Pao\n|-damage|p1b: Chien-Pao|48\/100\n|move|p1b: Chien-Pao|Brick Break|p2b: PERFECT KNIGHTMARE\n|-supereffective|p2b: PERFECT KNIGHTMARE\n|-damage|p2b: PERFECT KNIGHTMARE|7\/100\n|move|p2a: BE THE KING|Rock Slide|p1b: Chien-Pao|[spread] p1a,p1b\n|-damage|p1a: Mabosstiff|0 fnt\n|-damage|p1b: Chien-Pao|23\/100\n|faint|p1a: Mabosstiff\n|\n|upkeep\n|\n|t:|1683445114\n|switch|p1a: Lycanroc|Lycanroc-Dusk, L50, F|100\/100\n|turn|4\n|\n|t:|1683445153\n|move|p1b: Chien-Pao|Protect|p1b: Chien-Pao\n|-singleturn|p1b: Chien-Pao|Protect\n|move|p2b: PERFECT KNIGHTMARE|Quick Guard|p2b: PERFECT KNIGHTMARE\n|-singleturn|p2b: PERFECT KNIGHTMARE|Quick Guard\n|move|p1a: Lycanroc|Rock Slide|p2b: PERFECT KNIGHTMARE|[spread] p2a,p2b\n|-resisted|p2a: BE THE KING\n|-resisted|p2b: PERFECT KNIGHTMARE\n|-damage|p2a: BE THE KING|5\/100\n|-damage|p2b: PERFECT KNIGHTMARE|0 fnt\n|faint|p2b: PERFECT KNIGHTMARE\n|-end|p2b: PERFECT KNIGHTMARE|Quark Drive|[silent]\n|move|p2a: BE THE KING|Rock Slide|p1a: Lycanroc|[spread] p1a\n|-activate|p1b: Chien-Pao|move: Protect\n|-damage|p1a: Lycanroc|67\/100\n|\n|upkeep\n|\n|t:|1683445165\n|switch|p2b: Periculum|Dragalge, L50, F|100\/100\n|turn|5\n|\n|t:|1683445228\n|move|p1b: Chien-Pao|Throat Chop|p2b: Periculum\n|-damage|p2b: Periculum|38\/100\n|-start|p2b: Periculum|Throat Chop|[silent]\n|move|p1a: Lycanroc|Rock Slide|p2a: BE THE KING|[spread] p2a,p2b\n|-resisted|p2a: BE THE KING\n|-damage|p2a: BE THE KING|0 fnt\n|-damage|p2b: Periculum|0 fnt\n|faint|p2a: BE THE KING\n|-end|p2a: BE THE KING|Protosynthesis|[silent]\n|faint|p2b: Periculum\n|\n|win|Freischieb\n","uploadtime":1683445712,"views":11,"p1id":"freischieb","p2id":"raderph","formatid":"gen9vgc2023regulationc","rating":0,"private":0,"password":""}