{"id":"gen9vgc2023regulationc-1863327742","p1":"FunnyGuyAlert","p2":"SolCalibre","format":"[Gen 9] VGC 2023 Regulation C","log":"|j|\u2606FunnyGuyAlert\n|j|\u2606SolCalibre\n|t:|1684003017\n|gametype|doubles\n|player|p1|FunnyGuyAlert|skyla|1011\n|player|p2|SolCalibre|1|1000\n|teamsize|p1|6\n|teamsize|p2|6\n|gen|9\n|tier|[Gen 9] VGC 2023 Regulation C\n|rated|\n|rule|Species Clause: Limit one of each Pok\u00e9mon\n|rule|Item Clause: Limit one of each item\n|clearpoke\n|poke|p1|Torkoal, L50, M|\n|poke|p1|Hydreigon, L50, F|\n|poke|p1|Jumpluff, L50, F|\n|poke|p1|Ceruledge, L50, F|\n|poke|p1|Lilligant, L50, F|\n|poke|p1|Hariyama, L50, F|\n|poke|p2|Hatterene, L50, F|\n|poke|p2|Indeedee-F, L50, F|\n|poke|p2|Iron Hands, L50|\n|poke|p2|Armarouge, L50, M|\n|poke|p2|Torkoal, L50, F|\n|poke|p2|Lilligant, L50, F|\n|teampreview|4\nSolCalibre has agreed to open team sheets.\n|\n|t:|1684003075\n|start\n|switch|p1a: pls trick room|Torkoal, L50, M|100\/100\n|switch|p1b: Hariyama|Hariyama, L50, F, shiny|100\/100\n|switch|p2a: Indeed!|Indeedee-F, L50, F|100\/100\n|switch|p2b: Miss Hat|Hatterene, L50, F|100\/100\n|-fieldstart|move: Psychic Terrain|[from] ability: Psychic Surge|[of] p2a: Indeed!\n|-weather|SunnyDay|[from] ability: Drought|[of] p1a: pls trick room\n|turn|1\n|\n|t:|1684003125\n|move|p2a: Indeed!|Psychic|p1b: Hariyama\n|-supereffective|p1b: Hariyama\n|-damage|p1b: Hariyama|18\/100\n|-unboost|p1b: Hariyama|spd|1\n|move|p1b: Hariyama|Knock Off|p2a: Indeed!\n|-supereffective|p2a: Indeed!\n|-damage|p2a: Indeed!|24\/100\n|-enditem|p2a: Indeed!|Safety Goggles|[from] move: Knock Off|[of] p1b: Hariyama\n|move|p1a: pls trick room|Eruption|p2b: Miss Hat|[spread] p2a,p2b\n|-damage|p2a: Indeed!|0 fnt\n|-damage|p2b: Miss Hat|36\/100\n|faint|p2a: Indeed!\n|move|p2b: Miss Hat|Psychic|p1a: pls trick room\n|-damage|p1a: pls trick room|0 fnt\n|faint|p1a: pls trick room\n|-damage|p2b: Miss Hat|26\/100|[from] item: Life Orb\n|\n|-weather|SunnyDay|[upkeep]\n|-status|p1b: Hariyama|brn|[from] item: Flame Orb\n|upkeep\n|\n|t:|1684003149\n|switch|p2a: Harlyama|Iron Hands, L50|100\/100\n|switch|p1a: Ceruledge|Ceruledge, L50, F|100\/100\n|turn|2\n|\n|t:|1684003172\n|switch|p1b: plant|Lilligant, L50, F, shiny|100\/100\n|move|p2a: Harlyama|Fake Out|p1b: plant\n|-activate|p1b: plant|move: Psychic Terrain\n|move|p1a: Ceruledge|Bitter Blade|p2b: Miss Hat\n|-damage|p2b: Miss Hat|0 fnt\n|faint|p2b: Miss Hat\n|\n|-weather|SunnyDay|[upkeep]\n|upkeep\n|\n|t:|1684003181\n|switch|p2b: Le Rouge|Armarouge, L50, M, shiny|100\/100\n|turn|3\n|\n|t:|1684003216\n|-terastallize|p2b: Le Rouge|Grass\n|move|p1b: plant|Encore|p2a: Harlyama\n|-start|p2a: Harlyama|Encore\n|move|p1a: Ceruledge|Bitter Blade|p2b: Le Rouge\n|-start|p2b: Le Rouge|ability: Flash Fire\n|move|p2b: Le Rouge|Expanding Force|p1b: plant|[spread] p1a,p1b\n|-damage|p1a: Ceruledge|15\/100\n|-damage|p1b: plant|0 fnt\n|faint|p1b: plant\n|move|p2a: Harlyama|Fake Out||[still]\n|-hint|Fake Out only works on your first turn out.\n|-fail|p2a: Harlyama\n|\n|-weather|SunnyDay|[upkeep]\n|upkeep\n|\n|t:|1684003230\n|switch|p1b: Hariyama|Hariyama, L50, F, shiny|18\/100 brn\n|turn|4\n|\n|t:|1684003243\n|move|p2b: Le Rouge|Protect|p2b: Le Rouge\n|-singleturn|p2b: Le Rouge|Protect\n|move|p2a: Harlyama|Fake Out||[still]\n|-hint|Fake Out only works on your first turn out.\n|-fail|p2a: Harlyama\n|move|p1a: Ceruledge|Solar Blade||[still]\n|-prepare|p1a: Ceruledge|Solar Blade\n|-anim|p1a: Ceruledge|Solar Blade|p2a: Harlyama\n|-damage|p2a: Harlyama|71\/100\n|move|p1b: Hariyama|Drain Punch|p2b: Le Rouge\n|-activate|p2b: Le Rouge|move: Protect\n|\n|-weather|SunnyDay|[upkeep]\n|-damage|p1b: Hariyama|12\/100 brn|[from] brn\n|upkeep\n|turn|5\n|\n|t:|1684003261\n|move|p2a: Harlyama|Fake Out||[still]\n|-hint|Fake Out only works on your first turn out.\n|-fail|p2a: Harlyama\n|move|p1a: Ceruledge|Bitter Blade|p2a: Harlyama\n|-damage|p2a: Harlyama|23\/100\n|-heal|p1a: Ceruledge|56\/100|[from] drain|[of] p2a: Harlyama\n|move|p2b: Le Rouge|Expanding Force|p1a: Ceruledge|[spread] p1a,p1b\n|-supereffective|p1b: Hariyama\n|-damage|p1a: Ceruledge|0 fnt\n|-damage|p1b: Hariyama|0 fnt\n|faint|p1a: Ceruledge\n|faint|p1b: Hariyama\n|\n|win|SolCalibre\n|raw|FunnyGuyAlert's rating: 1011 → 1000<\/strong> (-11 for losing)\n|raw|SolCalibre's rating: 1000 → 1041<\/strong> (+41 for winning)\n|c|\u2606SolCalibre|ggs\n|l|\u2606FunnyGuyAlert\n","uploadtime":1684003296,"views":8,"p1id":"funnyguyalert","p2id":"solcalibre","formatid":"gen9vgc2023regulationc","rating":1000,"private":0,"password":""}