{"id":"gen9vgc2023regulationc-1844795582","p1":"XinBluQAQ","p2":"maku8319","format":"[Gen 9] VGC 2023 Regulation C","log":"|j|\u2606XinBluQAQ\n|j|\u2606maku8319\n|t:|1681648975\n|gametype|doubles\n|player|p1|XinBluQAQ|shadowtriad|\n|player|p2|maku8319|red|\n|teamsize|p1|6\n|teamsize|p2|6\n|gen|9\n|tier|[Gen 9] VGC 2023 Regulation C\n|rule|Species Clause: Limit one of each Pok\u00e9mon\n|rule|Item Clause: Limit one of each item\n|clearpoke\n|poke|p1|Talonflame, L50, M|\n|poke|p1|Iron Bundle, L50|\n|poke|p1|Iron Hands, L50|\n|poke|p1|Garchomp, L50, F|\n|poke|p1|Chien-Pao, L50|\n|poke|p1|Flutter Mane, L50|\n|poke|p2|Klefki, L50, M|\n|poke|p2|Arcanine, L50, F|\n|poke|p2|Corviknight, L50, M|\n|poke|p2|Ting-Lu, L50|\n|poke|p2|Iron Hands, L50|\n|poke|p2|Gastrodon-East, L50, F|\n|teampreview|4\nmaku8319 has agreed to open team sheets.\nXinBluQAQ has agreed to open team sheets.\n|\n|t:|1681649299\n|start\n|switch|p1a: Iron Hands|Iron Hands, L50, shiny|100\/100\n|switch|p1b: Flutter Mane|Flutter Mane, L50|100\/100\n|switch|p2a: Klefki|Klefki, L50, M|100\/100\n|switch|p2b: Corviknight|Corviknight, L50, M, shiny|100\/100\n|turn|1\n|\n|t:|1681649341\n|switch|p2b: Ting-Lu|Ting-Lu, L50|100\/100\n|-ability|p2b: Ting-Lu|Vessel of Ruin\n|move|p2a: Klefki|Light Screen|p2a: Klefki\n|-sidestart|p2: maku8319|move: Light Screen\n|move|p1b: Flutter Mane|Shadow Ball|p2b: Ting-Lu\n|-resisted|p2b: Ting-Lu\n|-damage|p2b: Ting-Lu|93\/100\n|-unboost|p2b: Ting-Lu|spd|1\n|move|p1a: Iron Hands|Close Combat|p2b: Ting-Lu\n|-supereffective|p2b: Ting-Lu\n|-damage|p2b: Ting-Lu|7\/100\n|-unboost|p1a: Iron Hands|def|1\n|-unboost|p1a: Iron Hands|spd|1\n|\n|upkeep\n|turn|2\n|c|\u2606maku8319|:(\n|\n|t:|1681649405\n|switch|p2a: Arcanine|Arcanine, L50, F|100\/100\n|-ability|p2a: Arcanine|Intimidate|boost\n|-unboost|p1a: Iron Hands|atk|1\n|-unboost|p1b: Flutter Mane|atk|1\n|switch|p2b: Corviknight|Corviknight, L50, M, shiny|100\/100\n|move|p1b: Flutter Mane|Shadow Ball|p2b: Corviknight\n|-damage|p2b: Corviknight|60\/100\n|move|p1a: Iron Hands|Close Combat|p2b: Corviknight\n|-damage|p2b: Corviknight|24\/100\n|-unboost|p1a: Iron Hands|def|1\n|-unboost|p1a: Iron Hands|spd|1\n|\n|upkeep\n|turn|3\n|\n|t:|1681649503\n|-end|p1b: Flutter Mane|Protosynthesis|[silent]\n|switch|p1b: Garchomp|Garchomp, L50, F, shiny|100\/100\n|switch|p2b: Klefki|Klefki, L50, M|100\/100\n|move|p2a: Arcanine|Flare Blitz|p1a: Iron Hands\n|-damage|p1a: Iron Hands|27\/100\n|-damage|p2a: Arcanine|70\/100|[from] Recoil\n|move|p1a: Iron Hands|Wild Charge|p2b: Klefki\n|-damage|p2b: Klefki|62\/100\n|-damage|p1a: Iron Hands|20\/100|[from] Recoil\n|\n|upkeep\n|turn|4\n|\n|t:|1681649542\n|move|p2a: Arcanine|Extreme Speed|p1a: Iron Hands\n|-damage|p1a: Iron Hands|0 fnt\n|faint|p1a: Iron Hands\n|-end|p1a: Iron Hands|Quark Drive|[silent]\n|move|p2b: Klefki|Reflect|p2b: Klefki\n|-sidestart|p2: maku8319|Reflect\n|move|p1b: Garchomp|Earthquake|p2a: Arcanine|[spread] p2a,p2b\n|-supereffective|p2a: Arcanine\n|-supereffective|p2b: Klefki\n|-damage|p2a: Arcanine|16\/100\n|-damage|p2b: Klefki|9\/100\n|\n|upkeep\n|\n|t:|1681649565\n|switch|p1a: Chien-Pao|Chien-Pao, L50|100\/100\n|-ability|p1a: Chien-Pao|Sword of Ruin\n|turn|5\n|\n|t:|1681649577\n|move|p1a: Chien-Pao|Protect|p1a: Chien-Pao\n|-singleturn|p1a: Chien-Pao|Protect\n|move|p2a: Arcanine|Protect|p2a: Arcanine\n|-singleturn|p2a: Arcanine|Protect\n|move|p2b: Klefki|Misty Terrain|p2b: Klefki\n|-fieldstart|move: Misty Terrain\n|move|p1b: Garchomp|Earthquake|p2b: Klefki|[spread] p2b\n|-activate|p1a: Chien-Pao|move: Protect\n|-activate|p2a: Arcanine|move: Protect\n|-supereffective|p2b: Klefki\n|-damage|p2b: Klefki|0 fnt\n|faint|p2b: Klefki\n|\n|upkeep\n|\n|t:|1681649584\n|switch|p2b: Corviknight|Corviknight, L50, M, shiny|24\/100\n|turn|6\n|\n|t:|1681649634\n|move|p1a: Chien-Pao|Ice Spinner|p2b: Corviknight\n|-damage|p2b: Corviknight|0 fnt\n|-fieldend|Misty Terrain\n|faint|p2b: Corviknight\n|move|p1b: Garchomp|Iron Head|p2a: Arcanine\n|-resisted|p2a: Arcanine\n|-damage|p2a: Arcanine|3\/100\n|move|p2a: Arcanine|Howl|p2a: Arcanine\n|-boost|p2a: Arcanine|atk|1\n|\n|upkeep\n|\n|t:|1681649641\n|switch|p2b: Ting-Lu|Ting-Lu, L50|7\/100\n|-ability|p2b: Ting-Lu|Vessel of Ruin\n|turn|7\n|\n|t:|1681649647\n|move|p1a: Chien-Pao|Protect|p1a: Chien-Pao\n|-singleturn|p1a: Chien-Pao|Protect\n|move|p1b: Garchomp|Earthquake|p2a: Arcanine|[spread] p2a,p2b\n|-activate|p1a: Chien-Pao|move: Protect\n|-supereffective|p2a: Arcanine\n|-damage|p2a: Arcanine|0 fnt\n|-damage|p2b: Ting-Lu|0 fnt\n|faint|p2a: Arcanine\n|faint|p2b: Ting-Lu\n|\n|win|XinBluQAQ\n|l|\u2606maku8319\n","uploadtime":1681649793,"views":10,"p1id":"xinbluqaq","p2id":"maku8319","formatid":"gen9vgc2023regulationc","rating":0,"private":0,"password":""}