{"id":"gen9vgc2023regulationc-1850956300","p1":"Roy Kasoy","p2":"Ivangraus17","format":"[Gen 9] VGC 2023 Regulation C","log":"|j|\u2606Roy Kasoy\n|j|\u2606Ivangraus17\n|t:|1682386727\n|gametype|doubles\n|player|p1|Roy Kasoy|hilbert|\n|player|p2|Ivangraus17|170|\n|teamsize|p1|6\n|teamsize|p2|6\n|gen|9\n|tier|[Gen 9] VGC 2023 Regulation C\n|rule|Species Clause: Limit one of each Pok\u00e9mon\n|rule|Item Clause: Limit one of each item\n|clearpoke\n|poke|p1|Torkoal, L50, F|\n|poke|p1|Great Tusk, L50|\n|poke|p1|Amoonguss, L50, M|\n|poke|p1|Arcanine, L50, M|\n|poke|p1|Grimmsnarl, L50, M|\n|poke|p1|Goodra, L50, M|\n|poke|p2|Tatsugiri, L50, M|\n|poke|p2|Dondozo, L50, F|\n|poke|p2|Flutter Mane, L50|\n|poke|p2|Gholdengo, L50|\n|poke|p2|Iron Hands, L50|\n|poke|p2|Brute Bonnet, L50|\n|teampreview|4\n|j| Buenocomoeloro\n|inactive|Battle timer is ON: inactive players will automatically lose when time's up. (requested by Ivangraus17)\n|l| Buenocomoeloro\n|j| Buenocomoeloro\n|\n|t:|1682386892\n|start\n|switch|p1a: Grimmsnarl|Grimmsnarl, L50, M|100\/100\n|switch|p1b: Amoonguss|Amoonguss, L50, M|100\/100\n|switch|p2a: Gholdengo|Gholdengo, L50|100\/100\n|switch|p2b: Iron Hands|Iron Hands, L50|100\/100\n|turn|1\n|l| Buenocomoeloro\n|j| Buenocomoeloro\n|inactive|Roy Kasoy has 30 seconds left.\n|inactive|Ivangraus17 has 30 seconds left.\n|\n|t:|1682386922\n|move|p2b: Iron Hands|Fake Out|p1b: Amoonguss\n|-damage|p1b: Amoonguss|83\/100\n|-damage|p2b: Iron Hands|91\/100|[from] item: Life Orb\n|move|p1a: Grimmsnarl|Reflect|p1a: Grimmsnarl\n|-sidestart|p1: Roy Kasoy|Reflect\n|move|p2a: Gholdengo|Make It Rain|p1a: Grimmsnarl|[spread] p1a,p1b\n|-supereffective|p1a: Grimmsnarl\n|-damage|p1a: Grimmsnarl|0 fnt\n|-damage|p1b: Amoonguss|30\/100\n|-unboost|p2a: Gholdengo|spa|1\n|faint|p1a: Grimmsnarl\n|cant|p1b: Amoonguss|flinch\n|\n|-heal|p1b: Amoonguss|35\/100|[from] item: Black Sludge\n|upkeep\n|\n|t:|1682386939\n|switch|p1a: Torkoal|Torkoal, L50, F|100\/100\n|-weather|SunnyDay|[from] ability: Drought|[of] p1a: Torkoal\n|turn|2\n|inactive|Roy Kasoy has 30 seconds left.\n|inactive|Ivangraus17 has 30 seconds left.\n|inactiveoff|Battle timer is now OFF.\n|\n|t:|1682386992\n|move|p2a: Gholdengo|Make It Rain|p1b: Amoonguss|[spread] p1a,p1b\n|-resisted|p1a: Torkoal\n|-damage|p1a: Torkoal|75\/100\n|-damage|p1b: Amoonguss|0 fnt\n|-unboost|p2a: Gholdengo|spa|1\n|faint|p1b: Amoonguss\n|move|p2b: Iron Hands|Drain Punch|p1a: Torkoal\n|-damage|p1a: Torkoal|46\/100\n|-heal|p2b: Iron Hands|100\/100|[from] drain|[of] p1a: Torkoal\n|-damage|p2b: Iron Hands|91\/100|[from] item: Life Orb\n|move|p1a: Torkoal|Heat Wave|p2b: Iron Hands|[spread] p2b\n|-miss|p1a: Torkoal|p2a: Gholdengo\n|-damage|p2b: Iron Hands|61\/100\n|\n|-weather|SunnyDay|[upkeep]\n|upkeep\n|\n|t:|1682387010\n|switch|p1b: Great Tusk|Great Tusk, L50|100\/100\n|-activate|p1b: Great Tusk|ability: Protosynthesis\n|-start|p1b: Great Tusk|protosynthesisspe\n|turn|3\n|\n|t:|1682387041\n|switch|p2a: Dondozo|Dondozo, L50, F|100\/100\n|move|p1a: Torkoal|Protect|p1a: Torkoal\n|-singleturn|p1a: Torkoal|Protect\n|move|p1b: Great Tusk|Knock Off|p2a: Dondozo\n|-damage|p2a: Dondozo|80\/100\n|-enditem|p2a: Dondozo|Leftovers|[from] move: Knock Off|[of] p1b: Great Tusk\n|move|p2b: Iron Hands|Drain Punch|p1b: Great Tusk\n|-damage|p1b: Great Tusk|73\/100\n|-heal|p2b: Iron Hands|73\/100|[from] drain|[of] p1b: Great Tusk\n|-damage|p2b: Iron Hands|63\/100|[from] item: Life Orb\n|\n|-weather|SunnyDay|[upkeep]\n|upkeep\n|turn|4\n|\n|t:|1682387077\n|-end|p2b: Iron Hands|Quark Drive|[silent]\n|switch|p2b: Tatsugiri|Tatsugiri, L50, M, shiny|100\/100\n|-activate|p2b: Tatsugiri|ability: Commander|[of] p2a: Dondozo\n|-boost|p2a: Dondozo|atk|2\n|-boost|p2a: Dondozo|spa|2\n|-boost|p2a: Dondozo|spe|2\n|-boost|p2a: Dondozo|def|2\n|-boost|p2a: Dondozo|spd|2\n|-terastallize|p1b: Great Tusk|Fighting\n|move|p1b: Great Tusk|Rock Slide|p2b: Tatsugiri|[spread] p2a\n|-miss|p1b: Great Tusk|p2b: Tatsugiri\n|-damage|p2a: Dondozo|75\/100\n|cant|p2a: Dondozo|flinch\n|move|p1a: Torkoal|Solar Beam||[still]\n|-prepare|p1a: Torkoal|Solar Beam\n|-anim|p1a: Torkoal|Solar Beam|p2a: Dondozo\n|-supereffective|p2a: Dondozo\n|-damage|p2a: Dondozo|47\/100\n|\n|-weather|SunnyDay|[upkeep]\n|upkeep\n|turn|5\n|l| Buenocomoeloro\n|\n|t:|1682387109\n|move|p1b: Great Tusk|Rock Slide|p2b: Tatsugiri|[spread] p2a\n|-miss|p1b: Great Tusk|p2b: Tatsugiri\n|-damage|p2a: Dondozo|41\/100\n|move|p2a: Dondozo|Wave Crash|p1a: Torkoal\n|-supereffective|p1a: Torkoal\n|-damage|p1a: Torkoal|0 fnt\n|faint|p1a: Torkoal\n|-damage|p2a: Dondozo|30\/100|[from] Recoil\n|\n|-weather|SunnyDay|[upkeep]\n|-sideend|p1: Roy Kasoy|Reflect\n|upkeep\n|turn|6\n|\n|t:|1682387129\n|move|p1b: Great Tusk|Earthquake|p2a: Dondozo|[spread] p2a\n|-miss|p1b: Great Tusk|p2b: Tatsugiri\n|-damage|p2a: Dondozo|18\/100\n|move|p2a: Dondozo|Earthquake|p1b: Great Tusk|[spread] p1b\n|-miss|p2a: Dondozo|p2b: Tatsugiri\n|-damage|p1b: Great Tusk|41\/100\n|\n|-weather|none\n|-end|p1b: Great Tusk|Protosynthesis\n|upkeep\n|turn|7\n|\n|t:|1682387147\n|move|p2a: Dondozo|Wave Crash|p1b: Great Tusk\n|-damage|p1b: Great Tusk|0 fnt\n|faint|p1b: Great Tusk\n|-end|p1b: Great Tusk|Protosynthesis|[silent]\n|-damage|p2a: Dondozo|6\/100|[from] Recoil\n|\n|win|Ivangraus17\n|l|\u2606Ivangraus17\n|j| Buenocomoeloro\n","uploadtime":1682387273,"views":18,"p1id":"roykasoy","p2id":"ivangraus17","formatid":"gen9vgc2023regulationc","rating":0,"private":0,"password":""}