{"id":"gen9vgc2023regulationc-1856729155","p1":"Rareazalea","p2":"marioman6444","format":"[Gen 9] VGC 2023 Regulation C","log":"|j|\u2606Rareazalea\n|j|\u2606marioman6444\n|t:|1683101930\n|gametype|doubles\n|player|p1|Rareazalea|pokefanf-gen4|1118\n|player|p2|marioman6444|hoopster|1151\n|teamsize|p1|5\n|teamsize|p2|6\n|gen|9\n|tier|[Gen 9] VGC 2023 Regulation C\n|rated|\n|rule|Species Clause: Limit one of each Pok\u00e9mon\n|rule|Item Clause: Limit one of each item\n|clearpoke\n|poke|p1|Florges-White, L50, F|\n|poke|p1|Mudbray, L50, F|\n|poke|p1|Slowking, L50, F|\n|poke|p1|Armarouge, L50, M|\n|poke|p1|Flamigo, L50, M|\n|poke|p2|Chi-Yu, L50|\n|poke|p2|Flutter Mane, L50|\n|poke|p2|Iron Bundle, L50|\n|poke|p2|Great Tusk, L50|\n|poke|p2|Murkrow, L50, M|\n|poke|p2|Tsareena, L50, F|\n|teampreview|4\n|inactive|Battle timer is ON: inactive players will automatically lose when time's up. (requested by marioman6444)\nRareazalea rejected open team sheets.\n|inactive|marioman6444 has 60 seconds left.\n|inactive|marioman6444 has 30 seconds left.\n|inactive|marioman6444 has 20 seconds left.\n|\n|t:|1683102004\n|start\n|switch|p1a: Belly|Slowking, L50, F, shiny|100\/100\n|switch|p1b: Tiny|Mudbray, L50, F|100\/100\n|switch|p2a: Flutter Mane|Flutter Mane, L50|100\/100\n|switch|p2b: Great Tusk|Great Tusk, L50|100\/100\n|turn|1\n|\n|t:|1683102027\n|move|p2b: Great Tusk|Headlong Rush|p1a: Belly\n|-damage|p1a: Belly|34\/100\n|-unboost|p2b: Great Tusk|def|1\n|-unboost|p2b: Great Tusk|spd|1\n|move|p2a: Flutter Mane|Shadow Ball|p1a: Belly\n|-supereffective|p1a: Belly\n|-damage|p1a: Belly|0 fnt\n|faint|p1a: Belly\n|move|p1b: Tiny|Heavy Slam|p2a: Flutter Mane\n|-supereffective|p2a: Flutter Mane\n|-enditem|p2a: Flutter Mane|Focus Sash\n|-damage|p2a: Flutter Mane|1\/100\n|\n|upkeep\n|\n|t:|1683102042\n|switch|p1a: Bouquet|Florges-White, L50, F|100\/100\n|turn|2\n|\n|t:|1683102060\n|-end|p2a: Flutter Mane|Protosynthesis|[silent]\n|switch|p2a: Chi-Yu|Chi-Yu, L50|100\/100\n|-ability|p2a: Chi-Yu|Beads of Ruin\n|move|p2b: Great Tusk|Headlong Rush|p1a: Bouquet\n|-damage|p1a: Bouquet|14\/100\n|-unboost|p2b: Great Tusk|def|1\n|-unboost|p2b: Great Tusk|spd|1\n|move|p1a: Bouquet|Substitute|p1a: Bouquet\n|-fail|p1a: Bouquet|move: Substitute|[weak]\n|move|p1b: Tiny|Stomping Tantrum|p2a: Chi-Yu\n|-supereffective|p2a: Chi-Yu\n|-damage|p2a: Chi-Yu|22\/100\n|\n|-heal|p1a: Bouquet|20\/100|[from] item: Leftovers\n|upkeep\n|turn|3\n|inactive|Rareazalea has 30 seconds left.\n|\n|t:|1683102090\n|move|p2b: Great Tusk|Headlong Rush|p1b: Tiny\n|-damage|p1b: Tiny|60\/100\n|-unboost|p2b: Great Tusk|def|1\n|-unboost|p2b: Great Tusk|spd|1\n|-ability|p1b: Tiny|Stamina|boost\n|-boost|p1b: Tiny|def|1\n|move|p2a: Chi-Yu|Snarl|p1b: Tiny|[spread] p1a,p1b\n|-resisted|p1a: Bouquet\n|-damage|p1a: Bouquet|6\/100\n|-damage|p1b: Tiny|16\/100\n|-unboost|p1a: Bouquet|spa|1\n|-unboost|p1b: Tiny|spa|1\n|-ability|p1b: Tiny|Stamina|boost\n|-boost|p1b: Tiny|def|1\n|move|p1a: Bouquet|Moonblast|p2b: Great Tusk\n|-supereffective|p2b: Great Tusk\n|-damage|p2b: Great Tusk|0 fnt\n|faint|p2b: Great Tusk\n|-end|p2b: Great Tusk|Protosynthesis|[silent]\n|move|p1b: Tiny|Stomping Tantrum|p2a: Chi-Yu\n|-supereffective|p2a: Chi-Yu\n|-damage|p2a: Chi-Yu|0 fnt\n|faint|p2a: Chi-Yu\n|\n|-heal|p1a: Bouquet|12\/100|[from] item: Leftovers\n|upkeep\n|\n|t:|1683102099\n|switch|p2a: Flutter Mane|Flutter Mane, L50|1\/100\n|switch|p2b: Queen|Tsareena, L50, F|100\/100\n|turn|4\n|\n|t:|1683102121\n|switch|p1a: Amigo|Flamigo, L50, M|100\/100\n|-copyboost|p1a: Amigo|p1b: Tiny|[from] ability: Costar\n|move|p2a: Flutter Mane|Moonblast|p1b: Tiny\n|-damage|p1b: Tiny|0 fnt\n|faint|p1b: Tiny\n|move|p2b: Queen|Power Whip|p1a: Amigo|[miss]\n|-miss|p2b: Queen|p1a: Amigo\n|\n|upkeep\n|\n|t:|1683102133\n|switch|p1b: Bouquet|Florges-White, L50, F|12\/100\n|turn|5\n|\n|t:|1683102157\n|-terastallize|p2b: Queen|Fire\n|move|p1a: Amigo|Wide Guard|p1a: Amigo\n|-singleturn|p1a: Amigo|Wide Guard\n|move|p2a: Flutter Mane|Moonblast|p1a: Amigo\n|-supereffective|p1a: Amigo\n|-damage|p1a: Amigo|0 fnt\n|faint|p1a: Amigo\n|move|p1b: Bouquet|Moonblast|p2a: Flutter Mane\n|-damage|p2a: Flutter Mane|0 fnt\n|faint|p2a: Flutter Mane\n|-end|p2a: Flutter Mane|Protosynthesis|[silent]\n|move|p2b: Queen|Tera Blast|p1b: Bouquet\n|-damage|p1b: Bouquet|0 fnt\n|faint|p1b: Bouquet\n|\n|win|marioman6444\n|raw|Rareazalea's rating: 1118 → 1095<\/strong> (-23 for losing)\n|raw|marioman6444's rating: 1151 → 1174<\/strong> (+23 for winning)\n|l|\u2606Rareazalea\n|c|\u2606marioman6444|Gg\n","uploadtime":1683102175,"views":10,"p1id":"rareazalea","p2id":"marioman6444","formatid":"gen9vgc2023regulationc","rating":1095,"private":0,"password":""}