{"id":"gen9vgc2023regulationc-1862544304","p1":"mfDOOMvmax","p2":"huangyuzhi","format":"[Gen 9] VGC 2023 Regulation C","log":"|j|\u2606mfDOOMvmax\n|j|\u2606huangyuzhi\n|t:|1683899310\n|gametype|doubles\n|player|p1|mfDOOMvmax|ingo|1166\n|player|p2|huangyuzhi|steven|1254\n|teamsize|p1|6\n|teamsize|p2|6\n|gen|9\n|tier|[Gen 9] VGC 2023 Regulation C\n|rated|\n|rule|Species Clause: Limit one of each Pok\u00e9mon\n|rule|Item Clause: Limit one of each item\n|clearpoke\n|poke|p1|Orthworm, L50, F|\n|poke|p1|Ceruledge, L50, M|\n|poke|p1|Kingambit, L50, F|\n|poke|p1|Flutter Mane, L50|\n|poke|p1|Tyranitar, L50, F|\n|poke|p1|Wo-Chien, L50|\n|poke|p2|Slowbro, L50, M|\n|poke|p2|Ting-Lu, L50|\n|poke|p2|Dragonite, L50, M|\n|poke|p2|Kingambit, L50, F|\n|poke|p2|Iron Hands, L50|\n|poke|p2|Amoonguss, L50, F|\n|teampreview|4\n|inactive|Battle timer is ON: inactive players will automatically lose when time's up. (requested by mfDOOMvmax)\n|inactive|huangyuzhi has 60 seconds left.\n|\n|t:|1683899350\n|start\n|switch|p1a: Wo-Chien|Wo-Chien, L50|100\/100\n|switch|p1b: Kingambit|Kingambit, L50, F, shiny|100\/100\n|switch|p2a: Slowbro|Slowbro, L50, M|100\/100\n|switch|p2b: Ting-Lu|Ting-Lu, L50|100\/100\n|-ability|p1a: Wo-Chien|Tablets of Ruin\n|-ability|p2b: Ting-Lu|Vessel of Ruin\n|turn|1\n|inactive|mfDOOMvmax has 30 seconds left.\n|\n|t:|1683899376\n|move|p1a: Wo-Chien|Leech Seed|p2b: Ting-Lu\n|-start|p2b: Ting-Lu|move: Leech Seed\n|move|p1b: Kingambit|Kowtow Cleave|p2a: Slowbro\n|-supereffective|p2a: Slowbro\n|-damage|p2a: Slowbro|50\/100\n|move|p2b: Ting-Lu|Earthquake|p1b: Kingambit|[spread] p2a,p1a,p1b\n|-crit|p2a: Slowbro\n|-resisted|p1a: Wo-Chien\n|-supereffective|p1b: Kingambit\n|-damage|p2a: Slowbro|19\/100\n|-damage|p1a: Wo-Chien|88\/100\n|-damage|p1b: Kingambit|60\/100\n|move|p2a: Slowbro|Trick Room|p2a: Slowbro\n|-fieldstart|move: Trick Room|[of] p2a: Slowbro\n|\n|-heal|p1a: Wo-Chien|94\/100|[from] item: Leftovers\n|-damage|p2b: Ting-Lu|88\/100|[from] Leech Seed|[of] p1a: Wo-Chien\n|-heal|p1a: Wo-Chien|100\/100|[silent]\n|upkeep\n|turn|2\n|\n|t:|1683899399\n|switch|p2a: Amoonguss|Amoonguss, L50, F, shiny|100\/100\n|switch|p2b: Kingambit|Kingambit, L50, F, shiny|100\/100\n|move|p1a: Wo-Chien|Protect|p1a: Wo-Chien\n|-singleturn|p1a: Wo-Chien|Protect\n|move|p1b: Kingambit|Kowtow Cleave|p2a: Amoonguss\n|-damage|p2a: Amoonguss|71\/100\n|\n|upkeep\n|turn|3\n|inactive|mfDOOMvmax has 30 seconds left.\n|inactive|huangyuzhi has 30 seconds left.\n|\n|t:|1683899426\n|switch|p2a: Slowbro|Slowbro, L50, M|52\/100\n|-terastallize|p1b: Kingambit|Water\n|move|p2b: Kingambit|Low Kick|p1b: Kingambit\n|-damage|p1b: Kingambit|36\/100\n|move|p1b: Kingambit|Low Kick|p2b: Kingambit\n|-supereffective|p2b: Kingambit\n|-damage|p2b: Kingambit|5\/100\n|move|p1a: Wo-Chien|Pollen Puff|p1b: Kingambit\n|-heal|p1b: Kingambit|86\/100\n|\n|upkeep\n|turn|4\n|l|\u2606huangyuzhi\n|inactive|huangyuzhi disconnected and has a minute to reconnect!\n|player|p2|\n|inactive|huangyuzhi has 30 seconds left.\n|j|\u2606huangyuzhi\n|inactive|huangyuzhi reconnected and has 30 seconds left.\n|player|p2|huangyuzhi|steven\n|inactive|huangyuzhi has 20 seconds left.\n|inactive|huangyuzhi has 15 seconds left.\n|\n|t:|1683899470\n|-terastallize|p2b: Kingambit|Ghost\n|move|p1b: Kingambit|Sucker Punch|p2b: Kingambit\n|-supereffective|p2b: Kingambit\n|-damage|p2b: Kingambit|0 fnt\n|faint|p2b: Kingambit\n|move|p2a: Slowbro|Heal Pulse|p2: Kingambit|[notarget]\n|-fail|p2a: Slowbro\n|move|p1a: Wo-Chien|Leech Seed|p2a: Slowbro\n|-start|p2a: Slowbro|move: Leech Seed\n|\n|-damage|p2a: Slowbro|40\/100|[from] Leech Seed|[of] p1a: Wo-Chien\n|upkeep\n|inactive|huangyuzhi has 30 seconds left.\n|\n|t:|1683899500\n|switch|p2b: Ting-Lu|Ting-Lu, L50|88\/100\n|-ability|p2b: Ting-Lu|Vessel of Ruin\n|turn|5\n|\n|t:|1683899508\n|move|p2a: Slowbro|Surf|p1a: Wo-Chien|[spread] p2b,p1a,p1b\n|-supereffective|p2b: Ting-Lu\n|-resisted|p1a: Wo-Chien\n|-resisted|p1b: Kingambit\n|-damage|p2b: Ting-Lu|64\/100\n|-damage|p1a: Wo-Chien|96\/100\n|-damage|p1b: Kingambit|82\/100\n|-enditem|p2b: Ting-Lu|Weakness Policy\n|-boost|p2b: Ting-Lu|atk|2|[from] item: Weakness Policy\n|-boost|p2b: Ting-Lu|spa|2|[from] item: Weakness Policy\n|move|p2b: Ting-Lu|Earthquake|p1a: Wo-Chien|[spread] p2a,p1a,p1b\n|-resisted|p1a: Wo-Chien\n|-damage|p2a: Slowbro|1\/100\n|-damage|p1a: Wo-Chien|71\/100\n|-damage|p1b: Kingambit|37\/100\n|move|p1b: Kingambit|Low Kick|p2b: Ting-Lu\n|-supereffective|p2b: Ting-Lu\n|-damage|p2b: Ting-Lu|25\/100\n|move|p1a: Wo-Chien|Leech Seed|p2b: Ting-Lu\n|-start|p2b: Ting-Lu|move: Leech Seed\n|\n|-heal|p1a: Wo-Chien|77\/100|[from] item: Leftovers\n|-damage|p2a: Slowbro|0 fnt|[from] Leech Seed|[of] p1a: Wo-Chien\n|-heal|p1a: Wo-Chien|78\/100|[silent]\n|faint|p2a: Slowbro\n|-damage|p2b: Ting-Lu|12\/100|[from] Leech Seed|[of] p1a: Wo-Chien\n|-heal|p1a: Wo-Chien|94\/100|[silent]\n|-fieldend|move: Trick Room\n|upkeep\n|\n|t:|1683899512\n|switch|p2a: Amoonguss|Amoonguss, L50, F, shiny|100\/100\n|turn|6\n|-message|huangyuzhi forfeited.\n|\n|win|mfDOOMvmax\n|raw|mfDOOMvmax's rating: 1166 → 1197<\/strong> (+31 for winning)\n|raw|huangyuzhi's rating: 1254 → 1223<\/strong> (-31 for losing)\n|l|\u2606huangyuzhi\n","uploadtime":1683899537,"views":8,"p1id":"mfdoomvmax","p2id":"huangyuzhi","formatid":"gen9vgc2023regulationc","rating":1197,"private":0,"password":""}