{"id":"gen9vgc2023regulationc-1863622904","p1":"Kohbalt","p2":"JTechtonic","format":"[Gen 9] VGC 2023 Regulation C","log":"|j|\u2606Kohbalt\n|j|\u2606JTechtonic\n|t:|1684045392\n|gametype|doubles\n|player|p1|Kohbalt|steven|\n|player|p2|JTechtonic|hugh|\n|teamsize|p1|6\n|teamsize|p2|6\n|gen|9\n|tier|[Gen 9] VGC 2023 Regulation C\n|rule|Species Clause: Limit one of each Pok\u00e9mon\n|rule|Item Clause: Limit one of each item\n|clearpoke\n|poke|p1|Wo-Chien, L50|\n|poke|p1|Flutter Mane, L50|\n|poke|p1|Iron Bundle, L50|\n|poke|p1|Chien-Pao, L50|\n|poke|p1|Ceruledge, L50, F|\n|poke|p1|Gholdengo, L50|\n|poke|p2|Chi-Yu, L50|\n|poke|p2|Flutter Mane, L50|\n|poke|p2|Chien-Pao, L50|\n|poke|p2|Dragonite, L50, F|\n|poke|p2|Iron Bundle, L50|\n|poke|p2|Amoonguss, L50, M|\n|teampreview|4\n|inactive|Battle timer is ON: inactive players will automatically lose when time's up. (requested by JTechtonic)\nJTechtonic has agreed to open team sheets.\nKohbalt has agreed to open team sheets.\n|\n|t:|1684045418\n|start\n|switch|p1a: Iron Bundle|Iron Bundle, L50|100\/100\n|switch|p1b: Wo-Chien|Wo-Chien, L50|100\/100\n|switch|p2a: Chisus Christ|Chi-Yu, L50|100\/100\n|switch|p2b: Iron Bundle|Iron Bundle, L50|100\/100\n|-ability|p2a: Chisus Christ|Beads of Ruin\n|-ability|p1b: Wo-Chien|Tablets of Ruin\n|-enditem|p2b: Iron Bundle|Booster Energy\n|-activate|p2b: Iron Bundle|ability: Quark Drive|[fromitem]\n|-start|p2b: Iron Bundle|quarkdrivespe\n|-enditem|p1a: Iron Bundle|Booster Energy\n|-activate|p1a: Iron Bundle|ability: Quark Drive|[fromitem]\n|-start|p1a: Iron Bundle|quarkdrivespe\n|turn|1\n|inactive|JTechtonic has 30 seconds left.\n|\n|t:|1684045444\n|switch|p1b: Ceruledge|Ceruledge, L50, F|100\/100\n|-terastallize|p2a: Chisus Christ|Grass\n|move|p1a: Iron Bundle|Freeze-Dry|p2b: Iron Bundle\n|-damage|p2b: Iron Bundle|0 fnt\n|faint|p2b: Iron Bundle\n|-end|p2b: Iron Bundle|Quark Drive|[silent]\n|move|p2a: Chisus Christ|Tera Blast|p1a: Iron Bundle\n|-supereffective|p1a: Iron Bundle\n|-damage|p1a: Iron Bundle|0 fnt\n|faint|p1a: Iron Bundle\n|-end|p1a: Iron Bundle|Quark Drive|[silent]\n|-damage|p2a: Chisus Christ|90\/100|[from] item: Life Orb\n|\n|upkeep\n|inactive|JTechtonic has 30 seconds left.\n|inactive|JTechtonic has 20 seconds left.\n|\n|t:|1684045480\n|switch|p1a: Chien-Pao|Chien-Pao, L50|100\/100\n|switch|p2b: Chien-Pao|Chien-Pao, L50|100\/100\n|-ability|p2b: Chien-Pao|Sword of Ruin\n|-ability|p1a: Chien-Pao|Sword of Ruin\n|turn|2\n|inactive|Kohbalt has 30 seconds left.\n|\n|t:|1684045509\n|move|p2b: Chien-Pao|Sucker Punch|p1b: Ceruledge\n|-supereffective|p1b: Ceruledge\n|-damage|p1b: Ceruledge|0 fnt\n|faint|p1b: Ceruledge\n|move|p1a: Chien-Pao|Sacred Sword|p2b: Chien-Pao\n|-supereffective|p2b: Chien-Pao\n|-crit|p2b: Chien-Pao\n|-enditem|p2b: Chien-Pao|Focus Sash\n|-damage|p2b: Chien-Pao|1\/100\n|move|p2a: Chisus Christ|Dark Pulse|p1a: Chien-Pao\n|-resisted|p1a: Chien-Pao\n|-damage|p1a: Chien-Pao|33\/100\n|-damage|p2a: Chisus Christ|80\/100|[from] item: Life Orb\n|\n|upkeep\n|\n|t:|1684045521\n|switch|p1b: Wo-Chien|Wo-Chien, L50|100\/100\n|-ability|p1b: Wo-Chien|Tablets of Ruin\n|turn|3\n|\n|t:|1684045531\n|-terastallize|p1b: Wo-Chien|Fairy\n|move|p2b: Chien-Pao|Protect|p2b: Chien-Pao\n|-singleturn|p2b: Chien-Pao|Protect\n|move|p1a: Chien-Pao|Protect|p1a: Chien-Pao\n|-singleturn|p1a: Chien-Pao|Protect\n|move|p2a: Chisus Christ|Heat Wave|p1b: Wo-Chien|[spread] \n|-activate|p1a: Chien-Pao|move: Protect\n|-miss|p2a: Chisus Christ|p1b: Wo-Chien\n|move|p1b: Wo-Chien|Knock Off|p2a: Chisus Christ\n|-damage|p2a: Chisus Christ|20\/100\n|-enditem|p2a: Chisus Christ|Life Orb|[from] move: Knock Off|[of] p1b: Wo-Chien\n|\n|upkeep\n|turn|4\n|inactive|JTechtonic has 30 seconds left.\n|inactive|JTechtonic has 20 seconds left.\n|inactive|JTechtonic has 15 seconds left.\n|inactive|JTechtonic has 10 seconds left.\n|\n|t:|1684045576\n|switch|p2b: Dragonite|Dragonite, L50, F|100\/100\n|move|p1a: Chien-Pao|Sucker Punch|p2a: Chisus Christ\n|-damage|p2a: Chisus Christ|0 fnt\n|faint|p2a: Chisus Christ\n|move|p1b: Wo-Chien|Leech Seed|p2b: Dragonite\n|-start|p2b: Dragonite|move: Leech Seed\n|\n|-damage|p2b: Dragonite|88\/100|[from] Leech Seed|[of] p1b: Wo-Chien\n|upkeep\n|\n|t:|1684045583\n|switch|p2a: Chien-Pao|Chien-Pao, L50|1\/100\n|-ability|p2a: Chien-Pao|Sword of Ruin\n|turn|5\n|inactive|JTechtonic has 30 seconds left.\n|\n|t:|1684045614\n|move|p1a: Chien-Pao|Protect|p1a: Chien-Pao\n|-singleturn|p1a: Chien-Pao|Protect\n|move|p2a: Chien-Pao|Sucker Punch||[still]\n|-fail|p2a: Chien-Pao\n|move|p2b: Dragonite|Aerial Ace|p1b: Wo-Chien\n|-damage|p1b: Wo-Chien|47\/100\n|move|p1b: Wo-Chien|Knock Off|p2b: Dragonite\n|-damage|p2b: Dragonite|49\/100\n|-enditem|p2b: Dragonite|Choice Band|[from] move: Knock Off|[of] p1b: Wo-Chien\n|\n|-heal|p1b: Wo-Chien|53\/100|[from] item: Leftovers\n|-damage|p2b: Dragonite|37\/100|[from] Leech Seed|[of] p1b: Wo-Chien\n|-heal|p1b: Wo-Chien|65\/100|[silent]\n|upkeep\n|turn|6\n|\n|t:|1684045636\n|move|p1a: Chien-Pao|Protect||[still]\n|-fail|p1a: Chien-Pao\n|move|p2a: Chien-Pao|Protect|p2a: Chien-Pao\n|-singleturn|p2a: Chien-Pao|Protect\n|move|p2b: Dragonite|Extreme Speed|p1a: Chien-Pao\n|-damage|p1a: Chien-Pao|0 fnt\n|faint|p1a: Chien-Pao\n|move|p1b: Wo-Chien|Leech Seed|p2a: Chien-Pao\n|-activate|p2a: Chien-Pao|move: Protect\n|\n|-heal|p1b: Wo-Chien|71\/100|[from] item: Leftovers\n|-damage|p2b: Dragonite|25\/100|[from] Leech Seed|[of] p1b: Wo-Chien\n|-heal|p1b: Wo-Chien|83\/100|[silent]\n|upkeep\n|turn|7\n|\n|t:|1684045649\n|move|p1b: Wo-Chien|Protect|p1b: Wo-Chien\n|-singleturn|p1b: Wo-Chien|Protect\n|move|p2a: Chien-Pao|Ice Spinner|p1b: Wo-Chien\n|-activate|p1b: Wo-Chien|move: Protect\n|move|p2b: Dragonite|Aerial Ace|p1b: Wo-Chien\n|-activate|p1b: Wo-Chien|move: Protect\n|\n|-heal|p1b: Wo-Chien|90\/100|[from] item: Leftovers\n|-damage|p2b: Dragonite|12\/100|[from] Leech Seed|[of] p1b: Wo-Chien\n|-heal|p1b: Wo-Chien|100\/100|[silent]\n|upkeep\n|turn|8\n|\n|t:|1684045667\n|move|p2a: Chien-Pao|Ice Spinner|p1b: Wo-Chien\n|-damage|p1b: Wo-Chien|61\/100\n|move|p2b: Dragonite|Aerial Ace|p1b: Wo-Chien\n|-damage|p1b: Wo-Chien|27\/100\n|move|p1b: Wo-Chien|Knock Off|p2a: Chien-Pao\n|-resisted|p2a: Chien-Pao\n|-damage|p2a: Chien-Pao|0 fnt\n|faint|p2a: Chien-Pao\n|\n|-heal|p1b: Wo-Chien|33\/100|[from] item: Leftovers\n|-damage|p2b: Dragonite|0 fnt|[from] Leech Seed|[of] p1b: Wo-Chien\n|-heal|p1b: Wo-Chien|45\/100|[silent]\n|faint|p2b: Dragonite\n|\n|win|Kohbalt\n|upkeep\n|l|\u2606JTechtonic\n","uploadtime":1684045682,"views":14,"p1id":"kohbalt","p2id":"jtechtonic","formatid":"gen9vgc2023regulationc","rating":0,"private":0,"password":""}