{"id":"gen9vgc2023regulationc-1852365603","p1":"Cosentino","p2":"Professor Sorin","format":"[Gen 9] VGC 2023 Regulation C","log":"|j|\u2606Cosentino\n|j|\u2606Professor Sorin\n|t:|1682548726\n|gametype|doubles\n|player|p1|Cosentino|2|1283\n|player|p2|Professor Sorin|101|1324\n|teamsize|p1|6\n|teamsize|p2|6\n|gen|9\n|tier|[Gen 9] VGC 2023 Regulation C\n|rated|\n|rule|Species Clause: Limit one of each Pok\u00e9mon\n|rule|Item Clause: Limit one of each item\n|clearpoke\n|poke|p1|Dachsbun, L50, F|\n|poke|p1|Chi-Yu, L50|\n|poke|p1|Gastrodon, L50, F|\n|poke|p1|Corviknight, L50, F|\n|poke|p1|Flutter Mane, L50|\n|poke|p1|Baxcalibur, L50, F|\n|poke|p2|Indeedee-F, L50, F|\n|poke|p2|Hatterene, L50, F|\n|poke|p2|Torkoal, L50, F|\n|poke|p2|Lilligant, L50, F|\n|poke|p2|Bronzong, L50|\n|poke|p2|Iron Hands, L50|\n|teampreview|4\nProfessor Sorin has agreed to open team sheets.\n|\n|t:|1682548771\n|start\n|switch|p1a: Dachsbun|Dachsbun, L50, F|100\/100\n|switch|p1b: Chi-Yu|Chi-Yu, L50|100\/100\n|switch|p2a: Indeedee|Indeedee-F, L50, F|100\/100\n|switch|p2b: Hatterene|Hatterene, L50, F|100\/100\n|-ability|p1b: Chi-Yu|Beads of Ruin\n|-fieldstart|move: Psychic Terrain|[from] ability: Psychic Surge|[of] p2a: Indeedee\n|turn|1\n|\n|t:|1682548790\n|switch|p1b: Baxcalibur|Baxcalibur, L50, F|100\/100\n|move|p2a: Indeedee|Follow Me|p2a: Indeedee\n|-singleturn|p2a: Indeedee|move: Follow Me\n|move|p1a: Dachsbun|Snarl|p2a: Indeedee|[spread] p2a\n|-miss|p1a: Dachsbun|p2b: Hatterene\n|-supereffective|p2a: Indeedee\n|-crit|p2a: Indeedee\n|-damage|p2a: Indeedee|86\/100\n|-unboost|p2a: Indeedee|spa|1\n|move|p2b: Hatterene|Trick Room|p2b: Hatterene\n|-fieldstart|move: Trick Room|[of] p2b: Hatterene\n|\n|upkeep\n|turn|2\n|\n|t:|1682548815\n|switch|p2a: Iron Hands|Iron Hands, L50, shiny|100\/100\n|move|p2b: Hatterene|Dazzling Gleam|p1b: Baxcalibur|[spread] p1a,p1b\n|-supereffective|p1b: Baxcalibur\n|-damage|p1a: Dachsbun|50\/100\n|-damage|p1b: Baxcalibur|37\/100\n|-damage|p2b: Hatterene|91\/100|[from] item: Life Orb\n|move|p1a: Dachsbun|Snarl|p2a: Iron Hands|[spread] p2a,p2b\n|-resisted|p2a: Iron Hands\n|-damage|p2a: Iron Hands|99\/100\n|-damage|p2b: Hatterene|85\/100\n|-unboost|p2a: Iron Hands|spa|1\n|-unboost|p2b: Hatterene|spa|1\n|move|p1b: Baxcalibur|Glaive Rush|p2a: Iron Hands\n|-damage|p2a: Iron Hands|49\/100\n|-singlemove|p1b: Baxcalibur|Glaive Rush|[silent]\n|-enditem|p2a: Iron Hands|Sitrus Berry|[eat]\n|-heal|p2a: Iron Hands|74\/100|[from] item: Sitrus Berry\n|\n|-heal|p1a: Dachsbun|57\/100|[from] item: Leftovers\n|upkeep\n|turn|3\n|\n|t:|1682548850\n|switch|p1b: Flutter Mane|Flutter Mane, L50|100\/100\n|-enditem|p1b: Flutter Mane|Booster Energy\n|-activate|p1b: Flutter Mane|ability: Protosynthesis|[fromitem]\n|-start|p1b: Flutter Mane|protosynthesisspa\n|move|p1a: Dachsbun|Protect|p1a: Dachsbun\n|-singleturn|p1a: Dachsbun|Protect\n|move|p2b: Hatterene|Dazzling Gleam|p1a: Dachsbun|[spread] p1b\n|-activate|p1a: Dachsbun|move: Protect\n|-damage|p1b: Flutter Mane|72\/100\n|-damage|p2b: Hatterene|75\/100|[from] item: Life Orb\n|move|p2a: Iron Hands|Tera Blast|p1a: Dachsbun\n|-activate|p1a: Dachsbun|move: Protect\n|\n|-heal|p1a: Dachsbun|63\/100|[from] item: Leftovers\n|upkeep\n|turn|4\n|\n|t:|1682548897\n|move|p2b: Hatterene|Dazzling Gleam|p1a: Dachsbun|[spread] p1a,p1b\n|-damage|p1a: Dachsbun|31\/100\n|-damage|p1b: Flutter Mane|46\/100\n|-damage|p2b: Hatterene|66\/100|[from] item: Life Orb\n|move|p2a: Iron Hands|Wild Charge|p1b: Flutter Mane\n|-damage|p1b: Flutter Mane|0 fnt\n|faint|p1b: Flutter Mane\n|-end|p1b: Flutter Mane|Protosynthesis|[silent]\n|-damage|p2a: Iron Hands|67\/100|[from] Recoil\n|move|p1a: Dachsbun|Yawn|p2b: Hatterene\n|move|p2b: Hatterene|Yawn|p1a: Dachsbun|[from]ability: Magic Bounce\n|-start|p1a: Dachsbun|move: Yawn|[of] p2b: Hatterene\n|\n|-heal|p1a: Dachsbun|37\/100|[from] item: Leftovers\n|upkeep\n|\n|t:|1682548907\n|switch|p1b: Baxcalibur|Baxcalibur, L50, F|37\/100\n|turn|5\n|\n|t:|1682548921\n|-end|p2a: Iron Hands|Quark Drive|[silent]\n|switch|p2a: Indeedee|Indeedee-F, L50, F|86\/100\n|-terastallize|p1b: Baxcalibur|Ground\n|move|p2b: Hatterene|Dazzling Gleam|p1b: Baxcalibur|[spread] p1a,p1b\n|-damage|p1a: Dachsbun|6\/100\n|-damage|p1b: Baxcalibur|15\/100\n|-damage|p2b: Hatterene|56\/100|[from] item: Life Orb\n|move|p1a: Dachsbun|Yawn|p2a: Indeedee\n|-start|p2a: Indeedee|move: Yawn|[of] p1a: Dachsbun\n|move|p1b: Baxcalibur|Earthquake|p2a: Indeedee|[spread] p1a,p2a,p2b\n|-damage|p1a: Dachsbun|0 fnt\n|-damage|p2a: Indeedee|40\/100\n|-damage|p2b: Hatterene|6\/100\n|faint|p1a: Dachsbun\n|\n|-fieldend|move: Trick Room\n|-fieldend|move: Psychic Terrain\n|upkeep\n|\n|t:|1682548934\n|switch|p1a: Chi-Yu|Chi-Yu, L50|100\/100\n|-ability|p1a: Chi-Yu|Beads of Ruin\n|turn|6\n|\n|t:|1682548947\n|move|p2a: Indeedee|Follow Me|p2a: Indeedee\n|-singleturn|p2a: Indeedee|move: Follow Me\n|move|p1a: Chi-Yu|Heat Wave|p2a: Indeedee|[spread] p2a,p2b\n|-damage|p2a: Indeedee|0 fnt\n|-damage|p2b: Hatterene|0 fnt\n|faint|p2a: Indeedee\n|faint|p2b: Hatterene\n|move|p1b: Baxcalibur|Icicle Crash|p2: Indeedee|[notarget]\n|-fail|p1b: Baxcalibur\n|\n|upkeep\n|\n|t:|1682548956\n|switch|p2a: Torkoal|Torkoal, L50, F|100\/100\n|switch|p2b: Iron Hands|Iron Hands, L50, shiny|67\/100\n|-weather|SunnyDay|[from] ability: Drought|[of] p2a: Torkoal\n|turn|7\n|\n|t:|1682548966\n|move|p2a: Torkoal|Protect|p2a: Torkoal\n|-singleturn|p2a: Torkoal|Protect\n|move|p1a: Chi-Yu|Heat Wave|p2b: Iron Hands|[spread] p2b\n|-activate|p2a: Torkoal|move: Protect\n|-damage|p2b: Iron Hands|0 fnt\n|faint|p2b: Iron Hands\n|-end|p2b: Iron Hands|Quark Drive|[silent]\n|move|p1b: Baxcalibur|Earthquake|p2a: Torkoal|[spread] p1a\n|-activate|p2a: Torkoal|move: Protect\n|-supereffective|p1a: Chi-Yu\n|-damage|p1a: Chi-Yu|0 fnt\n|faint|p1a: Chi-Yu\n|\n|-weather|SunnyDay|[upkeep]\n|upkeep\n|turn|8\n|\n|t:|1682548985\n|move|p1b: Baxcalibur|Earthquake|p2a: Torkoal\n|-supereffective|p2a: Torkoal\n|-crit|p2a: Torkoal\n|-damage|p2a: Torkoal|0 fnt\n|faint|p2a: Torkoal\n|\n|win|Cosentino\n|raw|Cosentino's rating: 1283 → 1311<\/strong> (+28 for winning)\n|raw|Professor Sorin's rating: 1324 → 1302<\/strong> (-22 for losing)\n|l|\u2606Professor Sorin\n","uploadtime":1682548990,"views":14,"p1id":"cosentino","p2id":"professorsorin","formatid":"gen9vgc2023regulationc","rating":1302,"private":0,"password":""}