{"id":"gen9vgc2023regulationc-1846235294","p1":"yoinkie","p2":"taohuu","format":"[Gen 9] VGC 2023 Regulation C","log":"|j|\u2606yoinkie\n|j|\u2606taohuu\n|t:|1681824086\n|gametype|doubles\n|player|p1|yoinkie|hau|1573\n|player|p2|taohuu|101|1567\n|teamsize|p1|6\n|teamsize|p2|6\n|gen|9\n|tier|[Gen 9] VGC 2023 Regulation C\n|rated|\n|rule|Species Clause: Limit one of each Pok\u00e9mon\n|rule|Item Clause: Limit one of each item\n|clearpoke\n|poke|p1|Glimmora, L50, M|\n|poke|p1|Dondozo, L50, F|\n|poke|p1|Tatsugiri, L50, F|\n|poke|p1|Arcanine, L50, F|\n|poke|p1|Roaring Moon, L50|\n|poke|p1|Rotom-Mow, L50|\n|poke|p2|Volcarona, L50, M|\n|poke|p2|Gyarados, L50, M|\n|poke|p2|Ting-Lu, L50|\n|poke|p2|Flutter Mane, L50|\n|poke|p2|Roaring Moon, L50|\n|poke|p2|Amoonguss, L50, M|\n|teampreview|4\nyoinkie has agreed to open team sheets.\n|inactive|Battle timer is ON: inactive players will automatically lose when time's up. (requested by yoinkie)\n|\n|t:|1681824125\n|start\n|switch|p1a: Rotom|Rotom-Mow, L50|100\/100\n|switch|p1b: Glimmora|Glimmora, L50, M|100\/100\n|switch|p2a: Volcarona|Volcarona, L50, M, shiny|100\/100\n|switch|p2b: Ting-Lu|Ting-Lu, L50|100\/100\n|-ability|p2b: Ting-Lu|Vessel of Ruin\n|turn|1\n|\n|t:|1681824140\n|move|p2a: Volcarona|Protect|p2a: Volcarona\n|-singleturn|p2a: Volcarona|Protect\n|move|p1a: Rotom|Leaf Storm|p2b: Ting-Lu\n|-supereffective|p2b: Ting-Lu\n|-damage|p2b: Ting-Lu|13\/100\n|-unboost|p1a: Rotom|spa|2\n|-enditem|p2b: Ting-Lu|Sitrus Berry|[eat]\n|-heal|p2b: Ting-Lu|38\/100|[from] item: Sitrus Berry\n|move|p1b: Glimmora|Power Gem|p2a: Volcarona\n|-activate|p2a: Volcarona|move: Protect\n|move|p2b: Ting-Lu|Stomping Tantrum|p1b: Glimmora\n|-supereffective|p1b: Glimmora\n|-damage|p1b: Glimmora|0 fnt\n|-activate|p1b: Glimmora|ability: Toxic Debris\n|-sidestart|p2: taohuu|move: Toxic Spikes\n|faint|p1b: Glimmora\n|\n|upkeep\n|\n|t:|1681824158\n|switch|p1b: Dondozo|Dondozo, L50, F, shiny|100\/100\n|turn|2\n|\n|t:|1681824170\n|-terastallize|p2a: Volcarona|Water\n|move|p2a: Volcarona|Quiver Dance|p2a: Volcarona\n|-boost|p2a: Volcarona|spa|1\n|-boost|p2a: Volcarona|spd|1\n|-boost|p2a: Volcarona|spe|1\n|move|p1a: Rotom|Leaf Storm|p2b: Ting-Lu\n|-supereffective|p2b: Ting-Lu\n|-damage|p2b: Ting-Lu|0 fnt\n|-unboost|p1a: Rotom|spa|2\n|faint|p2b: Ting-Lu\n|move|p1b: Dondozo|Wave Crash|p2a: Volcarona\n|-resisted|p2a: Volcarona\n|-damage|p2a: Volcarona|74\/100\n|-damage|p1b: Dondozo|93\/100|[from] Recoil\n|\n|-heal|p1b: Dondozo|99\/100|[from] item: Leftovers\n|upkeep\n|\n|t:|1681824181\n|switch|p2b: Amoonguss|Amoonguss, L50, M|100\/100\n|-sideend|p2: taohuu|move: Toxic Spikes|[of] p2b: Amoonguss\n|turn|3\n|\n|t:|1681824199\n|switch|p1a: Tatsugiri|Tatsugiri, L50, F|100\/100\n|-activate|p1a: Tatsugiri|ability: Commander|[of] p1b: Dondozo\n|-boost|p1b: Dondozo|atk|2\n|-boost|p1b: Dondozo|spa|2\n|-boost|p1b: Dondozo|spe|2\n|-boost|p1b: Dondozo|def|2\n|-boost|p1b: Dondozo|spd|2\n|-terastallize|p1b: Dondozo|Grass\n|move|p2a: Volcarona|Quiver Dance|p2a: Volcarona\n|-boost|p2a: Volcarona|spa|1\n|-boost|p2a: Volcarona|spd|1\n|-boost|p2a: Volcarona|spe|1\n|move|p1b: Dondozo|Tera Blast|p2a: Volcarona\n|-supereffective|p2a: Volcarona\n|-damage|p2a: Volcarona|0 fnt\n|faint|p2a: Volcarona\n|move|p2b: Amoonguss|Clear Smog|p1b: Dondozo\n|-supereffective|p1b: Dondozo\n|-damage|p1b: Dondozo|83\/100\n|-clearboost|p1b: Dondozo\n|\n|-heal|p1b: Dondozo|89\/100|[from] item: Leftovers\n|upkeep\n|\n|t:|1681824212\n|switch|p2a: Flutter Mane|Flutter Mane, L50|100\/100\n|turn|4\n|inactive|taohuu has 30 seconds left.\n|j| merahmerona\n|\n|t:|1681824239\n|move|p2a: Flutter Mane|Moonblast|p1b: Dondozo\n|-crit|p1b: Dondozo\n|-damage|p1b: Dondozo|0 fnt\n|faint|p1b: Dondozo\n|move|p2b: Amoonguss|Pollen Puff|p2a: Flutter Mane\n|-immune|p2a: Flutter Mane\n|\n|upkeep\n|\n|t:|1681824248\n|switch|p1b: Rotom|Rotom-Mow, L50|100\/100\n|turn|5\n|inactive|yoinkie has 30 seconds left.\n|\n|t:|1681824275\n|move|p1a: Tatsugiri|Icy Wind|p2b: Amoonguss|[spread] p2a,p2b\n|-supereffective|p2b: Amoonguss\n|-damage|p2a: Flutter Mane|88\/100\n|-damage|p2b: Amoonguss|73\/100\n|-unboost|p2a: Flutter Mane|spe|1\n|-unboost|p2b: Amoonguss|spe|1\n|move|p1b: Rotom|Thunderbolt|p2a: Flutter Mane\n|-damage|p2a: Flutter Mane|37\/100\n|move|p2a: Flutter Mane|Moonblast|p1a: Tatsugiri\n|-supereffective|p1a: Tatsugiri\n|-damage|p1a: Tatsugiri|0 fnt\n|faint|p1a: Tatsugiri\n|move|p2b: Amoonguss|Pollen Puff|p2a: Flutter Mane\n|-heal|p2a: Flutter Mane|87\/100\n|\n|upkeep\n|turn|6\n|-message|yoinkie forfeited.\n|\n|win|taohuu\n|raw|yoinkie's rating: 1573 → 1553<\/strong> (-20 for losing)\n|raw|taohuu's rating: 1567 → 1587<\/strong> (+20 for winning)\n|l|\u2606yoinkie\n|l|\u2606taohuu\n","uploadtime":1681824464,"views":3,"p1id":"yoinkie","p2id":"taohuu","formatid":"gen9vgc2023regulationc","rating":1553,"private":0,"password":""}