{"id":"gen9vgc2023regulationc-1849362345","p1":"Milk A Rush","p2":"jorgeporrasss","format":"[Gen 9] VGC 2023 Regulation C","log":"|j|\u2606Milk A Rush\n|j|\u2606jorgeporrasss\n|t:|1682190073\n|gametype|doubles\n|player|p1|Milk A Rush|emma|1326\n|player|p2|jorgeporrasss|n|1356\n|teamsize|p1|6\n|teamsize|p2|6\n|gen|9\n|tier|[Gen 9] VGC 2023 Regulation C\n|rated|\n|rule|Species Clause: Limit one of each Pok\u00e9mon\n|rule|Item Clause: Limit one of each item\n|clearpoke\n|poke|p1|Gothitelle, L50, M|\n|poke|p1|Flutter Mane, L50|\n|poke|p1|Tyranitar, L50, M|\n|poke|p1|Corviknight, L50, F|\n|poke|p1|Palafin, L50, M|\n|poke|p1|Amoonguss, L50, F|\n|poke|p2|Flutter Mane, L50|\n|poke|p2|Chi-Yu, L50|\n|poke|p2|Gyarados, L50, M|\n|poke|p2|Amoonguss, L50, F|\n|poke|p2|Iron Hands, L50|\n|poke|p2|Ting-Lu, L50|\n|teampreview|4\n|\n|t:|1682190111\n|start\n|switch|p1a: Flutter Mane|Flutter Mane, L50|100\/100\n|switch|p1b: Palafin|Palafin, L50, M|100\/100\n|switch|p2a: Flutter Mane|Flutter Mane, L50|100\/100\n|switch|p2b: Chi-Yu|Chi-Yu, L50|100\/100\n|-ability|p2b: Chi-Yu|Beads of Ruin\n|-enditem|p2a: Flutter Mane|Booster Energy\n|-activate|p2a: Flutter Mane|ability: Protosynthesis|[fromitem]\n|-start|p2a: Flutter Mane|protosynthesisspa\n|turn|1\n|\n|t:|1682190176\n|switch|p2b: Gyarados|Gyarados, L50, M|100\/100\n|-ability|p2b: Gyarados|Intimidate|boost\n|-unboost|p1a: Flutter Mane|atk|1\n|-unboost|p1b: Palafin|atk|1\n|-terastallize|p2a: Flutter Mane|Fairy\n|-terastallize|p1a: Flutter Mane|Grass\n|move|p1b: Palafin|Jet Punch|p2b: Gyarados\n|-resisted|p2b: Gyarados\n|-damage|p2b: Gyarados|91\/100\n|move|p2a: Flutter Mane|Moonblast|p1b: Palafin\n|-damage|p1b: Palafin|0 fnt\n|faint|p1b: Palafin\n|move|p1a: Flutter Mane|Dazzling Gleam|p2a: Flutter Mane|[spread] p2a,p2b\n|-damage|p2a: Flutter Mane|53\/100\n|-damage|p2b: Gyarados|50\/100\n|\n|upkeep\n|\n|t:|1682190185\n|switch|p1b: Gothitelle|Gothitelle, L50, M|100\/100\n|turn|2\n|\n|t:|1682190204\n|move|p1b: Gothitelle|Helping Hand|p1a: Flutter Mane\n|-singleturn|p1a: Flutter Mane|Helping Hand|[of] p1b: Gothitelle\n|move|p2a: Flutter Mane|Protect|p2a: Flutter Mane\n|-singleturn|p2a: Flutter Mane|Protect\n|move|p2b: Gyarados|Protect|p2b: Gyarados\n|-singleturn|p2b: Gyarados|Protect\n|move|p1a: Flutter Mane|Dazzling Gleam|p2b: Gyarados|[spread] \n|-activate|p2a: Flutter Mane|move: Protect\n|-activate|p2b: Gyarados|move: Protect\n|\n|upkeep\n|turn|3\n|\n|t:|1682190227\n|move|p1b: Gothitelle|Helping Hand|p1a: Flutter Mane\n|-singleturn|p1a: Flutter Mane|Helping Hand|[of] p1b: Gothitelle\n|move|p2a: Flutter Mane|Shadow Ball|p1a: Flutter Mane\n|-damage|p1a: Flutter Mane|39\/100\n|move|p1a: Flutter Mane|Dazzling Gleam|p2b: Gyarados|[spread] p2a,p2b\n|-damage|p2a: Flutter Mane|0 fnt\n|-damage|p2b: Gyarados|0 fnt\n|faint|p2a: Flutter Mane\n|-end|p2a: Flutter Mane|Protosynthesis|[silent]\n|faint|p2b: Gyarados\n|\n|upkeep\n|\n|t:|1682190237\n|switch|p2a: Ting-Lu|Ting-Lu, L50|100\/100\n|switch|p2b: Chi-Yu|Chi-Yu, L50|100\/100\n|-ability|p2b: Chi-Yu|Beads of Ruin\n|-ability|p2a: Ting-Lu|Vessel of Ruin\n|turn|4\n|\n|t:|1682190248\n|move|p1b: Gothitelle|Helping Hand|p1a: Flutter Mane\n|-singleturn|p1a: Flutter Mane|Helping Hand|[of] p1b: Gothitelle\n|move|p1a: Flutter Mane|Dazzling Gleam|p2a: Ting-Lu|[spread] p2a,p2b\n|-supereffective|p2a: Ting-Lu\n|-damage|p2a: Ting-Lu|15\/100\n|-damage|p2b: Chi-Yu|48\/100\n|move|p2b: Chi-Yu|Heat Wave|p1a: Flutter Mane|[spread] p1a\n|-miss|p2b: Chi-Yu|p1b: Gothitelle\n|-supereffective|p1a: Flutter Mane\n|-damage|p1a: Flutter Mane|0 fnt\n|faint|p1a: Flutter Mane\n|-end|p1a: Flutter Mane|Protosynthesis|[silent]\n|move|p2a: Ting-Lu|Fissure|p1b: Gothitelle\n|-damage|p1b: Gothitelle|0 fnt\n|faint|p1b: Gothitelle\n|-ohko\n|\n|-heal|p2b: Chi-Yu|54\/100|[from] item: Leftovers\n|upkeep\n|\n|t:|1682190254\n|switch|p1b: Corviknight|Corviknight, L50, F|100\/100\n|turn|5\n|c|\u2606Milk A Rush|Lol\n|c|\u2606Milk A Rush|you didn\u2019t have to do that but ok\n|\n|t:|1682190278\n|move|p2b: Chi-Yu|Heat Wave|p1b: Corviknight\n|-supereffective|p1b: Corviknight\n|-damage|p1b: Corviknight|0 fnt\n|faint|p1b: Corviknight\n|\n|win|jorgeporrasss\n|raw|Milk A Rush's rating: 1326 → 1308<\/strong> (-18 for losing)\n|raw|jorgeporrasss's rating: 1356 → 1374<\/strong> (+18 for winning)\n","uploadtime":1682190284,"views":11,"p1id":"milkarush","p2id":"jorgeporrasss","formatid":"gen9vgc2023regulationc","rating":1308,"private":0,"password":""}