{"id":"gen9vgc2023regulationc-1851593396","p1":"JustAWoterBattle","p2":"PanchamNerd","format":"[Gen 9] VGC 2023 Regulation C","log":"|j|\u2606JustAWoterBattle\n|j|\u2606PanchamNerd\n|t:|1682459097\n|gametype|doubles\n|player|p1|JustAWoterBattle|roxanne|1133\n|player|p2|PanchamNerd|hilbert|1048\n|teamsize|p1|6\n|teamsize|p2|6\n|gen|9\n|tier|[Gen 9] VGC 2023 Regulation C\n|rated|\n|rule|Species Clause: Limit one of each Pok\u00e9mon\n|rule|Item Clause: Limit one of each item\n|clearpoke\n|poke|p1|Meowscarada, L50, M|\n|poke|p1|Magnezone, L50|\n|poke|p1|Chien-Pao, L50|\n|poke|p1|Dragonite, L50, F|\n|poke|p1|Clodsire, L50, M|\n|poke|p1|Arcanine, L50, F|\n|poke|p2|Lucario, L50, M|\n|poke|p2|Maushold-Four, L50|\n|poke|p2|Armarouge, L50, M|\n|poke|p2|Indeedee-F, L50, F|\n|poke|p2|Roaring Moon, L50|\n|poke|p2|Flutter Mane, L50|\n|teampreview|4\n|inactive|Battle timer is ON: inactive players will automatically lose when time's up. (requested by PanchamNerd)\nPanchamNerd has agreed to open team sheets.\n|\n|t:|1682459128\n|start\n|switch|p1a: Dragonite|Dragonite, L50, F|100\/100\n|switch|p1b: Chien-Pao|Chien-Pao, L50|100\/100\n|switch|p2a: Frenemy|Maushold-Four, L50|100\/100\n|switch|p2b: BIG BRAIN|Lucario, L50, M, shiny|100\/100\n|-ability|p1b: Chien-Pao|Sword of Ruin\n|turn|1\n|\n|t:|1682459148\n|-terastallize|p2b: BIG BRAIN|Ghost\n|-terastallize|p1a: Dragonite|Flying\n|move|p1b: Chien-Pao|Protect|p1b: Chien-Pao\n|-singleturn|p1b: Chien-Pao|Protect\n|move|p2a: Frenemy|Beat Up|p2b: BIG BRAIN\n|-supereffective|p2b: BIG BRAIN\n|-damage|p2b: BIG BRAIN|94\/100\n|-ability|p2b: BIG BRAIN|Justified|boost\n|-boost|p2b: BIG BRAIN|atk|1\n|-enditem|p2b: BIG BRAIN|Weakness Policy\n|-boost|p2b: BIG BRAIN|atk|2|[from] item: Weakness Policy\n|-boost|p2b: BIG BRAIN|spa|2|[from] item: Weakness Policy\n|-supereffective|p2b: BIG BRAIN\n|-damage|p2b: BIG BRAIN|85\/100\n|-ability|p2b: BIG BRAIN|Justified|boost\n|-boost|p2b: BIG BRAIN|atk|1\n|-supereffective|p2b: BIG BRAIN\n|-damage|p2b: BIG BRAIN|74\/100\n|-ability|p2b: BIG BRAIN|Justified|boost\n|-boost|p2b: BIG BRAIN|atk|1\n|-supereffective|p2b: BIG BRAIN\n|-damage|p2b: BIG BRAIN|68\/100\n|-ability|p2b: BIG BRAIN|Justified|boost\n|-boost|p2b: BIG BRAIN|atk|1\n|-hitcount|p2b: BIG BRAIN|4\n|move|p2b: BIG BRAIN|Drain Punch|p1b: Chien-Pao\n|-activate|p1b: Chien-Pao|move: Protect\n|move|p1a: Dragonite|Low Kick|p2a: Frenemy\n|-supereffective|p2a: Frenemy\n|-damage|p2a: Frenemy|64\/100\n|\n|upkeep\n|turn|2\n|inactive|JustAWoterBattle has 30 seconds left.\n|inactive|PanchamNerd has 30 seconds left.\n|inactive|JustAWoterBattle has 20 seconds left.\n|inactive|JustAWoterBattle has 15 seconds left.\n|\n|t:|1682459192\n|switch|p1a: Clodsire|Clodsire, L50, M|100\/100\n|move|p2a: Frenemy|Follow Me|p2a: Frenemy\n|-singleturn|p2a: Frenemy|move: Follow Me\n|move|p1b: Chien-Pao|Ice Spinner|p2a: Frenemy\n|-damage|p2a: Frenemy|0 fnt\n|faint|p2a: Frenemy\n|-damage|p1b: Chien-Pao|91\/100|[from] item: Life Orb\n|move|p2b: BIG BRAIN|Drain Punch|p1b: Chien-Pao\n|-supereffective|p1b: Chien-Pao\n|-damage|p1b: Chien-Pao|0 fnt\n|-heal|p2b: BIG BRAIN|100\/100|[from] drain|[of] p1b: Chien-Pao\n|faint|p1b: Chien-Pao\n|\n|upkeep\n|\n|t:|1682459210\n|switch|p1b: Dragonite|Dragonite, L50, F, tera:Flying|100\/100\n|switch|p2a: Balanced|Roaring Moon, L50, shiny|100\/100\n|-enditem|p2a: Balanced|Booster Energy\n|-activate|p2a: Balanced|ability: Protosynthesis|[fromitem]\n|-start|p2a: Balanced|protosynthesisspe\n|turn|3\n|\n|t:|1682459232\n|move|p2a: Balanced|Acrobatics|p1b: Dragonite\n|-damage|p1b: Dragonite|59\/100\n|move|p2b: BIG BRAIN|Shadow Claw|p1b: Dragonite\n|-crit|p1b: Dragonite\n|-damage|p1b: Dragonite|0 fnt\n|faint|p1b: Dragonite\n|move|p1a: Clodsire|Earthquake|p2b: BIG BRAIN|[spread] p2a,p2b\n|-damage|p2a: Balanced|73\/100\n|-damage|p2b: BIG BRAIN|65\/100\n|\n|upkeep\n|\n|t:|1682459241\n|switch|p1b: Missie|Meowscarada, L50, M, shiny|100\/100\n|turn|4\n|\n|t:|1682459255\n|move|p1b: Missie|Sucker Punch|p2b: BIG BRAIN\n|-start|p1b: Missie|typechange|Dark|[from] ability: Protean\n|-supereffective|p2b: BIG BRAIN\n|-damage|p2b: BIG BRAIN|0 fnt\n|faint|p2b: BIG BRAIN\n|move|p2a: Balanced|Acrobatics|p1b: Missie\n|-damage|p1b: Missie|33\/100\n|move|p1a: Clodsire|Yawn|p2a: Balanced\n|-start|p2a: Balanced|move: Yawn|[of] p1a: Clodsire\n|\n|upkeep\n|\n|t:|1682459265\n|switch|p2b: Nightmare|Flutter Mane, L50, shiny|100\/100\n|turn|5\n|\n|t:|1682459288\n|move|p2a: Balanced|Acrobatics|p1b: Missie\n|-damage|p1b: Missie|0 fnt\n|faint|p1b: Missie\n|move|p2b: Nightmare|Energy Ball|p1a: Clodsire\n|-damage|p1a: Clodsire|70\/100\n|move|p1a: Clodsire|Acid Spray|p2b: Nightmare\n|-damage|p2b: Nightmare|91\/100\n|-unboost|p2b: Nightmare|spd|2\n|\n|-heal|p1a: Clodsire|76\/100|[from] item: Black Sludge\n|-end|p2a: Balanced|move: Yawn|[silent]\n|-status|p2a: Balanced|slp\n|upkeep\n|turn|6\n|\n|t:|1682459305\n|cant|p2a: Balanced|slp\n|move|p2b: Nightmare|Energy Ball|p1a: Clodsire\n|-damage|p1a: Clodsire|48\/100\n|move|p1a: Clodsire|Earthquake|p2b: Nightmare|[spread] p2a,p2b\n|-damage|p2a: Balanced|45\/100 slp\n|-damage|p2b: Nightmare|52\/100\n|\n|-heal|p1a: Clodsire|54\/100|[from] item: Black Sludge\n|upkeep\n|turn|7\n|\n|t:|1682459318\n|cant|p2a: Balanced|slp\n|move|p2b: Nightmare|Energy Ball|p1a: Clodsire\n|-damage|p1a: Clodsire|25\/100\n|move|p1a: Clodsire|Earthquake|p2a: Balanced|[spread] p2a,p2b\n|-damage|p2a: Balanced|17\/100 slp\n|-damage|p2b: Nightmare|12\/100\n|\n|-heal|p1a: Clodsire|30\/100|[from] item: Black Sludge\n|upkeep\n|turn|8\n|\n|t:|1682459329\n|cant|p2a: Balanced|slp\n|move|p2b: Nightmare|Energy Ball|p1a: Clodsire\n|-damage|p1a: Clodsire|1\/100\n|move|p1a: Clodsire|Earthquake|p2a: Balanced|[spread] p2a,p2b\n|-damage|p2a: Balanced|0 fnt\n|-damage|p2b: Nightmare|0 fnt\n|faint|p2a: Balanced\n|-end|p2a: Balanced|Protosynthesis|[silent]\n|faint|p2b: Nightmare\n|-end|p2b: Nightmare|Protosynthesis|[silent]\n|\n|win|JustAWoterBattle\n|raw|JustAWoterBattle's rating: 1133 → 1152<\/strong> (+19 for winning)\n|raw|PanchamNerd's rating: 1048 → 1035<\/strong> (-13 for losing)\n|c|\u2606JustAWoterBattle|:)\n|c|\u2606PanchamNerd|no way i lost\n|c|\u2606PanchamNerd|nooooooooo\n|c|\u2606PanchamNerd|gg\n|c|\u2606JustAWoterBattle|GG\n|l|\u2606PanchamNerd\n","uploadtime":1682459355,"views":17,"p1id":"justawoterbattle","p2id":"panchamnerd","formatid":"gen9vgc2023regulationc","rating":1035,"private":0,"password":""}