{"id":"gen9vgc2023regulationc-1858993741","p1":"Testiqleton","p2":"rent_b0i","format":"[Gen 9] VGC 2023 Regulation C","log":"|j|\u2606Testiqleton\n|j|\u2606rent_b0i\n|t:|1683392043\n|gametype|doubles\n|player|p1|Testiqleton|teamrocket|\n|player|p2|rent_b0i|rood|\n|teamsize|p1|6\n|teamsize|p2|6\n|gen|9\n|tier|[Gen 9] VGC 2023 Regulation C\n|rated|Tournament battle\n|rule|Species Clause: Limit one of each Pok\u00e9mon\n|rule|Item Clause: Limit one of each item\n|clearpoke\n|poke|p1|Garchomp, L50, M|\n|poke|p1|Talonflame, L50, M|\n|poke|p1|Iron Bundle, L50|\n|poke|p1|Gholdengo, L50|\n|poke|p1|Iron Hands, L50|\n|poke|p1|Chien-Pao, L50|\n|poke|p2|Flutter Mane, L50|\n|poke|p2|Chi-Yu, L50|\n|poke|p2|Roaring Moon, L50|\n|poke|p2|Jumpluff, L50, F|\n|poke|p2|Wo-Chien, L50|\n|poke|p2|Torkoal, L50, F|\n|teampreview|4\n|raw| Open Team Sheet for Testiqleton<\/summary>Garchomp @ Clear Amulet Ability: Rough Skin Level: 50 Tera Type: Fire - Earthquake - Stomping Tantrum - Rock Slide - Protect Talonflame @ Safety Goggles Ability: Gale Wings Level: 50 Tera Type: Ghost - Brave Bird - Tailwind - Will-O-Wisp - Taunt Iron Bundle @ Booster Energy Ability: Quark Drive Level: 50 Tera Type: Ice - Hydro Pump - Freeze-Dry - Icy Wind - Protect Gholdengo @ Choice Specs Ability: Good as Gold Level: 50 Tera Type: Steel - Make It Rain - Shadow Ball - Thunderbolt - Trick Iron Hands @ Assault Vest Ability: Quark Drive Level: 50 Tera Type: Grass - Fake Out - Drain Punch - Wild Charge - Heavy Slam Chien-Pao @ Focus Sash Ability: Sword of Ruin Level: 50 Tera Type: Ghost - Ice Spinner - Sucker Punch - Sacred Sword - Haze <\/details><\/div> Open Team Sheet for rent_b0i<\/summary>Flutter Mane @ Power Anklet Ability: Protosynthesis Level: 50 Tera Type: Grass - Dazzling Gleam - Shadow Ball - Substitute - Trick Room Chi-Yu @ Safety Goggles Ability: Beads of Ruin Level: 50 Tera Type: Grass - Flamethrower - Dark Pulse - Tera Blast - Protect Roaring Moon @ Weakness Policy Ability: Protosynthesis Level: 50 Tera Type: Ground - Protect - Earthquake - Acrobatics - Rock Slide Jumpluff (F) @ Focus Sash Ability: Chlorophyll Level: 50 Shiny: Yes Tera Type: Ghost - Rage Powder - Absorb - Sleep Powder - Protect Wo-Chien @ Eject Pack Ability: Tablets of Ruin Level: 50 Tera Type: Poison - Leaf Storm - Pollen Puff - Dark Pulse - Substitute Torkoal (F) @ Choice Specs Ability: Drought Level: 50 Shiny: Yes Tera Type: Fire - Eruption - Flamethrower - Heat Wave - Helping Hand <\/details><\/div>\n|inactive|Battle timer is ON: inactive players will automatically lose when time's up. (requested by rent_b0i)\n|inactive|Testiqleton has 60 seconds left.\n|inactive|Testiqleton has 30 seconds left.\n|\n|t:|1683392104\n|start\n|switch|p1a: Garchomp|Garchomp, L50, M|100\/100\n|switch|p1b: Talonflame|Talonflame, L50, M|100\/100\n|switch|p2a: Flutter Mane|Flutter Mane, L50|100\/100\n|switch|p2b: Wo-Chien|Wo-Chien, L50|100\/100\n|-ability|p2b: Wo-Chien|Tablets of Ruin\n|turn|1\n|inactive|Testiqleton has 30 seconds left.\n|inactive|rent_b0i has 30 seconds left.\n|inactive|Testiqleton has 20 seconds left.\n|\n|t:|1683392142\n|move|p1b: Talonflame|Taunt|p2a: Flutter Mane\n|-start|p2a: Flutter Mane|move: Taunt\n|move|p1a: Garchomp|Earthquake|p2a: Flutter Mane|[spread] p2a,p2b\n|-immune|p1b: Talonflame\n|-resisted|p2b: Wo-Chien\n|-damage|p2a: Flutter Mane|65\/100\n|-damage|p2b: Wo-Chien|85\/100\n|move|p2b: Wo-Chien|Leaf Storm|p1a: Garchomp\n|-damage|p1a: Garchomp|34\/100\n|-unboost|p2b: Wo-Chien|spa|2\n|-enditem|p2b: Wo-Chien|Eject Pack\n|\n|t:|1683392157\n|switch|p2b: Chi-Yu|Chi-Yu, L50|100\/100\n|-ability|p2b: Chi-Yu|Beads of Ruin\n|cant|p2a: Flutter Mane|move: Taunt|Trick Room\n|\n|upkeep\n|turn|2\n|\n|t:|1683392177\n|-terastallize|p2a: Flutter Mane|Grass\n|move|p1b: Talonflame|Tailwind|p1b: Talonflame\n|-sidestart|p1: Testiqleton|move: Tailwind\n|move|p1a: Garchomp|Earthquake|p2a: Flutter Mane|[spread] p2a,p2b\n|-immune|p1b: Talonflame\n|-resisted|p2a: Flutter Mane\n|-supereffective|p2b: Chi-Yu\n|-damage|p2a: Flutter Mane|43\/100\n|-damage|p2b: Chi-Yu|2\/100\n|move|p2b: Chi-Yu|Dark Pulse|p1b: Talonflame\n|-damage|p1b: Talonflame|28\/100\n|move|p2a: Flutter Mane|Dazzling Gleam|p1a: Garchomp|[spread] p1a,p1b\n|-supereffective|p1a: Garchomp\n|-resisted|p1b: Talonflame\n|-damage|p1a: Garchomp|0 fnt\n|-damage|p1b: Talonflame|4\/100\n|faint|p1a: Garchomp\n|\n|upkeep\n|inactive|Testiqleton has 30 seconds left.\n|c|\u2606rent_b0i|probably a bit of a low roll\n|\n|t:|1683392207\n|switch|p1a: Iron Hands|Iron Hands, L50|100\/100\n|turn|3\n|inactive|rent_b0i has 30 seconds left.\n|\n|t:|1683392234\n|-end|p2a: Flutter Mane|Protosynthesis|[silent]\n|switch|p2a: Torkoal|Torkoal, L50, F, shiny|100\/100\n|-weather|SunnyDay|[from] ability: Drought|[of] p2a: Torkoal\n|move|p2b: Chi-Yu|Protect|p2b: Chi-Yu\n|-singleturn|p2b: Chi-Yu|Protect\n|move|p1a: Iron Hands|Fake Out|p2b: Chi-Yu\n|-activate|p2b: Chi-Yu|move: Protect\n|move|p1b: Talonflame|Brave Bird|p2a: Torkoal\n|-damage|p2a: Torkoal|75\/100\n|-damage|p1b: Talonflame|0 fnt|[from] Recoil\n|faint|p1b: Talonflame\n|\n|-weather|SunnyDay|[upkeep]\n|upkeep\n|\n|t:|1683392241\n|switch|p1b: Chien-Pao|Chien-Pao, L50|100\/100\n|-ability|p1b: Chien-Pao|Sword of Ruin\n|turn|4\n|inactive|Testiqleton has 30 seconds left.\n|\n|t:|1683392268\n|move|p1b: Chien-Pao|Ice Spinner|p2b: Chi-Yu\n|-resisted|p2b: Chi-Yu\n|-damage|p2b: Chi-Yu|0 fnt\n|faint|p2b: Chi-Yu\n|move|p1a: Iron Hands|Wild Charge|p2a: Torkoal\n|-damage|p2a: Torkoal|22\/100\n|-damage|p1a: Iron Hands|91\/100|[from] Recoil\n|move|p2a: Torkoal|Heat Wave|p1b: Chien-Pao|[spread] p1a,p1b\n|-supereffective|p1b: Chien-Pao\n|-damage|p1a: Iron Hands|57\/100\n|-enditem|p1b: Chien-Pao|Focus Sash\n|-damage|p1b: Chien-Pao|1\/100\n|\n|-weather|SunnyDay|[upkeep]\n|upkeep\n|inactive|rent_b0i has 30 seconds left.\n|\n|t:|1683392300\n|switch|p2b: Wo-Chien|Wo-Chien, L50|85\/100\n|-ability|p2b: Wo-Chien|Tablets of Ruin\n|turn|5\n|inactive|Testiqleton has 30 seconds left.\n|\n|t:|1683392335\n|-terastallize|p1a: Iron Hands|Grass\n|move|p1b: Chien-Pao|Ice Spinner|p2b: Wo-Chien\n|-supereffective|p2b: Wo-Chien\n|-damage|p2b: Wo-Chien|8\/100\n|move|p1a: Iron Hands|Wild Charge|p2a: Torkoal\n|-damage|p2a: Torkoal|0 fnt\n|faint|p2a: Torkoal\n|-damage|p1a: Iron Hands|53\/100|[from] Recoil\n|move|p2b: Wo-Chien|Pollen Puff|p2: Torkoal|[notarget]\n|-fail|p2b: Wo-Chien\n|\n|-weather|SunnyDay|[upkeep]\n|-sideend|p1: Testiqleton|move: Tailwind\n|upkeep\n|\n|t:|1683392344\n|switch|p2a: Flutter Mane|Flutter Mane, L50, tera:Grass|43\/100\n|-activate|p2a: Flutter Mane|ability: Protosynthesis\n|-start|p2a: Flutter Mane|protosynthesisspa\n|turn|6\n|\n|t:|1683392363\n|move|p1b: Chien-Pao|Ice Spinner|p2a: Flutter Mane\n|-supereffective|p2a: Flutter Mane\n|-damage|p2a: Flutter Mane|0 fnt\n|faint|p2a: Flutter Mane\n|-end|p2a: Flutter Mane|Protosynthesis|[silent]\n|move|p1a: Iron Hands|Drain Punch|p2b: Wo-Chien\n|-supereffective|p2b: Wo-Chien\n|-damage|p2b: Wo-Chien|0 fnt\n|-heal|p1a: Iron Hands|56\/100|[from] drain|[of] p2b: Wo-Chien\n|faint|p2b: Wo-Chien\n|\n|win|Testiqleton\n|n|\u2606Testiqleton|testiqleton\n|n|\u2606rent_b0i|rentb0i\n|l|\u2606rent_b0i\n","uploadtime":1683393777,"views":12,"p1id":"testiqleton","p2id":"rentb0i","formatid":"gen9vgc2023regulationc","rating":0,"private":0,"password":""}