{"id":"gen9vgc2023regulationc-1851550902","p1":"Nehzzy","p2":"N3rdSl4y3r","format":"[Gen 9] VGC 2023 Regulation C","log":"|j|\u2606Nehzzy\n|j|\u2606N3rdSl4y3r\n|t:|1682454875\n|gametype|doubles\n|player|p1|Nehzzy|steven|\n|player|p2|N3rdSl4y3r|rika|\n|teamsize|p1|6\n|teamsize|p2|6\n|gen|9\n|tier|[Gen 9] VGC 2023 Regulation C\n|rule|Species Clause: Limit one of each Pok\u00e9mon\n|rule|Item Clause: Limit one of each item\n|clearpoke\n|poke|p1|Palafin, L50, M|\n|poke|p1|Arcanine, L50, M|\n|poke|p1|Flutter Mane, L50|\n|poke|p1|Amoonguss, L50, M|\n|poke|p1|Ting-Lu, L50|\n|poke|p1|Baxcalibur, L50, M|\n|poke|p2|Breloom, L50, F|\n|poke|p2|Chi-Yu, L50|\n|poke|p2|Azumarill, L50, F|\n|poke|p2|Baxcalibur, L50, M|\n|poke|p2|Flutter Mane, L50|\n|poke|p2|Maushold-Four, L50|\n|teampreview|4\n|c|\u2606N3rdSl4y3r|glhf!\nN3rdSl4y3r has agreed to open team sheets.\nNehzzy has agreed to open team sheets.\n|c|\u2606Nehzzy|GLHF!\n|c|\u2606N3rdSl4y3r|wait brb\n|inactive|Battle timer is ON: inactive players will automatically lose when time's up. (requested by Nehzzy)\n|inactiveoff|Battle timer is now OFF.\n|c|\u2606Nehzzy|Oh okay\n|c|\u2606N3rdSl4y3r|I'm back\n|c|\u2606Nehzzy|Alright!\n|\n|t:|1682455012\n|start\n|switch|p1a: Palafin|Palafin, L50, M|100\/100\n|switch|p1b: Flutter Mane|Flutter Mane, L50|100\/100\n|switch|p2a: Hovering Cane|Flutter Mane, L50|100\/100\n|switch|p2b: Cryolophosaurus|Baxcalibur, L50, M|100\/100\n|-enditem|p2a: Hovering Cane|Booster Energy\n|-activate|p2a: Hovering Cane|ability: Protosynthesis|[fromitem]\n|-start|p2a: Hovering Cane|protosynthesisspa\n|turn|1\n|\n|t:|1682455083\n|detailschange|p1a: Palafin|Palafin-Hero, L50, M\n|switch|p1a: Amoonguss|Amoonguss, L50, M|100\/100\n|-terastallize|p2b: Cryolophosaurus|Poison\n|move|p2a: Hovering Cane|Protect|p2a: Hovering Cane\n|-singleturn|p2a: Hovering Cane|Protect\n|move|p1b: Flutter Mane|Moonblast|p2b: Cryolophosaurus\n|-resisted|p2b: Cryolophosaurus\n|-damage|p2b: Cryolophosaurus|63\/100\n|move|p2b: Cryolophosaurus|Icicle Crash|p1b: Flutter Mane\n|-damage|p1b: Flutter Mane|14\/100\n|\n|upkeep\n|turn|2\n|\n|t:|1682455126\n|-end|p1b: Flutter Mane|Protosynthesis|[silent]\n|switch|p1b: Palafin|Palafin-Hero, L50, M|100\/100\n|-activate|p1b: Palafin|ability: Zero to Hero\n|move|p2a: Hovering Cane|Shadow Ball|p1a: Amoonguss\n|-damage|p1a: Amoonguss|46\/100\n|-enditem|p1a: Amoonguss|Sitrus Berry|[eat]\n|-heal|p1a: Amoonguss|71\/100|[from] item: Sitrus Berry\n|move|p2b: Cryolophosaurus|Icicle Crash|p1a: Amoonguss\n|-supereffective|p1a: Amoonguss\n|-damage|p1a: Amoonguss|0 fnt\n|faint|p1a: Amoonguss\n|\n|upkeep\n|\n|t:|1682455145\n|switch|p1a: Flutter Mane|Flutter Mane, L50|14\/100\n|turn|3\n|\n|t:|1682455167\n|-end|p1a: Flutter Mane|Protosynthesis|[silent]\n|switch|p1a: Ting-Lu|Ting-Lu, L50|100\/100\n|-ability|p1a: Ting-Lu|Vessel of Ruin\n|-terastallize|p1b: Palafin|Water\n|move|p2b: Cryolophosaurus|Ice Shard|p1a: Ting-Lu\n|-supereffective|p1a: Ting-Lu\n|-damage|p1a: Ting-Lu|73\/100\n|move|p1b: Palafin|Jet Punch|p2b: Cryolophosaurus\n|-damage|p2b: Cryolophosaurus|2\/100\n|move|p2a: Hovering Cane|Thunderbolt|p1b: Palafin\n|-supereffective|p1b: Palafin\n|-damage|p1b: Palafin|31\/100\n|\n|upkeep\n|turn|4\n|c|\u2606N3rdSl4y3r|uhhh\n|c|\u2606N3rdSl4y3r|I may have forgotten\n|c|\u2606N3rdSl4y3r|that you had a 3 mon\n|c|\u2606N3rdSl4y3r|lol\n|\n|t:|1682455229\n|switch|p2b: GOAT|Breloom, L50, F, shiny|100\/100\n|move|p1b: Palafin|Jet Punch|p2a: Hovering Cane\n|-damage|p2a: Hovering Cane|0 fnt\n|faint|p2a: Hovering Cane\n|-end|p2a: Hovering Cane|Protosynthesis|[silent]\n|move|p1a: Ting-Lu|Heavy Slam|p2b: GOAT\n|-crit|p2b: GOAT\n|-damage|p2b: GOAT|3\/100\n|\n|upkeep\n|\n|t:|1682455239\n|switch|p2a: Jorunna Parva|Azumarill, L50, F, shiny|100\/100\n|turn|5\n|c|\u2606N3rdSl4y3r|yikes\n|\n|t:|1682455287\n|switch|p1a: Flutter Mane|Flutter Mane, L50|14\/100\n|move|p2b: GOAT|Bullet Seed|p1a: Flutter Mane\n|-damage|p1a: Flutter Mane|0 fnt\n|faint|p1a: Flutter Mane\n|-end|p1a: Flutter Mane|Protosynthesis|[silent]\n|-hitcount|p1: Flutter Mane|1\n|move|p1b: Palafin|Wave Crash|p2a: Jorunna Parva\n|-resisted|p2a: Jorunna Parva\n|-damage|p2a: Jorunna Parva|32\/100\n|-enditem|p2a: Jorunna Parva|Sitrus Berry|[eat]\n|-heal|p2a: Jorunna Parva|57\/100|[from] item: Sitrus Berry\n|-damage|p1b: Palafin|9\/100|[from] Recoil\n|move|p2a: Jorunna Parva|Play Rough|p1b: Palafin\n|-damage|p1b: Palafin|0 fnt\n|faint|p1b: Palafin\n|\n|upkeep\n|\n|t:|1682455303\n|switch|p1b: Ting-Lu|Ting-Lu, L50|73\/100\n|-ability|p1b: Ting-Lu|Vessel of Ruin\n|turn|6\n|\n|t:|1682455315\n|move|p2b: GOAT|Spore|p1b: Ting-Lu\n|-status|p1b: Ting-Lu|slp|[from] move: Spore\n|move|p2a: Jorunna Parva|Liquidation|p1b: Ting-Lu\n|-supereffective|p1b: Ting-Lu\n|-damage|p1b: Ting-Lu|13\/100 slp\n|cant|p1b: Ting-Lu|slp\n|\n|upkeep\n|turn|7\n|\n|t:|1682455325\n|move|p2b: GOAT|Bullet Seed|p1b: Ting-Lu\n|-supereffective|p1b: Ting-Lu\n|-damage|p1b: Ting-Lu|0 fnt\n|faint|p1b: Ting-Lu\n|-hitcount|p1: Ting-Lu|1\n|\n|win|N3rdSl4y3r\n|c|\u2606Nehzzy|Gg\n|c|\u2606N3rdSl4y3r|gg\n|c|\u2606N3rdSl4y3r|that was tense\n","uploadtime":1682455334,"views":16,"p1id":"nehzzy","p2id":"n3rdsl4y3r","formatid":"gen9vgc2023regulationc","rating":0,"private":0,"password":""}