{"id":"gen9vgc2023regulationc-1851271714","p1":"c_gull","p2":"chisa18","format":"[Gen 9] VGC 2023 Regulation C","log":"|j|\u2606c_gull\n|j|\u2606chisa18\n|t:|1682431464\n|gametype|doubles\n|player|p1|c_gull|266|1138\n|player|p2|chisa18|youngcouple-gen4dp|1073\n|teamsize|p1|6\n|teamsize|p2|6\n|gen|9\n|tier|[Gen 9] VGC 2023 Regulation C\n|rated|\n|rule|Species Clause: Limit one of each Pok\u00e9mon\n|rule|Item Clause: Limit one of each item\n|clearpoke\n|poke|p1|Amoonguss, L50, F|\n|poke|p1|Kingambit, L50, M|\n|poke|p1|Great Tusk, L50|\n|poke|p1|Rotom-Heat, L50|\n|poke|p1|Gyarados, L50, F|\n|poke|p1|Chien-Pao, L50|\n|poke|p2|Flutter Mane, L50|\n|poke|p2|Iron Bundle, L50|\n|poke|p2|Chi-Yu, L50|\n|poke|p2|Amoonguss, L50, F|\n|poke|p2|Talonflame, L50, M|\n|poke|p2|Garchomp, L50, M|\n|teampreview|4\n|inactive|Battle timer is ON: inactive players will automatically lose when time's up. (requested by c_gull)\n|\n|t:|1682431485\n|start\n|switch|p1a: Great Tusk|Great Tusk, L50|100\/100\n|switch|p1b: Kingambit|Kingambit, L50, M|100\/100\n|switch|p2a: Amoonguss|Amoonguss, L50, F|100\/100\n|switch|p2b: Iron Bundle|Iron Bundle, L50|100\/100\n|-enditem|p2b: Iron Bundle|Booster Energy\n|-activate|p2b: Iron Bundle|ability: Quark Drive|[fromitem]\n|-start|p2b: Iron Bundle|quarkdrivespe\n|turn|1\n|inactive|c_gull has 30 seconds left.\n|\n|t:|1682431514\n|-end|p1a: Great Tusk|Protosynthesis|[silent]\n|switch|p1a: Gyarados|Gyarados, L50, F|100\/100\n|-ability|p1a: Gyarados|Intimidate|boost\n|-unboost|p2a: Amoonguss|atk|1\n|-unboost|p2b: Iron Bundle|atk|1\n|move|p1b: Kingambit|Protect|p1b: Kingambit\n|-singleturn|p1b: Kingambit|Protect\n|move|p2b: Iron Bundle|Icy Wind|p1a: Gyarados|[spread] p1a\n|-activate|p1b: Kingambit|move: Protect\n|-damage|p1a: Gyarados|84\/100\n|-unboost|p1a: Gyarados|spe|1\n|move|p2a: Amoonguss|Spore|p1b: Kingambit\n|-activate|p1b: Kingambit|move: Protect\n|\n|upkeep\n|turn|2\n|inactive|c_gull has 30 seconds left.\n|\n|t:|1682431545\n|switch|p1a: Rotom|Rotom-Heat, L50|100\/100\n|move|p2b: Iron Bundle|Freeze-Dry|p1a: Rotom\n|-resisted|p1a: Rotom\n|-damage|p1a: Rotom|84\/100\n|move|p1b: Kingambit|Iron Head|p2a: Amoonguss\n|-damage|p2a: Amoonguss|62\/100\n|cant|p2a: Amoonguss|flinch\n|\n|-heal|p1a: Rotom|90\/100|[from] item: Leftovers\n|upkeep\n|turn|3\n|\n|t:|1682431565\n|-terastallize|p1a: Rotom|Electric\n|move|p1b: Kingambit|Protect|p1b: Kingambit\n|-singleturn|p1b: Kingambit|Protect\n|move|p2b: Iron Bundle|Icy Wind|p1a: Rotom|[spread] p1a\n|-activate|p1b: Kingambit|move: Protect\n|-damage|p1a: Rotom|72\/100\n|-unboost|p1a: Rotom|spe|1\n|move|p1a: Rotom|Discharge|p2b: Iron Bundle|[spread] p2a,p2b\n|-activate|p1b: Kingambit|move: Protect\n|-resisted|p2a: Amoonguss\n|-supereffective|p2b: Iron Bundle\n|-damage|p2a: Amoonguss|50\/100\n|-damage|p2b: Iron Bundle|0 fnt\n|-enditem|p2a: Amoonguss|Sitrus Berry|[eat]\n|-heal|p2a: Amoonguss|75\/100|[from] item: Sitrus Berry\n|faint|p2b: Iron Bundle\n|-end|p2b: Iron Bundle|Quark Drive|[silent]\n|move|p2a: Amoonguss|Spore|p1b: Kingambit\n|-activate|p1b: Kingambit|move: Protect\n|\n|-heal|p1a: Rotom|78\/100|[from] item: Leftovers\n|upkeep\n|\n|t:|1682431586\n|switch|p2b: Chi-Yu|Chi-Yu, L50|100\/100\n|-ability|p2b: Chi-Yu|Beads of Ruin\n|turn|4\n|\n|t:|1682431597\n|switch|p1b: Gyarados|Gyarados, L50, F|84\/100\n|-ability|p1b: Gyarados|Intimidate|boost\n|-unboost|p2a: Amoonguss|atk|1\n|-unboost|p2b: Chi-Yu|atk|1\n|-terastallize|p2b: Chi-Yu|Grass\n|move|p2b: Chi-Yu|Snarl|p1a: Rotom|[spread] p1a,p1b\n|-crit|p1b: Gyarados\n|-damage|p1a: Rotom|51\/100\n|-damage|p1b: Gyarados|50\/100\n|-unboost|p1a: Rotom|spa|1\n|-unboost|p1b: Gyarados|spa|1\n|-enditem|p1b: Gyarados|Sitrus Berry|[eat]\n|-heal|p1b: Gyarados|75\/100|[from] item: Sitrus Berry\n|move|p1a: Rotom|Overheat|p2a: Amoonguss\n|-supereffective|p2a: Amoonguss\n|-damage|p2a: Amoonguss|3\/100\n|-unboost|p1a: Rotom|spa|2\n|move|p2a: Amoonguss|Spore|p1b: Gyarados\n|-status|p1b: Gyarados|slp|[from] move: Spore\n|\n|-heal|p1a: Rotom|57\/100|[from] item: Leftovers\n|upkeep\n|turn|5\n|\n|t:|1682431622\n|switch|p1b: Great Tusk|Great Tusk, L50|100\/100\n|move|p2a: Amoonguss|Protect|p2a: Amoonguss\n|-singleturn|p2a: Amoonguss|Protect\n|move|p2b: Chi-Yu|Snarl|p1b: Great Tusk|[spread] p1a,p1b\n|-resisted|p1b: Great Tusk\n|-damage|p1a: Rotom|29\/100\n|-damage|p1b: Great Tusk|84\/100\n|-unboost|p1a: Rotom|spa|1\n|-unboost|p1b: Great Tusk|spa|1\n|move|p1a: Rotom|Discharge|p2a: Amoonguss|[spread] p2b\n|-activate|p2a: Amoonguss|move: Protect\n|-immune|p1b: Great Tusk\n|-resisted|p2b: Chi-Yu\n|-crit|p2b: Chi-Yu\n|-damage|p2b: Chi-Yu|87\/100\n|\n|-heal|p1a: Rotom|35\/100|[from] item: Leftovers\n|upkeep\n|turn|6\n|inactive|chisa18 has 30 seconds left.\n|\n|t:|1682431649\n|move|p2a: Amoonguss|Rage Powder|p2a: Amoonguss\n|-singleturn|p2a: Amoonguss|move: Rage Powder\n|move|p1b: Great Tusk|Close Combat|p2a: Amoonguss\n|-resisted|p2a: Amoonguss\n|-damage|p2a: Amoonguss|0 fnt\n|-unboost|p1b: Great Tusk|def|1\n|-unboost|p1b: Great Tusk|spd|1\n|faint|p2a: Amoonguss\n|move|p2b: Chi-Yu|Tera Blast|p1b: Great Tusk\n|-supereffective|p1b: Great Tusk\n|-damage|p1b: Great Tusk|0 fnt\n|faint|p1b: Great Tusk\n|-end|p1b: Great Tusk|Protosynthesis|[silent]\n|move|p1a: Rotom|Discharge|p2b: Chi-Yu\n|-resisted|p2b: Chi-Yu\n|-damage|p2b: Chi-Yu|82\/100\n|\n|-heal|p1a: Rotom|41\/100|[from] item: Leftovers\n|upkeep\n|\n|t:|1682431663\n|switch|p1b: Kingambit|Kingambit, L50, M|100\/100\n|switch|p2a: Flutter Mane|Flutter Mane, L50|100\/100\n|turn|7\n|\n|t:|1682431679\n|switch|p1a: Gyarados|Gyarados, L50, F|75\/100 slp\n|-ability|p1a: Gyarados|Intimidate|boost\n|-unboost|p2a: Flutter Mane|atk|1\n|-unboost|p2b: Chi-Yu|atk|1\n|move|p2a: Flutter Mane|Protect|p2a: Flutter Mane\n|-singleturn|p2a: Flutter Mane|Protect\n|move|p1b: Kingambit|Sucker Punch|p2b: Chi-Yu\n|-damage|p2b: Chi-Yu|10\/100\n|move|p2b: Chi-Yu|Tera Blast|p1b: Kingambit\n|-resisted|p1b: Kingambit\n|-damage|p1b: Kingambit|78\/100\n|\n|upkeep\n|turn|8\n|inactive|c_gull has 30 seconds left.\n|\n|t:|1682431707\n|move|p1b: Kingambit|Protect|p1b: Kingambit\n|-singleturn|p1b: Kingambit|Protect\n|move|p2a: Flutter Mane|Shadow Ball|p1b: Kingambit\n|-activate|p1b: Kingambit|move: Protect\n|move|p2b: Chi-Yu|Snarl|p1a: Gyarados|[spread] p1a\n|-activate|p1b: Kingambit|move: Protect\n|-damage|p1a: Gyarados|52\/100 slp\n|-unboost|p1a: Gyarados|spa|1\n|cant|p1a: Gyarados|slp\n|\n|upkeep\n|turn|9\n|inactive|chisa18 has 30 seconds left.\n|\n|t:|1682431736\n|move|p2a: Flutter Mane|Shadow Ball|p1b: Kingambit\n|-resisted|p1b: Kingambit\n|-damage|p1b: Kingambit|44\/100\n|-unboost|p1b: Kingambit|spd|1\n|-ability|p1b: Kingambit|Defiant|boost\n|-boost|p1b: Kingambit|atk|2\n|-damage|p2a: Flutter Mane|91\/100|[from] item: Life Orb\n|move|p2b: Chi-Yu|Tera Blast|p1a: Gyarados\n|-damage|p1a: Gyarados|9\/100 slp\n|-curestatus|p1a: Gyarados|slp|[msg]\n|move|p1a: Gyarados|Waterfall|p2b: Chi-Yu\n|-resisted|p2b: Chi-Yu\n|-damage|p2b: Chi-Yu|0 fnt\n|faint|p2b: Chi-Yu\n|move|p1b: Kingambit|Iron Head|p2a: Flutter Mane\n|-supereffective|p2a: Flutter Mane\n|-damage|p2a: Flutter Mane|0 fnt\n|faint|p2a: Flutter Mane\n|-end|p2a: Flutter Mane|Protosynthesis|[silent]\n|\n|win|c_gull\n|raw|c_gull's rating: 1138 → 1158<\/strong> (+20 for winning)\n|raw|chisa18's rating: 1073 → 1056<\/strong> (-17 for losing)\n|l|\u2606chisa18\n","uploadtime":1682431754,"views":15,"p1id":"cgull","p2id":"chisa18","formatid":"gen9vgc2023regulationc","rating":1056,"private":0,"password":""}