{"id":"gen9vgc2023regulationc-1852167366","p1":"Imatrysomething","p2":"Altsaka2","format":"[Gen 9] VGC 2023 Regulation C","log":"|j|\u2606Imatrysomething\n|j|\u2606Altsaka2\n|t:|1682529670\n|gametype|doubles\n|player|p1|Imatrysomething|hiker-gen4|1141\n|player|p2|Altsaka2|swimmerf-gen4|1119\n|teamsize|p1|6\n|teamsize|p2|6\n|gen|9\n|tier|[Gen 9] VGC 2023 Regulation C\n|rated|\n|rule|Species Clause: Limit one of each Pok\u00e9mon\n|rule|Item Clause: Limit one of each item\n|clearpoke\n|poke|p1|Ceruledge, L50, M|\n|poke|p1|Lurantis, L50, M|\n|poke|p1|Torkoal, L50, M|\n|poke|p1|Flutter Mane, L50|\n|poke|p1|Arboliva, L50, M|\n|poke|p1|Jumpluff, L50, F|\n|poke|p2|Ting-Lu, L50|\n|poke|p2|Iron Hands, L50|\n|poke|p2|Flutter Mane, L50|\n|poke|p2|Amoonguss, L50, M|\n|poke|p2|Arcanine, L50, F|\n|poke|p2|Palafin, L50, F|\n|teampreview|4\n|inactive|Battle timer is ON: inactive players will automatically lose when time's up. (requested by Altsaka2)\nAltsaka2 rejected open team sheets.\n|\n|t:|1682529719\n|start\n|switch|p1a: Jumpluff|Jumpluff, L50, F|100\/100\n|switch|p1b: Lurantis|Lurantis, L50, M|100\/100\n|switch|p2a: Ting-Lu|Ting-Lu, L50|100\/100\n|switch|p2b: Palafin|Palafin, L50, F|100\/100\n|-ability|p2a: Ting-Lu|Vessel of Ruin\n|turn|1\n|inactive|Altsaka2 has 30 seconds left.\n|\n|t:|1682529744\n|-terastallize|p2a: Ting-Lu|Grass\n|move|p2b: Palafin|Protect|p2b: Palafin\n|-singleturn|p2b: Palafin|Protect\n|move|p1a: Jumpluff|Tailwind|p1a: Jumpluff\n|-sidestart|p1: Imatrysomething|move: Tailwind\n|move|p1b: Lurantis|Petal Blizzard|p2b: Palafin|[spread] p1a,p2a\n|-activate|p2b: Palafin|move: Protect\n|-resisted|p1a: Jumpluff\n|-resisted|p2a: Ting-Lu\n|-damage|p1a: Jumpluff|91\/100\n|-damage|p2a: Ting-Lu|91\/100\n|move|p2a: Ting-Lu|Fissure|p1b: Lurantis|[miss]\n|-miss|p2a: Ting-Lu|p1b: Lurantis\n|\n|upkeep\n|turn|2\n|\n|t:|1682529763\n|detailschange|p2b: Palafin|Palafin-Hero, L50, F\n|switch|p2b: Arcanine|Arcanine, L50, F|100\/100\n|-ability|p2b: Arcanine|Intimidate|boost\n|-unboost|p1a: Jumpluff|atk|1\n|-boost|p1b: Lurantis|atk|1\n|move|p1a: Jumpluff|Charm|p1b: Lurantis\n|-boost|p1b: Lurantis|atk|2\n|move|p1b: Lurantis|Petal Blizzard|p2b: Arcanine|[spread] p1a,p2a,p2b\n|-resisted|p1a: Jumpluff\n|-resisted|p2a: Ting-Lu\n|-resisted|p2b: Arcanine\n|-damage|p1a: Jumpluff|65\/100\n|-damage|p2a: Ting-Lu|67\/100\n|-damage|p2b: Arcanine|58\/100\n|move|p2a: Ting-Lu|Stomping Tantrum|p1b: Lurantis\n|-resisted|p1b: Lurantis\n|-damage|p1b: Lurantis|57\/100\n|\n|upkeep\n|turn|3\n|inactive|Altsaka2 has 30 seconds left.\n|\n|t:|1682529797\n|switch|p1b: Ceruledge|Ceruledge, L50, M|100\/100\n|move|p1a: Jumpluff|U-turn|p2a: Ting-Lu\n|-supereffective|p2a: Ting-Lu\n|-damage|p2a: Ting-Lu|59\/100\n|\n|t:|1682529804\n|switch|p1a: Lurantis|Lurantis, L50, M|57\/100|[from] U-turn\n|move|p2b: Arcanine|Flare Blitz|p1a: Lurantis\n|-supereffective|p1a: Lurantis\n|-damage|p1a: Lurantis|0 fnt\n|faint|p1a: Lurantis\n|-damage|p2b: Arcanine|44\/100|[from] Recoil\n|move|p2a: Ting-Lu|Fissure|p1b: Ceruledge|[miss]\n|-miss|p2a: Ting-Lu|p1b: Ceruledge\n|\n|upkeep\n|\n|t:|1682529810\n|switch|p1a: Jumpluff|Jumpluff, L50, F|65\/100\n|turn|4\n|\n|t:|1682529829\n|switch|p1a: Flutter Mane|Flutter Mane, L50|100\/100\n|-terastallize|p1b: Ceruledge|Grass\n|move|p2b: Arcanine|Protect|p2b: Arcanine\n|-singleturn|p2b: Arcanine|Protect\n|move|p1b: Ceruledge|Swords Dance|p1b: Ceruledge\n|-boost|p1b: Ceruledge|atk|2\n|move|p2a: Ting-Lu|Stomping Tantrum|p1b: Ceruledge\n|-resisted|p1b: Ceruledge\n|-damage|p1b: Ceruledge|55\/100\n|\n|-sideend|p1: Imatrysomething|move: Tailwind\n|upkeep\n|turn|5\n|inactive|Imatrysomething has 30 seconds left.\n|inactive|Altsaka2 has 30 seconds left.\n|inactive|Altsaka2 has 20 seconds left.\n|inactive|Altsaka2 has 15 seconds left.\n|inactive|Altsaka2 has 10 seconds left.\n|\n|t:|1682529875\n|move|p1b: Ceruledge|Bitter Blade|p2a: Ting-Lu\n|-supereffective|p2a: Ting-Lu\n|-damage|p2a: Ting-Lu|0 fnt\n|-heal|p1b: Ceruledge|100\/100|[from] drain|[of] p2a: Ting-Lu\n|faint|p2a: Ting-Lu\n|-damage|p1b: Ceruledge|90\/100|[from] item: Life Orb\n|move|p1a: Flutter Mane|Shadow Ball|p2b: Arcanine\n|-damage|p2b: Arcanine|0 fnt\n|faint|p2b: Arcanine\n|\n|upkeep\n|\n|t:|1682529885\n|switch|p2b: Palafin|Palafin-Hero, L50, F|100\/100\n|switch|p2a: Iron Hands|Iron Hands, L50|100\/100\n|-activate|p2b: Palafin|ability: Zero to Hero\n|turn|6\n|\n|t:|1682529904\n|move|p2a: Iron Hands|Fake Out|p1b: Ceruledge\n|-damage|p1b: Ceruledge|69\/100\n|move|p2b: Palafin|Jet Punch|p1a: Flutter Mane\n|-damage|p1a: Flutter Mane|15\/100\n|cant|p1b: Ceruledge|flinch\n|move|p1a: Flutter Mane|Moonblast|p2a: Iron Hands\n|-supereffective|p2a: Iron Hands\n|-damage|p2a: Iron Hands|3\/100\n|-unboost|p2a: Iron Hands|spa|1\n|\n|upkeep\n|turn|7\n|inactive|Imatrysomething has 30 seconds left.\n|\n|t:|1682529933\n|move|p2b: Palafin|Jet Punch|p1a: Flutter Mane\n|-damage|p1a: Flutter Mane|0 fnt\n|faint|p1a: Flutter Mane\n|-end|p1a: Flutter Mane|Protosynthesis|[silent]\n|move|p1b: Ceruledge|Shadow Claw|p2b: Palafin\n|-crit|p2b: Palafin\n|-damage|p2b: Palafin|0 fnt\n|faint|p2b: Palafin\n|-damage|p1b: Ceruledge|59\/100|[from] item: Life Orb\n|move|p2a: Iron Hands|Drain Punch|p1b: Ceruledge\n|-damage|p1b: Ceruledge|0 fnt\n|-heal|p2a: Iron Hands|22\/100|[from] drain|[of] p1b: Ceruledge\n|faint|p1b: Ceruledge\n|\n|upkeep\n|\n|t:|1682529946\n|switch|p1a: Jumpluff|Jumpluff, L50, F|65\/100\n|turn|8\n|\n|t:|1682529964\n|move|p1a: Jumpluff|Charm|p2a: Iron Hands\n|-unboost|p2a: Iron Hands|atk|2\n|move|p2a: Iron Hands|Wild Charge|p1a: Jumpluff\n|-damage|p1a: Jumpluff|31\/100\n|-damage|p2a: Iron Hands|15\/100|[from] Recoil\n|\n|upkeep\n|turn|9\n|\n|t:|1682529980\n|move|p1a: Jumpluff|Encore|p2a: Iron Hands\n|-start|p2a: Iron Hands|Encore\n|move|p2a: Iron Hands|Wild Charge|p1a: Jumpluff\n|-damage|p1a: Jumpluff|0 fnt\n|faint|p1a: Jumpluff\n|-damage|p2a: Iron Hands|9\/100|[from] Recoil\n|\n|win|Altsaka2\n|raw|Imatrysomething's rating: 1141 → 1114<\/strong> (-27 for losing)\n|raw|Altsaka2's rating: 1119 → 1146<\/strong> (+27 for winning)\n|c|\u2606Imatrysomething|Gg\n|l|\u2606Imatrysomething\n|c|\u2606Altsaka2|Gg\n","uploadtime":1682530011,"views":15,"p1id":"imatrysomething","p2id":"altsaka2","formatid":"gen9vgc2023regulationc","rating":1114,"private":0,"password":""}