{"id":"gen9vgc2023regulationc-1861480241","p1":"WillieDangerously","p2":"Peppe1224","format":"[Gen 9] VGC 2023 Regulation C","log":"|j|\u2606WillieDangerously\n|j|\u2606Peppe1224\n|t:|1683763042\n|gametype|doubles\n|player|p1|WillieDangerously|psychic-gen4|1193\n|player|p2|Peppe1224|266|1119\n|teamsize|p1|6\n|teamsize|p2|6\n|gen|9\n|tier|[Gen 9] VGC 2023 Regulation C\n|rated|\n|rule|Species Clause: Limit one of each Pok\u00e9mon\n|rule|Item Clause: Limit one of each item\n|clearpoke\n|poke|p1|Gholdengo, L50|\n|poke|p1|Wo-Chien, L50|\n|poke|p1|Iron Bundle, L50|\n|poke|p1|Dragapult, L50, F|\n|poke|p1|Hippowdon, L50, F|\n|poke|p1|Glimmora, L50, M|\n|poke|p2|Chien-Pao, L50|\n|poke|p2|Arcanine, L50, M|\n|poke|p2|Flutter Mane, L50|\n|poke|p2|Amoonguss, L50, M|\n|poke|p2|Iron Hands, L50|\n|poke|p2|Palafin, L50, M|\n|teampreview|4\n|\n|t:|1683763080\n|start\n|switch|p1a: Glimmora|Glimmora, L50, M|100\/100\n|switch|p1b: Hippowdon|Hippowdon, L50, F|100\/100\n|switch|p2a: Arcanine|Arcanine, L50, M|100\/100\n|switch|p2b: Flutter Mane|Flutter Mane, L50|100\/100\n|-ability|p2a: Arcanine|Intimidate|boost\n|-unboost|p1a: Glimmora|atk|1\n|-unboost|p1b: Hippowdon|atk|1\n|-weather|Sandstorm|[from] ability: Sand Stream|[of] p1b: Hippowdon\n|-enditem|p2b: Flutter Mane|Booster Energy\n|-activate|p2b: Flutter Mane|ability: Protosynthesis|[fromitem]\n|-start|p2b: Flutter Mane|protosynthesisspa\n|turn|1\n|\n|t:|1683763113\n|-end|p2b: Flutter Mane|Protosynthesis|[silent]\n|switch|p2b: Chien-Pao|Chien-Pao, L50|100\/100\n|-ability|p2b: Chien-Pao|Sword of Ruin\n|move|p1a: Glimmora|Mortal Spin|p2a: Arcanine|[spread] p2a,p2b\n|-crit|p2a: Arcanine\n|-damage|p2a: Arcanine|91\/100\n|-damage|p2b: Chien-Pao|97\/100\n|-status|p2a: Arcanine|psn\n|-status|p2b: Chien-Pao|psn\n|move|p2a: Arcanine|Will-O-Wisp|p1b: Hippowdon\n|-status|p1b: Hippowdon|brn\n|move|p1b: Hippowdon|Sand Tomb|p2a: Arcanine\n|-supereffective|p2a: Arcanine\n|-damage|p2a: Arcanine|79\/100 psn\n|-activate|p2a: Arcanine|move: Sand Tomb|[of] p1b: Hippowdon\n|\n|-weather|Sandstorm|[upkeep]\n|-damage|p2b: Chien-Pao|91\/100 psn|[from] Sandstorm\n|-damage|p2a: Arcanine|73\/100 psn|[from] Sandstorm\n|-damage|p2b: Chien-Pao|79\/100 psn|[from] psn\n|-damage|p2a: Arcanine|60\/100 psn|[from] psn\n|-damage|p1b: Hippowdon|94\/100 brn|[from] brn\n|-damage|p2a: Arcanine|48\/100 psn|[from] move: Sand Tomb|[partiallytrapped]\n|upkeep\n|-enditem|p2a: Arcanine|Sitrus Berry|[eat]\n|-heal|p2a: Arcanine|73\/100 psn|[from] item: Sitrus Berry\n|turn|2\n|\n|t:|1683763164\n|-terastallize|p1b: Hippowdon|Water\n|move|p2b: Chien-Pao|Ice Spinner|p1b: Hippowdon\n|-resisted|p1b: Hippowdon\n|-damage|p1b: Hippowdon|77\/100 brn\n|move|p1a: Glimmora|Power Gem|p2b: Chien-Pao\n|-supereffective|p2b: Chien-Pao\n|-damage|p2b: Chien-Pao|0 fnt\n|faint|p2b: Chien-Pao\n|move|p2a: Arcanine|Flare Blitz|p1a: Glimmora\n|-resisted|p1a: Glimmora\n|-damage|p1a: Glimmora|79\/100\n|-activate|p1a: Glimmora|ability: Toxic Debris\n|-sidestart|p2: Peppe1224|move: Toxic Spikes\n|-damage|p2a: Arcanine|67\/100 psn|[from] Recoil\n|move|p1b: Hippowdon|Stealth Rock|p2a: Arcanine\n|-sidestart|p2: Peppe1224|move: Stealth Rock\n|\n|-weather|Sandstorm|[upkeep]\n|-damage|p2a: Arcanine|61\/100 psn|[from] Sandstorm\n|-damage|p1b: Hippowdon|71\/100 brn|[from] Sandstorm\n|-damage|p2a: Arcanine|49\/100 psn|[from] psn\n|-damage|p1b: Hippowdon|65\/100 brn|[from] brn\n|-damage|p2a: Arcanine|37\/100 psn|[from] move: Sand Tomb|[partiallytrapped]\n|upkeep\n|\n|t:|1683763192\n|switch|p2b: Iron Hands|Iron Hands, L50|100\/100\n|-status|p2b: Iron Hands|psn\n|-damage|p2b: Iron Hands|94\/100 psn|[from] Stealth Rock\n|turn|3\n|\n|t:|1683763212\n|move|p1b: Hippowdon|Protect|p1b: Hippowdon\n|-singleturn|p1b: Hippowdon|Protect\n|move|p2a: Arcanine|Extreme Speed|p1a: Glimmora\n|-resisted|p1a: Glimmora\n|-damage|p1a: Glimmora|70\/100\n|-activate|p1a: Glimmora|ability: Toxic Debris\n|-sidestart|p2: Peppe1224|move: Toxic Spikes\n|move|p1a: Glimmora|Earth Power|p2b: Iron Hands\n|-supereffective|p2b: Iron Hands\n|-damage|p2b: Iron Hands|56\/100 psn\n|move|p2b: Iron Hands|Drain Punch|p1b: Hippowdon\n|-activate|p1b: Hippowdon|move: Protect\n|\n|-weather|Sandstorm|[upkeep]\n|-damage|p2a: Arcanine|30\/100 psn|[from] Sandstorm\n|-damage|p2b: Iron Hands|50\/100 psn|[from] Sandstorm\n|-damage|p1b: Hippowdon|58\/100 brn|[from] Sandstorm\n|-heal|p2b: Iron Hands|56\/100 psn|[from] item: Leftovers\n|-damage|p2a: Arcanine|18\/100 psn|[from] psn\n|-damage|p2b: Iron Hands|44\/100 psn|[from] psn\n|-damage|p1b: Hippowdon|52\/100 brn|[from] brn\n|-damage|p2a: Arcanine|6\/100 psn|[from] move: Sand Tomb|[partiallytrapped]\n|upkeep\n|turn|4\n|l|\u2606Peppe1224\n|player|p2|\n|j|\u2606Peppe1224\n|player|p2|Peppe1224|266\n|\n|t:|1683763267\n|move|p2a: Arcanine|Extreme Speed|p1b: Hippowdon\n|-damage|p1b: Hippowdon|40\/100 brn\n|move|p1a: Glimmora|Earth Power|p2b: Iron Hands\n|-supereffective|p2b: Iron Hands\n|-damage|p2b: Iron Hands|0 fnt\n|faint|p2b: Iron Hands\n|-end|p2b: Iron Hands|Quark Drive|[silent]\n|move|p1b: Hippowdon|Sand Tomb|p2a: Arcanine|[miss]\n|-miss|p1b: Hippowdon|p2a: Arcanine\n|\n|-weather|Sandstorm|[upkeep]\n|-damage|p2a: Arcanine|0 fnt|[from] Sandstorm\n|-damage|p1b: Hippowdon|34\/100 brn|[from] Sandstorm\n|faint|p2a: Arcanine\n|-damage|p1b: Hippowdon|28\/100 brn|[from] brn\n|upkeep\n|\n|t:|1683763291\n|switch|p2a: Flutter Mane|Flutter Mane, L50|100\/100\n|-status|p2a: Flutter Mane|tox\n|-damage|p2a: Flutter Mane|88\/100 tox|[from] Stealth Rock\n|turn|5\n|\n|t:|1683763301\n|move|p2a: Flutter Mane|Shadow Ball|p1b: Hippowdon\n|-damage|p1b: Hippowdon|0 fnt\n|faint|p1b: Hippowdon\n|move|p1a: Glimmora|Power Gem|p2a: Flutter Mane\n|-damage|p2a: Flutter Mane|50\/100 tox\n|\n|-weather|none\n|-damage|p2a: Flutter Mane|44\/100 tox|[from] psn\n|upkeep\n|\n|t:|1683763311\n|switch|p1b: Dragapult|Dragapult, L50, F|100\/100\n|turn|6\n|\n|t:|1683763321\n|-terastallize|p2a: Flutter Mane|Fairy\n|move|p1b: Dragapult|Protect|p1b: Dragapult\n|-singleturn|p1b: Dragapult|Protect\n|move|p2a: Flutter Mane|Shadow Ball|p1b: Dragapult\n|-activate|p1b: Dragapult|move: Protect\n|move|p1a: Glimmora|Power Gem|p2a: Flutter Mane\n|-damage|p2a: Flutter Mane|8\/100 tox\n|\n|-damage|p2a: Flutter Mane|0 fnt|[from] psn\n|faint|p2a: Flutter Mane\n|-end|p2a: Flutter Mane|Protosynthesis|[silent]\n|\n|win|WillieDangerously\n|upkeep\n|raw|WillieDangerously's rating: 1193 → 1213<\/strong> (+20 for winning)\n|raw|Peppe1224's rating: 1119 → 1099<\/strong> (-20 for losing)\n","uploadtime":1683763333,"views":1,"p1id":"williedangerously","p2id":"peppe1224","formatid":"gen9vgc2023regulationc","rating":1099,"private":0,"password":""}