{"id":"gen9vgc2023regulationc-1861546267","p1":"surrex","p2":"Funnyman Krebs","format":"[Gen 9] VGC 2023 Regulation C","log":"|j|\u2606surrex\n|j|\u2606Funnyman Krebs\n|t:|1683771418\n|gametype|doubles\n|player|p1|surrex|rosa|1471\n|player|p2|Funnyman Krebs|wallace|1645\n|teamsize|p1|6\n|teamsize|p2|6\n|gen|9\n|tier|[Gen 9] VGC 2023 Regulation C\n|rated|\n|rule|Species Clause: Limit one of each Pok\u00e9mon\n|rule|Item Clause: Limit one of each item\n|clearpoke\n|poke|p1|Arcanine, L50, M|\n|poke|p1|Dragonite, L50, M|\n|poke|p1|Gastrodon, L50, F|\n|poke|p1|Orthworm, L50, M|\n|poke|p1|Flutter Mane, L50|\n|poke|p1|Ting-Lu, L50|\n|poke|p2|Glimmora, L50, M|\n|poke|p2|Iron Bundle, L50|\n|poke|p2|Chi-Yu, L50|\n|poke|p2|Dragonite, L50, F|\n|poke|p2|Dondozo, L50, F|\n|poke|p2|Tatsugiri, L50, M|\n|teampreview|4\nFunnyman Krebs has agreed to open team sheets.\nsurrex has agreed to open team sheets.\n|inactive|Battle timer is ON: inactive players will automatically lose when time's up. (requested by Funnyman Krebs)\n|\n|t:|1683771444\n|start\n|switch|p1a: Orthworm|Orthworm, L50, M|100\/100\n|switch|p1b: Ting-Lu|Ting-Lu, L50|100\/100\n|switch|p2a: Iron Santa|Iron Bundle, L50, shiny|100\/100\n|switch|p2b: Tiny|Dragonite, L50, F|100\/100\n|-ability|p1b: Ting-Lu|Vessel of Ruin\n|-enditem|p2a: Iron Santa|Booster Energy\n|-activate|p2a: Iron Santa|ability: Quark Drive|[fromitem]\n|-start|p2a: Iron Santa|quarkdrivespe\n|turn|1\n|\n|t:|1683771463\n|move|p2a: Iron Santa|Hydro Pump|p1b: Ting-Lu\n|-supereffective|p1b: Ting-Lu\n|-damage|p1b: Ting-Lu|54\/100\n|move|p2b: Tiny|Ice Spinner|p1b: Ting-Lu\n|-supereffective|p1b: Ting-Lu\n|-damage|p1b: Ting-Lu|11\/100\n|move|p1b: Ting-Lu|Ruination|p2b: Tiny\n|-damage|p2b: Tiny|50\/100\n|move|p1a: Orthworm|Iron Defense|p1a: Orthworm\n|-boost|p1a: Orthworm|def|2\n|\n|upkeep\n|turn|2\n|inactive|Funnyman Krebs has 30 seconds left.\n|\n|t:|1683771490\n|move|p2a: Iron Santa|Hydro Pump|p1a: Orthworm\n|-damage|p1a: Orthworm|55\/100\n|move|p2b: Tiny|Ice Spinner|p1b: Ting-Lu\n|-supereffective|p1b: Ting-Lu\n|-damage|p1b: Ting-Lu|0 fnt\n|faint|p1b: Ting-Lu\n|move|p1a: Orthworm|Body Press|p2a: Iron Santa\n|-supereffective|p2a: Iron Santa\n|-damage|p2a: Iron Santa|0 fnt\n|faint|p2a: Iron Santa\n|-end|p2a: Iron Santa|Quark Drive|[silent]\n|\n|upkeep\n|\n|t:|1683771502\n|switch|p2a: Large Marge|Dondozo, L50, F|100\/100\n|switch|p1b: Gastrodon|Gastrodon, L50, F|100\/100\n|turn|3\n|inactive|surrex has 30 seconds left.\n|inactive|Funnyman Krebs has 30 seconds left.\n|\n|t:|1683771532\n|move|p2a: Large Marge|Protect|p2a: Large Marge\n|-singleturn|p2a: Large Marge|Protect\n|move|p2b: Tiny|Ice Spinner|p1b: Gastrodon\n|-damage|p1b: Gastrodon|59\/100\n|move|p1a: Orthworm|Heavy Slam|p2b: Tiny\n|-damage|p2b: Tiny|36\/100\n|move|p1b: Gastrodon|Clear Smog|p2a: Large Marge\n|-activate|p2a: Large Marge|move: Protect\n|\n|-heal|p1b: Gastrodon|66\/100|[from] item: Leftovers\n|upkeep\n|turn|4\n|\n|t:|1683771548\n|move|p1b: Gastrodon|Protect|p1b: Gastrodon\n|-singleturn|p1b: Gastrodon|Protect\n|move|p2b: Tiny|Ice Spinner|p1b: Gastrodon\n|-activate|p1b: Gastrodon|move: Protect\n|move|p1a: Orthworm|Body Press|p2b: Tiny\n|-resisted|p2b: Tiny\n|-crit|p2b: Tiny\n|-damage|p2b: Tiny|0 fnt\n|faint|p2b: Tiny\n|move|p2a: Large Marge|Wave Crash|p1b: Gastrodon\n|-activate|p1b: Gastrodon|ability: Storm Drain\n|-activate|p1b: Gastrodon|move: Protect\n|\n|-heal|p1b: Gastrodon|72\/100|[from] item: Leftovers\n|upkeep\n|\n|t:|1683771559\n|switch|p2b: Sashimi|Tatsugiri, L50, M|100\/100\n|-activate|p2b: Sashimi|ability: Commander|[of] p2a: Large Marge\n|-boost|p2a: Large Marge|atk|2\n|-boost|p2a: Large Marge|spa|2\n|-boost|p2a: Large Marge|spe|2\n|-boost|p2a: Large Marge|def|2\n|-boost|p2a: Large Marge|spd|2\n|turn|5\n|\n|t:|1683771569\n|-terastallize|p2a: Large Marge|Grass\n|move|p2a: Large Marge|Tera Blast|p1b: Gastrodon\n|-supereffective|p1b: Gastrodon\n|-damage|p1b: Gastrodon|0 fnt\n|faint|p1b: Gastrodon\n|move|p1a: Orthworm|Body Press|p2a: Large Marge\n|-damage|p2a: Large Marge|90\/100\n|\n|-heal|p2a: Large Marge|97\/100|[from] item: Leftovers\n|upkeep\n|\n|t:|1683771573\n|switch|p1b: Dragonite|Dragonite, L50, M|100\/100\n|turn|6\n|\n|t:|1683771596\n|-terastallize|p1b: Dragonite|Flying\n|move|p2a: Large Marge|Wave Crash|p1a: Orthworm\n|-damage|p1a: Orthworm|0 fnt\n|faint|p1a: Orthworm\n|-damage|p2a: Large Marge|83\/100|[from] Recoil\n|move|p1b: Dragonite|Tera Blast|p2a: Large Marge\n|-supereffective|p2a: Large Marge\n|-damage|p2a: Large Marge|46\/100\n|\n|-heal|p2a: Large Marge|52\/100|[from] item: Leftovers\n|upkeep\n|turn|7\n|\n|t:|1683771607\n|move|p2a: Large Marge|Protect|p2a: Large Marge\n|-singleturn|p2a: Large Marge|Protect\n|move|p1b: Dragonite|Tera Blast|p2a: Large Marge\n|-activate|p2a: Large Marge|move: Protect\n|\n|-heal|p2a: Large Marge|58\/100|[from] item: Leftovers\n|upkeep\n|turn|8\n|\n|t:|1683771616\n|move|p2a: Large Marge|Wave Crash|p1b: Dragonite\n|-damage|p1b: Dragonite|58\/100\n|-damage|p2a: Large Marge|46\/100|[from] Recoil\n|move|p1b: Dragonite|Tera Blast|p2a: Large Marge\n|-supereffective|p2a: Large Marge\n|-damage|p2a: Large Marge|14\/100\n|\n|-heal|p2a: Large Marge|20\/100|[from] item: Leftovers\n|upkeep\n|turn|9\n|\n|t:|1683771624\n|move|p2a: Large Marge|Protect|p2a: Large Marge\n|-singleturn|p2a: Large Marge|Protect\n|move|p1b: Dragonite|Tera Blast|p2a: Large Marge\n|-activate|p2a: Large Marge|move: Protect\n|\n|-heal|p2a: Large Marge|26\/100|[from] item: Leftovers\n|upkeep\n|turn|10\n|\n|t:|1683771630\n|move|p2a: Large Marge|Wave Crash|p1b: Dragonite|[miss]\n|-miss|p2a: Large Marge|p1b: Dragonite\n|move|p1b: Dragonite|Tera Blast|p2a: Large Marge\n|-supereffective|p2a: Large Marge\n|-damage|p2a: Large Marge|0 fnt\n|faint|p2a: Large Marge\n|\n|upkeep\n|turn|11\n|\n|t:|1683771647\n|move|p2b: Sashimi|Draco Meteor|p1b: Dragonite\n|-damage|p1b: Dragonite|0 fnt\n|-unboost|p2b: Sashimi|spa|2\n|faint|p1b: Dragonite\n|\n|win|Funnyman Krebs\n|raw|surrex's rating: 1471 → 1460<\/strong> (-11 for losing)\n|raw|Funnyman Krebs's rating: 1645 → 1656<\/strong> (+11 for winning)\n|c|\u2606Funnyman Krebs|That was scary\n","uploadtime":1683771662,"views":30,"p1id":"surrex","p2id":"funnymankrebs","formatid":"gen9vgc2023regulationc","rating":1460,"private":0,"password":""}