{"id":"gen9vgc2023regulationc-1846843263","p1":"Onepromaster69","p2":"SSZIYECH","format":"[Gen 9] VGC 2023 Regulation C","log":"|j|\u2606Onepromaster69\n|j|\u203dSSZIYECH\n|t:|1681889104\n|gametype|doubles\n|player|p1|Onepromaster69|lance|1000\n|player|p2|SSZIYECH|265|1000\n|teamsize|p1|6\n|teamsize|p2|6\n|gen|9\n|tier|[Gen 9] VGC 2023 Regulation C\n|rated|\n|rule|Species Clause: Limit one of each Pok\u00e9mon\n|rule|Item Clause: Limit one of each item\n|clearpoke\n|poke|p1|Amoonguss, L50, M|\n|poke|p1|Skeledirge, L50, F|\n|poke|p1|Kingambit, L50, M|\n|poke|p1|Dondozo, L50, F|\n|poke|p1|Corviknight, L50, M|\n|poke|p1|Flutter Mane, L50|\n|poke|p2|Ting-Lu, L50|\n|poke|p2|Gholdengo, L50|\n|poke|p2|Dragonair, L50, M|\n|poke|p2|Arcanine, L50, F|\n|poke|p2|Flutter Mane, L50|\n|poke|p2|Wo-Chien, L50|\n|teampreview|4\n|\n|t:|1681889154\n|start\n|switch|p1a: Sussy baka|Amoonguss, L50, M, shiny|100\/100\n|switch|p1b: Da biggest birb|Corviknight, L50, M|100\/100\n|switch|p2a: Dragonair|Dragonair, L50, M|100\/100\n|switch|p2b: Ting-Lu|Ting-Lu, L50|100\/100\n|-ability|p1b: Da biggest birb|Pressure\n|-ability|p2b: Ting-Lu|Vessel of Ruin\n|turn|1\n|\n|t:|1681889205\n|-terastallize|p1a: Sussy baka|Water\n|move|p1b: Da biggest birb|Light Screen|p1b: Da biggest birb\n|-sidestart|p1: Onepromaster69|move: Light Screen\n|move|p2a: Dragonair|Substitute|p2a: Dragonair\n|-start|p2a: Dragonair|Substitute\n|-damage|p2a: Dragonair|75\/100\n|move|p1a: Sussy baka|Spore|p2b: Ting-Lu\n|-status|p2b: Ting-Lu|slp|[from] move: Spore\n|cant|p2b: Ting-Lu|slp\n|\n|-status|p2a: Dragonair|brn|[from] item: Flame Orb\n|upkeep\n|turn|2\n|\n|t:|1681889225\n|move|p1b: Da biggest birb|Reflect|p1b: Da biggest birb\n|-sidestart|p1: Onepromaster69|Reflect\n|move|p2a: Dragonair|Icy Wind|p1b: Da biggest birb|[spread] p1a,p1b\n|-resisted|p1a: Sussy baka\n|-damage|p1a: Sussy baka|99\/100\n|-damage|p1b: Da biggest birb|98\/100\n|-unboost|p1a: Sussy baka|spe|1\n|-unboost|p1b: Da biggest birb|spe|1\n|-curestatus|p2b: Ting-Lu|slp|[msg]\n|move|p2b: Ting-Lu|Ruination|p1a: Sussy baka\n|-damage|p1a: Sussy baka|50\/100\n|move|p1a: Sussy baka|Spore||[still]\n|-fail|p1a: Sussy baka\n|\n|-damage|p2a: Dragonair|70\/100 brn|[from] brn\n|upkeep\n|turn|3\n|\n|t:|1681889285\n|move|p2a: Dragonair|Protect|p2a: Dragonair\n|-singleturn|p2a: Dragonair|Protect\n|move|p1b: Da biggest birb|Brave Bird|p2b: Ting-Lu\n|-damage|p2b: Ting-Lu|66\/100\n|-damage|p1b: Da biggest birb|82\/100|[from] Recoil\n|move|p2b: Ting-Lu|Stomping Tantrum|p1a: Sussy baka\n|-damage|p1a: Sussy baka|23\/100\n|move|p1a: Sussy baka|Energy Ball|p2b: Ting-Lu\n|-supereffective|p2b: Ting-Lu\n|-damage|p2b: Ting-Lu|48\/100\n|\n|-damage|p2a: Dragonair|64\/100 brn|[from] brn\n|upkeep\n|turn|4\n|\n|t:|1681889322\n|move|p2a: Dragonair|Thunder Wave|p1a: Sussy baka\n|-status|p1a: Sussy baka|par\n|move|p1b: Da biggest birb|U-turn|p2b: Ting-Lu\n|-supereffective|p2b: Ting-Lu\n|-damage|p2b: Ting-Lu|28\/100\n|\n|t:|1681889333\n|switch|p1b: Goofy ahh|Flutter Mane, L50|100\/100|[from] U-turn\n|move|p2b: Ting-Lu|Stomping Tantrum|p1a: Sussy baka\n|-damage|p1a: Sussy baka|0 fnt\n|faint|p1a: Sussy baka\n|\n|-damage|p2a: Dragonair|58\/100 brn|[from] brn\n|upkeep\n|\n|t:|1681889345\n|switch|p1a: Birb on face|Skeledirge, L50, F|100\/100\n|turn|5\n|\n|t:|1681889394\n|-terastallize|p2b: Ting-Lu|Poison\n|move|p1b: Goofy ahh|Moonblast|p2b: Ting-Lu\n|-resisted|p2b: Ting-Lu\n|-damage|p2b: Ting-Lu|17\/100\n|-damage|p1b: Goofy ahh|91\/100|[from] item: Life Orb\n|move|p2a: Dragonair|Icy Wind|p1b: Goofy ahh|[spread] p1a,p1b\n|-resisted|p1a: Birb on face\n|-damage|p1a: Birb on face|99\/100\n|-damage|p1b: Goofy ahh|87\/100\n|-unboost|p1a: Birb on face|spe|1\n|-unboost|p1b: Goofy ahh|spe|1\n|move|p2b: Ting-Lu|Heavy Slam|p1b: Goofy ahh\n|-supereffective|p1b: Goofy ahh\n|-damage|p1b: Goofy ahh|0 fnt\n|faint|p1b: Goofy ahh\n|-end|p1b: Goofy ahh|Protosynthesis|[silent]\n|move|p1a: Birb on face|Tera Blast|p2a: Dragonair\n|-activate|p2a: Dragonair|move: Substitute|[damage]\n|\n|-heal|p1a: Birb on face|100\/100|[from] item: Leftovers\n|-damage|p2a: Dragonair|52\/100 brn|[from] brn\n|-sideend|p1: Onepromaster69|move: Light Screen\n|upkeep\n|\n|t:|1681889420\n|switch|p1b: Da biggest birb|Corviknight, L50, M|82\/100\n|-ability|p1b: Da biggest birb|Pressure\n|turn|6\n|\n|t:|1681889436\n|move|p1b: Da biggest birb|Light Screen|p1b: Da biggest birb\n|-sidestart|p1: Onepromaster69|move: Light Screen\n|move|p2a: Dragonair|Thunder Wave|p1b: Da biggest birb\n|-status|p1b: Da biggest birb|par\n|move|p2b: Ting-Lu|Stomping Tantrum|p1a: Birb on face\n|-supereffective|p1a: Birb on face\n|-damage|p1a: Birb on face|60\/100\n|move|p1a: Birb on face|Torch Song|p2b: Ting-Lu\n|-damage|p2b: Ting-Lu|3\/100\n|-boost|p1a: Birb on face|spa|1\n|\n|-heal|p1a: Birb on face|66\/100|[from] item: Leftovers\n|-damage|p2a: Dragonair|46\/100 brn|[from] brn\n|-sideend|p1: Onepromaster69|Reflect\n|upkeep\n|turn|7\n|\n|t:|1681889469\n|move|p2a: Dragonair|Protect|p2a: Dragonair\n|-singleturn|p2a: Dragonair|Protect\n|move|p2b: Ting-Lu|Stomping Tantrum|p1a: Birb on face\n|-supereffective|p1a: Birb on face\n|-damage|p1a: Birb on face|4\/100\n|move|p1a: Birb on face|Tera Blast|p2b: Ting-Lu\n|-damage|p2b: Ting-Lu|0 fnt\n|faint|p2b: Ting-Lu\n|cant|p1b: Da biggest birb|par\n|\n|-heal|p1a: Birb on face|11\/100|[from] item: Leftovers\n|-damage|p2a: Dragonair|40\/100 brn|[from] brn\n|upkeep\n|\n|t:|1681889477\n|switch|p2b: Wo-Chien|Wo-Chien, L50|100\/100\n|-ability|p2b: Wo-Chien|Tablets of Ruin\n|turn|8\n|\n|t:|1681889499\n|move|p2a: Dragonair|Icy Wind|p1a: Birb on face|[spread] p1a,p1b\n|-resisted|p1a: Birb on face\n|-damage|p1a: Birb on face|8\/100\n|-damage|p1b: Da biggest birb|78\/100 par\n|-unboost|p1a: Birb on face|spe|1\n|-unboost|p1b: Da biggest birb|spe|1\n|move|p2b: Wo-Chien|Pollen Puff|p2a: Dragonair\n|-heal|p2a: Dragonair|90\/100 brn\n|move|p1a: Birb on face|Torch Song|p2b: Wo-Chien\n|-supereffective|p2b: Wo-Chien\n|-damage|p2b: Wo-Chien|24\/100\n|-boost|p1a: Birb on face|spa|1\n|-enditem|p2b: Wo-Chien|Sitrus Berry|[eat]\n|-heal|p2b: Wo-Chien|49\/100|[from] item: Sitrus Berry\n|move|p1b: Da biggest birb|Brave Bird|p2b: Wo-Chien\n|-supereffective|p2b: Wo-Chien\n|-damage|p2b: Wo-Chien|0 fnt\n|faint|p2b: Wo-Chien\n|-damage|p1b: Da biggest birb|60\/100 par|[from] Recoil\n|\n|-heal|p1a: Birb on face|14\/100|[from] item: Leftovers\n|-damage|p2a: Dragonair|84\/100 brn|[from] brn\n|upkeep\n|\n|t:|1681889508\n|switch|p2b: Gholdengo|Gholdengo, L50|100\/100\n|turn|9\n|\n|t:|1681889538\n|move|p2b: Gholdengo|Make It Rain|p1a: Birb on face|[spread] p1a,p1b\n|-resisted|p1a: Birb on face\n|-resisted|p1b: Da biggest birb\n|-damage|p1a: Birb on face|0 fnt\n|-damage|p1b: Da biggest birb|46\/100 par\n|-unboost|p2b: Gholdengo|spa|1\n|faint|p1a: Birb on face\n|move|p2a: Dragonair|Thunder Wave|p1b: Da biggest birb\n|-fail|p1b: Da biggest birb|par\n|cant|p1b: Da biggest birb|par\n|\n|-damage|p2a: Dragonair|78\/100 brn|[from] brn\n|upkeep\n|turn|10\n|\n|t:|1681889558\n|move|p2a: Dragonair|Protect|p2a: Dragonair\n|-singleturn|p2a: Dragonair|Protect\n|move|p2b: Gholdengo|Shadow Ball|p1b: Da biggest birb\n|-damage|p1b: Da biggest birb|29\/100 par\n|cant|p1b: Da biggest birb|par\n|\n|-damage|p2a: Dragonair|73\/100 brn|[from] brn\n|-sideend|p1: Onepromaster69|move: Light Screen\n|upkeep\n|turn|11\n|\n|t:|1681889577\n|move|p2b: Gholdengo|Shadow Ball|p1b: Da biggest birb\n|-damage|p1b: Da biggest birb|5\/100 par\n|move|p2a: Dragonair|Icy Wind|p1b: Da biggest birb\n|-damage|p1b: Da biggest birb|0 fnt\n|faint|p1b: Da biggest birb\n|\n|win|SSZIYECH\n|raw|Onepromaster69's rating: 1000 → 1000<\/strong> (+0 for losing)\n|raw|SSZIYECH's rating: 1000 → 1040<\/strong> (+40 for winning)\n","uploadtime":1681889588,"views":10,"p1id":"onepromaster69","p2id":"ssziyech","formatid":"gen9vgc2023regulationc","rating":1000,"private":0,"password":""}