{"id":"gen9vgc2023regulationc-1849118210","p1":"lesleychow307","p2":"AFatGuyInOhio","format":"[Gen 9] VGC 2023 Regulation C","log":"|j|\u2606lesleychow307\n|j|\u2606AFatGuyInOhio\n|t:|1682158763\n|gametype|doubles\n|player|p1|lesleychow307|1|1169\n|player|p2|AFatGuyInOhio|gentleman-gen4|1180\n|teamsize|p1|6\n|teamsize|p2|6\n|gen|9\n|tier|[Gen 9] VGC 2023 Regulation C\n|rated|\n|rule|Species Clause: Limit one of each Pok\u00e9mon\n|rule|Item Clause: Limit one of each item\n|clearpoke\n|poke|p1|Ceruledge, L50, F|\n|poke|p1|Amoonguss, L50, F|\n|poke|p1|Sableye, L50, M|\n|poke|p1|Kingambit, L50, F|\n|poke|p1|Flutter Mane, L50|\n|poke|p1|Iron Bundle, L50|\n|poke|p2|Dragapult, L50, M|\n|poke|p2|Chien-Pao, L50|\n|poke|p2|Palafin, L50, M|\n|poke|p2|Amoonguss, L50, M|\n|poke|p2|Arcanine, L50, M|\n|poke|p2|Flutter Mane, L50|\n|teampreview|4\n|inactive|Battle timer is ON: inactive players will automatically lose when time's up. (requested by AFatGuyInOhio)\n|inactive|AFatGuyInOhio has 60 seconds left.\n|\n|t:|1682158803\n|start\n|switch|p1a: Ceruledge|Ceruledge, L50, F, shiny|100\/100\n|switch|p1b: Sableye|Sableye, L50, M|100\/100\n|switch|p2a: Palafin|Palafin, L50, M, shiny|100\/100\n|switch|p2b: Dragapult|Dragapult, L50, M, shiny|100\/100\n|turn|1\n|inactive|AFatGuyInOhio has 30 seconds left.\n|\n|t:|1682158833\n|-terastallize|p2a: Palafin|Water\n|move|p1a: Ceruledge|Protect|p1a: Ceruledge\n|-singleturn|p1a: Ceruledge|Protect\n|move|p2a: Palafin|Jet Punch|p1a: Ceruledge\n|-activate|p1a: Ceruledge|move: Protect\n|move|p1b: Sableye|Reflect|p1b: Sableye\n|-sidestart|p1: lesleychow307|Reflect\n|move|p2b: Dragapult|Dragon Darts|p1b: Sableye\n|-damage|p1b: Sableye|67\/100\n|-anim|p2b: Dragapult|Dragon Darts|p1b: Sableye\n|-damage|p1b: Sableye|32\/100\n|\n|upkeep\n|turn|2\n|\n|t:|1682158850\n|switch|p1b: Amoonguss|Amoonguss, L50, F, shiny|100\/100\n|-terastallize|p1a: Ceruledge|Grass\n|move|p2a: Palafin|Jet Punch|p1a: Ceruledge\n|-resisted|p1a: Ceruledge\n|-damage|p1a: Ceruledge|86\/100\n|move|p2b: Dragapult|Dragon Darts|p1b: Amoonguss\n|-damage|p1b: Amoonguss|82\/100\n|-anim|p2b: Dragapult|Dragon Darts|p1a: Ceruledge\n|-damage|p1a: Ceruledge|58\/100\n|move|p1a: Ceruledge|Bulk Up|p1a: Ceruledge\n|-boost|p1a: Ceruledge|atk|1\n|-boost|p1a: Ceruledge|def|1\n|\n|upkeep\n|turn|3\n|inactive|AFatGuyInOhio has 30 seconds left.\n|\n|t:|1682158877\n|switch|p2b: Flutter Mane|Flutter Mane, L50, shiny|100\/100\n|-enditem|p2b: Flutter Mane|Booster Energy\n|-activate|p2b: Flutter Mane|ability: Protosynthesis|[fromitem]\n|-start|p2b: Flutter Mane|protosynthesisspa\n|move|p1b: Amoonguss|Rage Powder|p1b: Amoonguss\n|-singleturn|p1b: Amoonguss|move: Rage Powder\n|move|p2a: Palafin|Haze|p2a: Palafin\n|-clearallboost\n|move|p1a: Ceruledge|Bitter Blade|p2a: Palafin\n|-resisted|p2a: Palafin\n|-damage|p2a: Palafin|70\/100\n|-heal|p1a: Ceruledge|76\/100|[from] drain|[of] p2a: Palafin\n|\n|upkeep\n|turn|4\n|inactive|AFatGuyInOhio has 30 seconds left.\n|inactive|AFatGuyInOhio has 20 seconds left.\n|inactive|AFatGuyInOhio has 15 seconds left.\n|\n|t:|1682158917\n|detailschange|p2a: Palafin|Palafin-Hero, L50, M, shiny, tera:Water\n|switch|p2a: Dragapult|Dragapult, L50, M, shiny|100\/100\n|move|p1a: Ceruledge|Protect|p1a: Ceruledge\n|-singleturn|p1a: Ceruledge|Protect\n|move|p2b: Flutter Mane|Moonblast|p1a: Ceruledge\n|-activate|p1a: Ceruledge|move: Protect\n|move|p1b: Amoonguss|Spore|p2b: Flutter Mane\n|-status|p2b: Flutter Mane|slp|[from] move: Spore\n|\n|upkeep\n|turn|5\n|\n|t:|1682158940\n|cant|p2b: Flutter Mane|slp\n|move|p2a: Dragapult|U-turn|p1a: Ceruledge\n|-supereffective|p1a: Ceruledge\n|-damage|p1a: Ceruledge|16\/100\n|\n|t:|1682158952\n|switch|p2a: Amoonguss|Amoonguss, L50, M, shiny|100\/100|[from] U-turn\n|move|p1a: Ceruledge|Bitter Blade|p2b: Flutter Mane\n|-damage|p2b: Flutter Mane|35\/100 slp\n|-heal|p1a: Ceruledge|43\/100|[from] drain|[of] p2b: Flutter Mane\n|move|p1b: Amoonguss|Pollen Puff|p1a: Ceruledge\n|-heal|p1a: Ceruledge|93\/100\n|\n|upkeep\n|turn|6\n|\n|t:|1682158976\n|-end|p2b: Flutter Mane|Protosynthesis|[silent]\n|switch|p2b: Dragapult|Dragapult, L50, M, shiny|100\/100\n|move|p1a: Ceruledge|Bulk Up|p1a: Ceruledge\n|-boost|p1a: Ceruledge|atk|1\n|-boost|p1a: Ceruledge|def|1\n|move|p1b: Amoonguss|Spore|p2b: Dragapult\n|-status|p2b: Dragapult|slp|[from] move: Spore\n|move|p2a: Amoonguss|Pollen Puff|p2b: Dragapult\n|-immune|p2b: Dragapult\n|\n|upkeep\n|turn|7\n|inactive|lesleychow307 has 30 seconds left.\n|\n|t:|1682159009\n|cant|p2b: Dragapult|slp\n|move|p1a: Ceruledge|Bitter Blade|p2a: Amoonguss\n|-supereffective|p2a: Amoonguss\n|-damage|p2a: Amoonguss|0 fnt\n|-heal|p1a: Ceruledge|100\/100|[from] drain|[of] p2a: Amoonguss\n|faint|p2a: Amoonguss\n|move|p1b: Amoonguss|Spore|p2b: Dragapult\n|-fail|p2b: Dragapult|slp\n|\n|upkeep\n|\n|t:|1682159020\n|switch|p2a: Palafin|Palafin-Hero, L50, M, shiny, tera:Water|70\/100\n|-activate|p2a: Palafin|ability: Zero to Hero\n|turn|8\n|\n|t:|1682159029\n|cant|p2b: Dragapult|slp\n|move|p2a: Palafin|Haze|p2a: Palafin\n|-clearallboost\n|move|p1a: Ceruledge|Tera Blast|p2a: Palafin\n|-supereffective|p2a: Palafin\n|-damage|p2a: Palafin|0 fnt\n|faint|p2a: Palafin\n|move|p1b: Amoonguss|Pollen Puff|p1a: Ceruledge\n|-immune|p1a: Ceruledge\n|\n|-sideend|p1: lesleychow307|Reflect\n|upkeep\n|\n|t:|1682159039\n|switch|p2a: Flutter Mane|Flutter Mane, L50, shiny|35\/100 slp\n|turn|9\n|-message|AFatGuyInOhio forfeited.\n|\n|win|lesleychow307\n|raw|lesleychow307's rating: 1169 → 1195<\/strong> (+26 for winning)\n|raw|AFatGuyInOhio's rating: 1180 → 1154<\/strong> (-26 for losing)\n|l|\u2606AFatGuyInOhio\n","uploadtime":1682159047,"views":15,"p1id":"lesleychow307","p2id":"afatguyinohio","formatid":"gen9vgc2023regulationc","rating":1154,"private":0,"password":""}