{"id":"gen9vgc2023regulationc-1858515882","p1":"deathdragon25o","p2":"FuratBang","format":"[Gen 9] VGC 2023 Regulation C","log":"|j|\u2606deathdragon25o\n|j|\u2606FuratBang\n|t:|1683320279\n|gametype|doubles\n|player|p1|deathdragon25o|cress|\n|player|p2|FuratBang|crasherwake|\n|teamsize|p1|6\n|teamsize|p2|6\n|gen|9\n|tier|[Gen 9] VGC 2023 Regulation C\n|rule|Species Clause: Limit one of each Pok\u00e9mon\n|rule|Item Clause: Limit one of each item\n|clearpoke\n|poke|p1|Torkoal, L50, F|\n|poke|p1|Lilligant, L50, F|\n|poke|p1|Toxicroak, L50, M|\n|poke|p1|Dondozo, L50, F|\n|poke|p1|Tatsugiri, L50, M|\n|poke|p1|Sandy Shocks, L50|\n|poke|p2|Flutter Mane, L50|\n|poke|p2|Great Tusk, L50|\n|poke|p2|Arcanine, L50, M|\n|poke|p2|Kilowattrel, L50, F|\n|poke|p2|Impidimp, L50, M|\n|poke|p2|Arboliva, L50, M|\n|teampreview|4\n|inactive|Battle timer is ON: inactive players will automatically lose when time's up. (requested by deathdragon25o)\n|n|\u2606deathdragon25o|deathdragon25o\n|j| jayballester\n|inactive|deathdragon25o has 60 seconds left.\n|inactive|FuratBang has 60 seconds left.\n|inactiveoff|Battle timer is now OFF.\n|\n|t:|1683320358\n|start\n|switch|p1a: Dondozo|Dondozo, L50, F|100\/100\n|switch|p1b: Tatsugiri|Tatsugiri, L50, M, shiny|100\/100\n|switch|p2a: Kilowattrel|Kilowattrel, L50, F|100\/100\n|switch|p2b: Impidimp|Impidimp, L50, M|100\/100\n|-activate|p1b: Tatsugiri|ability: Commander|[of] p1a: Dondozo\n|-boost|p1a: Dondozo|atk|2\n|-boost|p1a: Dondozo|spa|2\n|-boost|p1a: Dondozo|spe|2\n|-boost|p1a: Dondozo|def|2\n|-boost|p1a: Dondozo|spd|2\n|turn|1\n|c|\u2606FuratBang|oh lol fish\n|c| jayballester|guess who's back\n|\n|t:|1683320390\n|-terastallize|p1a: Dondozo|Steel\n|move|p2b: Impidimp|Fake Out|p1a: Dondozo\n|-resisted|p1a: Dondozo\n|-damage|p1a: Dondozo|99\/100\n|move|p2a: Kilowattrel|Tailwind|p2a: Kilowattrel\n|-sidestart|p2: FuratBang|move: Tailwind\n|cant|p1a: Dondozo|flinch\n|\n|-heal|p1a: Dondozo|100\/100|[from] item: Leftovers\n|upkeep\n|turn|2\n|j| Tuxmux\n|\n|t:|1683320426\n|move|p2b: Impidimp|Fake Tears|p1a: Dondozo\n|-unboost|p1a: Dondozo|spd|2\n|move|p2a: Kilowattrel|Thunderbolt|p1a: Dondozo\n|-damage|p1a: Dondozo|53\/100\n|move|p1a: Dondozo|Rock Slide|p2a: Kilowattrel|[spread] p2a,p2b\n|-supereffective|p2a: Kilowattrel\n|-enditem|p2a: Kilowattrel|Focus Sash\n|-damage|p2a: Kilowattrel|1\/100\n|-damage|p2b: Impidimp|33\/100\n|\n|-heal|p1a: Dondozo|60\/100|[from] item: Leftovers\n|upkeep\n|turn|3\n|c|\u2606deathdragon25o|If I win this game can we play g3 later\n|c|\u2606FuratBang|lmao ok\n|c| jayballester|dozo gets rslide lol\n|c| jayballester|first time seeing it\n|c| Tuxmux|kinda based\n|\n|t:|1683320468\n|move|p2b: Impidimp|Fake Tears|p1a: Dondozo\n|-unboost|p1a: Dondozo|spd|2\n|move|p2a: Kilowattrel|Thunderbolt|p1a: Dondozo\n|-damage|p1a: Dondozo|0 fnt\n|faint|p1a: Dondozo\n|\n|upkeep\n|\n|t:|1683320474\n|switch|p1a: Torkoal|Torkoal, L50, F|100\/100\n|-weather|SunnyDay|[from] ability: Drought|[of] p1a: Torkoal\n|turn|4\n|c|\u2606deathdragon25o|Shit\n|c|\u2606deathdragon25o|I have to go in like 5mins\n|\n|t:|1683320548\n|move|p1a: Torkoal|Protect|p1a: Torkoal\n|-singleturn|p1a: Torkoal|Protect\n|move|p2b: Impidimp|Fake Tears|p1a: Torkoal\n|-activate|p1a: Torkoal|move: Protect\n|move|p2a: Kilowattrel|Thunderbolt|p1a: Torkoal\n|-activate|p1a: Torkoal|move: Protect\n|move|p1b: Tatsugiri|Surf|p2b: Impidimp|[spread] p2a,p2b\n|-activate|p1a: Torkoal|move: Protect\n|-damage|p2a: Kilowattrel|0 fnt\n|-damage|p2b: Impidimp|10\/100\n|faint|p2a: Kilowattrel\n|\n|-weather|SunnyDay|[upkeep]\n|-sideend|p2: FuratBang|move: Tailwind\n|upkeep\n|\n|t:|1683320581\n|switch|p2a: Arcanine|Arcanine, L50, M|100\/100\n|-ability|p2a: Arcanine|Intimidate|boost\n|-unboost|p1a: Torkoal|atk|1\n|-unboost|p1b: Tatsugiri|atk|1\n|turn|5\n|\n|t:|1683320620\n|move|p1a: Torkoal|Protect|p1a: Torkoal\n|-singleturn|p1a: Torkoal|Protect\n|move|p2b: Impidimp|Light Screen|p2b: Impidimp\n|-sidestart|p2: FuratBang|move: Light Screen\n|move|p2a: Arcanine|Snarl|p1b: Tatsugiri|[spread] \n|-activate|p1a: Torkoal|move: Protect\n|-miss|p2a: Arcanine|p1b: Tatsugiri\n|move|p1b: Tatsugiri|Surf|p2b: Impidimp|[spread] p2a,p2b\n|-activate|p1a: Torkoal|move: Protect\n|-supereffective|p2a: Arcanine\n|-damage|p2a: Arcanine|65\/100\n|-damage|p2b: Impidimp|0 fnt\n|faint|p2b: Impidimp\n|\n|-weather|SunnyDay|[upkeep]\n|upkeep\n|c|\u2606FuratBang|bruh\n|\n|t:|1683320642\n|switch|p2b: Flutter Mane|Flutter Mane, L50|100\/100\n|-activate|p2b: Flutter Mane|ability: Protosynthesis\n|-start|p2b: Flutter Mane|protosynthesisspe\n|turn|6\n|\n|t:|1683320670\n|switch|p1a: Lilligant|Lilligant, L50, F, shiny|100\/100\n|move|p2b: Flutter Mane|Protect|p2b: Flutter Mane\n|-singleturn|p2b: Flutter Mane|Protect\n|move|p2a: Arcanine|Snarl|p1a: Lilligant|[spread] p1a,p1b\n|-damage|p1a: Lilligant|87\/100\n|-damage|p1b: Tatsugiri|89\/100\n|-unboost|p1a: Lilligant|spa|1\n|-unboost|p1b: Tatsugiri|spa|1\n|move|p1b: Tatsugiri|Surf|p2b: Flutter Mane|[spread] p1a,p2a\n|-activate|p2b: Flutter Mane|move: Protect\n|-resisted|p1a: Lilligant\n|-supereffective|p2a: Arcanine\n|-damage|p1a: Lilligant|75\/100\n|-damage|p2a: Arcanine|45\/100\n|\n|-weather|SunnyDay|[upkeep]\n|upkeep\n|turn|7\n|j| Jstardude\n|\n|t:|1683320740\n|move|p2a: Arcanine|Protect|p2a: Arcanine\n|-singleturn|p2a: Arcanine|Protect\n|move|p1a: Lilligant|After You|p1b: Tatsugiri\n|-activate|p1b: Tatsugiri|move: After You\n|move|p1b: Tatsugiri|Surf|p2b: Flutter Mane|[spread] p1a,p2b\n|-activate|p2a: Arcanine|move: Protect\n|-resisted|p1a: Lilligant\n|-damage|p1a: Lilligant|62\/100\n|-damage|p2b: Flutter Mane|88\/100\n|move|p2b: Flutter Mane|Mystical Fire|p1a: Lilligant\n|-supereffective|p1a: Lilligant\n|-damage|p1a: Lilligant|0 fnt\n|faint|p1a: Lilligant\n|-damage|p2b: Flutter Mane|78\/100|[from] item: Life Orb\n|\n|-weather|SunnyDay|[upkeep]\n|upkeep\n|\n|t:|1683320751\n|switch|p1a: Torkoal|Torkoal, L50, F|100\/100\n|turn|8\n|\n|t:|1683320795\n|move|p2b: Flutter Mane|Moonblast|p1b: Tatsugiri\n|-supereffective|p1b: Tatsugiri\n|-damage|p1b: Tatsugiri|0 fnt\n|faint|p1b: Tatsugiri\n|-damage|p2b: Flutter Mane|68\/100|[from] item: Life Orb\n|move|p2a: Arcanine|Snarl|p1a: Torkoal\n|-damage|p1a: Torkoal|84\/100\n|-unboost|p1a: Torkoal|spa|1\n|move|p1a: Torkoal|Eruption|p2b: Flutter Mane|[spread] p2a,p2b\n|-resisted|p2a: Arcanine\n|-crit|p2a: Arcanine\n|-damage|p2a: Arcanine|0 fnt\n|-damage|p2b: Flutter Mane|30\/100\n|faint|p2a: Arcanine\n|\n|-weather|none\n|-end|p2b: Flutter Mane|Protosynthesis\n|upkeep\n|turn|9\n|c|\u2606FuratBang|bruh crit\n|c| jayballester|oof\n|c|\u2606FuratBang|that is whack\n|\n|t:|1683320839\n|move|p1a: Torkoal|Protect|p1a: Torkoal\n|-singleturn|p1a: Torkoal|Protect\n|move|p2b: Flutter Mane|Moonblast|p1a: Torkoal\n|-activate|p1a: Torkoal|move: Protect\n|\n|-sideend|p2: FuratBang|move: Light Screen\n|upkeep\n|turn|10\n|\n|t:|1683320848\n|move|p2b: Flutter Mane|Moonblast|p1a: Torkoal\n|-resisted|p1a: Torkoal\n|-damage|p1a: Torkoal|37\/100\n|-damage|p2b: Flutter Mane|20\/100|[from] item: Life Orb\n|move|p1a: Torkoal|Clear Smog|p2b: Flutter Mane\n|-damage|p2b: Flutter Mane|10\/100\n|-clearboost|p2b: Flutter Mane\n|\n|upkeep\n|turn|11\n|c| jayballester|huh\n|\n|t:|1683320880\n|move|p1a: Torkoal|Protect|p1a: Torkoal\n|-singleturn|p1a: Torkoal|Protect\n|move|p2b: Flutter Mane|Moonblast|p1a: Torkoal\n|-activate|p1a: Torkoal|move: Protect\n|\n|upkeep\n|turn|12\n|\n|t:|1683320894\n|move|p2b: Flutter Mane|Moonblast|p1a: Torkoal\n|-resisted|p1a: Torkoal\n|-damage|p1a: Torkoal|0 fnt\n|faint|p1a: Torkoal\n|-damage|p2b: Flutter Mane|0 fnt|[from] item: Life Orb\n|faint|p2b: Flutter Mane\n|-end|p2b: Flutter Mane|Protosynthesis|[silent]\n|\n|win|FuratBang\n|c|\u2606FuratBang|LOL\n|c|\u2606FuratBang|lmao gg\n|c|\u2606deathdragon25o|gg\n|c|\u2606FuratBang|i think eruption does more?\n|c| jayballester|yeah prob\n|l| Tuxmux\n|c|\u2606FuratBang|i mean he had lower health but\n|c|\u2606deathdragon25o|Yeah that was a mistake by me\n|c|\u2606deathdragon25o|I should have calced\n|l|\u2606deathdragon25o\n","uploadtime":1683321001,"views":11,"p1id":"deathdragon25o","p2id":"furatbang","formatid":"gen9vgc2023regulationc","rating":0,"private":0,"password":""}