{"id":"gen9vgc2023regulationc-1856514438","p1":"the beee","p2":"HocusPocusAlakazam","format":"[Gen 9] VGC 2023 Regulation C","log":"|j|\u2606the beee\n|j|\u2606HocusPocusAlakazam\n|t:|1683070273\n|gametype|doubles\n|player|p1|the beee|palmer|1107\n|player|p2|HocusPocusAlakazam|colress|1210\n|teamsize|p1|6\n|teamsize|p2|6\n|gen|9\n|tier|[Gen 9] VGC 2023 Regulation C\n|rated|\n|rule|Species Clause: Limit one of each Pok\u00e9mon\n|rule|Item Clause: Limit one of each item\n|clearpoke\n|poke|p1|Ceruledge, L50, F|\n|poke|p1|Torkoal, L50, M|\n|poke|p1|Flutter Mane, L50|\n|poke|p1|Hydreigon, L50, M|\n|poke|p1|Amoonguss, L50, F|\n|poke|p1|Oranguru, L50, F|\n|poke|p2|Arcanine, L50, M|\n|poke|p2|Amoonguss, L50, M|\n|poke|p2|Flutter Mane, L50|\n|poke|p2|Palafin, L50, F|\n|poke|p2|Baxcalibur, L50, F|\n|poke|p2|Ting-Lu, L50|\n|teampreview|4\nHocusPocusAlakazam has agreed to open team sheets.\n|inactive|Battle timer is ON: inactive players will automatically lose when time's up. (requested by HocusPocusAlakazam)\n|inactive|HocusPocusAlakazam has 60 seconds left.\n|\n|t:|1683070310\n|start\n|switch|p1a: Oranguru|Oranguru, L50, F|100\/100\n|switch|p1b: Flutter Mane|Flutter Mane, L50|100\/100\n|switch|p2a: Baxcalibur|Baxcalibur, L50, F|100\/100\n|switch|p2b: Amoonguss|Amoonguss, L50, M|100\/100\n|turn|1\n|\n|t:|1683070331\n|-terastallize|p2a: Baxcalibur|Poison\n|move|p1b: Flutter Mane|Moonblast|p2a: Baxcalibur\n|-resisted|p2a: Baxcalibur\n|-damage|p2a: Baxcalibur|67\/100\n|-damage|p1b: Flutter Mane|90\/100|[from] item: Life Orb\n|move|p2a: Baxcalibur|Icicle Crash|p1b: Flutter Mane\n|-damage|p1b: Flutter Mane|0 fnt\n|faint|p1b: Flutter Mane\n|-end|p1b: Flutter Mane|Protosynthesis|[silent]\n|move|p1a: Oranguru|Light Screen|p1a: Oranguru\n|-sidestart|p1: the beee|move: Light Screen\n|move|p2b: Amoonguss|Spore|p1a: Oranguru\n|-status|p1a: Oranguru|slp|[from] move: Spore\n|\n|upkeep\n|\n|t:|1683070348\n|switch|p1b: Ceruledge|Ceruledge, L50, F|100\/100\n|turn|2\n|\n|t:|1683070361\n|-terastallize|p1b: Ceruledge|Grass\n|move|p2b: Amoonguss|Protect|p2b: Amoonguss\n|-singleturn|p2b: Amoonguss|Protect\n|move|p2a: Baxcalibur|Glaive Rush|p1b: Ceruledge\n|-damage|p1b: Ceruledge|17\/100\n|-singlemove|p2a: Baxcalibur|Glaive Rush|[silent]\n|move|p1b: Ceruledge|Bitter Blade|p2b: Amoonguss\n|-activate|p2b: Amoonguss|move: Protect\n|cant|p1a: Oranguru|slp\n|\n|upkeep\n|turn|3\n|\n|t:|1683070380\n|move|p2a: Baxcalibur|Ice Shard|p1b: Ceruledge\n|-supereffective|p1b: Ceruledge\n|-damage|p1b: Ceruledge|0 fnt\n|faint|p1b: Ceruledge\n|cant|p1a: Oranguru|slp\n|move|p2b: Amoonguss|Pollen Puff|p2a: Baxcalibur\n|-heal|p2a: Baxcalibur|100\/100\n|\n|upkeep\n|\n|t:|1683070384\n|switch|p1b: Hydreigon|Hydreigon, L50, M|100\/100\n|turn|4\n|\n|t:|1683070391\n|move|p2b: Amoonguss|Rage Powder|p2b: Amoonguss\n|-singleturn|p2b: Amoonguss|move: Rage Powder\n|move|p1b: Hydreigon|Draco Meteor|p2b: Amoonguss\n|-damage|p2b: Amoonguss|40\/100\n|-unboost|p1b: Hydreigon|spa|2\n|-enditem|p2b: Amoonguss|Sitrus Berry|[eat]\n|-heal|p2b: Amoonguss|65\/100|[from] item: Sitrus Berry\n|move|p2a: Baxcalibur|Glaive Rush|p1b: Hydreigon\n|-supereffective|p1b: Hydreigon\n|-enditem|p1b: Hydreigon|Haban Berry|[eat]\n|-enditem|p1b: Hydreigon|Haban Berry|[weaken]\n|-damage|p1b: Hydreigon|15\/100\n|-singlemove|p2a: Baxcalibur|Glaive Rush|[silent]\n|-curestatus|p1a: Oranguru|slp|[msg]\n|move|p1a: Oranguru|Instruct|p2b: Amoonguss\n|-singleturn|p2b: Amoonguss|move: Instruct|[of] p1a: Oranguru\n|move|p2b: Amoonguss|Rage Powder||[still]\n|-fail|p2b: Amoonguss\n|\n|upkeep\n|turn|5\n|-message|the beee forfeited.\n|\n|win|HocusPocusAlakazam\n|raw|the beee's rating: 1107 → 1089<\/strong> (-18 for losing)\n|raw|HocusPocusAlakazam's rating: 1210 → 1228<\/strong> (+18 for winning)\n|l|\u2606the beee\n","uploadtime":1683070417,"views":14,"p1id":"thebeee","p2id":"hocuspocusalakazam","formatid":"gen9vgc2023regulationc","rating":1089,"private":0,"password":""}