{"id":"gen9vgc2023regulationc-1846848929","p1":"Valkenhine","p2":"Lupostrasz","format":"[Gen 9] VGC 2023 Regulation C","log":"|j|\u2606Valkenhine\n|j|\u2606Lupostrasz\n|t:|1681890040\n|gametype|doubles\n|player|p1|Valkenhine|koga|1000\n|player|p2|Lupostrasz|skier|1000\n|teamsize|p1|6\n|teamsize|p2|6\n|gen|9\n|tier|[Gen 9] VGC 2023 Regulation C\n|rated|\n|rule|Species Clause: Limit one of each Pok\u00e9mon\n|rule|Item Clause: Limit one of each item\n|clearpoke\n|poke|p1|Kingambit, L50, M|\n|poke|p1|Iron Bundle, L50|\n|poke|p1|Dragapult, L50, M|\n|poke|p1|Chien-Pao, L50|\n|poke|p1|Corviknight, L50, M|\n|poke|p1|Volcarona, L50, M|\n|poke|p2|Garchomp, L50, M|\n|poke|p2|Chien-Pao, L50|\n|poke|p2|Flutter Mane, L50|\n|poke|p2|Gyarados, L50, M|\n|poke|p2|Chi-Yu, L50|\n|poke|p2|Talonflame, L50, M|\n|teampreview|4\n|\n|t:|1681890084\n|start\n|switch|p1a: Iron Bundle|Iron Bundle, L50|100\/100\n|switch|p1b: Corviknight|Corviknight, L50, M, shiny|100\/100\n|switch|p2a: Garchomp|Garchomp, L50, M|100\/100\n|switch|p2b: Flutter Mane|Flutter Mane, L50|100\/100\n|-enditem|p1a: Iron Bundle|Booster Energy\n|-activate|p1a: Iron Bundle|ability: Quark Drive|[fromitem]\n|-start|p1a: Iron Bundle|quarkdrivespa\n|turn|1\n|inactive|Battle timer is ON: inactive players will automatically lose when time's up. (requested by Valkenhine)\n|inactive|Lupostrasz has 60 seconds left.\n|\n|t:|1681890178\n|move|p2b: Flutter Mane|Mystical Fire|p1a: Iron Bundle\n|-damage|p1a: Iron Bundle|23\/100\n|-unboost|p1a: Iron Bundle|spa|1\n|move|p1a: Iron Bundle|Freeze-Dry|p2a: Garchomp\n|-supereffective|p2a: Garchomp\n|-damage|p2a: Garchomp|0 fnt\n|faint|p2a: Garchomp\n|move|p1b: Corviknight|U-turn|p2b: Flutter Mane\n|-resisted|p2b: Flutter Mane\n|-damage|p2b: Flutter Mane|92\/100\n|\n|t:|1681890197\n|switch|p1b: Kingambit|Kingambit, L50, M, shiny|100\/100|[from] U-turn\n|\n|upkeep\n|\n|t:|1681890216\n|switch|p2a: Chi-Yu|Chi-Yu, L50|100\/100\n|-ability|p2a: Chi-Yu|Beads of Ruin\n|turn|2\n|inactive|Lupostrasz has 30 seconds left.\n|inactive|Valkenhine has 30 seconds left.\n|\n|t:|1681890254\n|-end|p1a: Iron Bundle|Quark Drive|[silent]\n|switch|p1a: Volcarona|Volcarona, L50, M|100\/100\n|move|p1b: Kingambit|Sucker Punch|p2b: Flutter Mane\n|-damage|p2b: Flutter Mane|20\/100\n|move|p2b: Flutter Mane|Mystical Fire|p1a: Volcarona\n|-damage|p1a: Volcarona|48\/100\n|-unboost|p1a: Volcarona|spa|1\n|move|p2a: Chi-Yu|Overheat|p1b: Kingambit\n|-supereffective|p1b: Kingambit\n|-damage|p1b: Kingambit|25\/100\n|-unboost|p2a: Chi-Yu|spa|2\n|\n|-heal|p1a: Volcarona|55\/100|[from] item: Leftovers\n|upkeep\n|turn|3\n|inactive|Valkenhine has 30 seconds left.\n|inactive|Lupostrasz has 30 seconds left.\n|inactive|Lupostrasz has 20 seconds left.\n|inactive|Lupostrasz has 15 seconds left.\n|inactive|Lupostrasz has 10 seconds left.\n|\n|t:|1681890301\n|-terastallize|p2a: Chi-Yu|Water\n|move|p1b: Kingambit|Sucker Punch|p2b: Flutter Mane\n|-damage|p2b: Flutter Mane|0 fnt\n|faint|p2b: Flutter Mane\n|-end|p2b: Flutter Mane|Protosynthesis|[silent]\n|move|p1a: Volcarona|Morning Sun|p1a: Volcarona\n|-heal|p1a: Volcarona|100\/100\n|move|p2a: Chi-Yu|Overheat|p1a: Volcarona|[miss]\n|-miss|p2a: Chi-Yu|p1a: Volcarona\n|\n|upkeep\n|\n|t:|1681890311\n|switch|p2b: Chien-Pao|Chien-Pao, L50|100\/100\n|-ability|p2b: Chien-Pao|Sword of Ruin\n|turn|4\n|inactive|Valkenhine has 30 seconds left.\n|inactive|Lupostrasz has 30 seconds left.\n|inactive|Valkenhine has 20 seconds left.\n|inactive|Valkenhine has 15 seconds left.\n|inactive|Valkenhine has 10 seconds left.\n|\n|t:|1681890360\n|move|p2b: Chien-Pao|Sucker Punch||[still]\n|-fail|p2b: Chien-Pao\n|move|p1b: Kingambit|Sucker Punch||[still]\n|-fail|p1b: Kingambit\n|move|p1a: Volcarona|Quiver Dance|p1a: Volcarona\n|-boost|p1a: Volcarona|spa|1\n|-boost|p1a: Volcarona|spd|1\n|-boost|p1a: Volcarona|spe|1\n|move|p2a: Chi-Yu|Will-O-Wisp|p1b: Kingambit\n|-status|p1b: Kingambit|brn\n|\n|-damage|p1b: Kingambit|19\/100 brn|[from] brn\n|upkeep\n|turn|5\n|inactive|Valkenhine has 30 seconds left.\n|inactive|Lupostrasz has 30 seconds left.\n|inactive|Valkenhine has 20 seconds left.\n|\n|t:|1681890395\n|move|p2b: Chien-Pao|Protect|p2b: Chien-Pao\n|-singleturn|p2b: Chien-Pao|Protect\n|move|p1b: Kingambit|Sucker Punch||[still]\n|-fail|p1b: Kingambit\n|move|p1a: Volcarona|Bug Buzz|p2b: Chien-Pao\n|-activate|p2b: Chien-Pao|move: Protect\n|move|p2a: Chi-Yu|Overheat|p1a: Volcarona\n|-damage|p1a: Volcarona|77\/100\n|-unboost|p2a: Chi-Yu|spa|2\n|\n|-heal|p1a: Volcarona|83\/100|[from] item: Leftovers\n|-damage|p1b: Kingambit|14\/100 brn|[from] brn\n|upkeep\n|turn|6\n|inactive|Lupostrasz has 30 seconds left.\n|\n|t:|1681890427\n|switch|p1b: Iron Bundle|Iron Bundle, L50|23\/100\n|move|p2b: Chien-Pao|Sacred Sword|p1a: Volcarona\n|-resisted|p1a: Volcarona\n|-damage|p1a: Volcarona|66\/100\n|-status|p2b: Chien-Pao|brn|[from] ability: Flame Body|[of] p1a: Volcarona\n|move|p1a: Volcarona|Heat Wave|p2b: Chien-Pao|[spread] p2a\n|-miss|p1a: Volcarona|p2b: Chien-Pao\n|-resisted|p2a: Chi-Yu\n|-damage|p2a: Chi-Yu|89\/100\n|move|p2a: Chi-Yu|Will-O-Wisp|p1a: Volcarona\n|-immune|p1a: Volcarona\n|\n|-heal|p1a: Volcarona|72\/100|[from] item: Leftovers\n|-damage|p2b: Chien-Pao|95\/100 brn|[from] brn\n|upkeep\n|turn|7\n|inactive|Lupostrasz has 30 seconds left.\n|\n|t:|1681890453\n|move|p2b: Chien-Pao|Sucker Punch||[still]\n|-fail|p2b: Chien-Pao\n|move|p1b: Iron Bundle|Encore|p2a: Chi-Yu\n|-start|p2a: Chi-Yu|Encore\n|move|p1a: Volcarona|Quiver Dance|p1a: Volcarona\n|-boost|p1a: Volcarona|spa|1\n|-boost|p1a: Volcarona|spd|1\n|-boost|p1a: Volcarona|spe|1\n|move|p2a: Chi-Yu|Will-O-Wisp|p1a: Volcarona\n|-immune|p1a: Volcarona\n|\n|-heal|p1a: Volcarona|78\/100|[from] item: Leftovers\n|-damage|p2b: Chien-Pao|89\/100 brn|[from] brn\n|upkeep\n|turn|8\n|\n|t:|1681890477\n|move|p1a: Volcarona|Heat Wave|p2b: Chien-Pao|[spread] p2a,p2b\n|-resisted|p2a: Chi-Yu\n|-supereffective|p2b: Chien-Pao\n|-damage|p2a: Chi-Yu|73\/100\n|-damage|p2b: Chien-Pao|0 fnt\n|-status|p2a: Chi-Yu|brn\n|faint|p2b: Chien-Pao\n|move|p1b: Iron Bundle|Encore||[still]\n|-fail|p1b: Iron Bundle\n|move|p2a: Chi-Yu|Will-O-Wisp|p1b: Iron Bundle\n|-status|p1b: Iron Bundle|brn\n|\n|-heal|p1a: Volcarona|84\/100|[from] item: Leftovers\n|-damage|p1b: Iron Bundle|17\/100 brn|[from] brn\n|-damage|p2a: Chi-Yu|67\/100 brn|[from] brn\n|upkeep\n|turn|9\n|\n|t:|1681890500\n|move|p1a: Volcarona|Bug Buzz|p2a: Chi-Yu\n|-damage|p2a: Chi-Yu|26\/100 brn\n|-enditem|p2a: Chi-Yu|Sitrus Berry|[eat]\n|-heal|p2a: Chi-Yu|51\/100 brn|[from] item: Sitrus Berry\n|move|p1b: Iron Bundle|Freeze-Dry|p2a: Chi-Yu\n|-supereffective|p2a: Chi-Yu\n|-damage|p2a: Chi-Yu|0 fnt\n|faint|p2a: Chi-Yu\n|\n|win|Valkenhine\n|raw|Valkenhine's rating: 1000 → 1040<\/strong> (+40 for winning)\n|raw|Lupostrasz's rating: 1000 → 1000<\/strong> (+0 for losing)\n|c|\u2606Valkenhine|gg\n|c|\u2606Lupostrasz|gg\n","uploadtime":1681890516,"views":12,"p1id":"valkenhine","p2id":"lupostrasz","formatid":"gen9vgc2023regulationc","rating":1000,"private":0,"password":""}