{"id":"gen9vgc2023regulationc-1855495684","p1":"Breakaway97","p2":"zippLapZapper","format":"[Gen 9] VGC 2023 Regulation C","log":"|j|\u2606Breakaway97\n|j|\u2606zippLapZapper\n|t:|1682956628\n|gametype|doubles\n|player|p1|Breakaway97|clair|1506\n|player|p2|zippLapZapper|hilbert-wonderlauncher|1429\n|teamsize|p1|6\n|teamsize|p2|6\n|gen|9\n|tier|[Gen 9] VGC 2023 Regulation C\n|rated|\n|rule|Species Clause: Limit one of each Pok\u00e9mon\n|rule|Item Clause: Limit one of each item\n|clearpoke\n|poke|p1|Chien-Pao, L50|\n|poke|p1|Flutter Mane, L50|\n|poke|p1|Great Tusk, L50|\n|poke|p1|Iron Bundle, L50|\n|poke|p1|Arcanine, L50, F|\n|poke|p1|Dragonite, L50, F|\n|poke|p2|Garchomp, L50, F|\n|poke|p2|Talonflame, L50, F|\n|poke|p2|Tyranitar, L50, M|\n|poke|p2|Iron Bundle, L50|\n|poke|p2|Flutter Mane, L50|\n|poke|p2|Chien-Pao, L50|\n|teampreview|4\nzippLapZapper has agreed to open team sheets.\nBreakaway97 has agreed to open team sheets.\n|inactive|Battle timer is ON: inactive players will automatically lose when time's up. (requested by zippLapZapper)\n|inactive|Breakaway97 has 60 seconds left.\n|inactive|zippLapZapper has 60 seconds left.\n|\n|t:|1682956752\n|start\n|switch|p1a: Dragonite|Dragonite, L50, F, shiny|100\/100\n|switch|p1b: Chien-Pao|Chien-Pao, L50|100\/100\n|switch|p2a: Talonflame|Talonflame, L50, F|100\/100\n|switch|p2b: Flutter Mane|Flutter Mane, L50|100\/100\n|-ability|p1b: Chien-Pao|Sword of Ruin\n|turn|1\n|inactive|Breakaway97 has 30 seconds left.\n|inactive|zippLapZapper has 30 seconds left.\n|\n|t:|1682956790\n|-terastallize|p2a: Talonflame|Ghost\n|-terastallize|p1a: Dragonite|Normal\n|move|p1a: Dragonite|Extreme Speed|p2a: Talonflame\n|-immune|p2a: Talonflame\n|move|p2a: Talonflame|Tailwind|p2a: Talonflame\n|-sidestart|p2: zippLapZapper|move: Tailwind\n|move|p2b: Flutter Mane|Dazzling Gleam|p1a: Dragonite|[spread] p1a,p1b\n|-supereffective|p1b: Chien-Pao\n|-damage|p1a: Dragonite|63\/100\n|-enditem|p1b: Chien-Pao|Focus Sash\n|-damage|p1b: Chien-Pao|1\/100\n|move|p1b: Chien-Pao|Ice Spinner|p2b: Flutter Mane\n|-damage|p2b: Flutter Mane|25\/100\n|\n|upkeep\n|turn|2\n|inactive|zippLapZapper has 30 seconds left.\n|inactive|zippLapZapper has 20 seconds left.\n|inactive|zippLapZapper has 15 seconds left.\n|\n|t:|1682956835\n|-end|p2b: Flutter Mane|Protosynthesis|[silent]\n|switch|p2b: Chien-Pao|Chien-Pao, L50|100\/100\n|-ability|p2b: Chien-Pao|Sword of Ruin\n|switch|p1a: Arcanine|Arcanine, L50, F|100\/100\n|-ability|p1a: Arcanine|Intimidate|boost\n|-unboost|p2a: Talonflame|atk|1\n|-unboost|p2b: Chien-Pao|atk|1\n|move|p1b: Chien-Pao|Protect|p1b: Chien-Pao\n|-singleturn|p1b: Chien-Pao|Protect\n|move|p2a: Talonflame|Brave Bird|p1b: Chien-Pao\n|-activate|p1b: Chien-Pao|move: Protect\n|\n|upkeep\n|turn|3\n|inactive|Breakaway97 has 30 seconds left.\n|\n|t:|1682956864\n|switch|p1b: Dragonite|Dragonite, L50, F, shiny, tera:Normal|63\/100\n|move|p2b: Chien-Pao|Protect|p2b: Chien-Pao\n|-singleturn|p2b: Chien-Pao|Protect\n|move|p2a: Talonflame|Will-O-Wisp|p1b: Dragonite\n|-status|p1b: Dragonite|brn\n|move|p1a: Arcanine|Flare Blitz|p2b: Chien-Pao\n|-activate|p2b: Chien-Pao|move: Protect\n|\n|-damage|p1b: Dragonite|57\/100 brn|[from] brn\n|upkeep\n|turn|4\n|inactive|Breakaway97 has 30 seconds left.\n|inactive|zippLapZapper has 30 seconds left.\n|inactive|zippLapZapper has 20 seconds left.\n|inactive|zippLapZapper has 15 seconds left.\n|\n|t:|1682956909\n|move|p2a: Talonflame|Brave Bird|p1a: Arcanine\n|-damage|p1a: Arcanine|65\/100\n|-damage|p2a: Talonflame|88\/100|[from] Recoil\n|move|p2b: Chien-Pao|Sacred Sword|p1a: Arcanine\n|-damage|p1a: Arcanine|38\/100\n|move|p1a: Arcanine|Flare Blitz|p2a: Talonflame\n|-damage|p2a: Talonflame|10\/100\n|-damage|p1a: Arcanine|15\/100|[from] Recoil\n|move|p1b: Dragonite|Ice Spinner|p2a: Talonflame\n|-damage|p2a: Talonflame|0 fnt\n|faint|p2a: Talonflame\n|\n|-damage|p1b: Dragonite|50\/100 brn|[from] brn\n|-sideend|p2: zippLapZapper|move: Tailwind\n|upkeep\n|\n|t:|1682956920\n|switch|p2a: Flutter Mane|Flutter Mane, L50|25\/100\n|turn|5\n|inactive|zippLapZapper has 30 seconds left.\n|inactive|zippLapZapper has 20 seconds left.\n|inactive|zippLapZapper has 15 seconds left.\n|\n|t:|1682956961\n|move|p2b: Chien-Pao|Sacred Sword|p1b: Dragonite\n|-supereffective|p1b: Dragonite\n|-damage|p1b: Dragonite|5\/100 brn\n|move|p2a: Flutter Mane|Dazzling Gleam|p1a: Arcanine|[spread] p1a,p1b\n|-resisted|p1a: Arcanine\n|-damage|p1a: Arcanine|3\/100\n|-damage|p1b: Dragonite|0 fnt\n|faint|p1b: Dragonite\n|move|p1a: Arcanine|Flare Blitz|p2a: Flutter Mane\n|-damage|p2a: Flutter Mane|0 fnt\n|faint|p2a: Flutter Mane\n|-end|p2a: Flutter Mane|Protosynthesis|[silent]\n|-damage|p1a: Arcanine|0 fnt|[from] Recoil\n|faint|p1a: Arcanine\n|\n|upkeep\n|\n|t:|1682956975\n|switch|p2a: Iron Bundle|Iron Bundle, L50|100\/100\n|switch|p1a: Great Tusk|Great Tusk, L50|100\/100\n|switch|p1b: Chien-Pao|Chien-Pao, L50|1\/100\n|-ability|p1b: Chien-Pao|Sword of Ruin\n|-enditem|p2a: Iron Bundle|Booster Energy\n|-activate|p2a: Iron Bundle|ability: Quark Drive|[fromitem]\n|-start|p2a: Iron Bundle|quarkdrivespe\n|turn|6\n|inactive|zippLapZapper has 30 seconds left.\n|\n|t:|1682957005\n|move|p1b: Chien-Pao|Protect|p1b: Chien-Pao\n|-singleturn|p1b: Chien-Pao|Protect\n|move|p2a: Iron Bundle|Hydro Pump|p1a: Great Tusk\n|-supereffective|p1a: Great Tusk\n|-damage|p1a: Great Tusk|0 fnt\n|faint|p1a: Great Tusk\n|-end|p1a: Great Tusk|Protosynthesis|[silent]\n|move|p2b: Chien-Pao|Ice Spinner|p1b: Chien-Pao\n|-activate|p1b: Chien-Pao|move: Protect\n|\n|upkeep\n|turn|7\n|-message|Breakaway97 forfeited.\n|\n|win|zippLapZapper\n|raw|Breakaway97's rating: 1506 → 1482<\/strong> (-24 for losing)\n|raw|zippLapZapper's rating: 1429 → 1453<\/strong> (+24 for winning)\n|l|\u2606Breakaway97\n","uploadtime":1682957017,"views":23,"p1id":"breakaway97","p2id":"zipplapzapper","formatid":"gen9vgc2023regulationc","rating":1453,"private":0,"password":""}