{"id":"gen9vgc2023regulationc-1851371734","p1":"Robbie35646","p2":"ArnavChawla","format":"[Gen 9] VGC 2023 Regulation C","log":"|j|\u2606Robbie35646\n|j|\u2606ArnavChawla\n|t:|1682439774\n|gametype|doubles\n|player|p1|Robbie35646|larry|\n|player|p2|ArnavChawla|ingo|\n|teamsize|p1|6\n|teamsize|p2|6\n|gen|9\n|tier|[Gen 9] VGC 2023 Regulation C\n|rule|Species Clause: Limit one of each Pok\u00e9mon\n|rule|Item Clause: Limit one of each item\n|clearpoke\n|poke|p1|Ting-Lu, L50|\n|poke|p1|Palafin, L50, M|\n|poke|p1|Amoonguss, L50, M|\n|poke|p1|Arcanine, L50, F|\n|poke|p1|Flutter Mane, L50|\n|poke|p1|Iron Hands, L50|\n|poke|p2|Amoonguss, L50, M|\n|poke|p2|Iron Thorns, L50|\n|poke|p2|Iron Bundle, L50|\n|poke|p2|Flutter Mane, L50|\n|poke|p2|Talonflame, L50, M|\n|poke|p2|Kingambit, L50, F|\n|teampreview|4\n|inactive|Battle timer is ON: inactive players will automatically lose when time's up. (requested by ArnavChawla)\n|inactiveoff|Battle timer is now OFF.\nRobbie35646 has agreed to open team sheets.\n|inactive|Battle timer is ON: inactive players will automatically lose when time's up. (requested by ArnavChawla)\nArnavChawla has agreed to open team sheets.\n|c|\u2606Robbie35646|glhf\n|c|\u2606ArnavChawla|u2\n|inactive|ArnavChawla has 30 seconds left.\n|\n|t:|1682439968\n|start\n|switch|p1a: Palafin|Palafin, L50, M, shiny|100\/100\n|switch|p1b: Iron Hands|Iron Hands, L50|100\/100\n|switch|p2a: Iron Thorns|Iron Thorns, L50|100\/100\n|switch|p2b: Talonflame|Talonflame, L50, M|100\/100\n|turn|1\n|inactive|Robbie35646 has 30 seconds left.\n|\n|t:|1682439997\n|-terastallize|p2a: Iron Thorns|Flying\n|move|p2b: Talonflame|Tailwind|p2b: Talonflame\n|-sidestart|p2: ArnavChawla|move: Tailwind\n|move|p2a: Iron Thorns|Rock Blast|p1a: Palafin\n|-damage|p1a: Palafin|83\/100\n|-damage|p1a: Palafin|65\/100\n|-damage|p1a: Palafin|48\/100\n|-damage|p1a: Palafin|29\/100\n|-hitcount|p1a: Palafin|4\n|move|p1a: Palafin|Wave Crash|p2b: Talonflame\n|-supereffective|p2b: Talonflame\n|-damage|p2b: Talonflame|0 fnt\n|faint|p2b: Talonflame\n|-damage|p1a: Palafin|0 fnt|[from] Recoil\n|faint|p1a: Palafin\n|move|p1b: Iron Hands|Swords Dance|p1b: Iron Hands\n|-boost|p1b: Iron Hands|atk|2\n|\n|upkeep\n|\n|t:|1682440009\n|switch|p2b: Amoonguss|Amoonguss, L50, M|100\/100\n|switch|p1a: Arcanine|Arcanine, L50, F|100\/100\n|-ability|p1a: Arcanine|Intimidate|boost\n|-unboost|p2a: Iron Thorns|atk|1\n|-unboost|p2b: Amoonguss|atk|1\n|turn|2\n|\n|t:|1682440026\n|-end|p2a: Iron Thorns|Quark Drive|[silent]\n|switch|p2a: Kingambit|Kingambit, L50, F|100\/100\n|move|p2b: Amoonguss|Protect|p2b: Amoonguss\n|-singleturn|p2b: Amoonguss|Protect\n|move|p1a: Arcanine|Flare Blitz|p2b: Amoonguss\n|-activate|p2b: Amoonguss|move: Protect\n|move|p1b: Iron Hands|Thunder Punch|p2a: Kingambit\n|-damage|p2a: Kingambit|34\/100\n|\n|upkeep\n|turn|3\n|\n|t:|1682440041\n|move|p2a: Kingambit|Kowtow Cleave|p1a: Arcanine\n|-damage|p1a: Arcanine|51\/100\n|move|p1a: Arcanine|Flare Blitz|p2b: Amoonguss\n|-supereffective|p2b: Amoonguss\n|-damage|p2b: Amoonguss|13\/100\n|-damage|p1a: Arcanine|35\/100|[from] item: Rocky Helmet|[of] p2b: Amoonguss\n|-damage|p1a: Arcanine|3\/100|[from] Recoil\n|-enditem|p1a: Arcanine|Figy Berry|[eat]\n|-heal|p1a: Arcanine|36\/100|[from] item: Figy Berry\n|move|p2b: Amoonguss|Pollen Puff|p2a: Kingambit\n|-heal|p2a: Kingambit|84\/100\n|move|p1b: Iron Hands|Thunder Punch|p2a: Kingambit\n|-damage|p2a: Kingambit|15\/100\n|\n|upkeep\n|turn|4\n|\n|t:|1682440060\n|move|p1a: Arcanine|Extreme Speed|p2b: Amoonguss\n|-damage|p2b: Amoonguss|0 fnt\n|-damage|p1a: Arcanine|19\/100|[from] item: Rocky Helmet|[of] p2b: Amoonguss\n|faint|p2b: Amoonguss\n|move|p2a: Kingambit|Sucker Punch||[still]\n|-fail|p2a: Kingambit\n|move|p1b: Iron Hands|Thunder Punch|p2a: Kingambit\n|-damage|p2a: Kingambit|0 fnt\n|faint|p2a: Kingambit\n|\n|-sideend|p2: ArnavChawla|move: Tailwind\n|upkeep\n|\n|t:|1682440063\n|switch|p2b: Iron Thorns|Iron Thorns, L50, tera:Flying|100\/100\n|turn|5\n|c|\u2606ArnavChawla|gg\n|\n|t:|1682440069\n|switch|p1a: Flutter Mane|Flutter Mane, L50|100\/100\n|move|p2b: Iron Thorns|Tera Blast|p1b: Iron Hands\n|-damage|p1b: Iron Hands|67\/100\n|move|p1b: Iron Hands|Thunder Punch|p2b: Iron Thorns\n|-supereffective|p2b: Iron Thorns\n|-damage|p2b: Iron Thorns|0 fnt\n|faint|p2b: Iron Thorns\n|-end|p2b: Iron Thorns|Quark Drive|[silent]\n|\n|win|Robbie35646\n|c|\u2606Robbie35646|ggs\n","uploadtime":1682440078,"views":10,"p1id":"robbie35646","p2id":"arnavchawla","formatid":"gen9vgc2023regulationc","rating":0,"private":0,"password":""}