{"id":"gen9vgc2023regulationc-1858716717","p1":"crowlersar24","p2":"difficultdrugs","format":"[Gen 9] VGC 2023 Regulation C","log":"|j|\u2606crowlersar24\n|j|\u2606difficultdrugs\n|t:|1683347289\n|gametype|doubles\n|player|p1|crowlersar24|colress|1000\n|player|p2|difficultdrugs|bertha|1051\n|teamsize|p1|6\n|teamsize|p2|6\n|gen|9\n|tier|[Gen 9] VGC 2023 Regulation C\n|rated|\n|rule|Species Clause: Limit one of each Pok\u00e9mon\n|rule|Item Clause: Limit one of each item\n|clearpoke\n|poke|p1|Amoonguss, L50, M|\n|poke|p1|Dragonite, L50, F|\n|poke|p1|Palafin, L50, F|\n|poke|p1|Ting-Lu, L50|\n|poke|p1|Arcanine, L50, F|\n|poke|p1|Flutter Mane, L50|\n|poke|p2|Grafaiai, L50, M|\n|poke|p2|Baxcalibur, L50, M|\n|poke|p2|Scizor, L50, M|\n|poke|p2|Braviary, L50, M|\n|poke|p2|Flutter Mane, L50|\n|poke|p2|Scream Tail, L50|\n|teampreview|4\ncrowlersar24 has agreed to open team sheets.\n|c|\u2606difficultdrugs|no ty\ndifficultdrugs rejected open team sheets.\n|\n|t:|1683347351\n|start\n|switch|p1a: Arcanine|Arcanine, L50, F|100\/100\n|switch|p1b: Palafin|Palafin, L50, F|100\/100\n|switch|p2a: Flutter Mane|Flutter Mane, L50|100\/100\n|switch|p2b: Scream Tail|Scream Tail, L50|100\/100\n|-ability|p1a: Arcanine|Intimidate|boost\n|-unboost|p2a: Flutter Mane|atk|1\n|-unboost|p2b: Scream Tail|atk|1\n|-enditem|p2b: Scream Tail|Booster Energy\n|-activate|p2b: Scream Tail|ability: Protosynthesis|[fromitem]\n|-start|p2b: Scream Tail|protosynthesisspe\n|turn|1\n|\n|t:|1683347381\n|-end|p2a: Flutter Mane|Protosynthesis|[silent]\n|switch|p2a: Baxcalibur|Baxcalibur, L50, M|100\/100\n|move|p1b: Palafin|Protect|p1b: Palafin\n|-singleturn|p1b: Palafin|Protect\n|move|p2b: Scream Tail|Howl|p2b: Scream Tail|[spread] p2a,p2b\n|-boost|p2a: Baxcalibur|atk|1\n|-boost|p2b: Scream Tail|atk|1\n|move|p1a: Arcanine|Flare Blitz|p2b: Scream Tail\n|-damage|p2b: Scream Tail|66\/100\n|-damage|p1a: Arcanine|89\/100|[from] Recoil\n|\n|upkeep\n|turn|2\n|\n|t:|1683347420\n|-terastallize|p2a: Baxcalibur|Ground\n|move|p1a: Arcanine|Protect|p1a: Arcanine\n|-singleturn|p1a: Arcanine|Protect\n|move|p2b: Scream Tail|Howl|p2b: Scream Tail|[spread] p2a,p2b\n|-boost|p2a: Baxcalibur|atk|1\n|-boost|p2b: Scream Tail|atk|1\n|move|p1b: Palafin|Haze|p1b: Palafin\n|-clearallboost\n|move|p2a: Baxcalibur|Earthquake|p1a: Arcanine|[spread] p2b,p1b\n|-activate|p1a: Arcanine|move: Protect\n|-damage|p2b: Scream Tail|31\/100\n|-damage|p1b: Palafin|44\/100\n|\n|upkeep\n|turn|3\n|\n|t:|1683347485\n|move|p2b: Scream Tail|Howl|p2b: Scream Tail|[spread] p2a,p2b\n|-boost|p2a: Baxcalibur|atk|1\n|-boost|p2b: Scream Tail|atk|1\n|move|p1a: Arcanine|Flare Blitz|p2b: Scream Tail\n|-damage|p2b: Scream Tail|0 fnt\n|faint|p2b: Scream Tail\n|-end|p2b: Scream Tail|Protosynthesis|[silent]\n|-damage|p1a: Arcanine|79\/100|[from] Recoil\n|move|p1b: Palafin|Wave Crash|p2a: Baxcalibur\n|-supereffective|p2a: Baxcalibur\n|-damage|p2a: Baxcalibur|9\/100\n|-enditem|p2a: Baxcalibur|Sitrus Berry|[eat]\n|-heal|p2a: Baxcalibur|34\/100|[from] item: Sitrus Berry\n|-damage|p1b: Palafin|14\/100|[from] Recoil\n|move|p2a: Baxcalibur|Earthquake|p1b: Palafin|[spread] p1a,p1b\n|-supereffective|p1a: Arcanine\n|-damage|p1a: Arcanine|0 fnt\n|-damage|p1b: Palafin|0 fnt\n|faint|p1a: Arcanine\n|faint|p1b: Palafin\n|\n|upkeep\n|\n|t:|1683347500\n|switch|p2b: Braviary|Braviary, L50, M|100\/100\n|switch|p1a: Dragonite|Dragonite, L50, F|100\/100\n|switch|p1b: Flutter Mane|Flutter Mane, L50|100\/100\n|-enditem|p1b: Flutter Mane|Booster Energy\n|-activate|p1b: Flutter Mane|ability: Protosynthesis|[fromitem]\n|-start|p1b: Flutter Mane|protosynthesisspe\n|turn|4\n|\n|t:|1683347532\n|-terastallize|p1b: Flutter Mane|Fairy\n|move|p2a: Baxcalibur|Protect|p2a: Baxcalibur\n|-singleturn|p2a: Baxcalibur|Protect\n|move|p1b: Flutter Mane|Moonblast|p2b: Braviary\n|-damage|p2b: Braviary|23\/100\n|move|p2b: Braviary|Tailwind|p2b: Braviary\n|-sidestart|p2: difficultdrugs|move: Tailwind\n|move|p1a: Dragonite|Ice Spinner|p2a: Baxcalibur\n|-activate|p2a: Baxcalibur|move: Protect\n|\n|upkeep\n|turn|5\n|\n|t:|1683347556\n|switch|p2b: Flutter Mane|Flutter Mane, L50|100\/100\n|move|p1b: Flutter Mane|Protect|p1b: Flutter Mane\n|-singleturn|p1b: Flutter Mane|Protect\n|move|p1a: Dragonite|Extreme Speed|p2a: Baxcalibur\n|-damage|p2a: Baxcalibur|9\/100\n|move|p2a: Baxcalibur|Ice Shard|p1a: Dragonite\n|-supereffective|p1a: Dragonite\n|-damage|p1a: Dragonite|0 fnt\n|faint|p1a: Dragonite\n|\n|upkeep\n|turn|6\n|\n|t:|1683347585\n|move|p1b: Flutter Mane|Protect||[still]\n|-fail|p1b: Flutter Mane\n|move|p2a: Baxcalibur|Ice Shard|p1b: Flutter Mane\n|-damage|p1b: Flutter Mane|34\/100\n|move|p2b: Flutter Mane|Moonblast|p1b: Flutter Mane\n|-damage|p1b: Flutter Mane|0 fnt\n|faint|p1b: Flutter Mane\n|-end|p1b: Flutter Mane|Protosynthesis|[silent]\n|\n|win|difficultdrugs\n|raw|crowlersar24's rating: 1000 → 1000<\/strong> (+0 for losing)\n|raw|difficultdrugs's rating: 1051 → 1079<\/strong> (+28 for winning)\n|c|\u2606difficultdrugs|gtg\n|c|\u2606difficultdrugs|gg\n","uploadtime":1683347606,"views":6,"p1id":"crowlersar24","p2id":"difficultdrugs","formatid":"gen9vgc2023regulationc","rating":1000,"private":0,"password":""}