{"id":"gen9vgc2023regulationc-1857238418","p1":"showdowntemp2023","p2":"marcelobg","format":"[Gen 9] VGC 2023 Regulation C","log":"|j|\u2606showdowntemp2023\n|j|\u2606marcelobg\n|t:|1683161938\n|gametype|doubles\n|player|p1|showdowntemp2023|harlequin|1249\n|player|p2|marcelobg|101|1318\n|teamsize|p1|6\n|teamsize|p2|6\n|gen|9\n|tier|[Gen 9] VGC 2023 Regulation C\n|rated|\n|rule|Species Clause: Limit one of each Pok\u00e9mon\n|rule|Item Clause: Limit one of each item\n|clearpoke\n|poke|p1|Vivillon, L50, F|\n|poke|p1|Ting-Lu, L50|\n|poke|p1|Iron Bundle, L50|\n|poke|p1|Abomasnow, L50, M|\n|poke|p1|Orthworm, L50, F|\n|poke|p1|Baxcalibur, L50, F|\n|poke|p2|Ting-Lu, L50|\n|poke|p2|Ceruledge, L50, F|\n|poke|p2|Gyarados, L50, M|\n|poke|p2|Amoonguss, L50, F|\n|poke|p2|Flutter Mane, L50|\n|poke|p2|Baxcalibur, L50, M|\n|teampreview|4\n|inactive|Battle timer is ON: inactive players will automatically lose when time's up. (requested by marcelobg)\n|inactive|marcelobg has 60 seconds left.\n|inactive|marcelobg has 30 seconds left.\n|\n|t:|1683162010\n|start\n|switch|p1a: Vivillon|Vivillon, L50, F|100\/100\n|switch|p1b: Ting-Lu|Ting-Lu, L50|100\/100\n|switch|p2a: Baxcalibur|Baxcalibur, L50, M, shiny|100\/100\n|switch|p2b: Gyarados|Gyarados, L50, M|100\/100\n|-ability|p2b: Gyarados|Intimidate|boost\n|-unboost|p1a: Vivillon|atk|1\n|-unboost|p1b: Ting-Lu|atk|1\n|-ability|p1b: Ting-Lu|Vessel of Ruin\n|turn|1\n|inactive|showdowntemp2023 has 30 seconds left.\n|inactive|marcelobg has 30 seconds left.\n|inactive|showdowntemp2023 has 20 seconds left.\n|inactive|showdowntemp2023 has 15 seconds left.\n|\n|t:|1683162054\n|switch|p1b: Orthworm|Orthworm, L50, F|100\/100\n|move|p1a: Vivillon|Protect|p1a: Vivillon\n|-singleturn|p1a: Vivillon|Protect\n|move|p2a: Baxcalibur|Icicle Crash|p1b: Orthworm\n|-resisted|p1b: Orthworm\n|-damage|p1b: Orthworm|88\/100\n|move|p2b: Gyarados|Taunt|p1a: Vivillon\n|-activate|p1a: Vivillon|move: Protect\n|\n|upkeep\n|turn|2\n|inactive|marcelobg has 30 seconds left.\n|\n|t:|1683162087\n|move|p1a: Vivillon|Rage Powder|p1a: Vivillon\n|-singleturn|p1a: Vivillon|move: Rage Powder\n|move|p2a: Baxcalibur|Glaive Rush|p1a: Vivillon\n|-enditem|p1a: Vivillon|Focus Sash\n|-damage|p1a: Vivillon|1\/100\n|-singlemove|p2a: Baxcalibur|Glaive Rush|[silent]\n|move|p2b: Gyarados|Taunt|p1a: Vivillon\n|-start|p1a: Vivillon|move: Taunt\n|move|p1b: Orthworm|Shed Tail|p1b: Orthworm\n|-start|p1b: Orthworm|Substitute|[from] move: Shed Tail\n|-damage|p1b: Orthworm|38\/100\n|-enditem|p1b: Orthworm|Sitrus Berry|[eat]\n|-heal|p1b: Orthworm|63\/100|[from] item: Sitrus Berry\n|\n|t:|1683162099\n|switch|p1b: Ting-Lu|Ting-Lu, L50|100\/100|[from] Shed Tail\n|-ability|p1b: Ting-Lu|Vessel of Ruin\n|\n|upkeep\n|turn|3\n|\n|t:|1683162123\n|-terastallize|p1b: Ting-Lu|Ground\n|move|p2a: Baxcalibur|Ice Shard|p1a: Vivillon\n|-supereffective|p1a: Vivillon\n|-damage|p1a: Vivillon|0 fnt\n|faint|p1a: Vivillon\n|move|p2b: Gyarados|Waterfall|p1b: Ting-Lu\n|-supereffective|p1b: Ting-Lu\n|-end|p1b: Ting-Lu|Substitute\n|move|p1b: Ting-Lu|Earthquake|p2b: Gyarados|[spread] p2a\n|-immune|p2b: Gyarados\n|-damage|p2a: Baxcalibur|54\/100\n|\n|upkeep\n|\n|t:|1683162135\n|switch|p1a: Orthworm|Orthworm, L50, F|63\/100\n|turn|4\n|inactive|marcelobg has 30 seconds left.\n|\n|t:|1683162167\n|move|p2a: Baxcalibur|Protect|p2a: Baxcalibur\n|-singleturn|p2a: Baxcalibur|Protect\n|move|p2b: Gyarados|Waterfall|p1b: Ting-Lu\n|-supereffective|p1b: Ting-Lu\n|-damage|p1b: Ting-Lu|59\/100\n|move|p1a: Orthworm|Iron Defense|p1a: Orthworm\n|-boost|p1a: Orthworm|def|2\n|move|p1b: Ting-Lu|Earthquake|p2b: Gyarados|[spread] \n|-activate|p2a: Baxcalibur|move: Protect\n|-heal|p1a: Orthworm|88\/100|[from] ability: Earth Eater|[of] p1b: Ting-Lu\n|-immune|p2b: Gyarados\n|\n|-heal|p1b: Ting-Lu|65\/100|[from] item: Leftovers\n|upkeep\n|turn|5\n|\n|t:|1683162192\n|switch|p2a: Ting-Lu|Ting-Lu, L50|100\/100\n|-ability|p2a: Ting-Lu|Vessel of Ruin\n|move|p2b: Gyarados|Taunt|p1a: Orthworm\n|-start|p1a: Orthworm|move: Taunt\n|cant|p1a: Orthworm|move: Taunt|Iron Defense\n|move|p1b: Ting-Lu|Rock Slide|p2b: Gyarados|[spread] p2a,p2b\n|-resisted|p2a: Ting-Lu\n|-supereffective|p2b: Gyarados\n|-damage|p2a: Ting-Lu|95\/100\n|-damage|p2b: Gyarados|63\/100\n|\n|-heal|p1b: Ting-Lu|71\/100|[from] item: Leftovers\n|upkeep\n|turn|6\n|inactive|showdowntemp2023 has 30 seconds left.\n|inactive|showdowntemp2023 has 20 seconds left.\n|inactive|marcelobg has 30 seconds left.\n|inactive|showdowntemp2023 has 15 seconds left.\n|\n|t:|1683162232\n|switch|p2b: Baxcalibur|Baxcalibur, L50, M, shiny|54\/100\n|move|p1a: Orthworm|Body Press|p2a: Ting-Lu\n|-supereffective|p2a: Ting-Lu\n|-damage|p2a: Ting-Lu|39\/100\n|move|p2a: Ting-Lu|Fissure|p1a: Orthworm\n|-heal|p1a: Orthworm|100\/100|[from] ability: Earth Eater|[of] p2a: Ting-Lu\n|move|p1b: Ting-Lu|Rock Slide|p2b: Baxcalibur|[spread] p2a,p2b\n|-resisted|p2a: Ting-Lu\n|-supereffective|p2b: Baxcalibur\n|-damage|p2a: Ting-Lu|33\/100\n|-damage|p2b: Baxcalibur|24\/100\n|\n|-heal|p1b: Ting-Lu|77\/100|[from] item: Leftovers\n|upkeep\n|turn|7\n|inactive|marcelobg has 30 seconds left.\n|inactive|marcelobg has 20 seconds left.\n|\n|t:|1683162270\n|switch|p2a: Gyarados|Gyarados, L50, M|63\/100\n|-ability|p2a: Gyarados|Intimidate|boost\n|-unboost|p1a: Orthworm|atk|1\n|-unboost|p1b: Ting-Lu|atk|1\n|move|p2b: Baxcalibur|Protect|p2b: Baxcalibur\n|-singleturn|p2b: Baxcalibur|Protect\n|move|p1a: Orthworm|Body Press|p2a: Gyarados\n|-resisted|p2a: Gyarados\n|-damage|p2a: Gyarados|38\/100\n|-enditem|p2a: Gyarados|Sitrus Berry|[eat]\n|-heal|p2a: Gyarados|63\/100|[from] item: Sitrus Berry\n|move|p1b: Ting-Lu|Rock Slide|p2a: Gyarados|[spread] p2a\n|-activate|p2b: Baxcalibur|move: Protect\n|-supereffective|p2a: Gyarados\n|-damage|p2a: Gyarados|40\/100\n|\n|-heal|p1b: Ting-Lu|83\/100|[from] item: Leftovers\n|-end|p1a: Orthworm|move: Taunt\n|upkeep\n|turn|8\n|inactive|showdowntemp2023 has 30 seconds left.\n|inactive|marcelobg has 30 seconds left.\n|\n|t:|1683162296\n|move|p2b: Baxcalibur|Icicle Crash|p1b: Ting-Lu\n|-supereffective|p1b: Ting-Lu\n|-damage|p1b: Ting-Lu|28\/100\n|move|p2a: Gyarados|Taunt|p1a: Orthworm\n|-start|p1a: Orthworm|move: Taunt\n|move|p1a: Orthworm|Body Press|p2b: Baxcalibur\n|-supereffective|p2b: Baxcalibur\n|-damage|p2b: Baxcalibur|0 fnt\n|faint|p2b: Baxcalibur\n|move|p1b: Ting-Lu|Rock Slide|p2a: Gyarados\n|-supereffective|p2a: Gyarados\n|-damage|p2a: Gyarados|8\/100\n|\n|-heal|p1b: Ting-Lu|34\/100|[from] item: Leftovers\n|upkeep\n|\n|t:|1683162311\n|switch|p2b: Ting-Lu|Ting-Lu, L50|33\/100\n|-ability|p2b: Ting-Lu|Vessel of Ruin\n|turn|9\n|\n|t:|1683162327\n|move|p2a: Gyarados|Waterfall|p1b: Ting-Lu\n|-supereffective|p1b: Ting-Lu\n|-damage|p1b: Ting-Lu|0 fnt\n|faint|p1b: Ting-Lu\n|move|p1a: Orthworm|Body Press|p2b: Ting-Lu\n|-supereffective|p2b: Ting-Lu\n|-damage|p2b: Ting-Lu|0 fnt\n|faint|p2b: Ting-Lu\n|\n|upkeep\n|\n|t:|1683162337\n|switch|p2b: Flutter Mane|Flutter Mane, L50|100\/100\n|switch|p1b: Baxcalibur|Baxcalibur, L50, F|100\/100\n|-enditem|p2b: Flutter Mane|Booster Energy\n|-activate|p2b: Flutter Mane|ability: Protosynthesis|[fromitem]\n|-start|p2b: Flutter Mane|protosynthesisspa\n|turn|10\n|inactive|marcelobg has 30 seconds left.\n|\n|t:|1683162368\n|move|p2b: Flutter Mane|Protect|p2b: Flutter Mane\n|-singleturn|p2b: Flutter Mane|Protect\n|move|p1b: Baxcalibur|Icicle Crash|p2a: Gyarados\n|-damage|p2a: Gyarados|0 fnt\n|faint|p2a: Gyarados\n|move|p1a: Orthworm|Heavy Slam|p2b: Flutter Mane\n|-activate|p2b: Flutter Mane|move: Protect\n|\n|-end|p1a: Orthworm|move: Taunt\n|upkeep\n|turn|11\n|\n|t:|1683162387\n|-terastallize|p2b: Flutter Mane|Fairy\n|move|p2b: Flutter Mane|Dazzling Gleam|p1a: Orthworm|[spread] p1a,p1b\n|-resisted|p1a: Orthworm\n|-supereffective|p1b: Baxcalibur\n|-damage|p1a: Orthworm|71\/100\n|-damage|p1b: Baxcalibur|7\/100\n|move|p1b: Baxcalibur|Icicle Crash|p2b: Flutter Mane\n|-damage|p2b: Flutter Mane|18\/100\n|move|p1a: Orthworm|Heavy Slam|p2b: Flutter Mane\n|-supereffective|p2b: Flutter Mane\n|-damage|p2b: Flutter Mane|0 fnt\n|faint|p2b: Flutter Mane\n|-end|p2b: Flutter Mane|Protosynthesis|[silent]\n|\n|win|showdowntemp2023\n|raw|showdowntemp2023's rating: 1249 → 1279<\/strong> (+30 for winning)\n|raw|marcelobg's rating: 1318 → 1294<\/strong> (-24 for losing)\n","uploadtime":1683162399,"views":10,"p1id":"showdowntemp2023","p2id":"marcelobg","formatid":"gen9vgc2023regulationc","rating":1279,"private":0,"password":""}