{"id":"gen9vgc2023regulationc-1851850392","p1":"higuainlota99","p2":"SM0KESgirl","format":"[Gen 9] VGC 2023 Regulation C","log":"|j|\u2606higuainlota99\n|j|\u2606SM0KESgirl\n|t:|1682494890\n|gametype|doubles\n|player|p1|higuainlota99|2|1091\n|player|p2|SM0KESgirl|101|1129\n|teamsize|p1|6\n|teamsize|p2|6\n|gen|9\n|tier|[Gen 9] VGC 2023 Regulation C\n|rated|\n|rule|Species Clause: Limit one of each Pok\u00e9mon\n|rule|Item Clause: Limit one of each item\n|clearpoke\n|poke|p1|Arboliva, L50, M|\n|poke|p1|Palafin, L50, M|\n|poke|p1|Amoonguss, L50, M|\n|poke|p1|Baxcalibur, L50, F|\n|poke|p1|Flutter Mane, L50|\n|poke|p1|Scream Tail, L50|\n|poke|p2|Gholdengo, L50|\n|poke|p2|Murkrow, L50, F|\n|poke|p2|Baxcalibur, L50, M|\n|poke|p2|Annihilape, L50, M|\n|poke|p2|Flutter Mane, L50|\n|poke|p2|Amoonguss, L50, M|\n|teampreview|4\n|inactive|Battle timer is ON: inactive players will automatically lose when time's up. (requested by higuainlota99)\n|inactive|higuainlota99 has 60 seconds left.\n|\n|t:|1682494927\n|start\n|switch|p1a: Flutter Mane|Flutter Mane, L50|100\/100\n|switch|p1b: Palafin|Palafin, L50, M|100\/100\n|switch|p2a: Murkrow|Murkrow, L50, F|100\/100\n|switch|p2b: Gholdengo|Gholdengo, L50|100\/100\n|turn|1\n|inactive|SM0KESgirl has 30 seconds left.\n|inactive|SM0KESgirl has 20 seconds left.\n|\n|t:|1682494965\n|detailschange|p1b: Palafin|Palafin-Hero, L50, M\n|switch|p1b: Amoonguss|Amoonguss, L50, M|100\/100\n|-terastallize|p2b: Gholdengo|Steel\n|move|p1a: Flutter Mane|Protect|p1a: Flutter Mane\n|-singleturn|p1a: Flutter Mane|Protect\n|move|p2a: Murkrow|Tailwind|p2a: Murkrow\n|-sidestart|p2: SM0KESgirl|move: Tailwind\n|move|p2b: Gholdengo|Make It Rain|p1b: Amoonguss|[spread] p1b\n|-activate|p1a: Flutter Mane|move: Protect\n|-damage|p1b: Amoonguss|1\/100\n|-unboost|p2b: Gholdengo|spa|1\n|-enditem|p1b: Amoonguss|Sitrus Berry|[eat]\n|-heal|p1b: Amoonguss|26\/100|[from] item: Sitrus Berry\n|\n|upkeep\n|turn|2\n|inactive|SM0KESgirl has 30 seconds left.\n|inactive|SM0KESgirl has 20 seconds left.\n|inactive|SM0KESgirl has 15 seconds left.\n|\n|t:|1682495008\n|move|p1b: Amoonguss|Rage Powder|p1b: Amoonguss\n|-singleturn|p1b: Amoonguss|move: Rage Powder\n|move|p2a: Murkrow|Thunder Wave|p1b: Amoonguss\n|-status|p1b: Amoonguss|par\n|move|p2b: Gholdengo|Make It Rain|p1b: Amoonguss|[spread] p1a,p1b\n|-supereffective|p1a: Flutter Mane\n|-enditem|p1a: Flutter Mane|Focus Sash\n|-damage|p1a: Flutter Mane|1\/100\n|-damage|p1b: Amoonguss|0 fnt\n|-unboost|p2b: Gholdengo|spa|1\n|faint|p1b: Amoonguss\n|move|p1a: Flutter Mane|Trick Room|p1a: Flutter Mane\n|-fieldstart|move: Trick Room|[of] p1a: Flutter Mane\n|\n|upkeep\n|\n|t:|1682495018\n|switch|p1b: Arboliva|Arboliva, L50, M|100\/100\n|turn|3\n|\n|t:|1682495038\n|-end|p1a: Flutter Mane|Protosynthesis|[silent]\n|switch|p1a: Palafin|Palafin-Hero, L50, M|100\/100\n|-activate|p1a: Palafin|ability: Zero to Hero\n|-terastallize|p1b: Arboliva|Fire\n|move|p2a: Murkrow|Thunder Wave|p1b: Arboliva\n|-status|p1b: Arboliva|par\n|cant|p1b: Arboliva|par\n|move|p2b: Gholdengo|Make It Rain|p1a: Palafin|[spread] p1a,p1b\n|-resisted|p1a: Palafin\n|-resisted|p1b: Arboliva\n|-damage|p1a: Palafin|75\/100\n|-damage|p1b: Arboliva|81\/100 par\n|-unboost|p2b: Gholdengo|spa|1\n|-fieldstart|move: Grassy Terrain|[from] ability: Seed Sower|[of] p1b: Arboliva\n|\n|-heal|p1b: Arboliva|87\/100 par|[from] Grassy Terrain\n|-heal|p1b: Arboliva|92\/100 par|[from] item: Leftovers\n|-heal|p1a: Palafin|80\/100|[from] Grassy Terrain\n|upkeep\n|turn|4\n|inactive|SM0KESgirl has 30 seconds left.\n|inactive|SM0KESgirl has 20 seconds left.\n|\n|t:|1682495077\n|move|p1a: Palafin|Jet Punch|p2a: Murkrow\n|-damage|p2a: Murkrow|61\/100\n|move|p2a: Murkrow|Thunder Wave|p1a: Palafin\n|-status|p1a: Palafin|par\n|-enditem|p1a: Palafin|Lum Berry|[eat]\n|-curestatus|p1a: Palafin|par|[msg]\n|cant|p1b: Arboliva|par\n|move|p2b: Gholdengo|Make It Rain|p1b: Arboliva|[spread] p1a,p1b\n|-resisted|p1a: Palafin\n|-resisted|p1b: Arboliva\n|-damage|p1a: Palafin|60\/100\n|-damage|p1b: Arboliva|75\/100 par\n|-unboost|p2b: Gholdengo|spa|1\n|\n|-heal|p1b: Arboliva|81\/100 par|[from] Grassy Terrain\n|-heal|p1b: Arboliva|87\/100 par|[from] item: Leftovers\n|-heal|p1a: Palafin|66\/100|[from] Grassy Terrain\n|-sideend|p2: SM0KESgirl|move: Tailwind\n|upkeep\n|turn|5\n|l|\u2606higuainlota99\n|inactive|higuainlota99 disconnected and has a minute to reconnect!\n|player|p1|\n|inactive|higuainlota99 has 30 seconds left.\n|inactive|SM0KESgirl has 30 seconds left.\n|inactive|higuainlota99 has 20 seconds left.\n|inactive|higuainlota99 has 15 seconds left.\n|inactive|higuainlota99 has 10 seconds left.\n|inactive|higuainlota99 has 5 seconds left.\n|-message|higuainlota99 lost due to inactivity.\n|\n|win|SM0KESgirl\n|raw|higuainlota99's rating: 1091 → 1070<\/strong> (-21 for losing)\n|raw|SM0KESgirl's rating: 1129 → 1151<\/strong> (+22 for winning)\n","uploadtime":1682495138,"views":20,"p1id":"higuainlota99","p2id":"sm0kesgirl","formatid":"gen9vgc2023regulationc","rating":1070,"private":0,"password":""}