{"id":"gen9vgc2023regulationc-1851797147","p1":"Sia's Lullaby","p2":"ILoveFurryOvO","format":"[Gen 9] VGC 2023 Regulation C","log":"|j|\u2606Sia's Lullaby\n|j|\u2606ILoveFurryOvO\n|t:|1682485346\n|gametype|doubles\n|player|p1|Sia's Lullaby|olivia|\n|player|p2|ILoveFurryOvO|dawn-gen4pt|\n|teamsize|p1|6\n|teamsize|p2|6\n|gen|9\n|tier|[Gen 9] VGC 2023 Regulation C\n|rated|Tournament battle\n|rule|Species Clause: Limit one of each Pok\u00e9mon\n|rule|Item Clause: Limit one of each item\n|clearpoke\n|poke|p1|Chien-Pao, L50|\n|poke|p1|Palafin, L50, M|\n|poke|p1|Amoonguss, L50, M|\n|poke|p1|Gholdengo, L50|\n|poke|p1|Bellibolt, L50, M|\n|poke|p1|Iron Hands, L50|\n|poke|p2|Amoonguss, L50, M|\n|poke|p2|Arcanine, L50, F|\n|poke|p2|Flutter Mane, L50|\n|poke|p2|Palafin, L50, F|\n|poke|p2|Chien-Pao, L50|\n|poke|p2|Dragonite, L50, F|\n|teampreview|4\n|j| Radio Free C-Side\n|j| WeirdPolyCouple\nSia's Lullaby has agreed to open team sheets.\n|j| Obvaltisobv\n|\n|t:|1682485380\n|start\n|switch|p1a: Amoonguss|Amoonguss, L50, M|100\/100\n|switch|p1b: Gholdengo|Gholdengo, L50|100\/100\n|switch|p2a: \u98a8\u901f\u72d7|Arcanine, L50, F|100\/100\n|switch|p2b: \u5feb\u9f8d|Dragonite, L50, F|100\/100\n|-ability|p2a: \u98a8\u901f\u72d7|Intimidate|boost\n|-unboost|p1a: Amoonguss|atk|1\n|-unboost|p1b: Gholdengo|atk|1\n|turn|1\n|\n|t:|1682485416\n|switch|p1b: Bellibolt|Bellibolt, L50, M|100\/100\n|switch|p2b: \u6557\u9732\u7403\u83c7|Amoonguss, L50, M|100\/100\n|move|p1a: Amoonguss|Protect|p1a: Amoonguss\n|-singleturn|p1a: Amoonguss|Protect\n|move|p2a: \u98a8\u901f\u72d7|Snarl|p1a: Amoonguss|[spread] p1b\n|-activate|p1a: Amoonguss|move: Protect\n|-damage|p1b: Bellibolt|95\/100\n|-unboost|p1b: Bellibolt|spa|1\n|-start|p1b: Bellibolt|Charge|Snarl|[from] ability: Electromorphosis\n|\n|upkeep\n|turn|2\n|\n|t:|1682485452\n|switch|p1b: Gholdengo|Gholdengo, L50|100\/100\n|move|p2a: \u98a8\u901f\u72d7|Flare Blitz|p1a: Amoonguss\n|-supereffective|p1a: Amoonguss\n|-damage|p1a: Amoonguss|27\/100\n|-status|p1a: Amoonguss|brn\n|-damage|p2a: \u98a8\u901f\u72d7|73\/100|[from] Recoil\n|move|p1a: Amoonguss|Pollen Puff|p1b: Gholdengo\n|-immune|p1b: Gholdengo\n|move|p2b: \u6557\u9732\u7403\u83c7|Spore|p1b: Gholdengo\n|-immune|p1b: Gholdengo|[from] ability: Good as Gold\n|\n|-damage|p1a: Amoonguss|21\/100 brn|[from] brn\n|upkeep\n|-enditem|p1a: Amoonguss|Aguav Berry|[eat]\n|-heal|p1a: Amoonguss|54\/100 brn|[from] item: Aguav Berry\n|turn|3\n|\n|t:|1682485472\n|switch|p1a: Bellibolt|Bellibolt, L50, M|95\/100\n|-terastallize|p1b: Gholdengo|Flying\n|move|p2a: \u98a8\u901f\u72d7|Snarl|p1b: Gholdengo|[spread] p1a,p1b\n|-damage|p1a: Bellibolt|90\/100\n|-damage|p1b: Gholdengo|91\/100\n|-unboost|p1a: Bellibolt|spa|1\n|-unboost|p1b: Gholdengo|spa|1\n|-start|p1a: Bellibolt|Charge|Snarl|[from] ability: Electromorphosis\n|move|p1b: Gholdengo|Nasty Plot|p1b: Gholdengo\n|-boost|p1b: Gholdengo|spa|2\n|move|p2b: \u6557\u9732\u7403\u83c7|Pollen Puff|p2a: \u98a8\u901f\u72d7\n|-heal|p2a: \u98a8\u901f\u72d7|100\/100\n|\n|-heal|p1b: Gholdengo|97\/100|[from] item: Leftovers\n|upkeep\n|turn|4\n|\n|t:|1682485496\n|switch|p1a: Amoonguss|Amoonguss, L50, M|87\/100 brn\n|move|p2a: \u98a8\u901f\u72d7|Snarl|p1a: Amoonguss|[spread] p1a,p1b\n|-damage|p1a: Amoonguss|80\/100 brn\n|-damage|p1b: Gholdengo|87\/100\n|-unboost|p1a: Amoonguss|spa|1\n|-unboost|p1b: Gholdengo|spa|1\n|move|p1b: Gholdengo|Make It Rain|p2b: \u6557\u9732\u7403\u83c7|[spread] p2a,p2b\n|-resisted|p2a: \u98a8\u901f\u72d7\n|-damage|p2a: \u98a8\u901f\u72d7|74\/100\n|-damage|p2b: \u6557\u9732\u7403\u83c7|61\/100\n|-unboost|p1b: Gholdengo|spa|1\n|move|p2b: \u6557\u9732\u7403\u83c7|Pollen Puff|p2a: \u98a8\u901f\u72d7\n|-heal|p2a: \u98a8\u901f\u72d7|100\/100\n|\n|-heal|p1b: Gholdengo|93\/100|[from] item: Leftovers\n|-damage|p1a: Amoonguss|74\/100 brn|[from] brn\n|upkeep\n|turn|5\n|\n|t:|1682485517\n|switch|p1a: Bellibolt|Bellibolt, L50, M|90\/100\n|move|p2a: \u98a8\u901f\u72d7|Snarl|p1b: Gholdengo|[spread] p1a,p1b\n|-damage|p1a: Bellibolt|84\/100\n|-damage|p1b: Gholdengo|84\/100\n|-unboost|p1a: Bellibolt|spa|1\n|-unboost|p1b: Gholdengo|spa|1\n|-start|p1a: Bellibolt|Charge|Snarl|[from] ability: Electromorphosis\n|move|p1b: Gholdengo|Nasty Plot|p1b: Gholdengo\n|-boost|p1b: Gholdengo|spa|2\n|move|p2b: \u6557\u9732\u7403\u83c7|Spore|p1a: Bellibolt\n|-status|p1a: Bellibolt|slp|[from] move: Spore\n|\n|-heal|p1b: Gholdengo|90\/100|[from] item: Leftovers\n|upkeep\n|turn|6\n|\n|t:|1682485545\n|switch|p2b: \u5feb\u9f8d|Dragonite, L50, F|100\/100\n|move|p1b: Gholdengo|Protect|p1b: Gholdengo\n|-singleturn|p1b: Gholdengo|Protect\n|move|p2a: \u98a8\u901f\u72d7|Flare Blitz|p1b: Gholdengo\n|-activate|p1b: Gholdengo|move: Protect\n|cant|p1a: Bellibolt|slp\n|\n|-heal|p1b: Gholdengo|96\/100|[from] item: Leftovers\n|upkeep\n|turn|7\n|\n|t:|1682485560\n|-terastallize|p2b: \u5feb\u9f8d|Normal\n|move|p2b: \u5feb\u9f8d|Extreme Speed|p1b: Gholdengo\n|-damage|p1b: Gholdengo|29\/100\n|move|p2a: \u98a8\u901f\u72d7|Flare Blitz|p1b: Gholdengo\n|-damage|p1b: Gholdengo|0 fnt\n|faint|p1b: Gholdengo\n|-damage|p2a: \u98a8\u901f\u72d7|91\/100|[from] Recoil\n|cant|p1a: Bellibolt|slp\n|-end|p1a: Bellibolt|Charge|[silent]\n|\n|upkeep\n|\n|t:|1682485568\n|switch|p1b: Iron Hands|Iron Hands, L50|100\/100\n|turn|8\n|\n|t:|1682485589\n|switch|p2b: \u6557\u9732\u7403\u83c7|Amoonguss, L50, M|94\/100\n|move|p2a: \u98a8\u901f\u72d7|Will-O-Wisp|p1b: Iron Hands|[miss]\n|-miss|p2a: \u98a8\u901f\u72d7|p1b: Iron Hands\n|move|p1b: Iron Hands|Drain Punch|p2b: \u6557\u9732\u7403\u83c7\n|-resisted|p2b: \u6557\u9732\u7403\u83c7\n|-damage|p2b: \u6557\u9732\u7403\u83c7|73\/100\n|cant|p1a: Bellibolt|slp\n|\n|upkeep\n|turn|9\n|\n|t:|1682485599\n|move|p2a: \u98a8\u901f\u72d7|Snarl|p1a: Bellibolt|[spread] p1a,p1b\n|-resisted|p1b: Iron Hands\n|-damage|p1a: Bellibolt|78\/100 slp\n|-damage|p1b: Iron Hands|97\/100\n|-unboost|p1a: Bellibolt|spa|1\n|-unboost|p1b: Iron Hands|spa|1\n|-start|p1a: Bellibolt|Charge|Snarl|[from] ability: Electromorphosis\n|move|p1b: Iron Hands|Swords Dance|p1b: Iron Hands\n|-boost|p1b: Iron Hands|atk|2\n|-curestatus|p1a: Bellibolt|slp|[msg]\n|move|p1a: Bellibolt|Muddy Water|p2b: \u6557\u9732\u7403\u83c7|[spread] p2a,p2b\n|-supereffective|p2a: \u98a8\u901f\u72d7\n|-resisted|p2b: \u6557\u9732\u7403\u83c7\n|-damage|p2a: \u98a8\u901f\u72d7|68\/100\n|-damage|p2b: \u6557\u9732\u7403\u83c7|69\/100\n|move|p2b: \u6557\u9732\u7403\u83c7|Spore|p1b: Iron Hands\n|-status|p1b: Iron Hands|slp|[from] move: Spore\n|\n|upkeep\n|turn|10\n|\n|t:|1682485621\n|move|p2a: \u98a8\u901f\u72d7|Flare Blitz|p1a: Bellibolt\n|-damage|p1a: Bellibolt|40\/100\n|-start|p1a: Bellibolt|Charge|Flare Blitz|[from] ability: Electromorphosis\n|-damage|p2a: \u98a8\u901f\u72d7|54\/100|[from] Recoil\n|cant|p1b: Iron Hands|slp\n|move|p1a: Bellibolt|Volt Switch|p2a: \u98a8\u901f\u72d7\n|-damage|p2a: \u98a8\u901f\u72d7|15\/100\n|-end|p1a: Bellibolt|Charge|[silent]\n|\n|t:|1682485629\n|switch|p1a: Amoonguss|Amoonguss, L50, M|100\/100 brn|[from] Volt Switch\n|move|p2b: \u6557\u9732\u7403\u83c7|Pollen Puff|p2a: \u98a8\u901f\u72d7\n|-heal|p2a: \u98a8\u901f\u72d7|65\/100\n|\n|-damage|p1a: Amoonguss|95\/100 brn|[from] brn\n|upkeep\n|turn|11\n|\n|t:|1682485656\n|move|p1a: Amoonguss|Protect|p1a: Amoonguss\n|-singleturn|p1a: Amoonguss|Protect\n|move|p2a: \u98a8\u901f\u72d7|Flare Blitz|p1b: Iron Hands\n|-damage|p1b: Iron Hands|62\/100 slp\n|-damage|p2a: \u98a8\u901f\u72d7|51\/100|[from] Recoil\n|cant|p1b: Iron Hands|slp\n|move|p2b: \u6557\u9732\u7403\u83c7|Pollen Puff|p2a: \u98a8\u901f\u72d7\n|-heal|p2a: \u98a8\u901f\u72d7|100\/100\n|\n|-damage|p1a: Amoonguss|89\/100 brn|[from] brn\n|upkeep\n|turn|12\n|\n|t:|1682485672\n|move|p2a: \u98a8\u901f\u72d7|Flare Blitz|p1a: Amoonguss\n|-supereffective|p1a: Amoonguss\n|-damage|p1a: Amoonguss|12\/100 brn\n|-damage|p2a: \u98a8\u901f\u72d7|72\/100|[from] Recoil\n|-curestatus|p1b: Iron Hands|slp|[msg]\n|move|p1b: Iron Hands|Drain Punch|p2a: \u98a8\u901f\u72d7\n|-damage|p2a: \u98a8\u901f\u72d7|0 fnt\n|-heal|p1b: Iron Hands|92\/100|[from] drain|[of] p2a: \u98a8\u901f\u72d7\n|faint|p2a: \u98a8\u901f\u72d7\n|move|p1a: Amoonguss|Pollen Puff|p1b: Iron Hands\n|-heal|p1b: Iron Hands|100\/100\n|move|p2b: \u6557\u9732\u7403\u83c7|Spore|p1b: Iron Hands\n|-status|p1b: Iron Hands|slp|[from] move: Spore\n|\n|-damage|p1a: Amoonguss|6\/100 brn|[from] brn\n|upkeep\n|\n|t:|1682485683\n|switch|p2a: \u632f\u7ffc\u9aee|Flutter Mane, L50|100\/100\n|turn|13\n|\n|t:|1682485699\n|switch|p2b: \u5feb\u9f8d|Dragonite, L50, F, tera:Normal|100\/100\n|move|p2a: \u632f\u7ffc\u9aee|Dazzling Gleam|p1b: Iron Hands|[spread] p1a,p1b\n|-resisted|p1a: Amoonguss\n|-supereffective|p1b: Iron Hands\n|-damage|p1a: Amoonguss|0 fnt\n|-damage|p1b: Iron Hands|27\/100 slp\n|-enditem|p1b: Iron Hands|Sitrus Berry|[eat]\n|-heal|p1b: Iron Hands|52\/100 slp|[from] item: Sitrus Berry\n|faint|p1a: Amoonguss\n|cant|p1b: Iron Hands|slp\n|\n|upkeep\n|\n|t:|1682485701\n|switch|p1a: Bellibolt|Bellibolt, L50, M|40\/100\n|turn|14\n|\n|t:|1682485714\n|move|p2a: \u632f\u7ffc\u9aee|Dazzling Gleam|p1a: Bellibolt|[spread] p1a,p1b\n|-supereffective|p1b: Iron Hands\n|-crit|p1b: Iron Hands\n|-damage|p1a: Bellibolt|11\/100\n|-damage|p1b: Iron Hands|0 fnt\n|-start|p1a: Bellibolt|Charge|Dazzling Gleam|[from] ability: Electromorphosis\n|faint|p1b: Iron Hands\n|-end|p1b: Iron Hands|Quark Drive|[silent]\n|move|p2b: \u5feb\u9f8d|Outrage|p1a: Bellibolt\n|-damage|p1a: Bellibolt|0 fnt\n|faint|p1a: Bellibolt\n|\n|win|ILoveFurryOvO\n|n|\u2606Sia's Lullaby|siaslullaby\n|n|\u2606ILoveFurryOvO|ilovefurryovo\n|n| Radio Free C-Side|radiofreecside\n|n| WeirdPolyCouple|weirdpolycouple\n|n| Obvaltisobv|obvaltisobv\n|c|\u2606Sia's Lullaby|gg\n|l|\u2606Sia's Lullaby\n|l| Radio Free C-Side\n|c|\u2606ILoveFurryOvO|Gg\n","uploadtime":1682485731,"views":8,"p1id":"siaslullaby","p2id":"ilovefurryovo","formatid":"gen9vgc2023regulationc","rating":0,"private":0,"password":""}