{"id":"gen9vgc2023regulationc-1854299771","p1":"Allilain","p2":"LacossG","format":"[Gen 9] VGC 2023 Regulation C","log":"|j|\u2606Allilain\n|j|\u2606LacossG\n|t:|1682794244\n|gametype|doubles\n|player|p1|Allilain|waiter-gen4|1450\n|player|p2|LacossG|101|1518\n|teamsize|p1|6\n|teamsize|p2|6\n|gen|9\n|tier|[Gen 9] VGC 2023 Regulation C\n|rated|\n|rule|Species Clause: Limit one of each Pok\u00e9mon\n|rule|Item Clause: Limit one of each item\n|clearpoke\n|poke|p1|Iron Bundle, L50|\n|poke|p1|Chi-Yu, L50|\n|poke|p1|Dragapult, L50, F|\n|poke|p1|Arcanine, L50, F|\n|poke|p1|Gholdengo, L50|\n|poke|p1|Amoonguss, L50, F|\n|poke|p2|Tauros-Paldea-Blaze, L50, M|\n|poke|p2|Chi-Yu, L50|\n|poke|p2|Iron Bundle, L50|\n|poke|p2|Garchomp, L50, F|\n|poke|p2|Abomasnow, L50, F|\n|poke|p2|Corviknight, L50, F|\n|teampreview|4\n|j| Emilia_poke\n|l| Emilia_poke\n|\n|t:|1682794309\n|start\n|switch|p1a: \ubb34\uc1e0\ubcf4\ub530\ub9ac|Iron Bundle, L50, shiny|100\/100\n|switch|p1b: Amoonguss|Amoonguss, L50, F, shiny|100\/100\n|switch|p2a: Corviknight|Corviknight, L50, F|100\/100\n|switch|p2b: Iron Bundle|Iron Bundle, L50|100\/100\n|-enditem|p2b: Iron Bundle|Booster Energy\n|-activate|p2b: Iron Bundle|ability: Quark Drive|[fromitem]\n|-start|p2b: Iron Bundle|quarkdrivespe\n|-enditem|p1a: \ubb34\uc1e0\ubcf4\ub530\ub9ac|Booster Energy\n|-activate|p1a: \ubb34\uc1e0\ubcf4\ub530\ub9ac|ability: Quark Drive|[fromitem]\n|-start|p1a: \ubb34\uc1e0\ubcf4\ub530\ub9ac|quarkdrivespe\n|turn|1\n|inactive|Battle timer is ON: inactive players will automatically lose when time's up. (requested by LacossG)\n|\n|t:|1682794392\n|-terastallize|p1b: Amoonguss|Water\n|move|p2b: Iron Bundle|Freeze-Dry|p1a: \ubb34\uc1e0\ubcf4\ub530\ub9ac\n|-damage|p1a: \ubb34\uc1e0\ubcf4\ub530\ub9ac|48\/100\n|move|p1a: \ubb34\uc1e0\ubcf4\ub530\ub9ac|Freeze-Dry|p2b: Iron Bundle\n|-damage|p2b: Iron Bundle|30\/100\n|move|p2a: Corviknight|Brave Bird|p1a: \ubb34\uc1e0\ubcf4\ub530\ub9ac\n|-damage|p1a: \ubb34\uc1e0\ubcf4\ub530\ub9ac|0 fnt\n|faint|p1a: \ubb34\uc1e0\ubcf4\ub530\ub9ac\n|-end|p1a: \ubb34\uc1e0\ubcf4\ub530\ub9ac|Quark Drive|[silent]\n|-damage|p2a: Corviknight|89\/100|[from] Recoil\n|move|p1b: Amoonguss|Spore|p2a: Corviknight\n|-status|p2a: Corviknight|slp|[from] move: Spore\n|\n|upkeep\n|\n|t:|1682794413\n|switch|p1a: Dragapult|Dragapult, L50, F, shiny|100\/100\n|turn|2\n|\n|t:|1682794427\n|switch|p2a: Abomasnow|Abomasnow, L50, F|100\/100\n|-weather|Snow|[from] ability: Snow Warning|[of] p2a: Abomasnow\n|switch|p1b: Gholdengo|Gholdengo, L50|100\/100\n|move|p1a: Dragapult|Sucker Punch||[still]\n|-fail|p1a: Dragapult\n|move|p2b: Iron Bundle|Aurora Veil|p2b: Iron Bundle\n|-sidestart|p2: LacossG|move: Aurora Veil\n|\n|-weather|Snow|[upkeep]\n|upkeep\n|turn|3\n|inactive|Allilain has 30 seconds left.\n|inactive|LacossG has 30 seconds left.\n|\n|t:|1682794458\n|-end|p2b: Iron Bundle|Quark Drive|[silent]\n|switch|p2b: Corviknight|Corviknight, L50, F|89\/100 slp\n|switch|p1a: Amoonguss|Amoonguss, L50, F, shiny, tera:Water|100\/100\n|-terastallize|p2a: Abomasnow|Water\n|move|p1b: Gholdengo|Make It Rain|p2a: Abomasnow|[spread] p2a,p2b\n|-resisted|p2a: Abomasnow\n|-resisted|p2b: Corviknight\n|-damage|p2a: Abomasnow|76\/100\n|-damage|p2b: Corviknight|69\/100 slp\n|-unboost|p1b: Gholdengo|spa|1\n|move|p2a: Abomasnow|Blizzard|p1a: Amoonguss|[spread] p1a,p1b\n|-resisted|p1a: Amoonguss\n|-resisted|p1b: Gholdengo\n|-damage|p1a: Amoonguss|83\/100\n|-damage|p1b: Gholdengo|77\/100\n|-damage|p2a: Abomasnow|66\/100|[from] item: Life Orb\n|\n|-weather|Snow|[upkeep]\n|upkeep\n|turn|4\n|inactive|Allilain has 30 seconds left.\n|inactive|LacossG has 30 seconds left.\n|\n|t:|1682794492\n|move|p1b: Gholdengo|Make It Rain|p2b: Corviknight|[spread] p2a,p2b\n|-resisted|p2a: Abomasnow\n|-resisted|p2b: Corviknight\n|-damage|p2a: Abomasnow|51\/100\n|-damage|p2b: Corviknight|56\/100 slp\n|-unboost|p1b: Gholdengo|spa|1\n|cant|p2b: Corviknight|slp\n|move|p2a: Abomasnow|Giga Drain|p1a: Amoonguss\n|-supereffective|p1a: Amoonguss\n|-damage|p1a: Amoonguss|23\/100\n|-heal|p2a: Abomasnow|87\/100|[from] drain|[of] p1a: Amoonguss\n|-enditem|p1a: Amoonguss|Sitrus Berry|[eat]\n|-heal|p1a: Amoonguss|48\/100|[from] item: Sitrus Berry\n|-damage|p2a: Abomasnow|77\/100|[from] item: Life Orb\n|move|p1a: Amoonguss|Spore|p2a: Abomasnow\n|-status|p2a: Abomasnow|slp|[from] move: Spore\n|\n|-weather|Snow|[upkeep]\n|upkeep\n|turn|5\n|inactive|Allilain has 30 seconds left.\n|\n|t:|1682794526\n|switch|p1b: Dragapult|Dragapult, L50, F, shiny|100\/100\n|cant|p2b: Corviknight|slp\n|cant|p2a: Abomasnow|slp\n|move|p1a: Amoonguss|Pollen Puff|p2a: Abomasnow\n|-damage|p2a: Abomasnow|66\/100 slp\n|\n|-weather|Snow|[upkeep]\n|upkeep\n|turn|6\n|\n|t:|1682794548\n|switch|p1a: Gholdengo|Gholdengo, L50|77\/100\n|move|p1b: Dragapult|Protect|p1b: Dragapult\n|-singleturn|p1b: Dragapult|Protect\n|cant|p2b: Corviknight|slp\n|-curestatus|p2a: Abomasnow|slp|[msg]\n|move|p2a: Abomasnow|Blizzard|p1a: Gholdengo|[spread] p1a\n|-activate|p1b: Dragapult|move: Protect\n|-resisted|p1a: Gholdengo\n|-damage|p1a: Gholdengo|51\/100\n|-damage|p2a: Abomasnow|56\/100|[from] item: Life Orb\n|\n|-weather|none\n|-sideend|p2: LacossG|move: Aurora Veil\n|upkeep\n|turn|7\n|\n|t:|1682794568\n|move|p2a: Abomasnow|Ice Shard|p1b: Dragapult\n|-supereffective|p1b: Dragapult\n|-damage|p1b: Dragapult|56\/100\n|-damage|p2a: Abomasnow|47\/100|[from] item: Life Orb\n|move|p1b: Dragapult|Phantom Force||[still]\n|-prepare|p1b: Dragapult|Phantom Force\n|-enditem|p1b: Dragapult|Power Herb\n|-anim|p1b: Dragapult|Phantom Force|p2b: Corviknight\n|-damage|p2b: Corviknight|14\/100 slp\n|move|p1a: Gholdengo|Thunderbolt|p2a: Abomasnow\n|-supereffective|p2a: Abomasnow\n|-damage|p2a: Abomasnow|0 fnt\n|faint|p2a: Abomasnow\n|-curestatus|p2b: Corviknight|slp|[msg]\n|move|p2b: Corviknight|Tailwind|p2b: Corviknight\n|-sidestart|p2: LacossG|move: Tailwind\n|\n|upkeep\n|inactive|LacossG has 30 seconds left.\n|\n|t:|1682794599\n|switch|p2a: Chi-Yu|Chi-Yu, L50|100\/100\n|-ability|p2a: Chi-Yu|Beads of Ruin\n|turn|8\n|inactive|Allilain has 30 seconds left.\n|\n|t:|1682794624\n|switch|p1a: Amoonguss|Amoonguss, L50, F, shiny, tera:Water|81\/100\n|move|p2a: Chi-Yu|Dark Pulse|p1a: Amoonguss\n|-damage|p1a: Amoonguss|9\/100\n|move|p2b: Corviknight|Roost|p2b: Corviknight\n|-heal|p2b: Corviknight|64\/100\n|-singleturn|p2b: Corviknight|move: Roost\n|move|p1b: Dragapult|Dragon Darts|p2a: Chi-Yu\n|-damage|p2a: Chi-Yu|67\/100\n|-anim|p1b: Dragapult|Dragon Darts|p2b: Corviknight\n|-resisted|p2b: Corviknight\n|-damage|p2b: Corviknight|53\/100\n|\n|upkeep\n|turn|9\n|inactive|Allilain has 30 seconds left.\n|\n|t:|1682794651\n|move|p1a: Amoonguss|Rage Powder|p1a: Amoonguss\n|-singleturn|p1a: Amoonguss|move: Rage Powder\n|move|p2a: Chi-Yu|Dark Pulse|p1a: Amoonguss\n|-damage|p1a: Amoonguss|0 fnt\n|faint|p1a: Amoonguss\n|move|p2b: Corviknight|Brave Bird|p1b: Dragapult\n|-damage|p1b: Dragapult|0 fnt\n|faint|p1b: Dragapult\n|-damage|p2b: Corviknight|37\/100|[from] Recoil\n|\n|upkeep\n|-message|Allilain forfeited.\n|\n|win|LacossG\n|raw|Allilain's rating: 1450 → 1434<\/strong> (-16 for losing)\n|raw|LacossG's rating: 1518 → 1534<\/strong> (+16 for winning)\n|l|\u2606Allilain\n","uploadtime":1682794666,"views":15,"p1id":"allilain","p2id":"lacossg","formatid":"gen9vgc2023regulationc","rating":1434,"private":0,"password":""}