{"id":"gen9vgc2023regulationc-1844824002","p1":"a lonely fart","p2":"Makatuk","format":"[Gen 9] VGC 2023 Regulation C","log":"|j|\u2606a lonely fart\n|j|\u2606Makatuk\n|t:|1681653006\n|gametype|doubles\n|player|p1|a lonely fart|2|1218\n|player|p2|Makatuk|red|1133\n|teamsize|p1|6\n|teamsize|p2|6\n|gen|9\n|tier|[Gen 9] VGC 2023 Regulation C\n|rated|\n|rule|Species Clause: Limit one of each Pok\u00e9mon\n|rule|Item Clause: Limit one of each item\n|clearpoke\n|poke|p1|Baxcalibur, L50, M|\n|poke|p1|Amoonguss, L50, F|\n|poke|p1|Ting-Lu, L50|\n|poke|p1|Arcanine, L50, M|\n|poke|p1|Palafin, L50, M|\n|poke|p1|Flutter Mane, L50|\n|poke|p2|Tauros-Paldea-Aqua, L50, M|\n|poke|p2|Frosmoth, L50, F|\n|poke|p2|Sylveon, L50, F|\n|poke|p2|Iron Hands, L50|\n|poke|p2|Gholdengo, L50|\n|poke|p2|Talonflame, L50, F|\n|teampreview|4\n|inactive|Battle timer is ON: inactive players will automatically lose when time's up. (requested by Makatuk)\n|c|\u2606Makatuk|Your name\n|c|\u2606Makatuk|So sad...\n|inactive|Makatuk has 60 seconds left.\n|\n|t:|1681653041\n|start\n|switch|p1a: Palafin|Palafin, L50, M|100\/100\n|switch|p1b: Ting-Lu|Ting-Lu, L50|100\/100\n|switch|p2a: Tauros|Tauros-Paldea-Aqua, L50, M|100\/100\n|switch|p2b: Iron Hands|Iron Hands, L50|100\/100\n|-ability|p2a: Tauros|Intimidate|boost\n|-unboost|p1a: Palafin|atk|1\n|-unboost|p1b: Ting-Lu|atk|1\n|-ability|p1b: Ting-Lu|Vessel of Ruin\n|turn|1\n|c|\u2606a lonely fart|Don't be sad, my other name is \"a jolly fart\"\n|inactive|a lonely fart has 30 seconds left.\n|c|\u2606a lonely fart|farts are great they work with every nature\n|inactive|a lonely fart has 20 seconds left.\n|inactive|a lonely fart has 15 seconds left.\n|inactive|a lonely fart has 10 seconds left.\n|\n|t:|1681653087\n|detailschange|p1a: Palafin|Palafin-Hero, L50, M\n|switch|p1a: Arcanine|Arcanine, L50, M|100\/100\n|-ability|p1a: Arcanine|Intimidate|boost\n|-unboost|p2a: Tauros|atk|1\n|-unboost|p2b: Iron Hands|atk|1\n|move|p1b: Ting-Lu|Protect|p1b: Ting-Lu\n|-singleturn|p1b: Ting-Lu|Protect\n|move|p2b: Iron Hands|Fake Out|p1b: Ting-Lu\n|-activate|p1b: Ting-Lu|move: Protect\n|move|p2a: Tauros|Raging Bull|p1b: Ting-Lu\n|-activate|p1b: Ting-Lu|move: Protect\n|\n|upkeep\n|turn|2\n|\n|t:|1681653105\n|switch|p1b: Amoonguss|Amoonguss, L50, F|100\/100\n|-end|p2b: Iron Hands|Quark Drive|[silent]\n|switch|p2b: Talonflame|Talonflame, L50, F|100\/100\n|-terastallize|p2a: Tauros|Water\n|move|p2a: Tauros|Wave Crash|p1b: Amoonguss\n|-resisted|p1b: Amoonguss\n|-damage|p1b: Amoonguss|79\/100\n|-damage|p2a: Tauros|90\/100|[from] Recoil\n|move|p1a: Arcanine|Will-O-Wisp|p2a: Tauros\n|-status|p2a: Tauros|brn\n|\n|-damage|p2a: Tauros|84\/100 brn|[from] brn\n|upkeep\n|turn|3\n|inactive|a lonely fart has 30 seconds left.\n|inactive|Makatuk has 30 seconds left.\n|c|\u2606Makatuk|The synergy of this copy paste team is just too good...\n|c|\u2606Makatuk|No wonder everyone uses it now\n|inactive|a lonely fart has 20 seconds left.\n|inactive|Makatuk has 20 seconds left.\n|inactive|Makatuk has 15 seconds left.\n|inactive|Makatuk has 10 seconds left.\n|\n|t:|1681653155\n|move|p2b: Talonflame|Tailwind|p2b: Talonflame\n|-sidestart|p2: Makatuk|move: Tailwind\n|move|p2a: Tauros|Wave Crash|p1a: Arcanine\n|-supereffective|p1a: Arcanine\n|-crit|p1a: Arcanine\n|-damage|p1a: Arcanine|0 fnt\n|faint|p1a: Arcanine\n|-damage|p2a: Tauros|40\/100 brn|[from] Recoil\n|move|p1b: Amoonguss|Spore|p2b: Talonflame\n|-status|p2b: Talonflame|slp|[from] move: Spore\n|\n|-damage|p2a: Tauros|34\/100 brn|[from] brn\n|upkeep\n|\n|t:|1681653166\n|switch|p1a: Palafin|Palafin-Hero, L50, M|100\/100\n|-activate|p1a: Palafin|ability: Zero to Hero\n|turn|4\n|\n|t:|1681653184\n|switch|p2a: Iron Hands|Iron Hands, L50|100\/100\n|-terastallize|p1a: Palafin|Water\n|move|p1b: Amoonguss|Rage Powder|p1b: Amoonguss\n|-singleturn|p1b: Amoonguss|move: Rage Powder\n|cant|p2b: Talonflame|slp\n|move|p1a: Palafin|Wave Crash|p2b: Talonflame\n|-supereffective|p2b: Talonflame\n|-damage|p2b: Talonflame|0 fnt\n|faint|p2b: Talonflame\n|-damage|p1a: Palafin|71\/100|[from] Recoil\n|\n|upkeep\n|\n|t:|1681653198\n|switch|p2b: Tauros|Tauros-Paldea-Aqua, L50, M, tera:Water|34\/100 brn\n|-ability|p2b: Tauros|Intimidate|boost\n|-unboost|p1a: Palafin|atk|1\n|-unboost|p1b: Amoonguss|atk|1\n|turn|5\n|\n|t:|1681653214\n|switch|p1a: Ting-Lu|Ting-Lu, L50|100\/100\n|-ability|p1a: Ting-Lu|Vessel of Ruin\n|move|p2b: Tauros|Wave Crash|p1b: Amoonguss\n|-resisted|p1b: Amoonguss\n|-damage|p1b: Amoonguss|64\/100\n|-damage|p2b: Tauros|27\/100 brn|[from] Recoil\n|move|p2a: Iron Hands|Ice Punch|p1b: Amoonguss\n|-supereffective|p1b: Amoonguss\n|-damage|p1b: Amoonguss|15\/100\n|-enditem|p1b: Amoonguss|Sitrus Berry|[eat]\n|-heal|p1b: Amoonguss|40\/100|[from] item: Sitrus Berry\n|move|p1b: Amoonguss|Pollen Puff|p1a: Ting-Lu\n|-immune|p1a: Ting-Lu\n|\n|-damage|p2b: Tauros|21\/100 brn|[from] brn\n|upkeep\n|turn|6\n|inactive|Makatuk has 30 seconds left.\n|\n|t:|1681653243\n|switch|p1b: Palafin|Palafin-Hero, L50, M, tera:Water|71\/100\n|move|p2b: Tauros|Wave Crash|p1a: Ting-Lu\n|-supereffective|p1a: Ting-Lu\n|-damage|p1a: Ting-Lu|52\/100\n|-damage|p2b: Tauros|0 fnt|[from] Recoil\n|faint|p2b: Tauros\n|move|p2a: Iron Hands|Ice Punch|p1b: Palafin\n|-resisted|p1b: Palafin\n|-damage|p1b: Palafin|58\/100\n|move|p1a: Ting-Lu|Stomping Tantrum|p2a: Iron Hands\n|-supereffective|p2a: Iron Hands\n|-damage|p2a: Iron Hands|51\/100\n|\n|-heal|p1a: Ting-Lu|58\/100|[from] item: Leftovers\n|-sideend|p2: Makatuk|move: Tailwind\n|upkeep\n|\n|t:|1681653255\n|switch|p2b: Sylveon|Sylveon, L50, F|100\/100\n|turn|7\n|\n|t:|1681653265\n|move|p1b: Palafin|Wave Crash|p2b: Sylveon\n|-damage|p2b: Sylveon|0 fnt\n|faint|p2b: Sylveon\n|-damage|p1b: Palafin|25\/100|[from] Recoil\n|move|p1a: Ting-Lu|Stomping Tantrum|p2a: Iron Hands\n|-supereffective|p2a: Iron Hands\n|-damage|p2a: Iron Hands|0 fnt\n|faint|p2a: Iron Hands\n|-end|p2a: Iron Hands|Quark Drive|[silent]\n|\n|win|a lonely fart\n|raw|a lonely fart's rating: 1218 → 1237<\/strong> (+19 for winning)\n|raw|Makatuk's rating: 1133 → 1114<\/strong> (-19 for losing)\n","uploadtime":1681653276,"views":9,"p1id":"alonelyfart","p2id":"makatuk","formatid":"gen9vgc2023regulationc","rating":1114,"private":0,"password":""}