{"id":"gen9vgc2023regulationc-1847145939","p1":"haha u rage quit","p2":"fuckstain2","format":"[Gen 9] VGC 2023 Regulation C","log":"|j|\u2606haha u rage quit\n|j|\u2606fuckstain2\n|t:|1681922828\n|gametype|doubles\n|player|p1|haha u rage quit|pokemaniac|1222\n|player|p2|fuckstain2|steven-gen3|1224\n|teamsize|p1|6\n|teamsize|p2|6\n|gen|9\n|tier|[Gen 9] VGC 2023 Regulation C\n|rated|\n|rule|Species Clause: Limit one of each Pok\u00e9mon\n|rule|Item Clause: Limit one of each item\n|clearpoke\n|poke|p1|Garganacl, L50, M|\n|poke|p1|Wo-Chien, L50|\n|poke|p1|Amoonguss, L50, M|\n|poke|p1|Ting-Lu, L50|\n|poke|p1|Dondozo, L50, M|\n|poke|p1|Arcanine, L50, M|\n|poke|p2|Arcanine, L50, F|\n|poke|p2|Talonflame, L50, M|\n|poke|p2|Amoonguss, L50, M|\n|poke|p2|Palafin, L50, M|\n|poke|p2|Flutter Mane, L50|\n|poke|p2|Annihilape, L50, M|\n|teampreview|4\n|\n|t:|1681922854\n|start\n|switch|p1a: Dondozo|Dondozo, L50, M|100\/100\n|switch|p1b: Amoonguss|Amoonguss, L50, M|100\/100\n|switch|p2a: Palafin|Palafin, L50, M|100\/100\n|switch|p2b: Annihilape|Annihilape, L50, M|100\/100\n|turn|1\n|\n|t:|1681922870\n|detailschange|p2a: Palafin|Palafin-Hero, L50, M\n|switch|p2a: Amoonguss|Amoonguss, L50, M|100\/100\n|move|p2b: Annihilape|Protect|p2b: Annihilape\n|-singleturn|p2b: Annihilape|Protect\n|move|p1a: Dondozo|Fissure|p2b: Annihilape\n|-activate|p2b: Annihilape|move: Protect\n|move|p1b: Amoonguss|Spore|p2b: Annihilape\n|-activate|p2b: Annihilape|move: Protect\n|\n|upkeep\n|turn|2\n|\n|t:|1681922884\n|switch|p1a: Arcanine|Arcanine, L50, M|100\/100\n|-ability|p1a: Arcanine|Intimidate|boost\n|-unboost|p2a: Amoonguss|atk|1\n|-unboost|p2b: Annihilape|atk|1\n|-ability|p2b: Annihilape|Defiant|boost\n|-boost|p2b: Annihilape|atk|2\n|move|p2b: Annihilape|Bulk Up|p2b: Annihilape\n|-boost|p2b: Annihilape|atk|1\n|-boost|p2b: Annihilape|def|1\n|move|p2a: Amoonguss|Spore|p1a: Arcanine\n|-activate|p1a: Arcanine|item: Safety Goggles|Spore\n|move|p1b: Amoonguss|Spore|p2b: Annihilape\n|-status|p2b: Annihilape|slp|[from] move: Spore\n|-enditem|p2b: Annihilape|Lum Berry|[eat]\n|-curestatus|p2b: Annihilape|slp|[msg]\n|\n|upkeep\n|turn|3\n|\n|t:|1681922904\n|switch|p2a: Palafin|Palafin-Hero, L50, M|100\/100\n|-activate|p2a: Palafin|ability: Zero to Hero\n|move|p2b: Annihilape|Rage Fist|p1b: Amoonguss\n|-damage|p1b: Amoonguss|66\/100\n|move|p1a: Arcanine|Flare Blitz|p2a: Palafin\n|-resisted|p2a: Palafin\n|-damage|p2a: Palafin|71\/100\n|-damage|p1a: Arcanine|91\/100|[from] Recoil\n|move|p1b: Amoonguss|Spore|p2b: Annihilape\n|-status|p2b: Annihilape|slp|[from] move: Spore\n|\n|-heal|p1b: Amoonguss|72\/100|[from] item: Black Sludge\n|upkeep\n|turn|4\n|\n|t:|1681922929\n|-terastallize|p1a: Arcanine|Flying\n|cant|p2b: Annihilape|slp\n|move|p1a: Arcanine|Wild Charge|p2a: Palafin\n|-supereffective|p2a: Palafin\n|-damage|p2a: Palafin|7\/100\n|-damage|p1a: Arcanine|74\/100|[from] Recoil\n|move|p2a: Palafin|Ice Punch|p1b: Amoonguss\n|-supereffective|p1b: Amoonguss\n|-damage|p1b: Amoonguss|18\/100\n|move|p1b: Amoonguss|Spore|p2a: Palafin\n|-status|p2a: Palafin|slp|[from] move: Spore\n|\n|-heal|p1b: Amoonguss|24\/100|[from] item: Black Sludge\n|upkeep\n|turn|5\n|\n|t:|1681922951\n|switch|p1b: Dondozo|Dondozo, L50, M|100\/100\n|-terastallize|p2a: Palafin|Water\n|cant|p2a: Palafin|slp\n|-curestatus|p2b: Annihilape|slp|[msg]\n|move|p2b: Annihilape|Rage Fist|p1b: Dondozo\n|-damage|p1b: Dondozo|86\/100\n|move|p1a: Arcanine|Flare Blitz|p2a: Palafin\n|-resisted|p2a: Palafin\n|-damage|p2a: Palafin|0 fnt\n|faint|p2a: Palafin\n|-damage|p1a: Arcanine|72\/100|[from] Recoil\n|\n|upkeep\n|\n|t:|1681922963\n|switch|p2a: Amoonguss|Amoonguss, L50, M|100\/100\n|turn|6\n|\n|t:|1681922972\n|move|p2a: Amoonguss|Protect|p2a: Amoonguss\n|-singleturn|p2a: Amoonguss|Protect\n|move|p2b: Annihilape|Rage Fist|p1a: Arcanine\n|-damage|p1a: Arcanine|17\/100\n|move|p1a: Arcanine|Flare Blitz|p2a: Amoonguss\n|-activate|p2a: Amoonguss|move: Protect\n|move|p1b: Dondozo|Fissure|p2b: Annihilape\n|-damage|p2b: Annihilape|0 fnt\n|faint|p2b: Annihilape\n|-ohko\n|\n|upkeep\n|\n|t:|1681922980\n|switch|p2b: Flutter Mane|Flutter Mane, L50|100\/100\n|-enditem|p2b: Flutter Mane|Booster Energy\n|-activate|p2b: Flutter Mane|ability: Protosynthesis|[fromitem]\n|-start|p2b: Flutter Mane|protosynthesisspe\n|turn|7\n|\n|t:|1681923009\n|move|p1a: Arcanine|Protect|p1a: Arcanine\n|-singleturn|p1a: Arcanine|Protect\n|move|p2b: Flutter Mane|Dazzling Gleam|p1b: Dondozo|[spread] p1b\n|-activate|p1a: Arcanine|move: Protect\n|-damage|p1b: Dondozo|66\/100\n|move|p1b: Dondozo|Yawn|p2b: Flutter Mane\n|-start|p2b: Flutter Mane|move: Yawn|[of] p1b: Dondozo\n|move|p2a: Amoonguss|Spore|p1b: Dondozo\n|-status|p1b: Dondozo|slp|[from] move: Spore\n|\n|upkeep\n|turn|8\n|\n|t:|1681923034\n|switch|p1a: Garganacl|Garganacl, L50, M|100\/100\n|switch|p1b: Amoonguss|Amoonguss, L50, M|57\/100\n|move|p2a: Amoonguss|Protect|p2a: Amoonguss\n|-singleturn|p2a: Amoonguss|Protect\n|move|p2b: Flutter Mane|Dazzling Gleam|p1b: Amoonguss|[spread] p1a,p1b\n|-resisted|p1b: Amoonguss\n|-damage|p1a: Garganacl|82\/100\n|-damage|p1b: Amoonguss|46\/100\n|\n|-heal|p1a: Garganacl|87\/100|[from] item: Leftovers\n|-heal|p1b: Amoonguss|52\/100|[from] item: Black Sludge\n|-end|p2b: Flutter Mane|move: Yawn|[silent]\n|-status|p2b: Flutter Mane|slp\n|upkeep\n|turn|9\n|-message|fuckstain2 forfeited.\n|\n|win|haha u rage quit\n|raw|haha u rage quit's rating: 1222 → 1247<\/strong> (+25 for winning)\n|raw|fuckstain2's rating: 1224 → 1199<\/strong> (-25 for losing)\n|l|\u2606fuckstain2\n","uploadtime":1681923056,"views":11,"p1id":"hahauragequit","p2id":"fuckstain2","formatid":"gen9vgc2023regulationc","rating":1199,"private":0,"password":""}