{"id":"gen9vgc2023regulationc-1845786293","p1":"Hydrangea_XS","p2":"klatuu","format":"[Gen 9] VGC 2023 Regulation C","log":"|j|\u2606Hydrangea_XS\n|j|\u2606klatuu\n|t:|1681764444\n|gametype|doubles\n|player|p1|Hydrangea_XS|1|1550\n|player|p2|klatuu|roark|1500\n|teamsize|p1|6\n|teamsize|p2|6\n|gen|9\n|tier|[Gen 9] VGC 2023 Regulation C\n|rated|\n|rule|Species Clause: Limit one of each Pok\u00e9mon\n|rule|Item Clause: Limit one of each item\n|clearpoke\n|poke|p1|Lilligant, L50, F|\n|poke|p1|Torkoal, L50, F|\n|poke|p1|Flutter Mane, L50|\n|poke|p1|Kingambit, L50, F|\n|poke|p1|Dragonite, L50, F|\n|poke|p1|Great Tusk, L50|\n|poke|p2|Klefki, L50, F|\n|poke|p2|Iron Bundle, L50|\n|poke|p2|Talonflame, L50, M|\n|poke|p2|Kingambit, L50, F|\n|poke|p2|Flutter Mane, L50|\n|poke|p2|Garchomp, L50, F|\n|teampreview|4\n|inactive|Battle timer is ON: inactive players will automatically lose when time's up. (requested by Hydrangea_XS)\n|\n|t:|1681764496\n|start\n|switch|p1a: TT|Lilligant, L50, F, shiny|100\/100\n|switch|p1b: Breakthrough|Torkoal, L50, F, shiny|100\/100\n|switch|p2a: Talonflame|Talonflame, L50, M|100\/100\n|switch|p2b: Flutter Mane|Flutter Mane, L50|100\/100\n|-weather|SunnyDay|[from] ability: Drought|[of] p1b: Breakthrough\n|-activate|p2b: Flutter Mane|ability: Protosynthesis\n|-start|p2b: Flutter Mane|protosynthesisspa\n|turn|1\n|\n|t:|1681764506\n|-terastallize|p1b: Breakthrough|Fire\n|move|p2a: Talonflame|Tailwind|p2a: Talonflame\n|-sidestart|p2: klatuu|move: Tailwind\n|move|p2b: Flutter Mane|Shadow Ball|p1b: Breakthrough\n|-damage|p1b: Breakthrough|33\/100\n|move|p1a: TT|Sleep Powder|p2b: Flutter Mane\n|-activate|p2b: Flutter Mane|item: Safety Goggles|Sleep Powder\n|move|p1b: Breakthrough|Eruption|p2a: Talonflame|[spread] p2a,p2b\n|-resisted|p2a: Talonflame\n|-damage|p2a: Talonflame|83\/100\n|-damage|p2b: Flutter Mane|68\/100\n|\n|-weather|SunnyDay|[upkeep]\n|upkeep\n|turn|2\n|inactive|klatuu has 30 seconds left.\n|\n|t:|1681764533\n|move|p1a: TT|Protect|p1a: TT\n|-singleturn|p1a: TT|Protect\n|move|p1b: Breakthrough|Protect|p1b: Breakthrough\n|-singleturn|p1b: Breakthrough|Protect\n|move|p2b: Flutter Mane|Shadow Ball|p1b: Breakthrough\n|-activate|p1b: Breakthrough|move: Protect\n|move|p2a: Talonflame|Brave Bird|p1a: TT\n|-activate|p1a: TT|move: Protect\n|\n|-weather|SunnyDay|[upkeep]\n|upkeep\n|turn|3\n|inactive|Hydrangea_XS has 30 seconds left.\n|\n|t:|1681764560\n|move|p2b: Flutter Mane|Dazzling Gleam|p1b: Breakthrough|[spread] p1a,p1b\n|-resisted|p1b: Breakthrough\n|-damage|p1a: TT|38\/100\n|-damage|p1b: Breakthrough|7\/100\n|move|p1a: TT|Leaf Storm|p2b: Flutter Mane\n|-damage|p2b: Flutter Mane|10\/100\n|-unboost|p1a: TT|spa|2\n|move|p2a: Talonflame|Brave Bird|p1b: Breakthrough\n|-damage|p1b: Breakthrough|0 fnt\n|faint|p1b: Breakthrough\n|-damage|p2a: Talonflame|80\/100|[from] Recoil\n|\n|-weather|SunnyDay|[upkeep]\n|upkeep\n|\n|t:|1681764581\n|switch|p1b: FANCY|Flutter Mane, L50, shiny|100\/100\n|-activate|p1b: FANCY|ability: Protosynthesis\n|-start|p1b: FANCY|protosynthesisspa\n|turn|4\n|\n|t:|1681764594\n|move|p2b: Flutter Mane|Protect|p2b: Flutter Mane\n|-singleturn|p2b: Flutter Mane|Protect\n|move|p1a: TT|Protect|p1a: TT\n|-singleturn|p1a: TT|Protect\n|move|p2a: Talonflame|Brave Bird|p1a: TT\n|-activate|p1a: TT|move: Protect\n|move|p1b: FANCY|Dazzling Gleam|p2a: Talonflame|[spread] p2a\n|-activate|p2b: Flutter Mane|move: Protect\n|-resisted|p2a: Talonflame\n|-damage|p2a: Talonflame|50\/100\n|\n|-weather|SunnyDay|[upkeep]\n|-sideend|p2: klatuu|move: Tailwind\n|upkeep\n|turn|5\n|\n|t:|1681764614\n|move|p1a: TT|After You|p1b: FANCY\n|-activate|p1b: FANCY|move: After You\n|move|p1b: FANCY|Dazzling Gleam|p2a: Talonflame|[spread] p2a,p2b\n|-resisted|p2a: Talonflame\n|-damage|p2a: Talonflame|18\/100\n|-damage|p2b: Flutter Mane|0 fnt\n|-enditem|p2a: Talonflame|Figy Berry|[eat]\n|-heal|p2a: Talonflame|51\/100|[from] item: Figy Berry\n|faint|p2b: Flutter Mane\n|-end|p2b: Flutter Mane|Protosynthesis|[silent]\n|move|p2a: Talonflame|Tailwind|p2a: Talonflame\n|-sidestart|p2: klatuu|move: Tailwind\n|\n|-weather|none\n|-end|p1b: FANCY|Protosynthesis\n|upkeep\n|\n|t:|1681764626\n|switch|p2b: Garchomp|Garchomp, L50, F|100\/100\n|turn|6\n|\n|t:|1681764636\n|-end|p1b: FANCY|Protosynthesis|[silent]\n|switch|p1b: Trouble|Great Tusk, L50, shiny|100\/100\n|-terastallize|p2b: Garchomp|Steel\n|move|p2b: Garchomp|Iron Head|p1b: Trouble\n|-damage|p1b: Trouble|59\/100\n|-damage|p2b: Garchomp|91\/100|[from] item: Life Orb\n|move|p2a: Talonflame|Brave Bird|p1a: TT\n|-supereffective|p1a: TT\n|-damage|p1a: TT|0 fnt\n|faint|p1a: TT\n|-damage|p2a: Talonflame|41\/100|[from] Recoil\n|\n|upkeep\n|\n|t:|1681764646\n|switch|p1a: FANCY|Flutter Mane, L50, shiny|100\/100\n|turn|7\n|\n|t:|1681764656\n|move|p2b: Garchomp|Protect|p2b: Garchomp\n|-singleturn|p2b: Garchomp|Protect\n|move|p2a: Talonflame|Brave Bird|p1b: Trouble\n|-supereffective|p1b: Trouble\n|-damage|p1b: Trouble|5\/100\n|-damage|p2a: Talonflame|22\/100|[from] Recoil\n|move|p1b: Trouble|Close Combat|p2b: Garchomp\n|-activate|p2b: Garchomp|move: Protect\n|move|p1a: FANCY|Shadow Ball|p2b: Garchomp\n|-activate|p2b: Garchomp|move: Protect\n|\n|upkeep\n|turn|8\n|\n|t:|1681764671\n|move|p2b: Garchomp|Earthquake|p1b: Trouble|[spread] p1a,p1b\n|-immune|p2a: Talonflame\n|-damage|p1a: FANCY|7\/100\n|-damage|p1b: Trouble|0 fnt\n|faint|p1b: Trouble\n|-end|p1b: Trouble|Protosynthesis|[silent]\n|-damage|p2b: Garchomp|81\/100|[from] item: Life Orb\n|move|p2a: Talonflame|Brave Bird|p1a: FANCY\n|-damage|p1a: FANCY|0 fnt\n|faint|p1a: FANCY\n|-end|p1a: FANCY|Protosynthesis|[silent]\n|-damage|p2a: Talonflame|20\/100|[from] Recoil\n|\n|win|klatuu\n|raw|Hydrangea_XS's rating: 1550 → 1527<\/strong> (-23 for losing)\n|raw|klatuu's rating: 1500 → 1523<\/strong> (+23 for winning)\n|l|\u2606Hydrangea_XS\n","uploadtime":1681764683,"views":11,"p1id":"hydrangeaxs","p2id":"klatuu","formatid":"gen9vgc2023regulationc","rating":1523,"private":0,"password":""}