{"id":"gen9vgc2023regulationc-1852578823","p1":"Baki Bacon","p2":"Vast Universe","format":"[Gen 9] VGC 2023 Regulation C","log":"|j|\u2606Baki Bacon\n|j|\u2606Vast Universe\n|t:|1682579565\n|gametype|doubles\n|player|p1|Baki Bacon|gardenia|1167\n|player|p2|Vast Universe|170|1096\n|teamsize|p1|6\n|teamsize|p2|6\n|gen|9\n|tier|[Gen 9] VGC 2023 Regulation C\n|rated|\n|rule|Species Clause: Limit one of each Pok\u00e9mon\n|rule|Item Clause: Limit one of each item\n|clearpoke\n|poke|p1|Maushold, L50|\n|poke|p1|Annihilape, L50, M|\n|poke|p1|Sylveon, L50, M|\n|poke|p1|Iron Hands, L50|\n|poke|p1|Amoonguss, L50, F|\n|poke|p1|Iron Jugulis, L50|\n|poke|p2|Tinkaton, L50, F|\n|poke|p2|Ting-Lu, L50|\n|poke|p2|Tauros-Paldea-Blaze, L50, M|\n|poke|p2|Meowscarada, L50, M|\n|poke|p2|Rotom-Wash, L50|\n|poke|p2|Amoonguss, L50, F|\n|teampreview|4\n|inactive|Battle timer is ON: inactive players will automatically lose when time's up. (requested by Vast Universe)\n|inactive|Vast Universe has 60 seconds left.\n|\n|t:|1682579612\n|start\n|switch|p1a: Iron Hands|Iron Hands, L50|100\/100\n|switch|p1b: Iron Jugulis|Iron Jugulis, L50|100\/100\n|switch|p2a: Tinkaton|Tinkaton, L50, F|100\/100\n|switch|p2b: Rotom|Rotom-Wash, L50|100\/100\n|-enditem|p1b: Iron Jugulis|Booster Energy\n|-activate|p1b: Iron Jugulis|ability: Quark Drive|[fromitem]\n|-start|p1b: Iron Jugulis|quarkdrivespe\n|turn|1\n|\n|t:|1682579631\n|move|p2a: Tinkaton|Fake Out|p1a: Iron Hands\n|-damage|p1a: Iron Hands|95\/100\n|cant|p1a: Iron Hands|flinch\n|move|p1b: Iron Jugulis|Snarl|p2b: Rotom|[spread] p2a,p2b\n|-resisted|p2a: Tinkaton\n|-damage|p2a: Tinkaton|94\/100\n|-damage|p2b: Rotom|72\/100\n|-unboost|p2a: Tinkaton|spa|1\n|-unboost|p2b: Rotom|spa|1\n|move|p2b: Rotom|Volt Switch|p1b: Iron Jugulis\n|-supereffective|p1b: Iron Jugulis\n|-damage|p1b: Iron Jugulis|46\/100\n|\n|t:|1682579651\n|switch|p2b: Ting-Lu|Ting-Lu, L50|100\/100|[from] Volt Switch\n|-ability|p2b: Ting-Lu|Vessel of Ruin\n|\n|upkeep\n|turn|2\n|\n|t:|1682579661\n|move|p1b: Iron Jugulis|Tailwind|p1b: Iron Jugulis\n|-sidestart|p1: Baki Bacon|move: Tailwind\n|move|p1a: Iron Hands|Drain Punch|p2b: Ting-Lu\n|-supereffective|p2b: Ting-Lu\n|-damage|p2b: Ting-Lu|57\/100\n|-heal|p1a: Iron Hands|100\/100|[from] drain|[of] p2b: Ting-Lu\n|move|p2a: Tinkaton|Gigaton Hammer|p1b: Iron Jugulis\n|-crit|p1b: Iron Jugulis\n|-damage|p1b: Iron Jugulis|0 fnt\n|faint|p1b: Iron Jugulis\n|-end|p1b: Iron Jugulis|Quark Drive|[silent]\n|move|p2b: Ting-Lu|Fissure|p1a: Iron Hands\n|-damage|p1a: Iron Hands|0 fnt\n|faint|p1a: Iron Hands\n|-end|p1a: Iron Hands|Quark Drive|[silent]\n|-ohko\n|\n|-heal|p2b: Ting-Lu|63\/100|[from] item: Leftovers\n|upkeep\n|\n|t:|1682579680\n|switch|p1b: Maushold|Maushold, L50|100\/100\n|switch|p1a: Annihilape|Annihilape, L50, M|100\/100\n|turn|3\n|\n|t:|1682579693\n|switch|p2a: Tauros|Tauros-Paldea-Blaze, L50, M|100\/100\n|-ability|p2a: Tauros|Intimidate|boost\n|-unboost|p1a: Annihilape|atk|1\n|-ability|p1a: Annihilape|Defiant|boost\n|-boost|p1a: Annihilape|atk|2\n|-unboost|p1b: Maushold|atk|1\n|move|p2b: Ting-Lu|Protect|p2b: Ting-Lu\n|-singleturn|p2b: Ting-Lu|Protect\n|move|p1b: Maushold|Beat Up|p1a: Annihilape\n|-damage|p1a: Annihilape|97\/100\n|-damage|p1a: Annihilape|93\/100\n|-hitcount|p1a: Annihilape|2\n|move|p1a: Annihilape|Rage Fist|p2a: Tauros\n|-damage|p2a: Tauros|0 fnt\n|faint|p2a: Tauros\n|\n|-heal|p2b: Ting-Lu|69\/100|[from] item: Leftovers\n|upkeep\n|\n|t:|1682579710\n|switch|p2a: Rotom|Rotom-Wash, L50|72\/100\n|turn|4\n|inactive|Baki Bacon has 30 seconds left.\n|\n|t:|1682579742\n|-terastallize|p2a: Rotom|Water\n|move|p1b: Maushold|Population Bomb|p2b: Ting-Lu\n|-damage|p2b: Ting-Lu|65\/100\n|-damage|p2b: Ting-Lu|61\/100\n|-damage|p2b: Ting-Lu|57\/100\n|-damage|p2b: Ting-Lu|54\/100\n|-damage|p2b: Ting-Lu|50\/100\n|-damage|p2b: Ting-Lu|46\/100\n|-damage|p2b: Ting-Lu|42\/100\n|-damage|p2b: Ting-Lu|38\/100\n|-damage|p2b: Ting-Lu|34\/100\n|-damage|p2b: Ting-Lu|30\/100\n|-hitcount|p2b: Ting-Lu|10\n|move|p2a: Rotom|Tera Blast|p1a: Annihilape\n|-damage|p1a: Annihilape|60\/100\n|move|p1a: Annihilape|Rage Fist|p2a: Rotom\n|-damage|p2a: Rotom|0 fnt\n|faint|p2a: Rotom\n|move|p2b: Ting-Lu|Stomping Tantrum|p1a: Annihilape\n|-damage|p1a: Annihilape|35\/100\n|\n|-heal|p2b: Ting-Lu|36\/100|[from] item: Leftovers\n|upkeep\n|\n|t:|1682579749\n|switch|p2a: Tinkaton|Tinkaton, L50, F|94\/100\n|turn|5\n|inactive|Baki Bacon has 30 seconds left.\n|\n|t:|1682579781\n|-terastallize|p1b: Maushold|Ghost\n|move|p2a: Tinkaton|Fake Out|p1b: Maushold\n|-immune|p1b: Maushold\n|move|p1b: Maushold|Population Bomb|p2b: Ting-Lu\n|-damage|p2b: Ting-Lu|33\/100\n|-damage|p2b: Ting-Lu|29\/100\n|-damage|p2b: Ting-Lu|25\/100\n|-damage|p2b: Ting-Lu|21\/100\n|-damage|p2b: Ting-Lu|17\/100\n|-damage|p2b: Ting-Lu|12\/100\n|-damage|p2b: Ting-Lu|8\/100\n|-damage|p2b: Ting-Lu|5\/100\n|-damage|p2b: Ting-Lu|1\/100\n|-damage|p2b: Ting-Lu|0 fnt\n|faint|p2b: Ting-Lu\n|-hitcount|p2: Ting-Lu|10\n|move|p1a: Annihilape|Rage Fist|p2a: Tinkaton\n|-damage|p2a: Tinkaton|0 fnt\n|faint|p2a: Tinkaton\n|\n|win|Baki Bacon\n|raw|Baki Bacon's rating: 1167 → 1187<\/strong> (+20 for winning)\n|raw|Vast Universe's rating: 1096 → 1077<\/strong> (-19 for losing)\n|l|\u2606Vast Universe\n","uploadtime":1682579812,"views":12,"p1id":"bakibacon","p2id":"vastuniverse","formatid":"gen9vgc2023regulationc","rating":1077,"private":0,"password":""}