{"id":"gen9vgc2023regulationc-1858297178","p1":"ItsPlanck_01","p2":"LasermanZ111","format":"[Gen 9] VGC 2023 Regulation C","log":"|j|\u2606ItsPlanck_01\n|j|\u2606LasermanZ111\n|t:|1683299604\n|gametype|doubles\n|player|p1|ItsPlanck_01|2|1312\n|player|p2|LasermanZ111|red|1410\n|teamsize|p1|6\n|teamsize|p2|6\n|gen|9\n|tier|[Gen 9] VGC 2023 Regulation C\n|rated|\n|rule|Species Clause: Limit one of each Pok\u00e9mon\n|rule|Item Clause: Limit one of each item\n|clearpoke\n|poke|p1|Cyclizar, L50, F|\n|poke|p1|Dragonite, L50, M|\n|poke|p1|Chien-Pao, L50|\n|poke|p1|Iron Bundle, L50|\n|poke|p1|Palafin, L50, M|\n|poke|p1|Arcanine, L50, M|\n|poke|p2|Chi-Yu, L50|\n|poke|p2|Amoonguss, L50, M|\n|poke|p2|Flutter Mane, L50|\n|poke|p2|Corviknight, L50, M|\n|poke|p2|Ting-Lu, L50|\n|poke|p2|Tauros-Paldea-Aqua, L50, M|\n|teampreview|4\nItsPlanck_01 has agreed to open team sheets.\nLasermanZ111 has agreed to open team sheets.\n|inactive|Battle timer is ON: inactive players will automatically lose when time's up. (requested by ItsPlanck_01)\n|inactive|ItsPlanck_01 has 60 seconds left.\n|inactive|LasermanZ111 has 60 seconds left.\n|inactive|ItsPlanck_01 has 30 seconds left.\n|inactive|ItsPlanck_01 has 20 seconds left.\n|\n|t:|1683299684\n|start\n|switch|p1a: Cyclizar|Cyclizar, L50, F|100\/100\n|switch|p1b: Palafin|Palafin, L50, M|100\/100\n|switch|p2a: Flutter Mane|Flutter Mane, L50|100\/100\n|switch|p2b: Corviknight|Corviknight, L50, M|100\/100\n|turn|1\n|inactive|LasermanZ111 has 30 seconds left.\n|inactive|LasermanZ111 has 20 seconds left.\n|inactive|LasermanZ111 has 15 seconds left.\n|inactive|LasermanZ111 has 10 seconds left.\n|\n|t:|1683299729\n|detailschange|p1b: Palafin|Palafin-Hero, L50, M\n|switch|p1b: Arcanine|Arcanine, L50, M|100\/100\n|-ability|p1b: Arcanine|Intimidate|boost\n|-unboost|p2a: Flutter Mane|atk|1\n|-ability|p2b: Corviknight|Mirror Armor\n|-unboost|p1b: Arcanine|atk|1\n|-terastallize|p1a: Cyclizar|Poison\n|move|p1a: Cyclizar|Shed Tail|p1a: Cyclizar\n|-start|p1a: Cyclizar|Substitute|[from] move: Shed Tail\n|-damage|p1a: Cyclizar|50\/100\n|\n|t:|1683299740\n|switch|p1a: Palafin|Palafin-Hero, L50, M|100\/100|[from] Shed Tail\n|-activate|p1a: Palafin|ability: Zero to Hero\n|move|p2a: Flutter Mane|Dazzling Gleam|p1b: Arcanine|[spread] p1a,p1b\n|-end|p1a: Palafin|Substitute\n|-resisted|p1b: Arcanine\n|-damage|p1b: Arcanine|73\/100\n|move|p2b: Corviknight|Tailwind|p2b: Corviknight\n|-sidestart|p2: LasermanZ111|move: Tailwind\n|\n|upkeep\n|turn|2\n|inactive|ItsPlanck_01 has 30 seconds left.\n|inactive|LasermanZ111 has 30 seconds left.\n|\n|t:|1683299769\n|-end|p2a: Flutter Mane|Protosynthesis|[silent]\n|switch|p2a: Tauros|Tauros-Paldea-Aqua, L50, M|100\/100\n|-ability|p2a: Tauros|Intimidate|boost\n|-unboost|p1a: Palafin|atk|1\n|-unboost|p1b: Arcanine|atk|1\n|move|p1a: Palafin|Jet Punch|p2a: Tauros\n|-resisted|p2a: Tauros\n|-damage|p2a: Tauros|81\/100\n|move|p2b: Corviknight|Brave Bird|p1b: Arcanine\n|-damage|p1b: Arcanine|16\/100\n|-damage|p2b: Corviknight|85\/100|[from] Recoil\n|move|p1b: Arcanine|Flare Blitz|p2a: Tauros\n|-resisted|p2a: Tauros\n|-damage|p2a: Tauros|67\/100\n|-damage|p1b: Arcanine|12\/100|[from] Recoil\n|\n|upkeep\n|turn|3\n|inactive|LasermanZ111 has 30 seconds left.\n|\n|t:|1683299794\n|move|p1b: Arcanine|Protect|p1b: Arcanine\n|-singleturn|p1b: Arcanine|Protect\n|move|p1a: Palafin|Protect|p1a: Palafin\n|-singleturn|p1a: Palafin|Protect\n|move|p2a: Tauros|Raging Bull|p1b: Arcanine\n|-activate|p1b: Arcanine|move: Protect\n|move|p2b: Corviknight|Brave Bird|p1a: Palafin\n|-activate|p1a: Palafin|move: Protect\n|\n|upkeep\n|turn|4\n|l|\u2606ItsPlanck_01\n|inactive|ItsPlanck_01 disconnected and has a minute to reconnect!\n|player|p1|\n|inactive|ItsPlanck_01 has 30 seconds left.\n|inactive|ItsPlanck_01 has 20 seconds left.\n|j|\u2606ItsPlanck_01\n|inactive|ItsPlanck_01 reconnected and has 20 seconds left.\n|player|p1|ItsPlanck_01|2\n|inactive|ItsPlanck_01 has 15 seconds left.\n|inactive|ItsPlanck_01 has 10 seconds left.\n|\n|t:|1683299843\n|switch|p1a: Dragonite|Dragonite, L50, M|100\/100\n|move|p2a: Tauros|Raging Bull|p1b: Arcanine\n|-supereffective|p1b: Arcanine\n|-damage|p1b: Arcanine|0 fnt\n|faint|p1b: Arcanine\n|move|p2b: Corviknight|Roost|p2b: Corviknight\n|-heal|p2b: Corviknight|100\/100\n|-singleturn|p2b: Corviknight|move: Roost\n|\n|-sideend|p2: LasermanZ111|move: Tailwind\n|upkeep\n|\n|t:|1683299854\n|switch|p1b: Cyclizar|Cyclizar, L50, F, tera:Poison|83\/100\n|turn|5\n|inactive|LasermanZ111 has 30 seconds left.\n|\n|t:|1683299884\n|-terastallize|p2a: Tauros|Steel\n|move|p1b: Cyclizar|Shed Tail|p1b: Cyclizar\n|-start|p1b: Cyclizar|Substitute|[from] move: Shed Tail\n|-damage|p1b: Cyclizar|33\/100\n|\n|t:|1683299888\n|switch|p1b: Palafin|Palafin-Hero, L50, M|100\/100|[from] Shed Tail\n|move|p2a: Tauros|Raging Bull|p1b: Palafin\n|-resisted|p1b: Palafin\n|-activate|p1b: Palafin|move: Substitute|[damage]\n|move|p1a: Dragonite|Dragon Dance|p1a: Dragonite\n|-boost|p1a: Dragonite|atk|1\n|-boost|p1a: Dragonite|spe|1\n|-enditem|p2a: Tauros|Mirror Herb\n|-boost|p2a: Tauros|atk|1|[from] item: Mirror Herb\n|-boost|p2a: Tauros|spe|1|[from] item: Mirror Herb\n|move|p2b: Corviknight|Tailwind|p2b: Corviknight\n|-sidestart|p2: LasermanZ111|move: Tailwind\n|\n|upkeep\n|turn|6\n|inactive|LasermanZ111 has 30 seconds left.\n|\n|t:|1683299918\n|move|p2a: Tauros|Protect|p2a: Tauros\n|-singleturn|p2a: Tauros|Protect\n|move|p2b: Corviknight|Brave Bird|p1b: Palafin\n|-end|p1b: Palafin|Substitute\n|-damage|p2b: Corviknight|99\/100|[from] Recoil|[of] p1b: Palafin\n|move|p1a: Dragonite|Dragon Dance|p1a: Dragonite\n|-boost|p1a: Dragonite|atk|1\n|-boost|p1a: Dragonite|spe|1\n|move|p1b: Palafin|Close Combat|p2a: Tauros\n|-activate|p2a: Tauros|move: Protect\n|\n|upkeep\n|turn|7\n|inactive|ItsPlanck_01 has 30 seconds left.\n|inactive|ItsPlanck_01 has 20 seconds left.\n|inactive|ItsPlanck_01 has 15 seconds left.\n|\n|t:|1683299959\n|move|p1b: Palafin|Protect|p1b: Palafin\n|-singleturn|p1b: Palafin|Protect\n|move|p2a: Tauros|Close Combat|p1b: Palafin\n|-activate|p1b: Palafin|move: Protect\n|move|p1a: Dragonite|Dragon Dance|p1a: Dragonite\n|-boost|p1a: Dragonite|atk|1\n|-boost|p1a: Dragonite|spe|1\n|move|p2b: Corviknight|Brave Bird|p1a: Dragonite\n|-damage|p1a: Dragonite|76\/100\n|-damage|p2b: Corviknight|93\/100|[from] Recoil\n|\n|upkeep\n|turn|8\n|inactive|LasermanZ111 has 30 seconds left.\n|\n|t:|1683299987\n|move|p1a: Dragonite|Extreme Speed|p2a: Tauros\n|-resisted|p2a: Tauros\n|-damage|p2a: Tauros|30\/100\n|move|p1b: Palafin|Jet Punch|p2a: Tauros\n|-damage|p2a: Tauros|0 fnt\n|faint|p2a: Tauros\n|move|p2b: Corviknight|Brave Bird|p1a: Dragonite\n|-damage|p1a: Dragonite|32\/100\n|-damage|p2b: Corviknight|81\/100|[from] Recoil\n|\n|-sideend|p2: LasermanZ111|move: Tailwind\n|upkeep\n|\n|t:|1683300003\n|switch|p2a: Chi-Yu|Chi-Yu, L50|100\/100\n|-ability|p2a: Chi-Yu|Beads of Ruin\n|turn|9\n|\n|t:|1683300019\n|move|p1a: Dragonite|Dragon Claw|p2b: Corviknight\n|-resisted|p2b: Corviknight\n|-damage|p2b: Corviknight|43\/100\n|move|p2a: Chi-Yu|Dark Pulse|p1a: Dragonite\n|-damage|p1a: Dragonite|0 fnt\n|faint|p1a: Dragonite\n|move|p1b: Palafin|Wave Crash|p2b: Corviknight\n|-damage|p2b: Corviknight|0 fnt\n|faint|p2b: Corviknight\n|-damage|p1b: Palafin|86\/100|[from] Recoil\n|\n|upkeep\n|\n|t:|1683300031\n|switch|p1a: Cyclizar|Cyclizar, L50, F, tera:Poison|66\/100\n|switch|p2b: Flutter Mane|Flutter Mane, L50|100\/100\n|turn|10\n|\n|t:|1683300056\n|move|p1b: Palafin|Protect|p1b: Palafin\n|-singleturn|p1b: Palafin|Protect\n|move|p1a: Cyclizar|Mud Shot|p2a: Chi-Yu\n|-supereffective|p2a: Chi-Yu\n|-damage|p2a: Chi-Yu|76\/100\n|-unboost|p2a: Chi-Yu|spe|1\n|move|p2b: Flutter Mane|Thunderbolt|p1b: Palafin\n|-activate|p1b: Palafin|move: Protect\n|move|p2a: Chi-Yu|Dark Pulse|p1a: Cyclizar\n|-damage|p1a: Cyclizar|0 fnt\n|faint|p1a: Cyclizar\n|\n|upkeep\n|turn|11\n|inactive|ItsPlanck_01 has 30 seconds left.\n|inactive|ItsPlanck_01 has 20 seconds left.\n|inactive|ItsPlanck_01 has 15 seconds left.\n|inactive|ItsPlanck_01 has 10 seconds left.\n|inactive|ItsPlanck_01 has 5 seconds left.\n|\n|t:|1683300111\n|move|p1b: Palafin|Jet Punch|p2a: Chi-Yu\n|-supereffective|p2a: Chi-Yu\n|-damage|p2a: Chi-Yu|0 fnt\n|faint|p2a: Chi-Yu\n|move|p2b: Flutter Mane|Thunderbolt|p1b: Palafin\n|-supereffective|p1b: Palafin\n|-damage|p1b: Palafin|0 fnt\n|faint|p1b: Palafin\n|\n|win|LasermanZ111\n|raw|ItsPlanck_01's rating: 1312 → 1297<\/strong> (-15 for losing)\n|raw|LasermanZ111's rating: 1410 → 1425<\/strong> (+15 for winning)\n","uploadtime":1683300122,"views":8,"p1id":"itsplanck01","p2id":"lasermanz111","formatid":"gen9vgc2023regulationc","rating":1297,"private":0,"password":""}