{"id":"gen9vgc2023regulationc-1854925255","p1":"squishheh","p2":"mence x vgc","format":"[Gen 9] VGC 2023 Regulation C","log":"|j|\u2606squishheh\n|j|\u2606mence x vgc\n|t:|1682881406\n|gametype|doubles\n|player|p1|squishheh|lucas|1282\n|player|p2|mence x vgc|janine|1368\n|teamsize|p1|6\n|teamsize|p2|6\n|gen|9\n|tier|[Gen 9] VGC 2023 Regulation C\n|rated|\n|rule|Species Clause: Limit one of each Pok\u00e9mon\n|rule|Item Clause: Limit one of each item\n|clearpoke\n|poke|p1|Grimmsnarl, L50, M|\n|poke|p1|Arcanine, L50, M|\n|poke|p1|Iron Hands, L50|\n|poke|p1|Gastrodon-East, L50, M|\n|poke|p1|Sylveon, L50, M|\n|poke|p1|Corviknight, L50, F|\n|poke|p2|Amoonguss, L50, F|\n|poke|p2|Gyarados, L50, F|\n|poke|p2|Baxcalibur, L50, M|\n|poke|p2|Flutter Mane, L50|\n|poke|p2|Chi-Yu, L50|\n|poke|p2|Ting-Lu, L50|\n|teampreview|4\n|\n|t:|1682881474\n|start\n|switch|p1a: grime|Grimmsnarl, L50, M|100\/100\n|switch|p1b: soul|Arcanine, L50, M|100\/100\n|switch|p2a: Amoonguss|Amoonguss, L50, F, shiny|100\/100\n|switch|p2b: Flutter Mane|Flutter Mane, L50, shiny|100\/100\n|-ability|p1b: soul|Intimidate|boost\n|-unboost|p2a: Amoonguss|atk|1\n|-unboost|p2b: Flutter Mane|atk|1\n|-enditem|p2b: Flutter Mane|Booster Energy\n|-activate|p2b: Flutter Mane|ability: Protosynthesis|[fromitem]\n|-start|p2b: Flutter Mane|protosynthesisspa\n|turn|1\n|inactive|Battle timer is ON: inactive players will automatically lose when time's up. (requested by mence x vgc)\n|\n|t:|1682881519\n|move|p1a: grime|Misty Terrain|p1a: grime\n|-fieldstart|move: Misty Terrain\n|move|p2b: Flutter Mane|Shadow Ball|p1b: soul\n|-damage|p1b: soul|61\/100\n|-unboost|p1b: soul|spd|1\n|move|p1b: soul|Snarl|p2a: Amoonguss|[spread] p2a,p2b\n|-damage|p2a: Amoonguss|93\/100\n|-damage|p2b: Flutter Mane|93\/100\n|-unboost|p2a: Amoonguss|spa|1\n|-unboost|p2b: Flutter Mane|spa|1\n|move|p2a: Amoonguss|Spore|p1a: grime\n|-activate|p1a: grime|move: Misty Terrain\n|\n|upkeep\n|turn|2\n|\n|t:|1682881541\n|switch|p2a: Chi-Yu|Chi-Yu, L50|100\/100\n|-ability|p2a: Chi-Yu|Beads of Ruin\n|move|p1a: grime|Light Screen|p1a: grime\n|-sidestart|p1: squishheh|move: Light Screen\n|move|p2b: Flutter Mane|Shadow Ball|p1b: soul\n|-damage|p1b: soul|23\/100\n|move|p1b: soul|Snarl|p2a: Chi-Yu|[spread] p2a,p2b\n|-resisted|p2a: Chi-Yu\n|-damage|p2a: Chi-Yu|96\/100\n|-damage|p2b: Flutter Mane|81\/100\n|-unboost|p2a: Chi-Yu|spa|1\n|-unboost|p2b: Flutter Mane|spa|1\n|\n|upkeep\n|turn|3\n|\n|t:|1682881563\n|switch|p1b: trap|Iron Hands, L50|100\/100\n|move|p2b: Flutter Mane|Moonblast|p1a: grime\n|-supereffective|p1a: grime\n|-damage|p1a: grime|45\/100\n|move|p2a: Chi-Yu|Dark Pulse|p1b: trap\n|-resisted|p1b: trap\n|-damage|p1b: trap|91\/100\n|move|p1a: grime|Spirit Break|p2a: Chi-Yu\n|-damage|p2a: Chi-Yu|43\/100\n|-unboost|p2a: Chi-Yu|spa|1\n|\n|upkeep\n|turn|4\n|inactive|squishheh has 30 seconds left.\n|inactive|mence x vgc has 30 seconds left.\n|\n|t:|1682881598\n|-end|p2b: Flutter Mane|Protosynthesis|[silent]\n|switch|p2b: Ting-Lu|Ting-Lu, L50|100\/100\n|-ability|p2b: Ting-Lu|Vessel of Ruin\n|switch|p2a: Amoonguss|Amoonguss, L50, F, shiny|100\/100\n|move|p1a: grime|Spirit Break|p2a: Amoonguss\n|-resisted|p2a: Amoonguss\n|-damage|p2a: Amoonguss|88\/100\n|-unboost|p2a: Amoonguss|spa|1\n|move|p1b: trap|Wild Charge|p2a: Amoonguss\n|-resisted|p2a: Amoonguss\n|-damage|p2a: Amoonguss|70\/100\n|-damage|p1b: trap|87\/100|[from] Recoil\n|\n|upkeep\n|turn|5\n|inactive|mence x vgc has 30 seconds left.\n|\n|t:|1682881627\n|move|p2a: Amoonguss|Rage Powder|p2a: Amoonguss\n|-singleturn|p2a: Amoonguss|move: Rage Powder\n|move|p1a: grime|Reflect|p1a: grime\n|-sidestart|p1: squishheh|Reflect\n|move|p1b: trap|Swords Dance|p1b: trap\n|-boost|p1b: trap|atk|2\n|move|p2b: Ting-Lu|Ruination|p1b: trap\n|-damage|p1b: trap|44\/100\n|-enditem|p1b: trap|Sitrus Berry|[eat]\n|-heal|p1b: trap|69\/100|[from] item: Sitrus Berry\n|\n|-fieldend|Misty Terrain\n|upkeep\n|turn|6\n|\n|t:|1682881647\n|move|p2a: Amoonguss|Rage Powder|p2a: Amoonguss\n|-singleturn|p2a: Amoonguss|move: Rage Powder\n|move|p1a: grime|Misty Terrain|p1a: grime\n|-fieldstart|move: Misty Terrain\n|move|p1b: trap|Drain Punch|p2a: Amoonguss\n|-resisted|p2a: Amoonguss\n|-damage|p2a: Amoonguss|37\/100\n|-heal|p1b: trap|84\/100|[from] drain|[of] p2a: Amoonguss\n|-enditem|p2a: Amoonguss|Sitrus Berry|[eat]\n|-heal|p2a: Amoonguss|62\/100|[from] item: Sitrus Berry\n|move|p2b: Ting-Lu|Ruination|p1b: trap\n|-damage|p1b: trap|43\/100\n|\n|upkeep\n|turn|7\n|inactive|squishheh has 30 seconds left.\n|inactive|squishheh has 20 seconds left.\n|\n|t:|1682881684\n|switch|p2b: Flutter Mane|Flutter Mane, L50, shiny|81\/100\n|move|p2a: Amoonguss|Protect|p2a: Amoonguss\n|-singleturn|p2a: Amoonguss|Protect\n|move|p1a: grime|Spirit Break|p2b: Flutter Mane\n|-damage|p2b: Flutter Mane|16\/100\n|-unboost|p2b: Flutter Mane|spa|1\n|move|p1b: trap|Drain Punch|p2a: Amoonguss\n|-activate|p2a: Amoonguss|move: Protect\n|\n|upkeep\n|turn|8\n|inactive|squishheh has 30 seconds left.\n|inactive|mence x vgc has 30 seconds left.\n|\n|t:|1682881723\n|-terastallize|p2b: Flutter Mane|Fairy\n|-terastallize|p1b: trap|Grass\n|move|p2a: Amoonguss|Rage Powder|p2a: Amoonguss\n|-singleturn|p2a: Amoonguss|move: Rage Powder\n|move|p2b: Flutter Mane|Moonblast|p1b: trap\n|-damage|p1b: trap|20\/100\n|move|p1a: grime|Spirit Break|p2a: Amoonguss\n|-resisted|p2a: Amoonguss\n|-damage|p2a: Amoonguss|49\/100\n|-unboost|p2a: Amoonguss|spa|1\n|move|p1b: trap|Wild Charge|p2b: Flutter Mane\n|-damage|p2b: Flutter Mane|0 fnt\n|faint|p2b: Flutter Mane\n|-end|p2b: Flutter Mane|Protosynthesis|[silent]\n|-damage|p1b: trap|18\/100|[from] Recoil\n|\n|upkeep\n|\n|t:|1682881736\n|switch|p2b: Chi-Yu|Chi-Yu, L50|43\/100\n|-ability|p2b: Chi-Yu|Beads of Ruin\n|turn|9\n|\n|t:|1682881750\n|move|p1b: trap|Protect|p1b: trap\n|-singleturn|p1b: trap|Protect\n|move|p2a: Amoonguss|Rage Powder|p2a: Amoonguss\n|-singleturn|p2a: Amoonguss|move: Rage Powder\n|move|p2b: Chi-Yu|Heat Wave|p1a: grime|[spread] p1a\n|-activate|p1b: trap|move: Protect\n|-damage|p1a: grime|13\/100\n|move|p1a: grime|Spirit Break|p2a: Amoonguss\n|-resisted|p2a: Amoonguss\n|-damage|p2a: Amoonguss|37\/100\n|-unboost|p2a: Amoonguss|spa|1\n|\n|-sideend|p1: squishheh|move: Light Screen\n|upkeep\n|turn|10\n|\n|t:|1682881768\n|move|p1a: grime|Light Screen|p1a: grime\n|-sidestart|p1: squishheh|move: Light Screen\n|move|p2b: Chi-Yu|Heat Wave|p1a: grime|[spread] p1a,p1b\n|-supereffective|p1b: trap\n|-damage|p1a: grime|0 fnt\n|-damage|p1b: trap|0 fnt\n|faint|p1a: grime\n|faint|p1b: trap\n|-end|p1b: trap|Quark Drive|[silent]\n|move|p2a: Amoonguss|Pollen Puff|p2b: Chi-Yu\n|-heal|p2b: Chi-Yu|93\/100\n|\n|-fieldend|Misty Terrain\n|upkeep\n|\n|t:|1682881772\n|switch|p1a: grunge|Corviknight, L50, F, shiny|100\/100\n|switch|p1b: soul|Arcanine, L50, M|23\/100\n|-ability|p1b: soul|Intimidate|boost\n|-unboost|p2a: Amoonguss|atk|1\n|-unboost|p2b: Chi-Yu|atk|1\n|turn|11\n|inactive|mence x vgc has 30 seconds left.\n|inactive|squishheh has 30 seconds left.\n|inactive|mence x vgc has 20 seconds left.\n|inactive|squishheh has 20 seconds left.\n|inactive|mence x vgc has 15 seconds left.\n|inactive|mence x vgc has 10 seconds left.\n|\n|t:|1682881819\n|move|p2b: Chi-Yu|Protect|p2b: Chi-Yu\n|-singleturn|p2b: Chi-Yu|Protect\n|move|p1b: soul|Close Combat|p2b: Chi-Yu\n|-activate|p2b: Chi-Yu|move: Protect\n|move|p1a: grunge|Roost||[still]\n|-fail|p1a: grunge|heal\n|move|p2a: Amoonguss|Spore|p1a: grunge\n|-activate|p1a: grunge|item: Safety Goggles|Spore\n|\n|upkeep\n|turn|12\n|inactive|squishheh has 30 seconds left.\n|\n|t:|1682881847\n|move|p2a: Amoonguss|Rage Powder|p2a: Amoonguss\n|-singleturn|p2a: Amoonguss|move: Rage Powder\n|move|p2b: Chi-Yu|Heat Wave|p1a: grunge|[spread] p1a,p1b\n|-supereffective|p1a: grunge\n|-resisted|p1b: soul\n|-damage|p1a: grunge|38\/100\n|-damage|p1b: soul|11\/100\n|move|p1b: soul|Flare Blitz|p2a: Amoonguss\n|-supereffective|p2a: Amoonguss\n|-damage|p2a: Amoonguss|0 fnt\n|faint|p2a: Amoonguss\n|-damage|p1b: soul|0 fnt|[from] Recoil\n|faint|p1b: soul\n|move|p1a: grunge|Brave Bird|p2b: Chi-Yu\n|-damage|p2b: Chi-Yu|22\/100\n|-damage|p1a: grunge|22\/100|[from] Recoil\n|\n|-sideend|p1: squishheh|Reflect\n|upkeep\n|\n|t:|1682881859\n|switch|p2a: Ting-Lu|Ting-Lu, L50|100\/100\n|-ability|p2a: Ting-Lu|Vessel of Ruin\n|turn|13\n|\n|t:|1682881877\n|move|p2b: Chi-Yu|Heat Wave|p1a: grunge\n|-supereffective|p1a: grunge\n|-damage|p1a: grunge|0 fnt\n|faint|p1a: grunge\n|\n|win|mence x vgc\n|raw|squishheh's rating: 1282 → 1263<\/strong> (-19 for losing)\n|raw|mence x vgc's rating: 1368 → 1383<\/strong> (+15 for winning)\n|l|\u2606squishheh\n|c|\u2606mence x vgc|gg\n","uploadtime":1682881885,"views":7,"p1id":"squishheh","p2id":"mencexvgc","formatid":"gen9vgc2023regulationc","rating":1263,"private":0,"password":""}