{"id":"gen9vgc2023regulationc-1846393137","p1":"UmmHaha","p2":"Bobby Seegul","format":"[Gen 9] VGC 2023 Regulation C","log":"|j|\u2606UmmHaha\n|j|\u2606Bobby Seegul\n|t:|1681837269\n|gametype|doubles\n|player|p1|UmmHaha|266|1195\n|player|p2|Bobby Seegul|101|1134\n|teamsize|p1|6\n|teamsize|p2|6\n|gen|9\n|tier|[Gen 9] VGC 2023 Regulation C\n|rated|\n|rule|Species Clause: Limit one of each Pok\u00e9mon\n|rule|Item Clause: Limit one of each item\n|clearpoke\n|poke|p1|Farigiraf, L50, M|\n|poke|p1|Palafin, L50, M|\n|poke|p1|Iron Bundle, L50|\n|poke|p1|Talonflame, L50, F|\n|poke|p1|Annihilape, L50, M|\n|poke|p1|Dugtrio, L50, M|\n|poke|p2|Gothitelle, L50, F|\n|poke|p2|Gyarados, L50, M|\n|poke|p2|Ting-Lu, L50|\n|poke|p2|Scream Tail, L50|\n|poke|p2|Iron Hands, L50|\n|poke|p2|Grimmsnarl, L50, M|\n|teampreview|4\n|inactive|Battle timer is ON: inactive players will automatically lose when time's up. (requested by UmmHaha)\n|inactive|Bobby Seegul has 60 seconds left.\n|\n|t:|1681837328\n|start\n|switch|p1a: Talonflame|Talonflame, L50, F, shiny|100\/100\n|switch|p1b: Dugtrio|Dugtrio, L50, M, shiny|100\/100\n|switch|p2a: Ting-Lu|Ting-Lu, L50|100\/100\n|switch|p2b: Grimmsnarl|Grimmsnarl, L50, M|100\/100\n|-ability|p2a: Ting-Lu|Vessel of Ruin\n|turn|1\n|inactive|Bobby Seegul has 30 seconds left.\n|\n|t:|1681837356\n|move|p2a: Ting-Lu|Protect|p2a: Ting-Lu\n|-singleturn|p2a: Ting-Lu|Protect\n|move|p2b: Grimmsnarl|Parting Shot|p1b: Dugtrio\n|-fail|p1b: Dugtrio|unboost|[from] item: Clear Amulet|[of] p1b: Dugtrio\n|move|p1a: Talonflame|Will-O-Wisp|p2a: Ting-Lu\n|-activate|p2a: Ting-Lu|move: Protect\n|move|p1b: Dugtrio|Rock Slide|p2b: Grimmsnarl|[spread] p2b\n|-activate|p2a: Ting-Lu|move: Protect\n|-damage|p2b: Grimmsnarl|85\/100\n|\n|upkeep\n|turn|2\n|inactive|Bobby Seegul has 30 seconds left.\n|inactive|Bobby Seegul has 20 seconds left.\n|\n|t:|1681837393\n|move|p2b: Grimmsnarl|Parting Shot|p1a: Talonflame\n|-unboost|p1a: Talonflame|atk|1\n|-unboost|p1a: Talonflame|spa|1\n|\n|t:|1681837398\n|switch|p2b: Gyarados|Gyarados, L50, M|100\/100|[from] Parting Shot\n|-ability|p2b: Gyarados|Intimidate|boost\n|-unboost|p1a: Talonflame|atk|1\n|-fail|p1b: Dugtrio|unboost|[from] item: Clear Amulet|[of] p1b: Dugtrio\n|move|p1a: Talonflame|Will-O-Wisp|p2a: Ting-Lu\n|-status|p2a: Ting-Lu|brn\n|-enditem|p2a: Ting-Lu|Lum Berry|[eat]\n|-curestatus|p2a: Ting-Lu|brn|[msg]\n|move|p1b: Dugtrio|Rock Slide|p2a: Ting-Lu|[spread] p2a,p2b\n|-resisted|p2a: Ting-Lu\n|-supereffective|p2b: Gyarados\n|-damage|p2a: Ting-Lu|95\/100\n|-damage|p2b: Gyarados|61\/100\n|move|p2a: Ting-Lu|Heavy Slam|p1b: Dugtrio\n|-damage|p1b: Dugtrio|0 fnt\n|faint|p1b: Dugtrio\n|\n|upkeep\n|\n|t:|1681837408\n|switch|p1b: Iron Bundle|Iron Bundle, L50, shiny|100\/100\n|-enditem|p1b: Iron Bundle|Booster Energy\n|-activate|p1b: Iron Bundle|ability: Quark Drive|[fromitem]\n|-start|p1b: Iron Bundle|quarkdrivespe\n|turn|3\n|inactive|Bobby Seegul has 30 seconds left.\n|inactive|Bobby Seegul has 20 seconds left.\n|\n|t:|1681837447\n|switch|p2a: Grimmsnarl|Grimmsnarl, L50, M|85\/100\n|move|p1b: Iron Bundle|Freeze-Dry|p2b: Gyarados\n|-supereffective|p2b: Gyarados\n|-damage|p2b: Gyarados|0 fnt\n|faint|p2b: Gyarados\n|move|p1a: Talonflame|Will-O-Wisp|p2a: Grimmsnarl\n|-status|p2a: Grimmsnarl|brn\n|\n|-damage|p2a: Grimmsnarl|79\/100 brn|[from] brn\n|upkeep\n|\n|t:|1681837461\n|switch|p2b: Ting-Lu|Ting-Lu, L50|95\/100\n|-ability|p2b: Ting-Lu|Vessel of Ruin\n|turn|4\n|\n|t:|1681837468\n|move|p2a: Grimmsnarl|Swagger|p2b: Ting-Lu\n|-boost|p2b: Ting-Lu|atk|2\n|-start|p2b: Ting-Lu|confusion\n|move|p1b: Iron Bundle|Freeze-Dry|p2b: Ting-Lu\n|-supereffective|p2b: Ting-Lu\n|-damage|p2b: Ting-Lu|62\/100\n|move|p1a: Talonflame|Taunt|p2a: Grimmsnarl\n|-start|p2a: Grimmsnarl|move: Taunt\n|-activate|p2b: Ting-Lu|confusion\n|move|p2b: Ting-Lu|Heavy Slam|p1b: Iron Bundle\n|-damage|p1b: Iron Bundle|15\/100\n|\n|-damage|p2a: Grimmsnarl|73\/100 brn|[from] brn\n|upkeep\n|turn|5\n|inactive|Bobby Seegul has 30 seconds left.\n|inactive|UmmHaha has 30 seconds left.\n|\n|t:|1681837502\n|switch|p2a: Scream Tail|Scream Tail, L50|100\/100\n|-enditem|p2a: Scream Tail|Booster Energy\n|-activate|p2a: Scream Tail|ability: Protosynthesis|[fromitem]\n|-start|p2a: Scream Tail|protosynthesisspe\n|-terastallize|p2b: Ting-Lu|Poison\n|move|p1b: Iron Bundle|Protect|p1b: Iron Bundle\n|-singleturn|p1b: Iron Bundle|Protect\n|move|p1a: Talonflame|Will-O-Wisp|p2b: Ting-Lu\n|-status|p2b: Ting-Lu|brn\n|-end|p2b: Ting-Lu|confusion\n|move|p2b: Ting-Lu|Heavy Slam|p1b: Iron Bundle\n|-activate|p1b: Iron Bundle|move: Protect\n|\n|-damage|p2b: Ting-Lu|56\/100 brn|[from] brn\n|upkeep\n|turn|6\n|\n|t:|1681837524\n|move|p1a: Talonflame|Tailwind|p1a: Talonflame\n|-sidestart|p1: UmmHaha|move: Tailwind\n|move|p1b: Iron Bundle|Icy Wind|p2b: Ting-Lu|[spread] p2a,p2b\n|-crit|p2b: Ting-Lu\n|-damage|p2a: Scream Tail|90\/100\n|-damage|p2b: Ting-Lu|41\/100 brn\n|-unboost|p2a: Scream Tail|spe|1\n|-unboost|p2b: Ting-Lu|spe|1\n|move|p2a: Scream Tail|Play Rough|p1b: Iron Bundle\n|-damage|p1b: Iron Bundle|0 fnt\n|faint|p1b: Iron Bundle\n|-end|p1b: Iron Bundle|Quark Drive|[silent]\n|move|p2b: Ting-Lu|Heavy Slam|p1a: Talonflame\n|-resisted|p1a: Talonflame\n|-damage|p1a: Talonflame|74\/100\n|\n|-damage|p2b: Ting-Lu|35\/100 brn|[from] brn\n|upkeep\n|\n|t:|1681837534\n|switch|p1b: Annihilape|Annihilape, L50, M, shiny|100\/100\n|turn|7\n|\n|t:|1681837547\n|-terastallize|p1b: Annihilape|Fire\n|move|p2a: Scream Tail|Protect|p2a: Scream Tail\n|-singleturn|p2a: Scream Tail|Protect\n|move|p2b: Ting-Lu|Protect|p2b: Ting-Lu\n|-singleturn|p2b: Ting-Lu|Protect\n|move|p1a: Talonflame|Taunt|p2a: Scream Tail\n|-activate|p2a: Scream Tail|move: Protect\n|move|p1b: Annihilape|Bulk Up|p1b: Annihilape\n|-boost|p1b: Annihilape|atk|1\n|-boost|p1b: Annihilape|def|1\n|\n|-damage|p2b: Ting-Lu|29\/100 brn|[from] brn\n|upkeep\n|turn|8\n|\n|t:|1681837567\n|switch|p2b: Grimmsnarl|Grimmsnarl, L50, M|73\/100 brn\n|move|p1a: Talonflame|Taunt|p2a: Scream Tail\n|-start|p2a: Scream Tail|move: Taunt\n|move|p1b: Annihilape|Rage Fist|p2b: Grimmsnarl\n|-resisted|p2b: Grimmsnarl\n|-damage|p2b: Grimmsnarl|54\/100 brn\n|cant|p2a: Scream Tail|move: Taunt|Perish Song\n|\n|-damage|p2b: Grimmsnarl|49\/100 brn|[from] brn\n|upkeep\n|turn|9\n|\n|t:|1681837587\n|-end|p2a: Scream Tail|Protosynthesis|[silent]\n|switch|p2a: Ting-Lu|Ting-Lu, L50, tera:Poison|29\/100 brn\n|-ability|p2a: Ting-Lu|Vessel of Ruin\n|move|p2b: Grimmsnarl|Parting Shot|p1b: Annihilape\n|-unboost|p1b: Annihilape|atk|1\n|-ability|p1b: Annihilape|Defiant|boost\n|-boost|p1b: Annihilape|atk|2\n|-unboost|p1b: Annihilape|spa|1\n|-ability|p1b: Annihilape|Defiant|boost\n|-boost|p1b: Annihilape|atk|2\n|\n|t:|1681837599\n|switch|p2b: Scream Tail|Scream Tail, L50|90\/100|[from] Parting Shot\n|move|p1a: Talonflame|Taunt|p2b: Scream Tail\n|-start|p2b: Scream Tail|move: Taunt\n|move|p1b: Annihilape|Rage Fist|p2a: Ting-Lu\n|-damage|p2a: Ting-Lu|0 fnt\n|faint|p2a: Ting-Lu\n|\n|-sideend|p1: UmmHaha|move: Tailwind\n|upkeep\n|\n|t:|1681837605\n|switch|p2a: Grimmsnarl|Grimmsnarl, L50, M|49\/100 brn\n|turn|10\n|\n|t:|1681837614\n|move|p2a: Grimmsnarl|Taunt|p1a: Talonflame\n|-start|p1a: Talonflame|move: Taunt\n|move|p1a: Talonflame|Flare Blitz|p2b: Scream Tail\n|-damage|p2b: Scream Tail|73\/100\n|-damage|p1a: Talonflame|66\/100|[from] Recoil\n|move|p2b: Scream Tail|Play Rough|p1a: Talonflame\n|-resisted|p1a: Talonflame\n|-damage|p1a: Talonflame|48\/100\n|move|p1b: Annihilape|Drain Punch|p2a: Grimmsnarl\n|-damage|p2a: Grimmsnarl|0 fnt\n|faint|p2a: Grimmsnarl\n|\n|upkeep\n|turn|11\n|\n|t:|1681837626\n|move|p1a: Talonflame|Flare Blitz|p2b: Scream Tail\n|-damage|p2b: Scream Tail|55\/100\n|-status|p2b: Scream Tail|brn\n|-damage|p1a: Talonflame|39\/100|[from] Recoil\n|move|p2b: Scream Tail|Play Rough|p1a: Talonflame\n|-resisted|p1a: Talonflame\n|-damage|p1a: Talonflame|29\/100\n|move|p1b: Annihilape|Rage Fist|p2b: Scream Tail\n|-supereffective|p2b: Scream Tail\n|-damage|p2b: Scream Tail|0 fnt\n|faint|p2b: Scream Tail\n|-end|p2b: Scream Tail|Protosynthesis|[silent]\n|\n|win|UmmHaha\n|raw|UmmHaha's rating: 1195 → 1216<\/strong> (+21 for winning)\n|raw|Bobby Seegul's rating: 1134 → 1113<\/strong> (-21 for losing)\n|l|\u2606Bobby Seegul\n|c|\u2606UmmHaha|Gg\n","uploadtime":1681837654,"views":11,"p1id":"ummhaha","p2id":"bobbyseegul","formatid":"gen9vgc2023regulationc","rating":1113,"private":0,"password":""}