{"id":"gen9vgc2023regulationc-1852366808","p1":"dwalk2196","p2":"Axel316","format":"[Gen 9] VGC 2023 Regulation C","log":"|j|\u2606dwalk2196\n|j|\u2606Axel316\n|t:|1682548871\n|gametype|doubles\n|player|p1|dwalk2196|265|\n|player|p2|Axel316|265|\n|teamsize|p1|6\n|teamsize|p2|6\n|gen|9\n|tier|[Gen 9] VGC 2023 Regulation C\n|rule|Species Clause: Limit one of each Pok\u00e9mon\n|rule|Item Clause: Limit one of each item\n|clearpoke\n|poke|p1|Chi-Yu, L50|\n|poke|p1|Eiscue, L50, F|\n|poke|p1|Primeape, L50, F|\n|poke|p1|Gyarados, L50, M|\n|poke|p1|Maushold, L50|\n|poke|p1|Murkrow, L50, F|\n|poke|p2|Drednaw, L50, F|\n|poke|p2|Pelipper, L50, M|\n|poke|p2|Medicham, L50, F|\n|poke|p2|Palafin, L50, F|\n|poke|p2|Salamence, L50, M|\n|poke|p2|Espeon, L50, F|\n|teampreview|4\n|c|\u2606dwalk2196|GLHF\n|\n|t:|1682548917\n|start\n|switch|p1a: Eiscue|Eiscue, L50, F|100\/100\n|switch|p1b: Maushold|Maushold, L50|100\/100\n|switch|p2a: Medicham|Medicham, L50, F|100\/100\n|switch|p2b: Palafin|Palafin, L50, F|100\/100\n|turn|1\n|\n|t:|1682548931\n|detailschange|p2b: Palafin|Palafin-Hero, L50, F\n|switch|p2b: Pelipper|Pelipper, L50, M, shiny|100\/100\n|-weather|RainDance|[from] ability: Drizzle|[of] p2b: Pelipper\n|move|p2a: Medicham|Fake Out|p1b: Maushold\n|-damage|p1b: Maushold|76\/100\n|cant|p1b: Maushold|flinch\n|move|p1a: Eiscue|Belly Drum|p1a: Eiscue\n|-damage|p1a: Eiscue|50\/100\n|-setboost|p1a: Eiscue|atk|6|[from] move: Belly Drum\n|-enditem|p1a: Eiscue|Sitrus Berry|[eat]\n|-heal|p1a: Eiscue|75\/100|[from] item: Sitrus Berry\n|\n|-weather|RainDance|[upkeep]\n|upkeep\n|turn|2\n|\n|t:|1682548957\n|move|p1b: Maushold|Follow Me|p1b: Maushold\n|-singleturn|p1b: Maushold|move: Follow Me\n|move|p2a: Medicham|Bullet Punch|p1b: Maushold\n|-damage|p1b: Maushold|54\/100\n|move|p1a: Eiscue|Ice Spinner|p2b: Pelipper\n|-damage|p2b: Pelipper|0 fnt\n|faint|p2b: Pelipper\n|\n|-weather|RainDance|[upkeep]\n|upkeep\n|\n|t:|1682548969\n|switch|p2b: Palafin|Palafin-Hero, L50, F|100\/100\n|-activate|p2b: Palafin|ability: Zero to Hero\n|turn|3\n|\n|t:|1682548980\n|-terastallize|p1a: Eiscue|Grass\n|move|p2b: Palafin|Protect|p2b: Palafin\n|-singleturn|p2b: Palafin|Protect\n|move|p1b: Maushold|Follow Me|p1b: Maushold\n|-singleturn|p1b: Maushold|move: Follow Me\n|move|p2a: Medicham|Zen Headbutt|p1b: Maushold\n|-damage|p1b: Maushold|0 fnt\n|faint|p1b: Maushold\n|move|p1a: Eiscue|Tera Blast|p2b: Palafin\n|-activate|p2b: Palafin|move: Protect\n|\n|-weather|RainDance|[upkeep]\n|upkeep\n|\n|t:|1682548996\n|switch|p1b: Gyarados|Gyarados, L50, M|100\/100\n|-ability|p1b: Gyarados|Intimidate|boost\n|-unboost|p2a: Medicham|atk|1\n|-unboost|p2b: Palafin|atk|1\n|turn|4\n|\n|t:|1682549006\n|move|p2a: Medicham|Skill Swap||[still]\n|-fail|p2a: Medicham\n|move|p1b: Gyarados|Waterfall|p2a: Medicham\n|-enditem|p2a: Medicham|Focus Sash\n|-damage|p2a: Medicham|1\/100\n|move|p2b: Palafin|Wave Crash|p1a: Eiscue\n|-activate|p1a: Eiscue|ability: Ice Face\n|-damage|p1a: Eiscue|75\/100\n|detailschange|p1a: Eiscue|Eiscue-Noice, L50, F, tera:Grass\n|move|p1a: Eiscue|Tera Blast|p2b: Palafin\n|-supereffective|p2b: Palafin\n|-damage|p2b: Palafin|0 fnt\n|faint|p2b: Palafin\n|\n|-weather|RainDance|[upkeep]\n|upkeep\n|\n|t:|1682549024\n|switch|p2b: Salamence|Salamence, L50, M|100\/100\n|turn|5\n|\n|t:|1682549041\n|move|p1a: Eiscue|Ice Spinner|p2b: Salamence\n|-supereffective|p2b: Salamence\n|-damage|p2b: Salamence|0 fnt\n|faint|p2b: Salamence\n|move|p2a: Medicham|Zen Headbutt|p1b: Gyarados\n|-damage|p1b: Gyarados|58\/100\n|move|p1b: Gyarados|Waterfall|p2a: Medicham\n|-damage|p2a: Medicham|0 fnt\n|faint|p2a: Medicham\n|\n|win|dwalk2196\n|c|\u2606dwalk2196|GG\n|l|\u2606Axel316\n","uploadtime":1682549053,"views":12,"p1id":"dwalk2196","p2id":"axel316","formatid":"gen9vgc2023regulationc","rating":0,"private":0,"password":""}