{"id":"gen9vgc2023regulationc-1857968311","p1":"DuskDevoir","p2":"Rice744","format":"[Gen 9] VGC 2023 Regulation C","log":"|j|\u2606DuskDevoir\n|j|\u2606Rice744\n|t:|1683253682\n|gametype|doubles\n|player|p1|DuskDevoir|bellelba|1141\n|player|p2|Rice744|170|1106\n|teamsize|p1|6\n|teamsize|p2|6\n|gen|9\n|tier|[Gen 9] VGC 2023 Regulation C\n|rated|\n|rule|Species Clause: Limit one of each Pok\u00e9mon\n|rule|Item Clause: Limit one of each item\n|clearpoke\n|poke|p1|Chien-Pao, L50|\n|poke|p1|Gyarados, L50, M|\n|poke|p1|Grimmsnarl, L50, M|\n|poke|p1|Tauros-Paldea-Blaze, L50, M|\n|poke|p1|Florges, L50, F|\n|poke|p1|Wo-Chien, L50|\n|poke|p2|Torkoal, L50, M|\n|poke|p2|Tauros-Paldea-Blaze, L50, M|\n|poke|p2|Mimikyu, L50, F|\n|poke|p2|Tyranitar, L50, M|\n|poke|p2|Garganacl, L50, F|\n|poke|p2|Arboliva, L50, F|\n|teampreview|4\n|inactive|Battle timer is ON: inactive players will automatically lose when time's up. (requested by DuskDevoir)\n|\n|t:|1683253733\n|start\n|switch|p1a: Gyarados|Gyarados, L50, M, shiny|100\/100\n|switch|p1b: Grimmsnarl|Grimmsnarl, L50, M|100\/100\n|switch|p2a: Arboliva|Arboliva, L50, F|100\/100\n|switch|p2b: Mimikyu|Mimikyu, L50, F|100\/100\n|-ability|p1a: Gyarados|Intimidate|boost\n|-unboost|p2a: Arboliva|atk|1\n|-unboost|p2b: Mimikyu|atk|1\n|turn|1\n|inactive|DuskDevoir has 30 seconds left.\n|inactive|Rice744 has 30 seconds left.\n|inactive|DuskDevoir has 20 seconds left.\n|inactive|DuskDevoir has 15 seconds left.\n|inactive|DuskDevoir has 10 seconds left.\n|\n|t:|1683253780\n|move|p1b: Grimmsnarl|Light Screen|p1b: Grimmsnarl\n|-sidestart|p1: DuskDevoir|move: Light Screen\n|move|p1a: Gyarados|Dragon Dance|p1a: Gyarados\n|-boost|p1a: Gyarados|atk|1\n|-boost|p1a: Gyarados|spe|1\n|move|p2a: Arboliva|Dazzling Gleam|p1b: Grimmsnarl|[spread] p1a,p1b\n|-supereffective|p1b: Grimmsnarl\n|-damage|p1a: Gyarados|87\/100\n|-damage|p1b: Grimmsnarl|81\/100\n|move|p2b: Mimikyu|Trick Room|p2b: Mimikyu\n|-fieldstart|move: Trick Room|[of] p2b: Mimikyu\n|\n|upkeep\n|turn|2\n|\n|t:|1683253804\n|switch|p2b: Tauros|Tauros-Paldea-Blaze, L50, M|100\/100\n|-ability|p2b: Tauros|Intimidate|boost\n|-fail|p1a: Gyarados|unboost|[from] item: Clear Amulet|[of] p1a: Gyarados\n|-unboost|p1b: Grimmsnarl|atk|1\n|-terastallize|p2a: Arboliva|Water\n|move|p1b: Grimmsnarl|Fake Tears|p2a: Arboliva\n|-unboost|p2a: Arboliva|spd|2\n|move|p2a: Arboliva|Leech Seed|p1a: Gyarados\n|-start|p1a: Gyarados|move: Leech Seed\n|move|p1a: Gyarados|Waterfall|p2b: Tauros\n|-supereffective|p2b: Tauros\n|-damage|p2b: Tauros|0 fnt\n|faint|p2b: Tauros\n|\n|-damage|p1a: Gyarados|75\/100|[from] Leech Seed|[of] p2a: Arboliva\n|upkeep\n|\n|t:|1683253820\n|switch|p2b: Torkoal|Torkoal, L50, M|100\/100\n|-weather|SunnyDay|[from] ability: Drought|[of] p2b: Torkoal\n|turn|3\n|\n|t:|1683253843\n|move|p1b: Grimmsnarl|Misty Terrain|p1b: Grimmsnarl\n|-fieldstart|move: Misty Terrain\n|move|p2b: Torkoal|Eruption|p1b: Grimmsnarl|[spread] p1a,p1b\n|-resisted|p1a: Gyarados\n|-damage|p1a: Gyarados|47\/100\n|-damage|p1b: Grimmsnarl|34\/100\n|move|p2a: Arboliva|Leech Seed|p1b: Grimmsnarl\n|-start|p1b: Grimmsnarl|move: Leech Seed\n|move|p1a: Gyarados|Waterfall|p2b: Torkoal\n|-supereffective|p2b: Torkoal\n|-damage|p2b: Torkoal|53\/100\n|\n|-weather|SunnyDay|[upkeep]\n|-damage|p1b: Grimmsnarl|21\/100|[from] Leech Seed|[of] p2a: Arboliva\n|-damage|p1a: Gyarados|35\/100|[from] Leech Seed|[of] p2a: Arboliva\n|upkeep\n|turn|4\n|\n|t:|1683253868\n|move|p1b: Grimmsnarl|Fake Tears|p2a: Arboliva\n|-unboost|p2a: Arboliva|spd|2\n|move|p2b: Torkoal|Eruption|p1a: Gyarados|[spread] p1a,p1b\n|-resisted|p1a: Gyarados\n|-damage|p1a: Gyarados|22\/100\n|-damage|p1b: Grimmsnarl|0 fnt\n|faint|p1b: Grimmsnarl\n|move|p2a: Arboliva|Dazzling Gleam|p1a: Gyarados\n|-damage|p1a: Gyarados|5\/100\n|move|p1a: Gyarados|Waterfall|p2b: Torkoal\n|-supereffective|p2b: Torkoal\n|-damage|p2b: Torkoal|9\/100\n|\n|-weather|SunnyDay|[upkeep]\n|-damage|p1a: Gyarados|0 fnt|[from] Leech Seed|[of] p2a: Arboliva\n|faint|p1a: Gyarados\n|upkeep\n|\n|t:|1683253885\n|switch|p1b: Florges|Florges, L50, F, shiny|100\/100\n|switch|p1a: Wo-Chien|Wo-Chien, L50|100\/100\n|-ability|p1a: Wo-Chien|Tablets of Ruin\n|turn|5\n|inactive|Rice744 has 30 seconds left.\n|\n|t:|1683253913\n|switch|p2a: Mimikyu|Mimikyu, L50, F|100\/100\n|-terastallize|p1a: Wo-Chien|Water\n|move|p2b: Torkoal|Eruption|p1a: Wo-Chien|[spread] p1a,p1b\n|-resisted|p1a: Wo-Chien\n|-damage|p1a: Wo-Chien|99\/100\n|-damage|p1b: Florges|98\/100\n|move|p1a: Wo-Chien|Snarl|p2b: Torkoal|[spread] p2a,p2b\n|-activate|p2a: Mimikyu|ability: Disguise\n|-damage|p2a: Mimikyu|100\/100\n|-damage|p2b: Torkoal|0 fnt\n|-unboost|p2a: Mimikyu|spa|1\n|detailschange|p2a: Mimikyu|Mimikyu-Busted, L50, F\n|-damage|p2a: Mimikyu|88\/100|[from] pokemon: Mimikyu-Busted\n|faint|p2b: Torkoal\n|move|p1b: Florges|Petal Blizzard|p2a: Mimikyu|[spread] p1a,p2a\n|-supereffective|p1a: Wo-Chien\n|-damage|p1a: Wo-Chien|86\/100\n|-damage|p2a: Mimikyu|78\/100\n|-enditem|p1a: Wo-Chien|Weakness Policy\n|-boost|p1a: Wo-Chien|atk|2|[from] item: Weakness Policy\n|-boost|p1a: Wo-Chien|spa|2|[from] item: Weakness Policy\n|-activate|p1b: Florges|ability: Symbiosis|Throat Spray|[of] p1a: Wo-Chien\n|\n|-weather|SunnyDay|[upkeep]\n|-sideend|p1: DuskDevoir|move: Light Screen\n|-fieldend|move: Trick Room\n|upkeep\n|\n|t:|1683253934\n|switch|p2b: Arboliva|Arboliva, L50, F, tera:Water|100\/100\n|turn|6\n|inactive|DuskDevoir has 30 seconds left.\n|\n|t:|1683253966\n|move|p2a: Mimikyu|Wood Hammer|p1a: Wo-Chien\n|-supereffective|p1a: Wo-Chien\n|-damage|p1a: Wo-Chien|28\/100\n|-damage|p2a: Mimikyu|58\/100|[from] Recoil\n|-damage|p2a: Mimikyu|48\/100|[from] item: Life Orb\n|move|p1b: Florges|Dazzling Gleam|p2b: Arboliva|[spread] p2a,p2b\n|-damage|p2a: Mimikyu|22\/100\n|-damage|p2b: Arboliva|79\/100\n|-fieldstart|move: Grassy Terrain|[from] ability: Seed Sower|[of] p2b: Arboliva\n|move|p1a: Wo-Chien|Giga Drain|p2b: Arboliva\n|-supereffective|p2b: Arboliva\n|-damage|p2b: Arboliva|0 fnt\n|-heal|p1a: Wo-Chien|70\/100|[from] drain|[of] p2b: Arboliva\n|faint|p2b: Arboliva\n|\n|-weather|SunnyDay|[upkeep]\n|-heal|p2a: Mimikyu|28\/100|[from] Grassy Terrain\n|-heal|p1b: Florges|100\/100|[from] Grassy Terrain\n|-heal|p1a: Wo-Chien|76\/100|[from] Grassy Terrain\n|upkeep\n|turn|7\n|\n|t:|1683253990\n|move|p2a: Mimikyu|Wood Hammer|p1a: Wo-Chien\n|-supereffective|p1a: Wo-Chien\n|-damage|p1a: Wo-Chien|0 fnt\n|faint|p1a: Wo-Chien\n|-damage|p2a: Mimikyu|2\/100|[from] Recoil\n|-damage|p2a: Mimikyu|0 fnt|[from] item: Life Orb\n|faint|p2a: Mimikyu\n|\n|win|DuskDevoir\n|raw|DuskDevoir's rating: 1141 → 1163<\/strong> (+22 for winning)\n|raw|Rice744's rating: 1106 → 1084<\/strong> (-22 for losing)\n|l|\u2606Rice744\n","uploadtime":1683254000,"views":12,"p1id":"duskdevoir","p2id":"rice744","formatid":"gen9vgc2023regulationc","rating":1084,"private":0,"password":""}