{"id":"gen9vgc2023regulationc-1851764334","p1":"Aki Hoshino","p2":"BroDontFuckWithMe","format":"[Gen 9] VGC 2023 Regulation C","log":"|j|\u2606Aki Hoshino\n|j|\u2606BroDontFuckWithMe\n|t:|1682479967\n|gametype|doubles\n|player|p1|Aki Hoshino|aromalady|1584\n|player|p2|BroDontFuckWithMe|265|1686\n|teamsize|p1|6\n|teamsize|p2|6\n|gen|9\n|tier|[Gen 9] VGC 2023 Regulation C\n|rated|\n|rule|Species Clause: Limit one of each Pok\u00e9mon\n|rule|Item Clause: Limit one of each item\n|clearpoke\n|poke|p1|Dragonite, L50, F|\n|poke|p1|Ting-Lu, L50|\n|poke|p1|Chien-Pao, L50|\n|poke|p1|Flutter Mane, L50|\n|poke|p1|Dondozo, L50, F|\n|poke|p1|Amoonguss, L50, M|\n|poke|p2|Great Tusk, L50|\n|poke|p2|Amoonguss, L50, M|\n|poke|p2|Tyranitar, L50, F|\n|poke|p2|Iron Bundle, L50|\n|poke|p2|Talonflame, L50, M|\n|poke|p2|Gholdengo, L50|\n|teampreview|4\n|j| kusunokisio\n|inactive|Battle timer is ON: inactive players will automatically lose when time's up. (requested by BroDontFuckWithMe)\n|\n|t:|1682480008\n|start\n|switch|p1a: Dragonite|Dragonite, L50, F|100\/100\n|switch|p1b: Ting-Lu|Ting-Lu, L50|100\/100\n|switch|p2a: Iron Bundle|Iron Bundle, L50|100\/100\n|switch|p2b: Gholdengo|Gholdengo, L50|100\/100\n|-ability|p1b: Ting-Lu|Vessel of Ruin\n|-enditem|p2a: Iron Bundle|Booster Energy\n|-activate|p2a: Iron Bundle|ability: Quark Drive|[fromitem]\n|-start|p2a: Iron Bundle|quarkdrivespe\n|turn|1\n|inactive|Aki Hoshino has 30 seconds left.\n|inactive|Aki Hoshino has 20 seconds left.\n|\n|t:|1682480045\n|-terastallize|p2b: Gholdengo|Water\n|-terastallize|p1a: Dragonite|Flying\n|move|p2a: Iron Bundle|Icy Wind|p1a: Dragonite|[spread] p1a,p1b\n|-supereffective|p1a: Dragonite\n|-supereffective|p1b: Ting-Lu\n|-damage|p1a: Dragonite|87\/100\n|-damage|p1b: Ting-Lu|74\/100\n|-unboost|p1a: Dragonite|spe|1\n|move|p2b: Gholdengo|Nasty Plot|p2b: Gholdengo\n|-boost|p2b: Gholdengo|spa|2\n|move|p1b: Ting-Lu|Earthquake|p2b: Gholdengo|[spread] p2a,p2b\n|-immune|p1a: Dragonite\n|-damage|p2a: Iron Bundle|52\/100\n|-damage|p2b: Gholdengo|61\/100\n|move|p1a: Dragonite|Tera Blast|p2b: Gholdengo\n|-damage|p2b: Gholdengo|0 fnt\n|faint|p2b: Gholdengo\n|\n|upkeep\n|\n|t:|1682480056\n|switch|p2b: Talonflame|Talonflame, L50, M|100\/100\n|turn|2\n|\n|t:|1682480078\n|move|p2a: Iron Bundle|Hydro Pump|p1b: Ting-Lu\n|-supereffective|p1b: Ting-Lu\n|-damage|p1b: Ting-Lu|2\/100\n|move|p2b: Talonflame|Will-O-Wisp|p1a: Dragonite\n|-status|p1a: Dragonite|brn\n|move|p1b: Ting-Lu|Earthquake|p2b: Talonflame|[spread] p2a\n|-immune|p1a: Dragonite\n|-immune|p2b: Talonflame\n|-damage|p2a: Iron Bundle|3\/100\n|move|p1a: Dragonite|Tera Blast|p2b: Talonflame\n|-damage|p2b: Talonflame|25\/100\n|\n|-damage|p1a: Dragonite|81\/100 brn|[from] brn\n|upkeep\n|turn|3\n|inactive|Aki Hoshino has 30 seconds left.\n|\n|t:|1682480105\n|move|p2a: Iron Bundle|Icy Wind|p1a: Dragonite|[spread] p1a,p1b\n|-supereffective|p1a: Dragonite\n|-crit|p1a: Dragonite\n|-supereffective|p1b: Ting-Lu\n|-damage|p1a: Dragonite|35\/100 brn\n|-damage|p1b: Ting-Lu|0 fnt\n|-unboost|p1a: Dragonite|spe|1\n|faint|p1b: Ting-Lu\n|move|p2b: Talonflame|Brave Bird|p1a: Dragonite\n|-damage|p1a: Dragonite|0 fnt\n|faint|p1a: Dragonite\n|-damage|p2b: Talonflame|10\/100|[from] Recoil\n|\n|upkeep\n|\n|t:|1682480114\n|switch|p1a: Flutter Mane|Flutter Mane, L50|100\/100\n|switch|p1b: Chien-Pao|Chien-Pao, L50|100\/100\n|-ability|p1b: Chien-Pao|Sword of Ruin\n|-enditem|p1a: Flutter Mane|Booster Energy\n|-activate|p1a: Flutter Mane|ability: Protosynthesis|[fromitem]\n|-start|p1a: Flutter Mane|protosynthesisspe\n|turn|4\n|\n|t:|1682480130\n|move|p1b: Chien-Pao|Protect|p1b: Chien-Pao\n|-singleturn|p1b: Chien-Pao|Protect\n|move|p2b: Talonflame|Quick Guard|p2b: Talonflame\n|-singleturn|p2b: Talonflame|Quick Guard\n|move|p2a: Iron Bundle|Icy Wind|p1a: Flutter Mane|[spread] p1a\n|-activate|p1b: Chien-Pao|move: Protect\n|-damage|p1a: Flutter Mane|78\/100\n|-unboost|p1a: Flutter Mane|spe|1\n|move|p1a: Flutter Mane|Dazzling Gleam|p2b: Talonflame|[spread] p2a,p2b\n|-resisted|p2b: Talonflame\n|-damage|p2a: Iron Bundle|0 fnt\n|-damage|p2b: Talonflame|0 fnt\n|faint|p2a: Iron Bundle\n|-end|p2a: Iron Bundle|Quark Drive|[silent]\n|faint|p2b: Talonflame\n|\n|upkeep\n|\n|t:|1682480134\n|switch|p2b: Great Tusk|Great Tusk, L50|100\/100\n|turn|5\n|\n|t:|1682480149\n|move|p2b: Great Tusk|Rock Slide|p1b: Chien-Pao|[spread] p1a\n|-miss|p2b: Great Tusk|p1b: Chien-Pao\n|-damage|p1a: Flutter Mane|14\/100\n|move|p1b: Chien-Pao|Ice Spinner|p2b: Great Tusk\n|-supereffective|p2b: Great Tusk\n|-damage|p2b: Great Tusk|27\/100\n|move|p1a: Flutter Mane|Dazzling Gleam|p2b: Great Tusk\n|-supereffective|p2b: Great Tusk\n|-damage|p2b: Great Tusk|0 fnt\n|faint|p2b: Great Tusk\n|-end|p2b: Great Tusk|Protosynthesis|[silent]\n|\n|win|Aki Hoshino\n|raw|Aki Hoshino's rating: 1584 → 1610<\/strong> (+26 for winning)\n|raw|BroDontFuckWithMe's rating: 1686 → 1660<\/strong> (-26 for losing)\n","uploadtime":1682480159,"views":11,"p1id":"akihoshino","p2id":"brodontfuckwithme","formatid":"gen9vgc2023regulationc","rating":1610,"private":0,"password":""}