{"id":"gen9vgc2023regulationc-1847183004","p1":"the mudkip warrior","p2":"ANTIVALLEY","format":"[Gen 9] VGC 2023 Regulation C","log":"|j|\u2606the mudkip warrior\n|j|\u2606ANTIVALLEY\n|t:|1681925864\n|gametype|doubles\n|player|p1|the mudkip warrior|acetrainer-gen4dp|1335\n|player|p2|ANTIVALLEY|penny|1246\n|teamsize|p1|6\n|teamsize|p2|6\n|gen|9\n|tier|[Gen 9] VGC 2023 Regulation C\n|rated|\n|rule|Species Clause: Limit one of each Pok\u00e9mon\n|rule|Item Clause: Limit one of each item\n|clearpoke\n|poke|p1|Grimmsnarl, L50, M|\n|poke|p1|Palafin, L50, M|\n|poke|p1|Flutter Mane, L50|\n|poke|p1|Arcanine, L50, F|\n|poke|p1|Dragonite, L50, F|\n|poke|p1|Dragapult, L50, M|\n|poke|p2|Lycanroc, L50, M|\n|poke|p2|Tyranitar, L50, F|\n|poke|p2|Flutter Mane, L50|\n|poke|p2|Chi-Yu, L50|\n|poke|p2|Farigiraf, L50, M|\n|poke|p2|Gyarados, L50, M|\n|teampreview|4\n|c|\u2606the mudkip warrior|gl\nANTIVALLEY rejected open team sheets.\n|c|\u2606ANTIVALLEY|gl\n|\n|t:|1681925910\n|start\n|switch|p1a: Captain Coral|Palafin, L50, M|100\/100\n|switch|p1b: Twilight|Flutter Mane, L50|100\/100\n|switch|p2a: Lycanroc|Lycanroc, L50, M|100\/100\n|switch|p2b: Tyranitar|Tyranitar, L50, F|100\/100\n|-weather|Sandstorm|[from] ability: Sand Stream|[of] p2b: Tyranitar\n|turn|1\n|\n|t:|1681925944\n|move|p2a: Lycanroc|Rock Blast|p1b: Twilight\n|-damage|p1b: Twilight|74\/100\n|-damage|p1b: Twilight|49\/100\n|-damage|p1b: Twilight|21\/100\n|-damage|p1b: Twilight|0 fnt\n|faint|p1b: Twilight\n|-end|p1b: Twilight|Protosynthesis|[silent]\n|-hitcount|p1: Twilight|4\n|move|p1a: Captain Coral|Wave Crash|p2b: Tyranitar\n|-supereffective|p2b: Tyranitar\n|-damage|p2b: Tyranitar|5\/100\n|-damage|p1a: Captain Coral|69\/100|[from] Recoil\n|move|p2b: Tyranitar|Rock Slide|p1a: Captain Coral\n|-damage|p1a: Captain Coral|24\/100\n|\n|-weather|Sandstorm|[upkeep]\n|-damage|p1a: Captain Coral|18\/100|[from] Sandstorm\n|upkeep\n|\n|t:|1681925962\n|switch|p1b: Salvo|Dragapult, L50, M, shiny|100\/100\n|turn|2\n|\n|t:|1681925994\n|move|p2a: Lycanroc|Endure|p2a: Lycanroc\n|-singleturn|p2a: Lycanroc|move: Endure\n|move|p1a: Captain Coral|Jet Punch|p2b: Tyranitar\n|-supereffective|p2b: Tyranitar\n|-damage|p2b: Tyranitar|0 fnt\n|faint|p2b: Tyranitar\n|move|p1b: Salvo|Phantom Force||[still]\n|-prepare|p1b: Salvo|Phantom Force\n|\n|-weather|Sandstorm|[upkeep]\n|-damage|p1b: Salvo|94\/100|[from] Sandstorm\n|-damage|p1a: Captain Coral|13\/100|[from] Sandstorm\n|upkeep\n|\n|t:|1681926008\n|switch|p2b: Gyarados|Gyarados, L50, M|100\/100\n|-ability|p2b: Gyarados|Intimidate|boost\n|-unboost|p1a: Captain Coral|atk|1\n|-fail|p1b: Salvo|unboost|[from] ability: Clear Body|[of] p1b: Salvo\n|turn|3\n|\n|t:|1681926021\n|switch|p2a: Farigiraf|Farigiraf, L50, M|100\/100\n|move|p1a: Captain Coral|Protect|p1a: Captain Coral\n|-singleturn|p1a: Captain Coral|Protect\n|move|p1b: Salvo|Phantom Force|p2a: Farigiraf|[from]lockedmove\n|-immune|p2a: Farigiraf\n|move|p2b: Gyarados|Thunder Wave|p1b: Salvo\n|-status|p1b: Salvo|par\n|\n|-weather|Sandstorm|[upkeep]\n|-damage|p1a: Captain Coral|7\/100|[from] Sandstorm\n|-damage|p2b: Gyarados|95\/100|[from] Sandstorm\n|-damage|p1b: Salvo|88\/100 par|[from] Sandstorm\n|upkeep\n|turn|4\n|\n|t:|1681926047\n|move|p2b: Gyarados|Iron Head|p1b: Salvo\n|-damage|p1b: Salvo|51\/100 par\n|move|p1a: Captain Coral|Wave Crash|p2a: Farigiraf\n|-damage|p2a: Farigiraf|64\/100\n|-damage|p1a: Captain Coral|0 fnt|[from] Recoil\n|faint|p1a: Captain Coral\n|cant|p1b: Salvo|flinch\n|move|p2a: Farigiraf|Dazzling Gleam|p1b: Salvo\n|-supereffective|p1b: Salvo\n|-damage|p1b: Salvo|0 fnt\n|faint|p1b: Salvo\n|\n|-weather|Sandstorm|[upkeep]\n|-damage|p2b: Gyarados|89\/100|[from] Sandstorm\n|upkeep\n|\n|t:|1681926060\n|switch|p1b: Dolce|Dragonite, L50, F|100\/100\n|turn|5\n|\n|t:|1681926072\n|-terastallize|p1b: Dolce|Normal\n|-terastallize|p2a: Farigiraf|Fairy\n|move|p2b: Gyarados|Thunder Wave|p1b: Dolce\n|-status|p1b: Dolce|par\n|-enditem|p1b: Dolce|Lum Berry|[eat]\n|-curestatus|p1b: Dolce|par|[msg]\n|move|p1b: Dolce|Dragon Dance|p1b: Dolce\n|-boost|p1b: Dolce|atk|1\n|-boost|p1b: Dolce|spe|1\n|move|p2a: Farigiraf|Dazzling Gleam|p1b: Dolce\n|-damage|p1b: Dolce|85\/100\n|\n|-weather|none\n|upkeep\n|turn|6\n|c|\u2606the mudkip warrior|wow me dolce\n|\n|t:|1681926101\n|switch|p2b: Lycanroc|Lycanroc, L50, M|100\/100\n|move|p1b: Dolce|Stomping Tantrum|p2a: Farigiraf\n|-damage|p2a: Farigiraf|18\/100\n|move|p2a: Farigiraf|Psychic|p1b: Dolce\n|-damage|p1b: Dolce|44\/100\n|\n|upkeep\n|turn|7\n|\n|t:|1681926113\n|move|p2b: Lycanroc|Rock Blast|p1b: Dolce\n|-damage|p1b: Dolce|33\/100\n|-damage|p1b: Dolce|22\/100\n|-damage|p1b: Dolce|10\/100\n|-damage|p1b: Dolce|0 fnt\n|faint|p1b: Dolce\n|-hitcount|p1: Dolce|4\n|\n|win|ANTIVALLEY\n|raw|the mudkip warrior's rating: 1335 → 1310<\/strong> (-25 for losing)\n|raw|ANTIVALLEY's rating: 1246 → 1277<\/strong> (+31 for winning)\n|c|\u2606the mudkip warrior|gg\n|c|\u2606ANTIVALLEY|gg\n","uploadtime":1681926127,"views":14,"p1id":"themudkipwarrior","p2id":"antivalley","formatid":"gen9vgc2023regulationc","rating":1277,"private":0,"password":""}