{"id":"gen9vgc2023regulationc-1860693172","p1":"camchaotix","p2":"sigueinventando","format":"[Gen 9] VGC 2023 Regulation C","log":"|j|\u2606camchaotix\n|j|\u2606sigueinventando\n|t:|1683666905\n|gametype|doubles\n|player|p1|camchaotix|1|1197\n|player|p2|sigueinventando|169|1151\n|teamsize|p1|6\n|teamsize|p2|6\n|gen|9\n|tier|[Gen 9] VGC 2023 Regulation C\n|rated|\n|rule|Species Clause: Limit one of each Pok\u00e9mon\n|rule|Item Clause: Limit one of each item\n|clearpoke\n|poke|p1|Gothitelle, L50, F|\n|poke|p1|Torkoal, L50, F|\n|poke|p1|Great Tusk, L50|\n|poke|p1|Flutter Mane, L50|\n|poke|p1|Arcanine, L50, F|\n|poke|p1|Chien-Pao, L50|\n|poke|p2|Amoonguss, L50, F|\n|poke|p2|Ting-Lu, L50|\n|poke|p2|Rotom-Heat, L50|\n|poke|p2|Gastrodon-East, L50, F|\n|poke|p2|Garganacl, L50, F|\n|poke|p2|Glimmora, L50, F|\n|teampreview|4\ncamchaotix rejected open team sheets.\n|inactive|Battle timer is ON: inactive players will automatically lose when time's up. (requested by camchaotix)\n|inactive|sigueinventando has 60 seconds left.\n|\n|t:|1683666946\n|start\n|switch|p1a: Gothitelle|Gothitelle, L50, F, shiny|100\/100\n|switch|p1b: Torkoal|Torkoal, L50, F, shiny|100\/100\n|switch|p2a: Rotom|Rotom-Heat, L50|100\/100\n|switch|p2b: Amoonguss|Amoonguss, L50, F|100\/100\n|-weather|SunnyDay|[from] ability: Drought|[of] p1b: Torkoal\n|turn|1\n|inactive|sigueinventando has 30 seconds left.\n|inactive|camchaotix has 30 seconds left.\n|\n|t:|1683666980\n|-terastallize|p2b: Amoonguss|Water\n|move|p1a: Gothitelle|Fake Out|p2b: Amoonguss\n|-damage|p2b: Amoonguss|95\/100\n|move|p2a: Rotom|Volt Switch|p1b: Torkoal\n|-damage|p1b: Torkoal|25\/100\n|c|\u2606camchaotix|specs?\n|\n|t:|1683666998\n|switch|p2a: Glimmora|Glimmora, L50, F|100\/100|[from] Volt Switch\n|cant|p2b: Amoonguss|flinch\n|move|p1b: Torkoal|Overheat|p2b: Amoonguss\n|-resisted|p2b: Amoonguss\n|-damage|p2b: Amoonguss|68\/100\n|-unboost|p1b: Torkoal|spa|2\n|-enditem|p1b: Torkoal|Eject Pack\n|\n|t:|1683667012\n|switch|p1b: Great Tusk|Great Tusk, L50, shiny|100\/100\n|-activate|p1b: Great Tusk|ability: Protosynthesis\n|-start|p1b: Great Tusk|protosynthesisatk\n|\n|-weather|SunnyDay|[upkeep]\n|upkeep\n|turn|2\n|\n|t:|1683667034\n|-terastallize|p1a: Gothitelle|Flying\n|move|p1b: Great Tusk|Earthquake|p2a: Glimmora|[spread] p2a,p2b\n|-immune|p1a: Gothitelle\n|-supereffective|p2a: Glimmora\n|-enditem|p2a: Glimmora|Focus Sash\n|-damage|p2a: Glimmora|1\/100\n|-damage|p2b: Amoonguss|29\/100\n|-activate|p2a: Glimmora|ability: Toxic Debris\n|-sidestart|p1: camchaotix|move: Toxic Spikes\n|move|p2a: Glimmora|Energy Ball|p1b: Great Tusk\n|-supereffective|p1b: Great Tusk\n|-damage|p1b: Great Tusk|0 fnt\n|faint|p1b: Great Tusk\n|-end|p1b: Great Tusk|Protosynthesis|[silent]\n|move|p1a: Gothitelle|Taunt|p2b: Amoonguss\n|-start|p2b: Amoonguss|move: Taunt\n|-enditem|p2b: Amoonguss|Mental Herb\n|-end|p2b: Amoonguss|move: Taunt\n|move|p2b: Amoonguss|Toxic|p1a: Gothitelle\n|-status|p1a: Gothitelle|tox\n|\n|-weather|SunnyDay|[upkeep]\n|-damage|p1a: Gothitelle|94\/100 tox|[from] psn\n|upkeep\n|\n|t:|1683667057\n|switch|p1b: Flutter Mane|Flutter Mane, L50, shiny|100\/100\n|-status|p1b: Flutter Mane|psn\n|-activate|p1b: Flutter Mane|ability: Protosynthesis\n|-start|p1b: Flutter Mane|protosynthesisspe\n|turn|3\n|c|\u2606sigueinventando|yes, specs\n|c|\u2606camchaotix|lots of damage didnt know be that much\n|inactive|camchaotix has 30 seconds left.\n|\n|t:|1683667087\n|switch|p1a: Torkoal|Torkoal, L50, F, shiny|25\/100\n|-status|p1a: Torkoal|psn\n|move|p2a: Glimmora|Spiky Shield|p2a: Glimmora\n|-singleturn|p2a: Glimmora|move: Protect\n|move|p1b: Flutter Mane|Dazzling Gleam|p2a: Glimmora|[spread] p2b\n|-activate|p2a: Glimmora|move: Protect\n|-damage|p2b: Amoonguss|0 fnt\n|faint|p2b: Amoonguss\n|\n|-weather|SunnyDay|[upkeep]\n|-damage|p1b: Flutter Mane|88\/100 psn|[from] psn\n|-damage|p1a: Torkoal|13\/100 psn|[from] psn\n|upkeep\n|c|\u2606sigueinventando|yeah rotom is sick lol\n|c|\u2606camchaotix|seems yh\n|\n|t:|1683667102\n|switch|p2b: Ting-Lu|Ting-Lu, L50|100\/100\n|-ability|p2b: Ting-Lu|Vessel of Ruin\n|turn|4\n|\n|t:|1683667123\n|move|p1a: Torkoal|Helping Hand|p1b: Flutter Mane\n|-singleturn|p1b: Flutter Mane|Helping Hand|[of] p1a: Torkoal\n|move|p1b: Flutter Mane|Dazzling Gleam|p2a: Glimmora|[spread] p2a,p2b\n|-resisted|p2a: Glimmora\n|-supereffective|p2b: Ting-Lu\n|-damage|p2a: Glimmora|0 fnt\n|-damage|p2b: Ting-Lu|55\/100\n|faint|p2a: Glimmora\n|move|p2b: Ting-Lu|Snarl|p1b: Flutter Mane|[spread] p1a,p1b\n|-damage|p1a: Torkoal|1\/100 psn\n|-damage|p1b: Flutter Mane|78\/100 psn\n|-unboost|p1a: Torkoal|spa|1\n|-unboost|p1b: Flutter Mane|spa|1\n|\n|-weather|SunnyDay|[upkeep]\n|-damage|p1b: Flutter Mane|66\/100 psn|[from] psn\n|-damage|p1a: Torkoal|0 fnt|[from] psn\n|faint|p1a: Torkoal\n|upkeep\n|\n|t:|1683667136\n|switch|p2a: Rotom|Rotom-Heat, L50|100\/100\n|switch|p1a: Gothitelle|Gothitelle, L50, F, shiny, tera:Flying|94\/100 tox\n|turn|5\n|c|\u2606camchaotix|snarl on ting lu\n|c|\u2606camchaotix|what on earth is this team\n|\n|t:|1683667154\n|move|p1a: Gothitelle|Fake Out|p2a: Rotom\n|-damage|p2a: Rotom|93\/100\n|move|p1b: Flutter Mane|Dazzling Gleam|p2a: Rotom|[spread] p2a,p2b\n|-resisted|p2a: Rotom\n|-supereffective|p2b: Ting-Lu\n|-damage|p2a: Rotom|80\/100\n|-damage|p2b: Ting-Lu|36\/100\n|cant|p2a: Rotom|flinch\n|move|p2b: Ting-Lu|Snarl|p1b: Flutter Mane|[spread] p1b\n|-miss|p2b: Ting-Lu|p1a: Gothitelle\n|-damage|p1b: Flutter Mane|56\/100 psn\n|-unboost|p1b: Flutter Mane|spa|1\n|\n|-weather|none\n|-end|p1b: Flutter Mane|Protosynthesis\n|-damage|p1b: Flutter Mane|44\/100 psn|[from] psn\n|-damage|p1a: Gothitelle|88\/100 tox|[from] psn\n|upkeep\n|turn|6\n|\n|t:|1683667176\n|move|p1b: Flutter Mane|Dazzling Gleam|p2a: Rotom|[spread] p2a,p2b\n|-resisted|p2a: Rotom\n|-supereffective|p2b: Ting-Lu\n|-damage|p2a: Rotom|67\/100\n|-damage|p2b: Ting-Lu|20\/100\n|move|p2a: Rotom|Thunderbolt|p1a: Gothitelle\n|-supereffective|p1a: Gothitelle\n|-damage|p1a: Gothitelle|16\/100 tox\n|-enditem|p1a: Gothitelle|Sitrus Berry|[eat]\n|-heal|p1a: Gothitelle|41\/100 tox|[from] item: Sitrus Berry\n|move|p1a: Gothitelle|Heal Pulse|p1b: Flutter Mane\n|-heal|p1b: Flutter Mane|94\/100 psn\n|move|p2b: Ting-Lu|Sand Tomb|p1b: Flutter Mane\n|-crit|p1b: Flutter Mane\n|-damage|p1b: Flutter Mane|50\/100 psn\n|-activate|p1b: Flutter Mane|move: Sand Tomb|[of] p2b: Ting-Lu\n|\n|-damage|p1b: Flutter Mane|37\/100 psn|[from] psn\n|-damage|p1a: Gothitelle|28\/100 tox|[from] psn\n|-damage|p1b: Flutter Mane|25\/100 psn|[from] move: Sand Tomb|[partiallytrapped]\n|upkeep\n|turn|7\n|inactive|sigueinventando has 30 seconds left.\n|\n|t:|1683667203\n|move|p1b: Flutter Mane|Dazzling Gleam|p2b: Ting-Lu|[spread] p2a,p2b\n|-resisted|p2a: Rotom\n|-supereffective|p2b: Ting-Lu\n|-damage|p2a: Rotom|56\/100\n|-damage|p2b: Ting-Lu|3\/100\n|move|p2a: Rotom|Thunderbolt|p1b: Flutter Mane\n|-damage|p1b: Flutter Mane|0 fnt\n|faint|p1b: Flutter Mane\n|-end|p1b: Flutter Mane|Protosynthesis|[silent]\n|move|p1a: Gothitelle|Heal Pulse|p1: Flutter Mane|[notarget]\n|-fail|p1a: Gothitelle\n|move|p2b: Ting-Lu|Snarl|p1a: Gothitelle\n|-crit|p1a: Gothitelle\n|-damage|p1a: Gothitelle|15\/100 tox\n|-unboost|p1a: Gothitelle|spa|1\n|\n|-damage|p1a: Gothitelle|0 fnt|[from] psn\n|faint|p1a: Gothitelle\n|\n|win|sigueinventando\n|upkeep\n|raw|camchaotix's rating: 1197 → 1169<\/strong> (-28 for losing)\n|raw|sigueinventando's rating: 1151 → 1179<\/strong> (+28 for winning)\n|l|\u2606camchaotix\n|c|\u2606sigueinventando|gg my dude\n","uploadtime":1683667405,"views":16,"p1id":"camchaotix","p2id":"sigueinventando","formatid":"gen9vgc2023regulationc","rating":1169,"private":0,"password":""}