{"id":"gen9vgc2023regulationc-1863022412","p1":"madelaine2","p2":"Itacema","format":"[Gen 9] VGC 2023 Regulation C","log":"|j|\u2606madelaine2\n|j|\u2606Itacema\n|t:|1683953937\n|gametype|doubles\n|player|p1|madelaine2|169|1095\n|player|p2|Itacema|2|1210\n|teamsize|p1|6\n|teamsize|p2|6\n|gen|9\n|tier|[Gen 9] VGC 2023 Regulation C\n|rated|\n|rule|Species Clause: Limit one of each Pok\u00e9mon\n|rule|Item Clause: Limit one of each item\n|clearpoke\n|poke|p1|Scovillain, L50, F|\n|poke|p1|Lumineon, L50, F|\n|poke|p1|Flutter Mane, L50|\n|poke|p1|Torkoal, L50, F|\n|poke|p1|Amoonguss, L50, F|\n|poke|p1|Scizor, L50, F|\n|poke|p2|Iron Hands, L50|\n|poke|p2|Gyarados, L50, F|\n|poke|p2|Chi-Yu, L50|\n|poke|p2|Flutter Mane, L50|\n|poke|p2|Amoonguss, L50, M|\n|poke|p2|Ting-Lu, L50|\n|teampreview|4\n|inactive|Battle timer is ON: inactive players will automatically lose when time's up. (requested by madelaine2)\n|\n|t:|1683953991\n|start\n|switch|p1a: Lumineon|Lumineon, L50, F|100\/100\n|switch|p1b: Torkoal|Torkoal, L50, F|100\/100\n|switch|p2a: Amoonguss|Amoonguss, L50, M|100\/100\n|switch|p2b: Flutter Mane|Flutter Mane, L50|100\/100\n|-weather|SunnyDay|[from] ability: Drought|[of] p1b: Torkoal\n|-activate|p2b: Flutter Mane|ability: Protosynthesis\n|-start|p2b: Flutter Mane|protosynthesisspe\n|turn|1\n|inactive|madelaine2 has 30 seconds left.\n|inactive|Itacema has 30 seconds left.\n|\n|t:|1683954019\n|move|p2b: Flutter Mane|Dazzling Gleam|p1b: Torkoal|[spread] p1a,p1b\n|-resisted|p1b: Torkoal\n|-damage|p1a: Lumineon|54\/100\n|-damage|p1b: Torkoal|71\/100\n|-enditem|p1b: Torkoal|Eject Button\n|\n|t:|1683954024\n|switch|p1b: Scovillain|Scovillain, L50, F, shiny|100\/100\n|move|p1a: Lumineon|Tailwind|p1a: Lumineon\n|-sidestart|p1: madelaine2|move: Tailwind\n|move|p2a: Amoonguss|Spore|p1b: Scovillain\n|-immune|p1b: Scovillain\n|\n|-weather|SunnyDay|[upkeep]\n|-ability|p1b: Scovillain|Moody|boost\n|-boost|p1b: Scovillain|spa|2\n|-unboost|p1b: Scovillain|spe|1\n|upkeep\n|turn|2\n|inactive|madelaine2 has 30 seconds left.\n|\n|t:|1683954052\n|-terastallize|p1b: Scovillain|Fire\n|move|p1a: Lumineon|Helping Hand|p1b: Scovillain\n|-singleturn|p1b: Scovillain|Helping Hand|[of] p1a: Lumineon\n|move|p2a: Amoonguss|Rage Powder|p2a: Amoonguss\n|-singleturn|p2a: Amoonguss|move: Rage Powder\n|move|p2b: Flutter Mane|Dazzling Gleam|p1a: Lumineon|[spread] p1a,p1b\n|-resisted|p1b: Scovillain\n|-damage|p1a: Lumineon|8\/100\n|-damage|p1b: Scovillain|80\/100\n|-enditem|p1a: Lumineon|Wiki Berry|[eat]\n|-heal|p1a: Lumineon|41\/100|[from] item: Wiki Berry\n|move|p1b: Scovillain|Flamethrower|p2a: Amoonguss\n|-supereffective|p2a: Amoonguss\n|-damage|p2a: Amoonguss|0 fnt\n|faint|p2a: Amoonguss\n|\n|-weather|SunnyDay|[upkeep]\n|-ability|p1b: Scovillain|Moody|boost\n|-boost|p1b: Scovillain|spe|2\n|-unboost|p1b: Scovillain|atk|1\n|upkeep\n|\n|t:|1683954073\n|switch|p2a: Gyarados|Gyarados, L50, F|100\/100\n|-ability|p2a: Gyarados|Intimidate|boost\n|-unboost|p1a: Lumineon|atk|1\n|-unboost|p1b: Scovillain|atk|1\n|turn|3\n|\n|t:|1683954088\n|move|p1a: Lumineon|Protect|p1a: Lumineon\n|-singleturn|p1a: Lumineon|Protect\n|move|p2b: Flutter Mane|Dazzling Gleam|p1b: Scovillain|[spread] p1b\n|-activate|p1a: Lumineon|move: Protect\n|-resisted|p1b: Scovillain\n|-crit|p1b: Scovillain\n|-damage|p1b: Scovillain|49\/100\n|move|p1b: Scovillain|Flamethrower|p2b: Flutter Mane\n|-damage|p2b: Flutter Mane|0 fnt\n|faint|p2b: Flutter Mane\n|-end|p2b: Flutter Mane|Protosynthesis|[silent]\n|move|p2a: Gyarados|Waterfall|p1a: Lumineon\n|-activate|p1a: Lumineon|ability: Storm Drain\n|-activate|p1a: Lumineon|move: Protect\n|\n|-weather|SunnyDay|[upkeep]\n|-ability|p1b: Scovillain|Moody|boost\n|-boost|p1b: Scovillain|atk|2\n|-unboost|p1b: Scovillain|spa|1\n|upkeep\n|\n|t:|1683954105\n|switch|p2b: Chi-Yu|Chi-Yu, L50|100\/100\n|-ability|p2b: Chi-Yu|Beads of Ruin\n|turn|4\n|\n|t:|1683954129\n|move|p1a: Lumineon|Helping Hand|p1b: Scovillain\n|-singleturn|p1b: Scovillain|Helping Hand|[of] p1a: Lumineon\n|move|p1b: Scovillain|Giga Drain|p2a: Gyarados\n|-crit|p2a: Gyarados\n|-damage|p2a: Gyarados|0 fnt\n|-heal|p1b: Scovillain|100\/100|[from] drain|[of] p2a: Gyarados\n|faint|p2a: Gyarados\n|move|p2b: Chi-Yu|Dark Pulse|p1b: Scovillain\n|-damage|p1b: Scovillain|50\/100\n|\n|-weather|SunnyDay|[upkeep]\n|-sideend|p1: madelaine2|move: Tailwind\n|-ability|p1b: Scovillain|Moody|boost\n|-boost|p1b: Scovillain|spa|2\n|-unboost|p1b: Scovillain|spd|1\n|upkeep\n|turn|5\n|-message|Itacema forfeited.\n|\n|win|madelaine2\n|raw|madelaine2's rating: 1095 → 1129<\/strong> (+34 for winning)\n|raw|Itacema's rating: 1210 → 1177<\/strong> (-33 for losing)\n|l|\u2606Itacema\n","uploadtime":1683954149,"views":13,"p1id":"madelaine2","p2id":"itacema","formatid":"gen9vgc2023regulationc","rating":1129,"private":0,"password":""}