{"id":"gen9vgc2023regulationc-1855814788","p1":"N3rdSl4y3r","p2":"XZacLee","format":"[Gen 9] VGC 2023 Regulation C","log":"|j|\u2606N3rdSl4y3r\n|j|\u2606XZacLee\n|t:|1682987365\n|gametype|doubles\n|player|p1|N3rdSl4y3r|rika|\n|player|p2|XZacLee|larry|\n|teamsize|p1|6\n|teamsize|p2|6\n|gen|9\n|tier|[Gen 9] VGC 2023 Regulation C\n|rule|Species Clause: Limit one of each Pok\u00e9mon\n|rule|Item Clause: Limit one of each item\n|clearpoke\n|poke|p1|Breloom, L50, M|\n|poke|p1|Chi-Yu, L50|\n|poke|p1|Azumarill, L50, F|\n|poke|p1|Baxcalibur, L50, M|\n|poke|p1|Flutter Mane, L50|\n|poke|p1|Maushold-Four, L50|\n|poke|p2|Gholdengo, L50|\n|poke|p2|Gyarados, L50, F|\n|poke|p2|Great Tusk, L50|\n|poke|p2|Murkrow, L50, M|\n|poke|p2|Flutter Mane, L50|\n|poke|p2|Chi-Yu, L50|\n|teampreview|4\nXZacLee has agreed to open team sheets.\nN3rdSl4y3r has agreed to open team sheets.\n|\n|t:|1682987410\n|start\n|switch|p1a: Hovering Cane|Flutter Mane, L50|100\/100\n|switch|p1b: samuel(s)|Maushold-Four, L50, shiny|100\/100\n|switch|p2a: Murkrow|Murkrow, L50, M|100\/100\n|switch|p2b: Great Tusk|Great Tusk, L50|100\/100\n|-enditem|p1a: Hovering Cane|Booster Energy\n|-activate|p1a: Hovering Cane|ability: Protosynthesis|[fromitem]\n|-start|p1a: Hovering Cane|protosynthesisspa\n|turn|1\n|\n|t:|1682987474\n|-terastallize|p2b: Great Tusk|Steel\n|move|p1b: samuel(s)|Protect|p1b: samuel(s)\n|-singleturn|p1b: samuel(s)|Protect\n|move|p2a: Murkrow|Tailwind|p2a: Murkrow\n|-sidestart|p2: XZacLee|move: Tailwind\n|move|p2b: Great Tusk|Earthquake|p1a: Hovering Cane|[spread] p1a\n|-activate|p1b: samuel(s)|move: Protect\n|-immune|p2a: Murkrow\n|-damage|p1a: Hovering Cane|45\/100\n|move|p1a: Hovering Cane|Moonblast|p2b: Great Tusk\n|-resisted|p2b: Great Tusk\n|-damage|p2b: Great Tusk|49\/100\n|\n|upkeep\n|turn|2\n|c|\u2606N3rdSl4y3r|OH\n|c|\u2606N3rdSl4y3r|THATS HIDDEN POWER FIGHTING\n|c|\u2606XZacLee|oh did it display the tera wrong again\n|c|\u2606XZacLee|yeah idk why showdown does that for tusk only\n|c|\u2606N3rdSl4y3r|no no it says hidden power\n|c|\u2606N3rdSl4y3r|and tera\n|c|\u2606N3rdSl4y3r|I accidentally looked at hidden power\n|c|\u2606N3rdSl4y3r|idk why its listed tho\n|c|\u2606XZacLee|yeah its gotta be a bug\n|\n|t:|1682987535\n|-end|p1a: Hovering Cane|Protosynthesis|[silent]\n|switch|p1a: Jorunna Parva|Azumarill, L50, F, shiny|100\/100\n|move|p2a: Murkrow|Sunny Day|p2a: Murkrow\n|-weather|SunnyDay\n|-activate|p2b: Great Tusk|ability: Protosynthesis\n|-start|p2b: Great Tusk|protosynthesisatk\n|move|p2b: Great Tusk|Earthquake|p1a: Jorunna Parva|[spread] p1a,p1b\n|-immune|p2a: Murkrow\n|-damage|p1a: Jorunna Parva|62\/100\n|-damage|p1b: samuel(s)|29\/100\n|move|p1b: samuel(s)|Encore|p2b: Great Tusk\n|-start|p2b: Great Tusk|Encore\n|\n|-weather|SunnyDay|[upkeep]\n|upkeep\n|turn|3\n|c|\u2606XZacLee|ur prolly thinking im a clown then lmao tera fighting tusk\n|\n|t:|1682987581\n|-terastallize|p1a: Jorunna Parva|Grass\n|move|p2b: Great Tusk|Earthquake|p1b: samuel(s)|[spread] p1a,p1b\n|-immune|p2a: Murkrow\n|-resisted|p1a: Jorunna Parva\n|-damage|p1a: Jorunna Parva|40\/100\n|-damage|p1b: samuel(s)|0 fnt\n|-enditem|p1a: Jorunna Parva|Sitrus Berry|[eat]\n|-heal|p1a: Jorunna Parva|65\/100|[from] item: Sitrus Berry\n|faint|p1b: samuel(s)\n|move|p2a: Murkrow|Foul Play|p1a: Jorunna Parva\n|-damage|p1a: Jorunna Parva|35\/100\n|move|p1a: Jorunna Parva|Liquidation|p2b: Great Tusk\n|-damage|p2b: Great Tusk|28\/100\n|\n|-weather|SunnyDay|[upkeep]\n|upkeep\n|\n|t:|1682987605\n|switch|p1b: Hovering Cane|Flutter Mane, L50|45\/100\n|-activate|p1b: Hovering Cane|ability: Protosynthesis\n|-start|p1b: Hovering Cane|protosynthesisspa\n|turn|4\n|\n|t:|1682987613\n|move|p1b: Hovering Cane|Protect|p1b: Hovering Cane\n|-singleturn|p1b: Hovering Cane|Protect\n|move|p2b: Great Tusk|Earthquake|p1b: Hovering Cane|[spread] p1a\n|-activate|p1b: Hovering Cane|move: Protect\n|-immune|p2a: Murkrow\n|-resisted|p1a: Jorunna Parva\n|-damage|p1a: Jorunna Parva|8\/100\n|move|p2a: Murkrow|Foul Play|p1a: Jorunna Parva\n|-damage|p1a: Jorunna Parva|0 fnt\n|faint|p1a: Jorunna Parva\n|\n|-weather|SunnyDay|[upkeep]\n|-sideend|p2: XZacLee|move: Tailwind\n|upkeep\n|\n|t:|1682987637\n|switch|p1a: Chi-Nuke|Chi-Yu, L50|100\/100\n|-ability|p1a: Chi-Nuke|Beads of Ruin\n|turn|5\n|\n|t:|1682987648\n|move|p2a: Murkrow|Tailwind|p2a: Murkrow\n|-sidestart|p2: XZacLee|move: Tailwind\n|move|p2b: Great Tusk|Earthquake|p1b: Hovering Cane|[spread] p1a,p1b\n|-immune|p2a: Murkrow\n|-supereffective|p1a: Chi-Nuke\n|-damage|p1a: Chi-Nuke|0 fnt\n|-damage|p1b: Hovering Cane|0 fnt\n|faint|p1a: Chi-Nuke\n|faint|p1b: Hovering Cane\n|-end|p1b: Hovering Cane|Protosynthesis|[silent]\n|\n|win|XZacLee\n|c|\u2606N3rdSl4y3r|ggs\n|c|\u2606XZacLee|ggs\n","uploadtime":1682987663,"views":17,"p1id":"n3rdsl4y3r","p2id":"xzaclee","formatid":"gen9vgc2023regulationc","rating":0,"private":0,"password":""}