{"id":"gen9vgc2023regulationc-1861001482","p1":"Cage92","p2":"Lolitcher","format":"[Gen 9] VGC 2023 Regulation C","log":"|j|\u2606Cage92\n|j|\u2606Lolitcher\n|t:|1683711898\n|gametype|doubles\n|player|p1|Cage92|265|1133\n|player|p2|Lolitcher|266|1134\n|teamsize|p1|6\n|teamsize|p2|6\n|gen|9\n|tier|[Gen 9] VGC 2023 Regulation C\n|rated|\n|rule|Species Clause: Limit one of each Pok\u00e9mon\n|rule|Item Clause: Limit one of each item\n|clearpoke\n|poke|p1|Flutter Mane, L50|\n|poke|p1|Chi-Yu, L50|\n|poke|p1|Amoonguss, L50, M|\n|poke|p1|Iron Hands, L50|\n|poke|p1|Gyarados, L50, M|\n|poke|p1|Baxcalibur, L50, M|\n|poke|p2|Palafin, L50, M|\n|poke|p2|Amoonguss, L50, F|\n|poke|p2|Baxcalibur, L50, F|\n|poke|p2|Arcanine, L50, F|\n|poke|p2|Ting-Lu, L50|\n|poke|p2|Flutter Mane, L50|\n|teampreview|4\n|inactive|Battle timer is ON: inactive players will automatically lose when time's up. (requested by Lolitcher)\nLolitcher rejected open team sheets.\n|inactive|Cage92 has 60 seconds left.\n|inactive|Lolitcher has 60 seconds left.\n|inactive|Cage92 has 30 seconds left.\n|inactive|Lolitcher has 30 seconds left.\n|inactive|Cage92 has 20 seconds left.\n|\n|t:|1683711971\n|start\n|switch|p1a: Iron Hands|Iron Hands, L50|100\/100\n|switch|p1b: Chi-Yu|Chi-Yu, L50|100\/100\n|switch|p2a: Palafin|Palafin, L50, M|100\/100\n|switch|p2b: Ting-Lu|Ting-Lu, L50|100\/100\n|-ability|p1b: Chi-Yu|Beads of Ruin\n|-ability|p2b: Ting-Lu|Vessel of Ruin\n|turn|1\n|inactive|Lolitcher has 30 seconds left.\n|inactive|Lolitcher has 20 seconds left.\n|inactive|Lolitcher has 15 seconds left.\n|\n|t:|1683712016\n|switch|p1b: Gyarados|Gyarados, L50, M, shiny|100\/100\n|-ability|p1b: Gyarados|Intimidate|boost\n|-unboost|p2a: Palafin|atk|1\n|-unboost|p2b: Ting-Lu|atk|1\n|detailschange|p2a: Palafin|Palafin-Hero, L50, M\n|switch|p2a: BlockBuster|Baxcalibur, L50, F|100\/100\n|-terastallize|p1a: Iron Hands|Grass\n|move|p1a: Iron Hands|Drain Punch|p2b: Ting-Lu\n|-supereffective|p2b: Ting-Lu\n|-damage|p2b: Ting-Lu|48\/100\n|move|p2b: Ting-Lu|Stomping Tantrum|p1b: Gyarados\n|-immune|p1b: Gyarados\n|\n|upkeep\n|turn|2\n|inactive|Lolitcher has 30 seconds left.\n|inactive|Lolitcher has 20 seconds left.\n|inactive|Lolitcher has 15 seconds left.\n|inactive|Lolitcher has 10 seconds left.\n|inactive|Lolitcher has 5 seconds left.\n|\n|t:|1683712071\n|-terastallize|p2b: Ting-Lu|Poison\n|move|p1b: Gyarados|Waterfall|p2b: Ting-Lu\n|-damage|p2b: Ting-Lu|24\/100\n|move|p2a: BlockBuster|Glaive Rush|p1a: Iron Hands\n|-damage|p1a: Iron Hands|49\/100\n|-singlemove|p2a: BlockBuster|Glaive Rush|[silent]\n|move|p1a: Iron Hands|Drain Punch|p2a: BlockBuster\n|-supereffective|p2a: BlockBuster\n|-damage|p2a: BlockBuster|0 fnt\n|-heal|p1a: Iron Hands|91\/100|[from] drain|[of] p2a: BlockBuster\n|faint|p2a: BlockBuster\n|cant|p2b: Ting-Lu|flinch\n|\n|upkeep\n|\n|t:|1683712085\n|switch|p2a: Palafin|Palafin-Hero, L50, M|100\/100\n|-activate|p2a: Palafin|ability: Zero to Hero\n|turn|3\n|inactive|Lolitcher has 30 seconds left.\n|inactive|Lolitcher has 20 seconds left.\n|inactive|Lolitcher has 15 seconds left.\n|\n|t:|1683712126\n|move|p2a: Palafin|Substitute|p2a: Palafin\n|-start|p2a: Palafin|Substitute\n|-damage|p2a: Palafin|75\/100\n|move|p1b: Gyarados|Waterfall|p2b: Ting-Lu\n|-damage|p2b: Ting-Lu|0 fnt\n|faint|p2b: Ting-Lu\n|move|p1a: Iron Hands|Wild Charge|p2a: Palafin\n|-supereffective|p2a: Palafin\n|-end|p2a: Palafin|Substitute\n|-damage|p1a: Iron Hands|86\/100|[from] Recoil|[of] p2a: Palafin\n|\n|upkeep\n|\n|t:|1683712135\n|switch|p2b: Flutter Mane|Flutter Mane, L50|100\/100\n|turn|4\n|\n|t:|1683712151\n|move|p2b: Flutter Mane|Moonblast|p1a: Iron Hands\n|-damage|p1a: Iron Hands|45\/100\n|move|p2a: Palafin|Substitute|p2a: Palafin\n|-start|p2a: Palafin|Substitute\n|-damage|p2a: Palafin|50\/100\n|move|p1b: Gyarados|Thunder Wave||[still]\n|-fail|p1b: Gyarados\n|move|p1a: Iron Hands|Heavy Slam|p2b: Flutter Mane\n|-supereffective|p2b: Flutter Mane\n|-damage|p2b: Flutter Mane|0 fnt\n|faint|p2b: Flutter Mane\n|-end|p2b: Flutter Mane|Protosynthesis|[silent]\n|\n|upkeep\n|turn|5\n|\n|t:|1683712175\n|move|p2a: Palafin|Wave Crash|p1a: Iron Hands\n|-resisted|p1a: Iron Hands\n|-damage|p1a: Iron Hands|12\/100\n|-damage|p2a: Palafin|37\/100|[from] Recoil\n|move|p1b: Gyarados|Waterfall|p2a: Palafin\n|-resisted|p2a: Palafin\n|-activate|p2a: Palafin|move: Substitute|[damage]\n|move|p1a: Iron Hands|Wild Charge|p2a: Palafin\n|-supereffective|p2a: Palafin\n|-end|p2a: Palafin|Substitute\n|-damage|p1a: Iron Hands|10\/100|[from] Recoil|[of] p2a: Palafin\n|\n|upkeep\n|turn|6\n|\n|t:|1683712197\n|move|p2a: Palafin|Jet Punch|p1a: Iron Hands\n|-resisted|p1a: Iron Hands\n|-damage|p1a: Iron Hands|0 fnt\n|faint|p1a: Iron Hands\n|-end|p1a: Iron Hands|Quark Drive|[silent]\n|move|p1b: Gyarados|Waterfall|p2a: Palafin\n|-resisted|p2a: Palafin\n|-damage|p2a: Palafin|21\/100\n|\n|upkeep\n|\n|t:|1683712200\n|switch|p1a: Flutter Mane|Flutter Mane, L50|100\/100\n|turn|7\n|\n|t:|1683712207\n|move|p1a: Flutter Mane|Thunderbolt|p2a: Palafin\n|-supereffective|p2a: Palafin\n|-damage|p2a: Palafin|0 fnt\n|faint|p2a: Palafin\n|\n|win|Cage92\n|raw|Cage92's rating: 1133 → 1158<\/strong> (+25 for winning)\n|raw|Lolitcher's rating: 1134 → 1109<\/strong> (-25 for losing)\n|l|\u2606Lolitcher\n","uploadtime":1683712256,"views":17,"p1id":"cage92","p2id":"lolitcher","formatid":"gen9vgc2023regulationc","rating":1109,"private":0,"password":""}