{"id":"gen9vgc2023regulationc-1856421509","p1":"isbruhREMASTERED","p2":"carlospe1205","format":"[Gen 9] VGC 2023 Regulation C","log":"|j|\u2606isbruhREMASTERED\n|j|\u2606carlospe1205\n|t:|1683059877\n|gametype|doubles\n|player|p1|isbruhREMASTERED|giovanni|1063\n|player|p2|carlospe1205|bugsy|1073\n|teamsize|p1|6\n|teamsize|p2|6\n|gen|9\n|tier|[Gen 9] VGC 2023 Regulation C\n|rated|\n|rule|Species Clause: Limit one of each Pok\u00e9mon\n|rule|Item Clause: Limit one of each item\n|clearpoke\n|poke|p1|Indeedee-F, L50, F|\n|poke|p1|Skeledirge, L50, M|\n|poke|p1|Garchomp, L50, M|\n|poke|p1|Orthworm, L50, M|\n|poke|p1|Hydreigon, L50, F|\n|poke|p1|Lilligant, L50, F|\n|poke|p2|Baxcalibur, L50, F|\n|poke|p2|Talonflame, L50, M|\n|poke|p2|Amoonguss, L50, M|\n|poke|p2|Grimmsnarl, L50, M|\n|poke|p2|Flutter Mane, L50|\n|poke|p2|Chi-Yu, L50|\n|teampreview|4\n|\n|t:|1683059901\n|start\n|switch|p1a: Indeedee|Indeedee-F, L50, F|100\/100\n|switch|p1b: Orthworm|Orthworm, L50, M|100\/100\n|switch|p2a: Krompus|Grimmsnarl, L50, M|100\/100\n|switch|p2b: AMOGUS|Amoonguss, L50, M|100\/100\n|turn|1\n|\n|t:|1683059977\n|move|p2a: Krompus|Fake Out|p1a: Indeedee\n|-damage|p1a: Indeedee|87\/100\n|cant|p1a: Indeedee|flinch\n|move|p1b: Orthworm|Body Press|p2a: Krompus\n|-damage|p2a: Krompus|55\/100\n|move|p2b: AMOGUS|Spore|p1b: Orthworm\n|-status|p1b: Orthworm|slp|[from] move: Spore\n|\n|upkeep\n|turn|2\n|\n|t:|1683060003\n|move|p2a: Krompus|Light Screen|p2a: Krompus\n|-sidestart|p2: carlospe1205|move: Light Screen\n|move|p1a: Indeedee|Heal Pulse|p1b: Orthworm\n|-fail|p1b: Orthworm|heal\n|cant|p1b: Orthworm|slp\n|move|p2b: AMOGUS|Pollen Puff|p2a: Krompus\n|-heal|p2a: Krompus|100\/100\n|\n|upkeep\n|turn|3\n|\n|t:|1683060016\n|move|p2a: Krompus|Reflect|p2a: Krompus\n|-sidestart|p2: carlospe1205|Reflect\n|move|p1a: Indeedee|Heal Pulse|p1b: Orthworm\n|-fail|p1b: Orthworm|heal\n|cant|p1b: Orthworm|slp\n|move|p2b: AMOGUS|Spore|p1a: Indeedee\n|-status|p1a: Indeedee|slp|[from] move: Spore\n|\n|upkeep\n|turn|4\n|\n|t:|1683060038\n|switch|p2a: Luz|Chi-Yu, L50|100\/100\n|-ability|p2a: Luz|Beads of Ruin\n|cant|p1a: Indeedee|slp\n|move|p2b: AMOGUS|Rage Powder|p2b: AMOGUS\n|-singleturn|p2b: AMOGUS|move: Rage Powder\n|-curestatus|p1b: Orthworm|slp|[msg]\n|move|p1b: Orthworm|Shed Tail|p1b: Orthworm\n|-start|p1b: Orthworm|Substitute|[from] move: Shed Tail\n|-damage|p1b: Orthworm|50\/100\n|\n|t:|1683060052\n|switch|p1b: Hydreigon|Hydreigon, L50, F|100\/100|[from] Shed Tail\n|\n|upkeep\n|turn|5\n|\n|t:|1683060066\n|cant|p1a: Indeedee|slp\n|move|p2b: AMOGUS|Rage Powder|p2b: AMOGUS\n|-singleturn|p2b: AMOGUS|move: Rage Powder\n|move|p1b: Hydreigon|Focus Energy|p1b: Hydreigon\n|-start|p1b: Hydreigon|move: Focus Energy\n|move|p2a: Luz|Nasty Plot|p2a: Luz\n|-boost|p2a: Luz|spa|2\n|\n|upkeep\n|turn|6\n|\n|t:|1683060112\n|switch|p1a: Garchomp|Garchomp, L50, M|100\/100\n|move|p2b: AMOGUS|Rage Powder|p2b: AMOGUS\n|-singleturn|p2b: AMOGUS|move: Rage Powder\n|move|p1b: Hydreigon|Draco Meteor|p2b: AMOGUS\n|-crit|p2b: AMOGUS\n|-damage|p2b: AMOGUS|0 fnt\n|-unboost|p1b: Hydreigon|spa|2\n|faint|p2b: AMOGUS\n|move|p2a: Luz|Nasty Plot|p2a: Luz\n|-boost|p2a: Luz|spa|2\n|\n|upkeep\n|\n|t:|1683060123\n|switch|p2b: Miko|Flutter Mane, L50|100\/100\n|-enditem|p2b: Miko|Booster Energy\n|-activate|p2b: Miko|ability: Protosynthesis|[fromitem]\n|-start|p2b: Miko|protosynthesisspa\n|turn|7\n|\n|t:|1683060167\n|-terastallize|p1a: Garchomp|Steel\n|move|p2b: Miko|Protect|p2b: Miko\n|-singleturn|p2b: Miko|Protect\n|move|p2a: Luz|Protect|p2a: Luz\n|-singleturn|p2a: Luz|Protect\n|move|p1a: Garchomp|Earthquake|p2b: Miko|[spread] \n|-activate|p2a: Luz|move: Protect\n|-activate|p2b: Miko|move: Protect\n|-immune|p1b: Hydreigon|[from] ability: Levitate\n|move|p1b: Hydreigon|Tailwind|p1b: Hydreigon\n|-sidestart|p1: isbruhREMASTERED|move: Tailwind\n|\n|upkeep\n|turn|8\n|\n|t:|1683060197\n|move|p1a: Garchomp|Swords Dance|p1a: Garchomp\n|-boost|p1a: Garchomp|atk|2\n|move|p1b: Hydreigon|Draco Meteor|p2a: Luz\n|-crit|p2a: Luz\n|-damage|p2a: Luz|6\/100\n|-unboost|p1b: Hydreigon|spa|2\n|move|p2b: Miko|Mystical Fire|p1a: Garchomp\n|-supereffective|p1a: Garchomp\n|-damage|p1a: Garchomp|0 fnt\n|faint|p1a: Garchomp\n|move|p2a: Luz|Heat Wave|p1b: Hydreigon\n|-resisted|p1b: Hydreigon\n|-end|p1b: Hydreigon|Substitute\n|-damage|p2a: Luz|0 fnt|[from] item: Life Orb\n|faint|p2a: Luz\n|\n|upkeep\n|\n|t:|1683060213\n|switch|p1a: Orthworm|Orthworm, L50, M|50\/100\n|switch|p2a: Krompus|Grimmsnarl, L50, M|100\/100\n|turn|9\n|\n|t:|1683060272\n|move|p2a: Krompus|Fake Out|p1b: Hydreigon\n|-damage|p1b: Hydreigon|84\/100\n|cant|p1b: Hydreigon|flinch\n|move|p2b: Miko|Moonblast|p1b: Hydreigon\n|-supereffective|p1b: Hydreigon\n|-damage|p1b: Hydreigon|0 fnt\n|faint|p1b: Hydreigon\n|move|p1a: Orthworm|Metal Burst||[still]\n|-fail|p1a: Orthworm\n|\n|-sideend|p2: carlospe1205|move: Light Screen\n|upkeep\n|\n|t:|1683060280\n|switch|p1b: Indeedee|Indeedee-F, L50, F|87\/100 slp\n|turn|10\n|\n|t:|1683060314\n|move|p2a: Krompus|Light Screen|p2a: Krompus\n|-sidestart|p2: carlospe1205|move: Light Screen\n|-curestatus|p1b: Indeedee|slp|[msg]\n|move|p1b: Indeedee|Heal Pulse|p1a: Orthworm\n|-heal|p1a: Orthworm|100\/100\n|move|p2b: Miko|Moonblast|p1b: Indeedee\n|-crit|p1b: Indeedee\n|-damage|p1b: Indeedee|0 fnt\n|faint|p1b: Indeedee\n|move|p1a: Orthworm|Metal Burst||[still]\n|-fail|p1a: Orthworm\n|\n|-sideend|p2: carlospe1205|Reflect\n|-sideend|p1: isbruhREMASTERED|move: Tailwind\n|upkeep\n|turn|11\n|\n|t:|1683060332\n|move|p2b: Miko|Protect|p2b: Miko\n|-singleturn|p2b: Miko|Protect\n|move|p2a: Krompus|Reflect|p2a: Krompus\n|-sidestart|p2: carlospe1205|Reflect\n|move|p1a: Orthworm|Metal Burst||[still]\n|-fail|p1a: Orthworm\n|\n|upkeep\n|turn|12\n|\n|t:|1683060343\n|move|p2b: Miko|Mystical Fire|p1a: Orthworm\n|-supereffective|p1a: Orthworm\n|-damage|p1a: Orthworm|0 fnt\n|faint|p1a: Orthworm\n|\n|win|carlospe1205\n|raw|isbruhREMASTERED's rating: 1047 → 1031<\/strong> (-16 for losing)\n|raw|carlospe1205's rating: 1073 → 1100<\/strong> (+27 for winning)\n|l|\u2606isbruhREMASTERED\n","uploadtime":1683060355,"views":6,"p1id":"isbruhremastered","p2id":"carlospe1205","formatid":"gen9vgc2023regulationc","rating":1031,"private":0,"password":""}