{"id":"gen9vgc2023regulationc-1848918039","p1":"pls be kind to me","p2":"vicburgos","format":"[Gen 9] VGC 2023 Regulation C","log":"|j|\u2606pls be kind to me\n|j|\u2606vicburgos\n|t:|1682125985\n|gametype|doubles\n|player|p1|pls be kind to me|flannery|1301\n|player|p2|vicburgos|170|1377\n|teamsize|p1|6\n|teamsize|p2|6\n|gen|9\n|tier|[Gen 9] VGC 2023 Regulation C\n|rated|\n|rule|Species Clause: Limit one of each Pok\u00e9mon\n|rule|Item Clause: Limit one of each item\n|clearpoke\n|poke|p1|Chi-Yu, L50|\n|poke|p1|Flutter Mane, L50|\n|poke|p1|Scream Tail, L50|\n|poke|p1|Corviknight, L50, F|\n|poke|p1|Baxcalibur, L50, F|\n|poke|p1|Rotom-Wash, L50|\n|poke|p2|Grimmsnarl, L50, M|\n|poke|p2|Vaporeon, L50, M|\n|poke|p2|Goodra, L50, M|\n|poke|p2|Indeedee-F, L50, F|\n|poke|p2|Chi-Yu, L50|\n|poke|p2|Annihilape, L50, F|\n|teampreview|4\npls be kind to me has agreed to open team sheets.\nvicburgos has agreed to open team sheets.\n|inactive|Battle timer is ON: inactive players will automatically lose when time's up. (requested by vicburgos)\n|\n|t:|1682126145\n|start\n|switch|p1a: Scream Tail|Scream Tail, L50, shiny|100\/100\n|switch|p1b: Rotom|Rotom-Wash, L50, shiny|100\/100\n|switch|p2a: Grimmsnarl|Grimmsnarl, L50, M|100\/100\n|switch|p2b: Vaporeon|Vaporeon, L50, M|100\/100\n|-enditem|p1a: Scream Tail|Booster Energy\n|-activate|p1a: Scream Tail|ability: Protosynthesis|[fromitem]\n|-start|p1a: Scream Tail|protosynthesisspe\n|turn|1\n|inactive|pls be kind to me has 30 seconds left.\n|\n|t:|1682126180\n|move|p2b: Vaporeon|Protect|p2b: Vaporeon\n|-singleturn|p2b: Vaporeon|Protect\n|move|p2a: Grimmsnarl|Reflect|p2a: Grimmsnarl\n|-sidestart|p2: vicburgos|Reflect\n|move|p1a: Scream Tail|Encore|p2a: Grimmsnarl\n|-start|p2a: Grimmsnarl|Encore\n|move|p1b: Rotom|Nasty Plot|p1b: Rotom\n|-boost|p1b: Rotom|spa|2\n|\n|upkeep\n|turn|2\n|inactive|vicburgos has 30 seconds left.\n|\n|t:|1682126210\n|switch|p2a: Goodra|Goodra, L50, M|100\/100\n|move|p1a: Scream Tail|Encore|p2b: Vaporeon\n|-start|p2b: Vaporeon|Encore\n|move|p1b: Rotom|Nasty Plot|p1b: Rotom\n|-boost|p1b: Rotom|spa|2\n|move|p2b: Vaporeon|Protect||[still]\n|-fail|p2b: Vaporeon\n|\n|upkeep\n|turn|3\n|inactive|pls be kind to me has 30 seconds left.\n|inactive|pls be kind to me has 20 seconds left.\n|inactive|pls be kind to me has 15 seconds left.\n|\n|t:|1682126254\n|switch|p2b: Grimmsnarl|Grimmsnarl, L50, M|100\/100\n|move|p1a: Scream Tail|Play Rough|p2a: Goodra\n|-supereffective|p2a: Goodra\n|-damage|p2a: Goodra|78\/100\n|move|p1b: Rotom|Thunderbolt|p2a: Goodra\n|-resisted|p2a: Goodra\n|-damage|p2a: Goodra|45\/100\n|move|p2a: Goodra|Sludge Bomb|p1b: Rotom\n|-damage|p1b: Rotom|78\/100\n|\n|upkeep\n|turn|4\n|\n|t:|1682126276\n|move|p1a: Scream Tail|Disable|p2a: Goodra\n|-start|p2a: Goodra|Disable|Sludge Bomb\n|move|p1b: Rotom|Thunderbolt|p2b: Grimmsnarl\n|-damage|p2b: Grimmsnarl|0 fnt\n|faint|p2b: Grimmsnarl\n|move|p2a: Goodra|Life Dew|p2a: Goodra\n|-heal|p2a: Goodra|70\/100\n|\n|upkeep\n|\n|t:|1682126285\n|switch|p2b: Vaporeon|Vaporeon, L50, M|100\/100\n|turn|5\n|inactive|pls be kind to me has 30 seconds left.\n|\n|t:|1682126311\n|-end|p1a: Scream Tail|Protosynthesis|[silent]\n|switch|p1a: Baxcalibur|Baxcalibur, L50, F|100\/100\n|-terastallize|p2b: Vaporeon|Grass\n|move|p1b: Rotom|Nasty Plot|p1b: Rotom\n|-boost|p1b: Rotom|spa|2\n|move|p2a: Goodra|Life Dew|p2a: Goodra|[spread] p2a\n|-immune|p2b: Vaporeon|[from] ability: Water Absorb\n|-heal|p2a: Goodra|95\/100\n|move|p2b: Vaporeon|Haze|p2b: Vaporeon\n|-clearallboost\n|\n|upkeep\n|turn|6\n|inactive|vicburgos has 30 seconds left.\n|\n|t:|1682126341\n|switch|p2a: Annihilape|Annihilape, L50, F|100\/100\n|move|p1a: Baxcalibur|Icicle Spear|p2b: Vaporeon\n|-supereffective|p2b: Vaporeon\n|-damage|p2b: Vaporeon|85\/100\n|-supereffective|p2b: Vaporeon\n|-crit|p2b: Vaporeon\n|-damage|p2b: Vaporeon|44\/100\n|-supereffective|p2b: Vaporeon\n|-damage|p2b: Vaporeon|27\/100\n|-supereffective|p2b: Vaporeon\n|-damage|p2b: Vaporeon|11\/100\n|-supereffective|p2b: Vaporeon\n|-damage|p2b: Vaporeon|0 fnt\n|faint|p2b: Vaporeon\n|-hitcount|p2: Vaporeon|5\n|move|p1b: Rotom|Nasty Plot|p1b: Rotom\n|-boost|p1b: Rotom|spa|2\n|\n|upkeep\n|\n|t:|1682126354\n|switch|p2b: Goodra|Goodra, L50, M|95\/100\n|turn|7\n|inactive|pls be kind to me has 30 seconds left.\n|\n|t:|1682126379\n|move|p1a: Baxcalibur|Protect|p1a: Baxcalibur\n|-singleturn|p1a: Baxcalibur|Protect\n|move|p1b: Rotom|Will-O-Wisp|p2a: Annihilape\n|-status|p2a: Annihilape|brn\n|move|p2b: Goodra|Life Dew||[still]|[spread] p2a,p2b\n|-fail|p2a: Annihilape|heal\n|-heal|p2b: Goodra|100\/100\n|move|p2a: Annihilape|Bulk Up|p2a: Annihilape\n|-boost|p2a: Annihilape|atk|1\n|-boost|p2a: Annihilape|def|1\n|\n|-damage|p2a: Annihilape|95\/100 brn|[from] brn\n|upkeep\n|turn|8\n|\n|t:|1682126400\n|move|p1a: Baxcalibur|Icicle Spear|p2b: Goodra\n|-supereffective|p2b: Goodra\n|-damage|p2b: Goodra|82\/100\n|-supereffective|p2b: Goodra\n|-damage|p2b: Goodra|66\/100\n|-supereffective|p2b: Goodra\n|-damage|p2b: Goodra|48\/100\n|-supereffective|p2b: Goodra\n|-damage|p2b: Goodra|31\/100\n|-supereffective|p2b: Goodra\n|-damage|p2b: Goodra|14\/100\n|-enditem|p2b: Goodra|Aguav Berry|[eat]\n|-heal|p2b: Goodra|47\/100|[from] item: Aguav Berry\n|-hitcount|p2b: Goodra|5\n|move|p1b: Rotom|Will-O-Wisp|p2b: Goodra\n|-status|p2b: Goodra|brn\n|move|p2b: Goodra|Life Dew|p2b: Goodra|[spread] p2a,p2b\n|-heal|p2a: Annihilape|100\/100 brn\n|-heal|p2b: Goodra|72\/100 brn\n|move|p2a: Annihilape|Bulk Up|p2a: Annihilape\n|-boost|p2a: Annihilape|atk|1\n|-boost|p2a: Annihilape|def|1\n|\n|-damage|p2b: Goodra|66\/100 brn|[from] brn\n|-damage|p2a: Annihilape|95\/100 brn|[from] brn\n|-sideend|p2: vicburgos|Reflect\n|upkeep\n|turn|9\n|inactive|pls be kind to me has 30 seconds left.\n|inactive|pls be kind to me has 20 seconds left.\n|\n|t:|1682126437\n|move|p2b: Goodra|Protect|p2b: Goodra\n|-singleturn|p2b: Goodra|Protect\n|move|p1a: Baxcalibur|Icicle Spear|p2b: Goodra\n|-activate|p2b: Goodra|move: Protect\n|move|p1b: Rotom|Thunderbolt|p2b: Goodra\n|-activate|p2b: Goodra|move: Protect\n|move|p2a: Annihilape|Bulk Up|p2a: Annihilape\n|-boost|p2a: Annihilape|atk|1\n|-boost|p2a: Annihilape|def|1\n|\n|-damage|p2b: Goodra|60\/100 brn|[from] brn\n|-damage|p2a: Annihilape|89\/100 brn|[from] brn\n|upkeep\n|turn|10\n|\n|t:|1682126446\n|move|p1a: Baxcalibur|Icicle Spear|p2b: Goodra\n|-supereffective|p2b: Goodra\n|-damage|p2b: Goodra|32\/100 brn\n|-supereffective|p2b: Goodra\n|-damage|p2b: Goodra|5\/100 brn\n|-supereffective|p2b: Goodra\n|-damage|p2b: Goodra|0 fnt\n|faint|p2b: Goodra\n|-hitcount|p2: Goodra|3\n|move|p1b: Rotom|Nasty Plot|p1b: Rotom\n|-boost|p1b: Rotom|spa|2\n|move|p2a: Annihilape|Drain Punch|p1a: Baxcalibur\n|-supereffective|p1a: Baxcalibur\n|-damage|p1a: Baxcalibur|30\/100\n|-heal|p2a: Annihilape|100\/100 brn|[from] drain|[of] p1a: Baxcalibur\n|\n|-damage|p2a: Annihilape|95\/100 brn|[from] brn\n|upkeep\n|turn|11\n|\n|t:|1682126457\n|move|p1a: Baxcalibur|Protect|p1a: Baxcalibur\n|-singleturn|p1a: Baxcalibur|Protect\n|move|p1b: Rotom|Hydro Pump|p2a: Annihilape\n|-damage|p2a: Annihilape|19\/100 brn\n|-enditem|p2a: Annihilape|Figy Berry|[eat]\n|-heal|p2a: Annihilape|53\/100 brn|[from] item: Figy Berry\n|move|p2a: Annihilape|Rage Fist|p1b: Rotom\n|-damage|p1b: Rotom|37\/100\n|-enditem|p1b: Rotom|Sitrus Berry|[eat]\n|-heal|p1b: Rotom|62\/100|[from] item: Sitrus Berry\n|\n|-damage|p2a: Annihilape|47\/100 brn|[from] brn\n|upkeep\n|turn|12\n|-message|vicburgos forfeited.\n|\n|win|pls be kind to me\n|raw|pls be kind to me's rating: 1301 → 1325<\/strong> (+24 for winning)\n|raw|vicburgos's rating: 1377 → 1353<\/strong> (-24 for losing)\n|l|\u2606vicburgos\n","uploadtime":1682126473,"views":8,"p1id":"plsbekindtome","p2id":"vicburgos","formatid":"gen9vgc2023regulationc","rating":1325,"private":0,"password":""}