{"id":"gen9vgc2023regulationc-1845909413","p1":"jackon17","p2":"Keveloper","format":"[Gen 9] VGC 2023 Regulation C","log":"|j|\u2606jackon17\n|j|\u2606Keveloper\n|t:|1681778128\n|gametype|doubles\n|player|p1|jackon17|102|1434\n|player|p2|Keveloper|lucas|1511\n|teamsize|p1|6\n|teamsize|p2|6\n|gen|9\n|tier|[Gen 9] VGC 2023 Regulation C\n|rated|\n|rule|Species Clause: Limit one of each Pok\u00e9mon\n|rule|Item Clause: Limit one of each item\n|clearpoke\n|poke|p1|Murkrow, L50, F|\n|poke|p1|Great Tusk, L50|\n|poke|p1|Flutter Mane, L50|\n|poke|p1|Chi-Yu, L50|\n|poke|p1|Amoonguss, L50, F|\n|poke|p1|Gyarados, L50, F|\n|poke|p2|Orthworm, L50, F|\n|poke|p2|Dragonite, L50, F|\n|poke|p2|Ting-Lu, L50|\n|poke|p2|Gyarados, L50, F|\n|poke|p2|Flutter Mane, L50|\n|poke|p2|Chien-Pao, L50|\n|teampreview|4\n|inactive|Battle timer is ON: inactive players will automatically lose when time's up. (requested by jackon17)\n|inactive|Keveloper has 60 seconds left.\n|\n|t:|1681778162\n|start\n|switch|p1a: Murkrow|Murkrow, L50, F|100\/100\n|switch|p1b: Great Tusk|Great Tusk, L50|100\/100\n|switch|p2a: Orthworm|Orthworm, L50, F|100\/100\n|switch|p2b: Gyarados|Gyarados, L50, F|100\/100\n|-ability|p2b: Gyarados|Intimidate|boost\n|-unboost|p1a: Murkrow|atk|1\n|-unboost|p1b: Great Tusk|atk|1\n|turn|1\n|inactive|Keveloper has 30 seconds left.\n|\n|t:|1681778195\n|-terastallize|p2a: Orthworm|Fire\n|move|p1a: Murkrow|Haze|p1a: Murkrow\n|-clearallboost\n|move|p1b: Great Tusk|Close Combat|p2a: Orthworm\n|-damage|p2a: Orthworm|44\/100\n|-unboost|p1b: Great Tusk|def|1\n|-unboost|p1b: Great Tusk|spd|1\n|-enditem|p2a: Orthworm|Sitrus Berry|[eat]\n|-heal|p2a: Orthworm|69\/100|[from] item: Sitrus Berry\n|-damage|p1b: Great Tusk|91\/100|[from] item: Life Orb\n|move|p2b: Gyarados|Taunt|p1a: Murkrow\n|-start|p1a: Murkrow|move: Taunt\n|move|p2a: Orthworm|Shed Tail|p2a: Orthworm\n|-start|p2a: Orthworm|Substitute|[from] move: Shed Tail\n|-damage|p2a: Orthworm|19\/100\n|\n|t:|1681778208\n|switch|p2a: Dragonite|Dragonite, L50, F|100\/100|[from] Shed Tail\n|\n|upkeep\n|turn|2\n|\n|t:|1681778223\n|switch|p1a: Flutter Mane|Flutter Mane, L50|100\/100\n|move|p2a: Dragonite|Dragon Dance|p2a: Dragonite\n|-boost|p2a: Dragonite|atk|1\n|-boost|p2a: Dragonite|spe|1\n|move|p1b: Great Tusk|Close Combat|p2b: Gyarados\n|-resisted|p2b: Gyarados\n|-damage|p2b: Gyarados|55\/100\n|-unboost|p1b: Great Tusk|def|1\n|-unboost|p1b: Great Tusk|spd|1\n|-damage|p1b: Great Tusk|81\/100|[from] item: Life Orb\n|move|p2b: Gyarados|Waterfall|p1b: Great Tusk\n|-supereffective|p1b: Great Tusk\n|-damage|p1b: Great Tusk|0 fnt\n|faint|p1b: Great Tusk\n|-end|p1b: Great Tusk|Protosynthesis|[silent]\n|\n|upkeep\n|\n|t:|1681778232\n|switch|p1b: Murkrow|Murkrow, L50, F|100\/100\n|turn|3\n|\n|t:|1681778250\n|switch|p2b: Orthworm|Orthworm, L50, F, tera:Fire|19\/100\n|move|p1b: Murkrow|Haze|p1b: Murkrow\n|-clearallboost\n|move|p1a: Flutter Mane|Dazzling Gleam|p2b: Orthworm|[spread] p2a,p2b\n|-supereffective|p2a: Dragonite\n|-end|p2a: Dragonite|Substitute\n|-resisted|p2b: Orthworm\n|-damage|p2b: Orthworm|0 fnt\n|faint|p2b: Orthworm\n|move|p2a: Dragonite|Earthquake|p1b: Murkrow|[spread] p1a\n|-immune|p1b: Murkrow\n|-damage|p1a: Flutter Mane|58\/100\n|\n|upkeep\n|\n|t:|1681778262\n|switch|p2b: Ting-Lu|Ting-Lu, L50|100\/100\n|-ability|p2b: Ting-Lu|Vessel of Ruin\n|turn|4\n|inactive|Keveloper has 30 seconds left.\n|\n|t:|1681778291\n|-end|p1a: Flutter Mane|Protosynthesis|[silent]\n|switch|p1a: Gyarados|Gyarados, L50, F, shiny|100\/100\n|-ability|p1a: Gyarados|Intimidate|boost\n|-unboost|p2a: Dragonite|atk|1\n|-unboost|p2b: Ting-Lu|atk|1\n|move|p2a: Dragonite|Earthquake|p1b: Murkrow|[spread] p2b\n|-immune|p1a: Gyarados\n|-immune|p1b: Murkrow\n|-damage|p2b: Ting-Lu|89\/100\n|move|p1b: Murkrow|Brave Bird|p2a: Dragonite\n|-damage|p2a: Dragonite|84\/100\n|-damage|p1b: Murkrow|95\/100|[from] Recoil\n|move|p2b: Ting-Lu|Rock Slide|p1b: Murkrow|[spread] p1a,p1b\n|-supereffective|p1a: Gyarados\n|-supereffective|p1b: Murkrow\n|-damage|p1a: Gyarados|65\/100\n|-damage|p1b: Murkrow|65\/100\n|\n|upkeep\n|turn|5\n|inactive|jackon17 has 30 seconds left.\n|\n|t:|1681778320\n|switch|p2a: Gyarados|Gyarados, L50, F|55\/100\n|-ability|p2a: Gyarados|Intimidate|boost\n|-unboost|p1a: Gyarados|atk|1\n|-unboost|p1b: Murkrow|atk|1\n|move|p1b: Murkrow|Tailwind|p1b: Murkrow\n|-sidestart|p1: jackon17|move: Tailwind\n|move|p1a: Gyarados|Waterfall|p2b: Ting-Lu\n|-supereffective|p2b: Ting-Lu\n|-damage|p2b: Ting-Lu|52\/100\n|move|p2b: Ting-Lu|Rock Slide|p1b: Murkrow|[spread] p1a\n|-miss|p2b: Ting-Lu|p1b: Murkrow\n|-supereffective|p1a: Gyarados\n|-damage|p1a: Gyarados|27\/100\n|\n|upkeep\n|turn|6\n|\n|t:|1681778339\n|switch|p2b: Dragonite|Dragonite, L50, F|84\/100\n|move|p1b: Murkrow|Sunny Day|p1b: Murkrow\n|-weather|SunnyDay\n|move|p1a: Gyarados|Thunder Wave|p2a: Gyarados\n|-status|p2a: Gyarados|par\n|move|p2a: Gyarados|Thunder Wave|p1a: Gyarados\n|-status|p1a: Gyarados|par\n|\n|-weather|SunnyDay|[upkeep]\n|upkeep\n|turn|7\n|inactive|jackon17 has 30 seconds left.\n|inactive|Keveloper has 30 seconds left.\n|inactive|Keveloper has 20 seconds left.\n|\n|t:|1681778382\n|move|p1b: Murkrow|Brave Bird|p2b: Dragonite\n|-damage|p2b: Dragonite|61\/100\n|-damage|p1b: Murkrow|57\/100|[from] Recoil\n|move|p2b: Dragonite|Dragon Dance|p2b: Dragonite\n|-boost|p2b: Dragonite|atk|1\n|-boost|p2b: Dragonite|spe|1\n|move|p1a: Gyarados|Taunt|p2b: Dragonite\n|-start|p2b: Dragonite|move: Taunt\n|move|p2a: Gyarados|Thunder Wave|p1a: Gyarados\n|-fail|p1a: Gyarados|par\n|\n|-weather|SunnyDay|[upkeep]\n|upkeep\n|turn|8\n|\n|t:|1681778401\n|switch|p1a: Flutter Mane|Flutter Mane, L50|58\/100\n|-activate|p1a: Flutter Mane|ability: Protosynthesis\n|-start|p1a: Flutter Mane|protosynthesisspa\n|move|p2b: Dragonite|Extreme Speed|p1a: Flutter Mane\n|-immune|p1a: Flutter Mane\n|move|p1b: Murkrow|Haze|p1b: Murkrow\n|-clearallboost\n|cant|p2a: Gyarados|par\n|\n|-weather|SunnyDay|[upkeep]\n|-sideend|p1: jackon17|move: Tailwind\n|upkeep\n|turn|9\n|inactive|Keveloper has 30 seconds left.\n|\n|t:|1681778433\n|switch|p2a: Ting-Lu|Ting-Lu, L50|52\/100\n|-ability|p2a: Ting-Lu|Vessel of Ruin\n|move|p1a: Flutter Mane|Dazzling Gleam|p2b: Dragonite|[spread] p2a,p2b\n|-supereffective|p2a: Ting-Lu\n|-supereffective|p2b: Dragonite\n|-damage|p2a: Ting-Lu|0 fnt\n|-damage|p2b: Dragonite|0 fnt\n|faint|p2a: Ting-Lu\n|faint|p2b: Dragonite\n|move|p1b: Murkrow|Brave Bird|p2: Ting-Lu|[notarget]\n|-fail|p1b: Murkrow\n|\n|-weather|SunnyDay|[upkeep]\n|upkeep\n|\n|t:|1681778442\n|switch|p2b: Gyarados|Gyarados, L50, F|55\/100 par\n|-ability|p2b: Gyarados|Intimidate|boost\n|-unboost|p1a: Flutter Mane|atk|1\n|-unboost|p1b: Murkrow|atk|1\n|turn|10\n|\n|t:|1681778454\n|move|p1a: Flutter Mane|Dazzling Gleam|p2b: Gyarados\n|-damage|p2b: Gyarados|0 fnt\n|faint|p2b: Gyarados\n|\n|win|jackon17\n|raw|jackon17's rating: 1434 → 1458<\/strong> (+24 for winning)\n|raw|Keveloper's rating: 1511 → 1487<\/strong> (-24 for losing)\n","uploadtime":1681778459,"views":6,"p1id":"jackon17","p2id":"keveloper","formatid":"gen9vgc2023regulationc","rating":1458,"private":0,"password":""}