{"id":"gen9vgc2023regulationc-1863311077","p1":"nigelthedog","p2":"R2VGC","format":"[Gen 9] VGC 2023 Regulation C","log":"|j|\u2606nigelthedog\n|j|\u2606R2VGC\n|t:|1684000998\n|gametype|doubles\n|player|p1|nigelthedog|2|1285\n|player|p2|R2VGC|102|1251\n|teamsize|p1|6\n|teamsize|p2|6\n|gen|9\n|tier|[Gen 9] VGC 2023 Regulation C\n|rated|\n|rule|Species Clause: Limit one of each Pok\u00e9mon\n|rule|Item Clause: Limit one of each item\n|clearpoke\n|poke|p1|Flutter Mane, L50|\n|poke|p1|Palafin, L50, F|\n|poke|p1|Dragonite, L50, F|\n|poke|p1|Iron Bundle, L50|\n|poke|p1|Glimmora, L50, M|\n|poke|p1|Chien-Pao, L50|\n|poke|p2|Amoonguss, L50, F|\n|poke|p2|Arcanine, L50, F|\n|poke|p2|Flutter Mane, L50|\n|poke|p2|Kingambit, L50, M|\n|poke|p2|Palafin, L50, F|\n|poke|p2|Baxcalibur, L50, F|\n|teampreview|4\nR2VGC has agreed to open team sheets.\nnigelthedog has agreed to open team sheets.\n|\n|t:|1684001053\n|start\n|switch|p1a: Glimmora|Glimmora, L50, M|100\/100\n|switch|p1b: Palafin|Palafin, L50, F|100\/100\n|switch|p2a: Flutter Mane|Flutter Mane, L50|100\/100\n|switch|p2b: Palafin|Palafin, L50, F|100\/100\n|-enditem|p2a: Flutter Mane|Booster Energy\n|-activate|p2a: Flutter Mane|ability: Protosynthesis|[fromitem]\n|-start|p2a: Flutter Mane|protosynthesisspe\n|turn|1\n|\n|t:|1684001091\n|detailschange|p2b: Palafin|Palafin-Hero, L50, F\n|switch|p2b: Kingambit|Kingambit, L50, M|100\/100\n|move|p1b: Palafin|Protect|p1b: Palafin\n|-singleturn|p1b: Palafin|Protect\n|move|p2a: Flutter Mane|Shadow Ball|p1a: Glimmora\n|-damage|p1a: Glimmora|55\/100\n|move|p1a: Glimmora|Mortal Spin|p2a: Flutter Mane|[spread] p2a\n|-immune|p2b: Kingambit\n|-damage|p2a: Flutter Mane|89\/100\n|-status|p2a: Flutter Mane|psn\n|\n|-damage|p2a: Flutter Mane|77\/100 psn|[from] psn\n|upkeep\n|turn|2\n|\n|t:|1684001129\n|detailschange|p1b: Palafin|Palafin-Hero, L50, F\n|switch|p1b: Dragonite|Dragonite, L50, F|100\/100\n|-terastallize|p2b: Kingambit|Dark\n|move|p2a: Flutter Mane|Icy Wind|p1b: Dragonite|[spread] p1a,p1b\n|-supereffective|p1b: Dragonite\n|-damage|p1a: Glimmora|40\/100\n|-damage|p1b: Dragonite|73\/100\n|-unboost|p1a: Glimmora|spe|1\n|-unboost|p1b: Dragonite|spe|1\n|move|p1a: Glimmora|Earth Power|p2b: Kingambit\n|-damage|p2b: Kingambit|70\/100\n|move|p2b: Kingambit|Assurance|p1a: Glimmora\n|-damage|p1a: Glimmora|0 fnt\n|-activate|p1a: Glimmora|ability: Toxic Debris\n|-sidestart|p2: R2VGC|move: Toxic Spikes\n|faint|p1a: Glimmora\n|\n|-damage|p2a: Flutter Mane|65\/100 psn|[from] psn\n|upkeep\n|\n|t:|1684001142\n|switch|p1a: Palafin|Palafin-Hero, L50, F|100\/100\n|-activate|p1a: Palafin|ability: Zero to Hero\n|turn|3\n|\n|t:|1684001186\n|switch|p1b: Chien-Pao|Chien-Pao, L50|100\/100\n|-ability|p1b: Chien-Pao|Sword of Ruin\n|move|p1a: Palafin|Jet Punch|p2a: Flutter Mane\n|-damage|p2a: Flutter Mane|0 fnt\n|faint|p2a: Flutter Mane\n|-end|p2a: Flutter Mane|Protosynthesis|[silent]\n|move|p2b: Kingambit|Assurance|p1a: Palafin\n|-damage|p1a: Palafin|27\/100\n|\n|upkeep\n|\n|t:|1684001198\n|switch|p2a: Baxcalibur|Baxcalibur, L50, F|100\/100\n|-status|p2a: Baxcalibur|psn\n|turn|4\n|\n|t:|1684001238\n|move|p2b: Kingambit|Protect|p2b: Kingambit\n|-singleturn|p2b: Kingambit|Protect\n|move|p1b: Chien-Pao|Sacred Sword|p2a: Baxcalibur\n|-supereffective|p2a: Baxcalibur\n|-damage|p2a: Baxcalibur|11\/100 psn\n|-damage|p1b: Chien-Pao|91\/100|[from] item: Life Orb\n|move|p1a: Palafin|Wave Crash|p2b: Kingambit\n|-activate|p2b: Kingambit|move: Protect\n|move|p2a: Baxcalibur|Breaking Swipe|p1b: Chien-Pao|[spread] p1a,p1b\n|-damage|p1a: Palafin|0 fnt\n|-damage|p1b: Chien-Pao|55\/100\n|-unboost|p1b: Chien-Pao|atk|1\n|faint|p1a: Palafin\n|\n|-damage|p2a: Baxcalibur|0 fnt|[from] psn\n|faint|p2a: Baxcalibur\n|upkeep\n|\n|t:|1684001255\n|switch|p1a: Dragonite|Dragonite, L50, F|73\/100\n|switch|p2a: Palafin|Palafin-Hero, L50, F|100\/100\n|-status|p2a: Palafin|psn\n|-activate|p2a: Palafin|ability: Zero to Hero\n|turn|5\n|\n|t:|1684001286\n|-terastallize|p1a: Dragonite|Normal\n|move|p1a: Dragonite|Extreme Speed|p2b: Kingambit\n|-damage|p2b: Kingambit|0 fnt\n|faint|p2b: Kingambit\n|move|p2a: Palafin|Jet Punch|p1b: Chien-Pao\n|-damage|p1b: Chien-Pao|0 fnt\n|faint|p1b: Chien-Pao\n|\n|-damage|p2a: Palafin|88\/100 psn|[from] psn\n|upkeep\n|turn|6\n|\n|t:|1684001297\n|move|p1a: Dragonite|Extreme Speed|p2a: Palafin\n|-damage|p2a: Palafin|30\/100 psn\n|move|p2a: Palafin|Jet Punch|p1a: Dragonite\n|-damage|p1a: Dragonite|28\/100\n|\n|-damage|p2a: Palafin|18\/100 psn|[from] psn\n|upkeep\n|turn|7\n|\n|t:|1684001306\n|move|p1a: Dragonite|Extreme Speed|p2a: Palafin\n|-damage|p2a: Palafin|0 fnt\n|faint|p2a: Palafin\n|\n|win|nigelthedog\n|raw|nigelthedog's rating: 1285 → 1308<\/strong> (+23 for winning)\n|raw|R2VGC's rating: 1251 → 1228<\/strong> (-23 for losing)\n|l|\u2606nigelthedog\n","uploadtime":1684001313,"views":9,"p1id":"nigelthedog","p2id":"r2vgc","formatid":"gen9vgc2023regulationc","rating":1228,"private":0,"password":""}