{"id":"gen9vgc2023regulationc-1846658616","p1":"vivian20","p2":"MegaMachado","format":"[Gen 9] VGC 2023 Regulation C","log":"|j|\u2606vivian20\n|j|\u2606MegaMachado\n|t:|1681862561\n|gametype|doubles\n|player|p1|vivian20|1|\n|player|p2|MegaMachado|blackbelt-gen4dp|\n|teamsize|p1|6\n|teamsize|p2|6\n|gen|9\n|tier|[Gen 9] VGC 2023 Regulation C\n|rule|Species Clause: Limit one of each Pok\u00e9mon\n|rule|Item Clause: Limit one of each item\n|clearpoke\n|poke|p1|Glimmora, L50, M|\n|poke|p1|Flutter Mane, L50|\n|poke|p1|Tatsugiri, L50, M|\n|poke|p1|Dondozo, L50, M|\n|poke|p1|Arcanine, L50, F|\n|poke|p1|Wo-Chien, L50|\n|poke|p2|Palafin, L50, M|\n|poke|p2|Flutter Mane, L50|\n|poke|p2|Arcanine, L50, M|\n|poke|p2|Ting-Lu, L50|\n|poke|p2|Amoonguss, L50, F|\n|poke|p2|Kingambit, L50, M|\n|teampreview|4\nvivian20 has agreed to open team sheets.\nMegaMachado has agreed to open team sheets.\n|\n|t:|1681862639\n|start\n|switch|p1a: Glimmora|Glimmora, L50, M|100\/100\n|switch|p1b: Flutter Mane|Flutter Mane, L50|100\/100\n|switch|p2a: Ting-Lu|Ting-Lu, L50|100\/100\n|switch|p2b: Palafin|Palafin, L50, M|100\/100\n|-ability|p2a: Ting-Lu|Vessel of Ruin\n|turn|1\n|\n|t:|1681862681\n|detailschange|p2b: Palafin|Palafin-Hero, L50, M\n|switch|p2b: Kingambit|Kingambit, L50, M|100\/100\n|switch|p1a: Wo-Chien|Wo-Chien, L50|100\/100\n|-ability|p1a: Wo-Chien|Tablets of Ruin\n|move|p1b: Flutter Mane|Moonblast|p2a: Ting-Lu\n|-supereffective|p2a: Ting-Lu\n|-damage|p2a: Ting-Lu|62\/100\n|-unboost|p2a: Ting-Lu|spa|1\n|move|p2a: Ting-Lu|Stomping Tantrum|p1a: Wo-Chien\n|-resisted|p1a: Wo-Chien\n|-damage|p1a: Wo-Chien|89\/100\n|\n|-heal|p1a: Wo-Chien|95\/100|[from] item: Leftovers\n|upkeep\n|turn|2\n|\n|t:|1681862722\n|move|p1b: Flutter Mane|Moonblast|p2a: Ting-Lu\n|-supereffective|p2a: Ting-Lu\n|-damage|p2a: Ting-Lu|24\/100\n|-unboost|p2a: Ting-Lu|spa|1\n|move|p1a: Wo-Chien|Leech Seed|p2b: Kingambit\n|-start|p2b: Kingambit|move: Leech Seed\n|move|p2a: Ting-Lu|Ruination|p1a: Wo-Chien\n|-damage|p1a: Wo-Chien|48\/100\n|move|p2b: Kingambit|Swords Dance|p2b: Kingambit\n|-boost|p2b: Kingambit|atk|2\n|\n|-heal|p1a: Wo-Chien|54\/100|[from] item: Leftovers\n|-damage|p2b: Kingambit|88\/100|[from] Leech Seed|[of] p1a: Wo-Chien\n|-heal|p1a: Wo-Chien|67\/100|[silent]\n|upkeep\n|turn|3\n|\n|t:|1681862755\n|switch|p2a: Arcanine|Arcanine, L50, M|100\/100\n|-ability|p2a: Arcanine|Intimidate|boost\n|-unboost|p1a: Wo-Chien|atk|1\n|-unboost|p1b: Flutter Mane|atk|1\n|move|p1a: Wo-Chien|Protect|p1a: Wo-Chien\n|-singleturn|p1a: Wo-Chien|Protect\n|move|p2b: Kingambit|Sucker Punch|p1b: Flutter Mane\n|-crit|p1b: Flutter Mane\n|-enditem|p1b: Flutter Mane|Focus Sash\n|-damage|p1b: Flutter Mane|1\/100\n|move|p1b: Flutter Mane|Moonblast|p2a: Arcanine\n|-resisted|p2a: Arcanine\n|-damage|p2a: Arcanine|75\/100\n|\n|-heal|p1a: Wo-Chien|73\/100|[from] item: Leftovers\n|-damage|p2b: Kingambit|76\/100|[from] Leech Seed|[of] p1a: Wo-Chien\n|-heal|p1a: Wo-Chien|86\/100|[silent]\n|upkeep\n|turn|4\n|\n|t:|1681862797\n|-end|p1b: Flutter Mane|Protosynthesis|[silent]\n|switch|p1b: Glimmora|Glimmora, L50, M|100\/100\n|switch|p2b: Ting-Lu|Ting-Lu, L50|24\/100\n|-ability|p2b: Ting-Lu|Vessel of Ruin\n|-terastallize|p1a: Wo-Chien|Poison\n|move|p2a: Arcanine|Flare Blitz|p1a: Wo-Chien\n|-damage|p1a: Wo-Chien|55\/100\n|-damage|p2a: Arcanine|64\/100|[from] Recoil\n|move|p1a: Wo-Chien|Leech Seed|p2a: Arcanine\n|-start|p2a: Arcanine|move: Leech Seed\n|\n|-heal|p1a: Wo-Chien|61\/100|[from] item: Leftovers\n|-damage|p2a: Arcanine|52\/100|[from] Leech Seed|[of] p1a: Wo-Chien\n|-heal|p1a: Wo-Chien|74\/100|[silent]\n|upkeep\n|turn|5\n|\n|t:|1681862832\n|switch|p2a: Kingambit|Kingambit, L50, M|76\/100\n|switch|p1a: Arcanine|Arcanine, L50, F|100\/100\n|-ability|p1a: Arcanine|Intimidate|boost\n|-unboost|p2a: Kingambit|atk|1\n|-ability|p2a: Kingambit|Defiant|boost\n|-boost|p2a: Kingambit|atk|2\n|-unboost|p2b: Ting-Lu|atk|1\n|move|p1b: Glimmora|Energy Ball|p2b: Ting-Lu\n|-supereffective|p2b: Ting-Lu\n|-damage|p2b: Ting-Lu|1\/100\n|move|p2b: Ting-Lu|Heavy Slam|p1b: Glimmora\n|-supereffective|p1b: Glimmora\n|-damage|p1b: Glimmora|51\/100\n|-activate|p1b: Glimmora|ability: Toxic Debris\n|-sidestart|p2: MegaMachado|move: Toxic Spikes\n|\n|upkeep\n|turn|6\n|\n|t:|1681862884\n|move|p2a: Kingambit|Sucker Punch|p1b: Glimmora\n|-damage|p1b: Glimmora|0 fnt\n|-activate|p1b: Glimmora|ability: Toxic Debris\n|-sidestart|p2: MegaMachado|move: Toxic Spikes\n|faint|p1b: Glimmora\n|move|p1a: Arcanine|Will-O-Wisp|p2a: Kingambit\n|-status|p2a: Kingambit|brn\n|move|p2b: Ting-Lu|Earthquake|p1a: Arcanine|[spread] p2a,p1a\n|-supereffective|p2a: Kingambit\n|-supereffective|p1a: Arcanine\n|-damage|p2a: Kingambit|36\/100 brn\n|-damage|p1a: Arcanine|50\/100\n|\n|-damage|p2a: Kingambit|30\/100 brn|[from] brn\n|upkeep\n|\n|t:|1681862902\n|switch|p1b: Wo-Chien|Wo-Chien, L50, tera:Poison|74\/100\n|-ability|p1b: Wo-Chien|Tablets of Ruin\n|turn|7\n|\n|t:|1681862925\n|move|p1a: Arcanine|Flare Blitz|p2b: Ting-Lu\n|-damage|p2b: Ting-Lu|0 fnt\n|faint|p2b: Ting-Lu\n|-damage|p1a: Arcanine|50\/100|[from] Recoil\n|move|p1b: Wo-Chien|Pollen Puff|p1a: Arcanine\n|-heal|p1a: Arcanine|99\/100\n|move|p2a: Kingambit|Kowtow Cleave|p1a: Arcanine\n|-damage|p1a: Arcanine|65\/100\n|\n|-heal|p1b: Wo-Chien|80\/100|[from] item: Leftovers\n|-damage|p2a: Kingambit|24\/100 brn|[from] brn\n|upkeep\n|\n|t:|1681862942\n|switch|p2b: Palafin|Palafin-Hero, L50, M|100\/100\n|-status|p2b: Palafin|tox\n|-activate|p2b: Palafin|ability: Zero to Hero\n|turn|8\n|\n|t:|1681862966\n|switch|p1a: Flutter Mane|Flutter Mane, L50|1\/100\n|-terastallize|p2b: Palafin|Water\n|move|p1b: Wo-Chien|Protect|p1b: Wo-Chien\n|-singleturn|p1b: Wo-Chien|Protect\n|move|p2b: Palafin|Wave Crash|p1b: Wo-Chien\n|-activate|p1b: Wo-Chien|move: Protect\n|move|p2a: Kingambit|Kowtow Cleave|p1b: Wo-Chien\n|-activate|p1b: Wo-Chien|move: Protect\n|\n|-heal|p1b: Wo-Chien|86\/100|[from] item: Leftovers\n|-damage|p2b: Palafin|95\/100 tox|[from] psn\n|-damage|p2a: Kingambit|18\/100 brn|[from] brn\n|upkeep\n|turn|9\n|\n|t:|1681863006\n|switch|p2b: Arcanine|Arcanine, L50, M|52\/100\n|-status|p2b: Arcanine|tox\n|-ability|p2b: Arcanine|Intimidate|boost\n|-unboost|p1a: Flutter Mane|atk|1\n|-unboost|p1b: Wo-Chien|atk|1\n|switch|p1b: Arcanine|Arcanine, L50, F|65\/100\n|-ability|p1b: Arcanine|Intimidate|boost\n|-unboost|p2a: Kingambit|atk|1\n|-ability|p2a: Kingambit|Defiant|boost\n|-boost|p2a: Kingambit|atk|2\n|-unboost|p2b: Arcanine|atk|1\n|move|p2a: Kingambit|Sucker Punch|p1a: Flutter Mane\n|-damage|p1a: Flutter Mane|0 fnt\n|faint|p1a: Flutter Mane\n|-end|p1a: Flutter Mane|Protosynthesis|[silent]\n|\n|-damage|p2b: Arcanine|46\/100 tox|[from] psn\n|-damage|p2a: Kingambit|13\/100 brn|[from] brn\n|upkeep\n|\n|t:|1681863024\n|switch|p1a: Wo-Chien|Wo-Chien, L50, tera:Poison|86\/100\n|-ability|p1a: Wo-Chien|Tablets of Ruin\n|turn|10\n|\n|t:|1681863040\n|switch|p2b: Palafin|Palafin-Hero, L50, M, tera:Water|95\/100 tox\n|move|p1b: Arcanine|Flare Blitz|p2a: Kingambit\n|-supereffective|p2a: Kingambit\n|-damage|p2a: Kingambit|0 fnt\n|faint|p2a: Kingambit\n|-damage|p1b: Arcanine|61\/100|[from] Recoil\n|move|p1a: Wo-Chien|Leech Seed|p2b: Palafin\n|-start|p2b: Palafin|move: Leech Seed\n|\n|-heal|p1a: Wo-Chien|93\/100|[from] item: Leftovers\n|-damage|p2b: Palafin|83\/100 tox|[from] Leech Seed|[of] p1a: Wo-Chien\n|-heal|p1a: Wo-Chien|100\/100|[silent]\n|-damage|p2b: Palafin|77\/100 tox|[from] psn\n|upkeep\n|\n|t:|1681863056\n|switch|p2a: Arcanine|Arcanine, L50, M|46\/100 tox\n|-ability|p2a: Arcanine|Intimidate|boost\n|-unboost|p1a: Wo-Chien|atk|1\n|-unboost|p1b: Arcanine|atk|1\n|turn|11\n|\n|t:|1681863079\n|move|p1a: Wo-Chien|Protect|p1a: Wo-Chien\n|-singleturn|p1a: Wo-Chien|Protect\n|move|p2a: Arcanine|Howl|p2a: Arcanine|[spread] p2a,p2b\n|-boost|p2a: Arcanine|atk|1\n|-boost|p2b: Palafin|atk|1\n|move|p2b: Palafin|Wave Crash|p1b: Arcanine\n|-supereffective|p1b: Arcanine\n|-damage|p1b: Arcanine|0 fnt\n|faint|p1b: Arcanine\n|-damage|p2b: Palafin|58\/100 tox|[from] Recoil\n|\n|-damage|p2b: Palafin|46\/100 tox|[from] Leech Seed|[of] p1a: Wo-Chien\n|-damage|p2a: Arcanine|40\/100 tox|[from] psn\n|-damage|p2b: Palafin|35\/100 tox|[from] psn\n|upkeep\n|turn|12\n|\n|t:|1681863099\n|move|p2a: Arcanine|Flare Blitz|p1a: Wo-Chien\n|-damage|p1a: Wo-Chien|57\/100\n|-damage|p2a: Arcanine|26\/100 tox|[from] Recoil\n|move|p2b: Palafin|Wave Crash|p1a: Wo-Chien\n|-damage|p1a: Wo-Chien|0 fnt\n|faint|p1a: Wo-Chien\n|-damage|p2b: Palafin|17\/100 tox|[from] Recoil\n|\n|win|MegaMachado\n","uploadtime":1681863112,"views":11,"p1id":"vivian20","p2id":"megamachado","formatid":"gen9vgc2023regulationc","rating":0,"private":0,"password":""}