{"id":"gen9vgc2023regulationc-1855828349","p1":"ericlynch03","p2":"Kiriziomaro","format":"[Gen 9] VGC 2023 Regulation C","log":"|j|\u2606ericlynch03\n|j|\u2606Kiriziomaro\n|t:|1682988975\n|gametype|doubles\n|player|p1|ericlynch03|gentleman-gen4dp|1122\n|player|p2|Kiriziomaro|lance|1187\n|teamsize|p1|6\n|teamsize|p2|6\n|gen|9\n|tier|[Gen 9] VGC 2023 Regulation C\n|rated|\n|rule|Species Clause: Limit one of each Pok\u00e9mon\n|rule|Item Clause: Limit one of each item\n|clearpoke\n|poke|p1|Flutter Mane, L50|\n|poke|p1|Iron Hands, L50|\n|poke|p1|Wo-Chien, L50|\n|poke|p1|Glimmora, L50, F|\n|poke|p1|Gyarados, L50, F|\n|poke|p1|Chi-Yu, L50|\n|poke|p2|Dondozo, L50, F|\n|poke|p2|Tatsugiri-Stretchy, L50, F|\n|poke|p2|Chi-Yu, L50|\n|poke|p2|Flutter Mane, L50|\n|poke|p2|Dragonite, L50, M|\n|poke|p2|Glimmora, L50, F|\n|teampreview|4\n|inactive|Battle timer is ON: inactive players will automatically lose when time's up. (requested by ericlynch03)\n|inactive|ericlynch03 has 60 seconds left.\n|\n|t:|1682989020\n|start\n|switch|p1a: Gyarados|Gyarados, L50, F|100\/100\n|switch|p1b: Wo-Chien|Wo-Chien, L50|100\/100\n|switch|p2a: Glimmora|Glimmora, L50, F|100\/100\n|switch|p2b: Tatsugiri|Tatsugiri-Stretchy, L50, F|100\/100\n|-ability|p1a: Gyarados|Intimidate|boost\n|-unboost|p2a: Glimmora|atk|1\n|-unboost|p2b: Tatsugiri|atk|1\n|-ability|p1b: Wo-Chien|Tablets of Ruin\n|turn|1\n|inactive|Kiriziomaro has 30 seconds left.\n|\n|t:|1682989051\n|move|p1a: Gyarados|Protect|p1a: Gyarados\n|-singleturn|p1a: Gyarados|Protect\n|move|p2a: Glimmora|Toxic|p1b: Wo-Chien\n|-status|p1b: Wo-Chien|tox\n|move|p2b: Tatsugiri|Muddy Water|p1b: Wo-Chien|[spread] p1b\n|-activate|p1a: Gyarados|move: Protect\n|-resisted|p1b: Wo-Chien\n|-damage|p1b: Wo-Chien|85\/100 tox\n|move|p1b: Wo-Chien|Leech Seed|p2a: Glimmora\n|-start|p2a: Glimmora|move: Leech Seed\n|\n|-heal|p1b: Wo-Chien|91\/100 tox|[from] item: Leftovers\n|-damage|p2a: Glimmora|89\/100|[from] Leech Seed|[of] p1b: Wo-Chien\n|-heal|p1b: Wo-Chien|100\/100 tox|[silent]\n|-damage|p1b: Wo-Chien|94\/100 tox|[from] psn\n|upkeep\n|turn|2\n|inactive|ericlynch03 has 30 seconds left.\n|\n|t:|1682989078\n|move|p2a: Glimmora|Power Gem|p1a: Gyarados\n|-supereffective|p1a: Gyarados\n|-damage|p1a: Gyarados|21\/100\n|move|p1a: Gyarados|Waterfall|p2b: Tatsugiri\n|-activate|p2b: Tatsugiri|ability: Storm Drain\n|-ability|p2b: Tatsugiri|Storm Drain|boost\n|-boost|p2b: Tatsugiri|spa|1\n|move|p2b: Tatsugiri|Muddy Water|p1b: Wo-Chien|[spread] \n|-miss|p2b: Tatsugiri|p1a: Gyarados\n|-miss|p2b: Tatsugiri|p1b: Wo-Chien\n|move|p1b: Wo-Chien|Leech Seed|p2b: Tatsugiri\n|-start|p2b: Tatsugiri|move: Leech Seed\n|\n|-heal|p1b: Wo-Chien|100\/100 tox|[from] item: Leftovers\n|-damage|p2a: Glimmora|77\/100|[from] Leech Seed|[of] p1b: Wo-Chien\n|-damage|p2b: Tatsugiri|88\/100|[from] Leech Seed|[of] p1b: Wo-Chien\n|-damage|p1b: Wo-Chien|88\/100 tox|[from] psn\n|upkeep\n|turn|3\n|\n|t:|1682989107\n|switch|p2b: Dondozo|Dondozo, L50, F|100\/100\n|switch|p1b: Iron Hands|Iron Hands, L50|100\/100\n|move|p1a: Gyarados|Protect|p1a: Gyarados\n|-singleturn|p1a: Gyarados|Protect\n|move|p2a: Glimmora|Toxic|p1a: Gyarados\n|-activate|p1a: Gyarados|move: Protect\n|\n|-damage|p2a: Glimmora|65\/100|[from] Leech Seed|[of] p1b: Iron Hands\n|upkeep\n|turn|4\n|\n|t:|1682989122\n|switch|p2a: Tatsugiri|Tatsugiri-Stretchy, L50, F|88\/100\n|move|p2b: Dondozo|Protect|p2b: Dondozo\n|-singleturn|p2b: Dondozo|Protect\n|move|p1b: Iron Hands|Fake Out|p2b: Dondozo\n|-activate|p2b: Dondozo|move: Protect\n|move|p1a: Gyarados|Waterfall|p2a: Tatsugiri\n|-ability|p2a: Tatsugiri|Storm Drain|boost\n|-boost|p2a: Tatsugiri|spa|1\n|\n|upkeep\n|turn|5\n|\n|t:|1682989143\n|move|p1a: Gyarados|Protect|p1a: Gyarados\n|-singleturn|p1a: Gyarados|Protect\n|move|p2a: Tatsugiri|Muddy Water|p1a: Gyarados|[spread] p1b\n|-activate|p1a: Gyarados|move: Protect\n|-damage|p1b: Iron Hands|50\/100\n|move|p1b: Iron Hands|Wild Charge|p2b: Dondozo\n|-supereffective|p2b: Dondozo\n|-damage|p2b: Dondozo|27\/100\n|-enditem|p2b: Dondozo|Sitrus Berry|[eat]\n|-heal|p2b: Dondozo|52\/100|[from] item: Sitrus Berry\n|-damage|p1b: Iron Hands|32\/100|[from] Recoil\n|move|p2b: Dondozo|Yawn|p1b: Iron Hands\n|-start|p1b: Iron Hands|move: Yawn|[of] p2b: Dondozo\n|\n|upkeep\n|turn|6\n|\n|t:|1682989162\n|-end|p1b: Iron Hands|Quark Drive|[silent]\n|switch|p1b: Wo-Chien|Wo-Chien, L50|88\/100 tox\n|-ability|p1b: Wo-Chien|Tablets of Ruin\n|move|p1a: Gyarados|Dragon Dance|p1a: Gyarados\n|-boost|p1a: Gyarados|atk|1\n|-boost|p1a: Gyarados|spe|1\n|move|p2a: Tatsugiri|Muddy Water|p1a: Gyarados|[spread] p1a,p1b\n|-resisted|p1a: Gyarados\n|-resisted|p1b: Wo-Chien\n|-damage|p1a: Gyarados|0 fnt\n|-damage|p1b: Wo-Chien|62\/100 tox\n|faint|p1a: Gyarados\n|move|p2b: Dondozo|Wave Crash|p2a: Tatsugiri\n|-activate|p2a: Tatsugiri|ability: Storm Drain\n|-ability|p2a: Tatsugiri|Storm Drain|boost\n|-boost|p2a: Tatsugiri|spa|1\n|\n|-heal|p1b: Wo-Chien|68\/100 tox|[from] item: Leftovers\n|-damage|p1b: Wo-Chien|62\/100 tox|[from] psn\n|upkeep\n|\n|t:|1682989182\n|switch|p1a: Iron Hands|Iron Hands, L50|32\/100\n|turn|7\n|\n|t:|1682989188\n|-terastallize|p2a: Tatsugiri|Ghost\n|move|p1a: Iron Hands|Fake Out|p2a: Tatsugiri\n|-immune|p2a: Tatsugiri\n|move|p2a: Tatsugiri|Muddy Water|p1a: Iron Hands|[spread] p1a\n|-miss|p2a: Tatsugiri|p1b: Wo-Chien\n|-damage|p1a: Iron Hands|0 fnt\n|faint|p1a: Iron Hands\n|-end|p1a: Iron Hands|Quark Drive|[silent]\n|move|p1b: Wo-Chien|Giga Drain|p2b: Dondozo\n|-supereffective|p2b: Dondozo\n|-damage|p2b: Dondozo|18\/100\n|-heal|p1b: Wo-Chien|84\/100 tox|[from] drain|[of] p2b: Dondozo\n|move|p2b: Dondozo|Yawn||[still]\n|-fail|p2b: Dondozo\n|\n|-heal|p1b: Wo-Chien|91\/100 tox|[from] item: Leftovers\n|-damage|p1b: Wo-Chien|78\/100 tox|[from] psn\n|upkeep\n|\n|t:|1682989203\n|switch|p1a: Flutter Mane|Flutter Mane, L50|100\/100\n|-enditem|p1a: Flutter Mane|Booster Energy\n|-activate|p1a: Flutter Mane|ability: Protosynthesis|[fromitem]\n|-start|p1a: Flutter Mane|protosynthesisspe\n|turn|8\n|\n|t:|1682989217\n|move|p1a: Flutter Mane|Shadow Ball|p2a: Tatsugiri\n|-supereffective|p2a: Tatsugiri\n|-damage|p2a: Tatsugiri|2\/100\n|move|p2a: Tatsugiri|Muddy Water|p1b: Wo-Chien|[spread] p1a,p1b\n|-resisted|p1b: Wo-Chien\n|-damage|p1a: Flutter Mane|0 fnt\n|-damage|p1b: Wo-Chien|47\/100 tox\n|faint|p1a: Flutter Mane\n|-end|p1a: Flutter Mane|Protosynthesis|[silent]\n|move|p1b: Wo-Chien|Giga Drain|p2b: Dondozo\n|-supereffective|p2b: Dondozo\n|-damage|p2b: Dondozo|0 fnt\n|-heal|p1b: Wo-Chien|59\/100 tox|[from] drain|[of] p2b: Dondozo\n|faint|p2b: Dondozo\n|\n|-heal|p1b: Wo-Chien|65\/100 tox|[from] item: Leftovers\n|-damage|p1b: Wo-Chien|46\/100 tox|[from] psn\n|upkeep\n|-message|ericlynch03 forfeited.\n|\n|win|Kiriziomaro\n|raw|ericlynch03's rating: 1122 → 1102<\/strong> (-20 for losing)\n|raw|Kiriziomaro's rating: 1187 → 1207<\/strong> (+20 for winning)\n|l|\u2606ericlynch03\n","uploadtime":1682989233,"views":16,"p1id":"ericlynch03","p2id":"kiriziomaro","formatid":"gen9vgc2023regulationc","rating":1102,"private":0,"password":""}