{"id":"gen9vgc2023regulationc-1847706668","p1":"LameLiarLeo","p2":"kamusito98","format":"[Gen 9] VGC 2023 Regulation C","log":"|j|\u2606LameLiarLeo\n|j|\u2606kamusito98\n|t:|1681994595\n|gametype|doubles\n|player|p1|LameLiarLeo|170|1290\n|player|p2|kamusito98|hugh|1241\n|teamsize|p1|6\n|teamsize|p2|6\n|gen|9\n|tier|[Gen 9] VGC 2023 Regulation C\n|rated|\n|rule|Species Clause: Limit one of each Pok\u00e9mon\n|rule|Item Clause: Limit one of each item\n|clearpoke\n|poke|p1|Kingambit, L50, M|\n|poke|p1|Iron Bundle, L50|\n|poke|p1|Arcanine, L50, M|\n|poke|p1|Great Tusk, L50|\n|poke|p1|Flutter Mane, L50|\n|poke|p1|Amoonguss, L50, M|\n|poke|p2|Abomasnow, L50, M|\n|poke|p2|Chi-Yu, L50|\n|poke|p2|Flutter Mane, L50|\n|poke|p2|Cetitan, L50, M|\n|poke|p2|Iron Bundle, L50|\n|poke|p2|Arcanine, L50, M|\n|teampreview|4\n|inactive|Battle timer is ON: inactive players will automatically lose when time's up. (requested by LameLiarLeo)\nLameLiarLeo has agreed to open team sheets.\n|inactive|LameLiarLeo has 60 seconds left.\n|inactive|kamusito98 has 60 seconds left.\n|\n|t:|1681994642\n|start\n|switch|p1a: Iron Bundle|Iron Bundle, L50|100\/100\n|switch|p1b: Flutter Mane|Flutter Mane, L50|100\/100\n|switch|p2a: \u30c6\u30c4\u30ce\u30c4\u30c4\u30df|Iron Bundle, L50, shiny|100\/100\n|switch|p2b: Abomasnow|Abomasnow, L50, M, shiny|100\/100\n|-weather|Snow|[from] ability: Snow Warning|[of] p2b: Abomasnow\n|-enditem|p2a: \u30c6\u30c4\u30ce\u30c4\u30c4\u30df|Booster Energy\n|-activate|p2a: \u30c6\u30c4\u30ce\u30c4\u30c4\u30df|ability: Quark Drive|[fromitem]\n|-start|p2a: \u30c6\u30c4\u30ce\u30c4\u30c4\u30df|quarkdrivespe\n|-enditem|p1a: Iron Bundle|Booster Energy\n|-activate|p1a: Iron Bundle|ability: Quark Drive|[fromitem]\n|-start|p1a: Iron Bundle|quarkdrivespe\n|turn|1\n|inactive|LameLiarLeo has 30 seconds left.\n|\n|t:|1681994671\n|move|p2a: \u30c6\u30c4\u30ce\u30c4\u30c4\u30df|Aurora Veil|p2a: \u30c6\u30c4\u30ce\u30c4\u30c4\u30df\n|-sidestart|p2: kamusito98|move: Aurora Veil\n|move|p1a: Iron Bundle|Freeze-Dry|p2b: Abomasnow\n|-damage|p2b: Abomasnow|81\/100\n|move|p1b: Flutter Mane|Moonblast|p2a: \u30c6\u30c4\u30ce\u30c4\u30c4\u30df\n|-damage|p2a: \u30c6\u30c4\u30ce\u30c4\u30c4\u30df|5\/100\n|-unboost|p2a: \u30c6\u30c4\u30ce\u30c4\u30c4\u30df|spa|1\n|move|p2b: Abomasnow|Giga Drain|p1a: Iron Bundle\n|-supereffective|p1a: Iron Bundle\n|-damage|p1a: Iron Bundle|0 fnt\n|-heal|p2b: Abomasnow|100\/100|[from] drain|[of] p1a: Iron Bundle\n|faint|p1a: Iron Bundle\n|-end|p1a: Iron Bundle|Quark Drive|[silent]\n|\n|-weather|Snow|[upkeep]\n|upkeep\n|\n|t:|1681994690\n|switch|p1a: Great Tusk|Great Tusk, L50|100\/100\n|turn|2\n|\n|t:|1681994705\n|move|p1a: Great Tusk|Protect|p1a: Great Tusk\n|-singleturn|p1a: Great Tusk|Protect\n|move|p2a: \u30c6\u30c4\u30ce\u30c4\u30c4\u30df|Blizzard|p1a: Great Tusk|[spread] p1b\n|-activate|p1a: Great Tusk|move: Protect\n|-damage|p1b: Flutter Mane|75\/100\n|move|p1b: Flutter Mane|Moonblast|p2a: \u30c6\u30c4\u30ce\u30c4\u30c4\u30df\n|-damage|p2a: \u30c6\u30c4\u30ce\u30c4\u30c4\u30df|0 fnt\n|faint|p2a: \u30c6\u30c4\u30ce\u30c4\u30c4\u30df\n|-end|p2a: \u30c6\u30c4\u30ce\u30c4\u30c4\u30df|Quark Drive|[silent]\n|move|p2b: Abomasnow|Blizzard|p1a: Great Tusk|[spread] p1b\n|-activate|p1a: Great Tusk|move: Protect\n|-damage|p1b: Flutter Mane|42\/100\n|\n|-weather|Snow|[upkeep]\n|upkeep\n|\n|t:|1681994714\n|switch|p2a: Cetitan|Cetitan, L50, M|100\/100\n|turn|3\n|\n|t:|1681994724\n|move|p2a: Cetitan|Ice Spinner|p1b: Flutter Mane\n|-damage|p1b: Flutter Mane|0 fnt\n|faint|p1b: Flutter Mane\n|-end|p1b: Flutter Mane|Protosynthesis|[silent]\n|move|p1a: Great Tusk|Close Combat|p2a: Cetitan\n|-supereffective|p2a: Cetitan\n|-crit|p2a: Cetitan\n|-damage|p2a: Cetitan|0 fnt\n|-unboost|p1a: Great Tusk|def|1\n|-unboost|p1a: Great Tusk|spd|1\n|faint|p2a: Cetitan\n|move|p2b: Abomasnow|Blizzard|p1a: Great Tusk\n|-supereffective|p1a: Great Tusk\n|-enditem|p1a: Great Tusk|Focus Sash\n|-damage|p1a: Great Tusk|1\/100\n|\n|-weather|Snow|[upkeep]\n|upkeep\n|\n|t:|1681994739\n|switch|p1b: Arcanine|Arcanine, L50, M|100\/100\n|switch|p2a: Chi-Yu|Chi-Yu, L50|100\/100\n|-ability|p2a: Chi-Yu|Beads of Ruin\n|-ability|p1b: Arcanine|Intimidate|boost\n|-unboost|p2a: Chi-Yu|atk|1\n|-unboost|p2b: Abomasnow|atk|1\n|turn|4\n|\n|t:|1681994750\n|-terastallize|p2b: Abomasnow|Water\n|move|p1a: Great Tusk|Protect|p1a: Great Tusk\n|-singleturn|p1a: Great Tusk|Protect\n|move|p2a: Chi-Yu|Heat Wave|p1a: Great Tusk|[spread] p1b\n|-activate|p1a: Great Tusk|move: Protect\n|-resisted|p1b: Arcanine\n|-damage|p1b: Arcanine|75\/100\n|move|p1b: Arcanine|Flare Blitz|p2b: Abomasnow\n|-resisted|p2b: Abomasnow\n|-damage|p2b: Abomasnow|84\/100\n|-damage|p1b: Arcanine|69\/100|[from] Recoil\n|move|p2b: Abomasnow|Tera Blast|p1b: Arcanine\n|-supereffective|p1b: Arcanine\n|-damage|p1b: Arcanine|0 fnt\n|faint|p1b: Arcanine\n|\n|-weather|Snow|[upkeep]\n|upkeep\n|turn|5\n|\n|t:|1681994767\n|move|p2a: Chi-Yu|Heat Wave|p1a: Great Tusk\n|-damage|p1a: Great Tusk|0 fnt\n|faint|p1a: Great Tusk\n|-end|p1a: Great Tusk|Protosynthesis|[silent]\n|\n|win|kamusito98\n|raw|LameLiarLeo's rating: 1290 → 1261<\/strong> (-29 for losing)\n|raw|kamusito98's rating: 1241 → 1270<\/strong> (+29 for winning)\n|c|\u2606LameLiarLeo|gg\n|l|\u2606kamusito98\n","uploadtime":1681994782,"views":10,"p1id":"lameliarleo","p2id":"kamusito98","formatid":"gen9vgc2023regulationc","rating":1261,"private":0,"password":""}