{"id":"gen9vgc2023regulationc-1845290429","p1":"z0gre","p2":"Bubblefish879","format":"[Gen 9] VGC 2023 Regulation C","log":"|j|\u2606z0gre\n|j|\u2606Bubblefish879\n|t:|1681708630\n|gametype|doubles\n|player|p1|z0gre|lucas|1112\n|player|p2|Bubblefish879|266|1168\n|teamsize|p1|6\n|teamsize|p2|6\n|gen|9\n|tier|[Gen 9] VGC 2023 Regulation C\n|rated|\n|rule|Species Clause: Limit one of each Pok\u00e9mon\n|rule|Item Clause: Limit one of each item\n|clearpoke\n|poke|p1|Hippowdon, L50, M|\n|poke|p1|Lycanroc, L50, F|\n|poke|p1|Indeedee-F, L50, F|\n|poke|p1|Hawlucha, L50, M|\n|poke|p1|Palossand, L50, M|\n|poke|p1|Houndstone, L50, F|\n|poke|p2|Arcanine, L50, F|\n|poke|p2|Roaring Moon, L50|\n|poke|p2|Annihilape, L50, M|\n|poke|p2|Ting-Lu, L50|\n|poke|p2|Oricorio-Pom-Pom, L50, F|\n|poke|p2|Volcarona, L50, F|\n|teampreview|4\n|inactive|Battle timer is ON: inactive players will automatically lose when time's up. (requested by Bubblefish879)\n|inactive|z0gre has 60 seconds left.\n|\n|t:|1681708670\n|start\n|switch|p1a: Hippowdon|Hippowdon, L50, M, shiny|100\/100\n|switch|p1b: Houndstone|Houndstone, L50, F, shiny|100\/100\n|switch|p2a: Arcanine|Arcanine, L50, F|100\/100\n|switch|p2b: Roaring Moon|Roaring Moon, L50|100\/100\n|-ability|p2a: Arcanine|Intimidate|boost\n|-unboost|p1a: Hippowdon|atk|1\n|-unboost|p1b: Houndstone|atk|1\n|-weather|Sandstorm|[from] ability: Sand Stream|[of] p1a: Hippowdon\n|-enditem|p2b: Roaring Moon|Booster Energy\n|-activate|p2b: Roaring Moon|ability: Protosynthesis|[fromitem]\n|-start|p2b: Roaring Moon|protosynthesisspe\n|turn|1\n|inactive|Bubblefish879 has 30 seconds left.\n|\n|t:|1681708697\n|move|p2b: Roaring Moon|Tailwind|p2b: Roaring Moon\n|-sidestart|p2: Bubblefish879|move: Tailwind\n|move|p2a: Arcanine|Will-O-Wisp|p1a: Hippowdon|[miss]\n|-miss|p2a: Arcanine|p1a: Hippowdon\n|move|p1b: Houndstone|Will-O-Wisp|p2b: Roaring Moon\n|-status|p2b: Roaring Moon|brn\n|move|p1a: Hippowdon|Yawn|p2a: Arcanine\n|-start|p2a: Arcanine|move: Yawn|[of] p1a: Hippowdon\n|\n|-weather|Sandstorm|[upkeep]\n|-damage|p2b: Roaring Moon|95\/100 brn|[from] Sandstorm\n|-damage|p2a: Arcanine|94\/100|[from] Sandstorm\n|-damage|p2b: Roaring Moon|89\/100 brn|[from] brn\n|upkeep\n|turn|2\n|inactive|z0gre has 30 seconds left.\n|inactive|Bubblefish879 has 30 seconds left.\n|\n|t:|1681708726\n|switch|p2a: Annihilape|Annihilape, L50, M|100\/100\n|move|p2b: Roaring Moon|Earthquake|p1b: Houndstone|[spread] p2a,p1a,p1b\n|-damage|p2a: Annihilape|87\/100\n|-damage|p1a: Hippowdon|90\/100\n|-damage|p1b: Houndstone|84\/100\n|move|p1b: Houndstone|Play Rough|p2b: Roaring Moon\n|-supereffective|p2b: Roaring Moon\n|-damage|p2b: Roaring Moon|0 fnt\n|faint|p2b: Roaring Moon\n|-end|p2b: Roaring Moon|Protosynthesis|[silent]\n|move|p1a: Hippowdon|Fissure|p2a: Annihilape\n|-damage|p2a: Annihilape|0 fnt\n|faint|p2a: Annihilape\n|-ohko\n|\n|-weather|Sandstorm|[upkeep]\n|upkeep\n|\n|t:|1681708740\n|switch|p2b: Arcanine|Arcanine, L50, F|94\/100\n|switch|p2a: Volcarona|Volcarona, L50, F|100\/100\n|-ability|p2b: Arcanine|Intimidate|boost\n|-unboost|p1a: Hippowdon|atk|1\n|-unboost|p1b: Houndstone|atk|1\n|turn|3\n|inactive|z0gre has 30 seconds left.\n|\n|t:|1681708769\n|move|p2a: Volcarona|Quiver Dance|p2a: Volcarona\n|-boost|p2a: Volcarona|spa|1\n|-boost|p2a: Volcarona|spd|1\n|-boost|p2a: Volcarona|spe|1\n|move|p2b: Arcanine|Will-O-Wisp|p1b: Houndstone|[miss]\n|-miss|p2b: Arcanine|p1b: Houndstone\n|move|p1b: Houndstone|Phantom Force||[still]\n|-prepare|p1b: Houndstone|Phantom Force\n|move|p1a: Hippowdon|Yawn|p2a: Volcarona\n|-start|p2a: Volcarona|move: Yawn|[of] p1a: Hippowdon\n|\n|-weather|Sandstorm|[upkeep]\n|-damage|p2a: Volcarona|94\/100|[from] Sandstorm\n|-damage|p2b: Arcanine|88\/100|[from] Sandstorm\n|upkeep\n|turn|4\n|inactive|Bubblefish879 has 30 seconds left.\n|\n|t:|1681708802\n|move|p2a: Volcarona|Giga Drain|p1a: Hippowdon\n|-supereffective|p1a: Hippowdon\n|-damage|p1a: Hippowdon|1\/100\n|-heal|p2a: Volcarona|100\/100|[from] drain|[of] p1a: Hippowdon\n|-damage|p2a: Volcarona|91\/100|[from] item: Life Orb\n|move|p2b: Arcanine|Howl|p2b: Arcanine|[spread] p2a,p2b\n|-boost|p2a: Volcarona|atk|1\n|-boost|p2b: Arcanine|atk|1\n|move|p1b: Houndstone|Phantom Force|p2b: Arcanine|[from]lockedmove\n|-damage|p2b: Arcanine|65\/100\n|move|p1a: Hippowdon|Yawn|p2b: Arcanine\n|-start|p2b: Arcanine|move: Yawn|[of] p1a: Hippowdon\n|\n|-weather|Sandstorm|[upkeep]\n|-damage|p2a: Volcarona|84\/100|[from] Sandstorm\n|-damage|p2b: Arcanine|59\/100|[from] Sandstorm\n|-end|p2a: Volcarona|move: Yawn|[silent]\n|-status|p2a: Volcarona|slp\n|-sideend|p2: Bubblefish879|move: Tailwind\n|upkeep\n|turn|5\n|\n|t:|1681708827\n|switch|p1b: Lycanroc|Lycanroc, L50, F, shiny|100\/100\n|switch|p1a: Palossand|Palossand, L50, M, shiny|100\/100\n|move|p2b: Arcanine|Extreme Speed|p1a: Palossand\n|-immune|p1a: Palossand\n|cant|p2a: Volcarona|slp\n|\n|-weather|Sandstorm|[upkeep]\n|-damage|p2a: Volcarona|78\/100 slp|[from] Sandstorm\n|-damage|p2b: Arcanine|53\/100|[from] Sandstorm\n|-end|p2b: Arcanine|move: Yawn|[silent]\n|-status|p2b: Arcanine|slp\n|upkeep\n|turn|6\n|\n|t:|1681708847\n|-terastallize|p1b: Lycanroc|Rock\n|cant|p2b: Arcanine|slp\n|move|p1b: Lycanroc|Rock Slide|p2a: Volcarona|[spread] p2a,p2b\n|-supereffective|p2a: Volcarona\n|-supereffective|p2b: Arcanine\n|-damage|p2a: Volcarona|0 fnt\n|-damage|p2b: Arcanine|0 fnt\n|faint|p2a: Volcarona\n|faint|p2b: Arcanine\n|\n|win|z0gre\n|raw|z0gre's rating: 1112 → 1141<\/strong> (+29 for winning)\n|raw|Bubblefish879's rating: 1168 → 1139<\/strong> (-29 for losing)\n|l|\u2606Bubblefish879\n","uploadtime":1681708970,"views":8,"p1id":"z0gre","p2id":"bubblefish879","formatid":"gen9vgc2023regulationc","rating":1139,"private":0,"password":""}