{"id":"gen9vgc2023regulationc-1859060571","p1":"bug catcher dale","p2":"McMarc27","format":"[Gen 9] VGC 2023 Regulation C","log":"|j|\u2606bug catcher dale\n|j|\u2606McMarc27\n|t:|1683399780\n|gametype|doubles\n|player|p1|bug catcher dale|bugcatcher-gen4dp|1056\n|player|p2|McMarc27|265|1079\n|teamsize|p1|6\n|teamsize|p2|6\n|gen|9\n|tier|[Gen 9] VGC 2023 Regulation C\n|rated|\n|rule|Species Clause: Limit one of each Pok\u00e9mon\n|rule|Item Clause: Limit one of each item\n|clearpoke\n|poke|p1|Salamence, L50, F|\n|poke|p1|Ceruledge, L50, F|\n|poke|p1|Corviknight, L50, M|\n|poke|p1|Rotom-Wash, L50|\n|poke|p1|Grimmsnarl, L50, M|\n|poke|p1|Vivillon, L50, F|\n|poke|p2|Ceruledge, L50, M|\n|poke|p2|Kingambit, L50, M|\n|poke|p2|Great Tusk, L50|\n|poke|p2|Rotom-Wash, L50|\n|poke|p2|Noivern, L50, M|\n|poke|p2|Amoonguss, L50, M|\n|teampreview|4\n|\n|t:|1683399813\n|start\n|switch|p1a: fair|Grimmsnarl, L50, M|100\/100\n|switch|p1b: Dwagon|Salamence, L50, F|100\/100\n|switch|p2a: Ceruledge|Ceruledge, L50, M, shiny|100\/100\n|switch|p2b: Noivern|Noivern, L50, M, shiny|100\/100\n|-ability|p1b: Dwagon|Intimidate|boost\n|-unboost|p2a: Ceruledge|atk|1\n|-unboost|p2b: Noivern|atk|1\n|turn|1\n|\n|t:|1683399855\n|move|p1a: fair|Parting Shot|p2a: Ceruledge\n|-unboost|p2a: Ceruledge|atk|1\n|-unboost|p2a: Ceruledge|spa|1\n|\n|t:|1683399862\n|switch|p1a: joe|Ceruledge, L50, F|100\/100|[from] Parting Shot\n|move|p2b: Noivern|Dragon Pulse|p1b: Dwagon\n|-supereffective|p1b: Dwagon\n|-damage|p1b: Dwagon|46\/100\n|move|p1b: Dwagon|Stone Edge|p2b: Noivern\n|-supereffective|p2b: Noivern\n|-enditem|p2b: Noivern|Focus Sash\n|-damage|p2b: Noivern|1\/100\n|move|p2a: Ceruledge|Bitter Blade|p1a: joe\n|-start|p1a: joe|ability: Flash Fire\n|\n|upkeep\n|turn|2\n|\n|t:|1683399883\n|move|p1a: joe|Shadow Sneak|p2b: Noivern\n|-damage|p2b: Noivern|0 fnt\n|faint|p2b: Noivern\n|move|p1b: Dwagon|Stone Edge|p2a: Ceruledge\n|-supereffective|p2a: Ceruledge\n|-damage|p2a: Ceruledge|0 fnt\n|faint|p2a: Ceruledge\n|\n|upkeep\n|\n|t:|1683399892\n|switch|p2b: Rotom|Rotom-Wash, L50, shiny|100\/100\n|switch|p2a: Kingambit|Kingambit, L50, M, shiny|100\/100\n|-activate|p2a: Kingambit|ability: Supreme Overlord\n|-start|p2a: Kingambit|fallen2|[silent]\n|turn|3\n|c|\u2606bug catcher dale|lol\n|c|\u2606bug catcher dale|bad\n|\n|t:|1683399911\n|-terastallize|p2a: Kingambit|Flying\n|move|p2a: Kingambit|Sucker Punch|p1b: Dwagon\n|-damage|p1b: Dwagon|0 fnt\n|faint|p1b: Dwagon\n|move|p2b: Rotom|Hydro Pump|p1a: joe\n|-supereffective|p1a: joe\n|-damage|p1a: joe|5\/100\n|move|p1a: joe|Bitter Blade|p2a: Kingambit\n|-damage|p2a: Kingambit|45\/100\n|-heal|p1a: joe|37\/100|[from] drain|[of] p2a: Kingambit\n|\n|upkeep\n|\n|t:|1683399923\n|switch|p1b: fair|Grimmsnarl, L50, M|100\/100\n|turn|4\n|\n|t:|1683399940\n|move|p1a: joe|Protect|p1a: joe\n|-singleturn|p1a: joe|Protect\n|move|p1b: fair|Reflect|p1b: fair\n|-sidestart|p1: bug catcher dale|Reflect\n|move|p2b: Rotom|Hydro Pump|p1a: joe\n|-activate|p1a: joe|move: Protect\n|move|p2a: Kingambit|Iron Head|p1b: fair\n|-supereffective|p1b: fair\n|-crit|p1b: fair\n|-damage|p1b: fair|0 fnt\n|faint|p1b: fair\n|\n|upkeep\n|\n|t:|1683399951\n|switch|p1b: just a bird|Corviknight, L50, M|100\/100\n|turn|5\n|\n|t:|1683399965\n|-terastallize|p1b: just a bird|Dragon\n|move|p2a: Kingambit|Sucker Punch|p1a: joe\n|-supereffective|p1a: joe\n|-damage|p1a: joe|0 fnt\n|faint|p1a: joe\n|move|p2b: Rotom|Thunderbolt|p1b: just a bird\n|-resisted|p1b: just a bird\n|-damage|p1b: just a bird|83\/100\n|move|p1b: just a bird|Brave Bird|p2a: Kingambit\n|-damage|p2a: Kingambit|13\/100\n|-damage|p1b: just a bird|73\/100|[from] Recoil\n|\n|-heal|p1b: just a bird|79\/100|[from] item: Leftovers\n|upkeep\n|turn|6\n|\n|t:|1683399986\n|move|p2a: Kingambit|Sucker Punch|p1b: just a bird\n|-damage|p1b: just a bird|50\/100\n|move|p2b: Rotom|Will-O-Wisp|p1b: just a bird\n|-status|p1b: just a bird|brn\n|move|p1b: just a bird|Brave Bird|p2a: Kingambit\n|-damage|p2a: Kingambit|0 fnt\n|faint|p2a: Kingambit\n|-end|p2a: Kingambit|fallen2|[silent]\n|-damage|p1b: just a bird|46\/100 brn|[from] Recoil\n|\n|-heal|p1b: just a bird|52\/100 brn|[from] item: Leftovers\n|-damage|p1b: just a bird|46\/100 brn|[from] brn\n|upkeep\n|turn|7\n|\n|t:|1683400003\n|move|p2b: Rotom|Hydro Pump|p1b: just a bird|[miss]\n|-miss|p2b: Rotom|p1b: just a bird\n|move|p1b: just a bird|Roost|p1b: just a bird\n|-heal|p1b: just a bird|96\/100 brn\n|\n|-heal|p1b: just a bird|100\/100 brn|[from] item: Leftovers\n|-damage|p1b: just a bird|95\/100 brn|[from] brn\n|upkeep\n|turn|8\n|\n|t:|1683400013\n|move|p2b: Rotom|Hydro Pump|p1b: just a bird\n|-resisted|p1b: just a bird\n|-damage|p1b: just a bird|74\/100 brn\n|move|p1b: just a bird|Bulk Up|p1b: just a bird\n|-boost|p1b: just a bird|atk|1\n|-boost|p1b: just a bird|def|1\n|\n|-heal|p1b: just a bird|80\/100 brn|[from] item: Leftovers\n|-damage|p1b: just a bird|74\/100 brn|[from] brn\n|upkeep\n|turn|9\n|\n|t:|1683400026\n|move|p2b: Rotom|Thunderbolt|p1b: just a bird\n|-resisted|p1b: just a bird\n|-damage|p1b: just a bird|54\/100 brn\n|move|p1b: just a bird|Bulk Up|p1b: just a bird\n|-boost|p1b: just a bird|atk|1\n|-boost|p1b: just a bird|def|1\n|\n|-heal|p1b: just a bird|60\/100 brn|[from] item: Leftovers\n|-damage|p1b: just a bird|54\/100 brn|[from] brn\n|upkeep\n|turn|10\n|\n|t:|1683400037\n|move|p2b: Rotom|Thunderbolt|p1b: just a bird\n|-resisted|p1b: just a bird\n|-damage|p1b: just a bird|35\/100 brn\n|move|p1b: just a bird|Roost|p1b: just a bird\n|-heal|p1b: just a bird|85\/100 brn\n|\n|-heal|p1b: just a bird|91\/100 brn|[from] item: Leftovers\n|-damage|p1b: just a bird|85\/100 brn|[from] brn\n|upkeep\n|turn|11\n|\n|t:|1683400048\n|move|p2b: Rotom|Thunderbolt|p1b: just a bird\n|-resisted|p1b: just a bird\n|-damage|p1b: just a bird|66\/100 brn\n|move|p1b: just a bird|Iron Head|p2b: Rotom\n|-resisted|p2b: Rotom\n|-damage|p2b: Rotom|92\/100\n|\n|-heal|p2b: Rotom|98\/100|[from] item: Leftovers\n|-heal|p1b: just a bird|72\/100 brn|[from] item: Leftovers\n|-damage|p1b: just a bird|66\/100 brn|[from] brn\n|-sideend|p1: bug catcher dale|Reflect\n|upkeep\n|turn|12\n|\n|t:|1683400061\n|move|p2b: Rotom|Thunderbolt|p1b: just a bird\n|-resisted|p1b: just a bird\n|-damage|p1b: just a bird|48\/100 brn\n|move|p1b: just a bird|Roost|p1b: just a bird\n|-heal|p1b: just a bird|99\/100 brn\n|\n|-heal|p2b: Rotom|100\/100|[from] item: Leftovers\n|-heal|p1b: just a bird|100\/100 brn|[from] item: Leftovers\n|-damage|p1b: just a bird|95\/100 brn|[from] brn\n|upkeep\n|turn|13\n|\n|t:|1683400072\n|move|p2b: Rotom|Thunderbolt|p1b: just a bird\n|-resisted|p1b: just a bird\n|-damage|p1b: just a bird|76\/100 brn\n|move|p1b: just a bird|Bulk Up|p1b: just a bird\n|-boost|p1b: just a bird|atk|1\n|-boost|p1b: just a bird|def|1\n|\n|-heal|p1b: just a bird|81\/100 brn|[from] item: Leftovers\n|-damage|p1b: just a bird|76\/100 brn|[from] brn\n|upkeep\n|turn|14\n|\n|t:|1683400083\n|move|p2b: Rotom|Thunderbolt|p1b: just a bird\n|-resisted|p1b: just a bird\n|-damage|p1b: just a bird|58\/100 brn\n|move|p1b: just a bird|Bulk Up|p1b: just a bird\n|-boost|p1b: just a bird|atk|1\n|-boost|p1b: just a bird|def|1\n|\n|-heal|p1b: just a bird|64\/100 brn|[from] item: Leftovers\n|-damage|p1b: just a bird|58\/100 brn|[from] brn\n|upkeep\n|turn|15\n|\n|t:|1683400093\n|move|p2b: Rotom|Thunderbolt|p1b: just a bird\n|-resisted|p1b: just a bird\n|-damage|p1b: just a bird|38\/100 brn\n|move|p1b: just a bird|Roost|p1b: just a bird\n|-heal|p1b: just a bird|88\/100 brn\n|\n|-heal|p1b: just a bird|94\/100 brn|[from] item: Leftovers\n|-damage|p1b: just a bird|88\/100 brn|[from] brn\n|upkeep\n|turn|16\n|\n|t:|1683400103\n|move|p2b: Rotom|Thunderbolt|p1b: just a bird\n|-resisted|p1b: just a bird\n|-damage|p1b: just a bird|71\/100 brn\n|move|p1b: just a bird|Bulk Up|p1b: just a bird\n|-boost|p1b: just a bird|atk|1\n|-boost|p1b: just a bird|def|1\n|\n|-heal|p1b: just a bird|77\/100 brn|[from] item: Leftovers\n|-damage|p1b: just a bird|71\/100 brn|[from] brn\n|upkeep\n|turn|17\n|\n|t:|1683400114\n|move|p2b: Rotom|Thunderbolt|p1b: just a bird\n|-resisted|p1b: just a bird\n|-damage|p1b: just a bird|54\/100 brn\n|move|p1b: just a bird|Bulk Up|p1b: just a bird\n|-boost|p1b: just a bird|atk|1\n|-boost|p1b: just a bird|def|1\n|\n|-heal|p1b: just a bird|60\/100 brn|[from] item: Leftovers\n|-damage|p1b: just a bird|54\/100 brn|[from] brn\n|upkeep\n|turn|18\n|\n|t:|1683400125\n|move|p2b: Rotom|Thunderbolt|p1b: just a bird\n|-resisted|p1b: just a bird\n|-damage|p1b: just a bird|38\/100 brn\n|move|p1b: just a bird|Roost|p1b: just a bird\n|-heal|p1b: just a bird|88\/100 brn\n|\n|-heal|p1b: just a bird|94\/100 brn|[from] item: Leftovers\n|-damage|p1b: just a bird|88\/100 brn|[from] brn\n|upkeep\n|turn|19\n|\n|t:|1683400135\n|move|p2b: Rotom|Thunderbolt|p1b: just a bird\n|-resisted|p1b: just a bird\n|-damage|p1b: just a bird|69\/100 brn\n|move|p1b: just a bird|Brave Bird|p2b: Rotom\n|-resisted|p2b: Rotom\n|-damage|p2b: Rotom|56\/100\n|-damage|p1b: just a bird|58\/100 brn|[from] Recoil\n|\n|-heal|p2b: Rotom|62\/100|[from] item: Leftovers\n|-heal|p1b: just a bird|63\/100 brn|[from] item: Leftovers\n|-damage|p1b: just a bird|58\/100 brn|[from] brn\n|upkeep\n|turn|20\n|\n|t:|1683400148\n|move|p2b: Rotom|Thunderbolt|p1b: just a bird\n|-resisted|p1b: just a bird\n|-damage|p1b: just a bird|40\/100 brn\n|move|p1b: just a bird|Roost|p1b: just a bird\n|-heal|p1b: just a bird|91\/100 brn\n|\n|-heal|p2b: Rotom|67\/100|[from] item: Leftovers\n|-heal|p1b: just a bird|97\/100 brn|[from] item: Leftovers\n|-damage|p1b: just a bird|91\/100 brn|[from] brn\n|upkeep\n|turn|21\n|\n|t:|1683400159\n|move|p2b: Rotom|Thunderbolt|p1b: just a bird\n|-resisted|p1b: just a bird\n|-damage|p1b: just a bird|74\/100 brn\n|move|p1b: just a bird|Brave Bird|p2b: Rotom\n|-resisted|p2b: Rotom\n|-damage|p2b: Rotom|23\/100\n|-damage|p1b: just a bird|62\/100 brn|[from] Recoil\n|\n|-heal|p2b: Rotom|29\/100|[from] item: Leftovers\n|-heal|p1b: just a bird|68\/100 brn|[from] item: Leftovers\n|-damage|p1b: just a bird|62\/100 brn|[from] brn\n|upkeep\n|turn|22\n|\n|t:|1683400173\n|move|p2b: Rotom|Hydro Pump|p1b: just a bird|[miss]\n|-miss|p2b: Rotom|p1b: just a bird\n|move|p1b: just a bird|Brave Bird|p2b: Rotom\n|-resisted|p2b: Rotom\n|-damage|p2b: Rotom|0 fnt\n|faint|p2b: Rotom\n|-damage|p1b: just a bird|55\/100 brn|[from] Recoil\n|\n|win|bug catcher dale\n|raw|bug catcher dale's rating: 1056 → 1090<\/strong> (+34 for winning)\n|raw|McMarc27's rating: 1079 → 1056<\/strong> (-23 for losing)\n|l|\u2606McMarc27\n","uploadtime":1683400186,"views":15,"p1id":"bugcatcherdale","p2id":"mcmarc27","formatid":"gen9vgc2023regulationc","rating":1056,"private":0,"password":""}