{"id":"gen9vgc2023regulationc-1848749469","p1":"Alaskan_fisher","p2":"catalyst619","format":"[Gen 9] VGC 2023 Regulation C","log":"|j|\u2606Alaskan_fisher\n|j|\u2606catalyst619\n|t:|1682106584\n|gametype|doubles\n|player|p1|Alaskan_fisher|fisherman-gen4|1205\n|player|p2|catalyst619|1|1222\n|teamsize|p1|6\n|teamsize|p2|6\n|gen|9\n|tier|[Gen 9] VGC 2023 Regulation C\n|rated|\n|rule|Species Clause: Limit one of each Pok\u00e9mon\n|rule|Item Clause: Limit one of each item\n|clearpoke\n|poke|p1|Baxcalibur, L50, M|\n|poke|p1|Palafin, L50, F|\n|poke|p1|Arcanine, L50, M|\n|poke|p1|Flutter Mane, L50|\n|poke|p1|Ting-Lu, L50|\n|poke|p1|Amoonguss, L50, F|\n|poke|p2|Palafin, L50, M|\n|poke|p2|Flutter Mane, L50|\n|poke|p2|Arcanine, L50, F|\n|poke|p2|Ting-Lu, L50|\n|poke|p2|Amoonguss, L50, M|\n|poke|p2|Kingambit, L50, F|\n|teampreview|4\nAlaskan_fisher has agreed to open team sheets.\ncatalyst619 has agreed to open team sheets.\n|\n|t:|1682106650\n|start\n|switch|p1a: Palafin|Palafin, L50, F|100\/100\n|switch|p1b: Amoonguss|Amoonguss, L50, F|100\/100\n|switch|p2a: Palafin|Palafin, L50, M|100\/100\n|switch|p2b: Flutter Mane|Flutter Mane, L50|100\/100\n|turn|1\n|\n|t:|1682106695\n|-end|p2b: Flutter Mane|Protosynthesis|[silent]\n|switch|p2b: Amoonguss|Amoonguss, L50, M|100\/100\n|detailschange|p2a: Palafin|Palafin-Hero, L50, M\n|switch|p2a: Arcanine|Arcanine, L50, F|100\/100\n|-ability|p2a: Arcanine|Intimidate|boost\n|-unboost|p1a: Palafin|atk|1\n|-unboost|p1b: Amoonguss|atk|1\n|-terastallize|p1a: Palafin|Water\n|move|p1a: Palafin|Wave Crash|p2a: Arcanine\n|-supereffective|p2a: Arcanine\n|-damage|p2a: Arcanine|7\/100\n|-damage|p1a: Palafin|71\/100|[from] Recoil\n|move|p1b: Amoonguss|Spore|p2b: Amoonguss\n|-immune|p2b: Amoonguss\n|\n|upkeep\n|turn|2\n|\n|t:|1682106733\n|switch|p1b: Baxcalibur|Baxcalibur, L50, M|100\/100\n|move|p2b: Amoonguss|Rage Powder|p2b: Amoonguss\n|-singleturn|p2b: Amoonguss|move: Rage Powder\n|move|p1a: Palafin|Jet Punch|p2b: Amoonguss\n|-resisted|p2b: Amoonguss\n|-damage|p2b: Amoonguss|92\/100\n|move|p2a: Arcanine|Will-O-Wisp|p1a: Palafin\n|-status|p1a: Palafin|brn\n|\n|-damage|p1a: Palafin|65\/100 brn|[from] brn\n|upkeep\n|turn|3\n|\n|t:|1682106788\n|switch|p2a: Palafin|Palafin-Hero, L50, M|100\/100\n|-activate|p2a: Palafin|ability: Zero to Hero\n|move|p2b: Amoonguss|Protect|p2b: Amoonguss\n|-singleturn|p2b: Amoonguss|Protect\n|move|p1b: Baxcalibur|Icicle Spear|p2b: Amoonguss\n|-activate|p2b: Amoonguss|move: Protect\n|move|p1a: Palafin|Wave Crash|p2b: Amoonguss\n|-activate|p2b: Amoonguss|move: Protect\n|\n|-damage|p1a: Palafin|59\/100 brn|[from] brn\n|upkeep\n|turn|4\n|\n|t:|1682106844\n|detailschange|p1a: Palafin|Palafin-Hero, L50, F, tera:Water\n|switch|p1a: Amoonguss|Amoonguss, L50, F|100\/100\n|-terastallize|p2a: Palafin|Water\n|move|p1b: Baxcalibur|Protect|p1b: Baxcalibur\n|-singleturn|p1b: Baxcalibur|Protect\n|move|p2a: Palafin|Wave Crash|p1a: Amoonguss\n|-resisted|p1a: Amoonguss\n|-damage|p1a: Amoonguss|56\/100\n|-damage|p2a: Palafin|85\/100|[from] Recoil\n|move|p2b: Amoonguss|Pollen Puff|p2a: Palafin\n|-heal|p2a: Palafin|100\/100\n|\n|upkeep\n|turn|5\n|\n|t:|1682106879\n|move|p1b: Baxcalibur|Icicle Spear|p2b: Amoonguss\n|-supereffective|p2b: Amoonguss\n|-damage|p2b: Amoonguss|69\/100\n|-supereffective|p2b: Amoonguss\n|-damage|p2b: Amoonguss|46\/100\n|-enditem|p2b: Amoonguss|Sitrus Berry|[eat]\n|-heal|p2b: Amoonguss|71\/100|[from] item: Sitrus Berry\n|-supereffective|p2b: Amoonguss\n|-damage|p2b: Amoonguss|48\/100\n|-supereffective|p2b: Amoonguss\n|-damage|p2b: Amoonguss|23\/100\n|-supereffective|p2b: Amoonguss\n|-damage|p2b: Amoonguss|0 fnt\n|faint|p2b: Amoonguss\n|-hitcount|p2: Amoonguss|5\n|move|p2a: Palafin|Wave Crash|p1b: Baxcalibur\n|-resisted|p1b: Baxcalibur\n|-damage|p1b: Baxcalibur|36\/100\n|-damage|p2a: Palafin|80\/100|[from] Recoil\n|move|p1a: Amoonguss|Spore|p2a: Palafin\n|-status|p2a: Palafin|slp|[from] move: Spore\n|\n|upkeep\n|\n|t:|1682106899\n|switch|p2b: Flutter Mane|Flutter Mane, L50|100\/100\n|turn|6\n|\n|t:|1682106937\n|move|p1b: Baxcalibur|Protect|p1b: Baxcalibur\n|-singleturn|p1b: Baxcalibur|Protect\n|move|p2b: Flutter Mane|Shadow Ball|p1b: Baxcalibur\n|-activate|p1b: Baxcalibur|move: Protect\n|cant|p2a: Palafin|slp\n|move|p1a: Amoonguss|Spore|p2b: Flutter Mane\n|-status|p2b: Flutter Mane|slp|[from] move: Spore\n|\n|upkeep\n|turn|7\n|\n|t:|1682106963\n|move|p1a: Amoonguss|Rage Powder|p1a: Amoonguss\n|-singleturn|p1a: Amoonguss|move: Rage Powder\n|cant|p2b: Flutter Mane|slp\n|move|p1b: Baxcalibur|Icicle Spear|p2b: Flutter Mane\n|-damage|p2b: Flutter Mane|76\/100 slp\n|-damage|p2b: Flutter Mane|48\/100 slp\n|-damage|p2b: Flutter Mane|20\/100 slp\n|-damage|p2b: Flutter Mane|0 fnt\n|faint|p2b: Flutter Mane\n|-end|p2b: Flutter Mane|Protosynthesis|[silent]\n|-hitcount|p2: Flutter Mane|4\n|-curestatus|p2a: Palafin|slp|[msg]\n|move|p2a: Palafin|Wave Crash|p1a: Amoonguss\n|-resisted|p1a: Amoonguss\n|-damage|p1a: Amoonguss|8\/100\n|-enditem|p1a: Amoonguss|Sitrus Berry|[eat]\n|-heal|p1a: Amoonguss|33\/100|[from] item: Sitrus Berry\n|-damage|p2a: Palafin|63\/100|[from] Recoil\n|\n|upkeep\n|\n|t:|1682106981\n|switch|p2b: Arcanine|Arcanine, L50, F|7\/100\n|-ability|p2b: Arcanine|Intimidate|boost\n|-unboost|p1a: Amoonguss|atk|1\n|-unboost|p1b: Baxcalibur|atk|1\n|turn|8\n|\n|t:|1682107021\n|switch|p1a: Palafin|Palafin-Hero, L50, F, tera:Water|59\/100 brn\n|-activate|p1a: Palafin|ability: Zero to Hero\n|move|p1b: Baxcalibur|Protect|p1b: Baxcalibur\n|-singleturn|p1b: Baxcalibur|Protect\n|move|p2b: Arcanine|Extreme Speed|p1a: Palafin\n|-damage|p1a: Palafin|38\/100 brn\n|move|p2a: Palafin|Wave Crash|p1b: Baxcalibur\n|-activate|p1b: Baxcalibur|move: Protect\n|\n|-damage|p1a: Palafin|32\/100 brn|[from] brn\n|upkeep\n|turn|9\n|\n|t:|1682107058\n|move|p2b: Arcanine|Extreme Speed|p1a: Palafin\n|-damage|p1a: Palafin|12\/100 brn\n|move|p1a: Palafin|Jet Punch|p2b: Arcanine\n|-supereffective|p2b: Arcanine\n|-damage|p2b: Arcanine|0 fnt\n|faint|p2b: Arcanine\n|move|p1b: Baxcalibur|Icicle Spear|p2a: Palafin\n|-resisted|p2a: Palafin\n|-damage|p2a: Palafin|58\/100\n|-resisted|p2a: Palafin\n|-damage|p2a: Palafin|54\/100\n|-resisted|p2a: Palafin\n|-damage|p2a: Palafin|50\/100\n|-resisted|p2a: Palafin\n|-damage|p2a: Palafin|46\/100\n|-hitcount|p2a: Palafin|4\n|move|p2a: Palafin|Wave Crash|p1b: Baxcalibur\n|-resisted|p1b: Baxcalibur\n|-damage|p1b: Baxcalibur|0 fnt\n|faint|p1b: Baxcalibur\n|-damage|p2a: Palafin|34\/100|[from] Recoil\n|\n|-damage|p1a: Palafin|6\/100 brn|[from] brn\n|upkeep\n|\n|t:|1682107093\n|switch|p1b: Amoonguss|Amoonguss, L50, F|66\/100\n|turn|10\n|\n|t:|1682107127\n|switch|p1b: Flutter Mane|Flutter Mane, L50|100\/100\n|move|p2a: Palafin|Jet Punch|p1a: Palafin\n|-resisted|p1a: Palafin\n|-damage|p1a: Palafin|0 fnt\n|faint|p1a: Palafin\n|\n|upkeep\n|\n|t:|1682107159\n|switch|p1a: Amoonguss|Amoonguss, L50, F|99\/100\n|turn|11\n|\n|t:|1682107171\n|move|p1b: Flutter Mane|Moonblast|p2a: Palafin\n|-damage|p2a: Palafin|0 fnt\n|faint|p2a: Palafin\n|\n|win|Alaskan_fisher\n|raw|Alaskan_fisher's rating: 1205 → 1231<\/strong> (+26 for winning)\n|raw|catalyst619's rating: 1222 → 1196<\/strong> (-26 for losing)\n|c|\u2606catalyst619|gg wp\n|l|\u2606catalyst619\n|c|\u2606Alaskan_fisher|gg\n","uploadtime":1682107287,"views":18,"p1id":"alaskanfisher","p2id":"catalyst619","formatid":"gen9vgc2023regulationc","rating":1196,"private":0,"password":""}