{"id":"gen9vgc2023regulationc-1853140242","p1":"ItsAMeDiego","p2":"DecidueyeOwlArcher","format":"[Gen 9] VGC 2023 Regulation C","log":"|j|\u2606ItsAMeDiego\n|j|\u2606DecidueyeOwlArcher\n|t:|1682640060\n|gametype|doubles\n|player|p1|ItsAMeDiego|brycenman|1122\n|player|p2|DecidueyeOwlArcher|serena-anime|1170\n|teamsize|p1|6\n|teamsize|p2|6\n|gen|9\n|tier|[Gen 9] VGC 2023 Regulation C\n|rated|\n|rule|Species Clause: Limit one of each Pok\u00e9mon\n|rule|Item Clause: Limit one of each item\n|clearpoke\n|poke|p1|Ting-Lu, L50|\n|poke|p1|Meowscarada, L50, F|\n|poke|p1|Kingambit, L50, M|\n|poke|p1|Tauros-Paldea-Blaze, L50, M|\n|poke|p1|Torkoal, L50, F|\n|poke|p1|Flutter Mane, L50|\n|poke|p2|Flutter Mane, L50|\n|poke|p2|Arcanine, L50, M|\n|poke|p2|Annihilape, L50, F|\n|poke|p2|Talonflame, L50, M|\n|poke|p2|Arboliva, L50, F|\n|poke|p2|Kingambit, L50, M|\n|teampreview|4\n|inactive|Battle timer is ON: inactive players will automatically lose when time's up. (requested by ItsAMeDiego)\n|\n|t:|1682640099\n|start\n|switch|p1a: Meowscarada|Meowscarada, L50, F|100\/100\n|switch|p1b: Tauros|Tauros-Paldea-Blaze, L50, M|100\/100\n|switch|p2a: Greater Hungary|Flutter Mane, L50, shiny|100\/100\n|switch|p2b: Secret Service|Arcanine, L50, M|100\/100\n|-ability|p2b: Secret Service|Intimidate|boost\n|-unboost|p1a: Meowscarada|atk|1\n|-unboost|p1b: Tauros|atk|1\n|turn|1\n|\n|t:|1682640122\n|-terastallize|p2a: Greater Hungary|Fairy\n|move|p1a: Meowscarada|Flower Trick|p1b: Tauros\n|-resisted|p1b: Tauros\n|-crit|p1b: Tauros\n|-damage|p1b: Tauros|74\/100\n|-setboost|p1b: Tauros|atk|6|[from] ability: Anger Point\n|move|p2a: Greater Hungary|Dazzling Gleam|p1a: Meowscarada|[spread] p1a,p1b\n|-supereffective|p1a: Meowscarada\n|-enditem|p1a: Meowscarada|Focus Sash\n|-damage|p1a: Meowscarada|1\/100\n|-damage|p1b: Tauros|0 fnt\n|faint|p1b: Tauros\n|move|p2b: Secret Service|Flare Blitz|p1a: Meowscarada\n|-supereffective|p1a: Meowscarada\n|-crit|p1a: Meowscarada\n|-damage|p1a: Meowscarada|0 fnt\n|faint|p1a: Meowscarada\n|-damage|p2b: Secret Service|99\/100|[from] Recoil\n|\n|upkeep\n|\n|t:|1682640134\n|switch|p1a: Kingambit|Kingambit, L50, M|100\/100\n|switch|p1b: Ting-Lu|Ting-Lu, L50|100\/100\n|-ability|p1b: Ting-Lu|Vessel of Ruin\n|turn|2\n|\n|t:|1682640148\n|-terastallize|p1b: Ting-Lu|Poison\n|move|p2a: Greater Hungary|Dazzling Gleam|p1b: Ting-Lu|[spread] p1a,p1b\n|-resisted|p1b: Ting-Lu\n|-damage|p1a: Kingambit|53\/100\n|-damage|p1b: Ting-Lu|87\/100\n|move|p2b: Secret Service|Flare Blitz|p1a: Kingambit\n|-supereffective|p1a: Kingambit\n|-damage|p1a: Kingambit|0 fnt\n|faint|p1a: Kingambit\n|-damage|p2b: Secret Service|79\/100|[from] Recoil\n|move|p1b: Ting-Lu|Fissure|p2a: Greater Hungary|[miss]\n|-miss|p1b: Ting-Lu|p2a: Greater Hungary\n|\n|upkeep\n|turn|3\n|\n|t:|1682640168\n|-end|p2a: Greater Hungary|Protosynthesis|[silent]\n|switch|p2a: Versailles|Arboliva, L50, F|100\/100\n|move|p2b: Secret Service|Will-O-Wisp|p1b: Ting-Lu\n|-status|p1b: Ting-Lu|brn\n|move|p1b: Ting-Lu|Stomping Tantrum|p2b: Secret Service\n|-supereffective|p2b: Secret Service\n|-damage|p2b: Secret Service|6\/100\n|\n|-damage|p1b: Ting-Lu|81\/100 brn|[from] brn\n|upkeep\n|turn|4\n|\n|t:|1682640187\n|move|p2b: Secret Service|Protect|p2b: Secret Service\n|-singleturn|p2b: Secret Service|Protect\n|move|p2a: Versailles|Strength Sap|p1b: Ting-Lu\n|-unboost|p1b: Ting-Lu|atk|1\n|move|p1b: Ting-Lu|Ruination|p2a: Versailles|[miss]\n|-miss|p1b: Ting-Lu|p2a: Versailles\n|\n|-damage|p1b: Ting-Lu|75\/100 brn|[from] brn\n|upkeep\n|turn|5\n|\n|t:|1682640203\n|move|p2b: Secret Service|Flare Blitz|p1b: Ting-Lu\n|-damage|p1b: Ting-Lu|45\/100 brn\n|-damage|p2b: Secret Service|0 fnt|[from] Recoil\n|faint|p2b: Secret Service\n|move|p2a: Versailles|Strength Sap|p1b: Ting-Lu\n|-unboost|p1b: Ting-Lu|atk|1\n|move|p1b: Ting-Lu|Stomping Tantrum|p2a: Versailles\n|-resisted|p2a: Versailles\n|-damage|p2a: Versailles|94\/100\n|-fieldstart|move: Grassy Terrain|[from] ability: Seed Sower|[of] p2a: Versailles\n|-enditem|p2a: Versailles|Grassy Seed\n|-boost|p2a: Versailles|def|1|[from] item: Grassy Seed\n|\n|-heal|p2a: Versailles|100\/100|[from] Grassy Terrain\n|-heal|p1b: Ting-Lu|51\/100 brn|[from] Grassy Terrain\n|-damage|p1b: Ting-Lu|45\/100 brn|[from] brn\n|upkeep\n|\n|t:|1682640222\n|switch|p2b: Greater Hungary|Flutter Mane, L50, shiny, tera:Fairy|100\/100\n|turn|6\n|\n|t:|1682640228\n|move|p2b: Greater Hungary|Shadow Ball|p1b: Ting-Lu\n|-damage|p1b: Ting-Lu|18\/100 brn\n|-unboost|p1b: Ting-Lu|spd|1\n|move|p2a: Versailles|Strength Sap|p1b: Ting-Lu\n|-unboost|p1b: Ting-Lu|atk|1\n|move|p1b: Ting-Lu|Fissure|p2b: Greater Hungary|[miss]\n|-miss|p1b: Ting-Lu|p2b: Greater Hungary\n|\n|-heal|p1b: Ting-Lu|24\/100 brn|[from] Grassy Terrain\n|-damage|p1b: Ting-Lu|18\/100 brn|[from] brn\n|upkeep\n|turn|7\n|\n|t:|1682640245\n|move|p2b: Greater Hungary|Shadow Ball|p1b: Ting-Lu\n|-damage|p1b: Ting-Lu|0 fnt\n|faint|p1b: Ting-Lu\n|\n|win|DecidueyeOwlArcher\n|raw|ItsAMeDiego's rating: 1122 → 1100<\/strong> (-22 for losing)\n|raw|DecidueyeOwlArcher's rating: 1170 → 1192<\/strong> (+22 for winning)\n|c|\u2606DecidueyeOwlArcher|gg\n|c|\u2606ItsAMeDiego|gg\n|l|\u2606ItsAMeDiego\n","uploadtime":1682640265,"views":5,"p1id":"itsamediego","p2id":"decidueyeowlarcher","formatid":"gen9vgc2023regulationc","rating":1100,"private":0,"password":""}