{"id":"gen9vgc2023regulationc-1846820676","p1":"cap4816","p2":"Slimmora","format":"[Gen 9] VGC 2023 Regulation C","log":"|j|\u2606cap4816\n|j|\u2606Slimmora\n|t:|1681885233\n|gametype|doubles\n|player|p1|cap4816|pokekid|1359\n|player|p2|Slimmora|170|1378\n|teamsize|p1|6\n|teamsize|p2|6\n|gen|9\n|tier|[Gen 9] VGC 2023 Regulation C\n|rated|\n|rule|Species Clause: Limit one of each Pok\u00e9mon\n|rule|Item Clause: Limit one of each item\n|clearpoke\n|poke|p1|Great Tusk, L50|\n|poke|p1|Flutter Mane, L50|\n|poke|p1|Iron Bundle, L50|\n|poke|p1|Chi-Yu, L50|\n|poke|p1|Chien-Pao, L50|\n|poke|p1|Murkrow, L50, M|\n|poke|p2|Iron Bundle, L50|\n|poke|p2|Gallade, L50, M|\n|poke|p2|Corviknight, L50, M|\n|poke|p2|Chien-Pao, L50|\n|poke|p2|Dragapult, L50, F|\n|poke|p2|Azumarill, L50, M|\n|teampreview|4\nSlimmora has agreed to open team sheets.\n|\n|t:|1681885282\n|start\n|switch|p1a: \u8acb\u8a02\u95b1\u99ac\u5361\u6d1b\u59ae|Iron Bundle, L50|100\/100\n|switch|p1b: Yui|Chi-Yu, L50|100\/100\n|switch|p2a: Signed Sealed|Iron Bundle, L50|100\/100\n|switch|p2b: Azumarill|Azumarill, L50, M|100\/100\n|-ability|p1b: Yui|Beads of Ruin\n|-enditem|p2a: Signed Sealed|Booster Energy\n|-activate|p2a: Signed Sealed|ability: Quark Drive|[fromitem]\n|-start|p2a: Signed Sealed|quarkdrivespe\n|turn|1\n|\n|t:|1681885328\n|-terastallize|p1b: Yui|Ghost\n|move|p2a: Signed Sealed|Protect|p2a: Signed Sealed\n|-singleturn|p2a: Signed Sealed|Protect\n|move|p2b: Azumarill|Protect|p2b: Azumarill\n|-singleturn|p2b: Azumarill|Protect\n|move|p1b: Yui|Heat Wave|p2a: Signed Sealed|[spread] \n|-activate|p2a: Signed Sealed|move: Protect\n|-activate|p2b: Azumarill|move: Protect\n|move|p1a: \u8acb\u8a02\u95b1\u99ac\u5361\u6d1b\u59ae|Freeze-Dry|p2b: Azumarill\n|-activate|p2b: Azumarill|move: Protect\n|\n|upkeep\n|turn|2\n|\n|t:|1681885346\n|move|p2b: Azumarill|Aqua Jet|p1b: Yui\n|-damage|p1b: Yui|66\/100\n|move|p2a: Signed Sealed|Hydro Pump|p1b: Yui\n|-damage|p1b: Yui|10\/100\n|move|p1b: Yui|Heat Wave|p2b: Azumarill|[spread] p2a\n|-miss|p1b: Yui|p2b: Azumarill\n|-damage|p2a: Signed Sealed|4\/100\n|move|p1a: \u8acb\u8a02\u95b1\u99ac\u5361\u6d1b\u59ae|Freeze-Dry|p2b: Azumarill\n|-supereffective|p2b: Azumarill\n|-damage|p2b: Azumarill|10\/100\n|\n|upkeep\n|turn|3\n|\n|t:|1681885379\n|move|p2a: Signed Sealed|Protect|p2a: Signed Sealed\n|-singleturn|p2a: Signed Sealed|Protect\n|move|p2b: Azumarill|Protect|p2b: Azumarill\n|-singleturn|p2b: Azumarill|Protect\n|move|p1b: Yui|Heat Wave|p2a: Signed Sealed|[spread] \n|-activate|p2a: Signed Sealed|move: Protect\n|-activate|p2b: Azumarill|move: Protect\n|move|p1a: \u8acb\u8a02\u95b1\u99ac\u5361\u6d1b\u59ae|Icy Wind|p2b: Azumarill|[spread] \n|-activate|p2a: Signed Sealed|move: Protect\n|-activate|p2b: Azumarill|move: Protect\n|\n|upkeep\n|turn|4\n|\n|t:|1681885422\n|switch|p1b: \u9019\u662f\u96ea\u8c79|Chien-Pao, L50|100\/100\n|-ability|p1b: \u9019\u662f\u96ea\u8c79|Sword of Ruin\n|move|p2b: Azumarill|Aqua Jet|p1b: \u9019\u662f\u96ea\u8c79\n|-damage|p1b: \u9019\u662f\u96ea\u8c79|64\/100\n|move|p2a: Signed Sealed|Freeze-Dry|p1a: \u8acb\u8a02\u95b1\u99ac\u5361\u6d1b\u59ae\n|-damage|p1a: \u8acb\u8a02\u95b1\u99ac\u5361\u6d1b\u59ae|26\/100\n|move|p1a: \u8acb\u8a02\u95b1\u99ac\u5361\u6d1b\u59ae|Freeze-Dry|p2b: Azumarill\n|-supereffective|p2b: Azumarill\n|-damage|p2b: Azumarill|0 fnt\n|faint|p2b: Azumarill\n|\n|upkeep\n|\n|t:|1681885437\n|switch|p2b: Dauntless|Corviknight, L50, M|100\/100\n|turn|5\n|\n|t:|1681885459\n|move|p2a: Signed Sealed|Protect|p2a: Signed Sealed\n|-singleturn|p2a: Signed Sealed|Protect\n|move|p1a: \u8acb\u8a02\u95b1\u99ac\u5361\u6d1b\u59ae|Protect|p1a: \u8acb\u8a02\u95b1\u99ac\u5361\u6d1b\u59ae\n|-singleturn|p1a: \u8acb\u8a02\u95b1\u99ac\u5361\u6d1b\u59ae|Protect\n|move|p1b: \u9019\u662f\u96ea\u8c79|Protect|p1b: \u9019\u662f\u96ea\u8c79\n|-singleturn|p1b: \u9019\u662f\u96ea\u8c79|Protect\n|move|p2b: Dauntless|Tailwind|p2b: Dauntless\n|-sidestart|p2: Slimmora|move: Tailwind\n|\n|upkeep\n|turn|6\n|\n|t:|1681885480\n|move|p1b: \u9019\u662f\u96ea\u8c79|Sucker Punch|p2a: Signed Sealed\n|-damage|p2a: Signed Sealed|0 fnt\n|faint|p2a: Signed Sealed\n|-end|p2a: Signed Sealed|Quark Drive|[silent]\n|move|p2b: Dauntless|Iron Head|p1b: \u9019\u662f\u96ea\u8c79\n|-supereffective|p1b: \u9019\u662f\u96ea\u8c79\n|-crit|p1b: \u9019\u662f\u96ea\u8c79\n|-damage|p1b: \u9019\u662f\u96ea\u8c79|0 fnt\n|faint|p1b: \u9019\u662f\u96ea\u8c79\n|move|p1a: \u8acb\u8a02\u95b1\u99ac\u5361\u6d1b\u59ae|Encore|p2b: Dauntless\n|-start|p2b: Dauntless|Encore\n|\n|upkeep\n|\n|t:|1681885496\n|switch|p2a: Cut em Off|Gallade, L50, M|100\/100\n|switch|p1b: \u7956\u6bcd\u7da0|Flutter Mane, L50|100\/100\n|-enditem|p1b: \u7956\u6bcd\u7da0|Booster Energy\n|-activate|p1b: \u7956\u6bcd\u7da0|ability: Protosynthesis|[fromitem]\n|-start|p1b: \u7956\u6bcd\u7da0|protosynthesisspa\n|turn|7\n|\n|t:|1681885550\n|move|p1a: \u8acb\u8a02\u95b1\u99ac\u5361\u6d1b\u59ae|Protect|p1a: \u8acb\u8a02\u95b1\u99ac\u5361\u6d1b\u59ae\n|-singleturn|p1a: \u8acb\u8a02\u95b1\u99ac\u5361\u6d1b\u59ae|Protect\n|move|p1b: \u7956\u6bcd\u7da0|Protect|p1b: \u7956\u6bcd\u7da0\n|-singleturn|p1b: \u7956\u6bcd\u7da0|Protect\n|move|p2a: Cut em Off|Psycho Cut|p1b: \u7956\u6bcd\u7da0\n|-activate|p1b: \u7956\u6bcd\u7da0|move: Protect\n|move|p2b: Dauntless|Iron Head|p1b: \u7956\u6bcd\u7da0\n|-activate|p1b: \u7956\u6bcd\u7da0|move: Protect\n|\n|upkeep\n|turn|8\n|\n|t:|1681885572\n|move|p2a: Cut em Off|Psycho Cut|p1b: \u7956\u6bcd\u7da0\n|-damage|p1b: \u7956\u6bcd\u7da0|20\/100\n|move|p2b: Dauntless|Iron Head|p1b: \u7956\u6bcd\u7da0\n|-supereffective|p1b: \u7956\u6bcd\u7da0\n|-damage|p1b: \u7956\u6bcd\u7da0|0 fnt\n|faint|p1b: \u7956\u6bcd\u7da0\n|-end|p1b: \u7956\u6bcd\u7da0|Protosynthesis|[silent]\n|move|p1a: \u8acb\u8a02\u95b1\u99ac\u5361\u6d1b\u59ae|Icy Wind|p2a: Cut em Off|[spread] p2a,p2b\n|-damage|p2a: Cut em Off|80\/100\n|-damage|p2b: Dauntless|81\/100\n|-unboost|p2a: Cut em Off|spe|1\n|-ability|p2b: Dauntless|Mirror Armor\n|-unboost|p1a: \u8acb\u8a02\u95b1\u99ac\u5361\u6d1b\u59ae|spe|1\n|\n|-heal|p2b: Dauntless|87\/100|[from] item: Leftovers\n|-sideend|p2: Slimmora|move: Tailwind\n|upkeep\n|\n|t:|1681885582\n|switch|p1b: Yui|Chi-Yu, L50, tera:Ghost|10\/100\n|-ability|p1b: Yui|Beads of Ruin\n|turn|9\n|\n|t:|1681885612\n|-terastallize|p2b: Dauntless|Dragon\n|move|p2a: Cut em Off|Protect|p2a: Cut em Off\n|-singleturn|p2a: Cut em Off|Protect\n|move|p1b: Yui|Heat Wave|p2a: Cut em Off|[spread] p2b\n|-activate|p2a: Cut em Off|move: Protect\n|-resisted|p2b: Dauntless\n|-damage|p2b: Dauntless|68\/100\n|move|p1a: \u8acb\u8a02\u95b1\u99ac\u5361\u6d1b\u59ae|Freeze-Dry|p2a: Cut em Off\n|-activate|p2a: Cut em Off|move: Protect\n|move|p2b: Dauntless|Iron Head|p1b: Yui\n|-damage|p1b: Yui|0 fnt\n|faint|p1b: Yui\n|\n|-heal|p2b: Dauntless|73\/100|[from] item: Leftovers\n|-end|p2b: Dauntless|Encore\n|upkeep\n|turn|10\n|\n|t:|1681885633\n|move|p1a: \u8acb\u8a02\u95b1\u99ac\u5361\u6d1b\u59ae|Freeze-Dry|p2b: Dauntless\n|-supereffective|p2b: Dauntless\n|-damage|p2b: Dauntless|15\/100\n|move|p2b: Dauntless|Iron Head|p1a: \u8acb\u8a02\u95b1\u99ac\u5361\u6d1b\u59ae\n|-damage|p1a: \u8acb\u8a02\u95b1\u99ac\u5361\u6d1b\u59ae|0 fnt\n|faint|p1a: \u8acb\u8a02\u95b1\u99ac\u5361\u6d1b\u59ae\n|-end|p1a: \u8acb\u8a02\u95b1\u99ac\u5361\u6d1b\u59ae|Quark Drive|[silent]\n|\n|win|Slimmora\n|raw|cap4816's rating: 1359 → 1340<\/strong> (-19 for losing)\n|raw|Slimmora's rating: 1378 → 1397<\/strong> (+19 for winning)\n","uploadtime":1681885643,"views":11,"p1id":"cap4816","p2id":"slimmora","formatid":"gen9vgc2023regulationc","rating":1340,"private":0,"password":""}