{"id":"gen9vgc2023regulationc-1860511426","p1":"taterstotz","p2":"BlueFlamingo453","format":"[Gen 9] VGC 2023 Regulation C","log":"|j|\u2606taterstotz\n|j|\u203dBlueFlamingo453\n|t:|1683650487\n|gametype|doubles\n|player|p1|taterstotz|266|1177\n|player|p2|BlueFlamingo453|cynthia-gen4|1240\n|teamsize|p1|6\n|teamsize|p2|6\n|gen|9\n|tier|[Gen 9] VGC 2023 Regulation C\n|rated|\n|rule|Species Clause: Limit one of each Pok\u00e9mon\n|rule|Item Clause: Limit one of each item\n|clearpoke\n|poke|p1|Palafin, L50, F|\n|poke|p1|Pelipper, L50, M|\n|poke|p1|Amoonguss, L50, F|\n|poke|p1|Scream Tail, L50|\n|poke|p1|Gothitelle, L50, F|\n|poke|p1|Ceruledge, L50, F|\n|poke|p2|Amoonguss, L50, F|\n|poke|p2|Gyarados, L50, M|\n|poke|p2|Skeledirge, L50, F|\n|poke|p2|Kingambit, L50, M|\n|poke|p2|Garchomp, L50, F|\n|poke|p2|Flutter Mane, L50|\n|teampreview|4\n|inactive|Battle timer is ON: inactive players will automatically lose when time's up. (requested by taterstotz)\ntaterstotz has agreed to open team sheets.\n|inactive|BlueFlamingo453 has 60 seconds left.\n|\n|t:|1683650543\n|start\n|switch|p1a: Palafin|Palafin, L50, F|100\/100\n|switch|p1b: Scream Tail|Scream Tail, L50|100\/100\n|switch|p2a: Kingambit|Kingambit, L50, M, shiny|100\/100\n|switch|p2b: Garchomp|Garchomp, L50, F|100\/100\n|-enditem|p1b: Scream Tail|Booster Energy\n|-activate|p1b: Scream Tail|ability: Protosynthesis|[fromitem]\n|-start|p1b: Scream Tail|protosynthesisspe\n|turn|1\n|\n|t:|1683650561\n|detailschange|p1a: Palafin|Palafin-Hero, L50, F\n|switch|p1a: Pelipper|Pelipper, L50, M|100\/100\n|-weather|RainDance|[from] ability: Drizzle|[of] p1a: Pelipper\n|-terastallize|p2a: Kingambit|Flying\n|move|p1b: Scream Tail|Protect|p1b: Scream Tail\n|-singleturn|p1b: Scream Tail|Protect\n|move|p2b: Garchomp|Earthquake|p1b: Scream Tail|[spread] \n|-activate|p1b: Scream Tail|move: Protect\n|-immune|p2a: Kingambit\n|-immune|p1a: Pelipper\n|move|p2a: Kingambit|Iron Head|p1b: Scream Tail\n|-activate|p1b: Scream Tail|move: Protect\n|\n|-weather|RainDance|[upkeep]\n|upkeep\n|turn|2\n|inactive|taterstotz has 30 seconds left.\n|\n|t:|1683650595\n|switch|p2b: Gyarados|Gyarados, L50, M|100\/100\n|-ability|p2b: Gyarados|Intimidate|boost\n|-unboost|p1a: Pelipper|atk|1\n|-unboost|p1b: Scream Tail|atk|1\n|move|p1a: Pelipper|Wide Guard|p1a: Pelipper\n|-singleturn|p1a: Pelipper|Wide Guard\n|move|p1b: Scream Tail|Disable|p2a: Kingambit\n|-start|p2a: Kingambit|Disable|Iron Head\n|cant|p2a: Kingambit|Disable|Iron Head\n|\n|-weather|RainDance|[upkeep]\n|upkeep\n|turn|3\n|inactive|taterstotz has 30 seconds left.\n|\n|t:|1683650623\n|switch|p1a: Gothitelle|Gothitelle, L50, F|100\/100\n|move|p1b: Scream Tail|Protect|p1b: Scream Tail\n|-singleturn|p1b: Scream Tail|Protect\n|move|p2b: Gyarados|Taunt|p1b: Scream Tail\n|-activate|p1b: Scream Tail|move: Protect\n|move|p2a: Kingambit|Kowtow Cleave|p1a: Gothitelle\n|-supereffective|p1a: Gothitelle\n|-damage|p1a: Gothitelle|27\/100\n|\n|-weather|RainDance|[upkeep]\n|upkeep\n|turn|4\n|\n|t:|1683650636\n|move|p1a: Gothitelle|Fake Out|p2a: Kingambit\n|-crit|p2a: Kingambit\n|-damage|p2a: Kingambit|94\/100\n|move|p1b: Scream Tail|Perish Song|p1b: Scream Tail\n|-start|p1a: Gothitelle|perish3|[silent]\n|-start|p1b: Scream Tail|perish3|[silent]\n|-start|p2a: Kingambit|perish3|[silent]\n|-start|p2b: Gyarados|perish3|[silent]\n|-fieldactivate|move: Perish Song\n|move|p2b: Gyarados|Waterfall|p1a: Gothitelle\n|-damage|p1a: Gothitelle|0 fnt\n|faint|p1a: Gothitelle\n|cant|p2a: Kingambit|flinch\n|\n|-weather|RainDance|[upkeep]\n|-start|p1b: Scream Tail|perish3\n|-start|p2b: Gyarados|perish3\n|-start|p2a: Kingambit|perish3\n|upkeep\n|\n|t:|1683650643\n|switch|p1a: Palafin|Palafin-Hero, L50, F|100\/100\n|-activate|p1a: Palafin|ability: Zero to Hero\n|turn|5\n|\n|t:|1683650652\n|-terastallize|p1a: Palafin|Water\n|move|p2a: Kingambit|Sucker Punch|p1a: Palafin\n|-damage|p1a: Palafin|54\/100\n|move|p1b: Scream Tail|Disable|p2b: Gyarados\n|-start|p2b: Gyarados|Disable|Waterfall\n|move|p1a: Palafin|Wave Crash|p2b: Gyarados\n|-resisted|p2b: Gyarados\n|-damage|p2b: Gyarados|6\/100\n|-damage|p1a: Palafin|19\/100|[from] Recoil\n|move|p2b: Gyarados|Thunder Wave|p1a: Palafin\n|-status|p1a: Palafin|par\n|\n|-weather|none\n|-end|p2a: Kingambit|Disable\n|-start|p1b: Scream Tail|perish2\n|-start|p2b: Gyarados|perish2\n|-start|p2a: Kingambit|perish2\n|upkeep\n|turn|6\n|\n|t:|1683650671\n|move|p1a: Palafin|Protect|p1a: Palafin\n|-singleturn|p1a: Palafin|Protect\n|move|p2a: Kingambit|Sucker Punch||[still]\n|-fail|p2a: Kingambit\n|move|p1b: Scream Tail|Encore|p2a: Kingambit\n|-start|p2a: Kingambit|Encore\n|move|p2b: Gyarados|Taunt|p1b: Scream Tail\n|-start|p1b: Scream Tail|move: Taunt\n|\n|-start|p1b: Scream Tail|perish1\n|-start|p2b: Gyarados|perish1\n|-start|p2a: Kingambit|perish1\n|upkeep\n|turn|7\n|\n|t:|1683650687\n|-end|p1b: Scream Tail|Protosynthesis|[silent]\n|switch|p1b: Pelipper|Pelipper, L50, M|100\/100\n|-weather|RainDance|[from] ability: Drizzle|[of] p1b: Pelipper\n|move|p1a: Palafin|Jet Punch|p2b: Gyarados\n|-resisted|p2b: Gyarados\n|-damage|p2b: Gyarados|0 fnt\n|faint|p2b: Gyarados\n|move|p2a: Kingambit|Sucker Punch||[still]\n|-fail|p2a: Kingambit\n|\n|-weather|RainDance|[upkeep]\n|-start|p2a: Kingambit|perish0\n|upkeep\n|faint|p2a: Kingambit\n|\n|t:|1683650700\n|switch|p2b: Garchomp|Garchomp, L50, F|100\/100\n|switch|p2a: Flutter Mane|Flutter Mane, L50|100\/100\n|turn|8\n|\n|t:|1683650714\n|move|p1a: Palafin|Protect|p1a: Palafin\n|-singleturn|p1a: Palafin|Protect\n|move|p2b: Garchomp|Rock Slide|p1a: Palafin|[spread] p1b\n|-activate|p1a: Palafin|move: Protect\n|-supereffective|p1b: Pelipper\n|-damage|p1b: Pelipper|60\/100\n|move|p2a: Flutter Mane|Thunderbolt|p1b: Pelipper\n|-supereffective|p1b: Pelipper\n|-damage|p1b: Pelipper|0 fnt\n|faint|p1b: Pelipper\n|\n|-weather|RainDance|[upkeep]\n|upkeep\n|\n|t:|1683650723\n|switch|p1b: Scream Tail|Scream Tail, L50|100\/100\n|turn|9\n|\n|t:|1683650729\n|move|p1a: Palafin|Jet Punch|p2a: Flutter Mane\n|-damage|p2a: Flutter Mane|0 fnt\n|faint|p2a: Flutter Mane\n|-end|p2a: Flutter Mane|Protosynthesis|[silent]\n|move|p2b: Garchomp|Rock Slide|p1b: Scream Tail|[spread] p1a,p1b\n|-crit|p1a: Palafin\n|-damage|p1a: Palafin|0 fnt\n|-damage|p1b: Scream Tail|81\/100\n|faint|p1a: Palafin\n|cant|p1b: Scream Tail|flinch\n|\n|-weather|RainDance|[upkeep]\n|upkeep\n|turn|10\n|\n|t:|1683650738\n|move|p2b: Garchomp|Rock Slide|p1b: Scream Tail\n|-damage|p1b: Scream Tail|58\/100\n|move|p1b: Scream Tail|Disable|p2b: Garchomp\n|-start|p2b: Garchomp|Disable|Rock Slide\n|\n|-weather|RainDance|[upkeep]\n|upkeep\n|turn|11\n|\n|t:|1683650743\n|-activate|p2b: Garchomp|move: Struggle\n|move|p2b: Garchomp|Struggle|p1b: Scream Tail\n|-damage|p1b: Scream Tail|43\/100\n|-damage|p2b: Garchomp|75\/100|[from] recoil\n|move|p1b: Scream Tail|Perish Song|p1b: Scream Tail\n|-start|p1b: Scream Tail|perish3|[silent]\n|-start|p2b: Garchomp|perish3|[silent]\n|-fieldactivate|move: Perish Song\n|\n|-weather|none\n|-start|p2b: Garchomp|perish3\n|-start|p1b: Scream Tail|perish3\n|upkeep\n|turn|12\n|\n|t:|1683650750\n|move|p1b: Scream Tail|Protect|p1b: Scream Tail\n|-singleturn|p1b: Scream Tail|Protect\n|-activate|p2b: Garchomp|move: Struggle\n|move|p2b: Garchomp|Struggle|p1b: Scream Tail\n|-activate|p1b: Scream Tail|move: Protect\n|\n|-start|p2b: Garchomp|perish2\n|-start|p1b: Scream Tail|perish2\n|upkeep\n|turn|13\n|\n|t:|1683650753\n|move|p1b: Scream Tail|Protect||[still]\n|-fail|p1b: Scream Tail\n|-activate|p2b: Garchomp|move: Struggle\n|move|p2b: Garchomp|Struggle|p1b: Scream Tail\n|-damage|p1b: Scream Tail|26\/100\n|-damage|p2b: Garchomp|50\/100|[from] recoil\n|\n|-start|p2b: Garchomp|perish1\n|-start|p1b: Scream Tail|perish1\n|upkeep\n|turn|14\n|-message|BlueFlamingo453 forfeited.\n|\n|win|taterstotz\n|raw|taterstotz's rating: 1177 → 1206<\/strong> (+29 for winning)\n|raw|BlueFlamingo453's rating: 1240 → 1211<\/strong> (-29 for losing)\n|l|\u203dBlueFlamingo453\n","uploadtime":1683650782,"views":17,"p1id":"taterstotz","p2id":"blueflamingo453","formatid":"gen9vgc2023regulationc","rating":1206,"private":0,"password":""}