{"id":"gen9vgc2023regulationc-1851017127","p1":"icedragonkid105","p2":"number86","format":"[Gen 9] VGC 2023 Regulation C","log":"|j|\u2606icedragonkid105\n|j|\u2606number86\n|t:|1682394596\n|gametype|doubles\n|player|p1|icedragonkid105|policeman-gen4|1169\n|player|p2|number86|266|1249\n|teamsize|p1|6\n|teamsize|p2|6\n|gen|9\n|tier|[Gen 9] VGC 2023 Regulation C\n|rated|\n|rule|Species Clause: Limit one of each Pok\u00e9mon\n|rule|Item Clause: Limit one of each item\n|clearpoke\n|poke|p1|Baxcalibur, L50, M|\n|poke|p1|Flutter Mane, L50|\n|poke|p1|Chi-Yu, L50|\n|poke|p1|Gastrodon-East, L50, F|\n|poke|p1|Iron Bundle, L50|\n|poke|p1|Arcanine, L50, F|\n|poke|p2|Palafin, L50, F|\n|poke|p2|Arcanine, L50, F|\n|poke|p2|Amoonguss, L50, M|\n|poke|p2|Flutter Mane, L50|\n|poke|p2|Ting-Lu, L50|\n|poke|p2|Kingambit, L50, M|\n|teampreview|4\nnumber86 has agreed to open team sheets.\nicedragonkid105 has agreed to open team sheets.\n|\n|t:|1682394677\n|start\n|switch|p1a: Glacius|Baxcalibur, L50, M|100\/100\n|switch|p1b: Wreckingball|Chi-Yu, L50|100\/100\n|switch|p2a: Arcanine|Arcanine, L50, F|100\/100\n|switch|p2b: Ting-Lu|Ting-Lu, L50|100\/100\n|-ability|p1b: Wreckingball|Beads of Ruin\n|-ability|p2a: Arcanine|Intimidate|boost\n|-fail|p1a: Glacius|unboost|[from] item: Clear Amulet|[of] p1a: Glacius\n|-unboost|p1b: Wreckingball|atk|1\n|-ability|p2b: Ting-Lu|Vessel of Ruin\n|turn|1\n|\n|t:|1682394708\n|switch|p1b: K-9|Arcanine, L50, F|100\/100\n|-ability|p1b: K-9|Intimidate|boost\n|-unboost|p2a: Arcanine|atk|1\n|-unboost|p2b: Ting-Lu|atk|1\n|-terastallize|p2b: Ting-Lu|Poison\n|move|p2a: Arcanine|Snarl|p1a: Glacius|[spread] p1a,p1b\n|-damage|p1a: Glacius|94\/100\n|-damage|p1b: K-9|93\/100\n|-unboost|p1b: K-9|spa|1\n|move|p1a: Glacius|Icicle Crash|p2b: Ting-Lu\n|-crit|p2b: Ting-Lu\n|-damage|p2b: Ting-Lu|50\/100\n|move|p2b: Ting-Lu|Ruination|p1a: Glacius\n|-damage|p1a: Glacius|48\/100\n|\n|upkeep\n|turn|2\n|inactive|Battle timer is ON: inactive players will automatically lose when time's up. (requested by icedragonkid105)\n|inactive|icedragonkid105 has 60 seconds left.\n|inactive|number86 has 60 seconds left.\n|\n|t:|1682394768\n|switch|p2b: Flutter Mane|Flutter Mane, L50|100\/100\n|-enditem|p2b: Flutter Mane|Booster Energy\n|-activate|p2b: Flutter Mane|ability: Protosynthesis|[fromitem]\n|-start|p2b: Flutter Mane|protosynthesisspa\n|move|p1b: K-9|Howl|p1b: K-9|[spread] p1a,p1b\n|-boost|p1a: Glacius|atk|1\n|-boost|p1b: K-9|atk|1\n|move|p2a: Arcanine|Flare Blitz|p1a: Glacius\n|-damage|p1a: Glacius|20\/100\n|-ability|p1a: Glacius|Thermal Exchange|boost\n|-boost|p1a: Glacius|atk|1\n|-damage|p2a: Arcanine|90\/100|[from] Recoil\n|move|p1a: Glacius|Glaive Rush|p2b: Flutter Mane\n|-immune|p2b: Flutter Mane\n|\n|upkeep\n|turn|3\n|inactive|number86 has 30 seconds left.\n|\n|t:|1682394802\n|move|p2b: Flutter Mane|Protect|p2b: Flutter Mane\n|-singleturn|p2b: Flutter Mane|Protect\n|move|p1a: Glacius|Protect|p1a: Glacius\n|-singleturn|p1a: Glacius|Protect\n|move|p1b: K-9|Flare Blitz|p2b: Flutter Mane\n|-activate|p2b: Flutter Mane|move: Protect\n|move|p2a: Arcanine|Flare Blitz|p1a: Glacius\n|-activate|p1a: Glacius|move: Protect\n|\n|upkeep\n|turn|4\n|inactive|number86 has 30 seconds left.\n|\n|t:|1682394835\n|move|p1a: Glacius|Ice Shard|p2b: Flutter Mane\n|-crit|p2b: Flutter Mane\n|-damage|p2b: Flutter Mane|0 fnt\n|faint|p2b: Flutter Mane\n|-end|p2b: Flutter Mane|Protosynthesis|[silent]\n|move|p1b: K-9|Flare Blitz|p2a: Arcanine\n|-resisted|p2a: Arcanine\n|-damage|p2a: Arcanine|51\/100\n|-damage|p1b: K-9|77\/100|[from] Recoil\n|move|p2a: Arcanine|Flare Blitz|p1a: Glacius\n|-damage|p1a: Glacius|0 fnt\n|faint|p1a: Glacius\n|-damage|p2a: Arcanine|44\/100|[from] Recoil\n|\n|upkeep\n|\n|t:|1682394856\n|switch|p2b: Ting-Lu|Ting-Lu, L50, tera:Poison|50\/100\n|switch|p1a: Wreckingball|Chi-Yu, L50|100\/100\n|-ability|p1a: Wreckingball|Beads of Ruin\n|-ability|p2b: Ting-Lu|Vessel of Ruin\n|turn|5\n|inactive|icedragonkid105 has 30 seconds left.\n|\n|t:|1682394884\n|switch|p2a: Amoonguss|Amoonguss, L50, M|100\/100\n|move|p1a: Wreckingball|Heat Wave|p2a: Amoonguss|[spread] p2a,p2b\n|-supereffective|p2a: Amoonguss\n|-damage|p2a: Amoonguss|40\/100\n|-damage|p2b: Ting-Lu|34\/100\n|move|p1b: K-9|Flare Blitz|p2b: Ting-Lu\n|-damage|p2b: Ting-Lu|0 fnt\n|faint|p2b: Ting-Lu\n|-damage|p1b: K-9|60\/100|[from] Recoil\n|\n|upkeep\n|-message|number86 forfeited.\n|\n|win|icedragonkid105\n|raw|icedragonkid105's rating: 1169 → 1200<\/strong> (+31 for winning)\n|raw|number86's rating: 1249 → 1218<\/strong> (-31 for losing)\n|l|\u2606number86\n","uploadtime":1682394907,"views":10,"p1id":"icedragonkid105","p2id":"number86","formatid":"gen9vgc2023regulationc","rating":1200,"private":0,"password":""}