{"id":"gen9vgc2023regulationc-1863835548","p1":"VeeGey","p2":"SlavicAfrican","format":"[Gen 9] VGC 2023 Regulation C","log":"|j|\u2606VeeGey\n|j|\u2606SlavicAfrican\n|t:|1684083518\n|gametype|doubles\n|player|p1|VeeGey|riley|1006\n|player|p2|SlavicAfrican|169|1000\n|teamsize|p1|6\n|teamsize|p2|6\n|gen|9\n|tier|[Gen 9] VGC 2023 Regulation C\n|rated|\n|rule|Species Clause: Limit one of each Pok\u00e9mon\n|rule|Item Clause: Limit one of each item\n|clearpoke\n|poke|p1|Barraskewda, L50, F|\n|poke|p1|Pelipper, L50, F|\n|poke|p1|Golduck, L50, M|\n|poke|p1|Tsareena, L50, F|\n|poke|p1|Scream Tail, L50|\n|poke|p1|Electrode, L50|\n|poke|p2|Cyclizar, L50, M|\n|poke|p2|Rotom-Wash, L50|\n|poke|p2|Skeledirge, L50, M|\n|poke|p2|Gothitelle, L50, F|\n|poke|p2|Corviknight, L50, F|\n|poke|p2|Kingambit, L50, M|\n|teampreview|4\n|inactive|Battle timer is ON: inactive players will automatically lose when time's up. (requested by VeeGey)\n|inactive|VeeGey has 60 seconds left.\n|inactive|SlavicAfrican has 60 seconds left.\n|\n|t:|1684083570\n|start\n|switch|p1a: Pelipper|Pelipper, L50, F|100\/100\n|switch|p1b: Electrode|Electrode, L50|100\/100\n|switch|p2a: Cyclizar|Cyclizar, L50, M|100\/100\n|switch|p2b: Gothitelle|Gothitelle, L50, F|100\/100\n|-weather|RainDance|[from] ability: Drizzle|[of] p1a: Pelipper\n|turn|1\n|inactive|SlavicAfrican has 30 seconds left.\n|\n|t:|1684083597\n|move|p2b: Gothitelle|Fake Out|p1b: Electrode\n|-damage|p1b: Electrode|90\/100\n|cant|p1b: Electrode|flinch\n|move|p2a: Cyclizar|Shed Tail|p2a: Cyclizar\n|-start|p2a: Cyclizar|Substitute|[from] move: Shed Tail\n|-damage|p2a: Cyclizar|50\/100\n|-enditem|p2a: Cyclizar|Sitrus Berry|[eat]\n|-heal|p2a: Cyclizar|75\/100|[from] item: Sitrus Berry\n|\n|t:|1684083611\n|switch|p2a: Corviknight|Corviknight, L50, F|100\/100|[from] Shed Tail\n|-ability|p2a: Corviknight|Pressure\n|move|p1a: Pelipper|Tailwind|p1a: Pelipper\n|-sidestart|p1: VeeGey|move: Tailwind\n|\n|-weather|RainDance|[upkeep]\n|upkeep\n|turn|2\n|\n|t:|1684083629\n|switch|p2b: Cyclizar|Cyclizar, L50, M|100\/100\n|move|p1b: Electrode|Taunt|p2a: Corviknight\n|-start|p2a: Corviknight|move: Taunt\n|move|p1a: Pelipper|Hurricane|p2b: Cyclizar\n|-damage|p2b: Cyclizar|52\/100\n|-start|p2b: Cyclizar|confusion\n|cant|p2a: Corviknight|move: Taunt|Bulk Up\n|\n|-weather|RainDance|[upkeep]\n|upkeep\n|turn|3\n|inactive|SlavicAfrican has 30 seconds left.\n|\n|t:|1684083657\n|move|p1b: Electrode|Thunder|p2b: Cyclizar\n|-resisted|p2b: Cyclizar\n|-damage|p2b: Cyclizar|20\/100\n|-activate|p2b: Cyclizar|confusion\n|move|p2b: Cyclizar|Shed Tail|p2b: Cyclizar\n|-fail|p2b: Cyclizar|move: Shed Tail|[weak]\n|move|p1a: Pelipper|Hurricane|p2a: Corviknight\n|-resisted|p2a: Corviknight\n|-activate|p2a: Corviknight|move: Substitute|[damage]\n|move|p2a: Corviknight|Brave Bird|p1a: Pelipper\n|-damage|p1a: Pelipper|59\/100\n|-damage|p2a: Corviknight|89\/100|[from] Recoil\n|\n|-weather|RainDance|[upkeep]\n|upkeep\n|turn|4\n|inactive|SlavicAfrican has 30 seconds left.\n|\n|t:|1684083684\n|switch|p2b: Gothitelle|Gothitelle, L50, F|100\/100\n|move|p1b: Electrode|Thunder|p2a: Corviknight\n|-supereffective|p2a: Corviknight\n|-end|p2a: Corviknight|Substitute\n|move|p1a: Pelipper|Hurricane|p2b: Gothitelle\n|-damage|p2b: Gothitelle|56\/100\n|move|p2a: Corviknight|Brave Bird|p1a: Pelipper\n|-crit|p1a: Pelipper\n|-damage|p1a: Pelipper|0 fnt\n|faint|p1a: Pelipper\n|-damage|p2a: Corviknight|74\/100|[from] Recoil\n|\n|-weather|RainDance|[upkeep]\n|-end|p2a: Corviknight|move: Taunt\n|-sideend|p1: VeeGey|move: Tailwind\n|upkeep\n|\n|t:|1684083692\n|switch|p1a: Scream Tail|Scream Tail, L50|100\/100\n|-enditem|p1a: Scream Tail|Booster Energy\n|-activate|p1a: Scream Tail|ability: Protosynthesis|[fromitem]\n|-start|p1a: Scream Tail|protosynthesisspd\n|turn|5\n|\n|t:|1684083711\n|move|p2b: Gothitelle|Fake Out|p1b: Electrode\n|-damage|p1b: Electrode|80\/100\n|cant|p1b: Electrode|flinch\n|move|p1a: Scream Tail|Bulk Up|p1a: Scream Tail\n|-boost|p1a: Scream Tail|atk|1\n|-boost|p1a: Scream Tail|def|1\n|move|p2a: Corviknight|Tailwind|p2a: Corviknight\n|-sidestart|p2: SlavicAfrican|move: Tailwind\n|\n|-weather|RainDance|[upkeep]\n|upkeep\n|turn|6\n|inactive|SlavicAfrican has 30 seconds left.\n|inactive|SlavicAfrican has 20 seconds left.\n|inactive|SlavicAfrican has 15 seconds left.\n|inactive|SlavicAfrican has 10 seconds left.\n|\n|t:|1684083758\n|switch|p2b: Skeledirge|Skeledirge, L50, M|100\/100\n|move|p1b: Electrode|Thunder|p2a: Corviknight\n|-supereffective|p2a: Corviknight\n|-damage|p2a: Corviknight|0 fnt\n|faint|p2a: Corviknight\n|move|p1a: Scream Tail|Bulk Up|p1a: Scream Tail\n|-boost|p1a: Scream Tail|atk|1\n|-boost|p1a: Scream Tail|def|1\n|\n|-weather|RainDance|[upkeep]\n|upkeep\n|\n|t:|1684083775\n|switch|p2a: Gothitelle|Gothitelle, L50, F|56\/100\n|turn|7\n|\n|t:|1684083799\n|-terastallize|p1a: Scream Tail|Steel\n|move|p2a: Gothitelle|Trick|p1a: Scream Tail\n|-activate|p2a: Gothitelle|move: Trick|[of] p1a: Scream Tail\n|-item|p1a: Scream Tail|Choice Specs|[from] move: Trick\n|-enditem|p2a: Gothitelle|Choice Specs|[silent]|[from] move: Trick\n|move|p1b: Electrode|Thunder|p2b: Skeledirge\n|-damage|p2b: Skeledirge|62\/100\n|-status|p2b: Skeledirge|par\n|move|p1a: Scream Tail|Play Rough|p2a: Gothitelle\n|-damage|p2a: Gothitelle|0 fnt\n|faint|p2a: Gothitelle\n|move|p2b: Skeledirge|Torch Song|p1a: Scream Tail\n|-supereffective|p1a: Scream Tail\n|-damage|p1a: Scream Tail|80\/100\n|-boost|p2b: Skeledirge|spa|1\n|-enditem|p2b: Skeledirge|Throat Spray\n|-boost|p2b: Skeledirge|spa|1|[from] item: Throat Spray\n|\n|-weather|RainDance|[upkeep]\n|upkeep\n|\n|t:|1684083816\n|switch|p2a: Cyclizar|Cyclizar, L50, M|53\/100\n|turn|8\n|\n|t:|1684083839\n|-terastallize|p2b: Skeledirge|Fire\n|move|p2a: Cyclizar|Dragon Claw|p1b: Electrode\n|-damage|p1b: Electrode|33\/100\n|move|p1b: Electrode|Thunder|p2b: Skeledirge\n|-damage|p2b: Skeledirge|29\/100 par\n|move|p1a: Scream Tail|Play Rough|p2a: Cyclizar\n|-supereffective|p2a: Cyclizar\n|-damage|p2a: Cyclizar|0 fnt\n|faint|p2a: Cyclizar\n|cant|p2b: Skeledirge|par\n|\n|-weather|none\n|-sideend|p2: SlavicAfrican|move: Tailwind\n|upkeep\n|turn|9\n|\n|t:|1684083860\n|move|p1b: Electrode|Hyper Beam|p2b: Skeledirge\n|-damage|p2b: Skeledirge|0 fnt\n|-mustrecharge|p1b: Electrode\n|faint|p2b: Skeledirge\n|\n|win|VeeGey\n|raw|VeeGey's rating: 1006 → 1044<\/strong> (+38 for winning)\n|raw|SlavicAfrican's rating: 1000 → 1000<\/strong> (+0 for losing)\n|c|\u2606VeeGey|Gg\n","uploadtime":1684083883,"views":10,"p1id":"veegey","p2id":"slavicafrican","formatid":"gen9vgc2023regulationc","rating":1000,"private":0,"password":""}