{"id":"gen9vgc2023regulationc-1859820009","p1":"ScolipedeScogliosi","p2":"Mlemcorice","format":"[Gen 9] VGC 2023 Regulation C","log":"|j|\u2606ScolipedeScogliosi\n|j|\u2606Mlemcorice\n|t:|1683567236\n|gametype|doubles\n|player|p1|ScolipedeScogliosi|swimmer|\n|player|p2|Mlemcorice|169|\n|teamsize|p1|6\n|teamsize|p2|6\n|gen|9\n|tier|[Gen 9] VGC 2023 Regulation C\n|rule|Species Clause: Limit one of each Pok\u00e9mon\n|rule|Item Clause: Limit one of each item\n|clearpoke\n|poke|p1|Volcarona, L50, F|\n|poke|p1|Oricorio, L50, F|\n|poke|p1|Breloom, L50, M|\n|poke|p1|Quaquaval, L50, M|\n|poke|p1|Sableye, L50, F|\n|poke|p1|Clodsire, L50, F|\n|poke|p2|Dachsbun, L50, F|\n|poke|p2|Noivern, L50, F|\n|poke|p2|Greninja, L50, F|\n|poke|p2|Gastrodon, L50, M|\n|poke|p2|Amoonguss, L50, F|\n|poke|p2|Iron Hands, L50|\n|teampreview|4\nScolipedeScogliosi has agreed to open team sheets.\n|j| ContessaZia\nMlemcorice has agreed to open team sheets.\n|\n|t:|1683567435\n|start\n|switch|p1a: Bug c:|Volcarona, L50, F|100\/100\n|switch|p1b: Las divinas|Oricorio, L50, F|100\/100\n|switch|p2a: vegeta|Noivern, L50, F|100\/100\n|switch|p2b: brawly|Iron Hands, L50|100\/100\n|-enditem|p2b: brawly|Booster Energy\n|-activate|p2b: brawly|ability: Quark Drive|[fromitem]\n|-start|p2b: brawly|quarkdriveatk\n|turn|1\n|\n|t:|1683567462\n|move|p2b: brawly|Fake Out|p1a: Bug c:\n|-damage|p1a: Bug c:|68\/100\n|move|p2a: vegeta|Tailwind|p2a: vegeta\n|-sidestart|p2: Mlemcorice|move: Tailwind\n|cant|p1a: Bug c:|flinch\n|move|p1b: Las divinas|Tailwind|p1b: Las divinas\n|-sidestart|p1: ScolipedeScogliosi|move: Tailwind\n|\n|upkeep\n|turn|2\n|\n|t:|1683567495\n|move|p1b: Las divinas|Protect|p1b: Las divinas\n|-singleturn|p1b: Las divinas|Protect\n|move|p2a: vegeta|U-turn|p1b: Las divinas\n|-activate|p1b: Las divinas|move: Protect\n|move|p1a: Bug c:|Quiver Dance|p1a: Bug c:\n|-boost|p1a: Bug c:|spa|1\n|-boost|p1a: Bug c:|spd|1\n|-boost|p1a: Bug c:|spe|1\n|-activate|p1b: Las divinas|ability: Dancer\n|move|p1b: Las divinas|Quiver Dance|p1b: Las divinas|[from]ability: Dancer\n|-boost|p1b: Las divinas|spa|1\n|-boost|p1b: Las divinas|spd|1\n|-boost|p1b: Las divinas|spe|1\n|move|p2b: brawly|Wild Charge|p1b: Las divinas\n|-activate|p1b: Las divinas|move: Protect\n|\n|upkeep\n|turn|3\n|\n|t:|1683567532\n|switch|p2a: gohan|Gastrodon, L50, M|100\/100\n|move|p1a: Bug c:|Fiery Dance|p2b: brawly\n|-damage|p2b: brawly|48\/100\n|-activate|p1b: Las divinas|ability: Dancer\n|move|p1b: Las divinas|Fiery Dance|p2b: brawly|[from]ability: Dancer\n|-damage|p2b: brawly|0 fnt\n|faint|p2b: brawly\n|-end|p2b: brawly|Quark Drive|[silent]\n|move|p1b: Las divinas|Revelation Dance|p2a: gohan\n|-resisted|p2a: gohan\n|-damage|p2a: gohan|82\/100\n|\n|upkeep\n|\n|t:|1683567546\n|switch|p2b: goku|Greninja, L50, F|100\/100\n|turn|4\n|\n|t:|1683567562\n|move|p1a: Bug c:|Protect|p1a: Bug c:\n|-singleturn|p1a: Bug c:|Protect\n|move|p2b: goku|Surf|p1b: Las divinas|[spread] p1b\n|-start|p2b: goku|typechange|Water|[from] ability: Protean\n|-activate|p1a: Bug c:|move: Protect\n|-ability|p2a: gohan|Storm Drain|boost\n|-boost|p2a: gohan|spa|1\n|-supereffective|p1b: Las divinas\n|-damage|p1b: Las divinas|29\/100\n|move|p1b: Las divinas|Baton Pass|p1b: Las divinas\n|\n|t:|1683567571\n|switch|p1b: He\/Comin|Clodsire, L50, F|100\/100|[from] Baton Pass\n|move|p2a: gohan|Clear Smog|p1b: He\/Comin\n|-resisted|p1b: He\/Comin\n|-damage|p1b: He\/Comin|99\/100\n|-clearboost|p1b: He\/Comin\n|\n|-heal|p1b: He\/Comin|100\/100|[from] item: Leftovers\n|-sideend|p2: Mlemcorice|move: Tailwind\n|-sideend|p1: ScolipedeScogliosi|move: Tailwind\n|upkeep\n|turn|5\n|\n|t:|1683567598\n|switch|p2b: vegeta|Noivern, L50, F|100\/100\n|-terastallize|p1a: Bug c:|Grass\n|move|p1a: Bug c:|Quiver Dance|p1a: Bug c:\n|-boost|p1a: Bug c:|spa|1\n|-boost|p1a: Bug c:|spd|1\n|-boost|p1a: Bug c:|spe|1\n|move|p2a: gohan|Earth Power|p1b: He\/Comin\n|-supereffective|p1b: He\/Comin\n|-damage|p1b: He\/Comin|34\/100\n|move|p1b: He\/Comin|Toxic|p2a: gohan\n|-status|p2a: gohan|tox\n|\n|-heal|p1b: He\/Comin|40\/100|[from] item: Leftovers\n|-damage|p2a: gohan|76\/100 tox|[from] psn\n|upkeep\n|turn|6\n|\n|t:|1683567629\n|switch|p1b: Matias|Breloom, L50, M|100\/100\n|move|p1a: Bug c:|Struggle Bug|p2b: vegeta|[spread] p2a,p2b\n|-resisted|p2b: vegeta\n|-damage|p2a: gohan|52\/100 tox\n|-damage|p2b: vegeta|80\/100\n|-unboost|p2a: gohan|spa|1\n|-unboost|p2b: vegeta|spa|1\n|move|p2b: vegeta|Draco Meteor|p1a: Bug c:\n|-damage|p1a: Bug c:|52\/100\n|-unboost|p2b: vegeta|spa|2\n|move|p2a: gohan|Clear Smog|p1a: Bug c:\n|-supereffective|p1a: Bug c:\n|-damage|p1a: Bug c:|37\/100\n|-clearboost|p1a: Bug c:\n|-enditem|p1a: Bug c:|Sitrus Berry|[eat]\n|-heal|p1a: Bug c:|62\/100|[from] item: Sitrus Berry\n|\n|-damage|p2a: gohan|40\/100 tox|[from] psn\n|upkeep\n|turn|7\n|\n|t:|1683567666\n|switch|p1a: He\/Comin|Clodsire, L50, F|40\/100\n|move|p2b: vegeta|Protect|p2b: vegeta\n|-singleturn|p2b: vegeta|Protect\n|move|p1b: Matias|Bullet Seed|p2a: gohan\n|-supereffective|p2a: gohan\n|-damage|p2a: gohan|0 fnt\n|faint|p2a: gohan\n|-hitcount|p2: gohan|1\n|\n|-heal|p1a: He\/Comin|46\/100|[from] item: Leftovers\n|upkeep\n|\n|t:|1683567676\n|switch|p2a: goku|Greninja, L50, F|100\/100\n|turn|8\n|\n|t:|1683567703\n|move|p1b: Matias|Mach Punch|p2a: goku\n|-supereffective|p2a: goku\n|-damage|p2a: goku|0 fnt\n|faint|p2a: goku\n|move|p2b: vegeta|Draco Meteor|p1a: He\/Comin\n|-damage|p1a: He\/Comin|33\/100\n|-unboost|p2b: vegeta|spa|2\n|move|p1a: He\/Comin|Recover|p1a: He\/Comin\n|-heal|p1a: He\/Comin|83\/100\n|\n|-heal|p1a: He\/Comin|89\/100|[from] item: Leftovers\n|upkeep\n|turn|9\n|\n|t:|1683567720\n|move|p2b: vegeta|Draco Meteor|p1a: He\/Comin\n|-damage|p1a: He\/Comin|81\/100\n|-unboost|p2b: vegeta|spa|1\n|move|p1b: Matias|Bullet Seed|p2b: vegeta\n|-resisted|p2b: vegeta\n|-damage|p2b: vegeta|74\/100\n|-resisted|p2b: vegeta\n|-damage|p2b: vegeta|67\/100\n|-resisted|p2b: vegeta\n|-damage|p2b: vegeta|59\/100\n|-resisted|p2b: vegeta\n|-damage|p2b: vegeta|52\/100\n|-hitcount|p2b: vegeta|4\n|move|p1a: He\/Comin|Toxic|p2b: vegeta\n|-status|p2b: vegeta|tox\n|\n|-heal|p1a: He\/Comin|87\/100|[from] item: Leftovers\n|-damage|p2b: vegeta|45\/100 tox|[from] psn\n|upkeep\n|turn|10\n|-message|Mlemcorice forfeited.\n|\n|win|ScolipedeScogliosi\n|l|\u2606Mlemcorice\n","uploadtime":1683567746,"views":16,"p1id":"scolipedescogliosi","p2id":"mlemcorice","formatid":"gen9vgc2023regulationc","rating":0,"private":0,"password":""}