{"id":"gen9vgc2023regulationc-1849674747","p1":"nimendedadie","p2":"PuniHina","format":"[Gen 9] VGC 2023 Regulation C","log":"|j|\u2606nimendedadie\n|j|\u2606PuniHina\n|t:|1682230021\n|gametype|doubles\n|player|p1|nimendedadie|dawn|1564\n|player|p2|PuniHina|marley|1600\n|teamsize|p1|6\n|teamsize|p2|6\n|gen|9\n|tier|[Gen 9] VGC 2023 Regulation C\n|rated|\n|rule|Species Clause: Limit one of each Pok\u00e9mon\n|rule|Item Clause: Limit one of each item\n|clearpoke\n|poke|p1|Palafin, L50, M|\n|poke|p1|Arcanine, L50, F|\n|poke|p1|Amoonguss, L50, M|\n|poke|p1|Flutter Mane, L50|\n|poke|p1|Chien-Pao, L50|\n|poke|p1|Ting-Lu, L50|\n|poke|p2|Gholdengo, L50|\n|poke|p2|Glimmora, L50, F|\n|poke|p2|Wo-Chien, L50|\n|poke|p2|Iron Bundle, L50|\n|poke|p2|Arcanine, L50, F|\n|poke|p2|Flutter Mane, L50|\n|teampreview|4\n|inactive|Battle timer is ON: inactive players will automatically lose when time's up. (requested by PuniHina)\n|\n|t:|1682230045\n|start\n|switch|p1a: Palafin|Palafin, L50, M|100\/100\n|switch|p1b: Ting-Lu|Ting-Lu, L50|100\/100\n|switch|p2a: Itachi Rin|Flutter Mane, L50|100\/100\n|switch|p2b: Filmora|Glimmora, L50, F|100\/100\n|-ability|p1b: Ting-Lu|Vessel of Ruin\n|-enditem|p2a: Itachi Rin|Booster Energy\n|-activate|p2a: Itachi Rin|ability: Protosynthesis|[fromitem]\n|-start|p2a: Itachi Rin|protosynthesisspa\n|turn|1\n|\n|t:|1682230064\n|-terastallize|p2b: Filmora|Grass\n|-terastallize|p1b: Ting-Lu|Poison\n|move|p2a: Itachi Rin|Protect|p2a: Itachi Rin\n|-singleturn|p2a: Itachi Rin|Protect\n|move|p1a: Palafin|Protect|p1a: Palafin\n|-singleturn|p1a: Palafin|Protect\n|move|p2b: Filmora|Mortal Spin|p1a: Palafin|[spread] p1b\n|-activate|p1a: Palafin|move: Protect\n|-resisted|p1b: Ting-Lu\n|-damage|p1b: Ting-Lu|99\/100\n|-status|p1b: Ting-Lu|psn\n|move|p1b: Ting-Lu|Heavy Slam|p2a: Itachi Rin\n|-activate|p2a: Itachi Rin|move: Protect\n|\n|-damage|p1b: Ting-Lu|87\/100 psn|[from] psn\n|upkeep\n|turn|2\n|j| RandomlyBrian\n|\n|t:|1682230088\n|-end|p2a: Itachi Rin|Protosynthesis|[silent]\n|switch|p2a: Wo-Chien|Wo-Chien, L50|100\/100\n|-ability|p2a: Wo-Chien|Tablets of Ruin\n|detailschange|p1a: Palafin|Palafin-Hero, L50, M\n|switch|p1a: Amoonguss|Amoonguss, L50, M|100\/100\n|move|p2b: Filmora|Mortal Spin|p1b: Ting-Lu|[spread] p1a,p1b\n|-resisted|p1b: Ting-Lu\n|-damage|p1a: Amoonguss|98\/100\n|-damage|p1b: Ting-Lu|86\/100 psn\n|-status|p1a: Amoonguss|psn\n|move|p1b: Ting-Lu|Heavy Slam|p2a: Wo-Chien\n|-damage|p2a: Wo-Chien|78\/100\n|\n|-damage|p1b: Ting-Lu|74\/100 psn|[from] psn\n|-damage|p1a: Amoonguss|85\/100 psn|[from] psn\n|upkeep\n|turn|3\n|\n|t:|1682230109\n|move|p2b: Filmora|Sludge Bomb|p1a: Amoonguss\n|-damage|p1a: Amoonguss|54\/100 psn\n|move|p2a: Wo-Chien|Leech Seed|p1b: Ting-Lu\n|-start|p1b: Ting-Lu|move: Leech Seed\n|move|p1b: Ting-Lu|Payback|p2b: Filmora\n|-damage|p2b: Filmora|61\/100\n|move|p1a: Amoonguss|Pollen Puff|p1b: Ting-Lu\n|-heal|p1b: Ting-Lu|100\/100 psn\n|\n|-damage|p1b: Ting-Lu|88\/100 psn|[from] Leech Seed|[of] p2a: Wo-Chien\n|-heal|p2a: Wo-Chien|93\/100|[silent]\n|-damage|p1b: Ting-Lu|76\/100 psn|[from] psn\n|-damage|p1a: Amoonguss|41\/100 psn|[from] psn\n|upkeep\n|-enditem|p1a: Amoonguss|Sitrus Berry|[eat]\n|-heal|p1a: Amoonguss|66\/100 psn|[from] item: Sitrus Berry\n|turn|4\n|inactive|nimendedadie has 30 seconds left.\n|\n|t:|1682230141\n|move|p2b: Filmora|Sludge Bomb|p1a: Amoonguss\n|-damage|p1a: Amoonguss|36\/100 psn\n|move|p2a: Wo-Chien|Pollen Puff|p2b: Filmora\n|-heal|p2b: Filmora|100\/100\n|move|p1b: Ting-Lu|Payback|p2b: Filmora\n|-damage|p2b: Filmora|61\/100\n|move|p1a: Amoonguss|Pollen Puff|p1b: Ting-Lu\n|-heal|p1b: Ting-Lu|100\/100 psn\n|\n|-damage|p1b: Ting-Lu|88\/100 psn|[from] Leech Seed|[of] p2a: Wo-Chien\n|-heal|p2a: Wo-Chien|100\/100|[silent]\n|-damage|p1b: Ting-Lu|76\/100 psn|[from] psn\n|-damage|p1a: Amoonguss|24\/100 psn|[from] psn\n|upkeep\n|turn|5\n|-message|nimendedadie forfeited.\n|\n|win|PuniHina\n|raw|nimendedadie's rating: 1564 → 1546<\/strong> (-18 for losing)\n|raw|PuniHina's rating: 1600 → 1618<\/strong> (+18 for winning)\n|l|\u2606nimendedadie\n|l|\u2606PuniHina\n|j|\u2606PuniHina\n|player|p2|PuniHina|marley\n","uploadtime":1682230325,"views":18,"p1id":"nimendedadie","p2id":"punihina","formatid":"gen9vgc2023regulationc","rating":1546,"private":0,"password":""}