{"id":"gen9vgc2023regulationc-1859440335","p1":"Ciemmelle","p2":"snow-pokepoke","format":"[Gen 9] VGC 2023 Regulation C","log":"|j|\u2606Ciemmelle\n|j|\u2606snow-pokepoke\n|t:|1683468302\n|gametype|doubles\n|player|p1|Ciemmelle|musician|\n|player|p2|snow-pokepoke|#vgcwliikilowattrels|\n|teamsize|p1|6\n|teamsize|p2|6\n|gen|9\n|tier|[Gen 9] VGC 2023 Regulation C\n|rule|Species Clause: Limit one of each Pok\u00e9mon\n|rule|Item Clause: Limit one of each item\n|clearpoke\n|poke|p1|Annihilape, L50, F|\n|poke|p1|Iron Bundle, L50|\n|poke|p1|Arcanine, L50, M|\n|poke|p1|Roaring Moon, L50|\n|poke|p1|Gholdengo, L50|\n|poke|p1|Maushold-Four, L50|\n|poke|p2|Iron Bundle, L50|\n|poke|p2|Flutter Mane, L50|\n|poke|p2|Chien-Pao, L50|\n|poke|p2|Volcarona, L50, M|\n|poke|p2|Orthworm, L50, M|\n|poke|p2|Ting-Lu, L50|\n|teampreview|4\n|c|\u2606Ciemmelle|g2\n|c|\u2606snow-pokepoke|g2\nsnow-pokepoke has agreed to open team sheets.\n|j| Nash12\n|j| tyo\n|c|\u2606Ciemmelle|glhf\nCiemmelle has agreed to open team sheets.\n|c|\u2606snow-pokepoke|u2\n|\n|t:|1683468800\n|start\n|switch|p1a: Maushold|Maushold-Four, L50|100\/100\n|switch|p1b: Gholdengo|Gholdengo, L50|100\/100\n|switch|p2a: Flutter Mane|Flutter Mane, L50|100\/100\n|switch|p2b: Volcarona|Volcarona, L50, M|100\/100\n|turn|1\n|\n|t:|1683468858\n|move|p1a: Maushold|Follow Me|p1a: Maushold\n|-singleturn|p1a: Maushold|move: Follow Me\n|move|p2a: Flutter Mane|Dazzling Gleam|p1b: Gholdengo|[spread] p1a,p1b\n|-resisted|p1b: Gholdengo\n|-damage|p1a: Maushold|60\/100\n|-damage|p1b: Gholdengo|85\/100\n|move|p1b: Gholdengo|Nasty Plot|p1b: Gholdengo\n|-boost|p1b: Gholdengo|spa|2\n|move|p2b: Volcarona|Overheat|p1a: Maushold\n|-damage|p1a: Maushold|0 fnt\n|-unboost|p2b: Volcarona|spa|2\n|faint|p1a: Maushold\n|\n|-heal|p1b: Gholdengo|92\/100|[from] item: Leftovers\n|upkeep\n|\n|t:|1683468875\n|switch|p1a: Roaring Moon|Roaring Moon, L50|100\/100\n|-enditem|p1a: Roaring Moon|Booster Energy\n|-activate|p1a: Roaring Moon|ability: Protosynthesis|[fromitem]\n|-start|p1a: Roaring Moon|protosynthesisspe\n|turn|2\n|j| JeanMarc\n|\n|t:|1683468969\n|-terastallize|p1a: Roaring Moon|Flying\n|-terastallize|p2a: Flutter Mane|Steel\n|move|p1b: Gholdengo|Protect|p1b: Gholdengo\n|-singleturn|p1b: Gholdengo|Protect\n|move|p1a: Roaring Moon|Acrobatics|p2b: Volcarona\n|-supereffective|p2b: Volcarona\n|-damage|p2b: Volcarona|0 fnt\n|-status|p1a: Roaring Moon|brn|[from] ability: Flame Body|[of] p2b: Volcarona\n|faint|p2b: Volcarona\n|move|p2a: Flutter Mane|Dazzling Gleam|p1a: Roaring Moon|[spread] p1a\n|-activate|p1b: Gholdengo|move: Protect\n|-damage|p1a: Roaring Moon|56\/100 brn\n|\n|-heal|p1b: Gholdengo|98\/100|[from] item: Leftovers\n|-damage|p1a: Roaring Moon|50\/100 brn|[from] brn\n|upkeep\n|\n|t:|1683469031\n|switch|p2b: Chien-Pao|Chien-Pao, L50|100\/100\n|-ability|p2b: Chien-Pao|Sword of Ruin\n|turn|3\n|\n|t:|1683469051\n|switch|p1b: Arcanine|Arcanine, L50, M|100\/100\n|-ability|p1b: Arcanine|Intimidate|boost\n|-unboost|p2a: Flutter Mane|atk|1\n|-unboost|p2b: Chien-Pao|atk|1\n|move|p2b: Chien-Pao|Sucker Punch||[still]\n|-fail|p2b: Chien-Pao\n|move|p1a: Roaring Moon|Tailwind|p1a: Roaring Moon\n|-sidestart|p1: Ciemmelle|move: Tailwind\n|move|p2a: Flutter Mane|Dazzling Gleam|p1a: Roaring Moon|[spread] p1a,p1b\n|-resisted|p1b: Arcanine\n|-crit|p1b: Arcanine\n|-damage|p1a: Roaring Moon|9\/100 brn\n|-damage|p1b: Arcanine|76\/100\n|\n|-damage|p1a: Roaring Moon|3\/100 brn|[from] brn\n|upkeep\n|turn|4\n|\n|t:|1683469084\n|-end|p1a: Roaring Moon|Protosynthesis|[silent]\n|switch|p1a: Gholdengo|Gholdengo, L50|98\/100\n|switch|p2b: Iron Bundle|Iron Bundle, L50|100\/100\n|-enditem|p2b: Iron Bundle|Booster Energy\n|-activate|p2b: Iron Bundle|ability: Quark Drive|[fromitem]\n|-start|p2b: Iron Bundle|quarkdrivespe\n|move|p1b: Arcanine|Close Combat|p2a: Flutter Mane\n|-supereffective|p2a: Flutter Mane\n|-damage|p2a: Flutter Mane|0 fnt\n|-unboost|p1b: Arcanine|def|1\n|-unboost|p1b: Arcanine|spd|1\n|faint|p2a: Flutter Mane\n|-end|p2a: Flutter Mane|Protosynthesis|[silent]\n|\n|-heal|p1a: Gholdengo|100\/100|[from] item: Leftovers\n|upkeep\n|j| Mayday Juneday\n|j| Finabas\n|\n|t:|1683469097\n|switch|p2a: Chien-Pao|Chien-Pao, L50|100\/100\n|-ability|p2a: Chien-Pao|Sword of Ruin\n|turn|5\n|l| Finabas\n|\n|t:|1683469148\n|switch|p1b: Roaring Moon|Roaring Moon, L50, tera:Flying|3\/100 brn\n|move|p1a: Gholdengo|Protect|p1a: Gholdengo\n|-singleturn|p1a: Gholdengo|Protect\n|move|p2b: Iron Bundle|Hydro Pump|p1b: Roaring Moon\n|-damage|p1b: Roaring Moon|0 fnt\n|faint|p1b: Roaring Moon\n|-end|p1b: Roaring Moon|Protosynthesis|[silent]\n|move|p2a: Chien-Pao|Ice Spinner|p1a: Gholdengo\n|-activate|p1a: Gholdengo|move: Protect\n|\n|upkeep\n|\n|t:|1683469159\n|switch|p1b: Arcanine|Arcanine, L50, M|76\/100\n|-ability|p1b: Arcanine|Intimidate|boost\n|-unboost|p2a: Chien-Pao|atk|1\n|-unboost|p2b: Iron Bundle|atk|1\n|turn|6\n|\n|t:|1683469207\n|move|p1b: Arcanine|Extreme Speed|p2a: Chien-Pao\n|-damage|p2a: Chien-Pao|63\/100\n|move|p2a: Chien-Pao|Sucker Punch|p1a: Gholdengo\n|-supereffective|p1a: Gholdengo\n|-damage|p1a: Gholdengo|45\/100\n|move|p2b: Iron Bundle|Hydro Pump|p1a: Gholdengo\n|-damage|p1a: Gholdengo|0 fnt\n|faint|p1a: Gholdengo\n|\n|-sideend|p1: Ciemmelle|move: Tailwind\n|upkeep\n|turn|7\n|\n|t:|1683469223\n|move|p2a: Chien-Pao|Sucker Punch|p1b: Arcanine\n|-damage|p1b: Arcanine|38\/100\n|move|p2b: Iron Bundle|Hydro Pump|p1b: Arcanine\n|-supereffective|p1b: Arcanine\n|-damage|p1b: Arcanine|0 fnt\n|faint|p1b: Arcanine\n|\n|win|snow-pokepoke\n|c|\u2606Ciemmelle|gg\n|c|\u2606snow-pokepoke|gg\n|j| Svenvgc\n|l| tyo\n|l| Mayday Juneday\n|l|\u2606Ciemmelle\n|l| Svenvgc\n|j|+Zelda\n|l|+Zelda\n","uploadtime":1683469230,"views":18,"p1id":"ciemmelle","p2id":"snowpokepoke","formatid":"gen9vgc2023regulationc","rating":0,"private":0,"password":""}