{"id":"gen9vgc2023regulationc-1856861051","p1":"ikedra","p2":"kd-vgc711","format":"[Gen 9] VGC 2023 Regulation C","log":"|j|\u2606ikedra\n|j|\u2606kd-vgc711\n|t:|1683120357\n|gametype|doubles\n|player|p1|ikedra|169|1609\n|player|p2|kd-vgc711|266|1579\n|teamsize|p1|6\n|teamsize|p2|6\n|gen|9\n|tier|[Gen 9] VGC 2023 Regulation C\n|rated|\n|rule|Species Clause: Limit one of each Pok\u00e9mon\n|rule|Item Clause: Limit one of each item\n|clearpoke\n|poke|p1|Dondozo, L50, M|\n|poke|p1|Tatsugiri-Stretchy, L50, M|\n|poke|p1|Ting-Lu, L50|\n|poke|p1|Baxcalibur, L50, F|\n|poke|p1|Flutter Mane, L50|\n|poke|p1|Arcanine, L50, M|\n|poke|p2|Palafin, L50, M|\n|poke|p2|Brute Bonnet, L50|\n|poke|p2|Scizor, L50, M|\n|poke|p2|Chien-Pao, L50|\n|poke|p2|Salamence, L50, F|\n|poke|p2|Pelipper, L50, M|\n|teampreview|4\nkd-vgc711 has agreed to open team sheets.\n|inactive|Battle timer is ON: inactive players will automatically lose when time's up. (requested by kd-vgc711)\n|\n|t:|1683120397\n|start\n|switch|p1a: Dondozo|Dondozo, L50, M|100\/100\n|switch|p1b: Baxcalibur|Baxcalibur, L50, F|100\/100\n|switch|p2a: Palafin|Palafin, L50, M|100\/100\n|switch|p2b: Chien-Pao|Chien-Pao, L50|100\/100\n|-ability|p2b: Chien-Pao|Sword of Ruin\n|turn|1\n|\n|t:|1683120410\n|detailschange|p2a: Palafin|Palafin-Hero, L50, M\n|switch|p2a: Scizor|Scizor, L50, M|100\/100\n|move|p2b: Chien-Pao|Ice Spinner|p1b: Baxcalibur\n|-damage|p1b: Baxcalibur|51\/100\n|move|p1b: Baxcalibur|Glaive Rush|p2a: Scizor\n|-resisted|p2a: Scizor\n|-damage|p2a: Scizor|53\/100\n|-singlemove|p1b: Baxcalibur|Glaive Rush|[silent]\n|move|p1a: Dondozo|Wave Crash|p2b: Chien-Pao\n|-enditem|p2b: Chien-Pao|Focus Sash\n|-damage|p2b: Chien-Pao|1\/100\n|-damage|p1a: Dondozo|78\/100|[from] Recoil\n|-damage|p1a: Dondozo|68\/100|[from] item: Life Orb\n|\n|upkeep\n|turn|2\n|j| Shine Like a Gem\n|inactive|ikedra has 30 seconds left.\n|\n|t:|1683120441\n|switch|p2b: Palafin|Palafin-Hero, L50, M|100\/100\n|-activate|p2b: Palafin|ability: Zero to Hero\n|switch|p1a: ChiYu|Arcanine, L50, M|100\/100\n|-ability|p1a: ChiYu|Intimidate|boost\n|-unboost|p2a: Scizor|atk|1\n|-unboost|p2b: Palafin|atk|1\n|switch|p2a: Salamence|Salamence, L50, F|100\/100\n|-ability|p2a: Salamence|Intimidate|boost\n|-unboost|p1a: ChiYu|atk|1\n|-fail|p1b: Baxcalibur|unboost|[from] item: Clear Amulet|[of] p1b: Baxcalibur\n|move|p1b: Baxcalibur|Protect||[still]\n|-fail|p1b: Baxcalibur\n|\n|upkeep\n|turn|3\n|inactive|ikedra has 30 seconds left.\n|inactive|kd-vgc711 has 30 seconds left.\n|inactive|ikedra has 20 seconds left.\n|inactive|ikedra has 15 seconds left.\n|inactive|ikedra has 10 seconds left.\n|inactive|ikedra has 5 seconds left.\n|\n|t:|1683120493\n|switch|p1a: Dondozo|Dondozo, L50, M|68\/100\n|-terastallize|p2b: Palafin|Water\n|move|p2b: Palafin|Jet Punch|p1a: Dondozo\n|-resisted|p1a: Dondozo\n|-damage|p1a: Dondozo|37\/100\n|move|p2a: Salamence|Draco Meteor|p1b: Baxcalibur\n|-supereffective|p1b: Baxcalibur\n|-damage|p1b: Baxcalibur|0 fnt\n|-unboost|p2a: Salamence|spa|2\n|faint|p1b: Baxcalibur\n|\n|upkeep\n|\n|t:|1683120507\n|switch|p1b: ChiYu|Arcanine, L50, M|100\/100\n|-ability|p1b: ChiYu|Intimidate|boost\n|-unboost|p2a: Salamence|atk|1\n|-unboost|p2b: Palafin|atk|1\n|turn|4\n|\n|t:|1683120520\n|switch|p1b: Tatsugiri|Tatsugiri-Stretchy, L50, M|100\/100\n|-activate|p1b: Tatsugiri|ability: Commander|[of] p1a: Dondozo\n|-boost|p1a: Dondozo|atk|2\n|-boost|p1a: Dondozo|spa|2\n|-boost|p1a: Dondozo|spe|2\n|-boost|p1a: Dondozo|def|2\n|-boost|p1a: Dondozo|spd|2\n|switch|p2b: Scizor|Scizor, L50, M|53\/100\n|move|p1a: Dondozo|Order Up|p2a: Salamence\n|-supereffective|p2a: Salamence\n|-damage|p2a: Salamence|0 fnt\n|faint|p2a: Salamence\n|-boost|p1a: Dondozo|spe|1\n|-damage|p1a: Dondozo|28\/100|[from] item: Life Orb\n|\n|upkeep\n|\n|t:|1683120535\n|switch|p2a: Chien-Pao|Chien-Pao, L50|1\/100\n|-ability|p2a: Chien-Pao|Sword of Ruin\n|turn|5\n|inactive|ikedra has 30 seconds left.\n|\n|t:|1683120570\n|move|p1a: Dondozo|Wave Crash|p2b: Scizor\n|-damage|p2b: Scizor|0 fnt\n|faint|p2b: Scizor\n|-damage|p1a: Dondozo|14\/100|[from] Recoil\n|-damage|p1a: Dondozo|4\/100|[from] item: Life Orb\n|move|p2a: Chien-Pao|Haze|p2a: Chien-Pao\n|-clearallboost\n|\n|upkeep\n|\n|t:|1683120578\n|switch|p2b: Palafin|Palafin-Hero, L50, M, tera:Water|100\/100\n|turn|6\n|\n|t:|1683120596\n|move|p2b: Palafin|Jet Punch|p1a: Dondozo\n|-resisted|p1a: Dondozo\n|-damage|p1a: Dondozo|0 fnt\n|faint|p1a: Dondozo\n|move|p2a: Chien-Pao|Ice Spinner|p1b: Tatsugiri\n|-damage|p1b: Tatsugiri|22\/100\n|\n|upkeep\n|\n|t:|1683120602\n|switch|p1a: ChiYu|Arcanine, L50, M|100\/100\n|-ability|p1a: ChiYu|Intimidate|boost\n|-unboost|p2a: Chien-Pao|atk|1\n|-unboost|p2b: Palafin|atk|1\n|turn|7\n|\n|t:|1683120625\n|-terastallize|p1a: ChiYu|Flying\n|move|p1a: ChiYu|Extreme Speed|p2a: Chien-Pao\n|-damage|p2a: Chien-Pao|0 fnt\n|faint|p2a: Chien-Pao\n|move|p2b: Palafin|Jet Punch|p1b: Tatsugiri\n|-resisted|p1b: Tatsugiri\n|-damage|p1b: Tatsugiri|4\/100\n|move|p1b: Tatsugiri|Draco Meteor|p2b: Palafin\n|-damage|p2b: Palafin|37\/100\n|-unboost|p1b: Tatsugiri|spa|2\n|\n|upkeep\n|turn|8\n|-message|kd-vgc711 forfeited.\n|\n|win|ikedra\n|raw|ikedra's rating: 1609 → 1627<\/strong> (+18 for winning)\n|raw|kd-vgc711's rating: 1579 → 1561<\/strong> (-18 for losing)\n|l|\u2606kd-vgc711\n|l|\u2606ikedra\n","uploadtime":1683120878,"views":6,"p1id":"ikedra","p2id":"kdvgc711","formatid":"gen9vgc2023regulationc","rating":1561,"private":0,"password":""}