{"id":"gen9vgc2023regulationc-1861155596","p1":"cotita97","p2":"Diegogris","format":"[Gen 9] VGC 2023 Regulation C","log":"|j|\u2606cotita97\n|j|\u2606Diegogris\n|t:|1683731446\n|gametype|doubles\n|player|p1|cotita97|cynthia-gen4|\n|player|p2|Diegogris|officeworker|\n|teamsize|p1|6\n|teamsize|p2|6\n|gen|9\n|tier|[Gen 9] VGC 2023 Regulation C\n|rule|Species Clause: Limit one of each Pok\u00e9mon\n|rule|Item Clause: Limit one of each item\n|clearpoke\n|poke|p1|Garganacl, L50, F|\n|poke|p1|Scream Tail, L50|\n|poke|p1|Gothitelle, L50, F|\n|poke|p1|Rotom-Wash, L50|\n|poke|p1|Corviknight, L50, F|\n|poke|p1|Muk, L50, F|\n|poke|p2|Gholdengo, L50|\n|poke|p2|Meowscarada, L50, M|\n|poke|p2|Ceruledge, L50, F|\n|poke|p2|Dragapult, L50, F|\n|poke|p2|Iron Bundle, L50|\n|poke|p2|Grimmsnarl, L50, M|\n|teampreview|4\n|c|\u2606cotita97|vamos\n|c|\u2606cotita97|agradezco cualquier critica consturictia\n|c|\u2606Diegogris|eso del team sheets....\n|c|\u2606Diegogris|es lo de las paginas no\n|c|\u2606Diegogris|necesitas que le de en aceptar?\n|c|\u2606cotita97|no\n|c|\u2606Diegogris|Bueno, esta bien\n|c|\u2606cotita97|haa claro\n|c|\u2606cotita97|aceptar para iniciarl la batalla\n|c|\u2606Diegogris|ah, ok\nDiegogris has agreed to open team sheets.\n|c|\u2606Diegogris|a ver que tal me va, espero serte de ayuda\n|\n|t:|1683731584\n|start\n|switch|p1a: Rotom|Rotom-Wash, L50|100\/100\n|switch|p1b: Gothitelle|Gothitelle, L50, F|100\/100\n|switch|p2a: Grimmsnarl|Grimmsnarl, L50, M|100\/100\n|switch|p2b: Gholdengo|Gholdengo, L50|100\/100\n|turn|1\n|\n|t:|1683731611\n|-terastallize|p1b: Gothitelle|Dark\n|move|p2a: Grimmsnarl|Fake Out|p1a: Rotom\n|-crit|p1a: Rotom\n|-damage|p1a: Rotom|84\/100\n|move|p1b: Gothitelle|Fake Out|p2a: Grimmsnarl\n|-damage|p2a: Grimmsnarl|94\/100\n|cant|p1a: Rotom|flinch\n|move|p2b: Gholdengo|Shadow Ball|p1b: Gothitelle\n|-resisted|p1b: Gothitelle\n|-damage|p1b: Gothitelle|81\/100\n|\n|upkeep\n|turn|2\n|\n|t:|1683731664\n|move|p1a: Rotom|Trick|p2a: Grimmsnarl\n|-activate|p1a: Rotom|move: Trick|[of] p2a: Grimmsnarl\n|-item|p2a: Grimmsnarl|Choice Specs|[from] move: Trick\n|-item|p1a: Rotom|Light Clay|[from] move: Trick\n|move|p2b: Gholdengo|Shadow Ball|p1a: Rotom\n|-damage|p1a: Rotom|31\/100\n|move|p2a: Grimmsnarl|Spirit Break|p1b: Gothitelle\n|-supereffective|p1b: Gothitelle\n|-damage|p1b: Gothitelle|16\/100\n|-unboost|p1b: Gothitelle|spa|1\n|-enditem|p1b: Gothitelle|Figy Berry|[eat]\n|-heal|p1b: Gothitelle|49\/100|[from] item: Figy Berry\n|move|p1b: Gothitelle|Dark Pulse|p2b: Gholdengo\n|-supereffective|p2b: Gholdengo\n|-damage|p2b: Gholdengo|60\/100\n|\n|upkeep\n|turn|3\n|\n|t:|1683731685\n|switch|p1b: Muk|Muk, L50, F|100\/100\n|move|p1a: Rotom|Volt Switch|p2b: Gholdengo\n|-damage|p2b: Gholdengo|34\/100\n|\n|t:|1683731692\n|switch|p1a: Gothitelle|Gothitelle, L50, F, tera:Dark|49\/100|[from] Volt Switch\n|move|p2b: Gholdengo|Shadow Ball|p1a: Gothitelle\n|-resisted|p1a: Gothitelle\n|-damage|p1a: Gothitelle|30\/100\n|move|p2a: Grimmsnarl|Spirit Break|p1b: Muk\n|-resisted|p1b: Muk\n|-damage|p1b: Muk|83\/100\n|-unboost|p1b: Muk|spa|1\n|\n|upkeep\n|turn|4\n|c|\u2606cotita97|me falto un ataque con MUK Xd\n|\n|t:|1683731719\n|move|p1a: Gothitelle|Fake Out|p2a: Grimmsnarl\n|-damage|p2a: Grimmsnarl|87\/100\n|move|p1b: Muk|Shadow Sneak|p2b: Gholdengo\n|-supereffective|p2b: Gholdengo\n|-damage|p2b: Gholdengo|13\/100\n|move|p2b: Gholdengo|Shadow Ball|p1b: Muk\n|-damage|p1b: Muk|52\/100\n|cant|p2a: Grimmsnarl|flinch\n|\n|upkeep\n|turn|5\n|c|\u2606Diegogris|en serio?\n|\n|t:|1683731732\n|move|p1a: Gothitelle|Protect|p1a: Gothitelle\n|-singleturn|p1a: Gothitelle|Protect\n|move|p1b: Muk|Shadow Sneak|p2b: Gholdengo\n|-supereffective|p2b: Gholdengo\n|-damage|p2b: Gholdengo|0 fnt\n|faint|p2b: Gholdengo\n|move|p2a: Grimmsnarl|Spirit Break|p1a: Gothitelle\n|-activate|p1a: Gothitelle|move: Protect\n|\n|upkeep\n|\n|t:|1683731748\n|switch|p2b: Iron Bundle|Iron Bundle, L50|100\/100\n|-enditem|p2b: Iron Bundle|Booster Energy\n|-activate|p2b: Iron Bundle|ability: Quark Drive|[fromitem]\n|-start|p2b: Iron Bundle|quarkdrivespe\n|turn|6\n|c|\u2606cotita97|SIII\n|c|\u2606cotita97|se lo cambie ayer\n|c|\u2606cotita97|y olvide guardar el cambio xD\n|\n|t:|1683731778\n|switch|p1a: Rotom|Rotom-Wash, L50|31\/100\n|move|p1b: Muk|Shadow Sneak|p2b: Iron Bundle\n|-damage|p2b: Iron Bundle|84\/100\n|move|p2b: Iron Bundle|Chilling Water|p1b: Muk\n|-damage|p1b: Muk|38\/100\n|-unboost|p1b: Muk|atk|1\n|move|p2a: Grimmsnarl|Spirit Break|p1a: Rotom\n|-damage|p1a: Rotom|0 fnt\n|faint|p1a: Rotom\n|\n|upkeep\n|c|\u2606Diegogris|ojala no te afecte mucho\n|\n|t:|1683731792\n|switch|p1a: Gothitelle|Gothitelle, L50, F, tera:Dark|30\/100\n|turn|7\n|\n|t:|1683731810\n|move|p1a: Gothitelle|Fake Out|p2b: Iron Bundle\n|-damage|p2b: Iron Bundle|77\/100\n|cant|p2b: Iron Bundle|flinch\n|move|p2a: Grimmsnarl|Spirit Break|p1a: Gothitelle\n|-supereffective|p1a: Gothitelle\n|-damage|p1a: Gothitelle|0 fnt\n|faint|p1a: Gothitelle\n|move|p1b: Muk|Poison Jab|p2b: Iron Bundle\n|-damage|p2b: Iron Bundle|47\/100\n|\n|upkeep\n|\n|t:|1683731820\n|switch|p1a: Scream Tail|Scream Tail, L50|100\/100\n|turn|8\n|\n|t:|1683731851\n|move|p2b: Iron Bundle|Icy Wind|p1a: Scream Tail|[spread] p1a,p1b\n|-damage|p1a: Scream Tail|84\/100\n|-damage|p1b: Muk|25\/100\n|-unboost|p1a: Scream Tail|spe|1\n|-unboost|p1b: Muk|spe|1\n|move|p1a: Scream Tail|Disable|p2a: Grimmsnarl\n|-start|p2a: Grimmsnarl|Disable|Spirit Break\n|cant|p2a: Grimmsnarl|Disable|Spirit Break\n|move|p1b: Muk|Poison Jab|p2b: Iron Bundle\n|-damage|p2b: Iron Bundle|15\/100\n|-status|p2b: Iron Bundle|psn\n|\n|-heal|p1a: Scream Tail|90\/100|[from] item: Leftovers\n|-damage|p2b: Iron Bundle|3\/100 psn|[from] psn\n|upkeep\n|turn|9\n|\n|t:|1683731887\n|switch|p2a: Meowscarada|Meowscarada, L50, M|100\/100\n|move|p1b: Muk|Shadow Sneak|p2b: Iron Bundle\n|-damage|p2b: Iron Bundle|0 fnt\n|faint|p2b: Iron Bundle\n|-end|p2b: Iron Bundle|Quark Drive|[silent]\n|move|p1a: Scream Tail|Substitute|p1a: Scream Tail\n|-start|p1a: Scream Tail|Substitute\n|-damage|p1a: Scream Tail|65\/100\n|\n|-heal|p1a: Scream Tail|71\/100|[from] item: Leftovers\n|upkeep\n|\n|t:|1683731905\n|switch|p2b: Grimmsnarl|Grimmsnarl, L50, M|87\/100\n|turn|10\n|\n|t:|1683731929\n|move|p1b: Muk|Shadow Sneak|p2a: Meowscarada\n|-resisted|p2a: Meowscarada\n|-damage|p2a: Meowscarada|93\/100\n|move|p2a: Meowscarada|Knock Off|p1b: Muk\n|-damage|p1b: Muk|0 fnt\n|-enditem|p1b: Muk|Assault Vest|[from] move: Knock Off|[of] p2a: Meowscarada\n|faint|p1b: Muk\n|move|p1a: Scream Tail|Disable|p2a: Meowscarada\n|-start|p2a: Meowscarada|Disable|Knock Off\n|move|p2b: Grimmsnarl|Spirit Break|p1a: Scream Tail\n|-end|p1a: Scream Tail|Substitute\n|\n|-heal|p1a: Scream Tail|77\/100|[from] item: Leftovers\n|upkeep\n|turn|11\n|\n|t:|1683731944\n|-terastallize|p2a: Meowscarada|Grass\n|move|p2a: Meowscarada|Flower Trick|p1a: Scream Tail\n|-crit|p1a: Scream Tail\n|-damage|p1a: Scream Tail|14\/100\n|move|p1a: Scream Tail|Disable|p2b: Grimmsnarl\n|-start|p2b: Grimmsnarl|Disable|Spirit Break\n|cant|p2b: Grimmsnarl|Disable|Spirit Break\n|\n|-heal|p1a: Scream Tail|20\/100|[from] item: Leftovers\n|upkeep\n|turn|12\n|\n|t:|1683731956\n|move|p2a: Meowscarada|Flower Trick|p1a: Scream Tail\n|-crit|p1a: Scream Tail\n|-damage|p1a: Scream Tail|0 fnt\n|faint|p1a: Scream Tail\n|-end|p1a: Scream Tail|Protosynthesis|[silent]\n|\n|win|Diegogris\n|l|\u2606cotita97\n","uploadtime":1683731967,"views":8,"p1id":"cotita97","p2id":"diegogris","formatid":"gen9vgc2023regulationc","rating":0,"private":0,"password":""}