{"id":"gen9vgc2023regulationc-1858366663","p1":"Barbie120","p2":"Mino907","format":"[Gen 9] VGC 2023 Regulation C","log":"|j|\u2606Barbie120\n|j|\u2606Mino907\n|t:|1683305769\n|gametype|doubles\n|player|p1|Barbie120|drayden|1244\n|player|p2|Mino907|richboy|1343\n|teamsize|p1|6\n|teamsize|p2|6\n|gen|9\n|tier|[Gen 9] VGC 2023 Regulation C\n|rated|\n|rule|Species Clause: Limit one of each Pok\u00e9mon\n|rule|Item Clause: Limit one of each item\n|clearpoke\n|poke|p1|Corviknight, L50, F|\n|poke|p1|Ting-Lu, L50|\n|poke|p1|Flutter Mane, L50|\n|poke|p1|Amoonguss, L50, F|\n|poke|p1|Arcanine, L50, F|\n|poke|p1|Baxcalibur, L50, M|\n|poke|p2|Abomasnow, L50, F|\n|poke|p2|Chien-Pao, L50|\n|poke|p2|Flutter Mane, L50|\n|poke|p2|Roaring Moon, L50|\n|poke|p2|Iron Bundle, L50|\n|poke|p2|Arcanine, L50, F|\n|teampreview|4\n|\n|t:|1683305818\n|start\n|switch|p1a: Flutter Mane|Flutter Mane, L50|100\/100\n|switch|p1b: Baxcalibur|Baxcalibur, L50, M|100\/100\n|switch|p2a: Roaring Moon|Roaring Moon, L50|100\/100\n|switch|p2b: Arcanine|Arcanine, L50, F|100\/100\n|-ability|p2b: Arcanine|Intimidate|boost\n|-unboost|p1a: Flutter Mane|atk|1\n|-unboost|p1b: Baxcalibur|atk|1\n|-enditem|p1a: Flutter Mane|Booster Energy\n|-activate|p1a: Flutter Mane|ability: Protosynthesis|[fromitem]\n|-start|p1a: Flutter Mane|protosynthesisspe\n|turn|1\n|\n|t:|1683305839\n|switch|p1b: Corviknight|Corviknight, L50, F|100\/100\n|-terastallize|p2a: Roaring Moon|Fire\n|move|p1a: Flutter Mane|Protect|p1a: Flutter Mane\n|-singleturn|p1a: Flutter Mane|Protect\n|move|p2a: Roaring Moon|Tailwind|p2a: Roaring Moon\n|-sidestart|p2: Mino907|move: Tailwind\n|move|p2b: Arcanine|Flare Blitz|p1a: Flutter Mane\n|-activate|p1a: Flutter Mane|move: Protect\n|\n|upkeep\n|turn|2\n|\n|t:|1683305864\n|-end|p1a: Flutter Mane|Protosynthesis|[silent]\n|switch|p1a: Baxcalibur|Baxcalibur, L50, M|100\/100\n|move|p1b: Corviknight|Protect|p1b: Corviknight\n|-singleturn|p1b: Corviknight|Protect\n|move|p2a: Roaring Moon|U-turn|p1a: Baxcalibur\n|-damage|p1a: Baxcalibur|82\/100\n|\n|t:|1683305872\n|-end|p2a: Roaring Moon|Protosynthesis|[silent]\n|switch|p2a: Iron Bundle|Iron Bundle, L50|100\/100|[from] U-turn\n|move|p2b: Arcanine|Will-O-Wisp|p1b: Corviknight\n|-activate|p1b: Corviknight|move: Protect\n|\n|upkeep\n|turn|3\n|\n|t:|1683305889\n|switch|p2b: Abomasnow|Abomasnow, L50, F|100\/100\n|-weather|Snow|[from] ability: Snow Warning|[of] p2b: Abomasnow\n|move|p2a: Iron Bundle|Blizzard|p1a: Baxcalibur|[spread] p1a,p1b\n|-damage|p1a: Baxcalibur|61\/100\n|-damage|p1b: Corviknight|72\/100\n|move|p1a: Baxcalibur|Earthquake|p2b: Abomasnow|[spread] p2a,p2b\n|-immune|p1b: Corviknight\n|-resisted|p2b: Abomasnow\n|-crit|p2b: Abomasnow\n|-damage|p2a: Iron Bundle|77\/100\n|-damage|p2b: Abomasnow|87\/100\n|move|p1b: Corviknight|Iron Defense|p1b: Corviknight\n|-boost|p1b: Corviknight|def|2\n|\n|-weather|Snow|[upkeep]\n|-heal|p1b: Corviknight|79\/100|[from] item: Leftovers\n|upkeep\n|turn|4\n|\n|t:|1683305911\n|move|p1b: Corviknight|Protect|p1b: Corviknight\n|-singleturn|p1b: Corviknight|Protect\n|move|p2a: Iron Bundle|Blizzard|p1b: Corviknight|[spread] p1a\n|-activate|p1b: Corviknight|move: Protect\n|-damage|p1a: Baxcalibur|39\/100\n|move|p2b: Abomasnow|Aurora Veil|p2b: Abomasnow\n|-sidestart|p2: Mino907|move: Aurora Veil\n|move|p1a: Baxcalibur|Icicle Crash|p2b: Abomasnow|[miss]\n|-miss|p1a: Baxcalibur|p2b: Abomasnow\n|\n|-weather|Snow|[upkeep]\n|-heal|p1b: Corviknight|85\/100|[from] item: Leftovers\n|-sideend|p2: Mino907|move: Tailwind\n|upkeep\n|turn|5\n|\n|t:|1683305927\n|move|p2a: Iron Bundle|Blizzard|p1b: Corviknight|[spread] p1a,p1b\n|-crit|p1a: Baxcalibur\n|-crit|p1b: Corviknight\n|-damage|p1a: Baxcalibur|9\/100\n|-damage|p1b: Corviknight|44\/100\n|move|p1a: Baxcalibur|Icicle Crash|p2b: Abomasnow\n|-damage|p2b: Abomasnow|66\/100\n|move|p1b: Corviknight|Iron Defense|p1b: Corviknight\n|-boost|p1b: Corviknight|def|2\n|cant|p2b: Abomasnow|flinch\n|\n|-weather|Snow|[upkeep]\n|-heal|p1b: Corviknight|50\/100|[from] item: Leftovers\n|upkeep\n|turn|6\n|\n|t:|1683305941\n|move|p1b: Corviknight|Protect|p1b: Corviknight\n|-singleturn|p1b: Corviknight|Protect\n|move|p1a: Baxcalibur|Ice Shard|p2a: Iron Bundle\n|-resisted|p2a: Iron Bundle\n|-damage|p2a: Iron Bundle|73\/100\n|move|p2a: Iron Bundle|Blizzard|p1a: Baxcalibur|[spread] p1a\n|-activate|p1b: Corviknight|move: Protect\n|-crit|p1a: Baxcalibur\n|-damage|p1a: Baxcalibur|0 fnt\n|faint|p1a: Baxcalibur\n|move|p2b: Abomasnow|Blizzard|p1b: Corviknight\n|-activate|p1b: Corviknight|move: Protect\n|\n|-weather|Snow|[upkeep]\n|-heal|p1b: Corviknight|57\/100|[from] item: Leftovers\n|upkeep\n|\n|t:|1683305957\n|switch|p1a: Ting-Lu|Ting-Lu, L50|100\/100\n|-ability|p1a: Ting-Lu|Vessel of Ruin\n|turn|7\n|\n|t:|1683305976\n|-terastallize|p1a: Ting-Lu|Poison\n|move|p2a: Iron Bundle|Blizzard|p1a: Ting-Lu|[spread] p1a,p1b\n|-damage|p1a: Ting-Lu|82\/100\n|-damage|p1b: Corviknight|36\/100\n|move|p1b: Corviknight|Body Press|p2b: Abomasnow\n|-supereffective|p2b: Abomasnow\n|-damage|p2b: Abomasnow|17\/100\n|move|p2b: Abomasnow|Blizzard|p1b: Corviknight|[spread] p1a,p1b\n|-damage|p1a: Ting-Lu|67\/100\n|-damage|p1b: Corviknight|20\/100\n|move|p1a: Ting-Lu|Heavy Slam|p2b: Abomasnow\n|-supereffective|p2b: Abomasnow\n|-damage|p2b: Abomasnow|0 fnt\n|faint|p2b: Abomasnow\n|\n|-weather|none\n|-heal|p1b: Corviknight|27\/100|[from] item: Leftovers\n|upkeep\n|\n|t:|1683305993\n|switch|p2b: Roaring Moon|Roaring Moon, L50, tera:Fire|100\/100\n|turn|8\n|\n|t:|1683306006\n|move|p1b: Corviknight|Protect|p1b: Corviknight\n|-singleturn|p1b: Corviknight|Protect\n|move|p2a: Iron Bundle|Hydro Pump|p1b: Corviknight\n|-activate|p1b: Corviknight|move: Protect\n|move|p2b: Roaring Moon|Jaw Lock|p1b: Corviknight\n|-activate|p1b: Corviknight|move: Protect\n|move|p1a: Ting-Lu|Heavy Slam|p2a: Iron Bundle\n|-damage|p2a: Iron Bundle|31\/100\n|\n|-heal|p1b: Corviknight|33\/100|[from] item: Leftovers\n|upkeep\n|turn|9\n|\n|t:|1683306030\n|switch|p1a: Flutter Mane|Flutter Mane, L50|100\/100\n|move|p2a: Iron Bundle|Protect|p2a: Iron Bundle\n|-singleturn|p2a: Iron Bundle|Protect\n|move|p2b: Roaring Moon|Tailwind|p2b: Roaring Moon\n|-sidestart|p2: Mino907|move: Tailwind\n|move|p1b: Corviknight|Iron Defense|p1b: Corviknight\n|-boost|p1b: Corviknight|def|2\n|\n|-heal|p1b: Corviknight|39\/100|[from] item: Leftovers\n|upkeep\n|turn|10\n|\n|t:|1683306045\n|move|p1a: Flutter Mane|Protect|p1a: Flutter Mane\n|-singleturn|p1a: Flutter Mane|Protect\n|move|p1b: Corviknight|Protect|p1b: Corviknight\n|-singleturn|p1b: Corviknight|Protect\n|move|p2a: Iron Bundle|Blizzard|p1a: Flutter Mane|[spread] \n|-activate|p1a: Flutter Mane|move: Protect\n|-activate|p1b: Corviknight|move: Protect\n|move|p2b: Roaring Moon|Jaw Lock|p1a: Flutter Mane\n|-activate|p1a: Flutter Mane|move: Protect\n|\n|-heal|p1b: Corviknight|45\/100|[from] item: Leftovers\n|upkeep\n|turn|11\n|\n|t:|1683306061\n|move|p2a: Iron Bundle|Hydro Pump|p1b: Corviknight\n|-damage|p1b: Corviknight|4\/100\n|move|p2b: Roaring Moon|Jaw Lock|p1b: Corviknight\n|-damage|p1b: Corviknight|0 fnt\n|faint|p1b: Corviknight\n|move|p1a: Flutter Mane|Thunderbolt|p2a: Iron Bundle\n|-supereffective|p2a: Iron Bundle\n|-crit|p2a: Iron Bundle\n|-damage|p2a: Iron Bundle|0 fnt\n|faint|p2a: Iron Bundle\n|-end|p2a: Iron Bundle|Quark Drive|[silent]\n|\n|-sideend|p2: Mino907|move: Aurora Veil\n|upkeep\n|\n|t:|1683306073\n|switch|p2a: Arcanine|Arcanine, L50, F|100\/100\n|switch|p1b: Ting-Lu|Ting-Lu, L50, tera:Poison|67\/100\n|-ability|p2a: Arcanine|Intimidate|boost\n|-unboost|p1a: Flutter Mane|atk|1\n|-unboost|p1b: Ting-Lu|atk|1\n|-ability|p1b: Ting-Lu|Vessel of Ruin\n|turn|12\n|\n|t:|1683306084\n|move|p1a: Flutter Mane|Protect|p1a: Flutter Mane\n|-singleturn|p1a: Flutter Mane|Protect\n|move|p2b: Roaring Moon|Jaw Lock|p1a: Flutter Mane\n|-activate|p1a: Flutter Mane|move: Protect\n|move|p2a: Arcanine|Will-O-Wisp|p1b: Ting-Lu\n|-status|p1b: Ting-Lu|brn\n|move|p1b: Ting-Lu|Earthquake|p2b: Roaring Moon|[spread] p2a,p2b\n|-activate|p1a: Flutter Mane|move: Protect\n|-supereffective|p2a: Arcanine\n|-supereffective|p2b: Roaring Moon\n|-damage|p2a: Arcanine|71\/100\n|-damage|p2b: Roaring Moon|77\/100\n|\n|-damage|p1b: Ting-Lu|61\/100 brn|[from] brn\n|-sideend|p2: Mino907|move: Tailwind\n|upkeep\n|turn|13\n|\n|t:|1683306103\n|move|p1a: Flutter Mane|Shadow Ball|p2b: Roaring Moon\n|-damage|p2b: Roaring Moon|53\/100\n|-unboost|p2b: Roaring Moon|spd|1\n|move|p2b: Roaring Moon|Jaw Lock|p1a: Flutter Mane\n|-damage|p1a: Flutter Mane|24\/100\n|-activate|p2b: Roaring Moon|trapped\n|move|p2a: Arcanine|Flare Blitz|p1a: Flutter Mane\n|-damage|p1a: Flutter Mane|0 fnt\n|faint|p1a: Flutter Mane\n|-end|p1a: Flutter Mane|Protosynthesis|[silent]\n|-damage|p2a: Arcanine|66\/100|[from] Recoil\n|move|p1b: Ting-Lu|Earthquake|p2b: Roaring Moon|[spread] p2a,p2b\n|-supereffective|p2a: Arcanine\n|-supereffective|p2b: Roaring Moon\n|-damage|p2a: Arcanine|32\/100\n|-damage|p2b: Roaring Moon|27\/100\n|\n|-damage|p1b: Ting-Lu|55\/100 brn|[from] brn\n|upkeep\n|turn|14\n|\n|t:|1683306123\n|move|p2b: Roaring Moon|Jaw Lock|p1b: Ting-Lu\n|-damage|p1b: Ting-Lu|35\/100 brn\n|-activate|p2b: Roaring Moon|trapped\n|-activate|p1b: Ting-Lu|trapped\n|move|p2a: Arcanine|Flare Blitz|p1b: Ting-Lu\n|-damage|p1b: Ting-Lu|9\/100 brn\n|-damage|p2a: Arcanine|21\/100|[from] Recoil\n|move|p1b: Ting-Lu|Earthquake|p2a: Arcanine|[spread] p2a,p2b\n|-supereffective|p2a: Arcanine\n|-supereffective|p2b: Roaring Moon\n|-damage|p2a: Arcanine|0 fnt\n|-damage|p2b: Roaring Moon|1\/100\n|-enditem|p2b: Roaring Moon|Aguav Berry|[eat]\n|-heal|p2b: Roaring Moon|34\/100|[from] item: Aguav Berry\n|faint|p2a: Arcanine\n|\n|-damage|p1b: Ting-Lu|3\/100 brn|[from] brn\n|upkeep\n|turn|15\n|c|\u2606Barbie120|Gg\n|\n|t:|1683306140\n|move|p2b: Roaring Moon|Jaw Lock|p1b: Ting-Lu\n|-damage|p1b: Ting-Lu|0 fnt\n|faint|p1b: Ting-Lu\n|\n|win|Mino907\n|raw|Barbie120's rating: 1244 → 1226<\/strong> (-18 for losing)\n|raw|Mino907's rating: 1343 → 1357<\/strong> (+14 for winning)\n","uploadtime":1683306148,"views":11,"p1id":"barbie120","p2id":"mino907","formatid":"gen9vgc2023regulationc","rating":1226,"private":0,"password":""}