{"id":"gen9vgc2023regulationc-1863848511","p1":"BOhm11","p2":"Raymond935","format":"[Gen 9] VGC 2023 Regulation C","log":"|j|\u2606BOhm11\n|j|\u2606Raymond935\n|t:|1684085059\n|gametype|doubles\n|player|p1|BOhm11|170|\n|player|p2|Raymond935|102|\n|teamsize|p1|6\n|teamsize|p2|6\n|gen|9\n|tier|[Gen 9] VGC 2023 Regulation C\n|rule|Species Clause: Limit one of each Pok\u00e9mon\n|rule|Item Clause: Limit one of each item\n|clearpoke\n|poke|p1|Lycanroc, L50, F|\n|poke|p1|Hippowdon, L50, M|\n|poke|p1|Scream Tail, L50|\n|poke|p1|Gothitelle, L50, F|\n|poke|p1|Garganacl, L50, M|\n|poke|p1|Breloom, L50, F|\n|poke|p2|Dragonite, L50, M|\n|poke|p2|Chien-Pao, L50|\n|poke|p2|Slowbro, L50, F|\n|poke|p2|Iron Treads, L50|\n|poke|p2|Ceruledge, L50, M|\n|poke|p2|Naclstack, L50, F|\n|teampreview|4\n|c|\u2606Raymond935|gl hf\nRaymond935 rejected open team sheets.\n|c|\u2606Raymond935|G1\n|c|\u2606BOhm11|glhf!\n|\n|t:|1684085163\n|start\n|switch|p1a: Scream Tail|Scream Tail, L50|100\/100\n|switch|p1b: Gothitelle|Gothitelle, L50, F|100\/100\n|switch|p2a: Slowbro|Slowbro, L50, F|100\/100\n|switch|p2b: Iron Treads|Iron Treads, L50|100\/100\n|-item|p2a: Slowbro|Covert Cloak|[from] ability: Frisk|[of] p1b: Gothitelle|[identify]\n|-item|p2b: Iron Treads|Booster Energy|[from] ability: Frisk|[of] p1b: Gothitelle|[identify]\n|-enditem|p2b: Iron Treads|Booster Energy\n|-activate|p2b: Iron Treads|ability: Quark Drive|[fromitem]\n|-start|p2b: Iron Treads|quarkdriveatk\n|-enditem|p1a: Scream Tail|Booster Energy\n|-activate|p1a: Scream Tail|ability: Protosynthesis|[fromitem]\n|-start|p1a: Scream Tail|protosynthesisdef\n|turn|1\n|c|\u2606Raymond935|The wall of text strikes again\n|j| sucabaVGC\n|c|\u2606BOhm11|haha I know right\n|\n|t:|1684085238\n|move|p2b: Iron Treads|Protect|p2b: Iron Treads\n|-singleturn|p2b: Iron Treads|Protect\n|move|p1b: Gothitelle|Fake Out|p2b: Iron Treads\n|-activate|p2b: Iron Treads|move: Protect\n|move|p1a: Scream Tail|Reflect|p1a: Scream Tail\n|-sidestart|p1: BOhm11|Reflect\n|move|p2a: Slowbro|Calm Mind|p2a: Slowbro\n|-boost|p2a: Slowbro|spa|1\n|-boost|p2a: Slowbro|spd|1\n|\n|upkeep\n|turn|2\n|j| j4ce\n|\n|t:|1684085308\n|move|p2b: Iron Treads|Iron Head|p1a: Scream Tail\n|-supereffective|p1a: Scream Tail\n|-damage|p1a: Scream Tail|68\/100\n|cant|p1a: Scream Tail|flinch\n|move|p1b: Gothitelle|Foul Play|p2b: Iron Treads\n|-damage|p2b: Iron Treads|71\/100\n|move|p2a: Slowbro|Hydro Pump|p1b: Gothitelle\n|-damage|p1b: Gothitelle|51\/100\n|\n|upkeep\n|turn|3\n|\n|t:|1684085346\n|move|p2b: Iron Treads|Iron Head|p1a: Scream Tail\n|-supereffective|p1a: Scream Tail\n|-damage|p1a: Scream Tail|34\/100\n|move|p1a: Scream Tail|Howl|p1a: Scream Tail|[spread] p1a,p1b\n|-boost|p1a: Scream Tail|atk|1\n|-boost|p1b: Gothitelle|atk|1\n|move|p1b: Gothitelle|Heal Pulse|p1a: Scream Tail\n|-heal|p1a: Scream Tail|84\/100\n|move|p2a: Slowbro|Hydro Pump|p1b: Gothitelle|[miss]\n|-miss|p2a: Slowbro|p1b: Gothitelle\n|\n|upkeep\n|turn|4\n|\n|t:|1684085380\n|move|p2b: Iron Treads|Protect|p2b: Iron Treads\n|-singleturn|p2b: Iron Treads|Protect\n|move|p1a: Scream Tail|Play Rough|p2a: Slowbro\n|-damage|p2a: Slowbro|81\/100\n|move|p1b: Gothitelle|Foul Play|p2b: Iron Treads\n|-activate|p2b: Iron Treads|move: Protect\n|move|p2a: Slowbro|Hydro Pump|p1a: Scream Tail\n|-damage|p1a: Scream Tail|41\/100\n|\n|upkeep\n|turn|5\n|l| sucabaVGC\n|\n|t:|1684085460\n|move|p2b: Iron Treads|Iron Head|p1b: Gothitelle\n|-damage|p1b: Gothitelle|23\/100\n|-enditem|p1b: Gothitelle|Aguav Berry|[eat]\n|-heal|p1b: Gothitelle|56\/100|[from] item: Aguav Berry\n|move|p1a: Scream Tail|Play Rough|p2a: Slowbro\n|-damage|p2a: Slowbro|58\/100\n|move|p1b: Gothitelle|Foul Play|p2b: Iron Treads\n|-damage|p2b: Iron Treads|43\/100\n|move|p2a: Slowbro|Calm Mind|p2a: Slowbro\n|-boost|p2a: Slowbro|spa|1\n|-boost|p2a: Slowbro|spd|1\n|\n|-sideend|p1: BOhm11|Reflect\n|upkeep\n|turn|6\n|\n|t:|1684085492\n|move|p2b: Iron Treads|Iron Head|p1a: Scream Tail\n|-supereffective|p1a: Scream Tail\n|-damage|p1a: Scream Tail|0 fnt\n|faint|p1a: Scream Tail\n|-end|p1a: Scream Tail|Protosynthesis|[silent]\n|move|p1b: Gothitelle|Foul Play|p2b: Iron Treads\n|-crit|p2b: Iron Treads\n|-damage|p2b: Iron Treads|0 fnt\n|faint|p2b: Iron Treads\n|-end|p2b: Iron Treads|Quark Drive|[silent]\n|move|p2a: Slowbro|Slack Off|p2a: Slowbro\n|-heal|p2a: Slowbro|100\/100\n|\n|upkeep\n|\n|t:|1684085520\n|switch|p2b: Chien-Pao|Chien-Pao, L50|100\/100\n|switch|p1a: Garganacl|Garganacl, L50, M|100\/100\n|-ability|p2b: Chien-Pao|Sword of Ruin\n|turn|7\n|\n|t:|1684085567\n|-terastallize|p1a: Garganacl|Water\n|move|p2b: Chien-Pao|Protect|p2b: Chien-Pao\n|-singleturn|p2b: Chien-Pao|Protect\n|move|p1b: Gothitelle|Foul Play|p2b: Chien-Pao\n|-activate|p2b: Chien-Pao|move: Protect\n|move|p2a: Slowbro|Hydro Pump|p1a: Garganacl\n|-resisted|p1a: Garganacl\n|-damage|p1a: Garganacl|66\/100\n|move|p1a: Garganacl|Salt Cure|p2a: Slowbro\n|-damage|p2a: Slowbro|89\/100\n|\n|-heal|p1a: Garganacl|72\/100|[from] item: Leftovers\n|upkeep\n|turn|8\n|\n|t:|1684085634\n|move|p2b: Chien-Pao|Crunch|p1b: Gothitelle\n|-supereffective|p1b: Gothitelle\n|-damage|p1b: Gothitelle|0 fnt\n|faint|p1b: Gothitelle\n|move|p2a: Slowbro|Hydro Pump|p1a: Garganacl\n|-resisted|p1a: Garganacl\n|-damage|p1a: Garganacl|35\/100\n|move|p1a: Garganacl|Salt Cure|p2a: Slowbro\n|-damage|p2a: Slowbro|78\/100\n|\n|-heal|p1a: Garganacl|41\/100|[from] item: Leftovers\n|upkeep\n|\n|t:|1684085642\n|switch|p1b: Hippowdon|Hippowdon, L50, M|100\/100\n|-weather|Sandstorm|[from] ability: Sand Stream|[of] p1b: Hippowdon\n|turn|9\n|\n|t:|1684085660\n|move|p1b: Hippowdon|Protect|p1b: Hippowdon\n|-singleturn|p1b: Hippowdon|Protect\n|move|p2b: Chien-Pao|Icicle Crash|p1b: Hippowdon\n|-activate|p1b: Hippowdon|move: Protect\n|move|p2a: Slowbro|Hydro Pump|p1b: Hippowdon\n|-activate|p1b: Hippowdon|move: Protect\n|move|p1a: Garganacl|Recover|p1a: Garganacl\n|-heal|p1a: Garganacl|91\/100\n|\n|-weather|Sandstorm|[upkeep]\n|-damage|p2b: Chien-Pao|95\/100|[from] Sandstorm\n|-damage|p2a: Slowbro|72\/100|[from] Sandstorm\n|-damage|p1a: Garganacl|86\/100|[from] Sandstorm\n|-heal|p1a: Garganacl|91\/100|[from] item: Leftovers\n|upkeep\n|turn|10\n|l| j4ce\n|\n|t:|1684085682\n|move|p2b: Chien-Pao|Protect|p2b: Chien-Pao\n|-singleturn|p2b: Chien-Pao|Protect\n|move|p1b: Hippowdon|Sand Tomb|p2a: Slowbro\n|-damage|p2a: Slowbro|60\/100\n|-activate|p2a: Slowbro|move: Sand Tomb|[of] p1b: Hippowdon\n|move|p2a: Slowbro|Slack Off|p2a: Slowbro\n|-heal|p2a: Slowbro|100\/100\n|move|p1a: Garganacl|Iron Defense|p1a: Garganacl\n|-boost|p1a: Garganacl|def|2\n|\n|-weather|Sandstorm|[upkeep]\n|-damage|p2b: Chien-Pao|89\/100|[from] Sandstorm\n|-damage|p2a: Slowbro|95\/100|[from] Sandstorm\n|-damage|p1a: Garganacl|86\/100|[from] Sandstorm\n|-heal|p1a: Garganacl|91\/100|[from] item: Leftovers\n|-damage|p2a: Slowbro|78\/100|[from] move: Sand Tomb|[partiallytrapped]\n|upkeep\n|turn|11\n|\n|t:|1684085747\n|move|p1b: Hippowdon|Protect|p1b: Hippowdon\n|-singleturn|p1b: Hippowdon|Protect\n|move|p2b: Chien-Pao|Crunch|p1a: Garganacl\n|-damage|p1a: Garganacl|75\/100\n|-unboost|p1a: Garganacl|def|1\n|move|p2a: Slowbro|Hydro Pump|p1a: Garganacl\n|-resisted|p1a: Garganacl\n|-damage|p1a: Garganacl|39\/100\n|move|p1a: Garganacl|Salt Cure|p2b: Chien-Pao\n|-supereffective|p2b: Chien-Pao\n|-damage|p2b: Chien-Pao|46\/100\n|-start|p2b: Chien-Pao|Salt Cure\n|\n|-weather|Sandstorm|[upkeep]\n|-damage|p2b: Chien-Pao|40\/100|[from] Sandstorm\n|-damage|p2a: Slowbro|72\/100|[from] Sandstorm\n|-damage|p1a: Garganacl|33\/100|[from] Sandstorm\n|-heal|p1a: Garganacl|39\/100|[from] item: Leftovers\n|-damage|p2b: Chien-Pao|28\/100|[from] Salt Cure\n|-damage|p2a: Slowbro|56\/100|[from] move: Sand Tomb|[partiallytrapped]\n|upkeep\n|turn|12\n|\n|t:|1684085795\n|move|p1a: Garganacl|Protect|p1a: Garganacl\n|-singleturn|p1a: Garganacl|Protect\n|move|p2b: Chien-Pao|Icicle Crash|p1b: Hippowdon\n|-supereffective|p1b: Hippowdon\n|-damage|p1b: Hippowdon|20\/100\n|cant|p1b: Hippowdon|flinch\n|move|p2a: Slowbro|Hydro Pump|p1b: Hippowdon\n|-supereffective|p1b: Hippowdon\n|-damage|p1b: Hippowdon|0 fnt\n|faint|p1b: Hippowdon\n|\n|-weather|Sandstorm|[upkeep]\n|-damage|p2b: Chien-Pao|22\/100|[from] Sandstorm\n|-damage|p2a: Slowbro|50\/100|[from] Sandstorm\n|-damage|p1a: Garganacl|33\/100|[from] Sandstorm\n|-heal|p1a: Garganacl|39\/100|[from] item: Leftovers\n|-damage|p2b: Chien-Pao|10\/100|[from] Salt Cure\n|-end|p2a: Slowbro|Sand Tomb|[partiallytrapped]|[silent]\n|upkeep\n|turn|13\n|c|\u2606BOhm11|damn that hurt\n|c|\u2606BOhm11|gg!\n|\n|t:|1684085845\n|move|p2b: Chien-Pao|Crunch|p1a: Garganacl\n|-damage|p1a: Garganacl|18\/100\n|-unboost|p1a: Garganacl|def|1\n|move|p2a: Slowbro|Slack Off|p2a: Slowbro\n|-heal|p2a: Slowbro|99\/100\n|move|p1a: Garganacl|Recover|p1a: Garganacl\n|-heal|p1a: Garganacl|68\/100\n|\n|-weather|none\n|-heal|p1a: Garganacl|74\/100|[from] item: Leftovers\n|-damage|p2b: Chien-Pao|0 fnt|[from] Salt Cure\n|faint|p2b: Chien-Pao\n|upkeep\n|\n|t:|1684085847\n|switch|p2b: Ceruledge|Ceruledge, L50, M|100\/100\n|turn|14\n|c|\u2606Raymond935|might not be\n|c|\u2606BOhm11|haha slowbro is too good here\n|\n|t:|1684085890\n|move|p1a: Garganacl|Protect|p1a: Garganacl\n|-singleturn|p1a: Garganacl|Protect\n|move|p2b: Ceruledge|Taunt|p1a: Garganacl\n|-activate|p1a: Garganacl|move: Protect\n|move|p2a: Slowbro|Calm Mind|p2a: Slowbro\n|-boost|p2a: Slowbro|spa|1\n|-boost|p2a: Slowbro|spd|1\n|\n|-heal|p1a: Garganacl|80\/100|[from] item: Leftovers\n|upkeep\n|turn|15\n|\n|t:|1684085898\n|move|p2b: Ceruledge|Taunt|p1a: Garganacl\n|-start|p1a: Garganacl|move: Taunt\n|move|p2a: Slowbro|Calm Mind|p2a: Slowbro\n|-boost|p2a: Slowbro|spa|1\n|-boost|p2a: Slowbro|spd|1\n|move|p1a: Garganacl|Salt Cure|p2b: Ceruledge\n|-supereffective|p2b: Ceruledge\n|-crit|p2b: Ceruledge\n|-damage|p2b: Ceruledge|36\/100\n|-start|p2b: Ceruledge|Salt Cure\n|\n|-heal|p1a: Garganacl|86\/100|[from] item: Leftovers\n|-damage|p2b: Ceruledge|24\/100|[from] Salt Cure\n|upkeep\n|turn|16\n|\n|t:|1684085926\n|move|p2b: Ceruledge|Swords Dance|p2b: Ceruledge\n|-boost|p2b: Ceruledge|atk|2\n|move|p2a: Slowbro|Calm Mind|p2a: Slowbro\n|-boost|p2a: Slowbro|spa|1\n|-boost|p2a: Slowbro|spd|1\n|move|p1a: Garganacl|Salt Cure|p2b: Ceruledge\n|-supereffective|p2b: Ceruledge\n|-damage|p2b: Ceruledge|0 fnt\n|faint|p2b: Ceruledge\n|\n|-heal|p1a: Garganacl|91\/100|[from] item: Leftovers\n|upkeep\n|turn|17\n|c|\u2606Raymond935|No way I got myself here\n|c|\u2606Raymond935|HAHA\n|\n|t:|1684085941\n|move|p2a: Slowbro|Calm Mind|p2a: Slowbro\n|-boost|p2a: Slowbro|spa|1\n|-boost|p2a: Slowbro|spd|1\n|move|p1a: Garganacl|Salt Cure|p2a: Slowbro\n|-damage|p2a: Slowbro|91\/100\n|\n|-heal|p1a: Garganacl|97\/100|[from] item: Leftovers\n|-end|p1a: Garganacl|move: Taunt\n|upkeep\n|turn|18\n|c|\u2606BOhm11|haha ohko?\n|c|\u2606BOhm11|wait do you have another move?\n|c|\u2606Raymond935|I think I may lose this\n|c|\u2606BOhm11|oh no\n|c|\u2606Raymond935|uh\n|-message|Raymond935 forfeited.\n|\n|win|BOhm11\n|c|\u2606BOhm11|didnt see that coming\n|c|\u2606Raymond935|Kill to garg LMAO\n|c|\u2606BOhm11|haha lmao\n|c|\u2606Raymond935|I didn;t see that coming either\n|c|\u2606Raymond935|Interesting end game onto G2\n|c|\u2606BOhm11|yes lol\n|j| sucabaVGC\n|j| A Borygon\n|l| sucabaVGC\n","uploadtime":1684086134,"views":37,"p1id":"bohm11","p2id":"raymond935","formatid":"gen9vgc2023regulationc","rating":0,"private":0,"password":""}