{"id":"gen9vgc2023regulationc-1855032092","p1":"labiamg","p2":"Haseooo","format":"[Gen 9] VGC 2023 Regulation C","log":"|j|\u2606labiamg\n|j|\u2606Haseooo\n|t:|1682893110\n|gametype|doubles\n|player|p1|labiamg|266|\n|player|p2|Haseooo|gardenia|\n|teamsize|p1|6\n|teamsize|p2|6\n|gen|9\n|tier|[Gen 9] VGC 2023 Regulation C\n|rule|Species Clause: Limit one of each Pok\u00e9mon\n|rule|Item Clause: Limit one of each item\n|clearpoke\n|poke|p1|Dragonite, L50, F|\n|poke|p1|Lycanroc, L50, M|\n|poke|p1|Talonflame, L50, F|\n|poke|p1|Annihilape, L50, F|\n|poke|p1|Rotom-Wash, L50|\n|poke|p1|Garchomp, L50, F|\n|poke|p2|Talonflame, L50, F|\n|poke|p2|Great Tusk, L50|\n|poke|p2|Annihilape, L50, F|\n|poke|p2|Rotom-Mow, L50|\n|poke|p2|Torkoal, L50, M|\n|poke|p2|Gengar, L50, M|\n|teampreview|4\n|c|\u2606Haseooo|Suerte!\n|\n|t:|1682893153\n|start\n|switch|p1a: Dragonite|Dragonite, L50, F|100\/100\n|switch|p1b: Lycanroc|Lycanroc, L50, M|100\/100\n|switch|p2a: Talonflame|Talonflame, L50, F|100\/100\n|switch|p2b: Annihilape|Annihilape, L50, F|100\/100\n|turn|1\n|\n|t:|1682893164\n|-terastallize|p1a: Dragonite|Normal\n|move|p1a: Dragonite|Extreme Speed|p2a: Talonflame\n|-damage|p2a: Talonflame|10\/100\n|move|p2b: Annihilape|Final Gambit|p1a: Dragonite\n|-damage|p1a: Dragonite|7\/100\n|faint|p2b: Annihilape\n|move|p2a: Talonflame|Tailwind|p2a: Talonflame\n|-sidestart|p2: Haseooo|move: Tailwind\n|move|p1b: Lycanroc|Rock Slide|p2a: Talonflame\n|-supereffective|p2a: Talonflame\n|-damage|p2a: Talonflame|0 fnt\n|faint|p2a: Talonflame\n|\n|upkeep\n|\n|t:|1682893174\n|switch|p2a: Gengar|Gengar, L50, M|100\/100\n|switch|p2b: Rotom|Rotom-Mow, L50|100\/100\n|turn|2\n|\n|t:|1682893189\n|move|p1a: Dragonite|Extreme Speed|p2b: Rotom\n|-damage|p2b: Rotom|50\/100\n|-enditem|p2b: Rotom|Sitrus Berry|[eat]\n|-heal|p2b: Rotom|75\/100|[from] item: Sitrus Berry\n|move|p2a: Gengar|Icy Wind|p1a: Dragonite|[spread] p1a,p1b\n|-damage|p1a: Dragonite|0 fnt\n|-damage|p1b: Lycanroc|74\/100\n|-unboost|p1b: Lycanroc|spe|1\n|faint|p1a: Dragonite\n|move|p2b: Rotom|Will-O-Wisp|p1b: Lycanroc\n|-status|p1b: Lycanroc|brn\n|move|p1b: Lycanroc|Rock Slide|p2a: Gengar|[spread] p2b\n|-miss|p1b: Lycanroc|p2a: Gengar\n|-damage|p2b: Rotom|62\/100\n|\n|-damage|p1b: Lycanroc|68\/100 brn|[from] brn\n|upkeep\n|\n|t:|1682893200\n|switch|p1a: Talonflame|Talonflame, L50, F|100\/100\n|turn|3\n|\n|t:|1682893213\n|-terastallize|p2b: Rotom|Electric\n|move|p1a: Talonflame|Protect|p1a: Talonflame\n|-singleturn|p1a: Talonflame|Protect\n|move|p2a: Gengar|Shadow Ball|p1b: Lycanroc\n|-damage|p1b: Lycanroc|4\/100 brn\n|-unboost|p1b: Lycanroc|spd|1\n|move|p2b: Rotom|Thunderbolt|p1a: Talonflame\n|-activate|p1a: Talonflame|move: Protect\n|move|p1b: Lycanroc|Rock Slide|p2b: Rotom|[spread] p2a,p2b\n|-damage|p2a: Gengar|73\/100\n|-damage|p2b: Rotom|51\/100\n|\n|-damage|p1b: Lycanroc|0 fnt|[from] brn\n|faint|p1b: Lycanroc\n|upkeep\n|\n|t:|1682893230\n|switch|p1b: Annihilape|Annihilape, L50, F|100\/100\n|turn|4\n|\n|t:|1682893243\n|move|p1b: Annihilape|Protect|p1b: Annihilape\n|-singleturn|p1b: Annihilape|Protect\n|move|p1a: Talonflame|Tailwind|p1a: Talonflame\n|-sidestart|p1: labiamg|move: Tailwind\n|move|p2a: Gengar|Shadow Ball|p1b: Annihilape\n|-activate|p1b: Annihilape|move: Protect\n|move|p2b: Rotom|Thunderbolt|p1a: Talonflame\n|-supereffective|p1a: Talonflame\n|-damage|p1a: Talonflame|0 fnt\n|faint|p1a: Talonflame\n|\n|-sideend|p2: Haseooo|move: Tailwind\n|upkeep\n|turn|5\n|\n|t:|1682893251\n|move|p2a: Gengar|Protect|p2a: Gengar\n|-singleturn|p2a: Gengar|Protect\n|move|p1b: Annihilape|Rage Fist|p2a: Gengar\n|-activate|p2a: Gengar|move: Protect\n|move|p2b: Rotom|Will-O-Wisp|p1b: Annihilape\n|-status|p1b: Annihilape|brn\n|\n|-damage|p1b: Annihilape|95\/100 brn|[from] brn\n|upkeep\n|turn|6\n|\n|t:|1682893258\n|move|p1b: Annihilape|Rage Fist|p2a: Gengar\n|-supereffective|p2a: Gengar\n|-damage|p2a: Gengar|15\/100\n|move|p2a: Gengar|Shadow Ball|p1b: Annihilape\n|-supereffective|p1b: Annihilape\n|-damage|p1b: Annihilape|13\/100 brn\n|move|p2b: Rotom|Thunderbolt|p1b: Annihilape\n|-damage|p1b: Annihilape|0 fnt\n|faint|p1b: Annihilape\n|\n|win|Haseooo\n|c|\u2606labiamg|Gg\n|c|\u2606Haseooo|Buen juego\n|c|\u2606labiamg|Te spy sincero\n|c|\u2606labiamg|Acabo de crear este quipo\n","uploadtime":1682893275,"views":9,"p1id":"labiamg","p2id":"haseooo","formatid":"gen9vgc2023regulationc","rating":0,"private":0,"password":""}