{"id":"gen9vgc2023regulationc-1861689636","p1":"RazorSquid","p2":"ggeennggaarr","format":"[Gen 9] VGC 2023 Regulation C","log":"|j|\u2606RazorSquid\n|j|\u2606ggeennggaarr\n|t:|1683794831\n|gametype|doubles\n|player|p1|RazorSquid|roughneck-gen4|1161\n|player|p2|ggeennggaarr|cynthia-gen4|1000\n|teamsize|p1|6\n|teamsize|p2|6\n|gen|9\n|tier|[Gen 9] VGC 2023 Regulation C\n|rated|\n|rule|Species Clause: Limit one of each Pok\u00e9mon\n|rule|Item Clause: Limit one of each item\n|clearpoke\n|poke|p1|Muk, L50, M|\n|poke|p1|Tyranitar, L50, F|\n|poke|p1|Lycanroc, L50, M|\n|poke|p1|Flutter Mane, L50|\n|poke|p1|Amoonguss, L50, M|\n|poke|p1|Gyarados, L50, M|\n|poke|p2|Medicham, L50, M|\n|poke|p2|Lycanroc-Midnight, L50, M|\n|poke|p2|Mimikyu, L50, M|\n|poke|p2|Ting-Lu, L50|\n|poke|p2|Dondozo, L50, M|\n|poke|p2|Tatsugiri, L50, F|\n|teampreview|4\n|inactive|Battle timer is ON: inactive players will automatically lose when time's up. (requested by RazorSquid)\n|\n|t:|1683794844\n|start\n|switch|p1a: Muk|Muk, L50, M, shiny|100\/100\n|switch|p1b: Flutter Mane|Flutter Mane, L50|100\/100\n|switch|p2a: Medicham|Medicham, L50, M|100\/100\n|switch|p2b: Mimikyu|Mimikyu, L50, M|100\/100\n|turn|1\n|\n|t:|1683794868\n|move|p2a: Medicham|Detect|p2a: Medicham\n|-singleturn|p2a: Medicham|Protect\n|move|p1a: Muk|Shadow Sneak|p2b: Mimikyu\n|-activate|p2b: Mimikyu|ability: Disguise\n|-damage|p2b: Mimikyu|100\/100\n|detailschange|p2b: Mimikyu|Mimikyu-Busted, L50, M\n|-damage|p2b: Mimikyu|88\/100|[from] pokemon: Mimikyu-Busted\n|move|p1b: Flutter Mane|Dazzling Gleam|p2a: Medicham|[spread] p2b\n|-activate|p2a: Medicham|move: Protect\n|-damage|p2b: Mimikyu|38\/100\n|move|p2b: Mimikyu|Trick Room|p2b: Mimikyu\n|-fieldstart|move: Trick Room|[of] p2b: Mimikyu\n|\n|upkeep\n|turn|2\n|inactive|ggeennggaarr has 30 seconds left.\n|\n|t:|1683794895\n|switch|p2b: Lycanroc|Lycanroc-Midnight, L50, M|100\/100\n|-end|p1b: Flutter Mane|Protosynthesis|[silent]\n|switch|p1b: Amoonguss|Amoonguss, L50, M|100\/100\n|move|p1a: Muk|Gunk Shot|p2b: Lycanroc\n|-resisted|p2b: Lycanroc\n|-damage|p2b: Lycanroc|73\/100\n|move|p2a: Medicham|Skill Swap|p2b: Lycanroc\n|-activate|p2a: Medicham|move: Skill Swap|||[of] p2b: Lycanroc\n|\n|upkeep\n|turn|3\n|inactive|ggeennggaarr has 30 seconds left.\n|\n|t:|1683794920\n|-terastallize|p1a: Muk|Grass\n|-terastallize|p2b: Lycanroc|Fire\n|move|p1b: Amoonguss|Protect|p1b: Amoonguss\n|-singleturn|p1b: Amoonguss|Protect\n|move|p2a: Medicham|Bullet Punch|p1a: Muk\n|-damage|p1a: Muk|96\/100\n|move|p1a: Muk|Drain Punch|p2b: Lycanroc\n|-damage|p2b: Lycanroc|50\/100\n|-heal|p1a: Muk|100\/100|[from] drain|[of] p2b: Lycanroc\n|move|p2b: Lycanroc|Tera Blast|p1b: Amoonguss\n|-activate|p1b: Amoonguss|move: Protect\n|\n|upkeep\n|turn|4\n|inactive|RazorSquid has 30 seconds left.\n|inactive|ggeennggaarr has 30 seconds left.\n|\n|t:|1683794954\n|switch|p1b: Gyarados|Gyarados, L50, M, shiny|100\/100\n|-ability|p1b: Gyarados|Intimidate|boost\n|-unboost|p2a: Medicham|atk|1\n|-unboost|p2b: Lycanroc|atk|1\n|move|p2a: Medicham|Detect|p2a: Medicham\n|-singleturn|p2a: Medicham|Protect\n|move|p1a: Muk|Gunk Shot|p2b: Lycanroc\n|-damage|p2b: Lycanroc|0 fnt\n|faint|p2b: Lycanroc\n|\n|upkeep\n|\n|t:|1683794966\n|switch|p2b: Ting-Lu|Ting-Lu, L50|100\/100\n|-ability|p2b: Ting-Lu|Vessel of Ruin\n|turn|5\n|\n|t:|1683794982\n|move|p1b: Gyarados|Protect|p1b: Gyarados\n|-singleturn|p1b: Gyarados|Protect\n|move|p2b: Ting-Lu|Rock Slide|p1a: Muk|[spread] p1a\n|-activate|p1b: Gyarados|move: Protect\n|-damage|p1a: Muk|90\/100\n|move|p1a: Muk|Drain Punch|p2b: Ting-Lu\n|-supereffective|p2b: Ting-Lu\n|-damage|p2b: Ting-Lu|80\/100\n|-heal|p1a: Muk|100\/100|[from] drain|[of] p2b: Ting-Lu\n|-status|p2b: Ting-Lu|psn|[from] ability: Poison Touch|[of] p1a: Muk\n|move|p2a: Medicham|Skill Swap|p2b: Ting-Lu\n|-activate|p2a: Medicham|move: Skill Swap|||[of] p2b: Ting-Lu\n|-ability|p2a: Medicham|Vessel of Ruin\n|\n|-damage|p2b: Ting-Lu|68\/100 psn|[from] psn\n|-fieldend|move: Trick Room\n|upkeep\n|turn|6\n|inactive|RazorSquid has 30 seconds left.\n|inactive|ggeennggaarr has 30 seconds left.\n|inactive|RazorSquid has 20 seconds left.\n|\n|t:|1683795021\n|move|p2a: Medicham|Bullet Punch|p1b: Gyarados\n|-resisted|p1b: Gyarados\n|-damage|p1b: Gyarados|98\/100\n|move|p1b: Gyarados|Waterfall|p2a: Medicham\n|-damage|p2a: Medicham|48\/100\n|move|p1a: Muk|Drain Punch|p2b: Ting-Lu\n|-supereffective|p2b: Ting-Lu\n|-crit|p2b: Ting-Lu\n|-damage|p2b: Ting-Lu|37\/100 psn\n|move|p2b: Ting-Lu|Rock Slide|p1b: Gyarados|[spread] p1a,p1b\n|-supereffective|p1b: Gyarados\n|-damage|p1a: Muk|90\/100\n|-damage|p1b: Gyarados|67\/100\n|\n|-damage|p2b: Ting-Lu|25\/100 psn|[from] psn\n|upkeep\n|turn|7\n|\n|t:|1683795039\n|switch|p1b: Amoonguss|Amoonguss, L50, M|100\/100\n|switch|p2a: Mimikyu|Mimikyu-Busted, L50, M|38\/100\n|move|p1a: Muk|Drain Punch|p2b: Ting-Lu\n|-supereffective|p2b: Ting-Lu\n|-damage|p2b: Ting-Lu|6\/100 psn\n|-heal|p1a: Muk|100\/100|[from] drain|[of] p2b: Ting-Lu\n|move|p2b: Ting-Lu|Fissure|p1a: Muk\n|-damage|p1a: Muk|0 fnt\n|faint|p1a: Muk\n|-ohko\n|\n|-damage|p2b: Ting-Lu|0 fnt|[from] psn\n|faint|p2b: Ting-Lu\n|upkeep\n|-message|ggeennggaarr forfeited.\n|\n|win|RazorSquid\n|raw|RazorSquid's rating: 1161 → 1175<\/strong> (+14 for winning)\n|raw|ggeennggaarr's rating: 1000 → 1000<\/strong> (+0 for losing)\n|l|\u2606ggeennggaarr\n","uploadtime":1683795064,"views":12,"p1id":"razorsquid","p2id":"ggeennggaarr","formatid":"gen9vgc2023regulationc","rating":1000,"private":0,"password":""}