{"id":"gen9vgc2023regulationc-1860834047","p1":"Can'tStopFalling","p2":"JayMcG1010","format":"[Gen 9] VGC 2023 Regulation C","log":"|j|\u2606Can'tStopFalling\n|j|\u2606JayMcG1010\n|t:|1683683559\n|gametype|doubles\n|player|p1|Can'tStopFalling|parasollady|\n|player|p2|JayMcG1010|101|\n|teamsize|p1|6\n|teamsize|p2|6\n|gen|9\n|tier|[Gen 9] VGC 2023 Regulation C\n|rule|Species Clause: Limit one of each Pok\u00e9mon\n|rule|Item Clause: Limit one of each item\n|clearpoke\n|poke|p1|Iron Bundle, L50|\n|poke|p1|Amoonguss, L50, F|\n|poke|p1|Arcanine, L50, F|\n|poke|p1|Flutter Mane, L50|\n|poke|p1|Stonjourner, L50, F|\n|poke|p1|Farigiraf, L50, F|\n|poke|p2|Orthworm, L50, M|\n|poke|p2|Garganacl, L50, M|\n|poke|p2|Flutter Mane, L50|\n|poke|p2|Ting-Lu, L50|\n|poke|p2|Amoonguss, L50, M|\n|poke|p2|Dragonite, L50, F|\n|teampreview|4\n|c|\u2606JayMcG1010|g3\nCan'tStopFalling has agreed to open team sheets.\nJayMcG1010 has agreed to open team sheets.\n|c|\u2606JayMcG1010|glhf\n|c|\u2606Can'tStopFalling|glhf\n|\n|t:|1683684250\n|start\n|switch|p1a: Papaya|Stonjourner, L50, F|100\/100\n|switch|p1b: Parchita|Flutter Mane, L50|100\/100\n|switch|p2a: Flutter Mane|Flutter Mane, L50|100\/100\n|switch|p2b: Orthworm|Orthworm, L50, M, shiny|100\/100\n|turn|1\n|\n|t:|1683684281\n|move|p2a: Flutter Mane|Protect|p2a: Flutter Mane\n|-singleturn|p2a: Flutter Mane|Protect\n|move|p1b: Parchita|Shadow Ball|p2b: Orthworm\n|-damage|p2b: Orthworm|27\/100\n|-enditem|p2b: Orthworm|Sitrus Berry|[eat]\n|-heal|p2b: Orthworm|52\/100|[from] item: Sitrus Berry\n|-damage|p1b: Parchita|91\/100|[from] item: Life Orb\n|move|p1a: Papaya|Low Kick|p2b: Orthworm\n|-supereffective|p2b: Orthworm\n|-damage|p2b: Orthworm|0 fnt\n|faint|p2b: Orthworm\n|\n|upkeep\n|\n|t:|1683684293\n|switch|p2b: Garganacl|Garganacl, L50, M, shiny|100\/100\n|turn|2\n|\n|t:|1683684322\n|-terastallize|p1b: Parchita|Fairy\n|-terastallize|p2b: Garganacl|Poison\n|move|p2a: Flutter Mane|Moonblast|p1a: Papaya\n|-enditem|p1a: Papaya|Focus Sash\n|-damage|p1a: Papaya|1\/100\n|-damage|p2a: Flutter Mane|91\/100|[from] item: Life Orb\n|move|p1b: Parchita|Moonblast|p2a: Flutter Mane\n|-damage|p2a: Flutter Mane|0 fnt\n|faint|p2a: Flutter Mane\n|-end|p2a: Flutter Mane|Protosynthesis|[silent]\n|-damage|p1b: Parchita|81\/100|[from] item: Life Orb\n|move|p1a: Papaya|Rock Slide|p2b: Garganacl\n|-damage|p2b: Garganacl|72\/100\n|cant|p2b: Garganacl|flinch\n|\n|-heal|p2b: Garganacl|77\/100|[from] item: Leftovers\n|upkeep\n|\n|t:|1683684338\n|switch|p2a: Ting-Lu|Ting-Lu, L50|100\/100\n|-ability|p2a: Ting-Lu|Vessel of Ruin\n|turn|3\n|\n|t:|1683684350\n|move|p1b: Parchita|Moonblast|p2a: Ting-Lu\n|-supereffective|p2a: Ting-Lu\n|-damage|p2a: Ting-Lu|30\/100\n|-unboost|p2a: Ting-Lu|spa|1\n|-damage|p1b: Parchita|71\/100|[from] item: Life Orb\n|move|p1a: Papaya|Low Kick|p2a: Ting-Lu\n|-supereffective|p2a: Ting-Lu\n|-damage|p2a: Ting-Lu|0 fnt\n|faint|p2a: Ting-Lu\n|move|p2b: Garganacl|Salt Cure|p1a: Papaya\n|-damage|p1a: Papaya|0 fnt\n|faint|p1a: Papaya\n|\n|-heal|p2b: Garganacl|83\/100|[from] item: Leftovers\n|upkeep\n|\n|t:|1683684353\n|switch|p1a: Cereza|Farigiraf, L50, F, shiny|100\/100\n|turn|4\n|c|\u2606JayMcG1010|great read t1. ggs\n|\n|t:|1683684367\n|move|p1b: Parchita|Shadow Ball|p2b: Garganacl\n|-crit|p2b: Garganacl\n|-damage|p2b: Garganacl|52\/100\n|-damage|p1b: Parchita|61\/100|[from] item: Life Orb\n|move|p1a: Cereza|Hyper Voice|p2b: Garganacl\n|-damage|p2b: Garganacl|22\/100\n|-enditem|p1a: Cereza|Throat Spray\n|-boost|p1a: Cereza|spa|1|[from] item: Throat Spray\n|move|p2b: Garganacl|Fissure|p1a: Cereza|[miss]\n|-miss|p2b: Garganacl|p1a: Cereza\n|\n|-heal|p2b: Garganacl|28\/100|[from] item: Leftovers\n|upkeep\n|turn|5\n|c|\u2606Can'tStopFalling|gg\n|\n|t:|1683684379\n|move|p1b: Parchita|Moonblast|p2b: Garganacl\n|-resisted|p2b: Garganacl\n|-damage|p2b: Garganacl|0 fnt\n|faint|p2b: Garganacl\n|-damage|p1b: Parchita|52\/100|[from] item: Life Orb\n|\n|win|Can'tStopFalling\n","uploadtime":1683684386,"views":19,"p1id":"cantstopfalling","p2id":"jaymcg1010","formatid":"gen9vgc2023regulationc","rating":0,"private":0,"password":""}