{"id":"gen9vgc2023regulationc-1848430142","p1":"Plohka","p2":"Kaibar","format":"[Gen 9] VGC 2023 Regulation C","log":"|j|\u2606Plohka\n|j|\u2606Kaibar\n|t:|1682077092\n|gametype|doubles\n|player|p1|Plohka|hilda-wonderlauncher|1115\n|player|p2|Kaibar|blackbelt-gen4dp|1186\n|teamsize|p1|6\n|teamsize|p2|6\n|gen|9\n|tier|[Gen 9] VGC 2023 Regulation C\n|rated|\n|rule|Species Clause: Limit one of each Pok\u00e9mon\n|rule|Item Clause: Limit one of each item\n|clearpoke\n|poke|p1|Sandy Shocks, L50|\n|poke|p1|Murkrow, L50, F|\n|poke|p1|Flutter Mane, L50|\n|poke|p1|Chi-Yu, L50|\n|poke|p1|Kingambit, L50, F|\n|poke|p1|Great Tusk, L50|\n|poke|p2|Arcanine, L50, F|\n|poke|p2|Amoonguss, L50, F|\n|poke|p2|Kingambit, L50, M|\n|poke|p2|Flutter Mane, L50|\n|poke|p2|Dragonite, L50, M|\n|poke|p2|Palafin, L50, M|\n|teampreview|4\nKaibar has agreed to open team sheets.\n|\n|t:|1682077133\n|start\n|switch|p1a: Sandy Shocks|Sandy Shocks, L50|100\/100\n|switch|p1b: Murkrow|Murkrow, L50, F|100\/100\n|switch|p2a: Windy|Arcanine, L50, F, shiny|100\/100\n|switch|p2b: Dragonite|Dragonite, L50, M|100\/100\n|-ability|p2a: Windy|Intimidate|boost\n|-unboost|p1a: Sandy Shocks|atk|1\n|-unboost|p1b: Murkrow|atk|1\n|turn|1\n|\n|t:|1682077167\n|-terastallize|p2a: Windy|Flying\n|move|p1b: Murkrow|Tailwind|p1b: Murkrow\n|-sidestart|p1: Plohka|move: Tailwind\n|move|p1a: Sandy Shocks|Volt Switch|p2b: Dragonite\n|-damage|p2b: Dragonite|76\/100\n|-damage|p1a: Sandy Shocks|91\/100|[from] item: Life Orb\n|\n|t:|1682077177\n|-end|p1a: Sandy Shocks|Protosynthesis|[silent]\n|switch|p1a: Flutter Mane|Flutter Mane, L50|100\/100|[from] Volt Switch\n|move|p2a: Windy|Howl|p2a: Windy|[spread] p2a,p2b\n|-boost|p2a: Windy|atk|1\n|-boost|p2b: Dragonite|atk|1\n|move|p2b: Dragonite|Earthquake|p1a: Flutter Mane|[spread] p1a\n|-immune|p2a: Windy\n|-immune|p1b: Murkrow\n|-damage|p1a: Flutter Mane|0 fnt\n|faint|p1a: Flutter Mane\n|-end|p1a: Flutter Mane|Protosynthesis|[silent]\n|\n|upkeep\n|\n|t:|1682077189\n|switch|p1a: Sandy Shocks|Sandy Shocks, L50|91\/100\n|turn|2\n|\n|t:|1682077202\n|switch|p2a: Amoonguss|Amoonguss, L50, F|100\/100\n|-terastallize|p1a: Sandy Shocks|Ice\n|move|p1b: Murkrow|Haze|p1b: Murkrow\n|-clearallboost\n|move|p1a: Sandy Shocks|Tera Blast|p2b: Dragonite\n|-supereffective|p2b: Dragonite\n|-damage|p2b: Dragonite|0 fnt\n|faint|p2b: Dragonite\n|-damage|p1a: Sandy Shocks|81\/100|[from] item: Life Orb\n|\n|upkeep\n|\n|t:|1682077214\n|switch|p2b: Windy|Arcanine, L50, F, shiny, tera:Flying|100\/100\n|-ability|p2b: Windy|Intimidate|boost\n|-unboost|p1a: Sandy Shocks|atk|1\n|-unboost|p1b: Murkrow|atk|1\n|turn|3\n|\n|t:|1682077224\n|move|p1a: Sandy Shocks|Tera Blast|p2a: Amoonguss\n|-supereffective|p2a: Amoonguss\n|-damage|p2a: Amoonguss|18\/100\n|-enditem|p2a: Amoonguss|Sitrus Berry|[eat]\n|-heal|p2a: Amoonguss|43\/100|[from] item: Sitrus Berry\n|-damage|p1a: Sandy Shocks|71\/100|[from] item: Life Orb\n|move|p1b: Murkrow|Foul Play|p2a: Amoonguss\n|-damage|p2a: Amoonguss|23\/100\n|move|p2b: Windy|Flare Blitz|p1a: Sandy Shocks\n|-supereffective|p1a: Sandy Shocks\n|-damage|p1a: Sandy Shocks|0 fnt\n|faint|p1a: Sandy Shocks\n|-end|p1a: Sandy Shocks|Protosynthesis|[silent]\n|-damage|p2b: Windy|82\/100|[from] Recoil\n|move|p2a: Amoonguss|Spore|p1b: Murkrow\n|-status|p1b: Murkrow|slp|[from] move: Spore\n|\n|upkeep\n|\n|t:|1682077234\n|switch|p1a: Chi-Yu|Chi-Yu, L50|100\/100\n|-ability|p1a: Chi-Yu|Beads of Ruin\n|turn|4\n|\n|t:|1682077263\n|move|p2b: Windy|Extreme Speed|p1a: Chi-Yu\n|-damage|p1a: Chi-Yu|66\/100\n|cant|p1b: Murkrow|slp\n|move|p1a: Chi-Yu|Heat Wave|p2a: Amoonguss|[spread] \n|-miss|p1a: Chi-Yu|p2a: Amoonguss\n|-miss|p1a: Chi-Yu|p2b: Windy\n|move|p2a: Amoonguss|Spore|p1a: Chi-Yu\n|-status|p1a: Chi-Yu|slp|[from] move: Spore\n|\n|-sideend|p1: Plohka|move: Tailwind\n|upkeep\n|turn|5\n|c|\u2606Plohka|DAMN\n|\n|t:|1682077297\n|cant|p1b: Murkrow|slp\n|cant|p1a: Chi-Yu|slp\n|move|p2b: Windy|Flare Blitz|p1b: Murkrow\n|-damage|p1b: Murkrow|50\/100 slp\n|-damage|p2b: Windy|68\/100|[from] Recoil\n|move|p2a: Amoonguss|Pollen Puff|p1b: Murkrow\n|-damage|p1b: Murkrow|23\/100 slp\n|\n|upkeep\n|turn|6\n|\n|t:|1682077319\n|-curestatus|p1b: Murkrow|slp|[msg]\n|move|p1b: Murkrow|Tailwind|p1b: Murkrow\n|-sidestart|p1: Plohka|move: Tailwind\n|cant|p1a: Chi-Yu|slp\n|move|p2b: Windy|Flare Blitz|p1b: Murkrow\n|-damage|p1b: Murkrow|0 fnt\n|faint|p1b: Murkrow\n|-damage|p2b: Windy|61\/100|[from] Recoil\n|move|p2a: Amoonguss|Pollen Puff|p2b: Windy\n|-heal|p2b: Windy|100\/100\n|\n|upkeep\n|turn|7\n|\n|t:|1682077356\n|cant|p1a: Chi-Yu|slp\n|move|p2b: Windy|Howl|p2b: Windy|[spread] p2a,p2b\n|-boost|p2a: Amoonguss|atk|1\n|-boost|p2b: Windy|atk|1\n|move|p2a: Amoonguss|Spore|p1a: Chi-Yu\n|-fail|p1a: Chi-Yu|slp\n|\n|upkeep\n|turn|8\n|\n|t:|1682077366\n|-curestatus|p1a: Chi-Yu|slp|[msg]\n|move|p1a: Chi-Yu|Heat Wave|p2b: Windy|[spread] p2a,p2b\n|-supereffective|p2a: Amoonguss\n|-damage|p2a: Amoonguss|0 fnt\n|-damage|p2b: Windy|47\/100\n|faint|p2a: Amoonguss\n|move|p2b: Windy|Flare Blitz|p1a: Chi-Yu\n|-resisted|p1a: Chi-Yu\n|-damage|p1a: Chi-Yu|3\/100\n|-damage|p2b: Windy|33\/100|[from] Recoil\n|\n|upkeep\n|\n|t:|1682077376\n|switch|p2a: Flutter Mane|Flutter Mane, L50|100\/100\n|-enditem|p2a: Flutter Mane|Booster Energy\n|-activate|p2a: Flutter Mane|ability: Protosynthesis|[fromitem]\n|-start|p2a: Flutter Mane|protosynthesisspa\n|turn|9\n|\n|t:|1682077384\n|move|p1a: Chi-Yu|Protect|p1a: Chi-Yu\n|-singleturn|p1a: Chi-Yu|Protect\n|move|p2b: Windy|Extreme Speed|p1a: Chi-Yu\n|-activate|p1a: Chi-Yu|move: Protect\n|move|p2a: Flutter Mane|Dazzling Gleam|p1a: Chi-Yu\n|-activate|p1a: Chi-Yu|move: Protect\n|\n|-sideend|p1: Plohka|move: Tailwind\n|upkeep\n|turn|10\n|c|\u2606Kaibar|gg\n|-message|Plohka forfeited.\n|\n|win|Kaibar\n|raw|Plohka's rating: 1115 → 1095<\/strong> (-20 for losing)\n|raw|Kaibar's rating: 1186 → 1206<\/strong> (+20 for winning)\n|l|\u2606Plohka\n","uploadtime":1682077400,"views":13,"p1id":"plohka","p2id":"kaibar","formatid":"gen9vgc2023regulationc","rating":1095,"private":0,"password":""}