{"id":"gen9vgc2023regulationc-1861827937","p1":"qunqun24","p2":"Igpvala","format":"[Gen 9] VGC 2023 Regulation C","log":"|j|\u2606qunqun24\n|j|\u2606Igpvala\n|t:|1683812760\n|gametype|doubles\n|player|p1|qunqun24|2|1343\n|player|p2|Igpvala|hugh|1389\n|teamsize|p1|6\n|teamsize|p2|6\n|gen|9\n|tier|[Gen 9] VGC 2023 Regulation C\n|rated|\n|rule|Species Clause: Limit one of each Pok\u00e9mon\n|rule|Item Clause: Limit one of each item\n|clearpoke\n|poke|p1|Annihilape, L50, F|\n|poke|p1|Maushold-Four, L50|\n|poke|p1|Gholdengo, L50|\n|poke|p1|Gyarados, L50, F|\n|poke|p1|Scream Tail, L50|\n|poke|p1|Ting-Lu, L50|\n|poke|p2|Vaporeon, L50, F|\n|poke|p2|Garganacl, L50, M|\n|poke|p2|Flutter Mane, L50|\n|poke|p2|Iron Bundle, L50|\n|poke|p2|Roaring Moon, L50|\n|poke|p2|Ceruledge, L50, M|\n|teampreview|4\n|inactive|Battle timer is ON: inactive players will automatically lose when time's up. (requested by qunqun24)\nIgpvala has agreed to open team sheets.\nqunqun24 has agreed to open team sheets.\n|inactive|Igpvala has 60 seconds left.\n|\n|t:|1683812798\n|start\n|switch|p1a: Gholdengo|Gholdengo, L50|100\/100\n|switch|p1b: Scream Tail|Scream Tail, L50|100\/100\n|switch|p2a: Garganacl|Garganacl, L50, M, shiny|100\/100\n|switch|p2b: Flutter Mane|Flutter Mane, L50, shiny|100\/100\n|-enditem|p1b: Scream Tail|Booster Energy\n|-activate|p1b: Scream Tail|ability: Protosynthesis|[fromitem]\n|-start|p1b: Scream Tail|protosynthesisspe\n|turn|1\n|\n|t:|1683812813\n|-end|p2b: Flutter Mane|Protosynthesis|[silent]\n|switch|p2b: Vaporeon|Vaporeon, L50, F, shiny|100\/100\n|move|p1a: Gholdengo|Protect|p1a: Gholdengo\n|-singleturn|p1a: Gholdengo|Protect\n|move|p1b: Scream Tail|Light Screen|p1b: Scream Tail\n|-sidestart|p1: qunqun24|move: Light Screen\n|move|p2a: Garganacl|Salt Cure|p1a: Gholdengo\n|-activate|p1a: Gholdengo|move: Protect\n|\n|upkeep\n|turn|2\n|\n|t:|1683812837\n|move|p1b: Scream Tail|Disable|p2a: Garganacl\n|-start|p2a: Garganacl|Disable|Salt Cure\n|move|p1a: Gholdengo|Nasty Plot|p1a: Gholdengo\n|-boost|p1a: Gholdengo|spa|2\n|move|p2b: Vaporeon|Muddy Water|p1b: Scream Tail|[spread] p1a,p1b\n|-damage|p1a: Gholdengo|81\/100\n|-damage|p1b: Scream Tail|88\/100\n|-unboost|p1a: Gholdengo|accuracy|1\n|-unboost|p1b: Scream Tail|accuracy|1\n|move|p2a: Garganacl|Stealth Rock|p1b: Scream Tail\n|-sidestart|p1: qunqun24|move: Stealth Rock\n|\n|upkeep\n|turn|3\n|\n|t:|1683812856\n|-end|p1b: Scream Tail|Protosynthesis|[silent]\n|switch|p1b: Maushold|Maushold-Four, L50|100\/100\n|-damage|p1b: Maushold|88\/100|[from] Stealth Rock\n|move|p2a: Garganacl|Wide Guard|p2a: Garganacl\n|-singleturn|p2a: Garganacl|Wide Guard\n|move|p1a: Gholdengo|Make It Rain|p2a: Garganacl|[spread] \n|-activate|p2a: Garganacl|move: Wide Guard\n|-activate|p2b: Vaporeon|move: Wide Guard\n|move|p2b: Vaporeon|Muddy Water|p1a: Gholdengo|[spread] p1b\n|-miss|p2b: Vaporeon|p1a: Gholdengo\n|-damage|p1b: Maushold|71\/100\n|-unboost|p1b: Maushold|accuracy|1\n|\n|upkeep\n|turn|4\n|inactive|Igpvala has 30 seconds left.\n|j| THUNDERSND77\n|\n|t:|1683812889\n|move|p1b: Maushold|Super Fang|p2b: Vaporeon\n|-damage|p2b: Vaporeon|50\/100\n|move|p1a: Gholdengo|Shadow Ball|p2b: Vaporeon|[miss]\n|-miss|p1a: Gholdengo|p2b: Vaporeon\n|move|p2b: Vaporeon|Muddy Water|p1a: Gholdengo|[spread] p1a,p1b\n|-damage|p1a: Gholdengo|68\/100\n|-damage|p1b: Maushold|53\/100\n|-unboost|p1a: Gholdengo|accuracy|1\n|move|p2a: Garganacl|Recover||[still]\n|-fail|p2a: Garganacl|heal\n|\n|-heal|p2b: Vaporeon|57\/100|[from] item: Leftovers\n|upkeep\n|turn|5\n|\n|t:|1683812908\n|switch|p1b: Ting-Lu|Ting-Lu, L50|100\/100\n|-damage|p1b: Ting-Lu|95\/100|[from] Stealth Rock\n|-ability|p1b: Ting-Lu|Vessel of Ruin\n|move|p1a: Gholdengo|Shadow Ball|p2b: Vaporeon|[miss]\n|-miss|p1a: Gholdengo|p2b: Vaporeon\n|move|p2b: Vaporeon|Muddy Water|p1b: Ting-Lu|[spread] p1a,p1b\n|-supereffective|p1b: Ting-Lu\n|-damage|p1a: Gholdengo|54\/100\n|-damage|p1b: Ting-Lu|83\/100\n|-unboost|p1a: Gholdengo|accuracy|1\n|move|p2a: Garganacl|Recover||[still]\n|-fail|p2a: Garganacl|heal\n|\n|-heal|p2b: Vaporeon|63\/100|[from] item: Leftovers\n|-end|p2a: Garganacl|Disable\n|-sideend|p1: qunqun24|move: Light Screen\n|upkeep\n|turn|6\n|\n|t:|1683812933\n|switch|p1a: Scream Tail|Scream Tail, L50|88\/100\n|-damage|p1a: Scream Tail|76\/100|[from] Stealth Rock\n|-terastallize|p1b: Ting-Lu|Poison\n|-terastallize|p2a: Garganacl|Flying\n|move|p2b: Vaporeon|Yawn|p1b: Ting-Lu\n|-start|p1b: Ting-Lu|move: Yawn|[of] p2b: Vaporeon\n|move|p1b: Ting-Lu|Payback|p2b: Vaporeon\n|-damage|p2b: Vaporeon|23\/100\n|move|p2a: Garganacl|Salt Cure|p1a: Scream Tail\n|-damage|p1a: Scream Tail|65\/100\n|-start|p1a: Scream Tail|Salt Cure\n|\n|-heal|p2b: Vaporeon|29\/100|[from] item: Leftovers\n|-damage|p1a: Scream Tail|53\/100|[from] Salt Cure\n|upkeep\n|turn|7\n|j| ZonXJ\n|inactive|Igpvala has 30 seconds left.\n|\n|t:|1683812959\n|switch|p1b: Gholdengo|Gholdengo, L50|54\/100\n|-damage|p1b: Gholdengo|48\/100|[from] Stealth Rock\n|-enditem|p1b: Gholdengo|Sitrus Berry|[eat]\n|-heal|p1b: Gholdengo|73\/100|[from] item: Sitrus Berry\n|switch|p2a: Flutter Mane|Flutter Mane, L50, shiny|100\/100\n|move|p1a: Scream Tail|Disable||[still]\n|-fail|p1a: Scream Tail\n|move|p2b: Vaporeon|Yawn|p1a: Scream Tail\n|-start|p1a: Scream Tail|move: Yawn|[of] p2b: Vaporeon\n|\n|-heal|p2b: Vaporeon|35\/100|[from] item: Leftovers\n|-damage|p1a: Scream Tail|41\/100|[from] Salt Cure\n|upkeep\n|turn|8\n|\n|t:|1683812978\n|-end|p1a: Scream Tail|Protosynthesis|[silent]\n|switch|p1a: Ting-Lu|Ting-Lu, L50, tera:Poison|83\/100\n|-damage|p1a: Ting-Lu|71\/100|[from] Stealth Rock\n|-ability|p1a: Ting-Lu|Vessel of Ruin\n|move|p2a: Flutter Mane|Shadow Ball|p1b: Gholdengo\n|-supereffective|p1b: Gholdengo\n|-damage|p1b: Gholdengo|0 fnt\n|faint|p1b: Gholdengo\n|move|p2b: Vaporeon|Muddy Water|p1a: Ting-Lu\n|-damage|p1a: Ting-Lu|58\/100\n|-unboost|p1a: Ting-Lu|accuracy|1\n|\n|-heal|p2b: Vaporeon|42\/100|[from] item: Leftovers\n|upkeep\n|-message|qunqun24 forfeited.\n|\n|win|Igpvala\n|raw|qunqun24's rating: 1343 → 1326<\/strong> (-17 for losing)\n|raw|Igpvala's rating: 1389 → 1406<\/strong> (+17 for winning)\n|l|\u2606qunqun24\n|j|\u2606qunqun24\n|player|p1|qunqun24|2\n","uploadtime":1683813011,"views":9,"p1id":"qunqun24","p2id":"igpvala","formatid":"gen9vgc2023regulationc","rating":1326,"private":0,"password":""}