{"id":"gen9vgc2023regulationc-1852235010","p1":"kd-vgc711","p2":"RylektVGC","format":"[Gen 9] VGC 2023 Regulation C","log":"|j|\u2606kd-vgc711\n|j|\u2606RylektVGC\n|t:|1682535320\n|gametype|doubles\n|player|p1|kd-vgc711|102|1636\n|player|p2|RylektVGC|flannery|1584\n|teamsize|p1|6\n|teamsize|p2|6\n|gen|9\n|tier|[Gen 9] VGC 2023 Regulation C\n|rated|\n|rule|Species Clause: Limit one of each Pok\u00e9mon\n|rule|Item Clause: Limit one of each item\n|clearpoke\n|poke|p1|Palafin, L50, M|\n|poke|p1|Brute Bonnet, L50|\n|poke|p1|Scizor, L50, F|\n|poke|p1|Chien-Pao, L50|\n|poke|p1|Salamence, L50, M|\n|poke|p1|Pelipper, L50, F|\n|poke|p2|Maushold-Four, L50|\n|poke|p2|Gholdengo, L50|\n|poke|p2|Flutter Mane, L50|\n|poke|p2|Dragonite, L50, F|\n|poke|p2|Chien-Pao, L50|\n|poke|p2|Iron Bundle, L50|\n|teampreview|4\nkd-vgc711 has agreed to open team sheets.\nRylektVGC has agreed to open team sheets.\n|c|\u2606RylektVGC|glhf\n|c|\u2606kd-vgc711|u2\n|\n|t:|1682535375\n|start\n|switch|p1a: Scizor|Scizor, L50, F|100\/100\n|switch|p1b: Salamence|Salamence, L50, M|100\/100\n|switch|p2a: Iron Bundle|Iron Bundle, L50|100\/100\n|switch|p2b: Dragonite|Dragonite, L50, F|100\/100\n|-ability|p1b: Salamence|Intimidate|boost\n|-unboost|p2a: Iron Bundle|atk|1\n|-unboost|p2b: Dragonite|atk|1\n|-enditem|p2a: Iron Bundle|Booster Energy\n|-activate|p2a: Iron Bundle|ability: Quark Drive|[fromitem]\n|-start|p2a: Iron Bundle|quarkdrivespe\n|turn|1\n|inactive|Battle timer is ON: inactive players will automatically lose when time's up. (requested by kd-vgc711)\n|inactive|kd-vgc711 has 60 seconds left.\n|\n|t:|1682535414\n|-terastallize|p1b: Salamence|Steel\n|-terastallize|p2b: Dragonite|Flying\n|move|p2a: Iron Bundle|Icy Wind|p1b: Salamence|[spread] p1a,p1b\n|-resisted|p1a: Scizor\n|-resisted|p1b: Salamence\n|-damage|p1a: Scizor|92\/100\n|-damage|p1b: Salamence|88\/100\n|-unboost|p1a: Scizor|spe|1\n|-unboost|p1b: Salamence|spe|1\n|move|p2b: Dragonite|Tera Blast|p1a: Scizor\n|-damage|p1a: Scizor|50\/100\n|move|p1b: Salamence|Tailwind|p1b: Salamence\n|-sidestart|p1: kd-vgc711|move: Tailwind\n|move|p1a: Scizor|U-turn|p2a: Iron Bundle\n|-damage|p2a: Iron Bundle|54\/100\n|inactive|kd-vgc711 has 30 seconds left.\n|\n|t:|1682535444\n|switch|p1a: Chien-Pao|Chien-Pao, L50|100\/100|[from] U-turn\n|-ability|p1a: Chien-Pao|Sword of Ruin\n|\n|upkeep\n|turn|2\n|j| Conquistatore\n|\n|t:|1682535460\n|switch|p1b: Brute Bonnet|Brute Bonnet, L50|100\/100\n|move|p2a: Iron Bundle|Protect|p2a: Iron Bundle\n|-singleturn|p2a: Iron Bundle|Protect\n|move|p1a: Chien-Pao|Throat Chop|p2a: Iron Bundle\n|-activate|p2a: Iron Bundle|move: Protect\n|move|p2b: Dragonite|Low Kick|p1a: Chien-Pao\n|-supereffective|p1a: Chien-Pao\n|-enditem|p1a: Chien-Pao|Focus Sash\n|-damage|p1a: Chien-Pao|1\/100\n|\n|upkeep\n|turn|3\n|inactive|RylektVGC has 30 seconds left.\n|\n|t:|1682535486\n|switch|p1a: Salamence|Salamence, L50, M, tera:Steel|88\/100\n|-ability|p1a: Salamence|Intimidate|boost\n|-unboost|p2a: Iron Bundle|atk|1\n|-unboost|p2b: Dragonite|atk|1\n|move|p2a: Iron Bundle|Icy Wind|p1a: Salamence|[spread] p1a\n|-miss|p2a: Iron Bundle|p1b: Brute Bonnet\n|-resisted|p1a: Salamence\n|-damage|p1a: Salamence|77\/100\n|-unboost|p1a: Salamence|spe|1\n|move|p1b: Brute Bonnet|Bullet Seed|p2a: Iron Bundle\n|-supereffective|p2a: Iron Bundle\n|-damage|p2a: Iron Bundle|25\/100\n|-supereffective|p2a: Iron Bundle\n|-damage|p2a: Iron Bundle|0 fnt\n|faint|p2a: Iron Bundle\n|-end|p2a: Iron Bundle|Quark Drive|[silent]\n|-hitcount|p2: Iron Bundle|2\n|move|p2b: Dragonite|Tera Blast|p1b: Brute Bonnet\n|-supereffective|p1b: Brute Bonnet\n|-damage|p1b: Brute Bonnet|53\/100\n|\n|upkeep\n|\n|t:|1682535494\n|switch|p2a: Chien-Pao|Chien-Pao, L50|100\/100\n|-ability|p2a: Chien-Pao|Sword of Ruin\n|turn|4\n|inactive|kd-vgc711 has 30 seconds left.\n|inactive|kd-vgc711 has 20 seconds left.\n|inactive|kd-vgc711 has 15 seconds left.\n|inactive|kd-vgc711 has 10 seconds left.\n|\n|t:|1682535541\n|switch|p1a: Scizor|Scizor, L50, F|50\/100\n|switch|p2b: Flutter Mane|Flutter Mane, L50|100\/100\n|move|p2a: Chien-Pao|Protect|p2a: Chien-Pao\n|-singleturn|p2a: Chien-Pao|Protect\n|move|p1b: Brute Bonnet|Spore|p2b: Flutter Mane\n|-status|p2b: Flutter Mane|slp|[from] move: Spore\n|\n|-sideend|p1: kd-vgc711|move: Tailwind\n|upkeep\n|turn|5\n|inactive|kd-vgc711 has 30 seconds left.\n|\n|t:|1682535569\n|-end|p1b: Brute Bonnet|Protosynthesis|[silent]\n|switch|p1b: Salamence|Salamence, L50, M, tera:Steel|77\/100\n|-ability|p1b: Salamence|Intimidate|boost\n|-unboost|p2a: Chien-Pao|atk|1\n|-unboost|p2b: Flutter Mane|atk|1\n|move|p2a: Chien-Pao|Sacred Sword|p1b: Salamence\n|-supereffective|p1b: Salamence\n|-damage|p1b: Salamence|20\/100\n|cant|p2b: Flutter Mane|slp\n|move|p1a: Scizor|U-turn|p2a: Chien-Pao\n|-supereffective|p2a: Chien-Pao\n|-enditem|p2a: Chien-Pao|Focus Sash\n|-damage|p2a: Chien-Pao|1\/100\n|j| dcsvfwfeq\n|\n|t:|1682535581\n|switch|p1a: Brute Bonnet|Brute Bonnet, L50|53\/100|[from] U-turn\n|\n|upkeep\n|turn|6\n|l| dcsvfwfeq\n|\n|t:|1682535594\n|move|p2a: Chien-Pao|Ice Spinner|p1a: Brute Bonnet\n|-supereffective|p1a: Brute Bonnet\n|-damage|p1a: Brute Bonnet|0 fnt\n|faint|p1a: Brute Bonnet\n|-end|p1a: Brute Bonnet|Protosynthesis|[silent]\n|cant|p2b: Flutter Mane|slp\n|move|p1b: Salamence|Tailwind|p1b: Salamence\n|-sidestart|p1: kd-vgc711|move: Tailwind\n|\n|upkeep\n|\n|t:|1682535602\n|switch|p1a: Scizor|Scizor, L50, F|50\/100\n|turn|7\n|inactive|kd-vgc711 has 30 seconds left.\n|\n|t:|1682535630\n|switch|p1b: Chien-Pao|Chien-Pao, L50|1\/100\n|-ability|p1b: Chien-Pao|Sword of Ruin\n|move|p2a: Chien-Pao|Protect|p2a: Chien-Pao\n|-singleturn|p2a: Chien-Pao|Protect\n|move|p1a: Scizor|Bullet Punch|p2b: Flutter Mane\n|-supereffective|p2b: Flutter Mane\n|-damage|p2b: Flutter Mane|0 fnt\n|faint|p2b: Flutter Mane\n|-end|p2b: Flutter Mane|Protosynthesis|[silent]\n|\n|upkeep\n|\n|t:|1682535638\n|switch|p2b: Dragonite|Dragonite, L50, F, tera:Flying|100\/100\n|turn|8\n|\n|t:|1682535657\n|switch|p1a: Salamence|Salamence, L50, M, tera:Steel|20\/100\n|-ability|p1a: Salamence|Intimidate|boost\n|-unboost|p2a: Chien-Pao|atk|1\n|-unboost|p2b: Dragonite|atk|1\n|move|p2b: Dragonite|Extreme Speed|p1b: Chien-Pao\n|-damage|p1b: Chien-Pao|0 fnt\n|faint|p1b: Chien-Pao\n|move|p2a: Chien-Pao|Sucker Punch||[still]\n|-fail|p2a: Chien-Pao\n|\n|upkeep\n|\n|t:|1682535666\n|switch|p1b: Scizor|Scizor, L50, F|50\/100\n|turn|9\n|j| macpop\n|\n|t:|1682535677\n|move|p2a: Chien-Pao|Protect|p2a: Chien-Pao\n|-singleturn|p2a: Chien-Pao|Protect\n|move|p1b: Scizor|Bullet Punch|p2a: Chien-Pao\n|-activate|p2a: Chien-Pao|move: Protect\n|move|p1a: Salamence|Hurricane|p2b: Dragonite|[miss]\n|-miss|p1a: Salamence|p2b: Dragonite\n|move|p2b: Dragonite|Tera Blast|p1b: Scizor\n|-damage|p1b: Scizor|0 fnt\n|faint|p1b: Scizor\n|\n|-sideend|p1: kd-vgc711|move: Tailwind\n|upkeep\n|turn|10\n|-message|kd-vgc711 forfeited.\n|\n|win|RylektVGC\n|raw|kd-vgc711's rating: 1636 → 1613<\/strong> (-23 for losing)\n|raw|RylektVGC's rating: 1584 → 1607<\/strong> (+23 for winning)\n|l|\u2606kd-vgc711\n|l| Conquistatore\n","uploadtime":1682535694,"views":13,"p1id":"kdvgc711","p2id":"rylektvgc","formatid":"gen9vgc2023regulationc","rating":1607,"private":0,"password":""}