{"id":"gen9vgc2023regulationc-1847587727","p1":"AdriiVGC","p2":"Bobby Seegul","format":"[Gen 9] VGC 2023 Regulation C","log":"|j|\u2606AdriiVGC\n|j|\u2606Bobby Seegul\n|t:|1681978021\n|gametype|doubles\n|player|p1|AdriiVGC|266|1156\n|player|p2|Bobby Seegul|170|1080\n|teamsize|p1|6\n|teamsize|p2|6\n|gen|9\n|tier|[Gen 9] VGC 2023 Regulation C\n|rated|\n|rule|Species Clause: Limit one of each Pok\u00e9mon\n|rule|Item Clause: Limit one of each item\n|clearpoke\n|poke|p1|Tyranitar, L50, F|\n|poke|p1|Garchomp, L50, M|\n|poke|p1|Talonflame, L50, M|\n|poke|p1|Gyarados, L50, F|\n|poke|p1|Amoonguss, L50, F|\n|poke|p1|Murkrow, L50, M|\n|poke|p2|Gothitelle, L50, M|\n|poke|p2|Gyarados, L50, M|\n|poke|p2|Ting-Lu, L50|\n|poke|p2|Scream Tail, L50|\n|poke|p2|Iron Hands, L50|\n|poke|p2|Grimmsnarl, L50, M|\n|teampreview|4\n|\n|t:|1681978059\n|start\n|switch|p1a: P\u00e1jaro Asado|Talonflame, L50, M|100\/100\n|switch|p1b: Snakey|Gyarados, L50, F|100\/100\n|switch|p2a: Grimmsnarl|Grimmsnarl, L50, M|100\/100\n|switch|p2b: Iron Hands|Iron Hands, L50, shiny|100\/100\n|-ability|p1b: Snakey|Intimidate|boost\n|-unboost|p2a: Grimmsnarl|atk|1\n|-unboost|p2b: Iron Hands|atk|1\n|turn|1\n|\n|t:|1681978079\n|switch|p1a: Tiburoncio|Garchomp, L50, M|100\/100\n|move|p1b: Snakey|Protect|p1b: Snakey\n|-singleturn|p1b: Snakey|Protect\n|move|p2a: Grimmsnarl|Taunt|p1a: Tiburoncio\n|-start|p1a: Tiburoncio|move: Taunt\n|move|p2b: Iron Hands|Wild Charge|p1a: Tiburoncio\n|-immune|p1a: Tiburoncio\n|\n|upkeep\n|turn|2\n|\n|t:|1681978114\n|switch|p1b: Amoonguss|Amoonguss, L50, F|100\/100\n|-terastallize|p2b: Iron Hands|Flying\n|move|p2a: Grimmsnarl|Reflect|p2a: Grimmsnarl\n|-sidestart|p2: Bobby Seegul|Reflect\n|move|p1a: Tiburoncio|Earthquake|p2b: Iron Hands|[spread] p1b,p2a\n|-immune|p2b: Iron Hands\n|-damage|p1b: Amoonguss|61\/100\n|-damage|p2a: Grimmsnarl|66\/100\n|-damage|p1a: Tiburoncio|91\/100|[from] item: Life Orb\n|move|p2b: Iron Hands|Wild Charge|p1b: Amoonguss\n|-resisted|p1b: Amoonguss\n|-damage|p1b: Amoonguss|48\/100\n|-damage|p2b: Iron Hands|84\/100|[from] item: Rocky Helmet|[of] p1b: Amoonguss\n|-damage|p2b: Iron Hands|81\/100|[from] Recoil\n|\n|upkeep\n|turn|3\n|\n|t:|1681978146\n|switch|p1b: Snakey|Gyarados, L50, F|100\/100\n|-ability|p1b: Snakey|Intimidate|boost\n|-unboost|p2a: Grimmsnarl|atk|1\n|-unboost|p2b: Iron Hands|atk|1\n|move|p2a: Grimmsnarl|Parting Shot|p1a: Tiburoncio\n|-unboost|p1a: Tiburoncio|atk|1\n|-unboost|p1a: Tiburoncio|spa|1\n|\n|t:|1681978153\n|switch|p2a: Gyarados|Gyarados, L50, M|100\/100|[from] Parting Shot\n|-ability|p2a: Gyarados|Intimidate|boost\n|-unboost|p1a: Tiburoncio|atk|1\n|-unboost|p1b: Snakey|atk|1\n|move|p1a: Tiburoncio|Rock Slide|p2b: Iron Hands|[spread] p2a\n|-miss|p1a: Tiburoncio|p2b: Iron Hands\n|-supereffective|p2a: Gyarados\n|-damage|p2a: Gyarados|79\/100\n|-damage|p1a: Tiburoncio|81\/100|[from] item: Life Orb\n|move|p2b: Iron Hands|Drain Punch|p1b: Snakey\n|-resisted|p1b: Snakey\n|-damage|p1b: Snakey|88\/100\n|-heal|p2b: Iron Hands|85\/100|[from] drain|[of] p1b: Snakey\n|\n|-end|p1a: Tiburoncio|move: Taunt\n|upkeep\n|turn|4\n|\n|t:|1681978185\n|switch|p1a: P\u00e1jaro Asado|Talonflame, L50, M|100\/100\n|-end|p2b: Iron Hands|Quark Drive|[silent]\n|switch|p2b: Grimmsnarl|Grimmsnarl, L50, M|66\/100\n|move|p1b: Snakey|Protect|p1b: Snakey\n|-singleturn|p1b: Snakey|Protect\n|move|p2a: Gyarados|Dragon Dance|p2a: Gyarados\n|-boost|p2a: Gyarados|atk|1\n|-boost|p2a: Gyarados|spe|1\n|\n|upkeep\n|turn|5\n|\n|t:|1681978200\n|move|p1a: P\u00e1jaro Asado|Tailwind|p1a: P\u00e1jaro Asado\n|-sidestart|p1: AdriiVGC|move: Tailwind\n|move|p2b: Grimmsnarl|Taunt|p1a: P\u00e1jaro Asado\n|-start|p1a: P\u00e1jaro Asado|move: Taunt\n|move|p1b: Snakey|Iron Head|p2b: Grimmsnarl\n|-supereffective|p2b: Grimmsnarl\n|-damage|p2b: Grimmsnarl|35\/100\n|move|p2a: Gyarados|Waterfall|p1a: P\u00e1jaro Asado\n|-supereffective|p1a: P\u00e1jaro Asado\n|-enditem|p1a: P\u00e1jaro Asado|Focus Sash\n|-damage|p1a: P\u00e1jaro Asado|1\/100\n|\n|upkeep\n|turn|6\n|\n|t:|1681978219\n|move|p2b: Grimmsnarl|Parting Shot|p1b: Snakey\n|-unboost|p1b: Snakey|atk|1\n|-unboost|p1b: Snakey|spa|1\n|\n|t:|1681978228\n|switch|p2b: Iron Hands|Iron Hands, L50, shiny, tera:Flying|85\/100|[from] Parting Shot\n|move|p1a: P\u00e1jaro Asado|Air Slash|p2a: Gyarados\n|-damage|p2a: Gyarados|53\/100\n|move|p1b: Snakey|Iron Head|p2b: Iron Hands\n|-damage|p2b: Iron Hands|79\/100\n|move|p2a: Gyarados|Dragon Dance|p2a: Gyarados\n|-boost|p2a: Gyarados|atk|1\n|-boost|p2a: Gyarados|spe|1\n|\n|upkeep\n|turn|7\n|\n|t:|1681978274\n|switch|p1b: Tiburoncio|Garchomp, L50, M|81\/100\n|move|p1a: P\u00e1jaro Asado|Overheat|p2b: Iron Hands|[miss]\n|-miss|p1a: P\u00e1jaro Asado|p2b: Iron Hands\n|move|p2a: Gyarados|Iron Head|p1b: Tiburoncio\n|-damage|p1b: Tiburoncio|17\/100\n|-damage|p2a: Gyarados|41\/100|[from] ability: Rough Skin|[of] p1b: Tiburoncio\n|-enditem|p2a: Gyarados|Sitrus Berry|[eat]\n|-heal|p2a: Gyarados|66\/100|[from] item: Sitrus Berry\n|move|p2b: Iron Hands|Drain Punch|p1b: Tiburoncio\n|-damage|p1b: Tiburoncio|0 fnt\n|-heal|p2b: Iron Hands|86\/100|[from] drain|[of] p1b: Tiburoncio\n|-damage|p2b: Iron Hands|73\/100|[from] ability: Rough Skin|[of] p1b: Tiburoncio\n|faint|p1b: Tiburoncio\n|\n|upkeep\n|\n|t:|1681978286\n|switch|p1b: Snakey|Gyarados, L50, F|88\/100\n|-ability|p1b: Snakey|Intimidate|boost\n|-unboost|p2a: Gyarados|atk|1\n|-unboost|p2b: Iron Hands|atk|1\n|turn|8\n|\n|t:|1681978296\n|move|p1a: P\u00e1jaro Asado|Overheat|p2b: Iron Hands\n|-damage|p2b: Iron Hands|51\/100\n|-unboost|p1a: P\u00e1jaro Asado|spa|2\n|move|p1b: Snakey|Iron Head|p2b: Iron Hands\n|-damage|p2b: Iron Hands|39\/100\n|move|p2a: Gyarados|Waterfall|p1a: P\u00e1jaro Asado\n|-supereffective|p1a: P\u00e1jaro Asado\n|-damage|p1a: P\u00e1jaro Asado|0 fnt\n|faint|p1a: P\u00e1jaro Asado\n|move|p2b: Iron Hands|Wild Charge|p1b: Snakey\n|-supereffective|p1b: Snakey\n|-damage|p1b: Snakey|0 fnt\n|faint|p1b: Snakey\n|-damage|p2b: Iron Hands|24\/100|[from] Recoil\n|\n|-sideend|p1: AdriiVGC|move: Tailwind\n|upkeep\n|\n|t:|1681978304\n|switch|p1b: Amoonguss|Amoonguss, L50, F|81\/100\n|turn|9\n|c|\u2606AdriiVGC|gg\n|c|\u2606Bobby Seegul|gg\n|\n|t:|1681978324\n|move|p2a: Gyarados|Dragon Dance|p2a: Gyarados\n|-boost|p2a: Gyarados|atk|1\n|-boost|p2a: Gyarados|spe|1\n|move|p2b: Iron Hands|Drain Punch|p1b: Amoonguss\n|-resisted|p1b: Amoonguss\n|-damage|p1b: Amoonguss|70\/100\n|-heal|p2b: Iron Hands|29\/100|[from] drain|[of] p1b: Amoonguss\n|-damage|p2b: Iron Hands|13\/100|[from] item: Rocky Helmet|[of] p1b: Amoonguss\n|move|p1b: Amoonguss|Clear Smog|p2a: Gyarados\n|-damage|p2a: Gyarados|50\/100\n|-clearboost|p2a: Gyarados\n|\n|-sideend|p2: Bobby Seegul|Reflect\n|upkeep\n|turn|10\n|c|\u2606AdriiVGC|iron hands can go fuck itself\n|c|\u2606Bobby Seegul|it didnt even do anything\n|c|\u2606AdriiVGC|it did annoy\n|\n|t:|1681978351\n|switch|p2a: Scream Tail|Scream Tail, L50|100\/100\n|-enditem|p2a: Scream Tail|Booster Energy\n|-activate|p2a: Scream Tail|ability: Protosynthesis|[fromitem]\n|-start|p2a: Scream Tail|protosynthesisspe\n|move|p2b: Iron Hands|Heavy Slam|p1b: Amoonguss\n|-damage|p1b: Amoonguss|46\/100\n|-damage|p2b: Iron Hands|0 fnt|[from] item: Rocky Helmet|[of] p1b: Amoonguss\n|faint|p2b: Iron Hands\n|-end|p2b: Iron Hands|Quark Drive|[silent]\n|move|p1b: Amoonguss|Clear Smog|p2a: Scream Tail\n|-supereffective|p2a: Scream Tail\n|-damage|p2a: Scream Tail|79\/100\n|-clearboost|p2a: Scream Tail\n|\n|upkeep\n|\n|t:|1681978362\n|switch|p2b: Grimmsnarl|Grimmsnarl, L50, M|35\/100\n|turn|11\n|c|\u2606AdriiVGC|earthquake was the move to slap it, i didn't bring tyra for that shit\n|c|\u2606AdriiVGC|otherwise would've done something better\n|\n|t:|1681978398\n|move|p2b: Grimmsnarl|Taunt|p1b: Amoonguss\n|-start|p1b: Amoonguss|move: Taunt\n|move|p2a: Scream Tail|Perish Song|p2a: Scream Tail\n|-start|p1b: Amoonguss|perish3|[silent]\n|-start|p2a: Scream Tail|perish3|[silent]\n|-start|p2b: Grimmsnarl|perish3|[silent]\n|-fieldactivate|move: Perish Song\n|move|p1b: Amoonguss|Clear Smog|p2b: Grimmsnarl\n|-supereffective|p2b: Grimmsnarl\n|-damage|p2b: Grimmsnarl|5\/100\n|-clearboost|p2b: Grimmsnarl\n|\n|-start|p2a: Scream Tail|perish3\n|-start|p2b: Grimmsnarl|perish3\n|-start|p1b: Amoonguss|perish3\n|upkeep\n|turn|12\n|\n|t:|1681978429\n|move|p2b: Grimmsnarl|Parting Shot|p1b: Amoonguss\n|-unboost|p1b: Amoonguss|atk|1\n|-unboost|p1b: Amoonguss|spa|1\n|\n|t:|1681978432\n|switch|p2b: Gyarados|Gyarados, L50, M|50\/100|[from] Parting Shot\n|-ability|p2b: Gyarados|Intimidate|boost\n|-unboost|p1b: Amoonguss|atk|1\n|move|p2a: Scream Tail|Disable|p1b: Amoonguss\n|-start|p1b: Amoonguss|Disable|Clear Smog\n|cant|p1b: Amoonguss|Disable|Clear Smog\n|\n|-start|p2a: Scream Tail|perish2\n|-start|p1b: Amoonguss|perish2\n|upkeep\n|turn|13\n|-message|AdriiVGC forfeited.\n|\n|win|Bobby Seegul\n|raw|AdriiVGC's rating: 1156 → 1126<\/strong> (-30 for losing)\n|raw|Bobby Seegul's rating: 1080 → 1114<\/strong> (+34 for winning)\n","uploadtime":1681978325,"views":6,"p1id":"adriivgc","p2id":"bobbyseegul","formatid":"gen9vgc2023regulationc","rating":1114,"private":0,"password":""}