{"id":"gen9vgc2023regulationc-1846860604","p1":"Sumo'sWeenusVGC","p2":"ajbl95","format":"[Gen 9] VGC 2023 Regulation C","log":"|j|\u2606Sumo'sWeenusVGC\n|j|\u2606ajbl95\n|t:|1681891986\n|gametype|doubles\n|player|p1|Sumo'sWeenusVGC|colress|1240\n|player|p2|ajbl95|marlon|1259\n|teamsize|p1|6\n|teamsize|p2|6\n|gen|9\n|tier|[Gen 9] VGC 2023 Regulation C\n|rated|\n|rule|Species Clause: Limit one of each Pok\u00e9mon\n|rule|Item Clause: Limit one of each item\n|clearpoke\n|poke|p1|Annihilape, L50, M|\n|poke|p1|Chien-Pao, L50|\n|poke|p1|Flutter Mane, L50|\n|poke|p1|Arcanine, L50, M|\n|poke|p1|Palafin, L50, F|\n|poke|p1|Amoonguss, L50, F|\n|poke|p2|Flutter Mane, L50|\n|poke|p2|Murkrow, L50, M|\n|poke|p2|Torkoal, L50, M|\n|poke|p2|Lilligant, L50, F|\n|poke|p2|Great Tusk, L50|\n|poke|p2|Dragapult, L50, M|\n|teampreview|4\n|inactive|Battle timer is ON: inactive players will automatically lose when time's up. (requested by ajbl95)\n|inactive|Sumo'sWeenusVGC also wants the timer to be on.\nSumo'sWeenusVGC has agreed to open team sheets.\n|inactive|Sumo'sWeenusVGC has 60 seconds left.\najbl95 has agreed to open team sheets.\n|inactive|ajbl95 has 60 seconds left.\n|inactive|Sumo'sWeenusVGC has 30 seconds left.\n|inactive|ajbl95 has 30 seconds left.\n|\n|t:|1681892055\n|start\n|switch|p1a: Slif's Woof|Arcanine, L50, M, shiny|100\/100\n|switch|p1b: Doll-Pugno|Palafin, L50, F, shiny|100\/100\n|switch|p2a: Torkoal|Torkoal, L50, M|100\/100\n|switch|p2b: Lilligant|Lilligant, L50, F|100\/100\n|-ability|p1a: Slif's Woof|Intimidate|boost\n|-unboost|p2a: Torkoal|atk|1\n|-unboost|p2b: Lilligant|atk|1\n|-weather|SunnyDay|[from] ability: Drought|[of] p2a: Torkoal\n|turn|1\n|c|\u2606Sumo'sWeenusVGC|gl hf\n|\n|t:|1681892077\n|detailschange|p1b: Doll-Pugno|Palafin-Hero, L50, F, shiny\n|switch|p1b: Noodle|Chien-Pao, L50|100\/100\n|-ability|p1b: Noodle|Sword of Ruin\n|move|p2b: Lilligant|After You|p2a: Torkoal\n|-activate|p2a: Torkoal|move: After You\n|move|p2a: Torkoal|Solar Beam||[still]\n|-prepare|p2a: Torkoal|Solar Beam\n|-anim|p2a: Torkoal|Solar Beam|p1b: Noodle\n|-damage|p1b: Noodle|45\/100\n|move|p1a: Slif's Woof|Howl|p1a: Slif's Woof|[spread] p1a,p1b\n|-boost|p1a: Slif's Woof|atk|1\n|-boost|p1b: Noodle|atk|1\n|\n|-weather|SunnyDay|[upkeep]\n|upkeep\n|turn|2\n|c|\u2606ajbl95|glhf\n|inactive|Sumo'sWeenusVGC has 30 seconds left.\n|inactive|Sumo'sWeenusVGC has 20 seconds left.\n|\n|t:|1681892113\n|move|p1a: Slif's Woof|Extreme Speed|p2a: Torkoal\n|-damage|p2a: Torkoal|69\/100\n|move|p1b: Noodle|Sucker Punch||[still]\n|-fail|p1b: Noodle\n|move|p2b: Lilligant|After You|p2a: Torkoal\n|-activate|p2a: Torkoal|move: After You\n|move|p2a: Torkoal|Eruption|p1a: Slif's Woof|[spread] p1a,p1b\n|-resisted|p1a: Slif's Woof\n|-supereffective|p1b: Noodle\n|-damage|p1a: Slif's Woof|77\/100\n|-damage|p1b: Noodle|0 fnt\n|faint|p1b: Noodle\n|\n|-weather|SunnyDay|[upkeep]\n|upkeep\n|\n|t:|1681892125\n|switch|p1b: Doll-Pugno|Palafin-Hero, L50, F, shiny|100\/100\n|-activate|p1b: Doll-Pugno|ability: Zero to Hero\n|turn|3\n|inactive|Sumo'sWeenusVGC has 30 seconds left.\n|\n|t:|1681892156\n|-terastallize|p1b: Doll-Pugno|Water\n|move|p2a: Torkoal|Protect|p2a: Torkoal\n|-singleturn|p2a: Torkoal|Protect\n|move|p1b: Doll-Pugno|Jet Punch|p2b: Lilligant\n|-resisted|p2b: Lilligant\n|-damage|p2b: Lilligant|74\/100\n|move|p2b: Lilligant|Sleep Powder|p1b: Doll-Pugno\n|-status|p1b: Doll-Pugno|slp|[from] move: Sleep Powder\n|move|p1a: Slif's Woof|Flare Blitz|p2b: Lilligant\n|-supereffective|p2b: Lilligant\n|-damage|p2b: Lilligant|0 fnt\n|faint|p2b: Lilligant\n|-damage|p1a: Slif's Woof|59\/100|[from] Recoil\n|\n|-weather|SunnyDay|[upkeep]\n|upkeep\n|\n|t:|1681892174\n|switch|p2b: Dragapult|Dragapult, L50, M|100\/100\n|turn|4\n|inactive|Sumo'sWeenusVGC has 30 seconds left.\n|inactive|ajbl95 has 30 seconds left.\n|\n|t:|1681892202\n|cant|p1b: Doll-Pugno|slp\n|move|p2b: Dragapult|Phantom Force||[still]\n|-prepare|p2b: Dragapult|Phantom Force\n|move|p1a: Slif's Woof|Howl|p1a: Slif's Woof|[spread] p1a,p1b\n|-boost|p1a: Slif's Woof|atk|1\n|-boost|p1b: Doll-Pugno|atk|1\n|move|p2a: Torkoal|Flamethrower|p1b: Doll-Pugno\n|-resisted|p1b: Doll-Pugno\n|-damage|p1b: Doll-Pugno|69\/100 slp\n|\n|-weather|SunnyDay|[upkeep]\n|upkeep\n|turn|5\n|\n|t:|1681892215\n|-curestatus|p1b: Doll-Pugno|slp|[msg]\n|move|p1b: Doll-Pugno|Protect|p1b: Doll-Pugno\n|-singleturn|p1b: Doll-Pugno|Protect\n|move|p1a: Slif's Woof|Extreme Speed|p2a: Torkoal\n|-damage|p2a: Torkoal|38\/100\n|move|p2b: Dragapult|Phantom Force|p1b: Doll-Pugno|[from]lockedmove\n|-activate|p1b: Doll-Pugno|move: Phantom Force|[broken]\n|-damage|p1b: Doll-Pugno|16\/100\n|-damage|p2b: Dragapult|91\/100|[from] item: Life Orb\n|move|p2a: Torkoal|Solar Beam||[still]\n|-prepare|p2a: Torkoal|Solar Beam\n|-anim|p2a: Torkoal|Solar Beam|p1b: Doll-Pugno\n|-supereffective|p1b: Doll-Pugno\n|-damage|p1b: Doll-Pugno|0 fnt\n|faint|p1b: Doll-Pugno\n|\n|-weather|none\n|upkeep\n|\n|t:|1681892233\n|switch|p1b: Farter Man|Flutter Mane, L50, shiny|100\/100\n|turn|6\n|\n|t:|1681892247\n|move|p1a: Slif's Woof|Extreme Speed|p2a: Torkoal\n|-damage|p2a: Torkoal|10\/100\n|move|p2b: Dragapult|Phantom Force||[still]\n|-prepare|p2b: Dragapult|Phantom Force\n|move|p1b: Farter Man|Shadow Ball|p2b: Dragapult|[miss]\n|-miss|p1b: Farter Man|p2b: Dragapult\n|move|p2a: Torkoal|Flamethrower|p1b: Farter Man\n|-damage|p1b: Farter Man|60\/100\n|\n|upkeep\n|turn|7\n|\n|t:|1681892262\n|move|p2b: Dragapult|Phantom Force|p1b: Farter Man|[from]lockedmove\n|-supereffective|p1b: Farter Man\n|-damage|p1b: Farter Man|0 fnt\n|faint|p1b: Farter Man\n|-end|p1b: Farter Man|Protosynthesis|[silent]\n|-damage|p2b: Dragapult|81\/100|[from] item: Life Orb\n|move|p1a: Slif's Woof|Flare Blitz|p2b: Dragapult\n|-resisted|p2b: Dragapult\n|-damage|p2b: Dragapult|20\/100\n|-status|p2b: Dragapult|brn\n|-damage|p1a: Slif's Woof|42\/100|[from] Recoil\n|move|p2a: Torkoal|Flamethrower|p1a: Slif's Woof\n|-resisted|p1a: Slif's Woof\n|-damage|p1a: Slif's Woof|22\/100\n|\n|-damage|p2b: Dragapult|14\/100 brn|[from] brn\n|upkeep\n|turn|8\n|c|\u2606ajbl95|gg\n|\n|t:|1681892279\n|move|p1a: Slif's Woof|Protect|p1a: Slif's Woof\n|-singleturn|p1a: Slif's Woof|Protect\n|move|p2b: Dragapult|Dragon Darts|p1a: Slif's Woof\n|-activate|p1a: Slif's Woof|move: Protect\n|move|p2a: Torkoal|Flamethrower|p1a: Slif's Woof\n|-activate|p1a: Slif's Woof|move: Protect\n|\n|-damage|p2b: Dragapult|8\/100 brn|[from] brn\n|upkeep\n|turn|9\n|\n|t:|1681892298\n|move|p1a: Slif's Woof|Protect||[still]\n|-fail|p1a: Slif's Woof\n|move|p2b: Dragapult|Dragon Darts|p1a: Slif's Woof\n|-damage|p1a: Slif's Woof|6\/100\n|-anim|p2b: Dragapult|Dragon Darts|p1a: Slif's Woof\n|-damage|p1a: Slif's Woof|0 fnt\n|faint|p1a: Slif's Woof\n|-damage|p2b: Dragapult|0 fnt|[from] item: Life Orb\n|faint|p2b: Dragapult\n|\n|win|ajbl95\n|raw|Sumo'sWeenusVGC's rating: 1240 → 1216<\/strong> (-24 for losing)\n|raw|ajbl95's rating: 1259 → 1283<\/strong> (+24 for winning)\n|c|\u2606Sumo'sWeenusVGC|gg wp\n","uploadtime":1681892312,"views":15,"p1id":"sumosweenusvgc","p2id":"ajbl95","formatid":"gen9vgc2023regulationc","rating":1216,"private":0,"password":""}