{"id":"gen9vgc2023regulationc-1854798006","p1":"Flo51","p2":"haha you rage quit","format":"[Gen 9] VGC 2023 Regulation C","log":"|j|\u2606Flo51\n|j|\u2606haha you rage quit\n|t:|1682867278\n|gametype|doubles\n|player|p1|Flo51|2|1218\n|player|p2|haha you rage quit|pokemaniac|1194\n|teamsize|p1|6\n|teamsize|p2|6\n|gen|9\n|tier|[Gen 9] VGC 2023 Regulation C\n|rated|\n|rule|Species Clause: Limit one of each Pok\u00e9mon\n|rule|Item Clause: Limit one of each item\n|clearpoke\n|poke|p1|Iron Bundle, L50|\n|poke|p1|Abomasnow, L50, F|\n|poke|p1|Annihilape, L50, M|\n|poke|p1|Ting-Lu, L50|\n|poke|p1|Chien-Pao, L50|\n|poke|p1|Vivillon-Fancy, L50, F|\n|poke|p2|Torkoal, L50, M|\n|poke|p2|Annihilape, L50, M|\n|poke|p2|Kingambit, L50, M|\n|poke|p2|Hatterene, L50, F|\n|poke|p2|Indeedee-F, L50, F|\n|poke|p2|Armarouge, L50, M|\n|teampreview|4\n|inactive|Battle timer is ON: inactive players will automatically lose when time's up. (requested by Flo51)\n|\n|t:|1682867324\n|start\n|switch|p1a: Iron Bundle|Iron Bundle, L50|100\/100\n|switch|p1b: Abomasnow|Abomasnow, L50, F|100\/100\n|switch|p2a: Annihilape|Annihilape, L50, M|100\/100\n|switch|p2b: Indeedee|Indeedee-F, L50, F, shiny|100\/100\n|-weather|Snow|[from] ability: Snow Warning|[of] p1b: Abomasnow\n|-fieldstart|move: Psychic Terrain|[from] ability: Psychic Surge|[of] p2b: Indeedee\n|-enditem|p2b: Indeedee|Psychic Seed\n|-boost|p2b: Indeedee|spd|1|[from] item: Psychic Seed\n|-enditem|p1a: Iron Bundle|Booster Energy\n|-activate|p1a: Iron Bundle|ability: Quark Drive|[fromitem]\n|-start|p1a: Iron Bundle|quarkdrivespe\n|turn|1\n|inactive|haha you rage quit has 30 seconds left.\n|inactive|haha you rage quit has 20 seconds left.\n|inactive|haha you rage quit has 15 seconds left.\n|\n|t:|1682867365\n|move|p1a: Iron Bundle|Aurora Veil|p1a: Iron Bundle\n|-sidestart|p1: Flo51|move: Aurora Veil\n|move|p2a: Annihilape|Close Combat|p1b: Abomasnow\n|-supereffective|p1b: Abomasnow\n|-damage|p1b: Abomasnow|58\/100\n|-unboost|p2a: Annihilape|def|1\n|-unboost|p2a: Annihilape|spd|1\n|move|p1b: Abomasnow|Blizzard|p2a: Annihilape|[spread] p2a,p2b\n|-damage|p2a: Annihilape|44\/100\n|-damage|p2b: Indeedee|73\/100\n|-damage|p1b: Abomasnow|48\/100|[from] item: Life Orb\n|move|p2b: Indeedee|Trick Room|p2b: Indeedee\n|-fieldstart|move: Trick Room|[of] p2b: Indeedee\n|\n|-weather|Snow|[upkeep]\n|upkeep\n|turn|2\n|inactive|Flo51 has 30 seconds left.\n|inactive|haha you rage quit has 30 seconds left.\n|\n|t:|1682867399\n|switch|p1b: Annihilape|Annihilape, L50, M|100\/100\n|switch|p2a: Torkoal|Torkoal, L50, M|100\/100\n|-weather|SunnyDay|[from] ability: Drought|[of] p2a: Torkoal\n|move|p2b: Indeedee|Dazzling Gleam|p1b: Annihilape|[spread] p1a,p1b\n|-supereffective|p1b: Annihilape\n|-enditem|p1b: Annihilape|Roseli Berry|[eat]\n|-enditem|p1b: Annihilape|Roseli Berry|[weaken]\n|-damage|p1a: Iron Bundle|87\/100\n|-damage|p1b: Annihilape|93\/100\n|move|p1a: Iron Bundle|Blizzard|p2b: Indeedee|[spread] p2a\n|-miss|p1a: Iron Bundle|p2b: Indeedee\n|-resisted|p2a: Torkoal\n|-damage|p2a: Torkoal|73\/100\n|\n|-weather|SunnyDay|[upkeep]\n|upkeep\n|turn|3\n|inactive|Flo51 has 30 seconds left.\n|\n|t:|1682867429\n|-terastallize|p1b: Annihilape|Fire\n|move|p2b: Indeedee|Helping Hand|p2a: Torkoal\n|-singleturn|p2a: Torkoal|Helping Hand|[of] p2b: Indeedee\n|move|p1a: Iron Bundle|Protect|p1a: Iron Bundle\n|-singleturn|p1a: Iron Bundle|Protect\n|move|p2a: Torkoal|Eruption|p1b: Annihilape|[spread] p1b\n|-activate|p1a: Iron Bundle|move: Protect\n|-resisted|p1b: Annihilape\n|-damage|p1b: Annihilape|62\/100\n|move|p1b: Annihilape|Rage Fist|p2a: Torkoal\n|-damage|p2a: Torkoal|17\/100\n|\n|-weather|SunnyDay|[upkeep]\n|upkeep\n|turn|4\n|c|\u2606Flo51|Only that\n|inactive|Flo51 has 30 seconds left.\n|inactive|haha you rage quit has 30 seconds left.\n|inactive|Flo51 has 20 seconds left.\n|inactive|Flo51 has 15 seconds left.\n|\n|t:|1682867471\n|-end|p1a: Iron Bundle|Quark Drive|[silent]\n|switch|p1a: Abomasnow|Abomasnow, L50, F|48\/100\n|-weather|Snow|[from] ability: Snow Warning|[of] p1a: Abomasnow\n|move|p2b: Indeedee|Helping Hand|p2a: Torkoal\n|-singleturn|p2a: Torkoal|Helping Hand|[of] p2b: Indeedee\n|move|p2a: Torkoal|Earth Power|p1b: Annihilape\n|-supereffective|p1b: Annihilape\n|-damage|p1b: Annihilape|14\/100\n|move|p1b: Annihilape|Rage Fist|p2a: Torkoal\n|-damage|p2a: Torkoal|0 fnt\n|faint|p2a: Torkoal\n|\n|-weather|Snow|[upkeep]\n|upkeep\n|\n|t:|1682867493\n|switch|p2a: Kingambit|Kingambit, L50, M, shiny|100\/100\n|turn|5\n|\n|t:|1682867511\n|move|p2b: Indeedee|Follow Me|p2b: Indeedee\n|-singleturn|p2b: Indeedee|move: Follow Me\n|move|p2a: Kingambit|Swords Dance|p2a: Kingambit\n|-boost|p2a: Kingambit|atk|2\n|move|p1a: Abomasnow|Blizzard|p2b: Indeedee|[spread] p2a,p2b\n|-resisted|p2a: Kingambit\n|-damage|p2a: Kingambit|78\/100\n|-damage|p2b: Indeedee|51\/100\n|-damage|p1a: Abomasnow|39\/100|[from] item: Life Orb\n|move|p1b: Annihilape|Close Combat|p2b: Indeedee\n|-damage|p2b: Indeedee|0 fnt\n|-unboost|p1b: Annihilape|def|1\n|-unboost|p1b: Annihilape|spd|1\n|faint|p2b: Indeedee\n|\n|-weather|Snow|[upkeep]\n|-sideend|p1: Flo51|move: Aurora Veil\n|-fieldend|move: Trick Room\n|-fieldend|move: Psychic Terrain\n|upkeep\n|\n|t:|1682867529\n|switch|p2b: Annihilape|Annihilape, L50, M|44\/100\n|turn|6\n|inactive|haha you rage quit has 30 seconds left.\n|\n|t:|1682867559\n|move|p2a: Kingambit|Sucker Punch|p1b: Annihilape\n|-damage|p1b: Annihilape|0 fnt\n|faint|p1b: Annihilape\n|move|p2b: Annihilape|Close Combat|p1a: Abomasnow\n|-supereffective|p1a: Abomasnow\n|-damage|p1a: Abomasnow|0 fnt\n|-unboost|p2b: Annihilape|def|1\n|-unboost|p2b: Annihilape|spd|1\n|faint|p1a: Abomasnow\n|\n|-weather|Snow|[upkeep]\n|upkeep\n|\n|t:|1682867570\n|switch|p1b: Chien-Pao|Chien-Pao, L50|100\/100\n|switch|p1a: Iron Bundle|Iron Bundle, L50|87\/100\n|-ability|p1b: Chien-Pao|Sword of Ruin\n|turn|7\n|inactive|haha you rage quit has 30 seconds left.\n|inactive|haha you rage quit has 20 seconds left.\n|\n|t:|1682867608\n|move|p2b: Annihilape|Close Combat|p1b: Chien-Pao\n|-supereffective|p1b: Chien-Pao\n|-damage|p1b: Chien-Pao|0 fnt\n|-unboost|p2b: Annihilape|def|1\n|-unboost|p2b: Annihilape|spd|1\n|faint|p1b: Chien-Pao\n|move|p1a: Iron Bundle|Aurora Veil|p1a: Iron Bundle\n|-sidestart|p1: Flo51|move: Aurora Veil\n|move|p2a: Kingambit|Low Kick|p1a: Iron Bundle\n|-supereffective|p1a: Iron Bundle\n|-damage|p1a: Iron Bundle|55\/100\n|\n|-weather|Snow|[upkeep]\n|upkeep\n|turn|8\n|c|\u2606Flo51|WTF\n|\n|t:|1682867631\n|move|p2b: Annihilape|Close Combat|p1a: Iron Bundle\n|-supereffective|p1a: Iron Bundle\n|-damage|p1a: Iron Bundle|3\/100\n|-unboost|p2b: Annihilape|def|1\n|-unboost|p2b: Annihilape|spd|1\n|move|p1a: Iron Bundle|Blizzard|p2b: Annihilape|[spread] p2a,p2b\n|-resisted|p2a: Kingambit\n|-damage|p2a: Kingambit|57\/100\n|-damage|p2b: Annihilape|0 fnt\n|faint|p2b: Annihilape\n|move|p2a: Kingambit|Kowtow Cleave|p1a: Iron Bundle\n|-damage|p1a: Iron Bundle|0 fnt\n|faint|p1a: Iron Bundle\n|-end|p1a: Iron Bundle|Quark Drive|[silent]\n|\n|win|haha you rage quit\n|raw|Flo51's rating: 1218 → 1191<\/strong> (-27 for losing)\n|raw|haha you rage quit's rating: 1194 → 1221<\/strong> (+27 for winning)\n","uploadtime":1682867651,"views":13,"p1id":"flo51","p2id":"hahayouragequit","formatid":"gen9vgc2023regulationc","rating":1191,"private":0,"password":""}