{"id":"gen9vgc2023regulationc-1855478461","p1":"hydreigon_chelas","p2":"FiloX36","format":"[Gen 9] VGC 2023 Regulation C","log":"|j|\u2606hydreigon_chelas\n|j|\u2606FiloX36\n|t:|1682955119\n|gametype|doubles\n|player|p1|hydreigon_chelas|iris-gen5bw2|1334\n|player|p2|FiloX36|169|1323\n|teamsize|p1|6\n|teamsize|p2|6\n|gen|9\n|tier|[Gen 9] VGC 2023 Regulation C\n|rated|\n|rule|Species Clause: Limit one of each Pok\u00e9mon\n|rule|Item Clause: Limit one of each item\n|clearpoke\n|poke|p1|Tyranitar, L50, F|\n|poke|p1|Lycanroc, L50, F|\n|poke|p1|Great Tusk, L50|\n|poke|p1|Chi-Yu, L50|\n|poke|p1|Flutter Mane, L50|\n|poke|p1|Gastrodon-East, L50, F|\n|poke|p2|Chien-Pao, L50|\n|poke|p2|Flutter Mane, L50|\n|poke|p2|Great Tusk, L50|\n|poke|p2|Dragonite, L50, M|\n|poke|p2|Gyarados, L50, M|\n|poke|p2|Kingambit, L50, M|\n|teampreview|4\n|\n|t:|1682955160\n|start\n|switch|p1a: Chi-Yu|Chi-Yu, L50|100\/100\n|switch|p1b: Flutter Mane|Flutter Mane, L50|100\/100\n|switch|p2a: Great Tusk|Great Tusk, L50, shiny|100\/100\n|switch|p2b: Dragonite|Dragonite, L50, M, shiny|100\/100\n|-ability|p1a: Chi-Yu|Beads of Ruin\n|-enditem|p1b: Flutter Mane|Booster Energy\n|-activate|p1b: Flutter Mane|ability: Protosynthesis|[fromitem]\n|-start|p1b: Flutter Mane|protosynthesisspe\n|turn|1\n|\n|t:|1682955188\n|switch|p2b: Gyarados|Gyarados, L50, M, shiny|100\/100\n|-ability|p2b: Gyarados|Intimidate|boost\n|-unboost|p1a: Chi-Yu|atk|1\n|-unboost|p1b: Flutter Mane|atk|1\n|-terastallize|p2a: Great Tusk|Fire\n|-terastallize|p1a: Chi-Yu|Grass\n|move|p1b: Flutter Mane|Icy Wind|p2b: Gyarados|[spread] p2a,p2b\n|-resisted|p2a: Great Tusk\n|-damage|p2a: Great Tusk|86\/100\n|-damage|p2b: Gyarados|87\/100\n|-unboost|p2a: Great Tusk|spe|1\n|-unboost|p2b: Gyarados|spe|1\n|move|p1a: Chi-Yu|Heat Wave|p2b: Gyarados|[spread] p2b\n|-miss|p1a: Chi-Yu|p2a: Great Tusk\n|-resisted|p2b: Gyarados\n|-damage|p2b: Gyarados|60\/100\n|-damage|p1a: Chi-Yu|91\/100|[from] item: Life Orb\n|move|p2a: Great Tusk|Earthquake|p1a: Chi-Yu|[spread] p1a,p1b\n|-immune|p2b: Gyarados\n|-resisted|p1a: Chi-Yu\n|-crit|p1b: Flutter Mane\n|-damage|p1a: Chi-Yu|61\/100\n|-damage|p1b: Flutter Mane|0 fnt\n|faint|p1b: Flutter Mane\n|-end|p1b: Flutter Mane|Protosynthesis|[silent]\n|\n|upkeep\n|\n|t:|1682955216\n|switch|p1b: Great Tusk|Great Tusk, L50|100\/100\n|turn|2\n|\n|t:|1682955237\n|move|p2b: Gyarados|Protect|p2b: Gyarados\n|-singleturn|p2b: Gyarados|Protect\n|move|p1b: Great Tusk|Headlong Rush|p2a: Great Tusk\n|-supereffective|p2a: Great Tusk\n|-damage|p2a: Great Tusk|0 fnt\n|-unboost|p1b: Great Tusk|def|1\n|-unboost|p1b: Great Tusk|spd|1\n|faint|p2a: Great Tusk\n|-end|p2a: Great Tusk|Protosynthesis|[silent]\n|move|p1a: Chi-Yu|Dark Pulse|p2b: Gyarados\n|-activate|p2b: Gyarados|move: Protect\n|\n|upkeep\n|\n|t:|1682955248\n|switch|p2a: Dragonite|Dragonite, L50, M, shiny|100\/100\n|turn|3\n|\n|t:|1682955262\n|-end|p1b: Great Tusk|Protosynthesis|[silent]\n|switch|p1b: Tyranitar|Tyranitar, L50, F|100\/100\n|-weather|Sandstorm|[from] ability: Sand Stream|[of] p1b: Tyranitar\n|move|p2a: Dragonite|Extreme Speed|p1a: Chi-Yu\n|-damage|p1a: Chi-Yu|0 fnt\n|faint|p1a: Chi-Yu\n|move|p2b: Gyarados|Taunt|p1b: Tyranitar\n|-start|p1b: Tyranitar|move: Taunt\n|\n|-weather|Sandstorm|[upkeep]\n|-damage|p2a: Dragonite|94\/100|[from] Sandstorm\n|upkeep\n|\n|t:|1682955292\n|switch|p1a: Great Tusk|Great Tusk, L50|100\/100\n|turn|4\n|\n|t:|1682955312\n|move|p2a: Dragonite|Extreme Speed|p1a: Great Tusk\n|-damage|p1a: Great Tusk|66\/100\n|move|p1a: Great Tusk|Rock Slide|p2b: Gyarados|[spread] p2a\n|-miss|p1a: Great Tusk|p2b: Gyarados\n|-supereffective|p2a: Dragonite\n|-damage|p2a: Dragonite|56\/100\n|move|p1b: Tyranitar|Rock Slide|p2a: Dragonite|[spread] p2a,p2b\n|-supereffective|p2a: Dragonite\n|-supereffective|p2b: Gyarados\n|-damage|p2a: Dragonite|0 fnt\n|-damage|p2b: Gyarados|7\/100\n|faint|p2a: Dragonite\n|cant|p2b: Gyarados|flinch\n|\n|-weather|Sandstorm|[upkeep]\n|upkeep\n|\n|t:|1682955326\n|switch|p2a: Flutter Mane|Flutter Mane, L50, shiny|100\/100\n|-enditem|p2a: Flutter Mane|Booster Energy\n|-activate|p2a: Flutter Mane|ability: Protosynthesis|[fromitem]\n|-start|p2a: Flutter Mane|protosynthesisspa\n|turn|5\n|\n|t:|1682955364\n|move|p1a: Great Tusk|Rock Slide|p2b: Gyarados|[spread] p2a,p2b\n|-crit|p2a: Flutter Mane\n|-supereffective|p2b: Gyarados\n|-crit|p2b: Gyarados\n|-damage|p2a: Flutter Mane|53\/100\n|-damage|p2b: Gyarados|0 fnt\n|faint|p2b: Gyarados\n|move|p2a: Flutter Mane|Dazzling Gleam|p1a: Great Tusk|[spread] p1a,p1b\n|-supereffective|p1a: Great Tusk\n|-crit|p1a: Great Tusk\n|-supereffective|p1b: Tyranitar\n|-damage|p1a: Great Tusk|0 fnt\n|-damage|p1b: Tyranitar|70\/100\n|faint|p1a: Great Tusk\n|-end|p1a: Great Tusk|Protosynthesis|[silent]\n|move|p1b: Tyranitar|Assurance|p2a: Flutter Mane\n|-damage|p2a: Flutter Mane|0 fnt\n|faint|p2a: Flutter Mane\n|-end|p2a: Flutter Mane|Protosynthesis|[silent]\n|\n|win|hydreigon_chelas\n|raw|hydreigon_chelas's rating: 1334 → 1353<\/strong> (+19 for winning)\n|raw|FiloX36's rating: 1323 → 1304<\/strong> (-19 for losing)\n|l|\u2606FiloX36\n","uploadtime":1682955381,"views":25,"p1id":"hydreigonchelas","p2id":"filox36","formatid":"gen9vgc2023regulationc","rating":1304,"private":0,"password":""}