{"id":"gen9vgc2023regulationc-1846330866","p1":"hero231","p2":"BCDefault","format":"[Gen 9] VGC 2023 Regulation C","log":"|j|\u2606hero231\n|j|\u2606BCDefault\n|t:|1681832233\n|gametype|doubles\n|player|p1|hero231|infielder|1168\n|player|p2|BCDefault|worker|1123\n|teamsize|p1|6\n|teamsize|p2|6\n|gen|9\n|tier|[Gen 9] VGC 2023 Regulation C\n|rated|\n|rule|Species Clause: Limit one of each Pok\u00e9mon\n|rule|Item Clause: Limit one of each item\n|clearpoke\n|poke|p1|Glimmora, L50, M|\n|poke|p1|Arcanine, L50, M|\n|poke|p1|Chi-Yu, L50|\n|poke|p1|Flutter Mane, L50|\n|poke|p1|Dondozo, L50, F|\n|poke|p1|Tatsugiri-Stretchy, L50, M|\n|poke|p2|Lucario, L50, F|\n|poke|p2|Espathra, L50, F|\n|poke|p2|Stonjourner, L50, F|\n|poke|p2|Sylveon, L50, M|\n|poke|p2|Flamigo, L50, M|\n|poke|p2|Gyarados, L50, M|\n|teampreview|4\nhero231 has agreed to open team sheets.\n|c|\u2606hero231|Uhhh what is going on here\n|c|\u2606BCDefault|?\n|inactive|Battle timer is ON: inactive players will automatically lose when time's up. (requested by BCDefault)\n|c|\u2606hero231|cool team\n|c|\u2606BCDefault|Thanks\n|inactive|hero231 has 60 seconds left.\n|\n|t:|1681832335\n|start\n|switch|p1a: Pee Wee|Tatsugiri-Stretchy, L50, M|100\/100\n|switch|p1b: Smiles Back|Chi-Yu, L50|100\/100\n|switch|p2a: Sylveon|Sylveon, L50, M|100\/100\n|switch|p2b: Espathra|Espathra, L50, F|100\/100\n|-ability|p1b: Smiles Back|Beads of Ruin\n|turn|1\n|inactive|hero231 has 30 seconds left.\n|inactive|hero231 has 20 seconds left.\n|inactive|hero231 has 15 seconds left.\n|\n|t:|1681832378\n|move|p1a: Pee Wee|Icy Wind|p2a: Sylveon|[spread] p2a,p2b\n|-damage|p2a: Sylveon|88\/100\n|-damage|p2b: Espathra|71\/100\n|-unboost|p2a: Sylveon|spe|1\n|-unboost|p2b: Espathra|spe|1\n|move|p1b: Smiles Back|Heat Wave|p2b: Espathra|[spread] p2a,p2b\n|-damage|p2a: Sylveon|49\/100\n|-damage|p2b: Espathra|0 fnt\n|faint|p2b: Espathra\n|move|p2a: Sylveon|Hyper Beam|p1b: Smiles Back\n|-crit|p1b: Smiles Back\n|-enditem|p1b: Smiles Back|Focus Sash\n|-damage|p1b: Smiles Back|1\/100\n|-mustrecharge|p2a: Sylveon\n|\n|upkeep\n|\n|t:|1681832391\n|switch|p2b: Lucario|Lucario, L50, F|100\/100\n|turn|2\n|c|\u2606hero231|AH\n|\n|t:|1681832411\n|-terastallize|p2b: Lucario|Normal\n|move|p2b: Lucario|Extreme Speed|p1a: Pee Wee\n|-damage|p1a: Pee Wee|7\/100\n|-damage|p2b: Lucario|91\/100|[from] item: Life Orb\n|move|p1a: Pee Wee|Icy Wind|p2a: Sylveon|[spread] p2a,p2b\n|-damage|p2a: Sylveon|38\/100\n|-damage|p2b: Lucario|57\/100\n|-unboost|p2a: Sylveon|spe|1\n|-unboost|p2b: Lucario|spe|1\n|move|p1b: Smiles Back|Heat Wave|p2b: Lucario|[spread] p2a,p2b\n|-damage|p2a: Sylveon|1\/100\n|-damage|p2b: Lucario|0 fnt\n|faint|p2b: Lucario\n|cant|p2a: Sylveon|recharge\n|\n|upkeep\n|c|\u2606BCDefault|dang\n|c|\u2606BCDefault|gg\n|\n|t:|1681832428\n|switch|p2b: Stonjourner|Stonjourner, L50, F|100\/100\n|turn|3\n|c|\u2606hero231|i dont have dondozo\n|c|\u2606BCDefault|this is like the 100th similar team\n|\n|t:|1681832452\n|move|p2b: Stonjourner|Wide Guard|p2b: Stonjourner\n|-singleturn|p2b: Stonjourner|Wide Guard\n|move|p1a: Pee Wee|Icy Wind|p2a: Sylveon|[spread] \n|-activate|p2a: Sylveon|move: Wide Guard\n|-activate|p2b: Stonjourner|move: Wide Guard\n|move|p1b: Smiles Back|Heat Wave|p2a: Sylveon|[spread] \n|-activate|p2a: Sylveon|move: Wide Guard\n|-activate|p2b: Stonjourner|move: Wide Guard\n|move|p2a: Sylveon|Moonblast|p1a: Pee Wee\n|-supereffective|p1a: Pee Wee\n|-damage|p1a: Pee Wee|0 fnt\n|faint|p1a: Pee Wee\n|\n|upkeep\n|\n|t:|1681832461\n|switch|p1a: Flutter Mid|Flutter Mane, L50, shiny|100\/100\n|-enditem|p1a: Flutter Mid|Booster Energy\n|-activate|p1a: Flutter Mid|ability: Protosynthesis|[fromitem]\n|-start|p1a: Flutter Mid|protosynthesisspa\n|turn|4\n|c|\u2606hero231|thanks>\n|\n|t:|1681832473\n|move|p1a: Flutter Mid|Taunt|p2b: Stonjourner\n|-start|p2b: Stonjourner|move: Taunt\n|move|p1b: Smiles Back|Dark Pulse|p2a: Sylveon\n|-resisted|p2a: Sylveon\n|-damage|p2a: Sylveon|0 fnt\n|faint|p2a: Sylveon\n|move|p2b: Stonjourner|Heavy Slam|p1a: Flutter Mid\n|-supereffective|p1a: Flutter Mid\n|-damage|p1a: Flutter Mid|7\/100\n|\n|upkeep\n|turn|5\n|\n|t:|1681832486\n|move|p1a: Flutter Mid|Shadow Ball|p2b: Stonjourner\n|-damage|p2b: Stonjourner|0 fnt\n|faint|p2b: Stonjourner\n|\n|win|hero231\n|raw|hero231's rating: 1168 → 1190<\/strong> (+22 for winning)\n|raw|BCDefault's rating: 1123 → 1101<\/strong> (-22 for losing)\n|c|\u2606hero231|gg\n|c|\u2606BCDefault|gg\n|l|\u2606BCDefault\n","uploadtime":1681832498,"views":7,"p1id":"hero231","p2id":"bcdefault","formatid":"gen9vgc2023regulationc","rating":1101,"private":0,"password":""}