{"id":"gen9vgc2023regulationc-1863746494","p1":"buggahz349","p2":"Humanberrito 2.0","format":"[Gen 9] VGC 2023 Regulation C","log":"|j|\u2606buggahz349\n|j|\u2606Humanberrito 2.0\n|t:|1684071220\n|gametype|doubles\n|player|p1|buggahz349|n|\n|player|p2|Humanberrito 2.0|unknown|\n|teamsize|p1|6\n|teamsize|p2|6\n|gen|9\n|tier|[Gen 9] VGC 2023 Regulation C\n|rated|Tournament battle\n|rule|Species Clause: Limit one of each Pok\u00e9mon\n|rule|Item Clause: Limit one of each item\n|clearpoke\n|poke|p1|Sylveon, L50, M|\n|poke|p1|Gothitelle, L50, M|\n|poke|p1|Garganacl, L50, M|\n|poke|p1|Ting-Lu, L50|\n|poke|p1|Iron Hands, L50|\n|poke|p1|Mimikyu, L50, M|\n|poke|p2|Flutter Mane, L50|\n|poke|p2|Ting-Lu, L50|\n|poke|p2|Arcanine, L50, M|\n|poke|p2|Palafin, L50, F|\n|poke|p2|Chien-Pao, L50|\n|poke|p2|Talonflame, L50, M|\n|teampreview|4\n|raw| Open Team Sheet for buggahz349<\/summary>Sylveon @ Choice Specs Ability: Pixilate Level: 50 Shiny: Yes Tera Type: Fairy - Hyper Voice - Hyper Beam - Psyshock - Quick Attack Gothitelle @ Safety Goggles Ability: Shadow Tag Level: 50 Shiny: Yes Tera Type: Fairy - Taunt - Trick Room - Psyshock - Protect Garganacl @ Leftovers Ability: Purifying Salt Level: 50 Shiny: Yes Tera Type: Flying - Salt Cure - Protect - Recover - Wide Guard Ting-Lu @ Choice Band Ability: Vessel of Ruin Level: 50 Tera Type: Poison - Stomping Tantrum - Throat Chop - Tera Blast - Rock Slide Iron Hands @ Assault Vest Ability: Quark Drive Level: 50 Shiny: Yes Tera Type: Fire - Fake Out - Wild Charge - Drain Punch - Fire Punch Mimikyu @ Life Orb Ability: Disguise Level: 50 Shiny: Yes Tera Type: Fairy - Trick Room - Taunt - Play Rough - Shadow Claw <\/details><\/div> Open Team Sheet for Humanberrito 2.0<\/summary>Flutter Mane @ Choice Specs Ability: Protosynthesis Level: 50 Tera Type: Fairy - Moonblast - Shadow Ball - Dazzling Gleam - Energy Ball Ting-Lu @ Assault Vest Ability: Vessel of Ruin Level: 50 Tera Type: Steel - Fissure - Stomping Tantrum - Body Press - Mud-Slap Arcanine @ Safety Goggles Ability: Intimidate Level: 50 Tera Type: Ghost - Flare Blitz - Will-O-Wisp - Extreme Speed - Protect Palafin @ Mystic Water Ability: Zero to Hero Level: 50 Tera Type: Water - Jet Punch - Wave Crash - Haze - Protect Chien-Pao @ Focus Sash Ability: Sword of Ruin Level: 50 Tera Type: Ghost - Ice Spinner - Sucker Punch - Sacred Sword - Protect Talonflame @ Covert Cloak Ability: Gale Wings Level: 50 Tera Type: Fire - Brave Bird - Taunt - Will-O-Wisp - Tailwind <\/details><\/div>\n|inactive|Battle timer is ON: inactive players will automatically lose when time's up. (requested by buggahz349)\n|c|\u2606Humanberrito 2.0|Glhf\n|c|\u2606buggahz349|glhf\n|inactive|buggahz349 has 60 seconds left.\n|\n|t:|1684071274\n|start\n|switch|p1a: Gothitelle|Gothitelle, L50, M, shiny|100\/100\n|switch|p1b: Iron Hands|Iron Hands, L50, shiny|100\/100\n|switch|p2a: Flutter Mane|Flutter Mane, L50|100\/100\n|switch|p2b: Chien-Pao|Chien-Pao, L50|100\/100\n|-ability|p2b: Chien-Pao|Sword of Ruin\n|turn|1\n|inactive|Humanberrito 2.0 has 30 seconds left.\n|\n|t:|1684071306\n|-terastallize|p2b: Chien-Pao|Ghost\n|move|p1b: Iron Hands|Fake Out|p2b: Chien-Pao\n|-immune|p2b: Chien-Pao\n|move|p2b: Chien-Pao|Ice Spinner|p1a: Gothitelle\n|-damage|p1a: Gothitelle|51\/100\n|move|p2a: Flutter Mane|Shadow Ball|p1a: Gothitelle\n|-supereffective|p1a: Gothitelle\n|-damage|p1a: Gothitelle|0 fnt\n|faint|p1a: Gothitelle\n|\n|upkeep\n|\n|t:|1684071315\n|switch|p1a: Ting-Lu|Ting-Lu, L50|100\/100\n|-ability|p1a: Ting-Lu|Vessel of Ruin\n|turn|2\n|\n|t:|1684071332\n|-end|p2a: Flutter Mane|Protosynthesis|[silent]\n|switch|p2a: Arcanine|Arcanine, L50, M|100\/100\n|-ability|p2a: Arcanine|Intimidate|boost\n|-unboost|p1a: Ting-Lu|atk|1\n|-unboost|p1b: Iron Hands|atk|1\n|-terastallize|p1a: Ting-Lu|Poison\n|move|p2b: Chien-Pao|Protect|p2b: Chien-Pao\n|-singleturn|p2b: Chien-Pao|Protect\n|move|p1b: Iron Hands|Wild Charge|p2b: Chien-Pao\n|-activate|p2b: Chien-Pao|move: Protect\n|move|p1a: Ting-Lu|Throat Chop|p2a: Arcanine\n|-damage|p2a: Arcanine|44\/100\n|-start|p2a: Arcanine|Throat Chop|[silent]\n|\n|upkeep\n|turn|3\n|inactive|Humanberrito 2.0 has 30 seconds left.\n|\n|t:|1684071361\n|-end|p1b: Iron Hands|Quark Drive|[silent]\n|switch|p1b: Garganacl|Garganacl, L50, M, shiny|100\/100\n|move|p2b: Chien-Pao|Ice Spinner|p1a: Ting-Lu\n|-damage|p1a: Ting-Lu|71\/100\n|move|p2a: Arcanine|Will-O-Wisp|p1b: Garganacl\n|-immune|p1b: Garganacl|[from] ability: Purifying Salt\n|move|p1a: Ting-Lu|Throat Chop|p2a: Arcanine\n|-crit|p2a: Arcanine\n|-damage|p2a: Arcanine|0 fnt\n|faint|p2a: Arcanine\n|\n|upkeep\n|\n|t:|1684071373\n|switch|p2a: Ting-Lu|Ting-Lu, L50|100\/100\n|-ability|p2a: Ting-Lu|Vessel of Ruin\n|turn|4\n|\n|t:|1684071389\n|switch|p2b: Flutter Mane|Flutter Mane, L50|100\/100\n|move|p2a: Ting-Lu|Body Press|p1b: Garganacl\n|-supereffective|p1b: Garganacl\n|-damage|p1b: Garganacl|69\/100\n|move|p1a: Ting-Lu|Throat Chop|p2b: Flutter Mane\n|-damage|p2b: Flutter Mane|33\/100\n|-start|p2b: Flutter Mane|Throat Chop|[silent]\n|move|p1b: Garganacl|Salt Cure|p2a: Ting-Lu\n|-resisted|p2a: Ting-Lu\n|-damage|p2a: Ting-Lu|97\/100\n|-start|p2a: Ting-Lu|Salt Cure\n|\n|-heal|p1b: Garganacl|74\/100|[from] item: Leftovers\n|-damage|p2a: Ting-Lu|85\/100|[from] Salt Cure\n|upkeep\n|turn|5\n|inactive|Humanberrito 2.0 has 30 seconds left.\n|inactive|Humanberrito 2.0 has 20 seconds left.\n|inactive|Humanberrito 2.0 has 15 seconds left.\n|\n|t:|1684071429\n|move|p1b: Garganacl|Protect|p1b: Garganacl\n|-singleturn|p1b: Garganacl|Protect\n|move|p2b: Flutter Mane|Energy Ball|p1b: Garganacl\n|-activate|p1b: Garganacl|move: Protect\n|move|p2a: Ting-Lu|Fissure|p1a: Ting-Lu|[miss]\n|-miss|p2a: Ting-Lu|p1a: Ting-Lu\n|move|p1a: Ting-Lu|Throat Chop|p2b: Flutter Mane\n|-damage|p2b: Flutter Mane|0 fnt\n|faint|p2b: Flutter Mane\n|-end|p2b: Flutter Mane|Protosynthesis|[silent]\n|\n|-heal|p1b: Garganacl|80\/100|[from] item: Leftovers\n|-damage|p2a: Ting-Lu|73\/100|[from] Salt Cure\n|upkeep\n|\n|t:|1684071440\n|switch|p2b: Chien-Pao|Chien-Pao, L50, tera:Ghost|100\/100\n|-ability|p2b: Chien-Pao|Sword of Ruin\n|turn|6\n|\n|t:|1684071450\n|move|p2b: Chien-Pao|Sacred Sword|p1b: Garganacl\n|-supereffective|p1b: Garganacl\n|-damage|p1b: Garganacl|39\/100\n|move|p2a: Ting-Lu|Stomping Tantrum|p1b: Garganacl\n|-supereffective|p1b: Garganacl\n|-damage|p1b: Garganacl|0 fnt\n|faint|p1b: Garganacl\n|move|p1a: Ting-Lu|Throat Chop|p2b: Chien-Pao\n|-supereffective|p2b: Chien-Pao\n|-enditem|p2b: Chien-Pao|Focus Sash\n|-damage|p2b: Chien-Pao|1\/100\n|-start|p2b: Chien-Pao|Throat Chop|[silent]\n|\n|-damage|p2a: Ting-Lu|60\/100|[from] Salt Cure\n|upkeep\n|\n|t:|1684071456\n|switch|p1b: Iron Hands|Iron Hands, L50, shiny|100\/100\n|turn|7\n|\n|t:|1684071469\n|move|p2b: Chien-Pao|Protect|p2b: Chien-Pao\n|-singleturn|p2b: Chien-Pao|Protect\n|move|p2a: Ting-Lu|Fissure|p1b: Iron Hands\n|-damage|p1b: Iron Hands|0 fnt\n|faint|p1b: Iron Hands\n|-end|p1b: Iron Hands|Quark Drive|[silent]\n|-ohko\n|move|p1a: Ting-Lu|Throat Chop|p2b: Chien-Pao\n|-activate|p2b: Chien-Pao|move: Protect\n|\n|-damage|p2a: Ting-Lu|48\/100|[from] Salt Cure\n|-end|p2b: Chien-Pao|Throat Chop|[silent]\n|upkeep\n|turn|8\n|\n|t:|1684071484\n|move|p2b: Chien-Pao|Ice Spinner|p1a: Ting-Lu\n|-damage|p1a: Ting-Lu|41\/100\n|move|p2a: Ting-Lu|Fissure|p1a: Ting-Lu|[miss]\n|-miss|p2a: Ting-Lu|p1a: Ting-Lu\n|move|p1a: Ting-Lu|Throat Chop|p2b: Chien-Pao\n|-supereffective|p2b: Chien-Pao\n|-damage|p2b: Chien-Pao|0 fnt\n|faint|p2b: Chien-Pao\n|\n|-damage|p2a: Ting-Lu|36\/100|[from] Salt Cure\n|upkeep\n|turn|9\n|\n|t:|1684071494\n|move|p2a: Ting-Lu|Stomping Tantrum|p1a: Ting-Lu\n|-supereffective|p1a: Ting-Lu\n|-damage|p1a: Ting-Lu|0 fnt\n|faint|p1a: Ting-Lu\n|\n|win|Humanberrito 2.0\n|n|\u2606buggahz349|buggahz349\n|n|\u2606Humanberrito 2.0|humanberrito20\n|l|\u2606buggahz349\n","uploadtime":1684071501,"views":11,"p1id":"buggahz349","p2id":"humanberrito20","formatid":"gen9vgc2023regulationc","rating":0,"private":0,"password":""}