{"id":"gen9vgc2023regulationc-1845564600","p1":"haha u rage quit","p2":"KastyBan","format":"[Gen 9] VGC 2023 Regulation C","log":"|j|\u2606haha u rage quit\n|j|\u2606KastyBan\n|t:|1681745425\n|gametype|doubles\n|player|p1|haha u rage quit|pokemaniac|1309\n|player|p2|KastyBan|clown|1287\n|teamsize|p1|6\n|teamsize|p2|6\n|gen|9\n|tier|[Gen 9] VGC 2023 Regulation C\n|rated|\n|rule|Species Clause: Limit one of each Pok\u00e9mon\n|rule|Item Clause: Limit one of each item\n|clearpoke\n|poke|p1|Meowscarada, L50, M|\n|poke|p1|Tatsugiri-Droopy, L50, M|\n|poke|p1|Talonflame, L50, M|\n|poke|p1|Pawmot, L50, M|\n|poke|p1|Dondozo, L50, M|\n|poke|p1|Arcanine, L50, M|\n|poke|p2|Wo-Chien, L50|\n|poke|p2|Glimmora, L50, M|\n|poke|p2|Gholdengo, L50|\n|poke|p2|Volcarona, L50, M|\n|poke|p2|Palafin, L50, F|\n|poke|p2|Iron Hands, L50|\n|teampreview|4\nKastyBan has agreed to open team sheets.\n|inactive|Battle timer is ON: inactive players will automatically lose when time's up. (requested by KastyBan)\n|inactive|KastyBan has 60 seconds left.\n|\n|t:|1681745488\n|start\n|switch|p1a: Meowscarada|Meowscarada, L50, M|100\/100\n|switch|p1b: Arcanine|Arcanine, L50, M|100\/100\n|switch|p2a: Glimmora|Glimmora, L50, M|100\/100\n|switch|p2b: Palafin|Palafin, L50, F|100\/100\n|-ability|p1b: Arcanine|Intimidate|boost\n|-unboost|p2a: Glimmora|atk|1\n|-unboost|p2b: Palafin|atk|1\n|turn|1\n|\n|t:|1681745506\n|detailschange|p2b: Palafin|Palafin-Hero, L50, F\n|switch|p2b: Volcarona|Volcarona, L50, M|100\/100\n|move|p1a: Meowscarada|Knock Off|p2b: Volcarona\n|-start|p1a: Meowscarada|typechange|Dark|[from] ability: Protean\n|-damage|p2b: Volcarona|57\/100\n|-enditem|p2b: Volcarona|Sitrus Berry|[from] move: Knock Off|[of] p1a: Meowscarada\n|move|p1b: Arcanine|Flare Blitz|p2b: Volcarona\n|-damage|p2b: Volcarona|0 fnt\n|faint|p2b: Volcarona\n|-damage|p1b: Arcanine|80\/100|[from] Recoil\n|-damage|p1b: Arcanine|70\/100|[from] item: Life Orb\n|move|p2a: Glimmora|Mortal Spin|p1b: Arcanine|[spread] p1a,p1b\n|-damage|p1a: Meowscarada|97\/100\n|-damage|p1b: Arcanine|66\/100\n|-status|p1a: Meowscarada|psn\n|-status|p1b: Arcanine|psn\n|\n|-damage|p1a: Meowscarada|85\/100 psn|[from] psn\n|-damage|p1b: Arcanine|53\/100 psn|[from] psn\n|upkeep\n|inactive|KastyBan has 30 seconds left.\n|\n|t:|1681745533\n|switch|p2b: Palafin|Palafin-Hero, L50, F|100\/100\n|-activate|p2b: Palafin|ability: Zero to Hero\n|turn|2\n|\n|t:|1681745554\n|switch|p1a: Tatsugiri|Tatsugiri-Droopy, L50, M|100\/100\n|switch|p1b: Dondozo|Dondozo, L50, M|100\/100\n|-activate|p1a: Tatsugiri|ability: Commander|[of] p1b: Dondozo\n|-boost|p1b: Dondozo|atk|2\n|-boost|p1b: Dondozo|spa|2\n|-boost|p1b: Dondozo|spe|2\n|-boost|p1b: Dondozo|def|2\n|-boost|p1b: Dondozo|spd|2\n|move|p2b: Palafin|Protect|p2b: Palafin\n|-singleturn|p2b: Palafin|Protect\n|move|p2a: Glimmora|Power Gem|p1a: Tatsugiri|[miss]\n|-miss|p2a: Glimmora|p1a: Tatsugiri\n|\n|upkeep\n|turn|3\n|\n|t:|1681745575\n|switch|p2a: Wo-Chien|Wo-Chien, L50|100\/100\n|-ability|p2a: Wo-Chien|Tablets of Ruin\n|-terastallize|p1b: Dondozo|Grass\n|move|p1b: Dondozo|Tera Blast|p2b: Palafin\n|-supereffective|p2b: Palafin\n|-damage|p2b: Palafin|4\/100\n|move|p2b: Palafin|Haze|p2b: Palafin\n|-clearallboost\n|\n|upkeep\n|turn|4\n|inactive|KastyBan has 30 seconds left.\n|inactive|KastyBan has 20 seconds left.\n|inactive|KastyBan has 15 seconds left.\n|\n|t:|1681745618\n|switch|p2b: Glimmora|Glimmora, L50, M|100\/100\n|move|p2a: Wo-Chien|Pollen Puff|p2b: Glimmora\n|-immune|p2b: Glimmora\n|move|p1b: Dondozo|Tera Blast|p2b: Glimmora\n|-damage|p2b: Glimmora|72\/100\n|\n|upkeep\n|turn|5\n|\n|t:|1681745630\n|move|p2b: Glimmora|Mortal Spin|p1a: Tatsugiri|[spread] p1b\n|-miss|p2b: Glimmora|p1a: Tatsugiri\n|-supereffective|p1b: Dondozo\n|-damage|p1b: Dondozo|97\/100\n|-status|p1b: Dondozo|psn\n|move|p2a: Wo-Chien|Pollen Puff|p2b: Glimmora\n|-heal|p2b: Glimmora|100\/100\n|move|p1b: Dondozo|Earthquake|p2b: Glimmora|[spread] p2a,p2b\n|-miss|p1b: Dondozo|p1a: Tatsugiri\n|-resisted|p2a: Wo-Chien\n|-crit|p2a: Wo-Chien\n|-supereffective|p2b: Glimmora\n|-damage|p2a: Wo-Chien|90\/100\n|-damage|p2b: Glimmora|33\/100\n|\n|-heal|p2a: Wo-Chien|96\/100|[from] item: Leftovers\n|-damage|p1b: Dondozo|85\/100 psn|[from] psn\n|upkeep\n|turn|6\n|\n|t:|1681745651\n|switch|p2b: Palafin|Palafin-Hero, L50, F|4\/100\n|move|p1b: Dondozo|Earthquake|p2a: Wo-Chien|[spread] p2a,p2b\n|-miss|p1b: Dondozo|p1a: Tatsugiri\n|-resisted|p2a: Wo-Chien\n|-damage|p2a: Wo-Chien|89\/100\n|-damage|p2b: Palafin|0 fnt\n|faint|p2b: Palafin\n|move|p2a: Wo-Chien|Pollen Puff|p2: Palafin|[notarget]\n|-fail|p2a: Wo-Chien\n|\n|-heal|p2a: Wo-Chien|95\/100|[from] item: Leftovers\n|-damage|p1b: Dondozo|72\/100 psn|[from] psn\n|upkeep\n|\n|t:|1681745663\n|switch|p2b: Glimmora|Glimmora, L50, M|33\/100\n|turn|7\n|\n|t:|1681745674\n|move|p2b: Glimmora|Power Gem|p1b: Dondozo\n|-crit|p1b: Dondozo\n|-damage|p1b: Dondozo|1\/100 psn\n|move|p1b: Dondozo|Earthquake|p2b: Glimmora|[spread] p2a,p2b\n|-miss|p1b: Dondozo|p1a: Tatsugiri\n|-resisted|p2a: Wo-Chien\n|-supereffective|p2b: Glimmora\n|-damage|p2a: Wo-Chien|88\/100\n|-damage|p2b: Glimmora|0 fnt\n|faint|p2b: Glimmora\n|move|p2a: Wo-Chien|Pollen Puff|p2: Glimmora|[notarget]\n|-fail|p2a: Wo-Chien\n|\n|-heal|p2a: Wo-Chien|94\/100|[from] item: Leftovers\n|-damage|p1b: Dondozo|0 fnt|[from] psn\n|faint|p1b: Dondozo\n|upkeep\n|\n|t:|1681745686\n|switch|p1b: Meowscarada|Meowscarada, L50, M|85\/100 psn\n|turn|8\n|inactive|haha u rage quit has 30 seconds left.\n|\n|t:|1681745719\n|move|p1b: Meowscarada|Knock Off|p2a: Wo-Chien\n|-start|p1b: Meowscarada|typechange|Dark|[from] ability: Protean\n|-resisted|p2a: Wo-Chien\n|-damage|p2a: Wo-Chien|77\/100\n|-enditem|p2a: Wo-Chien|Leftovers|[from] move: Knock Off|[of] p1b: Meowscarada\n|move|p1a: Tatsugiri|Dragon Pulse|p2a: Wo-Chien\n|-damage|p2a: Wo-Chien|45\/100\n|move|p2a: Wo-Chien|Leech Seed|p1a: Tatsugiri\n|-start|p1a: Tatsugiri|move: Leech Seed\n|\n|-damage|p1a: Tatsugiri|88\/100|[from] Leech Seed|[of] p2a: Wo-Chien\n|-heal|p2a: Wo-Chien|56\/100|[silent]\n|-damage|p1b: Meowscarada|73\/100 psn|[from] psn\n|upkeep\n|turn|9\n|\n|t:|1681745736\n|switch|p1a: Arcanine|Arcanine, L50, M|53\/100 psn\n|-ability|p1a: Arcanine|Intimidate|boost\n|-unboost|p2a: Wo-Chien|atk|1\n|move|p1b: Meowscarada|Knock Off|p2a: Wo-Chien\n|-resisted|p2a: Wo-Chien\n|-damage|p2a: Wo-Chien|45\/100\n|move|p2a: Wo-Chien|Leech Seed|p1b: Meowscarada\n|-start|p1b: Meowscarada|move: Leech Seed\n|\n|-damage|p1b: Meowscarada|61\/100 psn|[from] Leech Seed|[of] p2a: Wo-Chien\n|-heal|p2a: Wo-Chien|57\/100|[silent]\n|-damage|p1b: Meowscarada|49\/100 psn|[from] psn\n|-damage|p1a: Arcanine|41\/100 psn|[from] psn\n|upkeep\n|turn|10\n|\n|t:|1681745751\n|-terastallize|p2a: Wo-Chien|Poison\n|move|p1b: Meowscarada|Knock Off|p2a: Wo-Chien\n|-damage|p2a: Wo-Chien|33\/100\n|move|p1a: Arcanine|Close Combat|p2a: Wo-Chien\n|-resisted|p2a: Wo-Chien\n|-damage|p2a: Wo-Chien|17\/100\n|-unboost|p1a: Arcanine|def|1\n|-unboost|p1a: Arcanine|spd|1\n|-damage|p1a: Arcanine|31\/100 psn|[from] item: Life Orb\n|move|p2a: Wo-Chien|Leech Seed|p1a: Arcanine\n|-start|p1a: Arcanine|move: Leech Seed\n|\n|-damage|p1b: Meowscarada|37\/100 psn|[from] Leech Seed|[of] p2a: Wo-Chien\n|-heal|p2a: Wo-Chien|28\/100|[silent]\n|-damage|p1a: Arcanine|19\/100 psn|[from] Leech Seed|[of] p2a: Wo-Chien\n|-heal|p2a: Wo-Chien|39\/100|[silent]\n|-damage|p1b: Meowscarada|25\/100 psn|[from] psn\n|-damage|p1a: Arcanine|7\/100 psn|[from] psn\n|upkeep\n|turn|11\n|inactive|haha u rage quit has 30 seconds left.\n|\n|t:|1681745781\n|move|p2a: Wo-Chien|Protect|p2a: Wo-Chien\n|-singleturn|p2a: Wo-Chien|Protect\n|move|p1b: Meowscarada|Knock Off|p2a: Wo-Chien\n|-activate|p2a: Wo-Chien|move: Protect\n|move|p1a: Arcanine|Flare Blitz|p2a: Wo-Chien\n|-activate|p2a: Wo-Chien|move: Protect\n|\n|-damage|p1b: Meowscarada|13\/100 psn|[from] Leech Seed|[of] p2a: Wo-Chien\n|-heal|p2a: Wo-Chien|50\/100|[silent]\n|-damage|p1a: Arcanine|0 fnt|[from] Leech Seed|[of] p2a: Wo-Chien\n|-heal|p2a: Wo-Chien|56\/100|[silent]\n|faint|p1a: Arcanine\n|-damage|p1b: Meowscarada|0 fnt|[from] psn\n|faint|p1b: Meowscarada\n|upkeep\n|\n|t:|1681745784\n|switch|p1a: Tatsugiri|Tatsugiri-Droopy, L50, M|88\/100\n|turn|12\n|inactive|haha u rage quit has 30 seconds left.\n|\n|t:|1681745815\n|move|p1a: Tatsugiri|Dragon Pulse|p2a: Wo-Chien\n|-damage|p2a: Wo-Chien|26\/100\n|move|p2a: Wo-Chien|Leech Seed|p1a: Tatsugiri\n|-start|p1a: Tatsugiri|move: Leech Seed\n|\n|-damage|p1a: Tatsugiri|76\/100|[from] Leech Seed|[of] p2a: Wo-Chien\n|-heal|p2a: Wo-Chien|37\/100|[silent]\n|upkeep\n|turn|13\n|\n|t:|1681745823\n|move|p2a: Wo-Chien|Protect|p2a: Wo-Chien\n|-singleturn|p2a: Wo-Chien|Protect\n|move|p1a: Tatsugiri|Dragon Pulse|p2a: Wo-Chien\n|-activate|p2a: Wo-Chien|move: Protect\n|\n|-damage|p1a: Tatsugiri|64\/100|[from] Leech Seed|[of] p2a: Wo-Chien\n|-heal|p2a: Wo-Chien|48\/100|[silent]\n|upkeep\n|turn|14\n|\n|t:|1681745838\n|move|p1a: Tatsugiri|Dragon Pulse|p2a: Wo-Chien\n|-damage|p2a: Wo-Chien|18\/100\n|move|p2a: Wo-Chien|Foul Play|p1a: Tatsugiri\n|-damage|p1a: Tatsugiri|43\/100\n|\n|-damage|p1a: Tatsugiri|31\/100|[from] Leech Seed|[of] p2a: Wo-Chien\n|-heal|p2a: Wo-Chien|29\/100|[silent]\n|upkeep\n|turn|15\n|-message|haha u rage quit forfeited.\n|\n|win|KastyBan\n|raw|haha u rage quit's rating: 1309 → 1288<\/strong> (-21 for losing)\n|raw|KastyBan's rating: 1287 → 1314<\/strong> (+27 for winning)\n|l|\u2606haha u rage quit\n|c|\u2606KastyBan|haha u rage quit\n","uploadtime":1681745878,"views":9,"p1id":"hahauragequit","p2id":"kastyban","formatid":"gen9vgc2023regulationc","rating":1288,"private":0,"password":""}