{"id":"gen9vgc2023regulationc-1850484649","p1":"plesiooo","p2":"jennjarrett","format":"[Gen 9] VGC 2023 Regulation C","log":"|j|\u2606plesiooo\n|j|\u2606jennjarrett\n|t:|1682341888\n|gametype|doubles\n|player|p1|plesiooo|riley|\n|player|p2|jennjarrett|169|\n|teamsize|p1|6\n|teamsize|p2|6\n|gen|9\n|tier|[Gen 9] VGC 2023 Regulation C\n|rule|Species Clause: Limit one of each Pok\u00e9mon\n|rule|Item Clause: Limit one of each item\n|clearpoke\n|poke|p1|Grimmsnarl, L50, M|\n|poke|p1|Gastrodon, L50, F|\n|poke|p1|Volcarona, L50, M|\n|poke|p1|Zoroark, L50, F|\n|poke|p1|Kilowattrel, L50, M|\n|poke|p1|Krookodile, L50, F|\n|poke|p2|Tyranitar, L50, M|\n|poke|p2|Rotom-Fan, L50|\n|poke|p2|Hariyama, L50, F|\n|poke|p2|Oinkologne-F, L50, F|\n|poke|p2|Hatterene, L50, F|\n|poke|p2|Houndstone, L50, M|\n|teampreview|4\n|inactive|Battle timer is ON: inactive players will automatically lose when time's up. (requested by plesiooo)\n|inactiveoff|Battle timer is now OFF.\nplesiooo rejected open team sheets.\n|c|\u2606jennjarrett|game 1\n|c|\u2606jennjarrett|I am here and ready for game 1!\n|c|\u2606plesiooo|Should i start timer\n|c|\u2606jennjarrett|you can if you want!\n|c|\u2606jennjarrett|GLHF!\n|inactive|Battle timer is ON: inactive players will automatically lose when time's up. (requested by plesiooo)\n|inactive|jennjarrett has 30 seconds left.\n|inactive|jennjarrett has 20 seconds left.\n|inactive|jennjarrett has 15 seconds left.\n|inactive|jennjarrett has 10 seconds left.\n|\n|t:|1682342107\n|start\n|switch|p1a: Grimmsnarl|Grimmsnarl, L50, M|100\/100\n|switch|p1b: Krookodile|Krookodile, L50, F|100\/100\n|switch|p2a: Cuddles|Tyranitar, L50, M|100\/100\n|switch|p2b: Bluster Buster|Rotom-Fan, L50|100\/100\n|-ability|p1b: Krookodile|Intimidate|boost\n|-unboost|p2a: Cuddles|atk|1\n|-unboost|p2b: Bluster Buster|atk|1\n|-weather|Sandstorm|[from] ability: Sand Stream|[of] p2a: Cuddles\n|turn|1\n|inactive|plesiooo has 30 seconds left.\n|\n|t:|1682342134\n|move|p2b: Bluster Buster|Helping Hand|p2a: Cuddles\n|-singleturn|p2a: Cuddles|Helping Hand|[of] p2b: Bluster Buster\n|move|p1a: Grimmsnarl|Parting Shot|p2a: Cuddles\n|-hint|Since gen 7, Dark is immune to Prankster moves.\n|-immune|p2a: Cuddles\n|move|p1b: Krookodile|Earthquake|p2a: Cuddles|[spread] p1a,p2a\n|-immune|p2b: Bluster Buster\n|-supereffective|p2a: Cuddles\n|-damage|p1a: Grimmsnarl|51\/100\n|-damage|p2a: Cuddles|43\/100\n|-enditem|p1a: Grimmsnarl|Red Card|[of] p1b: Krookodile\n|drag|p1b: Kilowattrel|Kilowattrel, L50, M|100\/100\n|move|p2a: Cuddles|Earthquake|p1b: Kilowattrel|[spread] p1a\n|-immune|p2b: Bluster Buster\n|-immune|p1b: Kilowattrel\n|-damage|p1a: Grimmsnarl|11\/100\n|\n|-weather|Sandstorm|[upkeep]\n|-damage|p1b: Kilowattrel|94\/100|[from] Sandstorm\n|-damage|p1a: Grimmsnarl|5\/100|[from] Sandstorm\n|upkeep\n|turn|2\n|inactive|plesiooo has 30 seconds left.\n|inactive|jennjarrett has 30 seconds left.\n|\n|t:|1682342163\n|move|p2b: Bluster Buster|Helping Hand|p2a: Cuddles\n|-singleturn|p2a: Cuddles|Helping Hand|[of] p2b: Bluster Buster\n|move|p1a: Grimmsnarl|Taunt|p2b: Bluster Buster\n|-start|p2b: Bluster Buster|move: Taunt\n|move|p1b: Kilowattrel|Thunderbolt|p2a: Cuddles\n|-damage|p2a: Cuddles|25\/100\n|move|p2a: Cuddles|Rock Slide|p1a: Grimmsnarl|[spread] p1a,p1b\n|-supereffective|p1b: Kilowattrel\n|-damage|p1a: Grimmsnarl|0 fnt\n|-damage|p1b: Kilowattrel|0 fnt\n|faint|p1a: Grimmsnarl\n|faint|p1b: Kilowattrel\n|\n|-weather|Sandstorm|[upkeep]\n|upkeep\n|\n|t:|1682342175\n|switch|p1b: Gastrodon|Gastrodon, L50, F|100\/100\n|switch|p1a: Krookodile|Krookodile, L50, F|100\/100\n|-ability|p1a: Krookodile|Intimidate|boost\n|-unboost|p2a: Cuddles|atk|1\n|-unboost|p2b: Bluster Buster|atk|1\n|turn|3\n|inactive|jennjarrett has 30 seconds left.\n|\n|t:|1682342205\n|-terastallize|p1a: Krookodile|Poison\n|move|p1a: Krookodile|Gunk Shot|p2a: Cuddles\n|-resisted|p2a: Cuddles\n|-damage|p2a: Cuddles|1\/100\n|move|p2b: Bluster Buster|Air Slash|p1a: Krookodile\n|-damage|p1a: Krookodile|55\/100\n|move|p2a: Cuddles|Brick Break|p1a: Krookodile\n|-resisted|p1a: Krookodile\n|-damage|p1a: Krookodile|46\/100\n|move|p1b: Gastrodon|Ice Beam|p2b: Bluster Buster\n|-supereffective|p2b: Bluster Buster\n|-damage|p2b: Bluster Buster|29\/100\n|\n|-weather|Sandstorm|[upkeep]\n|-damage|p1a: Krookodile|40\/100|[from] Sandstorm\n|upkeep\n|turn|4\n|\n|t:|1682342227\n|move|p1a: Krookodile|Gunk Shot|p2a: Cuddles\n|-resisted|p2a: Cuddles\n|-damage|p2a: Cuddles|0 fnt\n|faint|p2a: Cuddles\n|move|p2b: Bluster Buster|Thunderbolt|p1a: Krookodile\n|-damage|p1a: Krookodile|0 fnt\n|faint|p1a: Krookodile\n|move|p1b: Gastrodon|Ice Beam|p2b: Bluster Buster\n|-supereffective|p2b: Bluster Buster\n|-damage|p2b: Bluster Buster|0 fnt\n|faint|p2b: Bluster Buster\n|\n|-weather|Sandstorm|[upkeep]\n|upkeep\n|\n|t:|1682342239\n|switch|p2b: Houndstone|Houndstone, L50, M|100\/100\n|switch|p2a: Millinery|Hatterene, L50, F, shiny|100\/100\n|turn|5\n|\n|t:|1682342257\n|move|p2b: Houndstone|Last Respects|p1b: Gastrodon\n|-crit|p1b: Gastrodon\n|-damage|p1b: Gastrodon|0 fnt\n|faint|p1b: Gastrodon\n|\n|win|jennjarrett\n|c|\u2606jennjarrett|GGs! give me a second to save this!\n","uploadtime":1682342276,"views":31,"p1id":"plesiooo","p2id":"jennjarrett","formatid":"gen9vgc2023regulationc","rating":0,"private":0,"password":""}