{"id":"gen9vgc2023regulationc-1860388735","p1":"dhiaruga101","p2":"Th3D3b","format":"[Gen 9] VGC 2023 Regulation C","log":"|j|\u2606dhiaruga101\n|j|\u2606Th3D3b\n|t:|1683639809\n|gametype|doubles\n|player|p1|dhiaruga101|cynthia-gen4|1433\n|player|p2|Th3D3b|102|1434\n|teamsize|p1|6\n|teamsize|p2|6\n|gen|9\n|tier|[Gen 9] VGC 2023 Regulation C\n|rated|\n|rule|Species Clause: Limit one of each Pok\u00e9mon\n|rule|Item Clause: Limit one of each item\n|clearpoke\n|poke|p1|Palafin, L50, M|\n|poke|p1|Flutter Mane, L50|\n|poke|p1|Arcanine, L50, M|\n|poke|p1|Ting-Lu, L50|\n|poke|p1|Baxcalibur, L50, F|\n|poke|p1|Amoonguss, L50, F|\n|poke|p2|Rotom-Wash, L50|\n|poke|p2|Flutter Mane, L50|\n|poke|p2|Ceruledge, L50, M|\n|poke|p2|Talonflame, L50, M|\n|poke|p2|Chi-Yu, L50|\n|poke|p2|Chien-Pao, L50|\n|teampreview|4\n|inactive|Battle timer is ON: inactive players will automatically lose when time's up. (requested by Th3D3b)\n|inactive|dhiaruga101 has 60 seconds left.\n|inactive|Th3D3b has 60 seconds left.\n|inactive|dhiaruga101 has 30 seconds left.\n|\n|t:|1683639877\n|start\n|switch|p1a: Palafin|Palafin, L50, M, shiny|100\/100\n|switch|p1b: Flutter Mane|Flutter Mane, L50, shiny|100\/100\n|switch|p2a: Talonflame|Talonflame, L50, M|100\/100\n|switch|p2b: Flutter Mane|Flutter Mane, L50|100\/100\n|turn|1\n|inactive|dhiaruga101 has 30 seconds left.\n|inactive|Th3D3b has 30 seconds left.\n|inactive|dhiaruga101 has 20 seconds left.\n|\n|t:|1683639912\n|-end|p1b: Flutter Mane|Protosynthesis|[silent]\n|switch|p1b: Amoonguss|Amoonguss, L50, F, shiny|100\/100\n|move|p2a: Talonflame|Tailwind|p2a: Talonflame\n|-sidestart|p2: Th3D3b|move: Tailwind\n|move|p1a: Palafin|Jet Punch|p2a: Talonflame\n|-supereffective|p2a: Talonflame\n|-damage|p2a: Talonflame|36\/100\n|move|p2b: Flutter Mane|Shadow Ball|p1b: Amoonguss\n|-damage|p1b: Amoonguss|48\/100\n|-unboost|p1b: Amoonguss|spd|1\n|\n|upkeep\n|turn|2\n|inactive|Th3D3b has 30 seconds left.\n|\n|t:|1683639945\n|switch|p1b: Arcanine|Arcanine, L50, M, shiny|100\/100\n|-ability|p1b: Arcanine|Intimidate|boost\n|-unboost|p2a: Talonflame|atk|1\n|-unboost|p2b: Flutter Mane|atk|1\n|move|p1a: Palafin|Protect|p1a: Palafin\n|-singleturn|p1a: Palafin|Protect\n|move|p2a: Talonflame|Brave Bird|p1b: Arcanine\n|-damage|p1b: Arcanine|74\/100\n|-damage|p2a: Talonflame|27\/100|[from] Recoil\n|move|p2b: Flutter Mane|Shadow Ball|p1b: Arcanine\n|-damage|p1b: Arcanine|28\/100\n|\n|upkeep\n|turn|3\n|\n|t:|1683639970\n|switch|p2a: Rotom|Rotom-Wash, L50|100\/100\n|detailschange|p1a: Palafin|Palafin-Hero, L50, M, shiny\n|switch|p1a: Amoonguss|Amoonguss, L50, F, shiny|81\/100\n|move|p1b: Arcanine|Extreme Speed|p2a: Rotom\n|-damage|p2a: Rotom|79\/100\n|move|p2b: Flutter Mane|Shadow Ball|p1b: Arcanine\n|-damage|p1b: Arcanine|0 fnt\n|faint|p1b: Arcanine\n|\n|upkeep\n|\n|t:|1683639982\n|switch|p1b: Flutter Mane|Flutter Mane, L50, shiny|100\/100\n|turn|4\n|\n|t:|1683640002\n|move|p1a: Amoonguss|Rage Powder|p1a: Amoonguss\n|-singleturn|p1a: Amoonguss|move: Rage Powder\n|move|p2b: Flutter Mane|Shadow Ball|p1a: Amoonguss\n|-damage|p1a: Amoonguss|28\/100\n|move|p2a: Rotom|Volt Switch|p1a: Amoonguss\n|-resisted|p1a: Amoonguss\n|-damage|p1a: Amoonguss|15\/100\n|\n|t:|1683640011\n|switch|p2a: Talonflame|Talonflame, L50, M|27\/100|[from] Volt Switch\n|move|p1b: Flutter Mane|Shadow Ball|p2b: Flutter Mane\n|-supereffective|p2b: Flutter Mane\n|-damage|p2b: Flutter Mane|0 fnt\n|faint|p2b: Flutter Mane\n|-end|p2b: Flutter Mane|Protosynthesis|[silent]\n|\n|-sideend|p2: Th3D3b|move: Tailwind\n|upkeep\n|\n|t:|1683640023\n|switch|p2b: Ceruledge|Ceruledge, L50, M, shiny|100\/100\n|turn|5\n|\n|t:|1683640042\n|-terastallize|p2b: Ceruledge|Grass\n|move|p1a: Amoonguss|Rage Powder|p1a: Amoonguss\n|-singleturn|p1a: Amoonguss|move: Rage Powder\n|move|p1b: Flutter Mane|Shadow Ball|p2b: Ceruledge\n|-damage|p2b: Ceruledge|59\/100\n|move|p2a: Talonflame|Brave Bird|p1a: Amoonguss\n|-supereffective|p1a: Amoonguss\n|-damage|p1a: Amoonguss|0 fnt\n|-damage|p2a: Talonflame|11\/100|[from] item: Rocky Helmet|[of] p1a: Amoonguss\n|faint|p1a: Amoonguss\n|-damage|p2a: Talonflame|5\/100|[from] Recoil\n|move|p2b: Ceruledge|Bitter Blade|p1b: Flutter Mane\n|-damage|p1b: Flutter Mane|9\/100\n|-heal|p2b: Ceruledge|92\/100|[from] drain|[of] p1b: Flutter Mane\n|\n|upkeep\n|\n|t:|1683640054\n|switch|p1a: Palafin|Palafin-Hero, L50, M, shiny|100\/100\n|-activate|p1a: Palafin|ability: Zero to Hero\n|turn|6\n|\n|t:|1683640078\n|move|p1a: Palafin|Jet Punch|p2a: Talonflame\n|-supereffective|p2a: Talonflame\n|-damage|p2a: Talonflame|0 fnt\n|faint|p2a: Talonflame\n|move|p2b: Ceruledge|Shadow Sneak|p1b: Flutter Mane\n|-supereffective|p1b: Flutter Mane\n|-damage|p1b: Flutter Mane|0 fnt\n|faint|p1b: Flutter Mane\n|-end|p1b: Flutter Mane|Protosynthesis|[silent]\n|\n|upkeep\n|\n|t:|1683640084\n|switch|p2a: Rotom|Rotom-Wash, L50|79\/100\n|turn|7\n|-message|dhiaruga101 forfeited.\n|\n|win|Th3D3b\n|raw|dhiaruga101's rating: 1433 → 1413<\/strong> (-20 for losing)\n|raw|Th3D3b's rating: 1434 → 1454<\/strong> (+20 for winning)\n|l|\u2606dhiaruga101\n","uploadtime":1683640099,"views":8,"p1id":"dhiaruga101","p2id":"th3d3b","formatid":"gen9vgc2023regulationc","rating":1413,"private":0,"password":""}