{"id":"gen9vgc2023regulationc-1852107302","p1":"Hadrian1917","p2":"meiban","format":"[Gen 9] VGC 2023 Regulation C","log":"|j|\u2606Hadrian1917\n|j|\u2606meiban\n|t:|1682524709\n|gametype|doubles\n|player|p1|Hadrian1917|brock|1100\n|player|p2|meiban|skierf|1048\n|teamsize|p1|6\n|teamsize|p2|6\n|gen|9\n|tier|[Gen 9] VGC 2023 Regulation C\n|rated|\n|rule|Species Clause: Limit one of each Pok\u00e9mon\n|rule|Item Clause: Limit one of each item\n|clearpoke\n|poke|p1|Flutter Mane, L50|\n|poke|p1|Arcanine, L50, F|\n|poke|p1|Baxcalibur, L50, M|\n|poke|p1|Ting-Lu, L50|\n|poke|p1|Gyarados, L50, M|\n|poke|p1|Amoonguss, L50, F|\n|poke|p2|Dondozo, L50, M|\n|poke|p2|Tatsugiri, L50, M|\n|poke|p2|Azumarill, L50, F|\n|poke|p2|Gothitelle, L50, M|\n|poke|p2|Annihilape, L50, F|\n|poke|p2|Amoonguss, L50, M|\n|teampreview|4\n|\n|t:|1682524750\n|start\n|switch|p1a: Arcanine|Arcanine, L50, F|100\/100\n|switch|p1b: Baxcalibur|Baxcalibur, L50, M|100\/100\n|switch|p2a: Dondozo|Dondozo, L50, M|100\/100\n|switch|p2b: Tatsugiri|Tatsugiri, L50, M|100\/100\n|-activate|p2b: Tatsugiri|ability: Commander|[of] p2a: Dondozo\n|-boost|p2a: Dondozo|atk|2\n|-boost|p2a: Dondozo|spa|2\n|-boost|p2a: Dondozo|spe|2\n|-boost|p2a: Dondozo|def|2\n|-boost|p2a: Dondozo|spd|2\n|-ability|p1a: Arcanine|Intimidate|boost\n|-unboost|p2a: Dondozo|atk|1\n|-unboost|p2b: Tatsugiri|atk|1\n|turn|1\n|inactive|Battle timer is ON: inactive players will automatically lose when time's up. (requested by Hadrian1917)\n|\n|t:|1682524775\n|-terastallize|p1a: Arcanine|Flying\n|move|p1b: Baxcalibur|Protect|p1b: Baxcalibur\n|-singleturn|p1b: Baxcalibur|Protect\n|move|p1a: Arcanine|Will-O-Wisp|p2a: Dondozo\n|-status|p2a: Dondozo|brn\n|move|p2a: Dondozo|Earthquake|p1b: Baxcalibur|[spread] \n|-miss|p2a: Dondozo|p2b: Tatsugiri\n|-activate|p1b: Baxcalibur|move: Protect\n|-immune|p1a: Arcanine\n|\n|-damage|p2a: Dondozo|94\/100 brn|[from] brn\n|upkeep\n|turn|2\n|inactive|Hadrian1917 has 30 seconds left.\n|inactive|meiban has 30 seconds left.\n|\n|t:|1682524804\n|switch|p1a: Gyarados|Gyarados, L50, M|100\/100\n|-ability|p1a: Gyarados|Intimidate|boost\n|-unboost|p2a: Dondozo|atk|1\n|-unboost|p2b: Tatsugiri|atk|1\n|move|p1b: Baxcalibur|Icicle Crash|p2a: Dondozo\n|-resisted|p2a: Dondozo\n|-damage|p2a: Dondozo|86\/100 brn\n|move|p2a: Dondozo|Wave Crash|p1b: Baxcalibur\n|-resisted|p1b: Baxcalibur\n|-damage|p1b: Baxcalibur|89\/100\n|-damage|p2a: Dondozo|82\/100 brn|[from] Recoil\n|\n|-heal|p2a: Dondozo|89\/100 brn|[from] item: Leftovers\n|-damage|p2a: Dondozo|82\/100 brn|[from] brn\n|upkeep\n|turn|3\n|\n|t:|1682524825\n|switch|p1b: Arcanine|Arcanine, L50, F, tera:Flying|100\/100\n|-ability|p1b: Arcanine|Intimidate|boost\n|-unboost|p2a: Dondozo|atk|1\n|-unboost|p2b: Tatsugiri|atk|1\n|move|p2a: Dondozo|Wave Crash|p1a: Gyarados\n|-resisted|p1a: Gyarados\n|-damage|p1a: Gyarados|91\/100\n|-damage|p2a: Dondozo|80\/100 brn|[from] Recoil\n|move|p1a: Gyarados|Taunt|p2a: Dondozo\n|-start|p2a: Dondozo|move: Taunt\n|\n|-heal|p2a: Dondozo|86\/100 brn|[from] item: Leftovers\n|-damage|p2a: Dondozo|80\/100 brn|[from] brn\n|upkeep\n|turn|4\n|\n|t:|1682524849\n|switch|p1a: Baxcalibur|Baxcalibur, L50, M|89\/100\n|move|p1b: Arcanine|Howl|p1b: Arcanine|[spread] p1a,p1b\n|-boost|p1a: Baxcalibur|atk|1\n|-boost|p1b: Arcanine|atk|1\n|move|p2a: Dondozo|Wave Crash|p1b: Arcanine\n|-damage|p1b: Arcanine|82\/100\n|-damage|p2a: Dondozo|74\/100 brn|[from] Recoil\n|\n|-heal|p2a: Dondozo|81\/100 brn|[from] item: Leftovers\n|-damage|p2a: Dondozo|74\/100 brn|[from] brn\n|upkeep\n|turn|5\n|-message|meiban forfeited.\n|\n|win|Hadrian1917\n|raw|Hadrian1917's rating: 1100 → 1121<\/strong> (+21 for winning)\n|raw|meiban's rating: 1048 → 1033<\/strong> (-15 for losing)\n|l|\u2606meiban\n","uploadtime":1682525281,"views":8,"p1id":"hadrian1917","p2id":"meiban","formatid":"gen9vgc2023regulationc","rating":1033,"private":0,"password":""}