{"id":"gen9vgc2023regulationc-1855359837","p1":"ShortbreadDread","p2":"rikysama","format":"[Gen 9] VGC 2023 Regulation C","log":"|j|\u2606ShortbreadDread\n|j|\u2606rikysama\n|t:|1682942803\n|gametype|doubles\n|player|p1|ShortbreadDread|dancer|1430\n|player|p2|rikysama|lucas|1514\n|teamsize|p1|6\n|teamsize|p2|6\n|gen|9\n|tier|[Gen 9] VGC 2023 Regulation C\n|rated|\n|rule|Species Clause: Limit one of each Pok\u00e9mon\n|rule|Item Clause: Limit one of each item\n|clearpoke\n|poke|p1|Chi-Yu, L50|\n|poke|p1|Flutter Mane, L50|\n|poke|p1|Amoonguss, L50, M|\n|poke|p1|Ceruledge, L50, F|\n|poke|p1|Iron Hands, L50|\n|poke|p1|Iron Bundle, L50|\n|poke|p2|Chi-Yu, L50|\n|poke|p2|Iron Hands, L50|\n|poke|p2|Amoonguss, L50, M|\n|poke|p2|Flutter Mane, L50|\n|poke|p2|Gyarados, L50, M|\n|poke|p2|Bronzong, L50|\n|teampreview|4\n|inactive|Battle timer is ON: inactive players will automatically lose when time's up. (requested by ShortbreadDread)\nrikysama has agreed to open team sheets.\n|inactive|rikysama has 60 seconds left.\n|\n|t:|1682942854\n|start\n|switch|p1a: Iron Hands|Iron Hands, L50|100\/100\n|switch|p1b: Maria Beetle|Flutter Mane, L50, shiny|100\/100\n|switch|p2a: Iron Hands|Iron Hands, L50|100\/100\n|switch|p2b: Amoonguss|Amoonguss, L50, M|100\/100\n|turn|1\n|inactive|ShortbreadDread has 30 seconds left.\n|\n|t:|1682942880\n|-terastallize|p2a: Iron Hands|Fire\n|move|p1a: Iron Hands|Fake Out|p2b: Amoonguss\n|-damage|p2b: Amoonguss|89\/100\n|move|p1b: Maria Beetle|Moonblast|p2a: Iron Hands\n|-resisted|p2a: Iron Hands\n|-damage|p2a: Iron Hands|74\/100\n|-unboost|p2a: Iron Hands|spa|1\n|move|p2a: Iron Hands|Swords Dance|p2a: Iron Hands\n|-boost|p2a: Iron Hands|atk|2\n|cant|p2b: Amoonguss|flinch\n|\n|upkeep\n|turn|2\n|\n|t:|1682942903\n|-end|p1b: Maria Beetle|Protosynthesis|[silent]\n|switch|p1b: Nanao|Chi-Yu, L50|100\/100\n|-ability|p1b: Nanao|Beads of Ruin\n|move|p2a: Iron Hands|Thunder Punch|p1b: Nanao\n|-damage|p1b: Nanao|0 fnt\n|faint|p1b: Nanao\n|move|p1a: Iron Hands|Wild Charge|p2a: Iron Hands\n|-damage|p2a: Iron Hands|38\/100\n|-damage|p1a: Iron Hands|91\/100|[from] Recoil\n|move|p2b: Amoonguss|Spore|p1a: Iron Hands\n|-status|p1a: Iron Hands|slp|[from] move: Spore\n|\n|upkeep\n|\n|t:|1682942911\n|switch|p1b: Fiji|Iron Bundle, L50|100\/100\n|-enditem|p1b: Fiji|Booster Energy\n|-activate|p1b: Fiji|ability: Quark Drive|[fromitem]\n|-start|p1b: Fiji|quarkdrivespe\n|turn|3\n|\n|t:|1682942921\n|move|p1b: Fiji|Protect|p1b: Fiji\n|-singleturn|p1b: Fiji|Protect\n|move|p2b: Amoonguss|Rage Powder|p2b: Amoonguss\n|-singleturn|p2b: Amoonguss|move: Rage Powder\n|move|p2a: Iron Hands|Thunder Punch|p1b: Fiji\n|-activate|p1b: Fiji|move: Protect\n|cant|p1a: Iron Hands|slp\n|\n|upkeep\n|turn|4\n|\n|t:|1682942937\n|-terastallize|p1b: Fiji|Ice\n|move|p2b: Amoonguss|Rage Powder|p2b: Amoonguss\n|-singleturn|p2b: Amoonguss|move: Rage Powder\n|move|p1b: Fiji|Freeze-Dry|p2b: Amoonguss\n|-supereffective|p2b: Amoonguss\n|-damage|p2b: Amoonguss|20\/100\n|-enditem|p2b: Amoonguss|Sitrus Berry|[eat]\n|-heal|p2b: Amoonguss|45\/100|[from] item: Sitrus Berry\n|move|p2a: Iron Hands|Thunder Punch|p1b: Fiji\n|-damage|p1b: Fiji|15\/100\n|cant|p1a: Iron Hands|slp\n|\n|upkeep\n|turn|5\n|inactive|rikysama has 30 seconds left.\n|\n|t:|1682942968\n|move|p1b: Fiji|Protect|p1b: Fiji\n|-singleturn|p1b: Fiji|Protect\n|move|p2b: Amoonguss|Rage Powder|p2b: Amoonguss\n|-singleturn|p2b: Amoonguss|move: Rage Powder\n|move|p2a: Iron Hands|Drain Punch|p1a: Iron Hands\n|-damage|p1a: Iron Hands|41\/100 slp\n|-heal|p2a: Iron Hands|62\/100|[from] drain|[of] p1a: Iron Hands\n|-curestatus|p1a: Iron Hands|slp|[msg]\n|move|p1a: Iron Hands|Wild Charge|p2b: Amoonguss\n|-resisted|p2b: Amoonguss\n|-damage|p2b: Amoonguss|24\/100\n|-damage|p1a: Iron Hands|36\/100|[from] Recoil\n|\n|upkeep\n|turn|6\n|\n|t:|1682942983\n|move|p2b: Amoonguss|Rage Powder|p2b: Amoonguss\n|-singleturn|p2b: Amoonguss|move: Rage Powder\n|move|p1b: Fiji|Icy Wind|p2b: Amoonguss|[spread] p2b\n|-miss|p1b: Fiji|p2a: Iron Hands\n|-supereffective|p2b: Amoonguss\n|-damage|p2b: Amoonguss|0 fnt\n|faint|p2b: Amoonguss\n|move|p2a: Iron Hands|Thunder Punch|p1b: Fiji\n|-damage|p1b: Fiji|0 fnt\n|faint|p1b: Fiji\n|-end|p1b: Fiji|Quark Drive|[silent]\n|move|p1a: Iron Hands|Wild Charge|p2a: Iron Hands\n|-damage|p2a: Iron Hands|30\/100\n|-damage|p1a: Iron Hands|28\/100|[from] Recoil\n|\n|upkeep\n|\n|t:|1682942995\n|switch|p1b: Maria Beetle|Flutter Mane, L50, shiny|100\/100\n|switch|p2b: Flutter Mane|Flutter Mane, L50|100\/100\n|-enditem|p2b: Flutter Mane|Booster Energy\n|-activate|p2b: Flutter Mane|ability: Protosynthesis|[fromitem]\n|-start|p2b: Flutter Mane|protosynthesisspa\n|turn|7\n|\n|t:|1682943008\n|move|p2b: Flutter Mane|Dazzling Gleam|p1b: Maria Beetle|[spread] p1a,p1b\n|-supereffective|p1a: Iron Hands\n|-damage|p1a: Iron Hands|0 fnt\n|-damage|p1b: Maria Beetle|65\/100\n|faint|p1a: Iron Hands\n|-end|p1a: Iron Hands|Quark Drive|[silent]\n|move|p1b: Maria Beetle|Shadow Ball|p2a: Iron Hands\n|-damage|p2a: Iron Hands|0 fnt\n|faint|p2a: Iron Hands\n|-end|p2a: Iron Hands|Quark Drive|[silent]\n|\n|upkeep\n|\n|t:|1682943016\n|switch|p2a: Chi-Yu|Chi-Yu, L50|100\/100\n|-ability|p2a: Chi-Yu|Beads of Ruin\n|turn|8\n|\n|t:|1682943021\n|move|p2b: Flutter Mane|Shadow Ball|p1b: Maria Beetle\n|-supereffective|p1b: Maria Beetle\n|-damage|p1b: Maria Beetle|0 fnt\n|faint|p1b: Maria Beetle\n|-end|p1b: Maria Beetle|Protosynthesis|[silent]\n|\n|win|rikysama\n|raw|ShortbreadDread's rating: 1430 → 1415<\/strong> (-15 for losing)\n|raw|rikysama's rating: 1514 → 1529<\/strong> (+15 for winning)\n|l|\u2606rikysama\n","uploadtime":1682943042,"views":16,"p1id":"shortbreaddread","p2id":"rikysama","formatid":"gen9vgc2023regulationc","rating":1415,"private":0,"password":""}