{"id":"gen9vgc2023regulationc-1852924893","p1":"haha u rage quit","p2":"Null66","format":"[Gen 9] VGC 2023 Regulation C","log":"|j|\u2606haha u rage quit\n|j|\u2606Null66\n|t:|1682617771\n|gametype|doubles\n|player|p1|haha u rage quit|pokemaniac|1434\n|player|p2|Null66|winona|1350\n|teamsize|p1|6\n|teamsize|p2|6\n|gen|9\n|tier|[Gen 9] VGC 2023 Regulation C\n|rated|\n|rule|Species Clause: Limit one of each Pok\u00e9mon\n|rule|Item Clause: Limit one of each item\n|clearpoke\n|poke|p1|Flutter Mane, L50|\n|poke|p1|Iron Hands, L50|\n|poke|p1|Iron Bundle, L50|\n|poke|p1|Torkoal, L50, M|\n|poke|p1|Klefki, L50, M|\n|poke|p1|Corviknight, L50, M|\n|poke|p2|Dragonite, L50, M|\n|poke|p2|Scizor, L50, M|\n|poke|p2|Chi-Yu, L50|\n|poke|p2|Iron Bundle, L50|\n|poke|p2|Ting-Lu, L50|\n|poke|p2|Gyarados, L50, F|\n|teampreview|4\n|inactive|Battle timer is ON: inactive players will automatically lose when time's up. (requested by Null66)\n|inactive|haha u rage quit has 60 seconds left.\n|inactive|Null66 has 60 seconds left.\n|\n|t:|1682617813\n|start\n|switch|p1a: Klefki|Klefki, L50, M|100\/100\n|switch|p1b: Iron Hands|Iron Hands, L50, shiny|100\/100\n|switch|p2a: Ting-Lu|Ting-Lu, L50|100\/100\n|switch|p2b: Gyarados|Gyarados, L50, F|100\/100\n|-ability|p2b: Gyarados|Intimidate|boost\n|-unboost|p1a: Klefki|atk|1\n|-unboost|p1b: Iron Hands|atk|1\n|-ability|p2a: Ting-Lu|Vessel of Ruin\n|turn|1\n|inactive|haha u rage quit has 30 seconds left.\n|inactive|Null66 has 30 seconds left.\n|inactive|Null66 has 20 seconds left.\n|inactive|Null66 has 15 seconds left.\n|\n|t:|1682617857\n|-terastallize|p2a: Ting-Lu|Poison\n|move|p2b: Gyarados|Protect|p2b: Gyarados\n|-singleturn|p2b: Gyarados|Protect\n|move|p2a: Ting-Lu|Sand Tomb|p1b: Iron Hands\n|-supereffective|p1b: Iron Hands\n|-damage|p1b: Iron Hands|80\/100\n|-activate|p1b: Iron Hands|move: Sand Tomb|[of] p2a: Ting-Lu\n|move|p1b: Iron Hands|Swords Dance|p1b: Iron Hands\n|-boost|p1b: Iron Hands|atk|2\n|move|p1a: Klefki|Trick Room|p1a: Klefki\n|-fieldstart|move: Trick Room|[of] p1a: Klefki\n|\n|-damage|p1b: Iron Hands|67\/100|[from] move: Sand Tomb|[partiallytrapped]\n|upkeep\n|turn|2\n|inactive|Null66 has 30 seconds left.\n|inactive|Null66 has 20 seconds left.\n|inactive|Null66 has 15 seconds left.\n|inactive|Null66 has 10 seconds left.\n|\n|t:|1682617906\n|switch|p2b: Chi-Yu|Chi-Yu, L50|100\/100\n|-ability|p2b: Chi-Yu|Beads of Ruin\n|move|p1a: Klefki|Reflect|p1a: Klefki\n|-sidestart|p1: haha u rage quit|Reflect\n|move|p1b: Iron Hands|Thunder Punch|p2b: Chi-Yu\n|-damage|p2b: Chi-Yu|4\/100\n|move|p2a: Ting-Lu|Stomping Tantrum|p1b: Iron Hands\n|-supereffective|p1b: Iron Hands\n|-damage|p1b: Iron Hands|39\/100\n|-enditem|p1b: Iron Hands|Sitrus Berry|[eat]\n|-heal|p1b: Iron Hands|64\/100|[from] item: Sitrus Berry\n|\n|-damage|p1b: Iron Hands|51\/100|[from] move: Sand Tomb|[partiallytrapped]\n|upkeep\n|turn|3\n|inactive|haha u rage quit has 30 seconds left.\n|\n|t:|1682617932\n|move|p2b: Chi-Yu|Protect|p2b: Chi-Yu\n|-singleturn|p2b: Chi-Yu|Protect\n|move|p1a: Klefki|Light Screen|p1a: Klefki\n|-sidestart|p1: haha u rage quit|move: Light Screen\n|move|p1b: Iron Hands|Swords Dance|p1b: Iron Hands\n|-boost|p1b: Iron Hands|atk|2\n|move|p2a: Ting-Lu|Stomping Tantrum|p1b: Iron Hands\n|-supereffective|p1b: Iron Hands\n|-damage|p1b: Iron Hands|21\/100\n|\n|-damage|p1b: Iron Hands|9\/100|[from] move: Sand Tomb|[partiallytrapped]\n|upkeep\n|turn|4\n|inactive|Null66 has 30 seconds left.\n|inactive|Null66 has 20 seconds left.\n|\n|t:|1682617968\n|move|p1b: Iron Hands|Drain Punch|p2a: Ting-Lu\n|-resisted|p2a: Ting-Lu\n|-damage|p2a: Ting-Lu|70\/100\n|-heal|p1b: Iron Hands|24\/100|[from] drain|[of] p2a: Ting-Lu\n|move|p2a: Ting-Lu|Stomping Tantrum|p1a: Klefki\n|-supereffective|p1a: Klefki\n|-damage|p1a: Klefki|57\/100\n|move|p1a: Klefki|Dazzling Gleam|p2a: Ting-Lu|[spread] p2a,p2b\n|-resisted|p2a: Ting-Lu\n|-damage|p2a: Ting-Lu|66\/100\n|-damage|p2b: Chi-Yu|0 fnt\n|faint|p2b: Chi-Yu\n|\n|-damage|p1b: Iron Hands|12\/100|[from] move: Sand Tomb|[partiallytrapped]\n|upkeep\n|\n|t:|1682617982\n|switch|p2b: Gyarados|Gyarados, L50, F|100\/100\n|-ability|p2b: Gyarados|Intimidate|boost\n|-unboost|p1a: Klefki|atk|1\n|-unboost|p1b: Iron Hands|atk|1\n|turn|5\n|inactive|haha u rage quit has 30 seconds left.\n|inactive|Null66 has 30 seconds left.\n|inactive|haha u rage quit has 20 seconds left.\n|\n|t:|1682618021\n|move|p1b: Iron Hands|Thunder Punch|p2a: Ting-Lu\n|-damage|p2a: Ting-Lu|18\/100\n|move|p2a: Ting-Lu|Stomping Tantrum|p1b: Iron Hands\n|-supereffective|p1b: Iron Hands\n|-damage|p1b: Iron Hands|0 fnt\n|faint|p1b: Iron Hands\n|-end|p1b: Iron Hands|Quark Drive|[silent]\n|move|p1a: Klefki|Dazzling Gleam|p2b: Gyarados|[spread] p2a,p2b\n|-resisted|p2a: Ting-Lu\n|-damage|p2a: Ting-Lu|15\/100\n|-damage|p2b: Gyarados|92\/100\n|move|p2b: Gyarados|Dragon Dance|p2b: Gyarados\n|-boost|p2b: Gyarados|atk|1\n|-boost|p2b: Gyarados|spe|1\n|\n|-fieldend|move: Trick Room\n|upkeep\n|\n|t:|1682618040\n|switch|p1b: Torkoal|Torkoal, L50, M|100\/100\n|-weather|SunnyDay|[from] ability: Drought|[of] p1b: Torkoal\n|turn|6\n|\n|t:|1682618060\n|move|p1b: Torkoal|Protect|p1b: Torkoal\n|-singleturn|p1b: Torkoal|Protect\n|move|p2b: Gyarados|Waterfall|p1b: Torkoal\n|-activate|p1b: Torkoal|move: Protect\n|move|p2a: Ting-Lu|Stomping Tantrum|p1b: Torkoal\n|-activate|p1b: Torkoal|move: Protect\n|move|p1a: Klefki|Trick Room|p1a: Klefki\n|-fieldstart|move: Trick Room|[of] p1a: Klefki\n|\n|-weather|SunnyDay|[upkeep]\n|upkeep\n|turn|7\n|inactive|Null66 has 30 seconds left.\n|\n|t:|1682618092\n|move|p1b: Torkoal|Eruption|p2b: Gyarados|[spread] p2a,p2b\n|-resisted|p2b: Gyarados\n|-crit|p2b: Gyarados\n|-damage|p2a: Ting-Lu|0 fnt\n|-damage|p2b: Gyarados|65\/100\n|faint|p2a: Ting-Lu\n|move|p1a: Klefki|Dazzling Gleam|p2b: Gyarados\n|-damage|p2b: Gyarados|50\/100\n|-enditem|p2b: Gyarados|Sitrus Berry|[eat]\n|-heal|p2b: Gyarados|75\/100|[from] item: Sitrus Berry\n|move|p2b: Gyarados|Waterfall|p1b: Torkoal\n|-supereffective|p1b: Torkoal\n|-damage|p1b: Torkoal|75\/100\n|\n|-weather|SunnyDay|[upkeep]\n|-heal|p1b: Torkoal|81\/100|[from] item: Leftovers\n|upkeep\n|\n|t:|1682618108\n|switch|p2a: Iron Bundle|Iron Bundle, L50, shiny|100\/100\n|-enditem|p2a: Iron Bundle|Booster Energy\n|-activate|p2a: Iron Bundle|ability: Quark Drive|[fromitem]\n|-start|p2a: Iron Bundle|quarkdrivespe\n|turn|8\n|inactive|Null66 has 30 seconds left.\n|inactive|Null66 has 20 seconds left.\n|\n|t:|1682618144\n|-terastallize|p1b: Torkoal|Flying\n|move|p2a: Iron Bundle|Protect|p2a: Iron Bundle\n|-singleturn|p2a: Iron Bundle|Protect\n|move|p1b: Torkoal|Eruption|p2a: Iron Bundle|[spread] p2b\n|-activate|p2a: Iron Bundle|move: Protect\n|-resisted|p2b: Gyarados\n|-damage|p2b: Gyarados|56\/100\n|move|p1a: Klefki|Dazzling Gleam|p2a: Iron Bundle|[spread] p2b\n|-activate|p2a: Iron Bundle|move: Protect\n|-damage|p2b: Gyarados|45\/100\n|move|p2b: Gyarados|Thunder Wave|p1b: Torkoal\n|-status|p1b: Torkoal|par\n|\n|-weather|SunnyDay|[upkeep]\n|-heal|p1b: Torkoal|87\/100 par|[from] item: Leftovers\n|upkeep\n|turn|9\n|inactive|Null66 has 30 seconds left.\n|inactive|Null66 has 20 seconds left.\n|inactive|Null66 has 15 seconds left.\n|inactive|Null66 has 10 seconds left.\n|\n|t:|1682618192\n|move|p1b: Torkoal|Eruption|p2a: Iron Bundle|[spread] p2a,p2b\n|-resisted|p2b: Gyarados\n|-damage|p2a: Iron Bundle|21\/100\n|-damage|p2b: Gyarados|26\/100\n|move|p1a: Klefki|Dazzling Gleam|p2a: Iron Bundle|[spread] p2a,p2b\n|-damage|p2a: Iron Bundle|0 fnt\n|-damage|p2b: Gyarados|14\/100\n|faint|p2a: Iron Bundle\n|-end|p2a: Iron Bundle|Quark Drive|[silent]\n|move|p2b: Gyarados|Waterfall|p1a: Klefki\n|-damage|p1a: Klefki|39\/100\n|\n|-weather|SunnyDay|[upkeep]\n|-heal|p1b: Torkoal|94\/100 par|[from] item: Leftovers\n|-sideend|p1: haha u rage quit|Reflect\n|upkeep\n|turn|10\n|\n|t:|1682618213\n|cant|p1b: Torkoal|par\n|move|p1a: Klefki|Dazzling Gleam|p2b: Gyarados\n|-damage|p2b: Gyarados|0 fnt\n|faint|p2b: Gyarados\n|\n|win|haha u rage quit\n|raw|haha u rage quit's rating: 1434 → 1449<\/strong> (+15 for winning)\n|raw|Null66's rating: 1350 → 1335<\/strong> (-15 for losing)\n|l|\u2606Null66\n","uploadtime":1682618225,"views":6,"p1id":"hahauragequit","p2id":"null66","formatid":"gen9vgc2023regulationc","rating":1335,"private":0,"password":""}