{"id":"gen9vgc2023regulationc-1863578691","p1":"IOnce8Cheese","p2":"pxzr","format":"[Gen 9] VGC 2023 Regulation C","log":"|j|\u2606IOnce8Cheese\n|j|\u2606pxzr\n|t:|1684037264\n|gametype|doubles\n|player|p1|IOnce8Cheese|lucas|1323\n|player|p2|pxzr|hugh|1300\n|teamsize|p1|6\n|teamsize|p2|6\n|gen|9\n|tier|[Gen 9] VGC 2023 Regulation C\n|rated|\n|rule|Species Clause: Limit one of each Pok\u00e9mon\n|rule|Item Clause: Limit one of each item\n|clearpoke\n|poke|p1|Chien-Pao, L50|\n|poke|p1|Arcanine, L50, M|\n|poke|p1|Iron Bundle, L50|\n|poke|p1|Flutter Mane, L50|\n|poke|p1|Corviknight, L50, M|\n|poke|p1|Great Tusk, L50|\n|poke|p2|Torkoal, L50, F|\n|poke|p2|Jumpluff, L50, M|\n|poke|p2|Chien-Pao, L50|\n|poke|p2|Flutter Mane, L50|\n|poke|p2|Arcanine, L50, M|\n|poke|p2|Great Tusk, L50|\n|teampreview|4\n|l|\u2606pxzr\n|player|p2|\n|inactive|Battle timer is ON: inactive players will automatically lose when time's up. (requested by IOnce8Cheese)\n|j|\u2606pxzr\n|inactive|pxzr reconnected and has 90 seconds left.\n|player|p2|pxzr|hugh\n|\n|t:|1684037321\n|start\n|switch|p1a: Iron Bundle|Iron Bundle, L50|100\/100\n|switch|p1b: Arcanine|Arcanine, L50, M|100\/100\n|switch|p2a: Torkoal|Torkoal, L50, F|100\/100\n|switch|p2b: Jumpluff|Jumpluff, L50, M|100\/100\n|-ability|p1b: Arcanine|Intimidate|boost\n|-unboost|p2a: Torkoal|atk|1\n|-enditem|p2a: Torkoal|Eject Pack\n|-unboost|p2b: Jumpluff|atk|1\n|\n|t:|1684037337\n|switch|p2a: Flutter Mane|Flutter Mane, L50|100\/100\n|-enditem|p1a: Iron Bundle|Booster Energy\n|-activate|p1a: Iron Bundle|ability: Quark Drive|[fromitem]\n|-start|p1a: Iron Bundle|quarkdrivespe\n|turn|1\n|\n|t:|1684037357\n|switch|p2b: Torkoal|Torkoal, L50, F|100\/100\n|-weather|SunnyDay|[from] ability: Drought|[of] p2b: Torkoal\n|-activate|p2a: Flutter Mane|ability: Protosynthesis\n|-start|p2a: Flutter Mane|protosynthesisspa\n|switch|p1b: Corviknight|Corviknight, L50, M|100\/100\n|move|p1a: Iron Bundle|Freeze-Dry|p2b: Torkoal\n|-resisted|p2b: Torkoal\n|-damage|p2b: Torkoal|83\/100\n|move|p2a: Flutter Mane|Shadow Ball|p1b: Corviknight\n|-damage|p1b: Corviknight|9\/100\n|\n|-weather|SunnyDay|[upkeep]\n|upkeep\n|turn|2\n|inactive|IOnce8Cheese has 30 seconds left.\n|\n|t:|1684037392\n|switch|p1b: Arcanine|Arcanine, L50, M|100\/100\n|-ability|p1b: Arcanine|Intimidate|boost\n|-unboost|p2a: Flutter Mane|atk|1\n|-unboost|p2b: Torkoal|atk|1\n|move|p1a: Iron Bundle|Protect|p1a: Iron Bundle\n|-singleturn|p1a: Iron Bundle|Protect\n|move|p2a: Flutter Mane|Shadow Ball|p1a: Iron Bundle\n|-activate|p1a: Iron Bundle|move: Protect\n|move|p2b: Torkoal|Overheat|p1b: Arcanine\n|-resisted|p1b: Arcanine\n|-damage|p1b: Arcanine|64\/100\n|-unboost|p2b: Torkoal|spa|2\n|\n|-weather|SunnyDay|[upkeep]\n|upkeep\n|turn|3\n|\n|t:|1684037413\n|switch|p2b: Jumpluff|Jumpluff, L50, M|100\/100\n|move|p1b: Arcanine|Protect|p1b: Arcanine\n|-singleturn|p1b: Arcanine|Protect\n|move|p1a: Iron Bundle|Hydro Pump|p2b: Jumpluff|[miss]\n|-miss|p1a: Iron Bundle|p2b: Jumpluff\n|move|p2a: Flutter Mane|Shadow Ball|p1a: Iron Bundle\n|-damage|p1a: Iron Bundle|0 fnt\n|faint|p1a: Iron Bundle\n|-end|p1a: Iron Bundle|Quark Drive|[silent]\n|\n|-weather|SunnyDay|[upkeep]\n|upkeep\n|\n|t:|1684037428\n|switch|p1a: Chien-Pao|Chien-Pao, L50|100\/100\n|-ability|p1a: Chien-Pao|Sword of Ruin\n|turn|4\n|\n|t:|1684037449\n|-terastallize|p2a: Flutter Mane|Fairy\n|-terastallize|p1b: Arcanine|Normal\n|move|p2b: Jumpluff|Tailwind|p2b: Jumpluff\n|-sidestart|p2: pxzr|move: Tailwind\n|move|p2a: Flutter Mane|Shadow Ball|p1b: Arcanine\n|-immune|p1b: Arcanine\n|move|p1a: Chien-Pao|Ice Spinner|p2b: Jumpluff\n|-supereffective|p2b: Jumpluff\n|-damage|p2b: Jumpluff|0 fnt\n|faint|p2b: Jumpluff\n|move|p1b: Arcanine|Flare Blitz|p2a: Flutter Mane\n|-damage|p2a: Flutter Mane|0 fnt\n|faint|p2a: Flutter Mane\n|-end|p2a: Flutter Mane|Protosynthesis|[silent]\n|-damage|p1b: Arcanine|42\/100|[from] Recoil\n|\n|-weather|SunnyDay|[upkeep]\n|upkeep\n|\n|t:|1684037458\n|switch|p2b: Torkoal|Torkoal, L50, F|83\/100\n|switch|p2a: Chien-Pao|Chien-Pao, L50|100\/100\n|-ability|p2a: Chien-Pao|Sword of Ruin\n|turn|5\n|inactive|IOnce8Cheese has 30 seconds left.\n|\n|t:|1684037483\n|move|p2a: Chien-Pao|Protect|p2a: Chien-Pao\n|-singleturn|p2a: Chien-Pao|Protect\n|move|p1b: Arcanine|Protect|p1b: Arcanine\n|-singleturn|p1b: Arcanine|Protect\n|move|p1a: Chien-Pao|Sacred Sword|p2a: Chien-Pao\n|-activate|p2a: Chien-Pao|move: Protect\n|move|p2b: Torkoal|Overheat|p1b: Arcanine\n|-activate|p1b: Arcanine|move: Protect\n|\n|-weather|none\n|upkeep\n|turn|6\n|\n|t:|1684037503\n|move|p1b: Arcanine|Extreme Speed|p2b: Torkoal\n|-damage|p2b: Torkoal|44\/100\n|move|p2a: Chien-Pao|Sacred Sword|p1b: Arcanine\n|-supereffective|p1b: Arcanine\n|-damage|p1b: Arcanine|0 fnt\n|faint|p1b: Arcanine\n|move|p1a: Chien-Pao|Sacred Sword|p2a: Chien-Pao\n|-supereffective|p2a: Chien-Pao\n|-enditem|p2a: Chien-Pao|Focus Sash\n|-damage|p2a: Chien-Pao|1\/100\n|move|p2b: Torkoal|Overheat|p1a: Chien-Pao\n|-supereffective|p1a: Chien-Pao\n|-enditem|p1a: Chien-Pao|Focus Sash\n|-damage|p1a: Chien-Pao|1\/100\n|-unboost|p2b: Torkoal|spa|2\n|\n|upkeep\n|\n|t:|1684037519\n|switch|p1b: Corviknight|Corviknight, L50, M|9\/100\n|turn|7\n|inactive|pxzr has 30 seconds left.\n|inactive|IOnce8Cheese has 30 seconds left.\n|inactive|IOnce8Cheese has 20 seconds left.\n|inactive|pxzr has 20 seconds left.\n|\n|t:|1684037563\n|move|p2a: Chien-Pao|Protect|p2a: Chien-Pao\n|-singleturn|p2a: Chien-Pao|Protect\n|move|p1a: Chien-Pao|Protect|p1a: Chien-Pao\n|-singleturn|p1a: Chien-Pao|Protect\n|move|p1b: Corviknight|Brave Bird|p2b: Torkoal\n|-damage|p2b: Torkoal|0 fnt\n|faint|p2b: Torkoal\n|-damage|p1b: Corviknight|0 fnt|[from] Recoil\n|faint|p1b: Corviknight\n|\n|-sideend|p2: pxzr|move: Tailwind\n|upkeep\n|turn|8\n|\n|t:|1684037580\n|move|p1a: Chien-Pao|Sucker Punch|p2a: Chien-Pao\n|-resisted|p2a: Chien-Pao\n|-damage|p2a: Chien-Pao|0 fnt\n|faint|p2a: Chien-Pao\n|\n|win|IOnce8Cheese\n|raw|IOnce8Cheese's rating: 1323 → 1342<\/strong> (+19 for winning)\n|raw|pxzr's rating: 1300 → 1277<\/strong> (-23 for losing)\n|l|\u2606pxzr\n","uploadtime":1684037607,"views":12,"p1id":"ionce8cheese","p2id":"pxzr","formatid":"gen9vgc2023regulationc","rating":1277,"private":0,"password":""}