{"id":"gen9vgc2023regulationc-1859458071","p1":"firejune","p2":"Profkoji","format":"[Gen 9] VGC 2023 Regulation C","log":"|j|\u2606firejune\n|j|\u2606Profkoji\n|t:|1683471134\n|gametype|doubles\n|player|p1|firejune|102|1410\n|player|p2|Profkoji|1|1339\n|teamsize|p1|6\n|teamsize|p2|6\n|gen|9\n|tier|[Gen 9] VGC 2023 Regulation C\n|rated|\n|rule|Species Clause: Limit one of each Pok\u00e9mon\n|rule|Item Clause: Limit one of each item\n|clearpoke\n|poke|p1|Gothitelle, L50, F|\n|poke|p1|Scream Tail, L50|\n|poke|p1|Ting-Lu, L50|\n|poke|p1|Wo-Chien, L50|\n|poke|p1|Iron Hands, L50|\n|poke|p1|Flutter Mane, L50|\n|poke|p2|Flutter Mane, L50|\n|poke|p2|Chi-Yu, L50|\n|poke|p2|Iron Bundle, L50|\n|poke|p2|Chien-Pao, L50|\n|poke|p2|Dragapult, L50, M|\n|poke|p2|Ting-Lu, L50|\n|teampreview|4\n|\n|t:|1683471159\n|start\n|switch|p1a: Gothitelle|Gothitelle, L50, F|100\/100\n|switch|p1b: Flutter Mane|Flutter Mane, L50|100\/100\n|switch|p2a: Iron Bundle|Iron Bundle, L50|100\/100\n|switch|p2b: Chi-Yu|Chi-Yu, L50|100\/100\n|-ability|p2b: Chi-Yu|Beads of Ruin\n|-enditem|p2a: Iron Bundle|Booster Energy\n|-activate|p2a: Iron Bundle|ability: Quark Drive|[fromitem]\n|-start|p2a: Iron Bundle|quarkdrivespe\n|turn|1\n|\n|t:|1683471219\n|-terastallize|p2b: Chi-Yu|Ghost\n|-terastallize|p1a: Gothitelle|Water\n|move|p1a: Gothitelle|Fake Out|p2a: Iron Bundle\n|-damage|p2a: Iron Bundle|94\/100\n|cant|p2a: Iron Bundle|flinch\n|move|p2b: Chi-Yu|Heat Wave|p1b: Flutter Mane|[spread] p1a,p1b\n|-resisted|p1a: Gothitelle\n|-damage|p1a: Gothitelle|71\/100\n|-damage|p1b: Flutter Mane|44\/100\n|-damage|p2b: Chi-Yu|90\/100|[from] item: Life Orb\n|move|p1b: Flutter Mane|Trick Room|p1b: Flutter Mane\n|-fieldstart|move: Trick Room|[of] p1b: Flutter Mane\n|\n|upkeep\n|turn|2\n|\n|t:|1683471250\n|move|p2b: Chi-Yu|Protect|p2b: Chi-Yu\n|-singleturn|p2b: Chi-Yu|Protect\n|move|p2a: Iron Bundle|Protect|p2a: Iron Bundle\n|-singleturn|p2a: Iron Bundle|Protect\n|move|p1b: Flutter Mane|Shadow Ball|p2b: Chi-Yu\n|-activate|p2b: Chi-Yu|move: Protect\n|move|p1a: Gothitelle|Heal Pulse|p1b: Flutter Mane\n|-heal|p1b: Flutter Mane|94\/100\n|\n|upkeep\n|turn|3\n|c|\u2606Profkoji|Zzzzzz\n|\n|t:|1683471277\n|switch|p2b: Chien-Pao|Chien-Pao, L50|100\/100\n|-ability|p2b: Chien-Pao|Sword of Ruin\n|move|p1a: Gothitelle|Heal Pulse|p1b: Flutter Mane\n|-heal|p1b: Flutter Mane|100\/100\n|move|p1b: Flutter Mane|Shadow Ball|p2b: Chien-Pao\n|-resisted|p2b: Chien-Pao\n|-damage|p2b: Chien-Pao|70\/100\n|move|p2a: Iron Bundle|Freeze-Dry|p1a: Gothitelle\n|-supereffective|p1a: Gothitelle\n|-damage|p1a: Gothitelle|8\/100\n|-enditem|p1a: Gothitelle|Sitrus Berry|[eat]\n|-heal|p1a: Gothitelle|33\/100|[from] item: Sitrus Berry\n|\n|upkeep\n|turn|4\n|\n|t:|1683471300\n|switch|p1a: Ting-Lu|Ting-Lu, L50|100\/100\n|-ability|p1a: Ting-Lu|Vessel of Ruin\n|move|p2b: Chien-Pao|Protect|p2b: Chien-Pao\n|-singleturn|p2b: Chien-Pao|Protect\n|move|p1b: Flutter Mane|Perish Song|p1b: Flutter Mane\n|-start|p1a: Ting-Lu|perish3|[silent]\n|-start|p1b: Flutter Mane|perish3|[silent]\n|-start|p2a: Iron Bundle|perish3|[silent]\n|-start|p2b: Chien-Pao|perish3|[silent]\n|-fieldactivate|move: Perish Song\n|move|p2a: Iron Bundle|Freeze-Dry|p1a: Ting-Lu\n|-supereffective|p1a: Ting-Lu\n|-damage|p1a: Ting-Lu|70\/100\n|-enditem|p1a: Ting-Lu|Eject Button\n|j| MaxYoo\n|\n|t:|1683471310\n|switch|p1a: Gothitelle|Gothitelle, L50, F, tera:Water|33\/100\n|\n|-start|p1b: Flutter Mane|perish3\n|-start|p2b: Chien-Pao|perish3\n|-start|p2a: Iron Bundle|perish3\n|upkeep\n|turn|5\n|\n|t:|1683471333\n|-end|p1b: Flutter Mane|Protosynthesis|[silent]\n|switch|p1b: Iron Hands|Iron Hands, L50|100\/100\n|move|p2b: Chien-Pao|Protect||[still]\n|-fail|p2b: Chien-Pao\n|move|p2a: Iron Bundle|Protect|p2a: Iron Bundle\n|-singleturn|p2a: Iron Bundle|Protect\n|move|p1a: Gothitelle|Fake Out|p2b: Chien-Pao\n|-damage|p2b: Chien-Pao|64\/100\n|\n|-start|p2b: Chien-Pao|perish2\n|-start|p2a: Iron Bundle|perish2\n|-fieldend|move: Trick Room\n|upkeep\n|turn|6\n|\n|t:|1683471358\n|move|p1a: Gothitelle|Protect|p1a: Gothitelle\n|-singleturn|p1a: Gothitelle|Protect\n|move|p1b: Iron Hands|Fake Out|p2a: Iron Bundle\n|-damage|p2a: Iron Bundle|65\/100\n|cant|p2a: Iron Bundle|flinch\n|move|p2b: Chien-Pao|Throat Chop|p1a: Gothitelle\n|-activate|p1a: Gothitelle|move: Protect\n|\n|-start|p2a: Iron Bundle|perish1\n|-start|p2b: Chien-Pao|perish1\n|upkeep\n|turn|7\n|\n|t:|1683471378\n|switch|p1a: Ting-Lu|Ting-Lu, L50|70\/100\n|-ability|p1a: Ting-Lu|Vessel of Ruin\n|move|p2a: Iron Bundle|Freeze-Dry|p1a: Ting-Lu\n|-supereffective|p1a: Ting-Lu\n|-damage|p1a: Ting-Lu|38\/100\n|-status|p1a: Ting-Lu|frz\n|move|p2b: Chien-Pao|Sacred Sword|p1a: Ting-Lu\n|-supereffective|p1a: Ting-Lu\n|-damage|p1a: Ting-Lu|0 fnt\n|faint|p1a: Ting-Lu\n|move|p1b: Iron Hands|Volt Switch|p2b: Chien-Pao\n|-crit|p2b: Chien-Pao\n|-damage|p2b: Chien-Pao|35\/100\n|\n|t:|1683471392\n|-end|p1b: Iron Hands|Quark Drive|[silent]\n|switch|p1b: Gothitelle|Gothitelle, L50, F, tera:Water|33\/100|[from] Volt Switch\n|\n|-start|p2a: Iron Bundle|perish0\n|-start|p2b: Chien-Pao|perish0\n|upkeep\n|faint|p2a: Iron Bundle\n|-end|p2a: Iron Bundle|Quark Drive|[silent]\n|faint|p2b: Chien-Pao\n|\n|t:|1683471407\n|switch|p2a: Flutter Mane|Flutter Mane, L50|100\/100\n|switch|p2b: Chi-Yu|Chi-Yu, L50, tera:Ghost|90\/100\n|switch|p1a: Flutter Mane|Flutter Mane, L50|100\/100\n|-ability|p2b: Chi-Yu|Beads of Ruin\n|turn|8\n|\n|t:|1683471436\n|move|p2a: Flutter Mane|Shadow Ball|p1a: Flutter Mane\n|-supereffective|p1a: Flutter Mane\n|-damage|p1a: Flutter Mane|0 fnt\n|faint|p1a: Flutter Mane\n|-end|p1a: Flutter Mane|Protosynthesis|[silent]\n|move|p2b: Chi-Yu|Heat Wave|p1b: Gothitelle\n|-resisted|p1b: Gothitelle\n|-damage|p1b: Gothitelle|0 fnt\n|faint|p1b: Gothitelle\n|-damage|p2b: Chi-Yu|80\/100|[from] item: Life Orb\n|\n|upkeep\n|-message|firejune forfeited.\n|\n|win|Profkoji\n|raw|firejune's rating: 1410 → 1386<\/strong> (-24 for losing)\n|raw|Profkoji's rating: 1339 → 1363<\/strong> (+24 for winning)\n|l|\u2606firejune\n","uploadtime":1683471449,"views":11,"p1id":"firejune","p2id":"profkoji","formatid":"gen9vgc2023regulationc","rating":1363,"private":0,"password":""}