{"id":"gen9vgc2023regulationc-1854496577","p1":"vgcproto","p2":"Kojiiii","format":"[Gen 9] VGC 2023 Regulation C","log":"|j|\u2606vgcproto\n|j|\u2606Kojiiii\n|t:|1682818507\n|gametype|doubles\n|player|p1|vgcproto|lucas|1364\n|player|p2|Kojiiii|1|1357\n|teamsize|p1|6\n|teamsize|p2|6\n|gen|9\n|tier|[Gen 9] VGC 2023 Regulation C\n|rated|\n|rule|Species Clause: Limit one of each Pok\u00e9mon\n|rule|Item Clause: Limit one of each item\n|clearpoke\n|poke|p1|Drednaw, L50, M|\n|poke|p1|Pelipper, L50, M|\n|poke|p1|Dondozo, L50, F|\n|poke|p1|Tatsugiri, L50, F|\n|poke|p1|Gholdengo, L50|\n|poke|p1|Murkrow, L50, M|\n|poke|p2|Hatterene, L50, F|\n|poke|p2|Indeedee-F, L50, F|\n|poke|p2|Torkoal, L50, M|\n|poke|p2|Kingambit, L50, M|\n|poke|p2|Dondozo, L50, F|\n|poke|p2|Tatsugiri, L50, M|\n|teampreview|4\n|inactive|Battle timer is ON: inactive players will automatically lose when time's up. (requested by vgcproto)\n|\n|t:|1682818557\n|start\n|switch|p1a: Drednaw|Drednaw, L50, M|100\/100\n|switch|p1b: Pelipper|Pelipper, L50, M|100\/100\n|switch|p2a: Heerashai|Dondozo, L50, F|100\/100\n|switch|p2b: Servol|Indeedee-F, L50, F|100\/100\n|-weather|RainDance|[from] ability: Drizzle|[of] p1b: Pelipper\n|-fieldstart|move: Psychic Terrain|[from] ability: Psychic Surge|[of] p2b: Servol\n|-enditem|p2b: Servol|Psychic Seed\n|-boost|p2b: Servol|spd|1|[from] item: Psychic Seed\n|turn|1\n|inactive|Kojiiii has 30 seconds left.\n|\n|t:|1682818586\n|-terastallize|p1a: Drednaw|Grass\n|-terastallize|p2b: Servol|Grass\n|move|p1a: Drednaw|Tera Blast|p2a: Heerashai\n|-supereffective|p2a: Heerashai\n|-damage|p2a: Heerashai|23\/100\n|move|p1b: Pelipper|Hurricane|p2b: Servol\n|-supereffective|p2b: Servol\n|-damage|p2b: Servol|36\/100\n|-start|p2b: Servol|confusion\n|move|p2a: Heerashai|Liquidation|p1b: Pelipper\n|-resisted|p1b: Pelipper\n|-damage|p1b: Pelipper|54\/100\n|-activate|p2b: Servol|confusion\n|move|p2b: Servol|Trick Room|p2b: Servol\n|-fieldstart|move: Trick Room|[of] p2b: Servol\n|\n|-weather|RainDance|[upkeep]\n|upkeep\n|turn|2\n|\n|t:|1682818610\n|-activate|p2b: Servol|confusion\n|move|p2b: Servol|Helping Hand|p2a: Heerashai\n|-singleturn|p2a: Heerashai|Helping Hand|[of] p2b: Servol\n|move|p2a: Heerashai|Liquidation|p1b: Pelipper\n|-resisted|p1b: Pelipper\n|-damage|p1b: Pelipper|0 fnt\n|faint|p1b: Pelipper\n|move|p1a: Drednaw|Tera Blast|p2a: Heerashai\n|-supereffective|p2a: Heerashai\n|-damage|p2a: Heerashai|0 fnt\n|faint|p2a: Heerashai\n|\n|-weather|RainDance|[upkeep]\n|upkeep\n|\n|t:|1682818622\n|switch|p2a: Qurtel|Torkoal, L50, M|100\/100\n|switch|p1b: Dondozo|Dondozo, L50, F|100\/100\n|-weather|SunnyDay|[from] ability: Drought|[of] p2a: Qurtel\n|turn|3\n|\n|t:|1682818638\n|switch|p1a: Tatsugiri|Tatsugiri, L50, F|100\/100\n|-activate|p1a: Tatsugiri|ability: Commander|[of] p1b: Dondozo\n|-boost|p1b: Dondozo|atk|2\n|-boost|p1b: Dondozo|spa|2\n|-boost|p1b: Dondozo|spe|2\n|-boost|p1b: Dondozo|def|2\n|-boost|p1b: Dondozo|spd|2\n|-end|p2b: Servol|confusion\n|move|p2b: Servol|Follow Me|p2b: Servol\n|-singleturn|p2b: Servol|move: Follow Me\n|move|p2a: Qurtel|Clear Smog|p1b: Dondozo\n|-damage|p1b: Dondozo|93\/100\n|-clearboost|p1b: Dondozo\n|move|p1b: Dondozo|Surf|p2a: Qurtel|[spread] p2a,p2b\n|-miss|p1b: Dondozo|p1a: Tatsugiri\n|-supereffective|p2a: Qurtel\n|-resisted|p2b: Servol\n|-damage|p2a: Qurtel|59\/100\n|-damage|p2b: Servol|29\/100\n|-damage|p1b: Dondozo|83\/100|[from] item: Life Orb\n|\n|-weather|SunnyDay|[upkeep]\n|upkeep\n|turn|4\n|inactive|Kojiiii has 30 seconds left.\n|\n|t:|1682818664\n|switch|p2a: Silembrim|Hatterene, L50, F|100\/100\n|move|p2b: Servol|Dazzling Gleam|p1b: Dondozo|[spread] p1b\n|-miss|p2b: Servol|p1a: Tatsugiri\n|-damage|p1b: Dondozo|69\/100\n|move|p1b: Dondozo|Surf|p2b: Servol|[spread] p2a,p2b\n|-miss|p1b: Dondozo|p1a: Tatsugiri\n|-resisted|p2b: Servol\n|-damage|p2a: Silembrim|89\/100\n|-damage|p2b: Servol|22\/100\n|-damage|p1b: Dondozo|59\/100|[from] item: Life Orb\n|\n|-weather|SunnyDay|[upkeep]\n|upkeep\n|turn|5\n|\n|t:|1682818681\n|move|p1b: Dondozo|Surf|p2a: Silembrim|[spread] p2a,p2b\n|-miss|p1b: Dondozo|p1a: Tatsugiri\n|-resisted|p2b: Servol\n|-damage|p2a: Silembrim|77\/100\n|-damage|p2b: Servol|15\/100\n|-damage|p1b: Dondozo|50\/100|[from] item: Life Orb\n|move|p2a: Silembrim|Trick Room|p2a: Silembrim\n|-fieldend|move: Trick Room\n|move|p2b: Servol|Trick Room|p2b: Servol\n|-fieldstart|move: Trick Room|[of] p2b: Servol\n|\n|-weather|SunnyDay|[upkeep]\n|-fieldend|move: Psychic Terrain\n|upkeep\n|turn|6\n|\n|t:|1682818695\n|move|p2a: Silembrim|Psychic|p1b: Dondozo\n|-damage|p1b: Dondozo|0 fnt\n|faint|p1b: Dondozo\n|-damage|p2a: Silembrim|68\/100|[from] item: Life Orb\n|move|p2b: Servol|Dazzling Gleam|p1a: Tatsugiri\n|-supereffective|p1a: Tatsugiri\n|-damage|p1a: Tatsugiri|57\/100\n|\n|-weather|SunnyDay|[upkeep]\n|upkeep\n|\n|t:|1682818701\n|switch|p1b: Drednaw|Drednaw, L50, M, tera:Grass|100\/100\n|turn|7\n|\n|t:|1682818713\n|move|p2b: Servol|Helping Hand|p2a: Silembrim\n|-singleturn|p2a: Silembrim|Helping Hand|[of] p2b: Servol\n|move|p2a: Silembrim|Dazzling Gleam|p1b: Drednaw|[spread] p1a,p1b\n|-supereffective|p1a: Tatsugiri\n|-damage|p1a: Tatsugiri|0 fnt\n|-damage|p1b: Drednaw|25\/100\n|faint|p1a: Tatsugiri\n|-damage|p2a: Silembrim|58\/100|[from] item: Life Orb\n|move|p1b: Drednaw|Rock Slide|p2b: Servol|[spread] p2a,p2b\n|-damage|p2a: Silembrim|6\/100\n|-damage|p2b: Servol|0 fnt\n|faint|p2b: Servol\n|\n|-weather|none\n|upkeep\n|\n|t:|1682818727\n|switch|p2b: Qurtel|Torkoal, L50, M|59\/100\n|-weather|SunnyDay|[from] ability: Drought|[of] p2b: Qurtel\n|turn|8\n|-message|vgcproto forfeited.\n|\n|win|Kojiiii\n|raw|vgcproto's rating: 1364 → 1344<\/strong> (-20 for losing)\n|raw|Kojiiii's rating: 1357 → 1377<\/strong> (+20 for winning)\n|l|\u2606vgcproto\n","uploadtime":1682818735,"views":12,"p1id":"vgcproto","p2id":"kojiiii","formatid":"gen9vgc2023regulationc","rating":1344,"private":0,"password":""}