{"id":"gen9vgc2023regulationc-1863876271","p1":"G3rd","p2":"Buildozzo","format":"[Gen 9] VGC 2023 Regulation C","log":"|j|\u2606G3rd\n|j|\u2606Buildozzo\n|t:|1684088312\n|gametype|doubles\n|player|p1|G3rd|giovanni|1503\n|player|p2|Buildozzo|266|1415\n|teamsize|p1|6\n|teamsize|p2|6\n|gen|9\n|tier|[Gen 9] VGC 2023 Regulation C\n|rated|\n|rule|Species Clause: Limit one of each Pok\u00e9mon\n|rule|Item Clause: Limit one of each item\n|clearpoke\n|poke|p1|Annihilape, L50, M|\n|poke|p1|Maushold-Four, L50|\n|poke|p1|Chien-Pao, L50|\n|poke|p1|Dragonite, L50, F|\n|poke|p1|Ting-Lu, L50|\n|poke|p1|Florges, L50, F|\n|poke|p2|Wo-Chien, L50|\n|poke|p2|Scream Tail, L50|\n|poke|p2|Gyarados, L50, F|\n|poke|p2|Volcarona, L50, M|\n|poke|p2|Flutter Mane, L50|\n|poke|p2|Baxcalibur, L50, M|\n|teampreview|4\nG3rd has agreed to open team sheets.\n|inactive|Battle timer is ON: inactive players will automatically lose when time's up. (requested by G3rd)\n|\n|t:|1684088352\n|start\n|switch|p1a: Ting-Lu|Ting-Lu, L50|100\/100\n|switch|p1b: Annihilape|Annihilape, L50, M|100\/100\n|switch|p2a: Scream Tail|Scream Tail, L50|100\/100\n|switch|p2b: Flutter Mane|Flutter Mane, L50|100\/100\n|-ability|p1a: Ting-Lu|Vessel of Ruin\n|-enditem|p2b: Flutter Mane|Booster Energy\n|-activate|p2b: Flutter Mane|ability: Protosynthesis|[fromitem]\n|-start|p2b: Flutter Mane|protosynthesisspa\n|turn|1\n|\n|t:|1684088373\n|-end|p2b: Flutter Mane|Protosynthesis|[silent]\n|switch|p2b: Gyarados|Gyarados, L50, F|100\/100\n|-ability|p2b: Gyarados|Intimidate|boost\n|-unboost|p1a: Ting-Lu|atk|1\n|-unboost|p1b: Annihilape|atk|1\n|-ability|p1b: Annihilape|Defiant|boost\n|-boost|p1b: Annihilape|atk|2\n|-terastallize|p1b: Annihilape|Fire\n|move|p2a: Scream Tail|Thunder Wave|p1b: Annihilape\n|-status|p1b: Annihilape|par\n|move|p1a: Ting-Lu|Heavy Slam|p2b: Gyarados\n|-resisted|p2b: Gyarados\n|-damage|p2b: Gyarados|95\/100\n|move|p1b: Annihilape|Rage Fist|p2a: Scream Tail\n|-supereffective|p2a: Scream Tail\n|-damage|p2a: Scream Tail|36\/100\n|\n|upkeep\n|turn|2\n|inactive|Buildozzo has 30 seconds left.\n|inactive|Buildozzo has 20 seconds left.\n|inactive|Buildozzo has 15 seconds left.\n|\n|t:|1684088416\n|move|p2a: Scream Tail|Disable|p1b: Annihilape\n|-start|p1b: Annihilape|Disable|Rage Fist\n|move|p2b: Gyarados|Waterfall|p1a: Ting-Lu\n|-supereffective|p1a: Ting-Lu\n|-damage|p1a: Ting-Lu|58\/100\n|move|p1a: Ting-Lu|Heavy Slam|p2a: Scream Tail\n|-supereffective|p2a: Scream Tail\n|-damage|p2a: Scream Tail|0 fnt\n|faint|p2a: Scream Tail\n|-end|p2a: Scream Tail|Protosynthesis|[silent]\n|move|p1b: Annihilape|Bulk Up|p1b: Annihilape\n|-boost|p1b: Annihilape|atk|1\n|-boost|p1b: Annihilape|def|1\n|\n|upkeep\n|\n|t:|1684088432\n|switch|p2a: Baxcalibur|Baxcalibur, L50, M|100\/100\n|turn|3\n|\n|t:|1684088457\n|-terastallize|p2a: Baxcalibur|Ground\n|move|p2b: Gyarados|Taunt|p1b: Annihilape\n|-start|p1b: Annihilape|move: Taunt\n|move|p2a: Baxcalibur|Icicle Crash|p1a: Ting-Lu\n|-supereffective|p1a: Ting-Lu\n|-damage|p1a: Ting-Lu|0 fnt\n|faint|p1a: Ting-Lu\n|cant|p1b: Annihilape|par\n|\n|upkeep\n|\n|t:|1684088478\n|switch|p1a: Dragonite|Dragonite, L50, F|100\/100\n|turn|4\n|inactive|Buildozzo has 30 seconds left.\n|\n|t:|1684088506\n|move|p2b: Gyarados|Helping Hand|p2a: Baxcalibur\n|-singleturn|p2a: Baxcalibur|Helping Hand|[of] p2b: Gyarados\n|move|p1a: Dragonite|Extreme Speed|p2a: Baxcalibur\n|-damage|p2a: Baxcalibur|57\/100\n|move|p2a: Baxcalibur|Icicle Crash|p1a: Dragonite\n|-supereffective|p1a: Dragonite\n|-damage|p1a: Dragonite|0 fnt\n|faint|p1a: Dragonite\n|cant|p1b: Annihilape|par\n|\n|upkeep\n|\n|t:|1684088516\n|switch|p1a: Chien-Pao|Chien-Pao, L50|100\/100\n|-ability|p1a: Chien-Pao|Sword of Ruin\n|turn|5\n|\n|t:|1684088533\n|move|p2a: Baxcalibur|Ice Shard|p1a: Chien-Pao\n|-resisted|p1a: Chien-Pao\n|-damage|p1a: Chien-Pao|84\/100\n|move|p1a: Chien-Pao|Ice Spinner|p2a: Baxcalibur\n|-supereffective|p2a: Baxcalibur\n|-damage|p2a: Baxcalibur|0 fnt\n|faint|p2a: Baxcalibur\n|move|p2b: Gyarados|Thunder Wave|p1a: Chien-Pao\n|-status|p1a: Chien-Pao|par\n|move|p1b: Annihilape|Drain Punch|p2b: Gyarados\n|-resisted|p2b: Gyarados\n|-damage|p2b: Gyarados|50\/100\n|-enditem|p2b: Gyarados|Sitrus Berry|[eat]\n|-heal|p2b: Gyarados|75\/100|[from] item: Sitrus Berry\n|\n|-end|p1b: Annihilape|move: Taunt\n|-end|p1b: Annihilape|Disable\n|upkeep\n|\n|t:|1684088543\n|switch|p2a: Flutter Mane|Flutter Mane, L50|100\/100\n|turn|6\n|\n|t:|1684088559\n|cant|p1a: Chien-Pao|par\n|move|p2a: Flutter Mane|Dazzling Gleam|p1b: Annihilape|[spread] p1a,p1b\n|-supereffective|p1a: Chien-Pao\n|-resisted|p1b: Annihilape\n|-damage|p1a: Chien-Pao|0 fnt\n|-damage|p1b: Annihilape|87\/100 par\n|faint|p1a: Chien-Pao\n|move|p2b: Gyarados|Taunt|p1b: Annihilape\n|-start|p1b: Annihilape|move: Taunt\n|move|p1b: Annihilape|Rage Fist|p2a: Flutter Mane\n|-supereffective|p2a: Flutter Mane\n|-damage|p2a: Flutter Mane|0 fnt\n|faint|p2a: Flutter Mane\n|-end|p2a: Flutter Mane|Protosynthesis|[silent]\n|\n|-heal|p1b: Annihilape|94\/100 par|[from] item: Leftovers\n|upkeep\n|turn|7\n|j| championbocrine\n|inactive|Buildozzo has 30 seconds left.\n|l| championbocrine\n|\n|t:|1684088586\n|move|p2b: Gyarados|Waterfall|p1b: Annihilape\n|-supereffective|p1b: Annihilape\n|-damage|p1b: Annihilape|49\/100 par\n|cant|p1b: Annihilape|par\n|\n|-heal|p1b: Annihilape|55\/100 par|[from] item: Leftovers\n|upkeep\n|turn|8\n|\n|t:|1684088593\n|move|p2b: Gyarados|Waterfall|p1b: Annihilape\n|-supereffective|p1b: Annihilape\n|-damage|p1b: Annihilape|10\/100 par\n|cant|p1b: Annihilape|par\n|\n|-heal|p1b: Annihilape|16\/100 par|[from] item: Leftovers\n|-end|p1b: Annihilape|move: Taunt\n|upkeep\n|turn|9\n|\n|t:|1684088601\n|move|p2b: Gyarados|Waterfall|p1b: Annihilape\n|-supereffective|p1b: Annihilape\n|-damage|p1b: Annihilape|0 fnt\n|faint|p1b: Annihilape\n|\n|win|Buildozzo\n|raw|G3rd's rating: 1503 → 1478<\/strong> (-25 for losing)\n|raw|Buildozzo's rating: 1415 → 1440<\/strong> (+25 for winning)\n","uploadtime":1684088608,"views":11,"p1id":"g3rd","p2id":"buildozzo","formatid":"gen9vgc2023regulationc","rating":1440,"private":0,"password":""}