{"id":"gen9vgc2023regulationc-1861408342","p1":"soraesc","p2":"jscoot12","format":"[Gen 9] VGC 2023 Regulation C","log":"|j|\u2606soraesc\n|j|\u2606jscoot12\n|t:|1683754455\n|gametype|doubles\n|player|p1|soraesc|flannery|1328\n|player|p2|jscoot12|101|1295\n|teamsize|p1|6\n|teamsize|p2|6\n|gen|9\n|tier|[Gen 9] VGC 2023 Regulation C\n|rated|\n|rule|Species Clause: Limit one of each Pok\u00e9mon\n|rule|Item Clause: Limit one of each item\n|clearpoke\n|poke|p1|Abomasnow, L50, M|\n|poke|p1|Iron Bundle, L50|\n|poke|p1|Gholdengo, L50|\n|poke|p1|Baxcalibur, L50, F|\n|poke|p1|Chi-Yu, L50|\n|poke|p1|Rotom-Wash, L50|\n|poke|p2|Orthworm, L50, F|\n|poke|p2|Gyarados, L50, F|\n|poke|p2|Dragonite, L50, F|\n|poke|p2|Flutter Mane, L50|\n|poke|p2|Ting-Lu, L50|\n|poke|p2|Ceruledge, L50, F|\n|teampreview|4\n|inactive|Battle timer is ON: inactive players will automatically lose when time's up. (requested by soraesc)\njscoot12 has agreed to open team sheets.\n|inactive|jscoot12 has 60 seconds left.\n|\n|t:|1683754489\n|start\n|switch|p1a: Abomasnow|Abomasnow, L50, M, shiny|100\/100\n|switch|p1b: Iron Bundle|Iron Bundle, L50, shiny|100\/100\n|switch|p2a: Flutter Mane|Flutter Mane, L50|100\/100\n|switch|p2b: Ceruledge|Ceruledge, L50, F|100\/100\n|-weather|Snow|[from] ability: Snow Warning|[of] p1a: Abomasnow\n|-enditem|p2a: Flutter Mane|Booster Energy\n|-activate|p2a: Flutter Mane|ability: Protosynthesis|[fromitem]\n|-start|p2a: Flutter Mane|protosynthesisspe\n|-enditem|p1b: Iron Bundle|Booster Energy\n|-activate|p1b: Iron Bundle|ability: Quark Drive|[fromitem]\n|-start|p1b: Iron Bundle|quarkdrivespe\n|turn|1\n|\n|t:|1683754519\n|-terastallize|p1a: Abomasnow|Water\n|move|p2b: Ceruledge|Shadow Sneak|p1b: Iron Bundle\n|-damage|p1b: Iron Bundle|85\/100\n|move|p2a: Flutter Mane|Thunderbolt|p1b: Iron Bundle\n|-supereffective|p1b: Iron Bundle\n|-damage|p1b: Iron Bundle|5\/100\n|move|p1b: Iron Bundle|Aurora Veil|p1b: Iron Bundle\n|-sidestart|p1: soraesc|move: Aurora Veil\n|move|p1a: Abomasnow|Earth Power|p2b: Ceruledge\n|-supereffective|p2b: Ceruledge\n|-damage|p2b: Ceruledge|10\/100\n|-unboost|p2b: Ceruledge|spd|1\n|-damage|p1a: Abomasnow|91\/100|[from] item: Life Orb\n|\n|-weather|Snow|[upkeep]\n|upkeep\n|turn|2\n|inactive|jscoot12 has 30 seconds left.\n|\n|t:|1683754549\n|-end|p1b: Iron Bundle|Quark Drive|[silent]\n|switch|p1b: Rotom|Rotom-Wash, L50|100\/100\n|move|p2a: Flutter Mane|Thunderbolt|p1b: Rotom\n|-damage|p1b: Rotom|82\/100\n|move|p2b: Ceruledge|Bitter Blade|p1a: Abomasnow\n|-resisted|p1a: Abomasnow\n|-damage|p1a: Abomasnow|73\/100\n|-heal|p2b: Ceruledge|22\/100|[from] drain|[of] p1a: Abomasnow\n|move|p1a: Abomasnow|Blizzard|p2b: Ceruledge|[spread] p2a,p2b\n|-resisted|p2b: Ceruledge\n|-damage|p2a: Flutter Mane|52\/100\n|-damage|p2b: Ceruledge|0 fnt\n|faint|p2b: Ceruledge\n|-damage|p1a: Abomasnow|63\/100|[from] item: Life Orb\n|\n|-weather|Snow|[upkeep]\n|upkeep\n|\n|t:|1683754565\n|switch|p2b: Orthworm|Orthworm, L50, F|100\/100\n|turn|3\n|\n|t:|1683754578\n|move|p2a: Flutter Mane|Protect|p2a: Flutter Mane\n|-singleturn|p2a: Flutter Mane|Protect\n|move|p1b: Rotom|Will-O-Wisp|p2b: Orthworm\n|-status|p2b: Orthworm|brn\n|move|p2b: Orthworm|Iron Defense|p2b: Orthworm\n|-boost|p2b: Orthworm|def|2\n|move|p1a: Abomasnow|Blizzard|p2a: Flutter Mane|[spread] p2b\n|-activate|p2a: Flutter Mane|move: Protect\n|-resisted|p2b: Orthworm\n|-damage|p2b: Orthworm|73\/100 brn\n|-damage|p1a: Abomasnow|54\/100|[from] item: Life Orb\n|\n|-weather|Snow|[upkeep]\n|-damage|p2b: Orthworm|67\/100 brn|[from] brn\n|upkeep\n|turn|4\n|\n|t:|1683754599\n|move|p1a: Abomasnow|Protect|p1a: Abomasnow\n|-singleturn|p1a: Abomasnow|Protect\n|move|p2a: Flutter Mane|Shadow Ball|p1b: Rotom\n|-damage|p1b: Rotom|58\/100\n|-unboost|p1b: Rotom|spd|1\n|move|p1b: Rotom|Thunderbolt|p2a: Flutter Mane\n|-damage|p2a: Flutter Mane|17\/100\n|move|p2b: Orthworm|Body Press|p1a: Abomasnow\n|-activate|p1a: Abomasnow|move: Protect\n|\n|-weather|Snow|[upkeep]\n|-damage|p2b: Orthworm|62\/100 brn|[from] brn\n|upkeep\n|turn|5\n|\n|t:|1683754619\n|move|p2a: Flutter Mane|Protect|p2a: Flutter Mane\n|-singleturn|p2a: Flutter Mane|Protect\n|move|p1b: Rotom|Thunderbolt|p2b: Orthworm\n|-damage|p2b: Orthworm|16\/100 brn\n|-enditem|p2b: Orthworm|Sitrus Berry|[eat]\n|-heal|p2b: Orthworm|41\/100 brn|[from] item: Sitrus Berry\n|move|p2b: Orthworm|Body Press|p1a: Abomasnow\n|-crit|p1a: Abomasnow\n|-damage|p1a: Abomasnow|11\/100\n|move|p1a: Abomasnow|Blizzard|p2b: Orthworm|[spread] p2b\n|-activate|p2a: Flutter Mane|move: Protect\n|-resisted|p2b: Orthworm\n|-damage|p2b: Orthworm|15\/100 brn\n|-damage|p1a: Abomasnow|1\/100|[from] item: Life Orb\n|\n|-weather|none\n|-damage|p2b: Orthworm|9\/100 brn|[from] brn\n|-sideend|p1: soraesc|move: Aurora Veil\n|upkeep\n|turn|6\n|\n|t:|1683754640\n|move|p2a: Flutter Mane|Dazzling Gleam|p1b: Rotom|[spread] p1a,p1b\n|-damage|p1a: Abomasnow|0 fnt\n|-damage|p1b: Rotom|18\/100\n|faint|p1a: Abomasnow\n|move|p1b: Rotom|Thunderbolt|p2a: Flutter Mane\n|-damage|p2a: Flutter Mane|0 fnt\n|faint|p2a: Flutter Mane\n|-end|p2a: Flutter Mane|Protosynthesis|[silent]\n|move|p2b: Orthworm|Heavy Slam|p1b: Rotom\n|-resisted|p1b: Rotom\n|-crit|p1b: Rotom\n|-damage|p1b: Rotom|10\/100\n|\n|-damage|p2b: Orthworm|3\/100 brn|[from] brn\n|upkeep\n|\n|t:|1683754652\n|switch|p2a: Ting-Lu|Ting-Lu, L50|100\/100\n|switch|p1a: Iron Bundle|Iron Bundle, L50, shiny|5\/100\n|-ability|p2a: Ting-Lu|Vessel of Ruin\n|turn|7\n|\n|t:|1683754668\n|-terastallize|p2a: Ting-Lu|Water\n|move|p1a: Iron Bundle|Protect|p1a: Iron Bundle\n|-singleturn|p1a: Iron Bundle|Protect\n|move|p1b: Rotom|Protect|p1b: Rotom\n|-singleturn|p1b: Rotom|Protect\n|move|p2b: Orthworm|Body Press|p1a: Iron Bundle\n|-activate|p1a: Iron Bundle|move: Protect\n|move|p2a: Ting-Lu|Heavy Slam|p1b: Rotom\n|-activate|p1b: Rotom|move: Protect\n|\n|-damage|p2b: Orthworm|0 fnt|[from] brn\n|faint|p2b: Orthworm\n|upkeep\n|turn|8\n|\n|t:|1683754684\n|move|p1a: Iron Bundle|Freeze-Dry|p2a: Ting-Lu\n|-supereffective|p2a: Ting-Lu\n|-crit|p2a: Ting-Lu\n|-damage|p2a: Ting-Lu|66\/100\n|move|p1b: Rotom|Will-O-Wisp|p2a: Ting-Lu\n|-status|p2a: Ting-Lu|brn\n|move|p2a: Ting-Lu|Earthquake|p1a: Iron Bundle|[spread] p1a\n|-immune|p1b: Rotom|[from] ability: Levitate\n|-damage|p1a: Iron Bundle|0 fnt\n|faint|p1a: Iron Bundle\n|-end|p1a: Iron Bundle|Quark Drive|[silent]\n|\n|-damage|p2a: Ting-Lu|60\/100 brn|[from] brn\n|upkeep\n|\n|t:|1683754692\n|switch|p1a: Gholdengo|Gholdengo, L50|100\/100\n|turn|9\n|\n|t:|1683754700\n|move|p1a: Gholdengo|Nasty Plot|p1a: Gholdengo\n|-boost|p1a: Gholdengo|spa|2\n|move|p1b: Rotom|Thunderbolt|p2a: Ting-Lu\n|-supereffective|p2a: Ting-Lu\n|-damage|p2a: Ting-Lu|34\/100 brn\n|move|p2a: Ting-Lu|Earthquake|p1a: Gholdengo|[spread] p1a\n|-immune|p1b: Rotom|[from] ability: Levitate\n|-supereffective|p1a: Gholdengo\n|-damage|p1a: Gholdengo|68\/100\n|\n|-heal|p1a: Gholdengo|74\/100|[from] item: Leftovers\n|-damage|p2a: Ting-Lu|28\/100 brn|[from] brn\n|upkeep\n|turn|10\n|-message|jscoot12 forfeited.\n|\n|win|soraesc\n|raw|soraesc's rating: 1328 → 1346<\/strong> (+18 for winning)\n|raw|jscoot12's rating: 1295 → 1272<\/strong> (-23 for losing)\n|l|\u2606jscoot12\n","uploadtime":1683754717,"views":13,"p1id":"soraesc","p2id":"jscoot12","formatid":"gen9vgc2023regulationc","rating":1272,"private":0,"password":""}