{"id":"gen9vgc2023regulationc-1844890992","p1":"Ricardo Randorez","p2":"driftloomy","format":"[Gen 9] VGC 2023 Regulation C","log":"|j|\u2606Ricardo Randorez\n|j|\u2606driftloomy\n|t:|1681661002\n|gametype|doubles\n|player|p1|Ricardo Randorez|169|1142\n|player|p2|driftloomy|furisodegirl-blue|1060\n|teamsize|p1|6\n|teamsize|p2|6\n|gen|9\n|tier|[Gen 9] VGC 2023 Regulation C\n|rated|\n|rule|Species Clause: Limit one of each Pok\u00e9mon\n|rule|Item Clause: Limit one of each item\n|clearpoke\n|poke|p1|Arcanine, L50, F|\n|poke|p1|Gyarados, L50, F|\n|poke|p1|Flutter Mane, L50|\n|poke|p1|Volcarona, L50, M|\n|poke|p1|Gothitelle, L50, M|\n|poke|p1|Ting-Lu, L50|\n|poke|p2|Hydreigon, L50, F|\n|poke|p2|Roaring Moon, L50|\n|poke|p2|Indeedee-F, L50, F|\n|poke|p2|Gholdengo, L50|\n|poke|p2|Iron Hands, L50|\n|poke|p2|Gyarados, L50, F|\n|teampreview|4\n|inactive|Battle timer is ON: inactive players will automatically lose when time's up. (requested by driftloomy)\ndriftloomy rejected open team sheets.\n|inactive|Ricardo Randorez has 60 seconds left.\n|\n|t:|1681661035\n|start\n|switch|p1a: Volcarona|Volcarona, L50, M|100\/100\n|switch|p1b: Gyarados|Gyarados, L50, F|100\/100\n|switch|p2a: Sailor|Roaring Moon, L50|100\/100\n|switch|p2b: Blue|Indeedee-F, L50, F, shiny|100\/100\n|-ability|p1b: Gyarados|Intimidate|boost\n|-unboost|p2a: Sailor|atk|1\n|-unboost|p2b: Blue|atk|1\n|-fieldstart|move: Psychic Terrain|[from] ability: Psychic Surge|[of] p2b: Blue\n|-enditem|p2b: Blue|Psychic Seed\n|-boost|p2b: Blue|spd|1|[from] item: Psychic Seed\n|-enditem|p2a: Sailor|Booster Energy\n|-activate|p2a: Sailor|ability: Protosynthesis|[fromitem]\n|-start|p2a: Sailor|protosynthesisspe\n|turn|1\n|inactive|driftloomy has 30 seconds left.\n|\n|t:|1681661065\n|-terastallize|p2a: Sailor|Flying\n|move|p2b: Blue|Helping Hand|p2a: Sailor\n|-singleturn|p2a: Sailor|Helping Hand|[of] p2b: Blue\n|move|p1a: Volcarona|Rage Powder|p1a: Volcarona\n|-singleturn|p1a: Volcarona|move: Rage Powder\n|move|p2a: Sailor|Acrobatics|p1a: Volcarona\n|-supereffective|p1a: Volcarona\n|-damage|p1a: Volcarona|0 fnt\n|-damage|p2a: Sailor|84\/100|[from] item: Rocky Helmet|[of] p1a: Volcarona\n|faint|p1a: Volcarona\n|move|p1b: Gyarados|Dragon Dance|p1b: Gyarados\n|-boost|p1b: Gyarados|atk|1\n|-boost|p1b: Gyarados|spe|1\n|\n|upkeep\n|\n|t:|1681661081\n|switch|p1a: Arcanine|Arcanine, L50, F|100\/100\n|-ability|p1a: Arcanine|Intimidate|boost\n|-unboost|p2a: Sailor|atk|1\n|-unboost|p2b: Blue|atk|1\n|turn|2\n|\n|t:|1681661097\n|-end|p2a: Sailor|Protosynthesis|[silent]\n|switch|p2a: Iron Hands|Iron Hands, L50|100\/100\n|switch|p2b: Gholdengo|Gholdengo, L50|100\/100\n|move|p1b: Gyarados|Dragon Dance|p1b: Gyarados\n|-boost|p1b: Gyarados|atk|1\n|-boost|p1b: Gyarados|spe|1\n|move|p1a: Arcanine|Will-O-Wisp|p2a: Iron Hands\n|-status|p2a: Iron Hands|brn\n|\n|-damage|p2a: Iron Hands|94\/100 brn|[from] brn\n|upkeep\n|turn|3\n|inactive|Ricardo Randorez has 30 seconds left.\n|inactive|driftloomy has 30 seconds left.\n|\n|t:|1681661130\n|switch|p2b: Blue|Indeedee-F, L50, F, shiny|100\/100\n|-terastallize|p1b: Gyarados|Steel\n|move|p1b: Gyarados|Waterfall|p2a: Iron Hands\n|-damage|p2a: Iron Hands|49\/100 brn\n|move|p1a: Arcanine|Flare Blitz|p2b: Blue\n|-damage|p2b: Blue|22\/100\n|-damage|p1a: Arcanine|77\/100|[from] Recoil\n|move|p2a: Iron Hands|Wild Charge|p1b: Gyarados\n|-damage|p1b: Gyarados|77\/100\n|-damage|p2a: Iron Hands|45\/100 brn|[from] Recoil\n|\n|-heal|p1b: Gyarados|83\/100|[from] item: Leftovers\n|-damage|p2a: Iron Hands|38\/100 brn|[from] brn\n|upkeep\n|turn|4\n|inactive|Ricardo Randorez has 30 seconds left.\n|\n|t:|1681661157\n|move|p2b: Blue|Follow Me|p2b: Blue\n|-singleturn|p2b: Blue|move: Follow Me\n|move|p1b: Gyarados|Waterfall|p2b: Blue\n|-damage|p2b: Blue|0 fnt\n|faint|p2b: Blue\n|move|p1a: Arcanine|Flare Blitz|p2a: Iron Hands\n|-damage|p2a: Iron Hands|0 fnt\n|faint|p2a: Iron Hands\n|-end|p2a: Iron Hands|Quark Drive|[silent]\n|-damage|p1a: Arcanine|60\/100|[from] Recoil\n|\n|-heal|p1b: Gyarados|89\/100|[from] item: Leftovers\n|upkeep\n|\n|t:|1681661165\n|switch|p2b: Sailor|Roaring Moon, L50, tera:Flying|84\/100\n|switch|p2a: Gholdengo|Gholdengo, L50|100\/100\n|turn|5\n|\n|t:|1681661182\n|move|p1b: Gyarados|Waterfall|p2b: Sailor\n|-damage|p2b: Sailor|0 fnt\n|faint|p2b: Sailor\n|-end|p2b: Sailor|Protosynthesis|[silent]\n|move|p2a: Gholdengo|Thunder|p1a: Arcanine|[miss]\n|-miss|p2a: Gholdengo|p1a: Arcanine\n|move|p1a: Arcanine|Flare Blitz|p2a: Gholdengo\n|-supereffective|p2a: Gholdengo\n|-damage|p2a: Gholdengo|0 fnt\n|faint|p2a: Gholdengo\n|-damage|p1a: Arcanine|33\/100|[from] Recoil\n|\n|win|Ricardo Randorez\n|raw|Ricardo Randorez's rating: 1142 → 1161<\/strong> (+19 for winning)\n|raw|driftloomy's rating: 1060 → 1045<\/strong> (-15 for losing)\n|l|\u2606driftloomy\n","uploadtime":1681661197,"views":14,"p1id":"ricardorandorez","p2id":"driftloomy","formatid":"gen9vgc2023regulationc","rating":1045,"private":0,"password":""}