{"id":"gen9vgc2023regulationc-1854327193","p1":"Modern2","p2":"Lelandvgc","format":"[Gen 9] VGC 2023 Regulation C","log":"|j|\u2606Modern2\n|j|\u2606Lelandvgc\n|t:|1682797428\n|gametype|doubles\n|player|p1|Modern2|101|\n|player|p2|Lelandvgc|169|\n|teamsize|p1|6\n|teamsize|p2|6\n|gen|9\n|tier|[Gen 9] VGC 2023 Regulation C\n|rated|Tournament battle\n|rule|Species Clause: Limit one of each Pok\u00e9mon\n|rule|Item Clause: Limit one of each item\n|clearpoke\n|poke|p1|Dondozo, L50, M|\n|poke|p1|Tatsugiri-Stretchy, L50, M|\n|poke|p1|Glimmora, L50, F|\n|poke|p1|Iron Bundle, L50|\n|poke|p1|Chi-Yu, L50|\n|poke|p1|Pelipper, L50, F|\n|poke|p2|Stonjourner, L50, M|\n|poke|p2|Flutter Mane, L50|\n|poke|p2|Gastrodon-East, L50, M|\n|poke|p2|Arcanine, L50, F|\n|poke|p2|Iron Bundle, L50|\n|poke|p2|Brute Bonnet, L50|\n|teampreview|4\n|raw| Open Team Sheet for Modern2<\/summary>Dondozo @ Life Orb Ability: Unaware Level: 50 Shiny: Yes Tera Type: Water - Surf - Wave Crash - Sleep Talk - Protect Tatsugiri (Tatsugiri-Stretchy) @ Choice Scarf Ability: Commander Level: 50 Tera Type: Steel - Muddy Water - Draco Meteor - Icy Wind - Sleep Talk Glimmora @ Assault Vest Ability: Corrosion Level: 50 Tera Type: Grass - Sludge Bomb - Earth Power - Energy Ball - Mortal Spin Iron Bundle @ Booster Energy Ability: Quark Drive Level: 50 Shiny: Yes Tera Type: Steel - Freeze-Dry - Icy Wind - Hydro Pump - Protect Chi-Yu @ Choice Specs Ability: Beads of Ruin Level: 50 Tera Type: Grass - Heat Wave - Overheat - Dark Pulse - Tera Blast Pelipper @ Focus Sash Ability: Drizzle Level: 50 Shiny: Yes Tera Type: Ghost - Hurricane - Quick Attack - Tailwind - Protect <\/details><\/div> Open Team Sheet for Lelandvgc<\/summary>Rock solid (Stonjourner) @ Focus Sash Ability: Power Spot Level: 50 Shiny: Yes Tera Type: Rock - Rock Slide - Protect - Wide Guard - Low Kick Rock maniac (Flutter Mane) @ Choice Specs Ability: Protosynthesis Level: 50 Tera Type: Fairy - Dazzling Gleam - Moonblast - Shadow Ball - Mystical Fire Slug rock (Gastrodon-East) @ Leftovers Ability: Storm Drain Level: 50 Tera Type: Fire - Protect - Muddy Water - Yawn - Earth Power Doggie rock (Arcanine) @ Sitrus Berry Ability: Intimidate Level: 50 Tera Type: Water - Snarl - Extreme Speed - Flare Blitz - Will-O-Wisp Robot rock (Iron Bundle) @ Booster Energy Ability: Quark Drive Level: 50 Tera Type: Grass - Icy Wind - Hydro Pump - Freeze-Dry - Protect Brute Bonnet @ Loaded Dice Ability: Protosynthesis Level: 50 Tera Type: Poison - Bullet Seed - Protect - Spore - Crunch <\/details><\/div>\n|j| Bakonlikescufant\n|j| La Strada\n|l| Bakonlikescufant\n|j| Bakonlikescufant\n|\n|t:|1682797477\n|start\n|switch|p1a: Glimmora|Glimmora, L50, F|100\/100\n|switch|p1b: Dondozo|Dondozo, L50, M, shiny|100\/100\n|switch|p2a: Rock solid|Stonjourner, L50, M, shiny|100\/100\n|switch|p2b: Rock maniac|Flutter Mane, L50|100\/100\n|turn|1\n|\n|t:|1682797496\n|switch|p2a: Slug rock|Gastrodon-East, L50, M|100\/100\n|move|p1b: Dondozo|Protect|p1b: Dondozo\n|-singleturn|p1b: Dondozo|Protect\n|move|p2b: Rock maniac|Shadow Ball|p1a: Glimmora\n|-damage|p1a: Glimmora|53\/100\n|move|p1a: Glimmora|Mortal Spin|p2a: Slug rock|[spread] p2a,p2b\n|-resisted|p2a: Slug rock\n|-crit|p2b: Rock maniac\n|-damage|p2a: Slug rock|98\/100\n|-damage|p2b: Rock maniac|87\/100\n|-status|p2a: Slug rock|psn\n|-status|p2b: Rock maniac|psn\n|\n|-heal|p2a: Slug rock|100\/100 psn|[from] item: Leftovers\n|-damage|p2b: Rock maniac|75\/100 psn|[from] psn\n|-damage|p2a: Slug rock|88\/100 psn|[from] psn\n|upkeep\n|turn|2\n|l| Bakonlikescufant\n|\n|t:|1682797555\n|switch|p1a: Tatsugiri|Tatsugiri-Stretchy, L50, M|100\/100\n|-activate|p1a: Tatsugiri|ability: Commander|[of] p1b: Dondozo\n|-boost|p1b: Dondozo|atk|2\n|-boost|p1b: Dondozo|spa|2\n|-boost|p1b: Dondozo|spe|2\n|-boost|p1b: Dondozo|def|2\n|-boost|p1b: Dondozo|spd|2\n|move|p1b: Dondozo|Protect|p1b: Dondozo\n|-singleturn|p1b: Dondozo|Protect\n|move|p2b: Rock maniac|Shadow Ball|p1b: Dondozo\n|-activate|p1b: Dondozo|move: Protect\n|move|p2a: Slug rock|Muddy Water|p1b: Dondozo|[spread] \n|-miss|p2a: Slug rock|p1a: Tatsugiri\n|-activate|p1b: Dondozo|move: Protect\n|\n|-heal|p2a: Slug rock|94\/100 psn|[from] item: Leftovers\n|-damage|p2b: Rock maniac|62\/100 psn|[from] psn\n|-damage|p2a: Slug rock|82\/100 psn|[from] psn\n|upkeep\n|turn|3\n|\n|t:|1682797577\n|move|p2b: Rock maniac|Shadow Ball|p1b: Dondozo\n|-damage|p1b: Dondozo|64\/100\n|move|p1b: Dondozo|Surf|p2b: Rock maniac|[spread] p2b\n|-miss|p1b: Dondozo|p1a: Tatsugiri\n|-ability|p2a: Slug rock|Storm Drain|boost\n|-boost|p2a: Slug rock|spa|1\n|-damage|p2b: Rock maniac|0 fnt\n|faint|p2b: Rock maniac\n|-end|p2b: Rock maniac|Protosynthesis|[silent]\n|-damage|p1b: Dondozo|55\/100|[from] item: Life Orb\n|move|p2a: Slug rock|Yawn|p1b: Dondozo\n|-start|p1b: Dondozo|move: Yawn|[of] p2a: Slug rock\n|\n|-heal|p2a: Slug rock|88\/100 psn|[from] item: Leftovers\n|-damage|p2a: Slug rock|75\/100 psn|[from] psn\n|upkeep\n|\n|t:|1682797598\n|switch|p2b: Brute Bonnet|Brute Bonnet, L50|100\/100\n|turn|4\n|\n|t:|1682797621\n|move|p1b: Dondozo|Sleep Talk||[still]\n|-fail|p1b: Dondozo\n|move|p2b: Brute Bonnet|Bullet Seed|p1b: Dondozo\n|-supereffective|p1b: Dondozo\n|-damage|p1b: Dondozo|41\/100\n|-supereffective|p1b: Dondozo\n|-damage|p1b: Dondozo|30\/100\n|-supereffective|p1b: Dondozo\n|-damage|p1b: Dondozo|19\/100\n|-supereffective|p1b: Dondozo\n|-damage|p1b: Dondozo|8\/100\n|-hitcount|p1b: Dondozo|4\n|move|p2a: Slug rock|Earth Power|p1b: Dondozo\n|-damage|p1b: Dondozo|0 fnt\n|faint|p1b: Dondozo\n|\n|-heal|p2a: Slug rock|81\/100 psn|[from] item: Leftovers\n|-damage|p2a: Slug rock|69\/100 psn|[from] psn\n|upkeep\n|inactive|Battle timer is ON: inactive players will automatically lose when time's up. (requested by Lelandvgc)\n|\n|t:|1682797634\n|switch|p1b: Chi-Yu|Chi-Yu, L50|100\/100\n|-ability|p1b: Chi-Yu|Beads of Ruin\n|turn|5\n|inactive|Lelandvgc has 30 seconds left.\n|inactive|Modern2 has 30 seconds left.\n|inactive|Lelandvgc has 20 seconds left.\n|\n|t:|1682797671\n|-terastallize|p1b: Chi-Yu|Grass\n|-terastallize|p2b: Brute Bonnet|Poison\n|move|p2a: Slug rock|Protect|p2a: Slug rock\n|-singleturn|p2a: Slug rock|Protect\n|move|p1a: Tatsugiri|Draco Meteor|p2a: Slug rock\n|-activate|p2a: Slug rock|move: Protect\n|move|p1b: Chi-Yu|Overheat|p2b: Brute Bonnet\n|-damage|p2b: Brute Bonnet|0 fnt\n|-unboost|p1b: Chi-Yu|spa|2\n|faint|p2b: Brute Bonnet\n|-end|p2b: Brute Bonnet|Protosynthesis|[silent]\n|\n|-heal|p2a: Slug rock|75\/100 psn|[from] item: Leftovers\n|-damage|p2a: Slug rock|62\/100 psn|[from] psn\n|upkeep\n|\n|t:|1682797690\n|switch|p2b: Rock solid|Stonjourner, L50, M, shiny|100\/100\n|turn|6\n|\n|t:|1682797698\n|move|p1a: Tatsugiri|Draco Meteor|p2a: Slug rock\n|-damage|p2a: Slug rock|0 fnt\n|-unboost|p1a: Tatsugiri|spa|2\n|faint|p2a: Slug rock\n|move|p1b: Chi-Yu|Overheat|p2b: Rock solid|[miss]\n|-miss|p1b: Chi-Yu|p2b: Rock solid\n|move|p2b: Rock solid|Rock Slide|p1b: Chi-Yu|[spread] p1a,p1b\n|-damage|p1a: Tatsugiri|55\/100\n|-damage|p1b: Chi-Yu|67\/100\n|\n|upkeep\n|turn|7\n|\n|t:|1682797710\n|switch|p1b: Glimmora|Glimmora, L50, F|53\/100\n|move|p1a: Tatsugiri|Draco Meteor|p2b: Rock solid\n|-damage|p2b: Rock solid|51\/100\n|-unboost|p1a: Tatsugiri|spa|2\n|move|p2b: Rock solid|Rock Slide|p1a: Tatsugiri|[spread] p1a,p1b\n|-damage|p1a: Tatsugiri|9\/100\n|-damage|p1b: Glimmora|24\/100\n|\n|upkeep\n|turn|8\n|\n|t:|1682797722\n|move|p1a: Tatsugiri|Draco Meteor|p2b: Rock solid\n|-damage|p2b: Rock solid|14\/100\n|-unboost|p1a: Tatsugiri|spa|2\n|move|p1b: Glimmora|Energy Ball|p2b: Rock solid\n|-supereffective|p2b: Rock solid\n|-damage|p2b: Rock solid|0 fnt\n|faint|p2b: Rock solid\n|\n|win|Modern2\n|n|\u2606Modern2|modern2\n|n|\u2606Lelandvgc|lelandvgc\n|n| La Strada|lastrada\n|l| La Strada\n|l|\u2606Lelandvgc\n","uploadtime":1682797726,"views":16,"p1id":"modern2","p2id":"lelandvgc","formatid":"gen9vgc2023regulationc","rating":0,"private":0,"password":""}