{"id":"gen9vgc2023regulationc-1855042639","p1":"Cillax","p2":"Flutterhawk","format":"[Gen 9] VGC 2023 Regulation C","log":"|j|\u2606Cillax\n|j|\u2606Flutterhawk\n|t:|1682894351\n|gametype|doubles\n|player|p1|Cillax|170|1109\n|player|p2|Flutterhawk|pokekid|1078\n|teamsize|p1|6\n|teamsize|p2|6\n|gen|9\n|tier|[Gen 9] VGC 2023 Regulation C\n|rated|\n|rule|Species Clause: Limit one of each Pok\u00e9mon\n|rule|Item Clause: Limit one of each item\n|clearpoke\n|poke|p1|Chi-Yu, L50|\n|poke|p1|Armarouge, L50, F|\n|poke|p1|Indeedee-F, L50, F|\n|poke|p1|Tyranitar, L50, M|\n|poke|p1|Dragapult, L50, M|\n|poke|p1|Torkoal, L50, M|\n|poke|p2|Meowscarada, L50, F|\n|poke|p2|Palafin, L50, F|\n|poke|p2|Dragapult, L50, F|\n|poke|p2|Armarouge, L50, M|\n|poke|p2|Chien-Pao, L50|\n|poke|p2|Toedscruel, L50, M|\n|teampreview|4\n|inactive|Battle timer is ON: inactive players will automatically lose when time's up. (requested by Cillax)\n|inactive|Flutterhawk has 60 seconds left.\n|inactive|Flutterhawk has 30 seconds left.\n|\n|t:|1682894429\n|start\n|switch|p1a: Armarouge|Armarouge, L50, F|100\/100\n|switch|p1b: Indeedee|Indeedee-F, L50, F|100\/100\n|switch|p2a: Lockheed|Dragapult, L50, F|100\/100\n|switch|p2b: Sayaka|Palafin, L50, F|100\/100\n|-fieldstart|move: Psychic Terrain|[from] ability: Psychic Surge|[of] p1b: Indeedee\n|turn|1\n|inactive|Flutterhawk has 30 seconds left.\n|inactive|Flutterhawk has 20 seconds left.\n|inactive|Flutterhawk has 15 seconds left.\n|inactive|Flutterhawk has 10 seconds left.\n|inactive|Flutterhawk has 5 seconds left.\n|\n|t:|1682894482\n|detailschange|p2b: Sayaka|Palafin-Hero, L50, F\n|switch|p2b: Koro-sensei|Toedscruel, L50, M|100\/100\n|move|p1b: Indeedee|Follow Me|p1b: Indeedee\n|-singleturn|p1b: Indeedee|move: Follow Me\n|move|p2a: Lockheed|Dragon Darts|p1b: Indeedee\n|-damage|p1b: Indeedee|71\/100\n|-anim|p2a: Lockheed|Dragon Darts|p1b: Indeedee\n|-damage|p1b: Indeedee|40\/100\n|move|p1a: Armarouge|Trick Room|p1a: Armarouge\n|-fieldstart|move: Trick Room|[of] p1a: Armarouge\n|\n|upkeep\n|turn|2\n|inactive|Flutterhawk has 30 seconds left.\n|inactive|Flutterhawk has 20 seconds left.\n|inactive|Flutterhawk has 15 seconds left.\n|\n|t:|1682894524\n|move|p2a: Lockheed|Protect|p2a: Lockheed\n|-singleturn|p2a: Lockheed|Protect\n|move|p2b: Koro-sensei|Protect|p2b: Koro-sensei\n|-singleturn|p2b: Koro-sensei|Protect\n|move|p1a: Armarouge|Shadow Ball|p2a: Lockheed\n|-activate|p2a: Lockheed|move: Protect\n|move|p1b: Indeedee|Psyshock|p2b: Koro-sensei\n|-activate|p2b: Koro-sensei|move: Protect\n|\n|upkeep\n|turn|3\n|inactive|Flutterhawk has 30 seconds left.\n|inactive|Flutterhawk has 20 seconds left.\n|inactive|Flutterhawk has 15 seconds left.\n|inactive|Flutterhawk has 10 seconds left.\n|\n|t:|1682894571\n|-terastallize|p2a: Lockheed|Steel\n|move|p1a: Armarouge|Shadow Ball|p2a: Lockheed\n|-damage|p2a: Lockheed|48\/100\n|-damage|p1a: Armarouge|91\/100|[from] item: Life Orb\n|move|p1b: Indeedee|Psyshock|p2b: Koro-sensei\n|-crit|p2b: Koro-sensei\n|-damage|p2b: Koro-sensei|57\/100\n|move|p2b: Koro-sensei|Earth Power|p1a: Armarouge\n|-supereffective|p1a: Armarouge\n|-damage|p1a: Armarouge|30\/100\n|move|p2a: Lockheed|Dragon Darts|p1a: Armarouge\n|-damage|p1a: Armarouge|6\/100\n|-anim|p2a: Lockheed|Dragon Darts|p1b: Indeedee\n|-damage|p1b: Indeedee|10\/100\n|\n|upkeep\n|turn|4\n|\n|t:|1682894596\n|switch|p1b: Torkoal|Torkoal, L50, M|100\/100\n|-weather|SunnyDay|[from] ability: Drought|[of] p1b: Torkoal\n|move|p2a: Lockheed|Protect|p2a: Lockheed\n|-singleturn|p2a: Lockheed|Protect\n|move|p2b: Koro-sensei|Protect|p2b: Koro-sensei\n|-singleturn|p2b: Koro-sensei|Protect\n|move|p1a: Armarouge|Armor Cannon|p2a: Lockheed\n|-activate|p2a: Lockheed|move: Protect\n|\n|-weather|SunnyDay|[upkeep]\n|upkeep\n|turn|5\n|inactive|Flutterhawk has 30 seconds left.\n|inactive|Flutterhawk has 20 seconds left.\n|inactive|Flutterhawk has 15 seconds left.\n|inactive|Flutterhawk has 10 seconds left.\n|inactive|Flutterhawk has 5 seconds left.\n|\n|t:|1682894649\n|switch|p2b: Zuko|Armarouge, L50, M|100\/100\n|switch|p2a: Sayaka|Palafin-Hero, L50, F|100\/100\n|-activate|p2a: Sayaka|ability: Zero to Hero\n|move|p1b: Torkoal|Eruption|p2a: Sayaka|[spread] p2a,p2b\n|-resisted|p2a: Sayaka\n|-resisted|p2b: Zuko\n|-damage|p2a: Sayaka|44\/100\n|-damage|p2b: Zuko|38\/100\n|move|p1a: Armarouge|Expanding Force|p2b: Zuko|[spread] p2a,p2b\n|-resisted|p2b: Zuko\n|-damage|p2a: Sayaka|0 fnt\n|-damage|p2b: Zuko|0 fnt\n|faint|p2a: Sayaka\n|faint|p2b: Zuko\n|-damage|p1a: Armarouge|0 fnt|[from] item: Life Orb\n|faint|p1a: Armarouge\n|\n|-weather|SunnyDay|[upkeep]\n|-fieldend|move: Trick Room\n|-fieldend|move: Psychic Terrain\n|upkeep\n|\n|t:|1682894669\n|switch|p2a: Koro-sensei|Toedscruel, L50, M|57\/100\n|switch|p2b: Lockheed|Dragapult, L50, F, tera:Steel|48\/100\n|switch|p1a: Chi-Yu|Chi-Yu, L50|100\/100\n|-ability|p1a: Chi-Yu|Beads of Ruin\n|turn|6\n|inactive|Flutterhawk has 30 seconds left.\n|inactive|Flutterhawk has 20 seconds left.\n|inactive|Flutterhawk has 15 seconds left.\n|inactive|Flutterhawk has 10 seconds left.\n|inactive|Flutterhawk has 5 seconds left.\n|\n|t:|1682894719\n|-terastallize|p1a: Chi-Yu|Steel\n|move|p2a: Koro-sensei|Rage Powder|p2a: Koro-sensei\n|-singleturn|p2a: Koro-sensei|move: Rage Powder\n|move|p1a: Chi-Yu|Heat Wave|p2b: Lockheed|[spread] p2a,p2b\n|-supereffective|p2a: Koro-sensei\n|-supereffective|p2b: Lockheed\n|-damage|p2a: Koro-sensei|0 fnt\n|-damage|p2b: Lockheed|0 fnt\n|faint|p2a: Koro-sensei\n|faint|p2b: Lockheed\n|\n|win|Cillax\n|raw|Cillax's rating: 1109 → 1132<\/strong> (+23 for winning)\n|raw|Flutterhawk's rating: 1078 → 1058<\/strong> (-20 for losing)\n|l|\u2606Cillax\n","uploadtime":1682894764,"views":6,"p1id":"cillax","p2id":"flutterhawk","formatid":"gen9vgc2023regulationc","rating":1058,"private":0,"password":""}