{"id":"gen9vgc2023regulationc-1857487351","p1":"sk1191212","p2":"haha you rage quit","format":"[Gen 9] VGC 2023 Regulation C","log":"|j|\u2606sk1191212\n|j|\u2606haha you rage quit\n|t:|1683200470\n|gametype|doubles\n|player|p1|sk1191212|265|1094\n|player|p2|haha you rage quit|pokemaniac|1177\n|teamsize|p1|6\n|teamsize|p2|6\n|gen|9\n|tier|[Gen 9] VGC 2023 Regulation C\n|rated|\n|rule|Species Clause: Limit one of each Pok\u00e9mon\n|rule|Item Clause: Limit one of each item\n|clearpoke\n|poke|p1|Scream Tail, L50|\n|poke|p1|Arcanine, L50, M|\n|poke|p1|Chi-Yu, L50|\n|poke|p1|Flutter Mane, L50|\n|poke|p1|Clawitzer, L50, M|\n|poke|p1|Scizor, L50, M|\n|poke|p2|Flutter Mane, L50|\n|poke|p2|Chi-Yu, L50|\n|poke|p2|Baxcalibur, L50, M|\n|poke|p2|Gholdengo, L50|\n|poke|p2|Iron Bundle, L50|\n|poke|p2|Murkrow, L50, M|\n|teampreview|4\nsk1191212 has agreed to open team sheets.\n|\n|t:|1683200521\n|start\n|switch|p1a: Clawitzer|Clawitzer, L50, M|100\/100\n|switch|p1b: Arcanine|Arcanine, L50, M|100\/100\n|switch|p2a: Gholdengo|Gholdengo, L50|100\/100\n|switch|p2b: Murkrow|Murkrow, L50, M|100\/100\n|turn|1\n|\n|t:|1683200555\n|move|p2a: Gholdengo|Protect|p2a: Gholdengo\n|-singleturn|p2a: Gholdengo|Protect\n|move|p2b: Murkrow|Tailwind|p2b: Murkrow\n|-sidestart|p2: haha you rage quit|move: Tailwind\n|move|p1b: Arcanine|Flare Blitz|p2a: Gholdengo\n|-activate|p2a: Gholdengo|move: Protect\n|move|p1a: Clawitzer|Dark Pulse|p2a: Gholdengo\n|-activate|p2a: Gholdengo|move: Protect\n|\n|upkeep\n|turn|2\n|inactive|Battle timer is ON: inactive players will automatically lose when time's up. (requested by haha you rage quit)\n|\n|t:|1683200585\n|move|p2b: Murkrow|Foul Play|p2a: Gholdengo\n|-supereffective|p2a: Gholdengo\n|-damage|p2a: Gholdengo|71\/100\n|-enditem|p2a: Gholdengo|Weakness Policy\n|-boost|p2a: Gholdengo|atk|2|[from] item: Weakness Policy\n|-boost|p2a: Gholdengo|spa|2|[from] item: Weakness Policy\n|move|p2a: Gholdengo|Power Gem|p1b: Arcanine\n|-supereffective|p1b: Arcanine\n|-damage|p1b: Arcanine|0 fnt\n|faint|p1b: Arcanine\n|move|p1a: Clawitzer|Dark Pulse|p2a: Gholdengo\n|-supereffective|p2a: Gholdengo\n|-crit|p2a: Gholdengo\n|-damage|p2a: Gholdengo|0 fnt\n|faint|p2a: Gholdengo\n|\n|upkeep\n|inactive|sk1191212 has 30 seconds left.\n|\n|t:|1683200613\n|switch|p1b: Flutter Mane|Flutter Mane, L50|100\/100\n|switch|p2a: Baxcalibur|Baxcalibur, L50, M|100\/100\n|-enditem|p1b: Flutter Mane|Booster Energy\n|-activate|p1b: Flutter Mane|ability: Protosynthesis|[fromitem]\n|-start|p1b: Flutter Mane|protosynthesisspa\n|turn|3\n|\n|t:|1683200632\n|move|p2b: Murkrow|Foul Play|p1a: Clawitzer\n|-damage|p1a: Clawitzer|76\/100\n|move|p2a: Baxcalibur|Glaive Rush|p1a: Clawitzer\n|-damage|p1a: Clawitzer|0 fnt\n|-singlemove|p2a: Baxcalibur|Glaive Rush|[silent]\n|faint|p1a: Clawitzer\n|move|p1b: Flutter Mane|Moonblast|p2b: Murkrow\n|-supereffective|p2b: Murkrow\n|-enditem|p2b: Murkrow|Focus Sash\n|-damage|p2b: Murkrow|1\/100\n|\n|upkeep\n|\n|t:|1683200645\n|switch|p1a: Scizor|Scizor, L50, M|100\/100\n|turn|4\n|\n|t:|1683200664\n|-terastallize|p2a: Baxcalibur|Steel\n|move|p2b: Murkrow|Protect|p2b: Murkrow\n|-singleturn|p2b: Murkrow|Protect\n|move|p2a: Baxcalibur|Icicle Spear|p1b: Flutter Mane\n|-damage|p1b: Flutter Mane|66\/100\n|-damage|p1b: Flutter Mane|31\/100\n|-damage|p1b: Flutter Mane|0 fnt\n|faint|p1b: Flutter Mane\n|-end|p1b: Flutter Mane|Protosynthesis|[silent]\n|-hitcount|p1: Flutter Mane|3\n|move|p1a: Scizor|Tailwind|p1a: Scizor\n|-sidestart|p1: sk1191212|move: Tailwind\n|\n|-sideend|p2: haha you rage quit|move: Tailwind\n|upkeep\n|turn|5\n|\n|t:|1683200687\n|move|p1a: Scizor|Close Combat|p2a: Baxcalibur\n|-supereffective|p2a: Baxcalibur\n|-crit|p2a: Baxcalibur\n|-damage|p2a: Baxcalibur|0 fnt\n|-unboost|p1a: Scizor|def|1\n|-unboost|p1a: Scizor|spd|1\n|faint|p2a: Baxcalibur\n|move|p2b: Murkrow|Foul Play|p1a: Scizor\n|-damage|p1a: Scizor|29\/100\n|\n|upkeep\n|\n|t:|1683200691\n|switch|p2a: Chi-Yu|Chi-Yu, L50|100\/100\n|-ability|p2a: Chi-Yu|Beads of Ruin\n|turn|6\n|\n|t:|1683200702\n|-terastallize|p1a: Scizor|Water\n|move|p1a: Scizor|Bullet Punch|p2b: Murkrow\n|-crit|p2b: Murkrow\n|-damage|p2b: Murkrow|0 fnt\n|faint|p2b: Murkrow\n|move|p2a: Chi-Yu|Heat Wave|p1a: Scizor\n|-resisted|p1a: Scizor\n|-damage|p1a: Scizor|0 fnt\n|faint|p1a: Scizor\n|\n|win|haha you rage quit\n|raw|sk1191212's rating: 1094 → 1076<\/strong> (-18 for losing)\n|raw|haha you rage quit's rating: 1177 → 1196<\/strong> (+19 for winning)\n","uploadtime":1683200721,"views":5,"p1id":"sk1191212","p2id":"hahayouragequit","formatid":"gen9vgc2023regulationc","rating":1076,"private":0,"password":""}