{"id":"gen9vgc2023regulationc-1857638083","p1":"bigboohbahs","p2":"Citoraptor","format":"[Gen 9] VGC 2023 Regulation C","log":"|j|\u2606bigboohbahs\n|j|\u2606Citoraptor\n|t:|1683216542\n|gametype|doubles\n|player|p1|bigboohbahs|lance|1223\n|player|p2|Citoraptor|102|1120\n|teamsize|p1|6\n|teamsize|p2|6\n|gen|9\n|tier|[Gen 9] VGC 2023 Regulation C\n|rated|\n|rule|Species Clause: Limit one of each Pok\u00e9mon\n|rule|Item Clause: Limit one of each item\n|clearpoke\n|poke|p1|Iron Bundle, L50|\n|poke|p1|Dondozo, L50, M|\n|poke|p1|Dragonite, L50, M|\n|poke|p1|Tatsugiri, L50, F|\n|poke|p1|Chi-Yu, L50|\n|poke|p1|Iron Hands, L50|\n|poke|p2|Roaring Moon, L50|\n|poke|p2|Talonflame, L50, M|\n|poke|p2|Gholdengo, L50|\n|poke|p2|Chien-Pao, L50|\n|poke|p2|Palafin, L50, F|\n|poke|p2|Maushold-Four, L50|\n|teampreview|4\n|inactive|Battle timer is ON: inactive players will automatically lose when time's up. (requested by bigboohbahs)\n|inactive|bigboohbahs has 60 seconds left.\n|inactive|Citoraptor has 60 seconds left.\nCitoraptor has agreed to open team sheets.\n|\n|t:|1683216595\n|start\n|switch|p1a: Chi-Yu|Chi-Yu, L50|100\/100\n|switch|p1b: Iron Bundle|Iron Bundle, L50|100\/100\n|switch|p2a: Palafin|Palafin, L50, F|100\/100\n|switch|p2b: Talonflame|Talonflame, L50, M|100\/100\n|-ability|p1a: Chi-Yu|Beads of Ruin\n|-enditem|p1b: Iron Bundle|Booster Energy\n|-activate|p1b: Iron Bundle|ability: Quark Drive|[fromitem]\n|-start|p1b: Iron Bundle|quarkdrivespe\n|turn|1\n|inactive|bigboohbahs has 30 seconds left.\n|inactive|Citoraptor has 30 seconds left.\n|inactive|Citoraptor has 20 seconds left.\n|inactive|Citoraptor has 15 seconds left.\n|inactive|Citoraptor has 10 seconds left.\n|\n|t:|1683216642\n|move|p2b: Talonflame|Tailwind|p2b: Talonflame\n|-sidestart|p2: Citoraptor|move: Tailwind\n|move|p2a: Palafin|Jet Punch|p1a: Chi-Yu\n|-supereffective|p1a: Chi-Yu\n|-damage|p1a: Chi-Yu|7\/100\n|move|p1b: Iron Bundle|Icy Wind|p2a: Palafin|[spread] p2a,p2b\n|-resisted|p2a: Palafin\n|-damage|p2a: Palafin|80\/100\n|-damage|p2b: Talonflame|63\/100\n|-unboost|p2a: Palafin|spe|1\n|move|p1a: Chi-Yu|Heat Wave|p2a: Palafin|[spread] p2a,p2b\n|-resisted|p2a: Palafin\n|-resisted|p2b: Talonflame\n|-damage|p2a: Palafin|40\/100\n|-damage|p2b: Talonflame|26\/100\n|\n|upkeep\n|turn|2\n|inactive|Citoraptor has 30 seconds left.\n|\n|t:|1683216669\n|move|p2a: Palafin|Protect|p2a: Palafin\n|-singleturn|p2a: Palafin|Protect\n|move|p1a: Chi-Yu|Protect|p1a: Chi-Yu\n|-singleturn|p1a: Chi-Yu|Protect\n|move|p2b: Talonflame|Will-O-Wisp|p1b: Iron Bundle\n|-status|p1b: Iron Bundle|brn\n|move|p1b: Iron Bundle|Icy Wind|p2a: Palafin|[spread] p2b\n|-activate|p2a: Palafin|move: Protect\n|-damage|p2b: Talonflame|0 fnt\n|faint|p2b: Talonflame\n|\n|-damage|p1b: Iron Bundle|94\/100 brn|[from] brn\n|upkeep\n|\n|t:|1683216686\n|switch|p2b: Chien-Pao|Chien-Pao, L50|100\/100\n|-ability|p2b: Chien-Pao|Sword of Ruin\n|turn|3\n|inactive|bigboohbahs has 30 seconds left.\n|inactive|Citoraptor has 30 seconds left.\n|inactive|Citoraptor has 20 seconds left.\n|\n|t:|1683216727\n|-end|p1b: Iron Bundle|Quark Drive|[silent]\n|switch|p1b: Dondozo|Dondozo, L50, M|100\/100\n|switch|p1a: Tatsugiri|Tatsugiri, L50, F|100\/100\n|-activate|p1a: Tatsugiri|ability: Commander|[of] p1b: Dondozo\n|-boost|p1b: Dondozo|atk|2\n|-boost|p1b: Dondozo|spa|2\n|-boost|p1b: Dondozo|spe|2\n|-boost|p1b: Dondozo|def|2\n|-boost|p1b: Dondozo|spd|2\n|move|p2a: Palafin|Jet Punch|p1b: Dondozo\n|-resisted|p1b: Dondozo\n|-damage|p1b: Dondozo|93\/100\n|move|p2b: Chien-Pao|Sacred Sword|p1b: Dondozo\n|-damage|p1b: Dondozo|65\/100\n|\n|-heal|p1b: Dondozo|71\/100|[from] item: Leftovers\n|upkeep\n|turn|4\n|inactive|bigboohbahs has 30 seconds left.\n|\n|t:|1683216754\n|detailschange|p2a: Palafin|Palafin-Hero, L50, F\n|switch|p2a: Roaring Moon|Roaring Moon, L50, shiny|100\/100\n|-enditem|p2a: Roaring Moon|Booster Energy\n|-activate|p2a: Roaring Moon|ability: Protosynthesis|[fromitem]\n|-start|p2a: Roaring Moon|protosynthesisatk\n|move|p2b: Chien-Pao|Haze|p2b: Chien-Pao\n|-clearallboost\n|move|p1b: Dondozo|Earthquake|p2b: Chien-Pao|[spread] p2a,p2b\n|-miss|p1b: Dondozo|p1a: Tatsugiri\n|-damage|p2a: Roaring Moon|55\/100\n|-damage|p2b: Chien-Pao|66\/100\n|\n|-heal|p1b: Dondozo|77\/100|[from] item: Leftovers\n|-sideend|p2: Citoraptor|move: Tailwind\n|upkeep\n|turn|5\n|-message|bigboohbahs forfeited.\n|\n|win|Citoraptor\n|raw|bigboohbahs's rating: 1223 → 1191<\/strong> (-32 for losing)\n|raw|Citoraptor's rating: 1120 → 1152<\/strong> (+32 for winning)\n|l|\u2606bigboohbahs\n","uploadtime":1683216794,"views":10,"p1id":"bigboohbahs","p2id":"citoraptor","formatid":"gen9vgc2023regulationc","rating":1152,"private":0,"password":""}