{"id":"gen9vgc2023regulationc-1856805461","p1":"H75083804","p2":"RitmanTesting1","format":"[Gen 9] VGC 2023 Regulation C","log":"|j|\u203dH75083804\n|j|\u2606RitmanTesting1\n|t:|1683113980\n|gametype|doubles\n|player|p1|H75083804|lady-gen4|1408\n|player|p2|RitmanTesting1|byron|1449\n|teamsize|p1|6\n|teamsize|p2|6\n|gen|9\n|tier|[Gen 9] VGC 2023 Regulation C\n|rated|\n|rule|Species Clause: Limit one of each Pok\u00e9mon\n|rule|Item Clause: Limit one of each item\n|clearpoke\n|poke|p1|Arcanine, L50, M|\n|poke|p1|Pelipper, L50, M|\n|poke|p1|Vaporeon, L50, F|\n|poke|p1|Scizor, L50, M|\n|poke|p1|Chien-Pao, L50|\n|poke|p1|Iron Hands, L50|\n|poke|p2|Arcanine, L50, F|\n|poke|p2|Flutter Mane, L50|\n|poke|p2|Rotom-Wash, L50|\n|poke|p2|Dragonite, L50, F|\n|poke|p2|Chien-Pao, L50|\n|poke|p2|Amoonguss, L50, M|\n|teampreview|4\n|inactive|Battle timer is ON: inactive players will automatically lose when time's up. (requested by RitmanTesting1)\nRitmanTesting1 has agreed to open team sheets.\n|\n|t:|1683114004\n|start\n|switch|p1a: Pelipper|Pelipper, L50, M|100\/100\n|switch|p1b: Vaporeon|Vaporeon, L50, F|100\/100\n|switch|p2a: Dragonite|Dragonite, L50, F|100\/100\n|switch|p2b: Amoonguss|Amoonguss, L50, M|100\/100\n|-weather|RainDance|[from] ability: Drizzle|[of] p1a: Pelipper\n|turn|1\n|\n|t:|1683114021\n|-terastallize|p1b: Vaporeon|Grass\n|move|p2b: Amoonguss|Protect|p2b: Amoonguss\n|-singleturn|p2b: Amoonguss|Protect\n|move|p2a: Dragonite|Dragon Dance|p2a: Dragonite\n|-boost|p2a: Dragonite|atk|1\n|-boost|p2a: Dragonite|spe|1\n|move|p1a: Pelipper|Hurricane|p2b: Amoonguss\n|-activate|p2b: Amoonguss|move: Protect\n|move|p1b: Vaporeon|Muddy Water|p2a: Dragonite|[spread] \n|-activate|p2b: Amoonguss|move: Protect\n|-miss|p1b: Vaporeon|p2a: Dragonite\n|\n|-weather|RainDance|[upkeep]\n|upkeep\n|turn|2\n|\n|t:|1683114042\n|switch|p2b: Chien-Pao|Chien-Pao, L50|100\/100\n|-ability|p2b: Chien-Pao|Sword of Ruin\n|-terastallize|p2a: Dragonite|Normal\n|move|p2a: Dragonite|Extreme Speed|p1b: Vaporeon\n|-damage|p1b: Vaporeon|20\/100\n|move|p1a: Pelipper|Tailwind|p1a: Pelipper\n|-sidestart|p1: H75083804|move: Tailwind\n|move|p1b: Vaporeon|Muddy Water|p2b: Chien-Pao|[spread] p2a,p2b\n|-damage|p2a: Dragonite|60\/100\n|-damage|p2b: Chien-Pao|21\/100\n|\n|-weather|RainDance|[upkeep]\n|-heal|p1b: Vaporeon|26\/100|[from] item: Leftovers\n|upkeep\n|turn|3\n|\n|t:|1683114066\n|move|p2b: Chien-Pao|Protect|p2b: Chien-Pao\n|-singleturn|p2b: Chien-Pao|Protect\n|move|p1b: Vaporeon|Detect|p1b: Vaporeon\n|-singleturn|p1b: Vaporeon|Protect\n|move|p2a: Dragonite|Extreme Speed|p1a: Pelipper\n|-damage|p1a: Pelipper|17\/100\n|move|p1a: Pelipper|Surf|p2b: Chien-Pao|[spread] p2a\n|-activate|p1b: Vaporeon|move: Protect\n|-activate|p2b: Chien-Pao|move: Protect\n|-damage|p2a: Dragonite|32\/100\n|\n|-weather|RainDance|[upkeep]\n|-heal|p1b: Vaporeon|32\/100|[from] item: Leftovers\n|upkeep\n|turn|4\n|inactive|H75083804 has 30 seconds left.\n|\n|t:|1683114097\n|move|p2a: Dragonite|Extreme Speed|p1b: Vaporeon\n|-damage|p1b: Vaporeon|0 fnt\n|faint|p1b: Vaporeon\n|move|p2b: Chien-Pao|Sucker Punch|p1a: Pelipper\n|-damage|p1a: Pelipper|0 fnt\n|faint|p1a: Pelipper\n|\n|-weather|RainDance|[upkeep]\n|upkeep\n|\n|t:|1683114105\n|switch|p1a: Chien-Pao|Chien-Pao, L50|100\/100\n|switch|p1b: Scizor|Scizor, L50, M|100\/100\n|-ability|p1a: Chien-Pao|Sword of Ruin\n|turn|5\n|\n|t:|1683114121\n|move|p1a: Chien-Pao|Protect|p1a: Chien-Pao\n|-singleturn|p1a: Chien-Pao|Protect\n|move|p2b: Chien-Pao|Protect|p2b: Chien-Pao\n|-singleturn|p2b: Chien-Pao|Protect\n|move|p2a: Dragonite|Protect|p2a: Dragonite\n|-singleturn|p2a: Dragonite|Protect\n|move|p1b: Scizor|Bullet Punch|p2a: Dragonite\n|-activate|p2a: Dragonite|move: Protect\n|\n|-weather|none\n|-sideend|p1: H75083804|move: Tailwind\n|upkeep\n|turn|6\n|\n|t:|1683114135\n|move|p1a: Chien-Pao|Protect||[still]\n|-fail|p1a: Chien-Pao\n|move|p2a: Dragonite|Extreme Speed|p1a: Chien-Pao\n|-damage|p1a: Chien-Pao|7\/100\n|move|p2b: Chien-Pao|Sucker Punch||[still]\n|-fail|p2b: Chien-Pao\n|move|p1b: Scizor|Bullet Punch|p2a: Dragonite\n|-crit|p2a: Dragonite\n|-damage|p2a: Dragonite|0 fnt\n|faint|p2a: Dragonite\n|\n|upkeep\n|\n|t:|1683114143\n|switch|p2a: Amoonguss|Amoonguss, L50, M|100\/100\n|turn|7\n|\n|t:|1683114157\n|move|p1a: Chien-Pao|Protect|p1a: Chien-Pao\n|-singleturn|p1a: Chien-Pao|Protect\n|move|p2b: Chien-Pao|Sucker Punch||[still]\n|-fail|p2b: Chien-Pao\n|move|p1b: Scizor|Bullet Punch|p2a: Amoonguss\n|-damage|p2a: Amoonguss|59\/100\n|move|p2a: Amoonguss|Spore|p1b: Scizor\n|-status|p1b: Scizor|slp|[from] move: Spore\n|\n|upkeep\n|turn|8\n|\n|t:|1683114174\n|cant|p1b: Scizor|slp\n|move|p1a: Chien-Pao|Sucker Punch|p2b: Chien-Pao\n|-resisted|p2b: Chien-Pao\n|-damage|p2b: Chien-Pao|0 fnt\n|faint|p2b: Chien-Pao\n|-damage|p1a: Chien-Pao|0 fnt|[from] item: Life Orb\n|faint|p1a: Chien-Pao\n|move|p2a: Amoonguss|Pollen Puff|p1b: Scizor\n|-resisted|p1b: Scizor\n|-damage|p1b: Scizor|90\/100 slp\n|\n|upkeep\n|\n|t:|1683114178\n|switch|p2b: Rotom|Rotom-Wash, L50|100\/100\n|turn|9\n|\n|t:|1683114189\n|-curestatus|p1b: Scizor|slp|[msg]\n|move|p1b: Scizor|Protect|p1b: Scizor\n|-singleturn|p1b: Scizor|Protect\n|move|p2a: Amoonguss|Rage Powder|p2a: Amoonguss\n|-singleturn|p2a: Amoonguss|move: Rage Powder\n|move|p2b: Rotom|Nasty Plot|p2b: Rotom\n|-boost|p2b: Rotom|spa|2\n|\n|upkeep\n|turn|10\n|-message|H75083804 forfeited.\n|\n|win|RitmanTesting1\n|raw|H75083804's rating: 1408 → 1390<\/strong> (-18 for losing)\n|raw|RitmanTesting1's rating: 1449 → 1467<\/strong> (+18 for winning)\n|l|\u203dH75083804\n","uploadtime":1683114204,"views":4,"p1id":"h75083804","p2id":"ritmantesting1","formatid":"gen9vgc2023regulationc","rating":1390,"private":0,"password":""}