{"id":"gen9vgc2023regulationc-1859048259","p1":"legnobello","p2":"assprinatschool","format":"[Gen 9] VGC 2023 Regulation C","log":"|j|\u2606legnobello\n|j|\u2606assprinatschool\n|t:|1683398372\n|gametype|doubles\n|player|p1|legnobello|drayden|1424\n|player|p2|assprinatschool|169|1342\n|teamsize|p1|6\n|teamsize|p2|6\n|gen|9\n|tier|[Gen 9] VGC 2023 Regulation C\n|rated|\n|rule|Species Clause: Limit one of each Pok\u00e9mon\n|rule|Item Clause: Limit one of each item\n|clearpoke\n|poke|p1|Roaring Moon, L50|\n|poke|p1|Klefki, L50, F|\n|poke|p1|Skeledirge, L50, M|\n|poke|p1|Garchomp, L50, M|\n|poke|p1|Corviknight, L50, F|\n|poke|p1|Ting-Lu, L50|\n|poke|p2|Glimmora, L50, M|\n|poke|p2|Garganacl, L50, M|\n|poke|p2|Tyranitar, L50, M|\n|poke|p2|Houndstone, L50, F|\n|poke|p2|Salamence, L50, M|\n|poke|p2|Rotom-Mow, L50|\n|teampreview|4\nlegnobello has agreed to open team sheets.\nassprinatschool has agreed to open team sheets.\n|j| j4ce\n|inactive|Battle timer is ON: inactive players will automatically lose when time's up. (requested by legnobello)\n|inactive|legnobello has 60 seconds left.\n|inactive|assprinatschool has 60 seconds left.\n|inactive|assprinatschool has 30 seconds left.\n|inactive|assprinatschool has 20 seconds left.\n|inactive|assprinatschool has 15 seconds left.\n|\n|t:|1683398454\n|start\n|switch|p1a: Corviknight|Corviknight, L50, F|100\/100\n|switch|p1b: Garchompello|Garchomp, L50, M|100\/100\n|switch|p2a: Salamence|Salamence, L50, M|100\/100\n|switch|p2b: Glimmora|Glimmora, L50, M|100\/100\n|-ability|p2a: Salamence|Intimidate|boost\n|-ability|p1a: Corviknight|Mirror Armor\n|-unboost|p2a: Salamence|atk|1\n|-unboost|p1b: Garchompello|atk|1\n|turn|1\n|inactive|legnobello has 30 seconds left.\n|inactive|assprinatschool has 30 seconds left.\n|\n|t:|1683398483\n|switch|p2b: Houndstone|Houndstone, L50, F|100\/100\n|move|p1b: Garchompello|Dragon Claw|p2a: Salamence\n|-supereffective|p2a: Salamence\n|-damage|p2a: Salamence|33\/100\n|move|p2a: Salamence|Tailwind|p2a: Salamence\n|-sidestart|p2: assprinatschool|move: Tailwind\n|move|p1a: Corviknight|Tailwind|p1a: Corviknight\n|-sidestart|p1: legnobello|move: Tailwind\n|\n|upkeep\n|turn|2\n|inactive|legnobello has 30 seconds left.\n|inactive|legnobello has 20 seconds left.\n|inactive|legnobello has 15 seconds left.\n|inactive|legnobello has 10 seconds left.\n|\n|t:|1683398530\n|switch|p1b: FUEGODO|Skeledirge, L50, M|100\/100\n|switch|p2a: Tyranitar|Tyranitar, L50, M|100\/100\n|-weather|Sandstorm|[from] ability: Sand Stream|[of] p2a: Tyranitar\n|move|p2b: Houndstone|Will-O-Wisp|p1a: Corviknight\n|-status|p1a: Corviknight|brn\n|move|p1a: Corviknight|Body Press|p2a: Tyranitar\n|-supereffective|p2a: Tyranitar\n|-damage|p2a: Tyranitar|53\/100\n|\n|-weather|Sandstorm|[upkeep]\n|-damage|p1b: FUEGODO|95\/100|[from] Sandstorm\n|-heal|p1b: FUEGODO|100\/100|[from] item: Leftovers\n|-damage|p1a: Corviknight|95\/100 brn|[from] brn\n|upkeep\n|turn|3\n|inactive|legnobello has 30 seconds left.\n|inactive|assprinatschool has 30 seconds left.\n|inactive|legnobello has 20 seconds left.\n|inactive|assprinatschool has 20 seconds left.\n|inactive|legnobello has 15 seconds left.\n|inactive|assprinatschool has 15 seconds left.\n|inactive|legnobello has 10 seconds left.\n|\n|t:|1683398579\n|switch|p2a: Glimmora|Glimmora, L50, M|100\/100\n|move|p2b: Houndstone|Last Respects|p1b: FUEGODO\n|-supereffective|p1b: FUEGODO\n|-damage|p1b: FUEGODO|69\/100\n|move|p1a: Corviknight|Brave Bird|p2a: Glimmora\n|-resisted|p2a: Glimmora\n|-damage|p2a: Glimmora|91\/100\n|-activate|p2a: Glimmora|ability: Toxic Debris\n|-sidestart|p1: legnobello|move: Toxic Spikes\n|-damage|p1a: Corviknight|92\/100 brn|[from] Recoil\n|move|p1b: FUEGODO|Will-O-Wisp|p2a: Glimmora\n|-status|p2a: Glimmora|brn\n|\n|-weather|Sandstorm|[upkeep]\n|-damage|p1b: FUEGODO|63\/100|[from] Sandstorm\n|-heal|p1b: FUEGODO|69\/100|[from] item: Leftovers\n|-damage|p2a: Glimmora|85\/100 brn|[from] brn\n|-damage|p1a: Corviknight|86\/100 brn|[from] brn\n|upkeep\n|turn|4\n|l| j4ce\n|inactive|legnobello has 30 seconds left.\n|inactive|assprinatschool has 30 seconds left.\n|inactive|legnobello has 20 seconds left.\n|inactive|legnobello has 15 seconds left.\n|inactive|assprinatschool has 20 seconds left.\n|inactive|legnobello has 10 seconds left.\n|inactive|legnobello has 5 seconds left.\n|\n|t:|1683398632\n|switch|p2b: Tyranitar|Tyranitar, L50, M|53\/100\n|move|p2a: Glimmora|Power Gem|p1b: FUEGODO\n|-supereffective|p1b: FUEGODO\n|-damage|p1b: FUEGODO|0 fnt\n|faint|p1b: FUEGODO\n|move|p1a: Corviknight|Brave Bird|p2b: Tyranitar\n|-resisted|p2b: Tyranitar\n|-damage|p2b: Tyranitar|45\/100\n|-damage|p1a: Corviknight|83\/100 brn|[from] Recoil\n|\n|-weather|Sandstorm|[upkeep]\n|-damage|p2a: Glimmora|79\/100 brn|[from] brn\n|-damage|p1a: Corviknight|78\/100 brn|[from] brn\n|-sideend|p2: assprinatschool|move: Tailwind\n|-sideend|p1: legnobello|move: Tailwind\n|upkeep\n|\n|t:|1683398647\n|switch|p1b: Garchompello|Garchomp, L50, M|100\/100\n|-status|p1b: Garchompello|psn\n|turn|5\n|\n|t:|1683398664\n|switch|p2b: Salamence|Salamence, L50, M|33\/100\n|-ability|p2b: Salamence|Intimidate|boost\n|-ability|p1a: Corviknight|Mirror Armor\n|-unboost|p2b: Salamence|atk|1\n|-unboost|p1b: Garchompello|atk|1\n|move|p1b: Garchompello|Rock Slide|p2b: Salamence|[spread] p2a,p2b\n|-crit|p2a: Glimmora\n|-supereffective|p2b: Salamence\n|-damage|p2a: Glimmora|50\/100 brn\n|-damage|p2b: Salamence|3\/100\n|-activate|p2a: Glimmora|ability: Toxic Debris\n|-sidestart|p1: legnobello|move: Toxic Spikes\n|move|p2a: Glimmora|Power Gem|p1a: Corviknight\n|-damage|p1a: Corviknight|37\/100 brn\n|-enditem|p1a: Corviknight|Sitrus Berry|[eat]\n|-heal|p1a: Corviknight|61\/100 brn|[from] item: Sitrus Berry\n|move|p1a: Corviknight|Tailwind|p1a: Corviknight\n|-sidestart|p1: legnobello|move: Tailwind\n|\n|-weather|Sandstorm|[upkeep]\n|-damage|p2b: Salamence|0 fnt|[from] Sandstorm\n|faint|p2b: Salamence\n|-damage|p1b: Garchompello|88\/100 psn|[from] psn\n|-damage|p1a: Corviknight|56\/100 brn|[from] brn\n|-damage|p2a: Glimmora|44\/100 brn|[from] brn\n|upkeep\n|\n|t:|1683398685\n|switch|p2b: Houndstone|Houndstone, L50, F|100\/100\n|turn|6\n|\n|t:|1683398697\n|move|p1b: Garchompello|Rock Slide|p2b: Houndstone|[spread] p2a,p2b\n|-damage|p2a: Glimmora|30\/100 brn\n|-damage|p2b: Houndstone|90\/100\n|cant|p2b: Houndstone|flinch\n|move|p1a: Corviknight|Brave Bird|p2b: Houndstone\n|-damage|p2b: Houndstone|73\/100\n|-damage|p1a: Corviknight|51\/100 brn|[from] Recoil\n|move|p2a: Glimmora|Power Gem|p1a: Corviknight\n|-damage|p1a: Corviknight|14\/100 brn\n|\n|-weather|none\n|-damage|p1b: Garchompello|76\/100 psn|[from] psn\n|-damage|p1a: Corviknight|8\/100 brn|[from] brn\n|-damage|p2a: Glimmora|25\/100 brn|[from] brn\n|upkeep\n|turn|7\n|inactive|legnobello has 30 seconds left.\n|\n|t:|1683398726\n|switch|p2a: Tyranitar|Tyranitar, L50, M|45\/100\n|-weather|Sandstorm|[from] ability: Sand Stream|[of] p2a: Tyranitar\n|move|p1b: Garchompello|Rock Slide|p2a: Tyranitar|[spread] p2a,p2b\n|-damage|p2a: Tyranitar|34\/100\n|-damage|p2b: Houndstone|62\/100\n|move|p2b: Houndstone|Last Respects|p1b: Garchompello\n|-damage|p1b: Garchompello|40\/100 psn\n|move|p1a: Corviknight|Brave Bird|p2a: Tyranitar\n|-resisted|p2a: Tyranitar\n|-damage|p2a: Tyranitar|26\/100\n|-damage|p1a: Corviknight|5\/100 brn|[from] Recoil\n|\n|-weather|Sandstorm|[upkeep]\n|-damage|p1b: Garchompello|28\/100 psn|[from] psn\n|-damage|p1a: Corviknight|0 fnt|[from] brn\n|faint|p1a: Corviknight\n|upkeep\n|\n|t:|1683398746\n|switch|p1a: Mario Draghi|Roaring Moon, L50|100\/100\n|-status|p1a: Mario Draghi|tox\n|-enditem|p1a: Mario Draghi|Booster Energy\n|-activate|p1a: Mario Draghi|ability: Protosynthesis|[fromitem]\n|-start|p1a: Mario Draghi|protosynthesisatk\n|turn|8\n|inactive|legnobello has 30 seconds left.\n|\n|t:|1683398776\n|switch|p2b: Glimmora|Glimmora, L50, M|25\/100 brn\n|-terastallize|p1a: Mario Draghi|Flying\n|move|p2a: Tyranitar|Protect|p2a: Tyranitar\n|-singleturn|p2a: Tyranitar|Protect\n|move|p1b: Garchompello|Rock Slide|p2b: Glimmora|[spread] p2b\n|-activate|p2a: Tyranitar|move: Protect\n|-damage|p2b: Glimmora|12\/100 brn\n|move|p1a: Mario Draghi|Throat Chop|p2b: Glimmora\n|-damage|p2b: Glimmora|0 fnt\n|faint|p2b: Glimmora\n|\n|-weather|Sandstorm|[upkeep]\n|-damage|p1a: Mario Draghi|94\/100 tox|[from] Sandstorm\n|-damage|p1b: Garchompello|16\/100 psn|[from] psn\n|-damage|p1a: Mario Draghi|88\/100 tox|[from] psn\n|-sideend|p1: legnobello|move: Tailwind\n|upkeep\n|\n|t:|1683398789\n|switch|p2b: Houndstone|Houndstone, L50, F|62\/100\n|turn|9\n|\n|t:|1683398800\n|-terastallize|p2b: Houndstone|Grass\n|move|p1b: Garchompello|Rock Slide|p2a: Tyranitar|[spread] p2a,p2b\n|-damage|p2a: Tyranitar|14\/100\n|-damage|p2b: Houndstone|50\/100\n|-enditem|p2b: Houndstone|Sitrus Berry|[eat]\n|-heal|p2b: Houndstone|75\/100|[from] item: Sitrus Berry\n|move|p2b: Houndstone|Scary Face|p1a: Mario Draghi\n|-unboost|p1a: Mario Draghi|spe|2\n|cant|p2a: Tyranitar|flinch\n|move|p1a: Mario Draghi|Throat Chop|p2b: Houndstone\n|-damage|p2b: Houndstone|20\/100\n|-start|p2b: Houndstone|Throat Chop|[silent]\n|\n|-weather|Sandstorm|[upkeep]\n|-damage|p1a: Mario Draghi|82\/100 tox|[from] Sandstorm\n|-damage|p1b: Garchompello|4\/100 psn|[from] psn\n|-damage|p1a: Mario Draghi|70\/100 tox|[from] psn\n|upkeep\n|turn|10\n|inactive|legnobello has 30 seconds left.\n|inactive|legnobello has 20 seconds left.\n|inactive|legnobello has 15 seconds left.\n|inactive|legnobello has 10 seconds left.\n|\n|t:|1683398848\n|move|p2a: Tyranitar|Protect|p2a: Tyranitar\n|-singleturn|p2a: Tyranitar|Protect\n|move|p1b: Garchompello|Rock Slide|p2a: Tyranitar|[spread] \n|-activate|p2a: Tyranitar|move: Protect\n|-miss|p1b: Garchompello|p2b: Houndstone\n|move|p2b: Houndstone|Last Respects|p1a: Mario Draghi\n|-damage|p1a: Mario Draghi|0 fnt\n|faint|p1a: Mario Draghi\n|-end|p1a: Mario Draghi|Protosynthesis|[silent]\n|\n|-weather|Sandstorm|[upkeep]\n|-damage|p1b: Garchompello|0 fnt|[from] psn\n|faint|p1b: Garchompello\n|\n|win|assprinatschool\n|upkeep\n|raw|legnobello's rating: 1424 → 1399<\/strong> (-25 for losing)\n|raw|assprinatschool's rating: 1342 → 1367<\/strong> (+25 for winning)\n|l|\u2606legnobello\n","uploadtime":1683398870,"views":16,"p1id":"legnobello","p2id":"assprinatschool","formatid":"gen9vgc2023regulationc","rating":1367,"private":0,"password":""}