{"id":"gen9vgc2023regulationc-1855793279","p1":"VeeGey","p2":"leoprosinpro","format":"[Gen 9] VGC 2023 Regulation C","log":"|j|\u2606VeeGey\n|j|\u2606leoprosinpro\n|t:|1682984844\n|gametype|doubles\n|player|p1|VeeGey|101|1174\n|player|p2|leoprosinpro|red|1173\n|teamsize|p1|6\n|teamsize|p2|6\n|gen|9\n|tier|[Gen 9] VGC 2023 Regulation C\n|rated|\n|rule|Species Clause: Limit one of each Pok\u00e9mon\n|rule|Item Clause: Limit one of each item\n|clearpoke\n|poke|p1|Golduck, L50, M|\n|poke|p1|Pelipper, L50, M|\n|poke|p1|Barraskewda, L50, M|\n|poke|p1|Qwilfish, L50, F|\n|poke|p1|Gastrodon, L50, M|\n|poke|p1|Tsareena, L50, F|\n|poke|p2|Indeedee-F, L50, F|\n|poke|p2|Kingambit, L50, F|\n|poke|p2|Flutter Mane, L50|\n|poke|p2|Iron Thorns, L50|\n|poke|p2|Golduck, L50, F|\n|poke|p2|Arcanine, L50, F|\n|teampreview|4\n|inactive|Battle timer is ON: inactive players will automatically lose when time's up. (requested by VeeGey)\n|\n|t:|1682984874\n|start\n|switch|p1a: Golduck|Golduck, L50, M, shiny|100\/100\n|switch|p1b: Barraskewda|Barraskewda, L50, M|100\/100\n|switch|p2a: Golduck|Golduck, L50, F|100\/100\n|switch|p2b: Flutter Mane|Flutter Mane, L50|100\/100\n|-ability|p2a: Golduck|Cloud Nine\n|turn|1\n|\n|t:|1682984884\n|-terastallize|p2b: Flutter Mane|Ghost\n|move|p1b: Barraskewda|Poison Jab|p2b: Flutter Mane\n|-resisted|p2b: Flutter Mane\n|-damage|p2b: Flutter Mane|57\/100\n|move|p2b: Flutter Mane|Shadow Ball|p1a: Golduck\n|-damage|p1a: Golduck|28\/100\n|move|p2a: Golduck|Yawn|p1b: Barraskewda\n|-start|p1b: Barraskewda|move: Yawn|[of] p2a: Golduck\n|move|p1a: Golduck|Grass Knot|p2a: Golduck\n|-supereffective|p2a: Golduck\n|-damage|p2a: Golduck|8\/100\n|-damage|p1a: Golduck|19\/100|[from] item: Life Orb\n|\n|upkeep\n|turn|2\n|inactive|VeeGey has 30 seconds left.\n|inactive|leoprosinpro has 30 seconds left.\n|\n|t:|1682984914\n|switch|p1b: Pelipper|Pelipper, L50, M|100\/100\n|-weather|RainDance|[from] ability: Drizzle|[of] p1b: Pelipper\n|move|p2b: Flutter Mane|Dazzling Gleam|p1a: Golduck|[spread] p1a,p1b\n|-damage|p1a: Golduck|0 fnt\n|-damage|p1b: Pelipper|59\/100\n|faint|p1a: Golduck\n|move|p2a: Golduck|Icy Wind|p1b: Pelipper\n|-damage|p1b: Pelipper|36\/100\n|-unboost|p1b: Pelipper|spe|1\n|\n|-weather|RainDance|[upkeep]\n|upkeep\n|\n|t:|1682984918\n|switch|p1a: Tsareena|Tsareena, L50, F|100\/100\n|turn|3\n|\n|t:|1682984929\n|move|p2b: Flutter Mane|Dazzling Gleam|p1a: Tsareena|[spread] p1a,p1b\n|-damage|p1a: Tsareena|80\/100\n|-damage|p1b: Pelipper|0 fnt\n|faint|p1b: Pelipper\n|move|p2a: Golduck|Icy Wind|p1a: Tsareena\n|-supereffective|p1a: Tsareena\n|-damage|p1a: Tsareena|59\/100\n|-unboost|p1a: Tsareena|spe|1\n|move|p1a: Tsareena|Trop Kick|p2b: Flutter Mane\n|-damage|p2b: Flutter Mane|0 fnt\n|faint|p2b: Flutter Mane\n|-end|p2b: Flutter Mane|Protosynthesis|[silent]\n|\n|-weather|RainDance|[upkeep]\n|upkeep\n|\n|t:|1682984938\n|switch|p2b: Indeedee|Indeedee-F, L50, F|100\/100\n|switch|p1b: Barraskewda|Barraskewda, L50, M|100\/100\n|-fieldstart|move: Psychic Terrain|[from] ability: Psychic Surge|[of] p2b: Indeedee\n|turn|4\n|\n|t:|1682984947\n|-terastallize|p1b: Barraskewda|Water\n|move|p2b: Indeedee|Follow Me|p2b: Indeedee\n|-singleturn|p2b: Indeedee|move: Follow Me\n|move|p1b: Barraskewda|Liquidation|p2b: Indeedee\n|-damage|p2b: Indeedee|0 fnt\n|faint|p2b: Indeedee\n|move|p2a: Golduck|Yawn|p1b: Barraskewda\n|-start|p1b: Barraskewda|move: Yawn|[of] p2a: Golduck\n|move|p1a: Tsareena|Trop Kick|p2a: Golduck\n|-supereffective|p2a: Golduck\n|-damage|p2a: Golduck|0 fnt\n|faint|p2a: Golduck\n|\n|-weather|RainDance|[upkeep]\n|upkeep\n|\n|t:|1682984956\n|switch|p2b: Iron Thorns|Iron Thorns, L50|100\/100\n|-enditem|p2b: Iron Thorns|Booster Energy\n|-activate|p2b: Iron Thorns|ability: Quark Drive|[fromitem]\n|-start|p2b: Iron Thorns|quarkdriveatk\n|turn|5\n|\n|t:|1682984964\n|move|p2b: Iron Thorns|Protect|p2b: Iron Thorns\n|-singleturn|p2b: Iron Thorns|Protect\n|move|p1b: Barraskewda|Liquidation|p2b: Iron Thorns\n|-activate|p2b: Iron Thorns|move: Protect\n|move|p1a: Tsareena|Low Kick|p2b: Iron Thorns\n|-activate|p2b: Iron Thorns|move: Protect\n|\n|-weather|RainDance|[upkeep]\n|-end|p1b: Barraskewda|move: Yawn|[silent]\n|-status|p1b: Barraskewda|slp\n|upkeep\n|turn|6\n|\n|t:|1682984975\n|cant|p1b: Barraskewda|slp\n|move|p2b: Iron Thorns|Wild Charge|p1b: Barraskewda\n|-supereffective|p1b: Barraskewda\n|-damage|p1b: Barraskewda|0 fnt\n|faint|p1b: Barraskewda\n|-damage|p2b: Iron Thorns|81\/100|[from] Recoil\n|move|p1a: Tsareena|Low Kick|p2b: Iron Thorns\n|-supereffective|p2b: Iron Thorns\n|-damage|p2b: Iron Thorns|0 fnt\n|faint|p2b: Iron Thorns\n|-end|p2b: Iron Thorns|Quark Drive|[silent]\n|\n|win|VeeGey\n|raw|VeeGey's rating: 1174 → 1199<\/strong> (+25 for winning)\n|raw|leoprosinpro's rating: 1173 → 1148<\/strong> (-25 for losing)\n|c|\u2606VeeGey|Gg\n|l|\u2606leoprosinpro\n","uploadtime":1682984999,"views":16,"p1id":"veegey","p2id":"leoprosinpro","formatid":"gen9vgc2023regulationc","rating":1148,"private":0,"password":""}