{"id":"gen9vgc2023regulationc-1862064664","p1":"Nehzzy","p2":"Garglesoc","format":"[Gen 9] VGC 2023 Regulation C","log":"|j|\u2606Nehzzy\n|j|\u2606Garglesoc\n|t:|1683833468\n|gametype|doubles\n|player|p1|Nehzzy|steven|1307\n|player|p2|Garglesoc|koga|1378\n|teamsize|p1|6\n|teamsize|p2|6\n|gen|9\n|tier|[Gen 9] VGC 2023 Regulation C\n|rated|\n|rule|Species Clause: Limit one of each Pok\u00e9mon\n|rule|Item Clause: Limit one of each item\n|clearpoke\n|poke|p1|Amoonguss, L50, M|\n|poke|p1|Gyarados, L50, M|\n|poke|p1|Murkrow, L50, F|\n|poke|p1|Great Tusk, L50|\n|poke|p1|Flutter Mane, L50|\n|poke|p1|Gholdengo, L50|\n|poke|p2|Tyranitar, L50, F|\n|poke|p2|Lycanroc, L50, F|\n|poke|p2|Amoonguss, L50, M|\n|poke|p2|Gyarados, L50, F|\n|poke|p2|Flutter Mane, L50|\n|poke|p2|Iron Bundle, L50|\n|teampreview|4\nNehzzy has agreed to open team sheets.\n|inactive|Battle timer is ON: inactive players will automatically lose when time's up. (requested by Garglesoc)\n|\n|t:|1683833521\n|start\n|switch|p1a: Murkrow|Murkrow, L50, F|100\/100\n|switch|p1b: Gholdengo|Gholdengo, L50|100\/100\n|switch|p2a: Tyranitar|Tyranitar, L50, F|100\/100\n|switch|p2b: Lycanroc|Lycanroc, L50, F|100\/100\n|-weather|Sandstorm|[from] ability: Sand Stream|[of] p2a: Tyranitar\n|turn|1\n|inactive|Garglesoc has 30 seconds left.\n|inactive|Garglesoc has 20 seconds left.\n|inactive|Garglesoc has 15 seconds left.\n|\n|t:|1683833565\n|-terastallize|p1b: Gholdengo|Water\n|-terastallize|p2a: Tyranitar|Flying\n|move|p1a: Murkrow|Sunny Day|p1a: Murkrow\n|-weather|SunnyDay\n|move|p2b: Lycanroc|Rock Slide|p1b: Gholdengo|[spread] p1a\n|-miss|p2b: Lycanroc|p1b: Gholdengo\n|-supereffective|p1a: Murkrow\n|-damage|p1a: Murkrow|39\/100\n|move|p1b: Gholdengo|Nasty Plot|p1b: Gholdengo\n|-boost|p1b: Gholdengo|spa|2\n|move|p2a: Tyranitar|Assurance|p1b: Gholdengo\n|-damage|p1b: Gholdengo|68\/100\n|\n|-weather|SunnyDay|[upkeep]\n|-heal|p1b: Gholdengo|74\/100|[from] item: Leftovers\n|upkeep\n|turn|2\n|inactive|Nehzzy has 30 seconds left.\n|inactive|Garglesoc has 30 seconds left.\n|inactive|Nehzzy has 20 seconds left.\n|inactive|Garglesoc has 20 seconds left.\n|inactive|Nehzzy has 15 seconds left.\n|\n|t:|1683833613\n|switch|p2a: Amoonguss|Amoonguss, L50, M|100\/100\n|move|p1a: Murkrow|Tailwind|p1a: Murkrow\n|-sidestart|p1: Nehzzy|move: Tailwind\n|move|p1b: Gholdengo|Shadow Ball|p2a: Amoonguss\n|-damage|p2a: Amoonguss|28\/100\n|-unboost|p2a: Amoonguss|spd|1\n|-enditem|p2a: Amoonguss|Sitrus Berry|[eat]\n|-heal|p2a: Amoonguss|53\/100|[from] item: Sitrus Berry\n|move|p2b: Lycanroc|Endeavor|p1b: Gholdengo\n|-immune|p1b: Gholdengo\n|\n|-weather|SunnyDay|[upkeep]\n|-heal|p1b: Gholdengo|80\/100|[from] item: Leftovers\n|upkeep\n|turn|3\n|\n|t:|1683833636\n|switch|p2a: Tyranitar|Tyranitar, L50, F, tera:Flying|100\/100\n|-weather|Sandstorm|[from] ability: Sand Stream|[of] p2a: Tyranitar\n|move|p2b: Lycanroc|Endeavor|p1b: Gholdengo\n|-damage|p1b: Gholdengo|78\/100\n|move|p1a: Murkrow|Foul Play|p2b: Lycanroc\n|-damage|p2b: Lycanroc|22\/100\n|move|p1b: Gholdengo|Make It Rain|p2a: Tyranitar|[spread] p2a,p2b\n|-supereffective|p2b: Lycanroc\n|-damage|p2a: Tyranitar|39\/100\n|-damage|p2b: Lycanroc|0 fnt\n|-unboost|p1b: Gholdengo|spa|1\n|faint|p2b: Lycanroc\n|\n|-weather|Sandstorm|[upkeep]\n|-damage|p1a: Murkrow|33\/100|[from] Sandstorm\n|-damage|p1b: Gholdengo|72\/100|[from] Sandstorm\n|-damage|p2a: Tyranitar|33\/100|[from] Sandstorm\n|-heal|p1b: Gholdengo|78\/100|[from] item: Leftovers\n|upkeep\n|\n|t:|1683833649\n|switch|p2b: Iron Bundle|Iron Bundle, L50|100\/100\n|-enditem|p2b: Iron Bundle|Booster Energy\n|-activate|p2b: Iron Bundle|ability: Quark Drive|[fromitem]\n|-start|p2b: Iron Bundle|quarkdrivespe\n|turn|4\n|\n|t:|1683833661\n|move|p1b: Gholdengo|Protect|p1b: Gholdengo\n|-singleturn|p1b: Gholdengo|Protect\n|move|p1a: Murkrow|Sunny Day|p1a: Murkrow\n|-weather|SunnyDay\n|move|p2b: Iron Bundle|Freeze-Dry|p1b: Gholdengo\n|-activate|p1b: Gholdengo|move: Protect\n|move|p2a: Tyranitar|Rock Slide|p1b: Gholdengo|[spread] p1a\n|-activate|p1b: Gholdengo|move: Protect\n|-supereffective|p1a: Murkrow\n|-damage|p1a: Murkrow|0 fnt\n|faint|p1a: Murkrow\n|\n|-weather|SunnyDay|[upkeep]\n|-heal|p1b: Gholdengo|84\/100|[from] item: Leftovers\n|upkeep\n|\n|t:|1683833676\n|switch|p1a: Flutter Mane|Flutter Mane, L50|100\/100\n|-activate|p1a: Flutter Mane|ability: Protosynthesis\n|-start|p1a: Flutter Mane|protosynthesisspa\n|turn|5\n|\n|t:|1683833690\n|move|p1a: Flutter Mane|Dazzling Gleam|p2b: Iron Bundle|[spread] p2a,p2b\n|-damage|p2a: Tyranitar|0 fnt\n|-damage|p2b: Iron Bundle|0 fnt\n|faint|p2a: Tyranitar\n|faint|p2b: Iron Bundle\n|-end|p2b: Iron Bundle|Quark Drive|[silent]\n|move|p1b: Gholdengo|Make It Rain|p2: Tyranitar|[notarget]\n|-fail|p1b: Gholdengo\n|\n|-weather|SunnyDay|[upkeep]\n|-heal|p1b: Gholdengo|90\/100|[from] item: Leftovers\n|-sideend|p1: Nehzzy|move: Tailwind\n|upkeep\n|c|\u2606Nehzzy|Gg\n|-message|Garglesoc forfeited.\n|\n|win|Nehzzy\n|raw|Nehzzy's rating: 1307 → 1331<\/strong> (+24 for winning)\n|raw|Garglesoc's rating: 1378 → 1354<\/strong> (-24 for losing)\n|l|\u2606Garglesoc\n","uploadtime":1683833711,"views":15,"p1id":"nehzzy","p2id":"garglesoc","formatid":"gen9vgc2023regulationc","rating":1331,"private":0,"password":""}