{"id":"gen9vgc2023regulationc-1853151744","p1":"SauronVGC","p2":"mugiwaraLux","format":"[Gen 9] VGC 2023 Regulation C","log":"|j|\u2606SauronVGC\n|j|\u2606mugiwaraLux\n|t:|1682641484\n|gametype|doubles\n|player|p1|SauronVGC|cynthia|1258\n|player|p2|mugiwaraLux|1|1360\n|teamsize|p1|6\n|teamsize|p2|6\n|gen|9\n|tier|[Gen 9] VGC 2023 Regulation C\n|rated|\n|rule|Species Clause: Limit one of each Pok\u00e9mon\n|rule|Item Clause: Limit one of each item\n|clearpoke\n|poke|p1|Iron Bundle, L50|\n|poke|p1|Scizor, L50, F|\n|poke|p1|Chi-Yu, L50|\n|poke|p1|Dachsbun, L50, F|\n|poke|p1|Flutter Mane, L50|\n|poke|p1|Wo-Chien, L50|\n|poke|p2|Palafin, L50, F|\n|poke|p2|Amoonguss, L50, M|\n|poke|p2|Flutter Mane, L50|\n|poke|p2|Arcanine, L50, M|\n|poke|p2|Chien-Pao, L50|\n|poke|p2|Roaring Moon, L50|\n|teampreview|4\n|inactive|Battle timer is ON: inactive players will automatically lose when time's up. (requested by mugiwaraLux)\nmugiwaraLux has agreed to open team sheets.\n|inactive|mugiwaraLux has 60 seconds left.\n|\n|t:|1682641533\n|start\n|switch|p1a: Dachsbun|Dachsbun, L50, F|100\/100\n|switch|p1b: Chi-Yu|Chi-Yu, L50|100\/100\n|switch|p2a: Roaring Moon|Roaring Moon, L50|100\/100\n|switch|p2b: Palafin|Palafin, L50, F|100\/100\n|-ability|p1b: Chi-Yu|Beads of Ruin\n|-enditem|p2a: Roaring Moon|Booster Energy\n|-activate|p2a: Roaring Moon|ability: Protosynthesis|[fromitem]\n|-start|p2a: Roaring Moon|protosynthesisatk\n|turn|1\n|inactive|SauronVGC has 30 seconds left.\n|inactive|SauronVGC has 20 seconds left.\n|\n|t:|1682641570\n|detailschange|p2b: Palafin|Palafin-Hero, L50, F\n|switch|p2b: Arcanine|Arcanine, L50, M|100\/100\n|-ability|p2b: Arcanine|Intimidate|boost\n|-unboost|p1a: Dachsbun|atk|1\n|-unboost|p1b: Chi-Yu|atk|1\n|-terastallize|p2a: Roaring Moon|Flying\n|move|p1b: Chi-Yu|Protect|p1b: Chi-Yu\n|-singleturn|p1b: Chi-Yu|Protect\n|move|p2a: Roaring Moon|Acrobatics|p1b: Chi-Yu\n|-activate|p1b: Chi-Yu|move: Protect\n|move|p1a: Dachsbun|Yawn|p2a: Roaring Moon\n|-start|p2a: Roaring Moon|move: Yawn|[of] p1a: Dachsbun\n|\n|upkeep\n|turn|2\n|inactive|SauronVGC has 30 seconds left.\n|\n|t:|1682641604\n|move|p2b: Arcanine|Extreme Speed|p1b: Chi-Yu\n|-damage|p1b: Chi-Yu|64\/100\n|move|p2a: Roaring Moon|Acrobatics|p1b: Chi-Yu\n|-damage|p1b: Chi-Yu|0 fnt\n|faint|p1b: Chi-Yu\n|move|p1a: Dachsbun|Yawn|p2b: Arcanine\n|-start|p2b: Arcanine|move: Yawn|[of] p1a: Dachsbun\n|\n|-end|p2a: Roaring Moon|move: Yawn|[silent]\n|-status|p2a: Roaring Moon|slp\n|upkeep\n|\n|t:|1682641613\n|switch|p1b: Iron Bundle|Iron Bundle, L50|100\/100\n|-enditem|p1b: Iron Bundle|Booster Energy\n|-activate|p1b: Iron Bundle|ability: Quark Drive|[fromitem]\n|-start|p1b: Iron Bundle|quarkdrivespe\n|turn|3\n|c|\u2606mugiwaraLux|fuck it we ball\n|\n|t:|1682641632\n|switch|p2b: Palafin|Palafin-Hero, L50, F|100\/100\n|-activate|p2b: Palafin|ability: Zero to Hero\n|-terastallize|p1b: Iron Bundle|Ice\n|move|p1b: Iron Bundle|Freeze-Dry|p2b: Palafin\n|-supereffective|p2b: Palafin\n|-damage|p2b: Palafin|3\/100\n|cant|p2a: Roaring Moon|slp\n|move|p1a: Dachsbun|Substitute|p1a: Dachsbun\n|-start|p1a: Dachsbun|Substitute\n|-damage|p1a: Dachsbun|76\/100\n|\n|-heal|p1a: Dachsbun|82\/100|[from] item: Leftovers\n|upkeep\n|turn|4\n|\n|t:|1682641647\n|move|p1b: Iron Bundle|Protect|p1b: Iron Bundle\n|-singleturn|p1b: Iron Bundle|Protect\n|move|p2b: Palafin|Jet Punch|p1a: Dachsbun\n|-end|p1a: Dachsbun|Substitute\n|-curestatus|p2a: Roaring Moon|slp|[msg]\n|move|p2a: Roaring Moon|Dragon Dance|p2a: Roaring Moon\n|-boost|p2a: Roaring Moon|atk|1\n|-boost|p2a: Roaring Moon|spe|1\n|move|p1a: Dachsbun|Body Press|p2b: Palafin\n|-damage|p2b: Palafin|0 fnt\n|faint|p2b: Palafin\n|\n|-heal|p1a: Dachsbun|88\/100|[from] item: Leftovers\n|upkeep\n|\n|t:|1682641656\n|switch|p2b: Mimi|Flutter Mane, L50|100\/100\n|turn|5\n|\n|t:|1682641679\n|switch|p1a: Scizor|Scizor, L50, F|100\/100\n|move|p1b: Iron Bundle|Freeze-Dry|p2a: Roaring Moon\n|-supereffective|p2a: Roaring Moon\n|-damage|p2a: Roaring Moon|16\/100\n|move|p2a: Roaring Moon|Acrobatics|p1a: Scizor\n|-damage|p1a: Scizor|0 fnt\n|faint|p1a: Scizor\n|move|p2b: Mimi|Moonblast|p1b: Iron Bundle\n|-damage|p1b: Iron Bundle|0 fnt\n|faint|p1b: Iron Bundle\n|-end|p1b: Iron Bundle|Quark Drive|[silent]\n|\n|upkeep\n|-message|SauronVGC forfeited.\n|\n|win|mugiwaraLux\n|raw|SauronVGC's rating: 1258 → 1240<\/strong> (-18 for losing)\n|raw|mugiwaraLux's rating: 1360 → 1374<\/strong> (+14 for winning)\n|l|\u2606SauronVGC\n","uploadtime":1682641694,"views":6,"p1id":"sauronvgc","p2id":"mugiwaralux","formatid":"gen9vgc2023regulationc","rating":1240,"private":0,"password":""}