{"id":"gen9vgc2023regulationc-1852409241","p1":"Gioilele","p2":"vivian20","format":"[Gen 9] VGC 2023 Regulation C","log":"|j|\u2606Gioilele\n|j|\u2606vivian20\n|t:|1682554058\n|gametype|doubles\n|player|p1|Gioilele|pokemonbreeder-gen4|\n|player|p2|vivian20|170|\n|teamsize|p1|6\n|teamsize|p2|6\n|gen|9\n|tier|[Gen 9] VGC 2023 Regulation C\n|rule|Species Clause: Limit one of each Pok\u00e9mon\n|rule|Item Clause: Limit one of each item\n|clearpoke\n|poke|p1|Flutter Mane, L50|\n|poke|p1|Dragonite, L50, M|\n|poke|p1|Glimmora, L50, M|\n|poke|p1|Lilligant, L50, F|\n|poke|p1|Torkoal, L50, F|\n|poke|p1|Farigiraf, L50, M|\n|poke|p2|Glimmora, L50, M|\n|poke|p2|Flutter Mane, L50|\n|poke|p2|Tatsugiri, L50, M|\n|poke|p2|Dondozo, L50, F|\n|poke|p2|Arcanine, L50, M|\n|poke|p2|Wo-Chien, L50|\n|teampreview|4\nGioilele has agreed to open team sheets.\n|\n|t:|1682554093\n|start\n|switch|p1a: Lilligant|Lilligant, L50, F|100\/100\n|switch|p1b: Glimmora|Glimmora, L50, M, shiny|100\/100\n|switch|p2a: Glimmora|Glimmora, L50, M|100\/100\n|switch|p2b: Arcanine|Arcanine, L50, M|100\/100\n|-ability|p2b: Arcanine|Intimidate|boost\n|-unboost|p1a: Lilligant|atk|1\n|-unboost|p1b: Glimmora|atk|1\n|turn|1\n|\n|t:|1682554116\n|-terastallize|p2a: Glimmora|Grass\n|move|p2b: Arcanine|Protect|p2b: Arcanine\n|-singleturn|p2b: Arcanine|Protect\n|move|p1a: Lilligant|Sleep Powder|p2a: Glimmora\n|-immune|p2a: Glimmora\n|move|p1b: Glimmora|Power Gem|p2b: Arcanine\n|-activate|p2b: Arcanine|move: Protect\n|move|p2a: Glimmora|Earth Power|p1b: Glimmora\n|-supereffective|p1b: Glimmora\n|-damage|p1b: Glimmora|0 fnt\n|faint|p1b: Glimmora\n|\n|upkeep\n|\n|t:|1682554125\n|switch|p1b: Torkoal|Torkoal, L50, F|100\/100\n|-weather|SunnyDay|[from] ability: Drought|[of] p1b: Torkoal\n|turn|2\n|\n|t:|1682554150\n|switch|p2a: Tatsugiri|Tatsugiri, L50, M|100\/100\n|-terastallize|p1b: Torkoal|Fire\n|move|p1a: Lilligant|After You|p1b: Torkoal\n|-activate|p1b: Torkoal|move: After You\n|move|p1b: Torkoal|Eruption|p2b: Arcanine|[spread] p2a,p2b\n|-resisted|p2a: Tatsugiri\n|-resisted|p2b: Arcanine\n|-damage|p2a: Tatsugiri|64\/100\n|-damage|p2b: Arcanine|56\/100\n|move|p2b: Arcanine|Snarl|p1a: Lilligant|[spread] p1a,p1b\n|-damage|p1a: Lilligant|87\/100\n|-damage|p1b: Torkoal|89\/100\n|-unboost|p1a: Lilligant|spa|1\n|-unboost|p1b: Torkoal|spa|1\n|\n|-weather|SunnyDay|[upkeep]\n|upkeep\n|turn|3\n|\n|t:|1682554191\n|switch|p2a: Glimmora|Glimmora, L50, M, tera:Grass|100\/100\n|switch|p1b: Flutter Mane|Flutter Mane, L50, shiny|100\/100\n|-activate|p1b: Flutter Mane|ability: Protosynthesis\n|-start|p1b: Flutter Mane|protosynthesisspa\n|move|p1a: Lilligant|Sleep Powder|p2b: Arcanine\n|-activate|p2b: Arcanine|item: Safety Goggles|Sleep Powder\n|move|p2b: Arcanine|Flare Blitz|p1a: Lilligant\n|-supereffective|p1a: Lilligant\n|-damage|p1a: Lilligant|0 fnt\n|faint|p1a: Lilligant\n|-damage|p2b: Arcanine|34\/100|[from] Recoil\n|\n|-weather|SunnyDay|[upkeep]\n|upkeep\n|\n|t:|1682554194\n|switch|p1a: Torkoal|Torkoal, L50, F, tera:Fire|89\/100\n|turn|4\n|\n|t:|1682554213\n|move|p1b: Flutter Mane|Dazzling Gleam|p2b: Arcanine|[spread] p2a,p2b\n|-resisted|p2b: Arcanine\n|-damage|p2a: Glimmora|56\/100\n|-damage|p2b: Arcanine|7\/100\n|move|p2b: Arcanine|Snarl|p1a: Torkoal|[spread] p1a,p1b\n|-damage|p1a: Torkoal|77\/100\n|-damage|p1b: Flutter Mane|92\/100\n|-unboost|p1a: Torkoal|spa|1\n|-unboost|p1b: Flutter Mane|spa|1\n|move|p2a: Glimmora|Power Gem|p1a: Torkoal\n|-supereffective|p1a: Torkoal\n|-damage|p1a: Torkoal|0 fnt\n|faint|p1a: Torkoal\n|\n|-weather|SunnyDay|[upkeep]\n|upkeep\n|turn|5\n|\n|t:|1682554231\n|move|p2b: Arcanine|Protect|p2b: Arcanine\n|-singleturn|p2b: Arcanine|Protect\n|move|p1b: Flutter Mane|Dazzling Gleam|p2b: Arcanine|[spread] p2a\n|-activate|p2b: Arcanine|move: Protect\n|-damage|p2a: Glimmora|25\/100\n|move|p2a: Glimmora|Energy Ball|p1b: Flutter Mane\n|-damage|p1b: Flutter Mane|40\/100\n|\n|-weather|SunnyDay|[upkeep]\n|upkeep\n|turn|6\n|\n|t:|1682554247\n|move|p1b: Flutter Mane|Dazzling Gleam|p2b: Arcanine|[spread] p2a,p2b\n|-crit|p2a: Glimmora\n|-resisted|p2b: Arcanine\n|-damage|p2a: Glimmora|0 fnt\n|-damage|p2b: Arcanine|0 fnt\n|faint|p2a: Glimmora\n|faint|p2b: Arcanine\n|\n|-weather|none\n|-end|p1b: Flutter Mane|Protosynthesis\n|upkeep\n|\n|t:|1682554254\n|switch|p2b: Dondozo|Dondozo, L50, F|100\/100\n|switch|p2a: Tatsugiri|Tatsugiri, L50, M|64\/100\n|-activate|p2a: Tatsugiri|ability: Commander|[of] p2b: Dondozo\n|-boost|p2b: Dondozo|atk|2\n|-boost|p2b: Dondozo|spa|2\n|-boost|p2b: Dondozo|spe|2\n|-boost|p2b: Dondozo|def|2\n|-boost|p2b: Dondozo|spd|2\n|turn|7\n|c|\u2606Gioilele|gg\n|-message|Gioilele forfeited.\n|\n|win|vivian20\n","uploadtime":1682554265,"views":16,"p1id":"gioilele","p2id":"vivian20","formatid":"gen9vgc2023regulationc","rating":0,"private":0,"password":""}