{"id":"gen9vgc2023regulationc-1854847201","p1":"JamStunna","p2":"XinBluQAQ","format":"[Gen 9] VGC 2023 Regulation C","log":"|j|\u2606JamStunna\n|j|\u2606XinBluQAQ\n|t:|1682872873\n|gametype|doubles\n|player|p1|JamStunna|170|1242\n|player|p2|XinBluQAQ|shadowtriad|1312\n|teamsize|p1|6\n|teamsize|p2|6\n|gen|9\n|tier|[Gen 9] VGC 2023 Regulation C\n|rated|\n|rule|Species Clause: Limit one of each Pok\u00e9mon\n|rule|Item Clause: Limit one of each item\n|clearpoke\n|poke|p1|Gothitelle, L50, F|\n|poke|p1|Sylveon, L50, F|\n|poke|p1|Roaring Moon, L50|\n|poke|p1|Gengar, L50, F|\n|poke|p1|Azumarill, L50, F|\n|poke|p1|Gothorita, L50, F|\n|poke|p2|Iron Bundle, L50|\n|poke|p2|Iron Hands, L50|\n|poke|p2|Garchomp, L50, M|\n|poke|p2|Chien-Pao, L50|\n|poke|p2|Ting-Lu, L50|\n|poke|p2|Flutter Mane, L50|\n|teampreview|4\n|inactive|Battle timer is ON: inactive players will automatically lose when time's up. (requested by JamStunna)\n|\n|t:|1682872895\n|start\n|switch|p1a: Roaring Moon|Roaring Moon, L50|100\/100\n|switch|p1b: Gengar|Gengar, L50, F|100\/100\n|switch|p2a: Iron Bundle|Iron Bundle, L50|100\/100\n|switch|p2b: Flutter Mane|Flutter Mane, L50|100\/100\n|-enditem|p2a: Iron Bundle|Booster Energy\n|-activate|p2a: Iron Bundle|ability: Quark Drive|[fromitem]\n|-start|p2a: Iron Bundle|quarkdrivespe\n|-enditem|p1a: Roaring Moon|Booster Energy\n|-activate|p1a: Roaring Moon|ability: Protosynthesis|[fromitem]\n|-start|p1a: Roaring Moon|protosynthesisatk\n|turn|1\n|inactive|XinBluQAQ has 30 seconds left.\n|\n|t:|1682872927\n|-terastallize|p1a: Roaring Moon|Flying\n|-terastallize|p2b: Flutter Mane|Fairy\n|move|p2a: Iron Bundle|Icy Wind|p1b: Gengar|[spread] p1a,p1b\n|-supereffective|p1a: Roaring Moon\n|-damage|p1a: Roaring Moon|61\/100\n|-damage|p1b: Gengar|67\/100\n|-unboost|p1a: Roaring Moon|spe|1\n|-unboost|p1b: Gengar|spe|1\n|-start|p2a: Iron Bundle|Disable|Icy Wind|[from] ability: Cursed Body|[of] p1b: Gengar\n|move|p2b: Flutter Mane|Moonblast|p1a: Roaring Moon\n|-damage|p1a: Roaring Moon|0 fnt\n|faint|p1a: Roaring Moon\n|-end|p1a: Roaring Moon|Protosynthesis|[silent]\n|move|p1b: Gengar|Sludge Bomb|p2a: Iron Bundle\n|-damage|p2a: Iron Bundle|12\/100\n|\n|upkeep\n|\n|t:|1682872950\n|switch|p1a: Sylveon|Sylveon, L50, F|100\/100\n|turn|2\n|\n|t:|1682872975\n|move|p2a: Iron Bundle|Protect|p2a: Iron Bundle\n|-singleturn|p2a: Iron Bundle|Protect\n|move|p2b: Flutter Mane|Moonblast|p1b: Gengar\n|-resisted|p1b: Gengar\n|-damage|p1b: Gengar|0 fnt\n|faint|p1b: Gengar\n|move|p1a: Sylveon|Hyper Voice|p2a: Iron Bundle|[spread] p2b\n|-activate|p2a: Iron Bundle|move: Protect\n|-damage|p2b: Flutter Mane|63\/100\n|-enditem|p1a: Sylveon|Throat Spray\n|-boost|p1a: Sylveon|spa|1|[from] item: Throat Spray\n|\n|upkeep\n|\n|t:|1682872986\n|switch|p1b: Azumarill|Azumarill, L50, F|100\/100\n|turn|3\n|\n|t:|1682873007\n|-end|p2a: Iron Bundle|Quark Drive|[silent]\n|switch|p2a: Ting-Lu|Ting-Lu, L50|100\/100\n|-ability|p2a: Ting-Lu|Vessel of Ruin\n|move|p1b: Azumarill|Aqua Jet|p2b: Flutter Mane\n|-damage|p2b: Flutter Mane|15\/100\n|-damage|p1b: Azumarill|91\/100|[from] item: Life Orb\n|move|p2b: Flutter Mane|Moonblast|p1b: Azumarill\n|-damage|p1b: Azumarill|15\/100\n|move|p1a: Sylveon|Hyper Voice|p2a: Ting-Lu|[spread] p2a,p2b\n|-supereffective|p2a: Ting-Lu\n|-damage|p2a: Ting-Lu|28\/100\n|-damage|p2b: Flutter Mane|0 fnt\n|faint|p2b: Flutter Mane\n|-end|p2b: Flutter Mane|Protosynthesis|[silent]\n|\n|upkeep\n|\n|t:|1682873013\n|switch|p2b: Garchomp|Garchomp, L50, M|100\/100\n|turn|4\n|\n|t:|1682873025\n|move|p1b: Azumarill|Aqua Jet|p2a: Ting-Lu\n|-supereffective|p2a: Ting-Lu\n|-damage|p2a: Ting-Lu|0 fnt\n|faint|p2a: Ting-Lu\n|-damage|p1b: Azumarill|5\/100|[from] item: Life Orb\n|move|p2b: Garchomp|Earthquake|p1b: Azumarill|[spread] p1a,p1b\n|-damage|p1a: Sylveon|54\/100\n|-damage|p1b: Azumarill|0 fnt\n|faint|p1b: Azumarill\n|move|p1a: Sylveon|Hyper Voice|p2b: Garchomp\n|-supereffective|p2b: Garchomp\n|-enditem|p2b: Garchomp|Roseli Berry|[eat]\n|-enditem|p2b: Garchomp|Roseli Berry|[weaken]\n|-damage|p2b: Garchomp|17\/100\n|\n|upkeep\n|\n|t:|1682873029\n|switch|p2a: Iron Bundle|Iron Bundle, L50|12\/100\n|turn|5\n|\n|t:|1682873040\n|move|p1a: Sylveon|Protect|p1a: Sylveon\n|-singleturn|p1a: Sylveon|Protect\n|move|p2a: Iron Bundle|Icy Wind|p1a: Sylveon\n|-activate|p1a: Sylveon|move: Protect\n|move|p2b: Garchomp|Poison Jab|p1a: Sylveon\n|-activate|p1a: Sylveon|move: Protect\n|\n|upkeep\n|turn|6\n|\n|t:|1682873049\n|move|p2a: Iron Bundle|Encore|p1a: Sylveon\n|-start|p1a: Sylveon|Encore\n|move|p2b: Garchomp|Poison Jab|p1a: Sylveon\n|-supereffective|p1a: Sylveon\n|-damage|p1a: Sylveon|0 fnt\n|faint|p1a: Sylveon\n|\n|win|XinBluQAQ\n|raw|JamStunna's rating: 1242 → 1222<\/strong> (-20 for losing)\n|raw|XinBluQAQ's rating: 1312 → 1328<\/strong> (+16 for winning)\n|l|\u2606JamStunna\n|l|\u2606XinBluQAQ\n|j|\u2606XinBluQAQ\n|player|p2|XinBluQAQ|shadowtriad\n","uploadtime":1682873165,"views":19,"p1id":"jamstunna","p2id":"xinbluqaq","formatid":"gen9vgc2023regulationc","rating":1222,"private":0,"password":""}