{"id":"gen9vgc2023regulationc-1851458948","p1":"Unovya","p2":"jaymac11","format":"[Gen 9] VGC 2023 Regulation C","log":"|j|\u2606Unovya\n|j|\u203djaymac11\n|t:|1682446829\n|gametype|doubles\n|player|p1|Unovya|n|1063\n|player|p2|jaymac11|lucas|1112\n|teamsize|p1|6\n|teamsize|p2|6\n|gen|9\n|tier|[Gen 9] VGC 2023 Regulation C\n|rated|\n|rule|Species Clause: Limit one of each Pok\u00e9mon\n|rule|Item Clause: Limit one of each item\n|clearpoke\n|poke|p1|Ting-Lu, L50|\n|poke|p1|Bombirdier, L50, F|\n|poke|p1|Amoonguss, L50, M|\n|poke|p1|Chi-Yu, L50|\n|poke|p1|Cetitan, L50, F|\n|poke|p1|Breloom, L50, M|\n|poke|p2|Dudunsparce-*, L50, M|\n|poke|p2|Garchomp, L50, F|\n|poke|p2|Tyranitar, L50, M|\n|poke|p2|Gastrodon, L50, F|\n|poke|p2|Roaring Moon, L50|\n|poke|p2|Indeedee-F, L50, F|\n|teampreview|4\n|\n|t:|1682446862\n|start\n|switch|p1a: Ting-Lu|Ting-Lu, L50|100\/100\n|switch|p1b: Bombirdier|Bombirdier, L50, F|100\/100\n|switch|p2a: Indeedee|Indeedee-F, L50, F|100\/100\n|switch|p2b: Dudunsparce|Dudunsparce-Three-Segment, L50, M|100\/100\n|-ability|p1a: Ting-Lu|Vessel of Ruin\n|turn|1\n|inactive|Battle timer is ON: inactive players will automatically lose when time's up. (requested by jaymac11)\n|\n|t:|1682446875\n|move|p2a: Indeedee|Follow Me|p2a: Indeedee\n|-singleturn|p2a: Indeedee|move: Follow Me\n|move|p1b: Bombirdier|Hone Claws|p1b: Bombirdier\n|-boost|p1b: Bombirdier|atk|1\n|-boost|p1b: Bombirdier|accuracy|1\n|move|p2b: Dudunsparce|Agility|p2b: Dudunsparce\n|-boost|p2b: Dudunsparce|spe|2\n|move|p1a: Ting-Lu|Fissure|p2a: Indeedee\n|-damage|p2a: Indeedee|0 fnt\n|faint|p2a: Indeedee\n|-ohko\n|\n|upkeep\n|\n|t:|1682446889\n|switch|p2a: Tyranitar|Tyranitar, L50, M|100\/100\n|-weather|Sandstorm|[from] ability: Sand Stream|[of] p2a: Tyranitar\n|turn|2\n|c|\u2606Unovya|rng strikes again\n|inactive|Unovya has 30 seconds left.\n|\n|t:|1682446922\n|switch|p1b: Breloom|Breloom, L50, M|100\/100\n|-terastallize|p2a: Tyranitar|Flying\n|move|p2b: Dudunsparce|Rock Slide|p1b: Breloom|[spread] p1a,p1b\n|-resisted|p1a: Ting-Lu\n|-resisted|p1b: Breloom\n|-crit|p1b: Breloom\n|-damage|p1a: Ting-Lu|96\/100\n|-damage|p1b: Breloom|83\/100\n|move|p2a: Tyranitar|Thunder Wave|p1b: Breloom\n|-status|p1b: Breloom|par\n|cant|p1a: Ting-Lu|flinch\n|\n|-weather|Sandstorm|[upkeep]\n|-damage|p2b: Dudunsparce|94\/100|[from] Sandstorm\n|-damage|p2a: Tyranitar|94\/100|[from] Sandstorm\n|-damage|p1b: Breloom|78\/100 par|[from] Sandstorm\n|-heal|p2a: Tyranitar|100\/100|[from] item: Leftovers\n|upkeep\n|turn|3\n|\n|t:|1682446945\n|switch|p1b: Cetitan|Cetitan, L50, F|100\/100\n|move|p2b: Dudunsparce|Rock Slide|p1a: Ting-Lu|[spread] p1a,p1b\n|-resisted|p1a: Ting-Lu\n|-supereffective|p1b: Cetitan\n|-damage|p1a: Ting-Lu|92\/100\n|-damage|p1b: Cetitan|72\/100\n|move|p2a: Tyranitar|Rock Slide|p1b: Cetitan|[spread] p1a,p1b\n|-resisted|p1a: Ting-Lu\n|-supereffective|p1b: Cetitan\n|-damage|p1a: Ting-Lu|83\/100\n|-damage|p1b: Cetitan|20\/100\n|-enditem|p1b: Cetitan|Aguav Berry|[eat]\n|-heal|p1b: Cetitan|53\/100|[from] item: Aguav Berry\n|cant|p1a: Ting-Lu|flinch\n|\n|-weather|Sandstorm|[upkeep]\n|-damage|p2b: Dudunsparce|88\/100|[from] Sandstorm\n|-damage|p1b: Cetitan|47\/100|[from] Sandstorm\n|-damage|p2a: Tyranitar|94\/100|[from] Sandstorm\n|-heal|p2a: Tyranitar|100\/100|[from] item: Leftovers\n|upkeep\n|turn|4\n|\n|t:|1682446965\n|move|p2b: Dudunsparce|Rock Slide|p1a: Ting-Lu|[spread] p1a,p1b\n|-resisted|p1a: Ting-Lu\n|-supereffective|p1b: Cetitan\n|-damage|p1a: Ting-Lu|79\/100\n|-damage|p1b: Cetitan|16\/100\n|cant|p1b: Cetitan|flinch\n|move|p2a: Tyranitar|Rock Slide|p1b: Cetitan|[spread] p1a,p1b\n|-resisted|p1a: Ting-Lu\n|-supereffective|p1b: Cetitan\n|-crit|p1b: Cetitan\n|-damage|p1a: Ting-Lu|70\/100\n|-damage|p1b: Cetitan|0 fnt\n|faint|p1b: Cetitan\n|cant|p1a: Ting-Lu|flinch\n|\n|-weather|Sandstorm|[upkeep]\n|-damage|p2b: Dudunsparce|82\/100|[from] Sandstorm\n|-damage|p2a: Tyranitar|94\/100|[from] Sandstorm\n|-heal|p2a: Tyranitar|100\/100|[from] item: Leftovers\n|upkeep\n|c|\u2606Unovya|huhhhh\n|c|\u2606Unovya|rng has strikes me aparently\n|inactive|Unovya has 30 seconds left.\n|\n|t:|1682446991\n|switch|p1b: Bombirdier|Bombirdier, L50, F|100\/100\n|turn|5\n|\n|t:|1682447005\n|move|p2b: Dudunsparce|Rock Slide|p1b: Bombirdier|[spread] \n|-miss|p2b: Dudunsparce|p1a: Ting-Lu\n|-miss|p2b: Dudunsparce|p1b: Bombirdier\n|move|p1b: Bombirdier|Knock Off|p2a: Tyranitar\n|-damage|p2a: Tyranitar|62\/100\n|-enditem|p2a: Tyranitar|Leftovers|[from] move: Knock Off|[of] p1b: Bombirdier\n|move|p2a: Tyranitar|Thunder Wave|p1b: Bombirdier\n|-status|p1b: Bombirdier|par\n|move|p1a: Ting-Lu|Fissure|p2b: Dudunsparce\n|-damage|p2b: Dudunsparce|0 fnt\n|faint|p2b: Dudunsparce\n|-ohko\n|\n|-weather|Sandstorm|[upkeep]\n|-damage|p2a: Tyranitar|55\/100|[from] Sandstorm\n|-damage|p1b: Bombirdier|94\/100 par|[from] Sandstorm\n|upkeep\n|\n|t:|1682447023\n|switch|p2b: Garchomp|Garchomp, L50, F|100\/100\n|turn|6\n|\n|t:|1682447033\n|move|p2b: Garchomp|Earthquake|p1b: Bombirdier|[spread] p1a\n|-immune|p2a: Tyranitar\n|-immune|p1b: Bombirdier\n|-damage|p1a: Ting-Lu|49\/100\n|move|p2a: Tyranitar|Rock Slide|p1b: Bombirdier|[spread] p1a,p1b\n|-resisted|p1a: Ting-Lu\n|-supereffective|p1b: Bombirdier\n|-damage|p1a: Ting-Lu|42\/100\n|-damage|p1b: Bombirdier|7\/100 par\n|move|p1b: Bombirdier|Stone Edge|p2a: Tyranitar\n|-supereffective|p2a: Tyranitar\n|-crit|p2a: Tyranitar\n|-damage|p2a: Tyranitar|0 fnt\n|faint|p2a: Tyranitar\n|move|p1a: Ting-Lu|Fissure|p2b: Garchomp\n|-damage|p2b: Garchomp|0 fnt\n|faint|p2b: Garchomp\n|-ohko\n|\n|win|Unovya\n|raw|Unovya's rating: 1063 → 1098<\/strong> (+35 for winning)\n|raw|jaymac11's rating: 1112 → 1083<\/strong> (-29 for losing)\n|c|\u2606Unovya|gg\n|c|\u2606Unovya|rng was on my side\n|l|\u203djaymac11\n","uploadtime":1682447080,"views":5,"p1id":"unovya","p2id":"jaymac11","formatid":"gen9vgc2023regulationc","rating":1083,"private":0,"password":""}