{"id":"gen9vgc2023regulationc-1858258620","p1":"Vengeful potato","p2":"valentijn616","format":"[Gen 9] VGC 2023 Regulation C","log":"|j|\u2606Vengeful potato\n|j|\u2606valentijn616\n|t:|1683296091\n|gametype|doubles\n|player|p1|Vengeful potato|swimmer-gen4|1245\n|player|p2|valentijn616|policeman-gen4|1332\n|teamsize|p1|6\n|teamsize|p2|6\n|gen|9\n|tier|[Gen 9] VGC 2023 Regulation C\n|rated|\n|rule|Species Clause: Limit one of each Pok\u00e9mon\n|rule|Item Clause: Limit one of each item\n|clearpoke\n|poke|p1|Dudunsparce-*, L50, M|\n|poke|p1|Hariyama, L50, M|\n|poke|p1|Gholdengo, L50|\n|poke|p1|Rotom-Wash, L50|\n|poke|p1|Iron Moth, L50|\n|poke|p1|Salamence, L50, F|\n|poke|p2|Garchomp, L50, M|\n|poke|p2|Corviknight, L50, M|\n|poke|p2|Flutter Mane, L50|\n|poke|p2|Amoonguss, L50, F|\n|poke|p2|Arcanine, L50, F|\n|poke|p2|Iron Bundle, L50|\n|teampreview|4\n|inactive|Battle timer is ON: inactive players will automatically lose when time's up. (requested by valentijn616)\nvalentijn616 has agreed to open team sheets.\nVengeful potato has agreed to open team sheets.\n|inactive|Vengeful potato has 60 seconds left.\n|inactive|valentijn616 has 60 seconds left.\n|inactive|Vengeful potato has 30 seconds left.\n|inactive|valentijn616 has 30 seconds left.\n|\n|t:|1683296153\n|start\n|switch|p1a: Double Trouble|Dudunsparce, L50, M|100\/100\n|switch|p1b: THICC|Hariyama, L50, M, shiny|100\/100\n|switch|p2a: Garchomp|Garchomp, L50, M|100\/100\n|switch|p2b: Corviknight|Corviknight, L50, M|100\/100\n|turn|1\n|\n|t:|1683296173\n|move|p1b: THICC|Fake Out|p2b: Corviknight\n|-resisted|p2b: Corviknight\n|-crit|p2b: Corviknight\n|-damage|p2b: Corviknight|92\/100\n|-damage|p1b: THICC|84\/100|[from] item: Rocky Helmet|[of] p2b: Corviknight\n|move|p2a: Garchomp|Stomping Tantrum|p1a: Double Trouble\n|-damage|p1a: Double Trouble|69\/100\n|cant|p2b: Corviknight|flinch\n|move|p1a: Double Trouble|Glare|p2a: Garchomp\n|-status|p2a: Garchomp|par\n|\n|upkeep\n|turn|2\n|\n|t:|1683296194\n|move|p2b: Corviknight|Tailwind|p2b: Corviknight\n|-sidestart|p2: valentijn616|move: Tailwind\n|cant|p2a: Garchomp|par\n|move|p1a: Double Trouble|Glare|p2b: Corviknight\n|-status|p2b: Corviknight|par\n|move|p1b: THICC|Drain Punch|p2a: Garchomp\n|-damage|p2a: Garchomp|65\/100 par\n|-heal|p1b: THICC|99\/100|[from] drain|[of] p2a: Garchomp\n|-damage|p1b: THICC|87\/100|[from] ability: Rough Skin|[of] p2a: Garchomp\n|\n|upkeep\n|turn|3\n|\n|t:|1683296208\n|move|p1a: Double Trouble|Protect|p1a: Double Trouble\n|-singleturn|p1a: Double Trouble|Protect\n|move|p2a: Garchomp|Earthquake|p1b: THICC|[spread] p1b\n|-activate|p1a: Double Trouble|move: Protect\n|-immune|p2b: Corviknight\n|-damage|p1b: THICC|52\/100\n|move|p2b: Corviknight|Brave Bird|p1b: THICC\n|-supereffective|p1b: THICC\n|-damage|p1b: THICC|0 fnt\n|faint|p1b: THICC\n|-damage|p2b: Corviknight|72\/100 par|[from] Recoil\n|\n|upkeep\n|\n|t:|1683296221\n|switch|p1b: KILLER MOTH|Iron Moth, L50|100\/100\n|turn|4\n|\n|t:|1683296233\n|move|p1b: KILLER MOTH|Protect|p1b: KILLER MOTH\n|-singleturn|p1b: KILLER MOTH|Protect\n|move|p2b: Corviknight|Protect|p2b: Corviknight\n|-singleturn|p2b: Corviknight|Protect\n|cant|p2a: Garchomp|par\n|move|p1a: Double Trouble|Roost|p1a: Double Trouble\n|-heal|p1a: Double Trouble|100\/100\n|-singleturn|p1a: Double Trouble|move: Roost\n|\n|upkeep\n|turn|5\n|inactive|Vengeful potato has 30 seconds left.\n|\n|t:|1683296259\n|-end|p1b: KILLER MOTH|Quark Drive|[silent]\n|switch|p1b: Big Stonks|Gholdengo, L50|100\/100\n|-terastallize|p2b: Corviknight|Fire\n|move|p2a: Garchomp|Stomping Tantrum|p1b: Big Stonks\n|-supereffective|p1b: Big Stonks\n|-damage|p1b: Big Stonks|0 fnt\n|faint|p1b: Big Stonks\n|move|p2b: Corviknight|Brave Bird|p1a: Double Trouble\n|-damage|p1a: Double Trouble|65\/100\n|-damage|p2b: Corviknight|60\/100 par|[from] Recoil\n|move|p1a: Double Trouble|Rock Slide|p2a: Garchomp|[spread] p2a\n|-miss|p1a: Double Trouble|p2b: Corviknight\n|-resisted|p2a: Garchomp\n|-damage|p2a: Garchomp|58\/100 par\n|\n|-sideend|p2: valentijn616|move: Tailwind\n|upkeep\n|\n|t:|1683296268\n|switch|p1b: KILLER MOTH|Iron Moth, L50|100\/100\n|turn|6\n|\n|t:|1683296278\n|move|p1b: KILLER MOTH|Fiery Dance|p2a: Garchomp\n|-resisted|p2a: Garchomp\n|-damage|p2a: Garchomp|25\/100 par\n|-damage|p1b: KILLER MOTH|91\/100|[from] item: Life Orb\n|move|p1a: Double Trouble|Rock Slide|p2b: Corviknight|[spread] p2a\n|-miss|p1a: Double Trouble|p2b: Corviknight\n|-resisted|p2a: Garchomp\n|-damage|p2a: Garchomp|18\/100 par\n|cant|p2a: Garchomp|flinch\n|move|p2b: Corviknight|Brave Bird|p1a: Double Trouble\n|-damage|p1a: Double Trouble|32\/100\n|-enditem|p1a: Double Trouble|Sitrus Berry|[eat]\n|-heal|p1a: Double Trouble|57\/100|[from] item: Sitrus Berry\n|-damage|p2b: Corviknight|49\/100 par|[from] Recoil\n|\n|upkeep\n|turn|7\n|\n|t:|1683296295\n|move|p1b: KILLER MOTH|Fiery Dance|p2a: Garchomp\n|-resisted|p2a: Garchomp\n|-damage|p2a: Garchomp|0 fnt\n|-boost|p1b: KILLER MOTH|spa|1\n|faint|p2a: Garchomp\n|-damage|p1b: KILLER MOTH|81\/100|[from] item: Life Orb\n|move|p1a: Double Trouble|Rock Slide|p2b: Corviknight\n|-supereffective|p2b: Corviknight\n|-damage|p2b: Corviknight|20\/100 par\n|cant|p2b: Corviknight|flinch\n|\n|upkeep\n|\n|t:|1683296305\n|switch|p2a: Arcanine|Arcanine, L50, F|100\/100\n|-ability|p2a: Arcanine|Intimidate|boost\n|-unboost|p1a: Double Trouble|atk|1\n|-unboost|p1b: KILLER MOTH|atk|1\n|turn|8\n|\n|t:|1683296320\n|move|p2a: Arcanine|Protect|p2a: Arcanine\n|-singleturn|p2a: Arcanine|Protect\n|move|p1b: KILLER MOTH|Fiery Dance|p2b: Corviknight\n|-resisted|p2b: Corviknight\n|-damage|p2b: Corviknight|0 fnt\n|faint|p2b: Corviknight\n|-damage|p1b: KILLER MOTH|71\/100|[from] item: Life Orb\n|move|p1a: Double Trouble|Glare|p2a: Arcanine\n|-activate|p2a: Arcanine|move: Protect\n|\n|upkeep\n|\n|t:|1683296324\n|switch|p2b: Iron Bundle|Iron Bundle, L50|100\/100\n|turn|9\n|\n|t:|1683296332\n|move|p1b: KILLER MOTH|Protect|p1b: KILLER MOTH\n|-singleturn|p1b: KILLER MOTH|Protect\n|move|p2b: Iron Bundle|Hydro Pump|p1b: KILLER MOTH\n|-activate|p1b: KILLER MOTH|move: Protect\n|move|p2a: Arcanine|Flare Blitz|p1a: Double Trouble\n|-damage|p1a: Double Trouble|15\/100\n|-damage|p2a: Arcanine|86\/100|[from] Recoil\n|move|p1a: Double Trouble|Glare|p2b: Iron Bundle\n|-status|p2b: Iron Bundle|par\n|\n|upkeep\n|turn|10\n|inactive|Vengeful potato has 30 seconds left.\n|\n|t:|1683296358\n|-terastallize|p1b: KILLER MOTH|Grass\n|move|p1a: Double Trouble|Protect|p1a: Double Trouble\n|-singleturn|p1a: Double Trouble|Protect\n|move|p2a: Arcanine|Extreme Speed|p1a: Double Trouble\n|-activate|p1a: Double Trouble|move: Protect\n|move|p1b: KILLER MOTH|Sludge Wave|p2a: Arcanine|[spread] p2a,p2b\n|-activate|p1a: Double Trouble|move: Protect\n|-damage|p2a: Arcanine|4\/100\n|-enditem|p2b: Iron Bundle|Focus Sash\n|-damage|p2b: Iron Bundle|1\/100 par\n|-damage|p1b: KILLER MOTH|61\/100|[from] item: Life Orb\n|cant|p2b: Iron Bundle|par\n|\n|upkeep\n|turn|11\n|inactive|valentijn616 has 30 seconds left.\n|c|\u2606valentijn616|damn i went for freeze dry\n|c|\u2606valentijn616|gg\n|inactive|valentijn616 has 20 seconds left.\n|inactive|valentijn616 has 15 seconds left.\n|\n|t:|1683296401\n|move|p2a: Arcanine|Extreme Speed|p1b: KILLER MOTH\n|-damage|p1b: KILLER MOTH|23\/100\n|move|p1b: KILLER MOTH|Sludge Wave|p2b: Iron Bundle|[spread] p1a,p2a,p2b\n|-damage|p1a: Double Trouble|0 fnt\n|-damage|p2a: Arcanine|0 fnt\n|-damage|p2b: Iron Bundle|0 fnt\n|faint|p1a: Double Trouble\n|faint|p2a: Arcanine\n|faint|p2b: Iron Bundle\n|-end|p2b: Iron Bundle|Quark Drive|[silent]\n|-damage|p1b: KILLER MOTH|13\/100|[from] item: Life Orb\n|\n|win|Vengeful potato\n|raw|Vengeful potato's rating: 1245 → 1276<\/strong> (+31 for winning)\n|raw|valentijn616's rating: 1332 → 1307<\/strong> (-25 for losing)\n|c|\u2606Vengeful potato|It be like that sometimes\n|l|\u2606valentijn616\n|c|\u2606Vengeful potato|Gg\n","uploadtime":1683296413,"views":2,"p1id":"vengefulpotato","p2id":"valentijn616","formatid":"gen9vgc2023regulationc","rating":1276,"private":0,"password":""}