{"id":"gen9vgc2023regulationc-1849926604","p1":"coolsword16","p2":"1stTempest","format":"[Gen 9] VGC 2023 Regulation C","log":"|j|\u2606coolsword16\n|j|\u26061stTempest\n|t:|1682268888\n|gametype|doubles\n|player|p1|coolsword16|170|1211\n|player|p2|1stTempest|penny|1179\n|teamsize|p1|6\n|teamsize|p2|6\n|gen|9\n|tier|[Gen 9] VGC 2023 Regulation C\n|rated|\n|rule|Species Clause: Limit one of each Pok\u00e9mon\n|rule|Item Clause: Limit one of each item\n|clearpoke\n|poke|p1|Farigiraf, L50, F|\n|poke|p1|Hariyama, L50, F|\n|poke|p1|Dragonite, L50, F|\n|poke|p1|Pachirisu, L50, M|\n|poke|p1|Tsareena, L50, F|\n|poke|p1|Azumarill, L50, F|\n|poke|p2|Tyranitar, L50, F|\n|poke|p2|Glimmora, L50, F|\n|poke|p2|Garchomp, L50, F|\n|poke|p2|Corviknight, L50, F|\n|poke|p2|Arcanine, L50, F|\n|poke|p2|Sandy Shocks, L50|\n|teampreview|4\n1stTempest rejected open team sheets.\n|\n|t:|1682268912\n|start\n|switch|p1a: Lady Kubwa|Farigiraf, L50, F|100\/100\n|switch|p1b: Suki|Hariyama, L50, F|100\/100\n|switch|p2a: Noms|Tyranitar, L50, F|100\/100\n|switch|p2b: Chomps|Garchomp, L50, F|100\/100\n|-weather|Sandstorm|[from] ability: Sand Stream|[of] p2a: Noms\n|turn|1\n|inactive|Battle timer is ON: inactive players will automatically lose when time's up. (requested by 1stTempest)\n|\n|t:|1682268930\n|-terastallize|p2a: Noms|Flying\n|move|p1b: Suki|Fake Out|p2a: Noms\n|-damage|p2a: Noms|90\/100\n|move|p2b: Chomps|Dragon Claw|p1a: Lady Kubwa\n|-damage|p1a: Lady Kubwa|57\/100\n|cant|p2a: Noms|flinch\n|move|p1a: Lady Kubwa|Trick Room|p1a: Lady Kubwa\n|-fieldstart|move: Trick Room|[of] p1a: Lady Kubwa\n|\n|-weather|Sandstorm|[upkeep]\n|-damage|p1b: Suki|95\/100|[from] Sandstorm\n|-damage|p1a: Lady Kubwa|51\/100|[from] Sandstorm\n|-damage|p2a: Noms|83\/100|[from] Sandstorm\n|-status|p1b: Suki|brn|[from] item: Flame Orb\n|upkeep\n|turn|2\n|\n|t:|1682268953\n|switch|p2a: Fluffy|Arcanine, L50, F|100\/100\n|-ability|p2a: Fluffy|Intimidate|boost\n|-unboost|p1a: Lady Kubwa|atk|1\n|-unboost|p1b: Suki|atk|1\n|move|p2b: Chomps|Protect|p2b: Chomps\n|-singleturn|p2b: Chomps|Protect\n|move|p1b: Suki|Close Combat|p2b: Chomps\n|-activate|p2b: Chomps|move: Protect\n|move|p1a: Lady Kubwa|Hyper Voice|p2b: Chomps|[spread] p2a\n|-activate|p2b: Chomps|move: Protect\n|-damage|p2a: Fluffy|63\/100\n|\n|-weather|Sandstorm|[upkeep]\n|-damage|p1b: Suki|89\/100 brn|[from] Sandstorm\n|-damage|p1a: Lady Kubwa|45\/100|[from] Sandstorm\n|-damage|p1b: Suki|83\/100 brn|[from] brn\n|upkeep\n|turn|3\n|inactive|1stTempest has 30 seconds left.\n|\n|t:|1682268983\n|switch|p1b: Bubbie|Azumarill, L50, F|100\/100\n|switch|p2a: Noms|Tyranitar, L50, F, tera:Flying|83\/100\n|move|p1a: Lady Kubwa|Psychic|p2a: Noms\n|-damage|p2a: Noms|55\/100\n|-unboost|p2a: Noms|spd|1\n|move|p2b: Chomps|Earthquake|p1a: Lady Kubwa|[spread] p1a,p1b\n|-immune|p2a: Noms\n|-crit|p1b: Bubbie\n|-damage|p1a: Lady Kubwa|3\/100\n|-damage|p1b: Bubbie|40\/100\n|\n|-weather|Sandstorm|[upkeep]\n|-damage|p1b: Bubbie|34\/100|[from] Sandstorm\n|-damage|p1a: Lady Kubwa|0 fnt|[from] Sandstorm\n|-damage|p2a: Noms|49\/100|[from] Sandstorm\n|faint|p1a: Lady Kubwa\n|upkeep\n|\n|t:|1682269002\n|switch|p1a: Suki|Hariyama, L50, F|83\/100 brn\n|turn|4\n|\n|t:|1682269012\n|switch|p2a: Fluffy|Arcanine, L50, F|63\/100\n|-ability|p2a: Fluffy|Intimidate|boost\n|-unboost|p1a: Suki|atk|1\n|-unboost|p1b: Bubbie|atk|1\n|move|p2b: Chomps|Protect|p2b: Chomps\n|-singleturn|p2b: Chomps|Protect\n|move|p1a: Suki|Knock Off|p2a: Fluffy\n|-damage|p2a: Fluffy|21\/100\n|-enditem|p2a: Fluffy|Safety Goggles|[from] move: Knock Off|[of] p1a: Suki\n|move|p1b: Bubbie|Play Rough|p2b: Chomps\n|-activate|p2b: Chomps|move: Protect\n|\n|-weather|Sandstorm|[upkeep]\n|-damage|p1a: Suki|77\/100 brn|[from] Sandstorm\n|-damage|p1b: Bubbie|28\/100|[from] Sandstorm\n|-damage|p2a: Fluffy|15\/100|[from] Sandstorm\n|-damage|p1a: Suki|71\/100 brn|[from] brn\n|upkeep\n|turn|5\n|inactive|1stTempest has 30 seconds left.\n|\n|t:|1682269039\n|move|p2a: Fluffy|Protect|p2a: Fluffy\n|-singleturn|p2a: Fluffy|Protect\n|move|p2b: Chomps|Protect||[still]\n|-fail|p2b: Chomps\n|move|p1a: Suki|Knock Off|p2a: Fluffy\n|-activate|p2a: Fluffy|move: Protect\n|move|p1b: Bubbie|Play Rough|p2b: Chomps\n|-supereffective|p2b: Chomps\n|-damage|p2b: Chomps|5\/100\n|-damage|p1b: Bubbie|18\/100|[from] item: Life Orb\n|\n|-weather|none\n|-damage|p1a: Suki|65\/100 brn|[from] brn\n|-fieldend|move: Trick Room\n|upkeep\n|turn|6\n|inactive|coolsword16 has 30 seconds left.\n|\n|t:|1682269065\n|switch|p2a: Noms|Tyranitar, L50, F, tera:Flying|49\/100\n|-weather|Sandstorm|[from] ability: Sand Stream|[of] p2a: Noms\n|move|p1a: Suki|Wide Guard|p1a: Suki\n|-singleturn|p1a: Suki|Wide Guard\n|move|p1b: Bubbie|Aqua Jet|p2a: Noms\n|-damage|p2a: Noms|31\/100\n|-damage|p1b: Bubbie|9\/100|[from] item: Life Orb\n|move|p2b: Chomps|Earthquake|p1b: Bubbie|[spread] \n|-activate|p1a: Suki|move: Wide Guard\n|-activate|p1b: Bubbie|move: Wide Guard\n|-immune|p2a: Noms\n|\n|-weather|Sandstorm|[upkeep]\n|-damage|p2a: Noms|25\/100|[from] Sandstorm\n|-damage|p1b: Bubbie|3\/100|[from] Sandstorm\n|-damage|p1a: Suki|59\/100 brn|[from] Sandstorm\n|-damage|p1a: Suki|53\/100 brn|[from] brn\n|upkeep\n|turn|7\n|inactive|1stTempest has 30 seconds left.\n|\n|t:|1682269091\n|switch|p2a: Fluffy|Arcanine, L50, F|15\/100\n|-ability|p2a: Fluffy|Intimidate|boost\n|-unboost|p1a: Suki|atk|1\n|-unboost|p1b: Bubbie|atk|1\n|move|p1b: Bubbie|Aqua Jet|p2b: Chomps|[miss]\n|-miss|p1b: Bubbie|p2b: Chomps\n|move|p2b: Chomps|Dragon Claw|p1a: Suki\n|-damage|p1a: Suki|19\/100 brn\n|move|p1a: Suki|Close Combat|p2a: Fluffy\n|-damage|p2a: Fluffy|0 fnt\n|-unboost|p1a: Suki|def|1\n|-unboost|p1a: Suki|spd|1\n|faint|p2a: Fluffy\n|\n|-weather|Sandstorm|[upkeep]\n|-damage|p1b: Bubbie|0 fnt|[from] Sandstorm\n|-damage|p1a: Suki|13\/100 brn|[from] Sandstorm\n|faint|p1b: Bubbie\n|-damage|p1a: Suki|7\/100 brn|[from] brn\n|upkeep\n|\n|t:|1682269108\n|switch|p2a: Dill Dough|Sandy Shocks, L50|100\/100\n|switch|p1b: Big Bertha|Dragonite, L50, F|100\/100\n|-enditem|p2a: Dill Dough|Booster Energy\n|-activate|p2a: Dill Dough|ability: Protosynthesis|[fromitem]\n|-start|p2a: Dill Dough|protosynthesisspe\n|turn|8\n|\n|t:|1682269121\n|-terastallize|p1b: Big Bertha|Normal\n|move|p1a: Suki|Wide Guard|p1a: Suki\n|-singleturn|p1a: Suki|Wide Guard\n|move|p2a: Dill Dough|Thunderbolt|p1b: Big Bertha\n|-damage|p1b: Big Bertha|80\/100\n|move|p2b: Chomps|Dragon Claw|p1b: Big Bertha\n|-damage|p1b: Big Bertha|40\/100\n|move|p1b: Big Bertha|Earthquake|p2a: Dill Dough|[spread] p2a,p2b\n|-activate|p1a: Suki|move: Wide Guard\n|-supereffective|p2a: Dill Dough\n|-damage|p2a: Dill Dough|37\/100\n|-damage|p2b: Chomps|0 fnt\n|faint|p2b: Chomps\n|\n|-weather|Sandstorm|[upkeep]\n|-damage|p1b: Big Bertha|34\/100|[from] Sandstorm\n|-damage|p1a: Suki|1\/100 brn|[from] Sandstorm\n|-damage|p1a: Suki|0 fnt|[from] brn\n|faint|p1a: Suki\n|upkeep\n|\n|t:|1682269137\n|switch|p2b: Noms|Tyranitar, L50, F, tera:Flying|25\/100\n|turn|9\n|\n|t:|1682269148\n|move|p1b: Big Bertha|Extreme Speed|p2a: Dill Dough\n|-damage|p2a: Dill Dough|0 fnt\n|faint|p2a: Dill Dough\n|-end|p2a: Dill Dough|Protosynthesis|[silent]\n|move|p2b: Noms|Power Gem|p1b: Big Bertha\n|-damage|p1b: Big Bertha|0 fnt\n|faint|p1b: Big Bertha\n|\n|win|1stTempest\n|raw|coolsword16's rating: 1211 → 1184<\/strong> (-27 for losing)\n|raw|1stTempest's rating: 1179 → 1206<\/strong> (+27 for winning)\n|l|\u2606coolsword16\n|c|\u26061stTempest|gg\n","uploadtime":1682269162,"views":9,"p1id":"coolsword16","p2id":"1sttempest","formatid":"gen9vgc2023regulationc","rating":1184,"private":0,"password":""}