{"id":"gen9vgc2023regulationc-1851576386","p1":"MRPike325","p2":"TheCheckMatt","format":"[Gen 9] VGC 2023 Regulation C","log":"|j|\u2606MRPike325\n|j|\u2606TheCheckMatt\n|t:|1682457346\n|gametype|doubles\n|player|p1|MRPike325|170|1268\n|player|p2|TheCheckMatt|riley|1290\n|teamsize|p1|6\n|teamsize|p2|6\n|gen|9\n|tier|[Gen 9] VGC 2023 Regulation C\n|rated|\n|rule|Species Clause: Limit one of each Pok\u00e9mon\n|rule|Item Clause: Limit one of each item\n|clearpoke\n|poke|p1|Palafin, L50, M|\n|poke|p1|Scream Tail, L50|\n|poke|p1|Flutter Mane, L50|\n|poke|p1|Amoonguss, L50, M|\n|poke|p1|Arcanine, L50, M|\n|poke|p1|Gothitelle, L50, F|\n|poke|p2|Coalossal, L50, F|\n|poke|p2|Bruxish, L50, F|\n|poke|p2|Tauros-Paldea-Combat, L50, M|\n|poke|p2|Meowscarada, L50, M|\n|poke|p2|Amoonguss, L50, F|\n|poke|p2|Gastrodon-East, L50, M|\n|teampreview|4\n|inactive|Battle timer is ON: inactive players will automatically lose when time's up. (requested by MRPike325)\n|inactive|TheCheckMatt has 60 seconds left.\n|\n|t:|1682457399\n|start\n|switch|p1a: EEEEEEEEEEEE|Flutter Mane, L50|100\/100\n|switch|p1b: AWOOOOOOOOOO|Arcanine, L50, M|100\/100\n|switch|p2a: Meowscarada|Meowscarada, L50, M|100\/100\n|switch|p2b: Bruxish|Bruxish, L50, F|100\/100\n|-ability|p1b: AWOOOOOOOOOO|Intimidate|boost\n|-unboost|p2a: Meowscarada|atk|1\n|-unboost|p2b: Bruxish|atk|1\n|turn|1\n|\n|t:|1682457415\n|switch|p1b: GO BIRD|Gothitelle, L50, F|100\/100\n|move|p2b: Bruxish|Wave Crash|p1b: GO BIRD\n|-damage|p1b: GO BIRD|66\/100\n|-damage|p2b: Bruxish|87\/100|[from] Recoil\n|move|p1a: EEEEEEEEEEEE|Perish Song|p1a: EEEEEEEEEEEE\n|-start|p1a: EEEEEEEEEEEE|perish3|[silent]\n|-start|p1b: GO BIRD|perish3|[silent]\n|-start|p2a: Meowscarada|perish3|[silent]\n|-start|p2b: Bruxish|perish3|[silent]\n|-fieldactivate|move: Perish Song\n|move|p2a: Meowscarada|Flower Trick|p1a: EEEEEEEEEEEE\n|-crit|p1a: EEEEEEEEEEEE\n|-damage|p1a: EEEEEEEEEEEE|2\/100\n|\n|-start|p2b: Bruxish|perish3\n|-start|p1a: EEEEEEEEEEEE|perish3\n|-start|p2a: Meowscarada|perish3\n|-start|p1b: GO BIRD|perish3\n|upkeep\n|turn|2\n|inactive|MRPike325 has 30 seconds left.\n|\n|t:|1682457445\n|-end|p1a: EEEEEEEEEEEE|Protosynthesis|[silent]\n|switch|p1a: AWOOOOOOOOOO|Arcanine, L50, M|100\/100\n|-ability|p1a: AWOOOOOOOOOO|Intimidate|boost\n|-unboost|p2a: Meowscarada|atk|1\n|-unboost|p2b: Bruxish|atk|1\n|-terastallize|p2b: Bruxish|Ghost\n|move|p2a: Meowscarada|Protect|p2a: Meowscarada\n|-singleturn|p2a: Meowscarada|Protect\n|move|p1b: GO BIRD|Fake Out||[still]\n|cant|p2b: Bruxish|ability: Dazzling|Fake Out|[of] p1b: GO BIRD\n|move|p2b: Bruxish|Wave Crash|p1a: AWOOOOOOOOOO\n|-supereffective|p1a: AWOOOOOOOOOO\n|-damage|p1a: AWOOOOOOOOOO|38\/100\n|-damage|p2b: Bruxish|61\/100|[from] Recoil\n|\n|-start|p2b: Bruxish|perish2\n|-start|p2a: Meowscarada|perish2\n|-start|p1b: GO BIRD|perish2\n|upkeep\n|turn|3\n|\n|t:|1682457466\n|switch|p2b: Gastrodon|Gastrodon-East, L50, M|100\/100\n|move|p1a: AWOOOOOOOOOO|Protect|p1a: AWOOOOOOOOOO\n|-singleturn|p1a: AWOOOOOOOOOO|Protect\n|move|p1b: GO BIRD|Protect|p1b: GO BIRD\n|-singleturn|p1b: GO BIRD|Protect\n|move|p2a: Meowscarada|U-turn|p1b: GO BIRD\n|-activate|p1b: GO BIRD|move: Protect\n|\n|-start|p2a: Meowscarada|perish1\n|-start|p1b: GO BIRD|perish1\n|upkeep\n|turn|4\n|\n|t:|1682457486\n|move|p1a: AWOOOOOOOOOO|Protect||[still]\n|-fail|p1a: AWOOOOOOOOOO\n|move|p1b: GO BIRD|Protect|p1b: GO BIRD\n|-singleturn|p1b: GO BIRD|Protect\n|move|p2a: Meowscarada|U-turn|p1b: GO BIRD\n|-activate|p1b: GO BIRD|move: Protect\n|move|p2b: Gastrodon|Earth Power|p1a: AWOOOOOOOOOO\n|-supereffective|p1a: AWOOOOOOOOOO\n|-damage|p1a: AWOOOOOOOOOO|0 fnt\n|faint|p1a: AWOOOOOOOOOO\n|\n|-start|p2a: Meowscarada|perish0\n|-start|p1b: GO BIRD|perish0\n|faint|p2a: Meowscarada\n|faint|p1b: GO BIRD\n|upkeep\n|\n|t:|1682457500\n|switch|p2a: Bruxish|Bruxish, L50, F, tera:Ghost|61\/100\n|switch|p1a: EEEEEEEEEEEE|Flutter Mane, L50|2\/100\n|switch|p1b: AAAAAAAAAAAA|Scream Tail, L50, shiny|100\/100\n|-enditem|p1b: AAAAAAAAAAAA|Booster Energy\n|-activate|p1b: AAAAAAAAAAAA|ability: Protosynthesis|[fromitem]\n|-start|p1b: AAAAAAAAAAAA|protosynthesisspe\n|turn|5\n|-message|MRPike325 forfeited.\n|\n|win|TheCheckMatt\n|raw|MRPike325's rating: 1268 → 1245<\/strong> (-23 for losing)\n|raw|TheCheckMatt's rating: 1290 → 1313<\/strong> (+23 for winning)\n|l|\u2606MRPike325\n","uploadtime":1682457533,"views":16,"p1id":"mrpike325","p2id":"thecheckmatt","formatid":"gen9vgc2023regulationc","rating":1245,"private":0,"password":""}