{"id":"gen9vgc2023regulationc-1859167138","p1":"Topical Rainstorm","p2":"Caelthefruit","format":"[Gen 9] VGC 2023 Regulation C","log":"|j|\u2606Topical Rainstorm\n|j|\u2606Caelthefruit\n|t:|1683412694\n|gametype|doubles\n|player|p1|Topical Rainstorm|zinzolin|\n|player|p2|Caelthefruit|red|\n|teamsize|p1|6\n|teamsize|p2|6\n|gen|9\n|tier|[Gen 9] VGC 2023 Regulation C\n|rule|Species Clause: Limit one of each Pok\u00e9mon\n|rule|Item Clause: Limit one of each item\n|clearpoke\n|poke|p1|Palafin, L50, F|\n|poke|p1|Tatsugiri-Stretchy, L50, F|\n|poke|p1|Iron Bundle, L50|\n|poke|p1|Arcanine, L50, M|\n|poke|p1|Amoonguss, L50, M|\n|poke|p1|Flutter Mane, L50|\n|poke|p2|Crabominable, L50, F|\n|poke|p2|Honchkrow, L50, M|\n|poke|p2|Amoonguss, L50, M|\n|poke|p2|Flamigo, L50, F|\n|poke|p2|Iron Hands, L50|\n|poke|p2|Grimmsnarl, L50, M|\n|teampreview|4\n|inactive|Battle timer is ON: inactive players will automatically lose when time's up. (requested by Topical Rainstorm)\n|inactive|Topical Rainstorm has 60 seconds left.\n|\n|t:|1683412726\n|start\n|switch|p1a: Palafin|Palafin, L50, F, shiny|100\/100\n|switch|p1b: Flutter Mane|Flutter Mane, L50|100\/100\n|switch|p2a: Iron Hands|Iron Hands, L50|100\/100\n|switch|p2b: Amoonguss|Amoonguss, L50, M, shiny|100\/100\n|-enditem|p2a: Iron Hands|Booster Energy\n|-activate|p2a: Iron Hands|ability: Quark Drive|[fromitem]\n|-start|p2a: Iron Hands|quarkdriveatk\n|turn|1\n|\n|t:|1683412746\n|-end|p2a: Iron Hands|Quark Drive|[silent]\n|switch|p2a: Grimmsnarl|Grimmsnarl, L50, M, shiny|100\/100\n|-terastallize|p1b: Flutter Mane|Ghost\n|move|p1a: Palafin|Protect|p1a: Palafin\n|-singleturn|p1a: Palafin|Protect\n|move|p1b: Flutter Mane|Shadow Ball|p2b: Amoonguss\n|-damage|p2b: Amoonguss|59\/100\n|move|p2b: Amoonguss|Spore|p1b: Flutter Mane\n|-status|p1b: Flutter Mane|slp|[from] move: Spore\n|\n|-heal|p2b: Amoonguss|65\/100|[from] item: Leftovers\n|upkeep\n|turn|2\n|inactive|Caelthefruit has 30 seconds left.\n|\n|t:|1683412771\n|detailschange|p1a: Palafin|Palafin-Hero, L50, F, shiny\n|switch|p1a: Amoonguss|Amoonguss, L50, M, shiny|100\/100\n|move|p2a: Grimmsnarl|Fake Out|p1a: Amoonguss\n|-damage|p1a: Amoonguss|87\/100\n|-status|p2a: Grimmsnarl|slp|[from] ability: Effect Spore|[of] p1a: Amoonguss\n|cant|p1b: Flutter Mane|slp\n|move|p2b: Amoonguss|Spore|p1a: Amoonguss\n|-immune|p1a: Amoonguss\n|\n|-heal|p2b: Amoonguss|71\/100|[from] item: Leftovers\n|upkeep\n|turn|3\n|inactive|Topical Rainstorm has 30 seconds left.\n|\n|t:|1683412798\n|cant|p2a: Grimmsnarl|slp\n|cant|p1b: Flutter Mane|slp\n|move|p1a: Amoonguss|Pollen Puff|p1b: Flutter Mane\n|-immune|p1b: Flutter Mane\n|move|p2b: Amoonguss|Pollen Puff|p1a: Amoonguss\n|-damage|p1a: Amoonguss|74\/100\n|\n|-heal|p2b: Amoonguss|77\/100|[from] item: Leftovers\n|upkeep\n|turn|4\n|\n|t:|1683412819\n|-curestatus|p1b: Flutter Mane|slp|[msg]\n|move|p1b: Flutter Mane|Mystical Fire|p2b: Amoonguss\n|-supereffective|p2b: Amoonguss\n|-damage|p2b: Amoonguss|24\/100\n|-unboost|p2b: Amoonguss|spa|1\n|-curestatus|p2a: Grimmsnarl|slp|[msg]\n|move|p2a: Grimmsnarl|Spirit Break|p1a: Amoonguss\n|-resisted|p1a: Amoonguss\n|-damage|p1a: Amoonguss|58\/100\n|-unboost|p1a: Amoonguss|spa|1\n|move|p1a: Amoonguss|Pollen Puff|p2a: Grimmsnarl\n|-damage|p2a: Grimmsnarl|86\/100\n|move|p2b: Amoonguss|Pollen Puff|p1a: Amoonguss\n|-damage|p1a: Amoonguss|50\/100\n|\n|-heal|p2b: Amoonguss|30\/100|[from] item: Leftovers\n|upkeep\n|turn|5\n|inactive|Topical Rainstorm has 30 seconds left.\n|inactive|Caelthefruit has 30 seconds left.\n|inactive|Topical Rainstorm has 20 seconds left.\n|inactive|Caelthefruit has 20 seconds left.\n|\n|t:|1683412858\n|move|p1a: Amoonguss|Rage Powder|p1a: Amoonguss\n|-singleturn|p1a: Amoonguss|move: Rage Powder\n|move|p1b: Flutter Mane|Mystical Fire|p2b: Amoonguss\n|-supereffective|p2b: Amoonguss\n|-damage|p2b: Amoonguss|0 fnt\n|faint|p2b: Amoonguss\n|move|p2a: Grimmsnarl|Spirit Break|p1a: Amoonguss\n|-resisted|p1a: Amoonguss\n|-damage|p1a: Amoonguss|33\/100\n|-unboost|p1a: Amoonguss|spa|1\n|-status|p2a: Grimmsnarl|slp|[from] ability: Effect Spore|[of] p1a: Amoonguss\n|\n|upkeep\n|\n|t:|1683412872\n|switch|p2b: Iron Hands|Iron Hands, L50|100\/100\n|turn|6\n|\n|t:|1683412892\n|move|p1a: Amoonguss|Rage Powder|p1a: Amoonguss\n|-singleturn|p1a: Amoonguss|move: Rage Powder\n|cant|p2a: Grimmsnarl|slp\n|move|p1b: Flutter Mane|Moonblast|p2b: Iron Hands\n|-supereffective|p2b: Iron Hands\n|-damage|p2b: Iron Hands|0 fnt\n|faint|p2b: Iron Hands\n|-end|p2b: Iron Hands|Quark Drive|[silent]\n|\n|upkeep\n|\n|t:|1683412902\n|switch|p2b: Flamigo|Flamigo, L50, F, shiny|100\/100\n|-copyboost|p2b: Flamigo|p2a: Grimmsnarl|[from] ability: Costar\n|turn|7\n|\n|t:|1683412913\n|move|p1a: Amoonguss|Rage Powder|p1a: Amoonguss\n|-singleturn|p1a: Amoonguss|move: Rage Powder\n|move|p1b: Flutter Mane|Moonblast|p2b: Flamigo\n|-supereffective|p2b: Flamigo\n|-damage|p2b: Flamigo|0 fnt\n|faint|p2b: Flamigo\n|cant|p2a: Grimmsnarl|slp\n|\n|upkeep\n|turn|8\n|\n|t:|1683412925\n|-terastallize|p2a: Grimmsnarl|Fire\n|move|p1a: Amoonguss|Rage Powder|p1a: Amoonguss\n|-singleturn|p1a: Amoonguss|move: Rage Powder\n|move|p1b: Flutter Mane|Moonblast|p2a: Grimmsnarl\n|-resisted|p2a: Grimmsnarl\n|-damage|p2a: Grimmsnarl|57\/100 slp\n|-curestatus|p2a: Grimmsnarl|slp|[msg]\n|move|p2a: Grimmsnarl|Spirit Break|p1a: Amoonguss\n|-resisted|p1a: Amoonguss\n|-damage|p1a: Amoonguss|16\/100\n|-unboost|p1a: Amoonguss|spa|1\n|-enditem|p1a: Amoonguss|Wiki Berry|[eat]\n|-heal|p1a: Amoonguss|49\/100|[from] item: Wiki Berry\n|\n|upkeep\n|turn|9\n|\n|t:|1683412940\n|move|p1a: Amoonguss|Rage Powder|p1a: Amoonguss\n|-singleturn|p1a: Amoonguss|move: Rage Powder\n|move|p1b: Flutter Mane|Shadow Ball|p2a: Grimmsnarl\n|-damage|p2a: Grimmsnarl|0 fnt\n|faint|p2a: Grimmsnarl\n|\n|win|Topical Rainstorm\n|c|\u2606Topical Rainstorm|Gg\n|l|\u2606Caelthefruit\n|l|\u2606Topical Rainstorm\n|j|\u2606Topical Rainstorm\n|player|p1|Topical Rainstorm|zinzolin\n","uploadtime":1683412958,"views":7,"p1id":"topicalrainstorm","p2id":"caelthefruit","formatid":"gen9vgc2023regulationc","rating":0,"private":0,"password":""}