{"id":"gen9vgc2023regulationc-1846494203","p1":"iron brate","p2":"Cyanidexx","format":"[Gen 9] VGC 2023 Regulation C","log":"|j|\u2606iron brate\n|j|\u2606Cyanidexx\n|t:|1681845580\n|gametype|doubles\n|player|p1|iron brate|1|\n|player|p2|Cyanidexx|101|\n|teamsize|p1|6\n|teamsize|p2|6\n|gen|9\n|tier|[Gen 9] VGC 2023 Regulation C\n|rule|Species Clause: Limit one of each Pok\u00e9mon\n|rule|Item Clause: Limit one of each item\n|clearpoke\n|poke|p1|Flutter Mane, L50|\n|poke|p1|Gothitelle, L50, F|\n|poke|p1|Iron Hands, L50|\n|poke|p1|Amoonguss, L50, M|\n|poke|p1|Ting-Lu, L50|\n|poke|p1|Gyarados, L50, M|\n|poke|p2|Chi-Yu, L50|\n|poke|p2|Arcanine, L50, M|\n|poke|p2|Amoonguss, L50, M|\n|poke|p2|Ting-Lu, L50|\n|poke|p2|Palafin, L50, F|\n|poke|p2|Flutter Mane, L50|\n|teampreview|4\n|inactive|Battle timer is ON: inactive players will automatically lose when time's up. (requested by iron brate)\n|inactiveoff|Battle timer is now OFF.\niron brate has agreed to open team sheets.\n|c|\u2606Cyanidexx|g1\n|c|\u2606iron brate|G1\nCyanidexx has agreed to open team sheets.\n|c|\u2606Cyanidexx|glhf\n|c|\u2606iron brate|glhf\n|\n|t:|1681845745\n|start\n|switch|p1a: Gothitelle|Gothitelle, L50, F|100\/100\n|switch|p1b: Flutter Mane|Flutter Mane, L50, shiny|100\/100\n|switch|p2a: Chi-Yu|Chi-Yu, L50|100\/100\n|switch|p2b: Amoonguss|Amoonguss, L50, M, shiny|100\/100\n|-ability|p2a: Chi-Yu|Beads of Ruin\n|turn|1\n|\n|t:|1681845821\n|move|p2b: Amoonguss|Protect|p2b: Amoonguss\n|-singleturn|p2b: Amoonguss|Protect\n|move|p1a: Gothitelle|Fake Out|p2b: Amoonguss\n|-activate|p2b: Amoonguss|move: Protect\n|move|p1b: Flutter Mane|Moonblast|p2a: Chi-Yu\n|-damage|p2a: Chi-Yu|47\/100\n|-unboost|p2a: Chi-Yu|spa|1\n|-damage|p1b: Flutter Mane|91\/100|[from] item: Life Orb\n|move|p2a: Chi-Yu|Nasty Plot|p2a: Chi-Yu\n|-boost|p2a: Chi-Yu|spa|2\n|\n|-heal|p2a: Chi-Yu|53\/100|[from] item: Leftovers\n|upkeep\n|turn|2\n|\n|t:|1681845848\n|-terastallize|p1b: Flutter Mane|Grass\n|-terastallize|p2b: Amoonguss|Water\n|move|p1a: Gothitelle|Helping Hand|p1b: Flutter Mane\n|-singleturn|p1b: Flutter Mane|Helping Hand|[of] p1a: Gothitelle\n|move|p2a: Chi-Yu|Protect|p2a: Chi-Yu\n|-singleturn|p2a: Chi-Yu|Protect\n|move|p1b: Flutter Mane|Dazzling Gleam|p2b: Amoonguss|[spread] p2b\n|-activate|p2a: Chi-Yu|move: Protect\n|-damage|p2b: Amoonguss|38\/100\n|-enditem|p2b: Amoonguss|Sitrus Berry|[eat]\n|-heal|p2b: Amoonguss|63\/100|[from] item: Sitrus Berry\n|-damage|p1b: Flutter Mane|82\/100|[from] item: Life Orb\n|move|p2b: Amoonguss|Spore|p1b: Flutter Mane\n|-immune|p1b: Flutter Mane\n|\n|-heal|p2a: Chi-Yu|59\/100|[from] item: Leftovers\n|upkeep\n|turn|3\n|\n|t:|1681845890\n|move|p1a: Gothitelle|Helping Hand|p1b: Flutter Mane\n|-singleturn|p1b: Flutter Mane|Helping Hand|[of] p1a: Gothitelle\n|move|p2b: Amoonguss|Rage Powder|p2b: Amoonguss\n|-singleturn|p2b: Amoonguss|move: Rage Powder\n|move|p1b: Flutter Mane|Dazzling Gleam|p2b: Amoonguss|[spread] p2a,p2b\n|-damage|p2a: Chi-Yu|10\/100\n|-damage|p2b: Amoonguss|2\/100\n|-damage|p1b: Flutter Mane|72\/100|[from] item: Life Orb\n|move|p2a: Chi-Yu|Heat Wave|p1b: Flutter Mane|[spread] p1a,p1b\n|-crit|p1a: Gothitelle\n|-supereffective|p1b: Flutter Mane\n|-damage|p1a: Gothitelle|0 fnt\n|-damage|p1b: Flutter Mane|0 fnt\n|faint|p1a: Gothitelle\n|faint|p1b: Flutter Mane\n|-end|p1b: Flutter Mane|Protosynthesis|[silent]\n|\n|-heal|p2a: Chi-Yu|16\/100|[from] item: Leftovers\n|upkeep\n|\n|t:|1681845899\n|switch|p1b: Ting-Lu|Ting-Lu, L50|100\/100\n|switch|p1a: Iron Hands|Iron Hands, L50|100\/100\n|-ability|p1b: Ting-Lu|Vessel of Ruin\n|turn|4\n|\n|t:|1681845931\n|switch|p2b: Arcanine|Arcanine, L50, M|100\/100\n|-ability|p2b: Arcanine|Intimidate|boost\n|-unboost|p1a: Iron Hands|atk|1\n|-unboost|p1b: Ting-Lu|atk|1\n|move|p2a: Chi-Yu|Protect|p2a: Chi-Yu\n|-singleturn|p2a: Chi-Yu|Protect\n|move|p1a: Iron Hands|Drain Punch|p2a: Chi-Yu\n|-activate|p2a: Chi-Yu|move: Protect\n|move|p1b: Ting-Lu|Fissure|p2b: Arcanine|[miss]\n|-miss|p1b: Ting-Lu|p2b: Arcanine\n|\n|-heal|p2a: Chi-Yu|22\/100|[from] item: Leftovers\n|upkeep\n|turn|5\n|\n|t:|1681845971\n|move|p2a: Chi-Yu|Heat Wave|p1b: Ting-Lu|[spread] p1a\n|-miss|p2a: Chi-Yu|p1b: Ting-Lu\n|-damage|p1a: Iron Hands|62\/100\n|move|p2b: Arcanine|Will-O-Wisp|p1a: Iron Hands\n|-status|p1a: Iron Hands|brn\n|move|p1a: Iron Hands|Drain Punch|p2a: Chi-Yu\n|-supereffective|p2a: Chi-Yu\n|-damage|p2a: Chi-Yu|0 fnt\n|-heal|p1a: Iron Hands|70\/100 brn|[from] drain|[of] p2a: Chi-Yu\n|faint|p2a: Chi-Yu\n|move|p1b: Ting-Lu|Fissure|p2b: Arcanine\n|-damage|p2b: Arcanine|0 fnt\n|faint|p2b: Arcanine\n|-ohko\n|\n|-damage|p1a: Iron Hands|64\/100 brn|[from] brn\n|upkeep\n|\n|t:|1681845986\n|switch|p2a: Flutter Mane|Flutter Mane, L50|100\/100\n|switch|p2b: Amoonguss|Amoonguss, L50, M, shiny, tera:Water|35\/100\n|turn|6\n|\n|t:|1681846015\n|move|p2b: Amoonguss|Rage Powder|p2b: Amoonguss\n|-singleturn|p2b: Amoonguss|move: Rage Powder\n|move|p2a: Flutter Mane|Dazzling Gleam|p1a: Iron Hands|[spread] p1a,p1b\n|-supereffective|p1a: Iron Hands\n|-supereffective|p1b: Ting-Lu\n|-damage|p1a: Iron Hands|17\/100 brn\n|-damage|p1b: Ting-Lu|67\/100\n|move|p1a: Iron Hands|Wild Charge|p2a: Flutter Mane\n|-damage|p2a: Flutter Mane|78\/100\n|-damage|p1a: Iron Hands|13\/100 brn|[from] Recoil\n|move|p1b: Ting-Lu|Heavy Slam|p2b: Amoonguss\n|-resisted|p2b: Amoonguss\n|-damage|p2b: Amoonguss|25\/100\n|\n|-damage|p1a: Iron Hands|7\/100 brn|[from] brn\n|upkeep\n|turn|7\n|\n|t:|1681846037\n|move|p1a: Iron Hands|Protect|p1a: Iron Hands\n|-singleturn|p1a: Iron Hands|Protect\n|move|p2b: Amoonguss|Rage Powder|p2b: Amoonguss\n|-singleturn|p2b: Amoonguss|move: Rage Powder\n|move|p2a: Flutter Mane|Dazzling Gleam|p1a: Iron Hands|[spread] p1b\n|-activate|p1a: Iron Hands|move: Protect\n|-supereffective|p1b: Ting-Lu\n|-damage|p1b: Ting-Lu|34\/100\n|move|p1b: Ting-Lu|Stomping Tantrum|p2b: Amoonguss\n|-damage|p2b: Amoonguss|6\/100\n|\n|-damage|p1a: Iron Hands|1\/100 brn|[from] brn\n|upkeep\n|turn|8\n|\n|t:|1681846081\n|move|p1a: Iron Hands|Protect|p1a: Iron Hands\n|-singleturn|p1a: Iron Hands|Protect\n|move|p2b: Amoonguss|Rage Powder|p2b: Amoonguss\n|-singleturn|p2b: Amoonguss|move: Rage Powder\n|move|p2a: Flutter Mane|Dazzling Gleam|p1b: Ting-Lu|[spread] p1b\n|-activate|p1a: Iron Hands|move: Protect\n|-supereffective|p1b: Ting-Lu\n|-damage|p1b: Ting-Lu|1\/100\n|move|p1b: Ting-Lu|Heavy Slam|p2b: Amoonguss\n|-resisted|p2b: Amoonguss\n|-damage|p2b: Amoonguss|0 fnt\n|faint|p2b: Amoonguss\n|\n|-damage|p1a: Iron Hands|0 fnt|[from] brn\n|faint|p1a: Iron Hands\n|-end|p1a: Iron Hands|Quark Drive|[silent]\n|upkeep\n|turn|9\n|-message|iron brate forfeited.\n|\n|win|Cyanidexx\n|c|\u2606iron brate|gg\n","uploadtime":1681846094,"views":10,"p1id":"ironbrate","p2id":"cyanidexx","formatid":"gen9vgc2023regulationc","rating":0,"private":0,"password":""}