{"id":"gen9vgc2023regulationc-1850338619","p1":"Is10","p2":"FurretSucksVGC","format":"[Gen 9] VGC 2023 Regulation C","log":"|j|\u2606Is10\n|j|\u2606FurretSucksVGC\n|t:|1682320797\n|gametype|doubles\n|player|p1|Is10|lance|1489\n|player|p2|FurretSucksVGC|hilbert|1555\n|teamsize|p1|6\n|teamsize|p2|6\n|gen|9\n|tier|[Gen 9] VGC 2023 Regulation C\n|rated|\n|rule|Species Clause: Limit one of each Pok\u00e9mon\n|rule|Item Clause: Limit one of each item\n|clearpoke\n|poke|p1|Flutter Mane, L50|\n|poke|p1|Dragonite, L50, F|\n|poke|p1|Amoonguss, L50, F|\n|poke|p1|Chi-Yu, L50|\n|poke|p1|Iron Treads, L50|\n|poke|p1|Chien-Pao, L50|\n|poke|p2|Pelipper, L50, F|\n|poke|p2|Revavroom, L50, M|\n|poke|p2|Brute Bonnet, L50|\n|poke|p2|Palafin, L50, F|\n|poke|p2|Rotom-Wash, L50|\n|poke|p2|Great Tusk, L50|\n|teampreview|4\n|inactive|Battle timer is ON: inactive players will automatically lose when time's up. (requested by Is10)\nFurretSucksVGC has agreed to open team sheets.\n|inactive|FurretSucksVGC has 60 seconds left.\n|\n|t:|1682320843\n|start\n|switch|p1a: Flutter Mane|Flutter Mane, L50|100\/100\n|switch|p1b: Amoonguss|Amoonguss, L50, F, shiny|100\/100\n|switch|p2a: Rotom|Rotom-Wash, L50|100\/100\n|switch|p2b: Great Tusk|Great Tusk, L50|100\/100\n|turn|1\n|inactive|FurretSucksVGC has 30 seconds left.\n|\n|t:|1682320875\n|-terastallize|p2a: Rotom|Steel\n|move|p1a: Flutter Mane|Protect|p1a: Flutter Mane\n|-singleturn|p1a: Flutter Mane|Protect\n|move|p2b: Great Tusk|Headlong Rush|p1a: Flutter Mane\n|-activate|p1a: Flutter Mane|move: Protect\n|move|p2a: Rotom|Volt Switch|p1b: Amoonguss\n|-resisted|p1b: Amoonguss\n|-damage|p1b: Amoonguss|79\/100\n|\n|t:|1682320884\n|switch|p2a: Revavroom|Revavroom, L50, M|100\/100|[from] Volt Switch\n|move|p1b: Amoonguss|Spore|p2a: Revavroom\n|-immune|p2a: Revavroom|[from] ability: Overcoat\n|\n|upkeep\n|turn|2\n|\n|t:|1682320899\n|-end|p1a: Flutter Mane|Protosynthesis|[silent]\n|switch|p1a: Dragonite|Dragonite, L50, F, shiny|100\/100\n|move|p2b: Great Tusk|Headlong Rush|p1b: Amoonguss\n|-damage|p1b: Amoonguss|20\/100\n|-unboost|p2b: Great Tusk|def|1\n|-unboost|p2b: Great Tusk|spd|1\n|-enditem|p1b: Amoonguss|Sitrus Berry|[eat]\n|-heal|p1b: Amoonguss|45\/100|[from] item: Sitrus Berry\n|move|p2a: Revavroom|Shift Gear|p2a: Revavroom\n|-boost|p2a: Revavroom|spe|2\n|-boost|p2a: Revavroom|atk|1\n|move|p1b: Amoonguss|Spore|p2b: Great Tusk\n|-status|p2b: Great Tusk|slp|[from] move: Spore\n|\n|upkeep\n|turn|3\n|inactive|Is10 has 30 seconds left.\n|inactive|FurretSucksVGC has 30 seconds left.\n|inactive|Is10 has 20 seconds left.\n|inactive|Is10 has 15 seconds left.\n|inactive|Is10 has 10 seconds left.\n|inactive|Is10 has 5 seconds left.\n|\n|t:|1682320950\n|-end|p2b: Great Tusk|Protosynthesis|[silent]\n|switch|p2b: Rotom|Rotom-Wash, L50, tera:Steel|100\/100\n|switch|p1b: Flutter Mane|Flutter Mane, L50|100\/100\n|-terastallize|p1a: Dragonite|Flying\n|move|p2a: Revavroom|Protect|p2a: Revavroom\n|-singleturn|p2a: Revavroom|Protect\n|move|p1a: Dragonite|Tera Blast|p2a: Revavroom\n|-activate|p2a: Revavroom|move: Protect\n|\n|upkeep\n|turn|4\n|\n|t:|1682320970\n|move|p2a: Revavroom|Iron Head|p1b: Flutter Mane\n|-supereffective|p1b: Flutter Mane\n|-enditem|p1b: Flutter Mane|Focus Sash\n|-damage|p1b: Flutter Mane|1\/100\n|move|p1b: Flutter Mane|Shadow Ball|p2b: Rotom\n|-damage|p2b: Rotom|57\/100\n|move|p2b: Rotom|Thunderbolt|p1a: Dragonite\n|-supereffective|p1a: Dragonite\n|-damage|p1a: Dragonite|39\/100\n|move|p1a: Dragonite|Tera Blast|p2b: Rotom\n|-resisted|p2b: Rotom\n|-damage|p2b: Rotom|3\/100\n|\n|upkeep\n|turn|5\n|inactive|FurretSucksVGC has 30 seconds left.\n|\n|t:|1682321000\n|switch|p2b: Great Tusk|Great Tusk, L50|100\/100 slp\n|switch|p1a: Amoonguss|Amoonguss, L50, F, shiny|78\/100\n|move|p1b: Flutter Mane|Protect|p1b: Flutter Mane\n|-singleturn|p1b: Flutter Mane|Protect\n|move|p2a: Revavroom|Iron Head|p1a: Amoonguss\n|-damage|p1a: Amoonguss|34\/100\n|\n|upkeep\n|turn|6\n|\n|t:|1682321024\n|-end|p1b: Flutter Mane|Protosynthesis|[silent]\n|switch|p1b: Dragonite|Dragonite, L50, F, shiny, tera:Flying|39\/100\n|move|p2a: Revavroom|Iron Head|p1b: Dragonite\n|-damage|p1b: Dragonite|0 fnt\n|faint|p1b: Dragonite\n|cant|p2b: Great Tusk|slp\n|move|p1a: Amoonguss|Pollen Puff|p1: Dragonite|[notarget]\n|-fail|p1a: Amoonguss\n|\n|upkeep\n|\n|t:|1682321035\n|switch|p1b: Chien-Pao|Chien-Pao, L50|100\/100\n|-ability|p1b: Chien-Pao|Sword of Ruin\n|turn|7\n|\n|t:|1682321043\n|move|p1a: Amoonguss|Rage Powder|p1a: Amoonguss\n|-singleturn|p1a: Amoonguss|move: Rage Powder\n|move|p2a: Revavroom|Iron Head|p1b: Chien-Pao\n|-supereffective|p1b: Chien-Pao\n|-damage|p1b: Chien-Pao|0 fnt\n|faint|p1b: Chien-Pao\n|-curestatus|p2b: Great Tusk|slp|[msg]\n|move|p2b: Great Tusk|Headlong Rush|p1a: Amoonguss\n|-damage|p1a: Amoonguss|0 fnt\n|-unboost|p2b: Great Tusk|def|1\n|-unboost|p2b: Great Tusk|spd|1\n|faint|p1a: Amoonguss\n|\n|upkeep\n|-message|Is10 forfeited.\n|\n|win|FurretSucksVGC\n|raw|Is10's rating: 1489 → 1473<\/strong> (-16 for losing)\n|raw|FurretSucksVGC's rating: 1555 → 1571<\/strong> (+16 for winning)\n|l|\u2606Is10\n","uploadtime":1682321064,"views":36,"p1id":"is10","p2id":"furretsucksvgc","formatid":"gen9vgc2023regulationc","rating":1473,"private":0,"password":""}