{"id":"gen9vgc2023regulationc-1845791146","p1":"jacobsw108","p2":"blakiexx","format":"[Gen 9] VGC 2023 Regulation C","log":"|j|\u2606jacobsw108\n|j|\u2606blakiexx\n|t:|1681764912\n|gametype|doubles\n|player|p1|jacobsw108|ethan|1085\n|player|p2|blakiexx|wallace|1074\n|teamsize|p1|6\n|teamsize|p2|6\n|gen|9\n|tier|[Gen 9] VGC 2023 Regulation C\n|rated|\n|rule|Species Clause: Limit one of each Pok\u00e9mon\n|rule|Item Clause: Limit one of each item\n|clearpoke\n|poke|p1|Sableye, L50, F|\n|poke|p1|Toedscruel, L50, M|\n|poke|p1|Iron Hands, L50|\n|poke|p1|Ting-Lu, L50|\n|poke|p1|Ceruledge, L50, F|\n|poke|p1|Indeedee-F, L50, F|\n|poke|p2|Altaria, L50, F|\n|poke|p2|Farigiraf, L50, M|\n|poke|p2|Arcanine, L50, F|\n|poke|p2|Breloom, L50, F|\n|poke|p2|Jolteon, L50, M|\n|poke|p2|Quaquaval, L50, M|\n|teampreview|4\n|inactive|Battle timer is ON: inactive players will automatically lose when time's up. (requested by blakiexx)\njacobsw108 has agreed to open team sheets.\n|c|\u2606jacobsw108|glhf!\n|c|\u2606blakiexx|u too :)\n|inactive|jacobsw108 has 60 seconds left.\n|inactive|blakiexx has 60 seconds left.\n|\n|t:|1681764951\n|start\n|switch|p1a: Iron Hands|Iron Hands, L50|100\/100\n|switch|p1b: Ting-Lu|Ting-Lu, L50|100\/100\n|switch|p2a: Quaquaval|Quaquaval, L50, M|100\/100\n|switch|p2b: Arcanine|Arcanine, L50, F|100\/100\n|-ability|p2b: Arcanine|Intimidate|boost\n|-unboost|p1a: Iron Hands|atk|1\n|-unboost|p1b: Ting-Lu|atk|1\n|-item|p1a: Iron Hands|Air Balloon\n|-ability|p1b: Ting-Lu|Vessel of Ruin\n|turn|1\n|\n|t:|1681764974\n|move|p1a: Iron Hands|Protect|p1a: Iron Hands\n|-singleturn|p1a: Iron Hands|Protect\n|move|p2a: Quaquaval|U-turn|p1b: Ting-Lu\n|-supereffective|p1b: Ting-Lu\n|-damage|p1b: Ting-Lu|59\/100\n|-damage|p2a: Quaquaval|91\/100|[from] item: Life Orb\n|\n|t:|1681764980\n|switch|p2a: Altaria|Altaria, L50, F, shiny|100\/100|[from] U-turn\n|move|p2b: Arcanine|Will-O-Wisp|p1a: Iron Hands\n|-activate|p1a: Iron Hands|move: Protect\n|move|p1b: Ting-Lu|Fissure|p2b: Arcanine|[miss]\n|-miss|p1b: Ting-Lu|p2b: Arcanine\n|\n|upkeep\n|turn|2\n|\n|t:|1681765005\n|move|p2b: Arcanine|Will-O-Wisp|p1a: Iron Hands\n|-status|p1a: Iron Hands|brn\n|move|p2a: Altaria|Tailwind|p2a: Altaria\n|-sidestart|p2: blakiexx|move: Tailwind\n|move|p1a: Iron Hands|Ice Punch|p2a: Altaria\n|-supereffective|p2a: Altaria\n|-damage|p2a: Altaria|54\/100\n|move|p1b: Ting-Lu|Stomping Tantrum|p2b: Arcanine\n|-supereffective|p2b: Arcanine\n|-damage|p2b: Arcanine|0 fnt\n|faint|p2b: Arcanine\n|\n|-heal|p2a: Altaria|60\/100|[from] item: Leftovers\n|-damage|p1a: Iron Hands|94\/100 brn|[from] brn\n|upkeep\n|\n|t:|1681765020\n|switch|p2b: Farigiraf|Farigiraf, L50, M|100\/100\n|turn|3\n|inactive|jacobsw108 has 30 seconds left.\n|\n|t:|1681765053\n|move|p2a: Altaria|Helping Hand|p2b: Farigiraf\n|-singleturn|p2b: Farigiraf|Helping Hand|[of] p2a: Altaria\n|move|p1a: Iron Hands|Protect|p1a: Iron Hands\n|-singleturn|p1a: Iron Hands|Protect\n|move|p2b: Farigiraf|Dazzling Gleam|p1a: Iron Hands|[spread] p1b\n|-activate|p1a: Iron Hands|move: Protect\n|-supereffective|p1b: Ting-Lu\n|-damage|p1b: Ting-Lu|36\/100\n|move|p1b: Ting-Lu|Ruination|p2a: Altaria\n|-damage|p2a: Altaria|31\/100\n|\n|-heal|p2a: Altaria|37\/100|[from] item: Leftovers\n|-damage|p1a: Iron Hands|88\/100 brn|[from] brn\n|upkeep\n|turn|4\n|inactive|blakiexx has 30 seconds left.\n|\n|t:|1681765079\n|move|p2a: Altaria|Roost|p2a: Altaria\n|-heal|p2a: Altaria|87\/100\n|-singleturn|p2a: Altaria|move: Roost\n|move|p2b: Farigiraf|Dazzling Gleam|p1b: Ting-Lu|[spread] p1a,p1b\n|-supereffective|p1a: Iron Hands\n|-supereffective|p1b: Ting-Lu\n|-damage|p1a: Iron Hands|61\/100 brn\n|-damage|p1b: Ting-Lu|22\/100\n|-enditem|p1a: Iron Hands|Air Balloon\n|move|p1a: Iron Hands|Ice Punch|p2a: Altaria\n|-supereffective|p2a: Altaria\n|-damage|p2a: Altaria|66\/100\n|-status|p2a: Altaria|frz\n|move|p1b: Ting-Lu|Fissure|p2b: Farigiraf|[miss]\n|-miss|p1b: Ting-Lu|p2b: Farigiraf\n|\n|-heal|p2a: Altaria|72\/100 frz|[from] item: Leftovers\n|-damage|p1a: Iron Hands|55\/100 brn|[from] brn\n|upkeep\n|turn|5\n|inactive|jacobsw108 has 30 seconds left.\n|inactive|blakiexx has 30 seconds left.\n|\n|t:|1681765109\n|cant|p2a: Altaria|frz\n|move|p2b: Farigiraf|Dazzling Gleam|p1a: Iron Hands|[spread] p1a,p1b\n|-supereffective|p1a: Iron Hands\n|-crit|p1a: Iron Hands\n|-supereffective|p1b: Ting-Lu\n|-damage|p1a: Iron Hands|9\/100 brn\n|-damage|p1b: Ting-Lu|7\/100\n|move|p1a: Iron Hands|Volt Switch|p2a: Altaria\n|-damage|p2a: Altaria|64\/100 frz\n|\n|t:|1681765120\n|-end|p1a: Iron Hands|Quark Drive|[silent]\n|switch|p1a: Ceruledge|Ceruledge, L50, F|100\/100|[from] Volt Switch\n|move|p1b: Ting-Lu|Stomping Tantrum|p2b: Farigiraf\n|-damage|p2b: Farigiraf|47\/100\n|\n|-heal|p2a: Altaria|70\/100 frz|[from] item: Leftovers\n|-sideend|p2: blakiexx|move: Tailwind\n|upkeep\n|turn|6\n|inactive|blakiexx has 30 seconds left.\n|\n|t:|1681765146\n|switch|p1b: Toedscruel|Toedscruel, L50, M, shiny|100\/100\n|move|p1a: Ceruledge|Bulk Up|p1a: Ceruledge\n|-boost|p1a: Ceruledge|atk|1\n|-boost|p1a: Ceruledge|def|1\n|-curestatus|p2a: Altaria|frz|[msg]\n|move|p2a: Altaria|Tailwind|p2a: Altaria\n|-sidestart|p2: blakiexx|move: Tailwind\n|move|p2b: Farigiraf|Dazzling Gleam|p1a: Ceruledge|[spread] p1a,p1b\n|-resisted|p1a: Ceruledge\n|-damage|p1a: Ceruledge|91\/100\n|-damage|p1b: Toedscruel|86\/100\n|\n|-heal|p2a: Altaria|76\/100|[from] item: Leftovers\n|-heal|p1b: Toedscruel|92\/100|[from] item: Leftovers\n|upkeep\n|turn|7\n|inactive|jacobsw108 has 30 seconds left.\n|inactive|blakiexx has 30 seconds left.\n|\n|t:|1681765177\n|move|p2a: Altaria|Helping Hand|p2b: Farigiraf\n|-singleturn|p2b: Farigiraf|Helping Hand|[of] p2a: Altaria\n|move|p2b: Farigiraf|Psychic|p1a: Ceruledge\n|-damage|p1a: Ceruledge|27\/100\n|move|p1a: Ceruledge|Bulk Up|p1a: Ceruledge\n|-boost|p1a: Ceruledge|atk|1\n|-boost|p1a: Ceruledge|def|1\n|move|p1b: Toedscruel|Toxic|p2a: Altaria\n|-status|p2a: Altaria|tox\n|\n|-heal|p2a: Altaria|82\/100 tox|[from] item: Leftovers\n|-heal|p1b: Toedscruel|98\/100|[from] item: Leftovers\n|-damage|p2a: Altaria|76\/100 tox|[from] psn\n|upkeep\n|turn|8\n|\n|t:|1681765196\n|move|p2a: Altaria|Helping Hand|p2b: Farigiraf\n|-singleturn|p2b: Farigiraf|Helping Hand|[of] p2a: Altaria\n|move|p1a: Ceruledge|Protect|p1a: Ceruledge\n|-singleturn|p1a: Ceruledge|Protect\n|move|p2b: Farigiraf|Psychic|p1a: Ceruledge\n|-activate|p1a: Ceruledge|move: Protect\n|move|p1b: Toedscruel|Spore|p2b: Farigiraf\n|-status|p2b: Farigiraf|slp|[from] move: Spore\n|\n|-heal|p2a: Altaria|82\/100 tox|[from] item: Leftovers\n|-heal|p1b: Toedscruel|100\/100|[from] item: Leftovers\n|-damage|p2a: Altaria|70\/100 tox|[from] psn\n|upkeep\n|turn|9\n|\n|t:|1681765216\n|move|p2a: Altaria|Dragon Pulse|p1a: Ceruledge\n|-damage|p1a: Ceruledge|3\/100\n|cant|p2b: Farigiraf|slp\n|move|p1a: Ceruledge|Bitter Blade|p2b: Farigiraf\n|-damage|p2b: Farigiraf|0 fnt\n|-heal|p1a: Ceruledge|32\/100|[from] drain|[of] p2b: Farigiraf\n|faint|p2b: Farigiraf\n|move|p1b: Toedscruel|Taunt|p2a: Altaria\n|-start|p2a: Altaria|move: Taunt\n|\n|-heal|p2a: Altaria|76\/100 tox|[from] item: Leftovers\n|-damage|p2a: Altaria|58\/100 tox|[from] psn\n|-sideend|p2: blakiexx|move: Tailwind\n|upkeep\n|\n|t:|1681765232\n|switch|p2b: Quaquaval|Quaquaval, L50, M|91\/100\n|turn|10\n|inactive|jacobsw108 has 30 seconds left.\n|\n|t:|1681765260\n|-terastallize|p2b: Quaquaval|Water\n|-terastallize|p1a: Ceruledge|Grass\n|move|p2b: Quaquaval|Ice Spinner|p1b: Toedscruel\n|-supereffective|p1b: Toedscruel\n|-damage|p1b: Toedscruel|0 fnt\n|faint|p1b: Toedscruel\n|-ability|p2b: Quaquaval|Moxie|boost\n|-boost|p2b: Quaquaval|atk|1\n|-damage|p2b: Quaquaval|81\/100|[from] item: Life Orb\n|move|p1a: Ceruledge|Bitter Blade|p2a: Altaria\n|-resisted|p2a: Altaria\n|-damage|p2a: Altaria|7\/100 tox\n|-heal|p1a: Ceruledge|58\/100|[from] drain|[of] p2a: Altaria\n|move|p2a: Altaria|Dragon Pulse|p1a: Ceruledge\n|-damage|p1a: Ceruledge|35\/100\n|\n|-heal|p2a: Altaria|13\/100 tox|[from] item: Leftovers\n|-damage|p2a: Altaria|0 fnt|[from] psn\n|faint|p2a: Altaria\n|upkeep\n|\n|t:|1681765282\n|switch|p1b: Iron Hands|Iron Hands, L50|9\/100 brn\n|turn|11\n|\n|t:|1681765303\n|move|p1b: Iron Hands|Protect|p1b: Iron Hands\n|-singleturn|p1b: Iron Hands|Protect\n|move|p2b: Quaquaval|Aqua Jet|p1b: Iron Hands\n|-activate|p1b: Iron Hands|move: Protect\n|move|p1a: Ceruledge|Tera Blast|p2b: Quaquaval\n|-supereffective|p2b: Quaquaval\n|-damage|p2b: Quaquaval|0 fnt\n|faint|p2b: Quaquaval\n|\n|win|jacobsw108\n|raw|jacobsw108's rating: 1085 → 1111<\/strong> (+26 for winning)\n|raw|blakiexx's rating: 1074 → 1054<\/strong> (-20 for losing)\n|c|\u2606jacobsw108|gg!\n|c|\u2606blakiexx|gg wp\n|l|\u2606blakiexx\n|c|\u2606jacobsw108|u2\n","uploadtime":1681765324,"views":7,"p1id":"jacobsw108","p2id":"blakiexx","formatid":"gen9vgc2023regulationc","rating":1054,"private":0,"password":""}