{"id":"gen9vgc2023regulationc-1853312914","p1":"mugiwaraLux","p2":"chaoneng","format":"[Gen 9] VGC 2023 Regulation C","log":"|j|\u2606mugiwaraLux\n|j|\u2606chaoneng\n|t:|1682666111\n|gametype|doubles\n|player|p1|mugiwaraLux|1|1388\n|player|p2|chaoneng|kimonogirl|1404\n|teamsize|p1|6\n|teamsize|p2|6\n|gen|9\n|tier|[Gen 9] VGC 2023 Regulation C\n|rated|\n|rule|Species Clause: Limit one of each Pok\u00e9mon\n|rule|Item Clause: Limit one of each item\n|clearpoke\n|poke|p1|Palafin, L50, M|\n|poke|p1|Amoonguss, L50, M|\n|poke|p1|Flutter Mane, L50|\n|poke|p1|Arcanine, L50, F|\n|poke|p1|Chien-Pao, L50|\n|poke|p1|Roaring Moon, L50|\n|poke|p2|Amoonguss, L50, F|\n|poke|p2|Flutter Mane, L50|\n|poke|p2|Palafin, L50, M|\n|poke|p2|Arcanine, L50, M|\n|poke|p2|Iron Bundle, L50|\n|poke|p2|Ting-Lu, L50|\n|teampreview|4\n|inactive|Battle timer is ON: inactive players will automatically lose when time's up. (requested by mugiwaraLux)\nmugiwaraLux has agreed to open team sheets.\n|inactive|mugiwaraLux has 60 seconds left.\n|\n|t:|1682666155\n|start\n|switch|p1a: Mimi|Flutter Mane, L50|100\/100\n|switch|p1b: Palafin|Palafin, L50, M|100\/100\n|switch|p2a: Iron Bundle|Iron Bundle, L50|100\/100\n|switch|p2b: Flutter Mane|Flutter Mane, L50|100\/100\n|-enditem|p2a: Iron Bundle|Booster Energy\n|-activate|p2a: Iron Bundle|ability: Quark Drive|[fromitem]\n|-start|p2a: Iron Bundle|quarkdrivespe\n|turn|1\n|inactive|chaoneng has 30 seconds left.\n|inactive|chaoneng has 20 seconds left.\n|\n|t:|1682666195\n|-end|p2b: Flutter Mane|Protosynthesis|[silent]\n|switch|p2b: Arcanine|Arcanine, L50, M|100\/100\n|-ability|p2b: Arcanine|Intimidate|boost\n|-unboost|p1a: Mimi|atk|1\n|-unboost|p1b: Palafin|atk|1\n|-terastallize|p1a: Mimi|Fairy\n|move|p2a: Iron Bundle|Protect|p2a: Iron Bundle\n|-singleturn|p2a: Iron Bundle|Protect\n|move|p1b: Palafin|Protect|p1b: Palafin\n|-singleturn|p1b: Palafin|Protect\n|move|p1a: Mimi|Dazzling Gleam|p2a: Iron Bundle|[spread] p2b\n|-activate|p2a: Iron Bundle|move: Protect\n|-resisted|p2b: Arcanine\n|-damage|p2b: Arcanine|71\/100\n|\n|upkeep\n|turn|2\n|inactive|chaoneng has 30 seconds left.\n|inactive|mugiwaraLux has 30 seconds left.\n|inactive|chaoneng has 20 seconds left.\n|inactive|mugiwaraLux has 20 seconds left.\n|inactive|chaoneng has 15 seconds left.\n|inactive|mugiwaraLux has 15 seconds left.\n|\n|t:|1682666244\n|-end|p2a: Iron Bundle|Quark Drive|[silent]\n|switch|p2a: Amoonguss|Amoonguss, L50, F|100\/100\n|-end|p1a: Mimi|Protosynthesis|[silent]\n|switch|p1a: Amoonguss|Amoonguss, L50, M|100\/100\n|move|p1b: Palafin|Wave Crash|p2b: Arcanine\n|-supereffective|p2b: Arcanine\n|-damage|p2b: Arcanine|15\/100\n|-damage|p1b: Palafin|81\/100|[from] Recoil\n|move|p2b: Arcanine|Flare Blitz|p1a: Amoonguss\n|-supereffective|p1a: Amoonguss\n|-damage|p1a: Amoonguss|8\/100\n|-enditem|p1a: Amoonguss|Sitrus Berry|[eat]\n|-heal|p1a: Amoonguss|33\/100|[from] item: Sitrus Berry\n|-damage|p2b: Arcanine|0 fnt|[from] Recoil\n|faint|p2b: Arcanine\n|\n|upkeep\n|\n|t:|1682666261\n|switch|p2b: Iron Bundle|Iron Bundle, L50|100\/100\n|turn|3\n|inactive|mugiwaraLux has 30 seconds left.\n|inactive|chaoneng has 30 seconds left.\n|inactive|mugiwaraLux has 20 seconds left.\n|\n|t:|1682666300\n|move|p1b: Palafin|Protect|p1b: Palafin\n|-singleturn|p1b: Palafin|Protect\n|move|p2b: Iron Bundle|Hydro Pump|p1b: Palafin\n|-activate|p1b: Palafin|move: Protect\n|move|p1a: Amoonguss|Spore|p2b: Iron Bundle\n|-status|p2b: Iron Bundle|slp|[from] move: Spore\n|move|p2a: Amoonguss|Spore|p1b: Palafin\n|-activate|p1b: Palafin|move: Protect\n|\n|upkeep\n|turn|4\n|\n|t:|1682666322\n|-end|p2b: Iron Bundle|Quark Drive|[silent]\n|switch|p2b: Flutter Mane|Flutter Mane, L50|100\/100\n|switch|p1a: Mimi|Flutter Mane, L50, tera:Fairy|100\/100\n|move|p1b: Palafin|Wave Crash|p2b: Flutter Mane\n|-damage|p2b: Flutter Mane|26\/100\n|-damage|p1b: Palafin|64\/100|[from] Recoil\n|move|p2a: Amoonguss|Spore|p1b: Palafin\n|-status|p1b: Palafin|slp|[from] move: Spore\n|\n|upkeep\n|turn|5\n|inactive|chaoneng has 30 seconds left.\n|\n|t:|1682666353\n|-end|p2b: Flutter Mane|Protosynthesis|[silent]\n|switch|p2b: Iron Bundle|Iron Bundle, L50|100\/100 slp\n|-end|p1a: Mimi|Protosynthesis|[silent]\n|switch|p1a: Amoonguss|Amoonguss, L50, M|66\/100\n|cant|p1b: Palafin|slp\n|move|p2a: Amoonguss|Spore|p1a: Amoonguss\n|-immune|p1a: Amoonguss\n|\n|upkeep\n|turn|6\n|\n|t:|1682666371\n|detailschange|p1b: Palafin|Palafin-Hero, L50, M\n|switch|p1b: Chien-Pao|Chien-Pao, L50|100\/100\n|-ability|p1b: Chien-Pao|Sword of Ruin\n|cant|p2b: Iron Bundle|slp\n|move|p2a: Amoonguss|Pollen Puff|p1b: Chien-Pao\n|-supereffective|p1b: Chien-Pao\n|-damage|p1b: Chien-Pao|45\/100\n|move|p1a: Amoonguss|Pollen Puff|p1b: Chien-Pao\n|-heal|p1b: Chien-Pao|95\/100\n|\n|upkeep\n|turn|7\n|\n|t:|1682666396\n|move|p2a: Amoonguss|Protect|p2a: Amoonguss\n|-singleturn|p2a: Amoonguss|Protect\n|cant|p2b: Iron Bundle|slp\n|move|p1b: Chien-Pao|Sacred Sword|p2b: Iron Bundle\n|-supereffective|p2b: Iron Bundle\n|-damage|p2b: Iron Bundle|4\/100 slp\n|move|p1a: Amoonguss|Pollen Puff|p2b: Iron Bundle\n|-damage|p2b: Iron Bundle|0 fnt\n|faint|p2b: Iron Bundle\n|-end|p2b: Iron Bundle|Quark Drive|[silent]\n|\n|upkeep\n|\n|t:|1682666410\n|switch|p2b: Flutter Mane|Flutter Mane, L50|26\/100\n|turn|8\n|-message|chaoneng forfeited.\n|\n|win|mugiwaraLux\n|raw|mugiwaraLux's rating: 1388 → 1409<\/strong> (+21 for winning)\n|raw|chaoneng's rating: 1404 → 1383<\/strong> (-21 for losing)\n","uploadtime":1682666421,"views":6,"p1id":"mugiwaralux","p2id":"chaoneng","formatid":"gen9vgc2023regulationc","rating":1383,"private":0,"password":""}