{"id":"gen9vgc2023regulationc-1852576612","p1":"uuwoohoo","p2":"mugiwaraLux","format":"[Gen 9] VGC 2023 Regulation C","log":"|j|\u2606uuwoohoo\n|j|\u2606mugiwaraLux\n|t:|1682579181\n|gametype|doubles\n|player|p1|uuwoohoo|shadowtriad|1453\n|player|p2|mugiwaraLux|265|1372\n|teamsize|p1|6\n|teamsize|p2|6\n|gen|9\n|tier|[Gen 9] VGC 2023 Regulation C\n|rated|\n|rule|Species Clause: Limit one of each Pok\u00e9mon\n|rule|Item Clause: Limit one of each item\n|clearpoke\n|poke|p1|Dondozo, L50, M|\n|poke|p1|Tatsugiri-Droopy, L50, F|\n|poke|p1|Pelipper, L50, M|\n|poke|p1|Drednaw, L50, F|\n|poke|p1|Iron Bundle, L50|\n|poke|p1|Chi-Yu, L50|\n|poke|p2|Palafin, L50, M|\n|poke|p2|Amoonguss, L50, M|\n|poke|p2|Flutter Mane, L50|\n|poke|p2|Arcanine, L50, F|\n|poke|p2|Chien-Pao, L50|\n|poke|p2|Roaring Moon, L50|\n|teampreview|4\n|inactive|Battle timer is ON: inactive players will automatically lose when time's up. (requested by mugiwaraLux)\n|inactive|mugiwaraLux has 60 seconds left.\nmugiwaraLux has agreed to open team sheets.\n|inactive|mugiwaraLux has 30 seconds left.\n|inactive|mugiwaraLux has 20 seconds left.\n|inactive|mugiwaraLux has 15 seconds left.\n|inactive|mugiwaraLux has 10 seconds left.\n|\n|t:|1682579264\n|start\n|switch|p1a: Iron Bundle|Iron Bundle, L50, shiny|100\/100\n|switch|p1b: Chi-Yu|Chi-Yu, L50|100\/100\n|switch|p2a: Mimi|Flutter Mane, L50|100\/100\n|switch|p2b: Chien-Pao|Chien-Pao, L50|100\/100\n|-ability|p2b: Chien-Pao|Sword of Ruin\n|-ability|p1b: Chi-Yu|Beads of Ruin\n|-enditem|p1a: Iron Bundle|Booster Energy\n|-activate|p1a: Iron Bundle|ability: Quark Drive|[fromitem]\n|-start|p1a: Iron Bundle|quarkdrivespe\n|turn|1\n|\n|t:|1682579279\n|move|p1a: Iron Bundle|Hydro Pump|p2a: Mimi\n|-damage|p2a: Mimi|37\/100\n|move|p2b: Chien-Pao|Sacred Sword|p1b: Chi-Yu\n|-supereffective|p1b: Chi-Yu\n|-enditem|p1b: Chi-Yu|Focus Sash\n|-damage|p1b: Chi-Yu|1\/100\n|move|p2a: Mimi|Thunderbolt|p1a: Iron Bundle\n|-supereffective|p1a: Iron Bundle\n|-damage|p1a: Iron Bundle|0 fnt\n|faint|p1a: Iron Bundle\n|-end|p1a: Iron Bundle|Quark Drive|[silent]\n|move|p1b: Chi-Yu|Heat Wave|p2b: Chien-Pao|[spread] p2a,p2b\n|-supereffective|p2b: Chien-Pao\n|-damage|p2a: Mimi|0 fnt\n|-enditem|p2b: Chien-Pao|Focus Sash\n|-damage|p2b: Chien-Pao|1\/100\n|faint|p2a: Mimi\n|-end|p2a: Mimi|Protosynthesis|[silent]\n|\n|upkeep\n|\n|t:|1682579295\n|switch|p1a: Dondozo|Dondozo, L50, M|100\/100\n|switch|p2a: Palafin|Palafin, L50, M|100\/100\n|turn|2\n|\n|t:|1682579312\n|move|p1a: Dondozo|Protect|p1a: Dondozo\n|-singleturn|p1a: Dondozo|Protect\n|move|p2b: Chien-Pao|Sacred Sword|p1a: Dondozo\n|-activate|p1a: Dondozo|move: Protect\n|move|p1b: Chi-Yu|Heat Wave|p2a: Palafin|[spread] p2a,p2b\n|-resisted|p2a: Palafin\n|-supereffective|p2b: Chien-Pao\n|-damage|p2a: Palafin|70\/100\n|-damage|p2b: Chien-Pao|0 fnt\n|faint|p2b: Chien-Pao\n|move|p2a: Palafin|Haze|p2a: Palafin\n|-clearallboost\n|\n|upkeep\n|\n|t:|1682579319\n|switch|p2b: Roaring Moon|Roaring Moon, L50|100\/100\n|-enditem|p2b: Roaring Moon|Booster Energy\n|-activate|p2b: Roaring Moon|ability: Protosynthesis|[fromitem]\n|-start|p2b: Roaring Moon|protosynthesisatk\n|turn|3\n|\n|t:|1682579330\n|switch|p1b: Tatsugiri|Tatsugiri-Droopy, L50, F, shiny|100\/100\n|-activate|p1b: Tatsugiri|ability: Commander|[of] p1a: Dondozo\n|-boost|p1a: Dondozo|atk|2\n|-boost|p1a: Dondozo|spa|2\n|-boost|p1a: Dondozo|spe|2\n|-boost|p1a: Dondozo|def|2\n|-boost|p1a: Dondozo|spd|2\n|-terastallize|p1a: Dondozo|Water\n|move|p2a: Palafin|Jet Punch|p1b: Tatsugiri|[miss]\n|-miss|p2a: Palafin|p1b: Tatsugiri\n|move|p1a: Dondozo|Surf|p2b: Roaring Moon|[spread] p2a,p2b\n|-miss|p1a: Dondozo|p1b: Tatsugiri\n|-resisted|p2a: Palafin\n|-resisted|p2b: Roaring Moon\n|-damage|p2a: Palafin|22\/100\n|-damage|p2b: Roaring Moon|65\/100\n|-damage|p1a: Dondozo|91\/100|[from] item: Life Orb\n|move|p2b: Roaring Moon|Dragon Dance|p2b: Roaring Moon\n|-boost|p2b: Roaring Moon|atk|1\n|-boost|p2b: Roaring Moon|spe|1\n|\n|upkeep\n|turn|4\n|\n|t:|1682579350\n|move|p2b: Roaring Moon|Throat Chop|p1a: Dondozo\n|-damage|p1a: Dondozo|69\/100\n|-start|p1a: Dondozo|Throat Chop|[silent]\n|move|p1a: Dondozo|Surf|p2a: Palafin|[spread] p2a,p2b\n|-miss|p1a: Dondozo|p1b: Tatsugiri\n|-resisted|p2a: Palafin\n|-resisted|p2b: Roaring Moon\n|-damage|p2a: Palafin|0 fnt\n|-damage|p2b: Roaring Moon|33\/100\n|faint|p2a: Palafin\n|-damage|p1a: Dondozo|59\/100|[from] item: Life Orb\n|\n|upkeep\n|turn|5\n|\n|t:|1682579363\n|-terastallize|p2b: Roaring Moon|Flying\n|move|p2b: Roaring Moon|Acrobatics|p1a: Dondozo\n|-damage|p1a: Dondozo|28\/100\n|move|p1a: Dondozo|Surf|p2b: Roaring Moon|[spread] p2b\n|-miss|p1a: Dondozo|p1b: Tatsugiri\n|-damage|p2b: Roaring Moon|0 fnt\n|faint|p2b: Roaring Moon\n|-end|p2b: Roaring Moon|Protosynthesis|[silent]\n|-damage|p1a: Dondozo|19\/100|[from] item: Life Orb\n|\n|win|uuwoohoo\n|raw|uuwoohoo's rating: 1453 → 1468<\/strong> (+15 for winning)\n|raw|mugiwaraLux's rating: 1372 → 1357<\/strong> (-15 for losing)\n","uploadtime":1682579376,"views":14,"p1id":"uuwoohoo","p2id":"mugiwaralux","formatid":"gen9vgc2023regulationc","rating":1357,"private":0,"password":""}