{"id":"gen9vgc2023regulationc-1861748299","p1":"woochiVGC","p2":"kelseilakenta","format":"[Gen 9] VGC 2023 Regulation C","log":"|j|\u2606woochiVGC\n|j|\u2606kelseilakenta\n|t:|1683803923\n|gametype|doubles\n|player|p1|woochiVGC|iris|1538\n|player|p2|kelseilakenta|pokemonranger-gen4|1572\n|teamsize|p1|6\n|teamsize|p2|6\n|gen|9\n|tier|[Gen 9] VGC 2023 Regulation C\n|rated|\n|rule|Species Clause: Limit one of each Pok\u00e9mon\n|rule|Item Clause: Limit one of each item\n|clearpoke\n|poke|p1|Flutter Mane, L50|\n|poke|p1|Amoonguss, L50, M|\n|poke|p1|Ting-Lu, L50|\n|poke|p1|Scream Tail, L50|\n|poke|p1|Dragonite, L50, M|\n|poke|p1|Chi-Yu, L50|\n|poke|p2|Dragonite, L50, F|\n|poke|p2|Palafin, L50, F|\n|poke|p2|Arcanine, L50, F|\n|poke|p2|Gyarados, L50, F|\n|poke|p2|Talonflame, L50, F|\n|poke|p2|Garchomp, L50, M|\n|teampreview|4\nkelseilakenta has agreed to open team sheets.\n|inactive|Battle timer is ON: inactive players will automatically lose when time's up. (requested by kelseilakenta)\n|\n|t:|1683803997\n|start\n|switch|p1a: \ub178\ub780 \ub458\ub9ac|Dragonite, L50, M|100\/100\n|switch|p1b: \ub0a0\uce58\uba38|Flutter Mane, L50|100\/100\n|switch|p2a: Dust|Talonflame, L50, F|100\/100\n|switch|p2b: Kenzie|Palafin, L50, F|100\/100\n|turn|1\n|inactive|kelseilakenta has 30 seconds left.\n|\n|t:|1683804024\n|detailschange|p2b: Kenzie|Palafin-Hero, L50, F\n|switch|p2b: Lakenta|Garchomp, L50, M|100\/100\n|move|p2a: Dust|Tailwind|p2a: Dust\n|-sidestart|p2: kelseilakenta|move: Tailwind\n|move|p1b: \ub0a0\uce58\uba38|Dazzling Gleam|p2b: Lakenta|[spread] p2a,p2b\n|-resisted|p2a: Dust\n|-supereffective|p2b: Lakenta\n|-damage|p2a: Dust|78\/100\n|-damage|p2b: Lakenta|35\/100\n|move|p1a: \ub178\ub780 \ub458\ub9ac|Tailwind|p1a: \ub178\ub780 \ub458\ub9ac\n|-sidestart|p1: woochiVGC|move: Tailwind\n|\n|upkeep\n|turn|2\n|\n|t:|1683804044\n|-terastallize|p2b: Lakenta|Steel\n|move|p1a: \ub178\ub780 \ub458\ub9ac|Extreme Speed|p2a: Dust\n|-damage|p2a: Dust|27\/100\n|move|p1b: \ub0a0\uce58\uba38|Shadow Ball|p2a: Dust\n|-damage|p2a: Dust|0 fnt\n|faint|p2a: Dust\n|move|p2b: Lakenta|Rock Slide|p1b: \ub0a0\uce58\uba38|[spread] p1a,p1b\n|-supereffective|p1a: \ub178\ub780 \ub458\ub9ac\n|-damage|p1a: \ub178\ub780 \ub458\ub9ac|80\/100\n|-damage|p1b: \ub0a0\uce58\uba38|60\/100\n|\n|upkeep\n|\n|t:|1683804061\n|switch|p2a: Kenzie|Palafin-Hero, L50, F|100\/100\n|-activate|p2a: Kenzie|ability: Zero to Hero\n|turn|3\n|\n|t:|1683804081\n|move|p1b: \ub0a0\uce58\uba38|Protect|p1b: \ub0a0\uce58\uba38\n|-singleturn|p1b: \ub0a0\uce58\uba38|Protect\n|move|p2a: Kenzie|Jet Punch|p1b: \ub0a0\uce58\uba38\n|-activate|p1b: \ub0a0\uce58\uba38|move: Protect\n|move|p2b: Lakenta|Iron Head|p1a: \ub178\ub780 \ub458\ub9ac\n|-damage|p1a: \ub178\ub780 \ub458\ub9ac|38\/100\n|move|p1a: \ub178\ub780 \ub458\ub9ac|Earthquake|p2a: Kenzie|[spread] p2a,p2b\n|-activate|p1b: \ub0a0\uce58\uba38|move: Protect\n|-supereffective|p2b: Lakenta\n|-damage|p2a: Kenzie|75\/100\n|-damage|p2b: Lakenta|0 fnt\n|faint|p2b: Lakenta\n|\n|upkeep\n|\n|t:|1683804092\n|switch|p2b: Sydney|Dragonite, L50, F|100\/100\n|turn|4\n|inactive|kelseilakenta has 30 seconds left.\n|\n|t:|1683804121\n|move|p2b: Sydney|Extreme Speed|p1a: \ub178\ub780 \ub458\ub9ac\n|-damage|p1a: \ub178\ub780 \ub458\ub9ac|0 fnt\n|faint|p1a: \ub178\ub780 \ub458\ub9ac\n|move|p2a: Kenzie|Jet Punch|p1b: \ub0a0\uce58\uba38\n|-damage|p1b: \ub0a0\uce58\uba38|0 fnt\n|faint|p1b: \ub0a0\uce58\uba38\n|-end|p1b: \ub0a0\uce58\uba38|Protosynthesis|[silent]\n|\n|-sideend|p1: woochiVGC|move: Tailwind\n|-sideend|p2: kelseilakenta|move: Tailwind\n|upkeep\n|\n|t:|1683804128\n|switch|p1b: Scream Tail|Scream Tail, L50, shiny|100\/100\n|switch|p1a: Chi-Yu|Chi-Yu, L50|100\/100\n|-ability|p1a: Chi-Yu|Beads of Ruin\n|-enditem|p1b: Scream Tail|Booster Energy\n|-activate|p1b: Scream Tail|ability: Protosynthesis|[fromitem]\n|-start|p1b: Scream Tail|protosynthesisspe\n|turn|5\n|\n|t:|1683804148\n|-terastallize|p1a: Chi-Yu|Water\n|move|p2b: Sydney|Extreme Speed|p1a: Chi-Yu\n|-damage|p1a: Chi-Yu|23\/100\n|move|p2a: Kenzie|Jet Punch|p1a: Chi-Yu\n|-resisted|p1a: Chi-Yu\n|-damage|p1a: Chi-Yu|0 fnt\n|faint|p1a: Chi-Yu\n|move|p1b: Scream Tail|Play Rough|p2a: Kenzie\n|-damage|p2a: Kenzie|54\/100\n|-unboost|p2a: Kenzie|atk|1\n|\n|upkeep\n|turn|6\n|\n|t:|1683804167\n|move|p2b: Sydney|Extreme Speed|p1b: Scream Tail\n|-crit|p1b: Scream Tail\n|-damage|p1b: Scream Tail|43\/100\n|move|p1b: Scream Tail|Disable|p2b: Sydney\n|-start|p2b: Sydney|Disable|Extreme Speed\n|move|p2a: Kenzie|Haze|p2a: Kenzie\n|-clearallboost\n|\n|upkeep\n|turn|7\n|\n|t:|1683804179\n|move|p1b: Scream Tail|Disable|p2a: Kenzie\n|-start|p2a: Kenzie|Disable|Haze\n|-activate|p2b: Sydney|move: Struggle\n|move|p2b: Sydney|Struggle|p1b: Scream Tail\n|-damage|p1b: Scream Tail|20\/100\n|-damage|p2b: Sydney|75\/100|[from] recoil\n|move|p2a: Kenzie|Wave Crash|p1b: Scream Tail\n|-damage|p1b: Scream Tail|0 fnt\n|faint|p1b: Scream Tail\n|-end|p1b: Scream Tail|Protosynthesis|[silent]\n|-damage|p2a: Kenzie|47\/100|[from] Recoil\n|\n|win|kelseilakenta\n|raw|woochiVGC's rating: 1538 → 1520<\/strong> (-18 for losing)\n|raw|kelseilakenta's rating: 1572 → 1590<\/strong> (+18 for winning)\n|l|\u2606woochiVGC\n","uploadtime":1683804291,"views":18,"p1id":"woochivgc","p2id":"kelseilakenta","formatid":"gen9vgc2023regulationc","rating":1520,"private":0,"password":""}