{"id":"gen9vgc2023regulationc-1853363225","p1":"sspark","p2":"Robertwillems","format":"[Gen 9] VGC 2023 Regulation C","log":"|j|\u2606sspark\n|j|\u2606Robertwillems\n|t:|1682674665\n|gametype|doubles\n|player|p1|sspark|170|1388\n|player|p2|Robertwillems|101|1407\n|teamsize|p1|6\n|teamsize|p2|6\n|gen|9\n|tier|[Gen 9] VGC 2023 Regulation C\n|rated|\n|rule|Species Clause: Limit one of each Pok\u00e9mon\n|rule|Item Clause: Limit one of each item\n|clearpoke\n|poke|p1|Flutter Mane, L50|\n|poke|p1|Maushold, L50|\n|poke|p1|Chi-Yu, L50|\n|poke|p1|Gyarados, L50, F|\n|poke|p1|Talonflame, L50, M|\n|poke|p1|Gholdengo, L50|\n|poke|p2|Dragonite, L50, M|\n|poke|p2|Chien-Pao, L50|\n|poke|p2|Scizor, L50, M|\n|poke|p2|Garganacl, L50, F|\n|poke|p2|Ceruledge, L50, F|\n|poke|p2|Ting-Lu, L50|\n|teampreview|4\n|inactive|Battle timer is ON: inactive players will automatically lose when time's up. (requested by Robertwillems)\n|inactive|sspark has 60 seconds left.\n|\n|t:|1682674736\n|start\n|switch|p1a: Maushold|Maushold, L50|100\/100\n|switch|p1b: Flutter Mane|Flutter Mane, L50|100\/100\n|switch|p2a: Scizor|Scizor, L50, M, shiny|100\/100\n|switch|p2b: Garganacl|Garganacl, L50, F|100\/100\n|-enditem|p1b: Flutter Mane|Booster Energy\n|-activate|p1b: Flutter Mane|ability: Protosynthesis|[fromitem]\n|-start|p1b: Flutter Mane|protosynthesisspe\n|turn|1\n|inactive|sspark has 30 seconds left.\n|inactive|sspark has 20 seconds left.\n|inactive|sspark has 15 seconds left.\n|\n|t:|1682674778\n|-end|p1b: Flutter Mane|Protosynthesis|[silent]\n|switch|p1b: Chi-Yu|Chi-Yu, L50|100\/100\n|-ability|p1b: Chi-Yu|Beads of Ruin\n|move|p2a: Scizor|Protect|p2a: Scizor\n|-singleturn|p2a: Scizor|Protect\n|move|p1a: Maushold|Follow Me|p1a: Maushold\n|-singleturn|p1a: Maushold|move: Follow Me\n|move|p2b: Garganacl|Body Press|p1a: Maushold\n|-supereffective|p1a: Maushold\n|-damage|p1a: Maushold|39\/100\n|\n|upkeep\n|turn|2\n|\n|t:|1682674802\n|switch|p1a: Gyarados|Gyarados, L50, F|100\/100\n|-ability|p1a: Gyarados|Intimidate|boost\n|-unboost|p2a: Scizor|atk|1\n|-unboost|p2b: Garganacl|atk|1\n|switch|p2a: Ceruledge|Ceruledge, L50, F|100\/100\n|move|p1b: Chi-Yu|Dark Pulse|p2a: Ceruledge\n|-supereffective|p2a: Ceruledge\n|-damage|p2a: Ceruledge|0 fnt\n|faint|p2a: Ceruledge\n|move|p2b: Garganacl|Body Press|p1b: Chi-Yu\n|-supereffective|p1b: Chi-Yu\n|-damage|p1b: Chi-Yu|9\/100\n|\n|upkeep\n|\n|t:|1682674815\n|switch|p2a: Scizor|Scizor, L50, M, shiny|100\/100\n|turn|3\n|\n|t:|1682674837\n|switch|p1b: Maushold|Maushold, L50|39\/100\n|move|p2a: Scizor|Bullet Punch|p1b: Maushold\n|-damage|p1b: Maushold|0 fnt\n|faint|p1b: Maushold\n|-damage|p2a: Scizor|91\/100|[from] item: Life Orb\n|move|p1a: Gyarados|Waterfall|p2b: Garganacl\n|-supereffective|p2b: Garganacl\n|-damage|p2b: Garganacl|54\/100\n|move|p2b: Garganacl|Salt Cure|p1a: Gyarados\n|-supereffective|p1a: Gyarados\n|-damage|p1a: Gyarados|79\/100\n|-start|p1a: Gyarados|Salt Cure\n|\n|-heal|p2b: Garganacl|60\/100|[from] item: Leftovers\n|-damage|p1a: Gyarados|54\/100|[from] Salt Cure\n|upkeep\n|inactive|sspark has 30 seconds left.\n|\n|t:|1682674866\n|switch|p1b: Flutter Mane|Flutter Mane, L50|100\/100\n|turn|4\n|\n|t:|1682674874\n|switch|p1a: Chi-Yu|Chi-Yu, L50|9\/100\n|-ability|p1a: Chi-Yu|Beads of Ruin\n|move|p1b: Flutter Mane|Protect|p1b: Flutter Mane\n|-singleturn|p1b: Flutter Mane|Protect\n|move|p2a: Scizor|Protect|p2a: Scizor\n|-singleturn|p2a: Scizor|Protect\n|move|p2b: Garganacl|Salt Cure|p1b: Flutter Mane\n|-activate|p1b: Flutter Mane|move: Protect\n|\n|-heal|p2b: Garganacl|66\/100|[from] item: Leftovers\n|upkeep\n|turn|5\n|inactive|Robertwillems has 30 seconds left.\n|\n|t:|1682674901\n|switch|p2a: Chien-Pao|Chien-Pao, L50|100\/100\n|-ability|p2a: Chien-Pao|Sword of Ruin\n|move|p1a: Chi-Yu|Flamethrower|p2a: Chien-Pao\n|-supereffective|p2a: Chien-Pao\n|-enditem|p2a: Chien-Pao|Focus Sash\n|-damage|p2a: Chien-Pao|1\/100\n|move|p1b: Flutter Mane|Shadow Ball|p2a: Chien-Pao\n|-resisted|p2a: Chien-Pao\n|-damage|p2a: Chien-Pao|0 fnt\n|faint|p2a: Chien-Pao\n|move|p2b: Garganacl|Salt Cure|p1a: Chi-Yu\n|-supereffective|p1a: Chi-Yu\n|-damage|p1a: Chi-Yu|0 fnt\n|faint|p1a: Chi-Yu\n|\n|-heal|p2b: Garganacl|72\/100|[from] item: Leftovers\n|upkeep\n|\n|t:|1682674917\n|switch|p2a: Scizor|Scizor, L50, M, shiny|91\/100\n|switch|p1a: Gyarados|Gyarados, L50, F|54\/100\n|-ability|p1a: Gyarados|Intimidate|boost\n|-unboost|p2a: Scizor|atk|1\n|-unboost|p2b: Garganacl|atk|1\n|turn|6\n|inactive|sspark has 30 seconds left.\n|\n|t:|1682674942\n|move|p2a: Scizor|Protect|p2a: Scizor\n|-singleturn|p2a: Scizor|Protect\n|move|p1b: Flutter Mane|Dazzling Gleam|p2b: Garganacl|[spread] p2b\n|-activate|p2a: Scizor|move: Protect\n|-damage|p2b: Garganacl|41\/100\n|move|p1a: Gyarados|Waterfall|p2b: Garganacl\n|-supereffective|p2b: Garganacl\n|-damage|p2b: Garganacl|0 fnt\n|faint|p2b: Garganacl\n|\n|upkeep\n|turn|7\n|\n|t:|1682674957\n|-terastallize|p2a: Scizor|Water\n|move|p2a: Scizor|Bullet Punch|p1b: Flutter Mane\n|-supereffective|p1b: Flutter Mane\n|-damage|p1b: Flutter Mane|5\/100\n|-damage|p2a: Scizor|81\/100|[from] item: Life Orb\n|move|p1b: Flutter Mane|Shadow Ball|p2a: Scizor\n|-damage|p2a: Scizor|32\/100\n|move|p1a: Gyarados|Waterfall|p2a: Scizor\n|-resisted|p2a: Scizor\n|-damage|p2a: Scizor|11\/100\n|\n|upkeep\n|turn|8\n|\n|t:|1682674970\n|move|p2a: Scizor|Bullet Punch|p1b: Flutter Mane\n|-supereffective|p1b: Flutter Mane\n|-damage|p1b: Flutter Mane|0 fnt\n|faint|p1b: Flutter Mane\n|-end|p1b: Flutter Mane|Protosynthesis|[silent]\n|-damage|p2a: Scizor|2\/100|[from] item: Life Orb\n|move|p1a: Gyarados|Waterfall|p2a: Scizor\n|-resisted|p2a: Scizor\n|-crit|p2a: Scizor\n|-damage|p2a: Scizor|0 fnt\n|faint|p2a: Scizor\n|\n|win|sspark\n|raw|sspark's rating: 1388 → 1409<\/strong> (+21 for winning)\n|raw|Robertwillems's rating: 1407 → 1386<\/strong> (-21 for losing)\n|l|\u2606Robertwillems\n","uploadtime":1682675029,"views":7,"p1id":"sspark","p2id":"robertwillems","formatid":"gen9vgc2023regulationc","rating":1386,"private":0,"password":""}