{"id":"gen9vgc2023regulationc-1860112565","p1":"LIVEstrumming","p2":"P OMEGALUL L","format":"[Gen 9] VGC 2023 Regulation C","log":"|j|\u2606LIVEstrumming\n|j|\u2606P OMEGALUL L\n|t:|1683596648\n|gametype|doubles\n|player|p1|LIVEstrumming|scientist-gen4dp|\n|player|p2|P OMEGALUL L|2|\n|teamsize|p1|6\n|teamsize|p2|6\n|gen|9\n|tier|[Gen 9] VGC 2023 Regulation C\n|rated|Tournament battle\n|rule|Species Clause: Limit one of each Pok\u00e9mon\n|rule|Item Clause: Limit one of each item\n|clearpoke\n|poke|p1|Staraptor, L50, M|\n|poke|p1|Farigiraf, L50, F|\n|poke|p1|Maushold, L50|\n|poke|p1|Torkoal, L50, F|\n|poke|p1|Wo-Chien, L50|\n|poke|p1|Great Tusk, L50|\n|poke|p2|Iron Bundle, L50|\n|poke|p2|Abomasnow, L50, M|\n|poke|p2|Annihilape, L50, F|\n|poke|p2|Maushold-Four, L50|\n|poke|p2|Ting-Lu, L50|\n|poke|p2|Great Tusk, L50|\n|teampreview|4\nP OMEGALUL L has agreed to open team sheets.\n|c|\u2606P OMEGALUL L|gl hf\n|inactive|Battle timer is ON: inactive players will automatically lose when time's up. (requested by P OMEGALUL L)\n|inactive|LIVEstrumming has 60 seconds left.\nLIVEstrumming has agreed to open team sheets.\n|c|\u2606LIVEstrumming|glhf\n|inactive|LIVEstrumming has 30 seconds left.\n|inactive|LIVEstrumming has 20 seconds left.\n|inactive|LIVEstrumming has 15 seconds left.\n|inactive|LIVEstrumming has 10 seconds left.\n|\n|t:|1683596741\n|start\n|switch|p1a: Farigiraf|Farigiraf, L50, F|100\/100\n|switch|p1b: Staraptor|Staraptor, L50, M, shiny|100\/100\n|switch|p2a: Maushold|Maushold-Four, L50|100\/100\n|switch|p2b: Annihilape|Annihilape, L50, F|100\/100\n|turn|1\n|inactive|LIVEstrumming has 30 seconds left.\n|inactive|P OMEGALUL L has 30 seconds left.\n|j| Rhythm Of Us\n|inactive|LIVEstrumming has 20 seconds left.\n|l| Rhythm Of Us\n|inactive|LIVEstrumming has 15 seconds left.\n|inactive|LIVEstrumming has 10 seconds left.\n|inactive|P OMEGALUL L has 20 seconds left.\n|inactive|LIVEstrumming has 5 seconds left.\n|\n|t:|1683596796\n|-terastallize|p2b: Annihilape|Fire\n|move|p2a: Maushold|Protect|p2a: Maushold\n|-singleturn|p2a: Maushold|Protect\n|move|p1b: Staraptor|Brave Bird|p2a: Maushold\n|-activate|p2a: Maushold|move: Protect\n|move|p2b: Annihilape|Bulk Up|p2b: Annihilape\n|-boost|p2b: Annihilape|atk|1\n|-boost|p2b: Annihilape|def|1\n|move|p1a: Farigiraf|Hyper Voice|p2b: Annihilape|[spread] p2b\n|-activate|p2a: Maushold|move: Protect\n|-damage|p2b: Annihilape|85\/100\n|\n|-heal|p2b: Annihilape|91\/100|[from] item: Leftovers\n|upkeep\n|turn|2\n|\n|t:|1683596820\n|move|p1b: Staraptor|Brave Bird|p2a: Maushold\n|-damage|p2a: Maushold|36\/100\n|-damage|p1b: Staraptor|80\/100|[from] Recoil\n|move|p2a: Maushold|Super Fang|p1a: Farigiraf|[miss]\n|-miss|p2a: Maushold|p1a: Farigiraf\n|move|p2b: Annihilape|Drain Punch|p1a: Farigiraf\n|-damage|p1a: Farigiraf|57\/100\n|-heal|p2b: Annihilape|100\/100|[from] drain|[of] p1a: Farigiraf\n|move|p1a: Farigiraf|Trick Room|p1a: Farigiraf\n|-fieldstart|move: Trick Room|[of] p1a: Farigiraf\n|\n|upkeep\n|turn|3\n|inactive|P OMEGALUL L has 30 seconds left.\n|\n|t:|1683596846\n|switch|p1b: Wo-Chien|Wo-Chien, L50|100\/100\n|-ability|p1b: Wo-Chien|Tablets of Ruin\n|move|p2a: Maushold|Protect|p2a: Maushold\n|-singleturn|p2a: Maushold|Protect\n|move|p1a: Farigiraf|Psychic|p2a: Maushold\n|-activate|p2a: Maushold|move: Protect\n|move|p2b: Annihilape|Bulk Up|p2b: Annihilape\n|-boost|p2b: Annihilape|atk|1\n|-boost|p2b: Annihilape|def|1\n|\n|upkeep\n|turn|4\n|inactive|LIVEstrumming has 30 seconds left.\n|inactive|LIVEstrumming has 20 seconds left.\n|inactive|LIVEstrumming has 15 seconds left.\n|\n|t:|1683596890\n|switch|p2a: Ting-Lu|Ting-Lu, L50|100\/100\n|-ability|p2a: Ting-Lu|Vessel of Ruin\n|-terastallize|p1b: Wo-Chien|Poison\n|move|p1a: Farigiraf|Psychic|p2a: Ting-Lu\n|-immune|p2a: Ting-Lu\n|move|p1b: Wo-Chien|Foul Play|p2b: Annihilape\n|-damage|p2b: Annihilape|64\/100\n|move|p2b: Annihilape|Drain Punch|p1b: Wo-Chien\n|-resisted|p1b: Wo-Chien\n|-damage|p1b: Wo-Chien|83\/100\n|-heal|p2b: Annihilape|73\/100|[from] drain|[of] p1b: Wo-Chien\n|\n|-heal|p1b: Wo-Chien|89\/100|[from] item: Leftovers\n|-heal|p2b: Annihilape|79\/100|[from] item: Leftovers\n|upkeep\n|turn|5\n|inactive|P OMEGALUL L has 30 seconds left.\n|\n|t:|1683596915\n|switch|p1a: Torkoal|Torkoal, L50, F|100\/100\n|-weather|SunnyDay|[from] ability: Drought|[of] p1a: Torkoal\n|move|p2a: Ting-Lu|Stomping Tantrum|p1b: Wo-Chien\n|-supereffective|p1b: Wo-Chien\n|-damage|p1b: Wo-Chien|50\/100\n|move|p1b: Wo-Chien|Leech Seed|p2a: Ting-Lu\n|-start|p2a: Ting-Lu|move: Leech Seed\n|move|p2b: Annihilape|Drain Punch|p1a: Torkoal\n|-damage|p1a: Torkoal|62\/100\n|-heal|p2b: Annihilape|95\/100|[from] drain|[of] p1a: Torkoal\n|\n|-weather|SunnyDay|[upkeep]\n|-heal|p1b: Wo-Chien|57\/100|[from] item: Leftovers\n|-heal|p2b: Annihilape|100\/100|[from] item: Leftovers\n|-damage|p2a: Ting-Lu|88\/100|[from] Leech Seed|[of] p1b: Wo-Chien\n|-heal|p1b: Wo-Chien|72\/100|[silent]\n|upkeep\n|turn|6\n|inactive|LIVEstrumming has 30 seconds left.\n|inactive|P OMEGALUL L has 30 seconds left.\n|inactive|LIVEstrumming has 20 seconds left.\n|inactive|LIVEstrumming has 15 seconds left.\n|\n|t:|1683596957\n|move|p2b: Annihilape|Protect|p2b: Annihilape\n|-singleturn|p2b: Annihilape|Protect\n|move|p1a: Torkoal|Earth Power|p2b: Annihilape\n|-activate|p2b: Annihilape|move: Protect\n|move|p2a: Ting-Lu|Stomping Tantrum|p1b: Wo-Chien\n|-supereffective|p1b: Wo-Chien\n|-damage|p1b: Wo-Chien|30\/100\n|move|p1b: Wo-Chien|Foul Play|p2b: Annihilape\n|-activate|p2b: Annihilape|move: Protect\n|\n|-weather|SunnyDay|[upkeep]\n|-heal|p1b: Wo-Chien|36\/100|[from] item: Leftovers\n|-damage|p2a: Ting-Lu|76\/100|[from] Leech Seed|[of] p1b: Wo-Chien\n|-heal|p1b: Wo-Chien|52\/100|[silent]\n|-fieldend|move: Trick Room\n|upkeep\n|turn|7\n|\n|t:|1683596979\n|switch|p2a: Maushold|Maushold-Four, L50|36\/100\n|move|p2b: Annihilape|Rage Fist|p1a: Torkoal\n|-damage|p1a: Torkoal|0 fnt\n|faint|p1a: Torkoal\n|move|p1b: Wo-Chien|Foul Play|p2b: Annihilape\n|-damage|p2b: Annihilape|73\/100\n|\n|-weather|SunnyDay|[upkeep]\n|-heal|p2b: Annihilape|79\/100|[from] item: Leftovers\n|-heal|p1b: Wo-Chien|58\/100|[from] item: Leftovers\n|upkeep\n|inactive|LIVEstrumming has 30 seconds left.\n|-message|LIVEstrumming forfeited.\n|\n|win|P OMEGALUL L\n|n|\u2606LIVEstrumming|livestrumming\n|n|\u2606P OMEGALUL L|pomegalull\n|l|\u2606LIVEstrumming\n","uploadtime":1683597019,"views":14,"p1id":"livestrumming","p2id":"pomegalull","formatid":"gen9vgc2023regulationc","rating":0,"private":0,"password":""}