{"id":"gen9vgc2023regulationc-1845571281","p1":"shiro07","p2":"WillieDangerously","format":"[Gen 9] VGC 2023 Regulation C","log":"|j|\u2606shiro07\n|j|\u2606WillieDangerously\n|t:|1681745981\n|gametype|doubles\n|player|p1|shiro07|kris-masters|1296\n|player|p2|WillieDangerously|psychic-gen4|1300\n|teamsize|p1|6\n|teamsize|p2|6\n|gen|9\n|tier|[Gen 9] VGC 2023 Regulation C\n|rated|\n|rule|Species Clause: Limit one of each Pok\u00e9mon\n|rule|Item Clause: Limit one of each item\n|clearpoke\n|poke|p1|Arcanine, L50, M|\n|poke|p1|Flutter Mane, L50|\n|poke|p1|Roaring Moon, L50|\n|poke|p1|Amoonguss, L50, M|\n|poke|p1|Palafin, L50, F|\n|poke|p1|Ting-Lu, L50|\n|poke|p2|Corviknight, L50, M|\n|poke|p2|Tyranitar, L50, M|\n|poke|p2|Houndstone, L50, M|\n|poke|p2|Amoonguss, L50, M|\n|poke|p2|Iron Bundle, L50|\n|poke|p2|Arcanine, L50, M|\n|teampreview|4\nWillieDangerously has agreed to open team sheets.\n|\n|t:|1681746023\n|start\n|switch|p1a: Palafin|Palafin, L50, F|100\/100\n|switch|p1b: Arcanine|Arcanine, L50, M|100\/100\n|switch|p2a: Iron Bundle|Iron Bundle, L50|100\/100\n|switch|p2b: Tyranitar|Tyranitar, L50, M|100\/100\n|-ability|p1b: Arcanine|Intimidate|boost\n|-unboost|p2a: Iron Bundle|atk|1\n|-fail|p2b: Tyranitar|unboost|[from] item: Clear Amulet|[of] p2b: Tyranitar\n|-weather|Sandstorm|[from] ability: Sand Stream|[of] p2b: Tyranitar\n|-enditem|p2a: Iron Bundle|Booster Energy\n|-activate|p2a: Iron Bundle|ability: Quark Drive|[fromitem]\n|-start|p2a: Iron Bundle|quarkdrivespe\n|turn|1\n|\n|t:|1681746062\n|detailschange|p1a: Palafin|Palafin-Hero, L50, F\n|switch|p1a: Ting-Lu|Ting-Lu, L50|100\/100\n|-ability|p1a: Ting-Lu|Vessel of Ruin\n|-terastallize|p1b: Arcanine|Grass\n|move|p2a: Iron Bundle|Icy Wind|p1a: Ting-Lu|[spread] p1a,p1b\n|-supereffective|p1a: Ting-Lu\n|-supereffective|p1b: Arcanine\n|-damage|p1a: Ting-Lu|85\/100\n|-damage|p1b: Arcanine|73\/100\n|-unboost|p1a: Ting-Lu|spe|1\n|-unboost|p1b: Arcanine|spe|1\n|move|p2b: Tyranitar|Rock Slide|p1b: Arcanine|[spread] p1a,p1b\n|-resisted|p1a: Ting-Lu\n|-damage|p1a: Ting-Lu|77\/100\n|-damage|p1b: Arcanine|42\/100\n|cant|p1b: Arcanine|flinch\n|\n|-weather|Sandstorm|[upkeep]\n|-damage|p2a: Iron Bundle|95\/100|[from] Sandstorm\n|upkeep\n|turn|2\n|\n|t:|1681746093\n|-terastallize|p2b: Tyranitar|Flying\n|move|p1b: Arcanine|Protect|p1b: Arcanine\n|-singleturn|p1b: Arcanine|Protect\n|move|p2a: Iron Bundle|Freeze-Dry|p1b: Arcanine\n|-activate|p1b: Arcanine|move: Protect\n|move|p2b: Tyranitar|Low Kick|p1a: Ting-Lu\n|-supereffective|p1a: Ting-Lu\n|-damage|p1a: Ting-Lu|28\/100\n|move|p1a: Ting-Lu|Stomping Tantrum|p2a: Iron Bundle\n|-damage|p2a: Iron Bundle|58\/100\n|\n|-weather|Sandstorm|[upkeep]\n|-damage|p2a: Iron Bundle|52\/100|[from] Sandstorm\n|-damage|p2b: Tyranitar|94\/100|[from] Sandstorm\n|upkeep\n|turn|3\n|\n|t:|1681746120\n|move|p1b: Arcanine|Extreme Speed|p2a: Iron Bundle\n|-damage|p2a: Iron Bundle|27\/100\n|move|p2a: Iron Bundle|Freeze-Dry|p1b: Arcanine\n|-supereffective|p1b: Arcanine\n|-damage|p1b: Arcanine|0 fnt\n|faint|p1b: Arcanine\n|move|p2b: Tyranitar|Low Kick|p1a: Ting-Lu\n|-supereffective|p1a: Ting-Lu\n|-damage|p1a: Ting-Lu|0 fnt\n|faint|p1a: Ting-Lu\n|\n|-weather|Sandstorm|[upkeep]\n|-damage|p2a: Iron Bundle|21\/100|[from] Sandstorm\n|-damage|p2b: Tyranitar|88\/100|[from] Sandstorm\n|upkeep\n|\n|t:|1681746124\n|switch|p1b: Flutter Mane|Flutter Mane, L50|100\/100\n|switch|p1a: Palafin|Palafin-Hero, L50, F|100\/100\n|-activate|p1a: Palafin|ability: Zero to Hero\n|turn|4\n|\n|t:|1681746140\n|switch|p2b: Arcanine|Arcanine, L50, M|100\/100\n|-ability|p2b: Arcanine|Intimidate|boost\n|-unboost|p1a: Palafin|atk|1\n|-unboost|p1b: Flutter Mane|atk|1\n|move|p2a: Iron Bundle|Icy Wind|p1a: Palafin|[spread] p1a\n|-miss|p2a: Iron Bundle|p1b: Flutter Mane\n|-resisted|p1a: Palafin\n|-damage|p1a: Palafin|92\/100\n|-unboost|p1a: Palafin|spe|1\n|move|p1b: Flutter Mane|Dazzling Gleam|p2b: Arcanine|[spread] p2a,p2b\n|-resisted|p2b: Arcanine\n|-damage|p2a: Iron Bundle|0 fnt\n|-damage|p2b: Arcanine|75\/100\n|faint|p2a: Iron Bundle\n|-end|p2a: Iron Bundle|Quark Drive|[silent]\n|move|p1a: Palafin|Wave Crash|p2b: Arcanine\n|-supereffective|p2b: Arcanine\n|-damage|p2b: Arcanine|0 fnt\n|faint|p2b: Arcanine\n|-damage|p1a: Palafin|69\/100|[from] Recoil\n|\n|-weather|Sandstorm|[upkeep]\n|-damage|p1b: Flutter Mane|95\/100|[from] Sandstorm\n|-damage|p1a: Palafin|63\/100|[from] Sandstorm\n|upkeep\n|\n|t:|1681746164\n|switch|p2a: Houndstone|Houndstone, L50, M|100\/100\n|switch|p2b: Tyranitar|Tyranitar, L50, M, tera:Flying|88\/100\n|turn|5\n|\n|t:|1681746183\n|move|p2a: Houndstone|Last Respects|p1a: Palafin\n|-damage|p1a: Palafin|0 fnt\n|faint|p1a: Palafin\n|move|p1b: Flutter Mane|Dazzling Gleam|p2a: Houndstone|[spread] p2a,p2b\n|-crit|p2b: Tyranitar\n|-damage|p2a: Houndstone|43\/100\n|-damage|p2b: Tyranitar|28\/100\n|move|p2b: Tyranitar|Crunch|p1b: Flutter Mane\n|-damage|p1b: Flutter Mane|25\/100\n|\n|-weather|none\n|upkeep\n|turn|6\n|\n|t:|1681746208\n|move|p1b: Flutter Mane|Dazzling Gleam|p2a: Houndstone|[spread] p2a,p2b\n|-damage|p2a: Houndstone|0 fnt\n|-damage|p2b: Tyranitar|0 fnt\n|faint|p2a: Houndstone\n|faint|p2b: Tyranitar\n|\n|win|shiro07\n|raw|shiro07's rating: 1296 → 1321<\/strong> (+25 for winning)\n|raw|WillieDangerously's rating: 1300 → 1275<\/strong> (-25 for losing)\n","uploadtime":1681746244,"views":10,"p1id":"shiro07","p2id":"williedangerously","formatid":"gen9vgc2023regulationc","rating":1275,"private":0,"password":""}