{"id":"gen9vgc2023regulationc-1850663781","p1":"pls be kind to me","p2":"TGH_sr","format":"[Gen 9] VGC 2023 Regulation C","log":"|j|\u2606pls be kind to me\n|j|\u2606TGH_sr\n|t:|1682357206\n|gametype|doubles\n|player|p1|pls be kind to me|may|1411\n|player|p2|TGH_sr|steven|1327\n|teamsize|p1|6\n|teamsize|p2|6\n|gen|9\n|tier|[Gen 9] VGC 2023 Regulation C\n|rated|\n|rule|Species Clause: Limit one of each Pok\u00e9mon\n|rule|Item Clause: Limit one of each item\n|clearpoke\n|poke|p1|Chi-Yu, L50|\n|poke|p1|Flutter Mane, L50|\n|poke|p1|Scream Tail, L50|\n|poke|p1|Corviknight, L50, M|\n|poke|p1|Baxcalibur, L50, M|\n|poke|p1|Rotom-Wash, L50|\n|poke|p2|Gyarados, L50, F|\n|poke|p2|Flutter Mane, L50|\n|poke|p2|Garchomp, L50, F|\n|poke|p2|Talonflame, L50, F|\n|poke|p2|Azumarill, L50, M|\n|poke|p2|Chien-Pao, L50|\n|teampreview|4\nTGH_sr has agreed to open team sheets.\npls be kind to me has agreed to open team sheets.\n|c|\u2606pls be kind to me|TGH?\n|c|\u2606TGH_sr|o\/\n|c|\u2606pls be kind to me|it's linty\n|c|\u2606TGH_sr|LMAO WHAT\n|c|\u2606pls be kind to me|from the local Saturday\n|c|\u2606pls be kind to me|lmao\n|c|\u2606TGH_sr|LMAOOOOOO\n|c|\u2606TGH_sr|hi!\n|c|\u2606pls be kind to me|always funny running into people on ladder\n|c|\u2606pls be kind to me|glhf!\n|j| Wsits\n|c|\u2606TGH_sr|ikr? that's awesome\n|c|\u2606TGH_sr|gl!\n|\n|t:|1682357373\n|start\n|switch|p1a: Corviknight|Corviknight, L50, M, shiny|100\/100\n|switch|p1b: Baxcalibur|Baxcalibur, L50, M|100\/100\n|switch|p2a: Talonflame|Talonflame, L50, F|100\/100\n|switch|p2b: Garchomp|Garchomp, L50, F|100\/100\n|turn|1\n|\n|t:|1682357481\n|-terastallize|p2b: Garchomp|Steel\n|move|p1b: Baxcalibur|Protect|p1b: Baxcalibur\n|-singleturn|p1b: Baxcalibur|Protect\n|move|p2a: Talonflame|Will-O-Wisp|p1a: Corviknight\n|-status|p1a: Corviknight|brn\n|move|p2b: Garchomp|Iron Head|p1b: Baxcalibur\n|-activate|p1b: Baxcalibur|move: Protect\n|move|p1a: Corviknight|Iron Head|p2a: Talonflame\n|-resisted|p2a: Talonflame\n|-damage|p2a: Talonflame|93\/100\n|\n|-damage|p1a: Corviknight|95\/100 brn|[from] brn\n|upkeep\n|turn|2\n|\n|t:|1682357520\n|switch|p1b: Rotom|Rotom-Wash, L50, shiny|100\/100\n|move|p2a: Talonflame|Brave Bird|p1b: Rotom\n|-resisted|p1b: Rotom\n|-damage|p1b: Rotom|83\/100\n|-damage|p2a: Talonflame|88\/100|[from] Recoil\n|move|p2b: Garchomp|Iron Head|p1b: Rotom\n|-resisted|p1b: Rotom\n|-damage|p1b: Rotom|68\/100\n|move|p1a: Corviknight|Brave Bird|p2a: Talonflame\n|-damage|p2a: Talonflame|61\/100\n|-damage|p1a: Corviknight|87\/100 brn|[from] Recoil\n|\n|-damage|p1a: Corviknight|81\/100 brn|[from] brn\n|upkeep\n|turn|3\n|\n|t:|1682357587\n|switch|p2b: Flutter Mane|Flutter Mane, L50|100\/100\n|-enditem|p2b: Flutter Mane|Booster Energy\n|-activate|p2b: Flutter Mane|ability: Protosynthesis|[fromitem]\n|-start|p2b: Flutter Mane|protosynthesisspa\n|move|p2a: Talonflame|Brave Bird|p1b: Rotom\n|-resisted|p1b: Rotom\n|-damage|p1b: Rotom|49\/100\n|-enditem|p1b: Rotom|Sitrus Berry|[eat]\n|-heal|p1b: Rotom|74\/100|[from] item: Sitrus Berry\n|-damage|p2a: Talonflame|55\/100|[from] Recoil\n|move|p1b: Rotom|Thunderbolt|p2b: Flutter Mane\n|-damage|p2b: Flutter Mane|70\/100\n|move|p1a: Corviknight|Iron Head|p2b: Flutter Mane\n|-supereffective|p2b: Flutter Mane\n|-damage|p2b: Flutter Mane|29\/100\n|\n|-damage|p1a: Corviknight|75\/100 brn|[from] brn\n|upkeep\n|turn|4\n|l| Wsits\n|\n|t:|1682357657\n|move|p2a: Talonflame|Brave Bird|p1a: Corviknight\n|-resisted|p1a: Corviknight\n|-damage|p1a: Corviknight|55\/100 brn\n|-damage|p2a: Talonflame|48\/100|[from] Recoil\n|move|p2b: Flutter Mane|Shadow Ball|p1b: Rotom\n|-damage|p1b: Rotom|11\/100\n|-unboost|p1b: Rotom|spd|1\n|move|p1b: Rotom|Thunderbolt|p2a: Talonflame\n|-supereffective|p2a: Talonflame\n|-damage|p2a: Talonflame|0 fnt\n|faint|p2a: Talonflame\n|move|p1a: Corviknight|Tailwind|p1a: Corviknight\n|-sidestart|p1: pls be kind to me|move: Tailwind\n|\n|-damage|p1a: Corviknight|50\/100 brn|[from] brn\n|upkeep\n|\n|t:|1682357678\n|switch|p2a: Azumarill|Azumarill, L50, M|100\/100\n|turn|5\n|\n|t:|1682357701\n|move|p2b: Flutter Mane|Protect|p2b: Flutter Mane\n|-singleturn|p2b: Flutter Mane|Protect\n|move|p2a: Azumarill|Aqua Jet|p1b: Rotom\n|-resisted|p1b: Rotom\n|-damage|p1b: Rotom|0 fnt\n|faint|p1b: Rotom\n|-damage|p2a: Azumarill|91\/100|[from] item: Life Orb\n|move|p1a: Corviknight|Roost|p1a: Corviknight\n|-heal|p1a: Corviknight|99\/100 brn\n|-singleturn|p1a: Corviknight|move: Roost\n|\n|-damage|p1a: Corviknight|94\/100 brn|[from] brn\n|upkeep\n|\n|t:|1682357707\n|switch|p1b: Baxcalibur|Baxcalibur, L50, M|100\/100\n|turn|6\n|\n|t:|1682357748\n|move|p1b: Baxcalibur|Icicle Spear|p2a: Azumarill\n|-resisted|p2a: Azumarill\n|-damage|p2a: Azumarill|83\/100\n|-resisted|p2a: Azumarill\n|-damage|p2a: Azumarill|75\/100\n|-resisted|p2a: Azumarill\n|-damage|p2a: Azumarill|68\/100\n|-resisted|p2a: Azumarill\n|-damage|p2a: Azumarill|60\/100\n|-hitcount|p2a: Azumarill|4\n|move|p1a: Corviknight|Iron Head|p2a: Azumarill\n|-crit|p2a: Azumarill\n|-damage|p2a: Azumarill|41\/100\n|move|p2b: Flutter Mane|Shadow Ball|p1a: Corviknight\n|-damage|p1a: Corviknight|56\/100 brn\n|cant|p2a: Azumarill|flinch\n|\n|-damage|p1a: Corviknight|50\/100 brn|[from] brn\n|upkeep\n|turn|7\n|\n|t:|1682357783\n|move|p2b: Flutter Mane|Protect|p2b: Flutter Mane\n|-singleturn|p2b: Flutter Mane|Protect\n|move|p1b: Baxcalibur|Icicle Spear|p2a: Azumarill\n|-resisted|p2a: Azumarill\n|-damage|p2a: Azumarill|33\/100\n|-resisted|p2a: Azumarill\n|-damage|p2a: Azumarill|25\/100\n|-resisted|p2a: Azumarill\n|-damage|p2a: Azumarill|17\/100\n|-resisted|p2a: Azumarill\n|-damage|p2a: Azumarill|8\/100\n|-resisted|p2a: Azumarill\n|-damage|p2a: Azumarill|0 fnt\n|faint|p2a: Azumarill\n|-hitcount|p2: Azumarill|5\n|move|p1a: Corviknight|Iron Head|p2b: Flutter Mane\n|-activate|p2b: Flutter Mane|move: Protect\n|\n|-damage|p1a: Corviknight|45\/100 brn|[from] brn\n|-sideend|p1: pls be kind to me|move: Tailwind\n|upkeep\n|\n|t:|1682357800\n|switch|p2a: Garchomp|Garchomp, L50, F, tera:Steel|100\/100\n|turn|8\n|\n|t:|1682357837\n|move|p1b: Baxcalibur|Ice Shard|p2b: Flutter Mane\n|-damage|p2b: Flutter Mane|0 fnt\n|faint|p2b: Flutter Mane\n|-end|p2b: Flutter Mane|Protosynthesis|[silent]\n|move|p2a: Garchomp|Iron Head|p1b: Baxcalibur\n|-supereffective|p1b: Baxcalibur\n|-damage|p1b: Baxcalibur|0 fnt\n|faint|p1b: Baxcalibur\n|move|p1a: Corviknight|Roost|p1a: Corviknight\n|-heal|p1a: Corviknight|95\/100 brn\n|-singleturn|p1a: Corviknight|move: Roost\n|\n|-damage|p1a: Corviknight|89\/100 brn|[from] brn\n|upkeep\n|\n|t:|1682357843\n|switch|p1b: Scream Tail|Scream Tail, L50, shiny|100\/100\n|-enditem|p1b: Scream Tail|Booster Energy\n|-activate|p1b: Scream Tail|ability: Protosynthesis|[fromitem]\n|-start|p1b: Scream Tail|protosynthesisspe\n|turn|9\n|\n|t:|1682357856\n|-terastallize|p1b: Scream Tail|Water\n|move|p1b: Scream Tail|Disable|p2a: Garchomp\n|-start|p2a: Garchomp|Disable|Iron Head\n|cant|p2a: Garchomp|Disable|Iron Head\n|move|p1a: Corviknight|Tailwind|p1a: Corviknight\n|-sidestart|p1: pls be kind to me|move: Tailwind\n|\n|-damage|p1a: Corviknight|83\/100 brn|[from] brn\n|upkeep\n|turn|10\n|\n|t:|1682357868\n|move|p1b: Scream Tail|Howl|p1b: Scream Tail|[spread] p1a,p1b\n|-boost|p1a: Corviknight|atk|1\n|-boost|p1b: Scream Tail|atk|1\n|move|p1a: Corviknight|Brave Bird|p2a: Garchomp\n|-resisted|p2a: Garchomp\n|-damage|p2a: Garchomp|89\/100\n|-damage|p1a: Corviknight|71\/100 brn|[from] ability: Rough Skin|[of] p2a: Garchomp\n|-damage|p1a: Corviknight|67\/100 brn|[from] Recoil\n|-activate|p2a: Garchomp|move: Struggle\n|move|p2a: Garchomp|Struggle|p1b: Scream Tail\n|-damage|p1b: Scream Tail|79\/100\n|-damage|p2a: Garchomp|64\/100|[from] recoil\n|\n|-damage|p1a: Corviknight|61\/100 brn|[from] brn\n|upkeep\n|turn|11\n|\n|t:|1682357883\n|move|p1b: Scream Tail|Howl|p1b: Scream Tail|[spread] p1a,p1b\n|-boost|p1a: Corviknight|atk|1\n|-boost|p1b: Scream Tail|atk|1\n|move|p1a: Corviknight|Roost|p1a: Corviknight\n|-heal|p1a: Corviknight|100\/100 brn\n|-singleturn|p1a: Corviknight|move: Roost\n|-activate|p2a: Garchomp|move: Struggle\n|move|p2a: Garchomp|Struggle|p1a: Corviknight\n|-damage|p1a: Corviknight|76\/100 brn\n|-damage|p2a: Garchomp|39\/100|[from] recoil\n|\n|-damage|p1a: Corviknight|71\/100 brn|[from] brn\n|upkeep\n|turn|12\n|\n|t:|1682357895\n|move|p1b: Scream Tail|Play Rough|p2a: Garchomp\n|-resisted|p2a: Garchomp\n|-damage|p2a: Garchomp|20\/100\n|-damage|p1b: Scream Tail|67\/100|[from] ability: Rough Skin|[of] p2a: Garchomp\n|move|p1a: Corviknight|Brave Bird|p2a: Garchomp\n|-resisted|p2a: Garchomp\n|-damage|p2a: Garchomp|4\/100\n|-damage|p1a: Corviknight|58\/100 brn|[from] ability: Rough Skin|[of] p2a: Garchomp\n|-damage|p1a: Corviknight|53\/100 brn|[from] Recoil\n|-activate|p2a: Garchomp|move: Struggle\n|move|p2a: Garchomp|Struggle|p1a: Corviknight\n|-damage|p1a: Corviknight|28\/100 brn\n|-damage|p2a: Garchomp|0 fnt|[from] recoil\n|faint|p2a: Garchomp\n|\n|win|pls be kind to me\n|raw|pls be kind to me's rating: 1411 → 1426<\/strong> (+15 for winning)\n|raw|TGH_sr's rating: 1327 → 1312<\/strong> (-15 for losing)\n|c|\u2606pls be kind to me|gg\n|c|\u2606TGH_sr|gg!\n|c|\u2606pls be kind to me|tough as usual lol\n|c|\u2606TGH_sr|i was trying to experiment earlier with iron hands to make this matchup a little better\n|c|\u2606TGH_sr|over azu\n|c|\u2606pls be kind to me|i like that\n|c|\u2606TGH_sr|ended up switching back, i couldn't quite make it work as well as I wanted\n|c|\u2606pls be kind to me|hands is tough for my team specifically to deal with\n|c|\u2606pls be kind to me|but yeah, LO azu with Chien-Pao is super fun\n|c|\u2606pls be kind to me|good luck testing!\n|c|\u2606TGH_sr|anyway fun stuff, gonna tell the NE discord about this LOL\n|c|\u2606TGH_sr|you too!\n","uploadtime":1682357913,"views":12,"p1id":"plsbekindtome","p2id":"tghsr","formatid":"gen9vgc2023regulationc","rating":1312,"private":0,"password":""}