{"id":"gen9vgc2023regulationc-1848176029","p1":"mmatt59","p2":"WillieDangerously","format":"[Gen 9] VGC 2023 Regulation C","log":"|j|\u2606mmatt59\n|j|\u2606WillieDangerously\n|t:|1682038716\n|gametype|doubles\n|player|p1|mmatt59|169|1302\n|player|p2|WillieDangerously|psychic-gen4|1222\n|teamsize|p1|6\n|teamsize|p2|6\n|gen|9\n|tier|[Gen 9] VGC 2023 Regulation C\n|rated|\n|rule|Species Clause: Limit one of each Pok\u00e9mon\n|rule|Item Clause: Limit one of each item\n|clearpoke\n|poke|p1|Clodsire, L50, M|\n|poke|p1|Gyarados, L50, M|\n|poke|p1|Ting-Lu, L50|\n|poke|p1|Talonflame, L50, F|\n|poke|p1|Bronzong, L50|\n|poke|p1|Dondozo, L50, F|\n|poke|p2|Espathra, L50, F|\n|poke|p2|Iron Bundle, L50|\n|poke|p2|Iron Valiant, L50|\n|poke|p2|Salamence, L50, F|\n|poke|p2|Scizor, L50, M|\n|poke|p2|Sandy Shocks, L50|\n|teampreview|4\nWillieDangerously has agreed to open team sheets.\n|\n|t:|1682038749\n|start\n|switch|p1a: Clodsire|Clodsire, L50, M|100\/100\n|switch|p1b: Bronzong|Bronzong, L50|100\/100\n|switch|p2a: Scizor|Scizor, L50, M|100\/100\n|switch|p2b: Salamence|Salamence, L50, F|100\/100\n|turn|1\n|inactive|Battle timer is ON: inactive players will automatically lose when time's up. (requested by mmatt59)\n|\n|t:|1682038775\n|move|p2b: Salamence|Crunch|p1b: Bronzong\n|-supereffective|p1b: Bronzong\n|-damage|p1b: Bronzong|56\/100\n|move|p2a: Scizor|Swords Dance|p2a: Scizor\n|-boost|p2a: Scizor|atk|2\n|move|p1a: Clodsire|Curse|p1a: Clodsire\n|-unboost|p1a: Clodsire|spe|1\n|-boost|p1a: Clodsire|atk|1\n|-boost|p1a: Clodsire|def|1\n|move|p1b: Bronzong|Trick Room|p1b: Bronzong\n|-fieldstart|move: Trick Room|[of] p1b: Bronzong\n|\n|upkeep\n|turn|2\n|inactive|WillieDangerously has 30 seconds left.\n|inactive|WillieDangerously has 20 seconds left.\n|\n|t:|1682038811\n|move|p2a: Scizor|Bullet Punch|p1b: Bronzong\n|-resisted|p1b: Bronzong\n|-damage|p1b: Bronzong|32\/100\n|move|p1a: Clodsire|Curse|p1a: Clodsire\n|-unboost|p1a: Clodsire|spe|1\n|-boost|p1a: Clodsire|atk|1\n|-boost|p1a: Clodsire|def|1\n|move|p1b: Bronzong|Gyro Ball|p2a: Scizor\n|-resisted|p2a: Scizor\n|-damage|p2a: Scizor|88\/100\n|move|p2b: Salamence|Crunch|p1b: Bronzong\n|-supereffective|p1b: Bronzong\n|-damage|p1b: Bronzong|0 fnt\n|faint|p1b: Bronzong\n|-ability|p2b: Salamence|Moxie|boost\n|-boost|p2b: Salamence|atk|1\n|\n|upkeep\n|\n|t:|1682038828\n|switch|p1b: Talonflame|Talonflame, L50, F|100\/100\n|turn|3\n|\n|t:|1682038839\n|move|p1b: Talonflame|Protect|p1b: Talonflame\n|-singleturn|p1b: Talonflame|Protect\n|move|p2a: Scizor|Feint|p1b: Talonflame\n|-activate|p1b: Talonflame|move: Feint\n|-damage|p1b: Talonflame|52\/100\n|move|p1a: Clodsire|Curse|p1a: Clodsire\n|-unboost|p1a: Clodsire|spe|1\n|-boost|p1a: Clodsire|atk|1\n|-boost|p1a: Clodsire|def|1\n|move|p2b: Salamence|Crunch|p1b: Talonflame\n|-damage|p1b: Talonflame|0 fnt\n|faint|p1b: Talonflame\n|-ability|p2b: Salamence|Moxie|boost\n|-boost|p2b: Salamence|atk|1\n|\n|upkeep\n|\n|t:|1682038852\n|switch|p1b: Ting-Lu|Ting-Lu, L50|100\/100\n|-ability|p1b: Ting-Lu|Vessel of Ruin\n|turn|4\n|\n|t:|1682038875\n|move|p1a: Clodsire|Poison Jab|p2b: Salamence\n|-damage|p2b: Salamence|39\/100\n|move|p1b: Ting-Lu|Stomping Tantrum|p2a: Scizor\n|-damage|p2a: Scizor|59\/100\n|move|p2a: Scizor|Swords Dance|p2a: Scizor\n|-boost|p2a: Scizor|atk|2\n|move|p2b: Salamence|Crunch|p1a: Clodsire\n|-damage|p1a: Clodsire|81\/100\n|\n|-heal|p1a: Clodsire|87\/100|[from] item: Leftovers\n|upkeep\n|turn|5\n|inactive|mmatt59 has 30 seconds left.\n|inactive|WillieDangerously has 30 seconds left.\n|\n|t:|1682038907\n|move|p1a: Clodsire|Earthquake|p2a: Scizor|[spread] p1b,p2a\n|-immune|p2b: Salamence\n|-damage|p1b: Ting-Lu|75\/100\n|-damage|p2a: Scizor|3\/100\n|move|p1b: Ting-Lu|Ruination|p2b: Salamence\n|-damage|p2b: Salamence|20\/100\n|move|p2a: Scizor|Pounce|p1b: Ting-Lu\n|-supereffective|p1b: Ting-Lu\n|-crit|p1b: Ting-Lu\n|-damage|p1b: Ting-Lu|0 fnt\n|faint|p1b: Ting-Lu\n|move|p2b: Salamence|Crunch|p1a: Clodsire\n|-damage|p1a: Clodsire|66\/100\n|\n|-heal|p1a: Clodsire|72\/100|[from] item: Leftovers\n|-fieldend|move: Trick Room\n|upkeep\n|turn|6\n|\n|t:|1682038931\n|move|p2b: Salamence|Crunch|p1a: Clodsire\n|-damage|p1a: Clodsire|50\/100\n|move|p2a: Scizor|Pounce|p1a: Clodsire\n|-resisted|p1a: Clodsire\n|-damage|p1a: Clodsire|30\/100\n|-unboost|p1a: Clodsire|spe|1\n|move|p1a: Clodsire|Earthquake|p2a: Scizor|[spread] p2a\n|-immune|p2b: Salamence\n|-damage|p2a: Scizor|0 fnt\n|faint|p2a: Scizor\n|\n|-heal|p1a: Clodsire|36\/100|[from] item: Leftovers\n|upkeep\n|\n|t:|1682038942\n|switch|p2a: Espathra|Espathra, L50, F|100\/100\n|turn|7\n|\n|t:|1682038949\n|move|p1a: Clodsire|Protect|p1a: Clodsire\n|-singleturn|p1a: Clodsire|Protect\n|move|p2b: Salamence|Crunch|p1a: Clodsire\n|-activate|p1a: Clodsire|move: Protect\n|move|p2a: Espathra|Lumina Crash|p1a: Clodsire\n|-activate|p1a: Clodsire|move: Protect\n|\n|-heal|p1a: Clodsire|41\/100|[from] item: Leftovers\n|-ability|p2a: Espathra|Speed Boost|boost\n|-boost|p2a: Espathra|spe|1\n|upkeep\n|turn|8\n|-message|mmatt59 forfeited.\n|\n|win|WillieDangerously\n|raw|mmatt59's rating: 1302 → 1277<\/strong> (-25 for losing)\n|raw|WillieDangerously's rating: 1222 → 1253<\/strong> (+31 for winning)\n|l|\u2606mmatt59\n","uploadtime":1682038965,"views":5,"p1id":"mmatt59","p2id":"williedangerously","formatid":"gen9vgc2023regulationc","rating":1253,"private":0,"password":""}