{"id":"gen9vgc2023regulationc-1851188119","p1":"Titannexus","p2":"Peachum","format":"[Gen 9] VGC 2023 Regulation C","log":"|j|\u2606Titannexus\n|j|\u2606Peachum\n|t:|1682422773\n|gametype|doubles\n|player|p1|Titannexus|acetrainer-gen4|1338\n|player|p2|Peachum|clerkf|1281\n|teamsize|p1|6\n|teamsize|p2|6\n|gen|9\n|tier|[Gen 9] VGC 2023 Regulation C\n|rated|\n|rule|Species Clause: Limit one of each Pok\u00e9mon\n|rule|Item Clause: Limit one of each item\n|clearpoke\n|poke|p1|Dondozo, L50, F|\n|poke|p1|Tatsugiri, L50, F|\n|poke|p1|Flutter Mane, L50|\n|poke|p1|Arcanine, L50, M|\n|poke|p1|Corviknight, L50, M|\n|poke|p1|Glimmora, L50, M|\n|poke|p2|Ting-Lu, L50|\n|poke|p2|Amoonguss, L50, M|\n|poke|p2|Garganacl, L50, F|\n|poke|p2|Arcanine, L50, F|\n|poke|p2|Roaring Moon, L50|\n|poke|p2|Iron Bundle, L50|\n|teampreview|4\n|inactive|Battle timer is ON: inactive players will automatically lose when time's up. (requested by Peachum)\n|inactive|Titannexus has 60 seconds left.\n|inactive|Peachum has 60 seconds left.\n|\n|t:|1682422815\n|start\n|switch|p1a: Glimmora|Glimmora, L50, M|100\/100\n|switch|p1b: Flutter Mane|Flutter Mane, L50|100\/100\n|switch|p2a: Roaring Moon|Roaring Moon, L50|100\/100\n|switch|p2b: Ting-Lu|Ting-Lu, L50|100\/100\n|-ability|p2b: Ting-Lu|Vessel of Ruin\n|-enditem|p1b: Flutter Mane|Booster Energy\n|-activate|p1b: Flutter Mane|ability: Protosynthesis|[fromitem]\n|-start|p1b: Flutter Mane|protosynthesisspa\n|-enditem|p2a: Roaring Moon|Booster Energy\n|-activate|p2a: Roaring Moon|ability: Protosynthesis|[fromitem]\n|-start|p2a: Roaring Moon|protosynthesisatk\n|turn|1\n|\n|t:|1682422833\n|move|p1b: Flutter Mane|Protect|p1b: Flutter Mane\n|-singleturn|p1b: Flutter Mane|Protect\n|move|p2a: Roaring Moon|Protect|p2a: Roaring Moon\n|-singleturn|p2a: Roaring Moon|Protect\n|move|p1a: Glimmora|Mortal Spin|p2a: Roaring Moon|[spread] p2b\n|-activate|p2a: Roaring Moon|move: Protect\n|-resisted|p2b: Ting-Lu\n|-crit|p2b: Ting-Lu\n|-damage|p2b: Ting-Lu|98\/100\n|-status|p2b: Ting-Lu|psn\n|move|p2b: Ting-Lu|Heavy Slam|p1b: Flutter Mane\n|-activate|p1b: Flutter Mane|move: Protect\n|\n|-damage|p2b: Ting-Lu|86\/100 psn|[from] psn\n|upkeep\n|turn|2\n|\n|t:|1682422848\n|-terastallize|p2a: Roaring Moon|Flying\n|move|p1b: Flutter Mane|Dazzling Gleam|p2a: Roaring Moon|[spread] p2a,p2b\n|-supereffective|p2b: Ting-Lu\n|-damage|p2a: Roaring Moon|77\/100\n|-damage|p2b: Ting-Lu|60\/100 psn\n|move|p2a: Roaring Moon|Acrobatics|p1b: Flutter Mane\n|-damage|p1b: Flutter Mane|0 fnt\n|faint|p1b: Flutter Mane\n|-end|p1b: Flutter Mane|Protosynthesis|[silent]\n|move|p1a: Glimmora|Mortal Spin|p2a: Roaring Moon|[spread] p2a,p2b\n|-resisted|p2b: Ting-Lu\n|-damage|p2a: Roaring Moon|72\/100\n|-damage|p2b: Ting-Lu|59\/100 psn\n|-status|p2a: Roaring Moon|psn\n|move|p2b: Ting-Lu|Sand Tomb|p1a: Glimmora|[miss]\n|-miss|p2b: Ting-Lu|p1a: Glimmora\n|\n|-damage|p2a: Roaring Moon|60\/100 psn|[from] psn\n|-damage|p2b: Ting-Lu|46\/100 psn|[from] psn\n|upkeep\n|\n|t:|1682422866\n|switch|p1b: Dondozo|Dondozo, L50, F|100\/100\n|turn|3\n|\n|t:|1682422888\n|switch|p1a: Tatsugiri|Tatsugiri, L50, F|100\/100\n|-activate|p1a: Tatsugiri|ability: Commander|[of] p1b: Dondozo\n|-boost|p1b: Dondozo|atk|2\n|-boost|p1b: Dondozo|spa|2\n|-boost|p1b: Dondozo|spe|2\n|-boost|p1b: Dondozo|def|2\n|-boost|p1b: Dondozo|spd|2\n|move|p1b: Dondozo|Wave Crash|p2b: Ting-Lu\n|-supereffective|p2b: Ting-Lu\n|-damage|p2b: Ting-Lu|0 fnt\n|faint|p2b: Ting-Lu\n|-damage|p1b: Dondozo|84\/100|[from] Recoil\n|move|p2a: Roaring Moon|Jaw Lock|p1a: Tatsugiri|[miss]\n|-miss|p2a: Roaring Moon|p1a: Tatsugiri\n|\n|-damage|p2a: Roaring Moon|48\/100 psn|[from] psn\n|upkeep\n|\n|t:|1682422897\n|switch|p2b: Iron Bundle|Iron Bundle, L50|100\/100\n|turn|4\n|\n|t:|1682422904\n|-terastallize|p1b: Dondozo|Grass\n|move|p2b: Iron Bundle|Freeze-Dry|p1b: Dondozo\n|-supereffective|p1b: Dondozo\n|-damage|p1b: Dondozo|48\/100\n|move|p1b: Dondozo|Tera Blast|p2b: Iron Bundle\n|-supereffective|p2b: Iron Bundle\n|-enditem|p2b: Iron Bundle|Focus Sash\n|-damage|p2b: Iron Bundle|1\/100\n|move|p2a: Roaring Moon|Acrobatics|p1b: Dondozo\n|-supereffective|p1b: Dondozo\n|-damage|p1b: Dondozo|0 fnt\n|faint|p1b: Dondozo\n|\n|-damage|p2a: Roaring Moon|36\/100 psn|[from] psn\n|upkeep\n|\n|t:|1682422912\n|switch|p1b: Glimmora|Glimmora, L50, M|100\/100\n|turn|5\n|inactive|Peachum has 30 seconds left.\n|inactive|Peachum has 20 seconds left.\n|inactive|Peachum has 15 seconds left.\n|inactive|Peachum has 10 seconds left.\n|inactive|Peachum has 5 seconds left.\n|\n|t:|1682422963\n|move|p2b: Iron Bundle|Protect|p2b: Iron Bundle\n|-singleturn|p2b: Iron Bundle|Protect\n|move|p1a: Tatsugiri|Icy Wind|p2b: Iron Bundle|[spread] p2a\n|-activate|p2b: Iron Bundle|move: Protect\n|-supereffective|p2a: Roaring Moon\n|-damage|p2a: Roaring Moon|11\/100 psn\n|-unboost|p2a: Roaring Moon|spe|1\n|move|p1b: Glimmora|Power Gem|p2a: Roaring Moon\n|-supereffective|p2a: Roaring Moon\n|-damage|p2a: Roaring Moon|0 fnt\n|faint|p2a: Roaring Moon\n|-end|p2a: Roaring Moon|Protosynthesis|[silent]\n|\n|upkeep\n|\n|t:|1682422972\n|switch|p2a: Amoonguss|Amoonguss, L50, M|100\/100\n|turn|6\n|\n|t:|1682422984\n|move|p1a: Tatsugiri|Icy Wind|p2a: Amoonguss|[spread] p2a,p2b\n|-supereffective|p2a: Amoonguss\n|-resisted|p2b: Iron Bundle\n|-damage|p2a: Amoonguss|78\/100\n|-damage|p2b: Iron Bundle|0 fnt\n|-unboost|p2a: Amoonguss|spe|1\n|faint|p2b: Iron Bundle\n|-end|p2b: Iron Bundle|Quark Drive|[silent]\n|move|p1b: Glimmora|Power Gem|p2a: Amoonguss\n|-damage|p2a: Amoonguss|39\/100\n|-enditem|p2a: Amoonguss|Sitrus Berry|[eat]\n|-heal|p2a: Amoonguss|64\/100|[from] item: Sitrus Berry\n|move|p2a: Amoonguss|Spore|p1a: Tatsugiri\n|-status|p1a: Tatsugiri|slp|[from] move: Spore\n|\n|upkeep\n|turn|7\n|inactive|Peachum has 30 seconds left.\n|inactive|Peachum has 20 seconds left.\n|-message|Peachum forfeited.\n|\n|win|Titannexus\n|raw|Titannexus's rating: 1338 → 1355<\/strong> (+17 for winning)\n|raw|Peachum's rating: 1281 → 1260<\/strong> (-21 for losing)\n|l|\u2606Peachum\n","uploadtime":1682423038,"views":14,"p1id":"titannexus","p2id":"peachum","formatid":"gen9vgc2023regulationc","rating":1260,"private":0,"password":""}