{"id":"gen9vgc2023regulationc-1857100886","p1":"Lilbug0330","p2":"Krib_Underscore","format":"[Gen 9] VGC 2023 Regulation C","log":"|j|\u2606Lilbug0330\n|j|\u2606Krib_Underscore\n|t:|1683145857\n|gametype|doubles\n|player|p1|Lilbug0330|101|1336\n|player|p2|Krib_Underscore|dancer|1262\n|teamsize|p1|6\n|teamsize|p2|6\n|gen|9\n|tier|[Gen 9] VGC 2023 Regulation C\n|rated|\n|rule|Species Clause: Limit one of each Pok\u00e9mon\n|rule|Item Clause: Limit one of each item\n|clearpoke\n|poke|p1|Annihilape, L50, M|\n|poke|p1|Lycanroc, L50, F|\n|poke|p1|Flutter Mane, L50|\n|poke|p1|Tyranitar, L50, M|\n|poke|p1|Amoonguss, L50, F|\n|poke|p1|Garchomp, L50, M|\n|poke|p2|Armarouge, L50, M|\n|poke|p2|Indeedee-F, L50, F|\n|poke|p2|Great Tusk, L50|\n|poke|p2|Corviknight, L50, M|\n|poke|p2|Iron Bundle, L50|\n|poke|p2|Roaring Moon, L50|\n|teampreview|4\n|inactive|Battle timer is ON: inactive players will automatically lose when time's up. (requested by Lilbug0330)\nKrib_Underscore has agreed to open team sheets.\n|inactive|Krib_Underscore has 60 seconds left.\n|\n|t:|1683145897\n|start\n|switch|p1a: Lycanroc|Lycanroc, L50, F|100\/100\n|switch|p1b: Flutter Mane|Flutter Mane, L50|100\/100\n|switch|p2a: Megaman|Armarouge, L50, M|100\/100\n|switch|p2b: Bingidingle :3|Indeedee-F, L50, F|100\/100\n|-fieldstart|move: Psychic Terrain|[from] ability: Psychic Surge|[of] p2b: Bingidingle :3\n|-enditem|p2b: Bingidingle :3|Psychic Seed\n|-boost|p2b: Bingidingle :3|spd|1|[from] item: Psychic Seed\n|turn|1\n|\n|t:|1683145913\n|-terastallize|p1a: Lycanroc|Rock\n|move|p2a: Megaman|Protect|p2a: Megaman\n|-singleturn|p2a: Megaman|Protect\n|move|p1b: Flutter Mane|Moonblast|p2b: Bingidingle :3\n|-damage|p2b: Bingidingle :3|66\/100\n|move|p1a: Lycanroc|Rock Slide|p2a: Megaman|[spread] p2b\n|-activate|p2a: Megaman|move: Protect\n|-damage|p2b: Bingidingle :3|16\/100\n|-damage|p1a: Lycanroc|90\/100|[from] item: Life Orb\n|move|p2b: Bingidingle :3|Trick Room|p2b: Bingidingle :3\n|-fieldstart|move: Trick Room|[of] p2b: Bingidingle :3\n|\n|upkeep\n|turn|2\n|\n|t:|1683145934\n|-end|p1b: Flutter Mane|Protosynthesis|[silent]\n|switch|p1b: Tyranitar|Tyranitar, L50, M|100\/100\n|-weather|Sandstorm|[from] ability: Sand Stream|[of] p1b: Tyranitar\n|-terastallize|p2a: Megaman|Grass\n|move|p2b: Bingidingle :3|Helping Hand|p2a: Megaman\n|-singleturn|p2a: Megaman|Helping Hand|[of] p2b: Bingidingle :3\n|move|p2a: Megaman|Expanding Force|p1a: Lycanroc|[spread] p1a\n|-immune|p1b: Tyranitar\n|-damage|p1a: Lycanroc|0 fnt\n|faint|p1a: Lycanroc\n|-damage|p2a: Megaman|91\/100|[from] item: Life Orb\n|\n|-weather|Sandstorm|[upkeep]\n|-damage|p2a: Megaman|85\/100|[from] Sandstorm\n|-damage|p2b: Bingidingle :3|10\/100|[from] Sandstorm\n|upkeep\n|\n|t:|1683145948\n|switch|p1a: Garchomp|Garchomp, L50, M|100\/100\n|turn|3\n|\n|t:|1683145956\n|move|p1a: Garchomp|Protect|p1a: Garchomp\n|-singleturn|p1a: Garchomp|Protect\n|move|p2b: Bingidingle :3|Follow Me|p2b: Bingidingle :3\n|-singleturn|p2b: Bingidingle :3|move: Follow Me\n|move|p1b: Tyranitar|Rock Slide|p2b: Bingidingle :3|[spread] p2a,p2b\n|-damage|p2a: Megaman|56\/100\n|-damage|p2b: Bingidingle :3|0 fnt\n|faint|p2b: Bingidingle :3\n|move|p2a: Megaman|Energy Ball|p1b: Tyranitar\n|-supereffective|p1b: Tyranitar\n|-damage|p1b: Tyranitar|17\/100\n|-damage|p2a: Megaman|46\/100|[from] item: Life Orb\n|\n|-weather|Sandstorm|[upkeep]\n|-damage|p2a: Megaman|40\/100|[from] Sandstorm\n|upkeep\n|\n|t:|1683145977\n|switch|p2b: Taxi Service|Corviknight, L50, M, shiny|100\/100\n|turn|4\n|c|\u2606Lilbug0330|!dt armarougue\nNo Pok\u00e9mon, item, move, ability or nature named 'armarougue' was found. Showing the data of 'Armarouge' instead.\n|raw| DOU<\/span> <\/span> Armarouge<\/a><\/span> <\/span> Flash Fire<\/span>Weak Armor<\/em><\/span><\/span>HP<\/em> 85<\/span> Atk<\/em> 60<\/span> Def<\/em> 100<\/span> SpA<\/em> 125<\/span> SpD<\/em> 80<\/span> Spe<\/em> 75<\/span> BST 525<\/em><\/span> <\/span><\/li> <\/li><\/ul><\/div>\n|raw|Dex#:<\/font> 936 |  Gen:<\/font> 9 |  Height:<\/font> 1.5 m |  Weight:<\/font> 85 kg (80 BP)<\/em> |  Dex Colour:<\/font> Red |  Egg Group(s):<\/font> Human-Like |  Does Not Evolve<\/font><\/font>\n\n|inactive|Lilbug0330 has 30 seconds left.\n|inactive|Lilbug0330 has 20 seconds left.\n|\n|t:|1683146014\n|move|p1b: Tyranitar|Protect|p1b: Tyranitar\n|-singleturn|p1b: Tyranitar|Protect\n|move|p2a: Megaman|Protect|p2a: Megaman\n|-singleturn|p2a: Megaman|Protect\n|move|p2b: Taxi Service|Iron Head|p1b: Tyranitar\n|-activate|p1b: Tyranitar|move: Protect\n|move|p1a: Garchomp|Flamethrower|p2b: Taxi Service\n|-supereffective|p2b: Taxi Service\n|-damage|p2b: Taxi Service|54\/100\n|-status|p2b: Taxi Service|brn\n|\n|-weather|Sandstorm|[upkeep]\n|-damage|p2a: Megaman|35\/100|[from] Sandstorm\n|-damage|p2b: Taxi Service|48\/100 brn|[from] brn\n|upkeep\n|turn|5\n|inactive|Krib_Underscore has 30 seconds left.\n|inactive|Krib_Underscore has 20 seconds left.\n|\n|t:|1683146052\n|switch|p2a: HoHoHomicide|Iron Bundle, L50|100\/100\n|move|p1a: Garchomp|Protect|p1a: Garchomp\n|-singleturn|p1a: Garchomp|Protect\n|move|p1b: Tyranitar|Rock Slide|p2a: HoHoHomicide|[spread] p2a,p2b\n|-supereffective|p2a: HoHoHomicide\n|-damage|p2a: HoHoHomicide|12\/100\n|-damage|p2b: Taxi Service|29\/100 brn\n|move|p2b: Taxi Service|Tailwind|p2b: Taxi Service\n|-sidestart|p2: Krib_Underscore|move: Tailwind\n|\n|-weather|Sandstorm|[upkeep]\n|-damage|p2a: HoHoHomicide|6\/100|[from] Sandstorm\n|-damage|p2b: Taxi Service|23\/100 brn|[from] brn\n|-fieldend|move: Trick Room\n|-fieldend|move: Psychic Terrain\n|upkeep\n|turn|6\n|inactive|Lilbug0330 has 30 seconds left.\n|inactive|Krib_Underscore has 30 seconds left.\n|inactive|Krib_Underscore has 20 seconds left.\n|\n|t:|1683146089\n|move|p1a: Garchomp|Protect|p1a: Garchomp\n|-singleturn|p1a: Garchomp|Protect\n|move|p1b: Tyranitar|Protect|p1b: Tyranitar\n|-singleturn|p1b: Tyranitar|Protect\n|move|p2a: HoHoHomicide|Freeze-Dry|p1a: Garchomp\n|-activate|p1a: Garchomp|move: Protect\n|move|p2b: Taxi Service|Roost|p2b: Taxi Service\n|-heal|p2b: Taxi Service|73\/100 brn\n|-singleturn|p2b: Taxi Service|move: Roost\n|\n|-weather|none\n|-damage|p2b: Taxi Service|67\/100 brn|[from] brn\n|upkeep\n|turn|7\n|inactive|Lilbug0330 has 30 seconds left.\n|\n|t:|1683146124\n|move|p2a: HoHoHomicide|Freeze-Dry|p1a: Garchomp\n|-supereffective|p1a: Garchomp\n|-damage|p1a: Garchomp|0 fnt\n|faint|p1a: Garchomp\n|move|p2b: Taxi Service|Iron Head|p1b: Tyranitar\n|-supereffective|p1b: Tyranitar\n|-damage|p1b: Tyranitar|0 fnt\n|faint|p1b: Tyranitar\n|\n|-damage|p2b: Taxi Service|61\/100 brn|[from] brn\n|upkeep\n|\n|t:|1683146131\n|switch|p1a: Flutter Mane|Flutter Mane, L50|100\/100\n|turn|8\n|\n|t:|1683146138\n|move|p1a: Flutter Mane|Protect|p1a: Flutter Mane\n|-singleturn|p1a: Flutter Mane|Protect\n|move|p2a: HoHoHomicide|Hydro Pump|p1a: Flutter Mane\n|-activate|p1a: Flutter Mane|move: Protect\n|move|p2b: Taxi Service|Brave Bird|p1a: Flutter Mane\n|-activate|p1a: Flutter Mane|move: Protect\n|\n|-damage|p2b: Taxi Service|55\/100 brn|[from] brn\n|-sideend|p2: Krib_Underscore|move: Tailwind\n|upkeep\n|turn|9\n|\n|t:|1683146145\n|move|p2a: HoHoHomicide|Protect|p2a: HoHoHomicide\n|-singleturn|p2a: HoHoHomicide|Protect\n|move|p1a: Flutter Mane|Thunderbolt|p2b: Taxi Service\n|-supereffective|p2b: Taxi Service\n|-damage|p2b: Taxi Service|0 fnt\n|faint|p2b: Taxi Service\n|\n|upkeep\n|\n|t:|1683146152\n|switch|p2b: Megaman|Armarouge, L50, M, tera:Grass|35\/100\n|turn|10\n|\n|t:|1683146156\n|move|p2a: HoHoHomicide|Hydro Pump|p1a: Flutter Mane|[miss]\n|-miss|p2a: HoHoHomicide|p1a: Flutter Mane\n|move|p1a: Flutter Mane|Moonblast|p2a: HoHoHomicide\n|-damage|p2a: HoHoHomicide|0 fnt\n|faint|p2a: HoHoHomicide\n|-end|p2a: HoHoHomicide|Quark Drive|[silent]\n|move|p2b: Megaman|Armor Cannon|p1a: Flutter Mane\n|-damage|p1a: Flutter Mane|7\/100\n|-unboost|p2b: Megaman|def|1\n|-unboost|p2b: Megaman|spd|1\n|-damage|p2b: Megaman|25\/100|[from] item: Life Orb\n|\n|upkeep\n|turn|11\n|\n|t:|1683146171\n|move|p1a: Flutter Mane|Moonblast|p2b: Megaman\n|-damage|p2b: Megaman|0 fnt\n|faint|p2b: Megaman\n|\n|win|Lilbug0330\n|raw|Lilbug0330's rating: 1336 → 1352<\/strong> (+16 for winning)\n|raw|Krib_Underscore's rating: 1262 → 1242<\/strong> (-20 for losing)\n|l|\u2606Lilbug0330\n|c|\u2606Krib_Underscore|gg\n","uploadtime":1683146182,"views":10,"p1id":"lilbug0330","p2id":"kribunderscore","formatid":"gen9vgc2023regulationc","rating":1242,"private":0,"password":""}