{"id":"gen9vgc2023regulationc-1851798942","p1":"Duecal1on","p2":"mugiwaraLux","format":"[Gen 9] VGC 2023 Regulation C","log":"|j|\u2606Duecal1on\n|j|\u2606mugiwaraLux\n|t:|1682485668\n|gametype|doubles\n|player|p1|Duecal1on|pokefan|1300\n|player|p2|mugiwaraLux|1|1306\n|teamsize|p1|6\n|teamsize|p2|6\n|gen|9\n|tier|[Gen 9] VGC 2023 Regulation C\n|rated|\n|rule|Species Clause: Limit one of each Pok\u00e9mon\n|rule|Item Clause: Limit one of each item\n|clearpoke\n|poke|p1|Skeledirge, L50, M|\n|poke|p1|Wo-Chien, L50|\n|poke|p1|Glimmora, L50, M|\n|poke|p1|Palafin, L50, M|\n|poke|p1|Arcanine, L50, M|\n|poke|p1|Iron Bundle, L50|\n|poke|p2|Palafin, L50, M|\n|poke|p2|Amoonguss, L50, M|\n|poke|p2|Flutter Mane, L50|\n|poke|p2|Arcanine, L50, F|\n|poke|p2|Roaring Moon, L50|\n|poke|p2|Chien-Pao, L50|\n|teampreview|4\n|inactive|Battle timer is ON: inactive players will automatically lose when time's up. (requested by mugiwaraLux)\nmugiwaraLux has agreed to open team sheets.\n|inactive|Duecal1on has 60 seconds left.\n|\n|t:|1682485701\n|start\n|switch|p1a: Iron Bundle|Iron Bundle, L50|100\/100\n|switch|p1b: Palafin|Palafin, L50, M|100\/100\n|switch|p2a: Chien-Pao|Chien-Pao, L50|100\/100\n|switch|p2b: ChiYu|Arcanine, L50, F|100\/100\n|-ability|p2a: Chien-Pao|Sword of Ruin\n|-ability|p2b: ChiYu|Intimidate|boost\n|-unboost|p1a: Iron Bundle|atk|1\n|-unboost|p1b: Palafin|atk|1\n|-enditem|p1a: Iron Bundle|Booster Energy\n|-activate|p1a: Iron Bundle|ability: Quark Drive|[fromitem]\n|-start|p1a: Iron Bundle|quarkdrivespe\n|turn|1\n|\n|t:|1682485722\n|detailschange|p1b: Palafin|Palafin-Hero, L50, M\n|switch|p1b: Arcanine|Arcanine, L50, M|100\/100\n|-ability|p1b: Arcanine|Intimidate|boost\n|-unboost|p2a: Chien-Pao|atk|1\n|-unboost|p2b: ChiYu|atk|1\n|move|p2b: ChiYu|Extreme Speed|p1a: Iron Bundle\n|-damage|p1a: Iron Bundle|78\/100\n|move|p1a: Iron Bundle|Hydro Pump|p2b: ChiYu|[miss]\n|-miss|p1a: Iron Bundle|p2b: ChiYu\n|move|p2a: Chien-Pao|Sacred Sword|p1a: Iron Bundle\n|-supereffective|p1a: Iron Bundle\n|-damage|p1a: Iron Bundle|10\/100\n|\n|upkeep\n|turn|2\n|\n|t:|1682485742\n|move|p1a: Iron Bundle|Protect|p1a: Iron Bundle\n|-singleturn|p1a: Iron Bundle|Protect\n|move|p2a: Chien-Pao|Protect|p2a: Chien-Pao\n|-singleturn|p2a: Chien-Pao|Protect\n|move|p2b: ChiYu|Extreme Speed|p1a: Iron Bundle\n|-activate|p1a: Iron Bundle|move: Protect\n|move|p1b: Arcanine|Flare Blitz|p2a: Chien-Pao\n|-activate|p2a: Chien-Pao|move: Protect\n|\n|upkeep\n|turn|3\n|\n|t:|1682485761\n|-end|p1a: Iron Bundle|Quark Drive|[silent]\n|switch|p1a: Skeledirge|Skeledirge, L50, M|100\/100\n|switch|p2a: Roaring Moon|Roaring Moon, L50|100\/100\n|-enditem|p2a: Roaring Moon|Booster Energy\n|-activate|p2a: Roaring Moon|ability: Protosynthesis|[fromitem]\n|-start|p2a: Roaring Moon|protosynthesisatk\n|move|p1b: Arcanine|Flare Blitz|p2a: Roaring Moon\n|-resisted|p2a: Roaring Moon\n|-damage|p2a: Roaring Moon|65\/100\n|-status|p2a: Roaring Moon|brn\n|-damage|p1b: Arcanine|88\/100|[from] Recoil\n|move|p2b: ChiYu|Will-O-Wisp|p1a: Skeledirge\n|-immune|p1a: Skeledirge\n|\n|-damage|p2a: Roaring Moon|59\/100 brn|[from] brn\n|upkeep\n|turn|4\n|inactive|Duecal1on has 30 seconds left.\n|\n|t:|1682485786\n|move|p2a: Roaring Moon|Throat Chop|p1a: Skeledirge\n|-supereffective|p1a: Skeledirge\n|-damage|p1a: Skeledirge|50\/100\n|-start|p1a: Skeledirge|Throat Chop|[silent]\n|-enditem|p1a: Skeledirge|Sitrus Berry|[eat]\n|-heal|p1a: Skeledirge|75\/100|[from] item: Sitrus Berry\n|move|p1b: Arcanine|Howl|p1b: Arcanine|[spread] p1a,p1b\n|-boost|p1a: Skeledirge|atk|1\n|-boost|p1b: Arcanine|atk|1\n|move|p2b: ChiYu|Flare Blitz|p1b: Arcanine\n|-resisted|p1b: Arcanine\n|-damage|p1b: Arcanine|66\/100\n|-damage|p2b: ChiYu|94\/100|[from] Recoil\n|cant|p1a: Skeledirge|move: Throat Chop\n|\n|-damage|p2a: Roaring Moon|53\/100 brn|[from] brn\n|upkeep\n|turn|5\n|\n|t:|1682485811\n|move|p1a: Skeledirge|Protect|p1a: Skeledirge\n|-singleturn|p1a: Skeledirge|Protect\n|move|p1b: Arcanine|Extreme Speed|p2a: Roaring Moon\n|-damage|p2a: Roaring Moon|4\/100 brn\n|move|p2b: ChiYu|Extreme Speed|p1b: Arcanine\n|-damage|p1b: Arcanine|49\/100\n|move|p2a: Roaring Moon|Throat Chop|p1a: Skeledirge\n|-activate|p1a: Skeledirge|move: Protect\n|\n|-damage|p2a: Roaring Moon|0 fnt|[from] brn\n|faint|p2a: Roaring Moon\n|-end|p2a: Roaring Moon|Protosynthesis|[silent]\n|-end|p1a: Skeledirge|Throat Chop|[silent]\n|upkeep\n|\n|t:|1682485829\n|switch|p2a: Mimi|Flutter Mane, L50|100\/100\n|turn|6\n|\n|t:|1682485853\n|switch|p2b: Chien-Pao|Chien-Pao, L50|100\/100\n|-ability|p2b: Chien-Pao|Sword of Ruin\n|move|p1b: Arcanine|Protect|p1b: Arcanine\n|-singleturn|p1b: Arcanine|Protect\n|move|p2a: Mimi|Shadow Ball|p1b: Arcanine\n|-activate|p1b: Arcanine|move: Protect\n|move|p1a: Skeledirge|Shadow Ball|p2a: Mimi\n|-supereffective|p2a: Mimi\n|-damage|p2a: Mimi|22\/100\n|-unboost|p2a: Mimi|spd|1\n|\n|upkeep\n|turn|7\n|inactive|Duecal1on has 30 seconds left.\n|\n|t:|1682485879\n|-terastallize|p2b: Chien-Pao|Ghost\n|move|p1a: Skeledirge|Protect|p1a: Skeledirge\n|-singleturn|p1a: Skeledirge|Protect\n|move|p1b: Arcanine|Extreme Speed|p2b: Chien-Pao\n|-immune|p2b: Chien-Pao\n|move|p2b: Chien-Pao|Sucker Punch||[still]\n|-fail|p2b: Chien-Pao\n|move|p2a: Mimi|Shadow Ball|p1b: Arcanine\n|-damage|p1b: Arcanine|0 fnt\n|faint|p1b: Arcanine\n|\n|upkeep\n|\n|t:|1682485883\n|switch|p1b: Palafin|Palafin-Hero, L50, M|100\/100\n|-activate|p1b: Palafin|ability: Zero to Hero\n|turn|8\n|\n|t:|1682485897\n|-end|p2a: Mimi|Protosynthesis|[silent]\n|switch|p2a: ChiYu|Arcanine, L50, F|94\/100\n|-ability|p2a: ChiYu|Intimidate|boost\n|-unboost|p1a: Skeledirge|atk|1\n|-unboost|p1b: Palafin|atk|1\n|move|p2b: Chien-Pao|Protect|p2b: Chien-Pao\n|-singleturn|p2b: Chien-Pao|Protect\n|move|p1b: Palafin|Jet Punch|p2a: ChiYu\n|-supereffective|p2a: ChiYu\n|-damage|p2a: ChiYu|9\/100\n|move|p1a: Skeledirge|Shadow Ball|p2a: ChiYu\n|-damage|p2a: ChiYu|0 fnt\n|faint|p2a: ChiYu\n|\n|upkeep\n|\n|t:|1682485905\n|switch|p2a: Mimi|Flutter Mane, L50|22\/100\n|turn|9\n|\n|t:|1682485920\n|-terastallize|p1b: Palafin|Water\n|move|p2b: Chien-Pao|Sucker Punch|p1b: Palafin\n|-damage|p1b: Palafin|57\/100\n|move|p1b: Palafin|Jet Punch|p2a: Mimi\n|-damage|p2a: Mimi|0 fnt\n|faint|p2a: Mimi\n|-end|p2a: Mimi|Protosynthesis|[silent]\n|move|p1a: Skeledirge|Torch Song|p2b: Chien-Pao\n|-damage|p2b: Chien-Pao|40\/100\n|-boost|p1a: Skeledirge|spa|1\n|\n|upkeep\n|turn|10\n|\n|t:|1682485943\n|move|p2b: Chien-Pao|Sucker Punch|p1a: Skeledirge\n|-supereffective|p1a: Skeledirge\n|-damage|p1a: Skeledirge|0 fnt\n|faint|p1a: Skeledirge\n|move|p1b: Palafin|Jet Punch|p2b: Chien-Pao\n|-damage|p2b: Chien-Pao|0 fnt\n|faint|p2b: Chien-Pao\n|\n|win|Duecal1on\n|raw|Duecal1on's rating: 1300 → 1325<\/strong> (+25 for winning)\n|raw|mugiwaraLux's rating: 1306 → 1286<\/strong> (-20 for losing)\n","uploadtime":1682485950,"views":9,"p1id":"duecal1on","p2id":"mugiwaralux","formatid":"gen9vgc2023regulationc","rating":1286,"private":0,"password":""}