{"id":"gen9vgc2023regulationc-1858188489","p1":"BlueEyes455","p2":"Poopyfartkingtrue","format":"[Gen 9] VGC 2023 Regulation C","log":"|j|\u2606BlueEyes455\n|j|\u2606Poopyfartkingtrue\n|t:|1683288902\n|gametype|doubles\n|player|p1|BlueEyes455|schoolkidf|1099\n|player|p2|Poopyfartkingtrue|li|1026\n|teamsize|p1|6\n|teamsize|p2|6\n|gen|9\n|tier|[Gen 9] VGC 2023 Regulation C\n|rated|\n|rule|Species Clause: Limit one of each Pok\u00e9mon\n|rule|Item Clause: Limit one of each item\n|clearpoke\n|poke|p1|Lycanroc-Midnight, L50, M|\n|poke|p1|Medicham, L50, F|\n|poke|p1|Dondozo, L50, M|\n|poke|p1|Tatsugiri-Stretchy, L50, M|\n|poke|p1|Mimikyu, L50, F|\n|poke|p1|Ting-Lu, L50|\n|poke|p2|Riolu, L50, F|\n|poke|p2|Muk, L50, M|\n|poke|p2|Qwilfish, L50, F|\n|poke|p2|Klefki, L50, M|\n|poke|p2|Scream Tail, L50|\n|poke|p2|Toxapex, L50, F|\n|teampreview|4\n|inactive|Battle timer is ON: inactive players will automatically lose when time's up. (requested by BlueEyes455)\n|inactive|Poopyfartkingtrue has 60 seconds left.\n|\n|t:|1683288941\n|start\n|switch|p1a: Ting-Lu|Ting-Lu, L50|100\/100\n|switch|p1b: Mimikyu|Mimikyu, L50, F|100\/100\n|switch|p2a: Klefki|Klefki, L50, M|100\/100\n|switch|p2b: Muk|Muk, L50, M|100\/100\n|-ability|p1a: Ting-Lu|Vessel of Ruin\n|turn|1\n|inactive|BlueEyes455 has 30 seconds left.\n|inactive|Poopyfartkingtrue has 30 seconds left.\n|\n|t:|1683288972\n|move|p1b: Mimikyu|Protect|p1b: Mimikyu\n|-singleturn|p1b: Mimikyu|Protect\n|move|p2a: Klefki|Thunder Wave|p1b: Mimikyu\n|-activate|p1b: Mimikyu|move: Protect\n|move|p2b: Muk|Toxic|p1a: Ting-Lu\n|-status|p1a: Ting-Lu|tox\n|move|p1a: Ting-Lu|Fissure|p2b: Muk|[miss]\n|-miss|p1a: Ting-Lu|p2b: Muk\n|\n|-damage|p1a: Ting-Lu|95\/100 tox|[from] psn\n|upkeep\n|turn|2\n|inactive|BlueEyes455 has 30 seconds left.\n|\n|t:|1683289001\n|move|p1b: Mimikyu|Shadow Sneak|p2a: Klefki\n|-damage|p2a: Klefki|76\/100\n|-damage|p1b: Mimikyu|91\/100|[from] item: Life Orb\n|move|p2a: Klefki|Thunder Wave|p1b: Mimikyu\n|-status|p1b: Mimikyu|par\n|move|p2b: Muk|Stockpile|p2b: Muk\n|-start|p2b: Muk|stockpile1\n|-boost|p2b: Muk|def|1\n|-boost|p2b: Muk|spd|1\n|move|p1a: Ting-Lu|Stomping Tantrum|p2a: Klefki\n|-supereffective|p2a: Klefki\n|-damage|p2a: Klefki|0 fnt\n|faint|p2a: Klefki\n|\n|-damage|p1a: Ting-Lu|83\/100 tox|[from] psn\n|upkeep\n|\n|t:|1683289021\n|switch|p2a: Scream Tail|Scream Tail, L50|100\/100\n|-enditem|p2a: Scream Tail|Booster Energy\n|-activate|p2a: Scream Tail|ability: Protosynthesis|[fromitem]\n|-start|p2a: Scream Tail|protosynthesisdef\n|turn|3\n|\n|t:|1683289038\n|move|p1b: Mimikyu|Shadow Sneak|p2a: Scream Tail\n|-supereffective|p2a: Scream Tail\n|-damage|p2a: Scream Tail|76\/100\n|-damage|p1b: Mimikyu|82\/100 par|[from] item: Life Orb\n|move|p2a: Scream Tail|Wish|p2a: Scream Tail\n|move|p2b: Muk|Mud-Slap|p1b: Mimikyu\n|-activate|p1b: Mimikyu|ability: Disguise\n|-damage|p1b: Mimikyu|82\/100 par\n|-unboost|p1b: Mimikyu|accuracy|1\n|detailschange|p1b: Mimikyu|Mimikyu-Busted, L50, F\n|-damage|p1b: Mimikyu|70\/100 par|[from] pokemon: Mimikyu-Busted\n|move|p1a: Ting-Lu|Fissure|p2b: Muk\n|-damage|p2b: Muk|0 fnt\n|faint|p2b: Muk\n|-ohko\n|\n|-damage|p1a: Ting-Lu|65\/100 tox|[from] psn\n|upkeep\n|inactive|Poopyfartkingtrue has 30 seconds left.\n|c|\u2606Poopyfartkingtrue|30% accuracy my fucking ass\n|\n|t:|1683289068\n|switch|p2b: Qwilfish|Qwilfish, L50, F|100\/100\n|turn|4\n|\n|t:|1683289084\n|-terastallize|p2b: Qwilfish|Water\n|move|p1b: Mimikyu|Shadow Sneak|p2a: Scream Tail\n|-supereffective|p2a: Scream Tail\n|-damage|p2a: Scream Tail|54\/100\n|-damage|p1b: Mimikyu|60\/100 par|[from] item: Life Orb\n|move|p2b: Qwilfish|Minimize|p2b: Qwilfish\n|-boost|p2b: Qwilfish|evasion|2\n|move|p2a: Scream Tail|Howl|p2a: Scream Tail|[spread] p2a,p2b\n|-boost|p2a: Scream Tail|atk|1\n|-boost|p2b: Qwilfish|atk|1\n|move|p1a: Ting-Lu|Stomping Tantrum|p2b: Qwilfish\n|-damage|p2b: Qwilfish|42\/100\n|\n|-heal|p2a: Scream Tail|100\/100|[from] move: Wish|[wisher] Scream Tail\n|-damage|p1a: Ting-Lu|42\/100 tox|[from] psn\n|upkeep\n|turn|5\n|\n|t:|1683289104\n|move|p2b: Qwilfish|Protect|p2b: Qwilfish\n|-singleturn|p2b: Qwilfish|Protect\n|move|p1b: Mimikyu|Shadow Sneak|p2b: Qwilfish\n|-activate|p2b: Qwilfish|move: Protect\n|move|p2a: Scream Tail|Howl|p2a: Scream Tail|[spread] p2a,p2b\n|-boost|p2a: Scream Tail|atk|1\n|-boost|p2b: Qwilfish|atk|1\n|move|p1a: Ting-Lu|Stomping Tantrum|p2b: Qwilfish\n|-activate|p2b: Qwilfish|move: Protect\n|\n|-damage|p1a: Ting-Lu|12\/100 tox|[from] psn\n|upkeep\n|turn|6\n|\n|t:|1683289119\n|move|p1b: Mimikyu|Shadow Sneak|p2b: Qwilfish|[miss]\n|-miss|p1b: Mimikyu|p2b: Qwilfish\n|move|p2b: Qwilfish|Poison Jab|p1b: Mimikyu\n|-damage|p1b: Mimikyu|0 fnt\n|faint|p1b: Mimikyu\n|move|p2a: Scream Tail|Howl|p2a: Scream Tail|[spread] p2a,p2b\n|-boost|p2a: Scream Tail|atk|1\n|-boost|p2b: Qwilfish|atk|1\n|move|p1a: Ting-Lu|Stomping Tantrum|p2b: Qwilfish|[miss]\n|-miss|p1a: Ting-Lu|p2b: Qwilfish\n|\n|-damage|p1a: Ting-Lu|0 fnt|[from] psn\n|faint|p1a: Ting-Lu\n|upkeep\n|\n|t:|1683289133\n|switch|p1b: Tatsugiri|Tatsugiri-Stretchy, L50, M|100\/100\n|switch|p1a: Dondozo|Dondozo, L50, M|100\/100\n|-activate|p1b: Tatsugiri|ability: Commander|[of] p1a: Dondozo\n|-boost|p1a: Dondozo|atk|2\n|-boost|p1a: Dondozo|spa|2\n|-boost|p1a: Dondozo|spe|2\n|-boost|p1a: Dondozo|def|2\n|-boost|p1a: Dondozo|spd|2\n|turn|7\n|inactive|BlueEyes455 has 30 seconds left.\n|\n|t:|1683289167\n|move|p1a: Dondozo|Wave Crash|p2a: Scream Tail\n|-damage|p2a: Scream Tail|60\/100\n|-damage|p1a: Dondozo|88\/100|[from] Recoil\n|move|p2b: Qwilfish|Poison Jab|p1a: Dondozo\n|-crit|p1a: Dondozo\n|-damage|p1a: Dondozo|52\/100\n|-status|p1a: Dondozo|psn\n|move|p2a: Scream Tail|Wish|p2a: Scream Tail\n|\n|-heal|p1a: Dondozo|58\/100 psn|[from] item: Leftovers\n|-damage|p1a: Dondozo|46\/100 psn|[from] psn\n|upkeep\n|turn|8\n|-message|BlueEyes455 forfeited.\n|\n|win|Poopyfartkingtrue\n|raw|BlueEyes455's rating: 1099 → 1069<\/strong> (-30 for losing)\n|raw|Poopyfartkingtrue's rating: 1026 → 1070<\/strong> (+44 for winning)\n|l|\u2606BlueEyes455\n","uploadtime":1683289067,"views":12,"p1id":"blueeyes455","p2id":"poopyfartkingtrue","formatid":"gen9vgc2023regulationc","rating":1069,"private":0,"password":""}