{"id":"gen9vgc2023regulationc-1858550137","p1":"C4_FTW","p2":"Olecram2102","format":"[Gen 9] VGC 2023 Regulation C","log":"|j|\u2606C4_FTW\n|j|\u2606Olecram2102\n|t:|1683324209\n|gametype|doubles\n|player|p1|C4_FTW|marley|1040\n|player|p2|Olecram2102|ninjaboy|1137\n|teamsize|p1|6\n|teamsize|p2|6\n|gen|9\n|tier|[Gen 9] VGC 2023 Regulation C\n|rated|\n|rule|Species Clause: Limit one of each Pok\u00e9mon\n|rule|Item Clause: Limit one of each item\n|clearpoke\n|poke|p1|Farigiraf, L50, M|\n|poke|p1|Hariyama, L50, F|\n|poke|p1|Dragonite, L50, M|\n|poke|p1|Meowscarada, L50, M|\n|poke|p1|Kingambit, L50, F|\n|poke|p1|Greedent, L50, M|\n|poke|p2|Farigiraf, L50, M|\n|poke|p2|Spiritomb, L50, M|\n|poke|p2|Iron Hands, L50|\n|poke|p2|Rotom-Wash, L50|\n|poke|p2|Torkoal, L50, M|\n|poke|p2|Lilligant, L50, F|\n|teampreview|4\n|inactive|Battle timer is ON: inactive players will automatically lose when time's up. (requested by Olecram2102)\n|\n|t:|1683324274\n|start\n|switch|p1a: Farigiraf|Farigiraf, L50, M|100\/100\n|switch|p1b: Greedent|Greedent, L50, M|100\/100\n|switch|p2a: Spiritomb|Spiritomb, L50, M|100\/100\n|switch|p2b: Torkoal|Torkoal, L50, M|100\/100\n|-ability|p2a: Spiritomb|Pressure\n|-weather|SunnyDay|[from] ability: Drought|[of] p2b: Torkoal\n|turn|1\n|inactive|C4_FTW has 30 seconds left.\n|\n|t:|1683324302\n|move|p1b: Greedent|Belly Drum|p1b: Greedent\n|-damage|p1b: Greedent|50\/100\n|-setboost|p1b: Greedent|atk|6|[from] move: Belly Drum\n|-enditem|p1b: Greedent|Sitrus Berry|[eat]\n|-heal|p1b: Greedent|75\/100|[from] item: Sitrus Berry\n|-heal|p1b: Greedent|100\/100|[from] ability: Cheek Pouch\n|move|p2a: Spiritomb|Will-O-Wisp|p1b: Greedent\n|-status|p1b: Greedent|brn\n|move|p2b: Torkoal|Eruption|p1b: Greedent|[spread] p1a,p1b\n|-damage|p1a: Farigiraf|0 fnt\n|-damage|p1b: Greedent|0 fnt\n|faint|p1a: Farigiraf\n|faint|p1b: Greedent\n|\n|-weather|SunnyDay|[upkeep]\n|upkeep\n|\n|t:|1683324319\n|switch|p1a: Dragonite|Dragonite, L50, M|100\/100\n|switch|p1b: Kingambit|Kingambit, L50, F|100\/100\n|turn|2\n|\n|t:|1683324333\n|switch|p2b: Farigiraf|Farigiraf, L50, M|100\/100\n|-terastallize|p1b: Kingambit|Dark\n|move|p1a: Dragonite|Stomping Tantrum|p2b: Farigiraf\n|-damage|p2b: Farigiraf|72\/100\n|move|p1b: Kingambit|Kowtow Cleave|p2a: Spiritomb\n|-damage|p2a: Spiritomb|38\/100\n|move|p2a: Spiritomb|Trick Room|p2a: Spiritomb\n|-fieldstart|move: Trick Room|[of] p2a: Spiritomb\n|\n|-weather|SunnyDay|[upkeep]\n|-heal|p2a: Spiritomb|44\/100|[from] item: Leftovers\n|upkeep\n|turn|3\n|inactive|C4_FTW has 30 seconds left.\n|\n|t:|1683324360\n|move|p2b: Farigiraf|Protect|p2b: Farigiraf\n|-singleturn|p2b: Farigiraf|Protect\n|move|p2a: Spiritomb|Will-O-Wisp|p1a: Dragonite\n|-status|p1a: Dragonite|brn\n|move|p1b: Kingambit|Kowtow Cleave|p2a: Spiritomb\n|-damage|p2a: Spiritomb|0 fnt\n|faint|p2a: Spiritomb\n|move|p1a: Dragonite|Stomping Tantrum|p2b: Farigiraf\n|-activate|p2b: Farigiraf|move: Protect\n|\n|-weather|SunnyDay|[upkeep]\n|-damage|p1a: Dragonite|94\/100 brn|[from] brn\n|upkeep\n|\n|t:|1683324372\n|switch|p2a: Iron Hands|Iron Hands, L50|100\/100\n|-enditem|p2a: Iron Hands|Booster Energy\n|-activate|p2a: Iron Hands|ability: Quark Drive|[fromitem]\n|-start|p2a: Iron Hands|quarkdriveatk\n|turn|4\n|\n|t:|1683324386\n|-terastallize|p2a: Iron Hands|Fighting\n|move|p2b: Farigiraf|Ally Switch|p2b: Farigiraf\n|swap|p2b: Farigiraf|0|[from] move: Ally Switch\n|move|p2b: Iron Hands|Drain Punch|p1b: Kingambit\n|-supereffective|p1b: Kingambit\n|-damage|p1b: Kingambit|0 fnt\n|faint|p1b: Kingambit\n|move|p1a: Dragonite|Stomping Tantrum|p2a: Farigiraf\n|-damage|p2a: Farigiraf|58\/100\n|\n|-weather|SunnyDay|[upkeep]\n|-damage|p1a: Dragonite|88\/100 brn|[from] brn\n|upkeep\n|turn|5\n|\n|t:|1683324404\n|move|p2b: Iron Hands|Iron Head|p1a: Dragonite\n|-crit|p1a: Dragonite\n|-damage|p1a: Dragonite|33\/100 brn\n|move|p2a: Farigiraf|Hyper Voice|p1a: Dragonite\n|-damage|p1a: Dragonite|13\/100 brn\n|-enditem|p2a: Farigiraf|Throat Spray\n|-boost|p2a: Farigiraf|spa|1|[from] item: Throat Spray\n|move|p1a: Dragonite|Stomping Tantrum|p2a: Farigiraf\n|-damage|p2a: Farigiraf|44\/100\n|\n|-weather|none\n|-damage|p1a: Dragonite|7\/100 brn|[from] brn\n|upkeep\n|turn|6\n|\n|t:|1683324421\n|move|p2b: Iron Hands|Iron Head|p1a: Dragonite\n|-damage|p1a: Dragonite|0 fnt\n|faint|p1a: Dragonite\n|\n|win|Olecram2102\n|raw|C4_FTW's rating: 1040 → 1028<\/strong> (-12 for losing)\n|raw|Olecram2102's rating: 1137 → 1155<\/strong> (+18 for winning)\n|l|\u2606C4_FTW\n","uploadtime":1683324430,"views":5,"p1id":"c4ftw","p2id":"olecram2102","formatid":"gen9vgc2023regulationc","rating":1028,"private":0,"password":""}