{"id":"gen9vgc2023regulationc-1861395310","p1":"Vulnerarily","p2":"Missed Ledgedash","format":"[Gen 9] VGC 2023 Regulation C","log":"|j|\u2606Vulnerarily\n|j|\u2606Missed Ledgedash\n|t:|1683753037\n|gametype|doubles\n|player|p1|Vulnerarily|ingo|1360\n|player|p2|Missed Ledgedash|juan-gen3|1370\n|teamsize|p1|6\n|teamsize|p2|6\n|gen|9\n|tier|[Gen 9] VGC 2023 Regulation C\n|rated|\n|rule|Species Clause: Limit one of each Pok\u00e9mon\n|rule|Item Clause: Limit one of each item\n|clearpoke\n|poke|p1|Torkoal, L50, M|\n|poke|p1|Lilligant, L50, F|\n|poke|p1|Great Tusk, L50|\n|poke|p1|Flutter Mane, L50|\n|poke|p1|Talonflame, L50, F|\n|poke|p1|Chien-Pao, L50|\n|poke|p2|Flutter Mane, L50|\n|poke|p2|Arcanine, L50, F|\n|poke|p2|Amoonguss, L50, F|\n|poke|p2|Palafin, L50, F|\n|poke|p2|Corviknight, L50, M|\n|poke|p2|Iron Hands, L50|\n|teampreview|4\nVulnerarily has agreed to open team sheets.\n|inactive|Battle timer is ON: inactive players will automatically lose when time's up. (requested by Vulnerarily)\nMissed Ledgedash has agreed to open team sheets.\n|inactive|Missed Ledgedash has 60 seconds left.\n|inactive|Missed Ledgedash has 30 seconds left.\n|inactive|Missed Ledgedash has 20 seconds left.\n|\n|t:|1683753113\n|start\n|switch|p1a: Flutter Mane|Flutter Mane, L50|100\/100\n|switch|p1b: Talonflame|Talonflame, L50, F|100\/100\n|switch|p2a: Amoonguss|Amoonguss, L50, F|100\/100\n|switch|p2b: Maurice|Arcanine, L50, F|100\/100\n|-ability|p2b: Maurice|Intimidate|boost\n|-unboost|p1a: Flutter Mane|atk|1\n|-unboost|p1b: Talonflame|atk|1\n|turn|1\n|\n|t:|1683753134\n|switch|p2a: Corviknight|Corviknight, L50, M|100\/100\n|move|p1b: Talonflame|Tailwind|p1b: Talonflame\n|-sidestart|p1: Vulnerarily|move: Tailwind\n|move|p1a: Flutter Mane|Power Gem|p2b: Maurice\n|-supereffective|p2b: Maurice\n|-damage|p2b: Maurice|0 fnt\n|faint|p2b: Maurice\n|\n|upkeep\n|\n|t:|1683753142\n|switch|p2b: Amoonguss|Amoonguss, L50, F|100\/100\n|turn|2\n|inactive|Vulnerarily has 30 seconds left.\n|\n|t:|1683753168\n|-end|p1a: Flutter Mane|Protosynthesis|[silent]\n|switch|p1a: Great Tusk|Great Tusk, L50|100\/100\n|move|p1b: Talonflame|Taunt|p2b: Amoonguss\n|-start|p2b: Amoonguss|move: Taunt\n|move|p2a: Corviknight|Substitute|p2a: Corviknight\n|-start|p2a: Corviknight|Substitute\n|-damage|p2a: Corviknight|76\/100\n|cant|p2b: Amoonguss|move: Taunt|Spore\n|\n|-heal|p2a: Corviknight|82\/100|[from] item: Leftovers\n|upkeep\n|turn|3\n|\n|t:|1683753185\n|switch|p2b: Flutter Mane|Flutter Mane, L50|100\/100\n|move|p1b: Talonflame|Brave Bird|p2b: Flutter Mane\n|-damage|p2b: Flutter Mane|63\/100\n|-damage|p1b: Talonflame|92\/100|[from] Recoil\n|move|p1a: Great Tusk|Close Combat|p2b: Flutter Mane\n|-immune|p2b: Flutter Mane\n|move|p2a: Corviknight|Bulk Up|p2a: Corviknight\n|-boost|p2a: Corviknight|atk|1\n|-boost|p2a: Corviknight|def|1\n|\n|-heal|p2a: Corviknight|88\/100|[from] item: Leftovers\n|upkeep\n|turn|4\n|\n|t:|1683753203\n|-end|p2b: Flutter Mane|Protosynthesis|[silent]\n|switch|p2b: Amoonguss|Amoonguss, L50, F|100\/100\n|move|p1a: Great Tusk|Close Combat|p2a: Corviknight\n|-end|p2a: Corviknight|Substitute\n|-unboost|p1a: Great Tusk|def|1\n|-unboost|p1a: Great Tusk|spd|1\n|move|p1b: Talonflame|Brave Bird|p2b: Amoonguss\n|-supereffective|p2b: Amoonguss\n|-damage|p2b: Amoonguss|58\/100\n|-damage|p1b: Talonflame|75\/100|[from] Recoil\n|move|p2a: Corviknight|Bulk Up|p2a: Corviknight\n|-boost|p2a: Corviknight|atk|1\n|-boost|p2a: Corviknight|def|1\n|\n|-heal|p2a: Corviknight|94\/100|[from] item: Leftovers\n|-sideend|p1: Vulnerarily|move: Tailwind\n|upkeep\n|turn|5\n|\n|t:|1683753222\n|move|p2b: Amoonguss|Protect|p2b: Amoonguss\n|-singleturn|p2b: Amoonguss|Protect\n|move|p1a: Great Tusk|Close Combat|p2a: Corviknight\n|-damage|p2a: Corviknight|62\/100\n|-unboost|p1a: Great Tusk|def|1\n|-unboost|p1a: Great Tusk|spd|1\n|move|p1b: Talonflame|Will-O-Wisp|p2a: Corviknight\n|-status|p2a: Corviknight|brn\n|move|p2a: Corviknight|Substitute|p2a: Corviknight\n|-start|p2a: Corviknight|Substitute\n|-damage|p2a: Corviknight|37\/100 brn\n|\n|-heal|p2a: Corviknight|43\/100 brn|[from] item: Leftovers\n|-damage|p2a: Corviknight|37\/100 brn|[from] brn\n|upkeep\n|turn|6\n|\n|t:|1683753240\n|move|p1a: Great Tusk|Close Combat|p2a: Corviknight\n|-end|p2a: Corviknight|Substitute\n|-unboost|p1a: Great Tusk|def|1\n|-unboost|p1a: Great Tusk|spd|1\n|move|p1b: Talonflame|Taunt|p2b: Amoonguss\n|-start|p2b: Amoonguss|move: Taunt\n|move|p2a: Corviknight|Roost|p2a: Corviknight\n|-heal|p2a: Corviknight|88\/100 brn\n|-singleturn|p2a: Corviknight|move: Roost\n|cant|p2b: Amoonguss|move: Taunt|Spore\n|\n|-heal|p2a: Corviknight|94\/100 brn|[from] item: Leftovers\n|-damage|p2a: Corviknight|88\/100 brn|[from] brn\n|upkeep\n|turn|7\n|\n|t:|1683753260\n|-end|p1a: Great Tusk|Protosynthesis|[silent]\n|switch|p1a: Flutter Mane|Flutter Mane, L50|100\/100\n|switch|p2b: Flutter Mane|Flutter Mane, L50|63\/100\n|move|p1b: Talonflame|Brave Bird|p2b: Flutter Mane\n|-damage|p2b: Flutter Mane|26\/100\n|-damage|p1b: Talonflame|66\/100|[from] Recoil\n|move|p2a: Corviknight|Brave Bird|p1a: Flutter Mane\n|-damage|p1a: Flutter Mane|13\/100\n|-damage|p2a: Corviknight|67\/100 brn|[from] Recoil\n|\n|-heal|p2a: Corviknight|73\/100 brn|[from] item: Leftovers\n|-damage|p2a: Corviknight|67\/100 brn|[from] brn\n|upkeep\n|turn|8\n|\n|t:|1683753275\n|move|p2b: Flutter Mane|Thunderbolt|p1b: Talonflame\n|-supereffective|p1b: Talonflame\n|-damage|p1b: Talonflame|0 fnt\n|faint|p1b: Talonflame\n|move|p1a: Flutter Mane|Shadow Ball|p2a: Corviknight\n|-damage|p2a: Corviknight|7\/100 brn\n|move|p2a: Corviknight|Brave Bird|p1a: Flutter Mane\n|-damage|p1a: Flutter Mane|0 fnt\n|faint|p1a: Flutter Mane\n|-end|p1a: Flutter Mane|Protosynthesis|[silent]\n|-damage|p2a: Corviknight|4\/100 brn|[from] Recoil\n|\n|-heal|p2a: Corviknight|10\/100 brn|[from] item: Leftovers\n|-damage|p2a: Corviknight|4\/100 brn|[from] brn\n|upkeep\n|\n|t:|1683753279\n|switch|p1b: Chien-Pao|Chien-Pao, L50|100\/100\n|switch|p1a: Great Tusk|Great Tusk, L50|100\/100\n|-ability|p1b: Chien-Pao|Sword of Ruin\n|turn|9\n|inactive|Vulnerarily has 30 seconds left.\n|\n|t:|1683753305\n|-end|p2b: Flutter Mane|Protosynthesis|[silent]\n|switch|p2b: Amoonguss|Amoonguss, L50, F|91\/100\n|move|p1b: Chien-Pao|Sucker Punch||[still]\n|-fail|p1b: Chien-Pao\n|move|p1a: Great Tusk|Rock Slide|p2a: Corviknight|[spread] p2a,p2b\n|-crit|p2a: Corviknight\n|-damage|p2a: Corviknight|0 fnt\n|-damage|p2b: Amoonguss|66\/100\n|faint|p2a: Corviknight\n|\n|upkeep\n|\n|t:|1683753314\n|switch|p2a: Flutter Mane|Flutter Mane, L50|26\/100\n|turn|10\n|\n|t:|1683753333\n|-terastallize|p2b: Amoonguss|Water\n|move|p2b: Amoonguss|Rage Powder|p2b: Amoonguss\n|-singleturn|p2b: Amoonguss|move: Rage Powder\n|move|p1a: Great Tusk|Rock Slide|p2b: Amoonguss|[spread] p2a,p2b\n|-damage|p2a: Flutter Mane|0 fnt\n|-damage|p2b: Amoonguss|43\/100\n|-enditem|p2b: Amoonguss|Sitrus Berry|[eat]\n|-heal|p2b: Amoonguss|67\/100|[from] item: Sitrus Berry\n|faint|p2a: Flutter Mane\n|-end|p2a: Flutter Mane|Protosynthesis|[silent]\n|move|p1b: Chien-Pao|Ice Spinner|p2b: Amoonguss\n|-resisted|p2b: Amoonguss\n|-damage|p2b: Amoonguss|46\/100\n|\n|upkeep\n|turn|11\n|-message|Missed Ledgedash forfeited.\n|\n|win|Vulnerarily\n|raw|Vulnerarily's rating: 1360 → 1381<\/strong> (+21 for winning)\n|raw|Missed Ledgedash's rating: 1370 → 1349<\/strong> (-21 for losing)\n|l|\u2606Missed Ledgedash\n|c|\u2606Vulnerarily|gg\n","uploadtime":1683753347,"views":11,"p1id":"vulnerarily","p2id":"missedledgedash","formatid":"gen9vgc2023regulationc","rating":1349,"private":0,"password":""}