{"id":"gen9vgc2023regulationc-1859688163","p1":"shiftyyy","p2":"appokalypstik","format":"[Gen 9] VGC 2023 Regulation C","log":"|j|\u2606shiftyyy\n|j|\u2606appokalypstik\n|t:|1683556205\n|gametype|doubles\n|player|p1|shiftyyy|clerkf|1567\n|player|p2|appokalypstik|roxie|1591\n|teamsize|p1|6\n|teamsize|p2|6\n|gen|9\n|tier|[Gen 9] VGC 2023 Regulation C\n|rated|\n|rule|Species Clause: Limit one of each Pok\u00e9mon\n|rule|Item Clause: Limit one of each item\n|clearpoke\n|poke|p1|Flutter Mane, L50|\n|poke|p1|Iron Hands, L50|\n|poke|p1|Gyarados, L50, M|\n|poke|p1|Chi-Yu, L50|\n|poke|p1|Garchomp, L50, F|\n|poke|p1|Murkrow, L50, M|\n|poke|p2|Wo-Chien, L50|\n|poke|p2|Farigiraf, L50, F|\n|poke|p2|Murkrow, L50, M|\n|poke|p2|Rotom-Wash, L50|\n|poke|p2|Great Tusk, L50|\n|poke|p2|Chi-Yu, L50|\n|teampreview|4\n|inactive|Battle timer is ON: inactive players will automatically lose when time's up. (requested by appokalypstik)\n|inactive|shiftyyy has 60 seconds left.\n|inactive|appokalypstik has 60 seconds left.\n|inactive|shiftyyy has 30 seconds left.\n|\n|t:|1683556273\n|start\n|switch|p1a: Flutter Mane|Flutter Mane, L50|100\/100\n|switch|p1b: Iron Hands|Iron Hands, L50|100\/100\n|switch|p2a: Rotom-Goob|Rotom-Wash, L50|100\/100\n|switch|p2b: Great Goob|Great Tusk, L50|100\/100\n|turn|1\n|inactive|appokalypstik has 30 seconds left.\n|\n|t:|1683556302\n|switch|p2a: Fig|Farigiraf, L50, F|100\/100\n|-terastallize|p2b: Great Goob|Steel\n|move|p1b: Iron Hands|Fake Out||[still]\n|cant|p2a: Fig|ability: Armor Tail|Fake Out|[of] p1b: Iron Hands\n|move|p1a: Flutter Mane|Dazzling Gleam|p2b: Great Goob|[spread] p2a,p2b\n|-resisted|p2b: Great Goob\n|-damage|p2a: Fig|61\/100\n|-damage|p2b: Great Goob|68\/100\n|move|p2b: Great Goob|Headlong Rush|p1a: Flutter Mane\n|-damage|p1a: Flutter Mane|0 fnt\n|-unboost|p2b: Great Goob|def|1\n|-unboost|p2b: Great Goob|spd|1\n|faint|p1a: Flutter Mane\n|-end|p1a: Flutter Mane|Protosynthesis|[silent]\n|\n|upkeep\n|\n|t:|1683556313\n|switch|p1a: Murkrow|Murkrow, L50, M|100\/100\n|turn|2\n|j| EnrolledAgent\n|\n|t:|1683556322\n|-end|p2b: Great Goob|Protosynthesis|[silent]\n|switch|p2b: Goobrow|Murkrow, L50, M|100\/100\n|-terastallize|p1b: Iron Hands|Grass\n|move|p2a: Fig|Protect|p2a: Fig\n|-singleturn|p2a: Fig|Protect\n|move|p1a: Murkrow|Tailwind|p1a: Murkrow\n|-sidestart|p1: shiftyyy|move: Tailwind\n|move|p1b: Iron Hands|Drain Punch|p2b: Goobrow\n|-enditem|p2b: Goobrow|Focus Sash\n|-damage|p2b: Goobrow|1\/100\n|\n|upkeep\n|turn|3\n|\n|t:|1683556339\n|move|p2b: Goobrow|Tailwind|p2b: Goobrow\n|-sidestart|p2: appokalypstik|move: Tailwind\n|move|p1a: Murkrow|Foul Play|p2b: Goobrow\n|-resisted|p2b: Goobrow\n|-damage|p2b: Goobrow|0 fnt\n|faint|p2b: Goobrow\n|move|p2a: Fig|Dazzling Gleam|p1b: Iron Hands|[spread] p1a,p1b\n|-supereffective|p1a: Murkrow\n|-damage|p1a: Murkrow|17\/100\n|-damage|p1b: Iron Hands|86\/100\n|-damage|p2a: Fig|52\/100|[from] item: Life Orb\n|move|p1b: Iron Hands|Drain Punch|p2a: Fig\n|-damage|p2a: Fig|0 fnt\n|-heal|p1b: Iron Hands|100\/100|[from] drain|[of] p2a: Fig\n|faint|p2a: Fig\n|\n|upkeep\n|\n|t:|1683556346\n|switch|p2b: Rotom-Goob|Rotom-Wash, L50|100\/100\n|switch|p2a: Great Goob|Great Tusk, L50, tera:Steel|68\/100\n|turn|4\n|\n|t:|1683556365\n|move|p1a: Murkrow|Foul Play|p2a: Great Goob\n|-damage|p2a: Great Goob|31\/100\n|move|p2a: Great Goob|Close Combat|p1b: Iron Hands\n|-damage|p1b: Iron Hands|23\/100\n|-unboost|p2a: Great Goob|def|1\n|-unboost|p2a: Great Goob|spd|1\n|move|p2b: Rotom-Goob|Hydro Pump|p1b: Iron Hands\n|-resisted|p1b: Iron Hands\n|-damage|p1b: Iron Hands|8\/100\n|move|p1b: Iron Hands|Drain Punch|p2a: Great Goob\n|-supereffective|p2a: Great Goob\n|-damage|p2a: Great Goob|0 fnt\n|-heal|p1b: Iron Hands|20\/100|[from] drain|[of] p2a: Great Goob\n|faint|p2a: Great Goob\n|-end|p2a: Great Goob|Protosynthesis|[silent]\n|\n|upkeep\n|turn|5\n|\n|t:|1683556380\n|move|p1a: Murkrow|Sunny Day|p1a: Murkrow\n|-weather|SunnyDay\n|move|p2b: Rotom-Goob|Discharge|p1b: Iron Hands|[spread] p1a,p1b\n|-supereffective|p1a: Murkrow\n|-resisted|p1b: Iron Hands\n|-damage|p1a: Murkrow|0 fnt\n|-damage|p1b: Iron Hands|13\/100\n|-status|p1b: Iron Hands|par\n|faint|p1a: Murkrow\n|move|p1b: Iron Hands|Drain Punch|p2b: Rotom-Goob\n|-damage|p2b: Rotom-Goob|54\/100\n|-heal|p1b: Iron Hands|28\/100 par|[from] drain|[of] p2b: Rotom-Goob\n|\n|-weather|SunnyDay|[upkeep]\n|-sideend|p1: shiftyyy|move: Tailwind\n|upkeep\n|\n|t:|1683556387\n|switch|p1a: Chi-Yu|Chi-Yu, L50|100\/100\n|-ability|p1a: Chi-Yu|Beads of Ruin\n|turn|6\n|\n|t:|1683556397\n|move|p2b: Rotom-Goob|Hydro Pump|p1a: Chi-Yu\n|-supereffective|p1a: Chi-Yu\n|-damage|p1a: Chi-Yu|52\/100\n|move|p1a: Chi-Yu|Nasty Plot|p1a: Chi-Yu\n|-boost|p1a: Chi-Yu|spa|2\n|cant|p1b: Iron Hands|par\n|\n|-weather|SunnyDay|[upkeep]\n|-heal|p1a: Chi-Yu|59\/100|[from] item: Leftovers\n|-sideend|p2: appokalypstik|move: Tailwind\n|upkeep\n|turn|7\n|\n|t:|1683556403\n|move|p1a: Chi-Yu|Dark Pulse|p2b: Rotom-Goob\n|-damage|p2b: Rotom-Goob|0 fnt\n|faint|p2b: Rotom-Goob\n|\n|win|shiftyyy\n|raw|shiftyyy's rating: 1567 → 1588<\/strong> (+21 for winning)\n|raw|appokalypstik's rating: 1591 → 1570<\/strong> (-21 for losing)\n","uploadtime":1683556418,"views":10,"p1id":"shiftyyy","p2id":"appokalypstik","formatid":"gen9vgc2023regulationc","rating":1570,"private":0,"password":""}