{"id":"gen9vgc2023regulationc-1852690127","p1":"Skottymon","p2":"D4nkw33b","format":"[Gen 9] VGC 2023 Regulation C","log":"|j|\u2606Skottymon\n|j|\u2606D4nkw33b\n|t:|1682596770\n|gametype|doubles\n|player|p1|Skottymon|170|\n|player|p2|D4nkw33b|2|\n|teamsize|p1|6\n|teamsize|p2|6\n|gen|9\n|tier|[Gen 9] VGC 2023 Regulation C\n|rule|Species Clause: Limit one of each Pok\u00e9mon\n|rule|Item Clause: Limit one of each item\n|clearpoke\n|poke|p1|Drednaw, L50, F|\n|poke|p1|Tsareena, L50, F|\n|poke|p1|Palossand, L50, M|\n|poke|p1|Annihilape, L50, F|\n|poke|p1|Maushold-Four, L50|\n|poke|p1|Talonflame, L50, M|\n|poke|p2|Indeedee-F, L50, F|\n|poke|p2|Gengar, L50, F|\n|poke|p2|Honchkrow, L50, F|\n|poke|p2|Tyranitar, L50, M|\n|poke|p2|Garchomp, L50, M|\n|poke|p2|Chi-Yu, L50|\n|teampreview|4\n|c|\u2606D4nkw33b|glhf\n|\n|t:|1682596854\n|start\n|switch|p1a: Talonflame|Talonflame, L50, M|100\/100\n|switch|p1b: Drednaw|Drednaw, L50, F|100\/100\n|switch|p2a: Chi-Yu|Chi-Yu, L50|100\/100\n|switch|p2b: Indeedee|Indeedee-F, L50, F|100\/100\n|-ability|p2a: Chi-Yu|Beads of Ruin\n|-fieldstart|move: Psychic Terrain|[from] ability: Psychic Surge|[of] p2b: Indeedee\n|turn|1\n|c|\u2606Skottymon|glhf\n|\n|t:|1682596880\n|-terastallize|p2a: Chi-Yu|Water\n|move|p1a: Talonflame|Taunt|p2b: Indeedee\n|-start|p2b: Indeedee|move: Taunt\n|move|p2a: Chi-Yu|Dark Pulse|p1b: Drednaw\n|-damage|p1b: Drednaw|30\/100\n|move|p1b: Drednaw|Ice Spinner|p2b: Indeedee\n|-damage|p2b: Indeedee|75\/100\n|-fieldend|move: Psychic Terrain\n|cant|p2b: Indeedee|move: Taunt|Trick Room\n|\n|upkeep\n|turn|2\n|\n|t:|1682596920\n|switch|p2b: Gengar|Gengar, L50, F|100\/100\n|move|p1a: Talonflame|Flare Blitz|p2b: Gengar\n|-damage|p2b: Gengar|34\/100\n|-damage|p1a: Talonflame|76\/100|[from] Recoil\n|move|p2a: Chi-Yu|Dark Pulse|p1b: Drednaw\n|-damage|p1b: Drednaw|0 fnt\n|faint|p1b: Drednaw\n|\n|upkeep\n|\n|t:|1682596939\n|switch|p1b: Tsareena|Tsareena, L50, F|100\/100\n|turn|3\n|\n|t:|1682596986\n|switch|p2a: Garchomp|Garchomp, L50, M|100\/100\n|-terastallize|p1b: Tsareena|Poison\n|move|p2b: Gengar|Protect|p2b: Gengar\n|-singleturn|p2b: Gengar|Protect\n|move|p1a: Talonflame|Tailwind|p1a: Talonflame\n|-sidestart|p1: Skottymon|move: Tailwind\n|move|p1b: Tsareena|Power Whip|p2a: Garchomp\n|-damage|p2a: Garchomp|50\/100\n|-damage|p1b: Tsareena|89\/100|[from] ability: Rough Skin|[of] p2a: Garchomp\n|-damage|p1b: Tsareena|72\/100|[from] item: Rocky Helmet|[of] p2a: Garchomp\n|\n|upkeep\n|turn|4\n|\n|t:|1682597028\n|move|p2a: Garchomp|Protect|p2a: Garchomp\n|-singleturn|p2a: Garchomp|Protect\n|move|p1a: Talonflame|Will-O-Wisp|p2a: Garchomp\n|-activate|p2a: Garchomp|move: Protect\n|move|p1b: Tsareena|Play Rough|p2a: Garchomp\n|-activate|p2a: Garchomp|move: Protect\n|move|p2b: Gengar|Sludge Bomb|p1a: Talonflame\n|-damage|p1a: Talonflame|0 fnt\n|faint|p1a: Talonflame\n|-damage|p2b: Gengar|24\/100|[from] item: Life Orb\n|\n|upkeep\n|\n|t:|1682597044\n|switch|p1a: Annihilape|Annihilape, L50, F|100\/100\n|turn|5\n|\n|t:|1682597070\n|switch|p2b: Indeedee|Indeedee-F, L50, F|75\/100\n|-fieldstart|move: Psychic Terrain|[from] ability: Psychic Surge|[of] p2b: Indeedee\n|move|p1a: Annihilape|Rage Fist|p2b: Indeedee\n|-immune|p2b: Indeedee\n|move|p1b: Tsareena|Play Rough|p2a: Garchomp\n|-supereffective|p2a: Garchomp\n|-damage|p2a: Garchomp|2\/100\n|-damage|p1b: Tsareena|60\/100|[from] ability: Rough Skin|[of] p2a: Garchomp\n|-damage|p1b: Tsareena|44\/100|[from] item: Rocky Helmet|[of] p2a: Garchomp\n|move|p2a: Garchomp|Stomping Tantrum|p1b: Tsareena\n|-supereffective|p1b: Tsareena\n|-damage|p1b: Tsareena|0 fnt\n|faint|p1b: Tsareena\n|\n|upkeep\n|turn|6\n|c|\u2606Skottymon|gg\n|\n|t:|1682597099\n|move|p2b: Indeedee|Helping Hand|p2a: Garchomp\n|-singleturn|p2a: Garchomp|Helping Hand|[of] p2b: Indeedee\n|move|p1a: Annihilape|Drain Punch|p2a: Garchomp\n|-damage|p2a: Garchomp|0 fnt\n|-damage|p1a: Annihilape|88\/100|[from] ability: Rough Skin|[of] p2a: Garchomp\n|-damage|p1a: Annihilape|71\/100|[from] item: Rocky Helmet|[of] p2a: Garchomp\n|faint|p2a: Garchomp\n|\n|-heal|p1a: Annihilape|77\/100|[from] item: Leftovers\n|-sideend|p1: Skottymon|move: Tailwind\n|upkeep\n|\n|t:|1682597116\n|switch|p2a: Chi-Yu|Chi-Yu, L50, tera:Water|100\/100\n|-ability|p2a: Chi-Yu|Beads of Ruin\n|turn|7\n|c|\u2606Skottymon|I can't win this\n|\n|t:|1682597139\n|move|p2b: Indeedee|Follow Me|p2b: Indeedee\n|-singleturn|p2b: Indeedee|move: Follow Me\n|move|p1a: Annihilape|Drain Punch|p2b: Indeedee\n|-damage|p2b: Indeedee|46\/100\n|-heal|p1a: Annihilape|89\/100|[from] drain|[of] p2b: Indeedee\n|-enditem|p2b: Indeedee|Sitrus Berry|[eat]\n|-heal|p2b: Indeedee|71\/100|[from] item: Sitrus Berry\n|move|p2a: Chi-Yu|Dark Pulse|p1a: Annihilape\n|-damage|p1a: Annihilape|11\/100\n|\n|-heal|p1a: Annihilape|17\/100|[from] item: Leftovers\n|upkeep\n|turn|8\n|c|\u2606D4nkw33b|oooo\n|\n|t:|1682597156\n|move|p2b: Indeedee|Follow Me|p2b: Indeedee\n|-singleturn|p2b: Indeedee|move: Follow Me\n|move|p1a: Annihilape|Drain Punch|p2b: Indeedee\n|-damage|p2b: Indeedee|39\/100\n|-heal|p1a: Annihilape|30\/100|[from] drain|[of] p2b: Indeedee\n|move|p2a: Chi-Yu|Dark Pulse|p1a: Annihilape\n|-damage|p1a: Annihilape|0 fnt\n|faint|p1a: Annihilape\n|\n|win|D4nkw33b\n|c|\u2606Skottymon|gg\n|c|\u2606D4nkw33b|gg. Thank you for the game :)\n|c|\u2606Skottymon|no worries\n|l|\u2606Skottymon\n|l|\u2606D4nkw33b\n|j|\u2606Skottymon\n|player|p1|Skottymon|170\n","uploadtime":1682597171,"views":16,"p1id":"skottymon","p2id":"d4nkw33b","formatid":"gen9vgc2023regulationc","rating":0,"private":0,"password":""}