{"id":"gen9vgc2023regulationc-1860585038","p1":"TheDondozomain","p2":"Tiefling_IRL","format":"[Gen 9] VGC 2023 Regulation C","log":"|j|\u2606TheDondozomain\n|j|\u2606Tiefling_IRL\n|t:|1683656642\n|gametype|doubles\n|player|p1|TheDondozomain|102|1069\n|player|p2|Tiefling_IRL|gambler|1146\n|teamsize|p1|6\n|teamsize|p2|6\n|gen|9\n|tier|[Gen 9] VGC 2023 Regulation C\n|rated|\n|rule|Species Clause: Limit one of each Pok\u00e9mon\n|rule|Item Clause: Limit one of each item\n|clearpoke\n|poke|p1|Palafin, L50, M|\n|poke|p1|Chien-Pao, L50|\n|poke|p1|Dragapult, L50, F|\n|poke|p1|Amoonguss, L50, M|\n|poke|p1|Arcanine, L50, M|\n|poke|p1|Flutter Mane, L50|\n|poke|p2|Jumpluff, L50, M|\n|poke|p2|Torkoal, L50, M|\n|poke|p2|Kingambit, L50, M|\n|poke|p2|Flutter Mane, L50|\n|poke|p2|Ceruledge, L50, M|\n|poke|p2|Roaring Moon, L50|\n|teampreview|4\n|\n|t:|1683656704\n|start\n|switch|p1a: Dozo|Palafin, L50, M|100\/100\n|switch|p1b: WoChien|Amoonguss, L50, M|100\/100\n|switch|p2a: Crokatoa|Torkoal, L50, M|100\/100\n|switch|p2b: Marshmallow|Jumpluff, L50, M, shiny|100\/100\n|-weather|SunnyDay|[from] ability: Drought|[of] p2a: Crokatoa\n|turn|1\n|\n|t:|1683656728\n|-terastallize|p1b: WoChien|Water\n|move|p1a: Dozo|Jet Punch|p2a: Crokatoa\n|-supereffective|p2a: Crokatoa\n|-damage|p2a: Crokatoa|82\/100\n|move|p2b: Marshmallow|Tailwind|p2b: Marshmallow\n|-sidestart|p2: Tiefling_IRL|move: Tailwind\n|move|p2a: Crokatoa|Eruption|p1a: Dozo|[spread] p1a,p1b\n|-resisted|p1a: Dozo\n|-resisted|p1b: WoChien\n|-damage|p1a: Dozo|56\/100\n|-damage|p1b: WoChien|73\/100\n|move|p1b: WoChien|Spore|p2a: Crokatoa\n|-status|p2a: Crokatoa|slp|[from] move: Spore\n|\n|-weather|SunnyDay|[upkeep]\n|upkeep\n|turn|2\n|\n|t:|1683656762\n|detailschange|p1a: Dozo|Palafin-Hero, L50, M\n|switch|p1a: Mimi|Flutter Mane, L50|100\/100\n|-activate|p1a: Mimi|ability: Protosynthesis\n|-start|p1a: Mimi|protosynthesisspa\n|cant|p2a: Crokatoa|slp\n|move|p1b: WoChien|Rage Powder|p1b: WoChien\n|-singleturn|p1b: WoChien|move: Rage Powder\n|move|p2b: Marshmallow|Sleep Powder|p1a: Mimi\n|-status|p1a: Mimi|slp|[from] move: Sleep Powder\n|\n|-weather|SunnyDay|[upkeep]\n|upkeep\n|turn|3\n|\n|t:|1683656796\n|cant|p1a: Mimi|slp\n|cant|p2a: Crokatoa|slp\n|move|p2b: Marshmallow|Sleep Powder|p1b: WoChien\n|-status|p1b: WoChien|slp|[from] move: Sleep Powder\n|cant|p1b: WoChien|slp\n|\n|-weather|SunnyDay|[upkeep]\n|upkeep\n|turn|4\n|l|\u2606TheDondozomain\n|player|p1|\n|c|\u2606Tiefling_IRL|live wo chien reaction\n|j|\u2606TheDondozomain\n|player|p1|TheDondozomain|102\n|inactive|Battle timer is ON: inactive players will automatically lose when time's up. (requested by Tiefling_IRL)\n|\n|t:|1683656848\n|switch|p2a: Friend|Ceruledge, L50, M, shiny|100\/100\n|move|p2b: Marshmallow|Leaf Storm|p1b: WoChien|[miss]\n|-miss|p2b: Marshmallow|p1b: WoChien\n|-curestatus|p1a: Mimi|slp|[msg]\n|move|p1a: Mimi|Shadow Ball|p2b: Marshmallow\n|-damage|p2b: Marshmallow|44\/100\n|cant|p1b: WoChien|slp\n|\n|-weather|SunnyDay|[upkeep]\n|-sideend|p2: Tiefling_IRL|move: Tailwind\n|upkeep\n|turn|5\n|c|\u2606Tiefling_IRL|live wo chien reaction\n|inactive|Tiefling_IRL has 30 seconds left.\n|inactive|Tiefling_IRL has 20 seconds left.\n|\n|t:|1683656887\n|-terastallize|p2a: Friend|Grass\n|move|p1a: Mimi|Protect|p1a: Mimi\n|-singleturn|p1a: Mimi|Protect\n|move|p2a: Friend|Shadow Sneak|p1a: Mimi\n|-activate|p1a: Mimi|move: Protect\n|move|p2b: Marshmallow|Leaf Storm|p1b: WoChien\n|-supereffective|p1b: WoChien\n|-damage|p1b: WoChien|23\/100 slp\n|-unboost|p2b: Marshmallow|spa|2\n|-enditem|p1b: WoChien|Sitrus Berry|[eat]\n|-heal|p1b: WoChien|48\/100 slp|[from] item: Sitrus Berry\n|cant|p1b: WoChien|slp\n|\n|-weather|none\n|-end|p1a: Mimi|Protosynthesis\n|upkeep\n|-enditem|p1a: Mimi|Booster Energy\n|-activate|p1a: Mimi|ability: Protosynthesis|[fromitem]\n|-start|p1a: Mimi|protosynthesisspa\n|turn|6\n|\n|t:|1683656911\n|switch|p2b: Crokatoa|Torkoal, L50, M|82\/100 slp\n|-weather|SunnyDay|[from] ability: Drought|[of] p2b: Crokatoa\n|move|p1a: Mimi|Moonblast|p2a: Friend\n|-damage|p2a: Friend|29\/100\n|move|p2a: Friend|Solar Blade||[still]\n|-prepare|p2a: Friend|Solar Blade\n|-anim|p2a: Friend|Solar Blade|p1b: WoChien\n|-supereffective|p1b: WoChien\n|-damage|p1b: WoChien|0 fnt\n|faint|p1b: WoChien\n|\n|-weather|SunnyDay|[upkeep]\n|upkeep\n|\n|t:|1683656924\n|switch|p1b: Bundle|Chien-Pao, L50|100\/100\n|-ability|p1b: Bundle|Sword of Ruin\n|turn|7\n|\n|t:|1683656939\n|switch|p2b: Marshmallow|Jumpluff, L50, M, shiny|44\/100\n|move|p2a: Friend|Protect|p2a: Friend\n|-singleturn|p2a: Friend|Protect\n|move|p1b: Bundle|Sucker Punch||[still]\n|-fail|p1b: Bundle\n|move|p1a: Mimi|Moonblast|p2b: Marshmallow\n|-damage|p2b: Marshmallow|0 fnt\n|faint|p2b: Marshmallow\n|\n|-weather|SunnyDay|[upkeep]\n|upkeep\n|\n|t:|1683656949\n|switch|p2b: Chesster|Kingambit, L50, M|100\/100\n|turn|8\n|\n|t:|1683656965\n|move|p2b: Chesster|Sucker Punch|p1b: Bundle\n|-resisted|p1b: Bundle\n|-damage|p1b: Bundle|56\/100\n|move|p1b: Bundle|Sacred Sword|p2b: Chesster\n|-supereffective|p2b: Chesster\n|-damage|p2b: Chesster|0 fnt\n|faint|p2b: Chesster\n|move|p1a: Mimi|Shadow Ball|p2a: Friend\n|-damage|p2a: Friend|0 fnt\n|faint|p2a: Friend\n|\n|-weather|SunnyDay|[upkeep]\n|upkeep\n|\n|t:|1683656988\n|switch|p2b: Crokatoa|Torkoal, L50, M|82\/100 slp\n|turn|9\n|\n|t:|1683656996\n|-curestatus|p2b: Crokatoa|slp|[msg]\n|move|p2b: Crokatoa|Protect|p2b: Crokatoa\n|-singleturn|p2b: Crokatoa|Protect\n|move|p1b: Bundle|Sacred Sword|p2b: Crokatoa\n|-activate|p2b: Crokatoa|move: Protect\n|move|p1a: Mimi|Moonblast|p2b: Crokatoa\n|-activate|p2b: Crokatoa|move: Protect\n|\n|-weather|SunnyDay|[upkeep]\n|upkeep\n|turn|10\n|\n|t:|1683657008\n|move|p1b: Bundle|Sacred Sword|p2b: Crokatoa\n|-damage|p2b: Crokatoa|52\/100\n|move|p1a: Mimi|Moonblast|p2b: Crokatoa\n|-resisted|p2b: Crokatoa\n|-damage|p2b: Crokatoa|13\/100\n|move|p2b: Crokatoa|Eruption|p1a: Mimi|[spread] p1a,p1b\n|-supereffective|p1b: Bundle\n|-damage|p1a: Mimi|90\/100\n|-damage|p1b: Bundle|22\/100\n|\n|-weather|none\n|upkeep\n|turn|11\n|\n|t:|1683657020\n|move|p1a: Mimi|Protect|p1a: Mimi\n|-singleturn|p1a: Mimi|Protect\n|move|p1b: Bundle|Sucker Punch|p2b: Crokatoa\n|-damage|p2b: Crokatoa|0 fnt\n|faint|p2b: Crokatoa\n|\n|win|TheDondozomain\n|raw|TheDondozomain's rating: 1069 → 1105<\/strong> (+36 for winning)\n|raw|Tiefling_IRL's rating: 1146 → 1116<\/strong> (-30 for losing)\n|l|\u2606Tiefling_IRL\n|c|\u2606TheDondozomain|gg\n","uploadtime":1683657191,"views":8,"p1id":"thedondozomain","p2id":"tieflingirl","formatid":"gen9vgc2023regulationc","rating":1105,"private":0,"password":""}