{"id":"gen9vgc2023regulationc-1844943175","p1":"ProAfroTest","p2":"citiz3n5nipz","format":"[Gen 9] VGC 2023 Regulation C","log":"|j|\u2606ProAfroTest\n|j|\u2606citiz3n5nipz\n|t:|1681666638\n|gametype|doubles\n|player|p1|ProAfroTest|crasherwake|1154\n|player|p2|citiz3n5nipz|101|1203\n|teamsize|p1|6\n|teamsize|p2|6\n|gen|9\n|tier|[Gen 9] VGC 2023 Regulation C\n|rated|\n|rule|Species Clause: Limit one of each Pok\u00e9mon\n|rule|Item Clause: Limit one of each item\n|clearpoke\n|poke|p1|Palafin, L50, F|\n|poke|p1|Amoonguss, L50, F|\n|poke|p1|Arcanine, L50, F|\n|poke|p1|Flutter Mane, L50|\n|poke|p1|Gholdengo, L50|\n|poke|p1|Roaring Moon, L50|\n|poke|p2|Palafin, L50, M|\n|poke|p2|Ting-Lu, L50|\n|poke|p2|Flutter Mane, L50|\n|poke|p2|Amoonguss, L50, F|\n|poke|p2|Chi-Yu, L50|\n|poke|p2|Iron Hands, L50|\n|teampreview|4\nProAfroTest has agreed to open team sheets.\n|\n|t:|1681666680\n|start\n|switch|p1a: Roaring Moon|Roaring Moon, L50|100\/100\n|switch|p1b: Arcanine|Arcanine, L50, F|100\/100\n|switch|p2a: Palafin|Palafin, L50, M, shiny|100\/100\n|switch|p2b: Iron Hands|Iron Hands, L50, shiny|100\/100\n|-ability|p1b: Arcanine|Intimidate|boost\n|-unboost|p2a: Palafin|atk|1\n|-unboost|p2b: Iron Hands|atk|1\n|-enditem|p1a: Roaring Moon|Booster Energy\n|-activate|p1a: Roaring Moon|ability: Protosynthesis|[fromitem]\n|-start|p1a: Roaring Moon|protosynthesisatk\n|turn|1\n|\n|t:|1681666706\n|move|p1a: Roaring Moon|Protect|p1a: Roaring Moon\n|-singleturn|p1a: Roaring Moon|Protect\n|move|p2b: Iron Hands|Fake Out|p1b: Arcanine\n|-damage|p1b: Arcanine|89\/100\n|move|p2a: Palafin|Close Combat|p1a: Roaring Moon\n|-activate|p1a: Roaring Moon|move: Protect\n|cant|p1b: Arcanine|flinch\n|\n|upkeep\n|turn|2\n|\n|t:|1681666738\n|-end|p1a: Roaring Moon|Protosynthesis|[silent]\n|switch|p1a: Amoonguss|Amoonguss, L50, F, shiny|100\/100\n|-terastallize|p2a: Palafin|Water\n|move|p2a: Palafin|Wave Crash|p1b: Arcanine\n|-supereffective|p1b: Arcanine\n|-damage|p1b: Arcanine|6\/100\n|-damage|p2a: Palafin|70\/100|[from] Recoil\n|move|p1b: Arcanine|Will-O-Wisp|p2a: Palafin\n|-status|p2a: Palafin|brn\n|move|p2b: Iron Hands|Drain Punch|p1a: Amoonguss\n|-resisted|p1a: Amoonguss\n|-damage|p1a: Amoonguss|88\/100\n|\n|-damage|p2a: Palafin|64\/100 brn|[from] brn\n|upkeep\n|turn|3\n|\n|t:|1681666772\n|move|p2a: Palafin|Protect|p2a: Palafin\n|-singleturn|p2a: Palafin|Protect\n|move|p1a: Amoonguss|Rage Powder|p1a: Amoonguss\n|-singleturn|p1a: Amoonguss|move: Rage Powder\n|move|p1b: Arcanine|Will-O-Wisp|p2b: Iron Hands\n|-status|p2b: Iron Hands|brn\n|move|p2b: Iron Hands|Drain Punch|p1b: Arcanine\n|-damage|p1b: Arcanine|0 fnt\n|faint|p1b: Arcanine\n|\n|-damage|p2a: Palafin|58\/100 brn|[from] brn\n|-damage|p2b: Iron Hands|94\/100 brn|[from] brn\n|upkeep\n|\n|t:|1681666785\n|switch|p1b: Roaring Moon|Roaring Moon, L50|100\/100\n|turn|4\n|\n|t:|1681666807\n|detailschange|p2a: Palafin|Palafin-Hero, L50, M, shiny, tera:Water\n|switch|p2a: Amoonguss|Amoonguss, L50, F, shiny|100\/100\n|-terastallize|p1b: Roaring Moon|Flying\n|move|p1b: Roaring Moon|Acrobatics|p2a: Amoonguss\n|-supereffective|p2a: Amoonguss\n|-damage|p2a: Amoonguss|0 fnt\n|faint|p2a: Amoonguss\n|move|p2b: Iron Hands|Drain Punch|p1b: Roaring Moon\n|-resisted|p1b: Roaring Moon\n|-damage|p1b: Roaring Moon|92\/100\n|-heal|p2b: Iron Hands|98\/100 brn|[from] drain|[of] p1b: Roaring Moon\n|move|p1a: Amoonguss|Pollen Puff|p1b: Roaring Moon\n|-heal|p1b: Roaring Moon|100\/100\n|\n|-damage|p2b: Iron Hands|92\/100 brn|[from] brn\n|upkeep\n|\n|t:|1681666828\n|switch|p2a: Palafin|Palafin-Hero, L50, M, shiny, tera:Water|58\/100 brn\n|-activate|p2a: Palafin|ability: Zero to Hero\n|turn|5\n|\n|t:|1681666845\n|move|p1a: Amoonguss|Rage Powder|p1a: Amoonguss\n|-singleturn|p1a: Amoonguss|move: Rage Powder\n|move|p2a: Palafin|Jet Punch|p1a: Amoonguss\n|-resisted|p1a: Amoonguss\n|-damage|p1a: Amoonguss|75\/100\n|move|p1b: Roaring Moon|Dragon Dance|p1b: Roaring Moon\n|-boost|p1b: Roaring Moon|atk|1\n|-boost|p1b: Roaring Moon|spe|1\n|move|p2b: Iron Hands|Wild Charge|p1b: Roaring Moon\n|-supereffective|p1b: Roaring Moon\n|-damage|p1b: Roaring Moon|62\/100\n|-damage|p2b: Iron Hands|84\/100 brn|[from] Recoil\n|\n|-damage|p2a: Palafin|52\/100 brn|[from] brn\n|-damage|p2b: Iron Hands|78\/100 brn|[from] brn\n|upkeep\n|turn|6\n|\n|t:|1681666862\n|move|p2a: Palafin|Protect|p2a: Palafin\n|-singleturn|p2a: Palafin|Protect\n|move|p1a: Amoonguss|Rage Powder|p1a: Amoonguss\n|-singleturn|p1a: Amoonguss|move: Rage Powder\n|move|p1b: Roaring Moon|Acrobatics|p2b: Iron Hands\n|-damage|p2b: Iron Hands|18\/100 brn\n|move|p2b: Iron Hands|Wild Charge|p1b: Roaring Moon\n|-supereffective|p1b: Roaring Moon\n|-crit|p1b: Roaring Moon\n|-damage|p1b: Roaring Moon|0 fnt\n|faint|p1b: Roaring Moon\n|-end|p1b: Roaring Moon|Protosynthesis|[silent]\n|-damage|p2b: Iron Hands|6\/100 brn|[from] Recoil\n|\n|-damage|p2a: Palafin|47\/100 brn|[from] brn\n|-damage|p2b: Iron Hands|0 fnt|[from] brn\n|faint|p2b: Iron Hands\n|-end|p2b: Iron Hands|Quark Drive|[silent]\n|upkeep\n|\n|t:|1681666876\n|switch|p1b: Chiyo|Flutter Mane, L50|100\/100\n|switch|p2b: Flutter Mane|Flutter Mane, L50|100\/100\n|turn|7\n|\n|t:|1681666892\n|move|p2b: Flutter Mane|Protect|p2b: Flutter Mane\n|-singleturn|p2b: Flutter Mane|Protect\n|move|p1a: Amoonguss|Rage Powder|p1a: Amoonguss\n|-singleturn|p1a: Amoonguss|move: Rage Powder\n|move|p2a: Palafin|Jet Punch|p1a: Amoonguss\n|-resisted|p1a: Amoonguss\n|-damage|p1a: Amoonguss|62\/100\n|move|p1b: Chiyo|Shadow Ball|p2b: Flutter Mane\n|-activate|p2b: Flutter Mane|move: Protect\n|\n|-damage|p2a: Palafin|41\/100 brn|[from] brn\n|upkeep\n|turn|8\n|\n|t:|1681666908\n|move|p1a: Amoonguss|Rage Powder|p1a: Amoonguss\n|-singleturn|p1a: Amoonguss|move: Rage Powder\n|move|p2b: Flutter Mane|Shadow Ball|p1a: Amoonguss\n|-damage|p1a: Amoonguss|30\/100\n|-enditem|p1a: Amoonguss|Sitrus Berry|[eat]\n|-heal|p1a: Amoonguss|55\/100|[from] item: Sitrus Berry\n|move|p1b: Chiyo|Shadow Ball|p2b: Flutter Mane\n|-supereffective|p2b: Flutter Mane\n|-enditem|p2b: Flutter Mane|Focus Sash\n|-damage|p2b: Flutter Mane|1\/100\n|move|p2a: Palafin|Wave Crash|p1a: Amoonguss\n|-resisted|p1a: Amoonguss\n|-damage|p1a: Amoonguss|28\/100\n|-damage|p2a: Palafin|30\/100 brn|[from] Recoil\n|\n|-damage|p2a: Palafin|24\/100 brn|[from] brn\n|upkeep\n|turn|9\n|\n|t:|1681666928\n|move|p1a: Amoonguss|Rage Powder|p1a: Amoonguss\n|-singleturn|p1a: Amoonguss|move: Rage Powder\n|move|p2a: Palafin|Jet Punch|p1a: Amoonguss\n|-resisted|p1a: Amoonguss\n|-damage|p1a: Amoonguss|15\/100\n|move|p2b: Flutter Mane|Shadow Ball|p1a: Amoonguss\n|-damage|p1a: Amoonguss|0 fnt\n|faint|p1a: Amoonguss\n|move|p1b: Chiyo|Shadow Ball|p2a: Palafin\n|-damage|p2a: Palafin|0 fnt\n|faint|p2a: Palafin\n|\n|upkeep\n|turn|10\n|\n|t:|1681666937\n|move|p2b: Flutter Mane|Shadow Ball|p1b: Chiyo\n|-supereffective|p1b: Chiyo\n|-crit|p1b: Chiyo\n|-damage|p1b: Chiyo|0 fnt\n|faint|p1b: Chiyo\n|-end|p1b: Chiyo|Protosynthesis|[silent]\n|\n|win|citiz3n5nipz\n|raw|ProAfroTest's rating: 1154 → 1133<\/strong> (-21 for losing)\n|raw|citiz3n5nipz's rating: 1203 → 1224<\/strong> (+21 for winning)\n|l|\u2606citiz3n5nipz\n|c|\u2606ProAfroTest|crit\n","uploadtime":1681666959,"views":14,"p1id":"proafrotest","p2id":"citiz3n5nipz","formatid":"gen9vgc2023regulationc","rating":1133,"private":0,"password":""}