{"id":"gen9vgc2023regulationc-1846659864","p1":"PoGoboy","p2":"Cheeseless","format":"[Gen 9] VGC 2023 Regulation C","log":"|j|\u2606PoGoboy\n|j|\u2606Cheeseless\n|t:|1681862706\n|gametype|doubles\n|player|p1|PoGoboy|rika|\n|player|p2|Cheeseless|1|\n|teamsize|p1|6\n|teamsize|p2|6\n|gen|9\n|tier|[Gen 9] VGC 2023 Regulation C\n|rated|Tournament battle\n|rule|Species Clause: Limit one of each Pok\u00e9mon\n|rule|Item Clause: Limit one of each item\n|clearpoke\n|poke|p1|Gardevoir, L50, F|\n|poke|p1|Garchomp, L50, M|\n|poke|p1|Abomasnow, L50, M|\n|poke|p1|Iron Bundle, L50|\n|poke|p1|Baxcalibur, L50, F|\n|poke|p1|Dragapult, L50, F|\n|poke|p2|Palafin, L50, F|\n|poke|p2|Scream Tail, L50|\n|poke|p2|Flutter Mane, L50|\n|poke|p2|Amoonguss, L50, M|\n|poke|p2|Arcanine, L50, M|\n|poke|p2|Gothitelle, L50, F|\n|teampreview|4\n|raw| Open Team Sheet for PoGoboy<\/summary>Gardevoir @ Weakness Policy Ability: Telepathy Level: 50 Shiny: Yes Tera Type: Water - Protect - Trick Room - Psychic - Dazzling Gleam Garchomp @ Choice Scarf Ability: Rough Skin Level: 50 Tera Type: Ground - Dragon Claw - Earthquake - Stomping Tantrum - Rock Slide Abomasnow @ Life Orb Ability: Snow Warning Level: 50 Shiny: Yes Tera Type: Water - Protect - Giga Drain - Blizzard - Earth Power Iron Bundle @ Booster Energy Ability: Quark Drive Level: 50 Shiny: Yes Tera Type: Water - Protect - Hydro Pump - Freeze-Dry - Icy Wind Baxcalibur @ Assault Vest Ability: Thermal Exchange Level: 50 Tera Type: Rock - Glaive Rush - Breaking Swipe - Icicle Crash - Ice Shard Dragapult @ Choice Band Ability: Clear Body Level: 50 Shiny: Yes Tera Type: Steel - Dragon Darts - Phantom Force - Sucker Punch - U-turn <\/details><\/div> Open Team Sheet for Cheeseless<\/summary>INEEDAHERO (Palafin) @ Mystic Water Ability: Zero to Hero Level: 50 Tera Type: Water - Protect - Wave Crash - Jet Punch - Close Combat AAAAAAAAAAAA (Scream Tail) @ Booster Energy Ability: Protosynthesis Level: 50 Shiny: Yes Tera Type: Steel - Protect - Perish Song - Disable - Play Rough EEEEEEEEEEEE (Flutter Mane) @ Focus Sash Ability: Protosynthesis Level: 50 Tera Type: Grass - Protect - Perish Song - Moonblast - Shadow Ball AMOGUS (Amoonguss) @ Mental Herb Ability: Regenerator Level: 50 Tera Type: Dark - Protect - Rage Powder - Spore - Pollen Puff AWOOOOOOOOOO (Arcanine) @ Safety Goggles Ability: Intimidate Level: 50 Tera Type: Water - Protect - Flare Blitz - Extreme Speed - Will-O-Wisp GO BIRD (Gothitelle) @ Sitrus Berry Ability: Shadow Tag Level: 50 Tera Type: Water - Protect - Fake Out - Psychic - Heal Pulse <\/details><\/div>\n|inactive|Battle timer is ON: inactive players will automatically lose when time's up. (requested by PoGoboy)\n|c|\u2606Cheeseless|glhf\n|j| PigsRuleVGC!!!\n|c|\u2606PoGoboy|U too\n|inactive|Cheeseless has 60 seconds left.\n|\n|t:|1681862759\n|start\n|switch|p1a: Gardevoir|Gardevoir, L50, F, shiny|100\/100\n|switch|p1b: Dragapult|Dragapult, L50, F, shiny|100\/100\n|switch|p2a: AWOOOOOOOOOO|Arcanine, L50, M|100\/100\n|switch|p2b: EEEEEEEEEEEE|Flutter Mane, L50|100\/100\n|-ability|p2a: AWOOOOOOOOOO|Intimidate|boost\n|-unboost|p1a: Gardevoir|atk|1\n|-fail|p1b: Dragapult|unboost|[from] ability: Clear Body|[of] p1b: Dragapult\n|turn|1\n|j| LukPeu\n|inactive|PoGoboy has 30 seconds left.\n|inactive|Cheeseless has 30 seconds left.\n|inactive|Cheeseless has 20 seconds left.\n|\n|t:|1681862800\n|move|p1b: Dragapult|Phantom Force||[still]\n|-prepare|p1b: Dragapult|Phantom Force\n|move|p2b: EEEEEEEEEEEE|Shadow Ball|p1a: Gardevoir\n|-supereffective|p1a: Gardevoir\n|-damage|p1a: Gardevoir|41\/100\n|-enditem|p1a: Gardevoir|Weakness Policy\n|-boost|p1a: Gardevoir|atk|2|[from] item: Weakness Policy\n|-boost|p1a: Gardevoir|spa|2|[from] item: Weakness Policy\n|move|p2a: AWOOOOOOOOOO|Flare Blitz|p1a: Gardevoir\n|-damage|p1a: Gardevoir|0 fnt\n|faint|p1a: Gardevoir\n|-damage|p2a: AWOOOOOOOOOO|87\/100|[from] Recoil\n|\n|upkeep\n|\n|t:|1681862817\n|switch|p1a: Baxcalibur|Baxcalibur, L50, F|100\/100\n|turn|2\n|inactive|Cheeseless has 30 seconds left.\n|inactive|Cheeseless has 20 seconds left.\n|inactive|Cheeseless has 15 seconds left.\n|\n|t:|1681862859\n|move|p2a: AWOOOOOOOOOO|Extreme Speed|p1a: Baxcalibur\n|-damage|p1a: Baxcalibur|78\/100\n|move|p1b: Dragapult|Phantom Force|p2b: EEEEEEEEEEEE|[from]lockedmove\n|-supereffective|p2b: EEEEEEEEEEEE\n|-enditem|p2b: EEEEEEEEEEEE|Focus Sash\n|-damage|p2b: EEEEEEEEEEEE|1\/100\n|move|p2b: EEEEEEEEEEEE|Shadow Ball|p1b: Dragapult\n|-supereffective|p1b: Dragapult\n|-damage|p1b: Dragapult|0 fnt\n|faint|p1b: Dragapult\n|move|p1a: Baxcalibur|Glaive Rush|p2a: AWOOOOOOOOOO\n|-damage|p2a: AWOOOOOOOOOO|0 fnt\n|-singlemove|p1a: Baxcalibur|Glaive Rush|[silent]\n|faint|p2a: AWOOOOOOOOOO\n|\n|upkeep\n|\n|t:|1681862875\n|switch|p1b: Garchomp|Garchomp, L50, M|100\/100\n|switch|p2a: GO BIRD|Gothitelle, L50, F|100\/100\n|turn|3\n|l| LukPeu\n|\n|t:|1681862896\n|-terastallize|p1b: Garchomp|Ground\n|move|p2a: GO BIRD|Fake Out|p1a: Baxcalibur\n|-damage|p1a: Baxcalibur|70\/100\n|cant|p1a: Baxcalibur|flinch\n|move|p1b: Garchomp|Stomping Tantrum|p2a: GO BIRD\n|-damage|p2a: GO BIRD|51\/100\n|move|p2b: EEEEEEEEEEEE|Moonblast|p1a: Baxcalibur\n|-supereffective|p1a: Baxcalibur\n|-damage|p1a: Baxcalibur|12\/100\n|-unboost|p1a: Baxcalibur|spa|1\n|\n|upkeep\n|turn|4\n|inactive|Cheeseless has 30 seconds left.\n|\n|t:|1681862929\n|-terastallize|p2a: GO BIRD|Water\n|move|p1b: Garchomp|Stomping Tantrum|p2b: EEEEEEEEEEEE\n|-damage|p2b: EEEEEEEEEEEE|0 fnt\n|faint|p2b: EEEEEEEEEEEE\n|-end|p2b: EEEEEEEEEEEE|Protosynthesis|[silent]\n|move|p1a: Baxcalibur|Glaive Rush|p2a: GO BIRD\n|-damage|p2a: GO BIRD|0 fnt\n|-singlemove|p1a: Baxcalibur|Glaive Rush|[silent]\n|faint|p2a: GO BIRD\n|\n|upkeep\n|\n|t:|1681862938\n|switch|p2b: AAAAAAAAAAAA|Scream Tail, L50, shiny|100\/100\n|-enditem|p2b: AAAAAAAAAAAA|Booster Energy\n|-activate|p2b: AAAAAAAAAAAA|ability: Protosynthesis|[fromitem]\n|-start|p2b: AAAAAAAAAAAA|protosynthesisspe\n|turn|5\n|\n|t:|1681862957\n|move|p2b: AAAAAAAAAAAA|Disable|p1b: Garchomp\n|-start|p1b: Garchomp|Disable|Stomping Tantrum\n|cant|p1b: Garchomp|Disable|Stomping Tantrum\n|move|p1a: Baxcalibur|Icicle Crash|p2b: AAAAAAAAAAAA\n|-damage|p2b: AAAAAAAAAAAA|60\/100\n|\n|upkeep\n|turn|6\n|\n|t:|1681862965\n|move|p2b: AAAAAAAAAAAA|Play Rough|p1a: Baxcalibur\n|-supereffective|p1a: Baxcalibur\n|-damage|p1a: Baxcalibur|0 fnt\n|faint|p1a: Baxcalibur\n|-activate|p1b: Garchomp|move: Struggle\n|move|p1b: Garchomp|Struggle|p2b: AAAAAAAAAAAA\n|-damage|p2b: AAAAAAAAAAAA|46\/100\n|-damage|p1b: Garchomp|75\/100|[from] recoil\n|\n|upkeep\n|turn|7\n|c|\u2606PoGoboy|Gg\n|\n|t:|1681862975\n|move|p2b: AAAAAAAAAAAA|Play Rough|p1b: Garchomp\n|-damage|p1b: Garchomp|54\/100\n|-damage|p2b: AAAAAAAAAAAA|34\/100|[from] ability: Rough Skin|[of] p1b: Garchomp\n|-activate|p1b: Garchomp|move: Struggle\n|move|p1b: Garchomp|Struggle|p2b: AAAAAAAAAAAA\n|-damage|p2b: AAAAAAAAAAAA|20\/100\n|-damage|p1b: Garchomp|28\/100|[from] recoil\n|\n|upkeep\n|turn|8\n|c|\u2606PoGoboy|Wait\n|inactive|Cheeseless has 30 seconds left.\n|\n|t:|1681863000\n|move|p2b: AAAAAAAAAAAA|Protect|p2b: AAAAAAAAAAAA\n|-singleturn|p2b: AAAAAAAAAAAA|Protect\n|-activate|p1b: Garchomp|move: Struggle\n|move|p1b: Garchomp|Struggle|p2b: AAAAAAAAAAAA\n|-activate|p2b: AAAAAAAAAAAA|move: Protect\n|\n|-end|p1b: Garchomp|Disable\n|upkeep\n|turn|9\n|\n|t:|1681863009\n|move|p2b: AAAAAAAAAAAA|Play Rough|p1b: Garchomp\n|-damage|p1b: Garchomp|7\/100\n|-damage|p2b: AAAAAAAAAAAA|8\/100|[from] ability: Rough Skin|[of] p1b: Garchomp\n|move|p1b: Garchomp|Stomping Tantrum|p2b: AAAAAAAAAAAA\n|-damage|p2b: AAAAAAAAAAAA|0 fnt\n|faint|p2b: AAAAAAAAAAAA\n|-end|p2b: AAAAAAAAAAAA|Protosynthesis|[silent]\n|\n|win|PoGoboy\n|n|\u2606PoGoboy|pogoboy\n|n|\u2606Cheeseless|cheeseless\n|n| PigsRuleVGC!!!|pigsrulevgc\n|c|\u2606Cheeseless|gg\n|player|p1|PoGoboy|rika\n|c|\u2606PoGoboy|Gg\n","uploadtime":1681863129,"views":10,"p1id":"pogoboy","p2id":"cheeseless","formatid":"gen9vgc2023regulationc","rating":0,"private":0,"password":""}