{"id":"gen9vgc2023regulationc-1859686096","p1":"gabrielsxavier","p2":"hrcgfdxcg","format":"[Gen 9] VGC 2023 Regulation C","log":"|j|\u2606gabrielsxavier\n|j|\u2606hrcgfdxcg\n|t:|1683556022\n|gametype|doubles\n|player|p1|gabrielsxavier|red|1103\n|player|p2|hrcgfdxcg|265|1000\n|teamsize|p1|6\n|teamsize|p2|6\n|gen|9\n|tier|[Gen 9] VGC 2023 Regulation C\n|rated|\n|rule|Species Clause: Limit one of each Pok\u00e9mon\n|rule|Item Clause: Limit one of each item\n|clearpoke\n|poke|p1|Dragonite, L50, M|\n|poke|p1|Arcanine, L50, F|\n|poke|p1|Flutter Mane, L50|\n|poke|p1|Amoonguss, L50, M|\n|poke|p1|Kingambit, L50, F|\n|poke|p1|Gyarados, L50, F|\n|poke|p2|Slaking, L50, F|\n|poke|p2|Torkoal, L50, F|\n|poke|p2|Oranguru, L50, F|\n|poke|p2|Sableye, L50, M|\n|poke|p2|Roaring Moon, L50|\n|poke|p2|Brute Bonnet, L50|\n|teampreview|4\n|inactive|Battle timer is ON: inactive players will automatically lose when time's up. (requested by hrcgfdxcg)\n|\n|t:|1683556045\n|start\n|switch|p1a: Kingambit|Kingambit, L50, F|100\/100\n|switch|p1b: Gyarados|Gyarados, L50, F|100\/100\n|switch|p2a: Sableye|Sableye, L50, M|100\/100\n|switch|p2b: Slaking|Slaking, L50, F|100\/100\n|-ability|p1b: Gyarados|Intimidate|boost\n|-unboost|p2a: Sableye|atk|1\n|-unboost|p2b: Slaking|atk|1\n|turn|1\n|\n|t:|1683556065\n|-terastallize|p1a: Kingambit|Fighting\n|move|p2a: Sableye|Skill Swap|p2b: Slaking\n|-activate|p2a: Sableye|move: Skill Swap|||[of] p2b: Slaking\n|move|p2b: Slaking|Curse|p2b: Slaking\n|-unboost|p2b: Slaking|spe|1\n|-boost|p2b: Slaking|atk|1\n|-boost|p2b: Slaking|def|1\n|move|p1b: Gyarados|Taunt|p2a: Sableye\n|-start|p2a: Sableye|move: Taunt\n|move|p1a: Kingambit|Low Kick|p2b: Slaking\n|-supereffective|p2b: Slaking\n|-damage|p2b: Slaking|51\/100\n|\n|-heal|p2b: Slaking|57\/100|[from] item: Leftovers\n|upkeep\n|turn|2\n|inactive|hrcgfdxcg has 30 seconds left.\n|\n|t:|1683556091\n|switch|p2a: Oranguru|Oranguru, L50, F|100\/100\n|move|p2b: Slaking|Curse|p2b: Slaking\n|-unboost|p2b: Slaking|spe|1\n|-boost|p2b: Slaking|atk|1\n|-boost|p2b: Slaking|def|1\n|move|p1b: Gyarados|Thunder Wave|p2b: Slaking\n|-status|p2b: Slaking|par\n|move|p1a: Kingambit|Low Kick|p2b: Slaking\n|-supereffective|p2b: Slaking\n|-damage|p2b: Slaking|15\/100 par\n|\n|-heal|p2b: Slaking|21\/100 par|[from] item: Leftovers\n|upkeep\n|turn|3\n|\n|t:|1683556115\n|move|p2b: Slaking|Slack Off|p2b: Slaking\n|-heal|p2b: Slaking|71\/100 par\n|move|p1b: Gyarados|Taunt|p2a: Oranguru\n|-start|p2a: Oranguru|move: Taunt\n|-enditem|p2a: Oranguru|Mental Herb\n|-end|p2a: Oranguru|move: Taunt\n|move|p1a: Kingambit|Low Kick|p2b: Slaking\n|-supereffective|p2b: Slaking\n|-damage|p2b: Slaking|29\/100 par\n|move|p2a: Oranguru|Trick Room|p2a: Oranguru\n|-fieldstart|move: Trick Room|[of] p2a: Oranguru\n|\n|-heal|p2b: Slaking|36\/100 par|[from] item: Leftovers\n|upkeep\n|turn|4\n|\n|t:|1683556134\n|move|p2b: Slaking|Curse|p2b: Slaking\n|-unboost|p2b: Slaking|spe|1\n|-boost|p2b: Slaking|atk|1\n|-boost|p2b: Slaking|def|1\n|move|p2a: Oranguru|Instruct|p2b: Slaking\n|-singleturn|p2b: Slaking|move: Instruct|[of] p2a: Oranguru\n|move|p2b: Slaking|Curse|p2b: Slaking\n|-unboost|p2b: Slaking|spe|1\n|-boost|p2b: Slaking|atk|1\n|-boost|p2b: Slaking|def|1\n|move|p1a: Kingambit|Assurance|p2a: Oranguru\n|-supereffective|p2a: Oranguru\n|-damage|p2a: Oranguru|20\/100\n|move|p1b: Gyarados|Taunt|p2b: Slaking\n|-start|p2b: Slaking|move: Taunt\n|\n|-heal|p2b: Slaking|42\/100 par|[from] item: Leftovers\n|upkeep\n|turn|5\n|\n|t:|1683556159\n|-terastallize|p2b: Slaking|Ghost\n|move|p1a: Kingambit|Sucker Punch|p2b: Slaking\n|-supereffective|p2b: Slaking\n|-damage|p2b: Slaking|23\/100 par\n|move|p2b: Slaking|Aerial Ace|p1a: Kingambit\n|-supereffective|p1a: Kingambit\n|-crit|p1a: Kingambit\n|-damage|p1a: Kingambit|0 fnt\n|faint|p1a: Kingambit\n|move|p2a: Oranguru|Yawn|p1b: Gyarados\n|-start|p1b: Gyarados|move: Yawn|[of] p2a: Oranguru\n|move|p1b: Gyarados|Waterfall|p2b: Slaking\n|-damage|p2b: Slaking|12\/100 par\n|\n|-heal|p2b: Slaking|18\/100 par|[from] item: Leftovers\n|upkeep\n|\n|t:|1683556173\n|switch|p1a: Amoonguss|Amoonguss, L50, M|100\/100\n|turn|6\n|\n|t:|1683556185\n|switch|p1b: Flutter Mane|Flutter Mane, L50|100\/100\n|-enditem|p1b: Flutter Mane|Booster Energy\n|-activate|p1b: Flutter Mane|ability: Protosynthesis|[fromitem]\n|-start|p1b: Flutter Mane|protosynthesisspe\n|move|p1a: Amoonguss|Rage Powder|p1a: Amoonguss\n|-singleturn|p1a: Amoonguss|move: Rage Powder\n|move|p2b: Slaking|Aerial Ace|p1a: Amoonguss\n|-supereffective|p1a: Amoonguss\n|-damage|p1a: Amoonguss|15\/100\n|-damage|p2b: Slaking|2\/100 par|[from] item: Rocky Helmet|[of] p1a: Amoonguss\n|move|p2a: Oranguru|Instruct|p1a: Amoonguss\n|-singleturn|p1a: Amoonguss|move: Instruct|[of] p2a: Oranguru\n|move|p1a: Amoonguss|Rage Powder||[still]\n|-fail|p1a: Amoonguss\n|\n|-heal|p2b: Slaking|8\/100 par|[from] item: Leftovers\n|upkeep\n|turn|7\n|inactive|gabrielsxavier has 30 seconds left.\n|inactive|hrcgfdxcg has 30 seconds left.\n|\n|t:|1683556214\n|cant|p2b: Slaking|par\n|move|p1a: Amoonguss|Clear Smog|p2b: Slaking\n|-resisted|p2b: Slaking\n|-damage|p2b: Slaking|4\/100 par\n|-clearboost|p2b: Slaking\n|move|p2a: Oranguru|Yawn|p1b: Flutter Mane\n|-start|p1b: Flutter Mane|move: Yawn|[of] p2a: Oranguru\n|move|p1b: Flutter Mane|Substitute|p1b: Flutter Mane\n|-start|p1b: Flutter Mane|Substitute\n|-damage|p1b: Flutter Mane|76\/100\n|\n|-heal|p2b: Slaking|10\/100 par|[from] item: Leftovers\n|-end|p2b: Slaking|move: Taunt\n|-fieldend|move: Trick Room\n|upkeep\n|turn|8\n|\n|t:|1683556235\n|switch|p1a: Gyarados|Gyarados, L50, F|100\/100\n|-ability|p1a: Gyarados|Intimidate|boost\n|-fail|p2a: Oranguru|unboost|Attack|[from] ability: Inner Focus|[of] p2a: Oranguru\n|-unboost|p2b: Slaking|atk|1\n|move|p2b: Slaking|Slack Off|p2b: Slaking\n|-heal|p2b: Slaking|60\/100 par\n|move|p1b: Flutter Mane|Shadow Ball|p2b: Slaking\n|-supereffective|p2b: Slaking\n|-damage|p2b: Slaking|6\/100 par\n|-unboost|p2b: Slaking|spd|1\n|move|p2a: Oranguru|Trick Room|p2a: Oranguru\n|-fieldstart|move: Trick Room|[of] p2a: Oranguru\n|\n|-heal|p2b: Slaking|12\/100 par|[from] item: Leftovers\n|-end|p1b: Flutter Mane|move: Yawn|[silent]\n|-status|p1b: Flutter Mane|slp\n|upkeep\n|turn|9\n|\n|t:|1683556258\n|move|p2b: Slaking|Slack Off|p2b: Slaking\n|-heal|p2b: Slaking|62\/100 par\n|move|p2a: Oranguru|Yawn|p1a: Gyarados\n|-start|p1a: Gyarados|move: Yawn|[of] p2a: Oranguru\n|move|p1a: Gyarados|Taunt|p2b: Slaking\n|-start|p2b: Slaking|move: Taunt\n|cant|p1b: Flutter Mane|slp\n|\n|-heal|p2b: Slaking|68\/100 par|[from] item: Leftovers\n|upkeep\n|turn|10\n|\n|t:|1683556279\n|switch|p2a: Torkoal|Torkoal, L50, F|100\/100\n|-weather|SunnyDay|[from] ability: Drought|[of] p2a: Torkoal\n|switch|p1a: Amoonguss|Amoonguss, L50, M|48\/100\n|move|p2b: Slaking|Aerial Ace|p1b: Flutter Mane\n|-end|p1b: Flutter Mane|Substitute\n|cant|p1b: Flutter Mane|slp\n|\n|-weather|SunnyDay|[upkeep]\n|-heal|p2b: Slaking|74\/100 par|[from] item: Leftovers\n|upkeep\n|turn|11\n|\n|t:|1683556297\n|move|p1a: Amoonguss|Rage Powder|p1a: Amoonguss\n|-singleturn|p1a: Amoonguss|move: Rage Powder\n|move|p2a: Torkoal|Eruption|p1a: Amoonguss|[spread] p1a,p1b\n|-supereffective|p1a: Amoonguss\n|-damage|p1a: Amoonguss|0 fnt\n|-damage|p1b: Flutter Mane|0 fnt\n|faint|p1a: Amoonguss\n|faint|p1b: Flutter Mane\n|-end|p1b: Flutter Mane|Protosynthesis|[silent]\n|move|p2b: Slaking|Aerial Ace|p1: Amoonguss|[notarget]\n|-fail|p2b: Slaking\n|\n|-weather|SunnyDay|[upkeep]\n|-heal|p2b: Slaking|81\/100 par|[from] item: Leftovers\n|upkeep\n|-message|gabrielsxavier forfeited.\n|\n|win|hrcgfdxcg\n|raw|gabrielsxavier's rating: 1103 → 1071<\/strong> (-32 for losing)\n|raw|hrcgfdxcg's rating: 1000 → 1052<\/strong> (+52 for winning)\n|l|\u2606gabrielsxavier\n","uploadtime":1683556523,"views":8,"p1id":"gabrielsxavier","p2id":"hrcgfdxcg","formatid":"gen9vgc2023regulationc","rating":1052,"private":0,"password":""}