{"id":"gen9vgc2023regulationc-1861452739","p1":"kricketot marx","p2":"WOLFIELIL","format":"[Gen 9] VGC 2023 Regulation C","log":"|j|\u2606kricketot marx\n|j|\u2606WOLFIELIL\n|t:|1683759660\n|gametype|doubles\n|player|p1|kricketot marx|lyra-masters2|1468\n|player|p2|WOLFIELIL|brycenman|1451\n|teamsize|p1|6\n|teamsize|p2|6\n|gen|9\n|tier|[Gen 9] VGC 2023 Regulation C\n|rated|\n|rule|Species Clause: Limit one of each Pok\u00e9mon\n|rule|Item Clause: Limit one of each item\n|clearpoke\n|poke|p1|Scream Tail, L50|\n|poke|p1|Baxcalibur, L50, M|\n|poke|p1|Corviknight, L50, M|\n|poke|p1|Rotom-Wash, L50|\n|poke|p1|Flutter Mane, L50|\n|poke|p1|Tyranitar, L50, M|\n|poke|p2|Ting-Lu, L50|\n|poke|p2|Dragonite, L50, F|\n|poke|p2|Dondozo, L50, F|\n|poke|p2|Chien-Pao, L50|\n|poke|p2|Tatsugiri-Stretchy, L50, F|\n|poke|p2|Glimmora, L50, M|\n|teampreview|4\nkricketot marx has agreed to open team sheets.\nWOLFIELIL has agreed to open team sheets.\n|inactive|Battle timer is ON: inactive players will automatically lose when time's up. (requested by WOLFIELIL)\n|\n|t:|1683759739\n|start\n|switch|p1a: Baxcalibur|Baxcalibur, L50, M|100\/100\n|switch|p1b: Flutter Mane|Flutter Mane, L50|100\/100\n|switch|p2a: Ting-Lu|Ting-Lu, L50|100\/100\n|switch|p2b: Glimmora|Glimmora, L50, M|100\/100\n|-ability|p2a: Ting-Lu|Vessel of Ruin\n|turn|1\n|inactive|kricketot marx has 30 seconds left.\n|inactive|WOLFIELIL has 30 seconds left.\n|inactive|WOLFIELIL has 20 seconds left.\n|inactive|WOLFIELIL has 15 seconds left.\n|inactive|WOLFIELIL has 10 seconds left.\n|inactive|WOLFIELIL has 5 seconds left.\n|\n|t:|1683759791\n|-terastallize|p1a: Baxcalibur|Poison\n|-terastallize|p2a: Ting-Lu|Fairy\n|move|p1b: Flutter Mane|Protect|p1b: Flutter Mane\n|-singleturn|p1b: Flutter Mane|Protect\n|move|p1a: Baxcalibur|Icicle Spear|p2a: Ting-Lu\n|-damage|p2a: Ting-Lu|91\/100\n|-damage|p2a: Ting-Lu|83\/100\n|-damage|p2a: Ting-Lu|74\/100\n|-damage|p2a: Ting-Lu|65\/100\n|-damage|p2a: Ting-Lu|56\/100\n|-hitcount|p2a: Ting-Lu|5\n|move|p2b: Glimmora|Mortal Spin|p1b: Flutter Mane|[spread] p1a\n|-activate|p1b: Flutter Mane|move: Protect\n|-resisted|p1a: Baxcalibur\n|-damage|p1a: Baxcalibur|98\/100\n|move|p2a: Ting-Lu|Stealth Rock|p1b: Flutter Mane\n|-sidestart|p1: kricketot marx|move: Stealth Rock\n|\n|upkeep\n|turn|2\n|inactive|kricketot marx has 30 seconds left.\n|inactive|WOLFIELIL has 30 seconds left.\n|\n|t:|1683759824\n|move|p1b: Flutter Mane|Shadow Ball|p2b: Glimmora\n|-damage|p2b: Glimmora|63\/100\n|-damage|p1b: Flutter Mane|91\/100|[from] item: Life Orb\n|move|p1a: Baxcalibur|Glaive Rush|p2b: Glimmora\n|-damage|p2b: Glimmora|6\/100\n|-singlemove|p1a: Baxcalibur|Glaive Rush|[silent]\n|-activate|p2b: Glimmora|ability: Toxic Debris\n|-sidestart|p1: kricketot marx|move: Toxic Spikes\n|-enditem|p2b: Glimmora|Sitrus Berry|[eat]\n|-heal|p2b: Glimmora|31\/100|[from] item: Sitrus Berry\n|move|p2b: Glimmora|Earth Power|p1a: Baxcalibur\n|-supereffective|p1a: Baxcalibur\n|-damage|p1a: Baxcalibur|16\/100\n|move|p2a: Ting-Lu|Earthquake|p1a: Baxcalibur|[spread] p2b,p1a,p1b\n|-supereffective|p2b: Glimmora\n|-supereffective|p1a: Baxcalibur\n|-crit|p1a: Baxcalibur\n|-damage|p2b: Glimmora|0 fnt\n|-damage|p1a: Baxcalibur|0 fnt\n|-damage|p1b: Flutter Mane|46\/100\n|-activate|p2b: Glimmora|ability: Toxic Debris\n|-sidestart|p1: kricketot marx|move: Toxic Spikes\n|faint|p2b: Glimmora\n|faint|p1a: Baxcalibur\n|\n|upkeep\n|\n|t:|1683759842\n|switch|p1a: Rotom|Rotom-Wash, L50, shiny|100\/100\n|switch|p2b: Chien-Pao|Chien-Pao, L50|100\/100\n|-ability|p2b: Chien-Pao|Sword of Ruin\n|-damage|p1a: Rotom|88\/100|[from] Stealth Rock\n|turn|3\n|\n|t:|1683759853\n|move|p1b: Flutter Mane|Protect|p1b: Flutter Mane\n|-singleturn|p1b: Flutter Mane|Protect\n|move|p2b: Chien-Pao|Sucker Punch||[still]\n|-fail|p2b: Chien-Pao\n|move|p1a: Rotom|Will-O-Wisp|p2b: Chien-Pao\n|-status|p2b: Chien-Pao|brn\n|move|p2a: Ting-Lu|Ruination|p1a: Rotom\n|-damage|p1a: Rotom|45\/100\n|-enditem|p1a: Rotom|Sitrus Berry|[eat]\n|-heal|p1a: Rotom|70\/100|[from] item: Sitrus Berry\n|\n|-damage|p2b: Chien-Pao|95\/100 brn|[from] brn\n|upkeep\n|turn|4\n|inactive|kricketot marx has 30 seconds left.\n|\n|t:|1683759883\n|move|p2b: Chien-Pao|Protect|p2b: Chien-Pao\n|-singleturn|p2b: Chien-Pao|Protect\n|move|p1b: Flutter Mane|Substitute|p1b: Flutter Mane\n|-start|p1b: Flutter Mane|Substitute\n|-damage|p1b: Flutter Mane|21\/100\n|move|p1a: Rotom|Hydro Pump|p2a: Ting-Lu\n|-damage|p2a: Ting-Lu|38\/100\n|move|p2a: Ting-Lu|Ruination|p1b: Flutter Mane\n|-activate|p1b: Flutter Mane|move: Substitute|[damage]\n|\n|-damage|p2b: Chien-Pao|89\/100 brn|[from] brn\n|upkeep\n|turn|5\n|inactive|WOLFIELIL has 30 seconds left.\n|inactive|kricketot marx has 30 seconds left.\n|\n|t:|1683759914\n|move|p2b: Chien-Pao|Sucker Punch|p1b: Flutter Mane\n|-end|p1b: Flutter Mane|Substitute\n|move|p1b: Flutter Mane|Moonblast|p2b: Chien-Pao\n|-supereffective|p2b: Chien-Pao\n|-damage|p2b: Chien-Pao|0 fnt\n|faint|p2b: Chien-Pao\n|-damage|p1b: Flutter Mane|12\/100|[from] item: Life Orb\n|move|p1a: Rotom|Thunderbolt|p2a: Ting-Lu\n|-damage|p2a: Ting-Lu|23\/100\n|move|p2a: Ting-Lu|Ruination|p1a: Rotom\n|-damage|p1a: Rotom|35\/100\n|\n|upkeep\n|\n|t:|1683759925\n|switch|p2b: Dragonite|Dragonite, L50, F|100\/100\n|turn|6\n|\n|t:|1683759939\n|move|p2b: Dragonite|Extreme Speed|p1a: Rotom\n|-damage|p1a: Rotom|0 fnt\n|faint|p1a: Rotom\n|move|p1b: Flutter Mane|Moonblast|p2a: Ting-Lu\n|-damage|p2a: Ting-Lu|0 fnt\n|faint|p2a: Ting-Lu\n|-damage|p1b: Flutter Mane|3\/100|[from] item: Life Orb\n|\n|upkeep\n|\n|t:|1683759944\n|switch|p1a: Scream Tail|Scream Tail, L50, shiny|100\/100\n|-damage|p1a: Scream Tail|88\/100|[from] Stealth Rock\n|-status|p1a: Scream Tail|tox\n|-enditem|p1a: Scream Tail|Booster Energy\n|-activate|p1a: Scream Tail|ability: Protosynthesis|[fromitem]\n|-start|p1a: Scream Tail|protosynthesisspe\n|turn|7\n|\n|t:|1683759961\n|move|p2b: Dragonite|Extreme Speed|p1a: Scream Tail\n|-damage|p1a: Scream Tail|50\/100 tox\n|move|p1a: Scream Tail|Play Rough|p2b: Dragonite\n|-supereffective|p2b: Dragonite\n|-damage|p2b: Dragonite|80\/100\n|move|p1b: Flutter Mane|Substitute|p1b: Flutter Mane\n|-fail|p1b: Flutter Mane|move: Substitute|[weak]\n|\n|-damage|p1a: Scream Tail|45\/100 tox|[from] psn\n|upkeep\n|turn|8\n|\n|t:|1683759971\n|move|p2b: Dragonite|Extreme Speed|p1a: Scream Tail\n|-damage|p1a: Scream Tail|6\/100 tox\n|move|p1a: Scream Tail|Play Rough|p2b: Dragonite\n|-supereffective|p2b: Dragonite\n|-damage|p2b: Dragonite|41\/100\n|move|p1b: Flutter Mane|Moonblast|p2b: Dragonite\n|-supereffective|p2b: Dragonite\n|-damage|p2b: Dragonite|0 fnt\n|faint|p2b: Dragonite\n|-damage|p1b: Flutter Mane|0 fnt|[from] item: Life Orb\n|faint|p1b: Flutter Mane\n|-end|p1b: Flutter Mane|Protosynthesis|[silent]\n|\n|win|kricketot marx\n|raw|kricketot marx's rating: 1468 → 1487<\/strong> (+19 for winning)\n|raw|WOLFIELIL's rating: 1451 → 1432<\/strong> (-19 for losing)\n","uploadtime":1683759983,"views":10,"p1id":"kricketotmarx","p2id":"wolfielil","formatid":"gen9vgc2023regulationc","rating":1432,"private":0,"password":""}