{"id":"gen9vgc2023regulationc-1856220531","p1":"M87testing","p2":"Hadrian1917","format":"[Gen 9] VGC 2023 Regulation C","log":"|j|\u2606M87testing\n|j|\u2606Hadrian1917\n|t:|1683042025\n|gametype|doubles\n|player|p1|M87testing|169|1113\n|player|p2|Hadrian1917|brock|1104\n|teamsize|p1|6\n|teamsize|p2|6\n|gen|9\n|tier|[Gen 9] VGC 2023 Regulation C\n|rated|\n|rule|Species Clause: Limit one of each Pok\u00e9mon\n|rule|Item Clause: Limit one of each item\n|clearpoke\n|poke|p1|Hawlucha, L50, F|\n|poke|p1|Grimmsnarl, L50, M|\n|poke|p1|Amoonguss, L50, M|\n|poke|p1|Farigiraf, L50, F|\n|poke|p1|Torkoal, L50, F|\n|poke|p1|Dragonite, L50, M|\n|poke|p2|Flutter Mane, L50|\n|poke|p2|Chi-Yu, L50|\n|poke|p2|Iron Hands, L50|\n|poke|p2|Ting-Lu, L50|\n|poke|p2|Gyarados, L50, F|\n|poke|p2|Amoonguss, L50, M|\n|teampreview|4\n|inactive|Battle timer is ON: inactive players will automatically lose when time's up. (requested by Hadrian1917)\n|inactive|M87testing has 60 seconds left.\n|inactive|Hadrian1917 has 60 seconds left.\n|inactive|Hadrian1917 has 30 seconds left.\n|inactive|Hadrian1917 has 20 seconds left.\n|inactive|Hadrian1917 has 15 seconds left.\n|inactive|Hadrian1917 has 10 seconds left.\n|inactive|Hadrian1917 has 5 seconds left.\n|\n|t:|1683042119\n|start\n|switch|p1a: Grimmsnarl|Grimmsnarl, L50, M|100\/100\n|switch|p1b: Hawlucha|Hawlucha, L50, F|100\/100\n|switch|p2a: Flutter Mane|Flutter Mane, L50|100\/100\n|switch|p2b: Chi-Yu|Chi-Yu, L50|100\/100\n|-ability|p2b: Chi-Yu|Beads of Ruin\n|-enditem|p2a: Flutter Mane|Booster Energy\n|-activate|p2a: Flutter Mane|ability: Protosynthesis|[fromitem]\n|-start|p2a: Flutter Mane|protosynthesisspa\n|turn|1\n|inactive|Hadrian1917 has 30 seconds left.\n|inactive|Hadrian1917 has 20 seconds left.\n|inactive|Hadrian1917 has 15 seconds left.\n|inactive|Hadrian1917 has 10 seconds left.\n|\n|t:|1683042168\n|-terastallize|p1b: Hawlucha|Fire\n|move|p1a: Grimmsnarl|Fake Out|p2b: Chi-Yu\n|-damage|p2b: Chi-Yu|87\/100\n|move|p2a: Flutter Mane|Moonblast|p1b: Hawlucha\n|-resisted|p1b: Hawlucha\n|-damage|p1b: Hawlucha|41\/100\n|cant|p2b: Chi-Yu|flinch\n|move|p1b: Hawlucha|Flying Press|p2b: Chi-Yu\n|-supereffective|p2b: Chi-Yu\n|-damage|p2b: Chi-Yu|0 fnt\n|faint|p2b: Chi-Yu\n|\n|upkeep\n|\n|t:|1683042187\n|switch|p2b: Iron Hands|Iron Hands, L50|100\/100\n|turn|2\n|\n|t:|1683042199\n|move|p1b: Hawlucha|Detect|p1b: Hawlucha\n|-singleturn|p1b: Hawlucha|Protect\n|move|p2b: Iron Hands|Fake Out|p1a: Grimmsnarl\n|-damage|p1a: Grimmsnarl|84\/100\n|move|p2a: Flutter Mane|Moonblast|p1b: Hawlucha\n|-activate|p1b: Hawlucha|move: Protect\n|cant|p1a: Grimmsnarl|flinch\n|\n|upkeep\n|turn|3\n|\n|t:|1683042219\n|move|p2a: Flutter Mane|Protect|p2a: Flutter Mane\n|-singleturn|p2a: Flutter Mane|Protect\n|move|p1a: Grimmsnarl|Swagger|p1b: Hawlucha\n|-boost|p1b: Hawlucha|atk|2\n|-start|p1b: Hawlucha|confusion\n|-enditem|p1b: Hawlucha|Persim Berry|[eat]\n|-end|p1b: Hawlucha|confusion\n|move|p1b: Hawlucha|Acrobatics|p2a: Flutter Mane\n|-activate|p2a: Flutter Mane|move: Protect\n|move|p2b: Iron Hands|Drain Punch|p1b: Hawlucha\n|-damage|p1b: Hawlucha|0 fnt\n|faint|p1b: Hawlucha\n|\n|upkeep\n|\n|t:|1683042232\n|switch|p1b: Amoonguss|Amoonguss, L50, M|100\/100\n|turn|4\n|\n|t:|1683042245\n|-terastallize|p2b: Iron Hands|Grass\n|move|p1a: Grimmsnarl|Thunder Wave|p2a: Flutter Mane\n|-status|p2a: Flutter Mane|par\n|move|p2a: Flutter Mane|Substitute|p2a: Flutter Mane\n|-start|p2a: Flutter Mane|Substitute\n|-damage|p2a: Flutter Mane|76\/100 par\n|move|p2b: Iron Hands|Wild Charge|p1a: Grimmsnarl\n|-damage|p1a: Grimmsnarl|36\/100\n|-damage|p2b: Iron Hands|90\/100|[from] Recoil\n|move|p1b: Amoonguss|Spore|p2b: Iron Hands\n|-immune|p2b: Iron Hands\n|\n|upkeep\n|turn|5\n|\n|t:|1683042269\n|move|p1b: Amoonguss|Rage Powder|p1b: Amoonguss\n|-singleturn|p1b: Amoonguss|move: Rage Powder\n|move|p2a: Flutter Mane|Shadow Ball|p1b: Amoonguss\n|-damage|p1b: Amoonguss|56\/100\n|move|p1a: Grimmsnarl|Spirit Break|p2a: Flutter Mane\n|-end|p2a: Flutter Mane|Substitute\n|move|p2b: Iron Hands|Wild Charge|p1a: Grimmsnarl\n|-damage|p1a: Grimmsnarl|0 fnt\n|faint|p1a: Grimmsnarl\n|-damage|p2b: Iron Hands|83\/100|[from] Recoil\n|\n|upkeep\n|-message|M87testing forfeited.\n|\n|win|Hadrian1917\n|raw|M87testing's rating: 1113 → 1087<\/strong> (-26 for losing)\n|raw|Hadrian1917's rating: 1104 → 1130<\/strong> (+26 for winning)\n|l|\u2606M87testing\n","uploadtime":1683042279,"views":8,"p1id":"m87testing","p2id":"hadrian1917","formatid":"gen9vgc2023regulationc","rating":1087,"private":0,"password":""}