{"id":"gen9vgc2023regulationc-1849861776","p1":"rikysama","p2":"PuniHina","format":"[Gen 9] VGC 2023 Regulation C","log":"|j|\u2606rikysama\n|j|\u2606PuniHina\n|t:|1682261788\n|gametype|doubles\n|player|p1|rikysama|lucas|1581\n|player|p2|PuniHina|marley|1656\n|teamsize|p1|6\n|teamsize|p2|6\n|gen|9\n|tier|[Gen 9] VGC 2023 Regulation C\n|rated|\n|rule|Species Clause: Limit one of each Pok\u00e9mon\n|rule|Item Clause: Limit one of each item\n|clearpoke\n|poke|p1|Chi-Yu, L50|\n|poke|p1|Iron Hands, L50|\n|poke|p1|Farigiraf, L50, F|\n|poke|p1|Amoonguss, L50, M|\n|poke|p1|Flutter Mane, L50|\n|poke|p1|Gyarados, L50, M|\n|poke|p2|Gholdengo, L50|\n|poke|p2|Glimmora, L50, M|\n|poke|p2|Wo-Chien, L50|\n|poke|p2|Iron Bundle, L50|\n|poke|p2|Arcanine, L50, F|\n|poke|p2|Flutter Mane, L50|\n|teampreview|4\nrikysama has agreed to open team sheets.\n|inactive|Battle timer is ON: inactive players will automatically lose when time's up. (requested by rikysama)\n|inactive|rikysama has 60 seconds left.\n|\n|t:|1682261833\n|start\n|switch|p1a: Bishop|Iron Hands, L50|100\/100\n|switch|p1b: Enchantress|Farigiraf, L50, F|100\/100\n|switch|p2a: Itachi Rin|Flutter Mane, L50|100\/100\n|switch|p2b: Gholdengo|Gholdengo, L50|100\/100\n|-enditem|p2a: Itachi Rin|Booster Energy\n|-activate|p2a: Itachi Rin|ability: Protosynthesis|[fromitem]\n|-start|p2a: Itachi Rin|protosynthesisspa\n|turn|1\n|\n|t:|1682261849\n|-terastallize|p2a: Itachi Rin|Fairy\n|-terastallize|p1a: Bishop|Fire\n|move|p2a: Itachi Rin|Moonblast|p1b: Enchantress\n|-damage|p1b: Enchantress|15\/100\n|move|p2b: Gholdengo|Make It Rain|p1b: Enchantress|[spread] p1a,p1b\n|-resisted|p1a: Bishop\n|-damage|p1a: Bishop|83\/100\n|-damage|p1b: Enchantress|0 fnt\n|-unboost|p2b: Gholdengo|spa|1\n|faint|p1b: Enchantress\n|move|p1a: Bishop|Swords Dance|p1a: Bishop\n|-boost|p1a: Bishop|atk|2\n|\n|upkeep\n|\n|t:|1682261864\n|switch|p1b: Hazmat|Amoonguss, L50, M|100\/100\n|turn|2\n|\n|t:|1682261878\n|move|p2a: Itachi Rin|Protect|p2a: Itachi Rin\n|-singleturn|p2a: Itachi Rin|Protect\n|move|p2b: Gholdengo|Nasty Plot|p2b: Gholdengo\n|-boost|p2b: Gholdengo|spa|2\n|move|p1a: Bishop|Thunder Punch|p2a: Itachi Rin\n|-activate|p2a: Itachi Rin|move: Protect\n|move|p1b: Hazmat|Pollen Puff|p1a: Bishop\n|-heal|p1a: Bishop|100\/100\n|\n|upkeep\n|turn|3\n|\n|t:|1682261897\n|move|p2a: Itachi Rin|Substitute|p2a: Itachi Rin\n|-start|p2a: Itachi Rin|Substitute\n|-damage|p2a: Itachi Rin|76\/100\n|move|p2b: Gholdengo|Shadow Ball|p1a: Bishop\n|-damage|p1a: Bishop|52\/100\n|move|p1a: Bishop|Thunder Punch|p2a: Itachi Rin\n|-end|p2a: Itachi Rin|Substitute\n|move|p1b: Hazmat|Pollen Puff|p1a: Bishop\n|-heal|p1a: Bishop|100\/100\n|\n|upkeep\n|turn|4\n|\n|t:|1682261911\n|move|p2a: Itachi Rin|Protect|p2a: Itachi Rin\n|-singleturn|p2a: Itachi Rin|Protect\n|move|p2b: Gholdengo|Nasty Plot|p2b: Gholdengo\n|-boost|p2b: Gholdengo|spa|2\n|move|p1a: Bishop|Thunder Punch|p2b: Gholdengo\n|-damage|p2b: Gholdengo|31\/100\n|move|p1b: Hazmat|Spore|p2a: Itachi Rin\n|-activate|p2a: Itachi Rin|move: Protect\n|\n|-heal|p2b: Gholdengo|37\/100|[from] item: Leftovers\n|upkeep\n|turn|5\n|\n|t:|1682261924\n|move|p2b: Gholdengo|Protect|p2b: Gholdengo\n|-singleturn|p2b: Gholdengo|Protect\n|move|p1b: Hazmat|Rage Powder|p1b: Hazmat\n|-singleturn|p1b: Hazmat|move: Rage Powder\n|move|p2a: Itachi Rin|Substitute|p2a: Itachi Rin\n|-start|p2a: Itachi Rin|Substitute\n|-damage|p2a: Itachi Rin|51\/100\n|move|p1a: Bishop|Thunder Punch|p2b: Gholdengo\n|-activate|p2b: Gholdengo|move: Protect\n|\n|-heal|p2b: Gholdengo|44\/100|[from] item: Leftovers\n|upkeep\n|turn|6\n|\n|t:|1682261937\n|move|p1b: Hazmat|Rage Powder|p1b: Hazmat\n|-singleturn|p1b: Hazmat|move: Rage Powder\n|move|p2a: Itachi Rin|Shadow Ball|p1b: Hazmat\n|-damage|p1b: Hazmat|53\/100\n|move|p2b: Gholdengo|Shadow Ball|p1b: Hazmat\n|-damage|p1b: Hazmat|0 fnt\n|faint|p1b: Hazmat\n|move|p1a: Bishop|Thunder Punch|p2b: Gholdengo\n|-damage|p2b: Gholdengo|0 fnt\n|faint|p2b: Gholdengo\n|\n|upkeep\n|\n|t:|1682261950\n|switch|p2b: Filmora|Glimmora, L50, M|100\/100\n|switch|p1b: Sunspot|Chi-Yu, L50|100\/100\n|-ability|p1b: Sunspot|Beads of Ruin\n|turn|7\n|\n|t:|1682261962\n|move|p2a: Itachi Rin|Shadow Ball|p1a: Bishop\n|-damage|p1a: Bishop|43\/100\n|move|p1b: Sunspot|Heat Wave|p2b: Filmora|[spread] p2a,p2b\n|-end|p2a: Itachi Rin|Substitute\n|-resisted|p2b: Filmora\n|-damage|p2b: Filmora|85\/100\n|move|p2b: Filmora|Power Gem|p1a: Bishop\n|-supereffective|p1a: Bishop\n|-damage|p1a: Bishop|0 fnt\n|faint|p1a: Bishop\n|-end|p1a: Bishop|Quark Drive|[silent]\n|\n|upkeep\n|turn|8\n|-message|rikysama forfeited.\n|\n|win|PuniHina\n|raw|rikysama's rating: 1581 → 1565<\/strong> (-16 for losing)\n|raw|PuniHina's rating: 1656 → 1672<\/strong> (+16 for winning)\n|l|\u2606rikysama\n","uploadtime":1682261994,"views":12,"p1id":"rikysama","p2id":"punihina","formatid":"gen9vgc2023regulationc","rating":1565,"private":0,"password":""}