{"id":"gen9vgc2023regulationc-1852263743","p1":"Rosely","p2":"b(R)2","format":"[Gen 9] VGC 2023 Regulation C","log":"|j|\u203dRosely\n|j|\u2606b(R)2\n|t:|1682538014\n|gametype|doubles\n|player|p1|Rosely|265|1212\n|player|p2|b(R)2|266|1107\n|teamsize|p1|6\n|teamsize|p2|6\n|gen|9\n|tier|[Gen 9] VGC 2023 Regulation C\n|rated|\n|rule|Species Clause: Limit one of each Pok\u00e9mon\n|rule|Item Clause: Limit one of each item\n|clearpoke\n|poke|p1|Dondozo, L50, M|\n|poke|p1|Tatsugiri-Droopy, L50, F|\n|poke|p1|Pelipper, L50, F|\n|poke|p1|Drednaw, L50, F|\n|poke|p1|Chien-Pao, L50|\n|poke|p1|Dragonite, L50, F|\n|poke|p2|Ting-Lu, L50|\n|poke|p2|Amoonguss, L50, F|\n|poke|p2|Garganacl, L50, M|\n|poke|p2|Arcanine, L50, F|\n|poke|p2|Roaring Moon, L50|\n|poke|p2|Iron Bundle, L50|\n|teampreview|4\nb(R)2 has agreed to open team sheets.\nRosely rejected open team sheets.\n|\n|t:|1682538046\n|start\n|switch|p1a: Dondozo|Dondozo, L50, M|100\/100\n|switch|p1b: Pelipper|Pelipper, L50, F|100\/100\n|switch|p2a: Iron Bundle|Iron Bundle, L50|100\/100\n|switch|p2b: Garganacl|Garganacl, L50, M|100\/100\n|-weather|RainDance|[from] ability: Drizzle|[of] p1b: Pelipper\n|turn|1\n|\n|t:|1682538079\n|switch|p1b: Tatsugiri|Tatsugiri-Droopy, L50, F|100\/100\n|-activate|p1b: Tatsugiri|ability: Commander|[of] p1a: Dondozo\n|-boost|p1a: Dondozo|atk|2\n|-boost|p1a: Dondozo|spa|2\n|-boost|p1a: Dondozo|spe|2\n|-boost|p1a: Dondozo|def|2\n|-boost|p1a: Dondozo|spd|2\n|-terastallize|p1a: Dondozo|Water\n|move|p2a: Iron Bundle|Protect|p2a: Iron Bundle\n|-singleturn|p2a: Iron Bundle|Protect\n|move|p2b: Garganacl|Protect|p2b: Garganacl\n|-singleturn|p2b: Garganacl|Protect\n|move|p1a: Dondozo|Surf|p2a: Iron Bundle|[spread] \n|-miss|p1a: Dondozo|p1b: Tatsugiri\n|-activate|p2a: Iron Bundle|move: Protect\n|-activate|p2b: Garganacl|move: Protect\n|\n|-weather|RainDance|[upkeep]\n|upkeep\n|turn|2\n|\n|t:|1682538103\n|-terastallize|p2b: Garganacl|Ghost\n|move|p2a: Iron Bundle|Freeze-Dry|p1a: Dondozo\n|-supereffective|p1a: Dondozo\n|-damage|p1a: Dondozo|60\/100\n|move|p1a: Dondozo|Surf|p2b: Garganacl|[spread] p2a,p2b\n|-miss|p1a: Dondozo|p1b: Tatsugiri\n|-resisted|p2a: Iron Bundle\n|-enditem|p2a: Iron Bundle|Focus Sash\n|-damage|p2a: Iron Bundle|1\/100\n|-damage|p2b: Garganacl|14\/100\n|-damage|p1a: Dondozo|51\/100|[from] item: Life Orb\n|move|p2b: Garganacl|Salt Cure|p1a: Dondozo\n|-damage|p1a: Dondozo|45\/100\n|-start|p1a: Dondozo|Salt Cure\n|\n|-weather|RainDance|[upkeep]\n|-heal|p2b: Garganacl|20\/100|[from] item: Leftovers\n|-damage|p1a: Dondozo|20\/100|[from] Salt Cure\n|upkeep\n|turn|3\n|\n|t:|1682538129\n|move|p2b: Garganacl|Protect|p2b: Garganacl\n|-singleturn|p2b: Garganacl|Protect\n|move|p2a: Iron Bundle|Freeze-Dry|p1a: Dondozo\n|-supereffective|p1a: Dondozo\n|-damage|p1a: Dondozo|0 fnt\n|faint|p1a: Dondozo\n|\n|-weather|RainDance|[upkeep]\n|-heal|p2b: Garganacl|26\/100|[from] item: Leftovers\n|upkeep\n|\n|t:|1682538138\n|switch|p1a: Drednaw|Drednaw, L50, F|100\/100\n|turn|4\n|\n|t:|1682538166\n|switch|p2b: Amoonguss|Amoonguss, L50, F|100\/100\n|move|p1a: Drednaw|Rock Slide|p2a: Iron Bundle|[spread] p2a,p2b\n|-supereffective|p2a: Iron Bundle\n|-damage|p2a: Iron Bundle|0 fnt\n|-damage|p2b: Amoonguss|67\/100\n|faint|p2a: Iron Bundle\n|-end|p2a: Iron Bundle|Quark Drive|[silent]\n|move|p1b: Tatsugiri|Muddy Water|p2b: Amoonguss\n|-resisted|p2b: Amoonguss\n|-damage|p2b: Amoonguss|35\/100\n|-enditem|p2b: Amoonguss|Sitrus Berry|[eat]\n|-heal|p2b: Amoonguss|60\/100|[from] item: Sitrus Berry\n|\n|-weather|RainDance|[upkeep]\n|upkeep\n|\n|t:|1682538184\n|switch|p2a: Garganacl|Garganacl, L50, M, tera:Ghost|26\/100\n|turn|5\n|\n|t:|1682538193\n|move|p2a: Garganacl|Protect|p2a: Garganacl\n|-singleturn|p2a: Garganacl|Protect\n|move|p1a: Drednaw|Rock Slide|p2a: Garganacl|[spread] p2b\n|-activate|p2a: Garganacl|move: Protect\n|-damage|p2b: Amoonguss|25\/100\n|move|p1b: Tatsugiri|Muddy Water|p2b: Amoonguss|[spread] p2b\n|-activate|p2a: Garganacl|move: Protect\n|-resisted|p2b: Amoonguss\n|-damage|p2b: Amoonguss|0 fnt\n|faint|p2b: Amoonguss\n|\n|-weather|RainDance|[upkeep]\n|-heal|p2a: Garganacl|31\/100|[from] item: Leftovers\n|upkeep\n|\n|t:|1682538205\n|switch|p2b: Roaring Moon|Roaring Moon, L50|100\/100\n|-enditem|p2b: Roaring Moon|Booster Energy\n|-activate|p2b: Roaring Moon|ability: Protosynthesis|[fromitem]\n|-start|p2b: Roaring Moon|protosynthesisatk\n|turn|6\n|\n|t:|1682538224\n|move|p1a: Drednaw|Rock Slide|p2b: Roaring Moon|[spread] p2a,p2b\n|-damage|p2a: Garganacl|2\/100\n|-damage|p2b: Roaring Moon|54\/100\n|move|p1b: Tatsugiri|Muddy Water|p2b: Roaring Moon|[spread] p2a,p2b\n|-resisted|p2b: Roaring Moon\n|-damage|p2a: Garganacl|0 fnt\n|-damage|p2b: Roaring Moon|33\/100\n|faint|p2a: Garganacl\n|cant|p2b: Roaring Moon|flinch\n|\n|-weather|RainDance|[upkeep]\n|upkeep\n|turn|7\n|\n|t:|1682538235\n|move|p1a: Drednaw|Rock Slide|p2b: Roaring Moon|[miss]\n|-miss|p1a: Drednaw|p2b: Roaring Moon\n|move|p1b: Tatsugiri|Muddy Water|p2b: Roaring Moon\n|-resisted|p2b: Roaring Moon\n|-damage|p2b: Roaring Moon|0 fnt\n|faint|p2b: Roaring Moon\n|-end|p2b: Roaring Moon|Protosynthesis|[silent]\n|\n|win|Rosely\n|raw|Rosely's rating: 1212 → 1230<\/strong> (+18 for winning)\n|raw|b(R)2's rating: 1107 → 1089<\/strong> (-18 for losing)\n","uploadtime":1682538238,"views":22,"p1id":"rosely","p2id":"br2","formatid":"gen9vgc2023regulationc","rating":1089,"private":0,"password":""}