{"id":"gen9vgc2023regulationc-1855185266","p1":"lordofthespice","p2":"Blessed Qp","format":"[Gen 9] VGC 2023 Regulation C","log":"|j|\u2606lordofthespice\n|j|\u2606Blessed Qp\n|t:|1682912037\n|gametype|doubles\n|player|p1|lordofthespice|170|\n|player|p2|Blessed Qp|colress-gen7|\n|teamsize|p1|6\n|teamsize|p2|6\n|gen|9\n|tier|[Gen 9] VGC 2023 Regulation C\n|rated|Tournament battle\n|rule|Species Clause: Limit one of each Pok\u00e9mon\n|rule|Item Clause: Limit one of each item\n|clearpoke\n|poke|p1|Flutter Mane, L50|\n|poke|p1|Iron Bundle, L50|\n|poke|p1|Kingambit, L50, F|\n|poke|p1|Arcanine, L50, F|\n|poke|p1|Dragonite, L50, M|\n|poke|p1|Tsareena, L50, F|\n|poke|p2|Scream Tail, L50|\n|poke|p2|Palafin, L50, M|\n|poke|p2|Dragonite, L50, M|\n|poke|p2|Ting-Lu, L50|\n|poke|p2|Gholdengo, L50|\n|poke|p2|Chien-Pao, L50|\n|teampreview|4\nBlessed Qp has agreed to open team sheets.\nlordofthespice has agreed to open team sheets.\n|inactive|Battle timer is ON: inactive players will automatically lose when time's up. (requested by Blessed Qp)\n|\n|t:|1682912100\n|start\n|switch|p1a: Hot dog|Arcanine, L50, F|100\/100\n|switch|p1b: Queengambino|Kingambit, L50, F, shiny|100\/100\n|switch|p2a: Palafin|Palafin, L50, M, shiny|100\/100\n|switch|p2b: Ting-Lu|Ting-Lu, L50|100\/100\n|-ability|p1a: Hot dog|Intimidate|boost\n|-unboost|p2a: Palafin|atk|1\n|-unboost|p2b: Ting-Lu|atk|1\n|-ability|p2b: Ting-Lu|Vessel of Ruin\n|turn|1\n|inactive|lordofthespice has 30 seconds left.\n|inactive|Blessed Qp has 30 seconds left.\n|\n|t:|1682912130\n|detailschange|p2a: Palafin|Palafin-Hero, L50, M, shiny\n|switch|p2a: Scream Tail|Scream Tail, L50|100\/100\n|-enditem|p2a: Scream Tail|Booster Energy\n|-activate|p2a: Scream Tail|ability: Protosynthesis|[fromitem]\n|-start|p2a: Scream Tail|protosynthesisspe\n|move|p1b: Queengambino|Protect|p1b: Queengambino\n|-singleturn|p1b: Queengambino|Protect\n|move|p1a: Hot dog|Will-O-Wisp|p2b: Ting-Lu\n|-status|p2b: Ting-Lu|brn\n|move|p2b: Ting-Lu|Earthquake|p1a: Hot dog|[spread] p2a,p1a\n|-activate|p1b: Queengambino|move: Protect\n|-supereffective|p1a: Hot dog\n|-damage|p2a: Scream Tail|93\/100\n|-damage|p1a: Hot dog|79\/100\n|\n|-damage|p2b: Ting-Lu|94\/100 brn|[from] brn\n|upkeep\n|turn|2\n|inactive|lordofthespice has 30 seconds left.\n|inactive|Blessed Qp has 30 seconds left.\n|\n|t:|1682912164\n|-terastallize|p1b: Queengambino|Dark\n|move|p2a: Scream Tail|Thunder Wave|p1b: Queengambino\n|-status|p1b: Queengambino|par\n|move|p1a: Hot dog|Howl|p1a: Hot dog|[spread] p1a,p1b\n|-boost|p1a: Hot dog|atk|1\n|-boost|p1b: Queengambino|atk|1\n|move|p2b: Ting-Lu|Ruination|p1b: Queengambino\n|-damage|p1b: Queengambino|51\/100 par\n|cant|p1b: Queengambino|par\n|\n|-damage|p2b: Ting-Lu|88\/100 brn|[from] brn\n|upkeep\n|turn|3\n|inactive|lordofthespice has 30 seconds left.\n|inactive|lordofthespice has 20 seconds left.\n|\n|t:|1682912200\n|move|p2a: Scream Tail|Play Rough|p1b: Queengambino\n|-supereffective|p1b: Queengambino\n|-damage|p1b: Queengambino|18\/100 par\n|move|p1a: Hot dog|Howl|p1a: Hot dog|[spread] p1a,p1b\n|-boost|p1a: Hot dog|atk|1\n|-boost|p1b: Queengambino|atk|1\n|move|p2b: Ting-Lu|Ruination|p1a: Hot dog\n|-damage|p1a: Hot dog|40\/100\n|move|p1b: Queengambino|Iron Head|p2a: Scream Tail\n|-supereffective|p2a: Scream Tail\n|-damage|p2a: Scream Tail|0 fnt\n|faint|p2a: Scream Tail\n|-end|p2a: Scream Tail|Protosynthesis|[silent]\n|\n|-damage|p2b: Ting-Lu|82\/100 brn|[from] brn\n|upkeep\n|\n|t:|1682912211\n|switch|p2a: Palafin|Palafin-Hero, L50, M, shiny|100\/100\n|-activate|p2a: Palafin|ability: Zero to Hero\n|turn|4\n|inactive|lordofthespice has 30 seconds left.\n|inactive|Blessed Qp has 30 seconds left.\n|inactive|lordofthespice has 20 seconds left.\n|\n|t:|1682912247\n|move|p1a: Hot dog|Extreme Speed|p2a: Palafin\n|-damage|p2a: Palafin|59\/100\n|move|p2a: Palafin|Jet Punch|p1a: Hot dog\n|-supereffective|p1a: Hot dog\n|-damage|p1a: Hot dog|0 fnt\n|faint|p1a: Hot dog\n|move|p2b: Ting-Lu|Earthquake|p1b: Queengambino|[spread] p2a,p1b\n|-damage|p2a: Palafin|50\/100\n|-damage|p1b: Queengambino|11\/100 par\n|cant|p1b: Queengambino|par\n|\n|-damage|p2b: Ting-Lu|76\/100 brn|[from] brn\n|upkeep\n|\n|t:|1682912263\n|switch|p1a: Rasputeena|Tsareena, L50, F|100\/100\n|turn|5\n|\n|t:|1682912275\n|move|p2a: Palafin|Protect|p2a: Palafin\n|-singleturn|p2a: Palafin|Protect\n|move|p1b: Queengambino|Protect|p1b: Queengambino\n|-singleturn|p1b: Queengambino|Protect\n|move|p1a: Rasputeena|Power Whip|p2b: Ting-Lu\n|-supereffective|p2b: Ting-Lu\n|-crit|p2b: Ting-Lu\n|-damage|p2b: Ting-Lu|0 fnt\n|faint|p2b: Ting-Lu\n|\n|upkeep\n|\n|t:|1682912280\n|switch|p2b: Chien-Pao|Chien-Pao, L50|100\/100\n|-ability|p2b: Chien-Pao|Sword of Ruin\n|turn|6\n|\n|t:|1682912298\n|move|p2a: Palafin|Jet Punch||[still]\n|cant|p1a: Rasputeena|ability: Queenly Majesty|Jet Punch|[of] p2a: Palafin\n|move|p1b: Queengambino|Sucker Punch|p2b: Chien-Pao\n|-resisted|p2b: Chien-Pao\n|-damage|p2b: Chien-Pao|5\/100\n|move|p2b: Chien-Pao|Ice Spinner|p1a: Rasputeena\n|-supereffective|p1a: Rasputeena\n|-damage|p1a: Rasputeena|0 fnt\n|faint|p1a: Rasputeena\n|\n|upkeep\n|\n|t:|1682912309\n|switch|p1a: The Bundler|Iron Bundle, L50, shiny|100\/100\n|-enditem|p1a: The Bundler|Booster Energy\n|-activate|p1a: The Bundler|ability: Quark Drive|[fromitem]\n|-start|p1a: The Bundler|quarkdrivespe\n|turn|7\n|\n|t:|1682912325\n|move|p2b: Chien-Pao|Protect|p2b: Chien-Pao\n|-singleturn|p2b: Chien-Pao|Protect\n|move|p1b: Queengambino|Protect|p1b: Queengambino\n|-singleturn|p1b: Queengambino|Protect\n|move|p2a: Palafin|Jet Punch|p1b: Queengambino\n|-activate|p1b: Queengambino|move: Protect\n|move|p1a: The Bundler|Freeze-Dry|p2a: Palafin\n|-supereffective|p2a: Palafin\n|-damage|p2a: Palafin|0 fnt\n|faint|p2a: Palafin\n|\n|upkeep\n|turn|8\n|\n|t:|1682912343\n|move|p2b: Chien-Pao|Sucker Punch|p1a: The Bundler\n|-damage|p1a: The Bundler|44\/100\n|move|p1b: Queengambino|Sucker Punch||[still]\n|-fail|p1b: Queengambino\n|move|p1a: The Bundler|Freeze-Dry|p2b: Chien-Pao\n|-resisted|p2b: Chien-Pao\n|-damage|p2b: Chien-Pao|0 fnt\n|faint|p2b: Chien-Pao\n|\n|win|lordofthespice\n|n|\u2606lordofthespice|lordofthespice\n|n|\u2606Blessed Qp|blessedqp\n|c|\u2606Blessed Qp|gg\n|c|\u2606lordofthespice|gg\n","uploadtime":1682912361,"views":12,"p1id":"lordofthespice","p2id":"blessedqp","formatid":"gen9vgc2023regulationc","rating":0,"private":0,"password":""}