{"id":"gen9vgc2023regulationc-1856175192","p1":"elementalscion","p2":"Insertable194","format":"[Gen 9] VGC 2023 Regulation C","log":"|j|\u2606elementalscion\n|j|\u2606Insertable194\n|t:|1683037690\n|gametype|doubles\n|player|p1|elementalscion|riley|1388\n|player|p2|Insertable194|102|1479\n|teamsize|p1|6\n|teamsize|p2|6\n|gen|9\n|tier|[Gen 9] VGC 2023 Regulation C\n|rated|\n|rule|Species Clause: Limit one of each Pok\u00e9mon\n|rule|Item Clause: Limit one of each item\n|clearpoke\n|poke|p1|Palafin, L50, F|\n|poke|p1|Lycanroc, L50, M|\n|poke|p1|Roaring Moon, L50|\n|poke|p1|Amoonguss, L50, M|\n|poke|p1|Tyranitar, L50, F|\n|poke|p1|Flutter Mane, L50|\n|poke|p2|Iron Bundle, L50|\n|poke|p2|Great Tusk, L50|\n|poke|p2|Arcanine, L50, F|\n|poke|p2|Chien-Pao, L50|\n|poke|p2|Gholdengo, L50|\n|poke|p2|Iron Hands, L50|\n|teampreview|4\n|c|\u2606elementalscion|Glhf\n|c|\u2606Insertable194|u2\n|\n|t:|1683037755\n|start\n|switch|p1a: Palafin|Palafin, L50, F|100\/100\n|switch|p1b: Lycanroc|Lycanroc, L50, M|100\/100\n|switch|p2a: Gholdengo|Gholdengo, L50|100\/100\n|switch|p2b: Iron Hands|Iron Hands, L50|100\/100\n|turn|1\n|\n|t:|1683037803\n|detailschange|p1a: Palafin|Palafin-Hero, L50, F\n|switch|p1a: Flutter Mane|Flutter Mane, L50|100\/100\n|move|p1b: Lycanroc|Rock Slide|p2a: Gholdengo|[spread] p2a\n|-miss|p1b: Lycanroc|p2b: Iron Hands\n|-resisted|p2a: Gholdengo\n|-damage|p2a: Gholdengo|87\/100\n|cant|p2a: Gholdengo|flinch\n|move|p2b: Iron Hands|Volt Switch|p1b: Lycanroc\n|-damage|p1b: Lycanroc|78\/100\n|\n|t:|1683037815\n|-end|p2b: Iron Hands|Quark Drive|[silent]\n|switch|p2b: Great Tusk|Great Tusk, L50|100\/100|[from] Volt Switch\n|\n|upkeep\n|turn|2\n|\n|t:|1683037852\n|move|p2b: Great Tusk|Headlong Rush|p1a: Flutter Mane\n|-damage|p1a: Flutter Mane|2\/100\n|-unboost|p2b: Great Tusk|def|1\n|-unboost|p2b: Great Tusk|spd|1\n|move|p1a: Flutter Mane|Shadow Ball|p2a: Gholdengo\n|-supereffective|p2a: Gholdengo\n|-damage|p2a: Gholdengo|0 fnt\n|faint|p2a: Gholdengo\n|move|p1b: Lycanroc|Rock Slide|p2b: Great Tusk|[miss]\n|-miss|p1b: Lycanroc|p2b: Great Tusk\n|\n|upkeep\n|\n|t:|1683037862\n|switch|p2a: Chien-Pao|Chien-Pao, L50|100\/100\n|-ability|p2a: Chien-Pao|Sword of Ruin\n|turn|3\n|\n|t:|1683037886\n|-end|p1a: Flutter Mane|Protosynthesis|[silent]\n|switch|p1a: Tyranitar|Tyranitar, L50, F|100\/100\n|-weather|Sandstorm|[from] ability: Sand Stream|[of] p1a: Tyranitar\n|move|p2a: Chien-Pao|Ice Shard|p1a: Tyranitar\n|-damage|p1a: Tyranitar|78\/100\n|move|p1b: Lycanroc|Close Combat|p2a: Chien-Pao\n|-supereffective|p2a: Chien-Pao\n|-enditem|p2a: Chien-Pao|Focus Sash\n|-damage|p2a: Chien-Pao|1\/100\n|-unboost|p1b: Lycanroc|def|1\n|-unboost|p1b: Lycanroc|spd|1\n|move|p2b: Great Tusk|Headlong Rush|p1b: Lycanroc\n|-supereffective|p1b: Lycanroc\n|-damage|p1b: Lycanroc|0 fnt\n|-unboost|p2b: Great Tusk|def|1\n|-unboost|p2b: Great Tusk|spd|1\n|faint|p1b: Lycanroc\n|\n|-weather|Sandstorm|[upkeep]\n|-damage|p2a: Chien-Pao|0 fnt|[from] Sandstorm\n|faint|p2a: Chien-Pao\n|upkeep\n|\n|t:|1683037910\n|switch|p2a: Iron Hands|Iron Hands, L50|100\/100\n|switch|p1b: Palafin|Palafin-Hero, L50, F|100\/100\n|-activate|p1b: Palafin|ability: Zero to Hero\n|turn|4\n|\n|t:|1683037930\n|-terastallize|p2b: Great Tusk|Steel\n|move|p1b: Palafin|Protect|p1b: Palafin\n|-singleturn|p1b: Palafin|Protect\n|move|p2b: Great Tusk|Headlong Rush|p1a: Tyranitar\n|-supereffective|p1a: Tyranitar\n|-damage|p1a: Tyranitar|0 fnt\n|-unboost|p2b: Great Tusk|def|1\n|-unboost|p2b: Great Tusk|spd|1\n|faint|p1a: Tyranitar\n|move|p2a: Iron Hands|Wild Charge|p1b: Palafin\n|-activate|p1b: Palafin|move: Protect\n|\n|-weather|Sandstorm|[upkeep]\n|-damage|p2a: Iron Hands|94\/100|[from] Sandstorm\n|upkeep\n|\n|t:|1683037945\n|switch|p1a: Flutter Mane|Flutter Mane, L50|2\/100\n|turn|5\n|\n|t:|1683037958\n|-terastallize|p1b: Palafin|Water\n|move|p1b: Palafin|Jet Punch|p2b: Great Tusk\n|-damage|p2b: Great Tusk|0 fnt\n|faint|p2b: Great Tusk\n|-end|p2b: Great Tusk|Protosynthesis|[silent]\n|move|p1a: Flutter Mane|Moonblast|p2a: Iron Hands\n|-supereffective|p2a: Iron Hands\n|-damage|p2a: Iron Hands|15\/100\n|move|p2a: Iron Hands|Wild Charge|p1b: Palafin\n|-supereffective|p1b: Palafin\n|-damage|p1b: Palafin|1\/100\n|-damage|p2a: Iron Hands|0 fnt|[from] Recoil\n|faint|p2a: Iron Hands\n|-end|p2a: Iron Hands|Quark Drive|[silent]\n|\n|win|elementalscion\n|raw|elementalscion's rating: 1388 → 1413<\/strong> (+25 for winning)\n|raw|Insertable194's rating: 1479 → 1454<\/strong> (-25 for losing)\n","uploadtime":1683037967,"views":6,"p1id":"elementalscion","p2id":"insertable194","formatid":"gen9vgc2023regulationc","rating":1413,"private":0,"password":""}