{"id":"gen9vgc2023regulationc-1849368234","p1":"zacherybarrows","p2":"opsn","format":"[Gen 9] VGC 2023 Regulation C","log":"|j|\u2606zacherybarrows\n|j|\u2606opsn\n|t:|1682190718\n|gametype|doubles\n|player|p1|zacherybarrows|ethan|1162\n|player|p2|opsn|101|1108\n|teamsize|p1|6\n|teamsize|p2|6\n|gen|9\n|tier|[Gen 9] VGC 2023 Regulation C\n|rated|\n|rule|Species Clause: Limit one of each Pok\u00e9mon\n|rule|Item Clause: Limit one of each item\n|clearpoke\n|poke|p1|Palafin, L50, M|\n|poke|p1|Flutter Mane, L50|\n|poke|p1|Dragonite, L50, M|\n|poke|p1|Amoonguss, L50, M|\n|poke|p1|Chien-Pao, L50|\n|poke|p1|Ting-Lu, L50|\n|poke|p2|Dragapult, L50, F|\n|poke|p2|Arcanine, L50, F|\n|poke|p2|Baxcalibur, L50, F|\n|poke|p2|Ting-Lu, L50|\n|poke|p2|Amoonguss, L50, F|\n|poke|p2|Flutter Mane, L50|\n|teampreview|4\nopsn has agreed to open team sheets.\n|c|\u2606opsn|glhf\n|inactive|Battle timer is ON: inactive players will automatically lose when time's up. (requested by zacherybarrows)\n|\n|t:|1682190768\n|start\n|switch|p1a: Dragonite|Dragonite, L50, M, shiny|100\/100\n|switch|p1b: Chien-Pao|Chien-Pao, L50|100\/100\n|switch|p2a: Amoonguss|Amoonguss, L50, F, shiny|100\/100\n|switch|p2b: Ting-Lu|Ting-Lu, L50|100\/100\n|-ability|p1b: Chien-Pao|Sword of Ruin\n|-ability|p2b: Ting-Lu|Vessel of Ruin\n|turn|1\n|inactive|zacherybarrows has 30 seconds left.\n|inactive|opsn has 30 seconds left.\n|\n|t:|1682190801\n|move|p1b: Chien-Pao|Ice Spinner|p2a: Amoonguss\n|-supereffective|p2a: Amoonguss\n|-damage|p2a: Amoonguss|0 fnt\n|faint|p2a: Amoonguss\n|move|p1a: Dragonite|Dragon Claw|p2b: Ting-Lu\n|-damage|p2b: Ting-Lu|49\/100\n|move|p2b: Ting-Lu|Heavy Slam|p1b: Chien-Pao\n|-supereffective|p1b: Chien-Pao\n|-damage|p1b: Chien-Pao|15\/100\n|\n|upkeep\n|\n|t:|1682190810\n|switch|p2a: Dragapult|Dragapult, L50, F, shiny|100\/100\n|turn|2\n|\n|t:|1682190817\n|switch|p2b: Arcanine|Arcanine, L50, F|100\/100\n|-ability|p2b: Arcanine|Intimidate|boost\n|-unboost|p1a: Dragonite|atk|1\n|-unboost|p1b: Chien-Pao|atk|1\n|move|p1b: Chien-Pao|Protect|p1b: Chien-Pao\n|-singleturn|p1b: Chien-Pao|Protect\n|move|p2a: Dragapult|U-turn|p1a: Dragonite\n|-resisted|p1a: Dragonite\n|-damage|p1a: Dragonite|88\/100\n|\n|t:|1682190825\n|switch|p2a: Ting-Lu|Ting-Lu, L50|49\/100|[from] U-turn\n|-ability|p2a: Ting-Lu|Vessel of Ruin\n|move|p1a: Dragonite|Dragon Claw|p2a: Ting-Lu\n|-damage|p2a: Ting-Lu|17\/100\n|\n|upkeep\n|turn|3\n|inactive|zacherybarrows has 30 seconds left.\n|\n|t:|1682190854\n|switch|p1a: Amoonguss|Amoonguss, L50, M|100\/100\n|move|p2b: Arcanine|Extreme Speed|p1b: Chien-Pao\n|-damage|p1b: Chien-Pao|0 fnt\n|faint|p1b: Chien-Pao\n|move|p2a: Ting-Lu|Heavy Slam|p1a: Amoonguss\n|-damage|p1a: Amoonguss|68\/100\n|\n|upkeep\n|\n|t:|1682190869\n|switch|p1b: Dragonite|Dragonite, L50, M, shiny|88\/100\n|turn|4\n|inactive|zacherybarrows has 30 seconds left.\n|inactive|zacherybarrows has 20 seconds left.\n|inactive|zacherybarrows has 15 seconds left.\n|\n|t:|1682190914\n|-terastallize|p2a: Ting-Lu|Grass\n|move|p2b: Arcanine|Will-O-Wisp|p1b: Dragonite\n|-status|p1b: Dragonite|brn\n|move|p1b: Dragonite|Dragon Claw|p2b: Arcanine\n|-damage|p2b: Arcanine|64\/100\n|move|p2a: Ting-Lu|Fissure|p1a: Amoonguss|[miss]\n|-miss|p2a: Ting-Lu|p1a: Amoonguss\n|move|p1a: Amoonguss|Spore|p2b: Arcanine\n|-activate|p2b: Arcanine|item: Safety Goggles|Spore\n|\n|-damage|p1b: Dragonite|82\/100 brn|[from] brn\n|upkeep\n|turn|5\n|inactive|zacherybarrows has 30 seconds left.\n|\n|t:|1682190939\n|move|p2b: Arcanine|Flare Blitz|p1a: Amoonguss\n|-supereffective|p1a: Amoonguss\n|-damage|p1a: Amoonguss|0 fnt\n|faint|p1a: Amoonguss\n|-damage|p2b: Arcanine|38\/100|[from] Recoil\n|move|p1b: Dragonite|Dragon Claw|p2b: Arcanine\n|-damage|p2b: Arcanine|0 fnt\n|faint|p2b: Arcanine\n|move|p2a: Ting-Lu|Stomping Tantrum|p1b: Dragonite\n|-immune|p1b: Dragonite\n|\n|-damage|p1b: Dragonite|76\/100 brn|[from] brn\n|upkeep\n|\n|t:|1682190953\n|switch|p2b: Dragapult|Dragapult, L50, F, shiny|100\/100\n|switch|p1a: Flutter Mane|Flutter Mane, L50, shiny|100\/100\n|turn|6\n|\n|t:|1682190977\n|-terastallize|p1a: Flutter Mane|Fairy\n|move|p1a: Flutter Mane|Dazzling Gleam|p2b: Dragapult|[spread] p2a,p2b\n|-supereffective|p2b: Dragapult\n|-damage|p2a: Ting-Lu|0 fnt\n|-damage|p2b: Dragapult|0 fnt\n|faint|p2a: Ting-Lu\n|faint|p2b: Dragapult\n|\n|win|zacherybarrows\n|raw|zacherybarrows's rating: 1162 → 1183<\/strong> (+21 for winning)\n|raw|opsn's rating: 1108 → 1087<\/strong> (-21 for losing)\n|l|\u2606opsn\n","uploadtime":1682190991,"views":12,"p1id":"zacherybarrows","p2id":"opsn","formatid":"gen9vgc2023regulationc","rating":1087,"private":0,"password":""}