{"id":"gen9vgc2023regulationc-1852647479","p1":"Eco-Punk","p2":"TestTestini","format":"[Gen 9] VGC 2023 Regulation C","log":"|j|\u2606Eco-Punk\n|j|\u2606TestTestini\n|t:|1682590793\n|gametype|doubles\n|player|p1|Eco-Punk|sage|1034\n|player|p2|TestTestini|palmer|1033\n|teamsize|p1|6\n|teamsize|p2|6\n|gen|9\n|tier|[Gen 9] VGC 2023 Regulation C\n|rated|\n|rule|Species Clause: Limit one of each Pok\u00e9mon\n|rule|Item Clause: Limit one of each item\n|clearpoke\n|poke|p1|Iron Hands, L50|\n|poke|p1|Wo-Chien, L50|\n|poke|p1|Gyarados, L50, M|\n|poke|p1|Pelipper, L50, F|\n|poke|p1|Lucario, L50, M|\n|poke|p1|Blissey, L50, F|\n|poke|p2|Palafin, L50, M|\n|poke|p2|Flutter Mane, L50|\n|poke|p2|Arcanine, L50, M|\n|poke|p2|Amoonguss, L50, M|\n|poke|p2|Kingambit, L50, M|\n|poke|p2|Baxcalibur, L50, M|\n|teampreview|4\n|\n|t:|1682590831\n|start\n|switch|p1a: Lucario|Lucario, L50, M|100\/100\n|switch|p1b: Iron Hands|Iron Hands, L50|100\/100\n|switch|p2a: Palafin|Palafin, L50, M, shiny|100\/100\n|switch|p2b: Flutter Mane|Flutter Mane, L50, shiny|100\/100\n|turn|1\n|\n|t:|1682590856\n|detailschange|p2a: Palafin|Palafin-Hero, L50, M, shiny\n|switch|p2a: Arcanine|Arcanine, L50, M, shiny|100\/100\n|-ability|p2a: Arcanine|Intimidate|boost\n|-fail|p1a: Lucario|unboost|Attack|[from] ability: Inner Focus|[of] p1a: Lucario\n|-unboost|p1b: Iron Hands|atk|1\n|-terastallize|p1b: Iron Hands|Fire\n|move|p2b: Flutter Mane|Protect|p2b: Flutter Mane\n|-singleturn|p2b: Flutter Mane|Protect\n|move|p1a: Lucario|Aura Sphere|p2a: Arcanine\n|-damage|p2a: Arcanine|69\/100\n|move|p1b: Iron Hands|Iron Head|p2b: Flutter Mane\n|-activate|p2b: Flutter Mane|move: Protect\n|\n|upkeep\n|turn|2\n|inactive|Battle timer is ON: inactive players will automatically lose when time's up. (requested by TestTestini)\n|\n|t:|1682590885\n|switch|p1a: Wo-Chien|Wo-Chien, L50|100\/100\n|-ability|p1a: Wo-Chien|Tablets of Ruin\n|-end|p2b: Flutter Mane|Protosynthesis|[silent]\n|switch|p2b: Palafin|Palafin-Hero, L50, M, shiny|100\/100\n|-activate|p2b: Palafin|ability: Zero to Hero\n|move|p2a: Arcanine|Will-O-Wisp|p1a: Wo-Chien|[miss]\n|-miss|p2a: Arcanine|p1a: Wo-Chien\n|move|p1b: Iron Hands|Wild Charge|p2b: Palafin\n|-supereffective|p2b: Palafin\n|-damage|p2b: Palafin|53\/100\n|-damage|p1b: Iron Hands|91\/100|[from] Recoil\n|\n|upkeep\n|turn|3\n|\n|t:|1682590904\n|-end|p1b: Iron Hands|Quark Drive|[silent]\n|switch|p1b: Gyarados|Gyarados, L50, M|100\/100\n|-ability|p1b: Gyarados|Intimidate|boost\n|-unboost|p2a: Arcanine|atk|1\n|-unboost|p2b: Palafin|atk|1\n|-terastallize|p2b: Palafin|Water\n|move|p2b: Palafin|Wave Crash|p1b: Gyarados\n|-resisted|p1b: Gyarados\n|-damage|p1b: Gyarados|63\/100\n|-damage|p2b: Palafin|43\/100|[from] Recoil\n|move|p2a: Arcanine|Flare Blitz|p1a: Wo-Chien\n|-supereffective|p1a: Wo-Chien\n|-damage|p1a: Wo-Chien|57\/100\n|-damage|p2a: Arcanine|54\/100|[from] Recoil\n|move|p1a: Wo-Chien|Leech Seed|p2b: Palafin\n|-start|p2b: Palafin|move: Leech Seed\n|\n|-heal|p1a: Wo-Chien|63\/100|[from] item: Leftovers\n|-damage|p2b: Palafin|30\/100|[from] Leech Seed|[of] p1a: Wo-Chien\n|-heal|p1a: Wo-Chien|76\/100|[silent]\n|upkeep\n|turn|4\n|inactive|Eco-Punk has 30 seconds left.\n|inactive|TestTestini has 30 seconds left.\n|\n|t:|1682590933\n|switch|p2b: Flutter Mane|Flutter Mane, L50, shiny|100\/100\n|switch|p2a: Amoonguss|Amoonguss, L50, M, shiny|100\/100\n|move|p1a: Wo-Chien|Protect|p1a: Wo-Chien\n|-singleturn|p1a: Wo-Chien|Protect\n|move|p1b: Gyarados|Waterfall|p2a: Amoonguss\n|-resisted|p2a: Amoonguss\n|-damage|p2a: Amoonguss|82\/100\n|\n|-heal|p1a: Wo-Chien|82\/100|[from] item: Leftovers\n|upkeep\n|turn|5\n|inactive|Eco-Punk has 30 seconds left.\n|\n|t:|1682590958\n|switch|p1b: Iron Hands|Iron Hands, L50, tera:Fire|91\/100\n|move|p2b: Flutter Mane|Thunderbolt|p1b: Iron Hands\n|-damage|p1b: Iron Hands|73\/100\n|move|p1a: Wo-Chien|Leech Seed|p2b: Flutter Mane\n|-start|p2b: Flutter Mane|move: Leech Seed\n|move|p2a: Amoonguss|Pollen Puff|p1a: Wo-Chien\n|-supereffective|p1a: Wo-Chien\n|-damage|p1a: Wo-Chien|36\/100\n|\n|-heal|p1a: Wo-Chien|43\/100|[from] item: Leftovers\n|-damage|p2b: Flutter Mane|88\/100|[from] Leech Seed|[of] p1a: Wo-Chien\n|-heal|p1a: Wo-Chien|51\/100|[silent]\n|upkeep\n|turn|6\n|inactive|Eco-Punk has 30 seconds left.\n|inactive|TestTestini has 30 seconds left.\n|inactive|Eco-Punk has 20 seconds left.\n|inactive|TestTestini has 20 seconds left.\n|inactive|TestTestini has 15 seconds left.\n|inactive|TestTestini has 10 seconds left.\n|inactive|TestTestini has 5 seconds left.\n|\n|t:|1682591013\n|move|p2a: Amoonguss|Rage Powder|p2a: Amoonguss\n|-singleturn|p2a: Amoonguss|move: Rage Powder\n|move|p2b: Flutter Mane|Moonblast|p1a: Wo-Chien\n|-supereffective|p1a: Wo-Chien\n|-damage|p1a: Wo-Chien|0 fnt\n|faint|p1a: Wo-Chien\n|move|p1b: Iron Hands|Iron Head|p2a: Amoonguss\n|-damage|p2a: Amoonguss|58\/100\n|\n|upkeep\n|\n|t:|1682591022\n|switch|p1a: Lucario|Lucario, L50, M|100\/100\n|turn|7\n|inactive|TestTestini has 30 seconds left.\n|\n|t:|1682591056\n|move|p2b: Flutter Mane|Protect|p2b: Flutter Mane\n|-singleturn|p2b: Flutter Mane|Protect\n|move|p1a: Lucario|Steel Beam|p2a: Amoonguss\n|-damage|p2a: Amoonguss|5\/100\n|-damage|p1a: Lucario|50\/100|[from] steelbeam\n|-enditem|p2a: Amoonguss|Sitrus Berry|[eat]\n|-heal|p2a: Amoonguss|30\/100|[from] item: Sitrus Berry\n|move|p1b: Iron Hands|Iron Head|p2b: Flutter Mane\n|-activate|p2b: Flutter Mane|move: Protect\n|move|p2a: Amoonguss|Spore|p1b: Iron Hands\n|-status|p1b: Iron Hands|slp|[from] move: Spore\n|\n|-damage|p2b: Flutter Mane|76\/100|[from] Leech Seed|[of] p1a: Lucario\n|-heal|p1a: Lucario|61\/100|[silent]\n|upkeep\n|turn|8\n|inactive|TestTestini has 30 seconds left.\n|\n|t:|1682591090\n|move|p2a: Amoonguss|Rage Powder|p2a: Amoonguss\n|-singleturn|p2a: Amoonguss|move: Rage Powder\n|move|p1a: Lucario|Steel Beam|p2a: Amoonguss\n|-damage|p2a: Amoonguss|0 fnt\n|-damage|p1a: Lucario|11\/100|[from] steelbeam\n|faint|p2a: Amoonguss\n|move|p2b: Flutter Mane|Moonblast|p1a: Lucario\n|-damage|p1a: Lucario|0 fnt\n|faint|p1a: Lucario\n|cant|p1b: Iron Hands|slp\n|\n|upkeep\n|\n|t:|1682591102\n|switch|p1a: Gyarados|Gyarados, L50, M|63\/100\n|switch|p2a: Palafin|Palafin-Hero, L50, M, shiny, tera:Water|30\/100\n|-ability|p1a: Gyarados|Intimidate|boost\n|-unboost|p2a: Palafin|atk|1\n|-unboost|p2b: Flutter Mane|atk|1\n|turn|9\n|\n|t:|1682591120\n|move|p2b: Flutter Mane|Thunderbolt|p1a: Gyarados\n|-supereffective|p1a: Gyarados\n|-damage|p1a: Gyarados|0 fnt\n|faint|p1a: Gyarados\n|move|p2a: Palafin|Wave Crash|p1b: Iron Hands\n|-supereffective|p1b: Iron Hands\n|-damage|p1b: Iron Hands|0 fnt\n|faint|p1b: Iron Hands\n|-end|p1b: Iron Hands|Quark Drive|[silent]\n|-damage|p2a: Palafin|0 fnt|[from] Recoil\n|faint|p2a: Palafin\n|\n|win|TestTestini\n|raw|Eco-Punk's rating: 1034 → 1019<\/strong> (-15 for losing)\n|raw|TestTestini's rating: 1033 → 1068<\/strong> (+35 for winning)\n|l|\u2606Eco-Punk\n","uploadtime":1682591134,"views":12,"p1id":"ecopunk","p2id":"testtestini","formatid":"gen9vgc2023regulationc","rating":1019,"private":0,"password":""}