{"id":"gen9vgc2023regulationc-1845109997","p1":"zapdos95","p2":"grace_my_world","format":"[Gen 9] VGC 2023 Regulation C","log":"|j|\u2606zapdos95\n|j|\u2606grace_my_world\n|t:|1681684689\n|gametype|doubles\n|player|p1|zapdos95|265|1440\n|player|p2|grace_my_world|102|1488\n|teamsize|p1|6\n|teamsize|p2|6\n|gen|9\n|tier|[Gen 9] VGC 2023 Regulation C\n|rated|\n|rule|Species Clause: Limit one of each Pok\u00e9mon\n|rule|Item Clause: Limit one of each item\n|clearpoke\n|poke|p1|Kingambit, L50, F|\n|poke|p1|Amoonguss, L50, F|\n|poke|p1|Ting-Lu, L50|\n|poke|p1|Arcanine, L50, M|\n|poke|p1|Palafin, L50, F|\n|poke|p1|Flutter Mane, L50|\n|poke|p2|Iron Bundle, L50|\n|poke|p2|Chi-Yu, L50|\n|poke|p2|Gyarados, L50, F|\n|poke|p2|Glimmora, L50, F|\n|poke|p2|Wo-Chien, L50|\n|poke|p2|Kingambit, L50, F|\n|teampreview|4\n|inactive|Battle timer is ON: inactive players will automatically lose when time's up. (requested by grace_my_world)\n|inactive|zapdos95 has 60 seconds left.\n|inactive|zapdos95 has 30 seconds left.\n|\n|t:|1681684758\n|start\n|switch|p1a: Amoonguss|Amoonguss, L50, F|100\/100\n|switch|p1b: Ting-Lu|Ting-Lu, L50|100\/100\n|switch|p2a: Chi-Yu|Chi-Yu, L50|100\/100\n|switch|p2b: Glimmora|Glimmora, L50, F|100\/100\n|-ability|p2a: Chi-Yu|Beads of Ruin\n|-ability|p1b: Ting-Lu|Vessel of Ruin\n|turn|1\n|inactive|zapdos95 has 30 seconds left.\n|inactive|grace_my_world has 30 seconds left.\n|\n|t:|1681684789\n|switch|p2b: Gyarados|Gyarados, L50, F|100\/100\n|-ability|p2b: Gyarados|Intimidate|boost\n|-unboost|p1a: Amoonguss|atk|1\n|-unboost|p1b: Ting-Lu|atk|1\n|-terastallize|p2a: Chi-Yu|Grass\n|move|p1a: Amoonguss|Protect|p1a: Amoonguss\n|-singleturn|p1a: Amoonguss|Protect\n|move|p2a: Chi-Yu|Heat Wave|p1a: Amoonguss|[spread] \n|-activate|p1a: Amoonguss|move: Protect\n|-miss|p2a: Chi-Yu|p1b: Ting-Lu\n|move|p1b: Ting-Lu|Stomping Tantrum|p2a: Chi-Yu\n|-resisted|p2a: Chi-Yu\n|-damage|p2a: Chi-Yu|82\/100\n|\n|upkeep\n|turn|2\n|inactive|zapdos95 has 30 seconds left.\n|\n|t:|1681684823\n|-terastallize|p1a: Amoonguss|Water\n|move|p2a: Chi-Yu|Tera Blast|p1b: Ting-Lu\n|-supereffective|p1b: Ting-Lu\n|-damage|p1b: Ting-Lu|42\/100\n|-damage|p2a: Chi-Yu|72\/100|[from] item: Life Orb\n|move|p2b: Gyarados|Taunt|p1a: Amoonguss\n|-start|p1a: Amoonguss|move: Taunt\n|move|p1b: Ting-Lu|Ruination|p2a: Chi-Yu\n|-damage|p2a: Chi-Yu|37\/100\n|cant|p1a: Amoonguss|move: Taunt|Spore\n|\n|upkeep\n|turn|3\n|inactive|zapdos95 has 30 seconds left.\n|\n|t:|1681684851\n|switch|p1b: Kingambit|Kingambit, L50, F|100\/100\n|move|p2a: Chi-Yu|Tera Blast|p1a: Amoonguss\n|-supereffective|p1a: Amoonguss\n|-damage|p1a: Amoonguss|0 fnt\n|faint|p1a: Amoonguss\n|-damage|p2a: Chi-Yu|27\/100|[from] item: Life Orb\n|move|p2b: Gyarados|Waterfall|p1b: Kingambit\n|-damage|p1b: Kingambit|73\/100\n|\n|upkeep\n|\n|t:|1681684867\n|switch|p1a: Flutter Mane|Flutter Mane, L50|100\/100\n|-enditem|p1a: Flutter Mane|Booster Energy\n|-activate|p1a: Flutter Mane|ability: Protosynthesis|[fromitem]\n|-start|p1a: Flutter Mane|protosynthesisspa\n|turn|4\n|inactive|zapdos95 has 30 seconds left.\n|\n|t:|1681684900\n|move|p2a: Chi-Yu|Protect|p2a: Chi-Yu\n|-singleturn|p2a: Chi-Yu|Protect\n|move|p1a: Flutter Mane|Dazzling Gleam|p2a: Chi-Yu|[spread] p2b\n|-activate|p2a: Chi-Yu|move: Protect\n|-damage|p2b: Gyarados|59\/100\n|move|p2b: Gyarados|Iron Head|p1a: Flutter Mane\n|-supereffective|p1a: Flutter Mane\n|-damage|p1a: Flutter Mane|33\/100\n|move|p1b: Kingambit|Kowtow Cleave|p2b: Gyarados\n|-damage|p2b: Gyarados|3\/100\n|-enditem|p2b: Gyarados|Sitrus Berry|[eat]\n|-heal|p2b: Gyarados|28\/100|[from] item: Sitrus Berry\n|\n|upkeep\n|turn|5\n|inactive|zapdos95 has 30 seconds left.\n|inactive|zapdos95 has 20 seconds left.\n|\n|t:|1681684938\n|switch|p2a: Glimmora|Glimmora, L50, F|100\/100\n|move|p1a: Flutter Mane|Dazzling Gleam|p2b: Gyarados|[spread] p2a,p2b\n|-resisted|p2a: Glimmora\n|-damage|p2a: Glimmora|86\/100\n|-damage|p2b: Gyarados|0 fnt\n|faint|p2b: Gyarados\n|move|p1b: Kingambit|Iron Head|p2a: Glimmora\n|-supereffective|p2a: Glimmora\n|-damage|p2a: Glimmora|0 fnt\n|-activate|p2a: Glimmora|ability: Toxic Debris\n|-sidestart|p1: zapdos95|move: Toxic Spikes\n|faint|p2a: Glimmora\n|\n|upkeep\n|\n|t:|1681684952\n|switch|p2a: Iron Bundle|Iron Bundle, L50|100\/100\n|switch|p2b: Chi-Yu|Chi-Yu, L50, tera:Grass|27\/100\n|-ability|p2b: Chi-Yu|Beads of Ruin\n|-enditem|p2a: Iron Bundle|Booster Energy\n|-activate|p2a: Iron Bundle|ability: Quark Drive|[fromitem]\n|-start|p2a: Iron Bundle|quarkdrivespe\n|turn|6\n|inactive|zapdos95 has 30 seconds left.\n|inactive|zapdos95 has 20 seconds left.\n|\n|t:|1681684990\n|move|p1a: Flutter Mane|Protect|p1a: Flutter Mane\n|-singleturn|p1a: Flutter Mane|Protect\n|move|p1b: Kingambit|Sucker Punch|p2b: Chi-Yu\n|-damage|p2b: Chi-Yu|0 fnt\n|faint|p2b: Chi-Yu\n|move|p2a: Iron Bundle|Freeze-Dry|p1a: Flutter Mane\n|-activate|p1a: Flutter Mane|move: Protect\n|\n|upkeep\n|turn|7\n|\n|t:|1681685009\n|move|p2a: Iron Bundle|Freeze-Dry|p1a: Flutter Mane\n|-damage|p1a: Flutter Mane|4\/100\n|move|p1a: Flutter Mane|Moonblast|p2a: Iron Bundle\n|-damage|p2a: Iron Bundle|0 fnt\n|faint|p2a: Iron Bundle\n|-end|p2a: Iron Bundle|Quark Drive|[silent]\n|\n|win|zapdos95\n|raw|zapdos95's rating: 1440 → 1463<\/strong> (+23 for winning)\n|raw|grace_my_world's rating: 1488 → 1465<\/strong> (-23 for losing)\n|l|\u2606grace_my_world\n","uploadtime":1681685052,"views":12,"p1id":"zapdos95","p2id":"gracemyworld","formatid":"gen9vgc2023regulationc","rating":1463,"private":0,"password":""}