{"id":"gen9vgc2023regulationc-1856207405","p1":"Hadrian1917","p2":"surubinga","format":"[Gen 9] VGC 2023 Regulation C","log":"|j|\u2606Hadrian1917\n|j|\u2606surubinga\n|t:|1683040766\n|gametype|doubles\n|player|p1|Hadrian1917|brock|1067\n|player|p2|surubinga|170|1105\n|teamsize|p1|6\n|teamsize|p2|6\n|gen|9\n|tier|[Gen 9] VGC 2023 Regulation C\n|rated|\n|rule|Species Clause: Limit one of each Pok\u00e9mon\n|rule|Item Clause: Limit one of each item\n|clearpoke\n|poke|p1|Flutter Mane, L50|\n|poke|p1|Chi-Yu, L50|\n|poke|p1|Iron Hands, L50|\n|poke|p1|Ting-Lu, L50|\n|poke|p1|Gyarados, L50, M|\n|poke|p1|Amoonguss, L50, F|\n|poke|p2|Wo-Chien, L50|\n|poke|p2|Flutter Mane, L50|\n|poke|p2|Iron Bundle, L50|\n|poke|p2|Arcanine, L50, F|\n|poke|p2|Alomomola, L50, F|\n|poke|p2|Torkoal, L50, M|\n|teampreview|4\n|inactive|Battle timer is ON: inactive players will automatically lose when time's up. (requested by Hadrian1917)\nHadrian1917 has agreed to open team sheets.\n|inactive|Hadrian1917 has 60 seconds left.\n|inactive|surubinga has 60 seconds left.\nsurubinga has agreed to open team sheets.\n|inactive|Hadrian1917 has 30 seconds left.\n|inactive|Hadrian1917 has 20 seconds left.\n|inactive|Hadrian1917 has 15 seconds left.\n|inactive|Hadrian1917 has 10 seconds left.\n|inactive|Hadrian1917 has 5 seconds left.\n|\n|t:|1683040863\n|start\n|switch|p1a: Flutter Mane|Flutter Mane, L50|100\/100\n|switch|p1b: Chi-Yu|Chi-Yu, L50|100\/100\n|switch|p2a: Arcanine|Arcanine, L50, F|100\/100\n|switch|p2b: Wo-Chien|Wo-Chien, L50|100\/100\n|-ability|p1b: Chi-Yu|Beads of Ruin\n|-ability|p2a: Arcanine|Intimidate|boost\n|-unboost|p1a: Flutter Mane|atk|1\n|-unboost|p1b: Chi-Yu|atk|1\n|-ability|p2b: Wo-Chien|Tablets of Ruin\n|-enditem|p1a: Flutter Mane|Booster Energy\n|-activate|p1a: Flutter Mane|ability: Protosynthesis|[fromitem]\n|-start|p1a: Flutter Mane|protosynthesisspa\n|turn|1\n|\n|t:|1683040887\n|-terastallize|p2b: Wo-Chien|Water\n|move|p1a: Flutter Mane|Protect|p1a: Flutter Mane\n|-singleturn|p1a: Flutter Mane|Protect\n|move|p1b: Chi-Yu|Nasty Plot|p1b: Chi-Yu\n|-boost|p1b: Chi-Yu|spa|2\n|move|p2a: Arcanine|Flare Blitz|p1a: Flutter Mane\n|-activate|p1a: Flutter Mane|move: Protect\n|move|p2b: Wo-Chien|Snarl|p1b: Chi-Yu|[spread] p1b\n|-activate|p1a: Flutter Mane|move: Protect\n|-resisted|p1b: Chi-Yu\n|-damage|p1b: Chi-Yu|95\/100\n|-unboost|p1b: Chi-Yu|spa|1\n|\n|upkeep\n|turn|2\n|inactive|Hadrian1917 has 30 seconds left.\n|\n|t:|1683040920\n|move|p1a: Flutter Mane|Shadow Ball|p2a: Arcanine\n|-damage|p2a: Arcanine|24\/100\n|move|p1b: Chi-Yu|Dark Pulse|p2a: Arcanine\n|-damage|p2a: Arcanine|0 fnt\n|faint|p2a: Arcanine\n|move|p2b: Wo-Chien|Substitute|p2b: Wo-Chien\n|-start|p2b: Wo-Chien|Substitute\n|-damage|p2b: Wo-Chien|75\/100\n|\n|upkeep\n|\n|t:|1683040931\n|switch|p2a: Flutter Mane|Flutter Mane, L50|100\/100\n|turn|3\n|inactive|Hadrian1917 has 30 seconds left.\n|inactive|Hadrian1917 has 20 seconds left.\n|\n|t:|1683040970\n|move|p1a: Flutter Mane|Protect|p1a: Flutter Mane\n|-singleturn|p1a: Flutter Mane|Protect\n|move|p2a: Flutter Mane|Shadow Ball|p1a: Flutter Mane\n|-activate|p1a: Flutter Mane|move: Protect\n|move|p1b: Chi-Yu|Dark Pulse|p2a: Flutter Mane\n|-damage|p2a: Flutter Mane|15\/100\n|move|p2b: Wo-Chien|Leech Seed|p1b: Chi-Yu\n|-start|p1b: Chi-Yu|move: Leech Seed\n|\n|-damage|p1b: Chi-Yu|83\/100|[from] Leech Seed|[of] p2b: Wo-Chien\n|-heal|p2b: Wo-Chien|91\/100|[silent]\n|upkeep\n|turn|4\n|inactive|Hadrian1917 has 30 seconds left.\n|inactive|Hadrian1917 has 20 seconds left.\n|\n|t:|1683041007\n|move|p2a: Flutter Mane|Shadow Ball|p1a: Flutter Mane\n|-supereffective|p1a: Flutter Mane\n|-damage|p1a: Flutter Mane|0 fnt\n|faint|p1a: Flutter Mane\n|-end|p1a: Flutter Mane|Protosynthesis|[silent]\n|-damage|p2a: Flutter Mane|5\/100|[from] item: Life Orb\n|move|p1b: Chi-Yu|Dark Pulse|p2a: Flutter Mane\n|-damage|p2a: Flutter Mane|0 fnt\n|faint|p2a: Flutter Mane\n|-end|p2a: Flutter Mane|Protosynthesis|[silent]\n|move|p2b: Wo-Chien|Snarl|p1b: Chi-Yu\n|-resisted|p1b: Chi-Yu\n|-damage|p1b: Chi-Yu|75\/100\n|-unboost|p1b: Chi-Yu|spa|1\n|\n|-damage|p1b: Chi-Yu|63\/100|[from] Leech Seed|[of] p2b: Wo-Chien\n|-heal|p2b: Wo-Chien|100\/100|[silent]\n|upkeep\n|inactive|Hadrian1917 has 30 seconds left.\n|inactive|Hadrian1917 has 20 seconds left.\n|inactive|Hadrian1917 has 15 seconds left.\n|\n|t:|1683041049\n|switch|p2a: Torkoal|Torkoal, L50, M|100\/100\n|switch|p1a: Iron Hands|Iron Hands, L50|100\/100\n|-weather|SunnyDay|[from] ability: Drought|[of] p2a: Torkoal\n|-item|p2a: Torkoal|Air Balloon\n|turn|5\n|\n|t:|1683041064\n|move|p1a: Iron Hands|Fake Out|p2a: Torkoal\n|-damage|p2a: Torkoal|92\/100\n|-enditem|p2a: Torkoal|Air Balloon\n|move|p1b: Chi-Yu|Nasty Plot|p1b: Chi-Yu\n|-boost|p1b: Chi-Yu|spa|2\n|move|p2b: Wo-Chien|Leech Seed|p1a: Iron Hands\n|-start|p1a: Iron Hands|move: Leech Seed\n|cant|p2a: Torkoal|flinch\n|\n|-weather|SunnyDay|[upkeep]\n|-damage|p1b: Chi-Yu|51\/100|[from] Leech Seed|[of] p2b: Wo-Chien\n|-damage|p1a: Iron Hands|88\/100|[from] Leech Seed|[of] p2b: Wo-Chien\n|upkeep\n|turn|6\n|\n|t:|1683041085\n|move|p2b: Wo-Chien|Protect|p2b: Wo-Chien\n|-singleturn|p2b: Wo-Chien|Protect\n|move|p1b: Chi-Yu|Dark Pulse|p2a: Torkoal\n|-damage|p2a: Torkoal|0 fnt\n|faint|p2a: Torkoal\n|move|p1a: Iron Hands|Volt Switch|p2b: Wo-Chien\n|-activate|p2b: Wo-Chien|move: Protect\n|\n|-weather|SunnyDay|[upkeep]\n|-damage|p1b: Chi-Yu|39\/100|[from] Leech Seed|[of] p2b: Wo-Chien\n|-damage|p1a: Iron Hands|76\/100|[from] Leech Seed|[of] p2b: Wo-Chien\n|upkeep\n|turn|7\n|\n|t:|1683041103\n|move|p1b: Chi-Yu|Dark Pulse|p2b: Wo-Chien\n|-end|p2b: Wo-Chien|Substitute\n|move|p2b: Wo-Chien|Substitute|p2b: Wo-Chien\n|-start|p2b: Wo-Chien|Substitute\n|-damage|p2b: Wo-Chien|75\/100\n|move|p1a: Iron Hands|Volt Switch|p2b: Wo-Chien\n|-supereffective|p2b: Wo-Chien\n|-activate|p2b: Wo-Chien|move: Substitute|[damage]\n|\n|t:|1683041111\n|-end|p1a: Iron Hands|Quark Drive|[silent]\n|switch|p1a: Ting-Lu|Ting-Lu, L50|100\/100|[from] Volt Switch\n|-ability|p1a: Ting-Lu|Vessel of Ruin\n|\n|-weather|SunnyDay|[upkeep]\n|-damage|p1b: Chi-Yu|27\/100|[from] Leech Seed|[of] p2b: Wo-Chien\n|-heal|p2b: Wo-Chien|91\/100|[silent]\n|upkeep\n|turn|8\n|\n|t:|1683041120\n|move|p2b: Wo-Chien|Protect|p2b: Wo-Chien\n|-singleturn|p2b: Wo-Chien|Protect\n|move|p1b: Chi-Yu|Dark Pulse|p2b: Wo-Chien\n|-activate|p2b: Wo-Chien|move: Protect\n|move|p1a: Ting-Lu|Ruination|p2b: Wo-Chien\n|-activate|p2b: Wo-Chien|move: Protect\n|\n|-weather|SunnyDay|[upkeep]\n|-damage|p1b: Chi-Yu|15\/100|[from] Leech Seed|[of] p2b: Wo-Chien\n|-heal|p2b: Wo-Chien|100\/100|[silent]\n|upkeep\n|turn|9\n|\n|t:|1683041131\n|move|p1b: Chi-Yu|Dark Pulse|p2b: Wo-Chien\n|-end|p2b: Wo-Chien|Substitute\n|move|p2b: Wo-Chien|Substitute|p2b: Wo-Chien\n|-start|p2b: Wo-Chien|Substitute\n|-damage|p2b: Wo-Chien|75\/100\n|move|p1a: Ting-Lu|Ruination|p2b: Wo-Chien\n|-end|p2b: Wo-Chien|Substitute\n|\n|-weather|none\n|-damage|p1b: Chi-Yu|3\/100|[from] Leech Seed|[of] p2b: Wo-Chien\n|-heal|p2b: Wo-Chien|91\/100|[silent]\n|upkeep\n|turn|10\n|\n|t:|1683041148\n|switch|p1b: Iron Hands|Iron Hands, L50|76\/100\n|move|p2b: Wo-Chien|Protect|p2b: Wo-Chien\n|-singleturn|p2b: Wo-Chien|Protect\n|move|p1a: Ting-Lu|Ruination|p2b: Wo-Chien\n|-activate|p2b: Wo-Chien|move: Protect\n|\n|upkeep\n|turn|11\n|\n|t:|1683041157\n|-terastallize|p1b: Iron Hands|Grass\n|move|p2b: Wo-Chien|Leech Seed|p1a: Ting-Lu\n|-start|p1a: Ting-Lu|move: Leech Seed\n|move|p1a: Ting-Lu|Ruination|p2b: Wo-Chien\n|-damage|p2b: Wo-Chien|46\/100\n|move|p1b: Iron Hands|Wild Charge|p2b: Wo-Chien\n|-supereffective|p2b: Wo-Chien\n|-damage|p2b: Wo-Chien|0 fnt\n|faint|p2b: Wo-Chien\n|-damage|p1b: Iron Hands|69\/100|[from] Recoil\n|\n|win|Hadrian1917\n|raw|Hadrian1917's rating: 1067 → 1100<\/strong> (+33 for winning)\n|raw|surubinga's rating: 1105 → 1077<\/strong> (-28 for losing)\n","uploadtime":1683041167,"views":10,"p1id":"hadrian1917","p2id":"surubinga","formatid":"gen9vgc2023regulationc","rating":1077,"private":0,"password":""}