{"id":"gen9vgc2023regulationc-1863333721","p1":"SalcranVGC","p2":"SolCalibre","format":"[Gen 9] VGC 2023 Regulation C","log":"|j|\u2606SalcranVGC\n|j|\u2606SolCalibre\n|t:|1684003759\n|gametype|doubles\n|player|p1|SalcranVGC|1|\n|player|p2|SolCalibre|1|\n|teamsize|p1|6\n|teamsize|p2|6\n|gen|9\n|tier|[Gen 9] VGC 2023 Regulation C\n|rule|Species Clause: Limit one of each Pok\u00e9mon\n|rule|Item Clause: Limit one of each item\n|clearpoke\n|poke|p1|Arcanine, L50, F|\n|poke|p1|Palafin, L50, F|\n|poke|p1|Dragonite, L50, F|\n|poke|p1|Chien-Pao, L50|\n|poke|p1|Amoonguss, L50, M|\n|poke|p1|Iron Hands, L50|\n|poke|p2|Hatterene, L50, F|\n|poke|p2|Indeedee-F, L50, F|\n|poke|p2|Iron Hands, L50|\n|poke|p2|Armarouge, L50, M|\n|poke|p2|Torkoal, L50, F|\n|poke|p2|Lilligant, L50, F|\n|teampreview|4\nSolCalibre has agreed to open team sheets.\nSalcranVGC has agreed to open team sheets.\n|inactive|Battle timer is ON: inactive players will automatically lose when time's up. (requested by SolCalibre)\n|c|\u2606SalcranVGC|Wait a sec\n|c|\u2606SolCalibre|oh\n|c|\u2606SalcranVGC|We're suppsoed to set up all 3 rooms\n|c|\u2606SalcranVGC|Also timer\n|inactive|SalcranVGC has 60 seconds left.\n|c|\u2606SolCalibre|oh my bad\n|inactiveoff|Battle timer is now OFF.\n|j| Orangex733\n|c|\u2606SalcranVGC|ok, glhf\n|c|\u2606SolCalibre|Okay, u 2\n|l| Orangex733\n|c|\u2606SolCalibre|Do i put timer back on when battle starts or leave off?\n|j| Orangex733\n|c|\u2606SalcranVGC|nah, leave it off\n|c|\u2606SolCalibre|ok\n|\n|t:|1684004025\n|start\n|switch|p1a: Arcanine|Arcanine, L50, F|100\/100\n|switch|p1b: Dragonite|Dragonite, L50, F|100\/100\n|switch|p2a: Indeed!|Indeedee-F, L50, F|100\/100\n|switch|p2b: Miss Hat|Hatterene, L50, F|100\/100\n|-ability|p1a: Arcanine|Intimidate|boost\n|-unboost|p2a: Indeed!|atk|1\n|-unboost|p2b: Miss Hat|atk|1\n|-fieldstart|move: Psychic Terrain|[from] ability: Psychic Surge|[of] p2a: Indeed!\n|turn|1\n|j| Breloom3912\n|l| Breloom3912\n|j| Breloom3912\n|\n|t:|1684004081\n|move|p2a: Indeed!|Follow Me|p2a: Indeed!\n|-singleturn|p2a: Indeed!|move: Follow Me\n|move|p1a: Arcanine|Howl|p1a: Arcanine|[spread] p1a,p1b\n|-boost|p1a: Arcanine|atk|1\n|-boost|p1b: Dragonite|atk|1\n|move|p1b: Dragonite|Aerial Ace|p2a: Indeed!\n|-damage|p2a: Indeed!|28\/100\n|move|p2b: Miss Hat|Trick Room|p2b: Miss Hat\n|-fieldstart|move: Trick Room|[of] p2b: Miss Hat\n|\n|upkeep\n|turn|2\n|j| VGScruge\n|\n|t:|1684004147\n|-terastallize|p1b: Dragonite|Normal\n|move|p2a: Indeed!|Helping Hand|p2b: Miss Hat\n|-singleturn|p2b: Miss Hat|Helping Hand|[of] p2a: Indeed!\n|move|p2b: Miss Hat|Psychic|p1b: Dragonite\n|-damage|p1b: Dragonite|0 fnt\n|faint|p1b: Dragonite\n|-damage|p2b: Miss Hat|91\/100|[from] item: Life Orb\n|move|p1a: Arcanine|Howl|p1a: Arcanine\n|-boost|p1a: Arcanine|atk|1\n|\n|upkeep\n|\n|t:|1684004158\n|switch|p1b: Amoonguss|Amoonguss, L50, M|100\/100\n|turn|3\n|\n|t:|1684004180\n|move|p1b: Amoonguss|Protect|p1b: Amoonguss\n|-singleturn|p1b: Amoonguss|Protect\n|move|p2b: Miss Hat|Psychic|p1b: Amoonguss\n|-activate|p1b: Amoonguss|move: Protect\n|move|p2a: Indeed!|Psychic|p1a: Arcanine\n|-damage|p1a: Arcanine|65\/100\n|-unboost|p1a: Arcanine|spd|1\n|move|p1a: Arcanine|Flare Blitz|p2b: Miss Hat\n|-damage|p2b: Miss Hat|0 fnt\n|faint|p2b: Miss Hat\n|-damage|p1a: Arcanine|40\/100|[from] Recoil\n|\n|upkeep\n|\n|t:|1684004196\n|switch|p2b: Le Rouge|Armarouge, L50, M, shiny|100\/100\n|turn|4\n|\n|t:|1684004229\n|move|p2a: Indeed!|Helping Hand|p2b: Le Rouge\n|-singleturn|p2b: Le Rouge|Helping Hand|[of] p2a: Indeed!\n|move|p1b: Amoonguss|Pollen Puff|p1a: Arcanine\n|-heal|p1a: Arcanine|90\/100\n|move|p2b: Le Rouge|Expanding Force|p1b: Amoonguss|[spread] p1a,p1b\n|-crit|p1a: Arcanine\n|-supereffective|p1b: Amoonguss\n|-damage|p1a: Arcanine|0 fnt\n|-damage|p1b: Amoonguss|0 fnt\n|faint|p1a: Arcanine\n|faint|p1b: Amoonguss\n|\n|upkeep\n|l| Orangex733\n|\n|t:|1684004241\n|switch|p1b: Chien-Pao|Chien-Pao, L50|100\/100\n|-ability|p1b: Chien-Pao|Sword of Ruin\n|turn|5\n|j| Orangex733\n|\n|t:|1684004271\n|move|p1b: Chien-Pao|Protect|p1b: Chien-Pao\n|-singleturn|p1b: Chien-Pao|Protect\n|move|p2a: Indeed!|Follow Me|p2a: Indeed!\n|-singleturn|p2a: Indeed!|move: Follow Me\n|move|p2b: Le Rouge|Heat Wave|p1b: Chien-Pao\n|-activate|p1b: Chien-Pao|move: Protect\n|\n|-fieldend|move: Trick Room\n|-fieldend|move: Psychic Terrain\n|upkeep\n|turn|6\n|\n|t:|1684004326\n|-terastallize|p2b: Le Rouge|Grass\n|move|p1b: Chien-Pao|Sacred Sword|p2a: Indeed!\n|-damage|p2a: Indeed!|0 fnt\n|faint|p2a: Indeed!\n|move|p2b: Le Rouge|Energy Ball|p1b: Chien-Pao\n|-damage|p1b: Chien-Pao|15\/100\n|\n|upkeep\n|\n|t:|1684004334\n|switch|p2a: Harlyama|Iron Hands, L50|100\/100\n|turn|7\n|\n|t:|1684004342\n|move|p1b: Chien-Pao|Protect|p1b: Chien-Pao\n|-singleturn|p1b: Chien-Pao|Protect\n|move|p2a: Harlyama|Fake Out|p1b: Chien-Pao\n|-activate|p1b: Chien-Pao|move: Protect\n|move|p2b: Le Rouge|Energy Ball|p1b: Chien-Pao\n|-activate|p1b: Chien-Pao|move: Protect\n|\n|upkeep\n|turn|8\n|\n|t:|1684004362\n|move|p1b: Chien-Pao|Ice Spinner|p2b: Le Rouge\n|-supereffective|p2b: Le Rouge\n|-damage|p2b: Le Rouge|6\/100\n|move|p2b: Le Rouge|Energy Ball|p1b: Chien-Pao\n|-damage|p1b: Chien-Pao|0 fnt\n|faint|p1b: Chien-Pao\n|\n|win|SolCalibre\n|l| Breloom3912\n|l| VGScruge\n|l| Orangex733\n","uploadtime":1684004371,"views":18,"p1id":"salcranvgc","p2id":"solcalibre","formatid":"gen9vgc2023regulationc","rating":0,"private":0,"password":""}