{"id":"gen9vgc2023regulationc-1849102524","p1":"nicdro","p2":"gbfgfgr5","format":"[Gen 9] VGC 2023 Regulation C","log":"|j|\u2606nicdro\n|j|\u2606gbfgfgr5\n|t:|1682155799\n|gametype|doubles\n|player|p1|nicdro|fisherman-gen4|1134\n|player|p2|gbfgfgr5|102|1178\n|teamsize|p1|6\n|teamsize|p2|6\n|gen|9\n|tier|[Gen 9] VGC 2023 Regulation C\n|rated|\n|rule|Species Clause: Limit one of each Pok\u00e9mon\n|rule|Item Clause: Limit one of each item\n|clearpoke\n|poke|p1|Indeedee-F, L50, F|\n|poke|p1|Armarouge, L50, F|\n|poke|p1|Torkoal, L50, F|\n|poke|p1|Kingambit, L50, F|\n|poke|p1|Hatterene, L50, F|\n|poke|p1|Annihilape, L50, F|\n|poke|p2|Torkoal, L50, F|\n|poke|p2|Chi-Yu, L50|\n|poke|p2|Bronzong, L50|\n|poke|p2|Gastrodon, L50, F|\n|poke|p2|Grimmsnarl, L50, M|\n|poke|p2|Skeledirge, L50, F|\n|teampreview|4\n|inactive|Battle timer is ON: inactive players will automatically lose when time's up. (requested by nicdro)\n|\n|t:|1682155832\n|start\n|switch|p1a: Indeedee|Indeedee-F, L50, F|100\/100\n|switch|p1b: Armarouge|Armarouge, L50, F|100\/100\n|switch|p2a: Chi-Yu|Chi-Yu, L50|100\/100\n|switch|p2b: Skeledirge|Skeledirge, L50, F|100\/100\n|-ability|p2a: Chi-Yu|Beads of Ruin\n|-fieldstart|move: Psychic Terrain|[from] ability: Psychic Surge|[of] p1a: Indeedee\n|-enditem|p1a: Indeedee|Psychic Seed\n|-boost|p1a: Indeedee|spd|1|[from] item: Psychic Seed\n|turn|1\n|\n|t:|1682155857\n|-terastallize|p1b: Armarouge|Grass\n|move|p2b: Skeledirge|Protect|p2b: Skeledirge\n|-singleturn|p2b: Skeledirge|Protect\n|move|p2a: Chi-Yu|Substitute|p2a: Chi-Yu\n|-start|p2a: Chi-Yu|Substitute\n|-damage|p2a: Chi-Yu|76\/100\n|move|p1b: Armarouge|Psychic|p2b: Skeledirge\n|-activate|p2b: Skeledirge|move: Protect\n|move|p1a: Indeedee|Trick Room|p1a: Indeedee\n|-fieldstart|move: Trick Room|[of] p1a: Indeedee\n|\n|upkeep\n|turn|2\n|\n|t:|1682155877\n|switch|p2b: Bronzong|Bronzong, L50|100\/100\n|move|p1a: Indeedee|Helping Hand|p1b: Armarouge\n|-singleturn|p1b: Armarouge|Helping Hand|[of] p1a: Indeedee\n|move|p2a: Chi-Yu|Protect|p2a: Chi-Yu\n|-singleturn|p2a: Chi-Yu|Protect\n|move|p1b: Armarouge|Psychic|p2b: Bronzong\n|-resisted|p2b: Bronzong\n|-damage|p2b: Bronzong|68\/100\n|\n|upkeep\n|turn|3\n|\n|t:|1682155892\n|switch|p2b: Skeledirge|Skeledirge, L50, F|100\/100\n|move|p1b: Armarouge|Heat Wave|p2a: Chi-Yu|[spread] p2b\n|-miss|p1b: Armarouge|p2a: Chi-Yu\n|-resisted|p2b: Skeledirge\n|-damage|p2b: Skeledirge|71\/100\n|move|p1a: Indeedee|Dazzling Gleam|p2b: Skeledirge|[spread] p2a,p2b\n|-activate|p2a: Chi-Yu|move: Substitute|[damage]\n|-resisted|p2b: Skeledirge\n|-crit|p2b: Skeledirge\n|-damage|p2b: Skeledirge|55\/100\n|move|p2a: Chi-Yu|Snarl|p1b: Armarouge|[spread] p1a,p1b\n|-supereffective|p1a: Indeedee\n|-damage|p1a: Indeedee|70\/100\n|-damage|p1b: Armarouge|72\/100\n|-unboost|p1a: Indeedee|spa|1\n|-unboost|p1b: Armarouge|spa|1\n|\n|-heal|p2b: Skeledirge|61\/100|[from] item: Leftovers\n|upkeep\n|turn|4\n|\n|t:|1682155913\n|move|p2b: Skeledirge|Protect|p2b: Skeledirge\n|-singleturn|p2b: Skeledirge|Protect\n|move|p2a: Chi-Yu|Protect|p2a: Chi-Yu\n|-singleturn|p2a: Chi-Yu|Protect\n|move|p1b: Armarouge|Psychic|p2b: Skeledirge\n|-activate|p2b: Skeledirge|move: Protect\n|move|p1a: Indeedee|Dazzling Gleam|p2a: Chi-Yu|[spread] \n|-activate|p2a: Chi-Yu|move: Protect\n|-activate|p2b: Skeledirge|move: Protect\n|\n|-heal|p2b: Skeledirge|67\/100|[from] item: Leftovers\n|upkeep\n|turn|5\n|inactive|nicdro has 30 seconds left.\n|\n|t:|1682155942\n|switch|p1a: Hatterene|Hatterene, L50, F|100\/100\n|move|p1b: Armarouge|Psychic|p2b: Skeledirge\n|-damage|p2b: Skeledirge|0 fnt\n|faint|p2b: Skeledirge\n|move|p2a: Chi-Yu|Substitute|p2a: Chi-Yu\n|-fail|p2a: Chi-Yu|move: Substitute\n|\n|-fieldend|move: Trick Room\n|-fieldend|move: Psychic Terrain\n|upkeep\n|\n|t:|1682155950\n|switch|p2b: Bronzong|Bronzong, L50|68\/100\n|turn|6\n|\n|t:|1682155960\n|move|p2a: Chi-Yu|Snarl|p1a: Hatterene|[spread] p1a,p1b\n|-damage|p1a: Hatterene|73\/100\n|-damage|p1b: Armarouge|43\/100\n|-unboost|p1a: Hatterene|spa|1\n|-unboost|p1b: Armarouge|spa|1\n|move|p1b: Armarouge|Heat Wave|p2a: Chi-Yu|[spread] p2a,p2b\n|-resisted|p2a: Chi-Yu\n|-activate|p2a: Chi-Yu|move: Substitute|[damage]\n|-supereffective|p2b: Bronzong\n|-damage|p2b: Bronzong|20\/100\n|move|p2b: Bronzong|Iron Head|p1a: Hatterene\n|-supereffective|p1a: Hatterene\n|-crit|p1a: Hatterene\n|-damage|p1a: Hatterene|0 fnt\n|faint|p1a: Hatterene\n|\n|upkeep\n|\n|t:|1682155974\n|switch|p1a: Indeedee|Indeedee-F, L50, F|70\/100\n|-fieldstart|move: Psychic Terrain|[from] ability: Psychic Surge|[of] p1a: Indeedee\n|turn|7\n|\n|t:|1682155988\n|switch|p1b: Torkoal|Torkoal, L50, F|100\/100\n|-weather|SunnyDay|[from] ability: Drought|[of] p1b: Torkoal\n|move|p2a: Chi-Yu|Snarl|p1b: Torkoal|[spread] p1a,p1b\n|-supereffective|p1a: Indeedee\n|-crit|p1b: Torkoal\n|-damage|p1a: Indeedee|25\/100\n|-damage|p1b: Torkoal|53\/100\n|-unboost|p1a: Indeedee|spa|1\n|-unboost|p1b: Torkoal|spa|1\n|move|p2b: Bronzong|Body Press|p1a: Indeedee\n|-damage|p1a: Indeedee|0 fnt\n|faint|p1a: Indeedee\n|\n|-weather|SunnyDay|[upkeep]\n|upkeep\n|\n|t:|1682156001\n|switch|p1a: Armarouge|Armarouge, L50, F, tera:Grass|43\/100\n|turn|8\n|\n|t:|1682156014\n|-terastallize|p2a: Chi-Yu|Ghost\n|move|p2a: Chi-Yu|Tera Blast|p1a: Armarouge\n|-damage|p1a: Armarouge|0 fnt\n|faint|p1a: Armarouge\n|move|p2b: Bronzong|Body Press|p1b: Torkoal\n|-damage|p1b: Torkoal|33\/100\n|move|p1b: Torkoal|Earth Power|p2a: Chi-Yu\n|-end|p2a: Chi-Yu|Substitute\n|\n|-weather|SunnyDay|[upkeep]\n|upkeep\n|turn|9\n|\n|t:|1682156030\n|move|p2a: Chi-Yu|Tera Blast|p1b: Torkoal\n|-damage|p1b: Torkoal|0 fnt\n|faint|p1b: Torkoal\n|\n|win|gbfgfgr5\n|raw|nicdro's rating: 1134 → 1112<\/strong> (-22 for losing)\n|raw|gbfgfgr5's rating: 1178 → 1200<\/strong> (+22 for winning)\n|l|\u2606nicdro\n","uploadtime":1682156036,"views":6,"p1id":"nicdro","p2id":"gbfgfgr5","formatid":"gen9vgc2023regulationc","rating":1112,"private":0,"password":""}