{"id":"gen9vgc2023regulationc-1845096092","p1":"Marco Fettuccine","p2":"IronCrusader","format":"[Gen 9] VGC 2023 Regulation C","log":"|j|\u2606Marco Fettuccine\n|j|\u2606IronCrusader\n|t:|1681683053\n|gametype|doubles\n|player|p1|Marco Fettuccine|benga|1296\n|player|p2|IronCrusader|doctor|1198\n|teamsize|p1|6\n|teamsize|p2|6\n|gen|9\n|tier|[Gen 9] VGC 2023 Regulation C\n|rated|\n|rule|Species Clause: Limit one of each Pok\u00e9mon\n|rule|Item Clause: Limit one of each item\n|clearpoke\n|poke|p1|Flutter Mane, L50|\n|poke|p1|Arcanine, L50, M|\n|poke|p1|Dragapult, L50, F|\n|poke|p1|Chien-Pao, L50|\n|poke|p1|Amoonguss, L50, F|\n|poke|p1|Palafin, L50, M|\n|poke|p2|Dondozo, L50, M|\n|poke|p2|Tatsugiri, L50, M|\n|poke|p2|Flutter Mane, L50|\n|poke|p2|Chi-Yu, L50|\n|poke|p2|Amoonguss, L50, M|\n|poke|p2|Scizor, L50, F|\n|teampreview|4\n|j| TCoalX\nMarco Fettuccine has agreed to open team sheets.\n|inactive|Battle timer is ON: inactive players will automatically lose when time's up. (requested by IronCrusader)\n|c| TCoalX|Permission to record?\n|c|\u2606IronCrusader|ok\n|c|\u2606Marco Fettuccine|yessss\n|c| TCoalX|dope gl to the both of ya\n|inactive|Marco Fettuccine has 60 seconds left.\n|\n|t:|1681683145\n|start\n|switch|p1a: Palafin|Palafin, L50, M|100\/100\n|switch|p1b: Arcanine|Arcanine, L50, M|100\/100\n|switch|p2a: Dondozo|Dondozo, L50, M|100\/100\n|switch|p2b: Tatsugiri|Tatsugiri, L50, M, shiny|100\/100\n|-activate|p2b: Tatsugiri|ability: Commander|[of] p2a: Dondozo\n|-boost|p2a: Dondozo|atk|2\n|-boost|p2a: Dondozo|spa|2\n|-boost|p2a: Dondozo|spe|2\n|-boost|p2a: Dondozo|def|2\n|-boost|p2a: Dondozo|spd|2\n|-ability|p1b: Arcanine|Intimidate|boost\n|-unboost|p2a: Dondozo|atk|1\n|-unboost|p2b: Tatsugiri|atk|1\n|turn|1\n|inactive|IronCrusader has 30 seconds left.\n|\n|t:|1681683172\n|move|p1b: Arcanine|Protect|p1b: Arcanine\n|-singleturn|p1b: Arcanine|Protect\n|move|p1a: Palafin|Haze|p1a: Palafin\n|-clearallboost\n|move|p2a: Dondozo|Order Up|p1a: Palafin\n|-damage|p1a: Palafin|70\/100\n|-boost|p2a: Dondozo|atk|1\n|\n|upkeep\n|turn|2\n|\n|t:|1681683189\n|detailschange|p1a: Palafin|Palafin-Hero, L50, M\n|switch|p1a: Amoonguss|Amoonguss, L50, F|100\/100\n|move|p1b: Arcanine|Will-O-Wisp|p2a: Dondozo\n|-status|p2a: Dondozo|brn\n|-enditem|p2a: Dondozo|Lum Berry|[eat]\n|-curestatus|p2a: Dondozo|brn|[msg]\n|move|p2a: Dondozo|Wave Crash|p1b: Arcanine\n|-supereffective|p1b: Arcanine\n|-damage|p1b: Arcanine|0 fnt\n|faint|p1b: Arcanine\n|-damage|p2a: Dondozo|75\/100|[from] Recoil\n|\n|upkeep\n|\n|t:|1681683210\n|switch|p1b: Palafin|Palafin-Hero, L50, M|70\/100\n|-activate|p1b: Palafin|ability: Zero to Hero\n|turn|3\n|\n|t:|1681683219\n|-terastallize|p2a: Dondozo|Ice\n|move|p1b: Palafin|Haze|p1b: Palafin\n|-clearallboost\n|move|p2a: Dondozo|Tera Blast|p1a: Amoonguss\n|-supereffective|p1a: Amoonguss\n|-damage|p1a: Amoonguss|43\/100\n|-enditem|p1a: Amoonguss|Sitrus Berry|[eat]\n|-heal|p1a: Amoonguss|68\/100|[from] item: Sitrus Berry\n|move|p1a: Amoonguss|Spore|p2a: Dondozo\n|-status|p2a: Dondozo|slp|[from] move: Spore\n|\n|upkeep\n|turn|4\n|\n|t:|1681683242\n|move|p1b: Palafin|Wave Crash|p2a: Dondozo\n|-damage|p2a: Dondozo|13\/100 slp\n|-damage|p1b: Palafin|44\/100|[from] Recoil\n|cant|p2a: Dondozo|slp\n|move|p1a: Amoonguss|Pollen Puff|p1b: Palafin\n|-heal|p1b: Palafin|94\/100\n|\n|upkeep\n|turn|5\n|inactive|Marco Fettuccine has 30 seconds left.\n|\n|t:|1681683269\n|move|p1b: Palafin|Jet Punch|p2a: Dondozo\n|-damage|p2a: Dondozo|0 fnt\n|faint|p2a: Dondozo\n|move|p1a: Amoonguss|Spore|p2b: Tatsugiri\n|-status|p2b: Tatsugiri|slp|[from] move: Spore\n|\n|upkeep\n|\n|t:|1681683278\n|switch|p2a: Chi-Yu|Chi-Yu, L50|100\/100\n|-ability|p2a: Chi-Yu|Beads of Ruin\n|turn|6\n|\n|t:|1681683301\n|-terastallize|p1a: Amoonguss|Water\n|cant|p2b: Tatsugiri|slp\n|move|p2a: Chi-Yu|Dark Pulse|p1b: Palafin\n|-damage|p1b: Palafin|33\/100\n|move|p1b: Palafin|Wave Crash|p2b: Tatsugiri\n|-resisted|p2b: Tatsugiri\n|-damage|p2b: Tatsugiri|58\/100 slp\n|-damage|p1b: Palafin|23\/100|[from] Recoil\n|move|p1a: Amoonguss|Spore|p2a: Chi-Yu\n|-status|p2a: Chi-Yu|slp|[from] move: Spore\n|\n|upkeep\n|turn|7\n|\n|t:|1681683326\n|cant|p2a: Chi-Yu|slp\n|move|p1b: Palafin|Jet Punch|p2a: Chi-Yu\n|-supereffective|p2a: Chi-Yu\n|-enditem|p2a: Chi-Yu|Focus Sash\n|-damage|p2a: Chi-Yu|1\/100 slp\n|cant|p2b: Tatsugiri|slp\n|move|p1a: Amoonguss|Pollen Puff|p1b: Palafin\n|-heal|p1b: Palafin|73\/100\n|\n|upkeep\n|turn|8\n|inactive|IronCrusader has 30 seconds left.\n|inactive|IronCrusader has 20 seconds left.\n|\n|t:|1681683366\n|cant|p2a: Chi-Yu|slp\n|-curestatus|p2b: Tatsugiri|slp|[msg]\n|move|p2b: Tatsugiri|Draco Meteor|p1b: Palafin\n|-damage|p1b: Palafin|0 fnt\n|-unboost|p2b: Tatsugiri|spa|2\n|faint|p1b: Palafin\n|move|p1a: Amoonguss|Pollen Puff|p2a: Chi-Yu\n|-damage|p2a: Chi-Yu|0 fnt\n|faint|p2a: Chi-Yu\n|\n|upkeep\n|\n|t:|1681683379\n|switch|p2a: Flutter Mane|Flutter Mane, L50|100\/100\n|switch|p1b: Flutter Mane|Flutter Mane, L50|100\/100\n|-enditem|p1b: Flutter Mane|Booster Energy\n|-activate|p1b: Flutter Mane|ability: Protosynthesis|[fromitem]\n|-start|p1b: Flutter Mane|protosynthesisspe\n|turn|9\n|inactive|IronCrusader has 30 seconds left.\n|inactive|IronCrusader has 20 seconds left.\n|\n|t:|1681683415\n|move|p1a: Amoonguss|Protect|p1a: Amoonguss\n|-singleturn|p1a: Amoonguss|Protect\n|move|p1b: Flutter Mane|Shadow Ball|p2a: Flutter Mane\n|-supereffective|p2a: Flutter Mane\n|-damage|p2a: Flutter Mane|7\/100\n|move|p2b: Tatsugiri|Draco Meteor|p1a: Amoonguss\n|-activate|p1a: Amoonguss|move: Protect\n|move|p2a: Flutter Mane|Shadow Ball|p1b: Flutter Mane\n|-supereffective|p1b: Flutter Mane\n|-damage|p1b: Flutter Mane|16\/100\n|-unboost|p1b: Flutter Mane|spd|1\n|\n|upkeep\n|turn|10\n|\n|t:|1681683434\n|move|p2a: Flutter Mane|Protect|p2a: Flutter Mane\n|-singleturn|p2a: Flutter Mane|Protect\n|move|p1a: Amoonguss|Rage Powder|p1a: Amoonguss\n|-singleturn|p1a: Amoonguss|move: Rage Powder\n|move|p1b: Flutter Mane|Dazzling Gleam|p2a: Flutter Mane|[spread] p2b\n|-activate|p2a: Flutter Mane|move: Protect\n|-supereffective|p2b: Tatsugiri\n|-damage|p2b: Tatsugiri|0 fnt\n|faint|p2b: Tatsugiri\n|\n|upkeep\n|turn|11\n|\n|t:|1681683448\n|move|p1b: Flutter Mane|Shadow Ball|p2a: Flutter Mane\n|-supereffective|p2a: Flutter Mane\n|-damage|p2a: Flutter Mane|0 fnt\n|faint|p2a: Flutter Mane\n|-end|p2a: Flutter Mane|Protosynthesis|[silent]\n|\n|win|Marco Fettuccine\n|raw|Marco Fettuccine's rating: 1296 → 1314<\/strong> (+18 for winning)\n|raw|IronCrusader's rating: 1198 → 1180<\/strong> (-18 for losing)\n|l|\u2606IronCrusader\n|c|\u2606Marco Fettuccine|gg\n|c| TCoalX|gg's to ya both\n|c|\u2606Marco Fettuccine|youtube?\n|c| TCoalX|same as my name\n","uploadtime":1681683512,"views":6,"p1id":"marcofettuccine","p2id":"ironcrusader","formatid":"gen9vgc2023regulationc","rating":1180,"private":0,"password":""}