{"id":"gen9vgc2023regulationc-1859149778","p1":"MateusVDA","p2":"ken de kskwm","format":"[Gen 9] VGC 2023 Regulation C","log":"|j|\u2606MateusVDA\n|j|\u2606ken de kskwm\n|t:|1683410491\n|gametype|doubles\n|player|p1|MateusVDA|1|1026\n|player|p2|ken de kskwm|169|1000\n|teamsize|p1|6\n|teamsize|p2|6\n|gen|9\n|tier|[Gen 9] VGC 2023 Regulation C\n|rated|\n|rule|Species Clause: Limit one of each Pok\u00e9mon\n|rule|Item Clause: Limit one of each item\n|clearpoke\n|poke|p1|Lycanroc-Dusk, L50, F|\n|poke|p1|Hydreigon, L50, F|\n|poke|p1|Chien-Pao, L50|\n|poke|p1|Armarouge, L50, F|\n|poke|p1|Maushold, L50|\n|poke|p1|Scizor, L50, M|\n|poke|p2|Dachsbun, L50, F|\n|poke|p2|Torkoal, L50, M|\n|poke|p2|Maushold, L50|\n|poke|p2|Lilligant, L50, F|\n|poke|p2|Chi-Yu, L50|\n|poke|p2|Murkrow, L50, F|\n|teampreview|4\n|\n|t:|1683410512\n|start\n|switch|p1a: Rocky doggy|Lycanroc-Dusk, L50, F|100\/100\n|switch|p1b: No indeede? : (|Armarouge, L50, F|100\/100\n|switch|p2a: Torkoal|Torkoal, L50, M|100\/100\n|switch|p2b: Chi-Yu|Chi-Yu, L50|100\/100\n|-ability|p2b: Chi-Yu|Beads of Ruin\n|-weather|SunnyDay|[from] ability: Drought|[of] p2a: Torkoal\n|turn|1\n|\n|t:|1683410533\n|switch|p2a: Dachsbun|Dachsbun, L50, F|100\/100\n|-terastallize|p1a: Rocky doggy|Rock\n|move|p1b: No indeede? : (|Protect|p1b: No indeede? : (\n|-singleturn|p1b: No indeede? : (|Protect\n|move|p1a: Rocky doggy|Accelerock|p2b: Chi-Yu\n|-supereffective|p2b: Chi-Yu\n|-damage|p2b: Chi-Yu|0 fnt\n|faint|p2b: Chi-Yu\n|\n|-weather|SunnyDay|[upkeep]\n|upkeep\n|\n|t:|1683410540\n|switch|p2b: Lilligant|Lilligant, L50, F|100\/100\n|turn|2\n|\n|t:|1683410552\n|move|p2b: Lilligant|Sleep Powder|p1b: No indeede? : (\n|-status|p1b: No indeede? : (|slp|[from] move: Sleep Powder\n|move|p1a: Rocky doggy|Rock Slide|p2b: Lilligant|[spread] p2a\n|-miss|p1a: Rocky doggy|p2b: Lilligant\n|-damage|p2a: Dachsbun|68\/100\n|cant|p2a: Dachsbun|flinch\n|cant|p1b: No indeede? : (|slp\n|\n|-weather|SunnyDay|[upkeep]\n|upkeep\n|turn|3\n|\n|t:|1683410579\n|move|p2b: Lilligant|Energy Ball|p1a: Rocky doggy\n|-supereffective|p1a: Rocky doggy\n|-damage|p1a: Rocky doggy|0 fnt\n|faint|p1a: Rocky doggy\n|move|p2a: Dachsbun|Body Press|p1b: No indeede? : (\n|-resisted|p1b: No indeede? : (\n|-damage|p1b: No indeede? : (|89\/100 slp\n|-ability|p1b: No indeede? : (|Weak Armor|boost\n|-unboost|p1b: No indeede? : (|def|1\n|-boost|p1b: No indeede? : (|spe|2\n|-curestatus|p1b: No indeede? : (|slp|[msg]\n|move|p1b: No indeede? : (|Psyshock|p2b: Lilligant\n|-damage|p2b: Lilligant|50\/100\n|\n|-weather|SunnyDay|[upkeep]\n|upkeep\n|\n|t:|1683410600\n|switch|p1a: Mickey Minnie JR|Maushold, L50|100\/100\n|turn|4\n|\n|t:|1683410613\n|move|p2b: Lilligant|Sleep Powder|p1b: No indeede? : (\n|-status|p1b: No indeede? : (|slp|[from] move: Sleep Powder\n|cant|p1b: No indeede? : (|slp\n|move|p1a: Mickey Minnie JR|Population Bomb|p2a: Dachsbun\n|-damage|p2a: Dachsbun|62\/100\n|-damage|p2a: Dachsbun|56\/100\n|-damage|p2a: Dachsbun|50\/100\n|-crit|p2a: Dachsbun\n|-damage|p2a: Dachsbun|43\/100\n|-damage|p2a: Dachsbun|37\/100\n|-damage|p2a: Dachsbun|32\/100\n|-damage|p2a: Dachsbun|26\/100\n|-damage|p2a: Dachsbun|21\/100\n|-damage|p2a: Dachsbun|15\/100\n|-damage|p2a: Dachsbun|10\/100\n|-hitcount|p2a: Dachsbun|10\n|move|p2a: Dachsbun|Body Press|p1a: Mickey Minnie JR\n|-supereffective|p1a: Mickey Minnie JR\n|-damage|p1a: Mickey Minnie JR|38\/100\n|\n|-weather|SunnyDay|[upkeep]\n|upkeep\n|turn|5\n|c|\u2606MateusVDA|STUPID DUMB*SS PLANT\n|\n|t:|1683410646\n|move|p2b: Lilligant|Energy Ball|p1a: Mickey Minnie JR\n|-damage|p1a: Mickey Minnie JR|0 fnt\n|faint|p1a: Mickey Minnie JR\n|cant|p1b: No indeede? : (|slp\n|move|p2a: Dachsbun|Body Press|p1b: No indeede? : (\n|-resisted|p1b: No indeede? : (\n|-damage|p1b: No indeede? : (|74\/100 slp\n|-ability|p1b: No indeede? : (|Weak Armor|boost\n|-unboost|p1b: No indeede? : (|def|1\n|-boost|p1b: No indeede? : (|spe|2\n|\n|-weather|none\n|upkeep\n|\n|t:|1683410657\n|switch|p1a: Hy3gon|Hydreigon, L50, F|100\/100\n|turn|6\n|\n|t:|1683410672\n|move|p2b: Lilligant|Protect|p2b: Lilligant\n|-singleturn|p2b: Lilligant|Protect\n|-curestatus|p1b: No indeede? : (|slp|[msg]\n|move|p1b: No indeede? : (|Psyshock|p2a: Dachsbun\n|-damage|p2a: Dachsbun|0 fnt\n|faint|p2a: Dachsbun\n|move|p1a: Hy3gon|Dark Pulse|p2b: Lilligant\n|-activate|p2b: Lilligant|move: Protect\n|\n|upkeep\n|\n|t:|1683410675\n|switch|p2a: Torkoal|Torkoal, L50, M|100\/100\n|-weather|SunnyDay|[from] ability: Drought|[of] p2a: Torkoal\n|turn|7\n|c|\u2606MateusVDA|I HATE THAT STUPID ABUSIVE PLANT NOW\n|c|\u2606MateusVDA|IF THAT HITS\n|c|\u2606MateusVDA|IF THAT HITS AGIN\n|inactive|Battle timer is ON: inactive players will automatically lose when time's up. (requested by MateusVDA)\n|inactive|ken de kskwm has 60 seconds left.\n|inactive|ken de kskwm has 30 seconds left.\n|inactive|ken de kskwm has 20 seconds left.\n|inactive|ken de kskwm has 15 seconds left.\n|inactive|ken de kskwm has 10 seconds left.\n|inactive|ken de kskwm has 5 seconds left.\n|\n|t:|1683410841\n|move|p1b: No indeede? : (|Protect|p1b: No indeede? : (\n|-singleturn|p1b: No indeede? : (|Protect\n|move|p2b: Lilligant|After You||[still]\n|-fail|p2b: Lilligant\n|move|p1a: Hy3gon|Dark Pulse|p2b: Lilligant\n|-damage|p2b: Lilligant|0 fnt\n|faint|p2b: Lilligant\n|move|p2a: Torkoal|Eruption|p1b: No indeede? : (|[spread] p1a\n|-activate|p1b: No indeede? : (|move: Protect\n|-resisted|p1a: Hy3gon\n|-damage|p1a: Hy3gon|54\/100\n|\n|-weather|SunnyDay|[upkeep]\n|upkeep\n|turn|8\n|inactive|MateusVDA has 30 seconds left.\n|inactive|ken de kskwm has 30 seconds left.\n|inactive|MateusVDA has 20 seconds left.\n|inactive|ken de kskwm has 20 seconds left.\n|inactive|MateusVDA has 15 seconds left.\n|inactive|ken de kskwm has 15 seconds left.\n|inactive|MateusVDA has 10 seconds left.\n|inactive|ken de kskwm has 10 seconds left.\n|inactive|MateusVDA has 5 seconds left.\n|inactive|ken de kskwm has 5 seconds left.\n|\n|t:|1683410896\n|move|p1b: No indeede? : (|Psyshock|p2a: Torkoal\n|-damage|p2a: Torkoal|70\/100\n|move|p1a: Hy3gon|Draco Meteor|p2a: Torkoal\n|-damage|p2a: Torkoal|0 fnt\n|-unboost|p1a: Hy3gon|spa|2\n|faint|p2a: Torkoal\n|\n|win|MateusVDA\n|raw|MateusVDA's rating: 1026 → 1068<\/strong> (+42 for winning)\n|raw|ken de kskwm's rating: 1084 → 1058<\/strong> (-26 for losing)\n","uploadtime":1683410622,"views":5,"p1id":"mateusvda","p2id":"kendekskwm","formatid":"gen9vgc2023regulationc","rating":1058,"private":0,"password":""}