{"id":"gen9vgc2023regulationc-1860289992","p1":"Bildark94","p2":"XinBluQAQ","format":"[Gen 9] VGC 2023 Regulation C","log":"|j|\u2606Bildark94\n|j|\u2606XinBluQAQ\n|t:|1683626597\n|gametype|doubles\n|player|p1|Bildark94|n|1321\n|player|p2|XinBluQAQ|shadowtriad|1323\n|teamsize|p1|6\n|teamsize|p2|6\n|gen|9\n|tier|[Gen 9] VGC 2023 Regulation C\n|rated|\n|rule|Species Clause: Limit one of each Pok\u00e9mon\n|rule|Item Clause: Limit one of each item\n|clearpoke\n|poke|p1|Abomasnow, L50, M|\n|poke|p1|Iron Bundle, L50|\n|poke|p1|Chi-Yu, L50|\n|poke|p1|Flutter Mane, L50|\n|poke|p1|Scizor, L50, F|\n|poke|p1|Gyarados, L50, F|\n|poke|p2|Iron Bundle, L50|\n|poke|p2|Dondozo, L50, M|\n|poke|p2|Tatsugiri, L50, M|\n|poke|p2|Glimmora, L50, M|\n|poke|p2|Dragonite, L50, M|\n|poke|p2|Chi-Yu, L50|\n|teampreview|4\nBildark94 has agreed to open team sheets.\nXinBluQAQ has agreed to open team sheets.\n|inactive|Battle timer is ON: inactive players will automatically lose when time's up. (requested by Bildark94)\n|\n|t:|1683626647\n|start\n|switch|p1a: Abomasnow|Abomasnow, L50, M|100\/100\n|switch|p1b: Iron Bundle|Iron Bundle, L50|100\/100\n|switch|p2a: Iron Bundle|Iron Bundle, L50|100\/100\n|switch|p2b: Chi-Yu|Chi-Yu, L50|100\/100\n|-ability|p2b: Chi-Yu|Beads of Ruin\n|-weather|Snow|[from] ability: Snow Warning|[of] p1a: Abomasnow\n|-enditem|p2a: Iron Bundle|Booster Energy\n|-activate|p2a: Iron Bundle|ability: Quark Drive|[fromitem]\n|-start|p2a: Iron Bundle|quarkdrivespe\n|-enditem|p1b: Iron Bundle|Booster Energy\n|-activate|p1b: Iron Bundle|ability: Quark Drive|[fromitem]\n|-start|p1b: Iron Bundle|quarkdrivespe\n|turn|1\n|inactive|Bildark94 has 30 seconds left.\n|\n|t:|1683626680\n|move|p1b: Iron Bundle|Protect|p1b: Iron Bundle\n|-singleturn|p1b: Iron Bundle|Protect\n|move|p2a: Iron Bundle|Icy Wind|p1a: Abomasnow|[spread] p1a\n|-activate|p1b: Iron Bundle|move: Protect\n|-damage|p1a: Abomasnow|83\/100\n|-unboost|p1a: Abomasnow|spe|1\n|move|p2b: Chi-Yu|Heat Wave|p1b: Iron Bundle|[spread] p1a\n|-activate|p1b: Iron Bundle|move: Protect\n|-supereffective|p1a: Abomasnow\n|-enditem|p1a: Abomasnow|Occa Berry|[eat]\n|-enditem|p1a: Abomasnow|Occa Berry|[weaken]\n|-damage|p1a: Abomasnow|12\/100\n|move|p1a: Abomasnow|Aurora Veil|p1a: Abomasnow\n|-sidestart|p1: Bildark94|move: Aurora Veil\n|\n|-weather|Snow|[upkeep]\n|upkeep\n|turn|2\n|j| Wsits\n|\n|t:|1683626703\n|move|p2a: Iron Bundle|Freeze-Dry|p1b: Iron Bundle\n|-damage|p1b: Iron Bundle|52\/100\n|move|p1b: Iron Bundle|Hydro Pump|p2b: Chi-Yu\n|-supereffective|p2b: Chi-Yu\n|-enditem|p2b: Chi-Yu|Focus Sash\n|-damage|p2b: Chi-Yu|1\/100\n|move|p2b: Chi-Yu|Heat Wave|p1a: Abomasnow|[spread] p1a,p1b\n|-supereffective|p1a: Abomasnow\n|-crit|p1b: Iron Bundle\n|-damage|p1a: Abomasnow|0 fnt\n|-damage|p1b: Iron Bundle|0 fnt\n|faint|p1a: Abomasnow\n|faint|p1b: Iron Bundle\n|-end|p1b: Iron Bundle|Quark Drive|[silent]\n|\n|-weather|Snow|[upkeep]\n|upkeep\n|\n|t:|1683626715\n|switch|p1b: Flutter Mane|Flutter Mane, L50|100\/100\n|switch|p1a: Chi-Yu|Chi-Yu, L50|100\/100\n|-ability|p1a: Chi-Yu|Beads of Ruin\n|turn|3\n|inactive|Bildark94 has 30 seconds left.\n|inactive|Bildark94 has 20 seconds left.\n|\n|t:|1683626751\n|-terastallize|p1b: Flutter Mane|Water\n|move|p2a: Iron Bundle|Icy Wind|p1b: Flutter Mane|[spread] p1a,p1b\n|-resisted|p1a: Chi-Yu\n|-resisted|p1b: Flutter Mane\n|-damage|p1a: Chi-Yu|95\/100\n|-damage|p1b: Flutter Mane|92\/100\n|-unboost|p1a: Chi-Yu|spe|1\n|-unboost|p1b: Flutter Mane|spe|1\n|move|p2b: Chi-Yu|Dark Pulse|p1b: Flutter Mane\n|-damage|p1b: Flutter Mane|52\/100\n|move|p1b: Flutter Mane|Dazzling Gleam|p2a: Iron Bundle|[spread] p2a,p2b\n|-damage|p2a: Iron Bundle|0 fnt\n|-damage|p2b: Chi-Yu|0 fnt\n|faint|p2a: Iron Bundle\n|-end|p2a: Iron Bundle|Quark Drive|[silent]\n|faint|p2b: Chi-Yu\n|move|p1a: Chi-Yu|Heat Wave|p2: Iron Bundle|[notarget]\n|-fail|p1a: Chi-Yu\n|\n|-weather|Snow|[upkeep]\n|upkeep\n|\n|t:|1683626767\n|switch|p2a: Dragonite|Dragonite, L50, M|100\/100\n|switch|p2b: Dondozo|Dondozo, L50, M|100\/100\n|turn|4\n|\n|t:|1683626789\n|move|p2a: Dragonite|Extreme Speed|p1b: Flutter Mane\n|-crit|p1b: Flutter Mane\n|-damage|p1b: Flutter Mane|0 fnt\n|faint|p1b: Flutter Mane\n|-end|p1b: Flutter Mane|Protosynthesis|[silent]\n|move|p1a: Chi-Yu|Nasty Plot|p1a: Chi-Yu\n|-boost|p1a: Chi-Yu|spa|2\n|move|p2b: Dondozo|Earthquake|p1a: Chi-Yu|[spread] p1a\n|-immune|p2a: Dragonite\n|-supereffective|p1a: Chi-Yu\n|-damage|p1a: Chi-Yu|59\/100\n|\n|-weather|Snow|[upkeep]\n|upkeep\n|turn|5\n|\n|t:|1683626801\n|move|p2a: Dragonite|Extreme Speed|p1a: Chi-Yu\n|-damage|p1a: Chi-Yu|16\/100\n|move|p1a: Chi-Yu|Heat Wave|p2b: Dondozo|[spread] p2a,p2b\n|-resisted|p2a: Dragonite\n|-resisted|p2b: Dondozo\n|-damage|p2a: Dragonite|81\/100\n|-damage|p2b: Dondozo|80\/100\n|move|p2b: Dondozo|Wave Crash|p1a: Chi-Yu\n|-supereffective|p1a: Chi-Yu\n|-damage|p1a: Chi-Yu|0 fnt\n|faint|p1a: Chi-Yu\n|-damage|p2b: Dondozo|77\/100|[from] Recoil\n|\n|win|XinBluQAQ\n|raw|Bildark94's rating: 1321 → 1301<\/strong> (-20 for losing)\n|raw|XinBluQAQ's rating: 1323 → 1343<\/strong> (+20 for winning)\n|l|\u2606Bildark94\n|l|\u2606XinBluQAQ\n|l| Wsits\n|j| XinQAQ030\n|l| XinQAQ030\n","uploadtime":1683627801,"views":9,"p1id":"bildark94","p2id":"xinbluqaq","formatid":"gen9vgc2023regulationc","rating":1301,"private":0,"password":""}