{"id":"gen9vgc2023regulationc-1846362808","p1":"victea33","p2":"fo50","format":"[Gen 9] VGC 2023 Regulation C","log":"|j|\u2606victea33\n|j|\u2606fo50\n|t:|1681834813\n|gametype|doubles\n|player|p1|victea33|1|1000\n|player|p2|fo50|102|1068\n|teamsize|p1|6\n|teamsize|p2|6\n|gen|9\n|tier|[Gen 9] VGC 2023 Regulation C\n|rated|\n|rule|Species Clause: Limit one of each Pok\u00e9mon\n|rule|Item Clause: Limit one of each item\n|clearpoke\n|poke|p1|Slowbro, L50, M|\n|poke|p1|Torkoal, L50, F|\n|poke|p1|Amoonguss, L50, M|\n|poke|p1|Gastrodon, L50, F|\n|poke|p1|Rotom-Heat, L50|\n|poke|p1|Ditto, L50|\n|poke|p2|Scovillain, L50, M|\n|poke|p2|Dragonite, L50, M|\n|poke|p2|Tinkaton, L50, F|\n|poke|p2|Garchomp, L50, M|\n|poke|p2|Torkoal, L50, F|\n|poke|p2|Scizor, L50, F|\n|teampreview|4\n|inactive|Battle timer is ON: inactive players will automatically lose when time's up. (requested by victea33)\n|\n|t:|1681834858\n|start\n|switch|p1a: Slowbro|Slowbro, L50, M, shiny|100\/100\n|switch|p1b: Amoonguss|Amoonguss, L50, M, shiny|100\/100\n|switch|p2a: Garchomp|Garchomp, L50, M|100\/100\n|switch|p2b: Tinkaton|Tinkaton, L50, F|100\/100\n|turn|1\n|inactive|fo50 has 30 seconds left.\n|\n|t:|1681834884\n|move|p2b: Tinkaton|Fake Out|p1a: Slowbro\n|-damage|p1a: Slowbro|94\/100\n|move|p1b: Amoonguss|Rage Powder|p1b: Amoonguss\n|-singleturn|p1b: Amoonguss|move: Rage Powder\n|move|p2a: Garchomp|Dragon Claw|p1b: Amoonguss\n|-damage|p1b: Amoonguss|54\/100\n|cant|p1a: Slowbro|flinch\n|\n|-heal|p1b: Amoonguss|60\/100|[from] item: Leftovers\n|upkeep\n|turn|2\n|inactive|victea33 has 30 seconds left.\n|inactive|fo50 has 30 seconds left.\n|inactive|victea33 has 20 seconds left.\n|inactive|victea33 has 15 seconds left.\n|\n|t:|1681834927\n|move|p1b: Amoonguss|Rage Powder|p1b: Amoonguss\n|-singleturn|p1b: Amoonguss|move: Rage Powder\n|move|p2a: Garchomp|Thunder Fang|p1b: Amoonguss\n|-resisted|p1b: Amoonguss\n|-damage|p1b: Amoonguss|48\/100\n|-status|p2a: Garchomp|psn|[from] ability: Effect Spore|[of] p1b: Amoonguss\n|move|p2b: Tinkaton|Knock Off|p1b: Amoonguss\n|-damage|p1b: Amoonguss|27\/100\n|-enditem|p1b: Amoonguss|Leftovers|[from] move: Knock Off|[of] p2b: Tinkaton\n|move|p1a: Slowbro|Trick Room|p1a: Slowbro\n|-fieldstart|move: Trick Room|[of] p1a: Slowbro\n|\n|-damage|p2a: Garchomp|88\/100 psn|[from] psn\n|upkeep\n|turn|3\n|inactive|victea33 has 30 seconds left.\n|inactive|fo50 has 30 seconds left.\n|inactive|victea33 has 20 seconds left.\n|\n|t:|1681834963\n|move|p1a: Slowbro|Protect|p1a: Slowbro\n|-singleturn|p1a: Slowbro|Protect\n|move|p1b: Amoonguss|Giga Drain|p2b: Tinkaton\n|-resisted|p2b: Tinkaton\n|-damage|p2b: Tinkaton|91\/100\n|-heal|p1b: Amoonguss|33\/100|[from] drain|[of] p2b: Tinkaton\n|move|p2b: Tinkaton|Knock Off|p1a: Slowbro\n|-activate|p1a: Slowbro|move: Protect\n|move|p2a: Garchomp|Dragon Claw|p1b: Amoonguss\n|-damage|p1b: Amoonguss|0 fnt\n|faint|p1b: Amoonguss\n|\n|-heal|p2b: Tinkaton|97\/100|[from] item: Leftovers\n|-damage|p2a: Garchomp|75\/100 psn|[from] psn\n|upkeep\n|\n|t:|1681834969\n|switch|p1b: Gastrodon|Gastrodon, L50, F, shiny|100\/100\n|turn|4\n|\n|t:|1681834988\n|-terastallize|p1a: Slowbro|Water\n|move|p1a: Slowbro|Surf|p2a: Garchomp|[spread] p2a,p2b\n|-ability|p1b: Gastrodon|Storm Drain|boost\n|-boost|p1b: Gastrodon|spa|1\n|-damage|p2a: Garchomp|23\/100 psn\n|-damage|p2b: Tinkaton|67\/100\n|move|p1b: Gastrodon|Earth Power|p2b: Tinkaton\n|-supereffective|p2b: Tinkaton\n|-damage|p2b: Tinkaton|0 fnt\n|faint|p2b: Tinkaton\n|move|p2a: Garchomp|Dragon Claw|p1b: Gastrodon\n|-damage|p1b: Gastrodon|46\/100\n|\n|-damage|p2a: Garchomp|11\/100 psn|[from] psn\n|upkeep\n|\n|t:|1681835005\n|switch|p2b: Scizor|Scizor, L50, F|100\/100\n|turn|5\n|\n|t:|1681835019\n|-terastallize|p2b: Scizor|Flying\n|move|p1a: Slowbro|Surf|p2b: Scizor|[spread] p2a,p2b\n|-ability|p1b: Gastrodon|Storm Drain|boost\n|-boost|p1b: Gastrodon|spa|1\n|-damage|p2a: Garchomp|0 fnt\n|-damage|p2b: Scizor|37\/100\n|-enditem|p2b: Scizor|Sitrus Berry|[eat]\n|-heal|p2b: Scizor|62\/100|[from] item: Sitrus Berry\n|faint|p2a: Garchomp\n|move|p1b: Gastrodon|Earth Power|p2b: Scizor\n|-immune|p2b: Scizor\n|move|p2b: Scizor|Trailblaze|p1b: Gastrodon\n|-supereffective|p1b: Gastrodon\n|-damage|p1b: Gastrodon|0 fnt\n|-boost|p2b: Scizor|spe|1\n|faint|p1b: Gastrodon\n|\n|upkeep\n|\n|t:|1681835037\n|switch|p1b: Ditto|Ditto, L50, shiny|100\/100\n|switch|p2a: Dragonite|Dragonite, L50, M|100\/100\n|-transform|p1b: Ditto|p2a: Dragonite|[from] ability: Imposter\n|turn|6\n|\n|t:|1681835060\n|move|p2b: Scizor|Bullet Punch|p1b: Ditto\n|-damage|p1b: Ditto|75\/100\n|move|p1a: Slowbro|Flamethrower|p2a: Dragonite\n|-resisted|p2a: Dragonite\n|-damage|p2a: Dragonite|95\/100\n|move|p2a: Dragonite|Ice Spinner|p1b: Ditto\n|-supereffective|p1b: Ditto\n|-damage|p1b: Ditto|0 fnt\n|faint|p1b: Ditto\n|\n|-fieldend|move: Trick Room\n|upkeep\n|turn|7\n|\n|t:|1681835076\n|move|p2a: Dragonite|Extreme Speed|p1a: Slowbro\n|-damage|p1a: Slowbro|67\/100\n|move|p2b: Scizor|Trailblaze|p1a: Slowbro\n|-supereffective|p1a: Slowbro\n|-enditem|p1a: Slowbro|Rindo Berry|[eat]\n|-enditem|p1a: Slowbro|Rindo Berry|[weaken]\n|-damage|p1a: Slowbro|45\/100\n|-boost|p2b: Scizor|spe|1\n|move|p1a: Slowbro|Surf|p2a: Dragonite|[spread] p2a,p2b\n|-resisted|p2a: Dragonite\n|-crit|p2b: Scizor\n|-damage|p2a: Dragonite|81\/100\n|-damage|p2b: Scizor|0 fnt\n|faint|p2b: Scizor\n|\n|upkeep\n|turn|8\n|\n|t:|1681835094\n|move|p1a: Slowbro|Protect|p1a: Slowbro\n|-singleturn|p1a: Slowbro|Protect\n|move|p2a: Dragonite|Extreme Speed|p1a: Slowbro\n|-activate|p1a: Slowbro|move: Protect\n|\n|upkeep\n|turn|9\n|\n|t:|1681835104\n|move|p2a: Dragonite|Extreme Speed|p1a: Slowbro\n|-damage|p1a: Slowbro|21\/100\n|move|p1a: Slowbro|Flamethrower|p2a: Dragonite\n|-resisted|p2a: Dragonite\n|-damage|p2a: Dragonite|72\/100\n|-status|p2a: Dragonite|brn\n|\n|-damage|p2a: Dragonite|66\/100 brn|[from] brn\n|upkeep\n|turn|10\n|\n|t:|1681835117\n|move|p1a: Slowbro|Protect|p1a: Slowbro\n|-singleturn|p1a: Slowbro|Protect\n|move|p2a: Dragonite|Earthquake|p1a: Slowbro\n|-activate|p1a: Slowbro|move: Protect\n|\n|-damage|p2a: Dragonite|60\/100 brn|[from] brn\n|upkeep\n|turn|11\n|\n|t:|1681835126\n|move|p2a: Dragonite|Extreme Speed|p1a: Slowbro\n|-damage|p1a: Slowbro|8\/100\n|move|p1a: Slowbro|Surf|p2a: Dragonite\n|-resisted|p2a: Dragonite\n|-damage|p2a: Dragonite|39\/100 brn\n|\n|-damage|p2a: Dragonite|33\/100 brn|[from] brn\n|upkeep\n|turn|12\n|\n|t:|1681835136\n|move|p1a: Slowbro|Protect|p1a: Slowbro\n|-singleturn|p1a: Slowbro|Protect\n|move|p2a: Dragonite|Extreme Speed|p1a: Slowbro\n|-activate|p1a: Slowbro|move: Protect\n|\n|-damage|p2a: Dragonite|27\/100 brn|[from] brn\n|upkeep\n|turn|13\n|\n|t:|1681835146\n|move|p1a: Slowbro|Protect|p1a: Slowbro\n|-singleturn|p1a: Slowbro|Protect\n|move|p2a: Dragonite|Extreme Speed|p1a: Slowbro\n|-activate|p1a: Slowbro|move: Protect\n|\n|-damage|p2a: Dragonite|21\/100 brn|[from] brn\n|upkeep\n|turn|14\n|\n|t:|1681835156\n|move|p2a: Dragonite|Extreme Speed|p1a: Slowbro\n|-damage|p1a: Slowbro|0 fnt\n|faint|p1a: Slowbro\n|\n|win|fo50\n|raw|victea33's rating: 1000 → 1000<\/strong> (+0 for losing)\n|raw|fo50's rating: 1068 → 1092<\/strong> (+24 for winning)\n|l|\u2606victea33\n|c|\u2606fo50|Ggs\n","uploadtime":1681835177,"views":7,"p1id":"victea33","p2id":"fo50","formatid":"gen9vgc2023regulationc","rating":1000,"private":0,"password":""}