{"id":"gen9vgc2023regulationc-1856261470","p1":"Inwaves22","p2":"manolisjam","format":"[Gen 9] VGC 2023 Regulation C","log":"|j|\u2606Inwaves22\n|j|\u2606manolisjam\n|t:|1683045568\n|gametype|doubles\n|player|p1|Inwaves22|falkner|1270\n|player|p2|manolisjam|youngster-gen4dp|1322\n|teamsize|p1|6\n|teamsize|p2|6\n|gen|9\n|tier|[Gen 9] VGC 2023 Regulation C\n|rated|\n|rule|Species Clause: Limit one of each Pok\u00e9mon\n|rule|Item Clause: Limit one of each item\n|clearpoke\n|poke|p1|Glimmora, L50, F|\n|poke|p1|Chi-Yu, L50|\n|poke|p1|Flutter Mane, L50|\n|poke|p1|Dragonite, L50, F|\n|poke|p1|Dondozo, L50, M|\n|poke|p1|Tatsugiri, L50, M|\n|poke|p2|Garchomp, L50, M|\n|poke|p2|Tyranitar, L50, F|\n|poke|p2|Corviknight, L50, F|\n|poke|p2|Lycanroc, L50, M|\n|poke|p2|Ting-Lu, L50|\n|poke|p2|Gyarados, L50, M|\n|teampreview|4\n|\n|t:|1683045611\n|start\n|switch|p1a: Glimmora|Glimmora, L50, F|100\/100\n|switch|p1b: Dondozo|Dondozo, L50, M|100\/100\n|switch|p2a: Corviknight|Corviknight, L50, F, shiny|100\/100\n|switch|p2b: Gyarados|Gyarados, L50, M, shiny|100\/100\n|-ability|p2b: Gyarados|Intimidate|boost\n|-unboost|p1a: Glimmora|atk|1\n|-unboost|p1b: Dondozo|atk|1\n|turn|1\n|\n|t:|1683045648\n|move|p1a: Glimmora|Spiky Shield|p1a: Glimmora\n|-singleturn|p1a: Glimmora|move: Protect\n|move|p2b: Gyarados|Thunder Wave|p1b: Dondozo\n|-status|p1b: Dondozo|par\n|move|p2a: Corviknight|Tailwind|p2a: Corviknight\n|-sidestart|p2: manolisjam|move: Tailwind\n|move|p1b: Dondozo|Yawn|p2a: Corviknight\n|-start|p2a: Corviknight|move: Yawn|[of] p1b: Dondozo\n|\n|upkeep\n|turn|2\n|inactive|Battle timer is ON: inactive players will automatically lose when time's up. (requested by manolisjam)\n|\n|t:|1683045678\n|switch|p2a: Garchomp|Garchomp, L50, M|100\/100\n|move|p2b: Gyarados|Waterfall|p1a: Glimmora\n|-supereffective|p1a: Glimmora\n|-damage|p1a: Glimmora|21\/100\n|-activate|p1a: Glimmora|ability: Toxic Debris\n|-sidestart|p2: manolisjam|move: Toxic Spikes\n|move|p1a: Glimmora|Power Gem|p2b: Gyarados\n|-supereffective|p2b: Gyarados\n|-damage|p2b: Gyarados|19\/100\n|move|p1b: Dondozo|Yawn|p2b: Gyarados\n|-start|p2b: Gyarados|move: Yawn|[of] p1b: Dondozo\n|\n|upkeep\n|turn|3\n|\n|t:|1683045703\n|switch|p2b: Corviknight|Corviknight, L50, F, shiny|100\/100\n|-terastallize|p2a: Garchomp|Water\n|move|p2a: Garchomp|Earthquake|p1b: Dondozo|[spread] p1a,p1b\n|-immune|p2b: Corviknight\n|-supereffective|p1a: Glimmora\n|-damage|p1a: Glimmora|0 fnt\n|-damage|p1b: Dondozo|76\/100 par\n|-activate|p1a: Glimmora|ability: Toxic Debris\n|-sidestart|p2: manolisjam|move: Toxic Spikes\n|faint|p1a: Glimmora\n|move|p1b: Dondozo|Wave Crash|p2a: Garchomp\n|-resisted|p2a: Garchomp\n|-damage|p2a: Garchomp|86\/100\n|-damage|p1b: Dondozo|72\/100 par|[from] Recoil\n|\n|upkeep\n|\n|t:|1683045720\n|switch|p1a: Dragonite|Dragonite, L50, F|100\/100\n|turn|4\n|\n|t:|1683045731\n|-terastallize|p1a: Dragonite|Flying\n|move|p2a: Garchomp|Rock Slide|p1a: Dragonite|[spread] p1a,p1b\n|-supereffective|p1a: Dragonite\n|-damage|p1a: Dragonite|77\/100\n|-damage|p1b: Dondozo|58\/100 par\n|move|p2b: Corviknight|Bulk Up|p2b: Corviknight\n|-boost|p2b: Corviknight|atk|1\n|-boost|p2b: Corviknight|def|1\n|move|p1a: Dragonite|Outrage|p2a: Garchomp\n|-damage|p2a: Garchomp|0 fnt\n|faint|p2a: Garchomp\n|cant|p1b: Dondozo|par\n|\n|-sideend|p2: manolisjam|move: Tailwind\n|upkeep\n|\n|t:|1683045747\n|switch|p2a: Gyarados|Gyarados, L50, M, shiny|19\/100\n|-ability|p2a: Gyarados|Intimidate|boost\n|-unboost|p1a: Dragonite|atk|1\n|-unboost|p1b: Dondozo|atk|1\n|turn|5\n|\n|t:|1683045763\n|move|p1a: Dragonite|Outrage|p2b: Corviknight|[from]lockedmove\n|-resisted|p2b: Corviknight\n|-damage|p2b: Corviknight|87\/100\n|-start|p1a: Dragonite|confusion|[fatigue]\n|move|p2a: Gyarados|Thunder Wave|p1a: Dragonite\n|-status|p1a: Dragonite|par\n|move|p2b: Corviknight|Bulk Up|p2b: Corviknight\n|-boost|p2b: Corviknight|atk|1\n|-boost|p2b: Corviknight|def|1\n|cant|p1b: Dondozo|par\n|\n|-heal|p2b: Corviknight|93\/100|[from] item: Leftovers\n|upkeep\n|turn|6\n|inactive|Inwaves22 has 30 seconds left.\n|inactive|manolisjam has 30 seconds left.\n|inactive|Inwaves22 has 20 seconds left.\n|inactive|Inwaves22 has 15 seconds left.\n|inactive|Inwaves22 has 10 seconds left.\n|inactive|Inwaves22 has 5 seconds left.\n|\n|t:|1683045819\n|move|p2a: Gyarados|Waterfall|p1a: Dragonite\n|-damage|p1a: Dragonite|41\/100 par\n|move|p2b: Corviknight|Bulk Up|p2b: Corviknight\n|-boost|p2b: Corviknight|atk|1\n|-boost|p2b: Corviknight|def|1\n|-activate|p1a: Dragonite|confusion\n|cant|p1a: Dragonite|par\n|cant|p1b: Dondozo|par\n|\n|-heal|p2b: Corviknight|99\/100|[from] item: Leftovers\n|upkeep\n|turn|7\n|\n|t:|1683045841\n|switch|p1a: Flutter Mane|Flutter Mane, L50|100\/100\n|-enditem|p1a: Flutter Mane|Booster Energy\n|-activate|p1a: Flutter Mane|ability: Protosynthesis|[fromitem]\n|-start|p1a: Flutter Mane|protosynthesisspe\n|move|p1b: Dondozo|Protect|p1b: Dondozo\n|-singleturn|p1b: Dondozo|Protect\n|move|p2a: Gyarados|Waterfall|p1a: Flutter Mane\n|-damage|p1a: Flutter Mane|38\/100\n|move|p2b: Corviknight|Bulk Up|p2b: Corviknight\n|-boost|p2b: Corviknight|atk|1\n|-boost|p2b: Corviknight|def|1\n|\n|-heal|p2b: Corviknight|100\/100|[from] item: Leftovers\n|upkeep\n|turn|8\n|\n|t:|1683045865\n|move|p1a: Flutter Mane|Protect|p1a: Flutter Mane\n|-singleturn|p1a: Flutter Mane|Protect\n|move|p2a: Gyarados|Waterfall|p1a: Flutter Mane\n|-activate|p1a: Flutter Mane|move: Protect\n|move|p2b: Corviknight|Iron Head|p1a: Flutter Mane\n|-activate|p1a: Flutter Mane|move: Protect\n|cant|p1b: Dondozo|par\n|\n|upkeep\n|turn|9\n|\n|t:|1683045884\n|move|p1a: Flutter Mane|Substitute|p1a: Flutter Mane\n|-start|p1a: Flutter Mane|Substitute\n|-damage|p1a: Flutter Mane|13\/100\n|move|p2a: Gyarados|Waterfall|p1a: Flutter Mane\n|-end|p1a: Flutter Mane|Substitute\n|move|p2b: Corviknight|Iron Head|p1a: Flutter Mane\n|-supereffective|p1a: Flutter Mane\n|-damage|p1a: Flutter Mane|0 fnt\n|faint|p1a: Flutter Mane\n|-end|p1a: Flutter Mane|Protosynthesis|[silent]\n|move|p1b: Dondozo|Wave Crash|p2a: Gyarados\n|-resisted|p2a: Gyarados\n|-damage|p2a: Gyarados|8\/100\n|-damage|p1b: Dondozo|55\/100 par|[from] Recoil\n|\n|upkeep\n|\n|t:|1683045902\n|switch|p1a: Dragonite|Dragonite, L50, F, tera:Flying|41\/100 par\n|turn|10\n|\n|t:|1683045911\n|move|p2a: Gyarados|Waterfall|p1a: Dragonite\n|-damage|p1a: Dragonite|0 fnt\n|faint|p1a: Dragonite\n|move|p2b: Corviknight|Brave Bird|p1b: Dondozo\n|-damage|p1b: Dondozo|32\/100 par\n|-enditem|p1b: Dondozo|Sitrus Berry|[eat]\n|-heal|p1b: Dondozo|57\/100 par|[from] item: Sitrus Berry\n|-damage|p2b: Corviknight|91\/100|[from] Recoil\n|move|p1b: Dondozo|Yawn|p2b: Corviknight\n|-start|p2b: Corviknight|move: Yawn|[of] p1b: Dondozo\n|\n|-heal|p2b: Corviknight|97\/100|[from] item: Leftovers\n|upkeep\n|turn|11\n|\n|t:|1683045935\n|move|p2a: Gyarados|Waterfall|p1b: Dondozo\n|-resisted|p1b: Dondozo\n|-damage|p1b: Dondozo|45\/100 par\n|move|p2b: Corviknight|Brave Bird|p1b: Dondozo\n|-damage|p1b: Dondozo|24\/100 par\n|-damage|p2b: Corviknight|88\/100|[from] Recoil\n|cant|p1b: Dondozo|flinch\n|\n|-heal|p2b: Corviknight|94\/100|[from] item: Leftovers\n|-end|p2b: Corviknight|move: Yawn|[silent]\n|-status|p2b: Corviknight|slp\n|upkeep\n|turn|12\n|\n|t:|1683045949\n|move|p2a: Gyarados|Waterfall|p1b: Dondozo\n|-resisted|p1b: Dondozo\n|-damage|p1b: Dondozo|13\/100 par\n|cant|p2b: Corviknight|slp\n|move|p1b: Dondozo|Yawn||[still]\n|-fail|p1b: Dondozo\n|\n|-heal|p2b: Corviknight|99\/100 slp|[from] item: Leftovers\n|upkeep\n|turn|13\n|\n|t:|1683045968\n|move|p2a: Gyarados|Waterfall|p1b: Dondozo\n|-resisted|p1b: Dondozo\n|-crit|p1b: Dondozo\n|-damage|p1b: Dondozo|0 fnt\n|faint|p1b: Dondozo\n|\n|win|manolisjam\n|raw|Inwaves22's rating: 1270 → 1249<\/strong> (-21 for losing)\n|raw|manolisjam's rating: 1322 → 1339<\/strong> (+17 for winning)\n","uploadtime":1683045974,"views":5,"p1id":"inwaves22","p2id":"manolisjam","formatid":"gen9vgc2023regulationc","rating":1249,"private":0,"password":""}