{"id":"gen9vgc2023regulationc-1857075800","p1":"goosbump","p2":"kintillo","format":"[Gen 9] VGC 2023 Regulation C","log":"|j|\u2606goosbump\n|j|\u2606kintillo\n|t:|1683143384\n|gametype|doubles\n|player|p1|goosbump|unknown|\n|player|p2|kintillo|doctor-gen8|\n|teamsize|p1|6\n|teamsize|p2|6\n|gen|9\n|tier|[Gen 9] VGC 2023 Regulation C\n|rated|Tournament battle\n|rule|Species Clause: Limit one of each Pok\u00e9mon\n|rule|Item Clause: Limit one of each item\n|clearpoke\n|poke|p1|Palafin, L50, F|\n|poke|p1|Amoonguss, L50, F|\n|poke|p1|Flutter Mane, L50|\n|poke|p1|Ting-Lu, L50|\n|poke|p1|Arcanine, L50, F|\n|poke|p1|Corviknight, L50, F|\n|poke|p2|Arcanine, L50, F|\n|poke|p2|Palafin, L50, F|\n|poke|p2|Amoonguss, L50, M|\n|poke|p2|Ting-Lu, L50|\n|poke|p2|Dragonite, L50, F|\n|poke|p2|Flutter Mane, L50|\n|teampreview|4\n|j| Radio Free C-Side\n|j| SlowHomie\nkintillo has agreed to open team sheets.\ngoosbump has agreed to open team sheets.\n|l| SlowHomie\n|j| tantomisso\n|j| Crisluminaty\n|j| zippLapZapper\n|c| Crisluminaty|zzz\n|inactive|Battle timer is ON: inactive players will automatically lose when time's up. (requested by goosbump)\n|\n|t:|1683143472\n|start\n|switch|p1a: Arcanine|Arcanine, L50, F|100\/100\n|switch|p1b: Palafin|Palafin, L50, F, shiny|100\/100\n|switch|p2a: Arcanine|Arcanine, L50, F|100\/100\n|switch|p2b: Palafin|Palafin, L50, F|100\/100\n|-ability|p1a: Arcanine|Intimidate|boost\n|-unboost|p2a: Arcanine|atk|1\n|-unboost|p2b: Palafin|atk|1\n|-ability|p2a: Arcanine|Intimidate|boost\n|-unboost|p1a: Arcanine|atk|1\n|-unboost|p1b: Palafin|atk|1\n|turn|1\n|l| zippLapZapper\n|j| zippLapZapper\n|\n|t:|1683143494\n|detailschange|p1b: Palafin|Palafin-Hero, L50, F, shiny\n|switch|p1b: Corviknight|Corviknight, L50, F, shiny|100\/100\n|detailschange|p2b: Palafin|Palafin-Hero, L50, F\n|switch|p2b: Amoonguss|Amoonguss, L50, M, shiny|100\/100\n|-terastallize|p2a: Arcanine|Normal\n|move|p1a: Arcanine|Howl|p1a: Arcanine|[spread] p1a,p1b\n|-boost|p1a: Arcanine|atk|1\n|-boost|p1b: Corviknight|atk|1\n|move|p2a: Arcanine|Will-O-Wisp|p1b: Corviknight\n|-status|p1b: Corviknight|brn\n|-enditem|p1b: Corviknight|Lum Berry|[eat]\n|-curestatus|p1b: Corviknight|brn|[msg]\n|\n|upkeep\n|turn|2\n|\n|t:|1683143506\n|switch|p2b: Palafin|Palafin-Hero, L50, F|100\/100\n|-activate|p2b: Palafin|ability: Zero to Hero\n|move|p1a: Arcanine|Howl|p1a: Arcanine|[spread] p1a,p1b\n|-boost|p1a: Arcanine|atk|1\n|-boost|p1b: Corviknight|atk|1\n|move|p2a: Arcanine|Will-O-Wisp|p1b: Corviknight\n|-status|p1b: Corviknight|brn\n|move|p1b: Corviknight|Brave Bird|p2b: Palafin\n|-damage|p2b: Palafin|53\/100\n|-damage|p1b: Corviknight|85\/100 brn|[from] Recoil\n|\n|-damage|p1b: Corviknight|79\/100 brn|[from] brn\n|upkeep\n|turn|3\n|\n|t:|1683143529\n|switch|p1a: Amoonguss|Amoonguss, L50, F, shiny|100\/100\n|move|p2b: Palafin|Protect|p2b: Palafin\n|-singleturn|p2b: Palafin|Protect\n|move|p2a: Arcanine|Flare Blitz|p1b: Corviknight\n|-supereffective|p1b: Corviknight\n|-damage|p1b: Corviknight|13\/100 brn\n|-damage|p2a: Arcanine|78\/100|[from] Recoil\n|move|p1b: Corviknight|Bulk Up|p1b: Corviknight\n|-boost|p1b: Corviknight|atk|1\n|-boost|p1b: Corviknight|def|1\n|\n|-damage|p1b: Corviknight|7\/100 brn|[from] brn\n|upkeep\n|turn|4\n|\n|t:|1683143542\n|move|p2b: Palafin|Haze|p2b: Palafin\n|-clearallboost\n|move|p2a: Arcanine|Flare Blitz|p1a: Amoonguss\n|-supereffective|p1a: Amoonguss\n|-damage|p1a: Amoonguss|10\/100\n|-enditem|p1a: Amoonguss|Sitrus Berry|[eat]\n|-heal|p1a: Amoonguss|35\/100|[from] item: Sitrus Berry\n|-damage|p2a: Arcanine|44\/100|[from] Recoil\n|move|p1b: Corviknight|Roost|p1b: Corviknight\n|-heal|p1b: Corviknight|57\/100 brn\n|-singleturn|p1b: Corviknight|move: Roost\n|move|p1a: Amoonguss|Spore|p2b: Palafin\n|-status|p2b: Palafin|slp|[from] move: Spore\n|\n|-damage|p1b: Corviknight|51\/100 brn|[from] brn\n|upkeep\n|turn|5\n|\n|t:|1683143552\n|switch|p2b: Amoonguss|Amoonguss, L50, M, shiny|100\/100\n|switch|p1a: Arcanine|Arcanine, L50, F|100\/100\n|-ability|p1a: Arcanine|Intimidate|boost\n|-unboost|p2a: Arcanine|atk|1\n|-unboost|p2b: Amoonguss|atk|1\n|move|p2a: Arcanine|Morning Sun|p2a: Arcanine\n|-heal|p2a: Arcanine|94\/100\n|move|p1b: Corviknight|Roost|p1b: Corviknight\n|-heal|p1b: Corviknight|100\/100 brn\n|-singleturn|p1b: Corviknight|move: Roost\n|\n|-damage|p1b: Corviknight|94\/100 brn|[from] brn\n|upkeep\n|turn|6\n|\n|t:|1683143571\n|switch|p2a: Palafin|Palafin-Hero, L50, F|53\/100 slp\n|switch|p1b: Palafin|Palafin-Hero, L50, F, shiny|100\/100\n|-activate|p1b: Palafin|ability: Zero to Hero\n|move|p1a: Arcanine|Flare Blitz|p2b: Amoonguss\n|-supereffective|p2b: Amoonguss\n|-damage|p2b: Amoonguss|10\/100\n|-enditem|p2b: Amoonguss|Iapapa Berry|[eat]\n|-heal|p2b: Amoonguss|43\/100|[from] item: Iapapa Berry\n|-damage|p1a: Arcanine|66\/100|[from] Recoil\n|move|p2b: Amoonguss|Pollen Puff|p2a: Palafin\n|-heal|p2a: Palafin|100\/100 slp\n|\n|upkeep\n|turn|7\n|l| Crisluminaty\n|\n|t:|1683143585\n|switch|p2b: Arcanine|Arcanine, L50, F, tera:Normal|94\/100\n|-ability|p2b: Arcanine|Intimidate|boost\n|-unboost|p1a: Arcanine|atk|1\n|-unboost|p1b: Palafin|atk|1\n|cant|p2a: Palafin|slp\n|move|p1a: Arcanine|Howl|p1a: Arcanine|[spread] p1a,p1b\n|-boost|p1a: Arcanine|atk|1\n|-boost|p1b: Palafin|atk|1\n|move|p1b: Palafin|Taunt|p2b: Arcanine\n|-start|p2b: Arcanine|move: Taunt\n|\n|upkeep\n|turn|8\n|\n|t:|1683143607\n|switch|p1a: Amoonguss|Amoonguss, L50, F, shiny|68\/100\n|switch|p2b: Amoonguss|Amoonguss, L50, M, shiny|76\/100\n|-terastallize|p1b: Palafin|Water\n|cant|p2a: Palafin|slp\n|move|p1b: Palafin|Wave Crash|p2b: Amoonguss\n|-resisted|p2b: Amoonguss\n|-damage|p2b: Amoonguss|26\/100\n|-damage|p1b: Palafin|82\/100|[from] Recoil\n|\n|upkeep\n|turn|9\n|\n|t:|1683143622\n|switch|p2a: Flutter Mane|Flutter Mane, L50|100\/100\n|-enditem|p2a: Flutter Mane|Booster Energy\n|-activate|p2a: Flutter Mane|ability: Protosynthesis|[fromitem]\n|-start|p2a: Flutter Mane|protosynthesisspe\n|switch|p2b: Arcanine|Arcanine, L50, F, tera:Normal|94\/100\n|-ability|p2b: Arcanine|Intimidate|boost\n|-unboost|p1a: Amoonguss|atk|1\n|-unboost|p1b: Palafin|atk|1\n|move|p1b: Palafin|Wave Crash|p2b: Arcanine\n|-damage|p2b: Arcanine|5\/100\n|-damage|p1b: Palafin|53\/100|[from] Recoil\n|move|p1a: Amoonguss|Spore|p2a: Flutter Mane\n|-status|p2a: Flutter Mane|slp|[from] move: Spore\n|\n|upkeep\n|turn|10\n|j| foxyman52\n|inactive|kintillo has 30 seconds left.\n|l| foxyman52\n|inactive|kintillo has 20 seconds left.\n|\n|t:|1683143657\n|switch|p2b: Palafin|Palafin-Hero, L50, F|100\/100 slp\n|move|p1b: Palafin|Jet Punch|p2b: Palafin\n|-resisted|p2b: Palafin\n|-damage|p2b: Palafin|80\/100 slp\n|cant|p2a: Flutter Mane|slp\n|move|p1a: Amoonguss|Pollen Puff|p1b: Palafin\n|-heal|p1b: Palafin|100\/100\n|\n|upkeep\n|turn|11\n|j| Oligocene\n|\n|t:|1683143669\n|switch|p1a: Arcanine|Arcanine, L50, F|66\/100\n|-ability|p1a: Arcanine|Intimidate|boost\n|-unboost|p2a: Flutter Mane|atk|1\n|-unboost|p2b: Palafin|atk|1\n|move|p1b: Palafin|Jet Punch|p2a: Flutter Mane\n|-damage|p2a: Flutter Mane|34\/100 slp\n|-curestatus|p2a: Flutter Mane|slp|[msg]\n|move|p2a: Flutter Mane|Shadow Ball|p1a: Arcanine\n|-damage|p1a: Arcanine|24\/100\n|cant|p2b: Palafin|slp\n|\n|upkeep\n|turn|12\n|\n|t:|1683143689\n|switch|p1a: Amoonguss|Amoonguss, L50, F, shiny|100\/100\n|move|p2a: Flutter Mane|Protect|p2a: Flutter Mane\n|-singleturn|p2a: Flutter Mane|Protect\n|move|p1b: Palafin|Jet Punch|p2a: Flutter Mane\n|-activate|p2a: Flutter Mane|move: Protect\n|-curestatus|p2b: Palafin|slp|[msg]\n|move|p2b: Palafin|Jet Punch|p1a: Amoonguss\n|-resisted|p1a: Amoonguss\n|-damage|p1a: Amoonguss|87\/100\n|\n|upkeep\n|turn|13\n|\n|t:|1683143697\n|-end|p2a: Flutter Mane|Protosynthesis|[silent]\n|switch|p2a: Amoonguss|Amoonguss, L50, M, shiny|59\/100\n|switch|p2b: Arcanine|Arcanine, L50, F, tera:Normal|5\/100\n|-ability|p2b: Arcanine|Intimidate|boost\n|-unboost|p1a: Amoonguss|atk|1\n|-unboost|p1b: Palafin|atk|1\n|move|p1b: Palafin|Jet Punch|p2a: Amoonguss\n|-resisted|p2a: Amoonguss\n|-damage|p2a: Amoonguss|45\/100\n|move|p1a: Amoonguss|Spore|p2b: Arcanine\n|-activate|p2b: Arcanine|item: Safety Goggles|Spore\n|\n|upkeep\n|turn|14\n|\n|t:|1683143714\n|switch|p1b: Arcanine|Arcanine, L50, F|24\/100\n|-ability|p1b: Arcanine|Intimidate|boost\n|-unboost|p2a: Amoonguss|atk|1\n|-unboost|p2b: Arcanine|atk|1\n|switch|p2b: Palafin|Palafin-Hero, L50, F|80\/100\n|move|p1a: Amoonguss|Pollen Puff|p1b: Arcanine\n|-heal|p1b: Arcanine|74\/100\n|move|p2a: Amoonguss|Spore|p1a: Amoonguss\n|-immune|p1a: Amoonguss\n|\n|upkeep\n|turn|15\n|\n|t:|1683143727\n|switch|p1b: Corviknight|Corviknight, L50, F, shiny|94\/100 brn\n|switch|p2b: Arcanine|Arcanine, L50, F, tera:Normal|5\/100\n|-ability|p2b: Arcanine|Intimidate|boost\n|-unboost|p1a: Amoonguss|atk|1\n|-ability|p1b: Corviknight|Mirror Armor\n|-unboost|p2b: Arcanine|atk|1\n|move|p2a: Amoonguss|Protect|p2a: Amoonguss\n|-singleturn|p2a: Amoonguss|Protect\n|move|p1a: Amoonguss|Spore|p2b: Arcanine\n|-activate|p2b: Arcanine|item: Safety Goggles|Spore\n|\n|-damage|p1b: Corviknight|88\/100 brn|[from] brn\n|upkeep\n|turn|16\n|\n|t:|1683143743\n|switch|p2a: Palafin|Palafin-Hero, L50, F|80\/100\n|move|p2b: Arcanine|Morning Sun|p2b: Arcanine\n|-heal|p2b: Arcanine|54\/100\n|move|p1b: Corviknight|Bulk Up|p1b: Corviknight\n|-boost|p1b: Corviknight|atk|1\n|-boost|p1b: Corviknight|def|1\n|move|p1a: Amoonguss|Pollen Puff|p1b: Corviknight\n|-heal|p1b: Corviknight|100\/100 brn\n|\n|-damage|p1b: Corviknight|94\/100 brn|[from] brn\n|upkeep\n|turn|17\n|\n|t:|1683143761\n|move|p2a: Palafin|Wave Crash|p1a: Amoonguss\n|-resisted|p1a: Amoonguss\n|-damage|p1a: Amoonguss|46\/100\n|-damage|p2a: Palafin|64\/100|[from] Recoil\n|move|p2b: Arcanine|Morning Sun|p2b: Arcanine\n|-heal|p2b: Arcanine|100\/100\n|move|p1b: Corviknight|Brave Bird|p2b: Arcanine\n|-damage|p2b: Arcanine|59\/100\n|-damage|p1b: Corviknight|81\/100 brn|[from] Recoil\n|move|p1a: Amoonguss|Spore|p2a: Palafin\n|-status|p2a: Palafin|slp|[from] move: Spore\n|\n|-damage|p1b: Corviknight|75\/100 brn|[from] brn\n|upkeep\n|turn|18\n|\n|t:|1683143774\n|switch|p1a: Palafin|Palafin-Hero, L50, F, shiny, tera:Water|100\/100\n|cant|p2a: Palafin|slp\n|move|p2b: Arcanine|Morning Sun|p2b: Arcanine\n|-heal|p2b: Arcanine|100\/100\n|move|p1b: Corviknight|Bulk Up|p1b: Corviknight\n|-boost|p1b: Corviknight|atk|1\n|-boost|p1b: Corviknight|def|1\n|\n|-damage|p1b: Corviknight|69\/100 brn|[from] brn\n|upkeep\n|turn|19\n|\n|t:|1683143787\n|switch|p2b: Amoonguss|Amoonguss, L50, M, shiny|78\/100\n|move|p1a: Palafin|Wave Crash|p2b: Amoonguss\n|-resisted|p2b: Amoonguss\n|-damage|p2b: Amoonguss|27\/100\n|-damage|p1a: Palafin|82\/100|[from] Recoil\n|-curestatus|p2a: Palafin|slp|[msg]\n|move|p2a: Palafin|Haze|p2a: Palafin\n|-clearallboost\n|move|p1b: Corviknight|Brave Bird|p2a: Palafin\n|-damage|p2a: Palafin|38\/100\n|-damage|p1b: Corviknight|60\/100 brn|[from] Recoil\n|\n|-damage|p1b: Corviknight|54\/100 brn|[from] brn\n|upkeep\n|turn|20\n|\n|t:|1683143807\n|switch|p2b: Flutter Mane|Flutter Mane, L50|34\/100\n|move|p1a: Palafin|Wave Crash|p2a: Palafin\n|-resisted|p2a: Palafin\n|-damage|p2a: Palafin|0 fnt\n|faint|p2a: Palafin\n|-damage|p1a: Palafin|70\/100|[from] Recoil\n|move|p1b: Corviknight|Brave Bird|p2b: Flutter Mane\n|-damage|p2b: Flutter Mane|0 fnt\n|faint|p2b: Flutter Mane\n|-end|p2b: Flutter Mane|Protosynthesis|[silent]\n|-damage|p1b: Corviknight|45\/100 brn|[from] Recoil\n|\n|-damage|p1b: Corviknight|39\/100 brn|[from] brn\n|upkeep\n|-message|kintillo forfeited.\n|\n|win|goosbump\n|n|\u2606goosbump|goosbump\n|n|\u2606kintillo|kintillo\n|n| Radio Free C-Side|radiofreecside\n|n| tantomisso|tantomisso\n|n| zippLapZapper|zipplapzapper\n|n| Oligocene|oligocene\n","uploadtime":1683143816,"views":13,"p1id":"goosbump","p2id":"kintillo","formatid":"gen9vgc2023regulationc","rating":0,"private":0,"password":""}