{"id":"gen9vgc2023regulationc-1845799447","p1":"VGC_Shellshocker","p2":"uhoh I poopd","format":"[Gen 9] VGC 2023 Regulation C","log":"|j|\u2606VGC_Shellshocker\n|j|\u2606uhoh I poopd\n|t:|1681765734\n|gametype|doubles\n|player|p1|VGC_Shellshocker|swimmerf-gen4|1219\n|player|p2|uhoh I poopd|colress|1228\n|teamsize|p1|6\n|teamsize|p2|6\n|gen|9\n|tier|[Gen 9] VGC 2023 Regulation C\n|rated|\n|rule|Species Clause: Limit one of each Pok\u00e9mon\n|rule|Item Clause: Limit one of each item\n|clearpoke\n|poke|p1|Chien-Pao, L50|\n|poke|p1|Palafin, L50, F|\n|poke|p1|Amoonguss, L50, M|\n|poke|p1|Arcanine, L50, F|\n|poke|p1|Flutter Mane, L50|\n|poke|p1|Iron Hands, L50|\n|poke|p2|Masquerain, L50, M|\n|poke|p2|Coalossal, L50, M|\n|poke|p2|Ting-Lu, L50|\n|poke|p2|Amoonguss, L50, M|\n|poke|p2|Arcanine, L50, M|\n|poke|p2|Palafin, L50, M|\n|teampreview|4\n|inactive|Battle timer is ON: inactive players will automatically lose when time's up. (requested by VGC_Shellshocker)\n|\n|t:|1681765766\n|start\n|switch|p1a: Palafin|Palafin, L50, F|100\/100\n|switch|p1b: Iron Hands|Iron Hands, L50|100\/100\n|switch|p2a: de Havilland|Masquerain, L50, M|100\/100\n|switch|p2b: Armavee|Coalossal, L50, M|100\/100\n|-ability|p2a: de Havilland|Intimidate|boost\n|-unboost|p1a: Palafin|atk|1\n|-unboost|p1b: Iron Hands|atk|1\n|turn|1\n|inactive|VGC_Shellshocker has 30 seconds left.\n|inactive|VGC_Shellshocker has 20 seconds left.\n|\n|t:|1681765802\n|move|p2a: de Havilland|Protect|p2a: de Havilland\n|-singleturn|p2a: de Havilland|Protect\n|move|p2b: Armavee|Protect|p2b: Armavee\n|-singleturn|p2b: Armavee|Protect\n|move|p1b: Iron Hands|Fake Out|p2a: de Havilland\n|-activate|p2a: de Havilland|move: Protect\n|move|p1a: Palafin|Haze|p1a: Palafin\n|-clearallboost\n|\n|upkeep\n|turn|2\n|inactive|uhoh I poopd has 30 seconds left.\n|\n|t:|1681765827\n|switch|p2a: Toad|Amoonguss, L50, M|100\/100\n|-terastallize|p2b: Armavee|Grass\n|move|p1a: Palafin|Protect|p1a: Palafin\n|-singleturn|p1a: Palafin|Protect\n|move|p2b: Armavee|Tera Blast|p1a: Palafin\n|-activate|p1a: Palafin|move: Protect\n|move|p1b: Iron Hands|Wild Charge|p2a: Toad\n|-resisted|p2a: Toad\n|-damage|p2a: Toad|77\/100\n|-damage|p1b: Iron Hands|95\/100|[from] Recoil\n|\n|upkeep\n|turn|3\n|\n|t:|1681765851\n|detailschange|p1a: Palafin|Palafin-Hero, L50, F\n|switch|p1a: Arcanine|Arcanine, L50, F|100\/100\n|-ability|p1a: Arcanine|Intimidate|boost\n|-unboost|p2a: Toad|atk|1\n|-unboost|p2b: Armavee|atk|1\n|move|p2b: Armavee|Power Gem|p1a: Arcanine\n|-supereffective|p1a: Arcanine\n|-damage|p1a: Arcanine|24\/100\n|move|p1b: Iron Hands|Drain Punch|p2b: Armavee\n|-damage|p2b: Armavee|66\/100\n|-heal|p1b: Iron Hands|100\/100|[from] drain|[of] p2b: Armavee\n|move|p2a: Toad|Spore|p1a: Arcanine\n|-activate|p1a: Arcanine|item: Safety Goggles|Spore\n|\n|upkeep\n|turn|4\n|inactive|VGC_Shellshocker has 30 seconds left.\n|inactive|uhoh I poopd has 30 seconds left.\n|\n|t:|1681765879\n|switch|p2a: de Havilland|Masquerain, L50, M|100\/100\n|-ability|p2a: de Havilland|Intimidate|boost\n|-unboost|p1a: Arcanine|atk|1\n|-unboost|p1b: Iron Hands|atk|1\n|move|p2b: Armavee|Protect|p2b: Armavee\n|-singleturn|p2b: Armavee|Protect\n|move|p1a: Arcanine|Flare Blitz|p2b: Armavee\n|-activate|p2b: Armavee|move: Protect\n|move|p1b: Iron Hands|Volt Switch|p2b: Armavee\n|-activate|p2b: Armavee|move: Protect\n|\n|upkeep\n|turn|5\n|\n|t:|1681765899\n|move|p1a: Arcanine|Protect|p1a: Arcanine\n|-singleturn|p1a: Arcanine|Protect\n|move|p2a: de Havilland|Aqua Jet|p2b: Armavee\n|-resisted|p2b: Armavee\n|-damage|p2b: Armavee|64\/100\n|-ability|p2b: Armavee|Steam Engine|boost\n|-boost|p2b: Armavee|spe|6\n|move|p2b: Armavee|Power Gem|p1a: Arcanine\n|-activate|p1a: Arcanine|move: Protect\n|move|p1b: Iron Hands|Volt Switch|p2a: de Havilland\n|-supereffective|p2a: de Havilland\n|-damage|p2a: de Havilland|72\/100\n|\n|t:|1681765913\n|-end|p1b: Iron Hands|Quark Drive|[silent]\n|switch|p1b: Chien-Pao|Chien-Pao, L50|100\/100|[from] Volt Switch\n|-ability|p1b: Chien-Pao|Sword of Ruin\n|\n|upkeep\n|turn|6\n|inactive|VGC_Shellshocker has 30 seconds left.\n|inactive|VGC_Shellshocker has 20 seconds left.\n|inactive|VGC_Shellshocker has 15 seconds left.\n|\n|t:|1681765957\n|-terastallize|p1b: Chien-Pao|Ghost\n|move|p1a: Arcanine|Extreme Speed|p2a: de Havilland\n|-damage|p2a: de Havilland|35\/100\n|move|p1b: Chien-Pao|Ice Shard|p2b: Armavee\n|-supereffective|p2b: Armavee\n|-damage|p2b: Armavee|21\/100\n|-enditem|p2b: Armavee|Weakness Policy\n|-boost|p2b: Armavee|atk|2|[from] item: Weakness Policy\n|-boost|p2b: Armavee|spa|2|[from] item: Weakness Policy\n|move|p2a: de Havilland|Aqua Jet|p1b: Chien-Pao\n|-damage|p1b: Chien-Pao|92\/100\n|move|p2b: Armavee|Power Gem|p1b: Chien-Pao\n|-damage|p1b: Chien-Pao|0 fnt\n|faint|p1b: Chien-Pao\n|\n|upkeep\n|\n|t:|1681765974\n|switch|p1b: Iron Hands|Iron Hands, L50|100\/100\n|turn|7\n|\n|t:|1681765990\n|move|p2b: Armavee|Protect|p2b: Armavee\n|-singleturn|p2b: Armavee|Protect\n|move|p2a: de Havilland|Protect|p2a: de Havilland\n|-singleturn|p2a: de Havilland|Protect\n|move|p1b: Iron Hands|Fake Out|p2b: Armavee\n|-activate|p2b: Armavee|move: Protect\n|move|p1a: Arcanine|Flare Blitz|p2b: Armavee\n|-activate|p2b: Armavee|move: Protect\n|\n|upkeep\n|turn|8\n|inactive|VGC_Shellshocker has 30 seconds left.\n|\n|t:|1681766015\n|switch|p2a: Toad|Amoonguss, L50, M|100\/100\n|move|p1a: Arcanine|Extreme Speed|p2b: Armavee\n|-damage|p2b: Armavee|6\/100\n|move|p2b: Armavee|Heat Wave|p1a: Arcanine|[spread] p1a\n|-miss|p2b: Armavee|p1b: Iron Hands\n|-resisted|p1a: Arcanine\n|-damage|p1a: Arcanine|0 fnt\n|faint|p1a: Arcanine\n|move|p1b: Iron Hands|Volt Switch|p2a: Toad\n|-resisted|p2a: Toad\n|-damage|p2a: Toad|96\/100\n|\n|t:|1681766028\n|-end|p1b: Iron Hands|Quark Drive|[silent]\n|switch|p1b: Palafin|Palafin-Hero, L50, F|100\/100|[from] Volt Switch\n|-activate|p1b: Palafin|ability: Zero to Hero\n|\n|upkeep\n|\n|t:|1681766034\n|switch|p1a: Iron Hands|Iron Hands, L50|100\/100\n|turn|9\n|inactive|VGC_Shellshocker has 30 seconds left.\n|\n|t:|1681766062\n|move|p2b: Armavee|Protect|p2b: Armavee\n|-singleturn|p2b: Armavee|Protect\n|move|p1a: Iron Hands|Fake Out|p2a: Toad\n|-damage|p2a: Toad|81\/100\n|move|p1b: Palafin|Jet Punch|p2b: Armavee\n|-activate|p2b: Armavee|move: Protect\n|cant|p2a: Toad|flinch\n|\n|upkeep\n|turn|10\n|\n|t:|1681766078\n|move|p2a: Toad|Rage Powder|p2a: Toad\n|-singleturn|p2a: Toad|move: Rage Powder\n|move|p2b: Armavee|Tera Blast|p1b: Palafin\n|-supereffective|p1b: Palafin\n|-damage|p1b: Palafin|0 fnt\n|faint|p1b: Palafin\n|move|p1a: Iron Hands|Drain Punch|p2a: Toad\n|-resisted|p2a: Toad\n|-damage|p2a: Toad|59\/100\n|\n|upkeep\n|turn|11\n|-message|VGC_Shellshocker forfeited.\n|\n|win|uhoh I poopd\n|raw|VGC_Shellshocker's rating: 1219 → 1195<\/strong> (-24 for losing)\n|raw|uhoh I poopd's rating: 1228 → 1252<\/strong> (+24 for winning)\n|l|\u2606VGC_Shellshocker\n","uploadtime":1681766092,"views":7,"p1id":"vgcshellshocker","p2id":"uhohipoopd","formatid":"gen9vgc2023regulationc","rating":1195,"private":0,"password":""}