{"id":"gen9vgc2023regulationc-1847009268","p1":"Tonsoffamage","p2":"frgeesfv","format":"[Gen 9] VGC 2023 Regulation C","log":"|j|\u2606Tonsoffamage\n|j|\u2606frgeesfv\n|t:|1681911327\n|gametype|doubles\n|player|p1|Tonsoffamage|unknown|1045\n|player|p2|frgeesfv|marlon|1004\n|teamsize|p1|6\n|teamsize|p2|6\n|gen|9\n|tier|[Gen 9] VGC 2023 Regulation C\n|rated|\n|rule|Species Clause: Limit one of each Pok\u00e9mon\n|rule|Item Clause: Limit one of each item\n|clearpoke\n|poke|p1|Bisharp, L50, F|\n|poke|p1|Cryogonal, L50|\n|poke|p1|Chien-Pao, L50|\n|poke|p1|Klawf, L50, M|\n|poke|p1|Ting-Lu, L50|\n|poke|p1|Garganacl, L50, F|\n|poke|p2|Dondozo, L50, F|\n|poke|p2|Tatsugiri, L50, F|\n|poke|p2|Annihilape, L50, F|\n|poke|p2|Jolteon, L50, F|\n|poke|p2|Flamigo, L50, M|\n|poke|p2|Garganacl, L50, F|\n|teampreview|4\nTonsoffamage has agreed to open team sheets.\n|inactive|Battle timer is ON: inactive players will automatically lose when time's up. (requested by frgeesfv)\n|\n|t:|1681911350\n|start\n|switch|p1a: Chien-Pao|Chien-Pao, L50|100\/100\n|switch|p1b: Ting-Lu|Ting-Lu, L50|100\/100\n|switch|p2a: Annihilape|Annihilape, L50, F|100\/100\n|switch|p2b: Jolteon|Jolteon, L50, F|100\/100\n|-ability|p1a: Chien-Pao|Sword of Ruin\n|-ability|p1b: Ting-Lu|Vessel of Ruin\n|turn|1\n|\n|t:|1681911371\n|-terastallize|p2a: Annihilape|Fighting\n|move|p1a: Chien-Pao|Sheer Cold|p2a: Annihilape\n|-damage|p2a: Annihilape|0 fnt\n|faint|p2a: Annihilape\n|-ohko\n|move|p2b: Jolteon|Pin Missile|p2: Annihilape|[notarget]\n|-fail|p2b: Jolteon\n|move|p1b: Ting-Lu|Fissure|p2b: Jolteon\n|-damage|p2b: Jolteon|0 fnt\n|faint|p2b: Jolteon\n|-ohko\n|\n|upkeep\n|\n|t:|1681911390\n|switch|p2b: Tatsugiri|Tatsugiri, L50, F|100\/100\n|switch|p2a: Flamigo|Flamigo, L50, M|100\/100\n|-copyboost|p2a: Flamigo|p2b: Tatsugiri|[from] ability: Costar\n|turn|2\n|inactive|Tonsoffamage has 30 seconds left.\n|\n|t:|1681911418\n|move|p1a: Chien-Pao|Sheer Cold|p2a: Flamigo|[miss]\n|-miss|p1a: Chien-Pao|p2a: Flamigo\n|move|p2b: Tatsugiri|Icy Wind|p1a: Chien-Pao|[spread] p1a,p1b\n|-resisted|p1a: Chien-Pao\n|-supereffective|p1b: Ting-Lu\n|-damage|p1a: Chien-Pao|95\/100\n|-damage|p1b: Ting-Lu|90\/100\n|-unboost|p1a: Chien-Pao|spe|1\n|-unboost|p1b: Ting-Lu|spe|1\n|move|p2a: Flamigo|Close Combat|p1b: Ting-Lu\n|-supereffective|p1b: Ting-Lu\n|-damage|p1b: Ting-Lu|0 fnt\n|-unboost|p2a: Flamigo|def|1\n|-unboost|p2a: Flamigo|spd|1\n|faint|p1b: Ting-Lu\n|\n|-status|p2b: Tatsugiri|tox|[from] item: Toxic Orb\n|upkeep\n|\n|t:|1681911433\n|switch|p1b: Garganacl|Garganacl, L50, F|100\/100\n|turn|3\n|\n|t:|1681911446\n|-terastallize|p1a: Chien-Pao|Ghost\n|move|p1a: Chien-Pao|Sheer Cold|p2a: Flamigo|[miss]\n|-miss|p1a: Chien-Pao|p2a: Flamigo\n|move|p2b: Tatsugiri|Muddy Water|p1b: Garganacl|[spread] p1a,p1b\n|-supereffective|p1b: Garganacl\n|-damage|p1a: Chien-Pao|58\/100\n|-damage|p1b: Garganacl|53\/100\n|move|p2a: Flamigo|Close Combat|p1a: Chien-Pao\n|-immune|p1a: Chien-Pao\n|move|p1b: Garganacl|Fissure|p2b: Tatsugiri|[miss]\n|-miss|p1b: Garganacl|p2b: Tatsugiri\n|\n|-heal|p1b: Garganacl|59\/100|[from] item: Leftovers\n|-damage|p2b: Tatsugiri|94\/100 tox|[from] psn\n|upkeep\n|turn|4\n|\n|t:|1681911466\n|move|p1a: Chien-Pao|Sheer Cold|p2a: Flamigo|[miss]\n|-miss|p1a: Chien-Pao|p2a: Flamigo\n|move|p2b: Tatsugiri|Muddy Water|p1a: Chien-Pao|[spread] p1b\n|-miss|p2b: Tatsugiri|p1a: Chien-Pao\n|-supereffective|p1b: Garganacl\n|-damage|p1b: Garganacl|15\/100\n|-unboost|p1b: Garganacl|accuracy|1\n|move|p2a: Flamigo|Brave Bird|p1a: Chien-Pao\n|-damage|p1a: Chien-Pao|0 fnt\n|faint|p1a: Chien-Pao\n|-damage|p2a: Flamigo|81\/100|[from] Recoil\n|move|p1b: Garganacl|Fissure|p2b: Tatsugiri\n|-damage|p2b: Tatsugiri|0 fnt\n|faint|p2b: Tatsugiri\n|-ohko\n|\n|-heal|p1b: Garganacl|21\/100|[from] item: Leftovers\n|upkeep\n|\n|t:|1681911483\n|switch|p1a: Cryogonal|Cryogonal, L50|100\/100\n|turn|5\n|\n|t:|1681911500\n|move|p1a: Cryogonal|Sheer Cold|p2a: Flamigo\n|-damage|p2a: Flamigo|0 fnt\n|faint|p2a: Flamigo\n|-ohko\n|\n|win|Tonsoffamage\n|raw|Tonsoffamage's rating: 1045 → 1074<\/strong> (+29 for winning)\n|raw|frgeesfv's rating: 1004 → 1000<\/strong> (-4 for losing)\n","uploadtime":1681911525,"views":22,"p1id":"tonsoffamage","p2id":"frgeesfv","formatid":"gen9vgc2023regulationc","rating":1000,"private":0,"password":""}