{"id":"gen9vgc2023regulationc-1852240027","p1":"RylektVGC","p2":"a lonely fart","format":"[Gen 9] VGC 2023 Regulation C","log":"|j|\u2606RylektVGC\n|j|\u2606a lonely fart\n|t:|1682535774\n|gametype|doubles\n|player|p1|RylektVGC|flannery|1607\n|player|p2|a lonely fart|169|1725\n|teamsize|p1|6\n|teamsize|p2|6\n|gen|9\n|tier|[Gen 9] VGC 2023 Regulation C\n|rated|\n|rule|Species Clause: Limit one of each Pok\u00e9mon\n|rule|Item Clause: Limit one of each item\n|clearpoke\n|poke|p1|Maushold-Four, L50|\n|poke|p1|Gholdengo, L50|\n|poke|p1|Flutter Mane, L50|\n|poke|p1|Dragonite, L50, F|\n|poke|p1|Chien-Pao, L50|\n|poke|p1|Iron Bundle, L50|\n|poke|p2|Gyarados, L50, M|\n|poke|p2|Scizor, L50, M|\n|poke|p2|Amoonguss, L50, F|\n|poke|p2|Chi-Yu, L50|\n|poke|p2|Flutter Mane, L50|\n|poke|p2|Iron Bundle, L50|\n|teampreview|4\nRylektVGC has agreed to open team sheets.\n|c|\u2606RylektVGC|glhf\n|inactive|Battle timer is ON: inactive players will automatically lose when time's up. (requested by a lonely fart)\n|\n|t:|1682535837\n|start\n|switch|p1a: Gholdengo|Gholdengo, L50|100\/100\n|switch|p1b: Iron Bundle|Iron Bundle, L50|100\/100\n|switch|p2a: Shiryu|Chi-Yu, L50|100\/100\n|switch|p2b: Ai robando|Iron Bundle, L50|100\/100\n|-ability|p2a: Shiryu|Beads of Ruin\n|-enditem|p1b: Iron Bundle|Booster Energy\n|-activate|p1b: Iron Bundle|ability: Quark Drive|[fromitem]\n|-start|p1b: Iron Bundle|quarkdrivespe\n|-enditem|p2b: Ai robando|Booster Energy\n|-activate|p2b: Ai robando|ability: Quark Drive|[fromitem]\n|-start|p2b: Ai robando|quarkdrivespe\n|turn|1\n|inactive|a lonely fart has 30 seconds left.\n|\n|t:|1682535868\n|-terastallize|p2a: Shiryu|Grass\n|-terastallize|p1a: Gholdengo|Water\n|move|p2b: Ai robando|Protect|p2b: Ai robando\n|-singleturn|p2b: Ai robando|Protect\n|move|p1b: Iron Bundle|Protect|p1b: Iron Bundle\n|-singleturn|p1b: Iron Bundle|Protect\n|move|p2a: Shiryu|Heat Wave|p1b: Iron Bundle|[spread] p1a\n|-activate|p1b: Iron Bundle|move: Protect\n|-resisted|p1a: Gholdengo\n|-damage|p1a: Gholdengo|74\/100\n|move|p1a: Gholdengo|Make It Rain|p2b: Ai robando|[spread] p2a\n|-activate|p2b: Ai robando|move: Protect\n|-damage|p2a: Shiryu|45\/100\n|-unboost|p1a: Gholdengo|spa|1\n|\n|-heal|p1a: Gholdengo|80\/100|[from] item: Leftovers\n|upkeep\n|turn|2\n|inactive|a lonely fart has 30 seconds left.\n|\n|t:|1682535893\n|switch|p2a: Lost my pride|Flutter Mane, L50|100\/100\n|move|p1b: Iron Bundle|Icy Wind|p2b: Ai robando|[spread] p2a,p2b\n|-resisted|p2b: Ai robando\n|-damage|p2a: Lost my pride|77\/100\n|-damage|p2b: Ai robando|91\/100\n|-unboost|p2a: Lost my pride|spe|1\n|-unboost|p2b: Ai robando|spe|1\n|move|p2b: Ai robando|Freeze-Dry|p1a: Gholdengo\n|-supereffective|p1a: Gholdengo\n|-damage|p1a: Gholdengo|11\/100\n|move|p1a: Gholdengo|Make It Rain|p2b: Ai robando|[spread] p2a,p2b\n|-supereffective|p2a: Lost my pride\n|-damage|p2a: Lost my pride|7\/100\n|-damage|p2b: Ai robando|30\/100\n|-unboost|p1a: Gholdengo|spa|1\n|\n|-heal|p1a: Gholdengo|17\/100|[from] item: Leftovers\n|upkeep\n|turn|3\n|\n|t:|1682535918\n|-end|p2a: Lost my pride|Protosynthesis|[silent]\n|switch|p2a: Cizo|Scizor, L50, M|100\/100\n|move|p2b: Ai robando|Protect|p2b: Ai robando\n|-singleturn|p2b: Ai robando|Protect\n|move|p1a: Gholdengo|Protect|p1a: Gholdengo\n|-singleturn|p1a: Gholdengo|Protect\n|move|p1b: Iron Bundle|Icy Wind|p2a: Cizo|[spread] p2a\n|-activate|p2b: Ai robando|move: Protect\n|-resisted|p2a: Cizo\n|-damage|p2a: Cizo|89\/100\n|-unboost|p2a: Cizo|spe|1\n|\n|-heal|p1a: Gholdengo|23\/100|[from] item: Leftovers\n|upkeep\n|turn|4\n|inactive|RylektVGC has 30 seconds left.\n|inactive|RylektVGC has 20 seconds left.\n|inactive|RylektVGC has 15 seconds left.\n|\n|t:|1682535959\n|-end|p1b: Iron Bundle|Quark Drive|[silent]\n|switch|p1b: Dragonite|Dragonite, L50, F|100\/100\n|move|p2b: Ai robando|Freeze-Dry|p1a: Gholdengo\n|-supereffective|p1a: Gholdengo\n|-damage|p1a: Gholdengo|0 fnt\n|faint|p1a: Gholdengo\n|move|p2a: Cizo|Swords Dance|p2a: Cizo\n|-boost|p2a: Cizo|atk|2\n|\n|upkeep\n|\n|t:|1682535963\n|switch|p1a: Chien-Pao|Chien-Pao, L50|100\/100\n|-ability|p1a: Chien-Pao|Sword of Ruin\n|turn|5\n|inactive|RylektVGC has 30 seconds left.\n|\n|t:|1682535996\n|move|p1a: Chien-Pao|Sucker Punch|p2b: Ai robando\n|-crit|p2b: Ai robando\n|-damage|p2b: Ai robando|0 fnt\n|faint|p2b: Ai robando\n|-end|p2b: Ai robando|Quark Drive|[silent]\n|move|p2a: Cizo|Bullet Punch|p1b: Dragonite\n|-damage|p1b: Dragonite|60\/100\n|move|p1b: Dragonite|Low Kick|p2a: Cizo\n|-damage|p2a: Cizo|43\/100\n|\n|upkeep\n|\n|t:|1682536007\n|switch|p2b: Lost my pride|Flutter Mane, L50|7\/100\n|turn|6\n|\n|t:|1682536021\n|-end|p2b: Lost my pride|Protosynthesis|[silent]\n|switch|p2b: Shiryu|Chi-Yu, L50, tera:Grass|45\/100\n|-ability|p2b: Shiryu|Beads of Ruin\n|move|p1b: Dragonite|Extreme Speed|p2a: Cizo\n|-resisted|p2a: Cizo\n|-damage|p2a: Cizo|23\/100\n|move|p2a: Cizo|Bullet Punch|p1a: Chien-Pao\n|-supereffective|p1a: Chien-Pao\n|-enditem|p1a: Chien-Pao|Focus Sash\n|-damage|p1a: Chien-Pao|1\/100\n|move|p1a: Chien-Pao|Ice Spinner|p2b: Shiryu\n|-supereffective|p2b: Shiryu\n|-damage|p2b: Shiryu|0 fnt\n|faint|p2b: Shiryu\n|\n|upkeep\n|\n|t:|1682536035\n|switch|p2b: Lost my pride|Flutter Mane, L50|7\/100\n|turn|7\n|\n|t:|1682536044\n|move|p1a: Chien-Pao|Protect|p1a: Chien-Pao\n|-singleturn|p1a: Chien-Pao|Protect\n|move|p1b: Dragonite|Extreme Speed|p2a: Cizo\n|-resisted|p2a: Cizo\n|-damage|p2a: Cizo|6\/100\n|move|p2a: Cizo|Bullet Punch|p1a: Chien-Pao\n|-activate|p1a: Chien-Pao|move: Protect\n|move|p2b: Lost my pride|Dazzling Gleam|p1b: Dragonite|[spread] p1b\n|-activate|p1a: Chien-Pao|move: Protect\n|-supereffective|p1b: Dragonite\n|-crit|p1b: Dragonite\n|-damage|p1b: Dragonite|0 fnt\n|faint|p1b: Dragonite\n|\n|upkeep\n|\n|t:|1682536048\n|switch|p1b: Iron Bundle|Iron Bundle, L50|100\/100\n|turn|8\n|\n|t:|1682536054\n|move|p1a: Chien-Pao|Sucker Punch||[still]\n|-fail|p1a: Chien-Pao\n|move|p1b: Iron Bundle|Freeze-Dry|p2b: Lost my pride\n|-damage|p2b: Lost my pride|0 fnt\n|faint|p2b: Lost my pride\n|-end|p2b: Lost my pride|Protosynthesis|[silent]\n|move|p2a: Cizo|Swords Dance|p2a: Cizo\n|-boost|p2a: Cizo|atk|2\n|\n|upkeep\n|turn|9\n|-message|a lonely fart forfeited.\n|\n|win|RylektVGC\n|raw|RylektVGC's rating: 1607 → 1634<\/strong> (+27 for winning)\n|raw|a lonely fart's rating: 1725 → 1698<\/strong> (-27 for losing)\n|l|\u2606a lonely fart\n","uploadtime":1682536114,"views":13,"p1id":"rylektvgc","p2id":"alonelyfart","formatid":"gen9vgc2023regulationc","rating":1634,"private":0,"password":""}