{"id":"gen9vgc2023regulationc-1847348121","p1":"IrisBlaze","p2":"TheAlmightySo","format":"[Gen 9] VGC 2023 Regulation C","log":"|j|\u2606IrisBlaze\n|j|\u2606TheAlmightySo\n|t:|1681941014\n|gametype|doubles\n|player|p1|IrisBlaze|lisia-masters|1076\n|player|p2|TheAlmightySo|2|1151\n|teamsize|p1|6\n|teamsize|p2|6\n|gen|9\n|tier|[Gen 9] VGC 2023 Regulation C\n|rated|\n|rule|Species Clause: Limit one of each Pok\u00e9mon\n|rule|Item Clause: Limit one of each item\n|clearpoke\n|poke|p1|Talonflame, L50, M|\n|poke|p1|Garchomp, L50, F|\n|poke|p1|Armarouge, L50, F|\n|poke|p1|Scizor, L50, F|\n|poke|p1|Palafin, L50, F|\n|poke|p1|Brute Bonnet, L50|\n|poke|p2|Flutter Mane, L50|\n|poke|p2|Chi-Yu, L50|\n|poke|p2|Amoonguss, L50, F|\n|poke|p2|Ting-Lu, L50|\n|poke|p2|Dragonite, L50, M|\n|poke|p2|Chien-Pao, L50|\n|teampreview|4\nIrisBlaze has agreed to open team sheets.\n|\n|t:|1681941044\n|start\n|switch|p1a: Palafin|Palafin, L50, F|100\/100\n|switch|p1b: Talonflame|Talonflame, L50, M|100\/100\n|switch|p2a: Flutter Mane|Flutter Mane, L50|100\/100\n|switch|p2b: Chi-Yu|Chi-Yu, L50|100\/100\n|-ability|p2b: Chi-Yu|Beads of Ruin\n|-enditem|p2a: Flutter Mane|Booster Energy\n|-activate|p2a: Flutter Mane|ability: Protosynthesis|[fromitem]\n|-start|p2a: Flutter Mane|protosynthesisspe\n|turn|1\n|\n|t:|1681941061\n|-terastallize|p1a: Palafin|Water\n|move|p1b: Talonflame|Brave Bird|p2a: Flutter Mane\n|-damage|p2a: Flutter Mane|0 fnt\n|faint|p2a: Flutter Mane\n|-end|p2a: Flutter Mane|Protosynthesis|[silent]\n|-damage|p1b: Talonflame|75\/100|[from] Recoil\n|move|p1a: Palafin|Jet Punch|p2b: Chi-Yu\n|-supereffective|p2b: Chi-Yu\n|-damage|p2b: Chi-Yu|0 fnt\n|faint|p2b: Chi-Yu\n|\n|upkeep\n|\n|t:|1681941071\n|switch|p2a: Amoonguss|Amoonguss, L50, F|100\/100\n|switch|p2b: Dragonite|Dragonite, L50, M|100\/100\n|turn|2\n|\n|t:|1681941083\n|detailschange|p1a: Palafin|Palafin-Hero, L50, F, tera:Water\n|switch|p1a: Garchomp|Garchomp, L50, F|100\/100\n|-terastallize|p2b: Dragonite|Normal\n|move|p1b: Talonflame|Protect|p1b: Talonflame\n|-singleturn|p1b: Talonflame|Protect\n|move|p2a: Amoonguss|Protect|p2a: Amoonguss\n|-singleturn|p2a: Amoonguss|Protect\n|move|p2b: Dragonite|Extreme Speed|p1a: Garchomp\n|-damage|p1a: Garchomp|31\/100\n|-damage|p2b: Dragonite|88\/100|[from] ability: Rough Skin|[of] p1a: Garchomp\n|\n|upkeep\n|turn|3\n|\n|t:|1681941107\n|move|p1a: Garchomp|Protect|p1a: Garchomp\n|-singleturn|p1a: Garchomp|Protect\n|move|p2b: Dragonite|Extreme Speed|p1a: Garchomp\n|-activate|p1a: Garchomp|move: Protect\n|move|p1b: Talonflame|Will-O-Wisp|p2b: Dragonite\n|-status|p2b: Dragonite|brn\n|move|p2a: Amoonguss|Spore|p1b: Talonflame\n|-status|p1b: Talonflame|slp|[from] move: Spore\n|\n|-damage|p2b: Dragonite|83\/100 brn|[from] brn\n|upkeep\n|turn|4\n|\n|t:|1681941121\n|switch|p1b: Scizor|Scizor, L50, F|100\/100\n|move|p2b: Dragonite|Extreme Speed|p1a: Garchomp\n|-damage|p1a: Garchomp|0 fnt\n|-damage|p2b: Dragonite|70\/100 brn|[from] ability: Rough Skin|[of] p1a: Garchomp\n|faint|p1a: Garchomp\n|move|p2a: Amoonguss|Pollen Puff|p2b: Dragonite\n|-heal|p2b: Dragonite|100\/100 brn\n|\n|-damage|p2b: Dragonite|95\/100 brn|[from] brn\n|upkeep\n|\n|t:|1681941127\n|switch|p1a: Palafin|Palafin-Hero, L50, F, tera:Water|100\/100\n|-activate|p1a: Palafin|ability: Zero to Hero\n|turn|5\n|\n|t:|1681941143\n|move|p2b: Dragonite|Extreme Speed|p1b: Scizor\n|-resisted|p1b: Scizor\n|-damage|p1b: Scizor|82\/100\n|move|p1a: Palafin|Close Combat|p2b: Dragonite\n|-supereffective|p2b: Dragonite\n|-damage|p2b: Dragonite|0 fnt\n|-unboost|p1a: Palafin|def|1\n|-unboost|p1a: Palafin|spd|1\n|faint|p2b: Dragonite\n|move|p1b: Scizor|Swords Dance|p1b: Scizor\n|-boost|p1b: Scizor|atk|2\n|move|p2a: Amoonguss|Spore|p1a: Palafin\n|-status|p1a: Palafin|slp|[from] move: Spore\n|\n|upkeep\n|turn|6\n|l|\u2606TheAlmightySo\n|player|p2|\n|inactive|Battle timer is ON: inactive players will automatically lose when time's up. (requested by IrisBlaze)\n|inactive|TheAlmightySo has 30 seconds to reconnect!\n|inactive|TheAlmightySo has 20 seconds to reconnect!\n|inactive|TheAlmightySo has 15 seconds to reconnect!\n|inactive|TheAlmightySo has 10 seconds to reconnect!\n|inactive|TheAlmightySo has 5 seconds to reconnect!\n|-message|TheAlmightySo lost due to inactivity.\n|\n|win|IrisBlaze\n|raw|IrisBlaze's rating: 1076 → 1111<\/strong> (+35 for winning)\n|raw|TheAlmightySo's rating: 1151 → 1121<\/strong> (-30 for losing)\n","uploadtime":1681941232,"views":4,"p1id":"irisblaze","p2id":"thealmightyso","formatid":"gen9vgc2023regulationc","rating":1111,"private":0,"password":""}