{"id":"gen9vgc2023regulationc-1848247500","p1":"dralfredpennyworth","p2":"DJVee","format":"[Gen 9] VGC 2023 Regulation C","log":"|j|\u2606dralfredpennyworth\n|j|\u2606DJVee\n|t:|1682047720\n|gametype|doubles\n|player|p1|dralfredpennyworth|lucas|\n|player|p2|DJVee|dancer|\n|teamsize|p1|6\n|teamsize|p2|6\n|gen|9\n|tier|[Gen 9] VGC 2023 Regulation C\n|rule|Species Clause: Limit one of each Pok\u00e9mon\n|rule|Item Clause: Limit one of each item\n|clearpoke\n|poke|p1|Lumineon, L50, M|\n|poke|p1|Toxtricity-Low-Key, L50, M|\n|poke|p1|Weavile, L50, M|\n|poke|p1|Hariyama, L50, M|\n|poke|p1|Dragapult, L50, M|\n|poke|p1|Camerupt, L50, F|\n|poke|p2|Dragonite, L50, F|\n|poke|p2|Gholdengo, L50|\n|poke|p2|Tauros-Paldea-Blaze, L50, M|\n|poke|p2|Palafin, L50, F|\n|poke|p2|Garchomp, L50, F|\n|poke|p2|Amoonguss, L50, M|\n|teampreview|4\nDJVee has agreed to open team sheets.\ndralfredpennyworth has agreed to open team sheets.\n|\n|t:|1682047761\n|start\n|switch|p1a: Weavile|Weavile, L50, M, shiny|100\/100\n|switch|p1b: Camerupt|Camerupt, L50, F|100\/100\n|switch|p2a: Palafin|Palafin, L50, F, shiny|100\/100\n|switch|p2b: Dragonite|Dragonite, L50, F, shiny|100\/100\n|-ability|p1a: Weavile|Pressure\n|turn|1\n|\n|t:|1682047792\n|-terastallize|p2b: Dragonite|Steel\n|-terastallize|p1b: Camerupt|Water\n|move|p1a: Weavile|Brick Break|p2b: Dragonite\n|-supereffective|p2b: Dragonite\n|-damage|p2b: Dragonite|50\/100\n|move|p2a: Palafin|Close Combat|p1a: Weavile\n|-supereffective|p1a: Weavile\n|-enditem|p1a: Weavile|Focus Sash\n|-damage|p1a: Weavile|1\/100\n|-unboost|p2a: Palafin|def|1\n|-unboost|p2a: Palafin|spd|1\n|move|p2b: Dragonite|Tailwind|p2b: Dragonite\n|-sidestart|p2: DJVee|move: Tailwind\n|move|p1b: Camerupt|Ancient Power|p2a: Palafin\n|-damage|p2a: Palafin|58\/100\n|\n|upkeep\n|turn|2\n|\n|t:|1682047834\n|detailschange|p2a: Palafin|Palafin-Hero, L50, F, shiny\n|switch|p2a: Amoonguss|Amoonguss, L50, M|100\/100\n|move|p2b: Dragonite|Rock Slide|p1b: Camerupt|[spread] p1a,p1b\n|-supereffective|p1a: Weavile\n|-damage|p1a: Weavile|0 fnt\n|-damage|p1b: Camerupt|80\/100\n|faint|p1a: Weavile\n|move|p1b: Camerupt|Earth Power|p2b: Dragonite\n|-supereffective|p2b: Dragonite\n|-damage|p2b: Dragonite|0 fnt\n|faint|p2b: Dragonite\n|\n|upkeep\n|\n|t:|1682047851\n|switch|p1a: Toxtricity|Toxtricity-Low-Key, L50, M, shiny|100\/100\n|switch|p2b: Palafin|Palafin-Hero, L50, F, shiny|58\/100\n|-activate|p2b: Palafin|ability: Zero to Hero\n|turn|3\n|\n|t:|1682047864\n|move|p2b: Palafin|Wave Crash|p1a: Toxtricity\n|-damage|p1a: Toxtricity|0 fnt\n|faint|p1a: Toxtricity\n|-damage|p2b: Palafin|24\/100|[from] Recoil\n|move|p2a: Amoonguss|Spore|p1b: Camerupt\n|-status|p1b: Camerupt|slp|[from] move: Spore\n|cant|p1b: Camerupt|slp\n|\n|upkeep\n|\n|t:|1682047873\n|switch|p1a: Dragapult|Dragapult, L50, M, shiny|100\/100\n|turn|4\n|\n|t:|1682047897\n|move|p1a: Dragapult|Protect|p1a: Dragapult\n|-singleturn|p1a: Dragapult|Protect\n|move|p2b: Palafin|Jet Punch|p1a: Dragapult\n|-activate|p1a: Dragapult|move: Protect\n|move|p2a: Amoonguss|Spore|p1a: Dragapult\n|-activate|p1a: Dragapult|move: Protect\n|-curestatus|p1b: Camerupt|slp|[msg]\n|move|p1b: Camerupt|Flamethrower|p2a: Amoonguss\n|-supereffective|p2a: Amoonguss\n|-damage|p2a: Amoonguss|46\/100\n|\n|-sideend|p2: DJVee|move: Tailwind\n|upkeep\n|turn|5\n|\n|t:|1682047925\n|move|p2a: Amoonguss|Protect|p2a: Amoonguss\n|-singleturn|p2a: Amoonguss|Protect\n|move|p2b: Palafin|Jet Punch|p1a: Dragapult\n|-resisted|p1a: Dragapult\n|-damage|p1a: Dragapult|72\/100\n|move|p1a: Dragapult|Phantom Force||[still]\n|-prepare|p1a: Dragapult|Phantom Force\n|move|p1b: Camerupt|Earth Power|p2b: Palafin\n|-damage|p2b: Palafin|0 fnt\n|faint|p2b: Palafin\n|\n|upkeep\n|\n|t:|1682047934\n|switch|p2b: Garchomp|Garchomp, L50, F|100\/100\n|turn|6\n|\n|t:|1682047944\n|move|p2a: Amoonguss|Rage Powder|p2a: Amoonguss\n|-singleturn|p2a: Amoonguss|move: Rage Powder\n|move|p1a: Dragapult|Phantom Force|p2a: Amoonguss|[from]lockedmove\n|-damage|p2a: Amoonguss|7\/100\n|-damage|p1a: Dragapult|56\/100|[from] item: Rocky Helmet|[of] p2a: Amoonguss\n|move|p2b: Garchomp|Swords Dance|p2b: Garchomp\n|-boost|p2b: Garchomp|atk|2\n|move|p1b: Camerupt|Tera Blast|p2a: Amoonguss\n|-resisted|p2a: Amoonguss\n|-damage|p2a: Amoonguss|0 fnt\n|faint|p2a: Amoonguss\n|\n|upkeep\n|turn|7\n|\n|t:|1682047963\n|move|p1a: Dragapult|Dragon Darts|p2b: Garchomp\n|-supereffective|p2b: Garchomp\n|-damage|p2b: Garchomp|53\/100\n|-anim|p1a: Dragapult|Dragon Darts|p2b: Garchomp\n|-supereffective|p2b: Garchomp\n|-damage|p2b: Garchomp|6\/100\n|move|p2b: Garchomp|Rock Slide|p1b: Camerupt|[spread] p1a,p1b\n|-crit|p1b: Camerupt\n|-damage|p1a: Dragapult|0 fnt\n|-damage|p1b: Camerupt|0 fnt\n|faint|p1a: Dragapult\n|faint|p1b: Camerupt\n|-damage|p2b: Garchomp|0 fnt|[from] item: Life Orb\n|faint|p2b: Garchomp\n|\n|win|DJVee\n","uploadtime":1682048000,"views":10,"p1id":"dralfredpennyworth","p2id":"djvee","formatid":"gen9vgc2023regulationc","rating":0,"private":0,"password":""}