{"id":"gen9vgc2023regulationc-1856194676","p1":"Baedder","p2":"haha you rage quit","format":"[Gen 9] VGC 2023 Regulation C","log":"|j|\u2606Baedder\n|j|\u2606haha you rage quit\n|t:|1683039536\n|gametype|doubles\n|player|p1|Baedder|blackbelt|1175\n|player|p2|haha you rage quit|pokemaniac|1114\n|teamsize|p1|6\n|teamsize|p2|6\n|gen|9\n|tier|[Gen 9] VGC 2023 Regulation C\n|rated|\n|rule|Species Clause: Limit one of each Pok\u00e9mon\n|rule|Item Clause: Limit one of each item\n|clearpoke\n|poke|p1|Ting-Lu, L50|\n|poke|p1|Garganacl, L50, M|\n|poke|p1|Roaring Moon, L50|\n|poke|p1|Iron Bundle, L50|\n|poke|p1|Arcanine, L50, M|\n|poke|p1|Amoonguss, L50, M|\n|poke|p2|Hariyama, L50, M|\n|poke|p2|Slowpoke, L50, M|\n|poke|p2|Indeedee-F, L50, F|\n|poke|p2|Torkoal, L50, M|\n|poke|p2|Arboliva, L50, F|\n|poke|p2|Gastrodon, L50, F|\n|teampreview|4\nBaedder has agreed to open team sheets.\n|\n|t:|1683039559\n|start\n|switch|p1a: Garganacl|Garganacl, L50, M|100\/100\n|switch|p1b: Roaring Moon|Roaring Moon, L50, shiny|100\/100\n|switch|p2a: Hariyama|Hariyama, L50, M|100\/100\n|switch|p2b: Slowpoke|Slowpoke, L50, M, shiny|100\/100\n|-enditem|p1b: Roaring Moon|Booster Energy\n|-activate|p1b: Roaring Moon|ability: Protosynthesis|[fromitem]\n|-start|p1b: Roaring Moon|protosynthesisatk\n|turn|1\n|inactive|Battle timer is ON: inactive players will automatically lose when time's up. (requested by Baedder)\n|\n|t:|1683039578\n|-terastallize|p1a: Garganacl|Ghost\n|-terastallize|p2b: Slowpoke|Grass\n|move|p1b: Roaring Moon|Protect|p1b: Roaring Moon\n|-singleturn|p1b: Roaring Moon|Protect\n|move|p2a: Hariyama|Fake Out|p1b: Roaring Moon\n|-activate|p1b: Roaring Moon|move: Protect\n|move|p1a: Garganacl|Salt Cure|p2b: Slowpoke\n|-damage|p2b: Slowpoke|89\/100\n|-start|p2b: Slowpoke|Salt Cure\n|move|p2b: Slowpoke|Trick Room|p2b: Slowpoke\n|-fieldstart|move: Trick Room|[of] p2b: Slowpoke\n|\n|-damage|p2b: Slowpoke|77\/100|[from] Salt Cure\n|-status|p2a: Hariyama|brn|[from] item: Flame Orb\n|upkeep\n|turn|2\n|\n|t:|1683039603\n|move|p2b: Slowpoke|Helping Hand|p2a: Hariyama\n|-singleturn|p2a: Hariyama|Helping Hand|[of] p2b: Slowpoke\n|move|p2a: Hariyama|Drain Punch|p1b: Roaring Moon\n|-supereffective|p1b: Roaring Moon\n|-damage|p1b: Roaring Moon|0 fnt\n|faint|p1b: Roaring Moon\n|-end|p1b: Roaring Moon|Protosynthesis|[silent]\n|move|p1a: Garganacl|Salt Cure|p2a: Hariyama\n|-resisted|p2a: Hariyama\n|-damage|p2a: Hariyama|94\/100 brn\n|-start|p2a: Hariyama|Salt Cure\n|\n|-damage|p2a: Hariyama|88\/100 brn|[from] brn\n|-damage|p2b: Slowpoke|65\/100|[from] Salt Cure\n|-damage|p2a: Hariyama|75\/100 brn|[from] Salt Cure\n|upkeep\n|\n|t:|1683039616\n|switch|p1b: Arcanine|Arcanine, L50, M|100\/100\n|-ability|p1b: Arcanine|Intimidate|boost\n|-unboost|p2a: Hariyama|atk|1\n|-fail|p2b: Slowpoke|unboost|Attack|[from] ability: Oblivious|[of] p2b: Slowpoke\n|turn|3\n|\n|t:|1683039631\n|move|p2b: Slowpoke|Heal Pulse|p2a: Hariyama\n|-heal|p2a: Hariyama|100\/100 brn\n|move|p2a: Hariyama|Bulk Up|p2a: Hariyama\n|-boost|p2a: Hariyama|atk|1\n|-boost|p2a: Hariyama|def|1\n|move|p1a: Garganacl|Stealth Rock|p2a: Hariyama\n|-sidestart|p2: haha you rage quit|move: Stealth Rock\n|move|p1b: Arcanine|Flare Blitz|p2b: Slowpoke\n|-supereffective|p2b: Slowpoke\n|-damage|p2b: Slowpoke|0 fnt\n|faint|p2b: Slowpoke\n|-damage|p1b: Arcanine|79\/100|[from] Recoil\n|\n|-damage|p2a: Hariyama|95\/100 brn|[from] brn\n|-damage|p2a: Hariyama|82\/100 brn|[from] Salt Cure\n|upkeep\n|inactive|haha you rage quit has 30 seconds left.\n|\n|t:|1683039662\n|switch|p2b: Torkoal|Torkoal, L50, M, shiny|100\/100\n|-damage|p2b: Torkoal|76\/100|[from] Stealth Rock\n|-weather|SunnyDay|[from] ability: Drought|[of] p2b: Torkoal\n|turn|4\n|\n|t:|1683039672\n|move|p1b: Arcanine|Protect|p1b: Arcanine\n|-singleturn|p1b: Arcanine|Protect\n|move|p2b: Torkoal|Eruption|p1b: Arcanine|[spread] p1a\n|-activate|p1b: Arcanine|move: Protect\n|-damage|p1a: Garganacl|63\/100\n|move|p2a: Hariyama|Knock Off|p1a: Garganacl\n|-supereffective|p1a: Garganacl\n|-crit|p1a: Garganacl\n|-damage|p1a: Garganacl|0 fnt\n|-enditem|p1a: Garganacl|Leftovers|[from] move: Knock Off|[of] p2a: Hariyama\n|faint|p1a: Garganacl\n|\n|-weather|SunnyDay|[upkeep]\n|-damage|p2a: Hariyama|76\/100 brn|[from] brn\n|-damage|p2a: Hariyama|64\/100 brn|[from] Salt Cure\n|upkeep\n|\n|t:|1683039681\n|switch|p1a: Ting-Lu|Ting-Lu, L50|100\/100\n|-ability|p1a: Ting-Lu|Vessel of Ruin\n|turn|5\n|\n|t:|1683039691\n|move|p2b: Torkoal|Earth Power|p1b: Arcanine\n|-supereffective|p1b: Arcanine\n|-damage|p1b: Arcanine|41\/100\n|move|p2a: Hariyama|Drain Punch|p1a: Ting-Lu\n|-supereffective|p1a: Ting-Lu\n|-damage|p1a: Ting-Lu|45\/100\n|-heal|p2a: Hariyama|97\/100 brn|[from] drain|[of] p1a: Ting-Lu\n|move|p1a: Ting-Lu|Stomping Tantrum|p2b: Torkoal\n|-supereffective|p2b: Torkoal\n|-damage|p2b: Torkoal|24\/100\n|-enditem|p2b: Torkoal|Weakness Policy\n|-boost|p2b: Torkoal|atk|2|[from] item: Weakness Policy\n|-boost|p2b: Torkoal|spa|2|[from] item: Weakness Policy\n|move|p1b: Arcanine|Flare Blitz|p2a: Hariyama\n|-damage|p2a: Hariyama|48\/100 brn\n|-damage|p1b: Arcanine|22\/100|[from] Recoil\n|-enditem|p1b: Arcanine|Iapapa Berry|[eat]\n|-heal|p1b: Arcanine|55\/100|[from] item: Iapapa Berry\n|\n|-weather|SunnyDay|[upkeep]\n|-damage|p2a: Hariyama|42\/100 brn|[from] brn\n|-damage|p2a: Hariyama|30\/100 brn|[from] Salt Cure\n|-fieldend|move: Trick Room\n|upkeep\n|turn|6\n|-message|Baedder forfeited.\n|\n|win|haha you rage quit\n|raw|Baedder's rating: 1175 → 1146<\/strong> (-29 for losing)\n|raw|haha you rage quit's rating: 1114 → 1143<\/strong> (+29 for winning)\n|l|\u2606Baedder\n","uploadtime":1683039726,"views":8,"p1id":"baedder","p2id":"hahayouragequit","formatid":"gen9vgc2023regulationc","rating":1143,"private":0,"password":""}