{"id":"gen9vgc2023regulationc-1855638525","p1":"Kojiiii","p2":"Cinichoe","format":"[Gen 9] VGC 2023 Regulation C","log":"|j|\u2606Kojiiii\n|j|\u2606Cinichoe\n|t:|1682968762\n|gametype|doubles\n|player|p1|Kojiiii|266|1380\n|player|p2|Cinichoe|lass-gen4dp|1330\n|teamsize|p1|6\n|teamsize|p2|6\n|gen|9\n|tier|[Gen 9] VGC 2023 Regulation C\n|rated|\n|rule|Species Clause: Limit one of each Pok\u00e9mon\n|rule|Item Clause: Limit one of each item\n|clearpoke\n|poke|p1|Hatterene, L50, F|\n|poke|p1|Indeedee-F, L50, F|\n|poke|p1|Torkoal, L50, M|\n|poke|p1|Kingambit, L50, M|\n|poke|p1|Hariyama, L50, F|\n|poke|p1|Chi-Yu, L50|\n|poke|p2|Meowscarada, L50, M|\n|poke|p2|Iron Bundle, L50|\n|poke|p2|Chi-Yu, L50|\n|poke|p2|Flutter Mane, L50|\n|poke|p2|Murkrow, L50, F|\n|poke|p2|Great Tusk, L50|\n|teampreview|4\n|inactive|Battle timer is ON: inactive players will automatically lose when time's up. (requested by Cinichoe)\n|inactive|Cinichoe has 60 seconds left.\n|\n|t:|1682968793\n|start\n|switch|p1a: Hatterene|Hatterene, L50, F|100\/100\n|switch|p1b: Indeedee|Indeedee-F, L50, F|100\/100\n|switch|p2a: Flutter Mane|Flutter Mane, L50|100\/100\n|switch|p2b: Chi-Yu|Chi-Yu, L50|100\/100\n|-ability|p2b: Chi-Yu|Beads of Ruin\n|-fieldstart|move: Psychic Terrain|[from] ability: Psychic Surge|[of] p1b: Indeedee\n|-enditem|p1b: Indeedee|Psychic Seed\n|-boost|p1b: Indeedee|spd|1|[from] item: Psychic Seed\n|turn|1\n|\n|t:|1682968815\n|-terastallize|p2a: Flutter Mane|Fairy\n|-terastallize|p1a: Hatterene|Fire\n|move|p1b: Indeedee|Follow Me|p1b: Indeedee\n|-singleturn|p1b: Indeedee|move: Follow Me\n|move|p2a: Flutter Mane|Dazzling Gleam|p1b: Indeedee|[spread] p1a,p1b\n|-resisted|p1a: Hatterene\n|-damage|p1a: Hatterene|68\/100\n|-damage|p1b: Indeedee|62\/100\n|move|p2b: Chi-Yu|Heat Wave|p1a: Hatterene|[spread] p1a,p1b\n|-resisted|p1a: Hatterene\n|-damage|p1a: Hatterene|33\/100\n|-damage|p1b: Indeedee|20\/100\n|-damage|p2b: Chi-Yu|91\/100|[from] item: Life Orb\n|move|p1a: Hatterene|Trick Room|p1a: Hatterene\n|-fieldstart|move: Trick Room|[of] p1a: Hatterene\n|\n|upkeep\n|turn|2\n|\n|t:|1682968836\n|move|p1b: Indeedee|Helping Hand|p1a: Hatterene\n|-singleturn|p1a: Hatterene|Helping Hand|[of] p1b: Indeedee\n|move|p2b: Chi-Yu|Protect|p2b: Chi-Yu\n|-singleturn|p2b: Chi-Yu|Protect\n|move|p2a: Flutter Mane|Protect|p2a: Flutter Mane\n|-singleturn|p2a: Flutter Mane|Protect\n|move|p1a: Hatterene|Psychic|p2a: Flutter Mane\n|-activate|p2a: Flutter Mane|move: Protect\n|\n|upkeep\n|turn|3\n|\n|t:|1682968856\n|move|p1b: Indeedee|Helping Hand|p1a: Hatterene\n|-singleturn|p1a: Hatterene|Helping Hand|[of] p1b: Indeedee\n|move|p1a: Hatterene|Dazzling Gleam|p2b: Chi-Yu|[spread] p2a,p2b\n|-enditem|p2a: Flutter Mane|Focus Sash\n|-damage|p2a: Flutter Mane|1\/100\n|-damage|p2b: Chi-Yu|17\/100\n|-damage|p1a: Hatterene|23\/100|[from] item: Life Orb\n|move|p2b: Chi-Yu|Snarl|p1b: Indeedee|[spread] p1a,p1b\n|-supereffective|p1b: Indeedee\n|-damage|p1a: Hatterene|0 fnt\n|-damage|p1b: Indeedee|0 fnt\n|faint|p1a: Hatterene\n|faint|p1b: Indeedee\n|-damage|p2b: Chi-Yu|7\/100|[from] item: Life Orb\n|move|p2a: Flutter Mane|Dazzling Gleam|p1: Hatterene|[notarget]\n|-fail|p2a: Flutter Mane\n|\n|upkeep\n|\n|t:|1682968873\n|switch|p1a: Torkoal|Torkoal, L50, M|100\/100\n|switch|p1b: Chi-Yu|Chi-Yu, L50|100\/100\n|-weather|SunnyDay|[from] ability: Drought|[of] p1a: Torkoal\n|-activate|p2a: Flutter Mane|ability: Protosynthesis\n|-start|p2a: Flutter Mane|protosynthesisspe\n|-ability|p1b: Chi-Yu|Beads of Ruin\n|turn|4\n|\n|t:|1682968884\n|move|p2b: Chi-Yu|Protect|p2b: Chi-Yu\n|-singleturn|p2b: Chi-Yu|Protect\n|move|p2a: Flutter Mane|Protect|p2a: Flutter Mane\n|-singleturn|p2a: Flutter Mane|Protect\n|move|p1a: Torkoal|Eruption|p2b: Chi-Yu|[spread] \n|-activate|p2a: Flutter Mane|move: Protect\n|-activate|p2b: Chi-Yu|move: Protect\n|move|p1b: Chi-Yu|Heat Wave|p2a: Flutter Mane|[spread] \n|-activate|p2a: Flutter Mane|move: Protect\n|-activate|p2b: Chi-Yu|move: Protect\n|\n|-weather|SunnyDay|[upkeep]\n|upkeep\n|turn|5\n|\n|t:|1682968904\n|move|p1a: Torkoal|Eruption|p2b: Chi-Yu|[spread] p2a,p2b\n|-resisted|p2b: Chi-Yu\n|-damage|p2a: Flutter Mane|0 fnt\n|-damage|p2b: Chi-Yu|0 fnt\n|faint|p2a: Flutter Mane\n|-end|p2a: Flutter Mane|Protosynthesis|[silent]\n|faint|p2b: Chi-Yu\n|move|p1b: Chi-Yu|Heat Wave|p2: Flutter Mane|[notarget]\n|-fail|p1b: Chi-Yu\n|\n|-weather|SunnyDay|[upkeep]\n|-fieldend|move: Trick Room\n|-fieldend|move: Psychic Terrain\n|upkeep\n|\n|t:|1682968913\n|switch|p2a: Great Tusk|Great Tusk, L50|100\/100\n|switch|p2b: Meowscarada|Meowscarada, L50, M|100\/100\n|-activate|p2a: Great Tusk|ability: Protosynthesis\n|-start|p2a: Great Tusk|protosynthesisatk\n|turn|6\n|j| Legiocito\n|\n|t:|1682968931\n|move|p2a: Great Tusk|Headlong Rush|p1a: Torkoal\n|-supereffective|p1a: Torkoal\n|-damage|p1a: Torkoal|0 fnt\n|-unboost|p2a: Great Tusk|def|1\n|-unboost|p2a: Great Tusk|spd|1\n|faint|p1a: Torkoal\n|move|p2b: Meowscarada|Play Rough|p1b: Chi-Yu\n|-start|p2b: Meowscarada|typechange|Fairy|[from] ability: Protean\n|-enditem|p1b: Chi-Yu|Focus Sash\n|-damage|p1b: Chi-Yu|1\/100\n|move|p1b: Chi-Yu|Heat Wave|p2a: Great Tusk|[spread] p2a,p2b\n|-damage|p2a: Great Tusk|0 fnt\n|-damage|p2b: Meowscarada|0 fnt\n|faint|p2a: Great Tusk\n|-end|p2a: Great Tusk|Protosynthesis|[silent]\n|faint|p2b: Meowscarada\n|\n|win|Kojiiii\n|raw|Kojiiii's rating: 1380 → 1397<\/strong> (+17 for winning)\n|raw|Cinichoe's rating: 1330 → 1313<\/strong> (-17 for losing)\n|l|\u2606Cinichoe\n","uploadtime":1682968960,"views":24,"p1id":"kojiiii","p2id":"cinichoe","formatid":"gen9vgc2023regulationc","rating":1313,"private":0,"password":""}