{"id":"gen9vgc2023regulationc-1848932665","p1":"pizzatime3000","p2":"sabertooth81","format":"[Gen 9] VGC 2023 Regulation C","log":"|j|\u2606pizzatime3000\n|j|\u2606sabertooth81\n|t:|1682127853\n|gametype|doubles\n|player|p1|pizzatime3000|265|1003\n|player|p2|sabertooth81|acetrainerf-gen4dp|1041\n|teamsize|p1|6\n|teamsize|p2|6\n|gen|9\n|tier|[Gen 9] VGC 2023 Regulation C\n|rated|\n|rule|Species Clause: Limit one of each Pok\u00e9mon\n|rule|Item Clause: Limit one of each item\n|clearpoke\n|poke|p1|Grumpig, L50, M|\n|poke|p1|Kingambit, L50, M|\n|poke|p1|Ting-Lu, L50|\n|poke|p1|Lycanroc-Midnight, L50, M|\n|poke|p1|Torkoal, L50, F|\n|poke|p1|Abomasnow, L50, F|\n|poke|p2|Armarouge, L50, M|\n|poke|p2|Appletun, L50, F|\n|poke|p2|Scream Tail, L50|\n|poke|p2|Iron Hands, L50|\n|poke|p2|Gothitelle, L50, F|\n|poke|p2|Amoonguss, L50, F|\n|teampreview|4\n|inactive|Battle timer is ON: inactive players will automatically lose when time's up. (requested by sabertooth81)\n|inactive|pizzatime3000 has 60 seconds left.\n|\n|t:|1682127911\n|start\n|switch|p1a: Grumpig|Grumpig, L50, M|100\/100\n|switch|p1b: Lycanroc|Lycanroc-Midnight, L50, M|100\/100\n|switch|p2a: Iron Hands|Iron Hands, L50, shiny|100\/100\n|switch|p2b: mogus|Amoonguss, L50, F, shiny|100\/100\n|turn|1\n|\n|t:|1682127933\n|move|p1b: Lycanroc|Protect|p1b: Lycanroc\n|-singleturn|p1b: Lycanroc|Protect\n|move|p2a: Iron Hands|Fake Out|p1b: Lycanroc\n|-activate|p1b: Lycanroc|move: Protect\n|move|p2b: mogus|Spore|p1b: Lycanroc\n|-activate|p1b: Lycanroc|move: Protect\n|move|p1a: Grumpig|Trick Room|p1a: Grumpig\n|-fieldstart|move: Trick Room|[of] p1a: Grumpig\n|\n|upkeep\n|turn|2\n|inactive|pizzatime3000 has 30 seconds left.\n|inactive|pizzatime3000 has 20 seconds left.\n|inactive|pizzatime3000 has 15 seconds left.\n|inactive|pizzatime3000 has 10 seconds left.\n|\n|t:|1682127982\n|switch|p1b: Torkoal|Torkoal, L50, F|100\/100\n|-weather|SunnyDay|[from] ability: Drought|[of] p1b: Torkoal\n|move|p2b: mogus|Spore|p1a: Grumpig\n|-status|p1a: Grumpig|slp|[from] move: Spore\n|move|p2a: Iron Hands|Drain Punch|p1b: Torkoal\n|-damage|p1b: Torkoal|66\/100\n|cant|p1a: Grumpig|slp\n|\n|-weather|SunnyDay|[upkeep]\n|upkeep\n|turn|3\n|inactive|pizzatime3000 has 30 seconds left.\n|inactive|pizzatime3000 has 20 seconds left.\n|inactive|pizzatime3000 has 15 seconds left.\n|inactive|pizzatime3000 has 10 seconds left.\n|\n|t:|1682128031\n|switch|p2b: Gothitelle|Gothitelle, L50, F, shiny|100\/100\n|-terastallize|p1b: Torkoal|Grass\n|cant|p1a: Grumpig|slp\n|move|p1b: Torkoal|Earth Power|p2a: Iron Hands\n|-supereffective|p2a: Iron Hands\n|-damage|p2a: Iron Hands|66\/100\n|move|p2a: Iron Hands|Wild Charge|p1b: Torkoal\n|-resisted|p1b: Torkoal\n|-damage|p1b: Torkoal|47\/100\n|-damage|p2a: Iron Hands|63\/100|[from] Recoil\n|\n|-weather|SunnyDay|[upkeep]\n|upkeep\n|turn|4\n|inactive|pizzatime3000 has 30 seconds left.\n|inactive|pizzatime3000 has 20 seconds left.\n|\n|t:|1682128067\n|-end|p2a: Iron Hands|Quark Drive|[silent]\n|switch|p2a: mogus|Amoonguss, L50, F, shiny|100\/100\n|move|p1b: Torkoal|Stone Edge|p2b: Gothitelle\n|-damage|p2b: Gothitelle|82\/100\n|move|p2b: Gothitelle|Thunder Wave|p1b: Torkoal\n|-status|p1b: Torkoal|par\n|-curestatus|p1a: Grumpig|slp|[msg]\n|move|p1a: Grumpig|Psychic|p2a: mogus\n|-supereffective|p2a: mogus\n|-damage|p2a: mogus|62\/100\n|\n|-weather|SunnyDay|[upkeep]\n|upkeep\n|turn|5\n|inactive|pizzatime3000 has 30 seconds left.\n|inactive|pizzatime3000 has 20 seconds left.\n|inactive|pizzatime3000 has 15 seconds left.\n|inactive|pizzatime3000 has 10 seconds left.\n|inactive|pizzatime3000 has 5 seconds left.\n|\n|t:|1682128118\n|switch|p2a: Iron Hands|Iron Hands, L50, shiny|63\/100\n|move|p2b: Gothitelle|Protect|p2b: Gothitelle\n|-singleturn|p2b: Gothitelle|Protect\n|move|p1b: Torkoal|Fissure|p2b: Gothitelle\n|-activate|p2b: Gothitelle|move: Protect\n|move|p1a: Grumpig|Psychic|p2a: Iron Hands\n|-supereffective|p2a: Iron Hands\n|-damage|p2a: Iron Hands|14\/100\n|\n|-weather|SunnyDay|[upkeep]\n|-fieldend|move: Trick Room\n|upkeep\n|turn|6\n|inactive|pizzatime3000 has 30 seconds left.\n|inactive|pizzatime3000 has 20 seconds left.\n|inactive|pizzatime3000 has 15 seconds left.\n|inactive|pizzatime3000 has 10 seconds left.\n|inactive|pizzatime3000 has 5 seconds left.\n|\n|t:|1682128170\n|move|p2a: Iron Hands|Detect|p2a: Iron Hands\n|-singleturn|p2a: Iron Hands|Protect\n|move|p1a: Grumpig|Psychic|p2a: Iron Hands\n|-activate|p2a: Iron Hands|move: Protect\n|move|p2b: Gothitelle|Psychic|p1b: Torkoal\n|-crit|p1b: Torkoal\n|-damage|p1b: Torkoal|2\/100 par\n|-enditem|p1b: Torkoal|Iapapa Berry|[eat]\n|-heal|p1b: Torkoal|35\/100 par|[from] item: Iapapa Berry\n|move|p1b: Torkoal|Fissure|p2b: Gothitelle|[miss]\n|-miss|p1b: Torkoal|p2b: Gothitelle\n|\n|-weather|none\n|upkeep\n|turn|7\n|inactive|pizzatime3000 has 30 seconds left.\n|inactive|pizzatime3000 has 20 seconds left.\n|\n|t:|1682128209\n|move|p1a: Grumpig|Psychic|p2a: Iron Hands\n|-supereffective|p2a: Iron Hands\n|-damage|p2a: Iron Hands|0 fnt\n|faint|p2a: Iron Hands\n|-end|p2a: Iron Hands|Quark Drive|[silent]\n|move|p2b: Gothitelle|Psychic|p1b: Torkoal\n|-damage|p1b: Torkoal|6\/100 par\n|-unboost|p1b: Torkoal|spd|1\n|cant|p1b: Torkoal|par\n|\n|upkeep\n|\n|t:|1682128216\n|switch|p2a: mogus|Amoonguss, L50, F, shiny|96\/100\n|turn|8\n|\n|t:|1682128230\n|-terastallize|p2a: mogus|Water\n|move|p1a: Grumpig|Psychic|p2a: mogus\n|-damage|p2a: mogus|77\/100\n|move|p2b: Gothitelle|Psychic|p1b: Torkoal\n|-damage|p1b: Torkoal|0 fnt\n|faint|p1b: Torkoal\n|move|p2a: mogus|Spore|p1a: Grumpig\n|-status|p1a: Grumpig|slp|[from] move: Spore\n|\n|upkeep\n|\n|t:|1682128251\n|switch|p1b: Kingambit|Kingambit, L50, M|100\/100\n|turn|9\n|inactive|pizzatime3000 has 30 seconds left.\n|\n|t:|1682128277\n|cant|p1a: Grumpig|slp\n|move|p2b: Gothitelle|Protect|p2b: Gothitelle\n|-singleturn|p2b: Gothitelle|Protect\n|move|p1b: Kingambit|Sucker Punch||[still]\n|-fail|p1b: Kingambit\n|move|p2a: mogus|Spore|p1b: Kingambit\n|-status|p1b: Kingambit|slp|[from] move: Spore\n|\n|upkeep\n|turn|10\n|inactive|pizzatime3000 has 30 seconds left.\n|\n|t:|1682128305\n|cant|p1a: Grumpig|slp\n|cant|p1b: Kingambit|slp\n|move|p2a: mogus|Pollen Puff|p2b: Gothitelle\n|-heal|p2b: Gothitelle|100\/100\n|move|p2b: Gothitelle|Trick Room|p2b: Gothitelle\n|-fieldstart|move: Trick Room|[of] p2b: Gothitelle\n|\n|upkeep\n|turn|11\n|\n|t:|1682128321\n|switch|p2a: Scream Tail|Scream Tail, L50, shiny|100\/100\n|move|p2b: Gothitelle|Psychic|p1a: Grumpig\n|-resisted|p1a: Grumpig\n|-damage|p1a: Grumpig|90\/100 slp\n|-curestatus|p1b: Kingambit|slp|[msg]\n|move|p1b: Kingambit|Kowtow Cleave|p2b: Gothitelle\n|-supereffective|p2b: Gothitelle\n|-damage|p2b: Gothitelle|29\/100\n|-enditem|p2b: Gothitelle|Sitrus Berry|[eat]\n|-heal|p2b: Gothitelle|54\/100|[from] item: Sitrus Berry\n|cant|p1a: Grumpig|slp\n|\n|upkeep\n|turn|12\n|inactive|pizzatime3000 has 30 seconds left.\n|inactive|pizzatime3000 has 20 seconds left.\n|inactive|pizzatime3000 has 15 seconds left.\n|inactive|pizzatime3000 has 10 seconds left.\n|inactive|sabertooth81 has 30 seconds left.\n|inactive|pizzatime3000 has 5 seconds left.\n|\n|t:|1682128362\n|move|p2b: Gothitelle|Protect|p2b: Gothitelle\n|-singleturn|p2b: Gothitelle|Protect\n|-curestatus|p1a: Grumpig|slp|[msg]\n|move|p1a: Grumpig|Protect|p1a: Grumpig\n|-singleturn|p1a: Grumpig|Protect\n|move|p2a: Scream Tail|Perish Song|p2a: Scream Tail\n|-start|p1a: Grumpig|perish3|[silent]\n|-start|p1b: Kingambit|perish3|[silent]\n|-start|p2a: Scream Tail|perish3|[silent]\n|-start|p2b: Gothitelle|perish3|[silent]\n|-fieldactivate|move: Perish Song\n|move|p1b: Kingambit|Kowtow Cleave|p2b: Gothitelle\n|-activate|p2b: Gothitelle|move: Protect\n|\n|-start|p2a: Scream Tail|perish3\n|-start|p2b: Gothitelle|perish3\n|-start|p1b: Kingambit|perish3\n|-start|p1a: Grumpig|perish3\n|upkeep\n|turn|13\n|inactive|pizzatime3000 has 5 seconds left this turn.\n|-message|pizzatime3000 lost due to inactivity.\n|\n|win|sabertooth81\n|raw|pizzatime3000's rating: 1003 → 1000<\/strong> (-3 for losing)\n|raw|sabertooth81's rating: 1041 → 1071<\/strong> (+30 for winning)\n|c|\u2606sabertooth81|nice\n|l|\u2606pizzatime3000\n","uploadtime":1682128403,"views":8,"p1id":"pizzatime3000","p2id":"sabertooth81","formatid":"gen9vgc2023regulationc","rating":1000,"private":0,"password":""}