{"id":"gen9vgc2023regulationc-1859698009","p1":"BMDL_Champ_Phenix","p2":"jennjarrett","format":"[Gen 9] VGC 2023 Regulation C","log":"|j|\u2606BMDL_Champ_Phenix\n|j|\u2606jennjarrett\n|t:|1683557041\n|gametype|doubles\n|player|p1|BMDL_Champ_Phenix|steven|\n|player|p2|jennjarrett|266|\n|teamsize|p1|6\n|teamsize|p2|6\n|gen|9\n|tier|[Gen 9] VGC 2023 Regulation C\n|rule|Species Clause: Limit one of each Pok\u00e9mon\n|rule|Item Clause: Limit one of each item\n|clearpoke\n|poke|p1|Iron Valiant, L50|\n|poke|p1|Tinkaton, L50, F|\n|poke|p1|Morgrem, L50, M|\n|poke|p1|Dudunsparce-*, L50, M|\n|poke|p1|Scovillain, L50, M|\n|poke|p1|Murkrow, L50, M|\n|poke|p2|Scream Tail, L50|\n|poke|p2|Hariyama, L50, M|\n|poke|p2|Hatterene, L50, F|\n|poke|p2|Toedscruel, L50, M|\n|poke|p2|Rotom-Fan, L50|\n|poke|p2|Cryogonal, L50|\n|teampreview|4\n|c|\u2606BMDL_Champ_Phenix|Game 1\n|c|\u2606jennjarrett|GLHF!!!\n|c|\u2606jennjarrett|i'm so hyped lol\n|c|\u2606BMDL_Champ_Phenix|Same to you for Extra memes I'm muting showdown music and putting on Megalovania\n|c|\u2606jennjarrett|LOL that's perfect\n|\n|t:|1683557175\n|start\n|switch|p1a: Leonardo|Iron Valiant, L50|100\/100\n|switch|p1b: YOLO|Morgrem, L50, M|100\/100\n|switch|p2a: Millinery|Hatterene, L50, F|100\/100\n|switch|p2b: Booper|Hariyama, L50, M|100\/100\n|-enditem|p1a: Leonardo|Booster Energy\n|-activate|p1a: Leonardo|ability: Quark Drive|[fromitem]\n|-start|p1a: Leonardo|quarkdriveatk\n|turn|1\n|\n|t:|1683557191\n|move|p1b: YOLO|Metronome|p1b: YOLO\n|move|p1b: YOLO|Wish|p1b: YOLO|[from]move: Metronome\n|move|p1a: Leonardo|Metronome|p1a: Leonardo\n|move|p1a: Leonardo|Scald|p2a: Millinery|[from]move: Metronome\n|-damage|p2a: Millinery|75\/100\n|move|p2b: Booper|Metronome|p2b: Booper\n|move|p2b: Booper|Poison Powder|p1a: Leonardo|[from]move: Metronome|[miss]\n|-miss|p2b: Booper|p1a: Leonardo\n|move|p2a: Millinery|Metronome|p2a: Millinery\n|move|p2a: Millinery|Amnesia|p2a: Millinery|[from]move: Metronome\n|-boost|p2a: Millinery|spd|2\n|\n|-heal|p2a: Millinery|82\/100|[from] item: Leftovers\n|upkeep\n|turn|2\n|\n|t:|1683557206\n|move|p1b: YOLO|Metronome|p1b: YOLO\n|move|p1b: YOLO|No Retreat|p1b: YOLO|[from]move: Metronome\n|-boost|p1b: YOLO|atk|1\n|-boost|p1b: YOLO|def|1\n|-boost|p1b: YOLO|spa|1\n|-boost|p1b: YOLO|spd|1\n|-boost|p1b: YOLO|spe|1\n|-enditem|p2b: Booper|Mirror Herb\n|-boost|p2b: Booper|atk|1|[from] item: Mirror Herb\n|-boost|p2b: Booper|def|1|[from] item: Mirror Herb\n|-boost|p2b: Booper|spa|1|[from] item: Mirror Herb\n|-boost|p2b: Booper|spd|1|[from] item: Mirror Herb\n|-boost|p2b: Booper|spe|1|[from] item: Mirror Herb\n|-start|p1b: YOLO|move: No Retreat\n|move|p1a: Leonardo|Metronome|p1a: Leonardo\n|move|p1a: Leonardo|Dragon Tail|p2b: Booper|[from]move: Metronome\n|-damage|p2b: Booper|80\/100\n|drag|p2b: Bluster Buster|Rotom-Fan, L50|100\/100\n|move|p2a: Millinery|Metronome|p2a: Millinery\n|move|p2a: Millinery|Seed Bomb|p1a: Leonardo|[from]move: Metronome\n|-damage|p1a: Leonardo|80\/100\n|\n|-heal|p2a: Millinery|88\/100|[from] item: Leftovers\n|upkeep\n|turn|3\n|c|\u2606jennjarrett|LOL quit setting up! XD\n|\n|t:|1683557229\n|move|p1b: YOLO|Metronome|p1b: YOLO\n|move|p1b: YOLO|Reflect Type|p2b: Bluster Buster|[from]move: Metronome\n|-start|p1b: YOLO|typechange|[from] move: Reflect Type|[of] p2b: Bluster Buster\n|move|p2b: Bluster Buster|Reflect|p2b: Bluster Buster\n|-sidestart|p2: jennjarrett|Reflect\n|move|p1a: Leonardo|Metronome|p1a: Leonardo\n|move|p1a: Leonardo|Magic Powder|p2a: Millinery|[from]move: Metronome\n|move|p2a: Millinery|Magic Powder|p1a: Leonardo|[from]ability: Magic Bounce\n|-start|p1a: Leonardo|typechange|Psychic\n|move|p2a: Millinery|Metronome|p2a: Millinery\n|move|p2a: Millinery|Overheat|p1b: YOLO|[from]move: Metronome\n|-damage|p1b: YOLO|74\/100\n|-unboost|p2a: Millinery|spa|2\n|\n|-heal|p2a: Millinery|94\/100|[from] item: Leftovers\n|upkeep\n|-start|p1b: YOLO|typechange|Electric\/Flying|[silent]\n|turn|4\n|\n|t:|1683557246\n|move|p2b: Bluster Buster|Helping Hand|p2a: Millinery\n|-singleturn|p2a: Millinery|Helping Hand|[of] p2b: Bluster Buster\n|move|p1b: YOLO|Metronome|p1b: YOLO\n|move|p1b: YOLO|Seed Bomb|p2a: Millinery|[from]move: Metronome\n|-damage|p2a: Millinery|82\/100\n|move|p1a: Leonardo|Metronome|p1a: Leonardo\n|move|p1a: Leonardo|Dragon Darts|p2b: Bluster Buster|[from]move: Metronome\n|-damage|p2b: Bluster Buster|84\/100\n|-anim|p1a: Leonardo|Dragon Darts|p2b: Bluster Buster\n|-damage|p2b: Bluster Buster|68\/100\n|move|p2a: Millinery|Metronome|p2a: Millinery\n|move|p2a: Millinery|Draco Meteor|p1b: YOLO|[from]move: Metronome\n|-damage|p1b: YOLO|52\/100\n|-unboost|p2a: Millinery|spa|2\n|\n|-heal|p2a: Millinery|88\/100|[from] item: Leftovers\n|upkeep\n|turn|5\n|\n|t:|1683557269\n|move|p2b: Bluster Buster|Protect|p2b: Bluster Buster\n|-singleturn|p2b: Bluster Buster|Protect\n|move|p1b: YOLO|Metronome|p1b: YOLO\n|move|p1b: YOLO|Parabolic Charge|p2b: Bluster Buster|[from]move: Metronome|[spread] p1a,p2a\n|-activate|p2b: Bluster Buster|move: Protect\n|-damage|p1a: Leonardo|23\/100\n|-heal|p1b: YOLO|76\/100|[from] drain|[of] p1a: Leonardo\n|-damage|p2a: Millinery|75\/100\n|-heal|p1b: YOLO|82\/100|[from] drain|[of] p2a: Millinery\n|move|p1a: Leonardo|Metronome|p1a: Leonardo\n|move|p1a: Leonardo|Gigaton Hammer|p2b: Bluster Buster|[from]move: Metronome\n|-activate|p2b: Bluster Buster|move: Protect\n|move|p2a: Millinery|Metronome|p2a: Millinery\n|move|p2a: Millinery|Roost|p2a: Millinery|[from]move: Metronome\n|-heal|p2a: Millinery|100\/100\n|-singleturn|p2a: Millinery|move: Roost\n|\n|upkeep\n|turn|6\n|\n|t:|1683557288\n|move|p2b: Bluster Buster|Helping Hand|p2a: Millinery\n|-singleturn|p2a: Millinery|Helping Hand|[of] p2b: Bluster Buster\n|move|p1b: YOLO|Metronome|p1b: YOLO\n|move|p1b: YOLO|Venoshock|p2a: Millinery|[from]move: Metronome\n|-supereffective|p2a: Millinery\n|-damage|p2a: Millinery|75\/100\n|move|p1a: Leonardo|Metronome|p1a: Leonardo\n|move|p1a: Leonardo|Bulk Up|p1a: Leonardo|[from]move: Metronome\n|-boost|p1a: Leonardo|atk|1\n|-boost|p1a: Leonardo|def|1\n|move|p2a: Millinery|Metronome|p2a: Millinery\n|move|p2a: Millinery|Retaliate|p1b: YOLO|[from]move: Metronome\n|-damage|p1b: YOLO|64\/100\n|\n|-heal|p2a: Millinery|81\/100|[from] item: Leftovers\n|upkeep\n|turn|7\n|\n|t:|1683557310\n|move|p2b: Bluster Buster|Helping Hand|p2a: Millinery\n|-singleturn|p2a: Millinery|Helping Hand|[of] p2b: Bluster Buster\n|move|p1b: YOLO|Metronome|p1b: YOLO\n|move|p1b: YOLO|Skitter Smack|p2b: Bluster Buster|[from]move: Metronome\n|-resisted|p2b: Bluster Buster\n|-damage|p2b: Bluster Buster|62\/100\n|move|p1a: Leonardo|Metronome|p1a: Leonardo\n|move|p1a: Leonardo|Wrap|p2b: Bluster Buster|[from]move: Metronome\n|-damage|p2b: Bluster Buster|54\/100\n|-activate|p2b: Bluster Buster|move: Wrap|[of] p1a: Leonardo\n|move|p2a: Millinery|Metronome|p2a: Millinery\n|move|p2a: Millinery|Sucker Punch||[from]move: Metronome|[still]\n|-fail|p2a: Millinery\n|\n|-heal|p2a: Millinery|87\/100|[from] item: Leftovers\n|-damage|p2b: Bluster Buster|42\/100|[from] move: Wrap|[partiallytrapped]\n|-sideend|p2: jennjarrett|Reflect\n|upkeep\n|turn|8\n|\n|t:|1683557329\n|move|p1b: YOLO|Metronome|p1b: YOLO\n|move|p1b: YOLO|Vine Whip|p2b: Bluster Buster|[from]move: Metronome\n|-resisted|p2b: Bluster Buster\n|-damage|p2b: Bluster Buster|37\/100\n|move|p2b: Bluster Buster|Air Slash|p1a: Leonardo\n|-damage|p1a: Leonardo|0 fnt\n|faint|p1a: Leonardo\n|-end|p1a: Leonardo|Quark Drive|[silent]\n|move|p2a: Millinery|Metronome|p2a: Millinery\n|move|p2a: Millinery|Headbutt|p1b: YOLO|[from]move: Metronome\n|-damage|p1b: YOLO|52\/100\n|\n|-heal|p2a: Millinery|93\/100|[from] item: Leftovers\n|-end|p2b: Bluster Buster|Wrap|[partiallytrapped]|[silent]\n|upkeep\n|\n|t:|1683557342\n|switch|p1a: Pythor|Dudunsparce-Three-Segment, L50, M|100\/100\n|turn|9\n|\n|t:|1683557349\n|move|p2b: Bluster Buster|Protect|p2b: Bluster Buster\n|-singleturn|p2b: Bluster Buster|Protect\n|move|p1b: YOLO|Metronome|p1b: YOLO\n|move|p1b: YOLO|Fairy Lock|p1b: YOLO|[from]move: Metronome\n|-fieldactivate|move: Fairy Lock\n|move|p1a: Pythor|Coil|p1a: Pythor\n|-boost|p1a: Pythor|atk|1\n|-boost|p1a: Pythor|def|1\n|-boost|p1a: Pythor|accuracy|1\n|move|p2a: Millinery|Metronome|p2a: Millinery\n|move|p2a: Millinery|Weather Ball|p1a: Pythor|[from]move: Metronome\n|-damage|p1a: Pythor|95\/100\n|\n|-heal|p2a: Millinery|99\/100|[from] item: Leftovers\n|upkeep\n|turn|10\n|\n|t:|1683557370\n|-terastallize|p1a: Pythor|Ghost\n|move|p1b: YOLO|Metronome|p1b: YOLO\n|move|p1b: YOLO|Struggle Bug|p2a: Millinery|[from]move: Metronome|[spread] p2a,p2b\n|-resisted|p2b: Bluster Buster\n|-damage|p2a: Millinery|93\/100\n|-damage|p2b: Bluster Buster|29\/100\n|-unboost|p2a: Millinery|spa|1\n|move|p2b: Bluster Buster|Reflect|p2b: Bluster Buster\n|-sidestart|p2: jennjarrett|Reflect\n|move|p1a: Pythor|Tera Blast|p2a: Millinery\n|-supereffective|p2a: Millinery\n|-damage|p2a: Millinery|21\/100\n|move|p2a: Millinery|Metronome|p2a: Millinery\n|move|p2a: Millinery|Fire Lash|p1b: YOLO|[from]move: Metronome\n|-damage|p1b: YOLO|38\/100\n|-unboost|p1b: YOLO|def|1\n|\n|-heal|p2a: Millinery|27\/100|[from] item: Leftovers\n|upkeep\n|turn|11\n|\n|t:|1683557396\n|-terastallize|p2a: Millinery|Grass\n|move|p2b: Bluster Buster|Protect|p2b: Bluster Buster\n|-singleturn|p2b: Bluster Buster|Protect\n|move|p1b: YOLO|Metronome|p1b: YOLO\n|move|p1b: YOLO|Fairy Lock|p1b: YOLO|[from]move: Metronome\n|-fieldactivate|move: Fairy Lock\n|move|p1a: Pythor|Body Press|p2b: Bluster Buster\n|-activate|p2b: Bluster Buster|move: Protect\n|move|p2a: Millinery|Metronome|p2a: Millinery\n|move|p2a: Millinery|Tearful Look|p1a: Pythor|[from]move: Metronome\n|-unboost|p1a: Pythor|atk|1\n|-unboost|p1a: Pythor|spa|1\n|\n|-heal|p2a: Millinery|33\/100|[from] item: Leftovers\n|upkeep\n|turn|12\n|\n|t:|1683557415\n|move|p1b: YOLO|Metronome|p1b: YOLO\n|move|p1b: YOLO|Poison Jab|p2a: Millinery|[from]move: Metronome\n|-supereffective|p2a: Millinery\n|-damage|p2a: Millinery|11\/100\n|move|p2b: Bluster Buster|Air Slash|p1a: Pythor\n|-damage|p1a: Pythor|70\/100\n|move|p1a: Pythor|Coil|p1a: Pythor\n|-boost|p1a: Pythor|atk|1\n|-boost|p1a: Pythor|def|1\n|-boost|p1a: Pythor|accuracy|1\n|move|p2a: Millinery|Metronome|p2a: Millinery\n|move|p2a: Millinery|Outrage|p1b: YOLO|[from]move: Metronome\n|-damage|p1b: YOLO|6\/100\n|\n|-heal|p2a: Millinery|18\/100|[from] item: Leftovers\n|upkeep\n|turn|13\n|\n|t:|1683557436\n|move|p1b: YOLO|Metronome|p1b: YOLO\n|move|p1b: YOLO|Ice Punch|p2b: Bluster Buster|[from]move: Metronome\n|-supereffective|p2b: Bluster Buster\n|-damage|p2b: Bluster Buster|3\/100\n|move|p2b: Bluster Buster|Air Slash|p1a: Pythor\n|-damage|p1a: Pythor|44\/100\n|move|p1a: Pythor|Body Press|p2a: Millinery\n|-damage|p2a: Millinery|0 fnt\n|faint|p2a: Millinery\n|\n|upkeep\n|\n|t:|1683557445\n|switch|p2a: Rotund|Scream Tail, L50|100\/100\n|turn|14\n|\n|t:|1683557455\n|move|p1b: YOLO|Metronome|p1b: YOLO\n|move|p1b: YOLO|Wildbolt Storm|p2a: Rotund|[from]move: Metronome|[spread] p2a,p2b\n|-damage|p2a: Rotund|69\/100\n|-damage|p2b: Bluster Buster|0 fnt\n|-status|p2a: Rotund|par\n|faint|p2b: Bluster Buster\n|cant|p2a: Rotund|par\n|move|p1a: Pythor|Last Resort|p2a: Rotund\n|-damage|p2a: Rotund|8\/100 par\n|\n|-sideend|p2: jennjarrett|Reflect\n|upkeep\n|\n|t:|1683557465\n|switch|p2b: Booper|Hariyama, L50, M|80\/100\n|turn|15\n|\n|t:|1683557472\n|move|p1b: YOLO|Metronome|p1b: YOLO\n|move|p1b: YOLO|Heart Swap|p2b: Booper|[from]move: Metronome\n|-swapboost|p1b: YOLO|p2b: Booper|[from] move: Heart Swap\n|move|p2a: Rotund|Metronome|p2a: Rotund\n|move|p2a: Rotund|Weather Ball|p1a: Pythor|[from]move: Metronome\n|-immune|p1a: Pythor\n|move|p2b: Booper|Metronome|p2b: Booper\n|move|p2b: Booper|Cross Poison|p1b: YOLO|[from]move: Metronome\n|-damage|p1b: YOLO|0 fnt\n|faint|p1b: YOLO\n|move|p1a: Pythor|Last Resort|p2b: Booper\n|-damage|p2b: Booper|0 fnt\n|faint|p2b: Booper\n|\n|upkeep\n|\n|t:|1683557487\n|switch|p1b: Nevermore|Murkrow, L50, M|100\/100\n|turn|16\n|\n|t:|1683557491\n|move|p1b: Nevermore|Foul Play|p2a: Rotund\n|-damage|p2a: Rotund|0 fnt\n|faint|p2a: Rotund\n|-end|p2a: Rotund|Protosynthesis|[silent]\n|\n|win|BMDL_Champ_Phenix\n|c|\u2606jennjarrett|GGs!\n|c|\u2606BMDL_Champ_Phenix|gg\n","uploadtime":1683557501,"views":7,"p1id":"bmdlchampphenix","p2id":"jennjarrett","formatid":"gen9vgc2023regulationc","rating":0,"private":0,"password":""}