{"id":"gen9vgc2023regulationc-1852262576","p1":"ChossyVGC","p2":"OneWithTheSnom","format":"[Gen 9] VGC 2023 Regulation C","log":"|j|\u2606ChossyVGC\n|j|\u2606OneWithTheSnom\n|t:|1682537904\n|gametype|doubles\n|player|p1|ChossyVGC|veteran|1113\n|player|p2|OneWithTheSnom|gladion|1161\n|teamsize|p1|6\n|teamsize|p2|6\n|gen|9\n|tier|[Gen 9] VGC 2023 Regulation C\n|rated|\n|rule|Species Clause: Limit one of each Pok\u00e9mon\n|rule|Item Clause: Limit one of each item\n|clearpoke\n|poke|p1|Tatsugiri, L50, M|\n|poke|p1|Slowbro, L50, F|\n|poke|p1|Bronzong, L50|\n|poke|p1|Lycanroc-Midnight, L50, M|\n|poke|p1|Dondozo, L50, M|\n|poke|p1|Garganacl, L50, M|\n|poke|p2|Scizor, L50, F|\n|poke|p2|Ting-Lu, L50|\n|poke|p2|Sylveon, L50, F|\n|poke|p2|Iron Hands, L50|\n|poke|p2|Palafin, L50, M|\n|poke|p2|Skeledirge, L50, M|\n|teampreview|4\n|inactive|Battle timer is ON: inactive players will automatically lose when time's up. (requested by OneWithTheSnom)\nOneWithTheSnom has agreed to open team sheets.\n|inactive|ChossyVGC has 60 seconds left.\n|inactive|OneWithTheSnom has 60 seconds left.\n|\n|t:|1682537942\n|start\n|switch|p1a: Itzamna|Slowbro, L50, F, shiny|100\/100\n|switch|p1b: Ah-Uaynih|Bronzong, L50, shiny|100\/100\n|switch|p2a: Palafin|Palafin, L50, M, shiny|100\/100\n|switch|p2b: Skeledirge|Skeledirge, L50, M|100\/100\n|turn|1\n|\n|t:|1682537967\n|detailschange|p2a: Palafin|Palafin-Hero, L50, M, shiny\n|switch|p2a: Iron Hands|Iron Hands, L50|100\/100\n|-terastallize|p1a: Itzamna|Normal\n|move|p2b: Skeledirge|Protect|p2b: Skeledirge\n|-singleturn|p2b: Skeledirge|Protect\n|move|p1b: Ah-Uaynih|Gravity|p1b: Ah-Uaynih\n|-fieldstart|move: Gravity\n|move|p1a: Itzamna|Trick Room|p1a: Itzamna\n|-fieldstart|move: Trick Room|[of] p1a: Itzamna\n|\n|upkeep\n|turn|2\n|\n|t:|1682537991\n|move|p2a: Iron Hands|Fake Out|p1a: Itzamna\n|-crit|p1a: Itzamna\n|-damage|p1a: Itzamna|83\/100\n|cant|p1a: Itzamna|flinch\n|move|p1b: Ah-Uaynih|Hypnosis|p2a: Iron Hands\n|-status|p2a: Iron Hands|slp|[from] move: Hypnosis\n|move|p2b: Skeledirge|Torch Song|p1b: Ah-Uaynih\n|-supereffective|p1b: Ah-Uaynih\n|-damage|p1b: Ah-Uaynih|69\/100\n|-boost|p2b: Skeledirge|spa|1\n|\n|upkeep\n|turn|3\n|inactive|ChossyVGC has 30 seconds left.\n|\n|t:|1682538017\n|switch|p1a: Ah-Puch|Lycanroc-Midnight, L50, M, shiny|100\/100\n|move|p2b: Skeledirge|Protect|p2b: Skeledirge\n|-singleturn|p2b: Skeledirge|Protect\n|move|p1b: Ah-Uaynih|Skill Swap|p1a: Ah-Puch\n|-activate|p1b: Ah-Uaynih|move: Skill Swap|||[of] p1a: Ah-Puch\n|cant|p2a: Iron Hands|slp\n|\n|upkeep\n|turn|4\n|inactive|OneWithTheSnom has 30 seconds left.\n|\n|t:|1682538047\n|-terastallize|p2b: Skeledirge|Grass\n|move|p1b: Ah-Uaynih|Hypnosis|p2b: Skeledirge\n|-status|p2b: Skeledirge|slp|[from] move: Hypnosis\n|cant|p2a: Iron Hands|slp\n|cant|p2b: Skeledirge|slp\n|move|p1a: Ah-Puch|Charm|p2a: Iron Hands\n|-unboost|p2a: Iron Hands|atk|2\n|\n|upkeep\n|turn|5\n|inactive|OneWithTheSnom has 30 seconds left.\n|\n|t:|1682538073\n|-end|p2a: Iron Hands|Quark Drive|[silent]\n|switch|p2a: Palafin|Palafin-Hero, L50, M, shiny|100\/100\n|-activate|p2a: Palafin|ability: Zero to Hero\n|switch|p1a: Tlacolotl|Dondozo, L50, M|100\/100\n|move|p1b: Ah-Uaynih|Skill Swap|p1a: Tlacolotl\n|-activate|p1b: Ah-Uaynih|move: Skill Swap|||[of] p1a: Tlacolotl\n|cant|p2b: Skeledirge|slp\n|\n|-fieldend|move: Trick Room\n|-fieldend|move: Gravity\n|upkeep\n|turn|6\n|inactive|OneWithTheSnom has 30 seconds left.\n|\n|t:|1682538102\n|cant|p2b: Skeledirge|slp\n|move|p2a: Palafin|Jet Punch|p1b: Ah-Uaynih\n|-damage|p1b: Ah-Uaynih|23\/100\n|move|p1a: Tlacolotl|Fissure|p2a: Palafin\n|-damage|p2a: Palafin|0 fnt\n|faint|p2a: Palafin\n|-ohko\n|move|p1b: Ah-Uaynih|Trick Room|p1b: Ah-Uaynih\n|-fieldstart|move: Trick Room|[of] p1b: Ah-Uaynih\n|\n|upkeep\n|\n|t:|1682538110\n|switch|p2a: Iron Hands|Iron Hands, L50|100\/100 slp\n|turn|7\n|\n|t:|1682538122\n|-curestatus|p2a: Iron Hands|slp|[msg]\n|move|p2a: Iron Hands|Fake Out|p1a: Tlacolotl\n|-damage|p1a: Tlacolotl|91\/100\n|move|p1b: Ah-Uaynih|Hypnosis|p2a: Iron Hands\n|-status|p2a: Iron Hands|slp|[from] move: Hypnosis\n|cant|p1a: Tlacolotl|flinch\n|-curestatus|p2b: Skeledirge|slp|[msg]\n|move|p2b: Skeledirge|Tera Blast|p1a: Tlacolotl\n|-supereffective|p1a: Tlacolotl\n|-damage|p1a: Tlacolotl|0 fnt\n|faint|p1a: Tlacolotl\n|\n|upkeep\n|c|\u2606ChossyVGC|:|\n|\n|t:|1682538144\n|switch|p1a: Itzamna|Slowbro, L50, F, shiny, tera:Normal|83\/100\n|turn|8\n|\n|t:|1682538160\n|move|p1a: Itzamna|Heal Pulse|p1b: Ah-Uaynih\n|-heal|p1b: Ah-Uaynih|73\/100\n|move|p1b: Ah-Uaynih|Gravity|p1b: Ah-Uaynih\n|-fieldstart|move: Gravity\n|cant|p2a: Iron Hands|slp\n|move|p2b: Skeledirge|Torch Song|p1b: Ah-Uaynih\n|-supereffective|p1b: Ah-Uaynih\n|-damage|p1b: Ah-Uaynih|0 fnt\n|-boost|p2b: Skeledirge|spa|1\n|faint|p1b: Ah-Uaynih\n|\n|upkeep\n|-message|ChossyVGC forfeited.\n|\n|win|OneWithTheSnom\n|raw|ChossyVGC's rating: 1113 → 1091<\/strong> (-22 for losing)\n|raw|OneWithTheSnom's rating: 1161 → 1183<\/strong> (+22 for winning)\n|l|\u2606ChossyVGC\n","uploadtime":1682538171,"views":8,"p1id":"chossyvgc","p2id":"onewiththesnom","formatid":"gen9vgc2023regulationc","rating":1091,"private":0,"password":""}