{"id":"gen9vgc2023regulationc-1849038885","p1":"kinohara","p2":"leafyarrow","format":"[Gen 9] VGC 2023 Regulation C","log":"|j|\u2606kinohara\n|j|\u2606leafyarrow\n|t:|1682143352\n|gametype|doubles\n|player|p1|kinohara|acetrainerf|\n|player|p2|leafyarrow|leaf-masters|\n|teamsize|p1|6\n|teamsize|p2|6\n|gen|9\n|tier|[Gen 9] VGC 2023 Regulation C\n|rule|Species Clause: Limit one of each Pok\u00e9mon\n|rule|Item Clause: Limit one of each item\n|clearpoke\n|poke|p1|Iron Hands, L50|\n|poke|p1|Amoonguss, L50, F|\n|poke|p1|Pelipper, L50, F|\n|poke|p1|Palafin, L50, F|\n|poke|p1|Baxcalibur, L50, F|\n|poke|p1|Dragonite, L50, F|\n|poke|p2|Flutter Mane, L50|\n|poke|p2|Palafin, L50, M|\n|poke|p2|Amoonguss, L50, M|\n|poke|p2|Ting-Lu, L50|\n|poke|p2|Arcanine, L50, M|\n|poke|p2|Jolteon, L50, F|\n|teampreview|4\nleafyarrow has agreed to open team sheets.\nkinohara has agreed to open team sheets.\n|\n|t:|1682143401\n|start\n|switch|p1a: Maradona|Iron Hands, L50, shiny|100\/100\n|switch|p1b: Torqoise|Palafin, L50, F|100\/100\n|switch|p2a: Arcanine|Arcanine, L50, M|100\/100\n|switch|p2b: Flutter Mane|Flutter Mane, L50|100\/100\n|-ability|p2a: Arcanine|Intimidate|boost\n|-unboost|p1a: Maradona|atk|1\n|-unboost|p1b: Torqoise|atk|1\n|turn|1\n|\n|t:|1682143451\n|switch|p2a: Amoonguss|Amoonguss, L50, M|100\/100\n|detailschange|p1b: Torqoise|Palafin-Hero, L50, F\n|switch|p1b: BlockBuster|Baxcalibur, L50, F|100\/100\n|-terastallize|p2b: Flutter Mane|Fairy\n|move|p2b: Flutter Mane|Moonblast|p1a: Maradona\n|-supereffective|p1a: Maradona\n|-damage|p1a: Maradona|13\/100\n|move|p1a: Maradona|Volt Switch|p2b: Flutter Mane\n|-damage|p2b: Flutter Mane|87\/100\n|\n|t:|1682143467\n|-end|p1a: Maradona|Quark Drive|[silent]\n|switch|p1a: Shrom41Mor|Amoonguss, L50, F|100\/100|[from] Volt Switch\n|\n|upkeep\n|turn|2\n|\n|t:|1682143503\n|-end|p2b: Flutter Mane|Protosynthesis|[silent]\n|switch|p2b: Arcanine|Arcanine, L50, M|100\/100\n|-ability|p2b: Arcanine|Intimidate|boost\n|-unboost|p1a: Shrom41Mor|atk|1\n|-unboost|p1b: BlockBuster|atk|1\n|move|p1b: BlockBuster|Icicle Crash|p2a: Amoonguss\n|-supereffective|p2a: Amoonguss\n|-damage|p2a: Amoonguss|46\/100\n|-enditem|p2a: Amoonguss|Sitrus Berry|[eat]\n|-heal|p2a: Amoonguss|71\/100|[from] item: Sitrus Berry\n|move|p2a: Amoonguss|Spore|p1b: BlockBuster\n|-status|p1b: BlockBuster|slp|[from] move: Spore\n|move|p1a: Shrom41Mor|Pollen Puff|p2a: Amoonguss\n|-damage|p2a: Amoonguss|56\/100\n|\n|upkeep\n|turn|3\n|\n|t:|1682143521\n|switch|p2a: Jolteon|Jolteon, L50, F|100\/100\n|move|p1a: Shrom41Mor|Protect|p1a: Shrom41Mor\n|-singleturn|p1a: Shrom41Mor|Protect\n|cant|p1b: BlockBuster|slp\n|move|p2b: Arcanine|Flare Blitz|p1a: Shrom41Mor\n|-activate|p1a: Shrom41Mor|move: Protect\n|\n|upkeep\n|turn|4\n|\n|t:|1682143552\n|switch|p1a: Maradona|Iron Hands, L50, shiny|13\/100\n|move|p2a: Jolteon|Baby-Doll Eyes|p1b: BlockBuster\n|-unboost|p1b: BlockBuster|atk|1\n|move|p2b: Arcanine|Flare Blitz|p1a: Maradona\n|-damage|p1a: Maradona|0 fnt\n|faint|p1a: Maradona\n|-end|p1a: Maradona|Quark Drive|[silent]\n|-damage|p2b: Arcanine|95\/100|[from] Recoil\n|cant|p1b: BlockBuster|slp\n|\n|upkeep\n|\n|t:|1682143563\n|switch|p1a: Torqoise|Palafin-Hero, L50, F|100\/100\n|-activate|p1a: Torqoise|ability: Zero to Hero\n|turn|5\n|\n|t:|1682143579\n|switch|p1b: Shrom41Mor|Amoonguss, L50, F|100\/100\n|move|p1a: Torqoise|Protect|p1a: Torqoise\n|-singleturn|p1a: Torqoise|Protect\n|move|p2a: Jolteon|Baby-Doll Eyes|p1a: Torqoise\n|-activate|p1a: Torqoise|move: Protect\n|move|p2b: Arcanine|Will-O-Wisp|p1a: Torqoise\n|-activate|p1a: Torqoise|move: Protect\n|\n|upkeep\n|turn|6\n|\n|t:|1682143603\n|switch|p2b: Amoonguss|Amoonguss, L50, M|89\/100\n|switch|p1b: BlockBuster|Baxcalibur, L50, F|100\/100 slp\n|-terastallize|p1a: Torqoise|Water\n|move|p2a: Jolteon|Fake Tears|p1b: BlockBuster\n|-unboost|p1b: BlockBuster|spd|2\n|move|p1a: Torqoise|Wave Crash|p2b: Amoonguss\n|-resisted|p2b: Amoonguss\n|-damage|p2b: Amoonguss|35\/100\n|-damage|p1a: Torqoise|81\/100|[from] Recoil\n|\n|upkeep\n|turn|7\n|\n|t:|1682143648\n|switch|p1a: Shrom41Mor|Amoonguss, L50, F|100\/100\n|move|p2b: Amoonguss|Protect|p2b: Amoonguss\n|-singleturn|p2b: Amoonguss|Protect\n|move|p2a: Jolteon|Thunderbolt|p1a: Shrom41Mor\n|-resisted|p1a: Shrom41Mor\n|-damage|p1a: Shrom41Mor|85\/100\n|-curestatus|p1b: BlockBuster|slp|[msg]\n|move|p1b: BlockBuster|Glaive Rush|p2a: Jolteon\n|-enditem|p2a: Jolteon|Focus Sash\n|-damage|p2a: Jolteon|1\/100\n|-singlemove|p1b: BlockBuster|Glaive Rush|[silent]\n|\n|upkeep\n|turn|8\n|\n|t:|1682143684\n|switch|p2b: Arcanine|Arcanine, L50, M|95\/100\n|-ability|p2b: Arcanine|Intimidate|boost\n|-unboost|p1a: Shrom41Mor|atk|1\n|-unboost|p1b: BlockBuster|atk|1\n|move|p1a: Shrom41Mor|Rage Powder|p1a: Shrom41Mor\n|-singleturn|p1a: Shrom41Mor|move: Rage Powder\n|move|p2a: Jolteon|Thunderbolt|p1a: Shrom41Mor\n|-resisted|p1a: Shrom41Mor\n|-damage|p1a: Shrom41Mor|70\/100\n|-status|p1a: Shrom41Mor|par\n|move|p1b: BlockBuster|Icicle Crash|p2b: Arcanine\n|-resisted|p2b: Arcanine\n|-damage|p2b: Arcanine|78\/100\n|\n|upkeep\n|turn|9\n|\n|t:|1682143716\n|switch|p2a: Amoonguss|Amoonguss, L50, M|68\/100\n|cant|p1a: Shrom41Mor|par\n|move|p2b: Arcanine|Flare Blitz|p1a: Shrom41Mor\n|-supereffective|p1a: Shrom41Mor\n|-damage|p1a: Shrom41Mor|0 fnt\n|faint|p1a: Shrom41Mor\n|-damage|p2b: Arcanine|52\/100|[from] Recoil\n|move|p1b: BlockBuster|Glaive Rush|p2b: Arcanine\n|-damage|p2b: Arcanine|0 fnt\n|-singlemove|p1b: BlockBuster|Glaive Rush|[silent]\n|faint|p2b: Arcanine\n|\n|upkeep\n|\n|t:|1682143739\n|switch|p2b: Flutter Mane|Flutter Mane, L50, tera:Fairy|87\/100\n|switch|p1a: Torqoise|Palafin-Hero, L50, F, tera:Water|81\/100\n|turn|10\n|\n|t:|1682143755\n|move|p1a: Torqoise|Protect|p1a: Torqoise\n|-singleturn|p1a: Torqoise|Protect\n|move|p1b: BlockBuster|Protect|p1b: BlockBuster\n|-singleturn|p1b: BlockBuster|Protect\n|move|p2a: Amoonguss|Rage Powder|p2a: Amoonguss\n|-singleturn|p2a: Amoonguss|move: Rage Powder\n|move|p2b: Flutter Mane|Dazzling Gleam|p1b: BlockBuster|[spread] \n|-activate|p1a: Torqoise|move: Protect\n|-activate|p1b: BlockBuster|move: Protect\n|\n|upkeep\n|turn|11\n|\n|t:|1682143781\n|move|p2a: Amoonguss|Rage Powder|p2a: Amoonguss\n|-singleturn|p2a: Amoonguss|move: Rage Powder\n|move|p1b: BlockBuster|Ice Shard|p2a: Amoonguss\n|-supereffective|p2a: Amoonguss\n|-crit|p2a: Amoonguss\n|-damage|p2a: Amoonguss|5\/100\n|move|p2b: Flutter Mane|Dazzling Gleam|p1a: Torqoise|[spread] p1a,p1b\n|-supereffective|p1b: BlockBuster\n|-damage|p1a: Torqoise|18\/100\n|-damage|p1b: BlockBuster|0 fnt\n|faint|p1b: BlockBuster\n|move|p1a: Torqoise|Wave Crash|p2a: Amoonguss\n|-resisted|p2a: Amoonguss\n|-damage|p2a: Amoonguss|0 fnt\n|faint|p2a: Amoonguss\n|-damage|p1a: Torqoise|17\/100|[from] Recoil\n|\n|upkeep\n|\n|t:|1682143793\n|switch|p2a: Jolteon|Jolteon, L50, F|1\/100\n|turn|12\n|\n|t:|1682143799\n|move|p1a: Torqoise|Protect|p1a: Torqoise\n|-singleturn|p1a: Torqoise|Protect\n|move|p2a: Jolteon|Thunderbolt|p1a: Torqoise\n|-activate|p1a: Torqoise|move: Protect\n|move|p2b: Flutter Mane|Dazzling Gleam|p1a: Torqoise\n|-activate|p1a: Torqoise|move: Protect\n|\n|upkeep\n|turn|13\n|\n|t:|1682143815\n|move|p1a: Torqoise|Jet Punch|p2b: Flutter Mane\n|-damage|p2b: Flutter Mane|0 fnt\n|faint|p2b: Flutter Mane\n|-end|p2b: Flutter Mane|Protosynthesis|[silent]\n|move|p2a: Jolteon|Thunderbolt|p1a: Torqoise\n|-supereffective|p1a: Torqoise\n|-damage|p1a: Torqoise|0 fnt\n|faint|p1a: Torqoise\n|\n|win|leafyarrow\n","uploadtime":1682143823,"views":10,"p1id":"kinohara","p2id":"leafyarrow","formatid":"gen9vgc2023regulationc","rating":0,"private":0,"password":""}