{"id":"gen9vgc2023regulationc-1849066998","p1":"Cellotest3","p2":"ottowof","format":"[Gen 9] VGC 2023 Regulation C","log":"|j|\u2606Cellotest3\n|j|\u2606ottowof\n|t:|1682148790\n|gametype|doubles\n|player|p1|Cellotest3|265|1228\n|player|p2|ottowof|169|1212\n|teamsize|p1|6\n|teamsize|p2|6\n|gen|9\n|tier|[Gen 9] VGC 2023 Regulation C\n|rated|\n|rule|Species Clause: Limit one of each Pok\u00e9mon\n|rule|Item Clause: Limit one of each item\n|clearpoke\n|poke|p1|Amoonguss, L50, F|\n|poke|p1|Ting-Lu, L50|\n|poke|p1|Arcanine, L50, F|\n|poke|p1|Palafin, L50, M|\n|poke|p1|Gholdengo, L50|\n|poke|p1|Flutter Mane, L50|\n|poke|p2|Dudunsparce-*, L50, F|\n|poke|p2|Flutter Mane, L50|\n|poke|p2|Gyarados, L50, M|\n|poke|p2|Chi-Yu, L50|\n|poke|p2|Dragapult, L50, M|\n|poke|p2|Chien-Pao, L50|\n|teampreview|4\nCellotest3 has agreed to open team sheets.\nottowof rejected open team sheets.\n|inactive|Battle timer is ON: inactive players will automatically lose when time's up. (requested by ottowof)\n|inactive|Cellotest3 has 60 seconds left.\n|inactive|Cellotest3 has 30 seconds left.\n|inactive|Cellotest3 has 20 seconds left.\n|inactive|Cellotest3 has 15 seconds left.\n|inactive|Cellotest3 has 10 seconds left.\n|\n|t:|1682148883\n|start\n|switch|p1a: Ting-Lu|Ting-Lu, L50|100\/100\n|switch|p1b: Palafin|Palafin, L50, M|100\/100\n|switch|p2a: Dudunsparce|Dudunsparce-Three-Segment, L50, F|100\/100\n|switch|p2b: Dragapult|Dragapult, L50, M|100\/100\n|-ability|p1a: Ting-Lu|Vessel of Ruin\n|turn|1\n|\n|t:|1682148901\n|move|p1b: Palafin|Protect|p1b: Palafin\n|-singleturn|p1b: Palafin|Protect\n|move|p1a: Ting-Lu|Protect|p1a: Ting-Lu\n|-singleturn|p1a: Ting-Lu|Protect\n|move|p2b: Dragapult|Thunder Wave|p1b: Palafin\n|-activate|p1b: Palafin|move: Protect\n|move|p2a: Dudunsparce|Glare|p1a: Ting-Lu\n|-activate|p1a: Ting-Lu|move: Protect\n|\n|upkeep\n|turn|2\n|inactive|Cellotest3 has 30 seconds left.\n|\n|t:|1682148927\n|detailschange|p1b: Palafin|Palafin-Hero, L50, M\n|switch|p1b: Arcanine|Arcanine, L50, F|100\/100\n|-ability|p1b: Arcanine|Intimidate|boost\n|-unboost|p2a: Dudunsparce|atk|1\n|-unboost|p2b: Dragapult|atk|1\n|move|p2b: Dragapult|Thunder Wave|p1b: Arcanine\n|-status|p1b: Arcanine|par\n|move|p2a: Dudunsparce|Glare|p1a: Ting-Lu\n|-status|p1a: Ting-Lu|par\n|cant|p1a: Ting-Lu|par\n|\n|upkeep\n|turn|3\n|c|\u2606Cellotest3|cool\n|c|\u2606Cellotest3|a para flinch team\n|c|\u2606Cellotest3|fun\n|c|\u2606ottowof|very\n|inactive|Cellotest3 has 30 seconds left.\n|\n|t:|1682148957\n|move|p2b: Dragapult|Infestation|p1a: Ting-Lu\n|-supereffective|p1a: Ting-Lu\n|-damage|p1a: Ting-Lu|95\/100 par\n|-activate|p1a: Ting-Lu|move: Infestation|[of] p2b: Dragapult\n|move|p2a: Dudunsparce|Rock Slide|p1a: Ting-Lu|[spread] p1a,p1b\n|-resisted|p1a: Ting-Lu\n|-supereffective|p1b: Arcanine\n|-damage|p1a: Ting-Lu|93\/100 par\n|-damage|p1b: Arcanine|84\/100 par\n|cant|p1b: Arcanine|flinch\n|cant|p1a: Ting-Lu|flinch\n|\n|-damage|p1a: Ting-Lu|76\/100 par|[from] move: Infestation|[partiallytrapped]\n|upkeep\n|turn|4\n|c|\u2606Cellotest3|who hurt you\n|inactive|Cellotest3 has 30 seconds left.\n|c|\u2606ottowof|no one, they flinched before they could\n|inactive|Cellotest3 has 20 seconds left.\n|inactive|Cellotest3 has 15 seconds left.\n|\n|t:|1682149001\n|-terastallize|p1b: Arcanine|Normal\n|cant|p1b: Arcanine|par\n|move|p2b: Dragapult|Infestation|p1b: Arcanine\n|-damage|p1b: Arcanine|81\/100 par\n|-activate|p1b: Arcanine|move: Infestation|[of] p2b: Dragapult\n|move|p2a: Dudunsparce|Rock Slide|p1a: Ting-Lu|[spread] p1a,p1b\n|-resisted|p1a: Ting-Lu\n|-damage|p1a: Ting-Lu|74\/100 par\n|-damage|p1b: Arcanine|72\/100 par\n|cant|p1a: Ting-Lu|flinch\n|\n|-damage|p1b: Arcanine|56\/100 par|[from] move: Infestation|[partiallytrapped]\n|-damage|p1a: Ting-Lu|58\/100 par|[from] move: Infestation|[partiallytrapped]\n|upkeep\n|turn|5\n|c|\u2606Cellotest3|zeriously, who hurt you\n|\n|t:|1682149020\n|cant|p1b: Arcanine|par\n|move|p2b: Dragapult|Confuse Ray|p1b: Arcanine\n|-start|p1b: Arcanine|confusion\n|move|p2a: Dudunsparce|Rock Slide|p1b: Arcanine|[spread] p1a,p1b\n|-resisted|p1a: Ting-Lu\n|-damage|p1a: Ting-Lu|55\/100 par\n|-damage|p1b: Arcanine|47\/100 par\n|cant|p1a: Ting-Lu|flinch\n|\n|-damage|p1b: Arcanine|31\/100 par|[from] move: Infestation|[partiallytrapped]\n|-damage|p1a: Ting-Lu|39\/100 par|[from] move: Infestation|[partiallytrapped]\n|upkeep\n|turn|6\n|\n|t:|1682149036\n|-activate|p1b: Arcanine|confusion\n|-damage|p1b: Arcanine|18\/100 par|[from] confusion\n|move|p2b: Dragapult|Dragon Darts|p1a: Ting-Lu\n|-damage|p1a: Ting-Lu|31\/100 par\n|-anim|p2b: Dragapult|Dragon Darts|p1b: Arcanine\n|-damage|p1b: Arcanine|3\/100 par\n|move|p2a: Dudunsparce|Rock Slide|p1b: Arcanine|[spread] p1a,p1b\n|-resisted|p1a: Ting-Lu\n|-damage|p1a: Ting-Lu|28\/100 par\n|-damage|p1b: Arcanine|0 fnt\n|faint|p1b: Arcanine\n|cant|p1a: Ting-Lu|flinch\n|\n|-damage|p1a: Ting-Lu|12\/100 par|[from] move: Infestation|[partiallytrapped]\n|upkeep\n|\n|t:|1682149050\n|switch|p1b: Palafin|Palafin-Hero, L50, M|100\/100\n|-activate|p1b: Palafin|ability: Zero to Hero\n|turn|7\n|\n|t:|1682149059\n|move|p1b: Palafin|Protect|p1b: Palafin\n|-singleturn|p1b: Palafin|Protect\n|move|p2b: Dragapult|Thunder Wave|p1b: Palafin\n|-activate|p1b: Palafin|move: Protect\n|move|p2a: Dudunsparce|Rock Slide|p1b: Palafin|[spread] p1a\n|-activate|p1b: Palafin|move: Protect\n|-resisted|p1a: Ting-Lu\n|-damage|p1a: Ting-Lu|9\/100 par\n|cant|p1a: Ting-Lu|flinch\n|\n|-end|p1a: Ting-Lu|Infestation|[partiallytrapped]\n|upkeep\n|turn|8\n|inactive|Cellotest3 has 30 seconds left.\n|inactive|Cellotest3 has 20 seconds left.\n|\n|t:|1682149096\n|move|p1b: Palafin|Jet Punch|p2a: Dudunsparce\n|-damage|p2a: Dudunsparce|58\/100\n|move|p2b: Dragapult|Thunder Wave|p1b: Palafin\n|-status|p1b: Palafin|par\n|move|p2a: Dudunsparce|Rock Slide|p1a: Ting-Lu|[spread] p1a,p1b\n|-resisted|p1a: Ting-Lu\n|-crit|p1a: Ting-Lu\n|-damage|p1a: Ting-Lu|4\/100 par\n|-damage|p1b: Palafin|91\/100 par\n|cant|p1a: Ting-Lu|flinch\n|\n|upkeep\n|turn|9\n|\n|t:|1682149111\n|cant|p1b: Palafin|par\n|move|p2b: Dragapult|Confuse Ray|p1b: Palafin\n|-start|p1b: Palafin|confusion\n|move|p2a: Dudunsparce|Roost|p2a: Dudunsparce\n|-heal|p2a: Dudunsparce|100\/100\n|-singleturn|p2a: Dudunsparce|move: Roost\n|move|p1a: Ting-Lu|Stomping Tantrum|p2b: Dragapult\n|-damage|p2b: Dragapult|35\/100\n|\n|upkeep\n|turn|10\n|\n|t:|1682149126\n|switch|p1b: Amoonguss|Amoonguss, L50, F, shiny|100\/100\n|move|p2b: Dragapult|Infestation|p1b: Amoonguss\n|-damage|p1b: Amoonguss|97\/100\n|-activate|p1b: Amoonguss|move: Infestation|[of] p2b: Dragapult\n|move|p2a: Dudunsparce|Rock Slide|p1a: Ting-Lu|[spread] p1a,p1b\n|-resisted|p1a: Ting-Lu\n|-damage|p1a: Ting-Lu|2\/100 par\n|-damage|p1b: Amoonguss|90\/100\n|cant|p1a: Ting-Lu|flinch\n|\n|-damage|p1b: Amoonguss|74\/100|[from] move: Infestation|[partiallytrapped]\n|upkeep\n|turn|11\n|c|\u2606Cellotest3|lame ass shit lmao\n|\n|t:|1682149142\n|move|p2b: Dragapult|Thunder Wave|p1b: Amoonguss\n|-status|p1b: Amoonguss|par\n|move|p2a: Dudunsparce|Rock Slide|p1b: Amoonguss|[spread] p1a,p1b\n|-resisted|p1a: Ting-Lu\n|-damage|p1a: Ting-Lu|0 fnt\n|-damage|p1b: Amoonguss|67\/100 par\n|faint|p1a: Ting-Lu\n|cant|p1b: Amoonguss|flinch\n|\n|-damage|p1b: Amoonguss|51\/100 par|[from] move: Infestation|[partiallytrapped]\n|upkeep\n|\n|t:|1682149145\n|switch|p1a: Palafin|Palafin-Hero, L50, M|91\/100 par\n|turn|12\n|c|\u2606ottowof|its a very respectable tactic\n|c|\u2606Cellotest3|respectable, thats debatable\n|\n|t:|1682149163\n|cant|p1a: Palafin|par\n|move|p2b: Dragapult|Confuse Ray|p1a: Palafin\n|-start|p1a: Palafin|confusion\n|move|p2a: Dudunsparce|Rock Slide|p1a: Palafin|[spread] p1a,p1b\n|-damage|p1a: Palafin|84\/100 par\n|-damage|p1b: Amoonguss|44\/100 par\n|-enditem|p1b: Amoonguss|Sitrus Berry|[eat]\n|-heal|p1b: Amoonguss|69\/100 par|[from] item: Sitrus Berry\n|cant|p1b: Amoonguss|flinch\n|\n|-damage|p1b: Amoonguss|53\/100 par|[from] move: Infestation|[partiallytrapped]\n|upkeep\n|turn|13\n|\n|t:|1682149179\n|-activate|p1a: Palafin|confusion\n|move|p1a: Palafin|Jet Punch|p2a: Dudunsparce\n|-damage|p2a: Dudunsparce|57\/100\n|move|p2b: Dragapult|Infestation|p1a: Palafin\n|-crit|p1a: Palafin\n|-damage|p1a: Palafin|77\/100 par\n|-activate|p1a: Palafin|move: Infestation|[of] p2b: Dragapult\n|move|p2a: Dudunsparce|Rock Slide|p1a: Palafin|[spread] p1a,p1b\n|-damage|p1a: Palafin|69\/100 par\n|-damage|p1b: Amoonguss|46\/100 par\n|move|p1b: Amoonguss|Spore|p2a: Dudunsparce\n|-status|p2a: Dudunsparce|slp|[from] move: Spore\n|\n|-damage|p1a: Palafin|53\/100 par|[from] move: Infestation|[partiallytrapped]\n|-damage|p1b: Amoonguss|30\/100 par|[from] move: Infestation|[partiallytrapped]\n|upkeep\n|turn|14\n|c|\u2606Cellotest3|i dont respect you at all\n|c|\u2606Cellotest3|therefore its not respectable\n|\n|t:|1682149199\n|-activate|p1a: Palafin|confusion\n|move|p1a: Palafin|Jet Punch|p2a: Dudunsparce\n|-damage|p2a: Dudunsparce|13\/100 slp\n|move|p2b: Dragapult|Dragon Darts|p1a: Palafin\n|-crit|p1a: Palafin\n|-damage|p1a: Palafin|23\/100 par\n|-anim|p2b: Dragapult|Dragon Darts|p1b: Amoonguss\n|-damage|p1b: Amoonguss|18\/100 par\n|cant|p2a: Dudunsparce|slp\n|move|p1b: Amoonguss|Pollen Puff|p1a: Palafin\n|-heal|p1a: Palafin|73\/100 par\n|\n|-damage|p1a: Palafin|57\/100 par|[from] move: Infestation|[partiallytrapped]\n|-end|p1b: Amoonguss|Infestation|[partiallytrapped]\n|upkeep\n|turn|15\n|\n|t:|1682149220\n|-end|p1a: Palafin|confusion\n|move|p1a: Palafin|Jet Punch|p2b: Dragapult\n|-resisted|p2b: Dragapult\n|-damage|p2b: Dragapult|6\/100\n|move|p2b: Dragapult|Dragon Darts|p1a: Palafin\n|-damage|p1a: Palafin|43\/100 par\n|-anim|p2b: Dragapult|Dragon Darts|p1b: Amoonguss\n|-damage|p1b: Amoonguss|5\/100 par\n|-curestatus|p2a: Dudunsparce|slp|[msg]\n|move|p2a: Dudunsparce|Rock Slide|p1b: Amoonguss|[spread] p1a,p1b\n|-damage|p1a: Palafin|35\/100 par\n|-damage|p1b: Amoonguss|0 fnt\n|faint|p1b: Amoonguss\n|\n|-damage|p1a: Palafin|18\/100 par|[from] move: Infestation|[partiallytrapped]\n|upkeep\n|turn|16\n|inactive|Cellotest3 has 30 seconds left.\n|inactive|Cellotest3 has 20 seconds left.\n|c|\u2606ottowof|you might get a single ko\n|c|\u2606Cellotest3|you have liike 100 more losses than wins though, should prob stop using this strat, i wouldnt fall for it twice\n|inactive|Cellotest3 has 15 seconds left.\n|inactive|Cellotest3 has 10 seconds left.\n|-message|Cellotest3 forfeited.\n|\n|win|ottowof\n|raw|Cellotest3's rating: 1228 → 1202<\/strong> (-26 for losing)\n|raw|ottowof's rating: 1212 → 1238<\/strong> (+26 for winning)\n|c|\u2606ottowof|okay, cope\n|l|\u2606Cellotest3\n","uploadtime":1682149137,"views":5,"p1id":"cellotest3","p2id":"ottowof","formatid":"gen9vgc2023regulationc","rating":1202,"private":0,"password":""}