{"id":"gen9vgc2023regulationc-1857015303","p1":"Khun.G","p2":"LittleHorseee","format":"[Gen 9] VGC 2023 Regulation C","log":"|j|\u2606Khun.G\n|j|\u2606LittleHorseee\n|t:|1683136948\n|gametype|doubles\n|player|p1|Khun.G|steven|1120\n|player|p2|LittleHorseee|zinzolin|1185\n|teamsize|p1|6\n|teamsize|p2|6\n|gen|9\n|tier|[Gen 9] VGC 2023 Regulation C\n|rated|\n|rule|Species Clause: Limit one of each Pok\u00e9mon\n|rule|Item Clause: Limit one of each item\n|clearpoke\n|poke|p1|Palafin, L50, M|\n|poke|p1|Ting-Lu, L50|\n|poke|p1|Dondozo, L50, F|\n|poke|p1|Tatsugiri-Droopy, L50, M|\n|poke|p1|Amoonguss, L50, F|\n|poke|p1|Arcanine, L50, M|\n|poke|p2|Glimmora, L50, M|\n|poke|p2|Wo-Chien, L50|\n|poke|p2|Gothitelle, L50, M|\n|poke|p2|Flutter Mane, L50|\n|poke|p2|Arcanine, L50, M|\n|poke|p2|Palafin, L50, F|\n|teampreview|4\n|inactive|Battle timer is ON: inactive players will automatically lose when time's up. (requested by LittleHorseee)\n|\n|t:|1683136973\n|start\n|switch|p1a: Dondozo|Dondozo, L50, F|100\/100\n|switch|p1b: Ting-Lu|Ting-Lu, L50|100\/100\n|switch|p2a: Wo-Chien|Wo-Chien, L50|100\/100\n|switch|p2b: Gothitelle|Gothitelle, L50, M, shiny|100\/100\n|-ability|p2a: Wo-Chien|Tablets of Ruin\n|-ability|p1b: Ting-Lu|Vessel of Ruin\n|turn|1\n|inactive|Khun.G has 30 seconds left.\n|inactive|Khun.G has 20 seconds left.\n|\n|t:|1683137009\n|-terastallize|p1a: Dondozo|Grass\n|move|p2b: Gothitelle|Fake Out|p1a: Dondozo\n|-damage|p1a: Dondozo|98\/100\n|move|p2a: Wo-Chien|Leech Seed|p1b: Ting-Lu\n|-start|p1b: Ting-Lu|move: Leech Seed\n|move|p1b: Ting-Lu|Fissure|p2a: Wo-Chien|[miss]\n|-miss|p1b: Ting-Lu|p2a: Wo-Chien\n|cant|p1a: Dondozo|flinch\n|\n|-heal|p1a: Dondozo|100\/100|[from] item: Leftovers\n|-damage|p1b: Ting-Lu|88\/100|[from] Leech Seed|[of] p2a: Wo-Chien\n|upkeep\n|turn|2\n|inactive|LittleHorseee has 30 seconds left.\n|inactive|LittleHorseee has 20 seconds left.\n|inactive|LittleHorseee has 15 seconds left.\n|\n|t:|1683137050\n|move|p2b: Gothitelle|Protect|p2b: Gothitelle\n|-singleturn|p2b: Gothitelle|Protect\n|move|p2a: Wo-Chien|Pollen Puff|p1a: Dondozo\n|-supereffective|p1a: Dondozo\n|-damage|p1a: Dondozo|80\/100\n|move|p1b: Ting-Lu|Fissure|p2a: Wo-Chien|[miss]\n|-miss|p1b: Ting-Lu|p2a: Wo-Chien\n|move|p1a: Dondozo|Fissure|p2a: Wo-Chien|[miss]\n|-miss|p1a: Dondozo|p2a: Wo-Chien\n|\n|-heal|p1a: Dondozo|86\/100|[from] item: Leftovers\n|-damage|p1b: Ting-Lu|76\/100|[from] Leech Seed|[of] p2a: Wo-Chien\n|upkeep\n|turn|3\n|\n|t:|1683137071\n|move|p2a: Wo-Chien|Protect|p2a: Wo-Chien\n|-singleturn|p2a: Wo-Chien|Protect\n|move|p2b: Gothitelle|Psychic|p1a: Dondozo\n|-damage|p1a: Dondozo|72\/100\n|move|p1b: Ting-Lu|Fissure|p2b: Gothitelle|[miss]\n|-miss|p1b: Ting-Lu|p2b: Gothitelle\n|move|p1a: Dondozo|Fissure|p2b: Gothitelle|[miss]\n|-miss|p1a: Dondozo|p2b: Gothitelle\n|\n|-heal|p1a: Dondozo|79\/100|[from] item: Leftovers\n|-damage|p1b: Ting-Lu|64\/100|[from] Leech Seed|[of] p2a: Wo-Chien\n|upkeep\n|turn|4\n|\n|t:|1683137091\n|move|p2a: Wo-Chien|Foul Play|p1a: Dondozo\n|-damage|p1a: Dondozo|59\/100\n|move|p2b: Gothitelle|Psychic|p1a: Dondozo\n|-damage|p1a: Dondozo|44\/100\n|move|p1b: Ting-Lu|Fissure|p2b: Gothitelle|[miss]\n|-miss|p1b: Ting-Lu|p2b: Gothitelle\n|move|p1a: Dondozo|Fissure|p2a: Wo-Chien\n|-damage|p2a: Wo-Chien|0 fnt\n|faint|p2a: Wo-Chien\n|-ohko\n|\n|-heal|p1a: Dondozo|50\/100|[from] item: Leftovers\n|upkeep\n|\n|t:|1683137107\n|switch|p2a: Arcanine|Arcanine, L50, M, shiny|100\/100\n|-ability|p2a: Arcanine|Intimidate|boost\n|-unboost|p1a: Dondozo|atk|1\n|-unboost|p1b: Ting-Lu|atk|1\n|turn|5\n|\n|t:|1683137121\n|-terastallize|p2a: Arcanine|Water\n|move|p2b: Gothitelle|Protect|p2b: Gothitelle\n|-singleturn|p2b: Gothitelle|Protect\n|move|p1a: Dondozo|Protect|p1a: Dondozo\n|-singleturn|p1a: Dondozo|Protect\n|move|p2a: Arcanine|Flare Blitz|p1a: Dondozo\n|-activate|p1a: Dondozo|move: Protect\n|move|p1b: Ting-Lu|Fissure|p2a: Arcanine|[miss]\n|-miss|p1b: Ting-Lu|p2a: Arcanine\n|\n|-heal|p1a: Dondozo|57\/100|[from] item: Leftovers\n|-damage|p1b: Ting-Lu|52\/100|[from] Leech Seed|[of] p2a: Arcanine\n|upkeep\n|turn|6\n|inactive|LittleHorseee has 30 seconds left.\n|\n|t:|1683137150\n|move|p2a: Arcanine|Will-O-Wisp|p1b: Ting-Lu|[miss]\n|-miss|p2a: Arcanine|p1b: Ting-Lu\n|move|p2b: Gothitelle|Psychic|p1a: Dondozo\n|-damage|p1a: Dondozo|42\/100\n|move|p1b: Ting-Lu|Fissure|p2b: Gothitelle\n|-damage|p2b: Gothitelle|0 fnt\n|faint|p2b: Gothitelle\n|-ohko\n|move|p1a: Dondozo|Fissure|p2a: Arcanine|[miss]\n|-miss|p1a: Dondozo|p2a: Arcanine\n|\n|-heal|p1a: Dondozo|49\/100|[from] item: Leftovers\n|-damage|p1b: Ting-Lu|40\/100|[from] Leech Seed|[of] p2a: Arcanine\n|upkeep\n|\n|t:|1683137164\n|switch|p2b: Palafin|Palafin, L50, F|100\/100\n|turn|7\n|\n|t:|1683137172\n|switch|p1b: Tatsugiri|Tatsugiri-Droopy, L50, M|100\/100\n|-activate|p1b: Tatsugiri|ability: Commander|[of] p1a: Dondozo\n|-boost|p1a: Dondozo|atk|2\n|-boost|p1a: Dondozo|spa|2\n|-boost|p1a: Dondozo|spe|2\n|-boost|p1a: Dondozo|def|2\n|-boost|p1a: Dondozo|spd|2\n|move|p2b: Palafin|Protect|p2b: Palafin\n|-singleturn|p2b: Palafin|Protect\n|move|p2a: Arcanine|Will-O-Wisp|p1b: Tatsugiri|[miss]\n|-miss|p2a: Arcanine|p1b: Tatsugiri\n|move|p1a: Dondozo|Tera Blast|p2b: Palafin\n|-activate|p2b: Palafin|move: Protect\n|\n|-heal|p1a: Dondozo|55\/100|[from] item: Leftovers\n|upkeep\n|turn|8\n|\n|t:|1683137192\n|move|p2b: Palafin|Haze|p2b: Palafin\n|-clearallboost\n|move|p2a: Arcanine|Flare Blitz|p1a: Dondozo\n|-supereffective|p1a: Dondozo\n|-damage|p1a: Dondozo|0 fnt\n|faint|p1a: Dondozo\n|-damage|p2a: Arcanine|77\/100|[from] Recoil\n|\n|upkeep\n|\n|t:|1683137205\n|switch|p1a: Amoonguss|Amoonguss, L50, F|100\/100\n|turn|9\n|\n|t:|1683137226\n|move|p2b: Palafin|Protect|p2b: Palafin\n|-singleturn|p2b: Palafin|Protect\n|move|p1b: Tatsugiri|Draco Meteor|p2a: Arcanine\n|-damage|p2a: Arcanine|26\/100\n|-unboost|p1b: Tatsugiri|spa|2\n|move|p2a: Arcanine|Flare Blitz|p1a: Amoonguss\n|-supereffective|p1a: Amoonguss\n|-damage|p1a: Amoonguss|22\/100\n|-enditem|p1a: Amoonguss|Sitrus Berry|[eat]\n|-heal|p1a: Amoonguss|47\/100|[from] item: Sitrus Berry\n|-damage|p2a: Arcanine|0 fnt|[from] Recoil\n|faint|p2a: Arcanine\n|move|p1a: Amoonguss|Spore|p2b: Palafin\n|-activate|p2b: Palafin|move: Protect\n|\n|upkeep\n|turn|10\n|inactive|LittleHorseee has 30 seconds left.\n|\n|t:|1683137260\n|switch|p1b: Ting-Lu|Ting-Lu, L50|40\/100\n|-ability|p1b: Ting-Lu|Vessel of Ruin\n|move|p2b: Palafin|Wave Crash|p1a: Amoonguss\n|-resisted|p1a: Amoonguss\n|-damage|p1a: Amoonguss|25\/100\n|-damage|p2b: Palafin|93\/100|[from] Recoil\n|move|p1a: Amoonguss|Spore|p2b: Palafin\n|-status|p2b: Palafin|slp|[from] move: Spore\n|\n|upkeep\n|turn|11\n|\n|t:|1683137275\n|cant|p2b: Palafin|slp\n|move|p1b: Ting-Lu|Fissure|p2b: Palafin|[miss]\n|-miss|p1b: Ting-Lu|p2b: Palafin\n|move|p1a: Amoonguss|Pollen Puff|p1b: Ting-Lu\n|-heal|p1b: Ting-Lu|90\/100\n|\n|upkeep\n|turn|12\n|\n|t:|1683137286\n|switch|p1a: Tatsugiri|Tatsugiri-Droopy, L50, M|100\/100\n|-curestatus|p2b: Palafin|slp|[msg]\n|move|p2b: Palafin|Wave Crash|p1b: Ting-Lu\n|-supereffective|p1b: Ting-Lu\n|-damage|p1b: Ting-Lu|34\/100\n|-damage|p2b: Palafin|71\/100|[from] Recoil\n|move|p1b: Ting-Lu|Stomping Tantrum|p2b: Palafin\n|-damage|p2b: Palafin|0 fnt\n|faint|p2b: Palafin\n|\n|win|Khun.G\n|raw|Khun.G's rating: 1120 → 1150<\/strong> (+30 for winning)\n|raw|LittleHorseee's rating: 1185 → 1155<\/strong> (-30 for losing)\n|l|\u2606LittleHorseee\n","uploadtime":1683137325,"views":16,"p1id":"khung","p2id":"littlehorseee","formatid":"gen9vgc2023regulationc","rating":1150,"private":0,"password":""}