{"id":"gen9vgc2023regulationc-1852882197","p1":"rokusho vgc","p2":"yotamVGC","format":"[Gen 9] VGC 2023 Regulation C","log":"|j|\u2606rokusho vgc\n|j|\u2606yotamVGC\n|t:|1682614192\n|gametype|doubles\n|player|p1|rokusho vgc|red|\n|player|p2|yotamVGC|marnie-league|\n|teamsize|p1|6\n|teamsize|p2|6\n|gen|9\n|tier|[Gen 9] VGC 2023 Regulation C\n|rated|Tournament battle\n|rule|Species Clause: Limit one of each Pok\u00e9mon\n|rule|Item Clause: Limit one of each item\n|clearpoke\n|poke|p1|Gyarados, L50, F|\n|poke|p1|Amoonguss, L50, M|\n|poke|p1|Kingambit, L50, M|\n|poke|p1|Flutter Mane, L50|\n|poke|p1|Chi-Yu, L50|\n|poke|p1|Baxcalibur, L50, F|\n|poke|p2|Talonflame, L50, M|\n|poke|p2|Iron Bundle, L50|\n|poke|p2|Iron Hands, L50|\n|poke|p2|Gholdengo, L50|\n|poke|p2|Garchomp, L50, M|\n|poke|p2|Chien-Pao, L50|\n|teampreview|4\nyotamVGC has agreed to open team sheets.\n|c|\u2606yotamVGC|sheet?\n|inactive|Battle timer is ON: inactive players will automatically lose when time's up. (requested by yotamVGC)\nrokusho vgc has agreed to open team sheets.\n|inactive|rokusho vgc has 60 seconds left.\n|inactive|yotamVGC has 60 seconds left.\n|inactive|rokusho vgc has 30 seconds left.\n|inactive|rokusho vgc has 20 seconds left.\n|inactive|rokusho vgc has 15 seconds left.\n|inactive|rokusho vgc has 10 seconds left.\n|\n|t:|1682614300\n|start\n|switch|p1a: Gyarados|Gyarados, L50, F|100\/100\n|switch|p1b: Flutter Mane|Flutter Mane, L50|100\/100\n|switch|p2a: Talonflame|Talonflame, L50, M|100\/100\n|switch|p2b: Garchomp|Garchomp, L50, M|100\/100\n|-ability|p1a: Gyarados|Intimidate|boost\n|-unboost|p2a: Talonflame|atk|1\n|-unboost|p2b: Garchomp|atk|1\n|-enditem|p1b: Flutter Mane|Booster Energy\n|-activate|p1b: Flutter Mane|ability: Protosynthesis|[fromitem]\n|-start|p1b: Flutter Mane|protosynthesisspa\n|turn|1\n|inactive|rokusho vgc has 30 seconds left.\n|inactive|yotamVGC has 30 seconds left.\n|j| razeycakes\n|inactive|rokusho vgc has 20 seconds left.\n|inactive|rokusho vgc has 15 seconds left.\n|inactive|rokusho vgc has 10 seconds left.\n|inactive|rokusho vgc has 5 seconds left.\n|inactive|yotamVGC has 20 seconds left.\n|\n|t:|1682614352\n|move|p1b: Flutter Mane|Protect|p1b: Flutter Mane\n|-singleturn|p1b: Flutter Mane|Protect\n|move|p2a: Talonflame|Tailwind|p2a: Talonflame\n|-sidestart|p2: yotamVGC|move: Tailwind\n|move|p2b: Garchomp|Earthquake|p1b: Flutter Mane|[spread] \n|-activate|p1b: Flutter Mane|move: Protect\n|-immune|p2a: Talonflame\n|-immune|p1a: Gyarados\n|move|p1a: Gyarados|Waterfall|p2a: Talonflame\n|-supereffective|p2a: Talonflame\n|-damage|p2a: Talonflame|13\/100\n|\n|upkeep\n|turn|2\n|inactive|rokusho vgc has 30 seconds left.\n|\n|t:|1682614383\n|move|p2a: Talonflame|Brave Bird|p1b: Flutter Mane\n|-damage|p1b: Flutter Mane|68\/100\n|-damage|p2a: Talonflame|4\/100|[from] Recoil\n|move|p2b: Garchomp|Earthquake|p1b: Flutter Mane|[spread] p1b\n|-immune|p2a: Talonflame\n|-immune|p1a: Gyarados\n|-damage|p1b: Flutter Mane|17\/100\n|-damage|p2b: Garchomp|91\/100|[from] item: Life Orb\n|move|p1b: Flutter Mane|Dazzling Gleam|p2b: Garchomp|[spread] p2a,p2b\n|-resisted|p2a: Talonflame\n|-supereffective|p2b: Garchomp\n|-damage|p2a: Talonflame|0 fnt\n|-damage|p2b: Garchomp|0 fnt\n|faint|p2a: Talonflame\n|faint|p2b: Garchomp\n|move|p1a: Gyarados|Waterfall|p2: Talonflame|[notarget]\n|-fail|p1a: Gyarados\n|\n|upkeep\n|\n|t:|1682614394\n|switch|p2a: Iron Hands|Iron Hands, L50|100\/100\n|switch|p2b: Gholdengo|Gholdengo, L50|100\/100\n|turn|3\n|inactive|rokusho vgc has 30 seconds left.\n|inactive|rokusho vgc has 20 seconds left.\n|inactive|rokusho vgc has 15 seconds left.\n|inactive|rokusho vgc has 10 seconds left.\n|inactive|rokusho vgc has 5 seconds left.\n|inactive|yotamVGC has 30 seconds left.\n|\n|t:|1682614454\n|-end|p1b: Flutter Mane|Protosynthesis|[silent]\n|switch|p1b: Amoonguss|Amoonguss, L50, M|100\/100\n|move|p2b: Gholdengo|Shadow Ball|p1b: Amoonguss\n|-damage|p1b: Amoonguss|43\/100\n|-enditem|p1b: Amoonguss|Sitrus Berry|[eat]\n|-heal|p1b: Amoonguss|68\/100|[from] item: Sitrus Berry\n|move|p2a: Iron Hands|Wild Charge|p1a: Gyarados\n|-supereffective|p1a: Gyarados\n|-damage|p1a: Gyarados|0 fnt\n|faint|p1a: Gyarados\n|-damage|p2a: Iron Hands|78\/100|[from] Recoil\n|\n|upkeep\n|inactive|rokusho vgc has 30 seconds left.\n|inactive|rokusho vgc has 20 seconds left.\n|inactive|rokusho vgc has 15 seconds left.\n|inactive|rokusho vgc has 10 seconds left.\n|\n|t:|1682614499\n|switch|p1a: Chi-Yu|Chi-Yu, L50|100\/100\n|-ability|p1a: Chi-Yu|Beads of Ruin\n|turn|4\n|\n|t:|1682614512\n|-terastallize|p1a: Chi-Yu|Ghost\n|move|p2b: Gholdengo|Shadow Ball|p1b: Amoonguss\n|-damage|p1b: Amoonguss|0 fnt\n|faint|p1b: Amoonguss\n|move|p1a: Chi-Yu|Heat Wave|p2a: Iron Hands|[spread] p2a\n|-miss|p1a: Chi-Yu|p2b: Gholdengo\n|-damage|p2a: Iron Hands|52\/100\n|move|p2a: Iron Hands|Drain Punch|p1a: Chi-Yu\n|-immune|p1a: Chi-Yu\n|\n|-sideend|p2: yotamVGC|move: Tailwind\n|upkeep\n|\n|t:|1682614517\n|switch|p1b: Flutter Mane|Flutter Mane, L50|17\/100\n|turn|5\n|\n|t:|1682614538\n|move|p1a: Chi-Yu|Heat Wave|p2b: Gholdengo|[spread] p2a,p2b\n|-supereffective|p2b: Gholdengo\n|-damage|p2a: Iron Hands|21\/100\n|-damage|p2b: Gholdengo|0 fnt\n|faint|p2b: Gholdengo\n|move|p1b: Flutter Mane|Moonblast|p2a: Iron Hands\n|-supereffective|p2a: Iron Hands\n|-damage|p2a: Iron Hands|0 fnt\n|faint|p2a: Iron Hands\n|-end|p2a: Iron Hands|Quark Drive|[silent]\n|\n|win|rokusho vgc\n|n|\u2606rokusho vgc|rokushovgc\n|n|\u2606yotamVGC|yotamvgc\n|n| razeycakes|razeycakes\n|c|\u2606yotamVGC|wp\n","uploadtime":1682614546,"views":6,"p1id":"rokushovgc","p2id":"yotamvgc","formatid":"gen9vgc2023regulationc","rating":0,"private":0,"password":""}