{"id":"gen9vgc2023regulationc-1861218450","p1":"Frostail king yt","p2":"C7y4t1c","format":"[Gen 9] VGC 2023 Regulation C","log":"|j|\u2606Frostail king yt\n|j|\u203dC7y4t1c\n|t:|1683736836\n|gametype|doubles\n|player|p1|Frostail king yt|wallace|1141\n|player|p2|C7y4t1c|ghetsis-gen5bw|1095\n|teamsize|p1|6\n|teamsize|p2|6\n|gen|9\n|tier|[Gen 9] VGC 2023 Regulation C\n|rated|\n|rule|Species Clause: Limit one of each Pok\u00e9mon\n|rule|Item Clause: Limit one of each item\n|clearpoke\n|poke|p1|Palafin, L50, F|\n|poke|p1|Chien-Pao, L50|\n|poke|p1|Dragapult, L50, F|\n|poke|p1|Amoonguss, L50, M|\n|poke|p1|Arcanine, L50, M|\n|poke|p1|Flutter Mane, L50|\n|poke|p2|Amoonguss, L50, M|\n|poke|p2|Mimikyu, L50, F|\n|poke|p2|Indeedee-F, L50, F|\n|poke|p2|Armarouge, L50, F|\n|poke|p2|Ceruledge, L50, M|\n|poke|p2|Bellibolt, L50, M|\n|teampreview|4\n|inactive|Battle timer is ON: inactive players will automatically lose when time's up. (requested by C7y4t1c)\n|inactive|Frostail king yt also wants the timer to be on.\n|\n|t:|1683736857\n|start\n|switch|p1a: Meow|Chien-Pao, L50|100\/100\n|switch|p1b: Palooofin|Palafin, L50, F, shiny|100\/100\n|switch|p2a: Ceruledge|Ceruledge, L50, M|100\/100\n|switch|p2b: Mimikyu|Mimikyu, L50, F|100\/100\n|-ability|p1a: Meow|Sword of Ruin\n|turn|1\n|\n|t:|1683736871\n|detailschange|p1b: Palooofin|Palafin-Hero, L50, F, shiny\n|switch|p1b: Good boy|Arcanine, L50, M|100\/100\n|-ability|p1b: Good boy|Intimidate|boost\n|-unboost|p2a: Ceruledge|atk|1\n|-unboost|p2b: Mimikyu|atk|1\n|move|p1a: Meow|Ice Spinner|p2b: Mimikyu\n|-activate|p2b: Mimikyu|ability: Disguise\n|-damage|p2b: Mimikyu|100\/100\n|detailschange|p2b: Mimikyu|Mimikyu-Busted, L50, F\n|-damage|p2b: Mimikyu|88\/100|[from] pokemon: Mimikyu-Busted\n|move|p2a: Ceruledge|Bitter Blade|p1a: Meow\n|-supereffective|p1a: Meow\n|-damage|p1a: Meow|12\/100\n|move|p2b: Mimikyu|Trick Room|p2b: Mimikyu\n|-fieldstart|move: Trick Room|[of] p2b: Mimikyu\n|\n|upkeep\n|turn|2\n|\n|t:|1683736890\n|move|p1a: Meow|Protect|p1a: Meow\n|-singleturn|p1a: Meow|Protect\n|move|p2a: Ceruledge|Bitter Blade|p1a: Meow\n|-activate|p1a: Meow|move: Protect\n|move|p2b: Mimikyu|Play Rough|p1b: Good boy\n|-resisted|p1b: Good boy\n|-damage|p1b: Good boy|80\/100\n|move|p1b: Good boy|Flare Blitz|p2b: Mimikyu\n|-damage|p2b: Mimikyu|10\/100\n|-damage|p1b: Good boy|58\/100|[from] Recoil\n|\n|upkeep\n|turn|3\n|\n|t:|1683736906\n|switch|p1a: Broke the game|Flutter Mane, L50|100\/100\n|-enditem|p1a: Broke the game|Booster Energy\n|-activate|p1a: Broke the game|ability: Protosynthesis|[fromitem]\n|-start|p1a: Broke the game|protosynthesisspa\n|move|p2a: Ceruledge|Bitter Blade|p1a: Broke the game\n|-damage|p1a: Broke the game|54\/100\n|move|p2b: Mimikyu|Play Rough|p1b: Good boy\n|-resisted|p1b: Good boy\n|-damage|p1b: Good boy|44\/100\n|move|p1b: Good boy|Flare Blitz|p2b: Mimikyu\n|-damage|p2b: Mimikyu|0 fnt\n|faint|p2b: Mimikyu\n|-damage|p1b: Good boy|41\/100|[from] Recoil\n|\n|upkeep\n|\n|t:|1683736924\n|switch|p2b: Indeedee|Indeedee-F, L50, F, shiny|100\/100\n|-fieldstart|move: Psychic Terrain|[from] ability: Psychic Surge|[of] p2b: Indeedee\n|turn|4\n|\n|t:|1683736930\n|move|p1a: Broke the game|Protect|p1a: Broke the game\n|-singleturn|p1a: Broke the game|Protect\n|move|p2b: Indeedee|Dazzling Gleam|p1a: Broke the game|[spread] p1b\n|-activate|p1a: Broke the game|move: Protect\n|-resisted|p1b: Good boy\n|-damage|p1b: Good boy|31\/100\n|move|p2a: Ceruledge|Shadow Claw|p1a: Broke the game\n|-activate|p1a: Broke the game|move: Protect\n|move|p1b: Good boy|Flare Blitz|p2b: Indeedee\n|-damage|p2b: Indeedee|37\/100\n|-damage|p1b: Good boy|12\/100|[from] Recoil\n|\n|upkeep\n|turn|5\n|\n|t:|1683736947\n|move|p2b: Indeedee|Dazzling Gleam|p1b: Good boy|[spread] p1a,p1b\n|-resisted|p1b: Good boy\n|-damage|p1a: Broke the game|36\/100\n|-damage|p1b: Good boy|3\/100\n|move|p2a: Ceruledge|Shadow Claw|p1a: Broke the game\n|-supereffective|p1a: Broke the game\n|-crit|p1a: Broke the game\n|-damage|p1a: Broke the game|0 fnt\n|faint|p1a: Broke the game\n|-end|p1a: Broke the game|Protosynthesis|[silent]\n|move|p1b: Good boy|Flare Blitz|p2b: Indeedee\n|-damage|p2b: Indeedee|0 fnt\n|faint|p2b: Indeedee\n|-damage|p1b: Good boy|0 fnt|[from] Recoil\n|faint|p1b: Good boy\n|\n|-fieldend|move: Trick Room\n|upkeep\n|\n|t:|1683736960\n|switch|p1a: Meow|Chien-Pao, L50|12\/100\n|switch|p1b: Palooofin|Palafin-Hero, L50, F, shiny|100\/100\n|switch|p2b: Armarouge|Armarouge, L50, F|100\/100\n|-ability|p1a: Meow|Sword of Ruin\n|-activate|p1b: Palooofin|ability: Zero to Hero\n|turn|6\n|\n|t:|1683736977\n|-terastallize|p1b: Palooofin|Water\n|-terastallize|p2b: Armarouge|Psychic\n|move|p1a: Meow|Protect|p1a: Meow\n|-singleturn|p1a: Meow|Protect\n|move|p1b: Palooofin|Wave Crash|p2a: Ceruledge\n|-supereffective|p2a: Ceruledge\n|-enditem|p2a: Ceruledge|Focus Sash\n|-damage|p2a: Ceruledge|1\/100\n|-damage|p1b: Palooofin|71\/100|[from] Recoil\n|move|p2a: Ceruledge|Bitter Blade|p1a: Meow\n|-activate|p1a: Meow|move: Protect\n|move|p2b: Armarouge|Expanding Force|p1a: Meow|[spread] p1b\n|-activate|p1a: Meow|move: Protect\n|-damage|p1b: Palooofin|0 fnt\n|faint|p1b: Palooofin\n|\n|upkeep\n|turn|7\n|\n|t:|1683736996\n|move|p1a: Meow|Ice Spinner|p2a: Ceruledge\n|-resisted|p2a: Ceruledge\n|-damage|p2a: Ceruledge|0 fnt\n|-fieldend|move: Psychic Terrain\n|faint|p2a: Ceruledge\n|move|p2b: Armarouge|Armor Cannon|p1a: Meow\n|-supereffective|p1a: Meow\n|-damage|p1a: Meow|0 fnt\n|-unboost|p2b: Armarouge|def|1\n|-unboost|p2b: Armarouge|spd|1\n|faint|p1a: Meow\n|\n|win|C7y4t1c\n|raw|Frostail king yt's rating: 1141 → 1113<\/strong> (-28 for losing)\n|raw|C7y4t1c's rating: 1095 → 1124<\/strong> (+29 for winning)\n|l|\u2606Frostail king yt\n","uploadtime":1683737015,"views":8,"p1id":"frostailkingyt","p2id":"c7y4t1c","formatid":"gen9vgc2023regulationc","rating":1113,"private":0,"password":""}