{"id":"gen9vgc2023regulationc-1848332991","p1":"Emberbloom","p2":"Zarroc1994","format":"[Gen 9] VGC 2023 Regulation C","log":"|j|\u2606Emberbloom\n|j|\u2606Zarroc1994\n|t:|1682062107\n|gametype|doubles\n|player|p1|Emberbloom|flannery|1359\n|player|p2|Zarroc1994|265|1434\n|teamsize|p1|6\n|teamsize|p2|6\n|gen|9\n|tier|[Gen 9] VGC 2023 Regulation C\n|rated|\n|rule|Species Clause: Limit one of each Pok\u00e9mon\n|rule|Item Clause: Limit one of each item\n|clearpoke\n|poke|p1|Corviknight, L50, M|\n|poke|p1|Tyranitar, L50, M|\n|poke|p1|Garchomp, L50, M|\n|poke|p1|Amoonguss, L50, M|\n|poke|p1|Arcanine, L50, F|\n|poke|p1|Iron Bundle, L50|\n|poke|p2|Annihilape, L50, F|\n|poke|p2|Iron Bundle, L50|\n|poke|p2|Arcanine, L50, F|\n|poke|p2|Roaring Moon, L50|\n|poke|p2|Gholdengo, L50|\n|poke|p2|Maushold-Four, L50|\n|teampreview|4\n|j| akalenVCG\n|l| akalenVCG\n|\n|t:|1682062159\n|start\n|switch|p1a: Garchomp|Garchomp, L50, M|100\/100\n|switch|p1b: Iron Bundle|Iron Bundle, L50|100\/100\n|switch|p2a: Annihilape|Annihilape, L50, F|100\/100\n|switch|p2b: Arcanine|Arcanine, L50, F|100\/100\n|-ability|p2b: Arcanine|Intimidate|boost\n|-fail|p1a: Garchomp|unboost|[from] item: Clear Amulet|[of] p1a: Garchomp\n|-unboost|p1b: Iron Bundle|atk|1\n|-enditem|p1b: Iron Bundle|Booster Energy\n|-activate|p1b: Iron Bundle|ability: Quark Drive|[fromitem]\n|-start|p1b: Iron Bundle|quarkdrivespe\n|turn|1\n|\n|t:|1682062194\n|switch|p2b: Maushold|Maushold-Four, L50|100\/100\n|move|p1b: Iron Bundle|Protect|p1b: Iron Bundle\n|-singleturn|p1b: Iron Bundle|Protect\n|move|p1a: Garchomp|Earthquake|p2a: Annihilape|[spread] p2a,p2b\n|-activate|p1b: Iron Bundle|move: Protect\n|-damage|p2a: Annihilape|74\/100\n|-damage|p2b: Maushold|62\/100\n|move|p2a: Annihilape|Drain Punch|p1b: Iron Bundle\n|-activate|p1b: Iron Bundle|move: Protect\n|\n|upkeep\n|turn|2\n|\n|t:|1682062226\n|-end|p1b: Iron Bundle|Quark Drive|[silent]\n|switch|p1b: Amoonguss|Amoonguss, L50, M|100\/100\n|move|p2b: Maushold|Follow Me|p2b: Maushold\n|-singleturn|p2b: Maushold|move: Follow Me\n|move|p1a: Garchomp|Stomping Tantrum|p2b: Maushold\n|-damage|p2b: Maushold|20\/100\n|move|p2a: Annihilape|Drain Punch|p1b: Amoonguss\n|-resisted|p1b: Amoonguss\n|-damage|p1b: Amoonguss|85\/100\n|-heal|p2a: Annihilape|82\/100|[from] drain|[of] p1b: Amoonguss\n|-damage|p2a: Annihilape|66\/100|[from] item: Rocky Helmet|[of] p1b: Amoonguss\n|\n|upkeep\n|turn|3\n|\n|t:|1682062263\n|switch|p2a: Gholdengo|Gholdengo, L50|100\/100\n|move|p2b: Maushold|Protect|p2b: Maushold\n|-singleturn|p2b: Maushold|Protect\n|move|p1a: Garchomp|Stomping Tantrum|p2b: Maushold\n|-activate|p2b: Maushold|move: Protect\n|move|p1b: Amoonguss|Spore|p2a: Gholdengo\n|-immune|p2a: Gholdengo|[from] ability: Good as Gold\n|\n|upkeep\n|turn|4\n|\n|t:|1682062300\n|-terastallize|p1a: Garchomp|Fire\n|-terastallize|p2a: Gholdengo|Water\n|move|p1b: Amoonguss|Protect|p1b: Amoonguss\n|-singleturn|p1b: Amoonguss|Protect\n|move|p2b: Maushold|Follow Me|p2b: Maushold\n|-singleturn|p2b: Maushold|move: Follow Me\n|move|p1a: Garchomp|Earthquake|p2a: Gholdengo|[spread] p2a,p2b\n|-activate|p1b: Amoonguss|move: Protect\n|-damage|p2a: Gholdengo|76\/100\n|-damage|p2b: Maushold|0 fnt\n|faint|p2b: Maushold\n|move|p2a: Gholdengo|Nasty Plot|p2a: Gholdengo\n|-boost|p2a: Gholdengo|spa|2\n|\n|-heal|p2a: Gholdengo|82\/100|[from] item: Leftovers\n|upkeep\n|\n|t:|1682062320\n|switch|p2b: Annihilape|Annihilape, L50, F|66\/100\n|turn|5\n|\n|t:|1682062338\n|move|p1a: Garchomp|Rock Slide|p2b: Annihilape|[spread] p2a,p2b\n|-resisted|p2b: Annihilape\n|-damage|p2a: Gholdengo|66\/100\n|-damage|p2b: Annihilape|56\/100\n|cant|p2b: Annihilape|flinch\n|move|p2a: Gholdengo|Make It Rain|p1b: Amoonguss|[spread] p1a,p1b\n|-resisted|p1a: Garchomp\n|-crit|p1a: Garchomp\n|-damage|p1a: Garchomp|27\/100\n|-damage|p1b: Amoonguss|5\/100\n|-unboost|p2a: Gholdengo|spa|1\n|move|p1b: Amoonguss|Spore|p2b: Annihilape\n|-status|p2b: Annihilape|slp|[from] move: Spore\n|\n|-heal|p2a: Gholdengo|73\/100|[from] item: Leftovers\n|upkeep\n|turn|6\n|\n|t:|1682062379\n|switch|p1b: Iron Bundle|Iron Bundle, L50|100\/100\n|move|p1a: Garchomp|Rock Slide|p2a: Gholdengo|[spread] p2a,p2b\n|-resisted|p2b: Annihilape\n|-damage|p2a: Gholdengo|56\/100\n|-damage|p2b: Annihilape|47\/100 slp\n|-enditem|p2b: Annihilape|Sitrus Berry|[eat]\n|-heal|p2b: Annihilape|72\/100 slp|[from] item: Sitrus Berry\n|cant|p2b: Annihilape|slp\n|cant|p2a: Gholdengo|flinch\n|\n|-heal|p2a: Gholdengo|62\/100|[from] item: Leftovers\n|upkeep\n|turn|7\n|\n|t:|1682062400\n|move|p1a: Garchomp|Protect|p1a: Garchomp\n|-singleturn|p1a: Garchomp|Protect\n|move|p2a: Gholdengo|Protect|p2a: Gholdengo\n|-singleturn|p2a: Gholdengo|Protect\n|move|p1b: Iron Bundle|Freeze-Dry|p2a: Gholdengo\n|-activate|p2a: Gholdengo|move: Protect\n|cant|p2b: Annihilape|slp\n|\n|-heal|p2a: Gholdengo|68\/100|[from] item: Leftovers\n|upkeep\n|turn|8\n|\n|t:|1682062423\n|switch|p1a: Amoonguss|Amoonguss, L50, M|38\/100\n|switch|p2a: Arcanine|Arcanine, L50, F|100\/100\n|-ability|p2a: Arcanine|Intimidate|boost\n|-unboost|p1a: Amoonguss|atk|1\n|-unboost|p1b: Iron Bundle|atk|1\n|move|p1b: Iron Bundle|Encore||[still]\n|-fail|p1b: Iron Bundle\n|cant|p2b: Annihilape|slp\n|\n|upkeep\n|turn|9\n|\n|t:|1682062447\n|move|p2a: Arcanine|Protect|p2a: Arcanine\n|-singleturn|p2a: Arcanine|Protect\n|move|p1a: Amoonguss|Rage Powder|p1a: Amoonguss\n|-singleturn|p1a: Amoonguss|move: Rage Powder\n|move|p1b: Iron Bundle|Freeze-Dry|p2b: Annihilape\n|-damage|p2b: Annihilape|40\/100 slp\n|-curestatus|p2b: Annihilape|slp|[msg]\n|move|p2b: Annihilape|Rage Fist|p1a: Amoonguss\n|-damage|p1a: Amoonguss|0 fnt\n|-damage|p2b: Annihilape|23\/100|[from] item: Rocky Helmet|[of] p1a: Amoonguss\n|faint|p1a: Amoonguss\n|\n|upkeep\n|\n|t:|1682062452\n|switch|p1a: Garchomp|Garchomp, L50, M, tera:Fire|27\/100\n|turn|10\n|\n|t:|1682062479\n|move|p1b: Iron Bundle|Protect|p1b: Iron Bundle\n|-singleturn|p1b: Iron Bundle|Protect\n|move|p2a: Arcanine|Extreme Speed|p1a: Garchomp\n|-damage|p1a: Garchomp|8\/100\n|move|p1a: Garchomp|Earthquake|p2a: Arcanine|[spread] p2a,p2b\n|-activate|p1b: Iron Bundle|move: Protect\n|-supereffective|p2a: Arcanine\n|-damage|p2a: Arcanine|17\/100\n|-damage|p2b: Annihilape|0 fnt\n|-enditem|p2a: Arcanine|Aguav Berry|[eat]\n|-heal|p2a: Arcanine|51\/100|[from] item: Aguav Berry\n|faint|p2b: Annihilape\n|\n|upkeep\n|\n|t:|1682062493\n|switch|p2b: Gholdengo|Gholdengo, L50, tera:Water|68\/100\n|turn|11\n|\n|t:|1682062521\n|switch|p1a: Tyranitar|Tyranitar, L50, M, shiny|100\/100\n|-weather|Sandstorm|[from] ability: Sand Stream|[of] p1a: Tyranitar\n|move|p2a: Arcanine|Extreme Speed|p1a: Tyranitar\n|-resisted|p1a: Tyranitar\n|-damage|p1a: Tyranitar|92\/100\n|move|p1b: Iron Bundle|Freeze-Dry|p2b: Gholdengo\n|-supereffective|p2b: Gholdengo\n|-damage|p2b: Gholdengo|8\/100\n|move|p2b: Gholdengo|Thunderbolt|p1b: Iron Bundle\n|-supereffective|p1b: Iron Bundle\n|-damage|p1b: Iron Bundle|0 fnt\n|faint|p1b: Iron Bundle\n|-end|p1b: Iron Bundle|Quark Drive|[silent]\n|\n|-weather|Sandstorm|[upkeep]\n|-damage|p2a: Arcanine|45\/100|[from] Sandstorm\n|-damage|p2b: Gholdengo|2\/100|[from] Sandstorm\n|-heal|p2b: Gholdengo|8\/100|[from] item: Leftovers\n|upkeep\n|\n|t:|1682062530\n|switch|p1b: Garchomp|Garchomp, L50, M, tera:Fire|8\/100\n|turn|12\n|\n|t:|1682062549\n|move|p2a: Arcanine|Protect|p2a: Arcanine\n|-singleturn|p2a: Arcanine|Protect\n|move|p2b: Gholdengo|Protect|p2b: Gholdengo\n|-singleturn|p2b: Gholdengo|Protect\n|move|p1b: Garchomp|Rock Slide|p2b: Gholdengo|[spread] \n|-activate|p2a: Arcanine|move: Protect\n|-activate|p2b: Gholdengo|move: Protect\n|move|p1a: Tyranitar|Rock Slide|p2b: Gholdengo|[spread] \n|-activate|p2a: Arcanine|move: Protect\n|-activate|p2b: Gholdengo|move: Protect\n|\n|-weather|Sandstorm|[upkeep]\n|-damage|p2a: Arcanine|38\/100|[from] Sandstorm\n|-damage|p2b: Gholdengo|2\/100|[from] Sandstorm\n|-heal|p2b: Gholdengo|8\/100|[from] item: Leftovers\n|upkeep\n|turn|13\n|\n|t:|1682062573\n|move|p1b: Garchomp|Protect|p1b: Garchomp\n|-singleturn|p1b: Garchomp|Protect\n|move|p2a: Arcanine|Extreme Speed|p1b: Garchomp\n|-activate|p1b: Garchomp|move: Protect\n|move|p2b: Gholdengo|Make It Rain|p1b: Garchomp|[spread] p1a\n|-activate|p1b: Garchomp|move: Protect\n|-supereffective|p1a: Tyranitar\n|-damage|p1a: Tyranitar|60\/100\n|-unboost|p2b: Gholdengo|spa|1\n|move|p1a: Tyranitar|Rock Slide|p2a: Arcanine|[spread] p2a\n|-miss|p1a: Tyranitar|p2b: Gholdengo\n|-supereffective|p2a: Arcanine\n|-damage|p2a: Arcanine|0 fnt\n|faint|p2a: Arcanine\n|\n|-weather|Sandstorm|[upkeep]\n|-damage|p2b: Gholdengo|2\/100|[from] Sandstorm\n|-heal|p2b: Gholdengo|8\/100|[from] item: Leftovers\n|upkeep\n|turn|14\n|-message|Zarroc1994 forfeited.\n|\n|win|Emberbloom\n|raw|Emberbloom's rating: 1359 → 1383<\/strong> (+24 for winning)\n|raw|Zarroc1994's rating: 1434 → 1410<\/strong> (-24 for losing)\n|l|\u2606Zarroc1994\n","uploadtime":1682062597,"views":8,"p1id":"emberbloom","p2id":"zarroc1994","formatid":"gen9vgc2023regulationc","rating":1383,"private":0,"password":""}