{"id":"gen9vgc2023regulationc-1863280376","p1":"winteredsoul","p2":"Pampey","format":"[Gen 9] VGC 2023 Regulation C","log":"|j|\u2606winteredsoul\n|j|\u2606Pampey\n|t:|1683997300\n|gametype|doubles\n|player|p1|winteredsoul|acetrainer-gen4dp|\n|player|p2|Pampey|pryce|\n|teamsize|p1|6\n|teamsize|p2|6\n|gen|9\n|tier|[Gen 9] VGC 2023 Regulation C\n|rule|Tera Type Preview: Tera Types are shown at Team Preview\n|rule|Species Clause: Limit one of each Pok\u00e9mon\n|rule|Item Clause: Limit one of each item\n|clearpoke\n|poke|p1|Iron Bundle, L50|\n|poke|p1|Glimmora, L50, F|\n|poke|p1|Tauros-Paldea-Blaze, L50, M|\n|poke|p1|Tsareena, L50, F|\n|poke|p1|Ting-Lu, L50|\n|poke|p1|Altaria, L50, F|\n|poke|p2|Iron Valiant, L50|\n|poke|p2|Ting-Lu, L50|\n|poke|p2|Amoonguss, L50, M|\n|poke|p2|Tatsugiri, L50, F|\n|poke|p2|Dondozo, L50, F|\n|poke|p2|Staraptor, L50, F|\n|teampreview|4\n|raw|winteredsoul's Tera Types: \/ \/ \/ \/ \/ \n|raw|Pampey's Tera Types: \/ \/ \/ \/ \/ \n|inactive|Battle timer is ON: inactive players will automatically lose when time's up. (requested by winteredsoul)\n|inactiveoff|Battle timer is now OFF.\n|c|\u2606winteredsoul|yk what i'll do it for differentials sake\n|c|\u2606Pampey|alright\n|c|\u2606Pampey|gl hf\n|c|\u2606winteredsoul|gl hf\n|\n|t:|1683998062\n|start\n|switch|p1a: Tauros|Tauros-Paldea-Blaze, L50, M|100\/100\n|switch|p1b: Glimmora|Glimmora, L50, F|100\/100\n|switch|p2a: Iron Valiant|Iron Valiant, L50|100\/100\n|switch|p2b: Amoonguss|Amoonguss, L50, M|100\/100\n|-ability|p1a: Tauros|Intimidate|boost\n|-unboost|p2a: Iron Valiant|atk|1\n|-unboost|p2b: Amoonguss|atk|1\n|-enditem|p2a: Iron Valiant|Booster Energy\n|-activate|p2a: Iron Valiant|ability: Quark Drive|[fromitem]\n|-start|p2a: Iron Valiant|quarkdrivespe\n|turn|1\n|\n|t:|1683998114\n|move|p2a: Iron Valiant|Protect|p2a: Iron Valiant\n|-singleturn|p2a: Iron Valiant|Protect\n|move|p1b: Glimmora|Sludge Bomb|p2a: Iron Valiant\n|-activate|p2a: Iron Valiant|move: Protect\n|move|p1a: Tauros|Flare Blitz|p2b: Amoonguss\n|-supereffective|p2b: Amoonguss\n|-damage|p2b: Amoonguss|0 fnt\n|faint|p2b: Amoonguss\n|-damage|p1a: Tauros|60\/100|[from] Recoil\n|\n|upkeep\n|\n|t:|1683998121\n|switch|p2b: Staraptor|Staraptor, L50, F|100\/100\n|-ability|p2b: Staraptor|Intimidate|boost\n|-unboost|p1a: Tauros|atk|1\n|-unboost|p1b: Glimmora|atk|1\n|turn|2\n|\n|t:|1683998149\n|-terastallize|p2b: Staraptor|Fighting\n|move|p1b: Glimmora|Protect|p1b: Glimmora\n|-singleturn|p1b: Glimmora|Protect\n|move|p1a: Tauros|Protect|p1a: Tauros\n|-singleturn|p1a: Tauros|Protect\n|move|p2a: Iron Valiant|Moonblast|p1a: Tauros\n|-activate|p1a: Tauros|move: Protect\n|move|p2b: Staraptor|Close Combat|p1b: Glimmora\n|-activate|p1b: Glimmora|move: Protect\n|\n|upkeep\n|turn|3\n|\n|t:|1683998168\n|move|p2a: Iron Valiant|Moonblast|p1a: Tauros\n|-damage|p1a: Tauros|0 fnt\n|faint|p1a: Tauros\n|move|p2b: Staraptor|Close Combat|p1b: Glimmora\n|-damage|p1b: Glimmora|27\/100\n|-unboost|p2b: Staraptor|def|1\n|-unboost|p2b: Staraptor|spd|1\n|-activate|p1b: Glimmora|ability: Toxic Debris\n|-sidestart|p2: Pampey|move: Toxic Spikes\n|move|p1b: Glimmora|Sludge Bomb|p2b: Staraptor\n|-enditem|p2b: Staraptor|Focus Sash\n|-damage|p2b: Staraptor|1\/100\n|-damage|p1b: Glimmora|17\/100|[from] item: Life Orb\n|\n|upkeep\n|\n|t:|1683998181\n|switch|p1a: Iron Bundle|Iron Bundle, L50|100\/100\n|-enditem|p1a: Iron Bundle|Booster Energy\n|-activate|p1a: Iron Bundle|ability: Quark Drive|[fromitem]\n|-start|p1a: Iron Bundle|quarkdrivespe\n|turn|4\n|\n|t:|1683998200\n|move|p1a: Iron Bundle|Icy Wind|p2a: Iron Valiant|[spread] p2a,p2b\n|-damage|p2a: Iron Valiant|56\/100\n|-damage|p2b: Staraptor|0 fnt\n|-unboost|p2a: Iron Valiant|spe|1\n|faint|p2b: Staraptor\n|move|p2a: Iron Valiant|Thunderbolt|p1a: Iron Bundle\n|-supereffective|p1a: Iron Bundle\n|-damage|p1a: Iron Bundle|0 fnt\n|faint|p1a: Iron Bundle\n|-end|p1a: Iron Bundle|Quark Drive|[silent]\n|move|p1b: Glimmora|Sludge Bomb|p2a: Iron Valiant\n|-supereffective|p2a: Iron Valiant\n|-damage|p2a: Iron Valiant|0 fnt\n|faint|p2a: Iron Valiant\n|-end|p2a: Iron Valiant|Quark Drive|[silent]\n|-damage|p1b: Glimmora|8\/100|[from] item: Life Orb\n|\n|upkeep\n|j| LegendBtw\n|l| LegendBtw\n|\n|t:|1683998212\n|switch|p1a: Ting-Lu|Ting-Lu, L50|100\/100\n|switch|p2b: Dondozo|Dondozo, L50, F|100\/100\n|-status|p2b: Dondozo|psn\n|-ability|p1a: Ting-Lu|Vessel of Ruin\n|turn|5\n|\n|t:|1683998223\n|-terastallize|p1a: Ting-Lu|Flying\n|move|p1b: Glimmora|Energy Ball|p2b: Dondozo\n|-supereffective|p2b: Dondozo\n|-damage|p2b: Dondozo|48\/100 psn\n|-damage|p1b: Glimmora|0 fnt|[from] item: Life Orb\n|faint|p1b: Glimmora\n|move|p2b: Dondozo|Wave Crash|p1a: Ting-Lu\n|-damage|p1a: Ting-Lu|71\/100\n|-damage|p2b: Dondozo|37\/100 psn|[from] Recoil\n|move|p1a: Ting-Lu|Stomping Tantrum|p2b: Dondozo\n|-damage|p2b: Dondozo|11\/100 psn\n|\n|-heal|p2b: Dondozo|17\/100 psn|[from] item: Leftovers\n|-heal|p1a: Ting-Lu|77\/100|[from] item: Leftovers\n|-damage|p2b: Dondozo|5\/100 psn|[from] psn\n|upkeep\n|turn|6\n|c|\u2606Pampey|gg\n|c|\u2606winteredsoul|gg\n|c|\u2606winteredsoul|ig 2-1 ain't so bad\n|\n|t:|1683998247\n|move|p2b: Dondozo|Ice Fang|p1a: Ting-Lu\n|-supereffective|p1a: Ting-Lu\n|-damage|p1a: Ting-Lu|58\/100\n|move|p1a: Ting-Lu|Earthquake|p2b: Dondozo\n|-damage|p2b: Dondozo|0 fnt\n|faint|p2b: Dondozo\n|\n|win|winteredsoul\n|c|\u2606Pampey|yeah you still won one game\n","uploadtime":1683998259,"views":5,"p1id":"winteredsoul","p2id":"pampey","formatid":"gen9vgc2023regulationc","rating":0,"private":0,"password":""}