{"id":"gen9vgc2023regulationc-1861737415","p1":"yung elmers glue","p2":"Arcacagne","format":"[Gen 9] VGC 2023 Regulation C","log":"|j|\u2606yung elmers glue\n|j|\u2606Arcacagne\n|t:|1683802362\n|gametype|doubles\n|player|p1|yung elmers glue|266|1381\n|player|p2|Arcacagne|102|1413\n|teamsize|p1|6\n|teamsize|p2|6\n|gen|9\n|tier|[Gen 9] VGC 2023 Regulation C\n|rated|\n|rule|Species Clause: Limit one of each Pok\u00e9mon\n|rule|Item Clause: Limit one of each item\n|clearpoke\n|poke|p1|Palafin, L50, F|\n|poke|p1|Arcanine, L50, F|\n|poke|p1|Amoonguss, L50, F|\n|poke|p1|Ting-Lu, L50|\n|poke|p1|Baxcalibur, L50, M|\n|poke|p1|Flutter Mane, L50|\n|poke|p2|Chi-Yu, L50|\n|poke|p2|Flutter Mane, L50|\n|poke|p2|Amoonguss, L50, F|\n|poke|p2|Ting-Lu, L50|\n|poke|p2|Iron Hands, L50|\n|poke|p2|Gyarados, L50, F|\n|teampreview|4\n|inactive|Battle timer is ON: inactive players will automatically lose when time's up. (requested by Arcacagne)\n|\n|t:|1683802412\n|start\n|switch|p1a: Flutter Mane|Flutter Mane, L50|100\/100\n|switch|p1b: Palafin|Palafin, L50, F|100\/100\n|switch|p2a: Flutter Mane|Flutter Mane, L50|100\/100\n|switch|p2b: Amoonguss|Amoonguss, L50, F|100\/100\n|-enditem|p2a: Flutter Mane|Booster Energy\n|-activate|p2a: Flutter Mane|ability: Protosynthesis|[fromitem]\n|-start|p2a: Flutter Mane|protosynthesisspa\n|turn|1\n|inactive|yung elmers glue has 30 seconds left.\n|\n|t:|1683802440\n|-end|p1a: Flutter Mane|Protosynthesis|[silent]\n|switch|p1a: Arcanine|Arcanine, L50, F|100\/100\n|-ability|p1a: Arcanine|Intimidate|boost\n|-unboost|p2a: Flutter Mane|atk|1\n|-unboost|p2b: Amoonguss|atk|1\n|detailschange|p1b: Palafin|Palafin-Hero, L50, F\n|switch|p1b: Amoonguss|Amoonguss, L50, F|100\/100\n|move|p2b: Amoonguss|Rage Powder|p2b: Amoonguss\n|-singleturn|p2b: Amoonguss|move: Rage Powder\n|move|p2a: Flutter Mane|Substitute|p2a: Flutter Mane\n|-start|p2a: Flutter Mane|Substitute\n|-damage|p2a: Flutter Mane|76\/100\n|\n|upkeep\n|turn|2\n|\n|t:|1683802462\n|switch|p1b: Palafin|Palafin-Hero, L50, F|100\/100\n|-activate|p1b: Palafin|ability: Zero to Hero\n|-terastallize|p2b: Amoonguss|Water\n|move|p2b: Amoonguss|Rage Powder|p2b: Amoonguss\n|-singleturn|p2b: Amoonguss|move: Rage Powder\n|move|p2a: Flutter Mane|Shadow Ball|p1a: Arcanine\n|-damage|p1a: Arcanine|50\/100\n|move|p1a: Arcanine|Howl|p1a: Arcanine|[spread] p1a,p1b\n|-boost|p1a: Arcanine|atk|1\n|-boost|p1b: Palafin|atk|1\n|\n|upkeep\n|turn|3\n|inactive|yung elmers glue has 30 seconds left.\n|\n|t:|1683802492\n|move|p2a: Flutter Mane|Protect|p2a: Flutter Mane\n|-singleturn|p2a: Flutter Mane|Protect\n|move|p1b: Palafin|Protect|p1b: Palafin\n|-singleturn|p1b: Palafin|Protect\n|move|p1a: Arcanine|Howl|p1a: Arcanine|[spread] p1a,p1b\n|-boost|p1a: Arcanine|atk|1\n|-boost|p1b: Palafin|atk|1\n|move|p2b: Amoonguss|Spore|p1b: Palafin\n|-activate|p1b: Palafin|move: Protect\n|\n|upkeep\n|turn|4\n|\n|t:|1683802506\n|move|p2a: Flutter Mane|Shadow Ball|p1a: Arcanine\n|-damage|p1a: Arcanine|0 fnt\n|faint|p1a: Arcanine\n|move|p1b: Palafin|Substitute|p1b: Palafin\n|-start|p1b: Palafin|Substitute\n|-damage|p1b: Palafin|76\/100\n|move|p2b: Amoonguss|Spore||[still]\n|-fail|p2b: Amoonguss\n|\n|upkeep\n|\n|t:|1683802517\n|switch|p1a: Flutter Mane|Flutter Mane, L50|100\/100\n|turn|5\n|\n|t:|1683802530\n|-terastallize|p1a: Flutter Mane|Fairy\n|move|p2a: Flutter Mane|Protect|p2a: Flutter Mane\n|-singleturn|p2a: Flutter Mane|Protect\n|move|p1a: Flutter Mane|Dazzling Gleam|p2b: Amoonguss|[spread] p2b\n|-activate|p2a: Flutter Mane|move: Protect\n|-damage|p2b: Amoonguss|49\/100\n|-enditem|p2b: Amoonguss|Sitrus Berry|[eat]\n|-heal|p2b: Amoonguss|74\/100|[from] item: Sitrus Berry\n|move|p1b: Palafin|Wave Crash|p2b: Amoonguss\n|-resisted|p2b: Amoonguss\n|-damage|p2b: Amoonguss|0 fnt\n|faint|p2b: Amoonguss\n|-damage|p1b: Palafin|50\/100|[from] Recoil\n|\n|upkeep\n|\n|t:|1683802553\n|switch|p2b: Iron Hands|Iron Hands, L50|100\/100\n|turn|6\n|\n|t:|1683802561\n|-end|p1a: Flutter Mane|Protosynthesis|[silent]\n|switch|p1a: Amoonguss|Amoonguss, L50, F|100\/100\n|move|p2b: Iron Hands|Fake Out|p1a: Amoonguss\n|-damage|p1a: Amoonguss|88\/100\n|move|p1b: Palafin|Jet Punch|p2a: Flutter Mane\n|-end|p2a: Flutter Mane|Substitute\n|move|p2a: Flutter Mane|Moonblast|p1b: Palafin\n|-end|p1b: Palafin|Substitute\n|\n|upkeep\n|turn|7\n|\n|t:|1683802585\n|-end|p2a: Flutter Mane|Protosynthesis|[silent]\n|switch|p2a: Gyarados|Gyarados, L50, F|100\/100\n|-ability|p2a: Gyarados|Intimidate|boost\n|-unboost|p1a: Amoonguss|atk|1\n|-unboost|p1b: Palafin|atk|1\n|move|p1a: Amoonguss|Rage Powder|p1a: Amoonguss\n|-singleturn|p1a: Amoonguss|move: Rage Powder\n|move|p1b: Palafin|Jet Punch|p2a: Gyarados\n|-resisted|p2a: Gyarados\n|-damage|p2a: Gyarados|63\/100\n|move|p2b: Iron Hands|Swords Dance|p2b: Iron Hands\n|-boost|p2b: Iron Hands|atk|2\n|\n|upkeep\n|turn|8\n|\n|t:|1683802602\n|move|p1b: Palafin|Wave Crash|p2b: Iron Hands\n|-damage|p2b: Iron Hands|4\/100\n|-damage|p1b: Palafin|11\/100|[from] Recoil\n|move|p2a: Gyarados|Taunt|p1a: Amoonguss\n|-start|p1a: Amoonguss|move: Taunt\n|move|p2b: Iron Hands|Thunder Punch|p1b: Palafin\n|-supereffective|p1b: Palafin\n|-damage|p1b: Palafin|0 fnt\n|faint|p1b: Palafin\n|move|p1a: Amoonguss|Pollen Puff|p1: Palafin|[notarget]\n|-fail|p1a: Amoonguss\n|\n|upkeep\n|\n|t:|1683802615\n|switch|p1b: Flutter Mane|Flutter Mane, L50, tera:Fairy|100\/100\n|turn|9\n|inactive|Arcacagne has 30 seconds left.\n|\n|t:|1683802647\n|move|p1b: Flutter Mane|Dazzling Gleam|p2a: Gyarados|[spread] p2a,p2b\n|-supereffective|p2b: Iron Hands\n|-damage|p2a: Gyarados|18\/100\n|-damage|p2b: Iron Hands|0 fnt\n|faint|p2b: Iron Hands\n|-end|p2b: Iron Hands|Quark Drive|[silent]\n|move|p2a: Gyarados|Thunder Wave|p1b: Flutter Mane\n|-status|p1b: Flutter Mane|par\n|move|p1a: Amoonguss|Pollen Puff|p1b: Flutter Mane\n|-immune|p1b: Flutter Mane\n|\n|upkeep\n|\n|t:|1683802659\n|switch|p2b: Flutter Mane|Flutter Mane, L50|76\/100\n|turn|10\n|\n|t:|1683802683\n|move|p2b: Flutter Mane|Substitute|p2b: Flutter Mane\n|-start|p2b: Flutter Mane|Substitute\n|-damage|p2b: Flutter Mane|51\/100\n|move|p2a: Gyarados|Waterfall|p1b: Flutter Mane\n|-damage|p1b: Flutter Mane|56\/100 par\n|move|p1b: Flutter Mane|Dazzling Gleam|p2b: Flutter Mane|[spread] p2a,p2b\n|-end|p2b: Flutter Mane|Substitute\n|-damage|p2a: Gyarados|0 fnt\n|faint|p2a: Gyarados\n|move|p1a: Amoonguss|Pollen Puff|p1b: Flutter Mane\n|-heal|p1b: Flutter Mane|100\/100 par\n|\n|-end|p1a: Amoonguss|move: Taunt\n|upkeep\n|turn|11\n|inactive|yung elmers glue has 30 seconds left.\n|inactive|yung elmers glue has 20 seconds left.\n|\n|t:|1683802718\n|move|p2b: Flutter Mane|Moonblast|p1b: Flutter Mane\n|-damage|p1b: Flutter Mane|54\/100 par\n|-unboost|p1b: Flutter Mane|spa|1\n|move|p1b: Flutter Mane|Dazzling Gleam|p2b: Flutter Mane\n|-damage|p2b: Flutter Mane|0 fnt\n|faint|p2b: Flutter Mane\n|-end|p2b: Flutter Mane|Protosynthesis|[silent]\n|\n|win|yung elmers glue\n|raw|yung elmers glue's rating: 1381 → 1403<\/strong> (+22 for winning)\n|raw|Arcacagne's rating: 1413 → 1391<\/strong> (-22 for losing)\n","uploadtime":1683802730,"views":16,"p1id":"yungelmersglue","p2id":"arcacagne","formatid":"gen9vgc2023regulationc","rating":1391,"private":0,"password":""}