{"id":"gen9vgc2023regulationc-1858381696","p1":"shimaumaviera","p2":"ggttmmhh","format":"[Gen 9] VGC 2023 Regulation C","log":"|j|\u2606shimaumaviera\n|j|\u2606ggttmmhh\n|t:|1683307121\n|gametype|doubles\n|player|p1|shimaumaviera|170|1721\n|player|p2|ggttmmhh|169|1729\n|teamsize|p1|6\n|teamsize|p2|6\n|gen|9\n|tier|[Gen 9] VGC 2023 Regulation C\n|rated|\n|rule|Species Clause: Limit one of each Pok\u00e9mon\n|rule|Item Clause: Limit one of each item\n|clearpoke\n|poke|p1|Flutter Mane, L50|\n|poke|p1|Chi-Yu, L50|\n|poke|p1|Great Tusk, L50|\n|poke|p1|Torkoal, L50, M|\n|poke|p1|Murkrow, L50, F|\n|poke|p1|Jumpluff, L50, F|\n|poke|p2|Orthworm, L50, F|\n|poke|p2|Dragonite, L50, M|\n|poke|p2|Ting-Lu, L50|\n|poke|p2|Gyarados, L50, M|\n|poke|p2|Flutter Mane, L50|\n|poke|p2|Chien-Pao, L50|\n|teampreview|4\n|inactive|Battle timer is ON: inactive players will automatically lose when time's up. (requested by ggttmmhh)\n|inactive|ggttmmhh has 60 seconds left.\n|\n|t:|1683307174\n|start\n|switch|p1a: Torkoal|Torkoal, L50, M, shiny|100\/100\n|switch|p1b: Jumpluff|Jumpluff, L50, F|100\/100\n|switch|p2a: Gyarados|Gyarados, L50, M|100\/100\n|switch|p2b: Chien-Pao|Chien-Pao, L50|100\/100\n|-ability|p2b: Chien-Pao|Sword of Ruin\n|-ability|p2a: Gyarados|Intimidate|boost\n|-unboost|p1a: Torkoal|atk|1\n|-unboost|p1b: Jumpluff|atk|1\n|-weather|SunnyDay|[from] ability: Drought|[of] p1a: Torkoal\n|turn|1\n|\n|t:|1683307190\n|move|p2b: Chien-Pao|Protect|p2b: Chien-Pao\n|-singleturn|p2b: Chien-Pao|Protect\n|move|p1b: Jumpluff|Tailwind|p1b: Jumpluff\n|-sidestart|p1: shimaumaviera|move: Tailwind\n|move|p1a: Torkoal|Eruption|p2b: Chien-Pao|[spread] p2a\n|-activate|p2b: Chien-Pao|move: Protect\n|-resisted|p2a: Gyarados\n|-damage|p2a: Gyarados|73\/100\n|move|p2a: Gyarados|Taunt|p1b: Jumpluff\n|-start|p1b: Jumpluff|move: Taunt\n|\n|-weather|SunnyDay|[upkeep]\n|upkeep\n|turn|2\n|inactive|ggttmmhh has 30 seconds left.\n|inactive|ggttmmhh has 20 seconds left.\n|inactive|ggttmmhh has 15 seconds left.\n|\n|t:|1683307232\n|move|p1b: Jumpluff|Pollen Puff|p2b: Chien-Pao\n|-supereffective|p2b: Chien-Pao\n|-damage|p2b: Chien-Pao|59\/100\n|move|p2b: Chien-Pao|Ice Spinner|p1b: Jumpluff\n|-supereffective|p1b: Jumpluff\n|-damage|p1b: Jumpluff|0 fnt\n|faint|p1b: Jumpluff\n|move|p1a: Torkoal|Eruption|p2a: Gyarados|[spread] p2a,p2b\n|-resisted|p2a: Gyarados\n|-supereffective|p2b: Chien-Pao\n|-damage|p2a: Gyarados|45\/100\n|-damage|p2b: Chien-Pao|0 fnt\n|faint|p2b: Chien-Pao\n|move|p2a: Gyarados|Waterfall|p1a: Torkoal\n|-supereffective|p1a: Torkoal\n|-damage|p1a: Torkoal|72\/100\n|\n|-weather|SunnyDay|[upkeep]\n|upkeep\n|inactive|shimaumaviera has 30 seconds left.\n|\n|t:|1683307257\n|switch|p2b: Ting-Lu|Ting-Lu, L50|100\/100\n|switch|p1b: Flutter Mane|Flutter Mane, L50, shiny|100\/100\n|-activate|p1b: Flutter Mane|ability: Protosynthesis\n|-start|p1b: Flutter Mane|protosynthesisspa\n|-ability|p2b: Ting-Lu|Vessel of Ruin\n|turn|3\n|inactive|shimaumaviera has 30 seconds left.\n|inactive|ggttmmhh has 30 seconds left.\n|\n|t:|1683307284\n|-terastallize|p1b: Flutter Mane|Fairy\n|-terastallize|p2b: Ting-Lu|Water\n|move|p1b: Flutter Mane|Dazzling Gleam|p2b: Ting-Lu|[spread] p2a,p2b\n|-damage|p2a: Gyarados|0 fnt\n|-damage|p2b: Ting-Lu|53\/100\n|faint|p2a: Gyarados\n|move|p1a: Torkoal|Earth Power|p2b: Ting-Lu\n|-damage|p2b: Ting-Lu|37\/100\n|move|p2b: Ting-Lu|Earthquake|p1b: Flutter Mane|[spread] p1a,p1b\n|-supereffective|p1a: Torkoal\n|-crit|p1b: Flutter Mane\n|-damage|p1a: Torkoal|0 fnt\n|-damage|p1b: Flutter Mane|0 fnt\n|faint|p1a: Torkoal\n|faint|p1b: Flutter Mane\n|-end|p1b: Flutter Mane|Protosynthesis|[silent]\n|\n|-weather|SunnyDay|[upkeep]\n|upkeep\n|\n|t:|1683307306\n|switch|p2a: Dragonite|Dragonite, L50, M|100\/100\n|switch|p1a: Great Tusk|Great Tusk, L50|100\/100\n|-activate|p1a: Great Tusk|ability: Protosynthesis\n|-start|p1a: Great Tusk|protosynthesisatk\n|turn|4\n|inactive|ggttmmhh has 30 seconds left.\n|\n|t:|1683307336\n|move|p1a: Great Tusk|Rock Slide|p2a: Dragonite|[spread] p2a,p2b\n|-supereffective|p2a: Dragonite\n|-damage|p2a: Dragonite|75\/100\n|-damage|p2b: Ting-Lu|21\/100\n|cant|p2a: Dragonite|flinch\n|cant|p2b: Ting-Lu|flinch\n|\n|-weather|SunnyDay|[upkeep]\n|-sideend|p1: shimaumaviera|move: Tailwind\n|upkeep\n|turn|5\n|inactive|ggttmmhh has 30 seconds left.\n|\n|t:|1683307365\n|move|p1a: Great Tusk|Rock Slide|p2a: Dragonite|[spread] p2a,p2b\n|-supereffective|p2a: Dragonite\n|-damage|p2a: Dragonite|24\/100\n|-damage|p2b: Ting-Lu|4\/100\n|cant|p2a: Dragonite|flinch\n|cant|p2b: Ting-Lu|flinch\n|\n|-weather|none\n|-end|p1a: Great Tusk|Protosynthesis\n|upkeep\n|turn|6\n|j| angelofjustice\n|c|\u2606shimaumaviera|\u306f\u306f\u306f\n|inactive|shimaumaviera has 30 seconds left.\n|\n|t:|1683307391\n|move|p1a: Great Tusk|Rock Slide|p2b: Ting-Lu|[spread] p2a,p2b\n|-supereffective|p2a: Dragonite\n|-damage|p2a: Dragonite|0 fnt\n|-damage|p2b: Ting-Lu|0 fnt\n|faint|p2a: Dragonite\n|faint|p2b: Ting-Lu\n|\n|win|shimaumaviera\n|raw|shimaumaviera's rating: 1721 → 1741<\/strong> (+20 for winning)\n|raw|ggttmmhh's rating: 1729 → 1709<\/strong> (-20 for losing)\n|l|\u2606ggttmmhh\n|l|\u2606shimaumaviera\n","uploadtime":1683307404,"views":16,"p1id":"shimaumaviera","p2id":"ggttmmhh","formatid":"gen9vgc2023regulationc","rating":1709,"private":0,"password":""}