{"id":"gen9vgc2023regulationc-1863589385","p1":"TheGalvinBros","p2":"yokinihakarae","format":"[Gen 9] VGC 2023 Regulation C","log":"|j|\u2606TheGalvinBros\n|j|\u2606yokinihakarae\n|t:|1684039033\n|gametype|doubles\n|player|p1|TheGalvinBros|backers|1000\n|player|p2|yokinihakarae|266|1060\n|teamsize|p1|6\n|teamsize|p2|6\n|gen|9\n|tier|[Gen 9] VGC 2023 Regulation C\n|rated|\n|rule|Species Clause: Limit one of each Pok\u00e9mon\n|rule|Item Clause: Limit one of each item\n|clearpoke\n|poke|p1|Scizor, L50, M|\n|poke|p1|Falinks, L50|\n|poke|p1|Ting-Lu, L50|\n|poke|p1|Gothitelle, L50, M|\n|poke|p1|Flutter Mane, L50|\n|poke|p1|Amoonguss, L50, F|\n|poke|p2|Chi-Yu, L50|\n|poke|p2|Flutter Mane, L50|\n|poke|p2|Amoonguss, L50, F|\n|poke|p2|Gyarados, L50, F|\n|poke|p2|Dragonite, L50, F|\n|poke|p2|Iron Hands, L50|\n|teampreview|4\nTheGalvinBros has agreed to open team sheets.\n|inactive|Battle timer is ON: inactive players will automatically lose when time's up. (requested by yokinihakarae)\n|inactive|TheGalvinBros has 60 seconds left.\n|inactive|TheGalvinBros has 30 seconds left.\n|\n|t:|1684039150\n|start\n|switch|p1a: Foreman|Scizor, L50, M|100\/100\n|switch|p1b: Lefri|Falinks, L50|100\/100\n|switch|p2a: Flutter Mane|Flutter Mane, L50|100\/100\n|switch|p2b: Iron Hands|Iron Hands, L50|100\/100\n|-enditem|p2a: Flutter Mane|Booster Energy\n|-activate|p2a: Flutter Mane|ability: Protosynthesis|[fromitem]\n|-start|p2a: Flutter Mane|protosynthesisspa\n|turn|1\n|inactive|TheGalvinBros has 30 seconds left.\n|inactive|yokinihakarae has 30 seconds left.\n|inactive|TheGalvinBros has 20 seconds left.\n|inactive|TheGalvinBros has 15 seconds left.\n|\n|t:|1684039190\n|-end|p2a: Flutter Mane|Protosynthesis|[silent]\n|switch|p2a: Amoonguss|Amoonguss, L50, F|100\/100\n|switch|p1b: Gothitelle|Gothitelle, L50, M|100\/100\n|-end|p2b: Iron Hands|Quark Drive|[silent]\n|switch|p2b: Chi-Yu|Chi-Yu, L50|100\/100\n|-ability|p2b: Chi-Yu|Beads of Ruin\n|move|p1a: Foreman|Protect||[still]\n|-fail|p1a: Foreman\n|\n|upkeep\n|turn|2\n|inactive|TheGalvinBros has 30 seconds left.\n|\n|t:|1684039219\n|move|p1b: Gothitelle|Fake Out|p2b: Chi-Yu\n|-damage|p2b: Chi-Yu|91\/100\n|cant|p2b: Chi-Yu|flinch\n|move|p1a: Foreman|Swords Dance|p1a: Foreman\n|-boost|p1a: Foreman|atk|2\n|move|p2a: Amoonguss|Spore|p1b: Gothitelle\n|-status|p1b: Gothitelle|slp|[from] move: Spore\n|\n|upkeep\n|turn|3\n|inactive|TheGalvinBros has 30 seconds left.\n|inactive|TheGalvinBros has 20 seconds left.\n|inactive|TheGalvinBros has 15 seconds left.\n|inactive|TheGalvinBros has 10 seconds left.\n|inactive|TheGalvinBros has 5 seconds left.\n|\n|t:|1684039270\n|switch|p1b: Mole|Ting-Lu, L50|100\/100\n|-ability|p1b: Mole|Vessel of Ruin\n|-terastallize|p1a: Foreman|Fire\n|move|p2a: Amoonguss|Rage Powder|p2a: Amoonguss\n|-singleturn|p2a: Amoonguss|move: Rage Powder\n|move|p1a: Foreman|Bullet Punch|p2a: Amoonguss\n|-damage|p2a: Amoonguss|46\/100\n|-damage|p1a: Foreman|84\/100|[from] item: Rocky Helmet|[of] p2a: Amoonguss\n|move|p2b: Chi-Yu|Heat Wave|p1a: Foreman|[spread] p1a,p1b\n|-resisted|p1a: Foreman\n|-damage|p1a: Foreman|60\/100\n|-damage|p1b: Mole|84\/100\n|\n|upkeep\n|turn|4\n|inactive|TheGalvinBros has 30 seconds left.\n|inactive|yokinihakarae has 30 seconds left.\n|inactive|yokinihakarae has 20 seconds left.\n|inactive|yokinihakarae has 15 seconds left.\n|inactive|yokinihakarae has 10 seconds left.\n|\n|t:|1684039320\n|switch|p2b: Iron Hands|Iron Hands, L50|100\/100\n|move|p1a: Foreman|Bullet Punch|p2a: Amoonguss\n|-damage|p2a: Amoonguss|0 fnt\n|-damage|p1a: Foreman|43\/100|[from] item: Rocky Helmet|[of] p2a: Amoonguss\n|faint|p2a: Amoonguss\n|move|p1b: Mole|Stomping Tantrum|p2b: Iron Hands\n|-supereffective|p2b: Iron Hands\n|-damage|p2b: Iron Hands|60\/100\n|\n|upkeep\n|\n|t:|1684039326\n|switch|p2a: Chi-Yu|Chi-Yu, L50|91\/100\n|-ability|p2a: Chi-Yu|Beads of Ruin\n|turn|5\n|inactive|TheGalvinBros has 30 seconds left.\n|inactive|TheGalvinBros has 20 seconds left.\n|inactive|TheGalvinBros has 15 seconds left.\n|inactive|TheGalvinBros has 10 seconds left.\n|\n|t:|1684039372\n|-terastallize|p2a: Chi-Yu|Grass\n|move|p1a: Foreman|Protect|p1a: Foreman\n|-singleturn|p1a: Foreman|Protect\n|move|p2b: Iron Hands|Fake Out|p1a: Foreman\n|-activate|p1a: Foreman|move: Protect\n|move|p2a: Chi-Yu|Dark Pulse|p1a: Foreman\n|-activate|p1a: Foreman|move: Protect\n|move|p1b: Mole|Stomping Tantrum|p2a: Chi-Yu\n|-resisted|p2a: Chi-Yu\n|-damage|p2a: Chi-Yu|68\/100\n|\n|upkeep\n|turn|6\n|inactive|TheGalvinBros has 30 seconds left.\n|j| Large91\n|inactive|TheGalvinBros has 20 seconds left.\n|inactive|TheGalvinBros has 15 seconds left.\n|inactive|TheGalvinBros has 10 seconds left.\n|\n|t:|1684039417\n|move|p2a: Chi-Yu|Protect|p2a: Chi-Yu\n|-singleturn|p2a: Chi-Yu|Protect\n|move|p1a: Foreman|Bullet Punch|p2a: Chi-Yu\n|-activate|p2a: Chi-Yu|move: Protect\n|move|p2b: Iron Hands|Drain Punch|p1a: Foreman\n|-damage|p1a: Foreman|6\/100\n|-heal|p2b: Iron Hands|74\/100|[from] drain|[of] p1a: Foreman\n|move|p1b: Mole|Stomping Tantrum|p2b: Iron Hands\n|-supereffective|p2b: Iron Hands\n|-damage|p2b: Iron Hands|36\/100\n|-enditem|p2b: Iron Hands|Sitrus Berry|[eat]\n|-heal|p2b: Iron Hands|61\/100|[from] item: Sitrus Berry\n|\n|upkeep\n|turn|7\n|l| Large91\n|inactive|TheGalvinBros has 30 seconds left.\n|inactive|yokinihakarae has 30 seconds left.\n|inactive|TheGalvinBros has 20 seconds left.\n|inactive|yokinihakarae has 20 seconds left.\n|inactive|TheGalvinBros has 15 seconds left.\n|inactive|yokinihakarae has 15 seconds left.\n|inactive|TheGalvinBros has 10 seconds left.\n|inactive|yokinihakarae has 10 seconds left.\n|inactive|TheGalvinBros has 5 seconds left.\n|inactive|yokinihakarae has 5 seconds left.\n|\n|t:|1684039472\n|move|p1a: Foreman|Bullet Punch|p2a: Chi-Yu\n|-damage|p2a: Chi-Yu|0 fnt\n|faint|p2a: Chi-Yu\n|move|p2b: Iron Hands|Drain Punch|p1b: Mole\n|-supereffective|p1b: Mole\n|-damage|p1b: Mole|42\/100\n|-heal|p2b: Iron Hands|82\/100|[from] drain|[of] p1b: Mole\n|move|p1b: Mole|Ruination|p2b: Iron Hands|[miss]\n|-miss|p1b: Mole|p2b: Iron Hands\n|\n|upkeep\n|\n|t:|1684039475\n|switch|p2a: Flutter Mane|Flutter Mane, L50|100\/100\n|turn|8\n|\n|t:|1684039497\n|move|p2a: Flutter Mane|Protect|p2a: Flutter Mane\n|-singleturn|p2a: Flutter Mane|Protect\n|move|p1a: Foreman|Protect|p1a: Foreman\n|-singleturn|p1a: Foreman|Protect\n|move|p2b: Iron Hands|Drain Punch|p1a: Foreman\n|-activate|p1a: Foreman|move: Protect\n|move|p1b: Mole|Ruination|p2b: Iron Hands\n|-damage|p2b: Iron Hands|41\/100\n|\n|upkeep\n|turn|9\n|\n|t:|1684039512\n|move|p1a: Foreman|Bullet Punch|p2a: Flutter Mane\n|-supereffective|p2a: Flutter Mane\n|-damage|p2a: Flutter Mane|0 fnt\n|faint|p2a: Flutter Mane\n|-end|p2a: Flutter Mane|Protosynthesis|[silent]\n|move|p2b: Iron Hands|Drain Punch|p1a: Foreman\n|-damage|p1a: Foreman|0 fnt\n|-heal|p2b: Iron Hands|43\/100|[from] drain|[of] p1a: Foreman\n|faint|p1a: Foreman\n|move|p1b: Mole|Stomping Tantrum|p2b: Iron Hands\n|-supereffective|p2b: Iron Hands\n|-damage|p2b: Iron Hands|6\/100\n|\n|upkeep\n|\n|t:|1684039522\n|switch|p1a: Lefri|Falinks, L50|100\/100\n|turn|10\n|\n|t:|1684039530\n|move|p1a: Lefri|No Retreat|p1a: Lefri\n|-boost|p1a: Lefri|atk|1\n|-boost|p1a: Lefri|def|1\n|-boost|p1a: Lefri|spa|1\n|-boost|p1a: Lefri|spd|1\n|-boost|p1a: Lefri|spe|1\n|-start|p1a: Lefri|move: No Retreat\n|move|p2b: Iron Hands|Drain Punch|p1b: Mole\n|-supereffective|p1b: Mole\n|-damage|p1b: Mole|3\/100\n|-heal|p2b: Iron Hands|26\/100|[from] drain|[of] p1b: Mole\n|move|p1b: Mole|Stomping Tantrum|p2b: Iron Hands\n|-supereffective|p2b: Iron Hands\n|-damage|p2b: Iron Hands|0 fnt\n|faint|p2b: Iron Hands\n|-end|p2b: Iron Hands|Quark Drive|[silent]\n|\n|win|TheGalvinBros\n|raw|TheGalvinBros's rating: 1000 → 1047<\/strong> (+47 for winning)\n|raw|yokinihakarae's rating: 1060 → 1038<\/strong> (-22 for losing)\n|l|\u2606yokinihakarae\n|l|\u2606TheGalvinBros\n","uploadtime":1684039583,"views":10,"p1id":"thegalvinbros","p2id":"yokinihakarae","formatid":"gen9vgc2023regulationc","rating":1038,"private":0,"password":""}