{"id":"gen9vgc2023regulationc-1854494874","p1":"ShaytheFair","p2":"MareeohYT","format":"[Gen 9] VGC 2023 Regulation C","log":"|j|\u2606ShaytheFair\n|j|\u2606MareeohYT\n|t:|1682818296\n|gametype|doubles\n|player|p1|ShaytheFair|veteranf|\n|player|p2|MareeohYT|policeman-gen4|\n|teamsize|p1|6\n|teamsize|p2|6\n|gen|9\n|tier|[Gen 9] VGC 2023 Regulation C\n|rule|Species Clause: Limit one of each Pok\u00e9mon\n|rule|Item Clause: Limit one of each item\n|clearpoke\n|poke|p1|Palafin, L50, M|\n|poke|p1|Flutter Mane, L50|\n|poke|p1|Arcanine, L50, M|\n|poke|p1|Ting-Lu, L50|\n|poke|p1|Amoonguss, L50, F|\n|poke|p1|Kingambit, L50, M|\n|poke|p2|Ting-Lu, L50|\n|poke|p2|Palafin, L50, F|\n|poke|p2|Amoonguss, L50, M|\n|poke|p2|Arcanine, L50, M|\n|poke|p2|Flutter Mane, L50|\n|poke|p2|Iron Hands, L50|\n|teampreview|4\nMareeohYT has agreed to open team sheets.\nShaytheFair has agreed to open team sheets.\n|\n|t:|1682818503\n|start\n|switch|p1a: Butter Pecan|Arcanine, L50, M|100\/100\n|switch|p1b: Fish Food|Palafin, L50, M|100\/100\n|switch|p2a: Iron Hands|Iron Hands, L50|100\/100\n|switch|p2b: Palafin|Palafin, L50, F, shiny|100\/100\n|-ability|p1a: Butter Pecan|Intimidate|boost\n|-unboost|p2a: Iron Hands|atk|1\n|-unboost|p2b: Palafin|atk|1\n|turn|1\n|\n|t:|1682818525\n|move|p1b: Fish Food|Protect|p1b: Fish Food\n|-singleturn|p1b: Fish Food|Protect\n|move|p2a: Iron Hands|Protect|p2a: Iron Hands\n|-singleturn|p2a: Iron Hands|Protect\n|move|p2b: Palafin|Wave Crash|p1a: Butter Pecan\n|-supereffective|p1a: Butter Pecan\n|-damage|p1a: Butter Pecan|27\/100\n|-damage|p2b: Palafin|76\/100|[from] Recoil\n|move|p1a: Butter Pecan|Will-O-Wisp|p2a: Iron Hands\n|-activate|p2a: Iron Hands|move: Protect\n|\n|upkeep\n|turn|2\n|\n|t:|1682818548\n|detailschange|p1b: Fish Food|Palafin-Hero, L50, M\n|switch|p1b: Chocolate Cherry|Flutter Mane, L50|100\/100\n|-enditem|p1b: Chocolate Cherry|Booster Energy\n|-activate|p1b: Chocolate Cherry|ability: Protosynthesis|[fromitem]\n|-start|p1b: Chocolate Cherry|protosynthesisspa\n|move|p2b: Palafin|Jet Punch|p1a: Butter Pecan\n|-supereffective|p1a: Butter Pecan\n|-damage|p1a: Butter Pecan|0 fnt\n|faint|p1a: Butter Pecan\n|move|p2a: Iron Hands|Swords Dance|p2a: Iron Hands\n|-boost|p2a: Iron Hands|atk|2\n|\n|upkeep\n|\n|t:|1682818561\n|switch|p1a: Moose Tracks|Ting-Lu, L50|100\/100\n|-ability|p1a: Moose Tracks|Vessel of Ruin\n|turn|3\n|\n|t:|1682818576\n|detailschange|p2b: Palafin|Palafin-Hero, L50, F, shiny\n|switch|p2b: Amoonguss|Amoonguss, L50, M|100\/100\n|-terastallize|p1a: Moose Tracks|Water\n|move|p1b: Chocolate Cherry|Protect|p1b: Chocolate Cherry\n|-singleturn|p1b: Chocolate Cherry|Protect\n|move|p2a: Iron Hands|Protect|p2a: Iron Hands\n|-singleturn|p2a: Iron Hands|Protect\n|move|p1a: Moose Tracks|Earthquake|p2a: Iron Hands|[spread] p2b\n|-activate|p1b: Chocolate Cherry|move: Protect\n|-activate|p2a: Iron Hands|move: Protect\n|-damage|p2b: Amoonguss|69\/100\n|\n|upkeep\n|turn|4\n|\n|t:|1682818611\n|-terastallize|p2a: Iron Hands|Fire\n|move|p1b: Chocolate Cherry|Dazzling Gleam|p2a: Iron Hands|[spread] p2a,p2b\n|-resisted|p2a: Iron Hands\n|-resisted|p2b: Amoonguss\n|-damage|p2a: Iron Hands|87\/100\n|-damage|p2b: Amoonguss|55\/100\n|move|p2a: Iron Hands|Wild Charge|p1b: Chocolate Cherry\n|-damage|p1b: Chocolate Cherry|0 fnt\n|faint|p1b: Chocolate Cherry\n|-end|p1b: Chocolate Cherry|Protosynthesis|[silent]\n|-damage|p2a: Iron Hands|72\/100|[from] Recoil\n|move|p1a: Moose Tracks|Ruination|p2a: Iron Hands\n|-damage|p2a: Iron Hands|37\/100\n|move|p2b: Amoonguss|Spore|p1a: Moose Tracks\n|-status|p1a: Moose Tracks|slp|[from] move: Spore\n|\n|upkeep\n|\n|t:|1682818625\n|switch|p1b: Fish Food|Palafin-Hero, L50, M|100\/100\n|-activate|p1b: Fish Food|ability: Zero to Hero\n|turn|5\n|\n|t:|1682818650\n|move|p2b: Amoonguss|Rage Powder|p2b: Amoonguss\n|-singleturn|p2b: Amoonguss|move: Rage Powder\n|move|p1b: Fish Food|Substitute|p1b: Fish Food\n|-start|p1b: Fish Food|Substitute\n|-damage|p1b: Fish Food|76\/100\n|move|p2a: Iron Hands|Wild Charge|p1b: Fish Food\n|-supereffective|p1b: Fish Food\n|-end|p1b: Fish Food|Substitute\n|-damage|p2a: Iron Hands|31\/100|[from] Recoil|[of] p1b: Fish Food\n|cant|p1a: Moose Tracks|slp\n|\n|upkeep\n|turn|6\n|\n|t:|1682818668\n|move|p1b: Fish Food|Wave Crash|p2a: Iron Hands\n|-supereffective|p2a: Iron Hands\n|-damage|p2a: Iron Hands|0 fnt\n|faint|p2a: Iron Hands\n|-end|p2a: Iron Hands|Quark Drive|[silent]\n|-damage|p1b: Fish Food|65\/100|[from] Recoil\n|cant|p1a: Moose Tracks|slp\n|move|p2b: Amoonguss|Pollen Puff|p2: Iron Hands|[notarget]\n|-fail|p2b: Amoonguss\n|\n|upkeep\n|\n|t:|1682818673\n|switch|p2a: Flutter Mane|Flutter Mane, L50|100\/100\n|turn|7\n|\n|t:|1682818688\n|move|p1b: Fish Food|Protect|p1b: Fish Food\n|-singleturn|p1b: Fish Food|Protect\n|move|p2b: Amoonguss|Rage Powder|p2b: Amoonguss\n|-singleturn|p2b: Amoonguss|move: Rage Powder\n|move|p2a: Flutter Mane|Thunderbolt|p1b: Fish Food\n|-activate|p1b: Fish Food|move: Protect\n|cant|p1a: Moose Tracks|slp\n|\n|upkeep\n|turn|8\n|\n|t:|1682818703\n|move|p2b: Amoonguss|Rage Powder|p2b: Amoonguss\n|-singleturn|p2b: Amoonguss|move: Rage Powder\n|move|p2a: Flutter Mane|Thunderbolt|p1b: Fish Food\n|-supereffective|p1b: Fish Food\n|-damage|p1b: Fish Food|0 fnt\n|faint|p1b: Fish Food\n|-curestatus|p1a: Moose Tracks|slp|[msg]\n|move|p1a: Moose Tracks|Heavy Slam|p2b: Amoonguss\n|-damage|p2b: Amoonguss|22\/100\n|-enditem|p2b: Amoonguss|Sitrus Berry|[eat]\n|-heal|p2b: Amoonguss|47\/100|[from] item: Sitrus Berry\n|\n|upkeep\n|turn|9\n|\n|t:|1682818716\n|-end|p2a: Flutter Mane|Protosynthesis|[silent]\n|switch|p2a: Palafin|Palafin-Hero, L50, F, shiny|76\/100\n|-activate|p2a: Palafin|ability: Zero to Hero\n|move|p1a: Moose Tracks|Heavy Slam|p2a: Palafin\n|-resisted|p2a: Palafin\n|-damage|p2a: Palafin|57\/100\n|move|p2b: Amoonguss|Spore|p1a: Moose Tracks\n|-status|p1a: Moose Tracks|slp|[from] move: Spore\n|\n|upkeep\n|turn|10\n|\n|t:|1682818731\n|switch|p2b: Flutter Mane|Flutter Mane, L50|100\/100\n|move|p2a: Palafin|Wave Crash|p1a: Moose Tracks\n|-resisted|p1a: Moose Tracks\n|-crit|p1a: Moose Tracks\n|-damage|p1a: Moose Tracks|51\/100 slp\n|-damage|p2a: Palafin|38\/100|[from] Recoil\n|cant|p1a: Moose Tracks|slp\n|\n|upkeep\n|turn|11\n|c|\u2606MareeohYT|gg wp\n|\n|t:|1682818741\n|move|p2b: Flutter Mane|Thunderbolt|p1a: Moose Tracks\n|-supereffective|p1a: Moose Tracks\n|-damage|p1a: Moose Tracks|18\/100 slp\n|move|p2a: Palafin|Wave Crash|p1a: Moose Tracks\n|-resisted|p1a: Moose Tracks\n|-damage|p1a: Moose Tracks|0 fnt\n|faint|p1a: Moose Tracks\n|-damage|p2a: Palafin|30\/100|[from] Recoil\n|\n|win|MareeohYT\n|c|\u2606ShaytheFair|Thanks you too\n","uploadtime":1682818755,"views":8,"p1id":"shaythefair","p2id":"mareeohyt","formatid":"gen9vgc2023regulationc","rating":0,"private":0,"password":""}