{"id":"gen9vgc2023regulationc-1854096562","p1":"Ricardo Randorez","p2":"Bailey3253","format":"[Gen 9] VGC 2023 Regulation C","log":"|j|\u2606Ricardo Randorez\n|j|\u2606Bailey3253\n|t:|1682768592\n|gametype|doubles\n|player|p1|Ricardo Randorez|170|1176\n|player|p2|Bailey3253|pokemaniac|1276\n|teamsize|p1|6\n|teamsize|p2|6\n|gen|9\n|tier|[Gen 9] VGC 2023 Regulation C\n|rated|\n|rule|Species Clause: Limit one of each Pok\u00e9mon\n|rule|Item Clause: Limit one of each item\n|clearpoke\n|poke|p1|Ting-Lu, L50|\n|poke|p1|Vivillon-Fancy, L50, F|\n|poke|p1|Iron Bundle, L50|\n|poke|p1|Abomasnow, L50, M|\n|poke|p1|Annihilape, L50, F|\n|poke|p1|Chien-Pao, L50|\n|poke|p2|Palafin, L50, F|\n|poke|p2|Arcanine, L50, F|\n|poke|p2|Amoonguss, L50, F|\n|poke|p2|Ting-Lu, L50|\n|poke|p2|Baxcalibur, L50, M|\n|poke|p2|Flutter Mane, L50|\n|teampreview|4\n|inactive|Battle timer is ON: inactive players will automatically lose when time's up. (requested by Ricardo Randorez)\n|\n|t:|1682768633\n|start\n|switch|p1a: Iron Bundle|Iron Bundle, L50|100\/100\n|switch|p1b: Abomasnow|Abomasnow, L50, M|100\/100\n|switch|p2a: Palafin|Palafin, L50, F|100\/100\n|switch|p2b: Baxcalibur|Baxcalibur, L50, M|100\/100\n|-weather|Snow|[from] ability: Snow Warning|[of] p1b: Abomasnow\n|-enditem|p1a: Iron Bundle|Booster Energy\n|-activate|p1a: Iron Bundle|ability: Quark Drive|[fromitem]\n|-start|p1a: Iron Bundle|quarkdrivespe\n|turn|1\n|c|\u2606Ricardo Randorez|All right let\u2019s go pal\n|inactive|Bailey3253 has 30 seconds left.\n|\n|t:|1682768662\n|move|p1a: Iron Bundle|Aurora Veil|p1a: Iron Bundle\n|-sidestart|p1: Ricardo Randorez|move: Aurora Veil\n|move|p2a: Palafin|Substitute|p2a: Palafin\n|-start|p2a: Palafin|Substitute\n|-damage|p2a: Palafin|76\/100\n|move|p2b: Baxcalibur|Glaive Rush|p1b: Abomasnow\n|-damage|p1b: Abomasnow|63\/100\n|-singlemove|p2b: Baxcalibur|Glaive Rush|[silent]\n|move|p1b: Abomasnow|Blizzard|p2b: Baxcalibur|[spread] p2a,p2b\n|-resisted|p2a: Palafin\n|-end|p2a: Palafin|Substitute\n|-damage|p2b: Baxcalibur|11\/100\n|-damage|p1b: Abomasnow|54\/100|[from] item: Life Orb\n|\n|-weather|Snow|[upkeep]\n|upkeep\n|turn|2\n|inactive|Bailey3253 has 30 seconds left.\n|inactive|Bailey3253 has 20 seconds left.\n|\n|t:|1682768700\n|-terastallize|p2a: Palafin|Water\n|move|p2a: Palafin|Jet Punch|p1b: Abomasnow\n|-resisted|p1b: Abomasnow\n|-damage|p1b: Abomasnow|44\/100\n|move|p2b: Baxcalibur|Ice Shard|p1b: Abomasnow\n|-damage|p1b: Abomasnow|33\/100\n|move|p1a: Iron Bundle|Blizzard|p2b: Baxcalibur|[spread] p2a,p2b\n|-resisted|p2a: Palafin\n|-damage|p2a: Palafin|50\/100\n|-damage|p2b: Baxcalibur|0 fnt\n|faint|p2b: Baxcalibur\n|move|p1b: Abomasnow|Blizzard|p2a: Palafin\n|-resisted|p2a: Palafin\n|-damage|p2a: Palafin|15\/100\n|-damage|p1b: Abomasnow|23\/100|[from] item: Life Orb\n|\n|-weather|Snow|[upkeep]\n|upkeep\n|\n|t:|1682768717\n|switch|p2b: Flutter Mane|Flutter Mane, L50|100\/100\n|turn|3\n|\n|t:|1682768735\n|move|p1b: Abomasnow|Helping Hand|p1a: Iron Bundle\n|-singleturn|p1a: Iron Bundle|Helping Hand|[of] p1b: Abomasnow\n|move|p2a: Palafin|Jet Punch|p1b: Abomasnow\n|-resisted|p1b: Abomasnow\n|-damage|p1b: Abomasnow|14\/100\n|move|p1a: Iron Bundle|Blizzard|p2a: Palafin|[spread] p2a,p2b\n|-resisted|p2a: Palafin\n|-damage|p2a: Palafin|0 fnt\n|-damage|p2b: Flutter Mane|51\/100\n|faint|p2a: Palafin\n|move|p2b: Flutter Mane|Thunderbolt|p1a: Iron Bundle\n|-supereffective|p1a: Iron Bundle\n|-damage|p1a: Iron Bundle|6\/100\n|-status|p1a: Iron Bundle|par\n|\n|-weather|Snow|[upkeep]\n|upkeep\n|\n|t:|1682768748\n|switch|p2a: Amoonguss|Amoonguss, L50, F|100\/100\n|turn|4\n|\n|t:|1682768755\n|move|p2b: Flutter Mane|Thunderbolt|p1a: Iron Bundle\n|-supereffective|p1a: Iron Bundle\n|-damage|p1a: Iron Bundle|0 fnt\n|faint|p1a: Iron Bundle\n|-end|p1a: Iron Bundle|Quark Drive|[silent]\n|move|p1b: Abomasnow|Blizzard|p2b: Flutter Mane|[spread] p2a,p2b\n|-supereffective|p2a: Amoonguss\n|-damage|p2a: Amoonguss|29\/100\n|-damage|p2b: Flutter Mane|13\/100\n|-enditem|p2a: Amoonguss|Sitrus Berry|[eat]\n|-heal|p2a: Amoonguss|54\/100|[from] item: Sitrus Berry\n|-damage|p1b: Abomasnow|5\/100|[from] item: Life Orb\n|move|p2a: Amoonguss|Pollen Puff|p1b: Abomasnow\n|-supereffective|p1b: Abomasnow\n|-damage|p1b: Abomasnow|0 fnt\n|faint|p1b: Abomasnow\n|\n|-weather|Snow|[upkeep]\n|upkeep\n|\n|t:|1682768774\n|switch|p1a: Vivillon|Vivillon-Fancy, L50, F|100\/100\n|switch|p1b: Ting-Lu|Ting-Lu, L50|100\/100\n|-ability|p1b: Ting-Lu|Vessel of Ruin\n|turn|5\n|\n|t:|1682768795\n|-terastallize|p1b: Ting-Lu|Ground\n|move|p2a: Amoonguss|Rage Powder|p2a: Amoonguss\n|-singleturn|p2a: Amoonguss|move: Rage Powder\n|move|p2b: Flutter Mane|Thunderbolt|p1a: Vivillon\n|-supereffective|p1a: Vivillon\n|-damage|p1a: Vivillon|3\/100\n|-status|p1a: Vivillon|par\n|cant|p1a: Vivillon|par\n|move|p1b: Ting-Lu|Earthquake|p2b: Flutter Mane|[spread] p2a,p2b\n|-immune|p1a: Vivillon\n|-damage|p2a: Amoonguss|0 fnt\n|-damage|p2b: Flutter Mane|0 fnt\n|faint|p2a: Amoonguss\n|faint|p2b: Flutter Mane\n|-end|p2b: Flutter Mane|Protosynthesis|[silent]\n|\n|win|Ricardo Randorez\n|raw|Ricardo Randorez's rating: 1176 → 1208<\/strong> (+32 for winning)\n|raw|Bailey3253's rating: 1276 → 1244<\/strong> (-32 for losing)\n|l|\u2606Bailey3253\n","uploadtime":1682768817,"views":15,"p1id":"ricardorandorez","p2id":"bailey3253","formatid":"gen9vgc2023regulationc","rating":1208,"private":0,"password":""}