{"id":"gen9vgc2023regulationc-1862095750","p1":"lmfaowhy","p2":"Hadrian1917","format":"[Gen 9] VGC 2023 Regulation C","log":"|j|\u2606lmfaowhy\n|j|\u2606Hadrian1917\n|t:|1683836505\n|gametype|doubles\n|player|p1|lmfaowhy|veteran|1214\n|player|p2|Hadrian1917|brock|1125\n|teamsize|p1|6\n|teamsize|p2|6\n|gen|9\n|tier|[Gen 9] VGC 2023 Regulation C\n|rated|\n|rule|Species Clause: Limit one of each Pok\u00e9mon\n|rule|Item Clause: Limit one of each item\n|clearpoke\n|poke|p1|Sylveon, L50, F|\n|poke|p1|Maushold, L50|\n|poke|p1|Gastrodon, L50, F|\n|poke|p1|Arcanine, L50, F|\n|poke|p1|Wo-Chien, L50|\n|poke|p1|Gholdengo, L50|\n|poke|p2|Flutter Mane, L50|\n|poke|p2|Chi-Yu, L50|\n|poke|p2|Iron Hands, L50|\n|poke|p2|Ting-Lu, L50|\n|poke|p2|Gyarados, L50, M|\n|poke|p2|Amoonguss, L50, M|\n|teampreview|4\nlmfaowhy has agreed to open team sheets.\n|\n|t:|1683836572\n|start\n|switch|p1a: Sylveon|Sylveon, L50, F|100\/100\n|switch|p1b: Maushold|Maushold, L50|100\/100\n|switch|p2a: Gyarados|Gyarados, L50, M|100\/100\n|switch|p2b: Chi-Yu|Chi-Yu, L50|100\/100\n|-ability|p2b: Chi-Yu|Beads of Ruin\n|-ability|p2a: Gyarados|Intimidate|boost\n|-unboost|p1a: Sylveon|atk|1\n|-unboost|p1b: Maushold|atk|1\n|turn|1\n|inactive|Battle timer is ON: inactive players will automatically lose when time's up. (requested by Hadrian1917)\n|\n|t:|1683836598\n|move|p2b: Chi-Yu|Protect|p2b: Chi-Yu\n|-singleturn|p2b: Chi-Yu|Protect\n|move|p1b: Maushold|Super Fang|p2a: Gyarados\n|-damage|p2a: Gyarados|50\/100\n|move|p2a: Gyarados|Icy Wind|p1a: Sylveon|[spread] p1a,p1b\n|-damage|p1a: Sylveon|96\/100\n|-damage|p1b: Maushold|91\/100\n|-unboost|p1a: Sylveon|spe|1\n|-unboost|p1b: Maushold|spe|1\n|move|p1a: Sylveon|Yawn|p2b: Chi-Yu\n|-activate|p2b: Chi-Yu|move: Protect\n|\n|upkeep\n|turn|2\n|inactive|Hadrian1917 has 30 seconds left.\n|inactive|Hadrian1917 has 20 seconds left.\n|inactive|Hadrian1917 has 15 seconds left.\n|\n|t:|1683836643\n|switch|p1b: Gastrodon|Gastrodon, L50, F|100\/100\n|move|p2b: Chi-Yu|Heat Wave|p1b: Gastrodon|[spread] p1a,p1b\n|-resisted|p1b: Gastrodon\n|-damage|p1a: Sylveon|62\/100\n|-damage|p1b: Gastrodon|75\/100\n|move|p2a: Gyarados|Waterfall|p1b: Gastrodon\n|-activate|p1b: Gastrodon|ability: Storm Drain\n|-ability|p1b: Gastrodon|Storm Drain|boost\n|-boost|p1b: Gastrodon|spa|1\n|move|p1a: Sylveon|Yawn|p2b: Chi-Yu\n|-start|p2b: Chi-Yu|move: Yawn|[of] p1a: Sylveon\n|\n|upkeep\n|turn|3\n|\n|t:|1683836659\n|switch|p2b: Iron Hands|Iron Hands, L50|100\/100\n|move|p2a: Gyarados|Taunt|p1a: Sylveon\n|-start|p1a: Sylveon|move: Taunt\n|move|p1b: Gastrodon|Muddy Water|p2b: Iron Hands|[spread] p2a,p2b\n|-resisted|p2a: Gyarados\n|-damage|p2a: Gyarados|36\/100\n|-damage|p2b: Iron Hands|80\/100\n|move|p1a: Sylveon|Hyper Voice|p2a: Gyarados|[spread] p2a,p2b\n|-supereffective|p2b: Iron Hands\n|-damage|p2a: Gyarados|8\/100\n|-damage|p2b: Iron Hands|42\/100\n|-enditem|p2a: Gyarados|Aguav Berry|[eat]\n|-heal|p2a: Gyarados|40\/100|[from] item: Aguav Berry\n|\n|upkeep\n|turn|4\n|inactive|Hadrian1917 has 30 seconds left.\n|\n|t:|1683836688\n|move|p2a: Gyarados|Icy Wind|p1b: Gastrodon|[spread] p1a\n|-miss|p2a: Gyarados|p1b: Gastrodon\n|-damage|p1a: Sylveon|57\/100\n|-unboost|p1a: Sylveon|spe|1\n|move|p2b: Iron Hands|Drain Punch|p1b: Gastrodon\n|-damage|p1b: Gastrodon|29\/100\n|-heal|p2b: Iron Hands|62\/100|[from] drain|[of] p1b: Gastrodon\n|move|p1b: Gastrodon|Muddy Water|p2a: Gyarados|[spread] p2a,p2b\n|-resisted|p2a: Gyarados\n|-damage|p2a: Gyarados|25\/100\n|-damage|p2b: Iron Hands|40\/100\n|move|p1a: Sylveon|Hyper Voice|p2a: Gyarados|[spread] p2a,p2b\n|-supereffective|p2b: Iron Hands\n|-crit|p2b: Iron Hands\n|-damage|p2a: Gyarados|0 fnt\n|-damage|p2b: Iron Hands|0 fnt\n|faint|p2a: Gyarados\n|faint|p2b: Iron Hands\n|-end|p2b: Iron Hands|Quark Drive|[silent]\n|\n|upkeep\n|\n|t:|1683836704\n|switch|p2a: Flutter Mane|Flutter Mane, L50|100\/100\n|switch|p2b: Chi-Yu|Chi-Yu, L50|100\/100\n|-ability|p2b: Chi-Yu|Beads of Ruin\n|-enditem|p2a: Flutter Mane|Booster Energy\n|-activate|p2a: Flutter Mane|ability: Protosynthesis|[fromitem]\n|-start|p2a: Flutter Mane|protosynthesisspa\n|turn|5\n|inactive|lmfaowhy has 30 seconds left.\n|\n|t:|1683836731\n|switch|p1a: Arcanine|Arcanine, L50, F|100\/100\n|-ability|p1a: Arcanine|Intimidate|boost\n|-unboost|p2a: Flutter Mane|atk|1\n|-unboost|p2b: Chi-Yu|atk|1\n|-terastallize|p2a: Flutter Mane|Fairy\n|move|p1b: Gastrodon|Protect|p1b: Gastrodon\n|-singleturn|p1b: Gastrodon|Protect\n|move|p2a: Flutter Mane|Moonblast|p1a: Arcanine\n|-resisted|p1a: Arcanine\n|-damage|p1a: Arcanine|30\/100\n|move|p2b: Chi-Yu|Dark Pulse|p1b: Gastrodon\n|-activate|p1b: Gastrodon|move: Protect\n|\n|upkeep\n|turn|6\n|\n|t:|1683836750\n|move|p1a: Arcanine|Extreme Speed|p2a: Flutter Mane\n|-damage|p2a: Flutter Mane|57\/100\n|move|p2a: Flutter Mane|Moonblast|p1a: Arcanine\n|-resisted|p1a: Arcanine\n|-damage|p1a: Arcanine|0 fnt\n|faint|p1a: Arcanine\n|move|p2b: Chi-Yu|Dark Pulse|p1b: Gastrodon\n|-damage|p1b: Gastrodon|0 fnt\n|faint|p1b: Gastrodon\n|\n|upkeep\n|\n|t:|1683836754\n|switch|p1a: Maushold|Maushold, L50|91\/100\n|switch|p1b: Sylveon|Sylveon, L50, F|57\/100\n|turn|7\n|\n|t:|1683836772\n|-terastallize|p1b: Sylveon|Fire\n|move|p1a: Maushold|Protect|p1a: Maushold\n|-singleturn|p1a: Maushold|Protect\n|move|p2a: Flutter Mane|Moonblast|p1a: Maushold\n|-activate|p1a: Maushold|move: Protect\n|move|p2b: Chi-Yu|Heat Wave|p1b: Sylveon|[spread] \n|-activate|p1a: Maushold|move: Protect\n|-miss|p2b: Chi-Yu|p1b: Sylveon\n|move|p1b: Sylveon|Yawn|p2a: Flutter Mane\n|-start|p2a: Flutter Mane|move: Yawn|[of] p1b: Sylveon\n|\n|upkeep\n|turn|8\n|\n|t:|1683836793\n|move|p1b: Sylveon|Protect|p1b: Sylveon\n|-singleturn|p1b: Sylveon|Protect\n|move|p2a: Flutter Mane|Moonblast|p1a: Maushold\n|-damage|p1a: Maushold|0 fnt\n|faint|p1a: Maushold\n|move|p2b: Chi-Yu|Dark Pulse|p1b: Sylveon\n|-activate|p1b: Sylveon|move: Protect\n|\n|-end|p2a: Flutter Mane|move: Yawn|[silent]\n|-status|p2a: Flutter Mane|slp\n|upkeep\n|turn|9\n|c|\u2606Hadrian1917|patetico\n|\n|t:|1683836814\n|cant|p2a: Flutter Mane|slp\n|move|p2b: Chi-Yu|Dark Pulse|p1b: Sylveon\n|-damage|p1b: Sylveon|18\/100\n|-enditem|p1b: Sylveon|Sitrus Berry|[eat]\n|-heal|p1b: Sylveon|43\/100|[from] item: Sitrus Berry\n|move|p1b: Sylveon|Hyper Voice|p2a: Flutter Mane|[spread] p2a,p2b\n|-damage|p2a: Flutter Mane|1\/100 slp\n|-damage|p2b: Chi-Yu|57\/100\n|\n|upkeep\n|turn|10\n|c|\u2606lmfaowhy|what does that mean lol\n|\n|t:|1683836829\n|cant|p2a: Flutter Mane|slp\n|move|p2b: Chi-Yu|Dark Pulse|p1b: Sylveon\n|-damage|p1b: Sylveon|0 fnt\n|faint|p1b: Sylveon\n|\n|win|Hadrian1917\n|raw|lmfaowhy's rating: 1214 → 1183<\/strong> (-31 for losing)\n|raw|Hadrian1917's rating: 1125 → 1156<\/strong> (+31 for winning)\n|c|\u2606lmfaowhy|gg\n|c|\u2606lmfaowhy|should\u2019ve clicked follow me tbh\n","uploadtime":1683836883,"views":14,"p1id":"lmfaowhy","p2id":"hadrian1917","formatid":"gen9vgc2023regulationc","rating":1156,"private":0,"password":""}