{"id":"gen9vgc2023regulationc-1857629347","p1":"cheesebagg","p2":"Omqga","format":"[Gen 9] VGC 2023 Regulation C","log":"|j|\u2606cheesebagg\n|j|\u2606Omqga\n|t:|1683215165\n|gametype|doubles\n|player|p1|cheesebagg|169|1031\n|player|p2|Omqga|cyrus|1000\n|teamsize|p1|6\n|teamsize|p2|6\n|gen|9\n|tier|[Gen 9] VGC 2023 Regulation C\n|rated|\n|rule|Species Clause: Limit one of each Pok\u00e9mon\n|rule|Item Clause: Limit one of each item\n|clearpoke\n|poke|p1|Palafin, L50, M|\n|poke|p1|Tatsugiri-Stretchy, L50, M|\n|poke|p1|Iron Bundle, L50|\n|poke|p1|Arcanine, L50, M|\n|poke|p1|Amoonguss, L50, F|\n|poke|p1|Flutter Mane, L50|\n|poke|p2|Dondozo, L50, M|\n|poke|p2|Tatsugiri, L50, M|\n|poke|p2|Glimmora, L50, M|\n|poke|p2|Chien-Pao, L50|\n|poke|p2|Dragapult, L50, F|\n|poke|p2|Iron Bundle, L50|\n|teampreview|4\ncheesebagg has agreed to open team sheets.\n|\n|t:|1683215176\n|start\n|switch|p1a: Palafin|Palafin, L50, M, shiny|100\/100\n|switch|p1b: Arcanine|Arcanine, L50, M|100\/100\n|switch|p2a: Chien-Pao|Chien-Pao, L50|100\/100\n|switch|p2b: Glimmora|Glimmora, L50, M|100\/100\n|-ability|p2a: Chien-Pao|Sword of Ruin\n|-ability|p1b: Arcanine|Intimidate|boost\n|-unboost|p2a: Chien-Pao|atk|1\n|-unboost|p2b: Glimmora|atk|1\n|turn|1\n|\n|t:|1683215194\n|move|p1a: Palafin|Protect|p1a: Palafin\n|-singleturn|p1a: Palafin|Protect\n|move|p2a: Chien-Pao|Sacred Sword|p1b: Arcanine\n|-damage|p1b: Arcanine|63\/100\n|move|p1b: Arcanine|Flare Blitz|p2a: Chien-Pao\n|-supereffective|p2a: Chien-Pao\n|-enditem|p2a: Chien-Pao|Focus Sash\n|-damage|p2a: Chien-Pao|1\/100\n|-damage|p1b: Arcanine|32\/100|[from] Recoil\n|move|p2b: Glimmora|Mortal Spin|p1b: Arcanine|[spread] p1b\n|-activate|p1a: Palafin|move: Protect\n|-damage|p1b: Arcanine|27\/100\n|-status|p1b: Arcanine|psn\n|\n|-damage|p1b: Arcanine|14\/100 psn|[from] psn\n|upkeep\n|turn|2\n|\n|t:|1683215226\n|detailschange|p1a: Palafin|Palafin-Hero, L50, M, shiny\n|switch|p1a: Tatsugiri|Tatsugiri-Stretchy, L50, M|100\/100\n|move|p2a: Chien-Pao|Protect|p2a: Chien-Pao\n|-singleturn|p2a: Chien-Pao|Protect\n|move|p1b: Arcanine|Extreme Speed|p2a: Chien-Pao\n|-activate|p2a: Chien-Pao|move: Protect\n|move|p2b: Glimmora|Mortal Spin|p1a: Tatsugiri|[spread] p1a,p1b\n|-damage|p1a: Tatsugiri|94\/100\n|-damage|p1b: Arcanine|9\/100 psn\n|-status|p1a: Tatsugiri|psn\n|\n|-damage|p1b: Arcanine|0 fnt|[from] psn\n|faint|p1b: Arcanine\n|-damage|p1a: Tatsugiri|82\/100 psn|[from] psn\n|upkeep\n|\n|t:|1683215235\n|switch|p1b: Palafin|Palafin-Hero, L50, M, shiny|100\/100\n|-activate|p1b: Palafin|ability: Zero to Hero\n|turn|3\n|\n|t:|1683215251\n|move|p2a: Chien-Pao|Sucker Punch|p1b: Palafin\n|-damage|p1b: Palafin|74\/100\n|move|p1b: Palafin|Jet Punch|p1a: Tatsugiri\n|-activate|p1a: Tatsugiri|ability: Storm Drain\n|-ability|p1a: Tatsugiri|Storm Drain|boost\n|-boost|p1a: Tatsugiri|spa|1\n|move|p1a: Tatsugiri|Muddy Water|p2b: Glimmora|[spread] p2a,p2b\n|-crit|p2a: Chien-Pao\n|-supereffective|p2b: Glimmora\n|-damage|p2a: Chien-Pao|0 fnt\n|-damage|p2b: Glimmora|23\/100\n|faint|p2a: Chien-Pao\n|move|p2b: Glimmora|Mortal Spin|p1b: Palafin|[spread] p1a,p1b\n|-damage|p1a: Tatsugiri|75\/100 psn\n|-damage|p1b: Palafin|72\/100\n|-status|p1b: Palafin|psn\n|\n|-damage|p1a: Tatsugiri|63\/100 psn|[from] psn\n|-damage|p1b: Palafin|60\/100 psn|[from] psn\n|upkeep\n|\n|t:|1683215268\n|switch|p2a: Tatsugiri|Tatsugiri, L50, M|100\/100\n|turn|4\n|\n|t:|1683215284\n|switch|p2b: Dondozo|Dondozo, L50, M|100\/100\n|-activate|p2a: Tatsugiri|ability: Commander|[of] p2b: Dondozo\n|-boost|p2b: Dondozo|atk|2\n|-boost|p2b: Dondozo|spa|2\n|-boost|p2b: Dondozo|spe|2\n|-boost|p2b: Dondozo|def|2\n|-boost|p2b: Dondozo|spd|2\n|move|p1b: Palafin|Jet Punch|p1a: Tatsugiri\n|-ability|p1a: Tatsugiri|Storm Drain|boost\n|-boost|p1a: Tatsugiri|spa|1\n|move|p1a: Tatsugiri|Draco Meteor|p2a: Tatsugiri|[miss]\n|-miss|p1a: Tatsugiri|p2a: Tatsugiri\n|\n|-damage|p1a: Tatsugiri|52\/100 psn|[from] psn\n|-damage|p1b: Palafin|48\/100 psn|[from] psn\n|upkeep\n|turn|5\n|\n|t:|1683215302\n|move|p2b: Dondozo|Order Up|p1a: Tatsugiri\n|-supereffective|p1a: Tatsugiri\n|-damage|p1a: Tatsugiri|0 fnt\n|faint|p1a: Tatsugiri\n|-boost|p2b: Dondozo|atk|1\n|move|p1b: Palafin|Haze|p1b: Palafin\n|-clearallboost\n|\n|-damage|p1b: Palafin|36\/100 psn|[from] psn\n|upkeep\n|\n|t:|1683215309\n|switch|p1a: Iron Bundle|Iron Bundle, L50|100\/100\n|-enditem|p1a: Iron Bundle|Booster Energy\n|-activate|p1a: Iron Bundle|ability: Quark Drive|[fromitem]\n|-start|p1a: Iron Bundle|quarkdrivespe\n|turn|6\n|\n|t:|1683215322\n|-terastallize|p1a: Iron Bundle|Steel\n|move|p1a: Iron Bundle|Freeze-Dry|p2b: Dondozo\n|-supereffective|p2b: Dondozo\n|-damage|p2b: Dondozo|28\/100\n|move|p1b: Palafin|Wave Crash|p2b: Dondozo\n|-resisted|p2b: Dondozo\n|-damage|p2b: Dondozo|0 fnt\n|faint|p2b: Dondozo\n|-damage|p1b: Palafin|27\/100 psn|[from] Recoil\n|\n|-damage|p1b: Palafin|15\/100 psn|[from] psn\n|upkeep\n|\n|t:|1683215333\n|switch|p2b: Glimmora|Glimmora, L50, M|23\/100\n|turn|7\n|\n|t:|1683215358\n|move|p1b: Palafin|Jet Punch|p2b: Glimmora\n|-supereffective|p2b: Glimmora\n|-damage|p2b: Glimmora|0 fnt\n|-activate|p2b: Glimmora|ability: Toxic Debris\n|-sidestart|p1: cheesebagg|move: Toxic Spikes\n|faint|p2b: Glimmora\n|move|p1a: Iron Bundle|Freeze-Dry|p2a: Tatsugiri\n|-supereffective|p2a: Tatsugiri\n|-damage|p2a: Tatsugiri|0 fnt\n|faint|p2a: Tatsugiri\n|\n|win|cheesebagg\n|raw|cheesebagg's rating: 1031 → 1063<\/strong> (+32 for winning)\n|raw|Omqga's rating: 1000 → 1000<\/strong> (+0 for losing)\n|c|\u2606Omqga|gg\n|l|\u2606Omqga\n","uploadtime":1683215384,"views":7,"p1id":"cheesebagg","p2id":"omqga","formatid":"gen9vgc2023regulationc","rating":1000,"private":0,"password":""}