{"id":"gen9vgc2023regulationc-1858111796","p1":"MayWind","p2":"Dragon yes","format":"[Gen 9] VGC 2023 Regulation C","log":"|j|\u2606MayWind\n|j|\u2606Dragon yes\n|t:|1683277556\n|gametype|doubles\n|player|p1|MayWind|1|1221\n|player|p2|Dragon yes|colress|1109\n|teamsize|p1|6\n|teamsize|p2|6\n|gen|9\n|tier|[Gen 9] VGC 2023 Regulation C\n|rated|\n|rule|Species Clause: Limit one of each Pok\u00e9mon\n|rule|Item Clause: Limit one of each item\n|clearpoke\n|poke|p1|Palafin, L50, F|\n|poke|p1|Arcanine, L50, M|\n|poke|p1|Amoonguss, L50, F|\n|poke|p1|Ting-Lu, L50|\n|poke|p1|Baxcalibur, L50, F|\n|poke|p1|Flutter Mane, L50|\n|poke|p2|Iron Hands, L50|\n|poke|p2|Indeedee-F, L50, F|\n|poke|p2|Armarouge, L50, F|\n|poke|p2|Kingambit, L50, F|\n|poke|p2|Mudsdale, L50, F|\n|poke|p2|Clawitzer, L50, F|\n|teampreview|4\n|\n|t:|1683277597\n|start\n|switch|p1a: Ting-Lu|Ting-Lu, L50|100\/100\n|switch|p1b: Baxcalibur|Baxcalibur, L50, F|100\/100\n|switch|p2a: Mudsdale|Mudsdale, L50, F, shiny|100\/100\n|switch|p2b: Iron Hands|Iron Hands, L50, shiny|100\/100\n|-ability|p1a: Ting-Lu|Vessel of Ruin\n|-enditem|p2b: Iron Hands|Booster Energy\n|-activate|p2b: Iron Hands|ability: Quark Drive|[fromitem]\n|-start|p2b: Iron Hands|quarkdriveatk\n|turn|1\n|\n|t:|1683277630\n|move|p1b: Baxcalibur|Protect|p1b: Baxcalibur\n|-singleturn|p1b: Baxcalibur|Protect\n|move|p2b: Iron Hands|Fake Out|p1a: Ting-Lu\n|-damage|p1a: Ting-Lu|88\/100\n|cant|p1a: Ting-Lu|flinch\n|move|p2a: Mudsdale|Body Press|p1b: Baxcalibur\n|-activate|p1b: Baxcalibur|move: Protect\n|\n|upkeep\n|turn|2\n|\n|t:|1683277648\n|switch|p1b: Amoonguss|Amoonguss, L50, F|100\/100\n|move|p1a: Ting-Lu|Stomping Tantrum|p2b: Iron Hands\n|-supereffective|p2b: Iron Hands\n|-damage|p2b: Iron Hands|9\/100\n|move|p2b: Iron Hands|Drain Punch|p1a: Ting-Lu\n|-supereffective|p1a: Ting-Lu\n|-damage|p1a: Ting-Lu|12\/100\n|-heal|p2b: Iron Hands|43\/100|[from] drain|[of] p1a: Ting-Lu\n|move|p2a: Mudsdale|Body Press|p1b: Amoonguss\n|-resisted|p1b: Amoonguss\n|-damage|p1b: Amoonguss|91\/100\n|\n|upkeep\n|turn|3\n|\n|t:|1683277703\n|move|p2b: Iron Hands|Protect|p2b: Iron Hands\n|-singleturn|p2b: Iron Hands|Protect\n|move|p1a: Ting-Lu|Ruination|p2a: Mudsdale\n|-damage|p2a: Mudsdale|51\/100\n|-ability|p2a: Mudsdale|Stamina|boost\n|-boost|p2a: Mudsdale|def|1\n|move|p2a: Mudsdale|Rock Slide|p1b: Amoonguss|[spread] p1a,p1b\n|-resisted|p1a: Ting-Lu\n|-damage|p1a: Ting-Lu|7\/100\n|-damage|p1b: Amoonguss|79\/100\n|cant|p1b: Amoonguss|flinch\n|\n|-heal|p2a: Mudsdale|57\/100|[from] item: Leftovers\n|upkeep\n|turn|4\n|\n|t:|1683277737\n|move|p1b: Amoonguss|Rage Powder|p1b: Amoonguss\n|-singleturn|p1b: Amoonguss|move: Rage Powder\n|move|p1a: Ting-Lu|Stomping Tantrum|p2b: Iron Hands\n|-supereffective|p2b: Iron Hands\n|-damage|p2b: Iron Hands|0 fnt\n|faint|p2b: Iron Hands\n|-end|p2b: Iron Hands|Quark Drive|[silent]\n|move|p2a: Mudsdale|Body Press|p1b: Amoonguss\n|-resisted|p1b: Amoonguss\n|-damage|p1b: Amoonguss|64\/100\n|\n|-heal|p2a: Mudsdale|62\/100|[from] item: Leftovers\n|upkeep\n|\n|t:|1683277750\n|switch|p2b: Kingambit|Kingambit, L50, F, shiny|100\/100\n|turn|5\n|\n|t:|1683277764\n|move|p1a: Ting-Lu|Stomping Tantrum|p2b: Kingambit\n|-supereffective|p2b: Kingambit\n|-damage|p2b: Kingambit|50\/100\n|-enditem|p2b: Kingambit|Sitrus Berry|[eat]\n|-heal|p2b: Kingambit|75\/100|[from] item: Sitrus Berry\n|move|p2b: Kingambit|Kowtow Cleave|p1b: Amoonguss\n|-damage|p1b: Amoonguss|22\/100\n|-enditem|p1b: Amoonguss|Sitrus Berry|[eat]\n|-heal|p1b: Amoonguss|47\/100|[from] item: Sitrus Berry\n|move|p2a: Mudsdale|High Horsepower|p1b: Amoonguss\n|-damage|p1b: Amoonguss|13\/100\n|move|p1b: Amoonguss|Spore|p2b: Kingambit\n|-status|p2b: Kingambit|slp|[from] move: Spore\n|\n|-heal|p2a: Mudsdale|68\/100|[from] item: Leftovers\n|upkeep\n|turn|6\n|\n|t:|1683277793\n|cant|p2b: Kingambit|slp\n|move|p1a: Ting-Lu|Stomping Tantrum|p2b: Kingambit\n|-supereffective|p2b: Kingambit\n|-damage|p2b: Kingambit|23\/100 slp\n|move|p2a: Mudsdale|Rock Slide|p1a: Ting-Lu|[spread] p1a,p1b\n|-resisted|p1a: Ting-Lu\n|-damage|p1a: Ting-Lu|3\/100\n|-damage|p1b: Amoonguss|1\/100\n|cant|p1b: Amoonguss|flinch\n|\n|-heal|p2a: Mudsdale|74\/100|[from] item: Leftovers\n|upkeep\n|turn|7\n|\n|t:|1683277820\n|cant|p2b: Kingambit|slp\n|move|p1a: Ting-Lu|Stomping Tantrum|p2b: Kingambit\n|-supereffective|p2b: Kingambit\n|-damage|p2b: Kingambit|0 fnt\n|faint|p2b: Kingambit\n|move|p2a: Mudsdale|Rock Slide|p1a: Ting-Lu|[spread] p1a,p1b\n|-resisted|p1a: Ting-Lu\n|-damage|p1a: Ting-Lu|0 fnt\n|-damage|p1b: Amoonguss|0 fnt\n|faint|p1a: Ting-Lu\n|faint|p1b: Amoonguss\n|\n|-heal|p2a: Mudsdale|80\/100|[from] item: Leftovers\n|upkeep\n|\n|t:|1683277835\n|switch|p1a: Baxcalibur|Baxcalibur, L50, F|100\/100\n|switch|p2b: Clawitzer|Clawitzer, L50, F, shiny|100\/100\n|switch|p1b: Flutter Mane|Flutter Mane, L50|100\/100\n|turn|8\n|\n|t:|1683277852\n|-terastallize|p1b: Flutter Mane|Fairy\n|-terastallize|p2b: Clawitzer|Fighting\n|move|p1b: Flutter Mane|Moonblast|p2a: Mudsdale\n|-damage|p2a: Mudsdale|0 fnt\n|faint|p2a: Mudsdale\n|move|p1a: Baxcalibur|Icicle Crash|p2b: Clawitzer\n|-damage|p2b: Clawitzer|40\/100\n|cant|p2b: Clawitzer|flinch\n|\n|upkeep\n|turn|9\n|\n|t:|1683277869\n|move|p1b: Flutter Mane|Moonblast|p2b: Clawitzer\n|-supereffective|p2b: Clawitzer\n|-damage|p2b: Clawitzer|0 fnt\n|faint|p2b: Clawitzer\n|\n|win|MayWind\n|raw|MayWind's rating: 1221 → 1238<\/strong> (+17 for winning)\n|raw|Dragon yes's rating: 1109 → 1092<\/strong> (-17 for losing)\n|l|\u2606Dragon yes\n","uploadtime":1683278006,"views":19,"p1id":"maywind","p2id":"dragonyes","formatid":"gen9vgc2023regulationc","rating":1092,"private":0,"password":""}