{"id":"gen9vgc2023regulationc-1851685216","p1":"MLGmushroom","p2":"dfghsdfh","format":"[Gen 9] VGC 2023 Regulation C","log":"|j|\u2606MLGmushroom\n|j|\u2606dfghsdfh\n|t:|1682469740\n|gametype|doubles\n|player|p1|MLGmushroom|blue|1203\n|player|p2|dfghsdfh|265|1169\n|teamsize|p1|6\n|teamsize|p2|6\n|gen|9\n|tier|[Gen 9] VGC 2023 Regulation C\n|rated|\n|rule|Species Clause: Limit one of each Pok\u00e9mon\n|rule|Item Clause: Limit one of each item\n|clearpoke\n|poke|p1|Chien-Pao, L50|\n|poke|p1|Roaring Moon, L50|\n|poke|p1|Flutter Mane, L50|\n|poke|p1|Amoonguss, L50, F|\n|poke|p1|Gyarados, L50, F|\n|poke|p1|Scizor, L50, M|\n|poke|p2|Gothitelle, L50, M|\n|poke|p2|Wo-Chien, L50|\n|poke|p2|Annihilape, L50, M|\n|poke|p2|Maushold, L50|\n|poke|p2|Chi-Yu, L50|\n|poke|p2|Murkrow, L50, F|\n|teampreview|4\n|\n|t:|1682469752\n|start\n|switch|p1a: Roaring Moon|Roaring Moon, L50|100\/100\n|switch|p1b: Scizor|Scizor, L50, M|100\/100\n|switch|p2a: Chi-Yu|Chi-Yu, L50|100\/100\n|switch|p2b: Murkrow|Murkrow, L50, F|100\/100\n|-ability|p2a: Chi-Yu|Beads of Ruin\n|-enditem|p1a: Roaring Moon|Booster Energy\n|-activate|p1a: Roaring Moon|ability: Protosynthesis|[fromitem]\n|-start|p1a: Roaring Moon|protosynthesisatk\n|turn|1\n|\n|t:|1682469767\n|-terastallize|p2a: Chi-Yu|Fire\n|-terastallize|p1b: Scizor|Fire\n|move|p2b: Murkrow|Tailwind|p2b: Murkrow\n|-sidestart|p2: dfghsdfh|move: Tailwind\n|move|p2a: Chi-Yu|Heat Wave|p1a: Roaring Moon|[spread] p1a,p1b\n|-resisted|p1a: Roaring Moon\n|-resisted|p1b: Scizor\n|-damage|p1a: Roaring Moon|56\/100\n|-damage|p1b: Scizor|44\/100\n|move|p1a: Roaring Moon|Breaking Swipe|p2a: Chi-Yu|[spread] p2a,p2b\n|-damage|p2a: Chi-Yu|54\/100\n|-damage|p2b: Murkrow|63\/100\n|-unboost|p2a: Chi-Yu|atk|1\n|-unboost|p2b: Murkrow|atk|1\n|move|p1b: Scizor|Close Combat|p2a: Chi-Yu\n|-damage|p2a: Chi-Yu|0 fnt\n|-unboost|p1b: Scizor|def|1\n|-unboost|p1b: Scizor|spd|1\n|faint|p2a: Chi-Yu\n|\n|upkeep\n|\n|t:|1682469793\n|switch|p2a: Wo-Chien|Wo-Chien, L50|100\/100\n|-ability|p2a: Wo-Chien|Tablets of Ruin\n|turn|2\n|\n|t:|1682469811\n|move|p1b: Scizor|Protect|p1b: Scizor\n|-singleturn|p1b: Scizor|Protect\n|move|p2b: Murkrow|Night Shade|p1a: Roaring Moon\n|-damage|p1a: Roaring Moon|29\/100\n|move|p2a: Wo-Chien|Leech Seed|p1b: Scizor\n|-activate|p1b: Scizor|move: Protect\n|move|p1a: Roaring Moon|Acrobatics|p2a: Wo-Chien\n|-supereffective|p2a: Wo-Chien\n|-damage|p2a: Wo-Chien|34\/100\n|\n|upkeep\n|turn|3\n|\n|t:|1682469823\n|move|p2a: Wo-Chien|Protect|p2a: Wo-Chien\n|-singleturn|p2a: Wo-Chien|Protect\n|move|p2b: Murkrow|Night Shade|p1a: Roaring Moon\n|-damage|p1a: Roaring Moon|3\/100\n|move|p1a: Roaring Moon|Breaking Swipe|p2a: Wo-Chien|[spread] p2b\n|-activate|p2a: Wo-Chien|move: Protect\n|-damage|p2b: Murkrow|35\/100\n|-unboost|p2b: Murkrow|atk|1\n|move|p1b: Scizor|U-turn|p2a: Wo-Chien\n|-activate|p2a: Wo-Chien|move: Protect\n|\n|upkeep\n|turn|4\n|\n|t:|1682469843\n|switch|p2a: Gothitelle|Gothitelle, L50, M|100\/100\n|-end|p1a: Roaring Moon|Protosynthesis|[silent]\n|switch|p1a: Gyarados|Gyarados, L50, F|100\/100\n|-ability|p1a: Gyarados|Intimidate|boost\n|-unboost|p2a: Gothitelle|atk|1\n|-unboost|p2b: Murkrow|atk|1\n|move|p1b: Scizor|Protect|p1b: Scizor\n|-singleturn|p1b: Scizor|Protect\n|move|p2b: Murkrow|Night Shade|p1a: Gyarados\n|-damage|p1a: Gyarados|74\/100\n|\n|-sideend|p2: dfghsdfh|move: Tailwind\n|upkeep\n|turn|5\n|\n|t:|1682469861\n|move|p1a: Gyarados|Waterfall|p2b: Murkrow\n|-damage|p2b: Murkrow|0 fnt\n|faint|p2b: Murkrow\n|move|p1b: Scizor|U-turn|p2a: Gothitelle\n|-supereffective|p2a: Gothitelle\n|-damage|p2a: Gothitelle|16\/100\n|\n|t:|1682469870\n|switch|p1b: Flutter Mane|Flutter Mane, L50|100\/100|[from] U-turn\n|move|p2a: Gothitelle|Reflect|p2a: Gothitelle\n|-sidestart|p2: dfghsdfh|Reflect\n|\n|-heal|p2a: Gothitelle|22\/100|[from] item: Leftovers\n|upkeep\n|\n|t:|1682469873\n|switch|p2b: Wo-Chien|Wo-Chien, L50|34\/100\n|-ability|p2b: Wo-Chien|Tablets of Ruin\n|turn|6\n|\n|t:|1682469880\n|move|p2a: Gothitelle|Protect|p2a: Gothitelle\n|-singleturn|p2a: Gothitelle|Protect\n|move|p1b: Flutter Mane|Dazzling Gleam|p2b: Wo-Chien|[spread] p2b\n|-activate|p2a: Gothitelle|move: Protect\n|-supereffective|p2b: Wo-Chien\n|-damage|p2b: Wo-Chien|0 fnt\n|faint|p2b: Wo-Chien\n|-damage|p1b: Flutter Mane|91\/100|[from] item: Life Orb\n|move|p1a: Gyarados|Taunt|p2a: Gothitelle\n|-activate|p2a: Gothitelle|move: Protect\n|\n|-heal|p2a: Gothitelle|28\/100|[from] item: Leftovers\n|upkeep\n|turn|7\n|-message|dfghsdfh forfeited.\n|\n|win|MLGmushroom\n|raw|MLGmushroom's rating: 1203 → 1226<\/strong> (+23 for winning)\n|raw|dfghsdfh's rating: 1169 → 1146<\/strong> (-23 for losing)\n|l|\u2606dfghsdfh\n","uploadtime":1682469893,"views":12,"p1id":"mlgmushroom","p2id":"dfghsdfh","formatid":"gen9vgc2023regulationc","rating":1146,"private":0,"password":""}