{"id":"gen9vgc2023regulationc-1864317926","p1":"JamStunna","p2":"revocolombia","format":"[Gen 9] VGC 2023 Regulation C","log":"|j|\u2606JamStunna\n|j|\u2606revocolombia\n|t:|1684154655\n|gametype|doubles\n|player|p1|JamStunna|265|1317\n|player|p2|revocolombia|pokemonranger-gen4|1319\n|teamsize|p1|6\n|teamsize|p2|6\n|gen|9\n|tier|[Gen 9] VGC 2023 Regulation C\n|rated|\n|rule|Species Clause: Limit one of each Pok\u00e9mon\n|rule|Item Clause: Limit one of each item\n|clearpoke\n|poke|p1|Gothitelle, L50, F|\n|poke|p1|Sylveon, L50, M|\n|poke|p1|Roaring Moon, L50|\n|poke|p1|Gengar, L50, F|\n|poke|p1|Azumarill, L50, F|\n|poke|p1|Gothorita, L50, F|\n|poke|p2|Flutter Mane, L50|\n|poke|p2|Annihilape, L50, M|\n|poke|p2|Dragonite, L50, M|\n|poke|p2|Chien-Pao, L50|\n|poke|p2|Murkrow, L50, M|\n|poke|p2|Rotom-Wash, L50|\n|teampreview|4\n|inactive|Battle timer is ON: inactive players will automatically lose when time's up. (requested by JamStunna)\n|\n|t:|1684154687\n|start\n|switch|p1a: Roaring Moon|Roaring Moon, L50|100\/100\n|switch|p1b: Gengar|Gengar, L50, F|100\/100\n|switch|p2a: Annihilape|Annihilape, L50, M, shiny|100\/100\n|switch|p2b: Chien-Pao|Chien-Pao, L50|100\/100\n|-ability|p2b: Chien-Pao|Sword of Ruin\n|-enditem|p1a: Roaring Moon|Booster Energy\n|-activate|p1a: Roaring Moon|ability: Protosynthesis|[fromitem]\n|-start|p1a: Roaring Moon|protosynthesisatk\n|turn|1\n|inactive|revocolombia has 30 seconds left.\n|\n|t:|1684154714\n|-terastallize|p2a: Annihilape|Fire\n|move|p1a: Roaring Moon|Protect|p1a: Roaring Moon\n|-singleturn|p1a: Roaring Moon|Protect\n|move|p1b: Gengar|Shadow Ball|p2a: Annihilape\n|-damage|p2a: Annihilape|62\/100\n|move|p2b: Chien-Pao|Sacred Sword|p1a: Roaring Moon\n|-activate|p1a: Roaring Moon|move: Protect\n|move|p2a: Annihilape|Rage Fist|p1b: Gengar\n|-supereffective|p1b: Gengar\n|-enditem|p1b: Gengar|Focus Sash\n|-damage|p1b: Gengar|1\/100\n|-start|p2a: Annihilape|Disable|Rage Fist|[from] ability: Cursed Body|[of] p1b: Gengar\n|\n|-heal|p2a: Annihilape|68\/100|[from] item: Leftovers\n|upkeep\n|turn|2\n|inactive|JamStunna has 30 seconds left.\n|inactive|JamStunna has 20 seconds left.\n|\n|t:|1684154750\n|move|p2b: Chien-Pao|Ice Shard|p1b: Gengar\n|-damage|p1b: Gengar|0 fnt\n|faint|p1b: Gengar\n|move|p1a: Roaring Moon|Throat Chop|p2a: Annihilape\n|-damage|p2a: Annihilape|0 fnt\n|faint|p2a: Annihilape\n|\n|upkeep\n|\n|t:|1684154768\n|switch|p1b: Sylveon|Sylveon, L50, M|100\/100\n|switch|p2a: Dragonite|Dragonite, L50, M|100\/100\n|turn|3\n|\n|t:|1684154781\n|move|p1a: Roaring Moon|Throat Chop|p2a: Dragonite\n|-damage|p2a: Dragonite|57\/100\n|-start|p2a: Dragonite|Throat Chop|[silent]\n|move|p2b: Chien-Pao|Ice Spinner|p1b: Sylveon\n|-damage|p1b: Sylveon|32\/100\n|move|p2a: Dragonite|Dragon Dance|p2a: Dragonite\n|-boost|p2a: Dragonite|atk|1\n|-boost|p2a: Dragonite|spe|1\n|move|p1b: Sylveon|Moonblast|p2a: Dragonite\n|-supereffective|p2a: Dragonite\n|-damage|p2a: Dragonite|0 fnt\n|faint|p2a: Dragonite\n|\n|upkeep\n|\n|t:|1684154795\n|switch|p2a: Flutter Mane|Flutter Mane, L50|100\/100\n|-enditem|p2a: Flutter Mane|Booster Energy\n|-activate|p2a: Flutter Mane|ability: Protosynthesis|[fromitem]\n|-start|p2a: Flutter Mane|protosynthesisspe\n|turn|4\n|\n|t:|1684154803\n|move|p1a: Roaring Moon|Protect|p1a: Roaring Moon\n|-singleturn|p1a: Roaring Moon|Protect\n|move|p2a: Flutter Mane|Dazzling Gleam|p1a: Roaring Moon|[spread] p1b\n|-activate|p1a: Roaring Moon|move: Protect\n|-damage|p1b: Sylveon|11\/100\n|move|p2b: Chien-Pao|Ice Spinner|p1a: Roaring Moon\n|-activate|p1a: Roaring Moon|move: Protect\n|move|p1b: Sylveon|Hyper Voice|p2b: Chien-Pao|[spread] p2a,p2b\n|-supereffective|p2b: Chien-Pao\n|-damage|p2a: Flutter Mane|54\/100\n|-enditem|p2b: Chien-Pao|Focus Sash\n|-damage|p2b: Chien-Pao|1\/100\n|-enditem|p1b: Sylveon|Throat Spray\n|-boost|p1b: Sylveon|spa|1|[from] item: Throat Spray\n|\n|upkeep\n|turn|5\n|inactive|JamStunna has 30 seconds left.\n|inactive|revocolombia has 30 seconds left.\n|inactive|JamStunna has 20 seconds left.\n|inactive|JamStunna has 15 seconds left.\n|inactive|JamStunna has 10 seconds left.\n|\n|t:|1684154850\n|move|p2a: Flutter Mane|Dazzling Gleam|p1a: Roaring Moon|[spread] p1a,p1b\n|-supereffective|p1a: Roaring Moon\n|-damage|p1a: Roaring Moon|0 fnt\n|-damage|p1b: Sylveon|0 fnt\n|faint|p1a: Roaring Moon\n|-end|p1a: Roaring Moon|Protosynthesis|[silent]\n|faint|p1b: Sylveon\n|move|p2b: Chien-Pao|Ice Spinner|p1: Roaring Moon|[notarget]\n|-fail|p2b: Chien-Pao\n|\n|upkeep\n|\n|t:|1684154869\n|switch|p1a: Azumarill|Azumarill, L50, F|100\/100\n|turn|6\n|\n|t:|1684154883\n|-terastallize|p1a: Azumarill|Water\n|move|p1a: Azumarill|Aqua Jet|p2a: Flutter Mane\n|-damage|p2a: Flutter Mane|0 fnt\n|faint|p2a: Flutter Mane\n|-end|p2a: Flutter Mane|Protosynthesis|[silent]\n|-damage|p1a: Azumarill|91\/100|[from] item: Life Orb\n|move|p2b: Chien-Pao|Ice Spinner|p1a: Azumarill\n|-resisted|p1a: Azumarill\n|-damage|p1a: Azumarill|59\/100\n|\n|upkeep\n|turn|7\n|inactive|JamStunna has 30 seconds left.\n|\n|t:|1684154912\n|move|p2b: Chien-Pao|Sucker Punch|p1a: Azumarill\n|-damage|p1a: Azumarill|7\/100\n|move|p1a: Azumarill|Aqua Jet|p2b: Chien-Pao\n|-damage|p2b: Chien-Pao|0 fnt\n|faint|p2b: Chien-Pao\n|-damage|p1a: Azumarill|0 fnt|[from] item: Life Orb\n|faint|p1a: Azumarill\n|\n|win|JamStunna\n|raw|JamStunna's rating: 1317 → 1337<\/strong> (+20 for winning)\n|raw|revocolombia's rating: 1319 → 1299<\/strong> (-20 for losing)\n|l|\u2606JamStunna\n","uploadtime":1684154930,"views":8,"p1id":"jamstunna","p2id":"revocolombia","formatid":"gen9vgc2023regulationc","rating":1299,"private":0,"password":""}