{"id":"gen9vgc2023regulationc-1859665987","p1":"Ibrahimovicvgc","p2":"LXF pokemon","format":"[Gen 9] VGC 2023 Regulation C","log":"|j|\u2606Ibrahimovicvgc\n|j|\u2606LXF pokemon\n|t:|1683554209\n|gametype|doubles\n|player|p1|Ibrahimovicvgc|1|1724\n|player|p2|LXF pokemon|hilbert|1748\n|teamsize|p1|6\n|teamsize|p2|6\n|gen|9\n|tier|[Gen 9] VGC 2023 Regulation C\n|rated|\n|rule|Species Clause: Limit one of each Pok\u00e9mon\n|rule|Item Clause: Limit one of each item\n|clearpoke\n|poke|p1|Jumpluff, L50, F|\n|poke|p1|Torkoal, L50, M|\n|poke|p1|Flutter Mane, L50|\n|poke|p1|Chien-Pao, L50|\n|poke|p1|Great Tusk, L50|\n|poke|p1|Kingambit, L50, M|\n|poke|p2|Flutter Mane, L50|\n|poke|p2|Arcanine, L50, M|\n|poke|p2|Great Tusk, L50|\n|poke|p2|Chien-Pao, L50|\n|poke|p2|Talonflame, L50, M|\n|poke|p2|Dragonite, L50, M|\n|teampreview|4\n|inactive|Battle timer is ON: inactive players will automatically lose when time's up. (requested by Ibrahimovicvgc)\n|inactive|Ibrahimovicvgc has 60 seconds left.\n|inactive|LXF pokemon has 60 seconds left.\n|\n|t:|1683554261\n|start\n|switch|p1a: Jumpluff|Jumpluff, L50, F|100\/100\n|switch|p1b: Torkoal|Torkoal, L50, M|100\/100\n|switch|p2a: Talonflame|Talonflame, L50, M|100\/100\n|switch|p2b: Great Tusk|Great Tusk, L50|100\/100\n|-weather|SunnyDay|[from] ability: Drought|[of] p1b: Torkoal\n|-activate|p2b: Great Tusk|ability: Protosynthesis\n|-start|p2b: Great Tusk|protosynthesisatk\n|turn|1\n|\n|t:|1683554283\n|move|p2a: Talonflame|Tailwind|p2a: Talonflame\n|-sidestart|p2: LXF pokemon|move: Tailwind\n|move|p2b: Great Tusk|Rock Slide|p1a: Jumpluff|[spread] p1a,p1b\n|-supereffective|p1a: Jumpluff\n|-supereffective|p1b: Torkoal\n|-damage|p1a: Jumpluff|40\/100\n|-damage|p1b: Torkoal|63\/100\n|move|p1a: Jumpluff|Sleep Powder|p2b: Great Tusk|[miss]\n|-miss|p1a: Jumpluff|p2b: Great Tusk\n|move|p1b: Torkoal|Overheat|p2a: Talonflame\n|-resisted|p2a: Talonflame\n|-damage|p2a: Talonflame|56\/100\n|-unboost|p1b: Torkoal|spa|2\n|-enditem|p1b: Torkoal|Eject Pack\n|inactive|Ibrahimovicvgc has 30 seconds left.\n|inactive|Ibrahimovicvgc has 20 seconds left.\n|inactive|Ibrahimovicvgc has 15 seconds left.\n|inactive|Ibrahimovicvgc has 10 seconds left.\n|inactive|Ibrahimovicvgc has 5 seconds left.\n|\n|t:|1683554337\n|switch|p1b: Flutter Mane|Flutter Mane, L50|100\/100\n|-activate|p1b: Flutter Mane|ability: Protosynthesis\n|-start|p1b: Flutter Mane|protosynthesisspa\n|\n|-weather|SunnyDay|[upkeep]\n|upkeep\n|turn|2\n|\n|t:|1683554355\n|-terastallize|p1a: Jumpluff|Steel\n|move|p2b: Great Tusk|Rock Slide|p1a: Jumpluff|[spread] p1a,p1b\n|-resisted|p1a: Jumpluff\n|-damage|p1a: Jumpluff|25\/100\n|-damage|p1b: Flutter Mane|55\/100\n|move|p2a: Talonflame|Brave Bird|p1a: Jumpluff\n|-resisted|p1a: Jumpluff\n|-damage|p1a: Jumpluff|0 fnt\n|faint|p1a: Jumpluff\n|-damage|p2a: Talonflame|46\/100|[from] Recoil\n|move|p1b: Flutter Mane|Dazzling Gleam|p2a: Talonflame|[spread] p2a,p2b\n|-resisted|p2a: Talonflame\n|-supereffective|p2b: Great Tusk\n|-damage|p2a: Talonflame|0 fnt\n|-damage|p2b: Great Tusk|0 fnt\n|faint|p2a: Talonflame\n|faint|p2b: Great Tusk\n|-end|p2b: Great Tusk|Protosynthesis|[silent]\n|\n|-weather|SunnyDay|[upkeep]\n|upkeep\n|c|\u2606LXF pokemon|gg\n|\n|t:|1683554380\n|switch|p2a: Chien-Pao|Chien-Pao, L50|100\/100\n|switch|p1a: Torkoal|Torkoal, L50, M|63\/100\n|switch|p2b: Flutter Mane|Flutter Mane, L50|100\/100\n|-ability|p2a: Chien-Pao|Sword of Ruin\n|-activate|p2b: Flutter Mane|ability: Protosynthesis\n|-start|p2b: Flutter Mane|protosynthesisspa\n|turn|3\n|inactive|Ibrahimovicvgc has 30 seconds left.\n|inactive|Ibrahimovicvgc has 20 seconds left.\n|inactive|Ibrahimovicvgc has 15 seconds left.\n|inactive|Ibrahimovicvgc has 10 seconds left.\n|j| EnrolledAgent\n|inactive|Ibrahimovicvgc has 5 seconds left.\n|\n|t:|1683554430\n|-end|p1b: Flutter Mane|Protosynthesis|[silent]\n|switch|p1b: Great Tusk|Great Tusk, L50|100\/100\n|-activate|p1b: Great Tusk|ability: Protosynthesis\n|-start|p1b: Great Tusk|protosynthesisatk\n|move|p2a: Chien-Pao|Ice Spinner|p1b: Great Tusk\n|-supereffective|p1b: Great Tusk\n|-damage|p1b: Great Tusk|6\/100\n|-damage|p2a: Chien-Pao|91\/100|[from] item: Life Orb\n|move|p2b: Flutter Mane|Shadow Ball|p1a: Torkoal\n|-damage|p1a: Torkoal|12\/100\n|move|p1a: Torkoal|Overheat|p2a: Chien-Pao\n|-supereffective|p2a: Chien-Pao\n|-damage|p2a: Chien-Pao|0 fnt\n|-unboost|p1a: Torkoal|spa|2\n|faint|p2a: Chien-Pao\n|\n|-weather|SunnyDay|[upkeep]\n|upkeep\n|turn|4\n|j| SamMap\n|\n|t:|1683554452\n|-end|p1b: Great Tusk|Protosynthesis|[silent]\n|switch|p1b: Flutter Mane|Flutter Mane, L50|55\/100\n|-activate|p1b: Flutter Mane|ability: Protosynthesis\n|-start|p1b: Flutter Mane|protosynthesisspa\n|-terastallize|p2b: Flutter Mane|Fairy\n|move|p1a: Torkoal|Protect|p1a: Torkoal\n|-singleturn|p1a: Torkoal|Protect\n|move|p2b: Flutter Mane|Dazzling Gleam|p1a: Torkoal|[spread] p1b\n|-activate|p1a: Torkoal|move: Protect\n|-damage|p1b: Flutter Mane|11\/100\n|\n|-weather|SunnyDay|[upkeep]\n|-sideend|p2: LXF pokemon|move: Tailwind\n|upkeep\n|turn|5\n|\n|t:|1683554476\n|move|p2b: Flutter Mane|Protect|p2b: Flutter Mane\n|-singleturn|p2b: Flutter Mane|Protect\n|move|p1b: Flutter Mane|Moonblast|p2b: Flutter Mane\n|-activate|p2b: Flutter Mane|move: Protect\n|move|p1a: Torkoal|Overheat|p2b: Flutter Mane\n|-activate|p2b: Flutter Mane|move: Protect\n|\n|-weather|none\n|-end|p2b: Flutter Mane|Protosynthesis\n|-end|p1b: Flutter Mane|Protosynthesis\n|upkeep\n|-enditem|p2b: Flutter Mane|Booster Energy\n|-activate|p2b: Flutter Mane|ability: Protosynthesis|[fromitem]\n|-start|p2b: Flutter Mane|protosynthesisspa\n|turn|6\n|\n|t:|1683554489\n|move|p1a: Torkoal|Protect|p1a: Torkoal\n|-singleturn|p1a: Torkoal|Protect\n|move|p2b: Flutter Mane|Dazzling Gleam|p1a: Torkoal|[spread] p1b\n|-activate|p1a: Torkoal|move: Protect\n|-damage|p1b: Flutter Mane|0 fnt\n|faint|p1b: Flutter Mane\n|-end|p1b: Flutter Mane|Protosynthesis|[silent]\n|\n|upkeep\n|\n|t:|1683554494\n|switch|p1b: Great Tusk|Great Tusk, L50|6\/100\n|turn|7\n|\n|t:|1683554500\n|move|p1a: Torkoal|Helping Hand|p1b: Great Tusk\n|-singleturn|p1b: Great Tusk|Helping Hand|[of] p1a: Torkoal\n|move|p1b: Great Tusk|Headlong Rush|p2b: Flutter Mane\n|-damage|p2b: Flutter Mane|0 fnt\n|-unboost|p1b: Great Tusk|def|1\n|-unboost|p1b: Great Tusk|spd|1\n|faint|p2b: Flutter Mane\n|-end|p2b: Flutter Mane|Protosynthesis|[silent]\n|\n|win|Ibrahimovicvgc\n|raw|Ibrahimovicvgc's rating: 1724 → 1745<\/strong> (+21 for winning)\n|raw|LXF pokemon's rating: 1748 → 1727<\/strong> (-21 for losing)\n|l|\u2606LXF pokemon\n|l|\u2606Ibrahimovicvgc\n","uploadtime":1683554824,"views":12,"p1id":"ibrahimovicvgc","p2id":"lxfpokemon","formatid":"gen9vgc2023regulationc","rating":1727,"private":0,"password":""}