{"id":"gen9vgc2023regulationc-1846358005","p1":"tukeydukey","p2":"ArtiboniteTest","format":"[Gen 9] VGC 2023 Regulation C","log":"|j|\u2606tukeydukey\n|j|\u2606ArtiboniteTest\n|t:|1681834419\n|gametype|doubles\n|player|p1|tukeydukey|elesa|1218\n|player|p2|ArtiboniteTest|firebreather|1275\n|teamsize|p1|6\n|teamsize|p2|6\n|gen|9\n|tier|[Gen 9] VGC 2023 Regulation C\n|rated|\n|rule|Species Clause: Limit one of each Pok\u00e9mon\n|rule|Item Clause: Limit one of each item\n|clearpoke\n|poke|p1|Glimmora, L50, F|\n|poke|p1|Gothitelle, L50, M|\n|poke|p1|Flutter Mane, L50|\n|poke|p1|Wo-Chien, L50|\n|poke|p1|Arcanine, L50, M|\n|poke|p1|Ting-Lu, L50|\n|poke|p2|Flutter Mane, L50|\n|poke|p2|Amoonguss, L50, F|\n|poke|p2|Palafin, L50, M|\n|poke|p2|Kingambit, L50, M|\n|poke|p2|Hawlucha, L50, F|\n|poke|p2|Arcanine, L50, F|\n|teampreview|4\n|inactive|Battle timer is ON: inactive players will automatically lose when time's up. (requested by ArtiboniteTest)\n|inactive|tukeydukey has 60 seconds left.\n|\n|t:|1681834464\n|start\n|switch|p1a: Flutter Mane|Flutter Mane, L50|100\/100\n|switch|p1b: Wo-Chien|Wo-Chien, L50|100\/100\n|switch|p2a: Palafin|Palafin, L50, M|100\/100\n|switch|p2b: Hawlucha|Hawlucha, L50, F|100\/100\n|-ability|p1b: Wo-Chien|Tablets of Ruin\n|-enditem|p1a: Flutter Mane|Booster Energy\n|-activate|p1a: Flutter Mane|ability: Protosynthesis|[fromitem]\n|-start|p1a: Flutter Mane|protosynthesisspe\n|turn|1\n|\n|t:|1681834481\n|detailschange|p2a: Palafin|Palafin-Hero, L50, M\n|switch|p2a: Arcanine|Arcanine, L50, F|100\/100\n|-ability|p2a: Arcanine|Intimidate|boost\n|-unboost|p1a: Flutter Mane|atk|1\n|-unboost|p1b: Wo-Chien|atk|1\n|switch|p1b: Gothitelle|Gothitelle, L50, M|100\/100\n|-terastallize|p2b: Hawlucha|Fire\n|move|p1a: Flutter Mane|Perish Song|p1a: Flutter Mane\n|-start|p1a: Flutter Mane|perish3|[silent]\n|-start|p1b: Gothitelle|perish3|[silent]\n|-start|p2a: Arcanine|perish3|[silent]\n|-start|p2b: Hawlucha|perish3|[silent]\n|-fieldactivate|move: Perish Song\n|move|p2b: Hawlucha|Close Combat|p1b: Gothitelle\n|-resisted|p1b: Gothitelle\n|-damage|p1b: Gothitelle|80\/100\n|-unboost|p2b: Hawlucha|def|1\n|-unboost|p2b: Hawlucha|spd|1\n|-enditem|p2b: Hawlucha|White Herb\n|-clearnegativeboost|p2b: Hawlucha|[silent]\n|\n|-start|p2b: Hawlucha|perish3\n|-start|p1a: Flutter Mane|perish3\n|-start|p2a: Arcanine|perish3\n|-start|p1b: Gothitelle|perish3\n|upkeep\n|turn|2\n|inactive|ArtiboniteTest has 30 seconds left.\n|\n|t:|1681834514\n|move|p1a: Flutter Mane|Protect|p1a: Flutter Mane\n|-singleturn|p1a: Flutter Mane|Protect\n|move|p1b: Gothitelle|Fake Out|p2b: Hawlucha\n|-damage|p2b: Hawlucha|94\/100\n|cant|p2b: Hawlucha|flinch\n|move|p2a: Arcanine|Flare Blitz|p1a: Flutter Mane\n|-activate|p1a: Flutter Mane|move: Protect\n|\n|-start|p2b: Hawlucha|perish2\n|-start|p1a: Flutter Mane|perish2\n|-start|p2a: Arcanine|perish2\n|-start|p1b: Gothitelle|perish2\n|upkeep\n|turn|3\n|\n|t:|1681834525\n|-end|p1a: Flutter Mane|Protosynthesis|[silent]\n|switch|p1a: Glimmora|Glimmora, L50, F|100\/100\n|move|p1b: Gothitelle|Protect|p1b: Gothitelle\n|-singleturn|p1b: Gothitelle|Protect\n|move|p2b: Hawlucha|Acrobatics|p1a: Glimmora\n|-resisted|p1a: Glimmora\n|-damage|p1a: Glimmora|79\/100\n|-activate|p1a: Glimmora|ability: Toxic Debris\n|-sidestart|p2: ArtiboniteTest|move: Toxic Spikes\n|move|p2a: Arcanine|Flare Blitz|p1a: Glimmora\n|-resisted|p1a: Glimmora\n|-damage|p1a: Glimmora|48\/100\n|-activate|p1a: Glimmora|ability: Toxic Debris\n|-sidestart|p2: ArtiboniteTest|move: Toxic Spikes\n|-damage|p2a: Arcanine|90\/100|[from] Recoil\n|\n|-start|p2b: Hawlucha|perish1\n|-start|p2a: Arcanine|perish1\n|-start|p1b: Gothitelle|perish1\n|upkeep\n|turn|4\n|\n|t:|1681834551\n|switch|p1b: Wo-Chien|Wo-Chien, L50|100\/100\n|-ability|p1b: Wo-Chien|Tablets of Ruin\n|move|p2b: Hawlucha|Acrobatics|p1b: Wo-Chien\n|-supereffective|p1b: Wo-Chien\n|-damage|p1b: Wo-Chien|56\/100\n|move|p2a: Arcanine|Flare Blitz|p1b: Wo-Chien\n|-supereffective|p1b: Wo-Chien\n|-damage|p1b: Wo-Chien|0 fnt\n|faint|p1b: Wo-Chien\n|-damage|p2a: Arcanine|71\/100|[from] Recoil\n|move|p1a: Glimmora|Mortal Spin|p2b: Hawlucha|[spread] p2a,p2b\n|-crit|p2b: Hawlucha\n|-damage|p2a: Arcanine|66\/100\n|-damage|p2b: Hawlucha|87\/100\n|-status|p2a: Arcanine|psn\n|-status|p2b: Hawlucha|psn\n|\n|-damage|p2b: Hawlucha|75\/100 psn|[from] psn\n|-damage|p2a: Arcanine|54\/100 psn|[from] psn\n|-start|p2b: Hawlucha|perish0\n|-start|p2a: Arcanine|perish0\n|upkeep\n|faint|p2b: Hawlucha\n|faint|p2a: Arcanine\n|\n|t:|1681834561\n|switch|p2b: Palafin|Palafin-Hero, L50, M|100\/100\n|switch|p2a: Amoonguss|Amoonguss, L50, F|100\/100\n|switch|p1b: Flutter Mane|Flutter Mane, L50|100\/100\n|-status|p2b: Palafin|tox\n|-activate|p2b: Palafin|ability: Zero to Hero\n|-sideend|p2: ArtiboniteTest|move: Toxic Spikes|[of] p2a: Amoonguss\n|turn|5\n|\n|t:|1681834582\n|-terastallize|p1a: Glimmora|Grass\n|move|p1b: Flutter Mane|Protect|p1b: Flutter Mane\n|-singleturn|p1b: Flutter Mane|Protect\n|move|p2b: Palafin|Jet Punch|p1b: Flutter Mane\n|-activate|p1b: Flutter Mane|move: Protect\n|move|p1a: Glimmora|Energy Ball|p2b: Palafin\n|-supereffective|p2b: Palafin\n|-damage|p2b: Palafin|0 fnt\n|faint|p2b: Palafin\n|move|p2a: Amoonguss|Spore|p1b: Flutter Mane\n|-activate|p1b: Flutter Mane|move: Protect\n|\n|upkeep\n|turn|6\n|-message|ArtiboniteTest forfeited.\n|\n|win|tukeydukey\n|raw|tukeydukey's rating: 1218 → 1247<\/strong> (+29 for winning)\n|raw|ArtiboniteTest's rating: 1275 → 1246<\/strong> (-29 for losing)\n","uploadtime":1681834601,"views":11,"p1id":"tukeydukey","p2id":"artibonitetest","formatid":"gen9vgc2023regulationc","rating":1246,"private":0,"password":""}