{"id":"gen9vgc2023regulationc-1847051949","p1":"Mess in Distress","p2":"rtjonesy","format":"[Gen 9] VGC 2023 Regulation C","log":"|j|\u2606Mess in Distress\n|j|\u2606rtjonesy\n|t:|1681915044\n|gametype|doubles\n|player|p1|Mess in Distress|iono|1398\n|player|p2|rtjonesy|infielder|1436\n|teamsize|p1|6\n|teamsize|p2|6\n|gen|9\n|tier|[Gen 9] VGC 2023 Regulation C\n|rated|\n|rule|Species Clause: Limit one of each Pok\u00e9mon\n|rule|Item Clause: Limit one of each item\n|clearpoke\n|poke|p1|Murkrow, L50, M|\n|poke|p1|Gholdengo, L50|\n|poke|p1|Iron Hands, L50|\n|poke|p1|Tyranitar, L50, M|\n|poke|p1|Iron Bundle, L50|\n|poke|p1|Gyarados, L50, F|\n|poke|p2|Annihilape, L50, M|\n|poke|p2|Ting-Lu, L50|\n|poke|p2|Flutter Mane, L50|\n|poke|p2|Chi-Yu, L50|\n|poke|p2|Farigiraf, L50, F|\n|poke|p2|Iron Bundle, L50|\n|teampreview|4\n|inactive|Battle timer is ON: inactive players will automatically lose when time's up. (requested by rtjonesy)\n|\n|t:|1681915073\n|start\n|switch|p1a: Tyranitar|Tyranitar, L50, M|100\/100\n|switch|p1b: Bejeweled|Gholdengo, L50|100\/100\n|switch|p2a: Annihilape|Annihilape, L50, M|100\/100\n|switch|p2b: Iron Bundle|Iron Bundle, L50|100\/100\n|-weather|Sandstorm|[from] ability: Sand Stream|[of] p1a: Tyranitar\n|-enditem|p2b: Iron Bundle|Booster Energy\n|-activate|p2b: Iron Bundle|ability: Quark Drive|[fromitem]\n|-start|p2b: Iron Bundle|quarkdrivespe\n|turn|1\n|inactive|Mess in Distress has 30 seconds left.\n|inactive|rtjonesy has 30 seconds left.\n|\n|t:|1681915104\n|move|p2a: Annihilape|Protect|p2a: Annihilape\n|-singleturn|p2a: Annihilape|Protect\n|move|p2b: Iron Bundle|Freeze-Dry|p1a: Tyranitar\n|-damage|p1a: Tyranitar|81\/100\n|move|p1b: Bejeweled|Make It Rain|p2b: Iron Bundle|[spread] p2b\n|-activate|p2a: Annihilape|move: Protect\n|-damage|p2b: Iron Bundle|0 fnt\n|-unboost|p1b: Bejeweled|spa|1\n|faint|p2b: Iron Bundle\n|-end|p2b: Iron Bundle|Quark Drive|[silent]\n|move|p1a: Tyranitar|Assurance|p2a: Annihilape\n|-activate|p2a: Annihilape|move: Protect\n|\n|-weather|Sandstorm|[upkeep]\n|-damage|p2a: Annihilape|94\/100|[from] Sandstorm\n|-heal|p2a: Annihilape|100\/100|[from] item: Leftovers\n|upkeep\n|\n|t:|1681915121\n|switch|p2b: Farigiraf|Farigiraf, L50, F|100\/100\n|turn|2\n|\n|t:|1681915139\n|-terastallize|p2a: Annihilape|Fire\n|move|p2a: Annihilape|Drain Punch|p1a: Tyranitar\n|-supereffective|p1a: Tyranitar\n|-crit|p1a: Tyranitar\n|-damage|p1a: Tyranitar|0 fnt\n|faint|p1a: Tyranitar\n|move|p1b: Bejeweled|Make It Rain|p2a: Annihilape|[spread] p2a,p2b\n|-resisted|p2a: Annihilape\n|-damage|p2a: Annihilape|78\/100\n|-damage|p2b: Farigiraf|60\/100\n|-unboost|p1b: Bejeweled|spa|1\n|move|p2b: Farigiraf|Trick Room|p2b: Farigiraf\n|-fieldstart|move: Trick Room|[of] p2b: Farigiraf\n|\n|-weather|Sandstorm|[upkeep]\n|-damage|p2a: Annihilape|72\/100|[from] Sandstorm\n|-heal|p2a: Annihilape|78\/100|[from] item: Leftovers\n|upkeep\n|\n|t:|1681915149\n|switch|p1a: Iron Hands|Iron Hands, L50|100\/100\n|turn|3\n|\n|t:|1681915170\n|switch|p1b: Gyarados|Gyarados, L50, F|100\/100\n|-ability|p1b: Gyarados|Intimidate|boost\n|-unboost|p2a: Annihilape|atk|1\n|-ability|p2a: Annihilape|Defiant|boost\n|-boost|p2a: Annihilape|atk|2\n|-unboost|p2b: Farigiraf|atk|1\n|-terastallize|p1a: Iron Hands|Grass\n|move|p2b: Farigiraf|Psychic|p1a: Iron Hands\n|-damage|p1a: Iron Hands|84\/100\n|move|p1a: Iron Hands|Drain Punch|p2a: Annihilape\n|-damage|p2a: Annihilape|52\/100\n|-heal|p1a: Iron Hands|95\/100|[from] drain|[of] p2a: Annihilape\n|move|p2a: Annihilape|Rage Fist|p1b: Gyarados\n|-damage|p1b: Gyarados|8\/100\n|-enditem|p1b: Gyarados|Sitrus Berry|[eat]\n|-heal|p1b: Gyarados|33\/100|[from] item: Sitrus Berry\n|\n|-weather|Sandstorm|[upkeep]\n|-damage|p1a: Iron Hands|89\/100|[from] Sandstorm\n|-damage|p1b: Gyarados|27\/100|[from] Sandstorm\n|-damage|p2a: Annihilape|46\/100|[from] Sandstorm\n|-heal|p2a: Annihilape|52\/100|[from] item: Leftovers\n|upkeep\n|turn|4\n|inactive|rtjonesy has 30 seconds left.\n|\n|t:|1681915195\n|move|p1b: Gyarados|Helping Hand|p1a: Iron Hands\n|-singleturn|p1a: Iron Hands|Helping Hand|[of] p1b: Gyarados\n|move|p2a: Annihilape|Protect|p2a: Annihilape\n|-singleturn|p2a: Annihilape|Protect\n|move|p2b: Farigiraf|Hyper Voice|p1a: Iron Hands|[spread] p1a,p1b\n|-damage|p1a: Iron Hands|77\/100\n|-damage|p1b: Gyarados|9\/100\n|move|p1a: Iron Hands|Close Combat|p2a: Annihilape\n|-activate|p2a: Annihilape|move: Protect\n|\n|-weather|Sandstorm|[upkeep]\n|-damage|p1a: Iron Hands|71\/100|[from] Sandstorm\n|-damage|p1b: Gyarados|3\/100|[from] Sandstorm\n|-damage|p2a: Annihilape|46\/100|[from] Sandstorm\n|-heal|p2a: Annihilape|52\/100|[from] item: Leftovers\n|upkeep\n|turn|5\n|\n|t:|1681915217\n|move|p1b: Gyarados|Helping Hand|p1a: Iron Hands\n|-singleturn|p1a: Iron Hands|Helping Hand|[of] p1b: Gyarados\n|move|p2b: Farigiraf|Hyper Voice|p1a: Iron Hands|[spread] p1a,p1b\n|-damage|p1a: Iron Hands|58\/100\n|-damage|p1b: Gyarados|0 fnt\n|faint|p1b: Gyarados\n|move|p1a: Iron Hands|Close Combat|p2a: Annihilape\n|-damage|p2a: Annihilape|0 fnt\n|-unboost|p1a: Iron Hands|def|1\n|-unboost|p1a: Iron Hands|spd|1\n|faint|p2a: Annihilape\n|\n|-weather|none\n|upkeep\n|inactive|Mess in Distress has 30 seconds left.\n|inactive|Mess in Distress has 20 seconds left.\n|inactive|Mess in Distress has 15 seconds left.\n|\n|t:|1681915257\n|switch|p1b: Bejeweled|Gholdengo, L50|100\/100\n|switch|p2a: Ting-Lu|Ting-Lu, L50|100\/100\n|-ability|p2a: Ting-Lu|Vessel of Ruin\n|turn|6\n|inactive|rtjonesy has 30 seconds left.\n|\n|t:|1681915288\n|move|p2a: Ting-Lu|Throat Chop|p1a: Iron Hands\n|-damage|p1a: Iron Hands|18\/100\n|-start|p1a: Iron Hands|Throat Chop|[silent]\n|move|p2b: Farigiraf|Psychic|p1a: Iron Hands\n|-damage|p1a: Iron Hands|1\/100\n|move|p1a: Iron Hands|Drain Punch|p2a: Ting-Lu\n|-supereffective|p2a: Ting-Lu\n|-damage|p2a: Ting-Lu|59\/100\n|-heal|p1a: Iron Hands|22\/100|[from] drain|[of] p2a: Ting-Lu\n|move|p1b: Bejeweled|Make It Rain|p2b: Farigiraf|[spread] p2a,p2b\n|-damage|p2a: Ting-Lu|28\/100\n|-damage|p2b: Farigiraf|8\/100\n|-unboost|p1b: Bejeweled|spa|1\n|\n|-fieldend|move: Trick Room\n|upkeep\n|turn|7\n|\n|t:|1681915307\n|move|p1b: Bejeweled|Make It Rain|p2b: Farigiraf|[spread] p2a,p2b\n|-damage|p2a: Ting-Lu|7\/100\n|-damage|p2b: Farigiraf|0 fnt\n|-unboost|p1b: Bejeweled|spa|1\n|faint|p2b: Farigiraf\n|move|p1a: Iron Hands|Drain Punch|p2a: Ting-Lu\n|-supereffective|p2a: Ting-Lu\n|-damage|p2a: Ting-Lu|0 fnt\n|-heal|p1a: Iron Hands|26\/100|[from] drain|[of] p2a: Ting-Lu\n|faint|p2a: Ting-Lu\n|\n|win|Mess in Distress\n|raw|Mess in Distress's rating: 1398 → 1420<\/strong> (+22 for winning)\n|raw|rtjonesy's rating: 1436 → 1414<\/strong> (-22 for losing)\n|l|\u2606rtjonesy\n","uploadtime":1681915313,"views":9,"p1id":"messindistress","p2id":"rtjonesy","formatid":"gen9vgc2023regulationc","rating":1414,"private":0,"password":""}