{"id":"gen9vgc2023regulationc-1856476085","p1":"TheRedRaion","p2":"TheNutmeg33","format":"[Gen 9] VGC 2023 Regulation C","log":"|j|\u2606TheRedRaion\n|j|\u2606TheNutmeg33\n|t:|1683065688\n|gametype|doubles\n|player|p1|TheRedRaion|scientist|1283\n|player|p2|TheNutmeg33|266|1370\n|teamsize|p1|6\n|teamsize|p2|6\n|gen|9\n|tier|[Gen 9] VGC 2023 Regulation C\n|rated|\n|rule|Species Clause: Limit one of each Pok\u00e9mon\n|rule|Item Clause: Limit one of each item\n|clearpoke\n|poke|p1|Flutter Mane, L50|\n|poke|p1|Tyranitar, L50, F|\n|poke|p1|Wo-Chien, L50|\n|poke|p1|Chi-Yu, L50|\n|poke|p1|Dragonite, L50, F|\n|poke|p1|Glimmora, L50, M|\n|poke|p2|Iron Hands, L50|\n|poke|p2|Hatterene, L50, F|\n|poke|p2|Flutter Mane, L50|\n|poke|p2|Palafin, L50, M|\n|poke|p2|Amoonguss, L50, M|\n|poke|p2|Arcanine, L50, F|\n|teampreview|4\n|inactive|Battle timer is ON: inactive players will automatically lose when time's up. (requested by TheNutmeg33)\n|\n|t:|1683065714\n|start\n|switch|p1a: Glimmora|Glimmora, L50, M|100\/100\n|switch|p1b: Wo-Chien|Wo-Chien, L50|100\/100\n|switch|p2a: Hatterene|Hatterene, L50, F|100\/100\n|switch|p2b: Palafin|Palafin, L50, M, shiny|100\/100\n|-ability|p1b: Wo-Chien|Tablets of Ruin\n|turn|1\n|inactive|TheRedRaion has 30 seconds left.\n|\n|t:|1683065741\n|detailschange|p2b: Palafin|Palafin-Hero, L50, M, shiny\n|switch|p2b: Amoonguss|Amoonguss, L50, M, shiny|100\/100\n|move|p1a: Glimmora|Flash Cannon|p2a: Hatterene\n|-supereffective|p2a: Hatterene\n|-damage|p2a: Hatterene|36\/100\n|-unboost|p2a: Hatterene|spd|1\n|move|p1b: Wo-Chien|Foul Play|p2a: Hatterene\n|-damage|p2a: Hatterene|10\/100\n|move|p2a: Hatterene|Psyshock|p1a: Glimmora\n|-supereffective|p1a: Glimmora\n|-enditem|p1a: Glimmora|Focus Sash\n|-damage|p1a: Glimmora|1\/100\n|\n|-heal|p2a: Hatterene|16\/100|[from] item: Leftovers\n|upkeep\n|turn|2\n|\n|t:|1683065759\n|move|p2b: Amoonguss|Rage Powder|p2b: Amoonguss\n|-singleturn|p2b: Amoonguss|move: Rage Powder\n|move|p1a: Glimmora|Earth Power|p2b: Amoonguss\n|-damage|p2b: Amoonguss|74\/100\n|move|p1b: Wo-Chien|Pollen Puff|p2a: Hatterene\n|-crit|p2a: Hatterene\n|-damage|p2a: Hatterene|0 fnt\n|faint|p2a: Hatterene\n|\n|upkeep\n|\n|t:|1683065770\n|switch|p2a: Iron Hands|Iron Hands, L50, shiny|100\/100\n|turn|3\n|\n|t:|1683065776\n|-terastallize|p2a: Iron Hands|Grass\n|move|p1a: Glimmora|Spiky Shield|p1a: Glimmora\n|-singleturn|p1a: Glimmora|move: Protect\n|move|p1b: Wo-Chien|Leech Seed|p2a: Iron Hands\n|-immune|p2a: Iron Hands\n|move|p2a: Iron Hands|Drain Punch|p1b: Wo-Chien\n|-supereffective|p1b: Wo-Chien\n|-damage|p1b: Wo-Chien|32\/100\n|move|p2b: Amoonguss|Pollen Puff|p1a: Glimmora\n|-activate|p1a: Glimmora|move: Protect\n|\n|-heal|p1b: Wo-Chien|38\/100|[from] item: Leftovers\n|upkeep\n|turn|4\n|\n|t:|1683065795\n|move|p1a: Glimmora|Mortal Spin|p2a: Iron Hands|[spread] p2a,p2b\n|-supereffective|p2a: Iron Hands\n|-damage|p2a: Iron Hands|95\/100\n|-damage|p2b: Amoonguss|71\/100\n|-status|p2a: Iron Hands|psn\n|move|p1b: Wo-Chien|Pollen Puff|p2a: Iron Hands\n|-supereffective|p2a: Iron Hands\n|-damage|p2a: Iron Hands|73\/100 psn\n|move|p2a: Iron Hands|Drain Punch|p1b: Wo-Chien\n|-supereffective|p1b: Wo-Chien\n|-damage|p1b: Wo-Chien|0 fnt\n|-heal|p2a: Iron Hands|89\/100 psn|[from] drain|[of] p1b: Wo-Chien\n|faint|p1b: Wo-Chien\n|move|p2b: Amoonguss|Pollen Puff|p1a: Glimmora\n|-resisted|p1a: Glimmora\n|-damage|p1a: Glimmora|0 fnt\n|faint|p1a: Glimmora\n|\n|-damage|p2a: Iron Hands|77\/100 psn|[from] psn\n|upkeep\n|\n|t:|1683065804\n|switch|p1a: Flutter Mane|Flutter Mane, L50|100\/100\n|switch|p1b: Chi-Yu|Chi-Yu, L50|100\/100\n|-ability|p1b: Chi-Yu|Beads of Ruin\n|-enditem|p1a: Flutter Mane|Booster Energy\n|-activate|p1a: Flutter Mane|ability: Protosynthesis|[fromitem]\n|-start|p1a: Flutter Mane|protosynthesisspe\n|turn|5\n|\n|t:|1683065827\n|move|p1a: Flutter Mane|Substitute|p1a: Flutter Mane\n|-start|p1a: Flutter Mane|Substitute\n|-damage|p1a: Flutter Mane|76\/100\n|move|p1b: Chi-Yu|Flamethrower|p2b: Amoonguss\n|-supereffective|p2b: Amoonguss\n|-damage|p2b: Amoonguss|0 fnt\n|faint|p2b: Amoonguss\n|move|p2a: Iron Hands|Drain Punch|p1b: Chi-Yu\n|-supereffective|p1b: Chi-Yu\n|-damage|p1b: Chi-Yu|0 fnt\n|-heal|p2a: Iron Hands|100\/100 psn|[from] drain|[of] p1b: Chi-Yu\n|faint|p1b: Chi-Yu\n|\n|-damage|p2a: Iron Hands|88\/100 psn|[from] psn\n|upkeep\n|\n|t:|1683065839\n|switch|p2b: Palafin|Palafin-Hero, L50, M, shiny|100\/100\n|-activate|p2b: Palafin|ability: Zero to Hero\n|turn|6\n|\n|t:|1683065849\n|move|p1a: Flutter Mane|Protect|p1a: Flutter Mane\n|-singleturn|p1a: Flutter Mane|Protect\n|move|p2b: Palafin|Jet Punch|p1a: Flutter Mane\n|-activate|p1a: Flutter Mane|move: Protect\n|move|p2a: Iron Hands|Wild Charge|p1a: Flutter Mane\n|-activate|p1a: Flutter Mane|move: Protect\n|\n|-damage|p2a: Iron Hands|76\/100 psn|[from] psn\n|upkeep\n|turn|7\n|\n|t:|1683065863\n|move|p2b: Palafin|Protect|p2b: Palafin\n|-singleturn|p2b: Palafin|Protect\n|move|p1a: Flutter Mane|Moonblast|p2b: Palafin\n|-activate|p2b: Palafin|move: Protect\n|move|p2a: Iron Hands|Wild Charge|p1a: Flutter Mane\n|-end|p1a: Flutter Mane|Substitute\n|-damage|p2a: Iron Hands|73\/100 psn|[from] Recoil|[of] p1a: Flutter Mane\n|\n|-damage|p2a: Iron Hands|60\/100 psn|[from] psn\n|upkeep\n|turn|8\n|\n|t:|1683065875\n|move|p1a: Flutter Mane|Protect|p1a: Flutter Mane\n|-singleturn|p1a: Flutter Mane|Protect\n|move|p2b: Palafin|Jet Punch|p1a: Flutter Mane\n|-activate|p1a: Flutter Mane|move: Protect\n|move|p2a: Iron Hands|Wild Charge|p1a: Flutter Mane\n|-activate|p1a: Flutter Mane|move: Protect\n|\n|-damage|p2a: Iron Hands|48\/100 psn|[from] psn\n|upkeep\n|turn|9\n|\n|t:|1683065886\n|move|p2b: Palafin|Jet Punch|p1a: Flutter Mane\n|-damage|p1a: Flutter Mane|0 fnt\n|faint|p1a: Flutter Mane\n|-end|p1a: Flutter Mane|Protosynthesis|[silent]\n|\n|win|TheNutmeg33\n|raw|TheRedRaion's rating: 1283 → 1264<\/strong> (-19 for losing)\n|raw|TheNutmeg33's rating: 1370 → 1385<\/strong> (+15 for winning)\n|l|\u2606TheRedRaion\n","uploadtime":1683065898,"views":9,"p1id":"theredraion","p2id":"thenutmeg33","formatid":"gen9vgc2023regulationc","rating":1264,"private":0,"password":""}