{"id":"gen9vgc2023regulationc-1860131328","p1":"qhjm1","p2":"guacamoel","format":"[Gen 9] VGC 2023 Regulation C","log":"|j|\u2606qhjm1\n|j|\u2606guacamoel\n|t:|1683598933\n|gametype|doubles\n|player|p1|qhjm1|2|1210\n|player|p2|guacamoel|larry|1309\n|teamsize|p1|6\n|teamsize|p2|4\n|gen|9\n|tier|[Gen 9] VGC 2023 Regulation C\n|rated|\n|rule|Species Clause: Limit one of each Pok\u00e9mon\n|rule|Item Clause: Limit one of each item\n|clearpoke\n|poke|p1|Slither Wing, L50|\n|poke|p1|Chien-Pao, L50|\n|poke|p1|Gyarados, L50, M|\n|poke|p1|Iron Moth, L50|\n|poke|p1|Klefki, L50, M|\n|poke|p1|Amoonguss, L50, F|\n|poke|p2|Coalossal, L50, M|\n|poke|p2|Chi-Yu, L50|\n|poke|p2|Flutter Mane, L50|\n|poke|p2|Dragonite, L50, F|\n|teampreview|4\n|inactive|Battle timer is ON: inactive players will automatically lose when time's up. (requested by guacamoel)\n|\n|t:|1683598970\n|start\n|switch|p1a: Slither Wing|Slither Wing, L50|100\/100\n|switch|p1b: Chien-Pao|Chien-Pao, L50|100\/100\n|switch|p2a: Coalossal|Coalossal, L50, M|100\/100\n|switch|p2b: Dragonite|Dragonite, L50, F|100\/100\n|-ability|p1b: Chien-Pao|Sword of Ruin\n|turn|1\n|inactive|qhjm1 has 30 seconds left.\n|inactive|guacamoel has 30 seconds left.\n|inactive|guacamoel has 20 seconds left.\n|\n|t:|1683599005\n|-terastallize|p2b: Dragonite|Normal\n|move|p1a: Slither Wing|First Impression|p2b: Dragonite\n|-damage|p2b: Dragonite|57\/100\n|-damage|p1a: Slither Wing|91\/100|[from] item: Life Orb\n|move|p2b: Dragonite|Aqua Jet|p2a: Coalossal\n|-supereffective|p2a: Coalossal\n|-damage|p2a: Coalossal|38\/100\n|-ability|p2a: Coalossal|Steam Engine|boost\n|-boost|p2a: Coalossal|spe|6\n|-enditem|p2a: Coalossal|Weakness Policy\n|-boost|p2a: Coalossal|atk|2|[from] item: Weakness Policy\n|-boost|p2a: Coalossal|spa|2|[from] item: Weakness Policy\n|move|p2a: Coalossal|Flare Blitz|p1a: Slither Wing\n|-supereffective|p1a: Slither Wing\n|-damage|p1a: Slither Wing|0 fnt\n|faint|p1a: Slither Wing\n|-end|p1a: Slither Wing|Protosynthesis|[silent]\n|-damage|p2a: Coalossal|7\/100|[from] Recoil\n|move|p1b: Chien-Pao|Ice Spinner|p2a: Coalossal\n|-resisted|p2a: Coalossal\n|-damage|p2a: Coalossal|0 fnt\n|faint|p2a: Coalossal\n|\n|upkeep\n|inactive|guacamoel has 30 seconds left.\n|\n|t:|1683599032\n|switch|p1a: Gyarados|Gyarados, L50, M|100\/100\n|switch|p2a: Chi-Yu|Chi-Yu, L50|100\/100\n|-ability|p2a: Chi-Yu|Beads of Ruin\n|-ability|p1a: Gyarados|Intimidate|boost\n|-unboost|p2a: Chi-Yu|atk|1\n|-unboost|p2b: Dragonite|atk|1\n|turn|2\n|\n|t:|1683599046\n|move|p1b: Chien-Pao|Protect|p1b: Chien-Pao\n|-singleturn|p1b: Chien-Pao|Protect\n|move|p2b: Dragonite|Aqua Jet|p1b: Chien-Pao\n|-activate|p1b: Chien-Pao|move: Protect\n|move|p2a: Chi-Yu|Lava Plume|p1b: Chien-Pao|[spread] p2b,p1a\n|-activate|p1b: Chien-Pao|move: Protect\n|-resisted|p1a: Gyarados\n|-damage|p2b: Dragonite|14\/100\n|-damage|p1a: Gyarados|84\/100\n|-status|p2b: Dragonite|brn\n|move|p1a: Gyarados|Waterfall|p2a: Chi-Yu\n|-supereffective|p2a: Chi-Yu\n|-damage|p2a: Chi-Yu|0 fnt\n|faint|p2a: Chi-Yu\n|\n|-damage|p2b: Dragonite|8\/100 brn|[from] brn\n|upkeep\n|\n|t:|1683599049\n|switch|p2a: Flutter Mane|Flutter Mane, L50|100\/100\n|turn|3\n|\n|t:|1683599070\n|move|p2b: Dragonite|Extreme Speed|p1b: Chien-Pao\n|-damage|p1b: Chien-Pao|81\/100\n|move|p1b: Chien-Pao|Sucker Punch|p2a: Flutter Mane\n|-damage|p2a: Flutter Mane|19\/100\n|move|p2a: Flutter Mane|Thunderbolt|p1a: Gyarados\n|-supereffective|p1a: Gyarados\n|-damage|p1a: Gyarados|0 fnt\n|faint|p1a: Gyarados\n|\n|-damage|p2b: Dragonite|2\/100 brn|[from] brn\n|upkeep\n|\n|t:|1683599076\n|switch|p1a: Iron Moth|Iron Moth, L50|100\/100\n|turn|4\n|\n|t:|1683599094\n|move|p1b: Chien-Pao|Protect|p1b: Chien-Pao\n|-singleturn|p1b: Chien-Pao|Protect\n|move|p1a: Iron Moth|Protect|p1a: Iron Moth\n|-singleturn|p1a: Iron Moth|Protect\n|move|p2a: Flutter Mane|Thunderbolt|p1b: Chien-Pao\n|-activate|p1b: Chien-Pao|move: Protect\n|move|p2b: Dragonite|Stomping Tantrum|p1a: Iron Moth\n|-activate|p1a: Iron Moth|move: Protect\n|\n|-damage|p2b: Dragonite|0 fnt|[from] brn\n|faint|p2b: Dragonite\n|upkeep\n|turn|5\n|-message|guacamoel forfeited.\n|\n|win|qhjm1\n|raw|qhjm1's rating: 1210 → 1242<\/strong> (+32 for winning)\n|raw|guacamoel's rating: 1309 → 1283<\/strong> (-26 for losing)\n|l|\u2606guacamoel\n","uploadtime":1683599114,"views":9,"p1id":"qhjm1","p2id":"guacamoel","formatid":"gen9vgc2023regulationc","rating":1242,"private":0,"password":""}