{"id":"gen9vgc2023regulationc-1857264907","p1":"Kipppppppp","p2":"GB Seraphix","format":"[Gen 9] VGC 2023 Regulation C","log":"|j|\u2606Kipppppppp\n|j|\u2606GB Seraphix\n|t:|1683165240\n|gametype|doubles\n|player|p1|Kipppppppp|169|1276\n|player|p2|GB Seraphix|rosa|1218\n|teamsize|p1|6\n|teamsize|p2|6\n|gen|9\n|tier|[Gen 9] VGC 2023 Regulation C\n|rated|\n|rule|Species Clause: Limit one of each Pok\u00e9mon\n|rule|Item Clause: Limit one of each item\n|clearpoke\n|poke|p1|Indeedee-F, L50, F|\n|poke|p1|Armarouge, L50, M|\n|poke|p1|Ting-Lu, L50|\n|poke|p1|Sylveon, L50, F|\n|poke|p1|Dragapult, L50, F|\n|poke|p1|Palafin, L50, M|\n|poke|p2|Lurantis, L50, F|\n|poke|p2|Hatterene, L50, F|\n|poke|p2|Torkoal, L50, M|\n|poke|p2|Indeedee-F, L50, F|\n|poke|p2|Oranguru, L50, M|\n|poke|p2|Hariyama, L50, M|\n|teampreview|4\n|inactive|Battle timer is ON: inactive players will automatically lose when time's up. (requested by Kipppppppp)\n|inactive|GB Seraphix has 60 seconds left.\nKipppppppp rejected open team sheets.\n|\n|t:|1683165293\n|start\n|switch|p1a: Palafin|Palafin, L50, M, shiny|100\/100\n|switch|p1b: Armarouge|Armarouge, L50, M|100\/100\n|switch|p2a: Sambalilo|Hatterene, L50, F|100\/100\n|switch|p2b: Ganryu|Hariyama, L50, M|100\/100\n|turn|1\n|inactive|GB Seraphix has 30 seconds left.\n|\n|t:|1683165322\n|detailschange|p1a: Palafin|Palafin-Hero, L50, M, shiny\n|switch|p1a: Ting-Lu|Ting-Lu, L50|100\/100\n|-ability|p1a: Ting-Lu|Vessel of Ruin\n|move|p1b: Armarouge|Expanding Force|p2b: Ganryu\n|-supereffective|p2b: Ganryu\n|-damage|p2b: Ganryu|27\/100\n|move|p2b: Ganryu|Knock Off|p1b: Armarouge\n|-supereffective|p1b: Armarouge\n|-damage|p1b: Armarouge|30\/100\n|-enditem|p1b: Armarouge|Twisted Spoon|[from] move: Knock Off|[of] p2b: Ganryu\n|move|p2a: Sambalilo|Trick Room|p2a: Sambalilo\n|-fieldstart|move: Trick Room|[of] p2a: Sambalilo\n|\n|-status|p2b: Ganryu|brn|[from] item: Flame Orb\n|upkeep\n|turn|2\n|inactive|GB Seraphix has 30 seconds left.\n|\n|t:|1683165350\n|move|p2a: Sambalilo|Dazzling Gleam|p1b: Armarouge|[spread] p1a,p1b\n|-supereffective|p1a: Ting-Lu\n|-resisted|p1b: Armarouge\n|-damage|p1a: Ting-Lu|71\/100\n|-damage|p1b: Armarouge|14\/100\n|-damage|p2a: Sambalilo|91\/100|[from] item: Life Orb\n|move|p1a: Ting-Lu|Heavy Slam|p2a: Sambalilo\n|-supereffective|p2a: Sambalilo\n|-damage|p2a: Sambalilo|4\/100\n|move|p2b: Ganryu|Knock Off|p1a: Ting-Lu\n|-resisted|p1a: Ting-Lu\n|-damage|p1a: Ting-Lu|57\/100\n|-enditem|p1a: Ting-Lu|Assault Vest|[from] move: Knock Off|[of] p2b: Ganryu\n|move|p1b: Armarouge|Expanding Force|p2b: Ganryu\n|-supereffective|p2b: Ganryu\n|-damage|p2b: Ganryu|0 fnt\n|faint|p2b: Ganryu\n|\n|upkeep\n|\n|t:|1683165367\n|switch|p2b: Pawikan|Torkoal, L50, M|100\/100\n|-weather|SunnyDay|[from] ability: Drought|[of] p2b: Pawikan\n|turn|3\n|\n|t:|1683165389\n|-terastallize|p2b: Pawikan|Fire\n|move|p2b: Pawikan|Eruption|p1b: Armarouge|[spread] p1a\n|-start|p1b: Armarouge|ability: Flash Fire\n|-damage|p1a: Ting-Lu|16\/100\n|move|p2a: Sambalilo|Dazzling Gleam|p1b: Armarouge|[spread] p1a,p1b\n|-supereffective|p1a: Ting-Lu\n|-resisted|p1b: Armarouge\n|-damage|p1a: Ting-Lu|0 fnt\n|-damage|p1b: Armarouge|0 fnt\n|faint|p1a: Ting-Lu\n|faint|p1b: Armarouge\n|-damage|p2a: Sambalilo|0 fnt|[from] item: Life Orb\n|faint|p2a: Sambalilo\n|\n|-weather|SunnyDay|[upkeep]\n|upkeep\n|\n|t:|1683165402\n|switch|p2a: Preggy|Indeedee-F, L50, F|100\/100\n|switch|p1a: Palafin|Palafin-Hero, L50, M, shiny|100\/100\n|switch|p1b: Dragapult|Dragapult, L50, F, shiny|100\/100\n|-fieldstart|move: Psychic Terrain|[from] ability: Psychic Surge|[of] p2a: Preggy\n|-enditem|p2a: Preggy|Psychic Seed\n|-boost|p2a: Preggy|spd|1|[from] item: Psychic Seed\n|-activate|p1a: Palafin|ability: Zero to Hero\n|turn|4\n|\n|t:|1683165414\n|move|p1a: Palafin|Protect|p1a: Palafin\n|-singleturn|p1a: Palafin|Protect\n|move|p2a: Preggy|Follow Me|p2a: Preggy\n|-singleturn|p2a: Preggy|move: Follow Me\n|move|p2b: Pawikan|Eruption|p1b: Dragapult|[spread] p1b\n|-activate|p1a: Palafin|move: Protect\n|-resisted|p1b: Dragapult\n|-damage|p1b: Dragapult|47\/100\n|move|p1b: Dragapult|Dragon Darts|p2a: Preggy\n|-damage|p2a: Preggy|64\/100\n|-anim|p1b: Dragapult|Dragon Darts|p2a: Preggy\n|-damage|p2a: Preggy|27\/100\n|\n|-weather|SunnyDay|[upkeep]\n|upkeep\n|turn|5\n|\n|t:|1683165434\n|move|p2a: Preggy|Helping Hand|p2b: Pawikan\n|-singleturn|p2b: Pawikan|Helping Hand|[of] p2a: Preggy\n|move|p2b: Pawikan|Eruption|p1a: Palafin|[spread] p1a,p1b\n|-resisted|p1a: Palafin\n|-resisted|p1b: Dragapult\n|-damage|p1a: Palafin|43\/100\n|-damage|p1b: Dragapult|0 fnt\n|faint|p1b: Dragapult\n|move|p1a: Palafin|Wave Crash|p2b: Pawikan\n|-supereffective|p2b: Pawikan\n|-damage|p2b: Pawikan|43\/100\n|-damage|p1a: Palafin|27\/100|[from] Recoil\n|\n|-weather|SunnyDay|[upkeep]\n|-fieldend|move: Trick Room\n|upkeep\n|turn|6\n|\n|t:|1683165452\n|-terastallize|p1a: Palafin|Water\n|move|p2a: Preggy|Follow Me|p2a: Preggy\n|-singleturn|p2a: Preggy|move: Follow Me\n|move|p1a: Palafin|Wave Crash|p2a: Preggy\n|-damage|p2a: Preggy|0 fnt\n|faint|p2a: Preggy\n|-damage|p1a: Palafin|19\/100|[from] Recoil\n|move|p2b: Pawikan|Heat Wave|p1a: Palafin\n|-resisted|p1a: Palafin\n|-damage|p1a: Palafin|0 fnt\n|faint|p1a: Palafin\n|\n|win|GB Seraphix\n|raw|Kipppppppp's rating: 1276 → 1247<\/strong> (-29 for losing)\n|raw|GB Seraphix's rating: 1218 → 1247<\/strong> (+29 for winning)\n|l|\u2606Kipppppppp\n","uploadtime":1683165476,"views":11,"p1id":"kipppppppp","p2id":"gbseraphix","formatid":"gen9vgc2023regulationc","rating":1247,"private":0,"password":""}