{"id":"gen9vgc2023regulationc-1856363702","p1":"p86","p2":"pCfutmguaqc","format":"[Gen 9] VGC 2023 Regulation C","log":"|j|\u2606p86\n|j|\u2606pCfutmguaqc\n|t:|1683054367\n|gametype|doubles\n|player|p1|p86|169|1069\n|player|p2|pCfutmguaqc|266|1000\n|teamsize|p1|6\n|teamsize|p2|6\n|gen|9\n|tier|[Gen 9] VGC 2023 Regulation C\n|rated|\n|rule|Species Clause: Limit one of each Pok\u00e9mon\n|rule|Item Clause: Limit one of each item\n|clearpoke\n|poke|p1|Ting-Lu, L50|\n|poke|p1|Wo-Chien, L50|\n|poke|p1|Glimmora, L50, F|\n|poke|p1|Arcanine, L50, F|\n|poke|p1|Palafin, L50, M|\n|poke|p1|Maushold, L50|\n|poke|p2|Palafin, L50, M|\n|poke|p2|Tatsugiri-Stretchy, L50, M|\n|poke|p2|Iron Bundle, L50|\n|poke|p2|Arcanine, L50, M|\n|poke|p2|Amoonguss, L50, M|\n|poke|p2|Flutter Mane, L50|\n|teampreview|4\npCfutmguaqc has agreed to open team sheets.\n|inactive|Battle timer is ON: inactive players will automatically lose when time's up. (requested by p86)\n|inactive|pCfutmguaqc has 60 seconds left.\n|\n|t:|1683054433\n|start\n|switch|p1a: Ting-Lu|Ting-Lu, L50|100\/100\n|switch|p1b: Wo-Chien|Wo-Chien, L50|100\/100\n|switch|p2a: Palafin|Palafin, L50, M, shiny|100\/100\n|switch|p2b: Tatsugiri|Tatsugiri-Stretchy, L50, M|100\/100\n|-ability|p1b: Wo-Chien|Tablets of Ruin\n|-ability|p1a: Ting-Lu|Vessel of Ruin\n|turn|1\n|\n|t:|1683054457\n|detailschange|p2a: Palafin|Palafin-Hero, L50, M, shiny\n|switch|p2a: Amoonguss|Amoonguss, L50, M, shiny|100\/100\n|move|p2b: Tatsugiri|Nasty Plot|p2b: Tatsugiri\n|-boost|p2b: Tatsugiri|spa|2\n|move|p1b: Wo-Chien|Leech Seed|p2b: Tatsugiri\n|-start|p2b: Tatsugiri|move: Leech Seed\n|move|p1a: Ting-Lu|Stealth Rock|p2b: Tatsugiri\n|-sidestart|p2: pCfutmguaqc|move: Stealth Rock\n|\n|-damage|p2b: Tatsugiri|89\/100|[from] Leech Seed|[of] p1b: Wo-Chien\n|upkeep\n|turn|2\n|\n|t:|1683054477\n|move|p1b: Wo-Chien|Protect|p1b: Wo-Chien\n|-singleturn|p1b: Wo-Chien|Protect\n|move|p2b: Tatsugiri|Muddy Water|p1a: Ting-Lu|[spread] p1a\n|-activate|p1b: Wo-Chien|move: Protect\n|-supereffective|p1a: Ting-Lu\n|-damage|p1a: Ting-Lu|14\/100\n|-unboost|p1a: Ting-Lu|accuracy|1\n|move|p1a: Ting-Lu|Heavy Slam|p2b: Tatsugiri\n|-resisted|p2b: Tatsugiri\n|-damage|p2b: Tatsugiri|61\/100\n|move|p2a: Amoonguss|Spore|p1a: Ting-Lu\n|-activate|p1a: Ting-Lu|item: Safety Goggles|Spore\n|\n|-damage|p2b: Tatsugiri|49\/100|[from] Leech Seed|[of] p1b: Wo-Chien\n|upkeep\n|turn|3\n|\n|t:|1683054496\n|move|p2b: Tatsugiri|Muddy Water|p1a: Ting-Lu|[spread] p1a\n|-miss|p2b: Tatsugiri|p1b: Wo-Chien\n|-supereffective|p1a: Ting-Lu\n|-damage|p1a: Ting-Lu|0 fnt\n|faint|p1a: Ting-Lu\n|move|p1b: Wo-Chien|Pollen Puff|p1: Ting-Lu|[notarget]\n|-fail|p1b: Wo-Chien\n|move|p2a: Amoonguss|Pollen Puff|p1b: Wo-Chien\n|-supereffective|p1b: Wo-Chien\n|-damage|p1b: Wo-Chien|47\/100\n|\n|-damage|p2b: Tatsugiri|38\/100|[from] Leech Seed|[of] p1b: Wo-Chien\n|-heal|p1b: Wo-Chien|57\/100|[silent]\n|upkeep\n|\n|t:|1683054504\n|switch|p1a: Maushold|Maushold, L50|100\/100\n|turn|4\n|\n|t:|1683054513\n|move|p2b: Tatsugiri|Muddy Water|p1b: Wo-Chien|[spread] p1a,p1b\n|-resisted|p1b: Wo-Chien\n|-damage|p1a: Maushold|20\/100\n|-damage|p1b: Wo-Chien|38\/100\n|move|p1a: Maushold|Super Fang|p2a: Amoonguss\n|-damage|p2a: Amoonguss|51\/100\n|move|p1b: Wo-Chien|Pollen Puff|p2b: Tatsugiri\n|-damage|p2b: Tatsugiri|10\/100\n|move|p2a: Amoonguss|Pollen Puff|p2b: Tatsugiri\n|-heal|p2b: Tatsugiri|60\/100\n|\n|-damage|p2b: Tatsugiri|48\/100|[from] Leech Seed|[of] p1b: Wo-Chien\n|-heal|p1b: Wo-Chien|47\/100|[silent]\n|upkeep\n|turn|5\n|\n|t:|1683054534\n|move|p1b: Wo-Chien|Protect|p1b: Wo-Chien\n|-singleturn|p1b: Wo-Chien|Protect\n|move|p2b: Tatsugiri|Muddy Water|p1a: Maushold|[spread] p1a\n|-activate|p1b: Wo-Chien|move: Protect\n|-damage|p1a: Maushold|0 fnt\n|faint|p1a: Maushold\n|move|p2a: Amoonguss|Pollen Puff|p2b: Tatsugiri\n|-heal|p2b: Tatsugiri|98\/100\n|\n|-damage|p2b: Tatsugiri|86\/100|[from] Leech Seed|[of] p1b: Wo-Chien\n|-heal|p1b: Wo-Chien|57\/100|[silent]\n|upkeep\n|\n|t:|1683054540\n|switch|p1a: Glimmora|Glimmora, L50, F|100\/100\n|turn|6\n|\n|t:|1683054561\n|-terastallize|p1a: Glimmora|Grass\n|move|p2a: Amoonguss|Rage Powder|p2a: Amoonguss\n|-singleturn|p2a: Amoonguss|move: Rage Powder\n|move|p2b: Tatsugiri|Muddy Water|p1b: Wo-Chien|[spread] p1b\n|-miss|p2b: Tatsugiri|p1a: Glimmora\n|-resisted|p1b: Wo-Chien\n|-damage|p1b: Wo-Chien|33\/100\n|move|p1a: Glimmora|Energy Ball|p2b: Tatsugiri\n|-damage|p2b: Tatsugiri|25\/100\n|move|p1b: Wo-Chien|Pollen Puff|p2a: Amoonguss\n|-damage|p2a: Amoonguss|37\/100\n|\n|-damage|p2b: Tatsugiri|13\/100|[from] Leech Seed|[of] p1b: Wo-Chien\n|-heal|p1b: Wo-Chien|42\/100|[silent]\n|upkeep\n|turn|7\n|inactive|p86 has 30 seconds left.\n|inactive|pCfutmguaqc has 30 seconds left.\n|inactive|pCfutmguaqc has 20 seconds left.\n|inactive|pCfutmguaqc has 15 seconds left.\n|\n|t:|1683054605\n|-terastallize|p2b: Tatsugiri|Dragon\n|move|p2a: Amoonguss|Rage Powder|p2a: Amoonguss\n|-singleturn|p2a: Amoonguss|move: Rage Powder\n|move|p2b: Tatsugiri|Draco Meteor|p1a: Glimmora|[miss]\n|-miss|p2b: Tatsugiri|p1a: Glimmora\n|move|p1a: Glimmora|Mortal Spin|p2b: Tatsugiri|[spread] p2a,p2b\n|-crit|p2b: Tatsugiri\n|-damage|p2a: Amoonguss|33\/100\n|-damage|p2b: Tatsugiri|4\/100\n|-status|p2b: Tatsugiri|psn\n|move|p1b: Wo-Chien|Foul Play|p2a: Amoonguss\n|-damage|p2a: Amoonguss|10\/100\n|-enditem|p2a: Amoonguss|Wiki Berry|[eat]\n|-heal|p2a: Amoonguss|43\/100|[from] item: Wiki Berry\n|\n|-damage|p2b: Tatsugiri|0 fnt|[from] Leech Seed|[of] p1b: Wo-Chien\n|-heal|p1b: Wo-Chien|45\/100|[silent]\n|faint|p2b: Tatsugiri\n|upkeep\n|\n|t:|1683054612\n|switch|p2b: Iron Bundle|Iron Bundle, L50|100\/100\n|-damage|p2b: Iron Bundle|75\/100|[from] Stealth Rock\n|-enditem|p2b: Iron Bundle|Booster Energy\n|-activate|p2b: Iron Bundle|ability: Quark Drive|[fromitem]\n|-start|p2b: Iron Bundle|quarkdrivespe\n|turn|8\n|\n|t:|1683054633\n|move|p2a: Amoonguss|Protect|p2a: Amoonguss\n|-singleturn|p2a: Amoonguss|Protect\n|move|p2b: Iron Bundle|Freeze-Dry|p1a: Glimmora\n|-supereffective|p1a: Glimmora\n|-damage|p1a: Glimmora|43\/100\n|move|p1a: Glimmora|Energy Ball|p2b: Iron Bundle\n|-supereffective|p2b: Iron Bundle\n|-damage|p2b: Iron Bundle|0 fnt\n|faint|p2b: Iron Bundle\n|-end|p2b: Iron Bundle|Quark Drive|[silent]\n|move|p1b: Wo-Chien|Foul Play|p2a: Amoonguss\n|-activate|p2a: Amoonguss|move: Protect\n|\n|upkeep\n|\n|t:|1683054641\n|switch|p2b: Palafin|Palafin-Hero, L50, M, shiny|100\/100\n|-damage|p2b: Palafin|88\/100|[from] Stealth Rock\n|-activate|p2b: Palafin|ability: Zero to Hero\n|turn|9\n|\n|t:|1683054664\n|move|p2b: Palafin|Jet Punch|p1a: Glimmora\n|-resisted|p1a: Glimmora\n|-damage|p1a: Glimmora|23\/100\n|-activate|p1a: Glimmora|ability: Toxic Debris\n|-sidestart|p2: pCfutmguaqc|move: Toxic Spikes\n|move|p1a: Glimmora|Energy Ball|p2b: Palafin\n|-supereffective|p2b: Palafin\n|-damage|p2b: Palafin|3\/100\n|move|p1b: Wo-Chien|Pollen Puff|p1a: Glimmora\n|-heal|p1a: Glimmora|72\/100\n|move|p2a: Amoonguss|Pollen Puff|p1a: Glimmora\n|-supereffective|p1a: Glimmora\n|-damage|p1a: Glimmora|45\/100\n|\n|upkeep\n|turn|10\n|-message|pCfutmguaqc forfeited.\n|\n|win|p86\n|raw|p86's rating: 1069 → 1093<\/strong> (+24 for winning)\n|raw|pCfutmguaqc's rating: 1000 → 1000<\/strong> (+0 for losing)\n|l|\u2606pCfutmguaqc\n","uploadtime":1683054685,"views":9,"p1id":"p86","p2id":"pcfutmguaqc","formatid":"gen9vgc2023regulationc","rating":1000,"private":0,"password":""}