{"id":"gen9vgc2023regulationc-1858726887","p1":"Jgare1213","p2":"marioman6444","format":"[Gen 9] VGC 2023 Regulation C","log":"|j|\u2606Jgare1213\n|j|\u2606marioman6444\n|t:|1683349092\n|gametype|doubles\n|player|p1|Jgare1213|265|1173\n|player|p2|marioman6444|hoopster|1240\n|teamsize|p1|6\n|teamsize|p2|6\n|gen|9\n|tier|[Gen 9] VGC 2023 Regulation C\n|rated|\n|rule|Species Clause: Limit one of each Pok\u00e9mon\n|rule|Item Clause: Limit one of each item\n|clearpoke\n|poke|p1|Frosmoth, L50, F|\n|poke|p1|Abomasnow, L50, F|\n|poke|p1|Garganacl, L50, F|\n|poke|p1|Flutter Mane, L50|\n|poke|p1|Tatsugiri-Stretchy, L50, F|\n|poke|p1|Dondozo, L50, M|\n|poke|p2|Flutter Mane, L50|\n|poke|p2|Chi-Yu, L50|\n|poke|p2|Talonflame, L50, M|\n|poke|p2|Torkoal, L50, F|\n|poke|p2|Great Tusk, L50|\n|poke|p2|Jumpluff, L50, M|\n|teampreview|4\n|inactive|Battle timer is ON: inactive players will automatically lose when time's up. (requested by marioman6444)\n|inactive|Jgare1213 has 60 seconds left.\n|inactive|marioman6444 has 60 seconds left.\n|inactive|marioman6444 has 30 seconds left.\n|inactive|marioman6444 has 20 seconds left.\n|inactive|marioman6444 has 15 seconds left.\n|inactive|marioman6444 has 10 seconds left.\n|inactive|marioman6444 has 5 seconds left.\n|\n|t:|1683349179\n|start\n|switch|p1a: Frosmoth|Frosmoth, L50, F|100\/100\n|switch|p1b: Abomasnow|Abomasnow, L50, F|100\/100\n|switch|p2a: Torkoal|Torkoal, L50, F|100\/100\n|switch|p2b: Great Tusk|Great Tusk, L50|100\/100\n|-weather|Snow|[from] ability: Snow Warning|[of] p1b: Abomasnow\n|-weather|SunnyDay|[from] ability: Drought|[of] p2a: Torkoal\n|-activate|p2b: Great Tusk|ability: Protosynthesis\n|-start|p2b: Great Tusk|protosynthesisatk\n|turn|1\n|inactive|Jgare1213 has 30 seconds left.\n|inactive|marioman6444 has 30 seconds left.\n|inactive|Jgare1213 has 20 seconds left.\n|inactive|marioman6444 has 20 seconds left.\n|\n|t:|1683349215\n|switch|p1b: Dondozo|Dondozo, L50, M|100\/100\n|-terastallize|p2b: Great Tusk|Ground\n|move|p2a: Torkoal|Protect|p2a: Torkoal\n|-singleturn|p2a: Torkoal|Protect\n|move|p2b: Great Tusk|Earthquake|p1a: Frosmoth|[spread] p1a,p1b\n|-activate|p2a: Torkoal|move: Protect\n|-resisted|p1a: Frosmoth\n|-damage|p1a: Frosmoth|57\/100\n|-damage|p1b: Dondozo|53\/100\n|move|p1a: Frosmoth|Giga Drain|p2b: Great Tusk\n|-supereffective|p2b: Great Tusk\n|-damage|p2b: Great Tusk|17\/100\n|-heal|p1a: Frosmoth|100\/100|[from] drain|[of] p2b: Great Tusk\n|\n|-weather|SunnyDay|[upkeep]\n|-heal|p1b: Dondozo|59\/100|[from] item: Leftovers\n|upkeep\n|turn|2\n|inactive|Jgare1213 has 30 seconds left.\n|inactive|Jgare1213 has 20 seconds left.\n|inactive|Jgare1213 has 15 seconds left.\n|inactive|Jgare1213 has 10 seconds left.\n|inactive|Jgare1213 has 5 seconds left.\n|\n|t:|1683349267\n|switch|p1b: Abomasnow|Abomasnow, L50, F|100\/100\n|-weather|Snow|[from] ability: Snow Warning|[of] p1b: Abomasnow\n|-end|p2b: Great Tusk|Protosynthesis\n|switch|p2a: Jumpluff|Jumpluff, L50, M|100\/100\n|-terastallize|p1a: Frosmoth|Water\n|move|p2b: Great Tusk|Earthquake|p1b: Abomasnow|[spread] p1a,p1b\n|-immune|p2a: Jumpluff\n|-resisted|p1b: Abomasnow\n|-crit|p1b: Abomasnow\n|-damage|p1a: Frosmoth|28\/100\n|-damage|p1b: Abomasnow|72\/100\n|move|p1a: Frosmoth|Tera Blast|p2a: Jumpluff\n|-resisted|p2a: Jumpluff\n|-damage|p2a: Jumpluff|75\/100\n|\n|-weather|Snow|[upkeep]\n|upkeep\n|turn|3\n|inactive|Jgare1213 has 30 seconds left.\n|inactive|marioman6444 has 30 seconds left.\n|inactive|Jgare1213 has 20 seconds left.\n|inactive|marioman6444 has 20 seconds left.\n|inactive|Jgare1213 has 15 seconds left.\n|inactive|Jgare1213 has 10 seconds left.\n|\n|t:|1683349313\n|move|p2b: Great Tusk|Earthquake|p1b: Abomasnow|[spread] p1a,p1b\n|-immune|p2a: Jumpluff\n|-resisted|p1b: Abomasnow\n|-damage|p1a: Frosmoth|0 fnt\n|-damage|p1b: Abomasnow|51\/100\n|faint|p1a: Frosmoth\n|move|p2a: Jumpluff|Encore||[still]\n|-fail|p2a: Jumpluff\n|move|p1b: Abomasnow|Aurora Veil|p1b: Abomasnow\n|-sidestart|p1: Jgare1213|move: Aurora Veil\n|\n|-weather|Snow|[upkeep]\n|upkeep\n|\n|t:|1683349326\n|switch|p1a: Dondozo|Dondozo, L50, M|59\/100\n|turn|4\n|inactive|marioman6444 has 30 seconds left.\n|\n|t:|1683349355\n|switch|p1b: Tatsugiri|Tatsugiri-Stretchy, L50, F|100\/100\n|-activate|p1b: Tatsugiri|ability: Commander|[of] p1a: Dondozo\n|-boost|p1a: Dondozo|atk|2\n|-boost|p1a: Dondozo|spa|2\n|-boost|p1a: Dondozo|spe|2\n|-boost|p1a: Dondozo|def|2\n|-boost|p1a: Dondozo|spd|2\n|move|p2b: Great Tusk|Earthquake|p1a: Dondozo|[spread] p1a\n|-miss|p2b: Great Tusk|p1b: Tatsugiri\n|-immune|p2a: Jumpluff\n|-damage|p1a: Dondozo|46\/100\n|move|p2a: Jumpluff|Tailwind|p2a: Jumpluff\n|-sidestart|p2: marioman6444|move: Tailwind\n|move|p1a: Dondozo|Order Up|p2b: Great Tusk\n|-damage|p2b: Great Tusk|0 fnt\n|faint|p2b: Great Tusk\n|-end|p2b: Great Tusk|Protosynthesis|[silent]\n|-boost|p1a: Dondozo|spe|1\n|\n|-weather|Snow|[upkeep]\n|-heal|p1a: Dondozo|52\/100|[from] item: Leftovers\n|upkeep\n|inactive|marioman6444 has 30 seconds left.\n|\n|t:|1683349381\n|switch|p2b: Torkoal|Torkoal, L50, F|100\/100\n|-weather|SunnyDay|[from] ability: Drought|[of] p2b: Torkoal\n|turn|5\n|c|\u2606marioman6444|If you had...\n|c|\u2606marioman6444|One shot...\n|inactive|Jgare1213 has 30 seconds left.\n|inactive|marioman6444 has 30 seconds left.\n|inactive|marioman6444 has 20 seconds left.\n|\n|t:|1683349423\n|move|p1a: Dondozo|Protect|p1a: Dondozo\n|-singleturn|p1a: Dondozo|Protect\n|move|p2a: Jumpluff|Encore|p1a: Dondozo\n|-activate|p1a: Dondozo|move: Protect\n|move|p2b: Torkoal|Clear Smog|p1a: Dondozo\n|-activate|p1a: Dondozo|move: Protect\n|\n|-weather|SunnyDay|[upkeep]\n|-heal|p1a: Dondozo|59\/100|[from] item: Leftovers\n|upkeep\n|turn|6\n|inactive|marioman6444 has 30 seconds left.\n|\n|t:|1683349450\n|move|p2a: Jumpluff|Encore|p1a: Dondozo\n|-start|p1a: Dondozo|Encore\n|move|p1a: Dondozo|Protect||[still]\n|-fail|p1a: Dondozo\n|move|p2b: Torkoal|Clear Smog|p1a: Dondozo\n|-damage|p1a: Dondozo|55\/100\n|-clearboost|p1a: Dondozo\n|\n|-weather|SunnyDay|[upkeep]\n|-heal|p1a: Dondozo|61\/100|[from] item: Leftovers\n|upkeep\n|turn|7\n|\n|t:|1683349468\n|switch|p2b: Flutter Mane|Flutter Mane, L50|100\/100\n|-activate|p2b: Flutter Mane|ability: Protosynthesis\n|-start|p2b: Flutter Mane|protosynthesisspe\n|move|p1a: Dondozo|Protect|p1a: Dondozo\n|-singleturn|p1a: Dondozo|Protect\n|move|p2a: Jumpluff|Sleep Powder|p1a: Dondozo\n|-activate|p1a: Dondozo|move: Protect\n|\n|-weather|SunnyDay|[upkeep]\n|-heal|p1a: Dondozo|67\/100|[from] item: Leftovers\n|-sideend|p2: marioman6444|move: Tailwind\n|-sideend|p1: Jgare1213|move: Aurora Veil\n|upkeep\n|turn|8\n|c|\u2606marioman6444|One opportunity\n|\n|t:|1683349487\n|move|p1a: Dondozo|Protect||[still]\n|-fail|p1a: Dondozo\n|move|p2a: Jumpluff|Sleep Powder|p1a: Dondozo\n|-status|p1a: Dondozo|slp|[from] move: Sleep Powder\n|move|p2b: Flutter Mane|Moonblast|p1a: Dondozo\n|-damage|p1a: Dondozo|1\/100 slp\n|-unboost|p1a: Dondozo|spa|1\n|\n|-weather|SunnyDay|[upkeep]\n|-heal|p1a: Dondozo|7\/100 slp|[from] item: Leftovers\n|-end|p1a: Dondozo|Encore\n|upkeep\n|turn|9\n|inactive|marioman6444 has 30 seconds left.\n|inactive|marioman6444 has 20 seconds left.\n|inactive|marioman6444 has 15 seconds left.\n|inactive|marioman6444 has 10 seconds left.\n|inactive|marioman6444 has 5 seconds left.\n|\n|t:|1683349543\n|move|p2a: Jumpluff|Tailwind|p2a: Jumpluff\n|-sidestart|p2: marioman6444|move: Tailwind\n|move|p2b: Flutter Mane|Moonblast|p1a: Dondozo\n|-damage|p1a: Dondozo|0 fnt\n|faint|p1a: Dondozo\n|\n|-weather|none\n|-end|p2b: Flutter Mane|Protosynthesis\n|upkeep\n|\n|t:|1683349549\n|switch|p1a: Abomasnow|Abomasnow, L50, F|51\/100\n|-weather|Snow|[from] ability: Snow Warning|[of] p1a: Abomasnow\n|turn|10\n|inactive|Jgare1213 has 30 seconds left.\n|\n|t:|1683349583\n|move|p2b: Flutter Mane|Moonblast|p1a: Abomasnow\n|-crit|p1a: Abomasnow\n|-damage|p1a: Abomasnow|0 fnt\n|faint|p1a: Abomasnow\n|move|p2a: Jumpluff|U-turn|p1b: Tatsugiri\n|-damage|p1b: Tatsugiri|70\/100\n|c|\u2606marioman6444|Gg\n|\n|t:|1683349592\n|switch|p2a: Torkoal|Torkoal, L50, F|100\/100|[from] U-turn\n|-weather|SunnyDay|[from] ability: Drought|[of] p2a: Torkoal\n|-activate|p2b: Flutter Mane|ability: Protosynthesis\n|-start|p2b: Flutter Mane|protosynthesisspe\n|move|p1b: Tatsugiri|Icy Wind|p2a: Torkoal|[spread] p2a,p2b\n|-resisted|p2a: Torkoal\n|-damage|p2a: Torkoal|95\/100\n|-damage|p2b: Flutter Mane|85\/100\n|-unboost|p2a: Torkoal|spe|1\n|-enditem|p2a: Torkoal|Eject Pack\n|-unboost|p2b: Flutter Mane|spe|1\n|-message|Jgare1213 forfeited.\n|\n|win|marioman6444\n|raw|Jgare1213's rating: 1173 → 1153<\/strong> (-20 for losing)\n|raw|marioman6444's rating: 1240 → 1260<\/strong> (+20 for winning)\n|l|\u2606Jgare1213\n|l|\u2606marioman6444\n|j|\u2606marioman6444\n|player|p2|marioman6444|hoopster\n","uploadtime":1683349603,"views":13,"p1id":"jgare1213","p2id":"marioman6444","formatid":"gen9vgc2023regulationc","rating":1153,"private":0,"password":""}