{"id":"gen9vgc2023regulationc-1863107638","p1":"Ace98121212","p2":"AlolanBob","format":"[Gen 9] VGC 2023 Regulation C","log":"|j|\u2606Ace98121212\n|j|\u2606AlolanBob\n|t:|1683971521\n|gametype|doubles\n|player|p1|Ace98121212|170|\n|player|p2|AlolanBob|lucas|\n|teamsize|p1|6\n|teamsize|p2|6\n|gen|9\n|tier|[Gen 9] VGC 2023 Regulation C\n|rule|Tera Type Preview: Tera Types are shown at Team Preview\n|rule|Species Clause: Limit one of each Pok\u00e9mon\n|rule|Item Clause: Limit one of each item\n|clearpoke\n|poke|p1|Torkoal, L50, F|\n|poke|p1|Oranguru, L50, F|\n|poke|p1|Amoonguss, L50, M|\n|poke|p1|Gastrodon, L50, M|\n|poke|p1|Skeledirge, L50, M|\n|poke|p1|Rabsca, L50, M|\n|poke|p2|Iron Bundle, L50|\n|poke|p2|Abomasnow, L50, F|\n|poke|p2|Sableye, L50, M|\n|poke|p2|Dachsbun, L50, F|\n|poke|p2|Gallade, L50, M|\n|poke|p2|Iron Hands, L50|\n|teampreview|4\n|raw|Ace98121212's Tera Types: \/ \/ \/ \/ \/ \n|raw|AlolanBob's Tera Types: \/ \/ \/ \/ \/ \n|c|\u2606AlolanBob|g2\n|c|\u2606Ace98121212|G2\nAce98121212 rejected open team sheets.\n|j| Your_Shinigami98\n|j| QuaxLink\n|j| Psycho782\n|\n|t:|1683972310\n|start\n|switch|p1a: Torkoal|Torkoal, L50, F|100\/100\n|switch|p1b: Oranguru|Oranguru, L50, F|100\/100\n|switch|p2a: Iron Hands|Iron Hands, L50|100\/100\n|switch|p2b: Sableye|Sableye, L50, M|100\/100\n|-weather|SunnyDay|[from] ability: Drought|[of] p1a: Torkoal\n|turn|1\n|\n|t:|1683972331\n|move|p1a: Torkoal|Protect|p1a: Torkoal\n|-singleturn|p1a: Torkoal|Protect\n|move|p2b: Sableye|Fake Out|p1a: Torkoal\n|-activate|p1a: Torkoal|move: Protect\n|move|p2a: Iron Hands|Whirlwind|p1b: Oranguru\n|drag|p1b: Skeledirge|Skeledirge, L50, M|100\/100\n|\n|-weather|SunnyDay|[upkeep]\n|upkeep\n|turn|2\n|\n|t:|1683972356\n|-end|p2a: Iron Hands|Quark Drive|[silent]\n|switch|p2a: Dachsbun|Dachsbun, L50, F|100\/100\n|-terastallize|p1b: Skeledirge|Fairy\n|move|p2b: Sableye|Rain Dance|p2b: Sableye\n|-weather|RainDance\n|move|p1b: Skeledirge|Tera Blast|p2a: Dachsbun\n|-damage|p2a: Dachsbun|25\/100\n|-damage|p1b: Skeledirge|91\/100|[from] item: Life Orb\n|move|p1a: Torkoal|Eruption|p2b: Sableye|[spread] p2b\n|-ability|p2a: Dachsbun|Well-Baked Body|boost\n|-boost|p2a: Dachsbun|def|2\n|-damage|p2b: Sableye|68\/100\n|\n|-weather|RainDance|[upkeep]\n|-heal|p2a: Dachsbun|32\/100|[from] item: Leftovers\n|upkeep\n|turn|3\n|\n|t:|1683972445\n|move|p1a: Torkoal|Protect|p1a: Torkoal\n|-singleturn|p1a: Torkoal|Protect\n|move|p2b: Sableye|Quash|p1b: Skeledirge\n|-activate|p1b: Skeledirge|move: Quash\n|move|p2a: Dachsbun|Body Press|p1a: Torkoal\n|-activate|p1a: Torkoal|move: Protect\n|move|p1b: Skeledirge|Tera Blast|p2b: Sableye\n|-supereffective|p2b: Sableye\n|-damage|p2b: Sableye|0 fnt\n|faint|p2b: Sableye\n|-damage|p1b: Skeledirge|81\/100|[from] item: Life Orb\n|\n|-weather|RainDance|[upkeep]\n|-heal|p2a: Dachsbun|38\/100|[from] item: Leftovers\n|upkeep\n|\n|t:|1683972479\n|switch|p2b: Iron Hands|Iron Hands, L50|100\/100\n|turn|4\n|\n|t:|1683972537\n|switch|p1a: Oranguru|Oranguru, L50, F|100\/100\n|move|p2b: Iron Hands|Fake Out|p1b: Skeledirge\n|-damage|p1b: Skeledirge|68\/100\n|move|p2a: Dachsbun|Body Press|p1a: Oranguru\n|-damage|p1a: Oranguru|43\/100\n|cant|p1b: Skeledirge|flinch\n|\n|-weather|RainDance|[upkeep]\n|-heal|p2a: Dachsbun|44\/100|[from] item: Leftovers\n|-heal|p1a: Oranguru|49\/100|[from] item: Leftovers\n|upkeep\n|turn|5\n|l| Psycho782\n|\n|t:|1683972596\n|move|p2a: Dachsbun|Protect|p2a: Dachsbun\n|-singleturn|p2a: Dachsbun|Protect\n|move|p1b: Skeledirge|Tera Blast|p2b: Iron Hands\n|-supereffective|p2b: Iron Hands\n|-damage|p2b: Iron Hands|5\/100\n|-enditem|p2b: Iron Hands|Aguav Berry|[eat]\n|-heal|p2b: Iron Hands|38\/100|[from] item: Aguav Berry\n|-damage|p1b: Skeledirge|58\/100|[from] item: Life Orb\n|move|p2b: Iron Hands|Drain Punch|p1a: Oranguru\n|-damage|p1a: Oranguru|3\/100\n|-heal|p2b: Iron Hands|55\/100|[from] drain|[of] p1a: Oranguru\n|move|p1a: Oranguru|Trick Room|p1a: Oranguru\n|-fieldstart|move: Trick Room|[of] p1a: Oranguru\n|\n|-weather|RainDance|[upkeep]\n|-heal|p1a: Oranguru|8\/100|[from] item: Leftovers\n|-heal|p2a: Dachsbun|50\/100|[from] item: Leftovers\n|upkeep\n|turn|6\n|\n|t:|1683972657\n|move|p1a: Oranguru|Instruct|p1b: Skeledirge\n|-singleturn|p1b: Skeledirge|move: Instruct|[of] p1a: Oranguru\n|move|p1b: Skeledirge|Tera Blast|p2b: Iron Hands\n|-supereffective|p2b: Iron Hands\n|-damage|p2b: Iron Hands|0 fnt\n|faint|p2b: Iron Hands\n|-end|p2b: Iron Hands|Quark Drive|[silent]\n|-damage|p1b: Skeledirge|48\/100|[from] item: Life Orb\n|move|p1b: Skeledirge|Tera Blast|p2a: Dachsbun\n|-damage|p2a: Dachsbun|0 fnt\n|faint|p2a: Dachsbun\n|-damage|p1b: Skeledirge|38\/100|[from] item: Life Orb\n|\n|-weather|none\n|-heal|p1a: Oranguru|14\/100|[from] item: Leftovers\n|upkeep\n|\n|t:|1683972671\n|switch|p2b: Abomasnow|Abomasnow, L50, F|100\/100\n|-weather|Snow|[from] ability: Snow Warning|[of] p2b: Abomasnow\n|turn|7\n|c|\u2606AlolanBob|gg\n|l| QuaxLink\n|\n|t:|1683972682\n|move|p1a: Oranguru|Protect|p1a: Oranguru\n|-singleturn|p1a: Oranguru|Protect\n|move|p1b: Skeledirge|Slack Off|p1b: Skeledirge\n|-heal|p1b: Skeledirge|88\/100\n|move|p2b: Abomasnow|Blizzard|p1a: Oranguru|[spread] p1b\n|-activate|p1a: Oranguru|move: Protect\n|-damage|p1b: Skeledirge|46\/100\n|-status|p1b: Skeledirge|frz\n|\n|-weather|Snow|[upkeep]\n|-heal|p1a: Oranguru|20\/100|[from] item: Leftovers\n|upkeep\n|turn|8\n|\n|t:|1683972701\n|switch|p1a: Rabsca|Rabsca, L50, M|100\/100\n|switch|p1b: Torkoal|Torkoal, L50, F|100\/100\n|-weather|SunnyDay|[from] ability: Drought|[of] p1b: Torkoal\n|move|p2b: Abomasnow|Blizzard|p1a: Rabsca|[spread] p1b\n|-miss|p2b: Abomasnow|p1a: Rabsca\n|-resisted|p1b: Torkoal\n|-damage|p1b: Torkoal|78\/100\n|\n|-weather|SunnyDay|[upkeep]\n|upkeep\n|turn|9\n|\n|t:|1683972721\n|-terastallize|p2b: Abomasnow|Water\n|move|p1b: Torkoal|Eruption|p2b: Abomasnow\n|-resisted|p2b: Abomasnow\n|-damage|p2b: Abomasnow|54\/100\n|move|p1a: Rabsca|Psychic|p2b: Abomasnow\n|-damage|p2b: Abomasnow|0 fnt\n|faint|p2b: Abomasnow\n|\n|win|Ace98121212\n|c|\u2606Ace98121212|Gg\n|c|\u2606Ace98121212|Gg\n|l|\u2606Ace98121212\n|l| Your_Shinigami98\n","uploadtime":1683972843,"views":15,"p1id":"ace98121212","p2id":"alolanbob","formatid":"gen9vgc2023regulationc","rating":0,"private":0,"password":""}