{"id":"gen9vgc2023regulationc-1849037326","p1":"kinohara","p2":"leafyarrow","format":"[Gen 9] VGC 2023 Regulation C","log":"|j|\u2606kinohara\n|j|\u2606leafyarrow\n|t:|1682143071\n|gametype|doubles\n|player|p1|kinohara|acetrainerf|\n|player|p2|leafyarrow|leaf-masters|\n|teamsize|p1|6\n|teamsize|p2|6\n|gen|9\n|tier|[Gen 9] VGC 2023 Regulation C\n|rule|Species Clause: Limit one of each Pok\u00e9mon\n|rule|Item Clause: Limit one of each item\n|clearpoke\n|poke|p1|Iron Hands, L50|\n|poke|p1|Amoonguss, L50, F|\n|poke|p1|Pelipper, L50, F|\n|poke|p1|Palafin, L50, F|\n|poke|p1|Baxcalibur, L50, F|\n|poke|p1|Dragonite, L50, F|\n|poke|p2|Flutter Mane, L50|\n|poke|p2|Palafin, L50, F|\n|poke|p2|Amoonguss, L50, M|\n|poke|p2|Ting-Lu, L50|\n|poke|p2|Arcanine, L50, M|\n|poke|p2|Jolteon, L50, F|\n|teampreview|4\nleafyarrow has agreed to open team sheets.\nkinohara has agreed to open team sheets.\n|\n|t:|1682143130\n|start\n|switch|p1a: Maradona|Iron Hands, L50, shiny|100\/100\n|switch|p1b: Torqoise|Palafin, L50, F|100\/100\n|switch|p2a: Flutter Mane|Flutter Mane, L50|100\/100\n|switch|p2b: Jolteon|Jolteon, L50, F|100\/100\n|turn|1\n|\n|t:|1682143156\n|switch|p2b: Arcanine|Arcanine, L50, M|100\/100\n|-ability|p2b: Arcanine|Intimidate|boost\n|-unboost|p1a: Maradona|atk|1\n|-unboost|p1b: Torqoise|atk|1\n|-terastallize|p1b: Torqoise|Water\n|move|p1a: Maradona|Fake Out|p2b: Arcanine\n|-damage|p2b: Arcanine|91\/100\n|move|p2a: Flutter Mane|Moonblast|p1a: Maradona\n|-supereffective|p1a: Maradona\n|-damage|p1a: Maradona|29\/100\n|move|p1b: Torqoise|Wave Crash|p2a: Flutter Mane\n|-crit|p2a: Flutter Mane\n|-damage|p2a: Flutter Mane|0 fnt\n|faint|p2a: Flutter Mane\n|-end|p2a: Flutter Mane|Protosynthesis|[silent]\n|-damage|p1b: Torqoise|78\/100|[from] Recoil\n|\n|upkeep\n|\n|t:|1682143171\n|switch|p2a: Palafin|Palafin, L50, F|100\/100\n|turn|2\n|\n|t:|1682143203\n|detailschange|p2a: Palafin|Palafin-Hero, L50, F\n|switch|p2a: Jolteon|Jolteon, L50, F|100\/100\n|detailschange|p1b: Torqoise|Palafin-Hero, L50, F, tera:Water\n|switch|p1b: Shrom41Mor|Amoonguss, L50, F|100\/100\n|-end|p1a: Maradona|Quark Drive|[silent]\n|switch|p1a: BlockBuster|Baxcalibur, L50, F|100\/100\n|move|p2b: Arcanine|Extreme Speed|p1a: BlockBuster\n|-damage|p1a: BlockBuster|81\/100\n|\n|upkeep\n|turn|3\n|\n|t:|1682143232\n|-terastallize|p2a: Jolteon|Flying\n|move|p1b: Shrom41Mor|Protect|p1b: Shrom41Mor\n|-singleturn|p1b: Shrom41Mor|Protect\n|move|p2a: Jolteon|Tera Blast|p1b: Shrom41Mor\n|-activate|p1b: Shrom41Mor|move: Protect\n|move|p2b: Arcanine|Flare Blitz|p1b: Shrom41Mor\n|-activate|p1b: Shrom41Mor|move: Protect\n|move|p1a: BlockBuster|Glaive Rush|p2a: Jolteon\n|-crit|p2a: Jolteon\n|-enditem|p2a: Jolteon|Focus Sash\n|-damage|p2a: Jolteon|1\/100\n|-singlemove|p1a: BlockBuster|Glaive Rush|[silent]\n|\n|upkeep\n|turn|4\n|\n|t:|1682143252\n|move|p1a: BlockBuster|Ice Shard|p2a: Jolteon\n|-supereffective|p2a: Jolteon\n|-damage|p2a: Jolteon|0 fnt\n|faint|p2a: Jolteon\n|move|p2b: Arcanine|Flare Blitz|p1b: Shrom41Mor\n|-supereffective|p1b: Shrom41Mor\n|-damage|p1b: Shrom41Mor|13\/100\n|-enditem|p1b: Shrom41Mor|Sitrus Berry|[eat]\n|-heal|p1b: Shrom41Mor|38\/100|[from] item: Sitrus Berry\n|-damage|p2b: Arcanine|59\/100|[from] Recoil\n|move|p1b: Shrom41Mor|Pollen Puff|p1a: BlockBuster\n|-heal|p1a: BlockBuster|100\/100\n|\n|upkeep\n|\n|t:|1682143256\n|switch|p2a: Palafin|Palafin-Hero, L50, F|100\/100\n|-activate|p2a: Palafin|ability: Zero to Hero\n|turn|5\n|\n|t:|1682143275\n|move|p1b: Shrom41Mor|Protect|p1b: Shrom41Mor\n|-singleturn|p1b: Shrom41Mor|Protect\n|move|p2b: Arcanine|Flare Blitz|p1b: Shrom41Mor\n|-activate|p1b: Shrom41Mor|move: Protect\n|move|p2a: Palafin|Wave Crash|p1a: BlockBuster\n|-resisted|p1a: BlockBuster\n|-damage|p1a: BlockBuster|52\/100\n|-damage|p2a: Palafin|85\/100|[from] Recoil\n|move|p1a: BlockBuster|Glaive Rush|p2b: Arcanine\n|-damage|p2b: Arcanine|0 fnt\n|-singlemove|p1a: BlockBuster|Glaive Rush|[silent]\n|faint|p2b: Arcanine\n|\n|upkeep\n|turn|6\n|\n|t:|1682143290\n|move|p1b: Shrom41Mor|Rage Powder|p1b: Shrom41Mor\n|-singleturn|p1b: Shrom41Mor|move: Rage Powder\n|move|p2a: Palafin|Wave Crash|p1b: Shrom41Mor\n|-resisted|p1b: Shrom41Mor\n|-damage|p1b: Shrom41Mor|0 fnt\n|faint|p1b: Shrom41Mor\n|-damage|p2a: Palafin|71\/100|[from] Recoil\n|move|p1a: BlockBuster|Glaive Rush|p2a: Palafin\n|-damage|p2a: Palafin|0 fnt\n|-singlemove|p1a: BlockBuster|Glaive Rush|[silent]\n|faint|p2a: Palafin\n|\n|win|kinohara\n","uploadtime":1682143296,"views":12,"p1id":"kinohara","p2id":"leafyarrow","formatid":"gen9vgc2023regulationc","rating":0,"private":0,"password":""}