{"id":"gen9vgc2023regulationc-1857823141","p1":"WaffleMoo","p2":"Arc2048","format":"[Gen 9] VGC 2023 Regulation C","log":"|j|\u2606WaffleMoo\n|j|\u2606Arc2048\n|t:|1683235547\n|gametype|doubles\n|player|p1|WaffleMoo|riley|\n|player|p2|Arc2048|palmer|\n|teamsize|p1|6\n|teamsize|p2|6\n|gen|9\n|tier|[Gen 9] VGC 2023 Regulation C\n|rule|Species Clause: Limit one of each Pok\u00e9mon\n|rule|Item Clause: Limit one of each item\n|clearpoke\n|poke|p1|Palafin, L50, M|\n|poke|p1|Salamence, L50, M|\n|poke|p1|Tinkaton, L50, F|\n|poke|p1|Pelipper, L50, F|\n|poke|p1|Raichu, L50, M|\n|poke|p1|Florges, L50, F|\n|poke|p2|Cyclizar, L50, M|\n|poke|p2|Dachsbun, L50, M|\n|poke|p2|Azumarill, L50, F|\n|poke|p2|Bisharp, L50, M|\n|poke|p2|Arcanine, L50, M|\n|poke|p2|Iron Moth, L50|\n|teampreview|4\n|c|\u2606Arc2048|uh oh\n|c|\u2606WaffleMoo|No more nice Moo\n|\n|t:|1683235577\n|start\n|switch|p1a: Palafin|Palafin, L50, M|100\/100\n|switch|p1b: Tinkaton|Tinkaton, L50, F|100\/100\n|switch|p2a: Dachsbun|Dachsbun, L50, M|100\/100\n|switch|p2b: Arcanine|Arcanine, L50, M|100\/100\n|-ability|p2b: Arcanine|Intimidate|boost\n|-unboost|p1a: Palafin|atk|1\n|-unboost|p1b: Tinkaton|atk|1\n|-ability|p1b: Tinkaton|Mold Breaker\n|turn|1\n|\n|t:|1683235599\n|detailschange|p1a: Palafin|Palafin-Hero, L50, M\n|switch|p1a: Salamence|Salamence, L50, M|100\/100\n|-ability|p1a: Salamence|Intimidate|boost\n|-unboost|p2a: Dachsbun|atk|1\n|-unboost|p2b: Arcanine|atk|1\n|move|p2a: Dachsbun|Agility|p2a: Dachsbun\n|-boost|p2a: Dachsbun|spe|2\n|move|p2b: Arcanine|Heat Wave|p1b: Tinkaton|[spread] p1a,p1b\n|-resisted|p1a: Salamence\n|-supereffective|p1b: Tinkaton\n|-damage|p1a: Salamence|89\/100\n|-damage|p1b: Tinkaton|69\/100\n|-status|p1b: Tinkaton|brn\n|move|p1b: Tinkaton|Light Screen|p1b: Tinkaton\n|-sidestart|p1: WaffleMoo|move: Light Screen\n|\n|-damage|p1b: Tinkaton|63\/100 brn|[from] brn\n|upkeep\n|turn|2\n|\n|t:|1683235626\n|switch|p2a: Azumarill|Azumarill, L50, F|100\/100\n|-terastallize|p1a: Salamence|Electric\n|move|p1a: Salamence|Dragon Dance|p1a: Salamence\n|-boost|p1a: Salamence|atk|1\n|-boost|p1a: Salamence|spe|1\n|move|p1b: Tinkaton|Knock Off|p2a: Azumarill\n|-resisted|p2a: Azumarill\n|-damage|p2a: Azumarill|98\/100\n|-enditem|p2a: Azumarill|Leftovers|[from] move: Knock Off|[of] p1b: Tinkaton\n|move|p2b: Arcanine|Roar|p1a: Salamence\n|drag|p1a: Florges|Florges, L50, F|100\/100\n|\n|-damage|p1b: Tinkaton|57\/100 brn|[from] brn\n|upkeep\n|turn|3\n|\n|t:|1683235655\n|move|p1b: Tinkaton|Gigaton Hammer|p2a: Azumarill\n|-damage|p2a: Azumarill|83\/100\n|move|p1a: Florges|Chilling Water|p2b: Arcanine\n|-supereffective|p2b: Arcanine\n|-damage|p2b: Arcanine|72\/100\n|-unboost|p2b: Arcanine|atk|1\n|move|p2a: Azumarill|Belly Drum|p2a: Azumarill\n|-damage|p2a: Azumarill|33\/100\n|-setboost|p2a: Azumarill|atk|6|[from] move: Belly Drum\n|move|p2b: Arcanine|Roar|p1a: Florges\n|drag|p1a: Salamence|Salamence, L50, M, tera:Electric|89\/100\n|-ability|p1a: Salamence|Intimidate|boost\n|-unboost|p2a: Azumarill|atk|1\n|-unboost|p2b: Arcanine|atk|1\n|\n|-damage|p1b: Tinkaton|50\/100 brn|[from] brn\n|upkeep\n|turn|4\n|\n|t:|1683235686\n|switch|p1b: Palafin|Palafin-Hero, L50, M|100\/100\n|-activate|p1b: Palafin|ability: Zero to Hero\n|move|p1a: Salamence|Protect|p1a: Salamence\n|-singleturn|p1a: Salamence|Protect\n|move|p2b: Arcanine|Will-O-Wisp|p1a: Salamence\n|-activate|p1a: Salamence|move: Protect\n|move|p2a: Azumarill|Body Slam|p1a: Salamence\n|-activate|p1a: Salamence|move: Protect\n|\n|upkeep\n|turn|5\n|\n|t:|1683235706\n|move|p2a: Azumarill|Aqua Jet|p1b: Palafin\n|-resisted|p1b: Palafin\n|-damage|p1b: Palafin|57\/100\n|move|p1b: Palafin|Wave Crash|p2b: Arcanine\n|-supereffective|p2b: Arcanine\n|-damage|p2b: Arcanine|0 fnt\n|-damage|p1b: Palafin|41\/100|[from] item: Rocky Helmet|[of] p2b: Arcanine\n|faint|p2b: Arcanine\n|-damage|p1b: Palafin|14\/100|[from] Recoil\n|move|p1a: Salamence|Tera Blast|p2a: Azumarill\n|-supereffective|p2a: Azumarill\n|-damage|p2a: Azumarill|0 fnt\n|faint|p2a: Azumarill\n|-damage|p1a: Salamence|79\/100|[from] item: Life Orb\n|\n|-sideend|p1: WaffleMoo|move: Light Screen\n|upkeep\n|\n|t:|1683235721\n|switch|p2b: Dachsbun|Dachsbun, L50, M|100\/100\n|switch|p2a: Cyclizar|Cyclizar, L50, M|100\/100\n|turn|6\n|\n|t:|1683235745\n|move|p2b: Dachsbun|Protect|p2b: Dachsbun\n|-singleturn|p2b: Dachsbun|Protect\n|move|p2a: Cyclizar|Ice Spinner|p1b: Palafin\n|-resisted|p1b: Palafin\n|-damage|p1b: Palafin|3\/100\n|move|p1b: Palafin|Close Combat|p2a: Cyclizar\n|-supereffective|p2a: Cyclizar\n|-damage|p2a: Cyclizar|0 fnt\n|-unboost|p1b: Palafin|def|1\n|-unboost|p1b: Palafin|spd|1\n|faint|p2a: Cyclizar\n|move|p1a: Salamence|Dragon Dance|p1a: Salamence\n|-boost|p1a: Salamence|atk|1\n|-boost|p1a: Salamence|spe|1\n|\n|upkeep\n|turn|7\n|\n|t:|1683235768\n|move|p2b: Dachsbun|Protect||[still]\n|-fail|p2b: Dachsbun\n|move|p1a: Salamence|Dual Wingbeat|p2b: Dachsbun\n|-damage|p2b: Dachsbun|47\/100\n|-damage|p2b: Dachsbun|0 fnt\n|faint|p2b: Dachsbun\n|-hitcount|p2: Dachsbun|2\n|-damage|p1a: Salamence|69\/100|[from] item: Life Orb\n|\n|win|WaffleMoo\n|l|\u2606Arc2048\n","uploadtime":1683235779,"views":13,"p1id":"wafflemoo","p2id":"arc2048","formatid":"gen9vgc2023regulationc","rating":0,"private":0,"password":""}