{"id":"gen9vgc2023regulationc-1851744975","p1":"kaizerfattah","p2":"BroDontFuckWithMe","format":"[Gen 9] VGC 2023 Regulation C","log":"|j|\u2606kaizerfattah\n|j|\u2606BroDontFuckWithMe\n|t:|1682477235\n|gametype|doubles\n|player|p1|kaizerfattah|hilda-wonderlauncher|1523\n|player|p2|BroDontFuckWithMe|265|1676\n|teamsize|p1|6\n|teamsize|p2|6\n|gen|9\n|tier|[Gen 9] VGC 2023 Regulation C\n|rated|\n|rule|Species Clause: Limit one of each Pok\u00e9mon\n|rule|Item Clause: Limit one of each item\n|clearpoke\n|poke|p1|Dachsbun, L50, M|\n|poke|p1|Flutter Mane, L50|\n|poke|p1|Baxcalibur, L50, M|\n|poke|p1|Chi-Yu, L50|\n|poke|p1|Azumarill, L50, F|\n|poke|p1|Iron Hands, L50|\n|poke|p2|Great Tusk, L50|\n|poke|p2|Amoonguss, L50, F|\n|poke|p2|Tyranitar, L50, M|\n|poke|p2|Iron Bundle, L50|\n|poke|p2|Talonflame, L50, M|\n|poke|p2|Gholdengo, L50|\n|teampreview|4\n|inactive|Battle timer is ON: inactive players will automatically lose when time's up. (requested by kaizerfattah)\n|\n|t:|1682477263\n|start\n|switch|p1a: Smoked fillet|Chi-Yu, L50|100\/100\n|switch|p1b: Hot Loaf|Dachsbun, L50, M|100\/100\n|switch|p2a: Iron Bundle|Iron Bundle, L50|100\/100\n|switch|p2b: Gholdengo|Gholdengo, L50|100\/100\n|-ability|p1a: Smoked fillet|Beads of Ruin\n|-enditem|p2a: Iron Bundle|Booster Energy\n|-activate|p2a: Iron Bundle|ability: Quark Drive|[fromitem]\n|-start|p2a: Iron Bundle|quarkdrivespe\n|turn|1\n|\n|t:|1682477287\n|-terastallize|p1a: Smoked fillet|Grass\n|-terastallize|p2b: Gholdengo|Water\n|move|p2a: Iron Bundle|Hydro Pump|p1a: Smoked fillet\n|-resisted|p1a: Smoked fillet\n|-damage|p1a: Smoked fillet|70\/100\n|move|p1a: Smoked fillet|Lava Plume|p2b: Gholdengo|[spread] p2a,p2b\n|-ability|p1b: Hot Loaf|Well-Baked Body|boost\n|-boost|p1b: Hot Loaf|def|2\n|-resisted|p2b: Gholdengo\n|-damage|p2a: Iron Bundle|8\/100\n|-damage|p2b: Gholdengo|77\/100\n|-status|p2a: Iron Bundle|brn\n|move|p1b: Hot Loaf|Body Press|p2a: Iron Bundle\n|-supereffective|p2a: Iron Bundle\n|-damage|p2a: Iron Bundle|0 fnt\n|faint|p2a: Iron Bundle\n|-end|p2a: Iron Bundle|Quark Drive|[silent]\n|move|p2b: Gholdengo|Nasty Plot|p2b: Gholdengo\n|-boost|p2b: Gholdengo|spa|2\n|\n|-heal|p2b: Gholdengo|83\/100|[from] item: Leftovers\n|upkeep\n|\n|t:|1682477292\n|switch|p2a: Talonflame|Talonflame, L50, M|100\/100\n|turn|2\n|\n|t:|1682477316\n|move|p2a: Talonflame|Brave Bird|p1a: Smoked fillet\n|-supereffective|p1a: Smoked fillet\n|-damage|p1a: Smoked fillet|0 fnt\n|faint|p1a: Smoked fillet\n|-damage|p2a: Talonflame|81\/100|[from] Recoil\n|move|p1b: Hot Loaf|Body Press|p2b: Gholdengo\n|-damage|p2b: Gholdengo|45\/100\n|move|p2b: Gholdengo|Make It Rain|p1b: Hot Loaf\n|-supereffective|p1b: Hot Loaf\n|-damage|p1b: Hot Loaf|0 fnt\n|-unboost|p2b: Gholdengo|spa|1\n|faint|p1b: Hot Loaf\n|\n|-heal|p2b: Gholdengo|50\/100|[from] item: Leftovers\n|upkeep\n|\n|t:|1682477335\n|switch|p1a: Mustard|Iron Hands, L50|100\/100\n|switch|p1b: Ghost pepper|Flutter Mane, L50|100\/100\n|-enditem|p1b: Ghost pepper|Booster Energy\n|-activate|p1b: Ghost pepper|ability: Protosynthesis|[fromitem]\n|-start|p1b: Ghost pepper|protosynthesisspe\n|turn|3\n|\n|t:|1682477354\n|move|p1b: Ghost pepper|Protect|p1b: Ghost pepper\n|-singleturn|p1b: Ghost pepper|Protect\n|move|p2a: Talonflame|Tailwind|p2a: Talonflame\n|-sidestart|p2: BroDontFuckWithMe|move: Tailwind\n|move|p2b: Gholdengo|Shadow Ball|p1b: Ghost pepper\n|-activate|p1b: Ghost pepper|move: Protect\n|move|p1a: Mustard|Drain Punch|p2b: Gholdengo\n|-damage|p2b: Gholdengo|9\/100\n|\n|-heal|p2b: Gholdengo|15\/100|[from] item: Leftovers\n|upkeep\n|turn|4\n|inactive|kaizerfattah has 30 seconds left.\n|inactive|kaizerfattah has 20 seconds left.\n|\n|t:|1682477390\n|move|p2a: Talonflame|Will-O-Wisp|p1a: Mustard\n|-status|p1a: Mustard|brn\n|move|p1b: Ghost pepper|Dazzling Gleam|p2a: Talonflame|[spread] p2a,p2b\n|-resisted|p2a: Talonflame\n|-damage|p2a: Talonflame|56\/100\n|-damage|p2b: Gholdengo|0 fnt\n|faint|p2b: Gholdengo\n|move|p1a: Mustard|Drain Punch|p2a: Talonflame\n|-resisted|p2a: Talonflame\n|-damage|p2a: Talonflame|38\/100\n|\n|-damage|p1a: Mustard|95\/100 brn|[from] brn\n|upkeep\n|\n|t:|1682477395\n|switch|p2b: Great Tusk|Great Tusk, L50|100\/100\n|turn|5\n|\n|t:|1682477412\n|move|p1b: Ghost pepper|Protect|p1b: Ghost pepper\n|-singleturn|p1b: Ghost pepper|Protect\n|move|p2b: Great Tusk|Headlong Rush|p1b: Ghost pepper\n|-activate|p1b: Ghost pepper|move: Protect\n|move|p2a: Talonflame|Brave Bird|p1b: Ghost pepper\n|-activate|p1b: Ghost pepper|move: Protect\n|move|p1a: Mustard|Drain Punch|p2b: Great Tusk\n|-damage|p2b: Great Tusk|84\/100\n|-heal|p1a: Mustard|100\/100 brn|[from] drain|[of] p2b: Great Tusk\n|\n|-damage|p1a: Mustard|95\/100 brn|[from] brn\n|upkeep\n|turn|6\n|inactive|kaizerfattah has 30 seconds left.\n|\n|t:|1682477440\n|move|p2b: Great Tusk|Headlong Rush|p1b: Ghost pepper\n|-damage|p1b: Ghost pepper|0 fnt\n|-unboost|p2b: Great Tusk|def|1\n|-unboost|p2b: Great Tusk|spd|1\n|faint|p1b: Ghost pepper\n|-end|p1b: Ghost pepper|Protosynthesis|[silent]\n|move|p2a: Talonflame|Brave Bird|p1a: Mustard\n|-damage|p1a: Mustard|63\/100 brn\n|-damage|p2a: Talonflame|22\/100|[from] Recoil\n|move|p1a: Mustard|Wild Charge|p2a: Talonflame\n|-supereffective|p2a: Talonflame\n|-damage|p2a: Talonflame|0 fnt\n|faint|p2a: Talonflame\n|-damage|p1a: Mustard|60\/100 brn|[from] Recoil\n|\n|-damage|p1a: Mustard|54\/100 brn|[from] brn\n|-sideend|p2: BroDontFuckWithMe|move: Tailwind\n|upkeep\n|turn|7\n|c|\u2606BroDontFuckWithMe|ya gotta go for the double protect there\n|\n|t:|1682477460\n|move|p2b: Great Tusk|Headlong Rush|p1a: Mustard\n|-supereffective|p1a: Mustard\n|-damage|p1a: Mustard|0 fnt\n|-unboost|p2b: Great Tusk|def|1\n|-unboost|p2b: Great Tusk|spd|1\n|faint|p1a: Mustard\n|-end|p1a: Mustard|Quark Drive|[silent]\n|\n|win|BroDontFuckWithMe\n|raw|kaizerfattah's rating: 1523 → 1511<\/strong> (-12 for losing)\n|raw|BroDontFuckWithMe's rating: 1676 → 1688<\/strong> (+12 for winning)\n","uploadtime":1682477466,"views":10,"p1id":"kaizerfattah","p2id":"brodontfuckwithme","formatid":"gen9vgc2023regulationc","rating":1511,"private":0,"password":""}