{"id":"gen9vgc2023regulationc-1860290467","p1":"Ballk","p2":"Ashenfield","format":"[Gen 9] VGC 2023 Regulation C","log":"|j|\u2606Ballk\n|j|\u2606Ashenfield\n|t:|1683626676\n|gametype|doubles\n|player|p1|Ballk|pokekid|1094\n|player|p2|Ashenfield|benga|1013\n|teamsize|p1|6\n|teamsize|p2|6\n|gen|9\n|tier|[Gen 9] VGC 2023 Regulation C\n|rated|\n|rule|Species Clause: Limit one of each Pok\u00e9mon\n|rule|Item Clause: Limit one of each item\n|clearpoke\n|poke|p1|Tatsugiri, L50, F|\n|poke|p1|Dondozo, L50, F|\n|poke|p1|Breloom, L50, F|\n|poke|p1|Farigiraf, L50, F|\n|poke|p1|Gholdengo, L50|\n|poke|p1|Garganacl, L50, F|\n|poke|p2|Chi-Yu, L50|\n|poke|p2|Flutter Mane, L50|\n|poke|p2|Kingambit, L50, F|\n|poke|p2|Iron Hands, L50|\n|poke|p2|Amoonguss, L50, F|\n|poke|p2|Gyarados, L50, M|\n|teampreview|4\n|inactive|Battle timer is ON: inactive players will automatically lose when time's up. (requested by Ashenfield)\n|\n|t:|1683626702\n|start\n|switch|p1a: Tatsugiri|Tatsugiri, L50, F|100\/100\n|switch|p1b: Breloom|Breloom, L50, F|100\/100\n|switch|p2a: Kingambit|Kingambit, L50, F|100\/100\n|switch|p2b: Gyarados|Gyarados, L50, M|100\/100\n|-ability|p2b: Gyarados|Intimidate|boost\n|-unboost|p1a: Tatsugiri|atk|1\n|-unboost|p1b: Breloom|atk|1\n|turn|1\n|inactive|Ashenfield has 30 seconds left.\n|inactive|Ashenfield has 20 seconds left.\n|inactive|Ashenfield has 15 seconds left.\n|\n|t:|1683626744\n|switch|p2a: Amoonguss|Amoonguss, L50, F|100\/100\n|-terastallize|p1b: Breloom|Grass\n|move|p1a: Tatsugiri|Hydro Pump|p2a: Amoonguss\n|-resisted|p2a: Amoonguss\n|-damage|p2a: Amoonguss|69\/100\n|move|p2b: Gyarados|Icy Wind|p1b: Breloom|[spread] p1a,p1b\n|-supereffective|p1b: Breloom\n|-damage|p1a: Tatsugiri|93\/100\n|-damage|p1b: Breloom|81\/100\n|-unboost|p1a: Tatsugiri|spe|1\n|-unboost|p1b: Breloom|spe|1\n|move|p1b: Breloom|Spore|p2b: Gyarados\n|-status|p2b: Gyarados|slp|[from] move: Spore\n|\n|upkeep\n|turn|2\n|inactive|Ballk has 30 seconds left.\n|inactive|Ashenfield has 30 seconds left.\n|\n|t:|1683626778\n|switch|p1a: Farigiraf|Farigiraf, L50, F|100\/100\n|cant|p2b: Gyarados|slp\n|move|p1b: Breloom|Bullet Seed|p2b: Gyarados\n|-damage|p2b: Gyarados|85\/100 slp\n|-damage|p2b: Gyarados|67\/100 slp\n|-damage|p2b: Gyarados|50\/100 slp\n|-enditem|p2b: Gyarados|Sitrus Berry|[eat]\n|-heal|p2b: Gyarados|75\/100 slp|[from] item: Sitrus Berry\n|-hitcount|p2b: Gyarados|3\n|move|p2a: Amoonguss|Spore|p1a: Farigiraf\n|-status|p1a: Farigiraf|slp|[from] move: Spore\n|\n|upkeep\n|turn|3\n|\n|t:|1683626801\n|-curestatus|p2b: Gyarados|slp|[msg]\n|move|p2b: Gyarados|Icy Wind|p1a: Farigiraf|[spread] p1a,p1b\n|-supereffective|p1b: Breloom\n|-damage|p1a: Farigiraf|96\/100 slp\n|-damage|p1b: Breloom|65\/100\n|-unboost|p1a: Farigiraf|spe|1\n|-unboost|p1b: Breloom|spe|1\n|move|p1b: Breloom|Bullet Seed|p2b: Gyarados\n|-damage|p2b: Gyarados|59\/100\n|-damage|p2b: Gyarados|42\/100\n|-damage|p2b: Gyarados|25\/100\n|-damage|p2b: Gyarados|9\/100\n|-damage|p2b: Gyarados|0 fnt\n|faint|p2b: Gyarados\n|-hitcount|p2: Gyarados|5\n|cant|p1a: Farigiraf|slp\n|move|p2a: Amoonguss|Pollen Puff|p1b: Breloom\n|-supereffective|p1b: Breloom\n|-crit|p1b: Breloom\n|-damage|p1b: Breloom|0 fnt\n|faint|p1b: Breloom\n|\n|-heal|p1a: Farigiraf|100\/100 slp|[from] item: Leftovers\n|upkeep\n|inactive|Ballk has 30 seconds left.\n|inactive|Ashenfield has 30 seconds left.\n|\n|t:|1683626828\n|switch|p2b: Kingambit|Kingambit, L50, F|100\/100\n|switch|p1b: Tatsugiri|Tatsugiri, L50, F|93\/100\n|turn|4\n|\n|t:|1683626844\n|move|p1b: Tatsugiri|Hydro Pump|p2b: Kingambit|[miss]\n|-miss|p1b: Tatsugiri|p2b: Kingambit\n|move|p2b: Kingambit|Assurance|p1b: Tatsugiri\n|-damage|p1b: Tatsugiri|27\/100\n|cant|p1a: Farigiraf|slp\n|move|p2a: Amoonguss|Spore|p1b: Tatsugiri\n|-status|p1b: Tatsugiri|slp|[from] move: Spore\n|\n|upkeep\n|turn|5\n|-message|Ballk forfeited.\n|\n|win|Ashenfield\n|raw|Ballk's rating: 1094 → 1064<\/strong> (-30 for losing)\n|raw|Ashenfield's rating: 1013 → 1060<\/strong> (+47 for winning)\n|l|\u2606Ballk\n","uploadtime":1683626866,"views":8,"p1id":"ballk","p2id":"ashenfield","formatid":"gen9vgc2023regulationc","rating":1060,"private":0,"password":""}