{"id":"gen9vgc2023regulationc-1847462893","p1":"dunsparcedingo","p2":"MrTsAGamer","format":"[Gen 9] VGC 2023 Regulation C","log":"|j|\u2606dunsparcedingo\n|j|\u2606MrTsAGamer\n|t:|1681958148\n|gametype|doubles\n|player|p1|dunsparcedingo|zinnia|1220\n|player|p2|MrTsAGamer|169|1112\n|teamsize|p1|6\n|teamsize|p2|6\n|gen|9\n|tier|[Gen 9] VGC 2023 Regulation C\n|rated|\n|rule|Species Clause: Limit one of each Pok\u00e9mon\n|rule|Item Clause: Limit one of each item\n|clearpoke\n|poke|p1|Torkoal, L50, M|\n|poke|p1|Jumpluff, L50, F|\n|poke|p1|Chi-Yu, L50|\n|poke|p1|Flutter Mane, L50|\n|poke|p1|Iron Bundle, L50|\n|poke|p1|Slither Wing, L50|\n|poke|p2|Dragonite, L50, M|\n|poke|p2|Volcarona, L50, M|\n|poke|p2|Iron Hands, L50|\n|poke|p2|Amoonguss, L50, M|\n|poke|p2|Iron Bundle, L50|\n|poke|p2|Sableye, L50, M|\n|teampreview|4\ndunsparcedingo has agreed to open team sheets.\nMrTsAGamer rejected open team sheets.\n|\n|t:|1681958200\n|start\n|switch|p1a: Jumpluff|Jumpluff, L50, F|100\/100\n|switch|p1b: Chi-Yu|Chi-Yu, L50|100\/100\n|switch|p2a: Santa|Iron Bundle, L50|100\/100\n|switch|p2b: Nabbit|Sableye, L50, M|100\/100\n|-ability|p1b: Chi-Yu|Beads of Ruin\n|turn|1\n|\n|t:|1681958217\n|switch|p1a: Torkoal|Torkoal, L50, M|100\/100\n|-weather|SunnyDay|[from] ability: Drought|[of] p1a: Torkoal\n|move|p2b: Nabbit|Light Screen|p2b: Nabbit\n|-sidestart|p2: MrTsAGamer|move: Light Screen\n|move|p2a: Santa|Icy Wind|p1a: Torkoal|[spread] p1a,p1b\n|-resisted|p1a: Torkoal\n|-resisted|p1b: Chi-Yu\n|-damage|p1a: Torkoal|84\/100\n|-damage|p1b: Chi-Yu|94\/100\n|-unboost|p1a: Torkoal|spe|1\n|-unboost|p1b: Chi-Yu|spe|1\n|move|p1b: Chi-Yu|Heat Wave|p2a: Santa|[spread] p2a,p2b\n|-enditem|p2a: Santa|Focus Sash\n|-damage|p2a: Santa|1\/100\n|-damage|p2b: Nabbit|33\/100\n|-status|p2b: Nabbit|brn\n|\n|-weather|SunnyDay|[upkeep]\n|-heal|p1a: Torkoal|90\/100|[from] item: Leftovers\n|-damage|p2b: Nabbit|27\/100 brn|[from] brn\n|upkeep\n|turn|2\n|\n|t:|1681958247\n|switch|p1a: Jumpluff|Jumpluff, L50, F|100\/100\n|move|p2a: Santa|Protect|p2a: Santa\n|-singleturn|p2a: Santa|Protect\n|move|p2b: Nabbit|Disable|p1b: Chi-Yu\n|-hint|Since gen 7, Dark is immune to Prankster moves.\n|-immune|p1b: Chi-Yu\n|move|p1b: Chi-Yu|Heat Wave|p2b: Nabbit|[spread] p2b\n|-activate|p2a: Santa|move: Protect\n|-damage|p2b: Nabbit|0 fnt\n|faint|p2b: Nabbit\n|\n|-weather|SunnyDay|[upkeep]\n|upkeep\n|\n|t:|1681958259\n|switch|p2b: 45 Okay|Iron Hands, L50|100\/100\n|turn|3\n|\n|t:|1681958280\n|-terastallize|p1a: Jumpluff|Ghost\n|move|p2b: 45 Okay|Fake Out|p1a: Jumpluff\n|-immune|p1a: Jumpluff\n|move|p1a: Jumpluff|Sleep Powder|p2b: 45 Okay\n|-status|p2b: 45 Okay|slp|[from] move: Sleep Powder\n|move|p2a: Santa|Icy Wind|p1b: Chi-Yu|[spread] p1a,p1b\n|-resisted|p1b: Chi-Yu\n|-damage|p1a: Jumpluff|75\/100\n|-damage|p1b: Chi-Yu|88\/100\n|-unboost|p1a: Jumpluff|spe|1\n|-unboost|p1b: Chi-Yu|spe|1\n|move|p1b: Chi-Yu|Heat Wave|p2a: Santa|[spread] p2a,p2b\n|-damage|p2a: Santa|0 fnt\n|-damage|p2b: 45 Okay|68\/100 slp\n|faint|p2a: Santa\n|-end|p2a: Santa|Quark Drive|[silent]\n|\n|-weather|SunnyDay|[upkeep]\n|upkeep\n|\n|t:|1681958295\n|switch|p2a: Zoup|Dragonite, L50, M|100\/100\n|turn|4\n|\n|t:|1681958311\n|move|p1a: Jumpluff|Tailwind|p1a: Jumpluff\n|-sidestart|p1: dunsparcedingo|move: Tailwind\n|move|p2a: Zoup|Outrage|p1b: Chi-Yu\n|-damage|p1b: Chi-Yu|0 fnt\n|faint|p1b: Chi-Yu\n|cant|p2b: 45 Okay|slp\n|\n|-weather|SunnyDay|[upkeep]\n|upkeep\n|\n|t:|1681958322\n|switch|p1b: Torkoal|Torkoal, L50, M|90\/100\n|turn|5\n|\n|t:|1681958352\n|switch|p1a: Flutter Mane|Flutter Mane, L50|100\/100\n|-activate|p1a: Flutter Mane|ability: Protosynthesis\n|-start|p1a: Flutter Mane|protosynthesisspe\n|-terastallize|p2b: 45 Okay|Electric\n|move|p2a: Zoup|Outrage|p1b: Torkoal|[from]lockedmove\n|-damage|p1b: Torkoal|20\/100\n|move|p1b: Torkoal|Will-O-Wisp|p2a: Zoup\n|-status|p2a: Zoup|brn\n|cant|p2b: 45 Okay|slp\n|\n|-weather|none\n|-end|p1a: Flutter Mane|Protosynthesis\n|-heal|p1b: Torkoal|26\/100|[from] item: Leftovers\n|-damage|p2a: Zoup|95\/100 brn|[from] brn\n|upkeep\n|turn|6\n|\n|t:|1681958378\n|move|p1b: Torkoal|Helping Hand|p1a: Flutter Mane\n|-singleturn|p1a: Flutter Mane|Helping Hand|[of] p1b: Torkoal\n|move|p1a: Flutter Mane|Moonblast|p2b: 45 Okay\n|-damage|p2b: 45 Okay|22\/100 slp\n|-unboost|p2b: 45 Okay|spa|1\n|move|p2a: Zoup|Outrage|p1a: Flutter Mane|[from]lockedmove\n|-immune|p1a: Flutter Mane\n|-start|p2a: Zoup|confusion|[fatigue]\n|-curestatus|p2b: 45 Okay|slp|[msg]\n|move|p2b: 45 Okay|Wild Charge|p1a: Flutter Mane\n|-damage|p1a: Flutter Mane|0 fnt\n|faint|p1a: Flutter Mane\n|-end|p1a: Flutter Mane|Protosynthesis|[silent]\n|-damage|p2b: 45 Okay|10\/100|[from] Recoil\n|\n|-heal|p1b: Torkoal|32\/100|[from] item: Leftovers\n|-damage|p2a: Zoup|89\/100 brn|[from] brn\n|upkeep\n|\n|t:|1681958395\n|switch|p1a: Jumpluff|Jumpluff, L50, F, tera:Ghost|75\/100\n|turn|7\n|\n|t:|1681958420\n|move|p1a: Jumpluff|Pollen Puff|p1b: Torkoal\n|-heal|p1b: Torkoal|82\/100\n|-activate|p2a: Zoup|confusion\n|move|p2a: Zoup|Outrage|p1a: Jumpluff\n|-damage|p1a: Jumpluff|2\/100\n|move|p1b: Torkoal|Overheat|p2b: 45 Okay\n|-damage|p2b: 45 Okay|0 fnt\n|-unboost|p1b: Torkoal|spa|2\n|faint|p2b: 45 Okay\n|-end|p2b: 45 Okay|Quark Drive|[silent]\n|\n|-heal|p1b: Torkoal|88\/100|[from] item: Leftovers\n|-damage|p2a: Zoup|83\/100 brn|[from] brn\n|-sideend|p1: dunsparcedingo|move: Tailwind\n|upkeep\n|turn|8\n|\n|t:|1681958446\n|move|p1a: Jumpluff|Pollen Puff|p2a: Zoup\n|-resisted|p2a: Zoup\n|-damage|p2a: Zoup|78\/100 brn\n|-activate|p2a: Zoup|confusion\n|move|p2a: Zoup|Outrage|p1a: Jumpluff|[from]lockedmove\n|-damage|p1a: Jumpluff|0 fnt\n|faint|p1a: Jumpluff\n|move|p1b: Torkoal|Overheat|p2a: Zoup|[miss]\n|-miss|p1b: Torkoal|p2a: Zoup\n|\n|-heal|p1b: Torkoal|94\/100|[from] item: Leftovers\n|-damage|p2a: Zoup|72\/100 brn|[from] brn\n|-sideend|p2: MrTsAGamer|move: Light Screen\n|upkeep\n|turn|9\n|\n|t:|1681958465\n|-activate|p2a: Zoup|confusion\n|move|p2a: Zoup|Outrage|p1b: Torkoal|[from]lockedmove\n|-damage|p1b: Torkoal|62\/100\n|move|p1b: Torkoal|Overheat|p2a: Zoup\n|-resisted|p2a: Zoup\n|-damage|p2a: Zoup|62\/100 brn\n|-unboost|p1b: Torkoal|spa|2\n|\n|-heal|p1b: Torkoal|68\/100|[from] item: Leftovers\n|-damage|p2a: Zoup|56\/100 brn|[from] brn\n|upkeep\n|turn|10\n|\n|t:|1681958476\n|move|p1b: Torkoal|Protect|p1b: Torkoal\n|-singleturn|p1b: Torkoal|Protect\n|-end|p2a: Zoup|confusion\n|move|p2a: Zoup|Outrage|p1b: Torkoal\n|-activate|p1b: Torkoal|move: Protect\n|\n|-heal|p1b: Torkoal|74\/100|[from] item: Leftovers\n|-damage|p2a: Zoup|50\/100 brn|[from] brn\n|upkeep\n|turn|11\n|\n|t:|1681958509\n|move|p1b: Torkoal|Protect|p1b: Torkoal\n|-singleturn|p1b: Torkoal|Protect\n|move|p2a: Zoup|Outrage|p1b: Torkoal\n|-activate|p1b: Torkoal|move: Protect\n|\n|-heal|p1b: Torkoal|80\/100|[from] item: Leftovers\n|-damage|p2a: Zoup|44\/100 brn|[from] brn\n|upkeep\n|turn|12\n|\n|t:|1681958533\n|move|p2a: Zoup|Outrage|p1b: Torkoal\n|-damage|p1b: Torkoal|43\/100\n|move|p1b: Torkoal|Overheat|p2a: Zoup\n|-resisted|p2a: Zoup\n|-damage|p2a: Zoup|38\/100 brn\n|-unboost|p1b: Torkoal|spa|2\n|\n|-heal|p1b: Torkoal|49\/100|[from] item: Leftovers\n|-damage|p2a: Zoup|32\/100 brn|[from] brn\n|upkeep\n|turn|13\n|inactive|Battle timer is ON: inactive players will automatically lose when time's up. (requested by dunsparcedingo)\n|\n|t:|1681958574\n|move|p1b: Torkoal|Protect|p1b: Torkoal\n|-singleturn|p1b: Torkoal|Protect\n|move|p2a: Zoup|Outrage|p1b: Torkoal|[from]lockedmove\n|-activate|p1b: Torkoal|move: Protect\n|\n|-heal|p1b: Torkoal|55\/100|[from] item: Leftovers\n|-damage|p2a: Zoup|26\/100 brn|[from] brn\n|upkeep\n|turn|14\n|\n|t:|1681958582\n|move|p1b: Torkoal|Protect||[still]\n|-fail|p1b: Torkoal\n|move|p2a: Zoup|Outrage|p1b: Torkoal\n|-damage|p1b: Torkoal|23\/100\n|\n|-heal|p1b: Torkoal|29\/100|[from] item: Leftovers\n|-damage|p2a: Zoup|20\/100 brn|[from] brn\n|upkeep\n|turn|15\n|\n|t:|1681958603\n|move|p1b: Torkoal|Protect|p1b: Torkoal\n|-singleturn|p1b: Torkoal|Protect\n|move|p2a: Zoup|Outrage|p1b: Torkoal|[from]lockedmove\n|-activate|p1b: Torkoal|move: Protect\n|\n|-heal|p1b: Torkoal|35\/100|[from] item: Leftovers\n|-damage|p2a: Zoup|14\/100 brn|[from] brn\n|upkeep\n|turn|16\n|\n|t:|1681958612\n|move|p1b: Torkoal|Protect|p1b: Torkoal\n|-singleturn|p1b: Torkoal|Protect\n|move|p2a: Zoup|Outrage|p1b: Torkoal\n|-activate|p1b: Torkoal|move: Protect\n|\n|-heal|p1b: Torkoal|41\/100|[from] item: Leftovers\n|-damage|p2a: Zoup|8\/100 brn|[from] brn\n|upkeep\n|turn|17\n|c|\u2606MrTsAGamer|nah\n|\n|t:|1681958623\n|move|p2a: Zoup|Outrage|p1b: Torkoal\n|-damage|p1b: Torkoal|3\/100\n|move|p1b: Torkoal|Overheat|p2a: Zoup\n|-resisted|p2a: Zoup\n|-damage|p2a: Zoup|2\/100 brn\n|\n|-heal|p1b: Torkoal|9\/100|[from] item: Leftovers\n|-damage|p2a: Zoup|0 fnt|[from] brn\n|faint|p2a: Zoup\n|\n|win|dunsparcedingo\n|upkeep\n|raw|dunsparcedingo's rating: 1220 → 1237<\/strong> (+17 for winning)\n|raw|MrTsAGamer's rating: 1112 → 1095<\/strong> (-17 for losing)\n|c|\u2606dunsparcedingo|oof that feels slimy\n|c|\u2606dunsparcedingo|sorry b\n|c|\u2606MrTsAGamer|so many double protects\n|c|\u2606MrTsAGamer|GGs\n|c|\u2606dunsparcedingo|just enough lmao gg\n|c|\u2606MrTsAGamer|rofl\n","uploadtime":1681958658,"views":7,"p1id":"dunsparcedingo","p2id":"mrtsagamer","formatid":"gen9vgc2023regulationc","rating":1095,"private":0,"password":""}