{"id":"gen9vgc2023regulationc-1852785689","p1":"Zyros Phade","p2":"rasrailgun1234","format":"[Gen 9] VGC 2023 Regulation C","log":"|j|\u2606Zyros Phade\n|j|\u2606rasrailgun1234\n|t:|1682606151\n|gametype|doubles\n|player|p1|Zyros Phade|101|1413\n|player|p2|rasrailgun1234|2|1383\n|teamsize|p1|6\n|teamsize|p2|6\n|gen|9\n|tier|[Gen 9] VGC 2023 Regulation C\n|rated|\n|rule|Species Clause: Limit one of each Pok\u00e9mon\n|rule|Item Clause: Limit one of each item\n|clearpoke\n|poke|p1|Lokix, L50, F|\n|poke|p1|Gyarados, L50, M|\n|poke|p1|Flutter Mane, L50|\n|poke|p1|Annihilape, L50, F|\n|poke|p1|Grimmsnarl, L50, M|\n|poke|p1|Garchomp, L50, F|\n|poke|p2|Flutter Mane, L50|\n|poke|p2|Amoonguss, L50, F|\n|poke|p2|Palafin, L50, F|\n|poke|p2|Arcanine, L50, M|\n|poke|p2|Ting-Lu, L50|\n|poke|p2|Grimmsnarl, L50, M|\n|teampreview|4\n|inactive|Battle timer is ON: inactive players will automatically lose when time's up. (requested by Zyros Phade)\nZyros Phade has agreed to open team sheets.\n|\n|t:|1682606196\n|start\n|switch|p1a: Lokix|Lokix, L50, F|100\/100\n|switch|p1b: Annihilape|Annihilape, L50, F|100\/100\n|switch|p2a: Palafin|Palafin, L50, F|100\/100\n|switch|p2b: Ting-Lu|Ting-Lu, L50|100\/100\n|-ability|p2b: Ting-Lu|Vessel of Ruin\n|turn|1\n|\n|t:|1682606208\n|detailschange|p2a: Palafin|Palafin-Hero, L50, F\n|switch|p2a: Amoonguss|Amoonguss, L50, F|100\/100\n|move|p1a: Lokix|First Impression|p2b: Ting-Lu\n|-supereffective|p2b: Ting-Lu\n|-damage|p2b: Ting-Lu|27\/100\n|move|p1b: Annihilape|Drain Punch|p2b: Ting-Lu\n|-supereffective|p2b: Ting-Lu\n|-damage|p2b: Ting-Lu|0 fnt\n|faint|p2b: Ting-Lu\n|\n|upkeep\n|\n|t:|1682606220\n|switch|p2b: Flutter Mane|Flutter Mane, L50|100\/100\n|turn|2\n|\n|t:|1682606237\n|switch|p1a: Cynthia|Garchomp, L50, F|100\/100\n|-terastallize|p2b: Flutter Mane|Fairy\n|-terastallize|p1b: Annihilape|Grass\n|move|p2a: Amoonguss|Rage Powder|p2a: Amoonguss\n|-singleturn|p2a: Amoonguss|move: Rage Powder\n|move|p2b: Flutter Mane|Dazzling Gleam|p1b: Annihilape|[spread] p1a,p1b\n|-supereffective|p1a: Cynthia\n|-damage|p1a: Cynthia|0 fnt\n|-damage|p1b: Annihilape|39\/100\n|faint|p1a: Cynthia\n|move|p1b: Annihilape|Rage Fist|p2b: Flutter Mane\n|-damage|p2b: Flutter Mane|15\/100\n|\n|-heal|p1b: Annihilape|45\/100|[from] item: Leftovers\n|upkeep\n|\n|t:|1682606249\n|switch|p1a: Lokix|Lokix, L50, F|100\/100\n|turn|3\n|\n|t:|1682606258\n|-end|p2b: Flutter Mane|Protosynthesis|[silent]\n|switch|p2b: Palafin|Palafin-Hero, L50, F|100\/100\n|-activate|p2b: Palafin|ability: Zero to Hero\n|move|p1a: Lokix|Feint|p2b: Palafin\n|-damage|p2b: Palafin|88\/100\n|move|p1b: Annihilape|Bulk Up|p1b: Annihilape\n|-boost|p1b: Annihilape|atk|1\n|-boost|p1b: Annihilape|def|1\n|move|p2a: Amoonguss|Pollen Puff|p2b: Palafin\n|-heal|p2b: Palafin|100\/100\n|\n|-heal|p1b: Annihilape|51\/100|[from] item: Leftovers\n|upkeep\n|turn|4\n|\n|t:|1682606281\n|switch|p1a: Sada|Flutter Mane, L50|100\/100\n|-enditem|p1a: Sada|Booster Energy\n|-activate|p1a: Sada|ability: Protosynthesis|[fromitem]\n|-start|p1a: Sada|protosynthesisspa\n|move|p1b: Annihilape|Protect|p1b: Annihilape\n|-singleturn|p1b: Annihilape|Protect\n|move|p2b: Palafin|Haze|p2b: Palafin\n|-clearallboost\n|move|p2a: Amoonguss|Spore|p1a: Sada\n|-status|p1a: Sada|slp|[from] move: Spore\n|\n|-heal|p1b: Annihilape|57\/100|[from] item: Leftovers\n|upkeep\n|turn|5\n|\n|t:|1682606302\n|cant|p1a: Sada|slp\n|move|p1b: Annihilape|Rage Fist|p2b: Palafin\n|-damage|p2b: Palafin|64\/100\n|move|p2b: Palafin|Wave Crash|p1b: Annihilape\n|-resisted|p1b: Annihilape\n|-damage|p1b: Annihilape|2\/100\n|-damage|p2b: Palafin|46\/100|[from] Recoil\n|move|p2a: Amoonguss|Pollen Puff|p1b: Annihilape\n|-supereffective|p1b: Annihilape\n|-damage|p1b: Annihilape|0 fnt\n|faint|p1b: Annihilape\n|\n|upkeep\n|\n|t:|1682606312\n|switch|p1b: Lokix|Lokix, L50, F|100\/100\n|turn|6\n|l|\u2606rasrailgun1234\n|inactive|rasrailgun1234 disconnected and has a minute to reconnect!\n|player|p2|\n|inactive|rasrailgun1234 has 30 seconds left.\n|inactive|rasrailgun1234 has 20 seconds left.\n|inactive|rasrailgun1234 has 15 seconds left.\n|inactive|rasrailgun1234 has 10 seconds left.\n|j|\u2606rasrailgun1234\n|inactive|rasrailgun1234 reconnected and has 10 seconds left.\n|player|p2|rasrailgun1234|2\n|inactive|rasrailgun1234 has 5 seconds left.\n|\n|t:|1682606367\n|cant|p1a: Sada|slp\n|move|p2b: Palafin|Wave Crash|p1a: Sada\n|-damage|p1a: Sada|0 fnt\n|faint|p1a: Sada\n|-end|p1a: Sada|Protosynthesis|[silent]\n|-damage|p2b: Palafin|26\/100|[from] Recoil\n|move|p1b: Lokix|Axe Kick|p2b: Palafin\n|-damage|p2b: Palafin|0 fnt\n|faint|p2b: Palafin\n|move|p2a: Amoonguss|Spore|p1b: Lokix\n|-status|p1b: Lokix|slp|[from] move: Spore\n|\n|upkeep\n|\n|t:|1682606376\n|switch|p2b: Flutter Mane|Flutter Mane, L50, tera:Fairy|15\/100\n|turn|7\n|\n|t:|1682606383\n|move|p2b: Flutter Mane|Moonblast|p1b: Lokix\n|-supereffective|p1b: Lokix\n|-damage|p1b: Lokix|0 fnt\n|faint|p1b: Lokix\n|\n|win|rasrailgun1234\n|raw|Zyros Phade's rating: 1413 → 1391<\/strong> (-22 for losing)\n|raw|rasrailgun1234's rating: 1383 → 1405<\/strong> (+22 for winning)\n|l|\u2606rasrailgun1234\n|l|\u2606Zyros Phade\n|j|\u2606Zyros Phade\n|player|p1|Zyros Phade|101\n","uploadtime":1682606394,"views":14,"p1id":"zyrosphade","p2id":"rasrailgun1234","formatid":"gen9vgc2023regulationc","rating":1391,"private":0,"password":""}