{"id":"gen9vgc2023regulationc-1863619529","p1":"BeeGee33","p2":"XinBluQAQ","format":"[Gen 9] VGC 2023 Regulation C","log":"|j|\u2606BeeGee33\n|j|\u2606XinBluQAQ\n|t:|1684044682\n|gametype|doubles\n|player|p1|BeeGee33|169|1412\n|player|p2|XinBluQAQ|shadowtriad|1390\n|teamsize|p1|6\n|teamsize|p2|6\n|gen|9\n|tier|[Gen 9] VGC 2023 Regulation C\n|rated|\n|rule|Species Clause: Limit one of each Pok\u00e9mon\n|rule|Item Clause: Limit one of each item\n|clearpoke\n|poke|p1|Palafin, L50, F|\n|poke|p1|Pelipper, L50, M|\n|poke|p1|Ting-Lu, L50|\n|poke|p1|Iron Hands, L50|\n|poke|p1|Flutter Mane, L50|\n|poke|p1|Iron Jugulis, L50|\n|poke|p2|Iron Bundle, L50|\n|poke|p2|Dondozo, L50, F|\n|poke|p2|Tatsugiri, L50, M|\n|poke|p2|Glimmora, L50, M|\n|poke|p2|Dragonite, L50, F|\n|poke|p2|Chi-Yu, L50|\n|teampreview|4\n|inactive|Battle timer is ON: inactive players will automatically lose when time's up. (requested by BeeGee33)\n|\n|t:|1684044709\n|start\n|switch|p1a: Palafin|Palafin, L50, F|100\/100\n|switch|p1b: Iron Hands|Iron Hands, L50|100\/100\n|switch|p2a: Glimmora|Glimmora, L50, M|100\/100\n|switch|p2b: Dondozo|Dondozo, L50, F|100\/100\n|turn|1\n|inactive|BeeGee33 has 30 seconds left.\n|\n|t:|1684044735\n|detailschange|p1a: Palafin|Palafin-Hero, L50, F\n|switch|p1a: Ting-Lu|Ting-Lu, L50|100\/100\n|-ability|p1a: Ting-Lu|Vessel of Ruin\n|move|p2b: Dondozo|Protect|p2b: Dondozo\n|-singleturn|p2b: Dondozo|Protect\n|move|p2a: Glimmora|Mortal Spin|p1a: Ting-Lu|[spread] p1a,p1b\n|-resisted|p1a: Ting-Lu\n|-damage|p1a: Ting-Lu|99\/100\n|-damage|p1b: Iron Hands|98\/100\n|-status|p1a: Ting-Lu|psn\n|-status|p1b: Iron Hands|psn\n|move|p1b: Iron Hands|Swords Dance|p1b: Iron Hands\n|-boost|p1b: Iron Hands|atk|2\n|\n|-heal|p1b: Iron Hands|100\/100 psn|[from] item: Leftovers\n|-damage|p1b: Iron Hands|88\/100 psn|[from] psn\n|-damage|p1a: Ting-Lu|87\/100 psn|[from] psn\n|upkeep\n|turn|2\n|inactive|BeeGee33 has 30 seconds left.\n|inactive|XinBluQAQ has 30 seconds left.\n|inactive|XinBluQAQ has 20 seconds left.\n|\n|t:|1684044772\n|-terastallize|p2b: Dondozo|Grass\n|move|p2a: Glimmora|Earth Power|p1b: Iron Hands\n|-supereffective|p1b: Iron Hands\n|-damage|p1b: Iron Hands|55\/100 psn\n|move|p1b: Iron Hands|Wild Charge|p2b: Dondozo\n|-resisted|p2b: Dondozo\n|-damage|p2b: Dondozo|82\/100\n|-damage|p1b: Iron Hands|50\/100 psn|[from] Recoil\n|move|p2b: Dondozo|Wave Crash|p1b: Iron Hands\n|-damage|p1b: Iron Hands|14\/100 psn\n|-damage|p2b: Dondozo|69\/100|[from] Recoil\n|move|p1a: Ting-Lu|Heavy Slam|p2a: Glimmora\n|-supereffective|p2a: Glimmora\n|-damage|p2a: Glimmora|29\/100\n|-activate|p2a: Glimmora|ability: Toxic Debris\n|-sidestart|p1: BeeGee33|move: Toxic Spikes\n|\n|-heal|p1b: Iron Hands|20\/100 psn|[from] item: Leftovers\n|-heal|p2b: Dondozo|75\/100|[from] item: Leftovers\n|-damage|p1b: Iron Hands|8\/100 psn|[from] psn\n|-damage|p1a: Ting-Lu|75\/100 psn|[from] psn\n|upkeep\n|turn|3\n|inactive|BeeGee33 has 30 seconds left.\n|\n|t:|1684044811\n|move|p2b: Dondozo|Protect|p2b: Dondozo\n|-singleturn|p2b: Dondozo|Protect\n|move|p2a: Glimmora|Energy Ball|p1a: Ting-Lu\n|-supereffective|p1a: Ting-Lu\n|-damage|p1a: Ting-Lu|54\/100 psn\n|move|p1b: Iron Hands|Drain Punch|p2b: Dondozo\n|-activate|p2b: Dondozo|move: Protect\n|move|p1a: Ting-Lu|Stomping Tantrum|p2a: Glimmora\n|-supereffective|p2a: Glimmora\n|-damage|p2a: Glimmora|0 fnt\n|-activate|p2a: Glimmora|ability: Toxic Debris\n|-sidestart|p1: BeeGee33|move: Toxic Spikes\n|faint|p2a: Glimmora\n|\n|-heal|p1b: Iron Hands|14\/100 psn|[from] item: Leftovers\n|-heal|p2b: Dondozo|81\/100|[from] item: Leftovers\n|-damage|p1b: Iron Hands|2\/100 psn|[from] psn\n|-damage|p1a: Ting-Lu|42\/100 psn|[from] psn\n|upkeep\n|\n|t:|1684044827\n|switch|p2a: Iron Bundle|Iron Bundle, L50|100\/100\n|-enditem|p2a: Iron Bundle|Booster Energy\n|-activate|p2a: Iron Bundle|ability: Quark Drive|[fromitem]\n|-start|p2a: Iron Bundle|quarkdrivespe\n|turn|4\n|\n|t:|1684044837\n|move|p2a: Iron Bundle|Protect|p2a: Iron Bundle\n|-singleturn|p2a: Iron Bundle|Protect\n|move|p2b: Dondozo|Earthquake|p1b: Iron Hands|[spread] p1a,p1b\n|-activate|p2a: Iron Bundle|move: Protect\n|-supereffective|p1b: Iron Hands\n|-damage|p1a: Ting-Lu|31\/100 psn\n|-damage|p1b: Iron Hands|0 fnt\n|faint|p1b: Iron Hands\n|-end|p1b: Iron Hands|Quark Drive|[silent]\n|move|p1a: Ting-Lu|Ruination|p2a: Iron Bundle\n|-activate|p2a: Iron Bundle|move: Protect\n|\n|-heal|p2b: Dondozo|88\/100|[from] item: Leftovers\n|-damage|p1a: Ting-Lu|19\/100 psn|[from] psn\n|upkeep\n|\n|t:|1684044853\n|switch|p1b: Flutter Mane|Flutter Mane, L50|100\/100\n|-status|p1b: Flutter Mane|tox\n|turn|5\n|\n|t:|1684044871\n|switch|p1a: Palafin|Palafin-Hero, L50, F|100\/100\n|-status|p1a: Palafin|tox\n|-activate|p1a: Palafin|ability: Zero to Hero\n|move|p2a: Iron Bundle|Freeze-Dry|p1b: Flutter Mane\n|-damage|p1b: Flutter Mane|68\/100 tox\n|move|p1b: Flutter Mane|Moonblast|p2a: Iron Bundle\n|-damage|p2a: Iron Bundle|12\/100\n|-unboost|p2a: Iron Bundle|spa|1\n|move|p2b: Dondozo|Wave Crash|p1b: Flutter Mane\n|-damage|p1b: Flutter Mane|0 fnt\n|faint|p1b: Flutter Mane\n|-end|p1b: Flutter Mane|Protosynthesis|[silent]\n|-damage|p2b: Dondozo|75\/100|[from] Recoil\n|\n|-heal|p2b: Dondozo|81\/100|[from] item: Leftovers\n|-damage|p1a: Palafin|95\/100 tox|[from] psn\n|upkeep\n|\n|t:|1684044888\n|switch|p1b: Ting-Lu|Ting-Lu, L50|19\/100 psn\n|-ability|p1b: Ting-Lu|Vessel of Ruin\n|turn|6\n|\n|t:|1684044902\n|move|p2a: Iron Bundle|Protect|p2a: Iron Bundle\n|-singleturn|p2a: Iron Bundle|Protect\n|move|p1a: Palafin|Close Combat|p2b: Dondozo\n|-damage|p2b: Dondozo|43\/100\n|-unboost|p1a: Palafin|def|1\n|-unboost|p1a: Palafin|spd|1\n|move|p2b: Dondozo|Tera Blast|p1a: Palafin\n|-supereffective|p1a: Palafin\n|-crit|p1a: Palafin\n|-damage|p1a: Palafin|1\/100 tox\n|move|p1b: Ting-Lu|Heavy Slam|p2b: Dondozo\n|-damage|p2b: Dondozo|25\/100\n|\n|-heal|p2b: Dondozo|31\/100|[from] item: Leftovers\n|-damage|p1a: Palafin|0 fnt|[from] psn\n|faint|p1a: Palafin\n|-damage|p1b: Ting-Lu|7\/100 psn|[from] psn\n|upkeep\n|turn|7\n|-message|BeeGee33 forfeited.\n|\n|win|XinBluQAQ\n|raw|BeeGee33's rating: 1412 → 1391<\/strong> (-21 for losing)\n|raw|XinBluQAQ's rating: 1390 → 1411<\/strong> (+21 for winning)\n|l|\u2606BeeGee33\n","uploadtime":1684044915,"views":10,"p1id":"beegee33","p2id":"xinbluqaq","formatid":"gen9vgc2023regulationc","rating":1391,"private":0,"password":""}