{"id":"gen9vgc2023regulationc-1846284224","p1":"Ricardo Randorez","p2":"Grx tournament","format":"[Gen 9] VGC 2023 Regulation C","log":"|j|\u2606Ricardo Randorez\n|j|\u2606Grx tournament\n|t:|1681828393\n|gametype|doubles\n|player|p1|Ricardo Randorez|101|1270\n|player|p2|Grx tournament|elesa|1179\n|teamsize|p1|6\n|teamsize|p2|6\n|gen|9\n|tier|[Gen 9] VGC 2023 Regulation C\n|rated|\n|rule|Species Clause: Limit one of each Pok\u00e9mon\n|rule|Item Clause: Limit one of each item\n|clearpoke\n|poke|p1|Gyarados, L50, F|\n|poke|p1|Arcanine, L50, F|\n|poke|p1|Dragonite, L50, F|\n|poke|p1|Flutter Mane, L50|\n|poke|p1|Volcarona, L50, M|\n|poke|p1|Chien-Pao, L50|\n|poke|p2|Ting-Lu, L50|\n|poke|p2|Baxcalibur, L50, M|\n|poke|p2|Amoonguss, L50, M|\n|poke|p2|Volcarona, L50, M|\n|poke|p2|Kingambit, L50, M|\n|poke|p2|Gyarados, L50, F|\n|teampreview|4\n|\n|t:|1681828409\n|start\n|switch|p1a: Gyarados|Gyarados, L50, F|100\/100\n|switch|p1b: Arcanine|Arcanine, L50, F|100\/100\n|switch|p2a: Ting-Lu|Ting-Lu, L50|100\/100\n|switch|p2b: Kingambit|Kingambit, L50, M|100\/100\n|-ability|p1b: Arcanine|Intimidate|boost\n|-unboost|p2a: Ting-Lu|atk|1\n|-unboost|p2b: Kingambit|atk|1\n|-ability|p2b: Kingambit|Defiant|boost\n|-boost|p2b: Kingambit|atk|2\n|-ability|p2a: Ting-Lu|Vessel of Ruin\n|turn|1\n|inactive|Battle timer is ON: inactive players will automatically lose when time's up. (requested by Ricardo Randorez)\n|\n|t:|1681828432\n|switch|p2a: Gyarados|Gyarados, L50, F|100\/100\n|-ability|p2a: Gyarados|Intimidate|boost\n|-fail|p1a: Gyarados|unboost|[from] item: Clear Amulet|[of] p1a: Gyarados\n|-unboost|p1b: Arcanine|atk|1\n|move|p1a: Gyarados|Dragon Dance|p1a: Gyarados\n|-boost|p1a: Gyarados|atk|1\n|-boost|p1a: Gyarados|spe|1\n|-enditem|p2a: Gyarados|Mirror Herb\n|-boost|p2a: Gyarados|atk|1|[from] item: Mirror Herb\n|-boost|p2a: Gyarados|spe|1|[from] item: Mirror Herb\n|move|p1b: Arcanine|Howl|p1b: Arcanine|[spread] p1a,p1b\n|-boost|p1a: Gyarados|atk|1\n|-boost|p1b: Arcanine|atk|1\n|move|p2b: Kingambit|Kowtow Cleave|p1b: Arcanine\n|-damage|p1b: Arcanine|26\/100\n|\n|upkeep\n|turn|2\n|inactive|Ricardo Randorez has 30 seconds left.\n|inactive|Ricardo Randorez has 20 seconds left.\n|\n|t:|1681828469\n|move|p1a: Gyarados|Protect|p1a: Gyarados\n|-singleturn|p1a: Gyarados|Protect\n|move|p2a: Gyarados|Waterfall|p1b: Arcanine\n|-supereffective|p1b: Arcanine\n|-damage|p1b: Arcanine|0 fnt\n|faint|p1b: Arcanine\n|move|p2b: Kingambit|Kowtow Cleave|p1a: Gyarados\n|-activate|p1a: Gyarados|move: Protect\n|\n|upkeep\n|\n|t:|1681828482\n|switch|p1b: Chien-Pao|Chien-Pao, L50|100\/100\n|-ability|p1b: Chien-Pao|Sword of Ruin\n|turn|3\n|\n|t:|1681828503\n|-terastallize|p1a: Gyarados|Flying\n|-terastallize|p2b: Kingambit|Psychic\n|move|p1b: Chien-Pao|Protect|p1b: Chien-Pao\n|-singleturn|p1b: Chien-Pao|Protect\n|move|p2b: Kingambit|Sucker Punch||[still]\n|-fail|p2b: Kingambit\n|move|p1a: Gyarados|Tera Blast|p2b: Kingambit\n|-damage|p2b: Kingambit|13\/100\n|move|p2a: Gyarados|Waterfall|p1b: Chien-Pao\n|-activate|p1b: Chien-Pao|move: Protect\n|\n|upkeep\n|turn|4\n|\n|t:|1681828522\n|switch|p2b: Baxcalibur|Baxcalibur, L50, M, shiny|100\/100\n|move|p1a: Gyarados|Tera Blast|p2b: Baxcalibur\n|-damage|p2b: Baxcalibur|0 fnt\n|faint|p2b: Baxcalibur\n|-ability|p1a: Gyarados|Moxie|boost\n|-boost|p1a: Gyarados|atk|1\n|move|p1b: Chien-Pao|Ice Spinner|p2a: Gyarados\n|-damage|p2a: Gyarados|47\/100\n|move|p2a: Gyarados|Waterfall|p1a: Gyarados\n|-damage|p1a: Gyarados|22\/100\n|\n|upkeep\n|\n|t:|1681828537\n|switch|p2b: Kingambit|Kingambit, L50, M, tera:Psychic|13\/100\n|turn|5\n|\n|t:|1681828546\n|move|p2b: Kingambit|Sucker Punch|p1a: Gyarados\n|-damage|p1a: Gyarados|0 fnt\n|faint|p1a: Gyarados\n|move|p1b: Chien-Pao|Ice Spinner|p2a: Gyarados\n|-damage|p2a: Gyarados|0 fnt\n|faint|p2a: Gyarados\n|\n|upkeep\n|\n|t:|1681828554\n|switch|p1a: Dragonite|Dragonite, L50, F|100\/100\n|switch|p2a: Ting-Lu|Ting-Lu, L50|100\/100\n|-ability|p2a: Ting-Lu|Vessel of Ruin\n|turn|6\n|\n|t:|1681828567\n|move|p1a: Dragonite|Extreme Speed|p2b: Kingambit\n|-damage|p2b: Kingambit|0 fnt\n|faint|p2b: Kingambit\n|move|p1b: Chien-Pao|Sacred Sword|p2a: Ting-Lu\n|-supereffective|p2a: Ting-Lu\n|-damage|p2a: Ting-Lu|47\/100\n|move|p2a: Ting-Lu|Heavy Slam|p1b: Chien-Pao\n|-supereffective|p1b: Chien-Pao\n|-damage|p1b: Chien-Pao|13\/100\n|\n|upkeep\n|turn|7\n|-message|Grx tournament forfeited.\n|\n|win|Ricardo Randorez\n|raw|Ricardo Randorez's rating: 1270 → 1289<\/strong> (+19 for winning)\n|raw|Grx tournament's rating: 1179 → 1160<\/strong> (-19 for losing)\n|l|\u2606Grx tournament\n","uploadtime":1681828581,"views":6,"p1id":"ricardorandorez","p2id":"grxtournament","formatid":"gen9vgc2023regulationc","rating":1160,"private":0,"password":""}