{"id":"gen9vgc2023regulationc-1854409403","p1":"previouslyunnamed","p2":"DjPr1me","format":"[Gen 9] VGC 2023 Regulation C","log":"|j|\u2606previouslyunnamed\n|j|\u2606DjPr1me\n|t:|1682807280\n|gametype|doubles\n|player|p1|previouslyunnamed|swimmerf-gen4|1162\n|player|p2|DjPr1me|acetrainer|1141\n|teamsize|p1|6\n|teamsize|p2|6\n|gen|9\n|tier|[Gen 9] VGC 2023 Regulation C\n|rated|\n|rule|Species Clause: Limit one of each Pok\u00e9mon\n|rule|Item Clause: Limit one of each item\n|clearpoke\n|poke|p1|Murkrow, L50, M|\n|poke|p1|Flutter Mane, L50|\n|poke|p1|Chi-Yu, L50|\n|poke|p1|Great Tusk, L50|\n|poke|p1|Tyranitar, L50, F|\n|poke|p1|Chien-Pao, L50|\n|poke|p2|Hawlucha, L50, F|\n|poke|p2|Indeedee-F, L50, F|\n|poke|p2|Sylveon, L50, M|\n|poke|p2|Amoonguss, L50, M|\n|poke|p2|Arcanine, L50, F|\n|poke|p2|Haxorus, L50, M|\n|teampreview|4\n|inactive|Battle timer is ON: inactive players will automatically lose when time's up. (requested by DjPr1me)\n|inactive|previouslyunnamed also wants the timer to be on.\n|c|\u2606previouslyunnamed|glhf\n|\n|t:|1682807306\n|start\n|switch|p1a: Murkrow|Murkrow, L50, M|100\/100\n|switch|p1b: Chi-Yu|Chi-Yu, L50|100\/100\n|switch|p2a: Arcanine|Arcanine, L50, F|100\/100\n|switch|p2b: Sylveon|Sylveon, L50, M|100\/100\n|-ability|p1b: Chi-Yu|Beads of Ruin\n|-ability|p2a: Arcanine|Intimidate|boost\n|-unboost|p1a: Murkrow|atk|1\n|-unboost|p1b: Chi-Yu|atk|1\n|turn|1\n|\n|t:|1682807330\n|switch|p2b: Haxorus|Haxorus, L50, M|100\/100\n|-ability|p2b: Haxorus|Mold Breaker\n|-terastallize|p1b: Chi-Yu|Ghost\n|move|p1a: Murkrow|Sunny Day|p1a: Murkrow\n|-weather|SunnyDay\n|move|p1b: Chi-Yu|Heat Wave|p2a: Arcanine|[spread] p2a,p2b\n|-resisted|p2a: Arcanine\n|-resisted|p2b: Haxorus\n|-damage|p2a: Arcanine|66\/100\n|-damage|p2b: Haxorus|57\/100\n|move|p2a: Arcanine|Howl|p2a: Arcanine|[spread] p2a,p2b\n|-boost|p2a: Arcanine|atk|1\n|-boost|p2b: Haxorus|atk|1\n|\n|-weather|SunnyDay|[upkeep]\n|upkeep\n|turn|2\n|inactive|DjPr1me has 30 seconds left.\n|\n|t:|1682807364\n|move|p1b: Chi-Yu|Protect|p1b: Chi-Yu\n|-singleturn|p1b: Chi-Yu|Protect\n|move|p1a: Murkrow|Tailwind|p1a: Murkrow\n|-sidestart|p1: previouslyunnamed|move: Tailwind\n|move|p2b: Haxorus|Iron Head|p1b: Chi-Yu\n|-activate|p1b: Chi-Yu|move: Protect\n|move|p2a: Arcanine|Flare Blitz|p1a: Murkrow\n|-damage|p1a: Murkrow|0 fnt\n|faint|p1a: Murkrow\n|-damage|p2a: Arcanine|38\/100|[from] Recoil\n|\n|-weather|SunnyDay|[upkeep]\n|upkeep\n|\n|t:|1682807377\n|switch|p1a: Chien-Pao|Chien-Pao, L50|100\/100\n|-ability|p1a: Chien-Pao|Sword of Ruin\n|turn|3\n|inactive|DjPr1me has 30 seconds left.\n|\n|t:|1682807408\n|switch|p2a: Indeedee|Indeedee-F, L50, F|100\/100\n|-fieldstart|move: Psychic Terrain|[from] ability: Psychic Surge|[of] p2a: Indeedee\n|move|p1a: Chien-Pao|Ice Spinner|p2b: Haxorus\n|-supereffective|p2b: Haxorus\n|-damage|p2b: Haxorus|0 fnt\n|-fieldend|move: Psychic Terrain\n|faint|p2b: Haxorus\n|move|p1b: Chi-Yu|Dark Pulse|p2a: Indeedee\n|-supereffective|p2a: Indeedee\n|-damage|p2a: Indeedee|0 fnt\n|faint|p2a: Indeedee\n|\n|-weather|SunnyDay|[upkeep]\n|upkeep\n|\n|t:|1682807424\n|switch|p2b: Arcanine|Arcanine, L50, F|38\/100\n|switch|p2a: Sylveon|Sylveon, L50, M|100\/100\n|-ability|p2b: Arcanine|Intimidate|boost\n|-unboost|p1a: Chien-Pao|atk|1\n|-unboost|p1b: Chi-Yu|atk|1\n|turn|4\n|\n|t:|1682807448\n|-terastallize|p2a: Sylveon|Fire\n|move|p2b: Arcanine|Protect|p2b: Arcanine\n|-singleturn|p2b: Arcanine|Protect\n|move|p1a: Chien-Pao|Ice Spinner|p2a: Sylveon\n|-resisted|p2a: Sylveon\n|-damage|p2a: Sylveon|86\/100\n|move|p1b: Chi-Yu|Dark Pulse|p2b: Arcanine\n|-activate|p2b: Arcanine|move: Protect\n|move|p2a: Sylveon|Calm Mind|p2a: Sylveon\n|-boost|p2a: Sylveon|spa|1\n|-boost|p2a: Sylveon|spd|1\n|\n|-weather|SunnyDay|[upkeep]\n|-heal|p2a: Sylveon|92\/100|[from] item: Leftovers\n|upkeep\n|turn|5\n|\n|t:|1682807468\n|move|p2b: Arcanine|Extreme Speed|p1a: Chien-Pao\n|-damage|p1a: Chien-Pao|72\/100\n|move|p1a: Chien-Pao|Throat Chop|p2a: Sylveon\n|-damage|p2a: Sylveon|62\/100\n|-start|p2a: Sylveon|Throat Chop|[silent]\n|move|p1b: Chi-Yu|Dark Pulse|p2b: Arcanine\n|-damage|p2b: Arcanine|0 fnt\n|faint|p2b: Arcanine\n|cant|p2a: Sylveon|move: Throat Chop\n|\n|-weather|none\n|-heal|p2a: Sylveon|68\/100|[from] item: Leftovers\n|-sideend|p1: previouslyunnamed|move: Tailwind\n|upkeep\n|turn|6\n|\n|t:|1682807489\n|move|p1a: Chien-Pao|Throat Chop|p2a: Sylveon\n|-damage|p2a: Sylveon|40\/100\n|move|p1b: Chi-Yu|Dark Pulse|p2a: Sylveon\n|-damage|p2a: Sylveon|14\/100\n|move|p2a: Sylveon|Tera Blast|p1a: Chien-Pao\n|-supereffective|p1a: Chien-Pao\n|-damage|p1a: Chien-Pao|0 fnt\n|faint|p1a: Chien-Pao\n|\n|-heal|p2a: Sylveon|20\/100|[from] item: Leftovers\n|-end|p2a: Sylveon|Throat Chop|[silent]\n|upkeep\n|\n|t:|1682807499\n|switch|p1a: Great Tusk|Great Tusk, L50|100\/100\n|turn|7\n|-message|DjPr1me forfeited.\n|\n|win|previouslyunnamed\n|raw|previouslyunnamed's rating: 1162 → 1185<\/strong> (+23 for winning)\n|raw|DjPr1me's rating: 1141 → 1118<\/strong> (-23 for losing)\n|l|\u2606DjPr1me\n","uploadtime":1682807510,"views":16,"p1id":"previouslyunnamed","p2id":"djpr1me","formatid":"gen9vgc2023regulationc","rating":1118,"private":0,"password":""}