{"id":"gen9vgc2023regulationc-1854990346","p1":"BFlac","p2":"Draxolotl","format":"[Gen 9] VGC 2023 Regulation C","log":"|j|\u2606BFlac\n|j|\u2606Draxolotl\n|t:|1682888438\n|gametype|doubles\n|player|p1|BFlac|170|\n|player|p2|Draxolotl|iris-gen5bw2|\n|teamsize|p1|5\n|teamsize|p2|6\n|gen|9\n|tier|[Gen 9] VGC 2023 Regulation C\n|rated|Tournament battle\n|rule|Species Clause: Limit one of each Pok\u00e9mon\n|rule|Item Clause: Limit one of each item\n|clearpoke\n|poke|p1|Iron Bundle, L50|\n|poke|p1|Tatsugiri, L50, F|\n|poke|p1|Dondozo, L50, F|\n|poke|p1|Chi-Yu, L50|\n|poke|p1|Flutter Mane, L50|\n|poke|p2|Dondozo, L50, F|\n|poke|p2|Tatsugiri-Stretchy, L50, M|\n|poke|p2|Pelipper, L50, M|\n|poke|p2|Chi-Yu, L50|\n|poke|p2|Flutter Mane, L50|\n|poke|p2|Klefki, L50, M|\n|teampreview|4\n|raw| Open Team Sheet for BFlac<\/summary>Iron Bundle @ Booster Energy Ability: Quark Drive Level: 50 Tera Type: Ice - Freeze-Dry - Hydro Pump - Icy Wind - Protect Tatsugiri @ Choice Scarf Ability: Commander Level: 50 Shiny: Yes Tera Type: Water - Draco Meteor - Muddy Water - Icy Wind - Sleep Talk Dondozo @ Leftovers Ability: Unaware Level: 50 Tera Type: Grass - Wave Crash - Earthquake - Yawn - Protect Chi-Yu @ Focus Sash Ability: Beads of Ruin Level: 50 Tera Type: Grass - Heat Wave - Snarl - Dark Pulse - Protect Flutter Mane @ Choice Specs Ability: Protosynthesis Level: 50 Tera Type: Fairy - Moonblast - Shadow Ball - Dazzling Gleam - Protect <\/details><\/div> Open Team Sheet for Draxolotl<\/summary>Donbozo (Dondozo) @ Leftovers Ability: Unaware Level: 50 Tera Type: Grass - Wave Crash - Order Up - Tera Blast - Protect Stretch those toes (Tatsugiri-Stretchy) @ Choice Scarf Ability: Commander Level: 50 Tera Type: Ice - Draco Meteor - Muddy Water - Icy Wind - Sleep Talk Pelipper @ Safety Goggles Ability: Drizzle Level: 50 Tera Type: Ghost - Hydro Pump - Hurricane - Tailwind - Wide Guard FEEEESH (Chi-Yu) @ Focus Sash Ability: Beads of Ruin Level: 50 Tera Type: Ghost - Overheat - Heat Wave - Dark Pulse - Protect FEESH BROTHER (Flutter Mane) @ Choice Specs Ability: Protosynthesis Level: 50 Tera Type: Fairy - Moonblast - Dazzling Gleam - Shadow Ball - Thunderbolt Keychain (Klefki) @ Light Clay Ability: Prankster Level: 50 Tera Type: Water - Reflect - Light Screen - Misty Terrain - Foul Play <\/details><\/div>\n|inactive|Battle timer is ON: inactive players will automatically lose when time's up. (requested by Draxolotl)\n|j| Wyvern129\n|j| Radio Free C-Side\n|c|\u2606BFlac|Glhf\n|j| Roshu\n|j| child Pikachu\n|j| Topperlecat\n|c|\u2606Draxolotl|u2\n|inactive|BFlac has 60 seconds left.\n|inactive|Draxolotl has 60 seconds left.\n|l| Topperlecat\n|\n|t:|1682888491\n|start\n|switch|p1a: Iron Bundle|Iron Bundle, L50|100\/100\n|switch|p1b: Flutter Mane|Flutter Mane, L50|100\/100\n|switch|p2a: Keychain|Klefki, L50, M|100\/100\n|switch|p2b: FEESH BROTHER|Flutter Mane, L50|100\/100\n|-enditem|p1a: Iron Bundle|Booster Energy\n|-activate|p1a: Iron Bundle|ability: Quark Drive|[fromitem]\n|-start|p1a: Iron Bundle|quarkdrivespe\n|turn|1\n|inactive|Draxolotl has 30 seconds left.\n|j| Ab0ve5029\n|\n|t:|1682888523\n|move|p1a: Iron Bundle|Protect|p1a: Iron Bundle\n|-singleturn|p1a: Iron Bundle|Protect\n|move|p2a: Keychain|Light Screen|p2a: Keychain\n|-sidestart|p2: Draxolotl|move: Light Screen\n|move|p1b: Flutter Mane|Moonblast|p2b: FEESH BROTHER\n|-damage|p2b: FEESH BROTHER|56\/100\n|move|p2b: FEESH BROTHER|Shadow Ball|p1b: Flutter Mane\n|-supereffective|p1b: Flutter Mane\n|-damage|p1b: Flutter Mane|0 fnt\n|faint|p1b: Flutter Mane\n|-end|p1b: Flutter Mane|Protosynthesis|[silent]\n|\n|upkeep\n|\n|t:|1682888544\n|switch|p1b: Tatsugiri|Tatsugiri, L50, F, shiny|100\/100\n|turn|2\n|\n|t:|1682888556\n|move|p2a: Keychain|Reflect|p2a: Keychain\n|-sidestart|p2: Draxolotl|Reflect\n|move|p1a: Iron Bundle|Freeze-Dry|p2b: FEESH BROTHER\n|-damage|p2b: FEESH BROTHER|33\/100\n|move|p1b: Tatsugiri|Muddy Water|p2b: FEESH BROTHER|[spread] p2a,p2b\n|-damage|p2a: Keychain|80\/100\n|-damage|p2b: FEESH BROTHER|11\/100\n|-unboost|p2b: FEESH BROTHER|accuracy|1\n|move|p2b: FEESH BROTHER|Shadow Ball|p1a: Iron Bundle\n|-damage|p1a: Iron Bundle|0 fnt\n|faint|p1a: Iron Bundle\n|-end|p1a: Iron Bundle|Quark Drive|[silent]\n|\n|upkeep\n|j| Topperlecat\n|\n|t:|1682888567\n|switch|p1a: Dondozo|Dondozo, L50, F|100\/100\n|-activate|p1b: Tatsugiri|ability: Commander|[of] p1a: Dondozo\n|-boost|p1a: Dondozo|atk|2\n|-boost|p1a: Dondozo|spa|2\n|-boost|p1a: Dondozo|spe|2\n|-boost|p1a: Dondozo|def|2\n|-boost|p1a: Dondozo|spd|2\n|turn|3\n|\n|t:|1682888585\n|move|p2a: Keychain|Misty Terrain|p2a: Keychain\n|-fieldstart|move: Misty Terrain\n|move|p2b: FEESH BROTHER|Shadow Ball|p1a: Dondozo\n|-damage|p1a: Dondozo|71\/100\n|move|p1a: Dondozo|Earthquake|p2a: Keychain|[spread] p2a,p2b\n|-miss|p1a: Dondozo|p1b: Tatsugiri\n|-supereffective|p2a: Keychain\n|-damage|p2a: Keychain|32\/100\n|-damage|p2b: FEESH BROTHER|0 fnt\n|faint|p2b: FEESH BROTHER\n|-end|p2b: FEESH BROTHER|Protosynthesis|[silent]\n|\n|-heal|p1a: Dondozo|78\/100|[from] item: Leftovers\n|upkeep\n|j| vicburgos\n|\n|t:|1682888598\n|switch|p2b: Donbozo|Dondozo, L50, F|100\/100\n|turn|4\n|\n|t:|1682888612\n|switch|p2a: Stretch those toes|Tatsugiri-Stretchy, L50, M|100\/100\n|-activate|p2a: Stretch those toes|ability: Commander|[of] p2b: Donbozo\n|-boost|p2b: Donbozo|atk|2\n|-boost|p2b: Donbozo|spa|2\n|-boost|p2b: Donbozo|spe|2\n|-boost|p2b: Donbozo|def|2\n|-boost|p2b: Donbozo|spd|2\n|-terastallize|p1a: Dondozo|Grass\n|-terastallize|p2b: Donbozo|Grass\n|move|p2b: Donbozo|Tera Blast|p1a: Dondozo\n|-resisted|p1a: Dondozo\n|-damage|p1a: Dondozo|70\/100\n|move|p1a: Dondozo|Earthquake|p2b: Donbozo|[spread] p2b\n|-miss|p1a: Dondozo|p1b: Tatsugiri\n|-miss|p1a: Dondozo|p2a: Stretch those toes\n|-resisted|p2b: Donbozo\n|-damage|p2b: Donbozo|97\/100\n|\n|-heal|p2b: Donbozo|100\/100|[from] item: Leftovers\n|-heal|p1a: Dondozo|76\/100|[from] item: Leftovers\n|upkeep\n|turn|5\n|l| child Pikachu\n|\n|t:|1682888632\n|move|p1a: Dondozo|Protect|p1a: Dondozo\n|-singleturn|p1a: Dondozo|Protect\n|move|p2b: Donbozo|Order Up|p1a: Dondozo\n|-activate|p1a: Dondozo|move: Protect\n|\n|-heal|p1a: Dondozo|82\/100|[from] item: Leftovers\n|upkeep\n|turn|6\n|j| NoraaW\n|\n|t:|1682888648\n|move|p2b: Donbozo|Order Up|p1a: Dondozo\n|-damage|p1a: Dondozo|76\/100\n|-boost|p2b: Donbozo|spe|1\n|move|p1a: Dondozo|Earthquake|p2b: Donbozo|[spread] p2b\n|-miss|p1a: Dondozo|p1b: Tatsugiri\n|-miss|p1a: Dondozo|p2a: Stretch those toes\n|-resisted|p2b: Donbozo\n|-damage|p2b: Donbozo|97\/100\n|\n|-heal|p2b: Donbozo|100\/100|[from] item: Leftovers\n|-heal|p1a: Dondozo|83\/100|[from] item: Leftovers\n|upkeep\n|turn|7\n|\n|t:|1682888663\n|move|p1a: Dondozo|Protect|p1a: Dondozo\n|-singleturn|p1a: Dondozo|Protect\n|move|p2b: Donbozo|Wave Crash|p1a: Dondozo\n|-activate|p1a: Dondozo|move: Protect\n|\n|-heal|p1a: Dondozo|89\/100|[from] item: Leftovers\n|-fieldend|Misty Terrain\n|upkeep\n|turn|8\n|\n|t:|1682888671\n|move|p2b: Donbozo|Wave Crash|p1a: Dondozo\n|-resisted|p1a: Dondozo\n|-damage|p1a: Dondozo|76\/100\n|-damage|p2b: Donbozo|96\/100|[from] Recoil\n|move|p1a: Dondozo|Yawn|p2b: Donbozo\n|-start|p2b: Donbozo|move: Yawn|[of] p1a: Dondozo\n|\n|-heal|p2b: Donbozo|100\/100|[from] item: Leftovers\n|-heal|p1a: Dondozo|82\/100|[from] item: Leftovers\n|-sideend|p2: Draxolotl|move: Light Screen\n|upkeep\n|turn|9\n|\n|t:|1682888684\n|move|p2b: Donbozo|Protect|p2b: Donbozo\n|-singleturn|p2b: Donbozo|Protect\n|move|p1a: Dondozo|Wave Crash|p2b: Donbozo\n|-activate|p2b: Donbozo|move: Protect\n|\n|-heal|p1a: Dondozo|88\/100|[from] item: Leftovers\n|-end|p2b: Donbozo|move: Yawn|[silent]\n|-status|p2b: Donbozo|slp\n|-sideend|p2: Draxolotl|Reflect\n|upkeep\n|turn|10\n|j| Eldegoss32\n|\n|t:|1682888692\n|cant|p2b: Donbozo|slp\n|move|p1a: Dondozo|Wave Crash|p2b: Donbozo\n|-resisted|p2b: Donbozo\n|-damage|p2b: Donbozo|86\/100 slp\n|-damage|p1a: Dondozo|84\/100|[from] Recoil\n|\n|-heal|p2b: Donbozo|92\/100 slp|[from] item: Leftovers\n|-heal|p1a: Dondozo|90\/100|[from] item: Leftovers\n|upkeep\n|turn|11\n|c| Radio Free C-Side|well this is fun\n|\n|t:|1682888701\n|cant|p2b: Donbozo|slp\n|move|p1a: Dondozo|Wave Crash|p2b: Donbozo\n|-resisted|p2b: Donbozo\n|-damage|p2b: Donbozo|77\/100 slp\n|-damage|p1a: Dondozo|86\/100|[from] Recoil\n|\n|-heal|p2b: Donbozo|83\/100 slp|[from] item: Leftovers\n|-heal|p1a: Dondozo|92\/100|[from] item: Leftovers\n|upkeep\n|turn|12\n|c| Topperlecat|Riveting gameplay\n|c| vicburgos|i see 63 turns\n|c|\u2606Draxolotl|yup\n|\n|t:|1682888712\n|-curestatus|p2b: Donbozo|slp|[msg]\n|move|p2b: Donbozo|Wave Crash|p1a: Dondozo\n|-resisted|p1a: Dondozo\n|-damage|p1a: Dondozo|81\/100\n|-damage|p2b: Donbozo|79\/100|[from] Recoil\n|move|p1a: Dondozo|Wave Crash|p2b: Donbozo\n|-resisted|p2b: Donbozo\n|-damage|p2b: Donbozo|65\/100\n|-damage|p1a: Dondozo|77\/100|[from] Recoil\n|\n|-heal|p2b: Donbozo|71\/100|[from] item: Leftovers\n|-heal|p1a: Dondozo|83\/100|[from] item: Leftovers\n|upkeep\n|turn|13\n|\n|t:|1682888726\n|move|p2b: Donbozo|Wave Crash|p1a: Dondozo\n|-resisted|p1a: Dondozo\n|-damage|p1a: Dondozo|72\/100\n|-damage|p2b: Donbozo|67\/100|[from] Recoil\n|move|p1a: Dondozo|Yawn|p2b: Donbozo\n|-start|p2b: Donbozo|move: Yawn|[of] p1a: Dondozo\n|\n|-heal|p2b: Donbozo|74\/100|[from] item: Leftovers\n|-heal|p1a: Dondozo|79\/100|[from] item: Leftovers\n|upkeep\n|turn|14\n|\n|t:|1682888735\n|move|p2b: Donbozo|Wave Crash|p1a: Dondozo\n|-resisted|p1a: Dondozo\n|-damage|p1a: Dondozo|67\/100\n|-damage|p2b: Donbozo|69\/100|[from] Recoil\n|move|p1a: Dondozo|Wave Crash|p2b: Donbozo\n|-resisted|p2b: Donbozo\n|-damage|p2b: Donbozo|55\/100\n|-damage|p1a: Dondozo|63\/100|[from] Recoil\n|\n|-heal|p2b: Donbozo|62\/100|[from] item: Leftovers\n|-heal|p1a: Dondozo|69\/100|[from] item: Leftovers\n|-end|p2b: Donbozo|move: Yawn|[silent]\n|-status|p2b: Donbozo|slp\n|upkeep\n|turn|15\n|l| NoraaW\n|\n|t:|1682888747\n|cant|p2b: Donbozo|slp\n|move|p1a: Dondozo|Wave Crash|p2b: Donbozo\n|-resisted|p2b: Donbozo\n|-damage|p2b: Donbozo|47\/100 slp\n|-damage|p1a: Dondozo|65\/100|[from] Recoil\n|\n|-heal|p2b: Donbozo|54\/100 slp|[from] item: Leftovers\n|-heal|p1a: Dondozo|71\/100|[from] item: Leftovers\n|upkeep\n|turn|16\n|j| NoraaW\n|\n|t:|1682888759\n|-curestatus|p2b: Donbozo|slp|[msg]\n|move|p2b: Donbozo|Wave Crash|p1a: Dondozo\n|-resisted|p1a: Dondozo\n|-damage|p1a: Dondozo|59\/100\n|-damage|p2b: Donbozo|49\/100|[from] Recoil\n|move|p1a: Dondozo|Wave Crash|p2b: Donbozo\n|-resisted|p2b: Donbozo\n|-damage|p2b: Donbozo|36\/100\n|-damage|p1a: Dondozo|55\/100|[from] Recoil\n|\n|-heal|p2b: Donbozo|42\/100|[from] item: Leftovers\n|-heal|p1a: Dondozo|61\/100|[from] item: Leftovers\n|upkeep\n|turn|17\n|\n|t:|1682888773\n|move|p2b: Donbozo|Wave Crash|p1a: Dondozo\n|-resisted|p1a: Dondozo\n|-damage|p1a: Dondozo|50\/100\n|-damage|p2b: Donbozo|38\/100|[from] Recoil\n|move|p1a: Dondozo|Yawn|p2b: Donbozo\n|-start|p2b: Donbozo|move: Yawn|[of] p1a: Dondozo\n|\n|-heal|p2b: Donbozo|44\/100|[from] item: Leftovers\n|-heal|p1a: Dondozo|56\/100|[from] item: Leftovers\n|upkeep\n|turn|18\n|\n|t:|1682888782\n|move|p2b: Donbozo|Wave Crash|p1a: Dondozo\n|-resisted|p1a: Dondozo\n|-damage|p1a: Dondozo|44\/100\n|-damage|p2b: Donbozo|39\/100|[from] Recoil\n|move|p1a: Dondozo|Wave Crash|p2b: Donbozo\n|-resisted|p2b: Donbozo\n|-damage|p2b: Donbozo|26\/100\n|-damage|p1a: Dondozo|40\/100|[from] Recoil\n|\n|-heal|p2b: Donbozo|32\/100|[from] item: Leftovers\n|-heal|p1a: Dondozo|46\/100|[from] item: Leftovers\n|-end|p2b: Donbozo|move: Yawn|[silent]\n|-status|p2b: Donbozo|slp\n|upkeep\n|turn|19\n|\n|t:|1682888794\n|cant|p2b: Donbozo|slp\n|move|p1a: Dondozo|Wave Crash|p2b: Donbozo\n|-resisted|p2b: Donbozo\n|-damage|p2b: Donbozo|16\/100 slp\n|-damage|p1a: Dondozo|42\/100|[from] Recoil\n|\n|-heal|p2b: Donbozo|22\/100 slp|[from] item: Leftovers\n|-heal|p1a: Dondozo|48\/100|[from] item: Leftovers\n|upkeep\n|turn|20\n|\n|t:|1682888805\n|cant|p2b: Donbozo|slp\n|move|p1a: Dondozo|Wave Crash|p2b: Donbozo\n|-resisted|p2b: Donbozo\n|-damage|p2b: Donbozo|8\/100 slp\n|-damage|p1a: Dondozo|44\/100|[from] Recoil\n|\n|-heal|p2b: Donbozo|14\/100 slp|[from] item: Leftovers\n|-heal|p1a: Dondozo|50\/100|[from] item: Leftovers\n|upkeep\n|turn|21\n|\n|t:|1682888814\n|cant|p2b: Donbozo|slp\n|move|p1a: Dondozo|Wave Crash|p2b: Donbozo\n|-resisted|p2b: Donbozo\n|-damage|p2b: Donbozo|0 fnt\n|faint|p2b: Donbozo\n|-damage|p1a: Dondozo|46\/100|[from] Recoil\n|\n|-heal|p1a: Dondozo|52\/100|[from] item: Leftovers\n|upkeep\n|\n|t:|1682888821\n|switch|p2b: Keychain|Klefki, L50, M|32\/100\n|turn|22\n|c| Radio Free C-Side|ok now that that's over\n|c|\u2606Draxolotl|yeah\n|c| Radio Free C-Side|drax why the fuck did you not protect once\n|inactive|Draxolotl has 30 seconds left.\n|\n|t:|1682888848\n|move|p1a: Dondozo|Protect|p1a: Dondozo\n|-singleturn|p1a: Dondozo|Protect\n|move|p2b: Keychain|Reflect|p2b: Keychain\n|-sidestart|p2: Draxolotl|Reflect\n|move|p2a: Stretch those toes|Icy Wind|p1b: Tatsugiri|[spread] \n|-miss|p2a: Stretch those toes|p1b: Tatsugiri\n|-activate|p1a: Dondozo|move: Protect\n|\n|-heal|p1a: Dondozo|58\/100|[from] item: Leftovers\n|upkeep\n|turn|23\n|c|\u2606Draxolotl|idek\n|l| NoraaW\n|\n|t:|1682888860\n|move|p2a: Stretch those toes|Icy Wind|p1b: Tatsugiri|[spread] p1a\n|-miss|p2a: Stretch those toes|p1b: Tatsugiri\n|-supereffective|p1a: Dondozo\n|-damage|p1a: Dondozo|44\/100\n|-unboost|p1a: Dondozo|spe|1\n|move|p2b: Keychain|Foul Play|p1a: Dondozo\n|-damage|p1a: Dondozo|39\/100\n|move|p1a: Dondozo|Earthquake|p2a: Stretch those toes|[spread] p2a,p2b\n|-miss|p1a: Dondozo|p1b: Tatsugiri\n|-supereffective|p2b: Keychain\n|-damage|p2a: Stretch those toes|61\/100\n|-damage|p2b: Keychain|0 fnt\n|faint|p2b: Keychain\n|\n|-heal|p1a: Dondozo|46\/100|[from] item: Leftovers\n|upkeep\n|turn|24\n|\n|t:|1682888874\n|move|p1a: Dondozo|Protect|p1a: Dondozo\n|-singleturn|p1a: Dondozo|Protect\n|move|p2a: Stretch those toes|Icy Wind|p1b: Tatsugiri|[spread] \n|-miss|p2a: Stretch those toes|p1b: Tatsugiri\n|-activate|p1a: Dondozo|move: Protect\n|\n|-heal|p1a: Dondozo|52\/100|[from] item: Leftovers\n|upkeep\n|turn|25\n|c|\u2606Draxolotl|yeah gg\n|-message|Draxolotl forfeited.\n|\n|win|BFlac\n|n|\u2606BFlac|bflac\n|n|\u2606Draxolotl|draxolotl\n|n| Wyvern129|wyvern129\n|n| Radio Free C-Side|radiofreecside\n|n| Roshu|roshu\n|n| Ab0ve5029|ab0ve5029\n|n| Topperlecat|topperlecat\n|n| vicburgos|vicburgos\n|n| Eldegoss32|eldegoss32\n","uploadtime":1682888884,"views":6,"p1id":"bflac","p2id":"draxolotl","formatid":"gen9vgc2023regulationc","rating":0,"private":0,"password":""}