{"id":"gen9vgc2023regulationc-1848575825","p1":"That_Leek","p2":"pacho0","format":"[Gen 9] VGC 2023 Regulation C","log":"|j|\u2606That_Leek\n|j|\u2606pacho0\n|t:|1682091356\n|gametype|doubles\n|player|p1|That_Leek|blue-masters|1187\n|player|p2|pacho0|n|1155\n|teamsize|p1|6\n|teamsize|p2|6\n|gen|9\n|tier|[Gen 9] VGC 2023 Regulation C\n|rated|\n|rule|Species Clause: Limit one of each Pok\u00e9mon\n|rule|Item Clause: Limit one of each item\n|clearpoke\n|poke|p1|Gholdengo, L50|\n|poke|p1|Gyarados, L50, F|\n|poke|p1|Tyranitar, L50, M|\n|poke|p1|Maushold-Four, L50|\n|poke|p1|Annihilape, L50, M|\n|poke|p1|Volcarona, L50, M|\n|poke|p2|Ting-Lu, L50|\n|poke|p2|Spiritomb, L50, F|\n|poke|p2|Amoonguss, L50, M|\n|poke|p2|Arcanine, L50, F|\n|poke|p2|Azumarill, L50, M|\n|poke|p2|Torkoal, L50, M|\n|teampreview|4\npacho0 has agreed to open team sheets.\nThat_Leek has agreed to open team sheets.\n|\n|t:|1682091406\n|start\n|switch|p1a: Annihilape|Annihilape, L50, M|100\/100\n|switch|p1b: Maushold|Maushold-Four, L50|100\/100\n|switch|p2a: Spiritomb|Spiritomb, L50, F|100\/100\n|switch|p2b: Amoonguss|Amoonguss, L50, M, shiny|100\/100\n|turn|1\n|\n|t:|1682091416\n|move|p2b: Amoonguss|Protect|p2b: Amoonguss\n|-singleturn|p2b: Amoonguss|Protect\n|move|p1b: Maushold|Beat Up|p1a: Annihilape\n|-damage|p1a: Annihilape|98\/100\n|-damage|p1a: Annihilape|96\/100\n|-damage|p1a: Annihilape|94\/100\n|-damage|p1a: Annihilape|91\/100\n|-hitcount|p1a: Annihilape|4\n|move|p1a: Annihilape|Rage Fist|p2b: Amoonguss\n|-activate|p2b: Amoonguss|move: Protect\n|move|p2a: Spiritomb|Will-O-Wisp|p1a: Annihilape\n|-status|p1a: Annihilape|brn\n|\n|-heal|p1a: Annihilape|98\/100 brn|[from] item: Leftovers\n|-damage|p1a: Annihilape|91\/100 brn|[from] brn\n|upkeep\n|turn|2\n|\n|t:|1682091460\n|switch|p2b: Ting-Lu|Ting-Lu, L50|100\/100\n|-ability|p2b: Ting-Lu|Vessel of Ruin\n|move|p1b: Maushold|Super Fang|p2b: Ting-Lu\n|-damage|p2b: Ting-Lu|50\/100\n|move|p1a: Annihilape|Rage Fist|p2b: Ting-Lu\n|-resisted|p2b: Ting-Lu\n|-damage|p2b: Ting-Lu|35\/100\n|move|p2a: Spiritomb|Trick Room|p2a: Spiritomb\n|-fieldstart|move: Trick Room|[of] p2a: Spiritomb\n|\n|-heal|p1a: Annihilape|98\/100 brn|[from] item: Leftovers\n|-damage|p1a: Annihilape|91\/100 brn|[from] brn\n|upkeep\n|turn|3\n|\n|t:|1682091486\n|switch|p1b: Gyarados|Gyarados, L50, F|100\/100\n|-ability|p1b: Gyarados|Intimidate|boost\n|-unboost|p2a: Spiritomb|atk|1\n|-unboost|p2b: Ting-Lu|atk|1\n|move|p2b: Ting-Lu|Fissure|p1a: Annihilape|[miss]\n|-miss|p2b: Ting-Lu|p1a: Annihilape\n|move|p2a: Spiritomb|Dark Pulse|p1a: Annihilape\n|-damage|p1a: Annihilape|75\/100 brn\n|move|p1a: Annihilape|Bulk Up|p1a: Annihilape\n|-boost|p1a: Annihilape|atk|1\n|-boost|p1a: Annihilape|def|1\n|\n|-heal|p1a: Annihilape|82\/100 brn|[from] item: Leftovers\n|-damage|p1a: Annihilape|75\/100 brn|[from] brn\n|upkeep\n|turn|4\n|\n|t:|1682091503\n|move|p1a: Annihilape|Protect|p1a: Annihilape\n|-singleturn|p1a: Annihilape|Protect\n|move|p2b: Ting-Lu|Stomping Tantrum|p1a: Annihilape\n|-activate|p1a: Annihilape|move: Protect\n|move|p2a: Spiritomb|Hex|p1a: Annihilape\n|-activate|p1a: Annihilape|move: Protect\n|move|p1b: Gyarados|Waterfall|p2b: Ting-Lu\n|-supereffective|p2b: Ting-Lu\n|-damage|p2b: Ting-Lu|0 fnt\n|faint|p2b: Ting-Lu\n|\n|-heal|p1a: Annihilape|82\/100 brn|[from] item: Leftovers\n|-damage|p1a: Annihilape|75\/100 brn|[from] brn\n|upkeep\n|\n|t:|1682091509\n|switch|p2b: Amoonguss|Amoonguss, L50, M, shiny|100\/100\n|turn|5\n|\n|t:|1682091522\n|switch|p1b: Maushold|Maushold-Four, L50|100\/100\n|-terastallize|p2b: Amoonguss|Dark\n|move|p2b: Amoonguss|Spore|p1b: Maushold\n|-activate|p1b: Maushold|item: Safety Goggles|Spore\n|move|p2a: Spiritomb|Hex|p1a: Annihilape\n|-supereffective|p1a: Annihilape\n|-damage|p1a: Annihilape|28\/100 brn\n|move|p1a: Annihilape|Rage Fist|p2b: Amoonguss\n|-resisted|p2b: Amoonguss\n|-damage|p2b: Amoonguss|39\/100\n|-damage|p1a: Annihilape|12\/100 brn|[from] item: Rocky Helmet|[of] p2b: Amoonguss\n|\n|-heal|p1a: Annihilape|18\/100 brn|[from] item: Leftovers\n|-damage|p1a: Annihilape|12\/100 brn|[from] brn\n|upkeep\n|turn|6\n|\n|t:|1682091537\n|move|p2b: Amoonguss|Protect|p2b: Amoonguss\n|-singleturn|p2b: Amoonguss|Protect\n|move|p1b: Maushold|Follow Me|p1b: Maushold\n|-singleturn|p1b: Maushold|move: Follow Me\n|move|p2a: Spiritomb|Hex|p1b: Maushold\n|-immune|p1b: Maushold\n|move|p1a: Annihilape|Drain Punch|p2b: Amoonguss\n|-activate|p2b: Amoonguss|move: Protect\n|\n|-heal|p1a: Annihilape|18\/100 brn|[from] item: Leftovers\n|-damage|p1a: Annihilape|12\/100 brn|[from] brn\n|-fieldend|move: Trick Room\n|upkeep\n|turn|7\n|\n|t:|1682091550\n|switch|p2b: Torkoal|Torkoal, L50, M|100\/100\n|-weather|SunnyDay|[from] ability: Drought|[of] p2b: Torkoal\n|move|p1b: Maushold|Follow Me|p1b: Maushold\n|-singleturn|p1b: Maushold|move: Follow Me\n|move|p1a: Annihilape|Rage Fist|p2a: Spiritomb\n|-damage|p2a: Spiritomb|0 fnt\n|faint|p2a: Spiritomb\n|\n|-weather|SunnyDay|[upkeep]\n|-heal|p1a: Annihilape|18\/100 brn|[from] item: Leftovers\n|-damage|p1a: Annihilape|12\/100 brn|[from] brn\n|upkeep\n|\n|t:|1682091559\n|switch|p2a: Amoonguss|Amoonguss, L50, M, shiny, tera:Dark|72\/100\n|turn|8\n|inactive|Battle timer is ON: inactive players will automatically lose when time's up. (requested by pacho0)\n|\n|t:|1682091567\n|move|p2a: Amoonguss|Rage Powder|p2a: Amoonguss\n|-singleturn|p2a: Amoonguss|move: Rage Powder\n|move|p1b: Maushold|Super Fang|p2b: Torkoal|[miss]\n|-miss|p1b: Maushold|p2b: Torkoal\n|move|p1a: Annihilape|Drain Punch|p2a: Amoonguss\n|-supereffective|p2a: Amoonguss\n|-damage|p2a: Amoonguss|22\/100\n|-heal|p1a: Annihilape|38\/100 brn|[from] drain|[of] p2a: Amoonguss\n|-damage|p1a: Annihilape|22\/100 brn|[from] item: Rocky Helmet|[of] p2a: Amoonguss\n|move|p2b: Torkoal|Eruption|p1b: Maushold|[spread] p1a,p1b\n|-damage|p1a: Annihilape|0 fnt\n|-damage|p1b: Maushold|0 fnt\n|faint|p1a: Annihilape\n|faint|p1b: Maushold\n|\n|-weather|SunnyDay|[upkeep]\n|upkeep\n|\n|t:|1682091572\n|switch|p1b: Tyranitar|Tyranitar, L50, M|100\/100\n|switch|p1a: Gyarados|Gyarados, L50, F|100\/100\n|-ability|p1a: Gyarados|Intimidate|boost\n|-unboost|p2a: Amoonguss|atk|1\n|-unboost|p2b: Torkoal|atk|1\n|-weather|Sandstorm|[from] ability: Sand Stream|[of] p1b: Tyranitar\n|turn|9\n|\n|t:|1682091584\n|move|p2a: Amoonguss|Rage Powder|p2a: Amoonguss\n|-singleturn|p2a: Amoonguss|move: Rage Powder\n|move|p1a: Gyarados|Waterfall|p2a: Amoonguss\n|-damage|p2a: Amoonguss|0 fnt\n|-damage|p1a: Gyarados|84\/100|[from] item: Rocky Helmet|[of] p2a: Amoonguss\n|faint|p2a: Amoonguss\n|move|p1b: Tyranitar|Rock Slide|p2b: Torkoal\n|-supereffective|p2b: Torkoal\n|-damage|p2b: Torkoal|36\/100\n|move|p2b: Torkoal|Eruption|p1b: Tyranitar|[spread] p1a,p1b\n|-resisted|p1a: Gyarados\n|-resisted|p1b: Tyranitar\n|-damage|p1a: Gyarados|73\/100\n|-damage|p1b: Tyranitar|96\/100\n|\n|-weather|Sandstorm|[upkeep]\n|-damage|p1a: Gyarados|67\/100|[from] Sandstorm\n|-damage|p2b: Torkoal|30\/100|[from] Sandstorm\n|upkeep\n|turn|10\n|c|\u2606pacho0|GG\n|c|\u2606That_Leek|Gg\n|-message|pacho0 forfeited.\n|\n|win|That_Leek\n|raw|That_Leek's rating: 1187 → 1210<\/strong> (+23 for winning)\n|raw|pacho0's rating: 1155 → 1132<\/strong> (-23 for losing)\n|l|\u2606pacho0\n","uploadtime":1682091612,"views":7,"p1id":"thatleek","p2id":"pacho0","formatid":"gen9vgc2023regulationc","rating":1132,"private":0,"password":""}