{"id":"gen9vgc2023regulationc-1845164721","p1":"kwantumvgc","p2":"Atiko0928","format":"[Gen 9] VGC 2023 Regulation C","log":"|j|\u2606kwantumvgc\n|j|\u2606Atiko0928\n|t:|1681691287\n|gametype|doubles\n|player|p1|kwantumvgc|266|1206\n|player|p2|Atiko0928|parasollady|1224\n|teamsize|p1|6\n|teamsize|p2|6\n|gen|9\n|tier|[Gen 9] VGC 2023 Regulation C\n|rated|\n|rule|Species Clause: Limit one of each Pok\u00e9mon\n|rule|Item Clause: Limit one of each item\n|clearpoke\n|poke|p1|Volcarona, L50, M|\n|poke|p1|Wo-Chien, L50|\n|poke|p1|Grimmsnarl, L50, M|\n|poke|p1|Azumarill, L50, M|\n|poke|p1|Glimmora, L50, M|\n|poke|p1|Flutter Mane, L50|\n|poke|p2|Garchomp, L50, F|\n|poke|p2|Corviknight, L50, F|\n|poke|p2|Chi-Yu, L50|\n|poke|p2|Flutter Mane, L50|\n|poke|p2|Amoonguss, L50, F|\n|poke|p2|Ting-Lu, L50|\n|teampreview|4\nkwantumvgc has agreed to open team sheets.\n|inactive|Battle timer is ON: inactive players will automatically lose when time's up. (requested by kwantumvgc)\n|inactive|kwantumvgc has 60 seconds left.\n|inactive|Atiko0928 has 60 seconds left.\n|\n|t:|1681691325\n|start\n|switch|p1a: Volcarona|Volcarona, L50, M|100\/100\n|switch|p1b: Azumarill|Azumarill, L50, M|100\/100\n|switch|p2a: Corviknight|Corviknight, L50, F|100\/100\n|switch|p2b: Ting-Lu|Ting-Lu, L50|100\/100\n|-ability|p2b: Ting-Lu|Vessel of Ruin\n|turn|1\n|\n|t:|1681691349\n|-terastallize|p2a: Corviknight|Poison\n|move|p1a: Volcarona|Heat Wave|p2a: Corviknight|[spread] p2a,p2b\n|-damage|p2a: Corviknight|81\/100\n|-damage|p2b: Ting-Lu|90\/100\n|move|p2a: Corviknight|Iron Head|p1b: Azumarill\n|-damage|p1b: Azumarill|73\/100\n|cant|p1b: Azumarill|flinch\n|move|p2b: Ting-Lu|Heavy Slam|p1b: Azumarill\n|-damage|p1b: Azumarill|41\/100\n|\n|upkeep\n|turn|2\n|\n|t:|1681691372\n|move|p1a: Volcarona|Rage Powder|p1a: Volcarona\n|-singleturn|p1a: Volcarona|move: Rage Powder\n|move|p2a: Corviknight|Bulk Up|p2a: Corviknight\n|-boost|p2a: Corviknight|atk|1\n|-boost|p2a: Corviknight|def|1\n|move|p1b: Azumarill|Play Rough|p2b: Ting-Lu\n|-supereffective|p2b: Ting-Lu\n|-damage|p2b: Ting-Lu|25\/100\n|move|p2b: Ting-Lu|Snarl|p1b: Azumarill|[spread] p1a,p1b\n|-resisted|p1b: Azumarill\n|-damage|p1a: Volcarona|94\/100\n|-damage|p1b: Azumarill|39\/100\n|-unboost|p1a: Volcarona|spa|1\n|-unboost|p1b: Azumarill|spa|1\n|\n|upkeep\n|turn|3\n|\n|t:|1681691393\n|switch|p2b: Amoonguss|Amoonguss, L50, F|100\/100\n|move|p1a: Volcarona|Rage Powder|p1a: Volcarona\n|-singleturn|p1a: Volcarona|move: Rage Powder\n|move|p1b: Azumarill|Aqua Jet|p2b: Amoonguss\n|-resisted|p2b: Amoonguss\n|-damage|p2b: Amoonguss|90\/100\n|move|p2a: Corviknight|Bulk Up|p2a: Corviknight\n|-boost|p2a: Corviknight|atk|1\n|-boost|p2a: Corviknight|def|1\n|\n|upkeep\n|turn|4\n|\n|t:|1681691408\n|switch|p1b: Wo-Chien|Wo-Chien, L50|100\/100\n|-ability|p1b: Wo-Chien|Tablets of Ruin\n|move|p2b: Amoonguss|Rage Powder|p2b: Amoonguss\n|-singleturn|p2b: Amoonguss|move: Rage Powder\n|move|p1a: Volcarona|Heat Wave|p2a: Corviknight|[spread] p2b\n|-miss|p1a: Volcarona|p2a: Corviknight\n|-supereffective|p2b: Amoonguss\n|-damage|p2b: Amoonguss|50\/100\n|-enditem|p2b: Amoonguss|Sitrus Berry|[eat]\n|-heal|p2b: Amoonguss|75\/100|[from] item: Sitrus Berry\n|move|p2a: Corviknight|Iron Head|p1b: Wo-Chien\n|-damage|p1b: Wo-Chien|68\/100\n|\n|-heal|p1b: Wo-Chien|74\/100|[from] item: Leftovers\n|upkeep\n|turn|5\n|inactive|Atiko0928 has 30 seconds left.\n|\n|t:|1681691435\n|-terastallize|p1b: Wo-Chien|Poison\n|move|p1a: Volcarona|Heat Wave|p2a: Corviknight|[spread] p2a,p2b\n|-supereffective|p2b: Amoonguss\n|-damage|p2a: Corviknight|65\/100\n|-damage|p2b: Amoonguss|40\/100\n|move|p1b: Wo-Chien|Leech Seed|p2a: Corviknight|[miss]\n|-miss|p1b: Wo-Chien|p2a: Corviknight\n|move|p2a: Corviknight|Brave Bird|p1b: Wo-Chien\n|-damage|p1b: Wo-Chien|29\/100\n|-damage|p2a: Corviknight|51\/100|[from] Recoil\n|move|p2b: Amoonguss|Spore|p1a: Volcarona\n|-status|p1a: Volcarona|slp|[from] move: Spore\n|\n|-heal|p1b: Wo-Chien|35\/100|[from] item: Leftovers\n|upkeep\n|turn|6\n|inactive|kwantumvgc has 30 seconds left.\n|\n|t:|1681691463\n|move|p1b: Wo-Chien|Protect|p1b: Wo-Chien\n|-singleturn|p1b: Wo-Chien|Protect\n|move|p2b: Amoonguss|Rage Powder|p2b: Amoonguss\n|-singleturn|p2b: Amoonguss|move: Rage Powder\n|cant|p1a: Volcarona|slp\n|move|p2a: Corviknight|Iron Head|p1b: Wo-Chien\n|-activate|p1b: Wo-Chien|move: Protect\n|\n|-heal|p1b: Wo-Chien|41\/100|[from] item: Leftovers\n|upkeep\n|turn|7\n|\n|t:|1681691478\n|-curestatus|p1a: Volcarona|slp|[msg]\n|move|p1a: Volcarona|Rage Powder|p1a: Volcarona\n|-singleturn|p1a: Volcarona|move: Rage Powder\n|move|p2b: Amoonguss|Rage Powder|p2b: Amoonguss\n|-singleturn|p2b: Amoonguss|move: Rage Powder\n|move|p1b: Wo-Chien|Leech Seed|p2b: Amoonguss\n|-immune|p2b: Amoonguss\n|move|p2a: Corviknight|Iron Head|p1a: Volcarona\n|-resisted|p1a: Volcarona\n|-damage|p1a: Volcarona|74\/100\n|-damage|p2a: Corviknight|34\/100|[from] item: Rocky Helmet|[of] p1a: Volcarona\n|-status|p2a: Corviknight|brn|[from] ability: Flame Body|[of] p1a: Volcarona\n|\n|-heal|p1b: Wo-Chien|47\/100|[from] item: Leftovers\n|-damage|p2a: Corviknight|28\/100 brn|[from] brn\n|upkeep\n|turn|8\n|inactive|Atiko0928 has 30 seconds left.\n|\n|t:|1681691511\n|move|p1b: Wo-Chien|Protect|p1b: Wo-Chien\n|-singleturn|p1b: Wo-Chien|Protect\n|move|p1a: Volcarona|Heat Wave|p2b: Amoonguss|[spread] p2a,p2b\n|-supereffective|p2b: Amoonguss\n|-damage|p2a: Corviknight|10\/100 brn\n|-damage|p2b: Amoonguss|2\/100\n|move|p2a: Corviknight|Brave Bird|p1a: Volcarona\n|-supereffective|p1a: Volcarona\n|-damage|p1a: Volcarona|8\/100\n|-damage|p2a: Corviknight|0 fnt|[from] item: Rocky Helmet|[of] p1a: Volcarona\n|faint|p2a: Corviknight\n|move|p2b: Amoonguss|Pollen Puff|p2: Corviknight|[notarget]\n|-fail|p2b: Amoonguss\n|\n|-heal|p1b: Wo-Chien|54\/100|[from] item: Leftovers\n|upkeep\n|\n|t:|1681691529\n|switch|p2a: Garchomp|Garchomp, L50, F|100\/100\n|turn|9\n|inactive|kwantumvgc has 30 seconds left.\n|inactive|Atiko0928 has 30 seconds left.\n|\n|t:|1681691556\n|switch|p2b: Ting-Lu|Ting-Lu, L50|25\/100\n|-ability|p2b: Ting-Lu|Vessel of Ruin\n|move|p1a: Volcarona|Protect|p1a: Volcarona\n|-singleturn|p1a: Volcarona|Protect\n|move|p2a: Garchomp|Iron Head|p1b: Wo-Chien\n|-damage|p1b: Wo-Chien|37\/100\n|move|p1b: Wo-Chien|Leech Seed|p2a: Garchomp|[miss]\n|-miss|p1b: Wo-Chien|p2a: Garchomp\n|\n|-heal|p1b: Wo-Chien|43\/100|[from] item: Leftovers\n|upkeep\n|turn|10\n|inactive|Atiko0928 has 30 seconds left.\n|\n|t:|1681691584\n|move|p2a: Garchomp|Iron Head|p1a: Volcarona\n|-resisted|p1a: Volcarona\n|-damage|p1a: Volcarona|0 fnt\n|-damage|p2a: Garchomp|84\/100|[from] item: Rocky Helmet|[of] p1a: Volcarona\n|faint|p1a: Volcarona\n|move|p1b: Wo-Chien|Pollen Puff|p2b: Ting-Lu\n|-supereffective|p2b: Ting-Lu\n|-damage|p2b: Ting-Lu|13\/100\n|move|p2b: Ting-Lu|Heavy Slam|p1b: Wo-Chien\n|-damage|p1b: Wo-Chien|24\/100\n|\n|-heal|p1b: Wo-Chien|30\/100|[from] item: Leftovers\n|upkeep\n|\n|t:|1681691597\n|switch|p1a: Flutter Mane|Flutter Mane, L50|100\/100\n|turn|11\n|\n|t:|1681691621\n|switch|p2b: Amoonguss|Amoonguss, L50, F|35\/100\n|move|p1a: Flutter Mane|Dazzling Gleam|p2b: Amoonguss|[spread] p2a,p2b\n|-supereffective|p2a: Garchomp\n|-resisted|p2b: Amoonguss\n|-damage|p2a: Garchomp|0 fnt\n|-damage|p2b: Amoonguss|16\/100\n|faint|p2a: Garchomp\n|move|p1b: Wo-Chien|Leech Seed|p2b: Amoonguss\n|-immune|p2b: Amoonguss\n|\n|-heal|p1b: Wo-Chien|36\/100|[from] item: Leftovers\n|upkeep\n|-message|Atiko0928 forfeited.\n|\n|win|kwantumvgc\n|raw|kwantumvgc's rating: 1206 → 1232<\/strong> (+26 for winning)\n|raw|Atiko0928's rating: 1224 → 1198<\/strong> (-26 for losing)\n|l|\u2606Atiko0928\n","uploadtime":1681691638,"views":13,"p1id":"kwantumvgc","p2id":"atiko0928","formatid":"gen9vgc2023regulationc","rating":1198,"private":0,"password":""}