{"id":"gen9vgc2023regulationc-1858680774","p1":"r2vgc","p2":"pieflamebelt","format":"[Gen 9] VGC 2023 Regulation C","log":"|j|\u2606r2vgc\n|j|\u2606pieflamebelt\n|t:|1683341652\n|gametype|doubles\n|player|p1|r2vgc|266|1133\n|player|p2|pieflamebelt|102|1068\n|teamsize|p1|6\n|teamsize|p2|6\n|gen|9\n|tier|[Gen 9] VGC 2023 Regulation C\n|rated|\n|rule|Species Clause: Limit one of each Pok\u00e9mon\n|rule|Item Clause: Limit one of each item\n|clearpoke\n|poke|p1|Maushold-Four, L50|\n|poke|p1|Annihilape, L50, F|\n|poke|p1|Gholdengo, L50|\n|poke|p1|Murkrow, L50, F|\n|poke|p1|Garchomp, L50, F|\n|poke|p1|Gyarados, L50, F|\n|poke|p2|Great Tusk, L50|\n|poke|p2|Torkoal, L50, F|\n|poke|p2|Flutter Mane, L50|\n|poke|p2|Baxcalibur, L50, F|\n|poke|p2|Jumpluff, L50, M|\n|poke|p2|Flareon, L50, M|\n|teampreview|4\nr2vgc has agreed to open team sheets.\n|\n|t:|1683341699\n|start\n|switch|p1a: Natters|Maushold-Four, L50|100\/100\n|switch|p1b: Panda|Annihilape, L50, F|100\/100\n|switch|p2a: Flutter Mane|Flutter Mane, L50|100\/100\n|switch|p2b: Jumpluff|Jumpluff, L50, M|100\/100\n|turn|1\n|\n|t:|1683341715\n|-terastallize|p1b: Panda|Poison\n|move|p2a: Flutter Mane|Protect|p2a: Flutter Mane\n|-singleturn|p2a: Flutter Mane|Protect\n|move|p1a: Natters|Follow Me|p1a: Natters\n|-singleturn|p1a: Natters|move: Follow Me\n|move|p2b: Jumpluff|U-turn|p1a: Natters\n|-damage|p1a: Natters|88\/100\n|\n|t:|1683341728\n|switch|p2b: Torkoal|Torkoal, L50, F|100\/100|[from] U-turn\n|-weather|SunnyDay|[from] ability: Drought|[of] p2b: Torkoal\n|-activate|p2a: Flutter Mane|ability: Protosynthesis\n|-start|p2a: Flutter Mane|protosynthesisspa\n|move|p1b: Panda|Rage Fist|p2a: Flutter Mane\n|-activate|p2a: Flutter Mane|move: Protect\n|\n|-weather|SunnyDay|[upkeep]\n|upkeep\n|turn|2\n|\n|t:|1683341772\n|-end|p2a: Flutter Mane|Protosynthesis|[silent]\n|switch|p2a: Jumpluff|Jumpluff, L50, M|100\/100\n|move|p1a: Natters|Super Fang|p2b: Torkoal\n|-damage|p2b: Torkoal|50\/100\n|move|p1b: Panda|Rage Fist|p2a: Jumpluff\n|-damage|p2a: Jumpluff|72\/100\n|move|p2b: Torkoal|Earth Power|p1b: Panda\n|-supereffective|p1b: Panda\n|-damage|p1b: Panda|59\/100\n|\n|-weather|SunnyDay|[upkeep]\n|-heal|p1b: Panda|65\/100|[from] item: Leftovers\n|upkeep\n|turn|3\n|\n|t:|1683341797\n|move|p2a: Jumpluff|Rage Powder|p2a: Jumpluff\n|-singleturn|p2a: Jumpluff|move: Rage Powder\n|move|p1a: Natters|Follow Me|p1a: Natters\n|-singleturn|p1a: Natters|move: Follow Me\n|move|p1b: Panda|Rage Fist|p2a: Jumpluff\n|-damage|p2a: Jumpluff|15\/100\n|move|p2b: Torkoal|Earth Power|p1a: Natters\n|-crit|p1a: Natters\n|-damage|p1a: Natters|16\/100\n|\n|-weather|SunnyDay|[upkeep]\n|-heal|p1b: Panda|72\/100|[from] item: Leftovers\n|upkeep\n|turn|4\n|\n|t:|1683341819\n|move|p2a: Jumpluff|Rage Powder|p2a: Jumpluff\n|-singleturn|p2a: Jumpluff|move: Rage Powder\n|move|p1a: Natters|Follow Me|p1a: Natters\n|-singleturn|p1a: Natters|move: Follow Me\n|move|p1b: Panda|Rage Fist|p2a: Jumpluff\n|-damage|p2a: Jumpluff|0 fnt\n|faint|p2a: Jumpluff\n|move|p2b: Torkoal|Earth Power|p1a: Natters\n|-damage|p1a: Natters|0 fnt\n|faint|p1a: Natters\n|\n|-weather|SunnyDay|[upkeep]\n|-heal|p1b: Panda|78\/100|[from] item: Leftovers\n|upkeep\n|\n|t:|1683341836\n|switch|p2a: Baxcalibur|Baxcalibur, L50, F|100\/100\n|switch|p1a: Garchomp|Garchomp, L50, F|100\/100\n|turn|5\n|\n|t:|1683341880\n|switch|p2b: Flutter Mane|Flutter Mane, L50|100\/100\n|-activate|p2b: Flutter Mane|ability: Protosynthesis\n|-start|p2b: Flutter Mane|protosynthesisspa\n|-terastallize|p2a: Baxcalibur|Ice\n|move|p2a: Baxcalibur|Ice Shard|p1a: Garchomp\n|-supereffective|p1a: Garchomp\n|-damage|p1a: Garchomp|0 fnt\n|faint|p1a: Garchomp\n|move|p1b: Panda|Rage Fist|p2a: Baxcalibur\n|-damage|p2a: Baxcalibur|54\/100\n|\n|-weather|none\n|-end|p2b: Flutter Mane|Protosynthesis\n|-heal|p1b: Panda|84\/100|[from] item: Leftovers\n|upkeep\n|\n|t:|1683341893\n|switch|p1a: Gholdengo|Gholdengo, L50|100\/100\n|turn|6\n|\n|t:|1683341909\n|move|p2b: Flutter Mane|Protect|p2b: Flutter Mane\n|-singleturn|p2b: Flutter Mane|Protect\n|move|p2a: Baxcalibur|Earthquake|p1b: Panda|[spread] p1a,p1b\n|-activate|p2b: Flutter Mane|move: Protect\n|-supereffective|p1a: Gholdengo\n|-supereffective|p1b: Panda\n|-damage|p1a: Gholdengo|42\/100\n|-damage|p1b: Panda|30\/100\n|move|p1a: Gholdengo|Make It Rain|p2b: Flutter Mane|[spread] p2a\n|-activate|p2b: Flutter Mane|move: Protect\n|-supereffective|p2a: Baxcalibur\n|-damage|p2a: Baxcalibur|0 fnt\n|-unboost|p1a: Gholdengo|spa|1\n|faint|p2a: Baxcalibur\n|move|p1b: Panda|Drain Punch|p2b: Flutter Mane\n|-activate|p2b: Flutter Mane|move: Protect\n|\n|-heal|p1b: Panda|36\/100|[from] item: Leftovers\n|upkeep\n|\n|t:|1683341930\n|switch|p2a: Torkoal|Torkoal, L50, F|50\/100\n|-weather|SunnyDay|[from] ability: Drought|[of] p2a: Torkoal\n|-activate|p2b: Flutter Mane|ability: Protosynthesis\n|-start|p2b: Flutter Mane|protosynthesisspa\n|turn|7\n|\n|t:|1683341943\n|move|p1a: Gholdengo|Make It Rain|p2a: Torkoal|[spread] p2a,p2b\n|-resisted|p2a: Torkoal\n|-supereffective|p2b: Flutter Mane\n|-damage|p2a: Torkoal|14\/100\n|-damage|p2b: Flutter Mane|10\/100\n|-unboost|p1a: Gholdengo|spa|1\n|move|p1b: Panda|Rage Fist|p2a: Torkoal\n|-damage|p2a: Torkoal|0 fnt\n|faint|p2a: Torkoal\n|move|p2b: Flutter Mane|Shadow Ball|p1a: Gholdengo\n|-supereffective|p1a: Gholdengo\n|-crit|p1a: Gholdengo\n|-damage|p1a: Gholdengo|0 fnt\n|faint|p1a: Gholdengo\n|\n|-weather|SunnyDay|[upkeep]\n|-heal|p1b: Panda|42\/100|[from] item: Leftovers\n|upkeep\n|turn|8\n|\n|t:|1683341962\n|move|p2b: Flutter Mane|Protect|p2b: Flutter Mane\n|-singleturn|p2b: Flutter Mane|Protect\n|move|p1b: Panda|Rage Fist|p2b: Flutter Mane\n|-activate|p2b: Flutter Mane|move: Protect\n|\n|-weather|SunnyDay|[upkeep]\n|-heal|p1b: Panda|48\/100|[from] item: Leftovers\n|upkeep\n|turn|9\n|\n|t:|1683341972\n|move|p1b: Panda|Rage Fist|p2b: Flutter Mane\n|-supereffective|p2b: Flutter Mane\n|-damage|p2b: Flutter Mane|0 fnt\n|faint|p2b: Flutter Mane\n|-end|p2b: Flutter Mane|Protosynthesis|[silent]\n|\n|win|r2vgc\n|raw|r2vgc's rating: 1133 → 1153<\/strong> (+20 for winning)\n|raw|pieflamebelt's rating: 1068 → 1052<\/strong> (-16 for losing)\n","uploadtime":1683341979,"views":13,"p1id":"r2vgc","p2id":"pieflamebelt","formatid":"gen9vgc2023regulationc","rating":1052,"private":0,"password":""}