{"id":"gen9vgc2023regulationc-1848710681","p1":"MarioReLSD","p2":"Otark","format":"[Gen 9] VGC 2023 Regulation C","log":"|j|\u2606MarioReLSD\n|j|\u2606Otark\n|t:|1682102912\n|gametype|doubles\n|player|p1|MarioReLSD|pokemonranger-gen4|\n|player|p2|Otark|lucas|\n|teamsize|p1|6\n|teamsize|p2|6\n|gen|9\n|tier|[Gen 9] VGC 2023 Regulation C\n|rule|Species Clause: Limit one of each Pok\u00e9mon\n|rule|Item Clause: Limit one of each item\n|clearpoke\n|poke|p1|Wo-Chien, L50|\n|poke|p1|Ting-Lu, L50|\n|poke|p1|Garganacl, L50, F|\n|poke|p1|Dondozo, L50, F|\n|poke|p1|Toxapex, L50, F|\n|poke|p1|Glimmora, L50, M|\n|poke|p2|Palafin, L50, M|\n|poke|p2|Flutter Mane, L50|\n|poke|p2|Arcanine, L50, M|\n|poke|p2|Ting-Lu, L50|\n|poke|p2|Amoonguss, L50, M|\n|poke|p2|Kingambit, L50, F|\n|teampreview|4\n|c|\u2606Otark|g1\nOtark has agreed to open team sheets.\n|j| FOU2SECONDS\n|j| Zsynaps\n|j| Sirwings\n|j| OmBrArch\n|j| Johan Liebenberg\n|c| Zsynaps|ALLEZ MIRLOOOO\n|c| OmBrArch|miiiiiiiiiiiiiiiiiiiiiiiiiiiiiiiiiiiiiiiiiiiiiiiiiiiiiiiiiiiiiiiiiiiiiiiiirlo\n|j| xKSr\nMarioReLSD has agreed to open team sheets.\n|c| Zsynaps|MIRLOOOOOOOOOOOOOOOOOOOOOOOOOOOO\n|j| beranmagudanarruwa\n|j| Masskeauuu\n|j| Brayz\n|j| RUF1 Mimil\n|c| OmBrArch|miiiiiiiiiiiiiiiiiiiiiiiiiiiiiiiiiiiiiiiiiiiiiiiiiiiiiiiiiiiiiiiiiiiiiiiiiiiiiiiiiiiiiiiiiiiiiiiiiiiiiiiiiiiiiiiiiiiiiiiiiiiiiiiiiiiiiiiiiiiiiiiiiiiiiirlo\n|j| Uxilon\n|c| RUF1 Mimil|dose\n|c|\u2606Otark|gl hf\n|j| tierlist fromages\n|c|\u2606MarioReLSD|glhf\n|j| wertsd26\n|c| Zsynaps|C\u2019est bon t\u2019a gagn\u00e9 chef j\u2019abandonne\n|j| Zenadark\n|j| Squash\n|j| Ectoboggan\n|l| Zsynaps\n|j| Hervalt\n|j| Lshfyxbz\n|j| Zsynaps\n|c| Squash|mimi fait ton taff la\n|l| Hervalt\n|j| Herv Zero to Hero\n|j| Jadiwi\n|c| Squash|fais*\n|c| RUF1 Mimil|pas les perms\n|\n|t:|1682103145\n|start\n|switch|p1a: Toxic|Toxapex, L50, F, shiny|100\/100\n|switch|p1b: Gimme More|Garganacl, L50, F|100\/100\n|switch|p2a: Karma|Amoonguss, L50, M|100\/100\n|switch|p2b: Samira|Flutter Mane, L50|100\/100\n|-enditem|p2b: Samira|Booster Energy\n|-activate|p2b: Samira|ability: Protosynthesis|[fromitem]\n|-start|p2b: Samira|protosynthesisspa\n|turn|1\n|c| Squash|osef du suspect flamigo\n|j| RoiDadadou\n|\n|t:|1682103171\n|move|p2b: Samira|Protect|p2b: Samira\n|-singleturn|p2b: Samira|Protect\n|move|p1a: Toxic|Infestation|p2a: Karma\n|-damage|p2a: Karma|98\/100\n|-activate|p2a: Karma|move: Infestation|[of] p1a: Toxic\n|-damage|p1a: Toxic|84\/100|[from] item: Rocky Helmet|[of] p2a: Karma\n|move|p1b: Gimme More|Salt Cure|p2b: Samira\n|-activate|p2b: Samira|move: Protect\n|move|p2a: Karma|Spore|p1a: Toxic\n|-activate|p1a: Toxic|item: Safety Goggles|Spore\n|\n|-damage|p2a: Karma|85\/100|[from] move: Infestation|[partiallytrapped]\n|upkeep\n|turn|2\n|j| Ryuji-Sensei\n|\n|t:|1682103198\n|-terastallize|p2b: Samira|Fairy\n|move|p2a: Karma|Protect|p2a: Karma\n|-singleturn|p2a: Karma|Protect\n|move|p2b: Samira|Moonblast|p1b: Gimme More\n|-damage|p1b: Gimme More|33\/100\n|move|p1a: Toxic|Toxic|p2b: Samira\n|-status|p2b: Samira|tox\n|move|p1b: Gimme More|Salt Cure|p2a: Karma\n|-activate|p2a: Karma|move: Protect\n|\n|-heal|p1b: Gimme More|39\/100|[from] item: Leftovers\n|-damage|p2b: Samira|95\/100 tox|[from] psn\n|-damage|p2a: Karma|73\/100|[from] move: Infestation|[partiallytrapped]\n|upkeep\n|turn|3\n|l| Ryuji-Sensei\n|\n|t:|1682103224\n|move|p1b: Gimme More|Protect|p1b: Gimme More\n|-singleturn|p1b: Gimme More|Protect\n|move|p2b: Samira|Moonblast|p1b: Gimme More\n|-activate|p1b: Gimme More|move: Protect\n|move|p1a: Toxic|Infestation|p2b: Samira\n|-resisted|p2b: Samira\n|-damage|p2b: Samira|93\/100 tox\n|-activate|p2b: Samira|move: Infestation|[of] p1a: Toxic\n|move|p2a: Karma|Spore|p1b: Gimme More\n|-activate|p1b: Gimme More|move: Protect\n|\n|-heal|p1b: Gimme More|44\/100|[from] item: Leftovers\n|-damage|p2b: Samira|82\/100 tox|[from] psn\n|-damage|p2b: Samira|70\/100 tox|[from] move: Infestation|[partiallytrapped]\n|-damage|p2a: Karma|61\/100|[from] move: Infestation|[partiallytrapped]\n|upkeep\n|turn|4\n|l| Jadiwi\n|j| Shiif\n|l| Shiif\n|j| Shiif\n|j| Hyss\n|l| Shiif\n|l| Hyss\n|\n|t:|1682103275\n|move|p2b: Samira|Moonblast|p1b: Gimme More\n|-damage|p1b: Gimme More|0 fnt\n|faint|p1b: Gimme More\n|move|p1a: Toxic|Recover|p1a: Toxic\n|-heal|p1a: Toxic|100\/100\n|move|p2a: Karma|Pollen Puff|p2b: Samira\n|-heal|p2b: Samira|100\/100 tox\n|\n|-damage|p2b: Samira|83\/100 tox|[from] psn\n|-damage|p2b: Samira|71\/100 tox|[from] move: Infestation|[partiallytrapped]\n|-damage|p2a: Karma|48\/100|[from] move: Infestation|[partiallytrapped]\n|upkeep\n|\n|t:|1682103287\n|switch|p1b: Circus|Dondozo, L50, F|100\/100\n|turn|5\n|\n|t:|1682103308\n|-terastallize|p1b: Circus|Steel\n|move|p1a: Toxic|Baneful Bunker|p1a: Toxic\n|-singleturn|p1a: Toxic|move: Protect\n|move|p2b: Samira|Moonblast|p1b: Circus\n|-resisted|p1b: Circus\n|-damage|p1b: Circus|71\/100\n|move|p1b: Circus|Fissure|p2a: Karma|[miss]\n|-miss|p1b: Circus|p2a: Karma\n|move|p2a: Karma|Spore|p1b: Circus\n|-status|p1b: Circus|slp|[from] move: Spore\n|-enditem|p1b: Circus|Chesto Berry|[eat]\n|-curestatus|p1b: Circus|slp|[msg]\n|\n|-damage|p2b: Samira|48\/100 tox|[from] psn\n|-damage|p2b: Samira|36\/100 tox|[from] move: Infestation|[partiallytrapped]\n|-end|p2a: Karma|Infestation|[partiallytrapped]\n|upkeep\n|turn|6\n|j| Shiif\n|\n|t:|1682103333\n|move|p2b: Samira|Shadow Ball|p1b: Circus\n|-damage|p1b: Circus|32\/100\n|move|p1a: Toxic|Infestation|p2a: Karma\n|-damage|p2a: Karma|46\/100\n|-activate|p2a: Karma|move: Infestation|[of] p1a: Toxic\n|-damage|p1a: Toxic|84\/100|[from] item: Rocky Helmet|[of] p2a: Karma\n|move|p1b: Circus|Fissure|p2a: Karma\n|-damage|p2a: Karma|0 fnt\n|faint|p2a: Karma\n|-ohko\n|\n|-damage|p2b: Samira|8\/100 tox|[from] psn\n|-damage|p2b: Samira|0 fnt|[from] move: Infestation|[partiallytrapped]\n|faint|p2b: Samira\n|-end|p2b: Samira|Protosynthesis|[silent]\n|upkeep\n|\n|t:|1682103344\n|switch|p2b: Leblanc|Kingambit, L50, F|100\/100\n|switch|p2a: Sett|Arcanine, L50, M|100\/100\n|-ability|p2a: Sett|Intimidate|boost\n|-unboost|p1a: Toxic|atk|1\n|-unboost|p1b: Circus|atk|1\n|turn|7\n|\n|t:|1682103366\n|move|p2a: Sett|Flare Blitz|p1b: Circus\n|-supereffective|p1b: Circus\n|-damage|p1b: Circus|0 fnt\n|faint|p1b: Circus\n|-damage|p2a: Sett|87\/100|[from] Recoil\n|move|p2b: Leblanc|Swords Dance|p2b: Leblanc\n|-boost|p2b: Leblanc|atk|2\n|move|p1a: Toxic|Toxic|p2a: Sett\n|-status|p2a: Sett|tox\n|\n|-damage|p2a: Sett|81\/100 tox|[from] psn\n|upkeep\n|\n|t:|1682103369\n|switch|p1b: Baby1MoreTime|Wo-Chien, L50|100\/100\n|-ability|p1b: Baby1MoreTime|Tablets of Ruin\n|turn|8\n|\n|t:|1682103398\n|move|p1b: Baby1MoreTime|Protect|p1b: Baby1MoreTime\n|-singleturn|p1b: Baby1MoreTime|Protect\n|move|p2a: Sett|Howl|p2a: Sett|[spread] p2a,p2b\n|-boost|p2a: Sett|atk|1\n|-boost|p2b: Leblanc|atk|1\n|move|p2b: Leblanc|Kowtow Cleave|p1a: Toxic\n|-damage|p1a: Toxic|11\/100\n|move|p1a: Toxic|Infestation|p2b: Leblanc\n|-damage|p2b: Leblanc|97\/100\n|-activate|p2b: Leblanc|move: Infestation|[of] p1a: Toxic\n|\n|-damage|p2a: Sett|69\/100 tox|[from] psn\n|-damage|p2b: Leblanc|85\/100|[from] move: Infestation|[partiallytrapped]\n|upkeep\n|turn|9\n|\n|t:|1682103414\n|move|p2a: Sett|Flare Blitz|p1b: Baby1MoreTime\n|-supereffective|p1b: Baby1MoreTime\n|-damage|p1b: Baby1MoreTime|19\/100\n|-enditem|p1b: Baby1MoreTime|Sitrus Berry|[eat]\n|-heal|p1b: Baby1MoreTime|44\/100|[from] item: Sitrus Berry\n|-damage|p2a: Sett|43\/100 tox|[from] Recoil\n|move|p1b: Baby1MoreTime|Foul Play|p2b: Leblanc\n|-resisted|p2b: Leblanc\n|-damage|p2b: Leblanc|32\/100\n|move|p2b: Leblanc|Kowtow Cleave|p1b: Baby1MoreTime\n|-resisted|p1b: Baby1MoreTime\n|-damage|p1b: Baby1MoreTime|5\/100\n|move|p1a: Toxic|Recover|p1a: Toxic\n|-heal|p1a: Toxic|61\/100\n|\n|-damage|p2a: Sett|25\/100 tox|[from] psn\n|-damage|p2b: Leblanc|20\/100|[from] move: Infestation|[partiallytrapped]\n|upkeep\n|turn|10\n|c| tierlist fromages|LIVE WO CHIEN REACTION\n|l| Shiif\n|j| Shiif\n|\n|t:|1682103457\n|move|p2a: Sett|Flare Blitz|p1b: Baby1MoreTime\n|-supereffective|p1b: Baby1MoreTime\n|-damage|p1b: Baby1MoreTime|0 fnt\n|faint|p1b: Baby1MoreTime\n|-damage|p2a: Sett|23\/100 tox|[from] Recoil\n|move|p2b: Leblanc|Kowtow Cleave|p1a: Toxic\n|-damage|p1a: Toxic|0 fnt\n|faint|p1a: Toxic\n|\n|win|Otark\n|l| Shiif\n|j| Shiif\n|c|\u2606Otark|gg\n|l| Zsynaps\n|l| Shiif\n|l| Lshfyxbz\n|l| RUF1 Mimil\n|l| Ectoboggan\n|c|\u2606MarioReLSD|gg\n|l| Zenadark\n|l| RoiDadadou\n|l| Masskeauuu\n|l| tierlist fromages\n|j| Jadiwi\n|l| Brayz\n|l| Jadiwi\n|l| xKSr\n|l| beranmagudanarruwa\n|l| wertsd26\n|l|\u2606MarioReLSD\n|l| Squash\n|l| Sirwings\n|l| Uxilon\n|j|+Brumirage\n|l|+Brumirage\n|l| Johan Liebenberg\n|j| palapapop\n|l| FOU2SECONDS\n","uploadtime":1682103469,"views":31,"p1id":"mariorelsd","p2id":"otark","formatid":"gen9vgc2023regulationc","rating":0,"private":0,"password":""}