{"id":"gen9vgc2023regulationc-1850389682","p1":"lateralvs","p2":"Totolaw","format":"[Gen 9] VGC 2023 Regulation C","log":"|j|\u2606lateralvs\n|j|\u2606Totolaw\n|t:|1682329504\n|gametype|doubles\n|player|p1|lateralvs|giovanni|1513\n|player|p2|Totolaw|265|1550\n|teamsize|p1|6\n|teamsize|p2|6\n|gen|9\n|tier|[Gen 9] VGC 2023 Regulation C\n|rated|\n|rule|Species Clause: Limit one of each Pok\u00e9mon\n|rule|Item Clause: Limit one of each item\n|clearpoke\n|poke|p1|Iron Jugulis, L50|\n|poke|p1|Garchomp, L50, M|\n|poke|p1|Gholdengo, L50|\n|poke|p1|Chien-Pao, L50|\n|poke|p1|Gyarados, L50, M|\n|poke|p1|Kingambit, L50, M|\n|poke|p2|Garganacl, L50, M|\n|poke|p2|Amoonguss, L50, M|\n|poke|p2|Arcanine, L50, M|\n|poke|p2|Chien-Pao, L50|\n|poke|p2|Palafin, L50, M|\n|poke|p2|Flutter Mane, L50|\n|teampreview|4\nlateralvs has agreed to open team sheets.\n|\n|t:|1682329527\n|start\n|switch|p1a: Iron Jugulis|Iron Jugulis, L50|100\/100\n|switch|p1b: Garchomp|Garchomp, L50, M|100\/100\n|switch|p2a: Garganacl|Garganacl, L50, M|100\/100\n|switch|p2b: Palafin|Palafin, L50, M|100\/100\n|-enditem|p1a: Iron Jugulis|Booster Energy\n|-activate|p1a: Iron Jugulis|ability: Quark Drive|[fromitem]\n|-start|p1a: Iron Jugulis|quarkdrivespe\n|turn|1\n|inactive|Battle timer is ON: inactive players will automatically lose when time's up. (requested by lateralvs)\n|inactive|Totolaw has 60 seconds left.\n|\n|t:|1682329598\n|detailschange|p2b: Palafin|Palafin-Hero, L50, M\n|switch|p2b: Amoonguss|Amoonguss, L50, M|100\/100\n|-terastallize|p2a: Garganacl|Ghost\n|move|p1a: Iron Jugulis|Tailwind|p1a: Iron Jugulis\n|-sidestart|p1: lateralvs|move: Tailwind\n|move|p1b: Garchomp|Stomping Tantrum|p2b: Amoonguss\n|-damage|p2b: Amoonguss|59\/100\n|-damage|p1b: Garchomp|84\/100|[from] item: Rocky Helmet|[of] p2b: Amoonguss\n|-damage|p1b: Garchomp|74\/100|[from] item: Life Orb\n|move|p2a: Garganacl|Salt Cure|p1b: Garchomp\n|-resisted|p1b: Garchomp\n|-damage|p1b: Garchomp|67\/100\n|-start|p1b: Garchomp|Salt Cure\n|\n|-damage|p1b: Garchomp|55\/100|[from] Salt Cure\n|upkeep\n|turn|2\n|inactive|lateralvs has 30 seconds left.\n|\n|t:|1682329627\n|move|p2b: Amoonguss|Protect|p2b: Amoonguss\n|-singleturn|p2b: Amoonguss|Protect\n|move|p1a: Iron Jugulis|Air Slash|p2b: Amoonguss\n|-activate|p2b: Amoonguss|move: Protect\n|move|p1b: Garchomp|Earthquake|p2a: Garganacl|[spread] p2a\n|-activate|p2b: Amoonguss|move: Protect\n|-immune|p1a: Iron Jugulis\n|-damage|p2a: Garganacl|69\/100\n|-damage|p1b: Garchomp|45\/100|[from] item: Life Orb\n|move|p2a: Garganacl|Salt Cure|p1a: Iron Jugulis\n|-supereffective|p1a: Iron Jugulis\n|-damage|p1a: Iron Jugulis|73\/100\n|-start|p1a: Iron Jugulis|Salt Cure\n|\n|-heal|p2a: Garganacl|74\/100|[from] item: Leftovers\n|-damage|p1a: Iron Jugulis|60\/100|[from] Salt Cure\n|-damage|p1b: Garchomp|33\/100|[from] Salt Cure\n|upkeep\n|turn|3\n|inactive|lateralvs has 30 seconds left.\n|inactive|Totolaw has 30 seconds left.\n|inactive|lateralvs has 20 seconds left.\n|inactive|Totolaw has 20 seconds left.\n|inactive|lateralvs has 15 seconds left.\n|inactive|Totolaw has 15 seconds left.\n|inactive|Totolaw has 10 seconds left.\n|inactive|Totolaw has 5 seconds left.\n|\n|t:|1682329682\n|move|p2b: Amoonguss|Protect||[still]\n|-fail|p2b: Amoonguss\n|move|p1a: Iron Jugulis|Air Slash|p2a: Garganacl\n|-damage|p2a: Garganacl|52\/100\n|move|p1b: Garchomp|Earthquake|p2b: Amoonguss|[spread] p2a,p2b\n|-immune|p1a: Iron Jugulis\n|-damage|p2a: Garganacl|18\/100\n|-damage|p2b: Amoonguss|20\/100\n|-damage|p1b: Garchomp|23\/100|[from] item: Life Orb\n|move|p2a: Garganacl|Salt Cure|p1b: Garchomp\n|-resisted|p1b: Garchomp\n|-damage|p1b: Garchomp|16\/100\n|\n|-heal|p2a: Garganacl|24\/100|[from] item: Leftovers\n|-damage|p1a: Iron Jugulis|48\/100|[from] Salt Cure\n|-damage|p1b: Garchomp|4\/100|[from] Salt Cure\n|upkeep\n|turn|4\n|inactive|lateralvs has 30 seconds left.\n|inactive|lateralvs has 20 seconds left.\n|inactive|lateralvs has 15 seconds left.\n|j| Conquistatore\n|\n|t:|1682329724\n|switch|p1b: Gholdengo|Gholdengo, L50|100\/100\n|move|p1a: Iron Jugulis|Protect|p1a: Iron Jugulis\n|-singleturn|p1a: Iron Jugulis|Protect\n|move|p2a: Garganacl|Wide Guard|p2a: Garganacl\n|-singleturn|p2a: Garganacl|Wide Guard\n|move|p2b: Amoonguss|Pollen Puff|p2a: Garganacl\n|-heal|p2a: Garganacl|73\/100\n|\n|-heal|p2a: Garganacl|79\/100|[from] item: Leftovers\n|-damage|p1a: Iron Jugulis|35\/100|[from] Salt Cure\n|-sideend|p1: lateralvs|move: Tailwind\n|upkeep\n|turn|5\n|inactive|Totolaw has 30 seconds left.\n|inactive|lateralvs has 30 seconds left.\n|inactive|Totolaw has 20 seconds left.\n|inactive|Totolaw has 15 seconds left.\n|inactive|Totolaw has 10 seconds left.\n|inactive|Totolaw has 5 seconds left.\n|\n|t:|1682329779\n|move|p2b: Amoonguss|Protect|p2b: Amoonguss\n|-singleturn|p2b: Amoonguss|Protect\n|move|p1a: Iron Jugulis|Tailwind|p1a: Iron Jugulis\n|-sidestart|p1: lateralvs|move: Tailwind\n|move|p1b: Gholdengo|Trick|p2a: Garganacl\n|-activate|p1b: Gholdengo|move: Trick|[of] p2a: Garganacl\n|-item|p2a: Garganacl|Choice Specs|[from] move: Trick\n|-item|p1b: Gholdengo|Leftovers|[from] move: Trick\n|move|p2a: Garganacl|Salt Cure|p1a: Iron Jugulis\n|-supereffective|p1a: Iron Jugulis\n|-damage|p1a: Iron Jugulis|8\/100\n|\n|-damage|p1a: Iron Jugulis|0 fnt|[from] Salt Cure\n|faint|p1a: Iron Jugulis\n|-end|p1a: Iron Jugulis|Quark Drive|[silent]\n|upkeep\n|\n|t:|1682329789\n|switch|p1a: Chien-Pao|Chien-Pao, L50|100\/100\n|-ability|p1a: Chien-Pao|Sword of Ruin\n|turn|6\n|inactive|lateralvs has 30 seconds left.\n|inactive|Totolaw has 30 seconds left.\n|inactive|Totolaw has 20 seconds left.\n|inactive|Totolaw has 15 seconds left.\n|inactive|Totolaw has 10 seconds left.\n|inactive|Totolaw has 5 seconds left.\n|\n|t:|1682329844\n|move|p2b: Amoonguss|Protect||[still]\n|-fail|p2b: Amoonguss\n|move|p1a: Chien-Pao|Sucker Punch|p2a: Garganacl\n|-supereffective|p2a: Garganacl\n|-crit|p2a: Garganacl\n|-damage|p2a: Garganacl|0 fnt\n|faint|p2a: Garganacl\n|move|p1b: Gholdengo|Make It Rain|p2b: Amoonguss\n|-damage|p2b: Amoonguss|0 fnt\n|-unboost|p1b: Gholdengo|spa|1\n|faint|p2b: Amoonguss\n|\n|upkeep\n|-message|Totolaw forfeited.\n|\n|win|lateralvs\n|raw|lateralvs's rating: 1494 → 1517<\/strong> (+23 for winning)\n|raw|Totolaw's rating: 1550 → 1527<\/strong> (-23 for losing)\n|l|\u2606Totolaw\n","uploadtime":1682329855,"views":27,"p1id":"lateralvs","p2id":"totolaw","formatid":"gen9vgc2023regulationc","rating":1517,"private":0,"password":""}