{"id":"gen9vgc2023regulationc-1856288240","p1":"Player350","p2":"Krib_Underscore","format":"[Gen 9] VGC 2023 Regulation C","log":"|j|\u2606Player350\n|j|\u2606Krib_Underscore\n|t:|1683047843\n|gametype|doubles\n|player|p1|Player350|steven|1100\n|player|p2|Krib_Underscore|dancer|1154\n|teamsize|p1|6\n|teamsize|p2|6\n|gen|9\n|tier|[Gen 9] VGC 2023 Regulation C\n|rated|\n|rule|Species Clause: Limit one of each Pok\u00e9mon\n|rule|Item Clause: Limit one of each item\n|clearpoke\n|poke|p1|Armarouge, L50, M|\n|poke|p1|Iron Bundle, L50|\n|poke|p1|Indeedee-F, L50, F|\n|poke|p1|Flutter Mane, L50|\n|poke|p1|Salamence, L50, M|\n|poke|p1|Garchomp, L50, M|\n|poke|p2|Armarouge, L50, M|\n|poke|p2|Indeedee-F, L50, F|\n|poke|p2|Great Tusk, L50|\n|poke|p2|Corviknight, L50, M|\n|poke|p2|Iron Bundle, L50|\n|poke|p2|Roaring Moon, L50|\n|teampreview|4\n|\n|t:|1683047866\n|start\n|switch|p1a: Iron Bundle|Iron Bundle, L50|100\/100\n|switch|p1b: Armarouge|Armarouge, L50, M|100\/100\n|switch|p2a: Knockoff Mega|Roaring Moon, L50|100\/100\n|switch|p2b: HoHoHomicide|Iron Bundle, L50|100\/100\n|-enditem|p1a: Iron Bundle|Booster Energy\n|-activate|p1a: Iron Bundle|ability: Quark Drive|[fromitem]\n|-start|p1a: Iron Bundle|quarkdrivespe\n|-enditem|p2a: Knockoff Mega|Booster Energy\n|-activate|p2a: Knockoff Mega|ability: Protosynthesis|[fromitem]\n|-start|p2a: Knockoff Mega|protosynthesisatk\n|turn|1\n|\n|t:|1683047898\n|move|p2a: Knockoff Mega|Protect|p2a: Knockoff Mega\n|-singleturn|p2a: Knockoff Mega|Protect\n|move|p1b: Armarouge|Protect|p1b: Armarouge\n|-singleturn|p1b: Armarouge|Protect\n|move|p1a: Iron Bundle|Freeze-Dry|p2b: HoHoHomicide\n|-damage|p2b: HoHoHomicide|25\/100\n|move|p2b: HoHoHomicide|Icy Wind|p1a: Iron Bundle|[spread] p1a\n|-activate|p1b: Armarouge|move: Protect\n|-resisted|p1a: Iron Bundle\n|-damage|p1a: Iron Bundle|91\/100\n|-unboost|p1a: Iron Bundle|spe|1\n|\n|upkeep\n|turn|2\n|\n|t:|1683047926\n|-end|p2b: HoHoHomicide|Quark Drive|[silent]\n|switch|p2b: Taxi Service|Corviknight, L50, M, shiny|100\/100\n|move|p1b: Armarouge|Wide Guard|p1b: Armarouge\n|-singleturn|p1b: Armarouge|Wide Guard\n|move|p1a: Iron Bundle|Freeze-Dry|p2b: Taxi Service\n|-damage|p2b: Taxi Service|63\/100\n|move|p2a: Knockoff Mega|Throat Chop|p1b: Armarouge\n|-supereffective|p1b: Armarouge\n|-damage|p1b: Armarouge|0 fnt\n|faint|p1b: Armarouge\n|\n|upkeep\n|\n|t:|1683047930\n|switch|p1b: Flutter Mane|Flutter Mane, L50|100\/100\n|turn|3\n|\n|t:|1683047960\n|move|p2a: Knockoff Mega|Protect|p2a: Knockoff Mega\n|-singleturn|p2a: Knockoff Mega|Protect\n|move|p1a: Iron Bundle|Freeze-Dry|p2b: Taxi Service\n|-damage|p2b: Taxi Service|30\/100\n|move|p1b: Flutter Mane|Moonblast|p2a: Knockoff Mega\n|-activate|p2a: Knockoff Mega|move: Protect\n|move|p2b: Taxi Service|Tailwind|p2b: Taxi Service\n|-sidestart|p2: Krib_Underscore|move: Tailwind\n|\n|upkeep\n|turn|4\n|\n|t:|1683047983\n|-terastallize|p2a: Knockoff Mega|Flying\n|move|p2a: Knockoff Mega|Acrobatics|p1b: Flutter Mane\n|-damage|p1b: Flutter Mane|0 fnt\n|faint|p1b: Flutter Mane\n|-end|p1b: Flutter Mane|Protosynthesis|[silent]\n|move|p1a: Iron Bundle|Freeze-Dry|p2b: Taxi Service\n|-damage|p2b: Taxi Service|0 fnt\n|faint|p2b: Taxi Service\n|\n|upkeep\n|\n|t:|1683047996\n|switch|p1b: Indeedee|Indeedee-F, L50, F|100\/100\n|switch|p2b: HoHoHomicide|Iron Bundle, L50|25\/100\n|-fieldstart|move: Psychic Terrain|[from] ability: Psychic Surge|[of] p1b: Indeedee\n|turn|5\n|\n|t:|1683048011\n|move|p1b: Indeedee|Follow Me|p1b: Indeedee\n|-singleturn|p1b: Indeedee|move: Follow Me\n|move|p2b: HoHoHomicide|Freeze-Dry|p1b: Indeedee\n|-damage|p1b: Indeedee|72\/100\n|move|p2a: Knockoff Mega|Throat Chop|p1b: Indeedee\n|-supereffective|p1b: Indeedee\n|-enditem|p1b: Indeedee|Colbur Berry|[eat]\n|-enditem|p1b: Indeedee|Colbur Berry|[weaken]\n|-damage|p1b: Indeedee|12\/100\n|-start|p1b: Indeedee|Throat Chop|[silent]\n|move|p1a: Iron Bundle|Freeze-Dry|p2b: HoHoHomicide\n|-damage|p2b: HoHoHomicide|0 fnt\n|faint|p2b: HoHoHomicide\n|-end|p2b: HoHoHomicide|Quark Drive|[silent]\n|\n|upkeep\n|\n|t:|1683048023\n|switch|p2b: Big Horns|Great Tusk, L50|100\/100\n|turn|6\n|\n|t:|1683048043\n|move|p1b: Indeedee|Follow Me|p1b: Indeedee\n|-singleturn|p1b: Indeedee|move: Follow Me\n|move|p2a: Knockoff Mega|Throat Chop|p1b: Indeedee\n|-supereffective|p1b: Indeedee\n|-damage|p1b: Indeedee|0 fnt\n|faint|p1b: Indeedee\n|move|p2b: Big Horns|Close Combat|p1a: Iron Bundle\n|-supereffective|p1a: Iron Bundle\n|-damage|p1a: Iron Bundle|0 fnt\n|-unboost|p2b: Big Horns|def|1\n|-unboost|p2b: Big Horns|spd|1\n|faint|p1a: Iron Bundle\n|-end|p1a: Iron Bundle|Quark Drive|[silent]\n|\n|win|Krib_Underscore\n|raw|Player350's rating: 1100 → 1079<\/strong> (-21 for losing)\n|raw|Krib_Underscore's rating: 1154 → 1175<\/strong> (+21 for winning)\n|l|\u2606Player350\n|c|\u2606Krib_Underscore|gg\n|l|\u2606Krib_Underscore\n|j|\u2606Krib_Underscore\n|player|p2|Krib_Underscore|dancer\n","uploadtime":1683048057,"views":16,"p1id":"player350","p2id":"kribunderscore","formatid":"gen9vgc2023regulationc","rating":1079,"private":0,"password":""}