{"id":"gen9vgc2023regulationc-1846315376","p1":"Citoraptor","p2":"Fishmaster99","format":"[Gen 9] VGC 2023 Regulation C","log":"|j|\u2606Citoraptor\n|j|\u2606Fishmaster99\n|t:|1681830976\n|gametype|doubles\n|player|p1|Citoraptor|170|1055\n|player|p2|Fishmaster99|101|1000\n|teamsize|p1|6\n|teamsize|p2|6\n|gen|9\n|tier|[Gen 9] VGC 2023 Regulation C\n|rated|\n|rule|Species Clause: Limit one of each Pok\u00e9mon\n|rule|Item Clause: Limit one of each item\n|clearpoke\n|poke|p1|Roaring Moon, L50|\n|poke|p1|Talonflame, L50, M|\n|poke|p1|Gholdengo, L50|\n|poke|p1|Chien-Pao, L50|\n|poke|p1|Palafin, L50, M|\n|poke|p1|Maushold, L50|\n|poke|p2|Lurantis, L50, M|\n|poke|p2|Jumpluff, L50, F|\n|poke|p2|Brute Bonnet, L50|\n|poke|p2|Pyroar, L50, M|\n|poke|p2|Grimmsnarl, L50, M|\n|poke|p2|Flamigo, L50, F|\n|teampreview|4\n|inactive|Battle timer is ON: inactive players will automatically lose when time's up. (requested by Fishmaster99)\n|\n|t:|1681831009\n|start\n|switch|p1a: Chien-Pao|Chien-Pao, L50|100\/100\n|switch|p1b: Talonflame|Talonflame, L50, M|100\/100\n|switch|p2a: Lurantis|Lurantis, L50, M|100\/100\n|switch|p2b: Jumpluff|Jumpluff, L50, F|100\/100\n|-ability|p1a: Chien-Pao|Sword of Ruin\n|turn|1\n|\n|t:|1681831024\n|move|p2a: Lurantis|Protect|p2a: Lurantis\n|-singleturn|p2a: Lurantis|Protect\n|move|p1a: Chien-Pao|Ice Spinner|p2a: Lurantis\n|-activate|p2a: Lurantis|move: Protect\n|move|p1b: Talonflame|Taunt|p2b: Jumpluff\n|-start|p2b: Jumpluff|move: Taunt\n|cant|p2b: Jumpluff|move: Taunt|Cotton Guard\n|\n|upkeep\n|turn|2\n|\n|t:|1681831048\n|switch|p2b: Grimmsnarl|Grimmsnarl, L50, M|100\/100\n|move|p1b: Talonflame|Tailwind|p1b: Talonflame\n|-sidestart|p1: Citoraptor|move: Tailwind\n|move|p1a: Chien-Pao|Ice Spinner|p2a: Lurantis\n|-supereffective|p2a: Lurantis\n|-enditem|p2a: Lurantis|Focus Sash\n|-damage|p2a: Lurantis|1\/100\n|move|p2a: Lurantis|Brick Break|p1a: Chien-Pao\n|-supereffective|p1a: Chien-Pao\n|-enditem|p1a: Chien-Pao|Focus Sash\n|-damage|p1a: Chien-Pao|1\/100\n|\n|upkeep\n|turn|3\n|inactive|Citoraptor has 30 seconds left.\n|inactive|Citoraptor has 20 seconds left.\n|inactive|Citoraptor has 15 seconds left.\n|inactive|Citoraptor has 10 seconds left.\n|inactive|Citoraptor has 5 seconds left.\n|\n|t:|1681831098\n|move|p2a: Lurantis|Protect|p2a: Lurantis\n|-singleturn|p2a: Lurantis|Protect\n|move|p2b: Grimmsnarl|Fake Out|p1a: Chien-Pao\n|-damage|p1a: Chien-Pao|0 fnt\n|faint|p1a: Chien-Pao\n|move|p1b: Talonflame|Taunt|p2b: Grimmsnarl\n|-start|p2b: Grimmsnarl|move: Taunt\n|\n|upkeep\n|\n|t:|1681831109\n|switch|p1a: Maushold|Maushold, L50|100\/100\n|turn|4\n|\n|t:|1681831122\n|move|p1b: Talonflame|Brave Bird|p2a: Lurantis\n|-supereffective|p2a: Lurantis\n|-damage|p2a: Lurantis|0 fnt\n|faint|p2a: Lurantis\n|-damage|p1b: Talonflame|99\/100|[from] Recoil\n|move|p1a: Maushold|Super Fang|p2b: Grimmsnarl\n|-damage|p2b: Grimmsnarl|50\/100\n|move|p2b: Grimmsnarl|Spirit Break|p1b: Talonflame\n|-resisted|p1b: Talonflame\n|-damage|p1b: Talonflame|83\/100\n|\n|upkeep\n|\n|t:|1681831131\n|switch|p2a: Jumpluff|Jumpluff, L50, F|100\/100\n|turn|5\n|inactive|Fishmaster99 has 30 seconds left.\n|\n|t:|1681831161\n|move|p1b: Talonflame|Taunt|p2a: Jumpluff\n|-start|p2a: Jumpluff|move: Taunt\n|move|p1a: Maushold|Population Bomb|p2b: Grimmsnarl\n|-damage|p2b: Grimmsnarl|43\/100\n|-damage|p2b: Grimmsnarl|35\/100\n|-damage|p2b: Grimmsnarl|27\/100\n|-damage|p2b: Grimmsnarl|18\/100\n|-damage|p2b: Grimmsnarl|9\/100\n|-damage|p2b: Grimmsnarl|0 fnt\n|faint|p2b: Grimmsnarl\n|-hitcount|p2: Grimmsnarl|6\n|cant|p2a: Jumpluff|move: Taunt|Cotton Guard\n|\n|-sideend|p1: Citoraptor|move: Tailwind\n|upkeep\n|\n|t:|1681831166\n|switch|p2b: Pyroar|Pyroar, L50, M|100\/100\n|-ability|p2b: Pyroar|Unnerve\n|turn|6\n|-message|Fishmaster99 forfeited.\n|\n|win|Citoraptor\n|raw|Citoraptor's rating: 1055 → 1082<\/strong> (+27 for winning)\n|raw|Fishmaster99's rating: 1000 → 1000<\/strong> (+0 for losing)\n|l|\u2606Fishmaster99\n","uploadtime":1681831184,"views":7,"p1id":"citoraptor","p2id":"fishmaster99","formatid":"gen9vgc2023regulationc","rating":1000,"private":0,"password":""}