{"id":"gen9vgc2023regulationc-1860915878","p1":"Bricclow","p2":"NTR_JL_816","format":"[Gen 9] VGC 2023 Regulation C","log":"|j|\u2606Bricclow\n|j|\u2606NTR_JL_816\n|t:|1683695317\n|gametype|doubles\n|player|p1|Bricclow|2|1124\n|player|p2|NTR_JL_816|2|1134\n|teamsize|p1|6\n|teamsize|p2|6\n|gen|9\n|tier|[Gen 9] VGC 2023 Regulation C\n|rated|\n|rule|Species Clause: Limit one of each Pok\u00e9mon\n|rule|Item Clause: Limit one of each item\n|clearpoke\n|poke|p1|Cyclizar, L50, M|\n|poke|p1|Skeledirge, L50, F|\n|poke|p1|Slowking, L50, F|\n|poke|p1|Appletun, L50, F|\n|poke|p1|Ting-Lu, L50|\n|poke|p1|Kingambit, L50, F|\n|poke|p2|Flutter Mane, L50|\n|poke|p2|Chi-Yu, L50|\n|poke|p2|Gyarados, L50, M|\n|poke|p2|Torkoal, L50, F|\n|poke|p2|Lilligant, L50, F|\n|poke|p2|Iron Bundle, L50|\n|teampreview|4\n|\n|t:|1683695365\n|start\n|switch|p1a: Ting-Lu|Ting-Lu, L50|100\/100\n|switch|p1b: Slowking|Slowking, L50, F|100\/100\n|switch|p2a: Lilligant|Lilligant, L50, F, shiny|100\/100\n|switch|p2b: Torkoal|Torkoal, L50, F|100\/100\n|-ability|p1a: Ting-Lu|Vessel of Ruin\n|-weather|SunnyDay|[from] ability: Drought|[of] p2b: Torkoal\n|turn|1\n|\n|t:|1683695389\n|move|p2a: Lilligant|Sleep Powder|p1a: Ting-Lu|[miss]\n|-miss|p2a: Lilligant|p1a: Ting-Lu\n|move|p1a: Ting-Lu|Stomping Tantrum|p2b: Torkoal\n|-supereffective|p2b: Torkoal\n|-damage|p2b: Torkoal|47\/100\n|move|p1b: Slowking|Chilly Reception|p1b: Slowking\n|-weather|Snow\n|\n|t:|1683695404\n|switch|p1b: Skeledirge|Skeledirge, L50, F|100\/100|[from] Chilly Reception\n|move|p2b: Torkoal|Solar Beam||[still]\n|-prepare|p2b: Torkoal|Solar Beam\n|\n|-weather|Snow|[upkeep]\n|upkeep\n|turn|2\n|\n|t:|1683695435\n|move|p2a: Lilligant|Sleep Powder|p1b: Skeledirge\n|-activate|p1b: Skeledirge|item: Safety Goggles|Sleep Powder\n|move|p1b: Skeledirge|Torch Song|p2a: Lilligant\n|-supereffective|p2a: Lilligant\n|-damage|p2a: Lilligant|14\/100\n|-boost|p1b: Skeledirge|spa|1\n|move|p1a: Ting-Lu|Stomping Tantrum|p2b: Torkoal\n|-supereffective|p2b: Torkoal\n|-damage|p2b: Torkoal|0 fnt\n|faint|p2b: Torkoal\n|\n|-weather|Snow|[upkeep]\n|upkeep\n|\n|t:|1683695447\n|switch|p2b: Gyarados|Gyarados, L50, M|100\/100\n|-ability|p2b: Gyarados|Intimidate|boost\n|-unboost|p1a: Ting-Lu|atk|1\n|-unboost|p1b: Skeledirge|atk|1\n|turn|3\n|\n|t:|1683695468\n|switch|p1a: Slowking|Slowking, L50, F|100\/100\n|-terastallize|p1b: Skeledirge|Fairy\n|move|p2a: Lilligant|Sleep Powder|p1a: Slowking|[miss]\n|-miss|p2a: Lilligant|p1a: Slowking\n|move|p2b: Gyarados|Dragon Dance|p2b: Gyarados\n|-boost|p2b: Gyarados|atk|1\n|-boost|p2b: Gyarados|spe|1\n|move|p1b: Skeledirge|Torch Song|p2a: Lilligant\n|-supereffective|p2a: Lilligant\n|-damage|p2a: Lilligant|0 fnt\n|-boost|p1b: Skeledirge|spa|1\n|faint|p2a: Lilligant\n|\n|-weather|Snow|[upkeep]\n|upkeep\n|\n|t:|1683695484\n|switch|p2a: Flutter Mane|Flutter Mane, L50, shiny|100\/100\n|-enditem|p2a: Flutter Mane|Booster Energy\n|-activate|p2a: Flutter Mane|ability: Protosynthesis|[fromitem]\n|-start|p2a: Flutter Mane|protosynthesisspe\n|turn|4\n|\n|t:|1683695499\n|move|p2a: Flutter Mane|Protect|p2a: Flutter Mane\n|-singleturn|p2a: Flutter Mane|Protect\n|move|p2b: Gyarados|Waterfall|p1b: Skeledirge\n|-damage|p1b: Skeledirge|71\/100\n|move|p1b: Skeledirge|Shadow Ball|p2a: Flutter Mane\n|-activate|p2a: Flutter Mane|move: Protect\n|move|p1a: Slowking|Trick Room|p1a: Slowking\n|-fieldstart|move: Trick Room|[of] p1a: Slowking\n|\n|-weather|Snow|[upkeep]\n|upkeep\n|turn|5\n|-message|NTR_JL_816 forfeited.\n|\n|win|Bricclow\n|raw|Bricclow's rating: 1124 → 1150<\/strong> (+26 for winning)\n|raw|NTR_JL_816's rating: 1134 → 1108<\/strong> (-26 for losing)\n|l|\u2606NTR_JL_816\n","uploadtime":1683695515,"views":18,"p1id":"bricclow","p2id":"ntrjl816","formatid":"gen9vgc2023regulationc","rating":1108,"private":0,"password":""}