{"id":"gen9vgc2023regulationc-1861174022","p1":"MacNPlz","p2":"bardax92","format":"[Gen 9] VGC 2023 Regulation C","log":"|j|\u203dMacNPlz\n|j|\u2606bardax92\n|t:|1683733032\n|gametype|doubles\n|player|p1|MacNPlz|morty|1115\n|player|p2|bardax92|169|1166\n|teamsize|p1|6\n|teamsize|p2|6\n|gen|9\n|tier|[Gen 9] VGC 2023 Regulation C\n|rated|\n|rule|Species Clause: Limit one of each Pok\u00e9mon\n|rule|Item Clause: Limit one of each item\n|clearpoke\n|poke|p1|Lycanroc-Midnight, L50, F|\n|poke|p1|Garganacl, L50, F|\n|poke|p1|Bronzong, L50|\n|poke|p1|Farigiraf, L50, M|\n|poke|p1|Amoonguss, L50, M|\n|poke|p1|Abomasnow, L50, M|\n|poke|p2|Annihilape, L50, M|\n|poke|p2|Farigiraf, L50, M|\n|poke|p2|Torkoal, L50, M|\n|poke|p2|Jumpluff, L50, F|\n|poke|p2|Palafin, L50, M|\n|poke|p2|Ting-Lu, L50|\n|teampreview|4\nbardax92 has agreed to open team sheets.\n|inactive|Battle timer is ON: inactive players will automatically lose when time's up. (requested by bardax92)\n|\n|t:|1683733106\n|start\n|switch|p1a: Amoonguss|Amoonguss, L50, M|100\/100\n|switch|p1b: Farigiraf|Farigiraf, L50, M|100\/100\n|switch|p2a: Palafin|Palafin, L50, M|100\/100\n|switch|p2b: Jumpluff|Jumpluff, L50, F|100\/100\n|turn|1\n|\n|t:|1683733124\n|move|p2a: Palafin|Protect|p2a: Palafin\n|-singleturn|p2a: Palafin|Protect\n|move|p1b: Farigiraf|Protect|p1b: Farigiraf\n|-singleturn|p1b: Farigiraf|Protect\n|move|p2b: Jumpluff|Sleep Powder|p1b: Farigiraf\n|-activate|p1b: Farigiraf|move: Protect\n|move|p1a: Amoonguss|Spore|p2a: Palafin\n|-activate|p2a: Palafin|move: Protect\n|\n|upkeep\n|turn|2\n|\n|t:|1683733144\n|switch|p1b: Abomasnow|Abomasnow, L50, M|100\/100\n|-weather|Snow|[from] ability: Snow Warning|[of] p1b: Abomasnow\n|move|p2b: Jumpluff|Sleep Powder|p1b: Abomasnow\n|-immune|p1b: Abomasnow\n|move|p2a: Palafin|Taunt|p1a: Amoonguss\n|-start|p1a: Amoonguss|move: Taunt\n|cant|p1a: Amoonguss|move: Taunt|Spore\n|\n|-weather|Snow|[upkeep]\n|upkeep\n|turn|3\n|inactive|bardax92 has 30 seconds left.\n|\n|t:|1683733173\n|detailschange|p2a: Palafin|Palafin-Hero, L50, M\n|switch|p2a: Torkoal|Torkoal, L50, M|100\/100\n|-weather|SunnyDay|[from] ability: Drought|[of] p2a: Torkoal\n|switch|p1a: Farigiraf|Farigiraf, L50, M|100\/100\n|move|p2b: Jumpluff|Tailwind|p2b: Jumpluff\n|-sidestart|p2: bardax92|move: Tailwind\n|move|p1b: Abomasnow|Aurora Veil||[still]\n|-fail|p1b: Abomasnow\n|\n|-weather|SunnyDay|[upkeep]\n|upkeep\n|turn|4\n|inactive|MacNPlz has 30 seconds left.\n|\n|t:|1683733200\n|-terastallize|p1b: Abomasnow|Water\n|-terastallize|p2a: Torkoal|Fire\n|move|p2b: Jumpluff|Rage Powder|p2b: Jumpluff\n|-singleturn|p2b: Jumpluff|move: Rage Powder\n|move|p1a: Farigiraf|Hyper Voice|p2a: Torkoal|[spread] p2a,p2b\n|-damage|p2a: Torkoal|51\/100\n|-damage|p2b: Jumpluff|60\/100\n|-enditem|p1a: Farigiraf|Throat Spray\n|-boost|p1a: Farigiraf|spa|1|[from] item: Throat Spray\n|move|p1b: Abomasnow|Sheer Cold|p2b: Jumpluff|[miss]\n|-miss|p1b: Abomasnow|p2b: Jumpluff\n|move|p2a: Torkoal|Eruption|p1b: Abomasnow|[spread] p1a,p1b\n|-resisted|p1b: Abomasnow\n|-damage|p1a: Farigiraf|41\/100\n|-damage|p1b: Abomasnow|80\/100\n|\n|-weather|SunnyDay|[upkeep]\n|upkeep\n|turn|5\n|inactive|MacNPlz has 30 seconds left.\n|\n|t:|1683733227\n|switch|p1b: Garganacl|Garganacl, L50, F|100\/100\n|move|p1a: Farigiraf|Protect|p1a: Farigiraf\n|-singleturn|p1a: Farigiraf|Protect\n|move|p2b: Jumpluff|Sleep Powder|p1b: Garganacl\n|-immune|p1b: Garganacl|[from] ability: Purifying Salt\n|move|p2a: Torkoal|Eruption|p1a: Farigiraf|[spread] p1b\n|-activate|p1a: Farigiraf|move: Protect\n|-resisted|p1b: Garganacl\n|-damage|p1b: Garganacl|82\/100\n|\n|-weather|SunnyDay|[upkeep]\n|-heal|p1b: Garganacl|87\/100|[from] item: Leftovers\n|upkeep\n|turn|6\n|inactive|bardax92 has 30 seconds left.\n|inactive|MacNPlz has 30 seconds left.\n|\n|t:|1683733258\n|move|p2b: Jumpluff|Pollen Puff|p2a: Torkoal\n|-heal|p2a: Torkoal|100\/100\n|move|p2a: Torkoal|Eruption|p1b: Garganacl|[spread] p1a,p1b\n|-resisted|p1b: Garganacl\n|-damage|p1a: Farigiraf|0 fnt\n|-damage|p1b: Garganacl|51\/100\n|faint|p1a: Farigiraf\n|move|p1b: Garganacl|Salt Cure|p2a: Torkoal\n|-supereffective|p2a: Torkoal\n|-damage|p2a: Torkoal|80\/100\n|-start|p2a: Torkoal|Salt Cure\n|\n|-weather|SunnyDay|[upkeep]\n|-heal|p1b: Garganacl|57\/100|[from] item: Leftovers\n|-damage|p2a: Torkoal|68\/100|[from] Salt Cure\n|-sideend|p2: bardax92|move: Tailwind\n|upkeep\n|\n|t:|1683733268\n|switch|p1a: Abomasnow|Abomasnow, L50, M, tera:Water|80\/100\n|-weather|Snow|[from] ability: Snow Warning|[of] p1a: Abomasnow\n|turn|7\n|\n|t:|1683733284\n|switch|p2a: Annihilape|Annihilape, L50, M|100\/100\n|move|p2b: Jumpluff|Sleep Powder|p1a: Abomasnow\n|-status|p1a: Abomasnow|slp|[from] move: Sleep Powder\n|cant|p1a: Abomasnow|slp\n|move|p1b: Garganacl|Salt Cure|p2b: Jumpluff\n|-supereffective|p2b: Jumpluff\n|-damage|p2b: Jumpluff|16\/100\n|-start|p2b: Jumpluff|Salt Cure\n|\n|-weather|Snow|[upkeep]\n|-heal|p1b: Garganacl|62\/100|[from] item: Leftovers\n|-damage|p2b: Jumpluff|4\/100|[from] Salt Cure\n|upkeep\n|turn|8\n|\n|t:|1683733301\n|move|p2b: Jumpluff|Rage Powder|p2b: Jumpluff\n|-singleturn|p2b: Jumpluff|move: Rage Powder\n|move|p2a: Annihilape|Bulk Up|p2a: Annihilape\n|-boost|p2a: Annihilape|atk|1\n|-boost|p2a: Annihilape|def|1\n|-curestatus|p1a: Abomasnow|slp|[msg]\n|move|p1a: Abomasnow|Aurora Veil|p1a: Abomasnow\n|-sidestart|p1: MacNPlz|move: Aurora Veil\n|move|p1b: Garganacl|Recover|p1b: Garganacl\n|-heal|p1b: Garganacl|100\/100\n|\n|-weather|Snow|[upkeep]\n|-damage|p2b: Jumpluff|0 fnt|[from] Salt Cure\n|faint|p2b: Jumpluff\n|upkeep\n|\n|t:|1683733318\n|switch|p2b: Torkoal|Torkoal, L50, M, tera:Fire|68\/100\n|-weather|SunnyDay|[from] ability: Drought|[of] p2b: Torkoal\n|turn|9\n|\n|t:|1683733341\n|move|p2a: Annihilape|Drain Punch|p1a: Abomasnow\n|-damage|p1a: Abomasnow|44\/100\n|move|p1a: Abomasnow|Sheer Cold|p2a: Annihilape|[miss]\n|-miss|p1a: Abomasnow|p2a: Annihilape\n|move|p1b: Garganacl|Salt Cure|p2b: Torkoal\n|-supereffective|p2b: Torkoal\n|-damage|p2b: Torkoal|48\/100\n|-start|p2b: Torkoal|Salt Cure\n|move|p2b: Torkoal|Eruption|p1b: Garganacl|[spread] p1a,p1b\n|-resisted|p1a: Abomasnow\n|-resisted|p1b: Garganacl\n|-damage|p1a: Abomasnow|30\/100\n|-damage|p1b: Garganacl|89\/100\n|\n|-weather|SunnyDay|[upkeep]\n|-heal|p1b: Garganacl|95\/100|[from] item: Leftovers\n|-damage|p2b: Torkoal|36\/100|[from] Salt Cure\n|upkeep\n|turn|10\n|inactive|bardax92 has 30 seconds left.\n|\n|t:|1683733369\n|move|p1a: Abomasnow|Protect|p1a: Abomasnow\n|-singleturn|p1a: Abomasnow|Protect\n|move|p2a: Annihilape|Drain Punch|p1a: Abomasnow\n|-activate|p1a: Abomasnow|move: Protect\n|move|p1b: Garganacl|Fissure|p2a: Annihilape\n|-damage|p2a: Annihilape|0 fnt\n|faint|p2a: Annihilape\n|-ohko\n|move|p2b: Torkoal|Eruption|p1a: Abomasnow|[spread] p1b\n|-activate|p1a: Abomasnow|move: Protect\n|-resisted|p1b: Garganacl\n|-damage|p1b: Garganacl|85\/100\n|\n|-weather|SunnyDay|[upkeep]\n|-heal|p1b: Garganacl|91\/100|[from] item: Leftovers\n|-damage|p2b: Torkoal|24\/100|[from] Salt Cure\n|upkeep\n|\n|t:|1683733387\n|switch|p2a: Palafin|Palafin-Hero, L50, M|100\/100\n|-activate|p2a: Palafin|ability: Zero to Hero\n|turn|11\n|\n|t:|1683733400\n|switch|p1a: Amoonguss|Amoonguss, L50, M|100\/100\n|move|p2a: Palafin|Protect|p2a: Palafin\n|-singleturn|p2a: Palafin|Protect\n|move|p1b: Garganacl|Salt Cure|p2a: Palafin\n|-activate|p2a: Palafin|move: Protect\n|move|p2b: Torkoal|Eruption|p1b: Garganacl|[spread] p1a,p1b\n|-supereffective|p1a: Amoonguss\n|-resisted|p1b: Garganacl\n|-damage|p1a: Amoonguss|72\/100\n|-damage|p1b: Garganacl|85\/100\n|\n|-weather|SunnyDay|[upkeep]\n|-heal|p1b: Garganacl|90\/100|[from] item: Leftovers\n|-damage|p2b: Torkoal|12\/100|[from] Salt Cure\n|upkeep\n|turn|12\n|\n|t:|1683733422\n|move|p2a: Palafin|Taunt|p1a: Amoonguss\n|-start|p1a: Amoonguss|move: Taunt\n|move|p1b: Garganacl|Salt Cure|p2a: Palafin\n|-damage|p2a: Palafin|86\/100\n|-start|p2a: Palafin|Salt Cure\n|cant|p1a: Amoonguss|move: Taunt|Spore\n|move|p2b: Torkoal|Eruption|p1b: Garganacl|[spread] p1a,p1b\n|-supereffective|p1a: Amoonguss\n|-resisted|p1b: Garganacl\n|-damage|p1a: Amoonguss|58\/100\n|-damage|p1b: Garganacl|88\/100\n|\n|-weather|SunnyDay|[upkeep]\n|-heal|p1b: Garganacl|94\/100|[from] item: Leftovers\n|-damage|p2a: Palafin|61\/100|[from] Salt Cure\n|-damage|p2b: Torkoal|0 fnt|[from] Salt Cure\n|faint|p2b: Torkoal\n|upkeep\n|turn|13\n|\n|t:|1683733444\n|move|p2a: Palafin|Wave Crash|p1b: Garganacl\n|-supereffective|p1b: Garganacl\n|-damage|p1b: Garganacl|53\/100\n|-damage|p2a: Palafin|47\/100|[from] Recoil\n|move|p1b: Garganacl|Fissure|p2a: Palafin|[miss]\n|-miss|p1b: Garganacl|p2a: Palafin\n|move|p1a: Amoonguss|Pollen Puff|p1b: Garganacl\n|-heal|p1b: Garganacl|100\/100\n|\n|-weather|none\n|-damage|p2a: Palafin|22\/100|[from] Salt Cure\n|upkeep\n|turn|14\n|-message|bardax92 forfeited.\n|\n|win|MacNPlz\n|raw|MacNPlz's rating: 1115 → 1144<\/strong> (+29 for winning)\n|raw|bardax92's rating: 1166 → 1137<\/strong> (-29 for losing)\n|l|\u2606bardax92\n","uploadtime":1683733467,"views":20,"p1id":"macnplz","p2id":"bardax92","formatid":"gen9vgc2023regulationc","rating":1137,"private":0,"password":""}