{"id":"gen9vgc2023regulationc-1853120319","p1":"yaboyredmond","p2":"VivillonHunter","format":"[Gen 9] VGC 2023 Regulation C","log":"|j|\u2606yaboyredmond\n|j|\u2606VivillonHunter\n|t:|1682637603\n|gametype|doubles\n|player|p1|yaboyredmond|2|\n|player|p2|VivillonHunter|2|\n|teamsize|p1|6\n|teamsize|p2|6\n|gen|9\n|tier|[Gen 9] VGC 2023 Regulation C\n|rule|Species Clause: Limit one of each Pok\u00e9mon\n|rule|Item Clause: Limit one of each item\n|clearpoke\n|poke|p1|Bronzor, L50|\n|poke|p1|Haunter, L50, F|\n|poke|p1|Morgrem, L50, M|\n|poke|p1|Mudbray, L50, M|\n|poke|p1|Numel, L50, M|\n|poke|p1|Sneasel, L50, F|\n|poke|p2|Quaxwell, L50, M|\n|poke|p2|Sneasel, L50, M|\n|poke|p2|Haunter, L50, M|\n|poke|p2|Pawmo, L50, M|\n|poke|p2|Foongus, L50, M|\n|poke|p2|Murkrow, L50, M|\n|teampreview|4\nVivillonHunter rejected open team sheets.\n|c|\u2606VivillonHunter|gl -_-\n|c|\u2606VivillonHunter|g2\n|j| SATMaofever\n|\n|t:|1682637677\n|start\n|switch|p1a: Bronzor|Bronzor, L50|100\/100\n|switch|p1b: Morgrem|Morgrem, L50, M|100\/100\n|switch|p2a: Ballin'|Foongus, L50, M|100\/100\n|switch|p2b: Spoops|Haunter, L50, M|100\/100\n|turn|1\n|\n|t:|1682637716\n|switch|p2a: Zoomies|Sneasel, L50, M|100\/100\n|-terastallize|p1a: Bronzor|Dark\n|move|p1b: Morgrem|Parting Shot|p2b: Spoops\n|-unboost|p2b: Spoops|atk|1\n|-unboost|p2b: Spoops|spa|1\n|\n|t:|1682637723\n|switch|p1b: Numel|Numel, L50, M|100\/100|[from] Parting Shot\n|move|p2b: Spoops|Shadow Ball|p1a: Bronzor\n|-resisted|p1a: Bronzor\n|-damage|p1a: Bronzor|82\/100\n|-damage|p2b: Spoops|91\/100|[from] item: Life Orb\n|move|p1a: Bronzor|Safeguard|p1a: Bronzor\n|-sidestart|p1: yaboyredmond|Safeguard\n|\n|upkeep\n|turn|2\n|\n|t:|1682637755\n|move|p1b: Numel|Protect|p1b: Numel\n|-singleturn|p1b: Numel|Protect\n|move|p2a: Zoomies|Ice Punch|p1b: Numel\n|-activate|p1b: Numel|move: Protect\n|move|p2b: Spoops|Dazzling Gleam|p1b: Numel|[spread] p1a\n|-activate|p1b: Numel|move: Protect\n|-supereffective|p1a: Bronzor\n|-damage|p1a: Bronzor|44\/100\n|-damage|p2b: Spoops|81\/100|[from] item: Life Orb\n|move|p1a: Bronzor|Trick Room|p1a: Bronzor\n|-fieldstart|move: Trick Room|[of] p1a: Bronzor\n|\n|upkeep\n|turn|3\n|\n|t:|1682637788\n|switch|p2b: Caw Gate|Murkrow, L50, M|100\/100\n|move|p1a: Bronzor|Bulldoze|p2b: Caw Gate|[spread] p1b,p2a\n|-immune|p2b: Caw Gate\n|-supereffective|p1b: Numel\n|-damage|p1b: Numel|86\/100\n|-damage|p2a: Zoomies|92\/100\n|-unboost|p1b: Numel|spe|2\n|-unboost|p2a: Zoomies|spe|1\n|-enditem|p1b: Numel|Weakness Policy\n|-boost|p1b: Numel|atk|4|[from] item: Weakness Policy\n|-boost|p1b: Numel|spa|4|[from] item: Weakness Policy\n|move|p1b: Numel|Heat Wave|p2a: Zoomies|[spread] p2a,p2b\n|-supereffective|p2a: Zoomies\n|-damage|p2a: Zoomies|0 fnt\n|-enditem|p2b: Caw Gate|Focus Sash\n|-damage|p2b: Caw Gate|1\/100\n|faint|p2a: Zoomies\n|\n|upkeep\n|\n|t:|1682637805\n|switch|p2a: Spoops|Haunter, L50, M|81\/100\n|turn|4\n|\n|t:|1682637816\n|move|p2b: Caw Gate|Quash|p1b: Numel\n|-activate|p1b: Numel|move: Quash\n|move|p1a: Bronzor|Rock Slide|p2b: Caw Gate|[spread] p2a,p2b\n|-supereffective|p2b: Caw Gate\n|-damage|p2a: Spoops|68\/100\n|-damage|p2b: Caw Gate|0 fnt\n|faint|p2b: Caw Gate\n|move|p2a: Spoops|Shadow Ball|p1b: Numel\n|-damage|p1b: Numel|0 fnt\n|faint|p1b: Numel\n|-damage|p2a: Spoops|58\/100|[from] item: Life Orb\n|\n|upkeep\n|\n|t:|1682637830\n|switch|p1b: Mudbray|Mudbray, L50, M|100\/100\n|switch|p2b: Ballin'|Foongus, L50, M|100\/100\n|turn|5\n|\n|t:|1682637854\n|move|p1a: Bronzor|Rock Slide|p2b: Ballin'|[spread] p2a,p2b\n|-crit|p2a: Spoops\n|-damage|p2a: Spoops|36\/100\n|-damage|p2b: Ballin'|95\/100\n|move|p2b: Ballin'|Pollen Puff|p2a: Spoops\n|-heal|p2a: Spoops|86\/100\n|move|p1b: Mudbray|Iron Head|p2a: Spoops\n|-damage|p2a: Spoops|16\/100\n|move|p2a: Spoops|Dazzling Gleam|p1a: Bronzor|[spread] p1a,p1b\n|-supereffective|p1a: Bronzor\n|-damage|p1a: Bronzor|0 fnt\n|-damage|p1b: Mudbray|72\/100\n|faint|p1a: Bronzor\n|-damage|p2a: Spoops|6\/100|[from] item: Life Orb\n|\n|-sideend|p1: yaboyredmond|Safeguard\n|upkeep\n|\n|t:|1682637870\n|switch|p1a: Morgrem|Morgrem, L50, M|100\/100\n|turn|6\n|\n|t:|1682637897\n|-terastallize|p2a: Spoops|Dark\n|move|p1a: Morgrem|Fake Out|p2b: Ballin'\n|-damage|p2b: Ballin'|88\/100\n|cant|p2b: Ballin'|flinch\n|move|p1b: Mudbray|Iron Head|p2a: Spoops\n|-damage|p2a: Spoops|0 fnt\n|faint|p2a: Spoops\n|\n|-fieldend|move: Trick Room\n|upkeep\n|turn|7\n|c|\u2606VivillonHunter|noo\n|c|\u2606VivillonHunter|can't believe i forgot to change speed\n|\n|t:|1682637934\n|move|p1a: Morgrem|Fake Tears|p2b: Ballin'\n|-unboost|p2b: Ballin'|spd|2\n|move|p1b: Mudbray|High Horsepower|p2b: Ballin'\n|-damage|p2b: Ballin'|30\/100\n|move|p2b: Ballin'|Foul Play|p1a: Morgrem\n|-resisted|p1a: Morgrem\n|-damage|p1a: Morgrem|98\/100\n|\n|upkeep\n|turn|8\n|c|\u2606VivillonHunter|gg\n|\n|t:|1682637946\n|move|p1a: Morgrem|Dazzling Gleam|p2b: Ballin'\n|-resisted|p2b: Ballin'\n|-damage|p2b: Ballin'|14\/100\n|move|p1b: Mudbray|High Horsepower|p2b: Ballin'\n|-damage|p2b: Ballin'|0 fnt\n|faint|p2b: Ballin'\n|\n|win|yaboyredmond\n|c|\u2606yaboyredmond|ggs\n|l|\u2606VivillonHunter\n|l| SATMaofever\n|l|\u2606yaboyredmond\n|j|\u2606yaboyredmond\n|player|p1|yaboyredmond|2\n","uploadtime":1682638198,"views":13,"p1id":"yaboyredmond","p2id":"vivillonhunter","formatid":"gen9vgc2023regulationc","rating":0,"private":0,"password":""}