{"id":"gen9vgc2023regulationc-1852932163","p1":"b(R)2","p2":"Twest1117","format":"[Gen 9] VGC 2023 Regulation C","log":"|j|\u2606b(R)2\n|j|\u2606Twest1117\n|t:|1682618377\n|gametype|doubles\n|player|p1|b(R)2|266|1334\n|player|p2|Twest1117|ltsurge|1322\n|teamsize|p1|6\n|teamsize|p2|6\n|gen|9\n|tier|[Gen 9] VGC 2023 Regulation C\n|rated|\n|rule|Species Clause: Limit one of each Pok\u00e9mon\n|rule|Item Clause: Limit one of each item\n|clearpoke\n|poke|p1|Ting-Lu, L50|\n|poke|p1|Amoonguss, L50, M|\n|poke|p1|Garganacl, L50, M|\n|poke|p1|Arcanine, L50, M|\n|poke|p1|Roaring Moon, L50|\n|poke|p1|Iron Bundle, L50|\n|poke|p2|Chien-Pao, L50|\n|poke|p2|Dragonite, L50, F|\n|poke|p2|Palafin, L50, M|\n|poke|p2|Arcanine, L50, M|\n|poke|p2|Annihilape, L50, F|\n|poke|p2|Maushold, L50|\n|teampreview|4\nb(R)2 has agreed to open team sheets.\n|inactive|Battle timer is ON: inactive players will automatically lose when time's up. (requested by Twest1117)\n|\n|t:|1682618427\n|start\n|switch|p1a: Roaring Moon|Roaring Moon, L50|100\/100\n|switch|p1b: Amoonguss|Amoonguss, L50, M|100\/100\n|switch|p2a: Maushold|Maushold, L50|100\/100\n|switch|p2b: Annihilape|Annihilape, L50, F|100\/100\n|-enditem|p1a: Roaring Moon|Booster Energy\n|-activate|p1a: Roaring Moon|ability: Protosynthesis|[fromitem]\n|-start|p1a: Roaring Moon|protosynthesisatk\n|turn|1\n|\n|t:|1682618450\n|move|p2a: Maushold|Follow Me|p2a: Maushold\n|-singleturn|p2a: Maushold|move: Follow Me\n|move|p1b: Amoonguss|Rage Powder|p1b: Amoonguss\n|-singleturn|p1b: Amoonguss|move: Rage Powder\n|move|p1a: Roaring Moon|Dragon Dance|p1a: Roaring Moon\n|-boost|p1a: Roaring Moon|atk|1\n|-boost|p1a: Roaring Moon|spe|1\n|move|p2b: Annihilape|Bulk Up|p2b: Annihilape\n|-boost|p2b: Annihilape|atk|1\n|-boost|p2b: Annihilape|def|1\n|\n|upkeep\n|turn|2\n|\n|t:|1682618470\n|-terastallize|p1a: Roaring Moon|Flying\n|move|p2b: Annihilape|Protect|p2b: Annihilape\n|-singleturn|p2b: Annihilape|Protect\n|move|p1b: Amoonguss|Rage Powder|p1b: Amoonguss\n|-singleturn|p1b: Amoonguss|move: Rage Powder\n|move|p1a: Roaring Moon|Acrobatics|p2b: Annihilape\n|-activate|p2b: Annihilape|move: Protect\n|move|p2a: Maushold|Population Bomb|p1b: Amoonguss\n|-damage|p1b: Amoonguss|96\/100\n|-damage|p1b: Amoonguss|91\/100\n|-damage|p1b: Amoonguss|86\/100\n|-damage|p1b: Amoonguss|81\/100\n|-damage|p1b: Amoonguss|77\/100\n|-damage|p1b: Amoonguss|72\/100\n|-damage|p1b: Amoonguss|68\/100\n|-damage|p1b: Amoonguss|64\/100\n|-hitcount|p1b: Amoonguss|8\n|\n|upkeep\n|turn|3\n|inactive|Twest1117 has 30 seconds left.\n|inactive|Twest1117 has 20 seconds left.\n|inactive|Twest1117 has 15 seconds left.\n|inactive|Twest1117 has 10 seconds left.\n|\n|t:|1682618520\n|move|p1a: Roaring Moon|Acrobatics|p2b: Annihilape\n|-supereffective|p2b: Annihilape\n|-damage|p2b: Annihilape|0 fnt\n|faint|p2b: Annihilape\n|move|p2a: Maushold|Population Bomb|p1b: Amoonguss\n|-damage|p1b: Amoonguss|60\/100\n|-damage|p1b: Amoonguss|55\/100\n|-damage|p1b: Amoonguss|50\/100\n|-enditem|p1b: Amoonguss|Sitrus Berry|[eat]\n|-heal|p1b: Amoonguss|75\/100|[from] item: Sitrus Berry\n|-damage|p1b: Amoonguss|71\/100\n|-damage|p1b: Amoonguss|66\/100\n|-damage|p1b: Amoonguss|62\/100\n|-damage|p1b: Amoonguss|57\/100\n|-damage|p1b: Amoonguss|53\/100\n|-damage|p1b: Amoonguss|48\/100\n|-damage|p1b: Amoonguss|44\/100\n|-hitcount|p1b: Amoonguss|10\n|move|p1b: Amoonguss|Pollen Puff|p2a: Maushold\n|-damage|p2a: Maushold|78\/100\n|\n|upkeep\n|inactive|Twest1117 has 30 seconds left.\n|\n|t:|1682618545\n|switch|p2b: Dragonite|Dragonite, L50, F|100\/100\n|turn|4\n|\n|t:|1682618557\n|switch|p2a: Palafin|Palafin, L50, M|100\/100\n|switch|p1b: Arcanine|Arcanine, L50, M|100\/100\n|-ability|p1b: Arcanine|Intimidate|boost\n|-unboost|p2a: Palafin|atk|1\n|-unboost|p2b: Dragonite|atk|1\n|-terastallize|p2b: Dragonite|Normal\n|move|p2b: Dragonite|Extreme Speed|p1b: Arcanine\n|-damage|p1b: Arcanine|55\/100\n|move|p1a: Roaring Moon|Acrobatics|p2b: Dragonite\n|-damage|p2b: Dragonite|32\/100\n|\n|upkeep\n|turn|5\n|\n|t:|1682618581\n|detailschange|p2a: Palafin|Palafin-Hero, L50, M\n|switch|p2a: Maushold|Maushold, L50|78\/100\n|switch|p1b: Amoonguss|Amoonguss, L50, M|77\/100\n|move|p2b: Dragonite|Extreme Speed|p1a: Roaring Moon\n|-damage|p1a: Roaring Moon|53\/100\n|move|p1a: Roaring Moon|Acrobatics|p2a: Maushold\n|-damage|p2a: Maushold|0 fnt\n|faint|p2a: Maushold\n|\n|upkeep\n|\n|t:|1682618594\n|switch|p2a: Palafin|Palafin-Hero, L50, M|100\/100\n|-activate|p2a: Palafin|ability: Zero to Hero\n|turn|6\n|\n|t:|1682618601\n|move|p2b: Dragonite|Extreme Speed|p1a: Roaring Moon\n|-damage|p1a: Roaring Moon|3\/100\n|move|p1b: Amoonguss|Rage Powder|p1b: Amoonguss\n|-singleturn|p1b: Amoonguss|move: Rage Powder\n|move|p2a: Palafin|Jet Punch|p1b: Amoonguss\n|-resisted|p1b: Amoonguss\n|-damage|p1b: Amoonguss|58\/100\n|move|p1a: Roaring Moon|Acrobatics|p2b: Dragonite\n|-damage|p2b: Dragonite|0 fnt\n|faint|p2b: Dragonite\n|\n|upkeep\n|turn|7\n|\n|t:|1682618614\n|move|p1b: Amoonguss|Rage Powder|p1b: Amoonguss\n|-singleturn|p1b: Amoonguss|move: Rage Powder\n|move|p2a: Palafin|Jet Punch|p1b: Amoonguss\n|-resisted|p1b: Amoonguss\n|-damage|p1b: Amoonguss|40\/100\n|move|p1a: Roaring Moon|Acrobatics|p2a: Palafin\n|-damage|p2a: Palafin|0 fnt\n|faint|p2a: Palafin\n|\n|win|b(R)2\n|raw|b(R)2's rating: 1334 → 1353<\/strong> (+19 for winning)\n|raw|Twest1117's rating: 1322 → 1303<\/strong> (-19 for losing)\n|l|\u2606Twest1117\n","uploadtime":1682618619,"views":6,"p1id":"br2","p2id":"twest1117","formatid":"gen9vgc2023regulationc","rating":1303,"private":0,"password":""}