{"id":"gen9vgc2023regulationc-1852860492","p1":"bacon122","p2":"Barbie120","format":"[Gen 9] VGC 2023 Regulation C","log":"|j|\u203dbacon122\n|j|\u2606Barbie120\n|t:|1682612379\n|gametype|doubles\n|player|p1|bacon122|brycenman|1527\n|player|p2|Barbie120|drayden|1571\n|teamsize|p1|6\n|teamsize|p2|6\n|gen|9\n|tier|[Gen 9] VGC 2023 Regulation C\n|rated|\n|rule|Species Clause: Limit one of each Pok\u00e9mon\n|rule|Item Clause: Limit one of each item\n|clearpoke\n|poke|p1|Murkrow, L50, M|\n|poke|p1|Chi-Yu, L50|\n|poke|p1|Garchomp, L50, M|\n|poke|p1|Flutter Mane, L50|\n|poke|p1|Gyarados, L50, M|\n|poke|p1|Farigiraf, L50, F|\n|poke|p2|Indeedee-F, L50, F|\n|poke|p2|Chi-Yu, L50|\n|poke|p2|Flutter Mane, L50|\n|poke|p2|Baxcalibur, L50, M|\n|poke|p2|Corviknight, L50, F|\n|poke|p2|Gyarados, L50, F|\n|teampreview|4\nbacon122 has agreed to open team sheets.\n|inactive|Battle timer is ON: inactive players will automatically lose when time's up. (requested by bacon122)\n|inactive|bacon122 has 60 seconds left.\n|j| dcsvfwfeq\n|\n|t:|1682612448\n|start\n|switch|p1a: Flutter Mane|Flutter Mane, L50|100\/100\n|switch|p1b: Chi-Yu|Chi-Yu, L50|100\/100\n|switch|p2a: Baxcalibur|Baxcalibur, L50, M|100\/100\n|switch|p2b: Gyarados|Gyarados, L50, F|100\/100\n|-ability|p1b: Chi-Yu|Beads of Ruin\n|-ability|p2b: Gyarados|Intimidate|boost\n|-unboost|p1a: Flutter Mane|atk|1\n|-unboost|p1b: Chi-Yu|atk|1\n|-enditem|p1a: Flutter Mane|Booster Energy\n|-activate|p1a: Flutter Mane|ability: Protosynthesis|[fromitem]\n|-start|p1a: Flutter Mane|protosynthesisspe\n|turn|1\n|\n|t:|1682612465\n|-terastallize|p2a: Baxcalibur|Ground\n|move|p2b: Gyarados|Protect|p2b: Gyarados\n|-singleturn|p2b: Gyarados|Protect\n|move|p1a: Flutter Mane|Dazzling Gleam|p2a: Baxcalibur|[spread] p2a\n|-activate|p2b: Gyarados|move: Protect\n|-damage|p2a: Baxcalibur|74\/100\n|move|p1b: Chi-Yu|Overheat|p2a: Baxcalibur\n|-damage|p2a: Baxcalibur|0 fnt\n|-unboost|p1b: Chi-Yu|spa|2\n|faint|p2a: Baxcalibur\n|\n|upkeep\n|\n|t:|1682612476\n|switch|p2a: Flutter Mane|Flutter Mane, L50|100\/100\n|-enditem|p2a: Flutter Mane|Booster Energy\n|-activate|p2a: Flutter Mane|ability: Protosynthesis|[fromitem]\n|-start|p2a: Flutter Mane|protosynthesisspe\n|turn|2\n|\n|t:|1682612491\n|switch|p1b: Gyarados|Gyarados, L50, M|100\/100\n|-ability|p1b: Gyarados|Intimidate|boost\n|-unboost|p2a: Flutter Mane|atk|1\n|-unboost|p2b: Gyarados|atk|1\n|move|p1a: Flutter Mane|Protect|p1a: Flutter Mane\n|-singleturn|p1a: Flutter Mane|Protect\n|move|p2a: Flutter Mane|Protect|p2a: Flutter Mane\n|-singleturn|p2a: Flutter Mane|Protect\n|move|p2b: Gyarados|Waterfall|p1a: Flutter Mane\n|-activate|p1a: Flutter Mane|move: Protect\n|\n|upkeep\n|turn|3\n|inactive|bacon122 has 30 seconds left.\n|\n|t:|1682612517\n|-end|p1a: Flutter Mane|Protosynthesis|[silent]\n|switch|p1a: Chi-Yu|Chi-Yu, L50|100\/100\n|-ability|p1a: Chi-Yu|Beads of Ruin\n|-terastallize|p1b: Gyarados|Steel\n|move|p2a: Flutter Mane|Thunderbolt|p1b: Gyarados\n|-damage|p1b: Gyarados|64\/100\n|move|p1b: Gyarados|Iron Head|p2a: Flutter Mane\n|-supereffective|p2a: Flutter Mane\n|-damage|p2a: Flutter Mane|0 fnt\n|faint|p2a: Flutter Mane\n|-end|p2a: Flutter Mane|Protosynthesis|[silent]\n|move|p2b: Gyarados|Waterfall|p1a: Chi-Yu\n|-supereffective|p1a: Chi-Yu\n|-damage|p1a: Chi-Yu|30\/100\n|\n|upkeep\n|\n|t:|1682612527\n|switch|p2a: Corviknight|Corviknight, L50, F|100\/100\n|turn|4\n|\n|t:|1682612539\n|move|p1b: Gyarados|Helping Hand|p1a: Chi-Yu\n|-singleturn|p1a: Chi-Yu|Helping Hand|[of] p1b: Gyarados\n|move|p2a: Corviknight|Protect|p2a: Corviknight\n|-singleturn|p2a: Corviknight|Protect\n|move|p1a: Chi-Yu|Heat Wave|p2b: Gyarados|[spread] p2b\n|-activate|p2a: Corviknight|move: Protect\n|-resisted|p2b: Gyarados\n|-damage|p2b: Gyarados|62\/100\n|move|p2b: Gyarados|Waterfall|p1a: Chi-Yu\n|-supereffective|p1a: Chi-Yu\n|-damage|p1a: Chi-Yu|0 fnt\n|faint|p1a: Chi-Yu\n|\n|upkeep\n|\n|t:|1682612560\n|switch|p1a: Garchomp|Garchomp, L50, M|100\/100\n|turn|5\n|\n|t:|1682612576\n|move|p1b: Gyarados|Helping Hand|p1a: Garchomp\n|-singleturn|p1a: Garchomp|Helping Hand|[of] p1b: Gyarados\n|move|p1a: Garchomp|Rock Slide|p2a: Corviknight|[spread] p2a,p2b\n|-supereffective|p2b: Gyarados\n|-damage|p2a: Corviknight|79\/100\n|-damage|p2b: Gyarados|2\/100\n|-enditem|p2b: Gyarados|Aguav Berry|[eat]\n|-heal|p2b: Gyarados|35\/100|[from] item: Aguav Berry\n|move|p2b: Gyarados|Thunder Wave|p1b: Gyarados\n|-status|p1b: Gyarados|par\n|cant|p2a: Corviknight|flinch\n|\n|-heal|p2a: Corviknight|85\/100|[from] item: Leftovers\n|upkeep\n|turn|6\n|\n|t:|1682612591\n|move|p2b: Gyarados|Protect|p2b: Gyarados\n|-singleturn|p2b: Gyarados|Protect\n|move|p1a: Garchomp|Rock Slide|p2b: Gyarados|[spread] p2a\n|-activate|p2b: Gyarados|move: Protect\n|-damage|p2a: Corviknight|71\/100\n|move|p2a: Corviknight|Iron Defense|p2a: Corviknight\n|-boost|p2a: Corviknight|def|2\n|move|p1b: Gyarados|Waterfall|p2a: Corviknight\n|-damage|p2a: Corviknight|54\/100\n|\n|-heal|p2a: Corviknight|60\/100|[from] item: Leftovers\n|upkeep\n|turn|7\n|\n|t:|1682612606\n|move|p1a: Garchomp|Rock Slide|p2a: Corviknight|[spread] p2a,p2b\n|-supereffective|p2b: Gyarados\n|-damage|p2a: Corviknight|53\/100\n|-damage|p2b: Gyarados|0 fnt\n|faint|p2b: Gyarados\n|move|p2a: Corviknight|Iron Defense|p2a: Corviknight\n|-boost|p2a: Corviknight|def|2\n|cant|p1b: Gyarados|par\n|\n|-heal|p2a: Corviknight|59\/100|[from] item: Leftovers\n|upkeep\n|turn|8\n|\n|t:|1682612621\n|move|p2a: Corviknight|Protect|p2a: Corviknight\n|-singleturn|p2a: Corviknight|Protect\n|move|p1a: Garchomp|Swords Dance|p1a: Garchomp\n|-boost|p1a: Garchomp|atk|2\n|cant|p1b: Gyarados|par\n|\n|-heal|p2a: Corviknight|66\/100|[from] item: Leftovers\n|upkeep\n|turn|9\n|\n|t:|1682612639\n|move|p1a: Garchomp|Rock Slide|p2a: Corviknight\n|-damage|p2a: Corviknight|51\/100\n|move|p2a: Corviknight|Iron Defense|p2a: Corviknight\n|-boost|p2a: Corviknight|def|2\n|move|p1b: Gyarados|Waterfall|p2a: Corviknight\n|-damage|p2a: Corviknight|43\/100\n|\n|-heal|p2a: Corviknight|49\/100|[from] item: Leftovers\n|upkeep\n|turn|10\n|\n|t:|1682612654\n|move|p1a: Garchomp|Swords Dance|p1a: Garchomp\n|-boost|p1a: Garchomp|atk|2\n|move|p2a: Corviknight|Body Press|p1a: Garchomp\n|-damage|p1a: Garchomp|15\/100\n|-damage|p2a: Corviknight|36\/100|[from] ability: Rough Skin|[of] p1a: Garchomp\n|move|p1b: Gyarados|Waterfall|p2a: Corviknight\n|-damage|p2a: Corviknight|27\/100\n|\n|-heal|p2a: Corviknight|33\/100|[from] item: Leftovers\n|upkeep\n|turn|11\n|l| dcsvfwfeq\n|\n|t:|1682612671\n|move|p1b: Gyarados|Helping Hand|p1a: Garchomp\n|-singleturn|p1a: Garchomp|Helping Hand|[of] p1b: Gyarados\n|move|p1a: Garchomp|Rock Slide|p2a: Corviknight|[miss]\n|-miss|p1a: Garchomp|p2a: Corviknight\n|move|p2a: Corviknight|Body Press|p1a: Garchomp\n|-damage|p1a: Garchomp|0 fnt\n|-damage|p2a: Corviknight|21\/100|[from] ability: Rough Skin|[of] p1a: Garchomp\n|faint|p1a: Garchomp\n|\n|-heal|p2a: Corviknight|27\/100|[from] item: Leftovers\n|upkeep\n|\n|t:|1682612677\n|switch|p1a: Flutter Mane|Flutter Mane, L50|100\/100\n|turn|12\n|\n|t:|1682612695\n|move|p1b: Gyarados|Helping Hand|p1a: Flutter Mane\n|-singleturn|p1a: Flutter Mane|Helping Hand|[of] p1b: Gyarados\n|move|p2a: Corviknight|Protect|p2a: Corviknight\n|-singleturn|p2a: Corviknight|Protect\n|move|p1a: Flutter Mane|Moonblast|p2a: Corviknight\n|-activate|p2a: Corviknight|move: Protect\n|\n|-heal|p2a: Corviknight|33\/100|[from] item: Leftovers\n|upkeep\n|turn|13\n|\n|t:|1682612705\n|move|p1b: Gyarados|Helping Hand|p1a: Flutter Mane\n|-singleturn|p1a: Flutter Mane|Helping Hand|[of] p1b: Gyarados\n|move|p1a: Flutter Mane|Moonblast|p2a: Corviknight\n|-resisted|p2a: Corviknight\n|-damage|p2a: Corviknight|2\/100\n|move|p2a: Corviknight|Iron Head|p1a: Flutter Mane\n|-supereffective|p1a: Flutter Mane\n|-damage|p1a: Flutter Mane|0 fnt\n|faint|p1a: Flutter Mane\n|-end|p1a: Flutter Mane|Protosynthesis|[silent]\n|\n|-heal|p2a: Corviknight|8\/100|[from] item: Leftovers\n|upkeep\n|turn|14\n|\n|t:|1682612714\n|move|p2a: Corviknight|Protect|p2a: Corviknight\n|-singleturn|p2a: Corviknight|Protect\n|move|p1b: Gyarados|Waterfall|p2a: Corviknight\n|-activate|p2a: Corviknight|move: Protect\n|\n|-heal|p2a: Corviknight|15\/100|[from] item: Leftovers\n|upkeep\n|turn|15\n|\n|t:|1682612720\n|move|p2a: Corviknight|Body Press|p1b: Gyarados\n|-supereffective|p1b: Gyarados\n|-damage|p1b: Gyarados|0 fnt\n|faint|p1b: Gyarados\n|\n|win|Barbie120\n|raw|bacon122's rating: 1527 → 1510<\/strong> (-17 for losing)\n|raw|Barbie120's rating: 1571 → 1588<\/strong> (+17 for winning)\n|l|\u203dbacon122\n|c|\u2606Barbie120|Gg\n","uploadtime":1682612732,"views":11,"p1id":"bacon122","p2id":"barbie120","formatid":"gen9vgc2023regulationc","rating":1510,"private":0,"password":""}