{"id":"gen9vgc2023regulationc-1845406434","p1":"Mahery8","p2":"haha u rage quit","format":"[Gen 9] VGC 2023 Regulation C","log":"|j|\u2606Mahery8\n|j|\u2606haha u rage quit\n|t:|1681728936\n|gametype|doubles\n|player|p1|Mahery8|265|1255\n|player|p2|haha u rage quit|pokemaniac|1349\n|teamsize|p1|6\n|teamsize|p2|6\n|gen|9\n|tier|[Gen 9] VGC 2023 Regulation C\n|rated|\n|rule|Species Clause: Limit one of each Pok\u00e9mon\n|rule|Item Clause: Limit one of each item\n|clearpoke\n|poke|p1|Garchomp, L50, F|\n|poke|p1|Tyranitar, L50, M|\n|poke|p1|Hippowdon, L50, F|\n|poke|p1|Orthworm, L50, M|\n|poke|p1|Clodsire, L50, F|\n|poke|p1|Espathra, L50, M|\n|poke|p2|Meowscarada, L50, M|\n|poke|p2|Tatsugiri-Droopy, L50, M|\n|poke|p2|Talonflame, L50, M|\n|poke|p2|Pawmot, L50, M|\n|poke|p2|Dondozo, L50, M|\n|poke|p2|Arcanine, L50, M|\n|teampreview|4\n|inactive|Battle timer is ON: inactive players will automatically lose when time's up. (requested by Mahery8)\n|\n|t:|1681728966\n|start\n|switch|p1a: Orthworm|Orthworm, L50, M|100\/100\n|switch|p1b: Tyranitar|Tyranitar, L50, M|100\/100\n|switch|p2a: Meowscarada|Meowscarada, L50, M|100\/100\n|switch|p2b: Arcanine|Arcanine, L50, M|100\/100\n|-ability|p2b: Arcanine|Intimidate|boost\n|-unboost|p1a: Orthworm|atk|1\n|-unboost|p1b: Tyranitar|atk|1\n|-weather|Sandstorm|[from] ability: Sand Stream|[of] p1b: Tyranitar\n|turn|1\n|\n|t:|1681728990\n|move|p1b: Tyranitar|Protect|p1b: Tyranitar\n|-singleturn|p1b: Tyranitar|Protect\n|move|p2a: Meowscarada|Play Rough|p1b: Tyranitar\n|-start|p2a: Meowscarada|typechange|Fairy|[from] ability: Protean\n|-activate|p1b: Tyranitar|move: Protect\n|move|p2b: Arcanine|Close Combat|p1b: Tyranitar\n|-activate|p1b: Tyranitar|move: Protect\n|move|p1a: Orthworm|Body Press|p2a: Meowscarada\n|-resisted|p2a: Meowscarada\n|-damage|p2a: Meowscarada|80\/100\n|\n|-weather|Sandstorm|[upkeep]\n|-damage|p2a: Meowscarada|74\/100|[from] Sandstorm\n|-damage|p2b: Arcanine|95\/100|[from] Sandstorm\n|upkeep\n|turn|2\n|\n|t:|1681729012\n|-terastallize|p1b: Tyranitar|Flying\n|move|p2a: Meowscarada|Play Rough|p1b: Tyranitar|[miss]\n|-miss|p2a: Meowscarada|p1b: Tyranitar\n|move|p2b: Arcanine|Flare Blitz|p1a: Orthworm\n|-supereffective|p1a: Orthworm\n|-damage|p1a: Orthworm|12\/100\n|-enditem|p1a: Orthworm|Aguav Berry|[eat]\n|-heal|p1a: Orthworm|46\/100|[from] item: Aguav Berry\n|-damage|p2b: Arcanine|65\/100|[from] Recoil\n|-damage|p2b: Arcanine|55\/100|[from] item: Life Orb\n|move|p1a: Orthworm|Shed Tail|p1a: Orthworm\n|-fail|p1a: Orthworm|move: Shed Tail|[weak]\n|move|p1b: Tyranitar|Thunderbolt|p2a: Meowscarada\n|-damage|p2a: Meowscarada|46\/100\n|\n|-weather|Sandstorm|[upkeep]\n|-damage|p2a: Meowscarada|40\/100|[from] Sandstorm\n|-damage|p2b: Arcanine|49\/100|[from] Sandstorm\n|-damage|p1b: Tyranitar|95\/100|[from] Sandstorm\n|upkeep\n|turn|3\n|\n|t:|1681729031\n|move|p2a: Meowscarada|Play Rough|p1a: Orthworm\n|-resisted|p1a: Orthworm\n|-damage|p1a: Orthworm|32\/100\n|move|p2b: Arcanine|Wild Charge|p1b: Tyranitar\n|-supereffective|p1b: Tyranitar\n|-damage|p1b: Tyranitar|41\/100\n|-damage|p2b: Arcanine|33\/100|[from] Recoil\n|-damage|p2b: Arcanine|23\/100|[from] item: Life Orb\n|move|p1a: Orthworm|Iron Defense|p1a: Orthworm\n|-boost|p1a: Orthworm|def|2\n|move|p1b: Tyranitar|Thunderbolt|p2a: Meowscarada\n|-damage|p2a: Meowscarada|10\/100\n|\n|-weather|Sandstorm|[upkeep]\n|-damage|p2a: Meowscarada|4\/100|[from] Sandstorm\n|-damage|p2b: Arcanine|17\/100|[from] Sandstorm\n|-damage|p1b: Tyranitar|35\/100|[from] Sandstorm\n|upkeep\n|turn|4\n|\n|t:|1681729052\n|move|p2a: Meowscarada|Play Rough|p1b: Tyranitar\n|-damage|p1b: Tyranitar|2\/100\n|move|p2b: Arcanine|Close Combat|p1a: Orthworm\n|-supereffective|p1a: Orthworm\n|-damage|p1a: Orthworm|2\/100\n|-unboost|p2b: Arcanine|def|1\n|-unboost|p2b: Arcanine|spd|1\n|-damage|p2b: Arcanine|7\/100|[from] item: Life Orb\n|move|p1a: Orthworm|Iron Defense|p1a: Orthworm\n|-boost|p1a: Orthworm|def|2\n|move|p1b: Tyranitar|Snarl|p2b: Arcanine|[spread] p2a,p2b\n|-resisted|p2a: Meowscarada\n|-damage|p2a: Meowscarada|0 fnt\n|-damage|p2b: Arcanine|0 fnt\n|faint|p2a: Meowscarada\n|faint|p2b: Arcanine\n|\n|-weather|Sandstorm|[upkeep]\n|-damage|p1b: Tyranitar|0 fnt|[from] Sandstorm\n|faint|p1b: Tyranitar\n|upkeep\n|\n|t:|1681729067\n|switch|p2b: Tatsugiri|Tatsugiri-Droopy, L50, M|100\/100\n|switch|p2a: Dondozo|Dondozo, L50, M|100\/100\n|switch|p1b: Hippowdon|Hippowdon, L50, F|100\/100\n|-activate|p2b: Tatsugiri|ability: Commander|[of] p2a: Dondozo\n|-boost|p2a: Dondozo|atk|2\n|-boost|p2a: Dondozo|spa|2\n|-boost|p2a: Dondozo|spe|2\n|-boost|p2a: Dondozo|def|2\n|-boost|p2a: Dondozo|spd|2\n|turn|5\n|\n|t:|1681729089\n|move|p2a: Dondozo|Wave Crash|p1a: Orthworm\n|-damage|p1a: Orthworm|0 fnt\n|faint|p1a: Orthworm\n|-damage|p2a: Dondozo|99\/100|[from] Recoil\n|move|p1b: Hippowdon|Yawn|p2a: Dondozo\n|-start|p2a: Dondozo|move: Yawn|[of] p1b: Hippowdon\n|\n|-weather|Sandstorm|[upkeep]\n|-damage|p2a: Dondozo|94\/100|[from] Sandstorm\n|-damage|p2b: Tatsugiri|95\/100|[from] Sandstorm\n|upkeep\n|\n|t:|1681729100\n|switch|p1a: Clodsire|Clodsire, L50, F|100\/100\n|turn|6\n|\n|t:|1681729118\n|move|p1b: Hippowdon|Protect|p1b: Hippowdon\n|-singleturn|p1b: Hippowdon|Protect\n|move|p1a: Clodsire|Protect|p1a: Clodsire\n|-singleturn|p1a: Clodsire|Protect\n|move|p2a: Dondozo|Wave Crash|p1b: Hippowdon\n|-activate|p1b: Hippowdon|move: Protect\n|\n|-weather|Sandstorm|[upkeep]\n|-damage|p2a: Dondozo|88\/100|[from] Sandstorm\n|-damage|p2b: Tatsugiri|89\/100|[from] Sandstorm\n|-end|p2a: Dondozo|move: Yawn|[silent]\n|-status|p2a: Dondozo|slp\n|upkeep\n|-enditem|p2a: Dondozo|Chesto Berry|[eat]\n|-curestatus|p2a: Dondozo|slp|[msg]\n|turn|7\n|\n|t:|1681729132\n|move|p2a: Dondozo|Wave Crash|p1b: Hippowdon\n|-supereffective|p1b: Hippowdon\n|-damage|p1b: Hippowdon|0 fnt\n|faint|p1b: Hippowdon\n|-damage|p2a: Dondozo|56\/100|[from] Recoil\n|move|p1a: Clodsire|Gunk Shot|p2a: Dondozo|[miss]\n|-miss|p1a: Clodsire|p2a: Dondozo\n|\n|-weather|Sandstorm|[upkeep]\n|-damage|p2a: Dondozo|50\/100|[from] Sandstorm\n|-damage|p2b: Tatsugiri|83\/100|[from] Sandstorm\n|upkeep\n|turn|8\n|\n|t:|1681729141\n|-terastallize|p2a: Dondozo|Grass\n|move|p2a: Dondozo|Tera Blast|p1a: Clodsire\n|-damage|p1a: Clodsire|46\/100\n|move|p1a: Clodsire|Toxic|p2a: Dondozo\n|-status|p2a: Dondozo|tox\n|\n|-weather|none\n|-heal|p1a: Clodsire|52\/100|[from] item: Leftovers\n|-damage|p2a: Dondozo|44\/100 tox|[from] psn\n|upkeep\n|turn|9\n|\n|t:|1681729152\n|move|p1a: Clodsire|Protect|p1a: Clodsire\n|-singleturn|p1a: Clodsire|Protect\n|move|p2a: Dondozo|Tera Blast|p1a: Clodsire\n|-activate|p1a: Clodsire|move: Protect\n|\n|-heal|p1a: Clodsire|57\/100|[from] item: Leftovers\n|-damage|p2a: Dondozo|31\/100 tox|[from] psn\n|upkeep\n|turn|10\n|\n|t:|1681729162\n|move|p2a: Dondozo|Tera Blast|p1a: Clodsire\n|-damage|p1a: Clodsire|0 fnt\n|faint|p1a: Clodsire\n|\n|win|haha u rage quit\n|raw|Mahery8's rating: 1255 → 1237<\/strong> (-18 for losing)\n|raw|haha u rage quit's rating: 1349 → 1364<\/strong> (+15 for winning)\n|l|\u2606Mahery8\n","uploadtime":1681729170,"views":7,"p1id":"mahery8","p2id":"hahauragequit","formatid":"gen9vgc2023regulationc","rating":1237,"private":0,"password":""}