{"id":"gen9vgc2023regulationc-1861904759","p1":"Cyalia","p2":"x3tokiex3","format":"[Gen 9] VGC 2023 Regulation C","log":"|j|\u2606Cyalia\n|j|\u2606x3tokiex3\n|t:|1683819521\n|gametype|doubles\n|player|p1|Cyalia|guitarist|1200\n|player|p2|x3tokiex3|elesa|1297\n|teamsize|p1|6\n|teamsize|p2|6\n|gen|9\n|tier|[Gen 9] VGC 2023 Regulation C\n|rated|\n|rule|Species Clause: Limit one of each Pok\u00e9mon\n|rule|Item Clause: Limit one of each item\n|clearpoke\n|poke|p1|Palafin, L50, M|\n|poke|p1|Arcanine, L50, M|\n|poke|p1|Amoonguss, L50, F|\n|poke|p1|Ting-Lu, L50|\n|poke|p1|Flutter Mane, L50|\n|poke|p1|Baxcalibur, L50, F|\n|poke|p2|Scream Tail, L50|\n|poke|p2|Vivillon-Fancy, L50, F|\n|poke|p2|Iron Hands, L50|\n|poke|p2|Ting-Lu, L50|\n|poke|p2|Rotom-Wash, L50|\n|poke|p2|Ceruledge, L50, M|\n|teampreview|4\n|inactive|Battle timer is ON: inactive players will automatically lose when time's up. (requested by x3tokiex3)\nCyalia has agreed to open team sheets.\nx3tokiex3 has agreed to open team sheets.\n|inactive|Cyalia has 60 seconds left.\n|inactive|x3tokiex3 has 60 seconds left.\n|inactive|Cyalia has 30 seconds left.\n|\n|t:|1683819584\n|start\n|switch|p1a: Palafin|Palafin, L50, M|100\/100\n|switch|p1b: Flutter Mane|Flutter Mane, L50|100\/100\n|switch|p2a: Vivillon|Vivillon-Fancy, L50, F|100\/100\n|switch|p2b: Ting-Lu|Ting-Lu, L50|100\/100\n|-ability|p2b: Ting-Lu|Vessel of Ruin\n|turn|1\n|inactive|x3tokiex3 has 30 seconds left.\n|inactive|Cyalia has 30 seconds left.\n|inactive|x3tokiex3 has 20 seconds left.\n|inactive|x3tokiex3 has 15 seconds left.\n|inactive|x3tokiex3 has 10 seconds left.\n|inactive|x3tokiex3 has 5 seconds left.\n|\n|t:|1683819638\n|-terastallize|p1b: Flutter Mane|Fairy\n|move|p1a: Palafin|Protect|p1a: Palafin\n|-singleturn|p1a: Palafin|Protect\n|move|p1b: Flutter Mane|Dazzling Gleam|p2b: Ting-Lu|[spread] p2a,p2b\n|-supereffective|p2b: Ting-Lu\n|-damage|p2a: Vivillon|23\/100\n|-damage|p2b: Ting-Lu|54\/100\n|move|p2a: Vivillon|Tailwind|p2a: Vivillon\n|-sidestart|p2: x3tokiex3|move: Tailwind\n|move|p2b: Ting-Lu|Heavy Slam|p1b: Flutter Mane\n|-supereffective|p1b: Flutter Mane\n|-damage|p1b: Flutter Mane|0 fnt\n|faint|p1b: Flutter Mane\n|-end|p1b: Flutter Mane|Protosynthesis|[silent]\n|\n|upkeep\n|\n|t:|1683819650\n|switch|p1b: Arcanine|Arcanine, L50, M|100\/100\n|-ability|p1b: Arcanine|Intimidate|boost\n|-unboost|p2a: Vivillon|atk|1\n|-unboost|p2b: Ting-Lu|atk|1\n|turn|2\n|inactive|x3tokiex3 has 30 seconds left.\n|\n|t:|1683819682\n|switch|p2a: Iron Hands|Iron Hands, L50|100\/100\n|switch|p2b: Ceruledge|Ceruledge, L50, M|100\/100\n|detailschange|p1a: Palafin|Palafin-Hero, L50, M\n|switch|p1a: Ting-Lu|Ting-Lu, L50|100\/100\n|-ability|p1a: Ting-Lu|Vessel of Ruin\n|move|p1b: Arcanine|Flare Blitz|p2a: Iron Hands\n|-damage|p2a: Iron Hands|70\/100\n|-damage|p1b: Arcanine|88\/100|[from] Recoil\n|\n|upkeep\n|turn|3\n|inactive|x3tokiex3 has 30 seconds left.\n|inactive|x3tokiex3 has 20 seconds left.\n|inactive|x3tokiex3 has 15 seconds left.\n|inactive|x3tokiex3 has 10 seconds left.\n|inactive|x3tokiex3 has 5 seconds left.\n|\n|t:|1683819732\n|-terastallize|p2b: Ceruledge|Grass\n|move|p1b: Arcanine|Protect|p1b: Arcanine\n|-singleturn|p1b: Arcanine|Protect\n|move|p2a: Iron Hands|Fake Out|p1b: Arcanine\n|-activate|p1b: Arcanine|move: Protect\n|move|p2b: Ceruledge|Bulk Up|p2b: Ceruledge\n|-boost|p2b: Ceruledge|atk|1\n|-boost|p2b: Ceruledge|def|1\n|move|p1a: Ting-Lu|Ruination|p2b: Ceruledge|[miss]\n|-miss|p1a: Ting-Lu|p2b: Ceruledge\n|\n|upkeep\n|turn|4\n|\n|t:|1683819752\n|move|p2b: Ceruledge|Bulk Up|p2b: Ceruledge\n|-boost|p2b: Ceruledge|atk|1\n|-boost|p2b: Ceruledge|def|1\n|move|p2a: Iron Hands|Drain Punch|p1a: Ting-Lu\n|-supereffective|p1a: Ting-Lu\n|-damage|p1a: Ting-Lu|47\/100\n|-heal|p2a: Iron Hands|96\/100|[from] drain|[of] p1a: Ting-Lu\n|move|p1b: Arcanine|Will-O-Wisp|p2a: Iron Hands\n|-status|p2a: Iron Hands|brn\n|move|p1a: Ting-Lu|Ruination|p2b: Ceruledge\n|-damage|p2b: Ceruledge|51\/100\n|\n|-damage|p2a: Iron Hands|89\/100 brn|[from] brn\n|-sideend|p2: x3tokiex3|move: Tailwind\n|upkeep\n|turn|5\n|\n|t:|1683819770\n|move|p1b: Arcanine|Howl|p1b: Arcanine|[spread] p1a,p1b\n|-boost|p1a: Ting-Lu|atk|1\n|-boost|p1b: Arcanine|atk|1\n|move|p2b: Ceruledge|Bitter Blade|p1a: Ting-Lu\n|-damage|p1a: Ting-Lu|0 fnt\n|-heal|p2b: Ceruledge|82\/100|[from] drain|[of] p1a: Ting-Lu\n|faint|p1a: Ting-Lu\n|move|p2a: Iron Hands|Drain Punch|p1b: Arcanine\n|-damage|p1b: Arcanine|69\/100\n|-heal|p2a: Iron Hands|97\/100 brn|[from] drain|[of] p1b: Arcanine\n|\n|-damage|p2a: Iron Hands|91\/100 brn|[from] brn\n|upkeep\n|\n|t:|1683819782\n|switch|p1a: Palafin|Palafin-Hero, L50, M|100\/100\n|-activate|p1a: Palafin|ability: Zero to Hero\n|turn|6\n|inactive|x3tokiex3 has 30 seconds left.\n|\n|t:|1683819811\n|-end|p2a: Iron Hands|Quark Drive|[silent]\n|switch|p2a: Vivillon|Vivillon-Fancy, L50, F|23\/100\n|move|p1b: Arcanine|Howl|p1b: Arcanine|[spread] p1a,p1b\n|-boost|p1a: Palafin|atk|1\n|-boost|p1b: Arcanine|atk|1\n|move|p1a: Palafin|Substitute|p1a: Palafin\n|-start|p1a: Palafin|Substitute\n|-damage|p1a: Palafin|76\/100\n|move|p2b: Ceruledge|Bitter Blade|p1b: Arcanine\n|-resisted|p1b: Arcanine\n|-damage|p1b: Arcanine|30\/100\n|-heal|p2b: Ceruledge|100\/100|[from] drain|[of] p1b: Arcanine\n|\n|upkeep\n|turn|7\n|\n|t:|1683819832\n|move|p2b: Ceruledge|Shadow Sneak|p1b: Arcanine\n|-damage|p1b: Arcanine|0 fnt\n|faint|p1b: Arcanine\n|move|p2a: Vivillon|Tailwind|p2a: Vivillon\n|-sidestart|p2: x3tokiex3|move: Tailwind\n|move|p1a: Palafin|Wave Crash|p2b: Ceruledge\n|-resisted|p2b: Ceruledge\n|-damage|p2b: Ceruledge|70\/100\n|-damage|p1a: Palafin|67\/100|[from] Recoil\n|\n|upkeep\n|turn|8\n|-message|Cyalia forfeited.\n|\n|win|x3tokiex3\n|raw|Cyalia's rating: 1200 → 1182<\/strong> (-18 for losing)\n|raw|x3tokiex3's rating: 1297 → 1315<\/strong> (+18 for winning)\n|l|\u2606Cyalia\n","uploadtime":1683819845,"views":7,"p1id":"cyalia","p2id":"x3tokiex3","formatid":"gen9vgc2023regulationc","rating":1182,"private":0,"password":""}