{"id":"gen9vgc2023regulationc-1854456146","p1":"NicoHaxVGC","p2":"Blumagination","format":"[Gen 9] VGC 2023 Regulation C","log":"|j|\u2606NicoHaxVGC\n|j|\u2606Blumagination\n|t:|1682813196\n|gametype|doubles\n|player|p1|NicoHaxVGC|red|1343\n|player|p2|Blumagination|clown|1337\n|teamsize|p1|6\n|teamsize|p2|6\n|gen|9\n|tier|[Gen 9] VGC 2023 Regulation C\n|rated|\n|rule|Species Clause: Limit one of each Pok\u00e9mon\n|rule|Item Clause: Limit one of each item\n|clearpoke\n|poke|p1|Corviknight, L50, F|\n|poke|p1|Ting-Lu, L50|\n|poke|p1|Annihilape, L50, M|\n|poke|p1|Iron Bundle, L50|\n|poke|p1|Flutter Mane, L50|\n|poke|p1|Maushold, L50|\n|poke|p2|Iron Bundle, L50|\n|poke|p2|Flutter Mane, L50|\n|poke|p2|Garganacl, L50, F|\n|poke|p2|Arcanine, L50, M|\n|poke|p2|Amoonguss, L50, F|\n|poke|p2|Ting-Lu, L50|\n|teampreview|4\n|inactive|Battle timer is ON: inactive players will automatically lose when time's up. (requested by NicoHaxVGC)\n|\n|t:|1682813216\n|start\n|switch|p1a: Raven|Corviknight, L50, F|100\/100\n|switch|p1b: Beast boy|Ting-Lu, L50|100\/100\n|switch|p2a: Garganacl|Garganacl, L50, F|100\/100\n|switch|p2b: Flutter Mane|Flutter Mane, L50|100\/100\n|-ability|p1b: Beast boy|Vessel of Ruin\n|turn|1\n|\n|t:|1682813228\n|-terastallize|p2a: Garganacl|Ghost\n|move|p2b: Flutter Mane|Shadow Ball|p1a: Raven\n|-damage|p1a: Raven|62\/100\n|move|p1a: Raven|Iron Head|p2b: Flutter Mane\n|-supereffective|p2b: Flutter Mane\n|-damage|p2b: Flutter Mane|10\/100\n|move|p1b: Beast boy|Ruination|p2a: Garganacl\n|-damage|p2a: Garganacl|51\/100\n|move|p2a: Garganacl|Salt Cure|p1a: Raven\n|-damage|p1a: Raven|50\/100\n|-start|p1a: Raven|Salt Cure\n|-enditem|p1a: Raven|Sitrus Berry|[eat]\n|-heal|p1a: Raven|74\/100|[from] item: Sitrus Berry\n|\n|-heal|p2a: Garganacl|57\/100|[from] item: Leftovers\n|-damage|p1a: Raven|50\/100|[from] Salt Cure\n|upkeep\n|turn|2\n|inactive|NicoHaxVGC has 30 seconds left.\n|\n|t:|1682813262\n|-end|p2b: Flutter Mane|Protosynthesis|[silent]\n|switch|p2b: Arcanine|Arcanine, L50, M|100\/100\n|-ability|p2b: Arcanine|Intimidate|boost\n|-ability|p1a: Raven|Mirror Armor\n|-unboost|p2b: Arcanine|atk|1\n|-unboost|p1b: Beast boy|atk|1\n|move|p1a: Raven|Iron Head|p2a: Garganacl\n|-damage|p2a: Garganacl|40\/100\n|move|p1b: Beast boy|Heavy Slam|p2b: Arcanine\n|-resisted|p2b: Arcanine\n|-damage|p2b: Arcanine|90\/100\n|cant|p2a: Garganacl|flinch\n|\n|-heal|p2a: Garganacl|46\/100|[from] item: Leftovers\n|-damage|p1a: Raven|25\/100|[from] Salt Cure\n|upkeep\n|turn|3\n|inactive|NicoHaxVGC has 30 seconds left.\n|inactive|NicoHaxVGC has 20 seconds left.\n|\n|t:|1682813298\n|switch|p1a: Cyborg|Iron Bundle, L50|100\/100\n|-enditem|p1a: Cyborg|Booster Energy\n|-activate|p1a: Cyborg|ability: Quark Drive|[fromitem]\n|-start|p1a: Cyborg|quarkdrivespe\n|move|p2b: Arcanine|Protect|p2b: Arcanine\n|-singleturn|p2b: Arcanine|Protect\n|move|p1b: Beast boy|Ruination|p2b: Arcanine\n|-activate|p2b: Arcanine|move: Protect\n|move|p2a: Garganacl|Recover|p2a: Garganacl\n|-heal|p2a: Garganacl|96\/100\n|\n|-heal|p2a: Garganacl|100\/100|[from] item: Leftovers\n|upkeep\n|turn|4\n|\n|t:|1682813320\n|switch|p2b: Iron Bundle|Iron Bundle, L50|100\/100\n|-enditem|p2b: Iron Bundle|Booster Energy\n|-activate|p2b: Iron Bundle|ability: Quark Drive|[fromitem]\n|-start|p2b: Iron Bundle|quarkdrivespe\n|move|p1a: Cyborg|Hydro Pump|p2b: Iron Bundle\n|-resisted|p2b: Iron Bundle\n|-damage|p2b: Iron Bundle|72\/100\n|move|p1b: Beast boy|Ruination|p2a: Garganacl\n|-damage|p2a: Garganacl|51\/100\n|move|p2a: Garganacl|Salt Cure|p1a: Cyborg\n|-supereffective|p1a: Cyborg\n|-damage|p1a: Cyborg|70\/100\n|-start|p1a: Cyborg|Salt Cure\n|\n|-heal|p2a: Garganacl|57\/100|[from] item: Leftovers\n|-damage|p1a: Cyborg|45\/100|[from] Salt Cure\n|upkeep\n|turn|5\n|inactive|NicoHaxVGC has 30 seconds left.\n|\n|t:|1682813345\n|-terastallize|p1a: Cyborg|Ghost\n|move|p1a: Cyborg|Freeze-Dry|p2b: Iron Bundle\n|-damage|p2b: Iron Bundle|35\/100\n|move|p2b: Iron Bundle|Freeze-Dry|p1a: Cyborg\n|-damage|p1a: Cyborg|5\/100\n|-status|p1a: Cyborg|frz\n|move|p1b: Beast boy|Heavy Slam|p2b: Iron Bundle\n|-damage|p2b: Iron Bundle|12\/100\n|move|p2a: Garganacl|Salt Cure|p1b: Beast boy\n|-resisted|p1b: Beast boy\n|-damage|p1b: Beast boy|97\/100\n|-start|p1b: Beast boy|Salt Cure\n|\n|-heal|p2a: Garganacl|62\/100|[from] item: Leftovers\n|-damage|p1a: Cyborg|0 fnt|[from] Salt Cure\n|faint|p1a: Cyborg\n|-end|p1a: Cyborg|Quark Drive|[silent]\n|-damage|p1b: Beast boy|85\/100|[from] Salt Cure\n|upkeep\n|\n|t:|1682813359\n|switch|p1a: Star fire|Flutter Mane, L50|100\/100\n|turn|6\n|\n|t:|1682813370\n|switch|p1b: Raven|Corviknight, L50, F|25\/100\n|move|p2b: Iron Bundle|Protect|p2b: Iron Bundle\n|-singleturn|p2b: Iron Bundle|Protect\n|move|p2a: Garganacl|Protect|p2a: Garganacl\n|-singleturn|p2a: Garganacl|Protect\n|move|p1a: Star fire|Shadow Ball|p2a: Garganacl\n|-activate|p2a: Garganacl|move: Protect\n|\n|-heal|p2a: Garganacl|68\/100|[from] item: Leftovers\n|upkeep\n|turn|7\n|\n|t:|1682813384\n|switch|p2a: Flutter Mane|Flutter Mane, L50|10\/100\n|move|p2b: Iron Bundle|Freeze-Dry|p1b: Raven\n|-damage|p1b: Raven|0 fnt\n|faint|p1b: Raven\n|move|p1a: Star fire|Shadow Ball|p2a: Flutter Mane\n|-supereffective|p2a: Flutter Mane\n|-damage|p2a: Flutter Mane|0 fnt\n|faint|p2a: Flutter Mane\n|-end|p2a: Flutter Mane|Protosynthesis|[silent]\n|\n|upkeep\n|\n|t:|1682813394\n|switch|p2a: Arcanine|Arcanine, L50, M|90\/100\n|switch|p1b: Beast boy|Ting-Lu, L50|85\/100\n|-ability|p2a: Arcanine|Intimidate|boost\n|-unboost|p1a: Star fire|atk|1\n|-unboost|p1b: Beast boy|atk|1\n|-ability|p1b: Beast boy|Vessel of Ruin\n|turn|8\n|\n|t:|1682813409\n|move|p2b: Iron Bundle|Protect|p2b: Iron Bundle\n|-singleturn|p2b: Iron Bundle|Protect\n|move|p1a: Star fire|Shadow Ball|p2a: Arcanine\n|-damage|p2a: Arcanine|44\/100\n|-unboost|p2a: Arcanine|spd|1\n|move|p2a: Arcanine|Flare Blitz|p1a: Star fire\n|-damage|p1a: Star fire|23\/100\n|-damage|p2a: Arcanine|23\/100|[from] Recoil\n|move|p1b: Beast boy|Heavy Slam|p2b: Iron Bundle\n|-activate|p2b: Iron Bundle|move: Protect\n|\n|upkeep\n|turn|9\n|\n|t:|1682813424\n|switch|p2a: Garganacl|Garganacl, L50, F, tera:Ghost|68\/100\n|move|p2b: Iron Bundle|Freeze-Dry|p1a: Star fire\n|-damage|p1a: Star fire|0 fnt\n|faint|p1a: Star fire\n|-end|p1a: Star fire|Protosynthesis|[silent]\n|move|p1b: Beast boy|Heavy Slam|p2b: Iron Bundle\n|-damage|p2b: Iron Bundle|0 fnt\n|faint|p2b: Iron Bundle\n|-end|p2b: Iron Bundle|Quark Drive|[silent]\n|\n|-heal|p2a: Garganacl|74\/100|[from] item: Leftovers\n|upkeep\n|\n|t:|1682813427\n|switch|p2b: Arcanine|Arcanine, L50, M|23\/100\n|-ability|p2b: Arcanine|Intimidate|boost\n|-unboost|p1b: Beast boy|atk|1\n|turn|10\n|\n|t:|1682813436\n|move|p2b: Arcanine|Will-O-Wisp|p1b: Beast boy\n|-status|p1b: Beast boy|brn\n|move|p1b: Beast boy|Ruination|p2a: Garganacl\n|-damage|p2a: Garganacl|37\/100\n|move|p2a: Garganacl|Salt Cure|p1b: Beast boy\n|-resisted|p1b: Beast boy\n|-damage|p1b: Beast boy|81\/100 brn\n|-start|p1b: Beast boy|Salt Cure\n|\n|-heal|p2a: Garganacl|43\/100|[from] item: Leftovers\n|-damage|p1b: Beast boy|75\/100 brn|[from] brn\n|-damage|p1b: Beast boy|63\/100 brn|[from] Salt Cure\n|upkeep\n|turn|11\n|\n|t:|1682813445\n|move|p2b: Arcanine|Protect|p2b: Arcanine\n|-singleturn|p2b: Arcanine|Protect\n|move|p2a: Garganacl|Protect|p2a: Garganacl\n|-singleturn|p2a: Garganacl|Protect\n|move|p1b: Beast boy|Stone Edge|p2b: Arcanine\n|-activate|p2b: Arcanine|move: Protect\n|\n|-heal|p2a: Garganacl|49\/100|[from] item: Leftovers\n|-damage|p1b: Beast boy|57\/100 brn|[from] brn\n|-damage|p1b: Beast boy|45\/100 brn|[from] Salt Cure\n|upkeep\n|turn|12\n|\n|t:|1682813450\n|move|p2b: Arcanine|Extreme Speed|p1b: Beast boy\n|-damage|p1b: Beast boy|33\/100 brn\n|move|p1b: Beast boy|Ruination|p2a: Garganacl|[miss]\n|-miss|p1b: Beast boy|p2a: Garganacl\n|move|p2a: Garganacl|Recover|p2a: Garganacl\n|-heal|p2a: Garganacl|99\/100\n|\n|-heal|p2a: Garganacl|100\/100|[from] item: Leftovers\n|-damage|p1b: Beast boy|27\/100 brn|[from] brn\n|-damage|p1b: Beast boy|15\/100 brn|[from] Salt Cure\n|upkeep\n|turn|13\n|\n|t:|1682813455\n|move|p2b: Arcanine|Protect|p2b: Arcanine\n|-singleturn|p2b: Arcanine|Protect\n|move|p2a: Garganacl|Protect|p2a: Garganacl\n|-singleturn|p2a: Garganacl|Protect\n|move|p1b: Beast boy|Stone Edge|p2b: Arcanine\n|-activate|p2b: Arcanine|move: Protect\n|\n|-damage|p1b: Beast boy|9\/100 brn|[from] brn\n|-damage|p1b: Beast boy|0 fnt|[from] Salt Cure\n|faint|p1b: Beast boy\n|\n|win|Blumagination\n|upkeep\n|raw|NicoHaxVGC's rating: 1343 → 1323<\/strong> (-20 for losing)\n|raw|Blumagination's rating: 1337 → 1357<\/strong> (+20 for winning)\n","uploadtime":1682813460,"views":19,"p1id":"nicohaxvgc","p2id":"blumagination","formatid":"gen9vgc2023regulationc","rating":1323,"private":0,"password":""}