{"id":"gen9vgc2023regulationc-1862778883","p1":"SleepySilver07","p2":"revocolombia","format":"[Gen 9] VGC 2023 Regulation C","log":"|j|\u2606SleepySilver07\n|j|\u2606revocolombia\n|t:|1683921025\n|gametype|doubles\n|player|p1|SleepySilver07|266|1424\n|player|p2|revocolombia|pokemonranger-gen4|1514\n|teamsize|p1|6\n|teamsize|p2|6\n|gen|9\n|tier|[Gen 9] VGC 2023 Regulation C\n|rated|\n|rule|Species Clause: Limit one of each Pok\u00e9mon\n|rule|Item Clause: Limit one of each item\n|clearpoke\n|poke|p1|Abomasnow, L50, F|\n|poke|p1|Iron Bundle, L50|\n|poke|p1|Kingambit, L50, M|\n|poke|p1|Garchomp, L50, F|\n|poke|p1|Gyarados, L50, M|\n|poke|p1|Talonflame, L50, F|\n|poke|p2|Flutter Mane, L50|\n|poke|p2|Great Tusk, L50|\n|poke|p2|Dragonite, L50, M|\n|poke|p2|Chien-Pao, L50|\n|poke|p2|Murkrow, L50, F|\n|poke|p2|Gholdengo, L50|\n|teampreview|4\nSleepySilver07 has agreed to open team sheets.\n|\n|t:|1683921061\n|start\n|switch|p1a: Iron Bundle|Iron Bundle, L50|100\/100\n|switch|p1b: Talonflame|Talonflame, L50, F|100\/100\n|switch|p2a: Gholdengo|Gholdengo, L50|100\/100\n|switch|p2b: Murkrow|Murkrow, L50, F|100\/100\n|turn|1\n|\n|t:|1683921085\n|move|p1b: Talonflame|Tailwind|p1b: Talonflame\n|-sidestart|p1: SleepySilver07|move: Tailwind\n|move|p2b: Murkrow|Tailwind|p2b: Murkrow\n|-sidestart|p2: revocolombia|move: Tailwind\n|move|p1a: Iron Bundle|Flip Turn|p2a: Gholdengo\n|-damage|p2a: Gholdengo|84\/100\n|\n|t:|1683921091\n|-end|p1a: Iron Bundle|Quark Drive|[silent]\n|switch|p1a: Kingambit|Kingambit, L50, M|100\/100|[from] Flip Turn\n|move|p2a: Gholdengo|Make It Rain|p1b: Talonflame|[spread] p1a,p1b\n|-resisted|p1a: Kingambit\n|-resisted|p1b: Talonflame\n|-damage|p1a: Kingambit|79\/100\n|-damage|p1b: Talonflame|45\/100\n|-unboost|p2a: Gholdengo|spa|1\n|-damage|p2a: Gholdengo|74\/100|[from] item: Life Orb\n|\n|upkeep\n|turn|2\n|\n|t:|1683921121\n|switch|p2a: Chien-Pao|Chien-Pao, L50|100\/100\n|-ability|p2a: Chien-Pao|Sword of Ruin\n|move|p2b: Murkrow|Sunny Day|p2b: Murkrow\n|-weather|SunnyDay\n|move|p1a: Kingambit|Sucker Punch||[still]\n|-fail|p1a: Kingambit\n|move|p1b: Talonflame|Brave Bird|p2a: Chien-Pao\n|-damage|p2a: Chien-Pao|37\/100\n|-damage|p1b: Talonflame|22\/100|[from] Recoil\n|\n|-weather|SunnyDay|[upkeep]\n|upkeep\n|turn|3\n|\n|t:|1683921181\n|switch|p2b: Flutter Mane|Flutter Mane, L50|100\/100\n|-activate|p2b: Flutter Mane|ability: Protosynthesis\n|-start|p2b: Flutter Mane|protosynthesisspa\n|move|p2a: Chien-Pao|Ice Shard|p1b: Talonflame\n|-damage|p1b: Talonflame|0 fnt\n|faint|p1b: Talonflame\n|move|p1a: Kingambit|Sucker Punch||[still]\n|-fail|p1a: Kingambit\n|\n|-weather|SunnyDay|[upkeep]\n|upkeep\n|\n|t:|1683921206\n|switch|p1b: Garchomp|Garchomp, L50, F|100\/100\n|turn|4\n|\n|t:|1683921231\n|-terastallize|p1b: Garchomp|Fire\n|move|p2b: Flutter Mane|Protect|p2b: Flutter Mane\n|-singleturn|p2b: Flutter Mane|Protect\n|move|p2a: Chien-Pao|Sacred Sword|p1a: Kingambit\n|-supereffective|p1a: Kingambit\n|-damage|p1a: Kingambit|0 fnt\n|faint|p1a: Kingambit\n|move|p1b: Garchomp|Stomping Tantrum|p2a: Chien-Pao\n|-damage|p2a: Chien-Pao|0 fnt\n|faint|p2a: Chien-Pao\n|-damage|p1b: Garchomp|91\/100|[from] item: Life Orb\n|\n|-weather|SunnyDay|[upkeep]\n|-sideend|p2: revocolombia|move: Tailwind\n|-sideend|p1: SleepySilver07|move: Tailwind\n|upkeep\n|\n|t:|1683921247\n|switch|p2a: Murkrow|Murkrow, L50, F|100\/100\n|switch|p1a: Iron Bundle|Iron Bundle, L50|100\/100\n|turn|5\n|\n|t:|1683921262\n|move|p2a: Murkrow|Tailwind|p2a: Murkrow\n|-sidestart|p2: revocolombia|move: Tailwind\n|move|p2b: Flutter Mane|Thunderbolt|p1a: Iron Bundle\n|-supereffective|p1a: Iron Bundle\n|-damage|p1a: Iron Bundle|0 fnt\n|faint|p1a: Iron Bundle\n|-end|p1a: Iron Bundle|Quark Drive|[silent]\n|move|p1b: Garchomp|Stomping Tantrum|p2b: Flutter Mane\n|-damage|p2b: Flutter Mane|14\/100\n|-damage|p1b: Garchomp|81\/100|[from] item: Life Orb\n|\n|-weather|SunnyDay|[upkeep]\n|upkeep\n|turn|6\n|\n|t:|1683921283\n|move|p1b: Garchomp|Protect|p1b: Garchomp\n|-singleturn|p1b: Garchomp|Protect\n|move|p2a: Murkrow|Taunt|p1b: Garchomp\n|-activate|p1b: Garchomp|move: Protect\n|move|p2b: Flutter Mane|Shadow Ball|p1b: Garchomp\n|-activate|p1b: Garchomp|move: Protect\n|\n|-weather|none\n|-end|p2b: Flutter Mane|Protosynthesis\n|upkeep\n|-enditem|p2b: Flutter Mane|Booster Energy\n|-activate|p2b: Flutter Mane|ability: Protosynthesis|[fromitem]\n|-start|p2b: Flutter Mane|protosynthesisspa\n|turn|7\n|\n|t:|1683921305\n|move|p2a: Murkrow|Taunt|p1b: Garchomp\n|-start|p1b: Garchomp|move: Taunt\n|move|p2b: Flutter Mane|Shadow Ball|p1b: Garchomp\n|-damage|p1b: Garchomp|10\/100\n|move|p1b: Garchomp|Earthquake|p2b: Flutter Mane|[spread] p2b\n|-immune|p2a: Murkrow\n|-damage|p2b: Flutter Mane|0 fnt\n|faint|p2b: Flutter Mane\n|-end|p2b: Flutter Mane|Protosynthesis|[silent]\n|-damage|p1b: Garchomp|0 fnt|[from] item: Life Orb\n|faint|p1b: Garchomp\n|\n|win|revocolombia\n|raw|SleepySilver07's rating: 1424 → 1409<\/strong> (-15 for losing)\n|raw|revocolombia's rating: 1514 → 1529<\/strong> (+15 for winning)\n","uploadtime":1683921321,"views":6,"p1id":"sleepysilver07","p2id":"revocolombia","formatid":"gen9vgc2023regulationc","rating":1409,"private":0,"password":""}