{"id":"gen9vgc2023regulationc-1863836059","p1":"Warity","p2":"lanagram","format":"[Gen 9] VGC 2023 Regulation C","log":"|j|\u2606Warity\n|j|\u203dlanagram\n|t:|1684083578\n|gametype|doubles\n|player|p1|Warity|veteran-gen4|1223\n|player|p2|lanagram|101|1125\n|teamsize|p1|6\n|teamsize|p2|6\n|gen|9\n|tier|[Gen 9] VGC 2023 Regulation C\n|rated|\n|rule|Species Clause: Limit one of each Pok\u00e9mon\n|rule|Item Clause: Limit one of each item\n|clearpoke\n|poke|p1|Maushold-Four, L50|\n|poke|p1|Flutter Mane, L50|\n|poke|p1|Chien-Pao, L50|\n|poke|p1|Talonflame, L50, M|\n|poke|p1|Kingambit, L50, M|\n|poke|p1|Garchomp, L50, M|\n|poke|p2|Wo-Chien, L50|\n|poke|p2|Grimmsnarl, L50, M|\n|poke|p2|Garganacl, L50, F|\n|poke|p2|Crocalor, L50, F|\n|poke|p2|Ting-Lu, L50|\n|poke|p2|Ditto, L50|\n|teampreview|4\n|inactive|Battle timer is ON: inactive players will automatically lose when time's up. (requested by Warity)\n|inactive|lanagram has 60 seconds left.\n|\n|t:|1684083626\n|start\n|switch|p1a: Talonflame|Talonflame, L50, M|100\/100\n|switch|p1b: Garchomp|Garchomp, L50, M|100\/100\n|switch|p2a: Grimmsnarl|Grimmsnarl, L50, M|100\/100\n|switch|p2b: Crocalor|Crocalor, L50, F|100\/100\n|turn|1\n|inactive|Warity has 30 seconds left.\n|\n|t:|1684083660\n|-terastallize|p2b: Crocalor|Ghost\n|move|p1a: Talonflame|Brave Bird|p2a: Grimmsnarl\n|-damage|p2a: Grimmsnarl|54\/100\n|-damage|p1a: Talonflame|83\/100|[from] Recoil\n|move|p2a: Grimmsnarl|Taunt|p1a: Talonflame\n|-start|p1a: Talonflame|move: Taunt\n|move|p1b: Garchomp|Swords Dance|p1b: Garchomp\n|-boost|p1b: Garchomp|atk|2\n|move|p2b: Crocalor|Fire Spin|p1a: Talonflame\n|-resisted|p1a: Talonflame\n|-crit|p1a: Talonflame\n|-damage|p1a: Talonflame|72\/100\n|-activate|p1a: Talonflame|move: Fire Spin|[of] p2b: Crocalor\n|\n|-damage|p1a: Talonflame|60\/100|[from] move: Fire Spin|[partiallytrapped]\n|upkeep\n|turn|2\n|\n|t:|1684083683\n|move|p2a: Grimmsnarl|Reflect|p2a: Grimmsnarl\n|-sidestart|p2: lanagram|Reflect\n|move|p1a: Talonflame|Brave Bird|p2a: Grimmsnarl\n|-damage|p2a: Grimmsnarl|22\/100\n|-damage|p1a: Talonflame|47\/100|[from] Recoil\n|move|p1b: Garchomp|Rock Slide|p2b: Crocalor|[spread] p2a,p2b\n|-damage|p2a: Grimmsnarl|0 fnt\n|-damage|p2b: Crocalor|93\/100\n|faint|p2a: Grimmsnarl\n|move|p2b: Crocalor|Fire Spin|p1b: Garchomp\n|-resisted|p1b: Garchomp\n|-damage|p1b: Garchomp|96\/100\n|-activate|p1b: Garchomp|move: Fire Spin|[of] p2b: Crocalor\n|\n|-damage|p1a: Talonflame|35\/100|[from] move: Fire Spin|[partiallytrapped]\n|-damage|p1b: Garchomp|84\/100|[from] move: Fire Spin|[partiallytrapped]\n|upkeep\n|\n|t:|1684083700\n|switch|p2a: Garganacl|Garganacl, L50, F|100\/100\n|turn|3\n|\n|t:|1684083711\n|move|p2a: Garganacl|Wide Guard|p2a: Garganacl\n|-singleturn|p2a: Garganacl|Wide Guard\n|move|p1a: Talonflame|Brave Bird|p2b: Crocalor\n|-damage|p2b: Crocalor|76\/100\n|-damage|p1a: Talonflame|29\/100|[from] Recoil\n|move|p1b: Garchomp|Swords Dance|p1b: Garchomp\n|-boost|p1b: Garchomp|atk|2\n|move|p2b: Crocalor|Yawn|p1b: Garchomp\n|-start|p1b: Garchomp|move: Yawn|[of] p2b: Crocalor\n|\n|-damage|p1a: Talonflame|17\/100|[from] move: Fire Spin|[partiallytrapped]\n|-damage|p1b: Garchomp|72\/100|[from] move: Fire Spin|[partiallytrapped]\n|upkeep\n|turn|4\n|inactive|lanagram has 30 seconds left.\n|\n|t:|1684083737\n|move|p1b: Garchomp|Protect|p1b: Garchomp\n|-singleturn|p1b: Garchomp|Protect\n|move|p2a: Garganacl|Wide Guard|p2a: Garganacl\n|-singleturn|p2a: Garganacl|Wide Guard\n|move|p1a: Talonflame|Brave Bird|p2b: Crocalor\n|-damage|p2b: Crocalor|58\/100\n|-damage|p1a: Talonflame|11\/100|[from] Recoil\n|move|p2b: Crocalor|Slack Off|p2b: Crocalor\n|-heal|p2b: Crocalor|100\/100\n|\n|-damage|p1a: Talonflame|0 fnt|[from] move: Fire Spin|[partiallytrapped]\n|faint|p1a: Talonflame\n|-damage|p1b: Garchomp|59\/100|[from] move: Fire Spin|[partiallytrapped]\n|-end|p1b: Garchomp|move: Yawn|[silent]\n|-status|p1b: Garchomp|slp\n|upkeep\n|\n|t:|1684083755\n|switch|p1a: Kingambit|Kingambit, L50, M|100\/100\n|turn|5\n|\n|t:|1684083775\n|cant|p1b: Garchomp|slp\n|move|p1a: Kingambit|Kowtow Cleave|p2b: Crocalor\n|-supereffective|p2b: Crocalor\n|-damage|p2b: Crocalor|62\/100\n|move|p2b: Crocalor|Fire Spin|p1a: Kingambit\n|-supereffective|p1a: Kingambit\n|-damage|p1a: Kingambit|85\/100\n|-activate|p1a: Kingambit|move: Fire Spin|[of] p2b: Crocalor\n|move|p2a: Garganacl|Salt Cure|p1a: Kingambit\n|-resisted|p1a: Kingambit\n|-damage|p1a: Kingambit|80\/100\n|-start|p1a: Kingambit|Salt Cure\n|\n|-damage|p1b: Garchomp|47\/100 slp|[from] move: Fire Spin|[partiallytrapped]\n|-damage|p1a: Kingambit|55\/100|[from] Salt Cure\n|-damage|p1a: Kingambit|43\/100|[from] move: Fire Spin|[partiallytrapped]\n|upkeep\n|turn|6\n|\n|t:|1684083799\n|-terastallize|p1a: Kingambit|Flying\n|move|p2a: Garganacl|Wide Guard|p2a: Garganacl\n|-singleturn|p2a: Garganacl|Wide Guard\n|cant|p1b: Garchomp|slp\n|move|p1a: Kingambit|Kowtow Cleave|p2b: Crocalor\n|-supereffective|p2b: Crocalor\n|-damage|p2b: Crocalor|23\/100\n|move|p2b: Crocalor|Curse|p1b: Garchomp\n|-start|p1b: Garchomp|Curse|[of] p2b: Crocalor\n|-damage|p2b: Crocalor|0 fnt\n|faint|p2b: Crocalor\n|\n|-damage|p1b: Garchomp|23\/100 slp|[from] Curse\n|-end|p1b: Garchomp|Fire Spin|[partiallytrapped]\n|-end|p1a: Kingambit|Fire Spin|[partiallytrapped]|[silent]\n|-damage|p1a: Kingambit|31\/100|[from] Salt Cure\n|upkeep\n|\n|t:|1684083814\n|switch|p2b: Wo-Chien|Wo-Chien, L50|100\/100\n|-ability|p2b: Wo-Chien|Tablets of Ruin\n|turn|7\n|\n|t:|1684083824\n|move|p2a: Garganacl|Wide Guard|p2a: Garganacl\n|-singleturn|p2a: Garganacl|Wide Guard\n|cant|p1b: Garchomp|slp\n|move|p2b: Wo-Chien|Giga Drain|p1b: Garchomp\n|-damage|p1b: Garchomp|1\/100 slp\n|move|p1a: Kingambit|Tera Blast|p2b: Wo-Chien\n|-supereffective|p2b: Wo-Chien\n|-damage|p2b: Wo-Chien|69\/100\n|\n|-damage|p1b: Garchomp|0 fnt|[from] Curse\n|faint|p1b: Garchomp\n|-damage|p1a: Kingambit|19\/100|[from] Salt Cure\n|upkeep\n|\n|t:|1684083837\n|switch|p1b: Chien-Pao|Chien-Pao, L50|100\/100\n|-ability|p1b: Chien-Pao|Sword of Ruin\n|turn|8\n|\n|t:|1684083850\n|move|p1b: Chien-Pao|Ice Spinner|p2b: Wo-Chien\n|-supereffective|p2b: Wo-Chien\n|-damage|p2b: Wo-Chien|33\/100\n|-damage|p1b: Chien-Pao|84\/100|[from] item: Rocky Helmet|[of] p2b: Wo-Chien\n|move|p2b: Wo-Chien|Giga Drain|p1b: Chien-Pao\n|-crit|p1b: Chien-Pao\n|-damage|p1b: Chien-Pao|19\/100\n|-heal|p2b: Wo-Chien|60\/100|[from] drain|[of] p1b: Chien-Pao\n|move|p1a: Kingambit|Tera Blast|p2b: Wo-Chien\n|-supereffective|p2b: Wo-Chien\n|-damage|p2b: Wo-Chien|16\/100\n|move|p2a: Garganacl|Salt Cure|p1b: Chien-Pao\n|-supereffective|p1b: Chien-Pao\n|-damage|p1b: Chien-Pao|0 fnt\n|faint|p1b: Chien-Pao\n|\n|-damage|p1a: Kingambit|7\/100|[from] Salt Cure\n|upkeep\n|turn|9\n|\n|t:|1684083870\n|move|p2b: Wo-Chien|Giga Drain|p1a: Kingambit\n|-resisted|p1a: Kingambit\n|-crit|p1a: Kingambit\n|-damage|p1a: Kingambit|0 fnt\n|-heal|p2b: Wo-Chien|19\/100|[from] drain|[of] p1a: Kingambit\n|faint|p1a: Kingambit\n|\n|win|lanagram\n|raw|Warity's rating: 1223 → 1191<\/strong> (-32 for losing)\n|raw|lanagram's rating: 1125 → 1157<\/strong> (+32 for winning)\n|l|\u203dlanagram\n","uploadtime":1684084054,"views":14,"p1id":"warity","p2id":"lanagram","formatid":"gen9vgc2023regulationc","rating":1157,"private":0,"password":""}