{"id":"gen9vgc2023regulationc-1856812875","p1":"swordsdancebrurr","p2":"mateus99999999","format":"[Gen 9] VGC 2023 Regulation C","log":"|j|\u2606swordsdancebrurr\n|j|\u2606mateus99999999\n|t:|1683114911\n|gametype|doubles\n|player|p1|swordsdancebrurr|lucas|1086\n|player|p2|mateus99999999|266|1034\n|teamsize|p1|6\n|teamsize|p2|6\n|gen|9\n|tier|[Gen 9] VGC 2023 Regulation C\n|rated|\n|rule|Species Clause: Limit one of each Pok\u00e9mon\n|rule|Item Clause: Limit one of each item\n|clearpoke\n|poke|p1|Skeledirge, L50, M|\n|poke|p1|Iron Hands, L50|\n|poke|p1|Cetitan, L50, F|\n|poke|p1|Kingambit, L50, F|\n|poke|p1|Amoonguss, L50, M|\n|poke|p1|Indeedee-F, L50, F|\n|poke|p2|Scream Tail, L50|\n|poke|p2|Amoonguss, L50, F|\n|poke|p2|Palafin, L50, M|\n|poke|p2|Flutter Mane, L50|\n|poke|p2|Arcanine, L50, M|\n|poke|p2|Gothitelle, L50, M|\n|teampreview|4\n|inactive|Battle timer is ON: inactive players will automatically lose when time's up. (requested by swordsdancebrurr)\n|\n|t:|1683114939\n|start\n|switch|p1a: Kingambit|Kingambit, L50, F|100\/100\n|switch|p1b: Cetitan|Cetitan, L50, F|100\/100\n|switch|p2a: Palafin|Palafin, L50, M|100\/100\n|switch|p2b: Gothitelle|Gothitelle, L50, M|100\/100\n|turn|1\n|\n|t:|1683114959\n|move|p2b: Gothitelle|Fake Out|p1b: Cetitan\n|-damage|p1b: Cetitan|96\/100\n|move|p2a: Palafin|Close Combat|p1a: Kingambit\n|-supereffective|p1a: Kingambit\n|-damage|p1a: Kingambit|14\/100\n|-unboost|p2a: Palafin|def|1\n|-unboost|p2a: Palafin|spd|1\n|cant|p1b: Cetitan|flinch\n|move|p1a: Kingambit|Kowtow Cleave|p2b: Gothitelle\n|-supereffective|p2b: Gothitelle\n|-damage|p2b: Gothitelle|8\/100\n|-enditem|p2b: Gothitelle|Sitrus Berry|[eat]\n|-heal|p2b: Gothitelle|33\/100|[from] item: Sitrus Berry\n|\n|upkeep\n|turn|2\n|\n|t:|1683114982\n|move|p2b: Gothitelle|Protect|p2b: Gothitelle\n|-singleturn|p2b: Gothitelle|Protect\n|move|p2a: Palafin|Jet Punch|p1a: Kingambit\n|-damage|p1a: Kingambit|0 fnt\n|faint|p1a: Kingambit\n|move|p1b: Cetitan|Liquidation|p2a: Palafin\n|-resisted|p2a: Palafin\n|-damage|p2a: Palafin|56\/100\n|\n|upkeep\n|\n|t:|1683114987\n|switch|p1a: Iron Hands|Iron Hands, L50|100\/100\n|turn|3\n|\n|t:|1683115006\n|detailschange|p2a: Palafin|Palafin-Hero, L50, M\n|switch|p2a: Arcanine|Arcanine, L50, M|100\/100\n|-ability|p2a: Arcanine|Intimidate|boost\n|-unboost|p1a: Iron Hands|atk|1\n|-unboost|p1b: Cetitan|atk|1\n|move|p1b: Cetitan|Liquidation|p2a: Arcanine\n|-supereffective|p2a: Arcanine\n|-damage|p2a: Arcanine|12\/100\n|move|p2b: Gothitelle|Psychic|p1a: Iron Hands\n|-supereffective|p1a: Iron Hands\n|-crit|p1a: Iron Hands\n|-damage|p1a: Iron Hands|27\/100\n|move|p1a: Iron Hands|Swords Dance|p1a: Iron Hands\n|-boost|p1a: Iron Hands|atk|2\n|\n|-heal|p1a: Iron Hands|34\/100|[from] item: Leftovers\n|upkeep\n|turn|4\n|inactive|swordsdancebrurr has 30 seconds left.\n|\n|t:|1683115031\n|-terastallize|p1b: Cetitan|Water\n|move|p1a: Iron Hands|Protect|p1a: Iron Hands\n|-singleturn|p1a: Iron Hands|Protect\n|move|p2a: Arcanine|Flare Blitz|p1b: Cetitan\n|-resisted|p1b: Cetitan\n|-damage|p1b: Cetitan|66\/100\n|-damage|p2a: Arcanine|0 fnt|[from] Recoil\n|faint|p2a: Arcanine\n|move|p1b: Cetitan|Liquidation|p2b: Gothitelle\n|-damage|p2b: Gothitelle|0 fnt\n|faint|p2b: Gothitelle\n|\n|-heal|p1a: Iron Hands|40\/100|[from] item: Leftovers\n|upkeep\n|\n|t:|1683115048\n|switch|p2a: Palafin|Palafin-Hero, L50, M|56\/100\n|switch|p2b: Scream Tail|Scream Tail, L50|100\/100\n|-activate|p2a: Palafin|ability: Zero to Hero\n|-enditem|p2b: Scream Tail|Booster Energy\n|-activate|p2b: Scream Tail|ability: Protosynthesis|[fromitem]\n|-start|p2b: Scream Tail|protosynthesisspe\n|turn|5\n|\n|t:|1683115071\n|-terastallize|p2a: Palafin|Water\n|move|p2a: Palafin|Jet Punch|p1a: Iron Hands\n|-damage|p1a: Iron Hands|0 fnt\n|faint|p1a: Iron Hands\n|-end|p1a: Iron Hands|Quark Drive|[silent]\n|move|p2b: Scream Tail|Disable|p1b: Cetitan\n|-start|p1b: Cetitan|Disable|Liquidation\n|move|p1b: Cetitan|Icicle Crash|p2b: Scream Tail\n|-damage|p2b: Scream Tail|60\/100\n|\n|upkeep\n|\n|t:|1683115083\n|switch|p1a: Indeedee|Indeedee-F, L50, F|100\/100\n|-fieldstart|move: Psychic Terrain|[from] ability: Psychic Surge|[of] p1a: Indeedee\n|-enditem|p1a: Indeedee|Psychic Seed\n|-boost|p1a: Indeedee|spd|1|[from] item: Psychic Seed\n|turn|6\n|\n|t:|1683115102\n|move|p1a: Indeedee|Follow Me|p1a: Indeedee\n|-singleturn|p1a: Indeedee|move: Follow Me\n|move|p2a: Palafin|Jet Punch|p1a: Indeedee\n|-activate|p1a: Indeedee|move: Psychic Terrain\n|move|p2b: Scream Tail|Play Rough|p1a: Indeedee\n|-damage|p1a: Indeedee|78\/100\n|move|p1b: Cetitan|Play Rough|p2a: Palafin\n|-damage|p2a: Palafin|26\/100\n|\n|upkeep\n|turn|7\n|\n|t:|1683115120\n|move|p1a: Indeedee|Follow Me|p1a: Indeedee\n|-singleturn|p1a: Indeedee|move: Follow Me\n|move|p2b: Scream Tail|Play Rough|p1a: Indeedee\n|-damage|p1a: Indeedee|54\/100\n|move|p2a: Palafin|Close Combat|p1a: Indeedee\n|-damage|p1a: Indeedee|0 fnt\n|-unboost|p2a: Palafin|def|1\n|-unboost|p2a: Palafin|spd|1\n|faint|p1a: Indeedee\n|move|p1b: Cetitan|Play Rough|p2a: Palafin\n|-crit|p2a: Palafin\n|-damage|p2a: Palafin|0 fnt\n|faint|p2a: Palafin\n|\n|upkeep\n|turn|8\n|\n|t:|1683115142\n|move|p1b: Cetitan|Protect|p1b: Cetitan\n|-singleturn|p1b: Cetitan|Protect\n|move|p2b: Scream Tail|Play Rough|p1b: Cetitan\n|-activate|p1b: Cetitan|move: Protect\n|\n|-end|p1b: Cetitan|Disable\n|upkeep\n|turn|9\n|\n|t:|1683115157\n|move|p2b: Scream Tail|Protect|p2b: Scream Tail\n|-singleturn|p2b: Scream Tail|Protect\n|move|p1b: Cetitan|Icicle Crash|p2b: Scream Tail\n|-activate|p2b: Scream Tail|move: Protect\n|\n|upkeep\n|turn|10\n|\n|t:|1683115165\n|move|p2b: Scream Tail|Disable|p1b: Cetitan\n|-start|p1b: Cetitan|Disable|Icicle Crash\n|cant|p1b: Cetitan|Disable|Icicle Crash\n|\n|-fieldend|move: Psychic Terrain\n|upkeep\n|turn|11\n|\n|t:|1683115175\n|move|p2b: Scream Tail|Play Rough|p1b: Cetitan\n|-damage|p1b: Cetitan|43\/100\n|move|p1b: Cetitan|Liquidation|p2b: Scream Tail\n|-damage|p2b: Scream Tail|23\/100\n|\n|upkeep\n|turn|12\n|\n|t:|1683115183\n|move|p2b: Scream Tail|Play Rough|p1b: Cetitan\n|-damage|p1b: Cetitan|18\/100\n|move|p1b: Cetitan|Liquidation|p2b: Scream Tail\n|-damage|p2b: Scream Tail|0 fnt\n|faint|p2b: Scream Tail\n|-end|p2b: Scream Tail|Protosynthesis|[silent]\n|\n|win|swordsdancebrurr\n|raw|swordsdancebrurr's rating: 1086 → 1109<\/strong> (+23 for winning)\n|raw|mateus99999999's rating: 1034 → 1021<\/strong> (-13 for losing)\n|l|\u2606mateus99999999\n","uploadtime":1683115206,"views":8,"p1id":"swordsdancebrurr","p2id":"mateus99999999","formatid":"gen9vgc2023regulationc","rating":1021,"private":0,"password":""}