{"id":"gen9vgc2023regulationc-1856453723","p1":"battlefactoryluna","p2":"Samythril","format":"[Gen 9] VGC 2023 Regulation C","log":"|j|\u2606battlefactoryluna\n|j|\u2606Samythril\n|t:|1683063194\n|gametype|doubles\n|player|p1|battlefactoryluna|caitlin|\n|player|p2|Samythril|will|\n|teamsize|p1|6\n|teamsize|p2|6\n|gen|9\n|tier|[Gen 9] VGC 2023 Regulation C\n|rule|Species Clause: Limit one of each Pok\u00e9mon\n|rule|Item Clause: Limit one of each item\n|clearpoke\n|poke|p1|Kingambit, L50, M|\n|poke|p1|Hatterene, L50, F|\n|poke|p1|Indeedee-F, L50, F|\n|poke|p1|Torkoal, L50, F|\n|poke|p1|Dondozo, L50, F|\n|poke|p1|Tatsugiri, L50, M|\n|poke|p2|Orthworm, L50, F|\n|poke|p2|Ting-Lu, L50|\n|poke|p2|Rotom-Wash, L50|\n|poke|p2|Flutter Mane, L50|\n|poke|p2|Talonflame, L50, M|\n|poke|p2|Garchomp, L50, M|\n|teampreview|4\nbattlefactoryluna has agreed to open team sheets.\nSamythril has agreed to open team sheets.\n|c|\u2606Samythril|glhf!\n|c|\u2606battlefactoryluna|u2\n|\n|t:|1683063216\n|start\n|switch|p1a: Hatterene|Hatterene, L50, F|100\/100\n|switch|p1b: Torkoal|Torkoal, L50, F|100\/100\n|switch|p2a: Woomfie|Orthworm, L50, F, shiny|100\/100\n|switch|p2b: Ting-Lu|Ting-Lu, L50|100\/100\n|-ability|p2b: Ting-Lu|Vessel of Ruin\n|-weather|SunnyDay|[from] ability: Drought|[of] p1b: Torkoal\n|turn|1\n|\n|t:|1683063266\n|-terastallize|p1a: Hatterene|Water\n|move|p1b: Torkoal|Protect|p1b: Torkoal\n|-singleturn|p1b: Torkoal|Protect\n|move|p2b: Ting-Lu|Earthquake|p1a: Hatterene|[spread] p1a\n|-activate|p1b: Torkoal|move: Protect\n|-immune|p2a: Woomfie|[from] ability: Earth Eater\n|-damage|p1a: Hatterene|67\/100\n|move|p2a: Woomfie|Shed Tail|p2a: Woomfie\n|-start|p2a: Woomfie|Substitute|[from] move: Shed Tail\n|-damage|p2a: Woomfie|50\/100\n|-enditem|p2a: Woomfie|Sitrus Berry|[eat]\n|-heal|p2a: Woomfie|75\/100|[from] item: Sitrus Berry\n|\n|t:|1683063279\n|switch|p2a: Rotom|Rotom-Wash, L50|100\/100|[from] Shed Tail\n|move|p1a: Hatterene|Trick Room|p1a: Hatterene\n|-fieldstart|move: Trick Room|[of] p1a: Hatterene\n|\n|-weather|SunnyDay|[upkeep]\n|upkeep\n|turn|2\n|\n|t:|1683063313\n|-terastallize|p2b: Ting-Lu|Poison\n|move|p1b: Torkoal|Eruption|p2b: Ting-Lu|[spread] p2a,p2b\n|-resisted|p2a: Rotom\n|-end|p2a: Rotom|Substitute\n|-damage|p2b: Ting-Lu|55\/100\n|move|p1a: Hatterene|Dazzling Gleam|p2b: Ting-Lu|[spread] p2a,p2b\n|-resisted|p2b: Ting-Lu\n|-damage|p2a: Rotom|62\/100\n|-damage|p2b: Ting-Lu|42\/100\n|-damage|p1a: Hatterene|57\/100|[from] item: Life Orb\n|move|p2b: Ting-Lu|Earthquake|p1b: Torkoal|[spread] p1a,p1b\n|-immune|p2a: Rotom|[from] ability: Levitate\n|-supereffective|p1b: Torkoal\n|-damage|p1a: Hatterene|20\/100\n|-damage|p1b: Torkoal|48\/100\n|move|p2a: Rotom|Nasty Plot|p2a: Rotom\n|-boost|p2a: Rotom|spa|2\n|\n|-weather|SunnyDay|[upkeep]\n|-heal|p2b: Ting-Lu|48\/100|[from] item: Leftovers\n|upkeep\n|turn|3\n|\n|t:|1683063361\n|move|p1b: Torkoal|Protect|p1b: Torkoal\n|-singleturn|p1b: Torkoal|Protect\n|move|p2b: Ting-Lu|Protect|p2b: Ting-Lu\n|-singleturn|p2b: Ting-Lu|Protect\n|move|p2a: Rotom|Protect|p2a: Rotom\n|-singleturn|p2a: Rotom|Protect\n|move|p1a: Hatterene|Psychic|p2b: Ting-Lu\n|-activate|p2b: Ting-Lu|move: Protect\n|\n|-weather|SunnyDay|[upkeep]\n|-heal|p2b: Ting-Lu|54\/100|[from] item: Leftovers\n|upkeep\n|turn|4\n|\n|t:|1683063392\n|move|p1b: Torkoal|Heat Wave|p2b: Ting-Lu|[spread] p2a,p2b\n|-resisted|p2a: Rotom\n|-damage|p2a: Rotom|38\/100\n|-damage|p2b: Ting-Lu|25\/100\n|move|p1a: Hatterene|Psychic|p2b: Ting-Lu\n|-supereffective|p2b: Ting-Lu\n|-damage|p2b: Ting-Lu|0 fnt\n|faint|p2b: Ting-Lu\n|-damage|p1a: Hatterene|10\/100|[from] item: Life Orb\n|move|p2a: Rotom|Thunderbolt|p1a: Hatterene\n|-supereffective|p1a: Hatterene\n|-damage|p1a: Hatterene|0 fnt\n|faint|p1a: Hatterene\n|\n|-weather|SunnyDay|[upkeep]\n|upkeep\n|\n|t:|1683063418\n|switch|p1a: Dondozo|Dondozo, L50, F|100\/100\n|switch|p2b: Woomfie|Orthworm, L50, F, shiny|75\/100\n|turn|5\n|\n|t:|1683063450\n|move|p1b: Torkoal|Heat Wave|p2a: Rotom|[spread] p2a,p2b\n|-resisted|p2a: Rotom\n|-supereffective|p2b: Woomfie\n|-damage|p2a: Rotom|6\/100\n|-damage|p2b: Woomfie|0 fnt\n|faint|p2b: Woomfie\n|move|p1a: Dondozo|Wave Crash|p2a: Rotom\n|-resisted|p2a: Rotom\n|-damage|p2a: Rotom|0 fnt\n|faint|p2a: Rotom\n|-damage|p1a: Dondozo|99\/100|[from] Recoil\n|\n|-weather|none\n|-fieldend|move: Trick Room\n|upkeep\n|\n|t:|1683063461\n|switch|p2b: Flutter Mane|Flutter Mane, L50|100\/100\n|-enditem|p2b: Flutter Mane|Booster Energy\n|-activate|p2b: Flutter Mane|ability: Protosynthesis|[fromitem]\n|-start|p2b: Flutter Mane|protosynthesisspa\n|turn|6\n|\n|t:|1683063470\n|switch|p1b: Tatsugiri|Tatsugiri, L50, M|100\/100\n|-activate|p1b: Tatsugiri|ability: Commander|[of] p1a: Dondozo\n|-boost|p1a: Dondozo|atk|2\n|-boost|p1a: Dondozo|spa|2\n|-boost|p1a: Dondozo|spe|2\n|-boost|p1a: Dondozo|def|2\n|-boost|p1a: Dondozo|spd|2\n|move|p2b: Flutter Mane|Moonblast|p1a: Dondozo\n|-damage|p1a: Dondozo|65\/100\n|-unboost|p1a: Dondozo|spa|1\n|move|p1a: Dondozo|Wave Crash|p2b: Flutter Mane\n|-damage|p2b: Flutter Mane|0 fnt\n|faint|p2b: Flutter Mane\n|-end|p2b: Flutter Mane|Protosynthesis|[silent]\n|-damage|p1a: Dondozo|45\/100|[from] Recoil\n|\n|win|battlefactoryluna\n|c|\u2606Samythril|gg\n|c|\u2606battlefactoryluna|gg\n|player|p1|battlefactoryluna|caitlin\n","uploadtime":1683063523,"views":8,"p1id":"battlefactoryluna","p2id":"samythril","formatid":"gen9vgc2023regulationc","rating":0,"private":0,"password":""}