{"id":"gen9vgc2023regulationc-1848492859","p1":"ApplinFan773","p2":"Pelli69","format":"[Gen 9] VGC 2023 Regulation C","log":"|j|\u2606ApplinFan773\n|j|\u2606Pelli69\n|t:|1682084143\n|gametype|doubles\n|player|p1|ApplinFan773|cilan|1122\n|player|p2|Pelli69|102|1119\n|teamsize|p1|6\n|teamsize|p2|6\n|gen|9\n|tier|[Gen 9] VGC 2023 Regulation C\n|rated|\n|rule|Species Clause: Limit one of each Pok\u00e9mon\n|rule|Item Clause: Limit one of each item\n|clearpoke\n|poke|p1|Maushold-Four, L50|\n|poke|p1|Flutter Mane, L50|\n|poke|p1|Scream Tail, L50|\n|poke|p1|Arboliva, L50, F|\n|poke|p1|Ceruledge, L50, M|\n|poke|p1|Salamence, L50, M|\n|poke|p2|Indeedee-F, L50, F|\n|poke|p2|Torkoal, L50, F|\n|poke|p2|Tyranitar, L50, F|\n|poke|p2|Iron Hands, L50|\n|poke|p2|Hatterene, L50, F|\n|poke|p2|Chi-Yu, L50|\n|teampreview|4\n|inactive|Battle timer is ON: inactive players will automatically lose when time's up. (requested by ApplinFan773)\n|c|\u2606ApplinFan773|Glhf\n|inactive|ApplinFan773 has 60 seconds left.\n|\n|t:|1682084176\n|start\n|switch|p1a: The Millers|Maushold-Four, L50|100\/100\n|switch|p1b: Persephone|Scream Tail, L50, shiny|100\/100\n|switch|p2a: Indeedee|Indeedee-F, L50, F, shiny|100\/100\n|switch|p2b: Hatterene|Hatterene, L50, F, shiny|100\/100\n|-fieldstart|move: Psychic Terrain|[from] ability: Psychic Surge|[of] p2a: Indeedee\n|-enditem|p1b: Persephone|Booster Energy\n|-activate|p1b: Persephone|ability: Protosynthesis|[fromitem]\n|-start|p1b: Persephone|protosynthesisspe\n|turn|1\n|\n|t:|1682084189\n|move|p2a: Indeedee|Follow Me|p2a: Indeedee\n|-singleturn|p2a: Indeedee|move: Follow Me\n|move|p1b: Persephone|Misty Terrain|p1b: Persephone\n|-fieldstart|move: Misty Terrain\n|move|p1a: The Millers|Population Bomb|p2a: Indeedee\n|-damage|p2a: Indeedee|90\/100\n|-damage|p2a: Indeedee|80\/100\n|-damage|p2a: Indeedee|69\/100\n|-damage|p2a: Indeedee|57\/100\n|-damage|p2a: Indeedee|47\/100\n|-damage|p2a: Indeedee|35\/100\n|-damage|p2a: Indeedee|25\/100\n|-damage|p2a: Indeedee|16\/100\n|-damage|p2a: Indeedee|5\/100\n|-damage|p2a: Indeedee|0 fnt\n|faint|p2a: Indeedee\n|-hitcount|p2: Indeedee|10\n|move|p2b: Hatterene|Trick Room|p2b: Hatterene\n|-fieldstart|move: Trick Room|[of] p2b: Hatterene\n|\n|upkeep\n|\n|t:|1682084208\n|switch|p2a: Torkoal|Torkoal, L50, F, shiny|100\/100\n|-weather|SunnyDay|[from] ability: Drought|[of] p2a: Torkoal\n|turn|2\n|\n|t:|1682084220\n|-end|p1b: Persephone|Protosynthesis|[silent]\n|switch|p1b: Grim Shady|Ceruledge, L50, M|100\/100\n|-terastallize|p2a: Torkoal|Fire\n|move|p2a: Torkoal|Eruption|p1a: The Millers|[spread] p1a\n|-start|p1b: Grim Shady|ability: Flash Fire\n|-damage|p1a: The Millers|0 fnt\n|faint|p1a: The Millers\n|move|p2b: Hatterene|Dazzling Gleam|p1b: Grim Shady\n|-resisted|p1b: Grim Shady\n|-damage|p1b: Grim Shady|82\/100\n|-damage|p2b: Hatterene|91\/100|[from] item: Life Orb\n|\n|-weather|SunnyDay|[upkeep]\n|upkeep\n|\n|t:|1682084237\n|switch|p1a: Persephone|Scream Tail, L50, shiny|100\/100\n|-activate|p1a: Persephone|ability: Protosynthesis\n|-start|p1a: Persephone|protosynthesisspe\n|turn|3\n|\n|t:|1682084244\n|move|p2a: Torkoal|Eruption|p1b: Grim Shady|[spread] p1a\n|-immune|p1b: Grim Shady|[from] ability: Flash Fire\n|-damage|p1a: Persephone|10\/100\n|move|p2b: Hatterene|Psychic|p1b: Grim Shady\n|-damage|p1b: Grim Shady|38\/100\n|-damage|p2b: Hatterene|81\/100|[from] item: Life Orb\n|move|p1b: Grim Shady|Bitter Blade|p2b: Hatterene\n|-damage|p2b: Hatterene|0 fnt\n|-heal|p1b: Grim Shady|75\/100|[from] drain|[of] p2b: Hatterene\n|faint|p2b: Hatterene\n|move|p1a: Persephone|Howl|p1a: Persephone|[spread] p1a,p1b\n|-boost|p1a: Persephone|atk|1\n|-boost|p1b: Grim Shady|atk|1\n|\n|-weather|SunnyDay|[upkeep]\n|upkeep\n|\n|t:|1682084258\n|switch|p2b: Iron Hands|Iron Hands, L50, shiny|100\/100\n|-enditem|p2b: Iron Hands|Booster Energy\n|-activate|p2b: Iron Hands|ability: Quark Drive|[fromitem]\n|-start|p2b: Iron Hands|quarkdriveatk\n|turn|4\n|\n|t:|1682084283\n|-end|p1a: Persephone|Protosynthesis|[silent]\n|switch|p1a: Salami|Salamence, L50, M, shiny|100\/100\n|-ability|p1a: Salami|Intimidate|boost\n|-unboost|p2a: Torkoal|atk|1\n|-unboost|p2b: Iron Hands|atk|1\n|-terastallize|p1b: Grim Shady|Grass\n|move|p2a: Torkoal|Eruption|p1b: Grim Shady|[spread] p1a\n|-immune|p1b: Grim Shady|[from] ability: Flash Fire\n|-resisted|p1a: Salami\n|-damage|p1a: Salami|12\/100\n|move|p2b: Iron Hands|Thunder Punch|p1b: Grim Shady\n|-resisted|p1b: Grim Shady\n|-damage|p1b: Grim Shady|54\/100\n|move|p1b: Grim Shady|Bitter Blade|p2b: Iron Hands\n|-damage|p2b: Iron Hands|0 fnt\n|-heal|p1b: Grim Shady|100\/100|[from] drain|[of] p2b: Iron Hands\n|faint|p2b: Iron Hands\n|-end|p2b: Iron Hands|Quark Drive|[silent]\n|\n|-weather|SunnyDay|[upkeep]\n|upkeep\n|turn|5\n|-message|Pelli69 forfeited.\n|\n|win|ApplinFan773\n|raw|ApplinFan773's rating: 1122 → 1147<\/strong> (+25 for winning)\n|raw|Pelli69's rating: 1119 → 1094<\/strong> (-25 for losing)\n|l|\u2606Pelli69\n|c|\u2606ApplinFan773|gg wp\n","uploadtime":1682084312,"views":9,"p1id":"applinfan773","p2id":"pelli69","formatid":"gen9vgc2023regulationc","rating":1094,"private":0,"password":""}