{"id":"gen9vgc2023regulationc-1856165505","p1":"nik holo","p2":"Lewlo","format":"[Gen 9] VGC 2023 Regulation C","log":"|j|\u2606nik holo\n|j|\u2606Lewlo\n|t:|1683036771\n|gametype|doubles\n|player|p1|nik holo|169|\n|player|p2|Lewlo|pokemonbreeder-gen4|\n|teamsize|p1|6\n|teamsize|p2|6\n|gen|9\n|tier|[Gen 9] VGC 2023 Regulation C\n|rated|Tournament battle\n|rule|Species Clause: Limit one of each Pok\u00e9mon\n|rule|Item Clause: Limit one of each item\n|clearpoke\n|poke|p1|Hariyama, L50, F|\n|poke|p1|Farigiraf, L50, M|\n|poke|p1|Torkoal, L50, M|\n|poke|p1|Brute Bonnet, L50|\n|poke|p1|Iron Bundle, L50|\n|poke|p1|Flutter Mane, L50|\n|poke|p2|Chien-Pao, L50|\n|poke|p2|Amoonguss, L50, F|\n|poke|p2|Arcanine, L50, M|\n|poke|p2|Flutter Mane, L50|\n|poke|p2|Azumarill, L50, M|\n|poke|p2|Iron Hands, L50|\n|teampreview|4\n|raw| Open Team Sheet for nik holo<\/summary>Hariyama @ Assault Vest Ability: Thick Fat Level: 50 Tera Type: Dark - Close Combat - Fake Out - Feint - Knock Off Farigiraf @ Mental Herb Ability: Armor Tail Level: 50 Tera Type: Grass - Psychic - Trick Room - Helping Hand - Protect Torkoal @ Charcoal Ability: Drought Level: 50 Tera Type: Fire - Eruption - Flamethrower - Protect - Helping Hand Brute Bonnet @ Loaded Dice Ability: Protosynthesis Level: 50 Tera Type: Poison - Bullet Seed - Sucker Punch - Spore - Rage Powder Iron Bundle @ Booster Energy Ability: Quark Drive Level: 50 Tera Type: Ghost - Icy Wind - Freeze-Dry - Hydro Pump - Protect Flutter Mane @ Choice Specs Ability: Protosynthesis Level: 50 Tera Type: Fairy - Dazzling Gleam - Moonblast - Shadow Ball - Power Gem <\/details><\/div> Open Team Sheet for Lewlo<\/summary>Chien-Pao @ Focus Sash Ability: Sword of Ruin Level: 50 Tera Type: Ghost - Ice Spinner - Sacred Sword - Sucker Punch - Protect Amoonguss (F) @ Rocky Helmet Ability: Regenerator Level: 50 Tera Type: Water - Spore - Rage Powder - Pollen Puff - Clear Smog Arcanine (M) @ Safety Goggles Ability: Intimidate Level: 50 Tera Type: Grass - Flare Blitz - Wild Charge - Howl - Protect Flutter Mane @ Booster Energy Ability: Protosynthesis Level: 50 Tera Type: Fairy - Dazzling Gleam - Shadow Ball - Trick Room - Protect Azumarill (M) @ Assault Vest Ability: Huge Power Level: 50 Tera Type: Grass - Aqua Jet - Superpower - Ice Spinner - Play Rough Grabby Gabby (Iron Hands) @ Clear Amulet Ability: Quark Drive Level: 50 Tera Type: Grass - Fake Out - Wild Charge - Drain Punch - Volt Switch <\/details><\/div>\n|inactive|Battle timer is ON: inactive players will automatically lose when time's up. (requested by Lewlo)\n|j| JCM Gamer\n|j| Kendoo2607\n|c|\u2606Lewlo|glhf!\n|c|\u2606nik holo|glhf\n|j| RickKarsdrop\n|inactive|nik holo has 60 seconds left.\n|inactive|Lewlo has 60 seconds left.\n|l| RickKarsdrop\n|\n|t:|1683036810\n|start\n|switch|p1a: Brute Bonnet|Brute Bonnet, L50|100\/100\n|switch|p1b: Farigiraf|Farigiraf, L50, M|100\/100\n|switch|p2a: Azumarill|Azumarill, L50, M|100\/100\n|switch|p2b: Amoonguss|Amoonguss, L50, F|100\/100\n|turn|1\n|\n|t:|1683036836\n|move|p1b: Farigiraf|Psychic|p2b: Amoonguss\n|-supereffective|p2b: Amoonguss\n|-damage|p2b: Amoonguss|46\/100\n|move|p1a: Brute Bonnet|Spore|p2a: Azumarill\n|-status|p2a: Azumarill|slp|[from] move: Spore\n|cant|p2a: Azumarill|slp\n|move|p2b: Amoonguss|Spore|p1b: Farigiraf\n|-status|p1b: Farigiraf|slp|[from] move: Spore\n|\n|upkeep\n|turn|2\n|j| NoraaW\n|inactive|Lewlo has 30 seconds left.\n|\n|t:|1683036864\n|switch|p2b: Arcanine|Arcanine, L50, M|100\/100\n|-ability|p2b: Arcanine|Intimidate|boost\n|-unboost|p1a: Brute Bonnet|atk|1\n|-unboost|p1b: Farigiraf|atk|1\n|move|p1a: Brute Bonnet|Bullet Seed|p2a: Azumarill\n|-supereffective|p2a: Azumarill\n|-damage|p2a: Azumarill|79\/100 slp\n|-supereffective|p2a: Azumarill\n|-damage|p2a: Azumarill|60\/100 slp\n|-supereffective|p2a: Azumarill\n|-damage|p2a: Azumarill|40\/100 slp\n|-supereffective|p2a: Azumarill\n|-damage|p2a: Azumarill|20\/100 slp\n|-supereffective|p2a: Azumarill\n|-damage|p2a: Azumarill|1\/100 slp\n|-hitcount|p2a: Azumarill|5\n|cant|p2a: Azumarill|slp\n|cant|p1b: Farigiraf|slp\n|\n|upkeep\n|turn|3\n|inactive|nik holo has 30 seconds left.\n|\n|t:|1683036891\n|switch|p2a: Grabby Gabby|Iron Hands, L50|100\/100\n|move|p2b: Arcanine|Howl|p2b: Arcanine|[spread] p2a,p2b\n|-boost|p2a: Grabby Gabby|atk|1\n|-boost|p2b: Arcanine|atk|1\n|move|p1a: Brute Bonnet|Bullet Seed|p2a: Grabby Gabby\n|-damage|p2a: Grabby Gabby|94\/100\n|-damage|p2a: Grabby Gabby|87\/100\n|-damage|p2a: Grabby Gabby|80\/100\n|-damage|p2a: Grabby Gabby|73\/100\n|-hitcount|p2a: Grabby Gabby|4\n|cant|p1b: Farigiraf|slp\n|\n|upkeep\n|turn|4\n|\n|t:|1683036909\n|-terastallize|p2a: Grabby Gabby|Grass\n|move|p1a: Brute Bonnet|Sucker Punch||[still]\n|-fail|p1a: Brute Bonnet\n|move|p2b: Arcanine|Howl|p2b: Arcanine|[spread] p2a,p2b\n|-boost|p2a: Grabby Gabby|atk|1\n|-boost|p2b: Arcanine|atk|1\n|move|p2a: Grabby Gabby|Drain Punch|p1a: Brute Bonnet\n|-supereffective|p1a: Brute Bonnet\n|-damage|p1a: Brute Bonnet|0 fnt\n|-heal|p2a: Grabby Gabby|100\/100|[from] drain|[of] p1a: Brute Bonnet\n|faint|p1a: Brute Bonnet\n|-end|p1a: Brute Bonnet|Protosynthesis|[silent]\n|-curestatus|p1b: Farigiraf|slp|[msg]\n|move|p1b: Farigiraf|Trick Room|p1b: Farigiraf\n|-fieldstart|move: Trick Room|[of] p1b: Farigiraf\n|\n|upkeep\n|\n|t:|1683036925\n|switch|p1a: Torkoal|Torkoal, L50, M|100\/100\n|-weather|SunnyDay|[from] ability: Drought|[of] p1a: Torkoal\n|turn|5\n|\n|t:|1683036933\n|-terastallize|p1a: Torkoal|Fire\n|move|p1b: Farigiraf|Helping Hand|p1a: Torkoal\n|-singleturn|p1a: Torkoal|Helping Hand|[of] p1b: Farigiraf\n|move|p1a: Torkoal|Eruption|p2b: Arcanine|[spread] p2a,p2b\n|-supereffective|p2a: Grabby Gabby\n|-resisted|p2b: Arcanine\n|-damage|p2a: Grabby Gabby|0 fnt\n|-damage|p2b: Arcanine|19\/100\n|faint|p2a: Grabby Gabby\n|-end|p2a: Grabby Gabby|Quark Drive|[silent]\n|move|p2b: Arcanine|Wild Charge|p1a: Torkoal\n|-damage|p1a: Torkoal|67\/100\n|-damage|p2b: Arcanine|12\/100|[from] Recoil\n|\n|-weather|SunnyDay|[upkeep]\n|upkeep\n|\n|t:|1683036940\n|switch|p2a: Amoonguss|Amoonguss, L50, F|79\/100\n|turn|6\n|\n|t:|1683036954\n|move|p1b: Farigiraf|Helping Hand|p1a: Torkoal\n|-singleturn|p1a: Torkoal|Helping Hand|[of] p1b: Farigiraf\n|move|p2b: Arcanine|Protect|p2b: Arcanine\n|-singleturn|p2b: Arcanine|Protect\n|move|p1a: Torkoal|Eruption|p2a: Amoonguss|[spread] p2a\n|-activate|p2b: Arcanine|move: Protect\n|-supereffective|p2a: Amoonguss\n|-damage|p2a: Amoonguss|0 fnt\n|faint|p2a: Amoonguss\n|\n|-weather|SunnyDay|[upkeep]\n|upkeep\n|\n|t:|1683036965\n|switch|p2a: Azumarill|Azumarill, L50, M|1\/100 slp\n|turn|7\n|\n|t:|1683036974\n|move|p1b: Farigiraf|Helping Hand|p1a: Torkoal\n|-singleturn|p1a: Torkoal|Helping Hand|[of] p1b: Farigiraf\n|move|p1a: Torkoal|Eruption|p2b: Arcanine|[spread] p2a,p2b\n|-resisted|p2a: Azumarill\n|-resisted|p2b: Arcanine\n|-damage|p2a: Azumarill|0 fnt\n|-damage|p2b: Arcanine|0 fnt\n|faint|p2a: Azumarill\n|faint|p2b: Arcanine\n|\n|win|nik holo\n|n|\u2606nik holo|nikholo\n|n|\u2606Lewlo|lewlo\n|n| JCM Gamer|jcmgamer\n|n| Kendoo2607|kendoo2607\n|n| NoraaW|noraaw\n","uploadtime":1683036976,"views":8,"p1id":"nikholo","p2id":"lewlo","formatid":"gen9vgc2023regulationc","rating":0,"private":0,"password":""}