{"id":"gen9vgc2023regulationc-1844936911","p1":"Aether swipe","p2":"Nincesk","format":"[Gen 9] VGC 2023 Regulation C","log":"|j|\u2606Aether swipe\n|j|\u2606Nincesk\n|t:|1681665987\n|gametype|doubles\n|player|p1|Aether swipe|iris-gen5bw2|1052\n|player|p2|Nincesk|rocketgrunt|1048\n|teamsize|p1|6\n|teamsize|p2|6\n|gen|9\n|tier|[Gen 9] VGC 2023 Regulation C\n|rated|\n|rule|Species Clause: Limit one of each Pok\u00e9mon\n|rule|Item Clause: Limit one of each item\n|clearpoke\n|poke|p1|Orthworm, L50, F|\n|poke|p1|Gyarados, L50, F|\n|poke|p1|Ting-Lu, L50|\n|poke|p1|Arcanine, L50, M|\n|poke|p1|Amoonguss, L50, F|\n|poke|p1|Dragonite, L50, F|\n|poke|p2|Meowscarada, L50, F|\n|poke|p2|Crabominable, L50, M|\n|poke|p2|Amoonguss, L50, M|\n|poke|p2|Tatsugiri, L50, F|\n|poke|p2|Dondozo, L50, M|\n|poke|p2|Baxcalibur, L50, M|\n|teampreview|4\n|inactive|Battle timer is ON: inactive players will automatically lose when time's up. (requested by Nincesk)\nNincesk rejected open team sheets.\n|c|\u2606Nincesk|HEY\n|c|\u2606Nincesk|DID YOU KNOW\n|c|\u2606Nincesk|THAT\n|inactive|Aether swipe has 60 seconds left.\n|c|\u2606Nincesk|i have three heads\n|inactive|Aether swipe has 30 seconds left.\n|\n|t:|1681666059\n|start\n|switch|p1a: Orthworm|Orthworm, L50, F|100\/100\n|switch|p1b: Amoonguss|Amoonguss, L50, F|100\/100\n|switch|p2a: Meow the Scarada|Meowscarada, L50, F|100\/100\n|switch|p2b: Billy|Crabominable, L50, M, shiny|100\/100\n|turn|1\n|\n|t:|1681666084\n|-terastallize|p2b: Billy|Steel\n|move|p2a: Meow the Scarada|Flower Trick|p2b: Billy\n|-start|p2a: Meow the Scarada|typechange|Grass|[from] ability: Protean\n|-resisted|p2b: Billy\n|-crit|p2b: Billy\n|-damage|p2b: Billy|82\/100\n|-setboost|p2b: Billy|atk|6|[from] ability: Anger Point\n|move|p1a: Orthworm|Shed Tail|p1a: Orthworm\n|-start|p1a: Orthworm|Substitute|[from] move: Shed Tail\n|-damage|p1a: Orthworm|50\/100\n|inactive|Aether swipe has 30 seconds left.\n|inactive|Aether swipe has 20 seconds left.\n|inactive|Aether swipe has 15 seconds left.\n|inactive|Aether swipe has 10 seconds left.\n|inactive|Aether swipe has 5 seconds left.\n|\n|t:|1681666139\n|switch|p1a: Dragonite|Dragonite, L50, F|100\/100|[from] Shed Tail\n|move|p1b: Amoonguss|Spore|p2b: Billy\n|-status|p2b: Billy|slp|[from] move: Spore\n|cant|p2b: Billy|slp\n|\n|-heal|p2b: Billy|88\/100 slp|[from] item: Leftovers\n|upkeep\n|turn|2\n|inactive|Aether swipe has 30 seconds left.\n|\n|t:|1681666170\n|switch|p1b: Ting-Lu|Ting-Lu, L50|100\/100\n|-ability|p1b: Ting-Lu|Vessel of Ruin\n|-terastallize|p1a: Dragonite|Normal\n|move|p1a: Dragonite|Extreme Speed|p2a: Meow the Scarada\n|-damage|p2a: Meow the Scarada|8\/100\n|move|p2a: Meow the Scarada|Toxic Spikes|p1a: Dragonite\n|-sidestart|p1: Aether swipe|move: Toxic Spikes\n|-curestatus|p2b: Billy|slp|[msg]\n|move|p2b: Billy|Avalanche|p1b: Ting-Lu\n|-supereffective|p1b: Ting-Lu\n|-damage|p1b: Ting-Lu|0 fnt\n|faint|p1b: Ting-Lu\n|\n|-heal|p2b: Billy|94\/100|[from] item: Leftovers\n|upkeep\n|\n|t:|1681666194\n|switch|p1b: Amoonguss|Amoonguss, L50, F|100\/100\n|-sideend|p1: Aether swipe|move: Toxic Spikes|[of] p1b: Amoonguss\n|turn|3\n|\n|t:|1681666208\n|move|p1a: Dragonite|Extreme Speed|p2a: Meow the Scarada\n|-damage|p2a: Meow the Scarada|0 fnt\n|faint|p2a: Meow the Scarada\n|move|p1b: Amoonguss|Spore|p2b: Billy\n|-status|p2b: Billy|slp|[from] move: Spore\n|cant|p2b: Billy|slp\n|\n|-heal|p2b: Billy|99\/100 slp|[from] item: Leftovers\n|upkeep\n|\n|t:|1681666221\n|switch|p2a: Zillagod|Baxcalibur, L50, M|100\/100\n|turn|4\n|inactive|Aether swipe has 30 seconds left.\n|\n|t:|1681666250\n|move|p1a: Dragonite|Extreme Speed|p2a: Zillagod\n|-damage|p2a: Zillagod|28\/100\n|move|p2a: Zillagod|Icicle Spear|p1a: Dragonite\n|-activate|p1a: Dragonite|move: Substitute|[damage]\n|-activate|p1a: Dragonite|move: Substitute|[damage]\n|-hitcount|p1a: Dragonite|2\n|move|p1b: Amoonguss|Spore|p2a: Zillagod\n|-status|p2a: Zillagod|slp|[from] move: Spore\n|cant|p2b: Billy|slp\n|\n|-heal|p2b: Billy|100\/100 slp|[from] item: Leftovers\n|upkeep\n|turn|5\n|inactive|Aether swipe has 30 seconds left.\n|\n|t:|1681666277\n|move|p1a: Dragonite|Extreme Speed|p2a: Zillagod\n|-damage|p2a: Zillagod|0 fnt\n|faint|p2a: Zillagod\n|move|p1b: Amoonguss|Spore|p2b: Billy\n|-fail|p2b: Billy|slp\n|-curestatus|p2b: Billy|slp|[msg]\n|move|p2b: Billy|Avalanche|p1b: Amoonguss\n|-supereffective|p1b: Amoonguss\n|-damage|p1b: Amoonguss|0 fnt\n|-damage|p2b: Billy|84\/100|[from] item: Rocky Helmet|[of] p1b: Amoonguss\n|faint|p1b: Amoonguss\n|\n|-heal|p2b: Billy|90\/100|[from] item: Leftovers\n|upkeep\n|\n|t:|1681666294\n|switch|p2a: Leader|Amoonguss, L50, M|100\/100\n|switch|p1b: Orthworm|Orthworm, L50, F|50\/100\n|turn|6\n|\n|t:|1681666307\n|move|p1a: Dragonite|Extreme Speed|p2a: Leader\n|-damage|p2a: Leader|43\/100\n|move|p1b: Orthworm|Body Press|p2b: Billy\n|-supereffective|p2b: Billy\n|-damage|p2b: Billy|45\/100\n|move|p2b: Billy|Drain Punch|p1b: Orthworm\n|-supereffective|p1b: Orthworm\n|-crit|p1b: Orthworm\n|-damage|p1b: Orthworm|0 fnt\n|-heal|p2b: Billy|70\/100|[from] drain|[of] p1b: Orthworm\n|faint|p1b: Orthworm\n|move|p2a: Leader|Pollen Puff|p2b: Billy\n|-heal|p2b: Billy|100\/100\n|\n|upkeep\n|turn|7\n|\n|t:|1681666332\n|move|p1a: Dragonite|Extreme Speed|p2a: Leader\n|-damage|p2a: Leader|0 fnt\n|faint|p2a: Leader\n|move|p2b: Billy|Drain Punch|p1a: Dragonite\n|-supereffective|p1a: Dragonite\n|-end|p1a: Dragonite|Substitute\n|\n|upkeep\n|turn|8\n|\n|t:|1681666343\n|move|p1a: Dragonite|Extreme Speed|p2b: Billy\n|-resisted|p2b: Billy\n|-damage|p2b: Billy|68\/100\n|move|p2b: Billy|Drain Punch|p1a: Dragonite\n|-supereffective|p1a: Dragonite\n|-damage|p1a: Dragonite|0 fnt\n|-heal|p2b: Billy|100\/100|[from] drain|[of] p1a: Dragonite\n|faint|p1a: Dragonite\n|\n|win|Nincesk\n|raw|Aether swipe's rating: 1052 → 1034<\/strong> (-18 for losing)\n|raw|Nincesk's rating: 1048 → 1081<\/strong> (+33 for winning)\n|l|\u2606Aether swipe\n|c|\u2606Nincesk|Gg\n","uploadtime":1681666354,"views":12,"p1id":"aetherswipe","p2id":"nincesk","formatid":"gen9vgc2023regulationc","rating":1034,"private":0,"password":""}