{"id":"gen9vgc2023regulationc-1845574731","p1":"AnUndeadMyth","p2":"DanMarkSof2015","format":"[Gen 9] VGC 2023 Regulation C","log":"|j|\u2606AnUndeadMyth\n|j|\u2606DanMarkSof2015\n|t:|1681746271\n|gametype|doubles\n|player|p1|AnUndeadMyth|265|1119\n|player|p2|DanMarkSof2015|101|1081\n|teamsize|p1|6\n|teamsize|p2|6\n|gen|9\n|tier|[Gen 9] VGC 2023 Regulation C\n|rated|\n|rule|Species Clause: Limit one of each Pok\u00e9mon\n|rule|Item Clause: Limit one of each item\n|clearpoke\n|poke|p1|Iron Valiant, L50|\n|poke|p1|Talonflame, L50, M|\n|poke|p1|Great Tusk, L50|\n|poke|p1|Iron Bundle, L50|\n|poke|p1|Amoonguss, L50, F|\n|poke|p1|Ting-Lu, L50|\n|poke|p2|Dondozo, L50, F|\n|poke|p2|Flamigo, L50, M|\n|poke|p2|Tatsugiri, L50, F|\n|poke|p2|Annihilape, L50, M|\n|poke|p2|Cetitan, L50, F|\n|poke|p2|Maushold-Four, L50|\n|teampreview|4\nDanMarkSof2015 rejected open team sheets.\n|inactive|Battle timer is ON: inactive players will automatically lose when time's up. (requested by DanMarkSof2015)\n|\n|t:|1681746311\n|start\n|switch|p1a: Iron Valiant|Iron Valiant, L50|100\/100\n|switch|p1b: Talonflame|Talonflame, L50, M|100\/100\n|switch|p2a: Maushold|Maushold-Four, L50|100\/100\n|switch|p2b: Cetitan|Cetitan, L50, F|100\/100\n|-enditem|p1a: Iron Valiant|Booster Energy\n|-activate|p1a: Iron Valiant|ability: Quark Drive|[fromitem]\n|-start|p1a: Iron Valiant|quarkdrivespe\n|turn|1\n|\n|t:|1681746327\n|move|p2a: Maushold|Follow Me|p2a: Maushold\n|-singleturn|p2a: Maushold|move: Follow Me\n|move|p1b: Talonflame|Tailwind|p1b: Talonflame\n|-sidestart|p1: AnUndeadMyth|move: Tailwind\n|move|p1a: Iron Valiant|Close Combat|p2a: Maushold\n|-supereffective|p2a: Maushold\n|-enditem|p2a: Maushold|Focus Sash\n|-damage|p2a: Maushold|1\/100\n|-unboost|p1a: Iron Valiant|def|1\n|-unboost|p1a: Iron Valiant|spd|1\n|move|p2b: Cetitan|Belly Drum|p2b: Cetitan\n|-damage|p2b: Cetitan|50\/100\n|-setboost|p2b: Cetitan|atk|6|[from] move: Belly Drum\n|-enditem|p2b: Cetitan|Sitrus Berry|[eat]\n|-heal|p2b: Cetitan|75\/100|[from] item: Sitrus Berry\n|\n|upkeep\n|turn|2\n|inactive|DanMarkSof2015 has 30 seconds left.\n|inactive|DanMarkSof2015 has 20 seconds left.\n|\n|t:|1681746364\n|move|p1b: Talonflame|Quick Guard|p1b: Talonflame\n|-singleturn|p1b: Talonflame|Quick Guard\n|move|p2a: Maushold|Follow Me|p2a: Maushold\n|-singleturn|p2a: Maushold|move: Follow Me\n|move|p2b: Cetitan|Ice Shard|p1b: Talonflame\n|-activate|p1b: Talonflame|move: Quick Guard\n|move|p1a: Iron Valiant|Dazzling Gleam|p2b: Cetitan|[spread] p2a,p2b\n|-damage|p2a: Maushold|0 fnt\n|-damage|p2b: Cetitan|56\/100\n|faint|p2a: Maushold\n|\n|upkeep\n|\n|t:|1681746374\n|switch|p2a: Flamigo|Flamigo, L50, M|100\/100\n|-copyboost|p2a: Flamigo|p2b: Cetitan|[from] ability: Costar\n|turn|3\n|\n|t:|1681746393\n|move|p1b: Talonflame|Quick Guard|p1b: Talonflame\n|-singleturn|p1b: Talonflame|Quick Guard\n|move|p2b: Cetitan|Ice Shard|p1b: Talonflame\n|-activate|p1b: Talonflame|move: Quick Guard\n|move|p1a: Iron Valiant|Close Combat|p2b: Cetitan\n|-supereffective|p2b: Cetitan\n|-damage|p2b: Cetitan|0 fnt\n|-unboost|p1a: Iron Valiant|def|1\n|-unboost|p1a: Iron Valiant|spd|1\n|faint|p2b: Cetitan\n|move|p2a: Flamigo|Brave Bird|p1a: Iron Valiant\n|-supereffective|p1a: Iron Valiant\n|-damage|p1a: Iron Valiant|0 fnt\n|faint|p1a: Iron Valiant\n|-end|p1a: Iron Valiant|Quark Drive|[silent]\n|-damage|p2a: Flamigo|65\/100|[from] Recoil\n|\n|upkeep\n|\n|t:|1681746408\n|switch|p1a: Iron Bundle|Iron Bundle, L50|100\/100\n|switch|p2b: Annihilape|Annihilape, L50, M|100\/100\n|turn|4\n|inactive|DanMarkSof2015 has 30 seconds left.\n|inactive|DanMarkSof2015 has 20 seconds left.\n|\n|t:|1681746448\n|-terastallize|p2b: Annihilape|Ghost\n|move|p1a: Iron Bundle|Protect|p1a: Iron Bundle\n|-singleturn|p1a: Iron Bundle|Protect\n|move|p1b: Talonflame|Will-O-Wisp|p2b: Annihilape|[miss]\n|-miss|p1b: Talonflame|p2b: Annihilape\n|move|p2b: Annihilape|Phantom Force||[still]\n|-prepare|p2b: Annihilape|Phantom Force\n|move|p2a: Flamigo|Close Combat|p1a: Iron Bundle\n|-activate|p1a: Iron Bundle|move: Protect\n|\n|-sideend|p1: AnUndeadMyth|move: Tailwind\n|upkeep\n|turn|5\n|c|\u2606AnUndeadMyth|thats lucky\n|\n|t:|1681746473\n|move|p2a: Flamigo|Detect|p2a: Flamigo\n|-singleturn|p2a: Flamigo|Protect\n|move|p1b: Talonflame|Tailwind|p1b: Talonflame\n|-sidestart|p1: AnUndeadMyth|move: Tailwind\n|move|p1a: Iron Bundle|Freeze-Dry|p2a: Flamigo\n|-activate|p2a: Flamigo|move: Protect\n|move|p2b: Annihilape|Phantom Force|p1a: Iron Bundle|[from]lockedmove\n|-damage|p1a: Iron Bundle|44\/100\n|\n|upkeep\n|turn|6\n|inactive|DanMarkSof2015 has 30 seconds left.\n|\n|t:|1681746502\n|move|p1b: Talonflame|Quick Guard|p1b: Talonflame\n|-singleturn|p1b: Talonflame|Quick Guard\n|move|p1a: Iron Bundle|Freeze-Dry|p2a: Flamigo\n|-supereffective|p2a: Flamigo\n|-damage|p2a: Flamigo|0 fnt\n|faint|p2a: Flamigo\n|move|p2b: Annihilape|Phantom Force||[still]\n|-prepare|p2b: Annihilape|Phantom Force\n|\n|upkeep\n|turn|7\n|\n|t:|1681746515\n|-end|p1a: Iron Bundle|Quark Drive|[silent]\n|switch|p1a: Amoonguss|Amoonguss, L50, F|100\/100\n|move|p1b: Talonflame|Flare Blitz|p2b: Annihilape|[miss]\n|-miss|p1b: Talonflame|p2b: Annihilape\n|move|p2b: Annihilape|Phantom Force|p1a: Amoonguss|[from]lockedmove\n|-damage|p1a: Amoonguss|66\/100\n|\n|upkeep\n|turn|8\n|\n|t:|1681746539\n|move|p1b: Talonflame|Flare Blitz|p2b: Annihilape\n|-damage|p2b: Annihilape|56\/100\n|-damage|p1b: Talonflame|80\/100|[from] Recoil\n|move|p2b: Annihilape|Phantom Force||[still]\n|-prepare|p2b: Annihilape|Phantom Force\n|move|p1a: Amoonguss|Pollen Puff|p2b: Annihilape|[miss]\n|-miss|p1a: Amoonguss|p2b: Annihilape\n|\n|-sideend|p1: AnUndeadMyth|move: Tailwind\n|upkeep\n|turn|9\n|\n|t:|1681746548\n|move|p2b: Annihilape|Phantom Force|p1a: Amoonguss|[from]lockedmove\n|-damage|p1a: Amoonguss|31\/100\n|move|p1b: Talonflame|Tailwind|p1b: Talonflame\n|-sidestart|p1: AnUndeadMyth|move: Tailwind\n|move|p1a: Amoonguss|Spore|p2b: Annihilape\n|-status|p2b: Annihilape|slp|[from] move: Spore\n|\n|upkeep\n|turn|10\n|-message|DanMarkSof2015 forfeited.\n|\n|win|AnUndeadMyth\n|raw|AnUndeadMyth's rating: 1119 → 1141<\/strong> (+22 for winning)\n|raw|DanMarkSof2015's rating: 1081 → 1061<\/strong> (-20 for losing)\n|l|\u2606DanMarkSof2015\n","uploadtime":1681746575,"views":15,"p1id":"anundeadmyth","p2id":"danmarksof2015","formatid":"gen9vgc2023regulationc","rating":1061,"private":0,"password":""}