{"id":"gen9vgc2023regulationc-1863030154","p1":"revocolombia","p2":"Soapdropninja","format":"[Gen 9] VGC 2023 Regulation C","log":"|j|\u2606revocolombia\n|j|\u2606Soapdropninja\n|t:|1683955359\n|gametype|doubles\n|player|p1|revocolombia|pokemonranger-gen4|1190\n|player|p2|Soapdropninja|170|1140\n|teamsize|p1|6\n|teamsize|p2|6\n|gen|9\n|tier|[Gen 9] VGC 2023 Regulation C\n|rated|\n|rule|Species Clause: Limit one of each Pok\u00e9mon\n|rule|Item Clause: Limit one of each item\n|clearpoke\n|poke|p1|Flutter Mane, L50|\n|poke|p1|Garchomp, L50, M|\n|poke|p1|Dragonite, L50, F|\n|poke|p1|Chien-Pao, L50|\n|poke|p1|Murkrow, L50, M|\n|poke|p1|Gholdengo, L50|\n|poke|p2|Hawlucha, L50, M|\n|poke|p2|Indeedee-F, L50, F|\n|poke|p2|Armarouge, L50, M|\n|poke|p2|Muk, L50, F|\n|poke|p2|Iron Bundle, L50|\n|poke|p2|Abomasnow, L50, M|\n|teampreview|4\n|\n|t:|1683955415\n|start\n|switch|p1a: Dragonite|Dragonite, L50, F|100\/100\n|switch|p1b: Chien-Pao|Chien-Pao, L50|100\/100\n|switch|p2a: Abomasnow|Abomasnow, L50, M|100\/100\n|switch|p2b: Iron Bundle|Iron Bundle, L50|100\/100\n|-ability|p1b: Chien-Pao|Sword of Ruin\n|-weather|Snow|[from] ability: Snow Warning|[of] p2a: Abomasnow\n|-enditem|p2b: Iron Bundle|Booster Energy\n|-activate|p2b: Iron Bundle|ability: Quark Drive|[fromitem]\n|-start|p2b: Iron Bundle|quarkdrivespe\n|turn|1\n|inactive|Battle timer is ON: inactive players will automatically lose when time's up. (requested by Soapdropninja)\n|inactive|revocolombia has 60 seconds left.\n|\n|t:|1683955448\n|-terastallize|p2b: Iron Bundle|Ghost\n|-terastallize|p1a: Dragonite|Normal\n|move|p2b: Iron Bundle|Icy Wind|p1a: Dragonite|[spread] p1a,p1b\n|-resisted|p1b: Chien-Pao\n|-damage|p1a: Dragonite|89\/100\n|-damage|p1b: Chien-Pao|86\/100\n|-unboost|p1a: Dragonite|spe|1\n|-unboost|p1b: Chien-Pao|spe|1\n|move|p1b: Chien-Pao|Sacred Sword|p2a: Abomasnow\n|-supereffective|p2a: Abomasnow\n|-damage|p2a: Abomasnow|40\/100\n|move|p2a: Abomasnow|Aurora Veil|p2a: Abomasnow\n|-sidestart|p2: Soapdropninja|move: Aurora Veil\n|move|p1a: Dragonite|Dragon Dance|p1a: Dragonite\n|-boost|p1a: Dragonite|atk|1\n|-boost|p1a: Dragonite|spe|1\n|\n|-weather|Snow|[upkeep]\n|upkeep\n|turn|2\n|inactive|revocolombia has 30 seconds left.\n|inactive|Soapdropninja has 30 seconds left.\n|inactive|revocolombia has 20 seconds left.\n|inactive|Soapdropninja has 20 seconds left.\n|\n|t:|1683955486\n|move|p1b: Chien-Pao|Sucker Punch|p2b: Iron Bundle\n|-supereffective|p2b: Iron Bundle\n|-damage|p2b: Iron Bundle|16\/100\n|move|p2b: Iron Bundle|Blizzard|p1b: Chien-Pao|[spread] p1a,p1b\n|-resisted|p1b: Chien-Pao\n|-damage|p1a: Dragonite|50\/100\n|-damage|p1b: Chien-Pao|60\/100\n|move|p1a: Dragonite|Dragon Dance|p1a: Dragonite\n|-boost|p1a: Dragonite|atk|1\n|-boost|p1a: Dragonite|spe|1\n|move|p2a: Abomasnow|Blizzard|p1a: Dragonite|[spread] p1a,p1b\n|-resisted|p1b: Chien-Pao\n|-damage|p1a: Dragonite|16\/100\n|-damage|p1b: Chien-Pao|36\/100\n|\n|-weather|Snow|[upkeep]\n|upkeep\n|turn|3\n|inactive|revocolombia has 30 seconds left.\n|inactive|Soapdropninja has 30 seconds left.\n|\n|t:|1683955517\n|-end|p2b: Iron Bundle|Quark Drive|[silent]\n|switch|p2b: Indeedee|Indeedee-F, L50, F|100\/100\n|-fieldstart|move: Psychic Terrain|[from] ability: Psychic Surge|[of] p2b: Indeedee\n|move|p1a: Dragonite|Extreme Speed|p2a: Abomasnow\n|-activate|p2a: Abomasnow|move: Psychic Terrain\n|move|p1b: Chien-Pao|Sucker Punch||[still]\n|-fail|p1b: Chien-Pao\n|move|p2a: Abomasnow|Blizzard|p1a: Dragonite|[spread] p1a,p1b\n|-resisted|p1b: Chien-Pao\n|-damage|p1a: Dragonite|0 fnt\n|-damage|p1b: Chien-Pao|13\/100\n|faint|p1a: Dragonite\n|\n|-weather|Snow|[upkeep]\n|upkeep\n|\n|t:|1683955538\n|switch|p1a: Garchomp|Garchomp, L50, M|100\/100\n|turn|4\n|\n|t:|1683955562\n|move|p2b: Indeedee|Protect|p2b: Indeedee\n|-singleturn|p2b: Indeedee|Protect\n|move|p2a: Abomasnow|Protect|p2a: Abomasnow\n|-singleturn|p2a: Abomasnow|Protect\n|move|p1a: Garchomp|Rock Slide|p2a: Abomasnow|[spread] \n|-activate|p2a: Abomasnow|move: Protect\n|-activate|p2b: Indeedee|move: Protect\n|move|p1b: Chien-Pao|Ice Spinner|p2b: Indeedee\n|-activate|p2b: Indeedee|move: Protect\n|\n|-weather|Snow|[upkeep]\n|upkeep\n|turn|5\n|\n|t:|1683955581\n|move|p2b: Indeedee|Follow Me|p2b: Indeedee\n|-singleturn|p2b: Indeedee|move: Follow Me\n|move|p1a: Garchomp|Rock Slide|p2a: Abomasnow|[spread] p2a,p2b\n|-supereffective|p2a: Abomasnow\n|-damage|p2a: Abomasnow|12\/100\n|-damage|p2b: Indeedee|84\/100\n|move|p1b: Chien-Pao|Ice Spinner|p2b: Indeedee\n|-damage|p2b: Indeedee|45\/100\n|-fieldend|move: Psychic Terrain\n|move|p2a: Abomasnow|Blizzard|p1b: Chien-Pao|[spread] p1a,p1b\n|-supereffective|p1a: Garchomp\n|-resisted|p1b: Chien-Pao\n|-damage|p1a: Garchomp|0 fnt\n|-damage|p1b: Chien-Pao|0 fnt\n|faint|p1a: Garchomp\n|faint|p1b: Chien-Pao\n|\n|-weather|none\n|-sideend|p2: Soapdropninja|move: Aurora Veil\n|upkeep\n|\n|t:|1683955600\n|switch|p1b: Flutter Mane|Flutter Mane, L50|100\/100\n|-enditem|p1b: Flutter Mane|Booster Energy\n|-activate|p1b: Flutter Mane|ability: Protosynthesis|[fromitem]\n|-start|p1b: Flutter Mane|protosynthesisspe\n|turn|6\n|\n|t:|1683955619\n|switch|p2a: Armarouge|Armarouge, L50, M|100\/100\n|move|p1b: Flutter Mane|Dazzling Gleam|p2b: Indeedee|[spread] p2a,p2b\n|-resisted|p2a: Armarouge\n|-damage|p2a: Armarouge|83\/100\n|-damage|p2b: Indeedee|15\/100\n|move|p2b: Indeedee|Trick Room|p2b: Indeedee\n|-fieldstart|move: Trick Room|[of] p2b: Indeedee\n|\n|upkeep\n|turn|7\n|\n|t:|1683955643\n|move|p2a: Armarouge|Wide Guard|p2a: Armarouge\n|-singleturn|p2a: Armarouge|Wide Guard\n|move|p2b: Indeedee|Dazzling Gleam|p1b: Flutter Mane\n|-damage|p1b: Flutter Mane|79\/100\n|move|p1b: Flutter Mane|Dazzling Gleam|p2a: Armarouge|[spread] \n|-activate|p2a: Armarouge|move: Wide Guard\n|-activate|p2b: Indeedee|move: Wide Guard\n|\n|upkeep\n|turn|8\n|\n|t:|1683955663\n|move|p1b: Flutter Mane|Protect|p1b: Flutter Mane\n|-singleturn|p1b: Flutter Mane|Protect\n|move|p2a: Armarouge|Armor Cannon|p1b: Flutter Mane\n|-activate|p1b: Flutter Mane|move: Protect\n|move|p2b: Indeedee|Dazzling Gleam|p1b: Flutter Mane\n|-activate|p1b: Flutter Mane|move: Protect\n|\n|upkeep\n|turn|9\n|\n|t:|1683955681\n|move|p2a: Armarouge|Armor Cannon|p1b: Flutter Mane\n|-crit|p1b: Flutter Mane\n|-damage|p1b: Flutter Mane|0 fnt\n|-unboost|p2a: Armarouge|def|1\n|-unboost|p2a: Armarouge|spd|1\n|faint|p1b: Flutter Mane\n|-end|p1b: Flutter Mane|Protosynthesis|[silent]\n|-damage|p2a: Armarouge|73\/100|[from] item: Life Orb\n|\n|win|Soapdropninja\n|raw|revocolombia's rating: 1190 → 1161<\/strong> (-29 for losing)\n|raw|Soapdropninja's rating: 1140 → 1169<\/strong> (+29 for winning)\n","uploadtime":1683955692,"views":9,"p1id":"revocolombia","p2id":"soapdropninja","formatid":"gen9vgc2023regulationc","rating":1161,"private":0,"password":""}