{"id":"gen9vgc2023regulationc-1847456609","p1":"DuroMF","p2":"ShaytheFair","format":"[Gen 9] VGC 2023 Regulation C","log":"|j|\u2606DuroMF\n|j|\u2606ShaytheFair\n|t:|1681957366\n|gametype|doubles\n|player|p1|DuroMF|burglar|1131\n|player|p2|ShaytheFair|veteranf|1131\n|teamsize|p1|6\n|teamsize|p2|6\n|gen|9\n|tier|[Gen 9] VGC 2023 Regulation C\n|rated|\n|rule|Species Clause: Limit one of each Pok\u00e9mon\n|rule|Item Clause: Limit one of each item\n|clearpoke\n|poke|p1|Chien-Pao, L50|\n|poke|p1|Chi-Yu, L50|\n|poke|p1|Iron Hands, L50|\n|poke|p1|Salamence, L50, F|\n|poke|p1|Flutter Mane, L50|\n|poke|p1|Dragonite, L50, F|\n|poke|p2|Palafin, L50, M|\n|poke|p2|Flutter Mane, L50|\n|poke|p2|Arcanine, L50, M|\n|poke|p2|Ting-Lu, L50|\n|poke|p2|Amoonguss, L50, M|\n|poke|p2|Kingambit, L50, F|\n|teampreview|4\nShaytheFair has agreed to open team sheets.\nDuroMF has agreed to open team sheets.\n|\n|t:|1681957514\n|start\n|switch|p1a: Chi-Yu|Chi-Yu, L50|100\/100\n|switch|p1b: Salamence|Salamence, L50, F|100\/100\n|switch|p2a: Palafin|Palafin, L50, M|100\/100\n|switch|p2b: Flutter Mane|Flutter Mane, L50|100\/100\n|-ability|p1a: Chi-Yu|Beads of Ruin\n|-ability|p1b: Salamence|Intimidate|boost\n|-unboost|p2a: Palafin|atk|1\n|-unboost|p2b: Flutter Mane|atk|1\n|-enditem|p2b: Flutter Mane|Booster Energy\n|-activate|p2b: Flutter Mane|ability: Protosynthesis|[fromitem]\n|-start|p2b: Flutter Mane|protosynthesisspa\n|turn|1\n|\n|t:|1681957589\n|detailschange|p2a: Palafin|Palafin-Hero, L50, M\n|switch|p2a: Amoonguss|Amoonguss, L50, M|100\/100\n|-terastallize|p1b: Salamence|Fairy\n|move|p2b: Flutter Mane|Protect|p2b: Flutter Mane\n|-singleturn|p2b: Flutter Mane|Protect\n|move|p1a: Chi-Yu|Dark Pulse|p2b: Flutter Mane\n|-activate|p2b: Flutter Mane|move: Protect\n|move|p1b: Salamence|Air Slash|p2b: Flutter Mane\n|-activate|p2b: Flutter Mane|move: Protect\n|\n|upkeep\n|turn|2\n|\n|t:|1681957625\n|-end|p2b: Flutter Mane|Protosynthesis|[silent]\n|switch|p2b: Palafin|Palafin-Hero, L50, M|100\/100\n|-activate|p2b: Palafin|ability: Zero to Hero\n|move|p2a: Amoonguss|Rage Powder|p2a: Amoonguss\n|-singleturn|p2a: Amoonguss|move: Rage Powder\n|move|p1a: Chi-Yu|Dark Pulse|p2a: Amoonguss\n|-damage|p2a: Amoonguss|48\/100\n|move|p1b: Salamence|Air Slash|p2a: Amoonguss\n|-supereffective|p2a: Amoonguss\n|-damage|p2a: Amoonguss|0 fnt\n|faint|p2a: Amoonguss\n|\n|upkeep\n|\n|t:|1681957640\n|switch|p2a: Arcanine|Arcanine, L50, M|100\/100\n|-ability|p2a: Arcanine|Intimidate|boost\n|-unboost|p1a: Chi-Yu|atk|1\n|-unboost|p1b: Salamence|atk|1\n|turn|3\n|\n|t:|1681957660\n|switch|p1a: Dragonite|Dragonite, L50, F|100\/100\n|move|p1b: Salamence|Air Slash|p2a: Arcanine\n|-damage|p2a: Arcanine|45\/100\n|cant|p2a: Arcanine|flinch\n|move|p2b: Palafin|Wave Crash|p1a: Dragonite\n|-resisted|p1a: Dragonite\n|-damage|p1a: Dragonite|48\/100\n|-damage|p2b: Palafin|86\/100|[from] Recoil\n|\n|upkeep\n|turn|4\n|\n|t:|1681957700\n|move|p2b: Palafin|Protect|p2b: Palafin\n|-singleturn|p2b: Palafin|Protect\n|move|p1a: Dragonite|Extreme Speed|p2a: Arcanine\n|-damage|p2a: Arcanine|16\/100\n|move|p1b: Salamence|Air Slash|p2b: Palafin\n|-activate|p2b: Palafin|move: Protect\n|move|p2a: Arcanine|Will-O-Wisp|p1b: Salamence\n|-status|p1b: Salamence|brn\n|\n|-damage|p1b: Salamence|95\/100 brn|[from] brn\n|upkeep\n|turn|5\n|\n|t:|1681957731\n|move|p1a: Dragonite|Extreme Speed|p2b: Palafin\n|-damage|p2b: Palafin|59\/100\n|move|p1b: Salamence|Air Slash|p2b: Palafin\n|-damage|p2b: Palafin|7\/100\n|move|p2a: Arcanine|Howl|p2a: Arcanine|[spread] p2a,p2b\n|-boost|p2a: Arcanine|atk|1\n|-boost|p2b: Palafin|atk|1\n|cant|p2b: Palafin|flinch\n|\n|-damage|p1b: Salamence|89\/100 brn|[from] brn\n|upkeep\n|turn|6\n|\n|t:|1681957748\n|move|p1a: Dragonite|Extreme Speed|p2a: Arcanine\n|-damage|p2a: Arcanine|0 fnt\n|faint|p2a: Arcanine\n|move|p2b: Palafin|Jet Punch|p1a: Dragonite\n|-resisted|p1a: Dragonite\n|-damage|p1a: Dragonite|8\/100\n|move|p1b: Salamence|Air Slash|p2b: Palafin\n|-damage|p2b: Palafin|0 fnt\n|faint|p2b: Palafin\n|\n|-damage|p1b: Salamence|83\/100 brn|[from] brn\n|upkeep\n|\n|t:|1681957762\n|switch|p2a: Flutter Mane|Flutter Mane, L50|100\/100\n|turn|7\n|\n|t:|1681957777\n|switch|p1a: Iron Hands|Iron Hands, L50|100\/100\n|move|p2a: Flutter Mane|Dazzling Gleam|p1b: Salamence|[spread] p1a,p1b\n|-supereffective|p1a: Iron Hands\n|-damage|p1a: Iron Hands|65\/100\n|-damage|p1b: Salamence|42\/100 brn\n|move|p1b: Salamence|Air Slash|p2a: Flutter Mane\n|-damage|p2a: Flutter Mane|51\/100\n|\n|-damage|p1b: Salamence|36\/100 brn|[from] brn\n|upkeep\n|turn|8\n|\n|t:|1681957791\n|move|p2a: Flutter Mane|Shadow Ball|p1b: Salamence\n|-damage|p1b: Salamence|0 fnt\n|faint|p1b: Salamence\n|move|p1a: Iron Hands|Wild Charge|p2a: Flutter Mane\n|-damage|p2a: Flutter Mane|0 fnt\n|faint|p2a: Flutter Mane\n|-end|p2a: Flutter Mane|Protosynthesis|[silent]\n|-damage|p1a: Iron Hands|58\/100|[from] Recoil\n|\n|win|DuroMF\n|raw|DuroMF's rating: 1131 → 1156<\/strong> (+25 for winning)\n|raw|ShaytheFair's rating: 1131 → 1106<\/strong> (-25 for losing)\n|c|\u2606DuroMF|gg\n|c|\u2606ShaytheFair|GG\n|l|\u2606DuroMF\n|c|\u2606ShaytheFair|I'm still pretty new to this, but thank you for the battle\n","uploadtime":1681957822,"views":4,"p1id":"duromf","p2id":"shaythefair","formatid":"gen9vgc2023regulationc","rating":1106,"private":0,"password":""}