{"id":"gen9vgc2023regulationc-1861364698","p1":"garfieldslaya","p2":"hubbcappa","format":"[Gen 9] VGC 2023 Regulation C","log":"|j|\u2606garfieldslaya\n|j|\u2606hubbcappa\n|t:|1683749902\n|gametype|doubles\n|player|p1|garfieldslaya|jasmine|1193\n|player|p2|hubbcappa|170|1100\n|teamsize|p1|6\n|teamsize|p2|6\n|gen|9\n|tier|[Gen 9] VGC 2023 Regulation C\n|rated|\n|rule|Species Clause: Limit one of each Pok\u00e9mon\n|rule|Item Clause: Limit one of each item\n|clearpoke\n|poke|p1|Amoonguss, L50, F|\n|poke|p1|Flutter Mane, L50|\n|poke|p1|Arcanine, L50, F|\n|poke|p1|Baxcalibur, L50, M|\n|poke|p1|Ting-Lu, L50|\n|poke|p1|Azumarill, L50, F|\n|poke|p2|Indeedee-F, L50, F|\n|poke|p2|Hatterene, L50, F|\n|poke|p2|Hariyama, L50, F|\n|poke|p2|Oranguru, L50, M|\n|poke|p2|Torkoal, L50, F|\n|poke|p2|Ting-Lu, L50|\n|teampreview|4\ngarfieldslaya has agreed to open team sheets.\nhubbcappa has agreed to open team sheets.\n|\n|t:|1683749972\n|start\n|switch|p1a: Ting-Lu|Ting-Lu, L50|100\/100\n|switch|p1b: Arcanine|Arcanine, L50, F|100\/100\n|switch|p2a: Oranguru|Oranguru, L50, M|100\/100\n|switch|p2b: Hatterene|Hatterene, L50, F|100\/100\n|-ability|p1b: Arcanine|Intimidate|boost\n|-unboost|p2a: Oranguru|atk|1\n|-unboost|p2b: Hatterene|atk|1\n|-ability|p1a: Ting-Lu|Vessel of Ruin\n|turn|1\n|\n|t:|1683750009\n|move|p2a: Oranguru|Protect|p2a: Oranguru\n|-singleturn|p2a: Oranguru|Protect\n|move|p1b: Arcanine|Howl|p1b: Arcanine|[spread] p1a,p1b\n|-boost|p1a: Ting-Lu|atk|1\n|-boost|p1b: Arcanine|atk|1\n|move|p1a: Ting-Lu|Stomping Tantrum|p2a: Oranguru\n|-activate|p2a: Oranguru|move: Protect\n|move|p2b: Hatterene|Trick Room|p2b: Hatterene\n|-fieldstart|move: Trick Room|[of] p2b: Hatterene\n|\n|upkeep\n|turn|2\n|\n|t:|1683750054\n|-terastallize|p2b: Hatterene|Fairy\n|move|p2b: Hatterene|Psychic|p1a: Ting-Lu\n|-immune|p1a: Ting-Lu\n|move|p1a: Ting-Lu|Heavy Slam|p2b: Hatterene\n|-supereffective|p2b: Hatterene\n|-damage|p2b: Hatterene|0 fnt\n|faint|p2b: Hatterene\n|move|p2a: Oranguru|Psychic|p1a: Ting-Lu\n|-immune|p1a: Ting-Lu\n|move|p1b: Arcanine|Flare Blitz|p2a: Oranguru\n|-damage|p2a: Oranguru|13\/100\n|-enditem|p2a: Oranguru|Sitrus Berry|[eat]\n|-heal|p2a: Oranguru|38\/100|[from] item: Sitrus Berry\n|-damage|p1b: Arcanine|72\/100|[from] Recoil\n|\n|upkeep\n|\n|t:|1683750070\n|switch|p2b: Ting-Lu|Ting-Lu, L50|100\/100\n|-ability|p2b: Ting-Lu|Vessel of Ruin\n|turn|3\n|inactive|Battle timer is ON: inactive players will automatically lose when time's up. (requested by hubbcappa)\n|\n|t:|1683750103\n|move|p1b: Arcanine|Protect|p1b: Arcanine\n|-singleturn|p1b: Arcanine|Protect\n|move|p2b: Ting-Lu|Fissure|p1a: Ting-Lu\n|-damage|p1a: Ting-Lu|0 fnt\n|faint|p1a: Ting-Lu\n|-ohko\n|move|p2a: Oranguru|Instruct|p2b: Ting-Lu\n|-singleturn|p2b: Ting-Lu|move: Instruct|[of] p2a: Oranguru\n|move|p2b: Ting-Lu|Fissure|p1b: Arcanine\n|-activate|p1b: Arcanine|move: Protect\n|\n|upkeep\n|\n|t:|1683750109\n|switch|p1a: Azumarill|Azumarill, L50, F|100\/100\n|turn|4\n|\n|t:|1683750130\n|-terastallize|p1a: Azumarill|Water\n|move|p2b: Ting-Lu|Fissure|p1a: Azumarill\n|-damage|p1a: Azumarill|0 fnt\n|faint|p1a: Azumarill\n|-ohko\n|move|p2a: Oranguru|Instruct|p2b: Ting-Lu\n|-singleturn|p2b: Ting-Lu|move: Instruct|[of] p2a: Oranguru\n|move|p2b: Ting-Lu|Fissure|p1b: Arcanine|[miss]\n|-miss|p2b: Ting-Lu|p1b: Arcanine\n|move|p1b: Arcanine|Flare Blitz|p2a: Oranguru\n|-damage|p2a: Oranguru|0 fnt\n|faint|p2a: Oranguru\n|-damage|p1b: Arcanine|59\/100|[from] Recoil\n|\n|upkeep\n|\n|t:|1683750143\n|switch|p1a: Amoonguss|Amoonguss, L50, F|100\/100\n|switch|p2a: Torkoal|Torkoal, L50, F|100\/100\n|-weather|SunnyDay|[from] ability: Drought|[of] p2a: Torkoal\n|turn|5\n|\n|t:|1683750160\n|move|p2a: Torkoal|Eruption|p1a: Amoonguss|[spread] p1a,p1b\n|-supereffective|p1a: Amoonguss\n|-resisted|p1b: Arcanine\n|-damage|p1a: Amoonguss|36\/100\n|-damage|p1b: Arcanine|33\/100\n|-enditem|p1b: Arcanine|Sitrus Berry|[eat]\n|-heal|p1b: Arcanine|58\/100|[from] item: Sitrus Berry\n|move|p1a: Amoonguss|Spore|p2a: Torkoal\n|-status|p2a: Torkoal|slp|[from] move: Spore\n|move|p2b: Ting-Lu|Stomping Tantrum|p1b: Arcanine\n|-supereffective|p1b: Arcanine\n|-damage|p1b: Arcanine|0 fnt\n|faint|p1b: Arcanine\n|\n|-weather|SunnyDay|[upkeep]\n|-fieldend|move: Trick Room\n|upkeep\n|turn|6\n|-message|garfieldslaya forfeited.\n|\n|win|hubbcappa\n|raw|garfieldslaya's rating: 1193 → 1161<\/strong> (-32 for losing)\n|raw|hubbcappa's rating: 1100 → 1132<\/strong> (+32 for winning)\n","uploadtime":1683750176,"views":8,"p1id":"garfieldslaya","p2id":"hubbcappa","formatid":"gen9vgc2023regulationc","rating":1132,"private":0,"password":""}