{"id":"gen9vgc2023regulationc-1856603924","p1":"previouslyunnamed","p2":"joshuajohnf","format":"[Gen 9] VGC 2023 Regulation C","log":"|j|\u203dpreviouslyunnamed\n|j|\u2606joshuajohnf\n|t:|1683081293\n|gametype|doubles\n|player|p1|previouslyunnamed|pokefan-gen4|1155\n|player|p2|joshuajohnf|barry|1166\n|teamsize|p1|6\n|teamsize|p2|6\n|gen|9\n|tier|[Gen 9] VGC 2023 Regulation C\n|rated|\n|rule|Species Clause: Limit one of each Pok\u00e9mon\n|rule|Item Clause: Limit one of each item\n|clearpoke\n|poke|p1|Annihilape, L50, F|\n|poke|p1|Gholdengo, L50|\n|poke|p1|Maushold, L50|\n|poke|p1|Iron Bundle, L50|\n|poke|p1|Roaring Moon, L50|\n|poke|p1|Arcanine, L50, F|\n|poke|p2|Vivillon-Fancy, L50, M|\n|poke|p2|Iron Bundle, L50|\n|poke|p2|Abomasnow, L50, F|\n|poke|p2|Dondozo, L50, F|\n|poke|p2|Tatsugiri, L50, F|\n|poke|p2|Ting-Lu, L50|\n|teampreview|4\n|inactive|Battle timer is ON: inactive players will automatically lose when time's up. (requested by previouslyunnamed)\n|inactive|previouslyunnamed has 60 seconds left.\n|\n|t:|1683081347\n|start\n|switch|p1a: Iron Bundle|Iron Bundle, L50|100\/100\n|switch|p1b: Roaring Moon|Roaring Moon, L50|100\/100\n|switch|p2a: Iron Bundle|Iron Bundle, L50|100\/100\n|switch|p2b: Abomasnow|Abomasnow, L50, F|100\/100\n|-weather|Snow|[from] ability: Snow Warning|[of] p2b: Abomasnow\n|-enditem|p1b: Roaring Moon|Booster Energy\n|-activate|p1b: Roaring Moon|ability: Protosynthesis|[fromitem]\n|-start|p1b: Roaring Moon|protosynthesisatk\n|turn|1\n|\n|t:|1683081364\n|move|p1b: Roaring Moon|Protect|p1b: Roaring Moon\n|-singleturn|p1b: Roaring Moon|Protect\n|move|p2a: Iron Bundle|Aurora Veil|p2a: Iron Bundle\n|-sidestart|p2: joshuajohnf|move: Aurora Veil\n|move|p1a: Iron Bundle|Icy Wind|p2b: Abomasnow|[spread] p2a,p2b\n|-resisted|p2a: Iron Bundle\n|-damage|p2a: Iron Bundle|95\/100\n|-damage|p2b: Abomasnow|86\/100\n|-unboost|p2a: Iron Bundle|spe|1\n|-unboost|p2b: Abomasnow|spe|1\n|move|p2b: Abomasnow|Blizzard|p1b: Roaring Moon|[spread] p1a\n|-activate|p1b: Roaring Moon|move: Protect\n|-resisted|p1a: Iron Bundle\n|-damage|p1a: Iron Bundle|80\/100\n|-damage|p2b: Abomasnow|76\/100|[from] item: Life Orb\n|\n|-weather|Snow|[upkeep]\n|upkeep\n|turn|2\n|\n|t:|1683081383\n|-terastallize|p1b: Roaring Moon|Flying\n|move|p2b: Abomasnow|Ice Shard|p1b: Roaring Moon\n|-supereffective|p1b: Roaring Moon\n|-damage|p1b: Roaring Moon|62\/100\n|-damage|p2b: Abomasnow|67\/100|[from] item: Life Orb\n|move|p1a: Iron Bundle|Encore|p2a: Iron Bundle\n|-start|p2a: Iron Bundle|Encore\n|move|p1b: Roaring Moon|Acrobatics|p2b: Abomasnow\n|-supereffective|p2b: Abomasnow\n|-damage|p2b: Abomasnow|0 fnt\n|faint|p2b: Abomasnow\n|move|p2a: Iron Bundle|Aurora Veil||[still]\n|-fail|p2a: Iron Bundle\n|\n|-weather|Snow|[upkeep]\n|upkeep\n|\n|t:|1683081397\n|switch|p2b: Dondozo|Dondozo, L50, F|100\/100\n|turn|3\n|\n|t:|1683081420\n|-end|p2a: Iron Bundle|Quark Drive|[silent]\n|switch|p2a: Tatsugiri|Tatsugiri, L50, F|100\/100\n|-activate|p2a: Tatsugiri|ability: Commander|[of] p2b: Dondozo\n|-boost|p2b: Dondozo|atk|2\n|-boost|p2b: Dondozo|spa|2\n|-boost|p2b: Dondozo|spe|2\n|-boost|p2b: Dondozo|def|2\n|-boost|p2b: Dondozo|spd|2\n|move|p1a: Iron Bundle|Freeze-Dry|p2b: Dondozo\n|-supereffective|p2b: Dondozo\n|-damage|p2b: Dondozo|79\/100\n|move|p1b: Roaring Moon|Dragon Dance|p1b: Roaring Moon\n|-boost|p1b: Roaring Moon|atk|1\n|-boost|p1b: Roaring Moon|spe|1\n|move|p2b: Dondozo|Order Up|p1a: Iron Bundle\n|-damage|p1a: Iron Bundle|43\/100\n|-boost|p2b: Dondozo|atk|1\n|\n|-weather|Snow|[upkeep]\n|-heal|p2b: Dondozo|85\/100|[from] item: Leftovers\n|upkeep\n|turn|4\n|\n|t:|1683081443\n|move|p2b: Dondozo|Protect|p2b: Dondozo\n|-singleturn|p2b: Dondozo|Protect\n|move|p1b: Roaring Moon|Acrobatics|p2b: Dondozo\n|-activate|p2b: Dondozo|move: Protect\n|move|p1a: Iron Bundle|Freeze-Dry|p2b: Dondozo\n|-activate|p2b: Dondozo|move: Protect\n|\n|-weather|Snow|[upkeep]\n|-heal|p2b: Dondozo|92\/100|[from] item: Leftovers\n|upkeep\n|turn|5\n|\n|t:|1683081455\n|move|p1b: Roaring Moon|Dragon Dance|p1b: Roaring Moon\n|-boost|p1b: Roaring Moon|atk|1\n|-boost|p1b: Roaring Moon|spe|1\n|move|p1a: Iron Bundle|Encore|p2b: Dondozo\n|-start|p2b: Dondozo|Encore\n|move|p2b: Dondozo|Protect||[still]\n|-fail|p2b: Dondozo\n|\n|-weather|none\n|-heal|p2b: Dondozo|98\/100|[from] item: Leftovers\n|upkeep\n|turn|6\n|\n|t:|1683081468\n|move|p2b: Dondozo|Protect|p2b: Dondozo\n|-singleturn|p2b: Dondozo|Protect\n|move|p1b: Roaring Moon|Dragon Dance|p1b: Roaring Moon\n|-boost|p1b: Roaring Moon|atk|1\n|-boost|p1b: Roaring Moon|spe|1\n|move|p1a: Iron Bundle|Freeze-Dry|p2b: Dondozo\n|-activate|p2b: Dondozo|move: Protect\n|\n|-heal|p2b: Dondozo|100\/100|[from] item: Leftovers\n|upkeep\n|turn|7\n|\n|t:|1683081482\n|move|p2b: Dondozo|Protect||[still]\n|-fail|p2b: Dondozo\n|move|p1b: Roaring Moon|Acrobatics|p2b: Dondozo\n|-damage|p2b: Dondozo|83\/100\n|move|p1a: Iron Bundle|Freeze-Dry|p2b: Dondozo\n|-supereffective|p2b: Dondozo\n|-damage|p2b: Dondozo|64\/100\n|-status|p2b: Dondozo|frz\n|\n|-heal|p2b: Dondozo|70\/100 frz|[from] item: Leftovers\n|-end|p2b: Dondozo|Encore\n|upkeep\n|turn|8\n|\n|t:|1683081500\n|move|p1b: Roaring Moon|Dragon Dance|p1b: Roaring Moon\n|-boost|p1b: Roaring Moon|atk|1\n|-boost|p1b: Roaring Moon|spe|1\n|move|p1a: Iron Bundle|Encore|p2b: Dondozo\n|-start|p2b: Dondozo|Encore\n|cant|p2b: Dondozo|frz\n|\n|-heal|p2b: Dondozo|76\/100 frz|[from] item: Leftovers\n|-sideend|p2: joshuajohnf|move: Aurora Veil\n|upkeep\n|turn|9\n|\n|t:|1683081509\n|-curestatus|p2b: Dondozo|frz|[msg]\n|move|p2b: Dondozo|Protect|p2b: Dondozo\n|-singleturn|p2b: Dondozo|Protect\n|move|p1b: Roaring Moon|Acrobatics|p2b: Dondozo\n|-activate|p2b: Dondozo|move: Protect\n|move|p1a: Iron Bundle|Freeze-Dry|p2b: Dondozo\n|-activate|p2b: Dondozo|move: Protect\n|\n|-heal|p2b: Dondozo|82\/100|[from] item: Leftovers\n|upkeep\n|turn|10\n|\n|t:|1683081520\n|move|p2b: Dondozo|Protect||[still]\n|-fail|p2b: Dondozo\n|move|p1b: Roaring Moon|Acrobatics|p2b: Dondozo\n|-damage|p2b: Dondozo|57\/100\n|move|p1a: Iron Bundle|Freeze-Dry|p2b: Dondozo\n|-supereffective|p2b: Dondozo\n|-damage|p2b: Dondozo|27\/100\n|\n|-heal|p2b: Dondozo|33\/100|[from] item: Leftovers\n|-end|p2b: Dondozo|Encore\n|upkeep\n|turn|11\n|\n|t:|1683081542\n|move|p1b: Roaring Moon|Acrobatics|p2b: Dondozo\n|-damage|p2b: Dondozo|7\/100\n|move|p1a: Iron Bundle|Encore|p2b: Dondozo\n|-start|p2b: Dondozo|Encore\n|move|p2b: Dondozo|Protect||[still]\n|-fail|p2b: Dondozo\n|\n|-heal|p2b: Dondozo|13\/100|[from] item: Leftovers\n|upkeep\n|turn|12\n|\n|t:|1683081551\n|move|p2b: Dondozo|Protect|p2b: Dondozo\n|-singleturn|p2b: Dondozo|Protect\n|move|p1b: Roaring Moon|Dragon Dance|p1b: Roaring Moon\n|-boost|p1b: Roaring Moon|atk|1\n|-boost|p1b: Roaring Moon|spe|1\n|move|p1a: Iron Bundle|Freeze-Dry|p2b: Dondozo\n|-activate|p2b: Dondozo|move: Protect\n|\n|-heal|p2b: Dondozo|19\/100|[from] item: Leftovers\n|upkeep\n|turn|13\n|\n|t:|1683081572\n|move|p2b: Dondozo|Protect||[still]\n|-fail|p2b: Dondozo\n|move|p1b: Roaring Moon|Acrobatics|p2b: Dondozo\n|-damage|p2b: Dondozo|0 fnt\n|faint|p2b: Dondozo\n|move|p1a: Iron Bundle|Freeze-Dry|p2a: Tatsugiri\n|-supereffective|p2a: Tatsugiri\n|-damage|p2a: Tatsugiri|0 fnt\n|faint|p2a: Tatsugiri\n|\n|upkeep\n|\n|t:|1683081583\n|switch|p2b: Iron Bundle|Iron Bundle, L50|95\/100\n|turn|14\n|\n|t:|1683081592\n|move|p1b: Roaring Moon|Acrobatics|p2b: Iron Bundle\n|-damage|p2b: Iron Bundle|0 fnt\n|faint|p2b: Iron Bundle\n|-end|p2b: Iron Bundle|Quark Drive|[silent]\n|\n|win|previouslyunnamed\n|raw|previouslyunnamed's rating: 1155 → 1181<\/strong> (+26 for winning)\n|raw|joshuajohnf's rating: 1166 → 1140<\/strong> (-26 for losing)\n","uploadtime":1683081602,"views":9,"p1id":"previouslyunnamed","p2id":"joshuajohnf","formatid":"gen9vgc2023regulationc","rating":1140,"private":0,"password":""}