{"id":"gen9vgc2023regulationc-1863183636","p1":"UltimoRyu","p2":"Lrs2190","format":"[Gen 9] VGC 2023 Regulation C","log":"|j|\u2606UltimoRyu\n|j|\u2606Lrs2190\n|t:|1683985123\n|gametype|doubles\n|player|p1|UltimoRyu|turo-ai|1196\n|player|p2|Lrs2190|brycen|1102\n|teamsize|p1|6\n|teamsize|p2|6\n|gen|9\n|tier|[Gen 9] VGC 2023 Regulation C\n|rated|\n|rule|Species Clause: Limit one of each Pok\u00e9mon\n|rule|Item Clause: Limit one of each item\n|clearpoke\n|poke|p1|Abomasnow, L50, F|\n|poke|p1|Iron Bundle, L50|\n|poke|p1|Azumarill, L50, F|\n|poke|p1|Maushold, L50|\n|poke|p1|Gholdengo, L50|\n|poke|p1|Murkrow, L50, F|\n|poke|p2|Amoonguss, L50, F|\n|poke|p2|Flutter Mane, L50|\n|poke|p2|Scream Tail, L50|\n|poke|p2|Arcanine, L50, F|\n|poke|p2|Palafin, L50, M|\n|poke|p2|Gothitelle, L50, F|\n|teampreview|4\n|\n|t:|1683985166\n|start\n|switch|p1a: Abomasnow|Abomasnow, L50, F|100\/100\n|switch|p1b: Iron Bundle|Iron Bundle, L50|100\/100\n|switch|p2a: Arcanine|Arcanine, L50, F|100\/100\n|switch|p2b: Gothitelle|Gothitelle, L50, F, shiny|100\/100\n|-ability|p2a: Arcanine|Intimidate|boost\n|-unboost|p1a: Abomasnow|atk|1\n|-unboost|p1b: Iron Bundle|atk|1\n|-weather|Snow|[from] ability: Snow Warning|[of] p1a: Abomasnow\n|-enditem|p1b: Iron Bundle|Booster Energy\n|-activate|p1b: Iron Bundle|ability: Quark Drive|[fromitem]\n|-start|p1b: Iron Bundle|quarkdrivespe\n|turn|1\n|\n|t:|1683985193\n|-terastallize|p1a: Abomasnow|Water\n|move|p2b: Gothitelle|Fake Out|p1b: Iron Bundle\n|-crit|p1b: Iron Bundle\n|-damage|p1b: Iron Bundle|93\/100\n|cant|p1b: Iron Bundle|flinch\n|move|p2a: Arcanine|Flare Blitz|p1a: Abomasnow\n|-resisted|p1a: Abomasnow\n|-damage|p1a: Abomasnow|65\/100\n|-damage|p2a: Arcanine|87\/100|[from] Recoil\n|move|p1a: Abomasnow|Tera Blast|p2a: Arcanine\n|-supereffective|p2a: Arcanine\n|-damage|p2a: Arcanine|0 fnt\n|faint|p2a: Arcanine\n|-damage|p1a: Abomasnow|56\/100|[from] item: Life Orb\n|\n|-weather|Snow|[upkeep]\n|upkeep\n|\n|t:|1683985211\n|switch|p2a: Flutter Mane|Flutter Mane, L50|100\/100\n|turn|2\n|\n|t:|1683985227\n|move|p1b: Iron Bundle|Aurora Veil|p1b: Iron Bundle\n|-sidestart|p1: UltimoRyu|move: Aurora Veil\n|move|p2a: Flutter Mane|Dazzling Gleam|p1b: Iron Bundle|[spread] p1a,p1b\n|-damage|p1a: Abomasnow|37\/100\n|-damage|p1b: Iron Bundle|68\/100\n|move|p2b: Gothitelle|Psychic|p1a: Abomasnow\n|-damage|p1a: Abomasnow|12\/100\n|-unboost|p1a: Abomasnow|spd|1\n|move|p1a: Abomasnow|Blizzard|p2a: Flutter Mane|[spread] p2a,p2b\n|-crit|p2a: Flutter Mane\n|-damage|p2a: Flutter Mane|30\/100\n|-damage|p2b: Gothitelle|57\/100\n|-damage|p1a: Abomasnow|3\/100|[from] item: Life Orb\n|\n|-weather|Snow|[upkeep]\n|-heal|p2b: Gothitelle|63\/100|[from] item: Leftovers\n|upkeep\n|turn|3\n|\n|t:|1683985244\n|move|p1a: Abomasnow|Protect|p1a: Abomasnow\n|-singleturn|p1a: Abomasnow|Protect\n|move|p1b: Iron Bundle|Blizzard|p2b: Gothitelle|[spread] p2a,p2b\n|-damage|p2a: Flutter Mane|0 fnt\n|-damage|p2b: Gothitelle|26\/100\n|faint|p2a: Flutter Mane\n|-end|p2a: Flutter Mane|Protosynthesis|[silent]\n|move|p2b: Gothitelle|Psychic|p1a: Abomasnow\n|-activate|p1a: Abomasnow|move: Protect\n|\n|-weather|Snow|[upkeep]\n|-heal|p2b: Gothitelle|32\/100|[from] item: Leftovers\n|upkeep\n|\n|t:|1683985254\n|switch|p2a: Scream Tail|Scream Tail, L50|100\/100\n|-enditem|p2a: Scream Tail|Booster Energy\n|-activate|p2a: Scream Tail|ability: Protosynthesis|[fromitem]\n|-start|p2a: Scream Tail|protosynthesisspe\n|turn|4\n|\n|t:|1683985278\n|move|p2b: Gothitelle|Protect|p2b: Gothitelle\n|-singleturn|p2b: Gothitelle|Protect\n|move|p1b: Iron Bundle|Blizzard|p2a: Scream Tail|[spread] p2a\n|-activate|p2b: Gothitelle|move: Protect\n|-damage|p2a: Scream Tail|69\/100\n|move|p2a: Scream Tail|Play Rough|p1a: Abomasnow\n|-damage|p1a: Abomasnow|0 fnt\n|faint|p1a: Abomasnow\n|\n|-weather|Snow|[upkeep]\n|-heal|p2b: Gothitelle|38\/100|[from] item: Leftovers\n|upkeep\n|\n|t:|1683985282\n|switch|p1a: Gholdengo|Gholdengo, L50|100\/100\n|turn|5\n|\n|t:|1683985316\n|-terastallize|p2a: Scream Tail|Steel\n|move|p2b: Gothitelle|Fake Out||[still]\n|-hint|Fake Out only works on your first turn out.\n|-fail|p2b: Gothitelle\n|move|p1b: Iron Bundle|Blizzard|p2b: Gothitelle|[spread] p2a,p2b\n|-resisted|p2a: Scream Tail\n|-damage|p2a: Scream Tail|56\/100\n|-damage|p2b: Gothitelle|0 fnt\n|faint|p2b: Gothitelle\n|move|p2a: Scream Tail|Play Rough|p1b: Iron Bundle\n|-damage|p1b: Iron Bundle|57\/100\n|-unboost|p1b: Iron Bundle|atk|1\n|move|p1a: Gholdengo|Make It Rain|p2a: Scream Tail\n|-resisted|p2a: Scream Tail\n|-damage|p2a: Scream Tail|19\/100\n|-unboost|p1a: Gholdengo|spa|1\n|\n|-weather|none\n|upkeep\n|turn|6\n|\n|t:|1683985342\n|move|p1b: Iron Bundle|Blizzard|p2a: Scream Tail\n|-resisted|p2a: Scream Tail\n|-damage|p2a: Scream Tail|0 fnt\n|faint|p2a: Scream Tail\n|-end|p2a: Scream Tail|Protosynthesis|[silent]\n|\n|win|UltimoRyu\n|raw|UltimoRyu's rating: 1196 → 1214<\/strong> (+18 for winning)\n|raw|Lrs2190's rating: 1102 → 1084<\/strong> (-18 for losing)\n|c|\u2606UltimoRyu|Gg\n|l|\u2606Lrs2190\n","uploadtime":1683985358,"views":12,"p1id":"ultimoryu","p2id":"lrs2190","formatid":"gen9vgc2023regulationc","rating":1084,"private":0,"password":""}