{"id":"gen9vgc2023regulationc-1852389445","p1":"edomila99","p2":"Renan 26","format":"[Gen 9] VGC 2023 Regulation C","log":"|j|\u2606edomila99\n|j|\u2606Renan 26\n|t:|1682551606\n|gametype|doubles\n|player|p1|edomila99|1|1367\n|player|p2|Renan 26|grimsley|1264\n|teamsize|p1|6\n|teamsize|p2|6\n|gen|9\n|tier|[Gen 9] VGC 2023 Regulation C\n|rated|\n|rule|Species Clause: Limit one of each Pok\u00e9mon\n|rule|Item Clause: Limit one of each item\n|clearpoke\n|poke|p1|Ting-Lu, L50|\n|poke|p1|Arcanine, L50, M|\n|poke|p1|Vivillon, L50, F|\n|poke|p1|Baxcalibur, L50, M|\n|poke|p1|Amoonguss, L50, F|\n|poke|p1|Mimikyu, L50, M|\n|poke|p2|Jumpluff, L50, F|\n|poke|p2|Flutter Mane, L50|\n|poke|p2|Torkoal, L50, F|\n|poke|p2|Chien-Pao, L50|\n|poke|p2|Great Tusk, L50|\n|poke|p2|Kingambit, L50, M|\n|teampreview|4\n|\n|t:|1682551629\n|start\n|switch|p1a: Ting-Lu|Ting-Lu, L50|100\/100\n|switch|p1b: Vivillon|Vivillon, L50, F|100\/100\n|switch|p2a: O Rei dos Reis|Chien-Pao, L50|100\/100\n|switch|p2b: Many|Great Tusk, L50|100\/100\n|-ability|p2a: O Rei dos Reis|Sword of Ruin\n|-ability|p1a: Ting-Lu|Vessel of Ruin\n|turn|1\n|\n|t:|1682551652\n|-terastallize|p2a: O Rei dos Reis|Flying\n|move|p1b: Vivillon|Protect|p1b: Vivillon\n|-singleturn|p1b: Vivillon|Protect\n|move|p1a: Ting-Lu|Protect|p1a: Ting-Lu\n|-singleturn|p1a: Ting-Lu|Protect\n|move|p2b: Many|Close Combat|p1a: Ting-Lu\n|-activate|p1a: Ting-Lu|move: Protect\n|move|p2a: O Rei dos Reis|Taunt|p1b: Vivillon\n|-activate|p1b: Vivillon|move: Protect\n|\n|upkeep\n|turn|2\n|\n|t:|1682551675\n|switch|p1b: Arcanine|Arcanine, L50, M|100\/100\n|-ability|p1b: Arcanine|Intimidate|boost\n|-unboost|p2a: O Rei dos Reis|atk|1\n|-unboost|p2b: Many|atk|1\n|move|p2b: Many|Close Combat|p1a: Ting-Lu\n|-supereffective|p1a: Ting-Lu\n|-damage|p1a: Ting-Lu|31\/100\n|-unboost|p2b: Many|def|1\n|-unboost|p2b: Many|spd|1\n|-enditem|p1a: Ting-Lu|Weakness Policy\n|-boost|p1a: Ting-Lu|atk|2|[from] item: Weakness Policy\n|-boost|p1a: Ting-Lu|spa|2|[from] item: Weakness Policy\n|move|p2a: O Rei dos Reis|Taunt|p1b: Arcanine\n|-start|p1b: Arcanine|move: Taunt\n|move|p1a: Ting-Lu|Payback|p2a: O Rei dos Reis\n|-enditem|p2a: O Rei dos Reis|Focus Sash\n|-damage|p2a: O Rei dos Reis|1\/100\n|\n|upkeep\n|turn|3\n|\n|t:|1682551727\n|-end|p2b: Many|Protosynthesis|[silent]\n|switch|p2b: Ougway|Torkoal, L50, F|100\/100\n|-weather|SunnyDay|[from] ability: Drought|[of] p2b: Ougway\n|switch|p1b: Vivillon|Vivillon, L50, F|100\/100\n|move|p2a: O Rei dos Reis|Protect|p2a: O Rei dos Reis\n|-singleturn|p2a: O Rei dos Reis|Protect\n|move|p1a: Ting-Lu|Protect||[still]\n|-fail|p1a: Ting-Lu\n|\n|-weather|SunnyDay|[upkeep]\n|upkeep\n|turn|4\n|\n|t:|1682551761\n|-terastallize|p1a: Ting-Lu|Water\n|move|p2a: O Rei dos Reis|Ice Spinner|p1b: Vivillon\n|-supereffective|p1b: Vivillon\n|-enditem|p1b: Vivillon|Focus Sash\n|-damage|p1b: Vivillon|1\/100\n|move|p1b: Vivillon|Pollen Puff|p1a: Ting-Lu\n|-heal|p1a: Ting-Lu|81\/100\n|move|p1a: Ting-Lu|Earthquake|p2b: Ougway|[spread] p2b\n|-immune|p1b: Vivillon\n|-immune|p2a: O Rei dos Reis\n|-supereffective|p2b: Ougway\n|-damage|p2b: Ougway|0 fnt\n|faint|p2b: Ougway\n|\n|-weather|SunnyDay|[upkeep]\n|upkeep\n|\n|t:|1682551776\n|switch|p2b: Dolly|Flutter Mane, L50|100\/100\n|-activate|p2b: Dolly|ability: Protosynthesis\n|-start|p2b: Dolly|protosynthesisspe\n|turn|5\n|\n|t:|1682551792\n|switch|p1b: Arcanine|Arcanine, L50, M|100\/100\n|-ability|p1b: Arcanine|Intimidate|boost\n|-unboost|p2a: O Rei dos Reis|atk|1\n|-unboost|p2b: Dolly|atk|1\n|move|p2b: Dolly|Thunderbolt|p1a: Ting-Lu\n|-supereffective|p1a: Ting-Lu\n|-damage|p1a: Ting-Lu|26\/100\n|move|p2a: O Rei dos Reis|Ice Spinner|p1b: Arcanine\n|-resisted|p1b: Arcanine\n|-damage|p1b: Arcanine|84\/100\n|move|p1a: Ting-Lu|Earthquake|p2a: O Rei dos Reis|[spread] p1b,p2b\n|-immune|p2a: O Rei dos Reis\n|-supereffective|p1b: Arcanine\n|-damage|p1b: Arcanine|0 fnt\n|-damage|p2b: Dolly|0 fnt\n|faint|p1b: Arcanine\n|faint|p2b: Dolly\n|-end|p2b: Dolly|Protosynthesis|[silent]\n|\n|-weather|SunnyDay|[upkeep]\n|upkeep\n|\n|t:|1682551812\n|switch|p2b: Many|Great Tusk, L50|100\/100\n|switch|p1b: Mimikyu|Mimikyu, L50, M|100\/100\n|-activate|p2b: Many|ability: Protosynthesis\n|-start|p2b: Many|protosynthesisatk\n|turn|6\n|\n|t:|1682551836\n|move|p2a: O Rei dos Reis|Sucker Punch|p1b: Mimikyu\n|-activate|p1b: Mimikyu|ability: Disguise\n|-damage|p1b: Mimikyu|100\/100\n|detailschange|p1b: Mimikyu|Mimikyu-Busted, L50, M\n|-damage|p1b: Mimikyu|88\/100|[from] pokemon: Mimikyu-Busted\n|move|p1b: Mimikyu|Shadow Sneak|p2a: O Rei dos Reis\n|-crit|p2a: O Rei dos Reis\n|-damage|p2a: O Rei dos Reis|0 fnt\n|faint|p2a: O Rei dos Reis\n|-damage|p1b: Mimikyu|78\/100|[from] item: Life Orb\n|move|p2b: Many|Earthquake|p1b: Mimikyu|[spread] p1a,p1b\n|-damage|p1a: Ting-Lu|0 fnt\n|-damage|p1b: Mimikyu|0 fnt\n|faint|p1a: Ting-Lu\n|faint|p1b: Mimikyu\n|\n|-weather|SunnyDay|[upkeep]\n|upkeep\n|-message|edomila99 forfeited.\n|\n|win|Renan 26\n|raw|edomila99's rating: 1367 → 1341<\/strong> (-26 for losing)\n|raw|Renan 26's rating: 1264 → 1296<\/strong> (+32 for winning)\n|l|\u2606edomila99\n","uploadtime":1682552161,"views":12,"p1id":"edomila99","p2id":"renan26","formatid":"gen9vgc2023regulationc","rating":1296,"private":0,"password":""}