{"id":"gen9vgc2023regulationc-1858458105","p1":"Astrostardust","p2":"joshmurr","format":"[Gen 9] VGC 2023 Regulation C","log":"|j|\u2606Astrostardust\n|j|\u2606joshmurr\n|t:|1683314220\n|gametype|doubles\n|player|p1|Astrostardust|volkner|1077\n|player|p2|joshmurr|265|1007\n|teamsize|p1|6\n|teamsize|p2|6\n|gen|9\n|tier|[Gen 9] VGC 2023 Regulation C\n|rated|\n|rule|Species Clause: Limit one of each Pok\u00e9mon\n|rule|Item Clause: Limit one of each item\n|clearpoke\n|poke|p1|Glimmora, L50, M|\n|poke|p1|Tatsugiri, L50, M|\n|poke|p1|Dondozo, L50, F|\n|poke|p1|Brambleghast, L50, M|\n|poke|p1|Flamigo, L50, M|\n|poke|p1|Pawmot, L50, F|\n|poke|p2|Gyarados, L50, M|\n|poke|p2|Raichu, L50, M|\n|poke|p2|Palafin, L50, F|\n|poke|p2|Iron Hands, L50|\n|poke|p2|Garchomp, L50, F|\n|poke|p2|Gastrodon, L50, F|\n|teampreview|4\n|inactive|Battle timer is ON: inactive players will automatically lose when time's up. (requested by Astrostardust)\n|inactive|Astrostardust has 60 seconds left.\n|inactive|joshmurr has 60 seconds left.\njoshmurr rejected open team sheets.\n|\n|t:|1683314265\n|start\n|switch|p1a: Brambleghast|Brambleghast, L50, M|100\/100\n|switch|p1b: Flamigo|Flamigo, L50, M|100\/100\n|switch|p2a: Gastrodon|Gastrodon, L50, F|100\/100\n|switch|p2b: Garchomp|Garchomp, L50, F|100\/100\n|-copyboost|p1b: Flamigo|p1a: Brambleghast|[from] ability: Costar\n|turn|1\n|inactive|joshmurr has 30 seconds left.\n|\n|t:|1683314292\n|move|p2b: Garchomp|Shadow Claw|p1a: Brambleghast\n|-supereffective|p1a: Brambleghast\n|-damage|p1a: Brambleghast|24\/100\n|-enditem|p1a: Brambleghast|Red Card|[of] p2b: Garchomp\n|drag|p2b: Palafin|Palafin, L50, F|100\/100\n|move|p1b: Flamigo|Tailwind|p1b: Flamigo\n|-sidestart|p1: Astrostardust|move: Tailwind\n|-ability|p1a: Brambleghast|Wind Rider|boost\n|-boost|p1a: Brambleghast|atk|1\n|move|p1a: Brambleghast|Leech Seed|p2a: Gastrodon\n|-start|p2a: Gastrodon|move: Leech Seed\n|move|p2a: Gastrodon|Yawn|p1b: Flamigo\n|-start|p1b: Flamigo|move: Yawn|[of] p2a: Gastrodon\n|\n|-damage|p2a: Gastrodon|88\/100|[from] Leech Seed|[of] p1a: Brambleghast\n|-heal|p1a: Brambleghast|41\/100|[silent]\n|upkeep\n|turn|2\n|inactive|Astrostardust has 30 seconds left.\n|inactive|Astrostardust has 20 seconds left.\n|inactive|Astrostardust has 15 seconds left.\n|inactive|Astrostardust has 10 seconds left.\n|\n|t:|1683314338\n|switch|p1b: Tatsugiri|Tatsugiri, L50, M|100\/100\n|detailschange|p2b: Palafin|Palafin-Hero, L50, F\n|switch|p2b: Raichu|Raichu, L50, M|100\/100\n|switch|p2a: Garchomp|Garchomp, L50, F|100\/100\n|move|p1a: Brambleghast|Spikes|p2b: Raichu\n|-sidestart|p2: joshmurr|Spikes\n|\n|upkeep\n|turn|3\n|inactive|Astrostardust has 30 seconds left.\n|\n|t:|1683314364\n|move|p1a: Brambleghast|Phantom Force||[still]\n|-prepare|p1a: Brambleghast|Phantom Force\n|move|p2a: Garchomp|Dragon Claw|p1b: Tatsugiri\n|-supereffective|p1b: Tatsugiri\n|-damage|p1b: Tatsugiri|0 fnt\n|faint|p1b: Tatsugiri\n|move|p2b: Raichu|Nuzzle|p1a: Brambleghast|[miss]\n|-miss|p2b: Raichu|p1a: Brambleghast\n|\n|upkeep\n|\n|t:|1683314376\n|switch|p1b: Flamigo|Flamigo, L50, M|100\/100\n|-copyboost|p1b: Flamigo|p1a: Brambleghast|[from] ability: Costar\n|turn|4\n|\n|t:|1683314394\n|move|p1b: Flamigo|Close Combat|p2a: Garchomp\n|-damage|p2a: Garchomp|15\/100\n|-unboost|p1b: Flamigo|def|1\n|-unboost|p1b: Flamigo|spd|1\n|-damage|p1b: Flamigo|88\/100|[from] ability: Rough Skin|[of] p2a: Garchomp\n|-enditem|p1b: Flamigo|White Herb\n|-clearnegativeboost|p1b: Flamigo|[silent]\n|move|p1a: Brambleghast|Phantom Force|p2b: Raichu|[from]lockedmove\n|-damage|p2b: Raichu|0 fnt\n|faint|p2b: Raichu\n|move|p2a: Garchomp|Dragon Claw|p1b: Flamigo\n|-damage|p1b: Flamigo|21\/100\n|\n|-sideend|p1: Astrostardust|move: Tailwind\n|upkeep\n|\n|t:|1683314408\n|switch|p2b: Palafin|Palafin-Hero, L50, F|100\/100\n|-damage|p2b: Palafin|88\/100|[from] Spikes\n|-activate|p2b: Palafin|ability: Zero to Hero\n|turn|5\n|inactive|Astrostardust has 30 seconds left.\n|inactive|Astrostardust has 20 seconds left.\n|inactive|Astrostardust has 15 seconds left.\n|inactive|Astrostardust has 10 seconds left.\n|inactive|Astrostardust has 5 seconds left.\n|\n|t:|1683314461\n|move|p2b: Palafin|Jet Punch|p1b: Flamigo\n|-damage|p1b: Flamigo|0 fnt\n|faint|p1b: Flamigo\n|-damage|p2b: Palafin|78\/100|[from] item: Life Orb\n|move|p2a: Garchomp|Dragon Claw|p1a: Brambleghast\n|-crit|p1a: Brambleghast\n|-damage|p1a: Brambleghast|0 fnt\n|faint|p1a: Brambleghast\n|\n|upkeep\n|\n|t:|1683314473\n|switch|p1a: Pawmot|Pawmot, L50, F|100\/100\n|turn|6\n|\n|t:|1683314490\n|-terastallize|p1a: Pawmot|Electric\n|-terastallize|p2b: Palafin|Fighting\n|move|p1a: Pawmot|Fake Out|p2a: Garchomp\n|-damage|p2a: Garchomp|3\/100\n|-damage|p1a: Pawmot|88\/100|[from] ability: Rough Skin|[of] p2a: Garchomp\n|cant|p2a: Garchomp|flinch\n|move|p2b: Palafin|Close Combat|p1a: Pawmot\n|-damage|p1a: Pawmot|0 fnt\n|-unboost|p2b: Palafin|def|1\n|-unboost|p2b: Palafin|spd|1\n|faint|p1a: Pawmot\n|-damage|p2b: Palafin|68\/100|[from] item: Life Orb\n|\n|win|joshmurr\n|raw|Astrostardust's rating: 1077 → 1051<\/strong> (-26 for losing)\n|raw|joshmurr's rating: 1007 → 1054<\/strong> (+47 for winning)\n|l|\u2606joshmurr\n|c|\u2606Astrostardust|Gg\n","uploadtime":1683314515,"views":9,"p1id":"astrostardust","p2id":"joshmurr","formatid":"gen9vgc2023regulationc","rating":1051,"private":0,"password":""}