{"id":"gen9vgc2023regulationc-1862898096","p1":"puli95","p2":"RIPTheDollarMenu","format":"[Gen 9] VGC 2023 Regulation C","log":"|j|\u2606puli95\n|j|\u2606RIPTheDollarMenu\n|t:|1683935455\n|gametype|doubles\n|player|p1|puli95|2|1201\n|player|p2|RIPTheDollarMenu|waiter-gen4|1230\n|teamsize|p1|6\n|teamsize|p2|6\n|gen|9\n|tier|[Gen 9] VGC 2023 Regulation C\n|rated|\n|rule|Species Clause: Limit one of each Pok\u00e9mon\n|rule|Item Clause: Limit one of each item\n|clearpoke\n|poke|p1|Torkoal, L50, F|\n|poke|p1|Lilligant, L50, F|\n|poke|p1|Mimikyu, L50, M|\n|poke|p1|Hariyama, L50, F|\n|poke|p1|Iron Bundle, L50|\n|poke|p1|Hydreigon, L50, F|\n|poke|p2|Tyranitar, L50, F|\n|poke|p2|Garchomp, L50, F|\n|poke|p2|Scream Tail, L50|\n|poke|p2|Corviknight, L50, M|\n|poke|p2|Gyarados, L50, M|\n|poke|p2|Iron Hands, L50|\n|teampreview|4\npuli95 rejected open team sheets.\n|inactive|Battle timer is ON: inactive players will automatically lose when time's up. (requested by puli95)\n|\n|t:|1683935502\n|start\n|switch|p1a: Hariyama|Hariyama, L50, F|100\/100\n|switch|p1b: Iron Bundle|Iron Bundle, L50|100\/100\n|switch|p2a: Beholder|Scream Tail, L50, shiny|100\/100\n|switch|p2b: Genie|Iron Hands, L50, shiny|100\/100\n|-enditem|p1b: Iron Bundle|Booster Energy\n|-activate|p1b: Iron Bundle|ability: Quark Drive|[fromitem]\n|-start|p1b: Iron Bundle|quarkdrivespe\n|-enditem|p2a: Beholder|Booster Energy\n|-activate|p2a: Beholder|ability: Protosynthesis|[fromitem]\n|-start|p2a: Beholder|protosynthesisspe\n|turn|1\n|inactive|puli95 has 30 seconds left.\n|\n|t:|1683935530\n|move|p2b: Genie|Fake Out|p1a: Hariyama\n|-damage|p1a: Hariyama|87\/100\n|cant|p1a: Hariyama|flinch\n|move|p1b: Iron Bundle|Freeze-Dry|p2a: Beholder\n|-damage|p2a: Beholder|75\/100\n|move|p2a: Beholder|Thunder Wave|p1b: Iron Bundle\n|-status|p1b: Iron Bundle|par\n|\n|-status|p1a: Hariyama|brn|[from] item: Flame Orb\n|upkeep\n|turn|2\n|inactive|RIPTheDollarMenu has 30 seconds left.\n|\n|t:|1683935557\n|-terastallize|p1a: Hariyama|Steel\n|move|p1a: Hariyama|Bullet Punch|p2a: Beholder\n|-supereffective|p2a: Beholder\n|-damage|p2a: Beholder|34\/100\n|move|p2a: Beholder|Dazzling Gleam|p1b: Iron Bundle|[spread] p1a,p1b\n|-resisted|p1a: Hariyama\n|-damage|p1a: Hariyama|81\/100 brn\n|-damage|p1b: Iron Bundle|70\/100 par\n|move|p1b: Iron Bundle|Chilling Water|p2b: Genie\n|-damage|p2b: Genie|80\/100\n|-unboost|p2b: Genie|atk|1\n|move|p2b: Genie|Drain Punch|p1b: Iron Bundle\n|-supereffective|p1b: Iron Bundle\n|-damage|p1b: Iron Bundle|0 fnt\n|-heal|p2b: Genie|99\/100|[from] drain|[of] p1b: Iron Bundle\n|faint|p1b: Iron Bundle\n|-end|p1b: Iron Bundle|Quark Drive|[silent]\n|\n|-damage|p1a: Hariyama|75\/100 brn|[from] brn\n|upkeep\n|\n|t:|1683935578\n|switch|p1b: Mimikyu|Mimikyu, L50, M|100\/100\n|turn|3\n|\n|t:|1683935595\n|-end|p2a: Beholder|Protosynthesis|[silent]\n|switch|p2a: Corviknight|Corviknight, L50, M|100\/100\n|move|p1b: Mimikyu|Play Rough|p2b: Genie\n|-supereffective|p2b: Genie\n|-damage|p2b: Genie|21\/100\n|-enditem|p2b: Genie|Sitrus Berry|[eat]\n|-heal|p2b: Genie|46\/100|[from] item: Sitrus Berry\n|move|p2b: Genie|Wild Charge|p1b: Mimikyu\n|-activate|p1b: Mimikyu|ability: Disguise\n|-damage|p1b: Mimikyu|100\/100\n|detailschange|p1b: Mimikyu|Mimikyu-Busted, L50, M\n|-damage|p1b: Mimikyu|88\/100|[from] pokemon: Mimikyu-Busted\n|move|p1a: Hariyama|Knock Off|p2a: Corviknight\n|-damage|p2a: Corviknight|70\/100\n|-enditem|p2a: Corviknight|Safety Goggles|[from] move: Knock Off|[of] p1a: Hariyama\n|\n|-damage|p1a: Hariyama|69\/100 brn|[from] brn\n|upkeep\n|turn|4\n|inactive|puli95 has 30 seconds left.\n|\n|t:|1683935621\n|switch|p1a: Hydreigon|Hydreigon, L50, F|100\/100\n|move|p2b: Genie|Protect|p2b: Genie\n|-singleturn|p2b: Genie|Protect\n|move|p1b: Mimikyu|Play Rough|p2b: Genie\n|-activate|p2b: Genie|move: Protect\n|move|p2a: Corviknight|Bulk Up|p2a: Corviknight\n|-boost|p2a: Corviknight|atk|1\n|-boost|p2a: Corviknight|def|1\n|\n|upkeep\n|turn|5\n|\n|t:|1683935641\n|-end|p2b: Genie|Quark Drive|[silent]\n|switch|p2b: Beholder|Scream Tail, L50, shiny|34\/100\n|move|p1b: Mimikyu|Play Rough|p2b: Beholder\n|-damage|p2b: Beholder|0 fnt\n|faint|p2b: Beholder\n|-end|p2b: Beholder|Protosynthesis|[silent]\n|move|p1a: Hydreigon|Tailwind|p1a: Hydreigon\n|-sidestart|p1: puli95|move: Tailwind\n|move|p2a: Corviknight|Brave Bird|p1a: Hydreigon\n|-crit|p1a: Hydreigon\n|-damage|p1a: Hydreigon|0 fnt\n|faint|p1a: Hydreigon\n|-damage|p2a: Corviknight|39\/100|[from] Recoil\n|\n|upkeep\n|\n|t:|1683935658\n|switch|p2b: Genie|Iron Hands, L50, shiny|46\/100\n|switch|p1a: Hariyama|Hariyama, L50, F, tera:Steel|69\/100 brn\n|turn|6\n|\n|t:|1683935678\n|move|p1a: Hariyama|Fake Out|p2a: Corviknight\n|-resisted|p2a: Corviknight\n|-damage|p2a: Corviknight|35\/100\n|move|p2b: Genie|Fake Out|p1a: Hariyama\n|-resisted|p1a: Hariyama\n|-damage|p1a: Hariyama|63\/100 brn\n|move|p1b: Mimikyu|Play Rough|p2b: Genie\n|-supereffective|p2b: Genie\n|-damage|p2b: Genie|0 fnt\n|faint|p2b: Genie\n|-end|p2b: Genie|Quark Drive|[silent]\n|cant|p2a: Corviknight|flinch\n|\n|-damage|p1a: Hariyama|57\/100 brn|[from] brn\n|upkeep\n|\n|t:|1683935689\n|switch|p2b: Tarrasque|Tyranitar, L50, F, shiny|100\/100\n|-weather|Sandstorm|[from] ability: Sand Stream|[of] p2b: Tarrasque\n|turn|7\n|\n|t:|1683935706\n|move|p2b: Tarrasque|Protect|p2b: Tarrasque\n|-singleturn|p2b: Tarrasque|Protect\n|move|p1b: Mimikyu|Play Rough|p2b: Tarrasque\n|-activate|p2b: Tarrasque|move: Protect\n|move|p1a: Hariyama|Drain Punch|p2a: Corviknight\n|-damage|p2a: Corviknight|11\/100\n|-heal|p1a: Hariyama|68\/100 brn|[from] drain|[of] p2a: Corviknight\n|move|p2a: Corviknight|Iron Head|p1b: Mimikyu\n|-supereffective|p1b: Mimikyu\n|-damage|p1b: Mimikyu|0 fnt\n|faint|p1b: Mimikyu\n|\n|-weather|Sandstorm|[upkeep]\n|-damage|p1a: Hariyama|62\/100 brn|[from] brn\n|upkeep\n|turn|8\n|\n|t:|1683935728\n|-terastallize|p2b: Tarrasque|Rock\n|move|p1a: Hariyama|Drain Punch|p2b: Tarrasque\n|-supereffective|p2b: Tarrasque\n|-damage|p2b: Tarrasque|27\/100\n|-heal|p1a: Hariyama|90\/100 brn|[from] drain|[of] p2b: Tarrasque\n|-enditem|p2b: Tarrasque|Weakness Policy\n|-boost|p2b: Tarrasque|atk|2|[from] item: Weakness Policy\n|-boost|p2b: Tarrasque|spa|2|[from] item: Weakness Policy\n|move|p2b: Tarrasque|Low Kick|p1a: Hariyama\n|-supereffective|p1a: Hariyama\n|-damage|p1a: Hariyama|0 fnt\n|faint|p1a: Hariyama\n|\n|win|RIPTheDollarMenu\n|raw|puli95's rating: 1201 → 1178<\/strong> (-23 for losing)\n|raw|RIPTheDollarMenu's rating: 1230 → 1253<\/strong> (+23 for winning)\n|l|\u2606puli95\n","uploadtime":1683935741,"views":14,"p1id":"puli95","p2id":"ripthedollarmenu","formatid":"gen9vgc2023regulationc","rating":1178,"private":0,"password":""}