{"id":"gen9vgc2023regulationc-1864074690","p1":"Kiky14","p2":"Bankaimike","format":"[Gen 9] VGC 2023 Regulation C","log":"|j|\u2606Kiky14\n|j|\u2606Bankaimike\n|t:|1684113797\n|gametype|doubles\n|player|p1|Kiky14|hilbert-wonderlauncher|1176\n|player|p2|Bankaimike|1|1187\n|teamsize|p1|6\n|teamsize|p2|6\n|gen|9\n|tier|[Gen 9] VGC 2023 Regulation C\n|rated|\n|rule|Species Clause: Limit one of each Pok\u00e9mon\n|rule|Item Clause: Limit one of each item\n|clearpoke\n|poke|p1|Chien-Pao, L50|\n|poke|p1|Garganacl, L50, M|\n|poke|p1|Arcanine, L50, M|\n|poke|p1|Flutter Mane, L50|\n|poke|p1|Palafin, L50, F|\n|poke|p1|Amoonguss, L50, F|\n|poke|p2|Talonflame, L50, M|\n|poke|p2|Great Tusk, L50|\n|poke|p2|Palafin, L50, F|\n|poke|p2|Arcanine, L50, F|\n|poke|p2|Amoonguss, L50, M|\n|poke|p2|Flutter Mane, L50|\n|teampreview|4\n|inactive|Battle timer is ON: inactive players will automatically lose when time's up. (requested by Bankaimike)\n|inactive|Bankaimike has 60 seconds left.\n|\n|t:|1684113847\n|start\n|switch|p1a: New jeans|Palafin, L50, F, shiny|100\/100\n|switch|p1b: Mamamoo|Garganacl, L50, M|100\/100\n|switch|p2a: Talonflame|Talonflame, L50, M|100\/100\n|switch|p2b: Great Tusk|Great Tusk, L50|100\/100\n|turn|1\n|inactive|Bankaimike has 30 seconds left.\n|\n|t:|1684113881\n|-terastallize|p2a: Talonflame|Ghost\n|-terastallize|p1b: Mamamoo|Ghost\n|move|p2a: Talonflame|Sunny Day|p2a: Talonflame\n|-weather|SunnyDay\n|-activate|p2b: Great Tusk|ability: Protosynthesis\n|-start|p2b: Great Tusk|protosynthesisatk\n|move|p1a: New jeans|Flip Turn|p2b: Great Tusk\n|-supereffective|p2b: Great Tusk\n|-damage|p2b: Great Tusk|80\/100\n|-damage|p1a: New jeans|90\/100|[from] item: Life Orb\n|\n|t:|1684113896\n|detailschange|p1a: New jeans|Palafin-Hero, L50, F, shiny\n|switch|p1a: Blackpink|Arcanine, L50, M|100\/100|[from] Flip Turn\n|-ability|p1a: Blackpink|Intimidate|boost\n|-unboost|p2a: Talonflame|atk|1\n|-unboost|p2b: Great Tusk|atk|1\n|move|p2b: Great Tusk|Earthquake|p1b: Mamamoo|[spread] p2a,p1a,p1b\n|-supereffective|p1a: Blackpink\n|-damage|p2a: Talonflame|20\/100\n|-damage|p1a: Blackpink|0 fnt\n|-damage|p1b: Mamamoo|72\/100\n|faint|p1a: Blackpink\n|move|p1b: Mamamoo|Salt Cure|p2a: Talonflame\n|-damage|p2a: Talonflame|0 fnt\n|faint|p2a: Talonflame\n|\n|-weather|SunnyDay|[upkeep]\n|upkeep\n|\n|t:|1684113916\n|switch|p2a: Arcanine|Arcanine, L50, F|100\/100\n|switch|p1a: Viviz|Flutter Mane, L50|100\/100\n|-activate|p1a: Viviz|ability: Protosynthesis\n|-start|p1a: Viviz|protosynthesisspa\n|-ability|p2a: Arcanine|Intimidate|boost\n|-unboost|p1a: Viviz|atk|1\n|-unboost|p1b: Mamamoo|atk|1\n|turn|2\n|\n|t:|1684113932\n|move|p2a: Arcanine|Protect|p2a: Arcanine\n|-singleturn|p2a: Arcanine|Protect\n|move|p1a: Viviz|Dazzling Gleam|p2b: Great Tusk|[spread] p2b\n|-activate|p2a: Arcanine|move: Protect\n|-supereffective|p2b: Great Tusk\n|-damage|p2b: Great Tusk|0 fnt\n|faint|p2b: Great Tusk\n|-end|p2b: Great Tusk|Protosynthesis|[silent]\n|move|p1b: Mamamoo|Salt Cure|p2a: Arcanine\n|-activate|p2a: Arcanine|move: Protect\n|\n|-weather|SunnyDay|[upkeep]\n|upkeep\n|\n|t:|1684113942\n|switch|p2b: Amoonguss|Amoonguss, L50, M|100\/100\n|turn|3\n|\n|t:|1684113954\n|move|p1a: Viviz|Mystical Fire|p2b: Amoonguss\n|-supereffective|p2b: Amoonguss\n|-damage|p2b: Amoonguss|5\/100\n|-unboost|p2b: Amoonguss|spa|1\n|-enditem|p2b: Amoonguss|Sitrus Berry|[eat]\n|-heal|p2b: Amoonguss|29\/100|[from] item: Sitrus Berry\n|move|p2a: Arcanine|Flare Blitz|p1a: Viviz\n|-damage|p1a: Viviz|0 fnt\n|faint|p1a: Viviz\n|-end|p1a: Viviz|Protosynthesis|[silent]\n|-damage|p2a: Arcanine|76\/100|[from] Recoil\n|move|p1b: Mamamoo|Salt Cure|p2a: Arcanine\n|-supereffective|p2a: Arcanine\n|-damage|p2a: Arcanine|55\/100\n|-start|p2a: Arcanine|Salt Cure\n|move|p2b: Amoonguss|Pollen Puff|p2a: Arcanine\n|-heal|p2a: Arcanine|100\/100\n|\n|-weather|SunnyDay|[upkeep]\n|-damage|p2a: Arcanine|88\/100|[from] Salt Cure\n|upkeep\n|\n|t:|1684113967\n|switch|p1a: New jeans|Palafin-Hero, L50, F, shiny|90\/100\n|-activate|p1a: New jeans|ability: Zero to Hero\n|turn|4\n|inactive|Bankaimike has 30 seconds left.\n|\n|t:|1684113998\n|move|p1a: New jeans|Iron Head|p2b: Amoonguss\n|-damage|p2b: Amoonguss|0 fnt\n|faint|p2b: Amoonguss\n|-damage|p1a: New jeans|80\/100|[from] item: Life Orb\n|move|p2a: Arcanine|Flare Blitz|p1b: Mamamoo\n|-damage|p1b: Mamamoo|27\/100\n|-damage|p2a: Arcanine|72\/100|[from] Recoil\n|move|p1b: Mamamoo|Body Press|p2a: Arcanine\n|-damage|p2a: Arcanine|39\/100\n|\n|-weather|SunnyDay|[upkeep]\n|-damage|p2a: Arcanine|27\/100|[from] Salt Cure\n|upkeep\n|turn|5\n|-message|Bankaimike forfeited.\n|\n|win|Kiky14\n|raw|Kiky14's rating: 1176 → 1202<\/strong> (+26 for winning)\n|raw|Bankaimike's rating: 1187 → 1161<\/strong> (-26 for losing)\n","uploadtime":1684114019,"views":7,"p1id":"kiky14","p2id":"bankaimike","formatid":"gen9vgc2023regulationc","rating":1161,"private":0,"password":""}