{"id":"gen9vgc2023regulationc-1850960044","p1":"Ivangraus17","p2":"Roy Kasoy","format":"[Gen 9] VGC 2023 Regulation C","log":"|j|\u2606Ivangraus17\n|j|\u2606Roy Kasoy\n|t:|1682387171\n|gametype|doubles\n|player|p1|Ivangraus17|170|\n|player|p2|Roy Kasoy|hilbert|\n|teamsize|p1|6\n|teamsize|p2|6\n|gen|9\n|tier|[Gen 9] VGC 2023 Regulation C\n|rule|Species Clause: Limit one of each Pok\u00e9mon\n|rule|Item Clause: Limit one of each item\n|clearpoke\n|poke|p1|Tatsugiri, L50, F|\n|poke|p1|Dondozo, L50, F|\n|poke|p1|Flutter Mane, L50|\n|poke|p1|Gholdengo, L50|\n|poke|p1|Iron Hands, L50|\n|poke|p1|Brute Bonnet, L50|\n|poke|p2|Torkoal, L50, F|\n|poke|p2|Great Tusk, L50|\n|poke|p2|Amoonguss, L50, M|\n|poke|p2|Arcanine, L50, F|\n|poke|p2|Grimmsnarl, L50, M|\n|poke|p2|Goodra, L50, F|\n|teampreview|4\n|\n|t:|1682387231\n|start\n|switch|p1a: Gholdengo|Gholdengo, L50|100\/100\n|switch|p1b: Flutter Mane|Flutter Mane, L50|100\/100\n|switch|p2a: Torkoal|Torkoal, L50, F|100\/100\n|switch|p2b: Arcanine|Arcanine, L50, F|100\/100\n|-ability|p2b: Arcanine|Intimidate|boost\n|-unboost|p1a: Gholdengo|atk|1\n|-unboost|p1b: Flutter Mane|atk|1\n|-weather|SunnyDay|[from] ability: Drought|[of] p2a: Torkoal\n|-activate|p1b: Flutter Mane|ability: Protosynthesis\n|-start|p1b: Flutter Mane|protosynthesisspe\n|turn|1\n|\n|t:|1682387278\n|move|p1b: Flutter Mane|Dazzling Gleam|p2b: Arcanine|[spread] p2a,p2b\n|-resisted|p2a: Torkoal\n|-crit|p2a: Torkoal\n|-resisted|p2b: Arcanine\n|-damage|p2a: Torkoal|76\/100\n|-damage|p2b: Arcanine|81\/100\n|move|p2b: Arcanine|Heat Wave|p1a: Gholdengo|[spread] p1a,p1b\n|-supereffective|p1a: Gholdengo\n|-damage|p1a: Gholdengo|0 fnt\n|-damage|p1b: Flutter Mane|52\/100\n|faint|p1a: Gholdengo\n|move|p2a: Torkoal|Heat Wave|p1b: Flutter Mane|[miss]\n|-miss|p2a: Torkoal|p1b: Flutter Mane\n|\n|-weather|SunnyDay|[upkeep]\n|upkeep\n|\n|t:|1682387297\n|switch|p1a: Dondozo|Dondozo, L50, F|100\/100\n|turn|2\n|j| Buenocomoeloro\n|\n|t:|1682387309\n|move|p1b: Flutter Mane|Protect|p1b: Flutter Mane\n|-singleturn|p1b: Flutter Mane|Protect\n|move|p2b: Arcanine|Solar Beam||[still]\n|-prepare|p2b: Arcanine|Solar Beam\n|-anim|p2b: Arcanine|Solar Beam|p1a: Dondozo\n|-supereffective|p1a: Dondozo\n|-damage|p1a: Dondozo|18\/100\n|move|p1a: Dondozo|Wave Crash|p2a: Torkoal\n|-supereffective|p2a: Torkoal\n|-damage|p2a: Torkoal|40\/100\n|-damage|p1a: Dondozo|9\/100|[from] Recoil\n|move|p2a: Torkoal|Solar Beam||[still]\n|-prepare|p2a: Torkoal|Solar Beam\n|-anim|p2a: Torkoal|Solar Beam|p1a: Dondozo\n|-supereffective|p1a: Dondozo\n|-damage|p1a: Dondozo|0 fnt\n|faint|p1a: Dondozo\n|\n|-weather|SunnyDay|[upkeep]\n|upkeep\n|\n|t:|1682387327\n|switch|p1a: Tatsugiri|Tatsugiri, L50, F, shiny|100\/100\n|turn|3\n|l| Buenocomoeloro\n|j| Buenocomoeloro\n|\n|t:|1682387351\n|move|p1b: Flutter Mane|Shadow Ball|p2b: Arcanine\n|-damage|p2b: Arcanine|30\/100\n|move|p1a: Tatsugiri|Muddy Water|p2b: Arcanine|[spread] p2a,p2b\n|-supereffective|p2a: Torkoal\n|-supereffective|p2b: Arcanine\n|-damage|p2a: Torkoal|10\/100\n|-damage|p2b: Arcanine|0 fnt\n|-enditem|p2a: Torkoal|Aguav Berry|[eat]\n|-heal|p2a: Torkoal|43\/100|[from] item: Aguav Berry\n|faint|p2b: Arcanine\n|move|p2a: Torkoal|Solar Beam||[still]\n|-prepare|p2a: Torkoal|Solar Beam\n|-anim|p2a: Torkoal|Solar Beam|p1a: Tatsugiri\n|-damage|p1a: Tatsugiri|67\/100\n|\n|-weather|SunnyDay|[upkeep]\n|upkeep\n|\n|t:|1682387368\n|switch|p2b: Amoonguss|Amoonguss, L50, M|100\/100\n|turn|4\n|\n|t:|1682387410\n|-terastallize|p1a: Tatsugiri|Water\n|move|p1b: Flutter Mane|Dark Pulse|p2b: Amoonguss\n|-damage|p2b: Amoonguss|78\/100\n|move|p1a: Tatsugiri|Muddy Water|p2b: Amoonguss|[spread] p2a,p2b\n|-supereffective|p2a: Torkoal\n|-resisted|p2b: Amoonguss\n|-damage|p2a: Torkoal|1\/100\n|-damage|p2b: Amoonguss|69\/100\n|-unboost|p2a: Torkoal|accuracy|1\n|cant|p2b: Amoonguss|flinch\n|move|p2a: Torkoal|Heat Wave|p1a: Tatsugiri|[spread] p1a,p1b\n|-resisted|p1a: Tatsugiri\n|-damage|p1a: Tatsugiri|48\/100\n|-damage|p1b: Flutter Mane|20\/100\n|\n|-weather|SunnyDay|[upkeep]\n|-heal|p2b: Amoonguss|75\/100|[from] item: Black Sludge\n|upkeep\n|turn|5\n|l| Buenocomoeloro\n|j| Buenocomoeloro\n|\n|t:|1682387464\n|move|p1b: Flutter Mane|Shadow Ball|p2b: Amoonguss\n|-damage|p2b: Amoonguss|37\/100\n|move|p1a: Tatsugiri|Muddy Water|p2a: Torkoal|[spread] p2a,p2b\n|-supereffective|p2a: Torkoal\n|-resisted|p2b: Amoonguss\n|-damage|p2a: Torkoal|0 fnt\n|-damage|p2b: Amoonguss|29\/100\n|faint|p2a: Torkoal\n|move|p2b: Amoonguss|Spore|p1a: Tatsugiri\n|-status|p1a: Tatsugiri|slp|[from] move: Spore\n|\n|-weather|none\n|-end|p1b: Flutter Mane|Protosynthesis\n|-heal|p2b: Amoonguss|35\/100|[from] item: Black Sludge\n|upkeep\n|\n|t:|1682387478\n|switch|p2a: Goodra|Goodra, L50, F|100\/100\n|turn|6\n|\n|t:|1682387492\n|move|p2b: Amoonguss|Rage Powder|p2b: Amoonguss\n|-singleturn|p2b: Amoonguss|move: Rage Powder\n|cant|p1a: Tatsugiri|slp\n|move|p1b: Flutter Mane|Dazzling Gleam|p2b: Amoonguss|[spread] p2a,p2b\n|-supereffective|p2a: Goodra\n|-resisted|p2b: Amoonguss\n|-damage|p2a: Goodra|70\/100\n|-damage|p2b: Amoonguss|21\/100\n|move|p2a: Goodra|Power Whip|p1a: Tatsugiri\n|-supereffective|p1a: Tatsugiri\n|-damage|p1a: Tatsugiri|0 fnt\n|faint|p1a: Tatsugiri\n|\n|-heal|p2b: Amoonguss|27\/100|[from] item: Black Sludge\n|upkeep\n|turn|7\n|\n|t:|1682387525\n|move|p1b: Flutter Mane|Shadow Ball|p2b: Amoonguss\n|-damage|p2b: Amoonguss|0 fnt\n|faint|p2b: Amoonguss\n|move|p2a: Goodra|Flamethrower|p1b: Flutter Mane\n|-damage|p1b: Flutter Mane|0 fnt\n|faint|p1b: Flutter Mane\n|-end|p1b: Flutter Mane|Protosynthesis|[silent]\n|\n|win|Roy Kasoy\n","uploadtime":1682387541,"views":15,"p1id":"ivangraus17","p2id":"roykasoy","formatid":"gen9vgc2023regulationc","rating":0,"private":0,"password":""}