{"id":"gen9vgc2023regulationc-1856464882","p1":"HappyduckJJ","p2":"Keveloper","format":"[Gen 9] VGC 2023 Regulation C","log":"|j|\u2606HappyduckJJ\n|j|\u2606Keveloper\n|t:|1683064411\n|gametype|doubles\n|player|p1|HappyduckJJ|chase|\n|player|p2|Keveloper|lucas|\n|teamsize|p1|6\n|teamsize|p2|6\n|gen|9\n|tier|[Gen 9] VGC 2023 Regulation C\n|rule|Species Clause: Limit one of each Pok\u00e9mon\n|rule|Item Clause: Limit one of each item\n|clearpoke\n|poke|p1|Glimmora, L50, M|\n|poke|p1|Iron Bundle, L50|\n|poke|p1|Wo-Chien, L50|\n|poke|p1|Arcanine, L50, M|\n|poke|p1|Dondozo, L50, F|\n|poke|p1|Tatsugiri, L50, M|\n|poke|p2|Orthworm, L50, M|\n|poke|p2|Dragonite, L50, M|\n|poke|p2|Ting-Lu, L50|\n|poke|p2|Gyarados, L50, F|\n|poke|p2|Flutter Mane, L50|\n|poke|p2|Chien-Pao, L50|\n|teampreview|4\nHappyduckJJ has agreed to open team sheets.\nKeveloper has agreed to open team sheets.\n|\n|t:|1683064533\n|start\n|switch|p1a: Glimmora|Glimmora, L50, M|100\/100\n|switch|p1b: Woah-Chien|Wo-Chien, L50|100\/100\n|switch|p2a: Orthworm|Orthworm, L50, M|100\/100\n|switch|p2b: Ting-Lu|Ting-Lu, L50|100\/100\n|-ability|p2b: Ting-Lu|Vessel of Ruin\n|-ability|p1b: Woah-Chien|Tablets of Ruin\n|turn|1\n|\n|t:|1683064554\n|move|p1a: Glimmora|Mortal Spin|p2b: Ting-Lu|[spread] p2b\n|-immune|p2a: Orthworm\n|-resisted|p2b: Ting-Lu\n|-damage|p2b: Ting-Lu|99\/100\n|-status|p2b: Ting-Lu|psn\n|move|p2b: Ting-Lu|Bulldoze|p1a: Glimmora|[spread] p1a,p1b\n|-immune|p2a: Orthworm|[from] ability: Earth Eater\n|-supereffective|p1a: Glimmora\n|-crit|p1a: Glimmora\n|-resisted|p1b: Woah-Chien\n|-damage|p1a: Glimmora|23\/100\n|-damage|p1b: Woah-Chien|94\/100\n|-unboost|p1a: Glimmora|spe|1\n|-unboost|p1b: Woah-Chien|spe|1\n|-activate|p1a: Glimmora|ability: Toxic Debris\n|-sidestart|p2: Keveloper|move: Toxic Spikes\n|move|p2a: Orthworm|Shed Tail|p2a: Orthworm\n|-start|p2a: Orthworm|Substitute|[from] move: Shed Tail\n|-damage|p2a: Orthworm|50\/100\n|-enditem|p2a: Orthworm|Sitrus Berry|[eat]\n|-heal|p2a: Orthworm|75\/100|[from] item: Sitrus Berry\n|\n|t:|1683064571\n|switch|p2a: Dragonite|Dragonite, L50, M|100\/100|[from] Shed Tail\n|move|p1b: Woah-Chien|Leech Seed|p2b: Ting-Lu\n|-start|p2b: Ting-Lu|move: Leech Seed\n|\n|-damage|p2b: Ting-Lu|87\/100 psn|[from] Leech Seed|[of] p1b: Woah-Chien\n|-heal|p1b: Woah-Chien|100\/100|[silent]\n|-damage|p2b: Ting-Lu|75\/100 psn|[from] psn\n|upkeep\n|turn|2\n|\n|t:|1683064604\n|switch|p2b: Orthworm|Orthworm, L50, M|75\/100\n|move|p2a: Dragonite|Earthquake|p1a: Glimmora|[spread] p1a,p1b\n|-heal|p2b: Orthworm|100\/100|[from] ability: Earth Eater|[of] p2a: Dragonite\n|-supereffective|p1a: Glimmora\n|-resisted|p1b: Woah-Chien\n|-damage|p1a: Glimmora|0 fnt\n|-damage|p1b: Woah-Chien|93\/100\n|-activate|p1a: Glimmora|ability: Toxic Debris\n|-sidestart|p2: Keveloper|move: Toxic Spikes\n|faint|p1a: Glimmora\n|move|p1b: Woah-Chien|Foul Play|p2a: Dragonite\n|-end|p2a: Dragonite|Substitute\n|\n|upkeep\n|\n|t:|1683064612\n|switch|p1a: Dondozo|Dondozo, L50, F|100\/100\n|turn|3\n|\n|t:|1683064644\n|move|p1a: Dondozo|Protect|p1a: Dondozo\n|-singleturn|p1a: Dondozo|Protect\n|move|p2a: Dragonite|Earthquake|p1a: Dondozo|[spread] p1b\n|-activate|p1a: Dondozo|move: Protect\n|-immune|p2b: Orthworm|[from] ability: Earth Eater\n|-resisted|p1b: Woah-Chien\n|-damage|p1b: Woah-Chien|86\/100\n|move|p2b: Orthworm|Shed Tail|p2b: Orthworm\n|-start|p2b: Orthworm|Substitute|[from] move: Shed Tail\n|-damage|p2b: Orthworm|50\/100\n|\n|t:|1683064659\n|switch|p2b: Ting-Lu|Ting-Lu, L50|75\/100 psn|[from] Shed Tail\n|-ability|p2b: Ting-Lu|Vessel of Ruin\n|move|p1b: Woah-Chien|Leech Seed|p2a: Dragonite\n|-start|p2a: Dragonite|move: Leech Seed\n|\n|-damage|p2a: Dragonite|88\/100|[from] Leech Seed|[of] p1b: Woah-Chien\n|-heal|p1b: Woah-Chien|97\/100|[silent]\n|-damage|p2b: Ting-Lu|62\/100 psn|[from] psn\n|upkeep\n|turn|4\n|\n|t:|1683064671\n|switch|p2a: Orthworm|Orthworm, L50, M|50\/100\n|switch|p1b: Tatsugiri|Tatsugiri, L50, M|100\/100\n|-activate|p1b: Tatsugiri|ability: Commander|[of] p1a: Dondozo\n|-boost|p1a: Dondozo|atk|2\n|-boost|p1a: Dondozo|spa|2\n|-boost|p1a: Dondozo|spe|2\n|-boost|p1a: Dondozo|def|2\n|-boost|p1a: Dondozo|spd|2\n|move|p1a: Dondozo|Order Up|p2a: Orthworm\n|-resisted|p2a: Orthworm\n|-damage|p2a: Orthworm|36\/100\n|-boost|p1a: Dondozo|atk|1\n|move|p2b: Ting-Lu|Bulldoze|p1a: Dondozo|[spread] p1a\n|-miss|p2b: Ting-Lu|p1b: Tatsugiri\n|-heal|p2a: Orthworm|61\/100|[from] ability: Earth Eater|[of] p2b: Ting-Lu\n|-damage|p1a: Dondozo|93\/100\n|-unboost|p1a: Dondozo|spe|1\n|\n|-heal|p1a: Dondozo|99\/100|[from] item: Leftovers\n|-damage|p2b: Ting-Lu|50\/100 psn|[from] psn\n|upkeep\n|turn|5\n|\n|t:|1683064704\n|move|p1a: Dondozo|Order Up|p2b: Ting-Lu\n|-end|p2b: Ting-Lu|Substitute\n|-boost|p1a: Dondozo|atk|1\n|move|p2b: Ting-Lu|Bulldoze|p1b: Tatsugiri|[spread] p1a\n|-miss|p2b: Ting-Lu|p1b: Tatsugiri\n|-heal|p2a: Orthworm|86\/100|[from] ability: Earth Eater|[of] p2b: Ting-Lu\n|-damage|p1a: Dondozo|90\/100\n|-unboost|p1a: Dondozo|spe|1\n|move|p2a: Orthworm|Shed Tail|p2a: Orthworm\n|-start|p2a: Orthworm|Substitute|[from] move: Shed Tail\n|-damage|p2a: Orthworm|36\/100\n|\n|t:|1683064713\n|switch|p2a: Flutter Mane|Flutter Mane, L50|100\/100|[from] Shed Tail\n|-status|p2a: Flutter Mane|tox\n|\n|-heal|p1a: Dondozo|97\/100|[from] item: Leftovers\n|-damage|p2a: Flutter Mane|94\/100 tox|[from] psn\n|-damage|p2b: Ting-Lu|37\/100 psn|[from] psn\n|upkeep\n|turn|6\n|\n|t:|1683064729\n|-terastallize|p2a: Flutter Mane|Fairy\n|move|p2a: Flutter Mane|Moonblast|p1a: Dondozo\n|-damage|p1a: Dondozo|68\/100\n|move|p2b: Ting-Lu|Rock Slide|p1a: Dondozo|[spread] \n|-miss|p2b: Ting-Lu|p1b: Tatsugiri\n|-miss|p2b: Ting-Lu|p1a: Dondozo\n|move|p1a: Dondozo|Earthquake|p2a: Flutter Mane|[spread] p2a,p2b\n|-miss|p1a: Dondozo|p1b: Tatsugiri\n|-end|p2a: Flutter Mane|Substitute\n|-damage|p2b: Ting-Lu|0 fnt\n|faint|p2b: Ting-Lu\n|\n|-heal|p1a: Dondozo|74\/100|[from] item: Leftovers\n|-damage|p2a: Flutter Mane|82\/100 tox|[from] psn\n|upkeep\n|\n|t:|1683064744\n|switch|p2b: Orthworm|Orthworm, L50, M|36\/100\n|turn|7\n|\n|t:|1683064755\n|move|p2a: Flutter Mane|Moonblast|p1a: Dondozo\n|-damage|p1a: Dondozo|33\/100\n|move|p1a: Dondozo|Earthquake|p2b: Orthworm|[spread] p2a\n|-miss|p1a: Dondozo|p1b: Tatsugiri\n|-heal|p2b: Orthworm|61\/100|[from] ability: Earth Eater|[of] p1a: Dondozo\n|-damage|p2a: Flutter Mane|0 fnt\n|faint|p2a: Flutter Mane\n|-end|p2a: Flutter Mane|Protosynthesis|[silent]\n|move|p2b: Orthworm|Body Press|p1a: Dondozo\n|-damage|p1a: Dondozo|23\/100\n|\n|-heal|p1a: Dondozo|29\/100|[from] item: Leftovers\n|upkeep\n|\n|t:|1683064763\n|switch|p2a: Dragonite|Dragonite, L50, M|88\/100\n|turn|8\n|\n|t:|1683064767\n|move|p1a: Dondozo|Protect|p1a: Dondozo\n|-singleturn|p1a: Dondozo|Protect\n|move|p2a: Dragonite|Earthquake|p1a: Dondozo|[spread] \n|-miss|p2a: Dragonite|p1b: Tatsugiri\n|-activate|p1a: Dondozo|move: Protect\n|-heal|p2b: Orthworm|86\/100|[from] ability: Earth Eater|[of] p2a: Dragonite\n|move|p2b: Orthworm|Body Press|p1a: Dondozo\n|-activate|p1a: Dondozo|move: Protect\n|\n|-heal|p1a: Dondozo|35\/100|[from] item: Leftovers\n|upkeep\n|turn|9\n|\n|t:|1683064772\n|-terastallize|p1a: Dondozo|Grass\n|move|p2a: Dragonite|Earthquake|p1a: Dondozo|[spread] p1a\n|-miss|p2a: Dragonite|p1b: Tatsugiri\n|-heal|p2b: Orthworm|100\/100|[from] ability: Earth Eater|[of] p2a: Dragonite\n|-resisted|p1a: Dondozo\n|-damage|p1a: Dondozo|31\/100\n|move|p1a: Dondozo|Order Up|p2a: Dragonite\n|-supereffective|p2a: Dragonite\n|-damage|p2a: Dragonite|0 fnt\n|faint|p2a: Dragonite\n|-boost|p1a: Dondozo|atk|1\n|move|p2b: Orthworm|Body Press|p1a: Dondozo\n|-damage|p1a: Dondozo|20\/100\n|\n|-heal|p1a: Dondozo|26\/100|[from] item: Leftovers\n|upkeep\n|turn|10\n|\n|t:|1683064779\n|move|p1a: Dondozo|Order Up|p2b: Orthworm\n|-resisted|p2b: Orthworm\n|-damage|p2b: Orthworm|75\/100\n|-boost|p1a: Dondozo|atk|1\n|move|p2b: Orthworm|Body Press|p1a: Dondozo\n|-damage|p1a: Dondozo|16\/100\n|\n|-heal|p1a: Dondozo|22\/100|[from] item: Leftovers\n|upkeep\n|turn|11\n|-message|Keveloper forfeited.\n|\n|win|HappyduckJJ\n","uploadtime":1683064795,"views":6,"p1id":"happyduckjj","p2id":"keveloper","formatid":"gen9vgc2023regulationc","rating":0,"private":0,"password":""}