{"id":"gen9vgc2023regulationc-1857329165","p1":"Where is Jop","p2":"BalloonPT","format":"[Gen 9] VGC 2023 Regulation C","log":"|j|\u2606Where is Jop\n|j|\u2606BalloonPT\n|t:|1683174258\n|gametype|doubles\n|player|p1|Where is Jop|lillie|1000\n|player|p2|BalloonPT|medium|1000\n|teamsize|p1|6\n|teamsize|p2|6\n|gen|9\n|tier|[Gen 9] VGC 2023 Regulation C\n|rated|\n|rule|Species Clause: Limit one of each Pok\u00e9mon\n|rule|Item Clause: Limit one of each item\n|clearpoke\n|poke|p1|Palafin, L50, M|\n|poke|p1|Flutter Mane, L50|\n|poke|p1|Arcanine, L50, M|\n|poke|p1|Ting-Lu, L50|\n|poke|p1|Amoonguss, L50, M|\n|poke|p1|Kingambit, L50, F|\n|poke|p2|Abomasnow, L50, F|\n|poke|p2|Cetitan, L50, F|\n|poke|p2|Indeedee-F, L50, F|\n|poke|p2|Armarouge, L50, F|\n|poke|p2|Hydreigon, L50, F|\n|poke|p2|Annihilape, L50, M|\n|teampreview|4\n|\n|t:|1683174288\n|start\n|switch|p1a: Ting-Lu|Ting-Lu, L50|100\/100\n|switch|p1b: Arcanine|Arcanine, L50, M, shiny|100\/100\n|switch|p2a: Hydreigon|Hydreigon, L50, F|100\/100\n|switch|p2b: Abomasnow|Abomasnow, L50, F|100\/100\n|-ability|p1b: Arcanine|Intimidate|boost\n|-unboost|p2a: Hydreigon|atk|1\n|-unboost|p2b: Abomasnow|atk|1\n|-weather|Snow|[from] ability: Snow Warning|[of] p2b: Abomasnow\n|-ability|p1a: Ting-Lu|Vessel of Ruin\n|turn|1\n|c|\u2606BalloonPT|hurry o still have fingers i want to break\n|inactive|Battle timer is ON: inactive players will automatically lose when time's up. (requested by Where is Jop)\n|\n|t:|1683174318\n|move|p2a: Hydreigon|Tailwind|p2a: Hydreigon\n|-sidestart|p2: BalloonPT|move: Tailwind\n|move|p2b: Abomasnow|Aurora Veil|p2b: Abomasnow\n|-sidestart|p2: BalloonPT|move: Aurora Veil\n|move|p1b: Arcanine|Flare Blitz|p2b: Abomasnow\n|-supereffective|p2b: Abomasnow\n|-crit|p2b: Abomasnow\n|-enditem|p2b: Abomasnow|Focus Sash\n|-damage|p2b: Abomasnow|1\/100\n|-damage|p1b: Arcanine|70\/100|[from] Recoil\n|move|p1a: Ting-Lu|Heavy Slam|p2a: Hydreigon\n|-damage|p2a: Hydreigon|74\/100\n|\n|-weather|Snow|[upkeep]\n|upkeep\n|turn|2\n|\n|t:|1683174339\n|move|p1b: Arcanine|Extreme Speed|p2b: Abomasnow\n|-damage|p2b: Abomasnow|0 fnt\n|faint|p2b: Abomasnow\n|move|p2a: Hydreigon|Dark Pulse|p1b: Arcanine\n|-damage|p1b: Arcanine|31\/100\n|-damage|p2a: Hydreigon|65\/100|[from] item: Life Orb\n|move|p1a: Ting-Lu|Ruination|p2a: Hydreigon\n|-damage|p2a: Hydreigon|33\/100\n|\n|-weather|Snow|[upkeep]\n|upkeep\n|\n|t:|1683174363\n|switch|p2b: Indeedee|Indeedee-F, L50, F|100\/100\n|-fieldstart|move: Psychic Terrain|[from] ability: Psychic Surge|[of] p2b: Indeedee\n|-enditem|p2b: Indeedee|Psychic Seed\n|-boost|p2b: Indeedee|spd|1|[from] item: Psychic Seed\n|turn|3\n|\n|t:|1683174374\n|move|p1b: Arcanine|Extreme Speed|p2a: Hydreigon\n|-hint|Psychic Terrain doesn't affect Pok\u00e9mon immune to Ground.\n|-damage|p2a: Hydreigon|14\/100\n|move|p2a: Hydreigon|Dark Pulse|p1b: Arcanine\n|-damage|p1b: Arcanine|0 fnt\n|faint|p1b: Arcanine\n|-damage|p2a: Hydreigon|5\/100|[from] item: Life Orb\n|move|p2b: Indeedee|Dazzling Gleam|p1a: Ting-Lu\n|-supereffective|p1a: Ting-Lu\n|-damage|p1a: Ting-Lu|87\/100\n|move|p1a: Ting-Lu|Heavy Slam|p2a: Hydreigon\n|-damage|p2a: Hydreigon|0 fnt\n|faint|p2a: Hydreigon\n|\n|-weather|Snow|[upkeep]\n|upkeep\n|inactive|BalloonPT has 30 seconds left.\n|inactive|BalloonPT has 20 seconds left.\n|\n|t:|1683174414\n|switch|p2a: Cetitan|Cetitan, L50, F|100\/100\n|switch|p1b: Kingambit|Kingambit, L50, F, shiny|100\/100\n|turn|4\n|\n|t:|1683174428\n|-terastallize|p1b: Kingambit|Dark\n|move|p2a: Cetitan|Superpower|p1b: Kingambit\n|-supereffective|p1b: Kingambit\n|-damage|p1b: Kingambit|36\/100\n|-unboost|p2a: Cetitan|atk|1\n|-unboost|p2a: Cetitan|def|1\n|move|p2b: Indeedee|Dazzling Gleam|p1a: Ting-Lu|[spread] p1a,p1b\n|-supereffective|p1a: Ting-Lu\n|-supereffective|p1b: Kingambit\n|-damage|p1a: Ting-Lu|77\/100\n|-damage|p1b: Kingambit|16\/100\n|move|p1a: Ting-Lu|Ruination|p2a: Cetitan\n|-damage|p2a: Cetitan|50\/100\n|move|p1b: Kingambit|Kowtow Cleave|p2a: Cetitan\n|-damage|p2a: Cetitan|0 fnt\n|faint|p2a: Cetitan\n|\n|-weather|Snow|[upkeep]\n|-sideend|p2: BalloonPT|move: Tailwind\n|upkeep\n|turn|5\n|inactive|BalloonPT has 30 seconds left.\n|inactive|BalloonPT has 20 seconds left.\n|inactive|BalloonPT has 15 seconds left.\n|inactive|BalloonPT has 10 seconds left.\n|-message|BalloonPT forfeited.\n|\n|win|Where is Jop\n|raw|Where is Jop's rating: 1000 → 1040<\/strong> (+40 for winning)\n|raw|BalloonPT's rating: 1000 → 1000<\/strong> (+0 for losing)\n|l|\u2606BalloonPT\n","uploadtime":1683174483,"views":7,"p1id":"whereisjop","p2id":"balloonpt","formatid":"gen9vgc2023regulationc","rating":1000,"private":0,"password":""}