{"id":"gen9vgc2023regulationc-1846197697","p1":"waterworld james","p2":"gankyburner","format":"[Gen 9] VGC 2023 Regulation C","log":"|j|\u2606waterworld james\n|j|\u2606gankyburner\n|t:|1681820171\n|gametype|doubles\n|player|p1|waterworld james|baker|1216\n|player|p2|gankyburner|266|1238\n|teamsize|p1|6\n|teamsize|p2|6\n|gen|9\n|tier|[Gen 9] VGC 2023 Regulation C\n|rated|\n|rule|Species Clause: Limit one of each Pok\u00e9mon\n|rule|Item Clause: Limit one of each item\n|clearpoke\n|poke|p1|Scizor, L50, F|\n|poke|p1|Chien-Pao, L50|\n|poke|p1|Dragonite, L50, F|\n|poke|p1|Gyarados, L50, M|\n|poke|p1|Gholdengo, L50|\n|poke|p1|Volcarona, L50, M|\n|poke|p2|Murkrow, L50, F|\n|poke|p2|Tyranitar, L50, M|\n|poke|p2|Houndstone, L50, F|\n|poke|p2|Chi-Yu, L50|\n|poke|p2|Corviknight, L50, M|\n|poke|p2|Gastrodon, L50, M|\n|teampreview|4\n|\n|t:|1681820207\n|start\n|switch|p1a: Gyarados|Gyarados, L50, M|100\/100\n|switch|p1b: Emboar Jr.|Scizor, L50, F|100\/100\n|switch|p2a: Dragula|Houndstone, L50, F, shiny|100\/100\n|switch|p2b: Mr. Jones|Corviknight, L50, M|100\/100\n|-ability|p1a: Gyarados|Intimidate|boost\n|-unboost|p2a: Dragula|atk|1\n|-ability|p2b: Mr. Jones|Mirror Armor\n|-unboost|p1a: Gyarados|atk|1\n|turn|1\n|\n|t:|1681820231\n|move|p2a: Dragula|Will-O-Wisp|p1b: Emboar Jr.\n|-status|p1b: Emboar Jr.|brn\n|move|p2b: Mr. Jones|Brave Bird|p1a: Gyarados\n|-damage|p1a: Gyarados|8\/100\n|-enditem|p1a: Gyarados|Sitrus Berry|[eat]\n|-heal|p1a: Gyarados|33\/100|[from] item: Sitrus Berry\n|-damage|p2b: Mr. Jones|67\/100|[from] Recoil\n|move|p1a: Gyarados|Thunder Wave|p2b: Mr. Jones\n|-status|p2b: Mr. Jones|par\n|move|p1b: Emboar Jr.|Swords Dance|p1b: Emboar Jr.\n|-boost|p1b: Emboar Jr.|atk|2\n|\n|-damage|p1b: Emboar Jr.|94\/100 brn|[from] brn\n|upkeep\n|turn|2\n|\n|t:|1681820268\n|switch|p1a: Volcarona|Volcarona, L50, M|100\/100\n|move|p2a: Dragula|Scary Face|p1a: Volcarona\n|-unboost|p1a: Volcarona|spe|2\n|move|p1b: Emboar Jr.|Pounce|p2a: Dragula\n|-resisted|p2a: Dragula\n|-damage|p2a: Dragula|78\/100\n|-unboost|p2a: Dragula|spe|1\n|move|p2b: Mr. Jones|Brave Bird|p1a: Volcarona\n|-supereffective|p1a: Volcarona\n|-damage|p1a: Volcarona|0 fnt\n|faint|p1a: Volcarona\n|-damage|p2b: Mr. Jones|31\/100 par|[from] Recoil\n|\n|-damage|p1b: Emboar Jr.|88\/100 brn|[from] brn\n|upkeep\n|\n|t:|1681820282\n|switch|p1a: Dragonite|Dragonite, L50, F|100\/100\n|turn|3\n|\n|t:|1681820293\n|move|p1b: Emboar Jr.|Bullet Punch|p2a: Dragula\n|-damage|p2a: Dragula|45\/100\n|-enditem|p2a: Dragula|Sitrus Berry|[eat]\n|-heal|p2a: Dragula|69\/100|[from] item: Sitrus Berry\n|move|p1a: Dragonite|Low Kick|p2b: Mr. Jones\n|-damage|p2b: Mr. Jones|0 fnt\n|faint|p2b: Mr. Jones\n|move|p2a: Dragula|Will-O-Wisp|p1a: Dragonite\n|-status|p1a: Dragonite|brn\n|-enditem|p1a: Dragonite|Lum Berry|[eat]\n|-curestatus|p1a: Dragonite|brn|[msg]\n|\n|-damage|p1b: Emboar Jr.|82\/100 brn|[from] brn\n|upkeep\n|\n|t:|1681820305\n|switch|p2b: C'mon C'mon|Murkrow, L50, F|100\/100\n|turn|4\n|\n|t:|1681820314\n|switch|p1a: Gyarados|Gyarados, L50, M|33\/100\n|-ability|p1a: Gyarados|Intimidate|boost\n|-unboost|p2a: Dragula|atk|1\n|-unboost|p2b: C'mon C'mon|atk|1\n|move|p2b: C'mon C'mon|Haze|p2b: C'mon C'mon\n|-clearallboost\n|move|p1b: Emboar Jr.|Bullet Punch|p2a: Dragula\n|-damage|p2a: Dragula|53\/100\n|move|p2a: Dragula|Will-O-Wisp|p1a: Gyarados\n|-status|p1a: Gyarados|brn\n|\n|-damage|p1a: Gyarados|27\/100 brn|[from] brn\n|-damage|p1b: Emboar Jr.|76\/100 brn|[from] brn\n|upkeep\n|turn|5\n|\n|t:|1681820332\n|move|p2b: C'mon C'mon|Tailwind|p2b: C'mon C'mon\n|-sidestart|p2: gankyburner|move: Tailwind\n|move|p1b: Emboar Jr.|Bullet Punch|p2a: Dragula\n|-damage|p2a: Dragula|35\/100\n|move|p2a: Dragula|Last Respects|p1a: Gyarados\n|-damage|p1a: Gyarados|0 fnt\n|faint|p1a: Gyarados\n|\n|-damage|p1b: Emboar Jr.|69\/100 brn|[from] brn\n|upkeep\n|\n|t:|1681820340\n|switch|p1a: Dragonite|Dragonite, L50, F|100\/100\n|turn|6\n|\n|t:|1681820350\n|-terastallize|p1a: Dragonite|Normal\n|move|p1a: Dragonite|Extreme Speed|p2b: C'mon C'mon\n|-damage|p2b: C'mon C'mon|54\/100\n|move|p1b: Emboar Jr.|Bullet Punch|p2a: Dragula\n|-damage|p2a: Dragula|17\/100\n|move|p2a: Dragula|Will-O-Wisp|p1a: Dragonite\n|-status|p1a: Dragonite|brn\n|move|p2b: C'mon C'mon|Foul Play|p1a: Dragonite\n|-damage|p1a: Dragonite|47\/100 brn\n|\n|-damage|p1a: Dragonite|41\/100 brn|[from] brn\n|-damage|p1b: Emboar Jr.|63\/100 brn|[from] brn\n|upkeep\n|turn|7\n|\n|t:|1681820371\n|move|p1a: Dragonite|Extreme Speed|p2b: C'mon C'mon\n|-damage|p2b: C'mon C'mon|30\/100\n|move|p1b: Emboar Jr.|Bullet Punch|p2a: Dragula\n|-damage|p2a: Dragula|0 fnt\n|faint|p2a: Dragula\n|move|p2b: C'mon C'mon|Foul Play|p1a: Dragonite\n|-damage|p1a: Dragonite|0 fnt\n|faint|p1a: Dragonite\n|\n|-damage|p1b: Emboar Jr.|57\/100 brn|[from] brn\n|upkeep\n|\n|t:|1681820381\n|switch|p2a: Godzilla|Tyranitar, L50, M, shiny|100\/100\n|-weather|Sandstorm|[from] ability: Sand Stream|[of] p2a: Godzilla\n|turn|8\n|\n|t:|1681820391\n|-terastallize|p2a: Godzilla|Flying\n|move|p2b: C'mon C'mon|Foul Play|p1b: Emboar Jr.\n|-damage|p1b: Emboar Jr.|6\/100 brn\n|move|p2a: Godzilla|Earthquake|p1b: Emboar Jr.|[spread] p1b\n|-immune|p2b: C'mon C'mon\n|-damage|p1b: Emboar Jr.|0 fnt\n|faint|p1b: Emboar Jr.\n|\n|win|gankyburner\n|raw|waterworld james's rating: 1216 → 1193<\/strong> (-23 for losing)\n|raw|gankyburner's rating: 1238 → 1261<\/strong> (+23 for winning)\n|c|\u2606gankyburner|gg\n","uploadtime":1681820403,"views":9,"p1id":"waterworldjames","p2id":"gankyburner","formatid":"gen9vgc2023regulationc","rating":1193,"private":0,"password":""}