{"id":"gen9vgc2023regulationc-1862995385","p1":"Supersuperhero","p2":"Vulnerarily","format":"[Gen 9] VGC 2023 Regulation C","log":"|j|\u2606Supersuperhero\n|j|\u2606Vulnerarily\n|t:|1683949379\n|gametype|doubles\n|player|p1|Supersuperhero|265|1306\n|player|p2|Vulnerarily|ingo|1336\n|teamsize|p1|6\n|teamsize|p2|6\n|gen|9\n|tier|[Gen 9] VGC 2023 Regulation C\n|rated|\n|rule|Species Clause: Limit one of each Pok\u00e9mon\n|rule|Item Clause: Limit one of each item\n|clearpoke\n|poke|p1|Flutter Mane, L50|\n|poke|p1|Baxcalibur, L50, F|\n|poke|p1|Abomasnow, L50, M|\n|poke|p1|Arcanine, L50, F|\n|poke|p1|Braviary, L50, M|\n|poke|p1|Palafin, L50, M|\n|poke|p2|Torkoal, L50, M|\n|poke|p2|Lilligant, L50, F|\n|poke|p2|Great Tusk, L50|\n|poke|p2|Flutter Mane, L50|\n|poke|p2|Talonflame, L50, M|\n|poke|p2|Chien-Pao, L50|\n|teampreview|4\nVulnerarily has agreed to open team sheets.\n|\n|t:|1683949405\n|start\n|switch|p1a: Braviary|Braviary, L50, M|100\/100\n|switch|p1b: Arcanine|Arcanine, L50, F|100\/100\n|switch|p2a: Flutter Mane|Flutter Mane, L50|100\/100\n|switch|p2b: Talonflame|Talonflame, L50, M|100\/100\n|-ability|p1b: Arcanine|Intimidate|boost\n|-unboost|p2a: Flutter Mane|atk|1\n|-unboost|p2b: Talonflame|atk|1\n|turn|1\n|\n|t:|1683949426\n|move|p1a: Braviary|Protect|p1a: Braviary\n|-singleturn|p1a: Braviary|Protect\n|move|p2b: Talonflame|Tailwind|p2b: Talonflame\n|-sidestart|p2: Vulnerarily|move: Tailwind\n|move|p2a: Flutter Mane|Power Gem|p1b: Arcanine\n|-supereffective|p1b: Arcanine\n|-damage|p1b: Arcanine|13\/100\n|move|p1b: Arcanine|Flare Blitz|p2a: Flutter Mane\n|-damage|p2a: Flutter Mane|0 fnt\n|faint|p2a: Flutter Mane\n|-end|p2a: Flutter Mane|Protosynthesis|[silent]\n|-damage|p1b: Arcanine|0 fnt|[from] Recoil\n|faint|p1b: Arcanine\n|\n|upkeep\n|\n|t:|1683949435\n|switch|p2a: Great Tusk|Great Tusk, L50|100\/100\n|switch|p1b: Baxcalibur|Baxcalibur, L50, F|100\/100\n|turn|2\n|\n|t:|1683949446\n|-terastallize|p1b: Baxcalibur|Poison\n|move|p2a: Great Tusk|Rock Slide|p1a: Braviary|[spread] p1a,p1b\n|-supereffective|p1a: Braviary\n|-damage|p1a: Braviary|56\/100\n|-damage|p1b: Baxcalibur|81\/100\n|move|p2b: Talonflame|Taunt|p1a: Braviary\n|-start|p1a: Braviary|move: Taunt\n|move|p1b: Baxcalibur|Icicle Spear|p2a: Great Tusk\n|-supereffective|p2a: Great Tusk\n|-damage|p2a: Great Tusk|77\/100\n|-supereffective|p2a: Great Tusk\n|-damage|p2a: Great Tusk|52\/100\n|-supereffective|p2a: Great Tusk\n|-damage|p2a: Great Tusk|30\/100\n|-supereffective|p2a: Great Tusk\n|-damage|p2a: Great Tusk|8\/100\n|-hitcount|p2a: Great Tusk|4\n|cant|p1a: Braviary|flinch\n|\n|upkeep\n|turn|3\n|\n|t:|1683949466\n|-end|p2a: Great Tusk|Protosynthesis|[silent]\n|switch|p2a: Torkoal|Torkoal, L50, M|100\/100\n|-weather|SunnyDay|[from] ability: Drought|[of] p2a: Torkoal\n|move|p2b: Talonflame|Brave Bird|p1b: Baxcalibur\n|-damage|p1b: Baxcalibur|60\/100\n|-damage|p2b: Talonflame|92\/100|[from] Recoil\n|move|p1b: Baxcalibur|Ice Shard|p2a: Torkoal\n|-resisted|p2a: Torkoal\n|-damage|p2a: Torkoal|91\/100\n|move|p1a: Braviary|Brave Bird|p2b: Talonflame\n|-damage|p2b: Talonflame|17\/100\n|-damage|p1a: Braviary|34\/100|[from] Recoil\n|-enditem|p1a: Braviary|Sitrus Berry|[eat]\n|-heal|p1a: Braviary|59\/100|[from] item: Sitrus Berry\n|\n|-weather|SunnyDay|[upkeep]\n|upkeep\n|turn|4\n|\n|t:|1683949477\n|move|p1b: Baxcalibur|Protect|p1b: Baxcalibur\n|-singleturn|p1b: Baxcalibur|Protect\n|move|p2b: Talonflame|Will-O-Wisp|p1a: Braviary\n|-status|p1a: Braviary|brn\n|move|p1a: Braviary|Brave Bird|p2a: Torkoal\n|-damage|p2a: Torkoal|66\/100\n|-damage|p1a: Braviary|52\/100 brn|[from] Recoil\n|move|p2a: Torkoal|Earth Power|p1b: Baxcalibur\n|-activate|p1b: Baxcalibur|move: Protect\n|\n|-weather|SunnyDay|[upkeep]\n|-damage|p1a: Braviary|46\/100 brn|[from] brn\n|-end|p1a: Braviary|move: Taunt\n|-sideend|p2: Vulnerarily|move: Tailwind\n|upkeep\n|turn|5\n|\n|t:|1683949488\n|move|p2b: Talonflame|Brave Bird|p1a: Braviary\n|-damage|p1a: Braviary|19\/100 brn\n|-damage|p2b: Talonflame|7\/100|[from] Recoil\n|move|p1b: Baxcalibur|Glaive Rush|p2a: Torkoal\n|-damage|p2a: Torkoal|10\/100\n|-singlemove|p1b: Baxcalibur|Glaive Rush|[silent]\n|move|p1a: Braviary|Brave Bird|p2b: Talonflame\n|-damage|p2b: Talonflame|0 fnt\n|faint|p2b: Talonflame\n|-damage|p1a: Braviary|17\/100 brn|[from] Recoil\n|move|p2a: Torkoal|Earth Power|p1b: Baxcalibur\n|-supereffective|p1b: Baxcalibur\n|-damage|p1b: Baxcalibur|0 fnt\n|faint|p1b: Baxcalibur\n|\n|-weather|SunnyDay|[upkeep]\n|-damage|p1a: Braviary|11\/100 brn|[from] brn\n|upkeep\n|\n|t:|1683949494\n|switch|p2b: Great Tusk|Great Tusk, L50|8\/100\n|switch|p1b: Abomasnow|Abomasnow, L50, M|100\/100\n|-activate|p2b: Great Tusk|ability: Protosynthesis\n|-start|p2b: Great Tusk|protosynthesisatk\n|-weather|Snow|[from] ability: Snow Warning|[of] p1b: Abomasnow\n|-end|p2b: Great Tusk|Protosynthesis\n|turn|6\n|\n|t:|1683949502\n|move|p2b: Great Tusk|Rock Slide|p1b: Abomasnow|[spread] p1a,p1b\n|-supereffective|p1a: Braviary\n|-supereffective|p1b: Abomasnow\n|-damage|p1a: Braviary|0 fnt\n|-damage|p1b: Abomasnow|70\/100\n|faint|p1a: Braviary\n|move|p1b: Abomasnow|Blizzard|p2a: Torkoal|[spread] p2a,p2b\n|-resisted|p2a: Torkoal\n|-supereffective|p2b: Great Tusk\n|-damage|p2a: Torkoal|0 fnt\n|-damage|p2b: Great Tusk|0 fnt\n|faint|p2a: Torkoal\n|faint|p2b: Great Tusk\n|-end|p2b: Great Tusk|Protosynthesis|[silent]\n|\n|win|Supersuperhero\n|raw|Supersuperhero's rating: 1306 → 1328<\/strong> (+22 for winning)\n|raw|Vulnerarily's rating: 1336 → 1314<\/strong> (-22 for losing)\n|l|\u2606Supersuperhero\n","uploadtime":1683949518,"views":19,"p1id":"supersuperhero","p2id":"vulnerarily","formatid":"gen9vgc2023regulationc","rating":1314,"private":0,"password":""}