{"id":"gen9vgc2023regulationc-1845242803","p1":"FlynnHunter7","p2":"abacatemistico","format":"[Gen 9] VGC 2023 Regulation C","log":"|j|\u2606FlynnHunter7\n|j|\u2606abacatemistico\n|t:|1681701055\n|gametype|doubles\n|player|p1|FlynnHunter7|hilbert|1051\n|player|p2|abacatemistico|hilbert|1035\n|teamsize|p1|6\n|teamsize|p2|6\n|gen|9\n|tier|[Gen 9] VGC 2023 Regulation C\n|rated|\n|rule|Species Clause: Limit one of each Pok\u00e9mon\n|rule|Item Clause: Limit one of each item\n|clearpoke\n|poke|p1|Palafin, L50, M|\n|poke|p1|Arcanine, L50, M|\n|poke|p1|Amoonguss, L50, F|\n|poke|p1|Flutter Mane, L50|\n|poke|p1|Wo-Chien, L50|\n|poke|p1|Ting-Lu, L50|\n|poke|p2|Indeedee-F, L50, F|\n|poke|p2|Armarouge, L50, F|\n|poke|p2|Torkoal, L50, M|\n|poke|p2|Amoonguss, L50, F|\n|poke|p2|Flutter Mane, L50|\n|poke|p2|Hariyama, L50, M|\n|teampreview|4\n|inactive|Battle timer is ON: inactive players will automatically lose when time's up. (requested by FlynnHunter7)\nFlynnHunter7 has agreed to open team sheets.\n|\n|t:|1681701063\n|start\n|switch|p1a: Wo-Chien|Wo-Chien, L50|100\/100\n|switch|p1b: Palafin|Palafin, L50, M|100\/100\n|switch|p2a: Armarouge|Armarouge, L50, F|100\/100\n|switch|p2b: Indeedee|Indeedee-F, L50, F|100\/100\n|-fieldstart|move: Psychic Terrain|[from] ability: Psychic Surge|[of] p2b: Indeedee\n|-enditem|p2b: Indeedee|Psychic Seed\n|-boost|p2b: Indeedee|spd|1|[from] item: Psychic Seed\n|-ability|p1a: Wo-Chien|Tablets of Ruin\n|turn|1\n|inactive|FlynnHunter7 has 30 seconds left.\n|inactive|abacatemistico has 30 seconds left.\n|\n|t:|1681701098\n|-terastallize|p1b: Palafin|Water\n|move|p2a: Armarouge|Protect|p2a: Armarouge\n|-singleturn|p2a: Armarouge|Protect\n|move|p1b: Palafin|Wave Crash|p2a: Armarouge\n|-activate|p2a: Armarouge|move: Protect\n|move|p1a: Wo-Chien|Leech Seed|p2b: Indeedee|[miss]\n|-miss|p1a: Wo-Chien|p2b: Indeedee\n|move|p2b: Indeedee|Trick Room|p2b: Indeedee\n|-fieldstart|move: Trick Room|[of] p2b: Indeedee\n|\n|upkeep\n|turn|2\n|\n|t:|1681701119\n|detailschange|p1b: Palafin|Palafin-Hero, L50, M, tera:Water\n|switch|p1b: Ting-Lu|Ting-Lu, L50|100\/100\n|-ability|p1b: Ting-Lu|Vessel of Ruin\n|move|p2b: Indeedee|Follow Me|p2b: Indeedee\n|-singleturn|p2b: Indeedee|move: Follow Me\n|move|p2a: Armarouge|Armor Cannon|p1a: Wo-Chien\n|-supereffective|p1a: Wo-Chien\n|-damage|p1a: Wo-Chien|23\/100\n|-unboost|p2a: Armarouge|def|1\n|-unboost|p2a: Armarouge|spd|1\n|-damage|p2a: Armarouge|91\/100|[from] item: Life Orb\n|move|p1a: Wo-Chien|Leech Seed|p2b: Indeedee\n|-start|p2b: Indeedee|move: Leech Seed\n|\n|-heal|p1a: Wo-Chien|29\/100|[from] item: Leftovers\n|-damage|p2b: Indeedee|88\/100|[from] Leech Seed|[of] p1a: Wo-Chien\n|-heal|p1a: Wo-Chien|41\/100|[silent]\n|upkeep\n|turn|3\n|\n|t:|1681701142\n|switch|p2b: Amoonguss|Amoonguss, L50, F|100\/100\n|move|p1a: Wo-Chien|Protect|p1a: Wo-Chien\n|-singleturn|p1a: Wo-Chien|Protect\n|move|p1b: Ting-Lu|Fissure|p2a: Armarouge\n|-damage|p2a: Armarouge|0 fnt\n|faint|p2a: Armarouge\n|-ohko\n|\n|-heal|p1a: Wo-Chien|47\/100|[from] item: Leftovers\n|upkeep\n|\n|t:|1681701154\n|switch|p2a: Hariyama|Hariyama, L50, M|100\/100\n|turn|4\n|\n|t:|1681701165\n|move|p2b: Amoonguss|Pollen Puff|p1a: Wo-Chien\n|-supereffective|p1a: Wo-Chien\n|-damage|p1a: Wo-Chien|10\/100\n|move|p1b: Ting-Lu|Fissure|p2b: Amoonguss|[miss]\n|-miss|p1b: Ting-Lu|p2b: Amoonguss\n|move|p2a: Hariyama|Close Combat|p1b: Ting-Lu\n|-supereffective|p1b: Ting-Lu\n|-damage|p1b: Ting-Lu|44\/100\n|-unboost|p2a: Hariyama|def|1\n|-unboost|p2a: Hariyama|spd|1\n|move|p1a: Wo-Chien|Leech Seed|p2a: Hariyama\n|-start|p2a: Hariyama|move: Leech Seed\n|\n|-heal|p1a: Wo-Chien|16\/100|[from] item: Leftovers\n|-damage|p2a: Hariyama|88\/100|[from] Leech Seed|[of] p1a: Wo-Chien\n|-heal|p1a: Wo-Chien|33\/100|[silent]\n|-status|p2a: Hariyama|brn|[from] item: Flame Orb\n|upkeep\n|turn|5\n|\n|t:|1681701185\n|move|p1a: Wo-Chien|Protect|p1a: Wo-Chien\n|-singleturn|p1a: Wo-Chien|Protect\n|move|p2b: Amoonguss|Pollen Puff|p1a: Wo-Chien\n|-activate|p1a: Wo-Chien|move: Protect\n|move|p1b: Ting-Lu|Stomping Tantrum|p2b: Amoonguss\n|-damage|p2b: Amoonguss|57\/100\n|move|p2a: Hariyama|Close Combat|p1b: Ting-Lu\n|-supereffective|p1b: Ting-Lu\n|-damage|p1b: Ting-Lu|0 fnt\n|-unboost|p2a: Hariyama|def|1\n|-unboost|p2a: Hariyama|spd|1\n|faint|p1b: Ting-Lu\n|\n|-heal|p2b: Amoonguss|63\/100|[from] item: Black Sludge\n|-heal|p1a: Wo-Chien|39\/100|[from] item: Leftovers\n|-damage|p2a: Hariyama|76\/100 brn|[from] Leech Seed|[of] p1a: Wo-Chien\n|-heal|p1a: Wo-Chien|56\/100|[silent]\n|-damage|p2a: Hariyama|70\/100 brn|[from] brn\n|-fieldend|move: Trick Room\n|-fieldend|move: Psychic Terrain\n|upkeep\n|\n|t:|1681701203\n|switch|p1b: Arcanine|Arcanine, L50, M|100\/100\n|-ability|p1b: Arcanine|Intimidate|boost\n|-unboost|p2a: Hariyama|atk|1\n|-unboost|p2b: Amoonguss|atk|1\n|turn|6\n|\n|t:|1681701227\n|move|p2b: Amoonguss|Rage Powder|p2b: Amoonguss\n|-singleturn|p2b: Amoonguss|move: Rage Powder\n|move|p1b: Arcanine|Flare Blitz|p2b: Amoonguss\n|-supereffective|p2b: Amoonguss\n|-damage|p2b: Amoonguss|0 fnt\n|faint|p2b: Amoonguss\n|-damage|p1b: Arcanine|73\/100|[from] Recoil\n|move|p1a: Wo-Chien|Giga Drain|p2a: Hariyama\n|-damage|p2a: Hariyama|14\/100 brn\n|-heal|p1a: Wo-Chien|95\/100|[from] drain|[of] p2a: Hariyama\n|move|p2a: Hariyama|Headlong Rush|p1b: Arcanine\n|-supereffective|p1b: Arcanine\n|-damage|p1b: Arcanine|6\/100\n|-unboost|p2a: Hariyama|def|1\n|-unboost|p2a: Hariyama|spd|1\n|\n|-heal|p1a: Wo-Chien|100\/100|[from] item: Leftovers\n|-damage|p2a: Hariyama|2\/100 brn|[from] Leech Seed|[of] p1a: Wo-Chien\n|-damage|p2a: Hariyama|0 fnt|[from] brn\n|faint|p2a: Hariyama\n|upkeep\n|-message|abacatemistico forfeited.\n|\n|win|FlynnHunter7\n|raw|FlynnHunter7's rating: 1051 → 1082<\/strong> (+31 for winning)\n|raw|abacatemistico's rating: 1035 → 1020<\/strong> (-15 for losing)\n|l|\u2606abacatemistico\n","uploadtime":1681701254,"views":8,"p1id":"flynnhunter7","p2id":"abacatemistico","formatid":"gen9vgc2023regulationc","rating":1020,"private":0,"password":""}