{"id":"gen9vgc2023regulationc-1852406951","p1":"fgkjbjlajdafskd","p2":"anshar_training","format":"[Gen 9] VGC 2023 Regulation C","log":"|j|\u2606fgkjbjlajdafskd\n|j|\u2606anshar_training\n|t:|1682553775\n|gametype|doubles\n|player|p1|fgkjbjlajdafskd|1|1045\n|player|p2|anshar_training|colress|1128\n|teamsize|p1|6\n|teamsize|p2|6\n|gen|9\n|tier|[Gen 9] VGC 2023 Regulation C\n|rated|\n|rule|Species Clause: Limit one of each Pok\u00e9mon\n|rule|Item Clause: Limit one of each item\n|clearpoke\n|poke|p1|Abomasnow, L50, F|\n|poke|p1|Sylveon, L50, M|\n|poke|p1|Lucario, L50, M|\n|poke|p1|Dragapult, L50, M|\n|poke|p1|Tinkaton, L50, F|\n|poke|p1|Dragonite, L50, F|\n|poke|p2|Palafin, L50, M|\n|poke|p2|Flutter Mane, L50|\n|poke|p2|Arcanine, L50, F|\n|poke|p2|Amoonguss, L50, F|\n|poke|p2|Ting-Lu, L50|\n|poke|p2|Roaring Moon, L50|\n|teampreview|4\nfgkjbjlajdafskd has agreed to open team sheets.\n|\n|t:|1682553822\n|start\n|switch|p1a: Dragonite|Dragonite, L50, F|100\/100\n|switch|p1b: Abomasnow|Abomasnow, L50, F|100\/100\n|switch|p2a: Apolo|Arcanine, L50, F|100\/100\n|switch|p2b: PlusUltra|Palafin, L50, M|100\/100\n|-ability|p2a: Apolo|Intimidate|boost\n|-unboost|p1a: Dragonite|atk|1\n|-unboost|p1b: Abomasnow|atk|1\n|-weather|Snow|[from] ability: Snow Warning|[of] p1b: Abomasnow\n|turn|1\n|\n|t:|1682553855\n|detailschange|p2b: PlusUltra|Palafin-Hero, L50, M\n|switch|p2b: Benito|Roaring Moon, L50|100\/100\n|-enditem|p2b: Benito|Booster Energy\n|-activate|p2b: Benito|ability: Protosynthesis|[fromitem]\n|-start|p2b: Benito|protosynthesisatk\n|move|p2a: Apolo|Will-O-Wisp|p1a: Dragonite\n|-status|p1a: Dragonite|brn\n|move|p1a: Dragonite|Safeguard|p1a: Dragonite\n|-sidestart|p1: fgkjbjlajdafskd|Safeguard\n|move|p1b: Abomasnow|Aurora Veil|p1b: Abomasnow\n|-sidestart|p1: fgkjbjlajdafskd|move: Aurora Veil\n|\n|-weather|Snow|[upkeep]\n|-damage|p1a: Dragonite|94\/100 brn|[from] brn\n|upkeep\n|turn|2\n|\n|t:|1682553886\n|switch|p1b: Sylveon|Sylveon, L50, M|100\/100\n|move|p2b: Benito|Protect|p2b: Benito\n|-singleturn|p2b: Benito|Protect\n|move|p2a: Apolo|Flare Blitz|p1b: Sylveon\n|-damage|p1b: Sylveon|61\/100\n|-damage|p2a: Apolo|87\/100|[from] Recoil\n|move|p1a: Dragonite|Waterfall|p2a: Apolo\n|-supereffective|p2a: Apolo\n|-damage|p2a: Apolo|67\/100\n|\n|-weather|Snow|[upkeep]\n|-damage|p1a: Dragonite|88\/100 brn|[from] brn\n|upkeep\n|turn|3\n|\n|t:|1682553936\n|-end|p2b: Benito|Protosynthesis|[silent]\n|switch|p2b: PlusUltra|Palafin-Hero, L50, M|100\/100\n|-activate|p2b: PlusUltra|ability: Zero to Hero\n|-terastallize|p2a: Apolo|Grass\n|move|p2a: Apolo|Extreme Speed|p1b: Sylveon\n|-damage|p1b: Sylveon|45\/100\n|move|p1a: Dragonite|Waterfall|p2a: Apolo\n|-resisted|p2a: Apolo\n|-damage|p2a: Apolo|62\/100\n|move|p1b: Sylveon|Hyper Voice|p2b: PlusUltra|[spread] p2a,p2b\n|-damage|p2a: Apolo|19\/100\n|-damage|p2b: PlusUltra|59\/100\n|-enditem|p1b: Sylveon|Throat Spray\n|-boost|p1b: Sylveon|spa|1|[from] item: Throat Spray\n|\n|-weather|Snow|[upkeep]\n|-damage|p1a: Dragonite|82\/100 brn|[from] brn\n|upkeep\n|turn|4\n|\n|t:|1682553972\n|move|p2a: Apolo|Protect|p2a: Apolo\n|-singleturn|p2a: Apolo|Protect\n|move|p2b: PlusUltra|Jet Punch|p1b: Sylveon\n|-damage|p1b: Sylveon|8\/100\n|move|p1a: Dragonite|Fire Punch|p2a: Apolo\n|-activate|p2a: Apolo|move: Protect\n|move|p1b: Sylveon|Wish|p1b: Sylveon\n|\n|-weather|Snow|[upkeep]\n|-damage|p1a: Dragonite|76\/100 brn|[from] brn\n|upkeep\n|turn|5\n|\n|t:|1682554001\n|move|p2b: PlusUltra|Protect|p2b: PlusUltra\n|-singleturn|p2b: PlusUltra|Protect\n|move|p1b: Sylveon|Protect|p1b: Sylveon\n|-singleturn|p1b: Sylveon|Protect\n|move|p2a: Apolo|Extreme Speed|p1b: Sylveon\n|-activate|p1b: Sylveon|move: Protect\n|move|p1a: Dragonite|Fire Punch|p2a: Apolo\n|-supereffective|p2a: Apolo\n|-damage|p2a: Apolo|0 fnt\n|faint|p2a: Apolo\n|\n|-weather|none\n|-heal|p1b: Sylveon|58\/100|[from] move: Wish|[wisher] Sylveon\n|-damage|p1a: Dragonite|70\/100 brn|[from] brn\n|-sideend|p1: fgkjbjlajdafskd|Safeguard\n|-sideend|p1: fgkjbjlajdafskd|move: Aurora Veil\n|upkeep\n|\n|t:|1682554018\n|switch|p2a: Susy|Amoonguss, L50, F|100\/100\n|turn|6\n|\n|t:|1682554031\n|-terastallize|p1b: Sylveon|Fire\n|move|p2a: Susy|Rage Powder|p2a: Susy\n|-singleturn|p2a: Susy|move: Rage Powder\n|move|p2b: PlusUltra|Wave Crash|p1b: Sylveon\n|-supereffective|p1b: Sylveon\n|-damage|p1b: Sylveon|0 fnt\n|faint|p1b: Sylveon\n|-damage|p2b: PlusUltra|40\/100|[from] Recoil\n|move|p1a: Dragonite|Safeguard|p1a: Dragonite\n|-sidestart|p1: fgkjbjlajdafskd|Safeguard\n|\n|-damage|p1a: Dragonite|64\/100 brn|[from] brn\n|upkeep\n|\n|t:|1682554043\n|switch|p1b: Abomasnow|Abomasnow, L50, F|100\/100\n|-weather|Snow|[from] ability: Snow Warning|[of] p1b: Abomasnow\n|turn|7\n|\n|t:|1682554055\n|move|p2b: PlusUltra|Jet Punch|p1a: Dragonite\n|-resisted|p1a: Dragonite\n|-damage|p1a: Dragonite|41\/100 brn\n|move|p1a: Dragonite|Fire Punch|p2a: Susy\n|-supereffective|p2a: Susy\n|-damage|p2a: Susy|84\/100\n|-status|p2a: Susy|brn\n|move|p1b: Abomasnow|Aurora Veil|p1b: Abomasnow\n|-sidestart|p1: fgkjbjlajdafskd|move: Aurora Veil\n|move|p2a: Susy|Pollen Puff|p2b: PlusUltra\n|-heal|p2b: PlusUltra|90\/100\n|\n|-weather|Snow|[upkeep]\n|-damage|p1a: Dragonite|35\/100 brn|[from] brn\n|-damage|p2a: Susy|78\/100 brn|[from] brn\n|upkeep\n|turn|8\n|\n|t:|1682554091\n|switch|p1a: Lucario|Lucario, L50, M|100\/100\n|move|p2b: PlusUltra|Wave Crash|p1b: Abomasnow\n|-resisted|p1b: Abomasnow\n|-damage|p1b: Abomasnow|76\/100\n|-damage|p2b: PlusUltra|82\/100|[from] Recoil\n|move|p1b: Abomasnow|Leaf Storm|p2b: PlusUltra\n|-supereffective|p2b: PlusUltra\n|-damage|p2b: PlusUltra|0 fnt\n|-unboost|p1b: Abomasnow|spa|2\n|faint|p2b: PlusUltra\n|move|p2a: Susy|Spore|p1a: Lucario\n|-activate|p1a: Lucario|move: Safeguard\n|\n|-weather|Snow|[upkeep]\n|-damage|p2a: Susy|72\/100 brn|[from] brn\n|upkeep\n|\n|t:|1682554106\n|switch|p2b: Benito|Roaring Moon, L50|100\/100\n|turn|9\n|\n|t:|1682554144\n|move|p1b: Abomasnow|Protect|p1b: Abomasnow\n|-singleturn|p1b: Abomasnow|Protect\n|move|p2a: Susy|Protect|p2a: Susy\n|-singleturn|p2a: Susy|Protect\n|move|p1a: Lucario|Extreme Speed|p2b: Benito\n|-damage|p2b: Benito|75\/100\n|move|p2b: Benito|Acrobatics|p1a: Lucario\n|-damage|p1a: Lucario|60\/100\n|\n|-weather|Snow|[upkeep]\n|-damage|p2a: Susy|66\/100 brn|[from] brn\n|upkeep\n|turn|10\n|\n|t:|1682554169\n|move|p1a: Lucario|Life Dew|p1a: Lucario|[spread] p1a,p1b\n|-heal|p1a: Lucario|85\/100\n|-heal|p1b: Abomasnow|100\/100\n|move|p2b: Benito|Throat Chop|p1b: Abomasnow\n|-damage|p1b: Abomasnow|76\/100\n|-start|p1b: Abomasnow|Throat Chop|[silent]\n|move|p1b: Abomasnow|Blizzard|p2a: Susy|[spread] p2a,p2b\n|-supereffective|p2a: Susy\n|-supereffective|p2b: Benito\n|-damage|p2a: Susy|38\/100 brn\n|-damage|p2b: Benito|46\/100\n|-enditem|p2a: Susy|Sitrus Berry|[eat]\n|-heal|p2a: Susy|63\/100 brn|[from] item: Sitrus Berry\n|move|p2a: Susy|Pollen Puff|p2b: Benito\n|-heal|p2b: Benito|96\/100\n|\n|-weather|Snow|[upkeep]\n|-damage|p2a: Susy|57\/100 brn|[from] brn\n|-sideend|p1: fgkjbjlajdafskd|Safeguard\n|upkeep\n|turn|11\n|\n|t:|1682554213\n|move|p2a: Susy|Rage Powder|p2a: Susy\n|-singleturn|p2a: Susy|move: Rage Powder\n|move|p1a: Lucario|Bullet Punch|p2a: Susy\n|-damage|p2a: Susy|42\/100 brn\n|move|p2b: Benito|Dragon Dance|p2b: Benito\n|-boost|p2b: Benito|atk|1\n|-boost|p2b: Benito|spe|1\n|move|p1b: Abomasnow|Blizzard|p2b: Benito|[spread] p2a,p2b\n|-supereffective|p2a: Susy\n|-supereffective|p2b: Benito\n|-damage|p2a: Susy|12\/100 brn\n|-damage|p2b: Benito|70\/100\n|\n|-weather|none\n|-damage|p2a: Susy|6\/100 brn|[from] brn\n|-end|p1b: Abomasnow|Throat Chop|[silent]\n|-sideend|p1: fgkjbjlajdafskd|move: Aurora Veil\n|upkeep\n|turn|12\n|\n|t:|1682554241\n|switch|p1a: Dragonite|Dragonite, L50, F|35\/100 brn\n|move|p2a: Susy|Protect|p2a: Susy\n|-singleturn|p2a: Susy|Protect\n|move|p2b: Benito|Acrobatics|p1b: Abomasnow\n|-supereffective|p1b: Abomasnow\n|-damage|p1b: Abomasnow|0 fnt\n|faint|p1b: Abomasnow\n|\n|-damage|p1a: Dragonite|29\/100 brn|[from] brn\n|-damage|p2a: Susy|0 fnt|[from] brn\n|faint|p2a: Susy\n|upkeep\n|\n|t:|1682554252\n|switch|p1b: Lucario|Lucario, L50, M|85\/100\n|turn|13\n|\n|t:|1682554270\n|move|p1b: Lucario|Extreme Speed|p2b: Benito\n|-damage|p2b: Benito|41\/100\n|move|p2b: Benito|Acrobatics|p1a: Dragonite\n|-crit|p1a: Dragonite\n|-damage|p1a: Dragonite|0 fnt\n|faint|p1a: Dragonite\n|\n|upkeep\n|turn|14\n|\n|t:|1682554288\n|move|p1b: Lucario|Extreme Speed|p2b: Benito\n|-damage|p2b: Benito|15\/100\n|move|p2b: Benito|Acrobatics|p1b: Lucario\n|-damage|p1b: Lucario|0 fnt\n|faint|p1b: Lucario\n|\n|win|anshar_training\n|raw|fgkjbjlajdafskd's rating: 1045 → 1032<\/strong> (-13 for losing)\n|raw|anshar_training's rating: 1128 → 1147<\/strong> (+19 for winning)\n","uploadtime":1682554297,"views":16,"p1id":"fgkjbjlajdafskd","p2id":"anshartraining","formatid":"gen9vgc2023regulationc","rating":1032,"private":0,"password":""}