{"id":"gen9vgc2023regulationc-1847303010","p1":"DonnyBoy766","p2":"tu'ko delimo","format":"[Gen 9] VGC 2023 Regulation C","log":"|j|\u2606DonnyBoy766\n|j|\u2606tu'ko delimo\n|t:|1681936408\n|gametype|doubles\n|player|p1|DonnyBoy766|fisherman-gen4|1000\n|player|p2|tu'ko delimo|iono|1027\n|teamsize|p1|6\n|teamsize|p2|6\n|gen|9\n|tier|[Gen 9] VGC 2023 Regulation C\n|rated|\n|rule|Species Clause: Limit one of each Pok\u00e9mon\n|rule|Item Clause: Limit one of each item\n|clearpoke\n|poke|p1|Armarouge, L50, M|\n|poke|p1|Baxcalibur, L50, F|\n|poke|p1|Amoonguss, L50, M|\n|poke|p1|Flutter Mane, L50|\n|poke|p1|Great Tusk, L50|\n|poke|p1|Kilowattrel, L50, M|\n|poke|p2|Gyarados, L50, M|\n|poke|p2|Sylveon, L50, F|\n|poke|p2|Annihilape, L50, M|\n|poke|p2|Iron Hands, L50|\n|poke|p2|Chien-Pao, L50|\n|poke|p2|Rotom-Wash, L50|\n|teampreview|4\n|inactive|Battle timer is ON: inactive players will automatically lose when time's up. (requested by tu'ko delimo)\ntu'ko delimo rejected open team sheets.\n|\n|t:|1681936437\n|start\n|switch|p1a: Chorizo|Armarouge, L50, M|100\/100\n|switch|p1b: Carne Asada|Flutter Mane, L50|100\/100\n|switch|p2a: Iron Hands|Iron Hands, L50|100\/100\n|switch|p2b: Gyarados|Gyarados, L50, M|100\/100\n|-ability|p2b: Gyarados|Intimidate|boost\n|-unboost|p1a: Chorizo|atk|1\n|-unboost|p1b: Carne Asada|atk|1\n|-enditem|p2a: Iron Hands|Booster Energy\n|-activate|p2a: Iron Hands|ability: Quark Drive|[fromitem]\n|-start|p2a: Iron Hands|quarkdriveatk\n|turn|1\n|\n|t:|1681936461\n|-end|p1b: Carne Asada|Protosynthesis|[silent]\n|switch|p1b: Enchilada|Amoonguss, L50, M|100\/100\n|switch|p1a: Queso|Kilowattrel, L50, M, shiny|100\/100\n|move|p2a: Iron Hands|Fake Out|p1a: Queso\n|-damage|p1a: Queso|61\/100\n|move|p2b: Gyarados|Thunder Wave|p1b: Enchilada\n|-status|p1b: Enchilada|par\n|\n|upkeep\n|turn|2\n|inactive|tu'ko delimo has 30 seconds left.\n|inactive|tu'ko delimo has 20 seconds left.\n|\n|t:|1681936500\n|switch|p2b: Annihilape|Annihilape, L50, M|100\/100\n|move|p1a: Queso|Thunderbolt|p2b: Annihilape\n|-damage|p2b: Annihilape|64\/100\n|move|p2a: Iron Hands|Drain Punch|p1b: Enchilada\n|-resisted|p1b: Enchilada\n|-damage|p1b: Enchilada|75\/100 par\n|-status|p2a: Iron Hands|psn|[from] ability: Effect Spore|[of] p1b: Enchilada\n|move|p1b: Enchilada|Spore||[still]\n|-fail|p1b: Enchilada\n|\n|-damage|p2a: Iron Hands|88\/100 psn|[from] psn\n|upkeep\n|turn|3\n|inactive|DonnyBoy766 has 30 seconds left.\n|\n|t:|1681936526\n|switch|p1b: Carne Asada|Flutter Mane, L50|100\/100\n|move|p2b: Annihilape|Protect|p2b: Annihilape\n|-singleturn|p2b: Annihilape|Protect\n|move|p1a: Queso|Tailwind|p1a: Queso\n|-sidestart|p1: DonnyBoy766|move: Tailwind\n|-start|p1a: Queso|Charge|Tailwind|[from] ability: Wind Power\n|move|p2a: Iron Hands|Drain Punch|p1b: Carne Asada\n|-immune|p1b: Carne Asada\n|\n|-damage|p2a: Iron Hands|76\/100 psn|[from] psn\n|upkeep\n|turn|4\n|inactive|tu'ko delimo has 30 seconds left.\n|\n|t:|1681936553\n|-end|p2a: Iron Hands|Quark Drive|[silent]\n|switch|p2a: Gyarados|Gyarados, L50, M|100\/100\n|-ability|p2a: Gyarados|Intimidate|boost\n|-unboost|p1a: Queso|atk|1\n|-unboost|p1b: Carne Asada|atk|1\n|move|p1b: Carne Asada|Shadow Ball|p2b: Annihilape\n|-supereffective|p2b: Annihilape\n|-damage|p2b: Annihilape|0 fnt\n|faint|p2b: Annihilape\n|move|p1a: Queso|Dual Wingbeat|p2a: Gyarados\n|-damage|p2a: Gyarados|93\/100\n|-damage|p2a: Gyarados|86\/100\n|-hitcount|p2a: Gyarados|2\n|\n|upkeep\n|\n|t:|1681936565\n|switch|p2b: Chien-Pao|Chien-Pao, L50|100\/100\n|-ability|p2b: Chien-Pao|Sword of Ruin\n|turn|5\n|inactive|tu'ko delimo has 30 seconds left.\n|\n|t:|1681936592\n|-end|p1b: Carne Asada|Protosynthesis|[silent]\n|switch|p1b: Chorizo|Armarouge, L50, M|100\/100\n|move|p1a: Queso|Thunderbolt|p2a: Gyarados\n|-supereffective|p2a: Gyarados\n|-damage|p2a: Gyarados|0 fnt\n|faint|p2a: Gyarados\n|-end|p1a: Queso|Charge|[silent]\n|move|p2b: Chien-Pao|Swords Dance|p2b: Chien-Pao\n|-boost|p2b: Chien-Pao|atk|2\n|\n|upkeep\n|\n|t:|1681936599\n|switch|p2a: Iron Hands|Iron Hands, L50|76\/100 psn\n|turn|6\n|\n|t:|1681936614\n|move|p1a: Queso|Protect|p1a: Queso\n|-singleturn|p1a: Queso|Protect\n|move|p2a: Iron Hands|Fake Out|p1a: Queso\n|-activate|p1a: Queso|move: Protect\n|move|p2b: Chien-Pao|Sucker Punch||[still]\n|-fail|p2b: Chien-Pao\n|move|p1b: Chorizo|Psychic Terrain|p1b: Chorizo\n|-fieldstart|move: Psychic Terrain\n|\n|-damage|p2a: Iron Hands|64\/100 psn|[from] psn\n|-sideend|p1: DonnyBoy766|move: Tailwind\n|upkeep\n|turn|7\n|inactive|DonnyBoy766 has 30 seconds left.\n|inactive|tu'ko delimo has 30 seconds left.\n|\n|t:|1681936649\n|move|p2b: Chien-Pao|Sacred Sword|p1a: Queso\n|-resisted|p1a: Queso\n|-damage|p1a: Queso|0 fnt\n|faint|p1a: Queso\n|move|p1b: Chorizo|Expanding Force|p2a: Iron Hands|[spread] p2a\n|-immune|p2b: Chien-Pao\n|-supereffective|p2a: Iron Hands\n|-damage|p2a: Iron Hands|0 fnt\n|faint|p2a: Iron Hands\n|-end|p2a: Iron Hands|Quark Drive|[silent]\n|-damage|p1b: Chorizo|91\/100|[from] item: Life Orb\n|\n|upkeep\n|\n|t:|1681936666\n|switch|p1a: Carne Asada|Flutter Mane, L50|100\/100\n|turn|8\n|\n|t:|1681936682\n|move|p2b: Chien-Pao|Protect|p2b: Chien-Pao\n|-singleturn|p2b: Chien-Pao|Protect\n|move|p1a: Carne Asada|Pain Split|p2b: Chien-Pao\n|-activate|p2b: Chien-Pao|move: Protect\n|move|p1b: Chorizo|Flamethrower|p2b: Chien-Pao\n|-activate|p2b: Chien-Pao|move: Protect\n|\n|upkeep\n|turn|9\n|\n|t:|1681936698\n|-end|p1a: Carne Asada|Protosynthesis|[silent]\n|switch|p1a: Enchilada|Amoonguss, L50, M|75\/100 par\n|move|p2b: Chien-Pao|Protect||[still]\n|-fail|p2b: Chien-Pao\n|move|p1b: Chorizo|Protect||[still]\n|-fail|p1b: Chorizo\n|\n|upkeep\n|turn|10\n|\n|t:|1681936714\n|move|p2b: Chien-Pao|Protect|p2b: Chien-Pao\n|-singleturn|p2b: Chien-Pao|Protect\n|move|p1b: Chorizo|Flamethrower|p2b: Chien-Pao\n|-activate|p2b: Chien-Pao|move: Protect\n|move|p1a: Enchilada|Spore|p2b: Chien-Pao\n|-activate|p2b: Chien-Pao|move: Protect\n|\n|-fieldend|move: Psychic Terrain\n|upkeep\n|turn|11\n|\n|t:|1681936731\n|move|p2b: Chien-Pao|Sacred Sword|p1a: Enchilada\n|-resisted|p1a: Enchilada\n|-damage|p1a: Enchilada|43\/100 par\n|-status|p2b: Chien-Pao|par|[from] ability: Effect Spore|[of] p1a: Enchilada\n|-enditem|p1a: Enchilada|Sitrus Berry|[eat]\n|-heal|p1a: Enchilada|67\/100 par|[from] item: Sitrus Berry\n|move|p1b: Chorizo|Psychic Terrain|p1b: Chorizo\n|-fieldstart|move: Psychic Terrain\n|cant|p1a: Enchilada|par\n|\n|upkeep\n|turn|12\n|\n|t:|1681936751\n|move|p2b: Chien-Pao|Protect|p2b: Chien-Pao\n|-singleturn|p2b: Chien-Pao|Protect\n|move|p1a: Enchilada|Protect|p1a: Enchilada\n|-singleturn|p1a: Enchilada|Protect\n|move|p1b: Chorizo|Flamethrower|p2b: Chien-Pao\n|-activate|p2b: Chien-Pao|move: Protect\n|\n|upkeep\n|turn|13\n|\n|t:|1681936770\n|-terastallize|p2b: Chien-Pao|Dark\n|move|p1b: Chorizo|Expanding Force|p2b: Chien-Pao\n|-immune|p2b: Chien-Pao\n|move|p2b: Chien-Pao|Sacred Sword|p1b: Chorizo\n|-resisted|p1b: Chorizo\n|-damage|p1b: Chorizo|46\/100\n|-ability|p1b: Chorizo|Weak Armor|boost\n|-unboost|p1b: Chorizo|def|1\n|-boost|p1b: Chorizo|spe|2\n|cant|p1a: Enchilada|par\n|\n|upkeep\n|turn|14\n|\n|t:|1681936789\n|move|p1b: Chorizo|Flamethrower|p2b: Chien-Pao\n|-damage|p2b: Chien-Pao|5\/100 par\n|-damage|p1b: Chorizo|37\/100|[from] item: Life Orb\n|move|p2b: Chien-Pao|Sacred Sword|p1b: Chorizo\n|-resisted|p1b: Chorizo\n|-damage|p1b: Chorizo|0 fnt\n|faint|p1b: Chorizo\n|move|p1a: Enchilada|Pollen Puff|p1: Chorizo|[notarget]\n|-fail|p1a: Enchilada\n|\n|upkeep\n|\n|t:|1681936799\n|switch|p1b: Carne Asada|Flutter Mane, L50|100\/100\n|turn|15\n|\n|t:|1681936812\n|move|p2b: Chien-Pao|Protect|p2b: Chien-Pao\n|-singleturn|p2b: Chien-Pao|Protect\n|move|p1b: Carne Asada|Shadow Ball|p2b: Chien-Pao\n|-activate|p2b: Chien-Pao|move: Protect\n|move|p1a: Enchilada|Sludge Bomb|p2b: Chien-Pao\n|-activate|p2b: Chien-Pao|move: Protect\n|\n|-fieldend|move: Psychic Terrain\n|upkeep\n|turn|16\n|inactive|DonnyBoy766 has 30 seconds left.\n|\n|t:|1681936842\n|move|p2b: Chien-Pao|Sucker Punch|p1b: Carne Asada\n|-damage|p1b: Carne Asada|0 fnt\n|faint|p1b: Carne Asada\n|-end|p1b: Carne Asada|Protosynthesis|[silent]\n|move|p1a: Enchilada|Pollen Puff|p2b: Chien-Pao\n|-supereffective|p2b: Chien-Pao\n|-damage|p2b: Chien-Pao|0 fnt\n|faint|p2b: Chien-Pao\n|\n|win|DonnyBoy766\n|raw|DonnyBoy766's rating: 1000 → 1043<\/strong> (+43 for winning)\n|raw|tu'ko delimo's rating: 1027 → 1012<\/strong> (-15 for losing)\n|l|\u2606tu'ko delimo\n","uploadtime":1681936883,"views":12,"p1id":"donnyboy766","p2id":"tukodelimo","formatid":"gen9vgc2023regulationc","rating":1012,"private":0,"password":""}