{"id":"gen9vgc2023regulationc-1849690645","p1":"OnHoldWithTheIRS","p2":"nickfang7","format":"[Gen 9] VGC 2023 Regulation C","log":"|j|\u2606OnHoldWithTheIRS\n|j|\u2606nickfang7\n|t:|1682233112\n|gametype|doubles\n|player|p1|OnHoldWithTheIRS|clerk|1322\n|player|p2|nickfang7|169|1331\n|teamsize|p1|6\n|teamsize|p2|6\n|gen|9\n|tier|[Gen 9] VGC 2023 Regulation C\n|rated|\n|rule|Species Clause: Limit one of each Pok\u00e9mon\n|rule|Item Clause: Limit one of each item\n|clearpoke\n|poke|p1|Baxcalibur, L50, F|\n|poke|p1|Sandy Shocks, L50|\n|poke|p1|Klefki, L50, M|\n|poke|p1|Armarouge, L50, M|\n|poke|p1|Rotom-Wash, L50|\n|poke|p1|Meowscarada, L50, F|\n|poke|p2|Maushold, L50|\n|poke|p2|Sandy Shocks, L50|\n|poke|p2|Chi-Yu, L50|\n|poke|p2|Flutter Mane, L50|\n|poke|p2|Farigiraf, L50, F|\n|poke|p2|Amoonguss, L50, F|\n|teampreview|4\n|inactive|Battle timer is ON: inactive players will automatically lose when time's up. (requested by nickfang7)\nOnHoldWithTheIRS has agreed to open team sheets.\nnickfang7 has agreed to open team sheets.\n|inactive|OnHoldWithTheIRS has 60 seconds left.\n|inactive|nickfang7 has 60 seconds left.\n|inactive|OnHoldWithTheIRS has 30 seconds left.\n|inactive|OnHoldWithTheIRS has 20 seconds left.\n|inactive|OnHoldWithTheIRS has 15 seconds left.\n|inactive|OnHoldWithTheIRS has 10 seconds left.\n|inactive|OnHoldWithTheIRS has 5 seconds left.\n|\n|t:|1682233201\n|start\n|switch|p1a: Meowscarada|Meowscarada, L50, F|100\/100\n|switch|p1b: Armarouge|Armarouge, L50, M|100\/100\n|switch|p2a: Maushold|Maushold, L50|100\/100\n|switch|p2b: Sandy Shocks|Sandy Shocks, L50|100\/100\n|-enditem|p2b: Sandy Shocks|Booster Energy\n|-activate|p2b: Sandy Shocks|ability: Protosynthesis|[fromitem]\n|-start|p2b: Sandy Shocks|protosynthesisspe\n|turn|1\n|inactive|OnHoldWithTheIRS has 30 seconds left.\n|inactive|OnHoldWithTheIRS has 20 seconds left.\n|\n|t:|1682233241\n|-terastallize|p2b: Sandy Shocks|Flying\n|move|p2b: Sandy Shocks|Gravity|p2b: Sandy Shocks\n|-fieldstart|move: Gravity\n|move|p2a: Maushold|Population Bomb|p1b: Armarouge\n|-damage|p1b: Armarouge|89\/100\n|-damage|p1b: Armarouge|77\/100\n|-damage|p1b: Armarouge|66\/100\n|-crit|p1b: Armarouge\n|-damage|p1b: Armarouge|49\/100\n|-damage|p1b: Armarouge|38\/100\n|-crit|p1b: Armarouge\n|-damage|p1b: Armarouge|20\/100\n|-damage|p1b: Armarouge|9\/100\n|-damage|p1b: Armarouge|0 fnt\n|faint|p1b: Armarouge\n|-hitcount|p1: Armarouge|8\n|-damage|p2a: Maushold|90\/100|[from] item: Life Orb\n|move|p1a: Meowscarada|Flower Trick|p2a: Maushold\n|-crit|p2a: Maushold\n|-damage|p2a: Maushold|4\/100\n|\n|upkeep\n|inactive|OnHoldWithTheIRS has 30 seconds left.\n|inactive|OnHoldWithTheIRS has 20 seconds left.\n|inactive|OnHoldWithTheIRS has 15 seconds left.\n|inactive|OnHoldWithTheIRS has 10 seconds left.\n|inactive|OnHoldWithTheIRS has 5 seconds left.\n|\n|t:|1682233292\n|switch|p1b: Sandy Shocks|Sandy Shocks, L50|100\/100\n|turn|2\n|inactive|OnHoldWithTheIRS has 30 seconds left.\n|inactive|nickfang7 has 30 seconds left.\n|inactive|OnHoldWithTheIRS has 20 seconds left.\n|inactive|OnHoldWithTheIRS has 15 seconds left.\n|inactive|OnHoldWithTheIRS has 10 seconds left.\n|\n|t:|1682233339\n|move|p2a: Maushold|Protect|p2a: Maushold\n|-singleturn|p2a: Maushold|Protect\n|move|p1a: Meowscarada|Sucker Punch||[still]\n|-fail|p1a: Meowscarada\n|move|p2b: Sandy Shocks|Earth Power|p1b: Sandy Shocks\n|-supereffective|p1b: Sandy Shocks\n|-damage|p1b: Sandy Shocks|47\/100\n|move|p1b: Sandy Shocks|Thunderbolt|p2b: Sandy Shocks\n|-supereffective|p2b: Sandy Shocks\n|-damage|p2b: Sandy Shocks|0 fnt\n|faint|p2b: Sandy Shocks\n|-end|p2b: Sandy Shocks|Protosynthesis|[silent]\n|\n|upkeep\n|\n|t:|1682233351\n|switch|p2b: Chi-Yu|Chi-Yu, L50|100\/100\n|-ability|p2b: Chi-Yu|Beads of Ruin\n|turn|3\n|inactive|OnHoldWithTheIRS has 30 seconds left.\n|\n|t:|1682233379\n|move|p1a: Meowscarada|Sucker Punch|p2a: Maushold\n|-damage|p2a: Maushold|0 fnt\n|faint|p2a: Maushold\n|move|p2b: Chi-Yu|Heat Wave|p1b: Sandy Shocks|[spread] p1a,p1b\n|-supereffective|p1a: Meowscarada\n|-enditem|p1a: Meowscarada|Focus Sash\n|-damage|p1a: Meowscarada|1\/100\n|-damage|p1b: Sandy Shocks|0 fnt\n|faint|p1b: Sandy Shocks\n|-end|p1b: Sandy Shocks|Protosynthesis|[silent]\n|\n|upkeep\n|\n|t:|1682233389\n|switch|p2a: Flutter Mane|Flutter Mane, L50|100\/100\n|switch|p1b: Baxcalibur|Baxcalibur, L50, F|100\/100\n|turn|4\n|inactive|OnHoldWithTheIRS has 30 seconds left.\n|inactive|OnHoldWithTheIRS has 20 seconds left.\n|inactive|OnHoldWithTheIRS has 15 seconds left.\n|\n|t:|1682233430\n|-terastallize|p1b: Baxcalibur|Water\n|move|p1a: Meowscarada|Protect|p1a: Meowscarada\n|-singleturn|p1a: Meowscarada|Protect\n|move|p2a: Flutter Mane|Dazzling Gleam|p1a: Meowscarada|[spread] p1b\n|-activate|p1a: Meowscarada|move: Protect\n|-damage|p1b: Baxcalibur|38\/100\n|move|p2b: Chi-Yu|Dark Pulse|p1b: Baxcalibur\n|-damage|p1b: Baxcalibur|0 fnt\n|faint|p1b: Baxcalibur\n|\n|upkeep\n|turn|5\n|\n|t:|1682233446\n|move|p1a: Meowscarada|Sucker Punch|p2a: Flutter Mane\n|-damage|p2a: Flutter Mane|25\/100\n|move|p2a: Flutter Mane|Dazzling Gleam|p1a: Meowscarada\n|-supereffective|p1a: Meowscarada\n|-crit|p1a: Meowscarada\n|-damage|p1a: Meowscarada|0 fnt\n|faint|p1a: Meowscarada\n|\n|win|nickfang7\n|raw|OnHoldWithTheIRS's rating: 1322 → 1303<\/strong> (-19 for losing)\n|raw|nickfang7's rating: 1331 → 1350<\/strong> (+19 for winning)\n","uploadtime":1682233460,"views":13,"p1id":"onholdwiththeirs","p2id":"nickfang7","formatid":"gen9vgc2023regulationc","rating":1303,"private":0,"password":""}