{"id":"gen9vgc2023regulationc-1845285956","p1":"Pincurchinn","p2":"Crystal RRR","format":"[Gen 9] VGC 2023 Regulation C","log":"|j|\u2606Pincurchinn\n|j|\u2606Crystal RRR\n|t:|1681707818\n|gametype|doubles\n|player|p1|Pincurchinn|pokekid|1351\n|player|p2|Crystal RRR|1|1453\n|teamsize|p1|6\n|teamsize|p2|6\n|gen|9\n|tier|[Gen 9] VGC 2023 Regulation C\n|rated|\n|rule|Species Clause: Limit one of each Pok\u00e9mon\n|rule|Item Clause: Limit one of each item\n|clearpoke\n|poke|p1|Iron Bundle, L50|\n|poke|p1|Florges, L50, F|\n|poke|p1|Abomasnow, L50, M|\n|poke|p1|Chi-Yu, L50|\n|poke|p1|Iron Hands, L50|\n|poke|p1|Gothitelle, L50, M|\n|poke|p2|Dondozo, L50, M|\n|poke|p2|Tatsugiri, L50, M|\n|poke|p2|Glimmora, L50, F|\n|poke|p2|Dragonite, L50, M|\n|poke|p2|Abomasnow, L50, F|\n|poke|p2|Iron Bundle, L50|\n|teampreview|4\n|\n|t:|1681707900\n|start\n|switch|p1a: Gothitelle|Gothitelle, L50, M|100\/100\n|switch|p1b: Iron Hands|Iron Hands, L50|100\/100\n|switch|p2a: Dondozo|Dondozo, L50, M|100\/100\n|switch|p2b: Tatsugiri|Tatsugiri, L50, M|100\/100\n|-activate|p2b: Tatsugiri|ability: Commander|[of] p2a: Dondozo\n|-boost|p2a: Dondozo|atk|2\n|-boost|p2a: Dondozo|spa|2\n|-boost|p2a: Dondozo|spe|2\n|-boost|p2a: Dondozo|def|2\n|-boost|p2a: Dondozo|spd|2\n|turn|1\n|inactive|Battle timer is ON: inactive players will automatically lose when time's up. (requested by Crystal RRR)\n|\n|t:|1681707918\n|move|p2a: Dondozo|Protect|p2a: Dondozo\n|-singleturn|p2a: Dondozo|Protect\n|move|p1b: Iron Hands|Fake Out|p2a: Dondozo\n|-activate|p2a: Dondozo|move: Protect\n|move|p1a: Gothitelle|Taunt|p2a: Dondozo\n|-activate|p2a: Dondozo|move: Protect\n|\n|upkeep\n|turn|2\n|\n|t:|1681707932\n|-terastallize|p2a: Dondozo|Grass\n|move|p2a: Dondozo|Earthquake|p1a: Gothitelle|[spread] p1a,p1b\n|-miss|p2a: Dondozo|p2b: Tatsugiri\n|-supereffective|p1b: Iron Hands\n|-damage|p1a: Gothitelle|49\/100\n|-damage|p1b: Iron Hands|23\/100\n|-damage|p2a: Dondozo|91\/100|[from] item: Life Orb\n|move|p1a: Gothitelle|Taunt|p2a: Dondozo\n|-start|p2a: Dondozo|move: Taunt\n|move|p1b: Iron Hands|Drain Punch|p2a: Dondozo\n|-damage|p2a: Dondozo|76\/100\n|-heal|p1b: Iron Hands|30\/100|[from] drain|[of] p2a: Dondozo\n|\n|upkeep\n|turn|3\n|\n|t:|1681707952\n|move|p2a: Dondozo|Earthquake|p1a: Gothitelle|[spread] p1a,p1b\n|-miss|p2a: Dondozo|p2b: Tatsugiri\n|-supereffective|p1b: Iron Hands\n|-damage|p1a: Gothitelle|0 fnt\n|-damage|p1b: Iron Hands|0 fnt\n|faint|p1a: Gothitelle\n|faint|p1b: Iron Hands\n|-end|p1b: Iron Hands|Quark Drive|[silent]\n|-damage|p2a: Dondozo|66\/100|[from] item: Life Orb\n|\n|upkeep\n|\n|t:|1681707961\n|switch|p1a: Chi-Yu|Chi-Yu, L50|100\/100\n|switch|p1b: Iron Bundle|Iron Bundle, L50|100\/100\n|-ability|p1a: Chi-Yu|Beads of Ruin\n|-enditem|p1b: Iron Bundle|Booster Energy\n|-activate|p1b: Iron Bundle|ability: Quark Drive|[fromitem]\n|-start|p1b: Iron Bundle|quarkdrivespe\n|turn|4\n|\n|t:|1681707978\n|move|p1b: Iron Bundle|Freeze-Dry|p2a: Dondozo\n|-supereffective|p2a: Dondozo\n|-damage|p2a: Dondozo|12\/100\n|move|p1a: Chi-Yu|Heat Wave|p2b: Tatsugiri|[spread] p2a\n|-miss|p1a: Chi-Yu|p2b: Tatsugiri\n|-supereffective|p2a: Dondozo\n|-damage|p2a: Dondozo|0 fnt\n|faint|p2a: Dondozo\n|\n|upkeep\n|\n|t:|1681707988\n|switch|p2a: Glimmora|Glimmora, L50, F|100\/100\n|turn|5\n|\n|t:|1681707996\n|move|p2a: Glimmora|Spiky Shield|p2a: Glimmora\n|-singleturn|p2a: Glimmora|move: Protect\n|move|p1b: Iron Bundle|Hydro Pump|p2a: Glimmora\n|-activate|p2a: Glimmora|move: Protect\n|move|p1a: Chi-Yu|Heat Wave|p2a: Glimmora|[spread] p2b\n|-activate|p2a: Glimmora|move: Protect\n|-resisted|p2b: Tatsugiri\n|-damage|p2b: Tatsugiri|85\/100\n|move|p2b: Tatsugiri|Icy Wind|p1a: Chi-Yu|[spread] p1a,p1b\n|-resisted|p1a: Chi-Yu\n|-crit|p1a: Chi-Yu\n|-resisted|p1b: Iron Bundle\n|-damage|p1a: Chi-Yu|88\/100\n|-damage|p1b: Iron Bundle|91\/100\n|-unboost|p1a: Chi-Yu|spe|1\n|-unboost|p1b: Iron Bundle|spe|1\n|\n|upkeep\n|turn|6\n|\n|t:|1681708015\n|move|p2b: Tatsugiri|Icy Wind|p1a: Chi-Yu|[spread] p1a,p1b\n|-resisted|p1a: Chi-Yu\n|-resisted|p1b: Iron Bundle\n|-damage|p1a: Chi-Yu|80\/100\n|-damage|p1b: Iron Bundle|83\/100\n|-unboost|p1a: Chi-Yu|spe|1\n|-unboost|p1b: Iron Bundle|spe|1\n|move|p1b: Iron Bundle|Hydro Pump|p2a: Glimmora\n|-supereffective|p2a: Glimmora\n|-enditem|p2a: Glimmora|Focus Sash\n|-damage|p2a: Glimmora|1\/100\n|move|p2a: Glimmora|Power Gem|p1a: Chi-Yu\n|-supereffective|p1a: Chi-Yu\n|-damage|p1a: Chi-Yu|0 fnt\n|faint|p1a: Chi-Yu\n|\n|upkeep\n|turn|7\n|\n|t:|1681708033\n|move|p2a: Glimmora|Spiky Shield|p2a: Glimmora\n|-singleturn|p2a: Glimmora|move: Protect\n|move|p2b: Tatsugiri|Icy Wind|p1b: Iron Bundle\n|-resisted|p1b: Iron Bundle\n|-damage|p1b: Iron Bundle|73\/100\n|-unboost|p1b: Iron Bundle|spe|1\n|move|p1b: Iron Bundle|Freeze-Dry|p2b: Tatsugiri\n|-supereffective|p2b: Tatsugiri\n|-damage|p2b: Tatsugiri|0 fnt\n|faint|p2b: Tatsugiri\n|\n|upkeep\n|\n|t:|1681708048\n|switch|p2b: Dragonite|Dragonite, L50, M|100\/100\n|turn|8\n|\n|t:|1681708055\n|-terastallize|p1b: Iron Bundle|Ice\n|move|p2b: Dragonite|Extreme Speed|p1b: Iron Bundle\n|-damage|p1b: Iron Bundle|33\/100\n|move|p2a: Glimmora|Power Gem|p1b: Iron Bundle\n|-supereffective|p1b: Iron Bundle\n|-damage|p1b: Iron Bundle|0 fnt\n|faint|p1b: Iron Bundle\n|-end|p1b: Iron Bundle|Quark Drive|[silent]\n|\n|win|Crystal RRR\n|raw|Pincurchinn's rating: 1374 → 1358<\/strong> (-16 for losing)\n|raw|Crystal RRR's rating: 1453 → 1469<\/strong> (+16 for winning)\n","uploadtime":1681708074,"views":11,"p1id":"pincurchinn","p2id":"crystalrrr","formatid":"gen9vgc2023regulationc","rating":1358,"private":0,"password":""}