{"id":"gen9vgc2023regulationc-1864282204","p1":"Syimmy23","p2":"vifig99","format":"[Gen 9] VGC 2023 Regulation C","log":"|j|\u2606Syimmy23\n|j|\u2606vifig99\n|t:|1684149779\n|gametype|doubles\n|player|p1|Syimmy23|101|1113\n|player|p2|vifig99|1|1075\n|teamsize|p1|6\n|teamsize|p2|6\n|gen|9\n|tier|[Gen 9] VGC 2023 Regulation C\n|rated|\n|rule|Species Clause: Limit one of each Pok\u00e9mon\n|rule|Item Clause: Limit one of each item\n|clearpoke\n|poke|p1|Iron Thorns, L50|\n|poke|p1|Amoonguss, L50, M|\n|poke|p1|Arcanine, L50, F|\n|poke|p1|Palafin, L50, F|\n|poke|p1|Flutter Mane, L50|\n|poke|p1|Corviknight, L50, F|\n|poke|p2|Chien-Pao, L50|\n|poke|p2|Garchomp, L50, M|\n|poke|p2|Arcanine, L50, M|\n|poke|p2|Iron Jugulis, L50|\n|poke|p2|Mimikyu, L50, F|\n|poke|p2|Pawmot, L50, M|\n|teampreview|4\n|inactive|Battle timer is ON: inactive players will automatically lose when time's up. (requested by Syimmy23)\n|\n|t:|1684149799\n|start\n|switch|p1a: Iron Thorns|Iron Thorns, L50, shiny|100\/100\n|switch|p1b: Amoonguss|Amoonguss, L50, M, shiny|100\/100\n|switch|p2a: Pawmot|Pawmot, L50, M|100\/100\n|switch|p2b: Iron Jugulis|Iron Jugulis, L50|100\/100\n|-enditem|p2b: Iron Jugulis|Booster Energy\n|-activate|p2b: Iron Jugulis|ability: Quark Drive|[fromitem]\n|-start|p2b: Iron Jugulis|quarkdrivespe\n|turn|1\n|\n|t:|1684149819\n|move|p2a: Pawmot|Protect|p2a: Pawmot\n|-singleturn|p2a: Pawmot|Protect\n|move|p2b: Iron Jugulis|Tailwind|p2b: Iron Jugulis\n|-sidestart|p2: vifig99|move: Tailwind\n|move|p1a: Iron Thorns|Rock Blast|p2b: Iron Jugulis\n|-supereffective|p2b: Iron Jugulis\n|-damage|p2b: Iron Jugulis|61\/100\n|-supereffective|p2b: Iron Jugulis\n|-damage|p2b: Iron Jugulis|25\/100\n|-supereffective|p2b: Iron Jugulis\n|-damage|p2b: Iron Jugulis|0 fnt\n|faint|p2b: Iron Jugulis\n|-end|p2b: Iron Jugulis|Quark Drive|[silent]\n|-hitcount|p2: Iron Jugulis|3\n|move|p1b: Amoonguss|Spore|p2a: Pawmot\n|-activate|p2a: Pawmot|move: Protect\n|\n|upkeep\n|inactive|vifig99 has 30 seconds left.\n|\n|t:|1684149848\n|switch|p2b: Chien-Pao|Chien-Pao, L50|100\/100\n|-ability|p2b: Chien-Pao|Sword of Ruin\n|turn|2\n|\n|t:|1684149860\n|switch|p1b: Arcanine|Arcanine, L50, F, shiny|100\/100\n|-ability|p1b: Arcanine|Intimidate|boost\n|-unboost|p2a: Pawmot|atk|1\n|-unboost|p2b: Chien-Pao|atk|1\n|-terastallize|p1a: Iron Thorns|Bug\n|move|p2b: Chien-Pao|Icicle Crash|p1b: Arcanine\n|-resisted|p1b: Arcanine\n|-damage|p1b: Arcanine|78\/100\n|move|p2a: Pawmot|Thunder Punch|p1b: Arcanine\n|-damage|p1b: Arcanine|29\/100\n|-status|p1b: Arcanine|par\n|move|p1a: Iron Thorns|Pin Missile|p2b: Chien-Pao\n|-supereffective|p2b: Chien-Pao\n|-damage|p2b: Chien-Pao|60\/100\n|-supereffective|p2b: Chien-Pao\n|-damage|p2b: Chien-Pao|17\/100\n|-supereffective|p2b: Chien-Pao\n|-damage|p2b: Chien-Pao|0 fnt\n|faint|p2b: Chien-Pao\n|-hitcount|p2: Chien-Pao|3\n|\n|upkeep\n|\n|t:|1684149878\n|switch|p2b: Garchomp|Garchomp, L50, M, shiny|100\/100\n|turn|3\n|\n|t:|1684149894\n|switch|p1b: Amoonguss|Amoonguss, L50, M, shiny|100\/100\n|move|p2b: Garchomp|Swords Dance|p2b: Garchomp\n|-boost|p2b: Garchomp|atk|2\n|move|p2a: Pawmot|Revival Blessing|p2a: Pawmot\n|\n|t:|1684149902\n|-heal|p2: Chien-Pao|50\/100|[from] move: Revival Blessing\n|move|p1a: Iron Thorns|Pin Missile|p2b: Garchomp\n|-damage|p2b: Garchomp|85\/100\n|-damage|p2b: Garchomp|69\/100\n|-damage|p2b: Garchomp|52\/100\n|-damage|p2b: Garchomp|37\/100\n|-hitcount|p2b: Garchomp|4\n|\n|upkeep\n|turn|4\n|\n|t:|1684149920\n|move|p1b: Amoonguss|Rage Powder|p1b: Amoonguss\n|-singleturn|p1b: Amoonguss|move: Rage Powder\n|move|p2b: Garchomp|Dragon Claw|p1b: Amoonguss\n|-damage|p1b: Amoonguss|35\/100\n|-enditem|p1b: Amoonguss|Sitrus Berry|[eat]\n|-heal|p1b: Amoonguss|60\/100|[from] item: Sitrus Berry\n|move|p2a: Pawmot|Thunder Punch|p1b: Amoonguss\n|-resisted|p1b: Amoonguss\n|-damage|p1b: Amoonguss|46\/100\n|move|p1a: Iron Thorns|Pin Missile|p2b: Garchomp|[miss]\n|-miss|p1a: Iron Thorns|p2b: Garchomp\n|\n|-sideend|p2: vifig99|move: Tailwind\n|upkeep\n|turn|5\n|\n|t:|1684149937\n|move|p1b: Amoonguss|Rage Powder|p1b: Amoonguss\n|-singleturn|p1b: Amoonguss|move: Rage Powder\n|move|p2b: Garchomp|Dragon Claw|p1b: Amoonguss\n|-damage|p1b: Amoonguss|0 fnt\n|faint|p1b: Amoonguss\n|move|p2a: Pawmot|Thunder Punch|p1a: Iron Thorns\n|-damage|p1a: Iron Thorns|67\/100\n|move|p1a: Iron Thorns|Pin Missile|p2b: Garchomp\n|-damage|p2b: Garchomp|22\/100\n|-damage|p2b: Garchomp|8\/100\n|-damage|p2b: Garchomp|0 fnt\n|faint|p2b: Garchomp\n|-hitcount|p2: Garchomp|3\n|\n|upkeep\n|\n|t:|1684149954\n|switch|p2b: Chien-Pao|Chien-Pao, L50|50\/100\n|switch|p1b: Arcanine|Arcanine, L50, F, shiny|29\/100 par\n|-ability|p2b: Chien-Pao|Sword of Ruin\n|-ability|p1b: Arcanine|Intimidate|boost\n|-unboost|p2a: Pawmot|atk|1\n|-unboost|p2b: Chien-Pao|atk|1\n|turn|6\n|\n|t:|1684149966\n|move|p2b: Chien-Pao|Icicle Crash|p1a: Iron Thorns\n|-damage|p1a: Iron Thorns|26\/100\n|move|p2a: Pawmot|Thunder Punch|p1b: Arcanine\n|-damage|p1b: Arcanine|0 fnt\n|faint|p1b: Arcanine\n|cant|p1a: Iron Thorns|flinch\n|\n|upkeep\n|\n|t:|1684149975\n|switch|p1b: Flutter Mane|Flutter Mane, L50, shiny|100\/100\n|-enditem|p1b: Flutter Mane|Booster Energy\n|-activate|p1b: Flutter Mane|ability: Protosynthesis|[fromitem]\n|-start|p1b: Flutter Mane|protosynthesisspe\n|turn|7\n|\n|t:|1684149986\n|-terastallize|p2b: Chien-Pao|Ice\n|move|p1a: Iron Thorns|Protect|p1a: Iron Thorns\n|-singleturn|p1a: Iron Thorns|Protect\n|move|p1b: Flutter Mane|Dazzling Gleam|p2a: Pawmot|[spread] p2a,p2b\n|-supereffective|p2a: Pawmot\n|-damage|p2a: Pawmot|0 fnt\n|-damage|p2b: Chien-Pao|2\/100\n|faint|p2a: Pawmot\n|move|p2b: Chien-Pao|Icicle Crash|p1b: Flutter Mane\n|-damage|p1b: Flutter Mane|8\/100\n|\n|upkeep\n|turn|8\n|\n|t:|1684150002\n|move|p2b: Chien-Pao|Sucker Punch|p1b: Flutter Mane\n|-damage|p1b: Flutter Mane|0 fnt\n|faint|p1b: Flutter Mane\n|-end|p1b: Flutter Mane|Protosynthesis|[silent]\n|move|p1a: Iron Thorns|Pin Missile|p2b: Chien-Pao\n|-damage|p2b: Chien-Pao|0 fnt\n|faint|p2b: Chien-Pao\n|-hitcount|p2: Chien-Pao|1\n|\n|win|Syimmy23\n|raw|Syimmy23's rating: 1113 → 1135<\/strong> (+22 for winning)\n|raw|vifig99's rating: 1075 → 1056<\/strong> (-19 for losing)\n|l|\u2606vifig99\n","uploadtime":1684150015,"views":8,"p1id":"syimmy23","p2id":"vifig99","formatid":"gen9vgc2023regulationc","rating":1056,"private":0,"password":""}