{"id":"gen9vgc2023regulationc-1859197755","p1":"ClessCL","p2":"Atrix MJ","format":"[Gen 9] VGC 2023 Regulation C","log":"|j|\u2606ClessCL\n|j|\u2606Atrix MJ\n|t:|1683416700\n|gametype|doubles\n|player|p1|ClessCL|lance|1453\n|player|p2|Atrix MJ|adaman|1357\n|teamsize|p1|6\n|teamsize|p2|6\n|gen|9\n|tier|[Gen 9] VGC 2023 Regulation C\n|rated|\n|rule|Species Clause: Limit one of each Pok\u00e9mon\n|rule|Item Clause: Limit one of each item\n|clearpoke\n|poke|p1|Gyarados, L50, F|\n|poke|p1|Iron Moth, L50|\n|poke|p1|Tinkaton, L50, F|\n|poke|p1|Roaring Moon, L50|\n|poke|p1|Ting-Lu, L50|\n|poke|p1|Garganacl, L50, M|\n|poke|p2|Chi-Yu, L50|\n|poke|p2|Amoonguss, L50, M|\n|poke|p2|Gyarados, L50, F|\n|poke|p2|Flutter Mane, L50|\n|poke|p2|Gothitelle, L50, M|\n|poke|p2|Iron Hands, L50|\n|teampreview|4\n|inactive|Battle timer is ON: inactive players will automatically lose when time's up. (requested by ClessCL)\nAtrix MJ has agreed to open team sheets.\nClessCL has agreed to open team sheets.\n|inactive|ClessCL has 60 seconds left.\n|j| helga146\n|inactive|ClessCL has 30 seconds left.\n|inactive|ClessCL has 20 seconds left.\n|inactive|ClessCL has 15 seconds left.\n|inactive|ClessCL has 10 seconds left.\n|inactive|ClessCL has 5 seconds left.\n|\n|t:|1683416790\n|start\n|switch|p1a: Garganacl|Garganacl, L50, M|100\/100\n|switch|p1b: Tinkaton|Tinkaton, L50, F|100\/100\n|switch|p2a: Flutter Mane|Flutter Mane, L50|100\/100\n|switch|p2b: Chi-Yu|Chi-Yu, L50|100\/100\n|-ability|p1b: Tinkaton|Mold Breaker\n|-ability|p2b: Chi-Yu|Beads of Ruin\n|turn|1\n|\n|t:|1683416801\n|switch|p2b: Gothitelle|Gothitelle, L50, M|100\/100\n|move|p1a: Garganacl|Wide Guard|p1a: Garganacl\n|-singleturn|p1a: Garganacl|Wide Guard\n|move|p2a: Flutter Mane|Perish Song|p2a: Flutter Mane\n|-start|p1a: Garganacl|perish3|[silent]\n|-start|p1b: Tinkaton|perish3|[silent]\n|-start|p2a: Flutter Mane|perish3|[silent]\n|-start|p2b: Gothitelle|perish3|[silent]\n|-fieldactivate|move: Perish Song\n|move|p1b: Tinkaton|Gigaton Hammer|p2a: Flutter Mane\n|-supereffective|p2a: Flutter Mane\n|-enditem|p2a: Flutter Mane|Focus Sash\n|-damage|p2a: Flutter Mane|1\/100\n|\n|-start|p2a: Flutter Mane|perish3\n|-start|p1b: Tinkaton|perish3\n|-start|p2b: Gothitelle|perish3\n|-start|p1a: Garganacl|perish3\n|upkeep\n|turn|2\n|\n|t:|1683416823\n|-terastallize|p1a: Garganacl|Ghost\n|move|p2a: Flutter Mane|Protect|p2a: Flutter Mane\n|-singleturn|p2a: Flutter Mane|Protect\n|move|p2b: Gothitelle|Fake Out|p1b: Tinkaton\n|-resisted|p1b: Tinkaton\n|-damage|p1b: Tinkaton|98\/100\n|cant|p1b: Tinkaton|flinch\n|move|p1a: Garganacl|Salt Cure|p2a: Flutter Mane\n|-activate|p2a: Flutter Mane|move: Protect\n|\n|-start|p2a: Flutter Mane|perish2\n|-start|p1b: Tinkaton|perish2\n|-start|p2b: Gothitelle|perish2\n|-start|p1a: Garganacl|perish2\n|upkeep\n|turn|3\n|\n|t:|1683416844\n|-end|p2a: Flutter Mane|Protosynthesis|[silent]\n|switch|p2a: Chi-Yu|Chi-Yu, L50|100\/100\n|-ability|p2a: Chi-Yu|Beads of Ruin\n|switch|p1a: Roaring Moon|Roaring Moon, L50|100\/100\n|-enditem|p1a: Roaring Moon|Booster Energy\n|-activate|p1a: Roaring Moon|ability: Protosynthesis|[fromitem]\n|-start|p1a: Roaring Moon|protosynthesisspe\n|move|p2b: Gothitelle|Protect|p2b: Gothitelle\n|-singleturn|p2b: Gothitelle|Protect\n|move|p1b: Tinkaton|Foul Play|p2a: Chi-Yu\n|-resisted|p2a: Chi-Yu\n|-damage|p2a: Chi-Yu|93\/100\n|\n|-heal|p2a: Chi-Yu|99\/100|[from] item: Leftovers\n|-start|p1b: Tinkaton|perish1\n|-start|p2b: Gothitelle|perish1\n|upkeep\n|turn|4\n|inactive|ClessCL has 30 seconds left.\n|inactive|Atrix MJ has 30 seconds left.\n|inactive|Atrix MJ has 20 seconds left.\n|\n|t:|1683416880\n|move|p1a: Roaring Moon|Breaking Swipe|p2a: Chi-Yu|[spread] p2a,p2b\n|-damage|p2a: Chi-Yu|73\/100\n|-damage|p2b: Gothitelle|80\/100\n|-unboost|p2a: Chi-Yu|atk|1\n|move|p1b: Tinkaton|Gigaton Hammer|p2b: Gothitelle\n|-damage|p2b: Gothitelle|36\/100\n|move|p2a: Chi-Yu|Nasty Plot|p2a: Chi-Yu\n|-boost|p2a: Chi-Yu|spa|2\n|move|p2b: Gothitelle|Trick Room|p2b: Gothitelle\n|-fieldstart|move: Trick Room|[of] p2b: Gothitelle\n|\n|-heal|p2a: Chi-Yu|80\/100|[from] item: Leftovers\n|-start|p2b: Gothitelle|perish0\n|-start|p1b: Tinkaton|perish0\n|faint|p2b: Gothitelle\n|faint|p1b: Tinkaton\n|upkeep\n|\n|t:|1683416895\n|switch|p2b: Iron Hands|Iron Hands, L50|100\/100\n|switch|p1b: Garganacl|Garganacl, L50, M, tera:Ghost|100\/100\n|turn|5\n|\n|t:|1683416909\n|move|p1a: Roaring Moon|Protect|p1a: Roaring Moon\n|-singleturn|p1a: Roaring Moon|Protect\n|move|p1b: Garganacl|Salt Cure|p2a: Chi-Yu\n|-supereffective|p2a: Chi-Yu\n|-damage|p2a: Chi-Yu|49\/100\n|-start|p2a: Chi-Yu|Salt Cure\n|move|p2b: Iron Hands|Drain Punch|p1a: Roaring Moon\n|-activate|p1a: Roaring Moon|move: Protect\n|move|p2a: Chi-Yu|Dark Pulse|p1b: Garganacl\n|-supereffective|p1b: Garganacl\n|-damage|p1b: Garganacl|0 fnt\n|faint|p1b: Garganacl\n|\n|-heal|p2a: Chi-Yu|55\/100|[from] item: Leftovers\n|-damage|p2a: Chi-Yu|42\/100|[from] Salt Cure\n|upkeep\n|\n|t:|1683416923\n|switch|p1b: Iron Moth|Iron Moth, L50|100\/100\n|turn|6\n|\n|t:|1683416930\n|move|p1b: Iron Moth|Protect|p1b: Iron Moth\n|-singleturn|p1b: Iron Moth|Protect\n|move|p2b: Iron Hands|Drain Punch|p1a: Roaring Moon\n|-supereffective|p1a: Roaring Moon\n|-damage|p1a: Roaring Moon|12\/100\n|move|p2a: Chi-Yu|Dark Pulse|p1b: Iron Moth\n|-activate|p1b: Iron Moth|move: Protect\n|move|p1a: Roaring Moon|Breaking Swipe|p2a: Chi-Yu|[spread] p2a,p2b\n|-damage|p2a: Chi-Yu|18\/100\n|-damage|p2b: Iron Hands|88\/100\n|-unboost|p2a: Chi-Yu|atk|1\n|-unboost|p2b: Iron Hands|atk|1\n|\n|-heal|p2a: Chi-Yu|25\/100|[from] item: Leftovers\n|-damage|p2a: Chi-Yu|12\/100|[from] Salt Cure\n|upkeep\n|turn|7\n|\n|t:|1683416950\n|move|p1b: Iron Moth|Protect||[still]\n|-fail|p1b: Iron Moth\n|move|p1a: Roaring Moon|Protect|p1a: Roaring Moon\n|-singleturn|p1a: Roaring Moon|Protect\n|move|p2b: Iron Hands|Drain Punch|p1a: Roaring Moon\n|-activate|p1a: Roaring Moon|move: Protect\n|move|p2a: Chi-Yu|Dark Pulse|p1b: Iron Moth\n|-damage|p1b: Iron Moth|0 fnt\n|faint|p1b: Iron Moth\n|-end|p1b: Iron Moth|Quark Drive|[silent]\n|\n|-heal|p2a: Chi-Yu|18\/100|[from] item: Leftovers\n|-damage|p2a: Chi-Yu|6\/100|[from] Salt Cure\n|upkeep\n|turn|8\n|-message|ClessCL forfeited.\n|\n|win|Atrix MJ\n|raw|ClessCL's rating: 1453 → 1428<\/strong> (-25 for losing)\n|raw|Atrix MJ's rating: 1357 → 1382<\/strong> (+25 for winning)\n|l|\u2606ClessCL\n|c|\u2606Atrix MJ|Gg\n","uploadtime":1683416966,"views":7,"p1id":"clesscl","p2id":"atrixmj","formatid":"gen9vgc2023regulationc","rating":1382,"private":0,"password":""}