{"id":"gen9vgc2023regulationc-1854796185","p1":"Vengeful potato","p2":"wDelo","format":"[Gen 9] VGC 2023 Regulation C","log":"|j|\u2606Vengeful potato\n|j|\u2606wDelo\n|t:|1682867064\n|gametype|doubles\n|player|p1|Vengeful potato|swimmer-gen4|1236\n|player|p2|wDelo|veteran|1228\n|teamsize|p1|6\n|teamsize|p2|6\n|gen|9\n|tier|[Gen 9] VGC 2023 Regulation C\n|rated|\n|rule|Species Clause: Limit one of each Pok\u00e9mon\n|rule|Item Clause: Limit one of each item\n|clearpoke\n|poke|p1|Dudunsparce-*, L50, M|\n|poke|p1|Flamigo, L50, F|\n|poke|p1|Tinkaton, L50, F|\n|poke|p1|Qwilfish, L50, M|\n|poke|p1|Appletun, L50, F|\n|poke|p1|Flutter Mane, L50|\n|poke|p2|Volcarona, L50, F|\n|poke|p2|Chien-Pao, L50|\n|poke|p2|Dragonite, L50, M|\n|poke|p2|Gyarados, L50, M|\n|poke|p2|Iron Hands, L50|\n|poke|p2|Flutter Mane, L50|\n|teampreview|4\nwDelo has agreed to open team sheets.\nVengeful potato has agreed to open team sheets.\n|\n|t:|1682867108\n|start\n|switch|p1a: It\u2019s Sparcin\u2019 time|Dudunsparce, L50, M|100\/100\n|switch|p1b: Bubblegum KK|Qwilfish, L50, M, shiny|100\/100\n|switch|p2a: Volcarona|Volcarona, L50, F|100\/100\n|switch|p2b: Gyarados|Gyarados, L50, M|100\/100\n|-ability|p2b: Gyarados|Intimidate|boost\n|-unboost|p1a: It\u2019s Sparcin\u2019 time|atk|1\n|-unboost|p1b: Bubblegum KK|atk|1\n|-ability|p1b: Bubblegum KK|Intimidate|boost\n|-unboost|p2a: Volcarona|atk|1\n|-unboost|p2b: Gyarados|atk|1\n|turn|1\n|\n|t:|1682867162\n|-terastallize|p2a: Volcarona|Water\n|move|p2a: Volcarona|Tailwind|p2a: Volcarona\n|-sidestart|p2: wDelo|move: Tailwind\n|move|p2b: Gyarados|Taunt|p1a: It\u2019s Sparcin\u2019 time\n|-start|p1a: It\u2019s Sparcin\u2019 time|move: Taunt\n|move|p1b: Bubblegum KK|Taunt|p2a: Volcarona\n|-start|p2a: Volcarona|move: Taunt\n|cant|p1a: It\u2019s Sparcin\u2019 time|move: Taunt|Glare\n|\n|upkeep\n|turn|2\n|\n|t:|1682867197\n|switch|p1a: Troll|Tinkaton, L50, F, shiny|100\/100\n|-ability|p1a: Troll|Mold Breaker\n|move|p2a: Volcarona|Heat Wave|p1a: Troll|[spread] p1a,p1b\n|-supereffective|p1a: Troll\n|-resisted|p1b: Bubblegum KK\n|-damage|p1a: Troll|52\/100\n|-damage|p1b: Bubblegum KK|77\/100\n|move|p2b: Gyarados|Thunder Wave|p1b: Bubblegum KK\n|-status|p1b: Bubblegum KK|par\n|move|p1b: Bubblegum KK|Gunk Shot|p2a: Volcarona\n|-damage|p2a: Volcarona|59\/100\n|-status|p2a: Volcarona|psn\n|\n|-damage|p2a: Volcarona|47\/100 psn|[from] psn\n|upkeep\n|turn|3\n|\n|t:|1682867220\n|move|p1a: Troll|Fake Out|p2a: Volcarona\n|-damage|p2a: Volcarona|32\/100 psn\n|cant|p2a: Volcarona|flinch\n|move|p2b: Gyarados|Thunder Wave|p1a: Troll\n|-status|p1a: Troll|par\n|cant|p1b: Bubblegum KK|par\n|\n|-damage|p2a: Volcarona|19\/100 psn|[from] psn\n|upkeep\n|turn|4\n|\n|t:|1682867261\n|switch|p1a: It\u2019s Sparcin\u2019 time|Dudunsparce, L50, M|100\/100\n|move|p2a: Volcarona|Heat Wave|p1b: Bubblegum KK|[spread] p1a,p1b\n|-resisted|p1b: Bubblegum KK\n|-damage|p1a: It\u2019s Sparcin\u2019 time|66\/100\n|-damage|p1b: Bubblegum KK|55\/100 par\n|move|p2b: Gyarados|Taunt|p1b: Bubblegum KK\n|-start|p1b: Bubblegum KK|move: Taunt\n|cant|p1b: Bubblegum KK|par\n|\n|-damage|p2a: Volcarona|7\/100 psn|[from] psn\n|-end|p2a: Volcarona|move: Taunt\n|-sideend|p2: wDelo|move: Tailwind\n|upkeep\n|turn|5\n|\n|t:|1682867280\n|move|p1a: It\u2019s Sparcin\u2019 time|Protect|p1a: It\u2019s Sparcin\u2019 time\n|-singleturn|p1a: It\u2019s Sparcin\u2019 time|Protect\n|move|p2a: Volcarona|Tailwind|p2a: Volcarona\n|-sidestart|p2: wDelo|move: Tailwind\n|move|p2b: Gyarados|Taunt|p1a: It\u2019s Sparcin\u2019 time\n|-activate|p1a: It\u2019s Sparcin\u2019 time|move: Protect\n|cant|p1b: Bubblegum KK|par\n|\n|-damage|p2a: Volcarona|0 fnt|[from] psn\n|faint|p2a: Volcarona\n|upkeep\n|\n|t:|1682867296\n|switch|p2a: Dragonite|Dragonite, L50, M|100\/100\n|turn|6\n|\n|t:|1682867336\n|switch|p1a: Troll|Tinkaton, L50, F, shiny|52\/100 par\n|-ability|p1a: Troll|Mold Breaker\n|switch|p1b: Dullahan|Flutter Mane, L50|100\/100\n|move|p2a: Dragonite|Extreme Speed|p1b: Dullahan\n|-immune|p1b: Dullahan\n|move|p2b: Gyarados|Taunt|p1a: Troll\n|-start|p1a: Troll|move: Taunt\n|\n|upkeep\n|turn|7\n|\n|t:|1682867357\n|move|p2a: Dragonite|Extreme Speed|p1a: Troll\n|-resisted|p1a: Troll\n|-damage|p1a: Troll|29\/100 par\n|move|p2b: Gyarados|Thunder Wave|p1b: Dullahan\n|-status|p1b: Dullahan|par\n|cant|p1b: Dullahan|par\n|move|p1a: Troll|Gigaton Hammer|p2a: Dragonite\n|-damage|p2a: Dragonite|48\/100\n|\n|upkeep\n|turn|8\n|\n|t:|1682867373\n|move|p2a: Dragonite|Extreme Speed|p1a: Troll\n|-resisted|p1a: Troll\n|-damage|p1a: Troll|7\/100 par\n|move|p2b: Gyarados|Waterfall|p1b: Dullahan\n|-damage|p1b: Dullahan|31\/100 par\n|move|p1b: Dullahan|Thunderbolt|p2b: Gyarados\n|-supereffective|p2b: Gyarados\n|-damage|p2b: Gyarados|0 fnt\n|faint|p2b: Gyarados\n|move|p1a: Troll|Play Rough|p2a: Dragonite\n|-supereffective|p2a: Dragonite\n|-damage|p2a: Dragonite|0 fnt\n|faint|p2a: Dragonite\n|\n|-end|p1a: Troll|move: Taunt\n|-sideend|p2: wDelo|move: Tailwind\n|upkeep\n|\n|t:|1682867389\n|switch|p2a: Chien-Pao|Chien-Pao, L50|100\/100\n|-ability|p2a: Chien-Pao|Sword of Ruin\n|turn|9\n|\n|t:|1682867407\n|move|p2a: Chien-Pao|Sucker Punch|p1b: Dullahan\n|-damage|p1b: Dullahan|0 fnt\n|faint|p1b: Dullahan\n|-end|p1b: Dullahan|Protosynthesis|[silent]\n|move|p1a: Troll|Gigaton Hammer|p2a: Chien-Pao\n|-supereffective|p2a: Chien-Pao\n|-enditem|p2a: Chien-Pao|Focus Sash\n|-damage|p2a: Chien-Pao|1\/100\n|\n|upkeep\n|\n|t:|1682867412\n|switch|p1b: Bubblegum KK|Qwilfish, L50, M, shiny|55\/100 par\n|-ability|p1b: Bubblegum KK|Intimidate|boost\n|-unboost|p2a: Chien-Pao|atk|1\n|turn|10\n|\n|t:|1682867421\n|move|p2a: Chien-Pao|Sucker Punch|p1a: Troll\n|-resisted|p1a: Troll\n|-damage|p1a: Troll|0 fnt\n|faint|p1a: Troll\n|move|p1b: Bubblegum KK|Waterfall|p2a: Chien-Pao\n|-damage|p2a: Chien-Pao|0 fnt\n|faint|p2a: Chien-Pao\n|\n|win|Vengeful potato\n|raw|Vengeful potato's rating: 1236 → 1260<\/strong> (+24 for winning)\n|raw|wDelo's rating: 1228 → 1204<\/strong> (-24 for losing)\n|l|\u2606wDelo\n|c|\u2606Vengeful potato|Ggs\n","uploadtime":1682867440,"views":14,"p1id":"vengefulpotato","p2id":"wdelo","formatid":"gen9vgc2023regulationc","rating":1204,"private":0,"password":""}