{"id":"gen9vgc2023regulationc-1851751125","p1":"zhz2021","p2":"BroDontFuckWithMe","format":"[Gen 9] VGC 2023 Regulation C","log":"|j|\u2606zhz2021\n|j|\u2606BroDontFuckWithMe\n|t:|1682478076\n|gametype|doubles\n|player|p1|zhz2021|marley|1574\n|player|p2|BroDontFuckWithMe|265|1688\n|teamsize|p1|6\n|teamsize|p2|6\n|gen|9\n|tier|[Gen 9] VGC 2023 Regulation C\n|rated|\n|rule|Species Clause: Limit one of each Pok\u00e9mon\n|rule|Item Clause: Limit one of each item\n|clearpoke\n|poke|p1|Roaring Moon, L50|\n|poke|p1|Brambleghast, L50, F|\n|poke|p1|Iron Hands, L50|\n|poke|p1|Maushold-Four, L50|\n|poke|p1|Flutter Mane, L50|\n|poke|p1|Chi-Yu, L50|\n|poke|p2|Great Tusk, L50|\n|poke|p2|Amoonguss, L50, F|\n|poke|p2|Tyranitar, L50, F|\n|poke|p2|Iron Bundle, L50|\n|poke|p2|Talonflame, L50, M|\n|poke|p2|Gholdengo, L50|\n|teampreview|4\n|j| DarkRinoRex\n|inactive|Battle timer is ON: inactive players will automatically lose when time's up. (requested by BroDontFuckWithMe)\n|\n|t:|1682478093\n|start\n|switch|p1a: \u9b3c\u6708|Roaring Moon, L50|100\/100\n|switch|p1b: \u91d1\u521a|Iron Hands, L50|100\/100\n|switch|p2a: Iron Bundle|Iron Bundle, L50|100\/100\n|switch|p2b: Great Tusk|Great Tusk, L50|100\/100\n|-enditem|p2a: Iron Bundle|Booster Energy\n|-activate|p2a: Iron Bundle|ability: Quark Drive|[fromitem]\n|-start|p2a: Iron Bundle|quarkdrivespe\n|-enditem|p1a: \u9b3c\u6708|Booster Energy\n|-activate|p1a: \u9b3c\u6708|ability: Protosynthesis|[fromitem]\n|-start|p1a: \u9b3c\u6708|protosynthesisspe\n|turn|1\n|inactive|BroDontFuckWithMe has 30 seconds left.\n|\n|t:|1682478128\n|-end|p2a: Iron Bundle|Quark Drive|[silent]\n|switch|p2a: Gholdengo|Gholdengo, L50|100\/100\n|-terastallize|p2b: Great Tusk|Steel\n|move|p1b: \u91d1\u521a|Fake Out|p2b: Great Tusk\n|-resisted|p2b: Great Tusk\n|-damage|p2b: Great Tusk|95\/100\n|move|p1a: \u9b3c\u6708|Tailwind|p1a: \u9b3c\u6708\n|-sidestart|p1: zhz2021|move: Tailwind\n|cant|p2b: Great Tusk|flinch\n|\n|upkeep\n|turn|2\n|\n|t:|1682478149\n|switch|p2a: Iron Bundle|Iron Bundle, L50|100\/100\n|move|p1a: \u9b3c\u6708|Breaking Swipe|p2a: Iron Bundle|[spread] p2a,p2b\n|-resisted|p2b: Great Tusk\n|-damage|p2a: Iron Bundle|68\/100\n|-damage|p2b: Great Tusk|87\/100\n|-unboost|p2a: Iron Bundle|atk|1\n|-unboost|p2b: Great Tusk|atk|1\n|move|p2b: Great Tusk|Close Combat|p1a: \u9b3c\u6708\n|-supereffective|p1a: \u9b3c\u6708\n|-damage|p1a: \u9b3c\u6708|0 fnt\n|-unboost|p2b: Great Tusk|def|1\n|-unboost|p2b: Great Tusk|spd|1\n|faint|p1a: \u9b3c\u6708\n|-end|p1a: \u9b3c\u6708|Protosynthesis|[silent]\n|move|p1b: \u91d1\u521a|Drain Punch|p2b: Great Tusk\n|-supereffective|p2b: Great Tusk\n|-damage|p2b: Great Tusk|4\/100\n|\n|upkeep\n|\n|t:|1682478153\n|switch|p1a: \u5929\u9053|Chi-Yu, L50|100\/100\n|-ability|p1a: \u5929\u9053|Beads of Ruin\n|turn|3\n|\n|t:|1682478169\n|-end|p2b: Great Tusk|Protosynthesis|[silent]\n|switch|p2b: Talonflame|Talonflame, L50, M|100\/100\n|move|p1a: \u5929\u9053|Heat Wave|p2a: Iron Bundle|[spread] p2a,p2b\n|-resisted|p2b: Talonflame\n|-damage|p2a: Iron Bundle|0 fnt\n|-damage|p2b: Talonflame|45\/100\n|faint|p2a: Iron Bundle\n|-end|p2a: Iron Bundle|Quark Drive|[silent]\n|-damage|p1a: \u5929\u9053|91\/100|[from] item: Life Orb\n|move|p1b: \u91d1\u521a|Drain Punch|p2b: Talonflame\n|-resisted|p2b: Talonflame\n|-crit|p2b: Talonflame\n|-damage|p2b: Talonflame|6\/100\n|\n|upkeep\n|\n|t:|1682478174\n|switch|p2a: Gholdengo|Gholdengo, L50|100\/100\n|turn|4\n|\n|t:|1682478183\n|move|p2a: Gholdengo|Protect|p2a: Gholdengo\n|-singleturn|p2a: Gholdengo|Protect\n|move|p1a: \u5929\u9053|Heat Wave|p2b: Talonflame|[spread] p2b\n|-activate|p2a: Gholdengo|move: Protect\n|-resisted|p2b: Talonflame\n|-damage|p2b: Talonflame|0 fnt\n|faint|p2b: Talonflame\n|-damage|p1a: \u5929\u9053|82\/100|[from] item: Life Orb\n|move|p1b: \u91d1\u521a|Wild Charge|p2a: Gholdengo\n|-activate|p2a: Gholdengo|move: Protect\n|\n|-sideend|p1: zhz2021|move: Tailwind\n|upkeep\n|\n|t:|1682478187\n|switch|p2b: Great Tusk|Great Tusk, L50, tera:Steel|4\/100\n|turn|5\n|\n|t:|1682478209\n|move|p1a: \u5929\u9053|Protect|p1a: \u5929\u9053\n|-singleturn|p1a: \u5929\u9053|Protect\n|move|p2b: Great Tusk|Headlong Rush|p1a: \u5929\u9053\n|-activate|p1a: \u5929\u9053|move: Protect\n|move|p2a: Gholdengo|Nasty Plot|p2a: Gholdengo\n|-boost|p2a: Gholdengo|spa|2\n|move|p1b: \u91d1\u521a|Drain Punch|p2b: Great Tusk\n|-supereffective|p2b: Great Tusk\n|-damage|p2b: Great Tusk|0 fnt\n|faint|p2b: Great Tusk\n|-end|p2b: Great Tusk|Protosynthesis|[silent]\n|\n|upkeep\n|turn|6\n|-message|BroDontFuckWithMe forfeited.\n|\n|win|zhz2021\n|raw|zhz2021's rating: 1574 → 1600<\/strong> (+26 for winning)\n|raw|BroDontFuckWithMe's rating: 1688 → 1662<\/strong> (-26 for losing)\n","uploadtime":1682478221,"views":10,"p1id":"zhz2021","p2id":"brodontfuckwithme","formatid":"gen9vgc2023regulationc","rating":1600,"private":0,"password":""}