{"id":"gen9vgc2023regulationc-1846307339","p1":"VnillaBryce","p2":"Dr_McKey","format":"[Gen 9] VGC 2023 Regulation C","log":"|j|\u2606VnillaBryce\n|j|\u2606Dr_McKey\n|t:|1681830316\n|gametype|doubles\n|player|p1|VnillaBryce|102|1065\n|player|p2|Dr_McKey|koga|1115\n|teamsize|p1|6\n|teamsize|p2|6\n|gen|9\n|tier|[Gen 9] VGC 2023 Regulation C\n|rated|\n|rule|Species Clause: Limit one of each Pok\u00e9mon\n|rule|Item Clause: Limit one of each item\n|clearpoke\n|poke|p1|Dragapult, L50, M|\n|poke|p1|Abomasnow, L50, F|\n|poke|p1|Glaceon, L50, F|\n|poke|p1|Froslass, L50, F|\n|poke|p1|Baxcalibur, L50, M|\n|poke|p1|Beartic, L50, M|\n|poke|p2|Toxapex, L50, F|\n|poke|p2|Gengar, L50, F|\n|poke|p2|Glimmora, L50, M|\n|poke|p2|Iron Moth, L50|\n|poke|p2|Amoonguss, L50, M|\n|poke|p2|Muk, L50, M|\n|teampreview|4\n|inactive|Battle timer is ON: inactive players will automatically lose when time's up. (requested by VnillaBryce)\n|\n|t:|1681830338\n|start\n|switch|p1a: Dragapult|Dragapult, L50, M|100\/100\n|switch|p1b: Abomasnow|Abomasnow, L50, F|100\/100\n|switch|p2a: Toxapex|Toxapex, L50, F, shiny|100\/100\n|switch|p2b: Glimmora|Glimmora, L50, M, shiny|100\/100\n|-weather|Snow|[from] ability: Snow Warning|[of] p1b: Abomasnow\n|turn|1\n|\n|t:|1681830360\n|move|p1b: Abomasnow|Ice Shard|p1a: Dragapult\n|-supereffective|p1a: Dragapult\n|-damage|p1a: Dragapult|71\/100\n|-enditem|p1a: Dragapult|Weakness Policy\n|-boost|p1a: Dragapult|atk|2|[from] item: Weakness Policy\n|-boost|p1a: Dragapult|spa|2|[from] item: Weakness Policy\n|move|p1a: Dragapult|Dragon Darts|p2b: Glimmora\n|-damage|p2b: Glimmora|56\/100\n|-anim|p1a: Dragapult|Dragon Darts|p2a: Toxapex\n|-damage|p2a: Toxapex|66\/100\n|move|p2b: Glimmora|Mortal Spin|p1a: Dragapult|[spread] p1a,p1b\n|-resisted|p1a: Dragapult\n|-supereffective|p1b: Abomasnow\n|-damage|p1a: Dragapult|68\/100\n|-damage|p1b: Abomasnow|93\/100\n|-status|p1a: Dragapult|psn\n|-status|p1b: Abomasnow|psn\n|move|p2a: Toxapex|Toxic Spikes|p1a: Dragapult\n|-sidestart|p1: VnillaBryce|move: Toxic Spikes\n|\n|-weather|Snow|[upkeep]\n|-heal|p2a: Toxapex|72\/100|[from] item: Leftovers\n|-damage|p1a: Dragapult|56\/100 psn|[from] psn\n|-damage|p1b: Abomasnow|81\/100 psn|[from] psn\n|upkeep\n|turn|2\n|inactive|VnillaBryce has 30 seconds left.\n|inactive|Dr_McKey has 30 seconds left.\n|\n|t:|1681830389\n|-terastallize|p1a: Dragapult|Steel\n|move|p2b: Glimmora|Spiky Shield|p2b: Glimmora\n|-singleturn|p2b: Glimmora|move: Protect\n|move|p1a: Dragapult|Tera Blast|p2b: Glimmora\n|-activate|p2b: Glimmora|move: Protect\n|move|p1b: Abomasnow|Aurora Veil|p1b: Abomasnow\n|-sidestart|p1: VnillaBryce|move: Aurora Veil\n|move|p2a: Toxapex|Chilling Water|p1a: Dragapult\n|-damage|p1a: Dragapult|46\/100 psn\n|-unboost|p1a: Dragapult|atk|1\n|\n|-weather|Snow|[upkeep]\n|-heal|p2a: Toxapex|78\/100|[from] item: Leftovers\n|-damage|p1a: Dragapult|34\/100 psn|[from] psn\n|-damage|p1b: Abomasnow|69\/100 psn|[from] psn\n|upkeep\n|turn|3\n|inactive|VnillaBryce has 30 seconds left.\n|inactive|Dr_McKey has 30 seconds left.\n|\n|t:|1681830419\n|move|p1a: Dragapult|Dragon Darts|p2b: Glimmora\n|-damage|p2b: Glimmora|19\/100\n|-anim|p1a: Dragapult|Dragon Darts|p2a: Toxapex\n|-crit|p2a: Toxapex\n|-damage|p2a: Toxapex|41\/100\n|move|p2b: Glimmora|Power Gem|p1b: Abomasnow\n|-supereffective|p1b: Abomasnow\n|-damage|p1b: Abomasnow|28\/100 psn\n|move|p1b: Abomasnow|Giga Drain|p2a: Toxapex\n|-damage|p2a: Toxapex|22\/100\n|-heal|p1b: Abomasnow|36\/100 psn|[from] drain|[of] p2a: Toxapex\n|move|p2a: Toxapex|Recover|p2a: Toxapex\n|-heal|p2a: Toxapex|72\/100\n|\n|-weather|Snow|[upkeep]\n|-heal|p2a: Toxapex|78\/100|[from] item: Leftovers\n|-damage|p1a: Dragapult|21\/100 psn|[from] psn\n|-damage|p1b: Abomasnow|24\/100 psn|[from] psn\n|upkeep\n|turn|4\n|\n|t:|1681830443\n|move|p2b: Glimmora|Spiky Shield|p2b: Glimmora\n|-singleturn|p2b: Glimmora|move: Protect\n|move|p1a: Dragapult|Dragon Darts|p2a: Toxapex\n|-damage|p2a: Toxapex|52\/100\n|-anim|p1a: Dragapult|Dragon Darts|p2a: Toxapex\n|-damage|p2a: Toxapex|27\/100\n|move|p1b: Abomasnow|Giga Drain|p2a: Toxapex\n|-damage|p2a: Toxapex|7\/100\n|-heal|p1b: Abomasnow|32\/100 psn|[from] drain|[of] p2a: Toxapex\n|move|p2a: Toxapex|Haze|p2a: Toxapex\n|-clearallboost\n|\n|-weather|Snow|[upkeep]\n|-heal|p2a: Toxapex|13\/100|[from] item: Leftovers\n|-damage|p1a: Dragapult|9\/100 psn|[from] psn\n|-damage|p1b: Abomasnow|20\/100 psn|[from] psn\n|upkeep\n|turn|5\n|inactive|VnillaBryce has 30 seconds left.\n|inactive|Dr_McKey has 30 seconds left.\n|inactive|Dr_McKey has 20 seconds left.\n|\n|t:|1681830483\n|switch|p1b: Froslass|Froslass, L50, F|100\/100\n|-status|p1b: Froslass|psn\n|switch|p2a: Iron Moth|Iron Moth, L50|100\/100\n|move|p1a: Dragapult|Dragon Darts|p2b: Glimmora\n|-damage|p2b: Glimmora|0 fnt\n|-anim|p1a: Dragapult|Dragon Darts|p2a: Iron Moth\n|-crit|p2a: Iron Moth\n|-damage|p2a: Iron Moth|48\/100\n|faint|p2b: Glimmora\n|\n|-weather|Snow|[upkeep]\n|-damage|p1a: Dragapult|0 fnt|[from] psn\n|faint|p1a: Dragapult\n|-damage|p1b: Froslass|88\/100 psn|[from] psn\n|upkeep\n|\n|t:|1681830503\n|switch|p1a: Glaceon|Glaceon, L50, F|100\/100\n|switch|p2b: Gengar|Gengar, L50, F, shiny|100\/100\n|-status|p1a: Glaceon|psn\n|turn|6\n|\n|t:|1681830524\n|move|p1b: Froslass|Helping Hand|p1a: Glaceon\n|-singleturn|p1a: Glaceon|Helping Hand|[of] p1b: Froslass\n|move|p2b: Gengar|Hex|p1b: Froslass|[miss]\n|-miss|p2b: Gengar|p1b: Froslass\n|move|p2a: Iron Moth|Venoshock|p1a: Glaceon|[miss]\n|-miss|p2a: Iron Moth|p1a: Glaceon\n|move|p1a: Glaceon|Blizzard|p2b: Gengar|[spread] p2a,p2b\n|-resisted|p2a: Iron Moth\n|-damage|p2a: Iron Moth|27\/100\n|-damage|p2b: Gengar|3\/100\n|\n|-weather|Snow|[upkeep]\n|-damage|p1b: Froslass|76\/100 psn|[from] psn\n|-damage|p1a: Glaceon|88\/100 psn|[from] psn\n|-sideend|p1: VnillaBryce|move: Aurora Veil\n|upkeep\n|turn|7\n|\n|t:|1681830545\n|move|p2b: Gengar|Hex|p1b: Froslass\n|-supereffective|p1b: Froslass\n|-crit|p1b: Froslass\n|-damage|p1b: Froslass|0 fnt\n|faint|p1b: Froslass\n|move|p2a: Iron Moth|Venoshock|p1a: Glaceon\n|-damage|p1a: Glaceon|19\/100 psn\n|move|p1a: Glaceon|Blizzard|p2a: Iron Moth|[spread] p2a,p2b\n|-resisted|p2a: Iron Moth\n|-damage|p2a: Iron Moth|12\/100\n|-damage|p2b: Gengar|0 fnt\n|faint|p2b: Gengar\n|\n|-weather|Snow|[upkeep]\n|-damage|p1a: Glaceon|6\/100 psn|[from] psn\n|upkeep\n|\n|t:|1681830559\n|switch|p1b: Abomasnow|Abomasnow, L50, F|20\/100 psn\n|switch|p2b: Toxapex|Toxapex, L50, F, shiny|46\/100\n|turn|8\n|\n|t:|1681830576\n|move|p1b: Abomasnow|Ice Shard|p2a: Iron Moth\n|-resisted|p2a: Iron Moth\n|-damage|p2a: Iron Moth|5\/100\n|move|p2a: Iron Moth|Venoshock|p1b: Abomasnow\n|-supereffective|p1b: Abomasnow\n|-damage|p1b: Abomasnow|0 fnt\n|faint|p1b: Abomasnow\n|move|p1a: Glaceon|Freeze-Dry|p2b: Toxapex\n|-supereffective|p2b: Toxapex\n|-damage|p2b: Toxapex|0 fnt\n|faint|p2b: Toxapex\n|\n|-weather|none\n|-damage|p1a: Glaceon|0 fnt|[from] psn\n|faint|p1a: Glaceon\n|\n|win|Dr_McKey\n|upkeep\n|raw|VnillaBryce's rating: 1065 → 1048<\/strong> (-17 for losing)\n|raw|Dr_McKey's rating: 1115 → 1136<\/strong> (+21 for winning)\n|l|\u2606VnillaBryce\n","uploadtime":1681830597,"views":4,"p1id":"vnillabryce","p2id":"drmckey","formatid":"gen9vgc2023regulationc","rating":1048,"private":0,"password":""}