{"id":"gen9vgc2023regulationc-1854939551","p1":"NickBattlesMons","p2":"dagrzekrom","format":"[Gen 9] VGC 2023 Regulation C","log":"|j|\u2606NickBattlesMons\n|j|\u2606dagrzekrom\n|t:|1682882977\n|gametype|doubles\n|player|p1|NickBattlesMons|hilbert|1315\n|player|p2|dagrzekrom|101|1346\n|teamsize|p1|6\n|teamsize|p2|6\n|gen|9\n|tier|[Gen 9] VGC 2023 Regulation C\n|rated|\n|rule|Species Clause: Limit one of each Pok\u00e9mon\n|rule|Item Clause: Limit one of each item\n|clearpoke\n|poke|p1|Arcanine, L50, F|\n|poke|p1|Amoonguss, L50, F|\n|poke|p1|Palafin, L50, M|\n|poke|p1|Dragapult, L50, M|\n|poke|p1|Ting-Lu, L50|\n|poke|p1|Flutter Mane, L50|\n|poke|p2|Amoonguss, L50, F|\n|poke|p2|Ting-Lu, L50|\n|poke|p2|Flutter Mane, L50|\n|poke|p2|Palafin, L50, M|\n|poke|p2|Arcanine, L50, F|\n|poke|p2|Annihilape, L50, M|\n|teampreview|4\n|inactive|Battle timer is ON: inactive players will automatically lose when time's up. (requested by NickBattlesMons)\n|inactive|NickBattlesMons has 60 seconds left.\n|inactive|dagrzekrom has 60 seconds left.\n|inactive|NickBattlesMons has 30 seconds left.\n|\n|t:|1682883062\n|start\n|switch|p1a: Dragapult|Dragapult, L50, M|100\/100\n|switch|p1b: Flutter Mane|Flutter Mane, L50|100\/100\n|switch|p2a: Palafin|Palafin, L50, M|100\/100\n|switch|p2b: Assault Vest|Ting-Lu, L50|100\/100\n|-ability|p2b: Assault Vest|Vessel of Ruin\n|-enditem|p1b: Flutter Mane|Booster Energy\n|-activate|p1b: Flutter Mane|ability: Protosynthesis|[fromitem]\n|-start|p1b: Flutter Mane|protosynthesisspe\n|turn|1\n|inactive|NickBattlesMons has 30 seconds left.\n|inactive|NickBattlesMons has 20 seconds left.\n|inactive|NickBattlesMons has 15 seconds left.\n|inactive|NickBattlesMons has 10 seconds left.\n|\n|t:|1682883109\n|move|p1b: Flutter Mane|Moonblast|p2a: Palafin\n|-damage|p2a: Palafin|42\/100\n|-unboost|p2a: Palafin|spa|1\n|move|p1a: Dragapult|U-turn|p2b: Assault Vest\n|-supereffective|p2b: Assault Vest\n|-damage|p2b: Assault Vest|60\/100\n|\n|t:|1682883116\n|switch|p1a: Amoonguss|Amoonguss, L50, F|100\/100|[from] U-turn\n|move|p2a: Palafin|Flip Turn|p1a: Amoonguss\n|-resisted|p1a: Amoonguss\n|-damage|p1a: Amoonguss|90\/100\n|\n|t:|1682883141\n|detailschange|p2a: Palafin|Palafin-Hero, L50, M\n|switch|p2a: Arcanine|Arcanine, L50, F|100\/100|[from] Flip Turn\n|-ability|p2a: Arcanine|Intimidate|boost\n|-unboost|p1a: Amoonguss|atk|1\n|-unboost|p1b: Flutter Mane|atk|1\n|move|p2b: Assault Vest|Heavy Slam|p1b: Flutter Mane\n|-supereffective|p1b: Flutter Mane\n|-damage|p1b: Flutter Mane|0 fnt\n|faint|p1b: Flutter Mane\n|-end|p1b: Flutter Mane|Protosynthesis|[silent]\n|\n|upkeep\n|\n|t:|1682883155\n|switch|p1b: Dragapult|Dragapult, L50, M|100\/100\n|turn|2\n|\n|t:|1682883177\n|move|p1b: Dragapult|Phantom Force||[still]\n|-prepare|p1b: Dragapult|Phantom Force\n|move|p2a: Arcanine|Will-O-Wisp|p1b: Dragapult|[miss]\n|-miss|p2a: Arcanine|p1b: Dragapult\n|move|p2b: Assault Vest|Fissure|p1a: Amoonguss|[miss]\n|-miss|p2b: Assault Vest|p1a: Amoonguss\n|move|p1a: Amoonguss|Spore|p2b: Assault Vest\n|-status|p2b: Assault Vest|slp|[from] move: Spore\n|\n|upkeep\n|turn|3\n|\n|t:|1682883191\n|switch|p1a: Palafin|Palafin, L50, M|100\/100\n|move|p1b: Dragapult|Phantom Force|p2a: Arcanine|[from]lockedmove\n|-damage|p2a: Arcanine|13\/100\n|move|p2a: Arcanine|Will-O-Wisp|p1b: Dragapult\n|-status|p1b: Dragapult|brn\n|cant|p2b: Assault Vest|slp\n|\n|-damage|p1b: Dragapult|94\/100 brn|[from] brn\n|upkeep\n|turn|4\n|inactive|NickBattlesMons has 30 seconds left.\n|\n|t:|1682883219\n|detailschange|p1a: Palafin|Palafin-Hero, L50, M\n|switch|p1a: Amoonguss|Amoonguss, L50, F|100\/100\n|move|p2a: Arcanine|Protect|p2a: Arcanine\n|-singleturn|p2a: Arcanine|Protect\n|move|p1b: Dragapult|Phantom Force||[still]\n|-prepare|p1b: Dragapult|Phantom Force\n|-curestatus|p2b: Assault Vest|slp|[msg]\n|move|p2b: Assault Vest|Fissure|p1a: Amoonguss\n|-damage|p1a: Amoonguss|0 fnt\n|faint|p1a: Amoonguss\n|-ohko\n|\n|-damage|p1b: Dragapult|88\/100 brn|[from] brn\n|upkeep\n|\n|t:|1682883228\n|switch|p1a: Palafin|Palafin-Hero, L50, M|100\/100\n|-activate|p1a: Palafin|ability: Zero to Hero\n|turn|5\n|\n|t:|1682883249\n|switch|p2a: Palafin|Palafin-Hero, L50, M|42\/100\n|-activate|p2a: Palafin|ability: Zero to Hero\n|-terastallize|p1a: Palafin|Water\n|-terastallize|p2b: Assault Vest|Water\n|move|p1a: Palafin|Jet Punch|p2b: Assault Vest\n|-resisted|p2b: Assault Vest\n|-damage|p2b: Assault Vest|41\/100\n|move|p1b: Dragapult|Phantom Force|p2a: Palafin|[from]lockedmove\n|-damage|p2a: Palafin|8\/100\n|move|p2b: Assault Vest|Fissure|p1a: Palafin\n|-damage|p1a: Palafin|0 fnt\n|faint|p1a: Palafin\n|-ohko\n|\n|-damage|p1b: Dragapult|82\/100 brn|[from] brn\n|upkeep\n|turn|6\n|c|\u2606NickBattlesMons|wow\n|inactive|NickBattlesMons has 30 seconds left.\n|inactive|NickBattlesMons has 20 seconds left.\n|c|\u2606NickBattlesMons|toxic\n|-message|NickBattlesMons forfeited.\n|\n|win|dagrzekrom\n|raw|NickBattlesMons's rating: 1315 → 1297<\/strong> (-18 for losing)\n|raw|dagrzekrom's rating: 1346 → 1364<\/strong> (+18 for winning)\n|l|\u2606NickBattlesMons\n","uploadtime":1682883295,"views":14,"p1id":"nickbattlesmons","p2id":"dagrzekrom","formatid":"gen9vgc2023regulationc","rating":1297,"private":0,"password":""}