{"id":"gen9vgc2023regulationc-1852356108","p1":"D0NB0Z0","p2":"HoldaUno","format":"[Gen 9] VGC 2023 Regulation C","log":"|j|\u2606D0NB0Z0\n|j|\u2606HoldaUno\n|t:|1682547623\n|gametype|doubles\n|player|p1|D0NB0Z0|unknown|1091\n|player|p2|HoldaUno|102|1000\n|teamsize|p1|6\n|teamsize|p2|6\n|gen|9\n|tier|[Gen 9] VGC 2023 Regulation C\n|rated|\n|rule|Species Clause: Limit one of each Pok\u00e9mon\n|rule|Item Clause: Limit one of each item\n|clearpoke\n|poke|p1|Lycanroc-Dusk, L50, F|\n|poke|p1|Scovillain, L50, F|\n|poke|p1|Talonflame, L50, F|\n|poke|p1|Quaquaval, L50, F|\n|poke|p1|Meowscarada, L50, F|\n|poke|p1|Houndstone, L50, M|\n|poke|p2|Mudbray, L50, M|\n|poke|p2|Gengar, L50, M|\n|poke|p2|Ting-Lu, L50|\n|poke|p2|Lycanroc-Midnight, L50, M|\n|poke|p2|Indeedee-F, L50, F|\n|poke|p2|Sableye, L50, F|\n|teampreview|4\nHoldaUno rejected open team sheets.\n|c|\u2606HoldaUno|Gl\n|inactive|Battle timer is ON: inactive players will automatically lose when time's up. (requested by HoldaUno)\n|c|\u2606D0NB0Z0|u2\n|\n|t:|1682547670\n|start\n|switch|p1a: FalconPunch|Talonflame, L50, F|100\/100\n|switch|p1b: Gay Cousin|Quaquaval, L50, F|100\/100\n|switch|p2a: Sableye|Sableye, L50, F, shiny|100\/100\n|switch|p2b: Indeedee|Indeedee-F, L50, F|100\/100\n|-fieldstart|move: Psychic Terrain|[from] ability: Psychic Surge|[of] p2b: Indeedee\n|turn|1\n|inactive|D0NB0Z0 has 30 seconds left.\n|inactive|HoldaUno has 30 seconds left.\n|inactive|D0NB0Z0 has 20 seconds left.\n|inactive|HoldaUno has 20 seconds left.\n|inactive|HoldaUno has 15 seconds left.\n|\n|t:|1682547714\n|move|p1a: FalconPunch|Brave Bird|p2b: Indeedee\n|-activate|p2b: Indeedee|move: Psychic Terrain\n|move|p2a: Sableye|Taunt|p1a: FalconPunch\n|-start|p1a: FalconPunch|move: Taunt\n|move|p1b: Gay Cousin|Aqua Step|p2b: Indeedee\n|-damage|p2b: Indeedee|33\/100\n|-boost|p1b: Gay Cousin|spe|1\n|-damage|p1b: Gay Cousin|91\/100|[from] item: Life Orb\n|move|p2b: Indeedee|Trick Room|p2b: Indeedee\n|-fieldstart|move: Trick Room|[of] p2b: Indeedee\n|\n|upkeep\n|turn|2\n|\n|t:|1682547735\n|switch|p1a: TheFamilyDog|Houndstone, L50, M|100\/100\n|switch|p2b: Lycanroc|Lycanroc-Midnight, L50, M, shiny|100\/100\n|move|p2a: Sableye|Skill Swap|p2b: Lycanroc\n|-activate|p2a: Sableye|move: Skill Swap|||[of] p2b: Lycanroc\n|move|p1b: Gay Cousin|Aqua Step|p2b: Lycanroc\n|-supereffective|p2b: Lycanroc\n|-crit|p2b: Lycanroc\n|-damage|p2b: Lycanroc|0 fnt\n|-boost|p1b: Gay Cousin|spe|1\n|faint|p2b: Lycanroc\n|-ability|p1b: Gay Cousin|Moxie|boost\n|-boost|p1b: Gay Cousin|atk|1\n|-damage|p1b: Gay Cousin|81\/100|[from] item: Life Orb\n|\n|upkeep\n|\n|t:|1682547747\n|switch|p2b: Mudbray|Mudbray, L50, M, shiny|100\/100\n|turn|3\n|\n|t:|1682547764\n|-terastallize|p1a: TheFamilyDog|Fairy\n|move|p2a: Sableye|Skill Swap|p2b: Mudbray\n|-activate|p2a: Sableye|move: Skill Swap|||[of] p2b: Mudbray\n|move|p2b: Mudbray|Fissure|p1b: Gay Cousin\n|-damage|p1b: Gay Cousin|0 fnt\n|faint|p1b: Gay Cousin\n|-ohko\n|move|p1a: TheFamilyDog|Play Rough|p2a: Sableye\n|-supereffective|p2a: Sableye\n|-damage|p2a: Sableye|19\/100\n|-unboost|p2a: Sableye|atk|1\n|-ability|p2a: Sableye|Stamina|boost\n|-boost|p2a: Sableye|def|1\n|\n|upkeep\n|\n|t:|1682547778\n|switch|p1b: FalconPunch|Talonflame, L50, F|100\/100\n|turn|4\n|c|\u2606HoldaUno|So long, gay cousin\n|inactive|HoldaUno has 30 seconds left.\n|c|\u2606HoldaUno|Lol.\n|c|\u2606D0NB0Z0|bro that is so spicy\n|inactive|HoldaUno has 20 seconds left.\n|c|\u2606D0NB0Z0|love the team\n|inactive|HoldaUno has 15 seconds left.\n|inactive|HoldaUno has 10 seconds left.\n|\n|t:|1682547827\n|move|p1a: TheFamilyDog|Protect|p1a: TheFamilyDog\n|-singleturn|p1a: TheFamilyDog|Protect\n|move|p2a: Sableye|Imprison|p2a: Sableye\n|-start|p2a: Sableye|move: Imprison\n|move|p2b: Mudbray|Fissure|p1a: TheFamilyDog\n|-activate|p1a: TheFamilyDog|move: Protect\n|move|p1b: FalconPunch|Flare Blitz|p2b: Mudbray\n|-damage|p2b: Mudbray|58\/100\n|-damage|p1b: FalconPunch|84\/100|[from] Recoil\n|\n|upkeep\n|turn|5\n|inactive|HoldaUno has 30 seconds left.\n|\n|t:|1682547855\n|switch|p1a: Rocky|Lycanroc-Dusk, L50, F|100\/100\n|move|p2a: Sableye|Dazzling Gleam|p1b: FalconPunch|[spread] p1a,p1b\n|-resisted|p1b: FalconPunch\n|-damage|p1a: Rocky|84\/100\n|-damage|p1b: FalconPunch|76\/100\n|move|p2b: Mudbray|Fissure|p1a: Rocky\n|-damage|p1a: Rocky|0 fnt\n|faint|p1a: Rocky\n|-ohko\n|move|p1b: FalconPunch|Flare Blitz|p2b: Mudbray\n|-damage|p2b: Mudbray|17\/100\n|-damage|p1b: FalconPunch|61\/100|[from] Recoil\n|\n|-fieldend|move: Trick Room\n|-fieldend|move: Psychic Terrain\n|upkeep\n|\n|t:|1682547868\n|switch|p1a: TheFamilyDog|Houndstone, L50, M, tera:Fairy|100\/100\n|turn|6\n|inactive|HoldaUno has 30 seconds left.\n|\n|t:|1682547893\n|switch|p2a: Indeedee|Indeedee-F, L50, F|33\/100\n|-fieldstart|move: Psychic Terrain|[from] ability: Psychic Surge|[of] p2a: Indeedee\n|move|p2b: Mudbray|Protect|p2b: Mudbray\n|-singleturn|p2b: Mudbray|Protect\n|move|p1a: TheFamilyDog|Shadow Sneak|p2b: Mudbray\n|-activate|p2b: Mudbray|move: Psychic Terrain\n|move|p1b: FalconPunch|Flare Blitz|p2b: Mudbray\n|-activate|p2b: Mudbray|move: Protect\n|\n|upkeep\n|turn|7\n|inactive|D0NB0Z0 has 30 seconds left.\n|\n|t:|1682547926\n|move|p2a: Indeedee|Follow Me|p2a: Indeedee\n|-singleturn|p2a: Indeedee|move: Follow Me\n|move|p1b: FalconPunch|Tailwind|p1b: FalconPunch\n|-sidestart|p1: D0NB0Z0|move: Tailwind\n|move|p1a: TheFamilyDog|Last Respects|p2a: Indeedee\n|-immune|p2a: Indeedee\n|move|p2b: Mudbray|Smack Down|p1b: FalconPunch\n|-supereffective|p1b: FalconPunch\n|-damage|p1b: FalconPunch|0 fnt\n|faint|p1b: FalconPunch\n|\n|upkeep\n|turn|8\n|c|\u2606HoldaUno|Lol thanks\n|c|\u2606D0NB0Z0|gg\n|c|\u2606HoldaUno|didnt see ur message\n|c|\u2606HoldaUno|gg\n|c|\u2606D0NB0Z0|that team is nuts man\n|inactive|HoldaUno has 30 seconds left.\n|\n|t:|1682547952\n|move|p2a: Indeedee|Follow Me|p2a: Indeedee\n|-singleturn|p2a: Indeedee|move: Follow Me\n|move|p1a: TheFamilyDog|Play Rough|p2a: Indeedee|[miss]\n|-miss|p1a: TheFamilyDog|p2a: Indeedee\n|move|p2b: Mudbray|Fissure|p1a: TheFamilyDog\n|-damage|p1a: TheFamilyDog|0 fnt\n|faint|p1a: TheFamilyDog\n|-ohko\n|\n|win|HoldaUno\n|raw|D0NB0Z0's rating: 1091 → 1061<\/strong> (-30 for losing)\n|raw|HoldaUno's rating: 1000 → 1050<\/strong> (+50 for winning)\n|l|\u2606D0NB0Z0\n|c|\u2606HoldaUno|:)\n|c|\u2606HoldaUno|thx\n","uploadtime":1682547967,"views":19,"p1id":"d0nb0z0","p2id":"holdauno","formatid":"gen9vgc2023regulationc","rating":1050,"private":0,"password":""}