{"id":"gen9vgc2023regulationc-1864345070","p1":"Tworrasco","p2":"Mike2811","format":"[Gen 9] VGC 2023 Regulation C","log":"|j|\u2606Tworrasco\n|j|\u2606Mike2811\n|t:|1684157869\n|gametype|doubles\n|player|p1|Tworrasco|li|1126\n|player|p2|Mike2811|2|1092\n|teamsize|p1|6\n|teamsize|p2|6\n|gen|9\n|tier|[Gen 9] VGC 2023 Regulation C\n|rated|\n|rule|Species Clause: Limit one of each Pok\u00e9mon\n|rule|Item Clause: Limit one of each item\n|clearpoke\n|poke|p1|Slaking, L50, M|\n|poke|p1|Medicham, L50, M|\n|poke|p1|Gyarados, L50, F|\n|poke|p1|Corviknight, L50, F|\n|poke|p1|Arcanine, L50, F|\n|poke|p1|Farigiraf, L50, F|\n|poke|p2|Azumarill, L50, M|\n|poke|p2|Oranguru, L50, F|\n|poke|p2|Torkoal, L50, M|\n|poke|p2|Dragapult, L50, F|\n|poke|p2|Kingambit, L50, M|\n|poke|p2|Breloom, L50, F|\n|teampreview|4\n|inactive|Battle timer is ON: inactive players will automatically lose when time's up. (requested by Tworrasco)\n|\n|t:|1684157906\n|start\n|switch|p1a: Medicham|Medicham, L50, M|100\/100\n|switch|p1b: Slaking|Slaking, L50, M|100\/100\n|switch|p2a: Dragapult|Dragapult, L50, F|100\/100\n|switch|p2b: Oranguru|Oranguru, L50, F|100\/100\n|turn|1\n|\n|t:|1684157929\n|-terastallize|p2a: Dragapult|Dragon\n|move|p2a: Dragapult|Dragon Darts|p1a: Medicham\n|-damage|p1a: Medicham|21\/100\n|-anim|p2a: Dragapult|Dragon Darts|p1b: Slaking\n|-damage|p1b: Slaking|74\/100\n|-damage|p2a: Dragapult|91\/100|[from] item: Life Orb\n|move|p1a: Medicham|Skill Swap|p1b: Slaking\n|-activate|p1a: Medicham|move: Skill Swap|||[of] p1b: Slaking\n|move|p1b: Slaking|Drain Punch|p2b: Oranguru\n|-damage|p2b: Oranguru|49\/100\n|-heal|p1b: Slaking|94\/100|[from] drain|[of] p2b: Oranguru\n|-enditem|p2b: Oranguru|Sitrus Berry|[eat]\n|-heal|p2b: Oranguru|74\/100|[from] item: Sitrus Berry\n|move|p2b: Oranguru|Trick Room|p2b: Oranguru\n|-fieldstart|move: Trick Room|[of] p2b: Oranguru\n|\n|upkeep\n|turn|2\n|inactive|Tworrasco has 30 seconds left.\n|inactive|Mike2811 has 30 seconds left.\n|\n|t:|1684157960\n|switch|p1a: Gyarados|Gyarados, L50, F, shiny|100\/100\n|-ability|p1a: Gyarados|Intimidate|boost\n|-fail|p2a: Dragapult|unboost|[from] ability: Clear Body|[of] p2a: Dragapult\n|-fail|p2b: Oranguru|unboost|Attack|[from] ability: Inner Focus|[of] p2b: Oranguru\n|move|p2b: Oranguru|Instruct|p2a: Dragapult\n|-singleturn|p2a: Dragapult|move: Instruct|[of] p2b: Oranguru\n|move|p2a: Dragapult|Dragon Darts|p1a: Gyarados\n|-damage|p1a: Gyarados|52\/100\n|-anim|p2a: Dragapult|Dragon Darts|p1b: Slaking\n|-damage|p1b: Slaking|67\/100\n|-damage|p2a: Dragapult|81\/100|[from] item: Life Orb\n|move|p1b: Slaking|Facade|p2a: Dragapult\n|-damage|p2a: Dragapult|0 fnt\n|faint|p2a: Dragapult\n|\n|upkeep\n|\n|t:|1684157978\n|switch|p2a: Torkoal|Torkoal, L50, M|100\/100\n|-weather|SunnyDay|[from] ability: Drought|[of] p2a: Torkoal\n|turn|3\n|\n|t:|1684157996\n|move|p2a: Torkoal|Eruption|p1a: Gyarados|[spread] p1a,p1b\n|-resisted|p1a: Gyarados\n|-damage|p1a: Gyarados|24\/100\n|-damage|p1b: Slaking|22\/100\n|-enditem|p1a: Gyarados|Sitrus Berry|[eat]\n|-heal|p1a: Gyarados|49\/100|[from] item: Sitrus Berry\n|move|p2b: Oranguru|Instruct|p2a: Torkoal\n|-singleturn|p2a: Torkoal|move: Instruct|[of] p2b: Oranguru\n|move|p2a: Torkoal|Eruption|p1b: Slaking|[spread] p1a,p1b\n|-resisted|p1a: Gyarados\n|-damage|p1a: Gyarados|21\/100\n|-damage|p1b: Slaking|0 fnt\n|faint|p1b: Slaking\n|move|p1a: Gyarados|Thunder Wave|p2a: Torkoal\n|-status|p2a: Torkoal|par\n|\n|-weather|SunnyDay|[upkeep]\n|upkeep\n|\n|t:|1684158017\n|switch|p1b: Medicham|Medicham, L50, M|21\/100\n|turn|4\n|\n|t:|1684158032\n|move|p1a: Gyarados|Protect|p1a: Gyarados\n|-singleturn|p1a: Gyarados|Protect\n|move|p1b: Medicham|Bullet Punch|p2b: Oranguru\n|-damage|p2b: Oranguru|55\/100\n|move|p2a: Torkoal|Eruption|p1b: Medicham|[spread] p1b\n|-activate|p1a: Gyarados|move: Protect\n|-damage|p1b: Medicham|0 fnt\n|faint|p1b: Medicham\n|move|p2b: Oranguru|Instruct|p2a: Torkoal\n|-singleturn|p2a: Torkoal|move: Instruct|[of] p2b: Oranguru\n|move|p2a: Torkoal|Eruption|p1a: Gyarados\n|-activate|p1a: Gyarados|move: Protect\n|\n|-weather|SunnyDay|[upkeep]\n|upkeep\n|\n|t:|1684158046\n|switch|p1b: Corviknight|Corviknight, L50, F|100\/100\n|turn|5\n|\n|t:|1684158058\n|-terastallize|p1b: Corviknight|Fire\n|move|p2a: Torkoal|Eruption|p1a: Gyarados|[spread] p1a,p1b\n|-resisted|p1a: Gyarados\n|-resisted|p1b: Corviknight\n|-damage|p1a: Gyarados|0 fnt\n|-damage|p1b: Corviknight|62\/100\n|faint|p1a: Gyarados\n|move|p2b: Oranguru|Psychic|p1b: Corviknight\n|-damage|p1b: Corviknight|38\/100\n|move|p1b: Corviknight|Brave Bird|p2a: Torkoal\n|-damage|p2a: Torkoal|63\/100 par\n|-damage|p1b: Corviknight|27\/100|[from] Recoil\n|\n|-weather|SunnyDay|[upkeep]\n|-fieldend|move: Trick Room\n|upkeep\n|turn|6\n|\n|t:|1684158076\n|move|p1b: Corviknight|Roost|p1b: Corviknight\n|-heal|p1b: Corviknight|78\/100\n|move|p2b: Oranguru|Instruct|p2a: Torkoal\n|-singleturn|p2a: Torkoal|move: Instruct|[of] p2b: Oranguru\n|cant|p2a: Torkoal|par\n|move|p2a: Torkoal|Earth Power|p1b: Corviknight\n|-supereffective|p1b: Corviknight\n|-damage|p1b: Corviknight|37\/100\n|\n|-weather|SunnyDay|[upkeep]\n|upkeep\n|turn|7\n|\n|t:|1684158090\n|move|p1b: Corviknight|Roost|p1b: Corviknight\n|-heal|p1b: Corviknight|87\/100\n|move|p2b: Oranguru|Psychic|p1b: Corviknight\n|-damage|p1b: Corviknight|64\/100\n|cant|p2a: Torkoal|par\n|\n|-weather|none\n|upkeep\n|turn|8\n|\n|t:|1684158102\n|move|p1b: Corviknight|Iron Head|p2a: Torkoal\n|-resisted|p2a: Torkoal\n|-damage|p2a: Torkoal|51\/100 par\n|move|p2b: Oranguru|Psychic|p1b: Corviknight\n|-damage|p1b: Corviknight|39\/100\n|move|p2a: Torkoal|Earth Power|p1b: Corviknight\n|-supereffective|p1b: Corviknight\n|-damage|p1b: Corviknight|0 fnt\n|faint|p1b: Corviknight\n|\n|win|Mike2811\n|raw|Tworrasco's rating: 1126 → 1099<\/strong> (-27 for losing)\n|raw|Mike2811's rating: 1092 → 1121<\/strong> (+29 for winning)\n|l|\u2606Tworrasco\n","uploadtime":1684158113,"views":9,"p1id":"tworrasco","p2id":"mike2811","formatid":"gen9vgc2023regulationc","rating":1099,"private":0,"password":""}