{"id":"gen9vgc2023regulationc-1846780370","p1":"froface99","p2":"Sailsun","format":"[Gen 9] VGC 2023 Regulation C","log":"|j|\u2606froface99\n|j|\u2606Sailsun\n|t:|1681878144\n|gametype|doubles\n|player|p1|froface99|1|1051\n|player|p2|Sailsun|2|1097\n|teamsize|p1|6\n|teamsize|p2|6\n|gen|9\n|tier|[Gen 9] VGC 2023 Regulation C\n|rated|\n|rule|Species Clause: Limit one of each Pok\u00e9mon\n|rule|Item Clause: Limit one of each item\n|clearpoke\n|poke|p1|Sableye, L50, F|\n|poke|p1|Staraptor, L50, M|\n|poke|p1|Armarouge, L50, M|\n|poke|p1|Chi-Yu, L50|\n|poke|p1|Clawitzer, L50, M|\n|poke|p1|Appletun, L50, M|\n|poke|p2|Palafin, L50, F|\n|poke|p2|Chien-Pao, L50|\n|poke|p2|Dragapult, L50, M|\n|poke|p2|Amoonguss, L50, M|\n|poke|p2|Arcanine, L50, M|\n|poke|p2|Flutter Mane, L50|\n|teampreview|4\n|\n|t:|1681878180\n|start\n|switch|p1a: Sableye|Sableye, L50, F|100\/100\n|switch|p1b: Staraptor|Staraptor, L50, M|100\/100\n|switch|p2a: Dozo|Palafin, L50, F|100\/100\n|switch|p2b: WoChien|Amoonguss, L50, M|100\/100\n|-ability|p1b: Staraptor|Intimidate|boost\n|-unboost|p2a: Dozo|atk|1\n|-unboost|p2b: WoChien|atk|1\n|turn|1\n|inactive|Battle timer is ON: inactive players will automatically lose when time's up. (requested by Sailsun)\n|inactive|Sailsun has 60 seconds left.\n|inactive|froface99 has 60 seconds left.\n|\n|t:|1681878231\n|detailschange|p2a: Dozo|Palafin-Hero, L50, F\n|switch|p2a: ChiYu|Arcanine, L50, M|100\/100\n|-ability|p2a: ChiYu|Intimidate|boost\n|-unboost|p1a: Sableye|atk|1\n|-unboost|p1b: Staraptor|atk|1\n|-terastallize|p2b: WoChien|Water\n|move|p1a: Sableye|Thunder Wave|p2b: WoChien|[miss]\n|-miss|p1a: Sableye|p2b: WoChien\n|move|p1b: Staraptor|Brave Bird|p2b: WoChien\n|-damage|p2b: WoChien|68\/100\n|-damage|p1b: Staraptor|88\/100|[from] Recoil\n|move|p2b: WoChien|Spore|p1b: Staraptor\n|-status|p1b: Staraptor|slp|[from] move: Spore\n|\n|upkeep\n|turn|2\n|inactive|froface99 has 30 seconds left.\n|inactive|Sailsun has 30 seconds left.\n|\n|t:|1681878259\n|switch|p2b: Bundle|Chien-Pao, L50|100\/100\n|-ability|p2b: Bundle|Sword of Ruin\n|move|p1a: Sableye|Thunder Wave|p2a: ChiYu\n|-status|p2a: ChiYu|par\n|cant|p1b: Staraptor|slp\n|move|p2a: ChiYu|Will-O-Wisp|p1a: Sableye\n|-status|p1a: Sableye|brn\n|\n|-damage|p1a: Sableye|95\/100 brn|[from] brn\n|upkeep\n|turn|3\n|\n|t:|1681878283\n|move|p1a: Sableye|Will-O-Wisp|p2b: Bundle\n|-hint|Since gen 7, Dark is immune to Prankster moves.\n|-immune|p2b: Bundle\n|move|p2b: Bundle|Ice Spinner|p1b: Staraptor\n|-supereffective|p1b: Staraptor\n|-damage|p1b: Staraptor|0 fnt\n|faint|p1b: Staraptor\n|move|p2a: ChiYu|Flare Blitz|p1a: Sableye\n|-damage|p1a: Sableye|16\/100 brn\n|-enditem|p1a: Sableye|Sitrus Berry|[eat]\n|-heal|p1a: Sableye|41\/100 brn|[from] item: Sitrus Berry\n|-damage|p2a: ChiYu|79\/100 par|[from] Recoil\n|\n|-damage|p1a: Sableye|35\/100 brn|[from] brn\n|upkeep\n|\n|t:|1681878303\n|switch|p1b: Chi-Yu|Chi-Yu, L50|100\/100\n|-ability|p1b: Chi-Yu|Beads of Ruin\n|turn|4\n|\n|t:|1681878325\n|switch|p2b: Dozo|Palafin-Hero, L50, F|100\/100\n|-activate|p2b: Dozo|ability: Zero to Hero\n|switch|p1a: Armarouge|Armarouge, L50, M|100\/100\n|cant|p2a: ChiYu|par\n|move|p1b: Chi-Yu|Lava Plume|p2a: ChiYu|[spread] p2a,p2b\n|-start|p1a: Armarouge|ability: Flash Fire\n|-resisted|p2a: ChiYu\n|-resisted|p2b: Dozo\n|-damage|p2a: ChiYu|45\/100 par\n|-damage|p2b: Dozo|71\/100\n|\n|upkeep\n|turn|5\n|inactive|froface99 has 30 seconds left.\n|inactive|Sailsun has 30 seconds left.\n|\n|t:|1681878358\n|cant|p2a: ChiYu|par\n|move|p1b: Chi-Yu|Lava Plume|p2a: ChiYu|[spread] p2a,p2b\n|-immune|p1a: Armarouge|[from] ability: Flash Fire\n|-resisted|p2a: ChiYu\n|-resisted|p2b: Dozo\n|-damage|p2a: ChiYu|11\/100 par\n|-damage|p2b: Dozo|41\/100\n|-status|p2b: Dozo|brn\n|move|p2b: Dozo|Wave Crash|p1a: Armarouge\n|-supereffective|p1a: Armarouge\n|-damage|p1a: Armarouge|4\/100\n|-damage|p2b: Dozo|11\/100 brn|[from] Recoil\n|move|p1a: Armarouge|Expanding Force|p2b: Dozo\n|-damage|p2b: Dozo|0 fnt\n|faint|p2b: Dozo\n|\n|upkeep\n|\n|t:|1681878376\n|switch|p2b: Bundle|Chien-Pao, L50|100\/100\n|-ability|p2b: Bundle|Sword of Ruin\n|turn|6\n|\n|t:|1681878390\n|move|p2a: ChiYu|Extreme Speed|p1a: Armarouge\n|-damage|p1a: Armarouge|0 fnt\n|faint|p1a: Armarouge\n|move|p2b: Bundle|Sacred Sword|p1b: Chi-Yu\n|-supereffective|p1b: Chi-Yu\n|-damage|p1b: Chi-Yu|0 fnt\n|faint|p1b: Chi-Yu\n|\n|upkeep\n|\n|t:|1681878398\n|switch|p1b: Sableye|Sableye, L50, F|35\/100 brn\n|turn|7\n|\n|t:|1681878414\n|move|p1b: Sableye|Fake Out|p2b: Bundle\n|-damage|p2b: Bundle|95\/100\n|cant|p2b: Bundle|flinch\n|move|p2a: ChiYu|Flare Blitz|p1b: Sableye\n|-damage|p1b: Sableye|0 fnt\n|faint|p1b: Sableye\n|-damage|p2a: ChiYu|2\/100 par|[from] Recoil\n|\n|win|Sailsun\n|raw|froface99's rating: 1051 → 1036<\/strong> (-15 for losing)\n|raw|Sailsun's rating: 1097 → 1119<\/strong> (+22 for winning)\n|l|\u2606froface99\n","uploadtime":1681878439,"views":8,"p1id":"froface99","p2id":"sailsun","formatid":"gen9vgc2023regulationc","rating":1036,"private":0,"password":""}