{"id":"gen9vgc2023regulationc-1862353332","p1":"Garibi17","p2":"aqueterobo","format":"[Gen 9] VGC 2023 Regulation C","log":"|j|\u2606Garibi17\n|j|\u2606aqueterobo\n|t:|1683871480\n|gametype|doubles\n|player|p1|Garibi17|102|1134\n|player|p2|aqueterobo|byron|1044\n|teamsize|p1|6\n|teamsize|p2|6\n|gen|9\n|tier|[Gen 9] VGC 2023 Regulation C\n|rated|\n|rule|Species Clause: Limit one of each Pok\u00e9mon\n|rule|Item Clause: Limit one of each item\n|clearpoke\n|poke|p1|Dragapult, L50, F|\n|poke|p1|Amoonguss, L50, M|\n|poke|p1|Chien-Pao, L50|\n|poke|p1|Arcanine, L50, F|\n|poke|p1|Flutter Mane, L50|\n|poke|p1|Palafin, L50, F|\n|poke|p2|Garganacl, L50, F|\n|poke|p2|Baxcalibur, L50, M|\n|poke|p2|Gastrodon, L50, F|\n|poke|p2|Kingambit, L50, M|\n|poke|p2|Camerupt, L50, M|\n|poke|p2|Spiritomb, L50, F|\n|teampreview|4\n|inactive|Battle timer is ON: inactive players will automatically lose when time's up. (requested by aqueterobo)\n|\n|t:|1683871508\n|start\n|switch|p1a: Diego|Chien-Pao, L50|100\/100\n|switch|p1b: Dragapult|Dragapult, L50, F|100\/100\n|switch|p2a: Spiritomb|Spiritomb, L50, F|100\/100\n|switch|p2b: Kingambit|Kingambit, L50, M|100\/100\n|-ability|p1a: Diego|Sword of Ruin\n|turn|1\n|\n|t:|1683871519\n|move|p2a: Spiritomb|Ally Switch|p2a: Spiritomb\n|swap|p2a: Spiritomb|1|[from] move: Ally Switch\n|move|p1b: Dragapult|Phantom Force||[still]\n|-prepare|p1b: Dragapult|Phantom Force\n|move|p1a: Diego|Sacred Sword|p2b: Spiritomb\n|-immune|p2b: Spiritomb\n|move|p2a: Kingambit|Iron Head|p1a: Diego\n|-supereffective|p1a: Diego\n|-enditem|p1a: Diego|Focus Sash\n|-damage|p1a: Diego|1\/100\n|-damage|p2a: Kingambit|91\/100|[from] item: Life Orb\n|\n|upkeep\n|turn|2\n|\n|t:|1683871533\n|move|p1a: Diego|Sucker Punch|p2b: Spiritomb\n|-crit|p2b: Spiritomb\n|-damage|p2b: Spiritomb|22\/100\n|move|p2a: Kingambit|Sucker Punch||[still]\n|-fail|p2a: Kingambit\n|move|p1b: Dragapult|Phantom Force|p2a: Kingambit|[from]lockedmove\n|-resisted|p2a: Kingambit\n|-damage|p2a: Kingambit|58\/100\n|move|p2b: Spiritomb|Foul Play|p1b: Dragapult\n|-supereffective|p1b: Dragapult\n|-damage|p1b: Dragapult|0 fnt\n|faint|p1b: Dragapult\n|\n|upkeep\n|\n|t:|1683871540\n|switch|p1b: Flutter Mane|Flutter Mane, L50|100\/100\n|-enditem|p1b: Flutter Mane|Booster Energy\n|-activate|p1b: Flutter Mane|ability: Protosynthesis|[fromitem]\n|-start|p1b: Flutter Mane|protosynthesisspe\n|turn|3\n|\n|t:|1683871551\n|move|p1a: Diego|Protect|p1a: Diego\n|-singleturn|p1a: Diego|Protect\n|move|p2a: Kingambit|Sucker Punch|p1b: Flutter Mane\n|-damage|p1b: Flutter Mane|0 fnt\n|faint|p1b: Flutter Mane\n|-end|p1b: Flutter Mane|Protosynthesis|[silent]\n|-damage|p2a: Kingambit|48\/100|[from] item: Life Orb\n|move|p2b: Spiritomb|Foul Play|p1a: Diego\n|-activate|p1a: Diego|move: Protect\n|\n|upkeep\n|\n|t:|1683871560\n|switch|p1b: Amoonguss|Amoonguss, L50, M|100\/100\n|turn|4\n|\n|t:|1683871567\n|move|p2b: Spiritomb|Ally Switch|p2b: Spiritomb\n|swap|p2b: Spiritomb|0|[from] move: Ally Switch\n|move|p1a: Diego|Sucker Punch|p2b: Kingambit\n|-resisted|p2b: Kingambit\n|-damage|p2b: Kingambit|31\/100\n|move|p2b: Kingambit|Iron Head|p1a: Diego\n|-supereffective|p1a: Diego\n|-damage|p1a: Diego|0 fnt\n|faint|p1a: Diego\n|-damage|p2b: Kingambit|21\/100|[from] item: Life Orb\n|move|p1b: Amoonguss|Spore|p2a: Spiritomb\n|-activate|p2a: Spiritomb|item: Safety Goggles|Spore\n|\n|upkeep\n|turn|5\n|\n|t:|1683871579\n|switch|p2b: Garganacl|Garganacl, L50, F|100\/100\n|move|p1b: Amoonguss|Protect|p1b: Amoonguss\n|-singleturn|p1b: Amoonguss|Protect\n|move|p2a: Spiritomb|Will-O-Wisp|p1b: Amoonguss\n|-activate|p1b: Amoonguss|move: Protect\n|\n|upkeep\n|turn|6\n|\n|t:|1683871585\n|move|p2b: Garganacl|Salt Cure|p1b: Amoonguss\n|-damage|p1b: Amoonguss|88\/100\n|-start|p1b: Amoonguss|Salt Cure\n|move|p2a: Spiritomb|Will-O-Wisp|p1b: Amoonguss\n|-status|p1b: Amoonguss|brn\n|move|p1b: Amoonguss|Spore|p2b: Garganacl\n|-immune|p2b: Garganacl|[from] ability: Purifying Salt\n|\n|-damage|p1b: Amoonguss|82\/100 brn|[from] brn\n|-damage|p1b: Amoonguss|70\/100 brn|[from] Salt Cure\n|upkeep\n|turn|7\n|\n|t:|1683871597\n|move|p2a: Spiritomb|Foul Play|p1b: Amoonguss\n|-damage|p1b: Amoonguss|48\/100 brn\n|-enditem|p1b: Amoonguss|Sitrus Berry|[eat]\n|-heal|p1b: Amoonguss|73\/100 brn|[from] item: Sitrus Berry\n|move|p2b: Garganacl|Salt Cure|p1b: Amoonguss\n|-damage|p1b: Amoonguss|59\/100 brn\n|move|p1b: Amoonguss|Pollen Puff|p2a: Spiritomb\n|-damage|p2a: Spiritomb|7\/100\n|\n|-damage|p1b: Amoonguss|53\/100 brn|[from] brn\n|-damage|p1b: Amoonguss|41\/100 brn|[from] Salt Cure\n|upkeep\n|turn|8\n|\n|t:|1683871610\n|move|p2a: Spiritomb|Protect|p2a: Spiritomb\n|-singleturn|p2a: Spiritomb|Protect\n|move|p2b: Garganacl|Salt Cure|p1b: Amoonguss\n|-damage|p1b: Amoonguss|28\/100 brn\n|move|p1b: Amoonguss|Pollen Puff|p2a: Spiritomb\n|-activate|p2a: Spiritomb|move: Protect\n|\n|-damage|p1b: Amoonguss|22\/100 brn|[from] brn\n|-damage|p1b: Amoonguss|10\/100 brn|[from] Salt Cure\n|upkeep\n|turn|9\n|\n|t:|1683871623\n|move|p1b: Amoonguss|Protect|p1b: Amoonguss\n|-singleturn|p1b: Amoonguss|Protect\n|move|p2b: Garganacl|Salt Cure|p1b: Amoonguss\n|-activate|p1b: Amoonguss|move: Protect\n|move|p2a: Spiritomb|Foul Play|p1b: Amoonguss\n|-activate|p1b: Amoonguss|move: Protect\n|\n|-damage|p1b: Amoonguss|4\/100 brn|[from] brn\n|-damage|p1b: Amoonguss|0 fnt|[from] Salt Cure\n|faint|p1b: Amoonguss\n|\n|win|aqueterobo\n|upkeep\n|raw|Garibi17's rating: 1134 → 1103<\/strong> (-31 for losing)\n|raw|aqueterobo's rating: 1044 → 1086<\/strong> (+42 for winning)\n","uploadtime":1683871629,"views":8,"p1id":"garibi17","p2id":"aqueterobo","formatid":"gen9vgc2023regulationc","rating":1086,"private":0,"password":""}