{"id":"gen9vgc2023regulationc-1848787601","p1":"egreat2020","p2":"UltimoRyu","format":"[Gen 9] VGC 2023 Regulation C","log":"|j|\u2606egreat2020\n|j|\u2606UltimoRyu\n|t:|1682110370\n|gametype|doubles\n|player|p1|egreat2020|cyrus|1298\n|player|p2|UltimoRyu|steven|1214\n|teamsize|p1|6\n|teamsize|p2|6\n|gen|9\n|tier|[Gen 9] VGC 2023 Regulation C\n|rated|\n|rule|Species Clause: Limit one of each Pok\u00e9mon\n|rule|Item Clause: Limit one of each item\n|clearpoke\n|poke|p1|Murkrow, L50, F|\n|poke|p1|Chi-Yu, L50|\n|poke|p1|Flutter Mane, L50|\n|poke|p1|Great Tusk, L50|\n|poke|p1|Brute Bonnet, L50|\n|poke|p1|Corviknight, L50, F|\n|poke|p2|Pelipper, L50, F|\n|poke|p2|Dondozo, L50, F|\n|poke|p2|Tatsugiri, L50, M|\n|poke|p2|Amoonguss, L50, M|\n|poke|p2|Palafin, L50, M|\n|poke|p2|Iron Hands, L50|\n|teampreview|4\n|\n|t:|1682110402\n|start\n|switch|p1a: Murkrow|Murkrow, L50, F, shiny|100\/100\n|switch|p1b: Corviknight|Corviknight, L50, F, shiny|100\/100\n|switch|p2a: Pelipper|Pelipper, L50, F|100\/100\n|switch|p2b: Dondozo|Dondozo, L50, F|100\/100\n|-weather|RainDance|[from] ability: Drizzle|[of] p2a: Pelipper\n|turn|1\n|\n|t:|1682110435\n|switch|p2a: Tatsugiri|Tatsugiri, L50, M|100\/100\n|-activate|p2a: Tatsugiri|ability: Commander|[of] p2b: Dondozo\n|-boost|p2b: Dondozo|atk|2\n|-boost|p2b: Dondozo|spa|2\n|-boost|p2b: Dondozo|spe|2\n|-boost|p2b: Dondozo|def|2\n|-boost|p2b: Dondozo|spd|2\n|move|p1a: Murkrow|Sunny Day|p1a: Murkrow\n|-weather|SunnyDay\n|move|p2b: Dondozo|Surf|p1a: Murkrow|[spread] p1a,p1b\n|-miss|p2b: Dondozo|p2a: Tatsugiri\n|-damage|p1a: Murkrow|63\/100\n|-damage|p1b: Corviknight|65\/100\n|-damage|p2b: Dondozo|91\/100|[from] item: Life Orb\n|move|p1b: Corviknight|Brave Bird|p2b: Dondozo\n|-damage|p2b: Dondozo|62\/100\n|-damage|p1b: Corviknight|54\/100|[from] Recoil\n|\n|-weather|SunnyDay|[upkeep]\n|upkeep\n|turn|2\n|\n|t:|1682110458\n|move|p1a: Murkrow|Haze|p1a: Murkrow\n|-clearallboost\n|move|p1b: Corviknight|Brave Bird|p2b: Dondozo\n|-damage|p2b: Dondozo|9\/100\n|-damage|p1b: Corviknight|32\/100|[from] Recoil\n|move|p2b: Dondozo|Surf|p1a: Murkrow|[spread] p1a,p1b\n|-miss|p2b: Dondozo|p2a: Tatsugiri\n|-damage|p1a: Murkrow|46\/100\n|-damage|p1b: Corviknight|17\/100\n|-damage|p2b: Dondozo|0 fnt|[from] item: Life Orb\n|faint|p2b: Dondozo\n|\n|-weather|SunnyDay|[upkeep]\n|upkeep\n|\n|t:|1682110473\n|switch|p2b: Iron Hands|Iron Hands, L50|100\/100\n|turn|3\n|\n|t:|1682110488\n|switch|p1a: Great Tusk|Great Tusk, L50|100\/100\n|-activate|p1a: Great Tusk|ability: Protosynthesis\n|-start|p1a: Great Tusk|protosynthesisatk\n|move|p2b: Iron Hands|Fake Out|p1b: Corviknight\n|-resisted|p1b: Corviknight\n|-damage|p1b: Corviknight|10\/100\n|move|p2a: Tatsugiri|Icy Wind|p1a: Great Tusk|[spread] p1a,p1b\n|-supereffective|p1a: Great Tusk\n|-damage|p1a: Great Tusk|62\/100\n|-damage|p1b: Corviknight|0 fnt\n|-unboost|p1a: Great Tusk|spe|1\n|faint|p1b: Corviknight\n|\n|-weather|SunnyDay|[upkeep]\n|upkeep\n|\n|t:|1682110504\n|switch|p1b: Chi-Yu|Chi-Yu, L50|100\/100\n|-ability|p1b: Chi-Yu|Beads of Ruin\n|turn|4\n|\n|t:|1682110526\n|-end|p2b: Iron Hands|Quark Drive|[silent]\n|switch|p2b: Pelipper|Pelipper, L50, F|100\/100\n|-weather|RainDance|[from] ability: Drizzle|[of] p2b: Pelipper\n|-end|p1a: Great Tusk|Protosynthesis\n|move|p2a: Tatsugiri|Icy Wind|p1b: Chi-Yu|[spread] p1a,p1b\n|-supereffective|p1a: Great Tusk\n|-resisted|p1b: Chi-Yu\n|-damage|p1a: Great Tusk|7\/100\n|-damage|p1b: Chi-Yu|93\/100\n|-unboost|p1a: Great Tusk|spe|1\n|-unboost|p1b: Chi-Yu|spe|1\n|move|p1b: Chi-Yu|Dark Pulse|p2a: Tatsugiri\n|-damage|p2a: Tatsugiri|10\/100\n|-damage|p1b: Chi-Yu|83\/100|[from] item: Life Orb\n|move|p1a: Great Tusk|Headlong Rush|p2b: Pelipper\n|-immune|p2b: Pelipper\n|\n|-weather|RainDance|[upkeep]\n|upkeep\n|turn|5\n|\n|t:|1682110558\n|-end|p1a: Great Tusk|Protosynthesis|[silent]\n|switch|p1a: Murkrow|Murkrow, L50, F, shiny|46\/100\n|move|p2a: Tatsugiri|Icy Wind|p1b: Chi-Yu|[spread] p1a,p1b\n|-supereffective|p1a: Murkrow\n|-resisted|p1b: Chi-Yu\n|-damage|p1a: Murkrow|9\/100\n|-damage|p1b: Chi-Yu|74\/100\n|-unboost|p1a: Murkrow|spe|1\n|-unboost|p1b: Chi-Yu|spe|1\n|move|p2b: Pelipper|Hydro Pump|p1b: Chi-Yu\n|-supereffective|p1b: Chi-Yu\n|-damage|p1b: Chi-Yu|0 fnt\n|faint|p1b: Chi-Yu\n|\n|-weather|RainDance|[upkeep]\n|upkeep\n|\n|t:|1682110573\n|switch|p1b: Great Tusk|Great Tusk, L50|7\/100\n|turn|6\n|\n|t:|1682110616\n|switch|p2b: Iron Hands|Iron Hands, L50|100\/100\n|move|p1a: Murkrow|Sunny Day|p1a: Murkrow\n|-weather|SunnyDay\n|-activate|p1b: Great Tusk|ability: Protosynthesis\n|-start|p1b: Great Tusk|protosynthesisatk\n|move|p2a: Tatsugiri|Icy Wind|p1a: Murkrow|[spread] p1a,p1b\n|-supereffective|p1a: Murkrow\n|-supereffective|p1b: Great Tusk\n|-crit|p1b: Great Tusk\n|-damage|p1a: Murkrow|0 fnt\n|-damage|p1b: Great Tusk|0 fnt\n|faint|p1a: Murkrow\n|faint|p1b: Great Tusk\n|-end|p1b: Great Tusk|Protosynthesis|[silent]\n|\n|win|UltimoRyu\n|raw|egreat2020's rating: 1298 → 1267<\/strong> (-31 for losing)\n|raw|UltimoRyu's rating: 1214 → 1245<\/strong> (+31 for winning)\n|l|\u2606egreat2020\n","uploadtime":1682110635,"views":9,"p1id":"egreat2020","p2id":"ultimoryu","formatid":"gen9vgc2023regulationc","rating":1245,"private":0,"password":""}