{"id":"gen9vgc2023regulationc-1860288137","p1":"Staliz12","p2":"betelgeuse","format":"[Gen 9] VGC 2023 Regulation C","log":"|j|\u2606Staliz12\n|j|\u2606betelgeuse\n|t:|1683626278\n|gametype|doubles\n|player|p1|Staliz12|1|1125\n|player|p2|betelgeuse|janitor|1177\n|teamsize|p1|6\n|teamsize|p2|6\n|gen|9\n|tier|[Gen 9] VGC 2023 Regulation C\n|rated|\n|rule|Species Clause: Limit one of each Pok\u00e9mon\n|rule|Item Clause: Limit one of each item\n|clearpoke\n|poke|p1|Flutter Mane, L50|\n|poke|p1|Chi-Yu, L50|\n|poke|p1|Roaring Moon, L50|\n|poke|p1|Jumpluff, L50, M|\n|poke|p1|Wo-Chien, L50|\n|poke|p1|Torkoal, L50, F|\n|poke|p2|Vaporeon, L50, M|\n|poke|p2|Jolteon, L50, F|\n|poke|p2|Sylveon, L50, M|\n|poke|p2|Umbreon, L50, M|\n|poke|p2|Espeon, L50, M|\n|poke|p2|Leafeon, L50, M|\n|teampreview|4\n|inactive|Battle timer is ON: inactive players will automatically lose when time's up. (requested by Staliz12)\n|\n|t:|1683626328\n|start\n|switch|p1a: Roaring Moon|Roaring Moon, L50|100\/100\n|switch|p1b: Jumpluff|Jumpluff, L50, M|100\/100\n|switch|p2a: Umbreon|Umbreon, L50, M|100\/100\n|switch|p2b: Sylveon|Sylveon, L50, M|100\/100\n|turn|1\n|\n|t:|1683626353\n|-terastallize|p1a: Roaring Moon|Ground\n|move|p1b: Jumpluff|Absorb|p1a: Roaring Moon\n|-supereffective|p1a: Roaring Moon\n|-damage|p1a: Roaring Moon|91\/100\n|-enditem|p1a: Roaring Moon|Weakness Policy\n|-boost|p1a: Roaring Moon|atk|2|[from] item: Weakness Policy\n|-boost|p1a: Roaring Moon|spa|2|[from] item: Weakness Policy\n|move|p1a: Roaring Moon|Earthquake|p2b: Sylveon|[spread] p2a,p2b\n|-immune|p1b: Jumpluff\n|-damage|p2a: Umbreon|44\/100\n|-damage|p2b: Sylveon|0 fnt\n|-enditem|p2a: Umbreon|Sitrus Berry|[eat]\n|-heal|p2a: Umbreon|68\/100|[from] item: Sitrus Berry\n|faint|p2b: Sylveon\n|move|p2a: Umbreon|Yawn|p1a: Roaring Moon\n|-start|p1a: Roaring Moon|move: Yawn|[of] p2a: Umbreon\n|\n|upkeep\n|\n|t:|1683626374\n|switch|p2b: Vaporeon|Vaporeon, L50, M|100\/100\n|turn|2\n|inactive|Staliz12 has 30 seconds left.\n|\n|t:|1683626399\n|move|p1b: Jumpluff|Rage Powder|p1b: Jumpluff\n|-singleturn|p1b: Jumpluff|move: Rage Powder\n|move|p1a: Roaring Moon|Acrobatics|p2b: Vaporeon\n|-damage|p2b: Vaporeon|37\/100\n|move|p2a: Umbreon|Moonlight|p2a: Umbreon\n|-heal|p2a: Umbreon|100\/100\n|move|p2b: Vaporeon|Yawn|p1b: Jumpluff\n|-start|p1b: Jumpluff|move: Yawn|[of] p2b: Vaporeon\n|\n|-heal|p2b: Vaporeon|43\/100|[from] item: Leftovers\n|-end|p1a: Roaring Moon|move: Yawn|[silent]\n|-status|p1a: Roaring Moon|slp\n|upkeep\n|turn|3\n|\n|t:|1683626422\n|move|p1b: Jumpluff|Protect|p1b: Jumpluff\n|-singleturn|p1b: Jumpluff|Protect\n|cant|p1a: Roaring Moon|slp\n|move|p2a: Umbreon|Foul Play|p1a: Roaring Moon\n|-damage|p1a: Roaring Moon|0 fnt\n|faint|p1a: Roaring Moon\n|-end|p1a: Roaring Moon|Protosynthesis|[silent]\n|move|p2b: Vaporeon|Yawn|p1b: Jumpluff\n|-activate|p1b: Jumpluff|move: Protect\n|\n|-heal|p2b: Vaporeon|49\/100|[from] item: Leftovers\n|-end|p1b: Jumpluff|move: Yawn|[silent]\n|-status|p1b: Jumpluff|slp\n|upkeep\n|\n|t:|1683626437\n|switch|p1a: Chi-Yu|Chi-Yu, L50|100\/100\n|-ability|p1a: Chi-Yu|Beads of Ruin\n|turn|4\n|\n|t:|1683626459\n|switch|p1b: Torkoal|Torkoal, L50, F|100\/100\n|-weather|SunnyDay|[from] ability: Drought|[of] p1b: Torkoal\n|move|p1a: Chi-Yu|Protect|p1a: Chi-Yu\n|-singleturn|p1a: Chi-Yu|Protect\n|move|p2b: Vaporeon|Protect|p2b: Vaporeon\n|-singleturn|p2b: Vaporeon|Protect\n|move|p2a: Umbreon|Snarl|p1a: Chi-Yu|[spread] p1b\n|-activate|p1a: Chi-Yu|move: Protect\n|-damage|p1b: Torkoal|85\/100\n|-unboost|p1b: Torkoal|spa|1\n|\n|-weather|SunnyDay|[upkeep]\n|-heal|p2b: Vaporeon|55\/100|[from] item: Leftovers\n|upkeep\n|turn|5\n|inactive|Staliz12 has 30 seconds left.\n|inactive|Staliz12 has 20 seconds left.\n|inactive|Staliz12 has 15 seconds left.\n|\n|t:|1683626501\n|move|p1a: Chi-Yu|Dark Pulse|p2b: Vaporeon\n|-damage|p2b: Vaporeon|10\/100\n|move|p2a: Umbreon|Snarl|p1a: Chi-Yu|[spread] p1a,p1b\n|-resisted|p1a: Chi-Yu\n|-damage|p1a: Chi-Yu|97\/100\n|-damage|p1b: Torkoal|69\/100\n|-unboost|p1a: Chi-Yu|spa|1\n|-unboost|p1b: Torkoal|spa|1\n|move|p2b: Vaporeon|Muddy Water|p1b: Torkoal|[spread] p1a,p1b\n|-supereffective|p1a: Chi-Yu\n|-supereffective|p1b: Torkoal\n|-damage|p1a: Chi-Yu|77\/100\n|-damage|p1b: Torkoal|28\/100\n|move|p1b: Torkoal|Eruption|p2a: Umbreon|[spread] p2a,p2b\n|-crit|p2a: Umbreon\n|-resisted|p2b: Vaporeon\n|-damage|p2a: Umbreon|58\/100\n|-damage|p2b: Vaporeon|3\/100\n|\n|-weather|SunnyDay|[upkeep]\n|-heal|p2b: Vaporeon|9\/100|[from] item: Leftovers\n|upkeep\n|turn|6\n|inactive|Staliz12 has 30 seconds left.\n|\n|t:|1683626528\n|switch|p1b: Jumpluff|Jumpluff, L50, M|100\/100 slp\n|move|p2b: Vaporeon|Protect|p2b: Vaporeon\n|-singleturn|p2b: Vaporeon|Protect\n|move|p1a: Chi-Yu|Dark Pulse|p2b: Vaporeon\n|-activate|p2b: Vaporeon|move: Protect\n|move|p2a: Umbreon|Snarl|p1a: Chi-Yu|[spread] p1a,p1b\n|-resisted|p1a: Chi-Yu\n|-crit|p1a: Chi-Yu\n|-damage|p1a: Chi-Yu|70\/100\n|-damage|p1b: Jumpluff|88\/100 slp\n|-unboost|p1a: Chi-Yu|spa|1\n|-unboost|p1b: Jumpluff|spa|1\n|\n|-weather|SunnyDay|[upkeep]\n|-heal|p2b: Vaporeon|14\/100|[from] item: Leftovers\n|upkeep\n|turn|7\n|\n|t:|1683626549\n|switch|p1a: Torkoal|Torkoal, L50, F|28\/100\n|cant|p1b: Jumpluff|slp\n|move|p2a: Umbreon|Snarl|p1b: Jumpluff|[spread] p1a,p1b\n|-damage|p1a: Torkoal|13\/100\n|-damage|p1b: Jumpluff|80\/100 slp\n|-unboost|p1a: Torkoal|spa|1\n|-unboost|p1b: Jumpluff|spa|1\n|move|p2b: Vaporeon|Muddy Water|p1a: Torkoal|[spread] p1a,p1b\n|-supereffective|p1a: Torkoal\n|-resisted|p1b: Jumpluff\n|-damage|p1a: Torkoal|0 fnt\n|-damage|p1b: Jumpluff|73\/100 slp\n|faint|p1a: Torkoal\n|\n|-weather|SunnyDay|[upkeep]\n|-heal|p2b: Vaporeon|20\/100|[from] item: Leftovers\n|upkeep\n|\n|t:|1683626567\n|switch|p1a: Chi-Yu|Chi-Yu, L50|70\/100\n|-ability|p1a: Chi-Yu|Beads of Ruin\n|turn|8\n|\n|t:|1683626582\n|cant|p1b: Jumpluff|slp\n|move|p1a: Chi-Yu|Dark Pulse|p2b: Vaporeon\n|-damage|p2b: Vaporeon|0 fnt\n|faint|p2b: Vaporeon\n|move|p2a: Umbreon|Snarl|p1a: Chi-Yu|[spread] p1a,p1b\n|-resisted|p1a: Chi-Yu\n|-crit|p1a: Chi-Yu\n|-damage|p1a: Chi-Yu|63\/100\n|-damage|p1b: Jumpluff|60\/100 slp\n|-unboost|p1a: Chi-Yu|spa|1\n|-unboost|p1b: Jumpluff|spa|1\n|\n|-weather|none\n|upkeep\n|\n|t:|1683626590\n|switch|p2b: Jolteon|Jolteon, L50, F|100\/100\n|turn|9\n|\n|t:|1683626612\n|move|p2b: Jolteon|Detect|p2b: Jolteon\n|-singleturn|p2b: Jolteon|Protect\n|-curestatus|p1b: Jumpluff|slp|[msg]\n|move|p1b: Jumpluff|Sleep Powder|p2a: Umbreon|[miss]\n|-miss|p1b: Jumpluff|p2a: Umbreon\n|move|p1a: Chi-Yu|Flamethrower|p2b: Jolteon\n|-activate|p2b: Jolteon|move: Protect\n|move|p2a: Umbreon|Snarl|p1b: Jumpluff|[spread] p1a,p1b\n|-resisted|p1a: Chi-Yu\n|-damage|p1a: Chi-Yu|60\/100\n|-damage|p1b: Jumpluff|46\/100\n|-unboost|p1a: Chi-Yu|spa|1\n|-unboost|p1b: Jumpluff|spa|1\n|\n|upkeep\n|turn|10\n|\n|t:|1683626639\n|move|p2b: Jolteon|Thunderbolt|p1b: Jumpluff\n|-damage|p1b: Jumpluff|0 fnt\n|faint|p1b: Jumpluff\n|move|p1a: Chi-Yu|Flamethrower|p2a: Umbreon\n|-damage|p2a: Umbreon|36\/100\n|move|p2a: Umbreon|Snarl|p1a: Chi-Yu\n|-resisted|p1a: Chi-Yu\n|-damage|p1a: Chi-Yu|54\/100\n|-unboost|p1a: Chi-Yu|spa|1\n|\n|upkeep\n|turn|11\n|-message|Staliz12 forfeited.\n|\n|win|betelgeuse\n|raw|Staliz12's rating: 1125 → 1104<\/strong> (-21 for losing)\n|raw|betelgeuse's rating: 1177 → 1198<\/strong> (+21 for winning)\n|l|\u2606Staliz12\n","uploadtime":1683626662,"views":5,"p1id":"staliz12","p2id":"betelgeuse","formatid":"gen9vgc2023regulationc","rating":1104,"private":0,"password":""}