{"id":"gen9vgc2023regulationc-1859170676","p1":"benjc","p2":"PkScept","format":"[Gen 9] VGC 2023 Regulation C","log":"|j|\u2606benjc\n|j|\u2606PkScept\n|t:|1683413157\n|gametype|doubles\n|player|p1|benjc|preschooler|1300\n|player|p2|PkScept|102|1306\n|teamsize|p1|6\n|teamsize|p2|6\n|gen|9\n|tier|[Gen 9] VGC 2023 Regulation C\n|rated|\n|rule|Species Clause: Limit one of each Pok\u00e9mon\n|rule|Item Clause: Limit one of each item\n|clearpoke\n|poke|p1|Talonflame, L50, F|\n|poke|p1|Wo-Chien, L50|\n|poke|p1|Iron Bundle, L50|\n|poke|p1|Great Tusk, L50|\n|poke|p1|Flutter Mane, L50|\n|poke|p1|Espathra, L50, F|\n|poke|p2|Wo-Chien, L50|\n|poke|p2|Chi-Yu, L50|\n|poke|p2|Dachsbun, L50, F|\n|poke|p2|Flutter Mane, L50|\n|poke|p2|Torkoal, L50, M|\n|poke|p2|Bellibolt, L50, M|\n|teampreview|4\n|inactive|Battle timer is ON: inactive players will automatically lose when time's up. (requested by benjc)\n|inactive|benjc has 60 seconds left.\n|\n|t:|1683413188\n|start\n|switch|p1a: Iron Bundle|Iron Bundle, L50|100\/100\n|switch|p1b: Espathra|Espathra, L50, F|100\/100\n|switch|p2a: Wo-Chien|Wo-Chien, L50|100\/100\n|switch|p2b: Flutter Mane|Flutter Mane, L50|100\/100\n|-ability|p2a: Wo-Chien|Tablets of Ruin\n|-enditem|p1a: Iron Bundle|Booster Energy\n|-activate|p1a: Iron Bundle|ability: Quark Drive|[fromitem]\n|-start|p1a: Iron Bundle|quarkdrivespe\n|turn|1\n|inactive|PkScept has 30 seconds left.\n|inactive|PkScept has 20 seconds left.\n|inactive|PkScept has 15 seconds left.\n|inactive|PkScept has 10 seconds left.\n|\n|t:|1683413235\n|move|p1a: Iron Bundle|Protect|p1a: Iron Bundle\n|-singleturn|p1a: Iron Bundle|Protect\n|move|p1b: Espathra|Protect|p1b: Espathra\n|-singleturn|p1b: Espathra|Protect\n|move|p2a: Wo-Chien|Leaf Storm|p1a: Iron Bundle\n|-activate|p1a: Iron Bundle|move: Protect\n|move|p2b: Flutter Mane|Trick Room|p2b: Flutter Mane\n|-fieldstart|move: Trick Room|[of] p2b: Flutter Mane\n|-enditem|p2b: Flutter Mane|Room Service\n|-unboost|p2b: Flutter Mane|spe|1|[from] item: Room Service\n|\n|-ability|p1b: Espathra|Speed Boost|boost\n|-boost|p1b: Espathra|spe|1\n|upkeep\n|turn|2\n|\n|t:|1683413250\n|-end|p1a: Iron Bundle|Quark Drive|[silent]\n|switch|p1a: Wo-Chien|Wo-Chien, L50|100\/100\n|-ability|p1a: Wo-Chien|Tablets of Ruin\n|move|p2b: Flutter Mane|Shadow Ball|p1b: Espathra\n|-supereffective|p1b: Espathra\n|-damage|p1b: Espathra|0 fnt\n|faint|p1b: Espathra\n|move|p2a: Wo-Chien|Snarl|p1a: Wo-Chien\n|-resisted|p1a: Wo-Chien\n|-crit|p1a: Wo-Chien\n|-damage|p1a: Wo-Chien|88\/100\n|-unboost|p1a: Wo-Chien|spa|1\n|\n|-heal|p1a: Wo-Chien|94\/100|[from] item: Leftovers\n|upkeep\n|\n|t:|1683413259\n|switch|p1b: Iron Bundle|Iron Bundle, L50|100\/100\n|turn|3\n|\n|t:|1683413270\n|-terastallize|p1a: Wo-Chien|Poison\n|move|p1b: Iron Bundle|Protect|p1b: Iron Bundle\n|-singleturn|p1b: Iron Bundle|Protect\n|move|p2b: Flutter Mane|Dazzling Gleam|p1a: Wo-Chien|[spread] p1a\n|-activate|p1b: Iron Bundle|move: Protect\n|-resisted|p1a: Wo-Chien\n|-damage|p1a: Wo-Chien|85\/100\n|move|p2a: Wo-Chien|Leaf Storm|p1b: Iron Bundle\n|-activate|p1b: Iron Bundle|move: Protect\n|move|p1a: Wo-Chien|Growth|p1a: Wo-Chien\n|-boost|p1a: Wo-Chien|atk|1\n|-boost|p1a: Wo-Chien|spa|1\n|\n|-heal|p1a: Wo-Chien|92\/100|[from] item: Leftovers\n|upkeep\n|turn|4\n|\n|t:|1683413283\n|-end|p1b: Iron Bundle|Quark Drive|[silent]\n|switch|p1b: Flutter Mane|Flutter Mane, L50|100\/100\n|move|p2b: Flutter Mane|Shadow Ball|p1a: Wo-Chien\n|-damage|p1a: Wo-Chien|68\/100\n|move|p2a: Wo-Chien|Leaf Storm|p1b: Flutter Mane|[miss]\n|-miss|p2a: Wo-Chien|p1b: Flutter Mane\n|move|p1a: Wo-Chien|Growth|p1a: Wo-Chien\n|-boost|p1a: Wo-Chien|atk|1\n|-boost|p1a: Wo-Chien|spa|1\n|\n|-heal|p1a: Wo-Chien|74\/100|[from] item: Leftovers\n|upkeep\n|turn|5\n|inactive|PkScept has 30 seconds left.\n|inactive|PkScept has 20 seconds left.\n|\n|t:|1683413319\n|-end|p1b: Flutter Mane|Protosynthesis|[silent]\n|switch|p1b: Iron Bundle|Iron Bundle, L50|100\/100\n|move|p2b: Flutter Mane|Shadow Ball|p1b: Iron Bundle\n|-damage|p1b: Iron Bundle|23\/100\n|move|p2a: Wo-Chien|Snarl|p1a: Wo-Chien|[spread] p1a,p1b\n|-damage|p1a: Wo-Chien|63\/100\n|-damage|p1b: Iron Bundle|0 fnt\n|-unboost|p1a: Wo-Chien|spa|1\n|faint|p1b: Iron Bundle\n|-end|p1b: Iron Bundle|Quark Drive|[silent]\n|move|p1a: Wo-Chien|Snarl|p2b: Flutter Mane|[spread] p2a\n|-miss|p1a: Wo-Chien|p2b: Flutter Mane\n|-resisted|p2a: Wo-Chien\n|-damage|p2a: Wo-Chien|95\/100\n|-unboost|p2a: Wo-Chien|spa|1\n|-enditem|p2a: Wo-Chien|Eject Pack\n|\n|t:|1683413327\n|switch|p2a: Torkoal|Torkoal, L50, M|100\/100\n|-weather|SunnyDay|[from] ability: Drought|[of] p2a: Torkoal\n|-activate|p2b: Flutter Mane|ability: Protosynthesis\n|-start|p2b: Flutter Mane|protosynthesisspa\n|\n|-weather|SunnyDay|[upkeep]\n|-heal|p1a: Wo-Chien|69\/100|[from] item: Leftovers\n|-fieldend|move: Trick Room\n|upkeep\n|\n|t:|1683413332\n|switch|p1b: Flutter Mane|Flutter Mane, L50|100\/100\n|-activate|p1b: Flutter Mane|ability: Protosynthesis\n|-start|p1b: Flutter Mane|protosynthesisspe\n|turn|6\n|inactive|benjc has 30 seconds left.\n|\n|t:|1683413363\n|move|p2b: Flutter Mane|Protect|p2b: Flutter Mane\n|-singleturn|p2b: Flutter Mane|Protect\n|move|p1b: Flutter Mane|Shadow Ball|p2a: Torkoal\n|-damage|p2a: Torkoal|10\/100\n|move|p1a: Wo-Chien|Growth|p1a: Wo-Chien\n|-boost|p1a: Wo-Chien|atk|2\n|-boost|p1a: Wo-Chien|spa|2\n|move|p2a: Torkoal|Flamethrower|p1b: Flutter Mane\n|-damage|p1b: Flutter Mane|20\/100\n|\n|-weather|SunnyDay|[upkeep]\n|-heal|p1a: Wo-Chien|75\/100|[from] item: Leftovers\n|upkeep\n|turn|7\n|\n|t:|1683413383\n|move|p1b: Flutter Mane|Shadow Ball|p2b: Flutter Mane\n|-supereffective|p2b: Flutter Mane\n|-damage|p2b: Flutter Mane|0 fnt\n|faint|p2b: Flutter Mane\n|-end|p2b: Flutter Mane|Protosynthesis|[silent]\n|move|p1a: Wo-Chien|Giga Drain|p2a: Torkoal\n|-resisted|p2a: Torkoal\n|-damage|p2a: Torkoal|0 fnt\n|-heal|p1a: Wo-Chien|80\/100|[from] drain|[of] p2a: Torkoal\n|faint|p2a: Torkoal\n|\n|-weather|SunnyDay|[upkeep]\n|-heal|p1a: Wo-Chien|86\/100|[from] item: Leftovers\n|upkeep\n|\n|t:|1683413386\n|switch|p2b: Wo-Chien|Wo-Chien, L50|95\/100\n|switch|p2a: Bellibolt|Bellibolt, L50, M|100\/100\n|-ability|p2b: Wo-Chien|Tablets of Ruin\n|turn|8\n|\n|t:|1683413406\n|-terastallize|p2a: Bellibolt|Electric\n|move|p1b: Flutter Mane|Shadow Ball|p2a: Bellibolt\n|-damage|p2a: Bellibolt|37\/100\n|-unboost|p2a: Bellibolt|spd|1\n|-start|p2a: Bellibolt|Charge|Shadow Ball|[from] ability: Electromorphosis\n|move|p1a: Wo-Chien|Giga Drain|p2a: Bellibolt\n|-damage|p2a: Bellibolt|0 fnt\n|-heal|p1a: Wo-Chien|100\/100|[from] drain|[of] p2a: Bellibolt\n|faint|p2a: Bellibolt\n|move|p2b: Wo-Chien|Snarl|p1b: Flutter Mane|[spread] p1a,p1b\n|-damage|p1a: Wo-Chien|89\/100\n|-damage|p1b: Flutter Mane|4\/100\n|-unboost|p1a: Wo-Chien|spa|1\n|-unboost|p1b: Flutter Mane|spa|1\n|\n|-weather|SunnyDay|[upkeep]\n|-heal|p1a: Wo-Chien|95\/100|[from] item: Leftovers\n|upkeep\n|turn|9\n|\n|t:|1683413422\n|move|p2b: Wo-Chien|Protect|p2b: Wo-Chien\n|-singleturn|p2b: Wo-Chien|Protect\n|move|p1b: Flutter Mane|Shadow Ball|p2b: Wo-Chien\n|-activate|p2b: Wo-Chien|move: Protect\n|move|p1a: Wo-Chien|Growth|p1a: Wo-Chien\n|-boost|p1a: Wo-Chien|atk|2\n|-boost|p1a: Wo-Chien|spa|2\n|\n|-weather|none\n|-end|p1b: Flutter Mane|Protosynthesis\n|-heal|p1a: Wo-Chien|100\/100|[from] item: Leftovers\n|upkeep\n|turn|10\n|\n|t:|1683413432\n|move|p1a: Wo-Chien|Protect|p1a: Wo-Chien\n|-singleturn|p1a: Wo-Chien|Protect\n|move|p1b: Flutter Mane|Shadow Ball|p2b: Wo-Chien\n|-resisted|p2b: Wo-Chien\n|-damage|p2b: Wo-Chien|80\/100\n|move|p2b: Wo-Chien|Snarl|p1b: Flutter Mane|[spread] p1b\n|-activate|p1a: Wo-Chien|move: Protect\n|-damage|p1b: Flutter Mane|0 fnt\n|faint|p1b: Flutter Mane\n|-end|p1b: Flutter Mane|Protosynthesis|[silent]\n|\n|upkeep\n|turn|11\n|\n|t:|1683413445\n|move|p1a: Wo-Chien|Giga Drain|p2b: Wo-Chien\n|-resisted|p2b: Wo-Chien\n|-damage|p2b: Wo-Chien|55\/100\n|move|p2b: Wo-Chien|Snarl|p1a: Wo-Chien\n|-damage|p1a: Wo-Chien|84\/100\n|-unboost|p1a: Wo-Chien|spa|1\n|\n|-heal|p1a: Wo-Chien|91\/100|[from] item: Leftovers\n|upkeep\n|turn|12\n|\n|t:|1683413449\n|move|p1a: Wo-Chien|Giga Drain|p2b: Wo-Chien\n|-resisted|p2b: Wo-Chien\n|-damage|p2b: Wo-Chien|34\/100\n|-heal|p1a: Wo-Chien|100\/100|[from] drain|[of] p2b: Wo-Chien\n|move|p2b: Wo-Chien|Snarl|p1a: Wo-Chien\n|-damage|p1a: Wo-Chien|86\/100\n|-unboost|p1a: Wo-Chien|spa|1\n|\n|-heal|p1a: Wo-Chien|92\/100|[from] item: Leftovers\n|upkeep\n|turn|13\n|\n|t:|1683413453\n|move|p1a: Wo-Chien|Giga Drain|p2b: Wo-Chien\n|-resisted|p2b: Wo-Chien\n|-damage|p2b: Wo-Chien|19\/100\n|-heal|p1a: Wo-Chien|99\/100|[from] drain|[of] p2b: Wo-Chien\n|move|p2b: Wo-Chien|Snarl|p1a: Wo-Chien\n|-damage|p1a: Wo-Chien|85\/100\n|-unboost|p1a: Wo-Chien|spa|1\n|\n|-heal|p1a: Wo-Chien|92\/100|[from] item: Leftovers\n|upkeep\n|turn|14\n|\n|t:|1683413456\n|move|p1a: Wo-Chien|Giga Drain|p2b: Wo-Chien\n|-resisted|p2b: Wo-Chien\n|-damage|p2b: Wo-Chien|8\/100\n|-heal|p1a: Wo-Chien|97\/100|[from] drain|[of] p2b: Wo-Chien\n|move|p2b: Wo-Chien|Snarl|p1a: Wo-Chien\n|-damage|p1a: Wo-Chien|81\/100\n|-unboost|p1a: Wo-Chien|spa|1\n|\n|-heal|p1a: Wo-Chien|87\/100|[from] item: Leftovers\n|upkeep\n|turn|15\n|\n|t:|1683413459\n|move|p1a: Wo-Chien|Giga Drain|p2b: Wo-Chien\n|-resisted|p2b: Wo-Chien\n|-damage|p2b: Wo-Chien|0 fnt\n|-heal|p1a: Wo-Chien|91\/100|[from] drain|[of] p2b: Wo-Chien\n|faint|p2b: Wo-Chien\n|\n|win|benjc\n|raw|benjc's rating: 1300 → 1325<\/strong> (+25 for winning)\n|raw|PkScept's rating: 1306 → 1286<\/strong> (-20 for losing)\n|l|\u2606PkScept\n|c|\u2606benjc|gg\n","uploadtime":1683413469,"views":7,"p1id":"benjc","p2id":"pkscept","formatid":"gen9vgc2023regulationc","rating":1286,"private":0,"password":""}