{"id":"gen9vgc2023regulationc-1848916282","p1":"Gsproductions","p2":"Inspire60","format":"[Gen 9] VGC 2023 Regulation C","log":"|j|\u2606Gsproductions\n|j|\u2606Inspire60\n|t:|1682125759\n|gametype|doubles\n|player|p1|Gsproductions|cynthia-gen4|1123\n|player|p2|Inspire60|richboy-gen4|1110\n|teamsize|p1|6\n|teamsize|p2|5\n|gen|9\n|tier|[Gen 9] VGC 2023 Regulation C\n|rated|\n|rule|Species Clause: Limit one of each Pok\u00e9mon\n|rule|Item Clause: Limit one of each item\n|clearpoke\n|poke|p1|Lucario, L50, M|\n|poke|p1|Chien-Pao, L50|\n|poke|p1|Great Tusk, L50|\n|poke|p1|Brute Bonnet, L50|\n|poke|p1|Rotom-Wash, L50|\n|poke|p1|Dragapult, L50, F|\n|poke|p2|Espeon, L50, M|\n|poke|p2|Kilowattrel, L50, M|\n|poke|p2|Brambleghast, L50, M|\n|poke|p2|Flutter Mane, L50|\n|poke|p2|Qwilfish, L50, F|\n|teampreview|4\n|inactive|Battle timer is ON: inactive players will automatically lose when time's up. (requested by Inspire60)\n|inactive|Inspire60 has 60 seconds left.\n|\n|t:|1682125799\n|start\n|switch|p1a: Goku|Lucario, L50, M|100\/100\n|switch|p1b: Tunak|Chien-Pao, L50|100\/100\n|switch|p2a: Milo|Kilowattrel, L50, M|100\/100\n|switch|p2b: Symthis|Flutter Mane, L50|100\/100\n|-ability|p1b: Tunak|Sword of Ruin\n|-enditem|p2b: Symthis|Booster Energy\n|-activate|p2b: Symthis|ability: Protosynthesis|[fromitem]\n|-start|p2b: Symthis|protosynthesisspa\n|turn|1\n|inactive|Inspire60 has 30 seconds left.\n|inactive|Inspire60 has 20 seconds left.\n|inactive|Inspire60 has 15 seconds left.\n|inactive|Inspire60 has 10 seconds left.\n|\n|t:|1682125846\n|-terastallize|p2b: Symthis|Grass\n|move|p1a: Goku|Bullet Punch|p2b: Symthis\n|-damage|p2b: Symthis|43\/100\n|move|p2a: Milo|Tailwind|p2a: Milo\n|-sidestart|p2: Inspire60|move: Tailwind\n|-start|p2a: Milo|Charge|Tailwind|[from] ability: Wind Power\n|move|p2b: Symthis|Dazzling Gleam|p1a: Goku|[spread] p1a,p1b\n|-supereffective|p1b: Tunak\n|-damage|p1a: Goku|50\/100\n|-enditem|p1b: Tunak|Focus Sash\n|-damage|p1b: Tunak|1\/100\n|move|p1b: Tunak|Ice Spinner|p2a: Milo\n|-supereffective|p2a: Milo\n|-enditem|p2a: Milo|Focus Sash\n|-damage|p2a: Milo|1\/100\n|\n|upkeep\n|turn|2\n|inactive|Gsproductions has 30 seconds left.\n|\n|t:|1682125874\n|move|p1b: Tunak|Sucker Punch|p2b: Symthis\n|-damage|p2b: Symthis|0 fnt\n|faint|p2b: Symthis\n|-end|p2b: Symthis|Protosynthesis|[silent]\n|move|p1a: Goku|Bullet Punch|p2a: Milo\n|-resisted|p2a: Milo\n|-damage|p2a: Milo|0 fnt\n|faint|p2a: Milo\n|\n|upkeep\n|\n|t:|1682125882\n|switch|p2a: Qwilfish|Qwilfish, L50, F, shiny|100\/100\n|switch|p2b: Sandyghast|Brambleghast, L50, M|100\/100\n|-ability|p2a: Qwilfish|Intimidate|boost\n|-fail|p1a: Goku|unboost|Attack|[from] ability: Inner Focus|[of] p1a: Goku\n|-unboost|p1b: Tunak|atk|1\n|-ability|p2b: Sandyghast|Wind Rider|boost\n|-boost|p2b: Sandyghast|atk|1\n|turn|3\n|\n|t:|1682125904\n|move|p1b: Tunak|Sucker Punch||[still]\n|-fail|p1b: Tunak\n|move|p1a: Goku|Bullet Punch|p2a: Qwilfish\n|-resisted|p2a: Qwilfish\n|-damage|p2a: Qwilfish|88\/100\n|move|p2a: Qwilfish|Waterfall|p1a: Goku\n|-damage|p1a: Goku|0 fnt\n|faint|p1a: Goku\n|move|p2b: Sandyghast|Leech Seed|p1b: Tunak\n|-start|p1b: Tunak|move: Leech Seed\n|\n|-heal|p2a: Qwilfish|93\/100|[from] item: Black Sludge\n|-damage|p1b: Tunak|0 fnt|[from] Leech Seed|[of] p2b: Sandyghast\n|faint|p1b: Tunak\n|upkeep\n|\n|t:|1682125917\n|switch|p1b: \"UAV inbound\"|Dragapult, L50, F|100\/100\n|switch|p1a: Great Landotusk|Great Tusk, L50|100\/100\n|turn|4\n|\n|t:|1682125936\n|-terastallize|p1b: \"UAV inbound\"|Steel\n|move|p2a: Qwilfish|Destiny Bond|p2a: Qwilfish\n|-singlemove|p2a: Qwilfish|Destiny Bond\n|move|p2b: Sandyghast|Phantom Force||[still]\n|-prepare|p2b: Sandyghast|Phantom Force\n|move|p1b: \"UAV inbound\"|Flamethrower|p2b: Sandyghast|[miss]\n|-miss|p1b: \"UAV inbound\"|p2b: Sandyghast\n|move|p1a: Great Landotusk|Headlong Rush|p2a: Qwilfish\n|-supereffective|p2a: Qwilfish\n|-damage|p2a: Qwilfish|0 fnt\n|-unboost|p1a: Great Landotusk|def|1\n|-unboost|p1a: Great Landotusk|spd|1\n|faint|p2a: Qwilfish\n|-activate|p2a: Qwilfish|move: Destiny Bond\n|faint|p1a: Great Landotusk\n|-end|p1a: Great Landotusk|Protosynthesis|[silent]\n|\n|-sideend|p2: Inspire60|move: Tailwind\n|upkeep\n|turn|5\n|\n|t:|1682125953\n|move|p1b: \"UAV inbound\"|Flamethrower|p2b: Sandyghast|[miss]\n|-miss|p1b: \"UAV inbound\"|p2b: Sandyghast\n|move|p2b: Sandyghast|Phantom Force|p1b: \"UAV inbound\"|[from]lockedmove\n|-damage|p1b: \"UAV inbound\"|4\/100\n|-enditem|p1b: \"UAV inbound\"|Sitrus Berry|[eat]\n|-heal|p1b: \"UAV inbound\"|29\/100|[from] item: Sitrus Berry\n|\n|upkeep\n|turn|6\n|\n|t:|1682125964\n|move|p1b: \"UAV inbound\"|Flamethrower|p2b: Sandyghast\n|-supereffective|p2b: Sandyghast\n|-damage|p2b: Sandyghast|24\/100\n|move|p2b: Sandyghast|Phantom Force||[still]\n|-prepare|p2b: Sandyghast|Phantom Force\n|\n|-heal|p2b: Sandyghast|30\/100|[from] item: Leftovers\n|upkeep\n|turn|7\n|\n|t:|1682125973\n|move|p1b: \"UAV inbound\"|Phantom Force||[still]\n|-prepare|p1b: \"UAV inbound\"|Phantom Force\n|move|p2b: Sandyghast|Phantom Force|p1b: \"UAV inbound\"|[from]lockedmove|[miss]\n|-miss|p2b: Sandyghast|p1b: \"UAV inbound\"\n|\n|-heal|p2b: Sandyghast|36\/100|[from] item: Leftovers\n|upkeep\n|turn|8\n|\n|t:|1682125979\n|move|p1b: \"UAV inbound\"|Phantom Force|p2b: Sandyghast|[from]lockedmove\n|-supereffective|p2b: Sandyghast\n|-damage|p2b: Sandyghast|0 fnt\n|faint|p2b: Sandyghast\n|\n|win|Gsproductions\n|raw|Gsproductions's rating: 1123 → 1147<\/strong> (+24 for winning)\n|raw|Inspire60's rating: 1110 → 1086<\/strong> (-24 for losing)\n|l|\u2606Inspire60\n","uploadtime":1682126325,"views":6,"p1id":"gsproductions","p2id":"inspire60","formatid":"gen9vgc2023regulationc","rating":1086,"private":0,"password":""}