{"id":"gen9vgc2023regulationc-1854285120","p1":"Cogenic","p2":"Blumagination","format":"[Gen 9] VGC 2023 Regulation C","log":"|j|\u2606Cogenic\n|j|\u2606Blumagination\n|t:|1682792573\n|gametype|doubles\n|player|p1|Cogenic|may-masters|1347\n|player|p2|Blumagination|clown|1445\n|teamsize|p1|6\n|teamsize|p2|6\n|gen|9\n|tier|[Gen 9] VGC 2023 Regulation C\n|rated|\n|rule|Species Clause: Limit one of each Pok\u00e9mon\n|rule|Item Clause: Limit one of each item\n|clearpoke\n|poke|p1|Dondozo, L50, F|\n|poke|p1|Tatsugiri, L50, M|\n|poke|p1|Corviknight, L50, F|\n|poke|p1|Garganacl, L50, F|\n|poke|p1|Flutter Mane, L50|\n|poke|p1|Iron Bundle, L50|\n|poke|p2|Iron Bundle, L50|\n|poke|p2|Flutter Mane, L50|\n|poke|p2|Garganacl, L50, F|\n|poke|p2|Arcanine, L50, M|\n|poke|p2|Amoonguss, L50, F|\n|poke|p2|Ting-Lu, L50|\n|teampreview|4\n|inactive|Battle timer is ON: inactive players will automatically lose when time's up. (requested by Blumagination)\nCogenic has agreed to open team sheets.\n|inactive|Cogenic has 60 seconds left.\n|inactive|Cogenic has 30 seconds left.\n|inactive|Cogenic has 20 seconds left.\n|inactive|Cogenic has 15 seconds left.\n|inactive|Cogenic has 10 seconds left.\n|\n|t:|1682792657\n|start\n|switch|p1a: Dondozo|Dondozo, L50, F|100\/100\n|switch|p1b: Corviknight|Corviknight, L50, F|100\/100\n|switch|p2a: Garganacl|Garganacl, L50, F|100\/100\n|switch|p2b: Flutter Mane|Flutter Mane, L50|100\/100\n|turn|1\n|inactive|Blumagination has 30 seconds left.\n|\n|t:|1682792687\n|-end|p2b: Flutter Mane|Protosynthesis|[silent]\n|switch|p2b: Amoonguss|Amoonguss, L50, F|100\/100\n|-terastallize|p2a: Garganacl|Ghost\n|move|p1a: Dondozo|Protect|p1a: Dondozo\n|-singleturn|p1a: Dondozo|Protect\n|move|p1b: Corviknight|Tailwind|p1b: Corviknight\n|-sidestart|p1: Cogenic|move: Tailwind\n|move|p2a: Garganacl|Salt Cure|p1a: Dondozo\n|-activate|p1a: Dondozo|move: Protect\n|\n|upkeep\n|turn|2\n|inactive|Blumagination has 30 seconds left.\n|inactive|Blumagination has 20 seconds left.\n|\n|t:|1682792725\n|switch|p1a: Garganacl|Garganacl, L50, F|100\/100\n|move|p2a: Garganacl|Protect|p2a: Garganacl\n|-singleturn|p2a: Garganacl|Protect\n|move|p1b: Corviknight|Brave Bird|p2b: Amoonguss\n|-supereffective|p2b: Amoonguss\n|-damage|p2b: Amoonguss|38\/100\n|-enditem|p2b: Amoonguss|Sitrus Berry|[eat]\n|-heal|p2b: Amoonguss|63\/100|[from] item: Sitrus Berry\n|-damage|p1b: Corviknight|78\/100|[from] Recoil\n|move|p2b: Amoonguss|Spore|p1a: Garganacl\n|-immune|p1a: Garganacl|[from] ability: Purifying Salt\n|\n|upkeep\n|turn|3\n|inactive|Cogenic has 30 seconds left.\n|\n|t:|1682792756\n|move|p2b: Amoonguss|Protect|p2b: Amoonguss\n|-singleturn|p2b: Amoonguss|Protect\n|move|p1b: Corviknight|Brave Bird|p2b: Amoonguss\n|-activate|p2b: Amoonguss|move: Protect\n|move|p1a: Garganacl|Salt Cure|p2a: Garganacl\n|-damage|p2a: Garganacl|91\/100\n|-start|p2a: Garganacl|Salt Cure\n|move|p2a: Garganacl|Salt Cure|p1b: Corviknight\n|-damage|p1b: Corviknight|67\/100\n|-start|p1b: Corviknight|Salt Cure\n|\n|-heal|p2a: Garganacl|97\/100|[from] item: Leftovers\n|-damage|p1b: Corviknight|42\/100|[from] Salt Cure\n|-damage|p2a: Garganacl|85\/100|[from] Salt Cure\n|upkeep\n|turn|4\n|\n|t:|1682792777\n|switch|p2b: Flutter Mane|Flutter Mane, L50|100\/100\n|move|p1b: Corviknight|Brave Bird|p2b: Flutter Mane\n|-damage|p2b: Flutter Mane|38\/100\n|-damage|p1b: Corviknight|26\/100|[from] Recoil\n|move|p1a: Garganacl|Salt Cure|p2b: Flutter Mane\n|-damage|p2b: Flutter Mane|17\/100\n|-start|p2b: Flutter Mane|Salt Cure\n|move|p2a: Garganacl|Salt Cure|p1a: Garganacl\n|-damage|p1a: Garganacl|92\/100\n|-start|p1a: Garganacl|Salt Cure\n|\n|-heal|p2a: Garganacl|91\/100|[from] item: Leftovers\n|-damage|p2b: Flutter Mane|5\/100|[from] Salt Cure\n|-damage|p1b: Corviknight|1\/100|[from] Salt Cure\n|-damage|p1a: Garganacl|80\/100|[from] Salt Cure\n|-damage|p2a: Garganacl|79\/100|[from] Salt Cure\n|-sideend|p1: Cogenic|move: Tailwind\n|upkeep\n|turn|5\n|inactive|Cogenic has 30 seconds left.\n|inactive|Blumagination has 30 seconds left.\n|\n|t:|1682792808\n|-end|p2b: Flutter Mane|Protosynthesis|[silent]\n|switch|p2b: Amoonguss|Amoonguss, L50, F|96\/100\n|move|p1b: Corviknight|Tailwind|p1b: Corviknight\n|-sidestart|p1: Cogenic|move: Tailwind\n|move|p1a: Garganacl|Salt Cure|p2b: Amoonguss\n|-damage|p2b: Amoonguss|84\/100\n|-start|p2b: Amoonguss|Salt Cure\n|move|p2a: Garganacl|Stealth Rock|p1b: Corviknight\n|-sidestart|p1: Cogenic|move: Stealth Rock\n|\n|-heal|p2a: Garganacl|85\/100|[from] item: Leftovers\n|-damage|p1b: Corviknight|0 fnt|[from] Salt Cure\n|faint|p1b: Corviknight\n|-damage|p1a: Garganacl|67\/100|[from] Salt Cure\n|-damage|p2a: Garganacl|72\/100|[from] Salt Cure\n|-damage|p2b: Amoonguss|72\/100|[from] Salt Cure\n|upkeep\n|\n|t:|1682792818\n|switch|p1b: Dondozo|Dondozo, L50, F|100\/100\n|-damage|p1b: Dondozo|88\/100|[from] Stealth Rock\n|turn|6\n|inactive|Blumagination has 30 seconds left.\n|\n|t:|1682792848\n|move|p1b: Dondozo|Protect|p1b: Dondozo\n|-singleturn|p1b: Dondozo|Protect\n|move|p1a: Garganacl|Stealth Rock|p2b: Amoonguss\n|-sidestart|p2: Blumagination|move: Stealth Rock\n|move|p2a: Garganacl|Salt Cure|p1b: Dondozo\n|-activate|p1b: Dondozo|move: Protect\n|move|p2b: Amoonguss|Spore|p1b: Dondozo\n|-activate|p1b: Dondozo|move: Protect\n|\n|-heal|p1b: Dondozo|94\/100|[from] item: Leftovers\n|-heal|p2a: Garganacl|78\/100|[from] item: Leftovers\n|-damage|p1a: Garganacl|55\/100|[from] Salt Cure\n|-damage|p2a: Garganacl|66\/100|[from] Salt Cure\n|-damage|p2b: Amoonguss|59\/100|[from] Salt Cure\n|upkeep\n|turn|7\n|\n|t:|1682792858\n|switch|p1a: Tatsugiri|Tatsugiri, L50, M|100\/100\n|-activate|p1a: Tatsugiri|ability: Commander|[of] p1b: Dondozo\n|-boost|p1b: Dondozo|atk|2\n|-boost|p1b: Dondozo|spa|2\n|-boost|p1b: Dondozo|spe|2\n|-boost|p1b: Dondozo|def|2\n|-boost|p1b: Dondozo|spd|2\n|-terastallize|p1b: Dondozo|Grass\n|move|p1b: Dondozo|Wave Crash|p2a: Garganacl\n|-damage|p2a: Garganacl|0 fnt\n|faint|p2a: Garganacl\n|-damage|p1b: Dondozo|74\/100|[from] Recoil\n|move|p2b: Amoonguss|Spore|p1b: Dondozo\n|-immune|p1b: Dondozo\n|\n|-heal|p1b: Dondozo|80\/100|[from] item: Leftovers\n|-damage|p2b: Amoonguss|47\/100|[from] Salt Cure\n|upkeep\n|\n|t:|1682792878\n|switch|p2a: Iron Bundle|Iron Bundle, L50|100\/100\n|-damage|p2a: Iron Bundle|76\/100|[from] Stealth Rock\n|-enditem|p2a: Iron Bundle|Booster Energy\n|-activate|p2a: Iron Bundle|ability: Quark Drive|[fromitem]\n|-start|p2a: Iron Bundle|quarkdrivespe\n|turn|8\n|\n|t:|1682792889\n|switch|p2b: Flutter Mane|Flutter Mane, L50|5\/100\n|-damage|p2b: Flutter Mane|0 fnt|[from] Stealth Rock\n|faint|p2b: Flutter Mane\n|-end|p2b: Flutter Mane|Protosynthesis|[silent]\n|move|p1b: Dondozo|Tera Blast|p2a: Iron Bundle\n|-supereffective|p2a: Iron Bundle\n|-damage|p2a: Iron Bundle|0 fnt\n|faint|p2a: Iron Bundle\n|-end|p2a: Iron Bundle|Quark Drive|[silent]\n|\n|-heal|p1b: Dondozo|87\/100|[from] item: Leftovers\n|-sideend|p1: Cogenic|move: Tailwind\n|upkeep\n|-message|Blumagination forfeited.\n|\n|win|Cogenic\n|raw|Cogenic's rating: 1347 → 1371<\/strong> (+24 for winning)\n|raw|Blumagination's rating: 1426 → 1402<\/strong> (-24 for losing)\n|l|\u2606Blumagination\n","uploadtime":1682792915,"views":20,"p1id":"cogenic","p2id":"blumagination","formatid":"gen9vgc2023regulationc","rating":1371,"private":0,"password":""}