{"id":"gen9vgc2023regulationc-1860811170","p1":"SpadesHS","p2":"Flipsicle","format":"[Gen 9] VGC 2023 Regulation C","log":"|j|\u2606SpadesHS\n|j|\u2606Flipsicle\n|t:|1683680725\n|gametype|doubles\n|player|p1|SpadesHS|n|\n|player|p2|Flipsicle|elesa-masters|\n|teamsize|p1|6\n|teamsize|p2|6\n|gen|9\n|tier|[Gen 9] VGC 2023 Regulation C\n|rule|Species Clause: Limit one of each Pok\u00e9mon\n|rule|Item Clause: Limit one of each item\n|clearpoke\n|poke|p1|Amoonguss, L50, F|\n|poke|p1|Palafin, L50, F|\n|poke|p1|Arcanine, L50, F|\n|poke|p1|Ting-Lu, L50|\n|poke|p1|Kingambit, L50, M|\n|poke|p1|Flutter Mane, L50|\n|poke|p2|Chi-Yu, L50|\n|poke|p2|Flutter Mane, L50|\n|poke|p2|Dragonite, L50, M|\n|poke|p2|Chien-Pao, L50|\n|poke|p2|Iron Bundle, L50|\n|poke|p2|Iron Hands, L50|\n|teampreview|4\nSpadesHS has agreed to open team sheets.\nFlipsicle has agreed to open team sheets.\n|c|\u2606Flipsicle|glhf\n|c|\u2606SpadesHS|gl\n|\n|t:|1683680798\n|start\n|switch|p1a: Marino|Palafin, L50, F|100\/100\n|switch|p1b: Fun Police|Arcanine, L50, F|100\/100\n|switch|p2a: Iron Bundle|Iron Bundle, L50|100\/100\n|switch|p2b: Chi-Yu|Chi-Yu, L50|100\/100\n|-ability|p2b: Chi-Yu|Beads of Ruin\n|-ability|p1b: Fun Police|Intimidate|boost\n|-unboost|p2a: Iron Bundle|atk|1\n|-unboost|p2b: Chi-Yu|atk|1\n|-enditem|p2a: Iron Bundle|Booster Energy\n|-activate|p2a: Iron Bundle|ability: Quark Drive|[fromitem]\n|-start|p2a: Iron Bundle|quarkdrivespe\n|turn|1\n|\n|t:|1683680836\n|detailschange|p1a: Marino|Palafin-Hero, L50, F\n|switch|p1a: Tiki|Ting-Lu, L50|100\/100\n|-ability|p1a: Tiki|Vessel of Ruin\n|-terastallize|p2b: Chi-Yu|Ghost\n|move|p2a: Iron Bundle|Hydro Pump|p1b: Fun Police\n|-supereffective|p1b: Fun Police\n|-damage|p1b: Fun Police|0 fnt\n|faint|p1b: Fun Police\n|move|p2b: Chi-Yu|Dark Pulse|p1a: Tiki\n|-resisted|p1a: Tiki\n|-damage|p1a: Tiki|90\/100\n|\n|upkeep\n|\n|t:|1683680857\n|switch|p1b: Marino|Palafin-Hero, L50, F|100\/100\n|-activate|p1b: Marino|ability: Zero to Hero\n|turn|2\n|\n|t:|1683680873\n|switch|p2b: Dragonite|Dragonite, L50, M|100\/100\n|move|p1b: Marino|Protect|p1b: Marino\n|-singleturn|p1b: Marino|Protect\n|move|p2a: Iron Bundle|Hydro Pump|p1a: Tiki\n|-supereffective|p1a: Tiki\n|-damage|p1a: Tiki|53\/100\n|move|p1a: Tiki|Earthquake|p2b: Dragonite|[spread] p2a\n|-activate|p1b: Marino|move: Protect\n|-immune|p2b: Dragonite\n|-damage|p2a: Iron Bundle|53\/100\n|\n|upkeep\n|turn|3\n|\n|t:|1683680911\n|switch|p1b: Timeline|Flutter Mane, L50|100\/100\n|-terastallize|p1a: Tiki|Poison\n|move|p2b: Dragonite|Extreme Speed|p1b: Timeline\n|-immune|p1b: Timeline\n|move|p2a: Iron Bundle|Freeze-Dry|p1b: Timeline\n|-crit|p1b: Timeline\n|-damage|p1b: Timeline|62\/100\n|move|p1a: Tiki|Heavy Slam|p2a: Iron Bundle\n|-damage|p2a: Iron Bundle|9\/100\n|\n|upkeep\n|turn|4\n|\n|t:|1683680948\n|-end|p1b: Timeline|Protosynthesis|[silent]\n|switch|p1b: Marino|Palafin-Hero, L50, F|100\/100\n|move|p2a: Iron Bundle|Protect|p2a: Iron Bundle\n|-singleturn|p2a: Iron Bundle|Protect\n|move|p2b: Dragonite|Stomping Tantrum|p1a: Tiki\n|-supereffective|p1a: Tiki\n|-damage|p1a: Tiki|0 fnt\n|faint|p1a: Tiki\n|\n|upkeep\n|\n|t:|1683680955\n|switch|p1a: Timeline|Flutter Mane, L50|62\/100\n|turn|5\n|\n|t:|1683680973\n|move|p2b: Dragonite|Extreme Speed|p1b: Marino\n|-damage|p1b: Marino|74\/100\n|move|p1b: Marino|Jet Punch|p2a: Iron Bundle\n|-resisted|p2a: Iron Bundle\n|-damage|p2a: Iron Bundle|0 fnt\n|faint|p2a: Iron Bundle\n|-end|p2a: Iron Bundle|Quark Drive|[silent]\n|move|p1a: Timeline|Moonblast|p2b: Dragonite\n|-supereffective|p2b: Dragonite\n|-damage|p2b: Dragonite|41\/100\n|-unboost|p2b: Dragonite|spa|1\n|\n|upkeep\n|\n|t:|1683680985\n|switch|p2a: Chien-Pao|Chien-Pao, L50|100\/100\n|-ability|p2a: Chien-Pao|Sword of Ruin\n|turn|6\n|\n|t:|1683680999\n|move|p2b: Dragonite|Extreme Speed|p1b: Marino\n|-damage|p1b: Marino|37\/100\n|move|p2a: Chien-Pao|Sucker Punch|p1a: Timeline\n|-damage|p1a: Timeline|0 fnt\n|faint|p1a: Timeline\n|-end|p1a: Timeline|Protosynthesis|[silent]\n|move|p1b: Marino|Jet Punch|p2b: Dragonite\n|-resisted|p2b: Dragonite\n|-damage|p2b: Dragonite|11\/100\n|\n|upkeep\n|turn|7\n|c|\u2606SpadesHS|ggs\n|\n|t:|1683681010\n|move|p2b: Dragonite|Extreme Speed|p1b: Marino\n|-damage|p1b: Marino|0 fnt\n|faint|p1b: Marino\n|\n|win|Flipsicle\n|c|\u2606Flipsicle|gg\n|c|\u2606Flipsicle|wp\n|l|\u2606SpadesHS\n|l|\u2606Flipsicle\n|j|\u2606Flipsicle\n|player|p2|Flipsicle|elesa-masters\n","uploadtime":1683681990,"views":15,"p1id":"spadeshs","p2id":"flipsicle","formatid":"gen9vgc2023regulationc","rating":0,"private":0,"password":""}