{"id":"gen9vgc2023regulationc-1844904049","p1":"Talle Nara","p2":"Arkokiller","format":"[Gen 9] VGC 2023 Regulation C","log":"|j|\u2606Talle Nara\n|j|\u2606Arkokiller\n|t:|1681662462\n|gametype|doubles\n|player|p1|Talle Nara|benga|1075\n|player|p2|Arkokiller|1|1030\n|teamsize|p1|6\n|teamsize|p2|6\n|gen|9\n|tier|[Gen 9] VGC 2023 Regulation C\n|rated|\n|rule|Species Clause: Limit one of each Pok\u00e9mon\n|rule|Item Clause: Limit one of each item\n|clearpoke\n|poke|p1|Rotom-Heat, L50|\n|poke|p1|Grimmsnarl, L50, M|\n|poke|p1|Gastrodon, L50, F|\n|poke|p1|Chi-Yu, L50|\n|poke|p1|Flutter Mane, L50|\n|poke|p1|Arcanine, L50, M|\n|poke|p2|Dondozo, L50, F|\n|poke|p2|Sandy Shocks, L50|\n|poke|p2|Maushold, L50|\n|poke|p2|Gothitelle, L50, M|\n|poke|p2|Lycanroc-Midnight, L50, F|\n|poke|p2|Tatsugiri, L50, F|\n|teampreview|4\n|\n|t:|1681662488\n|start\n|switch|p1a: Grimmsnarl|Grimmsnarl, L50, M, shiny|100\/100\n|switch|p1b: Arcanine|Arcanine, L50, M|100\/100\n|switch|p2a: Lycanroc|Lycanroc-Midnight, L50, F, shiny|100\/100\n|switch|p2b: Gothitelle|Gothitelle, L50, M|100\/100\n|-ability|p1b: Arcanine|Intimidate|boost\n|-unboost|p2a: Lycanroc|atk|1\n|-unboost|p2b: Gothitelle|atk|1\n|-ability|p2b: Gothitelle|Competitive|boost\n|-boost|p2b: Gothitelle|spa|2\n|turn|1\n|\n|t:|1681662519\n|-terastallize|p2b: Gothitelle|Dark\n|move|p1a: Grimmsnarl|Thunder Wave|p2b: Gothitelle\n|-hint|Since gen 7, Dark is immune to Prankster moves.\n|-immune|p2b: Gothitelle\n|move|p1b: Arcanine|Will-O-Wisp|p2a: Lycanroc\n|-status|p2a: Lycanroc|brn\n|move|p2a: Lycanroc|Rock Slide|p1b: Arcanine|[spread] p1a,p1b\n|-supereffective|p1b: Arcanine\n|-damage|p1a: Grimmsnarl|93\/100\n|-damage|p1b: Arcanine|85\/100\n|move|p2b: Gothitelle|Skill Swap|p2a: Lycanroc\n|-activate|p2b: Gothitelle|move: Skill Swap|||[of] p2a: Lycanroc\n|\n|-damage|p2a: Lycanroc|94\/100 brn|[from] brn\n|upkeep\n|turn|2\n|\n|t:|1681662540\n|switch|p2a: Dondozo|Dondozo, L50, F|100\/100\n|move|p1a: Grimmsnarl|Reflect|p1a: Grimmsnarl\n|-sidestart|p1: Talle Nara|Reflect\n|move|p1b: Arcanine|Snarl|p2b: Gothitelle|[spread] p2a,p2b\n|-resisted|p2b: Gothitelle\n|-damage|p2a: Dondozo|93\/100\n|-damage|p2b: Gothitelle|98\/100\n|-unboost|p2a: Dondozo|spa|1\n|-unboost|p2b: Gothitelle|spa|1\n|move|p2b: Gothitelle|Skill Swap|p2a: Dondozo\n|-activate|p2b: Gothitelle|move: Skill Swap|||[of] p2a: Dondozo\n|\n|-heal|p2a: Dondozo|99\/100|[from] item: Leftovers\n|upkeep\n|turn|3\n|\n|t:|1681662566\n|switch|p2b: Tatsugiri|Tatsugiri, L50, F|100\/100\n|-activate|p2b: Tatsugiri|ability: Commander|[of] p2a: Dondozo\n|-boost|p2a: Dondozo|atk|2\n|-boost|p2a: Dondozo|spa|2\n|-boost|p2a: Dondozo|spe|2\n|-boost|p2a: Dondozo|def|2\n|-boost|p2a: Dondozo|spd|2\n|move|p1b: Arcanine|Will-O-Wisp|p2a: Dondozo\n|-status|p2a: Dondozo|brn\n|move|p2a: Dondozo|Substitute|p2a: Dondozo\n|-start|p2a: Dondozo|Substitute\n|-damage|p2a: Dondozo|74\/100 brn\n|move|p1a: Grimmsnarl|Spirit Break|p2b: Tatsugiri|[miss]\n|-miss|p1a: Grimmsnarl|p2b: Tatsugiri\n|\n|-heal|p2a: Dondozo|80\/100 brn|[from] item: Leftovers\n|-damage|p2a: Dondozo|74\/100 brn|[from] brn\n|upkeep\n|turn|4\n|\n|t:|1681662588\n|move|p1b: Arcanine|Snarl|p2b: Tatsugiri|[spread] p2a\n|-miss|p1b: Arcanine|p2b: Tatsugiri\n|-damage|p2a: Dondozo|71\/100 brn\n|-unboost|p2a: Dondozo|spa|1\n|move|p2a: Dondozo|Fissure|p1a: Grimmsnarl\n|-damage|p1a: Grimmsnarl|0 fnt\n|faint|p1a: Grimmsnarl\n|-ohko\n|\n|-heal|p2a: Dondozo|77\/100 brn|[from] item: Leftovers\n|-damage|p2a: Dondozo|71\/100 brn|[from] brn\n|upkeep\n|\n|t:|1681662606\n|switch|p1a: Flutter Mane|Flutter Mane, L50|100\/100\n|turn|5\n|\n|t:|1681662629\n|move|p1a: Flutter Mane|Protect|p1a: Flutter Mane\n|-singleturn|p1a: Flutter Mane|Protect\n|move|p1b: Arcanine|Flare Blitz|p2a: Dondozo\n|-resisted|p2a: Dondozo\n|-activate|p2a: Dondozo|move: Substitute|[damage]\n|-damage|p1b: Arcanine|82\/100|[from] Recoil|[of] p2a: Dondozo\n|move|p2a: Dondozo|Fissure|p1a: Flutter Mane\n|-activate|p1a: Flutter Mane|move: Protect\n|\n|-heal|p2a: Dondozo|77\/100 brn|[from] item: Leftovers\n|-damage|p2a: Dondozo|71\/100 brn|[from] brn\n|upkeep\n|turn|6\n|\n|t:|1681662645\n|move|p1a: Flutter Mane|Moonblast|p2a: Dondozo\n|-end|p2a: Dondozo|Substitute\n|-damage|p1a: Flutter Mane|91\/100|[from] item: Life Orb\n|move|p1b: Arcanine|Flare Blitz|p2a: Dondozo\n|-resisted|p2a: Dondozo\n|-damage|p2a: Dondozo|64\/100 brn\n|-damage|p1b: Arcanine|79\/100|[from] Recoil\n|move|p2a: Dondozo|Fissure|p1a: Flutter Mane\n|-damage|p1a: Flutter Mane|0 fnt\n|faint|p1a: Flutter Mane\n|-end|p1a: Flutter Mane|Protosynthesis|[silent]\n|-ohko\n|\n|-heal|p2a: Dondozo|70\/100 brn|[from] item: Leftovers\n|-damage|p2a: Dondozo|64\/100 brn|[from] brn\n|upkeep\n|\n|t:|1681662661\n|switch|p1a: Chi-Yu|Chi-Yu, L50|100\/100\n|-ability|p1a: Chi-Yu|Beads of Ruin\n|turn|7\n|\n|t:|1681662685\n|-terastallize|p1a: Chi-Yu|Fire\n|move|p1a: Chi-Yu|Dark Pulse|p2a: Dondozo\n|-damage|p2a: Dondozo|27\/100 brn\n|move|p1b: Arcanine|Flare Blitz|p2a: Dondozo\n|-resisted|p2a: Dondozo\n|-damage|p2a: Dondozo|20\/100 brn\n|-damage|p1b: Arcanine|76\/100|[from] Recoil\n|move|p2a: Dondozo|Fissure|p1b: Arcanine\n|-damage|p1b: Arcanine|0 fnt\n|faint|p1b: Arcanine\n|-ohko\n|\n|-heal|p2a: Dondozo|27\/100 brn|[from] item: Leftovers\n|-damage|p2a: Dondozo|20\/100 brn|[from] brn\n|upkeep\n|turn|8\n|\n|t:|1681662704\n|move|p1a: Chi-Yu|Dark Pulse|p2a: Dondozo\n|-crit|p2a: Dondozo\n|-damage|p2a: Dondozo|0 fnt\n|faint|p2a: Dondozo\n|\n|upkeep\n|\n|t:|1681662710\n|switch|p2a: Lycanroc|Lycanroc-Midnight, L50, F, shiny|94\/100 brn\n|turn|9\n|\n|t:|1681662722\n|move|p1a: Chi-Yu|Dark Pulse|p2b: Tatsugiri\n|-damage|p2b: Tatsugiri|0 fnt\n|faint|p2b: Tatsugiri\n|move|p2a: Lycanroc|Rock Slide|p1a: Chi-Yu\n|-supereffective|p1a: Chi-Yu\n|-damage|p1a: Chi-Yu|64\/100\n|\n|-damage|p2a: Lycanroc|88\/100 brn|[from] brn\n|-sideend|p1: Talle Nara|Reflect\n|upkeep\n|\n|t:|1681662731\n|switch|p2b: Gothitelle|Gothitelle, L50, M, tera:Dark|98\/100\n|turn|10\n|\n|t:|1681662744\n|move|p2b: Gothitelle|Fake Out|p1a: Chi-Yu\n|-damage|p1a: Chi-Yu|52\/100\n|cant|p1a: Chi-Yu|flinch\n|move|p2a: Lycanroc|Rock Slide|p1a: Chi-Yu\n|-supereffective|p1a: Chi-Yu\n|-damage|p1a: Chi-Yu|3\/100\n|\n|-damage|p2a: Lycanroc|82\/100 brn|[from] brn\n|upkeep\n|turn|11\n|\n|t:|1681662766\n|move|p1a: Chi-Yu|Dark Pulse|p2a: Lycanroc\n|-damage|p2a: Lycanroc|6\/100 brn\n|move|p2a: Lycanroc|Rock Slide|p1a: Chi-Yu\n|-supereffective|p1a: Chi-Yu\n|-damage|p1a: Chi-Yu|0 fnt\n|faint|p1a: Chi-Yu\n|\n|win|Arkokiller\n|raw|Talle Nara's rating: 1075 → 1051<\/strong> (-24 for losing)\n|raw|Arkokiller's rating: 1030 → 1070<\/strong> (+40 for winning)\n|l|\u2606Arkokiller\n","uploadtime":1681662800,"views":16,"p1id":"tallenara","p2id":"arkokiller","formatid":"gen9vgc2023regulationc","rating":1051,"private":0,"password":""}