{"id":"gen9vgc2023regulationc-1852289760","p1":"MisterSiringo","p2":"19402u","format":"[Gen 9] VGC 2023 Regulation C","log":"|j|\u2606MisterSiringo\n|j|\u260619402u\n|t:|1682540533\n|gametype|doubles\n|player|p1|MisterSiringo|miriam|1538\n|player|p2|19402u|170|1582\n|teamsize|p1|6\n|teamsize|p2|6\n|gen|9\n|tier|[Gen 9] VGC 2023 Regulation C\n|rated|\n|rule|Species Clause: Limit one of each Pok\u00e9mon\n|rule|Item Clause: Limit one of each item\n|clearpoke\n|poke|p1|Orthworm, L50, M|\n|poke|p1|Dragonite, L50, F|\n|poke|p1|Ting-Lu, L50|\n|poke|p1|Flutter Mane, L50|\n|poke|p1|Gyarados, L50, F|\n|poke|p1|Amoonguss, L50, F|\n|poke|p2|Glimmora, L50, M|\n|poke|p2|Dragonite, L50, M|\n|poke|p2|Dondozo, L50, M|\n|poke|p2|Tatsugiri, L50, F|\n|poke|p2|Chi-Yu, L50|\n|poke|p2|Iron Bundle, L50|\n|teampreview|4\nMisterSiringo has agreed to open team sheets.\n19402u has agreed to open team sheets.\n|j| ErPako\n|\n|t:|1682540582\n|start\n|switch|p1a: Ting-Lu|Ting-Lu, L50|100\/100\n|switch|p1b: Dragonite|Dragonite, L50, F|100\/100\n|switch|p2a: Chi-Yu|Chi-Yu, L50|100\/100\n|switch|p2b: Iron Bundle|Iron Bundle, L50, shiny|100\/100\n|-ability|p2a: Chi-Yu|Beads of Ruin\n|-ability|p1a: Ting-Lu|Vessel of Ruin\n|-enditem|p2b: Iron Bundle|Booster Energy\n|-activate|p2b: Iron Bundle|ability: Quark Drive|[fromitem]\n|-start|p2b: Iron Bundle|quarkdrivespe\n|turn|1\n|\n|t:|1682540602\n|-terastallize|p1b: Dragonite|Flying\n|move|p2b: Iron Bundle|Protect|p2b: Iron Bundle\n|-singleturn|p2b: Iron Bundle|Protect\n|move|p2a: Chi-Yu|Heat Wave|p1a: Ting-Lu|[spread] p1a,p1b\n|-damage|p1a: Ting-Lu|82\/100\n|-damage|p1b: Dragonite|81\/100\n|-status|p1b: Dragonite|brn\n|-enditem|p1b: Dragonite|Lum Berry|[eat]\n|-curestatus|p1b: Dragonite|brn|[msg]\n|move|p1b: Dragonite|Dragon Dance|p1b: Dragonite\n|-boost|p1b: Dragonite|atk|1\n|-boost|p1b: Dragonite|spe|1\n|move|p1a: Ting-Lu|Bulldoze|p2a: Chi-Yu|[spread] p2a\n|-activate|p2b: Iron Bundle|move: Protect\n|-immune|p1b: Dragonite\n|-supereffective|p2a: Chi-Yu\n|-damage|p2a: Chi-Yu|32\/100\n|-unboost|p2a: Chi-Yu|spe|1\n|\n|upkeep\n|turn|2\n|\n|t:|1682540662\n|move|p2a: Chi-Yu|Protect|p2a: Chi-Yu\n|-singleturn|p2a: Chi-Yu|Protect\n|move|p1b: Dragonite|Extreme Speed|p2a: Chi-Yu\n|-activate|p2a: Chi-Yu|move: Protect\n|move|p2b: Iron Bundle|Freeze-Dry|p1b: Dragonite\n|-supereffective|p1b: Dragonite\n|-damage|p1b: Dragonite|15\/100\n|move|p1a: Ting-Lu|Stomping Tantrum|p2b: Iron Bundle\n|-damage|p2b: Iron Bundle|59\/100\n|\n|upkeep\n|turn|3\n|\n|t:|1682540687\n|-end|p2b: Iron Bundle|Quark Drive|[silent]\n|switch|p2b: Dondozo|Dondozo, L50, M|100\/100\n|switch|p2a: Tatsugiri|Tatsugiri, L50, F|100\/100\n|-activate|p2a: Tatsugiri|ability: Commander|[of] p2b: Dondozo\n|-boost|p2b: Dondozo|atk|2\n|-boost|p2b: Dondozo|spa|2\n|-boost|p2b: Dondozo|spe|2\n|-boost|p2b: Dondozo|def|2\n|-boost|p2b: Dondozo|spd|2\n|move|p1b: Dragonite|Extreme Speed|p2b: Dondozo\n|-damage|p2b: Dondozo|85\/100\n|move|p1a: Ting-Lu|Bulldoze|p2b: Dondozo|[spread] p2b\n|-miss|p1a: Ting-Lu|p2a: Tatsugiri\n|-immune|p1b: Dragonite\n|-damage|p2b: Dondozo|78\/100\n|-unboost|p2b: Dondozo|spe|1\n|\n|-heal|p2b: Dondozo|84\/100|[from] item: Leftovers\n|upkeep\n|turn|4\n|\n|t:|1682540703\n|switch|p1b: Orthworm|Orthworm, L50, M, shiny|100\/100\n|move|p2b: Dondozo|Wave Crash|p1b: Orthworm\n|-damage|p1b: Orthworm|25\/100\n|-enditem|p1b: Orthworm|Sitrus Berry|[eat]\n|-heal|p1b: Orthworm|50\/100|[from] item: Sitrus Berry\n|-damage|p2b: Dondozo|65\/100|[from] Recoil\n|move|p1a: Ting-Lu|Bulldoze|p2b: Dondozo|[spread] p2b\n|-miss|p1a: Ting-Lu|p2a: Tatsugiri\n|-heal|p1b: Orthworm|75\/100|[from] ability: Earth Eater|[of] p1a: Ting-Lu\n|-damage|p2b: Dondozo|58\/100\n|-unboost|p2b: Dondozo|spe|1\n|\n|-heal|p2b: Dondozo|64\/100|[from] item: Leftovers\n|upkeep\n|turn|5\n|\n|t:|1682540721\n|switch|p1b: Amoonguss|Amoonguss, L50, F, shiny|100\/100\n|move|p1a: Ting-Lu|Bulldoze|p2b: Dondozo|[spread] p1b,p2b\n|-miss|p1a: Ting-Lu|p2a: Tatsugiri\n|-damage|p1b: Amoonguss|85\/100\n|-damage|p2b: Dondozo|57\/100\n|-unboost|p1b: Amoonguss|spe|1\n|-unboost|p2b: Dondozo|spe|1\n|move|p2b: Dondozo|Wave Crash|p1a: Ting-Lu\n|-supereffective|p1a: Ting-Lu\n|-damage|p1a: Ting-Lu|0 fnt\n|faint|p1a: Ting-Lu\n|-damage|p2b: Dondozo|29\/100|[from] Recoil\n|\n|-heal|p2b: Dondozo|35\/100|[from] item: Leftovers\n|upkeep\n|\n|t:|1682540737\n|switch|p1a: Orthworm|Orthworm, L50, M, shiny|75\/100\n|turn|6\n|j| Withoutexcuse\n|\n|t:|1682540765\n|move|p1a: Orthworm|Iron Defense|p1a: Orthworm\n|-boost|p1a: Orthworm|def|2\n|move|p2b: Dondozo|Wave Crash|p1a: Orthworm\n|-damage|p1a: Orthworm|37\/100\n|-damage|p2b: Dondozo|25\/100|[from] Recoil\n|move|p1b: Amoonguss|Clear Smog|p2b: Dondozo\n|-damage|p2b: Dondozo|18\/100\n|-clearboost|p2b: Dondozo\n|\n|-heal|p2b: Dondozo|24\/100|[from] item: Leftovers\n|upkeep\n|turn|7\n|\n|t:|1682540777\n|move|p2b: Dondozo|Wave Crash|p1a: Orthworm\n|-damage|p1a: Orthworm|19\/100\n|-damage|p2b: Dondozo|20\/100|[from] Recoil\n|move|p1a: Orthworm|Iron Defense|p1a: Orthworm\n|-boost|p1a: Orthworm|def|2\n|move|p1b: Amoonguss|Pollen Puff|p1a: Orthworm\n|-heal|p1a: Orthworm|69\/100\n|\n|-heal|p2b: Dondozo|26\/100|[from] item: Leftovers\n|upkeep\n|turn|8\n|j| dcsvfwfeq\n|\n|t:|1682540801\n|move|p2b: Dondozo|Wave Crash|p1a: Orthworm\n|-damage|p1a: Orthworm|56\/100\n|-damage|p2b: Dondozo|23\/100|[from] Recoil\n|move|p1a: Orthworm|Shed Tail|p1a: Orthworm\n|-start|p1a: Orthworm|Substitute|[from] move: Shed Tail\n|-damage|p1a: Orthworm|6\/100\n|\n|t:|1682540807\n|switch|p1a: Dragonite|Dragonite, L50, F, tera:Flying|15\/100|[from] Shed Tail\n|move|p1b: Amoonguss|Pollen Puff|p1a: Dragonite\n|-heal|p1a: Dragonite|65\/100\n|\n|-heal|p2b: Dondozo|29\/100|[from] item: Leftovers\n|upkeep\n|turn|9\n|\n|t:|1682540815\n|-terastallize|p2b: Dondozo|Grass\n|move|p1a: Dragonite|Dragon Dance|p1a: Dragonite\n|-boost|p1a: Dragonite|atk|1\n|-boost|p1a: Dragonite|spe|1\n|move|p2b: Dondozo|Wave Crash|p1a: Dragonite\n|-end|p1a: Dragonite|Substitute\n|-damage|p2b: Dondozo|22\/100|[from] Recoil|[of] p1a: Dragonite\n|move|p1b: Amoonguss|Spore|p2b: Dondozo\n|-immune|p2b: Dondozo\n|\n|-heal|p2b: Dondozo|28\/100|[from] item: Leftovers\n|upkeep\n|turn|10\n|\n|t:|1682540834\n|move|p1a: Dragonite|Dragon Dance|p1a: Dragonite\n|-boost|p1a: Dragonite|atk|1\n|-boost|p1a: Dragonite|spe|1\n|move|p2b: Dondozo|Wave Crash|p1a: Dragonite\n|-damage|p1a: Dragonite|14\/100\n|-damage|p2b: Dondozo|16\/100|[from] Recoil\n|move|p1b: Amoonguss|Pollen Puff|p1a: Dragonite\n|-heal|p1a: Dragonite|64\/100\n|\n|-heal|p2b: Dondozo|22\/100|[from] item: Leftovers\n|upkeep\n|turn|11\n|\n|t:|1682540849\n|move|p1a: Dragonite|Tera Blast|p2b: Dondozo\n|-supereffective|p2b: Dondozo\n|-damage|p2b: Dondozo|0 fnt\n|faint|p2b: Dondozo\n|move|p1b: Amoonguss|Spore|p2a: Tatsugiri\n|-status|p2a: Tatsugiri|slp|[from] move: Spore\n|\n|upkeep\n|\n|t:|1682540862\n|switch|p2b: Iron Bundle|Iron Bundle, L50, shiny|59\/100\n|turn|12\n|\n|t:|1682540874\n|move|p2b: Iron Bundle|Protect|p2b: Iron Bundle\n|-singleturn|p2b: Iron Bundle|Protect\n|move|p1a: Dragonite|Tera Blast|p2b: Iron Bundle\n|-activate|p2b: Iron Bundle|move: Protect\n|cant|p2a: Tatsugiri|slp\n|move|p2a: Tatsugiri|Sleep Talk|p2a: Tatsugiri\n|move|p2a: Tatsugiri|Muddy Water|p1b: Amoonguss|[from]move: Sleep Talk|[spread] p1a,p1b\n|-resisted|p1b: Amoonguss\n|-damage|p1a: Dragonite|29\/100\n|-damage|p1b: Amoonguss|71\/100\n|-unboost|p1a: Dragonite|accuracy|1\n|move|p1b: Amoonguss|Pollen Puff|p1a: Dragonite\n|-heal|p1a: Dragonite|79\/100\n|\n|upkeep\n|turn|13\n|\n|t:|1682540893\n|move|p1a: Dragonite|Tera Blast|p2b: Iron Bundle\n|-damage|p2b: Iron Bundle|0 fnt\n|faint|p2b: Iron Bundle\n|-end|p2b: Iron Bundle|Quark Drive|[silent]\n|cant|p2a: Tatsugiri|slp\n|move|p2a: Tatsugiri|Sleep Talk|p2a: Tatsugiri\n|move|p2a: Tatsugiri|Icy Wind|p1b: Amoonguss|[from]move: Sleep Talk|[spread] p1a,p1b\n|-supereffective|p1a: Dragonite\n|-supereffective|p1b: Amoonguss\n|-damage|p1a: Dragonite|53\/100\n|-damage|p1b: Amoonguss|47\/100\n|-unboost|p1a: Dragonite|spe|1\n|-unboost|p1b: Amoonguss|spe|1\n|move|p1b: Amoonguss|Pollen Puff|p1a: Dragonite\n|-heal|p1a: Dragonite|100\/100\n|\n|upkeep\n|\n|t:|1682540901\n|switch|p2b: Chi-Yu|Chi-Yu, L50|32\/100\n|-ability|p2b: Chi-Yu|Beads of Ruin\n|turn|14\n|\n|t:|1682540911\n|-curestatus|p2a: Tatsugiri|slp|[msg]\n|move|p2a: Tatsugiri|Sleep Talk||[still]\n|-fail|p2a: Tatsugiri\n|move|p1a: Dragonite|Earthquake|p2a: Tatsugiri|[spread] p2b\n|-miss|p1a: Dragonite|p1b: Amoonguss\n|-miss|p1a: Dragonite|p2a: Tatsugiri\n|-supereffective|p2b: Chi-Yu\n|-damage|p2b: Chi-Yu|0 fnt\n|faint|p2b: Chi-Yu\n|move|p1b: Amoonguss|Pollen Puff|p1a: Dragonite\n|-immune|p1a: Dragonite\n|\n|upkeep\n|turn|15\n|-message|19402u forfeited.\n|\n|win|MisterSiringo\n|raw|MisterSiringo's rating: 1538 → 1561<\/strong> (+23 for winning)\n|raw|19402u's rating: 1582 → 1559<\/strong> (-23 for losing)\n","uploadtime":1682540919,"views":10,"p1id":"mistersiringo","p2id":"19402u","formatid":"gen9vgc2023regulationc","rating":1559,"private":0,"password":""}