{"id":"gen9vgc2023regulationc-1849920353","p1":"Rey9vgc","p2":"Sratsym","format":"[Gen 9] VGC 2023 Regulation C","log":"|j|\u2606Rey9vgc\n|j|\u2606Sratsym\n|t:|1682268218\n|gametype|doubles\n|player|p1|Rey9vgc|265|\n|player|p2|Sratsym|erika-masters|\n|teamsize|p1|6\n|teamsize|p2|6\n|gen|9\n|tier|[Gen 9] VGC 2023 Regulation C\n|rule|Species Clause: Limit one of each Pok\u00e9mon\n|rule|Item Clause: Limit one of each item\n|clearpoke\n|poke|p1|Palafin, L50, M|\n|poke|p1|Arcanine, L50, F|\n|poke|p1|Amoonguss, L50, M|\n|poke|p1|Ting-Lu, L50|\n|poke|p1|Baxcalibur, L50, M|\n|poke|p1|Flutter Mane, L50|\n|poke|p2|Flutter Mane, L50|\n|poke|p2|Palafin, L50, F|\n|poke|p2|Amoonguss, L50, F|\n|poke|p2|Arcanine, L50, F|\n|poke|p2|Ting-Lu, L50|\n|poke|p2|Roaring Moon, L50|\n|teampreview|4\n|inactive|Battle timer is ON: inactive players will automatically lose when time's up. (requested by Sratsym)\n|inactiveoff|Battle timer is now OFF.\nSratsym has agreed to open team sheets.\nRey9vgc has agreed to open team sheets.\n|c|\u2606Rey9vgc|Glhf\n|\n|t:|1682268290\n|start\n|switch|p1a: Baxcalibur|Baxcalibur, L50, M|100\/100\n|switch|p1b: Palafin|Palafin, L50, M, shiny|100\/100\n|switch|p2a: Flutter Mane|Flutter Mane, L50|100\/100\n|switch|p2b: Palafin|Palafin, L50, F|100\/100\n|turn|1\n|j| Axior\n|c|\u2606Sratsym|you too\n|j| abhayfive\n|\n|t:|1682268324\n|detailschange|p2b: Palafin|Palafin-Hero, L50, F\n|switch|p2b: Arcanine|Arcanine, L50, F|100\/100\n|-ability|p2b: Arcanine|Intimidate|boost\n|-fail|p1a: Baxcalibur|unboost|[from] item: Clear Amulet|[of] p1a: Baxcalibur\n|-unboost|p1b: Palafin|atk|1\n|detailschange|p1b: Palafin|Palafin-Hero, L50, M, shiny\n|switch|p1b: Amoonguss|Amoonguss, L50, M|100\/100\n|move|p1a: Baxcalibur|Protect|p1a: Baxcalibur\n|-singleturn|p1a: Baxcalibur|Protect\n|move|p2a: Flutter Mane|Shadow Ball|p1b: Amoonguss\n|-damage|p1b: Amoonguss|48\/100\n|-enditem|p1b: Amoonguss|Sitrus Berry|[eat]\n|-heal|p1b: Amoonguss|73\/100|[from] item: Sitrus Berry\n|\n|upkeep\n|turn|2\n|j| Orangex337\n|j| JayVGC YT\n|l| Orangex337\n|j| globaleuitdaging\n|j| Kiyonamivgc\n|j| kunal2\n|j| billcd\n|j| Svenvgc\n|l| Kiyonamivgc\n|j| benjinotnice\n|j| Tekagt\n|\n|t:|1682268388\n|move|p1b: Amoonguss|Rage Powder|p1b: Amoonguss\n|-singleturn|p1b: Amoonguss|move: Rage Powder\n|move|p2a: Flutter Mane|Shadow Ball|p1b: Amoonguss\n|-damage|p1b: Amoonguss|25\/100\n|move|p2b: Arcanine|Flare Blitz|p1a: Baxcalibur\n|-damage|p1a: Baxcalibur|62\/100\n|-ability|p1a: Baxcalibur|Thermal Exchange|boost\n|-boost|p1a: Baxcalibur|atk|1\n|-damage|p2b: Arcanine|86\/100|[from] Recoil\n|move|p1a: Baxcalibur|Icicle Crash|p2a: Flutter Mane\n|-damage|p2a: Flutter Mane|0 fnt\n|faint|p2a: Flutter Mane\n|-end|p2a: Flutter Mane|Protosynthesis|[silent]\n|\n|upkeep\n|j| templevgc\n|l| kunal2\n|\n|t:|1682268407\n|switch|p2a: Palafin|Palafin-Hero, L50, F|100\/100\n|-activate|p2a: Palafin|ability: Zero to Hero\n|turn|3\n|j| kunal2\n|j| Dunkler Georg\n|\n|t:|1682268457\n|switch|p2a: Amoonguss|Amoonguss, L50, F|100\/100\n|move|p1b: Amoonguss|Rage Powder|p1b: Amoonguss\n|-singleturn|p1b: Amoonguss|move: Rage Powder\n|move|p2b: Arcanine|Will-O-Wisp|p1b: Amoonguss|[miss]\n|-miss|p2b: Arcanine|p1b: Amoonguss\n|move|p1a: Baxcalibur|Glaive Rush|p2a: Amoonguss\n|-damage|p2a: Amoonguss|2\/100\n|-singlemove|p1a: Baxcalibur|Glaive Rush|[silent]\n|-enditem|p2a: Amoonguss|Sitrus Berry|[eat]\n|-heal|p2a: Amoonguss|27\/100|[from] item: Sitrus Berry\n|\n|upkeep\n|turn|4\n|\n|t:|1682268476\n|move|p2a: Amoonguss|Protect|p2a: Amoonguss\n|-singleturn|p2a: Amoonguss|Protect\n|move|p1a: Baxcalibur|Ice Shard|p2a: Amoonguss\n|-activate|p2a: Amoonguss|move: Protect\n|move|p2b: Arcanine|Flare Blitz|p1a: Baxcalibur\n|-damage|p1a: Baxcalibur|19\/100\n|-ability|p1a: Baxcalibur|Thermal Exchange|boost\n|-boost|p1a: Baxcalibur|atk|1\n|-damage|p2b: Arcanine|70\/100|[from] Recoil\n|move|p1b: Amoonguss|Pollen Puff|p1a: Baxcalibur\n|-heal|p1a: Baxcalibur|69\/100\n|\n|upkeep\n|turn|5\n|j| Yzanvgc\n|\n|t:|1682268495\n|switch|p2a: Palafin|Palafin-Hero, L50, F|100\/100\n|move|p2b: Arcanine|Flare Blitz|p1b: Amoonguss\n|-supereffective|p1b: Amoonguss\n|-damage|p1b: Amoonguss|0 fnt\n|faint|p1b: Amoonguss\n|-damage|p2b: Arcanine|61\/100|[from] Recoil\n|move|p1a: Baxcalibur|Glaive Rush|p2a: Palafin\n|-damage|p2a: Palafin|0 fnt\n|-singlemove|p1a: Baxcalibur|Glaive Rush|[silent]\n|faint|p2a: Palafin\n|\n|upkeep\n|\n|t:|1682268507\n|switch|p2a: Amoonguss|Amoonguss, L50, F|60\/100\n|switch|p1b: Arcanine|Arcanine, L50, F|100\/100\n|-ability|p1b: Arcanine|Intimidate|boost\n|-unboost|p2a: Amoonguss|atk|1\n|-unboost|p2b: Arcanine|atk|1\n|turn|6\n|j| SnorlaxatemyDimSum\n|j| FREEDOMFIGHTER28\n|\n|t:|1682268528\n|move|p1a: Baxcalibur|Protect|p1a: Baxcalibur\n|-singleturn|p1a: Baxcalibur|Protect\n|move|p2a: Amoonguss|Protect|p2a: Amoonguss\n|-singleturn|p2a: Amoonguss|Protect\n|move|p2b: Arcanine|Flare Blitz|p1a: Baxcalibur\n|-activate|p1a: Baxcalibur|move: Protect\n|move|p1b: Arcanine|Flare Blitz|p2a: Amoonguss\n|-activate|p2a: Amoonguss|move: Protect\n|\n|upkeep\n|turn|7\n|\n|t:|1682268543\n|move|p2b: Arcanine|Flare Blitz|p1a: Baxcalibur\n|-damage|p1a: Baxcalibur|41\/100\n|-ability|p1a: Baxcalibur|Thermal Exchange|boost\n|-boost|p1a: Baxcalibur|atk|1\n|-damage|p2b: Arcanine|51\/100|[from] Recoil\n|move|p1b: Arcanine|Flare Blitz|p2b: Arcanine\n|-resisted|p2b: Arcanine\n|-damage|p2b: Arcanine|24\/100\n|-damage|p1b: Arcanine|92\/100|[from] Recoil\n|move|p1a: Baxcalibur|Glaive Rush|p2a: Amoonguss\n|-damage|p2a: Amoonguss|0 fnt\n|-singlemove|p1a: Baxcalibur|Glaive Rush|[silent]\n|faint|p2a: Amoonguss\n|\n|upkeep\n|turn|8\n|-message|Sratsym forfeited.\n|\n|win|Rey9vgc\n|c|\u2606Rey9vgc|Gg\n|c|\u2606Sratsym|gg\n|l| JayVGC YT\n|j| pokeway96\n|j| MSI2023\n|j| duckpond\n|l| kunal2\n|l| benjinotnice\n|j| benjinotnice\n|l| benjinotnice\n|l| FREEDOMFIGHTER28\n|j| Pokemon19385\n|l| MSI2023\n|j| zardicharvgc\n|j| baaaaat_\n|l| Pokemon19385\n|j| InkVG\n|l| InkVG\n|j| DisneyLando\n|l| DisneyLando\n|l| globaleuitdaging\n|l| billcd\n|l| Axior\n|l| SnorlaxatemyDimSum\n|j| yarudake\n|l| zardicharvgc\n|l| yarudake\n|l|\u2606Rey9vgc\n|l| baaaaat_\n|l| pokeway96\n|l|\u2606Sratsym\n|j|\u2606Rey9vgc\n|player|p1|Rey9vgc|265\n","uploadtime":1682269387,"views":20,"p1id":"rey9vgc","p2id":"sratsym","formatid":"gen9vgc2023regulationc","rating":0,"private":0,"password":""}