{"id":"gen9vgc2023regulationc-1847351063","p1":"Hadrian1917","p2":"DivineCavalier","format":"[Gen 9] VGC 2023 Regulation C","log":"|j|\u2606Hadrian1917\n|j|\u2606DivineCavalier\n|t:|1681941333\n|gametype|doubles\n|player|p1|Hadrian1917|brock|1173\n|player|p2|DivineCavalier|pokefan|1239\n|teamsize|p1|6\n|teamsize|p2|6\n|gen|9\n|tier|[Gen 9] VGC 2023 Regulation C\n|rated|\n|rule|Species Clause: Limit one of each Pok\u00e9mon\n|rule|Item Clause: Limit one of each item\n|clearpoke\n|poke|p1|Flutter Mane, L50|\n|poke|p1|Arcanine, L50, F|\n|poke|p1|Baxcalibur, L50, F|\n|poke|p1|Ting-Lu, L50|\n|poke|p1|Gyarados, L50, F|\n|poke|p1|Amoonguss, L50, M|\n|poke|p2|Sandy Shocks, L50|\n|poke|p2|Torkoal, L50, M|\n|poke|p2|Kingambit, L50, M|\n|poke|p2|Flutter Mane, L50|\n|poke|p2|Palafin, L50, M|\n|poke|p2|Mimikyu, L50, F|\n|teampreview|4\n|inactive|Battle timer is ON: inactive players will automatically lose when time's up. (requested by Hadrian1917)\n|\n|t:|1681941365\n|start\n|switch|p1a: Flutter Mane|Flutter Mane, L50|100\/100\n|switch|p1b: Amoonguss|Amoonguss, L50, M|100\/100\n|switch|p2a: Flutter Mane|Flutter Mane, L50|100\/100\n|switch|p2b: Mimikyu|Mimikyu, L50, F|100\/100\n|turn|1\n|\n|t:|1681941390\n|-end|p1a: Flutter Mane|Protosynthesis|[silent]\n|switch|p1a: Ting-Lu|Ting-Lu, L50|100\/100\n|-ability|p1a: Ting-Lu|Vessel of Ruin\n|switch|p2b: Torkoal|Torkoal, L50, M|100\/100\n|-weather|SunnyDay|[from] ability: Drought|[of] p2b: Torkoal\n|-activate|p2a: Flutter Mane|ability: Protosynthesis\n|-start|p2a: Flutter Mane|protosynthesisspe\n|move|p2a: Flutter Mane|Shadow Ball|p1a: Ting-Lu\n|-resisted|p1a: Ting-Lu\n|-damage|p1a: Ting-Lu|88\/100\n|move|p1b: Amoonguss|Spore|p2a: Flutter Mane\n|-status|p2a: Flutter Mane|slp|[from] move: Spore\n|\n|-weather|SunnyDay|[upkeep]\n|upkeep\n|turn|2\n|\n|t:|1681941408\n|-end|p2a: Flutter Mane|Protosynthesis|[silent]\n|switch|p2a: Mimikyu|Mimikyu, L50, F|100\/100\n|-terastallize|p2b: Torkoal|Water\n|move|p1a: Ting-Lu|Heavy Slam|p2a: Mimikyu\n|-activate|p2a: Mimikyu|ability: Disguise\n|-damage|p2a: Mimikyu|100\/100\n|detailschange|p2a: Mimikyu|Mimikyu-Busted, L50, F\n|-damage|p2a: Mimikyu|88\/100|[from] pokemon: Mimikyu-Busted\n|move|p1b: Amoonguss|Spore|p2b: Torkoal\n|-activate|p2b: Torkoal|item: Safety Goggles|Spore\n|move|p2b: Torkoal|Flamethrower|p1b: Amoonguss\n|-supereffective|p1b: Amoonguss\n|-damage|p1b: Amoonguss|40\/100\n|\n|-weather|SunnyDay|[upkeep]\n|upkeep\n|turn|3\n|inactive|DivineCavalier has 30 seconds left.\n|inactive|DivineCavalier has 20 seconds left.\n|\n|t:|1681941445\n|switch|p1b: Arcanine|Arcanine, L50, F|100\/100\n|-ability|p1b: Arcanine|Intimidate|boost\n|-unboost|p2a: Mimikyu|atk|1\n|-unboost|p2b: Torkoal|atk|1\n|move|p2a: Mimikyu|Curse|p1a: Ting-Lu\n|-start|p1a: Ting-Lu|Curse|[of] p2a: Mimikyu\n|-damage|p2a: Mimikyu|38\/100\n|-enditem|p2a: Mimikyu|Sitrus Berry|[eat]\n|-heal|p2a: Mimikyu|63\/100|[from] item: Sitrus Berry\n|move|p1a: Ting-Lu|Heavy Slam|p2a: Mimikyu\n|-supereffective|p2a: Mimikyu\n|-damage|p2a: Mimikyu|0 fnt\n|faint|p2a: Mimikyu\n|move|p2b: Torkoal|Flamethrower|p1b: Arcanine\n|-resisted|p1b: Arcanine\n|-damage|p1b: Arcanine|85\/100\n|\n|-weather|SunnyDay|[upkeep]\n|-damage|p1a: Ting-Lu|63\/100|[from] Curse\n|upkeep\n|\n|t:|1681941457\n|switch|p2a: Flutter Mane|Flutter Mane, L50|100\/100 slp\n|-activate|p2a: Flutter Mane|ability: Protosynthesis\n|-start|p2a: Flutter Mane|protosynthesisspe\n|turn|4\n|\n|t:|1681941475\n|switch|p1a: Amoonguss|Amoonguss, L50, M|74\/100\n|cant|p2a: Flutter Mane|slp\n|move|p1b: Arcanine|Flare Blitz|p2a: Flutter Mane\n|-damage|p2a: Flutter Mane|0 fnt\n|faint|p2a: Flutter Mane\n|-end|p2a: Flutter Mane|Protosynthesis|[silent]\n|-damage|p1b: Arcanine|63\/100|[from] Recoil\n|move|p2b: Torkoal|Flamethrower|p1a: Amoonguss\n|-supereffective|p1a: Amoonguss\n|-damage|p1a: Amoonguss|0 fnt\n|faint|p1a: Amoonguss\n|\n|-weather|SunnyDay|[upkeep]\n|upkeep\n|\n|t:|1681941490\n|switch|p2a: Kingambit|Kingambit, L50, M|100\/100\n|switch|p1a: Ting-Lu|Ting-Lu, L50|63\/100\n|-ability|p1a: Ting-Lu|Vessel of Ruin\n|turn|5\n|inactive|Hadrian1917 has 30 seconds left.\n|\n|t:|1681941515\n|move|p2a: Kingambit|Protect|p2a: Kingambit\n|-singleturn|p2a: Kingambit|Protect\n|move|p1b: Arcanine|Flare Blitz|p2a: Kingambit\n|-activate|p2a: Kingambit|move: Protect\n|move|p1a: Ting-Lu|Stomping Tantrum|p2a: Kingambit\n|-activate|p2a: Kingambit|move: Protect\n|move|p2b: Torkoal|Body Press|p1b: Arcanine\n|-damage|p1b: Arcanine|31\/100\n|\n|-weather|none\n|upkeep\n|turn|6\n|\n|t:|1681941536\n|move|p2a: Kingambit|Sucker Punch|p1b: Arcanine\n|-damage|p1b: Arcanine|0 fnt\n|faint|p1b: Arcanine\n|move|p1a: Ting-Lu|Stomping Tantrum|p2a: Kingambit\n|-supereffective|p2a: Kingambit\n|-damage|p2a: Kingambit|57\/100\n|move|p2b: Torkoal|Body Press|p1a: Ting-Lu\n|-supereffective|p1a: Ting-Lu\n|-damage|p1a: Ting-Lu|30\/100\n|\n|upkeep\n|\n|t:|1681941544\n|switch|p1b: Flutter Mane|Flutter Mane, L50|100\/100\n|turn|7\n|\n|t:|1681941560\n|-terastallize|p1b: Flutter Mane|Fairy\n|move|p2a: Kingambit|Sucker Punch|p1b: Flutter Mane\n|-resisted|p1b: Flutter Mane\n|-damage|p1b: Flutter Mane|60\/100\n|move|p1b: Flutter Mane|Thunderbolt|p2b: Torkoal\n|-supereffective|p2b: Torkoal\n|-damage|p2b: Torkoal|18\/100\n|move|p1a: Ting-Lu|Fissure|p2a: Kingambit|[miss]\n|-miss|p1a: Ting-Lu|p2a: Kingambit\n|move|p2b: Torkoal|Body Press|p1a: Ting-Lu\n|-supereffective|p1a: Ting-Lu\n|-damage|p1a: Ting-Lu|0 fnt\n|faint|p1a: Ting-Lu\n|\n|upkeep\n|turn|8\n|-message|Hadrian1917 forfeited.\n|\n|win|DivineCavalier\n|raw|Hadrian1917's rating: 1173 → 1153<\/strong> (-20 for losing)\n|raw|DivineCavalier's rating: 1239 → 1259<\/strong> (+20 for winning)\n|l|\u2606Hadrian1917\n|j|\u2606Hadrian1917\n|player|p1|Hadrian1917|brock\n","uploadtime":1681941578,"views":4,"p1id":"hadrian1917","p2id":"divinecavalier","formatid":"gen9vgc2023regulationc","rating":1153,"private":0,"password":""}