{"id":"gen9vgc2023regulationc-1863961771","p1":"MasterDabao","p2":"sabertooth81","format":"[Gen 9] VGC 2023 Regulation C","log":"|j|\u2606MasterDabao\n|j|\u2606sabertooth81\n|t:|1684098431\n|gametype|doubles\n|player|p1|MasterDabao|alder|1078\n|player|p2|sabertooth81|acetrainerf-gen4dp|1100\n|teamsize|p1|6\n|teamsize|p2|6\n|gen|9\n|tier|[Gen 9] VGC 2023 Regulation C\n|rated|\n|rule|Species Clause: Limit one of each Pok\u00e9mon\n|rule|Item Clause: Limit one of each item\n|clearpoke\n|poke|p1|Salamence, L50, M|\n|poke|p1|Quaquaval, L50, M|\n|poke|p1|Skeledirge, L50, M|\n|poke|p1|Meowscarada, L50, M|\n|poke|p1|Espeon, L50, M|\n|poke|p1|Gengar, L50, M|\n|poke|p2|Polteageist-Antique, L50|\n|poke|p2|Appletun, L50, F|\n|poke|p2|Garganacl, L50, M|\n|poke|p2|Veluza, L50, M|\n|poke|p2|Chansey, L50, F|\n|poke|p2|Vespiquen, L50, F|\n|teampreview|4\n|inactive|Battle timer is ON: inactive players will automatically lose when time's up. (requested by sabertooth81)\n|inactive|sabertooth81 has 60 seconds left.\n|inactive|sabertooth81 has 30 seconds left.\n|inactive|sabertooth81 has 20 seconds left.\n|inactive|sabertooth81 has 15 seconds left.\n|inactive|sabertooth81 has 10 seconds left.\n|inactive|sabertooth81 has 5 seconds left.\n|\n|t:|1684098521\n|start\n|switch|p1a: Salamence|Salamence, L50, M, shiny|100\/100\n|switch|p1b: Espeon|Espeon, L50, M, shiny|100\/100\n|switch|p2a: \u8336|Polteageist-Antique, L50, shiny|100\/100\n|switch|p2b: \u308a\u3093\u3054|Appletun, L50, F, shiny|100\/100\n|turn|1\n|inactive|sabertooth81 has 30 seconds left.\n|\n|t:|1684098556\n|-terastallize|p1a: Salamence|Steel\n|move|p2b: \u308a\u3093\u3054|Protect|p2b: \u308a\u3093\u3054\n|-singleturn|p2b: \u308a\u3093\u3054|Protect\n|move|p1b: Espeon|Dazzling Gleam|p2a: \u8336|[spread] p2a\n|-activate|p2b: \u308a\u3093\u3054|move: Protect\n|-damage|p2a: \u8336|79\/100\n|-start|p1b: Espeon|Disable|Dazzling Gleam|[from] ability: Cursed Body|[of] p2a: \u8336\n|-damage|p1b: Espeon|91\/100|[from] item: Life Orb\n|move|p1a: Salamence|Dragon Claw|p2b: \u308a\u3093\u3054\n|-activate|p2b: \u308a\u3093\u3054|move: Protect\n|move|p2a: \u8336|Trick Room|p2a: \u8336\n|-fieldstart|move: Trick Room|[of] p2a: \u8336\n|\n|upkeep\n|turn|2\n|inactive|MasterDabao has 30 seconds left.\n|inactive|sabertooth81 has 30 seconds left.\n|\n|t:|1684098586\n|switch|p2b: \u5869|Garganacl, L50, M|100\/100\n|move|p2a: \u8336|Will-O-Wisp|p1a: Salamence\n|-status|p1a: Salamence|brn\n|move|p1a: Salamence|Dragon Claw|p2b: \u5869\n|-damage|p2b: \u5869|85\/100\n|move|p1b: Espeon|Shadow Ball|p2a: \u8336\n|-supereffective|p2a: \u8336\n|-damage|p2a: \u8336|24\/100\n|-damage|p1b: Espeon|81\/100|[from] item: Life Orb\n|\n|-damage|p1a: Salamence|95\/100 brn|[from] brn\n|upkeep\n|turn|3\n|inactive|MasterDabao has 30 seconds left.\n|\n|t:|1684098619\n|switch|p1a: Gengar|Gengar, L50, M, shiny|100\/100\n|move|p2a: \u8336|Ally Switch|p2a: \u8336\n|swap|p2a: \u8336|1|[from] move: Ally Switch\n|move|p2a: \u5869|Salt Cure|p1b: Espeon\n|-damage|p1b: Espeon|57\/100\n|-start|p1b: Espeon|Salt Cure\n|move|p1b: Espeon|Shadow Ball|p2a: \u5869\n|-damage|p2a: \u5869|73\/100\n|-damage|p1b: Espeon|47\/100|[from] item: Life Orb\n|\n|-damage|p1b: Espeon|35\/100|[from] Salt Cure\n|upkeep\n|turn|4\n|\n|t:|1684098640\n|move|p2a: \u5869|Iron Defense|p2a: \u5869\n|-boost|p2a: \u5869|def|2\n|move|p2b: \u8336|Will-O-Wisp|p1a: Gengar\n|-status|p1a: Gengar|brn\n|move|p1b: Espeon|Shadow Ball|p2b: \u8336\n|-supereffective|p2b: \u8336\n|-damage|p2b: \u8336|0 fnt\n|faint|p2b: \u8336\n|-damage|p1b: Espeon|25\/100|[from] item: Life Orb\n|move|p1a: Gengar|Trick|p2a: \u5869\n|-activate|p1a: Gengar|move: Trick|[of] p2a: \u5869\n|-item|p2a: \u5869|Choice Specs|[from] move: Trick\n|-item|p1a: Gengar|Weakness Policy|[from] move: Trick\n|\n|-damage|p1a: Gengar|95\/100 brn|[from] brn\n|-damage|p1b: Espeon|13\/100|[from] Salt Cure\n|-end|p1b: Espeon|Disable\n|upkeep\n|\n|t:|1684098662\n|switch|p2b: \u308a\u3093\u3054|Appletun, L50, F, shiny|100\/100\n|turn|5\n|\n|t:|1684098679\n|-terastallize|p2b: \u308a\u3093\u3054|Steel\n|move|p2b: \u308a\u3093\u3054|Leech Seed|p1b: Espeon\n|move|p1b: Espeon|Leech Seed|p2b: \u308a\u3093\u3054|[from]ability: Magic Bounce\n|-start|p2b: \u308a\u3093\u3054|move: Leech Seed\n|move|p2a: \u5869|Salt Cure|p1a: Gengar\n|-crit|p1a: Gengar\n|-damage|p1a: Gengar|56\/100 brn\n|-start|p1a: Gengar|Salt Cure\n|move|p1b: Espeon|Dazzling Gleam|p2a: \u5869|[spread] p2a,p2b\n|-resisted|p2b: \u308a\u3093\u3054\n|-damage|p2a: \u5869|56\/100\n|-damage|p2b: \u308a\u3093\u3054|91\/100\n|-damage|p1b: Espeon|3\/100|[from] item: Life Orb\n|move|p1a: Gengar|Dazzling Gleam|p2a: \u5869|[spread] p2a,p2b\n|-resisted|p2b: \u308a\u3093\u3054\n|-damage|p2a: \u5869|42\/100\n|-damage|p2b: \u308a\u3093\u3054|84\/100\n|\n|-heal|p2b: \u308a\u3093\u3054|90\/100|[from] item: Leftovers\n|-damage|p2b: \u308a\u3093\u3054|77\/100|[from] Leech Seed|[of] p1b: Espeon\n|-heal|p1b: Espeon|22\/100|[silent]\n|-damage|p1a: Gengar|50\/100 brn|[from] brn\n|-damage|p1b: Espeon|10\/100|[from] Salt Cure\n|-damage|p1a: Gengar|38\/100 brn|[from] Salt Cure\n|-fieldend|move: Trick Room\n|upkeep\n|turn|6\n|inactive|MasterDabao has 30 seconds left.\n|inactive|sabertooth81 has 30 seconds left.\n|inactive|MasterDabao has 20 seconds left.\n|inactive|MasterDabao has 15 seconds left.\n|\n|t:|1684098722\n|switch|p2b: \u9b5a|Veluza, L50, M|100\/100\n|move|p1b: Espeon|Dazzling Gleam|p2a: \u5869|[spread] p2a,p2b\n|-crit|p2a: \u5869\n|-damage|p2a: \u5869|14\/100\n|-damage|p2b: \u9b5a|68\/100\n|-damage|p1b: Espeon|0 fnt|[from] item: Life Orb\n|faint|p1b: Espeon\n|move|p1a: Gengar|Trick|p2b: \u9b5a\n|-activate|p1a: Gengar|move: Trick|[of] p2b: \u9b5a\n|-item|p2b: \u9b5a|Weakness Policy|[from] move: Trick\n|-item|p1a: Gengar|Sitrus Berry|[from] move: Trick\n|-enditem|p1a: Gengar|Sitrus Berry|[eat]\n|-heal|p1a: Gengar|63\/100 brn|[from] item: Sitrus Berry\n|move|p2a: \u5869|Salt Cure|p1a: Gengar\n|-damage|p1a: Gengar|34\/100 brn\n|-start|p2a: \u5869|Disable|Salt Cure|[from] ability: Cursed Body|[of] p1a: Gengar\n|\n|-damage|p1a: Gengar|28\/100 brn|[from] brn\n|-damage|p1a: Gengar|15\/100 brn|[from] Salt Cure\n|upkeep\n|\n|t:|1684098747\n|switch|p1b: Skeledirge|Skeledirge, L50, M, shiny|100\/100\n|turn|7\n|\n|t:|1684098769\n|switch|p2a: \u308a\u3093\u3054|Appletun, L50, F, shiny, tera:Steel|77\/100\n|move|p1a: Gengar|Shadow Ball|p2b: \u9b5a\n|-supereffective|p2b: \u9b5a\n|-damage|p2b: \u9b5a|0 fnt\n|faint|p2b: \u9b5a\n|move|p1b: Skeledirge|Earth Power|p2a: \u308a\u3093\u3054\n|-supereffective|p2a: \u308a\u3093\u3054\n|-damage|p2a: \u308a\u3093\u3054|38\/100\n|\n|-heal|p2a: \u308a\u3093\u3054|44\/100|[from] item: Leftovers\n|-damage|p1a: Gengar|9\/100 brn|[from] brn\n|-damage|p1a: Gengar|0 fnt|[from] Salt Cure\n|faint|p1a: Gengar\n|upkeep\n|\n|t:|1684098785\n|switch|p1a: Salamence|Salamence, L50, M, shiny, tera:Steel|95\/100 brn\n|switch|p2b: \u5869|Garganacl, L50, M|14\/100\n|turn|8\n|\n|t:|1684098802\n|move|p1a: Salamence|Dragon Claw|p2a: \u308a\u3093\u3054\n|-resisted|p2a: \u308a\u3093\u3054\n|-damage|p2a: \u308a\u3093\u3054|33\/100\n|move|p1b: Skeledirge|Earth Power|p2b: \u5869\n|-supereffective|p2b: \u5869\n|-damage|p2b: \u5869|0 fnt\n|faint|p2b: \u5869\n|move|p2a: \u308a\u3093\u3054|Leech Seed|p1b: Skeledirge\n|-start|p1b: Skeledirge|move: Leech Seed\n|\n|-heal|p2a: \u308a\u3093\u3054|39\/100|[from] item: Leftovers\n|-damage|p1b: Skeledirge|88\/100|[from] Leech Seed|[of] p2a: \u308a\u3093\u3054\n|-heal|p2a: \u308a\u3093\u3054|51\/100|[silent]\n|-damage|p1a: Salamence|89\/100 brn|[from] brn\n|upkeep\n|turn|9\n|\n|t:|1684098824\n|move|p2a: \u308a\u3093\u3054|Protect|p2a: \u308a\u3093\u3054\n|-singleturn|p2a: \u308a\u3093\u3054|Protect\n|move|p1a: Salamence|Iron Head|p2a: \u308a\u3093\u3054\n|-activate|p2a: \u308a\u3093\u3054|move: Protect\n|move|p1b: Skeledirge|Earth Power|p2a: \u308a\u3093\u3054\n|-activate|p2a: \u308a\u3093\u3054|move: Protect\n|\n|-heal|p2a: \u308a\u3093\u3054|57\/100|[from] item: Leftovers\n|-damage|p1b: Skeledirge|76\/100|[from] Leech Seed|[of] p2a: \u308a\u3093\u3054\n|-heal|p2a: \u308a\u3093\u3054|69\/100|[silent]\n|-damage|p1a: Salamence|83\/100 brn|[from] brn\n|upkeep\n|turn|10\n|\n|t:|1684098842\n|move|p1a: Salamence|Iron Head|p2a: \u308a\u3093\u3054\n|-resisted|p2a: \u308a\u3093\u3054\n|-damage|p2a: \u308a\u3093\u3054|59\/100\n|move|p1b: Skeledirge|Earth Power|p2a: \u308a\u3093\u3054\n|-supereffective|p2a: \u308a\u3093\u3054\n|-damage|p2a: \u308a\u3093\u3054|17\/100\n|move|p2a: \u308a\u3093\u3054|Leech Seed|p1a: Salamence\n|-start|p1a: Salamence|move: Leech Seed\n|\n|-heal|p2a: \u308a\u3093\u3054|23\/100|[from] item: Leftovers\n|-damage|p1a: Salamence|71\/100 brn|[from] Leech Seed|[of] p2a: \u308a\u3093\u3054\n|-heal|p2a: \u308a\u3093\u3054|33\/100|[silent]\n|-damage|p1b: Skeledirge|64\/100|[from] Leech Seed|[of] p2a: \u308a\u3093\u3054\n|-heal|p2a: \u308a\u3093\u3054|45\/100|[silent]\n|-damage|p1a: Salamence|65\/100 brn|[from] brn\n|upkeep\n|turn|11\n|\n|t:|1684098861\n|move|p2a: \u308a\u3093\u3054|Protect|p2a: \u308a\u3093\u3054\n|-singleturn|p2a: \u308a\u3093\u3054|Protect\n|move|p1a: Salamence|Dual Wingbeat|p2a: \u308a\u3093\u3054\n|-activate|p2a: \u308a\u3093\u3054|move: Protect\n|move|p1b: Skeledirge|Earth Power|p2a: \u308a\u3093\u3054\n|-activate|p2a: \u308a\u3093\u3054|move: Protect\n|\n|-heal|p2a: \u308a\u3093\u3054|51\/100|[from] item: Leftovers\n|-damage|p1a: Salamence|53\/100 brn|[from] Leech Seed|[of] p2a: \u308a\u3093\u3054\n|-heal|p2a: \u308a\u3093\u3054|60\/100|[silent]\n|-damage|p1b: Skeledirge|51\/100|[from] Leech Seed|[of] p2a: \u308a\u3093\u3054\n|-heal|p2a: \u308a\u3093\u3054|72\/100|[silent]\n|-damage|p1a: Salamence|47\/100 brn|[from] brn\n|upkeep\n|turn|12\n|\n|t:|1684098881\n|move|p1a: Salamence|Dragon Claw|p2a: \u308a\u3093\u3054\n|-resisted|p2a: \u308a\u3093\u3054\n|-damage|p2a: \u308a\u3093\u3054|63\/100\n|move|p1b: Skeledirge|Earth Power|p2a: \u308a\u3093\u3054\n|-supereffective|p2a: \u308a\u3093\u3054\n|-damage|p2a: \u308a\u3093\u3054|21\/100\n|move|p2a: \u308a\u3093\u3054|Apple Acid|p1b: Skeledirge\n|-resisted|p1b: Skeledirge\n|-damage|p1b: Skeledirge|41\/100\n|-unboost|p1b: Skeledirge|spd|1\n|\n|-heal|p2a: \u308a\u3093\u3054|27\/100|[from] item: Leftovers\n|-damage|p1a: Salamence|34\/100 brn|[from] Leech Seed|[of] p2a: \u308a\u3093\u3054\n|-heal|p2a: \u308a\u3093\u3054|37\/100|[silent]\n|-damage|p1b: Skeledirge|28\/100|[from] Leech Seed|[of] p2a: \u308a\u3093\u3054\n|-heal|p2a: \u308a\u3093\u3054|49\/100|[silent]\n|-damage|p1a: Salamence|29\/100 brn|[from] brn\n|upkeep\n|turn|13\n|-message|MasterDabao forfeited.\n|\n|win|sabertooth81\n|raw|MasterDabao's rating: 1078 → 1058<\/strong> (-20 for losing)\n|raw|sabertooth81's rating: 1100 → 1123<\/strong> (+23 for winning)\n|l|\u2606MasterDabao\n","uploadtime":1684099052,"views":8,"p1id":"masterdabao","p2id":"sabertooth81","formatid":"gen9vgc2023regulationc","rating":1058,"private":0,"password":""}