{"id":"gen9vgc2023regulationc-1855122381","p1":"Axel316","p2":"Maxwell1315","format":"[Gen 9] VGC 2023 Regulation C","log":"|j|\u2606Axel316\n|j|\u2606Maxwell1315\n|t:|1682903995\n|gametype|doubles\n|player|p1|Axel316|265|1303\n|player|p2|Maxwell1315|hugh|1241\n|teamsize|p1|6\n|teamsize|p2|6\n|gen|9\n|tier|[Gen 9] VGC 2023 Regulation C\n|rated|\n|rule|Species Clause: Limit one of each Pok\u00e9mon\n|rule|Item Clause: Limit one of each item\n|clearpoke\n|poke|p1|Kingambit, L50, F|\n|poke|p1|Ting-Lu, L50|\n|poke|p1|Amoonguss, L50, M|\n|poke|p1|Flutter Mane, L50|\n|poke|p1|Palafin, L50, F|\n|poke|p1|Talonflame, L50, F|\n|poke|p2|Amoonguss, L50, F|\n|poke|p2|Flutter Mane, L50|\n|poke|p2|Arcanine, L50, M|\n|poke|p2|Baxcalibur, L50, F|\n|poke|p2|Palafin, L50, F|\n|poke|p2|Ting-Lu, L50|\n|teampreview|4\n|inactive|Battle timer is ON: inactive players will automatically lose when time's up. (requested by Maxwell1315)\n|\n|t:|1682904024\n|start\n|switch|p1a: Flutter Mane|Flutter Mane, L50|100\/100\n|switch|p1b: Palafin|Palafin, L50, F|100\/100\n|switch|p2a: Arcanine|Arcanine, L50, M|100\/100\n|switch|p2b: Palafin|Palafin, L50, F|100\/100\n|-ability|p2a: Arcanine|Intimidate|boost\n|-unboost|p1a: Flutter Mane|atk|1\n|-unboost|p1b: Palafin|atk|1\n|turn|1\n|\n|t:|1682904040\n|detailschange|p2b: Palafin|Palafin-Hero, L50, F\n|switch|p2b: Ting-Lu|Ting-Lu, L50|100\/100\n|-ability|p2b: Ting-Lu|Vessel of Ruin\n|-terastallize|p2a: Arcanine|Water\n|move|p1b: Palafin|Protect|p1b: Palafin\n|-singleturn|p1b: Palafin|Protect\n|move|p1a: Flutter Mane|Power Gem|p2a: Arcanine\n|-damage|p2a: Arcanine|78\/100\n|move|p2a: Arcanine|Will-O-Wisp|p1b: Palafin\n|-activate|p1b: Palafin|move: Protect\n|\n|upkeep\n|turn|2\n|\n|t:|1682904062\n|detailschange|p1b: Palafin|Palafin-Hero, L50, F\n|switch|p1b: Amoonguss|Amoonguss, L50, M|100\/100\n|move|p1a: Flutter Mane|Moonblast|p2a: Arcanine\n|-damage|p2a: Arcanine|43\/100\n|-unboost|p2a: Arcanine|spa|1\n|move|p2a: Arcanine|Will-O-Wisp|p1b: Amoonguss|[miss]\n|-miss|p2a: Arcanine|p1b: Amoonguss\n|move|p2b: Ting-Lu|Heavy Slam|p1a: Flutter Mane\n|-supereffective|p1a: Flutter Mane\n|-enditem|p1a: Flutter Mane|Focus Sash\n|-damage|p1a: Flutter Mane|1\/100\n|\n|upkeep\n|turn|3\n|\n|t:|1682904086\n|switch|p2a: Amoonguss|Amoonguss, L50, F|100\/100\n|move|p1a: Flutter Mane|Protect|p1a: Flutter Mane\n|-singleturn|p1a: Flutter Mane|Protect\n|move|p2b: Ting-Lu|Protect|p2b: Ting-Lu\n|-singleturn|p2b: Ting-Lu|Protect\n|move|p1b: Amoonguss|Spore|p2b: Ting-Lu\n|-activate|p2b: Ting-Lu|move: Protect\n|\n|upkeep\n|turn|4\n|inactive|Maxwell1315 has 30 seconds left.\n|\n|t:|1682904111\n|-end|p1a: Flutter Mane|Protosynthesis|[silent]\n|switch|p1a: Palafin|Palafin-Hero, L50, F|100\/100\n|-activate|p1a: Palafin|ability: Zero to Hero\n|move|p2b: Ting-Lu|Ruination|p1b: Amoonguss\n|-damage|p1b: Amoonguss|51\/100\n|move|p2a: Amoonguss|Spore|p1a: Palafin\n|-status|p1a: Palafin|slp|[from] move: Spore\n|move|p1b: Amoonguss|Spore|p2b: Ting-Lu\n|-status|p2b: Ting-Lu|slp|[from] move: Spore\n|\n|-heal|p1b: Amoonguss|57\/100|[from] item: Leftovers\n|upkeep\n|turn|5\n|\n|t:|1682904134\n|switch|p2a: Arcanine|Arcanine, L50, M, tera:Water|43\/100\n|-ability|p2a: Arcanine|Intimidate|boost\n|-unboost|p1a: Palafin|atk|1\n|-unboost|p1b: Amoonguss|atk|1\n|cant|p1a: Palafin|slp\n|cant|p2b: Ting-Lu|slp\n|move|p1b: Amoonguss|Pollen Puff|p2b: Ting-Lu\n|-supereffective|p2b: Ting-Lu\n|-damage|p2b: Ting-Lu|83\/100 slp\n|\n|-heal|p2b: Ting-Lu|89\/100 slp|[from] item: Leftovers\n|-heal|p1b: Amoonguss|62\/100|[from] item: Leftovers\n|upkeep\n|turn|6\n|\n|t:|1682904157\n|move|p2a: Arcanine|Protect|p2a: Arcanine\n|-singleturn|p2a: Arcanine|Protect\n|move|p1b: Amoonguss|Protect|p1b: Amoonguss\n|-singleturn|p1b: Amoonguss|Protect\n|cant|p1a: Palafin|slp\n|cant|p2b: Ting-Lu|slp\n|\n|-heal|p2b: Ting-Lu|95\/100 slp|[from] item: Leftovers\n|-heal|p1b: Amoonguss|68\/100|[from] item: Leftovers\n|upkeep\n|turn|7\n|\n|t:|1682904180\n|switch|p2a: Amoonguss|Amoonguss, L50, F|100\/100\n|-curestatus|p1a: Palafin|slp|[msg]\n|move|p1a: Palafin|Wave Crash|p2b: Ting-Lu\n|-supereffective|p2b: Ting-Lu\n|-damage|p2b: Ting-Lu|27\/100 slp\n|-damage|p1a: Palafin|74\/100|[from] Recoil\n|cant|p2b: Ting-Lu|slp\n|move|p1b: Amoonguss|Pollen Puff|p2a: Amoonguss\n|-damage|p2a: Amoonguss|89\/100\n|\n|-heal|p2b: Ting-Lu|33\/100 slp|[from] item: Leftovers\n|-heal|p1b: Amoonguss|74\/100|[from] item: Leftovers\n|upkeep\n|turn|8\n|inactive|Axel316 has 30 seconds left.\n|inactive|Maxwell1315 has 30 seconds left.\n|\n|t:|1682904213\n|move|p1a: Palafin|Protect|p1a: Palafin\n|-singleturn|p1a: Palafin|Protect\n|-curestatus|p2b: Ting-Lu|slp|[msg]\n|move|p2b: Ting-Lu|Protect|p2b: Ting-Lu\n|-singleturn|p2b: Ting-Lu|Protect\n|move|p2a: Amoonguss|Spore|p1a: Palafin\n|-activate|p1a: Palafin|move: Protect\n|move|p1b: Amoonguss|Pollen Puff|p2b: Ting-Lu\n|-activate|p2b: Ting-Lu|move: Protect\n|\n|-heal|p2b: Ting-Lu|39\/100|[from] item: Leftovers\n|-heal|p1b: Amoonguss|80\/100|[from] item: Leftovers\n|upkeep\n|turn|9\n|inactive|Axel316 has 30 seconds left.\n|\n|t:|1682904240\n|switch|p2b: Arcanine|Arcanine, L50, M, tera:Water|43\/100\n|-ability|p2b: Arcanine|Intimidate|boost\n|-unboost|p1a: Palafin|atk|1\n|-unboost|p1b: Amoonguss|atk|1\n|move|p1b: Amoonguss|Rage Powder|p1b: Amoonguss\n|-singleturn|p1b: Amoonguss|move: Rage Powder\n|move|p1a: Palafin|Wave Crash|p2b: Arcanine\n|-resisted|p2b: Arcanine\n|-damage|p2b: Arcanine|16\/100\n|-enditem|p2b: Arcanine|Figy Berry|[eat]\n|-heal|p2b: Arcanine|50\/100|[from] item: Figy Berry\n|-damage|p1a: Palafin|66\/100|[from] Recoil\n|move|p2a: Amoonguss|Spore|p1a: Palafin\n|-status|p1a: Palafin|slp|[from] move: Spore\n|\n|-heal|p1b: Amoonguss|86\/100|[from] item: Leftovers\n|upkeep\n|turn|10\n|\n|t:|1682904264\n|move|p2b: Arcanine|Flare Blitz|p1b: Amoonguss\n|-supereffective|p1b: Amoonguss\n|-damage|p1b: Amoonguss|5\/100\n|-damage|p2b: Arcanine|17\/100|[from] Recoil\n|cant|p1a: Palafin|slp\n|move|p2a: Amoonguss|Pollen Puff|p2b: Arcanine\n|-heal|p2b: Arcanine|67\/100\n|move|p1b: Amoonguss|Pollen Puff|p1a: Palafin\n|-heal|p1a: Palafin|100\/100 slp\n|\n|-heal|p1b: Amoonguss|10\/100|[from] item: Leftovers\n|upkeep\n|turn|11\n|inactive|Maxwell1315 has 30 seconds left.\n|\n|t:|1682904297\n|move|p1b: Amoonguss|Protect|p1b: Amoonguss\n|-singleturn|p1b: Amoonguss|Protect\n|move|p2b: Arcanine|Will-O-Wisp||[still]\n|-fail|p2b: Arcanine\n|-curestatus|p1a: Palafin|slp|[msg]\n|move|p1a: Palafin|Wave Crash|p2b: Arcanine\n|-resisted|p2b: Arcanine\n|-damage|p2b: Arcanine|41\/100\n|-damage|p1a: Palafin|93\/100|[from] Recoil\n|move|p2a: Amoonguss|Pollen Puff|p2b: Arcanine\n|-heal|p2b: Arcanine|91\/100\n|\n|-heal|p1b: Amoonguss|16\/100|[from] item: Leftovers\n|upkeep\n|turn|12\n|\n|t:|1682904318\n|switch|p1a: Flutter Mane|Flutter Mane, L50|1\/100\n|move|p1b: Amoonguss|Rage Powder|p1b: Amoonguss\n|-singleturn|p1b: Amoonguss|move: Rage Powder\n|move|p2b: Arcanine|Will-O-Wisp|p1b: Amoonguss\n|-status|p1b: Amoonguss|brn\n|move|p2a: Amoonguss|Pollen Puff|p1b: Amoonguss\n|-damage|p1b: Amoonguss|2\/100 brn\n|\n|-heal|p1b: Amoonguss|8\/100 brn|[from] item: Leftovers\n|-damage|p1b: Amoonguss|2\/100 brn|[from] brn\n|upkeep\n|turn|13\n|inactive|Axel316 has 30 seconds left.\n|\n|t:|1682904345\n|move|p1a: Flutter Mane|Moonblast|p2b: Arcanine\n|-damage|p2b: Arcanine|43\/100\n|move|p2b: Arcanine|Snarl|p1b: Amoonguss|[spread] p1a,p1b\n|-damage|p1a: Flutter Mane|0 fnt\n|-damage|p1b: Amoonguss|0 fnt\n|faint|p1a: Flutter Mane\n|-end|p1a: Flutter Mane|Protosynthesis|[silent]\n|faint|p1b: Amoonguss\n|move|p2a: Amoonguss|Clear Smog|p1: Flutter Mane|[notarget]\n|-fail|p2a: Amoonguss\n|\n|upkeep\n|\n|t:|1682904356\n|switch|p1a: Palafin|Palafin-Hero, L50, F|93\/100\n|switch|p1b: Kingambit|Kingambit, L50, F|100\/100\n|turn|14\n|\n|t:|1682904372\n|switch|p2a: Ting-Lu|Ting-Lu, L50|39\/100\n|-ability|p2a: Ting-Lu|Vessel of Ruin\n|-terastallize|p1b: Kingambit|Flying\n|move|p2b: Arcanine|Protect|p2b: Arcanine\n|-singleturn|p2b: Arcanine|Protect\n|move|p1a: Palafin|Wave Crash|p2b: Arcanine\n|-activate|p2b: Arcanine|move: Protect\n|move|p1b: Kingambit|Tera Blast|p2a: Ting-Lu\n|-crit|p2a: Ting-Lu\n|-damage|p2a: Ting-Lu|8\/100\n|\n|-heal|p2a: Ting-Lu|14\/100|[from] item: Leftovers\n|upkeep\n|turn|15\n|inactive|Maxwell1315 has 30 seconds left.\n|inactive|Axel316 has 30 seconds left.\n|inactive|Maxwell1315 has 20 seconds left.\n|inactive|Axel316 has 20 seconds left.\n|inactive|Maxwell1315 has 15 seconds left.\n|\n|t:|1682904415\n|switch|p2b: Amoonguss|Amoonguss, L50, F|100\/100\n|move|p1a: Palafin|Wave Crash|p2b: Amoonguss\n|-resisted|p2b: Amoonguss\n|-damage|p2b: Amoonguss|65\/100\n|-damage|p1a: Palafin|76\/100|[from] item: Rocky Helmet|[of] p2b: Amoonguss\n|-damage|p1a: Palafin|64\/100|[from] Recoil\n|move|p1b: Kingambit|Tera Blast|p2b: Amoonguss\n|-supereffective|p2b: Amoonguss\n|-damage|p2b: Amoonguss|2\/100\n|move|p2a: Ting-Lu|Ruination|p1a: Palafin|[miss]\n|-miss|p2a: Ting-Lu|p1a: Palafin\n|\n|-heal|p2a: Ting-Lu|20\/100|[from] item: Leftovers\n|upkeep\n|turn|16\n|inactive|Axel316 has 30 seconds left.\n|\n|t:|1682904442\n|move|p2b: Amoonguss|Protect|p2b: Amoonguss\n|-singleturn|p2b: Amoonguss|Protect\n|move|p1a: Palafin|Jet Punch|p2b: Amoonguss\n|-activate|p2b: Amoonguss|move: Protect\n|move|p1b: Kingambit|Tera Blast|p2a: Ting-Lu\n|-damage|p2a: Ting-Lu|0 fnt\n|faint|p2a: Ting-Lu\n|\n|upkeep\n|\n|t:|1682904452\n|switch|p2a: Palafin|Palafin-Hero, L50, F|100\/100\n|-activate|p2a: Palafin|ability: Zero to Hero\n|turn|17\n|\n|t:|1682904467\n|switch|p2b: Arcanine|Arcanine, L50, M, tera:Water|43\/100\n|-ability|p2b: Arcanine|Intimidate|boost\n|-unboost|p1a: Palafin|atk|1\n|-unboost|p1b: Kingambit|atk|1\n|-ability|p1b: Kingambit|Defiant|boost\n|-boost|p1b: Kingambit|atk|2\n|move|p2a: Palafin|Ice Punch|p1b: Kingambit\n|-supereffective|p1b: Kingambit\n|-damage|p1b: Kingambit|54\/100\n|move|p1a: Palafin|Wave Crash|p2b: Arcanine\n|-resisted|p2b: Arcanine\n|-damage|p2b: Arcanine|11\/100\n|-damage|p1a: Palafin|55\/100|[from] Recoil\n|move|p1b: Kingambit|Kowtow Cleave|p2a: Palafin\n|-damage|p2a: Palafin|36\/100\n|\n|upkeep\n|turn|18\n|inactive|Maxwell1315 has 30 seconds left.\n|\n|t:|1682904497\n|move|p1a: Palafin|Jet Punch|p2b: Arcanine\n|-resisted|p2b: Arcanine\n|-damage|p2b: Arcanine|0 fnt\n|faint|p2b: Arcanine\n|move|p1b: Kingambit|Sucker Punch|p2a: Palafin\n|-damage|p2a: Palafin|0 fnt\n|faint|p2a: Palafin\n|\n|upkeep\n|c|\u2606Maxwell1315|gg\n|\n|t:|1682904508\n|switch|p2b: Amoonguss|Amoonguss, L50, F|35\/100\n|turn|19\n|-message|Maxwell1315 forfeited.\n|\n|win|Axel316\n|raw|Axel316's rating: 1303 → 1319<\/strong> (+16 for winning)\n|raw|Maxwell1315's rating: 1241 → 1220<\/strong> (-21 for losing)\n|l|\u2606Maxwell1315\n|c|\u2606Axel316|Gg\n","uploadtime":1682904825,"views":14,"p1id":"axel316","p2id":"maxwell1315","formatid":"gen9vgc2023regulationc","rating":1220,"private":0,"password":""}