{"id":"gen9vgc2023regulationc-1845556156","p1":"Stannerssss","p2":"shiro07","format":"[Gen 9] VGC 2023 Regulation C","log":"|j|\u2606Stannerssss\n|j|\u2606shiro07\n|t:|1681744708\n|gametype|doubles\n|player|p1|Stannerssss|169|1225\n|player|p2|shiro07|kris-masters|1288\n|teamsize|p1|6\n|teamsize|p2|6\n|gen|9\n|tier|[Gen 9] VGC 2023 Regulation C\n|rated|\n|rule|Species Clause: Limit one of each Pok\u00e9mon\n|rule|Item Clause: Limit one of each item\n|clearpoke\n|poke|p1|Wo-Chien, L50|\n|poke|p1|Klefki, L50, F|\n|poke|p1|Palafin, L50, M|\n|poke|p1|Ceruledge, L50, F|\n|poke|p1|Kingambit, L50, F|\n|poke|p1|Dragapult, L50, F|\n|poke|p2|Arcanine, L50, F|\n|poke|p2|Flutter Mane, L50|\n|poke|p2|Roaring Moon, L50|\n|poke|p2|Amoonguss, L50, M|\n|poke|p2|Palafin, L50, F|\n|poke|p2|Ting-Lu, L50|\n|teampreview|4\n|\n|t:|1681744737\n|start\n|switch|p1a: Kingambit|Kingambit, L50, F|100\/100\n|switch|p1b: Klefki|Klefki, L50, F|100\/100\n|switch|p2a: Ting-Lu|Ting-Lu, L50|100\/100\n|switch|p2b: Palafin|Palafin, L50, F|100\/100\n|-ability|p2a: Ting-Lu|Vessel of Ruin\n|turn|1\n|\n|t:|1681744767\n|detailschange|p2b: Palafin|Palafin-Hero, L50, F\n|switch|p2b: Amoonguss|Amoonguss, L50, M|100\/100\n|switch|p1a: Wo-Chien|Wo-Chien, L50|100\/100\n|-ability|p1a: Wo-Chien|Tablets of Ruin\n|move|p1b: Klefki|Thunder Wave|p2b: Amoonguss\n|-status|p2b: Amoonguss|par\n|move|p2a: Ting-Lu|Ruination|p1a: Wo-Chien\n|-damage|p1a: Wo-Chien|50\/100\n|\n|upkeep\n|turn|2\n|\n|t:|1681744793\n|move|p1b: Klefki|Reflect|p1b: Klefki\n|-sidestart|p1: Stannerssss|Reflect\n|move|p1a: Wo-Chien|Leech Seed|p2a: Ting-Lu\n|-start|p2a: Ting-Lu|move: Leech Seed\n|move|p2a: Ting-Lu|Sand Tomb|p1a: Wo-Chien\n|-resisted|p1a: Wo-Chien\n|-damage|p1a: Wo-Chien|47\/100\n|-activate|p1a: Wo-Chien|move: Sand Tomb|[of] p2a: Ting-Lu\n|move|p2b: Amoonguss|Pollen Puff|p1a: Wo-Chien\n|-supereffective|p1a: Wo-Chien\n|-damage|p1a: Wo-Chien|8\/100\n|\n|-damage|p2a: Ting-Lu|88\/100|[from] Leech Seed|[of] p1a: Wo-Chien\n|-heal|p1a: Wo-Chien|29\/100|[silent]\n|-damage|p1a: Wo-Chien|16\/100|[from] move: Sand Tomb|[partiallytrapped]\n|upkeep\n|turn|3\n|\n|t:|1681744812\n|move|p1a: Wo-Chien|Protect|p1a: Wo-Chien\n|-singleturn|p1a: Wo-Chien|Protect\n|move|p1b: Klefki|Dazzling Gleam|p2b: Amoonguss|[spread] p2a,p2b\n|-supereffective|p2a: Ting-Lu\n|-resisted|p2b: Amoonguss\n|-damage|p2a: Ting-Lu|68\/100\n|-damage|p2b: Amoonguss|95\/100 par\n|move|p2a: Ting-Lu|Sand Tomb|p1b: Klefki\n|-supereffective|p1b: Klefki\n|-damage|p1b: Klefki|83\/100\n|-activate|p1b: Klefki|move: Sand Tomb|[of] p2a: Ting-Lu\n|cant|p2b: Amoonguss|par\n|\n|-damage|p2a: Ting-Lu|55\/100|[from] Leech Seed|[of] p1a: Wo-Chien\n|-heal|p1a: Wo-Chien|37\/100|[silent]\n|-damage|p1b: Klefki|71\/100|[from] move: Sand Tomb|[partiallytrapped]\n|-damage|p1a: Wo-Chien|24\/100|[from] move: Sand Tomb|[partiallytrapped]\n|upkeep\n|turn|4\n|\n|t:|1681744834\n|switch|p2a: Arcanine|Arcanine, L50, F|100\/100\n|-ability|p2a: Arcanine|Intimidate|boost\n|-unboost|p1a: Wo-Chien|atk|1\n|-unboost|p1b: Klefki|atk|1\n|move|p1b: Klefki|Light Screen|p1b: Klefki\n|-sidestart|p1: Stannerssss|move: Light Screen\n|move|p1a: Wo-Chien|Giga Drain|p2a: Arcanine\n|-resisted|p2a: Arcanine\n|-damage|p2a: Arcanine|88\/100\n|-heal|p1a: Wo-Chien|33\/100|[from] drain|[of] p2a: Arcanine\n|move|p2b: Amoonguss|Pollen Puff|p1a: Wo-Chien\n|-supereffective|p1a: Wo-Chien\n|-damage|p1a: Wo-Chien|0 fnt\n|faint|p1a: Wo-Chien\n|\n|-end|p1b: Klefki|Sand Tomb|[partiallytrapped]|[silent]\n|upkeep\n|\n|t:|1681744848\n|switch|p1a: Ceruledge|Ceruledge, L50, F|100\/100\n|turn|5\n|\n|t:|1681744871\n|-terastallize|p1a: Ceruledge|Grass\n|move|p2b: Amoonguss|Rage Powder|p2b: Amoonguss\n|-singleturn|p2b: Amoonguss|move: Rage Powder\n|move|p1b: Klefki|Thunder Wave|p2b: Amoonguss\n|-fail|p2b: Amoonguss|par\n|move|p2a: Arcanine|Flare Blitz|p1b: Klefki\n|-supereffective|p1b: Klefki\n|-damage|p1b: Klefki|0 fnt\n|faint|p1b: Klefki\n|-damage|p2a: Arcanine|69\/100|[from] Recoil\n|move|p1a: Ceruledge|Bulk Up|p1a: Ceruledge\n|-boost|p1a: Ceruledge|atk|1\n|-boost|p1a: Ceruledge|def|1\n|\n|upkeep\n|\n|t:|1681744883\n|switch|p1b: Kingambit|Kingambit, L50, F|100\/100\n|turn|6\n|\n|t:|1681744910\n|-terastallize|p2b: Amoonguss|Water\n|move|p2a: Arcanine|Will-O-Wisp|p1b: Kingambit\n|-status|p1b: Kingambit|brn\n|move|p1a: Ceruledge|Bitter Blade|p2b: Amoonguss\n|-resisted|p2b: Amoonguss\n|-damage|p2b: Amoonguss|57\/100 par\n|move|p1b: Kingambit|Kowtow Cleave|p2a: Arcanine\n|-damage|p2a: Arcanine|32\/100\n|move|p2b: Amoonguss|Pollen Puff|p2a: Arcanine\n|-heal|p2a: Arcanine|82\/100\n|\n|-damage|p1b: Kingambit|95\/100 brn|[from] brn\n|-sideend|p1: Stannerssss|Reflect\n|upkeep\n|turn|7\n|\n|t:|1681744942\n|switch|p2b: Palafin|Palafin-Hero, L50, F|100\/100\n|-activate|p2b: Palafin|ability: Zero to Hero\n|move|p2a: Arcanine|Flare Blitz|p1b: Kingambit\n|-supereffective|p1b: Kingambit\n|-damage|p1b: Kingambit|10\/100 brn\n|-damage|p2a: Arcanine|52\/100|[from] Recoil\n|move|p1a: Ceruledge|Bulk Up|p1a: Ceruledge\n|-boost|p1a: Ceruledge|atk|1\n|-boost|p1a: Ceruledge|def|1\n|move|p1b: Kingambit|Kowtow Cleave|p2b: Palafin\n|-damage|p2b: Palafin|65\/100\n|\n|-damage|p1b: Kingambit|4\/100 brn|[from] brn\n|upkeep\n|turn|8\n|\n|t:|1681744965\n|move|p2a: Arcanine|Extreme Speed|p1b: Kingambit\n|-resisted|p1b: Kingambit\n|-damage|p1b: Kingambit|0 fnt\n|faint|p1b: Kingambit\n|move|p2b: Palafin|Haze|p2b: Palafin\n|-clearallboost\n|move|p1a: Ceruledge|Bitter Blade|p2b: Palafin\n|-resisted|p2b: Palafin\n|-damage|p2b: Palafin|35\/100\n|\n|-sideend|p1: Stannerssss|move: Light Screen\n|upkeep\n|turn|9\n|\n|t:|1681744987\n|switch|p2a: Amoonguss|Amoonguss, L50, M, tera:Water|90\/100 par\n|move|p2b: Palafin|Wave Crash|p1a: Ceruledge\n|-resisted|p1a: Ceruledge\n|-damage|p1a: Ceruledge|40\/100\n|-damage|p2b: Palafin|17\/100|[from] Recoil\n|move|p1a: Ceruledge|Bulk Up|p1a: Ceruledge\n|-boost|p1a: Ceruledge|atk|1\n|-boost|p1a: Ceruledge|def|1\n|\n|upkeep\n|turn|10\n|\n|t:|1681744999\n|move|p1a: Ceruledge|Shadow Sneak|p2b: Palafin\n|-damage|p2b: Palafin|0 fnt\n|faint|p2b: Palafin\n|move|p2a: Amoonguss|Pollen Puff|p1a: Ceruledge\n|-supereffective|p1a: Ceruledge\n|-damage|p1a: Ceruledge|5\/100\n|\n|upkeep\n|\n|t:|1681745002\n|switch|p2b: Arcanine|Arcanine, L50, F|52\/100\n|-ability|p2b: Arcanine|Intimidate|boost\n|-unboost|p1a: Ceruledge|atk|1\n|turn|11\n|\n|t:|1681745017\n|move|p2b: Arcanine|Extreme Speed|p1a: Ceruledge\n|-damage|p1a: Ceruledge|0 fnt\n|faint|p1a: Ceruledge\n|\n|win|shiro07\n|raw|Stannerssss's rating: 1225 → 1204<\/strong> (-21 for losing)\n|raw|shiro07's rating: 1288 → 1309<\/strong> (+21 for winning)\n|l|\u2606Stannerssss\n","uploadtime":1681745030,"views":17,"p1id":"stannerssss","p2id":"shiro07","formatid":"gen9vgc2023regulationc","rating":1204,"private":0,"password":""}