{"id":"gen9vgc2023regulationc-1862888641","p1":"haydyg","p2":"BFO Ethanol","format":"[Gen 9] VGC 2023 Regulation C","log":"|j|\u2606haydyg\n|j|\u2606BFO Ethanol\n|t:|1683934147\n|gametype|doubles\n|player|p1|haydyg|eusine|\n|player|p2|BFO Ethanol|wallace|\n|teamsize|p1|6\n|teamsize|p2|6\n|gen|9\n|tier|[Gen 9] VGC 2023 Regulation C\n|rule|Species Clause: Limit one of each Pok\u00e9mon\n|rule|Item Clause: Limit one of each item\n|clearpoke\n|poke|p1|Impidimp, L5, M|\n|poke|p1|Deerling, L5, F|\n|poke|p1|Fletchling, L5, M|\n|poke|p1|Flittle, L5, F|\n|poke|p1|Goomy, L5, M|\n|poke|p1|Snorunt, L5, F|\n|poke|p2|Scyther, L5, F|\n|poke|p2|Crabrawler, L5, M|\n|poke|p2|Bonsly, L5, M|\n|poke|p2|Toedscool, L5, F|\n|poke|p2|Rolycoly, L5, M|\n|poke|p2|Nymble, L5, F|\n|teampreview|4\nhaydyg rejected open team sheets.\n|j| H0p5t3r\n|\n|t:|1683934175\n|start\n|switch|p1a: Impling|Impidimp, L5, M|100\/100\n|switch|p1b: Flettle|Fletchling, L5, M|100\/100\n|switch|p2a: \u2702\ufe0f\u2702\ufe0fEdward\u2702\ufe0f\u2702\ufe0f|Scyther, L5, F|100\/100\n|switch|p2b: \ud83d\ude82\ud83d\ude82Dwayne\ud83d\ude82\ud83d\ude82|Rolycoly, L5, M|100\/100\n|turn|1\n|c|\u2606BFO Ethanol|glhf!\n|c|\u2606haydyg|gl!\n|\n|t:|1683934200\n|move|p2a: \u2702\ufe0f\u2702\ufe0fEdward\u2702\ufe0f\u2702\ufe0f|Protect|p2a: \u2702\ufe0f\u2702\ufe0fEdward\u2702\ufe0f\u2702\ufe0f\n|-singleturn|p2a: \u2702\ufe0f\u2702\ufe0fEdward\u2702\ufe0f\u2702\ufe0f|Protect\n|move|p1a: Impling|Fake Out|p2a: \u2702\ufe0f\u2702\ufe0fEdward\u2702\ufe0f\u2702\ufe0f\n|-activate|p2a: \u2702\ufe0f\u2702\ufe0fEdward\u2702\ufe0f\u2702\ufe0f|move: Protect\n|move|p1b: Flettle|Tailwind|p1b: Flettle\n|-sidestart|p1: haydyg|move: Tailwind\n|move|p2b: \ud83d\ude82\ud83d\ude82Dwayne\ud83d\ude82\ud83d\ude82|Reflect|p2b: \ud83d\ude82\ud83d\ude82Dwayne\ud83d\ude82\ud83d\ude82\n|-sidestart|p2: BFO Ethanol|Reflect\n|\n|upkeep\n|turn|2\n|c|\u2606BFO Ethanol|big damage\n|c|\u2606haydyg|crazy numbers\n|\n|t:|1683934228\n|switch|p2a: \ud83c\udf33\ud83c\udf33Dave\ud83c\udf33\ud83c\udf33|Bonsly, L5, M|100\/100\n|move|p1a: Impling|Parting Shot|p2a: \ud83c\udf33\ud83c\udf33Dave\ud83c\udf33\ud83c\udf33\n|-unboost|p2a: \ud83c\udf33\ud83c\udf33Dave\ud83c\udf33\ud83c\udf33|atk|1\n|-unboost|p2a: \ud83c\udf33\ud83c\udf33Dave\ud83c\udf33\ud83c\udf33|spa|1\n|\n|t:|1683934235\n|switch|p1a: Deeradimp|Deerling, L5, F, shiny|100\/100|[from] Parting Shot\n|move|p1b: Flettle|Heat Wave|p2b: \ud83d\ude82\ud83d\ude82Dwayne\ud83d\ude82\ud83d\ude82|[spread] p2a\n|-miss|p1b: Flettle|p2b: \ud83d\ude82\ud83d\ude82Dwayne\ud83d\ude82\ud83d\ude82\n|-resisted|p2a: \ud83c\udf33\ud83c\udf33Dave\ud83c\udf33\ud83c\udf33\n|-damage|p2a: \ud83c\udf33\ud83c\udf33Dave\ud83c\udf33\ud83c\udf33|86\/100\n|move|p2b: \ud83d\ude82\ud83d\ude82Dwayne\ud83d\ude82\ud83d\ude82|Rock Slide|p1a: Deeradimp|[spread] p1a,p1b\n|-supereffective|p1b: Flettle\n|-damage|p1a: Deeradimp|64\/100\n|-damage|p1b: Flettle|19\/100\n|\n|upkeep\n|turn|3\n|\n|t:|1683934286\n|move|p1a: Deeradimp|Energy Ball|p2b: \ud83d\ude82\ud83d\ude82Dwayne\ud83d\ude82\ud83d\ude82\n|-supereffective|p2b: \ud83d\ude82\ud83d\ude82Dwayne\ud83d\ude82\ud83d\ude82\n|-damage|p2b: \ud83d\ude82\ud83d\ude82Dwayne\ud83d\ude82\ud83d\ude82|37\/100\n|move|p1b: Flettle|Heat Wave|p2a: \ud83c\udf33\ud83c\udf33Dave\ud83c\udf33\ud83c\udf33|[spread] p2a,p2b\n|-resisted|p2a: \ud83c\udf33\ud83c\udf33Dave\ud83c\udf33\ud83c\udf33\n|-resisted|p2b: \ud83d\ude82\ud83d\ude82Dwayne\ud83d\ude82\ud83d\ude82\n|-damage|p2a: \ud83c\udf33\ud83c\udf33Dave\ud83c\udf33\ud83c\udf33|72\/100\n|-damage|p2b: \ud83d\ude82\ud83d\ude82Dwayne\ud83d\ude82\ud83d\ude82|32\/100\n|-status|p2b: \ud83d\ude82\ud83d\ude82Dwayne\ud83d\ude82\ud83d\ude82|brn\n|-ability|p2b: \ud83d\ude82\ud83d\ude82Dwayne\ud83d\ude82\ud83d\ude82|Steam Engine|boost\n|-boost|p2b: \ud83d\ude82\ud83d\ude82Dwayne\ud83d\ude82\ud83d\ude82|spe|6\n|move|p2b: \ud83d\ude82\ud83d\ude82Dwayne\ud83d\ude82\ud83d\ude82|Rock Slide|p1a: Deeradimp|[spread] p1a,p1b\n|-supereffective|p1b: Flettle\n|-damage|p1a: Deeradimp|48\/100\n|-damage|p1b: Flettle|0 fnt\n|faint|p1b: Flettle\n|move|p2a: \ud83c\udf33\ud83c\udf33Dave\ud83c\udf33\ud83c\udf33|Rock Slide|p1a: Deeradimp\n|-damage|p1a: Deeradimp|12\/100\n|\n|-damage|p2b: \ud83d\ude82\ud83d\ude82Dwayne\ud83d\ude82\ud83d\ude82|27\/100 brn|[from] brn\n|upkeep\n|c|\u2606haydyg|oh right\n|c| H0p5t3r|uh oh\n|c|\u2606BFO Ethanol|clutch burn\n|c|\u2606BFO Ethanol|lol\n|\n|t:|1683934308\n|switch|p1b: Impling|Impidimp, L5, M|100\/100\n|turn|4\n|c| H0p5t3r|absolutely clutch\n|c|\u2606haydyg|Alexa what's 13x4\n|c|\u2606BFO Ethanol|uh faster than fake out\n|c|\u2606BFO Ethanol|source: trust me\n|c| H0p5t3r|less than a x2 deering\n|\n|t:|1683934351\n|move|p1b: Impling|Fake Out|p2b: \ud83d\ude82\ud83d\ude82Dwayne\ud83d\ude82\ud83d\ude82\n|-resisted|p2b: \ud83d\ude82\ud83d\ude82Dwayne\ud83d\ude82\ud83d\ude82\n|-damage|p2b: \ud83d\ude82\ud83d\ude82Dwayne\ud83d\ude82\ud83d\ude82|22\/100 brn\n|cant|p2b: \ud83d\ude82\ud83d\ude82Dwayne\ud83d\ude82\ud83d\ude82|flinch\n|move|p1a: Deeradimp|Energy Ball|p2b: \ud83d\ude82\ud83d\ude82Dwayne\ud83d\ude82\ud83d\ude82\n|-supereffective|p2b: \ud83d\ude82\ud83d\ude82Dwayne\ud83d\ude82\ud83d\ude82\n|-damage|p2b: \ud83d\ude82\ud83d\ude82Dwayne\ud83d\ude82\ud83d\ude82|0 fnt\n|faint|p2b: \ud83d\ude82\ud83d\ude82Dwayne\ud83d\ude82\ud83d\ude82\n|move|p2a: \ud83c\udf33\ud83c\udf33Dave\ud83c\udf33\ud83c\udf33|Rock Slide|p1b: Impling|[spread] p1a,p1b\n|-damage|p1a: Deeradimp|0 fnt\n|-damage|p1b: Impling|71\/100\n|faint|p1a: Deeradimp\n|\n|-sideend|p1: haydyg|move: Tailwind\n|upkeep\n|c| H0p5t3r|its more actually\n|c| H0p5t3r|you were right to not trust us\n|c|\u2606haydyg|tis indeed more\n|\n|t:|1683934365\n|switch|p1a: Gomunt|Goomy, L5, M|100\/100\n|switch|p2b: \ud83e\udd97\ud83e\udd97Big Jack\ud83e\udd97\ud83e\udd97|Nymble, L5, F|100\/100\n|turn|5\n|\n|t:|1683934402\n|move|p2b: \ud83e\udd97\ud83e\udd97Big Jack\ud83e\udd97\ud83e\udd97|First Impression|p1a: Gomunt\n|-damage|p1a: Gomunt|34\/100\n|move|p1b: Impling|Parting Shot|p2b: \ud83e\udd97\ud83e\udd97Big Jack\ud83e\udd97\ud83e\udd97\n|-unboost|p2b: \ud83e\udd97\ud83e\udd97Big Jack\ud83e\udd97\ud83e\udd97|atk|1\n|-unboost|p2b: \ud83e\udd97\ud83e\udd97Big Jack\ud83e\udd97\ud83e\udd97|spa|1\n|move|p1a: Gomunt|Rock Slide|p2b: \ud83e\udd97\ud83e\udd97Big Jack\ud83e\udd97\ud83e\udd97|[spread] p2a,p2b\n|-supereffective|p2b: \ud83e\udd97\ud83e\udd97Big Jack\ud83e\udd97\ud83e\udd97\n|-damage|p2a: \ud83c\udf33\ud83c\udf33Dave\ud83c\udf33\ud83c\udf33|67\/100\n|-damage|p2b: \ud83e\udd97\ud83e\udd97Big Jack\ud83e\udd97\ud83e\udd97|79\/100\n|move|p2a: \ud83c\udf33\ud83c\udf33Dave\ud83c\udf33\ud83c\udf33|Rock Slide|p1a: Gomunt|[spread] p1a,p1b\n|-damage|p1a: Gomunt|5\/100\n|-damage|p1b: Impling|34\/100\n|\n|-sideend|p2: BFO Ethanol|Reflect\n|upkeep\n|turn|6\n|c|\u2606haydyg|21%?\n|c|\u2606haydyg|Oh dear\n|c|\u2606haydyg|gg lol\n|c|\u2606BFO Ethanol|gg\n|c|\u2606BFO Ethanol|lol\n|\n|t:|1683934437\n|move|p1b: Impling|Dark Pulse|p2b: \ud83e\udd97\ud83e\udd97Big Jack\ud83e\udd97\ud83e\udd97\n|-damage|p2b: \ud83e\udd97\ud83e\udd97Big Jack\ud83e\udd97\ud83e\udd97|11\/100\n|move|p1a: Gomunt|Rock Slide|p2b: \ud83e\udd97\ud83e\udd97Big Jack\ud83e\udd97\ud83e\udd97|[spread] p2a,p2b\n|-crit|p2a: \ud83c\udf33\ud83c\udf33Dave\ud83c\udf33\ud83c\udf33\n|-supereffective|p2b: \ud83e\udd97\ud83e\udd97Big Jack\ud83e\udd97\ud83e\udd97\n|-damage|p2a: \ud83c\udf33\ud83c\udf33Dave\ud83c\udf33\ud83c\udf33|53\/100\n|-damage|p2b: \ud83e\udd97\ud83e\udd97Big Jack\ud83e\udd97\ud83e\udd97|0 fnt\n|faint|p2b: \ud83e\udd97\ud83e\udd97Big Jack\ud83e\udd97\ud83e\udd97\n|move|p2a: \ud83c\udf33\ud83c\udf33Dave\ud83c\udf33\ud83c\udf33|Rock Slide|p1a: Gomunt|[spread] p1a,p1b\n|-damage|p1a: Gomunt|0 fnt\n|-damage|p1b: Impling|5\/100\n|faint|p1a: Gomunt\n|\n|upkeep\n|c| H0p5t3r|flinch\n|\n|t:|1683934443\n|switch|p2b: \u2702\ufe0f\u2702\ufe0fEdward\u2702\ufe0f\u2702\ufe0f|Scyther, L5, F|100\/100\n|turn|7\n|c| H0p5t3r|awww\n|c|\u2606haydyg|never lucky\n|\n|t:|1683934452\n|move|p2a: \ud83c\udf33\ud83c\udf33Dave\ud83c\udf33\ud83c\udf33|Sucker Punch|p1b: Impling\n|-resisted|p1b: Impling\n|-damage|p1b: Impling|0 fnt\n|faint|p1b: Impling\n|\n|win|BFO Ethanol\n|c|\u2606haydyg|gg!\n","uploadtime":1683934463,"views":11,"p1id":"haydyg","p2id":"bfoethanol","formatid":"gen9vgc2023regulationc","rating":0,"private":0,"password":""}