{"id":"gen9vgc2023regulationc-1846004100","p1":"kolbalt","p2":"MCsquidzy","format":"[Gen 9] VGC 2023 Regulation C","log":"|j|\u2606kolbalt\n|j|\u2606MCsquidzy\n|t:|1681789991\n|gametype|doubles\n|player|p1|kolbalt|102|1033\n|player|p2|MCsquidzy|wattson|1000\n|teamsize|p1|6\n|teamsize|p2|6\n|gen|9\n|tier|[Gen 9] VGC 2023 Regulation C\n|rated|\n|rule|Species Clause: Limit one of each Pok\u00e9mon\n|rule|Item Clause: Limit one of each item\n|clearpoke\n|poke|p1|Quaquaval, L50, M|\n|poke|p1|Farigiraf, L50, F|\n|poke|p1|Hatterene, L50, F|\n|poke|p1|Tyranitar, L50, M|\n|poke|p1|Lycanroc, L50, M|\n|poke|p1|Dragapult, L50, M|\n|poke|p2|Jigglypuff, L50, F|\n|poke|p2|Dondozo, L50, F|\n|poke|p2|Cryogonal, L50|\n|poke|p2|Abomasnow, L50, M|\n|poke|p2|Tatsugiri, L50, M|\n|poke|p2|Weavile, L50, F|\n|teampreview|4\n|inactive|Battle timer is ON: inactive players will automatically lose when time's up. (requested by MCsquidzy)\nMCsquidzy has agreed to open team sheets.\n|\n|t:|1681790014\n|start\n|switch|p1a: Tyranitar|Tyranitar, L50, M|100\/100\n|switch|p1b: Lycanroc|Lycanroc, L50, M|100\/100\n|switch|p2a: Weavile|Weavile, L50, F|100\/100\n|switch|p2b: Jigglypuff|Jigglypuff, L50, F|100\/100\n|-ability|p2a: Weavile|Pressure\n|-weather|Sandstorm|[from] ability: Sand Stream|[of] p1a: Tyranitar\n|turn|1\n|\n|t:|1681790030\n|move|p1b: Lycanroc|Protect|p1b: Lycanroc\n|-singleturn|p1b: Lycanroc|Protect\n|move|p2a: Weavile|Hone Claws|p2a: Weavile\n|-boost|p2a: Weavile|atk|1\n|-boost|p2a: Weavile|accuracy|1\n|move|p1a: Tyranitar|Earthquake|p2a: Weavile|[spread] p2a,p2b\n|-activate|p1b: Lycanroc|move: Protect\n|-damage|p2a: Weavile|73\/100\n|-damage|p2b: Jigglypuff|69\/100\n|move|p2b: Jigglypuff|Gravity|p2b: Jigglypuff\n|-fieldstart|move: Gravity\n|\n|-weather|Sandstorm|[upkeep]\n|-damage|p2a: Weavile|67\/100|[from] Sandstorm\n|-damage|p2b: Jigglypuff|63\/100|[from] Sandstorm\n|upkeep\n|turn|2\n|\n|t:|1681790055\n|move|p2b: Jigglypuff|Protect|p2b: Jigglypuff\n|-singleturn|p2b: Jigglypuff|Protect\n|move|p1b: Lycanroc|Play Rough|p2a: Weavile\n|-supereffective|p2a: Weavile\n|-crit|p2a: Weavile\n|-damage|p2a: Weavile|0 fnt\n|faint|p2a: Weavile\n|-damage|p1b: Lycanroc|90\/100|[from] item: Life Orb\n|move|p1a: Tyranitar|Brick Break|p2b: Jigglypuff\n|-activate|p2b: Jigglypuff|move: Protect\n|\n|-weather|Sandstorm|[upkeep]\n|-damage|p2b: Jigglypuff|57\/100|[from] Sandstorm\n|upkeep\n|\n|t:|1681790068\n|switch|p2a: Dondozo|Dondozo, L50, F|100\/100\n|turn|3\n|\n|t:|1681790080\n|switch|p2b: Tatsugiri|Tatsugiri, L50, M|100\/100\n|-activate|p2b: Tatsugiri|ability: Commander|[of] p2a: Dondozo\n|-boost|p2a: Dondozo|atk|2\n|-boost|p2a: Dondozo|spa|2\n|-boost|p2a: Dondozo|spe|2\n|-boost|p2a: Dondozo|def|2\n|-boost|p2a: Dondozo|spd|2\n|move|p1b: Lycanroc|Iron Head|p2b: Tatsugiri|[miss]\n|-miss|p1b: Lycanroc|p2b: Tatsugiri\n|move|p2a: Dondozo|Fissure|p1b: Lycanroc\n|-damage|p1b: Lycanroc|0 fnt\n|faint|p1b: Lycanroc\n|-ohko\n|move|p1a: Tyranitar|Thunder Punch|p2a: Dondozo\n|-supereffective|p2a: Dondozo\n|-crit|p2a: Dondozo\n|-damage|p2a: Dondozo|43\/100\n|\n|-weather|Sandstorm|[upkeep]\n|-damage|p2b: Tatsugiri|94\/100|[from] Sandstorm\n|-damage|p2a: Dondozo|37\/100|[from] Sandstorm\n|-heal|p2a: Dondozo|43\/100|[from] item: Leftovers\n|upkeep\n|c|\u2606kolbalt|I'm so curious\n|c|\u2606kolbalt|as to what you were cooking\n|\n|t:|1681790099\n|switch|p1b: Dragapult|Dragapult, L50, M|100\/100\n|turn|4\n|\n|t:|1681790108\n|move|p1b: Dragapult|Thunder|p2a: Dondozo\n|-supereffective|p2a: Dondozo\n|-damage|p2a: Dondozo|12\/100\n|move|p2a: Dondozo|Rest|p2a: Dondozo\n|-status|p2a: Dondozo|slp|[from] move: Rest\n|-heal|p2a: Dondozo|100\/100 slp|[silent]\n|move|p1a: Tyranitar|Thunder Punch|p2a: Dondozo\n|-supereffective|p2a: Dondozo\n|-damage|p2a: Dondozo|83\/100 slp\n|\n|-weather|Sandstorm|[upkeep]\n|-damage|p1b: Dragapult|94\/100|[from] Sandstorm\n|-damage|p2b: Tatsugiri|88\/100|[from] Sandstorm\n|-damage|p2a: Dondozo|76\/100 slp|[from] Sandstorm\n|-heal|p2a: Dondozo|83\/100 slp|[from] item: Leftovers\n|upkeep\n|turn|5\n|\n|t:|1681790115\n|-terastallize|p2a: Dondozo|Grass\n|move|p1b: Dragapult|Thunder|p2a: Dondozo\n|-resisted|p2a: Dondozo\n|-damage|p2a: Dondozo|74\/100 slp\n|cant|p2a: Dondozo|slp\n|move|p2a: Dondozo|Sleep Talk|p2a: Dondozo\n|move|p2a: Dondozo|Fissure|p1a: Tyranitar|[from]move: Sleep Talk|[miss]\n|-miss|p2a: Dondozo|p1a: Tyranitar\n|move|p1a: Tyranitar|Thunder Punch|p2a: Dondozo\n|-resisted|p2a: Dondozo\n|-damage|p2a: Dondozo|70\/100 slp\n|\n|-weather|none\n|-heal|p2a: Dondozo|76\/100 slp|[from] item: Leftovers\n|-fieldend|move: Gravity\n|upkeep\n|turn|6\n|\n|t:|1681790129\n|switch|p1b: Quaquaval|Quaquaval, L50, M|100\/100\n|cant|p2a: Dondozo|slp\n|move|p2a: Dondozo|Sleep Talk|p2a: Dondozo\n|move|p2a: Dondozo|Fissure|p1b: Quaquaval|[from]move: Sleep Talk|[miss]\n|-miss|p2a: Dondozo|p1b: Quaquaval\n|move|p1a: Tyranitar|Fire Punch|p2a: Dondozo\n|-supereffective|p2a: Dondozo\n|-damage|p2a: Dondozo|58\/100 slp\n|\n|-heal|p2a: Dondozo|64\/100 slp|[from] item: Leftovers\n|upkeep\n|turn|7\n|inactive|kolbalt has 30 seconds left.\n|\n|t:|1681790161\n|move|p1b: Quaquaval|Brave Bird|p2a: Dondozo\n|-supereffective|p2a: Dondozo\n|-damage|p2a: Dondozo|36\/100 slp\n|-damage|p1b: Quaquaval|86\/100|[from] Recoil\n|-curestatus|p2a: Dondozo|slp|[msg]\n|move|p2a: Dondozo|Fissure|p1a: Tyranitar|[miss]\n|-miss|p2a: Dondozo|p1a: Tyranitar\n|move|p1a: Tyranitar|Fire Punch|p2a: Dondozo\n|-supereffective|p2a: Dondozo\n|-damage|p2a: Dondozo|17\/100\n|\n|-heal|p2a: Dondozo|23\/100|[from] item: Leftovers\n|upkeep\n|turn|8\n|\n|t:|1681790172\n|switch|p1b: Dragapult|Dragapult, L50, M|94\/100\n|move|p2a: Dondozo|Rest|p2a: Dondozo\n|-status|p2a: Dondozo|slp|[from] move: Rest\n|-heal|p2a: Dondozo|100\/100 slp|[silent]\n|move|p1a: Tyranitar|Fire Punch|p2a: Dondozo\n|-supereffective|p2a: Dondozo\n|-damage|p2a: Dondozo|83\/100 slp\n|\n|-heal|p2a: Dondozo|89\/100 slp|[from] item: Leftovers\n|upkeep\n|turn|9\n|\n|t:|1681790182\n|move|p1b: Dragapult|Fire Blast|p2a: Dondozo\n|-supereffective|p2a: Dondozo\n|-damage|p2a: Dondozo|54\/100 slp\n|cant|p2a: Dondozo|slp\n|move|p2a: Dondozo|Sleep Talk|p2a: Dondozo\n|move|p2a: Dondozo|Rest||[from]move: Sleep Talk|[still]\n|-fail|p2a: Dondozo\n|move|p1a: Tyranitar|Fire Punch|p2a: Dondozo\n|-supereffective|p2a: Dondozo\n|-damage|p2a: Dondozo|36\/100 slp\n|\n|-heal|p2a: Dondozo|42\/100 slp|[from] item: Leftovers\n|upkeep\n|turn|10\n|\n|t:|1681790193\n|move|p1b: Dragapult|Fire Blast|p2a: Dondozo\n|-supereffective|p2a: Dondozo\n|-damage|p2a: Dondozo|13\/100 slp\n|cant|p2a: Dondozo|slp\n|move|p2a: Dondozo|Sleep Talk|p2a: Dondozo\n|move|p2a: Dondozo|Rest||[from]move: Sleep Talk|[still]\n|-fail|p2a: Dondozo\n|move|p1a: Tyranitar|Fire Punch|p2a: Dondozo\n|-supereffective|p2a: Dondozo\n|-damage|p2a: Dondozo|0 fnt\n|faint|p2a: Dondozo\n|\n|upkeep\n|-message|MCsquidzy forfeited.\n|\n|win|kolbalt\n|raw|kolbalt's rating: 1033 → 1065<\/strong> (+32 for winning)\n|raw|MCsquidzy's rating: 1000 → 1000<\/strong> (+0 for losing)\n|l|\u2606MCsquidzy\n","uploadtime":1681790208,"views":6,"p1id":"kolbalt","p2id":"mcsquidzy","formatid":"gen9vgc2023regulationc","rating":1000,"private":0,"password":""}