{"id":"gen9vgc2023regulationc-1857325570","p1":"Rean411","p2":"HalfGallon67","format":"[Gen 9] VGC 2023 Regulation C","log":"|j|\u2606Rean411\n|j|\u2606HalfGallon67\n|t:|1683173662\n|gametype|doubles\n|player|p1|Rean411|265|\n|player|p2|HalfGallon67|cilan|\n|teamsize|p1|6\n|teamsize|p2|6\n|gen|9\n|tier|[Gen 9] VGC 2023 Regulation C\n|rated|Tournament battle\n|rule|Species Clause: Limit one of each Pok\u00e9mon\n|rule|Item Clause: Limit one of each item\n|clearpoke\n|poke|p1|Tyranitar, L50, M|\n|poke|p1|Lycanroc, L50, M|\n|poke|p1|Annihilape, L50, F|\n|poke|p1|Maushold, L50|\n|poke|p1|Ting-Lu, L50|\n|poke|p1|Flutter Mane, L50|\n|poke|p2|Palafin, L50, M|\n|poke|p2|Jumpluff, L50, M|\n|poke|p2|Roaring Moon, L50|\n|poke|p2|Flutter Mane, L50|\n|poke|p2|Ting-Lu, L50|\n|poke|p2|Volcarona, L50, F|\n|teampreview|4\nRean411 has agreed to open team sheets.\n|c|\u2606Rean411|Hihi\n|j| Toastest\n|c|\u2606Rean411|GLHF\n|\n|t:|1683173714\n|start\n|switch|p1a: Lycanroc|Lycanroc, L50, M|100\/100\n|switch|p1b: Maushold|Maushold, L50, shiny|100\/100\n|switch|p2a: Jumpluff|Jumpluff, L50, M|100\/100\n|switch|p2b: Ting-Lu|Ting-Lu, L50|100\/100\n|-ability|p2b: Ting-Lu|Vessel of Ruin\n|turn|1\n|\n|t:|1683173729\n|move|p2a: Jumpluff|Protect|p2a: Jumpluff\n|-singleturn|p2a: Jumpluff|Protect\n|move|p1b: Maushold|Follow Me|p1b: Maushold\n|-singleturn|p1b: Maushold|move: Follow Me\n|move|p1a: Lycanroc|Rock Slide|p2b: Ting-Lu|[spread] p2b\n|-activate|p2a: Jumpluff|move: Protect\n|-resisted|p2b: Ting-Lu\n|-damage|p2b: Ting-Lu|91\/100\n|move|p2b: Ting-Lu|Earthquake|p1a: Lycanroc|[spread] p1a,p1b\n|-activate|p2a: Jumpluff|move: Protect\n|-supereffective|p1a: Lycanroc\n|-enditem|p1a: Lycanroc|Focus Sash\n|-damage|p1a: Lycanroc|1\/100\n|-damage|p1b: Maushold|44\/100\n|\n|upkeep\n|turn|2\n|j| Snowstorm brute\n|j| teraghostisbad\n|\n|t:|1683173773\n|move|p2a: Jumpluff|Rage Powder|p2a: Jumpluff\n|-singleturn|p2a: Jumpluff|move: Rage Powder\n|move|p1b: Maushold|Follow Me|p1b: Maushold\n|-singleturn|p1b: Maushold|move: Follow Me\n|move|p1a: Lycanroc|Endeavor|p2a: Jumpluff\n|-damage|p2a: Jumpluff|1\/100\n|move|p2b: Ting-Lu|Earthquake|p1b: Maushold|[spread] p1a,p1b\n|-immune|p2a: Jumpluff\n|-supereffective|p1a: Lycanroc\n|-damage|p1a: Lycanroc|0 fnt\n|-damage|p1b: Maushold|0 fnt\n|faint|p1a: Lycanroc\n|faint|p1b: Maushold\n|\n|upkeep\n|c|\u2606Rean411|I forgot about ragepowder\n|c|\u2606Rean411|\ud83e\udd26\ud83c\udffc\u200d\u2642\ufe0f\n|\n|t:|1683173798\n|switch|p1a: Annihilape|Annihilape, L50, F|100\/100\n|switch|p1b: Tyranitar|Tyranitar, L50, M|100\/100\n|-weather|Sandstorm|[from] ability: Sand Stream|[of] p1b: Tyranitar\n|turn|3\n|j| 413XPlayz\n|\n|t:|1683173816\n|-terastallize|p1b: Tyranitar|Flying\n|move|p2a: Jumpluff|Rage Powder|p2a: Jumpluff\n|-singleturn|p2a: Jumpluff|move: Rage Powder\n|move|p1a: Annihilape|Bulk Up|p1a: Annihilape\n|-boost|p1a: Annihilape|atk|1\n|-boost|p1a: Annihilape|def|1\n|move|p1b: Tyranitar|Rock Slide|p2a: Jumpluff|[spread] p2a,p2b\n|-supereffective|p2a: Jumpluff\n|-resisted|p2b: Ting-Lu\n|-damage|p2a: Jumpluff|0 fnt\n|-damage|p2b: Ting-Lu|77\/100\n|faint|p2a: Jumpluff\n|move|p2b: Ting-Lu|Earthquake|p1a: Annihilape|[spread] p1a\n|-immune|p1b: Tyranitar\n|-damage|p1a: Annihilape|64\/100\n|\n|-weather|Sandstorm|[upkeep]\n|-damage|p1a: Annihilape|58\/100|[from] Sandstorm\n|-damage|p1b: Tyranitar|95\/100|[from] Sandstorm\n|-heal|p1a: Annihilape|64\/100|[from] item: Leftovers\n|upkeep\n|\n|t:|1683173831\n|switch|p2a: Flutter Mane|Flutter Mane, L50|100\/100\n|turn|4\n|\n|t:|1683173842\n|switch|p2b: Roaring Moon|Roaring Moon, L50|100\/100\n|-terastallize|p2a: Flutter Mane|Steel\n|move|p2a: Flutter Mane|Dazzling Gleam|p1a: Annihilape|[spread] p1a,p1b\n|-supereffective|p1a: Annihilape\n|-damage|p1a: Annihilape|0 fnt\n|-damage|p1b: Tyranitar|56\/100\n|faint|p1a: Annihilape\n|move|p1b: Tyranitar|Rock Slide|p2a: Flutter Mane|[spread] p2b\n|-miss|p1b: Tyranitar|p2a: Flutter Mane\n|-crit|p2b: Roaring Moon\n|-damage|p2b: Roaring Moon|13\/100\n|\n|-weather|Sandstorm|[upkeep]\n|-damage|p2b: Roaring Moon|7\/100|[from] Sandstorm\n|-damage|p1b: Tyranitar|50\/100|[from] Sandstorm\n|upkeep\n|turn|5\n|\n|t:|1683173857\n|move|p2a: Flutter Mane|Dazzling Gleam|p1b: Tyranitar\n|-damage|p1b: Tyranitar|0 fnt\n|faint|p1b: Tyranitar\n|\n|win|HalfGallon67\n|n|\u2606Rean411|rean411\n|n|\u2606HalfGallon67|halfgallon67\n|n| Toastest|toastest\n|n| Snowstorm brute|snowstormbrute\n|n| teraghostisbad|teraghostisbad\n|n| 413XPlayz|413xplayz\n","uploadtime":1683173858,"views":7,"p1id":"rean411","p2id":"halfgallon67","formatid":"gen9vgc2023regulationc","rating":0,"private":0,"password":""}