{"id":"gen9vgc2023regulationc-1857546486","p1":"Goldeen Knights","p2":"rissol73","format":"[Gen 9] VGC 2023 Regulation C","log":"|j|\u2606Goldeen Knights\n|j|\u2606rissol73\n|t:|1683207006\n|gametype|doubles\n|player|p1|Goldeen Knights|burglar|1101\n|player|p2|rissol73|2|1111\n|teamsize|p1|6\n|teamsize|p2|6\n|gen|9\n|tier|[Gen 9] VGC 2023 Regulation C\n|rated|\n|rule|Species Clause: Limit one of each Pok\u00e9mon\n|rule|Item Clause: Limit one of each item\n|clearpoke\n|poke|p1|Talonflame, L50, M|\n|poke|p1|Garchomp, L50, M|\n|poke|p1|Flutter Mane, L50|\n|poke|p1|Kingambit, L50, M|\n|poke|p1|Amoonguss, L50, F|\n|poke|p1|Gholdengo, L50|\n|poke|p2|Toxapex, L50, F|\n|poke|p2|Ceruledge, L50, M|\n|poke|p2|Hypno, L50, F|\n|poke|p2|Arcanine, L50, M|\n|poke|p2|Scizor, L50, F|\n|poke|p2|Flutter Mane, L50|\n|teampreview|4\n|inactive|Battle timer is ON: inactive players will automatically lose when time's up. (requested by Goldeen Knights)\n|\n|t:|1683207035\n|start\n|switch|p1a: Garchomp|Garchomp, L50, M|100\/100\n|switch|p1b: Kingambit|Kingambit, L50, M|100\/100\n|switch|p2a: Arcanine|Arcanine, L50, M|100\/100\n|switch|p2b: Ceruledge|Ceruledge, L50, M|100\/100\n|-ability|p2a: Arcanine|Intimidate|boost\n|-unboost|p1a: Garchomp|atk|1\n|-unboost|p1b: Kingambit|atk|1\n|-ability|p1b: Kingambit|Defiant|boost\n|-boost|p1b: Kingambit|atk|2\n|turn|1\n|inactive|Goldeen Knights has 30 seconds left.\n|inactive|rissol73 has 30 seconds left.\n|inactive|Goldeen Knights has 20 seconds left.\n|\n|t:|1683207074\n|-terastallize|p1b: Kingambit|Fire\n|move|p2b: Ceruledge|Protect|p2b: Ceruledge\n|-singleturn|p2b: Ceruledge|Protect\n|move|p1a: Garchomp|Rock Slide|p2a: Arcanine|[spread] p2a\n|-activate|p2b: Ceruledge|move: Protect\n|-supereffective|p2a: Arcanine\n|-damage|p2a: Arcanine|69\/100\n|-damage|p1a: Garchomp|91\/100|[from] item: Life Orb\n|cant|p2a: Arcanine|flinch\n|move|p1b: Kingambit|Assurance|p2b: Ceruledge\n|-activate|p2b: Ceruledge|move: Protect\n|\n|upkeep\n|turn|2\n|\n|t:|1683207093\n|-terastallize|p2b: Ceruledge|Grass\n|move|p1a: Garchomp|Rock Slide|p2b: Ceruledge|[spread] p2a,p2b\n|-supereffective|p2a: Arcanine\n|-damage|p2a: Arcanine|36\/100\n|-damage|p2b: Ceruledge|82\/100\n|-damage|p1a: Garchomp|81\/100|[from] item: Life Orb\n|move|p2b: Ceruledge|Bulk Up|p2b: Ceruledge\n|-boost|p2b: Ceruledge|atk|1\n|-boost|p2b: Ceruledge|def|1\n|cant|p2a: Arcanine|flinch\n|move|p1b: Kingambit|Assurance|p2b: Ceruledge\n|-damage|p2b: Ceruledge|4\/100\n|\n|upkeep\n|turn|3\n|\n|t:|1683207116\n|move|p2b: Ceruledge|Protect|p2b: Ceruledge\n|-singleturn|p2b: Ceruledge|Protect\n|move|p1a: Garchomp|Rock Slide|p2a: Arcanine|[spread] \n|-activate|p2b: Ceruledge|move: Protect\n|-miss|p1a: Garchomp|p2a: Arcanine\n|move|p2a: Arcanine|Play Rough|p1a: Garchomp\n|-supereffective|p1a: Garchomp\n|-damage|p1a: Garchomp|24\/100\n|-damage|p2a: Arcanine|24\/100|[from] ability: Rough Skin|[of] p1a: Garchomp\n|move|p1b: Kingambit|Assurance|p2a: Arcanine\n|-damage|p2a: Arcanine|0 fnt\n|faint|p2a: Arcanine\n|\n|upkeep\n|\n|t:|1683207124\n|switch|p2a: Flutter Mane|Flutter Mane, L50|100\/100\n|-enditem|p2a: Flutter Mane|Booster Energy\n|-activate|p2a: Flutter Mane|ability: Protosynthesis|[fromitem]\n|-start|p2a: Flutter Mane|protosynthesisspe\n|turn|4\n|\n|t:|1683207147\n|move|p1b: Kingambit|Sucker Punch|p2b: Ceruledge\n|-damage|p2b: Ceruledge|0 fnt\n|faint|p2b: Ceruledge\n|move|p2a: Flutter Mane|Moonblast|p1a: Garchomp\n|-supereffective|p1a: Garchomp\n|-damage|p1a: Garchomp|0 fnt\n|faint|p1a: Garchomp\n|\n|upkeep\n|\n|t:|1683207160\n|switch|p1a: Talonflame|Talonflame, L50, M|100\/100\n|switch|p2b: Scizor|Scizor, L50, F|100\/100\n|turn|5\n|\n|t:|1683207168\n|move|p2b: Scizor|Bullet Punch|p1a: Talonflame\n|-resisted|p1a: Talonflame\n|-damage|p1a: Talonflame|74\/100\n|move|p2a: Flutter Mane|Shadow Ball|p1a: Talonflame\n|-damage|p1a: Talonflame|21\/100\n|move|p1a: Talonflame|Will-O-Wisp|p2b: Scizor|[miss]\n|-miss|p1a: Talonflame|p2b: Scizor\n|move|p1b: Kingambit|Iron Head|p2a: Flutter Mane\n|-supereffective|p2a: Flutter Mane\n|-damage|p2a: Flutter Mane|0 fnt\n|faint|p2a: Flutter Mane\n|-end|p2a: Flutter Mane|Protosynthesis|[silent]\n|\n|upkeep\n|turn|6\n|-message|rissol73 forfeited.\n|\n|win|Goldeen Knights\n|raw|Goldeen Knights's rating: 1101 → 1127<\/strong> (+26 for winning)\n|raw|rissol73's rating: 1111 → 1085<\/strong> (-26 for losing)\n|l|\u2606rissol73\n","uploadtime":1683207183,"views":9,"p1id":"goldeenknights","p2id":"rissol73","formatid":"gen9vgc2023regulationc","rating":1085,"private":0,"password":""}