{"id":"gen9vgc2023regulationc-1862633955","p1":"boat emoticon","p2":"grookey321","format":"[Gen 9] VGC 2023 Regulation C","log":"|j|\u203dboat emoticon\n|j|\u2606grookey321\n|t:|1683907473\n|gametype|doubles\n|player|p1|boat emoticon|caitlin|1110\n|player|p2|grookey321|hilbert|1045\n|teamsize|p1|6\n|teamsize|p2|6\n|gen|9\n|tier|[Gen 9] VGC 2023 Regulation C\n|rated|\n|rule|Species Clause: Limit one of each Pok\u00e9mon\n|rule|Item Clause: Limit one of each item\n|clearpoke\n|poke|p1|Dondozo, L50, F|\n|poke|p1|Tatsugiri, L50, F|\n|poke|p1|Chi-Yu, L50|\n|poke|p1|Iron Bundle, L50|\n|poke|p1|Flutter Mane, L50|\n|poke|p1|Glimmora, L50, F|\n|poke|p2|Haxorus, L50, M|\n|poke|p2|Chien-Pao, L50|\n|poke|p2|Roaring Moon, L50|\n|poke|p2|Glimmora, L50, M|\n|poke|p2|Corviknight, L50, F|\n|poke|p2|Flutter Mane, L50|\n|teampreview|4\n|inactive|Battle timer is ON: inactive players will automatically lose when time's up. (requested by boat emoticon)\n|inactive|grookey321 has 60 seconds left.\n|inactive|grookey321 has 30 seconds left.\n|inactive|grookey321 has 20 seconds left.\n|\n|t:|1683907548\n|start\n|switch|p1a: Glimmora|Glimmora, L50, F|100\/100\n|switch|p1b: Chi-Yu|Chi-Yu, L50|100\/100\n|switch|p2a: Glimmora|Glimmora, L50, M|100\/100\n|switch|p2b: Roaring Moon|Roaring Moon, L50|100\/100\n|-ability|p1b: Chi-Yu|Beads of Ruin\n|-enditem|p2b: Roaring Moon|Booster Energy\n|-activate|p2b: Roaring Moon|ability: Protosynthesis|[fromitem]\n|-start|p2b: Roaring Moon|protosynthesisspe\n|turn|1\n|\n|t:|1683907566\n|move|p1b: Chi-Yu|Protect|p1b: Chi-Yu\n|-singleturn|p1b: Chi-Yu|Protect\n|move|p2b: Roaring Moon|Tailwind|p2b: Roaring Moon\n|-sidestart|p2: grookey321|move: Tailwind\n|move|p2a: Glimmora|Power Gem|p1b: Chi-Yu\n|-activate|p1b: Chi-Yu|move: Protect\n|move|p1a: Glimmora|Earth Power|p2a: Glimmora\n|-supereffective|p2a: Glimmora\n|-damage|p2a: Glimmora|0 fnt\n|faint|p2a: Glimmora\n|\n|upkeep\n|\n|t:|1683907586\n|switch|p2a: Flutter Mane|Flutter Mane, L50|100\/100\n|turn|2\n|\n|t:|1683907607\n|move|p2a: Flutter Mane|Protect|p2a: Flutter Mane\n|-singleturn|p2a: Flutter Mane|Protect\n|move|p2b: Roaring Moon|Throat Chop|p1a: Glimmora\n|-damage|p1a: Glimmora|65\/100\n|-start|p1a: Glimmora|Throat Chop|[silent]\n|-activate|p1a: Glimmora|ability: Toxic Debris\n|-sidestart|p2: grookey321|move: Toxic Spikes\n|move|p1b: Chi-Yu|Heat Wave|p2a: Flutter Mane|[spread] p2b\n|-activate|p2a: Flutter Mane|move: Protect\n|-resisted|p2b: Roaring Moon\n|-damage|p2b: Roaring Moon|77\/100\n|move|p1a: Glimmora|Mortal Spin|p2a: Flutter Mane|[spread] p2b\n|-activate|p2a: Flutter Mane|move: Protect\n|-damage|p2b: Roaring Moon|71\/100\n|-status|p2b: Roaring Moon|psn\n|\n|-damage|p2b: Roaring Moon|59\/100 psn|[from] psn\n|upkeep\n|turn|3\n|inactive|boat emoticon has 30 seconds left.\n|inactive|grookey321 has 30 seconds left.\n|inactive|grookey321 has 20 seconds left.\n|\n|t:|1683907642\n|-terastallize|p2b: Roaring Moon|Flying\n|move|p2b: Roaring Moon|Acrobatics|p1b: Chi-Yu\n|-damage|p1b: Chi-Yu|2\/100\n|move|p2a: Flutter Mane|Shadow Ball|p1a: Glimmora\n|-damage|p1a: Glimmora|28\/100\n|move|p1b: Chi-Yu|Heat Wave|p2b: Roaring Moon|[spread] p2a,p2b\n|-crit|p2b: Roaring Moon\n|-damage|p2a: Flutter Mane|49\/100\n|-damage|p2b: Roaring Moon|0 fnt\n|faint|p2b: Roaring Moon\n|-end|p2b: Roaring Moon|Protosynthesis|[silent]\n|move|p1a: Glimmora|Mortal Spin|p2a: Flutter Mane\n|-damage|p2a: Flutter Mane|36\/100\n|-status|p2a: Flutter Mane|psn\n|\n|-damage|p2a: Flutter Mane|23\/100 psn|[from] psn\n|-end|p1a: Glimmora|Throat Chop|[silent]\n|upkeep\n|\n|t:|1683907657\n|switch|p2b: Corviknight|Corviknight, L50, F|100\/100\n|turn|4\n|\n|t:|1683907671\n|move|p2a: Flutter Mane|Dazzling Gleam|p1a: Glimmora|[spread] p1a,p1b\n|-resisted|p1a: Glimmora\n|-damage|p1a: Glimmora|14\/100\n|-damage|p1b: Chi-Yu|0 fnt\n|faint|p1b: Chi-Yu\n|move|p2b: Corviknight|Iron Head|p1a: Glimmora\n|-supereffective|p1a: Glimmora\n|-damage|p1a: Glimmora|0 fnt\n|-activate|p1a: Glimmora|ability: Toxic Debris\n|-sidestart|p2: grookey321|move: Toxic Spikes\n|faint|p1a: Glimmora\n|\n|-damage|p2a: Flutter Mane|11\/100 psn|[from] psn\n|-sideend|p2: grookey321|move: Tailwind\n|upkeep\n|\n|t:|1683907678\n|switch|p1b: Tatsugiri|Tatsugiri, L50, F|100\/100\n|switch|p1a: Dondozo|Dondozo, L50, F|100\/100\n|-activate|p1b: Tatsugiri|ability: Commander|[of] p1a: Dondozo\n|-boost|p1a: Dondozo|atk|2\n|-boost|p1a: Dondozo|spa|2\n|-boost|p1a: Dondozo|spe|2\n|-boost|p1a: Dondozo|def|2\n|-boost|p1a: Dondozo|spd|2\n|turn|5\n|\n|t:|1683907701\n|move|p1a: Dondozo|Protect|p1a: Dondozo\n|-singleturn|p1a: Dondozo|Protect\n|move|p2a: Flutter Mane|Energy Ball|p1a: Dondozo\n|-activate|p1a: Dondozo|move: Protect\n|move|p2b: Corviknight|Bulk Up|p2b: Corviknight\n|-boost|p2b: Corviknight|atk|1\n|-boost|p2b: Corviknight|def|1\n|\n|-damage|p2a: Flutter Mane|0 fnt|[from] psn\n|faint|p2a: Flutter Mane\n|-end|p2a: Flutter Mane|Protosynthesis|[silent]\n|upkeep\n|turn|6\n|\n|t:|1683907718\n|move|p1a: Dondozo|Wave Crash|p2b: Corviknight\n|-damage|p2b: Corviknight|50\/100\n|-damage|p1a: Dondozo|86\/100|[from] Recoil\n|move|p2b: Corviknight|Brave Bird|p1a: Dondozo\n|-damage|p1a: Dondozo|62\/100\n|-damage|p2b: Corviknight|41\/100|[from] Recoil\n|\n|-heal|p1a: Dondozo|68\/100|[from] item: Leftovers\n|-heal|p2b: Corviknight|47\/100|[from] item: Leftovers\n|upkeep\n|turn|7\n|\n|t:|1683907735\n|move|p2b: Corviknight|Protect|p2b: Corviknight\n|-singleturn|p2b: Corviknight|Protect\n|move|p1a: Dondozo|Wave Crash|p2b: Corviknight\n|-activate|p2b: Corviknight|move: Protect\n|\n|-heal|p1a: Dondozo|74\/100|[from] item: Leftovers\n|-heal|p2b: Corviknight|53\/100|[from] item: Leftovers\n|upkeep\n|turn|8\n|\n|t:|1683907742\n|move|p1a: Dondozo|Wave Crash|p2b: Corviknight\n|-damage|p2b: Corviknight|5\/100\n|-damage|p1a: Dondozo|61\/100|[from] Recoil\n|move|p2b: Corviknight|Bulk Up|p2b: Corviknight\n|-boost|p2b: Corviknight|atk|1\n|-boost|p2b: Corviknight|def|1\n|\n|-heal|p1a: Dondozo|67\/100|[from] item: Leftovers\n|-heal|p2b: Corviknight|11\/100|[from] item: Leftovers\n|upkeep\n|turn|9\n|\n|t:|1683907753\n|move|p2b: Corviknight|Protect|p2b: Corviknight\n|-singleturn|p2b: Corviknight|Protect\n|move|p1a: Dondozo|Wave Crash|p2b: Corviknight\n|-activate|p2b: Corviknight|move: Protect\n|\n|-heal|p1a: Dondozo|73\/100|[from] item: Leftovers\n|-heal|p2b: Corviknight|17\/100|[from] item: Leftovers\n|upkeep\n|turn|10\n|\n|t:|1683907764\n|move|p2b: Corviknight|Protect||[still]\n|-fail|p2b: Corviknight\n|move|p1a: Dondozo|Wave Crash|p2b: Corviknight\n|-damage|p2b: Corviknight|0 fnt\n|faint|p2b: Corviknight\n|-damage|p1a: Dondozo|68\/100|[from] Recoil\n|\n|win|boat emoticon\n|raw|boat emoticon's rating: 1110 → 1130<\/strong> (+20 for winning)\n|raw|grookey321's rating: 1045 → 1031<\/strong> (-14 for losing)\n|l|\u2606grookey321\n","uploadtime":1683907782,"views":6,"p1id":"boatemoticon","p2id":"grookey321","formatid":"gen9vgc2023regulationc","rating":1031,"private":0,"password":""}