{"id":"gen9vgc2023regulationc-1851496593","p1":"juliogu10","p2":"TheAvatar77","format":"[Gen 9] VGC 2023 Regulation C","log":"|j|\u2606juliogu10\n|j|\u2606TheAvatar77\n|t:|1682449992\n|gametype|doubles\n|player|p1|juliogu10|1|1448\n|player|p2|TheAvatar77|winona|1357\n|teamsize|p1|6\n|teamsize|p2|6\n|gen|9\n|tier|[Gen 9] VGC 2023 Regulation C\n|rated|\n|rule|Species Clause: Limit one of each Pok\u00e9mon\n|rule|Item Clause: Limit one of each item\n|clearpoke\n|poke|p1|Dragonite, L50, M|\n|poke|p1|Arcanine, L50, M|\n|poke|p1|Amoonguss, L50, F|\n|poke|p1|Chien-Pao, L50|\n|poke|p1|Flutter Mane, L50|\n|poke|p1|Palafin, L50, M|\n|poke|p2|Ting-Lu, L50|\n|poke|p2|Hydreigon, L50, F|\n|poke|p2|Amoonguss, L50, F|\n|poke|p2|Arcanine, L50, F|\n|poke|p2|Dondozo, L50, F|\n|poke|p2|Tatsugiri, L50, M|\n|teampreview|4\n|inactive|Battle timer is ON: inactive players will automatically lose when time's up. (requested by juliogu10)\n|inactive|juliogu10 has 60 seconds left.\n|\n|t:|1682450039\n|start\n|switch|p1a: Arcanine|Arcanine, L50, M, shiny|100\/100\n|switch|p1b: Palafin|Palafin, L50, M, shiny|100\/100\n|switch|p2a: Arcanine|Arcanine, L50, F|100\/100\n|switch|p2b: Dondozo|Dondozo, L50, F|100\/100\n|-ability|p2a: Arcanine|Intimidate|boost\n|-unboost|p1a: Arcanine|atk|1\n|-unboost|p1b: Palafin|atk|1\n|-ability|p1a: Arcanine|Intimidate|boost\n|-unboost|p2a: Arcanine|atk|1\n|-fail|p2b: Dondozo|unboost|Attack|[from] ability: Oblivious|[of] p2b: Dondozo\n|turn|1\n|inactive|TheAvatar77 has 30 seconds left.\n|inactive|juliogu10 has 30 seconds left.\n|inactive|TheAvatar77 has 20 seconds left.\n|inactive|juliogu10 has 20 seconds left.\n|inactive|TheAvatar77 has 15 seconds left.\n|inactive|juliogu10 has 15 seconds left.\n|inactive|juliogu10 has 10 seconds left.\n|\n|t:|1682450091\n|detailschange|p1b: Palafin|Palafin-Hero, L50, M, shiny\n|switch|p1b: Amoonguss|Amoonguss, L50, F, shiny|100\/100\n|-terastallize|p1a: Arcanine|Water\n|move|p2a: Arcanine|Protect|p2a: Arcanine\n|-singleturn|p2a: Arcanine|Protect\n|move|p1a: Arcanine|Will-O-Wisp|p2b: Dondozo\n|-status|p2b: Dondozo|brn\n|move|p2b: Dondozo|Substitute|p2b: Dondozo\n|-start|p2b: Dondozo|Substitute\n|-damage|p2b: Dondozo|76\/100 brn\n|\n|-heal|p2b: Dondozo|82\/100 brn|[from] item: Leftovers\n|-damage|p2b: Dondozo|76\/100 brn|[from] brn\n|upkeep\n|turn|2\n|inactive|juliogu10 has 30 seconds left.\n|inactive|TheAvatar77 has 30 seconds left.\n|inactive|juliogu10 has 20 seconds left.\n|inactive|TheAvatar77 has 20 seconds left.\n|inactive|TheAvatar77 has 15 seconds left.\n|inactive|TheAvatar77 has 10 seconds left.\n|inactive|TheAvatar77 has 5 seconds left.\n|\n|t:|1682450146\n|switch|p1b: Palafin|Palafin-Hero, L50, M, shiny|100\/100\n|-activate|p1b: Palafin|ability: Zero to Hero\n|move|p2a: Arcanine|Flare Blitz|p1b: Palafin\n|-resisted|p1b: Palafin\n|-damage|p1b: Palafin|74\/100\n|-damage|p2a: Arcanine|91\/100|[from] Recoil\n|-damage|p2a: Arcanine|81\/100|[from] item: Life Orb\n|move|p1a: Arcanine|Howl|p1a: Arcanine|[spread] p1a,p1b\n|-boost|p1a: Arcanine|atk|1\n|-boost|p1b: Palafin|atk|1\n|move|p2b: Dondozo|Wave Crash|p1b: Palafin\n|-resisted|p1b: Palafin\n|-damage|p1b: Palafin|64\/100\n|-damage|p2b: Dondozo|73\/100 brn|[from] Recoil\n|\n|-heal|p2b: Dondozo|79\/100 brn|[from] item: Leftovers\n|-damage|p2b: Dondozo|73\/100 brn|[from] brn\n|upkeep\n|turn|3\n|\n|t:|1682450167\n|switch|p2a: Tatsugiri|Tatsugiri, L50, M|100\/100\n|-activate|p2a: Tatsugiri|ability: Commander|[of] p2b: Dondozo\n|-boost|p2b: Dondozo|atk|2\n|-boost|p2b: Dondozo|spa|2\n|-boost|p2b: Dondozo|spe|2\n|-boost|p2b: Dondozo|def|2\n|-boost|p2b: Dondozo|spd|2\n|move|p1b: Palafin|Protect|p1b: Palafin\n|-singleturn|p1b: Palafin|Protect\n|move|p2b: Dondozo|Earthquake|p1b: Palafin|[spread] p1a\n|-miss|p2b: Dondozo|p2a: Tatsugiri\n|-activate|p1b: Palafin|move: Protect\n|-damage|p1a: Arcanine|84\/100\n|move|p1a: Arcanine|Howl|p1a: Arcanine|[spread] p1a,p1b\n|-boost|p1a: Arcanine|atk|1\n|-boost|p1b: Palafin|atk|1\n|\n|-heal|p2b: Dondozo|79\/100 brn|[from] item: Leftovers\n|-damage|p2b: Dondozo|73\/100 brn|[from] brn\n|upkeep\n|turn|4\n|\n|t:|1682450191\n|switch|p1a: Amoonguss|Amoonguss, L50, F, shiny|100\/100\n|move|p2b: Dondozo|Earthquake|p1a: Amoonguss|[spread] p1a,p1b\n|-miss|p2b: Dondozo|p2a: Tatsugiri\n|-damage|p1a: Amoonguss|89\/100\n|-damage|p1b: Palafin|45\/100\n|move|p1b: Palafin|Drain Punch|p2b: Dondozo\n|-crit|p2b: Dondozo\n|-end|p2b: Dondozo|Substitute\n|-heal|p1b: Palafin|62\/100|[from] drain|[of] p2b: Dondozo\n|\n|-heal|p2b: Dondozo|79\/100 brn|[from] item: Leftovers\n|-damage|p2b: Dondozo|73\/100 brn|[from] brn\n|upkeep\n|turn|5\n|inactive|TheAvatar77 has 30 seconds left.\n|inactive|TheAvatar77 has 20 seconds left.\n|\n|t:|1682450226\n|move|p2b: Dondozo|Earthquake|p1a: Amoonguss|[spread] p1a,p1b\n|-miss|p2b: Dondozo|p2a: Tatsugiri\n|-damage|p1a: Amoonguss|77\/100\n|-damage|p1b: Palafin|44\/100\n|move|p1b: Palafin|Drain Punch|p2b: Dondozo\n|-damage|p2b: Dondozo|51\/100 brn\n|-heal|p1b: Palafin|59\/100|[from] drain|[of] p2b: Dondozo\n|move|p1a: Amoonguss|Clear Smog|p2b: Dondozo\n|-damage|p2b: Dondozo|44\/100 brn\n|-clearboost|p2b: Dondozo\n|\n|-heal|p2b: Dondozo|51\/100 brn|[from] item: Leftovers\n|-damage|p2b: Dondozo|44\/100 brn|[from] brn\n|upkeep\n|turn|6\n|\n|t:|1682450246\n|move|p1b: Palafin|Drain Punch|p2b: Dondozo\n|-damage|p2b: Dondozo|0 fnt\n|-heal|p1b: Palafin|90\/100|[from] drain|[of] p2b: Dondozo\n|faint|p2b: Dondozo\n|move|p1a: Amoonguss|Pollen Puff|p1b: Palafin\n|-heal|p1b: Palafin|100\/100\n|\n|upkeep\n|\n|t:|1682450262\n|switch|p2b: Arcanine|Arcanine, L50, F|81\/100\n|-ability|p2b: Arcanine|Intimidate|boost\n|-unboost|p1a: Amoonguss|atk|1\n|-unboost|p1b: Palafin|atk|1\n|turn|7\n|\n|t:|1682450275\n|-terastallize|p2b: Arcanine|Water\n|move|p1a: Amoonguss|Rage Powder|p1a: Amoonguss\n|-singleturn|p1a: Amoonguss|move: Rage Powder\n|move|p1b: Palafin|Jet Punch|p2b: Arcanine\n|-resisted|p2b: Arcanine\n|-damage|p2b: Arcanine|40\/100\n|move|p2a: Tatsugiri|Icy Wind|p1b: Palafin|[spread] p1a,p1b\n|-supereffective|p1a: Amoonguss\n|-resisted|p1b: Palafin\n|-damage|p1a: Amoonguss|52\/100\n|-damage|p1b: Palafin|94\/100\n|-unboost|p1a: Amoonguss|spe|1\n|-unboost|p1b: Palafin|spe|1\n|move|p2b: Arcanine|Flare Blitz|p1a: Amoonguss\n|-supereffective|p1a: Amoonguss\n|-damage|p1a: Amoonguss|0 fnt\n|faint|p1a: Amoonguss\n|-damage|p2b: Arcanine|17\/100|[from] Recoil\n|-damage|p2b: Arcanine|7\/100|[from] item: Life Orb\n|\n|upkeep\n|\n|t:|1682450292\n|switch|p1a: Arcanine|Arcanine, L50, M, shiny, tera:Water|84\/100\n|-ability|p1a: Arcanine|Intimidate|boost\n|-unboost|p2a: Tatsugiri|atk|1\n|-unboost|p2b: Arcanine|atk|1\n|turn|8\n|\n|t:|1682450310\n|switch|p2a: Amoonguss|Amoonguss, L50, F|100\/100\n|move|p2b: Arcanine|Extreme Speed|p1b: Palafin\n|-damage|p1b: Palafin|71\/100\n|-damage|p2b: Arcanine|0 fnt|[from] item: Life Orb\n|faint|p2b: Arcanine\n|move|p1a: Arcanine|Extreme Speed|p2a: Amoonguss\n|-damage|p2a: Amoonguss|81\/100\n|move|p1b: Palafin|Drain Punch|p2a: Amoonguss\n|-resisted|p2a: Amoonguss\n|-damage|p2a: Amoonguss|57\/100\n|-heal|p1b: Palafin|86\/100|[from] drain|[of] p2a: Amoonguss\n|\n|upkeep\n|\n|t:|1682450315\n|switch|p2b: Tatsugiri|Tatsugiri, L50, M|100\/100\n|turn|9\n|\n|t:|1682450333\n|move|p1b: Palafin|Protect|p1b: Palafin\n|-singleturn|p1b: Palafin|Protect\n|move|p2a: Amoonguss|Protect|p2a: Amoonguss\n|-singleturn|p2a: Amoonguss|Protect\n|move|p2b: Tatsugiri|Muddy Water|p1b: Palafin|[spread] p1a\n|-activate|p1b: Palafin|move: Protect\n|-resisted|p1a: Arcanine\n|-damage|p1a: Arcanine|67\/100\n|move|p1a: Arcanine|Flare Blitz|p2a: Amoonguss\n|-activate|p2a: Amoonguss|move: Protect\n|\n|upkeep\n|turn|10\n|inactive|juliogu10 has 30 seconds left.\n|\n|t:|1682450360\n|move|p2b: Tatsugiri|Muddy Water|p1a: Arcanine|[spread] p1b\n|-miss|p2b: Tatsugiri|p1a: Arcanine\n|-resisted|p1b: Palafin\n|-damage|p1b: Palafin|66\/100\n|move|p1a: Arcanine|Howl|p1a: Arcanine|[spread] p1a,p1b\n|-boost|p1a: Arcanine|atk|1\n|-boost|p1b: Palafin|atk|1\n|move|p1b: Palafin|Ice Punch|p2a: Amoonguss\n|-supereffective|p2a: Amoonguss\n|-damage|p2a: Amoonguss|0 fnt\n|faint|p2a: Amoonguss\n|\n|upkeep\n|turn|11\n|\n|t:|1682450376\n|move|p1b: Palafin|Protect|p1b: Palafin\n|-singleturn|p1b: Palafin|Protect\n|move|p2b: Tatsugiri|Muddy Water|p1b: Palafin|[spread] p1a\n|-activate|p1b: Palafin|move: Protect\n|-resisted|p1a: Arcanine\n|-damage|p1a: Arcanine|49\/100\n|move|p1a: Arcanine|Howl|p1a: Arcanine|[spread] p1a,p1b\n|-boost|p1a: Arcanine|atk|1\n|-boost|p1b: Palafin|atk|1\n|\n|upkeep\n|turn|12\n|\n|t:|1682450394\n|move|p2b: Tatsugiri|Muddy Water|p1a: Arcanine|[spread] p1a,p1b\n|-resisted|p1a: Arcanine\n|-resisted|p1b: Palafin\n|-damage|p1a: Arcanine|33\/100\n|-damage|p1b: Palafin|46\/100\n|-unboost|p1a: Arcanine|accuracy|1\n|move|p1a: Arcanine|Howl|p1a: Arcanine|[spread] p1a,p1b\n|-boost|p1a: Arcanine|atk|1\n|-boost|p1b: Palafin|atk|1\n|move|p1b: Palafin|Drain Punch|p2b: Tatsugiri\n|-damage|p2b: Tatsugiri|0 fnt\n|-heal|p1b: Palafin|87\/100|[from] drain|[of] p2b: Tatsugiri\n|faint|p2b: Tatsugiri\n|\n|win|juliogu10\n|raw|juliogu10's rating: 1448 → 1463<\/strong> (+15 for winning)\n|raw|TheAvatar77's rating: 1357 → 1342<\/strong> (-15 for losing)\n|c|\u2606juliogu10|gg\n|l|\u2606TheAvatar77\n","uploadtime":1682450412,"views":4,"p1id":"juliogu10","p2id":"theavatar77","formatid":"gen9vgc2023regulationc","rating":1342,"private":0,"password":""}