{"id":"gen9vgc2023regulationc-1864203489","p1":"naetheanimal97","p2":"k58462312","format":"[Gen 9] VGC 2023 Regulation C","log":"|j|\u2606naetheanimal97\n|j|\u2606k58462312\n|t:|1684135925\n|gametype|doubles\n|player|p1|naetheanimal97|n|1181\n|player|p2|k58462312|riley|1112\n|teamsize|p1|6\n|teamsize|p2|6\n|gen|9\n|tier|[Gen 9] VGC 2023 Regulation C\n|rated|\n|rule|Species Clause: Limit one of each Pok\u00e9mon\n|rule|Item Clause: Limit one of each item\n|clearpoke\n|poke|p1|Brute Bonnet, L50|\n|poke|p1|Great Tusk, L50|\n|poke|p1|Murkrow, L50, F|\n|poke|p1|Corviknight, L50, F|\n|poke|p1|Chi-Yu, L50|\n|poke|p1|Flutter Mane, L50|\n|poke|p2|Abomasnow, L50, M|\n|poke|p2|Iron Bundle, L50|\n|poke|p2|Chien-Pao, L50|\n|poke|p2|Dragonite, L50, F|\n|poke|p2|Dondozo, L50, M|\n|poke|p2|Tatsugiri, L50, M|\n|teampreview|4\nnaetheanimal97 rejected open team sheets.\n|inactive|Battle timer is ON: inactive players will automatically lose when time's up. (requested by k58462312)\n|\n|t:|1684135953\n|start\n|switch|p1a: Murkrow|Murkrow, L50, F|100\/100\n|switch|p1b: Corviknight|Corviknight, L50, F|100\/100\n|switch|p2a: Abomasnow|Abomasnow, L50, M|100\/100\n|switch|p2b: Iron Bundle|Iron Bundle, L50|100\/100\n|-weather|Snow|[from] ability: Snow Warning|[of] p2a: Abomasnow\n|-enditem|p2b: Iron Bundle|Booster Energy\n|-activate|p2b: Iron Bundle|ability: Quark Drive|[fromitem]\n|-start|p2b: Iron Bundle|quarkdrivespe\n|turn|1\n|\n|t:|1684135978\n|-terastallize|p1a: Murkrow|Steel\n|-terastallize|p2a: Abomasnow|Water\n|move|p1a: Murkrow|Tailwind|p1a: Murkrow\n|-sidestart|p1: naetheanimal97|move: Tailwind\n|move|p2b: Iron Bundle|Blizzard|p1a: Murkrow|[spread] p1a,p1b\n|-resisted|p1a: Murkrow\n|-damage|p1a: Murkrow|83\/100\n|-damage|p1b: Corviknight|62\/100\n|-status|p1b: Corviknight|frz\n|cant|p1b: Corviknight|frz\n|move|p2a: Abomasnow|Blizzard|p1b: Corviknight|[spread] p1a,p1b\n|-resisted|p1a: Murkrow\n|-damage|p1a: Murkrow|67\/100\n|-damage|p1b: Corviknight|24\/100 frz\n|\n|-weather|Snow|[upkeep]\n|upkeep\n|turn|2\n|\n|t:|1684135999\n|move|p1a: Murkrow|Sunny Day|p1a: Murkrow\n|-weather|SunnyDay\n|move|p2b: Iron Bundle|Blizzard|p1a: Murkrow|[spread] p1b\n|-miss|p2b: Iron Bundle|p1a: Murkrow\n|-damage|p1b: Corviknight|0 fnt\n|faint|p1b: Corviknight\n|move|p2a: Abomasnow|Tera Blast|p1a: Murkrow\n|-damage|p1a: Murkrow|50\/100\n|\n|-weather|SunnyDay|[upkeep]\n|upkeep\n|\n|t:|1684136010\n|switch|p1b: Flutter Mane|Flutter Mane, L50|100\/100\n|-activate|p1b: Flutter Mane|ability: Protosynthesis\n|-start|p1b: Flutter Mane|protosynthesisspe\n|turn|3\n|\n|t:|1684136032\n|switch|p2a: Dondozo|Dondozo, L50, M|100\/100\n|move|p2b: Iron Bundle|Protect|p2b: Iron Bundle\n|-singleturn|p2b: Iron Bundle|Protect\n|move|p1b: Flutter Mane|Dazzling Gleam|p2a: Dondozo|[spread] p2a\n|-activate|p2b: Iron Bundle|move: Protect\n|-damage|p2a: Dondozo|47\/100\n|move|p1a: Murkrow|Foul Play|p2b: Iron Bundle\n|-activate|p2b: Iron Bundle|move: Protect\n|\n|-weather|SunnyDay|[upkeep]\n|upkeep\n|turn|4\n|inactive|k58462312 has 30 seconds left.\n|inactive|k58462312 has 20 seconds left.\n|\n|t:|1684136075\n|-end|p2b: Iron Bundle|Quark Drive|[silent]\n|switch|p2b: Tatsugiri|Tatsugiri, L50, M|100\/100\n|-activate|p2b: Tatsugiri|ability: Commander|[of] p2a: Dondozo\n|-boost|p2a: Dondozo|atk|2\n|-boost|p2a: Dondozo|spa|2\n|-boost|p2a: Dondozo|spe|2\n|-boost|p2a: Dondozo|def|2\n|-boost|p2a: Dondozo|spd|2\n|switch|p1a: Chi-Yu|Chi-Yu, L50|100\/100\n|-ability|p1a: Chi-Yu|Beads of Ruin\n|move|p1b: Flutter Mane|Dazzling Gleam|p2b: Tatsugiri|[spread] p2a\n|-miss|p1b: Flutter Mane|p2b: Tatsugiri\n|-damage|p2a: Dondozo|13\/100\n|move|p2a: Dondozo|Rest|p2a: Dondozo\n|-status|p2a: Dondozo|slp|[from] move: Rest\n|-heal|p2a: Dondozo|100\/100 slp|[silent]\n|-enditem|p2a: Dondozo|Chesto Berry|[eat]\n|-curestatus|p2a: Dondozo|slp|[msg]\n|\n|-weather|SunnyDay|[upkeep]\n|-sideend|p1: naetheanimal97|move: Tailwind\n|upkeep\n|turn|5\n|inactive|naetheanimal97 has 30 seconds left.\n|\n|t:|1684136109\n|move|p1b: Flutter Mane|Dazzling Gleam|p2a: Dondozo|[spread] p2a\n|-miss|p1b: Flutter Mane|p2b: Tatsugiri\n|-damage|p2a: Dondozo|67\/100\n|move|p1a: Chi-Yu|Dark Pulse|p2a: Dondozo\n|-damage|p2a: Dondozo|39\/100\n|move|p2a: Dondozo|Earthquake|p1b: Flutter Mane|[spread] p1a,p1b\n|-miss|p2a: Dondozo|p2b: Tatsugiri\n|-supereffective|p1a: Chi-Yu\n|-enditem|p1a: Chi-Yu|Focus Sash\n|-damage|p1a: Chi-Yu|1\/100\n|-damage|p1b: Flutter Mane|0 fnt\n|faint|p1b: Flutter Mane\n|-end|p1b: Flutter Mane|Protosynthesis|[silent]\n|\n|-weather|SunnyDay|[upkeep]\n|upkeep\n|\n|t:|1684136120\n|switch|p1b: Murkrow|Murkrow, L50, F, tera:Steel|50\/100\n|turn|6\n|inactive|naetheanimal97 has 30 seconds left.\n|\n|t:|1684136146\n|move|p1a: Chi-Yu|Dark Pulse|p2a: Dondozo\n|-damage|p2a: Dondozo|8\/100\n|cant|p2a: Dondozo|flinch\n|move|p1b: Murkrow|Foul Play|p2a: Dondozo\n|-damage|p2a: Dondozo|0 fnt\n|faint|p2a: Dondozo\n|\n|-weather|none\n|upkeep\n|\n|t:|1684136159\n|switch|p2a: Abomasnow|Abomasnow, L50, M, tera:Water|100\/100\n|-weather|Snow|[from] ability: Snow Warning|[of] p2a: Abomasnow\n|turn|7\n|\n|t:|1684136171\n|move|p1b: Murkrow|Sunny Day|p1b: Murkrow\n|-weather|SunnyDay\n|move|p2b: Tatsugiri|Surf|p1b: Murkrow|[spread] p2a,p1a,p1b\n|-resisted|p2a: Abomasnow\n|-supereffective|p1a: Chi-Yu\n|-crit|p1a: Chi-Yu\n|-damage|p2a: Abomasnow|88\/100\n|-damage|p1a: Chi-Yu|0 fnt\n|-damage|p1b: Murkrow|32\/100\n|faint|p1a: Chi-Yu\n|move|p2a: Abomasnow|Tera Blast|p1b: Murkrow\n|-damage|p1b: Murkrow|17\/100\n|\n|-weather|SunnyDay|[upkeep]\n|upkeep\n|turn|8\n|-message|naetheanimal97 forfeited.\n|\n|win|k58462312\n|raw|naetheanimal97's rating: 1181 → 1151<\/strong> (-30 for losing)\n|raw|k58462312's rating: 1112 → 1142<\/strong> (+30 for winning)\n|l|\u2606naetheanimal97\n|l|\u2606k58462312\n|j|\u2606k58462312\n|player|p2|k58462312|riley\n","uploadtime":1684136267,"views":16,"p1id":"naetheanimal97","p2id":"k58462312","formatid":"gen9vgc2023regulationc","rating":1142,"private":0,"password":""}