{"id":"gen9vgc2023regulationc-1847482590","p1":"ExcelSheet","p2":"TrainerRYSA","format":"[Gen 9] VGC 2023 Regulation C","log":"|j|\u2606ExcelSheet\n|j|\u2606TrainerRYSA\n|t:|1681960689\n|gametype|doubles\n|player|p1|ExcelSheet|hilbert-wonderlauncher|\n|player|p2|TrainerRYSA|169|\n|teamsize|p1|6\n|teamsize|p2|6\n|gen|9\n|tier|[Gen 9] VGC 2023 Regulation C\n|rule|Species Clause: Limit one of each Pok\u00e9mon\n|rule|Item Clause: Limit one of each item\n|clearpoke\n|poke|p1|Flutter Mane, L50|\n|poke|p1|Great Tusk, L50|\n|poke|p1|Scizor, L50, F|\n|poke|p1|Corviknight, L50, F|\n|poke|p1|Chi-Yu, L50|\n|poke|p1|Iron Bundle, L50|\n|poke|p2|Flutter Mane, L50|\n|poke|p2|Iron Hands, L50|\n|poke|p2|Dragonite, L50, M|\n|poke|p2|Umbreon, L50, M|\n|poke|p2|Gyarados, L50, M|\n|poke|p2|Palafin, L50, F|\n|teampreview|4\n|inactive|Battle timer is ON: inactive players will automatically lose when time's up. (requested by ExcelSheet)\nExcelSheet has agreed to open team sheets.\nTrainerRYSA has agreed to open team sheets.\n|\n|t:|1681960713\n|start\n|switch|p1a: Corviknight|Corviknight, L50, F|100\/100\n|switch|p1b: Iron Bundle|Iron Bundle, L50|100\/100\n|switch|p2a: Iron Hands|Iron Hands, L50|100\/100\n|switch|p2b: Gyarados|Gyarados, L50, M, shiny|100\/100\n|-ability|p2b: Gyarados|Intimidate|boost\n|-ability|p1a: Corviknight|Mirror Armor\n|-unboost|p2b: Gyarados|atk|1\n|-unboost|p1b: Iron Bundle|atk|1\n|-enditem|p1b: Iron Bundle|Booster Energy\n|-activate|p1b: Iron Bundle|ability: Quark Drive|[fromitem]\n|-start|p1b: Iron Bundle|quarkdrivespe\n|turn|1\n|inactive|TrainerRYSA has 30 seconds left.\n|inactive|TrainerRYSA has 20 seconds left.\n|inactive|TrainerRYSA has 15 seconds left.\n|\n|t:|1681960756\n|move|p1b: Iron Bundle|Freeze-Dry|p2b: Gyarados\n|-supereffective|p2b: Gyarados\n|-damage|p2b: Gyarados|0 fnt\n|faint|p2b: Gyarados\n|move|p1a: Corviknight|Brave Bird|p2a: Iron Hands\n|-crit|p2a: Iron Hands\n|-damage|p2a: Iron Hands|63\/100\n|-damage|p1a: Corviknight|85\/100|[from] Recoil\n|move|p2a: Iron Hands|Drain Punch|p1b: Iron Bundle\n|-supereffective|p1b: Iron Bundle\n|-damage|p1b: Iron Bundle|0 fnt\n|-heal|p2a: Iron Hands|90\/100|[from] drain|[of] p1b: Iron Bundle\n|faint|p1b: Iron Bundle\n|-end|p1b: Iron Bundle|Quark Drive|[silent]\n|\n|upkeep\n|\n|t:|1681960773\n|switch|p1b: Flutter Mane|Flutter Mane, L50|100\/100\n|switch|p2b: Dragonite|Dragonite, L50, M, shiny|100\/100\n|turn|2\n|\n|t:|1681960795\n|switch|p2b: Flutter Mane|Flutter Mane, L50|100\/100\n|-enditem|p2b: Flutter Mane|Booster Energy\n|-activate|p2b: Flutter Mane|ability: Protosynthesis|[fromitem]\n|-start|p2b: Flutter Mane|protosynthesisspa\n|-terastallize|p1b: Flutter Mane|Steel\n|move|p1b: Flutter Mane|Moonblast|p2a: Iron Hands\n|-supereffective|p2a: Iron Hands\n|-crit|p2a: Iron Hands\n|-damage|p2a: Iron Hands|0 fnt\n|faint|p2a: Iron Hands\n|-end|p2a: Iron Hands|Quark Drive|[silent]\n|-damage|p1b: Flutter Mane|91\/100|[from] item: Life Orb\n|move|p1a: Corviknight|Brave Bird|p2b: Flutter Mane\n|-damage|p2b: Flutter Mane|45\/100\n|-damage|p1a: Corviknight|72\/100|[from] Recoil\n|\n|upkeep\n|\n|t:|1681960810\n|switch|p2a: Dragonite|Dragonite, L50, M, shiny|100\/100\n|turn|3\n|inactive|ExcelSheet has 30 seconds left.\n|\n|t:|1681960836\n|-terastallize|p2a: Dragonite|Normal\n|move|p1b: Flutter Mane|Protect|p1b: Flutter Mane\n|-singleturn|p1b: Flutter Mane|Protect\n|move|p2b: Flutter Mane|Protect|p2b: Flutter Mane\n|-singleturn|p2b: Flutter Mane|Protect\n|move|p2a: Dragonite|Outrage|p1b: Flutter Mane\n|-activate|p1b: Flutter Mane|move: Protect\n|move|p1a: Corviknight|Brave Bird|p2b: Flutter Mane\n|-activate|p2b: Flutter Mane|move: Protect\n|\n|upkeep\n|turn|4\n|\n|t:|1681960853\n|move|p2b: Flutter Mane|Protect||[still]\n|-fail|p2b: Flutter Mane\n|move|p1b: Flutter Mane|Shadow Ball|p2b: Flutter Mane\n|-supereffective|p2b: Flutter Mane\n|-damage|p2b: Flutter Mane|0 fnt\n|faint|p2b: Flutter Mane\n|-end|p2b: Flutter Mane|Protosynthesis|[silent]\n|-damage|p1b: Flutter Mane|81\/100|[from] item: Life Orb\n|move|p2a: Dragonite|Outrage|p1a: Corviknight\n|-resisted|p1a: Corviknight\n|-damage|p1a: Corviknight|41\/100\n|-enditem|p1a: Corviknight|Sitrus Berry|[eat]\n|-heal|p1a: Corviknight|66\/100|[from] item: Sitrus Berry\n|move|p1a: Corviknight|Brave Bird|p2a: Dragonite\n|-damage|p2a: Dragonite|66\/100\n|-damage|p1a: Corviknight|55\/100|[from] Recoil\n|\n|upkeep\n|turn|5\n|\n|t:|1681960877\n|-end|p1b: Flutter Mane|Protosynthesis|[silent]\n|switch|p1b: Scizor|Scizor, L50, F|100\/100\n|move|p2a: Dragonite|Outrage|p1b: Scizor|[from]lockedmove\n|-resisted|p1b: Scizor\n|-damage|p1b: Scizor|54\/100\n|-start|p2a: Dragonite|confusion|[fatigue]\n|move|p1a: Corviknight|Tailwind|p1a: Corviknight\n|-sidestart|p1: ExcelSheet|move: Tailwind\n|\n|upkeep\n|turn|6\n|\n|t:|1681960898\n|move|p1b: Scizor|Bullet Punch|p2a: Dragonite\n|-damage|p2a: Dragonite|18\/100\n|move|p1a: Corviknight|Brave Bird|p2a: Dragonite\n|-damage|p2a: Dragonite|0 fnt\n|faint|p2a: Dragonite\n|-damage|p1a: Corviknight|50\/100|[from] Recoil\n|\n|win|ExcelSheet\n","uploadtime":1681960906,"views":14,"p1id":"excelsheet","p2id":"trainerrysa","formatid":"gen9vgc2023regulationc","rating":0,"private":0,"password":""}