{"id":"gen9vgc2023regulationc-1861011949","p1":"Jony nassa","p2":"Bafio","format":"[Gen 9] VGC 2023 Regulation C","log":"|j|\u2606Jony nassa\n|j|\u2606Bafio\n|t:|1683714078\n|gametype|doubles\n|player|p1|Jony nassa|dawn|1554\n|player|p2|Bafio|iris|1613\n|teamsize|p1|6\n|teamsize|p2|6\n|gen|9\n|tier|[Gen 9] VGC 2023 Regulation C\n|rated|\n|rule|Species Clause: Limit one of each Pok\u00e9mon\n|rule|Item Clause: Limit one of each item\n|clearpoke\n|poke|p1|Iron Hands, L50|\n|poke|p1|Azumarill, L50, F|\n|poke|p1|Pelipper, L50, F|\n|poke|p1|Amoonguss, L50, F|\n|poke|p1|Chien-Pao, L50|\n|poke|p1|Gholdengo, L50|\n|poke|p2|Orthworm, L50, M|\n|poke|p2|Dragonite, L50, M|\n|poke|p2|Ting-Lu, L50|\n|poke|p2|Gyarados, L50, M|\n|poke|p2|Flutter Mane, L50|\n|poke|p2|Chi-Yu, L50|\n|teampreview|4\n|inactive|Battle timer is ON: inactive players will automatically lose when time's up. (requested by Bafio)\nJony nassa has agreed to open team sheets.\nBafio has agreed to open team sheets.\n|inactive|Bafio has 60 seconds left.\n|\n|t:|1683714126\n|start\n|switch|p1a: Chien-Pao|Chien-Pao, L50|100\/100\n|switch|p1b: Iron Hands|Iron Hands, L50, shiny|100\/100\n|switch|p2a: whoop|Orthworm, L50, M|100\/100\n|switch|p2b: bonk|Ting-Lu, L50|100\/100\n|-ability|p1a: Chien-Pao|Sword of Ruin\n|-ability|p2b: bonk|Vessel of Ruin\n|turn|1\n|\n|t:|1683714149\n|switch|p2b: bzzt|Gyarados, L50, M|100\/100\n|-ability|p2b: bzzt|Intimidate|boost\n|-unboost|p1a: Chien-Pao|atk|1\n|-unboost|p1b: Iron Hands|atk|1\n|move|p1b: Iron Hands|Fake Out|p2b: bzzt\n|-damage|p2b: bzzt|87\/100\n|move|p1a: Chien-Pao|Sacred Sword|p2a: whoop\n|-supereffective|p2a: whoop\n|-damage|p2a: whoop|49\/100\n|-enditem|p2a: whoop|Sitrus Berry|[eat]\n|-heal|p2a: whoop|74\/100|[from] item: Sitrus Berry\n|-damage|p1a: Chien-Pao|91\/100|[from] item: Life Orb\n|move|p2a: whoop|Shed Tail|p2a: whoop\n|-start|p2a: whoop|Substitute|[from] move: Shed Tail\n|-damage|p2a: whoop|24\/100\n|\n|t:|1683714160\n|switch|p2a: fiuum|Dragonite, L50, M|100\/100|[from] Shed Tail\n|\n|upkeep\n|turn|2\n|\n|t:|1683714176\n|move|p1a: Chien-Pao|Ice Spinner|p2a: fiuum\n|-supereffective|p2a: fiuum\n|-end|p2a: fiuum|Substitute\n|-damage|p1a: Chien-Pao|81\/100|[from] item: Life Orb\n|move|p2a: fiuum|Dragon Dance|p2a: fiuum\n|-boost|p2a: fiuum|atk|1\n|-boost|p2a: fiuum|spe|1\n|move|p2b: bzzt|Thunder Wave|p1a: Chien-Pao\n|-status|p1a: Chien-Pao|par\n|move|p1b: Iron Hands|Volt Switch|p2a: fiuum\n|-damage|p2a: fiuum|93\/100\n|\n|t:|1683714186\n|-end|p1b: Iron Hands|Quark Drive|[silent]\n|switch|p1b: Azumarill|Azumarill, L50, F, shiny|100\/100|[from] Volt Switch\n|\n|upkeep\n|turn|3\n|j| Rabbihorn\n|\n|t:|1683714198\n|switch|p1a: Iron Hands|Iron Hands, L50, shiny|100\/100\n|-terastallize|p2a: fiuum|Flying\n|move|p2a: fiuum|Tera Blast|p1b: Azumarill\n|-damage|p1b: Azumarill|19\/100\n|move|p2b: bzzt|Waterfall|p1a: Iron Hands\n|-damage|p1a: Iron Hands|79\/100\n|move|p1b: Azumarill|Play Rough|p2a: fiuum\n|-damage|p2a: fiuum|12\/100\n|\n|upkeep\n|turn|4\n|\n|t:|1683714223\n|move|p1a: Iron Hands|Fake Out|p2a: fiuum\n|-damage|p2a: fiuum|0 fnt\n|faint|p2a: fiuum\n|move|p2b: bzzt|Bulldoze|p1a: Iron Hands|[spread] p1a,p1b\n|-supereffective|p1a: Iron Hands\n|-damage|p1a: Iron Hands|64\/100\n|-damage|p1b: Azumarill|6\/100\n|-unboost|p1a: Iron Hands|spe|1\n|-unboost|p1b: Azumarill|spe|1\n|move|p1b: Azumarill|Play Rough|p2b: bzzt\n|-damage|p2b: bzzt|1\/100\n|\n|upkeep\n|\n|t:|1683714229\n|switch|p2a: whoop|Orthworm, L50, M|24\/100\n|turn|5\n|\n|t:|1683714249\n|switch|p1b: Pelipper|Pelipper, L50, F|100\/100\n|-weather|RainDance|[from] ability: Drizzle|[of] p1b: Pelipper\n|move|p2b: bzzt|Bulldoze|p1b: Pelipper|[spread] p1a\n|-heal|p2a: whoop|49\/100|[from] ability: Earth Eater|[of] p2b: bzzt\n|-immune|p1b: Pelipper\n|-supereffective|p1a: Iron Hands\n|-damage|p1a: Iron Hands|48\/100\n|-unboost|p1a: Iron Hands|spe|1\n|move|p2a: whoop|Iron Defense|p2a: whoop\n|-boost|p2a: whoop|def|2\n|move|p1a: Iron Hands|Drain Punch|p2b: bzzt\n|-resisted|p2b: bzzt\n|-damage|p2b: bzzt|0 fnt\n|-heal|p1a: Iron Hands|49\/100|[from] drain|[of] p2b: bzzt\n|faint|p2b: bzzt\n|\n|-weather|RainDance|[upkeep]\n|upkeep\n|\n|t:|1683714257\n|switch|p2b: bonk|Ting-Lu, L50|100\/100\n|-ability|p2b: bonk|Vessel of Ruin\n|turn|6\n|\n|t:|1683714265\n|move|p1b: Pelipper|Hydro Pump|p2a: whoop\n|-damage|p2a: whoop|0 fnt\n|faint|p2a: whoop\n|move|p2b: bonk|Rock Slide|p1a: Iron Hands|[spread] p1a,p1b\n|-resisted|p1a: Iron Hands\n|-supereffective|p1b: Pelipper\n|-damage|p1a: Iron Hands|41\/100\n|-damage|p1b: Pelipper|33\/100\n|move|p1a: Iron Hands|Drain Punch|p2b: bonk\n|-supereffective|p2b: bonk\n|-damage|p2b: bonk|50\/100\n|-heal|p1a: Iron Hands|65\/100|[from] drain|[of] p2b: bonk\n|\n|-weather|RainDance|[upkeep]\n|upkeep\n|turn|7\n|l|\u2606Bafio\n|inactive|Bafio disconnected and has a minute to reconnect!\n|player|p2|\n|j| asyashi\n|inactive|Bafio has 30 seconds left.\n|inactive|Bafio has 20 seconds left.\n|inactive|Bafio has 15 seconds left.\n|inactive|Bafio has 10 seconds left.\n|inactive|Bafio has 5 seconds left.\n|-message|Bafio lost due to inactivity.\n|\n|win|Jony nassa\n|raw|Jony nassa's rating: 1554 → 1577<\/strong> (+23 for winning)\n|raw|Bafio's rating: 1613 → 1590<\/strong> (-23 for losing)\n","uploadtime":1683714325,"views":17,"p1id":"jonynassa","p2id":"bafio","formatid":"gen9vgc2023regulationc","rating":1577,"private":0,"password":""}