{"id":"gen9vgc2023regulationc-1851722921","p1":"lvlvlvlv","p2":"CblonVGC","format":"[Gen 9] VGC 2023 Regulation C","log":"|j|\u203dlvlvlvlv\n|j|\u2606CblonVGC\n|t:|1682474335\n|gametype|doubles\n|player|p1|lvlvlvlv|acetrainer-gen4dp|1456\n|player|p2|CblonVGC|preschooler|1397\n|teamsize|p1|6\n|teamsize|p2|6\n|gen|9\n|tier|[Gen 9] VGC 2023 Regulation C\n|rated|\n|rule|Species Clause: Limit one of each Pok\u00e9mon\n|rule|Item Clause: Limit one of each item\n|clearpoke\n|poke|p1|Baxcalibur, L50, M|\n|poke|p1|Chien-Pao, L50|\n|poke|p1|Flutter Mane, L50|\n|poke|p1|Brute Bonnet, L50|\n|poke|p1|Palafin, L50, M|\n|poke|p1|Arcanine, L50, M|\n|poke|p2|Amoonguss, L50, M|\n|poke|p2|Tyranitar, L50, M|\n|poke|p2|Garchomp, L50, M|\n|poke|p2|Palafin, L50, M|\n|poke|p2|Corviknight, L50, M|\n|poke|p2|Glimmora, L50, M|\n|teampreview|4\n|\n|t:|1682474357\n|start\n|switch|p1a: Baxcalibur|Baxcalibur, L50, M|100\/100\n|switch|p1b: Chien-Pao|Chien-Pao, L50|100\/100\n|switch|p2a: Corviknight|Corviknight, L50, M|100\/100\n|switch|p2b: Palafin|Palafin, L50, M|100\/100\n|-ability|p1b: Chien-Pao|Sword of Ruin\n|turn|1\n|\n|t:|1682474370\n|detailschange|p2b: Palafin|Palafin-Hero, L50, M\n|switch|p2b: Glimmora|Glimmora, L50, M|100\/100\n|move|p1b: Chien-Pao|Protect|p1b: Chien-Pao\n|-singleturn|p1b: Chien-Pao|Protect\n|move|p1a: Baxcalibur|Glaive Rush|p2b: Glimmora\n|-enditem|p2b: Glimmora|Focus Sash\n|-damage|p2b: Glimmora|1\/100\n|-singlemove|p1a: Baxcalibur|Glaive Rush|[silent]\n|-activate|p2b: Glimmora|ability: Toxic Debris\n|-sidestart|p1: lvlvlvlv|move: Toxic Spikes\n|-damage|p1a: Baxcalibur|91\/100|[from] item: Life Orb\n|move|p2a: Corviknight|Bulk Up|p2a: Corviknight\n|-boost|p2a: Corviknight|atk|1\n|-boost|p2a: Corviknight|def|1\n|\n|upkeep\n|turn|2\n|\n|t:|1682474394\n|move|p2b: Glimmora|Spiky Shield|p2b: Glimmora\n|-singleturn|p2b: Glimmora|move: Protect\n|move|p1a: Baxcalibur|Protect|p1a: Baxcalibur\n|-singleturn|p1a: Baxcalibur|Protect\n|move|p1b: Chien-Pao|Haze|p1b: Chien-Pao\n|-clearallboost\n|move|p2a: Corviknight|Brave Bird|p1b: Chien-Pao\n|-damage|p1b: Chien-Pao|33\/100\n|-damage|p2a: Corviknight|83\/100|[from] Recoil\n|\n|upkeep\n|turn|3\n|l|\u203dlvlvlvlv\n|player|p1|\n|inactive|Battle timer is ON: inactive players will automatically lose when time's up. (requested by CblonVGC)\n|inactive|lvlvlvlv has 30 seconds to reconnect!\n|inactive|lvlvlvlv has 20 seconds to reconnect!\n|inactive|lvlvlvlv has 15 seconds to reconnect!\n|inactive|lvlvlvlv has 10 seconds to reconnect!\n|inactive|lvlvlvlv has 5 seconds to reconnect!\n|j|\u203dlvlvlvlv\n|inactive|lvlvlvlv reconnected and has 35 seconds left.\n|player|p1|lvlvlvlv|acetrainer-gen4dp\n|n|\u203dlvlvlvlv|lvlvlvlv\n|inactive|lvlvlvlv also wants the timer to be on.\n|inactive|lvlvlvlv has 30 seconds left.\n|inactive|lvlvlvlv has 20 seconds left.\n|inactive|lvlvlvlv has 15 seconds left.\n|inactive|lvlvlvlv has 10 seconds left.\n|inactive|lvlvlvlv has 5 seconds left.\n|\n|t:|1682474560\n|move|p1b: Chien-Pao|Protect|p1b: Chien-Pao\n|-singleturn|p1b: Chien-Pao|Protect\n|move|p1a: Baxcalibur|Ice Shard|p2b: Glimmora\n|-damage|p2b: Glimmora|0 fnt\n|-activate|p2b: Glimmora|ability: Toxic Debris\n|-sidestart|p1: lvlvlvlv|move: Toxic Spikes\n|faint|p2b: Glimmora\n|-damage|p1a: Baxcalibur|81\/100|[from] item: Life Orb\n|move|p2a: Corviknight|Tailwind|p2a: Corviknight\n|-sidestart|p2: CblonVGC|move: Tailwind\n|\n|upkeep\n|\n|t:|1682474570\n|switch|p2b: Tyranitar|Tyranitar, L50, M|100\/100\n|-weather|Sandstorm|[from] ability: Sand Stream|[of] p2b: Tyranitar\n|turn|4\n|\n|t:|1682474581\n|-terastallize|p2b: Tyranitar|Flying\n|-terastallize|p1a: Baxcalibur|Ground\n|move|p1b: Chien-Pao|Protect||[still]\n|-fail|p1b: Chien-Pao\n|move|p2a: Corviknight|Bulk Up|p2a: Corviknight\n|-boost|p2a: Corviknight|atk|1\n|-boost|p2a: Corviknight|def|1\n|move|p2b: Tyranitar|Rock Slide|p1b: Chien-Pao|[spread] \n|-miss|p2b: Tyranitar|p1a: Baxcalibur\n|-miss|p2b: Tyranitar|p1b: Chien-Pao\n|move|p1a: Baxcalibur|Earthquake|p2a: Corviknight|[spread] p1b\n|-immune|p2a: Corviknight\n|-immune|p2b: Tyranitar\n|-damage|p1b: Chien-Pao|0 fnt\n|faint|p1b: Chien-Pao\n|-damage|p1a: Baxcalibur|72\/100|[from] item: Life Orb\n|\n|-weather|Sandstorm|[upkeep]\n|-damage|p2b: Tyranitar|95\/100|[from] Sandstorm\n|upkeep\n|\n|t:|1682474588\n|switch|p1b: Flutter Mane|Flutter Mane, L50|100\/100\n|-status|p1b: Flutter Mane|tox\n|turn|5\n|\n|t:|1682474607\n|move|p1a: Baxcalibur|Ice Shard|p2b: Tyranitar\n|-supereffective|p2b: Tyranitar\n|-damage|p2b: Tyranitar|46\/100\n|-damage|p1a: Baxcalibur|62\/100|[from] item: Life Orb\n|move|p1b: Flutter Mane|Thunderbolt|p2a: Corviknight\n|-supereffective|p2a: Corviknight\n|-damage|p2a: Corviknight|0 fnt\n|faint|p2a: Corviknight\n|move|p2b: Tyranitar|Tera Blast|p1b: Flutter Mane\n|-damage|p1b: Flutter Mane|0 fnt\n|faint|p1b: Flutter Mane\n|-end|p1b: Flutter Mane|Protosynthesis|[silent]\n|\n|-weather|Sandstorm|[upkeep]\n|-damage|p2b: Tyranitar|40\/100|[from] Sandstorm\n|upkeep\n|\n|t:|1682474618\n|switch|p1b: Brute Bonnet|Brute Bonnet, L50|100\/100\n|switch|p2a: Palafin|Palafin-Hero, L50, M|100\/100\n|-activate|p2a: Palafin|ability: Zero to Hero\n|-status|p1b: Brute Bonnet|tox\n|turn|6\n|\n|t:|1682474630\n|move|p1a: Baxcalibur|Protect|p1a: Baxcalibur\n|-singleturn|p1a: Baxcalibur|Protect\n|move|p2a: Palafin|Close Combat|p1b: Brute Bonnet\n|-supereffective|p1b: Brute Bonnet\n|-damage|p1b: Brute Bonnet|6\/100 tox\n|-unboost|p2a: Palafin|def|1\n|-unboost|p2a: Palafin|spd|1\n|move|p2b: Tyranitar|Tera Blast|p1b: Brute Bonnet\n|-supereffective|p1b: Brute Bonnet\n|-damage|p1b: Brute Bonnet|0 fnt\n|faint|p1b: Brute Bonnet\n|-end|p1b: Brute Bonnet|Protosynthesis|[silent]\n|\n|-weather|Sandstorm|[upkeep]\n|-damage|p2a: Palafin|95\/100|[from] Sandstorm\n|-damage|p2b: Tyranitar|34\/100|[from] Sandstorm\n|-sideend|p2: CblonVGC|move: Tailwind\n|upkeep\n|turn|7\n|-message|lvlvlvlv forfeited.\n|\n|win|CblonVGC\n|raw|lvlvlvlv's rating: 1456 → 1433<\/strong> (-23 for losing)\n|raw|CblonVGC's rating: 1397 → 1420<\/strong> (+23 for winning)\n|l|\u203dlvlvlvlv\n","uploadtime":1682474652,"views":12,"p1id":"lvlvlvlv","p2id":"cblonvgc","formatid":"gen9vgc2023regulationc","rating":1420,"private":0,"password":""}