{"id":"gen9vgc2023regulationc-1854356764","p1":"play3r35","p2":"BIGHAXORUSFAN147","format":"[Gen 9] VGC 2023 Regulation C","log":"|j|\u2606play3r35\n|j|\u2606BIGHAXORUSFAN147\n|t:|1682800864\n|gametype|doubles\n|player|p1|play3r35|caitlin|1368\n|player|p2|BIGHAXORUSFAN147|grimsley-masters|1433\n|teamsize|p1|6\n|teamsize|p2|6\n|gen|9\n|tier|[Gen 9] VGC 2023 Regulation C\n|rated|\n|rule|Species Clause: Limit one of each Pok\u00e9mon\n|rule|Item Clause: Limit one of each item\n|clearpoke\n|poke|p1|Amoonguss, L50, M|\n|poke|p1|Palafin, L50, M|\n|poke|p1|Garganacl, L50, F|\n|poke|p1|Iron Hands, L50|\n|poke|p1|Ting-Lu, L50|\n|poke|p1|Dragonite, L50, M|\n|poke|p2|Chi-Yu, L50|\n|poke|p2|Iron Bundle, L50|\n|poke|p2|Flutter Mane, L50|\n|poke|p2|Dragonite, L50, F|\n|poke|p2|Kingambit, L50, M|\n|poke|p2|Amoonguss, L50, F|\n|teampreview|4\n|inactive|Battle timer is ON: inactive players will automatically lose when time's up. (requested by play3r35)\nplay3r35 has agreed to open team sheets.\nBIGHAXORUSFAN147 has agreed to open team sheets.\n|j| ShatteredPugVGC\n|l| ShatteredPugVGC\n|inactive|BIGHAXORUSFAN147 has 60 seconds left.\n|\n|t:|1682800903\n|start\n|switch|p1a: Garganacl|Garganacl, L50, F|100\/100\n|switch|p1b: Ting-Lu|Ting-Lu, L50|100\/100\n|switch|p2a: Chi-Yu|Chi-Yu, L50|100\/100\n|switch|p2b: Iron Bundle|Iron Bundle, L50, shiny|100\/100\n|-ability|p2a: Chi-Yu|Beads of Ruin\n|-ability|p1b: Ting-Lu|Vessel of Ruin\n|-enditem|p2b: Iron Bundle|Booster Energy\n|-activate|p2b: Iron Bundle|ability: Quark Drive|[fromitem]\n|-start|p2b: Iron Bundle|quarkdrivespe\n|turn|1\n|j| ShatteredPugVGC\n|\n|t:|1682800927\n|-terastallize|p2b: Iron Bundle|Ice\n|move|p2b: Iron Bundle|Hydro Pump|p1a: Garganacl\n|-supereffective|p1a: Garganacl\n|-damage|p1a: Garganacl|22\/100\n|move|p2a: Chi-Yu|Nasty Plot|p2a: Chi-Yu\n|-boost|p2a: Chi-Yu|spa|2\n|move|p1b: Ting-Lu|Stomping Tantrum|p2a: Chi-Yu\n|-supereffective|p2a: Chi-Yu\n|-damage|p2a: Chi-Yu|10\/100\n|move|p1a: Garganacl|Stealth Rock|p2a: Chi-Yu\n|-sidestart|p2: BIGHAXORUSFAN147|move: Stealth Rock\n|\n|-heal|p1a: Garganacl|28\/100|[from] item: Leftovers\n|upkeep\n|turn|2\n|\n|t:|1682800950\n|move|p1a: Garganacl|Protect|p1a: Garganacl\n|-singleturn|p1a: Garganacl|Protect\n|move|p2b: Iron Bundle|Freeze-Dry|p1b: Ting-Lu\n|-supereffective|p1b: Ting-Lu\n|-damage|p1b: Ting-Lu|58\/100\n|move|p2a: Chi-Yu|Heat Wave|p1b: Ting-Lu|[spread] p1b\n|-activate|p1a: Garganacl|move: Protect\n|-damage|p1b: Ting-Lu|23\/100\n|move|p1b: Ting-Lu|Heavy Slam|p2b: Iron Bundle\n|-supereffective|p2b: Iron Bundle\n|-damage|p2b: Iron Bundle|10\/100\n|\n|-heal|p1a: Garganacl|34\/100|[from] item: Leftovers\n|upkeep\n|turn|3\n|l| ShatteredPugVGC\n|inactive|play3r35 has 30 seconds left.\n|\n|t:|1682800975\n|move|p2b: Iron Bundle|Icy Wind|p1b: Ting-Lu|[spread] p1a,p1b\n|-supereffective|p1b: Ting-Lu\n|-damage|p1a: Garganacl|13\/100\n|-damage|p1b: Ting-Lu|0 fnt\n|-unboost|p1a: Garganacl|spe|1\n|faint|p1b: Ting-Lu\n|move|p2a: Chi-Yu|Heat Wave|p1a: Garganacl|[miss]\n|-miss|p2a: Chi-Yu|p1a: Garganacl\n|move|p1a: Garganacl|Recover|p1a: Garganacl\n|-heal|p1a: Garganacl|63\/100\n|\n|-heal|p1a: Garganacl|69\/100|[from] item: Leftovers\n|upkeep\n|\n|t:|1682800981\n|switch|p1b: Iron Hands|Iron Hands, L50|100\/100\n|turn|4\n|\n|t:|1682801005\n|move|p1b: Iron Hands|Protect|p1b: Iron Hands\n|-singleturn|p1b: Iron Hands|Protect\n|move|p2b: Iron Bundle|Freeze-Dry|p1b: Iron Hands\n|-activate|p1b: Iron Hands|move: Protect\n|move|p2a: Chi-Yu|Dark Pulse|p1a: Garganacl\n|-damage|p1a: Garganacl|0 fnt\n|faint|p1a: Garganacl\n|\n|upkeep\n|\n|t:|1682801013\n|switch|p1a: Amoonguss|Amoonguss, L50, M|100\/100\n|turn|5\n|\n|t:|1682801025\n|-terastallize|p1a: Amoonguss|Water\n|move|p2b: Iron Bundle|Freeze-Dry|p1a: Amoonguss\n|-supereffective|p1a: Amoonguss\n|-damage|p1a: Amoonguss|0 fnt\n|faint|p1a: Amoonguss\n|move|p2a: Chi-Yu|Heat Wave|p1b: Iron Hands\n|-damage|p1b: Iron Hands|0 fnt\n|faint|p1b: Iron Hands\n|-end|p1b: Iron Hands|Quark Drive|[silent]\n|\n|win|BIGHAXORUSFAN147\n|raw|play3r35's rating: 1368 → 1352<\/strong> (-16 for losing)\n|raw|BIGHAXORUSFAN147's rating: 1433 → 1449<\/strong> (+16 for winning)\n|l|\u2606play3r35\n","uploadtime":1682801037,"views":21,"p1id":"play3r35","p2id":"bighaxorusfan147","formatid":"gen9vgc2023regulationc","rating":1352,"private":0,"password":""}