{"id":"gen9vgc2023regulationc-1846811353","p1":"mugiwaraLux","p2":"Robbie35646","format":"[Gen 9] VGC 2023 Regulation C","log":"|j|\u2606mugiwaraLux\n|j|\u2606Robbie35646\n|t:|1681883529\n|gametype|doubles\n|player|p1|mugiwaraLux|2|\n|player|p2|Robbie35646|larry|\n|teamsize|p1|6\n|teamsize|p2|6\n|gen|9\n|tier|[Gen 9] VGC 2023 Regulation C\n|rule|Species Clause: Limit one of each Pok\u00e9mon\n|rule|Item Clause: Limit one of each item\n|clearpoke\n|poke|p1|Palafin, L50, F|\n|poke|p1|Amoonguss, L50, M|\n|poke|p1|Flutter Mane, L50|\n|poke|p1|Arcanine, L50, F|\n|poke|p1|Roaring Moon, L50|\n|poke|p1|Ting-Lu, L50|\n|poke|p2|Ting-Lu, L50|\n|poke|p2|Palafin, L50, M|\n|poke|p2|Amoonguss, L50, M|\n|poke|p2|Arcanine, L50, M|\n|poke|p2|Flutter Mane, L50|\n|poke|p2|Iron Hands, L50|\n|teampreview|4\nRobbie35646 has agreed to open team sheets.\nmugiwaraLux has agreed to open team sheets.\n|c|\u2606Robbie35646|glhf\n|c|\u2606mugiwaraLux|u2\n|inactive|Battle timer is ON: inactive players will automatically lose when time's up. (requested by mugiwaraLux)\n|\n|t:|1681883586\n|start\n|switch|p1a: Roaring Moon|Roaring Moon, L50|100\/100\n|switch|p1b: Amoonguss|Amoonguss, L50, M|100\/100\n|switch|p2a: Flutter Mane|Flutter Mane, L50|100\/100\n|switch|p2b: Palafin|Palafin, L50, M, shiny|100\/100\n|-enditem|p1a: Roaring Moon|Booster Energy\n|-activate|p1a: Roaring Moon|ability: Protosynthesis|[fromitem]\n|-start|p1a: Roaring Moon|protosynthesisatk\n|turn|1\n|inactive|Robbie35646 has 30 seconds left.\n|inactive|Robbie35646 has 20 seconds left.\n|inactive|Robbie35646 has 15 seconds left.\n|\n|t:|1681883627\n|-terastallize|p1a: Roaring Moon|Flying\n|move|p2a: Flutter Mane|Dazzling Gleam|p1a: Roaring Moon|[spread] p1a,p1b\n|-resisted|p1b: Amoonguss\n|-damage|p1a: Roaring Moon|59\/100\n|-damage|p1b: Amoonguss|80\/100\n|move|p1a: Roaring Moon|Dragon Dance|p1a: Roaring Moon\n|-boost|p1a: Roaring Moon|atk|1\n|-boost|p1a: Roaring Moon|spe|1\n|move|p2b: Palafin|Taunt|p1b: Amoonguss\n|-start|p1b: Amoonguss|move: Taunt\n|cant|p1b: Amoonguss|move: Taunt|Spore\n|\n|upkeep\n|turn|2\n|\n|t:|1681883646\n|-end|p2a: Flutter Mane|Protosynthesis|[silent]\n|switch|p2a: Iron Hands|Iron Hands, L50|100\/100\n|-terastallize|p2b: Palafin|Water\n|move|p1a: Roaring Moon|Acrobatics|p2a: Iron Hands\n|-damage|p2a: Iron Hands|7\/100\n|move|p2b: Palafin|Wave Crash|p1a: Roaring Moon\n|-damage|p1a: Roaring Moon|0 fnt\n|faint|p1a: Roaring Moon\n|-end|p1a: Roaring Moon|Protosynthesis|[silent]\n|-damage|p2b: Palafin|82\/100|[from] Recoil\n|move|p1b: Amoonguss|Pollen Puff|p1: Roaring Moon|[notarget]\n|-fail|p1b: Amoonguss\n|\n|upkeep\n|\n|t:|1681883659\n|switch|p1a: Mimi|Flutter Mane, L50|100\/100\n|turn|3\n|\n|t:|1681883667\n|detailschange|p2b: Palafin|Palafin-Hero, L50, M, shiny, tera:Water\n|switch|p2b: Amoonguss|Amoonguss, L50, M|100\/100\n|move|p1a: Mimi|Dazzling Gleam|p2a: Iron Hands|[spread] p2a,p2b\n|-supereffective|p2a: Iron Hands\n|-resisted|p2b: Amoonguss\n|-damage|p2a: Iron Hands|0 fnt\n|-damage|p2b: Amoonguss|81\/100\n|faint|p2a: Iron Hands\n|-end|p2a: Iron Hands|Quark Drive|[silent]\n|move|p1b: Amoonguss|Pollen Puff|p1a: Mimi\n|-immune|p1a: Mimi\n|\n|-end|p1b: Amoonguss|move: Taunt\n|upkeep\n|\n|t:|1681883670\n|switch|p2a: Palafin|Palafin-Hero, L50, M, shiny, tera:Water|82\/100\n|-activate|p2a: Palafin|ability: Zero to Hero\n|turn|4\n|\n|t:|1681883685\n|-end|p1a: Mimi|Protosynthesis|[silent]\n|switch|p1a: Palafin|Palafin, L50, F|100\/100\n|move|p2a: Palafin|Taunt|p1b: Amoonguss\n|-start|p1b: Amoonguss|move: Taunt\n|move|p1b: Amoonguss|Pollen Puff|p2a: Palafin\n|-damage|p2a: Palafin|63\/100\n|move|p2b: Amoonguss|Spore|p1a: Palafin\n|-status|p1a: Palafin|slp|[from] move: Spore\n|\n|upkeep\n|turn|5\n|\n|t:|1681883693\n|switch|p1b: Mimi|Flutter Mane, L50|100\/100\n|cant|p1a: Palafin|slp\n|move|p2a: Palafin|Wave Crash|p1b: Mimi\n|-damage|p1b: Mimi|0 fnt\n|faint|p1b: Mimi\n|-end|p1b: Mimi|Protosynthesis|[silent]\n|-damage|p2a: Palafin|41\/100|[from] Recoil\n|move|p2b: Amoonguss|Pollen Puff|p2a: Palafin\n|-heal|p2a: Palafin|91\/100\n|\n|upkeep\n|\n|t:|1681883697\n|switch|p1b: Amoonguss|Amoonguss, L50, M|100\/100\n|turn|6\n|c|\u2606mugiwaraLux|gg\n|c|\u2606Robbie35646|gg\n|c|\u2606mugiwaraLux|thanks for the piece i needed\n|c|\u2606mugiwaraLux|taunt pal\n|inactive|mugiwaraLux has 30 seconds left.\n|\n|t:|1681883727\n|move|p2a: Palafin|Taunt|p1b: Amoonguss\n|-start|p1b: Amoonguss|move: Taunt\n|cant|p1a: Palafin|slp\n|move|p1b: Amoonguss|Pollen Puff|p2a: Palafin\n|-damage|p2a: Palafin|74\/100\n|move|p2b: Amoonguss|Spore|p1a: Palafin\n|-fail|p1a: Palafin|slp\n|\n|upkeep\n|turn|7\n|c|\u2606Robbie35646|yeah its actually goated\n|\n|t:|1681883738\n|move|p2a: Palafin|Wave Crash|p1b: Amoonguss\n|-resisted|p1b: Amoonguss\n|-damage|p1b: Amoonguss|44\/100\n|-damage|p2a: Palafin|53\/100|[from] Recoil\n|cant|p1a: Palafin|slp\n|move|p1b: Amoonguss|Pollen Puff|p2b: Amoonguss\n|-damage|p2b: Amoonguss|65\/100\n|move|p2b: Amoonguss|Pollen Puff|p2a: Palafin\n|-heal|p2a: Palafin|100\/100\n|\n|upkeep\n|turn|8\n|c|\u2606mugiwaraLux|i didnt consider it\n|c|\u2606mugiwaraLux|whats ur evs on it if you dont mins\n|c|\u2606mugiwaraLux|mind\n|\n|t:|1681883759\n|move|p2a: Palafin|Wave Crash|p1b: Amoonguss\n|-resisted|p1b: Amoonguss\n|-damage|p1b: Amoonguss|0 fnt\n|faint|p1b: Amoonguss\n|-damage|p2a: Palafin|85\/100|[from] Recoil\n|-curestatus|p1a: Palafin|slp|[msg]\n|move|p1a: Palafin|Wave Crash|p2b: Amoonguss\n|-resisted|p2b: Amoonguss\n|-damage|p2b: Amoonguss|50\/100\n|-enditem|p2b: Amoonguss|Sitrus Berry|[eat]\n|-heal|p2b: Amoonguss|75\/100|[from] item: Sitrus Berry\n|-damage|p1a: Palafin|95\/100|[from] Recoil\n|move|p2b: Amoonguss|Spore|p1a: Palafin\n|-status|p1a: Palafin|slp|[from] move: Spore\n|\n|upkeep\n|turn|9\n|c|\u2606Robbie35646|!code\n|c|\u2606Robbie35646|\/raw Palafin @ Mystic Water Ability: Zero to Hero Level: 50 <\/summary>Shiny: Yes Tera Type: Water EVs: 172 HP / 252 Atk / 4 Def / 4 SpD / 76 Spe Adamant Nature IVs: 0 SpA - Wave Crash - Jet Punch - Taunt - Protect<\/details><\/div>\n|inactive|Robbie35646 has 30 seconds left.\n|c|\u2606Robbie35646|its mostly just speedcreep for rk9 and other pala\n|inactive|Robbie35646 has 20 seconds left.\n|\n|t:|1681883799\n|cant|p1a: Palafin|slp\n|move|p2a: Palafin|Wave Crash|p1a: Palafin\n|-resisted|p1a: Palafin\n|-damage|p1a: Palafin|32\/100 slp\n|-enditem|p1a: Palafin|Sitrus Berry|[eat]\n|-heal|p1a: Palafin|57\/100 slp|[from] item: Sitrus Berry\n|-damage|p2a: Palafin|65\/100|[from] Recoil\n|move|p2b: Amoonguss|Pollen Puff|p2a: Palafin\n|-heal|p2a: Palafin|100\/100\n|\n|upkeep\n|turn|10\n|inactive|mugiwaraLux has 30 seconds left.\n|\n|t:|1681883826\n|cant|p1a: Palafin|slp\n|move|p2a: Palafin|Wave Crash|p1a: Palafin\n|-resisted|p1a: Palafin\n|-damage|p1a: Palafin|0 fnt\n|faint|p1a: Palafin\n|-damage|p2a: Palafin|83\/100|[from] Recoil\n|\n|win|Robbie35646\n|c|\u2606mugiwaraLux|ty\n|c|\u2606mugiwaraLux|wow\n|c|\u2606mugiwaraLux|my arc is much faster tbh\n|c|\u2606mugiwaraLux|but mine is a tinglu partner mainly\n|c|\u2606Robbie35646|the thing is if the rk9 is faster they generally take a lot from jet punch\n|c|\u2606mugiwaraLux|its specced for something specific but idk what\n|c|\u2606Robbie35646|because they have a lot of investment\n|c|\u2606mugiwaraLux|Yeah they can\n|c|\u2606Robbie35646|In speed\n|c|\u2606mugiwaraLux|but generaly they go for wave first and I burn\n|c|\u2606Robbie35646|yeah thats why you kinda just scout in bo3\n|c|\u2606mugiwaraLux|yep\n|c|\u2606mugiwaraLux|ggs tho\n|c|\u2606Robbie35646|ggs\n","uploadtime":1681883916,"views":15,"p1id":"mugiwaralux","p2id":"robbie35646","formatid":"gen9vgc2023regulationc","rating":0,"private":0,"password":""}