{"id":"gen9vgc2023regulationc-1850762562","p1":"PkmnEspanitaaa","p2":"bowsamonya","format":"[Gen 9] VGC 2023 Regulation C","log":"|j|\u2606PkmnEspanitaaa\n|j|\u2606bowsamonya\n|t:|1682365557\n|gametype|doubles\n|player|p1|PkmnEspanitaaa|beauty-gen4dp|1325\n|player|p2|bowsamonya|beauty-gen4dp|1255\n|teamsize|p1|6\n|teamsize|p2|6\n|gen|9\n|tier|[Gen 9] VGC 2023 Regulation C\n|rated|\n|rule|Species Clause: Limit one of each Pok\u00e9mon\n|rule|Item Clause: Limit one of each item\n|clearpoke\n|poke|p1|Palafin, L50, M|\n|poke|p1|Dragonite, L50, M|\n|poke|p1|Torkoal, L50, M|\n|poke|p1|Flutter Mane, L50|\n|poke|p1|Chien-Pao, L50|\n|poke|p1|Lilligant, L50, F|\n|poke|p2|Iron Hands, L50|\n|poke|p2|Hatterene, L50, F|\n|poke|p2|Garganacl, L50, M|\n|poke|p2|Scizor, L50, M|\n|poke|p2|Chien-Pao, L50|\n|poke|p2|Sableye, L50, M|\n|teampreview|4\n|inactive|Battle timer is ON: inactive players will automatically lose when time's up. (requested by PkmnEspanitaaa)\n|\n|t:|1682365648\n|start\n|switch|p1a: Palafin|Palafin, L50, M, shiny|100\/100\n|switch|p1b: Dragonite|Dragonite, L50, M|100\/100\n|switch|p2a: mr minecraft|Garganacl, L50, M|100\/100\n|switch|p2b: balcom|Chien-Pao, L50|100\/100\n|-ability|p2b: balcom|Sword of Ruin\n|turn|1\n|\n|t:|1682365666\n|-terastallize|p2a: mr minecraft|Ghost\n|move|p2b: balcom|Protect|p2b: balcom\n|-singleturn|p2b: balcom|Protect\n|move|p1a: Palafin|Wave Crash|p2a: mr minecraft\n|-damage|p2a: mr minecraft|65\/100\n|-damage|p1a: Palafin|89\/100|[from] Recoil\n|move|p1b: Dragonite|Stomping Tantrum|p2a: mr minecraft\n|-damage|p2a: mr minecraft|43\/100\n|move|p2a: mr minecraft|Salt Cure|p1a: Palafin\n|-damage|p1a: Palafin|69\/100\n|-start|p1a: Palafin|Salt Cure\n|\n|-heal|p2a: mr minecraft|49\/100|[from] item: Leftovers\n|-damage|p1a: Palafin|44\/100|[from] Salt Cure\n|upkeep\n|turn|2\n|\n|t:|1682365682\n|detailschange|p1a: Palafin|Palafin-Hero, L50, M, shiny\n|switch|p1a: Chien-Pao|Chien-Pao, L50|100\/100\n|-ability|p1a: Chien-Pao|Sword of Ruin\n|-terastallize|p1b: Dragonite|Normal\n|move|p2a: mr minecraft|Protect|p2a: mr minecraft\n|-singleturn|p2a: mr minecraft|Protect\n|move|p1b: Dragonite|Extreme Speed|p2b: balcom\n|-damage|p2b: balcom|33\/100\n|move|p2b: balcom|Ice Spinner|p1b: Dragonite\n|-damage|p1b: Dragonite|74\/100\n|\n|-heal|p2a: mr minecraft|55\/100|[from] item: Leftovers\n|upkeep\n|turn|3\n|\n|t:|1682365700\n|move|p1b: Dragonite|Extreme Speed|p2b: balcom\n|-damage|p2b: balcom|0 fnt\n|faint|p2b: balcom\n|move|p1a: Chien-Pao|Crunch|p2a: mr minecraft\n|-supereffective|p2a: mr minecraft\n|-damage|p2a: mr minecraft|3\/100\n|move|p2a: mr minecraft|Salt Cure|p1a: Chien-Pao\n|-supereffective|p1a: Chien-Pao\n|-damage|p1a: Chien-Pao|60\/100\n|-start|p1a: Chien-Pao|Salt Cure\n|\n|-heal|p2a: mr minecraft|9\/100|[from] item: Leftovers\n|-damage|p1a: Chien-Pao|48\/100|[from] Salt Cure\n|upkeep\n|\n|t:|1682365722\n|switch|p2b: the hand guy|Iron Hands, L50|100\/100\n|-enditem|p2b: the hand guy|Booster Energy\n|-activate|p2b: the hand guy|ability: Quark Drive|[fromitem]\n|-start|p2b: the hand guy|quarkdriveatk\n|turn|4\n|\n|t:|1682365746\n|switch|p1a: Torkoal|Torkoal, L50, M|100\/100\n|-weather|SunnyDay|[from] ability: Drought|[of] p1a: Torkoal\n|move|p2a: mr minecraft|Protect|p2a: mr minecraft\n|-singleturn|p2a: mr minecraft|Protect\n|move|p2b: the hand guy|Fake Out|p1b: Dragonite\n|-damage|p1b: Dragonite|52\/100\n|cant|p1b: Dragonite|flinch\n|\n|-weather|SunnyDay|[upkeep]\n|-heal|p2a: mr minecraft|15\/100|[from] item: Leftovers\n|upkeep\n|turn|5\n|\n|t:|1682365763\n|move|p1b: Dragonite|Stomping Tantrum|p2b: the hand guy\n|-supereffective|p2b: the hand guy\n|-damage|p2b: the hand guy|31\/100\n|move|p2b: the hand guy|Drain Punch|p1a: Torkoal\n|-damage|p1a: Torkoal|56\/100\n|-heal|p2b: the hand guy|46\/100|[from] drain|[of] p1a: Torkoal\n|move|p1a: Torkoal|Eruption|p2a: mr minecraft|[spread] p2a,p2b\n|-damage|p2a: mr minecraft|0 fnt\n|-damage|p2b: the hand guy|0 fnt\n|faint|p2a: mr minecraft\n|faint|p2b: the hand guy\n|-end|p2b: the hand guy|Quark Drive|[silent]\n|\n|-weather|SunnyDay|[upkeep]\n|upkeep\n|\n|t:|1682365773\n|switch|p2b: me on tuesday|Sableye, L50, M|100\/100\n|turn|6\n|\n|t:|1682365781\n|move|p2b: me on tuesday|Disable|p1a: Torkoal\n|-start|p1a: Torkoal|Disable|Eruption\n|move|p1b: Dragonite|Stomping Tantrum|p2b: me on tuesday\n|-damage|p2b: me on tuesday|70\/100\n|cant|p1a: Torkoal|Disable|Eruption\n|\n|-weather|SunnyDay|[upkeep]\n|upkeep\n|turn|7\n|\n|t:|1682365790\n|move|p1b: Dragonite|Stomping Tantrum|p2b: me on tuesday\n|-damage|p2b: me on tuesday|39\/100\n|move|p2b: me on tuesday|Knock Off|p1b: Dragonite\n|-damage|p1b: Dragonite|25\/100\n|-enditem|p1b: Dragonite|Clear Amulet|[from] move: Knock Off|[of] p2b: me on tuesday\n|move|p1a: Torkoal|Heat Wave|p2b: me on tuesday\n|-damage|p2b: me on tuesday|0 fnt\n|faint|p2b: me on tuesday\n|\n|win|PkmnEspanitaaa\n|raw|PkmnEspanitaaa's rating: 1325 → 1341<\/strong> (+16 for winning)\n|raw|bowsamonya's rating: 1255 → 1235<\/strong> (-20 for losing)\n|l|\u2606bowsamonya\n","uploadtime":1682365805,"views":15,"p1id":"pkmnespanitaaa","p2id":"bowsamonya","formatid":"gen9vgc2023regulationc","rating":1235,"private":0,"password":""}