{"id":"gen9vgc2023regulationc-1846064617","p1":"TrainerDylan24","p2":"DawkinsWasRight12","format":"[Gen 9] VGC 2023 Regulation C","log":"|j|\u2606TrainerDylan24\n|j|\u2606DawkinsWasRight12\n|t:|1681800307\n|gametype|doubles\n|player|p1|TrainerDylan24|swimmerf|1152\n|player|p2|DawkinsWasRight12|1|1025\n|teamsize|p1|6\n|teamsize|p2|6\n|gen|9\n|tier|[Gen 9] VGC 2023 Regulation C\n|rated|\n|rule|Species Clause: Limit one of each Pok\u00e9mon\n|rule|Item Clause: Limit one of each item\n|clearpoke\n|poke|p1|Annihilape, L50, F|\n|poke|p1|Armarouge, L50, F|\n|poke|p1|Indeedee-F, L50, F|\n|poke|p1|Bellibolt, L50, F|\n|poke|p1|Dondozo, L50, M|\n|poke|p1|Tatsugiri, L50, M|\n|poke|p2|Mimikyu, L50, M|\n|poke|p2|Ting-Lu, L50|\n|poke|p2|Iron Hands, L50|\n|poke|p2|Hatterene, L50, F|\n|poke|p2|Scizor, L50, F|\n|poke|p2|Garganacl, L50, M|\n|teampreview|4\n|inactive|Battle timer is ON: inactive players will automatically lose when time's up. (requested by DawkinsWasRight12)\n|\n|t:|1681800347\n|start\n|switch|p1a: Armarouge|Armarouge, L50, F|100\/100\n|switch|p1b: Indeedee|Indeedee-F, L50, F|100\/100\n|switch|p2a: Ting-Lu|Ting-Lu, L50|100\/100\n|switch|p2b: Garganacl|Garganacl, L50, M, shiny|100\/100\n|-fieldstart|move: Psychic Terrain|[from] ability: Psychic Surge|[of] p1b: Indeedee\n|-ability|p2a: Ting-Lu|Vessel of Ruin\n|turn|1\n|inactive|TrainerDylan24 has 30 seconds left.\n|inactive|DawkinsWasRight12 has 30 seconds left.\n|\n|t:|1681800382\n|-terastallize|p2b: Garganacl|Ghost\n|move|p1b: Indeedee|Helping Hand|p1a: Armarouge\n|-singleturn|p1a: Armarouge|Helping Hand|[of] p1b: Indeedee\n|move|p1a: Armarouge|Aura Sphere|p2a: Ting-Lu\n|-supereffective|p2a: Ting-Lu\n|-damage|p2a: Ting-Lu|49\/100\n|move|p2a: Ting-Lu|Ruination|p1a: Armarouge\n|-damage|p1a: Armarouge|51\/100\n|move|p2b: Garganacl|Salt Cure|p1b: Indeedee\n|-damage|p1b: Indeedee|84\/100\n|-start|p1b: Indeedee|Salt Cure\n|\n|-heal|p2a: Ting-Lu|55\/100|[from] item: Leftovers\n|-damage|p1b: Indeedee|72\/100|[from] Salt Cure\n|upkeep\n|turn|2\n|inactive|TrainerDylan24 has 30 seconds left.\n|\n|t:|1681800415\n|move|p2a: Ting-Lu|Protect|p2a: Ting-Lu\n|-singleturn|p2a: Ting-Lu|Protect\n|move|p1b: Indeedee|Follow Me|p1b: Indeedee\n|-singleturn|p1b: Indeedee|move: Follow Me\n|move|p1a: Armarouge|Expanding Force|p2a: Ting-Lu|[spread] p2b\n|-activate|p2a: Ting-Lu|move: Protect\n|-damage|p2b: Garganacl|61\/100\n|move|p2b: Garganacl|Salt Cure|p1b: Indeedee\n|-damage|p1b: Indeedee|55\/100\n|\n|-heal|p2a: Ting-Lu|61\/100|[from] item: Leftovers\n|-damage|p1b: Indeedee|43\/100|[from] Salt Cure\n|upkeep\n|-enditem|p1b: Indeedee|Sitrus Berry|[eat]\n|-heal|p1b: Indeedee|68\/100|[from] item: Sitrus Berry\n|turn|3\n|inactive|TrainerDylan24 has 30 seconds left.\n|inactive|DawkinsWasRight12 has 30 seconds left.\n|\n|t:|1681800446\n|move|p1b: Indeedee|Helping Hand|p1a: Armarouge\n|-singleturn|p1a: Armarouge|Helping Hand|[of] p1b: Indeedee\n|move|p1a: Armarouge|Aura Sphere|p2a: Ting-Lu\n|-supereffective|p2a: Ting-Lu\n|-damage|p2a: Ting-Lu|9\/100\n|move|p2a: Ting-Lu|Fissure|p1a: Armarouge|[miss]\n|-miss|p2a: Ting-Lu|p1a: Armarouge\n|move|p2b: Garganacl|Recover|p2b: Garganacl\n|-heal|p2b: Garganacl|100\/100\n|\n|-heal|p2a: Ting-Lu|15\/100|[from] item: Leftovers\n|-damage|p1b: Indeedee|55\/100|[from] Salt Cure\n|upkeep\n|turn|4\n|inactive|TrainerDylan24 has 30 seconds left.\n|\n|t:|1681800472\n|move|p2b: Garganacl|Wide Guard|p2b: Garganacl\n|-singleturn|p2b: Garganacl|Wide Guard\n|move|p1b: Indeedee|Follow Me|p1b: Indeedee\n|-singleturn|p1b: Indeedee|move: Follow Me\n|move|p1a: Armarouge|Expanding Force|p2a: Ting-Lu|[spread] \n|-activate|p2a: Ting-Lu|move: Wide Guard\n|-activate|p2b: Garganacl|move: Wide Guard\n|move|p2a: Ting-Lu|Stomping Tantrum|p1b: Indeedee\n|-damage|p1b: Indeedee|0 fnt\n|faint|p1b: Indeedee\n|\n|-heal|p2a: Ting-Lu|21\/100|[from] item: Leftovers\n|upkeep\n|\n|t:|1681800496\n|switch|p1b: Dondozo|Dondozo, L50, M|100\/100\n|turn|5\n|\n|t:|1681800519\n|switch|p1a: Tatsugiri|Tatsugiri, L50, M|100\/100\n|-activate|p1a: Tatsugiri|ability: Commander|[of] p1b: Dondozo\n|-boost|p1b: Dondozo|atk|2\n|-boost|p1b: Dondozo|spa|2\n|-boost|p1b: Dondozo|spe|2\n|-boost|p1b: Dondozo|def|2\n|-boost|p1b: Dondozo|spd|2\n|-terastallize|p1b: Dondozo|Water\n|move|p2a: Ting-Lu|Protect|p2a: Ting-Lu\n|-singleturn|p2a: Ting-Lu|Protect\n|move|p1b: Dondozo|Order Up|p2a: Ting-Lu\n|-activate|p2a: Ting-Lu|move: Protect\n|move|p2b: Garganacl|Salt Cure|p1a: Tatsugiri|[miss]\n|-miss|p2b: Garganacl|p1a: Tatsugiri\n|\n|-heal|p2a: Ting-Lu|27\/100|[from] item: Leftovers\n|-fieldend|move: Psychic Terrain\n|upkeep\n|turn|6\n|\n|t:|1681800539\n|move|p1b: Dondozo|Waterfall|p2a: Ting-Lu\n|-supereffective|p2a: Ting-Lu\n|-damage|p2a: Ting-Lu|0 fnt\n|faint|p2a: Ting-Lu\n|move|p2b: Garganacl|Salt Cure|p1b: Dondozo\n|-damage|p1b: Dondozo|95\/100\n|-start|p1b: Dondozo|Salt Cure\n|\n|-heal|p1b: Dondozo|100\/100|[from] item: Leftovers\n|-damage|p1b: Dondozo|76\/100|[from] Salt Cure\n|upkeep\n|\n|t:|1681800545\n|switch|p2a: Iron Hands|Iron Hands, L50|100\/100\n|turn|7\n|\n|t:|1681800559\n|move|p1b: Dondozo|Waterfall|p2b: Garganacl\n|-damage|p2b: Garganacl|40\/100\n|move|p2b: Garganacl|Salt Cure|p1b: Dondozo\n|-damage|p1b: Dondozo|70\/100\n|move|p2a: Iron Hands|Belly Drum|p2a: Iron Hands\n|-damage|p2a: Iron Hands|50\/100\n|-setboost|p2a: Iron Hands|atk|6|[from] move: Belly Drum\n|-enditem|p2a: Iron Hands|Sitrus Berry|[eat]\n|-heal|p2a: Iron Hands|75\/100|[from] item: Sitrus Berry\n|\n|-heal|p1b: Dondozo|77\/100|[from] item: Leftovers\n|-damage|p1b: Dondozo|52\/100|[from] Salt Cure\n|upkeep\n|turn|8\n|\n|t:|1681800572\n|move|p2b: Garganacl|Protect|p2b: Garganacl\n|-singleturn|p2b: Garganacl|Protect\n|move|p1b: Dondozo|Waterfall|p2a: Iron Hands\n|-damage|p2a: Iron Hands|7\/100\n|cant|p2a: Iron Hands|flinch\n|\n|-heal|p1b: Dondozo|58\/100|[from] item: Leftovers\n|-damage|p1b: Dondozo|33\/100|[from] Salt Cure\n|upkeep\n|turn|9\n|\n|t:|1681800590\n|move|p1b: Dondozo|Order Up|p2a: Iron Hands\n|-damage|p2a: Iron Hands|0 fnt\n|faint|p2a: Iron Hands\n|-end|p2a: Iron Hands|Quark Drive|[silent]\n|-boost|p1b: Dondozo|atk|1\n|move|p2b: Garganacl|Recover|p2b: Garganacl\n|-heal|p2b: Garganacl|90\/100\n|\n|-heal|p1b: Dondozo|39\/100|[from] item: Leftovers\n|-damage|p1b: Dondozo|15\/100|[from] Salt Cure\n|upkeep\n|\n|t:|1681800601\n|switch|p2a: Hatterene|Hatterene, L50, F|100\/100\n|turn|10\n|\n|t:|1681800619\n|move|p2b: Garganacl|Protect|p2b: Garganacl\n|-singleturn|p2b: Garganacl|Protect\n|move|p1b: Dondozo|Waterfall|p2a: Hatterene\n|-damage|p2a: Hatterene|0 fnt\n|faint|p2a: Hatterene\n|\n|-heal|p1b: Dondozo|21\/100|[from] item: Leftovers\n|-damage|p1b: Dondozo|0 fnt|[from] Salt Cure\n|faint|p1b: Dondozo\n|upkeep\n|\n|t:|1681800632\n|switch|p1b: Armarouge|Armarouge, L50, F|51\/100\n|turn|11\n|\n|t:|1681800648\n|move|p1a: Tatsugiri|Muddy Water|p2b: Garganacl\n|-damage|p2b: Garganacl|56\/100\n|-unboost|p2b: Garganacl|accuracy|1\n|move|p1b: Armarouge|Heat Wave|p2b: Garganacl\n|-damage|p2b: Garganacl|13\/100\n|move|p2b: Garganacl|Salt Cure|p1b: Armarouge|[miss]\n|-miss|p2b: Garganacl|p1b: Armarouge\n|\n|upkeep\n|turn|12\n|-message|DawkinsWasRight12 forfeited.\n|\n|win|TrainerDylan24\n|raw|TrainerDylan24's rating: 1152 → 1168<\/strong> (+16 for winning)\n|raw|DawkinsWasRight12's rating: 1025 → 1016<\/strong> (-9 for losing)\n|l|\u2606DawkinsWasRight12\n","uploadtime":1681800663,"views":8,"p1id":"trainerdylan24","p2id":"dawkinswasright12","formatid":"gen9vgc2023regulationc","rating":1016,"private":0,"password":""}