{"id":"gen9vgc2023regulationc-1854345682","p1":"XMarcosPr710","p2":"JonatanGM","format":"[Gen 9] VGC 2023 Regulation C","log":"|j|\u2606XMarcosPr710\n|j|\u2606JonatanGM\n|t:|1682799569\n|gametype|doubles\n|player|p1|XMarcosPr710|266|\n|player|p2|JonatanGM|blackbelt-gen4dp|\n|teamsize|p1|6\n|teamsize|p2|6\n|gen|9\n|tier|[Gen 9] VGC 2023 Regulation C\n|rule|Species Clause: Limit one of each Pok\u00e9mon\n|rule|Item Clause: Limit one of each item\n|clearpoke\n|poke|p1|Ting-Lu, L50|\n|poke|p1|Flutter Mane, L50|\n|poke|p1|Roaring Moon, L50|\n|poke|p1|Palafin, L50, M|\n|poke|p1|Amoonguss, L50, F|\n|poke|p1|Arcanine, L50, F|\n|poke|p2|Chien-Pao, L50|\n|poke|p2|Dragonite, L50, M|\n|poke|p2|Flutter Mane, L50|\n|poke|p2|Lilligant, L50, F|\n|poke|p2|Torkoal, L50, M|\n|poke|p2|Great Tusk, L50|\n|teampreview|4\nXMarcosPr710 has agreed to open team sheets.\n|c|\u2606XMarcosPr710|manda tu el link que no se xd\n|j| Agitativ40\n|c|\u2606JonatanGM|copias lo de arriba y ya xD\n|c|\u2606JonatanGM|la url\n|j| Slimeks\n|c|\u2606XMarcosPr710|GLHF\n|c|\u2606XMarcosPr710|xd\n|c|\u2606JonatanGM|ya lo mande\n|c| Agitativ40|Ambos acepten el Open Team Sheet\n|c|\u2606JonatanGM|GL\n|j| Mathias6483\nJonatanGM has agreed to open team sheets.\n|j| fifier\n|j| Texsla\n|j| gabsalma\n|c| fifier|confio p marcos\n|c|\u2606JonatanGM|vaya didi\n|c|\u2606JonatanGM|ok\n|c| fifier|es q\n|c| fifier|es amigo de vgc el marcos\n|inactive|Battle timer is ON: inactive players will automatically lose when time's up. (requested by XMarcosPr710)\n|\n|t:|1682799688\n|start\n|switch|p1a: Roaring Moon|Roaring Moon, L50|100\/100\n|switch|p1b: Arcanine|Arcanine, L50, F|100\/100\n|switch|p2a: Lilligant|Lilligant, L50, F|100\/100\n|switch|p2b: Torkoal|Torkoal, L50, M, shiny|100\/100\n|-ability|p1b: Arcanine|Intimidate|boost\n|-unboost|p2a: Lilligant|atk|1\n|-unboost|p2b: Torkoal|atk|1\n|-weather|SunnyDay|[from] ability: Drought|[of] p2b: Torkoal\n|-activate|p1a: Roaring Moon|ability: Protosynthesis\n|-start|p1a: Roaring Moon|protosynthesisatk\n|turn|1\n|c| fifier|q cagadon\n|inactive|XMarcosPr710 has 30 seconds left.\n|inactive|JonatanGM has 30 seconds left.\n|c|\u2606JonatanGM|m\n|c| Texsla|uy el equipo de jonathan me hizo acordar a oricorio\n|inactive|JonatanGM has 20 seconds left.\n|c| fifier|sisi\n|inactive|JonatanGM has 15 seconds left.\n|\n|t:|1682799731\n|move|p2a: Lilligant|Protect|p2a: Lilligant\n|-singleturn|p2a: Lilligant|Protect\n|move|p1a: Roaring Moon|Protect|p1a: Roaring Moon\n|-singleturn|p1a: Roaring Moon|Protect\n|move|p1b: Arcanine|Snarl|p2a: Lilligant|[spread] p2b\n|-activate|p2a: Lilligant|move: Protect\n|-damage|p2b: Torkoal|89\/100\n|-unboost|p2b: Torkoal|spa|1\n|move|p2b: Torkoal|Eruption|p1a: Roaring Moon|[spread] p1b\n|-activate|p1a: Roaring Moon|move: Protect\n|-resisted|p1b: Arcanine\n|-damage|p1b: Arcanine|83\/100\n|\n|-weather|SunnyDay|[upkeep]\n|upkeep\n|turn|2\n|c| fifier|jonathan metia al oricorio fuego y uff\n|j| NicolasMartin\n|inactive|XMarcosPr710 has 30 seconds left.\n|\n|t:|1682799756\n|switch|p2b: Dragonite|Dragonite, L50, M, shiny|100\/100\n|move|p1b: Arcanine|Protect|p1b: Arcanine\n|-singleturn|p1b: Arcanine|Protect\n|move|p2a: Lilligant|Sleep Powder|p1b: Arcanine\n|-activate|p1b: Arcanine|move: Protect\n|move|p1a: Roaring Moon|Earthquake|p2a: Lilligant|[spread] p2a\n|-activate|p1b: Arcanine|move: Protect\n|-immune|p2b: Dragonite\n|-resisted|p2a: Lilligant\n|-damage|p2a: Lilligant|73\/100\n|\n|-weather|SunnyDay|[upkeep]\n|upkeep\n|turn|3\n|l| Mathias6483\n|\n|t:|1682799778\n|switch|p2a: Chien-Pao|Chien-Pao, L50|100\/100\n|-ability|p2a: Chien-Pao|Sword of Ruin\n|switch|p1b: Amoonguss|Amoonguss, L50, F|100\/100\n|-terastallize|p2b: Dragonite|Normal\n|move|p2b: Dragonite|Extreme Speed|p1b: Amoonguss\n|-damage|p1b: Amoonguss|1\/100\n|-enditem|p1b: Amoonguss|Sitrus Berry|[eat]\n|-heal|p1b: Amoonguss|26\/100|[from] item: Sitrus Berry\n|move|p1a: Roaring Moon|Dragon Claw|p2b: Dragonite\n|-damage|p2b: Dragonite|63\/100\n|\n|-weather|SunnyDay|[upkeep]\n|upkeep\n|turn|4\n|inactive|XMarcosPr710 has 30 seconds left.\n|\n|t:|1682799806\n|move|p1a: Roaring Moon|Protect|p1a: Roaring Moon\n|-singleturn|p1a: Roaring Moon|Protect\n|move|p2b: Dragonite|Extreme Speed|p1a: Roaring Moon\n|-activate|p1a: Roaring Moon|move: Protect\n|move|p2a: Chien-Pao|Icicle Crash|p1a: Roaring Moon\n|-activate|p1a: Roaring Moon|move: Protect\n|move|p1b: Amoonguss|Spore|p2a: Chien-Pao\n|-status|p2a: Chien-Pao|slp|[from] move: Spore\n|\n|-weather|SunnyDay|[upkeep]\n|upkeep\n|turn|5\n|c| gabsalma|ese dragonite es bandid xd\n|\n|t:|1682799823\n|move|p2b: Dragonite|Extreme Speed|p1a: Roaring Moon\n|-damage|p1a: Roaring Moon|0 fnt\n|faint|p1a: Roaring Moon\n|-end|p1a: Roaring Moon|Protosynthesis|[silent]\n|cant|p2a: Chien-Pao|slp\n|move|p1b: Amoonguss|Spore|p2b: Dragonite\n|-status|p2b: Dragonite|slp|[from] move: Spore\n|\n|-weather|none\n|upkeep\n|c| Texsla|como el 100% de dragonites\n|c| fifier|me hiciste caso jonatan :D\n|c| Texsla|salvo el de agi\n|\n|t:|1682799831\n|switch|p1a: Flutter Mane|Flutter Mane, L50|100\/100\n|turn|6\n|c| gabsalma|salvo el mio\n|c| fifier|salvo el mio\n|\n|t:|1682799844\n|cant|p2b: Dragonite|slp\n|move|p1b: Amoonguss|Rage Powder|p1b: Amoonguss\n|-singleturn|p1b: Amoonguss|move: Rage Powder\n|cant|p2a: Chien-Pao|slp\n|move|p1a: Flutter Mane|Dazzling Gleam|p2b: Dragonite|[spread] p2a,p2b\n|-supereffective|p2a: Chien-Pao\n|-enditem|p2a: Chien-Pao|Focus Sash\n|-damage|p2a: Chien-Pao|1\/100 slp\n|-damage|p2b: Dragonite|17\/100 slp\n|\n|upkeep\n|turn|7\n|\n|t:|1682799856\n|switch|p1b: Arcanine|Arcanine, L50, F|83\/100\n|-ability|p1b: Arcanine|Intimidate|boost\n|-unboost|p2a: Chien-Pao|atk|1\n|-unboost|p2b: Dragonite|atk|1\n|cant|p2b: Dragonite|slp\n|cant|p2a: Chien-Pao|slp\n|move|p1a: Flutter Mane|Dazzling Gleam|p2b: Dragonite|[spread] p2a,p2b\n|-supereffective|p2a: Chien-Pao\n|-damage|p2a: Chien-Pao|0 fnt\n|-damage|p2b: Dragonite|0 fnt\n|faint|p2a: Chien-Pao\n|faint|p2b: Dragonite\n|\n|upkeep\n|\n|t:|1682799864\n|switch|p2a: Lilligant|Lilligant, L50, F|73\/100\n|switch|p2b: Torkoal|Torkoal, L50, M, shiny|89\/100\n|-weather|SunnyDay|[from] ability: Drought|[of] p2b: Torkoal\n|-activate|p1a: Flutter Mane|ability: Protosynthesis\n|-start|p1a: Flutter Mane|protosynthesisspe\n|turn|8\n|c| fifier|ostia\n|c| fifier|marcos\n|l| NicolasMartin\n|c|\u2606XMarcosPr710|dime\n|c| fifier|me dijiste q no llevabas ting-lu p marcos\n|c|\u2606XMarcosPr710|te dije que si xd\n|c| fifier|a\n|inactive|XMarcosPr710 has 30 seconds left.\n|c| gabsalma|xd\n|\n|t:|1682799893\n|-end|p1a: Flutter Mane|Protosynthesis|[silent]\n|switch|p1a: Amoonguss|Amoonguss, L50, F|59\/100\n|move|p2a: Lilligant|Sleep Powder|p1a: Amoonguss\n|-immune|p1a: Amoonguss\n|move|p1b: Arcanine|Snarl|p2a: Lilligant|[spread] p2a,p2b\n|-damage|p2a: Lilligant|61\/100\n|-damage|p2b: Torkoal|77\/100\n|-unboost|p2a: Lilligant|spa|1\n|-unboost|p2b: Torkoal|spa|1\n|move|p2b: Torkoal|Earth Power|p1b: Arcanine\n|-supereffective|p1b: Arcanine\n|-damage|p1b: Arcanine|55\/100\n|\n|-weather|SunnyDay|[upkeep]\n|upkeep\n|turn|9\n|j| NicolasMartin\n|\n|t:|1682799909\n|move|p2a: Lilligant|After You|p2b: Torkoal\n|-activate|p2b: Torkoal|move: After You\n|move|p2b: Torkoal|Eruption|p1b: Arcanine|[spread] p1a,p1b\n|-supereffective|p1a: Amoonguss\n|-resisted|p1b: Arcanine\n|-damage|p1a: Amoonguss|2\/100\n|-damage|p1b: Arcanine|40\/100\n|move|p1b: Arcanine|Flare Blitz|p2a: Lilligant\n|-supereffective|p2a: Lilligant\n|-damage|p2a: Lilligant|0 fnt\n|faint|p2a: Lilligant\n|-damage|p1b: Arcanine|25\/100|[from] Recoil\n|move|p1a: Amoonguss|Spore|p2b: Torkoal\n|-status|p2b: Torkoal|slp|[from] move: Spore\n|\n|-weather|SunnyDay|[upkeep]\n|upkeep\n|turn|10\n|c|\u2606JonatanGM|amongus tiene mas vidas que mi abuela u,u\n|\n|t:|1682799926\n|move|p1b: Arcanine|Snarl|p2b: Torkoal\n|-damage|p2b: Torkoal|60\/100 slp\n|-unboost|p2b: Torkoal|spa|1\n|move|p1a: Amoonguss|Pollen Puff|p1b: Arcanine\n|-heal|p1b: Arcanine|75\/100\n|cant|p2b: Torkoal|slp\n|\n|-weather|SunnyDay|[upkeep]\n|upkeep\n|turn|11\n|c| fifier|tremendo\n|j| Mathias6483\n|c|\u2606JonatanGM|hasta aqui tengo mala suerte,me persigue haya donde voy\n|inactive|JonatanGM has 30 seconds left.\n|\n|t:|1682799952\n|move|p1a: Amoonguss|Protect|p1a: Amoonguss\n|-singleturn|p1a: Amoonguss|Protect\n|move|p1b: Arcanine|Flare Blitz|p2b: Torkoal\n|-resisted|p2b: Torkoal\n|-damage|p2b: Torkoal|33\/100 slp\n|-damage|p1b: Arcanine|67\/100|[from] Recoil\n|cant|p2b: Torkoal|slp\n|\n|-weather|SunnyDay|[upkeep]\n|upkeep\n|turn|12\n|c|\u2606XMarcosPr710|hizo min damage el torkoal creo\u00e7\n|l| NicolasMartin\n|\n|t:|1682799971\n|switch|p1a: Flutter Mane|Flutter Mane, L50|100\/100\n|-activate|p1a: Flutter Mane|ability: Protosynthesis\n|-start|p1a: Flutter Mane|protosynthesisspe\n|move|p1b: Arcanine|Snarl|p2b: Torkoal\n|-damage|p2b: Torkoal|17\/100 slp\n|-unboost|p2b: Torkoal|spa|1\n|cant|p2b: Torkoal|slp\n|\n|-weather|none\n|-end|p1a: Flutter Mane|Protosynthesis\n|upkeep\n|turn|13\n|j| NicolasMartin\n|\n|t:|1682799985\n|move|p1a: Flutter Mane|Shadow Ball|p2b: Torkoal\n|-damage|p2b: Torkoal|0 fnt\n|faint|p2b: Torkoal\n|\n|win|XMarcosPr710\n|c|\u2606XMarcosPr710|gg\n|c| fifier|gg\n|c|\u2606JonatanGM|GB\n|c|\u2606JonatanGM|u\n|c| Agitativ40|Ahora el otro\n|l| Texsla\n","uploadtime":1682799997,"views":17,"p1id":"xmarcospr710","p2id":"jonatangm","formatid":"gen9vgc2023regulationc","rating":0,"private":0,"password":""}