{"id":"gen9vgc2023regulationc-1849694549","p1":"Peripuff","p2":"sourpatchkids123","format":"[Gen 9] VGC 2023 Regulation C","log":"|j|\u2606Peripuff\n|j|\u2606sourpatchkids123\n|t:|1682233902\n|gametype|doubles\n|player|p1|Peripuff|bianca|1122\n|player|p2|sourpatchkids123|riley|1057\n|teamsize|p1|6\n|teamsize|p2|6\n|gen|9\n|tier|[Gen 9] VGC 2023 Regulation C\n|rated|\n|rule|Species Clause: Limit one of each Pok\u00e9mon\n|rule|Item Clause: Limit one of each item\n|clearpoke\n|poke|p1|Maushold-Four, L50|\n|poke|p1|Annihilape, L50, F|\n|poke|p1|Iron Bundle, L50|\n|poke|p1|Flutter Mane, L50|\n|poke|p1|Chi-Yu, L50|\n|poke|p1|Amoonguss, L50, F|\n|poke|p2|Dondozo, L50, F|\n|poke|p2|Tatsugiri-Stretchy, L50, M|\n|poke|p2|Dragonite, L50, F|\n|poke|p2|Arcanine, L50, M|\n|poke|p2|Iron Moth, L50|\n|poke|p2|Flutter Mane, L50|\n|teampreview|4\n|inactive|Battle timer is ON: inactive players will automatically lose when time's up. (requested by sourpatchkids123)\n|inactive|Peripuff has 60 seconds left.\n|inactive|sourpatchkids123 has 60 seconds left.\nsourpatchkids123 has agreed to open team sheets.\n|c|\u2606sourpatchkids123|plz agree on team sheets\n|inactive|Peripuff has 30 seconds left.\n|\n|t:|1682233972\n|start\n|switch|p1a: Ungaboongus|Amoonguss, L50, F|100\/100\n|switch|p1b: tired misdreavus|Flutter Mane, L50|100\/100\n|switch|p2a: Dondozo|Dondozo, L50, F|100\/100\n|switch|p2b: Tatsugiri|Tatsugiri-Stretchy, L50, M|100\/100\n|-activate|p2b: Tatsugiri|ability: Commander|[of] p2a: Dondozo\n|-boost|p2a: Dondozo|atk|2\n|-boost|p2a: Dondozo|spa|2\n|-boost|p2a: Dondozo|spe|2\n|-boost|p2a: Dondozo|def|2\n|-boost|p2a: Dondozo|spd|2\n|turn|1\n|inactive|Peripuff has 30 seconds left.\n|inactive|sourpatchkids123 has 30 seconds left.\n|\n|t:|1682234002\n|-terastallize|p1b: tired misdreavus|Fairy\n|-terastallize|p2a: Dondozo|Steel\n|move|p1b: tired misdreavus|Moonblast|p2a: Dondozo\n|-resisted|p2a: Dondozo\n|-damage|p2a: Dondozo|78\/100\n|move|p2a: Dondozo|Earthquake|p1b: tired misdreavus|[spread] p1a,p1b\n|-miss|p2a: Dondozo|p2b: Tatsugiri\n|-damage|p1a: Ungaboongus|67\/100\n|-damage|p1b: tired misdreavus|28\/100\n|move|p1a: Ungaboongus|Clear Smog|p2a: Dondozo\n|-immune|p2a: Dondozo\n|\n|upkeep\n|turn|2\n|inactive|Peripuff has 30 seconds left.\n|inactive|sourpatchkids123 has 30 seconds left.\n|\n|t:|1682234036\n|move|p2a: Dondozo|Protect|p2a: Dondozo\n|-singleturn|p2a: Dondozo|Protect\n|move|p1b: tired misdreavus|Moonblast|p2a: Dondozo\n|-activate|p2a: Dondozo|move: Protect\n|move|p1a: Ungaboongus|Spore|p2a: Dondozo\n|-activate|p2a: Dondozo|move: Protect\n|\n|upkeep\n|turn|3\n|\n|t:|1682234047\n|move|p1b: tired misdreavus|Moonblast|p2a: Dondozo\n|-resisted|p2a: Dondozo\n|-damage|p2a: Dondozo|56\/100\n|-unboost|p2a: Dondozo|spa|1\n|move|p2a: Dondozo|Earthquake|p1a: Ungaboongus|[spread] p1a,p1b\n|-miss|p2a: Dondozo|p2b: Tatsugiri\n|-damage|p1a: Ungaboongus|31\/100\n|-damage|p1b: tired misdreavus|0 fnt\n|faint|p1b: tired misdreavus\n|-end|p1b: tired misdreavus|Protosynthesis|[silent]\n|move|p1a: Ungaboongus|Spore|p2a: Dondozo\n|-status|p2a: Dondozo|slp|[from] move: Spore\n|-enditem|p2a: Dondozo|Chesto Berry|[eat]\n|-curestatus|p2a: Dondozo|slp|[msg]\n|\n|upkeep\n|inactive|Peripuff has 30 seconds left.\n|\n|t:|1682234073\n|switch|p1b: Wooper's frien :)|Iron Bundle, L50|100\/100\n|-enditem|p1b: Wooper's frien :)|Booster Energy\n|-activate|p1b: Wooper's frien :)|ability: Quark Drive|[fromitem]\n|-start|p1b: Wooper's frien :)|quarkdrivespe\n|turn|4\n|\n|t:|1682234086\n|move|p2a: Dondozo|Protect|p2a: Dondozo\n|-singleturn|p2a: Dondozo|Protect\n|move|p1b: Wooper's frien :)|Hydro Pump|p2a: Dondozo\n|-activate|p2a: Dondozo|move: Protect\n|move|p1a: Ungaboongus|Spore|p2a: Dondozo\n|-activate|p2a: Dondozo|move: Protect\n|\n|upkeep\n|turn|5\n|\n|t:|1682234098\n|move|p1b: Wooper's frien :)|Hydro Pump|p2a: Dondozo|[miss]\n|-miss|p1b: Wooper's frien :)|p2a: Dondozo\n|move|p2a: Dondozo|Earthquake|p1b: Wooper's frien :)|[spread] p1a,p1b\n|-miss|p2a: Dondozo|p2b: Tatsugiri\n|-damage|p1a: Ungaboongus|0 fnt\n|-damage|p1b: Wooper's frien :)|46\/100\n|faint|p1a: Ungaboongus\n|\n|upkeep\n|\n|t:|1682234106\n|switch|p1a: fish|Chi-Yu, L50|100\/100\n|-ability|p1a: fish|Beads of Ruin\n|turn|6\n|inactive|Peripuff has 30 seconds left.\n|\n|t:|1682234134\n|move|p1b: Wooper's frien :)|Hydro Pump|p2a: Dondozo\n|-damage|p2a: Dondozo|22\/100\n|move|p2a: Dondozo|Wave Crash|p1a: fish\n|-supereffective|p1a: fish\n|-enditem|p1a: fish|Focus Sash\n|-damage|p1a: fish|1\/100\n|-damage|p2a: Dondozo|3\/100|[from] Recoil\n|move|p1a: fish|Heat Wave|p2a: Dondozo|[spread] p2a\n|-miss|p1a: fish|p2b: Tatsugiri\n|-supereffective|p2a: Dondozo\n|-damage|p2a: Dondozo|0 fnt\n|faint|p2a: Dondozo\n|\n|upkeep\n|\n|t:|1682234156\n|switch|p2a: Iron Moth|Iron Moth, L50|100\/100\n|-enditem|p2a: Iron Moth|Booster Energy\n|-activate|p2a: Iron Moth|ability: Quark Drive|[fromitem]\n|-start|p2a: Iron Moth|quarkdrivespe\n|turn|7\n|\n|t:|1682234174\n|move|p1b: Wooper's frien :)|Hydro Pump|p2a: Iron Moth|[miss]\n|-miss|p1b: Wooper's frien :)|p2a: Iron Moth\n|move|p2a: Iron Moth|Overheat|p1b: Wooper's frien :)\n|-damage|p1b: Wooper's frien :)|0 fnt\n|-unboost|p2a: Iron Moth|spa|2\n|faint|p1b: Wooper's frien :)\n|-end|p1b: Wooper's frien :)|Quark Drive|[silent]\n|move|p2b: Tatsugiri|Draco Meteor|p1a: fish\n|-damage|p1a: fish|0 fnt\n|-unboost|p2b: Tatsugiri|spa|2\n|faint|p1a: fish\n|\n|win|sourpatchkids123\n|raw|Peripuff's rating: 1122 → 1092<\/strong> (-30 for losing)\n|raw|sourpatchkids123's rating: 1057 → 1094<\/strong> (+37 for winning)\n","uploadtime":1682234189,"views":14,"p1id":"peripuff","p2id":"sourpatchkids123","formatid":"gen9vgc2023regulationc","rating":1092,"private":0,"password":""}