{"id":"gen9vgc2023regulationc-1853262820","p1":"MareeohYT","p2":"pentagonSG","format":"[Gen 9] VGC 2023 Regulation C","log":"|j|\u2606MareeohYT\n|j|\u2606pentagonSG\n|t:|1682656964\n|gametype|doubles\n|player|p1|MareeohYT|policeman-gen4|1700\n|player|p2|pentagonSG|102|1653\n|teamsize|p1|6\n|teamsize|p2|6\n|gen|9\n|tier|[Gen 9] VGC 2023 Regulation C\n|rated|\n|rule|Species Clause: Limit one of each Pok\u00e9mon\n|rule|Item Clause: Limit one of each item\n|clearpoke\n|poke|p1|Lycanroc-Midnight, L50, M|\n|poke|p1|Tinkaton, L50, F|\n|poke|p1|Ting-Lu, L50|\n|poke|p1|Dondozo, L50, M|\n|poke|p1|Tatsugiri, L50, F|\n|poke|p1|Tyranitar, L50, M|\n|poke|p2|Chi-Yu, L50|\n|poke|p2|Flutter Mane, L50|\n|poke|p2|Great Tusk, L50|\n|poke|p2|Amoonguss, L50, F|\n|poke|p2|Corviknight, L50, F|\n|poke|p2|Ting-Lu, L50|\n|teampreview|4\n|j| streetsoccer25\n|\n|t:|1682656994\n|start\n|switch|p1a: Tinkaton|Tinkaton, L50, F|100\/100\n|switch|p1b: Lycanroc|Lycanroc-Midnight, L50, M|100\/100\n|switch|p2a: Great Tusk|Great Tusk, L50|100\/100\n|switch|p2b: Corviknight|Corviknight, L50, F|100\/100\n|-ability|p1a: Tinkaton|Mold Breaker\n|turn|1\n|l| streetsoccer25\n|\n|t:|1682657034\n|-terastallize|p1a: Tinkaton|Flying\n|move|p1b: Lycanroc|Endure|p1b: Lycanroc\n|-singleturn|p1b: Lycanroc|move: Endure\n|move|p2a: Great Tusk|Protect|p2a: Great Tusk\n|-singleturn|p2a: Great Tusk|Protect\n|move|p1a: Tinkaton|Skill Swap|p1b: Lycanroc\n|-activate|p1a: Tinkaton|move: Skill Swap|||[of] p1b: Lycanroc\n|-ability|p1b: Lycanroc|Mold Breaker\n|move|p2b: Corviknight|Bulk Up|p2b: Corviknight\n|-boost|p2b: Corviknight|atk|1\n|-boost|p2b: Corviknight|def|1\n|\n|upkeep\n|turn|2\n|\n|t:|1682657052\n|switch|p1b: Dondozo|Dondozo, L50, M|100\/100\n|move|p2a: Great Tusk|Close Combat|p1b: Dondozo\n|-damage|p1b: Dondozo|65\/100\n|-unboost|p2a: Great Tusk|def|1\n|-unboost|p2a: Great Tusk|spd|1\n|move|p1a: Tinkaton|Skill Swap|p1b: Dondozo\n|-activate|p1a: Tinkaton|move: Skill Swap|||[of] p1b: Dondozo\n|move|p2b: Corviknight|Tailwind|p2b: Corviknight\n|-sidestart|p2: pentagonSG|move: Tailwind\n|\n|-heal|p1b: Dondozo|72\/100|[from] item: Leftovers\n|upkeep\n|turn|3\n|\n|t:|1682657071\n|move|p1a: Tinkaton|Protect|p1a: Tinkaton\n|-singleturn|p1a: Tinkaton|Protect\n|move|p1b: Dondozo|Protect|p1b: Dondozo\n|-singleturn|p1b: Dondozo|Protect\n|move|p2a: Great Tusk|Close Combat|p1b: Dondozo\n|-activate|p1b: Dondozo|move: Protect\n|move|p2b: Corviknight|Bulk Up|p2b: Corviknight\n|-boost|p2b: Corviknight|atk|1\n|-boost|p2b: Corviknight|def|1\n|\n|-heal|p1b: Dondozo|78\/100|[from] item: Leftovers\n|upkeep\n|turn|4\n|\n|t:|1682657083\n|switch|p1a: Tatsugiri|Tatsugiri, L50, F|100\/100\n|-activate|p1a: Tatsugiri|ability: Commander|[of] p1b: Dondozo\n|-boost|p1b: Dondozo|atk|2\n|-boost|p1b: Dondozo|spa|2\n|-boost|p1b: Dondozo|spe|2\n|-boost|p1b: Dondozo|def|2\n|-boost|p1b: Dondozo|spd|2\n|move|p2a: Great Tusk|Close Combat|p1b: Dondozo\n|-damage|p1b: Dondozo|60\/100\n|-unboost|p2a: Great Tusk|def|1\n|-unboost|p2a: Great Tusk|spd|1\n|move|p2b: Corviknight|Iron Head|p1a: Tatsugiri|[miss]\n|-miss|p2b: Corviknight|p1a: Tatsugiri\n|move|p1b: Dondozo|Fissure|p2a: Great Tusk\n|-enditem|p2a: Great Tusk|Focus Sash\n|-damage|p2a: Great Tusk|1\/100\n|\n|-heal|p1b: Dondozo|67\/100|[from] item: Leftovers\n|upkeep\n|turn|5\n|\n|t:|1682657103\n|move|p2a: Great Tusk|Protect|p2a: Great Tusk\n|-singleturn|p2a: Great Tusk|Protect\n|move|p1b: Dondozo|Protect|p1b: Dondozo\n|-singleturn|p1b: Dondozo|Protect\n|move|p2b: Corviknight|Iron Head|p1b: Dondozo\n|-activate|p1b: Dondozo|move: Protect\n|\n|-heal|p1b: Dondozo|73\/100|[from] item: Leftovers\n|-sideend|p2: pentagonSG|move: Tailwind\n|upkeep\n|turn|6\n|\n|t:|1682657118\n|move|p2a: Great Tusk|Close Combat|p1b: Dondozo\n|-damage|p1b: Dondozo|53\/100\n|-unboost|p2a: Great Tusk|def|1\n|-unboost|p2a: Great Tusk|spd|1\n|move|p1b: Dondozo|Fissure|p2a: Great Tusk\n|-damage|p2a: Great Tusk|0 fnt\n|faint|p2a: Great Tusk\n|-end|p2a: Great Tusk|Protosynthesis|[silent]\n|-ohko\n|move|p2b: Corviknight|Taunt|p1b: Dondozo\n|-start|p1b: Dondozo|move: Taunt\n|\n|-heal|p1b: Dondozo|59\/100|[from] item: Leftovers\n|upkeep\n|\n|t:|1682657141\n|switch|p2a: Flutter Mane|Flutter Mane, L50|100\/100\n|-enditem|p2a: Flutter Mane|Booster Energy\n|-activate|p2a: Flutter Mane|ability: Protosynthesis|[fromitem]\n|-start|p2a: Flutter Mane|protosynthesisspe\n|turn|7\n|\n|t:|1682657150\n|move|p2a: Flutter Mane|Protect|p2a: Flutter Mane\n|-singleturn|p2a: Flutter Mane|Protect\n|move|p1b: Dondozo|Fissure|p2a: Flutter Mane\n|-activate|p2a: Flutter Mane|move: Protect\n|move|p2b: Corviknight|Iron Head|p1b: Dondozo\n|-resisted|p1b: Dondozo\n|-damage|p1b: Dondozo|52\/100\n|\n|-heal|p1b: Dondozo|58\/100|[from] item: Leftovers\n|upkeep\n|turn|8\n|\n|t:|1682657161\n|move|p2a: Flutter Mane|Thunderbolt|p1b: Dondozo\n|-supereffective|p1b: Dondozo\n|-damage|p1b: Dondozo|37\/100\n|move|p1b: Dondozo|Fissure|p2a: Flutter Mane\n|-damage|p2a: Flutter Mane|0 fnt\n|faint|p2a: Flutter Mane\n|-end|p2a: Flutter Mane|Protosynthesis|[silent]\n|-ohko\n|move|p2b: Corviknight|Iron Head|p1b: Dondozo\n|-resisted|p1b: Dondozo\n|-damage|p1b: Dondozo|30\/100\n|\n|-heal|p1b: Dondozo|37\/100|[from] item: Leftovers\n|upkeep\n|-message|pentagonSG forfeited.\n|\n|win|MareeohYT\n|raw|MareeohYT's rating: 1700 → 1717<\/strong> (+17 for winning)\n|raw|pentagonSG's rating: 1653 → 1636<\/strong> (-17 for losing)\n|l|\u2606pentagonSG\n","uploadtime":1682657174,"views":8,"p1id":"mareeohyt","p2id":"pentagonsg","formatid":"gen9vgc2023regulationc","rating":1636,"private":0,"password":""}