{"id":"gen9vgc2023regulationc-1845283178","p1":"BetoArvizu93","p2":"Lumina7","format":"[Gen 9] VGC 2023 Regulation C","log":"|j|\u2606BetoArvizu93\n|j|\u2606Lumina7\n|t:|1681707350\n|gametype|doubles\n|player|p1|BetoArvizu93|pokemonbreederf-gen4|1044\n|player|p2|Lumina7|jasmine|1056\n|teamsize|p1|6\n|teamsize|p2|6\n|gen|9\n|tier|[Gen 9] VGC 2023 Regulation C\n|rated|\n|rule|Species Clause: Limit one of each Pok\u00e9mon\n|rule|Item Clause: Limit one of each item\n|clearpoke\n|poke|p1|Muk, L50, M|\n|poke|p1|Flutter Mane, L50|\n|poke|p1|Chien-Pao, L50|\n|poke|p1|Talonflame, L50, M|\n|poke|p1|Garchomp, L50, F|\n|poke|p1|Iron Hands, L50|\n|poke|p2|Iron Bundle, L50|\n|poke|p2|Ting-Lu, L50|\n|poke|p2|Chi-Yu, L50|\n|poke|p2|Grimmsnarl, L50, M|\n|poke|p2|Flutter Mane, L50|\n|poke|p2|Palafin, L50, F|\n|teampreview|4\n|inactive|Battle timer is ON: inactive players will automatically lose when time's up. (requested by Lumina7)\n|\n|t:|1681707371\n|start\n|switch|p1a: Muk|Muk, L50, M|100\/100\n|switch|p1b: Iron Hands|Iron Hands, L50|100\/100\n|switch|p2a: Iron Bundle|Iron Bundle, L50|100\/100\n|switch|p2b: Flutter Mane|Flutter Mane, L50|100\/100\n|-enditem|p2a: Iron Bundle|Booster Energy\n|-activate|p2a: Iron Bundle|ability: Quark Drive|[fromitem]\n|-start|p2a: Iron Bundle|quarkdrivespe\n|turn|1\n|\n|t:|1681707383\n|move|p1b: Iron Hands|Fake Out|p2a: Iron Bundle\n|-damage|p2a: Iron Bundle|80\/100\n|cant|p2a: Iron Bundle|flinch\n|move|p2b: Flutter Mane|Dazzling Gleam|p1a: Muk|[spread] p1a,p1b\n|-resisted|p1a: Muk\n|-supereffective|p1b: Iron Hands\n|-damage|p1a: Muk|83\/100\n|-damage|p1b: Iron Hands|56\/100\n|-damage|p2b: Flutter Mane|90\/100|[from] item: Life Orb\n|move|p1a: Muk|Curse|p1a: Muk\n|-unboost|p1a: Muk|spe|1\n|-boost|p1a: Muk|atk|1\n|-boost|p1a: Muk|def|1\n|\n|-heal|p1a: Muk|89\/100|[from] item: Black Sludge\n|upkeep\n|turn|2\n|\n|t:|1681707404\n|move|p2a: Iron Bundle|Hydro Pump|p1a: Muk\n|-damage|p1a: Muk|37\/100\n|move|p2b: Flutter Mane|Dazzling Gleam|p1b: Iron Hands|[spread] p1a,p1b\n|-resisted|p1a: Muk\n|-supereffective|p1b: Iron Hands\n|-damage|p1a: Muk|20\/100\n|-damage|p1b: Iron Hands|16\/100\n|-damage|p2b: Flutter Mane|80\/100|[from] item: Life Orb\n|move|p1b: Iron Hands|Volt Switch|p2b: Flutter Mane\n|-crit|p2b: Flutter Mane\n|-damage|p2b: Flutter Mane|60\/100\n|\n|t:|1681707417\n|-end|p1b: Iron Hands|Quark Drive|[silent]\n|switch|p1b: Chien-Pao|Chien-Pao, L50|100\/100|[from] Volt Switch\n|-ability|p1b: Chien-Pao|Sword of Ruin\n|move|p1a: Muk|Drain Punch|p2a: Iron Bundle\n|-supereffective|p2a: Iron Bundle\n|-damage|p2a: Iron Bundle|0 fnt\n|-heal|p1a: Muk|45\/100|[from] drain|[of] p2a: Iron Bundle\n|faint|p2a: Iron Bundle\n|-end|p2a: Iron Bundle|Quark Drive|[silent]\n|\n|-heal|p1a: Muk|51\/100|[from] item: Black Sludge\n|upkeep\n|\n|t:|1681707428\n|switch|p2a: Ting-Lu|Ting-Lu, L50|100\/100\n|-ability|p2a: Ting-Lu|Vessel of Ruin\n|turn|3\n|\n|t:|1681707437\n|move|p2b: Flutter Mane|Protect|p2b: Flutter Mane\n|-singleturn|p2b: Flutter Mane|Protect\n|move|p1a: Muk|Protect|p1a: Muk\n|-singleturn|p1a: Muk|Protect\n|move|p1b: Chien-Pao|Ice Spinner|p2a: Ting-Lu\n|-supereffective|p2a: Ting-Lu\n|-damage|p2a: Ting-Lu|54\/100\n|move|p2a: Ting-Lu|Stomping Tantrum|p1a: Muk\n|-activate|p1a: Muk|move: Protect\n|\n|-heal|p1a: Muk|57\/100|[from] item: Black Sludge\n|upkeep\n|turn|4\n|\n|t:|1681707454\n|-terastallize|p1a: Muk|Flying\n|move|p1b: Chien-Pao|Sucker Punch|p2b: Flutter Mane\n|-damage|p2b: Flutter Mane|0 fnt\n|faint|p2b: Flutter Mane\n|-end|p2b: Flutter Mane|Protosynthesis|[silent]\n|move|p1a: Muk|Drain Punch|p2a: Ting-Lu\n|-supereffective|p2a: Ting-Lu\n|-damage|p2a: Ting-Lu|11\/100\n|-heal|p1a: Muk|84\/100|[from] drain|[of] p2a: Ting-Lu\n|-status|p2a: Ting-Lu|psn|[from] ability: Poison Touch|[of] p1a: Muk\n|move|p2a: Ting-Lu|Stomping Tantrum|p1a: Muk\n|-immune|p1a: Muk\n|\n|-damage|p1a: Muk|72\/100|[from] item: Black Sludge\n|-damage|p2a: Ting-Lu|0 fnt|[from] psn\n|faint|p2a: Ting-Lu\n|upkeep\n|\n|t:|1681707458\n|switch|p2b: Chi-Yu|Chi-Yu, L50|100\/100\n|-ability|p2b: Chi-Yu|Beads of Ruin\n|turn|5\n|\n|t:|1681707480\n|move|p1b: Chien-Pao|Sacred Sword|p2b: Chi-Yu\n|-supereffective|p2b: Chi-Yu\n|-damage|p2b: Chi-Yu|0 fnt\n|faint|p2b: Chi-Yu\n|\n|win|BetoArvizu93\n|raw|BetoArvizu93's rating: 1044 → 1079<\/strong> (+35 for winning)\n|raw|Lumina7's rating: 1056 → 1037<\/strong> (-19 for losing)\n|l|\u2606Lumina7\n","uploadtime":1681707493,"views":10,"p1id":"betoarvizu93","p2id":"lumina7","formatid":"gen9vgc2023regulationc","rating":1037,"private":0,"password":""}