{"id":"gen9vgc2023regulationc-1861440547","p1":"massi26","p2":"YucaPol","format":"[Gen 9] VGC 2023 Regulation C","log":"|j|\u2606massi26\n|j|\u2606YucaPol\n|t:|1683758187\n|gametype|doubles\n|player|p1|massi26|101|1310\n|player|p2|YucaPol|steven|1200\n|teamsize|p1|6\n|teamsize|p2|6\n|gen|9\n|tier|[Gen 9] VGC 2023 Regulation C\n|rated|\n|rule|Species Clause: Limit one of each Pok\u00e9mon\n|rule|Item Clause: Limit one of each item\n|clearpoke\n|poke|p1|Palafin, L50, M|\n|poke|p1|Flutter Mane, L50|\n|poke|p1|Arcanine, L50, F|\n|poke|p1|Amoonguss, L50, F|\n|poke|p1|Ting-Lu, L50|\n|poke|p1|Roaring Moon, L50|\n|poke|p2|Murkrow, L50, M|\n|poke|p2|Toxtricity, L50, F|\n|poke|p2|Flutter Mane, L50|\n|poke|p2|Kingambit, L50, F|\n|poke|p2|Great Tusk, L50|\n|poke|p2|Indeedee-F, L50, F|\n|teampreview|4\n|\n|t:|1683758256\n|start\n|switch|p1a: Amoonguss|Amoonguss, L50, F|100\/100\n|switch|p1b: Palafin|Palafin, L50, M|100\/100\n|switch|p2a: Gogo|Toxtricity, L50, F|100\/100\n|switch|p2b: Brujito|Murkrow, L50, M|100\/100\n|turn|1\n|\n|t:|1683758270\n|detailschange|p1b: Palafin|Palafin-Hero, L50, M\n|switch|p1b: Flutter Mane|Flutter Mane, L50|100\/100\n|move|p2b: Brujito|Taunt|p1a: Amoonguss\n|-start|p1a: Amoonguss|move: Taunt\n|move|p2a: Gogo|Substitute|p2a: Gogo\n|-start|p2a: Gogo|Substitute\n|-damage|p2a: Gogo|76\/100\n|cant|p1a: Amoonguss|move: Taunt|Spore\n|\n|upkeep\n|turn|2\n|\n|t:|1683758306\n|move|p2b: Brujito|Tailwind|p2b: Brujito\n|-sidestart|p2: YucaPol|move: Tailwind\n|move|p2a: Gogo|Overdrive|p1b: Flutter Mane|[spread] p1a,p1b\n|-resisted|p1a: Amoonguss\n|-damage|p1a: Amoonguss|85\/100\n|-damage|p1b: Flutter Mane|58\/100\n|-enditem|p2a: Gogo|Throat Spray\n|-boost|p2a: Gogo|spa|1|[from] item: Throat Spray\n|move|p1b: Flutter Mane|Dazzling Gleam|p2a: Gogo|[spread] p2a,p2b\n|-resisted|p2a: Gogo\n|-end|p2a: Gogo|Substitute\n|-supereffective|p2b: Brujito\n|-damage|p2b: Brujito|0 fnt\n|faint|p2b: Brujito\n|move|p1a: Amoonguss|Pollen Puff|p1b: Flutter Mane\n|-heal|p1b: Flutter Mane|100\/100\n|\n|upkeep\n|\n|t:|1683758323\n|switch|p2b: Karmesi|Flutter Mane, L50|100\/100\n|-enditem|p2b: Karmesi|Booster Energy\n|-activate|p2b: Karmesi|ability: Protosynthesis|[fromitem]\n|-start|p2b: Karmesi|protosynthesisspa\n|turn|3\n|\n|t:|1683758373\n|move|p2b: Karmesi|Psyshock|p1a: Amoonguss\n|-supereffective|p1a: Amoonguss\n|-damage|p1a: Amoonguss|21\/100\n|-enditem|p1a: Amoonguss|Sitrus Berry|[eat]\n|-heal|p1a: Amoonguss|46\/100|[from] item: Sitrus Berry\n|move|p2a: Gogo|Overdrive|p1a: Amoonguss|[spread] p1a,p1b\n|-resisted|p1a: Amoonguss\n|-crit|p1b: Flutter Mane\n|-damage|p1a: Amoonguss|22\/100\n|-damage|p1b: Flutter Mane|4\/100\n|move|p1b: Flutter Mane|Dazzling Gleam|p2b: Karmesi|[spread] p2a,p2b\n|-resisted|p2a: Gogo\n|-damage|p2a: Gogo|42\/100\n|-damage|p2b: Karmesi|58\/100\n|move|p1a: Amoonguss|Pollen Puff|p2b: Karmesi\n|-resisted|p2b: Karmesi\n|-damage|p2b: Karmesi|54\/100\n|\n|-end|p1a: Amoonguss|move: Taunt\n|upkeep\n|turn|4\n|\n|t:|1683758406\n|move|p1a: Amoonguss|Protect|p1a: Amoonguss\n|-singleturn|p1a: Amoonguss|Protect\n|move|p2b: Karmesi|Dazzling Gleam|p1b: Flutter Mane|[spread] p1b\n|-activate|p1a: Amoonguss|move: Protect\n|-damage|p1b: Flutter Mane|0 fnt\n|faint|p1b: Flutter Mane\n|-end|p1b: Flutter Mane|Protosynthesis|[silent]\n|move|p2a: Gogo|Substitute|p2a: Gogo\n|-start|p2a: Gogo|Substitute\n|-damage|p2a: Gogo|17\/100\n|\n|upkeep\n|\n|t:|1683758423\n|switch|p1b: Roaring Moon|Roaring Moon, L50|100\/100\n|-enditem|p1b: Roaring Moon|Booster Energy\n|-activate|p1b: Roaring Moon|ability: Protosynthesis|[fromitem]\n|-start|p1b: Roaring Moon|protosynthesisatk\n|turn|5\n|\n|t:|1683758440\n|move|p1b: Roaring Moon|Protect|p1b: Roaring Moon\n|-singleturn|p1b: Roaring Moon|Protect\n|move|p2b: Karmesi|Dazzling Gleam|p1a: Amoonguss|[spread] p1a\n|-activate|p1b: Roaring Moon|move: Protect\n|-resisted|p1a: Amoonguss\n|-damage|p1a: Amoonguss|5\/100\n|move|p2a: Gogo|Boomburst|p1b: Roaring Moon|[spread] p1a\n|-activate|p1b: Roaring Moon|move: Protect\n|-immune|p2b: Karmesi\n|-damage|p1a: Amoonguss|0 fnt\n|faint|p1a: Amoonguss\n|\n|-sideend|p2: YucaPol|move: Tailwind\n|upkeep\n|\n|t:|1683758452\n|switch|p1a: Palafin|Palafin-Hero, L50, M|100\/100\n|-activate|p1a: Palafin|ability: Zero to Hero\n|turn|6\n|\n|t:|1683758486\n|-terastallize|p2a: Gogo|Normal\n|move|p1a: Palafin|Jet Punch|p2b: Karmesi\n|-damage|p2b: Karmesi|0 fnt\n|faint|p2b: Karmesi\n|-end|p2b: Karmesi|Protosynthesis|[silent]\n|move|p1b: Roaring Moon|Throat Chop|p2a: Gogo\n|-end|p2a: Gogo|Substitute\n|move|p2a: Gogo|Boomburst|p1a: Palafin|[spread] p1a,p1b\n|-damage|p1a: Palafin|5\/100\n|-damage|p1b: Roaring Moon|0 fnt\n|faint|p1b: Roaring Moon\n|-end|p1b: Roaring Moon|Protosynthesis|[silent]\n|\n|upkeep\n|\n|t:|1683758497\n|switch|p2b: Killer|Great Tusk, L50|100\/100\n|turn|7\n|\n|t:|1683758502\n|move|p2b: Killer|Headlong Rush|p1a: Palafin\n|-damage|p1a: Palafin|0 fnt\n|-unboost|p2b: Killer|def|1\n|-unboost|p2b: Killer|spd|1\n|faint|p1a: Palafin\n|\n|win|YucaPol\n|raw|massi26's rating: 1310 → 1284<\/strong> (-26 for losing)\n|raw|YucaPol's rating: 1200 → 1233<\/strong> (+33 for winning)\n|l|\u2606massi26\n","uploadtime":1683758510,"views":7,"p1id":"massi26","p2id":"yucapol","formatid":"gen9vgc2023regulationc","rating":1233,"private":0,"password":""}