{"id":"gen9vgc2023regulationc-1849168786","p1":"AverageKarp Setup","p2":"Sibiiiiiii","format":"[Gen 9] VGC 2023 Regulation C","log":"|j|\u2606AverageKarp Setup\n|j|\u2606Sibiiiiiii\n|t:|1682167534\n|gametype|doubles\n|player|p1|AverageKarp Setup|iris-gen5bw2|\n|player|p2|Sibiiiiiii|riley|\n|teamsize|p1|6\n|teamsize|p2|6\n|gen|9\n|tier|[Gen 9] VGC 2023 Regulation C\n|rated|Tournament battle\n|rule|Species Clause: Limit one of each Pok\u00e9mon\n|rule|Item Clause: Limit one of each item\n|clearpoke\n|poke|p1|Grimmsnarl, L50, M|\n|poke|p1|Flutter Mane, L50|\n|poke|p1|Chi-Yu, L50|\n|poke|p1|Gyarados, L50, M|\n|poke|p1|Amoonguss, L50, M|\n|poke|p1|Iron Hands, L50|\n|poke|p2|Cetitan, L50, M|\n|poke|p2|Amoonguss, L50, F|\n|poke|p2|Iron Hands, L50|\n|poke|p2|Arcanine, L50, M|\n|poke|p2|Murkrow, L50, M|\n|poke|p2|Great Tusk, L50|\n|teampreview|4\n|raw| Open Team Sheet for AverageKarp Setup<\/summary>Grimmsnarl (M) @ Light Clay Ability: Prankster Level: 50 Tera Type: Steel - Light Screen - Reflect - Thunder Wave - Spirit Break Flutter Mane @ Booster Energy Ability: Protosynthesis Level: 50 Tera Type: Fairy - Dazzling Gleam - Shadow Ball - Protect - Taunt Chi-Yu @ Focus Sash Ability: Beads of Ruin Level: 50 Tera Type: Grass - Heat Wave - Dark Pulse - Nasty Plot - Protect Gyarados @ Clear Amulet Ability: Intimidate Level: 50 Tera Type: Flying - Waterfall - Tera Blast - Protect - Dragon Dance Fry Up (Amoonguss) @ Aguav Berry Ability: Regenerator Level: 50 Tera Type: Water - Spore - Rage Powder - Clear Smog - Pollen Puff Iron Hands @ Assault Vest Ability: Quark Drive Level: 50 Tera Type: Grass - Drain Punch - Wild Charge - Heavy Slam - Fake Out <\/details><\/div> Open Team Sheet for Sibiiiiiii<\/summary>tu mama (Cetitan) @ Life Orb Ability: Sheer Force Level: 50 Tera Type: Water - Liquidation - Play Rough - Icicle Crash - Protect Amoonguss @ Sitrus Berry Ability: Regenerator Level: 50 Tera Type: Water - Pollen Puff - Spore - Rage Powder - Protect gordo teton (Iron Hands) @ Assault Vest Ability: Quark Drive Level: 50 Tera Type: Grass - Drain Punch - Wild Charge - Volt Switch - Fake Out Arcanine @ Safety Goggles Ability: Intimidate Level: 50 Tera Type: Grass - Flare Blitz - Will-O-Wisp - Extreme Speed - Protect Murkrow @ Eviolite Ability: Prankster Level: 50 Tera Type: Ghost - Foul Play - Tailwind - Haze - Protect Great Tusk @ Choice Scarf Ability: Protosynthesis Level: 50 Hidden Power: Fighting Tera Type: Steel - Iron Head - Close Combat - Headlong Rush - Rock Slide <\/details><\/div>\n|inactive|Battle timer is ON: inactive players will automatically lose when time's up. (requested by AverageKarp Setup)\n|inactive|Sibiiiiiii also wants the timer to be on.\n|j|%Aldrich\n|c|\u2606AverageKarp Setup|glhf\n|j| XD VIRGO\n|c|\u2606Sibiiiiiii|glhf\n|j|+TheLoanRanger\n|inactive|AverageKarp Setup has 60 seconds left.\n|inactive|Sibiiiiiii has 60 seconds left.\n|j| muddyswamppert\n|\n|t:|1682167592\n|start\n|switch|p1a: Grimmsnarl|Grimmsnarl, L50, M|100\/100\n|switch|p1b: Chi-Yu|Chi-Yu, L50|100\/100\n|switch|p2a: Murkrow|Murkrow, L50, M|100\/100\n|switch|p2b: gordo teton|Iron Hands, L50|100\/100\n|-ability|p1b: Chi-Yu|Beads of Ruin\n|turn|1\n|j| esotilin123456\n|\n|t:|1682167611\n|move|p1b: Chi-Yu|Protect|p1b: Chi-Yu\n|-singleturn|p1b: Chi-Yu|Protect\n|move|p2b: gordo teton|Fake Out|p1a: Grimmsnarl\n|-damage|p1a: Grimmsnarl|79\/100\n|move|p2a: Murkrow|Tailwind|p2a: Murkrow\n|-sidestart|p2: Sibiiiiiii|move: Tailwind\n|cant|p1a: Grimmsnarl|flinch\n|\n|upkeep\n|turn|2\n|\n|t:|1682167627\n|switch|p1b: Flutter Mane|Flutter Mane, L50|100\/100\n|-enditem|p1b: Flutter Mane|Booster Energy\n|-activate|p1b: Flutter Mane|ability: Protosynthesis|[fromitem]\n|-start|p1b: Flutter Mane|protosynthesisspa\n|move|p1a: Grimmsnarl|Reflect|p1a: Grimmsnarl\n|-sidestart|p1: AverageKarp Setup|Reflect\n|move|p2a: Murkrow|Foul Play|p1b: Flutter Mane\n|-damage|p1b: Flutter Mane|87\/100\n|move|p2b: gordo teton|Drain Punch|p1b: Flutter Mane\n|-immune|p1b: Flutter Mane\n|\n|upkeep\n|turn|3\n|j| krangune\u2764\n|c| esotilin123456|showdown invitational!!!!!!!!!!!!!\n|c| krangune\u2764|invitational finals lets go!!\n|inactive|AverageKarp Setup has 30 seconds left.\n|inactive|Sibiiiiiii has 30 seconds left.\n|inactive|Sibiiiiiii has 20 seconds left.\n|\n|t:|1682167662\n|switch|p2a: tu mama|Cetitan, L50, M|100\/100\n|-end|p2b: gordo teton|Quark Drive|[silent]\n|switch|p2b: Arcanine|Arcanine, L50, M|100\/100\n|-ability|p2b: Arcanine|Intimidate|boost\n|-unboost|p1a: Grimmsnarl|atk|1\n|-unboost|p1b: Flutter Mane|atk|1\n|move|p1b: Flutter Mane|Dazzling Gleam|p2a: tu mama|[spread] p2a,p2b\n|-resisted|p2b: Arcanine\n|-damage|p2a: tu mama|60\/100\n|-damage|p2b: Arcanine|83\/100\n|move|p1a: Grimmsnarl|Spirit Break|p2a: tu mama\n|-damage|p2a: tu mama|41\/100\n|-unboost|p2a: tu mama|spa|1\n|\n|upkeep\n|turn|4\n|j|%Therazer456\n|\n|t:|1682167682\n|switch|p2b: gordo teton|Iron Hands, L50|100\/100\n|-terastallize|p2a: tu mama|Water\n|-terastallize|p1b: Flutter Mane|Fairy\n|move|p1a: Grimmsnarl|Thunder Wave|p2b: gordo teton\n|-immune|p2b: gordo teton\n|move|p2a: tu mama|Liquidation|p1b: Flutter Mane\n|-damage|p1b: Flutter Mane|17\/100\n|move|p1b: Flutter Mane|Dazzling Gleam|p2a: tu mama|[spread] p2a,p2b\n|-supereffective|p2b: gordo teton\n|-damage|p2a: tu mama|0 fnt\n|-damage|p2b: gordo teton|38\/100\n|faint|p2a: tu mama\n|\n|-sideend|p2: Sibiiiiiii|move: Tailwind\n|upkeep\n|l| esotilin123456\n|\n|t:|1682167694\n|switch|p2a: Arcanine|Arcanine, L50, M|83\/100\n|-ability|p2a: Arcanine|Intimidate|boost\n|-unboost|p1a: Grimmsnarl|atk|1\n|-unboost|p1b: Flutter Mane|atk|1\n|turn|5\n|c|\u2606Sibiiiiiii|sadge\n|\n|t:|1682167709\n|move|p1b: Flutter Mane|Protect|p1b: Flutter Mane\n|-singleturn|p1b: Flutter Mane|Protect\n|move|p2a: Arcanine|Extreme Speed|p1b: Flutter Mane\n|-activate|p1b: Flutter Mane|move: Protect\n|move|p1a: Grimmsnarl|Thunder Wave|p2a: Arcanine\n|-status|p2a: Arcanine|par\n|move|p2b: gordo teton|Drain Punch|p1a: Grimmsnarl\n|-damage|p1a: Grimmsnarl|41\/100\n|-heal|p2b: gordo teton|55\/100|[from] drain|[of] p1a: Grimmsnarl\n|\n|upkeep\n|turn|6\n|c|\u2606Sibiiiiiii|the reflect won :(\n|c|\u2606AverageKarp Setup|its the bulkiest mane i could find aswell lol\n|c|\u2606Sibiiiiiii|xddd\n|inactive|AverageKarp Setup has 30 seconds left.\n|\n|t:|1682167735\n|-end|p1b: Flutter Mane|Protosynthesis|[silent]\n|switch|p1b: Gyarados|Gyarados, L50, M|100\/100\n|-ability|p1b: Gyarados|Intimidate|boost\n|-unboost|p2a: Arcanine|atk|1\n|-unboost|p2b: gordo teton|atk|1\n|cant|p2a: Arcanine|par\n|move|p1a: Grimmsnarl|Spirit Break|p2b: gordo teton\n|-supereffective|p2b: gordo teton\n|-damage|p2b: gordo teton|31\/100\n|-unboost|p2b: gordo teton|spa|1\n|move|p2b: gordo teton|Drain Punch|p1a: Grimmsnarl\n|-damage|p1a: Grimmsnarl|18\/100\n|-heal|p2b: gordo teton|42\/100|[from] drain|[of] p1a: Grimmsnarl\n|\n|upkeep\n|turn|7\n|c|%Aldrich|oO\n|c|\u2606Sibiiiiiii|the cetitan with sheer and lo hits a lot\n|j| Sir.Ghandin\n|inactive|AverageKarp Setup has 30 seconds left.\n|\n|t:|1682167763\n|move|p1b: Gyarados|Protect|p1b: Gyarados\n|-singleturn|p1b: Gyarados|Protect\n|move|p2a: Arcanine|Extreme Speed|p1a: Grimmsnarl\n|-crit|p1a: Grimmsnarl\n|-damage|p1a: Grimmsnarl|0 fnt\n|faint|p1a: Grimmsnarl\n|move|p2b: gordo teton|Wild Charge|p1b: Gyarados\n|-activate|p1b: Gyarados|move: Protect\n|\n|upkeep\n|c|\u2606AverageKarp Setup|THE CRIT\n|\n|t:|1682167776\n|switch|p1a: Chi-Yu|Chi-Yu, L50|100\/100\n|-ability|p1a: Chi-Yu|Beads of Ruin\n|turn|8\n|j| Eldegoss32\n|\n|t:|1682167799\n|switch|p2a: Murkrow|Murkrow, L50, M|100\/100\n|move|p1a: Chi-Yu|Heat Wave|p2a: Murkrow|[spread] p2a\n|-miss|p1a: Chi-Yu|p2b: gordo teton\n|-damage|p2a: Murkrow|51\/100\n|move|p1b: Gyarados|Waterfall|p2a: Murkrow\n|-damage|p2a: Murkrow|11\/100\n|move|p2b: gordo teton|Wild Charge|p1b: Gyarados\n|-supereffective|p1b: Gyarados\n|-damage|p1b: Gyarados|0 fnt\n|faint|p1b: Gyarados\n|-damage|p2b: gordo teton|21\/100|[from] Recoil\n|\n|upkeep\n|l| Eldegoss32\n|\n|t:|1682167812\n|switch|p1b: Flutter Mane|Flutter Mane, L50, tera:Fairy|17\/100\n|turn|9\n|\n|t:|1682167836\n|move|p2a: Murkrow|Protect|p2a: Murkrow\n|-singleturn|p2a: Murkrow|Protect\n|move|p1a: Chi-Yu|Heat Wave|p2b: gordo teton|[spread] p2b\n|-activate|p2a: Murkrow|move: Protect\n|-damage|p2b: gordo teton|0 fnt\n|faint|p2b: gordo teton\n|-end|p2b: gordo teton|Quark Drive|[silent]\n|move|p1b: Flutter Mane|Dazzling Gleam|p2a: Murkrow\n|-activate|p2a: Murkrow|move: Protect\n|\n|-sideend|p1: AverageKarp Setup|Reflect\n|upkeep\n|\n|t:|1682167844\n|switch|p2b: Arcanine|Arcanine, L50, M|83\/100 par\n|-ability|p2b: Arcanine|Intimidate|boost\n|-unboost|p1a: Chi-Yu|atk|1\n|-unboost|p1b: Flutter Mane|atk|1\n|turn|10\n|c|\u2606AverageKarp Setup|gg wp\n|inactive|Sibiiiiiii has 30 seconds left.\n|\n|t:|1682167873\n|move|p1b: Flutter Mane|Protect|p1b: Flutter Mane\n|-singleturn|p1b: Flutter Mane|Protect\n|move|p2b: Arcanine|Extreme Speed|p1a: Chi-Yu\n|-damage|p1a: Chi-Yu|67\/100\n|move|p2a: Murkrow|Tailwind|p2a: Murkrow\n|-sidestart|p2: Sibiiiiiii|move: Tailwind\n|move|p1a: Chi-Yu|Dark Pulse|p2b: Arcanine\n|-damage|p2b: Arcanine|29\/100 par\n|\n|upkeep\n|turn|11\n|\n|t:|1682167887\n|move|p2b: Arcanine|Extreme Speed|p1b: Flutter Mane\n|-damage|p1b: Flutter Mane|0 fnt\n|faint|p1b: Flutter Mane\n|-end|p1b: Flutter Mane|Protosynthesis|[silent]\n|move|p2a: Murkrow|Foul Play|p1a: Chi-Yu\n|-resisted|p1a: Chi-Yu\n|-damage|p1a: Chi-Yu|55\/100\n|move|p1a: Chi-Yu|Dark Pulse|p2b: Arcanine\n|-damage|p2b: Arcanine|0 fnt\n|faint|p2b: Arcanine\n|\n|upkeep\n|turn|12\n|j| esotilin123456\n|j| gastero\n|c|\u2606Sibiiiiiii|gg\n|\n|t:|1682167900\n|move|p2a: Murkrow|Foul Play|p1a: Chi-Yu\n|-resisted|p1a: Chi-Yu\n|-damage|p1a: Chi-Yu|44\/100\n|move|p1a: Chi-Yu|Dark Pulse|p2a: Murkrow\n|-resisted|p2a: Murkrow\n|-damage|p2a: Murkrow|0 fnt\n|faint|p2a: Murkrow\n|\n|win|AverageKarp Setup\n|n|\u2606AverageKarp Setup|averagekarpsetup\n|n|\u2606Sibiiiiiii|sibiiiiiii\n|n| Aldrich|aldrich\n|n| XD VIRGO|xdvirgo\n|n| TheLoanRanger|theloanranger\n|n| muddyswamppert|muddyswamppert\n|n| krangune\u2764|krangune\n|n| Therazer456|therazer456\n|n| Sir.Ghandin|sirghandin\n|n| esotilin123456|esotilin123456\n|n| gastero|gastero\n","uploadtime":1682167901,"views":7,"p1id":"averagekarpsetup","p2id":"sibiiiiiii","formatid":"gen9vgc2023regulationc","rating":0,"private":0,"password":""}