{"id":"gen9vgc2023regulationc-1856198948","p1":"CaipisaurusRex","p2":"Breakaway97","format":"[Gen 9] VGC 2023 Regulation C","log":"|j|\u2606CaipisaurusRex\n|j|\u2606Breakaway97\n|t:|1683039954\n|gametype|doubles\n|player|p1|CaipisaurusRex|170|1418\n|player|p2|Breakaway97|cynthia-gen4|1517\n|teamsize|p1|6\n|teamsize|p2|6\n|gen|9\n|tier|[Gen 9] VGC 2023 Regulation C\n|rated|\n|rule|Species Clause: Limit one of each Pok\u00e9mon\n|rule|Item Clause: Limit one of each item\n|clearpoke\n|poke|p1|Dondozo, L50, M|\n|poke|p1|Tatsugiri, L50, F|\n|poke|p1|Flutter Mane, L50|\n|poke|p1|Orthworm, L50, M|\n|poke|p1|Chi-Yu, L50|\n|poke|p1|Talonflame, L50, F|\n|poke|p2|Chien-Pao, L50|\n|poke|p2|Dragonite, L50, F|\n|poke|p2|Talonflame, L50, M|\n|poke|p2|Flutter Mane, L50|\n|poke|p2|Great Tusk, L50|\n|poke|p2|Gyarados, L50, F|\n|teampreview|4\n|\n|t:|1683039980\n|start\n|switch|p1a: Flutter Mane|Flutter Mane, L50|100\/100\n|switch|p1b: Talonflame|Talonflame, L50, F|100\/100\n|switch|p2a: Talonflame|Talonflame, L50, M|100\/100\n|switch|p2b: Gyarados|Gyarados, L50, F|100\/100\n|-ability|p2b: Gyarados|Intimidate|boost\n|-unboost|p1a: Flutter Mane|atk|1\n|-unboost|p1b: Talonflame|atk|1\n|-enditem|p1a: Flutter Mane|Booster Energy\n|-activate|p1a: Flutter Mane|ability: Protosynthesis|[fromitem]\n|-start|p1a: Flutter Mane|protosynthesisspa\n|turn|1\n|inactive|Battle timer is ON: inactive players will automatically lose when time's up. (requested by CaipisaurusRex)\n|\n|t:|1683040050\n|move|p1a: Flutter Mane|Protect|p1a: Flutter Mane\n|-singleturn|p1a: Flutter Mane|Protect\n|move|p2a: Talonflame|Tailwind|p2a: Talonflame\n|-sidestart|p2: Breakaway97|move: Tailwind\n|move|p2b: Gyarados|Thunder Wave|p1a: Flutter Mane\n|-activate|p1a: Flutter Mane|move: Protect\n|move|p1b: Talonflame|Taunt|p2b: Gyarados\n|-start|p2b: Gyarados|move: Taunt\n|\n|upkeep\n|turn|2\n|\n|t:|1683040071\n|-end|p1a: Flutter Mane|Protosynthesis|[silent]\n|switch|p1a: Tatsugiri|Tatsugiri, L50, F|100\/100\n|move|p2a: Talonflame|Brave Bird|p1b: Talonflame\n|-damage|p1b: Talonflame|20\/100\n|-damage|p2a: Talonflame|73\/100|[from] Recoil\n|move|p2b: Gyarados|Waterfall|p1a: Tatsugiri\n|-activate|p1a: Tatsugiri|ability: Storm Drain\n|-ability|p1a: Tatsugiri|Storm Drain|boost\n|-boost|p1a: Tatsugiri|spa|1\n|move|p1b: Talonflame|Tailwind|p1b: Talonflame\n|-sidestart|p1: CaipisaurusRex|move: Tailwind\n|\n|upkeep\n|turn|3\n|inactive|CaipisaurusRex has 30 seconds left.\n|inactive|Breakaway97 has 30 seconds left.\n|inactive|CaipisaurusRex has 20 seconds left.\n|\n|t:|1683040108\n|move|p2a: Talonflame|Sunny Day|p2a: Talonflame\n|-weather|SunnyDay\n|move|p1b: Talonflame|Will-O-Wisp|p2b: Gyarados\n|-status|p2b: Gyarados|brn\n|move|p2b: Gyarados|Waterfall|p1a: Tatsugiri\n|-ability|p1a: Tatsugiri|Storm Drain|boost\n|-boost|p1a: Tatsugiri|spa|1\n|move|p1a: Tatsugiri|Muddy Water|p2b: Gyarados|[spread] p2a,p2b\n|-supereffective|p2a: Talonflame\n|-resisted|p2b: Gyarados\n|-damage|p2a: Talonflame|0 fnt\n|-damage|p2b: Gyarados|78\/100 brn\n|faint|p2a: Talonflame\n|\n|-weather|SunnyDay|[upkeep]\n|-damage|p2b: Gyarados|71\/100 brn|[from] brn\n|upkeep\n|\n|t:|1683040125\n|switch|p2a: Flutter Mane|Flutter Mane, L50|100\/100\n|-activate|p2a: Flutter Mane|ability: Protosynthesis\n|-start|p2a: Flutter Mane|protosynthesisspe\n|turn|4\n|\n|t:|1683040149\n|switch|p2b: Great Tusk|Great Tusk, L50|100\/100\n|-activate|p2b: Great Tusk|ability: Protosynthesis\n|-start|p2b: Great Tusk|protosynthesisatk\n|-terastallize|p2a: Flutter Mane|Fairy\n|-terastallize|p1a: Tatsugiri|Grass\n|move|p2a: Flutter Mane|Moonblast|p1b: Talonflame\n|-resisted|p1b: Talonflame\n|-crit|p1b: Talonflame\n|-damage|p1b: Talonflame|0 fnt\n|faint|p1b: Talonflame\n|move|p1a: Tatsugiri|Muddy Water|p2a: Flutter Mane|[spread] p2a\n|-miss|p1a: Tatsugiri|p2b: Great Tusk\n|-damage|p2a: Flutter Mane|46\/100\n|\n|-weather|SunnyDay|[upkeep]\n|-sideend|p2: Breakaway97|move: Tailwind\n|upkeep\n|\n|t:|1683040166\n|switch|p1b: Flutter Mane|Flutter Mane, L50|100\/100\n|-activate|p1b: Flutter Mane|ability: Protosynthesis\n|-start|p1b: Flutter Mane|protosynthesisspa\n|turn|5\n|\n|t:|1683040181\n|-end|p2b: Great Tusk|Protosynthesis|[silent]\n|switch|p2b: Gyarados|Gyarados, L50, F|71\/100 brn\n|-ability|p2b: Gyarados|Intimidate|boost\n|-unboost|p1a: Tatsugiri|atk|1\n|-unboost|p1b: Flutter Mane|atk|1\n|move|p1b: Flutter Mane|Dazzling Gleam|p2b: Gyarados|[spread] p2a,p2b\n|-damage|p2a: Flutter Mane|7\/100\n|-damage|p2b: Gyarados|32\/100 brn\n|move|p2a: Flutter Mane|Moonblast|p1a: Tatsugiri\n|-crit|p1a: Tatsugiri\n|-damage|p1a: Tatsugiri|0 fnt\n|faint|p1a: Tatsugiri\n|\n|-weather|SunnyDay|[upkeep]\n|-damage|p2b: Gyarados|25\/100 brn|[from] brn\n|-sideend|p1: CaipisaurusRex|move: Tailwind\n|upkeep\n|\n|t:|1683040193\n|switch|p1a: Orthworm|Orthworm, L50, M|100\/100\n|turn|6\n|c|\u2606CaipisaurusRex|oof, sht^^\n|inactive|Breakaway97 has 30 seconds left.\n|inactive|Breakaway97 has 20 seconds left.\n|inactive|Breakaway97 has 15 seconds left.\n|\n|t:|1683040236\n|move|p1b: Flutter Mane|Protect|p1b: Flutter Mane\n|-singleturn|p1b: Flutter Mane|Protect\n|move|p2a: Flutter Mane|Moonblast|p1b: Flutter Mane\n|-activate|p1b: Flutter Mane|move: Protect\n|move|p2b: Gyarados|Thunder Wave|p1b: Flutter Mane\n|-activate|p1b: Flutter Mane|move: Protect\n|move|p1a: Orthworm|Heavy Slam|p2a: Flutter Mane\n|-supereffective|p2a: Flutter Mane\n|-damage|p2a: Flutter Mane|0 fnt\n|faint|p2a: Flutter Mane\n|-end|p2a: Flutter Mane|Protosynthesis|[silent]\n|\n|-weather|SunnyDay|[upkeep]\n|-damage|p2b: Gyarados|19\/100 brn|[from] brn\n|upkeep\n|\n|t:|1683040253\n|switch|p2a: Great Tusk|Great Tusk, L50|100\/100\n|-activate|p2a: Great Tusk|ability: Protosynthesis\n|-start|p2a: Great Tusk|protosynthesisatk\n|turn|7\n|\n|t:|1683040268\n|move|p2a: Great Tusk|Close Combat|p1a: Orthworm\n|-supereffective|p1a: Orthworm\n|-damage|p1a: Orthworm|0 fnt\n|-unboost|p2a: Great Tusk|def|1\n|-unboost|p2a: Great Tusk|spd|1\n|faint|p1a: Orthworm\n|move|p1b: Flutter Mane|Dazzling Gleam|p2b: Gyarados|[spread] p2a,p2b\n|-supereffective|p2a: Great Tusk\n|-damage|p2a: Great Tusk|0 fnt\n|-damage|p2b: Gyarados|0 fnt\n|faint|p2a: Great Tusk\n|-end|p2a: Great Tusk|Protosynthesis|[silent]\n|faint|p2b: Gyarados\n|\n|win|CaipisaurusRex\n|raw|CaipisaurusRex's rating: 1418 → 1444<\/strong> (+26 for winning)\n|raw|Breakaway97's rating: 1517 → 1491<\/strong> (-26 for losing)\n","uploadtime":1683040290,"views":13,"p1id":"caipisaurusrex","p2id":"breakaway97","formatid":"gen9vgc2023regulationc","rating":1444,"private":0,"password":""}