{"id":"gen9vgc2023regulationc-1862273155","p1":"1vltvu eater","p2":"Thossq","format":"[Gen 9] VGC 2023 Regulation C","log":"|raw| This battle is required to be public due to a player having a name starting with '1vltvu'.<\/div>\n|j|\u26061vltvu eater\n|j|\u2606Thossq\n|t:|1683858097\n|gametype|doubles\n|player|p1|1vltvu eater|lance|1000\n|player|p2|Thossq|waiter-gen4dp|1065\n|teamsize|p1|6\n|teamsize|p2|6\n|gen|9\n|tier|[Gen 9] VGC 2023 Regulation C\n|rated|\n|rule|Species Clause: Limit one of each Pok\u00e9mon\n|rule|Item Clause: Limit one of each item\n|clearpoke\n|poke|p1|Armarouge, L50, F|\n|poke|p1|Indeedee-F, L50, F|\n|poke|p1|Garchomp, L50, F|\n|poke|p1|Hydreigon, L50, F|\n|poke|p1|Gholdengo, L50|\n|poke|p1|Murkrow, L50, M|\n|poke|p2|Spiritomb, L50, F|\n|poke|p2|Gothitelle, L50, F|\n|poke|p2|Arcanine, L50, M|\n|poke|p2|Pawmot, L50, F|\n|poke|p2|Palafin, L50, F|\n|poke|p2|Brute Bonnet, L50|\n|teampreview|4\n|inactive|Battle timer is ON: inactive players will automatically lose when time's up. (requested by 1vltvu eater)\n1vltvu eater has agreed to open team sheets.\n|\n|t:|1683858120\n|start\n|switch|p1a: Armarouge|Armarouge, L50, F, shiny|100\/100\n|switch|p1b: Indeedee|Indeedee-F, L50, F|100\/100\n|switch|p2a: Gothitelle|Gothitelle, L50, F|100\/100\n|switch|p2b: Arcanine|Arcanine, L50, M|100\/100\n|-ability|p2b: Arcanine|Intimidate|boost\n|-unboost|p1a: Armarouge|atk|1\n|-unboost|p1b: Indeedee|atk|1\n|-fieldstart|move: Psychic Terrain|[from] ability: Psychic Surge|[of] p1b: Indeedee\n|-enditem|p1b: Indeedee|Psychic Seed\n|-boost|p1b: Indeedee|spd|1|[from] item: Psychic Seed\n|turn|1\n|inactive|1vltvu eater has 30 seconds left.\n|inactive|Thossq has 30 seconds left.\n|inactive|1vltvu eater has 20 seconds left.\n|inactive|1vltvu eater has 15 seconds left.\n|inactive|1vltvu eater has 10 seconds left.\n|inactive|1vltvu eater has 5 seconds left.\n|\n|t:|1683858171\n|switch|p2b: Palafin|Palafin, L50, F|100\/100\n|move|p1b: Indeedee|Follow Me|p1b: Indeedee\n|-singleturn|p1b: Indeedee|move: Follow Me\n|move|p1a: Armarouge|Armor Cannon|p2a: Gothitelle\n|-damage|p2a: Gothitelle|47\/100\n|-unboost|p1a: Armarouge|def|1\n|-unboost|p1a: Armarouge|spd|1\n|-enditem|p2a: Gothitelle|Sitrus Berry|[eat]\n|-heal|p2a: Gothitelle|72\/100|[from] item: Sitrus Berry\n|-damage|p1a: Armarouge|91\/100|[from] item: Life Orb\n|move|p2a: Gothitelle|Psychic|p1b: Indeedee\n|-resisted|p1b: Indeedee\n|-damage|p1b: Indeedee|90\/100\n|\n|upkeep\n|turn|2\n|inactive|Thossq has 30 seconds left.\n|\n|t:|1683858204\n|detailschange|p2b: Palafin|Palafin-Hero, L50, F\n|switch|p2b: Brute Bonnet|Brute Bonnet, L50|100\/100\n|move|p1b: Indeedee|Follow Me|p1b: Indeedee\n|-singleturn|p1b: Indeedee|move: Follow Me\n|move|p1a: Armarouge|Armor Cannon|p2a: Gothitelle\n|-damage|p2a: Gothitelle|21\/100\n|-unboost|p1a: Armarouge|def|1\n|-unboost|p1a: Armarouge|spd|1\n|-damage|p1a: Armarouge|81\/100|[from] item: Life Orb\n|move|p2a: Gothitelle|Psychic|p1b: Indeedee\n|-resisted|p1b: Indeedee\n|-damage|p1b: Indeedee|82\/100\n|\n|upkeep\n|turn|3\n|inactive|1vltvu eater has 30 seconds left.\n|inactive|Thossq has 30 seconds left.\n|\n|t:|1683858233\n|-terastallize|p2b: Brute Bonnet|Fire\n|move|p2a: Gothitelle|Protect|p2a: Gothitelle\n|-singleturn|p2a: Gothitelle|Protect\n|move|p1b: Indeedee|Follow Me|p1b: Indeedee\n|-singleturn|p1b: Indeedee|move: Follow Me\n|move|p2b: Brute Bonnet|Sucker Punch||[still]\n|-fail|p2b: Brute Bonnet\n|move|p1a: Armarouge|Armor Cannon|p2a: Gothitelle\n|-activate|p2a: Gothitelle|move: Protect\n|\n|upkeep\n|turn|4\n|inactive|1vltvu eater has 30 seconds left.\n|\n|t:|1683858263\n|move|p1b: Indeedee|Follow Me|p1b: Indeedee\n|-singleturn|p1b: Indeedee|move: Follow Me\n|move|p1a: Armarouge|Expanding Force|p2b: Brute Bonnet|[spread] p2a,p2b\n|-resisted|p2a: Gothitelle\n|-damage|p2a: Gothitelle|0 fnt\n|-damage|p2b: Brute Bonnet|27\/100\n|faint|p2a: Gothitelle\n|-damage|p1a: Armarouge|71\/100|[from] item: Life Orb\n|move|p2b: Brute Bonnet|Bullet Seed|p1b: Indeedee\n|-damage|p1b: Indeedee|61\/100\n|-damage|p1b: Indeedee|42\/100\n|-damage|p1b: Indeedee|21\/100\n|-damage|p1b: Indeedee|2\/100\n|-hitcount|p1b: Indeedee|4\n|\n|upkeep\n|\n|t:|1683858279\n|switch|p2a: Palafin|Palafin-Hero, L50, F|100\/100\n|-activate|p2a: Palafin|ability: Zero to Hero\n|turn|5\n|inactive|1vltvu eater has 30 seconds left.\n|\n|t:|1683858304\n|move|p2a: Palafin|Protect|p2a: Palafin\n|-singleturn|p2a: Palafin|Protect\n|move|p1b: Indeedee|Follow Me|p1b: Indeedee\n|-singleturn|p1b: Indeedee|move: Follow Me\n|move|p1a: Armarouge|Expanding Force|p2a: Palafin|[spread] p2b\n|-activate|p2a: Palafin|move: Protect\n|-damage|p2b: Brute Bonnet|0 fnt\n|faint|p2b: Brute Bonnet\n|-end|p2b: Brute Bonnet|Protosynthesis|[silent]\n|-damage|p1a: Armarouge|61\/100|[from] item: Life Orb\n|\n|-fieldend|move: Psychic Terrain\n|upkeep\n|\n|t:|1683858314\n|switch|p2b: Arcanine|Arcanine, L50, M|100\/100\n|-ability|p2b: Arcanine|Intimidate|boost\n|-unboost|p1a: Armarouge|atk|1\n|-unboost|p1b: Indeedee|atk|1\n|turn|6\n|inactive|1vltvu eater has 30 seconds left.\n|inactive|Thossq has 30 seconds left.\n|\n|t:|1683858348\n|move|p2b: Arcanine|Extreme Speed|p1b: Indeedee\n|-damage|p1b: Indeedee|0 fnt\n|faint|p1b: Indeedee\n|move|p2a: Palafin|Jet Punch|p1a: Armarouge\n|-supereffective|p1a: Armarouge\n|-damage|p1a: Armarouge|0 fnt\n|faint|p1a: Armarouge\n|\n|upkeep\n|\n|t:|1683858355\n|switch|p1a: Garchomp|Garchomp, L50, F|100\/100\n|switch|p1b: Gholdengo|Gholdengo, L50|100\/100\n|turn|7\n|\n|t:|1683858369\n|move|p2a: Palafin|Protect|p2a: Palafin\n|-singleturn|p2a: Palafin|Protect\n|move|p2b: Arcanine|Protect|p2b: Arcanine\n|-singleturn|p2b: Arcanine|Protect\n|move|p1a: Garchomp|Rock Slide|p2a: Palafin|[spread] \n|-activate|p2a: Palafin|move: Protect\n|-activate|p2b: Arcanine|move: Protect\n|move|p1b: Gholdengo|Shadow Ball|p2a: Palafin\n|-activate|p2a: Palafin|move: Protect\n|\n|upkeep\n|turn|8\n|\n|t:|1683858385\n|move|p2a: Palafin|Wave Crash|p1a: Garchomp\n|-damage|p1a: Garchomp|12\/100\n|-damage|p2a: Palafin|70\/100|[from] Recoil\n|move|p2b: Arcanine|Flare Blitz|p1b: Gholdengo\n|-supereffective|p1b: Gholdengo\n|-damage|p1b: Gholdengo|0 fnt\n|faint|p1b: Gholdengo\n|-damage|p2b: Arcanine|62\/100|[from] Recoil\n|move|p1a: Garchomp|Swords Dance|p1a: Garchomp\n|-boost|p1a: Garchomp|atk|2\n|\n|upkeep\n|turn|9\n|-message|1vltvu eater forfeited.\n|\n|win|Thossq\n|raw|1vltvu eater's rating: 1000 → 1000<\/strong> (+0 for losing)\n|raw|Thossq's rating: 1065 → 1090<\/strong> (+25 for winning)\n|l|\u26061vltvu eater\n","uploadtime":1683858401,"views":8,"p1id":"1vltvueater","p2id":"thossq","formatid":"gen9vgc2023regulationc","rating":1000,"private":0,"password":""}