{"id":"gen9vgc2023regulationc-1855690959","p1":"TheGrandAugre","p2":"xfhds","format":"[Gen 9] VGC 2023 Regulation C","log":"|j|\u2606TheGrandAugre\n|j|\u2606xfhds\n|t:|1682973633\n|gametype|doubles\n|player|p1|TheGrandAugre|pokemonranger-gen4|1048\n|player|p2|xfhds|2|1000\n|teamsize|p1|6\n|teamsize|p2|6\n|gen|9\n|tier|[Gen 9] VGC 2023 Regulation C\n|rated|\n|rule|Species Clause: Limit one of each Pok\u00e9mon\n|rule|Item Clause: Limit one of each item\n|clearpoke\n|poke|p1|Armarouge, L50, F|\n|poke|p1|Wo-Chien, L50|\n|poke|p1|Iron Bundle, L50|\n|poke|p1|Palafin, L50, M|\n|poke|p1|Flutter Mane, L50|\n|poke|p1|Slither Wing, L50|\n|poke|p2|Ting-Lu, L50|\n|poke|p2|Arcanine, L50, M|\n|poke|p2|Palafin, L50, F|\n|poke|p2|Dragonite, L50, F|\n|poke|p2|Flutter Mane, L50|\n|poke|p2|Amoonguss, L50, F|\n|teampreview|4\n|inactive|Battle timer is ON: inactive players will automatically lose when time's up. (requested by TheGrandAugre)\n|\n|t:|1682973656\n|start\n|switch|p1a: Armarouge|Armarouge, L50, F|100\/100\n|switch|p1b: Iron Bundle|Iron Bundle, L50|100\/100\n|switch|p2a: Arcanine|Arcanine, L50, M|100\/100\n|switch|p2b: Amoonguss|Amoonguss, L50, F, shiny|100\/100\n|-ability|p2a: Arcanine|Intimidate|boost\n|-unboost|p1a: Armarouge|atk|1\n|-unboost|p1b: Iron Bundle|atk|1\n|-enditem|p1b: Iron Bundle|Booster Energy\n|-activate|p1b: Iron Bundle|ability: Quark Drive|[fromitem]\n|-start|p1b: Iron Bundle|quarkdrivespe\n|turn|1\n|inactive|xfhds has 30 seconds left.\n|\n|t:|1682973682\n|move|p2b: Amoonguss|Protect|p2b: Amoonguss\n|-singleturn|p2b: Amoonguss|Protect\n|move|p1b: Iron Bundle|Flip Turn|p1a: Armarouge\n|-supereffective|p1a: Armarouge\n|-damage|p1a: Armarouge|79\/100\n|-ability|p1a: Armarouge|Weak Armor|boost\n|-unboost|p1a: Armarouge|def|1\n|-boost|p1a: Armarouge|spe|2\n|-enditem|p1a: Armarouge|Weakness Policy\n|-boost|p1a: Armarouge|atk|2|[from] item: Weakness Policy\n|-boost|p1a: Armarouge|spa|2|[from] item: Weakness Policy\n|\n|t:|1682973698\n|-end|p1b: Iron Bundle|Quark Drive|[silent]\n|switch|p1b: Wo-Chien|Wo-Chien, L50|100\/100|[from] Flip Turn\n|-ability|p1b: Wo-Chien|Tablets of Ruin\n|move|p1a: Armarouge|Armor Cannon|p2b: Amoonguss\n|-activate|p2b: Amoonguss|move: Protect\n|move|p2a: Arcanine|Snarl|p1a: Armarouge|[spread] p1a,p1b\n|-supereffective|p1a: Armarouge\n|-resisted|p1b: Wo-Chien\n|-damage|p1a: Armarouge|60\/100\n|-damage|p1b: Wo-Chien|98\/100\n|-unboost|p1a: Armarouge|spa|1\n|-unboost|p1b: Wo-Chien|spa|1\n|\n|-heal|p1b: Wo-Chien|100\/100|[from] item: Leftovers\n|upkeep\n|turn|2\n|\n|t:|1682973722\n|-terastallize|p2b: Amoonguss|Water\n|move|p1a: Armarouge|Heat Wave|p2b: Amoonguss|[spread] p2a\n|-miss|p1a: Armarouge|p2b: Amoonguss\n|-resisted|p2a: Arcanine\n|-damage|p2a: Arcanine|67\/100\n|move|p2a: Arcanine|Flare Blitz|p1b: Wo-Chien\n|-supereffective|p1b: Wo-Chien\n|-damage|p1b: Wo-Chien|34\/100\n|-damage|p2a: Arcanine|41\/100|[from] Recoil\n|-enditem|p2a: Arcanine|Sitrus Berry|[eat]\n|-heal|p2a: Arcanine|66\/100|[from] item: Sitrus Berry\n|move|p1b: Wo-Chien|Leech Seed|p2a: Arcanine|[miss]\n|-miss|p1b: Wo-Chien|p2a: Arcanine\n|move|p2b: Amoonguss|Spore|p1a: Armarouge\n|-status|p1a: Armarouge|slp|[from] move: Spore\n|\n|-heal|p1b: Wo-Chien|40\/100|[from] item: Leftovers\n|upkeep\n|turn|3\n|inactive|TheGrandAugre has 30 seconds left.\n|inactive|xfhds has 30 seconds left.\n|\n|t:|1682973750\n|-terastallize|p1b: Wo-Chien|Poison\n|cant|p1a: Armarouge|slp\n|move|p1b: Wo-Chien|Protect|p1b: Wo-Chien\n|-singleturn|p1b: Wo-Chien|Protect\n|move|p2a: Arcanine|Flare Blitz|p1b: Wo-Chien\n|-activate|p1b: Wo-Chien|move: Protect\n|move|p2b: Amoonguss|Clear Smog|p1a: Armarouge\n|-damage|p1a: Armarouge|43\/100 slp\n|-clearboost|p1a: Armarouge\n|\n|-heal|p1b: Wo-Chien|46\/100|[from] item: Leftovers\n|upkeep\n|turn|4\n|inactive|xfhds has 30 seconds left.\n|\n|t:|1682973784\n|move|p2a: Arcanine|Flare Blitz|p1b: Wo-Chien\n|-damage|p1b: Wo-Chien|12\/100\n|-damage|p2a: Arcanine|53\/100|[from] Recoil\n|cant|p1a: Armarouge|slp\n|move|p1b: Wo-Chien|Leech Seed|p2a: Arcanine\n|-start|p2a: Arcanine|move: Leech Seed\n|move|p2b: Amoonguss|Pollen Puff|p2a: Arcanine\n|-heal|p2a: Arcanine|100\/100\n|\n|-heal|p1b: Wo-Chien|18\/100|[from] item: Leftovers\n|-damage|p2a: Arcanine|88\/100|[from] Leech Seed|[of] p1b: Wo-Chien\n|-heal|p1b: Wo-Chien|29\/100|[silent]\n|upkeep\n|turn|5\n|\n|t:|1682973804\n|move|p1b: Wo-Chien|Protect|p1b: Wo-Chien\n|-singleturn|p1b: Wo-Chien|Protect\n|move|p2a: Arcanine|Flare Blitz|p1b: Wo-Chien\n|-activate|p1b: Wo-Chien|move: Protect\n|-curestatus|p1a: Armarouge|slp|[msg]\n|move|p1a: Armarouge|Energy Ball|p2b: Amoonguss\n|-supereffective|p2b: Amoonguss\n|-damage|p2b: Amoonguss|39\/100\n|move|p2b: Amoonguss|Pollen Puff|p1b: Wo-Chien\n|-activate|p1b: Wo-Chien|move: Protect\n|\n|-heal|p1b: Wo-Chien|35\/100|[from] item: Leftovers\n|-damage|p2a: Arcanine|76\/100|[from] Leech Seed|[of] p1b: Wo-Chien\n|-heal|p1b: Wo-Chien|45\/100|[silent]\n|upkeep\n|turn|6\n|inactive|TheGrandAugre has 30 seconds left.\n|inactive|TheGrandAugre has 20 seconds left.\n|\n|t:|1682973841\n|switch|p1a: Slither Wing|Slither Wing, L50|100\/100\n|move|p2b: Amoonguss|Protect|p2b: Amoonguss\n|-singleturn|p2b: Amoonguss|Protect\n|move|p2a: Arcanine|Flare Blitz|p1b: Wo-Chien\n|-damage|p1b: Wo-Chien|15\/100\n|-damage|p2a: Arcanine|65\/100|[from] Recoil\n|move|p1b: Wo-Chien|Ruination|p2a: Arcanine\n|-damage|p2a: Arcanine|33\/100\n|\n|-heal|p1b: Wo-Chien|21\/100|[from] item: Leftovers\n|-damage|p2a: Arcanine|20\/100|[from] Leech Seed|[of] p1b: Wo-Chien\n|-heal|p1b: Wo-Chien|32\/100|[silent]\n|upkeep\n|turn|7\n|inactive|xfhds has 30 seconds left.\n|\n|t:|1682973873\n|switch|p2b: Ting-Lu|Ting-Lu, L50|100\/100\n|-ability|p2b: Ting-Lu|Vessel of Ruin\n|move|p1b: Wo-Chien|Protect|p1b: Wo-Chien\n|-singleturn|p1b: Wo-Chien|Protect\n|move|p1a: Slither Wing|First Impression|p2b: Ting-Lu\n|-supereffective|p2b: Ting-Lu\n|-damage|p2b: Ting-Lu|60\/100\n|move|p2a: Arcanine|Will-O-Wisp|p1b: Wo-Chien\n|-activate|p1b: Wo-Chien|move: Protect\n|\n|-heal|p1b: Wo-Chien|38\/100|[from] item: Leftovers\n|-damage|p2a: Arcanine|8\/100|[from] Leech Seed|[of] p1b: Wo-Chien\n|-heal|p1b: Wo-Chien|48\/100|[silent]\n|upkeep\n|turn|8\n|inactive|TheGrandAugre has 30 seconds left.\n|inactive|xfhds has 30 seconds left.\n|inactive|xfhds has 20 seconds left.\n|\n|t:|1682973908\n|-end|p1a: Slither Wing|Protosynthesis|[silent]\n|switch|p1a: Armarouge|Armarouge, L50, F|43\/100\n|move|p2a: Arcanine|Will-O-Wisp|p1b: Wo-Chien\n|-status|p1b: Wo-Chien|brn\n|move|p1b: Wo-Chien|Leech Seed|p2b: Ting-Lu|[miss]\n|-miss|p1b: Wo-Chien|p2b: Ting-Lu\n|move|p2b: Ting-Lu|Ruination|p1a: Armarouge\n|-damage|p1a: Armarouge|22\/100\n|\n|-heal|p1b: Wo-Chien|55\/100 brn|[from] item: Leftovers\n|-damage|p2a: Arcanine|0 fnt|[from] Leech Seed|[of] p1b: Wo-Chien\n|-heal|p1b: Wo-Chien|61\/100 brn|[silent]\n|faint|p2a: Arcanine\n|-damage|p1b: Wo-Chien|55\/100 brn|[from] brn\n|upkeep\n|\n|t:|1682973927\n|switch|p2a: Dragonite|Dragonite, L50, F|100\/100\n|turn|9\n|\n|t:|1682973945\n|move|p2a: Dragonite|Extreme Speed|p1a: Armarouge\n|-damage|p1a: Armarouge|0 fnt\n|faint|p1a: Armarouge\n|move|p1b: Wo-Chien|Leech Seed|p2a: Dragonite\n|-start|p2a: Dragonite|move: Leech Seed\n|move|p2b: Ting-Lu|Ruination|p1b: Wo-Chien\n|-damage|p1b: Wo-Chien|28\/100 brn\n|\n|-heal|p1b: Wo-Chien|34\/100 brn|[from] item: Leftovers\n|-damage|p2a: Dragonite|88\/100|[from] Leech Seed|[of] p1b: Wo-Chien\n|-heal|p1b: Wo-Chien|45\/100 brn|[silent]\n|-damage|p1b: Wo-Chien|39\/100 brn|[from] brn\n|upkeep\n|\n|t:|1682973958\n|switch|p1a: Iron Bundle|Iron Bundle, L50|100\/100\n|turn|10\n|\n|t:|1682973969\n|move|p2a: Dragonite|Extreme Speed|p1b: Wo-Chien\n|-damage|p1b: Wo-Chien|11\/100 brn\n|move|p1a: Iron Bundle|Freeze-Dry|p2a: Dragonite\n|-supereffective|p2a: Dragonite\n|-damage|p2a: Dragonite|0 fnt\n|faint|p2a: Dragonite\n|move|p1b: Wo-Chien|Leech Seed|p2b: Ting-Lu\n|-start|p2b: Ting-Lu|move: Leech Seed\n|move|p2b: Ting-Lu|Ruination|p1a: Iron Bundle|[miss]\n|-miss|p2b: Ting-Lu|p1a: Iron Bundle\n|\n|-heal|p1b: Wo-Chien|18\/100 brn|[from] item: Leftovers\n|-damage|p2b: Ting-Lu|48\/100|[from] Leech Seed|[of] p1b: Wo-Chien\n|-heal|p1b: Wo-Chien|34\/100 brn|[silent]\n|-damage|p1b: Wo-Chien|28\/100 brn|[from] brn\n|upkeep\n|\n|t:|1682973986\n|switch|p2a: Amoonguss|Amoonguss, L50, F, shiny, tera:Water|73\/100\n|turn|11\n|inactive|TheGrandAugre has 30 seconds left.\n|\n|t:|1682974015\n|move|p1a: Iron Bundle|Flip Turn|p2b: Ting-Lu\n|-supereffective|p2b: Ting-Lu\n|-damage|p2b: Ting-Lu|36\/100\n|\n|t:|1682974019\n|-end|p1a: Iron Bundle|Quark Drive|[silent]\n|switch|p1a: Slither Wing|Slither Wing, L50|100\/100|[from] Flip Turn\n|move|p1b: Wo-Chien|Leech Seed|p2a: Amoonguss\n|-start|p2a: Amoonguss|move: Leech Seed\n|move|p2b: Ting-Lu|Fissure|p1a: Slither Wing|[miss]\n|-miss|p2b: Ting-Lu|p1a: Slither Wing\n|move|p2a: Amoonguss|Pollen Puff|p2b: Ting-Lu\n|-heal|p2b: Ting-Lu|86\/100\n|\n|-heal|p1b: Wo-Chien|34\/100 brn|[from] item: Leftovers\n|-damage|p2b: Ting-Lu|74\/100|[from] Leech Seed|[of] p1b: Wo-Chien\n|-heal|p1b: Wo-Chien|51\/100 brn|[silent]\n|-damage|p2a: Amoonguss|60\/100|[from] Leech Seed|[of] p1b: Wo-Chien\n|-heal|p1b: Wo-Chien|65\/100 brn|[silent]\n|-damage|p1b: Wo-Chien|59\/100 brn|[from] brn\n|upkeep\n|turn|12\n|inactive|xfhds has 30 seconds left.\n|\n|t:|1682974047\n|move|p1b: Wo-Chien|Protect|p1b: Wo-Chien\n|-singleturn|p1b: Wo-Chien|Protect\n|move|p1a: Slither Wing|First Impression|p2b: Ting-Lu\n|-supereffective|p2b: Ting-Lu\n|-damage|p2b: Ting-Lu|27\/100\n|move|p2b: Ting-Lu|Fissure|p1a: Slither Wing|[miss]\n|-miss|p2b: Ting-Lu|p1a: Slither Wing\n|move|p2a: Amoonguss|Clear Smog|p1b: Wo-Chien\n|-activate|p1b: Wo-Chien|move: Protect\n|\n|-heal|p1b: Wo-Chien|65\/100 brn|[from] item: Leftovers\n|-damage|p2b: Ting-Lu|14\/100|[from] Leech Seed|[of] p1b: Wo-Chien\n|-heal|p1b: Wo-Chien|82\/100 brn|[silent]\n|-damage|p2a: Amoonguss|48\/100|[from] Leech Seed|[of] p1b: Wo-Chien\n|-heal|p1b: Wo-Chien|96\/100 brn|[silent]\n|-damage|p1b: Wo-Chien|90\/100 brn|[from] brn\n|upkeep\n|turn|13\n|inactive|TheGrandAugre has 30 seconds left.\n|\n|t:|1682974075\n|move|p1a: Slither Wing|Leech Life|p2b: Ting-Lu\n|-supereffective|p2b: Ting-Lu\n|-damage|p2b: Ting-Lu|0 fnt\n|faint|p2b: Ting-Lu\n|move|p1b: Wo-Chien|Ruination|p2a: Amoonguss|[miss]\n|-miss|p1b: Wo-Chien|p2a: Amoonguss\n|move|p2a: Amoonguss|Spore|p1a: Slither Wing\n|-status|p1a: Slither Wing|slp|[from] move: Spore\n|\n|-heal|p1b: Wo-Chien|96\/100 brn|[from] item: Leftovers\n|-damage|p2a: Amoonguss|36\/100|[from] Leech Seed|[of] p1b: Wo-Chien\n|-heal|p1b: Wo-Chien|100\/100 brn|[silent]\n|-damage|p1b: Wo-Chien|94\/100 brn|[from] brn\n|upkeep\n|turn|14\n|-message|xfhds forfeited.\n|\n|win|TheGrandAugre\n|raw|TheGrandAugre's rating: 1048 → 1076<\/strong> (+28 for winning)\n|raw|xfhds's rating: 1000 → 1000<\/strong> (+0 for losing)\n|l|\u2606xfhds\n","uploadtime":1682974092,"views":13,"p1id":"thegrandaugre","p2id":"xfhds","formatid":"gen9vgc2023regulationc","rating":1000,"private":0,"password":""}