{"id":"gen9vgc2023regulationc-1862318503","p1":"STE lulu","p2":"DatGuyJimmeh","format":"[Gen 9] VGC 2023 Regulation C","log":"|j|\u2606STE lulu\n|j|\u2606DatGuyJimmeh\n|t:|1683864851\n|gametype|doubles\n|player|p1|STE lulu|266|1417\n|player|p2|DatGuyJimmeh|collector|1324\n|teamsize|p1|6\n|teamsize|p2|6\n|gen|9\n|tier|[Gen 9] VGC 2023 Regulation C\n|rated|\n|rule|Species Clause: Limit one of each Pok\u00e9mon\n|rule|Item Clause: Limit one of each item\n|clearpoke\n|poke|p1|Gastrodon-East, L50, F|\n|poke|p1|Tyranitar, L50, F|\n|poke|p1|Indeedee-F, L50, F|\n|poke|p1|Houndstone, L50, F|\n|poke|p1|Corviknight, L50, F|\n|poke|p1|Dragapult, L50, F|\n|poke|p2|Murkrow, L50, M|\n|poke|p2|Dragonite, L50, F|\n|poke|p2|Great Tusk, L50|\n|poke|p2|Iron Moth, L50|\n|poke|p2|Azumarill, L50, M|\n|poke|p2|Chien-Pao, L50|\n|teampreview|4\nDatGuyJimmeh has agreed to open team sheets.\nSTE lulu has agreed to open team sheets.\n|inactive|Battle timer is ON: inactive players will automatically lose when time's up. (requested by DatGuyJimmeh)\n|\n|t:|1683864926\n|start\n|switch|p1a: Corviknight|Corviknight, L50, F|100\/100\n|switch|p1b: Gastrodon|Gastrodon-East, L50, F|100\/100\n|switch|p2a: Azumarill|Azumarill, L50, M|100\/100\n|switch|p2b: Chien-Pao|Chien-Pao, L50|100\/100\n|-ability|p2b: Chien-Pao|Sword of Ruin\n|turn|1\n|inactive|DatGuyJimmeh has 30 seconds left.\n|\n|t:|1683864956\n|move|p2b: Chien-Pao|Protect|p2b: Chien-Pao\n|-singleturn|p2b: Chien-Pao|Protect\n|move|p1b: Gastrodon|Protect|p1b: Gastrodon\n|-singleturn|p1b: Gastrodon|Protect\n|move|p1a: Corviknight|Iron Head|p2b: Chien-Pao\n|-activate|p2b: Chien-Pao|move: Protect\n|move|p2a: Azumarill|Play Rough|p1b: Gastrodon\n|-activate|p1b: Gastrodon|move: Protect\n|\n|upkeep\n|turn|2\n|\n|t:|1683864976\n|switch|p2b: Murkrow|Murkrow, L50, M|100\/100\n|move|p1a: Corviknight|Iron Head|p2b: Murkrow\n|-damage|p2b: Murkrow|73\/100\n|move|p2a: Azumarill|Play Rough|p1b: Gastrodon\n|-damage|p1b: Gastrodon|26\/100\n|-damage|p2a: Azumarill|91\/100|[from] item: Life Orb\n|move|p1b: Gastrodon|Muddy Water|p2a: Azumarill|[spread] p2a\n|-miss|p1b: Gastrodon|p2b: Murkrow\n|-resisted|p2a: Azumarill\n|-damage|p2a: Azumarill|72\/100\n|-damage|p1b: Gastrodon|16\/100|[from] item: Life Orb\n|\n|upkeep\n|turn|3\n|inactive|DatGuyJimmeh has 30 seconds left.\n|\n|t:|1683865001\n|move|p1b: Gastrodon|Protect|p1b: Gastrodon\n|-singleturn|p1b: Gastrodon|Protect\n|move|p2b: Murkrow|Sunny Day|p2b: Murkrow\n|-weather|SunnyDay\n|move|p1a: Corviknight|Brave Bird|p2a: Azumarill\n|-damage|p2a: Azumarill|26\/100\n|-damage|p1a: Corviknight|86\/100|[from] Recoil\n|move|p2a: Azumarill|Play Rough|p1b: Gastrodon\n|-activate|p1b: Gastrodon|move: Protect\n|\n|-weather|SunnyDay|[upkeep]\n|-heal|p1a: Corviknight|92\/100|[from] item: Leftovers\n|upkeep\n|turn|4\n|\n|t:|1683865024\n|switch|p2b: Iron Moth|Iron Moth, L50|100\/100\n|-enditem|p2b: Iron Moth|Booster Energy\n|-activate|p2b: Iron Moth|ability: Quark Drive|[fromitem]\n|-start|p2b: Iron Moth|quarkdrivespa\n|switch|p1b: Indeedee|Indeedee-F, L50, F|100\/100\n|-fieldstart|move: Psychic Terrain|[from] ability: Psychic Surge|[of] p1b: Indeedee\n|move|p1a: Corviknight|Tailwind|p1a: Corviknight\n|-sidestart|p1: STE lulu|move: Tailwind\n|move|p2a: Azumarill|Play Rough|p1b: Indeedee\n|-damage|p1b: Indeedee|17\/100\n|-damage|p2a: Azumarill|16\/100|[from] item: Life Orb\n|\n|-weather|SunnyDay|[upkeep]\n|-heal|p1a: Corviknight|98\/100|[from] item: Leftovers\n|upkeep\n|turn|5\n|inactive|DatGuyJimmeh has 30 seconds left.\n|inactive|DatGuyJimmeh has 20 seconds left.\n|inactive|STE lulu has 30 seconds left.\n|\n|t:|1683865068\n|-terastallize|p1a: Corviknight|Fire\n|move|p2b: Iron Moth|Protect|p2b: Iron Moth\n|-singleturn|p2b: Iron Moth|Protect\n|move|p1b: Indeedee|Psychic|p2b: Iron Moth\n|-activate|p2b: Iron Moth|move: Protect\n|move|p1a: Corviknight|Brave Bird|p2b: Iron Moth\n|-activate|p2b: Iron Moth|move: Protect\n|move|p2a: Azumarill|Liquidation|p1b: Indeedee\n|-damage|p1b: Indeedee|0 fnt\n|faint|p1b: Indeedee\n|-damage|p2a: Azumarill|6\/100|[from] item: Life Orb\n|\n|-weather|SunnyDay|[upkeep]\n|-heal|p1a: Corviknight|100\/100|[from] item: Leftovers\n|upkeep\n|\n|t:|1683865073\n|switch|p1b: Tyranitar|Tyranitar, L50, F|100\/100\n|-weather|Sandstorm|[from] ability: Sand Stream|[of] p1b: Tyranitar\n|turn|6\n|inactive|DatGuyJimmeh has 30 seconds left.\n|inactive|DatGuyJimmeh has 20 seconds left.\n|inactive|DatGuyJimmeh has 15 seconds left.\n|inactive|DatGuyJimmeh has 10 seconds left.\n|\n|t:|1683865122\n|-end|p2b: Iron Moth|Quark Drive|[silent]\n|switch|p2b: Chien-Pao|Chien-Pao, L50|100\/100\n|-ability|p2b: Chien-Pao|Sword of Ruin\n|move|p2a: Azumarill|Aqua Jet|p1a: Corviknight\n|-activate|p1a: Corviknight|move: Psychic Terrain\n|move|p1b: Tyranitar|Rock Slide|p2b: Chien-Pao|[spread] p2a,p2b\n|-supereffective|p2b: Chien-Pao\n|-crit|p2b: Chien-Pao\n|-damage|p2a: Azumarill|0 fnt\n|-enditem|p2b: Chien-Pao|Focus Sash\n|-damage|p2b: Chien-Pao|1\/100\n|faint|p2a: Azumarill\n|move|p1a: Corviknight|Brave Bird|p2b: Chien-Pao\n|-damage|p2b: Chien-Pao|0 fnt\n|faint|p2b: Chien-Pao\n|-damage|p1a: Corviknight|99\/100|[from] Recoil\n|\n|-weather|Sandstorm|[upkeep]\n|-damage|p1a: Corviknight|94\/100|[from] Sandstorm\n|-heal|p1a: Corviknight|99\/100|[from] item: Leftovers\n|upkeep\n|\n|t:|1683865130\n|switch|p2b: Murkrow|Murkrow, L50, M|73\/100\n|switch|p2a: Iron Moth|Iron Moth, L50|100\/100\n|turn|7\n|\n|t:|1683865140\n|move|p2a: Iron Moth|Protect|p2a: Iron Moth\n|-singleturn|p2a: Iron Moth|Protect\n|move|p2b: Murkrow|Sunny Day|p2b: Murkrow\n|-weather|SunnyDay\n|move|p1b: Tyranitar|Rock Slide|p2a: Iron Moth|[spread] p2b\n|-activate|p2a: Iron Moth|move: Protect\n|-supereffective|p2b: Murkrow\n|-damage|p2b: Murkrow|15\/100\n|move|p1a: Corviknight|Brave Bird|p2a: Iron Moth\n|-activate|p2a: Iron Moth|move: Protect\n|\n|-weather|SunnyDay|[upkeep]\n|-heal|p1a: Corviknight|100\/100|[from] item: Leftovers\n|-sideend|p1: STE lulu|move: Tailwind\n|upkeep\n|turn|8\n|\n|t:|1683865163\n|switch|p1b: Gastrodon|Gastrodon-East, L50, F|16\/100\n|move|p2a: Iron Moth|Heat Wave|p1b: Gastrodon|[spread] p1a,p1b\n|-resisted|p1a: Corviknight\n|-resisted|p1b: Gastrodon\n|-damage|p1a: Corviknight|75\/100\n|-damage|p1b: Gastrodon|0 fnt\n|faint|p1b: Gastrodon\n|move|p2b: Murkrow|Foul Play|p1a: Corviknight\n|-damage|p1a: Corviknight|48\/100\n|move|p1a: Corviknight|Iron Head|p2b: Murkrow\n|-damage|p2b: Murkrow|0 fnt\n|faint|p2b: Murkrow\n|\n|-weather|SunnyDay|[upkeep]\n|-heal|p1a: Corviknight|54\/100|[from] item: Leftovers\n|-fieldend|move: Psychic Terrain\n|upkeep\n|\n|t:|1683865168\n|switch|p1b: Tyranitar|Tyranitar, L50, F|100\/100\n|-weather|Sandstorm|[from] ability: Sand Stream|[of] p1b: Tyranitar\n|turn|9\n|inactive|DatGuyJimmeh has 30 seconds left.\n|inactive|DatGuyJimmeh has 20 seconds left.\n|\n|t:|1683865208\n|move|p2a: Iron Moth|Energy Ball|p1b: Tyranitar\n|-supereffective|p1b: Tyranitar\n|-damage|p1b: Tyranitar|75\/100\n|move|p1b: Tyranitar|Crunch|p2a: Iron Moth\n|-damage|p2a: Iron Moth|45\/100\n|move|p1a: Corviknight|Tailwind|p1a: Corviknight\n|-sidestart|p1: STE lulu|move: Tailwind\n|\n|-weather|Sandstorm|[upkeep]\n|-damage|p1a: Corviknight|48\/100|[from] Sandstorm\n|-damage|p2a: Iron Moth|39\/100|[from] Sandstorm\n|-heal|p1a: Corviknight|54\/100|[from] item: Leftovers\n|upkeep\n|turn|10\n|\n|t:|1683865217\n|move|p1b: Tyranitar|Crunch|p2a: Iron Moth\n|-damage|p2a: Iron Moth|0 fnt\n|faint|p2a: Iron Moth\n|-end|p2a: Iron Moth|Quark Drive|[silent]\n|\n|win|STE lulu\n|raw|STE lulu's rating: 1417 → 1432<\/strong> (+15 for winning)\n|raw|DatGuyJimmeh's rating: 1324 → 1309<\/strong> (-15 for losing)\n|c|\u2606DatGuyJimmeh|gg\n|c|\u2606STE lulu|ggs\n|l|\u2606DatGuyJimmeh\n","uploadtime":1683865226,"views":15,"p1id":"stelulu","p2id":"datguyjimmeh","formatid":"gen9vgc2023regulationc","rating":1309,"private":0,"password":""}