{"id":"gen9vgc2023regulationc-1855572859","p1":"joaco74","p2":"leolc0926","format":"[Gen 9] VGC 2023 Regulation C","log":"|j|\u2606joaco74\n|j|\u2606leolc0926\n|t:|1682963134\n|gametype|doubles\n|player|p1|joaco74|102|1113\n|player|p2|leolc0926|steven|1184\n|teamsize|p1|6\n|teamsize|p2|6\n|gen|9\n|tier|[Gen 9] VGC 2023 Regulation C\n|rated|\n|rule|Species Clause: Limit one of each Pok\u00e9mon\n|rule|Item Clause: Limit one of each item\n|clearpoke\n|poke|p1|Meowscarada, L50, M|\n|poke|p1|Gholdengo, L50|\n|poke|p1|Sylveon, L50, M|\n|poke|p1|Arcanine, L50, M|\n|poke|p1|Dondozo, L50, M|\n|poke|p1|Tatsugiri, L50, M|\n|poke|p2|Roaring Moon, L50|\n|poke|p2|Arcanine, L50, M|\n|poke|p2|Palafin, L50, F|\n|poke|p2|Amoonguss, L50, F|\n|poke|p2|Flutter Mane, L50|\n|poke|p2|Ting-Lu, L50|\n|teampreview|4\n|\n|t:|1682963158\n|start\n|switch|p1a: Meowscarada|Meowscarada, L50, M|100\/100\n|switch|p1b: Gholdengo|Gholdengo, L50|100\/100\n|switch|p2a: \u75af\u72d7\u4fa0|Arcanine, L50, M, shiny|100\/100\n|switch|p2b: \u53e4\u9f0e\u4fa0|Ting-Lu, L50|100\/100\n|-ability|p2a: \u75af\u72d7\u4fa0|Intimidate|boost\n|-unboost|p1a: Meowscarada|atk|1\n|-unboost|p1b: Gholdengo|atk|1\n|-ability|p2b: \u53e4\u9f0e\u4fa0|Vessel of Ruin\n|turn|1\n|\n|t:|1682963194\n|switch|p1b: Dondozo|Dondozo, L50, M|100\/100\n|-terastallize|p2b: \u53e4\u9f0e\u4fa0|Poison\n|move|p1a: Meowscarada|Flower Trick|p2b: \u53e4\u9f0e\u4fa0\n|-resisted|p2b: \u53e4\u9f0e\u4fa0\n|-crit|p2b: \u53e4\u9f0e\u4fa0\n|-damage|p2b: \u53e4\u9f0e\u4fa0|79\/100\n|-damage|p1a: Meowscarada|91\/100|[from] item: Life Orb\n|move|p2a: \u75af\u72d7\u4fa0|Flare Blitz|p1a: Meowscarada\n|-supereffective|p1a: Meowscarada\n|-damage|p1a: Meowscarada|0 fnt\n|faint|p1a: Meowscarada\n|-damage|p2a: \u75af\u72d7\u4fa0|77\/100|[from] Recoil\n|move|p2b: \u53e4\u9f0e\u4fa0|Stomping Tantrum|p1b: Dondozo\n|-damage|p1b: Dondozo|83\/100\n|\n|-heal|p1b: Dondozo|89\/100|[from] item: Leftovers\n|upkeep\n|\n|t:|1682963214\n|switch|p1a: Tatsugiri|Tatsugiri, L50, M|100\/100\n|-activate|p1a: Tatsugiri|ability: Commander|[of] p1b: Dondozo\n|-boost|p1b: Dondozo|atk|2\n|-boost|p1b: Dondozo|spa|2\n|-boost|p1b: Dondozo|spe|2\n|-boost|p1b: Dondozo|def|2\n|-boost|p1b: Dondozo|spd|2\n|turn|2\n|\n|t:|1682963234\n|switch|p2a: Hutsassa|Amoonguss, L50, F|100\/100\n|move|p1b: Dondozo|Earthquake|p2b: \u53e4\u9f0e\u4fa0|[spread] p2a,p2b\n|-miss|p1b: Dondozo|p1a: Tatsugiri\n|-supereffective|p2b: \u53e4\u9f0e\u4fa0\n|-damage|p2a: Hutsassa|73\/100\n|-damage|p2b: \u53e4\u9f0e\u4fa0|40\/100\n|move|p2b: \u53e4\u9f0e\u4fa0|Ruination|p1b: Dondozo\n|-damage|p1b: Dondozo|45\/100\n|\n|-heal|p1b: Dondozo|51\/100|[from] item: Leftovers\n|upkeep\n|turn|3\n|\n|t:|1682963262\n|switch|p2b: \u75af\u72d7\u4fa0|Arcanine, L50, M, shiny|77\/100\n|-ability|p2b: \u75af\u72d7\u4fa0|Intimidate|boost\n|-unboost|p1a: Tatsugiri|atk|1\n|-unboost|p1b: Dondozo|atk|1\n|move|p2a: Hutsassa|Protect|p2a: Hutsassa\n|-singleturn|p2a: Hutsassa|Protect\n|move|p1b: Dondozo|Earthquake|p2a: Hutsassa|[spread] p2b\n|-miss|p1b: Dondozo|p1a: Tatsugiri\n|-activate|p2a: Hutsassa|move: Protect\n|-supereffective|p2b: \u75af\u72d7\u4fa0\n|-damage|p2b: \u75af\u72d7\u4fa0|16\/100\n|\n|-heal|p1b: Dondozo|57\/100|[from] item: Leftovers\n|upkeep\n|turn|4\n|\n|t:|1682963282\n|switch|p2b: \u53e4\u9f0e\u4fa0|Ting-Lu, L50, tera:Poison|40\/100\n|-ability|p2b: \u53e4\u9f0e\u4fa0|Vessel of Ruin\n|move|p1b: Dondozo|Earthquake|p2b: \u53e4\u9f0e\u4fa0|[spread] p2a,p2b\n|-miss|p1b: Dondozo|p1a: Tatsugiri\n|-supereffective|p2b: \u53e4\u9f0e\u4fa0\n|-damage|p2a: Hutsassa|51\/100\n|-damage|p2b: \u53e4\u9f0e\u4fa0|13\/100\n|move|p2a: Hutsassa|Pollen Puff|p2b: \u53e4\u9f0e\u4fa0\n|-heal|p2b: \u53e4\u9f0e\u4fa0|63\/100\n|\n|-heal|p1b: Dondozo|64\/100|[from] item: Leftovers\n|upkeep\n|turn|5\n|\n|t:|1682963298\n|move|p1b: Dondozo|Earthquake|p2b: \u53e4\u9f0e\u4fa0|[spread] p2a,p2b\n|-miss|p1b: Dondozo|p1a: Tatsugiri\n|-supereffective|p2b: \u53e4\u9f0e\u4fa0\n|-damage|p2a: Hutsassa|28\/100\n|-damage|p2b: \u53e4\u9f0e\u4fa0|36\/100\n|-enditem|p2a: Hutsassa|Sitrus Berry|[eat]\n|-heal|p2a: Hutsassa|53\/100|[from] item: Sitrus Berry\n|move|p2b: \u53e4\u9f0e\u4fa0|Ruination|p1b: Dondozo|[miss]\n|-miss|p2b: \u53e4\u9f0e\u4fa0|p1b: Dondozo\n|move|p2a: Hutsassa|Spore|p1b: Dondozo\n|-status|p1b: Dondozo|slp|[from] move: Spore\n|\n|-heal|p1b: Dondozo|70\/100 slp|[from] item: Leftovers\n|upkeep\n|turn|6\n|\n|t:|1682963319\n|switch|p2b: \u75af\u72d7\u4fa0|Arcanine, L50, M, shiny|16\/100\n|-ability|p2b: \u75af\u72d7\u4fa0|Intimidate|boost\n|-unboost|p1a: Tatsugiri|atk|1\n|-unboost|p1b: Dondozo|atk|1\n|cant|p1b: Dondozo|slp\n|move|p2a: Hutsassa|Pollen Puff|p2b: \u75af\u72d7\u4fa0\n|-heal|p2b: \u75af\u72d7\u4fa0|66\/100\n|\n|-heal|p1b: Dondozo|76\/100 slp|[from] item: Leftovers\n|upkeep\n|turn|7\n|-message|joaco74 forfeited.\n|\n|win|leolc0926\n|raw|joaco74's rating: 1113 → 1093<\/strong> (-20 for losing)\n|raw|leolc0926's rating: 1184 → 1204<\/strong> (+20 for winning)\n|l|\u2606joaco74\n|c|\u2606leolc0926|gg\n","uploadtime":1682963433,"views":24,"p1id":"joaco74","p2id":"leolc0926","formatid":"gen9vgc2023regulationc","rating":1093,"private":0,"password":""}