{"id":"gen9vgc2023regulationc-1848084961","p1":"oreomannw","p2":"That_Leek","format":"[Gen 9] VGC 2023 Regulation C","log":"|j|\u2606oreomannw\n|j|\u2606That_Leek\n|t:|1682027932\n|gametype|doubles\n|player|p1|oreomannw|steven|1085\n|player|p2|That_Leek|blue-masters|1113\n|teamsize|p1|6\n|teamsize|p2|6\n|gen|9\n|tier|[Gen 9] VGC 2023 Regulation C\n|rated|\n|rule|Species Clause: Limit one of each Pok\u00e9mon\n|rule|Item Clause: Limit one of each item\n|clearpoke\n|poke|p1|Dondozo, L50, M|\n|poke|p1|Medicham, L50, M|\n|poke|p1|Orthworm, L50, M|\n|poke|p1|Tatsugiri, L50, F|\n|poke|p1|Dragonite, L50, F|\n|poke|p1|Komala, L50, F|\n|poke|p2|Gholdengo, L50|\n|poke|p2|Gyarados, L50, F|\n|poke|p2|Tyranitar, L50, F|\n|poke|p2|Maushold-Four, L50|\n|poke|p2|Annihilape, L50, F|\n|poke|p2|Volcarona, L50, M|\n|teampreview|4\n|inactive|Battle timer is ON: inactive players will automatically lose when time's up. (requested by oreomannw)\nThat_Leek has agreed to open team sheets.\n|inactive|oreomannw has 60 seconds left.\n|inactive|oreomannw has 30 seconds left.\n|inactive|oreomannw has 20 seconds left.\n|inactive|oreomannw has 15 seconds left.\n|\n|t:|1682028011\n|start\n|switch|p1a: Dondozo|Dondozo, L50, M|100\/100\n|switch|p1b: Orthworm|Orthworm, L50, M|100\/100\n|switch|p2a: Maushold|Maushold-Four, L50|100\/100\n|switch|p2b: Annihilape|Annihilape, L50, F|100\/100\n|turn|1\n|inactive|That_Leek has 30 seconds left.\n|inactive|oreomannw has 30 seconds left.\n|inactive|That_Leek has 20 seconds left.\n|inactive|That_Leek has 15 seconds left.\n|inactive|oreomannw has 20 seconds left.\n|inactive|oreomannw has 15 seconds left.\n|\n|t:|1682028065\n|switch|p1a: Tatsugiri|Tatsugiri, L50, F|100\/100\n|move|p2a: Maushold|Follow Me|p2a: Maushold\n|-singleturn|p2a: Maushold|move: Follow Me\n|move|p2b: Annihilape|Bulk Up|p2b: Annihilape\n|-boost|p2b: Annihilape|atk|1\n|-boost|p2b: Annihilape|def|1\n|move|p1b: Orthworm|Shed Tail|p1b: Orthworm\n|-start|p1b: Orthworm|Substitute|[from] move: Shed Tail\n|-damage|p1b: Orthworm|50\/100\n|inactive|oreomannw has 30 seconds left.\n|inactive|oreomannw has 20 seconds left.\n|\n|t:|1682028104\n|switch|p1b: Dondozo|Dondozo, L50, M|100\/100|[from] Shed Tail\n|-activate|p1a: Tatsugiri|ability: Commander|[of] p1b: Dondozo\n|-boost|p1b: Dondozo|atk|2\n|-boost|p1b: Dondozo|spa|2\n|-boost|p1b: Dondozo|spe|2\n|-boost|p1b: Dondozo|def|2\n|-boost|p1b: Dondozo|spd|2\n|\n|-status|p1a: Tatsugiri|tox|[from] item: Toxic Orb\n|upkeep\n|turn|2\n|\n|t:|1682028127\n|move|p2b: Annihilape|Protect|p2b: Annihilape\n|-singleturn|p2b: Annihilape|Protect\n|move|p2a: Maushold|Super Fang|p1b: Dondozo\n|-end|p1b: Dondozo|Substitute\n|move|p1b: Dondozo|Order Up|p2b: Annihilape\n|-activate|p2b: Annihilape|move: Protect\n|\n|-damage|p1a: Tatsugiri|95\/100 tox|[from] psn\n|upkeep\n|turn|3\n|\n|t:|1682028144\n|move|p2a: Maushold|Beat Up|p2b: Annihilape\n|-damage|p2b: Annihilape|99\/100\n|-damage|p2b: Annihilape|97\/100\n|-crit|p2b: Annihilape\n|-damage|p2b: Annihilape|93\/100\n|-damage|p2b: Annihilape|92\/100\n|-hitcount|p2b: Annihilape|4\n|move|p2b: Annihilape|Drain Punch|p1b: Dondozo\n|-damage|p1b: Dondozo|90\/100\n|-heal|p2b: Annihilape|99\/100|[from] drain|[of] p1b: Dondozo\n|move|p1b: Dondozo|Earthquake|p2b: Annihilape|[spread] p2a,p2b\n|-miss|p1b: Dondozo|p1a: Tatsugiri\n|-damage|p2a: Maushold|36\/100\n|-damage|p2b: Annihilape|67\/100\n|\n|-heal|p2b: Annihilape|74\/100|[from] item: Leftovers\n|-damage|p1a: Tatsugiri|84\/100 tox|[from] psn\n|upkeep\n|turn|4\n|\n|t:|1682028163\n|move|p2a: Maushold|Super Fang|p1b: Dondozo\n|-damage|p1b: Dondozo|45\/100\n|move|p2b: Annihilape|Rage Fist|p1b: Dondozo\n|-damage|p1b: Dondozo|4\/100\n|move|p1b: Dondozo|Earthquake|p2b: Annihilape|[spread] p2a,p2b\n|-miss|p1b: Dondozo|p1a: Tatsugiri\n|-damage|p2a: Maushold|0 fnt\n|-damage|p2b: Annihilape|43\/100\n|faint|p2a: Maushold\n|\n|-heal|p2b: Annihilape|49\/100|[from] item: Leftovers\n|-damage|p1a: Tatsugiri|67\/100 tox|[from] psn\n|upkeep\n|\n|t:|1682028170\n|switch|p2a: Gyarados|Gyarados, L50, F|100\/100\n|-ability|p2a: Gyarados|Intimidate|boost\n|-unboost|p1a: Tatsugiri|atk|1\n|-unboost|p1b: Dondozo|atk|1\n|turn|5\n|\n|t:|1682028182\n|move|p2b: Annihilape|Drain Punch|p1a: Tatsugiri|[miss]\n|-miss|p2b: Annihilape|p1a: Tatsugiri\n|move|p1b: Dondozo|Rest|p1b: Dondozo\n|-status|p1b: Dondozo|slp|[from] move: Rest\n|-heal|p1b: Dondozo|100\/100 slp|[silent]\n|-enditem|p1b: Dondozo|Chesto Berry|[eat]\n|-curestatus|p1b: Dondozo|slp|[msg]\n|move|p2a: Gyarados|Waterfall|p1b: Dondozo\n|-resisted|p1b: Dondozo\n|-damage|p1b: Dondozo|93\/100\n|\n|-heal|p2b: Annihilape|55\/100|[from] item: Leftovers\n|-damage|p1a: Tatsugiri|45\/100 tox|[from] psn\n|upkeep\n|turn|6\n|inactive|oreomannw has 30 seconds left.\n|inactive|oreomannw has 20 seconds left.\n|\n|t:|1682028217\n|-terastallize|p1b: Dondozo|Dragon\n|move|p2b: Annihilape|Rage Fist|p1b: Dondozo\n|-damage|p1b: Dondozo|48\/100\n|move|p1b: Dondozo|Order Up|p2b: Annihilape\n|-damage|p2b: Annihilape|6\/100\n|-boost|p1b: Dondozo|atk|1\n|move|p2a: Gyarados|Thunder Wave|p1b: Dondozo\n|-status|p1b: Dondozo|par\n|\n|-heal|p2b: Annihilape|12\/100|[from] item: Leftovers\n|-damage|p1a: Tatsugiri|17\/100 tox|[from] psn\n|upkeep\n|turn|7\n|inactive|oreomannw has 30 seconds left.\n|\n|t:|1682028247\n|move|p2b: Annihilape|Drain Punch|p1b: Dondozo\n|-damage|p1b: Dondozo|37\/100 par\n|-heal|p2b: Annihilape|19\/100|[from] drain|[of] p1b: Dondozo\n|move|p2a: Gyarados|Waterfall|p1b: Dondozo\n|-resisted|p1b: Dondozo\n|-damage|p1b: Dondozo|30\/100 par\n|move|p1b: Dondozo|Order Up|p2a: Gyarados\n|-damage|p2a: Gyarados|15\/100\n|-enditem|p2a: Gyarados|Sitrus Berry|[eat]\n|-heal|p2a: Gyarados|40\/100|[from] item: Sitrus Berry\n|-boost|p1b: Dondozo|atk|1\n|\n|-heal|p2b: Annihilape|25\/100|[from] item: Leftovers\n|-damage|p1a: Tatsugiri|0 fnt|[from] psn\n|faint|p1a: Tatsugiri\n|upkeep\n|\n|t:|1682028271\n|switch|p1a: Orthworm|Orthworm, L50, M|50\/100\n|turn|8\n|\n|t:|1682028284\n|move|p2b: Annihilape|Drain Punch|p1a: Orthworm\n|-supereffective|p1a: Orthworm\n|-damage|p1a: Orthworm|0 fnt\n|-heal|p2b: Annihilape|46\/100|[from] drain|[of] p1a: Orthworm\n|faint|p1a: Orthworm\n|move|p2a: Gyarados|Waterfall|p1b: Dondozo\n|-resisted|p1b: Dondozo\n|-damage|p1b: Dondozo|23\/100 par\n|move|p1b: Dondozo|Order Up|p2b: Annihilape\n|-damage|p2b: Annihilape|0 fnt\n|faint|p2b: Annihilape\n|-boost|p1b: Dondozo|atk|1\n|\n|upkeep\n|\n|t:|1682028298\n|switch|p2b: Gholdengo|Gholdengo, L50|100\/100\n|switch|p1a: Dragonite|Dragonite, L50, F, shiny|100\/100\n|turn|9\n|\n|t:|1682028314\n|move|p2b: Gholdengo|Shadow Ball|p1b: Dondozo\n|-damage|p1b: Dondozo|0 fnt\n|faint|p1b: Dondozo\n|-damage|p2b: Gholdengo|91\/100|[from] item: Life Orb\n|move|p2a: Gyarados|Thunder Wave|p1a: Dragonite\n|-status|p1a: Dragonite|par\n|cant|p1a: Dragonite|par\n|\n|upkeep\n|turn|10\n|\n|t:|1682028336\n|move|p2b: Gholdengo|Nasty Plot|p2b: Gholdengo\n|-boost|p2b: Gholdengo|spa|2\n|move|p2a: Gyarados|Waterfall|p1a: Dragonite\n|-resisted|p1a: Dragonite\n|-damage|p1a: Dragonite|90\/100 par\n|cant|p1a: Dragonite|par\n|\n|upkeep\n|turn|11\n|\n|t:|1682028347\n|move|p2b: Gholdengo|Make It Rain|p1a: Dragonite\n|-damage|p1a: Dragonite|0 fnt\n|-unboost|p2b: Gholdengo|spa|1\n|faint|p1a: Dragonite\n|-damage|p2b: Gholdengo|81\/100|[from] item: Life Orb\n|\n|win|That_Leek\n|raw|oreomannw's rating: 1085 → 1064<\/strong> (-21 for losing)\n|raw|That_Leek's rating: 1113 → 1136<\/strong> (+23 for winning)\n|l|\u2606oreomannw\n","uploadtime":1682028355,"views":6,"p1id":"oreomannw","p2id":"thatleek","formatid":"gen9vgc2023regulationc","rating":1064,"private":0,"password":""}