{"id":"gen9vgc2023regulationc-1847237246","p1":"ElemAngell","p2":"cshrubs","format":"[Gen 9] VGC 2023 Regulation C","log":"|j|\u2606ElemAngell\n|j|\u2606cshrubs\n|t:|1681930306\n|gametype|doubles\n|player|p1|ElemAngell|169|1064\n|player|p2|cshrubs|cameraman|1098\n|teamsize|p1|6\n|teamsize|p2|6\n|gen|9\n|tier|[Gen 9] VGC 2023 Regulation C\n|rated|\n|rule|Species Clause: Limit one of each Pok\u00e9mon\n|rule|Item Clause: Limit one of each item\n|clearpoke\n|poke|p1|Arcanine, L50, M|\n|poke|p1|Flutter Mane, L50|\n|poke|p1|Gastrodon-East, L50, M|\n|poke|p1|Glimmora, L50, M|\n|poke|p1|Garganacl, L50, F|\n|poke|p1|Wo-Chien, L50|\n|poke|p2|Ceruledge, L50, M|\n|poke|p2|Scream Tail, L50|\n|poke|p2|Palafin, L50, F|\n|poke|p2|Ting-Lu, L50|\n|poke|p2|Dragonite, L50, M|\n|poke|p2|Amoonguss, L50, F|\n|teampreview|4\n|inactive|Battle timer is ON: inactive players will automatically lose when time's up. (requested by cshrubs)\n|\n|t:|1681930331\n|start\n|switch|p1a: Prosector|Arcanine, L50, M|100\/100\n|switch|p1b: Mycologists|Glimmora, L50, M|100\/100\n|switch|p2a: Ceruledge|Ceruledge, L50, M|100\/100\n|switch|p2b: Scream Tail|Scream Tail, L50, shiny|100\/100\n|-ability|p1a: Prosector|Intimidate|boost\n|-unboost|p2a: Ceruledge|atk|1\n|-unboost|p2b: Scream Tail|atk|1\n|turn|1\n|inactive|ElemAngell has 30 seconds left.\n|\n|t:|1681930360\n|switch|p2a: Ting-Lu|Ting-Lu, L50|100\/100\n|-ability|p2a: Ting-Lu|Vessel of Ruin\n|move|p2b: Scream Tail|Howl|p2b: Scream Tail|[spread] p2a,p2b\n|-boost|p2a: Ting-Lu|atk|1\n|-boost|p2b: Scream Tail|atk|1\n|move|p1b: Mycologists|Sludge Bomb|p2b: Scream Tail\n|-supereffective|p2b: Scream Tail\n|-damage|p2b: Scream Tail|51\/100\n|move|p1a: Prosector|Snarl|p2b: Scream Tail|[spread] p2a,p2b\n|-resisted|p2a: Ting-Lu\n|-damage|p2a: Ting-Lu|99\/100\n|-damage|p2b: Scream Tail|46\/100\n|-unboost|p2a: Ting-Lu|spa|1\n|-unboost|p2b: Scream Tail|spa|1\n|\n|upkeep\n|turn|2\n|inactive|ElemAngell has 30 seconds left.\n|\n|t:|1681930392\n|move|p2b: Scream Tail|Protect|p2b: Scream Tail\n|-singleturn|p2b: Scream Tail|Protect\n|move|p1b: Mycologists|Energy Ball|p2a: Ting-Lu\n|-supereffective|p2a: Ting-Lu\n|-damage|p2a: Ting-Lu|77\/100\n|-unboost|p2a: Ting-Lu|spd|1\n|move|p1a: Prosector|Will-O-Wisp|p2a: Ting-Lu\n|-status|p2a: Ting-Lu|brn\n|move|p2a: Ting-Lu|Stomping Tantrum|p1a: Prosector\n|-supereffective|p1a: Prosector\n|-damage|p1a: Prosector|38\/100\n|\n|-damage|p2a: Ting-Lu|71\/100 brn|[from] brn\n|upkeep\n|turn|3\n|inactive|ElemAngell has 30 seconds left.\n|\n|t:|1681930419\n|-end|p2b: Scream Tail|Protosynthesis|[silent]\n|switch|p2b: Palafin|Palafin, L50, F, shiny|100\/100\n|move|p1a: Prosector|Protect|p1a: Prosector\n|-singleturn|p1a: Prosector|Protect\n|move|p1b: Mycologists|Sludge Bomb|p2b: Palafin\n|-damage|p2b: Palafin|53\/100\n|-status|p2b: Palafin|psn\n|move|p2a: Ting-Lu|Ruination|p1b: Mycologists\n|-damage|p1b: Mycologists|50\/100\n|\n|-damage|p2b: Palafin|41\/100 psn|[from] psn\n|-damage|p2a: Ting-Lu|65\/100 brn|[from] brn\n|upkeep\n|turn|4\n|inactive|ElemAngell has 30 seconds left.\n|\n|t:|1681930445\n|switch|p1a: Angler|Gastrodon-East, L50, M|100\/100\n|move|p2b: Palafin|Jet Punch|p1a: Angler\n|-ability|p1a: Angler|Storm Drain|boost\n|-boost|p1a: Angler|spa|1\n|move|p1b: Mycologists|Energy Ball|p2a: Ting-Lu\n|-supereffective|p2a: Ting-Lu\n|-damage|p2a: Ting-Lu|33\/100 brn\n|move|p2a: Ting-Lu|Stomping Tantrum|p1b: Mycologists\n|-supereffective|p1b: Mycologists\n|-damage|p1b: Mycologists|0 fnt\n|-activate|p1b: Mycologists|ability: Toxic Debris\n|-sidestart|p2: cshrubs|move: Toxic Spikes\n|faint|p1b: Mycologists\n|\n|-damage|p2b: Palafin|29\/100 psn|[from] psn\n|-damage|p2a: Ting-Lu|27\/100 brn|[from] brn\n|upkeep\n|\n|t:|1681930463\n|switch|p1b: Leshy|Wo-Chien, L50|100\/100\n|-ability|p1b: Leshy|Tablets of Ruin\n|turn|5\n|c|\u2606cshrubs|LIVE WO CHIEN REACTION\n|c|\u2606ElemAngell|So true\n|inactive|cshrubs has 30 seconds left.\n|\n|t:|1681930489\n|detailschange|p2b: Palafin|Palafin-Hero, L50, F, shiny\n|switch|p2b: Scream Tail|Scream Tail, L50, shiny|46\/100\n|-status|p2b: Scream Tail|psn\n|move|p1b: Leshy|Knock Off|p2b: Scream Tail\n|-damage|p2b: Scream Tail|24\/100 psn\n|-enditem|p2b: Scream Tail|Safety Goggles|[from] move: Knock Off|[of] p1b: Leshy\n|move|p1a: Angler|Ice Beam|p2a: Ting-Lu\n|-supereffective|p2a: Ting-Lu\n|-damage|p2a: Ting-Lu|0 fnt\n|faint|p2a: Ting-Lu\n|\n|-damage|p2b: Scream Tail|12\/100 psn|[from] psn\n|upkeep\n|\n|t:|1681930490\n|switch|p2a: Ceruledge|Ceruledge, L50, M|100\/100\n|-status|p2a: Ceruledge|psn\n|turn|6\n|\n|t:|1681930514\n|-terastallize|p2a: Ceruledge|Grass\n|-terastallize|p1b: Leshy|Fairy\n|move|p2b: Scream Tail|Howl|p2b: Scream Tail|[spread] p2a,p2b\n|-boost|p2a: Ceruledge|atk|1\n|-boost|p2b: Scream Tail|atk|1\n|move|p2a: Ceruledge|Bitter Blade|p1b: Leshy\n|-damage|p1b: Leshy|56\/100\n|move|p1b: Leshy|Knock Off|p2a: Ceruledge\n|-damage|p2a: Ceruledge|76\/100 psn\n|-enditem|p2a: Ceruledge|Leftovers|[from] move: Knock Off|[of] p1b: Leshy\n|move|p1a: Angler|Earth Power|p2a: Ceruledge\n|-resisted|p2a: Ceruledge\n|-damage|p2a: Ceruledge|56\/100 psn\n|\n|-damage|p2b: Scream Tail|0 fnt|[from] psn\n|faint|p2b: Scream Tail\n|-end|p2b: Scream Tail|Protosynthesis|[silent]\n|-damage|p2a: Ceruledge|44\/100 psn|[from] psn\n|upkeep\n|\n|t:|1681930516\n|switch|p2b: Palafin|Palafin-Hero, L50, F, shiny|29\/100 psn\n|-activate|p2b: Palafin|ability: Zero to Hero\n|turn|7\n|\n|t:|1681930540\n|move|p2b: Palafin|Protect|p2b: Palafin\n|-singleturn|p2b: Palafin|Protect\n|move|p1b: Leshy|Protect|p1b: Leshy\n|-singleturn|p1b: Leshy|Protect\n|move|p2a: Ceruledge|Tera Blast|p1a: Angler\n|-supereffective|p1a: Angler\n|-damage|p1a: Angler|0 fnt\n|faint|p1a: Angler\n|\n|-damage|p2b: Palafin|16\/100 psn|[from] psn\n|-damage|p2a: Ceruledge|32\/100 psn|[from] psn\n|upkeep\n|\n|t:|1681930550\n|switch|p1a: Prosector|Arcanine, L50, M|38\/100\n|-ability|p1a: Prosector|Intimidate|boost\n|-unboost|p2a: Ceruledge|atk|1\n|-unboost|p2b: Palafin|atk|1\n|turn|8\n|\n|t:|1681930570\n|move|p1a: Prosector|Protect|p1a: Prosector\n|-singleturn|p1a: Prosector|Protect\n|move|p2b: Palafin|Jet Punch|p1a: Prosector\n|-activate|p1a: Prosector|move: Protect\n|move|p2a: Ceruledge|Bitter Blade|p1b: Leshy\n|-damage|p1b: Leshy|22\/100\n|-heal|p2a: Ceruledge|50\/100 psn|[from] drain|[of] p1b: Leshy\n|-enditem|p1b: Leshy|Aguav Berry|[eat]\n|-heal|p1b: Leshy|55\/100|[from] item: Aguav Berry\n|move|p1b: Leshy|Knock Off|p2b: Palafin\n|-damage|p2b: Palafin|0 fnt\n|-enditem|p2b: Palafin|Mystic Water|[from] move: Knock Off|[of] p1b: Leshy\n|faint|p2b: Palafin\n|\n|-damage|p2a: Ceruledge|38\/100 psn|[from] psn\n|upkeep\n|turn|9\n|\n|t:|1681930590\n|move|p1a: Prosector|Flare Blitz|p2a: Ceruledge\n|-start|p2a: Ceruledge|ability: Flash Fire\n|move|p2a: Ceruledge|Bitter Blade|p1a: Prosector\n|-resisted|p1a: Prosector\n|-damage|p1a: Prosector|9\/100\n|-heal|p2a: Ceruledge|54\/100 psn|[from] drain|[of] p1a: Prosector\n|move|p1b: Leshy|Pollen Puff|p1a: Prosector\n|-heal|p1a: Prosector|59\/100\n|\n|-damage|p2a: Ceruledge|41\/100 psn|[from] psn\n|upkeep\n|turn|10\n|c|\u2606ElemAngell|Oh right lol\n|c|\u2606cshrubs|Lmao\n|\n|t:|1681930614\n|move|p1a: Prosector|Snarl|p2a: Ceruledge\n|-damage|p2a: Ceruledge|30\/100 psn\n|-unboost|p2a: Ceruledge|spa|1\n|move|p2a: Ceruledge|Bitter Blade|p1b: Leshy\n|-damage|p1b: Leshy|11\/100\n|-heal|p2a: Ceruledge|54\/100 psn|[from] drain|[of] p1b: Leshy\n|move|p1b: Leshy|Pollen Puff|p2a: Ceruledge\n|-supereffective|p2a: Ceruledge\n|-damage|p2a: Ceruledge|15\/100 psn\n|\n|-damage|p2a: Ceruledge|3\/100 psn|[from] psn\n|upkeep\n|turn|11\n|c|\u2606cshrubs|gg\n|c|\u2606ElemAngell|gg\n|\n|t:|1681930630\n|move|p1b: Leshy|Protect|p1b: Leshy\n|-singleturn|p1b: Leshy|Protect\n|move|p1a: Prosector|Snarl|p2a: Ceruledge\n|-damage|p2a: Ceruledge|0 fnt\n|faint|p2a: Ceruledge\n|\n|win|ElemAngell\n|raw|ElemAngell's rating: 1064 → 1097<\/strong> (+33 for winning)\n|raw|cshrubs's rating: 1098 → 1071<\/strong> (-27 for losing)\n|l|\u2606cshrubs\n","uploadtime":1681930793,"views":12,"p1id":"elemangell","p2id":"cshrubs","formatid":"gen9vgc2023regulationc","rating":1071,"private":0,"password":""}