{"id":"gen9vgc2023regulationc-1846324999","p1":"chasingdubs","p2":"Jayquaza7","format":"[Gen 9] VGC 2023 Regulation C","log":"|j|\u2606chasingdubs\n|j|\u2606Jayquaza7\n|t:|1681831759\n|gametype|doubles\n|player|p1|chasingdubs|hilbert|1000\n|player|p2|Jayquaza7|gambler|1076\n|teamsize|p1|6\n|teamsize|p2|6\n|gen|9\n|tier|[Gen 9] VGC 2023 Regulation C\n|rated|\n|rule|Species Clause: Limit one of each Pok\u00e9mon\n|rule|Item Clause: Limit one of each item\n|clearpoke\n|poke|p1|Ting-Lu, L50|\n|poke|p1|Pelipper, L50, F|\n|poke|p1|Iron Hands, L50|\n|poke|p1|Roaring Moon, L50|\n|poke|p1|Volcarona, L50, F|\n|poke|p1|Palafin, L50, F|\n|poke|p2|Dragapult, L50, F|\n|poke|p2|Tauros-Paldea-Blaze, L50, M|\n|poke|p2|Iron Bundle, L50|\n|poke|p2|Ting-Lu, L50|\n|poke|p2|Corviknight, L50, F|\n|poke|p2|Amoonguss, L50, M|\n|teampreview|4\n|\n|t:|1681831789\n|start\n|switch|p1a: Ting-Lu|Ting-Lu, L50|100\/100\n|switch|p1b: Volcarona|Volcarona, L50, F|100\/100\n|switch|p2a: Ting-Lu|Ting-Lu, L50|100\/100\n|switch|p2b: Corviknight|Corviknight, L50, F|100\/100\n|-ability|p1a: Ting-Lu|Vessel of Ruin\n|-ability|p2a: Ting-Lu|Vessel of Ruin\n|turn|1\n|\n|t:|1681831817\n|move|p1b: Volcarona|Quiver Dance|p1b: Volcarona\n|-boost|p1b: Volcarona|spa|1\n|-boost|p1b: Volcarona|spd|1\n|-boost|p1b: Volcarona|spe|1\n|move|p2b: Corviknight|Brave Bird|p1b: Volcarona\n|-supereffective|p1b: Volcarona\n|-damage|p1b: Volcarona|0 fnt\n|faint|p1b: Volcarona\n|-damage|p2b: Corviknight|75\/100|[from] Recoil\n|move|p1a: Ting-Lu|Ruination|p2a: Ting-Lu\n|-damage|p2a: Ting-Lu|50\/100\n|move|p2a: Ting-Lu|Earthquake|p1a: Ting-Lu|[spread] p1a\n|-immune|p2b: Corviknight\n|-damage|p1a: Ting-Lu|83\/100\n|\n|upkeep\n|\n|t:|1681831834\n|switch|p1b: Iron Hands|Iron Hands, L50|100\/100\n|turn|2\n|\n|t:|1681831850\n|move|p1b: Iron Hands|Fake Out|p2b: Corviknight\n|-resisted|p2b: Corviknight\n|-damage|p2b: Corviknight|66\/100\n|cant|p2b: Corviknight|flinch\n|move|p1a: Ting-Lu|Body Press|p2a: Ting-Lu\n|-supereffective|p2a: Ting-Lu\n|-damage|p2a: Ting-Lu|14\/100\n|move|p2a: Ting-Lu|Earthquake|p1a: Ting-Lu|[spread] p1a,p1b\n|-immune|p2b: Corviknight\n|-supereffective|p1b: Iron Hands\n|-damage|p1a: Ting-Lu|68\/100\n|-damage|p1b: Iron Hands|47\/100\n|\n|upkeep\n|turn|3\n|\n|t:|1681831879\n|move|p1b: Iron Hands|Protect|p1b: Iron Hands\n|-singleturn|p1b: Iron Hands|Protect\n|move|p2b: Corviknight|Tailwind|p2b: Corviknight\n|-sidestart|p2: Jayquaza7|move: Tailwind\n|move|p2a: Ting-Lu|Earthquake|p1b: Iron Hands|[spread] p1a\n|-activate|p1b: Iron Hands|move: Protect\n|-immune|p2b: Corviknight\n|-damage|p1a: Ting-Lu|51\/100\n|move|p1a: Ting-Lu|Body Press|p2a: Ting-Lu\n|-supereffective|p2a: Ting-Lu\n|-damage|p2a: Ting-Lu|0 fnt\n|faint|p2a: Ting-Lu\n|\n|upkeep\n|\n|t:|1681831903\n|switch|p2a: Dragapult|Dragapult, L50, F|100\/100\n|turn|4\n|\n|t:|1681831938\n|-terastallize|p2a: Dragapult|Dragon\n|move|p2a: Dragapult|Dragon Darts|p1b: Iron Hands\n|-damage|p1b: Iron Hands|15\/100\n|-anim|p2a: Dragapult|Dragon Darts|p1a: Ting-Lu\n|-damage|p1a: Ting-Lu|30\/100\n|move|p2b: Corviknight|Bulk Up|p2b: Corviknight\n|-boost|p2b: Corviknight|atk|1\n|-boost|p2b: Corviknight|def|1\n|move|p1a: Ting-Lu|Ruination|p2a: Dragapult\n|-damage|p2a: Dragapult|51\/100\n|move|p1b: Iron Hands|Drain Punch|p2b: Corviknight\n|-damage|p2b: Corviknight|36\/100\n|-heal|p1b: Iron Hands|27\/100|[from] drain|[of] p2b: Corviknight\n|\n|upkeep\n|turn|5\n|\n|t:|1681831969\n|-end|p1b: Iron Hands|Quark Drive|[silent]\n|switch|p1b: Roaring Moon|Roaring Moon, L50|100\/100\n|-enditem|p1b: Roaring Moon|Booster Energy\n|-activate|p1b: Roaring Moon|ability: Protosynthesis|[fromitem]\n|-start|p1b: Roaring Moon|protosynthesisatk\n|move|p1a: Ting-Lu|Protect|p1a: Ting-Lu\n|-singleturn|p1a: Ting-Lu|Protect\n|move|p2a: Dragapult|Dragon Darts|p1b: Roaring Moon\n|-supereffective|p1b: Roaring Moon\n|-damage|p1b: Roaring Moon|0 fnt\n|faint|p1b: Roaring Moon\n|-end|p1b: Roaring Moon|Protosynthesis|[silent]\n|move|p2b: Corviknight|Iron Head|p1a: Ting-Lu\n|-activate|p1a: Ting-Lu|move: Protect\n|\n|upkeep\n|-message|chasingdubs forfeited.\n|\n|win|Jayquaza7\n|raw|chasingdubs's rating: 1000 → 1000<\/strong> (+0 for losing)\n|raw|Jayquaza7's rating: 1076 → 1098<\/strong> (+22 for winning)\n|l|\u2606chasingdubs\n","uploadtime":1681832016,"views":6,"p1id":"chasingdubs","p2id":"jayquaza7","formatid":"gen9vgc2023regulationc","rating":1000,"private":0,"password":""}