{"id":"gen9vgc2023regulationc-1846529935","p1":"Clas","p2":"uhoh I poopd","format":"[Gen 9] VGC 2023 Regulation C","log":"|j|\u2606Clas\n|j|\u2606uhoh I poopd\n|t:|1681848788\n|gametype|doubles\n|player|p1|Clas|n-masters|1336\n|player|p2|uhoh I poopd|colress|1320\n|teamsize|p1|6\n|teamsize|p2|6\n|gen|9\n|tier|[Gen 9] VGC 2023 Regulation C\n|rated|\n|rule|Species Clause: Limit one of each Pok\u00e9mon\n|rule|Item Clause: Limit one of each item\n|clearpoke\n|poke|p1|Chi-Yu, L50|\n|poke|p1|Iron Bundle, L50|\n|poke|p1|Iron Hands, L50|\n|poke|p1|Farigiraf, L50, F|\n|poke|p1|Great Tusk, L50|\n|poke|p1|Vivillon-Elegant, L50, F|\n|poke|p2|Masquerain, L50, F|\n|poke|p2|Coalossal, L50, M|\n|poke|p2|Amoonguss, L50, F|\n|poke|p2|Arcanine, L50, M|\n|poke|p2|Palafin, L50, M|\n|poke|p2|Annihilape, L50, M|\n|teampreview|4\n|\n|t:|1681848893\n|start\n|switch|p1a: Great Tusk|Great Tusk, L50|100\/100\n|switch|p1b: Iron Hands|Iron Hands, L50|100\/100\n|switch|p2a: de Havilland|Masquerain, L50, F|100\/100\n|switch|p2b: Armavee|Coalossal, L50, M|100\/100\n|-ability|p2a: de Havilland|Intimidate|boost\n|-unboost|p1a: Great Tusk|atk|1\n|-unboost|p1b: Iron Hands|atk|1\n|turn|1\n|\n|t:|1681848903\n|move|p2a: de Havilland|Protect|p2a: de Havilland\n|-singleturn|p2a: de Havilland|Protect\n|move|p2b: Armavee|Protect|p2b: Armavee\n|-singleturn|p2b: Armavee|Protect\n|move|p1b: Iron Hands|Fake Out|p2a: de Havilland\n|-activate|p2a: de Havilland|move: Protect\n|move|p1a: Great Tusk|Headlong Rush|p2b: Armavee\n|-activate|p2b: Armavee|move: Protect\n|\n|upkeep\n|turn|2\n|\n|t:|1681848925\n|-end|p1b: Iron Hands|Quark Drive|[silent]\n|switch|p1b: Vivillon|Vivillon-Elegant, L50, F|100\/100\n|-terastallize|p2b: Armavee|Grass\n|move|p2a: de Havilland|Aqua Jet|p2b: Armavee\n|-resisted|p2b: Armavee\n|-damage|p2b: Armavee|98\/100\n|-ability|p2b: Armavee|Steam Engine|boost\n|-boost|p2b: Armavee|spe|6\n|move|p2b: Armavee|Tera Blast|p1a: Great Tusk\n|-supereffective|p1a: Great Tusk\n|-damage|p1a: Great Tusk|0 fnt\n|faint|p1a: Great Tusk\n|-end|p1a: Great Tusk|Protosynthesis|[silent]\n|\n|upkeep\n|\n|t:|1681848938\n|switch|p1a: Farigiraf|Farigiraf, L50, F|100\/100\n|turn|3\n|\n|t:|1681848956\n|move|p2b: Armavee|Power Gem|p1b: Vivillon\n|-supereffective|p1b: Vivillon\n|-enditem|p1b: Vivillon|Focus Sash\n|-damage|p1b: Vivillon|1\/100\n|move|p1b: Vivillon|Pollen Puff|p1a: Farigiraf\n|-immune|p1a: Farigiraf\n|move|p2a: de Havilland|Struggle Bug|p1a: Farigiraf|[spread] p1a,p1b\n|-supereffective|p1a: Farigiraf\n|-resisted|p1b: Vivillon\n|-damage|p1a: Farigiraf|78\/100\n|-damage|p1b: Vivillon|0 fnt\n|-unboost|p1a: Farigiraf|spa|1\n|faint|p1b: Vivillon\n|move|p1a: Farigiraf|Trick Room|p1a: Farigiraf\n|-fieldstart|move: Trick Room|[of] p1a: Farigiraf\n|\n|upkeep\n|\n|t:|1681848965\n|switch|p1b: Iron Hands|Iron Hands, L50|100\/100\n|turn|4\n|\n|t:|1681848975\n|switch|p2a: Toad|Amoonguss, L50, F|100\/100\n|move|p1b: Iron Hands|Fake Out|p2a: Toad\n|-damage|p2a: Toad|86\/100\n|move|p1a: Farigiraf|Nasty Plot|p1a: Farigiraf\n|-boost|p1a: Farigiraf|spa|2\n|move|p2b: Armavee|Heat Wave|p1b: Iron Hands|[spread] p1a,p1b\n|-damage|p1a: Farigiraf|54\/100\n|-damage|p1b: Iron Hands|80\/100\n|\n|upkeep\n|turn|5\n|\n|t:|1681848990\n|-terastallize|p1b: Iron Hands|Grass\n|move|p2a: Toad|Spore|p1a: Farigiraf\n|-activate|p1a: Farigiraf|item: Safety Goggles|Spore\n|move|p1b: Iron Hands|Drain Punch|p2b: Armavee\n|-damage|p2b: Armavee|63\/100\n|-heal|p1b: Iron Hands|94\/100|[from] drain|[of] p2b: Armavee\n|move|p1a: Farigiraf|Psychic|p2b: Armavee\n|-damage|p2b: Armavee|0 fnt\n|faint|p2b: Armavee\n|\n|upkeep\n|\n|t:|1681848999\n|switch|p2b: de Havilland|Masquerain, L50, F|100\/100\n|-ability|p2b: de Havilland|Intimidate|boost\n|-unboost|p1a: Farigiraf|atk|1\n|-unboost|p1b: Iron Hands|atk|1\n|turn|6\n|\n|t:|1681849006\n|move|p2a: Toad|Pollen Puff|p1a: Farigiraf\n|-supereffective|p1a: Farigiraf\n|-crit|p1a: Farigiraf\n|-damage|p1a: Farigiraf|0 fnt\n|faint|p1a: Farigiraf\n|move|p1b: Iron Hands|Swords Dance|p1b: Iron Hands\n|-boost|p1b: Iron Hands|atk|2\n|move|p2b: de Havilland|Struggle Bug|p1b: Iron Hands\n|-supereffective|p1b: Iron Hands\n|-damage|p1b: Iron Hands|69\/100\n|-unboost|p1b: Iron Hands|spa|1\n|\n|upkeep\n|turn|7\n|inactive|Battle timer is ON: inactive players will automatically lose when time's up. (requested by uhoh I poopd)\n|c|\u2606uhoh I poopd|Gg\n|inactive|Clas has 60 seconds left.\n|\n|t:|1681849070\n|switch|p2b: Angy|Annihilape, L50, M|100\/100\n|move|p2a: Toad|Pollen Puff|p1b: Iron Hands\n|-supereffective|p1b: Iron Hands\n|-damage|p1b: Iron Hands|43\/100\n|-enditem|p1b: Iron Hands|Sitrus Berry|[eat]\n|-heal|p1b: Iron Hands|67\/100|[from] item: Sitrus Berry\n|move|p1b: Iron Hands|Wild Charge|p2b: Angy\n|-damage|p2b: Angy|32\/100\n|-damage|p1b: Iron Hands|52\/100|[from] Recoil\n|\n|-heal|p2b: Angy|38\/100|[from] item: Leftovers\n|-fieldend|move: Trick Room\n|upkeep\n|turn|8\n|\n|t:|1681849090\n|switch|p2a: de Havilland|Masquerain, L50, F|100\/100\n|-ability|p2a: de Havilland|Intimidate|boost\n|-unboost|p1b: Iron Hands|atk|1\n|move|p2b: Angy|Bulk Up|p2b: Angy\n|-boost|p2b: Angy|atk|1\n|-boost|p2b: Angy|def|1\n|move|p1b: Iron Hands|Wild Charge|p2b: Angy\n|-damage|p2b: Angy|9\/100\n|-damage|p1b: Iron Hands|46\/100|[from] Recoil\n|\n|-heal|p2b: Angy|15\/100|[from] item: Leftovers\n|upkeep\n|turn|9\n|-message|Clas forfeited.\n|\n|win|uhoh I poopd\n|raw|Clas's rating: 1336 → 1315<\/strong> (-21 for losing)\n|raw|uhoh I poopd's rating: 1320 → 1341<\/strong> (+21 for winning)\n|l|\u2606Clas\n","uploadtime":1681849104,"views":10,"p1id":"clas","p2id":"uhohipoopd","formatid":"gen9vgc2023regulationc","rating":1315,"private":0,"password":""}