{"id":"gen9vgc2023regulationc-1849368661","p1":"Esspecialy","p2":"MarcoPiero","format":"[Gen 9] VGC 2023 Regulation C","log":"|j|\u2606Esspecialy\n|j|\u2606MarcoPiero\n|t:|1682190764\n|gametype|doubles\n|player|p1|Esspecialy|burglar|1323\n|player|p2|MarcoPiero|dancer|1283\n|teamsize|p1|6\n|teamsize|p2|6\n|gen|9\n|tier|[Gen 9] VGC 2023 Regulation C\n|rated|\n|rule|Species Clause: Limit one of each Pok\u00e9mon\n|rule|Item Clause: Limit one of each item\n|clearpoke\n|poke|p1|Wo-Chien, L50|\n|poke|p1|Chi-Yu, L50|\n|poke|p1|Gholdengo, L50|\n|poke|p1|Maushold, L50|\n|poke|p1|Chien-Pao, L50|\n|poke|p1|Dragonite, L50, F|\n|poke|p2|Arcanine, L50, F|\n|poke|p2|Chien-Pao, L50|\n|poke|p2|Dragapult, L50, M|\n|poke|p2|Flutter Mane, L50|\n|poke|p2|Amoonguss, L50, M|\n|poke|p2|Palafin, L50, M|\n|teampreview|4\n|inactive|Battle timer is ON: inactive players will automatically lose when time's up. (requested by MarcoPiero)\n|\n|t:|1682190792\n|start\n|switch|p1a: Mausmaus|Maushold, L50|100\/100\n|switch|p1b: Annihilape2|Gholdengo, L50|100\/100\n|switch|p2a: Palafin|Palafin, L50, M|100\/100\n|switch|p2b: Dragapult|Dragapult, L50, M|100\/100\n|turn|1\n|inactive|MarcoPiero has 30 seconds left.\n|inactive|Esspecialy has 30 seconds left.\n|inactive|MarcoPiero has 20 seconds left.\n|inactive|MarcoPiero has 15 seconds left.\n|inactive|MarcoPiero has 10 seconds left.\n|inactive|MarcoPiero has 5 seconds left.\n|\n|t:|1682190843\n|move|p2b: Dragapult|Dragon Darts|p1a: Mausmaus\n|-damage|p1a: Mausmaus|36\/100\n|-anim|p2b: Dragapult|Dragon Darts|p1b: Annihilape2\n|-resisted|p1b: Annihilape2\n|-damage|p1b: Annihilape2|85\/100\n|move|p1a: Mausmaus|Population Bomb|p2a: Palafin\n|-damage|p2a: Palafin|91\/100\n|-damage|p2a: Palafin|82\/100\n|-damage|p2a: Palafin|73\/100\n|-damage|p2a: Palafin|65\/100\n|-damage|p2a: Palafin|56\/100\n|-damage|p2a: Palafin|47\/100\n|-damage|p2a: Palafin|39\/100\n|-damage|p2a: Palafin|29\/100\n|-damage|p2a: Palafin|19\/100\n|-damage|p2a: Palafin|10\/100\n|-hitcount|p2a: Palafin|10\n|move|p1b: Annihilape2|Nasty Plot|p1b: Annihilape2\n|-boost|p1b: Annihilape2|spa|2\n|move|p2a: Palafin|Wave Crash|p1a: Mausmaus\n|-damage|p1a: Mausmaus|0 fnt\n|faint|p1a: Mausmaus\n|-damage|p2a: Palafin|1\/100|[from] Recoil\n|\n|upkeep\n|\n|t:|1682190866\n|switch|p1a: Chien-Poo|Chien-Pao, L50|100\/100\n|-ability|p1a: Chien-Poo|Sword of Ruin\n|turn|2\n|inactive|MarcoPiero has 30 seconds left.\n|\n|t:|1682190893\n|switch|p2b: Chien-Pao|Chien-Pao, L50|100\/100\n|-ability|p2b: Chien-Pao|Sword of Ruin\n|detailschange|p2a: Palafin|Palafin-Hero, L50, M\n|switch|p2a: Arcanine|Arcanine, L50, F|100\/100\n|-ability|p2a: Arcanine|Intimidate|boost\n|-unboost|p1a: Chien-Poo|atk|1\n|-unboost|p1b: Annihilape2|atk|1\n|move|p1b: Annihilape2|Protect|p1b: Annihilape2\n|-singleturn|p1b: Annihilape2|Protect\n|move|p1a: Chien-Poo|Sucker Punch||[still]\n|-fail|p1a: Chien-Poo\n|\n|upkeep\n|turn|3\n|inactive|Esspecialy has 30 seconds left.\n|\n|t:|1682190918\n|-terastallize|p1b: Annihilape2|Steel\n|move|p2b: Chien-Pao|Sucker Punch|p1b: Annihilape2\n|-damage|p1b: Annihilape2|27\/100\n|move|p1a: Chien-Poo|Throat Chop|p2a: Arcanine\n|-damage|p2a: Arcanine|67\/100\n|-start|p2a: Arcanine|Throat Chop|[silent]\n|move|p1b: Annihilape2|Shadow Ball|p2a: Arcanine\n|-damage|p2a: Arcanine|0 fnt\n|faint|p2a: Arcanine\n|-damage|p1b: Annihilape2|17\/100|[from] item: Life Orb\n|\n|upkeep\n|\n|t:|1682190933\n|switch|p2a: Dragapult|Dragapult, L50, M|100\/100\n|turn|4\n|inactive|MarcoPiero has 30 seconds left.\n|inactive|MarcoPiero has 20 seconds left.\n|inactive|MarcoPiero has 15 seconds left.\n|inactive|MarcoPiero has 10 seconds left.\n|\n|t:|1682190983\n|-terastallize|p2a: Dragapult|Steel\n|move|p1a: Chien-Poo|Sucker Punch|p2a: Dragapult\n|-damage|p2a: Dragapult|58\/100\n|move|p2b: Chien-Pao|Sucker Punch|p1b: Annihilape2\n|-damage|p1b: Annihilape2|0 fnt\n|faint|p1b: Annihilape2\n|move|p2a: Dragapult|Tera Blast|p1a: Chien-Poo\n|-supereffective|p1a: Chien-Poo\n|-enditem|p1a: Chien-Poo|Focus Sash\n|-damage|p1a: Chien-Poo|1\/100\n|\n|upkeep\n|\n|t:|1682190988\n|switch|p1b: Salamance|Dragonite, L50, F, shiny|100\/100\n|turn|5\n|inactive|MarcoPiero has 30 seconds left.\n|inactive|MarcoPiero has 20 seconds left.\n|inactive|MarcoPiero has 15 seconds left.\n|inactive|MarcoPiero has 10 seconds left.\n|\n|t:|1682191036\n|move|p1b: Salamance|Extreme Speed|p2b: Chien-Pao\n|-damage|p2b: Chien-Pao|40\/100\n|move|p1a: Chien-Poo|Sucker Punch|p2b: Chien-Pao\n|-resisted|p2b: Chien-Pao\n|-damage|p2b: Chien-Pao|25\/100\n|move|p2a: Dragapult|Tera Blast|p1b: Salamance\n|-damage|p1b: Salamance|54\/100\n|move|p2b: Chien-Pao|Ice Spinner|p1b: Salamance\n|-supereffective|p1b: Salamance\n|-damage|p1b: Salamance|0 fnt\n|faint|p1b: Salamance\n|\n|upkeep\n|turn|6\n|-message|Esspecialy forfeited.\n|\n|win|MarcoPiero\n|raw|Esspecialy's rating: 1323 → 1301<\/strong> (-22 for losing)\n|raw|MarcoPiero's rating: 1283 → 1311<\/strong> (+28 for winning)\n","uploadtime":1682191052,"views":16,"p1id":"esspecialy","p2id":"marcopiero","formatid":"gen9vgc2023regulationc","rating":1301,"private":0,"password":""}