{"id":"gen9vgc2023regulationc-1851720512","p1":"Hinata Jumps","p2":"Kiryae","format":"[Gen 9] VGC 2023 Regulation C","log":"|j|\u2606Hinata Jumps\n|j|\u2606Kiryae\n|t:|1682474033\n|gametype|doubles\n|player|p1|Hinata Jumps|crasherwake|1412\n|player|p2|Kiryae|1|1437\n|teamsize|p1|6\n|teamsize|p2|6\n|gen|9\n|tier|[Gen 9] VGC 2023 Regulation C\n|rated|\n|rule|Species Clause: Limit one of each Pok\u00e9mon\n|rule|Item Clause: Limit one of each item\n|clearpoke\n|poke|p1|Chi-Yu, L50|\n|poke|p1|Ting-Lu, L50|\n|poke|p1|Oranguru, L50, F|\n|poke|p1|Annihilape, L50, M|\n|poke|p1|Abomasnow, L50, F|\n|poke|p1|Iron Bundle, L50|\n|poke|p2|Chi-Yu, L50|\n|poke|p2|Palafin, L50, F|\n|poke|p2|Pelipper, L50, M|\n|poke|p2|Iron Hands, L50|\n|poke|p2|Amoonguss, L50, M|\n|poke|p2|Flutter Mane, L50|\n|teampreview|4\n|inactive|Battle timer is ON: inactive players will automatically lose when time's up. (requested by Kiryae)\n|inactive|Hinata Jumps has 60 seconds left.\n|inactive|Kiryae has 60 seconds left.\n|\n|t:|1682474093\n|start\n|switch|p1a: Ting-Lu|Ting-Lu, L50|100\/100\n|switch|p1b: Annihilape|Annihilape, L50, M|100\/100\n|switch|p2a: Chi-Yu|Chi-Yu, L50|100\/100\n|switch|p2b: Palafin|Palafin, L50, F|100\/100\n|-ability|p2a: Chi-Yu|Beads of Ruin\n|-ability|p1a: Ting-Lu|Vessel of Ruin\n|turn|1\n|\n|t:|1682474112\n|switch|p2a: Pelipper|Pelipper, L50, M|100\/100\n|-weather|RainDance|[from] ability: Drizzle|[of] p2a: Pelipper\n|-terastallize|p1a: Ting-Lu|Ground\n|move|p2b: Palafin|Protect|p2b: Palafin\n|-singleturn|p2b: Palafin|Protect\n|move|p1b: Annihilape|Final Gambit|p2b: Palafin\n|-activate|p2b: Palafin|move: Protect\n|move|p1a: Ting-Lu|Earthquake|p2b: Palafin|[spread] p1b\n|-activate|p2b: Palafin|move: Protect\n|-immune|p2a: Pelipper\n|-damage|p1b: Annihilape|56\/100\n|\n|-weather|RainDance|[upkeep]\n|upkeep\n|turn|2\n|inactive|Hinata Jumps has 30 seconds left.\n|inactive|Kiryae has 30 seconds left.\n|inactive|Kiryae has 20 seconds left.\n|\n|t:|1682474151\n|switch|p1b: Oranguru|Oranguru, L50, F|100\/100\n|detailschange|p2b: Palafin|Palafin-Hero, L50, F\n|switch|p2b: Flutter Mane|Flutter Mane, L50|100\/100\n|switch|p1a: Abomasnow|Abomasnow, L50, F|100\/100\n|-weather|Snow|[from] ability: Snow Warning|[of] p1a: Abomasnow\n|move|p2a: Pelipper|Protect||[still]\n|-fail|p2a: Pelipper\n|\n|-weather|Snow|[upkeep]\n|upkeep\n|turn|3\n|inactive|Kiryae has 30 seconds left.\n|inactive|Kiryae has 20 seconds left.\n|\n|t:|1682474188\n|switch|p2a: Chi-Yu|Chi-Yu, L50|100\/100\n|-ability|p2a: Chi-Yu|Beads of Ruin\n|move|p2b: Flutter Mane|Dazzling Gleam|p1a: Abomasnow|[spread] p1a,p1b\n|-damage|p1a: Abomasnow|25\/100\n|-damage|p1b: Oranguru|53\/100\n|-enditem|p1a: Abomasnow|Sitrus Berry|[eat]\n|-heal|p1a: Abomasnow|50\/100|[from] item: Sitrus Berry\n|move|p1a: Abomasnow|Blizzard|p2a: Chi-Yu|[spread] p2a,p2b\n|-resisted|p2a: Chi-Yu\n|-damage|p2a: Chi-Yu|79\/100\n|-damage|p2b: Flutter Mane|47\/100\n|-status|p2a: Chi-Yu|frz\n|move|p1b: Oranguru|Trick Room|p1b: Oranguru\n|-fieldstart|move: Trick Room|[of] p1b: Oranguru\n|\n|-weather|Snow|[upkeep]\n|upkeep\n|turn|4\n|\n|t:|1682474211\n|-end|p2b: Flutter Mane|Protosynthesis|[silent]\n|switch|p2b: Pelipper|Pelipper, L50, M|100\/100\n|-weather|RainDance|[from] ability: Drizzle|[of] p2b: Pelipper\n|move|p1a: Abomasnow|Earth Power|p2a: Chi-Yu\n|-supereffective|p2a: Chi-Yu\n|-damage|p2a: Chi-Yu|16\/100 frz\n|move|p1b: Oranguru|Instruct|p1a: Abomasnow\n|-singleturn|p1a: Abomasnow|move: Instruct|[of] p1b: Oranguru\n|move|p1a: Abomasnow|Earth Power|p2a: Chi-Yu\n|-supereffective|p2a: Chi-Yu\n|-damage|p2a: Chi-Yu|0 fnt\n|faint|p2a: Chi-Yu\n|\n|-weather|RainDance|[upkeep]\n|upkeep\n|\n|t:|1682474225\n|switch|p2a: Palafin|Palafin-Hero, L50, F|100\/100\n|-activate|p2a: Palafin|ability: Zero to Hero\n|turn|5\n|\n|t:|1682474239\n|switch|p1a: Annihilape|Annihilape, L50, M|56\/100\n|move|p1b: Oranguru|Protect|p1b: Oranguru\n|-singleturn|p1b: Oranguru|Protect\n|move|p2a: Palafin|Protect|p2a: Palafin\n|-singleturn|p2a: Palafin|Protect\n|move|p2b: Pelipper|Hydro Pump|p1a: Annihilape\n|-damage|p1a: Annihilape|0 fnt\n|faint|p1a: Annihilape\n|\n|-weather|RainDance|[upkeep]\n|upkeep\n|\n|t:|1682474241\n|switch|p1a: Abomasnow|Abomasnow, L50, F|50\/100\n|-weather|Snow|[from] ability: Snow Warning|[of] p1a: Abomasnow\n|turn|6\n|inactive|Kiryae has 30 seconds left.\n|inactive|Kiryae has 20 seconds left.\n|inactive|Kiryae has 15 seconds left.\n|inactive|Kiryae has 10 seconds left.\n|inactive|Kiryae has 5 seconds left.\n|\n|t:|1682474294\n|switch|p2b: Flutter Mane|Flutter Mane, L50|47\/100\n|move|p1a: Abomasnow|Giga Drain|p2a: Palafin\n|-supereffective|p2a: Palafin\n|-damage|p2a: Palafin|38\/100\n|-heal|p1a: Abomasnow|83\/100|[from] drain|[of] p2a: Palafin\n|move|p1b: Oranguru|Instruct|p1a: Abomasnow\n|-singleturn|p1a: Abomasnow|move: Instruct|[of] p1b: Oranguru\n|move|p1a: Abomasnow|Giga Drain|p2a: Palafin\n|-supereffective|p2a: Palafin\n|-damage|p2a: Palafin|0 fnt\n|-heal|p1a: Abomasnow|100\/100|[from] drain|[of] p2a: Palafin\n|faint|p2a: Palafin\n|\n|-weather|Snow|[upkeep]\n|upkeep\n|\n|t:|1682474306\n|switch|p2a: Pelipper|Pelipper, L50, M|100\/100\n|-weather|RainDance|[from] ability: Drizzle|[of] p2a: Pelipper\n|turn|7\n|\n|t:|1682474332\n|switch|p1a: Ting-Lu|Ting-Lu, L50, tera:Ground|100\/100\n|-ability|p1a: Ting-Lu|Vessel of Ruin\n|-terastallize|p2b: Flutter Mane|Fairy\n|move|p2a: Pelipper|Hurricane|p1a: Ting-Lu\n|-damage|p1a: Ting-Lu|74\/100\n|-start|p1a: Ting-Lu|confusion\n|move|p2b: Flutter Mane|Dazzling Gleam|p1a: Ting-Lu|[spread] p1a,p1b\n|-damage|p1a: Ting-Lu|35\/100\n|-damage|p1b: Oranguru|21\/100\n|move|p1b: Oranguru|Trick Room|p1b: Oranguru\n|-fieldend|move: Trick Room\n|\n|-weather|RainDance|[upkeep]\n|upkeep\n|turn|8\n|inactive|Hinata Jumps has 30 seconds left.\n|\n|t:|1682474361\n|move|p1b: Oranguru|Protect|p1b: Oranguru\n|-singleturn|p1b: Oranguru|Protect\n|move|p2b: Flutter Mane|Dazzling Gleam|p1b: Oranguru|[spread] p1a\n|-activate|p1b: Oranguru|move: Protect\n|-damage|p1a: Ting-Lu|0 fnt\n|faint|p1a: Ting-Lu\n|move|p2a: Pelipper|Hurricane|p1b: Oranguru\n|-activate|p1b: Oranguru|move: Protect\n|\n|-weather|RainDance|[upkeep]\n|upkeep\n|\n|t:|1682474363\n|switch|p1a: Abomasnow|Abomasnow, L50, F|100\/100\n|-weather|Snow|[from] ability: Snow Warning|[of] p1a: Abomasnow\n|turn|9\n|\n|t:|1682474377\n|move|p2b: Flutter Mane|Dazzling Gleam|p1a: Abomasnow|[spread] p1a,p1b\n|-damage|p1a: Abomasnow|27\/100\n|-damage|p1b: Oranguru|0 fnt\n|faint|p1b: Oranguru\n|move|p2a: Pelipper|Hurricane|p1a: Abomasnow|[miss]\n|-miss|p2a: Pelipper|p1a: Abomasnow\n|move|p1a: Abomasnow|Blizzard|p2a: Pelipper|[spread] p2a,p2b\n|-damage|p2a: Pelipper|38\/100\n|-damage|p2b: Flutter Mane|5\/100\n|\n|-weather|Snow|[upkeep]\n|upkeep\n|turn|10\n|\n|t:|1682474400\n|move|p2b: Flutter Mane|Dazzling Gleam|p1a: Abomasnow\n|-damage|p1a: Abomasnow|0 fnt\n|faint|p1a: Abomasnow\n|\n|win|Kiryae\n|raw|Hinata Jumps's rating: 1412 → 1393<\/strong> (-19 for losing)\n|raw|Kiryae's rating: 1437 → 1456<\/strong> (+19 for winning)\n|l|\u2606Hinata Jumps\n","uploadtime":1682474411,"views":11,"p1id":"hinatajumps","p2id":"kiryae","formatid":"gen9vgc2023regulationc","rating":1393,"private":0,"password":""}