{"id":"gen9vgc2023regulationc-1848135713","p1":"snailomi","p2":"Voiceactive","format":"[Gen 9] VGC 2023 Regulation C","log":"|j|\u2606snailomi\n|j|\u2606Voiceactive\n|t:|1682033853\n|gametype|doubles\n|player|p1|snailomi|2|1033\n|player|p2|Voiceactive|byron|1018\n|teamsize|p1|6\n|teamsize|p2|6\n|gen|9\n|tier|[Gen 9] VGC 2023 Regulation C\n|rated|\n|rule|Species Clause: Limit one of each Pok\u00e9mon\n|rule|Item Clause: Limit one of each item\n|clearpoke\n|poke|p1|Flapple, L50, F|\n|poke|p1|Sandy Shocks, L50|\n|poke|p1|Espathra, L50, M|\n|poke|p1|Arcanine, L50, F|\n|poke|p1|Iron Bundle, L50|\n|poke|p1|Dragonite, L50, M|\n|poke|p2|Iron Valiant, L50|\n|poke|p2|Rotom-Wash, L50|\n|poke|p2|Dragalge, L50, M|\n|poke|p2|Grafaiai, L50, M|\n|poke|p2|Chien-Pao, L50|\n|poke|p2|Zangoose, L50, M|\n|teampreview|4\nsnailomi rejected open team sheets.\n|\n|t:|1682033918\n|start\n|switch|p1a: Flapple|Flapple, L50, F|100\/100\n|switch|p1b: Sandy Shocks|Sandy Shocks, L50|100\/100\n|switch|p2a: Grafaiai|Grafaiai, L50, M|100\/100\n|switch|p2b: Dragalge|Dragalge, L50, M|100\/100\n|-enditem|p1b: Sandy Shocks|Booster Energy\n|-activate|p1b: Sandy Shocks|ability: Protosynthesis|[fromitem]\n|-start|p1b: Sandy Shocks|protosynthesisspe\n|turn|1\n|\n|t:|1682033950\n|-terastallize|p1a: Flapple|Grass\n|move|p2a: Grafaiai|Parting Shot|p1a: Flapple\n|-unboost|p1a: Flapple|atk|1\n|-unboost|p1a: Flapple|spa|1\n|\n|t:|1682033958\n|switch|p2a: Rotom|Rotom-Wash, L50|100\/100|[from] Parting Shot\n|move|p1b: Sandy Shocks|Gravity|p1b: Sandy Shocks\n|-fieldstart|move: Gravity\n|move|p1a: Flapple|Grav Apple|p2b: Dragalge\n|-resisted|p2b: Dragalge\n|-crit|p2b: Dragalge\n|-damage|p2b: Dragalge|38\/100\n|-unboost|p2b: Dragalge|def|1\n|-damage|p1a: Flapple|91\/100|[from] item: Life Orb\n|move|p2b: Dragalge|Smokescreen|p1a: Flapple\n|-unboost|p1a: Flapple|accuracy|1\n|\n|-heal|p2b: Dragalge|44\/100|[from] item: Black Sludge\n|upkeep\n|turn|2\n|\n|t:|1682033988\n|switch|p1a: Espathra|Espathra, L50, M|100\/100\n|move|p2b: Dragalge|Protect|p2b: Dragalge\n|-singleturn|p2b: Dragalge|Protect\n|move|p1b: Sandy Shocks|Thunder|p2b: Dragalge\n|-activate|p2b: Dragalge|move: Protect\n|move|p2a: Rotom|Hydro Pump|p1b: Sandy Shocks\n|-supereffective|p1b: Sandy Shocks\n|-damage|p1b: Sandy Shocks|0 fnt\n|faint|p1b: Sandy Shocks\n|-end|p1b: Sandy Shocks|Protosynthesis|[silent]\n|\n|-heal|p2b: Dragalge|50\/100|[from] item: Black Sludge\n|upkeep\n|\n|t:|1682034002\n|switch|p1b: Flapple|Flapple, L50, F, tera:Grass|91\/100\n|turn|3\n|\n|t:|1682034034\n|switch|p2a: Grafaiai|Grafaiai, L50, M|100\/100\n|move|p1a: Espathra|Dazzling Gleam|p2b: Dragalge|[spread] p2a,p2b\n|-resisted|p2a: Grafaiai\n|-damage|p2a: Grafaiai|93\/100\n|-damage|p2b: Dragalge|38\/100\n|move|p1b: Flapple|Grav Apple|p2a: Grafaiai\n|-resisted|p2a: Grafaiai\n|-damage|p2a: Grafaiai|0 fnt\n|faint|p2a: Grafaiai\n|-damage|p1b: Flapple|81\/100|[from] item: Life Orb\n|move|p2b: Dragalge|Sludge Bomb|p1b: Flapple\n|-supereffective|p1b: Flapple\n|-damage|p1b: Flapple|0 fnt\n|faint|p1b: Flapple\n|\n|-heal|p2b: Dragalge|44\/100|[from] item: Black Sludge\n|-ability|p1a: Espathra|Speed Boost|boost\n|-boost|p1a: Espathra|spe|1\n|upkeep\n|\n|t:|1682034054\n|switch|p1b: Iron Bundle|Iron Bundle, L50|100\/100\n|switch|p2a: Rotom|Rotom-Wash, L50|100\/100\n|turn|4\n|\n|t:|1682034076\n|-terastallize|p2a: Rotom|Ghost\n|move|p2b: Dragalge|Protect|p2b: Dragalge\n|-singleturn|p2b: Dragalge|Protect\n|move|p1a: Espathra|Hypnosis|p2a: Rotom\n|-status|p2a: Rotom|slp|[from] move: Hypnosis\n|move|p1b: Iron Bundle|Icy Wind|p2b: Dragalge|[spread] p2a\n|-activate|p2b: Dragalge|move: Protect\n|-damage|p2a: Rotom|80\/100 slp\n|-unboost|p2a: Rotom|spe|1\n|cant|p2a: Rotom|slp\n|\n|-heal|p2a: Rotom|86\/100 slp|[from] item: Leftovers\n|-heal|p2b: Dragalge|49\/100|[from] item: Black Sludge\n|-ability|p1a: Espathra|Speed Boost|boost\n|-boost|p1a: Espathra|spe|1\n|upkeep\n|turn|5\n|\n|t:|1682034106\n|move|p1a: Espathra|Hypnosis|p2b: Dragalge\n|-status|p2b: Dragalge|slp|[from] move: Hypnosis\n|move|p1b: Iron Bundle|Icy Wind|p2a: Rotom|[spread] p2a,p2b\n|-supereffective|p2b: Dragalge\n|-damage|p2a: Rotom|68\/100 slp\n|-damage|p2b: Dragalge|21\/100 slp\n|-unboost|p2a: Rotom|spe|1\n|-unboost|p2b: Dragalge|spe|1\n|cant|p2a: Rotom|slp\n|cant|p2b: Dragalge|slp\n|\n|-heal|p2a: Rotom|74\/100 slp|[from] item: Leftovers\n|-heal|p2b: Dragalge|27\/100 slp|[from] item: Black Sludge\n|-fieldend|move: Gravity\n|-ability|p1a: Espathra|Speed Boost|boost\n|-boost|p1a: Espathra|spe|1\n|upkeep\n|turn|6\n|\n|t:|1682034144\n|cant|p2b: Dragalge|slp\n|move|p1a: Espathra|Lumina Crash|p2a: Rotom\n|-damage|p2a: Rotom|45\/100 slp\n|-unboost|p2a: Rotom|spd|2\n|move|p1b: Iron Bundle|Hydro Pump|p2b: Dragalge\n|-resisted|p2b: Dragalge\n|-damage|p2b: Dragalge|8\/100 slp\n|cant|p2a: Rotom|slp\n|\n|-heal|p2a: Rotom|51\/100 slp|[from] item: Leftovers\n|-heal|p2b: Dragalge|14\/100 slp|[from] item: Black Sludge\n|-ability|p1a: Espathra|Speed Boost|boost\n|-boost|p1a: Espathra|spe|1\n|upkeep\n|turn|7\n|\n|t:|1682034171\n|-curestatus|p2b: Dragalge|slp|[msg]\n|move|p2b: Dragalge|Protect|p2b: Dragalge\n|-singleturn|p2b: Dragalge|Protect\n|move|p1a: Espathra|Dazzling Gleam|p2b: Dragalge|[spread] p2a\n|-activate|p2b: Dragalge|move: Protect\n|-crit|p2a: Rotom\n|-damage|p2a: Rotom|6\/100 slp\n|move|p1b: Iron Bundle|Icy Wind|p2b: Dragalge|[spread] p2a\n|-activate|p2b: Dragalge|move: Protect\n|-damage|p2a: Rotom|0 fnt\n|faint|p2a: Rotom\n|\n|-heal|p2b: Dragalge|20\/100|[from] item: Black Sludge\n|-ability|p1a: Espathra|Speed Boost|boost\n|-boost|p1a: Espathra|spe|1\n|upkeep\n|\n|t:|1682034188\n|switch|p2a: Casshan|Iron Valiant, L50|100\/100\n|-enditem|p2a: Casshan|Booster Energy\n|-activate|p2a: Casshan|ability: Quark Drive|[fromitem]\n|-start|p2a: Casshan|quarkdriveatk\n|turn|8\n|\n|t:|1682034218\n|move|p2a: Casshan|Protect|p2a: Casshan\n|-singleturn|p2a: Casshan|Protect\n|move|p1a: Espathra|Lumina Crash|p2a: Casshan\n|-activate|p2a: Casshan|move: Protect\n|move|p1b: Iron Bundle|Freeze-Dry|p2b: Dragalge\n|-supereffective|p2b: Dragalge\n|-damage|p2b: Dragalge|0 fnt\n|faint|p2b: Dragalge\n|\n|-ability|p1a: Espathra|Speed Boost|boost\n|-boost|p1a: Espathra|spe|1\n|upkeep\n|turn|9\n|\n|t:|1682034235\n|move|p1a: Espathra|Lumina Crash|p2a: Casshan\n|-supereffective|p2a: Casshan\n|-damage|p2a: Casshan|0 fnt\n|faint|p2a: Casshan\n|-end|p2a: Casshan|Quark Drive|[silent]\n|\n|win|snailomi\n|raw|snailomi's rating: 1033 → 1067<\/strong> (+34 for winning)\n|raw|Voiceactive's rating: 1018 → 1006<\/strong> (-12 for losing)\n|c|\u2606snailomi|gg\n|l|\u2606Voiceactive\n","uploadtime":1682034244,"views":4,"p1id":"snailomi","p2id":"voiceactive","formatid":"gen9vgc2023regulationc","rating":1006,"private":0,"password":""}