{"id":"gen9vgc2023regulationc-1856357325","p1":"haha you rage quit","p2":"Novikuh","format":"[Gen 9] VGC 2023 Regulation C","log":"|j|\u2606haha you rage quit\n|j|\u2606Novikuh\n|t:|1683053784\n|gametype|doubles\n|player|p1|haha you rage quit|pokemaniac|1220\n|player|p2|Novikuh|n|1221\n|teamsize|p1|6\n|teamsize|p2|6\n|gen|9\n|tier|[Gen 9] VGC 2023 Regulation C\n|rated|\n|rule|Species Clause: Limit one of each Pok\u00e9mon\n|rule|Item Clause: Limit one of each item\n|clearpoke\n|poke|p1|Torkoal, L50, M|\n|poke|p1|Annihilape, L50, M|\n|poke|p1|Kingambit, L50, M|\n|poke|p1|Hatterene, L50, F|\n|poke|p1|Indeedee-F, L50, F|\n|poke|p1|Armarouge, L50, M|\n|poke|p2|Annihilape, L50, F|\n|poke|p2|Maushold, L50|\n|poke|p2|Flutter Mane, L50|\n|poke|p2|Chien-Pao, L50|\n|poke|p2|Arcanine, L50, M|\n|poke|p2|Farigiraf, L50, F|\n|teampreview|4\n|inactive|Battle timer is ON: inactive players will automatically lose when time's up. (requested by Novikuh)\n|inactive|haha you rage quit has 60 seconds left.\n|inactive|Novikuh has 60 seconds left.\n|\n|t:|1683053828\n|start\n|switch|p1a: Kingambit|Kingambit, L50, M, shiny|100\/100\n|switch|p1b: Hatterene|Hatterene, L50, F|100\/100\n|switch|p2a: Chien-Pao|Chien-Pao, L50|100\/100\n|switch|p2b: Arcanine|Arcanine, L50, M|100\/100\n|-ability|p2a: Chien-Pao|Sword of Ruin\n|-ability|p2b: Arcanine|Intimidate|boost\n|-unboost|p1a: Kingambit|atk|1\n|-ability|p1a: Kingambit|Defiant|boost\n|-boost|p1a: Kingambit|atk|2\n|-unboost|p1b: Hatterene|atk|1\n|turn|1\n|inactive|haha you rage quit has 30 seconds left.\n|\n|t:|1683053854\n|switch|p2a: Farigiraf|Farigiraf, L50, F|100\/100\n|-terastallize|p1a: Kingambit|Flying\n|move|p2b: Arcanine|Flare Blitz|p1a: Kingambit\n|-damage|p1a: Kingambit|58\/100\n|-damage|p2b: Arcanine|86\/100|[from] Recoil\n|move|p1a: Kingambit|Low Kick|p2a: Farigiraf\n|-damage|p2a: Farigiraf|55\/100\n|move|p1b: Hatterene|Trick Room|p1b: Hatterene\n|-fieldstart|move: Trick Room|[of] p1b: Hatterene\n|\n|upkeep\n|turn|2\n|inactive|haha you rage quit has 30 seconds left.\n|inactive|Novikuh has 30 seconds left.\n|\n|t:|1683053889\n|-terastallize|p2b: Arcanine|Fire\n|move|p2a: Farigiraf|Protect|p2a: Farigiraf\n|-singleturn|p2a: Farigiraf|Protect\n|move|p1b: Hatterene|Psychic|p2b: Arcanine\n|-damage|p2b: Arcanine|12\/100\n|-enditem|p2b: Arcanine|Sitrus Berry|[eat]\n|-heal|p2b: Arcanine|36\/100|[from] item: Sitrus Berry\n|-damage|p1b: Hatterene|91\/100|[from] item: Life Orb\n|move|p1a: Kingambit|Kowtow Cleave|p2a: Farigiraf\n|-activate|p2a: Farigiraf|move: Protect\n|move|p2b: Arcanine|Flare Blitz|p1a: Kingambit\n|-damage|p1a: Kingambit|0 fnt\n|faint|p1a: Kingambit\n|-damage|p2b: Arcanine|16\/100|[from] Recoil\n|\n|upkeep\n|\n|t:|1683053895\n|switch|p1a: Armarouge|Armarouge, L50, M|100\/100\n|turn|3\n|inactive|Novikuh has 30 seconds left.\n|inactive|Novikuh has 20 seconds left.\n|inactive|Novikuh has 15 seconds left.\n|inactive|Novikuh has 10 seconds left.\n|inactive|Novikuh has 5 seconds left.\n|\n|t:|1683053948\n|switch|p1b: Indeedee|Indeedee-F, L50, F, shiny|100\/100\n|-fieldstart|move: Psychic Terrain|[from] ability: Psychic Surge|[of] p1b: Indeedee\n|-enditem|p1b: Indeedee|Psychic Seed\n|-boost|p1b: Indeedee|spd|1|[from] item: Psychic Seed\n|move|p2b: Arcanine|Extreme Speed|p1b: Indeedee\n|-activate|p1b: Indeedee|move: Psychic Terrain\n|move|p1a: Armarouge|Expanding Force|p2b: Arcanine|[spread] p2a,p2b\n|-resisted|p2a: Farigiraf\n|-damage|p2a: Farigiraf|16\/100\n|-damage|p2b: Arcanine|0 fnt\n|faint|p2b: Arcanine\n|move|p2a: Farigiraf|Trick Room|p2a: Farigiraf\n|-fieldend|move: Trick Room\n|\n|upkeep\n|\n|t:|1683053967\n|switch|p2b: Chien-Pao|Chien-Pao, L50|100\/100\n|-ability|p2b: Chien-Pao|Sword of Ruin\n|turn|4\n|\n|t:|1683053990\n|move|p1b: Indeedee|Follow Me|p1b: Indeedee\n|-singleturn|p1b: Indeedee|move: Follow Me\n|move|p2b: Chien-Pao|Ice Spinner|p1b: Indeedee\n|-damage|p1b: Indeedee|38\/100\n|-fieldend|move: Psychic Terrain\n|move|p2a: Farigiraf|Hyper Voice|p1b: Indeedee|[spread] p1a,p1b\n|-damage|p1a: Armarouge|74\/100\n|-damage|p1b: Indeedee|23\/100\n|-enditem|p2a: Farigiraf|Throat Spray\n|-boost|p2a: Farigiraf|spa|1|[from] item: Throat Spray\n|move|p1a: Armarouge|Trick Room|p1a: Armarouge\n|-fieldstart|move: Trick Room|[of] p1a: Armarouge\n|\n|upkeep\n|turn|5\n|inactive|haha you rage quit has 30 seconds left.\n|\n|t:|1683054016\n|move|p2b: Chien-Pao|Sucker Punch|p1a: Armarouge\n|-supereffective|p1a: Armarouge\n|-damage|p1a: Armarouge|0 fnt\n|faint|p1a: Armarouge\n|move|p2a: Farigiraf|Psychic|p1b: Indeedee\n|-resisted|p1b: Indeedee\n|-damage|p1b: Indeedee|9\/100\n|-unboost|p1b: Indeedee|spd|1\n|move|p1b: Indeedee|Dazzling Gleam|p2b: Chien-Pao|[spread] p2a,p2b\n|-supereffective|p2b: Chien-Pao\n|-damage|p2a: Farigiraf|3\/100\n|-damage|p2b: Chien-Pao|60\/100\n|\n|upkeep\n|\n|t:|1683054023\n|switch|p1a: Hatterene|Hatterene, L50, F|91\/100\n|turn|6\n|\n|t:|1683054042\n|move|p1b: Indeedee|Follow Me|p1b: Indeedee\n|-singleturn|p1b: Indeedee|move: Follow Me\n|move|p2b: Chien-Pao|Sucker Punch||[still]\n|-fail|p2b: Chien-Pao\n|move|p1a: Hatterene|Dazzling Gleam|p2b: Chien-Pao|[spread] p2a,p2b\n|-supereffective|p2b: Chien-Pao\n|-damage|p2a: Farigiraf|0 fnt\n|-damage|p2b: Chien-Pao|0 fnt\n|faint|p2a: Farigiraf\n|faint|p2b: Chien-Pao\n|-damage|p1a: Hatterene|81\/100|[from] item: Life Orb\n|\n|upkeep\n|\n|t:|1683054052\n|switch|p2a: Flutter Mane|Flutter Mane, L50|100\/100\n|-enditem|p2a: Flutter Mane|Booster Energy\n|-activate|p2a: Flutter Mane|ability: Protosynthesis|[fromitem]\n|-start|p2a: Flutter Mane|protosynthesisspe\n|turn|7\n|\n|t:|1683054062\n|move|p2a: Flutter Mane|Protect|p2a: Flutter Mane\n|-singleturn|p2a: Flutter Mane|Protect\n|move|p1b: Indeedee|Follow Me|p1b: Indeedee\n|-singleturn|p1b: Indeedee|move: Follow Me\n|move|p1a: Hatterene|Psychic|p2a: Flutter Mane\n|-activate|p2a: Flutter Mane|move: Protect\n|\n|upkeep\n|turn|8\n|\n|t:|1683054072\n|move|p1b: Indeedee|Helping Hand|p1a: Hatterene\n|-singleturn|p1a: Hatterene|Helping Hand|[of] p1b: Indeedee\n|move|p2a: Flutter Mane|Protect||[still]\n|-fail|p2a: Flutter Mane\n|move|p1a: Hatterene|Psychic|p2a: Flutter Mane\n|-damage|p2a: Flutter Mane|0 fnt\n|faint|p2a: Flutter Mane\n|-end|p2a: Flutter Mane|Protosynthesis|[silent]\n|-damage|p1a: Hatterene|71\/100|[from] item: Life Orb\n|\n|win|haha you rage quit\n|raw|haha you rage quit's rating: 1220 → 1245<\/strong> (+25 for winning)\n|raw|Novikuh's rating: 1221 → 1196<\/strong> (-25 for losing)\n|l|\u2606Novikuh\n","uploadtime":1683054087,"views":6,"p1id":"hahayouragequit","p2id":"novikuh","formatid":"gen9vgc2023regulationc","rating":1196,"private":0,"password":""}