{"id":"gen9vgc2023regulationc-1853124300","p1":"mugiwaraLux","p2":"ChuyMcfly","format":"[Gen 9] VGC 2023 Regulation C","log":"|j|\u2606mugiwaraLux\n|j|\u2606ChuyMcfly\n|t:|1682638093\n|gametype|doubles\n|player|p1|mugiwaraLux|1|\n|player|p2|ChuyMcfly|guzma|\n|teamsize|p1|6\n|teamsize|p2|6\n|gen|9\n|tier|[Gen 9] VGC 2023 Regulation C\n|rated|Tournament battle\n|rule|Species Clause: Limit one of each Pok\u00e9mon\n|rule|Item Clause: Limit one of each item\n|clearpoke\n|poke|p1|Palafin, L50, F|\n|poke|p1|Amoonguss, L50, F|\n|poke|p1|Flutter Mane, L50|\n|poke|p1|Arcanine, L50, M|\n|poke|p1|Chien-Pao, L50|\n|poke|p1|Roaring Moon, L50|\n|poke|p2|Lokix, L50, F|\n|poke|p2|Chien-Pao, L50|\n|poke|p2|Iron Jugulis, L50|\n|poke|p2|Ting-Lu, L50|\n|poke|p2|Gastrodon-East, L50, M|\n|poke|p2|Baxcalibur, L50, F|\n|teampreview|4\n|raw| Open Team Sheet for mugiwaraLux<\/summary>Palafin @ Mystic Water Ability: Zero to Hero Level: 50 Tera Type: Water - Jet Punch - Wave Crash - Protect - Haze Amoonguss @ Sitrus Berry Ability: Regenerator Level: 50 Tera Type: Water - Pollen Puff - Spore - Rage Powder - Protect Mimi (Flutter Mane) @ Choice Specs Ability: Protosynthesis Level: 50 Tera Type: Fairy - Moonblast - Dazzling Gleam - Shadow Ball - Thunderbolt Arcanine @ Safety Goggles Ability: Intimidate Level: 50 Tera Type: Flying - Extreme Speed - Will-O-Wisp - Protect - Flare Blitz Chien-Pao @ Focus Sash Ability: Sword of Ruin Level: 50 Tera Type: Ghost - Ice Spinner - Sucker Punch - Sacred Sword - Protect Roaring Moon @ Booster Energy Ability: Protosynthesis Level: 50 Tera Type: Flying - Acrobatics - Throat Chop - Dragon Dance - Protect <\/details><\/div> Open Team Sheet for ChuyMcfly<\/summary>Lokix @ Life Orb Ability: Tinted Lens Level: 50 Shiny: Yes Tera Type: Steel - Sucker Punch - Leech Life - First Impression - Protect Chien-Pao @ Focus Sash Ability: Sword of Ruin Level: 50 Tera Type: Ghost - Crunch - Ice Spinner - Sucker Punch - Protect Iron Jugulis @ Booster Energy Ability: Quark Drive Level: 50 Tera Type: Steel - Taunt - Hurricane - Flash Cannon - Tailwind Ting-Lu @ Weakness Policy Ability: Vessel of Ruin Level: 50 Tera Type: Poison - Fissure - Protect - Heavy Slam - Stomping Tantrum Gastrodon (Gastrodon-East) @ Leftovers Ability: Storm Drain Level: 50 Tera Type: Fire - Earth Power - Icy Wind - Recover - Protect Baxcalibur @ Clear Amulet Ability: Thermal Exchange Level: 50 Tera Type: Ground - Earthquake - Ice Shard - Glaive Rush - Icicle Crash <\/details><\/div>\n|inactive|Battle timer is ON: inactive players will automatically lose when time's up. (requested by mugiwaraLux)\n|j| london13\n|\n|t:|1682638118\n|start\n|switch|p1a: Mimi|Flutter Mane, L50|100\/100\n|switch|p1b: Chien-Pao|Chien-Pao, L50|100\/100\n|switch|p2a: Iron Jugulis|Iron Jugulis, L50|100\/100\n|switch|p2b: Baxcalibur|Baxcalibur, L50, F|100\/100\n|-ability|p1b: Chien-Pao|Sword of Ruin\n|-enditem|p2a: Iron Jugulis|Booster Energy\n|-activate|p2a: Iron Jugulis|ability: Quark Drive|[fromitem]\n|-start|p2a: Iron Jugulis|quarkdrivespe\n|turn|1\n|j| Humanberrito 2.0\n|\n|t:|1682638140\n|-terastallize|p2b: Baxcalibur|Ground\n|move|p2a: Iron Jugulis|Tailwind|p2a: Iron Jugulis\n|-sidestart|p2: ChuyMcfly|move: Tailwind\n|move|p2b: Baxcalibur|Earthquake|p1b: Chien-Pao|[spread] p1a,p1b\n|-immune|p2a: Iron Jugulis\n|-damage|p1a: Mimi|14\/100\n|-damage|p1b: Chien-Pao|34\/100\n|move|p1b: Chien-Pao|Ice Spinner|p2a: Iron Jugulis\n|-supereffective|p2a: Iron Jugulis\n|-damage|p2a: Iron Jugulis|0 fnt\n|faint|p2a: Iron Jugulis\n|-end|p2a: Iron Jugulis|Quark Drive|[silent]\n|move|p1a: Mimi|Dazzling Gleam|p2b: Baxcalibur\n|-damage|p2b: Baxcalibur|39\/100\n|\n|upkeep\n|\n|t:|1682638150\n|switch|p2a: Ting-Lu|Ting-Lu, L50|100\/100\n|-ability|p2a: Ting-Lu|Vessel of Ruin\n|turn|2\n|\n|t:|1682638173\n|-end|p1a: Mimi|Protosynthesis|[silent]\n|switch|p1a: Arcanine|Arcanine, L50, M|100\/100\n|-ability|p1a: Arcanine|Intimidate|boost\n|-unboost|p2a: Ting-Lu|atk|1\n|-fail|p2b: Baxcalibur|unboost|[from] item: Clear Amulet|[of] p2b: Baxcalibur\n|move|p2b: Baxcalibur|Ice Shard|p1a: Arcanine\n|-resisted|p1a: Arcanine\n|-damage|p1a: Arcanine|82\/100\n|move|p1b: Chien-Pao|Sucker Punch||[still]\n|-fail|p1b: Chien-Pao\n|move|p2a: Ting-Lu|Heavy Slam|p1b: Chien-Pao\n|-supereffective|p1b: Chien-Pao\n|-damage|p1b: Chien-Pao|0 fnt\n|faint|p1b: Chien-Pao\n|\n|upkeep\n|\n|t:|1682638186\n|switch|p1b: Roaring Moon|Roaring Moon, L50|100\/100\n|-enditem|p1b: Roaring Moon|Booster Energy\n|-activate|p1b: Roaring Moon|ability: Protosynthesis|[fromitem]\n|-start|p1b: Roaring Moon|protosynthesisatk\n|turn|3\n|\n|t:|1682638206\n|move|p1b: Roaring Moon|Protect|p1b: Roaring Moon\n|-singleturn|p1b: Roaring Moon|Protect\n|move|p2b: Baxcalibur|Icicle Crash|p1b: Roaring Moon\n|-activate|p1b: Roaring Moon|move: Protect\n|move|p1a: Arcanine|Flare Blitz|p2b: Baxcalibur\n|-damage|p2b: Baxcalibur|0 fnt\n|faint|p2b: Baxcalibur\n|-damage|p1a: Arcanine|70\/100|[from] Recoil\n|move|p2a: Ting-Lu|Stomping Tantrum|p1a: Arcanine\n|-supereffective|p1a: Arcanine\n|-damage|p1a: Arcanine|23\/100\n|\n|upkeep\n|\n|t:|1682638218\n|switch|p2b: Gastrodon|Gastrodon-East, L50, M|100\/100\n|turn|4\n|\n|t:|1682638223\n|-terastallize|p1b: Roaring Moon|Flying\n|move|p2a: Ting-Lu|Protect|p2a: Ting-Lu\n|-singleturn|p2a: Ting-Lu|Protect\n|move|p1b: Roaring Moon|Dragon Dance|p1b: Roaring Moon\n|-boost|p1b: Roaring Moon|atk|1\n|-boost|p1b: Roaring Moon|spe|1\n|move|p2b: Gastrodon|Icy Wind|p1a: Arcanine|[spread] p1a,p1b\n|-resisted|p1a: Arcanine\n|-supereffective|p1b: Roaring Moon\n|-damage|p1a: Arcanine|20\/100\n|-damage|p1b: Roaring Moon|87\/100\n|-unboost|p1a: Arcanine|spe|1\n|-unboost|p1b: Roaring Moon|spe|1\n|move|p1a: Arcanine|Will-O-Wisp|p2a: Ting-Lu\n|-activate|p2a: Ting-Lu|move: Protect\n|\n|-sideend|p2: ChuyMcfly|move: Tailwind\n|upkeep\n|turn|5\n|inactive|ChuyMcfly has 30 seconds left.\n|\n|t:|1682638257\n|move|p1b: Roaring Moon|Acrobatics|p2b: Gastrodon\n|-damage|p2b: Gastrodon|0 fnt\n|faint|p2b: Gastrodon\n|move|p1a: Arcanine|Will-O-Wisp|p2a: Ting-Lu\n|-status|p2a: Ting-Lu|brn\n|move|p2a: Ting-Lu|Stomping Tantrum|p1a: Arcanine\n|-supereffective|p1a: Arcanine\n|-damage|p1a: Arcanine|0 fnt\n|faint|p1a: Arcanine\n|\n|-damage|p2a: Ting-Lu|94\/100 brn|[from] brn\n|upkeep\n|-message|ChuyMcfly forfeited.\n|\n|win|mugiwaraLux\n|n|\u2606mugiwaraLux|mugiwaralux\n|n|\u2606ChuyMcfly|chuymcfly\n|n| london13|london13\n|n| Humanberrito 2.0|humanberrito20\n|l|\u2606ChuyMcfly\n","uploadtime":1682638269,"views":9,"p1id":"mugiwaralux","p2id":"chuymcfly","formatid":"gen9vgc2023regulationc","rating":0,"private":0,"password":""}