{"id":"gen9vgc2023regulationc-1860724183","p1":"WindaGaming","p2":"NegaChad","format":"[Gen 9] VGC 2023 Regulation C","log":"|j|\u2606WindaGaming\n|j|\u2606NegaChad\n|t:|1683670298\n|gametype|doubles\n|player|p1|WindaGaming|jasmine|\n|player|p2|NegaChad|brycenman|\n|teamsize|p1|6\n|teamsize|p2|6\n|gen|9\n|tier|[Gen 9] VGC 2023 Regulation C\n|rule|Species Clause: Limit one of each Pok\u00e9mon\n|rule|Item Clause: Limit one of each item\n|clearpoke\n|poke|p1|Copperajah, L50, F|\n|poke|p1|Hatterene, L50, F|\n|poke|p1|Houndstone, L50, M|\n|poke|p1|Iron Bundle, L50|\n|poke|p1|Medicham, L50, F|\n|poke|p1|Tyranitar, L50, M|\n|poke|p2|Great Tusk, L50|\n|poke|p2|Talonflame, L50, F|\n|poke|p2|Toxtricity, L50, F|\n|poke|p2|Qwilfish, L50, F|\n|poke|p2|Bisharp, L50, F|\n|poke|p2|Farigiraf, L50, M|\n|teampreview|4\n|\n|t:|1683670374\n|start\n|switch|p1a: Tyranitar|Tyranitar, L50, M|100\/100\n|switch|p1b: Houndstone|Houndstone, L50, M|100\/100\n|switch|p2a: CANNONBOLT|Great Tusk, L50, shiny|100\/100\n|switch|p2b: FRANKENSTRIKE|Toxtricity, L50, F|100\/100\n|-weather|Sandstorm|[from] ability: Sand Stream|[of] p1a: Tyranitar\n|-item|p1a: Tyranitar|Air Balloon\n|turn|1\n|c|\u2606NegaChad|glhf\n|c|\u2606WindaGaming|glhf\n|\n|t:|1683670457\n|move|p1a: Tyranitar|Protect|p1a: Tyranitar\n|-singleturn|p1a: Tyranitar|Protect\n|move|p1b: Houndstone|Will-O-Wisp|p2a: CANNONBOLT|[miss]\n|-miss|p1b: Houndstone|p2a: CANNONBOLT\n|move|p2a: CANNONBOLT|Close Combat|p1a: Tyranitar\n|-activate|p1a: Tyranitar|move: Protect\n|move|p2b: FRANKENSTRIKE|Overdrive|p1b: Houndstone|[spread] p1b\n|-activate|p1a: Tyranitar|move: Protect\n|-damage|p1b: Houndstone|44\/100\n|-enditem|p1b: Houndstone|Sitrus Berry|[eat]\n|-heal|p1b: Houndstone|68\/100|[from] item: Sitrus Berry\n|\n|-weather|Sandstorm|[upkeep]\n|-damage|p2b: FRANKENSTRIKE|94\/100|[from] Sandstorm\n|upkeep\n|turn|2\n|j| GIANT OSHAWOTT\n|l| GIANT OSHAWOTT\n|j| GIANT OSHAWOTT\n|\n|t:|1683670511\n|-end|p2a: CANNONBOLT|Protosynthesis|[silent]\n|switch|p2a: RIPJAWS|Qwilfish, L50, F|100\/100\n|-ability|p2a: RIPJAWS|Intimidate|boost\n|-unboost|p1a: Tyranitar|atk|1\n|-unboost|p1b: Houndstone|atk|1\n|move|p1b: Houndstone|Ally Switch|p1b: Houndstone\n|swap|p1b: Houndstone|0|[from] move: Ally Switch\n|move|p2b: FRANKENSTRIKE|Overdrive|p1b: Tyranitar|[spread] p1a,p1b\n|-damage|p1a: Houndstone|6\/100\n|-damage|p1b: Tyranitar|65\/100\n|-enditem|p1b: Tyranitar|Air Balloon\n|move|p1b: Tyranitar|Rock Slide|p2b: FRANKENSTRIKE|[spread] p2b\n|-miss|p1b: Tyranitar|p2a: RIPJAWS\n|-damage|p2b: FRANKENSTRIKE|68\/100\n|\n|-weather|Sandstorm|[upkeep]\n|-damage|p2a: RIPJAWS|95\/100|[from] Sandstorm\n|-damage|p2b: FRANKENSTRIKE|62\/100|[from] Sandstorm\n|-heal|p2a: RIPJAWS|100\/100|[from] item: Black Sludge\n|upkeep\n|turn|3\n|\n|t:|1683670563\n|move|p1a: Houndstone|Will-O-Wisp|p2a: RIPJAWS\n|-status|p2a: RIPJAWS|brn\n|move|p2a: RIPJAWS|Chilling Water|p1b: Tyranitar\n|-supereffective|p1b: Tyranitar\n|-damage|p1b: Tyranitar|43\/100\n|-unboost|p1b: Tyranitar|atk|1\n|move|p2b: FRANKENSTRIKE|Overdrive|p1a: Houndstone|[spread] p1a,p1b\n|-damage|p1a: Houndstone|0 fnt\n|-damage|p1b: Tyranitar|6\/100\n|faint|p1a: Houndstone\n|move|p1b: Tyranitar|Rock Slide|p2a: RIPJAWS|[spread] p2a,p2b\n|-damage|p2a: RIPJAWS|76\/100 brn\n|-damage|p2b: FRANKENSTRIKE|39\/100\n|\n|-weather|Sandstorm|[upkeep]\n|-damage|p2a: RIPJAWS|70\/100 brn|[from] Sandstorm\n|-damage|p2b: FRANKENSTRIKE|33\/100|[from] Sandstorm\n|-heal|p2a: RIPJAWS|76\/100 brn|[from] item: Black Sludge\n|-damage|p2a: RIPJAWS|70\/100 brn|[from] brn\n|upkeep\n|\n|t:|1683670580\n|switch|p1a: Hatterene|Hatterene, L50, F|100\/100\n|turn|4\n|\n|t:|1683670596\n|-terastallize|p1a: Hatterene|Water\n|move|p2a: RIPJAWS|Thunder Wave|p1a: Hatterene\n|move|p1a: Hatterene|Thunder Wave||[from]ability: Magic Bounce|[still]\n|-fail|p1a: Hatterene\n|move|p2b: FRANKENSTRIKE|Overdrive|p1a: Hatterene|[spread] p1a,p1b\n|-supereffective|p1a: Hatterene\n|-damage|p1a: Hatterene|0 fnt\n|-damage|p1b: Tyranitar|0 fnt\n|faint|p1a: Hatterene\n|faint|p1b: Tyranitar\n|\n|-weather|Sandstorm|[upkeep]\n|-damage|p2a: RIPJAWS|65\/100 brn|[from] Sandstorm\n|-damage|p2b: FRANKENSTRIKE|27\/100|[from] Sandstorm\n|-heal|p2a: RIPJAWS|70\/100 brn|[from] item: Black Sludge\n|-damage|p2a: RIPJAWS|65\/100 brn|[from] brn\n|upkeep\n|\n|t:|1683670612\n|switch|p1a: Copperajah|Copperajah, L50, F|100\/100\n|turn|5\n|\n|t:|1683670624\n|move|p2a: RIPJAWS|Thunder Wave|p1a: Copperajah\n|-status|p1a: Copperajah|par\n|move|p2b: FRANKENSTRIKE|Overdrive|p1a: Copperajah\n|-damage|p1a: Copperajah|11\/100 par\n|move|p1a: Copperajah|Rock Slide|p2b: FRANKENSTRIKE|[spread] p2a,p2b\n|-damage|p2a: RIPJAWS|15\/100 brn\n|-damage|p2b: FRANKENSTRIKE|0 fnt\n|faint|p2b: FRANKENSTRIKE\n|\n|-weather|none\n|-heal|p2a: RIPJAWS|20\/100 brn|[from] item: Black Sludge\n|-damage|p2a: RIPJAWS|15\/100 brn|[from] brn\n|upkeep\n|\n|t:|1683670634\n|switch|p2b: CANNONBOLT|Great Tusk, L50, shiny|100\/100\n|turn|6\n|c|\u2606WindaGaming|gg\n|\n|t:|1683670641\n|move|p2a: RIPJAWS|Chilling Water|p1a: Copperajah\n|-damage|p1a: Copperajah|0 fnt\n|faint|p1a: Copperajah\n|\n|win|NegaChad\n","uploadtime":1683670646,"views":13,"p1id":"windagaming","p2id":"negachad","formatid":"gen9vgc2023regulationc","rating":0,"private":0,"password":""}