{"id":"gen9vgc2023regulationc-1862308156","p1":"GB Seraphix","p2":"joshmurr","format":"[Gen 9] VGC 2023 Regulation C","log":"|j|\u2606GB Seraphix\n|j|\u2606joshmurr\n|t:|1683863145\n|gametype|doubles\n|player|p1|GB Seraphix|102|1107\n|player|p2|joshmurr|170|1065\n|teamsize|p1|6\n|teamsize|p2|6\n|gen|9\n|tier|[Gen 9] VGC 2023 Regulation C\n|rated|\n|rule|Species Clause: Limit one of each Pok\u00e9mon\n|rule|Item Clause: Limit one of each item\n|clearpoke\n|poke|p1|Chi-Yu, L50|\n|poke|p1|Dachsbun, L50, F|\n|poke|p1|Flutter Mane, L50|\n|poke|p1|Rotom-Wash, L50|\n|poke|p1|Jumpluff, L50, F|\n|poke|p1|Great Tusk, L50|\n|poke|p2|Coalossal, L50, M|\n|poke|p2|Raichu, L50, M|\n|poke|p2|Dragonite, L50, M|\n|poke|p2|Gholdengo, L50|\n|poke|p2|Dragapult, L50, M|\n|poke|p2|Breloom, L50, M|\n|teampreview|4\njoshmurr rejected open team sheets.\n|\n|t:|1683863190\n|start\n|switch|p1a: Blu|Jumpluff, L50, F|100\/100\n|switch|p1b: Ivory|Great Tusk, L50|100\/100\n|switch|p2a: Coalossal|Coalossal, L50, M|100\/100\n|switch|p2b: Dragapult|Dragapult, L50, M|100\/100\n|turn|1\n|\n|t:|1683863215\n|-terastallize|p2a: Coalossal|Steel\n|move|p2b: Dragapult|Flamethrower|p2a: Coalossal\n|-supereffective|p2a: Coalossal\n|-damage|p2a: Coalossal|65\/100\n|-ability|p2a: Coalossal|Steam Engine|boost\n|-boost|p2a: Coalossal|spe|6\n|-enditem|p2a: Coalossal|Weakness Policy\n|-boost|p2a: Coalossal|atk|2|[from] item: Weakness Policy\n|-boost|p2a: Coalossal|spa|2|[from] item: Weakness Policy\n|move|p2a: Coalossal|Heat Wave|p1a: Blu|[spread] p1a\n|-miss|p2a: Coalossal|p1b: Ivory\n|-supereffective|p1a: Blu\n|-crit|p1a: Blu\n|-damage|p1a: Blu|0 fnt\n|faint|p1a: Blu\n|move|p1b: Ivory|Earthquake|p2a: Coalossal|[spread] p2a,p2b\n|-supereffective|p2a: Coalossal\n|-damage|p2a: Coalossal|0 fnt\n|-damage|p2b: Dragapult|45\/100\n|faint|p2a: Coalossal\n|-damage|p1b: Ivory|91\/100|[from] item: Life Orb\n|\n|upkeep\n|\n|t:|1683863234\n|switch|p1a: Gardenia|Dachsbun, L50, F|100\/100\n|switch|p2a: Raichu|Raichu, L50, M|100\/100\n|turn|2\n|\n|t:|1683863243\n|-end|p1b: Ivory|Protosynthesis|[silent]\n|switch|p1b: Nemo|Chi-Yu, L50|100\/100\n|-ability|p1b: Nemo|Beads of Ruin\n|move|p1a: Gardenia|Protect|p1a: Gardenia\n|-singleturn|p1a: Gardenia|Protect\n|move|p2b: Dragapult|Reflect|p2b: Dragapult\n|-sidestart|p2: joshmurr|Reflect\n|move|p2a: Raichu|Surf|p1a: Gardenia|[spread] p2b,p1b\n|-activate|p1a: Gardenia|move: Protect\n|-resisted|p2b: Dragapult\n|-supereffective|p1b: Nemo\n|-damage|p2b: Dragapult|34\/100\n|-damage|p1b: Nemo|67\/100\n|\n|upkeep\n|turn|3\n|\n|t:|1683863267\n|move|p1b: Nemo|Lava Plume|p2b: Dragapult|[spread] p2a,p2b\n|-ability|p1a: Gardenia|Well-Baked Body|boost\n|-boost|p1a: Gardenia|def|2\n|-resisted|p2b: Dragapult\n|-damage|p2a: Raichu|73\/100\n|-damage|p2b: Dragapult|10\/100\n|-status|p2b: Dragapult|brn\n|move|p2b: Dragapult|Dragon Darts|p1b: Nemo\n|-damage|p1b: Nemo|51\/100\n|-anim|p2b: Dragapult|Dragon Darts|p1b: Nemo\n|-damage|p1b: Nemo|33\/100\n|move|p2a: Raichu|Nuzzle|p1b: Nemo\n|-damage|p1b: Nemo|23\/100\n|-status|p1b: Nemo|par\n|move|p1a: Gardenia|Yawn||[still]\n|-fail|p1a: Gardenia\n|\n|-damage|p2b: Dragapult|4\/100 brn|[from] brn\n|upkeep\n|turn|4\n|\n|t:|1683863303\n|switch|p2b: Gholdengo|Gholdengo, L50|100\/100\n|move|p2a: Raichu|Surf|p1a: Gardenia|[spread] p2b,p1a,p1b\n|-supereffective|p1b: Nemo\n|-damage|p2b: Gholdengo|78\/100\n|-damage|p1a: Gardenia|81\/100\n|-damage|p1b: Nemo|0 fnt\n|faint|p1b: Nemo\n|move|p1a: Gardenia|Body Press|p2a: Raichu\n|-damage|p2a: Raichu|21\/100\n|\n|-heal|p1a: Gardenia|87\/100|[from] item: Leftovers\n|upkeep\n|\n|t:|1683863314\n|switch|p1b: Ivory|Great Tusk, L50|91\/100\n|turn|5\n|\n|t:|1683863330\n|-terastallize|p1b: Ivory|Ground\n|move|p1a: Gardenia|Protect|p1a: Gardenia\n|-singleturn|p1a: Gardenia|Protect\n|move|p2b: Gholdengo|Make It Rain|p1a: Gardenia|[spread] p1b\n|-activate|p1a: Gardenia|move: Protect\n|-damage|p1b: Ivory|21\/100\n|-unboost|p2b: Gholdengo|spa|1\n|move|p2a: Raichu|Volt Switch|p1a: Gardenia\n|-activate|p1a: Gardenia|move: Protect\n|move|p1b: Ivory|Earthquake|p2a: Raichu|[spread] p2a,p2b\n|-activate|p1a: Gardenia|move: Protect\n|-supereffective|p2a: Raichu\n|-supereffective|p2b: Gholdengo\n|-damage|p2a: Raichu|0 fnt\n|-damage|p2b: Gholdengo|0 fnt\n|faint|p2a: Raichu\n|faint|p2b: Gholdengo\n|-damage|p1b: Ivory|11\/100|[from] item: Life Orb\n|\n|-heal|p1a: Gardenia|93\/100|[from] item: Leftovers\n|upkeep\n|-message|joshmurr forfeited.\n|\n|win|GB Seraphix\n|raw|GB Seraphix's rating: 1107 → 1129<\/strong> (+22 for winning)\n|raw|joshmurr's rating: 1065 → 1048<\/strong> (-17 for losing)\n|l|\u2606joshmurr\n","uploadtime":1683863352,"views":11,"p1id":"gbseraphix","p2id":"joshmurr","formatid":"gen9vgc2023regulationc","rating":1048,"private":0,"password":""}