{"id":"gen9vgc2023regulationc-1857488840","p1":"jinier159","p2":"gorilnx","format":"[Gen 9] VGC 2023 Regulation C","log":"|j|\u2606jinier159\n|j|\u2606gorilnx\n|t:|1683200662\n|gametype|doubles\n|player|p1|jinier159|265|1328\n|player|p2|gorilnx|dawn-gen4pt|1322\n|teamsize|p1|6\n|teamsize|p2|6\n|gen|9\n|tier|[Gen 9] VGC 2023 Regulation C\n|rated|\n|rule|Species Clause: Limit one of each Pok\u00e9mon\n|rule|Item Clause: Limit one of each item\n|clearpoke\n|poke|p1|Ceruledge, L50, F|\n|poke|p1|Iron Bundle, L50|\n|poke|p1|Abomasnow, L50, M|\n|poke|p1|Ting-Lu, L50|\n|poke|p1|Gyarados, L50, M|\n|poke|p1|Flutter Mane, L50|\n|poke|p2|Palafin, L50, M|\n|poke|p2|Amoonguss, L50, M|\n|poke|p2|Flutter Mane, L50|\n|poke|p2|Arcanine, L50, M|\n|poke|p2|Ting-Lu, L50|\n|poke|p2|Baxcalibur, L50, F|\n|teampreview|4\n|inactive|Battle timer is ON: inactive players will automatically lose when time's up. (requested by gorilnx)\n|inactive|jinier159 has 60 seconds left.\n|inactive|gorilnx has 60 seconds left.\n|\n|t:|1683200705\n|start\n|switch|p1a: Ceruledge|Ceruledge, L50, F|100\/100\n|switch|p1b: Abomasnow|Abomasnow, L50, M|100\/100\n|switch|p2a: Arcanine|Arcanine, L50, M|100\/100\n|switch|p2b: Flutter Mane|Flutter Mane, L50|100\/100\n|-ability|p2a: Arcanine|Intimidate|boost\n|-unboost|p1a: Ceruledge|atk|1\n|-unboost|p1b: Abomasnow|atk|1\n|-weather|Snow|[from] ability: Snow Warning|[of] p1b: Abomasnow\n|turn|1\n|\n|t:|1683200725\n|-end|p2b: Flutter Mane|Protosynthesis|[silent]\n|switch|p2b: Ting-Lu|Ting-Lu, L50|100\/100\n|-ability|p2b: Ting-Lu|Vessel of Ruin\n|switch|p1b: Ting-Lu|Ting-Lu, L50|100\/100\n|-ability|p1b: Ting-Lu|Vessel of Ruin\n|-terastallize|p1a: Ceruledge|Grass\n|move|p2a: Arcanine|Flare Blitz|p1b: Ting-Lu\n|-damage|p1b: Ting-Lu|65\/100\n|-damage|p2a: Arcanine|86\/100|[from] Recoil\n|move|p1a: Ceruledge|Bulk Up|p1a: Ceruledge\n|-boost|p1a: Ceruledge|atk|1\n|-boost|p1a: Ceruledge|def|1\n|\n|-weather|Snow|[upkeep]\n|upkeep\n|turn|2\n|\n|t:|1683200744\n|move|p2a: Arcanine|Will-O-Wisp|p1b: Ting-Lu\n|-status|p1b: Ting-Lu|brn\n|move|p1a: Ceruledge|Bulk Up|p1a: Ceruledge\n|-boost|p1a: Ceruledge|atk|1\n|-boost|p1a: Ceruledge|def|1\n|move|p2b: Ting-Lu|Fissure|p1a: Ceruledge|[miss]\n|-miss|p2b: Ting-Lu|p1a: Ceruledge\n|move|p1b: Ting-Lu|Fissure|p2b: Ting-Lu|[miss]\n|-miss|p1b: Ting-Lu|p2b: Ting-Lu\n|\n|-weather|Snow|[upkeep]\n|-damage|p1b: Ting-Lu|59\/100 brn|[from] brn\n|upkeep\n|turn|3\n|\n|t:|1683200761\n|move|p1a: Ceruledge|Protect|p1a: Ceruledge\n|-singleturn|p1a: Ceruledge|Protect\n|move|p2a: Arcanine|Flare Blitz|p1b: Ting-Lu\n|-damage|p1b: Ting-Lu|28\/100 brn\n|-damage|p2a: Arcanine|73\/100|[from] Recoil\n|move|p2b: Ting-Lu|Fissure|p1a: Ceruledge\n|-activate|p1a: Ceruledge|move: Protect\n|move|p1b: Ting-Lu|Fissure|p2b: Ting-Lu|[miss]\n|-miss|p1b: Ting-Lu|p2b: Ting-Lu\n|\n|-weather|Snow|[upkeep]\n|-damage|p1b: Ting-Lu|22\/100 brn|[from] brn\n|upkeep\n|turn|4\n|\n|t:|1683200780\n|switch|p1b: Gyarados|Gyarados, L50, M|100\/100\n|-ability|p1b: Gyarados|Intimidate|boost\n|-unboost|p2a: Arcanine|atk|1\n|-unboost|p2b: Ting-Lu|atk|1\n|move|p2a: Arcanine|Flare Blitz|p1b: Gyarados\n|-resisted|p1b: Gyarados\n|-damage|p1b: Gyarados|82\/100\n|-damage|p2a: Arcanine|66\/100|[from] Recoil\n|move|p1a: Ceruledge|Bitter Blade|p2b: Ting-Lu\n|-damage|p2b: Ting-Lu|58\/100\n|move|p2b: Ting-Lu|Fissure|p1a: Ceruledge\n|-damage|p1a: Ceruledge|0 fnt\n|faint|p1a: Ceruledge\n|-ohko\n|\n|-weather|Snow|[upkeep]\n|upkeep\n|inactive|jinier159 has 30 seconds left.\n|\n|t:|1683200814\n|switch|p1a: Abomasnow|Abomasnow, L50, M|100\/100\n|turn|5\n|\n|t:|1683200827\n|switch|p2b: Baxcalibur|Baxcalibur, L50, F|100\/100\n|move|p2a: Arcanine|Flare Blitz|p1a: Abomasnow\n|-supereffective|p1a: Abomasnow\n|-enditem|p1a: Abomasnow|Focus Sash\n|-damage|p1a: Abomasnow|1\/100\n|-damage|p2a: Arcanine|34\/100|[from] Recoil\n|move|p1b: Gyarados|Waterfall|p2b: Baxcalibur\n|-resisted|p2b: Baxcalibur\n|-damage|p2b: Baxcalibur|91\/100\n|move|p1a: Abomasnow|Blizzard|p2a: Arcanine|[spread] p2a,p2b\n|-resisted|p2a: Arcanine\n|-damage|p2a: Arcanine|13\/100\n|-damage|p2b: Baxcalibur|56\/100\n|\n|-weather|none\n|upkeep\n|turn|6\n|-message|jinier159 forfeited.\n|\n|win|gorilnx\n|raw|jinier159's rating: 1328 → 1308<\/strong> (-20 for losing)\n|raw|gorilnx's rating: 1322 → 1342<\/strong> (+20 for winning)\n|l|\u2606jinier159\n","uploadtime":1683200847,"views":5,"p1id":"jinier159","p2id":"gorilnx","formatid":"gen9vgc2023regulationc","rating":1308,"private":0,"password":""}