{"id":"gen9vgc2023regulationc-1863417100","p1":"Jejepopi","p2":"Wildgoobys","format":"[Gen 9] VGC 2023 Regulation C","log":"|j|\u2606Jejepopi\n|j|\u2606Wildgoobys\n|t:|1684014333\n|gametype|doubles\n|player|p1|Jejepopi|blackbelt-gen4dp|1259\n|player|p2|Wildgoobys|ethan|1327\n|teamsize|p1|6\n|teamsize|p2|6\n|gen|9\n|tier|[Gen 9] VGC 2023 Regulation C\n|rated|\n|rule|Species Clause: Limit one of each Pok\u00e9mon\n|rule|Item Clause: Limit one of each item\n|clearpoke\n|poke|p1|Houndstone, L50, F|\n|poke|p1|Tyranitar, L50, M|\n|poke|p1|Gothitelle, L50, M|\n|poke|p1|Gyarados, L50, M|\n|poke|p1|Wo-Chien, L50|\n|poke|p1|Glimmora, L50, M|\n|poke|p2|Palafin, L50, F|\n|poke|p2|Arcanine, L50, M|\n|poke|p2|Flutter Mane, L50|\n|poke|p2|Chi-Yu, L50|\n|poke|p2|Chien-Pao, L50|\n|poke|p2|Dragonite, L50, M|\n|teampreview|4\n|inactive|Battle timer is ON: inactive players will automatically lose when time's up. (requested by Wildgoobys)\n|\n|t:|1684014362\n|start\n|switch|p1a: Tyranitar|Tyranitar, L50, M, shiny|100\/100\n|switch|p1b: Glimmora|Glimmora, L50, M, shiny|100\/100\n|switch|p2a: Chi-Yu|Chi-Yu, L50|100\/100\n|switch|p2b: Flutter Mane|Flutter Mane, L50|100\/100\n|-ability|p2a: Chi-Yu|Beads of Ruin\n|-weather|Sandstorm|[from] ability: Sand Stream|[of] p1a: Tyranitar\n|turn|1\n|inactive|Wildgoobys has 30 seconds left.\n|inactive|Wildgoobys has 20 seconds left.\n|inactive|Wildgoobys has 15 seconds left.\n|inactive|Wildgoobys has 10 seconds left.\n|\n|t:|1684014412\n|-terastallize|p2a: Chi-Yu|Ghost\n|move|p2a: Chi-Yu|Dark Pulse|p1b: Glimmora\n|-damage|p1b: Glimmora|62\/100\n|move|p2b: Flutter Mane|Substitute|p2b: Flutter Mane\n|-start|p2b: Flutter Mane|Substitute\n|-damage|p2b: Flutter Mane|76\/100\n|move|p1b: Glimmora|Mortal Spin|p2b: Flutter Mane|[spread] p2a,p2b\n|-activate|p2b: Flutter Mane|move: Substitute|[damage]\n|-resisted|p2a: Chi-Yu\n|-damage|p2a: Chi-Yu|97\/100\n|-status|p2a: Chi-Yu|psn\n|move|p1a: Tyranitar|Snarl|p2a: Chi-Yu|[spread] p2a,p2b\n|-supereffective|p2a: Chi-Yu\n|-damage|p2a: Chi-Yu|56\/100 psn\n|-damage|p2b: Flutter Mane|50\/100\n|-unboost|p2a: Chi-Yu|spa|1\n|-unboost|p2b: Flutter Mane|spa|1\n|\n|-weather|Sandstorm|[upkeep]\n|-damage|p2a: Chi-Yu|50\/100 psn|[from] Sandstorm\n|-damage|p2b: Flutter Mane|44\/100|[from] Sandstorm\n|-damage|p2a: Chi-Yu|37\/100 psn|[from] psn\n|upkeep\n|turn|2\n|inactive|Jejepopi has 30 seconds left.\n|\n|t:|1684014441\n|switch|p2a: Dragonite|Dragonite, L50, M|100\/100\n|move|p2b: Flutter Mane|Moonblast|p1a: Tyranitar\n|-supereffective|p1a: Tyranitar\n|-damage|p1a: Tyranitar|71\/100\n|-damage|p2b: Flutter Mane|34\/100|[from] item: Life Orb\n|move|p1b: Glimmora|Mortal Spin|p2b: Flutter Mane|[spread] p2a,p2b\n|-activate|p2b: Flutter Mane|move: Substitute|[damage]\n|-damage|p2a: Dragonite|98\/100\n|-status|p2a: Dragonite|psn\n|move|p1a: Tyranitar|Snarl|p2b: Flutter Mane|[spread] p2a,p2b\n|-damage|p2a: Dragonite|85\/100 psn\n|-damage|p2b: Flutter Mane|17\/100\n|-unboost|p2a: Dragonite|spa|1\n|-unboost|p2b: Flutter Mane|spa|1\n|\n|-weather|Sandstorm|[upkeep]\n|-damage|p2b: Flutter Mane|11\/100|[from] Sandstorm\n|-damage|p2a: Dragonite|79\/100 psn|[from] Sandstorm\n|-damage|p2a: Dragonite|67\/100 psn|[from] psn\n|upkeep\n|turn|3\n|inactive|Jejepopi has 30 seconds left.\n|inactive|Jejepopi has 20 seconds left.\n|\n|t:|1684014478\n|-terastallize|p1a: Tyranitar|Ghost\n|move|p2b: Flutter Mane|Moonblast|p1a: Tyranitar\n|-damage|p1a: Tyranitar|53\/100\n|-damage|p2b: Flutter Mane|1\/100|[from] item: Life Orb\n|move|p1b: Glimmora|Venoshock|p2b: Flutter Mane\n|-end|p2b: Flutter Mane|Substitute\n|move|p2a: Dragonite|Dragon Dance|p2a: Dragonite\n|-boost|p2a: Dragonite|atk|1\n|-boost|p2a: Dragonite|spe|1\n|move|p1a: Tyranitar|Power Gem|p2a: Dragonite\n|-supereffective|p2a: Dragonite\n|-damage|p2a: Dragonite|12\/100 psn\n|\n|-weather|Sandstorm|[upkeep]\n|-damage|p2b: Flutter Mane|0 fnt|[from] Sandstorm\n|-damage|p2a: Dragonite|6\/100 psn|[from] Sandstorm\n|-damage|p1a: Tyranitar|47\/100|[from] Sandstorm\n|faint|p2b: Flutter Mane\n|-end|p2b: Flutter Mane|Protosynthesis|[silent]\n|-damage|p2a: Dragonite|0 fnt|[from] psn\n|faint|p2a: Dragonite\n|upkeep\n|\n|t:|1684014494\n|switch|p2b: Chien-Pao|Chien-Pao, L50|100\/100\n|switch|p2a: Chi-Yu|Chi-Yu, L50, tera:Ghost|37\/100 psn\n|-ability|p2a: Chi-Yu|Beads of Ruin\n|-ability|p2b: Chien-Pao|Sword of Ruin\n|turn|4\n|inactive|Wildgoobys has 30 seconds left.\n|inactive|Jejepopi has 30 seconds left.\n|inactive|Wildgoobys has 20 seconds left.\n|inactive|Wildgoobys has 15 seconds left.\n|\n|t:|1684014536\n|move|p1b: Glimmora|Spiky Shield|p1b: Glimmora\n|-singleturn|p1b: Glimmora|move: Protect\n|move|p2a: Chi-Yu|Snarl|p1a: Tyranitar|[spread] p1a\n|-activate|p1b: Glimmora|move: Protect\n|-supereffective|p1a: Tyranitar\n|-crit|p1a: Tyranitar\n|-damage|p1a: Tyranitar|6\/100\n|-unboost|p1a: Tyranitar|spa|1\n|move|p2b: Chien-Pao|Throat Chop|p1b: Glimmora\n|-activate|p1b: Glimmora|move: Protect\n|-damage|p2b: Chien-Pao|88\/100|[from] Spiky Shield|[of] p1b: Glimmora\n|move|p1a: Tyranitar|Snarl|p2b: Chien-Pao|[spread] p2a,p2b\n|-supereffective|p2a: Chi-Yu\n|-resisted|p2b: Chien-Pao\n|-damage|p2a: Chi-Yu|10\/100 psn\n|-damage|p2b: Chien-Pao|77\/100\n|-unboost|p2a: Chi-Yu|spa|1\n|-unboost|p2b: Chien-Pao|spa|1\n|\n|-weather|Sandstorm|[upkeep]\n|-damage|p2a: Chi-Yu|4\/100 psn|[from] Sandstorm\n|-damage|p2b: Chien-Pao|71\/100|[from] Sandstorm\n|-damage|p1a: Tyranitar|0 fnt|[from] Sandstorm\n|faint|p1a: Tyranitar\n|-damage|p2a: Chi-Yu|0 fnt|[from] psn\n|faint|p2a: Chi-Yu\n|upkeep\n|c|\u2606Wildgoobys|Gg\n|\n|t:|1684014559\n|switch|p1a: Gyarados|Gyarados, L50, M, shiny|100\/100\n|-ability|p1a: Gyarados|Intimidate|boost\n|-unboost|p2b: Chien-Pao|atk|1\n|turn|5\n|\n|t:|1684014571\n|move|p2b: Chien-Pao|Throat Chop|p1b: Glimmora\n|-damage|p1b: Glimmora|11\/100\n|-start|p1b: Glimmora|Throat Chop|[silent]\n|-activate|p1b: Glimmora|ability: Toxic Debris\n|-sidestart|p2: Wildgoobys|move: Toxic Spikes\n|move|p1a: Gyarados|Dragon Dance|p1a: Gyarados\n|-boost|p1a: Gyarados|atk|1\n|-boost|p1a: Gyarados|spe|1\n|move|p1b: Glimmora|Venoshock|p2b: Chien-Pao\n|-damage|p2b: Chien-Pao|13\/100\n|\n|-weather|none\n|upkeep\n|turn|6\n|-message|Wildgoobys forfeited.\n|\n|win|Jejepopi\n|raw|Jejepopi's rating: 1259 → 1289<\/strong> (+30 for winning)\n|raw|Wildgoobys's rating: 1327 → 1303<\/strong> (-24 for losing)\n|l|\u2606Wildgoobys\n","uploadtime":1684014632,"views":14,"p1id":"jejepopi","p2id":"wildgoobys","formatid":"gen9vgc2023regulationc","rating":1289,"private":0,"password":""}