{"id":"gen9vgc2023regulationc-1855252717","p1":"yohjek","p2":"ShellRaptor556","format":"[Gen 9] VGC 2023 Regulation C","log":"|j|\u2606yohjek\n|j|\u2606ShellRaptor556\n|t:|1682923385\n|gametype|doubles\n|player|p1|yohjek|maylene|1299\n|player|p2|ShellRaptor556|caitlin|1357\n|teamsize|p1|6\n|teamsize|p2|6\n|gen|9\n|tier|[Gen 9] VGC 2023 Regulation C\n|rated|\n|rule|Species Clause: Limit one of each Pok\u00e9mon\n|rule|Item Clause: Limit one of each item\n|clearpoke\n|poke|p1|Haxorus, L50, M|\n|poke|p1|Meowscarada, L50, M|\n|poke|p1|Talonflame, L50, F|\n|poke|p1|Grimmsnarl, L50, M|\n|poke|p1|Gyarados, L50, M|\n|poke|p1|Gholdengo, L50|\n|poke|p2|Indeedee-F, L50, F|\n|poke|p2|Armarouge, L50, F|\n|poke|p2|Torkoal, L50, F|\n|poke|p2|Farigiraf, L50, M|\n|poke|p2|Iron Hands, L50|\n|poke|p2|Great Tusk, L50|\n|teampreview|4\n|inactive|Battle timer is ON: inactive players will automatically lose when time's up. (requested by ShellRaptor556)\n|inactive|yohjek has 60 seconds left.\n|\n|t:|1682923421\n|start\n|switch|p1a: Haxorus|Haxorus, L50, M|100\/100\n|switch|p1b: Grimmsnarl|Grimmsnarl, L50, M|100\/100\n|switch|p2a: Indeedee|Indeedee-F, L50, F|100\/100\n|switch|p2b: Armarouge|Armarouge, L50, F|100\/100\n|-fieldstart|move: Psychic Terrain|[from] ability: Psychic Surge|[of] p2a: Indeedee\n|-enditem|p2a: Indeedee|Psychic Seed\n|-boost|p2a: Indeedee|spd|1|[from] item: Psychic Seed\n|-ability|p1a: Haxorus|Mold Breaker\n|turn|1\n|\n|t:|1682923436\n|-terastallize|p1a: Haxorus|Rock\n|move|p2a: Indeedee|Follow Me|p2a: Indeedee\n|-singleturn|p2a: Indeedee|move: Follow Me\n|move|p1b: Grimmsnarl|Light Screen|p1b: Grimmsnarl\n|-sidestart|p1: yohjek|move: Light Screen\n|move|p1a: Haxorus|Rock Slide|p2a: Indeedee|[spread] p2a,p2b\n|-supereffective|p2b: Armarouge\n|-damage|p2a: Indeedee|29\/100\n|-damage|p2b: Armarouge|5\/100\n|move|p2b: Armarouge|Trick Room|p2b: Armarouge\n|-fieldstart|move: Trick Room|[of] p2b: Armarouge\n|\n|upkeep\n|turn|2\n|inactive|ShellRaptor556 has 30 seconds left.\n|\n|t:|1682923461\n|move|p1b: Grimmsnarl|Reflect|p1b: Grimmsnarl\n|-sidestart|p1: yohjek|Reflect\n|move|p2b: Armarouge|Expanding Force|p1a: Haxorus|[spread] p1a\n|-immune|p1b: Grimmsnarl\n|-damage|p1a: Haxorus|30\/100\n|move|p1a: Haxorus|Rock Slide|p2a: Indeedee|[spread] p2a,p2b\n|-supereffective|p2b: Armarouge\n|-damage|p2a: Indeedee|0 fnt\n|-damage|p2b: Armarouge|0 fnt\n|faint|p2a: Indeedee\n|faint|p2b: Armarouge\n|\n|upkeep\n|\n|t:|1682923471\n|switch|p2b: Great Tusk|Great Tusk, L50|100\/100\n|switch|p2a: Torkoal|Torkoal, L50, F|100\/100\n|-weather|SunnyDay|[from] ability: Drought|[of] p2a: Torkoal\n|-activate|p2b: Great Tusk|ability: Protosynthesis\n|-start|p2b: Great Tusk|protosynthesisatk\n|turn|3\n|\n|t:|1682923481\n|-terastallize|p2a: Torkoal|Flying\n|move|p2a: Torkoal|Eruption|p1a: Haxorus|[spread] p1a,p1b\n|-resisted|p1a: Haxorus\n|-damage|p1a: Haxorus|0 fnt\n|-damage|p1b: Grimmsnarl|49\/100\n|faint|p1a: Haxorus\n|move|p1b: Grimmsnarl|Spirit Break|p2a: Torkoal\n|-damage|p2a: Torkoal|77\/100\n|-unboost|p2a: Torkoal|spa|1\n|move|p2b: Great Tusk|Earthquake|p1b: Grimmsnarl|[spread] p1b\n|-immune|p2a: Torkoal\n|-damage|p1b: Grimmsnarl|0 fnt\n|faint|p1b: Grimmsnarl\n|\n|-weather|SunnyDay|[upkeep]\n|upkeep\n|\n|t:|1682923494\n|switch|p1b: Gyarados|Gyarados, L50, M|100\/100\n|switch|p1a: Gholdengo|Gholdengo, L50|100\/100\n|-ability|p1b: Gyarados|Intimidate|boost\n|-unboost|p2a: Torkoal|atk|1\n|-unboost|p2b: Great Tusk|atk|1\n|turn|4\n|inactive|ShellRaptor556 has 30 seconds left.\n|\n|t:|1682923520\n|move|p2a: Torkoal|Eruption|p1a: Gholdengo|[spread] p1a,p1b\n|-supereffective|p1a: Gholdengo\n|-resisted|p1b: Gyarados\n|-damage|p1a: Gholdengo|17\/100\n|-damage|p1b: Gyarados|81\/100\n|move|p2b: Great Tusk|Rock Slide|p1a: Gholdengo|[spread] p1a,p1b\n|-resisted|p1a: Gholdengo\n|-supereffective|p1b: Gyarados\n|-damage|p1a: Gholdengo|10\/100\n|-damage|p1b: Gyarados|52\/100\n|cant|p1b: Gyarados|flinch\n|cant|p1a: Gholdengo|flinch\n|\n|-weather|SunnyDay|[upkeep]\n|upkeep\n|turn|5\n|c|\u2606ShellRaptor556|Oof\n|inactive|ShellRaptor556 has 30 seconds left.\n|inactive|ShellRaptor556 has 20 seconds left.\n|\n|t:|1682923555\n|move|p2a: Torkoal|Eruption|p1b: Gyarados|[spread] p1a,p1b\n|-supereffective|p1a: Gholdengo\n|-resisted|p1b: Gyarados\n|-damage|p1a: Gholdengo|0 fnt\n|-damage|p1b: Gyarados|33\/100\n|faint|p1a: Gholdengo\n|move|p2b: Great Tusk|Rock Slide|p1b: Gyarados\n|-supereffective|p1b: Gyarados\n|-damage|p1b: Gyarados|0 fnt\n|faint|p1b: Gyarados\n|\n|win|ShellRaptor556\n|raw|yohjek's rating: 1299 → 1278<\/strong> (-21 for losing)\n|raw|ShellRaptor556's rating: 1357 → 1374<\/strong> (+17 for winning)\n|l|\u2606yohjek\n","uploadtime":1682923585,"views":22,"p1id":"yohjek","p2id":"shellraptor556","formatid":"gen9vgc2023regulationc","rating":1278,"private":0,"password":""}