{"id":"gen9vgc2023regulationc-1851158150","p1":"manumanu15","p2":"PixelMaster98146","format":"[Gen 9] VGC 2023 Regulation C","log":"|j|\u2606manumanu15\n|j|\u2606PixelMaster98146\n|t:|1682418583\n|gametype|doubles\n|player|p1|manumanu15|169|1340\n|player|p2|PixelMaster98146|palmer|1428\n|teamsize|p1|6\n|teamsize|p2|6\n|gen|9\n|tier|[Gen 9] VGC 2023 Regulation C\n|rated|\n|rule|Species Clause: Limit one of each Pok\u00e9mon\n|rule|Item Clause: Limit one of each item\n|clearpoke\n|poke|p1|Chi-Yu, L50|\n|poke|p1|Iron Jugulis, L50|\n|poke|p1|Flutter Mane, L50|\n|poke|p1|Annihilape, L50, F|\n|poke|p1|Maushold, L50|\n|poke|p1|Great Tusk, L50|\n|poke|p2|Murkrow, L50, F|\n|poke|p2|Baxcalibur, L50, M|\n|poke|p2|Flutter Mane, L50|\n|poke|p2|Ting-Lu, L50|\n|poke|p2|Arcanine, L50, M|\n|poke|p2|Palafin, L50, M|\n|teampreview|4\nPixelMaster98146 has agreed to open team sheets.\n|inactive|Battle timer is ON: inactive players will automatically lose when time's up. (requested by manumanu15)\n|inactiveoff|Battle timer is now OFF.\n|\n|t:|1682418628\n|start\n|switch|p1a: Annihilape|Annihilape, L50, F|100\/100\n|switch|p1b: Maushold|Maushold, L50|100\/100\n|switch|p2a: Mischief|Flutter Mane, L50|100\/100\n|switch|p2b: Baxcalibur|Baxcalibur, L50, M|100\/100\n|-enditem|p2a: Mischief|Booster Energy\n|-activate|p2a: Mischief|ability: Protosynthesis|[fromitem]\n|-start|p2a: Mischief|protosynthesisspa\n|turn|1\n|\n|t:|1682418671\n|-terastallize|p1a: Annihilape|Water\n|-terastallize|p2b: Baxcalibur|Ground\n|move|p2b: Baxcalibur|Ice Shard|p1b: Maushold\n|-damage|p1b: Maushold|77\/100\n|move|p2a: Mischief|Moonblast|p1b: Maushold\n|-damage|p1b: Maushold|2\/100\n|-unboost|p1b: Maushold|spa|1\n|move|p1b: Maushold|Super Fang|p2b: Baxcalibur\n|-damage|p2b: Baxcalibur|51\/100\n|move|p1a: Annihilape|Drain Punch|p2b: Baxcalibur\n|-damage|p2b: Baxcalibur|23\/100\n|\n|upkeep\n|turn|2\n|\n|t:|1682418707\n|switch|p2b: Mafia|Murkrow, L50, F|100\/100\n|move|p1b: Maushold|Protect|p1b: Maushold\n|-singleturn|p1b: Maushold|Protect\n|move|p2a: Mischief|Dazzling Gleam|p1b: Maushold|[spread] p1a\n|-activate|p1b: Maushold|move: Protect\n|-damage|p1a: Annihilape|74\/100\n|move|p1a: Annihilape|Rage Fist|p2a: Mischief\n|-supereffective|p2a: Mischief\n|-damage|p2a: Mischief|0 fnt\n|faint|p2a: Mischief\n|-end|p2a: Mischief|Protosynthesis|[silent]\n|\n|-heal|p1a: Annihilape|80\/100|[from] item: Leftovers\n|upkeep\n|\n|t:|1682418719\n|switch|p2a: Baxcalibur|Baxcalibur, L50, M, tera:Ground|23\/100\n|turn|3\n|\n|t:|1682418739\n|move|p1b: Maushold|Follow Me|p1b: Maushold\n|-singleturn|p1b: Maushold|move: Follow Me\n|move|p2b: Mafia|Tailwind|p2b: Mafia\n|-sidestart|p2: PixelMaster98146|move: Tailwind\n|move|p2a: Baxcalibur|Earthquake|p1a: Annihilape|[spread] p1a,p1b\n|-immune|p2b: Mafia\n|-damage|p1a: Annihilape|45\/100\n|-damage|p1b: Maushold|0 fnt\n|faint|p1b: Maushold\n|move|p1a: Annihilape|Rage Fist|p2a: Baxcalibur\n|-damage|p2a: Baxcalibur|0 fnt\n|faint|p2a: Baxcalibur\n|\n|-heal|p1a: Annihilape|51\/100|[from] item: Leftovers\n|upkeep\n|\n|t:|1682418757\n|switch|p1b: Iron Jugulis|Iron Jugulis, L50|100\/100\n|switch|p2a: Bowlhead|Ting-Lu, L50|100\/100\n|-ability|p2a: Bowlhead|Vessel of Ruin\n|-enditem|p1b: Iron Jugulis|Booster Energy\n|-activate|p1b: Iron Jugulis|ability: Quark Drive|[fromitem]\n|-start|p1b: Iron Jugulis|quarkdrivespe\n|turn|4\n|\n|t:|1682418788\n|move|p1b: Iron Jugulis|Tailwind|p1b: Iron Jugulis\n|-sidestart|p1: manumanu15|move: Tailwind\n|move|p1a: Annihilape|Drain Punch|p2a: Bowlhead\n|-supereffective|p2a: Bowlhead\n|-damage|p2a: Bowlhead|54\/100\n|-heal|p1a: Annihilape|76\/100|[from] drain|[of] p2a: Bowlhead\n|move|p2b: Mafia|Foul Play|p1a: Annihilape\n|-damage|p1a: Annihilape|38\/100\n|move|p2a: Bowlhead|Earthquake|p1b: Iron Jugulis|[spread] p1a\n|-immune|p2b: Mafia\n|-immune|p1b: Iron Jugulis\n|-damage|p1a: Annihilape|2\/100\n|\n|-heal|p1a: Annihilape|8\/100|[from] item: Leftovers\n|upkeep\n|turn|5\n|\n|t:|1682418831\n|move|p1a: Annihilape|Protect|p1a: Annihilape\n|-singleturn|p1a: Annihilape|Protect\n|move|p2a: Bowlhead|Protect|p2a: Bowlhead\n|-singleturn|p2a: Bowlhead|Protect\n|move|p1b: Iron Jugulis|Air Slash|p2b: Mafia\n|-damage|p2b: Mafia|75\/100\n|move|p2b: Mafia|Foul Play|p1a: Annihilape\n|-activate|p1a: Annihilape|move: Protect\n|\n|-heal|p1a: Annihilape|14\/100|[from] item: Leftovers\n|upkeep\n|turn|6\n|\n|t:|1682418869\n|move|p2a: Bowlhead|Protect||[still]\n|-fail|p2a: Bowlhead\n|move|p1b: Iron Jugulis|Air Slash|p2a: Bowlhead\n|-damage|p2a: Bowlhead|37\/100\n|-enditem|p2a: Bowlhead|Sitrus Berry|[eat]\n|-heal|p2a: Bowlhead|62\/100|[from] item: Sitrus Berry\n|move|p1a: Annihilape|Drain Punch|p2a: Bowlhead\n|-supereffective|p2a: Bowlhead\n|-damage|p2a: Bowlhead|17\/100\n|-heal|p1a: Annihilape|38\/100|[from] drain|[of] p2a: Bowlhead\n|move|p2b: Mafia|Foul Play|p1a: Annihilape\n|-damage|p1a: Annihilape|0 fnt\n|faint|p1a: Annihilape\n|\n|-sideend|p2: PixelMaster98146|move: Tailwind\n|upkeep\n|\n|t:|1682418886\n|switch|p1a: Great Tusk|Great Tusk, L50|100\/100\n|turn|7\n|\n|t:|1682418902\n|move|p2a: Bowlhead|Protect|p2a: Bowlhead\n|-singleturn|p2a: Bowlhead|Protect\n|move|p2b: Mafia|Feather Dance|p1a: Great Tusk\n|-unboost|p1a: Great Tusk|atk|2\n|move|p1b: Iron Jugulis|Snarl|p2a: Bowlhead|[spread] p2b\n|-activate|p2a: Bowlhead|move: Protect\n|-resisted|p2b: Mafia\n|-damage|p2b: Mafia|68\/100\n|-unboost|p2b: Mafia|spa|1\n|move|p1a: Great Tusk|Rock Slide|p2a: Bowlhead|[spread] \n|-activate|p2a: Bowlhead|move: Protect\n|-miss|p1a: Great Tusk|p2b: Mafia\n|\n|-sideend|p1: manumanu15|move: Tailwind\n|upkeep\n|turn|8\n|\n|t:|1682418934\n|move|p1b: Iron Jugulis|Air Slash|p2a: Bowlhead\n|-damage|p2a: Bowlhead|1\/100\n|move|p1a: Great Tusk|Rock Slide|p2a: Bowlhead|[spread] p2a,p2b\n|-resisted|p2a: Bowlhead\n|-supereffective|p2b: Mafia\n|-damage|p2a: Bowlhead|0 fnt\n|-damage|p2b: Mafia|46\/100\n|faint|p2a: Bowlhead\n|move|p2b: Mafia|Foul Play|p1a: Great Tusk\n|-resisted|p1a: Great Tusk\n|-damage|p1a: Great Tusk|90\/100\n|\n|upkeep\n|turn|9\n|-message|PixelMaster98146 forfeited.\n|\n|win|manumanu15\n|raw|manumanu15's rating: 1340 → 1365<\/strong> (+25 for winning)\n|raw|PixelMaster98146's rating: 1428 → 1403<\/strong> (-25 for losing)\n","uploadtime":1682418949,"views":10,"p1id":"manumanu15","p2id":"pixelmaster98146","formatid":"gen9vgc2023regulationc","rating":1365,"private":0,"password":""}