{"id":"gen9vgc2023regulationc-1859791137","p1":"Radio Free C-Side","p2":"dashrekawanobi","format":"[Gen 9] VGC 2023 Regulation C","log":"|j|\u2606Radio Free C-Side\n|j|\u2606dashrekawanobi\n|t:|1683564841\n|gametype|doubles\n|player|p1|Radio Free C-Side|steven|\n|player|p2|dashrekawanobi|169|\n|teamsize|p1|6\n|teamsize|p2|6\n|gen|9\n|tier|[Gen 9] VGC 2023 Regulation C\n|rated|Tournament battle\n|rule|Species Clause: Limit one of each Pok\u00e9mon\n|rule|Item Clause: Limit one of each item\n|clearpoke\n|poke|p1|Dragapult, L50, F|\n|poke|p1|Stantler, L50, F|\n|poke|p1|Kingambit, L50, M|\n|poke|p1|Hatterene, L50, F|\n|poke|p1|Indeedee-F, L50, F|\n|poke|p1|Iron Hands, L50|\n|poke|p2|Stantler, L50, F|\n|poke|p2|Kingambit, L50, M|\n|poke|p2|Hatterene, L50, F|\n|poke|p2|Indeedee-F, L50, F|\n|poke|p2|Iron Hands, L50|\n|poke|p2|Amoonguss, L50, M|\n|teampreview|4\n|raw| Open Team Sheet for Radio Free C-Side<\/summary>Dragapult @ Choice Band Ability: Clear Body Level: 50 Tera Type: Steel - Dragon Darts - Phantom Force - Tera Blast - Facade Stantler @ Eviolite Ability: Intimidate Level: 50 Tera Type: Ghost - Skill Swap - Trick Room - Bulldoze - Shadow Ball Kingambit @ Weakness Policy Ability: Defiant Level: 50 Tera Type: Flying - Tera Blast - Kowtow Cleave - Protect - Sucker Punch Hatterene (F) @ Life Orb Ability: Magic Bounce Level: 50 Tera Type: Fairy - Dazzling Gleam - Psyshock - Protect - Trick Room Indeedee (Indeedee-F) (F) @ Psychic Seed Ability: Psychic Surge Level: 50 Tera Type: Fairy - Trick Room - Follow Me - Helping Hand - Heal Pulse Iron Hands @ Safety Goggles Ability: Quark Drive Level: 50 Tera Type: Fire - Fake Out - Swords Dance - Drain Punch - Wild Charge <\/details><\/div> Open Team Sheet for dashrekawanobi<\/summary>Stantler @ Eviolite Ability: Intimidate Level: 50 Tera Type: Ghost - Skill Swap - Trick Room - Bulldoze - Shadow Ball Kingambit @ Weakness Policy Ability: Defiant Level: 50 Tera Type: Flying - Tera Blast - Kowtow Cleave - Protect - Sucker Punch Hatterene (F) @ Life Orb Ability: Magic Bounce Level: 50 Tera Type: Fairy - Dazzling Gleam - Psyshock - Protect - Trick Room Indeedee (Indeedee-F) (F) @ Psychic Seed Ability: Psychic Surge Level: 50 Tera Type: Fairy - Trick Room - Follow Me - Helping Hand - Heal Pulse Iron Hands @ Safety Goggles Ability: Quark Drive Level: 50 Tera Type: Fire - Fake Out - Swords Dance - Drain Punch - Wild Charge Amoonguss @ Sitrus Berry Ability: Regenerator Level: 50 Tera Type: Dark - Pollen Puff - Spore - Rage Powder - Clear Smog <\/details><\/div>\n|c|\u2606dashrekawanobi|glhf\n|c|\u2606Radio Free C-Side|lmao\n|c|\u2606Radio Free C-Side|glhf\n|c|\u2606dashrekawanobi|well\n|\n|t:|1683564866\n|start\n|switch|p1a: Iron Hands|Iron Hands, L50|100\/100\n|switch|p1b: Dragapult|Dragapult, L50, F|100\/100\n|switch|p2a: Indeedee|Indeedee-F, L50, F|100\/100\n|switch|p2b: Amoonguss|Amoonguss, L50, M|100\/100\n|-fieldstart|move: Psychic Terrain|[from] ability: Psychic Surge|[of] p2a: Indeedee\n|-enditem|p2a: Indeedee|Psychic Seed\n|-boost|p2a: Indeedee|spd|1|[from] item: Psychic Seed\n|turn|1\n|\n|t:|1683564881\n|-terastallize|p1a: Iron Hands|Fire\n|move|p2b: Amoonguss|Rage Powder|p2b: Amoonguss\n|-singleturn|p2b: Amoonguss|move: Rage Powder\n|move|p1b: Dragapult|Dragon Darts|p2b: Amoonguss\n|-damage|p2b: Amoonguss|72\/100\n|-anim|p1b: Dragapult|Dragon Darts|p2b: Amoonguss\n|-damage|p2b: Amoonguss|43\/100\n|-enditem|p2b: Amoonguss|Sitrus Berry|[eat]\n|-heal|p2b: Amoonguss|67\/100|[from] item: Sitrus Berry\n|move|p1a: Iron Hands|Swords Dance|p1a: Iron Hands\n|-boost|p1a: Iron Hands|atk|2\n|move|p2a: Indeedee|Trick Room|p2a: Indeedee\n|-fieldstart|move: Trick Room|[of] p2a: Indeedee\n|\n|upkeep\n|turn|2\n|\n|t:|1683564905\n|move|p2a: Indeedee|Follow Me|p2a: Indeedee\n|-singleturn|p2a: Indeedee|move: Follow Me\n|move|p2b: Amoonguss|Clear Smog|p1a: Iron Hands\n|-damage|p1a: Iron Hands|89\/100\n|-clearboost|p1a: Iron Hands\n|move|p1a: Iron Hands|Drain Punch|p2a: Indeedee\n|-damage|p2a: Indeedee|53\/100\n|-heal|p1a: Iron Hands|100\/100|[from] drain|[of] p2a: Indeedee\n|move|p1b: Dragapult|Dragon Darts|p2a: Indeedee\n|-damage|p2a: Indeedee|17\/100\n|-anim|p1b: Dragapult|Dragon Darts|p2a: Indeedee\n|-damage|p2a: Indeedee|0 fnt\n|faint|p2a: Indeedee\n|\n|upkeep\n|\n|t:|1683564918\n|switch|p2a: Stantler|Stantler, L50, F|100\/100\n|-ability|p2a: Stantler|Intimidate|boost\n|-unboost|p1a: Iron Hands|atk|1\n|-fail|p1b: Dragapult|unboost|[from] ability: Clear Body|[of] p1b: Dragapult\n|turn|3\n|\n|t:|1683564928\n|switch|p1b: Hatterene|Hatterene, L50, F|100\/100\n|move|p2b: Amoonguss|Spore|p1b: Hatterene\n|move|p1b: Hatterene|Spore|p2b: Amoonguss|[from]ability: Magic Bounce\n|-immune|p2b: Amoonguss\n|move|p1a: Iron Hands|Swords Dance|p1a: Iron Hands\n|-boost|p1a: Iron Hands|atk|2\n|move|p2a: Stantler|Shadow Ball|p1b: Hatterene\n|-supereffective|p1b: Hatterene\n|-damage|p1b: Hatterene|65\/100\n|\n|upkeep\n|turn|4\n|\n|t:|1683564950\n|move|p2b: Amoonguss|Clear Smog|p1a: Iron Hands\n|-damage|p1a: Iron Hands|87\/100\n|-clearboost|p1a: Iron Hands\n|move|p1b: Hatterene|Psyshock|p2b: Amoonguss\n|-supereffective|p2b: Amoonguss\n|-damage|p2b: Amoonguss|0 fnt\n|faint|p2b: Amoonguss\n|-damage|p1b: Hatterene|55\/100|[from] item: Life Orb\n|move|p1a: Iron Hands|Drain Punch|p2a: Stantler\n|-supereffective|p2a: Stantler\n|-damage|p2a: Stantler|24\/100\n|-heal|p1a: Iron Hands|100\/100|[from] drain|[of] p2a: Stantler\n|move|p2a: Stantler|Skill Swap|p1b: Hatterene\n|-activate|p2a: Stantler|move: Skill Swap|Magic Bounce|Intimidate|[of] p1b: Hatterene\n|-ability|p1b: Hatterene|Intimidate|boost\n|-unboost|p2a: Stantler|atk|1\n|\n|upkeep\n|\n|t:|1683564958\n|switch|p2b: Iron Hands|Iron Hands, L50|100\/100\n|turn|5\n|\n|t:|1683564973\n|-terastallize|p2b: Iron Hands|Fire\n|move|p1b: Hatterene|Dazzling Gleam|p2b: Iron Hands|[spread] p2a,p2b\n|-resisted|p2b: Iron Hands\n|-damage|p2a: Stantler|0 fnt\n|-damage|p2b: Iron Hands|82\/100\n|faint|p2a: Stantler\n|-damage|p1b: Hatterene|46\/100|[from] item: Life Orb\n|move|p2b: Iron Hands|Wild Charge|p1a: Iron Hands\n|-damage|p1a: Iron Hands|59\/100\n|-damage|p2b: Iron Hands|72\/100|[from] Recoil\n|move|p1a: Iron Hands|Swords Dance|p1a: Iron Hands\n|-boost|p1a: Iron Hands|atk|2\n|\n|-fieldend|move: Trick Room\n|-fieldend|move: Psychic Terrain\n|upkeep\n|turn|6\n|\n|t:|1683564988\n|move|p2b: Iron Hands|Wild Charge|p1a: Iron Hands\n|-damage|p1a: Iron Hands|20\/100\n|-damage|p2b: Iron Hands|62\/100|[from] Recoil\n|move|p1a: Iron Hands|Drain Punch|p2b: Iron Hands\n|-damage|p2b: Iron Hands|0 fnt\n|-heal|p1a: Iron Hands|51\/100|[from] drain|[of] p2b: Iron Hands\n|faint|p2b: Iron Hands\n|-end|p2b: Iron Hands|Quark Drive|[silent]\n|\n|win|Radio Free C-Side\n|n|\u2606Radio Free C-Side|radiofreecside\n|n|\u2606dashrekawanobi|dashrekawanobi\n|c|\u2606dashrekawanobi|gg\n|c|\u2606Radio Free C-Side|gg\n","uploadtime":1683564999,"views":10,"p1id":"radiofreecside","p2id":"dashrekawanobi","formatid":"gen9vgc2023regulationc","rating":0,"private":0,"password":""}