{"id":"gen9vgc2023regulationc-1847576753","p1":"GarchompExVgc","p2":"IsaacGR2006","format":"[Gen 9] VGC 2023 Regulation C","log":"|j|\u2606GarchompExVgc\n|j|\u2606IsaacGR2006\n|t:|1681976284\n|gametype|doubles\n|player|p1|GarchompExVgc|iris|1299\n|player|p2|IsaacGR2006|ghetsis|1411\n|teamsize|p1|6\n|teamsize|p2|6\n|gen|9\n|tier|[Gen 9] VGC 2023 Regulation C\n|rated|\n|rule|Species Clause: Limit one of each Pok\u00e9mon\n|rule|Item Clause: Limit one of each item\n|clearpoke\n|poke|p1|Wo-Chien, L50|\n|poke|p1|Chi-Yu, L50|\n|poke|p1|Gastrodon, L50, F|\n|poke|p1|Flutter Mane, L50|\n|poke|p1|Chien-Pao, L50|\n|poke|p1|Dragapult, L50, F|\n|poke|p2|Ting-Lu, L50|\n|poke|p2|Arcanine, L50, F|\n|poke|p2|Amoonguss, L50, F|\n|poke|p2|Palafin, L50, F|\n|poke|p2|Flutter Mane, L50|\n|poke|p2|Kingambit, L50, F|\n|teampreview|4\n|\n|t:|1681976313\n|start\n|switch|p1a: Mipha|Gastrodon, L50, F|100\/100\n|switch|p1b: Sam|Chi-Yu, L50|100\/100\n|switch|p2a: Arcanine|Arcanine, L50, F|100\/100\n|switch|p2b: Flutter Mane|Flutter Mane, L50|100\/100\n|-ability|p2a: Arcanine|Intimidate|boost\n|-unboost|p1a: Mipha|atk|1\n|-unboost|p1b: Sam|atk|1\n|-ability|p1b: Sam|Beads of Ruin\n|-enditem|p2b: Flutter Mane|Booster Energy\n|-activate|p2b: Flutter Mane|ability: Protosynthesis|[fromitem]\n|-start|p2b: Flutter Mane|protosynthesisspa\n|turn|1\n|\n|t:|1681976332\n|move|p2b: Flutter Mane|Dazzling Gleam|p1b: Sam|[spread] p1a,p1b\n|-crit|p1b: Sam\n|-damage|p1a: Mipha|50\/100\n|-damage|p1b: Sam|61\/100\n|move|p2a: Arcanine|Flare Blitz|p1b: Sam\n|-resisted|p1b: Sam\n|-damage|p1b: Sam|33\/100\n|-damage|p2a: Arcanine|93\/100|[from] Recoil\n|move|p1b: Sam|Snarl|p2a: Arcanine|[spread] p2a,p2b\n|-damage|p2a: Arcanine|65\/100\n|-damage|p2b: Flutter Mane|76\/100\n|-unboost|p2a: Arcanine|spa|1\n|-unboost|p2b: Flutter Mane|spa|1\n|move|p1a: Mipha|Earth Power|p2a: Arcanine\n|-supereffective|p2a: Arcanine\n|-damage|p2a: Arcanine|0 fnt\n|faint|p2a: Arcanine\n|\n|upkeep\n|\n|t:|1681976344\n|switch|p2a: Kingambit|Kingambit, L50, F|100\/100\n|turn|2\n|\n|t:|1681976354\n|move|p2a: Kingambit|Sucker Punch|p1b: Sam\n|-resisted|p1b: Sam\n|-damage|p1b: Sam|12\/100\n|move|p2b: Flutter Mane|Moonblast|p1a: Mipha\n|-damage|p1a: Mipha|0 fnt\n|faint|p1a: Mipha\n|move|p1b: Sam|Heat Wave|p2a: Kingambit|[spread] p2a,p2b\n|-supereffective|p2a: Kingambit\n|-damage|p2a: Kingambit|11\/100\n|-damage|p2b: Flutter Mane|34\/100\n|\n|upkeep\n|\n|t:|1681976365\n|switch|p1a: Tara|Chien-Pao, L50|100\/100\n|-ability|p1a: Tara|Sword of Ruin\n|turn|3\n|\n|t:|1681976378\n|move|p1a: Tara|Ice Shard|p2b: Flutter Mane\n|-damage|p2b: Flutter Mane|0 fnt\n|faint|p2b: Flutter Mane\n|-end|p2b: Flutter Mane|Protosynthesis|[silent]\n|move|p2a: Kingambit|Sucker Punch|p1b: Sam\n|-resisted|p1b: Sam\n|-damage|p1b: Sam|0 fnt\n|faint|p1b: Sam\n|\n|upkeep\n|\n|t:|1681976387\n|switch|p2b: Ting-Lu|Ting-Lu, L50|100\/100\n|switch|p1b: Flora|Wo-Chien, L50|100\/100\n|-ability|p1b: Flora|Tablets of Ruin\n|-ability|p2b: Ting-Lu|Vessel of Ruin\n|turn|4\n|\n|t:|1681976415\n|-terastallize|p1a: Tara|Ice\n|-terastallize|p2b: Ting-Lu|Steel\n|move|p2a: Kingambit|Protect|p2a: Kingambit\n|-singleturn|p2a: Kingambit|Protect\n|move|p1a: Tara|Ice Shard|p2a: Kingambit\n|-activate|p2a: Kingambit|move: Protect\n|move|p1b: Flora|Leech Seed|p2b: Ting-Lu\n|-start|p2b: Ting-Lu|move: Leech Seed\n|move|p2b: Ting-Lu|Heavy Slam|p1a: Tara\n|-supereffective|p1a: Tara\n|-damage|p1a: Tara|11\/100\n|\n|-damage|p2b: Ting-Lu|88\/100|[from] Leech Seed|[of] p1b: Flora\n|upkeep\n|turn|5\n|\n|t:|1681976437\n|move|p1a: Tara|Protect|p1a: Tara\n|-singleturn|p1a: Tara|Protect\n|move|p1b: Flora|Pollen Puff|p2a: Kingambit\n|-damage|p2a: Kingambit|0 fnt\n|faint|p2a: Kingambit\n|move|p2b: Ting-Lu|Fissure|p1b: Flora|[miss]\n|-miss|p2b: Ting-Lu|p1b: Flora\n|\n|-damage|p2b: Ting-Lu|75\/100|[from] Leech Seed|[of] p1b: Flora\n|upkeep\n|turn|6\n|\n|t:|1681976451\n|move|p1a: Tara|Crunch|p2b: Ting-Lu\n|-damage|p2b: Ting-Lu|55\/100\n|-unboost|p2b: Ting-Lu|def|1\n|move|p1b: Flora|Ruination|p2b: Ting-Lu|[miss]\n|-miss|p1b: Flora|p2b: Ting-Lu\n|move|p2b: Ting-Lu|Stomping Tantrum|p1a: Tara\n|-damage|p1a: Tara|0 fnt\n|faint|p1a: Tara\n|\n|-damage|p2b: Ting-Lu|42\/100|[from] Leech Seed|[of] p1b: Flora\n|upkeep\n|turn|7\n|\n|t:|1681976466\n|move|p1b: Flora|Protect|p1b: Flora\n|-singleturn|p1b: Flora|Protect\n|move|p2b: Ting-Lu|Fissure|p1b: Flora\n|-activate|p1b: Flora|move: Protect\n|\n|-damage|p2b: Ting-Lu|30\/100|[from] Leech Seed|[of] p1b: Flora\n|upkeep\n|turn|8\n|\n|t:|1681976475\n|move|p1b: Flora|Ruination|p2b: Ting-Lu\n|-damage|p2b: Ting-Lu|15\/100\n|move|p2b: Ting-Lu|Fissure|p1b: Flora|[miss]\n|-miss|p2b: Ting-Lu|p1b: Flora\n|\n|-damage|p2b: Ting-Lu|3\/100|[from] Leech Seed|[of] p1b: Flora\n|upkeep\n|turn|9\n|-message|IsaacGR2006 forfeited.\n|\n|win|GarchompExVgc\n|raw|GarchompExVgc's rating: 1299 → 1332<\/strong> (+33 for winning)\n|raw|IsaacGR2006's rating: 1411 → 1385<\/strong> (-26 for losing)\n|l|\u2606IsaacGR2006\n","uploadtime":1681976495,"views":9,"p1id":"garchompexvgc","p2id":"isaacgr2006","formatid":"gen9vgc2023regulationc","rating":1332,"private":0,"password":""}