{"id":"gen9vgc2023regulationc-1845918802","p1":"robx2000","p2":"Draco Jack17","format":"[Gen 9] VGC 2023 Regulation C","log":"|j|\u2606robx2000\n|j|\u2606Draco Jack17\n|t:|1681779199\n|gametype|doubles\n|player|p1|robx2000|flannery|\n|player|p2|Draco Jack17|n|\n|teamsize|p1|6\n|teamsize|p2|6\n|gen|9\n|tier|[Gen 9] VGC 2023 Regulation C\n|rated|Tournament battle\n|rule|Species Clause: Limit one of each Pok\u00e9mon\n|rule|Item Clause: Limit one of each item\n|clearpoke\n|poke|p1|Iron Valiant, L50|\n|poke|p1|Farigiraf, L50, M|\n|poke|p1|Talonflame, L50, F|\n|poke|p1|Great Tusk, L50|\n|poke|p1|Iron Bundle, L50|\n|poke|p1|Muk, L50, F|\n|poke|p2|Houndstone, L50, M|\n|poke|p2|Tyranitar, L50, M|\n|poke|p2|Palafin, L50, M|\n|poke|p2|Chien-Pao, L50|\n|poke|p2|Chi-Yu, L50|\n|poke|p2|Dragapult, L50, M|\n|teampreview|4\n|raw| Open Team Sheet for robx2000<\/summary>Royal Thee (Iron Valiant) @ Focus Sash Ability: Quark Drive Level: 50 Tera Type: Fighting - Protect - Moonblast - Close Combat - Shadow Claw Farigiraf @ Sitrus Berry Ability: Armor Tail Level: 50 Tera Type: Fairy - Trick Room - Psychic - Thunderbolt - Protect Talonflame @ Covert Cloak Ability: Gale Wings Level: 50 Tera Type: Ghost - Tailwind - Will-O-Wisp - Taunt - Heat Wave Great Tusk @ Assault Vest Ability: Protosynthesis Level: 50 Hidden Power: Fighting Tera Type: Ground - Close Combat - Headlong Rush - Earthquake - Rock Slide Click-Clack (Iron Bundle) @ Booster Energy Ability: Quark Drive Level: 50 Tera Type: Water - Freeze-Dry - Hydro Pump - Icy Wind - Protect Muk @ Leftovers Ability: Poison Touch Level: 50 Tera Type: Grass - Gunk Shot - Taunt - Drain Punch - Shadow Sneak <\/details><\/div> Open Team Sheet for Draco Jack17<\/summary>Skellydoge (Houndstone) @ Sitrus Berry Ability: Sand Rush Level: 50 Tera Type: Grass - Last Respects - Will-O-Wisp - Scary Face - Howl Rawr XD (Tyranitar) @ Assault Vest Ability: Sand Stream Level: 50 Tera Type: Flying - Rock Slide - Assurance - Low Kick - Tera Blast All Might (Palafin) @ Safety Goggles Ability: Zero to Hero Level: 50 Tera Type: Water - Jet Punch - Wave Crash - Haze - Protect POW! (Chien-Pao) @ Life Orb Ability: Sword of Ruin Level: 50 Tera Type: Ghost - Icicle Crash - Sucker Punch - Sacred Sword - Protect Caillou (Chi-Yu) @ Leftovers Ability: Beads of Ruin Level: 50 Tera Type: Grass - Heat Wave - Tera Blast - Dark Pulse - Protect Gambino (Dragapult) @ Choice Band Ability: Clear Body Level: 50 Tera Type: Steel - Dragon Darts - Phantom Force - U-turn - Tera Blast <\/details><\/div>\n|j| a12351\n|j| LukPeu\n|j| Tameryn\n|j| Iancrix\n|j| esotilin123456\n|c| esotilin123456|MUK GAMING MUK GAMING MUK GAMING\n|c| esotilin123456|LIVE MUK REACTION\n|c|\u2606robx2000|Good luck have fun.\n|c|\u2606robx2000|and... sorry bout the crowd\n|c| a12351|Stop estolin\n|c|\u2606Draco Jack17|lmao no worries\n|c|\u2606Draco Jack17|u2!\n|\n|t:|1681779289\n|start\n|switch|p1a: Talonflame|Talonflame, L50, F|100\/100\n|switch|p1b: Royal Thee|Iron Valiant, L50|100\/100\n|switch|p2a: Skellydoge|Houndstone, L50, M|100\/100\n|switch|p2b: All Might|Palafin, L50, M|100\/100\n|turn|1\n|\n|t:|1681779316\n|detailschange|p2b: All Might|Palafin-Hero, L50, M\n|switch|p2b: Rawr XD|Tyranitar, L50, M|100\/100\n|-weather|Sandstorm|[from] ability: Sand Stream|[of] p2b: Rawr XD\n|-terastallize|p1b: Royal Thee|Fighting\n|move|p1a: Talonflame|Tailwind|p1a: Talonflame\n|-sidestart|p1: robx2000|move: Tailwind\n|move|p1b: Royal Thee|Shadow Claw|p2a: Skellydoge\n|-supereffective|p2a: Skellydoge\n|-damage|p2a: Skellydoge|43\/100\n|-enditem|p2a: Skellydoge|Sitrus Berry|[eat]\n|-heal|p2a: Skellydoge|68\/100|[from] item: Sitrus Berry\n|move|p2a: Skellydoge|Scary Face|p1a: Talonflame\n|-unboost|p1a: Talonflame|spe|2\n|\n|-weather|Sandstorm|[upkeep]\n|-damage|p1b: Royal Thee|94\/100|[from] Sandstorm\n|-damage|p1a: Talonflame|95\/100|[from] Sandstorm\n|upkeep\n|turn|2\n|j| Polychromo\n|j| Beyontle\n|c| a12351|robx2000 u know what\n|l| Polychromo\n|c| esotilin123456|scary face houndstone\n|c| esotilin123456|lol\n|\n|t:|1681779359\n|-terastallize|p2b: Rawr XD|Flying\n|move|p1b: Royal Thee|Close Combat|p2b: Rawr XD\n|-resisted|p2b: Rawr XD\n|-damage|p2b: Rawr XD|66\/100\n|-unboost|p1b: Royal Thee|def|1\n|-unboost|p1b: Royal Thee|spd|1\n|move|p2a: Skellydoge|Scary Face|p1a: Talonflame\n|-unboost|p1a: Talonflame|spe|2\n|move|p1a: Talonflame|Taunt|p2a: Skellydoge\n|-start|p2a: Skellydoge|move: Taunt\n|move|p2b: Rawr XD|Rock Slide|p1a: Talonflame|[spread] p1a,p1b\n|-supereffective|p1a: Talonflame\n|-resisted|p1b: Royal Thee\n|-damage|p1a: Talonflame|0 fnt\n|-damage|p1b: Royal Thee|64\/100\n|faint|p1a: Talonflame\n|\n|-weather|Sandstorm|[upkeep]\n|-damage|p1b: Royal Thee|58\/100|[from] Sandstorm\n|-damage|p2b: Rawr XD|60\/100|[from] Sandstorm\n|upkeep\n|\n|t:|1681779374\n|switch|p1a: Great Tusk|Great Tusk, L50|100\/100\n|turn|3\n|\n|t:|1681779401\n|switch|p2a: All Might|Palafin-Hero, L50, M|100\/100\n|-activate|p2a: All Might|ability: Zero to Hero\n|move|p1b: Royal Thee|Shadow Claw|p2a: All Might\n|-damage|p2a: All Might|77\/100\n|move|p1a: Great Tusk|Rock Slide|p2a: All Might|[spread] p2a,p2b\n|-supereffective|p2b: Rawr XD\n|-damage|p2a: All Might|60\/100\n|-damage|p2b: Rawr XD|33\/100\n|move|p2b: Rawr XD|Tera Blast|p1a: Great Tusk\n|-supereffective|p1a: Great Tusk\n|-damage|p1a: Great Tusk|49\/100\n|\n|-weather|Sandstorm|[upkeep]\n|-damage|p1b: Royal Thee|52\/100|[from] Sandstorm\n|-damage|p2b: Rawr XD|27\/100|[from] Sandstorm\n|upkeep\n|turn|4\n|c|\u2606robx2000|Yes a12351 ?\n|c| a12351|U loose\n|\n|t:|1681779429\n|move|p2a: All Might|Jet Punch|p1a: Great Tusk\n|-supereffective|p1a: Great Tusk\n|-damage|p1a: Great Tusk|0 fnt\n|faint|p1a: Great Tusk\n|-end|p1a: Great Tusk|Protosynthesis|[silent]\n|move|p1b: Royal Thee|Close Combat|p2a: All Might\n|-damage|p2a: All Might|0 fnt\n|-unboost|p1b: Royal Thee|def|1\n|-unboost|p1b: Royal Thee|spd|1\n|faint|p2a: All Might\n|move|p2b: Rawr XD|Tera Blast|p1b: Royal Thee\n|-supereffective|p1b: Royal Thee\n|-damage|p1b: Royal Thee|0 fnt\n|faint|p1b: Royal Thee\n|-end|p1b: Royal Thee|Quark Drive|[silent]\n|\n|-weather|Sandstorm|[upkeep]\n|-damage|p2b: Rawr XD|22\/100|[from] Sandstorm\n|-sideend|p1: robx2000|move: Tailwind\n|upkeep\n|c| a12351|U can not enough damage\n|c| a12351|Muk\n|\n|t:|1681779448\n|switch|p1b: Click-Clack|Iron Bundle, L50|100\/100\n|switch|p2a: Gambino|Dragapult, L50, M|100\/100\n|-enditem|p1b: Click-Clack|Booster Energy\n|-activate|p1b: Click-Clack|ability: Quark Drive|[fromitem]\n|-start|p1b: Click-Clack|quarkdrivespe\n|turn|5\n|c|\u2606robx2000|I don't always bring muk\n|\n|t:|1681779473\n|move|p1b: Click-Clack|Protect|p1b: Click-Clack\n|-singleturn|p1b: Click-Clack|Protect\n|move|p2a: Gambino|Dragon Darts|p1b: Click-Clack\n|-activate|p1b: Click-Clack|move: Protect\n|move|p2b: Rawr XD|Rock Slide|p1b: Click-Clack\n|-activate|p1b: Click-Clack|move: Protect\n|\n|-weather|none\n|upkeep\n|turn|6\n|\n|t:|1681779485\n|move|p1b: Click-Clack|Icy Wind|p2b: Rawr XD|[spread] p2a,p2b\n|-supereffective|p2a: Gambino\n|-supereffective|p2b: Rawr XD\n|-damage|p2a: Gambino|44\/100\n|-damage|p2b: Rawr XD|0 fnt\n|faint|p2b: Rawr XD\n|move|p2a: Gambino|Dragon Darts|p1b: Click-Clack\n|-damage|p1b: Click-Clack|53\/100\n|-anim|p2a: Gambino|Dragon Darts|p1b: Click-Clack\n|-crit|p1b: Click-Clack\n|-damage|p1b: Click-Clack|0 fnt\n|faint|p1b: Click-Clack\n|-end|p1b: Click-Clack|Quark Drive|[silent]\n|\n|win|Draco Jack17\n|n|\u2606robx2000|robx2000\n|n|\u2606Draco Jack17|dracojack17\n|n| a12351|a12351\n|n| LukPeu|lukpeu\n|n| Tameryn|tameryn\n|n| Iancrix|iancrix\n|n| esotilin123456|esotilin123456\n|n| Beyontle|beyontle\n","uploadtime":1681779486,"views":10,"p1id":"robx2000","p2id":"dracojack17","formatid":"gen9vgc2023regulationc","rating":0,"private":0,"password":""}