{"id":"gen9vgc2023regulationc-1845975365","p1":"peytoncookie","p2":"blakiexx","format":"[Gen 9] VGC 2023 Regulation C","log":"|j|\u2606peytoncookie\n|j|\u2606blakiexx\n|t:|1681786073\n|gametype|doubles\n|player|p1|peytoncookie|ninjaboy|1234\n|player|p2|blakiexx|wallace|1193\n|teamsize|p1|6\n|teamsize|p2|6\n|gen|9\n|tier|[Gen 9] VGC 2023 Regulation C\n|rated|\n|rule|Species Clause: Limit one of each Pok\u00e9mon\n|rule|Item Clause: Limit one of each item\n|clearpoke\n|poke|p1|Gothitelle, L50, F|\n|poke|p1|Scream Tail, L50|\n|poke|p1|Arcanine, L50, M|\n|poke|p1|Ting-Lu, L50|\n|poke|p1|Flutter Mane, L50|\n|poke|p1|Palafin, L50, M|\n|poke|p2|Altaria, L50, F|\n|poke|p2|Farigiraf, L50, F|\n|poke|p2|Arcanine, L50, M|\n|poke|p2|Breloom, L50, F|\n|poke|p2|Jolteon, L50, M|\n|poke|p2|Quaquaval, L50, M|\n|teampreview|4\n|inactive|Battle timer is ON: inactive players will automatically lose when time's up. (requested by blakiexx)\n|\n|t:|1681786103\n|start\n|switch|p1a: Gothitelle|Gothitelle, L50, F|100\/100\n|switch|p1b: Palafin|Palafin, L50, M|100\/100\n|switch|p2a: Arcanine|Arcanine, L50, M|100\/100\n|switch|p2b: Jolteon|Jolteon, L50, M|100\/100\n|-ability|p2a: Arcanine|Intimidate|boost\n|-unboost|p1a: Gothitelle|atk|1\n|-unboost|p1b: Palafin|atk|1\n|turn|1\n|\n|t:|1681786123\n|detailschange|p1b: Palafin|Palafin-Hero, L50, M\n|switch|p1b: Scream Tail|Scream Tail, L50, shiny|100\/100\n|-enditem|p1b: Scream Tail|Booster Energy\n|-activate|p1b: Scream Tail|ability: Protosynthesis|[fromitem]\n|-start|p1b: Scream Tail|protosynthesisspe\n|move|p1a: Gothitelle|Fake Out|p2b: Jolteon\n|-damage|p2b: Jolteon|94\/100\n|cant|p2b: Jolteon|flinch\n|move|p2a: Arcanine|Snarl|p1a: Gothitelle|[spread] p1a,p1b\n|-supereffective|p1a: Gothitelle\n|-damage|p1a: Gothitelle|86\/100\n|-damage|p1b: Scream Tail|94\/100\n|-unboost|p1a: Gothitelle|spa|1\n|-unboost|p1b: Scream Tail|spa|1\n|\n|upkeep\n|turn|2\n|\n|t:|1681786142\n|move|p1a: Gothitelle|Protect|p1a: Gothitelle\n|-singleturn|p1a: Gothitelle|Protect\n|move|p1b: Scream Tail|Perish Song|p1b: Scream Tail\n|-start|p1a: Gothitelle|perish3|[silent]\n|-start|p1b: Scream Tail|perish3|[silent]\n|-start|p2a: Arcanine|perish3|[silent]\n|-start|p2b: Jolteon|perish3|[silent]\n|-fieldactivate|move: Perish Song\n|move|p2b: Jolteon|Shadow Ball|p1a: Gothitelle\n|-activate|p1a: Gothitelle|move: Protect\n|move|p2a: Arcanine|Snarl|p1a: Gothitelle|[spread] \n|-activate|p1a: Gothitelle|move: Protect\n|-miss|p2a: Arcanine|p1b: Scream Tail\n|\n|-start|p1b: Scream Tail|perish3\n|-start|p2b: Jolteon|perish3\n|-start|p2a: Arcanine|perish3\n|-start|p1a: Gothitelle|perish3\n|upkeep\n|turn|3\n|inactive|peytoncookie has 30 seconds left.\n|\n|t:|1681786173\n|move|p1b: Scream Tail|Disable|p2b: Jolteon\n|-start|p2b: Jolteon|Disable|Shadow Ball\n|move|p2b: Jolteon|Volt Switch|p1a: Gothitelle\n|-damage|p1a: Gothitelle|58\/100\n|\n|t:|1681786179\n|switch|p2b: Quaquaval|Quaquaval, L50, M|100\/100|[from] Volt Switch\n|move|p2a: Arcanine|Flare Blitz|p1a: Gothitelle\n|-damage|p1a: Gothitelle|15\/100\n|-enditem|p1a: Gothitelle|Sitrus Berry|[eat]\n|-heal|p1a: Gothitelle|40\/100|[from] item: Sitrus Berry\n|-damage|p2a: Arcanine|88\/100|[from] Recoil\n|move|p1a: Gothitelle|Heal Pulse|p1b: Scream Tail\n|-heal|p1b: Scream Tail|100\/100\n|\n|-start|p1b: Scream Tail|perish2\n|-start|p2a: Arcanine|perish2\n|-start|p1a: Gothitelle|perish2\n|upkeep\n|turn|4\n|inactive|blakiexx has 30 seconds left.\n|\n|t:|1681786210\n|move|p1a: Gothitelle|Protect|p1a: Gothitelle\n|-singleturn|p1a: Gothitelle|Protect\n|move|p2a: Arcanine|Extreme Speed|p1a: Gothitelle\n|-activate|p1a: Gothitelle|move: Protect\n|move|p1b: Scream Tail|Disable|p2a: Arcanine\n|-start|p2a: Arcanine|Disable|Extreme Speed\n|move|p2b: Quaquaval|Aqua Step|p1a: Gothitelle\n|-activate|p1a: Gothitelle|move: Protect\n|\n|-start|p1b: Scream Tail|perish1\n|-start|p2a: Arcanine|perish1\n|-start|p1a: Gothitelle|perish1\n|upkeep\n|turn|5\n|inactive|peytoncookie has 30 seconds left.\n|inactive|blakiexx has 30 seconds left.\n|\n|t:|1681786244\n|-end|p1b: Scream Tail|Protosynthesis|[silent]\n|switch|p1b: Palafin|Palafin-Hero, L50, M|100\/100\n|-activate|p1b: Palafin|ability: Zero to Hero\n|switch|p1a: Flutter Mane|Flutter Mane, L50|100\/100\n|move|p2b: Quaquaval|Aqua Step|p1b: Palafin\n|-resisted|p1b: Palafin\n|-damage|p1b: Palafin|78\/100\n|-boost|p2b: Quaquaval|spe|1\n|-damage|p2b: Quaquaval|91\/100|[from] item: Life Orb\n|move|p2a: Arcanine|Will-O-Wisp|p1a: Flutter Mane\n|-status|p1a: Flutter Mane|brn\n|\n|-damage|p1a: Flutter Mane|94\/100 brn|[from] brn\n|-start|p2a: Arcanine|perish0\n|upkeep\n|faint|p2a: Arcanine\n|\n|t:|1681786259\n|switch|p2a: Jolteon|Jolteon, L50, M|94\/100\n|turn|6\n|\n|t:|1681786282\n|switch|p1b: Scream Tail|Scream Tail, L50, shiny|100\/100\n|-terastallize|p2b: Quaquaval|Water\n|move|p2a: Jolteon|Protect|p2a: Jolteon\n|-singleturn|p2a: Jolteon|Protect\n|move|p2b: Quaquaval|Aqua Step|p1a: Flutter Mane\n|-damage|p1a: Flutter Mane|0 fnt\n|-boost|p2b: Quaquaval|spe|1\n|faint|p1a: Flutter Mane\n|-end|p1a: Flutter Mane|Protosynthesis|[silent]\n|-ability|p2b: Quaquaval|Moxie|boost\n|-boost|p2b: Quaquaval|atk|1\n|-damage|p2b: Quaquaval|81\/100|[from] item: Life Orb\n|\n|upkeep\n|\n|t:|1681786294\n|switch|p1a: Gothitelle|Gothitelle, L50, F|40\/100\n|turn|7\n|inactive|blakiexx has 30 seconds left.\n|\n|t:|1681786324\n|move|p1a: Gothitelle|Fake Out|p2b: Quaquaval\n|-damage|p2b: Quaquaval|74\/100\n|cant|p2b: Quaquaval|flinch\n|move|p2a: Jolteon|Volt Switch|p1a: Gothitelle\n|-damage|p1a: Gothitelle|16\/100\n|\n|t:|1681786331\n|switch|p2a: Breloom|Breloom, L50, F, shiny|100\/100|[from] Volt Switch\n|move|p1b: Scream Tail|Disable|p2b: Quaquaval\n|-start|p2b: Quaquaval|Disable|Aqua Step\n|\n|upkeep\n|turn|8\n|\n|t:|1681786355\n|-terastallize|p1b: Scream Tail|Steel\n|move|p2a: Breloom|Protect|p2a: Breloom\n|-singleturn|p2a: Breloom|Protect\n|move|p1a: Gothitelle|Protect|p1a: Gothitelle\n|-singleturn|p1a: Gothitelle|Protect\n|move|p2b: Quaquaval|Ice Spinner|p1b: Scream Tail\n|-resisted|p1b: Scream Tail\n|-damage|p1b: Scream Tail|81\/100\n|-damage|p2b: Quaquaval|64\/100|[from] item: Life Orb\n|move|p1b: Scream Tail|Perish Song|p1b: Scream Tail\n|-start|p1a: Gothitelle|perish3|[silent]\n|-start|p1b: Scream Tail|perish3|[silent]\n|-start|p2a: Breloom|perish3|[silent]\n|-start|p2b: Quaquaval|perish3|[silent]\n|-fieldactivate|move: Perish Song\n|\n|-start|p2b: Quaquaval|perish3\n|-start|p1b: Scream Tail|perish3\n|-start|p2a: Breloom|perish3\n|-start|p1a: Gothitelle|perish3\n|upkeep\n|turn|9\n|inactive|peytoncookie has 30 seconds left.\n|\n|t:|1681786390\n|move|p2a: Breloom|Mach Punch|p1b: Scream Tail\n|-supereffective|p1b: Scream Tail\n|-damage|p1b: Scream Tail|15\/100\n|move|p2b: Quaquaval|U-turn|p1a: Gothitelle\n|-supereffective|p1a: Gothitelle\n|-damage|p1a: Gothitelle|0 fnt\n|faint|p1a: Gothitelle\n|-ability|p2b: Quaquaval|Moxie|boost\n|-boost|p2b: Quaquaval|atk|1\n|-damage|p2b: Quaquaval|54\/100|[from] item: Life Orb\n|\n|t:|1681786398\n|switch|p2b: Jolteon|Jolteon, L50, M|94\/100|[from] U-turn\n|move|p1b: Scream Tail|Play Rough|p2a: Breloom\n|-supereffective|p2a: Breloom\n|-damage|p2a: Breloom|39\/100\n|\n|-start|p1b: Scream Tail|perish2\n|-start|p2a: Breloom|perish2\n|upkeep\n|\n|t:|1681786406\n|switch|p1a: Palafin|Palafin-Hero, L50, M|78\/100\n|turn|10\n|\n|t:|1681786428\n|move|p2b: Jolteon|Protect|p2b: Jolteon\n|-singleturn|p2b: Jolteon|Protect\n|move|p1b: Scream Tail|Protect|p1b: Scream Tail\n|-singleturn|p1b: Scream Tail|Protect\n|move|p1a: Palafin|Jet Punch|p2b: Jolteon\n|-activate|p2b: Jolteon|move: Protect\n|move|p2a: Breloom|Spore|p1a: Palafin\n|-status|p1a: Palafin|slp|[from] move: Spore\n|\n|-start|p1b: Scream Tail|perish1\n|-start|p2a: Breloom|perish1\n|upkeep\n|turn|11\n|inactive|blakiexx has 30 seconds left.\n|\n|t:|1681786455\n|cant|p1a: Palafin|slp\n|move|p2a: Breloom|Mach Punch|p1a: Palafin\n|-damage|p1a: Palafin|43\/100 slp\n|move|p2b: Jolteon|Volt Switch|p1a: Palafin\n|-supereffective|p1a: Palafin\n|-damage|p1a: Palafin|0 fnt\n|faint|p1a: Palafin\n|c|\u2606blakiexx|gg\n|\n|t:|1681786464\n|switch|p2b: Quaquaval|Quaquaval, L50, M, tera:Water|54\/100|[from] Volt Switch\n|move|p1b: Scream Tail|Play Rough|p2a: Breloom\n|-supereffective|p2a: Breloom\n|-damage|p2a: Breloom|0 fnt\n|faint|p2a: Breloom\n|\n|-start|p1b: Scream Tail|perish0\n|upkeep\n|faint|p1b: Scream Tail\n|-end|p1b: Scream Tail|Protosynthesis|[silent]\n|\n|win|blakiexx\n|raw|peytoncookie's rating: 1234 → 1206<\/strong> (-28 for losing)\n|raw|blakiexx's rating: 1193 → 1221<\/strong> (+28 for winning)\n|c|\u2606peytoncookie|gg\n|l|\u2606blakiexx\n","uploadtime":1681786476,"views":7,"p1id":"peytoncookie","p2id":"blakiexx","formatid":"gen9vgc2023regulationc","rating":1206,"private":0,"password":""}