{"id":"gen9vgc2023regulationc-1847450277","p1":"SuperFishall","p2":"ECMBB","format":"[Gen 9] VGC 2023 Regulation C","log":"|j|\u2606SuperFishall\n|j|\u2606ECMBB\n|t:|1681956584\n|gametype|doubles\n|player|p1|SuperFishall|101|1000\n|player|p2|ECMBB|266|1096\n|teamsize|p1|6\n|teamsize|p2|6\n|gen|9\n|tier|[Gen 9] VGC 2023 Regulation C\n|rated|\n|rule|Species Clause: Limit one of each Pok\u00e9mon\n|rule|Item Clause: Limit one of each item\n|clearpoke\n|poke|p1|Iron Thorns, L50|\n|poke|p1|Orthworm, L50, F|\n|poke|p1|Talonflame, L50, M|\n|poke|p1|Gyarados, L50, M|\n|poke|p1|Amoonguss, L50, F|\n|poke|p1|Flutter Mane, L50|\n|poke|p2|Ting-Lu, L50|\n|poke|p2|Gyarados, L50, F|\n|poke|p2|Flutter Mane, L50|\n|poke|p2|Amoonguss, L50, M|\n|poke|p2|Arcanine, L50, M|\n|poke|p2|Palafin, L50, F|\n|teampreview|4\n|inactive|Battle timer is ON: inactive players will automatically lose when time's up. (requested by ECMBB)\n|\n|t:|1681956639\n|start\n|switch|p1a: Talonflame|Talonflame, L50, M|100\/100\n|switch|p1b: Orthworm|Orthworm, L50, F|100\/100\n|switch|p2a: Gyarados|Gyarados, L50, F, shiny|100\/100\n|switch|p2b: Amoonguss|Amoonguss, L50, M|100\/100\n|-ability|p2a: Gyarados|Intimidate|boost\n|-unboost|p1a: Talonflame|atk|1\n|-unboost|p1b: Orthworm|atk|1\n|turn|1\n|\n|t:|1681956659\n|move|p2b: Amoonguss|Protect|p2b: Amoonguss\n|-singleturn|p2b: Amoonguss|Protect\n|move|p1a: Talonflame|Tailwind|p1a: Talonflame\n|-sidestart|p1: SuperFishall|move: Tailwind\n|move|p1b: Orthworm|Shed Tail|p1b: Orthworm\n|-start|p1b: Orthworm|Substitute|[from] move: Shed Tail\n|-damage|p1b: Orthworm|50\/100\n|-enditem|p1b: Orthworm|Sitrus Berry|[eat]\n|-heal|p1b: Orthworm|75\/100|[from] item: Sitrus Berry\n|\n|t:|1681956680\n|switch|p1b: Iron Thorns|Iron Thorns, L50|100\/100|[from] Shed Tail\n|move|p2a: Gyarados|Taunt|p1a: Talonflame\n|-start|p1a: Talonflame|move: Taunt\n|\n|upkeep\n|turn|2\n|\n|t:|1681956694\n|switch|p2a: Ting-Lu|Ting-Lu, L50|100\/100\n|-ability|p2a: Ting-Lu|Vessel of Ruin\n|move|p1a: Talonflame|Brave Bird|p2b: Amoonguss\n|-supereffective|p2b: Amoonguss\n|-damage|p2b: Amoonguss|11\/100\n|-damage|p1a: Talonflame|84\/100|[from] item: Rocky Helmet|[of] p2b: Amoonguss\n|-damage|p1a: Talonflame|42\/100|[from] Recoil\n|move|p1b: Iron Thorns|Wild Charge|p2a: Ting-Lu\n|-immune|p2a: Ting-Lu\n|move|p2b: Amoonguss|Spore|p1a: Talonflame\n|-status|p1a: Talonflame|slp|[from] move: Spore\n|\n|upkeep\n|turn|3\n|inactive|SuperFishall has 30 seconds left.\n|\n|t:|1681956721\n|switch|p2b: Gyarados|Gyarados, L50, F, shiny|100\/100\n|-ability|p2b: Gyarados|Intimidate|boost\n|-unboost|p1a: Talonflame|atk|1\n|-immune|p1b: Iron Thorns\n|cant|p1a: Talonflame|slp\n|move|p1b: Iron Thorns|Earthquake|p2b: Gyarados|[spread] p2a\n|-immune|p1a: Talonflame\n|-immune|p2b: Gyarados\n|-damage|p2a: Ting-Lu|85\/100\n|move|p2a: Ting-Lu|Stomping Tantrum|p1b: Iron Thorns\n|-supereffective|p1b: Iron Thorns\n|-end|p1b: Iron Thorns|Substitute\n|\n|upkeep\n|turn|4\n|inactive|SuperFishall has 30 seconds left.\n|inactive|SuperFishall has 20 seconds left.\n|\n|t:|1681956761\n|-terastallize|p1b: Iron Thorns|Grass\n|cant|p1a: Talonflame|slp\n|move|p1b: Iron Thorns|Body Press|p2a: Ting-Lu\n|-supereffective|p2a: Ting-Lu\n|-damage|p2a: Ting-Lu|61\/100\n|move|p2b: Gyarados|Waterfall|p1a: Talonflame\n|-supereffective|p1a: Talonflame\n|-damage|p1a: Talonflame|0 fnt\n|faint|p1a: Talonflame\n|move|p2a: Ting-Lu|Stomping Tantrum|p1b: Iron Thorns\n|-resisted|p1b: Iron Thorns\n|-damage|p1b: Iron Thorns|85\/100\n|\n|-sideend|p1: SuperFishall|move: Tailwind\n|upkeep\n|\n|t:|1681956773\n|switch|p1a: Orthworm|Orthworm, L50, F|75\/100\n|turn|5\n|inactive|ECMBB has 30 seconds left.\n|\n|t:|1681956800\n|switch|p2b: Amoonguss|Amoonguss, L50, M|44\/100\n|move|p1b: Iron Thorns|Earthquake|p2b: Amoonguss|[spread] p2a,p2b\n|-heal|p1a: Orthworm|99\/100|[from] ability: Earth Eater|[of] p1b: Iron Thorns\n|-damage|p2a: Ting-Lu|46\/100\n|-damage|p2b: Amoonguss|13\/100\n|move|p1a: Orthworm|Iron Head|p2b: Amoonguss\n|-damage|p2b: Amoonguss|0 fnt\n|-damage|p1a: Orthworm|84\/100|[from] item: Rocky Helmet|[of] p2b: Amoonguss\n|faint|p2b: Amoonguss\n|move|p2a: Ting-Lu|Stealth Rock|p1a: Orthworm\n|-sidestart|p1: SuperFishall|move: Stealth Rock\n|\n|upkeep\n|\n|t:|1681956814\n|switch|p2b: Gyarados|Gyarados, L50, F, shiny|100\/100\n|-ability|p2b: Gyarados|Intimidate|boost\n|-unboost|p1a: Orthworm|atk|1\n|-unboost|p1b: Iron Thorns|atk|1\n|turn|6\n|inactive|SuperFishall has 30 seconds left.\n|\n|t:|1681956848\n|move|p2b: Gyarados|Waterfall|p1b: Iron Thorns\n|-resisted|p1b: Iron Thorns\n|-damage|p1b: Iron Thorns|68\/100\n|move|p1b: Iron Thorns|Earthquake|p2a: Ting-Lu|[spread] p2a\n|-heal|p1a: Orthworm|100\/100|[from] ability: Earth Eater|[of] p1b: Iron Thorns\n|-immune|p2b: Gyarados\n|-damage|p2a: Ting-Lu|36\/100\n|move|p1a: Orthworm|Iron Head|p2b: Gyarados\n|-resisted|p2b: Gyarados\n|-damage|p2b: Gyarados|92\/100\n|move|p2a: Ting-Lu|Stomping Tantrum|p1b: Iron Thorns\n|-resisted|p1b: Iron Thorns\n|-damage|p1b: Iron Thorns|53\/100\n|\n|upkeep\n|turn|7\n|\n|t:|1681956867\n|switch|p2b: Flutter Mane|Flutter Mane, L50, shiny|100\/100\n|-enditem|p2b: Flutter Mane|Booster Energy\n|-activate|p2b: Flutter Mane|ability: Protosynthesis|[fromitem]\n|-start|p2b: Flutter Mane|protosynthesisspa\n|move|p1b: Iron Thorns|Wild Charge|p2b: Flutter Mane\n|-damage|p2b: Flutter Mane|59\/100\n|-damage|p1b: Iron Thorns|45\/100|[from] Recoil\n|move|p1a: Orthworm|Shed Tail|p1a: Orthworm\n|-start|p1a: Orthworm|Substitute|[from] move: Shed Tail\n|-damage|p1a: Orthworm|50\/100\n|\n|t:|1681956877\n|switch|p1a: Flutter Mane|Flutter Mane, L50|100\/100|[from] Shed Tail\n|-enditem|p1a: Flutter Mane|Booster Energy\n|-activate|p1a: Flutter Mane|ability: Protosynthesis|[fromitem]\n|-start|p1a: Flutter Mane|protosynthesisspa\n|-damage|p1a: Flutter Mane|88\/100|[from] Stealth Rock\n|move|p2a: Ting-Lu|Heavy Slam|p1b: Iron Thorns\n|-crit|p1b: Iron Thorns\n|-damage|p1b: Iron Thorns|21\/100\n|\n|upkeep\n|turn|8\n|\n|t:|1681956900\n|move|p2b: Flutter Mane|Protect|p2b: Flutter Mane\n|-singleturn|p2b: Flutter Mane|Protect\n|move|p1a: Flutter Mane|Dazzling Gleam|p2b: Flutter Mane|[spread] p2a\n|-activate|p2b: Flutter Mane|move: Protect\n|-supereffective|p2a: Ting-Lu\n|-damage|p2a: Ting-Lu|0 fnt\n|faint|p2a: Ting-Lu\n|move|p1b: Iron Thorns|Heavy Slam|p2b: Flutter Mane\n|-activate|p2b: Flutter Mane|move: Protect\n|\n|upkeep\n|\n|t:|1681956912\n|switch|p2a: Gyarados|Gyarados, L50, F, shiny|92\/100\n|-ability|p2a: Gyarados|Intimidate|boost\n|-immune|p1a: Flutter Mane\n|-unboost|p1b: Iron Thorns|atk|1\n|turn|9\n|\n|t:|1681956926\n|-terastallize|p2b: Flutter Mane|Fairy\n|move|p1a: Flutter Mane|Shadow Ball|p2b: Flutter Mane\n|-damage|p2b: Flutter Mane|7\/100\n|move|p2b: Flutter Mane|Dazzling Gleam|p1a: Flutter Mane|[spread] p1a,p1b\n|-end|p1a: Flutter Mane|Substitute\n|-damage|p1b: Iron Thorns|0 fnt\n|faint|p1b: Iron Thorns\n|-end|p1b: Iron Thorns|Quark Drive|[silent]\n|move|p2a: Gyarados|Iron Head|p1a: Flutter Mane\n|-supereffective|p1a: Flutter Mane\n|-damage|p1a: Flutter Mane|0 fnt\n|faint|p1a: Flutter Mane\n|-end|p1a: Flutter Mane|Protosynthesis|[silent]\n|\n|upkeep\n|\n|t:|1681956942\n|switch|p1a: Orthworm|Orthworm, L50, F|50\/100\n|-damage|p1a: Orthworm|44\/100|[from] Stealth Rock\n|turn|10\n|\n|t:|1681956953\n|move|p2b: Flutter Mane|Protect|p2b: Flutter Mane\n|-singleturn|p2b: Flutter Mane|Protect\n|move|p2a: Gyarados|Waterfall|p1a: Orthworm\n|-damage|p1a: Orthworm|12\/100\n|move|p1a: Orthworm|Iron Head|p2b: Flutter Mane\n|-activate|p2b: Flutter Mane|move: Protect\n|\n|upkeep\n|turn|11\n|\n|t:|1681956967\n|move|p2b: Flutter Mane|Moonblast|p1a: Orthworm\n|-resisted|p1a: Orthworm\n|-damage|p1a: Orthworm|0 fnt\n|faint|p1a: Orthworm\n|\n|win|ECMBB\n|raw|SuperFishall's rating: 1000 → 1000<\/strong> (+0 for losing)\n|raw|ECMBB's rating: 1096 → 1115<\/strong> (+19 for winning)\n","uploadtime":1681956976,"views":5,"p1id":"superfishall","p2id":"ecmbb","formatid":"gen9vgc2023regulationc","rating":1000,"private":0,"password":""}