{"id":"gen9vgc2023regulationc-1855465369","p1":"JumpluffGoodCopium","p2":"duduman12","format":"[Gen 9] VGC 2023 Regulation C","log":"|j|\u2606JumpluffGoodCopium\n|j|\u2606duduman12\n|t:|1682953951\n|gametype|doubles\n|player|p1|JumpluffGoodCopium|dawn-gen4pt|1168\n|player|p2|duduman12|265|1072\n|teamsize|p1|6\n|teamsize|p2|6\n|gen|9\n|tier|[Gen 9] VGC 2023 Regulation C\n|rated|\n|rule|Species Clause: Limit one of each Pok\u00e9mon\n|rule|Item Clause: Limit one of each item\n|clearpoke\n|poke|p1|Jumpluff, L50, F|\n|poke|p1|Torkoal, L50, F|\n|poke|p1|Flutter Mane, L50|\n|poke|p1|Amoonguss, L50, M|\n|poke|p1|Garganacl, L50, F|\n|poke|p1|Chi-Yu, L50|\n|poke|p2|Chi-Yu, L50|\n|poke|p2|Flutter Mane, L50|\n|poke|p2|Amoonguss, L50, F|\n|poke|p2|Kingambit, L50, M|\n|poke|p2|Tauros-Paldea-Aqua, L50, M|\n|poke|p2|Iron Thorns, L50|\n|teampreview|4\nduduman12 rejected open team sheets.\n|inactive|Battle timer is ON: inactive players will automatically lose when time's up. (requested by JumpluffGoodCopium)\n|\n|t:|1682953986\n|start\n|switch|p1a: Jumpluff|Jumpluff, L50, F|100\/100\n|switch|p1b: Torkoal|Torkoal, L50, F|100\/100\n|switch|p2a: Chi-Yu|Chi-Yu, L50|100\/100\n|switch|p2b: Iron Thorns|Iron Thorns, L50|100\/100\n|-ability|p2a: Chi-Yu|Beads of Ruin\n|-weather|SunnyDay|[from] ability: Drought|[of] p1b: Torkoal\n|turn|1\n|\n|t:|1682954007\n|move|p1a: Jumpluff|Tailwind|p1a: Jumpluff\n|-sidestart|p1: JumpluffGoodCopium|move: Tailwind\n|move|p1b: Torkoal|Eruption|p2a: Chi-Yu|[spread] p2a,p2b\n|-resisted|p2a: Chi-Yu\n|-resisted|p2b: Iron Thorns\n|-damage|p2a: Chi-Yu|59\/100\n|-damage|p2b: Iron Thorns|50\/100\n|move|p2a: Chi-Yu|Heat Wave|p1b: Torkoal|[spread] p1a,p1b\n|-supereffective|p1a: Jumpluff\n|-resisted|p1b: Torkoal\n|-damage|p1a: Jumpluff|0 fnt\n|-damage|p1b: Torkoal|37\/100\n|faint|p1a: Jumpluff\n|move|p2b: Iron Thorns|Rock Blast|p1b: Torkoal\n|-supereffective|p1b: Torkoal\n|-damage|p1b: Torkoal|12\/100\n|-supereffective|p1b: Torkoal\n|-damage|p1b: Torkoal|0 fnt\n|faint|p1b: Torkoal\n|-hitcount|p1: Torkoal|2\n|\n|-weather|SunnyDay|[upkeep]\n|upkeep\n|\n|t:|1682954013\n|switch|p1a: Flutter Mane|Flutter Mane, L50|100\/100\n|switch|p1b: Amoonguss|Amoonguss, L50, M|100\/100\n|-activate|p1a: Flutter Mane|ability: Protosynthesis\n|-start|p1a: Flutter Mane|protosynthesisspa\n|turn|2\n|inactive|duduman12 has 30 seconds left.\n|\n|t:|1682954042\n|move|p2a: Chi-Yu|Protect|p2a: Chi-Yu\n|-singleturn|p2a: Chi-Yu|Protect\n|move|p1a: Flutter Mane|Moonblast|p2a: Chi-Yu\n|-activate|p2a: Chi-Yu|move: Protect\n|move|p2b: Iron Thorns|Pin Missile|p1b: Amoonguss\n|-damage|p1b: Amoonguss|91\/100\n|-damage|p1b: Amoonguss|80\/100\n|-damage|p1b: Amoonguss|71\/100\n|-damage|p1b: Amoonguss|60\/100\n|-damage|p1b: Amoonguss|51\/100\n|-hitcount|p1b: Amoonguss|5\n|move|p1b: Amoonguss|Spore|p2b: Iron Thorns\n|-status|p2b: Iron Thorns|slp|[from] move: Spore\n|\n|-weather|SunnyDay|[upkeep]\n|upkeep\n|turn|3\n|inactive|duduman12 has 30 seconds left.\n|\n|t:|1682954077\n|move|p1a: Flutter Mane|Moonblast|p2a: Chi-Yu\n|-damage|p2a: Chi-Yu|0 fnt\n|faint|p2a: Chi-Yu\n|cant|p2b: Iron Thorns|slp\n|move|p1b: Amoonguss|Spore|p2b: Iron Thorns\n|-fail|p2b: Iron Thorns|slp\n|\n|-weather|SunnyDay|[upkeep]\n|upkeep\n|\n|t:|1682954087\n|switch|p2a: Amoonguss|Amoonguss, L50, F|100\/100\n|turn|4\n|\n|t:|1682954100\n|cant|p2b: Iron Thorns|slp\n|move|p1a: Flutter Mane|Substitute|p1a: Flutter Mane\n|-start|p1a: Flutter Mane|Substitute\n|-damage|p1a: Flutter Mane|76\/100\n|move|p1b: Amoonguss|Spore|p2b: Iron Thorns\n|-fail|p2b: Iron Thorns|slp\n|move|p2a: Amoonguss|Spore||[still]\n|-fail|p2a: Amoonguss\n|\n|-weather|SunnyDay|[upkeep]\n|-sideend|p1: JumpluffGoodCopium|move: Tailwind\n|upkeep\n|turn|5\n|inactive|JumpluffGoodCopium has 30 seconds left.\n|\n|t:|1682954131\n|move|p1a: Flutter Mane|Hex|p2b: Iron Thorns\n|-damage|p2b: Iron Thorns|0 fnt\n|faint|p2b: Iron Thorns\n|-end|p2b: Iron Thorns|Quark Drive|[silent]\n|move|p1b: Amoonguss|Pollen Puff|p1a: Flutter Mane\n|-heal|p1a: Flutter Mane|100\/100\n|move|p2a: Amoonguss|Spore||[still]\n|-fail|p2a: Amoonguss\n|\n|-weather|none\n|-end|p1a: Flutter Mane|Protosynthesis\n|upkeep\n|-enditem|p1a: Flutter Mane|Booster Energy\n|-activate|p1a: Flutter Mane|ability: Protosynthesis|[fromitem]\n|-start|p1a: Flutter Mane|protosynthesisspa\n|\n|t:|1682954143\n|switch|p2b: Tauros|Tauros-Paldea-Aqua, L50, M|100\/100\n|-ability|p2b: Tauros|Intimidate|boost\n|-immune|p1a: Flutter Mane\n|-unboost|p1b: Amoonguss|atk|1\n|turn|6\n|\n|t:|1682954154\n|move|p2a: Amoonguss|Rage Powder|p2a: Amoonguss\n|-singleturn|p2a: Amoonguss|move: Rage Powder\n|move|p1a: Flutter Mane|Moonblast|p2a: Amoonguss\n|-resisted|p2a: Amoonguss\n|-damage|p2a: Amoonguss|71\/100\n|-unboost|p2a: Amoonguss|spa|1\n|move|p2b: Tauros|Raging Bull|p1a: Flutter Mane\n|-end|p1a: Flutter Mane|Substitute\n|move|p1b: Amoonguss|Spore|p2b: Tauros\n|-status|p2b: Tauros|slp|[from] move: Spore\n|\n|upkeep\n|turn|7\n|\n|t:|1682954168\n|move|p2a: Amoonguss|Rage Powder|p2a: Amoonguss\n|-singleturn|p2a: Amoonguss|move: Rage Powder\n|move|p1a: Flutter Mane|Substitute|p1a: Flutter Mane\n|-start|p1a: Flutter Mane|Substitute\n|-damage|p1a: Flutter Mane|76\/100\n|cant|p2b: Tauros|slp\n|move|p1b: Amoonguss|Pollen Puff|p2a: Amoonguss\n|-damage|p2a: Amoonguss|56\/100\n|\n|upkeep\n|turn|8\n|\n|t:|1682954191\n|-terastallize|p1a: Flutter Mane|Fairy\n|move|p1a: Flutter Mane|Moonblast|p2b: Tauros\n|-supereffective|p2b: Tauros\n|-damage|p2b: Tauros|0 fnt\n|faint|p2b: Tauros\n|move|p1b: Amoonguss|Spore|p2a: Amoonguss\n|-immune|p2a: Amoonguss\n|move|p2a: Amoonguss|Pollen Puff|p1a: Flutter Mane\n|-resisted|p1a: Flutter Mane\n|-activate|p1a: Flutter Mane|move: Substitute|[damage]\n|\n|upkeep\n|turn|9\n|inactive|duduman12 has 30 seconds left.\n|inactive|duduman12 has 20 seconds left.\n|\n|t:|1682954227\n|move|p1a: Flutter Mane|Moonblast|p2a: Amoonguss\n|-resisted|p2a: Amoonguss\n|-damage|p2a: Amoonguss|16\/100\n|-enditem|p2a: Amoonguss|Sitrus Berry|[eat]\n|-heal|p2a: Amoonguss|41\/100|[from] item: Sitrus Berry\n|move|p1b: Amoonguss|Pollen Puff|p1a: Flutter Mane\n|-heal|p1a: Flutter Mane|100\/100\n|move|p2a: Amoonguss|Pollen Puff|p1b: Amoonguss\n|-damage|p1b: Amoonguss|42\/100\n|-enditem|p1b: Amoonguss|Sitrus Berry|[eat]\n|-heal|p1b: Amoonguss|67\/100|[from] item: Sitrus Berry\n|\n|upkeep\n|turn|10\n|\n|t:|1682954242\n|move|p1a: Flutter Mane|Moonblast|p2a: Amoonguss\n|-resisted|p2a: Amoonguss\n|-damage|p2a: Amoonguss|0 fnt\n|faint|p2a: Amoonguss\n|\n|win|JumpluffGoodCopium\n|raw|JumpluffGoodCopium's rating: 1168 → 1186<\/strong> (+18 for winning)\n|raw|duduman12's rating: 1072 → 1057<\/strong> (-15 for losing)\n|l|\u2606duduman12\n","uploadtime":1682954556,"views":27,"p1id":"jumpluffgoodcopium","p2id":"duduman12","formatid":"gen9vgc2023regulationc","rating":1057,"private":0,"password":""}