{"id":"gen9vgc2023regulationc-1860676805","p1":"idkwhatimdoing6969","p2":"valhala alfa","format":"[Gen 9] VGC 2023 Regulation C","log":"|j|\u2606idkwhatimdoing6969\n|j|\u2606valhala alfa\n|t:|1683665196\n|gametype|doubles\n|player|p1|idkwhatimdoing6969|170|1377\n|player|p2|valhala alfa|2|1433\n|teamsize|p1|6\n|teamsize|p2|6\n|gen|9\n|tier|[Gen 9] VGC 2023 Regulation C\n|rated|\n|rule|Species Clause: Limit one of each Pok\u00e9mon\n|rule|Item Clause: Limit one of each item\n|clearpoke\n|poke|p1|Kingambit, L50, F|\n|poke|p1|Chien-Pao, L50|\n|poke|p1|Corviknight, L50, F|\n|poke|p1|Flutter Mane, L50|\n|poke|p1|Azumarill, L50, M|\n|poke|p1|Arcanine, L50, M|\n|poke|p2|Chien-Pao, L50|\n|poke|p2|Amoonguss, L50, M|\n|poke|p2|Palafin, L50, F|\n|poke|p2|Arcanine, L50, M|\n|poke|p2|Dragonite, L50, M|\n|poke|p2|Flutter Mane, L50|\n|teampreview|4\n|inactive|Battle timer is ON: inactive players will automatically lose when time's up. (requested by valhala alfa)\nvalhala alfa rejected open team sheets.\n|inactive|valhala alfa has 60 seconds left.\n|inactive|valhala alfa has 30 seconds left.\n|inactive|valhala alfa has 20 seconds left.\n|inactive|valhala alfa has 15 seconds left.\n|inactive|valhala alfa has 10 seconds left.\n|inactive|valhala alfa has 5 seconds left.\n|\n|t:|1683665287\n|start\n|switch|p1a: Corviknight|Corviknight, L50, F|100\/100\n|switch|p1b: Kingambit|Kingambit, L50, F|100\/100\n|switch|p2a: Palafin|Palafin, L50, F|100\/100\n|switch|p2b: Amoonguss|Amoonguss, L50, M, shiny|100\/100\n|turn|1\n|\n|t:|1683665302\n|move|p2a: Palafin|Close Combat|p1b: Kingambit\n|-supereffective|p1b: Kingambit\n|-damage|p1b: Kingambit|7\/100\n|-unboost|p2a: Palafin|def|1\n|-unboost|p2a: Palafin|spd|1\n|-enditem|p2a: Palafin|Eject Pack\n|\n|t:|1683665313\n|detailschange|p2a: Palafin|Palafin-Hero, L50, F\n|switch|p2a: Dragonite|Dragonite, L50, M|100\/100\n|move|p1a: Corviknight|Brave Bird|p2b: Amoonguss\n|-supereffective|p2b: Amoonguss\n|-damage|p2b: Amoonguss|35\/100\n|-enditem|p2b: Amoonguss|Sitrus Berry|[eat]\n|-heal|p2b: Amoonguss|60\/100|[from] item: Sitrus Berry\n|-damage|p1a: Corviknight|76\/100|[from] Recoil\n|move|p1b: Kingambit|Iron Head|p2b: Amoonguss\n|-damage|p2b: Amoonguss|22\/100\n|move|p2b: Amoonguss|Spore|p1a: Corviknight\n|-activate|p1a: Corviknight|item: Safety Goggles|Spore\n|\n|upkeep\n|turn|2\n|\n|t:|1683665336\n|switch|p2b: Palafin|Palafin-Hero, L50, F|100\/100\n|-activate|p2b: Palafin|ability: Zero to Hero\n|move|p1b: Kingambit|Protect|p1b: Kingambit\n|-singleturn|p1b: Kingambit|Protect\n|move|p2a: Dragonite|Rock Slide|p1a: Corviknight|[spread] p1a\n|-activate|p1b: Kingambit|move: Protect\n|-damage|p1a: Corviknight|57\/100\n|move|p1a: Corviknight|Brave Bird|p2b: Palafin\n|-damage|p2b: Palafin|64\/100\n|-damage|p1a: Corviknight|44\/100|[from] Recoil\n|\n|upkeep\n|turn|3\n|inactive|valhala alfa has 30 seconds left.\n|\n|t:|1683665365\n|move|p2b: Palafin|Jet Punch|p1a: Corviknight\n|-damage|p1a: Corviknight|10\/100\n|move|p1b: Kingambit|Sucker Punch||[still]\n|-fail|p1b: Kingambit\n|move|p2a: Dragonite|Rock Slide|p1b: Kingambit|[spread] p1a,p1b\n|-resisted|p1b: Kingambit\n|-damage|p1a: Corviknight|0 fnt\n|-damage|p1b: Kingambit|0 fnt\n|faint|p1a: Corviknight\n|faint|p1b: Kingambit\n|\n|upkeep\n|\n|t:|1683665375\n|switch|p1a: Flutter Mane|Flutter Mane, L50|100\/100\n|switch|p1b: Azumarill|Azumarill, L50, M|100\/100\n|turn|4\n|inactive|valhala alfa has 30 seconds left.\n|\n|t:|1683665401\n|switch|p2a: Arcanine|Arcanine, L50, M|100\/100\n|-ability|p2a: Arcanine|Intimidate|boost\n|-unboost|p1a: Flutter Mane|atk|1\n|-unboost|p1b: Azumarill|atk|1\n|-terastallize|p1a: Flutter Mane|Grass\n|move|p2b: Palafin|Protect|p2b: Palafin\n|-singleturn|p2b: Palafin|Protect\n|move|p1a: Flutter Mane|Dazzling Gleam|p2b: Palafin|[spread] p2a\n|-activate|p2b: Palafin|move: Protect\n|-resisted|p2a: Arcanine\n|-damage|p2a: Arcanine|70\/100\n|move|p1b: Azumarill|Ice Spinner|p2a: Arcanine\n|-resisted|p2a: Arcanine\n|-damage|p2a: Arcanine|55\/100\n|\n|upkeep\n|turn|5\n|inactive|valhala alfa has 30 seconds left.\n|inactive|valhala alfa has 20 seconds left.\n|\n|t:|1683665439\n|move|p2a: Arcanine|Extreme Speed|p1a: Flutter Mane\n|-damage|p1a: Flutter Mane|49\/100\n|move|p1b: Azumarill|Aqua Jet|p2a: Arcanine\n|-supereffective|p2a: Arcanine\n|-damage|p2a: Arcanine|12\/100\n|move|p1a: Flutter Mane|Dazzling Gleam|p2b: Palafin|[spread] p2a,p2b\n|-resisted|p2a: Arcanine\n|-damage|p2a: Arcanine|0 fnt\n|-damage|p2b: Palafin|16\/100\n|faint|p2a: Arcanine\n|move|p2b: Palafin|Close Combat|p1a: Flutter Mane\n|-damage|p1a: Flutter Mane|0 fnt\n|-unboost|p2b: Palafin|def|1\n|-unboost|p2b: Palafin|spd|1\n|faint|p1a: Flutter Mane\n|-end|p1a: Flutter Mane|Protosynthesis|[silent]\n|\n|upkeep\n|\n|t:|1683665455\n|switch|p2a: Amoonguss|Amoonguss, L50, M, shiny|55\/100\n|turn|6\n|inactive|idkwhatimdoing6969 has 30 seconds left.\n|inactive|idkwhatimdoing6969 has 20 seconds left.\n|inactive|idkwhatimdoing6969 has 15 seconds left.\n|inactive|idkwhatimdoing6969 has 10 seconds left.\n|inactive|idkwhatimdoing6969 has 5 seconds left.\n|\n|t:|1683665510\n|move|p2b: Palafin|Protect|p2b: Palafin\n|-singleturn|p2b: Palafin|Protect\n|move|p1b: Azumarill|Liquidation|p2b: Palafin\n|-activate|p2b: Palafin|move: Protect\n|move|p2a: Amoonguss|Spore|p1b: Azumarill\n|-status|p1b: Azumarill|slp|[from] move: Spore\n|\n|upkeep\n|turn|7\n|inactive|idkwhatimdoing6969 has 30 seconds left.\n|inactive|idkwhatimdoing6969 has 20 seconds left.\n|inactive|idkwhatimdoing6969 has 15 seconds left.\n|inactive|idkwhatimdoing6969 has 10 seconds left.\n|inactive|idkwhatimdoing6969 has 5 seconds left.\n|\n|t:|1683665565\n|move|p2b: Palafin|Jet Punch|p1b: Azumarill\n|-resisted|p1b: Azumarill\n|-damage|p1b: Azumarill|81\/100 slp\n|cant|p1b: Azumarill|slp\n|move|p2a: Amoonguss|Pollen Puff|p2b: Palafin\n|-heal|p2b: Palafin|66\/100\n|\n|upkeep\n|turn|8\n|inactive|idkwhatimdoing6969 has 30 seconds left.\n|inactive|idkwhatimdoing6969 has 20 seconds left.\n|inactive|idkwhatimdoing6969 has 15 seconds left.\n|inactive|idkwhatimdoing6969 has 10 seconds left.\n|inactive|idkwhatimdoing6969 has 5 seconds left.\n|c|\u2606valhala alfa|gg\n|\n|t:|1683665620\n|switch|p2b: Dragonite|Dragonite, L50, M|100\/100\n|-curestatus|p1b: Azumarill|slp|[msg]\n|move|p1b: Azumarill|Liquidation|p2b: Dragonite\n|-resisted|p2b: Dragonite\n|-damage|p2b: Dragonite|92\/100\n|-unboost|p2b: Dragonite|def|1\n|move|p2a: Amoonguss|Pollen Puff|p1b: Azumarill\n|-resisted|p1b: Azumarill\n|-damage|p1b: Azumarill|74\/100\n|\n|upkeep\n|turn|9\n|inactive|idkwhatimdoing6969 has 30 seconds left.\n|inactive|idkwhatimdoing6969 has 20 seconds left.\n|inactive|idkwhatimdoing6969 has 15 seconds left.\n|inactive|idkwhatimdoing6969 has 10 seconds left.\n|inactive|idkwhatimdoing6969 has 5 seconds left.\n|\n|t:|1683665675\n|-terastallize|p2b: Dragonite|Flying\n|move|p2a: Amoonguss|Rage Powder|p2a: Amoonguss\n|-singleturn|p2a: Amoonguss|move: Rage Powder\n|move|p2b: Dragonite|Tera Blast|p1b: Azumarill\n|-damage|p1b: Azumarill|9\/100\n|move|p1b: Azumarill|Liquidation|p2a: Amoonguss\n|-resisted|p2a: Amoonguss\n|-damage|p2a: Amoonguss|41\/100\n|\n|upkeep\n|turn|10\n|inactive|idkwhatimdoing6969 has 30 seconds left.\n|inactive|idkwhatimdoing6969 has 20 seconds left.\n|inactive|idkwhatimdoing6969 has 15 seconds left.\n|inactive|idkwhatimdoing6969 has 10 seconds left.\n|inactive|idkwhatimdoing6969 has 5 seconds left.\n|c|\u2606valhala alfa|cya later\n|\n|t:|1683665730\n|move|p2b: Dragonite|Extreme Speed|p1b: Azumarill\n|-damage|p1b: Azumarill|0 fnt\n|faint|p1b: Azumarill\n|\n|win|valhala alfa\n|raw|idkwhatimdoing6969's rating: 1377 → 1360<\/strong> (-17 for losing)\n|raw|valhala alfa's rating: 1433 → 1450<\/strong> (+17 for winning)\n","uploadtime":1683665737,"views":13,"p1id":"idkwhatimdoing6969","p2id":"valhalaalfa","formatid":"gen9vgc2023regulationc","rating":1360,"private":0,"password":""}