{"id":"gen9vgc2023regulationc-1851137662","p1":"Dennisyan","p2":"Doncollll","format":"[Gen 9] VGC 2023 Regulation C","log":"|j|\u2606Dennisyan\n|j|\u2606Doncollll\n|t:|1682415435\n|gametype|doubles\n|player|p1|Dennisyan|blackbelt-gen4dp|1076\n|player|p2|Doncollll|schoolkid|1088\n|teamsize|p1|6\n|teamsize|p2|6\n|gen|9\n|tier|[Gen 9] VGC 2023 Regulation C\n|rated|\n|rule|Species Clause: Limit one of each Pok\u00e9mon\n|rule|Item Clause: Limit one of each item\n|clearpoke\n|poke|p1|Flutter Mane, L50|\n|poke|p1|Chien-Pao, L50|\n|poke|p1|Dragapult, L50, M|\n|poke|p1|Amoonguss, L50, M|\n|poke|p1|Arcanine, L50, M|\n|poke|p1|Palafin, L50, F|\n|poke|p2|Dragonite, L50, M|\n|poke|p2|Amoonguss, L50, F|\n|poke|p2|Chien-Pao, L50|\n|poke|p2|Tatsugiri, L50, M|\n|poke|p2|Dondozo, L50, M|\n|poke|p2|Iron Hands, L50|\n|teampreview|4\n|inactive|Battle timer is ON: inactive players will automatically lose when time's up. (requested by Dennisyan)\n|inactive|Doncollll has 60 seconds left.\n|\n|t:|1682415493\n|start\n|switch|p1a: Dragapult|Dragapult, L50, M|100\/100\n|switch|p1b: Chien-Pao|Chien-Pao, L50|100\/100\n|switch|p2a: Chien-Pao|Chien-Pao, L50|100\/100\n|switch|p2b: Dragonite|Dragonite, L50, M|100\/100\n|-ability|p1b: Chien-Pao|Sword of Ruin\n|-ability|p2a: Chien-Pao|Sword of Ruin\n|turn|1\n|\n|t:|1682415507\n|switch|p1a: Amoonguss|Amoonguss, L50, M|100\/100\n|move|p1b: Chien-Pao|Ice Spinner|p2b: Dragonite\n|-supereffective|p2b: Dragonite\n|-damage|p2b: Dragonite|6\/100\n|move|p2a: Chien-Pao|Ice Spinner|p1a: Amoonguss\n|-supereffective|p1a: Amoonguss\n|-damage|p1a: Amoonguss|1\/100\n|-enditem|p1a: Amoonguss|Sitrus Berry|[eat]\n|-heal|p1a: Amoonguss|26\/100|[from] item: Sitrus Berry\n|move|p2b: Dragonite|Dragon Dance|p2b: Dragonite\n|-boost|p2b: Dragonite|atk|1\n|-boost|p2b: Dragonite|spe|1\n|\n|upkeep\n|turn|2\n|\n|t:|1682415526\n|move|p1a: Amoonguss|Protect|p1a: Amoonguss\n|-singleturn|p1a: Amoonguss|Protect\n|move|p2b: Dragonite|Extreme Speed|p1b: Chien-Pao\n|-damage|p1b: Chien-Pao|36\/100\n|move|p1b: Chien-Pao|Sucker Punch||[still]\n|-fail|p1b: Chien-Pao\n|move|p2a: Chien-Pao|Ice Spinner|p1a: Amoonguss\n|-activate|p1a: Amoonguss|move: Protect\n|\n|upkeep\n|turn|3\n|\n|t:|1682415550\n|switch|p1a: Flutter Mane|Flutter Mane, L50|100\/100\n|-enditem|p1a: Flutter Mane|Booster Energy\n|-activate|p1a: Flutter Mane|ability: Protosynthesis|[fromitem]\n|-start|p1a: Flutter Mane|protosynthesisspa\n|-terastallize|p1b: Chien-Pao|Ghost\n|move|p2b: Dragonite|Extreme Speed|p1b: Chien-Pao\n|-immune|p1b: Chien-Pao\n|move|p1b: Chien-Pao|Sacred Sword|p2a: Chien-Pao\n|-supereffective|p2a: Chien-Pao\n|-enditem|p2a: Chien-Pao|Focus Sash\n|-damage|p2a: Chien-Pao|1\/100\n|move|p2a: Chien-Pao|Ice Spinner|p1a: Flutter Mane\n|-damage|p1a: Flutter Mane|8\/100\n|\n|upkeep\n|turn|4\n|inactive|Doncollll has 30 seconds left.\n|\n|t:|1682415585\n|switch|p2b: Tatsugiri|Tatsugiri, L50, M|100\/100\n|move|p1a: Flutter Mane|Protect|p1a: Flutter Mane\n|-singleturn|p1a: Flutter Mane|Protect\n|move|p2a: Chien-Pao|Sucker Punch||[still]\n|-fail|p2a: Chien-Pao\n|move|p1b: Chien-Pao|Ice Spinner|p2b: Tatsugiri\n|-damage|p2b: Tatsugiri|10\/100\n|\n|upkeep\n|turn|5\n|\n|t:|1682415602\n|-end|p1a: Flutter Mane|Protosynthesis|[silent]\n|switch|p1a: Amoonguss|Amoonguss, L50, M|60\/100\n|move|p2a: Chien-Pao|Protect|p2a: Chien-Pao\n|-singleturn|p2a: Chien-Pao|Protect\n|move|p1b: Chien-Pao|Sucker Punch|p2b: Tatsugiri\n|-damage|p2b: Tatsugiri|0 fnt\n|faint|p2b: Tatsugiri\n|\n|upkeep\n|\n|t:|1682415612\n|switch|p2b: Dondozo|Dondozo, L50, M|100\/100\n|turn|6\n|\n|t:|1682415629\n|-terastallize|p2b: Dondozo|Grass\n|move|p1b: Chien-Pao|Protect|p1b: Chien-Pao\n|-singleturn|p1b: Chien-Pao|Protect\n|move|p2a: Chien-Pao|Ice Spinner|p1a: Amoonguss\n|-supereffective|p1a: Amoonguss\n|-damage|p1a: Amoonguss|0 fnt\n|faint|p1a: Amoonguss\n|move|p2b: Dondozo|Order Up|p1b: Chien-Pao\n|-activate|p1b: Chien-Pao|move: Protect\n|\n|upkeep\n|\n|t:|1682415640\n|switch|p1a: Dragapult|Dragapult, L50, M|100\/100\n|turn|7\n|\n|t:|1682415654\n|switch|p1a: Flutter Mane|Flutter Mane, L50|8\/100\n|move|p2a: Chien-Pao|Sucker Punch||[still]\n|-fail|p2a: Chien-Pao\n|move|p1b: Chien-Pao|Ice Spinner|p2b: Dondozo\n|-supereffective|p2b: Dondozo\n|-damage|p2b: Dondozo|33\/100\n|move|p2b: Dondozo|Order Up|p1a: Flutter Mane\n|-immune|p1a: Flutter Mane\n|\n|-heal|p2b: Dondozo|40\/100|[from] item: Leftovers\n|upkeep\n|turn|8\n|inactive|Dennisyan has 30 seconds left.\n|\n|t:|1682415684\n|move|p2a: Chien-Pao|Protect|p2a: Chien-Pao\n|-singleturn|p2a: Chien-Pao|Protect\n|move|p1a: Flutter Mane|Protect|p1a: Flutter Mane\n|-singleturn|p1a: Flutter Mane|Protect\n|move|p1b: Chien-Pao|Ice Spinner|p2b: Dondozo\n|-supereffective|p2b: Dondozo\n|-damage|p2b: Dondozo|0 fnt\n|faint|p2b: Dondozo\n|\n|upkeep\n|\n|t:|1682415694\n|switch|p2b: Dragonite|Dragonite, L50, M|6\/100\n|turn|9\n|\n|t:|1682415707\n|-end|p1a: Flutter Mane|Protosynthesis|[silent]\n|switch|p1a: Dragapult|Dragapult, L50, M|100\/100\n|move|p2a: Chien-Pao|Sucker Punch||[still]\n|-fail|p2a: Chien-Pao\n|move|p1b: Chien-Pao|Sacred Sword|p2a: Chien-Pao\n|-supereffective|p2a: Chien-Pao\n|-damage|p2a: Chien-Pao|0 fnt\n|faint|p2a: Chien-Pao\n|move|p2b: Dragonite|Dragon Dance|p2b: Dragonite\n|-boost|p2b: Dragonite|atk|1\n|-boost|p2b: Dragonite|spe|1\n|\n|upkeep\n|turn|10\n|inactive|Dennisyan has 30 seconds left.\n|inactive|Dennisyan has 20 seconds left.\n|inactive|Dennisyan has 15 seconds left.\n|\n|t:|1682415750\n|move|p1a: Dragapult|Dragon Darts|p2b: Dragonite\n|-supereffective|p2b: Dragonite\n|-damage|p2b: Dragonite|0 fnt\n|faint|p2b: Dragonite\n|\n|win|Dennisyan\n|raw|Dennisyan's rating: 1076 → 1106<\/strong> (+30 for winning)\n|raw|Doncollll's rating: 1088 → 1064<\/strong> (-24 for losing)\n|c|\u2606Dennisyan|so\n","uploadtime":1682415842,"views":13,"p1id":"dennisyan","p2id":"doncollll","formatid":"gen9vgc2023regulationc","rating":1064,"private":0,"password":""}