{"id":"gen9vgc2023regulationc-1846392490","p1":"Jaytodd13","p2":"420YourMom","format":"[Gen 9] VGC 2023 Regulation C","log":"|j|\u2606Jaytodd13\n|j|\u2606420YourMom\n|t:|1681837220\n|gametype|doubles\n|player|p1|Jaytodd13|blue|1361\n|player|p2|420YourMom|marnie-league|1382\n|teamsize|p1|6\n|teamsize|p2|6\n|gen|9\n|tier|[Gen 9] VGC 2023 Regulation C\n|rated|\n|rule|Species Clause: Limit one of each Pok\u00e9mon\n|rule|Item Clause: Limit one of each item\n|clearpoke\n|poke|p1|Pelipper, L50, F|\n|poke|p1|Ting-Lu, L50|\n|poke|p1|Glimmora, L50, F|\n|poke|p1|Chien-Pao, L50|\n|poke|p1|Dondozo, L50, F|\n|poke|p1|Tatsugiri-Droopy, L50, M|\n|poke|p2|Dondozo, L50, F|\n|poke|p2|Tatsugiri, L50, F|\n|poke|p2|Chi-Yu, L50|\n|poke|p2|Iron Bundle, L50|\n|poke|p2|Ceruledge, L50, M|\n|poke|p2|Dragonite, L50, M|\n|teampreview|4\n420YourMom has agreed to open team sheets.\n|inactive|Battle timer is ON: inactive players will automatically lose when time's up. (requested by 420YourMom)\n|\n|t:|1681837241\n|start\n|switch|p1a: Pelipper|Pelipper, L50, F|100\/100\n|switch|p1b: Glimmora|Glimmora, L50, F|100\/100\n|switch|p2a: Iron Bundle|Iron Bundle, L50|100\/100\n|switch|p2b: Chi-Yu|Chi-Yu, L50|100\/100\n|-ability|p2b: Chi-Yu|Beads of Ruin\n|-weather|RainDance|[from] ability: Drizzle|[of] p1a: Pelipper\n|-enditem|p2a: Iron Bundle|Booster Energy\n|-activate|p2a: Iron Bundle|ability: Quark Drive|[fromitem]\n|-start|p2a: Iron Bundle|quarkdrivespe\n|turn|1\n|inactive|Jaytodd13 has 30 seconds left.\n|inactive|420YourMom has 30 seconds left.\n|inactive|Jaytodd13 has 20 seconds left.\n|inactive|420YourMom has 20 seconds left.\n|inactive|420YourMom has 15 seconds left.\n|inactive|Jaytodd13 has 15 seconds left.\n|inactive|420YourMom has 10 seconds left.\n|inactive|Jaytodd13 has 10 seconds left.\n|inactive|420YourMom has 5 seconds left.\n|\n|t:|1681837296\n|-terastallize|p1b: Glimmora|Grass\n|move|p1a: Pelipper|Protect|p1a: Pelipper\n|-singleturn|p1a: Pelipper|Protect\n|move|p2a: Iron Bundle|Hydro Pump|p1b: Glimmora\n|-resisted|p1b: Glimmora\n|-damage|p1b: Glimmora|54\/100\n|move|p2b: Chi-Yu|Dark Pulse|p1a: Pelipper\n|-activate|p1a: Pelipper|move: Protect\n|move|p1b: Glimmora|Energy Ball|p2a: Iron Bundle\n|-supereffective|p2a: Iron Bundle\n|-damage|p2a: Iron Bundle|0 fnt\n|faint|p2a: Iron Bundle\n|-end|p2a: Iron Bundle|Quark Drive|[silent]\n|\n|-weather|RainDance|[upkeep]\n|upkeep\n|\n|t:|1681837320\n|switch|p2a: Dragonite|Dragonite, L50, M|100\/100\n|turn|2\n|\n|t:|1681837332\n|switch|p1b: Dondozo|Dondozo, L50, F|100\/100\n|move|p2b: Chi-Yu|Overheat|p1b: Dondozo\n|-resisted|p1b: Dondozo\n|-damage|p1b: Dondozo|77\/100\n|-unboost|p2b: Chi-Yu|spa|2\n|move|p2a: Dragonite|Outrage|p1b: Dondozo\n|-damage|p1b: Dondozo|29\/100\n|move|p1a: Pelipper|Chilling Water|p2b: Chi-Yu\n|-supereffective|p2b: Chi-Yu\n|-damage|p2b: Chi-Yu|41\/100\n|-unboost|p2b: Chi-Yu|atk|1\n|\n|-weather|RainDance|[upkeep]\n|upkeep\n|turn|3\n|inactive|420YourMom has 30 seconds left.\n|inactive|Jaytodd13 has 30 seconds left.\n|inactive|420YourMom has 20 seconds left.\n|inactive|420YourMom has 15 seconds left.\n|\n|t:|1681837372\n|switch|p1b: Glimmora|Glimmora, L50, F, tera:Grass|54\/100\n|move|p2b: Chi-Yu|Protect|p2b: Chi-Yu\n|-singleturn|p2b: Chi-Yu|Protect\n|move|p2a: Dragonite|Outrage|p1b: Glimmora|[from]lockedmove\n|-damage|p1b: Glimmora|0 fnt\n|-activate|p1b: Glimmora|ability: Toxic Debris\n|-sidestart|p2: 420YourMom|move: Toxic Spikes\n|faint|p1b: Glimmora\n|-start|p2a: Dragonite|confusion|[fatigue]\n|move|p1a: Pelipper|Chilling Water|p2a: Dragonite\n|-resisted|p2a: Dragonite\n|-damage|p2a: Dragonite|92\/100\n|-unboost|p2a: Dragonite|atk|1\n|\n|-weather|RainDance|[upkeep]\n|upkeep\n|\n|t:|1681837379\n|switch|p1b: Dondozo|Dondozo, L50, F|29\/100\n|turn|4\n|inactive|420YourMom has 30 seconds left.\n|inactive|420YourMom has 20 seconds left.\n|\n|t:|1681837418\n|switch|p1a: Tatsugiri|Tatsugiri-Droopy, L50, M|100\/100\n|-activate|p1a: Tatsugiri|ability: Commander|[of] p1b: Dondozo\n|-boost|p1b: Dondozo|atk|2\n|-boost|p1b: Dondozo|spa|2\n|-boost|p1b: Dondozo|spe|2\n|-boost|p1b: Dondozo|def|2\n|-boost|p1b: Dondozo|spd|2\n|move|p2b: Chi-Yu|Dark Pulse|p1b: Dondozo\n|-damage|p1b: Dondozo|0 fnt\n|faint|p1b: Dondozo\n|-activate|p2a: Dragonite|confusion\n|move|p2a: Dragonite|Outrage|p1a: Tatsugiri\n|-supereffective|p1a: Tatsugiri\n|-enditem|p1a: Tatsugiri|Focus Sash\n|-damage|p1a: Tatsugiri|1\/100\n|\n|-weather|RainDance|[upkeep]\n|upkeep\n|\n|t:|1681837434\n|switch|p1b: Pelipper|Pelipper, L50, F|100\/100\n|turn|5\n|\n|t:|1681837452\n|move|p2b: Chi-Yu|Dark Pulse|p1a: Tatsugiri\n|-damage|p1a: Tatsugiri|0 fnt\n|faint|p1a: Tatsugiri\n|-activate|p2a: Dragonite|confusion\n|-damage|p2a: Dragonite|82\/100|[from] confusion\n|move|p1b: Pelipper|Chilling Water|p2a: Dragonite\n|-resisted|p2a: Dragonite\n|-damage|p2a: Dragonite|64\/100\n|-unboost|p2a: Dragonite|atk|1\n|\n|-weather|none\n|upkeep\n|turn|6\n|-message|Jaytodd13 forfeited.\n|\n|win|420YourMom\n|raw|Jaytodd13's rating: 1361 → 1342<\/strong> (-19 for losing)\n|raw|420YourMom's rating: 1382 → 1401<\/strong> (+19 for winning)\n|l|\u2606Jaytodd13\n","uploadtime":1681837465,"views":9,"p1id":"jaytodd13","p2id":"420yourmom","formatid":"gen9vgc2023regulationc","rating":1342,"private":0,"password":""}