{"id":"gen9vgc2023regulationc-1861636455","p1":"zake 93","p2":"XxKillGore642xX","format":"[Gen 9] VGC 2023 Regulation C","log":"|j|\u2606zake 93\n|j|\u2606XxKillGore642xX\n|t:|1683785791\n|gametype|doubles\n|player|p1|zake 93|1|1150\n|player|p2|XxKillGore642xX|101|1000\n|teamsize|p1|6\n|teamsize|p2|6\n|gen|9\n|tier|[Gen 9] VGC 2023 Regulation C\n|rated|\n|rule|Species Clause: Limit one of each Pok\u00e9mon\n|rule|Item Clause: Limit one of each item\n|clearpoke\n|poke|p1|Orthworm, L50, F|\n|poke|p1|Ting-Lu, L50|\n|poke|p1|Flutter Mane, L50|\n|poke|p1|Dragonite, L50, F|\n|poke|p1|Amoonguss, L50, F|\n|poke|p1|Arcanine, L50, F|\n|poke|p2|Torkoal, L50, F|\n|poke|p2|Arcanine, L50, F|\n|poke|p2|Sandy Shocks, L50|\n|poke|p2|Dachsbun, L50, F|\n|poke|p2|Arboliva, L50, M|\n|poke|p2|Chi-Yu, L50|\n|teampreview|4\n|\n|t:|1683785840\n|start\n|switch|p1a: Arcanine|Arcanine, L50, F|100\/100\n|switch|p1b: Amoonguss|Amoonguss, L50, F|100\/100\n|switch|p2a: Torkoal|Torkoal, L50, F|100\/100\n|switch|p2b: Chi-Yu|Chi-Yu, L50|100\/100\n|-ability|p2b: Chi-Yu|Beads of Ruin\n|-ability|p1a: Arcanine|Intimidate|boost\n|-unboost|p2a: Torkoal|atk|1\n|-unboost|p2b: Chi-Yu|atk|1\n|-weather|SunnyDay|[from] ability: Drought|[of] p2a: Torkoal\n|turn|1\n|\n|t:|1683785865\n|-terastallize|p1b: Amoonguss|Fire\n|move|p1a: Arcanine|Protect|p1a: Arcanine\n|-singleturn|p1a: Arcanine|Protect\n|move|p2b: Chi-Yu|Overheat|p1b: Amoonguss\n|-resisted|p1b: Amoonguss\n|-damage|p1b: Amoonguss|41\/100\n|-unboost|p2b: Chi-Yu|spa|2\n|move|p1b: Amoonguss|Spore|p2a: Torkoal\n|-status|p2a: Torkoal|slp|[from] move: Spore\n|cant|p2a: Torkoal|slp\n|\n|-weather|SunnyDay|[upkeep]\n|upkeep\n|turn|2\n|\n|t:|1683785910\n|move|p1b: Amoonguss|Protect|p1b: Amoonguss\n|-singleturn|p1b: Amoonguss|Protect\n|move|p1a: Arcanine|Extreme Speed|p2b: Chi-Yu\n|-damage|p2b: Chi-Yu|79\/100\n|move|p2b: Chi-Yu|Dark Pulse|p1b: Amoonguss\n|-activate|p1b: Amoonguss|move: Protect\n|-curestatus|p2a: Torkoal|slp|[msg]\n|move|p2a: Torkoal|Earth Power|p1a: Arcanine\n|-supereffective|p1a: Arcanine\n|-crit|p1a: Arcanine\n|-damage|p1a: Arcanine|0 fnt\n|faint|p1a: Arcanine\n|\n|-weather|SunnyDay|[upkeep]\n|upkeep\n|\n|t:|1683785924\n|switch|p1a: Ting-Lu|Ting-Lu, L50|100\/100\n|-ability|p1a: Ting-Lu|Vessel of Ruin\n|turn|3\n|\n|t:|1683785946\n|switch|p2a: Arboliva|Arboliva, L50, M|100\/100\n|move|p1b: Amoonguss|Rage Powder|p1b: Amoonguss\n|-singleturn|p1b: Amoonguss|move: Rage Powder\n|move|p2b: Chi-Yu|Dark Pulse|p1b: Amoonguss\n|-damage|p1b: Amoonguss|22\/100\n|move|p1a: Ting-Lu|Earthquake|p2a: Arboliva|[spread] p1b,p2a,p2b\n|-supereffective|p1b: Amoonguss\n|-resisted|p2a: Arboliva\n|-supereffective|p2b: Chi-Yu\n|-damage|p1b: Amoonguss|0 fnt\n|-damage|p2a: Arboliva|86\/100\n|-damage|p2b: Chi-Yu|12\/100\n|faint|p1b: Amoonguss\n|\n|-weather|SunnyDay|[upkeep]\n|upkeep\n|\n|t:|1683785959\n|switch|p1b: Flutter Mane|Flutter Mane, L50|100\/100\n|-activate|p1b: Flutter Mane|ability: Protosynthesis\n|-start|p1b: Flutter Mane|protosynthesisspe\n|turn|4\n|\n|t:|1683785986\n|-terastallize|p2a: Arboliva|Fairy\n|move|p1b: Flutter Mane|Protect|p1b: Flutter Mane\n|-singleturn|p1b: Flutter Mane|Protect\n|move|p2b: Chi-Yu|Overheat|p1b: Flutter Mane\n|-activate|p1b: Flutter Mane|move: Protect\n|move|p1a: Ting-Lu|Earthquake|p2b: Chi-Yu|[spread] p2a,p2b\n|-activate|p1b: Flutter Mane|move: Protect\n|-supereffective|p2b: Chi-Yu\n|-damage|p2a: Arboliva|54\/100\n|-damage|p2b: Chi-Yu|0 fnt\n|faint|p2b: Chi-Yu\n|move|p2a: Arboliva|Giga Drain|p1a: Ting-Lu\n|-supereffective|p1a: Ting-Lu\n|-damage|p1a: Ting-Lu|78\/100\n|-heal|p2a: Arboliva|73\/100|[from] drain|[of] p1a: Ting-Lu\n|\n|-weather|SunnyDay|[upkeep]\n|upkeep\n|\n|t:|1683786014\n|switch|p2b: Torkoal|Torkoal, L50, F|100\/100\n|turn|5\n|\n|t:|1683786023\n|move|p1b: Flutter Mane|Shadow Ball|p2b: Torkoal\n|-damage|p2b: Torkoal|60\/100\n|move|p1a: Ting-Lu|Heavy Slam|p2a: Arboliva\n|-supereffective|p2a: Arboliva\n|-damage|p2a: Arboliva|11\/100\n|-enditem|p2a: Arboliva|Sitrus Berry|[eat]\n|-heal|p2a: Arboliva|36\/100|[from] item: Sitrus Berry\n|move|p2a: Arboliva|Growth|p2a: Arboliva\n|-boost|p2a: Arboliva|atk|2\n|-boost|p2a: Arboliva|spa|2\n|move|p2b: Torkoal|Solar Beam||[still]\n|-prepare|p2b: Torkoal|Solar Beam\n|-anim|p2b: Torkoal|Solar Beam|p1a: Ting-Lu\n|-supereffective|p1a: Ting-Lu\n|-damage|p1a: Ting-Lu|48\/100\n|\n|-weather|none\n|-end|p1b: Flutter Mane|Protosynthesis\n|-item|p2a: Arboliva|Sitrus Berry|[from] ability: Harvest\n|upkeep\n|-enditem|p1b: Flutter Mane|Booster Energy\n|-activate|p1b: Flutter Mane|ability: Protosynthesis|[fromitem]\n|-start|p1b: Flutter Mane|protosynthesisspe\n|-enditem|p2a: Arboliva|Sitrus Berry|[eat]\n|-heal|p2a: Arboliva|60\/100|[from] item: Sitrus Berry\n|turn|6\n|\n|t:|1683786095\n|switch|p2b: Dachsbun|Dachsbun, L50, F|100\/100\n|move|p1b: Flutter Mane|Moonblast|p2a: Arboliva\n|-damage|p2a: Arboliva|25\/100\n|move|p1a: Ting-Lu|Fissure|p2b: Dachsbun|[miss]\n|-miss|p1a: Ting-Lu|p2b: Dachsbun\n|move|p2a: Arboliva|Dazzling Gleam|p1b: Flutter Mane|[spread] p1a,p1b\n|-supereffective|p1a: Ting-Lu\n|-damage|p1a: Ting-Lu|11\/100\n|-damage|p1b: Flutter Mane|59\/100\n|\n|upkeep\n|turn|7\n|\n|t:|1683786124\n|move|p1b: Flutter Mane|Dazzling Gleam|p2a: Arboliva|[spread] p2a,p2b\n|-damage|p2a: Arboliva|4\/100\n|-damage|p2b: Dachsbun|80\/100\n|move|p2b: Dachsbun|Play Rough|p1a: Ting-Lu\n|-supereffective|p1a: Ting-Lu\n|-damage|p1a: Ting-Lu|0 fnt\n|faint|p1a: Ting-Lu\n|move|p2a: Arboliva|Dazzling Gleam|p1b: Flutter Mane\n|-damage|p1b: Flutter Mane|0 fnt\n|faint|p1b: Flutter Mane\n|-end|p1b: Flutter Mane|Protosynthesis|[silent]\n|\n|win|XxKillGore642xX\n|raw|zake 93's rating: 1150 → 1115<\/strong> (-35 for losing)\n|raw|XxKillGore642xX's rating: 1000 → 1056<\/strong> (+56 for winning)\n","uploadtime":1683786138,"views":12,"p1id":"zake93","p2id":"xxkillgore642xx","formatid":"gen9vgc2023regulationc","rating":1056,"private":0,"password":""}