{"id":"gen9vgc2023regulationc-1847021535","p1":"BlindMagneton","p2":"esotilin123456","format":"[Gen 9] VGC 2023 Regulation C","log":"|j|\u2606BlindMagneton\n|j|\u2606esotilin123456\n|t:|1681912426\n|gametype|doubles\n|player|p1|BlindMagneton|wattson|1221\n|player|p2|esotilin123456|hilbert-wonderlauncher|1324\n|teamsize|p1|6\n|teamsize|p2|6\n|gen|9\n|tier|[Gen 9] VGC 2023 Regulation C\n|rated|\n|rule|Species Clause: Limit one of each Pok\u00e9mon\n|rule|Item Clause: Limit one of each item\n|clearpoke\n|poke|p1|Iron Bundle, L50|\n|poke|p1|Palafin, L50, F|\n|poke|p1|Ceruledge, L50, F|\n|poke|p1|Grimmsnarl, L50, M|\n|poke|p1|Dachsbun, L50, M|\n|poke|p1|Dragapult, L50, F|\n|poke|p2|Arcanine, L50, M|\n|poke|p2|Gastrodon, L50, F|\n|poke|p2|Rotom-Mow, L50|\n|poke|p2|Tyranitar, L50, M|\n|poke|p2|Corviknight, L50, M|\n|poke|p2|Salamence, L50, M|\n|teampreview|4\n|\n|t:|1681912483\n|start\n|switch|p1a: Grimmsnarl|Grimmsnarl, L50, M|100\/100\n|switch|p1b: Dragapult|Dragapult, L50, F|100\/100\n|switch|p2a: Great Tyrant|Tyranitar, L50, M, shiny|100\/100\n|switch|p2b: good boi|Arcanine, L50, M|100\/100\n|-ability|p2b: good boi|Intimidate|boost\n|-unboost|p1a: Grimmsnarl|atk|1\n|-fail|p1b: Dragapult|unboost|[from] ability: Clear Body|[of] p1b: Dragapult\n|-weather|Sandstorm|[from] ability: Sand Stream|[of] p2a: Great Tyrant\n|turn|1\n|\n|t:|1681912508\n|-terastallize|p2a: Great Tyrant|Rock\n|move|p1b: Dragapult|Phantom Force||[still]\n|-prepare|p1b: Dragapult|Phantom Force\n|move|p2b: good boi|Flare Blitz|p1b: Dragapult|[miss]\n|-miss|p2b: good boi|p1b: Dragapult\n|move|p1a: Grimmsnarl|Drain Punch|p2a: Great Tyrant\n|-supereffective|p2a: Great Tyrant\n|-enditem|p2a: Great Tyrant|Chople Berry|[eat]\n|-enditem|p2a: Great Tyrant|Chople Berry|[weaken]\n|-damage|p2a: Great Tyrant|84\/100\n|move|p2a: Great Tyrant|Rock Slide|p1a: Grimmsnarl|[spread] p1a\n|-miss|p2a: Great Tyrant|p1b: Dragapult\n|-damage|p1a: Grimmsnarl|31\/100\n|\n|-weather|Sandstorm|[upkeep]\n|-damage|p1b: Dragapult|94\/100|[from] Sandstorm\n|-damage|p2b: good boi|94\/100|[from] Sandstorm\n|-damage|p1a: Grimmsnarl|26\/100|[from] Sandstorm\n|upkeep\n|turn|2\n|\n|t:|1681912526\n|move|p1a: Grimmsnarl|Swagger|p2b: good boi\n|-boost|p2b: good boi|atk|2\n|-enditem|p1b: Dragapult|Mirror Herb\n|-boost|p1b: Dragapult|atk|2|[from] item: Mirror Herb\n|-start|p2b: good boi|confusion\n|move|p1b: Dragapult|Phantom Force|p2b: good boi|[from]lockedmove\n|-damage|p2b: good boi|0 fnt\n|faint|p2b: good boi\n|move|p2a: Great Tyrant|Rock Slide|p1b: Dragapult|[spread] p1a\n|-miss|p2a: Great Tyrant|p1b: Dragapult\n|-damage|p1a: Grimmsnarl|0 fnt\n|faint|p1a: Grimmsnarl\n|\n|-weather|Sandstorm|[upkeep]\n|-damage|p1b: Dragapult|88\/100|[from] Sandstorm\n|upkeep\n|\n|t:|1681912562\n|switch|p2b: GROHAHSHSHSH|Gastrodon, L50, F|100\/100\n|switch|p1a: Dachsbun|Dachsbun, L50, M|100\/100\n|turn|3\n|\n|t:|1681912576\n|move|p1b: Dragapult|Will-O-Wisp|p1a: Dachsbun\n|-ability|p1a: Dachsbun|Well-Baked Body|boost\n|-boost|p1a: Dachsbun|def|2\n|move|p1a: Dachsbun|Body Press|p2a: Great Tyrant\n|-supereffective|p2a: Great Tyrant\n|-damage|p2a: Great Tyrant|11\/100\n|move|p2a: Great Tyrant|Rock Slide|p1b: Dragapult|[spread] p1a,p1b\n|-damage|p1a: Dachsbun|81\/100\n|-damage|p1b: Dragapult|29\/100\n|move|p2b: GROHAHSHSHSH|Earth Power|p1a: Dachsbun\n|-damage|p1a: Dachsbun|58\/100\n|\n|-weather|Sandstorm|[upkeep]\n|-damage|p1b: Dragapult|23\/100|[from] Sandstorm\n|-damage|p1a: Dachsbun|52\/100|[from] Sandstorm\n|upkeep\n|turn|4\n|\n|t:|1681912600\n|move|p1b: Dragapult|Dragon Darts|p2a: Great Tyrant\n|-damage|p2a: Great Tyrant|0 fnt\n|-anim|p1b: Dragapult|Dragon Darts|p2b: GROHAHSHSHSH\n|-damage|p2b: GROHAHSHSHSH|47\/100\n|faint|p2a: Great Tyrant\n|move|p1a: Dachsbun|Body Press|p2b: GROHAHSHSHSH\n|-damage|p2b: GROHAHSHSHSH|1\/100\n|move|p2b: GROHAHSHSHSH|Earth Power|p1a: Dachsbun\n|-damage|p1a: Dachsbun|29\/100\n|\n|-weather|Sandstorm|[upkeep]\n|-damage|p1b: Dragapult|17\/100|[from] Sandstorm\n|-damage|p1a: Dachsbun|22\/100|[from] Sandstorm\n|-heal|p2b: GROHAHSHSHSH|7\/100|[from] item: Leftovers\n|upkeep\n|\n|t:|1681912603\n|switch|p2a: IRON MUGULIS|Rotom-Mow, L50|100\/100\n|turn|5\n|-message|esotilin123456 forfeited.\n|\n|win|BlindMagneton\n|raw|BlindMagneton's rating: 1221 → 1253<\/strong> (+32 for winning)\n|raw|esotilin123456's rating: 1324 → 1298<\/strong> (-26 for losing)\n|c|\u2606esotilin123456|pegate un tiro\n|l|\u2606esotilin123456\n","uploadtime":1681912629,"views":9,"p1id":"blindmagneton","p2id":"esotilin123456","formatid":"gen9vgc2023regulationc","rating":1253,"private":0,"password":""}