{"id":"gen9vgc2023regulationc-1857255965","p1":"bl1ng","p2":"NicoHaxVGC","format":"[Gen 9] VGC 2023 Regulation C","log":"|j|\u2606bl1ng\n|j|\u2606NicoHaxVGC\n|t:|1683164150\n|gametype|doubles\n|player|p1|bl1ng|hilda-wonderlauncher|1200\n|player|p2|NicoHaxVGC|red|1316\n|teamsize|p1|6\n|teamsize|p2|6\n|gen|9\n|tier|[Gen 9] VGC 2023 Regulation C\n|rated|\n|rule|Species Clause: Limit one of each Pok\u00e9mon\n|rule|Item Clause: Limit one of each item\n|clearpoke\n|poke|p1|Houndstone, L50, F|\n|poke|p1|Tyranitar, L50, M|\n|poke|p1|Garchomp, L50, M|\n|poke|p1|Chi-Yu, L50|\n|poke|p1|Farigiraf, L50, M|\n|poke|p1|Grimmsnarl, L50, M|\n|poke|p2|Corviknight, L50, F|\n|poke|p2|Ting-Lu, L50|\n|poke|p2|Annihilape, L50, M|\n|poke|p2|Maushold, L50|\n|poke|p2|Iron Bundle, L50|\n|poke|p2|Flutter Mane, L50|\n|teampreview|4\n|inactive|Battle timer is ON: inactive players will automatically lose when time's up. (requested by NicoHaxVGC)\n|inactive|bl1ng also wants the timer to be on.\n|inactive|bl1ng has 60 seconds left.\n|\n|t:|1683164193\n|start\n|switch|p1a: Chi-Yu|Chi-Yu, L50|100\/100\n|switch|p1b: Grimmsnarl|Grimmsnarl, L50, M|100\/100\n|switch|p2a: Star fire|Flutter Mane, L50|100\/100\n|switch|p2b: Cyborg|Iron Bundle, L50|100\/100\n|-ability|p1a: Chi-Yu|Beads of Ruin\n|-enditem|p2b: Cyborg|Booster Energy\n|-activate|p2b: Cyborg|ability: Quark Drive|[fromitem]\n|-start|p2b: Cyborg|quarkdrivespe\n|turn|1\n|inactive|NicoHaxVGC has 30 seconds left.\n|\n|t:|1683164226\n|-terastallize|p2b: Cyborg|Ghost\n|move|p1b: Grimmsnarl|Thunder Wave|p2b: Cyborg\n|-status|p2b: Cyborg|par\n|move|p1a: Chi-Yu|Heat Wave|p2b: Cyborg|[spread] p2a,p2b\n|-damage|p2a: Star fire|53\/100\n|-damage|p2b: Cyborg|0 fnt\n|faint|p2b: Cyborg\n|-end|p2b: Cyborg|Quark Drive|[silent]\n|move|p2a: Star fire|Moonblast|p1a: Chi-Yu\n|-damage|p1a: Chi-Yu|17\/100\n|\n|upkeep\n|\n|t:|1683164237\n|switch|p2b: Beast boy|Ting-Lu, L50|100\/100\n|-ability|p2b: Beast boy|Vessel of Ruin\n|turn|2\n|\n|t:|1683164259\n|move|p1a: Chi-Yu|Heat Wave|p2a: Star fire|[spread] p2a,p2b\n|-damage|p2a: Star fire|17\/100\n|-damage|p2b: Beast boy|81\/100\n|move|p2a: Star fire|Moonblast|p1b: Grimmsnarl\n|-supereffective|p1b: Grimmsnarl\n|-damage|p1b: Grimmsnarl|0 fnt\n|faint|p1b: Grimmsnarl\n|move|p2b: Beast boy|Stomping Tantrum|p1a: Chi-Yu\n|-supereffective|p1a: Chi-Yu\n|-damage|p1a: Chi-Yu|0 fnt\n|faint|p1a: Chi-Yu\n|\n|upkeep\n|\n|t:|1683164269\n|switch|p1a: Tyranitar|Tyranitar, L50, M|100\/100\n|switch|p1b: Houndstone|Houndstone, L50, F|100\/100\n|-weather|Sandstorm|[from] ability: Sand Stream|[of] p1a: Tyranitar\n|turn|3\n|\n|t:|1683164286\n|move|p1b: Houndstone|Last Respects|p2a: Star fire\n|-supereffective|p2a: Star fire\n|-damage|p2a: Star fire|0 fnt\n|faint|p2a: Star fire\n|-end|p2a: Star fire|Protosynthesis|[silent]\n|move|p2b: Beast boy|Stomping Tantrum|p1a: Tyranitar\n|-supereffective|p1a: Tyranitar\n|-crit|p1a: Tyranitar\n|-damage|p1a: Tyranitar|38\/100\n|move|p1a: Tyranitar|Low Kick|p2b: Beast boy\n|-supereffective|p2b: Beast boy\n|-damage|p2b: Beast boy|37\/100\n|\n|-weather|Sandstorm|[upkeep]\n|upkeep\n|\n|t:|1683164296\n|switch|p2a: Raven|Corviknight, L50, F|100\/100\n|turn|4\n|\n|t:|1683164307\n|-terastallize|p1a: Tyranitar|Flying\n|move|p1b: Houndstone|Last Respects|p2a: Raven\n|-damage|p2a: Raven|43\/100\n|move|p2a: Raven|Iron Head|p1a: Tyranitar\n|-damage|p1a: Tyranitar|19\/100\n|move|p2b: Beast boy|Stomping Tantrum|p1b: Houndstone\n|-damage|p1b: Houndstone|67\/100\n|move|p1a: Tyranitar|Low Kick|p2b: Beast boy\n|-supereffective|p2b: Beast boy\n|-damage|p2b: Beast boy|0 fnt\n|faint|p2b: Beast boy\n|\n|-weather|Sandstorm|[upkeep]\n|-damage|p1a: Tyranitar|13\/100|[from] Sandstorm\n|upkeep\n|turn|5\n|\n|t:|1683164324\n|move|p1b: Houndstone|Last Respects|p2a: Raven\n|-damage|p2a: Raven|0 fnt\n|faint|p2a: Raven\n|\n|win|bl1ng\n|raw|bl1ng's rating: 1200 → 1233<\/strong> (+33 for winning)\n|raw|NicoHaxVGC's rating: 1316 → 1290<\/strong> (-26 for losing)\n","uploadtime":1683164327,"views":14,"p1id":"bl1ng","p2id":"nicohaxvgc","formatid":"gen9vgc2023regulationc","rating":1233,"private":0,"password":""}