{"id":"gen9vgc2023regulationc-1858691953","p1":"r2vgc","p2":"BudgieBud","format":"[Gen 9] VGC 2023 Regulation C","log":"|j|\u2606r2vgc\n|j|\u2606BudgieBud\n|t:|1683343272\n|gametype|doubles\n|player|p1|r2vgc|266|1127\n|player|p2|BudgieBud|pokemaniac|1098\n|teamsize|p1|6\n|teamsize|p2|6\n|gen|9\n|tier|[Gen 9] VGC 2023 Regulation C\n|rated|\n|rule|Species Clause: Limit one of each Pok\u00e9mon\n|rule|Item Clause: Limit one of each item\n|clearpoke\n|poke|p1|Maushold-Four, L50|\n|poke|p1|Annihilape, L50, M|\n|poke|p1|Gholdengo, L50|\n|poke|p1|Murkrow, L50, M|\n|poke|p1|Garchomp, L50, F|\n|poke|p1|Gyarados, L50, F|\n|poke|p2|Chien-Pao, L50|\n|poke|p2|Arcanine, L50, F|\n|poke|p2|Talonflame, L50, M|\n|poke|p2|Flutter Mane, L50|\n|poke|p2|Annihilape, L50, F|\n|poke|p2|Great Tusk, L50|\n|teampreview|4\nr2vgc has agreed to open team sheets.\nBudgieBud has agreed to open team sheets.\n|inactive|Battle timer is ON: inactive players will automatically lose when time's up. (requested by BudgieBud)\n|inactiveoff|Battle timer is now OFF.\n|\n|t:|1683343339\n|start\n|switch|p1a: Murkrow|Murkrow, L50, M|100\/100\n|switch|p1b: Garchomp|Garchomp, L50, F|100\/100\n|switch|p2a: Talonflame|Talonflame, L50, M, shiny|100\/100\n|switch|p2b: Arcanine|Arcanine, L50, F|100\/100\n|-ability|p2b: Arcanine|Intimidate|boost\n|-unboost|p1a: Murkrow|atk|1\n|-unboost|p1b: Garchomp|atk|1\n|turn|1\n|\n|t:|1683343357\n|-terastallize|p2b: Arcanine|Grass\n|move|p2a: Talonflame|Tailwind|p2a: Talonflame\n|-sidestart|p2: BudgieBud|move: Tailwind\n|move|p1a: Murkrow|Tailwind|p1a: Murkrow\n|-sidestart|p1: r2vgc|move: Tailwind\n|move|p2b: Arcanine|Sunny Day|p2b: Arcanine\n|-weather|SunnyDay\n|move|p1b: Garchomp|Rock Slide|p2b: Arcanine|[spread] p2b\n|-miss|p1b: Garchomp|p2a: Talonflame\n|-damage|p2b: Arcanine|83\/100\n|\n|-weather|SunnyDay|[upkeep]\n|upkeep\n|turn|2\n|\n|t:|1683343386\n|switch|p2a: Flutter Mane|Flutter Mane, L50, shiny|100\/100\n|-activate|p2a: Flutter Mane|ability: Protosynthesis\n|-start|p2a: Flutter Mane|protosynthesisspe\n|move|p1a: Murkrow|Haze|p1a: Murkrow\n|-clearallboost\n|move|p2b: Arcanine|Heat Wave|p1b: Garchomp|[spread] p1a,p1b\n|-resisted|p1b: Garchomp\n|-damage|p1a: Murkrow|0 fnt\n|-damage|p1b: Garchomp|72\/100\n|faint|p1a: Murkrow\n|-damage|p2b: Arcanine|73\/100|[from] item: Life Orb\n|move|p1b: Garchomp|Rock Slide|p2b: Arcanine|[spread] p2a,p2b\n|-damage|p2a: Flutter Mane|54\/100\n|-damage|p2b: Arcanine|50\/100\n|\n|-weather|SunnyDay|[upkeep]\n|upkeep\n|\n|t:|1683343403\n|switch|p1a: Gyarados|Gyarados, L50, F, shiny|100\/100\n|-ability|p1a: Gyarados|Intimidate|boost\n|-unboost|p2a: Flutter Mane|atk|1\n|-unboost|p2b: Arcanine|atk|1\n|turn|3\n|\n|t:|1683343423\n|-terastallize|p1b: Garchomp|Steel\n|move|p2a: Flutter Mane|Dazzling Gleam|p1a: Gyarados|[spread] p1a,p1b\n|-resisted|p1b: Garchomp\n|-damage|p1a: Gyarados|67\/100\n|-damage|p1b: Garchomp|47\/100\n|move|p2b: Arcanine|Morning Sun|p2b: Arcanine\n|-heal|p2b: Arcanine|100\/100\n|move|p1b: Garchomp|Earthquake|p2b: Arcanine|[spread] p2a,p2b\n|-immune|p1a: Gyarados\n|-resisted|p2b: Arcanine\n|-damage|p2a: Flutter Mane|0 fnt\n|-damage|p2b: Arcanine|74\/100\n|faint|p2a: Flutter Mane\n|-end|p2a: Flutter Mane|Protosynthesis|[silent]\n|move|p1a: Gyarados|Thunder Wave|p2b: Arcanine|[miss]\n|-miss|p1a: Gyarados|p2b: Arcanine\n|\n|-weather|SunnyDay|[upkeep]\n|upkeep\n|\n|t:|1683343448\n|switch|p2a: Chien-Pao|Chien-Pao, L50|100\/100\n|-ability|p2a: Chien-Pao|Sword of Ruin\n|turn|4\n|\n|t:|1683343476\n|move|p1b: Garchomp|Protect|p1b: Garchomp\n|-singleturn|p1b: Garchomp|Protect\n|move|p2a: Chien-Pao|Sacred Sword|p1b: Garchomp\n|-activate|p1b: Garchomp|move: Protect\n|move|p2b: Arcanine|Heat Wave|p1b: Garchomp|[spread] p1a\n|-activate|p1b: Garchomp|move: Protect\n|-resisted|p1a: Gyarados\n|-damage|p1a: Gyarados|46\/100\n|-enditem|p1a: Gyarados|Sitrus Berry|[eat]\n|-heal|p1a: Gyarados|71\/100|[from] item: Sitrus Berry\n|-damage|p2b: Arcanine|65\/100|[from] item: Life Orb\n|move|p1a: Gyarados|Thunder Wave|p2b: Arcanine\n|-status|p2b: Arcanine|par\n|\n|-weather|SunnyDay|[upkeep]\n|-sideend|p1: r2vgc|move: Tailwind\n|-sideend|p2: BudgieBud|move: Tailwind\n|upkeep\n|turn|5\n|\n|t:|1683343511\n|switch|p1b: Panda|Annihilape, L50, M|100\/100\n|move|p2a: Chien-Pao|Sacred Sword|p1b: Panda\n|-immune|p1b: Panda\n|move|p1a: Gyarados|Taunt|p2b: Arcanine\n|-start|p2b: Arcanine|move: Taunt\n|move|p2b: Arcanine|Heat Wave|p1b: Panda|[spread] p1a,p1b\n|-resisted|p1a: Gyarados\n|-crit|p1b: Panda\n|-damage|p1a: Gyarados|51\/100\n|-damage|p1b: Panda|35\/100\n|-status|p1a: Gyarados|brn\n|-damage|p2b: Arcanine|55\/100 par|[from] item: Life Orb\n|\n|-weather|none\n|-heal|p1b: Panda|41\/100|[from] item: Leftovers\n|-damage|p1a: Gyarados|45\/100 brn|[from] brn\n|upkeep\n|turn|6\n|\n|t:|1683343553\n|switch|p1a: Garchomp|Garchomp, L50, F, tera:Steel|47\/100\n|move|p1b: Panda|Protect|p1b: Panda\n|-singleturn|p1b: Panda|Protect\n|move|p2a: Chien-Pao|Ice Spinner|p1b: Panda\n|-activate|p1b: Panda|move: Protect\n|move|p2b: Arcanine|Heat Wave|p1a: Garchomp|[spread] p1a\n|-activate|p1b: Panda|move: Protect\n|-supereffective|p1a: Garchomp\n|-crit|p1a: Garchomp\n|-damage|p1a: Garchomp|0 fnt\n|faint|p1a: Garchomp\n|-damage|p2b: Arcanine|45\/100 par|[from] item: Life Orb\n|\n|-heal|p1b: Panda|47\/100|[from] item: Leftovers\n|upkeep\n|\n|t:|1683343567\n|switch|p1a: Gyarados|Gyarados, L50, F, shiny|45\/100 brn\n|-ability|p1a: Gyarados|Intimidate|boost\n|-unboost|p2a: Chien-Pao|atk|1\n|-unboost|p2b: Arcanine|atk|1\n|turn|7\n|\n|t:|1683343590\n|move|p2a: Chien-Pao|Ice Spinner|p1b: Panda\n|-damage|p1b: Panda|13\/100\n|move|p1a: Gyarados|Waterfall|p2a: Chien-Pao\n|-damage|p2a: Chien-Pao|79\/100\n|move|p1b: Panda|Drain Punch|p2a: Chien-Pao\n|-supereffective|p2a: Chien-Pao\n|-damage|p2a: Chien-Pao|0 fnt\n|-heal|p1b: Panda|42\/100|[from] drain|[of] p2a: Chien-Pao\n|faint|p2a: Chien-Pao\n|cant|p2b: Arcanine|par\n|\n|-heal|p1b: Panda|48\/100|[from] item: Leftovers\n|-damage|p1a: Gyarados|39\/100 brn|[from] brn\n|-end|p2b: Arcanine|move: Taunt\n|upkeep\n|\n|t:|1683343604\n|switch|p2a: Talonflame|Talonflame, L50, M, shiny|100\/100\n|turn|8\n|\n|t:|1683343615\n|move|p2a: Talonflame|Tailwind|p2a: Talonflame\n|-sidestart|p2: BudgieBud|move: Tailwind\n|move|p2b: Arcanine|Heat Wave|p1b: Panda|[spread] p1a\n|-miss|p2b: Arcanine|p1b: Panda\n|-resisted|p1a: Gyarados\n|-damage|p1a: Gyarados|25\/100 brn\n|-damage|p2b: Arcanine|36\/100 par|[from] item: Life Orb\n|move|p1a: Gyarados|Waterfall|p2a: Talonflame\n|-supereffective|p2a: Talonflame\n|-damage|p2a: Talonflame|50\/100\n|move|p1b: Panda|Rage Fist|p2b: Arcanine\n|-damage|p2b: Arcanine|0 fnt\n|faint|p2b: Arcanine\n|\n|-heal|p1b: Panda|55\/100|[from] item: Leftovers\n|-damage|p1a: Gyarados|19\/100 brn|[from] brn\n|upkeep\n|turn|9\n|\n|t:|1683343656\n|move|p2a: Talonflame|Heat Wave|p1a: Gyarados|[spread] p1a,p1b\n|-resisted|p1a: Gyarados\n|-damage|p1a: Gyarados|9\/100 brn\n|-damage|p1b: Panda|35\/100\n|move|p1a: Gyarados|Waterfall|p2a: Talonflame\n|-supereffective|p2a: Talonflame\n|-damage|p2a: Talonflame|0 fnt\n|faint|p2a: Talonflame\n|\n|win|r2vgc\n|raw|r2vgc's rating: 1127 → 1150<\/strong> (+23 for winning)\n|raw|BudgieBud's rating: 1098 → 1075<\/strong> (-23 for losing)\n","uploadtime":1683343666,"views":16,"p1id":"r2vgc","p2id":"budgiebud","formatid":"gen9vgc2023regulationc","rating":1075,"private":0,"password":""}