{"id":"gen9vgc2023regulationc-1844860693","p1":"Rud9585","p2":"ElQuePruebaTimsUwU","format":"[Gen 9] VGC 2023 Regulation C","log":"|j|\u2606Rud9585\n|j|\u2606ElQuePruebaTimsUwU\n|t:|1681657541\n|gametype|doubles\n|player|p1|Rud9585|steven|1232\n|player|p2|ElQuePruebaTimsUwU|cyrus|1179\n|teamsize|p1|6\n|teamsize|p2|6\n|gen|9\n|tier|[Gen 9] VGC 2023 Regulation C\n|rated|\n|rule|Species Clause: Limit one of each Pok\u00e9mon\n|rule|Item Clause: Limit one of each item\n|clearpoke\n|poke|p1|Palafin, L50, M|\n|poke|p1|Flutter Mane, L50|\n|poke|p1|Arcanine, L50, M|\n|poke|p1|Ting-Lu, L50|\n|poke|p1|Wo-Chien, L50|\n|poke|p1|Kingambit, L50, M|\n|poke|p2|Maushold, L50|\n|poke|p2|Chi-Yu, L50|\n|poke|p2|Flutter Mane, L50|\n|poke|p2|Annihilape, L50, M|\n|poke|p2|Baxcalibur, L50, M|\n|poke|p2|Ting-Lu, L50|\n|teampreview|4\n|inactive|Battle timer is ON: inactive players will automatically lose when time's up. (requested by Rud9585)\n|inactive|Rud9585 has 60 seconds left.\nElQuePruebaTimsUwU rejected open team sheets.\n|\n|t:|1681657578\n|start\n|switch|p1a: Kingambit|Kingambit, L50, M, shiny|100\/100\n|switch|p1b: Palafin|Palafin, L50, M, shiny|100\/100\n|switch|p2a: Maushold|Maushold, L50, shiny|100\/100\n|switch|p2b: Annihilape|Annihilape, L50, M, shiny|100\/100\n|turn|1\n|\n|t:|1681657602\n|detailschange|p1b: Palafin|Palafin-Hero, L50, M, shiny\n|switch|p1b: Flutter Mane|Flutter Mane, L50, shiny|100\/100\n|-enditem|p1b: Flutter Mane|Booster Energy\n|-activate|p1b: Flutter Mane|ability: Protosynthesis|[fromitem]\n|-start|p1b: Flutter Mane|protosynthesisspa\n|-terastallize|p2b: Annihilape|Fire\n|move|p2a: Maushold|Thunder Wave|p1b: Flutter Mane\n|-status|p1b: Flutter Mane|par\n|move|p2b: Annihilape|Bulk Up|p2b: Annihilape\n|-boost|p2b: Annihilape|atk|1\n|-boost|p2b: Annihilape|def|1\n|move|p1a: Kingambit|Swords Dance|p1a: Kingambit\n|-boost|p1a: Kingambit|atk|2\n|\n|upkeep\n|turn|2\n|inactive|Rud9585 has 30 seconds left.\n|\n|t:|1681657628\n|-terastallize|p1a: Kingambit|Dark\n|cant|p1b: Flutter Mane|par\n|move|p2a: Maushold|Thunder Wave|p1a: Kingambit\n|-status|p1a: Kingambit|par\n|move|p2b: Annihilape|Rage Fist|p1b: Flutter Mane\n|-supereffective|p1b: Flutter Mane\n|-damage|p1b: Flutter Mane|0 fnt\n|faint|p1b: Flutter Mane\n|-end|p1b: Flutter Mane|Protosynthesis|[silent]\n|move|p1a: Kingambit|Kowtow Cleave|p2b: Annihilape\n|-damage|p2b: Annihilape|22\/100\n|\n|upkeep\n|\n|t:|1681657642\n|switch|p1b: Palafin|Palafin-Hero, L50, M, shiny|100\/100\n|-activate|p1b: Palafin|ability: Zero to Hero\n|turn|3\n|\n|t:|1681657651\n|move|p2a: Maushold|Follow Me|p2a: Maushold\n|-singleturn|p2a: Maushold|move: Follow Me\n|move|p1b: Palafin|Jet Punch|p2a: Maushold\n|-damage|p2a: Maushold|40\/100\n|move|p1a: Kingambit|Sucker Punch||[still]\n|-fail|p1a: Kingambit\n|move|p2b: Annihilape|Drain Punch|p1a: Kingambit\n|-supereffective|p1a: Kingambit\n|-damage|p1a: Kingambit|40\/100 par\n|-heal|p2b: Annihilape|51\/100|[from] drain|[of] p1a: Kingambit\n|\n|upkeep\n|turn|4\n|\n|t:|1681657669\n|move|p2a: Maushold|Follow Me|p2a: Maushold\n|-singleturn|p2a: Maushold|move: Follow Me\n|move|p1b: Palafin|Jet Punch|p2a: Maushold\n|-damage|p2a: Maushold|0 fnt\n|faint|p2a: Maushold\n|cant|p1a: Kingambit|par\n|move|p2b: Annihilape|Rage Fist|p1b: Palafin\n|-damage|p1b: Palafin|47\/100\n|\n|upkeep\n|\n|t:|1681657687\n|switch|p2a: Baxcalibur|Baxcalibur, L50, M, shiny|100\/100\n|turn|5\n|\n|t:|1681657702\n|move|p2b: Annihilape|Protect|p2b: Annihilape\n|-singleturn|p2b: Annihilape|Protect\n|move|p1b: Palafin|Jet Punch|p2b: Annihilape\n|-activate|p2b: Annihilape|move: Protect\n|cant|p1a: Kingambit|par\n|move|p2a: Baxcalibur|Icicle Spear|p1a: Kingambit\n|-damage|p1a: Kingambit|28\/100 par\n|-damage|p1a: Kingambit|17\/100 par\n|-damage|p1a: Kingambit|7\/100 par\n|-damage|p1a: Kingambit|0 fnt\n|faint|p1a: Kingambit\n|-hitcount|p1: Kingambit|4\n|\n|upkeep\n|\n|t:|1681657716\n|switch|p1a: Arcanine|Arcanine, L50, M, shiny|100\/100\n|-ability|p1a: Arcanine|Intimidate|boost\n|-unboost|p2a: Baxcalibur|atk|1\n|-unboost|p2b: Annihilape|atk|1\n|-ability|p2b: Annihilape|Defiant|boost\n|-boost|p2b: Annihilape|atk|2\n|turn|6\n|\n|t:|1681657739\n|move|p1a: Arcanine|Extreme Speed|p2a: Baxcalibur\n|-damage|p2a: Baxcalibur|78\/100\n|move|p1b: Palafin|Wave Crash|p2b: Annihilape\n|-supereffective|p2b: Annihilape\n|-damage|p2b: Annihilape|0 fnt\n|faint|p2b: Annihilape\n|-damage|p1b: Palafin|29\/100|[from] Recoil\n|move|p2a: Baxcalibur|Glaive Rush|p1b: Palafin\n|-damage|p1b: Palafin|0 fnt\n|-singlemove|p2a: Baxcalibur|Glaive Rush|[silent]\n|faint|p1b: Palafin\n|\n|upkeep\n|\n|t:|1681657751\n|switch|p2b: Ting-Lu|Ting-Lu, L50|100\/100\n|-ability|p2b: Ting-Lu|Vessel of Ruin\n|turn|7\n|\n|t:|1681657764\n|move|p1a: Arcanine|Extreme Speed|p2a: Baxcalibur\n|-damage|p2a: Baxcalibur|37\/100\n|move|p2a: Baxcalibur|Glaive Rush|p1a: Arcanine\n|-damage|p1a: Arcanine|55\/100\n|-singlemove|p2a: Baxcalibur|Glaive Rush|[silent]\n|move|p2b: Ting-Lu|Fissure|p1a: Arcanine\n|-damage|p1a: Arcanine|0 fnt\n|faint|p1a: Arcanine\n|-ohko\n|\n|win|ElQuePruebaTimsUwU\n|raw|Rud9585's rating: 1232 → 1203<\/strong> (-29 for losing)\n|raw|ElQuePruebaTimsUwU's rating: 1179 → 1208<\/strong> (+29 for winning)\n|l|\u2606Rud9585\n","uploadtime":1681657823,"views":15,"p1id":"rud9585","p2id":"elquepruebatimsuwu","formatid":"gen9vgc2023regulationc","rating":1203,"private":0,"password":""}