{"id":"gen9vgc2023regulationc-1844978718","p1":"Mature Madness","p2":"Dollarmonke","format":"[Gen 9] VGC 2023 Regulation C","log":"|j|\u2606Mature Madness\n|j|\u2606Dollarmonke\n|t:|1681670344\n|gametype|doubles\n|player|p1|Mature Madness|266|1075\n|player|p2|Dollarmonke|266|1095\n|teamsize|p1|6\n|teamsize|p2|6\n|gen|9\n|tier|[Gen 9] VGC 2023 Regulation C\n|rated|\n|rule|Species Clause: Limit one of each Pok\u00e9mon\n|rule|Item Clause: Limit one of each item\n|clearpoke\n|poke|p1|Garchomp, L50, F|\n|poke|p1|Volcarona, L50, M|\n|poke|p1|Indeedee-F, L50, F|\n|poke|p1|Annihilape, L50, M|\n|poke|p1|Dragonite, L50, F|\n|poke|p1|Grimmsnarl, L50, M|\n|poke|p2|Annihilape, L50, F|\n|poke|p2|Chi-Yu, L50|\n|poke|p2|Flutter Mane, L50|\n|poke|p2|Kingambit, L50, M|\n|poke|p2|Murkrow, L50, M|\n|poke|p2|Great Tusk, L50|\n|teampreview|4\n|\n|t:|1681670415\n|start\n|switch|p1a: Dragonite|Dragonite, L50, F|100\/100\n|switch|p1b: Garchomp|Garchomp, L50, F|100\/100\n|switch|p2a: Murkrow|Murkrow, L50, M|100\/100\n|switch|p2b: Flutter Mane|Flutter Mane, L50|100\/100\n|turn|1\n|\n|t:|1681670441\n|-terastallize|p1b: Garchomp|Ground\n|move|p2a: Murkrow|Sunny Day|p2a: Murkrow\n|-weather|SunnyDay\n|-activate|p2b: Flutter Mane|ability: Protosynthesis\n|-start|p2b: Flutter Mane|protosynthesisspa\n|move|p1b: Garchomp|Earthquake|p2b: Flutter Mane|[spread] p2b\n|-immune|p1a: Dragonite\n|-immune|p2a: Murkrow\n|-damage|p2b: Flutter Mane|25\/100\n|move|p2b: Flutter Mane|Dazzling Gleam|p1b: Garchomp|[spread] p1a,p1b\n|-supereffective|p1a: Dragonite\n|-crit|p1a: Dragonite\n|-enditem|p1a: Dragonite|Roseli Berry|[eat]\n|-enditem|p1a: Dragonite|Roseli Berry|[weaken]\n|-damage|p1a: Dragonite|7\/100\n|-damage|p1b: Garchomp|35\/100\n|move|p1a: Dragonite|Ice Spinner|p2a: Murkrow\n|-supereffective|p2a: Murkrow\n|-damage|p2a: Murkrow|38\/100\n|\n|-weather|SunnyDay|[upkeep]\n|upkeep\n|turn|2\n|\n|t:|1681670478\n|move|p1a: Dragonite|Extreme Speed|p2a: Murkrow\n|-damage|p2a: Murkrow|6\/100\n|move|p2a: Murkrow|Tailwind|p2a: Murkrow\n|-sidestart|p2: Dollarmonke|move: Tailwind\n|move|p2b: Flutter Mane|Dazzling Gleam|p1b: Garchomp|[spread] p1a,p1b\n|-supereffective|p1a: Dragonite\n|-damage|p1a: Dragonite|0 fnt\n|-damage|p1b: Garchomp|0 fnt\n|faint|p1a: Dragonite\n|faint|p1b: Garchomp\n|\n|-weather|SunnyDay|[upkeep]\n|upkeep\n|\n|t:|1681670494\n|switch|p1b: Annihilape|Annihilape, L50, M|100\/100\n|switch|p1a: Volcarona|Volcarona, L50, M|100\/100\n|turn|3\n|\n|t:|1681670526\n|switch|p2a: Great Tusk|Great Tusk, L50|100\/100\n|-activate|p2a: Great Tusk|ability: Protosynthesis\n|-start|p2a: Great Tusk|protosynthesisatk\n|move|p1b: Annihilape|Protect|p1b: Annihilape\n|-singleturn|p1b: Annihilape|Protect\n|move|p2b: Flutter Mane|Dazzling Gleam|p1b: Annihilape|[spread] p1a\n|-activate|p1b: Annihilape|move: Protect\n|-resisted|p1a: Volcarona\n|-damage|p1a: Volcarona|72\/100\n|move|p1a: Volcarona|Fiery Dance|p2b: Flutter Mane\n|-damage|p2b: Flutter Mane|0 fnt\n|-boost|p1a: Volcarona|spa|1\n|faint|p2b: Flutter Mane\n|-end|p2b: Flutter Mane|Protosynthesis|[silent]\n|\n|-weather|SunnyDay|[upkeep]\n|upkeep\n|\n|t:|1681670547\n|switch|p2b: Kingambit|Kingambit, L50, M|100\/100\n|turn|4\n|\n|t:|1681670570\n|-terastallize|p2b: Kingambit|Flying\n|move|p2a: Great Tusk|Earthquake|p1a: Volcarona|[spread] p1a,p1b\n|-immune|p2b: Kingambit\n|-damage|p1a: Volcarona|2\/100\n|-damage|p1b: Annihilape|46\/100\n|-enditem|p1a: Volcarona|Sitrus Berry|[eat]\n|-heal|p1a: Volcarona|27\/100|[from] item: Sitrus Berry\n|move|p1a: Volcarona|Giga Drain|p2a: Great Tusk\n|-supereffective|p2a: Great Tusk\n|-enditem|p2a: Great Tusk|Focus Sash\n|-damage|p2a: Great Tusk|1\/100\n|-heal|p1a: Volcarona|81\/100|[from] drain|[of] p2a: Great Tusk\n|move|p2b: Kingambit|Assurance|p1b: Annihilape\n|-damage|p1b: Annihilape|0 fnt\n|faint|p1b: Annihilape\n|\n|-weather|SunnyDay|[upkeep]\n|upkeep\n|turn|5\n|\n|t:|1681670594\n|move|p1a: Volcarona|Protect|p1a: Volcarona\n|-singleturn|p1a: Volcarona|Protect\n|move|p2b: Kingambit|Sucker Punch||[still]\n|-fail|p2b: Kingambit\n|move|p2a: Great Tusk|Headlong Rush|p1a: Volcarona\n|-activate|p1a: Volcarona|move: Protect\n|\n|-weather|none\n|-end|p2a: Great Tusk|Protosynthesis\n|-sideend|p2: Dollarmonke|move: Tailwind\n|upkeep\n|turn|6\n|\n|t:|1681670615\n|move|p2b: Kingambit|Sucker Punch|p1a: Volcarona\n|-damage|p1a: Volcarona|23\/100\n|move|p2a: Great Tusk|Headlong Rush|p1a: Volcarona\n|-damage|p1a: Volcarona|0 fnt\n|-unboost|p2a: Great Tusk|def|1\n|-unboost|p2a: Great Tusk|spd|1\n|-status|p2a: Great Tusk|brn|[from] ability: Flame Body|[of] p1a: Volcarona\n|faint|p1a: Volcarona\n|\n|win|Dollarmonke\n|raw|Mature Madness's rating: 1075 → 1055<\/strong> (-20 for losing)\n|raw|Dollarmonke's rating: 1095 → 1119<\/strong> (+24 for winning)\n","uploadtime":1681670636,"views":10,"p1id":"maturemadness","p2id":"dollarmonke","formatid":"gen9vgc2023regulationc","rating":1055,"private":0,"password":""}