{"id":"gen9vgc2023regulationc-1863831721","p1":"Beru98","p2":"Yeetawheat","format":"[Gen 9] VGC 2023 Regulation C","log":"|j|\u2606Beru98\n|j|\u2606Yeetawheat\n|t:|1684083076\n|gametype|doubles\n|player|p1|Beru98|170|\n|player|p2|Yeetawheat|2|\n|teamsize|p1|6\n|teamsize|p2|6\n|gen|9\n|tier|[Gen 9] VGC 2023 Regulation C\n|rule|Species Clause: Limit one of each Pok\u00e9mon\n|rule|Item Clause: Limit one of each item\n|clearpoke\n|poke|p1|Iron Jugulis, L50|\n|poke|p1|Great Tusk, L50|\n|poke|p1|Flutter Mane, L50|\n|poke|p1|Gyarados, L50, F|\n|poke|p1|Kingambit, L50, F|\n|poke|p1|Amoonguss, L50, M|\n|poke|p2|Scizor, L50, F|\n|poke|p2|Tauros-Paldea-Aqua, L50, M|\n|poke|p2|Rotom-Heat, L50|\n|poke|p2|Flutter Mane, L50|\n|poke|p2|Ting-Lu, L50|\n|poke|p2|Amoonguss, L50, F|\n|teampreview|4\n|c|\u2606Yeetawheat|glhf g3\nYeetawheat has agreed to open team sheets.\nBeru98 has agreed to open team sheets.\n|c|\u2606Beru98|Gl\n|c|\u2606Yeetawheat|glhf g3\n|\n|t:|1684083716\n|start\n|switch|p1a: Iron Jugulis|Iron Jugulis, L50|100\/100\n|switch|p1b: Gyarados|Gyarados, L50, F|100\/100\n|switch|p2a: Flutter Mane|Flutter Mane, L50|100\/100\n|switch|p2b: Rotom|Rotom-Heat, L50|100\/100\n|-ability|p1b: Gyarados|Intimidate|boost\n|-unboost|p2a: Flutter Mane|atk|1\n|-unboost|p2b: Rotom|atk|1\n|-enditem|p2a: Flutter Mane|Booster Energy\n|-activate|p2a: Flutter Mane|ability: Protosynthesis|[fromitem]\n|-start|p2a: Flutter Mane|protosynthesisspe\n|-enditem|p1a: Iron Jugulis|Booster Energy\n|-activate|p1a: Iron Jugulis|ability: Quark Drive|[fromitem]\n|-start|p1a: Iron Jugulis|quarkdrivespe\n|turn|1\n|\n|t:|1684083744\n|move|p2a: Flutter Mane|Icy Wind|p1b: Gyarados|[spread] p1a,p1b\n|-supereffective|p1a: Iron Jugulis\n|-damage|p1a: Iron Jugulis|70\/100\n|-damage|p1b: Gyarados|88\/100\n|-unboost|p1a: Iron Jugulis|spe|1\n|-unboost|p1b: Gyarados|spe|1\n|move|p1a: Iron Jugulis|Tailwind|p1a: Iron Jugulis\n|-sidestart|p1: Beru98|move: Tailwind\n|move|p1b: Gyarados|Thunder Wave|p2a: Flutter Mane\n|-status|p2a: Flutter Mane|par\n|move|p2b: Rotom|Overheat|p1a: Iron Jugulis\n|-damage|p1a: Iron Jugulis|8\/100\n|-unboost|p2b: Rotom|spa|2\n|\n|upkeep\n|turn|2\n|\n|t:|1684083787\n|-end|p2a: Flutter Mane|Protosynthesis|[silent]\n|switch|p2a: Tauros|Tauros-Paldea-Aqua, L50, M|100\/100\n|-ability|p2a: Tauros|Intimidate|boost\n|-unboost|p1a: Iron Jugulis|atk|1\n|-unboost|p1b: Gyarados|atk|1\n|-terastallize|p2b: Rotom|Electric\n|move|p1a: Iron Jugulis|Snarl|p2a: Tauros|[spread] p2a,p2b\n|-resisted|p2a: Tauros\n|-damage|p2a: Tauros|93\/100\n|-damage|p2b: Rotom|83\/100\n|-unboost|p2a: Tauros|spa|1\n|-unboost|p2b: Rotom|spa|1\n|move|p1b: Gyarados|Waterfall|p2b: Rotom\n|-damage|p2b: Rotom|58\/100\n|cant|p2b: Rotom|flinch\n|\n|upkeep\n|turn|3\n|\n|t:|1684083807\n|switch|p1b: Great Tusk|Great Tusk, L50|100\/100\n|move|p2a: Tauros|Aqua Jet|p1a: Iron Jugulis\n|-crit|p1a: Iron Jugulis\n|-damage|p1a: Iron Jugulis|0 fnt\n|faint|p1a: Iron Jugulis\n|-end|p1a: Iron Jugulis|Quark Drive|[silent]\n|move|p2b: Rotom|Volt Switch|p1b: Great Tusk\n|-immune|p1b: Great Tusk\n|\n|upkeep\n|\n|t:|1684083813\n|switch|p1a: Flutter Mane|Flutter Mane, L50|100\/100\n|turn|4\n|\n|t:|1684083837\n|switch|p2a: Scizor|Scizor, L50, F|100\/100\n|switch|p2b: Flutter Mane|Flutter Mane, L50|100\/100 par\n|-terastallize|p1a: Flutter Mane|Fairy\n|move|p1b: Great Tusk|Rock Slide|p2a: Scizor|[spread] p2a,p2b\n|-damage|p2a: Scizor|80\/100\n|-damage|p2b: Flutter Mane|61\/100 par\n|move|p1a: Flutter Mane|Moonblast|p2a: Scizor\n|-resisted|p2a: Scizor\n|-damage|p2a: Scizor|32\/100\n|\n|-sideend|p1: Beru98|move: Tailwind\n|upkeep\n|turn|5\n|\n|t:|1684083860\n|-end|p1a: Flutter Mane|Protosynthesis|[silent]\n|switch|p1a: Gyarados|Gyarados, L50, F|88\/100\n|-ability|p1a: Gyarados|Intimidate|boost\n|-fail|p2a: Scizor|unboost|[from] item: Clear Amulet|[of] p2a: Scizor\n|-unboost|p2b: Flutter Mane|atk|1\n|move|p2a: Scizor|Bullet Punch|p1a: Gyarados\n|-resisted|p1a: Gyarados\n|-damage|p1a: Gyarados|75\/100\n|move|p1b: Great Tusk|Rock Slide|p2a: Scizor|[spread] p2a,p2b\n|-damage|p2a: Scizor|11\/100\n|-damage|p2b: Flutter Mane|24\/100 par\n|cant|p2b: Flutter Mane|flinch\n|\n|upkeep\n|turn|6\n|\n|t:|1684083892\n|switch|p2a: Tauros|Tauros-Paldea-Aqua, L50, M|93\/100\n|-ability|p2a: Tauros|Intimidate|boost\n|-unboost|p1a: Gyarados|atk|1\n|-unboost|p1b: Great Tusk|atk|1\n|move|p1b: Great Tusk|Rock Slide|p2a: Tauros|[spread] p2a,p2b\n|-resisted|p2a: Tauros\n|-damage|p2a: Tauros|86\/100\n|-damage|p2b: Flutter Mane|0 fnt\n|faint|p2b: Flutter Mane\n|-end|p2b: Flutter Mane|Protosynthesis|[silent]\n|move|p1a: Gyarados|Waterfall|p2a: Tauros\n|-resisted|p2a: Tauros\n|-damage|p2a: Tauros|74\/100\n|\n|upkeep\n|\n|t:|1684083902\n|switch|p2b: Rotom|Rotom-Heat, L50, tera:Electric|58\/100\n|turn|7\n|\n|t:|1684083912\n|move|p1b: Great Tusk|Rock Slide|p2b: Rotom|[spread] p2a,p2b\n|-resisted|p2a: Tauros\n|-damage|p2a: Tauros|67\/100\n|-damage|p2b: Rotom|44\/100\n|-enditem|p2b: Rotom|Sitrus Berry|[eat]\n|-heal|p2b: Rotom|69\/100|[from] item: Sitrus Berry\n|move|p2a: Tauros|Trailblaze|p1b: Great Tusk\n|-supereffective|p1b: Great Tusk\n|-damage|p1b: Great Tusk|77\/100\n|-boost|p2a: Tauros|spe|1\n|cant|p2b: Rotom|flinch\n|move|p1a: Gyarados|Thunder Wave|p2a: Tauros\n|-status|p2a: Tauros|par\n|\n|upkeep\n|turn|8\n|\n|t:|1684083929\n|move|p1b: Great Tusk|Rock Slide|p2b: Rotom|[spread] p2a,p2b\n|-resisted|p2a: Tauros\n|-damage|p2a: Tauros|59\/100 par\n|-damage|p2b: Rotom|53\/100\n|cant|p2b: Rotom|flinch\n|move|p2a: Tauros|Wave Crash|p1b: Great Tusk\n|-supereffective|p1b: Great Tusk\n|-damage|p1b: Great Tusk|3\/100\n|-damage|p2a: Tauros|32\/100 par|[from] Recoil\n|move|p1a: Gyarados|Waterfall|p2b: Rotom\n|-damage|p2b: Rotom|27\/100\n|\n|upkeep\n|turn|9\n|\n|t:|1684083949\n|move|p1a: Gyarados|Protect|p1a: Gyarados\n|-singleturn|p1a: Gyarados|Protect\n|cant|p2a: Tauros|par\n|move|p1b: Great Tusk|Rock Slide|p2b: Rotom|[spread] p2a,p2b\n|-resisted|p2a: Tauros\n|-damage|p2a: Tauros|25\/100 par\n|-damage|p2b: Rotom|12\/100\n|move|p2b: Rotom|Thunderbolt|p1a: Gyarados\n|-activate|p1a: Gyarados|move: Protect\n|\n|upkeep\n|turn|10\n|\n|t:|1684083968\n|move|p1a: Gyarados|Protect||[still]\n|-fail|p1a: Gyarados\n|move|p2a: Tauros|Aqua Jet|p1b: Great Tusk\n|-supereffective|p1b: Great Tusk\n|-damage|p1b: Great Tusk|0 fnt\n|faint|p1b: Great Tusk\n|-end|p1b: Great Tusk|Protosynthesis|[silent]\n|move|p2b: Rotom|Thunderbolt|p1a: Gyarados\n|-supereffective|p1a: Gyarados\n|-damage|p1a: Gyarados|0 fnt\n|faint|p1a: Gyarados\n|\n|upkeep\n|\n|t:|1684083973\n|switch|p1b: Flutter Mane|Flutter Mane, L50, tera:Fairy|100\/100\n|turn|11\n|\n|t:|1684083980\n|move|p2a: Tauros|Aqua Jet|p1b: Flutter Mane\n|-damage|p1b: Flutter Mane|70\/100\n|move|p1b: Flutter Mane|Dazzling Gleam|p2a: Tauros|[spread] p2a,p2b\n|-supereffective|p2a: Tauros\n|-damage|p2a: Tauros|0 fnt\n|-damage|p2b: Rotom|0 fnt\n|faint|p2a: Tauros\n|faint|p2b: Rotom\n|\n|upkeep\n|\n|t:|1684083983\n|switch|p2a: Scizor|Scizor, L50, F|11\/100\n|turn|12\n|\n|t:|1684083986\n|move|p2a: Scizor|Bullet Punch|p1b: Flutter Mane\n|-supereffective|p1b: Flutter Mane\n|-damage|p1b: Flutter Mane|0 fnt\n|faint|p1b: Flutter Mane\n|-end|p1b: Flutter Mane|Protosynthesis|[silent]\n|\n|win|Yeetawheat\n|c|\u2606Yeetawheat|gg!\n|c|\u2606Beru98|Gg\n|l|\u2606Beru98\n","uploadtime":1684084070,"views":11,"p1id":"beru98","p2id":"yeetawheat","formatid":"gen9vgc2023regulationc","rating":0,"private":0,"password":""}