{"id":"gen9vgc2023regulationc-1862852342","p1":"JoeCastro33","p2":"Sync the Dingus","format":"[Gen 9] VGC 2023 Regulation C","log":"|j|\u2606JoeCastro33\n|j|\u2606Sync the Dingus\n|t:|1683929371\n|gametype|doubles\n|player|p1|JoeCastro33|ghetsis-gen5bw|1044\n|player|p2|Sync the Dingus|silver|1011\n|teamsize|p1|6\n|teamsize|p2|6\n|gen|9\n|tier|[Gen 9] VGC 2023 Regulation C\n|rated|\n|rule|Species Clause: Limit one of each Pok\u00e9mon\n|rule|Item Clause: Limit one of each item\n|clearpoke\n|poke|p1|Clodsire, L50, F|\n|poke|p1|Tatsugiri, L50, M|\n|poke|p1|Toxapex, L50, F|\n|poke|p1|Mimikyu, L50, M|\n|poke|p1|Gallade, L50, M|\n|poke|p1|Klefki, L50, M|\n|poke|p2|Electrode, L50|\n|poke|p2|Bronzong, L50|\n|poke|p2|Annihilape, L50, M|\n|poke|p2|Hatterene, L50, F|\n|poke|p2|Great Tusk, L50|\n|poke|p2|Clodsire, L50, F|\n|teampreview|4\n|inactive|Battle timer is ON: inactive players will automatically lose when time's up. (requested by Sync the Dingus)\n|\n|t:|1683929385\n|start\n|switch|p1a: Clodsire|Clodsire, L50, F|100\/100\n|switch|p1b: Klefki|Klefki, L50, M|100\/100\n|switch|p2a: Electrode|Electrode, L50|100\/100\n|switch|p2b: Bronzong|Bronzong, L50|100\/100\n|turn|1\n|\n|t:|1683929400\n|move|p1b: Klefki|Protect|p1b: Klefki\n|-singleturn|p1b: Klefki|Protect\n|move|p2a: Electrode|Taunt|p1b: Klefki\n|-activate|p1b: Klefki|move: Protect\n|move|p2b: Bronzong|Reflect|p2b: Bronzong\n|-sidestart|p2: Sync the Dingus|Reflect\n|move|p1a: Clodsire|Curse|p1a: Clodsire\n|-unboost|p1a: Clodsire|spe|1\n|-boost|p1a: Clodsire|atk|1\n|-boost|p1a: Clodsire|def|1\n|\n|upkeep\n|turn|2\n|\n|t:|1683929420\n|move|p2a: Electrode|Taunt|p1b: Klefki\n|-start|p1b: Klefki|move: Taunt\n|move|p2b: Bronzong|Light Screen|p2b: Bronzong\n|-sidestart|p2: Sync the Dingus|move: Light Screen\n|move|p1a: Clodsire|Curse|p1a: Clodsire\n|-unboost|p1a: Clodsire|spe|1\n|-boost|p1a: Clodsire|atk|1\n|-boost|p1a: Clodsire|def|1\n|cant|p1b: Klefki|move: Taunt|Trick Room\n|\n|upkeep\n|turn|3\n|inactive|JoeCastro33 has 30 seconds left.\n|\n|t:|1683929448\n|switch|p2b: Great Tusk|Great Tusk, L50|100\/100\n|switch|p1b: Gallade|Gallade, L50, M|100\/100\n|move|p2a: Electrode|Thunder Wave|p1b: Gallade\n|-status|p1b: Gallade|par\n|move|p1a: Clodsire|Gunk Shot|p2a: Electrode\n|-crit|p2a: Electrode\n|-enditem|p2a: Electrode|Focus Sash\n|-damage|p2a: Electrode|1\/100\n|\n|upkeep\n|turn|4\n|inactive|JoeCastro33 has 30 seconds left.\n|inactive|Sync the Dingus has 30 seconds left.\n|\n|t:|1683929479\n|move|p2a: Electrode|Protect|p2a: Electrode\n|-singleturn|p2a: Electrode|Protect\n|move|p2b: Great Tusk|Knock Off|p1a: Clodsire\n|-damage|p1a: Clodsire|82\/100\n|-enditem|p1a: Clodsire|Leftovers|[from] move: Knock Off|[of] p2b: Great Tusk\n|move|p1a: Clodsire|Curse|p1a: Clodsire\n|-unboost|p1a: Clodsire|spe|1\n|-boost|p1a: Clodsire|atk|1\n|-boost|p1a: Clodsire|def|1\n|move|p1b: Gallade|Trick Room|p1b: Gallade\n|-fieldstart|move: Trick Room|[of] p1b: Gallade\n|-enditem|p1b: Gallade|Room Service\n|-unboost|p1b: Gallade|spe|1|[from] item: Room Service\n|\n|upkeep\n|turn|5\n|inactive|Sync the Dingus has 30 seconds left.\n|\n|t:|1683929514\n|-end|p2b: Great Tusk|Protosynthesis|[silent]\n|switch|p2b: Annihilape|Annihilape, L50, M|100\/100\n|move|p1a: Clodsire|Body Press|p2b: Annihilape\n|-immune|p2b: Annihilape\n|cant|p1b: Gallade|par\n|move|p2a: Electrode|Explosion|p1b: Gallade|[spread] p1a,p1b\n|-immune|p2b: Annihilape\n|-damage|p1a: Clodsire|67\/100\n|-damage|p1b: Gallade|44\/100 par\n|faint|p2a: Electrode\n|\n|upkeep\n|c|\u2606JoeCastro33|good switch\n|\n|t:|1683929529\n|switch|p2a: Bronzong|Bronzong, L50|100\/100\n|turn|6\n|inactive|JoeCastro33 has 30 seconds left.\n|\n|t:|1683929561\n|move|p1a: Clodsire|Body Press|p2a: Bronzong\n|-damage|p2a: Bronzong|86\/100\n|move|p1b: Gallade|Sacred Sword|p2a: Bronzong\n|-damage|p2a: Bronzong|46\/100\n|move|p2a: Bronzong|Body Press|p1b: Gallade\n|-resisted|p1b: Gallade\n|-damage|p1b: Gallade|27\/100 par\n|move|p2b: Annihilape|Rage Fist|p1b: Gallade\n|-supereffective|p1b: Gallade\n|-damage|p1b: Gallade|0 fnt\n|faint|p1b: Gallade\n|\n|upkeep\n|\n|t:|1683929575\n|switch|p1b: Klefki|Klefki, L50, M|100\/100\n|turn|7\n|c|\u2606Sync the Dingus|Now I just gotta weather the storm\n|inactive|Sync the Dingus has 30 seconds left.\n|\n|t:|1683929604\n|move|p1b: Klefki|Protect|p1b: Klefki\n|-singleturn|p1b: Klefki|Protect\n|move|p1a: Clodsire|Gunk Shot|p2b: Annihilape\n|-resisted|p2b: Annihilape\n|-crit|p2b: Annihilape\n|-damage|p2b: Annihilape|36\/100\n|move|p2a: Bronzong|Body Press|p1b: Klefki\n|-activate|p1b: Klefki|move: Protect\n|move|p2b: Annihilape|Rage Fist|p1a: Clodsire\n|-damage|p1a: Clodsire|45\/100\n|\n|upkeep\n|turn|8\n|\n|t:|1683929627\n|switch|p2b: Great Tusk|Great Tusk, L50|100\/100\n|move|p1a: Clodsire|Stomping Tantrum|p2a: Bronzong\n|-immune|p2a: Bronzong|[from] ability: Levitate\n|move|p1b: Klefki|Flash Cannon|p2b: Great Tusk\n|-damage|p2b: Great Tusk|80\/100\n|-unboost|p2b: Great Tusk|spd|1\n|move|p2a: Bronzong|Body Press|p1b: Klefki\n|-damage|p1b: Klefki|76\/100\n|\n|-heal|p2b: Great Tusk|86\/100|[from] item: Leftovers\n|-sideend|p2: Sync the Dingus|Reflect\n|-fieldend|move: Trick Room\n|upkeep\n|turn|9\n|inactive|Sync the Dingus has 30 seconds left.\n|\n|t:|1683929656\n|move|p2b: Great Tusk|Close Combat|p1b: Klefki\n|-damage|p1b: Klefki|16\/100\n|-unboost|p2b: Great Tusk|def|1\n|-unboost|p2b: Great Tusk|spd|1\n|move|p2a: Bronzong|Reflect|p2a: Bronzong\n|-sidestart|p2: Sync the Dingus|Reflect\n|move|p1a: Clodsire|Stomping Tantrum|p2b: Great Tusk\n|-damage|p2b: Great Tusk|33\/100\n|move|p1b: Klefki|Trick Room|p1b: Klefki\n|-fieldstart|move: Trick Room|[of] p1b: Klefki\n|\n|-heal|p2b: Great Tusk|39\/100|[from] item: Leftovers\n|-sideend|p2: Sync the Dingus|move: Light Screen\n|upkeep\n|turn|10\n|c|\u2606JoeCastro33|tada\n|\n|t:|1683929676\n|move|p1b: Klefki|Protect|p1b: Klefki\n|-singleturn|p1b: Klefki|Protect\n|move|p1a: Clodsire|Body Press|p2b: Great Tusk\n|-damage|p2b: Great Tusk|22\/100\n|move|p2a: Bronzong|Light Screen|p2a: Bronzong\n|-sidestart|p2: Sync the Dingus|move: Light Screen\n|move|p2b: Great Tusk|Knock Off|p1b: Klefki\n|-activate|p1b: Klefki|move: Protect\n|\n|-heal|p2b: Great Tusk|28\/100|[from] item: Leftovers\n|upkeep\n|turn|11\n|\n|t:|1683929697\n|move|p1a: Clodsire|Gunk Shot|p2b: Great Tusk\n|-resisted|p2b: Great Tusk\n|-damage|p2b: Great Tusk|6\/100\n|move|p1b: Klefki|Flash Cannon|p2a: Bronzong\n|-resisted|p2a: Bronzong\n|-crit|p2a: Bronzong\n|-damage|p2a: Bronzong|33\/100\n|-unboost|p2a: Bronzong|spd|1\n|move|p2a: Bronzong|Body Press|p1b: Klefki\n|-damage|p1b: Klefki|0 fnt\n|faint|p1b: Klefki\n|move|p2b: Great Tusk|Knock Off|p1a: Clodsire\n|-damage|p1a: Clodsire|36\/100\n|\n|-heal|p2b: Great Tusk|12\/100|[from] item: Leftovers\n|upkeep\n|\n|t:|1683929710\n|switch|p1b: Toxapex|Toxapex, L50, F|100\/100\n|turn|12\n|\n|t:|1683929725\n|move|p1a: Clodsire|Body Press|p2a: Bronzong\n|-damage|p2a: Bronzong|15\/100\n|move|p1b: Toxapex|Surf|p2a: Bronzong|[spread] p2a,p2b\n|-heal|p1a: Clodsire|60\/100|[from] ability: Water Absorb|[of] p1b: Toxapex\n|-supereffective|p2b: Great Tusk\n|-damage|p2a: Bronzong|3\/100\n|-damage|p2b: Great Tusk|0 fnt\n|faint|p2b: Great Tusk\n|-end|p2b: Great Tusk|Protosynthesis|[silent]\n|move|p2a: Bronzong|Body Press|p1b: Toxapex\n|-resisted|p1b: Toxapex\n|-damage|p1b: Toxapex|91\/100\n|\n|-heal|p1b: Toxapex|97\/100|[from] item: Black Sludge\n|upkeep\n|c|\u2606Sync the Dingus|That's pretty smart\n|\n|t:|1683929744\n|switch|p2b: Annihilape|Annihilape, L50, M|36\/100\n|turn|13\n|c|\u2606JoeCastro33|many thanks\n|\n|t:|1683929756\n|move|p2a: Bronzong|Protect|p2a: Bronzong\n|-singleturn|p2a: Bronzong|Protect\n|move|p1a: Clodsire|Gunk Shot|p2b: Annihilape\n|-resisted|p2b: Annihilape\n|-damage|p2b: Annihilape|8\/100\n|-status|p2b: Annihilape|psn\n|move|p1b: Toxapex|Surf|p2a: Bronzong|[spread] p2b\n|-activate|p2a: Bronzong|move: Protect\n|-heal|p1a: Clodsire|85\/100|[from] ability: Water Absorb|[of] p1b: Toxapex\n|-crit|p2b: Annihilape\n|-damage|p2b: Annihilape|0 fnt\n|faint|p2b: Annihilape\n|\n|-heal|p1b: Toxapex|100\/100|[from] item: Black Sludge\n|-fieldend|move: Trick Room\n|upkeep\n|turn|14\n|inactive|Sync the Dingus has 30 seconds left.\n|-message|Sync the Dingus forfeited.\n|\n|win|JoeCastro33\n|raw|JoeCastro33's rating: 1044 → 1074<\/strong> (+30 for winning)\n|raw|Sync the Dingus's rating: 1011 → 1000<\/strong> (-11 for losing)\n|c|\u2606JoeCastro33|gg\n|c|\u2606Sync the Dingus|No way I'm winning that gg\n","uploadtime":1683929810,"views":9,"p1id":"joecastro33","p2id":"syncthedingus","formatid":"gen9vgc2023regulationc","rating":1000,"private":0,"password":""}