{"id":"gen9vgc2023regulationc-1862283541","p1":"Pink_SSB","p2":"Hobgoblin101","format":"[Gen 9] VGC 2023 Regulation C","log":"|j|\u2606Pink_SSB\n|j|\u2606Hobgoblin101\n|t:|1683859502\n|gametype|doubles\n|player|p1|Pink_SSB|2|1196\n|player|p2|Hobgoblin101|pryce|1173\n|teamsize|p1|6\n|teamsize|p2|6\n|gen|9\n|tier|[Gen 9] VGC 2023 Regulation C\n|rated|\n|rule|Species Clause: Limit one of each Pok\u00e9mon\n|rule|Item Clause: Limit one of each item\n|clearpoke\n|poke|p1|Iron Hands, L50|\n|poke|p1|Gyarados, L50, M|\n|poke|p1|Mimikyu, L50, F|\n|poke|p1|Muk, L50, M|\n|poke|p1|Ditto, L50|\n|poke|p1|Vivillon-Fancy, L50, M|\n|poke|p2|Flutter Mane, L50|\n|poke|p2|Palafin, L50, M|\n|poke|p2|Tatsugiri, L50, F|\n|poke|p2|Dondozo, L50, F|\n|poke|p2|Amoonguss, L50, F|\n|poke|p2|Arcanine, L50, M|\n|teampreview|4\n|inactive|Battle timer is ON: inactive players will automatically lose when time's up. (requested by Pink_SSB)\n|\n|t:|1683859542\n|start\n|switch|p1a: Mimikyu|Mimikyu, L50, F, shiny|100\/100\n|switch|p1b: Iron Hands|Iron Hands, L50|100\/100\n|switch|p2a: Palafin|Palafin, L50, M|100\/100\n|switch|p2b: Flutter Mane|Flutter Mane, L50|100\/100\n|turn|1\n|\n|t:|1683859567\n|-end|p2b: Flutter Mane|Protosynthesis|[silent]\n|switch|p2b: Tatsugiri|Tatsugiri, L50, F|100\/100\n|detailschange|p2a: Palafin|Palafin-Hero, L50, M\n|switch|p2a: Dondozo|Dondozo, L50, F|100\/100\n|-activate|p2b: Tatsugiri|ability: Commander|[of] p2a: Dondozo\n|-boost|p2a: Dondozo|atk|2\n|-boost|p2a: Dondozo|spa|2\n|-boost|p2a: Dondozo|spe|2\n|-boost|p2a: Dondozo|def|2\n|-boost|p2a: Dondozo|spd|2\n|-terastallize|p1b: Iron Hands|Grass\n|move|p1b: Iron Hands|Fake Out|p2a: Dondozo\n|-damage|p2a: Dondozo|95\/100\n|move|p1a: Mimikyu|Trick Room|p1a: Mimikyu\n|-fieldstart|move: Trick Room|[of] p1a: Mimikyu\n|\n|upkeep\n|turn|2\n|inactive|Hobgoblin101 has 30 seconds left.\n|\n|t:|1683859594\n|-end|p1b: Iron Hands|Quark Drive|[silent]\n|switch|p1b: Gyarados|Gyarados, L50, M|100\/100\n|-ability|p1b: Gyarados|Intimidate|boost\n|-unboost|p2a: Dondozo|atk|1\n|-unboost|p2b: Tatsugiri|atk|1\n|-terastallize|p2a: Dondozo|Grass\n|move|p1a: Mimikyu|Curse|p2a: Dondozo\n|-start|p2a: Dondozo|Curse|[of] p1a: Mimikyu\n|-damage|p1a: Mimikyu|50\/100\n|move|p2a: Dondozo|Order Up|p1b: Gyarados\n|-damage|p1b: Gyarados|66\/100\n|-boost|p2a: Dondozo|atk|1\n|\n|-damage|p2a: Dondozo|71\/100|[from] Curse\n|upkeep\n|turn|3\n|\n|t:|1683859612\n|move|p1b: Gyarados|Protect|p1b: Gyarados\n|-singleturn|p1b: Gyarados|Protect\n|move|p1a: Mimikyu|Will-O-Wisp|p2a: Dondozo|[miss]\n|-miss|p1a: Mimikyu|p2a: Dondozo\n|move|p2a: Dondozo|Order Up|p1b: Gyarados\n|-activate|p1b: Gyarados|move: Protect\n|\n|-damage|p2a: Dondozo|46\/100|[from] Curse\n|upkeep\n|turn|4\n|\n|t:|1683859629\n|move|p1a: Mimikyu|Will-O-Wisp|p2a: Dondozo|[miss]\n|-miss|p1a: Mimikyu|p2a: Dondozo\n|move|p2a: Dondozo|Order Up|p1b: Gyarados\n|-damage|p1b: Gyarados|15\/100\n|-boost|p2a: Dondozo|atk|1\n|move|p1b: Gyarados|Dragon Dance|p1b: Gyarados\n|-boost|p1b: Gyarados|atk|1\n|-boost|p1b: Gyarados|spe|1\n|\n|-damage|p2a: Dondozo|21\/100|[from] Curse\n|upkeep\n|turn|5\n|inactive|Pink_SSB has 30 seconds left.\n|\n|t:|1683859658\n|move|p1a: Mimikyu|Will-O-Wisp|p2a: Dondozo\n|-status|p2a: Dondozo|brn\n|move|p2a: Dondozo|Rest|p2a: Dondozo\n|-status|p2a: Dondozo|slp|[from] move: Rest\n|-heal|p2a: Dondozo|100\/100 slp|[silent]\n|-enditem|p2a: Dondozo|Chesto Berry|[eat]\n|-curestatus|p2a: Dondozo|slp|[msg]\n|move|p1b: Gyarados|Waterfall|p2a: Dondozo\n|-resisted|p2a: Dondozo\n|-damage|p2a: Dondozo|95\/100\n|\n|-damage|p2a: Dondozo|70\/100|[from] Curse\n|-fieldend|move: Trick Room\n|upkeep\n|turn|6\n|inactive|Pink_SSB has 30 seconds left.\n|\n|t:|1683859684\n|move|p1b: Gyarados|Taunt|p2a: Dondozo\n|-start|p2a: Dondozo|move: Taunt\n|move|p2a: Dondozo|Earthquake|p1a: Mimikyu|[spread] p1a\n|-miss|p2a: Dondozo|p2b: Tatsugiri\n|-immune|p1b: Gyarados\n|-activate|p1a: Mimikyu|ability: Disguise\n|-damage|p1a: Mimikyu|50\/100\n|detailschange|p1a: Mimikyu|Mimikyu-Busted, L50, F, shiny\n|-damage|p1a: Mimikyu|38\/100|[from] pokemon: Mimikyu-Busted\n|move|p1a: Mimikyu|Trick Room|p1a: Mimikyu\n|-fieldstart|move: Trick Room|[of] p1a: Mimikyu\n|\n|-damage|p2a: Dondozo|45\/100|[from] Curse\n|upkeep\n|turn|7\n|\n|t:|1683859701\n|move|p1a: Mimikyu|Will-O-Wisp|p2a: Dondozo\n|-status|p2a: Dondozo|brn\n|move|p2a: Dondozo|Order Up|p1b: Gyarados\n|-damage|p1b: Gyarados|0 fnt\n|faint|p1b: Gyarados\n|-boost|p2a: Dondozo|atk|1\n|\n|-damage|p2a: Dondozo|39\/100 brn|[from] brn\n|-damage|p2a: Dondozo|14\/100 brn|[from] Curse\n|upkeep\n|\n|t:|1683859711\n|switch|p1b: Muk|Muk, L50, M|100\/100\n|turn|8\n|\n|t:|1683859732\n|move|p1b: Muk|Gunk Shot|p2a: Dondozo\n|-supereffective|p2a: Dondozo\n|-damage|p2a: Dondozo|0 fnt\n|faint|p2a: Dondozo\n|move|p1a: Mimikyu|Curse|p2b: Tatsugiri\n|-start|p2b: Tatsugiri|Curse|[of] p1a: Mimikyu\n|-damage|p1a: Mimikyu|0 fnt\n|faint|p1a: Mimikyu\n|\n|-damage|p2b: Tatsugiri|76\/100|[from] Curse\n|upkeep\n|\n|t:|1683859745\n|switch|p2a: Flutter Mane|Flutter Mane, L50|100\/100\n|switch|p1a: Iron Hands|Iron Hands, L50, tera:Grass|100\/100\n|turn|9\n|\n|t:|1683859763\n|move|p2a: Flutter Mane|Protect|p2a: Flutter Mane\n|-singleturn|p2a: Flutter Mane|Protect\n|move|p1b: Muk|Gunk Shot|p2a: Flutter Mane\n|-activate|p2a: Flutter Mane|move: Protect\n|move|p1a: Iron Hands|Drain Punch|p2b: Tatsugiri\n|-damage|p2b: Tatsugiri|0 fnt\n|faint|p2b: Tatsugiri\n|\n|upkeep\n|\n|t:|1683859771\n|switch|p2b: Palafin|Palafin-Hero, L50, M|100\/100\n|-activate|p2b: Palafin|ability: Zero to Hero\n|turn|10\n|\n|t:|1683859784\n|move|p2b: Palafin|Protect|p2b: Palafin\n|-singleturn|p2b: Palafin|Protect\n|move|p1b: Muk|Gunk Shot|p2a: Flutter Mane\n|-enditem|p2a: Flutter Mane|Focus Sash\n|-damage|p2a: Flutter Mane|1\/100\n|move|p1a: Iron Hands|Wild Charge|p2b: Palafin\n|-activate|p2b: Palafin|move: Protect\n|move|p2a: Flutter Mane|Moonblast|p1a: Iron Hands\n|-damage|p1a: Iron Hands|62\/100\n|\n|-fieldend|move: Trick Room\n|upkeep\n|turn|11\n|\n|t:|1683859804\n|move|p2b: Palafin|Jet Punch|p1b: Muk\n|-damage|p1b: Muk|54\/100\n|move|p2a: Flutter Mane|Shadow Ball|p1b: Muk\n|-damage|p1b: Muk|15\/100\n|move|p1a: Iron Hands|Wild Charge|p2b: Palafin\n|-supereffective|p2b: Palafin\n|-damage|p2b: Palafin|10\/100\n|-damage|p1a: Iron Hands|43\/100|[from] Recoil\n|-enditem|p1a: Iron Hands|Sitrus Berry|[eat]\n|-heal|p1a: Iron Hands|68\/100|[from] item: Sitrus Berry\n|move|p1b: Muk|Gunk Shot|p2a: Flutter Mane\n|-damage|p2a: Flutter Mane|0 fnt\n|faint|p2a: Flutter Mane\n|-end|p2a: Flutter Mane|Protosynthesis|[silent]\n|\n|-heal|p1b: Muk|20\/100|[from] item: Leftovers\n|upkeep\n|turn|12\n|inactive|Hobgoblin101 has 30 seconds left.\n|inactive|Hobgoblin101 has 20 seconds left.\n|inactive|Hobgoblin101 has 15 seconds left.\n|inactive|Hobgoblin101 has 10 seconds left.\n|inactive|Hobgoblin101 has 5 seconds left.\n|c|\u2606Pink_SSB|how does it feel to get muked\n|\n|t:|1683859859\n|move|p2b: Palafin|Wave Crash|p1a: Iron Hands\n|-resisted|p1a: Iron Hands\n|-damage|p1a: Iron Hands|35\/100\n|-damage|p2b: Palafin|0 fnt|[from] Recoil\n|faint|p2b: Palafin\n|\n|win|Pink_SSB\n|raw|Pink_SSB's rating: 1196 → 1219<\/strong> (+23 for winning)\n|raw|Hobgoblin101's rating: 1173 → 1150<\/strong> (-23 for losing)\n","uploadtime":1683859878,"views":10,"p1id":"pinkssb","p2id":"hobgoblin101","formatid":"gen9vgc2023regulationc","rating":1150,"private":0,"password":""}