{"id":"gen9vgc2023regulationc-1854186086","p1":"Alaskan_fisher","p2":"beakabutooka","format":"[Gen 9] VGC 2023 Regulation C","log":"|j|\u2606Alaskan_fisher\n|j|\u2606beakabutooka\n|t:|1682781207\n|gametype|doubles\n|player|p1|Alaskan_fisher|fisherman-gen4|1402\n|player|p2|beakabutooka|1|1311\n|teamsize|p1|6\n|teamsize|p2|6\n|gen|9\n|tier|[Gen 9] VGC 2023 Regulation C\n|rated|\n|rule|Species Clause: Limit one of each Pok\u00e9mon\n|rule|Item Clause: Limit one of each item\n|clearpoke\n|poke|p1|Iron Hands, L50|\n|poke|p1|Palafin, L50, F|\n|poke|p1|Arcanine, L50, M|\n|poke|p1|Flutter Mane, L50|\n|poke|p1|Chi-Yu, L50|\n|poke|p1|Amoonguss, L50, F|\n|poke|p2|Lilligant, L50, F|\n|poke|p2|Torkoal, L50, F|\n|poke|p2|Flutter Mane, L50|\n|poke|p2|Kingambit, L50, F|\n|poke|p2|Dragonite, L50, F|\n|poke|p2|Great Tusk, L50|\n|teampreview|4\nbeakabutooka has agreed to open team sheets.\n|inactive|Battle timer is ON: inactive players will automatically lose when time's up. (requested by beakabutooka)\nAlaskan_fisher has agreed to open team sheets.\n|inactive|Alaskan_fisher has 60 seconds left.\n|\n|t:|1682781280\n|start\n|switch|p1a: Arcanine|Arcanine, L50, M|100\/100\n|switch|p1b: Palafin|Palafin, L50, F|100\/100\n|switch|p2a: Lilligant|Lilligant, L50, F, shiny|100\/100\n|switch|p2b: Torkoal|Torkoal, L50, F, shiny|100\/100\n|-ability|p1a: Arcanine|Intimidate|boost\n|-unboost|p2a: Lilligant|atk|1\n|-unboost|p2b: Torkoal|atk|1\n|-weather|SunnyDay|[from] ability: Drought|[of] p2b: Torkoal\n|turn|1\n|inactive|Alaskan_fisher has 30 seconds left.\n|\n|t:|1682781313\n|-terastallize|p1b: Palafin|Water\n|move|p1b: Palafin|Jet Punch|p2b: Torkoal\n|-supereffective|p2b: Torkoal\n|-damage|p2b: Torkoal|76\/100\n|move|p2a: Lilligant|Sleep Powder|p1b: Palafin\n|-status|p1b: Palafin|slp|[from] move: Sleep Powder\n|move|p1a: Arcanine|Morning Sun|p1a: Arcanine\n|-fail|p1a: Arcanine|heal\n|move|p2b: Torkoal|Earth Power|p1a: Arcanine\n|-supereffective|p1a: Arcanine\n|-damage|p1a: Arcanine|38\/100\n|\n|-weather|SunnyDay|[upkeep]\n|upkeep\n|turn|2\n|inactive|Alaskan_fisher has 30 seconds left.\n|inactive|Alaskan_fisher has 20 seconds left.\n|inactive|Alaskan_fisher has 15 seconds left.\n|inactive|Alaskan_fisher has 10 seconds left.\n|inactive|Alaskan_fisher has 5 seconds left.\n|\n|t:|1682781364\n|detailschange|p1b: Palafin|Palafin-Hero, L50, F, tera:Water\n|switch|p1b: Amoonguss|Amoonguss, L50, F|100\/100\n|move|p2a: Lilligant|Leaf Storm|p1b: Amoonguss\n|-resisted|p1b: Amoonguss\n|-damage|p1b: Amoonguss|87\/100\n|-unboost|p2a: Lilligant|spa|2\n|move|p1a: Arcanine|Morning Sun|p1a: Arcanine\n|-heal|p1a: Arcanine|100\/100\n|move|p2b: Torkoal|Earth Power|p1a: Arcanine\n|-supereffective|p1a: Arcanine\n|-damage|p1a: Arcanine|32\/100\n|\n|-weather|SunnyDay|[upkeep]\n|upkeep\n|turn|3\n|inactive|Alaskan_fisher has 30 seconds left.\n|\n|t:|1682781397\n|move|p2a: Lilligant|After You|p2b: Torkoal\n|-activate|p2b: Torkoal|move: After You\n|move|p2b: Torkoal|Eruption|p1a: Arcanine|[spread] p1a,p1b\n|-resisted|p1a: Arcanine\n|-supereffective|p1b: Amoonguss\n|-damage|p1a: Arcanine|0 fnt\n|-damage|p1b: Amoonguss|0 fnt\n|faint|p1a: Arcanine\n|faint|p1b: Amoonguss\n|\n|-weather|SunnyDay|[upkeep]\n|upkeep\n|\n|t:|1682781411\n|switch|p1a: Palafin|Palafin-Hero, L50, F, tera:Water|100\/100 slp\n|switch|p1b: Iron Hands|Iron Hands, L50|100\/100\n|-activate|p1a: Palafin|ability: Zero to Hero\n|turn|4\n|\n|t:|1682781430\n|switch|p2b: Flutter Mane|Flutter Mane, L50, shiny|100\/100\n|-activate|p2b: Flutter Mane|ability: Protosynthesis\n|-start|p2b: Flutter Mane|protosynthesisspa\n|cant|p1a: Palafin|slp\n|move|p2a: Lilligant|Leaf Storm|p1a: Palafin\n|-supereffective|p1a: Palafin\n|-damage|p1a: Palafin|44\/100 slp\n|-unboost|p2a: Lilligant|spa|2\n|move|p1b: Iron Hands|Swords Dance|p1b: Iron Hands\n|-boost|p1b: Iron Hands|atk|2\n|\n|-weather|SunnyDay|[upkeep]\n|upkeep\n|turn|5\n|\n|t:|1682781454\n|-terastallize|p2b: Flutter Mane|Fairy\n|cant|p1a: Palafin|slp\n|move|p2a: Lilligant|After You|p2b: Flutter Mane\n|-activate|p2b: Flutter Mane|move: After You\n|move|p2b: Flutter Mane|Dazzling Gleam|p1a: Palafin|[spread] p1a,p1b\n|-supereffective|p1b: Iron Hands\n|-damage|p1a: Palafin|0 fnt\n|-damage|p1b: Iron Hands|0 fnt\n|faint|p1a: Palafin\n|faint|p1b: Iron Hands\n|-end|p1b: Iron Hands|Quark Drive|[silent]\n|\n|win|beakabutooka\n|raw|Alaskan_fisher's rating: 1402 → 1377<\/strong> (-25 for losing)\n|raw|beakabutooka's rating: 1311 → 1336<\/strong> (+25 for winning)\n|c|\u2606beakabutooka|gg\n|c|\u2606Alaskan_fisher|gg\n|l|\u2606beakabutooka\n","uploadtime":1682781644,"views":20,"p1id":"alaskanfisher","p2id":"beakabutooka","formatid":"gen9vgc2023regulationc","rating":1336,"private":0,"password":""}