{"id":"gen9vgc2023regulationc-1846006036","p1":"veryreally","p2":"AquaK3","format":"[Gen 9] VGC 2023 Regulation C","log":"|j|\u2606veryreally\n|j|\u2606AquaK3\n|t:|1681790279\n|gametype|doubles\n|player|p1|veryreally|265|1271\n|player|p2|AquaK3|red-masters|1357\n|teamsize|p1|6\n|teamsize|p2|6\n|gen|9\n|tier|[Gen 9] VGC 2023 Regulation C\n|rated|\n|rule|Species Clause: Limit one of each Pok\u00e9mon\n|rule|Item Clause: Limit one of each item\n|clearpoke\n|poke|p1|Palafin, L50, M|\n|poke|p1|Chien-Pao, L50|\n|poke|p1|Dragapult, L50, M|\n|poke|p1|Amoonguss, L50, M|\n|poke|p1|Arcanine, L50, M|\n|poke|p1|Flutter Mane, L50|\n|poke|p2|Dondozo, L50, F|\n|poke|p2|Tatsugiri, L50, F|\n|poke|p2|Dragonite, L50, M|\n|poke|p2|Chien-Pao, L50|\n|poke|p2|Chi-Yu, L50|\n|poke|p2|Iron Bundle, L50|\n|teampreview|4\nveryreally has agreed to open team sheets.\n|inactive|Battle timer is ON: inactive players will automatically lose when time's up. (requested by veryreally)\n|\n|t:|1681790351\n|start\n|switch|p1a: Palafin|Palafin, L50, M|100\/100\n|switch|p1b: Dragapult|Dragapult, L50, M|100\/100\n|switch|p2a: Iron Bundle|Iron Bundle, L50|100\/100\n|switch|p2b: Chi-Yu|Chi-Yu, L50|100\/100\n|-ability|p2b: Chi-Yu|Beads of Ruin\n|-enditem|p2a: Iron Bundle|Booster Energy\n|-activate|p2a: Iron Bundle|ability: Quark Drive|[fromitem]\n|-start|p2a: Iron Bundle|quarkdrivespe\n|turn|1\n|c|\u2606veryreally|plz open sheet you piece of poo\n|inactive|veryreally has 30 seconds left.\n|\n|t:|1681790384\n|detailschange|p1a: Palafin|Palafin-Hero, L50, M\n|switch|p1a: Arcanine|Arcanine, L50, M|100\/100\n|-ability|p1a: Arcanine|Intimidate|boost\n|-unboost|p2a: Iron Bundle|atk|1\n|-unboost|p2b: Chi-Yu|atk|1\n|move|p2a: Iron Bundle|Icy Wind|p1b: Dragapult|[spread] p1b\n|-miss|p2a: Iron Bundle|p1a: Arcanine\n|-supereffective|p1b: Dragapult\n|-damage|p1b: Dragapult|31\/100\n|move|p1b: Dragapult|Dragon Darts|p2a: Iron Bundle\n|-damage|p2a: Iron Bundle|52\/100\n|-anim|p1b: Dragapult|Dragon Darts|p2b: Chi-Yu\n|-damage|p2b: Chi-Yu|40\/100\n|move|p2b: Chi-Yu|Heat Wave|p1a: Arcanine|[spread] p1a,p1b\n|-resisted|p1a: Arcanine\n|-resisted|p1b: Dragapult\n|-damage|p1a: Arcanine|59\/100\n|-damage|p1b: Dragapult|0 fnt\n|faint|p1b: Dragapult\n|\n|upkeep\n|c|\u2606AquaK3|lol playing runescape wasn't paying attentino\n|\n|t:|1681790401\n|switch|p1b: Palafin|Palafin-Hero, L50, M|100\/100\n|-activate|p1b: Palafin|ability: Zero to Hero\n|turn|2\n|\n|t:|1681790409\n|-end|p2a: Iron Bundle|Quark Drive|[silent]\n|switch|p2a: Dragonite|Dragonite, L50, M|100\/100\n|move|p1b: Palafin|Protect|p1b: Palafin\n|-singleturn|p1b: Palafin|Protect\n|move|p1a: Arcanine|Extreme Speed|p2a: Dragonite\n|-damage|p2a: Dragonite|78\/100\n|move|p2b: Chi-Yu|Heat Wave|p1b: Palafin|[spread] p1a\n|-activate|p1b: Palafin|move: Protect\n|-resisted|p1a: Arcanine\n|-damage|p1a: Arcanine|21\/100\n|\n|upkeep\n|turn|3\n|\n|t:|1681790424\n|switch|p2b: Chien-Pao|Chien-Pao, L50|100\/100\n|-ability|p2b: Chien-Pao|Sword of Ruin\n|switch|p1a: Amoonguss|Amoonguss, L50, M|100\/100\n|-terastallize|p2a: Dragonite|Normal\n|move|p2a: Dragonite|Extreme Speed|p1b: Palafin\n|-damage|p1b: Palafin|16\/100\n|move|p1b: Palafin|Jet Punch|p2b: Chien-Pao\n|-damage|p2b: Chien-Pao|40\/100\n|\n|upkeep\n|turn|4\n|\n|t:|1681790442\n|switch|p1b: Arcanine|Arcanine, L50, M|21\/100\n|-ability|p1b: Arcanine|Intimidate|boost\n|-fail|p2a: Dragonite|unboost|Attack|[from] ability: Inner Focus|[of] p2a: Dragonite\n|-unboost|p2b: Chien-Pao|atk|1\n|move|p2a: Dragonite|Extreme Speed|p1b: Arcanine\n|-damage|p1b: Arcanine|0 fnt\n|faint|p1b: Arcanine\n|move|p2b: Chien-Pao|Ice Spinner|p1a: Amoonguss\n|-supereffective|p1a: Amoonguss\n|-damage|p1a: Amoonguss|43\/100\n|-enditem|p1a: Amoonguss|Sitrus Berry|[eat]\n|-heal|p1a: Amoonguss|68\/100|[from] item: Sitrus Berry\n|move|p1a: Amoonguss|Spore|p2a: Dragonite\n|-status|p2a: Dragonite|slp|[from] move: Spore\n|\n|upkeep\n|\n|t:|1681790447\n|switch|p1b: Palafin|Palafin-Hero, L50, M|16\/100\n|turn|5\n|\n|t:|1681790454\n|cant|p2a: Dragonite|slp\n|move|p1a: Amoonguss|Rage Powder|p1a: Amoonguss\n|-singleturn|p1a: Amoonguss|move: Rage Powder\n|move|p2b: Chien-Pao|Sucker Punch||[still]\n|-fail|p2b: Chien-Pao\n|move|p1b: Palafin|Jet Punch|p2b: Chien-Pao\n|-damage|p2b: Chien-Pao|0 fnt\n|faint|p2b: Chien-Pao\n|\n|upkeep\n|\n|t:|1681790460\n|switch|p2b: Iron Bundle|Iron Bundle, L50|52\/100\n|turn|6\n|\n|t:|1681790466\n|move|p2b: Iron Bundle|Protect|p2b: Iron Bundle\n|-singleturn|p2b: Iron Bundle|Protect\n|cant|p2a: Dragonite|slp\n|move|p1a: Amoonguss|Rage Powder|p1a: Amoonguss\n|-singleturn|p1a: Amoonguss|move: Rage Powder\n|move|p1b: Palafin|Jet Punch|p2a: Dragonite\n|-damage|p2a: Dragonite|37\/100 slp\n|\n|upkeep\n|turn|7\n|\n|t:|1681790471\n|cant|p2a: Dragonite|slp\n|move|p1a: Amoonguss|Rage Powder|p1a: Amoonguss\n|-singleturn|p1a: Amoonguss|move: Rage Powder\n|move|p1b: Palafin|Jet Punch|p2a: Dragonite\n|-damage|p2a: Dragonite|0 fnt\n|faint|p2a: Dragonite\n|move|p2b: Iron Bundle|Freeze-Dry|p1a: Amoonguss\n|-supereffective|p1a: Amoonguss\n|-damage|p1a: Amoonguss|13\/100\n|\n|upkeep\n|\n|t:|1681790475\n|switch|p2a: Chi-Yu|Chi-Yu, L50|40\/100\n|-ability|p2a: Chi-Yu|Beads of Ruin\n|turn|8\n|\n|t:|1681790483\n|move|p1a: Amoonguss|Rage Powder|p1a: Amoonguss\n|-singleturn|p1a: Amoonguss|move: Rage Powder\n|move|p1b: Palafin|Jet Punch|p2a: Chi-Yu\n|-supereffective|p2a: Chi-Yu\n|-damage|p2a: Chi-Yu|0 fnt\n|faint|p2a: Chi-Yu\n|move|p2b: Iron Bundle|Freeze-Dry|p1a: Amoonguss\n|-supereffective|p1a: Amoonguss\n|-damage|p1a: Amoonguss|0 fnt\n|faint|p1a: Amoonguss\n|\n|upkeep\n|turn|9\n|\n|t:|1681790486\n|-terastallize|p1b: Palafin|Water\n|move|p2b: Iron Bundle|Protect|p2b: Iron Bundle\n|-singleturn|p2b: Iron Bundle|Protect\n|move|p1b: Palafin|Jet Punch|p2b: Iron Bundle\n|-activate|p2b: Iron Bundle|move: Protect\n|\n|upkeep\n|turn|10\n|\n|t:|1681790492\n|move|p1b: Palafin|Jet Punch|p2b: Iron Bundle\n|-resisted|p2b: Iron Bundle\n|-damage|p2b: Iron Bundle|14\/100\n|move|p2b: Iron Bundle|Freeze-Dry|p1b: Palafin\n|-supereffective|p1b: Palafin\n|-damage|p1b: Palafin|0 fnt\n|faint|p1b: Palafin\n|\n|win|AquaK3\n|raw|veryreally's rating: 1271 → 1252<\/strong> (-19 for losing)\n|raw|AquaK3's rating: 1357 → 1372<\/strong> (+15 for winning)\n","uploadtime":1681790377,"views":4,"p1id":"veryreally","p2id":"aquak3","formatid":"gen9vgc2023regulationc","rating":1252,"private":0,"password":""}