{"id":"gen9vgc2023regulationc-1849513721","p1":"Spler","p2":"assault_wolf117","format":"[Gen 9] VGC 2023 Regulation C","log":"|j|\u2606Spler\n|j|\u2606assault_wolf117\n|t:|1682207498\n|gametype|doubles\n|player|p1|Spler|266|1054\n|player|p2|assault_wolf117|169|1066\n|teamsize|p1|6\n|teamsize|p2|6\n|gen|9\n|tier|[Gen 9] VGC 2023 Regulation C\n|rated|\n|rule|Species Clause: Limit one of each Pok\u00e9mon\n|rule|Item Clause: Limit one of each item\n|clearpoke\n|poke|p1|Pelipper, L50, M|\n|poke|p1|Drednaw, L50, M|\n|poke|p1|Dragonite, L50, F|\n|poke|p1|Chien-Pao, L50|\n|poke|p1|Iron Valiant, L50|\n|poke|p1|Palafin, L50, F|\n|poke|p2|Meowscarada, L50, M|\n|poke|p2|Hydreigon, L50, M|\n|poke|p2|Arcanine, L50, M|\n|poke|p2|Flutter Mane, L50|\n|poke|p2|Corviknight, L50, M|\n|poke|p2|Lucario, L50, M|\n|teampreview|4\nSpler rejected open team sheets.\n|inactive|Battle timer is ON: inactive players will automatically lose when time's up. (requested by Spler)\n|\n|t:|1682207540\n|start\n|switch|p1a: Pelipper|Pelipper, L50, M|100\/100\n|switch|p1b: Drednaw|Drednaw, L50, M|100\/100\n|switch|p2a: Hydreigon|Hydreigon, L50, M|100\/100\n|switch|p2b: Flutter Mane|Flutter Mane, L50|100\/100\n|-weather|RainDance|[from] ability: Drizzle|[of] p1a: Pelipper\n|turn|1\n|inactive|Spler has 30 seconds left.\n|inactive|assault_wolf117 has 30 seconds left.\n|\n|t:|1682207575\n|move|p1b: Drednaw|Liquidation|p2b: Flutter Mane\n|-damage|p2b: Flutter Mane|0 fnt\n|faint|p2b: Flutter Mane\n|-end|p2b: Flutter Mane|Protosynthesis|[silent]\n|move|p2a: Hydreigon|Draco Meteor|p1b: Drednaw\n|-damage|p1b: Drednaw|19\/100\n|-unboost|p2a: Hydreigon|spa|2\n|move|p1a: Pelipper|Tailwind|p1a: Pelipper\n|-sidestart|p1: Spler|move: Tailwind\n|\n|-weather|RainDance|[upkeep]\n|upkeep\n|\n|t:|1682207587\n|switch|p2b: IDK WHAT ELSE|Lucario, L50, M|100\/100\n|turn|2\n|\n|t:|1682207595\n|switch|p2a: Meowscarada|Meowscarada, L50, M|100\/100\n|move|p1b: Drednaw|Protect|p1b: Drednaw\n|-singleturn|p1b: Drednaw|Protect\n|move|p2b: IDK WHAT ELSE|Bullet Punch|p1b: Drednaw\n|-activate|p1b: Drednaw|move: Protect\n|move|p1a: Pelipper|Hydro Pump|p2b: IDK WHAT ELSE\n|-damage|p2b: IDK WHAT ELSE|0 fnt\n|faint|p2b: IDK WHAT ELSE\n|\n|-weather|RainDance|[upkeep]\n|upkeep\n|\n|t:|1682207606\n|switch|p2b: Hydreigon|Hydreigon, L50, M|100\/100\n|turn|3\n|\n|t:|1682207614\n|move|p2a: Meowscarada|Sucker Punch|p1b: Drednaw\n|-damage|p1b: Drednaw|0 fnt\n|faint|p1b: Drednaw\n|move|p1a: Pelipper|Hurricane|p2b: Hydreigon\n|-damage|p2b: Hydreigon|53\/100\n|move|p2b: Hydreigon|Tailwind|p2b: Hydreigon\n|-sidestart|p2: assault_wolf117|move: Tailwind\n|\n|-weather|RainDance|[upkeep]\n|upkeep\n|\n|t:|1682207627\n|switch|p1b: Dragonite|Dragonite, L50, F|100\/100\n|turn|4\n|\n|t:|1682207651\n|-terastallize|p1b: Dragonite|Fighting\n|move|p2a: Meowscarada|Knock Off|p1b: Dragonite\n|-resisted|p1b: Dragonite\n|-damage|p1b: Dragonite|90\/100\n|-enditem|p1b: Dragonite|Choice Specs|[from] move: Knock Off|[of] p2a: Meowscarada\n|move|p2b: Hydreigon|Draco Meteor|p1b: Dragonite\n|-damage|p1b: Dragonite|38\/100\n|-unboost|p2b: Hydreigon|spa|2\n|move|p1b: Dragonite|Tera Blast|p2b: Hydreigon\n|-supereffective|p2b: Hydreigon\n|-damage|p2b: Hydreigon|0 fnt\n|faint|p2b: Hydreigon\n|move|p1a: Pelipper|Hurricane|p2a: Meowscarada\n|-supereffective|p2a: Meowscarada\n|-enditem|p2a: Meowscarada|Focus Sash\n|-damage|p2a: Meowscarada|1\/100\n|\n|-weather|RainDance|[upkeep]\n|-sideend|p1: Spler|move: Tailwind\n|upkeep\n|turn|5\n|inactive|Spler has 30 seconds left.\n|c|\u2606Spler|My dragonite is special attacker\n|inactive|Spler has 20 seconds left.\n|\n|t:|1682207687\n|-terastallize|p2a: Meowscarada|Grass\n|move|p2a: Meowscarada|Flower Trick|p1b: Dragonite\n|-crit|p1b: Dragonite\n|-damage|p1b: Dragonite|0 fnt\n|faint|p1b: Dragonite\n|move|p1a: Pelipper|Hurricane|p2a: Meowscarada\n|-supereffective|p2a: Meowscarada\n|-crit|p2a: Meowscarada\n|-damage|p2a: Meowscarada|0 fnt\n|faint|p2a: Meowscarada\n|\n|win|Spler\n|raw|Spler's rating: 1054 → 1087<\/strong> (+33 for winning)\n|raw|assault_wolf117's rating: 1066 → 1045<\/strong> (-21 for losing)\n|l|\u2606assault_wolf117\n","uploadtime":1682207707,"views":2,"p1id":"spler","p2id":"assaultwolf117","formatid":"gen9vgc2023regulationc","rating":1045,"private":0,"password":""}