{"id":"gen9vgc2023regulationc-1863308498","p1":"TGH_sr","p2":"Sukiyaki Eater","format":"[Gen 9] VGC 2023 Regulation C","log":"|j|\u2606TGH_sr\n|j|\u2606Sukiyaki Eater\n|t:|1684000685\n|gametype|doubles\n|player|p1|TGH_sr|steven|1232\n|player|p2|Sukiyaki Eater|1|1263\n|teamsize|p1|6\n|teamsize|p2|6\n|gen|9\n|tier|[Gen 9] VGC 2023 Regulation C\n|rated|\n|rule|Species Clause: Limit one of each Pok\u00e9mon\n|rule|Item Clause: Limit one of each item\n|clearpoke\n|poke|p1|Talonflame, L50, M|\n|poke|p1|Garchomp, L50, M|\n|poke|p1|Kingambit, L50, F|\n|poke|p1|Amoonguss, L50, F|\n|poke|p1|Azumarill, L50, M|\n|poke|p1|Flutter Mane, L50|\n|poke|p2|Volcarona, L50, F|\n|poke|p2|Gyarados, L50, M|\n|poke|p2|Gholdengo, L50|\n|poke|p2|Glimmora, L50, F|\n|poke|p2|Meowscarada, L50, F|\n|poke|p2|Iron Bundle, L50|\n|teampreview|4\nTGH_sr has agreed to open team sheets.\nSukiyaki Eater has agreed to open team sheets.\n|\n|t:|1684000753\n|start\n|switch|p1a: Talonflame|Talonflame, L50, M|100\/100\n|switch|p1b: Kingambit|Kingambit, L50, F|100\/100\n|switch|p2a: Volcarona|Volcarona, L50, F|100\/100\n|switch|p2b: Meowscarada|Meowscarada, L50, F|100\/100\n|turn|1\n|\n|t:|1684000818\n|move|p2b: Meowscarada|Protect|p2b: Meowscarada\n|-singleturn|p2b: Meowscarada|Protect\n|move|p1b: Kingambit|Protect|p1b: Kingambit\n|-singleturn|p1b: Kingambit|Protect\n|move|p1a: Talonflame|Brave Bird|p2b: Meowscarada\n|-activate|p2b: Meowscarada|move: Protect\n|move|p2a: Volcarona|Tailwind|p2a: Volcarona\n|-sidestart|p2: Sukiyaki Eater|move: Tailwind\n|\n|upkeep\n|turn|2\n|\n|t:|1684000847\n|-terastallize|p1b: Kingambit|Dark\n|move|p2a: Volcarona|Rage Powder|p2a: Volcarona\n|-singleturn|p2a: Volcarona|move: Rage Powder\n|move|p1a: Talonflame|Tailwind|p1a: Talonflame\n|-sidestart|p1: TGH_sr|move: Tailwind\n|move|p1b: Kingambit|Sucker Punch||[still]\n|-fail|p1b: Kingambit\n|move|p2b: Meowscarada|Knock Off|p1a: Talonflame\n|-damage|p1a: Talonflame|32\/100\n|-enditem|p1a: Talonflame|Sharp Beak|[from] move: Knock Off|[of] p2b: Meowscarada\n|\n|upkeep\n|turn|3\n|\n|t:|1684000923\n|move|p2b: Meowscarada|Knock Off|p1b: Kingambit\n|-resisted|p1b: Kingambit\n|-damage|p1b: Kingambit|82\/100\n|-enditem|p1b: Kingambit|Black Glasses|[from] move: Knock Off|[of] p2b: Meowscarada\n|move|p1a: Talonflame|Brave Bird|p2a: Volcarona\n|-supereffective|p2a: Volcarona\n|-damage|p2a: Volcarona|0 fnt\n|-damage|p1a: Talonflame|15\/100|[from] item: Rocky Helmet|[of] p2a: Volcarona\n|faint|p2a: Volcarona\n|-damage|p1a: Talonflame|0 fnt|[from] Recoil\n|faint|p1a: Talonflame\n|move|p1b: Kingambit|Kowtow Cleave|p2b: Meowscarada\n|-resisted|p2b: Meowscarada\n|-damage|p2b: Meowscarada|51\/100\n|\n|upkeep\n|\n|t:|1684000942\n|switch|p1a: Flutter Mane|Flutter Mane, L50|100\/100\n|switch|p2a: Gholdengo|Gholdengo, L50|100\/100\n|-enditem|p1a: Flutter Mane|Booster Energy\n|-activate|p1a: Flutter Mane|ability: Protosynthesis|[fromitem]\n|-start|p1a: Flutter Mane|protosynthesisspa\n|turn|4\n|\n|t:|1684000990\n|-terastallize|p2a: Gholdengo|Water\n|move|p2b: Meowscarada|Flower Trick|p1b: Kingambit\n|-crit|p1b: Kingambit\n|-damage|p1b: Kingambit|48\/100\n|move|p1a: Flutter Mane|Moonblast|p2b: Meowscarada\n|-supereffective|p2b: Meowscarada\n|-crit|p2b: Meowscarada\n|-damage|p2b: Meowscarada|0 fnt\n|faint|p2b: Meowscarada\n|move|p2a: Gholdengo|Nasty Plot|p2a: Gholdengo\n|-boost|p2a: Gholdengo|spa|2\n|move|p1b: Kingambit|Swords Dance|p1b: Kingambit\n|-boost|p1b: Kingambit|atk|2\n|\n|-sideend|p2: Sukiyaki Eater|move: Tailwind\n|upkeep\n|\n|t:|1684000997\n|switch|p2b: Iron Bundle|Iron Bundle, L50|100\/100\n|-enditem|p2b: Iron Bundle|Booster Energy\n|-activate|p2b: Iron Bundle|ability: Quark Drive|[fromitem]\n|-start|p2b: Iron Bundle|quarkdrivespe\n|turn|5\n|\n|t:|1684001017\n|move|p2a: Gholdengo|Protect|p2a: Gholdengo\n|-singleturn|p2a: Gholdengo|Protect\n|move|p1b: Kingambit|Sucker Punch||[still]\n|-fail|p1b: Kingambit\n|move|p1a: Flutter Mane|Moonblast|p2b: Iron Bundle\n|-damage|p2b: Iron Bundle|0 fnt\n|faint|p2b: Iron Bundle\n|-end|p2b: Iron Bundle|Quark Drive|[silent]\n|\n|-sideend|p1: TGH_sr|move: Tailwind\n|upkeep\n|turn|6\n|\n|t:|1684001033\n|move|p1b: Kingambit|Sucker Punch|p2a: Gholdengo\n|-damage|p2a: Gholdengo|17\/100\n|move|p1a: Flutter Mane|Moonblast|p2a: Gholdengo\n|-crit|p2a: Gholdengo\n|-damage|p2a: Gholdengo|0 fnt\n|faint|p2a: Gholdengo\n|\n|win|TGH_sr\n|raw|TGH_sr's rating: 1232 → 1259<\/strong> (+27 for winning)\n|raw|Sukiyaki Eater's rating: 1263 → 1236<\/strong> (-27 for losing)\n|l|\u2606Sukiyaki Eater\n","uploadtime":1684001059,"views":4,"p1id":"tghsr","p2id":"sukiyakieater","formatid":"gen9vgc2023regulationc","rating":1236,"private":0,"password":""}