{"id":"gen9vgc2023regulationc-1851007866","p1":"Auburn Hills","p2":"icedragonkid105","format":"[Gen 9] VGC 2023 Regulation C","log":"|j|\u2606Auburn Hills\n|j|\u2606icedragonkid105\n|t:|1682393279\n|gametype|doubles\n|player|p1|Auburn Hills|alder|1189\n|player|p2|icedragonkid105|policeman-gen4|1185\n|teamsize|p1|6\n|teamsize|p2|6\n|gen|9\n|tier|[Gen 9] VGC 2023 Regulation C\n|rated|\n|rule|Species Clause: Limit one of each Pok\u00e9mon\n|rule|Item Clause: Limit one of each item\n|clearpoke\n|poke|p1|Dragapult, L50, M|\n|poke|p1|Arcanine, L50, F|\n|poke|p1|Tinkaton, L50, F|\n|poke|p1|Primeape, L50, F|\n|poke|p1|Whiscash, L50, M|\n|poke|p1|Tropius, L50, F|\n|poke|p2|Baxcalibur, L50, M|\n|poke|p2|Flutter Mane, L50|\n|poke|p2|Chi-Yu, L50|\n|poke|p2|Gastrodon-East, L50, M|\n|poke|p2|Iron Bundle, L50|\n|poke|p2|Arcanine, L50, F|\n|teampreview|4\n|\n|t:|1682393318\n|start\n|switch|p1a: Marth|Tinkaton, L50, F|100\/100\n|switch|p1b: Ice Climbers|Whiscash, L50, M|100\/100\n|switch|p2a: Wreckingball|Chi-Yu, L50|100\/100\n|switch|p2b: Glitch|Iron Bundle, L50|100\/100\n|-ability|p2a: Wreckingball|Beads of Ruin\n|-ability|p1a: Marth|Mold Breaker\n|turn|1\n|\n|t:|1682393346\n|-terastallize|p2a: Wreckingball|Grass\n|-terastallize|p1b: Ice Climbers|Ice\n|move|p1a: Marth|Fake Out|p2a: Wreckingball\n|-damage|p2a: Wreckingball|84\/100\n|cant|p2a: Wreckingball|flinch\n|move|p2b: Glitch|Freeze-Dry|p1b: Ice Climbers\n|-resisted|p1b: Ice Climbers\n|-damage|p1b: Ice Climbers|77\/100\n|move|p1b: Ice Climbers|Hydro Pump|p2a: Wreckingball\n|-resisted|p2a: Wreckingball\n|-damage|p2a: Wreckingball|61\/100\n|\n|upkeep\n|turn|2\n|\n|t:|1682393373\n|switch|p2a: K-9|Arcanine, L50, F|100\/100\n|-ability|p2a: K-9|Intimidate|boost\n|-unboost|p1a: Marth|atk|1\n|-fail|p1b: Ice Climbers|unboost|Attack|[from] ability: Oblivious|[of] p1b: Ice Climbers\n|move|p2b: Glitch|Encore|p1a: Marth\n|-start|p1a: Marth|Encore\n|move|p1a: Marth|Fake Out||[still]\n|-hint|Fake Out only works on your first turn out.\n|-fail|p1a: Marth\n|move|p1b: Ice Climbers|Blizzard|p2b: Glitch|[spread] \n|-miss|p1b: Ice Climbers|p2a: K-9\n|-miss|p1b: Ice Climbers|p2b: Glitch\n|\n|upkeep\n|turn|3\n|\n|t:|1682393394\n|switch|p1a: Donkey Kong|Primeape, L50, F|100\/100\n|move|p2b: Glitch|Icy Wind|p1a: Donkey Kong|[spread] p1a,p1b\n|-resisted|p1b: Ice Climbers\n|-damage|p1a: Donkey Kong|80\/100\n|-damage|p1b: Ice Climbers|67\/100\n|-unboost|p1a: Donkey Kong|spe|1\n|-unboost|p1b: Ice Climbers|spe|1\n|move|p2a: K-9|Flare Blitz|p1b: Ice Climbers\n|-supereffective|p1b: Ice Climbers\n|-damage|p1b: Ice Climbers|0 fnt\n|faint|p1b: Ice Climbers\n|-damage|p2a: K-9|72\/100|[from] Recoil\n|\n|upkeep\n|\n|t:|1682393404\n|switch|p1b: Marth|Tinkaton, L50, F|100\/100\n|-ability|p1b: Marth|Mold Breaker\n|turn|4\n|\n|t:|1682393416\n|switch|p2a: Rouge|Flutter Mane, L50, shiny|100\/100\n|-enditem|p2a: Rouge|Booster Energy\n|-activate|p2a: Rouge|ability: Protosynthesis|[fromitem]\n|-start|p2a: Rouge|protosynthesisspe\n|move|p2b: Glitch|Protect|p2b: Glitch\n|-singleturn|p2b: Glitch|Protect\n|move|p1b: Marth|Fake Out|p2a: Rouge\n|-immune|p2a: Rouge\n|move|p1a: Donkey Kong|Rage Fist|p2b: Glitch\n|-activate|p2b: Glitch|move: Protect\n|\n|upkeep\n|turn|5\n|\n|t:|1682393451\n|move|p2a: Rouge|Dazzling Gleam|p1b: Marth|[spread] p1a,p1b\n|-supereffective|p1a: Donkey Kong\n|-resisted|p1b: Marth\n|-damage|p1a: Donkey Kong|19\/100\n|-damage|p1b: Marth|87\/100\n|move|p2b: Glitch|Freeze-Dry|p1a: Donkey Kong\n|-damage|p1a: Donkey Kong|0 fnt\n|faint|p1a: Donkey Kong\n|move|p1b: Marth|Gigaton Hammer|p2a: Rouge\n|-supereffective|p2a: Rouge\n|-damage|p2a: Rouge|0 fnt\n|faint|p2a: Rouge\n|-end|p2a: Rouge|Protosynthesis|[silent]\n|\n|upkeep\n|\n|t:|1682393481\n|switch|p2a: Wreckingball|Chi-Yu, L50, tera:Grass|61\/100\n|switch|p1a: Sheik|Dragapult, L50, M|100\/100\n|-ability|p2a: Wreckingball|Beads of Ruin\n|turn|6\n|inactive|Battle timer is ON: inactive players will automatically lose when time's up. (requested by icedragonkid105)\n|\n|t:|1682393503\n|move|p2a: Wreckingball|Heat Wave|p1a: Sheik|[spread] p1a,p1b\n|-resisted|p1a: Sheik\n|-supereffective|p1b: Marth\n|-damage|p1a: Sheik|73\/100\n|-damage|p1b: Marth|0 fnt\n|-status|p1a: Sheik|brn\n|-start|p2a: Wreckingball|Disable|Heat Wave|[from] ability: Cursed Body|[of] p1a: Sheik\n|faint|p1b: Marth\n|move|p2b: Glitch|Icy Wind|p1a: Sheik\n|-supereffective|p1a: Sheik\n|-damage|p1a: Sheik|0 fnt\n|faint|p1a: Sheik\n|\n|win|icedragonkid105\n|raw|Auburn Hills's rating: 1189 → 1164<\/strong> (-25 for losing)\n|raw|icedragonkid105's rating: 1185 → 1210<\/strong> (+25 for winning)\n|l|\u2606Auburn Hills\n","uploadtime":1682393517,"views":7,"p1id":"auburnhills","p2id":"icedragonkid105","formatid":"gen9vgc2023regulationc","rating":1164,"private":0,"password":""}