{"id":"gen9vgc2023regulationc-1849718655","p1":"Arcacagne","p2":"HayPrime","format":"[Gen 9] VGC 2023 Regulation C","log":"|j|\u2606Arcacagne\n|j|\u2606HayPrime\n|t:|1682238785\n|gametype|doubles\n|player|p1|Arcacagne|102|1150\n|player|p2|HayPrime|101|1198\n|teamsize|p1|6\n|teamsize|p2|6\n|gen|9\n|tier|[Gen 9] VGC 2023 Regulation C\n|rated|\n|rule|Species Clause: Limit one of each Pok\u00e9mon\n|rule|Item Clause: Limit one of each item\n|clearpoke\n|poke|p1|Chi-Yu, L50|\n|poke|p1|Flutter Mane, L50|\n|poke|p1|Amoonguss, L50, M|\n|poke|p1|Palafin, L50, F|\n|poke|p1|Kingambit, L50, F|\n|poke|p1|Arcanine, L50, M|\n|poke|p2|Brute Bonnet, L50|\n|poke|p2|Tinkaton, L50, F|\n|poke|p2|Volcarona, L50, F|\n|poke|p2|Drednaw, L50, M|\n|poke|p2|Gallade, L50, M|\n|poke|p2|Haxorus, L50, F|\n|teampreview|4\n|inactive|Battle timer is ON: inactive players will automatically lose when time's up. (requested by Arcacagne)\n|\n|t:|1682238824\n|start\n|switch|p1a: Chi-Yu|Chi-Yu, L50|100\/100\n|switch|p1b: Flutter Mane|Flutter Mane, L50|100\/100\n|switch|p2a: Boyt|Tinkaton, L50, F|100\/100\n|switch|p2b: Haxorus|Haxorus, L50, F, shiny|100\/100\n|-ability|p2b: Haxorus|Unnerve\n|-ability|p1a: Chi-Yu|Beads of Ruin\n|-enditem|p1b: Flutter Mane|Booster Energy\n|-activate|p1b: Flutter Mane|ability: Protosynthesis|[fromitem]\n|-start|p1b: Flutter Mane|protosynthesisspa\n|turn|1\n|\n|t:|1682238843\n|-terastallize|p2b: Haxorus|Fire\n|move|p1b: Flutter Mane|Moonblast|p2b: Haxorus\n|-resisted|p2b: Haxorus\n|-damage|p2b: Haxorus|39\/100\n|move|p1a: Chi-Yu|Substitute|p1a: Chi-Yu\n|-start|p1a: Chi-Yu|Substitute\n|-damage|p1a: Chi-Yu|76\/100\n|move|p2b: Haxorus|Dragon Dance|p2b: Haxorus\n|-boost|p2b: Haxorus|atk|1\n|-boost|p2b: Haxorus|spe|1\n|move|p2a: Boyt|Gigaton Hammer|p1b: Flutter Mane\n|-supereffective|p1b: Flutter Mane\n|-damage|p1b: Flutter Mane|0 fnt\n|faint|p1b: Flutter Mane\n|-end|p1b: Flutter Mane|Protosynthesis|[silent]\n|\n|upkeep\n|\n|t:|1682238860\n|switch|p1b: Amoonguss|Amoonguss, L50, M|100\/100\n|turn|2\n|\n|t:|1682238868\n|-terastallize|p1a: Chi-Yu|Fire\n|move|p2b: Haxorus|Protect|p2b: Haxorus\n|-singleturn|p2b: Haxorus|Protect\n|move|p1a: Chi-Yu|Heat Wave|p2a: Boyt|[spread] p2a\n|-activate|p2b: Haxorus|move: Protect\n|-supereffective|p2a: Boyt\n|-damage|p2a: Boyt|0 fnt\n|faint|p2a: Boyt\n|move|p1b: Amoonguss|Spore|p2b: Haxorus\n|-activate|p2b: Haxorus|move: Protect\n|\n|upkeep\n|\n|t:|1682238880\n|switch|p2a: Boyt 2|Volcarona, L50, F|100\/100\n|turn|3\n|\n|t:|1682238889\n|move|p2b: Haxorus|Tera Blast|p1b: Amoonguss\n|-supereffective|p1b: Amoonguss\n|-damage|p1b: Amoonguss|0 fnt\n|faint|p1b: Amoonguss\n|-damage|p2b: Haxorus|29\/100|[from] item: Life Orb\n|move|p1a: Chi-Yu|Heat Wave|p2a: Boyt 2|[spread] p2a,p2b\n|-resisted|p2b: Haxorus\n|-damage|p2a: Boyt 2|38\/100\n|-damage|p2b: Haxorus|0 fnt\n|faint|p2b: Haxorus\n|move|p2a: Boyt 2|Quiver Dance|p2a: Boyt 2\n|-boost|p2a: Boyt 2|spa|1\n|-boost|p2a: Boyt 2|spd|1\n|-boost|p2a: Boyt 2|spe|1\n|\n|-heal|p2a: Boyt 2|44\/100|[from] item: Leftovers\n|upkeep\n|\n|t:|1682238905\n|switch|p2b: Gallade|Gallade, L50, M|100\/100\n|switch|p1b: Kingambit|Kingambit, L50, F|100\/100\n|turn|4\n|\n|t:|1682238913\n|move|p1b: Kingambit|Sucker Punch|p2a: Boyt 2\n|-damage|p2a: Boyt 2|5\/100\n|-status|p1b: Kingambit|brn|[from] ability: Flame Body|[of] p2a: Boyt 2\n|-enditem|p1b: Kingambit|Lum Berry|[eat]\n|-curestatus|p1b: Kingambit|brn|[msg]\n|move|p2b: Gallade|Sacred Sword|p1b: Kingambit\n|-supereffective|p1b: Kingambit\n|-damage|p1b: Kingambit|0 fnt\n|faint|p1b: Kingambit\n|move|p2a: Boyt 2|Heat Wave|p1a: Chi-Yu\n|-resisted|p1a: Chi-Yu\n|-end|p1a: Chi-Yu|Substitute\n|move|p1a: Chi-Yu|Heat Wave|p2a: Boyt 2|[spread] p2a,p2b\n|-damage|p2a: Boyt 2|0 fnt\n|-damage|p2b: Gallade|14\/100\n|faint|p2a: Boyt 2\n|\n|upkeep\n|turn|5\n|\n|t:|1682238932\n|move|p1a: Chi-Yu|Protect|p1a: Chi-Yu\n|-singleturn|p1a: Chi-Yu|Protect\n|move|p2b: Gallade|Sacred Sword|p1a: Chi-Yu\n|-activate|p1a: Chi-Yu|move: Protect\n|\n|upkeep\n|turn|6\n|\n|t:|1682238940\n|move|p2b: Gallade|Sacred Sword|p1a: Chi-Yu\n|-damage|p1a: Chi-Yu|0 fnt\n|faint|p1a: Chi-Yu\n|\n|win|HayPrime\n|raw|Arcacagne's rating: 1150 → 1128<\/strong> (-22 for losing)\n|raw|HayPrime's rating: 1198 → 1220<\/strong> (+22 for winning)\n|l|\u2606Arcacagne\n","uploadtime":1682238962,"views":18,"p1id":"arcacagne","p2id":"hayprime","formatid":"gen9vgc2023regulationc","rating":1128,"private":0,"password":""}