{"id":"gen9vgc2023regulationc-1864171860","p1":"whorubuthi","p2":"Myshirtisdirty","format":"[Gen 9] VGC 2023 Regulation C","log":"|j|\u2606whorubuthi\n|j|\u2606Myshirtisdirty\n|t:|1684129620\n|gametype|doubles\n|player|p1|whorubuthi|169|\n|player|p2|Myshirtisdirty|101|\n|teamsize|p1|6\n|teamsize|p2|6\n|gen|9\n|tier|[Gen 9] VGC 2023 Regulation C\n|rule|Species Clause: Limit one of each Pok\u00e9mon\n|rule|Item Clause: Limit one of each item\n|clearpoke\n|poke|p1|Gothitelle, L50, F|\n|poke|p1|Iron Hands, L50|\n|poke|p1|Flutter Mane, L50|\n|poke|p1|Chien-Pao, L50|\n|poke|p1|Palafin, L50, F|\n|poke|p1|Amoonguss, L50, M|\n|poke|p2|Dragapult, L50, M|\n|poke|p2|Gyarados, L50, M|\n|poke|p2|Flutter Mane, L50|\n|poke|p2|Iron Bundle, L50|\n|poke|p2|Abomasnow, L50, M|\n|poke|p2|Volcarona, L50, M|\n|teampreview|4\nwhorubuthi has agreed to open team sheets.\nMyshirtisdirty has agreed to open team sheets.\n|c|\u2606whorubuthi|ots ?\n|c|\u2606whorubuthi|ok\n|c|\u2606whorubuthi|glhf\n|c|\u2606Myshirtisdirty|yes\n|\n|t:|1684129685\n|start\n|switch|p1a: Gothitelle|Gothitelle, L50, F|100\/100\n|switch|p1b: Iron Hands|Iron Hands, L50|100\/100\n|switch|p2a: Abomasnow|Abomasnow, L50, M|100\/100\n|switch|p2b: Iron Bundle|Iron Bundle, L50|100\/100\n|-weather|Snow|[from] ability: Snow Warning|[of] p2a: Abomasnow\n|-enditem|p2b: Iron Bundle|Booster Energy\n|-activate|p2b: Iron Bundle|ability: Quark Drive|[fromitem]\n|-start|p2b: Iron Bundle|quarkdrivespe\n|turn|1\n|\n|t:|1684129726\n|-terastallize|p1b: Iron Hands|Fire\n|move|p1a: Gothitelle|Fake Out|p2b: Iron Bundle\n|-damage|p2b: Iron Bundle|96\/100\n|cant|p2b: Iron Bundle|flinch\n|move|p2a: Abomasnow|Blizzard|p1a: Gothitelle|[spread] p1a,p1b\n|-resisted|p1b: Iron Hands\n|-damage|p1a: Gothitelle|75\/100\n|-damage|p1b: Iron Hands|89\/100\n|move|p1b: Iron Hands|Drain Punch|p2b: Iron Bundle\n|-supereffective|p2b: Iron Bundle\n|-damage|p2b: Iron Bundle|27\/100\n|-heal|p1b: Iron Hands|100\/100|[from] drain|[of] p2b: Iron Bundle\n|\n|-weather|Snow|[upkeep]\n|upkeep\n|turn|2\n|\n|t:|1684129754\n|move|p2b: Iron Bundle|Aurora Veil|p2b: Iron Bundle\n|-sidestart|p2: Myshirtisdirty|move: Aurora Veil\n|move|p2a: Abomasnow|Earth Power|p1b: Iron Hands\n|-supereffective|p1b: Iron Hands\n|-damage|p1b: Iron Hands|63\/100\n|move|p1b: Iron Hands|Drain Punch|p2a: Abomasnow\n|-supereffective|p2a: Abomasnow\n|-crit|p2a: Abomasnow\n|-damage|p2a: Abomasnow|12\/100\n|-heal|p1b: Iron Hands|98\/100|[from] drain|[of] p2a: Abomasnow\n|-enditem|p2a: Abomasnow|Sitrus Berry|[eat]\n|-heal|p2a: Abomasnow|37\/100|[from] item: Sitrus Berry\n|move|p1a: Gothitelle|Trick Room|p1a: Gothitelle\n|-fieldstart|move: Trick Room|[of] p1a: Gothitelle\n|\n|-weather|Snow|[upkeep]\n|upkeep\n|turn|3\n|\n|t:|1684129772\n|move|p1b: Iron Hands|Drain Punch|p2a: Abomasnow\n|-supereffective|p2a: Abomasnow\n|-damage|p2a: Abomasnow|0 fnt\n|-heal|p1b: Iron Hands|100\/100|[from] drain|[of] p2a: Abomasnow\n|faint|p2a: Abomasnow\n|move|p1a: Gothitelle|Psychic|p2b: Iron Bundle\n|-damage|p2b: Iron Bundle|0 fnt\n|faint|p2b: Iron Bundle\n|-end|p2b: Iron Bundle|Quark Drive|[silent]\n|\n|-weather|Snow|[upkeep]\n|upkeep\n|c|\u2606whorubuthi|:o\n|\n|t:|1684129784\n|switch|p2a: GoldenEye|Volcarona, L50, M|100\/100\n|switch|p2b: Dragapult|Dragapult, L50, M, shiny|100\/100\n|turn|4\n|\n|t:|1684129834\n|-end|p1b: Iron Hands|Quark Drive|[silent]\n|switch|p1b: Amoonguss|Amoonguss, L50, M|100\/100\n|move|p1a: Gothitelle|Psychic|p2b: Dragapult\n|-damage|p2b: Dragapult|75\/100\n|move|p2a: GoldenEye|Quiver Dance|p2a: GoldenEye\n|-boost|p2a: GoldenEye|spa|1\n|-boost|p2a: GoldenEye|spd|1\n|-boost|p2a: GoldenEye|spe|1\n|move|p2b: Dragapult|Phantom Force||[still]\n|-prepare|p2b: Dragapult|Phantom Force\n|\n|-weather|Snow|[upkeep]\n|upkeep\n|turn|5\n|\n|t:|1684129867\n|-terastallize|p2a: GoldenEye|Grass\n|move|p1b: Amoonguss|Spore|p2a: GoldenEye\n|-immune|p2a: GoldenEye\n|move|p1a: Gothitelle|Psychic|p2a: GoldenEye\n|-damage|p2a: GoldenEye|88\/100\n|move|p2b: Dragapult|Phantom Force|p1a: Gothitelle|[from]lockedmove\n|-supereffective|p1a: Gothitelle\n|-damage|p1a: Gothitelle|0 fnt\n|faint|p1a: Gothitelle\n|move|p2a: GoldenEye|Heat Wave|p1b: Amoonguss\n|-supereffective|p1b: Amoonguss\n|-damage|p1b: Amoonguss|7\/100\n|-enditem|p1b: Amoonguss|Wiki Berry|[eat]\n|-heal|p1b: Amoonguss|40\/100|[from] item: Wiki Berry\n|\n|-weather|none\n|-heal|p2a: GoldenEye|94\/100|[from] item: Leftovers\n|upkeep\n|\n|t:|1684129871\n|switch|p1a: Iron Hands|Iron Hands, L50, tera:Fire|100\/100\n|turn|6\n|\n|t:|1684129924\n|move|p2a: GoldenEye|Protect|p2a: GoldenEye\n|-singleturn|p2a: GoldenEye|Protect\n|move|p1b: Amoonguss|Rage Powder|p1b: Amoonguss\n|-singleturn|p1b: Amoonguss|move: Rage Powder\n|move|p1a: Iron Hands|Swords Dance|p1a: Iron Hands\n|-boost|p1a: Iron Hands|atk|2\n|move|p2b: Dragapult|Phantom Force||[still]\n|-prepare|p2b: Dragapult|Phantom Force\n|\n|-heal|p2a: GoldenEye|99\/100|[from] item: Leftovers\n|-sideend|p2: Myshirtisdirty|move: Aurora Veil\n|-fieldend|move: Trick Room\n|upkeep\n|turn|7\n|\n|t:|1684129947\n|move|p1a: Iron Hands|Protect|p1a: Iron Hands\n|-singleturn|p1a: Iron Hands|Protect\n|move|p2a: GoldenEye|Heat Wave|p1a: Iron Hands|[spread] p1b\n|-activate|p1a: Iron Hands|move: Protect\n|-supereffective|p1b: Amoonguss\n|-damage|p1b: Amoonguss|0 fnt\n|faint|p1b: Amoonguss\n|move|p2b: Dragapult|Phantom Force|p1a: Iron Hands|[from]lockedmove\n|-activate|p1a: Iron Hands|move: Phantom Force|[broken]\n|-damage|p1a: Iron Hands|56\/100\n|\n|-heal|p2a: GoldenEye|100\/100|[from] item: Leftovers\n|upkeep\n|\n|t:|1684129953\n|switch|p1b: Flutter Mane|Flutter Mane, L50|100\/100\n|turn|8\n|\n|t:|1684129974\n|move|p2a: GoldenEye|Heat Wave|p1a: Iron Hands|[spread] p1a,p1b\n|-resisted|p1a: Iron Hands\n|-damage|p1a: Iron Hands|38\/100\n|-damage|p1b: Flutter Mane|45\/100\n|move|p2b: Dragapult|Phantom Force||[still]\n|-prepare|p2b: Dragapult|Phantom Force\n|move|p1b: Flutter Mane|Dazzling Gleam|p2b: Dragapult|[spread] p2a\n|-miss|p1b: Flutter Mane|p2b: Dragapult\n|-damage|p2a: GoldenEye|76\/100\n|-damage|p1b: Flutter Mane|35\/100|[from] item: Life Orb\n|move|p1a: Iron Hands|Drain Punch|p2a: GoldenEye\n|-damage|p2a: GoldenEye|0 fnt\n|-heal|p1a: Iron Hands|67\/100|[from] drain|[of] p2a: GoldenEye\n|faint|p2a: GoldenEye\n|\n|upkeep\n|turn|9\n|\n|t:|1684129992\n|move|p2b: Dragapult|Phantom Force|p1b: Flutter Mane|[from]lockedmove\n|-supereffective|p1b: Flutter Mane\n|-damage|p1b: Flutter Mane|0 fnt\n|faint|p1b: Flutter Mane\n|-end|p1b: Flutter Mane|Protosynthesis|[silent]\n|move|p1a: Iron Hands|Wild Charge|p2b: Dragapult\n|-resisted|p2b: Dragapult\n|-damage|p2b: Dragapult|8\/100\n|-damage|p1a: Iron Hands|56\/100|[from] Recoil\n|\n|upkeep\n|turn|10\n|\n|t:|1684130001\n|move|p2b: Dragapult|Phantom Force||[still]\n|-prepare|p2b: Dragapult|Phantom Force\n|move|p1a: Iron Hands|Wild Charge|p2b: Dragapult|[miss]\n|-miss|p1a: Iron Hands|p2b: Dragapult\n|\n|upkeep\n|turn|11\n|\n|t:|1684130006\n|move|p2b: Dragapult|Phantom Force|p1a: Iron Hands|[from]lockedmove\n|-damage|p1a: Iron Hands|12\/100\n|move|p1a: Iron Hands|Wild Charge|p2b: Dragapult\n|-resisted|p2b: Dragapult\n|-damage|p2b: Dragapult|0 fnt\n|faint|p2b: Dragapult\n|-damage|p1a: Iron Hands|11\/100|[from] Recoil\n|\n|win|whorubuthi\n|l|\u2606Myshirtisdirty\n|c|\u2606whorubuthi|clutch\n|c|\u2606whorubuthi|ggwp\n|l|\u2606whorubuthi\n|j|\u2606whorubuthi\n|player|p1|whorubuthi|169\n","uploadtime":1684130068,"views":5,"p1id":"whorubuthi","p2id":"myshirtisdirty","formatid":"gen9vgc2023regulationc","rating":0,"private":0,"password":""}