{"id":"gen9vgc2023regulationc-1847433503","p1":"ShaytheFair","p2":"LOUNG","format":"[Gen 9] VGC 2023 Regulation C","log":"|j|\u2606ShaytheFair\n|j|\u2606LOUNG\n|t:|1681954557\n|gametype|doubles\n|player|p1|ShaytheFair|veteranf|1130\n|player|p2|LOUNG|n|1098\n|teamsize|p1|6\n|teamsize|p2|6\n|gen|9\n|tier|[Gen 9] VGC 2023 Regulation C\n|rated|\n|rule|Species Clause: Limit one of each Pok\u00e9mon\n|rule|Item Clause: Limit one of each item\n|clearpoke\n|poke|p1|Palafin, L50, F|\n|poke|p1|Flutter Mane, L50|\n|poke|p1|Arcanine, L50, M|\n|poke|p1|Ting-Lu, L50|\n|poke|p1|Amoonguss, L50, M|\n|poke|p1|Kingambit, L50, F|\n|poke|p2|Dragapult, L50, M|\n|poke|p2|Sandy Shocks, L50|\n|poke|p2|Ting-Lu, L50|\n|poke|p2|Arboliva, L50, M|\n|poke|p2|Talonflame, L50, M|\n|poke|p2|Haxorus, L50, M|\n|teampreview|4\nShaytheFair has agreed to open team sheets.\nLOUNG has agreed to open team sheets.\n|\n|t:|1681954581\n|start\n|switch|p1a: Palafin|Palafin, L50, F|100\/100\n|switch|p1b: Flutter Mane|Flutter Mane, L50|100\/100\n|switch|p2a: Ting-Lu|Ting-Lu, L50|100\/100\n|switch|p2b: Sandy Shocks|Sandy Shocks, L50|100\/100\n|-ability|p2a: Ting-Lu|Vessel of Ruin\n|-enditem|p1b: Flutter Mane|Booster Energy\n|-activate|p1b: Flutter Mane|ability: Protosynthesis|[fromitem]\n|-start|p1b: Flutter Mane|protosynthesisspa\n|turn|1\n|\n|t:|1681954622\n|detailschange|p1a: Palafin|Palafin-Hero, L50, F\n|switch|p1a: Amoonguss|Amoonguss, L50, M|100\/100\n|-terastallize|p2a: Ting-Lu|Grass\n|move|p1b: Flutter Mane|Dazzling Gleam|p2a: Ting-Lu|[spread] p2a,p2b\n|-damage|p2a: Ting-Lu|89\/100\n|-damage|p2b: Sandy Shocks|61\/100\n|move|p2b: Sandy Shocks|Gravity|p2b: Sandy Shocks\n|-fieldstart|move: Gravity\n|move|p2a: Ting-Lu|Snarl|p1a: Amoonguss|[spread] p1a,p1b\n|-crit|p1b: Flutter Mane\n|-damage|p1a: Amoonguss|93\/100\n|-damage|p1b: Flutter Mane|87\/100\n|-unboost|p1a: Amoonguss|spa|1\n|-unboost|p1b: Flutter Mane|spa|1\n|\n|upkeep\n|turn|2\n|\n|t:|1681954657\n|move|p1a: Amoonguss|Rage Powder|p1a: Amoonguss\n|-singleturn|p1a: Amoonguss|move: Rage Powder\n|move|p1b: Flutter Mane|Shadow Ball|p2b: Sandy Shocks\n|-damage|p2b: Sandy Shocks|26\/100\n|move|p2b: Sandy Shocks|Earth Power|p1a: Amoonguss\n|-damage|p1a: Amoonguss|62\/100\n|move|p2a: Ting-Lu|Fissure|p1a: Amoonguss|[miss]\n|-miss|p2a: Ting-Lu|p1a: Amoonguss\n|\n|upkeep\n|turn|3\n|\n|t:|1681954697\n|-terastallize|p1b: Flutter Mane|Fairy\n|move|p2b: Sandy Shocks|Protect|p2b: Sandy Shocks\n|-singleturn|p2b: Sandy Shocks|Protect\n|move|p1a: Amoonguss|Rage Powder|p1a: Amoonguss\n|-singleturn|p1a: Amoonguss|move: Rage Powder\n|move|p1b: Flutter Mane|Dazzling Gleam|p2a: Ting-Lu|[spread] p2a\n|-activate|p2b: Sandy Shocks|move: Protect\n|-damage|p2a: Ting-Lu|78\/100\n|move|p2a: Ting-Lu|Fissure|p1a: Amoonguss\n|-damage|p1a: Amoonguss|0 fnt\n|faint|p1a: Amoonguss\n|-ohko\n|\n|upkeep\n|\n|t:|1681954709\n|switch|p1a: Palafin|Palafin-Hero, L50, F|100\/100\n|-activate|p1a: Palafin|ability: Zero to Hero\n|turn|4\n|\n|t:|1681954732\n|move|p1b: Flutter Mane|Dazzling Gleam|p2a: Ting-Lu|[spread] p2a,p2b\n|-damage|p2a: Ting-Lu|68\/100\n|-damage|p2b: Sandy Shocks|0 fnt\n|faint|p2b: Sandy Shocks\n|-end|p2b: Sandy Shocks|Protosynthesis|[silent]\n|move|p1a: Palafin|Wave Crash|p2a: Ting-Lu\n|-resisted|p2a: Ting-Lu\n|-damage|p2a: Ting-Lu|41\/100\n|-damage|p1a: Palafin|89\/100|[from] Recoil\n|move|p2a: Ting-Lu|Fissure|p1a: Palafin|[miss]\n|-miss|p2a: Ting-Lu|p1a: Palafin\n|\n|upkeep\n|\n|t:|1681954751\n|switch|p2b: Haxorus|Haxorus, L50, M, shiny|100\/100\n|-ability|p2b: Haxorus|Mold Breaker\n|turn|5\n|\n|t:|1681954767\n|move|p2b: Haxorus|First Impression|p1b: Flutter Mane\n|-resisted|p1b: Flutter Mane\n|-damage|p1b: Flutter Mane|55\/100\n|move|p1a: Palafin|Jet Punch|p2b: Haxorus\n|-resisted|p2b: Haxorus\n|-damage|p2b: Haxorus|72\/100\n|move|p1b: Flutter Mane|Dazzling Gleam|p2b: Haxorus|[spread] p2a,p2b\n|-supereffective|p2b: Haxorus\n|-damage|p2a: Ting-Lu|31\/100\n|-damage|p2b: Haxorus|0 fnt\n|faint|p2b: Haxorus\n|move|p2a: Ting-Lu|Fissure|p1a: Palafin|[miss]\n|-miss|p2a: Ting-Lu|p1a: Palafin\n|\n|-fieldend|move: Gravity\n|upkeep\n|\n|t:|1681954778\n|switch|p2b: Dragapult|Dragapult, L50, M, shiny|100\/100\n|turn|6\n|\n|t:|1681954792\n|move|p1a: Palafin|Protect|p1a: Palafin\n|-singleturn|p1a: Palafin|Protect\n|move|p2b: Dragapult|Phantom Force||[still]\n|-prepare|p2b: Dragapult|Phantom Force\n|move|p1b: Flutter Mane|Dazzling Gleam|p2b: Dragapult|[spread] p2a\n|-miss|p1b: Flutter Mane|p2b: Dragapult\n|-damage|p2a: Ting-Lu|19\/100\n|move|p2a: Ting-Lu|Fissure|p1b: Flutter Mane\n|-damage|p1b: Flutter Mane|0 fnt\n|faint|p1b: Flutter Mane\n|-end|p1b: Flutter Mane|Protosynthesis|[silent]\n|-ohko\n|\n|upkeep\n|\n|t:|1681954803\n|switch|p1b: Arcanine|Arcanine, L50, M|100\/100\n|-ability|p1b: Arcanine|Intimidate|boost\n|-unboost|p2a: Ting-Lu|atk|1\n|-fail|p2b: Dragapult|unboost|[from] ability: Clear Body|[of] p2b: Dragapult\n|turn|7\n|\n|t:|1681954839\n|move|p1a: Palafin|Jet Punch|p2a: Ting-Lu\n|-resisted|p2a: Ting-Lu\n|-damage|p2a: Ting-Lu|5\/100\n|move|p2b: Dragapult|Phantom Force|p1a: Palafin|[from]lockedmove\n|-damage|p1a: Palafin|34\/100\n|move|p1b: Arcanine|Will-O-Wisp|p2b: Dragapult\n|-status|p2b: Dragapult|brn\n|move|p2a: Ting-Lu|Fissure|p1b: Arcanine|[miss]\n|-miss|p2a: Ting-Lu|p1b: Arcanine\n|\n|-damage|p2b: Dragapult|94\/100 brn|[from] brn\n|upkeep\n|turn|8\n|\n|t:|1681954859\n|move|p2b: Dragapult|Phantom Force||[still]\n|-prepare|p2b: Dragapult|Phantom Force\n|move|p1b: Arcanine|Flare Blitz|p2a: Ting-Lu\n|-supereffective|p2a: Ting-Lu\n|-damage|p2a: Ting-Lu|0 fnt\n|faint|p2a: Ting-Lu\n|-damage|p1b: Arcanine|98\/100|[from] Recoil\n|move|p1a: Palafin|Wave Crash|p2b: Dragapult|[miss]\n|-miss|p1a: Palafin|p2b: Dragapult\n|\n|-damage|p2b: Dragapult|88\/100 brn|[from] brn\n|upkeep\n|turn|9\n|\n|t:|1681954883\n|move|p2b: Dragapult|Phantom Force|p1a: Palafin|[from]lockedmove\n|-damage|p1a: Palafin|4\/100\n|move|p1b: Arcanine|Flare Blitz|p2b: Dragapult\n|-resisted|p2b: Dragapult\n|-damage|p2b: Dragapult|48\/100 brn\n|-damage|p1b: Arcanine|88\/100|[from] Recoil\n|move|p1a: Palafin|Wave Crash|p2b: Dragapult\n|-resisted|p2b: Dragapult\n|-damage|p2b: Dragapult|0 fnt\n|faint|p2b: Dragapult\n|-damage|p1a: Palafin|0 fnt|[from] Recoil\n|faint|p1a: Palafin\n|\n|win|ShaytheFair\n|raw|ShaytheFair's rating: 1130 → 1153<\/strong> (+23 for winning)\n|raw|LOUNG's rating: 1098 → 1076<\/strong> (-22 for losing)\n|l|\u2606LOUNG\n","uploadtime":1681954899,"views":11,"p1id":"shaythefair","p2id":"loung","formatid":"gen9vgc2023regulationc","rating":1076,"private":0,"password":""}