{"id":"gen9vgc2023regulationc-1856363081","p1":"Heaven64","p2":"PurpleStyle","format":"[Gen 9] VGC 2023 Regulation C","log":"|j|\u2606Heaven64\n|j|\u2606PurpleStyle\n|t:|1683054310\n|gametype|doubles\n|player|p1|Heaven64|dawn|\n|player|p2|PurpleStyle|pokefan|\n|teamsize|p1|6\n|teamsize|p2|6\n|gen|9\n|tier|[Gen 9] VGC 2023 Regulation C\n|rule|Species Clause: Limit one of each Pok\u00e9mon\n|rule|Item Clause: Limit one of each item\n|clearpoke\n|poke|p1|Klefki, L50, F|\n|poke|p1|Iron Thorns, L50|\n|poke|p1|Pelipper, L50, F|\n|poke|p1|Pincurchin, L50, M|\n|poke|p1|Rotom, L50|\n|poke|p1|Floatzel, L50, F|\n|poke|p2|Chien-Pao, L50|\n|poke|p2|Kilowattrel, L50, F|\n|poke|p2|Slowbro, L50, F|\n|poke|p2|Haxorus, L50, F|\n|poke|p2|Arcanine, L50, F|\n|poke|p2|Donphan, L50, F|\n|teampreview|4\nPurpleStyle rejected open team sheets.\n|c|\u2606PurpleStyle|g2\n|\n|t:|1683054759\n|start\n|switch|p1a: Umbrella|Pelipper, L50, F|100\/100\n|switch|p1b: Rhine|Floatzel, L50, F|100\/100\n|switch|p2a: Slowbro|Slowbro, L50, F|100\/100\n|switch|p2b: Arcanine|Arcanine, L50, F|100\/100\n|-weather|RainDance|[from] ability: Drizzle|[of] p1a: Umbrella\n|-ability|p2b: Arcanine|Intimidate|boost\n|-unboost|p1a: Umbrella|atk|1\n|-unboost|p1b: Rhine|atk|1\n|turn|1\n|\n|t:|1683054797\n|switch|p1b: Dexter|Pincurchin, L50, M|100\/100\n|-fieldstart|move: Electric Terrain|[from] ability: Electric Surge|[of] p1b: Dexter\n|move|p1a: Umbrella|Hydro Pump|p2b: Arcanine\n|-supereffective|p2b: Arcanine\n|-damage|p2b: Arcanine|0 fnt\n|faint|p2b: Arcanine\n|move|p2a: Slowbro|Calm Mind|p2a: Slowbro\n|-boost|p2a: Slowbro|spa|1\n|-boost|p2a: Slowbro|spd|1\n|\n|-weather|RainDance|[upkeep]\n|upkeep\n|c|\u2606PurpleStyle|i forgot to update a couple of my Teras lol, I was a little too rushed\n|\n|t:|1683054808\n|switch|p2b: Haxorus|Haxorus, L50, F|100\/100\n|-ability|p2b: Haxorus|Mold Breaker\n|turn|2\n|\n|t:|1683054827\n|move|p2a: Slowbro|Protect|p2a: Slowbro\n|-singleturn|p2a: Slowbro|Protect\n|move|p1b: Dexter|Protect|p1b: Dexter\n|-singleturn|p1b: Dexter|Protect\n|move|p1a: Umbrella|Hydro Pump|p2b: Haxorus|[miss]\n|-miss|p1a: Umbrella|p2b: Haxorus\n|move|p2b: Haxorus|Rock Slide|p1a: Umbrella|[spread] p1a\n|-activate|p1b: Dexter|move: Protect\n|-supereffective|p1a: Umbrella\n|-damage|p1a: Umbrella|21\/100\n|\n|-weather|RainDance|[upkeep]\n|upkeep\n|turn|3\n|\n|t:|1683054867\n|move|p1b: Dexter|Sucker Punch|p2a: Slowbro\n|-supereffective|p2a: Slowbro\n|-damage|p2a: Slowbro|71\/100\n|move|p1a: Umbrella|Hydro Pump|p2b: Haxorus\n|-resisted|p2b: Haxorus\n|-damage|p2b: Haxorus|53\/100\n|move|p2b: Haxorus|Rock Slide|p1b: Dexter|[spread] p1a,p1b\n|-supereffective|p1a: Umbrella\n|-crit|p1b: Dexter\n|-damage|p1a: Umbrella|0 fnt\n|-damage|p1b: Dexter|42\/100\n|faint|p1a: Umbrella\n|move|p2a: Slowbro|Hydro Pump|p1b: Dexter\n|-damage|p1b: Dexter|0 fnt\n|faint|p1b: Dexter\n|\n|-weather|RainDance|[upkeep]\n|-heal|p2a: Slowbro|77\/100|[from] item: Leftovers\n|upkeep\n|\n|t:|1683054879\n|switch|p1a: Rhine|Floatzel, L50, F|100\/100\n|switch|p1b: Shinra|Iron Thorns, L50|100\/100\n|-activate|p1b: Shinra|ability: Quark Drive\n|-start|p1b: Shinra|quarkdriveatk\n|turn|4\n|\n|t:|1683054904\n|-terastallize|p1b: Shinra|Water\n|move|p2a: Slowbro|Protect|p2a: Slowbro\n|-singleturn|p2a: Slowbro|Protect\n|move|p1a: Rhine|Ice Punch|p2b: Haxorus\n|-supereffective|p2b: Haxorus\n|-damage|p2b: Haxorus|0 fnt\n|faint|p2b: Haxorus\n|move|p1b: Shinra|Rock Slide|p2a: Slowbro\n|-activate|p2a: Slowbro|move: Protect\n|\n|-weather|RainDance|[upkeep]\n|-heal|p2a: Slowbro|83\/100|[from] item: Leftovers\n|upkeep\n|\n|t:|1683054912\n|switch|p2b: Kilowattrel|Kilowattrel, L50, F|100\/100\n|turn|5\n|\n|t:|1683054931\n|move|p2b: Kilowattrel|Protect|p2b: Kilowattrel\n|-singleturn|p2b: Kilowattrel|Protect\n|move|p1a: Rhine|Wave Crash|p2b: Kilowattrel\n|-activate|p2b: Kilowattrel|move: Protect\n|move|p1b: Shinra|Rock Slide|p2b: Kilowattrel|[spread] \n|-activate|p2b: Kilowattrel|move: Protect\n|-miss|p1b: Shinra|p2a: Slowbro\n|move|p2a: Slowbro|Hydro Pump|p1b: Shinra\n|-resisted|p1b: Shinra\n|-damage|p1b: Shinra|60\/100\n|\n|-weather|none\n|-heal|p2a: Slowbro|89\/100|[from] item: Leftovers\n|-fieldend|move: Electric Terrain\n|-end|p1b: Shinra|Quark Drive\n|upkeep\n|turn|6\n|\n|t:|1683054957\n|-terastallize|p2b: Kilowattrel|Electric\n|move|p2a: Slowbro|Protect|p2a: Slowbro\n|-singleturn|p2a: Slowbro|Protect\n|move|p2b: Kilowattrel|Discharge|p1a: Rhine|[spread] p1a,p1b\n|-activate|p2a: Slowbro|move: Protect\n|-supereffective|p1a: Rhine\n|-supereffective|p1b: Shinra\n|-damage|p1a: Rhine|0 fnt\n|-damage|p1b: Shinra|0 fnt\n|faint|p1a: Rhine\n|faint|p1b: Shinra\n|-end|p1b: Shinra|Quark Drive|[silent]\n|-damage|p2b: Kilowattrel|91\/100|[from] item: Life Orb\n|\n|win|PurpleStyle\n|c|\u2606Heaven64|GG\n|c|\u2606PurpleStyle|gg\n","uploadtime":1683054970,"views":11,"p1id":"heaven64","p2id":"purplestyle","formatid":"gen9vgc2023regulationc","rating":0,"private":0,"password":""}