{"id":"gen9vgc2023regulationc-1855219867","p1":"KingPanTheMan","p2":"HDVision","format":"[Gen 9] VGC 2023 Regulation C","log":"|j|\u2606KingPanTheMan\n|j|\u2606HDVision\n|t:|1682917210\n|gametype|doubles\n|player|p1|KingPanTheMan|scientist|\n|player|p2|HDVision|blue-masters|\n|teamsize|p1|6\n|teamsize|p2|6\n|gen|9\n|tier|[Gen 9] VGC 2023 Regulation C\n|rated|Tournament battle\n|rule|Species Clause: Limit one of each Pok\u00e9mon\n|rule|Item Clause: Limit one of each item\n|clearpoke\n|poke|p1|Goodra, L50, F|\n|poke|p1|Forretress, L50, M|\n|poke|p1|Farigiraf, L50, M|\n|poke|p1|Meowscarada, L50, F|\n|poke|p1|Dondozo, L50, M|\n|poke|p1|Flutter Mane, L50|\n|poke|p2|Flutter Mane, L50|\n|poke|p2|Chi-Yu, L50|\n|poke|p2|Iron Hands, L50|\n|poke|p2|Amoonguss, L50, M|\n|poke|p2|Gyarados, L50, M|\n|poke|p2|Kingambit, L50, F|\n|teampreview|4\n|raw| Open Team Sheet for KingPanTheMan<\/summary>Goodra @ Choice Specs Ability: Sap Sipper Level: 50 Shiny: Yes Tera Type: Steel - Draco Meteor - Flamethrower - Thunderbolt - Ice Beam Forretress @ Loaded Dice Ability: Overcoat Level: 50 Tera Type: Water - Ice Spinner - Gyro Ball - Rock Slide - Pin Missile Farigiraf @ Sitrus Berry Ability: Armor Tail Level: 50 Tera Type: Fairy - Trick Room - Dazzling Gleam - Hyper Voice - Ally Switch Meowscarada @ Focus Sash Ability: Overgrow Level: 50 Tera Type: Grass - Flower Trick - Knock Off - Sucker Punch - Protect Dondozo @ Assault Vest Ability: Unaware Level: 50 Shiny: Yes Tera Type: Fire - Wave Crash - Rock Slide - Order Up - Tera Blast Flutter Mane @ Booster Energy Ability: Protosynthesis Level: 50 Tera Type: Ghost - Trick Room - Shadow Ball - Moonblast - Protect <\/details><\/div> Open Team Sheet for HDVision<\/summary>Flutter Mane @ Booster Energy Ability: Protosynthesis Level: 50 Tera Type: Fairy - Protect - Moonblast - Shadow Ball - Icy Wind Chi-Yu @ Focus Sash Ability: Beads of Ruin Level: 50 Tera Type: Fire - Protect - Dark Pulse - Heat Wave - Nasty Plot Iron Hands @ Assault Vest Ability: Quark Drive Level: 50 Tera Type: Grass - Wild Charge - Drain Punch - Fake Out - Volt Switch Amoonguss @ Sitrus Berry Ability: Regenerator Level: 50 Tera Type: Water - Clear Smog - Pollen Puff - Spore - Rage Powder Gyarados @ Safety Goggles Ability: Intimidate Level: 50 Tera Type: Fire - Protect - Waterfall - Taunt - Thunder Wave Kingambit @ Lum Berry Ability: Defiant Level: 50 Tera Type: Dark - Protect - Kowtow Cleave - Swords Dance - Sucker Punch <\/details><\/div>\n|inactive|Battle timer is ON: inactive players will automatically lose when time's up. (requested by HDVision)\n|c|\u2606HDVision|hf\n|inactive|KingPanTheMan has 60 seconds left.\n|inactive|HDVision has 60 seconds left.\n|\n|t:|1682917251\n|start\n|switch|p1a: Flutter Mane|Flutter Mane, L50|100\/100\n|switch|p1b: Goodra|Goodra, L50, F, shiny|100\/100\n|switch|p2a: Iron Hands|Iron Hands, L50|100\/100\n|switch|p2b: Amoonguss|Amoonguss, L50, M|100\/100\n|-enditem|p1a: Flutter Mane|Booster Energy\n|-activate|p1a: Flutter Mane|ability: Protosynthesis|[fromitem]\n|-start|p1a: Flutter Mane|protosynthesisspa\n|turn|1\n|\n|t:|1682917269\n|move|p1a: Flutter Mane|Protect|p1a: Flutter Mane\n|-singleturn|p1a: Flutter Mane|Protect\n|move|p2a: Iron Hands|Fake Out|p1b: Goodra\n|-damage|p1b: Goodra|87\/100\n|cant|p1b: Goodra|flinch\n|move|p2b: Amoonguss|Spore|p1a: Flutter Mane\n|-activate|p1a: Flutter Mane|move: Protect\n|\n|upkeep\n|turn|2\n|inactive|KingPanTheMan has 30 seconds left.\n|\n|t:|1682917294\n|move|p1a: Flutter Mane|Moonblast|p2a: Iron Hands\n|-supereffective|p2a: Iron Hands\n|-damage|p2a: Iron Hands|46\/100\n|move|p1b: Goodra|Ice Beam|p2b: Amoonguss\n|-supereffective|p2b: Amoonguss\n|-damage|p2b: Amoonguss|26\/100\n|-status|p2b: Amoonguss|frz\n|-enditem|p2b: Amoonguss|Sitrus Berry|[eat]\n|-heal|p2b: Amoonguss|51\/100 frz|[from] item: Sitrus Berry\n|move|p2a: Iron Hands|Wild Charge|p1a: Flutter Mane\n|-damage|p1a: Flutter Mane|43\/100\n|-damage|p2a: Iron Hands|36\/100|[from] Recoil\n|-curestatus|p2b: Amoonguss|frz|[msg]\n|move|p2b: Amoonguss|Spore|p1a: Flutter Mane\n|-status|p1a: Flutter Mane|slp|[from] move: Spore\n|\n|upkeep\n|turn|3\n|\n|t:|1682917309\n|switch|p2b: Kingambit|Kingambit, L50, F|100\/100\n|cant|p1a: Flutter Mane|slp\n|move|p1b: Goodra|Ice Beam|p2b: Kingambit\n|-resisted|p2b: Kingambit\n|-damage|p2b: Kingambit|81\/100\n|-status|p2b: Kingambit|frz\n|-enditem|p2b: Kingambit|Lum Berry|[eat]\n|-curestatus|p2b: Kingambit|frz|[msg]\n|move|p2a: Iron Hands|Drain Punch|p1b: Goodra\n|-damage|p1b: Goodra|50\/100\n|-heal|p2a: Iron Hands|49\/100|[from] drain|[of] p1b: Goodra\n|\n|upkeep\n|turn|4\n|\n|t:|1682917319\n|switch|p1b: Dondozo|Dondozo, L50, M, shiny|100\/100\n|move|p2b: Kingambit|Sucker Punch|p1a: Flutter Mane\n|-damage|p1a: Flutter Mane|0 fnt\n|faint|p1a: Flutter Mane\n|-end|p1a: Flutter Mane|Protosynthesis|[silent]\n|move|p2a: Iron Hands|Drain Punch|p1b: Dondozo\n|-damage|p1b: Dondozo|76\/100\n|-heal|p2a: Iron Hands|62\/100|[from] drain|[of] p1b: Dondozo\n|\n|upkeep\n|\n|t:|1682917327\n|switch|p1a: Meowscarada|Meowscarada, L50, F|100\/100\n|turn|5\n|inactive|KingPanTheMan has 30 seconds left.\n|\n|t:|1682917357\n|move|p1a: Meowscarada|Flower Trick|p2a: Iron Hands\n|-crit|p2a: Iron Hands\n|-damage|p2a: Iron Hands|26\/100\n|move|p2a: Iron Hands|Drain Punch|p1a: Meowscarada\n|-supereffective|p1a: Meowscarada\n|-enditem|p1a: Meowscarada|Focus Sash\n|-damage|p1a: Meowscarada|1\/100\n|-heal|p2a: Iron Hands|57\/100|[from] drain|[of] p1a: Meowscarada\n|move|p2b: Kingambit|Kowtow Cleave|p1b: Dondozo\n|-damage|p1b: Dondozo|48\/100\n|move|p1b: Dondozo|Wave Crash|p2b: Kingambit\n|-damage|p2b: Kingambit|36\/100\n|-damage|p1b: Dondozo|36\/100|[from] Recoil\n|\n|upkeep\n|turn|6\n|\n|t:|1682917377\n|move|p1a: Meowscarada|Protect|p1a: Meowscarada\n|-singleturn|p1a: Meowscarada|Protect\n|move|p2b: Kingambit|Sucker Punch||[still]\n|-fail|p2b: Kingambit\n|move|p2a: Iron Hands|Wild Charge|p1b: Dondozo\n|-supereffective|p1b: Dondozo\n|-damage|p1b: Dondozo|0 fnt\n|faint|p1b: Dondozo\n|-damage|p2a: Iron Hands|47\/100|[from] Recoil\n|\n|upkeep\n|\n|t:|1682917384\n|switch|p1b: Goodra|Goodra, L50, F, shiny|50\/100\n|turn|7\n|\n|t:|1682917399\n|move|p1a: Meowscarada|Protect||[still]\n|-fail|p1a: Meowscarada\n|move|p2b: Kingambit|Protect|p2b: Kingambit\n|-singleturn|p2b: Kingambit|Protect\n|move|p1b: Goodra|Ice Beam|p2a: Iron Hands\n|-damage|p2a: Iron Hands|27\/100\n|move|p2a: Iron Hands|Drain Punch|p1b: Goodra\n|-damage|p1b: Goodra|11\/100\n|-heal|p2a: Iron Hands|40\/100|[from] drain|[of] p1b: Goodra\n|\n|upkeep\n|turn|8\n|\n|t:|1682917419\n|move|p2b: Kingambit|Sucker Punch|p1b: Goodra\n|-damage|p1b: Goodra|0 fnt\n|faint|p1b: Goodra\n|move|p1a: Meowscarada|Flower Trick|p2b: Kingambit\n|-resisted|p2b: Kingambit\n|-crit|p2b: Kingambit\n|-damage|p2b: Kingambit|6\/100\n|move|p2a: Iron Hands|Drain Punch|p1a: Meowscarada\n|-supereffective|p1a: Meowscarada\n|-damage|p1a: Meowscarada|0 fnt\n|-heal|p2a: Iron Hands|40\/100|[from] drain|[of] p1a: Meowscarada\n|faint|p1a: Meowscarada\n|\n|win|HDVision\n|n|\u2606KingPanTheMan|kingpantheman\n|n|\u2606HDVision|hdvision\n|c|\u2606KingPanTheMan|gg\n|c|\u2606HDVision|gg\n|l|\u2606KingPanTheMan\n|j| omgitsquon\n|l| omgitsquon\n","uploadtime":1682918449,"views":17,"p1id":"kingpantheman","p2id":"hdvision","formatid":"gen9vgc2023regulationc","rating":0,"private":0,"password":""}