{"id":"gen9vgc2023regulationc-1850777997","p1":"temerence","p2":"Vast Universe","format":"[Gen 9] VGC 2023 Regulation C","log":"|j|\u2606temerence\n|j|\u2606Vast Universe\n|t:|1682366939\n|gametype|doubles\n|player|p1|temerence|hilbert|1143\n|player|p2|Vast Universe|101|1076\n|teamsize|p1|6\n|teamsize|p2|6\n|gen|9\n|tier|[Gen 9] VGC 2023 Regulation C\n|rated|\n|rule|Species Clause: Limit one of each Pok\u00e9mon\n|rule|Item Clause: Limit one of each item\n|clearpoke\n|poke|p1|Flutter Mane, L50|\n|poke|p1|Amoonguss, L50, M|\n|poke|p1|Palafin, L50, F|\n|poke|p1|Chien-Pao, L50|\n|poke|p1|Arcanine, L50, F|\n|poke|p1|Dragapult, L50, M|\n|poke|p2|Tinkaton, L50, F|\n|poke|p2|Ting-Lu, L50|\n|poke|p2|Tauros-Paldea-Blaze, L50, M|\n|poke|p2|Meowscarada, L50, M|\n|poke|p2|Rotom-Wash, L50|\n|poke|p2|Brute Bonnet, L50|\n|teampreview|4\n|inactive|Battle timer is ON: inactive players will automatically lose when time's up. (requested by Vast Universe)\n|inactive|temerence has 60 seconds left.\n|inactive|Vast Universe has 60 seconds left.\n|\n|t:|1682366986\n|start\n|switch|p1a: Amoonguss|Amoonguss, L50, M|100\/100\n|switch|p1b: Palafin|Palafin, L50, F|100\/100\n|switch|p2a: Tinkaton|Tinkaton, L50, F|100\/100\n|switch|p2b: Rotom|Rotom-Wash, L50|100\/100\n|turn|1\n|\n|t:|1682367001\n|detailschange|p1b: Palafin|Palafin-Hero, L50, F\n|switch|p1b: Chien-Pao|Chien-Pao, L50|100\/100\n|-ability|p1b: Chien-Pao|Sword of Ruin\n|move|p2a: Tinkaton|Fake Out|p1a: Amoonguss\n|-damage|p1a: Amoonguss|88\/100\n|cant|p1a: Amoonguss|flinch\n|move|p2b: Rotom|Volt Switch|p1b: Chien-Pao\n|-damage|p1b: Chien-Pao|46\/100\n|\n|t:|1682367014\n|switch|p2b: Tauros|Tauros-Paldea-Blaze, L50, M|100\/100|[from] Volt Switch\n|-ability|p2b: Tauros|Intimidate|boost\n|-unboost|p1a: Amoonguss|atk|1\n|-unboost|p1b: Chien-Pao|atk|1\n|\n|upkeep\n|turn|2\n|inactive|temerence has 30 seconds left.\n|\n|t:|1682367039\n|move|p1b: Chien-Pao|Sucker Punch|p2b: Tauros\n|-resisted|p2b: Tauros\n|-damage|p2b: Tauros|83\/100\n|move|p2b: Tauros|Raging Bull|p1a: Amoonguss\n|-supereffective|p1a: Amoonguss\n|-damage|p1a: Amoonguss|0 fnt\n|faint|p1a: Amoonguss\n|move|p2a: Tinkaton|Gigaton Hammer|p1b: Chien-Pao\n|-supereffective|p1b: Chien-Pao\n|-damage|p1b: Chien-Pao|0 fnt\n|faint|p1b: Chien-Pao\n|\n|upkeep\n|\n|t:|1682367052\n|switch|p1b: Palafin|Palafin-Hero, L50, F|100\/100\n|switch|p1a: Arcanine|Arcanine, L50, F|100\/100\n|-activate|p1b: Palafin|ability: Zero to Hero\n|-ability|p1a: Arcanine|Intimidate|boost\n|-fail|p2a: Tinkaton|unboost|Attack|[from] ability: Own Tempo|[of] p2a: Tinkaton\n|-unboost|p2b: Tauros|atk|1\n|turn|3\n|inactive|temerence has 30 seconds left.\n|\n|t:|1682367082\n|switch|p2b: Brute Bonnet|Brute Bonnet, L50|100\/100\n|move|p1b: Palafin|Protect|p1b: Palafin\n|-singleturn|p1b: Palafin|Protect\n|move|p2a: Tinkaton|Protect|p2a: Tinkaton\n|-singleturn|p2a: Tinkaton|Protect\n|move|p1a: Arcanine|Will-O-Wisp|p2a: Tinkaton\n|-activate|p2a: Tinkaton|move: Protect\n|\n|upkeep\n|turn|4\n|inactive|temerence has 30 seconds left.\n|\n|t:|1682367109\n|switch|p2a: Tauros|Tauros-Paldea-Blaze, L50, M|83\/100\n|-ability|p2a: Tauros|Intimidate|boost\n|-unboost|p1a: Arcanine|atk|1\n|-unboost|p1b: Palafin|atk|1\n|-terastallize|p2b: Brute Bonnet|Water\n|move|p1b: Palafin|Jet Punch|p2a: Tauros\n|-supereffective|p2a: Tauros\n|-crit|p2a: Tauros\n|-damage|p2a: Tauros|0 fnt\n|faint|p2a: Tauros\n|move|p1a: Arcanine|Flare Blitz|p2b: Brute Bonnet\n|-resisted|p2b: Brute Bonnet\n|-damage|p2b: Brute Bonnet|92\/100\n|-status|p2b: Brute Bonnet|brn\n|-damage|p1a: Arcanine|84\/100|[from] item: Rocky Helmet|[of] p2b: Brute Bonnet\n|-damage|p1a: Arcanine|81\/100|[from] Recoil\n|move|p2b: Brute Bonnet|Spore|p1b: Palafin\n|-status|p1b: Palafin|slp|[from] move: Spore\n|\n|-damage|p2b: Brute Bonnet|86\/100 brn|[from] brn\n|upkeep\n|\n|t:|1682367130\n|switch|p2a: Rotom|Rotom-Wash, L50|100\/100\n|turn|5\n|inactive|temerence has 30 seconds left.\n|\n|t:|1682367157\n|move|p1a: Arcanine|Protect|p1a: Arcanine\n|-singleturn|p1a: Arcanine|Protect\n|move|p2b: Brute Bonnet|Rage Powder|p2b: Brute Bonnet\n|-singleturn|p2b: Brute Bonnet|move: Rage Powder\n|move|p2a: Rotom|Volt Switch|p1a: Arcanine\n|-activate|p1a: Arcanine|move: Protect\n|cant|p1b: Palafin|slp\n|\n|-damage|p2b: Brute Bonnet|80\/100 brn|[from] brn\n|upkeep\n|turn|6\n|inactive|temerence has 30 seconds left.\n|\n|t:|1682367183\n|move|p1a: Arcanine|Extreme Speed|p2b: Brute Bonnet\n|-damage|p2b: Brute Bonnet|72\/100 brn\n|-damage|p1a: Arcanine|65\/100|[from] item: Rocky Helmet|[of] p2b: Brute Bonnet\n|move|p2b: Brute Bonnet|Rage Powder|p2b: Brute Bonnet\n|-singleturn|p2b: Brute Bonnet|move: Rage Powder\n|move|p2a: Rotom|Volt Switch|p1a: Arcanine\n|-crit|p1a: Arcanine\n|-damage|p1a: Arcanine|26\/100\n|\n|t:|1682367194\n|switch|p2a: Tinkaton|Tinkaton, L50, F|100\/100|[from] Volt Switch\n|-curestatus|p1b: Palafin|slp|[msg]\n|move|p1b: Palafin|Haze|p1b: Palafin\n|-clearallboost\n|\n|-damage|p2b: Brute Bonnet|66\/100 brn|[from] brn\n|upkeep\n|turn|7\n|\n|t:|1682367216\n|-terastallize|p1b: Palafin|Water\n|move|p2a: Tinkaton|Fake Out|p1a: Arcanine\n|-damage|p1a: Arcanine|16\/100\n|cant|p1a: Arcanine|flinch\n|move|p2b: Brute Bonnet|Rage Powder|p2b: Brute Bonnet\n|-singleturn|p2b: Brute Bonnet|move: Rage Powder\n|move|p1b: Palafin|Wave Crash|p2b: Brute Bonnet\n|-resisted|p2b: Brute Bonnet\n|-crit|p2b: Brute Bonnet\n|-damage|p2b: Brute Bonnet|9\/100 brn\n|-damage|p1b: Palafin|84\/100|[from] item: Rocky Helmet|[of] p2b: Brute Bonnet\n|-damage|p1b: Palafin|60\/100|[from] Recoil\n|\n|-damage|p2b: Brute Bonnet|3\/100 brn|[from] brn\n|upkeep\n|turn|8\n|\n|t:|1682367237\n|switch|p2a: Rotom|Rotom-Wash, L50|100\/100\n|move|p1a: Arcanine|Extreme Speed|p2b: Brute Bonnet\n|-damage|p2b: Brute Bonnet|0 fnt\n|-damage|p1a: Arcanine|0 fnt|[from] item: Rocky Helmet|[of] p2b: Brute Bonnet\n|faint|p2b: Brute Bonnet\n|-end|p2b: Brute Bonnet|Protosynthesis|[silent]\n|faint|p1a: Arcanine\n|move|p1b: Palafin|Jet Punch|p2a: Rotom\n|-resisted|p2a: Rotom\n|-damage|p2a: Rotom|60\/100\n|\n|upkeep\n|\n|t:|1682367240\n|switch|p2b: Tinkaton|Tinkaton, L50, F|100\/100\n|turn|9\n|\n|t:|1682367262\n|move|p1b: Palafin|Protect|p1b: Palafin\n|-singleturn|p1b: Palafin|Protect\n|move|p2b: Tinkaton|Fake Out|p1b: Palafin\n|-activate|p1b: Palafin|move: Protect\n|move|p2a: Rotom|Trick|p1b: Palafin\n|-activate|p1b: Palafin|move: Protect\n|\n|upkeep\n|turn|10\n|\n|t:|1682367277\n|move|p1b: Palafin|Jet Punch|p2b: Tinkaton\n|-damage|p2b: Tinkaton|29\/100\n|move|p2b: Tinkaton|Baby-Doll Eyes|p1b: Palafin\n|-unboost|p1b: Palafin|atk|1\n|move|p2a: Rotom|Trick|p1b: Palafin\n|-activate|p2a: Rotom|move: Trick|[of] p1b: Palafin\n|-item|p1b: Palafin|Choice Scarf|[from] move: Trick\n|-item|p2a: Rotom|Mystic Water|[from] move: Trick\n|\n|upkeep\n|turn|11\n|\n|t:|1682367293\n|move|p1b: Palafin|Jet Punch|p2b: Tinkaton\n|-damage|p2b: Tinkaton|0 fnt\n|faint|p2b: Tinkaton\n|move|p2a: Rotom|Volt Switch|p1b: Palafin\n|-supereffective|p1b: Palafin\n|-damage|p1b: Palafin|0 fnt\n|faint|p1b: Palafin\n|\n|win|Vast Universe\n|raw|temerence's rating: 1143 → 1113<\/strong> (-30 for losing)\n|raw|Vast Universe's rating: 1076 → 1110<\/strong> (+34 for winning)\n|c|\u2606temerence|gg\n|l|\u2606Vast Universe\n","uploadtime":1682367308,"views":13,"p1id":"temerence","p2id":"vastuniverse","formatid":"gen9vgc2023regulationc","rating":1110,"private":0,"password":""}