{"id":"gen9vgc2023regulationc-1858109238","p1":"Drlawyer","p2":"huangshunjian","format":"[Gen 9] VGC 2023 Regulation C","log":"|j|\u2606Drlawyer\n|j|\u2606huangshunjian\n|t:|1683277127\n|gametype|doubles\n|player|p1|Drlawyer|hilbert-wonderlauncher|1537\n|player|p2|huangshunjian|2|1482\n|teamsize|p1|6\n|teamsize|p2|6\n|gen|9\n|tier|[Gen 9] VGC 2023 Regulation C\n|rated|\n|rule|Species Clause: Limit one of each Pok\u00e9mon\n|rule|Item Clause: Limit one of each item\n|clearpoke\n|poke|p1|Great Tusk, L50|\n|poke|p1|Talonflame, L50, M|\n|poke|p1|Chi-Yu, L50|\n|poke|p1|Flutter Mane, L50|\n|poke|p1|Kingambit, L50, M|\n|poke|p1|Iron Bundle, L50|\n|poke|p2|Flutter Mane, L50|\n|poke|p2|Baxcalibur, L50, F|\n|poke|p2|Chi-Yu, L50|\n|poke|p2|Gholdengo, L50|\n|poke|p2|Talonflame, L50, M|\n|poke|p2|Great Tusk, L50|\n|teampreview|4\nhuangshunjian rejected open team sheets.\n|inactive|Battle timer is ON: inactive players will automatically lose when time's up. (requested by huangshunjian)\n|\n|t:|1683277162\n|start\n|switch|p1a: General Bird|Talonflame, L50, M, shiny|100\/100\n|switch|p1b: Daddy tusk|Great Tusk, L50, shiny|100\/100\n|switch|p2a: Talonflame|Talonflame, L50, M, shiny|100\/100\n|switch|p2b: Chi-Yu|Chi-Yu, L50|100\/100\n|-ability|p2b: Chi-Yu|Beads of Ruin\n|turn|1\n|\n|t:|1683277181\n|-terastallize|p2b: Chi-Yu|Grass\n|move|p1a: General Bird|Tailwind|p1a: General Bird\n|-sidestart|p1: Drlawyer|move: Tailwind\n|move|p2a: Talonflame|Tailwind|p2a: Talonflame\n|-sidestart|p2: huangshunjian|move: Tailwind\n|move|p1b: Daddy tusk|Rock Slide|p2b: Chi-Yu|[spread] p2a,p2b\n|-supereffective|p2a: Talonflame\n|-damage|p2a: Talonflame|0 fnt\n|-damage|p2b: Chi-Yu|69\/100\n|faint|p2a: Talonflame\n|move|p2b: Chi-Yu|Tera Blast|p1b: Daddy tusk\n|-supereffective|p1b: Daddy tusk\n|-damage|p1b: Daddy tusk|0 fnt\n|faint|p1b: Daddy tusk\n|-end|p1b: Daddy tusk|Protosynthesis|[silent]\n|\n|upkeep\n|\n|t:|1683277192\n|switch|p2a: Great Tusk|Great Tusk, L50, shiny|100\/100\n|switch|p1b: Raven|Flutter Mane, L50, shiny|100\/100\n|turn|2\n|\n|t:|1683277211\n|-terastallize|p1b: Raven|Fairy\n|move|p1a: General Bird|Brave Bird|p2a: Great Tusk\n|-supereffective|p2a: Great Tusk\n|-damage|p2a: Great Tusk|47\/100\n|-damage|p1a: General Bird|81\/100|[from] Recoil\n|move|p2a: Great Tusk|Headlong Rush|p1b: Raven\n|-damage|p1b: Raven|0 fnt\n|-unboost|p2a: Great Tusk|def|1\n|-unboost|p2a: Great Tusk|spd|1\n|faint|p1b: Raven\n|-end|p1b: Raven|Protosynthesis|[silent]\n|move|p2b: Chi-Yu|Dark Pulse|p1a: General Bird\n|-damage|p1a: General Bird|11\/100\n|\n|upkeep\n|\n|t:|1683277217\n|switch|p1b: Tomioka|Iron Bundle, L50, shiny|100\/100\n|-enditem|p1b: Tomioka|Booster Energy\n|-activate|p1b: Tomioka|ability: Quark Drive|[fromitem]\n|-start|p1b: Tomioka|quarkdrivespe\n|turn|3\n|\n|t:|1683277231\n|move|p1b: Tomioka|Icy Wind|p2a: Great Tusk|[spread] p2a,p2b\n|-supereffective|p2a: Great Tusk\n|-supereffective|p2b: Chi-Yu\n|-damage|p2a: Great Tusk|0 fnt\n|-damage|p2b: Chi-Yu|46\/100\n|-unboost|p2b: Chi-Yu|spe|1\n|faint|p2a: Great Tusk\n|-end|p2a: Great Tusk|Protosynthesis|[silent]\n|move|p1a: General Bird|Brave Bird|p2b: Chi-Yu\n|-supereffective|p2b: Chi-Yu\n|-damage|p2b: Chi-Yu|0 fnt\n|faint|p2b: Chi-Yu\n|-damage|p1a: General Bird|0 fnt|[from] Recoil\n|faint|p1a: General Bird\n|\n|upkeep\n|\n|t:|1683277242\n|switch|p2b: Flutter Mane|Flutter Mane, L50|100\/100\n|turn|4\n|\n|t:|1683277246\n|move|p1b: Tomioka|Freeze-Dry|p2b: Flutter Mane\n|-damage|p2b: Flutter Mane|70\/100\n|-status|p2b: Flutter Mane|frz\n|cant|p2b: Flutter Mane|frz\n|\n|-sideend|p2: huangshunjian|move: Tailwind\n|-sideend|p1: Drlawyer|move: Tailwind\n|upkeep\n|turn|5\n|\n|t:|1683277251\n|move|p1b: Tomioka|Hydro Pump|p2b: Flutter Mane\n|-damage|p2b: Flutter Mane|29\/100 frz\n|cant|p2b: Flutter Mane|frz\n|\n|upkeep\n|turn|6\n|\n|t:|1683277257\n|move|p1b: Tomioka|Freeze-Dry|p2b: Flutter Mane\n|-damage|p2b: Flutter Mane|0 fnt\n|faint|p2b: Flutter Mane\n|-end|p2b: Flutter Mane|Protosynthesis|[silent]\n|\n|win|Drlawyer\n|raw|Drlawyer's rating: 1537 → 1554<\/strong> (+17 for winning)\n|raw|huangshunjian's rating: 1482 → 1465<\/strong> (-17 for losing)\n|c|\u2606huangshunjian|lol\n|c|\u2606Drlawyer|Lol\n","uploadtime":1683277266,"views":15,"p1id":"drlawyer","p2id":"huangshunjian","formatid":"gen9vgc2023regulationc","rating":1465,"private":0,"password":""}