{"id":"gen9vgc2023regulationc-1858232555","p1":"LunesMoon","p2":"Dragonite1016","format":"[Gen 9] VGC 2023 Regulation C","log":"|j|\u2606LunesMoon\n|j|\u2606Dragonite1016\n|t:|1683293626\n|gametype|doubles\n|player|p1|LunesMoon|guitarist|1320\n|player|p2|Dragonite1016|1|1409\n|teamsize|p1|6\n|teamsize|p2|6\n|gen|9\n|tier|[Gen 9] VGC 2023 Regulation C\n|rated|\n|rule|Species Clause: Limit one of each Pok\u00e9mon\n|rule|Item Clause: Limit one of each item\n|clearpoke\n|poke|p1|Sylveon, L50, F|\n|poke|p1|Amoonguss, L50, F|\n|poke|p1|Ting-Lu, L50|\n|poke|p1|Annihilape, L50, F|\n|poke|p1|Maushold, L50|\n|poke|p1|Iron Bundle, L50|\n|poke|p2|Orthworm, L50, M|\n|poke|p2|Ting-Lu, L50|\n|poke|p2|Dragonite, L50, M|\n|poke|p2|Vivillon, L50, F|\n|poke|p2|Flutter Mane, L50|\n|poke|p2|Scream Tail, L50|\n|teampreview|4\n|inactive|Battle timer is ON: inactive players will automatically lose when time's up. (requested by LunesMoon)\n|inactive|Dragonite1016 has 60 seconds left.\n|\n|t:|1683293718\n|start\n|switch|p1a: Maushold|Maushold, L50|100\/100\n|switch|p1b: Annihilape|Annihilape, L50, F, shiny|100\/100\n|switch|p2a: Flutter Mane|Flutter Mane, L50|100\/100\n|switch|p2b: Scream Tail|Scream Tail, L50|100\/100\n|-enditem|p2b: Scream Tail|Booster Energy\n|-activate|p2b: Scream Tail|ability: Protosynthesis|[fromitem]\n|-start|p2b: Scream Tail|protosynthesisspe\n|turn|1\n|inactive|LunesMoon has 30 seconds left.\n|\n|t:|1683293752\n|-terastallize|p1b: Annihilape|Fire\n|move|p2b: Scream Tail|Fake Tears|p1a: Maushold\n|-unboost|p1a: Maushold|spd|2\n|move|p2a: Flutter Mane|Moonblast|p1a: Maushold\n|-damage|p1a: Maushold|0 fnt\n|faint|p1a: Maushold\n|move|p1b: Annihilape|Rage Fist|p2a: Flutter Mane\n|-supereffective|p2a: Flutter Mane\n|-damage|p2a: Flutter Mane|7\/100\n|\n|upkeep\n|\n|t:|1683293770\n|switch|p1a: Amoonguss|Amoonguss, L50, F|100\/100\n|turn|2\n|\n|t:|1683293790\n|-end|p2a: Flutter Mane|Protosynthesis|[silent]\n|switch|p2a: Ting-Lu|Ting-Lu, L50|100\/100\n|-ability|p2a: Ting-Lu|Vessel of Ruin\n|move|p2b: Scream Tail|Howl|p2b: Scream Tail|[spread] p2a,p2b\n|-boost|p2a: Ting-Lu|atk|1\n|-boost|p2b: Scream Tail|atk|1\n|move|p1b: Annihilape|Rage Fist|p2b: Scream Tail\n|-supereffective|p2b: Scream Tail\n|-damage|p2b: Scream Tail|64\/100\n|move|p1a: Amoonguss|Spore|p2b: Scream Tail\n|-status|p2b: Scream Tail|slp|[from] move: Spore\n|\n|upkeep\n|turn|3\n|inactive|LunesMoon has 30 seconds left.\n|\n|t:|1683293820\n|move|p1b: Annihilape|Protect|p1b: Annihilape\n|-singleturn|p1b: Annihilape|Protect\n|cant|p2b: Scream Tail|slp\n|move|p2a: Ting-Lu|Earthquake|p1a: Amoonguss|[spread] p2b,p1a\n|-activate|p1b: Annihilape|move: Protect\n|-damage|p2b: Scream Tail|0 fnt\n|-damage|p1a: Amoonguss|34\/100\n|faint|p2b: Scream Tail\n|-end|p2b: Scream Tail|Protosynthesis|[silent]\n|move|p1a: Amoonguss|Spore|p2a: Ting-Lu\n|-status|p2a: Ting-Lu|slp|[from] move: Spore\n|\n|upkeep\n|\n|t:|1683293825\n|switch|p2b: Flutter Mane|Flutter Mane, L50|7\/100\n|turn|4\n|inactive|LunesMoon has 30 seconds left.\n|\n|t:|1683293858\n|move|p2b: Flutter Mane|Shadow Ball|p1a: Amoonguss\n|-crit|p1a: Amoonguss\n|-damage|p1a: Amoonguss|0 fnt\n|faint|p1a: Amoonguss\n|move|p1b: Annihilape|Drain Punch|p2a: Ting-Lu\n|-supereffective|p2a: Ting-Lu\n|-damage|p2a: Ting-Lu|59\/100 slp\n|cant|p2a: Ting-Lu|slp\n|\n|upkeep\n|\n|t:|1683293866\n|switch|p1a: Iron Bundle|Iron Bundle, L50|100\/100\n|-enditem|p1a: Iron Bundle|Booster Energy\n|-activate|p1a: Iron Bundle|ability: Quark Drive|[fromitem]\n|-start|p1a: Iron Bundle|quarkdrivespe\n|turn|5\n|\n|t:|1683293877\n|move|p1a: Iron Bundle|Icy Wind|p2b: Flutter Mane|[spread] p2a,p2b\n|-supereffective|p2a: Ting-Lu\n|-damage|p2a: Ting-Lu|34\/100 slp\n|-damage|p2b: Flutter Mane|0 fnt\n|-unboost|p2a: Ting-Lu|spe|1\n|faint|p2b: Flutter Mane\n|-end|p2b: Flutter Mane|Protosynthesis|[silent]\n|move|p1b: Annihilape|Drain Punch|p2a: Ting-Lu\n|-supereffective|p2a: Ting-Lu\n|-damage|p2a: Ting-Lu|0 fnt\n|faint|p2a: Ting-Lu\n|\n|upkeep\n|\n|t:|1683293880\n|switch|p2b: Dragonite|Dragonite, L50, M|100\/100\n|turn|6\n|-message|Dragonite1016 forfeited.\n|\n|win|LunesMoon\n|raw|LunesMoon's rating: 1320 → 1345<\/strong> (+25 for winning)\n|raw|Dragonite1016's rating: 1409 → 1384<\/strong> (-25 for losing)\n|l|\u2606Dragonite1016\n","uploadtime":1683293900,"views":10,"p1id":"lunesmoon","p2id":"dragonite1016","formatid":"gen9vgc2023regulationc","rating":1345,"private":0,"password":""}