{"id":"gen9vgc2023regulationc-1853000947","p1":"Piccolo Ruiz","p2":"Blackth0rn","format":"[Gen 9] VGC 2023 Regulation C","log":"|j|\u2606Piccolo Ruiz\n|j|\u2606Blackth0rn\n|t:|1682624496\n|gametype|doubles\n|player|p1|Piccolo Ruiz|valerie|1431\n|player|p2|Blackth0rn|ghetsis|1346\n|teamsize|p1|6\n|teamsize|p2|6\n|gen|9\n|tier|[Gen 9] VGC 2023 Regulation C\n|rated|\n|rule|Species Clause: Limit one of each Pok\u00e9mon\n|rule|Item Clause: Limit one of each item\n|clearpoke\n|poke|p1|Flutter Mane, L50|\n|poke|p1|Amoonguss, L50, F|\n|poke|p1|Gyarados, L50, F|\n|poke|p1|Arcanine, L50, F|\n|poke|p1|Ting-Lu, L50|\n|poke|p1|Baxcalibur, L50, F|\n|poke|p2|Glimmora, L50, F|\n|poke|p2|Wo-Chien, L50|\n|poke|p2|Corviknight, L50, F|\n|poke|p2|Flutter Mane, L50|\n|poke|p2|Arcanine, L50, M|\n|poke|p2|Iron Bundle, L50|\n|teampreview|4\n|inactive|Battle timer is ON: inactive players will automatically lose when time's up. (requested by Piccolo Ruiz)\nPiccolo Ruiz has agreed to open team sheets.\nBlackth0rn has agreed to open team sheets.\n|inactive|Piccolo Ruiz has 60 seconds left.\n|inactive|Blackth0rn has 60 seconds left.\n|inactive|Piccolo Ruiz has 30 seconds left.\n|inactive|Piccolo Ruiz has 20 seconds left.\n|inactive|Piccolo Ruiz has 15 seconds left.\n|inactive|Piccolo Ruiz has 10 seconds left.\n|inactive|Piccolo Ruiz has 5 seconds left.\n|\n|t:|1682624584\n|start\n|switch|p1a: Katya|Baxcalibur, L50, F, shiny|100\/100\n|switch|p1b: Raja|Arcanine, L50, F|100\/100\n|switch|p2a: Corviknight|Corviknight, L50, F|100\/100\n|switch|p2b: Glimmora|Glimmora, L50, F|100\/100\n|-ability|p1b: Raja|Intimidate|boost\n|-ability|p2a: Corviknight|Mirror Armor\n|-unboost|p1b: Raja|atk|1\n|-unboost|p2b: Glimmora|atk|1\n|turn|1\n|\n|t:|1682624606\n|switch|p2a: Iron Bundle|Iron Bundle, L50|100\/100\n|-enditem|p2a: Iron Bundle|Booster Energy\n|-activate|p2a: Iron Bundle|ability: Quark Drive|[fromitem]\n|-start|p2a: Iron Bundle|quarkdrivespe\n|move|p1b: Raja|Howl|p1b: Raja|[spread] p1a,p1b\n|-boost|p1a: Katya|atk|1\n|-boost|p1b: Raja|atk|1\n|move|p1a: Katya|Glaive Rush|p2b: Glimmora\n|-damage|p2b: Glimmora|4\/100\n|-singlemove|p1a: Katya|Glaive Rush|[silent]\n|-activate|p2b: Glimmora|ability: Toxic Debris\n|-sidestart|p1: Piccolo Ruiz|move: Toxic Spikes\n|move|p2b: Glimmora|Power Gem|p1b: Raja\n|-supereffective|p1b: Raja\n|-damage|p1b: Raja|5\/100\n|\n|upkeep\n|turn|2\n|\n|t:|1682624626\n|move|p1b: Raja|Protect|p1b: Raja\n|-singleturn|p1b: Raja|Protect\n|move|p2a: Iron Bundle|Icy Wind|p1b: Raja|[spread] p1a\n|-activate|p1b: Raja|move: Protect\n|-damage|p1a: Katya|64\/100\n|move|p1a: Katya|Glaive Rush|p2a: Iron Bundle\n|-damage|p2a: Iron Bundle|0 fnt\n|-singlemove|p1a: Katya|Glaive Rush|[silent]\n|faint|p2a: Iron Bundle\n|-end|p2a: Iron Bundle|Quark Drive|[silent]\n|move|p2b: Glimmora|Power Gem|p1a: Katya\n|-supereffective|p1a: Katya\n|-damage|p1a: Katya|0 fnt\n|faint|p1a: Katya\n|\n|upkeep\n|\n|t:|1682624642\n|switch|p2a: Flutter Mane|Flutter Mane, L50|100\/100\n|switch|p1a: Amoonguss|Amoonguss, L50, F, shiny|100\/100\n|-sideend|p1: Piccolo Ruiz|move: Toxic Spikes|[of] p1a: Amoonguss\n|turn|3\n|\n|t:|1682624653\n|move|p2a: Flutter Mane|Shadow Ball|p1a: Amoonguss\n|-damage|p1a: Amoonguss|44\/100\n|-unboost|p1a: Amoonguss|spd|1\n|move|p1b: Raja|Flare Blitz|p2b: Glimmora\n|-resisted|p2b: Glimmora\n|-damage|p2b: Glimmora|0 fnt\n|-activate|p2b: Glimmora|ability: Toxic Debris\n|-sidestart|p1: Piccolo Ruiz|move: Toxic Spikes\n|faint|p2b: Glimmora\n|-damage|p1b: Raja|4\/100|[from] Recoil\n|move|p1a: Amoonguss|Spore|p2a: Flutter Mane\n|-status|p2a: Flutter Mane|slp|[from] move: Spore\n|\n|upkeep\n|\n|t:|1682624659\n|switch|p2b: Corviknight|Corviknight, L50, F|100\/100\n|turn|4\n|\n|t:|1682624677\n|-terastallize|p2b: Corviknight|Water\n|-terastallize|p1a: Amoonguss|Water\n|cant|p2a: Flutter Mane|slp\n|move|p1b: Raja|Flare Blitz|p2a: Flutter Mane\n|-damage|p2a: Flutter Mane|35\/100 slp\n|-damage|p1b: Raja|0 fnt|[from] Recoil\n|faint|p1b: Raja\n|move|p2b: Corviknight|Brave Bird|p1a: Amoonguss\n|-damage|p1a: Amoonguss|10\/100\n|-damage|p2b: Corviknight|84\/100|[from] item: Rocky Helmet|[of] p1a: Amoonguss\n|-damage|p2b: Corviknight|72\/100|[from] Recoil\n|move|p1a: Amoonguss|Spore|p2b: Corviknight\n|-status|p2b: Corviknight|slp|[from] move: Spore\n|\n|upkeep\n|\n|t:|1682624692\n|switch|p1b: Sasha Colby|Flutter Mane, L50|100\/100\n|-status|p1b: Sasha Colby|psn\n|-enditem|p1b: Sasha Colby|Booster Energy\n|-activate|p1b: Sasha Colby|ability: Protosynthesis|[fromitem]\n|-start|p1b: Sasha Colby|protosynthesisspa\n|turn|5\n|\n|t:|1682624709\n|move|p1b: Sasha Colby|Dazzling Gleam|p2b: Corviknight|[spread] p2a,p2b\n|-damage|p2a: Flutter Mane|0 fnt\n|-damage|p2b: Corviknight|37\/100 slp\n|-enditem|p2b: Corviknight|Sitrus Berry|[eat]\n|-heal|p2b: Corviknight|61\/100 slp|[from] item: Sitrus Berry\n|faint|p2a: Flutter Mane\n|-end|p2a: Flutter Mane|Protosynthesis|[silent]\n|cant|p2b: Corviknight|slp\n|move|p1a: Amoonguss|Pollen Puff|p1b: Sasha Colby\n|-immune|p1b: Sasha Colby\n|\n|-damage|p1b: Sasha Colby|89\/100 psn|[from] psn\n|upkeep\n|turn|6\n|\n|t:|1682624721\n|move|p1a: Amoonguss|Rage Powder|p1a: Amoonguss\n|-singleturn|p1a: Amoonguss|move: Rage Powder\n|move|p1b: Sasha Colby|Moonblast|p2b: Corviknight\n|-damage|p2b: Corviknight|9\/100 slp\n|cant|p2b: Corviknight|slp\n|\n|-damage|p1b: Sasha Colby|77\/100 psn|[from] psn\n|upkeep\n|turn|7\n|-message|Blackth0rn forfeited.\n|\n|win|Piccolo Ruiz\n|raw|Piccolo Ruiz's rating: 1431 → 1446<\/strong> (+15 for winning)\n|raw|Blackth0rn's rating: 1346 → 1331<\/strong> (-15 for losing)\n|l|\u2606Blackth0rn\n","uploadtime":1682624731,"views":13,"p1id":"piccoloruiz","p2id":"blackth0rn","formatid":"gen9vgc2023regulationc","rating":1331,"private":0,"password":""}