{"id":"gen9vgc2023regulationc-1855287836","p1":"Mauvellous","p2":"haha you rage quit","format":"[Gen 9] VGC 2023 Regulation C","log":"|j|\u2606Mauvellous\n|j|\u2606haha you rage quit\n|t:|1682930491\n|gametype|doubles\n|player|p1|Mauvellous|hilda-wonderlauncher|1278\n|player|p2|haha you rage quit|pokemaniac|1266\n|teamsize|p1|6\n|teamsize|p2|6\n|gen|9\n|tier|[Gen 9] VGC 2023 Regulation C\n|rated|\n|rule|Species Clause: Limit one of each Pok\u00e9mon\n|rule|Item Clause: Limit one of each item\n|clearpoke\n|poke|p1|Scream Tail, L50|\n|poke|p1|Scizor, L50, M|\n|poke|p1|Palafin, L50, M|\n|poke|p1|Chi-Yu, L50|\n|poke|p1|Flutter Mane, L50|\n|poke|p1|Glimmora, L50, F|\n|poke|p2|Dondozo, L50, M|\n|poke|p2|Tatsugiri-Droopy, L50, M|\n|poke|p2|Torkoal, L50, M|\n|poke|p2|Flutter Mane, L50|\n|poke|p2|Kingambit, L50, M|\n|poke|p2|Indeedee-F, L50, F|\n|teampreview|4\n|\n|t:|1682930526\n|start\n|switch|p1a: Scream Tail|Scream Tail, L50, shiny|100\/100\n|switch|p1b: Scizor|Scizor, L50, M, shiny|100\/100\n|switch|p2a: Kingambit|Kingambit, L50, M, shiny|100\/100\n|switch|p2b: Indeedee|Indeedee-F, L50, F, shiny|100\/100\n|-fieldstart|move: Psychic Terrain|[from] ability: Psychic Surge|[of] p2b: Indeedee\n|-enditem|p2b: Indeedee|Psychic Seed\n|-boost|p2b: Indeedee|spd|1|[from] item: Psychic Seed\n|-enditem|p1a: Scream Tail|Booster Energy\n|-activate|p1a: Scream Tail|ability: Protosynthesis|[fromitem]\n|-start|p1a: Scream Tail|protosynthesisspe\n|turn|1\n|\n|t:|1682930548\n|-terastallize|p2a: Kingambit|Flying\n|move|p1a: Scream Tail|Thunder Wave|p2a: Kingambit\n|-status|p2a: Kingambit|par\n|-enditem|p2a: Kingambit|Lum Berry|[eat]\n|-curestatus|p2a: Kingambit|par|[msg]\n|move|p1b: Scizor|Swords Dance|p1b: Scizor\n|-boost|p1b: Scizor|atk|2\n|move|p2a: Kingambit|Swords Dance|p2a: Kingambit\n|-boost|p2a: Kingambit|atk|2\n|move|p2b: Indeedee|Trick Room|p2b: Indeedee\n|-fieldstart|move: Trick Room|[of] p2b: Indeedee\n|\n|upkeep\n|turn|2\n|\n|t:|1682930573\n|move|p1b: Scizor|Protect|p1b: Scizor\n|-singleturn|p1b: Scizor|Protect\n|move|p2b: Indeedee|Follow Me|p2b: Indeedee\n|-singleturn|p2b: Indeedee|move: Follow Me\n|move|p2a: Kingambit|Kowtow Cleave|p1a: Scream Tail\n|-damage|p1a: Scream Tail|27\/100\n|move|p1a: Scream Tail|Thunder Wave|p2b: Indeedee\n|-status|p2b: Indeedee|par\n|\n|upkeep\n|turn|3\n|\n|t:|1682930606\n|move|p2b: Indeedee|Follow Me|p2b: Indeedee\n|-singleturn|p2b: Indeedee|move: Follow Me\n|move|p2a: Kingambit|Kowtow Cleave|p1b: Scizor\n|-damage|p1b: Scizor|0 fnt\n|faint|p1b: Scizor\n|move|p1a: Scream Tail|Thunder Wave|p2b: Indeedee\n|-fail|p2b: Indeedee|par\n|\n|upkeep\n|\n|t:|1682930623\n|switch|p1b: Glimmora|Glimmora, L50, F, shiny|100\/100\n|turn|4\n|\n|t:|1682930637\n|-terastallize|p1b: Glimmora|Grass\n|cant|p2b: Indeedee|par\n|move|p2a: Kingambit|Kowtow Cleave|p1b: Glimmora\n|-crit|p1b: Glimmora\n|-damage|p1b: Glimmora|0 fnt\n|-activate|p1b: Glimmora|ability: Toxic Debris\n|-sidestart|p2: haha you rage quit|move: Toxic Spikes\n|faint|p1b: Glimmora\n|move|p1a: Scream Tail|Thunder Wave|p2a: Kingambit\n|-status|p2a: Kingambit|par\n|\n|upkeep\n|\n|t:|1682930649\n|switch|p1b: Chi-Yu|Chi-Yu, L50|100\/100\n|-ability|p1b: Chi-Yu|Beads of Ruin\n|-item|p1b: Chi-Yu|Air Balloon\n|turn|5\n|\n|t:|1682930660\n|cant|p2b: Indeedee|par\n|cant|p2a: Kingambit|par\n|move|p1b: Chi-Yu|Heat Wave|p2a: Kingambit|[spread] p2b\n|-miss|p1b: Chi-Yu|p2a: Kingambit\n|-damage|p2b: Indeedee|73\/100 par\n|move|p1a: Scream Tail|Sunny Day|p1a: Scream Tail\n|-weather|SunnyDay\n|\n|-weather|SunnyDay|[upkeep]\n|-fieldend|move: Trick Room\n|-fieldend|move: Psychic Terrain\n|upkeep\n|turn|6\n|\n|t:|1682930688\n|move|p1a: Scream Tail|Play Rough|p2a: Kingambit\n|-damage|p2a: Kingambit|80\/100 par\n|move|p1b: Chi-Yu|Heat Wave|p2b: Indeedee|[spread] p2a,p2b\n|-damage|p2a: Kingambit|11\/100 par\n|-damage|p2b: Indeedee|33\/100 par\n|move|p2b: Indeedee|Heal Pulse|p2a: Kingambit\n|-heal|p2a: Kingambit|61\/100 par\n|cant|p2a: Kingambit|par\n|\n|-weather|SunnyDay|[upkeep]\n|upkeep\n|turn|7\n|\n|t:|1682930731\n|move|p2a: Kingambit|Sucker Punch|p1a: Scream Tail\n|-damage|p1a: Scream Tail|0 fnt\n|faint|p1a: Scream Tail\n|-end|p1a: Scream Tail|Protosynthesis|[silent]\n|move|p1b: Chi-Yu|Heat Wave|p2a: Kingambit|[spread] p2a,p2b\n|-damage|p2a: Kingambit|0 fnt\n|-damage|p2b: Indeedee|0 fnt\n|faint|p2a: Kingambit\n|faint|p2b: Indeedee\n|\n|-weather|SunnyDay|[upkeep]\n|upkeep\n|\n|t:|1682930737\n|switch|p2b: Flutter Mane|Flutter Mane, L50, shiny|100\/100\n|switch|p2a: Torkoal|Torkoal, L50, M|100\/100\n|-status|p2b: Flutter Mane|psn\n|-activate|p2b: Flutter Mane|ability: Protosynthesis\n|-start|p2b: Flutter Mane|protosynthesisspe\n|-status|p2a: Torkoal|psn\n|turn|8\n|\n|t:|1682930751\n|move|p2b: Flutter Mane|Moonblast|p1b: Chi-Yu\n|-damage|p1b: Chi-Yu|17\/100\n|-enditem|p1b: Chi-Yu|Air Balloon\n|move|p1b: Chi-Yu|Heat Wave|p2b: Flutter Mane|[spread] p2a,p2b\n|-resisted|p2a: Torkoal\n|-damage|p2a: Torkoal|51\/100 psn\n|-damage|p2b: Flutter Mane|15\/100 psn\n|move|p2a: Torkoal|Eruption|p1b: Chi-Yu\n|-resisted|p1b: Chi-Yu\n|-damage|p1b: Chi-Yu|0 fnt\n|faint|p1b: Chi-Yu\n|\n|win|haha you rage quit\n|raw|Mauvellous's rating: 1278 → 1252<\/strong> (-26 for losing)\n|raw|haha you rage quit's rating: 1266 → 1292<\/strong> (+26 for winning)\n|l|\u2606Mauvellous\n|l|\u2606haha you rage quit\n|j|\u2606haha you rage quit\n|player|p2|haha you rage quit|pokemaniac\n","uploadtime":1682930768,"views":23,"p1id":"mauvellous","p2id":"hahayouragequit","formatid":"gen9vgc2023regulationc","rating":1252,"private":0,"password":""}