{"id":"gen9vgc2023regulationc-1845707065","p1":"Cyanidexx","p2":"muddyswamppert","format":"[Gen 9] VGC 2023 Regulation C","log":"|j|\u2606Cyanidexx\n|j|\u2606muddyswamppert\n|t:|1681757256\n|gametype|doubles\n|player|p1|Cyanidexx|170|\n|player|p2|muddyswamppert|cynthia-gen4|\n|teamsize|p1|6\n|teamsize|p2|6\n|gen|9\n|tier|[Gen 9] VGC 2023 Regulation C\n|rule|Species Clause: Limit one of each Pok\u00e9mon\n|rule|Item Clause: Limit one of each item\n|clearpoke\n|poke|p1|Chi-Yu, L50|\n|poke|p1|Arcanine, L50, F|\n|poke|p1|Amoonguss, L50, M|\n|poke|p1|Sableye, L50, F|\n|poke|p1|Palafin, L50, M|\n|poke|p1|Flutter Mane, L50|\n|poke|p2|Palafin, L50, M|\n|poke|p2|Chien-Pao, L50|\n|poke|p2|Arcanine, L50, F|\n|poke|p2|Dragonite, L50, M|\n|poke|p2|Gholdengo, L50|\n|poke|p2|Iron Valiant, L50|\n|teampreview|4\n|inactive|Battle timer is ON: inactive players will automatically lose when time's up. (requested by muddyswamppert)\n|c|\u2606Cyanidexx|did you changed team?\n|c|\u2606muddyswamppert|yeah\n|c|\u2606muddyswamppert|old one\n|inactive|Cyanidexx has 60 seconds left.\nmuddyswamppert has agreed to open team sheets.\n|c|\u2606Cyanidexx|oh ok i expected a bo3 same teams\n|c|\u2606Cyanidexx|all good\nCyanidexx has agreed to open team sheets.\n|inactive|Cyanidexx has 30 seconds left.\n|inactive|Cyanidexx has 20 seconds left.\n|c|\u2606muddyswamppert|i made this like 2 weeks ago\n|inactive|Cyanidexx has 15 seconds left.\n|inactive|Cyanidexx has 10 seconds left.\n|\n|t:|1681757337\n|start\n|switch|p1a: Palafin|Palafin, L50, M|100\/100\n|switch|p1b: Amoonguss|Amoonguss, L50, M, shiny|100\/100\n|switch|p2a: Dragonite|Dragonite, L50, M|100\/100\n|switch|p2b: Iron Valiant|Iron Valiant, L50|100\/100\n|-enditem|p2b: Iron Valiant|Booster Energy\n|-activate|p2b: Iron Valiant|ability: Quark Drive|[fromitem]\n|-start|p2b: Iron Valiant|quarkdrivespe\n|turn|1\n|c|\u2606muddyswamppert|glhf\n|c|\u2606Cyanidexx|glhf\n|inactive|Cyanidexx has 30 seconds left.\n|\n|t:|1681757370\n|detailschange|p1a: Palafin|Palafin-Hero, L50, M\n|switch|p1a: Arcanine|Arcanine, L50, F|100\/100\n|-ability|p1a: Arcanine|Intimidate|boost\n|-unboost|p2a: Dragonite|atk|1\n|-unboost|p2b: Iron Valiant|atk|1\n|-terastallize|p2a: Dragonite|Flying\n|-terastallize|p1b: Amoonguss|Water\n|move|p2b: Iron Valiant|Close Combat|p1a: Arcanine\n|-damage|p1a: Arcanine|57\/100\n|-unboost|p2b: Iron Valiant|def|1\n|-unboost|p2b: Iron Valiant|spd|1\n|move|p2a: Dragonite|Tera Blast|p1b: Amoonguss\n|-damage|p1b: Amoonguss|61\/100\n|move|p1b: Amoonguss|Pollen Puff|p1a: Arcanine\n|-heal|p1a: Arcanine|100\/100\n|\n|upkeep\n|turn|2\n|inactive|muddyswamppert has 30 seconds left.\n|\n|t:|1681757403\n|move|p2b: Iron Valiant|Protect|p2b: Iron Valiant\n|-singleturn|p2b: Iron Valiant|Protect\n|move|p1b: Amoonguss|Protect|p1b: Amoonguss\n|-singleturn|p1b: Amoonguss|Protect\n|move|p1a: Arcanine|Extreme Speed|p2b: Iron Valiant\n|-activate|p2b: Iron Valiant|move: Protect\n|move|p2a: Dragonite|Tera Blast|p1a: Arcanine\n|-damage|p1a: Arcanine|63\/100\n|\n|upkeep\n|turn|3\n|inactive|Cyanidexx has 30 seconds left.\n|\n|t:|1681757434\n|move|p1a: Arcanine|Protect|p1a: Arcanine\n|-singleturn|p1a: Arcanine|Protect\n|move|p2b: Iron Valiant|Spirit Break|p1b: Amoonguss\n|-damage|p1b: Amoonguss|39\/100\n|-unboost|p1b: Amoonguss|spa|1\n|-enditem|p1b: Amoonguss|Sitrus Berry|[eat]\n|-heal|p1b: Amoonguss|64\/100|[from] item: Sitrus Berry\n|move|p2a: Dragonite|Tera Blast|p1b: Amoonguss\n|-damage|p1b: Amoonguss|30\/100\n|move|p1b: Amoonguss|Spore|p2b: Iron Valiant\n|-status|p2b: Iron Valiant|slp|[from] move: Spore\n|\n|upkeep\n|turn|4\n|\n|t:|1681757457\n|-end|p2b: Iron Valiant|Quark Drive|[silent]\n|switch|p2b: Chien-Pao|Chien-Pao, L50|100\/100\n|-ability|p2b: Chien-Pao|Sword of Ruin\n|switch|p1b: Palafin|Palafin-Hero, L50, M|100\/100\n|-activate|p1b: Palafin|ability: Zero to Hero\n|move|p1a: Arcanine|Flare Blitz|p2b: Chien-Pao\n|-supereffective|p2b: Chien-Pao\n|-enditem|p2b: Chien-Pao|Focus Sash\n|-damage|p2b: Chien-Pao|1\/100\n|-damage|p1a: Arcanine|36\/100|[from] Recoil\n|move|p2a: Dragonite|Tera Blast|p1b: Palafin\n|-damage|p1b: Palafin|57\/100\n|\n|upkeep\n|turn|5\n|inactive|Cyanidexx has 30 seconds left.\n|\n|t:|1681757483\n|switch|p1b: Amoonguss|Amoonguss, L50, M, shiny, tera:Water|64\/100\n|move|p2b: Chien-Pao|Protect|p2b: Chien-Pao\n|-singleturn|p2b: Chien-Pao|Protect\n|move|p1a: Arcanine|Extreme Speed|p2b: Chien-Pao\n|-activate|p2b: Chien-Pao|move: Protect\n|move|p2a: Dragonite|Tera Blast|p1a: Arcanine\n|-damage|p1a: Arcanine|0 fnt\n|faint|p1a: Arcanine\n|\n|upkeep\n|\n|t:|1681757497\n|switch|p1a: Palafin|Palafin-Hero, L50, M|57\/100\n|turn|6\n|\n|t:|1681757509\n|move|p1b: Amoonguss|Rage Powder|p1b: Amoonguss\n|-singleturn|p1b: Amoonguss|move: Rage Powder\n|move|p1a: Palafin|Jet Punch|p2b: Chien-Pao\n|-damage|p2b: Chien-Pao|0 fnt\n|faint|p2b: Chien-Pao\n|move|p2a: Dragonite|Tera Blast|p1b: Amoonguss\n|-damage|p1b: Amoonguss|26\/100\n|\n|upkeep\n|\n|t:|1681757523\n|switch|p2b: Gholdengo|Gholdengo, L50|100\/100\n|turn|7\n|\n|t:|1681757533\n|move|p2b: Gholdengo|Protect|p2b: Gholdengo\n|-singleturn|p2b: Gholdengo|Protect\n|move|p1b: Amoonguss|Rage Powder|p1b: Amoonguss\n|-singleturn|p1b: Amoonguss|move: Rage Powder\n|move|p1a: Palafin|Wave Crash|p2b: Gholdengo\n|-activate|p2b: Gholdengo|move: Protect\n|move|p2a: Dragonite|Tera Blast|p1b: Amoonguss\n|-crit|p1b: Amoonguss\n|-damage|p1b: Amoonguss|0 fnt\n|faint|p1b: Amoonguss\n|\n|upkeep\n|\n|t:|1681757540\n|switch|p1b: Flutter Mane|Flutter Mane, L50|100\/100\n|turn|8\n|\n|t:|1681757553\n|move|p1b: Flutter Mane|Power Gem|p2a: Dragonite\n|-supereffective|p2a: Dragonite\n|-crit|p2a: Dragonite\n|-damage|p2a: Dragonite|39\/100\n|move|p2b: Gholdengo|Make It Rain|p1a: Palafin|[spread] p1a,p1b\n|-resisted|p1a: Palafin\n|-supereffective|p1b: Flutter Mane\n|-damage|p1a: Palafin|27\/100\n|-damage|p1b: Flutter Mane|0 fnt\n|-unboost|p2b: Gholdengo|spa|1\n|faint|p1b: Flutter Mane\n|-end|p1b: Flutter Mane|Protosynthesis|[silent]\n|-damage|p2b: Gholdengo|91\/100|[from] item: Life Orb\n|move|p1a: Palafin|Wave Crash|p2b: Gholdengo\n|-damage|p2b: Gholdengo|0 fnt\n|faint|p2b: Gholdengo\n|-damage|p1a: Palafin|4\/100|[from] Recoil\n|move|p2a: Dragonite|Tera Blast|p1a: Palafin\n|-damage|p1a: Palafin|0 fnt\n|faint|p1a: Palafin\n|\n|win|muddyswamppert\n|c|\u2606muddyswamppert|gg\n|c|\u2606Cyanidexx|gg\n","uploadtime":1681757567,"views":6,"p1id":"cyanidexx","p2id":"muddyswamppert","formatid":"gen9vgc2023regulationc","rating":0,"private":0,"password":""}