{"id":"gen9vgc2023regulationc-1850031396","p1":"Zer0x1","p2":"Licano089","format":"[Gen 9] VGC 2023 Regulation C","log":"|j|\u2606Zer0x1\n|j|\u2606Licano089\n|t:|1682279832\n|gametype|doubles\n|player|p1|Zer0x1|cynthia|1280\n|player|p2|Licano089|169|1366\n|teamsize|p1|6\n|teamsize|p2|6\n|gen|9\n|tier|[Gen 9] VGC 2023 Regulation C\n|rated|\n|rule|Species Clause: Limit one of each Pok\u00e9mon\n|rule|Item Clause: Limit one of each item\n|clearpoke\n|poke|p1|Dachsbun, L50, F|\n|poke|p1|Chi-Yu, L50|\n|poke|p1|Flutter Mane, L50|\n|poke|p1|Dragonite, L50, M|\n|poke|p1|Chien-Pao, L50|\n|poke|p1|Gyarados, L50, M|\n|poke|p2|Dondozo, L50, M|\n|poke|p2|Pelipper, L50, M|\n|poke|p2|Tatsugiri-Droopy, L50, F|\n|poke|p2|Dragapult, L50, F|\n|poke|p2|Chien-Pao, L50|\n|poke|p2|Glimmora, L50, M|\n|teampreview|4\n|\n|t:|1682279876\n|start\n|switch|p1a: Dragonite|Dragonite, L50, M|100\/100\n|switch|p1b: Chien-Pao|Chien-Pao, L50|100\/100\n|switch|p2a: Pelipper|Pelipper, L50, M|100\/100\n|switch|p2b: Dondozo|Dondozo, L50, M|100\/100\n|-ability|p1b: Chien-Pao|Sword of Ruin\n|-weather|RainDance|[from] ability: Drizzle|[of] p2a: Pelipper\n|turn|1\n|\n|t:|1682279906\n|switch|p2a: Tatsugiri|Tatsugiri-Droopy, L50, F|100\/100\n|-activate|p2a: Tatsugiri|ability: Commander|[of] p2b: Dondozo\n|-boost|p2b: Dondozo|atk|2\n|-boost|p2b: Dondozo|spa|2\n|-boost|p2b: Dondozo|spe|2\n|-boost|p2b: Dondozo|def|2\n|-boost|p2b: Dondozo|spd|2\n|move|p1b: Chien-Pao|Protect|p1b: Chien-Pao\n|-singleturn|p1b: Chien-Pao|Protect\n|move|p2b: Dondozo|Order Up|p1a: Dragonite\n|-supereffective|p1a: Dragonite\n|-damage|p1a: Dragonite|0 fnt\n|faint|p1a: Dragonite\n|-boost|p2b: Dondozo|def|1\n|\n|-weather|RainDance|[upkeep]\n|upkeep\n|\n|t:|1682279917\n|switch|p1a: Gyarados|Gyarados, L50, M|100\/100\n|-ability|p1a: Gyarados|Intimidate|boost\n|-unboost|p2a: Tatsugiri|atk|1\n|-unboost|p2b: Dondozo|atk|1\n|turn|2\n|\n|t:|1682279933\n|move|p1b: Chien-Pao|Haze|p1b: Chien-Pao\n|-clearallboost\n|move|p1a: Gyarados|Thunder Wave|p2b: Dondozo|[miss]\n|-miss|p1a: Gyarados|p2b: Dondozo\n|move|p2b: Dondozo|Wave Crash|p1b: Chien-Pao\n|-crit|p1b: Chien-Pao\n|-enditem|p1b: Chien-Pao|Focus Sash\n|-damage|p1b: Chien-Pao|1\/100\n|-damage|p2b: Dondozo|78\/100|[from] Recoil\n|\n|-weather|RainDance|[upkeep]\n|-heal|p2b: Dondozo|84\/100|[from] item: Leftovers\n|upkeep\n|turn|3\n|\n|t:|1682279956\n|move|p1b: Chien-Pao|Protect|p1b: Chien-Pao\n|-singleturn|p1b: Chien-Pao|Protect\n|move|p1a: Gyarados|Thunder Wave|p2b: Dondozo\n|-status|p2b: Dondozo|par\n|move|p2b: Dondozo|Order Up|p1b: Chien-Pao\n|-activate|p1b: Chien-Pao|move: Protect\n|\n|-weather|RainDance|[upkeep]\n|-heal|p2b: Dondozo|90\/100 par|[from] item: Leftovers\n|upkeep\n|turn|4\n|\n|t:|1682279969\n|switch|p1b: Flutter Mane|Flutter Mane, L50|100\/100\n|-enditem|p1b: Flutter Mane|Booster Energy\n|-activate|p1b: Flutter Mane|ability: Protosynthesis|[fromitem]\n|-start|p1b: Flutter Mane|protosynthesisspe\n|move|p1a: Gyarados|Waterfall|p2b: Dondozo\n|-resisted|p2b: Dondozo\n|-crit|p2b: Dondozo\n|-damage|p2b: Dondozo|54\/100 par\n|move|p2b: Dondozo|Order Up|p1b: Flutter Mane\n|-immune|p1b: Flutter Mane\n|\n|-weather|RainDance|[upkeep]\n|-heal|p2b: Dondozo|61\/100 par|[from] item: Leftovers\n|upkeep\n|turn|5\n|\n|t:|1682279986\n|move|p1b: Flutter Mane|Shadow Ball|p2b: Dondozo\n|-damage|p2b: Dondozo|22\/100 par\n|-unboost|p2b: Dondozo|spd|1\n|move|p1a: Gyarados|Waterfall|p2b: Dondozo\n|-resisted|p2b: Dondozo\n|-damage|p2b: Dondozo|0 fnt\n|faint|p2b: Dondozo\n|\n|-weather|RainDance|[upkeep]\n|upkeep\n|\n|t:|1682280001\n|switch|p2b: Dragapult|Dragapult, L50, F, shiny|100\/100\n|turn|6\n|\n|t:|1682280026\n|-terastallize|p2b: Dragapult|Steel\n|move|p1b: Flutter Mane|Protect|p1b: Flutter Mane\n|-singleturn|p1b: Flutter Mane|Protect\n|move|p2b: Dragapult|Tera Blast|p1b: Flutter Mane\n|-activate|p1b: Flutter Mane|move: Protect\n|move|p2a: Tatsugiri|Muddy Water|p1a: Gyarados|[spread] p1a\n|-activate|p1b: Flutter Mane|move: Protect\n|-resisted|p1a: Gyarados\n|-damage|p1a: Gyarados|78\/100\n|move|p1a: Gyarados|Waterfall|p2b: Dragapult\n|-damage|p2b: Dragapult|13\/100\n|\n|-weather|RainDance|[upkeep]\n|upkeep\n|turn|7\n|\n|t:|1682280044\n|-terastallize|p1b: Flutter Mane|Fairy\n|move|p1b: Flutter Mane|Dazzling Gleam|p2a: Tatsugiri|[spread] p2a,p2b\n|-supereffective|p2a: Tatsugiri\n|-resisted|p2b: Dragapult\n|-damage|p2a: Tatsugiri|0 fnt\n|-damage|p2b: Dragapult|0 fnt\n|faint|p2a: Tatsugiri\n|faint|p2b: Dragapult\n|move|p1a: Gyarados|Waterfall|p2: Tatsugiri|[notarget]\n|-fail|p1a: Gyarados\n|\n|-weather|RainDance|[upkeep]\n|upkeep\n|\n|t:|1682280056\n|switch|p2b: Pelipper|Pelipper, L50, M|100\/100\n|turn|8\n|-message|Licano089 forfeited.\n|\n|win|Zer0x1\n|raw|Zer0x1's rating: 1280 → 1311<\/strong> (+31 for winning)\n|raw|Licano089's rating: 1366 → 1341<\/strong> (-25 for losing)\n|l|\u2606Licano089\n","uploadtime":1682280066,"views":10,"p1id":"zer0x1","p2id":"licano089","formatid":"gen9vgc2023regulationc","rating":1311,"private":0,"password":""}