{"id":"gen9vgc2023regulationc-1847850502","p1":"AndrwApple","p2":"Moonlight Flutter","format":"[Gen 9] VGC 2023 Regulation C","log":"|j|\u2606AndrwApple\n|j|\u2606Moonlight Flutter\n|t:|1682007107\n|gametype|doubles\n|player|p1|AndrwApple|cynthia-anime2|\n|player|p2|Moonlight Flutter|dawn-masters2|\n|teamsize|p1|6\n|teamsize|p2|6\n|gen|9\n|tier|[Gen 9] VGC 2023 Regulation C\n|rule|Species Clause: Limit one of each Pok\u00e9mon\n|rule|Item Clause: Limit one of each item\n|clearpoke\n|poke|p1|Flutter Mane, L50|\n|poke|p1|Wo-Chien, L50|\n|poke|p1|Gholdengo, L50|\n|poke|p1|Arcanine, L50, F|\n|poke|p1|Palafin, L50, M|\n|poke|p1|Iron Hands, L50|\n|poke|p2|Flutter Mane, L50|\n|poke|p2|Chi-Yu, L50|\n|poke|p2|Meowscarada, L50, M|\n|poke|p2|Gyarados, L50, M|\n|poke|p2|Baxcalibur, L50, F|\n|poke|p2|Corviknight, L50, F|\n|teampreview|4\n|c|\u2606AndrwApple|We must stay focused\nAndrwApple has agreed to open team sheets.\nMoonlight Flutter has agreed to open team sheets.\n|c|\u2606Moonlight Flutter|glhf\n|c|\u2606AndrwApple|glhf\n|\n|t:|1682007172\n|start\n|switch|p1a: Jabba The Hutt|Wo-Chien, L50|100\/100\n|switch|p1b: The Force|Palafin, L50, M, shiny|100\/100\n|switch|p2a: Baxcalibur|Baxcalibur, L50, F|100\/100\n|switch|p2b: Meowscarada|Meowscarada, L50, M|100\/100\n|-ability|p1a: Jabba The Hutt|Tablets of Ruin\n|turn|1\n|\n|t:|1682007196\n|-terastallize|p1a: Jabba The Hutt|Poison\n|move|p1b: The Force|Protect|p1b: The Force\n|-singleturn|p1b: The Force|Protect\n|move|p2b: Meowscarada|U-turn|p1a: Jabba The Hutt\n|-start|p2b: Meowscarada|typechange|Bug|[from] ability: Protean\n|-resisted|p1a: Jabba The Hutt\n|-damage|p1a: Jabba The Hutt|89\/100\n|\n|t:|1682007204\n|switch|p2b: Gyarados|Gyarados, L50, M, shiny|100\/100|[from] U-turn\n|-ability|p2b: Gyarados|Intimidate|boost\n|-unboost|p1a: Jabba The Hutt|atk|1\n|-unboost|p1b: The Force|atk|1\n|move|p2a: Baxcalibur|Glaive Rush|p1b: The Force\n|-activate|p1b: The Force|move: Protect\n|move|p1a: Jabba The Hutt|Ruination|p2a: Baxcalibur\n|-damage|p2a: Baxcalibur|51\/100\n|\n|-heal|p1a: Jabba The Hutt|95\/100|[from] item: Leftovers\n|upkeep\n|turn|2\n|\n|t:|1682007217\n|detailschange|p1b: The Force|Palafin-Hero, L50, M, shiny\n|switch|p1b: AT-AT|Arcanine, L50, F|100\/100\n|-ability|p1b: AT-AT|Intimidate|boost\n|-fail|p2a: Baxcalibur|unboost|[from] item: Clear Amulet|[of] p2a: Baxcalibur\n|-unboost|p2b: Gyarados|atk|1\n|move|p2a: Baxcalibur|Glaive Rush|p1b: AT-AT\n|-crit|p1b: AT-AT\n|-damage|p1b: AT-AT|28\/100\n|-singlemove|p2a: Baxcalibur|Glaive Rush|[silent]\n|move|p2b: Gyarados|Taunt|p1a: Jabba The Hutt\n|-start|p1a: Jabba The Hutt|move: Taunt\n|move|p1a: Jabba The Hutt|Pollen Puff|p1b: AT-AT\n|-heal|p1b: AT-AT|78\/100\n|\n|-heal|p1a: Jabba The Hutt|100\/100|[from] item: Leftovers\n|upkeep\n|turn|3\n|\n|t:|1682007244\n|switch|p1a: Yoda|Flutter Mane, L50, shiny|100\/100\n|-enditem|p1a: Yoda|Booster Energy\n|-activate|p1a: Yoda|ability: Protosynthesis|[fromitem]\n|-start|p1a: Yoda|protosynthesisspe\n|move|p1b: AT-AT|Protect|p1b: AT-AT\n|-singleturn|p1b: AT-AT|Protect\n|move|p2a: Baxcalibur|Protect|p2a: Baxcalibur\n|-singleturn|p2a: Baxcalibur|Protect\n|move|p2b: Gyarados|Thunder Wave|p1b: AT-AT\n|-activate|p1b: AT-AT|move: Protect\n|\n|upkeep\n|turn|4\n|\n|t:|1682007256\n|-terastallize|p2a: Baxcalibur|Poison\n|move|p1a: Yoda|Substitute|p1a: Yoda\n|-start|p1a: Yoda|Substitute\n|-damage|p1a: Yoda|76\/100\n|move|p1b: AT-AT|Close Combat|p2a: Baxcalibur\n|-resisted|p2a: Baxcalibur\n|-damage|p2a: Baxcalibur|32\/100\n|-unboost|p1b: AT-AT|def|1\n|-unboost|p1b: AT-AT|spd|1\n|move|p2a: Baxcalibur|Icicle Crash|p1a: Yoda\n|-end|p1a: Yoda|Substitute\n|move|p2b: Gyarados|Waterfall|p1a: Yoda\n|-damage|p1a: Yoda|24\/100\n|\n|upkeep\n|turn|5\n|\n|t:|1682007276\n|switch|p1b: Jabba The Hutt|Wo-Chien, L50, tera:Poison|100\/100\n|-ability|p1b: Jabba The Hutt|Tablets of Ruin\n|move|p1a: Yoda|Protect|p1a: Yoda\n|-singleturn|p1a: Yoda|Protect\n|move|p2a: Baxcalibur|Protect|p2a: Baxcalibur\n|-singleturn|p2a: Baxcalibur|Protect\n|move|p2b: Gyarados|Waterfall|p1b: Jabba The Hutt\n|-damage|p1b: Jabba The Hutt|85\/100\n|\n|-heal|p1b: Jabba The Hutt|90\/100|[from] item: Leftovers\n|upkeep\n|turn|6\n|\n|t:|1682007318\n|-end|p1a: Yoda|Protosynthesis|[silent]\n|switch|p1a: AT-AT|Arcanine, L50, F|78\/100\n|-ability|p1a: AT-AT|Intimidate|boost\n|-fail|p2a: Baxcalibur|unboost|[from] item: Clear Amulet|[of] p2a: Baxcalibur\n|-unboost|p2b: Gyarados|atk|1\n|move|p2a: Baxcalibur|Ice Shard|p1a: AT-AT\n|-resisted|p1a: AT-AT\n|-damage|p1a: AT-AT|70\/100\n|move|p2b: Gyarados|Thunder Wave|p1a: AT-AT\n|-status|p1a: AT-AT|par\n|move|p1b: Jabba The Hutt|Pollen Puff|p1a: AT-AT\n|-heal|p1a: AT-AT|100\/100 par\n|\n|-heal|p1b: Jabba The Hutt|96\/100|[from] item: Leftovers\n|upkeep\n|turn|7\n|\n|t:|1682007350\n|move|p2b: Gyarados|Helping Hand|p2a: Baxcalibur\n|-singleturn|p2a: Baxcalibur|Helping Hand|[of] p2b: Gyarados\n|move|p2a: Baxcalibur|Glaive Rush|p1b: Jabba The Hutt\n|-damage|p1b: Jabba The Hutt|29\/100\n|-singlemove|p2a: Baxcalibur|Glaive Rush|[silent]\n|move|p1b: Jabba The Hutt|Pollen Puff|p1a: AT-AT\n|-immune|p1a: AT-AT\n|move|p1a: AT-AT|Flare Blitz|p2a: Baxcalibur\n|-damage|p2a: Baxcalibur|0 fnt\n|faint|p2a: Baxcalibur\n|-damage|p1a: AT-AT|89\/100 par|[from] Recoil\n|\n|-heal|p1b: Jabba The Hutt|35\/100|[from] item: Leftovers\n|upkeep\n|\n|t:|1682007368\n|switch|p2a: Meowscarada|Meowscarada, L50, M|100\/100\n|turn|8\n|\n|t:|1682007380\n|move|p1b: Jabba The Hutt|Protect|p1b: Jabba The Hutt\n|-singleturn|p1b: Jabba The Hutt|Protect\n|move|p2a: Meowscarada|Knock Off|p1b: Jabba The Hutt\n|-start|p2a: Meowscarada|typechange|Dark|[from] ability: Protean\n|-activate|p1b: Jabba The Hutt|move: Protect\n|move|p2b: Gyarados|Waterfall|p1a: AT-AT\n|-supereffective|p1a: AT-AT\n|-damage|p1a: AT-AT|62\/100 par\n|cant|p1a: AT-AT|par\n|\n|-heal|p1b: Jabba The Hutt|41\/100|[from] item: Leftovers\n|upkeep\n|turn|9\n|\n|t:|1682007403\n|switch|p1b: Yoda|Flutter Mane, L50, shiny|24\/100\n|move|p1a: AT-AT|Protect|p1a: AT-AT\n|-singleturn|p1a: AT-AT|Protect\n|move|p2a: Meowscarada|Knock Off|p1a: AT-AT\n|-activate|p1a: AT-AT|move: Protect\n|move|p2b: Gyarados|Taunt|p1b: Yoda\n|-start|p1b: Yoda|move: Taunt\n|\n|upkeep\n|turn|10\n|\n|t:|1682007422\n|switch|p2b: Flutter Mane|Flutter Mane, L50|100\/100\n|-enditem|p2b: Flutter Mane|Booster Energy\n|-activate|p2b: Flutter Mane|ability: Protosynthesis|[fromitem]\n|-start|p2b: Flutter Mane|protosynthesisspa\n|switch|p1a: Jabba The Hutt|Wo-Chien, L50, tera:Poison|41\/100\n|-ability|p1a: Jabba The Hutt|Tablets of Ruin\n|move|p2a: Meowscarada|Knock Off|p1b: Yoda\n|-damage|p1b: Yoda|0 fnt\n|faint|p1b: Yoda\n|-end|p1b: Yoda|Protosynthesis|[silent]\n|\n|-heal|p1a: Jabba The Hutt|47\/100|[from] item: Leftovers\n|upkeep\n|\n|t:|1682007426\n|switch|p1b: AT-AT|Arcanine, L50, F|62\/100 par\n|-ability|p1b: AT-AT|Intimidate|boost\n|-unboost|p2a: Meowscarada|atk|1\n|-unboost|p2b: Flutter Mane|atk|1\n|turn|11\n|\n|t:|1682007464\n|move|p2a: Meowscarada|Knock Off|p1a: Jabba The Hutt\n|-damage|p1a: Jabba The Hutt|28\/100\n|-enditem|p1a: Jabba The Hutt|Leftovers|[from] move: Knock Off|[of] p2a: Meowscarada\n|move|p2b: Flutter Mane|Shadow Ball|p1a: Jabba The Hutt\n|-damage|p1a: Jabba The Hutt|0 fnt\n|faint|p1a: Jabba The Hutt\n|move|p1b: AT-AT|Will-O-Wisp|p2a: Meowscarada\n|-status|p2a: Meowscarada|brn\n|\n|-damage|p2a: Meowscarada|95\/100 brn|[from] brn\n|upkeep\n|\n|t:|1682007470\n|switch|p1a: The Force|Palafin-Hero, L50, M, shiny|100\/100\n|-activate|p1a: The Force|ability: Zero to Hero\n|turn|12\n|\n|t:|1682007482\n|switch|p2a: Gyarados|Gyarados, L50, M, shiny|100\/100\n|-ability|p2a: Gyarados|Intimidate|boost\n|-unboost|p1a: The Force|atk|1\n|-unboost|p1b: AT-AT|atk|1\n|move|p2b: Flutter Mane|Moonblast|p1a: The Force\n|-damage|p1a: The Force|43\/100\n|move|p1a: The Force|Haze|p1a: The Force\n|-clearallboost\n|cant|p1b: AT-AT|par\n|\n|upkeep\n|turn|13\n|c|\u2606AndrwApple|Rip\n|\n|t:|1682007500\n|move|p2b: Flutter Mane|Protect|p2b: Flutter Mane\n|-singleturn|p2b: Flutter Mane|Protect\n|move|p1a: The Force|Protect|p1a: The Force\n|-singleturn|p1a: The Force|Protect\n|move|p1b: AT-AT|Protect|p1b: AT-AT\n|-singleturn|p1b: AT-AT|Protect\n|move|p2a: Gyarados|Waterfall|p1b: AT-AT\n|-activate|p1b: AT-AT|move: Protect\n|\n|upkeep\n|turn|14\n|\n|t:|1682007509\n|move|p1a: The Force|Jet Punch|p2b: Flutter Mane\n|-damage|p2b: Flutter Mane|23\/100\n|move|p2b: Flutter Mane|Shadow Ball|p1a: The Force\n|-damage|p1a: The Force|0 fnt\n|faint|p1a: The Force\n|move|p2a: Gyarados|Waterfall|p1b: AT-AT\n|-supereffective|p1b: AT-AT\n|-damage|p1b: AT-AT|0 fnt\n|faint|p1b: AT-AT\n|\n|win|Moonlight Flutter\n|c|\u2606Moonlight Flutter|gg\n|l|\u2606AndrwApple\n|c|\u2606Moonlight Flutter|i was just luckier g2 you played well\n|l|\u2606Moonlight Flutter\n|j|\u2606Moonlight Flutter\n|player|p2|Moonlight Flutter|dawn-masters2\n","uploadtime":1682007646,"views":7,"p1id":"andrwapple","p2id":"moonlightflutter","formatid":"gen9vgc2023regulationc","rating":0,"private":0,"password":""}