{"id":"gen9vgc2023regulationc-1860982489","p1":"Geradifdorudini","p2":"Izayoi Saya","format":"[Gen 9] VGC 2023 Regulation C","log":"|j|\u2606Geradifdorudini\n|j|\u203dIzayoi Saya\n|t:|1683707980\n|gametype|doubles\n|player|p1|Geradifdorudini|lucas|1286\n|player|p2|Izayoi Saya|ingo|1288\n|teamsize|p1|6\n|teamsize|p2|6\n|gen|9\n|tier|[Gen 9] VGC 2023 Regulation C\n|rated|\n|rule|Species Clause: Limit one of each Pok\u00e9mon\n|rule|Item Clause: Limit one of each item\n|clearpoke\n|poke|p1|Garchomp, L50, M|\n|poke|p1|Corviknight, L50, M|\n|poke|p1|Flutter Mane, L50|\n|poke|p1|Chi-Yu, L50|\n|poke|p1|Gyarados, L50, M|\n|poke|p1|Amoonguss, L50, F|\n|poke|p2|Scream Tail, L50|\n|poke|p2|Ting-Lu, L50|\n|poke|p2|Murkrow, L50, F|\n|poke|p2|Maushold, L50|\n|poke|p2|Gothitelle, L50, M|\n|poke|p2|Flutter Mane, L50|\n|teampreview|4\n|inactive|Battle timer is ON: inactive players will automatically lose when time's up. (requested by Izayoi Saya)\nGeradifdorudini has agreed to open team sheets.\n|inactive|Geradifdorudini has 60 seconds left.\n|inactive|Izayoi Saya has 60 seconds left.\n|\n|t:|1683708017\n|start\n|switch|p1a: Gyarados|Gyarados, L50, M|100\/100\n|switch|p1b: Corviknight|Corviknight, L50, M|100\/100\n|switch|p2a: Ting-Lu|Ting-Lu, L50|100\/100\n|switch|p2b: Scream Tail|Scream Tail, L50|100\/100\n|-ability|p1a: Gyarados|Intimidate|boost\n|-fail|p2a: Ting-Lu|unboost|[from] item: Clear Amulet|[of] p2a: Ting-Lu\n|-unboost|p2b: Scream Tail|atk|1\n|-ability|p2a: Ting-Lu|Vessel of Ruin\n|turn|1\n|inactive|Geradifdorudini has 30 seconds left.\n|inactive|Geradifdorudini has 20 seconds left.\n|\n|t:|1683708053\n|switch|p2a: Gothitelle|Gothitelle, L50, M|100\/100\n|-terastallize|p2b: Scream Tail|Steel\n|move|p2b: Scream Tail|Perish Song|p2b: Scream Tail\n|-start|p1a: Gyarados|perish3|[silent]\n|-start|p1b: Corviknight|perish3|[silent]\n|-start|p2a: Gothitelle|perish3|[silent]\n|-start|p2b: Scream Tail|perish3|[silent]\n|-fieldactivate|move: Perish Song\n|move|p1a: Gyarados|Waterfall|p2a: Gothitelle\n|-damage|p2a: Gothitelle|74\/100\n|move|p1b: Corviknight|Tailwind|p1b: Corviknight\n|-sidestart|p1: Geradifdorudini|move: Tailwind\n|\n|-start|p1a: Gyarados|perish3\n|-start|p1b: Corviknight|perish3\n|-start|p2b: Scream Tail|perish3\n|-start|p2a: Gothitelle|perish3\n|upkeep\n|turn|2\n|\n|t:|1683708078\n|move|p2a: Gothitelle|Fake Out|p1b: Corviknight\n|-resisted|p1b: Corviknight\n|-damage|p1b: Corviknight|98\/100\n|move|p1a: Gyarados|Taunt|p2a: Gothitelle\n|-start|p2a: Gothitelle|move: Taunt\n|cant|p1b: Corviknight|flinch\n|move|p2b: Scream Tail|Encore|p1b: Corviknight\n|-start|p1b: Corviknight|Encore\n|\n|-start|p1a: Gyarados|perish2\n|-start|p1b: Corviknight|perish2\n|-start|p2b: Scream Tail|perish2\n|-start|p2a: Gothitelle|perish2\n|upkeep\n|turn|3\n|inactive|Izayoi Saya has 30 seconds left.\n|\n|t:|1683708110\n|move|p2a: Gothitelle|Fake Out||[still]\n|-hint|Fake Out only works on your first turn out.\n|-fail|p2a: Gothitelle\n|move|p1a: Gyarados|Waterfall|p2a: Gothitelle\n|-damage|p2a: Gothitelle|49\/100\n|-enditem|p2a: Gothitelle|Sitrus Berry|[eat]\n|-heal|p2a: Gothitelle|74\/100|[from] item: Sitrus Berry\n|move|p1b: Corviknight|Tailwind||[still]\n|-fail|p1b: Corviknight\n|move|p2b: Scream Tail|Encore|p1a: Gyarados\n|-start|p1a: Gyarados|Encore\n|\n|-start|p1a: Gyarados|perish1\n|-start|p1b: Corviknight|perish1\n|-start|p2b: Scream Tail|perish1\n|-start|p2a: Gothitelle|perish1\n|upkeep\n|turn|4\n|\n|t:|1683708131\n|-end|p2b: Scream Tail|Protosynthesis|[silent]\n|switch|p2b: Ting-Lu|Ting-Lu, L50|100\/100\n|-ability|p2b: Ting-Lu|Vessel of Ruin\n|switch|p2a: Maushold|Maushold, L50|100\/100\n|move|p1a: Gyarados|Waterfall|p2a: Maushold\n|-damage|p2a: Maushold|50\/100\n|move|p1b: Corviknight|Tailwind||[still]\n|-fail|p1b: Corviknight\n|\n|-start|p1a: Gyarados|perish0\n|-start|p1b: Corviknight|perish0\n|-sideend|p1: Geradifdorudini|move: Tailwind\n|upkeep\n|faint|p1a: Gyarados\n|faint|p1b: Corviknight\n|\n|t:|1683708137\n|switch|p1a: Chi-Yu|Chi-Yu, L50|100\/100\n|switch|p1b: Flutter Mane|Flutter Mane, L50|100\/100\n|-ability|p1a: Chi-Yu|Beads of Ruin\n|-enditem|p1b: Flutter Mane|Booster Energy\n|-activate|p1b: Flutter Mane|ability: Protosynthesis|[fromitem]\n|-start|p1b: Flutter Mane|protosynthesisspa\n|turn|5\n|\n|t:|1683708157\n|-terastallize|p1a: Chi-Yu|Grass\n|move|p1b: Flutter Mane|Dazzling Gleam|p2a: Maushold|[spread] p2a,p2b\n|-supereffective|p2b: Ting-Lu\n|-damage|p2a: Maushold|0 fnt\n|-damage|p2b: Ting-Lu|38\/100\n|faint|p2a: Maushold\n|move|p1a: Chi-Yu|Tera Blast|p2b: Ting-Lu\n|-supereffective|p2b: Ting-Lu\n|-damage|p2b: Ting-Lu|0 fnt\n|faint|p2b: Ting-Lu\n|-damage|p1a: Chi-Yu|91\/100|[from] item: Life Orb\n|\n|upkeep\n|\n|t:|1683708167\n|switch|p2a: Scream Tail|Scream Tail, L50, tera:Steel|100\/100\n|switch|p2b: Gothitelle|Gothitelle, L50, M|74\/100\n|turn|6\n|\n|t:|1683708176\n|move|p2b: Gothitelle|Fake Out|p1a: Chi-Yu\n|-damage|p1a: Chi-Yu|83\/100\n|move|p1b: Flutter Mane|Dazzling Gleam|p2b: Gothitelle|[spread] p2a,p2b\n|-resisted|p2a: Scream Tail\n|-crit|p2a: Scream Tail\n|-damage|p2a: Scream Tail|72\/100\n|-damage|p2b: Gothitelle|27\/100\n|cant|p1a: Chi-Yu|flinch\n|move|p2a: Scream Tail|Perish Song|p2a: Scream Tail\n|-start|p1a: Chi-Yu|perish3|[silent]\n|-start|p1b: Flutter Mane|perish3|[silent]\n|-start|p2a: Scream Tail|perish3|[silent]\n|-start|p2b: Gothitelle|perish3|[silent]\n|-fieldactivate|move: Perish Song\n|\n|-start|p1b: Flutter Mane|perish3\n|-start|p1a: Chi-Yu|perish3\n|-start|p2a: Scream Tail|perish3\n|-start|p2b: Gothitelle|perish3\n|upkeep\n|turn|7\n|inactive|Izayoi Saya has 30 seconds left.\n|\n|t:|1683708204\n|move|p2b: Gothitelle|Protect|p2b: Gothitelle\n|-singleturn|p2b: Gothitelle|Protect\n|move|p1b: Flutter Mane|Dazzling Gleam|p2a: Scream Tail|[spread] p2a\n|-activate|p2b: Gothitelle|move: Protect\n|-resisted|p2a: Scream Tail\n|-damage|p2a: Scream Tail|54\/100\n|move|p1a: Chi-Yu|Heat Wave|p2b: Gothitelle|[spread] p2a\n|-activate|p2b: Gothitelle|move: Protect\n|-supereffective|p2a: Scream Tail\n|-damage|p2a: Scream Tail|0 fnt\n|faint|p2a: Scream Tail\n|-end|p2a: Scream Tail|Protosynthesis|[silent]\n|-damage|p1a: Chi-Yu|73\/100|[from] item: Life Orb\n|\n|-start|p1b: Flutter Mane|perish2\n|-start|p1a: Chi-Yu|perish2\n|-start|p2b: Gothitelle|perish2\n|upkeep\n|turn|8\n|\n|t:|1683708221\n|move|p2b: Gothitelle|Protect||[still]\n|-fail|p2b: Gothitelle\n|move|p1b: Flutter Mane|Shadow Ball|p2b: Gothitelle\n|-supereffective|p2b: Gothitelle\n|-damage|p2b: Gothitelle|0 fnt\n|faint|p2b: Gothitelle\n|\n|win|Geradifdorudini\n|raw|Geradifdorudini's rating: 1286 → 1311<\/strong> (+25 for winning)\n|raw|Izayoi Saya's rating: 1288 → 1263<\/strong> (-25 for losing)\n|l|\u203dIzayoi Saya\n||Ladder isn't responding, score probably updated but might not have (Request timeout).\n|l|\u2606Geradifdorudini\n|j|\u2606Geradifdorudini\n|player|p1|Geradifdorudini|lucas\n","uploadtime":1683710332,"views":11,"p1id":"geradifdorudini","p2id":"izayoisaya","formatid":"gen9vgc2023regulationc","rating":1263,"private":0,"password":""}