{"id":"gen9vgc2023regulationc-1851288634","p1":"KillerGoose.0","p2":"WillieDangerously","format":"[Gen 9] VGC 2023 Regulation C","log":"|j|\u2606KillerGoose.0\n|j|\u2606WillieDangerously\n|t:|1682432922\n|gametype|doubles\n|player|p1|KillerGoose.0|iris-gen5bw2|1075\n|player|p2|WillieDangerously|psychic-gen4|1119\n|teamsize|p1|6\n|teamsize|p2|6\n|gen|9\n|tier|[Gen 9] VGC 2023 Regulation C\n|rated|\n|rule|Species Clause: Limit one of each Pok\u00e9mon\n|rule|Item Clause: Limit one of each item\n|clearpoke\n|poke|p1|Palafin, L50, M|\n|poke|p1|Flutter Mane, L50|\n|poke|p1|Arcanine, L50, F|\n|poke|p1|Ting-Lu, L50|\n|poke|p1|Amoonguss, L50, F|\n|poke|p1|Kingambit, L50, F|\n|poke|p2|Espathra, L50, M|\n|poke|p2|Iron Bundle, L50|\n|poke|p2|Iron Valiant, L50|\n|poke|p2|Salamence, L50, F|\n|poke|p2|Scizor, L50, F|\n|poke|p2|Sandy Shocks, L50|\n|teampreview|4\n|\n|t:|1682432956\n|start\n|switch|p1a: Arcanine|Arcanine, L50, F|100\/100\n|switch|p1b: Amoonguss|Amoonguss, L50, F|100\/100\n|switch|p2a: Sandy Shocks|Sandy Shocks, L50|100\/100\n|switch|p2b: Iron Valiant|Iron Valiant, L50|100\/100\n|-ability|p1a: Arcanine|Intimidate|boost\n|-unboost|p2a: Sandy Shocks|atk|1\n|-unboost|p2b: Iron Valiant|atk|1\n|-enditem|p2a: Sandy Shocks|Booster Energy\n|-activate|p2a: Sandy Shocks|ability: Protosynthesis|[fromitem]\n|-start|p2a: Sandy Shocks|protosynthesisspe\n|turn|1\n|\n|t:|1682432982\n|move|p2a: Sandy Shocks|Gravity|p2a: Sandy Shocks\n|-fieldstart|move: Gravity\n|move|p2b: Iron Valiant|Hypnosis|p1b: Amoonguss\n|-status|p1b: Amoonguss|slp|[from] move: Hypnosis\n|move|p1a: Arcanine|Will-O-Wisp|p2b: Iron Valiant\n|-status|p2b: Iron Valiant|brn\n|cant|p1b: Amoonguss|slp\n|\n|-damage|p2b: Iron Valiant|94\/100 brn|[from] brn\n|upkeep\n|turn|2\n|\n|t:|1682433002\n|move|p2a: Sandy Shocks|Thunder|p1a: Arcanine\n|-damage|p1a: Arcanine|44\/100\n|move|p2b: Iron Valiant|Focus Blast|p1a: Arcanine\n|-damage|p1a: Arcanine|0 fnt\n|faint|p1a: Arcanine\n|-curestatus|p1b: Amoonguss|slp|[msg]\n|move|p1b: Amoonguss|Spore|p2a: Sandy Shocks\n|-status|p2a: Sandy Shocks|slp|[from] move: Spore\n|\n|-damage|p2b: Iron Valiant|88\/100 brn|[from] brn\n|upkeep\n|\n|t:|1682433012\n|switch|p1a: Kingambit|Kingambit, L50, F|100\/100\n|turn|3\n|\n|t:|1682433026\n|cant|p2a: Sandy Shocks|slp\n|move|p2b: Iron Valiant|Hypnosis|p1a: Kingambit\n|-status|p1a: Kingambit|slp|[from] move: Hypnosis\n|cant|p1a: Kingambit|slp\n|move|p1b: Amoonguss|Pollen Puff|p1a: Kingambit\n|-immune|p1a: Kingambit\n|\n|-damage|p2b: Iron Valiant|82\/100 brn|[from] brn\n|upkeep\n|turn|4\n|\n|t:|1682433048\n|move|p1b: Amoonguss|Rage Powder|p1b: Amoonguss\n|-singleturn|p1b: Amoonguss|move: Rage Powder\n|cant|p2a: Sandy Shocks|slp\n|move|p2b: Iron Valiant|Focus Blast|p1b: Amoonguss\n|-resisted|p1b: Amoonguss\n|-damage|p1b: Amoonguss|74\/100\n|-curestatus|p1a: Kingambit|slp|[msg]\n|move|p1a: Kingambit|Kowtow Cleave|p2b: Iron Valiant\n|-resisted|p2b: Iron Valiant\n|-damage|p2b: Iron Valiant|62\/100 brn\n|\n|-damage|p2b: Iron Valiant|56\/100 brn|[from] brn\n|upkeep\n|turn|5\n|\n|t:|1682433065\n|move|p2b: Iron Valiant|Protect|p2b: Iron Valiant\n|-singleturn|p2b: Iron Valiant|Protect\n|move|p1b: Amoonguss|Rage Powder|p1b: Amoonguss\n|-singleturn|p1b: Amoonguss|move: Rage Powder\n|cant|p2a: Sandy Shocks|slp\n|move|p1a: Kingambit|Swords Dance|p1a: Kingambit\n|-boost|p1a: Kingambit|atk|2\n|\n|-damage|p2b: Iron Valiant|50\/100 brn|[from] brn\n|-fieldend|move: Gravity\n|upkeep\n|turn|6\n|\n|t:|1682433092\n|-terastallize|p1b: Amoonguss|Steel\n|move|p1b: Amoonguss|Rage Powder|p1b: Amoonguss\n|-singleturn|p1b: Amoonguss|move: Rage Powder\n|-curestatus|p2a: Sandy Shocks|slp|[msg]\n|move|p2a: Sandy Shocks|Gravity|p2a: Sandy Shocks\n|-fieldstart|move: Gravity\n|move|p2b: Iron Valiant|Hypnosis|p1b: Amoonguss\n|-status|p1b: Amoonguss|slp|[from] move: Hypnosis\n|move|p1a: Kingambit|Swords Dance|p1a: Kingambit\n|-boost|p1a: Kingambit|atk|2\n|\n|-damage|p2b: Iron Valiant|44\/100 brn|[from] brn\n|upkeep\n|turn|7\n|\n|t:|1682433116\n|move|p2a: Sandy Shocks|Protect|p2a: Sandy Shocks\n|-singleturn|p2a: Sandy Shocks|Protect\n|move|p2b: Iron Valiant|Hypnosis|p1a: Kingambit\n|-status|p1a: Kingambit|slp|[from] move: Hypnosis\n|cant|p1a: Kingambit|slp\n|cant|p1b: Amoonguss|slp\n|\n|-damage|p2b: Iron Valiant|38\/100 brn|[from] brn\n|upkeep\n|turn|8\n|\n|t:|1682433133\n|cant|p1b: Amoonguss|slp\n|move|p2a: Sandy Shocks|Earth Power|p1b: Amoonguss\n|-supereffective|p1b: Amoonguss\n|-damage|p1b: Amoonguss|0 fnt\n|faint|p1b: Amoonguss\n|move|p2b: Iron Valiant|Focus Blast|p1a: Kingambit\n|-supereffective|p1a: Kingambit\n|-damage|p1a: Kingambit|0 fnt\n|faint|p1a: Kingambit\n|\n|-damage|p2b: Iron Valiant|32\/100 brn|[from] brn\n|upkeep\n|-message|KillerGoose.0 forfeited.\n|\n|win|WillieDangerously\n|raw|KillerGoose.0's rating: 1075 → 1056<\/strong> (-19 for losing)\n|raw|WillieDangerously's rating: 1119 → 1141<\/strong> (+22 for winning)\n|l|\u2606KillerGoose.0\n","uploadtime":1682433147,"views":10,"p1id":"killergoose0","p2id":"williedangerously","formatid":"gen9vgc2023regulationc","rating":1056,"private":0,"password":""}