{"id":"gen9vgc2023regulationc-1848799768","p1":"jose.navarro02","p2":"Alaskan_fisher","format":"[Gen 9] VGC 2023 Regulation C","log":"|j|\u203djose.navarro02\n|j|\u2606Alaskan_fisher\n|t:|1682111669\n|gametype|doubles\n|player|p1|jose.navarro02|102|1234\n|player|p2|Alaskan_fisher|fisherman-gen4|1291\n|teamsize|p1|6\n|teamsize|p2|6\n|gen|9\n|tier|[Gen 9] VGC 2023 Regulation C\n|rated|\n|rule|Species Clause: Limit one of each Pok\u00e9mon\n|rule|Item Clause: Limit one of each item\n|clearpoke\n|poke|p1|Dragonite, L50, M|\n|poke|p1|Gyarados, L50, M|\n|poke|p1|Gengar, L50, M|\n|poke|p1|Sylveon, L50, F|\n|poke|p1|Iron Hands, L50|\n|poke|p1|Gastrodon, L50, M|\n|poke|p2|Baxcalibur, L50, M|\n|poke|p2|Palafin, L50, F|\n|poke|p2|Arcanine, L50, M|\n|poke|p2|Flutter Mane, L50|\n|poke|p2|Chi-Yu, L50|\n|poke|p2|Amoonguss, L50, F|\n|teampreview|4\n|inactive|Battle timer is ON: inactive players will automatically lose when time's up. (requested by jose.navarro02)\nAlaskan_fisher has agreed to open team sheets.\n|inactive|Alaskan_fisher has 60 seconds left.\n|inactive|Alaskan_fisher has 30 seconds left.\n|inactive|Alaskan_fisher has 20 seconds left.\n|\n|t:|1682111760\n|start\n|switch|p1a: Gengar|Gengar, L50, M|100\/100\n|switch|p1b: Iron Hands|Iron Hands, L50|100\/100\n|switch|p2a: Palafin|Palafin, L50, F|100\/100\n|switch|p2b: Arcanine|Arcanine, L50, M|100\/100\n|-ability|p2b: Arcanine|Intimidate|boost\n|-unboost|p1a: Gengar|atk|1\n|-unboost|p1b: Iron Hands|atk|1\n|turn|1\n|inactive|Alaskan_fisher has 30 seconds left.\n|inactive|Alaskan_fisher has 20 seconds left.\n|\n|t:|1682111797\n|detailschange|p2a: Palafin|Palafin-Hero, L50, F\n|switch|p2a: Amoonguss|Amoonguss, L50, F|100\/100\n|move|p2b: Arcanine|Protect|p2b: Arcanine\n|-singleturn|p2b: Arcanine|Protect\n|move|p1b: Iron Hands|Heavy Slam|p2a: Amoonguss\n|-damage|p2a: Amoonguss|76\/100\n|move|p1a: Gengar|Trick Room|p1a: Gengar\n|-fieldstart|move: Trick Room|[of] p1a: Gengar\n|\n|upkeep\n|turn|2\n|inactive|Alaskan_fisher has 30 seconds left.\n|\n|t:|1682111824\n|-end|p1b: Iron Hands|Quark Drive|[silent]\n|switch|p1b: Gastrodon|Gastrodon, L50, M|100\/100\n|move|p2a: Amoonguss|Spore|p1a: Gengar\n|-status|p1a: Gengar|slp|[from] move: Spore\n|move|p2b: Arcanine|Will-O-Wisp|p1b: Gastrodon\n|-status|p1b: Gastrodon|brn\n|cant|p1a: Gengar|slp\n|\n|-damage|p1b: Gastrodon|94\/100 brn|[from] brn\n|upkeep\n|turn|3\n|inactive|Alaskan_fisher has 30 seconds left.\n|inactive|Alaskan_fisher has 20 seconds left.\n|inactive|Alaskan_fisher has 15 seconds left.\n|inactive|Alaskan_fisher has 10 seconds left.\n|\n|t:|1682111874\n|move|p1b: Gastrodon|Ice Beam|p2a: Amoonguss\n|-supereffective|p2a: Amoonguss\n|-damage|p2a: Amoonguss|30\/100\n|-enditem|p2a: Amoonguss|Sitrus Berry|[eat]\n|-heal|p2a: Amoonguss|55\/100|[from] item: Sitrus Berry\n|move|p2a: Amoonguss|Pollen Puff|p2b: Arcanine\n|-immune|p2b: Arcanine\n|move|p2b: Arcanine|Flare Blitz|p1a: Gengar\n|-damage|p1a: Gengar|14\/100 slp\n|-damage|p2b: Arcanine|78\/100|[from] Recoil\n|cant|p1a: Gengar|slp\n|\n|-damage|p1b: Gastrodon|88\/100 brn|[from] brn\n|upkeep\n|turn|4\n|inactive|Alaskan_fisher has 30 seconds left.\n|\n|t:|1682111899\n|switch|p2a: Palafin|Palafin-Hero, L50, F|100\/100\n|-activate|p2a: Palafin|ability: Zero to Hero\n|move|p2b: Arcanine|Protect|p2b: Arcanine\n|-singleturn|p2b: Arcanine|Protect\n|move|p1b: Gastrodon|Ice Beam|p2a: Palafin\n|-resisted|p2a: Palafin\n|-damage|p2a: Palafin|90\/100\n|cant|p1a: Gengar|slp\n|\n|-damage|p1b: Gastrodon|82\/100 brn|[from] brn\n|upkeep\n|turn|5\n|\n|t:|1682111915\n|move|p2a: Palafin|Protect|p2a: Palafin\n|-singleturn|p2a: Palafin|Protect\n|move|p1b: Gastrodon|Earth Power|p2b: Arcanine\n|-supereffective|p2b: Arcanine\n|-damage|p2b: Arcanine|0 fnt\n|faint|p2b: Arcanine\n|-curestatus|p1a: Gengar|slp|[msg]\n|move|p1a: Gengar|Sludge Bomb|p2a: Palafin\n|-activate|p2a: Palafin|move: Protect\n|\n|-damage|p1b: Gastrodon|76\/100 brn|[from] brn\n|-fieldend|move: Trick Room\n|upkeep\n|\n|t:|1682111922\n|switch|p2b: Flutter Mane|Flutter Mane, L50|100\/100\n|turn|6\n|\n|t:|1682111942\n|switch|p2a: Amoonguss|Amoonguss, L50, F|88\/100\n|move|p2b: Flutter Mane|Dazzling Gleam|p1a: Gengar|[spread] p1a,p1b\n|-resisted|p1a: Gengar\n|-damage|p1a: Gengar|0 fnt\n|-damage|p1b: Gastrodon|31\/100 brn\n|faint|p1a: Gengar\n|move|p1b: Gastrodon|Ice Beam|p2b: Flutter Mane\n|-damage|p2b: Flutter Mane|77\/100\n|\n|-damage|p1b: Gastrodon|25\/100 brn|[from] brn\n|upkeep\n|\n|t:|1682111946\n|switch|p1a: Iron Hands|Iron Hands, L50|100\/100\n|turn|7\n|\n|t:|1682111970\n|-terastallize|p2b: Flutter Mane|Steel\n|move|p1a: Iron Hands|Fake Out|p2a: Amoonguss\n|-damage|p2a: Amoonguss|75\/100\n|move|p2b: Flutter Mane|Dazzling Gleam|p1b: Gastrodon|[spread] p1a,p1b\n|-supereffective|p1a: Iron Hands\n|-crit|p1a: Iron Hands\n|-damage|p1a: Iron Hands|37\/100\n|-damage|p1b: Gastrodon|0 fnt\n|faint|p1b: Gastrodon\n|cant|p2a: Amoonguss|flinch\n|\n|upkeep\n|\n|t:|1682111981\n|switch|p1b: Sylveon|Sylveon, L50, F|100\/100\n|turn|8\n|inactive|Alaskan_fisher has 30 seconds left.\n|\n|t:|1682112008\n|-end|p2b: Flutter Mane|Protosynthesis|[silent]\n|switch|p2b: Palafin|Palafin-Hero, L50, F|90\/100\n|-terastallize|p1b: Sylveon|Fairy\n|move|p1b: Sylveon|Hyper Voice|p2b: Palafin|[spread] p2a,p2b\n|-resisted|p2a: Amoonguss\n|-damage|p2a: Amoonguss|39\/100\n|-damage|p2b: Palafin|15\/100\n|move|p2a: Amoonguss|Spore|p1b: Sylveon\n|-status|p1b: Sylveon|slp|[from] move: Spore\n|move|p1a: Iron Hands|Heavy Slam|p2b: Palafin\n|-resisted|p2b: Palafin\n|-damage|p2b: Palafin|1\/100\n|\n|upkeep\n|turn|9\n|\n|t:|1682112027\n|switch|p2a: Flutter Mane|Flutter Mane, L50, tera:Steel|77\/100\n|move|p2b: Palafin|Wave Crash|p1a: Iron Hands\n|-damage|p1a: Iron Hands|0 fnt\n|faint|p1a: Iron Hands\n|-end|p1a: Iron Hands|Quark Drive|[silent]\n|-damage|p2b: Palafin|0 fnt|[from] Recoil\n|faint|p2b: Palafin\n|cant|p1b: Sylveon|slp\n|\n|upkeep\n|\n|t:|1682112032\n|switch|p2b: Amoonguss|Amoonguss, L50, F|72\/100\n|turn|10\n|-message|jose.navarro02 forfeited.\n|\n|win|Alaskan_fisher\n|raw|jose.navarro02's rating: 1234 → 1212<\/strong> (-22 for losing)\n|raw|Alaskan_fisher's rating: 1270 → 1292<\/strong> (+22 for winning)\n|l|\u203djose.navarro02\n","uploadtime":1682112050,"views":15,"p1id":"josenavarro02","p2id":"alaskanfisher","formatid":"gen9vgc2023regulationc","rating":1212,"private":0,"password":""}