{"id":"gen9vgc2023regulationc-1848335929","p1":"Sumo'sWeenusVGC","p2":"NasiLemakBrickwork","format":"[Gen 9] VGC 2023 Regulation C","log":"|j|\u2606Sumo'sWeenusVGC\n|j|\u2606NasiLemakBrickwork\n|t:|1682062613\n|gametype|doubles\n|player|p1|Sumo'sWeenusVGC|colress|1144\n|player|p2|NasiLemakBrickwork|1|1179\n|teamsize|p1|6\n|teamsize|p2|6\n|gen|9\n|tier|[Gen 9] VGC 2023 Regulation C\n|rated|\n|rule|Species Clause: Limit one of each Pok\u00e9mon\n|rule|Item Clause: Limit one of each item\n|clearpoke\n|poke|p1|Wo-Chien, L50|\n|poke|p1|Flutter Mane, L50|\n|poke|p1|Glimmora, L50, F|\n|poke|p1|Palafin, L50, M|\n|poke|p1|Arcanine, L50, F|\n|poke|p1|Kingambit, L50, F|\n|poke|p2|Ting-Lu, L50|\n|poke|p2|Amoonguss, L50, F|\n|poke|p2|Garganacl, L50, F|\n|poke|p2|Arcanine, L50, F|\n|poke|p2|Roaring Moon, L50|\n|poke|p2|Iron Bundle, L50|\n|teampreview|4\n|inactive|Battle timer is ON: inactive players will automatically lose when time's up. (requested by Sumo'sWeenusVGC)\nSumo'sWeenusVGC has agreed to open team sheets.\n|inactive|Sumo'sWeenusVGC has 60 seconds left.\n|\n|t:|1682062645\n|start\n|switch|p1a: Palafin|Palafin, L50, M|100\/100\n|switch|p1b: Kingambit|Kingambit, L50, F|100\/100\n|switch|p2a: Garganacl|Garganacl, L50, F|100\/100\n|switch|p2b: Ting-Lu|Ting-Lu, L50|100\/100\n|-ability|p2b: Ting-Lu|Vessel of Ruin\n|turn|1\n|inactive|NasiLemakBrickwork has 30 seconds left.\n|\n|t:|1682062671\n|detailschange|p1a: Palafin|Palafin-Hero, L50, M\n|switch|p1a: Glimmora|Glimmora, L50, F, shiny|100\/100\n|-terastallize|p1b: Kingambit|Flying\n|-terastallize|p2a: Garganacl|Ghost\n|move|p1b: Kingambit|Low Kick|p2b: Ting-Lu\n|-supereffective|p2b: Ting-Lu\n|-damage|p2b: Ting-Lu|50\/100\n|move|p2b: Ting-Lu|Ruination|p1a: Glimmora\n|-damage|p1a: Glimmora|50\/100\n|move|p2a: Garganacl|Salt Cure|p1b: Kingambit\n|-supereffective|p1b: Kingambit\n|-damage|p1b: Kingambit|79\/100\n|-start|p1b: Kingambit|Salt Cure\n|\n|-damage|p1b: Kingambit|67\/100|[from] Salt Cure\n|upkeep\n|turn|2\n|\n|t:|1682062691\n|move|p1a: Glimmora|Energy Ball|p2b: Ting-Lu\n|-supereffective|p2b: Ting-Lu\n|-damage|p2b: Ting-Lu|26\/100\n|move|p1b: Kingambit|Kowtow Cleave|p2a: Garganacl\n|-supereffective|p2a: Garganacl\n|-damage|p2a: Garganacl|36\/100\n|move|p2b: Ting-Lu|Heavy Slam|p1b: Kingambit\n|-damage|p1b: Kingambit|40\/100\n|move|p2a: Garganacl|Stealth Rock|p1a: Glimmora\n|-sidestart|p1: Sumo'sWeenusVGC|move: Stealth Rock\n|\n|-heal|p2a: Garganacl|42\/100|[from] item: Leftovers\n|-damage|p1b: Kingambit|28\/100|[from] Salt Cure\n|upkeep\n|turn|3\n|\n|t:|1682062712\n|move|p2a: Garganacl|Protect|p2a: Garganacl\n|-singleturn|p2a: Garganacl|Protect\n|move|p1a: Glimmora|Mortal Spin|p2b: Ting-Lu|[spread] p2b\n|-activate|p2a: Garganacl|move: Protect\n|-resisted|p2b: Ting-Lu\n|-damage|p2b: Ting-Lu|25\/100\n|-status|p2b: Ting-Lu|psn\n|-sideend|p1: Sumo'sWeenusVGC|Stealth Rock|[from] move: Mortal Spin|[of] p1a: Glimmora\n|move|p1b: Kingambit|Kowtow Cleave|p2a: Garganacl\n|-activate|p2a: Garganacl|move: Protect\n|move|p2b: Ting-Lu|Heavy Slam|p1b: Kingambit\n|-crit|p1b: Kingambit\n|-damage|p1b: Kingambit|0 fnt\n|faint|p1b: Kingambit\n|\n|-heal|p2a: Garganacl|47\/100|[from] item: Leftovers\n|-damage|p2b: Ting-Lu|13\/100 psn|[from] psn\n|upkeep\n|\n|t:|1682062729\n|switch|p1b: Flutter Mane|Flutter Mane, L50, shiny|100\/100\n|turn|4\n|\n|t:|1682062737\n|move|p1b: Flutter Mane|Shadow Ball|p2a: Garganacl\n|-supereffective|p2a: Garganacl\n|-damage|p2a: Garganacl|12\/100\n|move|p1a: Glimmora|Energy Ball|p2b: Ting-Lu\n|-supereffective|p2b: Ting-Lu\n|-damage|p2b: Ting-Lu|0 fnt\n|faint|p2b: Ting-Lu\n|move|p2a: Garganacl|Recover|p2a: Garganacl\n|-heal|p2a: Garganacl|62\/100\n|\n|-heal|p2a: Garganacl|68\/100|[from] item: Leftovers\n|upkeep\n|\n|t:|1682062744\n|switch|p2b: Iron Bundle|Iron Bundle, L50|100\/100\n|turn|5\n|\n|t:|1682062754\n|move|p2b: Iron Bundle|Protect|p2b: Iron Bundle\n|-singleturn|p2b: Iron Bundle|Protect\n|move|p1b: Flutter Mane|Shadow Ball|p2a: Garganacl\n|-supereffective|p2a: Garganacl\n|-damage|p2a: Garganacl|21\/100\n|move|p1a: Glimmora|Power Gem|p2b: Iron Bundle\n|-activate|p2b: Iron Bundle|move: Protect\n|move|p2a: Garganacl|Recover|p2a: Garganacl\n|-heal|p2a: Garganacl|72\/100\n|\n|-heal|p2a: Garganacl|77\/100|[from] item: Leftovers\n|upkeep\n|turn|6\n|\n|t:|1682062775\n|move|p2b: Iron Bundle|Hydro Pump|p1a: Glimmora\n|-supereffective|p1a: Glimmora\n|-crit|p1a: Glimmora\n|-damage|p1a: Glimmora|0 fnt\n|faint|p1a: Glimmora\n|move|p1b: Flutter Mane|Shadow Ball|p2a: Garganacl\n|-supereffective|p2a: Garganacl\n|-damage|p2a: Garganacl|31\/100\n|move|p2a: Garganacl|Recover|p2a: Garganacl\n|-heal|p2a: Garganacl|81\/100\n|\n|-heal|p2a: Garganacl|87\/100|[from] item: Leftovers\n|upkeep\n|\n|t:|1682062786\n|switch|p1a: Palafin|Palafin-Hero, L50, M|100\/100\n|-activate|p1a: Palafin|ability: Zero to Hero\n|turn|7\n|\n|t:|1682062793\n|move|p1a: Palafin|Jet Punch|p2a: Garganacl\n|-damage|p2a: Garganacl|57\/100\n|move|p2b: Iron Bundle|Encore|p1b: Flutter Mane\n|-start|p1b: Flutter Mane|Encore\n|move|p1b: Flutter Mane|Shadow Ball|p2a: Garganacl\n|-supereffective|p2a: Garganacl\n|-damage|p2a: Garganacl|12\/100\n|-unboost|p2a: Garganacl|spd|1\n|move|p2a: Garganacl|Salt Cure|p1a: Palafin\n|-damage|p1a: Palafin|88\/100\n|-start|p1a: Palafin|Salt Cure\n|\n|-heal|p2a: Garganacl|18\/100|[from] item: Leftovers\n|-damage|p1a: Palafin|63\/100|[from] Salt Cure\n|upkeep\n|turn|8\n|\n|t:|1682062810\n|move|p2b: Iron Bundle|Protect|p2b: Iron Bundle\n|-singleturn|p2b: Iron Bundle|Protect\n|move|p1b: Flutter Mane|Shadow Ball|p2b: Iron Bundle\n|-activate|p2b: Iron Bundle|move: Protect\n|move|p1a: Palafin|Wave Crash|p2a: Garganacl\n|-damage|p2a: Garganacl|0 fnt\n|faint|p2a: Garganacl\n|-damage|p1a: Palafin|57\/100|[from] Recoil\n|\n|-damage|p1a: Palafin|32\/100|[from] Salt Cure\n|upkeep\n|\n|t:|1682062814\n|switch|p2a: Roaring Moon|Roaring Moon, L50|100\/100\n|-enditem|p2a: Roaring Moon|Booster Energy\n|-activate|p2a: Roaring Moon|ability: Protosynthesis|[fromitem]\n|-start|p2a: Roaring Moon|protosynthesisatk\n|turn|9\n|\n|t:|1682062829\n|move|p1a: Palafin|Jet Punch|p2a: Roaring Moon\n|-resisted|p2a: Roaring Moon\n|-damage|p2a: Roaring Moon|74\/100\n|move|p2b: Iron Bundle|Freeze-Dry|p1b: Flutter Mane\n|-damage|p1b: Flutter Mane|66\/100\n|move|p1b: Flutter Mane|Shadow Ball|p2b: Iron Bundle\n|-enditem|p2b: Iron Bundle|Focus Sash\n|-damage|p2b: Iron Bundle|1\/100\n|move|p2a: Roaring Moon|Jaw Lock|p1b: Flutter Mane\n|-damage|p1b: Flutter Mane|0 fnt\n|faint|p1b: Flutter Mane\n|-end|p1b: Flutter Mane|Protosynthesis|[silent]\n|\n|-damage|p1a: Palafin|8\/100|[from] Salt Cure\n|upkeep\n|turn|10\n|\n|t:|1682062844\n|move|p2b: Iron Bundle|Protect|p2b: Iron Bundle\n|-singleturn|p2b: Iron Bundle|Protect\n|move|p2a: Roaring Moon|Protect|p2a: Roaring Moon\n|-singleturn|p2a: Roaring Moon|Protect\n|move|p1a: Palafin|Jet Punch|p2b: Iron Bundle\n|-activate|p2b: Iron Bundle|move: Protect\n|\n|-damage|p1a: Palafin|0 fnt|[from] Salt Cure\n|faint|p1a: Palafin\n|\n|win|NasiLemakBrickwork\n|upkeep\n|raw|Sumo'sWeenusVGC's rating: 1144 → 1122<\/strong> (-22 for losing)\n|raw|NasiLemakBrickwork's rating: 1179 → 1201<\/strong> (+22 for winning)\n|l|\u2606NasiLemakBrickwork\n","uploadtime":1682062855,"views":9,"p1id":"sumosweenusvgc","p2id":"nasilemakbrickwork","formatid":"gen9vgc2023regulationc","rating":1122,"private":0,"password":""}