{"id":"gen9vgc2023regulationc-1857280258","p1":"Yungsmitty","p2":"Maestro zoroli","format":"[Gen 9] VGC 2023 Regulation C","log":"|j|\u2606Yungsmitty\n|j|\u2606Maestro zoroli\n|t:|1683167208\n|gametype|doubles\n|player|p1|Yungsmitty|medium|1450\n|player|p2|Maestro zoroli|169|1448\n|teamsize|p1|6\n|teamsize|p2|6\n|gen|9\n|tier|[Gen 9] VGC 2023 Regulation C\n|rated|\n|rule|Species Clause: Limit one of each Pok\u00e9mon\n|rule|Item Clause: Limit one of each item\n|clearpoke\n|poke|p1|Scream Tail, L50|\n|poke|p1|Chien-Pao, L50|\n|poke|p1|Flutter Mane, L50|\n|poke|p1|Gyarados, L50, M|\n|poke|p1|Ceruledge, L50, M|\n|poke|p1|Baxcalibur, L50, M|\n|poke|p2|Chi-Yu, L50|\n|poke|p2|Great Tusk, L50|\n|poke|p2|Flutter Mane, L50|\n|poke|p2|Iron Bundle, L50|\n|poke|p2|Kingambit, L50, F|\n|poke|p2|Dragonite, L50, M|\n|teampreview|4\nMaestro zoroli has agreed to open team sheets.\n|inactive|Battle timer is ON: inactive players will automatically lose when time's up. (requested by Maestro zoroli)\n|\n|t:|1683167263\n|start\n|switch|p1a: Scream Tail|Scream Tail, L50|100\/100\n|switch|p1b: Flutter Mane|Flutter Mane, L50|100\/100\n|switch|p2a: Great Tusk|Great Tusk, L50|100\/100\n|switch|p2b: Kingambit|Kingambit, L50, F|100\/100\n|-enditem|p1b: Flutter Mane|Booster Energy\n|-activate|p1b: Flutter Mane|ability: Protosynthesis|[fromitem]\n|-start|p1b: Flutter Mane|protosynthesisspa\n|turn|1\n|inactive|Yungsmitty has 30 seconds left.\n|inactive|Yungsmitty has 20 seconds left.\n|inactive|Yungsmitty has 15 seconds left.\n|inactive|Yungsmitty has 10 seconds left.\n|\n|t:|1683167312\n|move|p1b: Flutter Mane|Protect|p1b: Flutter Mane\n|-singleturn|p1b: Flutter Mane|Protect\n|move|p2a: Great Tusk|Headlong Rush|p1b: Flutter Mane\n|-activate|p1b: Flutter Mane|move: Protect\n|move|p1a: Scream Tail|Thunder Wave|p2b: Kingambit\n|-status|p2b: Kingambit|par\n|cant|p2b: Kingambit|par\n|\n|upkeep\n|turn|2\n|inactive|Yungsmitty has 30 seconds left.\n|inactive|Yungsmitty has 20 seconds left.\n|\n|t:|1683167347\n|move|p2a: Great Tusk|Headlong Rush|p1b: Flutter Mane\n|-damage|p1b: Flutter Mane|10\/100\n|-unboost|p2a: Great Tusk|def|1\n|-unboost|p2a: Great Tusk|spd|1\n|move|p1b: Flutter Mane|Dazzling Gleam|p2b: Kingambit|[spread] p2a,p2b\n|-supereffective|p2a: Great Tusk\n|-crit|p2a: Great Tusk\n|-damage|p2a: Great Tusk|0 fnt\n|-damage|p2b: Kingambit|73\/100 par\n|faint|p2a: Great Tusk\n|-end|p2a: Great Tusk|Protosynthesis|[silent]\n|move|p1a: Scream Tail|Play Rough|p2b: Kingambit\n|-damage|p2b: Kingambit|58\/100 par\n|move|p2b: Kingambit|Iron Head|p1a: Scream Tail\n|-supereffective|p1a: Scream Tail\n|-damage|p1a: Scream Tail|37\/100\n|-enditem|p1a: Scream Tail|Sitrus Berry|[eat]\n|-heal|p1a: Scream Tail|62\/100|[from] item: Sitrus Berry\n|\n|upkeep\n|inactive|Maestro zoroli has 30 seconds left.\n|inactive|Maestro zoroli has 20 seconds left.\n|\n|t:|1683167386\n|switch|p2a: Iron Bundle|Iron Bundle, L50|100\/100\n|-enditem|p2a: Iron Bundle|Booster Energy\n|-activate|p2a: Iron Bundle|ability: Quark Drive|[fromitem]\n|-start|p2a: Iron Bundle|quarkdrivespe\n|turn|3\n|\n|t:|1683167400\n|move|p1b: Flutter Mane|Protect|p1b: Flutter Mane\n|-singleturn|p1b: Flutter Mane|Protect\n|move|p2a: Iron Bundle|Freeze-Dry|p1b: Flutter Mane\n|-activate|p1b: Flutter Mane|move: Protect\n|move|p1a: Scream Tail|Thunder Wave|p2a: Iron Bundle\n|-status|p2a: Iron Bundle|par\n|move|p2b: Kingambit|Iron Head|p1a: Scream Tail\n|-supereffective|p1a: Scream Tail\n|-damage|p1a: Scream Tail|0 fnt\n|faint|p1a: Scream Tail\n|-end|p1a: Scream Tail|Protosynthesis|[silent]\n|\n|upkeep\n|\n|t:|1683167415\n|switch|p1a: Ceruledge|Ceruledge, L50, M|100\/100\n|turn|4\n|inactive|Yungsmitty has 30 seconds left.\n|inactive|Maestro zoroli has 30 seconds left.\n|inactive|Maestro zoroli has 20 seconds left.\n|inactive|Maestro zoroli has 15 seconds left.\n|\n|t:|1683167461\n|-terastallize|p1a: Ceruledge|Grass\n|-terastallize|p2b: Kingambit|Fire\n|move|p2b: Kingambit|Sucker Punch|p1b: Flutter Mane\n|-damage|p1b: Flutter Mane|0 fnt\n|faint|p1b: Flutter Mane\n|-end|p1b: Flutter Mane|Protosynthesis|[silent]\n|move|p2a: Iron Bundle|Freeze-Dry|p1a: Ceruledge\n|-supereffective|p1a: Ceruledge\n|-damage|p1a: Ceruledge|23\/100\n|move|p1a: Ceruledge|Bitter Blade|p2b: Kingambit\n|-resisted|p2b: Kingambit\n|-damage|p2b: Kingambit|40\/100 par\n|-heal|p1a: Ceruledge|34\/100|[from] drain|[of] p2b: Kingambit\n|\n|upkeep\n|\n|t:|1683167477\n|switch|p1b: Baxcalibur|Baxcalibur, L50, M|100\/100\n|turn|5\n|\n|t:|1683167498\n|move|p1a: Ceruledge|Protect|p1a: Ceruledge\n|-singleturn|p1a: Ceruledge|Protect\n|move|p2a: Iron Bundle|Freeze-Dry|p1a: Ceruledge\n|-activate|p1a: Ceruledge|move: Protect\n|move|p1b: Baxcalibur|Glaive Rush|p2a: Iron Bundle\n|-damage|p2a: Iron Bundle|0 fnt\n|-singlemove|p1b: Baxcalibur|Glaive Rush|[silent]\n|faint|p2a: Iron Bundle\n|-end|p2a: Iron Bundle|Quark Drive|[silent]\n|-damage|p1b: Baxcalibur|91\/100|[from] item: Life Orb\n|cant|p2b: Kingambit|par\n|\n|upkeep\n|\n|t:|1683167511\n|switch|p2a: Flutter Mane|Flutter Mane, L50|100\/100\n|turn|6\n|\n|t:|1683167529\n|move|p1b: Baxcalibur|Ice Shard|p2a: Flutter Mane\n|-damage|p2a: Flutter Mane|42\/100\n|-damage|p1b: Baxcalibur|81\/100|[from] item: Life Orb\n|move|p1a: Ceruledge|Shadow Sneak|p2a: Flutter Mane\n|-supereffective|p2a: Flutter Mane\n|-damage|p2a: Flutter Mane|0 fnt\n|faint|p2a: Flutter Mane\n|-end|p2a: Flutter Mane|Protosynthesis|[silent]\n|move|p2b: Kingambit|Sucker Punch||[still]\n|-fail|p2b: Kingambit\n|\n|upkeep\n|turn|7\n|-message|Maestro zoroli forfeited.\n|\n|win|Yungsmitty\n|raw|Yungsmitty's rating: 1450 → 1470<\/strong> (+20 for winning)\n|raw|Maestro zoroli's rating: 1448 → 1428<\/strong> (-20 for losing)\n|l|\u2606Maestro zoroli\n","uploadtime":1683167550,"views":12,"p1id":"yungsmitty","p2id":"maestrozoroli","formatid":"gen9vgc2023regulationc","rating":1428,"private":0,"password":""}