{"id":"gen9vgc2023regulationc-1850954973","p1":"AmongusMaster5678","p2":"okFreaKVGC","format":"[Gen 9] VGC 2023 Regulation C","log":"|j|\u2606AmongusMaster5678\n|j|\u2606okFreaKVGC\n|t:|1682386567\n|gametype|doubles\n|player|p1|AmongusMaster5678|101|1351\n|player|p2|okFreaKVGC|101|1351\n|teamsize|p1|6\n|teamsize|p2|6\n|gen|9\n|tier|[Gen 9] VGC 2023 Regulation C\n|rated|\n|rule|Species Clause: Limit one of each Pok\u00e9mon\n|rule|Item Clause: Limit one of each item\n|clearpoke\n|poke|p1|Volcarona, L50, M|\n|poke|p1|Palafin, L50, M|\n|poke|p1|Flutter Mane, L50|\n|poke|p1|Torkoal, L50, M|\n|poke|p1|Gothitelle, L50, F|\n|poke|p1|Dondozo, L50, M|\n|poke|p2|Indeedee-F, L50, F|\n|poke|p2|Drifblim, L50, M|\n|poke|p2|Wo-Chien, L50|\n|poke|p2|Garchomp, L50, M|\n|poke|p2|Iron Bundle, L50|\n|poke|p2|Sylveon, L50, F|\n|teampreview|4\n|inactive|Battle timer is ON: inactive players will automatically lose when time's up. (requested by AmongusMaster5678)\nAmongusMaster5678 rejected open team sheets.\n|inactive|AmongusMaster5678 has 60 seconds left.\n|inactive|okFreaKVGC has 60 seconds left.\n|\n|t:|1682386609\n|start\n|switch|p1a: Volcarona|Volcarona, L50, M|100\/100\n|switch|p1b: Gothitelle|Gothitelle, L50, F|100\/100\n|switch|p2a: Indeedee|Indeedee-F, L50, F|100\/100\n|switch|p2b: Sylveon|Sylveon, L50, F|100\/100\n|-fieldstart|move: Psychic Terrain|[from] ability: Psychic Surge|[of] p2a: Indeedee\n|turn|1\n|inactive|okFreaKVGC has 30 seconds left.\n|inactive|okFreaKVGC has 20 seconds left.\n|\n|t:|1682386646\n|move|p1a: Volcarona|Struggle Bug|p2b: Sylveon|[spread] p2a,p2b\n|-supereffective|p2a: Indeedee\n|-resisted|p2b: Sylveon\n|-damage|p2a: Indeedee|72\/100\n|-damage|p2b: Sylveon|93\/100\n|-unboost|p2a: Indeedee|spa|1\n|-unboost|p2b: Sylveon|spa|1\n|move|p2b: Sylveon|Hyper Voice|p1b: Gothitelle|[spread] p1a,p1b\n|-resisted|p1a: Volcarona\n|-crit|p1b: Gothitelle\n|-damage|p1a: Volcarona|80\/100\n|-damage|p1b: Gothitelle|34\/100\n|-enditem|p1b: Gothitelle|Sitrus Berry|[eat]\n|-heal|p1b: Gothitelle|59\/100|[from] item: Sitrus Berry\n|move|p2a: Indeedee|Trick Room|p2a: Indeedee\n|-fieldstart|move: Trick Room|[of] p2a: Indeedee\n|move|p1b: Gothitelle|Trick Room|p1b: Gothitelle\n|-fieldend|move: Trick Room\n|\n|upkeep\n|turn|2\n|inactive|AmongusMaster5678 has 30 seconds left.\n|inactive|okFreaKVGC has 30 seconds left.\n|\n|t:|1682386672\n|switch|p1b: Torkoal|Torkoal, L50, M|100\/100\n|-weather|SunnyDay|[from] ability: Drought|[of] p1b: Torkoal\n|move|p1a: Volcarona|Flamethrower|p2b: Sylveon\n|-damage|p2b: Sylveon|42\/100\n|-status|p2b: Sylveon|brn\n|move|p2a: Indeedee|Psychic|p1a: Volcarona\n|-damage|p1a: Volcarona|53\/100\n|move|p2b: Sylveon|Hyper Voice|p1b: Torkoal|[spread] p1a,p1b\n|-resisted|p1a: Volcarona\n|-resisted|p1b: Torkoal\n|-damage|p1a: Volcarona|32\/100\n|-damage|p1b: Torkoal|74\/100\n|\n|-weather|SunnyDay|[upkeep]\n|-heal|p1b: Torkoal|80\/100|[from] item: Leftovers\n|-damage|p2b: Sylveon|36\/100 brn|[from] brn\n|upkeep\n|turn|3\n|\n|t:|1682386695\n|move|p1b: Torkoal|Protect|p1b: Torkoal\n|-singleturn|p1b: Torkoal|Protect\n|move|p1a: Volcarona|Struggle Bug|p2a: Indeedee|[spread] p2a,p2b\n|-supereffective|p2a: Indeedee\n|-resisted|p2b: Sylveon\n|-crit|p2b: Sylveon\n|-damage|p2a: Indeedee|42\/100\n|-damage|p2b: Sylveon|25\/100 brn\n|-unboost|p2a: Indeedee|spa|1\n|-unboost|p2b: Sylveon|spa|1\n|move|p2a: Indeedee|Psychic|p1b: Torkoal\n|-activate|p1b: Torkoal|move: Protect\n|move|p2b: Sylveon|Hyper Voice|p1b: Torkoal|[spread] p1a\n|-activate|p1b: Torkoal|move: Protect\n|-resisted|p1a: Volcarona\n|-damage|p1a: Volcarona|17\/100\n|\n|-weather|SunnyDay|[upkeep]\n|-heal|p1b: Torkoal|86\/100|[from] item: Leftovers\n|-damage|p2b: Sylveon|19\/100 brn|[from] brn\n|upkeep\n|turn|4\n|\n|t:|1682386712\n|move|p1b: Torkoal|Helping Hand|p1a: Volcarona\n|-singleturn|p1a: Volcarona|Helping Hand|[of] p1b: Torkoal\n|move|p1a: Volcarona|Struggle Bug|p2b: Sylveon|[spread] p2a,p2b\n|-supereffective|p2a: Indeedee\n|-resisted|p2b: Sylveon\n|-damage|p2a: Indeedee|0 fnt\n|-damage|p2b: Sylveon|9\/100 brn\n|-unboost|p2b: Sylveon|spa|1\n|faint|p2a: Indeedee\n|move|p2b: Sylveon|Hyper Voice|p1a: Volcarona|[spread] p1a,p1b\n|-resisted|p1a: Volcarona\n|-resisted|p1b: Torkoal\n|-damage|p1a: Volcarona|3\/100\n|-damage|p1b: Torkoal|71\/100\n|\n|-weather|SunnyDay|[upkeep]\n|-heal|p1b: Torkoal|77\/100|[from] item: Leftovers\n|-damage|p2b: Sylveon|3\/100 brn|[from] brn\n|upkeep\n|inactive|okFreaKVGC has 30 seconds left.\n|inactive|okFreaKVGC has 20 seconds left.\n|\n|t:|1682386750\n|switch|p2a: Wo-Chien|Wo-Chien, L50|100\/100\n|-ability|p2a: Wo-Chien|Tablets of Ruin\n|turn|5\n|\n|t:|1682386761\n|-terastallize|p2a: Wo-Chien|Water\n|move|p1a: Volcarona|Flamethrower|p2a: Wo-Chien\n|-resisted|p2a: Wo-Chien\n|-damage|p2a: Wo-Chien|79\/100\n|move|p2a: Wo-Chien|Giga Drain|p1a: Volcarona\n|-resisted|p1a: Volcarona\n|-damage|p1a: Volcarona|0 fnt\n|-heal|p2a: Wo-Chien|80\/100|[from] drain|[of] p1a: Volcarona\n|faint|p1a: Volcarona\n|move|p2b: Sylveon|Hyper Voice|p1b: Torkoal\n|-resisted|p1b: Torkoal\n|-damage|p1b: Torkoal|54\/100\n|move|p1b: Torkoal|Flamethrower|p2a: Wo-Chien\n|-resisted|p2a: Wo-Chien\n|-damage|p2a: Wo-Chien|67\/100\n|\n|-weather|SunnyDay|[upkeep]\n|-heal|p2a: Wo-Chien|73\/100|[from] item: Leftovers\n|-heal|p1b: Torkoal|60\/100|[from] item: Leftovers\n|-damage|p2b: Sylveon|0 fnt|[from] brn\n|faint|p2b: Sylveon\n|upkeep\n|\n|t:|1682386776\n|switch|p1a: Flutter Mane|Flutter Mane, L50|100\/100\n|switch|p2b: Iron Bundle|Iron Bundle, L50|100\/100\n|-activate|p1a: Flutter Mane|ability: Protosynthesis\n|-start|p1a: Flutter Mane|protosynthesisspe\n|-enditem|p2b: Iron Bundle|Booster Energy\n|-activate|p2b: Iron Bundle|ability: Quark Drive|[fromitem]\n|-start|p2b: Iron Bundle|quarkdrivespe\n|turn|6\n|\n|t:|1682386800\n|-terastallize|p1a: Flutter Mane|Fairy\n|move|p1b: Torkoal|Helping Hand|p1a: Flutter Mane\n|-singleturn|p1a: Flutter Mane|Helping Hand|[of] p1b: Torkoal\n|move|p2b: Iron Bundle|Protect|p2b: Iron Bundle\n|-singleturn|p2b: Iron Bundle|Protect\n|move|p2a: Wo-Chien|Protect|p2a: Wo-Chien\n|-singleturn|p2a: Wo-Chien|Protect\n|move|p1a: Flutter Mane|Dazzling Gleam|p2b: Iron Bundle|[spread] \n|-activate|p2a: Wo-Chien|move: Protect\n|-activate|p2b: Iron Bundle|move: Protect\n|\n|-weather|none\n|-end|p1a: Flutter Mane|Protosynthesis\n|-heal|p2a: Wo-Chien|80\/100|[from] item: Leftovers\n|-heal|p1b: Torkoal|66\/100|[from] item: Leftovers\n|upkeep\n|turn|7\n|\n|t:|1682386816\n|move|p1b: Torkoal|Helping Hand|p1a: Flutter Mane\n|-singleturn|p1a: Flutter Mane|Helping Hand|[of] p1b: Torkoal\n|move|p2b: Iron Bundle|Hydro Pump|p1a: Flutter Mane\n|-damage|p1a: Flutter Mane|47\/100\n|move|p1a: Flutter Mane|Dazzling Gleam|p2a: Wo-Chien|[spread] p2a,p2b\n|-damage|p2a: Wo-Chien|44\/100\n|-damage|p2b: Iron Bundle|0 fnt\n|faint|p2b: Iron Bundle\n|-end|p2b: Iron Bundle|Quark Drive|[silent]\n|move|p2a: Wo-Chien|Leech Seed|p1a: Flutter Mane\n|-start|p1a: Flutter Mane|move: Leech Seed\n|\n|-heal|p2a: Wo-Chien|50\/100|[from] item: Leftovers\n|-heal|p1b: Torkoal|72\/100|[from] item: Leftovers\n|-damage|p1a: Flutter Mane|34\/100|[from] Leech Seed|[of] p2a: Wo-Chien\n|-heal|p2a: Wo-Chien|59\/100|[silent]\n|upkeep\n|turn|8\n|\n|t:|1682386832\n|switch|p1b: Gothitelle|Gothitelle, L50, F|59\/100\n|move|p2a: Wo-Chien|Protect|p2a: Wo-Chien\n|-singleturn|p2a: Wo-Chien|Protect\n|move|p1a: Flutter Mane|Perish Song|p1a: Flutter Mane\n|-start|p1a: Flutter Mane|perish3|[silent]\n|-start|p1b: Gothitelle|perish3|[silent]\n|-start|p2a: Wo-Chien|perish3|[silent]\n|-fieldactivate|move: Perish Song\n|\n|-heal|p2a: Wo-Chien|65\/100|[from] item: Leftovers\n|-damage|p1a: Flutter Mane|22\/100|[from] Leech Seed|[of] p2a: Wo-Chien\n|-heal|p2a: Wo-Chien|73\/100|[silent]\n|-start|p1a: Flutter Mane|perish3\n|-start|p2a: Wo-Chien|perish3\n|-start|p1b: Gothitelle|perish3\n|-fieldend|move: Psychic Terrain\n|upkeep\n|turn|9\n|-message|okFreaKVGC forfeited.\n|\n|win|AmongusMaster5678\n|raw|AmongusMaster5678's rating: 1351 → 1371<\/strong> (+20 for winning)\n|raw|okFreaKVGC's rating: 1351 → 1331<\/strong> (-20 for losing)\n|l|\u2606okFreaKVGC\n","uploadtime":1682386843,"views":13,"p1id":"amongusmaster5678","p2id":"okfreakvgc","formatid":"gen9vgc2023regulationc","rating":1331,"private":0,"password":""}