{"id":"gen9vgc2023regulationc-1852499975","p1":"Frontier Brain Z","p2":"FroggerKid77","format":"[Gen 9] VGC 2023 Regulation C","log":"|j|\u2606Frontier Brain Z\n|j|\u2606FroggerKid77\n|t:|1682565818\n|gametype|doubles\n|player|p1|Frontier Brain Z|1|1044\n|player|p2|FroggerKid77|1|1000\n|teamsize|p1|6\n|teamsize|p2|6\n|gen|9\n|tier|[Gen 9] VGC 2023 Regulation C\n|rated|\n|rule|Species Clause: Limit one of each Pok\u00e9mon\n|rule|Item Clause: Limit one of each item\n|clearpoke\n|poke|p1|Amoonguss, L50, M|\n|poke|p1|Flutter Mane, L50|\n|poke|p1|Scream Tail, L50|\n|poke|p1|Chien-Pao, L50|\n|poke|p1|Gholdengo, L50|\n|poke|p1|Grafaiai, L50, F|\n|poke|p2|Azumarill, L50, M|\n|poke|p2|Amoonguss, L50, M|\n|poke|p2|Tauros-Paldea-Blaze, L50, M|\n|poke|p2|Ting-Lu, L50|\n|poke|p2|Baxcalibur, L50, M|\n|poke|p2|Flutter Mane, L50|\n|teampreview|4\n|inactive|Battle timer is ON: inactive players will automatically lose when time's up. (requested by FroggerKid77)\nFroggerKid77 has agreed to open team sheets.\n|inactive|Frontier Brain Z has 60 seconds left.\n|inactive|Frontier Brain Z has 30 seconds left.\n|inactive|Frontier Brain Z has 20 seconds left.\n|inactive|Frontier Brain Z has 15 seconds left.\n|inactive|Frontier Brain Z has 10 seconds left.\n|\n|t:|1682565899\n|start\n|switch|p1a: Scream Tail|Scream Tail, L50|100\/100\n|switch|p1b: Gholdengo|Gholdengo, L50|100\/100\n|switch|p2a: Ting-Lu|Ting-Lu, L50|100\/100\n|switch|p2b: Azumarill|Azumarill, L50, M|100\/100\n|-ability|p2a: Ting-Lu|Vessel of Ruin\n|turn|1\n|\n|t:|1682565923\n|move|p1b: Gholdengo|Protect|p1b: Gholdengo\n|-singleturn|p1b: Gholdengo|Protect\n|move|p1a: Scream Tail|Reflect|p1a: Scream Tail\n|-sidestart|p1: Frontier Brain Z|Reflect\n|move|p2b: Azumarill|Play Rough|p1a: Scream Tail|[miss]\n|-miss|p2b: Azumarill|p1a: Scream Tail\n|move|p2a: Ting-Lu|Stomping Tantrum|p1b: Gholdengo\n|-activate|p1b: Gholdengo|move: Protect\n|\n|upkeep\n|turn|2\n|inactive|Frontier Brain Z has 30 seconds left.\n|\n|t:|1682565949\n|-terastallize|p1b: Gholdengo|Water\n|move|p1a: Scream Tail|Ice Punch|p2a: Ting-Lu\n|-supereffective|p2a: Ting-Lu\n|-damage|p2a: Ting-Lu|85\/100\n|move|p1b: Gholdengo|Tera Blast|p2a: Ting-Lu\n|-supereffective|p2a: Ting-Lu\n|-damage|p2a: Ting-Lu|40\/100\n|-damage|p1b: Gholdengo|91\/100|[from] item: Life Orb\n|move|p2b: Azumarill|Play Rough|p1a: Scream Tail\n|-damage|p1a: Scream Tail|69\/100\n|move|p2a: Ting-Lu|Stomping Tantrum|p1b: Gholdengo\n|-damage|p1b: Gholdengo|66\/100\n|\n|upkeep\n|turn|3\n|inactive|Frontier Brain Z has 30 seconds left.\n|\n|t:|1682565978\n|switch|p1b: Amoonguss|Amoonguss, L50, M|100\/100\n|-terastallize|p2a: Ting-Lu|Poison\n|move|p1a: Scream Tail|Thunder Wave|p2b: Azumarill\n|-status|p2b: Azumarill|par\n|-enditem|p2b: Azumarill|Lum Berry|[eat]\n|-curestatus|p2b: Azumarill|par|[msg]\n|move|p2b: Azumarill|Play Rough|p1b: Amoonguss\n|-resisted|p1b: Amoonguss\n|-damage|p1b: Amoonguss|81\/100\n|move|p2a: Ting-Lu|Heavy Slam|p1a: Scream Tail\n|-supereffective|p1a: Scream Tail\n|-damage|p1a: Scream Tail|28\/100\n|-enditem|p1a: Scream Tail|Sitrus Berry|[eat]\n|-heal|p1a: Scream Tail|52\/100|[from] item: Sitrus Berry\n|\n|-heal|p1b: Amoonguss|87\/100|[from] item: Leftovers\n|upkeep\n|turn|4\n|inactive|Frontier Brain Z has 30 seconds left.\n|inactive|FroggerKid77 has 30 seconds left.\n|inactive|Frontier Brain Z has 20 seconds left.\n|inactive|Frontier Brain Z has 15 seconds left.\n|inactive|Frontier Brain Z has 10 seconds left.\n|\n|t:|1682566024\n|move|p1b: Amoonguss|Rage Powder|p1b: Amoonguss\n|-singleturn|p1b: Amoonguss|move: Rage Powder\n|move|p1a: Scream Tail|Thunder Wave|p2b: Azumarill|[miss]\n|-miss|p1a: Scream Tail|p2b: Azumarill\n|move|p2b: Azumarill|Play Rough|p1b: Amoonguss|[miss]\n|-miss|p2b: Azumarill|p1b: Amoonguss\n|move|p2a: Ting-Lu|Heavy Slam|p1b: Amoonguss\n|-damage|p1b: Amoonguss|60\/100\n|\n|-heal|p1b: Amoonguss|66\/100|[from] item: Leftovers\n|upkeep\n|turn|5\n|\n|t:|1682566047\n|move|p1a: Scream Tail|Thunder Wave|p2a: Ting-Lu\n|-status|p2a: Ting-Lu|par\n|move|p2b: Azumarill|Play Rough|p1a: Scream Tail|[miss]\n|-miss|p2b: Azumarill|p1a: Scream Tail\n|move|p1b: Amoonguss|Toxic|p2b: Azumarill\n|-status|p2b: Azumarill|tox\n|move|p2a: Ting-Lu|Heavy Slam|p1a: Scream Tail\n|-supereffective|p1a: Scream Tail\n|-damage|p1a: Scream Tail|12\/100\n|\n|-heal|p1b: Amoonguss|72\/100|[from] item: Leftovers\n|-damage|p2b: Azumarill|95\/100 tox|[from] psn\n|-sideend|p1: Frontier Brain Z|Reflect\n|upkeep\n|turn|6\n|\n|t:|1682566067\n|move|p1b: Amoonguss|Rage Powder|p1b: Amoonguss\n|-singleturn|p1b: Amoonguss|move: Rage Powder\n|move|p2b: Azumarill|Aqua Jet|p1b: Amoonguss\n|-resisted|p1b: Amoonguss\n|-damage|p1b: Amoonguss|59\/100\n|move|p1a: Scream Tail|Reflect|p1a: Scream Tail\n|-sidestart|p1: Frontier Brain Z|Reflect\n|move|p2a: Ting-Lu|Ruination|p1b: Amoonguss\n|-damage|p1b: Amoonguss|30\/100\n|\n|-heal|p1b: Amoonguss|36\/100|[from] item: Leftovers\n|-damage|p2b: Azumarill|83\/100 tox|[from] psn\n|upkeep\n|turn|7\n|inactive|Frontier Brain Z has 30 seconds left.\n|inactive|Frontier Brain Z has 20 seconds left.\n|inactive|Frontier Brain Z has 15 seconds left.\n|inactive|Frontier Brain Z has 10 seconds left.\n|\n|t:|1682566113\n|move|p1b: Amoonguss|Protect|p1b: Amoonguss\n|-singleturn|p1b: Amoonguss|Protect\n|move|p1a: Scream Tail|Light Screen|p1a: Scream Tail\n|-sidestart|p1: Frontier Brain Z|move: Light Screen\n|move|p2b: Azumarill|Play Rough|p1a: Scream Tail\n|-damage|p1a: Scream Tail|0 fnt\n|faint|p1a: Scream Tail\n|-end|p1a: Scream Tail|Protosynthesis|[silent]\n|move|p2a: Ting-Lu|Heavy Slam|p1b: Amoonguss\n|-activate|p1b: Amoonguss|move: Protect\n|\n|-heal|p1b: Amoonguss|42\/100|[from] item: Leftovers\n|-damage|p2b: Azumarill|66\/100 tox|[from] psn\n|upkeep\n|\n|t:|1682566130\n|switch|p1a: Gholdengo|Gholdengo, L50, tera:Water|66\/100\n|turn|8\n|inactive|Frontier Brain Z has 30 seconds left.\n|\n|t:|1682566164\n|move|p1b: Amoonguss|Rage Powder|p1b: Amoonguss\n|-singleturn|p1b: Amoonguss|move: Rage Powder\n|move|p1a: Gholdengo|Hex|p2a: Ting-Lu\n|-damage|p2a: Ting-Lu|3\/100 par\n|-damage|p1a: Gholdengo|56\/100|[from] item: Life Orb\n|move|p2b: Azumarill|Play Rough|p1b: Amoonguss\n|-resisted|p1b: Amoonguss\n|-crit|p1b: Amoonguss\n|-damage|p1b: Amoonguss|0 fnt\n|faint|p1b: Amoonguss\n|move|p2a: Ting-Lu|Ruination|p1a: Gholdengo\n|-damage|p1a: Gholdengo|28\/100\n|\n|-damage|p2b: Azumarill|43\/100 tox|[from] psn\n|upkeep\n|\n|t:|1682566178\n|switch|p1b: Flutter Mane|Flutter Mane, L50|100\/100\n|-enditem|p1b: Flutter Mane|Booster Energy\n|-activate|p1b: Flutter Mane|ability: Protosynthesis|[fromitem]\n|-start|p1b: Flutter Mane|protosynthesisspe\n|turn|9\n|\n|t:|1682566198\n|move|p2b: Azumarill|Aqua Jet|p1b: Flutter Mane\n|-damage|p1b: Flutter Mane|59\/100\n|move|p1b: Flutter Mane|Hex|p2a: Ting-Lu\n|-damage|p2a: Ting-Lu|0 fnt\n|faint|p2a: Ting-Lu\n|move|p1a: Gholdengo|Hex|p2b: Azumarill\n|-damage|p2b: Azumarill|0 fnt\n|faint|p2b: Azumarill\n|-damage|p1a: Gholdengo|19\/100|[from] item: Life Orb\n|\n|upkeep\n|\n|t:|1682566214\n|switch|p2b: Flutter Mane|Flutter Mane, L50|100\/100\n|switch|p2a: Tauros|Tauros-Paldea-Blaze, L50, M|100\/100\n|-ability|p2a: Tauros|Intimidate|boost\n|-unboost|p1a: Gholdengo|atk|1\n|-unboost|p1b: Flutter Mane|atk|1\n|-enditem|p2b: Flutter Mane|Booster Energy\n|-activate|p2b: Flutter Mane|ability: Protosynthesis|[fromitem]\n|-start|p2b: Flutter Mane|protosynthesisspa\n|turn|10\n|inactive|Frontier Brain Z has 30 seconds left.\n|inactive|Frontier Brain Z has 20 seconds left.\n|inactive|Frontier Brain Z has 15 seconds left.\n|inactive|Frontier Brain Z has 10 seconds left.\n|\n|t:|1682566263\n|move|p2b: Flutter Mane|Protect|p2b: Flutter Mane\n|-singleturn|p2b: Flutter Mane|Protect\n|move|p1b: Flutter Mane|Hex|p2b: Flutter Mane\n|-activate|p2b: Flutter Mane|move: Protect\n|move|p2a: Tauros|Flare Blitz|p1b: Flutter Mane\n|-damage|p1b: Flutter Mane|0 fnt\n|faint|p1b: Flutter Mane\n|-end|p1b: Flutter Mane|Protosynthesis|[silent]\n|-damage|p2a: Tauros|87\/100|[from] Recoil\n|move|p1a: Gholdengo|Tera Blast|p2a: Tauros\n|-supereffective|p2a: Tauros\n|-damage|p2a: Tauros|0 fnt\n|faint|p2a: Tauros\n|-damage|p1a: Gholdengo|9\/100|[from] item: Life Orb\n|\n|-sideend|p1: Frontier Brain Z|Reflect\n|upkeep\n|turn|11\n|\n|t:|1682566274\n|move|p2b: Flutter Mane|Moonblast|p1a: Gholdengo\n|-damage|p1a: Gholdengo|0 fnt\n|faint|p1a: Gholdengo\n|\n|win|FroggerKid77\n|raw|Frontier Brain Z's rating: 1044 → 1025<\/strong> (-19 for losing)\n|raw|FroggerKid77's rating: 1000 → 1045<\/strong> (+45 for winning)\n|l|\u2606Frontier Brain Z\n|n|\u2606FroggerKid77|froggerkid77\n","uploadtime":1682566299,"views":11,"p1id":"frontierbrainz","p2id":"froggerkid77","formatid":"gen9vgc2023regulationc","rating":1025,"private":0,"password":""}