{"id":"gen9vgc2023regulationc-1858440521","p1":"RedLantern2063","p2":"DragonWheal69","format":"[Gen 9] VGC 2023 Regulation C","log":"|j|\u2606RedLantern2063\n|j|\u2606DragonWheal69\n|t:|1683312546\n|gametype|doubles\n|player|p1|RedLantern2063|rocketgrunt|1135\n|player|p2|DragonWheal69|unknown|1135\n|teamsize|p1|6\n|teamsize|p2|6\n|gen|9\n|tier|[Gen 9] VGC 2023 Regulation C\n|rated|\n|rule|Species Clause: Limit one of each Pok\u00e9mon\n|rule|Item Clause: Limit one of each item\n|clearpoke\n|poke|p1|Gyarados, L50, M|\n|poke|p1|Tinkaton, L50, F|\n|poke|p1|Ceruledge, L50, F|\n|poke|p1|Tsareena, L50, F|\n|poke|p1|Bellibolt, L50, F|\n|poke|p1|Iron Treads, L50|\n|poke|p2|Maushold-Four, L50|\n|poke|p2|Kingambit, L50, F|\n|poke|p2|Tatsugiri, L50, M|\n|poke|p2|Dondozo, L50, F|\n|poke|p2|Ceruledge, L50, F|\n|poke|p2|Flutter Mane, L50|\n|teampreview|4\n|inactive|Battle timer is ON: inactive players will automatically lose when time's up. (requested by DragonWheal69)\n|inactive|RedLantern2063 has 60 seconds left.\n|\n|t:|1683312589\n|start\n|switch|p1a: Ceruledge|Ceruledge, L50, F|100\/100\n|switch|p1b: Tinkaton|Tinkaton, L50, F|100\/100\n|switch|p2a: Ceruledge|Ceruledge, L50, F|100\/100\n|switch|p2b: Flutter Mane|Flutter Mane, L50|100\/100\n|-ability|p1b: Tinkaton|Mold Breaker\n|turn|1\n|inactive|RedLantern2063 has 30 seconds left.\n|\n|t:|1683312614\n|-terastallize|p1a: Ceruledge|Grass\n|-terastallize|p2a: Ceruledge|Grass\n|move|p1b: Tinkaton|Helping Hand|p1a: Ceruledge\n|-singleturn|p1a: Ceruledge|Helping Hand|[of] p1b: Tinkaton\n|move|p2b: Flutter Mane|Dazzling Gleam|p1b: Tinkaton|[spread] p1a,p1b\n|-resisted|p1b: Tinkaton\n|-damage|p1a: Ceruledge|40\/100\n|-damage|p1b: Tinkaton|80\/100\n|move|p2a: Ceruledge|Bitter Blade|p1b: Tinkaton\n|-supereffective|p1b: Tinkaton\n|-damage|p1b: Tinkaton|4\/100\n|-enditem|p1b: Tinkaton|Aguav Berry|[eat]\n|-heal|p1b: Tinkaton|37\/100|[from] item: Aguav Berry\n|move|p1a: Ceruledge|Bitter Blade|p2b: Flutter Mane\n|-damage|p2b: Flutter Mane|0 fnt\n|-heal|p1a: Ceruledge|84\/100|[from] drain|[of] p2b: Flutter Mane\n|faint|p2b: Flutter Mane\n|-end|p2b: Flutter Mane|Protosynthesis|[silent]\n|-damage|p1a: Ceruledge|74\/100|[from] item: Life Orb\n|\n|upkeep\n|\n|t:|1683312631\n|switch|p2b: Kingambit|Kingambit, L50, F|100\/100\n|turn|2\n|\n|t:|1683312651\n|switch|p1b: Gyarados|Gyarados, L50, M, shiny|100\/100\n|-ability|p1b: Gyarados|Intimidate|boost\n|-unboost|p2a: Ceruledge|atk|1\n|-unboost|p2b: Kingambit|atk|1\n|-ability|p2b: Kingambit|Defiant|boost\n|-boost|p2b: Kingambit|atk|2\n|move|p2b: Kingambit|Protect|p2b: Kingambit\n|-singleturn|p2b: Kingambit|Protect\n|move|p2a: Ceruledge|Bitter Blade|p1a: Ceruledge\n|-start|p1a: Ceruledge|ability: Flash Fire\n|move|p1a: Ceruledge|Bulk Up|p1a: Ceruledge\n|-boost|p1a: Ceruledge|atk|1\n|-boost|p1a: Ceruledge|def|1\n|\n|upkeep\n|turn|3\n|inactive|DragonWheal69 has 30 seconds left.\n|\n|t:|1683312683\n|switch|p2a: Maushold|Maushold-Four, L50|100\/100\n|move|p2b: Kingambit|Sucker Punch|p1a: Ceruledge\n|-damage|p1a: Ceruledge|0 fnt\n|faint|p1a: Ceruledge\n|-damage|p2b: Kingambit|91\/100|[from] item: Life Orb\n|move|p1b: Gyarados|Dragon Dance|p1b: Gyarados\n|-boost|p1b: Gyarados|atk|1\n|-boost|p1b: Gyarados|spe|1\n|\n|upkeep\n|\n|t:|1683312694\n|switch|p1a: Tinkaton|Tinkaton, L50, F|37\/100\n|-ability|p1a: Tinkaton|Mold Breaker\n|turn|4\n|inactive|RedLantern2063 has 30 seconds left.\n|\n|t:|1683312720\n|move|p1a: Tinkaton|Fake Out|p2b: Kingambit\n|-resisted|p2b: Kingambit\n|-damage|p2b: Kingambit|88\/100\n|move|p2a: Maushold|Encore|p1b: Gyarados\n|-start|p1b: Gyarados|Encore\n|move|p1b: Gyarados|Dragon Dance|p1b: Gyarados\n|-boost|p1b: Gyarados|atk|1\n|-boost|p1b: Gyarados|spe|1\n|cant|p2b: Kingambit|flinch\n|\n|upkeep\n|turn|5\n|\n|t:|1683312739\n|switch|p1a: Bellibolt|Bellibolt, L50, F|100\/100\n|move|p2a: Maushold|Helping Hand|p2b: Kingambit\n|-singleturn|p2b: Kingambit|Helping Hand|[of] p2a: Maushold\n|move|p2b: Kingambit|Sucker Punch||[still]\n|-fail|p2b: Kingambit\n|move|p1b: Gyarados|Dragon Dance|p1b: Gyarados\n|-boost|p1b: Gyarados|atk|1\n|-boost|p1b: Gyarados|spe|1\n|\n|upkeep\n|turn|6\n|\n|t:|1683312755\n|move|p2a: Maushold|Helping Hand|p2b: Kingambit\n|-singleturn|p2b: Kingambit|Helping Hand|[of] p2a: Maushold\n|move|p1b: Gyarados|Dragon Dance|p1b: Gyarados\n|-boost|p1b: Gyarados|atk|1\n|-boost|p1b: Gyarados|spe|1\n|move|p2b: Kingambit|Kowtow Cleave|p1a: Bellibolt\n|-damage|p1a: Bellibolt|0 fnt\n|faint|p1a: Bellibolt\n|-damage|p2b: Kingambit|78\/100|[from] item: Life Orb\n|\n|-end|p1b: Gyarados|Encore\n|upkeep\n|\n|t:|1683312765\n|switch|p1a: Tinkaton|Tinkaton, L50, F|37\/100\n|-ability|p1a: Tinkaton|Mold Breaker\n|turn|7\n|inactive|RedLantern2063 has 30 seconds left.\n|\n|t:|1683312793\n|move|p1a: Tinkaton|Fake Out|p2b: Kingambit\n|-resisted|p2b: Kingambit\n|-damage|p2b: Kingambit|75\/100\n|move|p1b: Gyarados|Waterfall|p2b: Kingambit\n|-damage|p2b: Kingambit|0 fnt\n|faint|p2b: Kingambit\n|move|p2a: Maushold|Encore|p1b: Gyarados\n|-start|p1b: Gyarados|Encore\n|\n|upkeep\n|\n|t:|1683312802\n|switch|p2b: Ceruledge|Ceruledge, L50, F, tera:Grass|100\/100\n|turn|8\n|\n|t:|1683312811\n|move|p2a: Maushold|Helping Hand|p2b: Ceruledge\n|-singleturn|p2b: Ceruledge|Helping Hand|[of] p2a: Maushold\n|move|p1a: Tinkaton|Helping Hand|p1b: Gyarados\n|-singleturn|p1b: Gyarados|Helping Hand|[of] p1a: Tinkaton\n|move|p1b: Gyarados|Waterfall|p2b: Ceruledge\n|-resisted|p2b: Ceruledge\n|-damage|p2b: Ceruledge|0 fnt\n|faint|p2b: Ceruledge\n|\n|upkeep\n|turn|9\n|c|\u2606DragonWheal69|Gg\n|\n|t:|1683312825\n|move|p1b: Gyarados|Waterfall|p2a: Maushold\n|-damage|p2a: Maushold|0 fnt\n|faint|p2a: Maushold\n|\n|win|RedLantern2063\n|raw|RedLantern2063's rating: 1135 → 1160<\/strong> (+25 for winning)\n|raw|DragonWheal69's rating: 1135 → 1110<\/strong> (-25 for losing)\n|l|\u2606DragonWheal69\n","uploadtime":1683312834,"views":16,"p1id":"redlantern2063","p2id":"dragonwheal69","formatid":"gen9vgc2023regulationc","rating":1110,"private":0,"password":""}