{"id":"gen9vgc2023regulationc-1849805010","p1":"Samax2599","p2":"deathdragon25o","format":"[Gen 9] VGC 2023 Regulation C","log":"|j|\u2606Samax2599\n|j|\u2606deathdragon25o\n|t:|1682254429\n|gametype|doubles\n|player|p1|Samax2599|1|\n|player|p2|deathdragon25o|cress|\n|teamsize|p1|6\n|teamsize|p2|6\n|gen|9\n|tier|[Gen 9] VGC 2023 Regulation C\n|rule|Species Clause: Limit one of each Pok\u00e9mon\n|rule|Item Clause: Limit one of each item\n|clearpoke\n|poke|p1|Scatterbug, L50, M|\n|poke|p1|Bronzong, L50|\n|poke|p1|Arboliva, L50, M|\n|poke|p1|Medicham, L50, M|\n|poke|p1|Arcanine, L50, M|\n|poke|p1|Roaring Moon, L50|\n|poke|p2|Weavile, L50, F|\n|poke|p2|Lucario, L50, M|\n|poke|p2|Espeon, L50, M|\n|poke|p2|Quaquaval, L50, M|\n|poke|p2|Iron Bundle, L50|\n|poke|p2|Oricorio-Sensu, L50, F|\n|teampreview|4\n|inactive|Battle timer is ON: inactive players will automatically lose when time's up. (requested by deathdragon25o)\n|inactiveoff|Battle timer is now OFF.\n|c|\u2606Samax2599|g2\n|c|\u2606Samax2599|glhf\n|j| Heaven64\n|j| jayballester\n|\n|t:|1682254667\n|start\n|switch|p1a: Momo's Dinner|Scatterbug, L50, M|100\/100\n|switch|p1b: Toph|Bronzong, L50, shiny|100\/100\n|switch|p2a: Espeon|Espeon, L50, M, shiny|100\/100\n|switch|p2b: Weavile|Weavile, L50, F, shiny|100\/100\n|-ability|p2b: Weavile|Pressure\n|turn|1\n|\n|t:|1682254704\n|move|p2b: Weavile|Night Slash|p1b: Toph\n|-supereffective|p1b: Toph\n|-damage|p1b: Toph|63\/100\n|move|p2a: Espeon|Imprison|p2a: Espeon\n|-start|p2a: Espeon|move: Imprison\n|move|p1a: Momo's Dinner|Struggle Bug|p2b: Weavile|[spread] p2a,p2b\n|-supereffective|p2a: Espeon\n|-supereffective|p2b: Weavile\n|-damage|p2a: Espeon|82\/100\n|-damage|p2b: Weavile|74\/100\n|-unboost|p2a: Espeon|spa|1\n|-unboost|p2b: Weavile|spa|1\n|move|p1b: Toph|Body Press|p2b: Weavile\n|-supereffective|p2b: Weavile\n|-crit|p2b: Weavile\n|-damage|p2b: Weavile|0 fnt\n|faint|p2b: Weavile\n|\n|-heal|p2a: Espeon|88\/100|[from] item: Leftovers\n|upkeep\n|\n|t:|1682254733\n|switch|p2b: Lucario|Lucario, L50, M, shiny|100\/100\n|turn|2\n|\n|t:|1682254745\n|move|p1a: Momo's Dinner|Rage Powder|p1a: Momo's Dinner\n|-singleturn|p1a: Momo's Dinner|move: Rage Powder\n|move|p2a: Espeon|Psychic|p1a: Momo's Dinner\n|-damage|p1a: Momo's Dinner|20\/100\n|move|p2b: Lucario|Close Combat|p1a: Momo's Dinner\n|-resisted|p1a: Momo's Dinner\n|-damage|p1a: Momo's Dinner|0 fnt\n|-unboost|p2b: Lucario|def|1\n|-unboost|p2b: Lucario|spd|1\n|faint|p1a: Momo's Dinner\n|move|p1b: Toph|Body Press|p2b: Lucario\n|-supereffective|p2b: Lucario\n|-damage|p2b: Lucario|0 fnt\n|faint|p2b: Lucario\n|\n|-heal|p2a: Espeon|94\/100|[from] item: Leftovers\n|upkeep\n|\n|t:|1682254758\n|switch|p2b: Iron Bundle|Iron Bundle, L50|100\/100\n|switch|p1a: Iroh|Arcanine, L50, M|100\/100\n|-ability|p1a: Iroh|Intimidate|boost\n|-unboost|p2a: Espeon|atk|1\n|-unboost|p2b: Iron Bundle|atk|1\n|-enditem|p2b: Iron Bundle|Booster Energy\n|-activate|p2b: Iron Bundle|ability: Quark Drive|[fromitem]\n|-start|p2b: Iron Bundle|quarkdrivespe\n|turn|3\n|\n|t:|1682254812\n|-terastallize|p2b: Iron Bundle|Ghost\n|-terastallize|p1b: Toph|Water\n|move|p2b: Iron Bundle|Hydro Pump|p1a: Iroh\n|-supereffective|p1a: Iroh\n|-damage|p1a: Iroh|17\/100\n|move|p2a: Espeon|Dazzling Gleam|p1b: Toph|[spread] p1a,p1b\n|-resisted|p1a: Iroh\n|-damage|p1a: Iroh|13\/100\n|-damage|p1b: Toph|53\/100\n|move|p1a: Iroh|Snarl|p2b: Iron Bundle|[spread] p2a,p2b\n|-supereffective|p2a: Espeon\n|-supereffective|p2b: Iron Bundle\n|-damage|p2a: Espeon|75\/100\n|-damage|p2b: Iron Bundle|64\/100\n|-unboost|p2a: Espeon|spa|1\n|-unboost|p2b: Iron Bundle|spa|1\n|move|p1b: Toph|Body Press|p2b: Iron Bundle\n|-immune|p2b: Iron Bundle\n|\n|-heal|p2a: Espeon|81\/100|[from] item: Leftovers\n|upkeep\n|turn|4\n|\n|t:|1682254836\n|switch|p1a: Hei Bai|Arboliva, L50, M|100\/100\n|move|p2b: Iron Bundle|Freeze-Dry|p1b: Toph\n|-supereffective|p1b: Toph\n|-damage|p1b: Toph|12\/100\n|move|p2a: Espeon|Psychic|p1a: Hei Bai\n|-damage|p1a: Hei Bai|82\/100\n|-fieldstart|move: Grassy Terrain|[from] ability: Seed Sower|[of] p1a: Hei Bai\n|move|p1b: Toph|Heavy Slam|p2b: Iron Bundle\n|-damage|p2b: Iron Bundle|22\/100\n|\n|-heal|p2b: Iron Bundle|28\/100|[from] Grassy Terrain\n|-heal|p2a: Espeon|87\/100|[from] Grassy Terrain\n|-heal|p2a: Espeon|92\/100|[from] item: Leftovers\n|-heal|p1a: Hei Bai|88\/100|[from] Grassy Terrain\n|-heal|p1b: Toph|18\/100|[from] Grassy Terrain\n|upkeep\n|turn|5\n|\n|t:|1682254866\n|move|p2b: Iron Bundle|Freeze-Dry|p1a: Hei Bai\n|-supereffective|p1a: Hei Bai\n|-damage|p1a: Hei Bai|48\/100\n|-enditem|p1a: Hei Bai|Weakness Policy\n|-boost|p1a: Hei Bai|atk|2|[from] item: Weakness Policy\n|-boost|p1a: Hei Bai|spa|2|[from] item: Weakness Policy\n|move|p2a: Espeon|Psychic|p1b: Toph\n|-damage|p1b: Toph|0 fnt\n|faint|p1b: Toph\n|move|p1a: Hei Bai|Giga Drain|p2b: Iron Bundle\n|-damage|p2b: Iron Bundle|0 fnt\n|-heal|p1a: Hei Bai|58\/100|[from] drain|[of] p2b: Iron Bundle\n|faint|p2b: Iron Bundle\n|-end|p2b: Iron Bundle|Quark Drive|[silent]\n|\n|-heal|p2a: Espeon|98\/100|[from] Grassy Terrain\n|-heal|p2a: Espeon|100\/100|[from] item: Leftovers\n|-heal|p1a: Hei Bai|64\/100|[from] Grassy Terrain\n|upkeep\n|\n|t:|1682254882\n|switch|p1b: Iroh|Arcanine, L50, M|13\/100\n|-ability|p1b: Iroh|Intimidate|boost\n|-unboost|p2a: Espeon|atk|1\n|turn|6\n|\n|t:|1682254890\n|move|p1b: Iroh|Extreme Speed|p2a: Espeon\n|-damage|p2a: Espeon|67\/100\n|move|p2a: Espeon|Psychic|p1b: Iroh\n|-damage|p1b: Iroh|0 fnt\n|faint|p1b: Iroh\n|move|p1a: Hei Bai|Giga Drain|p2a: Espeon\n|-damage|p2a: Espeon|0 fnt\n|-heal|p1a: Hei Bai|95\/100|[from] drain|[of] p2a: Espeon\n|faint|p2a: Espeon\n|\n|win|Samax2599\n|c|\u2606Samax2599|ggs\n|l| jayballester\n|l| Heaven64\n","uploadtime":1682254926,"views":32,"p1id":"samax2599","p2id":"deathdragon25o","formatid":"gen9vgc2023regulationc","rating":0,"private":0,"password":""}