{"id":"gen9vgc2023regulationc-1846901747","p1":"maku8319","p2":"TheFriedPearVGC","format":"[Gen 9] VGC 2023 Regulation C","log":"|j|\u2606maku8319\n|j|\u2606TheFriedPearVGC\n|t:|1681898316\n|gametype|doubles\n|player|p1|maku8319|red|1399\n|player|p2|TheFriedPearVGC|101|1307\n|teamsize|p1|6\n|teamsize|p2|6\n|gen|9\n|tier|[Gen 9] VGC 2023 Regulation C\n|rated|\n|rule|Species Clause: Limit one of each Pok\u00e9mon\n|rule|Item Clause: Limit one of each item\n|clearpoke\n|poke|p1|Klefki, L50, F|\n|poke|p1|Arcanine, L50, F|\n|poke|p1|Corviknight, L50, F|\n|poke|p1|Ting-Lu, L50|\n|poke|p1|Iron Hands, L50|\n|poke|p1|Flutter Mane, L50|\n|poke|p2|Palafin, L50, F|\n|poke|p2|Iron Hands, L50|\n|poke|p2|Arcanine, L50, F|\n|poke|p2|Amoonguss, L50, M|\n|poke|p2|Flutter Mane, L50|\n|poke|p2|Ting-Lu, L50|\n|teampreview|4\n|inactive|Battle timer is ON: inactive players will automatically lose when time's up. (requested by TheFriedPearVGC)\nTheFriedPearVGC has agreed to open team sheets.\n|\n|t:|1681898362\n|start\n|switch|p1a: Klefki|Klefki, L50, F|100\/100\n|switch|p1b: Iron Hands|Iron Hands, L50, shiny|100\/100\n|switch|p2a: Ting-Lu|Ting-Lu, L50|100\/100\n|switch|p2b: Palafin|Palafin, L50, F|100\/100\n|-ability|p2a: Ting-Lu|Vessel of Ruin\n|turn|1\n|\n|t:|1681898373\n|detailschange|p2b: Palafin|Palafin-Hero, L50, F\n|switch|p2b: Arcanine|Arcanine, L50, F|100\/100\n|-ability|p2b: Arcanine|Intimidate|boost\n|-unboost|p1a: Klefki|atk|1\n|-unboost|p1b: Iron Hands|atk|1\n|move|p1a: Klefki|Reflect|p1a: Klefki\n|-sidestart|p1: maku8319|Reflect\n|move|p1b: Iron Hands|Swords Dance|p1b: Iron Hands\n|-boost|p1b: Iron Hands|atk|2\n|move|p2a: Ting-Lu|Fissure|p1a: Klefki\n|-damage|p1a: Klefki|0 fnt\n|faint|p1a: Klefki\n|-ohko\n|\n|upkeep\n|c|\u2606maku8319|ok\n|\n|t:|1681898395\n|switch|p1a: Arcanine|Arcanine, L50, F|100\/100\n|-ability|p1a: Arcanine|Intimidate|boost\n|-unboost|p2a: Ting-Lu|atk|1\n|-unboost|p2b: Arcanine|atk|1\n|turn|2\n|\n|t:|1681898409\n|move|p2b: Arcanine|Will-O-Wisp|p1b: Iron Hands\n|-status|p1b: Iron Hands|brn\n|move|p1a: Arcanine|Howl|p1a: Arcanine|[spread] p1a,p1b\n|-boost|p1a: Arcanine|atk|1\n|-boost|p1b: Iron Hands|atk|1\n|move|p1b: Iron Hands|Drain Punch|p2a: Ting-Lu\n|-supereffective|p2a: Ting-Lu\n|-damage|p2a: Ting-Lu|60\/100\n|move|p2a: Ting-Lu|Fissure|p1b: Iron Hands|[miss]\n|-miss|p2a: Ting-Lu|p1b: Iron Hands\n|\n|-damage|p1b: Iron Hands|94\/100 brn|[from] brn\n|upkeep\n|turn|3\n|inactive|maku8319 has 30 seconds left.\n|\n|t:|1681898435\n|move|p1a: Arcanine|Howl|p1a: Arcanine|[spread] p1a,p1b\n|-boost|p1a: Arcanine|atk|1\n|-boost|p1b: Iron Hands|atk|1\n|move|p2b: Arcanine|Flare Blitz|p1a: Arcanine\n|-resisted|p1a: Arcanine\n|-damage|p1a: Arcanine|90\/100\n|-damage|p2b: Arcanine|97\/100|[from] Recoil\n|move|p1b: Iron Hands|Swords Dance|p1b: Iron Hands\n|-boost|p1b: Iron Hands|atk|2\n|move|p2a: Ting-Lu|Stomping Tantrum|p1a: Arcanine\n|-supereffective|p1a: Arcanine\n|-damage|p1a: Arcanine|37\/100\n|\n|-damage|p1b: Iron Hands|88\/100 brn|[from] brn\n|upkeep\n|turn|4\n|\n|t:|1681898456\n|move|p1a: Arcanine|Protect|p1a: Arcanine\n|-singleturn|p1a: Arcanine|Protect\n|move|p2b: Arcanine|Flare Blitz|p1b: Iron Hands\n|-damage|p1b: Iron Hands|75\/100 brn\n|-damage|p2b: Arcanine|92\/100|[from] Recoil\n|move|p1b: Iron Hands|Drain Punch|p2a: Ting-Lu\n|-supereffective|p2a: Ting-Lu\n|-damage|p2a: Ting-Lu|0 fnt\n|-heal|p1b: Iron Hands|100\/100 brn|[from] drain|[of] p2a: Ting-Lu\n|faint|p2a: Ting-Lu\n|\n|-damage|p1b: Iron Hands|94\/100 brn|[from] brn\n|upkeep\n|\n|t:|1681898465\n|switch|p2a: Flutter Mane|Flutter Mane, L50|100\/100\n|turn|5\n|\n|t:|1681898481\n|switch|p1a: Ting-Lu|Ting-Lu, L50|100\/100\n|-ability|p1a: Ting-Lu|Vessel of Ruin\n|-terastallize|p1b: Iron Hands|Grass\n|move|p2a: Flutter Mane|Shadow Ball|p1a: Ting-Lu\n|-resisted|p1a: Ting-Lu\n|-damage|p1a: Ting-Lu|90\/100\n|move|p2b: Arcanine|Flare Blitz|p1b: Iron Hands\n|-supereffective|p1b: Iron Hands\n|-damage|p1b: Iron Hands|67\/100 brn\n|-damage|p2b: Arcanine|81\/100|[from] Recoil\n|move|p1b: Iron Hands|Drain Punch|p2b: Arcanine\n|-damage|p2b: Arcanine|12\/100\n|-heal|p1b: Iron Hands|95\/100 brn|[from] drain|[of] p2b: Arcanine\n|-enditem|p2b: Arcanine|Figy Berry|[eat]\n|-heal|p2b: Arcanine|45\/100|[from] item: Figy Berry\n|\n|-damage|p1b: Iron Hands|89\/100 brn|[from] brn\n|upkeep\n|turn|6\n|\n|t:|1681898499\n|move|p2a: Flutter Mane|Shadow Ball|p1b: Iron Hands\n|-damage|p1b: Iron Hands|54\/100 brn\n|move|p2b: Arcanine|Flare Blitz|p1b: Iron Hands\n|-supereffective|p1b: Iron Hands\n|-damage|p1b: Iron Hands|29\/100 brn\n|-enditem|p1b: Iron Hands|Sitrus Berry|[eat]\n|-heal|p1b: Iron Hands|54\/100 brn|[from] item: Sitrus Berry\n|-damage|p2b: Arcanine|35\/100|[from] Recoil\n|move|p1a: Ting-Lu|Heavy Slam|p2a: Flutter Mane\n|-supereffective|p2a: Flutter Mane\n|-damage|p2a: Flutter Mane|0 fnt\n|faint|p2a: Flutter Mane\n|-end|p2a: Flutter Mane|Protosynthesis|[silent]\n|move|p1b: Iron Hands|Drain Punch|p2b: Arcanine\n|-damage|p2b: Arcanine|0 fnt\n|-heal|p1b: Iron Hands|68\/100 brn|[from] drain|[of] p2b: Arcanine\n|faint|p2b: Arcanine\n|\n|-damage|p1b: Iron Hands|61\/100 brn|[from] brn\n|upkeep\n|-message|TheFriedPearVGC forfeited.\n|\n|win|maku8319\n|raw|maku8319's rating: 1399 → 1414<\/strong> (+15 for winning)\n|raw|TheFriedPearVGC's rating: 1307 → 1292<\/strong> (-15 for losing)\n|l|\u2606TheFriedPearVGC\n","uploadtime":1681898519,"views":13,"p1id":"maku8319","p2id":"thefriedpearvgc","formatid":"gen9vgc2023regulationc","rating":1292,"private":0,"password":""}