{"id":"gen9vgc2023regulationc-1845773906","p1":"SoutherlySoup","p2":"Himynameistanner","format":"[Gen 9] VGC 2023 Regulation C","log":"|j|\u2606SoutherlySoup\n|j|\u2606Himynameistanner\n|t:|1681763271\n|gametype|doubles\n|player|p1|SoutherlySoup|dawn|1099\n|player|p2|Himynameistanner|101|1058\n|teamsize|p1|6\n|teamsize|p2|6\n|gen|9\n|tier|[Gen 9] VGC 2023 Regulation C\n|rated|\n|rule|Species Clause: Limit one of each Pok\u00e9mon\n|rule|Item Clause: Limit one of each item\n|clearpoke\n|poke|p1|Tatsugiri, L50, M|\n|poke|p1|Dondozo, L50, M|\n|poke|p1|Brute Bonnet, L50|\n|poke|p1|Armarouge, L50, F|\n|poke|p1|Indeedee-F, L50, F|\n|poke|p1|Chien-Pao, L50|\n|poke|p2|Slither Wing, L50|\n|poke|p2|Roaring Moon, L50|\n|poke|p2|Breloom, L50, F|\n|poke|p2|Gholdengo, L50|\n|poke|p2|Chien-Pao, L50|\n|poke|p2|Kilowattrel, L50, M|\n|teampreview|4\nSoutherlySoup rejected open team sheets.\n|inactive|Battle timer is ON: inactive players will automatically lose when time's up. (requested by SoutherlySoup)\n|inactive|Himynameistanner has 60 seconds left.\n|\n|t:|1681763333\n|start\n|switch|p1a: Brute Bonnet|Brute Bonnet, L50|100\/100\n|switch|p1b: Chien-Pao|Chien-Pao, L50|100\/100\n|switch|p2a: Kilowattrel|Kilowattrel, L50, M|100\/100\n|switch|p2b: Breloom|Breloom, L50, F|100\/100\n|-ability|p1b: Chien-Pao|Sword of Ruin\n|-enditem|p1a: Brute Bonnet|Booster Energy\n|-activate|p1a: Brute Bonnet|ability: Protosynthesis|[fromitem]\n|-start|p1a: Brute Bonnet|protosynthesisatk\n|turn|1\n|inactive|SoutherlySoup has 30 seconds left.\n|inactive|SoutherlySoup has 20 seconds left.\n|\n|t:|1681763372\n|move|p2a: Kilowattrel|Tailwind|p2a: Kilowattrel\n|-sidestart|p2: Himynameistanner|move: Tailwind\n|move|p2b: Breloom|Spore|p1b: Chien-Pao\n|-status|p1b: Chien-Pao|slp|[from] move: Spore\n|cant|p1b: Chien-Pao|slp\n|move|p1a: Brute Bonnet|Spore|p2a: Kilowattrel\n|-status|p2a: Kilowattrel|slp|[from] move: Spore\n|\n|upkeep\n|turn|2\n|\n|t:|1681763392\n|move|p1a: Brute Bonnet|Sucker Punch||[still]\n|-fail|p1a: Brute Bonnet\n|cant|p2a: Kilowattrel|slp\n|move|p2b: Breloom|Substitute|p2b: Breloom\n|-start|p2b: Breloom|Substitute\n|-damage|p2b: Breloom|76\/100\n|cant|p1b: Chien-Pao|slp\n|\n|upkeep\n|turn|3\n|\n|t:|1681763403\n|cant|p2a: Kilowattrel|slp\n|move|p2b: Breloom|Bullet Seed|p1b: Chien-Pao\n|-damage|p1b: Chien-Pao|69\/100 slp\n|-damage|p1b: Chien-Pao|40\/100 slp\n|-crit|p1b: Chien-Pao\n|-damage|p1b: Chien-Pao|0 fnt\n|faint|p1b: Chien-Pao\n|-hitcount|p1: Chien-Pao|3\n|move|p1a: Brute Bonnet|Seed Bomb|p2b: Breloom\n|-resisted|p2b: Breloom\n|-end|p2b: Breloom|Substitute\n|\n|upkeep\n|\n|t:|1681763408\n|switch|p1b: Dondozo|Dondozo, L50, M|100\/100\n|turn|4\n|inactive|SoutherlySoup has 30 seconds left.\n|\n|t:|1681763435\n|cant|p2a: Kilowattrel|slp\n|move|p2b: Breloom|Spore|p1b: Dondozo\n|-status|p1b: Dondozo|slp|[from] move: Spore\n|cant|p1b: Dondozo|slp\n|move|p1a: Brute Bonnet|Seed Bomb|p2b: Breloom\n|-resisted|p2b: Breloom\n|-damage|p2b: Breloom|34\/100\n|\n|-sideend|p2: Himynameistanner|move: Tailwind\n|upkeep\n|turn|5\n|\n|t:|1681763452\n|-curestatus|p1b: Dondozo|slp|[msg]\n|move|p1b: Dondozo|Protect|p1b: Dondozo\n|-singleturn|p1b: Dondozo|Protect\n|-curestatus|p2a: Kilowattrel|slp|[msg]\n|move|p2a: Kilowattrel|Tailwind|p2a: Kilowattrel\n|-sidestart|p2: Himynameistanner|move: Tailwind\n|move|p2b: Breloom|Bullet Seed|p1b: Dondozo\n|-activate|p1b: Dondozo|move: Protect\n|move|p1a: Brute Bonnet|Seed Bomb|p2b: Breloom\n|-resisted|p2b: Breloom\n|-damage|p2b: Breloom|0 fnt\n|faint|p2b: Breloom\n|\n|upkeep\n|\n|t:|1681763465\n|switch|p2b: Slither Wing|Slither Wing, L50|100\/100\n|turn|6\n|\n|t:|1681763479\n|-end|p1a: Brute Bonnet|Protosynthesis|[silent]\n|switch|p1a: Tatsugiri|Tatsugiri, L50, M|100\/100\n|-activate|p1a: Tatsugiri|ability: Commander|[of] p1b: Dondozo\n|-boost|p1b: Dondozo|atk|2\n|-boost|p1b: Dondozo|spa|2\n|-boost|p1b: Dondozo|spe|2\n|-boost|p1b: Dondozo|def|2\n|-boost|p1b: Dondozo|spd|2\n|-terastallize|p1b: Dondozo|Electric\n|move|p2b: Slither Wing|First Impression|p1a: Tatsugiri|[miss]\n|-miss|p2b: Slither Wing|p1a: Tatsugiri\n|move|p2a: Kilowattrel|Volt Switch|p1b: Dondozo\n|-resisted|p1b: Dondozo\n|-damage|p1b: Dondozo|93\/100\n|\n|t:|1681763486\n|switch|p2a: Chien-Pao|Chien-Pao, L50|100\/100|[from] Volt Switch\n|-ability|p2a: Chien-Pao|Sword of Ruin\n|move|p1b: Dondozo|Tera Blast|p2a: Chien-Pao\n|-damage|p2a: Chien-Pao|2\/100\n|\n|-heal|p1b: Dondozo|99\/100|[from] item: Leftovers\n|upkeep\n|turn|7\n|\n|t:|1681763507\n|move|p2a: Chien-Pao|Sacred Sword|p1b: Dondozo\n|-damage|p1b: Dondozo|62\/100\n|move|p2b: Slither Wing|Bulk Up|p2b: Slither Wing\n|-boost|p2b: Slither Wing|atk|1\n|-boost|p2b: Slither Wing|def|1\n|move|p1b: Dondozo|Order Up|p2a: Chien-Pao\n|-damage|p2a: Chien-Pao|0 fnt\n|faint|p2a: Chien-Pao\n|-boost|p1b: Dondozo|atk|1\n|\n|-heal|p1b: Dondozo|68\/100|[from] item: Leftovers\n|upkeep\n|\n|t:|1681763525\n|switch|p2a: Kilowattrel|Kilowattrel, L50, M|100\/100\n|turn|8\n|\n|t:|1681763538\n|move|p2a: Kilowattrel|Air Cutter|p1b: Dondozo|[spread] p1b\n|-miss|p2a: Kilowattrel|p1a: Tatsugiri\n|-resisted|p1b: Dondozo\n|-crit|p1b: Dondozo\n|-damage|p1b: Dondozo|53\/100\n|move|p2b: Slither Wing|Bulk Up|p2b: Slither Wing\n|-boost|p2b: Slither Wing|atk|1\n|-boost|p2b: Slither Wing|def|1\n|move|p1b: Dondozo|Tera Blast|p2b: Slither Wing\n|-damage|p2b: Slither Wing|0 fnt\n|faint|p2b: Slither Wing\n|-end|p2b: Slither Wing|Protosynthesis|[silent]\n|\n|-heal|p1b: Dondozo|59\/100|[from] item: Leftovers\n|-sideend|p2: Himynameistanner|move: Tailwind\n|upkeep\n|turn|9\n|\n|t:|1681763557\n|-terastallize|p2a: Kilowattrel|Electric\n|move|p2a: Kilowattrel|Air Cutter|p1a: Tatsugiri|[spread] \n|-miss|p2a: Kilowattrel|p1a: Tatsugiri\n|-miss|p2a: Kilowattrel|p1b: Dondozo\n|move|p1b: Dondozo|Tera Blast|p2a: Kilowattrel\n|-resisted|p2a: Kilowattrel\n|-damage|p2a: Kilowattrel|12\/100\n|\n|-heal|p1b: Dondozo|66\/100|[from] item: Leftovers\n|upkeep\n|turn|10\n|-message|Himynameistanner forfeited.\n|\n|win|SoutherlySoup\n|raw|SoutherlySoup's rating: 1099 → 1121<\/strong> (+22 for winning)\n|raw|Himynameistanner's rating: 1058 → 1041<\/strong> (-17 for losing)\n|l|\u2606Himynameistanner\n","uploadtime":1681763583,"views":5,"p1id":"southerlysoup","p2id":"himynameistanner","formatid":"gen9vgc2023regulationc","rating":1041,"private":0,"password":""}