{"id":"gen9vgc2023regulationc-1846787372","p1":"kankan9670","p2":"Quantum2000","format":"[Gen 9] VGC 2023 Regulation C","log":"|j|\u2606kankan9670\n|j|\u2606Quantum2000\n|t:|1681879287\n|gametype|doubles\n|player|p1|kankan9670|102|1266\n|player|p2|Quantum2000|cynthia-gen4|1161\n|teamsize|p1|6\n|teamsize|p2|6\n|gen|9\n|tier|[Gen 9] VGC 2023 Regulation C\n|rated|\n|rule|Species Clause: Limit one of each Pok\u00e9mon\n|rule|Item Clause: Limit one of each item\n|clearpoke\n|poke|p1|Arcanine, L50, M|\n|poke|p1|Palafin, L50, M|\n|poke|p1|Flutter Mane, L50|\n|poke|p1|Chien-Pao, L50|\n|poke|p1|Dragapult, L50, M|\n|poke|p1|Amoonguss, L50, F|\n|poke|p2|Abomasnow, L50, F|\n|poke|p2|Cetitan, L50, F|\n|poke|p2|Iron Bundle, L50|\n|poke|p2|Chi-Yu, L50|\n|poke|p2|Ting-Lu, L50|\n|poke|p2|Gyarados, L50, F|\n|teampreview|4\n|inactive|Battle timer is ON: inactive players will automatically lose when time's up. (requested by kankan9670)\n|\n|t:|1681879380\n|start\n|switch|p1a: Palafin|Palafin, L50, M|100\/100\n|switch|p1b: Dragapult|Dragapult, L50, M|100\/100\n|switch|p2a: Icesa|Abomasnow, L50, F, shiny|100\/100\n|switch|p2b: aquira|Iron Bundle, L50|100\/100\n|-weather|Snow|[from] ability: Snow Warning|[of] p2a: Icesa\n|-enditem|p2b: aquira|Booster Energy\n|-activate|p2b: aquira|ability: Quark Drive|[fromitem]\n|-start|p2b: aquira|quarkdrivespe\n|turn|1\n|inactive|kankan9670 has 30 seconds left.\n|inactive|kankan9670 has 20 seconds left.\n|inactive|kankan9670 has 15 seconds left.\n|inactive|kankan9670 has 10 seconds left.\n|inactive|kankan9670 has 5 seconds left.\n|\n|t:|1681879435\n|move|p1a: Palafin|Protect|p1a: Palafin\n|-singleturn|p1a: Palafin|Protect\n|move|p2b: aquira|Blizzard|p1b: Dragapult|[spread] p1b\n|-activate|p1a: Palafin|move: Protect\n|-supereffective|p1b: Dragapult\n|-damage|p1b: Dragapult|0 fnt\n|faint|p1b: Dragapult\n|move|p2a: Icesa|Blizzard|p1a: Palafin\n|-activate|p1a: Palafin|move: Protect\n|\n|-weather|Snow|[upkeep]\n|upkeep\n|\n|t:|1681879448\n|switch|p1b: Amoonguss|Amoonguss, L50, F|100\/100\n|turn|2\n|\n|t:|1681879461\n|detailschange|p1a: Palafin|Palafin-Hero, L50, M\n|switch|p1a: Flutter Mane|Flutter Mane, L50|100\/100\n|-enditem|p1a: Flutter Mane|Booster Energy\n|-activate|p1a: Flutter Mane|ability: Protosynthesis|[fromitem]\n|-start|p1a: Flutter Mane|protosynthesisspa\n|-terastallize|p1b: Amoonguss|Water\n|move|p2b: aquira|Freeze-Dry|p1a: Flutter Mane\n|-damage|p1a: Flutter Mane|68\/100\n|move|p2a: Icesa|Blizzard|p1a: Flutter Mane|[spread] p1a,p1b\n|-resisted|p1b: Amoonguss\n|-damage|p1a: Flutter Mane|41\/100\n|-damage|p1b: Amoonguss|90\/100\n|move|p1b: Amoonguss|Spore|p2b: aquira\n|-status|p2b: aquira|slp|[from] move: Spore\n|\n|-weather|Snow|[upkeep]\n|upkeep\n|turn|3\n|inactive|kankan9670 has 30 seconds left.\n|inactive|Quantum2000 has 30 seconds left.\n|inactive|kankan9670 has 20 seconds left.\n|\n|t:|1681879499\n|move|p2a: Icesa|Protect|p2a: Icesa\n|-singleturn|p2a: Icesa|Protect\n|cant|p2b: aquira|slp\n|move|p1a: Flutter Mane|Moonblast|p2a: Icesa\n|-activate|p2a: Icesa|move: Protect\n|move|p1b: Amoonguss|Pollen Puff|p1a: Flutter Mane\n|-heal|p1a: Flutter Mane|91\/100\n|\n|-weather|Snow|[upkeep]\n|upkeep\n|turn|4\n|\n|t:|1681879524\n|cant|p2b: aquira|slp\n|move|p1a: Flutter Mane|Moonblast|p2b: aquira\n|-damage|p2b: aquira|0 fnt\n|faint|p2b: aquira\n|-end|p2b: aquira|Quark Drive|[silent]\n|move|p2a: Icesa|Aurora Veil|p2a: Icesa\n|-sidestart|p2: Quantum2000|move: Aurora Veil\n|move|p1b: Amoonguss|Spore|p2a: Icesa\n|-immune|p2a: Icesa\n|\n|-weather|Snow|[upkeep]\n|upkeep\n|\n|t:|1681879537\n|switch|p2b: ice power|Cetitan, L50, F, shiny|100\/100\n|turn|5\n|\n|t:|1681879553\n|move|p1a: Flutter Mane|Protect|p1a: Flutter Mane\n|-singleturn|p1a: Flutter Mane|Protect\n|move|p2b: ice power|Heavy Slam|p1a: Flutter Mane\n|-activate|p1a: Flutter Mane|move: Protect\n|move|p2a: Icesa|Energy Ball|p1b: Amoonguss\n|-supereffective|p1b: Amoonguss\n|-damage|p1b: Amoonguss|46\/100\n|-enditem|p1b: Amoonguss|Sitrus Berry|[eat]\n|-heal|p1b: Amoonguss|71\/100|[from] item: Sitrus Berry\n|move|p1b: Amoonguss|Spore|p2b: ice power\n|-status|p2b: ice power|slp|[from] move: Spore\n|\n|-weather|none\n|upkeep\n|turn|6\n|inactive|kankan9670 has 30 seconds left.\n|\n|t:|1681879585\n|-terastallize|p2b: ice power|Water\n|move|p1b: Amoonguss|Protect|p1b: Amoonguss\n|-singleturn|p1b: Amoonguss|Protect\n|move|p1a: Flutter Mane|Moonblast|p2a: Icesa\n|-damage|p2a: Icesa|71\/100\n|cant|p2b: ice power|slp\n|move|p2a: Icesa|Energy Ball|p1b: Amoonguss\n|-activate|p1b: Amoonguss|move: Protect\n|\n|upkeep\n|turn|7\n|inactive|kankan9670 has 30 seconds left.\n|inactive|Quantum2000 has 30 seconds left.\n|inactive|kankan9670 has 20 seconds left.\n|inactive|Quantum2000 has 20 seconds left.\n|inactive|kankan9670 has 15 seconds left.\n|inactive|Quantum2000 has 15 seconds left.\n|inactive|Quantum2000 has 10 seconds left.\n|inactive|Quantum2000 has 5 seconds left.\n|\n|t:|1681879640\n|move|p1a: Flutter Mane|Moonblast|p2b: ice power\n|-damage|p2b: ice power|75\/100 slp\n|-curestatus|p2b: ice power|slp|[msg]\n|move|p2b: ice power|Liquidation|p1a: Flutter Mane\n|-damage|p1a: Flutter Mane|26\/100\n|move|p2a: Icesa|Energy Ball|p1a: Flutter Mane\n|-damage|p1a: Flutter Mane|0 fnt\n|faint|p1a: Flutter Mane\n|-end|p1a: Flutter Mane|Protosynthesis|[silent]\n|move|p1b: Amoonguss|Pollen Puff|p2b: ice power\n|-damage|p2b: ice power|67\/100\n|\n|upkeep\n|\n|t:|1681879654\n|switch|p1a: Palafin|Palafin-Hero, L50, M|100\/100\n|-activate|p1a: Palafin|ability: Zero to Hero\n|turn|8\n|\n|t:|1681879676\n|move|p1a: Palafin|Protect|p1a: Palafin\n|-singleturn|p1a: Palafin|Protect\n|move|p2b: ice power|Play Rough|p1a: Palafin\n|-activate|p1a: Palafin|move: Protect\n|move|p2a: Icesa|Energy Ball|p1a: Palafin\n|-activate|p1a: Palafin|move: Protect\n|move|p1b: Amoonguss|Spore|p2b: ice power\n|-status|p2b: ice power|slp|[from] move: Spore\n|\n|-sideend|p2: Quantum2000|move: Aurora Veil\n|upkeep\n|turn|9\n|inactive|kankan9670 has 30 seconds left.\n|\n|t:|1681879703\n|move|p1b: Amoonguss|Rage Powder|p1b: Amoonguss\n|-singleturn|p1b: Amoonguss|move: Rage Powder\n|move|p1a: Palafin|Wave Crash|p2a: Icesa\n|-resisted|p2a: Icesa\n|-damage|p2a: Icesa|17\/100\n|-damage|p1a: Palafin|84\/100|[from] Recoil\n|cant|p2b: ice power|slp\n|move|p2a: Icesa|Energy Ball|p1a: Palafin\n|-supereffective|p1a: Palafin\n|-damage|p1a: Palafin|28\/100\n|\n|upkeep\n|turn|10\n|inactive|kankan9670 has 30 seconds left.\n|inactive|Quantum2000 has 30 seconds left.\n|\n|t:|1681879733\n|move|p2a: Icesa|Protect|p2a: Icesa\n|-singleturn|p2a: Icesa|Protect\n|move|p1a: Palafin|Jet Punch|p2a: Icesa\n|-activate|p2a: Icesa|move: Protect\n|-curestatus|p2b: ice power|slp|[msg]\n|move|p2b: ice power|Play Rough|p1b: Amoonguss|[miss]\n|-miss|p2b: ice power|p1b: Amoonguss\n|move|p1b: Amoonguss|Pollen Puff|p1a: Palafin\n|-heal|p1a: Palafin|77\/100\n|\n|upkeep\n|turn|11\n|c|\u2606Quantum2000|wow\n|inactive|Quantum2000 has 30 seconds left.\n|inactive|Quantum2000 has 20 seconds left.\n|inactive|Quantum2000 has 15 seconds left.\n|inactive|Quantum2000 has 10 seconds left.\n|\n|t:|1681879778\n|move|p1a: Palafin|Jet Punch|p2a: Icesa\n|-resisted|p2a: Icesa\n|-damage|p2a: Icesa|0 fnt\n|faint|p2a: Icesa\n|move|p2b: ice power|Play Rough|p1a: Palafin\n|-damage|p1a: Palafin|50\/100\n|move|p1b: Amoonguss|Spore|p2b: ice power\n|-status|p2b: ice power|slp|[from] move: Spore\n|\n|upkeep\n|\n|t:|1681879788\n|switch|p2a: Dack|Ting-Lu, L50|100\/100\n|-ability|p2a: Dack|Vessel of Ruin\n|turn|12\n|\n|t:|1681879809\n|move|p2a: Dack|Protect|p2a: Dack\n|-singleturn|p2a: Dack|Protect\n|move|p1a: Palafin|Wave Crash|p2a: Dack\n|-activate|p2a: Dack|move: Protect\n|cant|p2b: ice power|slp\n|move|p1b: Amoonguss|Pollen Puff|p1a: Palafin\n|-heal|p1a: Palafin|99\/100\n|\n|upkeep\n|turn|13\n|\n|t:|1681879828\n|move|p1a: Palafin|Wave Crash|p2a: Dack\n|-supereffective|p2a: Dack\n|-damage|p2a: Dack|15\/100\n|-damage|p1a: Palafin|64\/100|[from] Recoil\n|cant|p2b: ice power|slp\n|move|p2a: Dack|Ruination|p1b: Amoonguss\n|-damage|p1b: Amoonguss|36\/100\n|move|p1b: Amoonguss|Spore|p2b: ice power\n|-fail|p2b: ice power|slp\n|\n|-heal|p2a: Dack|21\/100|[from] item: Leftovers\n|upkeep\n|turn|14\n|\n|t:|1681879849\n|move|p2a: Dack|Protect|p2a: Dack\n|-singleturn|p2a: Dack|Protect\n|move|p1a: Palafin|Wave Crash|p2b: ice power\n|-resisted|p2b: ice power\n|-damage|p2b: ice power|21\/100 slp\n|-damage|p1a: Palafin|43\/100|[from] Recoil\n|cant|p2b: ice power|slp\n|move|p1b: Amoonguss|Pollen Puff|p1a: Palafin\n|-heal|p1a: Palafin|93\/100\n|\n|-heal|p2a: Dack|27\/100|[from] item: Leftovers\n|upkeep\n|turn|15\n|n|!Quantum2000|quantum2000\n|inactive|Quantum2000 has 30 seconds left.\n|\n|t:|1681879874\n|move|p1a: Palafin|Jet Punch|p2a: Dack\n|-supereffective|p2a: Dack\n|-damage|p2a: Dack|0 fnt\n|faint|p2a: Dack\n|-curestatus|p2b: ice power|slp|[msg]\n|move|p2b: ice power|Ice Spinner|p1a: Palafin\n|-resisted|p1a: Palafin\n|-damage|p1a: Palafin|74\/100\n|move|p1b: Amoonguss|Pollen Puff|p1a: Palafin\n|-heal|p1a: Palafin|100\/100\n|\n|upkeep\n|turn|16\n|\n|t:|1681879890\n|move|p1b: Amoonguss|Rage Powder|p1b: Amoonguss\n|-singleturn|p1b: Amoonguss|move: Rage Powder\n|move|p1a: Palafin|Wave Crash|p2b: ice power\n|-resisted|p2b: ice power\n|-damage|p2b: ice power|0 fnt\n|faint|p2b: ice power\n|-damage|p1a: Palafin|91\/100|[from] Recoil\n|\n|win|kankan9670\n|raw|kankan9670's rating: 1266 → 1284<\/strong> (+18 for winning)\n|raw|Quantum2000's rating: 1161 → 1143<\/strong> (-18 for losing)\n","uploadtime":1681879860,"views":7,"p1id":"kankan9670","p2id":"quantum2000","formatid":"gen9vgc2023regulationc","rating":1143,"private":0,"password":""}