{"id":"gen9vgc2023regulationc-1855623611","p1":"SirTails12","p2":"Polentino","format":"[Gen 9] VGC 2023 Regulation C","log":"|j|\u2606SirTails12\n|j|\u2606Polentino\n|t:|1682967426\n|gametype|doubles\n|player|p1|SirTails12|ash|1020\n|player|p2|Polentino|170|1006\n|teamsize|p1|6\n|teamsize|p2|5\n|gen|9\n|tier|[Gen 9] VGC 2023 Regulation C\n|rated|\n|rule|Species Clause: Limit one of each Pok\u00e9mon\n|rule|Item Clause: Limit one of each item\n|clearpoke\n|poke|p1|Goodra, L50, F|\n|poke|p1|Palafin, L50, M|\n|poke|p1|Murkrow, L50, M|\n|poke|p1|Amoonguss, L50, M|\n|poke|p1|Arcanine, L50, M|\n|poke|p1|Flutter Mane, L50|\n|poke|p2|Armarouge, L50, M|\n|poke|p2|Indeedee-F, L50, F|\n|poke|p2|Altaria, L50, M|\n|poke|p2|Bisharp, L50, M|\n|poke|p2|Pawmot, L50, F|\n|teampreview|4\n|\n|t:|1682967454\n|start\n|switch|p1a: Murkrow|Murkrow, L50, M|100\/100\n|switch|p1b: Amoonguss|Amoonguss, L50, M|100\/100\n|switch|p2a: Bisharp|Bisharp, L50, M|100\/100\n|switch|p2b: Armarouge|Armarouge, L50, M, shiny|100\/100\n|turn|1\n|\n|t:|1682967477\n|-terastallize|p2a: Bisharp|Poison\n|move|p1b: Amoonguss|Protect|p1b: Amoonguss\n|-singleturn|p1b: Amoonguss|Protect\n|move|p1a: Murkrow|Taunt|p2b: Armarouge\n|-start|p2b: Armarouge|move: Taunt\n|move|p2b: Armarouge|Armor Cannon|p1b: Amoonguss\n|-activate|p1b: Amoonguss|move: Protect\n|move|p2a: Bisharp|Poison Jab|p1b: Amoonguss\n|-activate|p1b: Amoonguss|move: Protect\n|\n|upkeep\n|turn|2\n|\n|t:|1682967511\n|switch|p1b: Arcanine|Arcanine, L50, M|100\/100\n|-ability|p1b: Arcanine|Intimidate|boost\n|-fail|p2a: Bisharp|unboost|Attack|[from] ability: Inner Focus|[of] p2a: Bisharp\n|-fail|p2b: Armarouge|unboost|[from] item: Clear Amulet|[of] p2b: Armarouge\n|move|p1a: Murkrow|Foul Play|p2a: Bisharp\n|-damage|p2a: Bisharp|63\/100\n|move|p2b: Armarouge|Armor Cannon|p1b: Arcanine\n|-resisted|p1b: Arcanine\n|-damage|p1b: Arcanine|63\/100\n|-unboost|p2b: Armarouge|def|1\n|-unboost|p2b: Armarouge|spd|1\n|move|p2a: Bisharp|Poison Jab|p1b: Arcanine\n|-damage|p1b: Arcanine|4\/100\n|-status|p1b: Arcanine|psn\n|\n|-damage|p1b: Arcanine|0 fnt|[from] psn\n|faint|p1b: Arcanine\n|upkeep\n|\n|t:|1682967521\n|switch|p1b: Goodra|Goodra, L50, F|100\/100\n|turn|3\n|\n|t:|1682967562\n|switch|p2b: Altaria|Altaria, L50, M|100\/100\n|-ability|p2b: Altaria|Cloud Nine\n|move|p1a: Murkrow|Protect|p1a: Murkrow\n|-singleturn|p1a: Murkrow|Protect\n|move|p1b: Goodra|Muddy Water|p2a: Bisharp|[spread] p2a\n|-miss|p1b: Goodra|p2b: Altaria\n|-damage|p2a: Bisharp|46\/100\n|move|p2a: Bisharp|Poison Jab|p1b: Goodra\n|-damage|p1b: Goodra|65\/100\n|\n|upkeep\n|turn|4\n|\n|t:|1682967601\n|switch|p1a: Amoonguss|Amoonguss, L50, M|100\/100\n|-terastallize|p1b: Goodra|Water\n|move|p1b: Goodra|Muddy Water|p2a: Bisharp|[spread] p2a,p2b\n|-resisted|p2b: Altaria\n|-damage|p2a: Bisharp|23\/100\n|-damage|p2b: Altaria|91\/100\n|-unboost|p2a: Bisharp|accuracy|1\n|move|p2b: Altaria|Dragon Claw|p1b: Goodra\n|-damage|p1b: Goodra|48\/100\n|move|p2a: Bisharp|Poison Jab|p1b: Goodra|[miss]\n|-miss|p2a: Bisharp|p1b: Goodra\n|\n|upkeep\n|turn|5\n|\n|t:|1682967647\n|move|p1a: Amoonguss|Rage Powder|p1a: Amoonguss\n|-singleturn|p1a: Amoonguss|move: Rage Powder\n|move|p1b: Goodra|Muddy Water|p2b: Altaria|[spread] p2a\n|-miss|p1b: Goodra|p2b: Altaria\n|-damage|p2a: Bisharp|0 fnt\n|faint|p2a: Bisharp\n|move|p2b: Altaria|Dragon Claw|p1a: Amoonguss\n|-damage|p1a: Amoonguss|76\/100\n|\n|-heal|p1a: Amoonguss|82\/100|[from] item: Black Sludge\n|upkeep\n|\n|t:|1682967657\n|switch|p2a: Pawmot|Pawmot, L50, F|100\/100\n|turn|6\n|\n|t:|1682967672\n|switch|p1b: Murkrow|Murkrow, L50, M|100\/100\n|move|p2a: Pawmot|Double Shock|p1b: Murkrow\n|-supereffective|p1b: Murkrow\n|-damage|p1b: Murkrow|0 fnt\n|-start|p2a: Pawmot|typechange|???\/Fighting|[from] move: Double Shock\n|faint|p1b: Murkrow\n|move|p2b: Altaria|Dragon Claw|p1a: Amoonguss\n|-damage|p1a: Amoonguss|58\/100\n|move|p1a: Amoonguss|Spore|p2a: Pawmot\n|-status|p2a: Pawmot|slp|[from] move: Spore\n|\n|-heal|p1a: Amoonguss|64\/100|[from] item: Black Sludge\n|upkeep\n|\n|t:|1682967678\n|switch|p1b: Goodra|Goodra, L50, F, tera:Water|48\/100\n|turn|7\n|\n|t:|1682967722\n|cant|p2a: Pawmot|slp\n|move|p1b: Goodra|Thunderbolt|p2b: Altaria\n|-damage|p2b: Altaria|71\/100\n|move|p2b: Altaria|Dragon Claw|p1b: Goodra\n|-damage|p1b: Goodra|30\/100\n|move|p1a: Amoonguss|Pollen Puff|p1b: Goodra\n|-heal|p1b: Goodra|80\/100\n|\n|-heal|p1a: Amoonguss|70\/100|[from] item: Black Sludge\n|upkeep\n|turn|8\n|\n|t:|1682967744\n|move|p1a: Amoonguss|Rage Powder|p1a: Amoonguss\n|-singleturn|p1a: Amoonguss|move: Rage Powder\n|cant|p2a: Pawmot|slp\n|move|p1b: Goodra|Sludge Bomb|p2a: Pawmot\n|-damage|p2a: Pawmot|65\/100 slp\n|move|p2b: Altaria|Dragon Claw|p1a: Amoonguss\n|-damage|p1a: Amoonguss|46\/100\n|\n|-heal|p1a: Amoonguss|52\/100|[from] item: Black Sludge\n|upkeep\n|turn|9\n|\n|t:|1682967765\n|move|p1a: Amoonguss|Rage Powder|p1a: Amoonguss\n|-singleturn|p1a: Amoonguss|move: Rage Powder\n|-curestatus|p2a: Pawmot|slp|[msg]\n|move|p2a: Pawmot|Revival Blessing|p2a: Pawmot\n|\n|t:|1682967795\n|-heal|p2: Bisharp|50\/100|[from] move: Revival Blessing\n|move|p1b: Goodra|Muddy Water|p2a: Pawmot|[spread] p2b\n|-miss|p1b: Goodra|p2a: Pawmot\n|-resisted|p2b: Altaria\n|-damage|p2b: Altaria|61\/100\n|-unboost|p2b: Altaria|accuracy|1\n|move|p2b: Altaria|Dragon Claw|p1a: Amoonguss\n|-damage|p1a: Amoonguss|29\/100\n|\n|-heal|p1a: Amoonguss|35\/100|[from] item: Black Sludge\n|upkeep\n|turn|10\n|\n|t:|1682967822\n|move|p2a: Pawmot|Double Shock||[still]\n|-fail|p2a: Pawmot|move: Double Shock\n|move|p1b: Goodra|Sludge Bomb|p2a: Pawmot\n|-damage|p2a: Pawmot|34\/100\n|move|p2b: Altaria|Dragon Claw|p1a: Amoonguss\n|-damage|p1a: Amoonguss|12\/100\n|move|p1a: Amoonguss|Spore|p2b: Altaria\n|-status|p2b: Altaria|slp|[from] move: Spore\n|\n|-heal|p1a: Amoonguss|18\/100|[from] item: Black Sludge\n|upkeep\n|turn|11\n|\n|t:|1682967852\n|move|p2a: Pawmot|Mach Punch|p1a: Amoonguss\n|-resisted|p1a: Amoonguss\n|-damage|p1a: Amoonguss|5\/100\n|cant|p2b: Altaria|slp\n|move|p1b: Goodra|Muddy Water|p2a: Pawmot|[spread] p2a,p2b\n|-resisted|p2b: Altaria\n|-damage|p2a: Pawmot|0 fnt\n|-damage|p2b: Altaria|51\/100 slp\n|-unboost|p2b: Altaria|accuracy|1\n|faint|p2a: Pawmot\n|move|p1a: Amoonguss|Pollen Puff|p2b: Altaria\n|-resisted|p2b: Altaria\n|-crit|p2b: Altaria\n|-damage|p2b: Altaria|39\/100 slp\n|\n|-heal|p1a: Amoonguss|10\/100|[from] item: Black Sludge\n|upkeep\n|\n|t:|1682967859\n|switch|p2a: Armarouge|Armarouge, L50, M, shiny|100\/100\n|turn|12\n|\n|t:|1682967883\n|move|p1a: Amoonguss|Protect|p1a: Amoonguss\n|-singleturn|p1a: Amoonguss|Protect\n|move|p1b: Goodra|Muddy Water|p2a: Armarouge|[spread] p2a,p2b\n|-supereffective|p2a: Armarouge\n|-resisted|p2b: Altaria\n|-damage|p2a: Armarouge|47\/100\n|-damage|p2b: Altaria|29\/100 slp\n|-unboost|p2b: Altaria|accuracy|1\n|cant|p2b: Altaria|slp\n|move|p2a: Armarouge|Expanding Force|p1a: Amoonguss\n|-activate|p1a: Amoonguss|move: Protect\n|\n|-heal|p1a: Amoonguss|16\/100|[from] item: Black Sludge\n|upkeep\n|turn|13\n|\n|t:|1682967896\n|move|p1a: Amoonguss|Protect||[still]\n|-fail|p1a: Amoonguss\n|cant|p2b: Altaria|slp\n|move|p1b: Goodra|Muddy Water|p2b: Altaria|[spread] p2a,p2b\n|-supereffective|p2a: Armarouge\n|-resisted|p2b: Altaria\n|-damage|p2a: Armarouge|0 fnt\n|-damage|p2b: Altaria|19\/100 slp\n|faint|p2a: Armarouge\n|\n|-heal|p1a: Amoonguss|22\/100|[from] item: Black Sludge\n|upkeep\n|\n|t:|1682967900\n|switch|p2a: Bisharp|Bisharp, L50, M|50\/100\n|turn|14\n|\n|t:|1682967912\n|move|p1a: Amoonguss|Protect|p1a: Amoonguss\n|-singleturn|p1a: Amoonguss|Protect\n|-curestatus|p2b: Altaria|slp|[msg]\n|move|p2b: Altaria|Dragon Claw|p1b: Goodra|[miss]\n|-miss|p2b: Altaria|p1b: Goodra\n|move|p1b: Goodra|Flamethrower|p2a: Bisharp\n|-supereffective|p2a: Bisharp\n|-damage|p2a: Bisharp|6\/100\n|move|p2a: Bisharp|Poison Jab|p1a: Amoonguss\n|-activate|p1a: Amoonguss|move: Protect\n|\n|-heal|p1a: Amoonguss|28\/100|[from] item: Black Sludge\n|upkeep\n|turn|15\n|-message|Polentino forfeited.\n|\n|win|SirTails12\n|raw|SirTails12's rating: 1020 → 1056<\/strong> (+36 for winning)\n|raw|Polentino's rating: 1006 → 1000<\/strong> (-6 for losing)\n|l|\u2606Polentino\n","uploadtime":1682967939,"views":19,"p1id":"sirtails12","p2id":"polentino","formatid":"gen9vgc2023regulationc","rating":1000,"private":0,"password":""}