{"id":"gen9vgc2023regulationc-1855409495","p1":"mafumafusimpsimp","p2":"NaecheVGC","format":"[Gen 9] VGC 2023 Regulation C","log":"|j|\u2606mafumafusimpsimp\n|j|\u2606NaecheVGC\n|t:|1682948634\n|gametype|doubles\n|player|p1|mafumafusimpsimp|crasherwake|1437\n|player|p2|NaecheVGC|nate|1562\n|teamsize|p1|6\n|teamsize|p2|6\n|gen|9\n|tier|[Gen 9] VGC 2023 Regulation C\n|rated|\n|rule|Species Clause: Limit one of each Pok\u00e9mon\n|rule|Item Clause: Limit one of each item\n|clearpoke\n|poke|p1|Breloom, L50, M|\n|poke|p1|Chien-Pao, L50|\n|poke|p1|Flutter Mane, L50|\n|poke|p1|Kingambit, L50, M|\n|poke|p1|Iron Hands, L50|\n|poke|p1|Iron Bundle, L50|\n|poke|p2|Bronzong, L50|\n|poke|p2|Gyarados, L50, M|\n|poke|p2|Ting-Lu, L50|\n|poke|p2|Skeledirge, L50, F|\n|poke|p2|Amoonguss, L50, M|\n|poke|p2|Iron Hands, L50|\n|teampreview|4\n|inactive|Battle timer is ON: inactive players will automatically lose when time's up. (requested by NaecheVGC)\n|j| THUNDERSND77\nmafumafusimpsimp has agreed to open team sheets.\n|c|\u2606mafumafusimpsimp|thdersnd77\n|c|\u2606mafumafusimpsimp|who are you\n|inactive|mafumafusimpsimp has 60 seconds left.\n|inactive|NaecheVGC has 60 seconds left.\n|\n|t:|1682948684\n|start\n|switch|p1a: Kingambit|Kingambit, L50, M|100\/100\n|switch|p1b: Iron Hands|Iron Hands, L50|100\/100\n|switch|p2a: Trick Roominator|Bronzong, L50|100\/100\n|switch|p2b: Patty Cake|Iron Hands, L50|100\/100\n|turn|1\n|inactive|mafumafusimpsimp has 30 seconds left.\n|inactive|mafumafusimpsimp has 20 seconds left.\n|inactive|mafumafusimpsimp has 15 seconds left.\n|inactive|mafumafusimpsimp has 10 seconds left.\n|\n|t:|1682948731\n|switch|p1a: Breloom|Breloom, L50, M|100\/100\n|move|p2b: Patty Cake|Wild Charge|p1a: Breloom\n|-resisted|p1a: Breloom\n|-damage|p1a: Breloom|60\/100\n|-damage|p2b: Patty Cake|94\/100|[from] Recoil\n|move|p1b: Iron Hands|Swords Dance|p1b: Iron Hands\n|-boost|p1b: Iron Hands|atk|2\n|move|p2a: Trick Roominator|Trick Room|p2a: Trick Roominator\n|-fieldstart|move: Trick Room|[of] p2a: Trick Roominator\n|\n|upkeep\n|turn|2\n|\n|t:|1682948753\n|move|p2a: Trick Roominator|Safeguard|p2a: Trick Roominator\n|-sidestart|p2: NaecheVGC|Safeguard\n|move|p1b: Iron Hands|Drain Punch|p2b: Patty Cake\n|-damage|p2b: Patty Cake|27\/100\n|move|p2b: Patty Cake|Drain Punch|p1a: Breloom\n|-damage|p1a: Breloom|0 fnt\n|-heal|p2b: Patty Cake|44\/100|[from] drain|[of] p1a: Breloom\n|faint|p1a: Breloom\n|\n|upkeep\n|\n|t:|1682948772\n|switch|p1a: Iron Bundle|Iron Bundle, L50|100\/100\n|turn|3\n|\n|t:|1682948785\n|move|p2a: Trick Roominator|Gyro Ball|p1a: Iron Bundle\n|-damage|p1a: Iron Bundle|38\/100\n|move|p1b: Iron Hands|Drain Punch|p2b: Patty Cake\n|-damage|p2b: Patty Cake|0 fnt\n|faint|p2b: Patty Cake\n|-end|p2b: Patty Cake|Quark Drive|[silent]\n|move|p1a: Iron Bundle|Encore|p2a: Trick Roominator\n|-start|p2a: Trick Roominator|Encore\n|-enditem|p2a: Trick Roominator|Mental Herb\n|-end|p2a: Trick Roominator|Encore\n|\n|upkeep\n|l| THUNDERSND77\n|\n|t:|1682948797\n|switch|p2b: Bowl Cut|Ting-Lu, L50|100\/100\n|-ability|p2b: Bowl Cut|Vessel of Ruin\n|turn|4\n|j| gamall\n|\n|t:|1682948816\n|-terastallize|p2b: Bowl Cut|Fairy\n|move|p2a: Trick Roominator|Helping Hand|p2b: Bowl Cut\n|-singleturn|p2b: Bowl Cut|Helping Hand|[of] p2a: Trick Roominator\n|move|p1b: Iron Hands|Drain Punch|p2b: Bowl Cut\n|-resisted|p2b: Bowl Cut\n|-damage|p2b: Bowl Cut|69\/100\n|move|p2b: Bowl Cut|Earthquake|p1a: Iron Bundle|[spread] p1a,p1b\n|-immune|p2a: Trick Roominator|[from] ability: Levitate\n|-supereffective|p1b: Iron Hands\n|-damage|p1a: Iron Bundle|0 fnt\n|-damage|p1b: Iron Hands|0 fnt\n|faint|p1a: Iron Bundle\n|-end|p1a: Iron Bundle|Quark Drive|[silent]\n|faint|p1b: Iron Hands\n|-end|p1b: Iron Hands|Quark Drive|[silent]\n|-damage|p2b: Bowl Cut|59\/100|[from] item: Life Orb\n|\n|upkeep\n|\n|t:|1682948820\n|switch|p1b: Kingambit|Kingambit, L50, M|100\/100\n|turn|5\n|j| THUNDERSND77\n|inactive|NaecheVGC has 30 seconds left.\n|\n|t:|1682948851\n|-terastallize|p1b: Kingambit|Flying\n|move|p2a: Trick Roominator|Helping Hand|p2b: Bowl Cut\n|-singleturn|p2b: Bowl Cut|Helping Hand|[of] p2a: Trick Roominator\n|move|p2b: Bowl Cut|Earthquake|p1b: Kingambit|[spread] \n|-immune|p2a: Trick Roominator|[from] ability: Levitate\n|-immune|p1b: Kingambit\n|move|p1b: Kingambit|Swords Dance|p1b: Kingambit\n|-boost|p1b: Kingambit|atk|2\n|\n|-fieldend|move: Trick Room\n|upkeep\n|turn|6\n|\n|t:|1682948870\n|move|p1b: Kingambit|Iron Head|p2b: Bowl Cut\n|-supereffective|p2b: Bowl Cut\n|-damage|p2b: Bowl Cut|0 fnt\n|faint|p2b: Bowl Cut\n|move|p2a: Trick Roominator|Trick Room|p2a: Trick Roominator\n|-fieldstart|move: Trick Room|[of] p2a: Trick Roominator\n|\n|-sideend|p2: NaecheVGC|Safeguard\n|upkeep\n|\n|t:|1682948876\n|switch|p2b: Beethoven|Skeledirge, L50, F|100\/100\n|turn|7\n|\n|t:|1682948894\n|move|p1b: Kingambit|Sucker Punch||[still]\n|-fail|p1b: Kingambit\n|move|p2a: Trick Roominator|Gyro Ball|p1b: Kingambit\n|-damage|p1b: Kingambit|87\/100\n|move|p2b: Beethoven|Will-O-Wisp|p1b: Kingambit|[miss]\n|-miss|p2b: Beethoven|p1b: Kingambit\n|\n|upkeep\n|turn|8\n|\n|t:|1682948904\n|move|p2a: Trick Roominator|Gyro Ball|p1b: Kingambit\n|-damage|p1b: Kingambit|75\/100\n|move|p2b: Beethoven|Will-O-Wisp|p1b: Kingambit\n|-status|p1b: Kingambit|brn\n|move|p1b: Kingambit|Swords Dance|p1b: Kingambit\n|-boost|p1b: Kingambit|atk|2\n|\n|-damage|p1b: Kingambit|69\/100 brn|[from] brn\n|upkeep\n|turn|9\n|\n|t:|1682948917\n|move|p2a: Trick Roominator|Helping Hand|p2b: Beethoven\n|-singleturn|p2b: Beethoven|Helping Hand|[of] p2a: Trick Roominator\n|move|p1b: Kingambit|Sucker Punch|p2b: Beethoven\n|-supereffective|p2b: Beethoven\n|-damage|p2b: Beethoven|67\/100\n|move|p2b: Beethoven|Torch Song|p1b: Kingambit\n|-damage|p1b: Kingambit|11\/100 brn\n|-boost|p2b: Beethoven|spa|1\n|\n|-damage|p1b: Kingambit|5\/100 brn|[from] brn\n|upkeep\n|turn|10\n|l| gamall\n|c|\u2606mafumafusimpsimp|gg\n|-message|mafumafusimpsimp forfeited.\n|\n|win|NaecheVGC\n|raw|mafumafusimpsimp's rating: 1437 → 1424<\/strong> (-13 for losing)\n|raw|NaecheVGC's rating: 1562 → 1575<\/strong> (+13 for winning)\n|l|\u2606mafumafusimpsimp\n|j| Ittymitty\n","uploadtime":1682948948,"views":20,"p1id":"mafumafusimpsimp","p2id":"naechevgc","formatid":"gen9vgc2023regulationc","rating":1424,"private":0,"password":""}