{"id":"gen9vgc2023regulationc-1862044238","p1":"Broskander","p2":"Dingo242","format":"[Gen 9] VGC 2023 Regulation C","log":"|j|\u2606Broskander\n|j|\u2606Dingo242\n|t:|1683831566\n|gametype|doubles\n|player|p1|Broskander|169|1308\n|player|p2|Dingo242|2|1207\n|teamsize|p1|6\n|teamsize|p2|6\n|gen|9\n|tier|[Gen 9] VGC 2023 Regulation C\n|rated|\n|rule|Species Clause: Limit one of each Pok\u00e9mon\n|rule|Item Clause: Limit one of each item\n|clearpoke\n|poke|p1|Gyarados, L50, F|\n|poke|p1|Tauros-Paldea-Blaze, L50, M|\n|poke|p1|Amoonguss, L50, F|\n|poke|p1|Flutter Mane, L50|\n|poke|p1|Ting-Lu, L50|\n|poke|p1|Kingambit, L50, M|\n|poke|p2|Klefki, L50, F|\n|poke|p2|Drednaw, L50, M|\n|poke|p2|Pelipper, L50, F|\n|poke|p2|Iron Moth, L50|\n|poke|p2|Salamence, L50, F|\n|poke|p2|Slither Wing, L50|\n|teampreview|4\n|inactive|Battle timer is ON: inactive players will automatically lose when time's up. (requested by Dingo242)\n|\n|t:|1683831599\n|start\n|switch|p1a: Gyarados|Gyarados, L50, F|100\/100\n|switch|p1b: Kingambit|Kingambit, L50, M|100\/100\n|switch|p2a: Klefki|Klefki, L50, F|100\/100\n|switch|p2b: Slither Wing|Slither Wing, L50|100\/100\n|-ability|p1a: Gyarados|Intimidate|boost\n|-unboost|p2a: Klefki|atk|1\n|-unboost|p2b: Slither Wing|atk|1\n|turn|1\n|\n|t:|1683831620\n|-terastallize|p1b: Kingambit|Flying\n|move|p2a: Klefki|Sunny Day|p2a: Klefki\n|-weather|SunnyDay\n|-activate|p2b: Slither Wing|ability: Protosynthesis\n|-start|p2b: Slither Wing|protosynthesisatk\n|move|p1a: Gyarados|Taunt|p2a: Klefki\n|-start|p2a: Klefki|move: Taunt\n|move|p2b: Slither Wing|Flame Charge|p1b: Kingambit\n|-damage|p1b: Kingambit|80\/100\n|-boost|p2b: Slither Wing|spe|1\n|move|p1b: Kingambit|Tera Blast|p2b: Slither Wing\n|-supereffective|p2b: Slither Wing\n|-damage|p2b: Slither Wing|0 fnt\n|faint|p2b: Slither Wing\n|-end|p2b: Slither Wing|Protosynthesis|[silent]\n|\n|-weather|SunnyDay|[upkeep]\n|upkeep\n|\n|t:|1683831640\n|switch|p2b: Salamence|Salamence, L50, F|100\/100\n|-ability|p2b: Salamence|Intimidate|boost\n|-unboost|p1a: Gyarados|atk|1\n|-unboost|p1b: Kingambit|atk|1\n|-ability|p1b: Kingambit|Defiant|boost\n|-boost|p1b: Kingambit|atk|2\n|turn|2\n|\n|t:|1683831655\n|switch|p2a: Iron Moth|Iron Moth, L50|100\/100\n|-enditem|p2a: Iron Moth|Booster Energy\n|-activate|p2a: Iron Moth|ability: Quark Drive|[fromitem]\n|-start|p2a: Iron Moth|quarkdrivespe\n|-terastallize|p2b: Salamence|Steel\n|move|p2b: Salamence|Dragon Dance|p2b: Salamence\n|-boost|p2b: Salamence|atk|1\n|-boost|p2b: Salamence|spe|1\n|move|p1a: Gyarados|Thunder Wave|p2b: Salamence\n|-status|p2b: Salamence|par\n|move|p1b: Kingambit|Iron Head|p2b: Salamence\n|-resisted|p2b: Salamence\n|-damage|p2b: Salamence|64\/100 par\n|\n|-weather|SunnyDay|[upkeep]\n|upkeep\n|turn|3\n|inactive|Dingo242 has 30 seconds left.\n|inactive|Broskander has 30 seconds left.\n|\n|t:|1683831692\n|move|p1b: Kingambit|Sucker Punch|p2b: Salamence\n|-damage|p2b: Salamence|0 fnt\n|faint|p2b: Salamence\n|move|p2a: Iron Moth|Heat Wave|p1b: Kingambit|[spread] p1a,p1b\n|-resisted|p1a: Gyarados\n|-crit|p1b: Kingambit\n|-damage|p1a: Gyarados|77\/100\n|-damage|p1b: Kingambit|33\/100\n|-status|p1a: Gyarados|brn\n|move|p1a: Gyarados|Thunder Wave|p2a: Iron Moth\n|-status|p2a: Iron Moth|par\n|\n|-weather|SunnyDay|[upkeep]\n|-damage|p1a: Gyarados|71\/100 brn|[from] brn\n|upkeep\n|\n|t:|1683831702\n|switch|p2b: Klefki|Klefki, L50, F|100\/100\n|turn|4\n|\n|t:|1683831718\n|move|p2b: Klefki|Reflect|p2b: Klefki\n|-sidestart|p2: Dingo242|Reflect\n|move|p1b: Kingambit|Sucker Punch|p2a: Iron Moth\n|-damage|p2a: Iron Moth|48\/100 par\n|move|p2a: Iron Moth|Heat Wave|p1a: Gyarados|[spread] p1a,p1b\n|-resisted|p1a: Gyarados\n|-damage|p1a: Gyarados|51\/100 brn\n|-damage|p1b: Kingambit|0 fnt\n|faint|p1b: Kingambit\n|move|p1a: Gyarados|Taunt|p2b: Klefki\n|-start|p2b: Klefki|move: Taunt\n|\n|-weather|SunnyDay|[upkeep]\n|-damage|p1a: Gyarados|45\/100 brn|[from] brn\n|upkeep\n|\n|t:|1683831732\n|switch|p1b: Ting-Lu|Ting-Lu, L50|100\/100\n|-ability|p1b: Ting-Lu|Vessel of Ruin\n|turn|5\n|\n|t:|1683831743\n|cant|p2a: Iron Moth|par\n|move|p1a: Gyarados|Thunder Wave|p2b: Klefki|[miss]\n|-miss|p1a: Gyarados|p2b: Klefki\n|-activate|p2b: Klefki|move: Struggle\n|move|p2b: Klefki|Struggle|p1a: Gyarados\n|-damage|p1a: Gyarados|37\/100 brn\n|-damage|p2b: Klefki|75\/100|[from] recoil\n|move|p1b: Ting-Lu|Stomping Tantrum|p2a: Iron Moth\n|-supereffective|p2a: Iron Moth\n|-damage|p2a: Iron Moth|0 fnt\n|faint|p2a: Iron Moth\n|-end|p2a: Iron Moth|Quark Drive|[silent]\n|\n|-weather|none\n|-damage|p1a: Gyarados|31\/100 brn|[from] brn\n|upkeep\n|turn|6\n|-message|Dingo242 forfeited.\n|\n|win|Broskander\n|raw|Broskander's rating: 1308 → 1322<\/strong> (+14 for winning)\n|raw|Dingo242's rating: 1207 → 1189<\/strong> (-18 for losing)\n|l|\u2606Dingo242\n|l|\u2606Broskander\n|j|\u2606Broskander\n|player|p1|Broskander|169\n","uploadtime":1683831859,"views":6,"p1id":"broskander","p2id":"dingo242","formatid":"gen9vgc2023regulationc","rating":1189,"private":0,"password":""}