{"id":"gen9vgc2023regulationc-1855180277","p1":"stinkypoops","p2":"Emberbloom","format":"[Gen 9] VGC 2023 Regulation C","log":"|j|\u2606stinkypoops\n|j|\u2606Emberbloom\n|t:|1682911342\n|gametype|doubles\n|player|p1|stinkypoops|klara|1289\n|player|p2|Emberbloom|flannery|1362\n|teamsize|p1|6\n|teamsize|p2|6\n|gen|9\n|tier|[Gen 9] VGC 2023 Regulation C\n|rated|\n|rule|Species Clause: Limit one of each Pok\u00e9mon\n|rule|Item Clause: Limit one of each item\n|clearpoke\n|poke|p1|Lilligant, L50, F|\n|poke|p1|Torkoal, L50, F|\n|poke|p1|Flutter Mane, L50|\n|poke|p1|Kingambit, L50, F|\n|poke|p1|Dragonite, L50, F|\n|poke|p1|Great Tusk, L50|\n|poke|p2|Corviknight, L50, M|\n|poke|p2|Tyranitar, L50, F|\n|poke|p2|Garchomp, L50, F|\n|poke|p2|Amoonguss, L50, F|\n|poke|p2|Arcanine, L50, M|\n|poke|p2|Iron Bundle, L50|\n|teampreview|4\n|inactive|Battle timer is ON: inactive players will automatically lose when time's up. (requested by Emberbloom)\n|\n|t:|1682911409\n|start\n|switch|p1a: Dragonite|Dragonite, L50, F|100\/100\n|switch|p1b: Great Tusk|Great Tusk, L50, shiny|100\/100\n|switch|p2a: Garchomp|Garchomp, L50, F|100\/100\n|switch|p2b: Corviknight|Corviknight, L50, M, shiny|100\/100\n|turn|1\n|inactive|stinkypoops has 30 seconds left.\n|inactive|stinkypoops has 20 seconds left.\n|inactive|stinkypoops has 15 seconds left.\n|inactive|stinkypoops has 10 seconds left.\n|\n|t:|1682911456\n|move|p2a: Garchomp|Protect|p2a: Garchomp\n|-singleturn|p2a: Garchomp|Protect\n|move|p1b: Great Tusk|Rock Slide|p2a: Garchomp|[spread] p2b\n|-activate|p2a: Garchomp|move: Protect\n|-damage|p2b: Corviknight|86\/100\n|move|p1a: Dragonite|Ice Spinner|p2a: Garchomp\n|-activate|p2a: Garchomp|move: Protect\n|move|p2b: Corviknight|Tailwind|p2b: Corviknight\n|-sidestart|p2: Emberbloom|move: Tailwind\n|\n|upkeep\n|turn|2\n|inactive|stinkypoops has 30 seconds left.\n|inactive|Emberbloom has 30 seconds left.\n|\n|t:|1682911484\n|switch|p2a: Tyranitar|Tyranitar, L50, F, shiny|100\/100\n|-weather|Sandstorm|[from] ability: Sand Stream|[of] p2a: Tyranitar\n|move|p1b: Great Tusk|Rock Slide|p2b: Corviknight|[spread] p2a,p2b\n|-damage|p2a: Tyranitar|85\/100\n|-damage|p2b: Corviknight|71\/100\n|move|p2b: Corviknight|Brave Bird|p1b: Great Tusk\n|-supereffective|p1b: Great Tusk\n|-damage|p1b: Great Tusk|43\/100\n|-damage|p2b: Corviknight|53\/100|[from] Recoil\n|move|p1a: Dragonite|Ice Spinner|p2a: Tyranitar\n|-damage|p2a: Tyranitar|61\/100\n|\n|-weather|Sandstorm|[upkeep]\n|-damage|p1a: Dragonite|95\/100|[from] Sandstorm\n|upkeep\n|turn|3\n|inactive|stinkypoops has 30 seconds left.\n|inactive|Emberbloom has 30 seconds left.\n|\n|t:|1682911528\n|-end|p1b: Great Tusk|Protosynthesis|[silent]\n|switch|p1b: Torkoal|Torkoal, L50, F, shiny|100\/100\n|-weather|SunnyDay|[from] ability: Drought|[of] p1b: Torkoal\n|-terastallize|p2a: Tyranitar|Flying\n|move|p1a: Dragonite|Protect|p1a: Dragonite\n|-singleturn|p1a: Dragonite|Protect\n|move|p2b: Corviknight|Brave Bird|p1b: Torkoal\n|-crit|p1b: Torkoal\n|-damage|p1b: Torkoal|55\/100\n|-damage|p2b: Corviknight|40\/100|[from] Recoil\n|move|p2a: Tyranitar|Rock Slide|p1b: Torkoal|[spread] p1b\n|-activate|p1a: Dragonite|move: Protect\n|-supereffective|p1b: Torkoal\n|-damage|p1b: Torkoal|10\/100\n|\n|-weather|SunnyDay|[upkeep]\n|upkeep\n|turn|4\n|inactive|stinkypoops has 30 seconds left.\n|inactive|Emberbloom has 30 seconds left.\n|\n|t:|1682911561\n|switch|p2b: Garchomp|Garchomp, L50, F|100\/100\n|move|p1b: Torkoal|Protect|p1b: Torkoal\n|-singleturn|p1b: Torkoal|Protect\n|move|p2a: Tyranitar|Rock Slide|p1a: Dragonite|[spread] p1a\n|-activate|p1b: Torkoal|move: Protect\n|-supereffective|p1a: Dragonite\n|-damage|p1a: Dragonite|34\/100\n|move|p1a: Dragonite|Ice Spinner|p2b: Garchomp\n|-supereffective|p2b: Garchomp\n|-damage|p2b: Garchomp|0 fnt\n|faint|p2b: Garchomp\n|\n|-weather|SunnyDay|[upkeep]\n|-sideend|p2: Emberbloom|move: Tailwind\n|upkeep\n|\n|t:|1682911575\n|switch|p2b: Corviknight|Corviknight, L50, M, shiny|40\/100\n|turn|5\n|inactive|stinkypoops has 30 seconds left.\n|inactive|stinkypoops has 20 seconds left.\n|\n|t:|1682911611\n|switch|p2a: Amoonguss|Amoonguss, L50, F|100\/100\n|move|p1a: Dragonite|Ice Spinner|p2a: Amoonguss\n|-supereffective|p2a: Amoonguss\n|-damage|p2a: Amoonguss|51\/100\n|move|p2b: Corviknight|Tailwind|p2b: Corviknight\n|-sidestart|p2: Emberbloom|move: Tailwind\n|move|p1b: Torkoal|Eruption|p2b: Corviknight|[spread] p2a,p2b\n|-supereffective|p2a: Amoonguss\n|-supereffective|p2b: Corviknight\n|-damage|p2a: Amoonguss|37\/100\n|-damage|p2b: Corviknight|27\/100\n|-enditem|p2a: Amoonguss|Sitrus Berry|[eat]\n|-heal|p2a: Amoonguss|61\/100|[from] item: Sitrus Berry\n|\n|-weather|SunnyDay|[upkeep]\n|upkeep\n|turn|6\n|inactive|stinkypoops has 30 seconds left.\n|inactive|Emberbloom has 30 seconds left.\n|inactive|stinkypoops has 20 seconds left.\n|inactive|Emberbloom has 20 seconds left.\n|inactive|Emberbloom has 15 seconds left.\n|\n|t:|1682911655\n|switch|p1b: Great Tusk|Great Tusk, L50, shiny|43\/100\n|-activate|p1b: Great Tusk|ability: Protosynthesis\n|-start|p1b: Great Tusk|protosynthesisatk\n|move|p2a: Amoonguss|Protect|p2a: Amoonguss\n|-singleturn|p2a: Amoonguss|Protect\n|move|p2b: Corviknight|Brave Bird|p1a: Dragonite\n|-damage|p1a: Dragonite|0 fnt\n|faint|p1a: Dragonite\n|-damage|p2b: Corviknight|17\/100|[from] Recoil\n|\n|-weather|SunnyDay|[upkeep]\n|upkeep\n|\n|t:|1682911670\n|switch|p1a: Lilligant|Lilligant, L50, F, shiny|100\/100\n|turn|7\n|inactive|stinkypoops has 30 seconds left.\n|inactive|stinkypoops has 20 seconds left.\n|inactive|stinkypoops has 15 seconds left.\n|inactive|stinkypoops has 10 seconds left.\n|inactive|stinkypoops has 5 seconds left.\n|\n|t:|1682911723\n|switch|p2a: Tyranitar|Tyranitar, L50, F, shiny, tera:Flying|61\/100\n|-weather|Sandstorm|[from] ability: Sand Stream|[of] p2a: Tyranitar\n|-end|p1b: Great Tusk|Protosynthesis\n|move|p1b: Great Tusk|Close Combat|p2a: Tyranitar\n|-resisted|p2a: Tyranitar\n|-crit|p2a: Tyranitar\n|-damage|p2a: Tyranitar|22\/100\n|-unboost|p1b: Great Tusk|def|1\n|-unboost|p1b: Great Tusk|spd|1\n|move|p2b: Corviknight|Brave Bird|p1a: Lilligant\n|-supereffective|p1a: Lilligant\n|-enditem|p1a: Lilligant|Focus Sash\n|-damage|p1a: Lilligant|1\/100\n|-damage|p2b: Corviknight|0 fnt|[from] Recoil\n|faint|p2b: Corviknight\n|move|p1a: Lilligant|Sleep Powder|p2a: Tyranitar\n|-status|p2a: Tyranitar|slp|[from] move: Sleep Powder\n|\n|-weather|Sandstorm|[upkeep]\n|-damage|p2a: Tyranitar|17\/100 slp|[from] Sandstorm\n|-damage|p1a: Lilligant|0 fnt|[from] Sandstorm\n|faint|p1a: Lilligant\n|upkeep\n|\n|t:|1682911742\n|switch|p1a: Torkoal|Torkoal, L50, F, shiny|10\/100\n|switch|p2b: Amoonguss|Amoonguss, L50, F|95\/100\n|-weather|SunnyDay|[from] ability: Drought|[of] p1a: Torkoal\n|-activate|p1b: Great Tusk|ability: Protosynthesis\n|-start|p1b: Great Tusk|protosynthesisatk\n|turn|8\n|inactive|stinkypoops has 30 seconds left.\n|inactive|Emberbloom has 30 seconds left.\n|\n|t:|1682911775\n|move|p2b: Amoonguss|Rage Powder|p2b: Amoonguss\n|-singleturn|p2b: Amoonguss|move: Rage Powder\n|move|p1b: Great Tusk|Close Combat|p2b: Amoonguss\n|-resisted|p2b: Amoonguss\n|-damage|p2b: Amoonguss|63\/100\n|-unboost|p1b: Great Tusk|def|1\n|-unboost|p1b: Great Tusk|spd|1\n|cant|p2a: Tyranitar|slp\n|move|p1a: Torkoal|Flamethrower|p2b: Amoonguss\n|-supereffective|p2b: Amoonguss\n|-damage|p2b: Amoonguss|0 fnt\n|faint|p2b: Amoonguss\n|\n|-weather|SunnyDay|[upkeep]\n|-sideend|p2: Emberbloom|move: Tailwind\n|upkeep\n|turn|9\n|\n|t:|1682911793\n|move|p1b: Great Tusk|Close Combat|p2a: Tyranitar\n|-resisted|p2a: Tyranitar\n|-damage|p2a: Tyranitar|0 fnt\n|-unboost|p1b: Great Tusk|def|1\n|-unboost|p1b: Great Tusk|spd|1\n|faint|p2a: Tyranitar\n|\n|win|stinkypoops\n|raw|stinkypoops's rating: 1289 → 1319<\/strong> (+30 for winning)\n|raw|Emberbloom's rating: 1362 → 1338<\/strong> (-24 for losing)\n|c|\u2606stinkypoops|gg\n|c|\u2606Emberbloom|gg\n","uploadtime":1682911797,"views":23,"p1id":"stinkypoops","p2id":"emberbloom","formatid":"gen9vgc2023regulationc","rating":1319,"private":0,"password":""}