{"id":"gen9vgc2023regulationc-1859893670","p1":"Frozen Limevolt","p2":"dwifwoon","format":"[Gen 9] VGC 2023 Regulation C","log":"|j|\u2606Frozen Limevolt\n|j|\u2606dwifwoon\n|t:|1683573476\n|gametype|doubles\n|player|p1|Frozen Limevolt|266|\n|player|p2|dwifwoon|schoolkidf-gen4|\n|teamsize|p1|6\n|teamsize|p2|6\n|gen|9\n|tier|[Gen 9] VGC 2023 Regulation C\n|rule|Species Clause: Limit one of each Pok\u00e9mon\n|rule|Item Clause: Limit one of each item\n|clearpoke\n|poke|p1|Flutter Mane, L50|\n|poke|p1|Clodsire, L50, M|\n|poke|p1|Toedscruel, L50, M|\n|poke|p1|Gothitelle, L50, F|\n|poke|p1|Tauros-Paldea-Combat, L50, M|\n|poke|p1|Flareon, L50, M|\n|poke|p2|Roaring Moon, L50|\n|poke|p2|Camerupt, L50, F|\n|poke|p2|Rotom-Mow, L50|\n|poke|p2|Gyarados, L50, M|\n|poke|p2|Revavroom, L50, M|\n|poke|p2|Toxicroak, L50, F|\n|teampreview|4\n|c|\u2606dwifwoon|g2\nFrozen Limevolt rejected open team sheets.\n|c|\u2606dwifwoon|ready?\n|c|\u2606Frozen Limevolt|r\n|inactive|Battle timer is ON: inactive players will automatically lose when time's up. (requested by Frozen Limevolt)\n|c|\u2606dwifwoon|glhf\n|\n|t:|1683573745\n|start\n|switch|p1a: Vikavoltt|Tauros-Paldea-Combat, L50, M|100\/100\n|switch|p1b: Darmanitan-Galarr|Flutter Mane, L50|100\/100\n|switch|p2a: Be a Rebel|Toxicroak, L50, F|100\/100\n|switch|p2b: Singularity|Roaring Moon, L50|100\/100\n|-ability|p1a: Vikavoltt|Intimidate|boost\n|-unboost|p2a: Be a Rebel|atk|1\n|-unboost|p2b: Singularity|atk|1\n|-enditem|p1b: Darmanitan-Galarr|Booster Energy\n|-activate|p1b: Darmanitan-Galarr|ability: Protosynthesis|[fromitem]\n|-start|p1b: Darmanitan-Galarr|protosynthesisspe\n|-enditem|p2b: Singularity|Booster Energy\n|-activate|p2b: Singularity|ability: Protosynthesis|[fromitem]\n|-start|p2b: Singularity|protosynthesisspe\n|turn|1\n|\n|t:|1683573764\n|-end|p2b: Singularity|Protosynthesis|[silent]\n|switch|p2b: True Faith|Revavroom, L50, M|100\/100\n|move|p1b: Darmanitan-Galarr|Protect|p1b: Darmanitan-Galarr\n|-singleturn|p1b: Darmanitan-Galarr|Protect\n|move|p2a: Be a Rebel|Fake Out|p1a: Vikavoltt\n|-damage|p1a: Vikavoltt|91\/100\n|cant|p1a: Vikavoltt|flinch\n|\n|upkeep\n|turn|2\n|\n|t:|1683573779\n|-terastallize|p1b: Darmanitan-Galarr|Fire\n|move|p1b: Darmanitan-Galarr|Tera Blast|p2b: True Faith\n|-supereffective|p2b: True Faith\n|-damage|p2b: True Faith|0 fnt\n|faint|p2b: True Faith\n|move|p1a: Vikavoltt|Drill Run|p2a: Be a Rebel\n|-supereffective|p2a: Be a Rebel\n|-damage|p2a: Be a Rebel|6\/100\n|move|p2a: Be a Rebel|Icy Wind|p1a: Vikavoltt|[spread] p1a,p1b\n|-resisted|p1b: Darmanitan-Galarr\n|-damage|p1a: Vikavoltt|81\/100\n|-damage|p1b: Darmanitan-Galarr|96\/100\n|-unboost|p1a: Vikavoltt|spe|1\n|-unboost|p1b: Darmanitan-Galarr|spe|1\n|\n|upkeep\n|\n|t:|1683573787\n|switch|p2b: Blue Monday|Gyarados, L50, M|100\/100\n|-ability|p2b: Blue Monday|Intimidate|boost\n|-unboost|p1a: Vikavoltt|atk|1\n|-unboost|p1b: Darmanitan-Galarr|atk|1\n|turn|3\n|\n|t:|1683573807\n|-end|p1b: Darmanitan-Galarr|Protosynthesis|[silent]\n|switch|p1b: Zapdoss|Flareon, L50, M|100\/100\n|-terastallize|p2b: Blue Monday|Flying\n|move|p2a: Be a Rebel|Icy Wind|p1a: Vikavoltt|[spread] p1a,p1b\n|-resisted|p1b: Zapdoss\n|-damage|p1a: Vikavoltt|71\/100\n|-damage|p1b: Zapdoss|95\/100\n|-unboost|p1a: Vikavoltt|spe|1\n|-unboost|p1b: Zapdoss|spe|1\n|move|p2b: Blue Monday|Tera Blast|p1a: Vikavoltt\n|-supereffective|p1a: Vikavoltt\n|-damage|p1a: Vikavoltt|0 fnt\n|faint|p1a: Vikavoltt\n|\n|upkeep\n|inactive|Frozen Limevolt has 30 seconds left.\n|\n|t:|1683573834\n|switch|p1a: Namur|Toedscruel, L50, M|100\/100\n|turn|4\n|\n|t:|1683573855\n|switch|p2a: Singularity|Roaring Moon, L50|100\/100\n|move|p2b: Blue Monday|Protect|p2b: Blue Monday\n|-singleturn|p2b: Blue Monday|Protect\n|move|p1a: Namur|Protect|p1a: Namur\n|-singleturn|p1a: Namur|Protect\n|move|p1b: Zapdoss|Quick Attack|p2a: Singularity\n|-damage|p2a: Singularity|82\/100\n|\n|upkeep\n|turn|5\n|c|\u2606dwifwoon|quick attack tera fairy\n|c|\u2606dwifwoon|you definitely cooked\n|c|\u2606Frozen Limevolt|I burnt down the kitchen\n|\n|t:|1683573877\n|switch|p1b: Darmanitan-Galarr|Flutter Mane, L50, tera:Fire|96\/100\n|move|p2a: Singularity|Jaw Lock|p1a: Namur\n|-damage|p1a: Namur|38\/100\n|-activate|p2a: Singularity|trapped\n|-activate|p1a: Namur|trapped\n|move|p2b: Blue Monday|Tera Blast|p1a: Namur\n|-supereffective|p1a: Namur\n|-damage|p1a: Namur|0 fnt\n|faint|p1a: Namur\n|\n|upkeep\n|c|\u2606Frozen Limevolt|I had a super complex plan\n|c|\u2606Frozen Limevolt|but forgot it\n|c|\u2606Frozen Limevolt|since I made it\n|\n|t:|1683573887\n|switch|p1a: Zapdoss|Flareon, L50, M|95\/100\n|turn|6\n|c|\u2606dwifwoon|me when i start fires (it is fun)\n|c|\u2606Frozen Limevolt|TRUE!\n|\n|t:|1683573898\n|move|p1a: Zapdoss|Flare Blitz|p2b: Blue Monday\n|-damage|p2b: Blue Monday|19\/100\n|-damage|p1a: Zapdoss|63\/100|[from] Recoil\n|move|p2a: Singularity|Tailwind|p2a: Singularity\n|-sidestart|p2: dwifwoon|move: Tailwind\n|move|p2b: Blue Monday|Waterfall|p1b: Darmanitan-Galarr\n|-supereffective|p1b: Darmanitan-Galarr\n|-damage|p1b: Darmanitan-Galarr|0 fnt\n|faint|p1b: Darmanitan-Galarr\n|-end|p1b: Darmanitan-Galarr|Protosynthesis|[silent]\n|\n|upkeep\n|turn|7\n|c|\u2606dwifwoon|ggs my fren\n|\n|t:|1683573908\n|move|p2a: Singularity|Jaw Lock|p1a: Zapdoss\n|-damage|p1a: Zapdoss|0 fnt\n|faint|p1a: Zapdoss\n|\n|win|dwifwoon\n|c|\u2606Frozen Limevolt|ggs\n|l|\u2606Frozen Limevolt\n","uploadtime":1683573938,"views":15,"p1id":"frozenlimevolt","p2id":"dwifwoon","formatid":"gen9vgc2023regulationc","rating":0,"private":0,"password":""}