{"id":"gen9vgc2023regulationc-1845304711","p1":"duff72","p2":"Kim Wexler Gaming","format":"[Gen 9] VGC 2023 Regulation C","log":"|j|\u2606duff72\n|j|\u2606Kim Wexler Gaming\n|t:|1681711337\n|gametype|doubles\n|player|p1|duff72|1|1100\n|player|p2|Kim Wexler Gaming|penny|1169\n|teamsize|p1|6\n|teamsize|p2|6\n|gen|9\n|tier|[Gen 9] VGC 2023 Regulation C\n|rated|\n|rule|Species Clause: Limit one of each Pok\u00e9mon\n|rule|Item Clause: Limit one of each item\n|clearpoke\n|poke|p1|Flutter Mane, L50|\n|poke|p1|Spidops, L50, M|\n|poke|p1|Gyarados, L50, M|\n|poke|p1|Ting-Lu, L50|\n|poke|p1|Luxray, L50, M|\n|poke|p1|Slither Wing, L50|\n|poke|p2|Garchomp, L50, F|\n|poke|p2|Chien-Pao, L50|\n|poke|p2|Kricketune, L50, F|\n|poke|p2|Chi-Yu, L50|\n|poke|p2|Hydreigon, L50, F|\n|poke|p2|Gholdengo, L50|\n|teampreview|4\n|inactive|Battle timer is ON: inactive players will automatically lose when time's up. (requested by Kim Wexler Gaming)\n|c|\u2606Kim Wexler Gaming|Good luck, have fun.\n|inactive|duff72 has 60 seconds left.\n|\n|t:|1681711387\n|start\n|switch|p1a: Ting-Lu|Ting-Lu, L50|100\/100\n|switch|p1b: Luxray|Luxray, L50, M|100\/100\n|switch|p2a: Beverly|Chi-Yu, L50|100\/100\n|switch|p2b: Friends Forever|Hydreigon, L50, F, shiny|100\/100\n|-ability|p2a: Beverly|Beads of Ruin\n|-ability|p1b: Luxray|Intimidate|boost\n|-unboost|p2a: Beverly|atk|1\n|-unboost|p2b: Friends Forever|atk|1\n|-ability|p1a: Ting-Lu|Vessel of Ruin\n|turn|1\n|\n|t:|1681711405\n|-terastallize|p2a: Beverly|Grass\n|move|p2a: Beverly|Heat Wave|p1b: Luxray|[spread] p1b\n|-miss|p2a: Beverly|p1a: Ting-Lu\n|-damage|p1b: Luxray|64\/100\n|move|p2b: Friends Forever|Surf|p1a: Ting-Lu|[spread] p2a,p1a,p1b\n|-resisted|p2a: Beverly\n|-supereffective|p1a: Ting-Lu\n|-damage|p2a: Beverly|90\/100\n|-damage|p1a: Ting-Lu|47\/100\n|-damage|p1b: Luxray|33\/100\n|-enditem|p1b: Luxray|Sitrus Berry|[eat]\n|-heal|p1b: Luxray|58\/100|[from] item: Sitrus Berry\n|move|p1b: Luxray|Light Screen|p1b: Luxray\n|-sidestart|p1: duff72|move: Light Screen\n|move|p1a: Ting-Lu|Stealth Rock|p2a: Beverly\n|-sidestart|p2: Kim Wexler Gaming|move: Stealth Rock\n|\n|-heal|p1a: Ting-Lu|53\/100|[from] item: Leftovers\n|upkeep\n|turn|2\n|\n|t:|1681711425\n|move|p1a: Ting-Lu|Protect|p1a: Ting-Lu\n|-singleturn|p1a: Ting-Lu|Protect\n|move|p2a: Beverly|Tera Blast|p1a: Ting-Lu\n|-activate|p1a: Ting-Lu|move: Protect\n|move|p2b: Friends Forever|Surf|p1a: Ting-Lu|[spread] p2a,p1b\n|-activate|p1a: Ting-Lu|move: Protect\n|-resisted|p2a: Beverly\n|-damage|p2a: Beverly|80\/100\n|-damage|p1b: Luxray|38\/100\n|move|p1b: Luxray|Snarl|p2b: Friends Forever|[spread] p2a,p2b\n|-resisted|p2b: Friends Forever\n|-damage|p2a: Beverly|73\/100\n|-damage|p2b: Friends Forever|95\/100\n|-unboost|p2a: Beverly|spa|1\n|-unboost|p2b: Friends Forever|spa|1\n|\n|-heal|p1a: Ting-Lu|59\/100|[from] item: Leftovers\n|upkeep\n|turn|3\n|\n|t:|1681711449\n|move|p2a: Beverly|Heat Wave|p1b: Luxray|[spread] p1a,p1b\n|-damage|p1a: Ting-Lu|47\/100\n|-damage|p1b: Luxray|23\/100\n|-status|p1b: Luxray|brn\n|move|p2b: Friends Forever|Surf|p1b: Luxray|[spread] p2a,p1a,p1b\n|-resisted|p2a: Beverly\n|-supereffective|p1a: Ting-Lu\n|-damage|p2a: Beverly|67\/100\n|-damage|p1a: Ting-Lu|23\/100\n|-damage|p1b: Luxray|10\/100 brn\n|move|p1b: Luxray|Snarl|p2a: Beverly|[spread] p2a,p2b\n|-resisted|p2b: Friends Forever\n|-damage|p2a: Beverly|60\/100\n|-damage|p2b: Friends Forever|89\/100\n|-unboost|p2a: Beverly|spa|1\n|-unboost|p2b: Friends Forever|spa|1\n|move|p1a: Ting-Lu|Throat Chop|p2a: Beverly\n|-damage|p2a: Beverly|14\/100\n|-start|p2a: Beverly|Throat Chop|[silent]\n|\n|-heal|p1a: Ting-Lu|29\/100|[from] item: Leftovers\n|-damage|p1b: Luxray|4\/100 brn|[from] brn\n|upkeep\n|turn|4\n|\n|t:|1681711472\n|switch|p2a: Dommy Mommy|Garchomp, L50, F, shiny|100\/100\n|-damage|p2a: Dommy Mommy|94\/100|[from] Stealth Rock\n|move|p2b: Friends Forever|Surf|p1b: Luxray|[spread] p2a,p1a,p1b\n|-supereffective|p1a: Ting-Lu\n|-damage|p2a: Dommy Mommy|80\/100\n|-damage|p1a: Ting-Lu|15\/100\n|-damage|p1b: Luxray|0 fnt\n|faint|p1b: Luxray\n|move|p1a: Ting-Lu|Throat Chop|p2a: Dommy Mommy\n|-damage|p2a: Dommy Mommy|50\/100\n|-start|p2a: Dommy Mommy|Throat Chop|[silent]\n|-damage|p1a: Ting-Lu|3\/100|[from] ability: Rough Skin|[of] p2a: Dommy Mommy\n|\n|-heal|p1a: Ting-Lu|9\/100|[from] item: Leftovers\n|upkeep\n|\n|t:|1681711489\n|switch|p1b: Gyarados|Gyarados, L50, M|100\/100\n|-ability|p1b: Gyarados|Intimidate|boost\n|-unboost|p2a: Dommy Mommy|atk|1\n|-unboost|p2b: Friends Forever|atk|1\n|turn|5\n|\n|t:|1681711499\n|move|p1a: Ting-Lu|Protect|p1a: Ting-Lu\n|-singleturn|p1a: Ting-Lu|Protect\n|move|p2a: Dommy Mommy|Thunder Fang|p1b: Gyarados\n|-supereffective|p1b: Gyarados\n|-damage|p1b: Gyarados|0 fnt\n|faint|p1b: Gyarados\n|move|p2b: Friends Forever|Surf|p1a: Ting-Lu|[spread] p2a\n|-activate|p1a: Ting-Lu|move: Protect\n|-damage|p2a: Dommy Mommy|36\/100\n|\n|-heal|p1a: Ting-Lu|15\/100|[from] item: Leftovers\n|-end|p2a: Dommy Mommy|Throat Chop|[silent]\n|-sideend|p1: duff72|move: Light Screen\n|upkeep\n|\n|t:|1681711511\n|switch|p1b: Slither Wing|Slither Wing, L50|100\/100\n|-enditem|p1b: Slither Wing|Booster Energy\n|-activate|p1b: Slither Wing|ability: Protosynthesis|[fromitem]\n|-start|p1b: Slither Wing|protosynthesisatk\n|turn|6\n|\n|t:|1681711524\n|move|p2a: Dommy Mommy|Thunder Fang|p1b: Slither Wing\n|-damage|p1b: Slither Wing|82\/100\n|move|p2b: Friends Forever|Surf|p1a: Ting-Lu|[spread] p2a,p1a,p1b\n|-supereffective|p1a: Ting-Lu\n|-damage|p2a: Dommy Mommy|22\/100\n|-damage|p1a: Ting-Lu|0 fnt\n|-damage|p1b: Slither Wing|70\/100\n|faint|p1a: Ting-Lu\n|move|p1b: Slither Wing|Lunge|p2a: Dommy Mommy\n|-damage|p2a: Dommy Mommy|0 fnt\n|-damage|p1b: Slither Wing|58\/100|[from] ability: Rough Skin|[of] p2a: Dommy Mommy\n|faint|p2a: Dommy Mommy\n|\n|upkeep\n|\n|t:|1681711534\n|switch|p2a: Beverly|Chi-Yu, L50, tera:Grass|14\/100\n|-damage|p2a: Beverly|1\/100|[from] Stealth Rock\n|-ability|p2a: Beverly|Beads of Ruin\n|turn|7\n|\n|t:|1681711548\n|-terastallize|p1b: Slither Wing|Fire\n|move|p2a: Beverly|Heat Wave|p1b: Slither Wing|[miss]\n|-miss|p2a: Beverly|p1b: Slither Wing\n|move|p2b: Friends Forever|Surf|p1b: Slither Wing|[spread] p2a,p1b\n|-resisted|p2a: Beverly\n|-supereffective|p1b: Slither Wing\n|-damage|p2a: Beverly|0 fnt\n|-damage|p1b: Slither Wing|14\/100\n|faint|p2a: Beverly\n|move|p1b: Slither Wing|Lunge|p2b: Friends Forever\n|-supereffective|p2b: Friends Forever\n|-damage|p2b: Friends Forever|0 fnt\n|faint|p2b: Friends Forever\n|\n|upkeep\n|c|\u2606Kim Wexler Gaming|G.g.w.p.\n|\n|t:|1681711553\n|switch|p2b: Tara|Chien-Pao, L50|100\/100\n|-damage|p2b: Tara|76\/100|[from] Stealth Rock\n|-ability|p2b: Tara|Sword of Ruin\n|-item|p2b: Tara|Air Balloon\n|turn|8\n|\n|t:|1681711567\n|move|p2b: Tara|Crunch|p1b: Slither Wing\n|-damage|p1b: Slither Wing|0 fnt\n|faint|p1b: Slither Wing\n|-end|p1b: Slither Wing|Protosynthesis|[silent]\n|\n|win|Kim Wexler Gaming\n|raw|duff72's rating: 1100 → 1080<\/strong> (-20 for losing)\n|raw|Kim Wexler Gaming's rating: 1169 → 1189<\/strong> (+20 for winning)\n","uploadtime":1681711570,"views":6,"p1id":"duff72","p2id":"kimwexlergaming","formatid":"gen9vgc2023regulationc","rating":1080,"private":0,"password":""}