{"id":"gen9vgc2023regulationc-1853405278","p1":"haha u rage quit","p2":"Zandar26","format":"[Gen 9] VGC 2023 Regulation C","log":"|j|\u2606haha u rage quit\n|j|\u2606Zandar26\n|t:|1682681024\n|gametype|doubles\n|player|p1|haha u rage quit|pokemaniac|1249\n|player|p2|Zandar26|steven|1303\n|teamsize|p1|6\n|teamsize|p2|6\n|gen|9\n|tier|[Gen 9] VGC 2023 Regulation C\n|rated|\n|rule|Species Clause: Limit one of each Pok\u00e9mon\n|rule|Item Clause: Limit one of each item\n|clearpoke\n|poke|p1|Roaring Moon, L50|\n|poke|p1|Hippowdon, L50, M|\n|poke|p1|Tyranitar, L50, M|\n|poke|p1|Great Tusk, L50|\n|poke|p1|Garchomp, L50, M|\n|poke|p1|Lycanroc, L50, M|\n|poke|p2|Flutter Mane, L50|\n|poke|p2|Iron Bundle, L50|\n|poke|p2|Great Tusk, L50|\n|poke|p2|Chi-Yu, L50|\n|poke|p2|Dragapult, L50, F|\n|poke|p2|Murkrow, L50, F|\n|teampreview|4\n|inactive|Battle timer is ON: inactive players will automatically lose when time's up. (requested by Zandar26)\n|\n|t:|1682681066\n|start\n|switch|p1a: Roaring Moon|Roaring Moon, L50|100\/100\n|switch|p1b: Tyranitar|Tyranitar, L50, M|100\/100\n|switch|p2a: Great Tusk|Great Tusk, L50|100\/100\n|switch|p2b: Murkrow|Murkrow, L50, F|100\/100\n|-weather|Sandstorm|[from] ability: Sand Stream|[of] p1b: Tyranitar\n|-enditem|p1a: Roaring Moon|Booster Energy\n|-activate|p1a: Roaring Moon|ability: Protosynthesis|[fromitem]\n|-start|p1a: Roaring Moon|protosynthesisspe\n|turn|1\n|\n|t:|1682681091\n|-terastallize|p1a: Roaring Moon|Ghost\n|move|p2b: Murkrow|Tailwind|p2b: Murkrow\n|-sidestart|p2: Zandar26|move: Tailwind\n|move|p2a: Great Tusk|Close Combat|p1a: Roaring Moon\n|-immune|p1a: Roaring Moon\n|move|p1a: Roaring Moon|Tailwind|p1a: Roaring Moon\n|-sidestart|p1: haha u rage quit|move: Tailwind\n|move|p1b: Tyranitar|Avalanche|p2a: Great Tusk\n|-supereffective|p2a: Great Tusk\n|-damage|p2a: Great Tusk|67\/100\n|\n|-weather|Sandstorm|[upkeep]\n|-damage|p1a: Roaring Moon|95\/100|[from] Sandstorm\n|-damage|p2b: Murkrow|95\/100|[from] Sandstorm\n|upkeep\n|turn|2\n|inactive|haha u rage quit has 30 seconds left.\n|\n|t:|1682681124\n|switch|p1b: Great Tusk|Great Tusk, L50, shiny|100\/100\n|move|p2b: Murkrow|Quash|p1a: Roaring Moon\n|-activate|p1a: Roaring Moon|move: Quash\n|move|p2a: Great Tusk|Headlong Rush|p1b: Great Tusk\n|-damage|p1b: Great Tusk|50\/100\n|-unboost|p2a: Great Tusk|def|1\n|-unboost|p2a: Great Tusk|spd|1\n|move|p1a: Roaring Moon|Acrobatics|p2a: Great Tusk\n|-supereffective|p2a: Great Tusk\n|-damage|p2a: Great Tusk|0 fnt\n|faint|p2a: Great Tusk\n|-end|p2a: Great Tusk|Protosynthesis|[silent]\n|\n|-weather|Sandstorm|[upkeep]\n|-damage|p1a: Roaring Moon|89\/100|[from] Sandstorm\n|-damage|p2b: Murkrow|89\/100|[from] Sandstorm\n|upkeep\n|\n|t:|1682681128\n|switch|p2a: Mimi|Flutter Mane, L50, shiny|100\/100\n|turn|3\n|inactive|haha u rage quit has 30 seconds left.\n|\n|t:|1682681157\n|-terastallize|p2a: Mimi|Fairy\n|move|p1a: Roaring Moon|Acrobatics|p2a: Mimi\n|-crit|p2a: Mimi\n|-damage|p2a: Mimi|0 fnt\n|faint|p2a: Mimi\n|-end|p2a: Mimi|Protosynthesis|[silent]\n|move|p1b: Great Tusk|Headlong Rush|p2b: Murkrow\n|-immune|p2b: Murkrow\n|move|p2b: Murkrow|Foul Play|p1a: Roaring Moon\n|-supereffective|p1a: Roaring Moon\n|-damage|p1a: Roaring Moon|0 fnt\n|faint|p1a: Roaring Moon\n|-end|p1a: Roaring Moon|Protosynthesis|[silent]\n|\n|-weather|Sandstorm|[upkeep]\n|-damage|p2b: Murkrow|83\/100|[from] Sandstorm\n|upkeep\n|\n|t:|1682681172\n|switch|p2a: Dragapult|Dragapult, L50, F|100\/100\n|switch|p1a: Lycanroc|Lycanroc, L50, M|100\/100\n|turn|4\n|\n|t:|1682681193\n|switch|p1a: Tyranitar|Tyranitar, L50, M|100\/100\n|move|p2a: Dragapult|Dragon Darts|p1b: Great Tusk\n|-damage|p1b: Great Tusk|20\/100\n|-anim|p2a: Dragapult|Dragon Darts|p1a: Tyranitar\n|-damage|p1a: Tyranitar|65\/100\n|move|p1b: Great Tusk|Headlong Rush|p2a: Dragapult\n|-damage|p2a: Dragapult|0 fnt\n|-unboost|p1b: Great Tusk|def|1\n|-unboost|p1b: Great Tusk|spd|1\n|faint|p2a: Dragapult\n|move|p2b: Murkrow|Foul Play|p1a: Tyranitar\n|-resisted|p1a: Tyranitar\n|-damage|p1a: Tyranitar|39\/100\n|\n|-weather|Sandstorm|[upkeep]\n|-damage|p2b: Murkrow|77\/100|[from] Sandstorm\n|-sideend|p2: Zandar26|move: Tailwind\n|-sideend|p1: haha u rage quit|move: Tailwind\n|upkeep\n|turn|5\n|-message|Zandar26 forfeited.\n|\n|win|haha u rage quit\n|raw|haha u rage quit's rating: 1249 → 1278<\/strong> (+29 for winning)\n|raw|Zandar26's rating: 1303 → 1280<\/strong> (-23 for losing)\n|l|\u2606Zandar26\n","uploadtime":1682681219,"views":8,"p1id":"hahauragequit","p2id":"zandar26","formatid":"gen9vgc2023regulationc","rating":1278,"private":0,"password":""}