{"id":"gen9vgc2023regulationc-1861336591","p1":"zzHayp","p2":"clica stab","format":"[Gen 9] VGC 2023 Regulation C","log":"|j|\u2606zzHayp\n|j|\u2606clica stab\n|t:|1683747166\n|gametype|doubles\n|player|p1|zzHayp|pokemonbreeder|\n|player|p2|clica stab|101|\n|teamsize|p1|6\n|teamsize|p2|6\n|gen|9\n|tier|[Gen 9] VGC 2023 Regulation C\n|rule|Species Clause: Limit one of each Pok\u00e9mon\n|rule|Item Clause: Limit one of each item\n|clearpoke\n|poke|p1|Pelipper, L50, F|\n|poke|p1|Talonflame, L50, M|\n|poke|p1|Dondozo, L50, M|\n|poke|p1|Tatsugiri, L50, F|\n|poke|p1|Gholdengo, L50|\n|poke|p1|Gastrodon-East, L50, F|\n|poke|p2|Palafin, L50, M|\n|poke|p2|Amoonguss, L50, F|\n|poke|p2|Gholdengo, L50|\n|poke|p2|Garchomp, L50, M|\n|poke|p2|Corviknight, L50, F|\n|poke|p2|Iron Hands, L50|\n|teampreview|4\n|inactive|Battle timer is ON: inactive players will automatically lose when time's up. (requested by zzHayp)\n|\n|t:|1683747195\n|start\n|switch|p1a: Pelipper|Pelipper, L50, F|100\/100\n|switch|p1b: Talonflame|Talonflame, L50, M|100\/100\n|switch|p2a: Garchomp|Garchomp, L50, M|100\/100\n|switch|p2b: Corviknight|Corviknight, L50, F|100\/100\n|-ability|p2b: Corviknight|Pressure\n|-weather|RainDance|[from] ability: Drizzle|[of] p1a: Pelipper\n|turn|1\n|inactive|zzHayp has 30 seconds left.\n|inactive|zzHayp has 20 seconds left.\n|inactive|zzHayp has 15 seconds left.\n|\n|t:|1683747238\n|-terastallize|p1b: Talonflame|Flying\n|move|p1a: Pelipper|Protect|p1a: Pelipper\n|-singleturn|p1a: Pelipper|Protect\n|move|p1b: Talonflame|Air Cutter|p2a: Garchomp|[spread] p2b\n|-miss|p1b: Talonflame|p2a: Garchomp\n|-resisted|p2b: Corviknight\n|-damage|p2b: Corviknight|91\/100\n|move|p2a: Garchomp|Rock Slide|p1a: Pelipper|[spread] p1b\n|-activate|p1a: Pelipper|move: Protect\n|-supereffective|p1b: Talonflame\n|-damage|p1b: Talonflame|26\/100\n|move|p2b: Corviknight|U-turn|p1a: Pelipper\n|-activate|p1a: Pelipper|move: Protect\n|\n|-weather|RainDance|[upkeep]\n|upkeep\n|turn|2\n|\n|t:|1683747261\n|move|p1a: Pelipper|Wide Guard|p1a: Pelipper\n|-singleturn|p1a: Pelipper|Wide Guard\n|move|p1b: Talonflame|Hurricane|p2a: Garchomp\n|-damage|p2a: Garchomp|55\/100\n|move|p2a: Garchomp|Rock Slide|p1b: Talonflame|[spread] \n|-activate|p1a: Pelipper|move: Wide Guard\n|-activate|p1b: Talonflame|move: Wide Guard\n|move|p2b: Corviknight|U-turn|p1a: Pelipper\n|-resisted|p1a: Pelipper\n|-damage|p1a: Pelipper|95\/100\n|\n|t:|1683747278\n|switch|p2b: Iron Hands|Iron Hands, L50|100\/100|[from] U-turn\n|-enditem|p2b: Iron Hands|Booster Energy\n|-activate|p2b: Iron Hands|ability: Quark Drive|[fromitem]\n|-start|p2b: Iron Hands|quarkdriveatk\n|\n|-weather|RainDance|[upkeep]\n|upkeep\n|turn|3\n|\n|t:|1683747288\n|switch|p1a: Gastrodon|Gastrodon-East, L50, F|100\/100\n|move|p1b: Talonflame|Quick Guard|p1b: Talonflame\n|-singleturn|p1b: Talonflame|Quick Guard\n|move|p2b: Iron Hands|Fake Out|p1b: Talonflame\n|-activate|p1b: Talonflame|move: Quick Guard\n|move|p2a: Garchomp|Rock Slide|p1a: Gastrodon|[spread] \n|-miss|p2a: Garchomp|p1a: Gastrodon\n|-miss|p2a: Garchomp|p1b: Talonflame\n|\n|-weather|RainDance|[upkeep]\n|upkeep\n|turn|4\n|inactive|zzHayp has 30 seconds left.\n|inactive|clica stab has 30 seconds left.\n|\n|t:|1683747315\n|switch|p2a: Amoonguss|Amoonguss, L50, F|100\/100\n|move|p1b: Talonflame|Hurricane|p2a: Amoonguss\n|-supereffective|p2a: Amoonguss\n|-damage|p2a: Amoonguss|0 fnt\n|faint|p2a: Amoonguss\n|move|p2b: Iron Hands|Thunder Punch|p1b: Talonflame\n|-supereffective|p1b: Talonflame\n|-damage|p1b: Talonflame|0 fnt\n|faint|p1b: Talonflame\n|move|p1a: Gastrodon|Earth Power|p2b: Iron Hands\n|-supereffective|p2b: Iron Hands\n|-damage|p2b: Iron Hands|33\/100\n|\n|-weather|RainDance|[upkeep]\n|upkeep\n|\n|t:|1683747333\n|switch|p1b: Gholdengo|Gholdengo, L50|100\/100\n|switch|p2a: Garchomp|Garchomp, L50, M|55\/100\n|turn|5\n|inactive|zzHayp has 30 seconds left.\n|\n|t:|1683747359\n|-terastallize|p2a: Garchomp|Steel\n|move|p2a: Garchomp|Outrage|p1b: Gholdengo\n|-resisted|p1b: Gholdengo\n|-damage|p1b: Gholdengo|60\/100\n|move|p1b: Gholdengo|Shadow Ball|p2a: Garchomp\n|-damage|p2a: Garchomp|11\/100\n|move|p2b: Iron Hands|Wild Charge|p1b: Gholdengo\n|-damage|p1b: Gholdengo|0 fnt\n|faint|p1b: Gholdengo\n|-damage|p2b: Iron Hands|22\/100|[from] Recoil\n|move|p1a: Gastrodon|Muddy Water|p2a: Garchomp|[spread] p2b\n|-miss|p1a: Gastrodon|p2a: Garchomp\n|-damage|p2b: Iron Hands|0 fnt\n|faint|p2b: Iron Hands\n|-end|p2b: Iron Hands|Quark Drive|[silent]\n|\n|-weather|RainDance|[upkeep]\n|upkeep\n|\n|t:|1683747380\n|switch|p1b: Pelipper|Pelipper, L50, F|95\/100\n|switch|p2b: Corviknight|Corviknight, L50, F|91\/100\n|-ability|p2b: Corviknight|Pressure\n|turn|6\n|\n|t:|1683747393\n|move|p2a: Garchomp|Outrage|p1b: Pelipper|[from]lockedmove\n|-damage|p1b: Pelipper|36\/100\n|-start|p2a: Garchomp|confusion|[fatigue]\n|move|p2b: Corviknight|Body Press|p1a: Gastrodon\n|-damage|p1a: Gastrodon|82\/100\n|move|p1b: Pelipper|Hurricane|p2a: Garchomp\n|-resisted|p2a: Garchomp\n|-damage|p2a: Garchomp|0 fnt\n|faint|p2a: Garchomp\n|move|p1a: Gastrodon|Muddy Water|p2b: Corviknight|[miss]\n|-miss|p1a: Gastrodon|p2b: Corviknight\n|\n|-weather|RainDance|[upkeep]\n|upkeep\n|turn|7\n|c|\u2606zzHayp|boa\n|c|\u2606zzHayp|sortudo\n|\n|t:|1683747414\n|move|p1b: Pelipper|Protect|p1b: Pelipper\n|-singleturn|p1b: Pelipper|Protect\n|move|p2b: Corviknight|Body Press|p1b: Pelipper\n|-activate|p1b: Pelipper|move: Protect\n|move|p1a: Gastrodon|Muddy Water|p2b: Corviknight\n|-damage|p2b: Corviknight|52\/100\n|\n|-weather|RainDance|[upkeep]\n|upkeep\n|turn|8\n|c|\u2606clica stab|GG\n|c|\u2606clica stab|Ganhou\n|\n|t:|1683747427\n|move|p1b: Pelipper|Helping Hand|p1a: Gastrodon\n|-singleturn|p1a: Gastrodon|Helping Hand|[of] p1b: Pelipper\n|move|p2b: Corviknight|Body Press|p2: Garchomp|[notarget]\n|-fail|p2b: Corviknight\n|move|p1a: Gastrodon|Muddy Water|p2b: Corviknight\n|-crit|p2b: Corviknight\n|-damage|p2b: Corviknight|0 fnt\n|faint|p2b: Corviknight\n|\n|win|zzHayp\n|c|\u2606zzHayp|gg\n","uploadtime":1683747440,"views":9,"p1id":"zzhayp","p2id":"clicastab","formatid":"gen9vgc2023regulationc","rating":0,"private":0,"password":""}