{"id":"gen9vgc2023regulationc-1858917867","p1":"Tamejo","p2":"CarlettoJack","format":"[Gen 9] VGC 2023 Regulation C","log":"|j|\u2606Tamejo\n|j|\u2606CarlettoJack\n|t:|1683383250\n|gametype|doubles\n|player|p1|Tamejo|rood|\n|player|p2|CarlettoJack|roughneck-gen4|\n|teamsize|p1|6\n|teamsize|p2|6\n|gen|9\n|tier|[Gen 9] VGC 2023 Regulation C\n|rule|Species Clause: Limit one of each Pok\u00e9mon\n|rule|Item Clause: Limit one of each item\n|clearpoke\n|poke|p1|Murkrow, L50, F|\n|poke|p1|Great Tusk, L50|\n|poke|p1|Iron Bundle, L50|\n|poke|p1|Chi-Yu, L50|\n|poke|p1|Iron Hands, L50|\n|poke|p1|Amoonguss, L50, F|\n|poke|p2|Abomasnow, L50, F|\n|poke|p2|Iron Bundle, L50|\n|poke|p2|Iron Hands, L50|\n|poke|p2|Great Tusk, L50|\n|poke|p2|Talonflame, L50, F|\n|poke|p2|Flutter Mane, L50|\n|teampreview|4\n|j| lucarioex555\nTamejo has agreed to open team sheets.\nCarlettoJack has agreed to open team sheets.\n|\n|t:|1683383335\n|start\n|switch|p1a: Murkrow|Murkrow, L50, F|100\/100\n|switch|p1b: Great Tusk|Great Tusk, L50|100\/100\n|switch|p2a: Abomasnow|Abomasnow, L50, F|100\/100\n|switch|p2b: Iron Bundle|Iron Bundle, L50|100\/100\n|-weather|Snow|[from] ability: Snow Warning|[of] p2a: Abomasnow\n|turn|1\n|\n|t:|1683383363\n|-terastallize|p1b: Great Tusk|Rock\n|-terastallize|p2a: Abomasnow|Water\n|move|p1a: Murkrow|Tailwind|p1a: Murkrow\n|-sidestart|p1: Tamejo|move: Tailwind\n|move|p1b: Great Tusk|Rock Slide|p2a: Abomasnow|[spread] p2a,p2b\n|-supereffective|p2b: Iron Bundle\n|-damage|p2a: Abomasnow|66\/100\n|-damage|p2b: Iron Bundle|49\/100\n|move|p2b: Iron Bundle|Icy Wind|p1a: Murkrow|[spread] p1a,p1b\n|-supereffective|p1a: Murkrow\n|-damage|p1a: Murkrow|54\/100\n|-damage|p1b: Great Tusk|70\/100\n|-unboost|p1a: Murkrow|spe|1\n|-unboost|p1b: Great Tusk|spe|1\n|cant|p2a: Abomasnow|flinch\n|\n|-weather|Snow|[upkeep]\n|upkeep\n|turn|2\n|\n|t:|1683383398\n|move|p1a: Murkrow|Haze|p1a: Murkrow\n|-clearallboost\n|move|p1b: Great Tusk|Rock Slide|p2b: Iron Bundle|[spread] p2b\n|-miss|p1b: Great Tusk|p2a: Abomasnow\n|-supereffective|p2b: Iron Bundle\n|-damage|p2b: Iron Bundle|1\/100\n|cant|p2b: Iron Bundle|flinch\n|move|p2a: Abomasnow|Giga Drain|p1b: Great Tusk\n|-supereffective|p1b: Great Tusk\n|-damage|p1b: Great Tusk|0 fnt\n|-heal|p2a: Abomasnow|100\/100|[from] drain|[of] p1b: Great Tusk\n|faint|p1b: Great Tusk\n|-end|p1b: Great Tusk|Protosynthesis|[silent]\n|-damage|p2a: Abomasnow|91\/100|[from] item: Life Orb\n|\n|-weather|Snow|[upkeep]\n|upkeep\n|\n|t:|1683383420\n|switch|p1b: Iron Bundle|Iron Bundle, L50|100\/100\n|-enditem|p1b: Iron Bundle|Booster Energy\n|-activate|p1b: Iron Bundle|ability: Quark Drive|[fromitem]\n|-start|p1b: Iron Bundle|quarkdrivespe\n|turn|3\n|\n|t:|1683383473\n|move|p1b: Iron Bundle|Protect|p1b: Iron Bundle\n|-singleturn|p1b: Iron Bundle|Protect\n|move|p1a: Murkrow|Brave Bird|p2a: Abomasnow\n|-damage|p2a: Abomasnow|52\/100\n|-damage|p1a: Murkrow|39\/100|[from] Recoil\n|move|p2b: Iron Bundle|Icy Wind|p1b: Iron Bundle|[spread] p1a\n|-activate|p1b: Iron Bundle|move: Protect\n|-supereffective|p1a: Murkrow\n|-damage|p1a: Murkrow|0 fnt\n|faint|p1a: Murkrow\n|move|p2a: Abomasnow|Giga Drain|p1b: Iron Bundle\n|-activate|p1b: Iron Bundle|move: Protect\n|\n|-weather|Snow|[upkeep]\n|upkeep\n|\n|t:|1683383480\n|switch|p1a: Chi-Yu|Chi-Yu, L50|100\/100\n|-ability|p1a: Chi-Yu|Beads of Ruin\n|turn|4\n|\n|t:|1683383522\n|move|p1b: Iron Bundle|Freeze-Dry|p2b: Iron Bundle\n|-damage|p2b: Iron Bundle|0 fnt\n|faint|p2b: Iron Bundle\n|-end|p2b: Iron Bundle|Quark Drive|[silent]\n|move|p1a: Chi-Yu|Dark Pulse|p2a: Abomasnow\n|-damage|p2a: Abomasnow|0 fnt\n|faint|p2a: Abomasnow\n|\n|-weather|Snow|[upkeep]\n|-sideend|p1: Tamejo|move: Tailwind\n|upkeep\n|\n|t:|1683383537\n|switch|p2b: Iron Hands|Iron Hands, L50|100\/100\n|switch|p2a: Great Tusk|Great Tusk, L50|100\/100\n|turn|5\n|\n|t:|1683383596\n|move|p2b: Iron Hands|Fake Out|p1b: Iron Bundle\n|-damage|p1b: Iron Bundle|88\/100\n|cant|p1b: Iron Bundle|flinch\n|move|p1a: Chi-Yu|Dark Pulse|p2a: Great Tusk\n|-resisted|p2a: Great Tusk\n|-damage|p2a: Great Tusk|36\/100\n|move|p2a: Great Tusk|Rock Slide|p1b: Iron Bundle|[spread] p1b\n|-miss|p2a: Great Tusk|p1a: Chi-Yu\n|-supereffective|p1b: Iron Bundle\n|-damage|p1b: Iron Bundle|38\/100\n|\n|-weather|none\n|upkeep\n|turn|6\n|\n|t:|1683383614\n|move|p1b: Iron Bundle|Freeze-Dry|p2a: Great Tusk\n|-supereffective|p2a: Great Tusk\n|-damage|p2a: Great Tusk|0 fnt\n|faint|p2a: Great Tusk\n|-end|p2a: Great Tusk|Protosynthesis|[silent]\n|move|p1a: Chi-Yu|Dark Pulse|p2b: Iron Hands\n|-resisted|p2b: Iron Hands\n|-damage|p2b: Iron Hands|80\/100\n|move|p2b: Iron Hands|Drain Punch|p1a: Chi-Yu\n|-supereffective|p1a: Chi-Yu\n|-damage|p1a: Chi-Yu|0 fnt\n|-heal|p2b: Iron Hands|100\/100|[from] drain|[of] p1a: Chi-Yu\n|faint|p1a: Chi-Yu\n|\n|upkeep\n|turn|7\n|\n|t:|1683383639\n|move|p1b: Iron Bundle|Freeze-Dry|p2b: Iron Hands\n|-damage|p2b: Iron Hands|83\/100\n|move|p2b: Iron Hands|Wild Charge|p1b: Iron Bundle\n|-supereffective|p1b: Iron Bundle\n|-damage|p1b: Iron Bundle|0 fnt\n|faint|p1b: Iron Bundle\n|-end|p1b: Iron Bundle|Quark Drive|[silent]\n|-damage|p2b: Iron Hands|78\/100|[from] Recoil\n|\n|win|CarlettoJack\n|c|\u2606Tamejo|Gg\n|c|\u2606CarlettoJack|gg\n|l| lucarioex555\n|l|\u2606CarlettoJack\n","uploadtime":1683384326,"views":4,"p1id":"tamejo","p2id":"carlettojack","formatid":"gen9vgc2023regulationc","rating":0,"private":0,"password":""}