{"id":"gen9vgc2023regulationc-1857323829","p1":"garfieldslaya","p2":"Yobiii","format":"[Gen 9] VGC 2023 Regulation C","log":"|j|\u2606garfieldslaya\n|j|\u2606Yobiii\n|t:|1683173375\n|gametype|doubles\n|player|p1|garfieldslaya|jasmine|1170\n|player|p2|Yobiii|veteran|1229\n|teamsize|p1|6\n|teamsize|p2|6\n|gen|9\n|tier|[Gen 9] VGC 2023 Regulation C\n|rated|\n|rule|Species Clause: Limit one of each Pok\u00e9mon\n|rule|Item Clause: Limit one of each item\n|clearpoke\n|poke|p1|Amoonguss, L50, F|\n|poke|p1|Flutter Mane, L50|\n|poke|p1|Arcanine, L50, F|\n|poke|p1|Baxcalibur, L50, F|\n|poke|p1|Ting-Lu, L50|\n|poke|p1|Palafin, L50, M|\n|poke|p2|Skeledirge, L50, F|\n|poke|p2|Iron Valiant, L50|\n|poke|p2|Gastrodon, L50, F|\n|poke|p2|Kingambit, L50, F|\n|poke|p2|Lucario, L50, M|\n|poke|p2|Chien-Pao, L50|\n|teampreview|4\nYobiii has agreed to open team sheets.\ngarfieldslaya has agreed to open team sheets.\n|c|\u2606Yobiii|Glhf!\n|c|\u2606garfieldslaya|u2\n|\n|t:|1683173436\n|start\n|switch|p1a: Palafin|Palafin, L50, M|100\/100\n|switch|p1b: Ting-Lu|Ting-Lu, L50|100\/100\n|switch|p2a: Chien-Pao|Chien-Pao, L50|100\/100\n|switch|p2b: Lucario|Lucario, L50, M|100\/100\n|-ability|p2a: Chien-Pao|Sword of Ruin\n|-ability|p1b: Ting-Lu|Vessel of Ruin\n|turn|1\n|inactive|Battle timer is ON: inactive players will automatically lose when time's up. (requested by garfieldslaya)\n|\n|t:|1683173503\n|detailschange|p1a: Palafin|Palafin-Hero, L50, M\n|switch|p1a: Amoonguss|Amoonguss, L50, F|100\/100\n|-terastallize|p1b: Ting-Lu|Poison\n|move|p2a: Chien-Pao|Ice Spinner|p1b: Ting-Lu\n|-damage|p1b: Ting-Lu|69\/100\n|move|p2b: Lucario|Close Combat|p1b: Ting-Lu\n|-resisted|p1b: Ting-Lu\n|-damage|p1b: Ting-Lu|40\/100\n|-unboost|p2b: Lucario|def|1\n|-unboost|p2b: Lucario|spd|1\n|-damage|p2b: Lucario|91\/100|[from] item: Life Orb\n|move|p1b: Ting-Lu|Stomping Tantrum|p2b: Lucario\n|-supereffective|p2b: Lucario\n|-damage|p2b: Lucario|0 fnt\n|faint|p2b: Lucario\n|\n|-heal|p1b: Ting-Lu|47\/100|[from] item: Leftovers\n|upkeep\n|\n|t:|1683173514\n|switch|p2b: Skeledirge|Skeledirge, L50, F|100\/100\n|turn|2\n|inactive|garfieldslaya has 30 seconds left.\n|inactive|Yobiii has 30 seconds left.\n|\n|t:|1683173548\n|switch|p1a: Palafin|Palafin-Hero, L50, M|100\/100\n|-activate|p1a: Palafin|ability: Zero to Hero\n|-terastallize|p2b: Skeledirge|Fairy\n|move|p1b: Ting-Lu|Protect|p1b: Ting-Lu\n|-singleturn|p1b: Ting-Lu|Protect\n|move|p2a: Chien-Pao|Ice Spinner|p1a: Palafin\n|-resisted|p1a: Palafin\n|-damage|p1a: Palafin|73\/100\n|move|p2b: Skeledirge|Torch Song|p1b: Ting-Lu\n|-activate|p1b: Ting-Lu|move: Protect\n|\n|-heal|p1b: Ting-Lu|53\/100|[from] item: Leftovers\n|upkeep\n|turn|3\n|inactive|garfieldslaya has 30 seconds left.\n|inactive|Yobiii has 30 seconds left.\n|inactive|garfieldslaya has 20 seconds left.\n|inactive|garfieldslaya has 15 seconds left.\n|inactive|garfieldslaya has 10 seconds left.\n|\n|t:|1683173595\n|switch|p2a: Gastrodon|Gastrodon, L50, F|100\/100\n|move|p1a: Palafin|Wave Crash|p2a: Gastrodon\n|-activate|p2a: Gastrodon|ability: Storm Drain\n|-ability|p2a: Gastrodon|Storm Drain|boost\n|-boost|p2a: Gastrodon|spa|1\n|move|p2b: Skeledirge|Torch Song|p1b: Ting-Lu\n|-damage|p1b: Ting-Lu|38\/100\n|-boost|p2b: Skeledirge|spa|1\n|-enditem|p2b: Skeledirge|Throat Spray\n|-boost|p2b: Skeledirge|spa|1|[from] item: Throat Spray\n|move|p1b: Ting-Lu|Heavy Slam|p2a: Gastrodon\n|-resisted|p2a: Gastrodon\n|-damage|p2a: Gastrodon|81\/100\n|\n|-heal|p1b: Ting-Lu|44\/100|[from] item: Leftovers\n|-heal|p2a: Gastrodon|87\/100|[from] item: Leftovers\n|upkeep\n|turn|4\n|inactive|Yobiii has 30 seconds left.\n|\n|t:|1683173627\n|switch|p1a: Amoonguss|Amoonguss, L50, F|100\/100\n|switch|p1b: Baxcalibur|Baxcalibur, L50, F|100\/100\n|move|p2a: Gastrodon|Protect|p2a: Gastrodon\n|-singleturn|p2a: Gastrodon|Protect\n|move|p2b: Skeledirge|Tera Blast|p1a: Amoonguss\n|-resisted|p1a: Amoonguss\n|-damage|p1a: Amoonguss|78\/100\n|\n|-heal|p2a: Gastrodon|93\/100|[from] item: Leftovers\n|upkeep\n|turn|5\n|inactive|garfieldslaya has 30 seconds left.\n|inactive|garfieldslaya has 20 seconds left.\n|\n|t:|1683173664\n|move|p1a: Amoonguss|Rage Powder|p1a: Amoonguss\n|-singleturn|p1a: Amoonguss|move: Rage Powder\n|move|p1b: Baxcalibur|Icicle Crash|p2b: Skeledirge\n|-damage|p2b: Skeledirge|71\/100\n|cant|p2b: Skeledirge|flinch\n|move|p2a: Gastrodon|Earth Power|p1a: Amoonguss\n|-damage|p1a: Amoonguss|41\/100\n|\n|-heal|p2a: Gastrodon|99\/100|[from] item: Leftovers\n|upkeep\n|turn|6\n|c|\u2606Yobiii|Damn, got the flinch\n|inactive|garfieldslaya has 30 seconds left.\n|inactive|Yobiii has 30 seconds left.\n|\n|t:|1683173699\n|move|p1a: Amoonguss|Rage Powder|p1a: Amoonguss\n|-singleturn|p1a: Amoonguss|move: Rage Powder\n|move|p1b: Baxcalibur|Glaive Rush|p2a: Gastrodon\n|-damage|p2a: Gastrodon|16\/100\n|-singlemove|p1b: Baxcalibur|Glaive Rush|[silent]\n|move|p2b: Skeledirge|Torch Song|p1a: Amoonguss\n|-supereffective|p1a: Amoonguss\n|-damage|p1a: Amoonguss|0 fnt\n|-boost|p2b: Skeledirge|spa|1\n|faint|p1a: Amoonguss\n|move|p2a: Gastrodon|Earth Power|p1b: Baxcalibur\n|-damage|p1b: Baxcalibur|21\/100\n|\n|-heal|p2a: Gastrodon|22\/100|[from] item: Leftovers\n|upkeep\n|\n|t:|1683173711\n|switch|p1a: Palafin|Palafin-Hero, L50, M|73\/100\n|turn|7\n|\n|t:|1683173734\n|move|p1a: Palafin|Protect|p1a: Palafin\n|-singleturn|p1a: Palafin|Protect\n|move|p1b: Baxcalibur|Protect|p1b: Baxcalibur\n|-singleturn|p1b: Baxcalibur|Protect\n|move|p2a: Gastrodon|Protect|p2a: Gastrodon\n|-singleturn|p2a: Gastrodon|Protect\n|move|p2b: Skeledirge|Tera Blast|p1a: Palafin\n|-activate|p1a: Palafin|move: Protect\n|\n|-heal|p2a: Gastrodon|29\/100|[from] item: Leftovers\n|upkeep\n|turn|8\n|inactive|garfieldslaya has 30 seconds left.\n|inactive|Yobiii has 30 seconds left.\n|inactive|Yobiii has 20 seconds left.\n|inactive|Yobiii has 15 seconds left.\n|\n|t:|1683173789\n|switch|p1a: Ting-Lu|Ting-Lu, L50, tera:Poison|44\/100\n|-ability|p1a: Ting-Lu|Vessel of Ruin\n|switch|p2a: Chien-Pao|Chien-Pao, L50|100\/100\n|-ability|p2a: Chien-Pao|Sword of Ruin\n|move|p1b: Baxcalibur|Glaive Rush|p2a: Chien-Pao\n|-enditem|p2a: Chien-Pao|Focus Sash\n|-damage|p2a: Chien-Pao|1\/100\n|-singlemove|p1b: Baxcalibur|Glaive Rush|[silent]\n|move|p2b: Skeledirge|Tera Blast|p1b: Baxcalibur\n|-supereffective|p1b: Baxcalibur\n|-damage|p1b: Baxcalibur|0 fnt\n|faint|p1b: Baxcalibur\n|\n|-heal|p1a: Ting-Lu|50\/100|[from] item: Leftovers\n|upkeep\n|\n|t:|1683173803\n|switch|p1b: Palafin|Palafin-Hero, L50, M|73\/100\n|turn|9\n|\n|t:|1683173826\n|move|p2a: Chien-Pao|Protect|p2a: Chien-Pao\n|-singleturn|p2a: Chien-Pao|Protect\n|move|p1b: Palafin|Protect|p1b: Palafin\n|-singleturn|p1b: Palafin|Protect\n|move|p2b: Skeledirge|Tera Blast|p1b: Palafin\n|-activate|p1b: Palafin|move: Protect\n|move|p1a: Ting-Lu|Stomping Tantrum|p2a: Chien-Pao\n|-activate|p2a: Chien-Pao|move: Protect\n|\n|-heal|p1a: Ting-Lu|57\/100|[from] item: Leftovers\n|upkeep\n|turn|10\n|\n|t:|1683173842\n|move|p2a: Chien-Pao|Sucker Punch|p1b: Palafin\n|-damage|p1b: Palafin|22\/100\n|move|p1b: Palafin|Wave Crash|p2b: Skeledirge\n|-damage|p2b: Skeledirge|0 fnt\n|faint|p2b: Skeledirge\n|-damage|p1b: Palafin|0 fnt|[from] Recoil\n|faint|p1b: Palafin\n|move|p1a: Ting-Lu|Stomping Tantrum|p2a: Chien-Pao\n|-damage|p2a: Chien-Pao|0 fnt\n|faint|p2a: Chien-Pao\n|\n|-heal|p1a: Ting-Lu|63\/100|[from] item: Leftovers\n|upkeep\n|\n|t:|1683173847\n|switch|p2b: Gastrodon|Gastrodon, L50, F|29\/100\n|turn|11\n|c|\u2606Yobiii|Gg\n|c|\u2606Yobiii|Didn't think wave crash would do so much\n|\n|t:|1683173866\n|move|p2b: Gastrodon|Protect|p2b: Gastrodon\n|-singleturn|p2b: Gastrodon|Protect\n|move|p1a: Ting-Lu|Stomping Tantrum|p2b: Gastrodon\n|-activate|p2b: Gastrodon|move: Protect\n|\n|-heal|p1a: Ting-Lu|69\/100|[from] item: Leftovers\n|-heal|p2b: Gastrodon|35\/100|[from] item: Leftovers\n|upkeep\n|turn|12\n|\n|t:|1683173870\n|move|p1a: Ting-Lu|Stomping Tantrum|p2b: Gastrodon\n|-damage|p2b: Gastrodon|0 fnt\n|faint|p2b: Gastrodon\n|\n|win|garfieldslaya\n|raw|garfieldslaya's rating: 1170 → 1199<\/strong> (+29 for winning)\n|raw|Yobiii's rating: 1229 → 1200<\/strong> (-29 for losing)\n|c|\u2606garfieldslaya|ye\n|c|\u2606garfieldslaya|its powerful\n","uploadtime":1683173881,"views":7,"p1id":"garfieldslaya","p2id":"yobiii","formatid":"gen9vgc2023regulationc","rating":1199,"private":0,"password":""}