{"id":"gen9vgc2023regulationc-1855711145","p1":"Prince2703","p2":"Slim Reaper 69","format":"[Gen 9] VGC 2023 Regulation C","log":"|j|\u2606Prince2703\n|j|\u2606Slim Reaper 69\n|t:|1682975652\n|gametype|doubles\n|player|p1|Prince2703|steven|\n|player|p2|Slim Reaper 69|rood|\n|teamsize|p1|6\n|teamsize|p2|6\n|gen|9\n|tier|[Gen 9] VGC 2023 Regulation C\n|rule|Species Clause: Limit one of each Pok\u00e9mon\n|rule|Item Clause: Limit one of each item\n|clearpoke\n|poke|p1|Gothitelle, L50, M|\n|poke|p1|Bisharp, L50, M|\n|poke|p1|Wooper-Paldea, L50, F|\n|poke|p1|Forretress, L50, M|\n|poke|p1|Scream Tail, L50|\n|poke|p1|Farigiraf, L50, F|\n|poke|p2|Pelipper, L50, M|\n|poke|p2|Palafin, L50, F|\n|poke|p2|Azumarill, L50, F|\n|poke|p2|Barraskewda, L50, M|\n|poke|p2|Dondozo, L50, F|\n|poke|p2|Tatsugiri-Stretchy, L50, M|\n|teampreview|4\n|c|\u2606Prince2703|god bless the weed that has been smoked\n|c|\u2606Prince2703|why dondozo got that mouth though\n|c|\u2606Slim Reaper 69|bisharp lmao\n|c|\u2606Slim Reaper 69|dont tell me you forgot about kingambit\n|c|\u2606Prince2703|oh\n|c|\u2606Prince2703|thats the new evo of bisharp\n|c|\u2606Slim Reaper 69|yup\n|c|\u2606Prince2703|yeah I am high as a kite\n|c|\u2606Slim Reaper 69|you wanna play this one or swap?\n|c|\u2606Prince2703|beyond the clouds\n|c|\u2606Prince2703|nag\n|c|\u2606Prince2703|we going in hard believe in the sharpie\n|c|\u2606Slim Reaper 69|hell yea\n|\n|t:|1682975789\n|start\n|switch|p1a: Wooper|Wooper-Paldea, L50, F|100\/100\n|switch|p1b: Farigiraf|Farigiraf, L50, F|100\/100\n|switch|p2a: Pelipper|Pelipper, L50, M|100\/100\n|switch|p2b: Azumarill|Azumarill, L50, F|100\/100\n|-weather|RainDance|[from] ability: Drizzle|[of] p2a: Pelipper\n|turn|1\n|c|\u2606Prince2703|u may be asking the reasonable question\n|c|\u2606Prince2703|why is there a wooper b4 u\n|c|\u2606Prince2703|that I cannot answer\n|\n|t:|1682975811\n|move|p2a: Pelipper|Hurricane|p1b: Farigiraf\n|-damage|p1b: Farigiraf|50\/100\n|move|p2b: Azumarill|Liquidation|p1b: Farigiraf\n|-damage|p1b: Farigiraf|0 fnt\n|faint|p1b: Farigiraf\n|-damage|p2b: Azumarill|91\/100|[from] item: Life Orb\n|move|p1a: Wooper|Curse|p1a: Wooper\n|-unboost|p1a: Wooper|spe|1\n|-boost|p1a: Wooper|atk|1\n|-boost|p1a: Wooper|def|1\n|\n|-weather|RainDance|[upkeep]\n|upkeep\n|c|\u2606Slim Reaper 69|I respect the whooper\n|\n|t:|1682975819\n|switch|p1b: Forretress|Forretress, L50, M|100\/100\n|turn|2\n|c|\u2606Prince2703|now the question\n|c|\u2606Prince2703|can I win\n|c|\u2606Prince2703|a 50 50\n|\n|t:|1682975843\n|move|p2a: Pelipper|Hurricane|p1b: Forretress\n|-damage|p1b: Forretress|35\/100\n|move|p2b: Azumarill|Perish Song|p2b: Azumarill\n|-start|p1a: Wooper|perish3|[silent]\n|-start|p1b: Forretress|perish3|[silent]\n|-start|p2a: Pelipper|perish3|[silent]\n|-start|p2b: Azumarill|perish3|[silent]\n|-fieldactivate|move: Perish Song\n|move|p1b: Forretress|Zap Cannon|p2a: Pelipper\n|-supereffective|p2a: Pelipper\n|-enditem|p2a: Pelipper|Focus Sash\n|-damage|p2a: Pelipper|1\/100\n|-status|p2a: Pelipper|par\n|move|p1a: Wooper|Gunk Shot|p2b: Azumarill\n|-supereffective|p2b: Azumarill\n|-damage|p2b: Azumarill|0 fnt\n|faint|p2b: Azumarill\n|\n|-weather|RainDance|[upkeep]\n|-start|p2a: Pelipper|perish3\n|-start|p1b: Forretress|perish3\n|-start|p1a: Wooper|perish3\n|upkeep\n|c|\u2606Slim Reaper 69|hell yea\n|c|\u2606Prince2703|holy shit\n|c|\u2606Slim Reaper 69|hahahaha holy shit\n|\n|t:|1682975866\n|switch|p2b: Dondozo|Dondozo, L50, F|100\/100\n|turn|3\n|\n|t:|1682975873\n|move|p2a: Pelipper|Protect|p2a: Pelipper\n|-singleturn|p2a: Pelipper|Protect\n|move|p2b: Dondozo|Substitute|p2b: Dondozo\n|-start|p2b: Dondozo|Substitute\n|-damage|p2b: Dondozo|76\/100\n|move|p1b: Forretress|Zap Cannon|p2b: Dondozo\n|-supereffective|p2b: Dondozo\n|-end|p2b: Dondozo|Substitute\n|move|p1a: Wooper|Gunk Shot|p2b: Dondozo\n|-damage|p2b: Dondozo|52\/100\n|-status|p2b: Dondozo|psn\n|\n|-weather|RainDance|[upkeep]\n|-heal|p2b: Dondozo|58\/100 psn|[from] item: Leftovers\n|-damage|p2b: Dondozo|46\/100 psn|[from] psn\n|-start|p2a: Pelipper|perish2\n|-start|p1b: Forretress|perish2\n|-start|p1a: Wooper|perish2\n|upkeep\n|turn|4\n|c|\u2606Slim Reaper 69|oml\n|c|\u2606Prince2703|lmfao\n|c|\u2606Prince2703|whooper is a beast tf\n|\n|t:|1682975909\n|switch|p2a: Barraskewda|Barraskewda, L50, M|100\/100\n|switch|p1a: Bisharp|Bisharp, L50, M|100\/100\n|move|p2b: Dondozo|Wave Crash|p1b: Forretress\n|-damage|p1b: Forretress|0 fnt\n|-damage|p2b: Dondozo|29\/100 psn|[from] item: Rocky Helmet|[of] p1b: Forretress\n|faint|p1b: Forretress\n|-damage|p2b: Dondozo|21\/100 psn|[from] Recoil\n|\n|-weather|RainDance|[upkeep]\n|-heal|p2b: Dondozo|27\/100 psn|[from] item: Leftovers\n|-damage|p2b: Dondozo|15\/100 psn|[from] psn\n|upkeep\n|\n|t:|1682975916\n|switch|p1b: Wooper|Wooper-Paldea, L50, F|100\/100\n|turn|5\n|\n|t:|1682975928\n|move|p2b: Dondozo|Protect|p2b: Dondozo\n|-singleturn|p2b: Dondozo|Protect\n|move|p1b: Wooper|Protect|p1b: Wooper\n|-singleturn|p1b: Wooper|Protect\n|move|p2a: Barraskewda|Close Combat|p1a: Bisharp\n|-supereffective|p1a: Bisharp\n|-damage|p1a: Bisharp|0 fnt\n|-unboost|p2a: Barraskewda|def|1\n|-unboost|p2a: Barraskewda|spd|1\n|faint|p1a: Bisharp\n|\n|-weather|none\n|-heal|p2b: Dondozo|20\/100 psn|[from] item: Leftovers\n|-damage|p2b: Dondozo|8\/100 psn|[from] psn\n|upkeep\n|turn|6\n|\n|t:|1682975941\n|switch|p2a: Pelipper|Pelipper, L50, M|1\/100 par\n|-weather|RainDance|[from] ability: Drizzle|[of] p2a: Pelipper\n|move|p2b: Dondozo|Wave Crash|p1b: Wooper\n|-immune|p1b: Wooper|[from] ability: Water Absorb\n|move|p1b: Wooper|Gunk Shot|p2a: Pelipper\n|-damage|p2a: Pelipper|0 fnt\n|faint|p2a: Pelipper\n|\n|-weather|RainDance|[upkeep]\n|-heal|p2b: Dondozo|14\/100 psn|[from] item: Leftovers\n|-damage|p2b: Dondozo|2\/100 psn|[from] psn\n|upkeep\n|c|\u2606Prince2703|now the question is\n|\n|t:|1682975965\n|switch|p2a: Barraskewda|Barraskewda, L50, M|100\/100\n|turn|7\n|c|\u2606Prince2703|does wooper solo\n|\n|t:|1682975975\n|move|p1b: Wooper|Protect|p1b: Wooper\n|-singleturn|p1b: Wooper|Protect\n|move|p2a: Barraskewda|Psychic Fangs|p1b: Wooper\n|-activate|p1b: Wooper|move: Protect\n|move|p2b: Dondozo|Wave Crash|p1b: Wooper\n|-activate|p1b: Wooper|move: Protect\n|\n|-weather|RainDance|[upkeep]\n|-heal|p2b: Dondozo|8\/100 psn|[from] item: Leftovers\n|-damage|p2b: Dondozo|0 fnt|[from] psn\n|faint|p2b: Dondozo\n|upkeep\n|turn|8\n|\n|t:|1682975981\n|move|p2a: Barraskewda|Psychic Fangs|p1b: Wooper\n|-supereffective|p1b: Wooper\n|-damage|p1b: Wooper|0 fnt\n|faint|p1b: Wooper\n|\n|win|Slim Reaper 69\n|c|\u2606Slim Reaper 69|man\n|c|\u2606Prince2703|damn\n|c|\u2606Slim Reaper 69|shoutout wooper\n|c|\u2606Prince2703|big shout out\n|c|\u2606Prince2703|that was beautiful\n|c|\u2606Prince2703|well thats all the memes I had for tn fokes ty for the time\n|c|\u2606Slim Reaper 69|ofc, that was fun\n|c|\u2606Slim Reaper 69|ggs\n|c|\u2606Prince2703|yeye\n|c|\u2606Prince2703|ggs\n","uploadtime":1682976010,"views":19,"p1id":"prince2703","p2id":"slimreaper69","formatid":"gen9vgc2023regulationc","rating":0,"private":0,"password":""}