{"id":"gen9vgc2023regulationc-1857035731","p1":"SIMPATRICK","p2":"refanner","format":"[Gen 9] VGC 2023 Regulation C","log":"|j|\u2606SIMPATRICK\n|j|\u2606refanner\n|t:|1683139214\n|gametype|doubles\n|player|p1|SIMPATRICK|marlon|1196\n|player|p2|refanner|265|1288\n|teamsize|p1|6\n|teamsize|p2|6\n|gen|9\n|tier|[Gen 9] VGC 2023 Regulation C\n|rated|\n|rule|Species Clause: Limit one of each Pok\u00e9mon\n|rule|Item Clause: Limit one of each item\n|clearpoke\n|poke|p1|Wo-Chien, L50|\n|poke|p1|Ting-Lu, L50|\n|poke|p1|Arcanine, L50, F|\n|poke|p1|Glimmora, L50, M|\n|poke|p1|Flutter Mane, L50|\n|poke|p1|Indeedee-F, L50, F|\n|poke|p2|Amoonguss, L50, F|\n|poke|p2|Ting-Lu, L50|\n|poke|p2|Arcanine, L50, F|\n|poke|p2|Garganacl, L50, F|\n|poke|p2|Iron Bundle, L50|\n|poke|p2|Roaring Moon, L50|\n|teampreview|4\n|\n|t:|1683139244\n|start\n|switch|p1a: Glimmora|Glimmora, L50, M|100\/100\n|switch|p1b: Arcanine|Arcanine, L50, F|100\/100\n|switch|p2a: Roaring Moon|Roaring Moon, L50|100\/100\n|switch|p2b: Ting-Lu|Ting-Lu, L50|100\/100\n|-ability|p1b: Arcanine|Intimidate|boost\n|-unboost|p2a: Roaring Moon|atk|1\n|-unboost|p2b: Ting-Lu|atk|1\n|-ability|p2b: Ting-Lu|Vessel of Ruin\n|-enditem|p2a: Roaring Moon|Booster Energy\n|-activate|p2a: Roaring Moon|ability: Protosynthesis|[fromitem]\n|-start|p2a: Roaring Moon|protosynthesisspe\n|turn|1\n|inactive|Battle timer is ON: inactive players will automatically lose when time's up. (requested by SIMPATRICK)\n|\n|t:|1683139303\n|-terastallize|p1b: Arcanine|Flying\n|move|p1a: Glimmora|Spiky Shield|p1a: Glimmora\n|-singleturn|p1a: Glimmora|move: Protect\n|move|p2a: Roaring Moon|Acrobatics|p1a: Glimmora\n|-activate|p1a: Glimmora|move: Protect\n|-damage|p2a: Roaring Moon|88\/100|[from] Spiky Shield|[of] p1a: Glimmora\n|move|p1b: Arcanine|Will-O-Wisp|p2b: Ting-Lu\n|-status|p2b: Ting-Lu|brn\n|move|p2b: Ting-Lu|Stomping Tantrum|p1a: Glimmora\n|-activate|p1a: Glimmora|move: Protect\n|-damage|p2b: Ting-Lu|88\/100 brn|[from] Spiky Shield|[of] p1a: Glimmora\n|\n|-damage|p2b: Ting-Lu|82\/100 brn|[from] brn\n|upkeep\n|turn|2\n|inactive|refanner has 30 seconds left.\n|\n|t:|1683139334\n|-end|p2a: Roaring Moon|Protosynthesis|[silent]\n|switch|p2a: Iron Bundle|Iron Bundle, L50|100\/100\n|switch|p1a: Wo-Chien|Wo-Chien, L50|100\/100\n|-ability|p1a: Wo-Chien|Tablets of Ruin\n|move|p1b: Arcanine|Will-O-Wisp|p2a: Iron Bundle\n|-status|p2a: Iron Bundle|brn\n|move|p2b: Ting-Lu|Stomping Tantrum|p1a: Wo-Chien\n|-resisted|p1a: Wo-Chien\n|-damage|p1a: Wo-Chien|98\/100\n|\n|-heal|p1a: Wo-Chien|100\/100|[from] item: Leftovers\n|-damage|p2a: Iron Bundle|94\/100 brn|[from] brn\n|-damage|p2b: Ting-Lu|76\/100 brn|[from] brn\n|upkeep\n|turn|3\n|inactive|refanner has 30 seconds left.\n|inactive|refanner has 20 seconds left.\n|inactive|refanner has 15 seconds left.\n|\n|t:|1683139377\n|switch|p2b: Amoonguss|Amoonguss, L50, F|100\/100\n|move|p2a: Iron Bundle|Freeze-Dry|p1a: Wo-Chien\n|-supereffective|p1a: Wo-Chien\n|-damage|p1a: Wo-Chien|47\/100\n|move|p1b: Arcanine|Snarl|p2b: Amoonguss|[spread] p2a,p2b\n|-crit|p2a: Iron Bundle\n|-damage|p2a: Iron Bundle|70\/100 brn\n|-damage|p2b: Amoonguss|92\/100\n|-unboost|p2a: Iron Bundle|spa|1\n|-unboost|p2b: Amoonguss|spa|1\n|move|p1a: Wo-Chien|Leech Seed|p2a: Iron Bundle\n|-start|p2a: Iron Bundle|move: Leech Seed\n|\n|-heal|p1a: Wo-Chien|54\/100|[from] item: Leftovers\n|-damage|p2a: Iron Bundle|58\/100 brn|[from] Leech Seed|[of] p1a: Wo-Chien\n|-heal|p1a: Wo-Chien|62\/100|[silent]\n|-damage|p2a: Iron Bundle|52\/100 brn|[from] brn\n|upkeep\n|turn|4\n|inactive|SIMPATRICK has 30 seconds left.\n|inactive|SIMPATRICK has 20 seconds left.\n|inactive|SIMPATRICK has 15 seconds left.\n|inactive|SIMPATRICK has 10 seconds left.\n|\n|t:|1683139423\n|move|p1b: Arcanine|Protect|p1b: Arcanine\n|-singleturn|p1b: Arcanine|Protect\n|move|p1a: Wo-Chien|Protect|p1a: Wo-Chien\n|-singleturn|p1a: Wo-Chien|Protect\n|move|p2a: Iron Bundle|Freeze-Dry|p1b: Arcanine\n|-activate|p1b: Arcanine|move: Protect\n|move|p2b: Amoonguss|Pollen Puff|p2a: Iron Bundle\n|-heal|p2a: Iron Bundle|100\/100 brn\n|\n|-heal|p1a: Wo-Chien|68\/100|[from] item: Leftovers\n|-damage|p2a: Iron Bundle|88\/100 brn|[from] Leech Seed|[of] p1a: Wo-Chien\n|-heal|p1a: Wo-Chien|77\/100|[silent]\n|-damage|p2a: Iron Bundle|82\/100 brn|[from] brn\n|upkeep\n|turn|5\n|\n|t:|1683139443\n|move|p2a: Iron Bundle|Freeze-Dry|p1a: Wo-Chien\n|-supereffective|p1a: Wo-Chien\n|-damage|p1a: Wo-Chien|42\/100\n|move|p1b: Arcanine|Flare Blitz|p2b: Amoonguss\n|-supereffective|p2b: Amoonguss\n|-damage|p2b: Amoonguss|37\/100\n|-enditem|p2b: Amoonguss|Sitrus Berry|[eat]\n|-heal|p2b: Amoonguss|62\/100|[from] item: Sitrus Berry\n|-damage|p1b: Arcanine|80\/100|[from] Recoil\n|move|p1a: Wo-Chien|Pollen Puff|p1b: Arcanine\n|-heal|p1b: Arcanine|100\/100\n|move|p2b: Amoonguss|Pollen Puff|p1a: Wo-Chien\n|-supereffective|p1a: Wo-Chien\n|-damage|p1a: Wo-Chien|7\/100\n|\n|-heal|p1a: Wo-Chien|13\/100|[from] item: Leftovers\n|-damage|p2a: Iron Bundle|70\/100 brn|[from] Leech Seed|[of] p1a: Wo-Chien\n|-heal|p1a: Wo-Chien|21\/100|[silent]\n|-damage|p2a: Iron Bundle|64\/100 brn|[from] brn\n|upkeep\n|turn|6\n|inactive|SIMPATRICK has 30 seconds left.\n|inactive|refanner has 30 seconds left.\n|inactive|refanner has 20 seconds left.\n|inactive|refanner has 15 seconds left.\n|inactive|refanner has 10 seconds left.\n|inactive|refanner has 5 seconds left.\n|\n|t:|1683139495\n|move|p1a: Wo-Chien|Protect|p1a: Wo-Chien\n|-singleturn|p1a: Wo-Chien|Protect\n|move|p2b: Amoonguss|Protect|p2b: Amoonguss\n|-singleturn|p2b: Amoonguss|Protect\n|move|p2a: Iron Bundle|Freeze-Dry|p1b: Arcanine\n|-supereffective|p1b: Arcanine\n|-damage|p1b: Arcanine|54\/100\n|move|p1b: Arcanine|Flare Blitz|p2b: Amoonguss\n|-activate|p2b: Amoonguss|move: Protect\n|\n|-heal|p1a: Wo-Chien|28\/100|[from] item: Leftovers\n|-damage|p2a: Iron Bundle|52\/100 brn|[from] Leech Seed|[of] p1a: Wo-Chien\n|-heal|p1a: Wo-Chien|36\/100|[silent]\n|-damage|p2a: Iron Bundle|46\/100 brn|[from] brn\n|upkeep\n|turn|7\n|inactive|SIMPATRICK has 30 seconds left.\n|\n|t:|1683139526\n|switch|p1a: Glimmora|Glimmora, L50, M|100\/100\n|-terastallize|p2b: Amoonguss|Water\n|move|p2a: Iron Bundle|Freeze-Dry|p1a: Glimmora\n|-damage|p1a: Glimmora|68\/100\n|-status|p1a: Glimmora|frz\n|move|p1b: Arcanine|Flare Blitz|p2b: Amoonguss\n|-resisted|p2b: Amoonguss\n|-damage|p2b: Amoonguss|41\/100\n|-status|p2b: Amoonguss|brn\n|-damage|p1b: Arcanine|46\/100|[from] Recoil\n|move|p2b: Amoonguss|Pollen Puff|p2a: Iron Bundle\n|-heal|p2a: Iron Bundle|95\/100 brn\n|\n|-damage|p2a: Iron Bundle|83\/100 brn|[from] Leech Seed|[of] p1a: Glimmora\n|-heal|p1a: Glimmora|78\/100 frz|[silent]\n|-damage|p2a: Iron Bundle|77\/100 brn|[from] brn\n|-damage|p2b: Amoonguss|35\/100 brn|[from] brn\n|upkeep\n|turn|8\n|inactive|SIMPATRICK has 30 seconds left.\n|inactive|refanner has 30 seconds left.\n|inactive|SIMPATRICK has 20 seconds left.\n|\n|t:|1683139564\n|-end|p2a: Iron Bundle|Quark Drive|[silent]\n|switch|p2a: Ting-Lu|Ting-Lu, L50|76\/100 brn\n|-ability|p2a: Ting-Lu|Vessel of Ruin\n|switch|p2b: Roaring Moon|Roaring Moon, L50|88\/100\n|cant|p1a: Glimmora|frz\n|move|p1b: Arcanine|Flare Blitz|p1a: Glimmora\n|-resisted|p1a: Glimmora\n|-damage|p1a: Glimmora|50\/100 frz\n|-curestatus|p1a: Glimmora|frz|[msg]\n|-activate|p1a: Glimmora|ability: Toxic Debris\n|-sidestart|p2: refanner|move: Toxic Spikes\n|-damage|p1b: Arcanine|39\/100|[from] Recoil\n|\n|-damage|p2a: Ting-Lu|70\/100 brn|[from] brn\n|upkeep\n|turn|9\n|inactive|refanner has 30 seconds left.\n|inactive|refanner has 20 seconds left.\n|inactive|refanner has 15 seconds left.\n|inactive|refanner has 10 seconds left.\n|\n|t:|1683139614\n|switch|p2a: Amoonguss|Amoonguss, L50, F, tera:Water|68\/100 brn\n|move|p1a: Glimmora|Spiky Shield|p1a: Glimmora\n|-singleturn|p1a: Glimmora|move: Protect\n|move|p2b: Roaring Moon|Jaw Lock|p1b: Arcanine\n|-damage|p1b: Arcanine|0 fnt\n|faint|p1b: Arcanine\n|\n|-damage|p2a: Amoonguss|62\/100 brn|[from] brn\n|upkeep\n|\n|t:|1683139626\n|switch|p1b: Wo-Chien|Wo-Chien, L50|36\/100\n|-ability|p1b: Wo-Chien|Tablets of Ruin\n|turn|10\n|inactive|refanner has 30 seconds left.\n|\n|t:|1683139652\n|move|p1b: Wo-Chien|Protect|p1b: Wo-Chien\n|-singleturn|p1b: Wo-Chien|Protect\n|move|p2b: Roaring Moon|Jaw Lock|p1a: Glimmora\n|-damage|p1a: Glimmora|12\/100\n|-activate|p2b: Roaring Moon|trapped\n|-activate|p1a: Glimmora|trapped\n|-activate|p1a: Glimmora|ability: Toxic Debris\n|-sidestart|p2: refanner|move: Toxic Spikes\n|move|p1a: Glimmora|Energy Ball|p2a: Amoonguss\n|-supereffective|p2a: Amoonguss\n|-damage|p2a: Amoonguss|10\/100 brn\n|move|p2a: Amoonguss|Pollen Puff|p1b: Wo-Chien\n|-activate|p1b: Wo-Chien|move: Protect\n|\n|-heal|p1b: Wo-Chien|42\/100|[from] item: Leftovers\n|-damage|p2a: Amoonguss|4\/100 brn|[from] brn\n|upkeep\n|turn|11\n|inactive|SIMPATRICK has 30 seconds left.\n|inactive|refanner has 30 seconds left.\n|\n|t:|1683139687\n|move|p2b: Roaring Moon|Acrobatics|p1b: Wo-Chien\n|-supereffective|p1b: Wo-Chien\n|-damage|p1b: Wo-Chien|0 fnt\n|faint|p1b: Wo-Chien\n|move|p1a: Glimmora|Power Gem|p2b: Roaring Moon\n|-crit|p2b: Roaring Moon\n|-damage|p2b: Roaring Moon|25\/100\n|move|p2a: Amoonguss|Spore|p1a: Glimmora\n|-status|p1a: Glimmora|slp|[from] move: Spore\n|\n|-damage|p2a: Amoonguss|0 fnt|[from] brn\n|faint|p2a: Amoonguss\n|upkeep\n|\n|t:|1683139700\n|switch|p1b: Flutter Mane|Flutter Mane, L50|100\/100\n|switch|p2a: Iron Bundle|Iron Bundle, L50|77\/100 brn\n|-enditem|p1b: Flutter Mane|Booster Energy\n|-activate|p1b: Flutter Mane|ability: Protosynthesis|[fromitem]\n|-start|p1b: Flutter Mane|protosynthesisspe\n|turn|12\n|\n|t:|1683139718\n|move|p1b: Flutter Mane|Protect|p1b: Flutter Mane\n|-singleturn|p1b: Flutter Mane|Protect\n|move|p2b: Roaring Moon|Protect|p2b: Roaring Moon\n|-singleturn|p2b: Roaring Moon|Protect\n|cant|p1a: Glimmora|slp\n|move|p2a: Iron Bundle|Icy Wind|p1b: Flutter Mane|[spread] p1a\n|-activate|p1b: Flutter Mane|move: Protect\n|-damage|p1a: Glimmora|0 fnt\n|faint|p1a: Glimmora\n|\n|-damage|p2a: Iron Bundle|71\/100 brn|[from] brn\n|upkeep\n|turn|13\n|\n|t:|1683139740\n|move|p1b: Flutter Mane|Moonblast|p2a: Iron Bundle\n|-damage|p2a: Iron Bundle|0 fnt\n|faint|p2a: Iron Bundle\n|-end|p2a: Iron Bundle|Quark Drive|[silent]\n|move|p2b: Roaring Moon|Jaw Lock|p1b: Flutter Mane\n|-damage|p1b: Flutter Mane|0 fnt\n|faint|p1b: Flutter Mane\n|-end|p1b: Flutter Mane|Protosynthesis|[silent]\n|\n|win|refanner\n|raw|SIMPATRICK's rating: 1196 → 1177<\/strong> (-19 for losing)\n|raw|refanner's rating: 1288 → 1307<\/strong> (+19 for winning)\n","uploadtime":1683139774,"views":19,"p1id":"simpatrick","p2id":"refanner","formatid":"gen9vgc2023regulationc","rating":1177,"private":0,"password":""}