{"id":"gen9vgc2023regulationc-1852087884","p1":"PandaPat75","p2":"Riverpasta","format":"[Gen 9] VGC 2023 Regulation C","log":"|j|\u2606PandaPat75\n|j|\u2606Riverpasta\n|t:|1682523124\n|gametype|doubles\n|player|p1|PandaPat75|crasherwake|1557\n|player|p2|Riverpasta|red|1480\n|teamsize|p1|6\n|teamsize|p2|6\n|gen|9\n|tier|[Gen 9] VGC 2023 Regulation C\n|rated|\n|rule|Species Clause: Limit one of each Pok\u00e9mon\n|rule|Item Clause: Limit one of each item\n|clearpoke\n|poke|p1|Dondozo, L50, F|\n|poke|p1|Tatsugiri, L50, M|\n|poke|p1|Chi-Yu, L50|\n|poke|p1|Glimmora, L50, F|\n|poke|p1|Gothitelle, L50, F|\n|poke|p1|Wo-Chien, L50|\n|poke|p2|Kingambit, L50, F|\n|poke|p2|Amoonguss, L50, M|\n|poke|p2|Stantler, L50, F|\n|poke|p2|Hatterene, L50, F|\n|poke|p2|Clawitzer, L50, F|\n|poke|p2|Ceruledge, L50, M|\n|teampreview|4\n|\n|t:|1682523175\n|start\n|switch|p1a: Wo-Chien|Wo-Chien, L50|100\/100\n|switch|p1b: Chi-Yu|Chi-Yu, L50|100\/100\n|switch|p2a: Clawitzer|Clawitzer, L50, F|100\/100\n|switch|p2b: Ceruledge|Ceruledge, L50, M|100\/100\n|-ability|p1b: Chi-Yu|Beads of Ruin\n|-ability|p1a: Wo-Chien|Tablets of Ruin\n|turn|1\n|\n|t:|1682523211\n|-terastallize|p2b: Ceruledge|Grass\n|move|p1b: Chi-Yu|Dark Pulse|p2b: Ceruledge\n|-damage|p2b: Ceruledge|63\/100\n|move|p2b: Ceruledge|Close Combat|p1b: Chi-Yu\n|-supereffective|p1b: Chi-Yu\n|-damage|p1b: Chi-Yu|3\/100\n|-unboost|p2b: Ceruledge|def|1\n|-unboost|p2b: Ceruledge|spd|1\n|move|p1a: Wo-Chien|Energy Ball|p2a: Clawitzer\n|-supereffective|p2a: Clawitzer\n|-damage|p2a: Clawitzer|0 fnt\n|faint|p2a: Clawitzer\n|\n|upkeep\n|c|\u2606Riverpasta|Specs wo?\n|\n|t:|1682523242\n|switch|p2a: Amoonguss|Amoonguss, L50, M|100\/100\n|turn|2\n|c|\u2606PandaPat75|Huh what, that\u2019d be weird\n|\n|t:|1682523253\n|switch|p1a: Tatsugiri|Tatsugiri, L50, M|100\/100\n|move|p2b: Ceruledge|Shadow Sneak|p1b: Chi-Yu\n|-resisted|p1b: Chi-Yu\n|-damage|p1b: Chi-Yu|0 fnt\n|faint|p1b: Chi-Yu\n|move|p2a: Amoonguss|Spore|p1a: Tatsugiri\n|-status|p1a: Tatsugiri|slp|[from] move: Spore\n|\n|upkeep\n|\n|t:|1682523259\n|switch|p1b: Wo-Chien|Wo-Chien, L50|100\/100\n|-ability|p1b: Wo-Chien|Tablets of Ruin\n|turn|3\n|\n|t:|1682523270\n|switch|p2b: Kingambit|Kingambit, L50, F|100\/100\n|-terastallize|p1b: Wo-Chien|Fire\n|cant|p1a: Tatsugiri|slp\n|move|p1b: Wo-Chien|Tera Blast|p2a: Amoonguss\n|-supereffective|p2a: Amoonguss\n|-damage|p2a: Amoonguss|15\/100\n|move|p2a: Amoonguss|Pollen Puff|p1b: Wo-Chien\n|-resisted|p1b: Wo-Chien\n|-damage|p1b: Wo-Chien|94\/100\n|\n|upkeep\n|turn|4\n|c|\u2606Riverpasta|Specs wo\n|\n|t:|1682523291\n|switch|p2b: Ceruledge|Ceruledge, L50, M, tera:Grass|63\/100\n|cant|p1a: Tatsugiri|slp\n|move|p1b: Wo-Chien|Tera Blast|p2b: Ceruledge\n|-start|p2b: Ceruledge|ability: Flash Fire\n|move|p2a: Amoonguss|Spore|p1b: Wo-Chien\n|-status|p1b: Wo-Chien|slp|[from] move: Spore\n|\n|upkeep\n|turn|5\n|\n|t:|1682523303\n|switch|p2a: Kingambit|Kingambit, L50, F|100\/100\n|-curestatus|p1a: Tatsugiri|slp|[msg]\n|move|p1a: Tatsugiri|Icy Wind|p2a: Kingambit|[spread] p2a,p2b\n|-resisted|p2a: Kingambit\n|-supereffective|p2b: Ceruledge\n|-damage|p2a: Kingambit|94\/100\n|-damage|p2b: Ceruledge|43\/100\n|-unboost|p2a: Kingambit|spe|1\n|-ability|p2a: Kingambit|Defiant|boost\n|-boost|p2a: Kingambit|atk|2\n|-unboost|p2b: Ceruledge|spe|1\n|cant|p1b: Wo-Chien|slp\n|move|p2b: Ceruledge|Tera Blast|p1a: Tatsugiri\n|-damage|p1a: Tatsugiri|46\/100\n|\n|upkeep\n|turn|6\n|\n|t:|1682523325\n|switch|p1a: Glimmora|Glimmora, L50, F|100\/100\n|cant|p1b: Wo-Chien|slp\n|move|p2b: Ceruledge|Tera Blast|p1a: Glimmora\n|-damage|p1a: Glimmora|61\/100\n|-activate|p1a: Glimmora|ability: Toxic Debris\n|-sidestart|p2: Riverpasta|move: Toxic Spikes\n|move|p2a: Kingambit|Kowtow Cleave|p1b: Wo-Chien\n|-damage|p1b: Wo-Chien|16\/100 slp\n|\n|upkeep\n|turn|7\n|\n|t:|1682523357\n|switch|p1b: Tatsugiri|Tatsugiri, L50, M|46\/100\n|move|p2a: Kingambit|Sucker Punch|p1a: Glimmora\n|-damage|p1a: Glimmora|0 fnt\n|-activate|p1a: Glimmora|ability: Toxic Debris\n|-sidestart|p2: Riverpasta|move: Toxic Spikes\n|faint|p1a: Glimmora\n|move|p2b: Ceruledge|Close Combat|p1b: Tatsugiri\n|-damage|p1b: Tatsugiri|0 fnt\n|-unboost|p2b: Ceruledge|def|1\n|-unboost|p2b: Ceruledge|spd|1\n|faint|p1b: Tatsugiri\n|\n|upkeep\n|-message|PandaPat75 forfeited.\n|\n|win|Riverpasta\n|raw|PandaPat75's rating: 1557 → 1533<\/strong> (-24 for losing)\n|raw|Riverpasta's rating: 1480 → 1504<\/strong> (+24 for winning)\n|l|\u2606PandaPat75\n|c|\u2606Riverpasta|Specs wo\n","uploadtime":1682523375,"views":19,"p1id":"pandapat75","p2id":"riverpasta","formatid":"gen9vgc2023regulationc","rating":1504,"private":0,"password":""}