{"id":"gen9vgc2023regulationc-1853270367","p1":"iamstephen2023","p2":"Antonio menilla","format":"[Gen 9] VGC 2023 Regulation C","log":"|j|\u2606iamstephen2023\n|j|\u2606Antonio menilla\n|t:|1682658276\n|gametype|doubles\n|player|p1|iamstephen2023|1|1109\n|player|p2|Antonio menilla|169|1201\n|teamsize|p1|6\n|teamsize|p2|6\n|gen|9\n|tier|[Gen 9] VGC 2023 Regulation C\n|rated|\n|rule|Species Clause: Limit one of each Pok\u00e9mon\n|rule|Item Clause: Limit one of each item\n|clearpoke\n|poke|p1|Amoonguss, L50, M|\n|poke|p1|Ting-Lu, L50|\n|poke|p1|Kingambit, L50, F|\n|poke|p1|Abomasnow, L50, F|\n|poke|p1|Chien-Pao, L50|\n|poke|p1|Dondozo, L50, M|\n|poke|p2|Ting-Lu, L50|\n|poke|p2|Annihilape, L50, M|\n|poke|p2|Maushold-Four, L50|\n|poke|p2|Tyranitar, L50, F|\n|poke|p2|Lycanroc, L50, M|\n|poke|p2|Flutter Mane, L50|\n|teampreview|4\n|inactive|Battle timer is ON: inactive players will automatically lose when time's up. (requested by Antonio menilla)\n|\n|t:|1682658300\n|start\n|switch|p1a: Amoonguss|Amoonguss, L50, M|100\/100\n|switch|p1b: Ting-Lu|Ting-Lu, L50|100\/100\n|switch|p2a: Annihilape|Annihilape, L50, M, shiny|100\/100\n|switch|p2b: Maushold|Maushold-Four, L50, shiny|100\/100\n|-ability|p1b: Ting-Lu|Vessel of Ruin\n|turn|1\n|\n|t:|1682658324\n|move|p2b: Maushold|Beat Up|p2a: Annihilape\n|-damage|p2a: Annihilape|99\/100\n|-damage|p2a: Annihilape|97\/100\n|-damage|p2a: Annihilape|94\/100\n|-damage|p2a: Annihilape|92\/100\n|-hitcount|p2a: Annihilape|4\n|move|p2a: Annihilape|Bulk Up|p2a: Annihilape\n|-boost|p2a: Annihilape|atk|1\n|-boost|p2a: Annihilape|def|1\n|move|p1b: Ting-Lu|Fissure|p2a: Annihilape|[miss]\n|-miss|p1b: Ting-Lu|p2a: Annihilape\n|move|p1a: Amoonguss|Spore|p2a: Annihilape\n|-status|p2a: Annihilape|slp|[from] move: Spore\n|\n|-heal|p2a: Annihilape|99\/100 slp|[from] item: Leftovers\n|upkeep\n|turn|2\n|inactive|iamstephen2023 has 30 seconds left.\n|inactive|Antonio menilla has 30 seconds left.\n|\n|t:|1682658352\n|move|p2b: Maushold|Super Fang|p1b: Ting-Lu\n|-damage|p1b: Ting-Lu|51\/100\n|cant|p2a: Annihilape|slp\n|move|p1b: Ting-Lu|Fissure|p2a: Annihilape|[miss]\n|-miss|p1b: Ting-Lu|p2a: Annihilape\n|move|p1a: Amoonguss|Spore|p2b: Maushold\n|-status|p2b: Maushold|slp|[from] move: Spore\n|\n|-heal|p2a: Annihilape|100\/100 slp|[from] item: Leftovers\n|upkeep\n|turn|3\n|inactive|iamstephen2023 has 30 seconds left.\n|inactive|Antonio menilla has 30 seconds left.\n|inactive|Antonio menilla has 20 seconds left.\n|inactive|Antonio menilla has 15 seconds left.\n|inactive|Antonio menilla has 10 seconds left.\n|inactive|Antonio menilla has 5 seconds left.\n|\n|t:|1682658407\n|cant|p2b: Maushold|slp\n|cant|p2a: Annihilape|slp\n|move|p1b: Ting-Lu|Fissure|p2a: Annihilape|[miss]\n|-miss|p1b: Ting-Lu|p2a: Annihilape\n|move|p1a: Amoonguss|Pollen Puff|p1b: Ting-Lu\n|-heal|p1b: Ting-Lu|100\/100\n|\n|upkeep\n|turn|4\n|\n|t:|1682658427\n|-curestatus|p2b: Maushold|slp|[msg]\n|move|p2b: Maushold|Super Fang|p1b: Ting-Lu\n|-damage|p1b: Ting-Lu|51\/100\n|-curestatus|p2a: Annihilape|slp|[msg]\n|move|p2a: Annihilape|Rage Fist|p1a: Amoonguss\n|-damage|p1a: Amoonguss|0 fnt\n|faint|p1a: Amoonguss\n|move|p1b: Ting-Lu|Fissure|p2a: Annihilape|[miss]\n|-miss|p1b: Ting-Lu|p2a: Annihilape\n|\n|upkeep\n|\n|t:|1682658442\n|switch|p1a: Dondozo|Dondozo, L50, M|100\/100\n|turn|5\n|inactive|iamstephen2023 has 30 seconds left.\n|\n|t:|1682658469\n|-terastallize|p1b: Ting-Lu|Poison\n|move|p2b: Maushold|Super Fang|p1a: Dondozo\n|-damage|p1a: Dondozo|51\/100\n|move|p2a: Annihilape|Drain Punch|p1b: Ting-Lu\n|-resisted|p1b: Ting-Lu\n|-damage|p1b: Ting-Lu|36\/100\n|move|p1b: Ting-Lu|Fissure|p2a: Annihilape|[miss]\n|-miss|p1b: Ting-Lu|p2a: Annihilape\n|move|p1a: Dondozo|Yawn|p2a: Annihilape\n|-start|p2a: Annihilape|move: Yawn|[of] p1a: Dondozo\n|\n|-heal|p1a: Dondozo|57\/100|[from] item: Leftovers\n|upkeep\n|turn|6\n|inactive|Antonio menilla has 30 seconds left.\n|\n|t:|1682658496\n|move|p1b: Ting-Lu|Protect|p1b: Ting-Lu\n|-singleturn|p1b: Ting-Lu|Protect\n|move|p1a: Dondozo|Protect|p1a: Dondozo\n|-singleturn|p1a: Dondozo|Protect\n|move|p2b: Maushold|Super Fang|p1a: Dondozo\n|-activate|p1a: Dondozo|move: Protect\n|move|p2a: Annihilape|Rage Fist|p1b: Ting-Lu\n|-activate|p1b: Ting-Lu|move: Protect\n|\n|-heal|p1a: Dondozo|62\/100|[from] item: Leftovers\n|-end|p2a: Annihilape|move: Yawn|[silent]\n|-status|p2a: Annihilape|slp\n|upkeep\n|turn|7\n|\n|t:|1682658520\n|-terastallize|p2a: Annihilape|Water\n|move|p2b: Maushold|Super Fang|p1a: Dondozo\n|-damage|p1a: Dondozo|31\/100\n|cant|p2a: Annihilape|slp\n|move|p1b: Ting-Lu|Fissure|p2a: Annihilape|[miss]\n|-miss|p1b: Ting-Lu|p2a: Annihilape\n|move|p1a: Dondozo|Fissure|p2a: Annihilape|[miss]\n|-miss|p1a: Dondozo|p2a: Annihilape\n|\n|-heal|p1a: Dondozo|37\/100|[from] item: Leftovers\n|upkeep\n|turn|8\n|inactive|Antonio menilla has 30 seconds left.\n|c|\u2606iamstephen2023|WILL HIT\n|inactive|Antonio menilla has 20 seconds left.\n|\n|t:|1682658556\n|move|p2b: Maushold|Follow Me|p2b: Maushold\n|-singleturn|p2b: Maushold|move: Follow Me\n|cant|p2a: Annihilape|slp\n|move|p1b: Ting-Lu|Fissure|p2b: Maushold|[miss]\n|-miss|p1b: Ting-Lu|p2b: Maushold\n|move|p1a: Dondozo|Fissure|p2b: Maushold|[miss]\n|-miss|p1a: Dondozo|p2b: Maushold\n|\n|-heal|p1a: Dondozo|43\/100|[from] item: Leftovers\n|upkeep\n|turn|9\n|\n|t:|1682658572\n|move|p2b: Maushold|Follow Me|p2b: Maushold\n|-singleturn|p2b: Maushold|move: Follow Me\n|cant|p2a: Annihilape|slp\n|move|p1b: Ting-Lu|Fissure|p2b: Maushold|[miss]\n|-miss|p1b: Ting-Lu|p2b: Maushold\n|move|p1a: Dondozo|Fissure|p2b: Maushold|[miss]\n|-miss|p1a: Dondozo|p2b: Maushold\n|\n|-heal|p1a: Dondozo|49\/100|[from] item: Leftovers\n|upkeep\n|turn|10\n|c|\u2606iamstephen2023|???????\n|inactive|iamstephen2023 has 30 seconds left.\n|inactive|Antonio menilla has 30 seconds left.\n|n|!iamstephen2023|iamstephen2023\n|inactive|Antonio menilla has 20 seconds left.\n|inactive|Antonio menilla has 15 seconds left.\n|inactive|Antonio menilla has 10 seconds left.\n|l|\u2606Antonio menilla\n|inactive|Antonio menilla disconnected and has a minute to reconnect!\n|player|p2|\n|inactive|Antonio menilla has 5 seconds left.\n|-message|Antonio menilla lost due to inactivity.\n|\n|win|iamstephen2023\n|raw|iamstephen2023's rating: 1109 → 1140<\/strong> (+31 for winning)\n|raw|Antonio menilla's rating: 1201 → 1170<\/strong> (-31 for losing)\n","uploadtime":1682658606,"views":8,"p1id":"iamstephen2023","p2id":"antoniomenilla","formatid":"gen9vgc2023regulationc","rating":1140,"private":0,"password":""}