{"id":"gen9vgc2023regulationc-1856564745","p1":"dorj1192xx","p2":"rina slaywayama","format":"[Gen 9] VGC 2023 Regulation C","log":"|j|\u2606dorj1192xx\n|j|\u2606rina slaywayama\n|t:|1683076372\n|gametype|doubles\n|player|p1|dorj1192xx|parasollady|1643\n|player|p2|rina slaywayama|266|1621\n|teamsize|p1|6\n|teamsize|p2|6\n|gen|9\n|tier|[Gen 9] VGC 2023 Regulation C\n|rated|\n|rule|Species Clause: Limit one of each Pok\u00e9mon\n|rule|Item Clause: Limit one of each item\n|clearpoke\n|poke|p1|Tyranitar, L50, M|\n|poke|p1|Talonflame, L50, M|\n|poke|p1|Chi-Yu, L50|\n|poke|p1|Flutter Mane, L50|\n|poke|p1|Garchomp, L50, F|\n|poke|p1|Iron Bundle, L50|\n|poke|p2|Ting-Lu, L50|\n|poke|p2|Bronzong, L50|\n|poke|p2|Iron Bundle, L50|\n|poke|p2|Abomasnow, L50, F|\n|poke|p2|Arcanine, L50, M|\n|poke|p2|Flutter Mane, L50|\n|teampreview|4\nrina slaywayama has agreed to open team sheets.\n|\n|t:|1683076413\n|start\n|switch|p1a: Tyranitar|Tyranitar, L50, M, shiny|100\/100\n|switch|p1b: Flutter Mane|Flutter Mane, L50, shiny|100\/100\n|switch|p2a: Bronzong|Bronzong, L50, shiny|100\/100\n|switch|p2b: Arcanine|Arcanine, L50, M|100\/100\n|-ability|p2b: Arcanine|Intimidate|boost\n|-unboost|p1a: Tyranitar|atk|1\n|-unboost|p1b: Flutter Mane|atk|1\n|-weather|Sandstorm|[from] ability: Sand Stream|[of] p1a: Tyranitar\n|turn|1\n|\n|t:|1683076437\n|move|p1b: Flutter Mane|Shadow Ball|p2a: Bronzong\n|-supereffective|p2a: Bronzong\n|-damage|p2a: Bronzong|18\/100\n|move|p2b: Arcanine|Will-O-Wisp|p1a: Tyranitar\n|-status|p1a: Tyranitar|brn\n|move|p1a: Tyranitar|Crunch|p2a: Bronzong\n|-supereffective|p2a: Bronzong\n|-damage|p2a: Bronzong|0 fnt\n|faint|p2a: Bronzong\n|\n|-weather|Sandstorm|[upkeep]\n|-damage|p1b: Flutter Mane|94\/100|[from] Sandstorm\n|-damage|p2b: Arcanine|94\/100|[from] Sandstorm\n|-damage|p1a: Tyranitar|94\/100 brn|[from] brn\n|upkeep\n|\n|t:|1683076446\n|switch|p2a: Ting-Lu|Ting-Lu, L50|100\/100\n|-ability|p2a: Ting-Lu|Vessel of Ruin\n|turn|2\n|\n|t:|1683076462\n|switch|p1a: Talonflame|Talonflame, L50, M, shiny|100\/100\n|-terastallize|p2a: Ting-Lu|Ground\n|move|p1b: Flutter Mane|Protect|p1b: Flutter Mane\n|-singleturn|p1b: Flutter Mane|Protect\n|move|p2b: Arcanine|Protect|p2b: Arcanine\n|-singleturn|p2b: Arcanine|Protect\n|move|p2a: Ting-Lu|Earthquake|p1b: Flutter Mane|[spread] \n|-activate|p2b: Arcanine|move: Protect\n|-activate|p1b: Flutter Mane|move: Protect\n|-immune|p1a: Talonflame\n|\n|-weather|Sandstorm|[upkeep]\n|-damage|p1b: Flutter Mane|88\/100|[from] Sandstorm\n|-damage|p2b: Arcanine|88\/100|[from] Sandstorm\n|upkeep\n|turn|3\n|j| 478HaveFun\n|\n|t:|1683076489\n|-end|p1b: Flutter Mane|Protosynthesis|[silent]\n|switch|p1b: Tyranitar|Tyranitar, L50, M, shiny|94\/100 brn\n|switch|p2a: Flutter Mane|Flutter Mane, L50|100\/100\n|-enditem|p2a: Flutter Mane|Booster Energy\n|-activate|p2a: Flutter Mane|ability: Protosynthesis|[fromitem]\n|-start|p2a: Flutter Mane|protosynthesisspa\n|move|p1a: Talonflame|Will-O-Wisp|p2a: Flutter Mane\n|-status|p2a: Flutter Mane|brn\n|move|p2b: Arcanine|Flare Blitz|p1b: Tyranitar\n|-resisted|p1b: Tyranitar\n|-damage|p1b: Tyranitar|68\/100 brn\n|-damage|p2b: Arcanine|80\/100|[from] Recoil\n|\n|-weather|Sandstorm|[upkeep]\n|-damage|p2a: Flutter Mane|95\/100 brn|[from] Sandstorm\n|-damage|p2b: Arcanine|74\/100|[from] Sandstorm\n|-damage|p2a: Flutter Mane|89\/100 brn|[from] brn\n|-damage|p1b: Tyranitar|62\/100 brn|[from] brn\n|upkeep\n|turn|4\n|\n|t:|1683076512\n|move|p2b: Arcanine|Extreme Speed|p1a: Talonflame\n|-damage|p1a: Talonflame|77\/100\n|move|p2a: Flutter Mane|Dazzling Gleam|p1b: Tyranitar|[spread] p1a,p1b\n|-resisted|p1a: Talonflame\n|-supereffective|p1b: Tyranitar\n|-damage|p1a: Talonflame|48\/100\n|-damage|p1b: Tyranitar|2\/100 brn\n|move|p1a: Talonflame|Tailwind|p1a: Talonflame\n|-sidestart|p1: dorj1192xx|move: Tailwind\n|move|p1b: Tyranitar|Rock Slide|p2b: Arcanine|[spread] p2a,p2b\n|-supereffective|p2b: Arcanine\n|-damage|p2a: Flutter Mane|46\/100 brn\n|-damage|p2b: Arcanine|26\/100\n|-enditem|p2b: Arcanine|Sitrus Berry|[eat]\n|-heal|p2b: Arcanine|51\/100|[from] item: Sitrus Berry\n|\n|-weather|Sandstorm|[upkeep]\n|-damage|p2a: Flutter Mane|40\/100 brn|[from] Sandstorm\n|-damage|p2b: Arcanine|45\/100|[from] Sandstorm\n|-damage|p1b: Tyranitar|0 fnt|[from] brn\n|faint|p1b: Tyranitar\n|-damage|p2a: Flutter Mane|35\/100 brn|[from] brn\n|upkeep\n|\n|t:|1683076554\n|switch|p1b: Chi-Yu|Chi-Yu, L50|100\/100\n|-ability|p1b: Chi-Yu|Beads of Ruin\n|turn|5\n|j| annitest\n|\n|t:|1683076563\n|move|p2a: Flutter Mane|Protect|p2a: Flutter Mane\n|-singleturn|p2a: Flutter Mane|Protect\n|move|p2b: Arcanine|Extreme Speed|p1a: Talonflame\n|-damage|p1a: Talonflame|24\/100\n|move|p1a: Talonflame|Brave Bird|p2a: Flutter Mane\n|-activate|p2a: Flutter Mane|move: Protect\n|move|p1b: Chi-Yu|Dark Pulse|p2b: Arcanine\n|-damage|p2b: Arcanine|0 fnt\n|faint|p2b: Arcanine\n|-damage|p1b: Chi-Yu|91\/100|[from] item: Life Orb\n|\n|-weather|none\n|-damage|p2a: Flutter Mane|29\/100 brn|[from] brn\n|upkeep\n|\n|t:|1683076565\n|switch|p2b: Ting-Lu|Ting-Lu, L50, tera:Ground|100\/100\n|-ability|p2b: Ting-Lu|Vessel of Ruin\n|turn|6\n|l| annitest\n|\n|t:|1683076602\n|-terastallize|p1b: Chi-Yu|Grass\n|move|p2a: Flutter Mane|Protect|p2a: Flutter Mane\n|-singleturn|p2a: Flutter Mane|Protect\n|move|p1a: Talonflame|Brave Bird|p2a: Flutter Mane\n|-activate|p2a: Flutter Mane|move: Protect\n|move|p1b: Chi-Yu|Tera Blast|p2b: Ting-Lu\n|-supereffective|p2b: Ting-Lu\n|-damage|p2b: Ting-Lu|10\/100\n|-damage|p1b: Chi-Yu|81\/100|[from] item: Life Orb\n|move|p2b: Ting-Lu|Earthquake|p1b: Chi-Yu|[spread] p1b\n|-activate|p2a: Flutter Mane|move: Protect\n|-immune|p1a: Talonflame\n|-resisted|p1b: Chi-Yu\n|-crit|p1b: Chi-Yu\n|-damage|p1b: Chi-Yu|0 fnt\n|faint|p1b: Chi-Yu\n|\n|-damage|p2a: Flutter Mane|24\/100 brn|[from] brn\n|upkeep\n|-message|rina slaywayama forfeited.\n|\n|win|dorj1192xx\n|raw|dorj1192xx's rating: 1643 → 1662<\/strong> (+19 for winning)\n|raw|rina slaywayama's rating: 1621 → 1602<\/strong> (-19 for losing)\n|l|\u2606rina slaywayama\n|l|\u2606dorj1192xx\n","uploadtime":1683078344,"views":5,"p1id":"dorj1192xx","p2id":"rinaslaywayama","formatid":"gen9vgc2023regulationc","rating":1602,"private":0,"password":""}