{"id":"gen9vgc2023regulationc-1861478413","p1":"Elpan0","p2":"Charlisito","format":"[Gen 9] VGC 2023 Regulation C","log":"|j|\u2606Elpan0\n|j|\u2606Charlisito\n|t:|1683762816\n|gametype|doubles\n|player|p1|Elpan0|1|1313\n|player|p2|Charlisito|266|1430\n|teamsize|p1|6\n|teamsize|p2|6\n|gen|9\n|tier|[Gen 9] VGC 2023 Regulation C\n|rated|\n|rule|Species Clause: Limit one of each Pok\u00e9mon\n|rule|Item Clause: Limit one of each item\n|clearpoke\n|poke|p1|Volcarona, L50, F|\n|poke|p1|Amoonguss, L50, F|\n|poke|p1|Flutter Mane, L50|\n|poke|p1|Baxcalibur, L50, M|\n|poke|p1|Gyarados, L50, M|\n|poke|p1|Ting-Lu, L50|\n|poke|p2|Bellibolt, L50, F|\n|poke|p2|Palafin, L50, M|\n|poke|p2|Arcanine, L50, M|\n|poke|p2|Amoonguss, L50, M|\n|poke|p2|Flutter Mane, L50|\n|poke|p2|Ting-Lu, L50|\n|teampreview|4\n|\n|t:|1683762858\n|start\n|switch|p1a: Volcarona|Volcarona, L50, F|100\/100\n|switch|p1b: Gyarados|Gyarados, L50, M|100\/100\n|switch|p2a: Flutter Mane|Flutter Mane, L50|100\/100\n|switch|p2b: Arcanine|Arcanine, L50, M|100\/100\n|-ability|p2b: Arcanine|Intimidate|boost\n|-unboost|p1a: Volcarona|atk|1\n|-unboost|p1b: Gyarados|atk|1\n|-ability|p1b: Gyarados|Intimidate|boost\n|-unboost|p2a: Flutter Mane|atk|1\n|-unboost|p2b: Arcanine|atk|1\n|-enditem|p2a: Flutter Mane|Booster Energy\n|-activate|p2a: Flutter Mane|ability: Protosynthesis|[fromitem]\n|-start|p2a: Flutter Mane|protosynthesisspa\n|turn|1\n|inactive|Battle timer is ON: inactive players will automatically lose when time's up. (requested by Elpan0)\n|inactive|Charlisito has 60 seconds left.\n|\n|t:|1683762915\n|switch|p1b: Ting-Lu|Ting-Lu, L50|100\/100\n|-ability|p1b: Ting-Lu|Vessel of Ruin\n|move|p2a: Flutter Mane|Shadow Ball|p1a: Volcarona\n|-damage|p1a: Volcarona|54\/100\n|-unboost|p1a: Volcarona|spd|1\n|move|p2b: Arcanine|Flare Blitz|p1a: Volcarona\n|-damage|p1a: Volcarona|13\/100\n|-damage|p2b: Arcanine|89\/100|[from] Recoil\n|move|p1a: Volcarona|Quiver Dance|p1a: Volcarona\n|-boost|p1a: Volcarona|spa|1\n|-boost|p1a: Volcarona|spd|1\n|-boost|p1a: Volcarona|spe|1\n|\n|upkeep\n|turn|2\n|\n|t:|1683762937\n|move|p1a: Volcarona|Protect|p1a: Volcarona\n|-singleturn|p1a: Volcarona|Protect\n|move|p2a: Flutter Mane|Dazzling Gleam|p1a: Volcarona|[spread] p1b\n|-activate|p1a: Volcarona|move: Protect\n|-supereffective|p1b: Ting-Lu\n|-damage|p1b: Ting-Lu|71\/100\n|move|p2b: Arcanine|Will-O-Wisp|p1b: Ting-Lu\n|-status|p1b: Ting-Lu|brn\n|move|p1b: Ting-Lu|Stomping Tantrum|p2b: Arcanine\n|-supereffective|p2b: Arcanine\n|-damage|p2b: Arcanine|54\/100\n|\n|-damage|p1b: Ting-Lu|65\/100 brn|[from] brn\n|upkeep\n|turn|3\n|\n|t:|1683762956\n|switch|p1a: Gyarados|Gyarados, L50, M|100\/100\n|-ability|p1a: Gyarados|Intimidate|boost\n|-unboost|p2a: Flutter Mane|atk|1\n|-unboost|p2b: Arcanine|atk|1\n|switch|p2b: Amoonguss|Amoonguss, L50, M|100\/100\n|move|p2a: Flutter Mane|Dazzling Gleam|p1a: Gyarados|[spread] p1a,p1b\n|-supereffective|p1b: Ting-Lu\n|-damage|p1a: Gyarados|76\/100\n|-damage|p1b: Ting-Lu|33\/100 brn\n|move|p1b: Ting-Lu|Heavy Slam|p2a: Flutter Mane\n|-supereffective|p2a: Flutter Mane\n|-crit|p2a: Flutter Mane\n|-damage|p2a: Flutter Mane|0 fnt\n|faint|p2a: Flutter Mane\n|-end|p2a: Flutter Mane|Protosynthesis|[silent]\n|\n|-damage|p1b: Ting-Lu|26\/100 brn|[from] brn\n|upkeep\n|\n|t:|1683762959\n|switch|p2a: Bellibolt|Bellibolt, L50, F|100\/100\n|turn|4\n|inactive|Elpan0 has 30 seconds left.\n|inactive|Elpan0 has 20 seconds left.\n|inactive|Elpan0 has 15 seconds left.\n|inactive|Elpan0 has 10 seconds left.\n|\n|t:|1683763009\n|move|p1a: Gyarados|Taunt|p2a: Bellibolt\n|-start|p2a: Bellibolt|move: Taunt\n|move|p2a: Bellibolt|Muddy Water|p1b: Ting-Lu|[spread] p1a,p1b\n|-resisted|p1a: Gyarados\n|-supereffective|p1b: Ting-Lu\n|-damage|p1a: Gyarados|72\/100\n|-damage|p1b: Ting-Lu|14\/100 brn\n|-unboost|p1a: Gyarados|accuracy|1\n|move|p1b: Ting-Lu|Stomping Tantrum|p2a: Bellibolt\n|-supereffective|p2a: Bellibolt\n|-crit|p2a: Bellibolt\n|-damage|p2a: Bellibolt|51\/100\n|-start|p2a: Bellibolt|Charge|Stomping Tantrum|[from] ability: Electromorphosis\n|move|p2b: Amoonguss|Spore|p1a: Gyarados\n|-activate|p1a: Gyarados|item: Safety Goggles|Spore\n|\n|-damage|p1b: Ting-Lu|8\/100 brn|[from] brn\n|upkeep\n|turn|5\n|\n|t:|1683763032\n|move|p1a: Gyarados|Waterfall|p2a: Bellibolt\n|-damage|p2a: Bellibolt|25\/100\n|-start|p2a: Bellibolt|Charge|Waterfall|[from] ability: Electromorphosis\n|move|p2a: Bellibolt|Muddy Water|p1b: Ting-Lu|[spread] p1b\n|-miss|p2a: Bellibolt|p1a: Gyarados\n|-supereffective|p1b: Ting-Lu\n|-damage|p1b: Ting-Lu|0 fnt\n|faint|p1b: Ting-Lu\n|move|p2b: Amoonguss|Pollen Puff|p2a: Bellibolt\n|-heal|p2a: Bellibolt|75\/100\n|\n|upkeep\n|\n|t:|1683763052\n|switch|p1b: Volcarona|Volcarona, L50, F|13\/100\n|turn|6\n|\n|t:|1683763058\n|switch|p1a: Amoonguss|Amoonguss, L50, F|100\/100\n|switch|p2b: Arcanine|Arcanine, L50, M|54\/100\n|-ability|p2b: Arcanine|Intimidate|boost\n|-unboost|p1a: Amoonguss|atk|1\n|-unboost|p1b: Volcarona|atk|1\n|move|p1b: Volcarona|Protect|p1b: Volcarona\n|-singleturn|p1b: Volcarona|Protect\n|move|p2a: Bellibolt|Volt Switch|p1a: Amoonguss\n|-resisted|p1a: Amoonguss\n|-damage|p1a: Amoonguss|79\/100\n|-end|p2a: Bellibolt|Charge|[silent]\n|\n|t:|1683763060\n|switch|p2a: Amoonguss|Amoonguss, L50, M|100\/100|[from] Volt Switch\n|\n|upkeep\n|turn|7\n|\n|t:|1683763081\n|switch|p1b: Gyarados|Gyarados, L50, M|72\/100\n|-ability|p1b: Gyarados|Intimidate|boost\n|-unboost|p2a: Amoonguss|atk|1\n|-unboost|p2b: Arcanine|atk|1\n|switch|p2a: Bellibolt|Bellibolt, L50, F|75\/100\n|move|p2b: Arcanine|Extreme Speed|p1b: Gyarados\n|-damage|p1b: Gyarados|57\/100\n|move|p1a: Amoonguss|Pollen Puff|p1b: Gyarados\n|-heal|p1b: Gyarados|100\/100\n|\n|upkeep\n|turn|8\n|inactive|Elpan0 has 30 seconds left.\n|\n|t:|1683763107\n|-terastallize|p2a: Bellibolt|Grass\n|move|p2b: Arcanine|Protect|p2b: Arcanine\n|-singleturn|p2b: Arcanine|Protect\n|move|p1a: Amoonguss|Rage Powder|p1a: Amoonguss\n|-singleturn|p1a: Amoonguss|move: Rage Powder\n|move|p1b: Gyarados|Waterfall|p2a: Bellibolt\n|-resisted|p2a: Bellibolt\n|-damage|p2a: Bellibolt|61\/100\n|-start|p2a: Bellibolt|Charge|Waterfall|[from] ability: Electromorphosis\n|move|p2a: Bellibolt|Parabolic Charge|p1a: Amoonguss|[spread] p1a,p1b\n|-activate|p2b: Arcanine|move: Protect\n|-resisted|p1a: Amoonguss\n|-crit|p1a: Amoonguss\n|-supereffective|p1b: Gyarados\n|-damage|p1a: Amoonguss|55\/100\n|-heal|p2a: Bellibolt|74\/100|[from] drain|[of] p1a: Amoonguss\n|-damage|p1b: Gyarados|0 fnt\n|-heal|p2a: Bellibolt|100\/100|[from] drain|[of] p1b: Gyarados\n|faint|p1b: Gyarados\n|-end|p2a: Bellibolt|Charge|[silent]\n|\n|upkeep\n|\n|t:|1683763130\n|switch|p1b: Volcarona|Volcarona, L50, F|13\/100\n|turn|9\n|\n|t:|1683763145\n|move|p1b: Volcarona|Protect|p1b: Volcarona\n|-singleturn|p1b: Volcarona|Protect\n|move|p2b: Arcanine|Extreme Speed|p1b: Volcarona\n|-activate|p1b: Volcarona|move: Protect\n|move|p2a: Bellibolt|Parabolic Charge|p1a: Amoonguss|[spread] p2b,p1a\n|-activate|p1b: Volcarona|move: Protect\n|-resisted|p1a: Amoonguss\n|-damage|p2b: Arcanine|35\/100\n|-damage|p1a: Amoonguss|48\/100\n|-enditem|p1a: Amoonguss|Sitrus Berry|[eat]\n|-heal|p1a: Amoonguss|73\/100|[from] item: Sitrus Berry\n|move|p1a: Amoonguss|Spore|p2b: Arcanine\n|-activate|p2b: Arcanine|item: Safety Goggles|Spore\n|\n|upkeep\n|turn|10\n|inactive|Elpan0 has 30 seconds left.\n|inactive|Charlisito has 30 seconds left.\n|inactive|Elpan0 has 20 seconds left.\n|inactive|Charlisito has 20 seconds left.\n|inactive|Elpan0 has 15 seconds left.\n|inactive|Elpan0 has 10 seconds left.\n|inactive|Elpan0 has 5 seconds left.\n|\n|t:|1683763200\n|move|p2b: Arcanine|Extreme Speed|p1b: Volcarona\n|-damage|p1b: Volcarona|0 fnt\n|faint|p1b: Volcarona\n|move|p2a: Bellibolt|Parabolic Charge|p1a: Amoonguss|[spread] p2b,p1a\n|-resisted|p1a: Amoonguss\n|-damage|p2b: Arcanine|16\/100\n|-damage|p1a: Amoonguss|66\/100\n|move|p1a: Amoonguss|Spore|p2a: Bellibolt\n|-immune|p2a: Bellibolt\n|\n|upkeep\n|turn|11\n|-message|Elpan0 forfeited.\n|\n|win|Charlisito\n|raw|Elpan0's rating: 1313 → 1299<\/strong> (-14 for losing)\n|raw|Charlisito's rating: 1430 → 1444<\/strong> (+14 for winning)\n|l|\u2606Elpan0\n","uploadtime":1683763830,"views":5,"p1id":"elpan0","p2id":"charlisito","formatid":"gen9vgc2023regulationc","rating":1299,"private":0,"password":""}