{"id":"gen9vgc2023regulationc-1854338732","p1":"NicolasMartin","p2":"ford24","format":"[Gen 9] VGC 2023 Regulation C","log":"|j|\u2606NicolasMartin\n|j|\u2606ford24\n|t:|1682798757\n|gametype|doubles\n|player|p1|NicolasMartin|1|\n|player|p2|ford24|veteran|\n|teamsize|p1|6\n|teamsize|p2|6\n|gen|9\n|tier|[Gen 9] VGC 2023 Regulation C\n|rule|Species Clause: Limit one of each Pok\u00e9mon\n|rule|Item Clause: Limit one of each item\n|clearpoke\n|poke|p1|Chien-Pao, L50|\n|poke|p1|Dragonite, L50, F|\n|poke|p1|Great Tusk, L50|\n|poke|p1|Talonflame, L50, M|\n|poke|p1|Palafin, L50, F|\n|poke|p1|Flutter Mane, L50|\n|poke|p2|Amoonguss, L50, F|\n|poke|p2|Dondozo, L50, M|\n|poke|p2|Tatsugiri-Droopy, L50, M|\n|poke|p2|Flamigo, L50, M|\n|poke|p2|Grimmsnarl, L50, M|\n|poke|p2|Kilowattrel, L50, F|\n|teampreview|4\n|j| fifier\n|c| fifier|acepten open team sheet p\n|c| fifier|:V\n|inactive|Battle timer is ON: inactive players will automatically lose when time's up. (requested by NicolasMartin)\n|j| Agitativ40\n|j| Texsla\n|\n|t:|1682798772\n|start\n|switch|p1a: Flutter Mane|Flutter Mane, L50|100\/100\n|switch|p1b: Great Tusk|Great Tusk, L50|100\/100\n|switch|p2a: Amoonguss|Amoonguss, L50, F|100\/100\n|switch|p2b: Tatsugiri|Tatsugiri-Droopy, L50, M|100\/100\n|turn|1\n|j| InstinKenZ_06\n|c| fifier|la open team sheet\n|c|\u2606ford24|eso como?\n|c| fifier|:V:V:V\n|j| XMarcosPr710\n|c| XMarcosPr710|te sale un mensaje arriba\n|c| Agitativ40|Le das a donde dice \"Accept Open Team Sheet\", antes de elegir el equipo\n|inactive|NicolasMartin has 30 seconds left.\n|j| Slimeks\n|c| Agitativ40|Pero ya que, as\u00ed continuen\n|c| XMarcosPr710|por que pickean tan rapido xd\n|inactive|NicolasMartin has 20 seconds left.\n|j| gabsalma\n|\n|t:|1682798808\n|-terastallize|p1a: Flutter Mane|Fairy\n|move|p2b: Tatsugiri|Protect|p2b: Tatsugiri\n|-singleturn|p2b: Tatsugiri|Protect\n|move|p1a: Flutter Mane|Psyshock|p2a: Amoonguss\n|-supereffective|p2a: Amoonguss\n|-crit|p2a: Amoonguss\n|-damage|p2a: Amoonguss|0 fnt\n|faint|p2a: Amoonguss\n|move|p1b: Great Tusk|Headlong Rush|p2b: Tatsugiri\n|-activate|p2b: Tatsugiri|move: Protect\n|\n|-status|p2b: Tatsugiri|tox|[from] item: Toxic Orb\n|upkeep\n|\n|t:|1682798819\n|switch|p2a: Dondozo|Dondozo, L50, M, shiny|100\/100\n|-activate|p2b: Tatsugiri|ability: Commander|[of] p2a: Dondozo\n|-boost|p2a: Dondozo|atk|2\n|-boost|p2a: Dondozo|spa|2\n|-boost|p2a: Dondozo|spe|2\n|-boost|p2a: Dondozo|def|2\n|-boost|p2a: Dondozo|spd|2\n|turn|2\n|j| JonatanGM\n|c| JonatanGM|u\n|\n|t:|1682798842\n|move|p1a: Flutter Mane|Psyshock|p2a: Dondozo\n|-damage|p2a: Dondozo|86\/100\n|move|p1b: Great Tusk|Close Combat|p2a: Dondozo\n|-damage|p2a: Dondozo|59\/100\n|-unboost|p1b: Great Tusk|def|1\n|-unboost|p1b: Great Tusk|spd|1\n|-damage|p1b: Great Tusk|90\/100|[from] item: Life Orb\n|move|p2a: Dondozo|Earthquake|p1a: Flutter Mane|[spread] p1a,p1b\n|-miss|p2a: Dondozo|p2b: Tatsugiri\n|-damage|p1a: Flutter Mane|28\/100\n|-damage|p1b: Great Tusk|55\/100\n|\n|-heal|p2a: Dondozo|65\/100|[from] item: Leftovers\n|-damage|p2b: Tatsugiri|95\/100 tox|[from] psn\n|upkeep\n|turn|3\n|c| fifier|tremendo el psyshock\n|j| Mathias6483\n|c| XMarcosPr710|,usage Great Tusk\n|c| XMarcosPr710|uh\n|\n|t:|1682798860\n|move|p1a: Flutter Mane|Psyshock|p2b: Tatsugiri|[miss]\n|-miss|p1a: Flutter Mane|p2b: Tatsugiri\n|move|p1b: Great Tusk|Earthquake|p2a: Dondozo|[spread] p1a,p2a\n|-miss|p1b: Great Tusk|p2b: Tatsugiri\n|-crit|p1a: Flutter Mane\n|-damage|p1a: Flutter Mane|0 fnt\n|-damage|p2a: Dondozo|48\/100\n|faint|p1a: Flutter Mane\n|-end|p1a: Flutter Mane|Protosynthesis|[silent]\n|-damage|p1b: Great Tusk|45\/100|[from] item: Life Orb\n|move|p2a: Dondozo|Earthquake|p1b: Great Tusk|[spread] p1b\n|-miss|p2a: Dondozo|p2b: Tatsugiri\n|-damage|p1b: Great Tusk|6\/100\n|\n|-heal|p2a: Dondozo|54\/100|[from] item: Leftovers\n|-damage|p2b: Tatsugiri|84\/100 tox|[from] psn\n|upkeep\n|\n|t:|1682798871\n|switch|p1a: Dragonite|Dragonite, L50, F|100\/100\n|turn|4\n|\n|t:|1682798880\n|move|p1a: Dragonite|Extreme Speed|p2a: Dondozo\n|-damage|p2a: Dondozo|39\/100\n|move|p1b: Great Tusk|Close Combat|p2a: Dondozo\n|-damage|p2a: Dondozo|11\/100\n|-unboost|p1b: Great Tusk|def|1\n|-unboost|p1b: Great Tusk|spd|1\n|-damage|p1b: Great Tusk|0 fnt|[from] item: Life Orb\n|faint|p1b: Great Tusk\n|-end|p1b: Great Tusk|Protosynthesis|[silent]\n|move|p2a: Dondozo|Order Up|p1a: Dragonite\n|-supereffective|p1a: Dragonite\n|-damage|p1a: Dragonite|8\/100\n|-boost|p2a: Dondozo|def|1\n|\n|-heal|p2a: Dondozo|17\/100|[from] item: Leftovers\n|-damage|p2b: Tatsugiri|67\/100 tox|[from] psn\n|upkeep\n|c| gabsalma|porque ataco al tataugiri xd\n|\n|t:|1682798890\n|switch|p1b: Chien-Pao|Chien-Pao, L50|100\/100\n|-ability|p1b: Chien-Pao|Sword of Ruin\n|turn|5\n|c| Agitativ40|adi\u00f3s dondozo\n|\n|t:|1682798905\n|move|p1a: Dragonite|Extreme Speed|p2a: Dondozo\n|-damage|p2a: Dondozo|0 fnt\n|faint|p2a: Dondozo\n|move|p1b: Chien-Pao|Ice Spinner|p2b: Tatsugiri\n|-damage|p2b: Tatsugiri|0 fnt\n|faint|p2b: Tatsugiri\n|\n|upkeep\n|\n|t:|1682798912\n|switch|p2a: Flamigo|Flamigo, L50, M|100\/100\n|turn|6\n|c| InstinKenZ_06|lol\n|\n|t:|1682798920\n|move|p1a: Dragonite|Extreme Speed|p2a: Flamigo\n|-damage|p2a: Flamigo|7\/100\n|move|p1b: Chien-Pao|Ice Spinner|p2a: Flamigo\n|-supereffective|p2a: Flamigo\n|-damage|p2a: Flamigo|0 fnt\n|faint|p2a: Flamigo\n|\n|win|NicolasMartin\n|c|\u2606ford24|f xd\n|c| JonatanGM|palafin sin rain team?\n|c| InstinKenZ_06|gg\n|c| gabsalma|gg\n","uploadtime":1682798931,"views":16,"p1id":"nicolasmartin","p2id":"ford24","formatid":"gen9vgc2023regulationc","rating":0,"private":0,"password":""}