{"id":"gen9vgc2023regulationc-1848099302","p1":"rockpaperwater","p2":"pokequimico","format":"[Gen 9] VGC 2023 Regulation C","log":"|j|\u2606rockpaperwater\n|j|\u2606pokequimico\n|t:|1682029576\n|gametype|doubles\n|player|p1|rockpaperwater|ethan|1225\n|player|p2|pokequimico|1|1313\n|teamsize|p1|6\n|teamsize|p2|6\n|gen|9\n|tier|[Gen 9] VGC 2023 Regulation C\n|rated|\n|rule|Species Clause: Limit one of each Pok\u00e9mon\n|rule|Item Clause: Limit one of each item\n|clearpoke\n|poke|p1|Flutter Mane, L50|\n|poke|p1|Ting-Lu, L50|\n|poke|p1|Kingambit, L50, M|\n|poke|p1|Indeedee-F, L50, F|\n|poke|p1|Gyarados, L50, M|\n|poke|p1|Gholdengo, L50|\n|poke|p2|Dondozo, L50, F|\n|poke|p2|Tatsugiri, L50, F|\n|poke|p2|Flutter Mane, L50|\n|poke|p2|Iron Moth, L50|\n|poke|p2|Dragonite, L50, M|\n|poke|p2|Chien-Pao, L50|\n|teampreview|4\nrockpaperwater rejected open team sheets.\n|inactive|Battle timer is ON: inactive players will automatically lose when time's up. (requested by pokequimico)\n|\n|t:|1682029620\n|start\n|switch|p1a: Indeedee|Indeedee-F, L50, F|100\/100\n|switch|p1b: Gholdengo|Gholdengo, L50|100\/100\n|switch|p2a: Iron Moth|Iron Moth, L50|100\/100\n|switch|p2b: Flutter Mane|Flutter Mane, L50|100\/100\n|-fieldstart|move: Psychic Terrain|[from] ability: Psychic Surge|[of] p1a: Indeedee\n|-enditem|p2a: Iron Moth|Booster Energy\n|-activate|p2a: Iron Moth|ability: Quark Drive|[fromitem]\n|-start|p2a: Iron Moth|quarkdrivespe\n|turn|1\n|inactive|rockpaperwater has 30 seconds left.\n|inactive|pokequimico has 30 seconds left.\n|\n|t:|1682029657\n|move|p1b: Gholdengo|Protect|p1b: Gholdengo\n|-singleturn|p1b: Gholdengo|Protect\n|move|p2a: Iron Moth|Acid Spray|p1a: Indeedee\n|-damage|p1a: Indeedee|80\/100\n|-unboost|p1a: Indeedee|spd|2\n|move|p2b: Flutter Mane|Dazzling Gleam|p1b: Gholdengo|[spread] p1a\n|-activate|p1b: Gholdengo|move: Protect\n|-crit|p1a: Indeedee\n|-damage|p1a: Indeedee|0 fnt\n|faint|p1a: Indeedee\n|\n|upkeep\n|\n|t:|1682029673\n|switch|p1a: Ting-Lu|Ting-Lu, L50|100\/100\n|-ability|p1a: Ting-Lu|Vessel of Ruin\n|turn|2\n|\n|t:|1682029693\n|-end|p2b: Flutter Mane|Protosynthesis|[silent]\n|switch|p2b: Dondozo|Dondozo, L50, F|100\/100\n|switch|p1b: Gyarados|Gyarados, L50, M|100\/100\n|-ability|p1b: Gyarados|Intimidate|boost\n|-unboost|p2a: Iron Moth|atk|1\n|-unboost|p2b: Dondozo|atk|1\n|move|p2a: Iron Moth|Protect|p2a: Iron Moth\n|-singleturn|p2a: Iron Moth|Protect\n|move|p1a: Ting-Lu|Stomping Tantrum|p2a: Iron Moth\n|-activate|p2a: Iron Moth|move: Protect\n|\n|upkeep\n|turn|3\n|inactive|rockpaperwater has 30 seconds left.\n|\n|t:|1682029723\n|switch|p2b: Flutter Mane|Flutter Mane, L50|100\/100\n|-terastallize|p2a: Iron Moth|Grass\n|-terastallize|p1a: Ting-Lu|Water\n|move|p2a: Iron Moth|Acid Spray|p1a: Ting-Lu\n|-damage|p1a: Ting-Lu|93\/100\n|-unboost|p1a: Ting-Lu|spd|2\n|move|p1b: Gyarados|Chilling Water|p2b: Flutter Mane\n|-damage|p2b: Flutter Mane|93\/100\n|-unboost|p2b: Flutter Mane|atk|1\n|move|p1a: Ting-Lu|Ruination|p2b: Flutter Mane\n|-damage|p2b: Flutter Mane|47\/100\n|\n|upkeep\n|turn|4\n|inactive|rockpaperwater has 30 seconds left.\n|inactive|pokequimico has 30 seconds left.\n|inactive|pokequimico has 20 seconds left.\n|inactive|pokequimico has 15 seconds left.\n|\n|t:|1682029764\n|switch|p1a: Gholdengo|Gholdengo, L50|100\/100\n|move|p2a: Iron Moth|Energy Ball|p1a: Gholdengo\n|-resisted|p1a: Gholdengo\n|-damage|p1a: Gholdengo|79\/100\n|move|p2b: Flutter Mane|Thunderbolt|p1b: Gyarados\n|-supereffective|p1b: Gyarados\n|-damage|p1b: Gyarados|0 fnt\n|faint|p1b: Gyarados\n|\n|upkeep\n|\n|t:|1682029773\n|switch|p1b: Ting-Lu|Ting-Lu, L50, tera:Water|93\/100\n|-ability|p1b: Ting-Lu|Vessel of Ruin\n|turn|5\n|inactive|rockpaperwater has 30 seconds left.\n|\n|t:|1682029805\n|move|p2a: Iron Moth|Heat Wave|p1b: Ting-Lu|[spread] p1a,p1b\n|-supereffective|p1a: Gholdengo\n|-resisted|p1b: Ting-Lu\n|-damage|p1a: Gholdengo|26\/100\n|-damage|p1b: Ting-Lu|88\/100\n|-enditem|p1a: Gholdengo|Sitrus Berry|[eat]\n|-heal|p1a: Gholdengo|51\/100|[from] item: Sitrus Berry\n|move|p2b: Flutter Mane|Thunderbolt|p1a: Gholdengo\n|-damage|p1a: Gholdengo|20\/100\n|move|p1a: Gholdengo|Shadow Ball|p2b: Flutter Mane\n|-supereffective|p2b: Flutter Mane\n|-damage|p2b: Flutter Mane|0 fnt\n|faint|p2b: Flutter Mane\n|-end|p2b: Flutter Mane|Protosynthesis|[silent]\n|move|p1b: Ting-Lu|Ruination|p2a: Iron Moth\n|-damage|p2a: Iron Moth|50\/100\n|\n|-fieldend|move: Psychic Terrain\n|upkeep\n|\n|t:|1682029817\n|switch|p2b: Tatsugiri|Tatsugiri, L50, F|100\/100\n|turn|6\n|\n|t:|1682029840\n|move|p2a: Iron Moth|Acid Spray|p1b: Ting-Lu\n|-damage|p1b: Ting-Lu|81\/100\n|-unboost|p1b: Ting-Lu|spd|2\n|move|p2b: Tatsugiri|Muddy Water|p1a: Gholdengo|[spread] p1a,p1b\n|-resisted|p1b: Ting-Lu\n|-damage|p1a: Gholdengo|0 fnt\n|-damage|p1b: Ting-Lu|69\/100\n|faint|p1a: Gholdengo\n|move|p1b: Ting-Lu|Ruination|p2a: Iron Moth\n|-damage|p2a: Iron Moth|26\/100\n|\n|upkeep\n|turn|7\n|-message|rockpaperwater forfeited.\n|\n|win|pokequimico\n|raw|rockpaperwater's rating: 1225 → 1206<\/strong> (-19 for losing)\n|raw|pokequimico's rating: 1313 → 1328<\/strong> (+15 for winning)\n|l|\u2606rockpaperwater\n","uploadtime":1682029850,"views":6,"p1id":"rockpaperwater","p2id":"pokequimico","formatid":"gen9vgc2023regulationc","rating":1206,"private":0,"password":""}