{"id":"gen9vgc2023regulationc-1847499333","p1":"Caden06","p2":"GB Seraphix","format":"[Gen 9] VGC 2023 Regulation C","log":"|j|\u2606Caden06\n|j|\u2606GB Seraphix\n|t:|1681963066\n|gametype|doubles\n|player|p1|Caden06|striker|1337\n|player|p2|GB Seraphix|rosa|1316\n|teamsize|p1|6\n|teamsize|p2|6\n|gen|9\n|tier|[Gen 9] VGC 2023 Regulation C\n|rated|\n|rule|Species Clause: Limit one of each Pok\u00e9mon\n|rule|Item Clause: Limit one of each item\n|clearpoke\n|poke|p1|Indeedee-F, L50, F|\n|poke|p1|Armarouge, L50, M|\n|poke|p1|Iron Bundle, L50|\n|poke|p1|Gyarados, L50, M|\n|poke|p1|Wo-Chien, L50|\n|poke|p1|Glimmora, L50, M|\n|poke|p2|Chi-Yu, L50|\n|poke|p2|Dachsbun, L50, F|\n|poke|p2|Flutter Mane, L50|\n|poke|p2|Baxcalibur, L50, M|\n|poke|p2|Amoonguss, L50, M|\n|poke|p2|Rotom-Wash, L50|\n|teampreview|4\n|\n|t:|1681963114\n|start\n|switch|p1a: Glimmora|Glimmora, L50, M|100\/100\n|switch|p1b: Gyarados|Gyarados, L50, M, shiny|100\/100\n|switch|p2a: Nemo|Chi-Yu, L50|100\/100\n|switch|p2b: Gardenia|Dachsbun, L50, F|100\/100\n|-ability|p2a: Nemo|Beads of Ruin\n|-ability|p1b: Gyarados|Intimidate|boost\n|-unboost|p2a: Nemo|atk|1\n|-unboost|p2b: Gardenia|atk|1\n|turn|1\n|\n|t:|1681963141\n|-terastallize|p2b: Gardenia|Steel\n|move|p2a: Nemo|Lava Plume|p1b: Gyarados|[spread] p1a,p1b\n|-ability|p2b: Gardenia|Well-Baked Body|boost\n|-boost|p2b: Gardenia|def|2\n|-resisted|p1a: Glimmora\n|-resisted|p1b: Gyarados\n|-damage|p1a: Glimmora|86\/100\n|-damage|p1b: Gyarados|81\/100\n|move|p1b: Gyarados|Waterfall|p2a: Nemo\n|-supereffective|p2a: Nemo\n|-damage|p2a: Nemo|0 fnt\n|faint|p2a: Nemo\n|move|p2b: Gardenia|Body Press|p1a: Glimmora\n|-damage|p1a: Glimmora|46\/100\n|-activate|p1a: Glimmora|ability: Toxic Debris\n|-sidestart|p2: GB Seraphix|move: Toxic Spikes\n|move|p1a: Glimmora|Mortal Spin|p2b: Gardenia\n|-immune|p2b: Gardenia\n|\n|upkeep\n|\n|t:|1681963157\n|switch|p2a: Hanabishi|Rotom-Wash, L50|100\/100\n|turn|2\n|\n|t:|1681963187\n|-terastallize|p1b: Gyarados|Steel\n|move|p1b: Gyarados|Helping Hand|p1a: Glimmora\n|-singleturn|p1a: Glimmora|Helping Hand|[of] p1b: Gyarados\n|move|p2a: Hanabishi|Hydro Pump|p1a: Glimmora\n|-supereffective|p1a: Glimmora\n|-damage|p1a: Glimmora|0 fnt\n|faint|p1a: Glimmora\n|move|p2b: Gardenia|Substitute|p2b: Gardenia\n|-start|p2b: Gardenia|Substitute\n|-damage|p2b: Gardenia|75\/100\n|\n|-heal|p2b: Gardenia|82\/100|[from] item: Leftovers\n|upkeep\n|\n|t:|1681963207\n|switch|p1a: Iron Bundle|Iron Bundle, L50|100\/100\n|turn|3\n|j| wrgedwa\n|\n|t:|1681963242\n|move|p1a: Iron Bundle|Protect|p1a: Iron Bundle\n|-singleturn|p1a: Iron Bundle|Protect\n|move|p1b: Gyarados|Dragon Dance|p1b: Gyarados\n|-boost|p1b: Gyarados|atk|1\n|-boost|p1b: Gyarados|spe|1\n|move|p2b: Gardenia|Body Press|p1a: Iron Bundle\n|-activate|p1a: Iron Bundle|move: Protect\n|move|p2a: Hanabishi|Thunderbolt|p1a: Iron Bundle\n|-activate|p1a: Iron Bundle|move: Protect\n|\n|-heal|p2b: Gardenia|88\/100|[from] item: Leftovers\n|upkeep\n|turn|4\n|\n|t:|1681963261\n|move|p1a: Iron Bundle|Freeze-Dry|p2a: Hanabishi\n|-supereffective|p2a: Hanabishi\n|-damage|p2a: Hanabishi|27\/100\n|-enditem|p2a: Hanabishi|Sitrus Berry|[eat]\n|-heal|p2a: Hanabishi|51\/100|[from] item: Sitrus Berry\n|move|p1b: Gyarados|Waterfall|p2a: Hanabishi\n|-resisted|p2a: Hanabishi\n|-damage|p2a: Hanabishi|23\/100\n|move|p2a: Hanabishi|Thunderbolt|p1a: Iron Bundle\n|-supereffective|p1a: Iron Bundle\n|-enditem|p1a: Iron Bundle|Focus Sash\n|-damage|p1a: Iron Bundle|1\/100\n|move|p2b: Gardenia|Body Press|p1b: Gyarados\n|-supereffective|p1b: Gyarados\n|-damage|p1b: Gyarados|0 fnt\n|faint|p1b: Gyarados\n|\n|-heal|p2b: Gardenia|94\/100|[from] item: Leftovers\n|upkeep\n|\n|t:|1681963277\n|switch|p1b: Wo-Chien|Wo-Chien, L50|100\/100\n|-ability|p1b: Wo-Chien|Tablets of Ruin\n|turn|5\n|\n|t:|1681963311\n|move|p2a: Hanabishi|Protect|p2a: Hanabishi\n|-singleturn|p2a: Hanabishi|Protect\n|move|p1a: Iron Bundle|Freeze-Dry|p2b: Gardenia\n|-resisted|p2b: Gardenia\n|-activate|p2b: Gardenia|move: Substitute|[damage]\n|move|p2b: Gardenia|Body Press|p1a: Iron Bundle\n|-supereffective|p1a: Iron Bundle\n|-damage|p1a: Iron Bundle|0 fnt\n|faint|p1a: Iron Bundle\n|-end|p1a: Iron Bundle|Quark Drive|[silent]\n|move|p1b: Wo-Chien|Leech Seed||[still]\n|-fail|p1b: Wo-Chien\n|\n|-heal|p2b: Gardenia|99\/100|[from] item: Leftovers\n|upkeep\n|turn|6\n|-message|Caden06 forfeited.\n|\n|win|GB Seraphix\n|raw|Caden06's rating: 1337 → 1316<\/strong> (-21 for losing)\n|raw|GB Seraphix's rating: 1316 → 1337<\/strong> (+21 for winning)\n|l|\u2606Caden06\n","uploadtime":1681963336,"views":11,"p1id":"caden06","p2id":"gbseraphix","formatid":"gen9vgc2023regulationc","rating":1316,"private":0,"password":""}