{"id":"gen9vgc2023regulationc-1847577342","p1":"Il Mule","p2":"yamaguronekuro","format":"[Gen 9] VGC 2023 Regulation C","log":"|j|\u2606Il Mule\n|j|\u2606yamaguronekuro\n|t:|1681976379\n|gametype|doubles\n|player|p1|Il Mule|youngster-gen4dp|1703\n|player|p2|yamaguronekuro|102|1856\n|teamsize|p1|6\n|teamsize|p2|6\n|gen|9\n|tier|[Gen 9] VGC 2023 Regulation C\n|rated|\n|rule|Species Clause: Limit one of each Pok\u00e9mon\n|rule|Item Clause: Limit one of each item\n|clearpoke\n|poke|p1|Great Tusk, L50|\n|poke|p1|Azumarill, L50, F|\n|poke|p1|Chi-Yu, L50|\n|poke|p1|Iron Bundle, L50|\n|poke|p1|Brute Bonnet, L50|\n|poke|p1|Flutter Mane, L50|\n|poke|p2|Glimmora, L50, M|\n|poke|p2|Dondozo, L50, F|\n|poke|p2|Flutter Mane, L50|\n|poke|p2|Dragonite, L50, F|\n|poke|p2|Chi-Yu, L50|\n|poke|p2|Ting-Lu, L50|\n|teampreview|4\nIl Mule has agreed to open team sheets.\n|\n|t:|1681976437\n|start\n|switch|p1a: Bando|Iron Bundle, L50|100\/100\n|switch|p1b: Tasconi|Great Tusk, L50|100\/100\n|switch|p2a: Glimmora|Glimmora, L50, M|100\/100\n|switch|p2b: Dragonite|Dragonite, L50, F|100\/100\n|-enditem|p1a: Bando|Booster Energy\n|-activate|p1a: Bando|ability: Quark Drive|[fromitem]\n|-start|p1a: Bando|quarkdrivespe\n|turn|1\n|\n|t:|1681976449\n|-terastallize|p2b: Dragonite|Flying\n|move|p1a: Bando|Protect|p1a: Bando\n|-singleturn|p1a: Bando|Protect\n|move|p1b: Tasconi|Protect|p1b: Tasconi\n|-singleturn|p1b: Tasconi|Protect\n|move|p2a: Glimmora|Power Gem|p1a: Bando\n|-activate|p1a: Bando|move: Protect\n|move|p2b: Dragonite|Tera Blast|p1b: Tasconi\n|-activate|p1b: Tasconi|move: Protect\n|\n|upkeep\n|turn|2\n|\n|t:|1681976462\n|move|p1a: Bando|Icy Wind|p2a: Glimmora|[spread] p2a,p2b\n|-supereffective|p2b: Dragonite\n|-damage|p2a: Glimmora|75\/100\n|-damage|p2b: Dragonite|82\/100\n|-unboost|p2a: Glimmora|spe|1\n|-unboost|p2b: Dragonite|spe|1\n|move|p1b: Tasconi|Headlong Rush|p2a: Glimmora\n|-supereffective|p2a: Glimmora\n|-damage|p2a: Glimmora|0 fnt\n|-unboost|p1b: Tasconi|def|1\n|-unboost|p1b: Tasconi|spd|1\n|-activate|p2a: Glimmora|ability: Toxic Debris\n|-sidestart|p1: Il Mule|move: Toxic Spikes\n|faint|p2a: Glimmora\n|move|p2b: Dragonite|Tera Blast|p1b: Tasconi\n|-supereffective|p1b: Tasconi\n|-enditem|p1b: Tasconi|Focus Sash\n|-damage|p1b: Tasconi|1\/100\n|\n|upkeep\n|\n|t:|1681976481\n|switch|p2a: Chi-Yu|Chi-Yu, L50|100\/100\n|-ability|p2a: Chi-Yu|Beads of Ruin\n|turn|3\n|\n|t:|1681976491\n|move|p1a: Bando|Protect|p1a: Bando\n|-singleturn|p1a: Bando|Protect\n|move|p2b: Dragonite|Extreme Speed|p1b: Tasconi\n|-damage|p1b: Tasconi|0 fnt\n|faint|p1b: Tasconi\n|-end|p1b: Tasconi|Protosynthesis|[silent]\n|move|p2a: Chi-Yu|Dark Pulse|p1a: Bando\n|-activate|p1a: Bando|move: Protect\n|\n|upkeep\n|\n|t:|1681976501\n|switch|p1b: Occhialoni|Flutter Mane, L50|100\/100\n|-status|p1b: Occhialoni|psn\n|turn|4\n|\n|t:|1681976539\n|move|p1a: Bando|Icy Wind|p2b: Dragonite|[spread] p2b\n|-miss|p1a: Bando|p2a: Chi-Yu\n|-supereffective|p2b: Dragonite\n|-damage|p2b: Dragonite|35\/100\n|-unboost|p2b: Dragonite|spe|1\n|move|p1b: Occhialoni|Moonblast|p2a: Chi-Yu\n|-damage|p2a: Chi-Yu|32\/100\n|move|p2a: Chi-Yu|Dark Pulse|p1a: Bando\n|-damage|p1a: Bando|0 fnt\n|faint|p1a: Bando\n|-end|p1a: Bando|Quark Drive|[silent]\n|move|p2b: Dragonite|Tera Blast|p1b: Occhialoni\n|-damage|p1b: Occhialoni|0 fnt\n|faint|p1b: Occhialoni\n|-end|p1b: Occhialoni|Protosynthesis|[silent]\n|\n|upkeep\n|j| liaholic\n|\n|t:|1681976552\n|switch|p1b: Tu quoque|Brute Bonnet, L50|100\/100\n|-status|p1b: Tu quoque|psn\n|turn|5\n|-message|Il Mule forfeited.\n|\n|win|yamaguronekuro\n|raw|Il Mule's rating: 1703 → 1691<\/strong> (-12 for losing)\n|raw|yamaguronekuro's rating: 1856 → 1868<\/strong> (+12 for winning)\n|l|\u2606Il Mule\n","uploadtime":1681976624,"views":17,"p1id":"ilmule","p2id":"yamaguronekuro","formatid":"gen9vgc2023regulationc","rating":1691,"private":0,"password":""}