{"id":"gen9vgc2023regulationc-1857017057","p1":"19402u","p2":"PritzShow","format":"[Gen 9] VGC 2023 Regulation C","log":"|j|\u260619402u\n|j|\u2606PritzShow\n|t:|1683137146\n|gametype|doubles\n|player|p1|19402u|265|1464\n|player|p2|PritzShow|fisherman-gen4|1524\n|teamsize|p1|6\n|teamsize|p2|6\n|gen|9\n|tier|[Gen 9] VGC 2023 Regulation C\n|rated|\n|rule|Species Clause: Limit one of each Pok\u00e9mon\n|rule|Item Clause: Limit one of each item\n|clearpoke\n|poke|p1|Dragonite, L50, M|\n|poke|p1|Iron Hands, L50|\n|poke|p1|Amoonguss, L50, F|\n|poke|p1|Ting-Lu, L50|\n|poke|p1|Flutter Mane, L50|\n|poke|p1|Arcanine, L50, M|\n|poke|p2|Gyarados, L50, M|\n|poke|p2|Flutter Mane, L50|\n|poke|p2|Chi-Yu, L50|\n|poke|p2|Amoonguss, L50, F|\n|poke|p2|Ting-Lu, L50|\n|poke|p2|Baxcalibur, L50, M|\n|teampreview|4\n|inactive|Battle timer is ON: inactive players will automatically lose when time's up. (requested by PritzShow)\n19402u has agreed to open team sheets.\nPritzShow has agreed to open team sheets.\n|inactive|19402u has 60 seconds left.\n|inactive|PritzShow has 60 seconds left.\n|inactive|19402u has 30 seconds left.\n|inactive|PritzShow has 30 seconds left.\n|inactive|19402u has 20 seconds left.\n|inactive|19402u has 15 seconds left.\n|\n|t:|1683137226\n|start\n|switch|p1a: Dragonite|Dragonite, L50, M, shiny|100\/100\n|switch|p1b: Ting-Lu|Ting-Lu, L50|100\/100\n|switch|p2a: Flutter Mane|Flutter Mane, L50|100\/100\n|switch|p2b: Amoonguss|Amoonguss, L50, F|100\/100\n|-ability|p1b: Ting-Lu|Vessel of Ruin\n|-enditem|p2a: Flutter Mane|Booster Energy\n|-activate|p2a: Flutter Mane|ability: Protosynthesis|[fromitem]\n|-start|p2a: Flutter Mane|protosynthesisspa\n|turn|1\n|inactive|19402u has 30 seconds left.\n|inactive|PritzShow has 30 seconds left.\n|inactive|19402u has 20 seconds left.\n|\n|t:|1683137264\n|switch|p2b: Gyarados|Gyarados, L50, M|100\/100\n|-ability|p2b: Gyarados|Intimidate|boost\n|-unboost|p1a: Dragonite|atk|1\n|-fail|p1b: Ting-Lu|unboost|[from] item: Clear Amulet|[of] p1b: Ting-Lu\n|-terastallize|p1a: Dragonite|Flying\n|move|p2a: Flutter Mane|Substitute|p2a: Flutter Mane\n|-start|p2a: Flutter Mane|Substitute\n|-damage|p2a: Flutter Mane|76\/100\n|move|p1a: Dragonite|Tera Blast|p2a: Flutter Mane\n|-end|p2a: Flutter Mane|Substitute\n|move|p1b: Ting-Lu|Taunt|p2b: Gyarados\n|-start|p2b: Gyarados|move: Taunt\n|\n|upkeep\n|turn|2\n|inactive|19402u has 30 seconds left.\n|inactive|PritzShow has 30 seconds left.\n|inactive|19402u has 20 seconds left.\n|inactive|PritzShow has 20 seconds left.\n|\n|t:|1683137303\n|-end|p2a: Flutter Mane|Protosynthesis|[silent]\n|switch|p2a: Baxcalibur|Baxcalibur, L50, M|100\/100\n|move|p1a: Dragonite|Tera Blast|p2a: Baxcalibur\n|-damage|p2a: Baxcalibur|49\/100\n|move|p2b: Gyarados|Waterfall|p1b: Ting-Lu\n|-supereffective|p1b: Ting-Lu\n|-damage|p1b: Ting-Lu|63\/100\n|cant|p1b: Ting-Lu|flinch\n|\n|upkeep\n|turn|3\n|inactive|19402u has 30 seconds left.\n|\n|t:|1683137328\n|switch|p1b: Arcanine|Arcanine, L50, M|100\/100\n|-ability|p1b: Arcanine|Intimidate|boost\n|-unboost|p2a: Baxcalibur|atk|1\n|-unboost|p2b: Gyarados|atk|1\n|move|p2a: Baxcalibur|Protect|p2a: Baxcalibur\n|-singleturn|p2a: Baxcalibur|Protect\n|move|p1a: Dragonite|Tera Blast|p2a: Baxcalibur\n|-activate|p2a: Baxcalibur|move: Protect\n|move|p2b: Gyarados|Waterfall|p1a: Dragonite\n|-crit|p1a: Dragonite\n|-damage|p1a: Dragonite|74\/100\n|\n|-end|p2b: Gyarados|move: Taunt\n|upkeep\n|turn|4\n|inactive|19402u has 30 seconds left.\n|\n|t:|1683137358\n|switch|p1a: Iron Hands|Iron Hands, L50, shiny|100\/100\n|move|p2a: Baxcalibur|Ice Shard|p1a: Iron Hands\n|-damage|p1a: Iron Hands|89\/100\n|move|p1b: Arcanine|Flare Blitz|p2a: Baxcalibur\n|-damage|p2a: Baxcalibur|9\/100\n|-ability|p2a: Baxcalibur|Thermal Exchange|boost\n|-boost|p2a: Baxcalibur|atk|1\n|-damage|p1b: Arcanine|86\/100|[from] Recoil\n|move|p2b: Gyarados|Thunder Wave|p1b: Arcanine\n|-status|p1b: Arcanine|par\n|\n|upkeep\n|turn|5\n|\n|t:|1683137380\n|switch|p2b: Amoonguss|Amoonguss, L50, F|100\/100\n|move|p2a: Baxcalibur|Protect|p2a: Baxcalibur\n|-singleturn|p2a: Baxcalibur|Protect\n|cant|p1b: Arcanine|par\n|move|p1a: Iron Hands|Wild Charge|p2b: Amoonguss\n|-resisted|p2b: Amoonguss\n|-damage|p2b: Amoonguss|82\/100\n|-damage|p1a: Iron Hands|85\/100|[from] Recoil\n|\n|upkeep\n|turn|6\n|inactive|19402u has 30 seconds left.\n|\n|t:|1683137408\n|move|p2b: Amoonguss|Rage Powder|p2b: Amoonguss\n|-singleturn|p2b: Amoonguss|move: Rage Powder\n|move|p2a: Baxcalibur|Glaive Rush|p1b: Arcanine\n|-damage|p1b: Arcanine|5\/100 par\n|-singlemove|p2a: Baxcalibur|Glaive Rush|[silent]\n|move|p1b: Arcanine|Flare Blitz|p2b: Amoonguss\n|-supereffective|p2b: Amoonguss\n|-damage|p2b: Amoonguss|8\/100\n|-enditem|p2b: Amoonguss|Sitrus Berry|[eat]\n|-heal|p2b: Amoonguss|33\/100|[from] item: Sitrus Berry\n|-damage|p1b: Arcanine|0 fnt|[from] Recoil\n|faint|p1b: Arcanine\n|move|p1a: Iron Hands|Heavy Slam|p2b: Amoonguss\n|-damage|p2b: Amoonguss|0 fnt\n|faint|p2b: Amoonguss\n|\n|upkeep\n|\n|t:|1683137431\n|switch|p1b: Dragonite|Dragonite, L50, M, shiny, tera:Flying|74\/100\n|switch|p2b: Gyarados|Gyarados, L50, M|100\/100\n|-ability|p2b: Gyarados|Intimidate|boost\n|-unboost|p1a: Iron Hands|atk|1\n|-unboost|p1b: Dragonite|atk|1\n|turn|7\n|inactive|PritzShow has 30 seconds left.\n|\n|t:|1683137464\n|switch|p2a: Flutter Mane|Flutter Mane, L50|76\/100\n|move|p1b: Dragonite|Extreme Speed|p2a: Flutter Mane\n|-immune|p2a: Flutter Mane\n|move|p2b: Gyarados|Thunder Wave|p1b: Dragonite\n|-status|p1b: Dragonite|par\n|move|p1a: Iron Hands|Heavy Slam|p2a: Flutter Mane\n|-supereffective|p2a: Flutter Mane\n|-damage|p2a: Flutter Mane|0 fnt\n|faint|p2a: Flutter Mane\n|-end|p2a: Flutter Mane|Protosynthesis|[silent]\n|\n|upkeep\n|\n|t:|1683137471\n|switch|p2a: Baxcalibur|Baxcalibur, L50, M|9\/100\n|turn|8\n|inactive|PritzShow has 30 seconds left.\n|\n|t:|1683137499\n|-end|p1a: Iron Hands|Quark Drive|[silent]\n|switch|p1a: Ting-Lu|Ting-Lu, L50|63\/100\n|-ability|p1a: Ting-Lu|Vessel of Ruin\n|move|p2b: Gyarados|Helping Hand|p2a: Baxcalibur\n|-singleturn|p2a: Baxcalibur|Helping Hand|[of] p2b: Gyarados\n|move|p1b: Dragonite|Extreme Speed|p2a: Baxcalibur\n|-damage|p2a: Baxcalibur|0 fnt\n|faint|p2a: Baxcalibur\n|\n|upkeep\n|turn|9\n|-message|PritzShow forfeited.\n|\n|win|19402u\n|raw|19402u's rating: 1464 → 1487<\/strong> (+23 for winning)\n|raw|PritzShow's rating: 1524 → 1501<\/strong> (-23 for losing)\n|l|\u2606PritzShow\n","uploadtime":1683137520,"views":15,"p1id":"19402u","p2id":"pritzshow","formatid":"gen9vgc2023regulationc","rating":1487,"private":0,"password":""}