{"id":"gen9vgc2023regulationc-1846701764","p1":"CaptainEricVGC","p2":"JayVGC YT","format":"[Gen 9] VGC 2023 Regulation C","log":"|j|\u2606CaptainEricVGC\n|j|\u2606JayVGC YT\n|t:|1681867662\n|gametype|doubles\n|player|p1|CaptainEricVGC|1|\n|player|p2|JayVGC YT|102|\n|teamsize|p1|6\n|teamsize|p2|6\n|gen|9\n|tier|[Gen 9] VGC 2023 Regulation C\n|rule|Species Clause: Limit one of each Pok\u00e9mon\n|rule|Item Clause: Limit one of each item\n|clearpoke\n|poke|p1|Baxcalibur, L50, F|\n|poke|p1|Amoonguss, L50, F|\n|poke|p1|Ting-Lu, L50|\n|poke|p1|Arcanine, L50, F|\n|poke|p1|Palafin, L50, M|\n|poke|p1|Flutter Mane, L50|\n|poke|p2|Maushold-Four, L50|\n|poke|p2|Annihilape, L50, F|\n|poke|p2|Gholdengo, L50|\n|poke|p2|Iron Bundle, L50|\n|poke|p2|Arcanine, L50, F|\n|poke|p2|Roaring Moon, L50|\n|teampreview|4\nCaptainEricVGC has agreed to open team sheets.\n|c|\u2606CaptainEricVGC|game 1\n|\n|t:|1681867748\n|start\n|switch|p1a: Baxcalibur|Baxcalibur, L50, F|100\/100\n|switch|p1b: Flutter Mane|Flutter Mane, L50|100\/100\n|switch|p2a: Pancakes|Maushold-Four, L50|100\/100\n|switch|p2b: Monke Business|Annihilape, L50, F|100\/100\n|-enditem|p1b: Flutter Mane|Booster Energy\n|-activate|p1b: Flutter Mane|ability: Protosynthesis|[fromitem]\n|-start|p1b: Flutter Mane|protosynthesisspa\n|turn|1\n|\n|t:|1681867788\n|-terastallize|p2b: Monke Business|Fire\n|move|p2a: Pancakes|Follow Me|p2a: Pancakes\n|-singleturn|p2a: Pancakes|move: Follow Me\n|move|p1b: Flutter Mane|Substitute|p1b: Flutter Mane\n|-start|p1b: Flutter Mane|Substitute\n|-damage|p1b: Flutter Mane|76\/100\n|move|p2b: Monke Business|Rage Fist|p1b: Flutter Mane\n|-supereffective|p1b: Flutter Mane\n|-end|p1b: Flutter Mane|Substitute\n|move|p1a: Baxcalibur|Icicle Spear|p2a: Pancakes\n|-damage|p2a: Pancakes|82\/100\n|-damage|p2a: Pancakes|63\/100\n|-damage|p2a: Pancakes|43\/100\n|-damage|p2a: Pancakes|24\/100\n|-hitcount|p2a: Pancakes|4\n|\n|upkeep\n|turn|2\n|\n|t:|1681867819\n|move|p2a: Pancakes|Protect|p2a: Pancakes\n|-singleturn|p2a: Pancakes|Protect\n|move|p1b: Flutter Mane|Substitute|p1b: Flutter Mane\n|-start|p1b: Flutter Mane|Substitute\n|-damage|p1b: Flutter Mane|51\/100\n|move|p2b: Monke Business|Bulk Up|p2b: Monke Business\n|-boost|p2b: Monke Business|atk|1\n|-boost|p2b: Monke Business|def|1\n|move|p1a: Baxcalibur|Glaive Rush|p2b: Monke Business\n|-damage|p2b: Monke Business|67\/100\n|-singlemove|p1a: Baxcalibur|Glaive Rush|[silent]\n|\n|-heal|p2b: Monke Business|73\/100|[from] item: Leftovers\n|upkeep\n|turn|3\n|\n|t:|1681867851\n|move|p1b: Flutter Mane|Protect|p1b: Flutter Mane\n|-singleturn|p1b: Flutter Mane|Protect\n|move|p1a: Baxcalibur|Protect|p1a: Baxcalibur\n|-singleturn|p1a: Baxcalibur|Protect\n|move|p2a: Pancakes|Follow Me|p2a: Pancakes\n|-singleturn|p2a: Pancakes|move: Follow Me\n|move|p2b: Monke Business|Rage Fist|p1a: Baxcalibur\n|-activate|p1a: Baxcalibur|move: Protect\n|\n|-heal|p2b: Monke Business|79\/100|[from] item: Leftovers\n|upkeep\n|turn|4\n|\n|t:|1681867867\n|move|p2a: Pancakes|Follow Me|p2a: Pancakes\n|-singleturn|p2a: Pancakes|move: Follow Me\n|move|p1b: Flutter Mane|Moonblast|p2a: Pancakes\n|-damage|p2a: Pancakes|0 fnt\n|faint|p2a: Pancakes\n|move|p2b: Monke Business|Drain Punch|p1a: Baxcalibur\n|-supereffective|p1a: Baxcalibur\n|-damage|p1a: Baxcalibur|12\/100\n|-heal|p2b: Monke Business|100\/100|[from] drain|[of] p1a: Baxcalibur\n|move|p1a: Baxcalibur|Glaive Rush|p2b: Monke Business\n|-damage|p2b: Monke Business|55\/100\n|-singlemove|p1a: Baxcalibur|Glaive Rush|[silent]\n|\n|-heal|p2b: Monke Business|61\/100|[from] item: Leftovers\n|upkeep\n|\n|t:|1681867876\n|switch|p2a: \"Incineroar\"|Arcanine, L50, F|100\/100\n|-ability|p2a: \"Incineroar\"|Intimidate|boost\n|-unboost|p1a: Baxcalibur|atk|1\n|-immune|p1b: Flutter Mane\n|turn|5\n|\n|t:|1681867906\n|move|p1b: Flutter Mane|Protect|p1b: Flutter Mane\n|-singleturn|p1b: Flutter Mane|Protect\n|move|p2a: \"Incineroar\"|Snarl|p1a: Baxcalibur|[spread] p1a\n|-activate|p1b: Flutter Mane|move: Protect\n|-damage|p1a: Baxcalibur|0 fnt\n|faint|p1a: Baxcalibur\n|move|p2b: Monke Business|Rage Fist|p1b: Flutter Mane\n|-activate|p1b: Flutter Mane|move: Protect\n|\n|-heal|p2b: Monke Business|67\/100|[from] item: Leftovers\n|upkeep\n|\n|t:|1681867909\n|switch|p1a: Palafin|Palafin, L50, M|100\/100\n|turn|6\n|\n|t:|1681867925\n|-terastallize|p1a: Palafin|Water\n|move|p1b: Flutter Mane|Shadow Ball|p2b: Monke Business\n|-damage|p2b: Monke Business|25\/100\n|move|p2a: \"Incineroar\"|Snarl|p1a: Palafin|[spread] p1a,p1b\n|-damage|p1a: Palafin|90\/100\n|-damage|p1b: Flutter Mane|42\/100\n|-unboost|p1a: Palafin|spa|1\n|-unboost|p1b: Flutter Mane|spa|1\n|move|p1a: Palafin|Haze|p1a: Palafin\n|-clearallboost\n|move|p2b: Monke Business|Rage Fist|p1a: Palafin\n|-damage|p1a: Palafin|0 fnt\n|faint|p1a: Palafin\n|\n|-heal|p2b: Monke Business|31\/100|[from] item: Leftovers\n|upkeep\n|\n|t:|1681867940\n|switch|p1a: Ting-Lu|Ting-Lu, L50|100\/100\n|-ability|p1a: Ting-Lu|Vessel of Ruin\n|turn|7\n|\n|t:|1681867960\n|move|p1b: Flutter Mane|Shadow Ball|p2b: Monke Business\n|-damage|p2b: Monke Business|0 fnt\n|faint|p2b: Monke Business\n|move|p2a: \"Incineroar\"|Snarl|p1a: Ting-Lu|[spread] p1a,p1b\n|-resisted|p1a: Ting-Lu\n|-damage|p1a: Ting-Lu|99\/100\n|-damage|p1b: Flutter Mane|35\/100\n|-unboost|p1a: Ting-Lu|spa|1\n|-unboost|p1b: Flutter Mane|spa|1\n|move|p1a: Ting-Lu|Stomping Tantrum|p2a: \"Incineroar\"\n|-supereffective|p2a: \"Incineroar\"\n|-damage|p2a: \"Incineroar\"|18\/100\n|\n|upkeep\n|\n|t:|1681867966\n|switch|p2b: Peaceful Moon|Roaring Moon, L50|100\/100\n|-enditem|p2b: Peaceful Moon|Booster Energy\n|-activate|p2b: Peaceful Moon|ability: Protosynthesis|[fromitem]\n|-start|p2b: Peaceful Moon|protosynthesisspe\n|turn|8\n|\n|t:|1681867985\n|move|p2b: Peaceful Moon|Acrobatics|p1a: Ting-Lu\n|-damage|p1a: Ting-Lu|75\/100\n|move|p1b: Flutter Mane|Moonblast|p2b: Peaceful Moon\n|-supereffective|p2b: Peaceful Moon\n|-damage|p2b: Peaceful Moon|0 fnt\n|faint|p2b: Peaceful Moon\n|-end|p2b: Peaceful Moon|Protosynthesis|[silent]\n|move|p2a: \"Incineroar\"|Close Combat|p1a: Ting-Lu\n|-supereffective|p1a: Ting-Lu\n|-damage|p1a: Ting-Lu|31\/100\n|-unboost|p2a: \"Incineroar\"|def|1\n|-unboost|p2a: \"Incineroar\"|spd|1\n|move|p1a: Ting-Lu|Stomping Tantrum|p2a: \"Incineroar\"\n|-supereffective|p2a: \"Incineroar\"\n|-damage|p2a: \"Incineroar\"|0 fnt\n|faint|p2a: \"Incineroar\"\n|\n|win|CaptainEricVGC\n|c|\u2606CaptainEricVGC|gg\n|l|\u2606JayVGC YT\n","uploadtime":1681868629,"views":9,"p1id":"captainericvgc","p2id":"jayvgcyt","formatid":"gen9vgc2023regulationc","rating":0,"private":0,"password":""}