{"id":"gen9vgc2023regulationc-1851166310","p1":"Sefer19","p2":"glcllcclclcglvcyl","format":"[Gen 9] VGC 2023 Regulation C","log":"|j|\u2606Sefer19\n|j|\u2606glcllcclclcglvcyl\n|t:|1682419777\n|gametype|doubles\n|player|p1|Sefer19|1|1107\n|player|p2|glcllcclclcglvcyl|caitlin|1052\n|teamsize|p1|6\n|teamsize|p2|6\n|gen|9\n|tier|[Gen 9] VGC 2023 Regulation C\n|rated|\n|rule|Species Clause: Limit one of each Pok\u00e9mon\n|rule|Item Clause: Limit one of each item\n|clearpoke\n|poke|p1|Flutter Mane, L50|\n|poke|p1|Brute Bonnet, L50|\n|poke|p1|Chi-Yu, L50|\n|poke|p1|Corviknight, L50, M|\n|poke|p1|Murkrow, L50, M|\n|poke|p1|Great Tusk, L50|\n|poke|p2|Wo-Chien, L50|\n|poke|p2|Ting-Lu, L50|\n|poke|p2|Flutter Mane, L50|\n|poke|p2|Glimmora, L50, F|\n|poke|p2|Arcanine, L50, F|\n|poke|p2|Gyarados, L50, F|\n|teampreview|4\n|inactive|Battle timer is ON: inactive players will automatically lose when time's up. (requested by glcllcclclcglvcyl)\nglcllcclclcglvcyl rejected open team sheets.\n|\n|t:|1682419803\n|start\n|switch|p1a: Great Tusk|Great Tusk, L50|100\/100\n|switch|p1b: Murkrow|Murkrow, L50, M|100\/100\n|switch|p2a: Arcanine|Arcanine, L50, F|100\/100\n|switch|p2b: Glimmora|Glimmora, L50, F|100\/100\n|-ability|p2a: Arcanine|Intimidate|boost\n|-unboost|p1a: Great Tusk|atk|1\n|-unboost|p1b: Murkrow|atk|1\n|turn|1\n|\n|t:|1682419824\n|switch|p2b: Gyarados|Gyarados, L50, F|100\/100\n|-ability|p2b: Gyarados|Intimidate|boost\n|-unboost|p1a: Great Tusk|atk|1\n|-unboost|p1b: Murkrow|atk|1\n|-terastallize|p2a: Arcanine|Grass\n|move|p1b: Murkrow|Tailwind|p1b: Murkrow\n|-sidestart|p1: Sefer19|move: Tailwind\n|move|p1a: Great Tusk|Earthquake|p2b: Gyarados|[spread] p2a\n|-immune|p1b: Murkrow\n|-immune|p2b: Gyarados\n|-resisted|p2a: Arcanine\n|-damage|p2a: Arcanine|91\/100\n|move|p2a: Arcanine|Will-O-Wisp|p1a: Great Tusk\n|-status|p1a: Great Tusk|brn\n|\n|-damage|p1a: Great Tusk|95\/100 brn|[from] brn\n|upkeep\n|turn|2\n|inactive|Sefer19 has 30 seconds left.\n|\n|t:|1682419856\n|-end|p1a: Great Tusk|Protosynthesis|[silent]\n|switch|p1a: Brute Bonnet|Brute Bonnet, L50|100\/100\n|switch|p2a: Wo-Chien|Wo-Chien, L50|100\/100\n|-ability|p2a: Wo-Chien|Tablets of Ruin\n|move|p1b: Murkrow|Taunt|p2b: Gyarados\n|-start|p2b: Gyarados|move: Taunt\n|cant|p2b: Gyarados|move: Taunt|Taunt\n|\n|upkeep\n|turn|3\n|inactive|Sefer19 has 30 seconds left.\n|\n|t:|1682419883\n|switch|p2a: Arcanine|Arcanine, L50, F, tera:Grass|91\/100\n|-ability|p2a: Arcanine|Intimidate|boost\n|-unboost|p1a: Brute Bonnet|atk|1\n|-unboost|p1b: Murkrow|atk|1\n|move|p1b: Murkrow|Sunny Day|p1b: Murkrow\n|-weather|SunnyDay\n|-activate|p1a: Brute Bonnet|ability: Protosynthesis\n|-start|p1a: Brute Bonnet|protosynthesisatk\n|move|p1a: Brute Bonnet|Spore|p2b: Gyarados\n|-status|p2b: Gyarados|slp|[from] move: Spore\n|cant|p2b: Gyarados|slp\n|\n|-weather|SunnyDay|[upkeep]\n|upkeep\n|turn|4\n|inactive|Sefer19 has 30 seconds left.\n|inactive|Sefer19 has 20 seconds left.\n|inactive|Sefer19 has 15 seconds left.\n|inactive|Sefer19 has 10 seconds left.\n|inactive|Sefer19 has 5 seconds left.\n|\n|t:|1682419937\n|switch|p2b: Wo-Chien|Wo-Chien, L50|100\/100\n|-ability|p2b: Wo-Chien|Tablets of Ruin\n|move|p1b: Murkrow|Foul Play|p2a: Arcanine\n|-damage|p2a: Arcanine|53\/100\n|move|p1a: Brute Bonnet|Stomping Tantrum|p2a: Arcanine\n|-resisted|p2a: Arcanine\n|-damage|p2a: Arcanine|44\/100\n|move|p2a: Arcanine|Flare Blitz|p1b: Murkrow\n|-damage|p1b: Murkrow|39\/100\n|-damage|p2a: Arcanine|26\/100|[from] Recoil\n|\n|-weather|SunnyDay|[upkeep]\n|-sideend|p1: Sefer19|move: Tailwind\n|upkeep\n|turn|5\n|inactive|glcllcclclcglvcyl has 30 seconds left.\n|\n|t:|1682419970\n|move|p2a: Arcanine|Extreme Speed|p1b: Murkrow\n|-damage|p1b: Murkrow|17\/100\n|move|p1b: Murkrow|Tailwind|p1b: Murkrow\n|-sidestart|p1: Sefer19|move: Tailwind\n|move|p1a: Brute Bonnet|Spore|p2b: Wo-Chien\n|-immune|p2b: Wo-Chien\n|move|p2b: Wo-Chien|Stun Spore|p1a: Brute Bonnet\n|-immune|p1a: Brute Bonnet\n|\n|-weather|SunnyDay|[upkeep]\n|upkeep\n|turn|6\n|\n|t:|1682419990\n|move|p2a: Arcanine|Extreme Speed|p1a: Brute Bonnet\n|-damage|p1a: Brute Bonnet|83\/100\n|move|p1a: Brute Bonnet|Sucker Punch||[still]\n|-fail|p1a: Brute Bonnet\n|move|p1b: Murkrow|Foul Play|p2a: Arcanine\n|-damage|p2a: Arcanine|0 fnt\n|faint|p2a: Arcanine\n|move|p2b: Wo-Chien|Pollen Puff|p2: Arcanine|[notarget]\n|-fail|p2b: Wo-Chien\n|\n|-weather|SunnyDay|[upkeep]\n|upkeep\n|\n|t:|1682420001\n|switch|p2a: Gyarados|Gyarados, L50, F|100\/100 slp\n|-ability|p2a: Gyarados|Intimidate|boost\n|-unboost|p1a: Brute Bonnet|atk|1\n|-unboost|p1b: Murkrow|atk|1\n|turn|7\n|l|\u2606glcllcclclcglvcyl\n|inactive|glcllcclclcglvcyl disconnected and has a minute to reconnect!\n|player|p2|\n|inactive|glcllcclclcglvcyl has 30 seconds left.\n|j| Love Live! Cancer\n|l| Love Live! Cancer\n|j|\u2606glcllcclclcglvcyl\n|inactive|glcllcclclcglvcyl reconnected and has 30 seconds left.\n|player|p2|glcllcclclcglvcyl|caitlin\n|inactive|glcllcclclcglvcyl has 20 seconds left.\n|inactive|glcllcclclcglvcyl has 15 seconds left.\n|\n|t:|1682420043\n|move|p1b: Murkrow|Foul Play|p2a: Gyarados\n|-damage|p2a: Gyarados|69\/100 slp\n|move|p1a: Brute Bonnet|Bullet Seed|p2a: Gyarados\n|-damage|p2a: Gyarados|61\/100 slp\n|-damage|p2a: Gyarados|53\/100 slp\n|-damage|p2a: Gyarados|46\/100 slp\n|-damage|p2a: Gyarados|39\/100 slp\n|-damage|p2a: Gyarados|31\/100 slp\n|-hitcount|p2a: Gyarados|5\n|cant|p2a: Gyarados|slp\n|move|p2b: Wo-Chien|Leech Seed|p1b: Murkrow\n|-start|p1b: Murkrow|move: Leech Seed\n|\n|-weather|none\n|-end|p1a: Brute Bonnet|Protosynthesis\n|-damage|p1b: Murkrow|5\/100|[from] Leech Seed|[of] p2b: Wo-Chien\n|upkeep\n|turn|8\n|inactive|Sefer19 has 30 seconds left.\n|inactive|glcllcclclcglvcyl has 30 seconds left.\n|\n|t:|1682420071\n|switch|p2a: Glimmora|Glimmora, L50, F|100\/100\n|move|p1b: Murkrow|Foul Play|p2a: Glimmora\n|-damage|p2a: Glimmora|89\/100\n|-activate|p2a: Glimmora|ability: Toxic Debris\n|-sidestart|p1: Sefer19|move: Toxic Spikes\n|move|p1a: Brute Bonnet|Bullet Seed|p2a: Glimmora\n|-damage|p2a: Glimmora|84\/100\n|-activate|p2a: Glimmora|ability: Toxic Debris\n|-sidestart|p1: Sefer19|move: Toxic Spikes\n|-damage|p2a: Glimmora|79\/100\n|-damage|p2a: Glimmora|74\/100\n|-damage|p2a: Glimmora|68\/100\n|-hitcount|p2a: Glimmora|4\n|move|p2b: Wo-Chien|Pollen Puff|p2a: Glimmora\n|-heal|p2a: Glimmora|100\/100\n|\n|-damage|p1b: Murkrow|0 fnt|[from] Leech Seed|[of] p2b: Wo-Chien\n|faint|p1b: Murkrow\n|-sideend|p1: Sefer19|move: Tailwind\n|upkeep\n|inactive|Sefer19 has 30 seconds left.\n|\n|t:|1682420100\n|switch|p1b: Great Tusk|Great Tusk, L50|95\/100 brn\n|turn|9\n|\n|t:|1682420119\n|switch|p2a: Gyarados|Gyarados, L50, F|31\/100 slp\n|-ability|p2a: Gyarados|Intimidate|boost\n|-unboost|p1a: Brute Bonnet|atk|1\n|-unboost|p1b: Great Tusk|atk|1\n|move|p1b: Great Tusk|Close Combat|p2b: Wo-Chien\n|-supereffective|p2b: Wo-Chien\n|-damage|p2b: Wo-Chien|74\/100\n|-unboost|p1b: Great Tusk|def|1\n|-unboost|p1b: Great Tusk|spd|1\n|move|p2b: Wo-Chien|Leech Seed|p1b: Great Tusk\n|-start|p1b: Great Tusk|move: Leech Seed\n|move|p1a: Brute Bonnet|Spore|p2a: Gyarados\n|-fail|p2a: Gyarados|slp\n|\n|-heal|p2b: Wo-Chien|80\/100|[from] item: Leftovers\n|-damage|p1b: Great Tusk|83\/100 brn|[from] Leech Seed|[of] p2b: Wo-Chien\n|-heal|p2b: Wo-Chien|92\/100|[silent]\n|-damage|p1b: Great Tusk|77\/100 brn|[from] brn\n|upkeep\n|turn|10\n|\n|t:|1682420142\n|move|p1b: Great Tusk|Close Combat|p2a: Gyarados\n|-resisted|p2a: Gyarados\n|-damage|p2a: Gyarados|22\/100 slp\n|-unboost|p1b: Great Tusk|def|1\n|-unboost|p1b: Great Tusk|spd|1\n|-enditem|p2a: Gyarados|Aguav Berry|[eat]\n|-heal|p2a: Gyarados|55\/100 slp|[from] item: Aguav Berry\n|-curestatus|p2a: Gyarados|slp|[msg]\n|move|p2a: Gyarados|Taunt|p1a: Brute Bonnet\n|-start|p1a: Brute Bonnet|move: Taunt\n|move|p2b: Wo-Chien|Pollen Puff|p2a: Gyarados\n|-heal|p2a: Gyarados|100\/100\n|cant|p1a: Brute Bonnet|move: Taunt|Spore\n|\n|-heal|p2b: Wo-Chien|98\/100|[from] item: Leftovers\n|-damage|p1b: Great Tusk|65\/100 brn|[from] Leech Seed|[of] p2b: Wo-Chien\n|-heal|p2b: Wo-Chien|100\/100|[silent]\n|-damage|p1b: Great Tusk|59\/100 brn|[from] brn\n|upkeep\n|turn|11\n|inactive|Sefer19 has 30 seconds left.\n|inactive|glcllcclclcglvcyl has 30 seconds left.\n|inactive|Sefer19 has 20 seconds left.\n|\n|t:|1682420181\n|-terastallize|p1b: Great Tusk|Steel\n|move|p1a: Brute Bonnet|Sucker Punch|p2a: Gyarados\n|-damage|p2a: Gyarados|88\/100\n|move|p1b: Great Tusk|Close Combat|p2a: Gyarados\n|-resisted|p2a: Gyarados\n|-damage|p2a: Gyarados|79\/100\n|-unboost|p1b: Great Tusk|def|1\n|-unboost|p1b: Great Tusk|spd|1\n|move|p2a: Gyarados|Waterfall|p1b: Great Tusk\n|-damage|p1b: Great Tusk|14\/100 brn\n|move|p2b: Wo-Chien|Pollen Puff|p1a: Brute Bonnet\n|-supereffective|p1a: Brute Bonnet\n|-damage|p1a: Brute Bonnet|17\/100\n|\n|-damage|p1b: Great Tusk|2\/100 brn|[from] Leech Seed|[of] p2b: Wo-Chien\n|-damage|p1b: Great Tusk|0 fnt|[from] brn\n|faint|p1b: Great Tusk\n|-end|p1b: Great Tusk|Protosynthesis|[silent]\n|upkeep\n|\n|t:|1682420202\n|switch|p1b: Flutter Mane|Flutter Mane, L50|100\/100\n|-status|p1b: Flutter Mane|tox\n|turn|12\n|\n|t:|1682420224\n|move|p2a: Gyarados|Protect|p2a: Gyarados\n|-singleturn|p2a: Gyarados|Protect\n|move|p2b: Wo-Chien|Protect|p2b: Wo-Chien\n|-singleturn|p2b: Wo-Chien|Protect\n|move|p1b: Flutter Mane|Moonblast|p2b: Wo-Chien\n|-activate|p2b: Wo-Chien|move: Protect\n|move|p1a: Brute Bonnet|Stomping Tantrum|p2b: Wo-Chien\n|-activate|p2b: Wo-Chien|move: Protect\n|\n|-damage|p1b: Flutter Mane|94\/100 tox|[from] psn\n|-end|p1a: Brute Bonnet|move: Taunt\n|upkeep\n|turn|13\n|\n|t:|1682420248\n|move|p1b: Flutter Mane|Moonblast|p2b: Wo-Chien\n|-supereffective|p2b: Wo-Chien\n|-damage|p2b: Wo-Chien|7\/100\n|move|p2a: Gyarados|Waterfall|p1b: Flutter Mane\n|-damage|p1b: Flutter Mane|35\/100 tox\n|move|p2b: Wo-Chien|Leech Seed|p1b: Flutter Mane\n|-start|p1b: Flutter Mane|move: Leech Seed\n|move|p1a: Brute Bonnet|Spore|p2a: Gyarados\n|-status|p2a: Gyarados|slp|[from] move: Spore\n|\n|-heal|p2b: Wo-Chien|13\/100|[from] item: Leftovers\n|-damage|p1b: Flutter Mane|23\/100 tox|[from] Leech Seed|[of] p2b: Wo-Chien\n|-heal|p2b: Wo-Chien|21\/100|[silent]\n|-damage|p1b: Flutter Mane|10\/100 tox|[from] psn\n|upkeep\n|turn|14\n|l|\u2606glcllcclclcglvcyl\n|inactive|glcllcclclcglvcyl disconnected and has a minute to reconnect!\n|player|p2|\n|inactive|Sefer19 has 30 seconds left.\n|inactive|glcllcclclcglvcyl has 30 seconds left.\n|inactive|glcllcclclcglvcyl has 20 seconds left.\n|j| Love Live! Cancer\n|inactive|glcllcclclcglvcyl has 15 seconds left.\n|l| Love Live! Cancer\n|j|\u2606glcllcclclcglvcyl\n|inactive|glcllcclclcglvcyl reconnected and has 15 seconds left.\n|player|p2|glcllcclclcglvcyl|caitlin\n|inactive|glcllcclclcglvcyl has 10 seconds left.\n|\n|t:|1682420295\n|cant|p2a: Gyarados|slp\n|move|p2b: Wo-Chien|Protect|p2b: Wo-Chien\n|-singleturn|p2b: Wo-Chien|Protect\n|move|p1b: Flutter Mane|Moonblast|p2b: Wo-Chien\n|-activate|p2b: Wo-Chien|move: Protect\n|move|p1a: Brute Bonnet|Stomping Tantrum|p2b: Wo-Chien\n|-activate|p2b: Wo-Chien|move: Protect\n|\n|-heal|p2b: Wo-Chien|28\/100|[from] item: Leftovers\n|-damage|p1b: Flutter Mane|0 fnt|[from] Leech Seed|[of] p2b: Wo-Chien\n|-heal|p2b: Wo-Chien|34\/100|[silent]\n|faint|p1b: Flutter Mane\n|-end|p1b: Flutter Mane|Protosynthesis|[silent]\n|upkeep\n|turn|15\n|inactive|Sefer19 has 30 seconds left.\n|inactive|Sefer19 has 20 seconds left.\n|l|\u2606glcllcclclcglvcyl\n|inactive|glcllcclclcglvcyl disconnected and has a minute to reconnect!\n|player|p2|\n|inactive|glcllcclclcglvcyl has 30 seconds left.\n|inactive|glcllcclclcglvcyl has 20 seconds left.\n|inactive|glcllcclclcglvcyl has 15 seconds left.\n|inactive|glcllcclclcglvcyl has 10 seconds left.\n|j| Love Live! Cancer\n|inactive|glcllcclclcglvcyl has 5 seconds left.\n|l| Love Live! Cancer\n|j|\u2606glcllcclclcglvcyl\n|inactive|glcllcclclcglvcyl reconnected and has 5 seconds left.\n|player|p2|glcllcclclcglvcyl|caitlin\n|\n|t:|1682420349\n|-curestatus|p2a: Gyarados|slp|[msg]\n|move|p2a: Gyarados|Waterfall|p1a: Brute Bonnet\n|-resisted|p1a: Brute Bonnet\n|-damage|p1a: Brute Bonnet|7\/100\n|move|p2b: Wo-Chien|Pollen Puff|p1a: Brute Bonnet\n|-supereffective|p1a: Brute Bonnet\n|-damage|p1a: Brute Bonnet|0 fnt\n|faint|p1a: Brute Bonnet\n|-end|p1a: Brute Bonnet|Protosynthesis|[silent]\n|\n|win|glcllcclclcglvcyl\n|inactive|Sefer19 has 20 seconds left this turn.\n|raw|Sefer19's rating: 1107 → 1078<\/strong> (-29 for losing)\n|raw|glcllcclclcglvcyl's rating: 1052 → 1089<\/strong> (+37 for winning)\n|l|\u2606glcllcclclcglvcyl\n|l|\u2606Sefer19\n|j| Love Live! Cancer\n","uploadtime":1682420457,"views":10,"p1id":"sefer19","p2id":"glcllcclclcglvcyl","formatid":"gen9vgc2023regulationc","rating":1078,"private":0,"password":""}