{"id":"gen9vgc2023regulationc-1856704234","p1":"SMx","p2":"pjcsq3","format":"[Gen 9] VGC 2023 Regulation C","log":"|j|\u2606SMx\n|j|\u2606pjcsq3\n|t:|1683097625\n|gametype|doubles\n|player|p1|SMx|170|1256\n|player|p2|pjcsq3|unknown|1353\n|teamsize|p1|6\n|teamsize|p2|6\n|gen|9\n|tier|[Gen 9] VGC 2023 Regulation C\n|rated|\n|rule|Species Clause: Limit one of each Pok\u00e9mon\n|rule|Item Clause: Limit one of each item\n|clearpoke\n|poke|p1|Corviknight, L50, F|\n|poke|p1|Brute Bonnet, L50|\n|poke|p1|Great Tusk, L50|\n|poke|p1|Flutter Mane, L50|\n|poke|p1|Murkrow, L50, F|\n|poke|p1|Chi-Yu, L50|\n|poke|p2|Glimmora, L50, M|\n|poke|p2|Dragonite, L50, M|\n|poke|p2|Flutter Mane, L50|\n|poke|p2|Dondozo, L50, M|\n|poke|p2|Chien-Pao, L50|\n|poke|p2|Chi-Yu, L50|\n|teampreview|4\n|\n|t:|1683097682\n|start\n|switch|p1a: play VGC|Flutter Mane, L50|100\/100\n|switch|p1b: hahaJKunless|Great Tusk, L50|100\/100\n|switch|p2a: Glimmora|Glimmora, L50, M|100\/100\n|switch|p2b: Dondozo|Dondozo, L50, M|100\/100\n|turn|1\n|\n|t:|1683097703\n|-terastallize|p2a: Glimmora|Grass\n|move|p1b: hahaJKunless|Rock Slide|p2b: Dondozo|[spread] p2b\n|-miss|p1b: hahaJKunless|p2a: Glimmora\n|-damage|p2b: Dondozo|88\/100\n|move|p1a: play VGC|Psyshock|p2a: Glimmora\n|-damage|p2a: Glimmora|62\/100\n|move|p2a: Glimmora|Energy Ball|p1b: hahaJKunless\n|-supereffective|p1b: hahaJKunless\n|-damage|p1b: hahaJKunless|0 fnt\n|faint|p1b: hahaJKunless\n|-end|p1b: hahaJKunless|Protosynthesis|[silent]\n|move|p2b: Dondozo|Bulldoze|p1a: play VGC|[spread] p2a,p1a\n|-resisted|p2a: Glimmora\n|-damage|p2a: Glimmora|57\/100\n|-damage|p1a: play VGC|85\/100\n|-unboost|p2a: Glimmora|spe|1\n|-unboost|p1a: play VGC|spe|1\n|-activate|p2a: Glimmora|ability: Toxic Debris\n|-sidestart|p1: SMx|move: Toxic Spikes\n|\n|-heal|p2b: Dondozo|94\/100|[from] item: Leftovers\n|upkeep\n|\n|t:|1683097712\n|switch|p1b: FallinLove|Chi-Yu, L50|100\/100\n|-status|p1b: FallinLove|psn\n|-ability|p1b: FallinLove|Beads of Ruin\n|turn|2\n|\n|t:|1683097723\n|move|p2a: Glimmora|Spiky Shield|p2a: Glimmora\n|-singleturn|p2a: Glimmora|move: Protect\n|move|p1b: FallinLove|Heat Wave|p2b: Dondozo|[spread] p2b\n|-activate|p2a: Glimmora|move: Protect\n|-resisted|p2b: Dondozo\n|-damage|p2b: Dondozo|75\/100\n|move|p1a: play VGC|Psyshock|p2b: Dondozo\n|-damage|p2b: Dondozo|52\/100\n|move|p2b: Dondozo|Bulldoze|p1b: FallinLove|[spread] p1a,p1b\n|-activate|p2a: Glimmora|move: Protect\n|-supereffective|p1b: FallinLove\n|-damage|p1a: play VGC|68\/100\n|-damage|p1b: FallinLove|64\/100 psn\n|-unboost|p1a: play VGC|spe|1\n|-unboost|p1b: FallinLove|spe|1\n|\n|-heal|p2b: Dondozo|59\/100|[from] item: Leftovers\n|-damage|p1b: FallinLove|52\/100 psn|[from] psn\n|upkeep\n|turn|3\n|\n|t:|1683097755\n|switch|p1b: want to like|Corviknight, L50, F|100\/100\n|move|p1a: play VGC|Psyshock|p2b: Dondozo\n|-damage|p2b: Dondozo|38\/100\n|move|p2a: Glimmora|Power Gem|p1b: want to like\n|-damage|p1b: want to like|62\/100\n|move|p2b: Dondozo|Bulldoze|p1a: play VGC|[spread] p2a,p1a\n|-immune|p1b: want to like\n|-resisted|p2a: Glimmora\n|-damage|p2a: Glimmora|52\/100\n|-damage|p1a: play VGC|52\/100\n|-unboost|p2a: Glimmora|spe|1\n|-unboost|p1a: play VGC|spe|1\n|-activate|p2a: Glimmora|ability: Toxic Debris\n|-sidestart|p1: SMx|move: Toxic Spikes\n|\n|-heal|p2b: Dondozo|44\/100|[from] item: Leftovers\n|upkeep\n|turn|4\n|\n|t:|1683097807\n|move|p2a: Glimmora|Spiky Shield|p2a: Glimmora\n|-singleturn|p2a: Glimmora|move: Protect\n|move|p1b: want to like|Brave Bird|p2b: Dondozo\n|-damage|p2b: Dondozo|1\/100\n|-damage|p1b: want to like|43\/100|[from] Recoil\n|move|p1a: play VGC|Psyshock|p2b: Dondozo\n|-damage|p2b: Dondozo|0 fnt\n|faint|p2b: Dondozo\n|\n|upkeep\n|\n|t:|1683097817\n|switch|p2b: Dragonite|Dragonite, L50, M|100\/100\n|turn|5\n|\n|t:|1683097836\n|-end|p1a: play VGC|Protosynthesis|[silent]\n|switch|p1a: FallinLove|Chi-Yu, L50|52\/100 psn\n|-ability|p1a: FallinLove|Beads of Ruin\n|move|p2b: Dragonite|Earthquake|p1a: FallinLove|[spread] p2a,p1a\n|-immune|p1b: want to like\n|-resisted|p2a: Glimmora\n|-supereffective|p1a: FallinLove\n|-damage|p2a: Glimmora|39\/100\n|-damage|p1a: FallinLove|0 fnt\n|-enditem|p2a: Glimmora|Sitrus Berry|[eat]\n|-heal|p2a: Glimmora|64\/100|[from] item: Sitrus Berry\n|faint|p1a: FallinLove\n|move|p1b: want to like|Brave Bird|p2a: Glimmora\n|-supereffective|p2a: Glimmora\n|-damage|p2a: Glimmora|0 fnt\n|faint|p2a: Glimmora\n|-damage|p1b: want to like|22\/100|[from] Recoil\n|\n|upkeep\n|\n|t:|1683097852\n|switch|p1a: play VGC|Flutter Mane, L50|52\/100\n|switch|p2a: Chien-Pao|Chien-Pao, L50|100\/100\n|-ability|p2a: Chien-Pao|Sword of Ruin\n|-status|p1a: play VGC|tox\n|turn|6\n|\n|t:|1683097877\n|-terastallize|p1a: play VGC|Fairy\n|move|p1a: play VGC|Dazzling Gleam|p2b: Dragonite|[spread] p2a,p2b\n|-supereffective|p2a: Chien-Pao\n|-supereffective|p2b: Dragonite\n|-enditem|p2a: Chien-Pao|Focus Sash\n|-damage|p2a: Chien-Pao|1\/100\n|-damage|p2b: Dragonite|44\/100\n|move|p2a: Chien-Pao|Ice Spinner|p1b: want to like\n|-damage|p1b: want to like|0 fnt\n|faint|p1b: want to like\n|move|p2b: Dragonite|Dragon Dance|p2b: Dragonite\n|-boost|p2b: Dragonite|atk|1\n|-boost|p2b: Dragonite|spe|1\n|\n|-damage|p1a: play VGC|46\/100 tox|[from] psn\n|upkeep\n|turn|7\n|\n|t:|1683097892\n|move|p2b: Dragonite|Extreme Speed|p1a: play VGC\n|-damage|p1a: play VGC|0 fnt\n|faint|p1a: play VGC\n|-end|p1a: play VGC|Protosynthesis|[silent]\n|\n|win|pjcsq3\n|raw|SMx's rating: 1256 → 1238<\/strong> (-18 for losing)\n|raw|pjcsq3's rating: 1353 → 1368<\/strong> (+15 for winning)\n","uploadtime":1683097899,"views":11,"p1id":"smx","p2id":"pjcsq3","formatid":"gen9vgc2023regulationc","rating":1238,"private":0,"password":""}