{"id":"gen9vgc2023regulationc-1862013780","p1":"bambambi","p2":"Lefties Chi-Yu","format":"[Gen 9] VGC 2023 Regulation C","log":"|j|\u2606bambambi\n|j|\u2606Lefties Chi-Yu\n|t:|1683828854\n|gametype|doubles\n|player|p1|bambambi|wallace-gen6|\n|player|p2|Lefties Chi-Yu|acetrainer-gen6xy|\n|teamsize|p1|6\n|teamsize|p2|6\n|gen|9\n|tier|[Gen 9] VGC 2023 Regulation C\n|rule|Species Clause: Limit one of each Pok\u00e9mon\n|rule|Item Clause: Limit one of each item\n|clearpoke\n|poke|p1|Flutter Mane, L50|\n|poke|p1|Chi-Yu, L50|\n|poke|p1|Great Tusk, L50|\n|poke|p1|Gyarados, L50, F|\n|poke|p1|Amoonguss, L50, F|\n|poke|p1|Murkrow, L50, F|\n|poke|p2|Indeedee-F, L50, F|\n|poke|p2|Armarouge, L50, M|\n|poke|p2|Talonflame, L50, M|\n|poke|p2|Great Tusk, L50|\n|poke|p2|Flutter Mane, L50|\n|poke|p2|Hydreigon, L50, M|\n|teampreview|4\nLefties Chi-Yu has agreed to open team sheets.\nbambambi has agreed to open team sheets.\n|\n|t:|1683828945\n|start\n|switch|p1a: Murkrow|Murkrow, L50, F, shiny|100\/100\n|switch|p1b: Chi-Yu|Chi-Yu, L50|100\/100\n|switch|p2a: Talonflame|Talonflame, L50, M|100\/100\n|switch|p2b: Indeedee|Indeedee-F, L50, F|100\/100\n|-ability|p1b: Chi-Yu|Beads of Ruin\n|-fieldstart|move: Psychic Terrain|[from] ability: Psychic Surge|[of] p2b: Indeedee\n|-enditem|p2b: Indeedee|Psychic Seed\n|-boost|p2b: Indeedee|spd|1|[from] item: Psychic Seed\n|turn|1\n|\n|t:|1683828996\n|move|p2b: Indeedee|Protect|p2b: Indeedee\n|-singleturn|p2b: Indeedee|Protect\n|move|p2a: Talonflame|Tailwind|p2a: Talonflame\n|-sidestart|p2: Lefties Chi-Yu|move: Tailwind\n|move|p1a: Murkrow|Haze|p1a: Murkrow\n|-clearallboost\n|move|p1b: Chi-Yu|Dark Pulse|p2a: Talonflame\n|-damage|p2a: Talonflame|7\/100\n|-damage|p1b: Chi-Yu|91\/100|[from] item: Life Orb\n|\n|upkeep\n|turn|2\n|inactive|Battle timer is ON: inactive players will automatically lose when time's up. (requested by Lefties Chi-Yu)\n|inactive|bambambi has 60 seconds left.\n|\n|t:|1683829159\n|move|p2b: Indeedee|Helping Hand|p2a: Talonflame\n|-singleturn|p2a: Talonflame|Helping Hand|[of] p2b: Indeedee\n|move|p2a: Talonflame|Brave Bird|p1b: Chi-Yu\n|-damage|p1b: Chi-Yu|8\/100\n|-damage|p2a: Talonflame|0 fnt|[from] Recoil\n|faint|p2a: Talonflame\n|move|p1b: Chi-Yu|Dark Pulse|p2b: Indeedee\n|-supereffective|p2b: Indeedee\n|-damage|p2b: Indeedee|0 fnt\n|faint|p2b: Indeedee\n|-damage|p1b: Chi-Yu|0 fnt|[from] item: Life Orb\n|faint|p1b: Chi-Yu\n|move|p1a: Murkrow|Foul Play|p2: Talonflame|[notarget]\n|-fail|p1a: Murkrow\n|\n|upkeep\n|\n|t:|1683829174\n|switch|p2a: Armarouge|Armarouge, L50, M|100\/100\n|switch|p1b: O|Amoonguss, L50, F, shiny|100\/100\n|switch|p2b: Flutter Mane|Flutter Mane, L50|100\/100\n|turn|3\n|\n|t:|1683829195\n|-terastallize|p2b: Flutter Mane|Fairy\n|move|p1a: Murkrow|Protect|p1a: Murkrow\n|-singleturn|p1a: Murkrow|Protect\n|move|p2b: Flutter Mane|Dazzling Gleam|p1a: Murkrow|[spread] p1b\n|-activate|p1a: Murkrow|move: Protect\n|-resisted|p1b: O\n|-crit|p1b: O\n|-damage|p1b: O|62\/100\n|move|p2a: Armarouge|Armor Cannon|p1b: O\n|-supereffective|p1b: O\n|-damage|p1b: O|0 fnt\n|-unboost|p2a: Armarouge|def|1\n|-unboost|p2a: Armarouge|spd|1\n|faint|p1b: O\n|\n|upkeep\n|\n|t:|1683829210\n|switch|p1b: Pearls|Flutter Mane, L50, shiny|100\/100\n|turn|4\n|\n|t:|1683829231\n|move|p1b: Pearls|Protect|p1b: Pearls\n|-singleturn|p1b: Pearls|Protect\n|move|p1a: Murkrow|Sunny Day|p1a: Murkrow\n|-weather|SunnyDay\n|-activate|p2b: Flutter Mane|ability: Protosynthesis\n|-start|p2b: Flutter Mane|protosynthesisspa\n|-activate|p1b: Pearls|ability: Protosynthesis\n|-start|p1b: Pearls|protosynthesisspe\n|move|p2b: Flutter Mane|Dazzling Gleam|p1b: Pearls|[spread] p1a\n|-activate|p1b: Pearls|move: Protect\n|-supereffective|p1a: Murkrow\n|-damage|p1a: Murkrow|0 fnt\n|faint|p1a: Murkrow\n|move|p2a: Armarouge|Expanding Force|p1b: Pearls\n|-activate|p1b: Pearls|move: Protect\n|\n|-weather|SunnyDay|[upkeep]\n|-sideend|p2: Lefties Chi-Yu|move: Tailwind\n|upkeep\n|turn|5\n|inactive|bambambi has 30 seconds left.\n|inactive|bambambi has 20 seconds left.\n|inactive|bambambi has 15 seconds left.\n|inactive|bambambi has 10 seconds left.\n|inactive|bambambi has 5 seconds left.\n|\n|t:|1683829286\n|move|p1b: Pearls|Moonblast|p2b: Flutter Mane\n|-damage|p2b: Flutter Mane|43\/100\n|-unboost|p2b: Flutter Mane|spa|1\n|move|p2b: Flutter Mane|Dazzling Gleam|p1b: Pearls\n|-damage|p1b: Pearls|10\/100\n|move|p2a: Armarouge|Expanding Force|p1b: Pearls\n|-crit|p1b: Pearls\n|-damage|p1b: Pearls|0 fnt\n|faint|p1b: Pearls\n|-end|p1b: Pearls|Protosynthesis|[silent]\n|\n|win|Lefties Chi-Yu\n|c|\u2606Lefties Chi-Yu|gg\n","uploadtime":1683829299,"views":10,"p1id":"bambambi","p2id":"leftieschiyu","formatid":"gen9vgc2023regulationc","rating":0,"private":0,"password":""}