{"id":"gen9vgc2023regulationc-1858690941","p1":"CorleOneQQ","p2":"LoopyJ55","format":"[Gen 9] VGC 2023 Regulation C","log":"|j|\u2606CorleOneQQ\n|j|\u2606LoopyJ55\n|t:|1683343112\n|gametype|doubles\n|player|p1|CorleOneQQ|boarder|1211\n|player|p2|LoopyJ55|101|1201\n|teamsize|p1|6\n|teamsize|p2|6\n|gen|9\n|tier|[Gen 9] VGC 2023 Regulation C\n|rated|\n|rule|Species Clause: Limit one of each Pok\u00e9mon\n|rule|Item Clause: Limit one of each item\n|clearpoke\n|poke|p1|Dondozo, L50, M|\n|poke|p1|Dragonite, L50, M|\n|poke|p1|Chien-Pao, L50|\n|poke|p1|Tatsugiri, L50, M|\n|poke|p1|Chi-Yu, L50|\n|poke|p1|Flutter Mane, L50|\n|poke|p2|Magnezone, L50|\n|poke|p2|Grafaiai, L50, F|\n|poke|p2|Chien-Pao, L50|\n|poke|p2|Iron Moth, L50|\n|poke|p2|Gyarados, L50, F|\n|poke|p2|Scream Tail, L50|\n|teampreview|4\n|inactive|Battle timer is ON: inactive players will automatically lose when time's up. (requested by LoopyJ55)\nCorleOneQQ has agreed to open team sheets.\n|\n|t:|1683343137\n|start\n|switch|p1a: Flutter Mane|Flutter Mane, L50|100\/100\n|switch|p1b: Chi-Yu|Chi-Yu, L50|100\/100\n|switch|p2a: Grafaiai|Grafaiai, L50, F|100\/100\n|switch|p2b: Iron Moth|Iron Moth, L50|100\/100\n|-ability|p1b: Chi-Yu|Beads of Ruin\n|turn|1\n|inactive|CorleOneQQ has 30 seconds left.\n|inactive|LoopyJ55 has 30 seconds left.\n|inactive|LoopyJ55 has 20 seconds left.\n|inactive|LoopyJ55 has 15 seconds left.\n|inactive|LoopyJ55 has 10 seconds left.\n|\n|t:|1683343185\n|move|p2a: Grafaiai|Toxic|p1a: Flutter Mane\n|-status|p1a: Flutter Mane|tox\n|move|p1b: Chi-Yu|Dark Pulse|p2b: Iron Moth\n|-damage|p2b: Iron Moth|33\/100\n|move|p1a: Flutter Mane|Dazzling Gleam|p2a: Grafaiai|[spread] p2a,p2b\n|-resisted|p2a: Grafaiai\n|-resisted|p2b: Iron Moth\n|-damage|p2a: Grafaiai|67\/100\n|-damage|p2b: Iron Moth|19\/100\n|move|p2b: Iron Moth|Venoshock|p1a: Flutter Mane\n|-damage|p1a: Flutter Mane|0 fnt\n|faint|p1a: Flutter Mane\n|-end|p1a: Flutter Mane|Protosynthesis|[silent]\n|-damage|p2b: Iron Moth|9\/100|[from] item: Life Orb\n|\n|upkeep\n|\n|t:|1683343199\n|switch|p1a: Dondozo|Dondozo, L50, M|100\/100\n|turn|2\n|inactive|LoopyJ55 has 30 seconds left.\n|\n|t:|1683343230\n|-terastallize|p1a: Dondozo|Steel\n|move|p2b: Iron Moth|Protect|p2b: Iron Moth\n|-singleturn|p2b: Iron Moth|Protect\n|move|p2a: Grafaiai|Parting Shot|p1a: Dondozo\n|-unboost|p1a: Dondozo|atk|1\n|-unboost|p1a: Dondozo|spa|1\n|\n|t:|1683343246\n|switch|p2a: Gyarados|Gyarados, L50, F|100\/100|[from] Parting Shot\n|-ability|p2a: Gyarados|Intimidate|boost\n|-unboost|p1a: Dondozo|atk|1\n|-unboost|p1b: Chi-Yu|atk|1\n|move|p1b: Chi-Yu|Dark Pulse|p2b: Iron Moth\n|-activate|p2b: Iron Moth|move: Protect\n|move|p1a: Dondozo|Wave Crash|p2a: Gyarados\n|-resisted|p2a: Gyarados\n|-damage|p2a: Gyarados|88\/100\n|-damage|p1a: Dondozo|97\/100|[from] Recoil\n|\n|-heal|p1a: Dondozo|100\/100|[from] item: Leftovers\n|upkeep\n|turn|3\n|inactive|LoopyJ55 has 30 seconds left.\n|\n|t:|1683343274\n|-end|p2b: Iron Moth|Quark Drive|[silent]\n|switch|p2b: Grafaiai|Grafaiai, L50, F|67\/100\n|switch|p1a: Tatsugiri|Tatsugiri, L50, M, shiny|100\/100\n|move|p1b: Chi-Yu|Dark Pulse|p2b: Grafaiai\n|-damage|p2b: Grafaiai|3\/100\n|move|p2a: Gyarados|Dragon Dance|p2a: Gyarados\n|-boost|p2a: Gyarados|atk|1\n|-boost|p2a: Gyarados|spe|1\n|\n|upkeep\n|turn|4\n|\n|t:|1683343293\n|move|p1a: Tatsugiri|Protect|p1a: Tatsugiri\n|-singleturn|p1a: Tatsugiri|Protect\n|move|p2b: Grafaiai|Parting Shot|p1b: Chi-Yu\n|-hint|Since gen 7, Dark is immune to Prankster moves.\n|-immune|p1b: Chi-Yu\n|move|p1b: Chi-Yu|Dark Pulse|p2b: Grafaiai\n|-damage|p2b: Grafaiai|0 fnt\n|faint|p2b: Grafaiai\n|move|p2a: Gyarados|Waterfall|p1b: Chi-Yu\n|-supereffective|p1b: Chi-Yu\n|-damage|p1b: Chi-Yu|0 fnt\n|faint|p1b: Chi-Yu\n|\n|upkeep\n|\n|t:|1683343308\n|switch|p1b: Dondozo|Dondozo, L50, M, tera:Steel|100\/100\n|switch|p2b: Scream Tail|Scream Tail, L50|100\/100\n|-activate|p1a: Tatsugiri|ability: Commander|[of] p1b: Dondozo\n|-boost|p1b: Dondozo|atk|2\n|-boost|p1b: Dondozo|spa|2\n|-boost|p1b: Dondozo|spe|2\n|-boost|p1b: Dondozo|def|2\n|-boost|p1b: Dondozo|spd|2\n|-enditem|p2b: Scream Tail|Booster Energy\n|-activate|p2b: Scream Tail|ability: Protosynthesis|[fromitem]\n|-start|p2b: Scream Tail|protosynthesisspe\n|turn|5\n|\n|t:|1683343328\n|-terastallize|p2a: Gyarados|Water\n|move|p2b: Scream Tail|Howl|p2b: Scream Tail|[spread] p2a,p2b\n|-boost|p2a: Gyarados|atk|1\n|-boost|p2b: Scream Tail|atk|1\n|move|p2a: Gyarados|Waterfall|p1b: Dondozo\n|-damage|p1b: Dondozo|85\/100\n|move|p1b: Dondozo|Order Up|p2a: Gyarados\n|-crit|p2a: Gyarados\n|-damage|p2a: Gyarados|21\/100\n|-boost|p1b: Dondozo|atk|1\n|\n|-heal|p1b: Dondozo|91\/100|[from] item: Leftovers\n|upkeep\n|turn|6\n|\n|t:|1683343346\n|move|p2b: Scream Tail|Howl|p2b: Scream Tail|[spread] p2a,p2b\n|-boost|p2a: Gyarados|atk|1\n|-boost|p2b: Scream Tail|atk|1\n|move|p2a: Gyarados|Waterfall|p1b: Dondozo\n|-damage|p1b: Dondozo|74\/100\n|move|p1b: Dondozo|Order Up|p2a: Gyarados\n|-damage|p2a: Gyarados|0 fnt\n|faint|p2a: Gyarados\n|-boost|p1b: Dondozo|atk|1\n|\n|-heal|p1b: Dondozo|80\/100|[from] item: Leftovers\n|upkeep\n|\n|t:|1683343354\n|switch|p2a: Iron Moth|Iron Moth, L50|9\/100\n|turn|7\n|\n|t:|1683343365\n|move|p2b: Scream Tail|Psychic Fangs|p1b: Dondozo\n|-resisted|p1b: Dondozo\n|-damage|p1b: Dondozo|75\/100\n|move|p1b: Dondozo|Order Up|p2a: Iron Moth\n|-damage|p2a: Iron Moth|0 fnt\n|faint|p2a: Iron Moth\n|-end|p2a: Iron Moth|Quark Drive|[silent]\n|-boost|p1b: Dondozo|atk|1\n|\n|-heal|p1b: Dondozo|81\/100|[from] item: Leftovers\n|upkeep\n|turn|8\n|\n|t:|1683343371\n|move|p2b: Scream Tail|Play Rough|p1b: Dondozo\n|-resisted|p1b: Dondozo\n|-damage|p1b: Dondozo|75\/100\n|move|p1b: Dondozo|Wave Crash|p2b: Scream Tail\n|-damage|p2b: Scream Tail|0 fnt\n|faint|p2b: Scream Tail\n|-end|p2b: Scream Tail|Protosynthesis|[silent]\n|-damage|p1b: Dondozo|47\/100|[from] Recoil\n|\n|win|CorleOneQQ\n|raw|CorleOneQQ's rating: 1211 → 1235<\/strong> (+24 for winning)\n|raw|LoopyJ55's rating: 1201 → 1177<\/strong> (-24 for losing)\n|l|\u2606LoopyJ55\n","uploadtime":1683343381,"views":16,"p1id":"corleoneqq","p2id":"loopyj55","formatid":"gen9vgc2023regulationc","rating":1177,"private":0,"password":""}