{"id":"gen9vgc2023regulationc-1849770564","p1":"silver-parabellum","p2":"Sparkssss","format":"[Gen 9] VGC 2023 Regulation C","log":"|j|\u2606silver-parabellum\n|j|\u2606Sparkssss\n|t:|1682248750\n|gametype|doubles\n|player|p1|silver-parabellum|artistf-gen6|1056\n|player|p2|Sparkssss|palmer|1100\n|teamsize|p1|6\n|teamsize|p2|6\n|gen|9\n|tier|[Gen 9] VGC 2023 Regulation C\n|rated|\n|rule|Species Clause: Limit one of each Pok\u00e9mon\n|rule|Item Clause: Limit one of each item\n|clearpoke\n|poke|p1|Meowscarada, L50, F|\n|poke|p1|Torkoal, L50, M|\n|poke|p1|Chi-Yu, L50|\n|poke|p1|Roaring Moon, L50|\n|poke|p1|Flutter Mane, L50|\n|poke|p1|Iron Bundle, L50|\n|poke|p2|Ting-Lu, L50|\n|poke|p2|Baxcalibur, L50, M|\n|poke|p2|Amoonguss, L50, M|\n|poke|p2|Flutter Mane, L50|\n|poke|p2|Gyarados, L50, F|\n|poke|p2|Chi-Yu, L50|\n|teampreview|4\n|c|\u2606silver-parabellum|glhf\nsilver-parabellum rejected open team sheets.\n|\n|t:|1682248790\n|start\n|switch|p1a: Arthur|Iron Bundle, L50|100\/100\n|switch|p1b: Flutter Mane|Flutter Mane, L50|100\/100\n|switch|p2a: Ting-Lu|Ting-Lu, L50|100\/100\n|switch|p2b: Amoonguss|Amoonguss, L50, M|100\/100\n|-ability|p2a: Ting-Lu|Vessel of Ruin\n|-enditem|p1a: Arthur|Booster Energy\n|-activate|p1a: Arthur|ability: Quark Drive|[fromitem]\n|-start|p1a: Arthur|quarkdrivespe\n|turn|1\n|inactive|Battle timer is ON: inactive players will automatically lose when time's up. (requested by Sparkssss)\n|inactive|Sparkssss has 60 seconds left.\n|\n|t:|1682248837\n|move|p1a: Arthur|Taunt|p2b: Amoonguss\n|-start|p2b: Amoonguss|move: Taunt\n|move|p1b: Flutter Mane|Dazzling Gleam|p2b: Amoonguss|[spread] p2a,p2b\n|-supereffective|p2a: Ting-Lu\n|-resisted|p2b: Amoonguss\n|-damage|p2a: Ting-Lu|59\/100\n|-damage|p2b: Amoonguss|84\/100\n|move|p2a: Ting-Lu|Heavy Slam|p1a: Arthur\n|-damage|p1a: Arthur|62\/100\n|cant|p2b: Amoonguss|move: Taunt|Spore\n|\n|upkeep\n|turn|2\n|inactive|Sparkssss has 30 seconds left.\n|inactive|Sparkssss has 20 seconds left.\n|inactive|Sparkssss has 15 seconds left.\n|\n|t:|1682248880\n|move|p1a: Arthur|Freeze-Dry|p2a: Ting-Lu\n|-supereffective|p2a: Ting-Lu\n|-damage|p2a: Ting-Lu|28\/100\n|move|p1b: Flutter Mane|Dazzling Gleam|p2b: Amoonguss|[spread] p2a,p2b\n|-supereffective|p2a: Ting-Lu\n|-resisted|p2b: Amoonguss\n|-damage|p2a: Ting-Lu|0 fnt\n|-damage|p2b: Amoonguss|68\/100\n|faint|p2a: Ting-Lu\n|move|p2b: Amoonguss|Pollen Puff|p2: Ting-Lu|[notarget]\n|-fail|p2b: Amoonguss\n|\n|upkeep\n|\n|t:|1682248890\n|switch|p2a: Chi-Yu|Chi-Yu, L50|100\/100\n|-ability|p2a: Chi-Yu|Beads of Ruin\n|turn|3\n|\n|t:|1682248907\n|move|p1a: Arthur|Hydro Pump|p2a: Chi-Yu\n|-supereffective|p2a: Chi-Yu\n|-damage|p2a: Chi-Yu|0 fnt\n|faint|p2a: Chi-Yu\n|move|p1b: Flutter Mane|Dazzling Gleam|p2b: Amoonguss\n|-resisted|p2b: Amoonguss\n|-damage|p2b: Amoonguss|41\/100\n|-enditem|p2b: Amoonguss|Sitrus Berry|[eat]\n|-heal|p2b: Amoonguss|66\/100|[from] item: Sitrus Berry\n|move|p2b: Amoonguss|Pollen Puff|p2: Chi-Yu|[notarget]\n|-fail|p2b: Amoonguss\n|\n|-end|p2b: Amoonguss|move: Taunt\n|upkeep\n|\n|t:|1682248919\n|switch|p2a: Gyarados|Gyarados, L50, F|100\/100\n|-ability|p2a: Gyarados|Intimidate|boost\n|-unboost|p1a: Arthur|atk|1\n|-unboost|p1b: Flutter Mane|atk|1\n|turn|4\n|\n|t:|1682248933\n|move|p2b: Amoonguss|Rage Powder|p2b: Amoonguss\n|-singleturn|p2b: Amoonguss|move: Rage Powder\n|move|p1a: Arthur|Taunt|p2b: Amoonguss\n|-start|p2b: Amoonguss|move: Taunt\n|move|p1b: Flutter Mane|Dazzling Gleam|p2a: Gyarados|[spread] p2a,p2b\n|-resisted|p2b: Amoonguss\n|-damage|p2a: Gyarados|66\/100\n|-damage|p2b: Amoonguss|46\/100\n|move|p2a: Gyarados|Thunder Wave|p1a: Arthur\n|-status|p1a: Arthur|par\n|\n|upkeep\n|turn|5\n|\n|t:|1682248947\n|move|p1b: Flutter Mane|Dazzling Gleam|p2a: Gyarados|[spread] p2a,p2b\n|-resisted|p2b: Amoonguss\n|-damage|p2a: Gyarados|33\/100\n|-damage|p2b: Amoonguss|25\/100\n|move|p1a: Arthur|Freeze-Dry|p2a: Gyarados\n|-supereffective|p2a: Gyarados\n|-damage|p2a: Gyarados|0 fnt\n|faint|p2a: Gyarados\n|move|p2b: Amoonguss|Pollen Puff|p2: Gyarados|[notarget]\n|-fail|p2b: Amoonguss\n|\n|upkeep\n|turn|6\n|-message|Sparkssss forfeited.\n|\n|win|silver-parabellum\n|raw|silver-parabellum's rating: 1056 → 1092<\/strong> (+36 for winning)\n|raw|Sparkssss's rating: 1100 → 1072<\/strong> (-28 for losing)\n|l|\u2606Sparkssss\n","uploadtime":1682248962,"views":17,"p1id":"silverparabellum","p2id":"sparkssss","formatid":"gen9vgc2023regulationc","rating":1072,"private":0,"password":""}