{"id":"gen9vgc2023regulationc-1861606331","p1":"AndrwApple","p2":"Lefties Chi-Yu","format":"[Gen 9] VGC 2023 Regulation C","log":"|j|\u2606AndrwApple\n|j|\u2606Lefties Chi-Yu\n|t:|1683780332\n|gametype|doubles\n|player|p1|AndrwApple|whitney-masters|\n|player|p2|Lefties Chi-Yu|acetrainer-gen6xy|\n|teamsize|p1|6\n|teamsize|p2|6\n|gen|9\n|tier|[Gen 9] VGC 2023 Regulation C\n|rule|Species Clause: Limit one of each Pok\u00e9mon\n|rule|Item Clause: Limit one of each item\n|clearpoke\n|poke|p1|Baxcalibur, L50, M|\n|poke|p1|Iron Bundle, L50|\n|poke|p1|Flutter Mane, L50|\n|poke|p1|Annihilape, L50, F|\n|poke|p1|Arcanine, L50, M|\n|poke|p1|Abomasnow, L50, F|\n|poke|p2|Flutter Mane, L50|\n|poke|p2|Iron Bundle, L50|\n|poke|p2|Iron Hands, L50|\n|poke|p2|Gyarados, L50, M|\n|poke|p2|Chi-Yu, L50|\n|poke|p2|Amoonguss, L50, M|\n|teampreview|4\nLefties Chi-Yu has agreed to open team sheets.\nAndrwApple has agreed to open team sheets.\n|\n|t:|1683780396\n|start\n|switch|p1a: Arcanine|Arcanine, L50, M|100\/100\n|switch|p1b: Santa|Abomasnow, L50, F|100\/100\n|switch|p2a: pharah|Flutter Mane, L50|100\/100\n|switch|p2b: Iron Hands|Iron Hands, L50|100\/100\n|-ability|p1a: Arcanine|Intimidate|boost\n|-unboost|p2a: pharah|atk|1\n|-unboost|p2b: Iron Hands|atk|1\n|-weather|Snow|[from] ability: Snow Warning|[of] p1b: Santa\n|turn|1\n|\n|t:|1683780438\n|-terastallize|p2a: pharah|Fairy\n|move|p1a: Arcanine|Protect|p1a: Arcanine\n|-singleturn|p1a: Arcanine|Protect\n|move|p1b: Santa|Protect|p1b: Santa\n|-singleturn|p1b: Santa|Protect\n|move|p2b: Iron Hands|Fake Out|p1a: Arcanine\n|-activate|p1a: Arcanine|move: Protect\n|move|p2a: pharah|Dazzling Gleam|p1a: Arcanine|[spread] \n|-activate|p1a: Arcanine|move: Protect\n|-activate|p1b: Santa|move: Protect\n|\n|-weather|Snow|[upkeep]\n|upkeep\n|turn|2\n|\n|t:|1683780467\n|-end|p2a: pharah|Protosynthesis|[silent]\n|switch|p2a: Chi-Yu|Chi-Yu, L50|100\/100\n|-ability|p2a: Chi-Yu|Beads of Ruin\n|move|p1a: Arcanine|Flare Blitz|p2a: Chi-Yu\n|-resisted|p2a: Chi-Yu\n|-damage|p2a: Chi-Yu|65\/100\n|-damage|p1a: Arcanine|91\/100|[from] Recoil\n|move|p1b: Santa|Aurora Veil|p1b: Santa\n|-sidestart|p1: AndrwApple|move: Aurora Veil\n|move|p2b: Iron Hands|Drain Punch|p1b: Santa\n|-supereffective|p1b: Santa\n|-damage|p1b: Santa|69\/100\n|\n|-weather|Snow|[upkeep]\n|-heal|p2a: Chi-Yu|71\/100|[from] item: Leftovers\n|upkeep\n|turn|3\n|\n|t:|1683780515\n|switch|p1b: Annihilape|Annihilape, L50, F, shiny|100\/100\n|move|p2a: Chi-Yu|Nasty Plot|p2a: Chi-Yu\n|-boost|p2a: Chi-Yu|spa|2\n|move|p1a: Arcanine|Howl|p1a: Arcanine|[spread] p1a,p1b\n|-boost|p1a: Arcanine|atk|1\n|-boost|p1b: Annihilape|atk|1\n|move|p2b: Iron Hands|Wild Charge|p1b: Annihilape\n|-damage|p1b: Annihilape|81\/100\n|-damage|p2b: Iron Hands|96\/100|[from] Recoil\n|\n|-weather|Snow|[upkeep]\n|-heal|p2a: Chi-Yu|78\/100|[from] item: Leftovers\n|upkeep\n|turn|4\n|\n|t:|1683780558\n|-terastallize|p1b: Annihilape|Fire\n|move|p2a: Chi-Yu|Dark Pulse|p1a: Arcanine\n|-damage|p1a: Arcanine|11\/100\n|move|p1a: Arcanine|Howl|p1a: Arcanine|[spread] p1a,p1b\n|-boost|p1a: Arcanine|atk|1\n|-boost|p1b: Annihilape|atk|1\n|move|p1b: Annihilape|Rage Fist|p2b: Iron Hands\n|-damage|p2b: Iron Hands|28\/100\n|move|p2b: Iron Hands|Wild Charge|p1a: Arcanine\n|-damage|p1a: Arcanine|0 fnt\n|faint|p1a: Arcanine\n|-damage|p2b: Iron Hands|25\/100|[from] Recoil\n|\n|-weather|Snow|[upkeep]\n|-heal|p2a: Chi-Yu|84\/100|[from] item: Leftovers\n|upkeep\n|\n|t:|1683780566\n|switch|p1a: He's Back|Baxcalibur, L50, M|100\/100\n|turn|5\n|\n|t:|1683780629\n|move|p2a: Chi-Yu|Protect|p2a: Chi-Yu\n|-singleturn|p2a: Chi-Yu|Protect\n|move|p1a: He's Back|Ice Shard|p1b: Annihilape\n|-resisted|p1b: Annihilape\n|-damage|p1b: Annihilape|74\/100\n|move|p1b: Annihilape|Drain Punch|p2a: Chi-Yu\n|-activate|p2a: Chi-Yu|move: Protect\n|move|p2b: Iron Hands|Drain Punch|p1a: He's Back\n|-supereffective|p1a: He's Back\n|-crit|p1a: He's Back\n|-damage|p1a: He's Back|22\/100\n|-heal|p2b: Iron Hands|63\/100|[from] drain|[of] p1a: He's Back\n|\n|-weather|none\n|-heal|p2a: Chi-Yu|90\/100|[from] item: Leftovers\n|upkeep\n|turn|6\n|\n|t:|1683780674\n|switch|p2a: pharah|Flutter Mane, L50, tera:Fairy|100\/100\n|move|p1b: Annihilape|Rage Fist|p2a: pharah\n|-damage|p2a: pharah|0 fnt\n|faint|p2a: pharah\n|-end|p2a: pharah|Protosynthesis|[silent]\n|move|p1a: He's Back|Glaive Rush|p2b: Iron Hands\n|-damage|p2b: Iron Hands|6\/100\n|-singlemove|p1a: He's Back|Glaive Rush|[silent]\n|move|p2b: Iron Hands|Drain Punch|p1a: He's Back\n|-supereffective|p1a: He's Back\n|-damage|p1a: He's Back|0 fnt\n|-heal|p2b: Iron Hands|16\/100|[from] drain|[of] p1a: He's Back\n|faint|p1a: He's Back\n|\n|upkeep\n|c|\u2606Lefties Chi-Yu|nooooo\n|c|\u2606Lefties Chi-Yu|i needed hands to die\n|c|\u2606AndrwApple|Yeeee\n|c|\u2606Lefties Chi-Yu|fuckkkk\n|c|\u2606AndrwApple|I realised\n|c|\u2606AndrwApple|So ice sharded myself\n|c|\u2606Lefties Chi-Yu|wait\n|c|\u2606Lefties Chi-Yu|wtf\n|c|\u2606AndrwApple|Indeed\n|c|\u2606Lefties Chi-Yu|veil is 3 more turns\n|c|\u2606Lefties Chi-Yu|im an idiot\n|c|\u2606Lefties Chi-Yu|i was tryna stall it out like a moron\n|\n|t:|1683780750\n|switch|p2a: Iron Bundle|Iron Bundle, L50|100\/100\n|switch|p1a: Santa|Abomasnow, L50, F|69\/100\n|-weather|Snow|[from] ability: Snow Warning|[of] p1a: Santa\n|-enditem|p2a: Iron Bundle|Booster Energy\n|-activate|p2a: Iron Bundle|ability: Quark Drive|[fromitem]\n|-start|p2a: Iron Bundle|quarkdrivespe\n|turn|7\n|\n|t:|1683780766\n|move|p2a: Iron Bundle|Protect|p2a: Iron Bundle\n|-singleturn|p2a: Iron Bundle|Protect\n|move|p1b: Annihilape|Protect|p1b: Annihilape\n|-singleturn|p1b: Annihilape|Protect\n|move|p1a: Santa|Protect|p1a: Santa\n|-singleturn|p1a: Santa|Protect\n|move|p2b: Iron Hands|Drain Punch|p1a: Santa\n|-activate|p1a: Santa|move: Protect\n|\n|-weather|Snow|[upkeep]\n|upkeep\n|turn|8\n|c|\u2606AndrwApple|Gotcha there too\n|\n|t:|1683780797\n|-end|p2b: Iron Hands|Quark Drive|[silent]\n|switch|p2b: Chi-Yu|Chi-Yu, L50|90\/100\n|-ability|p2b: Chi-Yu|Beads of Ruin\n|move|p2a: Iron Bundle|Hydro Pump|p1b: Annihilape\n|-supereffective|p1b: Annihilape\n|-damage|p1b: Annihilape|0 fnt\n|faint|p1b: Annihilape\n|move|p1a: Santa|Blizzard|p2a: Iron Bundle|[spread] p2a,p2b\n|-resisted|p2a: Iron Bundle\n|-resisted|p2b: Chi-Yu\n|-damage|p2a: Iron Bundle|79\/100\n|-damage|p2b: Chi-Yu|75\/100\n|\n|-weather|Snow|[upkeep]\n|-heal|p2b: Chi-Yu|81\/100|[from] item: Leftovers\n|upkeep\n|turn|9\n|c|\u2606AndrwApple|WAIT\n|c|\u2606AndrwApple|it dies?\n|c|\u2606AndrwApple|Rip\n|-message|AndrwApple forfeited.\n|\n|win|Lefties Chi-Yu\n|c|\u2606Lefties Chi-Yu|gotcha bitch\n|l|\u2606AndrwApple\n","uploadtime":1683780817,"views":21,"p1id":"andrwapple","p2id":"leftieschiyu","formatid":"gen9vgc2023regulationc","rating":0,"private":0,"password":""}