{"id":"gen9vgc2023regulationc-1851435100","p1":"Hadrian1917","p2":"PkmnTrainerHotPink","format":"[Gen 9] VGC 2023 Regulation C","log":"|j|\u2606Hadrian1917\n|j|\u2606PkmnTrainerHotPink\n|t:|1682444878\n|gametype|doubles\n|player|p1|Hadrian1917|brock|1135\n|player|p2|PkmnTrainerHotPink|cynthia|1057\n|teamsize|p1|6\n|teamsize|p2|6\n|gen|9\n|tier|[Gen 9] VGC 2023 Regulation C\n|rated|\n|rule|Species Clause: Limit one of each Pok\u00e9mon\n|rule|Item Clause: Limit one of each item\n|clearpoke\n|poke|p1|Flutter Mane, L50|\n|poke|p1|Arcanine, L50, M|\n|poke|p1|Baxcalibur, L50, M|\n|poke|p1|Ting-Lu, L50|\n|poke|p1|Gyarados, L50, F|\n|poke|p1|Amoonguss, L50, F|\n|poke|p2|Chi-Yu, L50|\n|poke|p2|Flutter Mane, L50|\n|poke|p2|Ting-Lu, L50|\n|poke|p2|Amoonguss, L50, F|\n|poke|p2|Dragonite, L50, F|\n|poke|p2|Gyarados, L50, F|\n|teampreview|4\n|inactive|Battle timer is ON: inactive players will automatically lose when time's up. (requested by PkmnTrainerHotPink)\nPkmnTrainerHotPink has agreed to open team sheets.\n|inactive|Hadrian1917 has 60 seconds left.\n|inactive|PkmnTrainerHotPink has 60 seconds left.\n|\n|t:|1682444919\n|start\n|switch|p1a: Baxcalibur|Baxcalibur, L50, M|100\/100\n|switch|p1b: Arcanine|Arcanine, L50, M|100\/100\n|switch|p2a: Drubbles|Dragonite, L50, F|100\/100\n|switch|p2b: Flubbles|Flutter Mane, L50|100\/100\n|-ability|p1b: Arcanine|Intimidate|boost\n|-fail|p2a: Drubbles|unboost|Attack|[from] ability: Inner Focus|[of] p2a: Drubbles\n|-unboost|p2b: Flubbles|atk|1\n|turn|1\n|inactive|PkmnTrainerHotPink has 30 seconds left.\n|\n|t:|1682444954\n|switch|p2a: Gyubbles|Gyarados, L50, F, shiny|100\/100\n|-ability|p2a: Gyubbles|Intimidate|boost\n|-fail|p1a: Baxcalibur|unboost|[from] item: Clear Amulet|[of] p1a: Baxcalibur\n|-unboost|p1b: Arcanine|atk|1\n|-terastallize|p1a: Baxcalibur|Poison\n|move|p2b: Flubbles|Moonblast|p1a: Baxcalibur\n|-resisted|p1a: Baxcalibur\n|-damage|p1a: Baxcalibur|70\/100\n|move|p1b: Arcanine|Howl|p1b: Arcanine|[spread] p1a,p1b\n|-boost|p1a: Baxcalibur|atk|1\n|-boost|p1b: Arcanine|atk|1\n|move|p1a: Baxcalibur|Icicle Crash|p2a: Gyubbles\n|-damage|p2a: Gyubbles|19\/100\n|\n|upkeep\n|turn|2\n|inactive|Hadrian1917 has 30 seconds left.\n|\n|t:|1682444987\n|-end|p2b: Flubbles|Protosynthesis|[silent]\n|switch|p2b: Amubbles|Amoonguss, L50, F|100\/100\n|move|p2a: Gyubbles|Protect|p2a: Gyubbles\n|-singleturn|p2a: Gyubbles|Protect\n|move|p1b: Arcanine|Flare Blitz|p2a: Gyubbles\n|-activate|p2a: Gyubbles|move: Protect\n|move|p1a: Baxcalibur|Icicle Crash|p2b: Amubbles\n|-supereffective|p2b: Amubbles\n|-damage|p2b: Amubbles|0 fnt\n|faint|p2b: Amubbles\n|\n|upkeep\n|inactive|PkmnTrainerHotPink has 30 seconds left.\n|inactive|PkmnTrainerHotPink has 20 seconds left.\n|\n|t:|1682445022\n|switch|p2b: Drubbles|Dragonite, L50, F|100\/100\n|turn|3\n|inactive|PkmnTrainerHotPink has 30 seconds left.\n|inactive|PkmnTrainerHotPink has 20 seconds left.\n|\n|t:|1682445062\n|-terastallize|p2b: Drubbles|Flying\n|move|p1a: Baxcalibur|Protect|p1a: Baxcalibur\n|-singleturn|p1a: Baxcalibur|Protect\n|move|p1b: Arcanine|Howl|p1b: Arcanine|[spread] p1a,p1b\n|-boost|p1a: Baxcalibur|atk|1\n|-boost|p1b: Arcanine|atk|1\n|move|p2a: Gyubbles|Thunder Wave|p1a: Baxcalibur\n|-activate|p1a: Baxcalibur|move: Protect\n|move|p2b: Drubbles|Tera Blast|p1a: Baxcalibur\n|-activate|p1a: Baxcalibur|move: Protect\n|\n|upkeep\n|turn|4\n|\n|t:|1682445085\n|move|p2a: Gyubbles|Protect|p2a: Gyubbles\n|-singleturn|p2a: Gyubbles|Protect\n|move|p1b: Arcanine|Extreme Speed|p2a: Gyubbles\n|-activate|p2a: Gyubbles|move: Protect\n|move|p1a: Baxcalibur|Icicle Crash|p2b: Drubbles\n|-supereffective|p2b: Drubbles\n|-damage|p2b: Drubbles|0 fnt\n|faint|p2b: Drubbles\n|\n|upkeep\n|\n|t:|1682445095\n|switch|p2b: Flubbles|Flutter Mane, L50|100\/100\n|turn|5\n|\n|t:|1682445119\n|move|p1b: Arcanine|Extreme Speed|p2a: Gyubbles\n|-damage|p2a: Gyubbles|0 fnt\n|faint|p2a: Gyubbles\n|move|p2b: Flubbles|Power Gem|p1a: Baxcalibur\n|-damage|p1a: Baxcalibur|34\/100\n|move|p1a: Baxcalibur|Icicle Crash|p2b: Flubbles\n|-damage|p2b: Flubbles|0 fnt\n|faint|p2b: Flubbles\n|-end|p2b: Flubbles|Protosynthesis|[silent]\n|\n|win|Hadrian1917\n|raw|Hadrian1917's rating: 1135 → 1154<\/strong> (+19 for winning)\n|raw|PkmnTrainerHotPink's rating: 1057 → 1043<\/strong> (-14 for losing)\n|c|\u2606PkmnTrainerHotPink|gg\n","uploadtime":1682445134,"views":7,"p1id":"hadrian1917","p2id":"pkmntrainerhotpink","formatid":"gen9vgc2023regulationc","rating":1043,"private":0,"password":""}