{"id":"gen9vgc2023regulationc-1857685042","p1":"etaaan","p2":"AticusWork","format":"[Gen 9] VGC 2023 Regulation C","log":"|j|\u2606etaaan\n|j|\u2606AticusWork\n|t:|1683221942\n|gametype|doubles\n|player|p1|etaaan|102|1075\n|player|p2|AticusWork|265|1125\n|teamsize|p1|6\n|teamsize|p2|6\n|gen|9\n|tier|[Gen 9] VGC 2023 Regulation C\n|rated|\n|rule|Species Clause: Limit one of each Pok\u00e9mon\n|rule|Item Clause: Limit one of each item\n|clearpoke\n|poke|p1|Ting-Lu, L50|\n|poke|p1|Dragonite, L50, F|\n|poke|p1|Grimmsnarl, L50, M|\n|poke|p1|Dragapult, L50, F|\n|poke|p1|Amoonguss, L50, M|\n|poke|p1|Coalossal, L50, F|\n|poke|p2|Chi-Yu, L50|\n|poke|p2|Dachsbun, L50, F|\n|poke|p2|Dragonite, L50, F|\n|poke|p2|Flutter Mane, L50|\n|poke|p2|Azumarill, L50, F|\n|poke|p2|Chien-Pao, L50|\n|teampreview|4\n|\n|t:|1683221960\n|start\n|switch|p1a: Ting-Lu|Ting-Lu, L50|100\/100\n|switch|p1b: Coalossal|Coalossal, L50, F|100\/100\n|switch|p2a: Chi-Yu|Chi-Yu, L50|100\/100\n|switch|p2b: Dachsbun|Dachsbun, L50, F|100\/100\n|-ability|p2a: Chi-Yu|Beads of Ruin\n|-ability|p1a: Ting-Lu|Vessel of Ruin\n|turn|1\n|\n|t:|1683221972\n|move|p2a: Chi-Yu|Lava Plume|p1b: Coalossal|[spread] p1a,p1b\n|-ability|p2b: Dachsbun|Well-Baked Body|boost\n|-boost|p2b: Dachsbun|def|2\n|-resisted|p1b: Coalossal\n|-damage|p1a: Ting-Lu|83\/100\n|-damage|p1b: Coalossal|90\/100\n|-ability|p1b: Coalossal|Steam Engine|boost\n|-boost|p1b: Coalossal|spe|6\n|-damage|p2a: Chi-Yu|91\/100|[from] item: Life Orb\n|move|p1b: Coalossal|Heat Crash|p2a: Chi-Yu\n|-resisted|p2a: Chi-Yu\n|-damage|p2a: Chi-Yu|46\/100\n|move|p2b: Dachsbun|Body Press|p1b: Coalossal\n|-supereffective|p1b: Coalossal\n|-damage|p1b: Coalossal|19\/100\n|-damage|p2b: Dachsbun|84\/100|[from] item: Rocky Helmet|[of] p1b: Coalossal\n|move|p1a: Ting-Lu|Fissure|p2b: Dachsbun\n|-damage|p2b: Dachsbun|0 fnt\n|faint|p2b: Dachsbun\n|-ohko\n|\n|upkeep\n|\n|t:|1683221990\n|switch|p2b: Azumarill|Azumarill, L50, F|100\/100\n|turn|2\n|\n|t:|1683222000\n|move|p2b: Azumarill|Aqua Jet|p1b: Coalossal\n|-supereffective|p1b: Coalossal\n|-damage|p1b: Coalossal|0 fnt\n|-damage|p2b: Azumarill|84\/100|[from] item: Rocky Helmet|[of] p1b: Coalossal\n|faint|p1b: Coalossal\n|move|p2a: Chi-Yu|Heat Wave|p1a: Ting-Lu\n|-crit|p1a: Ting-Lu\n|-damage|p1a: Ting-Lu|42\/100\n|-damage|p2a: Chi-Yu|36\/100|[from] item: Life Orb\n|move|p1a: Ting-Lu|Stomping Tantrum|p2a: Chi-Yu\n|-supereffective|p2a: Chi-Yu\n|-damage|p2a: Chi-Yu|0 fnt\n|faint|p2a: Chi-Yu\n|\n|upkeep\n|\n|t:|1683222015\n|switch|p2a: Flutter Mane|Flutter Mane, L50|100\/100\n|switch|p1b: Amoonguss|Amoonguss, L50, M|100\/100\n|-enditem|p2a: Flutter Mane|Booster Energy\n|-activate|p2a: Flutter Mane|ability: Protosynthesis|[fromitem]\n|-start|p2a: Flutter Mane|protosynthesisspe\n|turn|3\n|\n|t:|1683222026\n|-terastallize|p2a: Flutter Mane|Fairy\n|move|p2b: Azumarill|Protect|p2b: Azumarill\n|-singleturn|p2b: Azumarill|Protect\n|move|p1b: Amoonguss|Rage Powder|p1b: Amoonguss\n|-singleturn|p1b: Amoonguss|move: Rage Powder\n|move|p2a: Flutter Mane|Dazzling Gleam|p1a: Ting-Lu|[spread] p1a,p1b\n|-supereffective|p1a: Ting-Lu\n|-resisted|p1b: Amoonguss\n|-crit|p1b: Amoonguss\n|-damage|p1a: Ting-Lu|18\/100\n|-damage|p1b: Amoonguss|81\/100\n|move|p1a: Ting-Lu|Fissure|p2a: Flutter Mane\n|-damage|p2a: Flutter Mane|0 fnt\n|faint|p2a: Flutter Mane\n|-end|p2a: Flutter Mane|Protosynthesis|[silent]\n|-ohko\n|\n|-heal|p1b: Amoonguss|87\/100|[from] item: Black Sludge\n|upkeep\n|turn|4\n|\n|t:|1683222049\n|move|p1b: Amoonguss|Rage Powder|p1b: Amoonguss\n|-singleturn|p1b: Amoonguss|move: Rage Powder\n|move|p2b: Azumarill|Play Rough|p1b: Amoonguss\n|-resisted|p1b: Amoonguss\n|-damage|p1b: Amoonguss|59\/100\n|move|p1a: Ting-Lu|Fissure|p2b: Azumarill|[miss]\n|-miss|p1a: Ting-Lu|p2b: Azumarill\n|\n|-heal|p1b: Amoonguss|65\/100|[from] item: Black Sludge\n|upkeep\n|turn|5\n|\n|t:|1683222069\n|switch|p1a: Dragapult|Dragapult, L50, F|100\/100\n|move|p1b: Amoonguss|Rage Powder|p1b: Amoonguss\n|-singleturn|p1b: Amoonguss|move: Rage Powder\n|move|p2b: Azumarill|Play Rough|p1b: Amoonguss\n|-resisted|p1b: Amoonguss\n|-damage|p1b: Amoonguss|38\/100\n|-status|p2b: Azumarill|psn|[from] ability: Effect Spore|[of] p1b: Amoonguss\n|-enditem|p2b: Azumarill|Lum Berry|[eat]\n|-curestatus|p2b: Azumarill|psn|[msg]\n|\n|-heal|p1b: Amoonguss|44\/100|[from] item: Black Sludge\n|upkeep\n|turn|6\n|\n|t:|1683222098\n|move|p1a: Dragapult|Phantom Force||[still]\n|-prepare|p1a: Dragapult|Phantom Force\n|move|p2b: Azumarill|Play Rough|p1a: Dragapult|[miss]\n|-miss|p2b: Azumarill|p1a: Dragapult\n|move|p1b: Amoonguss|Spore|p2b: Azumarill\n|-status|p2b: Azumarill|slp|[from] move: Spore\n|\n|-heal|p1b: Amoonguss|50\/100|[from] item: Black Sludge\n|upkeep\n|turn|7\n|-message|AticusWork forfeited.\n|\n|win|etaaan\n|raw|etaaan's rating: 1075 → 1108<\/strong> (+33 for winning)\n|raw|AticusWork's rating: 1125 → 1096<\/strong> (-29 for losing)\n|l|\u2606AticusWork\n","uploadtime":1683222114,"views":12,"p1id":"etaaan","p2id":"aticuswork","formatid":"gen9vgc2023regulationc","rating":1096,"private":0,"password":""}