{"id":"gen9vgc2023regulationc-1855584457","p1":"NicoHaxVGC","p2":"Hikawari","format":"[Gen 9] VGC 2023 Regulation C","log":"|j|\u2606NicoHaxVGC\n|j|\u2606Hikawari\n|t:|1682964127\n|gametype|doubles\n|player|p1|NicoHaxVGC|red|1381\n|player|p2|Hikawari|101|1355\n|teamsize|p1|6\n|teamsize|p2|6\n|gen|9\n|tier|[Gen 9] VGC 2023 Regulation C\n|rated|\n|rule|Species Clause: Limit one of each Pok\u00e9mon\n|rule|Item Clause: Limit one of each item\n|clearpoke\n|poke|p1|Corviknight, L50, F|\n|poke|p1|Ting-Lu, L50|\n|poke|p1|Annihilape, L50, M|\n|poke|p1|Amoonguss, L50, F|\n|poke|p1|Iron Bundle, L50|\n|poke|p1|Flutter Mane, L50|\n|poke|p2|Amoonguss, L50, M|\n|poke|p2|Baxcalibur, L50, M|\n|poke|p2|Corviknight, L50, M|\n|poke|p2|Glimmora, L50, M|\n|poke|p2|Rotom-Wash, L50|\n|poke|p2|Gholdengo, L50|\n|teampreview|4\n|inactive|Battle timer is ON: inactive players will automatically lose when time's up. (requested by NicoHaxVGC)\nHikawari has agreed to open team sheets.\nNicoHaxVGC has agreed to open team sheets.\n|inactive|NicoHaxVGC has 60 seconds left.\n|inactive|Hikawari has 60 seconds left.\n|inactive|NicoHaxVGC has 30 seconds left.\n|\n|t:|1682964192\n|start\n|switch|p1a: Robin|Annihilape, L50, M|100\/100\n|switch|p1b: Cyborg|Iron Bundle, L50|100\/100\n|switch|p2a: Amoonguss|Amoonguss, L50, M|100\/100\n|switch|p2b: Gholdengo|Gholdengo, L50|100\/100\n|-enditem|p1b: Cyborg|Booster Energy\n|-activate|p1b: Cyborg|ability: Quark Drive|[fromitem]\n|-start|p1b: Cyborg|quarkdrivespe\n|turn|1\n|inactive|NicoHaxVGC has 30 seconds left.\n|inactive|NicoHaxVGC has 20 seconds left.\n|inactive|Hikawari has 30 seconds left.\n|inactive|NicoHaxVGC has 15 seconds left.\n|inactive|NicoHaxVGC has 10 seconds left.\n|inactive|NicoHaxVGC has 5 seconds left.\n|\n|t:|1682964242\n|-end|p1b: Cyborg|Quark Drive|[silent]\n|switch|p1b: Raven|Corviknight, L50, F|100\/100\n|move|p1a: Robin|Bulk Up|p1a: Robin\n|-boost|p1a: Robin|atk|1\n|-boost|p1a: Robin|def|1\n|move|p2b: Gholdengo|Make It Rain|p1a: Robin|[spread] p1a,p1b\n|-resisted|p1b: Raven\n|-damage|p1a: Robin|57\/100\n|-damage|p1b: Raven|78\/100\n|-unboost|p2b: Gholdengo|spa|1\n|move|p2a: Amoonguss|Spore|p1a: Robin\n|-status|p1a: Robin|slp|[from] move: Spore\n|\n|-heal|p1a: Robin|63\/100 slp|[from] item: Leftovers\n|upkeep\n|turn|2\n|inactive|NicoHaxVGC has 30 seconds left.\n|inactive|NicoHaxVGC has 20 seconds left.\n|\n|t:|1682964279\n|-terastallize|p1a: Robin|Fire\n|cant|p1a: Robin|slp\n|move|p2b: Gholdengo|Nasty Plot|p2b: Gholdengo\n|-boost|p2b: Gholdengo|spa|2\n|move|p1b: Raven|Brave Bird|p2a: Amoonguss\n|-supereffective|p2a: Amoonguss\n|-damage|p2a: Amoonguss|29\/100\n|-damage|p1b: Raven|61\/100|[from] item: Rocky Helmet|[of] p2a: Amoonguss\n|-damage|p1b: Raven|36\/100|[from] Recoil\n|move|p2a: Amoonguss|Spore|p1b: Raven\n|-activate|p1b: Raven|item: Safety Goggles|Spore\n|\n|-heal|p1a: Robin|70\/100 slp|[from] item: Leftovers\n|upkeep\n|turn|3\n|inactive|NicoHaxVGC has 30 seconds left.\n|inactive|Hikawari has 30 seconds left.\n|inactive|NicoHaxVGC has 20 seconds left.\n|inactive|NicoHaxVGC has 15 seconds left.\n|\n|t:|1682964322\n|switch|p2a: Corviknight|Corviknight, L50, M|100\/100\n|-terastallize|p2b: Gholdengo|Water\n|-curestatus|p1a: Robin|slp|[msg]\n|move|p1a: Robin|Rage Fist|p2b: Gholdengo\n|-damage|p2b: Gholdengo|41\/100\n|-enditem|p2b: Gholdengo|Sitrus Berry|[eat]\n|-heal|p2b: Gholdengo|66\/100|[from] item: Sitrus Berry\n|move|p2b: Gholdengo|Tera Blast|p1a: Robin\n|-supereffective|p1a: Robin\n|-damage|p1a: Robin|0 fnt\n|faint|p1a: Robin\n|move|p1b: Raven|Brave Bird|p2a: Corviknight\n|-resisted|p2a: Corviknight\n|-damage|p2a: Corviknight|89\/100\n|-damage|p1b: Raven|32\/100|[from] Recoil\n|\n|-heal|p2a: Corviknight|95\/100|[from] item: Leftovers\n|upkeep\n|inactive|NicoHaxVGC has 30 seconds left.\n|\n|t:|1682964348\n|switch|p1a: Star fire|Flutter Mane, L50|100\/100\n|turn|4\n|\n|t:|1682964364\n|move|p1a: Star fire|Thunderbolt|p2a: Corviknight\n|-supereffective|p2a: Corviknight\n|-damage|p2a: Corviknight|0 fnt\n|faint|p2a: Corviknight\n|move|p2b: Gholdengo|Make It Rain|p1a: Star fire|[spread] p1a,p1b\n|-supereffective|p1a: Star fire\n|-resisted|p1b: Raven\n|-damage|p1a: Star fire|0 fnt\n|-damage|p1b: Raven|0 fnt\n|-unboost|p2b: Gholdengo|spa|1\n|faint|p1a: Star fire\n|-end|p1a: Star fire|Protosynthesis|[silent]\n|faint|p1b: Raven\n|\n|upkeep\n|c|\u2606NicoHaxVGC|gg\n|\n|t:|1682964376\n|switch|p1b: Cyborg|Iron Bundle, L50|100\/100\n|switch|p2a: Amoonguss|Amoonguss, L50, M|62\/100\n|turn|5\n|\n|t:|1682964384\n|move|p2a: Amoonguss|Rage Powder|p2a: Amoonguss\n|-singleturn|p2a: Amoonguss|move: Rage Powder\n|move|p1b: Cyborg|Freeze-Dry|p2a: Amoonguss\n|-supereffective|p2a: Amoonguss\n|-damage|p2a: Amoonguss|12\/100\n|move|p2b: Gholdengo|Make It Rain|p1b: Cyborg\n|-damage|p1b: Cyborg|0 fnt\n|-unboost|p2b: Gholdengo|spa|1\n|faint|p1b: Cyborg\n|-end|p1b: Cyborg|Quark Drive|[silent]\n|\n|win|Hikawari\n|raw|NicoHaxVGC's rating: 1381 → 1360<\/strong> (-21 for losing)\n|raw|Hikawari's rating: 1355 → 1376<\/strong> (+21 for winning)\n","uploadtime":1682964389,"views":20,"p1id":"nicohaxvgc","p2id":"hikawari","formatid":"gen9vgc2023regulationc","rating":1360,"private":0,"password":""}