{"id":"gen9vgc2023regulationc-1857054848","p1":"SurfinSamurott","p2":"doomwhisper","format":"[Gen 9] VGC 2023 Regulation C","log":"|j|\u2606SurfinSamurott\n|j|\u2606doomwhisper\n|t:|1683141362\n|gametype|doubles\n|player|p1|SurfinSamurott|1|1147\n|player|p2|doomwhisper|alder|1139\n|teamsize|p1|6\n|teamsize|p2|6\n|gen|9\n|tier|[Gen 9] VGC 2023 Regulation C\n|rated|\n|rule|Species Clause: Limit one of each Pok\u00e9mon\n|rule|Item Clause: Limit one of each item\n|clearpoke\n|poke|p1|Annihilape, L50, M|\n|poke|p1|Corviknight, L50, M|\n|poke|p1|Amoonguss, L50, M|\n|poke|p1|Arcanine, L50, F|\n|poke|p1|Flutter Mane, L50|\n|poke|p1|Ting-Lu, L50|\n|poke|p2|Palafin, L50, F|\n|poke|p2|Arcanine, L50, F|\n|poke|p2|Amoonguss, L50, F|\n|poke|p2|Flutter Mane, L50|\n|poke|p2|Iron Hands, L50|\n|poke|p2|Kingambit, L50, F|\n|teampreview|4\n|inactive|Battle timer is ON: inactive players will automatically lose when time's up. (requested by doomwhisper)\n|\n|t:|1683141420\n|start\n|switch|p1a: Love Deluxe|Flutter Mane, L50|100\/100\n|switch|p1b: Sit Corvid V|Corviknight, L50, M|100\/100\n|switch|p2a: Palafin|Palafin, L50, F|100\/100\n|switch|p2b: Iron Hands|Iron Hands, L50|100\/100\n|-enditem|p1a: Love Deluxe|Booster Energy\n|-activate|p1a: Love Deluxe|ability: Protosynthesis|[fromitem]\n|-start|p1a: Love Deluxe|protosynthesisspa\n|turn|1\n|\n|t:|1683141444\n|move|p2b: Iron Hands|Fake Out|p1b: Sit Corvid V\n|-resisted|p1b: Sit Corvid V\n|-damage|p1b: Sit Corvid V|93\/100\n|move|p2a: Palafin|Jet Punch|p1a: Love Deluxe\n|-damage|p1a: Love Deluxe|50\/100\n|move|p1a: Love Deluxe|Moonblast|p2b: Iron Hands\n|-supereffective|p2b: Iron Hands\n|-damage|p2b: Iron Hands|15\/100\n|cant|p1b: Sit Corvid V|flinch\n|\n|upkeep\n|turn|2\n|\n|t:|1683141460\n|move|p1a: Love Deluxe|Protect|p1a: Love Deluxe\n|-singleturn|p1a: Love Deluxe|Protect\n|move|p2a: Palafin|Jet Punch|p1a: Love Deluxe\n|-activate|p1a: Love Deluxe|move: Protect\n|move|p1b: Sit Corvid V|Brave Bird|p2b: Iron Hands\n|-damage|p2b: Iron Hands|0 fnt\n|faint|p2b: Iron Hands\n|-end|p2b: Iron Hands|Quark Drive|[silent]\n|-damage|p1b: Sit Corvid V|87\/100|[from] Recoil\n|\n|upkeep\n|\n|t:|1683141467\n|switch|p2b: Kingambit|Kingambit, L50, F|100\/100\n|turn|3\n|\n|t:|1683141477\n|-end|p1a: Love Deluxe|Protosynthesis|[silent]\n|switch|p1a: Sore Luser|Ting-Lu, L50|100\/100\n|-ability|p1a: Sore Luser|Vessel of Ruin\n|-terastallize|p2b: Kingambit|Fire\n|move|p2a: Palafin|Jet Punch|p1a: Sore Luser\n|-supereffective|p1a: Sore Luser\n|-damage|p1a: Sore Luser|70\/100\n|move|p1b: Sit Corvid V|Tailwind|p1b: Sit Corvid V\n|-sidestart|p1: SurfinSamurott|move: Tailwind\n|move|p2b: Kingambit|Tera Blast|p1b: Sit Corvid V\n|-supereffective|p1b: Sit Corvid V\n|-damage|p1b: Sit Corvid V|4\/100\n|\n|upkeep\n|turn|4\n|\n|t:|1683141500\n|detailschange|p2a: Palafin|Palafin-Hero, L50, F\n|switch|p2a: Flutter Mane|Flutter Mane, L50|100\/100\n|move|p2b: Kingambit|Protect|p2b: Kingambit\n|-singleturn|p2b: Kingambit|Protect\n|move|p1b: Sit Corvid V|Brave Bird|p2a: Flutter Mane\n|-enditem|p2a: Flutter Mane|Focus Sash\n|-damage|p2a: Flutter Mane|1\/100\n|-damage|p1b: Sit Corvid V|0 fnt|[from] Recoil\n|faint|p1b: Sit Corvid V\n|move|p1a: Sore Luser|Stomping Tantrum|p2b: Kingambit\n|-activate|p2b: Kingambit|move: Protect\n|\n|upkeep\n|\n|t:|1683141510\n|switch|p1b: Love Deluxe|Flutter Mane, L50|50\/100\n|turn|5\n|\n|t:|1683141527\n|move|p2a: Flutter Mane|Protect|p2a: Flutter Mane\n|-singleturn|p2a: Flutter Mane|Protect\n|move|p2b: Kingambit|Sucker Punch|p1b: Love Deluxe\n|-damage|p1b: Love Deluxe|0 fnt\n|faint|p1b: Love Deluxe\n|-end|p1b: Love Deluxe|Protosynthesis|[silent]\n|move|p1a: Sore Luser|Stomping Tantrum|p2b: Kingambit\n|-supereffective|p2b: Kingambit\n|-damage|p2b: Kingambit|54\/100\n|\n|upkeep\n|\n|t:|1683141536\n|switch|p1b: Mankey Kong|Annihilape, L50, M|100\/100\n|turn|6\n|\n|t:|1683141555\n|-terastallize|p1a: Sore Luser|Poison\n|move|p1b: Mankey Kong|Protect|p1b: Mankey Kong\n|-singleturn|p1b: Mankey Kong|Protect\n|move|p2b: Kingambit|Protect|p2b: Kingambit\n|-singleturn|p2b: Kingambit|Protect\n|move|p2a: Flutter Mane|Dazzling Gleam|p1a: Sore Luser|[spread] p1a\n|-activate|p1b: Mankey Kong|move: Protect\n|-resisted|p1a: Sore Luser\n|-damage|p1a: Sore Luser|65\/100\n|move|p1a: Sore Luser|Stomping Tantrum|p2a: Flutter Mane\n|-damage|p2a: Flutter Mane|0 fnt\n|faint|p2a: Flutter Mane\n|-end|p2a: Flutter Mane|Protosynthesis|[silent]\n|\n|-sideend|p1: SurfinSamurott|move: Tailwind\n|upkeep\n|\n|t:|1683141563\n|switch|p2a: Palafin|Palafin-Hero, L50, F|100\/100\n|-activate|p2a: Palafin|ability: Zero to Hero\n|turn|7\n|\n|t:|1683141575\n|move|p1b: Mankey Kong|Bulk Up|p1b: Mankey Kong\n|-boost|p1b: Mankey Kong|atk|1\n|-boost|p1b: Mankey Kong|def|1\n|move|p2a: Palafin|Wave Crash|p1a: Sore Luser\n|-damage|p1a: Sore Luser|11\/100\n|-damage|p2a: Palafin|78\/100|[from] Recoil\n|move|p2b: Kingambit|Tera Blast|p1b: Mankey Kong\n|-damage|p1b: Mankey Kong|71\/100\n|move|p1a: Sore Luser|Fissure|p2a: Palafin\n|-damage|p2a: Palafin|0 fnt\n|faint|p2a: Palafin\n|-ohko\n|\n|-heal|p1b: Mankey Kong|78\/100|[from] item: Leftovers\n|upkeep\n|turn|8\n|-message|doomwhisper forfeited.\n|\n|win|SurfinSamurott\n|raw|SurfinSamurott's rating: 1147 → 1171<\/strong> (+24 for winning)\n|raw|doomwhisper's rating: 1139 → 1115<\/strong> (-24 for losing)\n|l|\u2606doomwhisper\n","uploadtime":1683141594,"views":7,"p1id":"surfinsamurott","p2id":"doomwhisper","formatid":"gen9vgc2023regulationc","rating":1115,"private":0,"password":""}