{"id":"gen9vgc2023regulationc-1847164246","p1":"Julicitos","p2":"darlingtonia","format":"[Gen 9] VGC 2023 Regulation C","log":"|j|\u2606Julicitos\n|j|\u2606darlingtonia\n|t:|1681924340\n|gametype|doubles\n|player|p1|Julicitos|266|1099\n|player|p2|darlingtonia|proton|1118\n|teamsize|p1|6\n|teamsize|p2|6\n|gen|9\n|tier|[Gen 9] VGC 2023 Regulation C\n|rated|\n|rule|Species Clause: Limit one of each Pok\u00e9mon\n|rule|Item Clause: Limit one of each item\n|clearpoke\n|poke|p1|Indeedee-F, L50, F|\n|poke|p1|Hatterene, L50, F|\n|poke|p1|Hariyama, L50, F|\n|poke|p1|Gastrodon, L50, F|\n|poke|p1|Oranguru, L50, M|\n|poke|p1|Dondozo, L50, M|\n|poke|p2|Chi-Yu, L50|\n|poke|p2|Palafin, L50, M|\n|poke|p2|Amoonguss, L50, F|\n|poke|p2|Glimmora, L50, M|\n|poke|p2|Flutter Mane, L50|\n|poke|p2|Dragonite, L50, M|\n|teampreview|4\n|\n|t:|1681924381\n|start\n|switch|p1a: Hatterene|Hatterene, L50, F|100\/100\n|switch|p1b: Indeedee|Indeedee-F, L50, F|100\/100\n|switch|p2a: Chi-Yu|Chi-Yu, L50|100\/100\n|switch|p2b: Amoonguss|Amoonguss, L50, F|100\/100\n|-ability|p2a: Chi-Yu|Beads of Ruin\n|-fieldstart|move: Psychic Terrain|[from] ability: Psychic Surge|[of] p1b: Indeedee\n|-enditem|p1b: Indeedee|Psychic Seed\n|-boost|p1b: Indeedee|spd|1|[from] item: Psychic Seed\n|turn|1\n|\n|t:|1681924405\n|-terastallize|p2a: Chi-Yu|Ghost\n|-terastallize|p1b: Indeedee|Grass\n|move|p2b: Amoonguss|Protect|p2b: Amoonguss\n|-singleturn|p2b: Amoonguss|Protect\n|move|p1a: Hatterene|Protect|p1a: Hatterene\n|-singleturn|p1a: Hatterene|Protect\n|move|p2a: Chi-Yu|Tera Blast|p1a: Hatterene\n|-activate|p1a: Hatterene|move: Protect\n|move|p1b: Indeedee|Trick Room|p1b: Indeedee\n|-fieldstart|move: Trick Room|[of] p1b: Indeedee\n|\n|upkeep\n|turn|2\n|\n|t:|1681924426\n|move|p1b: Indeedee|Helping Hand|p1a: Hatterene\n|-singleturn|p1a: Hatterene|Helping Hand|[of] p1b: Indeedee\n|move|p2b: Amoonguss|Rage Powder|p2b: Amoonguss\n|-singleturn|p2b: Amoonguss|move: Rage Powder\n|move|p1a: Hatterene|Dazzling Gleam|p2b: Amoonguss|[spread] p2a,p2b\n|-resisted|p2b: Amoonguss\n|-damage|p2a: Chi-Yu|46\/100\n|-damage|p2b: Amoonguss|64\/100\n|-damage|p1a: Hatterene|91\/100|[from] item: Life Orb\n|move|p2a: Chi-Yu|Snarl|p1a: Hatterene|[spread] p1a,p1b\n|-damage|p1a: Hatterene|54\/100\n|-damage|p1b: Indeedee|77\/100\n|-unboost|p1a: Hatterene|spa|1\n|-unboost|p1b: Indeedee|spa|1\n|\n|upkeep\n|turn|3\n|\n|t:|1681924453\n|move|p1a: Hatterene|Psychic|p2b: Amoonguss\n|-supereffective|p2b: Amoonguss\n|-damage|p2b: Amoonguss|0 fnt\n|faint|p2b: Amoonguss\n|-damage|p1a: Hatterene|44\/100|[from] item: Life Orb\n|move|p1b: Indeedee|Dazzling Gleam|p2a: Chi-Yu\n|-damage|p2a: Chi-Yu|37\/100\n|move|p2a: Chi-Yu|Tera Blast|p1a: Hatterene\n|-supereffective|p1a: Hatterene\n|-damage|p1a: Hatterene|0 fnt\n|faint|p1a: Hatterene\n|\n|upkeep\n|\n|t:|1681924469\n|switch|p1a: Gastrodon|Gastrodon, L50, F|100\/100\n|switch|p2b: Dragonite|Dragonite, L50, M|100\/100\n|turn|4\n|\n|t:|1681924486\n|move|p1b: Indeedee|Helping Hand|p1a: Gastrodon\n|-singleturn|p1a: Gastrodon|Helping Hand|[of] p1b: Indeedee\n|move|p2b: Dragonite|Extreme Speed|p1b: Indeedee\n|-activate|p1b: Indeedee|move: Psychic Terrain\n|move|p1a: Gastrodon|Muddy Water|p2a: Chi-Yu|[spread] p2a\n|-miss|p1a: Gastrodon|p2b: Dragonite\n|-damage|p2a: Chi-Yu|3\/100\n|move|p2a: Chi-Yu|Dark Pulse|p1b: Indeedee\n|-damage|p1b: Indeedee|39\/100\n|\n|upkeep\n|turn|5\n|\n|t:|1681924511\n|switch|p2b: Flutter Mane|Flutter Mane, L50|100\/100\n|move|p1a: Gastrodon|Muddy Water|p2b: Flutter Mane|[spread] p2b\n|-miss|p1a: Gastrodon|p2a: Chi-Yu\n|-damage|p2b: Flutter Mane|68\/100\n|-unboost|p2b: Flutter Mane|accuracy|1\n|move|p1b: Indeedee|Dazzling Gleam|p2a: Chi-Yu|[spread] p2a,p2b\n|-damage|p2a: Chi-Yu|0 fnt\n|-damage|p2b: Flutter Mane|58\/100\n|faint|p2a: Chi-Yu\n|\n|-heal|p2b: Flutter Mane|63\/100|[from] item: Leftovers\n|-fieldend|move: Trick Room\n|-fieldend|move: Psychic Terrain\n|upkeep\n|\n|t:|1681924524\n|switch|p2a: Dragonite|Dragonite, L50, M|100\/100\n|turn|6\n|\n|t:|1681924532\n|switch|p1b: Dondozo|Dondozo, L50, M|100\/100\n|move|p1a: Gastrodon|Protect|p1a: Gastrodon\n|-singleturn|p1a: Gastrodon|Protect\n|move|p2a: Dragonite|Extreme Speed|p1b: Dondozo\n|-damage|p1b: Dondozo|74\/100\n|move|p2b: Flutter Mane|Substitute|p2b: Flutter Mane\n|-start|p2b: Flutter Mane|Substitute\n|-damage|p2b: Flutter Mane|39\/100\n|\n|-heal|p2b: Flutter Mane|45\/100|[from] item: Leftovers\n|upkeep\n|turn|7\n|\n|t:|1681924551\n|move|p2a: Dragonite|Extreme Speed|p1b: Dondozo\n|-damage|p1b: Dondozo|46\/100\n|move|p2b: Flutter Mane|Moonblast|p1b: Dondozo|[miss]\n|-miss|p2b: Flutter Mane|p1b: Dondozo\n|move|p1b: Dondozo|Surf|p2b: Flutter Mane|[spread] p2a,p2b\n|-ability|p1a: Gastrodon|Storm Drain|boost\n|-boost|p1a: Gastrodon|spa|1\n|-activate|p2b: Flutter Mane|move: Substitute|[damage]\n|-resisted|p2a: Dragonite\n|-damage|p2a: Dragonite|93\/100\n|move|p1a: Gastrodon|Muddy Water|p2a: Dragonite|[spread] p2a,p2b\n|-end|p2b: Flutter Mane|Substitute\n|-resisted|p2a: Dragonite\n|-damage|p2a: Dragonite|73\/100\n|\n|-heal|p2b: Flutter Mane|50\/100|[from] item: Leftovers\n|upkeep\n|turn|8\n|\n|t:|1681924582\n|move|p2a: Dragonite|Extreme Speed|p1b: Dondozo\n|-damage|p1b: Dondozo|20\/100\n|move|p2b: Flutter Mane|Moonblast|p1a: Gastrodon|[miss]\n|-miss|p2b: Flutter Mane|p1a: Gastrodon\n|move|p1b: Dondozo|Surf|p2a: Dragonite|[spread] p2a,p2b\n|-ability|p1a: Gastrodon|Storm Drain|boost\n|-boost|p1a: Gastrodon|spa|1\n|-resisted|p2a: Dragonite\n|-damage|p2a: Dragonite|65\/100\n|-damage|p2b: Flutter Mane|37\/100\n|move|p1a: Gastrodon|Muddy Water|p2b: Flutter Mane|[spread] p2a,p2b\n|-resisted|p2a: Dragonite\n|-damage|p2a: Dragonite|38\/100\n|-damage|p2b: Flutter Mane|0 fnt\n|-unboost|p2a: Dragonite|accuracy|1\n|faint|p2b: Flutter Mane\n|-end|p2b: Flutter Mane|Protosynthesis|[silent]\n|\n|upkeep\n|turn|9\n|\n|t:|1681924603\n|move|p2a: Dragonite|Extreme Speed|p1a: Gastrodon\n|-damage|p1a: Gastrodon|55\/100\n|move|p1b: Dondozo|Heavy Slam|p2a: Dragonite\n|-damage|p2a: Dragonite|25\/100\n|move|p1a: Gastrodon|Muddy Water|p2a: Dragonite\n|-resisted|p2a: Dragonite\n|-crit|p2a: Dragonite\n|-damage|p2a: Dragonite|0 fnt\n|faint|p2a: Dragonite\n|\n|win|Julicitos\n|raw|Julicitos's rating: 1099 → 1126<\/strong> (+27 for winning)\n|raw|darlingtonia's rating: 1118 → 1092<\/strong> (-26 for losing)\n","uploadtime":1681924618,"views":17,"p1id":"julicitos","p2id":"darlingtonia","formatid":"gen9vgc2023regulationc","rating":1092,"private":0,"password":""}