{"id":"gen9vgc2023regulationc-1851865781","p1":"Steakman5","p2":"LazY2401","format":"[Gen 9] VGC 2023 Regulation C","log":"|j|\u2606Steakman5\n|j|\u2606LazY2401\n|t:|1682497427\n|gametype|doubles\n|player|p1|Steakman5|swimmer-gen4|1064\n|player|p2|LazY2401|266|1012\n|teamsize|p1|6\n|teamsize|p2|6\n|gen|9\n|tier|[Gen 9] VGC 2023 Regulation C\n|rated|\n|rule|Species Clause: Limit one of each Pok\u00e9mon\n|rule|Item Clause: Limit one of each item\n|clearpoke\n|poke|p1|Ursaring, L50, M|\n|poke|p1|Talonflame, L50, F|\n|poke|p1|Flutter Mane, L50|\n|poke|p1|Amoonguss, L50, F|\n|poke|p1|Klefki, L50, F|\n|poke|p1|Ting-Lu, L50|\n|poke|p2|Tyranitar, L50, F|\n|poke|p2|Lycanroc, L50, M|\n|poke|p2|Garchomp, L50, F|\n|poke|p2|Gastrodon, L50, M|\n|poke|p2|Houndstone, L50, M|\n|poke|p2|Palossand, L50, F|\n|teampreview|4\n|\n|t:|1682497460\n|start\n|switch|p1a: Ursaring|Ursaring, L50, M|100\/100\n|switch|p1b: Talonflame|Talonflame, L50, F|100\/100\n|switch|p2a: Tyranitar|Tyranitar, L50, F, shiny|100\/100\n|switch|p2b: Lycanroc|Lycanroc, L50, M, shiny|100\/100\n|-weather|Sandstorm|[from] ability: Sand Stream|[of] p2a: Tyranitar\n|turn|1\n|\n|t:|1682497495\n|-terastallize|p1a: Ursaring|Fairy\n|move|p1b: Talonflame|Tailwind|p1b: Talonflame\n|-sidestart|p1: Steakman5|move: Tailwind\n|move|p2b: Lycanroc|Close Combat|p1a: Ursaring\n|-resisted|p1a: Ursaring\n|-damage|p1a: Ursaring|62\/100\n|-unboost|p2b: Lycanroc|def|1\n|-unboost|p2b: Lycanroc|spd|1\n|-damage|p2b: Lycanroc|90\/100|[from] item: Life Orb\n|move|p1a: Ursaring|Earthquake|p2a: Tyranitar|[spread] p2a,p2b\n|-immune|p1b: Talonflame\n|-supereffective|p2a: Tyranitar\n|-supereffective|p2b: Lycanroc\n|-damage|p2a: Tyranitar|53\/100\n|-damage|p2b: Lycanroc|0 fnt\n|faint|p2b: Lycanroc\n|move|p2a: Tyranitar|Rock Slide|p1a: Ursaring|[spread] p1a\n|-miss|p2a: Tyranitar|p1b: Talonflame\n|-damage|p1a: Ursaring|21\/100\n|\n|-weather|Sandstorm|[upkeep]\n|-damage|p1b: Talonflame|95\/100|[from] Sandstorm\n|-damage|p1a: Ursaring|15\/100|[from] Sandstorm\n|-status|p1a: Ursaring|brn|[from] item: Flame Orb\n|upkeep\n|inactive|Battle timer is ON: inactive players will automatically lose when time's up. (requested by Steakman5)\n|\n|t:|1682497524\n|switch|p2b: Houndstone|Houndstone, L50, M|100\/100\n|turn|2\n|inactive|Steakman5 has 30 seconds left.\n|\n|t:|1682497553\n|move|p2b: Houndstone|Shadow Sneak|p1a: Ursaring\n|-damage|p1a: Ursaring|0 fnt\n|faint|p1a: Ursaring\n|move|p1b: Talonflame|Will-O-Wisp|p2b: Houndstone\n|-status|p2b: Houndstone|brn\n|move|p2a: Tyranitar|Rock Slide|p1b: Talonflame|[miss]\n|-miss|p2a: Tyranitar|p1b: Talonflame\n|\n|-weather|Sandstorm|[upkeep]\n|-damage|p1b: Talonflame|89\/100|[from] Sandstorm\n|-damage|p2b: Houndstone|94\/100 brn|[from] brn\n|upkeep\n|\n|t:|1682497557\n|switch|p1a: Flutter Mane|Flutter Mane, L50|100\/100\n|-enditem|p1a: Flutter Mane|Booster Energy\n|-activate|p1a: Flutter Mane|ability: Protosynthesis|[fromitem]\n|-start|p1a: Flutter Mane|protosynthesisspe\n|turn|3\n|\n|t:|1682497582\n|move|p2b: Houndstone|Shadow Sneak|p1a: Flutter Mane\n|-supereffective|p1a: Flutter Mane\n|-damage|p1a: Flutter Mane|59\/100\n|move|p1a: Flutter Mane|Shadow Ball|p2b: Houndstone\n|-supereffective|p2b: Houndstone\n|-damage|p2b: Houndstone|25\/100 brn\n|move|p1b: Talonflame|Will-O-Wisp|p2a: Tyranitar\n|-status|p2a: Tyranitar|brn\n|move|p2a: Tyranitar|Rock Slide|p1b: Talonflame|[spread] p1b\n|-miss|p2a: Tyranitar|p1a: Flutter Mane\n|-supereffective|p1b: Talonflame\n|-damage|p1b: Talonflame|0 fnt\n|faint|p1b: Talonflame\n|\n|-weather|Sandstorm|[upkeep]\n|-damage|p1a: Flutter Mane|53\/100|[from] Sandstorm\n|-damage|p2b: Houndstone|19\/100 brn|[from] brn\n|-damage|p2a: Tyranitar|47\/100 brn|[from] brn\n|upkeep\n|\n|t:|1682497590\n|switch|p1b: Amoonguss|Amoonguss, L50, F|100\/100\n|turn|4\n|inactive|LazY2401 has 30 seconds left.\n|\n|t:|1682497616\n|move|p1b: Amoonguss|Rage Powder|p1b: Amoonguss\n|-singleturn|p1b: Amoonguss|move: Rage Powder\n|move|p2b: Houndstone|Shadow Sneak|p1b: Amoonguss\n|-damage|p1b: Amoonguss|90\/100\n|move|p1a: Flutter Mane|Dazzling Gleam|p2a: Tyranitar|[spread] p2a,p2b\n|-supereffective|p2a: Tyranitar\n|-damage|p2a: Tyranitar|0 fnt\n|-damage|p2b: Houndstone|0 fnt\n|faint|p2a: Tyranitar\n|faint|p2b: Houndstone\n|\n|-weather|Sandstorm|[upkeep]\n|-damage|p1a: Flutter Mane|47\/100|[from] Sandstorm\n|-damage|p1b: Amoonguss|84\/100|[from] Sandstorm\n|-sideend|p1: Steakman5|move: Tailwind\n|upkeep\n|\n|t:|1682497633\n|switch|p2a: Palossand|Palossand, L50, F|100\/100\n|turn|5\n|\n|t:|1682497647\n|-terastallize|p2a: Palossand|Ground\n|move|p1a: Flutter Mane|Shadow Ball|p2a: Palossand\n|-damage|p2a: Palossand|60\/100\n|-unboost|p2a: Palossand|spd|1\n|move|p2a: Palossand|Earth Power|p1b: Amoonguss\n|-damage|p1b: Amoonguss|58\/100\n|move|p1b: Amoonguss|Pollen Puff|p1a: Flutter Mane\n|-heal|p1a: Flutter Mane|97\/100\n|\n|-weather|none\n|upkeep\n|turn|6\n|\n|t:|1682497665\n|move|p1a: Flutter Mane|Energy Ball|p2a: Palossand\n|-supereffective|p2a: Palossand\n|-damage|p2a: Palossand|0 fnt\n|faint|p2a: Palossand\n|\n|win|Steakman5\n|raw|Steakman5's rating: 1064 → 1090<\/strong> (+26 for winning)\n|raw|LazY2401's rating: 1012 → 1002<\/strong> (-10 for losing)\n","uploadtime":1682497670,"views":13,"p1id":"steakman5","p2id":"lazy2401","formatid":"gen9vgc2023regulationc","rating":1002,"private":0,"password":""}