{"id":"gen9vgc2023regulationc-1863848612","p1":"Raymond935","p2":"BOhm11","format":"[Gen 9] VGC 2023 Regulation C","log":"|j|\u2606Raymond935\n|j|\u2606BOhm11\n|t:|1684085073\n|gametype|doubles\n|player|p1|Raymond935|102|\n|player|p2|BOhm11|170|\n|teamsize|p1|6\n|teamsize|p2|6\n|gen|9\n|tier|[Gen 9] VGC 2023 Regulation C\n|rule|Species Clause: Limit one of each Pok\u00e9mon\n|rule|Item Clause: Limit one of each item\n|clearpoke\n|poke|p1|Dragonite, L50, M|\n|poke|p1|Chien-Pao, L50|\n|poke|p1|Slowbro, L50, F|\n|poke|p1|Iron Treads, L50|\n|poke|p1|Ceruledge, L50, M|\n|poke|p1|Naclstack, L50, M|\n|poke|p2|Lycanroc, L50, M|\n|poke|p2|Hippowdon, L50, M|\n|poke|p2|Scream Tail, L50|\n|poke|p2|Gothitelle, L50, F|\n|poke|p2|Garganacl, L50, M|\n|poke|p2|Breloom, L50, M|\n|teampreview|4\n|c|\u2606Raymond935|G2\nRaymond935 rejected open team sheets.\n|j| j4ce\n|l| j4ce\n|c|\u2606Raymond935|Wow\n|c|\u2606BOhm11|that was very different\n|c|\u2606Raymond935|A unique VGC experience\n|c|\u2606BOhm11|Definitely one to remember for the end of season lol\n|c|\u2606Raymond935|Well I coulda brought it out to turn 60 and lost on PP lmao\n|c|\u2606Raymond935|Figgured I'd save some time\n|c|\u2606BOhm11|That's fair would've been something for sure haha\n|j| Richweav13\n|\n|t:|1684086224\n|start\n|switch|p1a: Iron Treads|Iron Treads, L50|100\/100\n|switch|p1b: Dragonite|Dragonite, L50, M|100\/100\n|switch|p2a: Scream Tail|Scream Tail, L50|100\/100\n|switch|p2b: Breloom|Breloom, L50, M|100\/100\n|-enditem|p1a: Iron Treads|Booster Energy\n|-activate|p1a: Iron Treads|ability: Quark Drive|[fromitem]\n|-start|p1a: Iron Treads|quarkdriveatk\n|-enditem|p2a: Scream Tail|Booster Energy\n|-activate|p2a: Scream Tail|ability: Protosynthesis|[fromitem]\n|-start|p2a: Scream Tail|protosynthesisdef\n|turn|1\n|\n|t:|1684086361\n|move|p1b: Dragonite|Helping Hand|p1a: Iron Treads\n|-singleturn|p1a: Iron Treads|Helping Hand|[of] p1b: Dragonite\n|move|p2b: Breloom|Mach Punch|p1a: Iron Treads\n|-supereffective|p1a: Iron Treads\n|-damage|p1a: Iron Treads|50\/100\n|move|p1a: Iron Treads|Iron Head|p2a: Scream Tail\n|-supereffective|p2a: Scream Tail\n|-damage|p2a: Scream Tail|32\/100\n|move|p2a: Scream Tail|Reflect|p2a: Scream Tail\n|-sidestart|p2: BOhm11|Reflect\n|\n|upkeep\n|turn|2\n|\n|t:|1684086509\n|move|p2b: Breloom|Mach Punch|p1a: Iron Treads\n|-supereffective|p1a: Iron Treads\n|-damage|p1a: Iron Treads|1\/100\n|move|p1b: Dragonite|Hurricane|p2b: Breloom\n|-supereffective|p2b: Breloom\n|-damage|p2b: Breloom|0 fnt\n|faint|p2b: Breloom\n|move|p1a: Iron Treads|Iron Head|p2a: Scream Tail\n|-supereffective|p2a: Scream Tail\n|-damage|p2a: Scream Tail|0 fnt\n|faint|p2a: Scream Tail\n|-end|p2a: Scream Tail|Protosynthesis|[silent]\n|\n|upkeep\n|c|\u2606BOhm11|damn lol\n|\n|t:|1684086519\n|switch|p2a: Garganacl|Garganacl, L50, M|100\/100\n|switch|p2b: Hippowdon|Hippowdon, L50, M|100\/100\n|-weather|Sandstorm|[from] ability: Sand Stream|[of] p2b: Hippowdon\n|turn|3\n|c|\u2606Raymond935|aw man\n|c|\u2606BOhm11|that 1%\n|c|\u2606Raymond935|It's 1\/165\n|c|\u2606Raymond935|My brain was telling me not to risk it but for some reason I thought maybe you'd try and read too hard\n|\n|t:|1684086606\n|-terastallize|p2a: Garganacl|Water\n|move|p1a: Iron Treads|Protect|p1a: Iron Treads\n|-singleturn|p1a: Iron Treads|Protect\n|move|p2b: Hippowdon|Protect|p2b: Hippowdon\n|-singleturn|p2b: Hippowdon|Protect\n|move|p1b: Dragonite|Hurricane|p2b: Hippowdon\n|-activate|p2b: Hippowdon|move: Protect\n|move|p2a: Garganacl|Salt Cure|p1a: Iron Treads\n|-activate|p1a: Iron Treads|move: Protect\n|\n|-weather|Sandstorm|[upkeep]\n|-damage|p1b: Dragonite|94\/100|[from] Sandstorm\n|-damage|p2a: Garganacl|95\/100|[from] Sandstorm\n|-heal|p2a: Garganacl|100\/100|[from] item: Leftovers\n|upkeep\n|turn|4\n|c|\u2606BOhm11|hahaha I love it\n|\n|t:|1684086679\n|-end|p1a: Iron Treads|Quark Drive|[silent]\n|switch|p1a: Slowbro|Slowbro, L50, F|100\/100\n|move|p1b: Dragonite|Encore|p2b: Hippowdon\n|-start|p2b: Hippowdon|Encore\n|move|p2b: Hippowdon|Protect||[still]\n|-fail|p2b: Hippowdon\n|move|p2a: Garganacl|Salt Cure|p1b: Dragonite\n|-supereffective|p1b: Dragonite\n|-damage|p1b: Dragonite|69\/100\n|-start|p1b: Dragonite|Salt Cure\n|\n|-weather|Sandstorm|[upkeep]\n|-damage|p1b: Dragonite|63\/100|[from] Sandstorm\n|-damage|p1a: Slowbro|95\/100|[from] Sandstorm\n|-damage|p2a: Garganacl|95\/100|[from] Sandstorm\n|-heal|p2a: Garganacl|100\/100|[from] item: Leftovers\n|-damage|p1b: Dragonite|51\/100|[from] Salt Cure\n|upkeep\n|turn|5\n|\n|t:|1684086733\n|move|p2b: Hippowdon|Protect|p2b: Hippowdon\n|-singleturn|p2b: Hippowdon|Protect\n|move|p1b: Dragonite|Hurricane|p2b: Hippowdon\n|-activate|p2b: Hippowdon|move: Protect\n|move|p1a: Slowbro|Calm Mind|p1a: Slowbro\n|-boost|p1a: Slowbro|spa|1\n|-boost|p1a: Slowbro|spd|1\n|move|p2a: Garganacl|Salt Cure|p1b: Dragonite\n|-supereffective|p1b: Dragonite\n|-crit|p1b: Dragonite\n|-damage|p1b: Dragonite|15\/100\n|\n|-weather|Sandstorm|[upkeep]\n|-damage|p1b: Dragonite|9\/100|[from] Sandstorm\n|-damage|p1a: Slowbro|89\/100|[from] Sandstorm\n|-damage|p2a: Garganacl|95\/100|[from] Sandstorm\n|-heal|p2a: Garganacl|100\/100|[from] item: Leftovers\n|-damage|p1b: Dragonite|0 fnt|[from] Salt Cure\n|faint|p1b: Dragonite\n|-sideend|p2: BOhm11|Reflect\n|upkeep\n|c|\u2606Raymond935|Deserved for me using encore\n|\n|t:|1684086757\n|switch|p1b: Chien-Pao|Chien-Pao, L50|100\/100\n|-ability|p1b: Chien-Pao|Sword of Ruin\n|turn|6\n|c|\u2606BOhm11|I love the support dragonite for sure though\n|\n|t:|1684086785\n|move|p2b: Hippowdon|Protect||[still]\n|-fail|p2b: Hippowdon\n|move|p1b: Chien-Pao|Icicle Crash|p2b: Hippowdon\n|-supereffective|p2b: Hippowdon\n|-damage|p2b: Hippowdon|24\/100\n|move|p1a: Slowbro|Calm Mind|p1a: Slowbro\n|-boost|p1a: Slowbro|spa|1\n|-boost|p1a: Slowbro|spd|1\n|move|p2a: Garganacl|Salt Cure|p1b: Chien-Pao\n|-supereffective|p1b: Chien-Pao\n|-damage|p1b: Chien-Pao|62\/100\n|-start|p1b: Chien-Pao|Salt Cure\n|\n|-weather|Sandstorm|[upkeep]\n|-damage|p1b: Chien-Pao|56\/100|[from] Sandstorm\n|-damage|p1a: Slowbro|83\/100|[from] Sandstorm\n|-damage|p2a: Garganacl|95\/100|[from] Sandstorm\n|-heal|p2a: Garganacl|100\/100|[from] item: Leftovers\n|-damage|p1b: Chien-Pao|44\/100|[from] Salt Cure\n|-end|p2b: Hippowdon|Encore\n|upkeep\n|turn|7\n|\n|t:|1684086823\n|move|p1b: Chien-Pao|Ice Shard|p2b: Hippowdon\n|-supereffective|p2b: Hippowdon\n|-damage|p2b: Hippowdon|0 fnt\n|faint|p2b: Hippowdon\n|move|p1a: Slowbro|Calm Mind|p1a: Slowbro\n|-boost|p1a: Slowbro|spa|1\n|-boost|p1a: Slowbro|spd|1\n|move|p2a: Garganacl|Salt Cure|p1b: Chien-Pao\n|-supereffective|p1b: Chien-Pao\n|-damage|p1b: Chien-Pao|8\/100\n|\n|-weather|none\n|-damage|p1b: Chien-Pao|0 fnt|[from] Salt Cure\n|faint|p1b: Chien-Pao\n|upkeep\n|\n|t:|1684086826\n|switch|p1b: Iron Treads|Iron Treads, L50|1\/100\n|turn|8\n|\n|t:|1684086835\n|move|p1b: Iron Treads|Protect|p1b: Iron Treads\n|-singleturn|p1b: Iron Treads|Protect\n|move|p1a: Slowbro|Calm Mind|p1a: Slowbro\n|-boost|p1a: Slowbro|spa|1\n|-boost|p1a: Slowbro|spd|1\n|move|p2a: Garganacl|Recover||[still]\n|-fail|p2a: Garganacl|heal\n|\n|upkeep\n|turn|9\n|\n|t:|1684086850\n|move|p2a: Garganacl|Protect|p2a: Garganacl\n|-singleturn|p2a: Garganacl|Protect\n|move|p1b: Iron Treads|Iron Head|p2a: Garganacl\n|-activate|p2a: Garganacl|move: Protect\n|move|p1a: Slowbro|Calm Mind|p1a: Slowbro\n|-boost|p1a: Slowbro|spa|1\n|-boost|p1a: Slowbro|spd|1\n|\n|upkeep\n|turn|10\n|c|\u2606BOhm11|just need 8 misses in a row right\n|c|\u2606Raymond935|that's correct lol\n|\n|t:|1684086872\n|move|p1b: Iron Treads|Protect|p1b: Iron Treads\n|-singleturn|p1b: Iron Treads|Protect\n|move|p1a: Slowbro|Calm Mind|p1a: Slowbro\n|-boost|p1a: Slowbro|spa|1\n|-boost|p1a: Slowbro|spd|1\n|move|p2a: Garganacl|Salt Cure|p1b: Iron Treads\n|-activate|p1b: Iron Treads|move: Protect\n|\n|upkeep\n|turn|11\n|c|\u2606Raymond935|Just tryna be super safe\n|\n|t:|1684086882\n|move|p2a: Garganacl|Protect|p2a: Garganacl\n|-singleturn|p2a: Garganacl|Protect\n|move|p1b: Iron Treads|Iron Head|p2a: Garganacl\n|-activate|p2a: Garganacl|move: Protect\n|move|p1a: Slowbro|Hydro Pump|p2a: Garganacl\n|-activate|p2a: Garganacl|move: Protect\n|\n|upkeep\n|turn|12\n|c|\u2606BOhm11|you have to for sure!\n|c|\u2606Raymond935|Well like 5 misses depending\n|c|\u2606BOhm11|true lol\n|\n|t:|1684086920\n|move|p1b: Iron Treads|Iron Head|p2a: Garganacl\n|-resisted|p2a: Garganacl\n|-damage|p2a: Garganacl|90\/100\n|move|p1a: Slowbro|Hydro Pump|p2a: Garganacl|[miss]\n|-miss|p1a: Slowbro|p2a: Garganacl\n|move|p2a: Garganacl|Recover|p2a: Garganacl\n|-heal|p2a: Garganacl|100\/100\n|\n|upkeep\n|turn|13\n|\n|t:|1684086934\n|move|p1b: Iron Treads|Protect|p1b: Iron Treads\n|-singleturn|p1b: Iron Treads|Protect\n|move|p1a: Slowbro|Calm Mind|p1a: Slowbro\n|-boost|p1a: Slowbro|spa|0\n|-boost|p1a: Slowbro|spd|0\n|move|p2a: Garganacl|Salt Cure|p1b: Iron Treads\n|-activate|p1b: Iron Treads|move: Protect\n|\n|upkeep\n|turn|14\n|c|\u2606BOhm11|hard read lol\n|\n|t:|1684086955\n|move|p1b: Iron Treads|Iron Head|p2a: Garganacl\n|-resisted|p2a: Garganacl\n|-damage|p2a: Garganacl|90\/100\n|move|p1a: Slowbro|Calm Mind|p1a: Slowbro\n|-boost|p1a: Slowbro|spa|0\n|-boost|p1a: Slowbro|spd|0\n|move|p2a: Garganacl|Recover|p2a: Garganacl\n|-heal|p2a: Garganacl|100\/100\n|\n|upkeep\n|turn|15\n|\n|t:|1684086975\n|move|p1b: Iron Treads|Protect|p1b: Iron Treads\n|-singleturn|p1b: Iron Treads|Protect\n|move|p2a: Garganacl|Protect|p2a: Garganacl\n|-singleturn|p2a: Garganacl|Protect\n|move|p1a: Slowbro|Calm Mind|p1a: Slowbro\n|-boost|p1a: Slowbro|spa|0\n|-boost|p1a: Slowbro|spd|0\n|\n|upkeep\n|turn|16\n|c|\u2606Raymond935|unique vgc experiences\n|\n|t:|1684086986\n|-terastallize|p1b: Iron Treads|Steel\n|move|p1b: Iron Treads|Iron Head|p2a: Garganacl\n|-resisted|p2a: Garganacl\n|-damage|p2a: Garganacl|87\/100\n|move|p1a: Slowbro|Hydro Pump|p2a: Garganacl|[miss]\n|-miss|p1a: Slowbro|p2a: Garganacl\n|move|p2a: Garganacl|Salt Cure|p1b: Iron Treads\n|-resisted|p1b: Iron Treads\n|-damage|p1b: Iron Treads|0 fnt\n|faint|p1b: Iron Treads\n|-end|p1b: Iron Treads|Quark Drive|[silent]\n|\n|-heal|p2a: Garganacl|93\/100|[from] item: Leftovers\n|upkeep\n|turn|17\n|c|\u2606BOhm11|omg...\n|c|\u2606BOhm11|That shoudn't happen\n|\n|t:|1684087038\n|move|p2a: Garganacl|Protect|p2a: Garganacl\n|-singleturn|p2a: Garganacl|Protect\n|move|p1a: Slowbro|Calm Mind|p1a: Slowbro\n|-boost|p1a: Slowbro|spa|0\n|-boost|p1a: Slowbro|spd|0\n|\n|-heal|p2a: Garganacl|99\/100|[from] item: Leftovers\n|upkeep\n|turn|18\n|\n|t:|1684087048\n|move|p1a: Slowbro|Protect|p1a: Slowbro\n|-singleturn|p1a: Slowbro|Protect\n|move|p2a: Garganacl|Salt Cure|p1a: Slowbro\n|-activate|p1a: Slowbro|move: Protect\n|\n|-heal|p2a: Garganacl|100\/100|[from] item: Leftovers\n|upkeep\n|turn|19\n|\n|t:|1684087061\n|move|p1a: Slowbro|Calm Mind|p1a: Slowbro\n|-boost|p1a: Slowbro|spa|0\n|-boost|p1a: Slowbro|spd|0\n|move|p2a: Garganacl|Salt Cure|p1a: Slowbro\n|-damage|p1a: Slowbro|74\/100\n|\n|upkeep\n|turn|20\n|\n|t:|1684087083\n|move|p2a: Garganacl|Protect|p2a: Garganacl\n|-singleturn|p2a: Garganacl|Protect\n|move|p1a: Slowbro|Calm Mind|p1a: Slowbro\n|-boost|p1a: Slowbro|spa|0\n|-boost|p1a: Slowbro|spd|0\n|\n|upkeep\n|turn|21\n|c|\u2606BOhm11|60 turns?\n|c|\u2606Raymond935|see you there\n|c|\u2606BOhm11|lets make vbl history lol\n|\n|t:|1684087105\n|move|p1a: Slowbro|Protect|p1a: Slowbro\n|-singleturn|p1a: Slowbro|Protect\n|move|p2a: Garganacl|Iron Defense|p2a: Garganacl\n|-boost|p2a: Garganacl|def|2\n|\n|upkeep\n|turn|22\n|\n|t:|1684087116\n|move|p1a: Slowbro|Calm Mind|p1a: Slowbro\n|-boost|p1a: Slowbro|spa|0\n|-boost|p1a: Slowbro|spd|0\n|move|p2a: Garganacl|Salt Cure|p1a: Slowbro\n|-damage|p1a: Slowbro|66\/100\n|\n|upkeep\n|turn|23\n|\n|t:|1684087127\n|move|p2a: Garganacl|Protect|p2a: Garganacl\n|-singleturn|p2a: Garganacl|Protect\n|move|p1a: Slowbro|Hydro Pump|p2a: Garganacl\n|-activate|p2a: Garganacl|move: Protect\n|\n|upkeep\n|turn|24\n|c|\u2606Raymond935|AW\n|c|\u2606BOhm11|lucky read\n|\n|t:|1684087140\n|move|p1a: Slowbro|Hydro Pump|p2a: Garganacl|[miss]\n|-miss|p1a: Slowbro|p2a: Garganacl\n|move|p2a: Garganacl|Salt Cure|p1a: Slowbro\n|-damage|p1a: Slowbro|57\/100\n|\n|upkeep\n|turn|25\n|\n|t:|1684087149\n|move|p1a: Slowbro|Calm Mind|p1a: Slowbro\n|-boost|p1a: Slowbro|spa|0\n|-boost|p1a: Slowbro|spd|0\n|move|p2a: Garganacl|Iron Defense|p2a: Garganacl\n|-boost|p2a: Garganacl|def|2\n|\n|upkeep\n|turn|26\n|c|\u2606Raymond935|you're getting me\n|c|\u2606BOhm11|Its luck\n|\n|t:|1684087169\n|move|p1a: Slowbro|Calm Mind|p1a: Slowbro\n|-boost|p1a: Slowbro|spa|0\n|-boost|p1a: Slowbro|spd|0\n|move|p2a: Garganacl|Recover||[still]\n|-fail|p2a: Garganacl|heal\n|\n|upkeep\n|turn|27\n|\n|t:|1684087183\n|move|p2a: Garganacl|Protect|p2a: Garganacl\n|-singleturn|p2a: Garganacl|Protect\n|move|p1a: Slowbro|Calm Mind|p1a: Slowbro\n|-boost|p1a: Slowbro|spa|0\n|-boost|p1a: Slowbro|spd|0\n|\n|upkeep\n|turn|28\n|\n|t:|1684087188\n|move|p1a: Slowbro|Hydro Pump|p2a: Garganacl\n|-resisted|p2a: Garganacl\n|-damage|p2a: Garganacl|24\/100\n|move|p2a: Garganacl|Iron Defense|p2a: Garganacl\n|-boost|p2a: Garganacl|def|2\n|\n|-heal|p2a: Garganacl|29\/100|[from] item: Leftovers\n|upkeep\n|turn|29\n|c|\u2606BOhm11|lol fuck\n|c|\u2606Raymond935|garg and slowbro for vbl icon\n|c|\u2606BOhm11|Definitely lol\n|\n|t:|1684087226\n|move|p1a: Slowbro|Hydro Pump|p2a: Garganacl\n|-resisted|p2a: Garganacl\n|-damage|p2a: Garganacl|0 fnt\n|faint|p2a: Garganacl\n|\n|win|Raymond935\n|c|\u2606Raymond935|Gg\n|c|\u2606BOhm11|good read gg\n|j| sucabaVGC\n|l| sucabaVGC\n|l| Richweav13\n","uploadtime":1684088063,"views":31,"p1id":"raymond935","p2id":"bohm11","formatid":"gen9vgc2023regulationc","rating":0,"private":0,"password":""}