{"id":"gen9vgc2023regulationc-1862910679","p1":"Jigglyjoe13","p2":"jchemmy","format":"[Gen 9] VGC 2023 Regulation C","log":"|j|\u2606Jigglyjoe13\n|j|\u2606jchemmy\n|t:|1683937211\n|gametype|doubles\n|player|p1|Jigglyjoe13|red|1311\n|player|p2|jchemmy|brock|1432\n|teamsize|p1|6\n|teamsize|p2|6\n|gen|9\n|tier|[Gen 9] VGC 2023 Regulation C\n|rated|\n|rule|Species Clause: Limit one of each Pok\u00e9mon\n|rule|Item Clause: Limit one of each item\n|clearpoke\n|poke|p1|Wo-Chien, L50|\n|poke|p1|Chi-Yu, L50|\n|poke|p1|Abomasnow, L50, F|\n|poke|p1|Iron Bundle, L50|\n|poke|p1|Magnezone, L50|\n|poke|p1|Iron Valiant, L50|\n|poke|p2|Flutter Mane, L50|\n|poke|p2|Ting-Lu, L50|\n|poke|p2|Baxcalibur, L50, F|\n|poke|p2|Palafin, L50, M|\n|poke|p2|Arcanine, L50, F|\n|poke|p2|Amoonguss, L50, F|\n|teampreview|4\n|inactive|Battle timer is ON: inactive players will automatically lose when time's up. (requested by jchemmy)\n|inactive|Jigglyjoe13 also wants the timer to be on.\njchemmy has agreed to open team sheets.\n|inactive|Jigglyjoe13 has 60 seconds left.\n|\n|t:|1683937247\n|start\n|switch|p1a: Chi-Yu|Chi-Yu, L50|100\/100\n|switch|p1b: Iron Bundle|Iron Bundle, L50|100\/100\n|switch|p2a: Flutter Mane|Flutter Mane, L50|100\/100\n|switch|p2b: Amoonguss|Amoonguss, L50, F|100\/100\n|-ability|p1a: Chi-Yu|Beads of Ruin\n|turn|1\n|inactive|Jigglyjoe13 has 30 seconds left.\n|\n|t:|1683937277\n|switch|p1a: Abomasnow|Abomasnow, L50, F|100\/100\n|-weather|Snow|[from] ability: Snow Warning|[of] p1a: Abomasnow\n|-terastallize|p2b: Amoonguss|Water\n|move|p1b: Iron Bundle|Blizzard|p2b: Amoonguss|[spread] p2a,p2b\n|-resisted|p2b: Amoonguss\n|-damage|p2a: Flutter Mane|44\/100\n|-damage|p2b: Amoonguss|75\/100\n|move|p2a: Flutter Mane|Moonblast|p1a: Abomasnow\n|-damage|p1a: Abomasnow|26\/100\n|-unboost|p1a: Abomasnow|spa|1\n|move|p2b: Amoonguss|Pollen Puff|p2a: Flutter Mane\n|-heal|p2a: Flutter Mane|94\/100\n|\n|-weather|Snow|[upkeep]\n|upkeep\n|turn|2\n|inactive|Jigglyjoe13 has 30 seconds left.\n|inactive|jchemmy has 30 seconds left.\n|\n|t:|1683937306\n|move|p1b: Iron Bundle|Blizzard|p2a: Flutter Mane|[spread] p2a,p2b\n|-resisted|p2b: Amoonguss\n|-damage|p2a: Flutter Mane|38\/100\n|-damage|p2b: Amoonguss|50\/100\n|-status|p2a: Flutter Mane|frz\n|-enditem|p2b: Amoonguss|Sitrus Berry|[eat]\n|-heal|p2b: Amoonguss|75\/100|[from] item: Sitrus Berry\n|-curestatus|p2a: Flutter Mane|frz|[msg]\n|move|p2a: Flutter Mane|Moonblast|p1a: Abomasnow\n|-damage|p1a: Abomasnow|0 fnt\n|faint|p1a: Abomasnow\n|move|p2b: Amoonguss|Spore|p1b: Iron Bundle\n|-status|p1b: Iron Bundle|slp|[from] move: Spore\n|\n|-weather|Snow|[upkeep]\n|upkeep\n|\n|t:|1683937324\n|switch|p1a: Wo-Chien|Wo-Chien, L50|100\/100\n|-ability|p1a: Wo-Chien|Tablets of Ruin\n|turn|3\n|\n|t:|1683937341\n|-end|p2a: Flutter Mane|Protosynthesis|[silent]\n|switch|p2a: Arcanine|Arcanine, L50, F|100\/100\n|-ability|p2a: Arcanine|Intimidate|boost\n|-unboost|p1a: Wo-Chien|atk|1\n|-unboost|p1b: Iron Bundle|atk|1\n|cant|p1b: Iron Bundle|slp\n|move|p1a: Wo-Chien|Giga Drain|p2b: Amoonguss\n|-supereffective|p2b: Amoonguss\n|-damage|p2b: Amoonguss|12\/100\n|move|p2b: Amoonguss|Pollen Puff|p1a: Wo-Chien\n|-supereffective|p1a: Wo-Chien\n|-damage|p1a: Wo-Chien|63\/100\n|\n|-weather|Snow|[upkeep]\n|upkeep\n|turn|4\n|inactive|Jigglyjoe13 has 30 seconds left.\n|\n|t:|1683937372\n|switch|p2b: Ting-Lu|Ting-Lu, L50|100\/100\n|-ability|p2b: Ting-Lu|Vessel of Ruin\n|-terastallize|p1a: Wo-Chien|Water\n|cant|p1b: Iron Bundle|slp\n|move|p2a: Arcanine|Howl|p2a: Arcanine|[spread] p2a,p2b\n|-boost|p2a: Arcanine|atk|1\n|-boost|p2b: Ting-Lu|atk|1\n|move|p1a: Wo-Chien|Tera Blast|p2a: Arcanine\n|-supereffective|p2a: Arcanine\n|-damage|p2a: Arcanine|55\/100\n|\n|-weather|Snow|[upkeep]\n|upkeep\n|turn|5\n|\n|t:|1683937392\n|move|p2a: Arcanine|Protect|p2a: Arcanine\n|-singleturn|p2a: Arcanine|Protect\n|-curestatus|p1b: Iron Bundle|slp|[msg]\n|move|p1b: Iron Bundle|Blizzard|p2a: Arcanine|[spread] p2b\n|-activate|p2a: Arcanine|move: Protect\n|-supereffective|p2b: Ting-Lu\n|-damage|p2b: Ting-Lu|62\/100\n|move|p1a: Wo-Chien|Giga Drain|p2b: Ting-Lu\n|-supereffective|p2b: Ting-Lu\n|-damage|p2b: Ting-Lu|36\/100\n|-heal|p1a: Wo-Chien|79\/100|[from] drain|[of] p2b: Ting-Lu\n|move|p2b: Ting-Lu|Stone Edge|p1b: Iron Bundle\n|-supereffective|p1b: Iron Bundle\n|-damage|p1b: Iron Bundle|43\/100\n|\n|-weather|none\n|upkeep\n|turn|6\n|inactive|jchemmy has 30 seconds left.\n|\n|t:|1683937422\n|move|p1b: Iron Bundle|Blizzard|p2a: Arcanine|[spread] p2a,p2b\n|-resisted|p2a: Arcanine\n|-supereffective|p2b: Ting-Lu\n|-damage|p2a: Arcanine|36\/100\n|-damage|p2b: Ting-Lu|0 fnt\n|faint|p2b: Ting-Lu\n|move|p2a: Arcanine|Flare Blitz|p1b: Iron Bundle\n|-damage|p1b: Iron Bundle|0 fnt\n|faint|p1b: Iron Bundle\n|-end|p1b: Iron Bundle|Quark Drive|[silent]\n|-damage|p2a: Arcanine|27\/100|[from] Recoil\n|move|p1a: Wo-Chien|Tera Blast|p2a: Arcanine\n|-supereffective|p2a: Arcanine\n|-damage|p2a: Arcanine|0 fnt\n|faint|p2a: Arcanine\n|\n|upkeep\n|\n|t:|1683937437\n|switch|p1b: Chi-Yu|Chi-Yu, L50|100\/100\n|switch|p2a: Amoonguss|Amoonguss, L50, F, tera:Water|45\/100\n|switch|p2b: Flutter Mane|Flutter Mane, L50|38\/100\n|-ability|p1b: Chi-Yu|Beads of Ruin\n|turn|7\n|\n|t:|1683937456\n|move|p2b: Flutter Mane|Thunderbolt|p1a: Wo-Chien\n|-supereffective|p1a: Wo-Chien\n|-damage|p1a: Wo-Chien|22\/100\n|move|p1b: Chi-Yu|Dark Pulse|p2b: Flutter Mane\n|-damage|p2b: Flutter Mane|0 fnt\n|faint|p2b: Flutter Mane\n|-end|p2b: Flutter Mane|Protosynthesis|[silent]\n|move|p1a: Wo-Chien|Giga Drain|p2a: Amoonguss\n|-supereffective|p2a: Amoonguss\n|-damage|p2a: Amoonguss|0 fnt\n|-heal|p1a: Wo-Chien|47\/100|[from] drain|[of] p2a: Amoonguss\n|faint|p2a: Amoonguss\n|\n|win|Jigglyjoe13\n|raw|Jigglyjoe13's rating: 1311 → 1338<\/strong> (+27 for winning)\n|raw|jchemmy's rating: 1432 → 1405<\/strong> (-27 for losing)\n","uploadtime":1683937460,"views":11,"p1id":"jigglyjoe13","p2id":"jchemmy","formatid":"gen9vgc2023regulationc","rating":1338,"private":0,"password":""}