{"id":"gen9vgc2023regulationc-1853533250","p1":"aed96","p2":"judevgc","format":"[Gen 9] VGC 2023 Regulation C","log":"|j|\u2606aed96\n|j|\u2606judevgc\n|t:|1682694070\n|gametype|doubles\n|player|p1|aed96|red-masters|\n|player|p2|judevgc|cyclist|\n|teamsize|p1|6\n|teamsize|p2|6\n|gen|9\n|tier|[Gen 9] VGC 2023 Regulation C\n|rule|Species Clause: Limit one of each Pok\u00e9mon\n|rule|Item Clause: Limit one of each item\n|clearpoke\n|poke|p1|Azumarill, L50, M|\n|poke|p1|Garchomp, L50, M|\n|poke|p1|Kilowattrel, L50, M|\n|poke|p1|Gholdengo, L50|\n|poke|p1|Skuntank, L50, M|\n|poke|p1|Gardevoir, L50, F|\n|poke|p2|Roaring Moon, L50|\n|poke|p2|Tauros-Paldea-Aqua, L50, M|\n|poke|p2|Glimmora, L50, F|\n|poke|p2|Armarouge, L50, M|\n|poke|p2|Indeedee-F, L50, F|\n|poke|p2|Brambleghast, L50, F|\n|teampreview|4\n|c|\u2606aed96|g3\njudevgc rejected open team sheets.\n|c|\u2606aed96|glhf\n|j| PorygonTheBot\n|c| PorygonTheBot|This game looks fun!\n|c|\u2606judevgc|glhf\n|\n|t:|1682694879\n|start\n|switch|p1a: Kilowattrel|Kilowattrel, L50, M|100\/100\n|switch|p1b: Garchomp|Garchomp, L50, M|100\/100\n|switch|p2a: Roaring Moon|Roaring Moon, L50|100\/100\n|switch|p2b: Brambleghast|Brambleghast, L50, F|100\/100\n|-enditem|p2a: Roaring Moon|Booster Energy\n|-activate|p2a: Roaring Moon|ability: Protosynthesis|[fromitem]\n|-start|p2a: Roaring Moon|protosynthesisspe\n|turn|1\n|\n|t:|1682694918\n|-terastallize|p2b: Brambleghast|Ghost\n|move|p1a: Kilowattrel|Protect|p1a: Kilowattrel\n|-singleturn|p1a: Kilowattrel|Protect\n|move|p2a: Roaring Moon|Tailwind|p2a: Roaring Moon\n|-sidestart|p2: judevgc|move: Tailwind\n|-ability|p2b: Brambleghast|Wind Rider|boost\n|-boost|p2b: Brambleghast|atk|1\n|move|p2b: Brambleghast|Tera Blast|p1b: Garchomp\n|-damage|p1b: Garchomp|5\/100\n|move|p1b: Garchomp|Dragon Claw|p2a: Roaring Moon\n|-supereffective|p2a: Roaring Moon\n|-damage|p2a: Roaring Moon|7\/100\n|\n|upkeep\n|turn|2\n|\n|t:|1682694955\n|move|p2a: Roaring Moon|Throat Chop|p1a: Kilowattrel\n|-damage|p1a: Kilowattrel|30\/100\n|-start|p1a: Kilowattrel|Throat Chop|[silent]\n|move|p2b: Brambleghast|Tera Blast|p1a: Kilowattrel\n|-damage|p1a: Kilowattrel|0 fnt\n|faint|p1a: Kilowattrel\n|move|p1b: Garchomp|Dragon Claw|p2a: Roaring Moon\n|-supereffective|p2a: Roaring Moon\n|-damage|p2a: Roaring Moon|0 fnt\n|faint|p2a: Roaring Moon\n|-end|p2a: Roaring Moon|Protosynthesis|[silent]\n|\n|upkeep\n|\n|t:|1682694966\n|switch|p1a: Gholdengo|Gholdengo, L50|100\/100\n|switch|p2a: Glimmora|Glimmora, L50, F|100\/100\n|turn|3\n|\n|t:|1682694977\n|-terastallize|p1a: Gholdengo|Water\n|move|p1b: Garchomp|Protect|p1b: Garchomp\n|-singleturn|p1b: Garchomp|Protect\n|move|p2b: Brambleghast|Tera Blast|p1a: Gholdengo\n|-damage|p1a: Gholdengo|0 fnt\n|faint|p1a: Gholdengo\n|move|p2a: Glimmora|Dazzling Gleam|p1b: Garchomp\n|-activate|p1b: Garchomp|move: Protect\n|\n|upkeep\n|\n|t:|1682694985\n|switch|p1a: Azumarill|Azumarill, L50, M|100\/100\n|turn|4\n|c|\u2606aed96|wow didn't expect that to kill\n|c|\u2606judevgc|yes brambleghast hits super hard\n|c|\u2606aed96|i didn't prep hard enough for it haha\n|\n|t:|1682695013\n|move|p1b: Garchomp|Protect|p1b: Garchomp\n|-singleturn|p1b: Garchomp|Protect\n|move|p1a: Azumarill|Aqua Jet|p2b: Brambleghast\n|-damage|p2b: Brambleghast|56\/100\n|move|p2b: Brambleghast|Tera Blast|p1a: Azumarill\n|-damage|p1a: Azumarill|0 fnt\n|faint|p1a: Azumarill\n|move|p2a: Glimmora|Dazzling Gleam|p1b: Garchomp\n|-activate|p1b: Garchomp|move: Protect\n|\n|-sideend|p2: judevgc|move: Tailwind\n|upkeep\n|turn|5\n|\n|t:|1682695025\n|switch|p2b: Tauros|Tauros-Paldea-Aqua, L50, M|100\/100\n|-ability|p2b: Tauros|Intimidate|boost\n|-fail|p1b: Garchomp|unboost|[from] item: Clear Amulet|[of] p1b: Garchomp\n|move|p2a: Glimmora|Spiky Shield|p2a: Glimmora\n|-singleturn|p2a: Glimmora|move: Protect\n|move|p1b: Garchomp|Earthquake|p2a: Glimmora|[spread] p2b\n|-activate|p2a: Glimmora|move: Protect\n|-damage|p2b: Tauros|60\/100\n|\n|upkeep\n|turn|6\n|c|\u2606judevgc|I have sneak\n|c|\u2606judevgc|want to give it the kill\n|c|\u2606judevgc|lol\n|c|\u2606aed96|lol\n|\n|t:|1682695055\n|move|p2a: Glimmora|Spiky Shield||[still]\n|-fail|p2a: Glimmora\n|move|p1b: Garchomp|Earthquake|p2b: Tauros|[spread] p2a,p2b\n|-supereffective|p2a: Glimmora\n|-damage|p2a: Glimmora|0 fnt\n|-damage|p2b: Tauros|21\/100\n|-activate|p2a: Glimmora|ability: Toxic Debris\n|-sidestart|p1: aed96|move: Toxic Spikes\n|faint|p2a: Glimmora\n|move|p2b: Tauros|Stomping Tantrum|p2: Glimmora|[notarget]\n|-fail|p2b: Tauros\n|\n|upkeep\n|\n|t:|1682695059\n|switch|p2a: Brambleghast|Brambleghast, L50, F, tera:Ghost|56\/100\n|turn|7\n|\n|t:|1682695067\n|move|p2a: Brambleghast|Shadow Sneak|p1b: Garchomp\n|-damage|p1b: Garchomp|0 fnt\n|-damage|p2a: Brambleghast|44\/100|[from] ability: Rough Skin|[of] p1b: Garchomp\n|faint|p1b: Garchomp\n|\n|win|judevgc\n","uploadtime":1682695070,"views":10,"p1id":"aed96","p2id":"judevgc","formatid":"gen9vgc2023regulationc","rating":0,"private":0,"password":null}