{"id":"gen9vgc2023regulationc-1861829291","p1":"NoSugo","p2":"vovomaxben11","format":"[Gen 9] VGC 2023 Regulation C","log":"|j|\u2606NoSugo\n|j|\u2606vovomaxben11\n|t:|1683812890\n|gametype|doubles\n|player|p1|NoSugo|janitor|1131\n|player|p2|vovomaxben11|kimonogirl|1191\n|teamsize|p1|6\n|teamsize|p2|6\n|gen|9\n|tier|[Gen 9] VGC 2023 Regulation C\n|rated|\n|rule|Species Clause: Limit one of each Pok\u00e9mon\n|rule|Item Clause: Limit one of each item\n|clearpoke\n|poke|p1|Lycanroc-Midnight, L50, F|\n|poke|p1|Sandy Shocks, L50|\n|poke|p1|Espathra, L50, M|\n|poke|p1|Ting-Lu, L50|\n|poke|p1|Arcanine, L50, M|\n|poke|p1|Amoonguss, L50, M|\n|poke|p2|Maushold, L50|\n|poke|p2|Azumarill, L50, M|\n|poke|p2|Chien-Pao, L50|\n|poke|p2|Flutter Mane, L50|\n|poke|p2|Arcanine, L50, F|\n|poke|p2|Ting-Lu, L50|\n|teampreview|4\n|inactive|Battle timer is ON: inactive players will automatically lose when time's up. (requested by NoSugo)\n|inactive|vovomaxben11 has 60 seconds left.\n|\n|t:|1683812945\n|start\n|switch|p1a: Sandy Shocks|Sandy Shocks, L50|100\/100\n|switch|p1b: Espathra|Espathra, L50, M|100\/100\n|switch|p2a: Azumarill|Azumarill, L50, M|100\/100\n|switch|p2b: Maushold|Maushold, L50|100\/100\n|-enditem|p1a: Sandy Shocks|Booster Energy\n|-activate|p1a: Sandy Shocks|ability: Protosynthesis|[fromitem]\n|-start|p1a: Sandy Shocks|protosynthesisspe\n|turn|1\n|j| ZonXJ\n|\n|t:|1683812956\n|move|p2b: Maushold|Follow Me|p2b: Maushold\n|-singleturn|p2b: Maushold|move: Follow Me\n|move|p1a: Sandy Shocks|Gravity|p1a: Sandy Shocks\n|-fieldstart|move: Gravity\n|move|p1b: Espathra|Hypnosis|p2b: Maushold\n|-status|p2b: Maushold|slp|[from] move: Hypnosis\n|move|p2a: Azumarill|Belly Drum|p2a: Azumarill\n|-damage|p2a: Azumarill|50\/100\n|-setboost|p2a: Azumarill|atk|6|[from] move: Belly Drum\n|-enditem|p2a: Azumarill|Sitrus Berry|[eat]\n|-heal|p2a: Azumarill|75\/100|[from] item: Sitrus Berry\n|\n|-ability|p1b: Espathra|Speed Boost|boost\n|-boost|p1b: Espathra|spe|1\n|upkeep\n|turn|2\n|c| ZonXJ|prtect\n|\n|t:|1683812972\n|-terastallize|p2a: Azumarill|Grass\n|move|p1a: Sandy Shocks|Protect|p1a: Sandy Shocks\n|-singleturn|p1a: Sandy Shocks|Protect\n|cant|p2b: Maushold|slp\n|move|p2a: Azumarill|Aqua Jet|p1b: Espathra\n|-damage|p1b: Espathra|3\/100\n|move|p1b: Espathra|Hypnosis|p2a: Azumarill\n|-status|p2a: Azumarill|slp|[from] move: Hypnosis\n|\n|-ability|p1b: Espathra|Speed Boost|boost\n|-boost|p1b: Espathra|spe|1\n|upkeep\n|turn|3\n|c| ZonXJ|that shit lived damn\n|\n|t:|1683812991\n|-end|p1a: Sandy Shocks|Protosynthesis|[silent]\n|switch|p1a: Arcanine|Arcanine, L50, M|100\/100\n|-ability|p1a: Arcanine|Intimidate|boost\n|-unboost|p2a: Azumarill|atk|1\n|-unboost|p2b: Maushold|atk|1\n|cant|p2b: Maushold|slp\n|cant|p2a: Azumarill|slp\n|move|p1b: Espathra|Skill Swap|p1a: Arcanine\n|-activate|p1b: Espathra|move: Skill Swap|||[of] p1a: Arcanine\n|-ability|p1b: Espathra|Intimidate|boost\n|-unboost|p2a: Azumarill|atk|1\n|-unboost|p2b: Maushold|atk|1\n|\n|upkeep\n|turn|4\n|\n|t:|1683813011\n|-terastallize|p1a: Arcanine|Normal\n|cant|p2b: Maushold|slp\n|-curestatus|p2a: Azumarill|slp|[msg]\n|move|p2a: Azumarill|Aqua Jet|p1a: Arcanine\n|-damage|p1a: Arcanine|38\/100\n|move|p1b: Espathra|Skill Swap|p1a: Arcanine\n|-activate|p1b: Espathra|move: Skill Swap|||[of] p1a: Arcanine\n|-ability|p1a: Arcanine|Intimidate|boost\n|-unboost|p2a: Azumarill|atk|1\n|-unboost|p2b: Maushold|atk|1\n|move|p1a: Arcanine|Flare Blitz|p2a: Azumarill\n|-supereffective|p2a: Azumarill\n|-damage|p2a: Azumarill|0 fnt\n|faint|p2a: Azumarill\n|-damage|p1a: Arcanine|12\/100|[from] Recoil\n|\n|-ability|p1b: Espathra|Speed Boost|boost\n|-boost|p1b: Espathra|spe|1\n|upkeep\n|\n|t:|1683813027\n|switch|p2a: Chien-Pao|Chien-Pao, L50|100\/100\n|-ability|p2a: Chien-Pao|Sword of Ruin\n|turn|5\n|inactive|vovomaxben11 has 30 seconds left.\n|inactive|vovomaxben11 has 20 seconds left.\n|l| ZonXJ\n|inactive|vovomaxben11 has 15 seconds left.\n|inactive|vovomaxben11 has 10 seconds left.\n|inactive|vovomaxben11 has 5 seconds left.\n|\n|t:|1683813082\n|switch|p1a: Amoonguss|Amoonguss, L50, M|100\/100\n|move|p1b: Espathra|Hypnosis|p2a: Chien-Pao\n|-status|p2a: Chien-Pao|slp|[from] move: Hypnosis\n|cant|p2a: Chien-Pao|slp\n|-curestatus|p2b: Maushold|slp|[msg]\n|move|p2b: Maushold|Population Bomb|p1a: Amoonguss\n|-damage|p1a: Amoonguss|95\/100\n|-damage|p1a: Amoonguss|90\/100\n|-damage|p1a: Amoonguss|85\/100\n|-damage|p1a: Amoonguss|81\/100\n|-damage|p1a: Amoonguss|76\/100\n|-damage|p1a: Amoonguss|72\/100\n|-damage|p1a: Amoonguss|66\/100\n|-damage|p1a: Amoonguss|61\/100\n|-crit|p1a: Amoonguss\n|-damage|p1a: Amoonguss|42\/100\n|-enditem|p1a: Amoonguss|Sitrus Berry|[eat]\n|-heal|p1a: Amoonguss|67\/100|[from] item: Sitrus Berry\n|-damage|p1a: Amoonguss|61\/100\n|-hitcount|p1a: Amoonguss|10\n|\n|-fieldend|move: Gravity\n|-ability|p1b: Espathra|Speed Boost|boost\n|-boost|p1b: Espathra|spe|1\n|upkeep\n|turn|6\n|inactive|vovomaxben11 has 30 seconds left.\n|inactive|vovomaxben11 has 20 seconds left.\n|inactive|vovomaxben11 has 15 seconds left.\n|\n|t:|1683813122\n|switch|p1a: Arcanine|Arcanine, L50, M, tera:Normal|12\/100\n|-ability|p1a: Arcanine|Intimidate|boost\n|-unboost|p2a: Chien-Pao|atk|1\n|-unboost|p2b: Maushold|atk|1\n|move|p2b: Maushold|Feint|p1b: Espathra\n|-damage|p1b: Espathra|0 fnt\n|faint|p1b: Espathra\n|cant|p2a: Chien-Pao|slp\n|\n|upkeep\n|\n|t:|1683813140\n|switch|p1b: Amoonguss|Amoonguss, L50, M|94\/100\n|turn|7\n|\n|t:|1683813147\n|move|p1b: Amoonguss|Rage Powder|p1b: Amoonguss\n|-singleturn|p1b: Amoonguss|move: Rage Powder\n|-curestatus|p2a: Chien-Pao|slp|[msg]\n|move|p2a: Chien-Pao|Haze|p2a: Chien-Pao\n|-clearallboost\n|move|p2b: Maushold|Population Bomb|p1b: Amoonguss\n|-damage|p1b: Amoonguss|82\/100\n|-damage|p1b: Amoonguss|71\/100\n|-damage|p1b: Amoonguss|58\/100\n|-damage|p1b: Amoonguss|46\/100\n|-damage|p1b: Amoonguss|33\/100\n|-damage|p1b: Amoonguss|22\/100\n|-damage|p1b: Amoonguss|10\/100\n|-damage|p1b: Amoonguss|0 fnt\n|faint|p1b: Amoonguss\n|-hitcount|p1: Amoonguss|8\n|move|p1a: Arcanine|Flare Blitz|p2a: Chien-Pao\n|-supereffective|p2a: Chien-Pao\n|-enditem|p2a: Chien-Pao|Focus Sash\n|-damage|p2a: Chien-Pao|1\/100\n|-status|p2a: Chien-Pao|brn\n|-damage|p1a: Arcanine|0 fnt|[from] Recoil\n|faint|p1a: Arcanine\n|\n|-damage|p2a: Chien-Pao|0 fnt|[from] brn\n|faint|p2a: Chien-Pao\n|upkeep\n|\n|t:|1683813172\n|switch|p2a: Ting-Lu|Ting-Lu, L50|100\/100\n|switch|p1b: Sandy Shocks|Sandy Shocks, L50|100\/100\n|-ability|p2a: Ting-Lu|Vessel of Ruin\n|turn|8\n|-message|NoSugo forfeited.\n|\n|win|vovomaxben11\n|raw|NoSugo's rating: 1131 → 1110<\/strong> (-21 for losing)\n|raw|vovomaxben11's rating: 1191 → 1212<\/strong> (+21 for winning)\n|l|\u2606NoSugo\n","uploadtime":1683813193,"views":14,"p1id":"nosugo","p2id":"vovomaxben11","formatid":"gen9vgc2023regulationc","rating":1110,"private":0,"password":""}