{"id":"gen9vgc2023regulationc-1845144845","p1":"DuelLuna","p2":"TTVNuzlockeAcademy","format":"[Gen 9] VGC 2023 Regulation C","log":"|j|\u2606DuelLuna\n|j|\u2606TTVNuzlockeAcademy\n|t:|1681688881\n|gametype|doubles\n|player|p1|DuelLuna|caitlin|\n|player|p2|TTVNuzlockeAcademy|2|\n|teamsize|p1|6\n|teamsize|p2|6\n|gen|9\n|tier|[Gen 9] VGC 2023 Regulation C\n|rule|Species Clause: Limit one of each Pok\u00e9mon\n|rule|Item Clause: Limit one of each item\n|clearpoke\n|poke|p1|Garganacl, L50, F|\n|poke|p1|Amoonguss, L50, F|\n|poke|p1|Orthworm, L50, M|\n|poke|p1|Salamence, L50, M|\n|poke|p1|Sandy Shocks, L50|\n|poke|p1|Iron Moth, L50|\n|poke|p2|Rotom-Wash, L50|\n|poke|p2|Flareon, L50, F|\n|poke|p2|Toedscruel, L50, M|\n|poke|p2|Tyranitar, L50, M|\n|poke|p2|Lycanroc, L50, F|\n|poke|p2|Drifblim, L50, F|\n|teampreview|4\nTTVNuzlockeAcademy rejected open team sheets.\n|c|\u2606TTVNuzlockeAcademy|glhf\n|c|\u2606DuelLuna|U2!\n|l|\u2606DuelLuna\n|player|p1|\n|j|\u2606DuelLuna\n|player|p1|DuelLuna|caitlin\n|\n|t:|1681688952\n|start\n|switch|p1a: Orthworm|Orthworm, L50, M|100\/100\n|switch|p1b: Sandy Shocks|Sandy Shocks, L50|100\/100\n|switch|p2a: Drifblim|Drifblim, L50, F|100\/100\n|switch|p2b: Toedscruel|Toedscruel, L50, M|100\/100\n|turn|1\n|\n|t:|1681688989\n|move|p1b: Sandy Shocks|Light Screen|p1b: Sandy Shocks\n|-sidestart|p1: DuelLuna|move: Light Screen\n|move|p2a: Drifblim|Will-O-Wisp|p1a: Orthworm\n|-status|p1a: Orthworm|brn\n|move|p1a: Orthworm|Heavy Slam|p2b: Toedscruel\n|-damage|p2b: Toedscruel|65\/100\n|move|p2b: Toedscruel|Spore|p1b: Sandy Shocks\n|-status|p1b: Sandy Shocks|slp|[from] move: Spore\n|\n|-damage|p1a: Orthworm|94\/100 brn|[from] brn\n|upkeep\n|turn|2\n|\n|t:|1681689022\n|cant|p1b: Sandy Shocks|slp\n|move|p2a: Drifblim|Hex|p1a: Orthworm\n|-damage|p1a: Orthworm|52\/100 brn\n|move|p2b: Toedscruel|Earth Power|p1b: Sandy Shocks\n|-supereffective|p1b: Sandy Shocks\n|-damage|p1b: Sandy Shocks|63\/100 slp\n|move|p1a: Orthworm|Heavy Slam|p2b: Toedscruel\n|-damage|p2b: Toedscruel|28\/100\n|\n|-damage|p1a: Orthworm|45\/100 brn|[from] brn\n|upkeep\n|turn|3\n|\n|t:|1681689044\n|switch|p1a: Garganacl|Garganacl, L50, F|100\/100\n|move|p2b: Toedscruel|Protect|p2b: Toedscruel\n|-singleturn|p2b: Toedscruel|Protect\n|-curestatus|p1b: Sandy Shocks|slp|[msg]\n|move|p1b: Sandy Shocks|Thunderbolt|p2a: Drifblim\n|-supereffective|p2a: Drifblim\n|-enditem|p2a: Drifblim|Wacan Berry|[eat]\n|-enditem|p2a: Drifblim|Wacan Berry|[weaken]\n|-damage|p2a: Drifblim|59\/100\n|move|p2a: Drifblim|Tailwind|p2a: Drifblim\n|-sidestart|p2: TTVNuzlockeAcademy|move: Tailwind\n|\n|upkeep\n|turn|4\n|\n|t:|1681689085\n|move|p2a: Drifblim|Protect|p2a: Drifblim\n|-singleturn|p2a: Drifblim|Protect\n|move|p1b: Sandy Shocks|Protect|p1b: Sandy Shocks\n|-singleturn|p1b: Sandy Shocks|Protect\n|move|p1a: Garganacl|Salt Cure|p2b: Toedscruel\n|-resisted|p2b: Toedscruel\n|-damage|p2b: Toedscruel|20\/100\n|-start|p2b: Toedscruel|Salt Cure\n|move|p2b: Toedscruel|Spore|p1b: Sandy Shocks\n|-activate|p1b: Sandy Shocks|move: Protect\n|\n|-damage|p2b: Toedscruel|8\/100|[from] Salt Cure\n|upkeep\n|turn|5\n|\n|t:|1681689107\n|switch|p2a: Rotom|Rotom-Wash, L50|100\/100\n|move|p1a: Garganacl|Protect|p1a: Garganacl\n|-singleturn|p1a: Garganacl|Protect\n|move|p1b: Sandy Shocks|Thunderbolt|p2a: Rotom\n|-damage|p2a: Rotom|48\/100\n|-enditem|p2a: Rotom|Sitrus Berry|[eat]\n|-heal|p2a: Rotom|72\/100|[from] item: Sitrus Berry\n|move|p2b: Toedscruel|Spore|p1b: Sandy Shocks\n|-status|p1b: Sandy Shocks|slp|[from] move: Spore\n|\n|-damage|p2b: Toedscruel|0 fnt|[from] Salt Cure\n|faint|p2b: Toedscruel\n|upkeep\n|\n|t:|1681689127\n|switch|p2b: Drifblim|Drifblim, L50, F|59\/100\n|turn|6\n|\n|t:|1681689147\n|move|p2a: Rotom|Nasty Plot|p2a: Rotom\n|-boost|p2a: Rotom|spa|2\n|move|p2b: Drifblim|Hex|p1b: Sandy Shocks\n|-damage|p1b: Sandy Shocks|33\/100 slp\n|cant|p1b: Sandy Shocks|slp\n|move|p1a: Garganacl|Salt Cure|p2a: Rotom\n|-damage|p2a: Rotom|53\/100\n|-start|p2a: Rotom|Salt Cure\n|\n|-damage|p2a: Rotom|29\/100|[from] Salt Cure\n|-sideend|p2: TTVNuzlockeAcademy|move: Tailwind\n|upkeep\n|turn|7\n|\n|t:|1681689170\n|switch|p2a: Flareon|Flareon, L50, F|100\/100\n|cant|p1b: Sandy Shocks|slp\n|move|p2b: Drifblim|Tailwind|p2b: Drifblim\n|-sidestart|p2: TTVNuzlockeAcademy|move: Tailwind\n|move|p1a: Garganacl|Salt Cure|p2b: Drifblim\n|-supereffective|p2b: Drifblim\n|-damage|p2b: Drifblim|24\/100\n|-start|p2b: Drifblim|Salt Cure\n|\n|-damage|p2b: Drifblim|12\/100|[from] Salt Cure\n|-status|p2a: Flareon|tox|[from] item: Toxic Orb\n|upkeep\n|turn|8\n|\n|t:|1681689197\n|-end|p1b: Sandy Shocks|Protosynthesis|[silent]\n|switch|p1b: Salamence|Salamence, L50, M|100\/100\n|-ability|p1b: Salamence|Intimidate|boost\n|-unboost|p2a: Flareon|atk|1\n|-unboost|p2b: Drifblim|atk|1\n|move|p1a: Garganacl|Protect|p1a: Garganacl\n|-singleturn|p1a: Garganacl|Protect\n|move|p2b: Drifblim|Hex|p1b: Salamence\n|-damage|p1b: Salamence|83\/100\n|move|p2a: Flareon|Facade|p1a: Garganacl\n|-activate|p1a: Garganacl|move: Protect\n|\n|-damage|p2a: Flareon|95\/100 tox|[from] psn\n|-damage|p2b: Drifblim|0 fnt|[from] Salt Cure\n|faint|p2b: Drifblim\n|-sideend|p1: DuelLuna|move: Light Screen\n|upkeep\n|\n|t:|1681689212\n|switch|p2b: Rotom|Rotom-Wash, L50|29\/100\n|turn|9\n|\n|t:|1681689225\n|switch|p1b: Orthworm|Orthworm, L50, M|45\/100 brn\n|move|p2b: Rotom|Hydro Pump|p1a: Garganacl\n|-supereffective|p1a: Garganacl\n|-damage|p1a: Garganacl|21\/100\n|move|p2a: Flareon|Facade|p1b: Orthworm\n|-resisted|p1b: Orthworm\n|-damage|p1b: Orthworm|24\/100 brn\n|move|p1a: Garganacl|Salt Cure|p2b: Rotom\n|-damage|p2b: Rotom|9\/100\n|-start|p2b: Rotom|Salt Cure\n|\n|-heal|p1a: Garganacl|27\/100|[from] item: Leftovers\n|-damage|p2a: Flareon|83\/100 tox|[from] psn\n|-damage|p1b: Orthworm|18\/100 brn|[from] brn\n|-damage|p2b: Rotom|0 fnt|[from] Salt Cure\n|faint|p2b: Rotom\n|upkeep\n|turn|10\n|\n|t:|1681689250\n|move|p2a: Flareon|Facade|p1b: Orthworm\n|-resisted|p1b: Orthworm\n|-damage|p1b: Orthworm|0 fnt\n|faint|p1b: Orthworm\n|move|p1a: Garganacl|Recover|p1a: Garganacl\n|-heal|p1a: Garganacl|77\/100\n|\n|-heal|p1a: Garganacl|83\/100|[from] item: Leftovers\n|-damage|p2a: Flareon|66\/100 tox|[from] psn\n|-sideend|p2: TTVNuzlockeAcademy|move: Tailwind\n|upkeep\n|\n|t:|1681689255\n|switch|p1b: Salamence|Salamence, L50, M|83\/100\n|-ability|p1b: Salamence|Intimidate|boost\n|-unboost|p2a: Flareon|atk|1\n|turn|11\n|\n|t:|1681689263\n|move|p1b: Salamence|Dragon Claw|p2a: Flareon\n|-damage|p2a: Flareon|0 fnt\n|faint|p2a: Flareon\n|\n|win|DuelLuna\n|l|\u2606TTVNuzlockeAcademy\n|c|\u2606DuelLuna|Gg\n","uploadtime":1681689274,"views":21,"p1id":"duelluna","p2id":"ttvnuzlockeacademy","formatid":"gen9vgc2023regulationc","rating":0,"private":0,"password":""}