{"id":"gen9vgc2023regulationc-1856312752","p1":"Flipsicle","p2":"bronzongbroomsvgc","format":"[Gen 9] VGC 2023 Regulation C","log":"|j|\u2606Flipsicle\n|j|\u2606bronzongbroomsvgc\n|t:|1683049933\n|gametype|doubles\n|player|p1|Flipsicle|elesa-masters|\n|player|p2|bronzongbroomsvgc|1|\n|teamsize|p1|6\n|teamsize|p2|6\n|gen|9\n|tier|[Gen 9] VGC 2023 Regulation C\n|rule|Species Clause: Limit one of each Pok\u00e9mon\n|rule|Item Clause: Limit one of each item\n|clearpoke\n|poke|p1|Chi-Yu, L50|\n|poke|p1|Flutter Mane, L50|\n|poke|p1|Dragonite, L50, F|\n|poke|p1|Chien-Pao, L50|\n|poke|p1|Iron Bundle, L50|\n|poke|p1|Iron Hands, L50|\n|poke|p2|Tyranitar, L50, F|\n|poke|p2|Gyarados, L50, F|\n|poke|p2|Indeedee-F, L50, F|\n|poke|p2|Lycanroc, L50, M|\n|poke|p2|Iron Moth, L50|\n|poke|p2|Meowscarada, L50, F|\n|teampreview|4\nbronzongbroomsvgc has agreed to open team sheets.\n|c|\u2606bronzongbroomsvgc|g2\n|j| DOUUS Octoto\n|c|\u2606Flipsicle|glhf\nFlipsicle has agreed to open team sheets.\n|c|\u2606bronzongbroomsvgc|glhf\n|inactive|Battle timer is ON: inactive players will automatically lose when time's up. (requested by Flipsicle)\n|\n|t:|1683050357\n|start\n|switch|p1a: Chien-Pao|Chien-Pao, L50|100\/100\n|switch|p1b: Iron Bundle|Iron Bundle, L50|100\/100\n|switch|p2a: Tyranitar|Tyranitar, L50, F|100\/100\n|switch|p2b: Indeedee|Indeedee-F, L50, F|100\/100\n|-ability|p1a: Chien-Pao|Sword of Ruin\n|-fieldstart|move: Psychic Terrain|[from] ability: Psychic Surge|[of] p2b: Indeedee\n|-enditem|p2b: Indeedee|Psychic Seed\n|-boost|p2b: Indeedee|spd|1|[from] item: Psychic Seed\n|-weather|Sandstorm|[from] ability: Sand Stream|[of] p2a: Tyranitar\n|-enditem|p1b: Iron Bundle|Booster Energy\n|-activate|p1b: Iron Bundle|ability: Quark Drive|[fromitem]\n|-start|p1b: Iron Bundle|quarkdrivespe\n|turn|1\n|inactive|bronzongbroomsvgc has 30 seconds left.\n|\n|t:|1683050387\n|switch|p1a: Iron Hands|Iron Hands, L50|100\/100\n|move|p2b: Indeedee|Follow Me|p2b: Indeedee\n|-singleturn|p2b: Indeedee|move: Follow Me\n|move|p1b: Iron Bundle|Hydro Pump|p2b: Indeedee\n|-damage|p2b: Indeedee|65\/100\n|move|p2a: Tyranitar|Rock Slide|p1a: Iron Hands|[spread] p1a,p1b\n|-resisted|p1a: Iron Hands\n|-crit|p1a: Iron Hands\n|-supereffective|p1b: Iron Bundle\n|-damage|p1a: Iron Hands|87\/100\n|-damage|p1b: Iron Bundle|31\/100\n|\n|-weather|Sandstorm|[upkeep]\n|-damage|p1b: Iron Bundle|25\/100|[from] Sandstorm\n|-damage|p2b: Indeedee|59\/100|[from] Sandstorm\n|-damage|p1a: Iron Hands|80\/100|[from] Sandstorm\n|upkeep\n|turn|2\n|inactive|Flipsicle has 30 seconds left.\n|\n|t:|1683050413\n|-terastallize|p2a: Tyranitar|Flying\n|-terastallize|p1a: Iron Hands|Electric\n|move|p1b: Iron Bundle|Protect|p1b: Iron Bundle\n|-singleturn|p1b: Iron Bundle|Protect\n|move|p2b: Indeedee|Psyshock|p1a: Iron Hands\n|-damage|p1a: Iron Hands|60\/100\n|move|p2a: Tyranitar|Rock Slide|p1b: Iron Bundle|[spread] p1a\n|-activate|p1b: Iron Bundle|move: Protect\n|-damage|p1a: Iron Hands|39\/100\n|move|p1a: Iron Hands|Wild Charge|p2a: Tyranitar\n|-supereffective|p2a: Tyranitar\n|-damage|p2a: Tyranitar|0 fnt\n|faint|p2a: Tyranitar\n|-damage|p1a: Iron Hands|21\/100|[from] Recoil\n|\n|-weather|Sandstorm|[upkeep]\n|-damage|p1b: Iron Bundle|19\/100|[from] Sandstorm\n|-damage|p2b: Indeedee|52\/100|[from] Sandstorm\n|-damage|p1a: Iron Hands|15\/100|[from] Sandstorm\n|upkeep\n|\n|t:|1683050429\n|switch|p2a: Lycanroc|Lycanroc, L50, M|100\/100\n|turn|3\n|inactive|Flipsicle has 30 seconds left.\n|\n|t:|1683050461\n|move|p2a: Lycanroc|Rock Slide|p1a: Iron Hands|[spread] p1a,p1b\n|-supereffective|p1b: Iron Bundle\n|-damage|p1a: Iron Hands|0 fnt\n|-damage|p1b: Iron Bundle|0 fnt\n|faint|p1a: Iron Hands\n|-end|p1a: Iron Hands|Quark Drive|[silent]\n|faint|p1b: Iron Bundle\n|-end|p1b: Iron Bundle|Quark Drive|[silent]\n|move|p2b: Indeedee|Psyshock|p1: Iron Hands|[notarget]\n|-fail|p2b: Indeedee\n|\n|-weather|Sandstorm|[upkeep]\n|-damage|p2b: Indeedee|46\/100|[from] Sandstorm\n|upkeep\n|\n|t:|1683050465\n|switch|p1b: Flutter Mane|Flutter Mane, L50|100\/100\n|switch|p1a: Chien-Pao|Chien-Pao, L50|100\/100\n|-ability|p1a: Chien-Pao|Sword of Ruin\n|turn|4\n|\n|t:|1683050484\n|move|p2b: Indeedee|Follow Me|p2b: Indeedee\n|-singleturn|p2b: Indeedee|move: Follow Me\n|move|p2a: Lycanroc|Rock Slide|p1b: Flutter Mane|[spread] p1a,p1b\n|-supereffective|p1a: Chien-Pao\n|-damage|p1a: Chien-Pao|20\/100\n|-damage|p1b: Flutter Mane|22\/100\n|move|p1b: Flutter Mane|Dazzling Gleam|p2a: Lycanroc|[spread] p2a,p2b\n|-damage|p2a: Lycanroc|44\/100\n|-damage|p2b: Indeedee|12\/100\n|move|p1a: Chien-Pao|Sacred Sword|p2b: Indeedee\n|-damage|p2b: Indeedee|0 fnt\n|faint|p2b: Indeedee\n|\n|-weather|Sandstorm|[upkeep]\n|-damage|p1a: Chien-Pao|14\/100|[from] Sandstorm\n|-damage|p1b: Flutter Mane|16\/100|[from] Sandstorm\n|upkeep\n|\n|t:|1683050494\n|switch|p2b: Iron Moth|Iron Moth, L50|100\/100\n|-enditem|p2b: Iron Moth|Booster Energy\n|-activate|p2b: Iron Moth|ability: Quark Drive|[fromitem]\n|-start|p2b: Iron Moth|quarkdrivespa\n|turn|5\n|\n|t:|1683050503\n|move|p1a: Chien-Pao|Protect|p1a: Chien-Pao\n|-singleturn|p1a: Chien-Pao|Protect\n|move|p2a: Lycanroc|Rock Slide|p1a: Chien-Pao|[spread] p1b\n|-activate|p1a: Chien-Pao|move: Protect\n|-damage|p1b: Flutter Mane|0 fnt\n|faint|p1b: Flutter Mane\n|-end|p1b: Flutter Mane|Protosynthesis|[silent]\n|move|p2b: Iron Moth|Agility|p2b: Iron Moth\n|-boost|p2b: Iron Moth|spe|2\n|\n|-weather|none\n|-fieldend|move: Psychic Terrain\n|upkeep\n|turn|6\n|c|\u2606bronzongbroomsvgc|gg\n|c|\u2606Flipsicle|gg\n|\n|t:|1683050515\n|move|p1a: Chien-Pao|Sucker Punch|p2b: Iron Moth\n|-damage|p2b: Iron Moth|39\/100\n|move|p2b: Iron Moth|Energy Ball|p1a: Chien-Pao\n|-damage|p1a: Chien-Pao|0 fnt\n|faint|p1a: Chien-Pao\n|\n|win|bronzongbroomsvgc\n","uploadtime":1683050550,"views":14,"p1id":"flipsicle","p2id":"bronzongbroomsvgc","formatid":"gen9vgc2023regulationc","rating":0,"private":0,"password":""}