{"id":"gen9vgc2023regulationc-1861197625","p1":"head 0f the table","p2":"Ciq108","format":"[Gen 9] VGC 2023 Regulation C","log":"|j|\u2606head 0f the table\n|j|\u2606Ciq108\n|t:|1683735067\n|gametype|doubles\n|player|p1|head 0f the table|cynthia-gen4|\n|player|p2|Ciq108|2|\n|teamsize|p1|6\n|teamsize|p2|6\n|gen|9\n|tier|[Gen 9] VGC 2023 Regulation C\n|rule|Tera Type Preview: Tera Types are shown at Team Preview\n|rule|Species Clause: Limit one of each Pok\u00e9mon\n|rule|Item Clause: Limit one of each item\n|clearpoke\n|poke|p1|Palafin, L50, M|\n|poke|p1|Arcanine, L50, F|\n|poke|p1|Baxcalibur, L50, F|\n|poke|p1|Indeedee-F, L50, F|\n|poke|p1|Hatterene, L50, F|\n|poke|p1|Eelektross, L50, M|\n|poke|p2|Talonflame, L50, M|\n|poke|p2|Garchomp, L50, M|\n|poke|p2|Garganacl, L50, F|\n|poke|p2|Gholdengo, L50|\n|poke|p2|Rotom-Mow, L50|\n|poke|p2|Tatsugiri, L50, F|\n|teampreview|4\n|raw|head 0f the table's Tera Types: \/ \/ \/ \/ \/ \n|raw|Ciq108's Tera Types: \/ \/ \/ \/ \/ \n|c|\u2606Ciq108|G1\nhead 0f the table rejected open team sheets.\n|c|\u2606Ciq108|Could u get links pls\n|c|\u2606head 0f the table|gl hf\n|c|\u2606head 0f the table|sure\n|c|\u2606Ciq108|Ty\n|c|\u2606Ciq108|And glhf\n|j| sejuntest\n|c| sejuntest|glhf to all\n|c|\u2606head 0f the table|why is there a timer\n|c|\u2606head 0f the table|like in discord\n|c|\u2606head 0f the table|like i am not able to send link of other matches\n|c|\u2606Ciq108|Uh\n|c|\u2606Ciq108|Idk?\n|c|\u2606Ciq108|They must have put slow mode on\n|c|\u2606head 0f the table|yeah\n|c| sejuntest|head 0f the table could you dm it to sizzle & snom (me)\n|c| sejuntest|i'll post it\n|c|\u2606Ciq108|Ty\n|c| sejuntest|next time plz post all links in 1 msg\n|j| scizik\n|c|\u2606Ciq108|Im ngl i dont think slowmode is needed in live battles chsnnel but fair enough lol\n|\n|t:|1683735352\n|start\n|switch|p1a: Palafin|Palafin, L50, M|100\/100\n|switch|p1b: Baxcalibur|Baxcalibur, L50, F|100\/100\n|switch|p2a: da cheesy boi|Gholdengo, L50|100\/100\n|switch|p2b: where dozo? boi|Tatsugiri, L50, F|100\/100\n|turn|1\n|\n|t:|1683735383\n|detailschange|p1a: Palafin|Palafin-Hero, L50, M\n|switch|p1a: Indeedee|Indeedee-F, L50, F|100\/100\n|-fieldstart|move: Psychic Terrain|[from] ability: Psychic Surge|[of] p1a: Indeedee\n|-enditem|p1a: Indeedee|Psychic Seed\n|-boost|p1a: Indeedee|spd|1|[from] item: Psychic Seed\n|-terastallize|p1b: Baxcalibur|Water\n|move|p2b: where dozo? boi|Muddy Water|p1b: Baxcalibur|[spread] p1a\n|-miss|p2b: where dozo? boi|p1b: Baxcalibur\n|-damage|p1a: Indeedee|65\/100\n|move|p1b: Baxcalibur|Glaive Rush|p2b: where dozo? boi\n|-supereffective|p2b: where dozo? boi\n|-damage|p2b: where dozo? boi|0 fnt\n|-singlemove|p1b: Baxcalibur|Glaive Rush|[silent]\n|faint|p2b: where dozo? boi\n|move|p2a: da cheesy boi|Make It Rain|p1a: Indeedee|[spread] p1a,p1b\n|-resisted|p1b: Baxcalibur\n|-damage|p1a: Indeedee|25\/100\n|-damage|p1b: Baxcalibur|44\/100\n|-unboost|p2a: da cheesy boi|spa|1\n|-damage|p2a: da cheesy boi|91\/100|[from] item: Life Orb\n|\n|upkeep\n|c| sejuntest|tatsu no dozo\n|c| sejuntest|ooh\n|\n|t:|1683735401\n|switch|p2b: da chompy boi|Garchomp, L50, M|100\/100\n|turn|2\n|\n|t:|1683735432\n|move|p2a: da cheesy boi|Protect|p2a: da cheesy boi\n|-singleturn|p2a: da cheesy boi|Protect\n|move|p1a: Indeedee|Follow Me|p1a: Indeedee\n|-singleturn|p1a: Indeedee|move: Follow Me\n|move|p2b: da chompy boi|Earthquake|p1b: Baxcalibur|[spread] p1a,p1b\n|-activate|p2a: da cheesy boi|move: Protect\n|-damage|p1a: Indeedee|0 fnt\n|-damage|p1b: Baxcalibur|0 fnt\n|faint|p1a: Indeedee\n|faint|p1b: Baxcalibur\n|\n|upkeep\n|\n|t:|1683735441\n|switch|p1b: Palafin|Palafin-Hero, L50, M|100\/100\n|switch|p1a: Arcanine|Arcanine, L50, F|100\/100\n|-ability|p1a: Arcanine|Intimidate|boost\n|-unboost|p2a: da cheesy boi|atk|1\n|-fail|p2b: da chompy boi|unboost|[from] item: Clear Amulet|[of] p2b: da chompy boi\n|-activate|p1b: Palafin|ability: Zero to Hero\n|turn|3\n|j| THO Plexiglass\n|\n|t:|1683735523\n|move|p2b: da chompy boi|Dragon Claw|p1b: Palafin\n|-damage|p1b: Palafin|62\/100\n|move|p1a: Arcanine|Will-O-Wisp|p2b: da chompy boi\n|-status|p2b: da chompy boi|brn\n|move|p1b: Palafin|Wave Crash|p2a: da cheesy boi\n|-damage|p2a: da cheesy boi|14\/100\n|-damage|p1b: Palafin|39\/100|[from] Recoil\n|move|p2a: da cheesy boi|Shadow Ball|p1b: Palafin\n|-damage|p1b: Palafin|5\/100\n|-damage|p2a: da cheesy boi|5\/100|[from] item: Life Orb\n|\n|-damage|p2b: da chompy boi|94\/100 brn|[from] brn\n|upkeep\n|turn|4\n|\n|t:|1683735543\n|move|p1b: Palafin|Protect|p1b: Palafin\n|-singleturn|p1b: Palafin|Protect\n|move|p2a: da cheesy boi|Protect|p2a: da cheesy boi\n|-singleturn|p2a: da cheesy boi|Protect\n|move|p2b: da chompy boi|Earthquake|p1b: Palafin|[spread] p1a\n|-activate|p2a: da cheesy boi|move: Protect\n|-activate|p1b: Palafin|move: Protect\n|-supereffective|p1a: Arcanine\n|-damage|p1a: Arcanine|63\/100\n|move|p1a: Arcanine|Flare Blitz|p2a: da cheesy boi\n|-activate|p2a: da cheesy boi|move: Protect\n|\n|-damage|p2b: da chompy boi|88\/100 brn|[from] brn\n|upkeep\n|turn|5\n|\n|t:|1683735564\n|move|p2a: da cheesy boi|Protect||[still]\n|-fail|p2a: da cheesy boi\n|move|p1b: Palafin|Jet Punch|p2b: da chompy boi\n|-activate|p2b: da chompy boi|move: Psychic Terrain\n|move|p2b: da chompy boi|Earthquake|p1a: Arcanine|[spread] p2a,p1a,p1b\n|-supereffective|p2a: da cheesy boi\n|-supereffective|p1a: Arcanine\n|-damage|p2a: da cheesy boi|0 fnt\n|-damage|p1a: Arcanine|28\/100\n|-damage|p1b: Palafin|0 fnt\n|faint|p2a: da cheesy boi\n|faint|p1b: Palafin\n|move|p1a: Arcanine|Snarl|p2b: da chompy boi\n|-damage|p2b: da chompy boi|75\/100 brn\n|\n|-damage|p2b: da chompy boi|69\/100 brn|[from] brn\n|-fieldend|move: Psychic Terrain\n|upkeep\n|c| sejuntest|Psychic Terrain kind of sus here\n|\n|t:|1683735576\n|switch|p2a: da salty boi|Garganacl, L50, F|100\/100\n|turn|6\n|c|\u2606head 0f the table|yup forgot lol\n|c| THO Plexiglass|he forgor\n|\n|t:|1683735586\n|move|p2b: da chompy boi|Dragon Claw|p1a: Arcanine\n|-damage|p1a: Arcanine|9\/100\n|-enditem|p1a: Arcanine|Figy Berry|[eat]\n|-heal|p1a: Arcanine|42\/100|[from] item: Figy Berry\n|move|p1a: Arcanine|Snarl|p2b: da chompy boi|[spread] p2a,p2b\n|-damage|p2a: da salty boi|94\/100\n|-damage|p2b: da chompy boi|60\/100 brn\n|-unboost|p2a: da salty boi|spa|1\n|move|p2a: da salty boi|Body Press|p1a: Arcanine\n|-crit|p1a: Arcanine\n|-damage|p1a: Arcanine|5\/100\n|\n|-heal|p2a: da salty boi|99\/100|[from] item: Leftovers\n|-damage|p2b: da chompy boi|54\/100 brn|[from] brn\n|upkeep\n|turn|7\n|\n|t:|1683735601\n|move|p2b: da chompy boi|Dragon Claw|p1a: Arcanine\n|-damage|p1a: Arcanine|0 fnt\n|faint|p1a: Arcanine\n|\n|win|Ciq108\n|c|\u2606Ciq108|Gg\n|c|\u2606head 0f the table|gg\n|c| sejuntest|bpress garg ._.\n|l| THO Plexiglass\n|l| sejuntest\n|l|\u2606head 0f the table\n|j| Psycho782\n|j| Ace98121212\n|l| Ace98121212\n|l| Psycho782\n","uploadtime":1683735817,"views":18,"p1id":"head0fthetable","p2id":"ciq108","formatid":"gen9vgc2023regulationc","rating":0,"private":0,"password":""}