{"id":"gen9vgc2023regulationc-1858699419","p1":"UnknownAwez","p2":"cap4816","format":"[Gen 9] VGC 2023 Regulation C","log":"|j|\u2606UnknownAwez\n|j|\u2606cap4816\n|t:|1683344416\n|gametype|doubles\n|player|p1|UnknownAwez|2|1114\n|player|p2|cap4816|pokekid|1156\n|teamsize|p1|6\n|teamsize|p2|6\n|gen|9\n|tier|[Gen 9] VGC 2023 Regulation C\n|rated|\n|rule|Species Clause: Limit one of each Pok\u00e9mon\n|rule|Item Clause: Limit one of each item\n|clearpoke\n|poke|p1|Wo-Chien, L50|\n|poke|p1|Dondozo, L50, M|\n|poke|p1|Tatsugiri, L50, M|\n|poke|p1|Arcanine, L50, F|\n|poke|p1|Annihilape, L50, F|\n|poke|p1|Glimmora, L50, M|\n|poke|p2|Gastrodon, L50, F|\n|poke|p2|Palafin, L50, F|\n|poke|p2|Arcanine, L50, M|\n|poke|p2|Flutter Mane, L50|\n|poke|p2|Grimmsnarl, L50, M|\n|poke|p2|Kingambit, L50, M|\n|teampreview|4\n|inactive|Battle timer is ON: inactive players will automatically lose when time's up. (requested by cap4816)\n|\n|t:|1683344455\n|start\n|switch|p1a: Arcanine|Arcanine, L50, F|100\/100\n|switch|p1b: Wo-Chien|Wo-Chien, L50|100\/100\n|switch|p2a: Kingambit|Kingambit, L50, M|100\/100\n|switch|p2b: Grimmsnarl|Grimmsnarl, L50, M|100\/100\n|-ability|p1a: Arcanine|Intimidate|boost\n|-unboost|p2a: Kingambit|atk|1\n|-ability|p2a: Kingambit|Defiant|boost\n|-boost|p2a: Kingambit|atk|2\n|-unboost|p2b: Grimmsnarl|atk|1\n|-ability|p1b: Wo-Chien|Tablets of Ruin\n|turn|1\n|inactive|cap4816 has 30 seconds left.\n|\n|t:|1683344490\n|-terastallize|p2a: Kingambit|Flying\n|move|p2b: Grimmsnarl|Trick|p2a: Kingambit\n|-activate|p2b: Grimmsnarl|move: Trick|[of] p2a: Kingambit\n|-item|p2a: Kingambit|Lum Berry|[from] move: Trick\n|-item|p2b: Grimmsnarl|Mirror Herb|[from] move: Trick\n|move|p1a: Arcanine|Will-O-Wisp|p2a: Kingambit\n|-status|p2a: Kingambit|brn\n|-enditem|p2a: Kingambit|Lum Berry|[eat]\n|-curestatus|p2a: Kingambit|brn|[msg]\n|move|p1b: Wo-Chien|Leech Seed|p2a: Kingambit\n|-start|p2a: Kingambit|move: Leech Seed\n|move|p2a: Kingambit|Low Kick|p1b: Wo-Chien\n|-supereffective|p1b: Wo-Chien\n|-damage|p1b: Wo-Chien|49\/100\n|\n|-heal|p1b: Wo-Chien|56\/100|[from] item: Leftovers\n|-damage|p2a: Kingambit|88\/100|[from] Leech Seed|[of] p1b: Wo-Chien\n|-heal|p1b: Wo-Chien|68\/100|[silent]\n|upkeep\n|turn|2\n|inactive|UnknownAwez has 30 seconds left.\n|inactive|cap4816 has 30 seconds left.\n|inactive|UnknownAwez has 20 seconds left.\n|\n|t:|1683344526\n|switch|p2a: Arcanine|Arcanine, L50, M|100\/100\n|-ability|p2a: Arcanine|Intimidate|boost\n|-unboost|p1a: Arcanine|atk|1\n|-unboost|p1b: Wo-Chien|atk|1\n|-terastallize|p1b: Wo-Chien|Poison\n|move|p2b: Grimmsnarl|Parting Shot|p1a: Arcanine\n|-unboost|p1a: Arcanine|atk|1\n|-unboost|p1a: Arcanine|spa|1\n|\n|t:|1683344538\n|switch|p2b: Kingambit|Kingambit, L50, M, tera:Flying|88\/100|[from] Parting Shot\n|move|p1a: Arcanine|Will-O-Wisp|p2a: Arcanine|[miss]\n|-miss|p1a: Arcanine|p2a: Arcanine\n|move|p1b: Wo-Chien|Leech Seed|p2b: Kingambit\n|-start|p2b: Kingambit|move: Leech Seed\n|\n|-heal|p1b: Wo-Chien|74\/100|[from] item: Leftovers\n|-damage|p2b: Kingambit|76\/100|[from] Leech Seed|[of] p1b: Wo-Chien\n|-heal|p1b: Wo-Chien|86\/100|[silent]\n|upkeep\n|turn|3\n|\n|t:|1683344557\n|switch|p1a: Dondozo|Dondozo, L50, M|100\/100\n|switch|p2b: Grimmsnarl|Grimmsnarl, L50, M|100\/100\n|move|p1b: Wo-Chien|Protect|p1b: Wo-Chien\n|-singleturn|p1b: Wo-Chien|Protect\n|move|p2a: Arcanine|Flare Blitz|p1b: Wo-Chien\n|-activate|p1b: Wo-Chien|move: Protect\n|\n|-heal|p1b: Wo-Chien|92\/100|[from] item: Leftovers\n|upkeep\n|turn|4\n|\n|t:|1683344583\n|switch|p2a: Kingambit|Kingambit, L50, M, tera:Flying|76\/100\n|move|p2b: Grimmsnarl|Parting Shot|p1a: Dondozo\n|-unboost|p1a: Dondozo|atk|1\n|-unboost|p1a: Dondozo|spa|1\n|\n|t:|1683344588\n|switch|p2b: Arcanine|Arcanine, L50, M|100\/100|[from] Parting Shot\n|-ability|p2b: Arcanine|Intimidate|boost\n|-unboost|p1a: Dondozo|atk|1\n|-unboost|p1b: Wo-Chien|atk|1\n|move|p1b: Wo-Chien|Leech Seed|p2b: Arcanine|[miss]\n|-miss|p1b: Wo-Chien|p2b: Arcanine\n|move|p1a: Dondozo|Order Up|p2a: Kingambit\n|-damage|p2a: Kingambit|70\/100\n|\n|-heal|p1b: Wo-Chien|98\/100|[from] item: Leftovers\n|upkeep\n|turn|5\n|inactive|UnknownAwez has 30 seconds left.\n|\n|t:|1683344614\n|switch|p1a: Arcanine|Arcanine, L50, F|100\/100\n|-ability|p1a: Arcanine|Intimidate|boost\n|-unboost|p2a: Kingambit|atk|1\n|-ability|p2a: Kingambit|Defiant|boost\n|-boost|p2a: Kingambit|atk|2\n|-unboost|p2b: Arcanine|atk|1\n|switch|p2a: Grimmsnarl|Grimmsnarl, L50, M|100\/100\n|move|p2b: Arcanine|Will-O-Wisp|p1a: Arcanine\n|-immune|p1a: Arcanine\n|move|p1b: Wo-Chien|Leech Seed|p2a: Grimmsnarl\n|-start|p2a: Grimmsnarl|move: Leech Seed\n|\n|-heal|p1b: Wo-Chien|100\/100|[from] item: Leftovers\n|-damage|p2a: Grimmsnarl|88\/100|[from] Leech Seed|[of] p1b: Wo-Chien\n|upkeep\n|turn|6\n|\n|t:|1683344635\n|move|p2a: Grimmsnarl|Taunt|p1b: Wo-Chien\n|-start|p1b: Wo-Chien|move: Taunt\n|move|p2b: Arcanine|Flare Blitz|p1b: Wo-Chien\n|-damage|p1b: Wo-Chien|84\/100\n|-damage|p2b: Arcanine|95\/100|[from] Recoil\n|move|p1a: Arcanine|Will-O-Wisp|p2a: Grimmsnarl\n|-status|p2a: Grimmsnarl|brn\n|cant|p1b: Wo-Chien|move: Taunt|Leech Seed\n|\n|-heal|p1b: Wo-Chien|91\/100|[from] item: Leftovers\n|-damage|p2a: Grimmsnarl|76\/100 brn|[from] Leech Seed|[of] p1b: Wo-Chien\n|-heal|p1b: Wo-Chien|100\/100|[silent]\n|-damage|p2a: Grimmsnarl|70\/100 brn|[from] brn\n|upkeep\n|turn|7\n|inactive|UnknownAwez has 30 seconds left.\n|\n|t:|1683344663\n|move|p2a: Grimmsnarl|Parting Shot|p1a: Arcanine\n|-unboost|p1a: Arcanine|atk|1\n|-unboost|p1a: Arcanine|spa|1\n|\n|t:|1683344669\n|switch|p2a: Kingambit|Kingambit, L50, M, tera:Flying|70\/100|[from] Parting Shot\n|move|p2b: Arcanine|Will-O-Wisp|p1b: Wo-Chien\n|-status|p1b: Wo-Chien|brn\n|move|p1a: Arcanine|Flare Blitz|p2a: Kingambit\n|-damage|p2a: Kingambit|52\/100\n|-damage|p1a: Arcanine|95\/100|[from] Recoil\n|move|p1b: Wo-Chien|Ruination|p2b: Arcanine\n|-damage|p2b: Arcanine|48\/100\n|\n|-damage|p1b: Wo-Chien|94\/100 brn|[from] brn\n|upkeep\n|turn|8\n|inactive|UnknownAwez has 30 seconds left.\n|inactive|cap4816 has 30 seconds left.\n|inactive|cap4816 has 20 seconds left.\n|inactive|cap4816 has 15 seconds left.\n|\n|t:|1683344709\n|switch|p1a: Dondozo|Dondozo, L50, M|100\/100\n|move|p2b: Arcanine|Flare Blitz|p1b: Wo-Chien\n|-damage|p1b: Wo-Chien|77\/100 brn\n|-damage|p2b: Arcanine|42\/100|[from] Recoil\n|move|p1b: Wo-Chien|Ruination|p2a: Kingambit\n|-damage|p2a: Kingambit|27\/100\n|move|p2a: Kingambit|Iron Head|p1b: Wo-Chien\n|-damage|p1b: Wo-Chien|55\/100 brn\n|\n|-heal|p1b: Wo-Chien|61\/100 brn|[from] item: Leftovers\n|-damage|p1b: Wo-Chien|55\/100 brn|[from] brn\n|-end|p1b: Wo-Chien|move: Taunt\n|upkeep\n|turn|9\n|inactive|UnknownAwez has 30 seconds left.\n|\n|t:|1683344740\n|move|p2a: Kingambit|Protect|p2a: Kingambit\n|-singleturn|p2a: Kingambit|Protect\n|move|p2b: Arcanine|Will-O-Wisp|p1a: Dondozo\n|-status|p1a: Dondozo|brn\n|move|p1b: Wo-Chien|Leech Seed|p2a: Kingambit\n|-activate|p2a: Kingambit|move: Protect\n|move|p1a: Dondozo|Wave Crash|p2b: Arcanine\n|-supereffective|p2b: Arcanine\n|-damage|p2b: Arcanine|0 fnt\n|faint|p2b: Arcanine\n|-damage|p1a: Dondozo|90\/100 brn|[from] Recoil\n|\n|-heal|p1b: Wo-Chien|61\/100 brn|[from] item: Leftovers\n|-damage|p1b: Wo-Chien|55\/100 brn|[from] brn\n|-damage|p1a: Dondozo|84\/100 brn|[from] brn\n|upkeep\n|\n|t:|1683344762\n|switch|p2b: Flutter Mane|Flutter Mane, L50|100\/100\n|turn|10\n|\n|t:|1683344774\n|move|p2a: Kingambit|Sucker Punch||[still]\n|-fail|p2a: Kingambit\n|move|p2b: Flutter Mane|Shadow Ball|p1b: Wo-Chien\n|-damage|p1b: Wo-Chien|23\/100 brn\n|move|p1b: Wo-Chien|Leech Seed|p2b: Flutter Mane\n|-start|p2b: Flutter Mane|move: Leech Seed\n|move|p1a: Dondozo|Order Up|p2a: Kingambit\n|-damage|p2a: Kingambit|21\/100\n|\n|-heal|p1b: Wo-Chien|30\/100 brn|[from] item: Leftovers\n|-damage|p2b: Flutter Mane|88\/100|[from] Leech Seed|[of] p1b: Wo-Chien\n|-heal|p1b: Wo-Chien|38\/100 brn|[silent]\n|-damage|p1b: Wo-Chien|32\/100 brn|[from] brn\n|-damage|p1a: Dondozo|77\/100 brn|[from] brn\n|upkeep\n|turn|11\n|\n|t:|1683344798\n|move|p1b: Wo-Chien|Protect|p1b: Wo-Chien\n|-singleturn|p1b: Wo-Chien|Protect\n|move|p2a: Kingambit|Sucker Punch|p1a: Dondozo\n|-damage|p1a: Dondozo|58\/100 brn\n|move|p2b: Flutter Mane|Moonblast|p1a: Dondozo\n|-damage|p1a: Dondozo|5\/100 brn\n|-unboost|p1a: Dondozo|spa|1\n|move|p1a: Dondozo|Earthquake|p2a: Kingambit|[spread] p2b\n|-activate|p1b: Wo-Chien|move: Protect\n|-immune|p2a: Kingambit\n|-damage|p2b: Flutter Mane|71\/100\n|\n|-heal|p1b: Wo-Chien|38\/100 brn|[from] item: Leftovers\n|-damage|p2b: Flutter Mane|59\/100|[from] Leech Seed|[of] p1b: Wo-Chien\n|-heal|p1b: Wo-Chien|46\/100 brn|[silent]\n|-damage|p1b: Wo-Chien|40\/100 brn|[from] brn\n|-damage|p1a: Dondozo|0 fnt|[from] brn\n|faint|p1a: Dondozo\n|upkeep\n|\n|t:|1683344818\n|switch|p1a: Arcanine|Arcanine, L50, F|95\/100\n|-ability|p1a: Arcanine|Intimidate|boost\n|-unboost|p2a: Kingambit|atk|1\n|-ability|p2a: Kingambit|Defiant|boost\n|-boost|p2a: Kingambit|atk|2\n|-unboost|p2b: Flutter Mane|atk|1\n|turn|12\n|\n|t:|1683344839\n|-end|p2b: Flutter Mane|Protosynthesis|[silent]\n|switch|p2b: Grimmsnarl|Grimmsnarl, L50, M|70\/100 brn\n|move|p2a: Kingambit|Protect|p2a: Kingambit\n|-singleturn|p2a: Kingambit|Protect\n|move|p1a: Arcanine|Flare Blitz|p2b: Grimmsnarl\n|-damage|p2b: Grimmsnarl|40\/100 brn\n|-damage|p1a: Arcanine|85\/100|[from] Recoil\n|move|p1b: Wo-Chien|Leech Seed|p2a: Kingambit\n|-activate|p2a: Kingambit|move: Protect\n|\n|-heal|p1b: Wo-Chien|46\/100 brn|[from] item: Leftovers\n|-damage|p1b: Wo-Chien|40\/100 brn|[from] brn\n|-damage|p2b: Grimmsnarl|34\/100 brn|[from] brn\n|upkeep\n|turn|13\n|inactive|cap4816 has 30 seconds left.\n|inactive|cap4816 has 20 seconds left.\n|inactive|cap4816 has 15 seconds left.\n|inactive|cap4816 has 10 seconds left.\n|\n|t:|1683344888\n|move|p1b: Wo-Chien|Protect|p1b: Wo-Chien\n|-singleturn|p1b: Wo-Chien|Protect\n|move|p2b: Grimmsnarl|Swagger|p1b: Wo-Chien\n|-activate|p1b: Wo-Chien|move: Protect\n|move|p1a: Arcanine|Will-O-Wisp|p2a: Kingambit\n|-status|p2a: Kingambit|brn\n|move|p2a: Kingambit|Iron Head|p1b: Wo-Chien\n|-activate|p1b: Wo-Chien|move: Protect\n|\n|-heal|p1b: Wo-Chien|46\/100 brn|[from] item: Leftovers\n|-damage|p1b: Wo-Chien|40\/100 brn|[from] brn\n|-damage|p2b: Grimmsnarl|28\/100 brn|[from] brn\n|-damage|p2a: Kingambit|15\/100 brn|[from] brn\n|upkeep\n|turn|14\n|\n|t:|1683344912\n|move|p1a: Arcanine|Protect|p1a: Arcanine\n|-singleturn|p1a: Arcanine|Protect\n|move|p2b: Grimmsnarl|Trick|p1b: Wo-Chien\n|-activate|p2b: Grimmsnarl|move: Trick|[of] p1b: Wo-Chien\n|-item|p1b: Wo-Chien|Mirror Herb|[from] move: Trick\n|-item|p2b: Grimmsnarl|Leftovers|[from] move: Trick\n|move|p2a: Kingambit|Sucker Punch||[still]\n|-fail|p2a: Kingambit\n|move|p1b: Wo-Chien|Leech Seed|p2b: Grimmsnarl|[miss]\n|-miss|p1b: Wo-Chien|p2b: Grimmsnarl\n|\n|-heal|p2b: Grimmsnarl|34\/100 brn|[from] item: Leftovers\n|-damage|p1b: Wo-Chien|34\/100 brn|[from] brn\n|-damage|p2b: Grimmsnarl|28\/100 brn|[from] brn\n|-damage|p2a: Kingambit|9\/100 brn|[from] brn\n|upkeep\n|turn|15\n|\n|t:|1683344931\n|move|p2b: Grimmsnarl|Taunt|p1a: Arcanine\n|-start|p1a: Arcanine|move: Taunt\n|move|p1a: Arcanine|Flare Blitz|p2b: Grimmsnarl\n|-damage|p2b: Grimmsnarl|0 fnt\n|faint|p2b: Grimmsnarl\n|-damage|p1a: Arcanine|76\/100|[from] Recoil\n|move|p1b: Wo-Chien|Leech Seed|p2a: Kingambit\n|-start|p2a: Kingambit|move: Leech Seed\n|move|p2a: Kingambit|Iron Head|p1b: Wo-Chien\n|-damage|p1b: Wo-Chien|17\/100 brn\n|\n|-damage|p2a: Kingambit|0 fnt|[from] Leech Seed|[of] p1b: Wo-Chien\n|-heal|p1b: Wo-Chien|25\/100 brn|[silent]\n|faint|p2a: Kingambit\n|-damage|p1b: Wo-Chien|19\/100 brn|[from] brn\n|upkeep\n|\n|t:|1683344945\n|switch|p2b: Flutter Mane|Flutter Mane, L50|59\/100\n|turn|16\n|\n|t:|1683344952\n|move|p2b: Flutter Mane|Protect|p2b: Flutter Mane\n|-singleturn|p2b: Flutter Mane|Protect\n|move|p1a: Arcanine|Flare Blitz|p2b: Flutter Mane\n|-activate|p2b: Flutter Mane|move: Protect\n|move|p1b: Wo-Chien|Leech Seed|p2b: Flutter Mane\n|-activate|p2b: Flutter Mane|move: Protect\n|\n|-damage|p1b: Wo-Chien|13\/100 brn|[from] brn\n|upkeep\n|turn|17\n|\n|t:|1683344963\n|move|p2b: Flutter Mane|Shadow Ball|p1a: Arcanine\n|-damage|p1a: Arcanine|31\/100\n|-unboost|p1a: Arcanine|spd|1\n|-enditem|p1a: Arcanine|Sitrus Berry|[eat]\n|-heal|p1a: Arcanine|56\/100|[from] item: Sitrus Berry\n|move|p1a: Arcanine|Flare Blitz|p2b: Flutter Mane\n|-damage|p2b: Flutter Mane|0 fnt\n|faint|p2b: Flutter Mane\n|-end|p2b: Flutter Mane|Protosynthesis|[silent]\n|-damage|p1a: Arcanine|43\/100|[from] Recoil\n|\n|win|UnknownAwez\n|raw|UnknownAwez's rating: 1114 → 1142<\/strong> (+28 for winning)\n|raw|cap4816's rating: 1156 → 1128<\/strong> (-28 for losing)\n|l|\u2606UnknownAwez\n","uploadtime":1683344992,"views":16,"p1id":"unknownawez","p2id":"cap4816","formatid":"gen9vgc2023regulationc","rating":1128,"private":0,"password":""}