{"id":"gen9vgc2023regulationc-1852839829","p1":"TheSquigglyFish","p2":"Missed Ledgedash","format":"[Gen 9] VGC 2023 Regulation C","log":"|j|\u2606TheSquigglyFish\n|j|\u2606Missed Ledgedash\n|t:|1682610642\n|gametype|doubles\n|player|p1|TheSquigglyFish|blaine|1280\n|player|p2|Missed Ledgedash|juan-gen3|1307\n|teamsize|p1|6\n|teamsize|p2|6\n|gen|9\n|tier|[Gen 9] VGC 2023 Regulation C\n|rated|\n|rule|Species Clause: Limit one of each Pok\u00e9mon\n|rule|Item Clause: Limit one of each item\n|clearpoke\n|poke|p1|Annihilape, L50, M|\n|poke|p1|Maushold-Four, L50|\n|poke|p1|Ting-Lu, L50|\n|poke|p1|Palafin, L50, F|\n|poke|p1|Chien-Pao, L50|\n|poke|p1|Flutter Mane, L50|\n|poke|p2|Flutter Mane, L50|\n|poke|p2|Arcanine, L50, F|\n|poke|p2|Amoonguss, L50, M|\n|poke|p2|Palafin, L50, F|\n|poke|p2|Corviknight, L50, M|\n|poke|p2|Iron Hands, L50|\n|teampreview|4\nMissed Ledgedash has agreed to open team sheets.\nTheSquigglyFish has agreed to open team sheets.\n|\n|t:|1682610714\n|start\n|switch|p1a: SoMadItDied|Annihilape, L50, M|100\/100\n|switch|p1b: Haus of Maus|Maushold-Four, L50|100\/100\n|switch|p2a: Palafin|Palafin, L50, F|100\/100\n|switch|p2b: Corviknight|Corviknight, L50, M|100\/100\n|turn|1\n|\n|t:|1682610755\n|detailschange|p2a: Palafin|Palafin-Hero, L50, F\n|switch|p2a: Iron Hands|Iron Hands, L50|100\/100\n|-terastallize|p1a: SoMadItDied|Fire\n|move|p1b: Haus of Maus|Beat Up|p1a: SoMadItDied\n|-damage|p1a: SoMadItDied|99\/100\n|-damage|p1a: SoMadItDied|97\/100\n|-damage|p1a: SoMadItDied|94\/100\n|-damage|p1a: SoMadItDied|92\/100\n|-hitcount|p1a: SoMadItDied|4\n|move|p1a: SoMadItDied|Rage Fist|p2b: Corviknight\n|-damage|p2b: Corviknight|24\/100\n|move|p2b: Corviknight|Substitute|p2b: Corviknight\n|-fail|p2b: Corviknight|move: Substitute|[weak]\n|\n|-heal|p2b: Corviknight|30\/100|[from] item: Leftovers\n|upkeep\n|turn|2\n|inactive|Battle timer is ON: inactive players will automatically lose when time's up. (requested by TheSquigglyFish)\n|\n|t:|1682610794\n|move|p1b: Haus of Maus|Protect|p1b: Haus of Maus\n|-singleturn|p1b: Haus of Maus|Protect\n|move|p1a: SoMadItDied|Protect|p1a: SoMadItDied\n|-singleturn|p1a: SoMadItDied|Protect\n|move|p2b: Corviknight|Roost|p2b: Corviknight\n|-heal|p2b: Corviknight|80\/100\n|-singleturn|p2b: Corviknight|move: Roost\n|move|p2a: Iron Hands|Wild Charge|p1a: SoMadItDied\n|-activate|p1a: SoMadItDied|move: Protect\n|\n|-heal|p2b: Corviknight|86\/100|[from] item: Leftovers\n|upkeep\n|turn|3\n|\n|t:|1682610814\n|move|p1b: Haus of Maus|Follow Me|p1b: Haus of Maus\n|-singleturn|p1b: Haus of Maus|move: Follow Me\n|move|p1a: SoMadItDied|Rage Fist|p2b: Corviknight\n|-damage|p2b: Corviknight|4\/100\n|move|p2b: Corviknight|Roost|p2b: Corviknight\n|-heal|p2b: Corviknight|54\/100\n|-singleturn|p2b: Corviknight|move: Roost\n|move|p2a: Iron Hands|Drain Punch|p1b: Haus of Maus\n|-supereffective|p1b: Haus of Maus\n|-damage|p1b: Haus of Maus|10\/100\n|\n|-heal|p2b: Corviknight|60\/100|[from] item: Leftovers\n|upkeep\n|turn|4\n|inactive|Missed Ledgedash has 30 seconds left.\n|\n|t:|1682610843\n|move|p1b: Haus of Maus|Protect|p1b: Haus of Maus\n|-singleturn|p1b: Haus of Maus|Protect\n|move|p1a: SoMadItDied|Rage Fist|p2b: Corviknight\n|-damage|p2b: Corviknight|0 fnt\n|faint|p2b: Corviknight\n|move|p2a: Iron Hands|Drain Punch|p1a: SoMadItDied\n|-damage|p1a: SoMadItDied|62\/100\n|\n|upkeep\n|\n|t:|1682610853\n|switch|p2b: Palafin|Palafin-Hero, L50, F|100\/100\n|-activate|p2b: Palafin|ability: Zero to Hero\n|turn|5\n|\n|t:|1682610874\n|move|p2b: Palafin|Protect|p2b: Palafin\n|-singleturn|p2b: Palafin|Protect\n|move|p1b: Haus of Maus|Follow Me|p1b: Haus of Maus\n|-singleturn|p1b: Haus of Maus|move: Follow Me\n|move|p1a: SoMadItDied|Rage Fist|p2a: Iron Hands\n|-damage|p2a: Iron Hands|25\/100\n|move|p2a: Iron Hands|Drain Punch|p1b: Haus of Maus\n|-supereffective|p1b: Haus of Maus\n|-damage|p1b: Haus of Maus|0 fnt\n|-heal|p2a: Iron Hands|29\/100|[from] drain|[of] p1b: Haus of Maus\n|faint|p1b: Haus of Maus\n|\n|upkeep\n|\n|t:|1682610885\n|switch|p1b: Mutter Flane|Flutter Mane, L50|100\/100\n|-enditem|p1b: Mutter Flane|Booster Energy\n|-activate|p1b: Mutter Flane|ability: Protosynthesis|[fromitem]\n|-start|p1b: Mutter Flane|protosynthesisspa\n|turn|6\n|\n|t:|1682610898\n|-terastallize|p2b: Palafin|Water\n|move|p1a: SoMadItDied|Protect|p1a: SoMadItDied\n|-singleturn|p1a: SoMadItDied|Protect\n|move|p2b: Palafin|Jet Punch|p1a: SoMadItDied\n|-activate|p1a: SoMadItDied|move: Protect\n|move|p1b: Mutter Flane|Thunderbolt|p2b: Palafin\n|-supereffective|p2b: Palafin\n|-damage|p2b: Palafin|25\/100\n|move|p2a: Iron Hands|Heavy Slam|p1b: Mutter Flane\n|-supereffective|p1b: Mutter Flane\n|-damage|p1b: Mutter Flane|0 fnt\n|faint|p1b: Mutter Flane\n|-end|p1b: Mutter Flane|Protosynthesis|[silent]\n|\n|upkeep\n|\n|t:|1682610910\n|switch|p1b: Icecalibur|Chien-Pao, L50|100\/100\n|-ability|p1b: Icecalibur|Sword of Ruin\n|turn|7\n|\n|t:|1682610917\n|switch|p2b: Flutter Mane|Flutter Mane, L50|100\/100\n|move|p1b: Icecalibur|Sucker Punch||[still]\n|-fail|p1b: Icecalibur\n|move|p1a: SoMadItDied|Rage Fist|p2a: Iron Hands\n|-damage|p2a: Iron Hands|0 fnt\n|faint|p2a: Iron Hands\n|-end|p2a: Iron Hands|Quark Drive|[silent]\n|\n|upkeep\n|\n|t:|1682610924\n|switch|p2a: Palafin|Palafin-Hero, L50, F, tera:Water|25\/100\n|turn|8\n|\n|t:|1682610948\n|move|p2a: Palafin|Protect|p2a: Palafin\n|-singleturn|p2a: Palafin|Protect\n|move|p1b: Icecalibur|Sucker Punch||[still]\n|-fail|p1b: Icecalibur\n|move|p2b: Flutter Mane|Shadow Ball|p1a: SoMadItDied\n|-damage|p1a: SoMadItDied|18\/100\n|-unboost|p1a: SoMadItDied|spd|1\n|-ability|p1a: SoMadItDied|Defiant|boost\n|-boost|p1a: SoMadItDied|atk|2\n|-enditem|p1a: SoMadItDied|Sitrus Berry|[eat]\n|-heal|p1a: SoMadItDied|43\/100|[from] item: Sitrus Berry\n|move|p1a: SoMadItDied|Rage Fist|p2b: Flutter Mane\n|-supereffective|p2b: Flutter Mane\n|-damage|p2b: Flutter Mane|0 fnt\n|faint|p2b: Flutter Mane\n|-end|p2b: Flutter Mane|Protosynthesis|[silent]\n|\n|upkeep\n|turn|9\n|\n|t:|1682610966\n|move|p1b: Icecalibur|Sucker Punch|p2a: Palafin\n|-damage|p2a: Palafin|0 fnt\n|faint|p2a: Palafin\n|\n|win|TheSquigglyFish\n|raw|TheSquigglyFish's rating: 1280 → 1307<\/strong> (+27 for winning)\n|raw|Missed Ledgedash's rating: 1307 → 1285<\/strong> (-22 for losing)\n|l|\u2606Missed Ledgedash\n|c|\u2606TheSquigglyFish|gg\n|j|\u2606Missed Ledgedash\n|player|p2|Missed Ledgedash|juan-gen3\n|l|\u2606TheSquigglyFish\n","uploadtime":1682610978,"views":9,"p1id":"thesquigglyfish","p2id":"missedledgedash","formatid":"gen9vgc2023regulationc","rating":1285,"private":0,"password":""}