{"id":"gen9vgc2023regulationc-1856162293","p1":"aKrazy","p2":"Citoraptor","format":"[Gen 9] VGC 2023 Regulation C","log":"|j|\u2606aKrazy\n|j|\u2606Citoraptor\n|t:|1683036461\n|gametype|doubles\n|player|p1|aKrazy|2|1040\n|player|p2|Citoraptor|1|1069\n|teamsize|p1|4\n|teamsize|p2|6\n|gen|9\n|tier|[Gen 9] VGC 2023 Regulation C\n|rated|\n|rule|Species Clause: Limit one of each Pok\u00e9mon\n|rule|Item Clause: Limit one of each item\n|clearpoke\n|poke|p1|Ting-Lu, L50|\n|poke|p1|Ceruledge, L50, F|\n|poke|p1|Rotom-Wash, L50|\n|poke|p1|Hatterene, L50, F|\n|poke|p2|Roaring Moon, L50|\n|poke|p2|Talonflame, L50, M|\n|poke|p2|Gholdengo, L50|\n|poke|p2|Chien-Pao, L50|\n|poke|p2|Palafin, L50, M|\n|poke|p2|Maushold-Four, L50|\n|teampreview|4\n|j| volt79\n|inactive|Battle timer is ON: inactive players will automatically lose when time's up. (requested by aKrazy)\n|\n|t:|1683036487\n|start\n|switch|p1a: Ting-Lu|Ting-Lu, L50|100\/100\n|switch|p1b: Hatterene|Hatterene, L50, F|100\/100\n|switch|p2a: Talonflame|Talonflame, L50, M|100\/100\n|switch|p2b: Gholdengo|Gholdengo, L50|100\/100\n|-ability|p1a: Ting-Lu|Vessel of Ruin\n|turn|1\n|\n|t:|1683036513\n|-terastallize|p2b: Gholdengo|Water\n|move|p2a: Talonflame|Taunt|p1b: Hatterene\n|-start|p1b: Hatterene|move: Taunt\n|move|p2b: Gholdengo|Make It Rain|p1a: Ting-Lu|[spread] p1a,p1b\n|-supereffective|p1b: Hatterene\n|-damage|p1a: Ting-Lu|80\/100\n|-damage|p1b: Hatterene|0 fnt\n|-unboost|p2b: Gholdengo|spa|1\n|faint|p1b: Hatterene\n|move|p1a: Ting-Lu|Stone Edge|p2a: Talonflame\n|-supereffective|p2a: Talonflame\n|-damage|p2a: Talonflame|0 fnt\n|faint|p2a: Talonflame\n|\n|upkeep\n|\n|t:|1683036530\n|switch|p2a: Palafin|Palafin, L50, M|100\/100\n|switch|p1b: Rotom|Rotom-Wash, L50|100\/100\n|turn|2\n|c| volt79|cool\n|c| volt79|kill\n|\n|t:|1683036552\n|detailschange|p2a: Palafin|Palafin-Hero, L50, M\n|switch|p2a: Roaring Moon|Roaring Moon, L50, shiny|100\/100\n|-enditem|p2a: Roaring Moon|Booster Energy\n|-activate|p2a: Roaring Moon|ability: Protosynthesis|[fromitem]\n|-start|p2a: Roaring Moon|protosynthesisatk\n|move|p1b: Rotom|Volt Switch|p2a: Roaring Moon\n|-resisted|p2a: Roaring Moon\n|-damage|p2a: Roaring Moon|87\/100\n|-damage|p1b: Rotom|91\/100|[from] item: Life Orb\n|\n|t:|1683036563\n|switch|p1b: Ceruledge|Ceruledge, L50, F, shiny|100\/100|[from] Volt Switch\n|move|p2b: Gholdengo|Make It Rain|p1a: Ting-Lu|[spread] p1a,p1b\n|-resisted|p1b: Ceruledge\n|-damage|p1a: Ting-Lu|66\/100\n|-damage|p1b: Ceruledge|80\/100\n|-unboost|p2b: Gholdengo|spa|1\n|move|p1a: Ting-Lu|Fissure|p2b: Gholdengo\n|-damage|p2b: Gholdengo|0 fnt\n|faint|p2b: Gholdengo\n|-ohko\n|\n|upkeep\n|\n|t:|1683036577\n|switch|p2b: Palafin|Palafin-Hero, L50, M|100\/100\n|-activate|p2b: Palafin|ability: Zero to Hero\n|turn|3\n|\n|t:|1683036595\n|move|p2b: Palafin|Jet Punch|p1a: Ting-Lu\n|-supereffective|p1a: Ting-Lu\n|-damage|p1a: Ting-Lu|12\/100\n|move|p1b: Ceruledge|Shadow Claw|p2b: Palafin\n|-crit|p2b: Palafin\n|-damage|p2b: Palafin|42\/100\n|move|p2a: Roaring Moon|Throat Chop|p1b: Ceruledge\n|-supereffective|p1b: Ceruledge\n|-damage|p1b: Ceruledge|0 fnt\n|faint|p1b: Ceruledge\n|move|p1a: Ting-Lu|Fissure|p2b: Palafin|[miss]\n|-miss|p1a: Ting-Lu|p2b: Palafin\n|\n|upkeep\n|\n|t:|1683036606\n|switch|p1b: Rotom|Rotom-Wash, L50|91\/100\n|turn|4\n|l| volt79\n|\n|t:|1683036623\n|-terastallize|p1b: Rotom|Electric\n|move|p2b: Palafin|Jet Punch|p1a: Ting-Lu\n|-supereffective|p1a: Ting-Lu\n|-damage|p1a: Ting-Lu|0 fnt\n|faint|p1a: Ting-Lu\n|move|p2a: Roaring Moon|Throat Chop|p1b: Rotom\n|-damage|p1b: Rotom|19\/100\n|-start|p1b: Rotom|Throat Chop|[silent]\n|move|p1b: Rotom|Thunderbolt|p2b: Palafin\n|-supereffective|p2b: Palafin\n|-crit|p2b: Palafin\n|-damage|p2b: Palafin|0 fnt\n|faint|p2b: Palafin\n|-damage|p1b: Rotom|9\/100|[from] item: Life Orb\n|\n|upkeep\n|turn|5\n|\n|t:|1683036642\n|move|p1b: Rotom|Protect|p1b: Rotom\n|-singleturn|p1b: Rotom|Protect\n|move|p2a: Roaring Moon|Throat Chop|p1b: Rotom\n|-activate|p1b: Rotom|move: Protect\n|\n|-end|p1b: Rotom|Throat Chop|[silent]\n|upkeep\n|turn|6\n|\n|t:|1683036652\n|move|p2a: Roaring Moon|Throat Chop|p1b: Rotom\n|-damage|p1b: Rotom|0 fnt\n|faint|p1b: Rotom\n|\n|win|Citoraptor\n|raw|aKrazy's rating: 1040 → 1025<\/strong> (-15 for losing)\n|raw|Citoraptor's rating: 1069 → 1096<\/strong> (+27 for winning)\n|l|\u2606aKrazy\n","uploadtime":1683036661,"views":7,"p1id":"akrazy","p2id":"citoraptor","formatid":"gen9vgc2023regulationc","rating":1025,"private":0,"password":""}