{"id":"gen9vgc2023regulationc-1853279609","p1":"Sindreck","p2":"Stealyomunchlax","format":"[Gen 9] VGC 2023 Regulation C","log":"|j|\u2606Sindreck\n|j|\u2606Stealyomunchlax\n|t:|1682659955\n|gametype|doubles\n|player|p1|Sindreck|265|1290\n|player|p2|Stealyomunchlax|169|1186\n|teamsize|p1|6\n|teamsize|p2|6\n|gen|9\n|tier|[Gen 9] VGC 2023 Regulation C\n|rated|\n|rule|Species Clause: Limit one of each Pok\u00e9mon\n|rule|Item Clause: Limit one of each item\n|clearpoke\n|poke|p1|Iron Bundle, L50|\n|poke|p1|Abomasnow, L50, M|\n|poke|p1|Arcanine, L50, F|\n|poke|p1|Ting-Lu, L50|\n|poke|p1|Chi-Yu, L50|\n|poke|p1|Kingambit, L50, M|\n|poke|p2|Hippowdon, L50, M|\n|poke|p2|Garganacl, L50, F|\n|poke|p2|Gothitelle, L50, M|\n|poke|p2|Brute Bonnet, L50|\n|poke|p2|Gyarados, L50, M|\n|poke|p2|Arcanine, L50, F|\n|teampreview|4\n|\n|t:|1682659996\n|start\n|switch|p1a: Abomasnow|Abomasnow, L50, M|100\/100\n|switch|p1b: Iron Bundle|Iron Bundle, L50|100\/100\n|switch|p2a: Garganacl|Garganacl, L50, F|100\/100\n|switch|p2b: Arcanine|Arcanine, L50, F|100\/100\n|-ability|p2b: Arcanine|Intimidate|boost\n|-unboost|p1a: Abomasnow|atk|1\n|-unboost|p1b: Iron Bundle|atk|1\n|-weather|Snow|[from] ability: Snow Warning|[of] p1a: Abomasnow\n|turn|1\n|\n|t:|1682660018\n|-terastallize|p1a: Abomasnow|Water\n|move|p1b: Iron Bundle|Hydro Pump|p2b: Arcanine|[miss]\n|-miss|p1b: Iron Bundle|p2b: Arcanine\n|move|p2b: Arcanine|Flare Blitz|p1a: Abomasnow\n|-resisted|p1a: Abomasnow\n|-damage|p1a: Abomasnow|70\/100\n|-damage|p2b: Arcanine|90\/100|[from] Recoil\n|move|p1a: Abomasnow|Aurora Veil|p1a: Abomasnow\n|-sidestart|p1: Sindreck|move: Aurora Veil\n|move|p2a: Garganacl|Salt Cure|p1b: Iron Bundle\n|-supereffective|p1b: Iron Bundle\n|-damage|p1b: Iron Bundle|85\/100\n|-start|p1b: Iron Bundle|Salt Cure\n|\n|-weather|Snow|[upkeep]\n|-damage|p1b: Iron Bundle|61\/100|[from] Salt Cure\n|upkeep\n|turn|2\n|\n|t:|1682660047\n|-end|p1b: Iron Bundle|Quark Drive|[silent]\n|switch|p1b: Chi-Yu|Chi-Yu, L50|100\/100\n|-ability|p1b: Chi-Yu|Beads of Ruin\n|move|p2b: Arcanine|Protect|p2b: Arcanine\n|-singleturn|p2b: Arcanine|Protect\n|move|p1a: Abomasnow|Giga Drain|p2a: Garganacl\n|-supereffective|p2a: Garganacl\n|-damage|p2a: Garganacl|36\/100\n|-heal|p1a: Abomasnow|100\/100|[from] drain|[of] p2a: Garganacl\n|move|p2a: Garganacl|Salt Cure|p1a: Abomasnow\n|-damage|p1a: Abomasnow|90\/100\n|-start|p1a: Abomasnow|Salt Cure\n|\n|-weather|Snow|[upkeep]\n|-damage|p1a: Abomasnow|65\/100|[from] Salt Cure\n|upkeep\n|turn|3\n|\n|t:|1682660082\n|-terastallize|p2b: Arcanine|Normal\n|move|p2a: Garganacl|Protect|p2a: Garganacl\n|-singleturn|p2a: Garganacl|Protect\n|move|p2b: Arcanine|Extreme Speed|p1b: Chi-Yu\n|-damage|p1b: Chi-Yu|64\/100\n|move|p1b: Chi-Yu|Dark Pulse|p2b: Arcanine\n|-damage|p2b: Arcanine|28\/100\n|move|p1a: Abomasnow|Giga Drain|p2a: Garganacl\n|-activate|p2a: Garganacl|move: Protect\n|\n|-weather|Snow|[upkeep]\n|-damage|p1a: Abomasnow|40\/100|[from] Salt Cure\n|upkeep\n|turn|4\n|\n|t:|1682660100\n|switch|p1b: Kingambit|Kingambit, L50, M|100\/100\n|switch|p2a: Gothitelle|Gothitelle, L50, M|100\/100\n|move|p2b: Arcanine|Extreme Speed|p1a: Abomasnow\n|-damage|p1a: Abomasnow|16\/100\n|move|p1a: Abomasnow|Blizzard|p2a: Gothitelle|[spread] p2a,p2b\n|-damage|p2a: Gothitelle|70\/100\n|-damage|p2b: Arcanine|0 fnt\n|faint|p2b: Arcanine\n|\n|-weather|Snow|[upkeep]\n|-damage|p1a: Abomasnow|0 fnt|[from] Salt Cure\n|faint|p1a: Abomasnow\n|upkeep\n|\n|t:|1682660117\n|switch|p2b: Hippowdon|Hippowdon, L50, M|100\/100\n|switch|p1a: Iron Bundle|Iron Bundle, L50|61\/100\n|-weather|Sandstorm|[from] ability: Sand Stream|[of] p2b: Hippowdon\n|turn|5\n|\n|t:|1682660136\n|move|p1a: Iron Bundle|Protect|p1a: Iron Bundle\n|-singleturn|p1a: Iron Bundle|Protect\n|move|p1b: Kingambit|Protect|p1b: Kingambit\n|-singleturn|p1b: Kingambit|Protect\n|move|p2a: Gothitelle|Fake Out|p1a: Iron Bundle\n|-activate|p1a: Iron Bundle|move: Protect\n|move|p2b: Hippowdon|Sand Tomb|p1b: Kingambit\n|-activate|p1b: Kingambit|move: Protect\n|\n|-weather|Sandstorm|[upkeep]\n|-damage|p1a: Iron Bundle|55\/100|[from] Sandstorm\n|-damage|p2a: Gothitelle|64\/100|[from] Sandstorm\n|upkeep\n|turn|6\n|\n|t:|1682660156\n|move|p1a: Iron Bundle|Hydro Pump|p2b: Hippowdon\n|-supereffective|p2b: Hippowdon\n|-damage|p2b: Hippowdon|0 fnt\n|faint|p2b: Hippowdon\n|-damage|p1a: Iron Bundle|45\/100|[from] item: Life Orb\n|move|p1b: Kingambit|Swords Dance|p1b: Kingambit\n|-boost|p1b: Kingambit|atk|2\n|move|p2a: Gothitelle|Trick Room|p2a: Gothitelle\n|-fieldstart|move: Trick Room|[of] p2a: Gothitelle\n|\n|-weather|Sandstorm|[upkeep]\n|-damage|p2a: Gothitelle|58\/100|[from] Sandstorm\n|-damage|p1a: Iron Bundle|39\/100|[from] Sandstorm\n|upkeep\n|\n|t:|1682660160\n|switch|p2b: Garganacl|Garganacl, L50, F|36\/100\n|turn|7\n|\n|t:|1682660174\n|move|p2a: Gothitelle|Protect|p2a: Gothitelle\n|-singleturn|p2a: Gothitelle|Protect\n|move|p1b: Kingambit|Sucker Punch|p2b: Garganacl\n|-damage|p2b: Garganacl|0 fnt\n|faint|p2b: Garganacl\n|move|p1a: Iron Bundle|Hydro Pump|p2a: Gothitelle\n|-activate|p2a: Gothitelle|move: Protect\n|\n|-weather|Sandstorm|[upkeep]\n|-damage|p2a: Gothitelle|53\/100|[from] Sandstorm\n|-damage|p1a: Iron Bundle|33\/100|[from] Sandstorm\n|upkeep\n|turn|8\n|-message|Stealyomunchlax forfeited.\n|\n|win|Sindreck\n|raw|Sindreck's rating: 1290 → 1308<\/strong> (+18 for winning)\n|raw|Stealyomunchlax's rating: 1186 → 1168<\/strong> (-18 for losing)\n|l|\u2606Stealyomunchlax\n","uploadtime":1682660188,"views":1,"p1id":"sindreck","p2id":"stealyomunchlax","formatid":"gen9vgc2023regulationc","rating":1168,"private":0,"password":""}