{"id":"gen9vgc2023regulationc-1846841598","p1":"Ev_Evan","p2":"magicwombat7778","format":"[Gen 9] VGC 2023 Regulation C","log":"|j|\u2606Ev_Evan\n|j|\u2606magicwombat7778\n|t:|1681888823\n|gametype|doubles\n|player|p1|Ev_Evan|volkner|1045\n|player|p2|magicwombat7778|101|1079\n|teamsize|p1|6\n|teamsize|p2|6\n|gen|9\n|tier|[Gen 9] VGC 2023 Regulation C\n|rated|\n|rule|Species Clause: Limit one of each Pok\u00e9mon\n|rule|Item Clause: Limit one of each item\n|clearpoke\n|poke|p1|Indeedee-F, L50, F|\n|poke|p1|Armarouge, L50, F|\n|poke|p1|Pawmot, L50, F|\n|poke|p1|Breloom, L50, F|\n|poke|p1|Clawitzer, L50, F|\n|poke|p1|Gholdengo, L50|\n|poke|p2|Chi-Yu, L50|\n|poke|p2|Gholdengo, L50|\n|poke|p2|Maushold, L50|\n|poke|p2|Meowscarada, L50, M|\n|poke|p2|Grimmsnarl, L50, M|\n|poke|p2|Flutter Mane, L50|\n|teampreview|4\n|inactive|Battle timer is ON: inactive players will automatically lose when time's up. (requested by Ev_Evan)\n|inactive|magicwombat7778 has 60 seconds left.\n|\n|t:|1681888860\n|start\n|switch|p1a: Indeedee|Indeedee-F, L50, F|100\/100\n|switch|p1b: Armarouge|Armarouge, L50, F|100\/100\n|switch|p2a: Maushold|Maushold, L50|100\/100\n|switch|p2b: Meowscarada|Meowscarada, L50, M|100\/100\n|-fieldstart|move: Psychic Terrain|[from] ability: Psychic Surge|[of] p1a: Indeedee\n|turn|1\n|inactive|Ev_Evan has 30 seconds left.\n|\n|t:|1681888889\n|move|p2a: Maushold|Protect|p2a: Maushold\n|-singleturn|p2a: Maushold|Protect\n|move|p2b: Meowscarada|U-turn|p1a: Indeedee\n|-supereffective|p1a: Indeedee\n|-damage|p1a: Indeedee|38\/100\n|\n|t:|1681888895\n|switch|p2b: Chi-Yu|Chi-Yu, L50|100\/100|[from] U-turn\n|-ability|p2b: Chi-Yu|Beads of Ruin\n|move|p1b: Armarouge|Expanding Force|p2b: Chi-Yu|[spread] \n|-activate|p2a: Maushold|move: Protect\n|-immune|p2b: Chi-Yu\n|move|p1a: Indeedee|Play Rough|p2b: Chi-Yu\n|-damage|p2b: Chi-Yu|84\/100\n|\n|upkeep\n|turn|2\n|inactive|magicwombat7778 has 30 seconds left.\n|\n|t:|1681888922\n|move|p2a: Maushold|Tidy Up|p2a: Maushold\n|-boost|p2a: Maushold|atk|1\n|-boost|p2a: Maushold|spe|1\n|move|p2b: Chi-Yu|Dark Pulse|p1b: Armarouge\n|-supereffective|p1b: Armarouge\n|-damage|p1b: Armarouge|0 fnt\n|faint|p1b: Armarouge\n|-damage|p2b: Chi-Yu|74\/100|[from] item: Life Orb\n|move|p1a: Indeedee|Play Rough|p2b: Chi-Yu\n|-damage|p2b: Chi-Yu|57\/100\n|-unboost|p2b: Chi-Yu|atk|1\n|\n|upkeep\n|\n|t:|1681888928\n|switch|p1b: Breloom|Breloom, L50, F|100\/100\n|turn|3\n|\n|t:|1681888944\n|-terastallize|p2a: Maushold|Ghost\n|-terastallize|p1b: Breloom|Grass\n|move|p2a: Maushold|Population Bomb|p1b: Breloom\n|-damage|p1b: Breloom|87\/100\n|-damage|p1b: Breloom|73\/100\n|-damage|p1b: Breloom|59\/100\n|-damage|p1b: Breloom|45\/100\n|-hitcount|p1b: Breloom|4\n|move|p2b: Chi-Yu|Dark Pulse|p1a: Indeedee\n|-supereffective|p1a: Indeedee\n|-damage|p1a: Indeedee|0 fnt\n|faint|p1a: Indeedee\n|-damage|p2b: Chi-Yu|47\/100|[from] item: Life Orb\n|move|p1b: Breloom|Bullet Seed|p2a: Maushold\n|-damage|p2a: Maushold|56\/100\n|-damage|p2a: Maushold|11\/100\n|-hitcount|p2a: Maushold|2\n|-damage|p1b: Breloom|35\/100|[from] item: Life Orb\n|\n|upkeep\n|\n|t:|1681888951\n|switch|p1a: Gholdengo|Gholdengo, L50|100\/100\n|-item|p1a: Gholdengo|Air Balloon\n|turn|4\n|\n|t:|1681888970\n|move|p2a: Maushold|Protect|p2a: Maushold\n|-singleturn|p2a: Maushold|Protect\n|move|p2b: Chi-Yu|Overheat|p1a: Gholdengo\n|-supereffective|p1a: Gholdengo\n|-damage|p1a: Gholdengo|0 fnt\n|-unboost|p2b: Chi-Yu|spa|2\n|-enditem|p1a: Gholdengo|Air Balloon\n|faint|p1a: Gholdengo\n|-damage|p2b: Chi-Yu|37\/100|[from] item: Life Orb\n|move|p1b: Breloom|Poison Jab|p2b: Chi-Yu\n|-damage|p2b: Chi-Yu|0 fnt\n|faint|p2b: Chi-Yu\n|-damage|p1b: Breloom|26\/100|[from] item: Life Orb\n|\n|upkeep\n|\n|t:|1681888983\n|switch|p2b: Flutter Mane|Flutter Mane, L50|100\/100\n|-enditem|p2b: Flutter Mane|Booster Energy\n|-activate|p2b: Flutter Mane|ability: Protosynthesis|[fromitem]\n|-start|p2b: Flutter Mane|protosynthesisspe\n|turn|5\n|\n|t:|1681888995\n|move|p2b: Flutter Mane|Mystical Fire|p1b: Breloom\n|-supereffective|p1b: Breloom\n|-damage|p1b: Breloom|0 fnt\n|faint|p1b: Breloom\n|\n|win|magicwombat7778\n|raw|Ev_Evan's rating: 1045 → 1030<\/strong> (-15 for losing)\n|raw|magicwombat7778's rating: 1079 → 1104<\/strong> (+25 for winning)\n|l|\u2606Ev_Evan\n","uploadtime":1681889132,"views":10,"p1id":"evevan","p2id":"magicwombat7778","formatid":"gen9vgc2023regulationc","rating":1030,"private":0,"password":""}