{"id":"gen9vgc2023regulationc-1851296403","p1":"icedragonkid105","p2":"tttttt87","format":"[Gen 9] VGC 2023 Regulation C","log":"|j|\u2606icedragonkid105\n|j|\u2606tttttt87\n|t:|1682433575\n|gametype|doubles\n|player|p1|icedragonkid105|101|1189\n|player|p2|tttttt87|benga|1095\n|teamsize|p1|6\n|teamsize|p2|6\n|gen|9\n|tier|[Gen 9] VGC 2023 Regulation C\n|rated|\n|rule|Species Clause: Limit one of each Pok\u00e9mon\n|rule|Item Clause: Limit one of each item\n|clearpoke\n|poke|p1|Baxcalibur, L50, M|\n|poke|p1|Flutter Mane, L50|\n|poke|p1|Chi-Yu, L50|\n|poke|p1|Gastrodon-East, L50, F|\n|poke|p1|Iron Bundle, L50|\n|poke|p1|Arcanine, L50, F|\n|poke|p2|Maushold-Four, L50|\n|poke|p2|Ceruledge, L50, F|\n|poke|p2|Dondozo, L50, F|\n|poke|p2|Tatsugiri, L50, M|\n|poke|p2|Meowscarada, L50, M|\n|poke|p2|Dragapult, L50, F|\n|teampreview|4\ntttttt87 rejected open team sheets.\n|\n|t:|1682433617\n|start\n|switch|p1a: Wreckingball|Chi-Yu, L50|100\/100\n|switch|p1b: Rouge|Flutter Mane, L50, shiny|100\/100\n|switch|p2a: Dragapult|Dragapult, L50, F|100\/100\n|switch|p2b: Maushold|Maushold-Four, L50|100\/100\n|-ability|p1a: Wreckingball|Beads of Ruin\n|-enditem|p1b: Rouge|Booster Energy\n|-activate|p1b: Rouge|ability: Protosynthesis|[fromitem]\n|-start|p1b: Rouge|protosynthesisspe\n|turn|1\n|inactive|Battle timer is ON: inactive players will automatically lose when time's up. (requested by tttttt87)\n|inactive|tttttt87 has 60 seconds left.\n|\n|t:|1682433650\n|-terastallize|p2a: Dragapult|Fire\n|move|p1b: Rouge|Dazzling Gleam|p2a: Dragapult|[spread] p2a,p2b\n|-resisted|p2a: Dragapult\n|-damage|p2a: Dragapult|75\/100\n|-damage|p2b: Maushold|45\/100\n|move|p1a: Wreckingball|Heat Wave|p2b: Maushold|[spread] p2a,p2b\n|-resisted|p2a: Dragapult\n|-damage|p2a: Dragapult|42\/100\n|-damage|p2b: Maushold|0 fnt\n|faint|p2b: Maushold\n|move|p2a: Dragapult|Phantom Force||[still]\n|-prepare|p2a: Dragapult|Phantom Force\n|\n|upkeep\n|\n|t:|1682433660\n|switch|p2b: Tatsugiri|Tatsugiri, L50, M|100\/100\n|turn|2\n|\n|t:|1682433671\n|-end|p1b: Rouge|Protosynthesis|[silent]\n|switch|p1b: Glacius|Baxcalibur, L50, M|100\/100\n|move|p1a: Wreckingball|Heat Wave|p2b: Tatsugiri|[spread] p2b\n|-miss|p1a: Wreckingball|p2a: Dragapult\n|-resisted|p2b: Tatsugiri\n|-damage|p2b: Tatsugiri|85\/100\n|move|p2b: Tatsugiri|Muddy Water|p1b: Glacius|[spread] p1b\n|-miss|p2b: Tatsugiri|p1a: Wreckingball\n|-resisted|p1b: Glacius\n|-damage|p1b: Glacius|79\/100\n|move|p2a: Dragapult|Phantom Force|p1b: Glacius|[from]lockedmove\n|-damage|p1b: Glacius|32\/100\n|-damage|p2a: Dragapult|33\/100|[from] item: Life Orb\n|\n|upkeep\n|turn|3\n|inactive|icedragonkid105 has 30 seconds left.\n|inactive|icedragonkid105 has 20 seconds left.\n|inactive|icedragonkid105 has 15 seconds left.\n|\n|t:|1682433715\n|switch|p1b: Rouge|Flutter Mane, L50, shiny|100\/100\n|move|p1a: Wreckingball|Heat Wave|p2a: Dragapult|[spread] p2a,p2b\n|-resisted|p2a: Dragapult\n|-resisted|p2b: Tatsugiri\n|-damage|p2a: Dragapult|2\/100\n|-damage|p2b: Tatsugiri|68\/100\n|move|p2b: Tatsugiri|Muddy Water|p1a: Wreckingball|[spread] p1a\n|-miss|p2b: Tatsugiri|p1b: Rouge\n|-supereffective|p1a: Wreckingball\n|-damage|p1a: Wreckingball|32\/100\n|move|p2a: Dragapult|Phantom Force||[still]\n|-prepare|p2a: Dragapult|Phantom Force\n|\n|upkeep\n|turn|4\n|\n|t:|1682433739\n|switch|p1a: Glacius|Baxcalibur, L50, M|32\/100\n|-terastallize|p1b: Rouge|Steel\n|move|p2b: Tatsugiri|Muddy Water|p1a: Glacius|[spread] p1a,p1b\n|-resisted|p1a: Glacius\n|-damage|p1a: Glacius|16\/100\n|-damage|p1b: Rouge|71\/100\n|move|p2a: Dragapult|Phantom Force|p1b: Rouge|[from]lockedmove\n|-damage|p1b: Rouge|0 fnt\n|faint|p1b: Rouge\n|-end|p1b: Rouge|Protosynthesis|[silent]\n|-damage|p2a: Dragapult|0 fnt|[from] item: Life Orb\n|faint|p2a: Dragapult\n|\n|upkeep\n|\n|t:|1682433756\n|switch|p2a: Meowscarada|Meowscarada, L50, M|100\/100\n|switch|p1b: Glitch|Iron Bundle, L50|100\/100\n|turn|5\n|\n|t:|1682433767\n|move|p2a: Meowscarada|Protect|p2a: Meowscarada\n|-start|p2a: Meowscarada|typechange|Normal|[from] ability: Protean\n|-singleturn|p2a: Meowscarada|Protect\n|move|p1a: Glacius|Ice Shard|p2a: Meowscarada\n|-activate|p2a: Meowscarada|move: Protect\n|move|p2b: Tatsugiri|Muddy Water|p1a: Glacius|[spread] p1a,p1b\n|-resisted|p1a: Glacius\n|-resisted|p1b: Glitch\n|-damage|p1a: Glacius|1\/100\n|-damage|p1b: Glitch|69\/100\n|move|p1b: Glitch|Freeze-Dry|p2b: Tatsugiri\n|-supereffective|p2b: Tatsugiri\n|-damage|p2b: Tatsugiri|0 fnt\n|faint|p2b: Tatsugiri\n|\n|upkeep\n|turn|6\n|inactive|icedragonkid105 has 30 seconds left.\n|inactive|icedragonkid105 has 20 seconds left.\n|\n|t:|1682433802\n|move|p1a: Glacius|Ice Shard|p2a: Meowscarada\n|-damage|p2a: Meowscarada|61\/100\n|move|p1b: Glitch|Encore|p2a: Meowscarada\n|-start|p2a: Meowscarada|Encore\n|move|p2a: Meowscarada|Protect||[still]\n|-fail|p2a: Meowscarada\n|\n|upkeep\n|turn|7\n|c|\u2606icedragonkid105|Gg\n|-message|tttttt87 forfeited.\n|\n|win|icedragonkid105\n|raw|icedragonkid105's rating: 1189 → 1207<\/strong> (+18 for winning)\n|raw|tttttt87's rating: 1095 → 1077<\/strong> (-18 for losing)\n|l|\u2606tttttt87\n","uploadtime":1682433818,"views":11,"p1id":"icedragonkid105","p2id":"tttttt87","formatid":"gen9vgc2023regulationc","rating":1077,"private":0,"password":""}