{"id":"gen9vgc2023regulationc-1852276636","p1":"BrilliantAchilles","p2":"WillieDangerously","format":"[Gen 9] VGC 2023 Regulation C","log":"|j|\u2606BrilliantAchilles\n|j|\u2606WillieDangerously\n|t:|1682539249\n|gametype|doubles\n|player|p1|BrilliantAchilles|102|1333\n|player|p2|WillieDangerously|psychic-gen4|1342\n|teamsize|p1|6\n|teamsize|p2|6\n|gen|9\n|tier|[Gen 9] VGC 2023 Regulation C\n|rated|\n|rule|Species Clause: Limit one of each Pok\u00e9mon\n|rule|Item Clause: Limit one of each item\n|clearpoke\n|poke|p1|Flutter Mane, L50|\n|poke|p1|Palafin, L50, M|\n|poke|p1|Arcanine, L50, M|\n|poke|p1|Amoonguss, L50, M|\n|poke|p1|Ting-Lu, L50|\n|poke|p1|Baxcalibur, L50, F|\n|poke|p2|Espathra, L50, F|\n|poke|p2|Iron Bundle, L50|\n|poke|p2|Iron Valiant, L50|\n|poke|p2|Salamence, L50, F|\n|poke|p2|Scizor, L50, F|\n|poke|p2|Sandy Shocks, L50|\n|teampreview|4\n|\n|t:|1682539290\n|start\n|switch|p1a: Ting-Lu|Ting-Lu, L50|100\/100\n|switch|p1b: Baxcalibur|Baxcalibur, L50, F|100\/100\n|switch|p2a: Scizor|Scizor, L50, F|100\/100\n|switch|p2b: Sandy Shocks|Sandy Shocks, L50|100\/100\n|-ability|p1a: Ting-Lu|Vessel of Ruin\n|-enditem|p2b: Sandy Shocks|Booster Energy\n|-activate|p2b: Sandy Shocks|ability: Protosynthesis|[fromitem]\n|-start|p2b: Sandy Shocks|protosynthesisspe\n|turn|1\n|\n|t:|1682539374\n|move|p1b: Baxcalibur|Protect|p1b: Baxcalibur\n|-singleturn|p1b: Baxcalibur|Protect\n|move|p2b: Sandy Shocks|Gravity|p2b: Sandy Shocks\n|-fieldstart|move: Gravity\n|move|p2a: Scizor|Swords Dance|p2a: Scizor\n|-boost|p2a: Scizor|atk|2\n|move|p1a: Ting-Lu|Stomping Tantrum|p2b: Sandy Shocks\n|-supereffective|p2b: Sandy Shocks\n|-damage|p2b: Sandy Shocks|38\/100\n|\n|upkeep\n|turn|2\n|\n|t:|1682539397\n|switch|p1b: Arcanine|Arcanine, L50, M|100\/100\n|-ability|p1b: Arcanine|Intimidate|boost\n|-unboost|p2a: Scizor|atk|1\n|-unboost|p2b: Sandy Shocks|atk|1\n|move|p2b: Sandy Shocks|Protect|p2b: Sandy Shocks\n|-singleturn|p2b: Sandy Shocks|Protect\n|move|p2a: Scizor|Bullet Punch|p1b: Arcanine\n|-resisted|p1b: Arcanine\n|-damage|p1b: Arcanine|70\/100\n|move|p1a: Ting-Lu|Stomping Tantrum|p2b: Sandy Shocks\n|-activate|p2b: Sandy Shocks|move: Protect\n|\n|upkeep\n|turn|3\n|\n|t:|1682539434\n|-terastallize|p2a: Scizor|Fire\n|move|p2b: Sandy Shocks|Earth Power|p1b: Arcanine\n|-supereffective|p1b: Arcanine\n|-damage|p1b: Arcanine|0 fnt\n|faint|p1b: Arcanine\n|move|p2a: Scizor|Pounce|p1a: Ting-Lu\n|-supereffective|p1a: Ting-Lu\n|-damage|p1a: Ting-Lu|38\/100\n|-unboost|p1a: Ting-Lu|spe|1\n|move|p1a: Ting-Lu|Stomping Tantrum|p2a: Scizor\n|-supereffective|p2a: Scizor\n|-damage|p2a: Scizor|36\/100\n|\n|upkeep\n|\n|t:|1682539447\n|switch|p1b: Baxcalibur|Baxcalibur, L50, F|100\/100\n|turn|4\n|\n|t:|1682539466\n|-terastallize|p1b: Baxcalibur|Poison\n|move|p1b: Baxcalibur|Ice Shard|p2b: Sandy Shocks\n|-supereffective|p2b: Sandy Shocks\n|-damage|p2b: Sandy Shocks|0 fnt\n|faint|p2b: Sandy Shocks\n|-end|p2b: Sandy Shocks|Protosynthesis|[silent]\n|move|p2a: Scizor|Bullet Punch|p1b: Baxcalibur\n|-damage|p1b: Baxcalibur|57\/100\n|move|p1a: Ting-Lu|Stomping Tantrum|p2a: Scizor\n|-supereffective|p2a: Scizor\n|-damage|p2a: Scizor|0 fnt\n|faint|p2a: Scizor\n|\n|upkeep\n|\n|t:|1682539475\n|switch|p2b: Iron Valiant|Iron Valiant, L50|100\/100\n|switch|p2a: Salamence|Salamence, L50, F|100\/100\n|turn|5\n|\n|t:|1682539490\n|move|p1b: Baxcalibur|Ice Shard|p2a: Salamence\n|-supereffective|p2a: Salamence\n|-damage|p2a: Salamence|0 fnt\n|faint|p2a: Salamence\n|move|p2b: Iron Valiant|Focus Blast|p1a: Ting-Lu\n|-supereffective|p1a: Ting-Lu\n|-damage|p1a: Ting-Lu|0 fnt\n|faint|p1a: Ting-Lu\n|\n|-fieldend|move: Gravity\n|upkeep\n|\n|t:|1682539498\n|switch|p1a: Flutter Mane|Flutter Mane, L50|100\/100\n|turn|6\n|-message|WillieDangerously forfeited.\n|\n|win|BrilliantAchilles\n|raw|BrilliantAchilles's rating: 1333 → 1354<\/strong> (+21 for winning)\n|raw|WillieDangerously's rating: 1342 → 1321<\/strong> (-21 for losing)\n","uploadtime":1682539506,"views":9,"p1id":"brilliantachilles","p2id":"williedangerously","formatid":"gen9vgc2023regulationc","rating":1321,"private":0,"password":""}