{"id":"gen9vgc2023regulationc-1860836128","p1":"Araway","p2":"Nejisuke","format":"[Gen 9] VGC 2023 Regulation C","log":"|j|\u2606Araway\n|j|\u203dNejisuke\n|t:|1683683816\n|gametype|doubles\n|player|p1|Araway|169|1115\n|player|p2|Nejisuke|1|1139\n|teamsize|p1|6\n|teamsize|p2|6\n|gen|9\n|tier|[Gen 9] VGC 2023 Regulation C\n|rated|\n|rule|Species Clause: Limit one of each Pok\u00e9mon\n|rule|Item Clause: Limit one of each item\n|clearpoke\n|poke|p1|Pincurchin, L50, M|\n|poke|p1|Iron Treads, L50|\n|poke|p1|Hawlucha, L50, M|\n|poke|p1|Chien-Pao, L50|\n|poke|p1|Gyarados, L50, M|\n|poke|p1|Flutter Mane, L50|\n|poke|p2|Ceruledge, L50, F|\n|poke|p2|Cetitan, L50, F|\n|poke|p2|Avalugg, L50, M|\n|poke|p2|Abomasnow, L50, F|\n|poke|p2|Iron Bundle, L50|\n|poke|p2|Blissey, L50, F|\n|teampreview|4\n|\n|t:|1683683860\n|start\n|switch|p1a: Pincurchin|Pincurchin, L50, M|100\/100\n|switch|p1b: Iron Treads|Iron Treads, L50|100\/100\n|switch|p2a: Abomasnow|Abomasnow, L50, F|100\/100\n|switch|p2b: Iron Bundle|Iron Bundle, L50, shiny|100\/100\n|-weather|Snow|[from] ability: Snow Warning|[of] p2a: Abomasnow\n|-fieldstart|move: Electric Terrain|[from] ability: Electric Surge|[of] p1a: Pincurchin\n|-activate|p2b: Iron Bundle|ability: Quark Drive\n|-start|p2b: Iron Bundle|quarkdrivespe\n|-activate|p1b: Iron Treads|ability: Quark Drive\n|-start|p1b: Iron Treads|quarkdrivespe\n|turn|1\n|\n|t:|1683683883\n|move|p1b: Iron Treads|Protect|p1b: Iron Treads\n|-singleturn|p1b: Iron Treads|Protect\n|move|p2b: Iron Bundle|Aurora Veil|p2b: Iron Bundle\n|-sidestart|p2: Nejisuke|move: Aurora Veil\n|move|p2a: Abomasnow|Blizzard|p1b: Iron Treads|[spread] p1a\n|-activate|p1b: Iron Treads|move: Protect\n|-damage|p1a: Pincurchin|51\/100\n|move|p1a: Pincurchin|Thunderbolt|p2b: Iron Bundle\n|-supereffective|p2b: Iron Bundle\n|-damage|p2b: Iron Bundle|0 fnt\n|faint|p2b: Iron Bundle\n|-end|p2b: Iron Bundle|Quark Drive|[silent]\n|\n|-weather|Snow|[upkeep]\n|-heal|p1a: Pincurchin|57\/100|[from] item: Leftovers\n|upkeep\n|\n|t:|1683683907\n|switch|p2b: Avalugg|Avalugg, L50, M|100\/100\n|turn|2\n|\n|t:|1683683918\n|-terastallize|p2b: Avalugg|Electric\n|move|p1b: Iron Treads|Rock Slide|p2b: Avalugg|[spread] p2a,p2b\n|-supereffective|p2a: Abomasnow\n|-damage|p2a: Abomasnow|77\/100\n|-damage|p2b: Avalugg|93\/100\n|-damage|p1b: Iron Treads|91\/100|[from] item: Life Orb\n|move|p2a: Abomasnow|Blizzard|p1a: Pincurchin|[spread] p1a,p1b\n|-damage|p1a: Pincurchin|9\/100\n|-damage|p1b: Iron Treads|45\/100\n|move|p2b: Avalugg|Curse|p2b: Avalugg\n|-unboost|p2b: Avalugg|spe|1\n|-boost|p2b: Avalugg|atk|1\n|-boost|p2b: Avalugg|def|1\n|move|p1a: Pincurchin|Discharge|p2b: Avalugg|[spread] p2a,p2b\n|-immune|p1b: Iron Treads\n|-resisted|p2a: Abomasnow\n|-resisted|p2b: Avalugg\n|-damage|p2a: Abomasnow|70\/100\n|-damage|p2b: Avalugg|83\/100\n|-status|p2a: Abomasnow|par\n|\n|-weather|Snow|[upkeep]\n|-heal|p2b: Avalugg|89\/100|[from] ability: Ice Body\n|-heal|p1a: Pincurchin|15\/100|[from] item: Leftovers\n|upkeep\n|turn|3\n|\n|t:|1683683950\n|move|p1a: Pincurchin|Protect|p1a: Pincurchin\n|-singleturn|p1a: Pincurchin|Protect\n|move|p1b: Iron Treads|Earthquake|p2b: Avalugg|[spread] p2a,p2b\n|-activate|p1a: Pincurchin|move: Protect\n|-resisted|p2a: Abomasnow\n|-supereffective|p2b: Avalugg\n|-damage|p2a: Abomasnow|58\/100 par\n|-damage|p2b: Avalugg|68\/100\n|-damage|p1b: Iron Treads|36\/100|[from] item: Life Orb\n|move|p2a: Abomasnow|Blizzard|p1a: Pincurchin|[spread] p1b\n|-activate|p1a: Pincurchin|move: Protect\n|-damage|p1b: Iron Treads|0 fnt\n|faint|p1b: Iron Treads\n|-end|p1b: Iron Treads|Quark Drive|[silent]\n|move|p2b: Avalugg|Body Press|p1a: Pincurchin\n|-activate|p1a: Pincurchin|move: Protect\n|\n|-weather|Snow|[upkeep]\n|-heal|p2b: Avalugg|74\/100|[from] ability: Ice Body\n|-heal|p1a: Pincurchin|20\/100|[from] item: Leftovers\n|upkeep\n|\n|t:|1683683971\n|switch|p1b: Hawlucha|Hawlucha, L50, M|100\/100\n|-enditem|p1b: Hawlucha|Electric Seed\n|-boost|p1b: Hawlucha|def|1|[from] item: Electric Seed\n|turn|4\n|\n|t:|1683683990\n|switch|p2a: Ceruledge|Ceruledge, L50, F|100\/100\n|move|p1b: Hawlucha|Acrobatics|p2a: Ceruledge\n|-damage|p2a: Ceruledge|62\/100\n|move|p1a: Pincurchin|Hydro Pump|p2b: Avalugg\n|-damage|p2b: Avalugg|56\/100\n|move|p2b: Avalugg|Tera Blast|p1b: Hawlucha\n|-supereffective|p1b: Hawlucha\n|-damage|p1b: Hawlucha|0 fnt\n|faint|p1b: Hawlucha\n|\n|-weather|Snow|[upkeep]\n|-heal|p2b: Avalugg|62\/100|[from] ability: Ice Body\n|-heal|p1a: Pincurchin|26\/100|[from] item: Leftovers\n|upkeep\n|\n|t:|1683684004\n|switch|p1b: Chien-Pao|Chien-Pao, L50|100\/100\n|-ability|p1b: Chien-Pao|Sword of Ruin\n|turn|5\n|\n|t:|1683684023\n|move|p2a: Ceruledge|Ally Switch|p2a: Ceruledge\n|swap|p2a: Ceruledge|1|[from] move: Ally Switch\n|move|p1b: Chien-Pao|Throat Chop|p2a: Avalugg\n|-damage|p2a: Avalugg|49\/100\n|-start|p2a: Avalugg|Throat Chop|[silent]\n|move|p1a: Pincurchin|Thunderbolt|p2a: Avalugg\n|-resisted|p2a: Avalugg\n|-damage|p2a: Avalugg|34\/100\n|move|p2a: Avalugg|Body Press|p1b: Chien-Pao\n|-supereffective|p1b: Chien-Pao\n|-crit|p1b: Chien-Pao\n|-enditem|p1b: Chien-Pao|Focus Sash\n|-damage|p1b: Chien-Pao|1\/100\n|\n|-weather|none\n|-heal|p1a: Pincurchin|32\/100|[from] item: Leftovers\n|-sideend|p2: Nejisuke|move: Aurora Veil\n|-fieldend|move: Electric Terrain\n|upkeep\n|turn|6\n|\n|t:|1683684043\n|move|p1b: Chien-Pao|Sucker Punch|p2b: Ceruledge\n|-supereffective|p2b: Ceruledge\n|-damage|p2b: Ceruledge|0 fnt\n|faint|p2b: Ceruledge\n|move|p1a: Pincurchin|Discharge|p2a: Avalugg|[spread] p1b,p2a\n|-resisted|p2a: Avalugg\n|-damage|p1b: Chien-Pao|0 fnt\n|-damage|p2a: Avalugg|22\/100\n|-enditem|p2a: Avalugg|Aguav Berry|[eat]\n|-heal|p2a: Avalugg|55\/100|[from] item: Aguav Berry\n|faint|p1b: Chien-Pao\n|move|p2a: Avalugg|Recover|p2a: Avalugg\n|-heal|p2a: Avalugg|100\/100\n|\n|-heal|p1a: Pincurchin|38\/100|[from] item: Leftovers\n|-end|p2a: Avalugg|Throat Chop|[silent]\n|upkeep\n|\n|t:|1683684055\n|switch|p2b: Abomasnow|Abomasnow, L50, F|58\/100 par\n|-weather|Snow|[from] ability: Snow Warning|[of] p2b: Abomasnow\n|turn|7\n|-message|Araway forfeited.\n|\n|win|Nejisuke\n|raw|Araway's rating: 1115 → 1092<\/strong> (-23 for losing)\n|raw|Nejisuke's rating: 1139 → 1162<\/strong> (+23 for winning)\n|l|\u2606Araway\n","uploadtime":1683684068,"views":18,"p1id":"araway","p2id":"nejisuke","formatid":"gen9vgc2023regulationc","rating":1092,"private":0,"password":""}