{"id":"gen9vgc2023regulationc-1852240133","p1":"ZOOOOOOBat","p2":"b(R)2","format":"[Gen 9] VGC 2023 Regulation C","log":"|j|\u2606ZOOOOOOBat\n|j|\u2606b(R)2\n|t:|1682535784\n|gametype|doubles\n|player|p1|ZOOOOOOBat|clay|1000\n|player|p2|b(R)2|266|1082\n|teamsize|p1|6\n|teamsize|p2|6\n|gen|9\n|tier|[Gen 9] VGC 2023 Regulation C\n|rated|\n|rule|Species Clause: Limit one of each Pok\u00e9mon\n|rule|Item Clause: Limit one of each item\n|clearpoke\n|poke|p1|Amoonguss, L50, F|\n|poke|p1|Palafin, L50, F|\n|poke|p1|Arcanine, L50, M|\n|poke|p1|Flutter Mane, L50|\n|poke|p1|Ting-Lu, L50|\n|poke|p1|Lycanroc-Midnight, L50, F|\n|poke|p2|Roaring Moon, L50|\n|poke|p2|Amoonguss, L50, F|\n|poke|p2|Ting-Lu, L50|\n|poke|p2|Arcanine, L50, M|\n|poke|p2|Garganacl, L50, M|\n|poke|p2|Iron Bundle, L50|\n|teampreview|4\nb(R)2 has agreed to open team sheets.\nZOOOOOOBat has agreed to open team sheets.\n|\n|t:|1682535815\n|start\n|switch|p1a: mushy|Amoonguss, L50, F|100\/100\n|switch|p1b: spooky|Flutter Mane, L50|100\/100\n|switch|p2a: Iron Bundle|Iron Bundle, L50|100\/100\n|switch|p2b: Amoonguss|Amoonguss, L50, F|100\/100\n|-enditem|p1b: spooky|Booster Energy\n|-activate|p1b: spooky|ability: Protosynthesis|[fromitem]\n|-start|p1b: spooky|protosynthesisspe\n|turn|1\n|\n|t:|1682535857\n|-terastallize|p1b: spooky|Fairy\n|move|p2a: Iron Bundle|Protect|p2a: Iron Bundle\n|-singleturn|p2a: Iron Bundle|Protect\n|move|p1a: mushy|Rage Powder|p1a: mushy\n|-singleturn|p1a: mushy|move: Rage Powder\n|move|p1b: spooky|Dazzling Gleam|p2b: Amoonguss|[spread] p2b\n|-activate|p2a: Iron Bundle|move: Protect\n|-resisted|p2b: Amoonguss\n|-damage|p2b: Amoonguss|79\/100\n|move|p2b: Amoonguss|Spore|p1b: spooky\n|-status|p1b: spooky|slp|[from] move: Spore\n|\n|upkeep\n|turn|2\n|\n|t:|1682535886\n|switch|p2b: Arcanine|Arcanine, L50, M|100\/100\n|-ability|p2b: Arcanine|Intimidate|boost\n|-unboost|p1a: mushy|atk|1\n|-unboost|p1b: spooky|atk|1\n|cant|p1b: spooky|slp\n|move|p2a: Iron Bundle|Freeze-Dry|p1a: mushy\n|-supereffective|p1a: mushy\n|-damage|p1a: mushy|54\/100\n|move|p1a: mushy|Spore|p2a: Iron Bundle\n|-status|p2a: Iron Bundle|slp|[from] move: Spore\n|\n|upkeep\n|turn|3\n|\n|t:|1682535912\n|-end|p1b: spooky|Protosynthesis|[silent]\n|switch|p1b: moosey|Ting-Lu, L50|100\/100\n|-ability|p1b: moosey|Vessel of Ruin\n|move|p1a: mushy|Protect|p1a: mushy\n|-singleturn|p1a: mushy|Protect\n|cant|p2a: Iron Bundle|slp\n|move|p2b: Arcanine|Flare Blitz|p1b: moosey\n|-damage|p1b: moosey|69\/100\n|-damage|p2b: Arcanine|85\/100|[from] Recoil\n|\n|upkeep\n|turn|4\n|\n|t:|1682535948\n|-end|p2a: Iron Bundle|Quark Drive|[silent]\n|switch|p2a: Ting-Lu|Ting-Lu, L50|100\/100\n|-ability|p2a: Ting-Lu|Vessel of Ruin\n|-terastallize|p2b: Arcanine|Flying\n|move|p1a: mushy|Rage Powder|p1a: mushy\n|-singleturn|p1a: mushy|move: Rage Powder\n|move|p2b: Arcanine|Flare Blitz|p1a: mushy\n|-supereffective|p1a: mushy\n|-damage|p1a: mushy|0 fnt\n|-damage|p2b: Arcanine|68\/100|[from] item: Rocky Helmet|[of] p1a: mushy\n|faint|p1a: mushy\n|-damage|p2b: Arcanine|45\/100|[from] Recoil\n|move|p1b: moosey|Stomping Tantrum|p2b: Arcanine\n|-immune|p2b: Arcanine\n|\n|upkeep\n|\n|t:|1682535969\n|switch|p1a: spooky|Flutter Mane, L50, tera:Fairy|100\/100 slp\n|turn|5\n|\n|t:|1682535987\n|cant|p1a: spooky|slp\n|move|p2b: Arcanine|Howl|p2b: Arcanine|[spread] p2a,p2b\n|-boost|p2a: Ting-Lu|atk|1\n|-boost|p2b: Arcanine|atk|1\n|move|p2a: Ting-Lu|Heavy Slam|p1a: spooky\n|-supereffective|p1a: spooky\n|-damage|p1a: spooky|0 fnt\n|faint|p1a: spooky\n|-end|p1a: spooky|Protosynthesis|[silent]\n|move|p1b: moosey|Ruination|p2a: Ting-Lu\n|-damage|p2a: Ting-Lu|51\/100\n|\n|upkeep\n|\n|t:|1682535998\n|switch|p1a: woofy|Arcanine, L50, M|100\/100\n|-ability|p1a: woofy|Intimidate|boost\n|-unboost|p2a: Ting-Lu|atk|1\n|-unboost|p2b: Arcanine|atk|1\n|turn|6\n|\n|t:|1682536038\n|move|p1a: woofy|Extreme Speed|p2b: Arcanine\n|-damage|p2b: Arcanine|14\/100\n|move|p2b: Arcanine|Howl|p2b: Arcanine|[spread] p2a,p2b\n|-boost|p2a: Ting-Lu|atk|1\n|-boost|p2b: Arcanine|atk|1\n|move|p2a: Ting-Lu|Earthquake|p1a: woofy|[spread] p1a,p1b\n|-immune|p2b: Arcanine\n|-supereffective|p1a: woofy\n|-damage|p1a: woofy|0 fnt\n|-damage|p1b: moosey|45\/100\n|faint|p1a: woofy\n|move|p1b: moosey|Heavy Slam|p2a: Ting-Lu\n|-damage|p2a: Ting-Lu|43\/100\n|\n|upkeep\n|turn|7\n|\n|t:|1682536073\n|move|p2b: Arcanine|Howl|p2b: Arcanine|[spread] p2a,p2b\n|-boost|p2a: Ting-Lu|atk|1\n|-boost|p2b: Arcanine|atk|1\n|move|p2a: Ting-Lu|Earthquake|p1b: moosey|[spread] p1b\n|-immune|p2b: Arcanine\n|-damage|p1b: moosey|10\/100\n|move|p1b: moosey|Stomping Tantrum|p2a: Ting-Lu\n|-damage|p2a: Ting-Lu|22\/100\n|\n|upkeep\n|turn|8\n|-message|ZOOOOOOBat forfeited.\n|\n|win|b(R)2\n|raw|ZOOOOOOBat's rating: 1000 → 1000<\/strong> (+0 for losing)\n|raw|b(R)2's rating: 1082 → 1103<\/strong> (+21 for winning)\n|l|\u2606ZOOOOOOBat\n","uploadtime":1682536094,"views":35,"p1id":"zoooooobat","p2id":"br2","formatid":"gen9vgc2023regulationc","rating":1000,"private":0,"password":""}