{"id":"gen9vgc2023regulationc-1860672335","p1":"Piccolo Ruiz","p2":"Redreborn7","format":"[Gen 9] VGC 2023 Regulation C","log":"|j|\u2606Piccolo Ruiz\n|j|\u2606Redreborn7\n|t:|1683664737\n|gametype|doubles\n|player|p1|Piccolo Ruiz|valerie|1332\n|player|p2|Redreborn7|ethan-gen2c|1313\n|teamsize|p1|6\n|teamsize|p2|6\n|gen|9\n|tier|[Gen 9] VGC 2023 Regulation C\n|rated|\n|rule|Species Clause: Limit one of each Pok\u00e9mon\n|rule|Item Clause: Limit one of each item\n|clearpoke\n|poke|p1|Flutter Mane, L50|\n|poke|p1|Amoonguss, L50, F|\n|poke|p1|Gyarados, L50, F|\n|poke|p1|Chi-Yu, L50|\n|poke|p1|Ting-Lu, L50|\n|poke|p1|Baxcalibur, L50, F|\n|poke|p2|Iron Thorns, L50|\n|poke|p2|Iron Bundle, L50|\n|poke|p2|Maushold-Four, L50|\n|poke|p2|Annihilape, L50, M|\n|poke|p2|Talonflame, L50, F|\n|poke|p2|Amoonguss, L50, M|\n|teampreview|4\n|inactive|Battle timer is ON: inactive players will automatically lose when time's up. (requested by Piccolo Ruiz)\n|inactive|Piccolo Ruiz has 60 seconds left.\n|inactive|Redreborn7 has 60 seconds left.\n|inactive|Piccolo Ruiz has 30 seconds left.\n|\n|t:|1683664798\n|start\n|switch|p1a: Sasha Colby|Flutter Mane, L50|100\/100\n|switch|p1b: Amoonguss|Amoonguss, L50, F, shiny|100\/100\n|switch|p2a: Maushold|Maushold-Four, L50|100\/100\n|switch|p2b: Annihilape|Annihilape, L50, M|100\/100\n|-enditem|p1a: Sasha Colby|Booster Energy\n|-activate|p1a: Sasha Colby|ability: Protosynthesis|[fromitem]\n|-start|p1a: Sasha Colby|protosynthesisspa\n|turn|1\n|inactive|Piccolo Ruiz has 30 seconds left.\n|inactive|Redreborn7 has 30 seconds left.\n|inactive|Piccolo Ruiz has 20 seconds left.\n|inactive|Piccolo Ruiz has 15 seconds left.\n|inactive|Piccolo Ruiz has 10 seconds left.\n|inactive|Piccolo Ruiz has 5 seconds left.\n|\n|t:|1683664850\n|-terastallize|p2b: Annihilape|Water\n|move|p1a: Sasha Colby|Moonblast|p2a: Maushold\n|-damage|p2a: Maushold|12\/100\n|move|p2a: Maushold|Taunt|p1b: Amoonguss\n|-start|p1b: Amoonguss|move: Taunt\n|move|p2b: Annihilape|Bulk Up|p2b: Annihilape\n|-boost|p2b: Annihilape|atk|1\n|-boost|p2b: Annihilape|def|1\n|cant|p1b: Amoonguss|move: Taunt|Spore\n|\n|upkeep\n|turn|2\n|inactive|Piccolo Ruiz has 30 seconds left.\n|inactive|Redreborn7 has 30 seconds left.\n|inactive|Piccolo Ruiz has 20 seconds left.\n|inactive|Piccolo Ruiz has 15 seconds left.\n|inactive|Piccolo Ruiz has 10 seconds left.\n|inactive|Piccolo Ruiz has 5 seconds left.\n|\n|t:|1683664905\n|switch|p2a: Talonflame|Talonflame, L50, F|100\/100\n|move|p1a: Sasha Colby|Protect|p1a: Sasha Colby\n|-singleturn|p1a: Sasha Colby|Protect\n|move|p2b: Annihilape|Rage Fist|p1a: Sasha Colby\n|-activate|p1a: Sasha Colby|move: Protect\n|move|p1b: Amoonguss|Pollen Puff|p2a: Talonflame\n|-resisted|p2a: Talonflame\n|-damage|p2a: Talonflame|93\/100\n|\n|upkeep\n|turn|3\n|inactive|Piccolo Ruiz has 30 seconds left.\n|inactive|Piccolo Ruiz has 20 seconds left.\n|inactive|Piccolo Ruiz has 15 seconds left.\n|inactive|Piccolo Ruiz has 10 seconds left.\n|\n|t:|1683664954\n|switch|p1b: Mo Heart|Chi-Yu, L50|100\/100\n|-ability|p1b: Mo Heart|Beads of Ruin\n|-terastallize|p1a: Sasha Colby|Fairy\n|move|p2a: Talonflame|Brave Bird|p1b: Mo Heart\n|-damage|p1b: Mo Heart|29\/100\n|-damage|p2a: Talonflame|70\/100|[from] Recoil\n|move|p1a: Sasha Colby|Shadow Ball|p2a: Talonflame\n|-damage|p2a: Talonflame|0 fnt\n|faint|p2a: Talonflame\n|move|p2b: Annihilape|Rage Fist|p1a: Sasha Colby\n|-damage|p1a: Sasha Colby|42\/100\n|\n|upkeep\n|\n|t:|1683664972\n|switch|p2a: Maushold|Maushold-Four, L50|12\/100\n|turn|4\n|inactive|Piccolo Ruiz has 30 seconds left.\n|inactive|Piccolo Ruiz has 20 seconds left.\n|\n|t:|1683665011\n|move|p2a: Maushold|Follow Me|p2a: Maushold\n|-singleturn|p2a: Maushold|move: Follow Me\n|move|p1a: Sasha Colby|Dazzling Gleam|p2b: Annihilape|[spread] p2a,p2b\n|-damage|p2a: Maushold|0 fnt\n|-damage|p2b: Annihilape|56\/100\n|faint|p2a: Maushold\n|move|p1b: Mo Heart|Dark Pulse|p2b: Annihilape\n|-damage|p2b: Annihilape|14\/100\n|cant|p2b: Annihilape|flinch\n|\n|upkeep\n|\n|t:|1683665021\n|switch|p2a: Iron Thorns|Iron Thorns, L50|100\/100\n|turn|5\n|\n|t:|1683665035\n|move|p2b: Annihilape|Protect|p2b: Annihilape\n|-singleturn|p2b: Annihilape|Protect\n|move|p1a: Sasha Colby|Dazzling Gleam|p2a: Iron Thorns|[spread] p2a\n|-activate|p2b: Annihilape|move: Protect\n|-damage|p2a: Iron Thorns|20\/100\n|move|p1b: Mo Heart|Dark Pulse|p2a: Iron Thorns\n|-damage|p2a: Iron Thorns|0 fnt\n|faint|p2a: Iron Thorns\n|-end|p2a: Iron Thorns|Quark Drive|[silent]\n|\n|upkeep\n|turn|6\n|-message|Redreborn7 forfeited.\n|\n|win|Piccolo Ruiz\n|raw|Piccolo Ruiz's rating: 1332 → 1351<\/strong> (+19 for winning)\n|raw|Redreborn7's rating: 1313 → 1294<\/strong> (-19 for losing)\n","uploadtime":1683665051,"views":8,"p1id":"piccoloruiz","p2id":"redreborn7","formatid":"gen9vgc2023regulationc","rating":1294,"private":0,"password":""}