{"id":"gen9vgc2023regulationc-1845525864","p1":"PeekayW","p2":"Whatever0512","format":"[Gen 9] VGC 2023 Regulation C","log":"|j|\u2606PeekayW\n|j|\u2606Whatever0512\n|t:|1681742105\n|gametype|doubles\n|player|p1|PeekayW|2|1250\n|player|p2|Whatever0512|170|1304\n|teamsize|p1|6\n|teamsize|p2|6\n|gen|9\n|tier|[Gen 9] VGC 2023 Regulation C\n|rated|\n|rule|Species Clause: Limit one of each Pok\u00e9mon\n|rule|Item Clause: Limit one of each item\n|clearpoke\n|poke|p1|Iron Bundle, L50|\n|poke|p1|Chi-Yu, L50|\n|poke|p1|Glimmora, L50, M|\n|poke|p1|Tatsugiri, L50, M|\n|poke|p1|Dondozo, L50, M|\n|poke|p1|Flutter Mane, L50|\n|poke|p2|Talonflame, L50, F|\n|poke|p2|Flutter Mane, L50|\n|poke|p2|Tyranitar, L50, M|\n|poke|p2|Iron Bundle, L50|\n|poke|p2|Gothitelle, L50, F|\n|poke|p2|Great Tusk, L50|\n|teampreview|4\nPeekayW has agreed to open team sheets.\n|inactive|Battle timer is ON: inactive players will automatically lose when time's up. (requested by PeekayW)\n|\n|t:|1681742135\n|start\n|switch|p1a: Glimmora|Glimmora, L50, M|100\/100\n|switch|p1b: Dondozo|Dondozo, L50, M|100\/100\n|switch|p2a: Gothitelle|Gothitelle, L50, F|100\/100\n|switch|p2b: Flutter Mane|Flutter Mane, L50|100\/100\n|turn|1\n|\n|t:|1681742155\n|-terastallize|p2b: Flutter Mane|Water\n|move|p2b: Flutter Mane|Moonblast|p1b: Dondozo\n|-damage|p1b: Dondozo|59\/100\n|-unboost|p1b: Dondozo|spa|1\n|move|p1a: Glimmora|Mortal Spin|p2b: Flutter Mane|[spread] p2a,p2b\n|-damage|p2a: Gothitelle|95\/100\n|-damage|p2b: Flutter Mane|94\/100\n|-status|p2a: Gothitelle|psn\n|-status|p2b: Flutter Mane|psn\n|move|p2a: Gothitelle|Psychic|p1a: Glimmora\n|-supereffective|p1a: Glimmora\n|-damage|p1a: Glimmora|16\/100\n|move|p1b: Dondozo|Wave Crash|p2b: Flutter Mane\n|-resisted|p2b: Flutter Mane\n|-damage|p2b: Flutter Mane|59\/100 psn\n|-damage|p1b: Dondozo|52\/100|[from] Recoil\n|\n|-damage|p2b: Flutter Mane|47\/100 psn|[from] psn\n|-damage|p2a: Gothitelle|83\/100 psn|[from] psn\n|upkeep\n|turn|2\n|inactive|PeekayW has 30 seconds left.\n|\n|t:|1681742185\n|-terastallize|p1b: Dondozo|Grass\n|move|p1a: Glimmora|Spiky Shield|p1a: Glimmora\n|-singleturn|p1a: Glimmora|move: Protect\n|move|p2b: Flutter Mane|Moonblast|p1b: Dondozo\n|-damage|p1b: Dondozo|12\/100\n|-unboost|p1b: Dondozo|spa|1\n|move|p2a: Gothitelle|Psychic|p1b: Dondozo\n|-damage|p1b: Dondozo|0 fnt\n|faint|p1b: Dondozo\n|\n|-damage|p2b: Flutter Mane|35\/100 psn|[from] psn\n|-damage|p2a: Gothitelle|71\/100 psn|[from] psn\n|upkeep\n|\n|t:|1681742200\n|switch|p1b: Tatsugiri|Tatsugiri, L50, M|100\/100\n|turn|3\n|\n|t:|1681742221\n|move|p1b: Tatsugiri|Icy Wind|p2a: Gothitelle|[spread] p2a,p2b\n|-resisted|p2b: Flutter Mane\n|-crit|p2b: Flutter Mane\n|-damage|p2a: Gothitelle|62\/100 psn\n|-damage|p2b: Flutter Mane|26\/100 psn\n|-unboost|p2a: Gothitelle|spe|1\n|-unboost|p2b: Flutter Mane|spe|1\n|move|p1a: Glimmora|Earth Power|p2b: Flutter Mane\n|-damage|p2b: Flutter Mane|0 fnt\n|faint|p2b: Flutter Mane\n|-end|p2b: Flutter Mane|Protosynthesis|[silent]\n|move|p2a: Gothitelle|Thunder Wave|p1b: Tatsugiri\n|-status|p1b: Tatsugiri|par\n|\n|-damage|p2a: Gothitelle|50\/100 psn|[from] psn\n|upkeep\n|-enditem|p2a: Gothitelle|Sitrus Berry|[eat]\n|-heal|p2a: Gothitelle|75\/100 psn|[from] item: Sitrus Berry\n|\n|t:|1681742231\n|switch|p2b: Great Tusk|Great Tusk, L50|100\/100\n|turn|4\n|\n|t:|1681742247\n|move|p1a: Glimmora|Spiky Shield|p1a: Glimmora\n|-singleturn|p1a: Glimmora|move: Protect\n|move|p2b: Great Tusk|Headlong Rush|p1b: Tatsugiri\n|-damage|p1b: Tatsugiri|0 fnt\n|-unboost|p2b: Great Tusk|def|1\n|-unboost|p2b: Great Tusk|spd|1\n|faint|p1b: Tatsugiri\n|-damage|p2b: Great Tusk|91\/100|[from] item: Life Orb\n|move|p2a: Gothitelle|Psychic|p1a: Glimmora\n|-activate|p1a: Glimmora|move: Protect\n|\n|-damage|p2a: Gothitelle|63\/100 psn|[from] psn\n|upkeep\n|\n|t:|1681742259\n|switch|p1b: Iron Bundle|Iron Bundle, L50|100\/100\n|-enditem|p1b: Iron Bundle|Booster Energy\n|-activate|p1b: Iron Bundle|ability: Quark Drive|[fromitem]\n|-start|p1b: Iron Bundle|quarkdrivespe\n|turn|5\n|\n|t:|1681742274\n|-end|p2b: Great Tusk|Protosynthesis|[silent]\n|switch|p2b: Iron Bundle|Iron Bundle, L50|100\/100\n|-enditem|p2b: Iron Bundle|Booster Energy\n|-activate|p2b: Iron Bundle|ability: Quark Drive|[fromitem]\n|-start|p2b: Iron Bundle|quarkdrivespe\n|move|p1b: Iron Bundle|Icy Wind|p2b: Iron Bundle|[spread] p2a,p2b\n|-resisted|p2b: Iron Bundle\n|-crit|p2b: Iron Bundle\n|-damage|p2a: Gothitelle|49\/100 psn\n|-damage|p2b: Iron Bundle|89\/100\n|-unboost|p2a: Gothitelle|spe|1\n|-unboost|p2b: Iron Bundle|spe|1\n|move|p1a: Glimmora|Earth Power|p2b: Iron Bundle\n|-damage|p2b: Iron Bundle|33\/100\n|move|p2a: Gothitelle|Thunder Wave|p1b: Iron Bundle\n|-status|p1b: Iron Bundle|par\n|\n|-damage|p2a: Gothitelle|37\/100 psn|[from] psn\n|upkeep\n|turn|6\n|inactive|Whatever0512 has 30 seconds left.\n|\n|t:|1681742301\n|move|p1b: Iron Bundle|Protect|p1b: Iron Bundle\n|-singleturn|p1b: Iron Bundle|Protect\n|move|p2b: Iron Bundle|Icy Wind|p1a: Glimmora|[spread] p1a\n|-activate|p1b: Iron Bundle|move: Protect\n|-damage|p1a: Glimmora|0 fnt\n|faint|p1a: Glimmora\n|move|p2a: Gothitelle|Psychic|p1b: Iron Bundle\n|-activate|p1b: Iron Bundle|move: Protect\n|\n|-damage|p2a: Gothitelle|25\/100 psn|[from] psn\n|upkeep\n|turn|7\n|\n|t:|1681742316\n|move|p2b: Iron Bundle|Icy Wind|p1b: Iron Bundle\n|-resisted|p1b: Iron Bundle\n|-damage|p1b: Iron Bundle|88\/100 par\n|-unboost|p1b: Iron Bundle|spe|1\n|move|p1b: Iron Bundle|Icy Wind|p2b: Iron Bundle|[spread] p2a,p2b\n|-resisted|p2b: Iron Bundle\n|-damage|p2a: Gothitelle|10\/100 psn\n|-damage|p2b: Iron Bundle|25\/100\n|-unboost|p2a: Gothitelle|spe|1\n|-unboost|p2b: Iron Bundle|spe|1\n|move|p2a: Gothitelle|Psychic|p1b: Iron Bundle\n|-damage|p1b: Iron Bundle|35\/100 par\n|\n|-damage|p2a: Gothitelle|0 fnt|[from] psn\n|faint|p2a: Gothitelle\n|upkeep\n|\n|t:|1681742322\n|switch|p2a: Great Tusk|Great Tusk, L50|91\/100\n|turn|8\n|c|\u2606Whatever0512|Gg\n|\n|t:|1681742331\n|move|p2b: Iron Bundle|Freeze-Dry|p1b: Iron Bundle\n|-damage|p1b: Iron Bundle|0 fnt\n|faint|p1b: Iron Bundle\n|-end|p1b: Iron Bundle|Quark Drive|[silent]\n|\n|win|Whatever0512\n|raw|PeekayW's rating: 1250 → 1229<\/strong> (-21 for losing)\n|raw|Whatever0512's rating: 1304 → 1321<\/strong> (+17 for winning)\n|l|\u2606PeekayW\n","uploadtime":1681742338,"views":11,"p1id":"peekayw","p2id":"whatever0512","formatid":"gen9vgc2023regulationc","rating":1229,"private":0,"password":""}