{"id":"gen9vgc2023regulationc-1847191660","p1":"skraying","p2":"Cemposer","format":"[Gen 9] VGC 2023 Regulation C","log":"|j|\u2606skraying\n|j|\u2606Cemposer\n|t:|1681926561\n|gametype|doubles\n|player|p1|skraying|ethan|1424\n|player|p2|Cemposer|grimsley|1400\n|teamsize|p1|6\n|teamsize|p2|6\n|gen|9\n|tier|[Gen 9] VGC 2023 Regulation C\n|rated|\n|rule|Species Clause: Limit one of each Pok\u00e9mon\n|rule|Item Clause: Limit one of each item\n|clearpoke\n|poke|p1|Abomasnow, L50, M|\n|poke|p1|Iron Bundle, L50|\n|poke|p1|Chien-Pao, L50|\n|poke|p1|Dragonite, L50, M|\n|poke|p1|Garchomp, L50, F|\n|poke|p1|Gyarados, L50, M|\n|poke|p2|Palafin, L50, F|\n|poke|p2|Chien-Pao, L50|\n|poke|p2|Dragapult, L50, M|\n|poke|p2|Amoonguss, L50, M|\n|poke|p2|Arcanine, L50, M|\n|poke|p2|Flutter Mane, L50|\n|teampreview|4\n|j| EstoyFuerisimaVGC\n|l| EstoyFuerisimaVGC\n|\n|t:|1681926642\n|start\n|switch|p1a: Chien-Pao|Chien-Pao, L50|100\/100\n|switch|p1b: Garchomp|Garchomp, L50, F|100\/100\n|switch|p2a: Arcanine|Arcanine, L50, M|100\/100\n|switch|p2b: Flutter Mane|Flutter Mane, L50|100\/100\n|-ability|p1a: Chien-Pao|Sword of Ruin\n|-ability|p2a: Arcanine|Intimidate|boost\n|-unboost|p1a: Chien-Pao|atk|1\n|-fail|p1b: Garchomp|unboost|[from] item: Clear Amulet|[of] p1b: Garchomp\n|-enditem|p2b: Flutter Mane|Booster Energy\n|-activate|p2b: Flutter Mane|ability: Protosynthesis|[fromitem]\n|-start|p2b: Flutter Mane|protosynthesisspa\n|turn|1\n|\n|t:|1681926678\n|-terastallize|p1b: Garchomp|Fire\n|-terastallize|p2a: Arcanine|Water\n|move|p1a: Chien-Pao|Protect|p1a: Chien-Pao\n|-singleturn|p1a: Chien-Pao|Protect\n|move|p2b: Flutter Mane|Protect|p2b: Flutter Mane\n|-singleturn|p2b: Flutter Mane|Protect\n|move|p1b: Garchomp|Earthquake|p2b: Flutter Mane|[spread] p2a\n|-activate|p1a: Chien-Pao|move: Protect\n|-activate|p2b: Flutter Mane|move: Protect\n|-damage|p2a: Arcanine|44\/100\n|move|p2a: Arcanine|Will-O-Wisp|p1b: Garchomp\n|-immune|p1b: Garchomp\n|\n|upkeep\n|turn|2\n|\n|t:|1681926734\n|switch|p1a: Abomasnow|Abomasnow, L50, M|100\/100\n|-weather|Snow|[from] ability: Snow Warning|[of] p1a: Abomasnow\n|move|p2a: Arcanine|Extreme Speed|p1a: Abomasnow\n|-damage|p1a: Abomasnow|84\/100\n|move|p2b: Flutter Mane|Shadow Ball|p1b: Garchomp\n|-damage|p1b: Garchomp|43\/100\n|move|p1b: Garchomp|Earthquake|p2a: Arcanine|[spread] p1a,p2a,p2b\n|-resisted|p1a: Abomasnow\n|-damage|p1a: Abomasnow|69\/100\n|-damage|p2a: Arcanine|0 fnt\n|-damage|p2b: Flutter Mane|48\/100\n|faint|p2a: Arcanine\n|\n|-weather|Snow|[upkeep]\n|upkeep\n|\n|t:|1681926751\n|switch|p2a: Dragapult|Dragapult, L50, M|100\/100\n|turn|3\n|\n|t:|1681926767\n|-end|p2b: Flutter Mane|Protosynthesis|[silent]\n|switch|p2b: Chien-Pao|Chien-Pao, L50|100\/100\n|-ability|p2b: Chien-Pao|Sword of Ruin\n|move|p2a: Dragapult|Dragon Darts|p1b: Garchomp\n|-damage|p1b: Garchomp|0 fnt\n|-anim|p2a: Dragapult|Dragon Darts|p1a: Abomasnow\n|-damage|p1a: Abomasnow|30\/100\n|faint|p1b: Garchomp\n|move|p1a: Abomasnow|Blizzard|p2b: Chien-Pao|[spread] p2a,p2b\n|-supereffective|p2a: Dragapult\n|-resisted|p2b: Chien-Pao\n|-damage|p2a: Dragapult|6\/100\n|-damage|p2b: Chien-Pao|70\/100\n|\n|-weather|Snow|[upkeep]\n|upkeep\n|\n|t:|1681926784\n|switch|p1b: Iron Bundle|Iron Bundle, L50|100\/100\n|-enditem|p1b: Iron Bundle|Booster Energy\n|-activate|p1b: Iron Bundle|ability: Quark Drive|[fromitem]\n|-start|p1b: Iron Bundle|quarkdrivespe\n|turn|4\n|j| EstoyFuerisimaVGC\n|\n|t:|1681926836\n|move|p2b: Chien-Pao|Sucker Punch|p1b: Iron Bundle\n|-damage|p1b: Iron Bundle|64\/100\n|move|p1a: Abomasnow|Ice Shard|p2a: Dragapult\n|-supereffective|p2a: Dragapult\n|-damage|p2a: Dragapult|0 fnt\n|faint|p2a: Dragapult\n|move|p1b: Iron Bundle|Hydro Pump|p2b: Chien-Pao\n|-damage|p2b: Chien-Pao|0 fnt\n|faint|p2b: Chien-Pao\n|\n|-weather|Snow|[upkeep]\n|upkeep\n|\n|t:|1681926845\n|switch|p2b: Flutter Mane|Flutter Mane, L50|48\/100\n|turn|5\n|l| EstoyFuerisimaVGC\n|\n|t:|1681926854\n|move|p1b: Iron Bundle|Blizzard|p2b: Flutter Mane\n|-damage|p2b: Flutter Mane|0 fnt\n|faint|p2b: Flutter Mane\n|-end|p2b: Flutter Mane|Protosynthesis|[silent]\n|\n|win|skraying\n|raw|skraying's rating: 1424 → 1443<\/strong> (+19 for winning)\n|raw|Cemposer's rating: 1400 → 1381<\/strong> (-19 for losing)\n","uploadtime":1681926860,"views":12,"p1id":"skraying","p2id":"cemposer","formatid":"gen9vgc2023regulationc","rating":1381,"private":0,"password":""}