{"id":"gen9vgc2023regulationc-1861187535","p1":"D-scNSe","p2":"Shepherd181","format":"[Gen 9] VGC 2023 Regulation C","log":"|j|\u2606D-scNSe\n|j|\u2606Shepherd181\n|t:|1683734190\n|gametype|doubles\n|player|p1|D-scNSe|169|1376\n|player|p2|Shepherd181|hilbert|1369\n|teamsize|p1|6\n|teamsize|p2|6\n|gen|9\n|tier|[Gen 9] VGC 2023 Regulation C\n|rated|\n|rule|Species Clause: Limit one of each Pok\u00e9mon\n|rule|Item Clause: Limit one of each item\n|clearpoke\n|poke|p1|Flutter Mane, L50|\n|poke|p1|Ting-Lu, L50|\n|poke|p1|Maushold-Four, L50|\n|poke|p1|Annihilape, L50, F|\n|poke|p1|Iron Bundle, L50|\n|poke|p1|Arcanine, L50, M|\n|poke|p2|Orthworm, L50, F|\n|poke|p2|Dragonite, L50, M|\n|poke|p2|Ting-Lu, L50|\n|poke|p2|Flutter Mane, L50|\n|poke|p2|Chien-Pao, L50|\n|poke|p2|Gyarados, L50, F|\n|teampreview|4\n|\n|t:|1683734231\n|start\n|switch|p1a: Maushold|Maushold-Four, L50|100\/100\n|switch|p1b: Annihilape|Annihilape, L50, F|100\/100\n|switch|p2a: Orthworm|Orthworm, L50, F, shiny|100\/100\n|switch|p2b: Gyarados|Gyarados, L50, F|100\/100\n|-ability|p2b: Gyarados|Intimidate|boost\n|-unboost|p1a: Maushold|atk|1\n|-unboost|p1b: Annihilape|atk|1\n|-ability|p1b: Annihilape|Defiant|boost\n|-boost|p1b: Annihilape|atk|2\n|turn|1\n|\n|t:|1683734253\n|move|p1a: Maushold|Follow Me|p1a: Maushold\n|-singleturn|p1a: Maushold|move: Follow Me\n|move|p2b: Gyarados|Bulldoze|p1b: Annihilape|[spread] p1a,p1b\n|-immune|p2a: Orthworm|[from] ability: Earth Eater\n|-damage|p1a: Maushold|86\/100\n|-damage|p1b: Annihilape|90\/100\n|-unboost|p1a: Maushold|spe|1\n|-unboost|p1b: Annihilape|spe|1\n|-ability|p1b: Annihilape|Defiant|boost\n|-boost|p1b: Annihilape|atk|2\n|move|p2a: Orthworm|Shed Tail|p2a: Orthworm\n|-start|p2a: Orthworm|Substitute|[from] move: Shed Tail\n|-damage|p2a: Orthworm|50\/100\n|\n|t:|1683734263\n|switch|p2a: Dragonite|Dragonite, L50, M|100\/100|[from] Shed Tail\n|move|p1b: Annihilape|Bulk Up|p1b: Annihilape\n|-boost|p1b: Annihilape|atk|1\n|-boost|p1b: Annihilape|def|1\n|\n|-heal|p1b: Annihilape|96\/100|[from] item: Leftovers\n|upkeep\n|turn|2\n|\n|t:|1683734280\n|move|p1a: Maushold|Follow Me|p1a: Maushold\n|-singleturn|p1a: Maushold|move: Follow Me\n|move|p2a: Dragonite|Dragon Dance|p2a: Dragonite\n|-boost|p2a: Dragonite|atk|1\n|-boost|p2a: Dragonite|spe|1\n|move|p2b: Gyarados|Taunt|p1a: Maushold\n|-start|p1a: Maushold|move: Taunt\n|move|p1b: Annihilape|Rage Fist|p2b: Gyarados\n|-damage|p2b: Gyarados|0 fnt\n|faint|p2b: Gyarados\n|\n|-heal|p1b: Annihilape|100\/100|[from] item: Leftovers\n|upkeep\n|\n|t:|1683734291\n|switch|p2b: Flutter Mane|Flutter Mane, L50|100\/100\n|turn|3\n|\n|t:|1683734317\n|switch|p1a: Arcanine|Arcanine, L50, M|100\/100\n|-ability|p1a: Arcanine|Intimidate|boost\n|-immune|p2a: Dragonite\n|-unboost|p2b: Flutter Mane|atk|1\n|-terastallize|p2a: Dragonite|Flying\n|-terastallize|p1b: Annihilape|Fire\n|move|p2a: Dragonite|Tera Blast|p1b: Annihilape\n|-damage|p1b: Annihilape|46\/100\n|move|p2b: Flutter Mane|Moonblast|p1b: Annihilape\n|-resisted|p1b: Annihilape\n|-damage|p1b: Annihilape|14\/100\n|-unboost|p1b: Annihilape|spa|1\n|-ability|p1b: Annihilape|Defiant|boost\n|-boost|p1b: Annihilape|atk|2\n|move|p1b: Annihilape|Rage Fist|p2b: Flutter Mane\n|-supereffective|p2b: Flutter Mane\n|-damage|p2b: Flutter Mane|0 fnt\n|faint|p2b: Flutter Mane\n|-end|p2b: Flutter Mane|Protosynthesis|[silent]\n|\n|-heal|p1b: Annihilape|20\/100|[from] item: Leftovers\n|upkeep\n|\n|t:|1683734332\n|switch|p2b: Orthworm|Orthworm, L50, F, shiny|50\/100\n|turn|4\n|\n|t:|1683734352\n|move|p2a: Dragonite|Earthquake|p1b: Annihilape|[spread] p1a,p1b\n|-heal|p2b: Orthworm|75\/100|[from] ability: Earth Eater|[of] p2a: Dragonite\n|-supereffective|p1a: Arcanine\n|-supereffective|p1b: Annihilape\n|-damage|p1a: Arcanine|25\/100\n|-damage|p1b: Annihilape|0 fnt\n|-enditem|p1a: Arcanine|Sitrus Berry|[eat]\n|-heal|p1a: Arcanine|50\/100|[from] item: Sitrus Berry\n|faint|p1b: Annihilape\n|move|p1a: Arcanine|Flare Blitz|p2b: Orthworm\n|-supereffective|p2b: Orthworm\n|-damage|p2b: Orthworm|11\/100\n|-damage|p1a: Arcanine|30\/100|[from] Recoil\n|move|p2b: Orthworm|Coil|p2b: Orthworm\n|-boost|p2b: Orthworm|atk|1\n|-boost|p2b: Orthworm|def|1\n|-boost|p2b: Orthworm|accuracy|1\n|\n|-heal|p2b: Orthworm|17\/100|[from] item: Leftovers\n|upkeep\n|\n|t:|1683734365\n|switch|p1b: Flutter Mane|Flutter Mane, L50|100\/100\n|-enditem|p1b: Flutter Mane|Booster Energy\n|-activate|p1b: Flutter Mane|ability: Protosynthesis|[fromitem]\n|-start|p1b: Flutter Mane|protosynthesisspe\n|turn|5\n|\n|t:|1683734394\n|move|p1a: Arcanine|Extreme Speed|p2a: Dragonite\n|-activate|p2a: Dragonite|move: Substitute|[damage]\n|move|p1b: Flutter Mane|Moonblast|p2a: Dragonite\n|-end|p2a: Dragonite|Substitute\n|move|p2a: Dragonite|Dragon Dance|p2a: Dragonite\n|-boost|p2a: Dragonite|atk|1\n|-boost|p2a: Dragonite|spe|1\n|move|p2b: Orthworm|Iron Tail|p1b: Flutter Mane\n|-supereffective|p1b: Flutter Mane\n|-damage|p1b: Flutter Mane|0 fnt\n|faint|p1b: Flutter Mane\n|-end|p1b: Flutter Mane|Protosynthesis|[silent]\n|\n|-heal|p2b: Orthworm|23\/100|[from] item: Leftovers\n|upkeep\n|\n|t:|1683734405\n|switch|p1b: Maushold|Maushold-Four, L50|86\/100\n|turn|6\n|\n|t:|1683734417\n|move|p1b: Maushold|Follow Me|p1b: Maushold\n|-singleturn|p1b: Maushold|move: Follow Me\n|move|p2a: Dragonite|Earthquake|p1a: Arcanine|[spread] p1a,p1b\n|-heal|p2b: Orthworm|48\/100|[from] ability: Earth Eater|[of] p2a: Dragonite\n|-supereffective|p1a: Arcanine\n|-damage|p1a: Arcanine|0 fnt\n|-damage|p1b: Maushold|30\/100\n|faint|p1a: Arcanine\n|move|p2b: Orthworm|Body Press|p1b: Maushold\n|-supereffective|p1b: Maushold\n|-damage|p1b: Maushold|0 fnt\n|faint|p1b: Maushold\n|\n|win|Shepherd181\n|raw|D-scNSe's rating: 1376 → 1356<\/strong> (-20 for losing)\n|raw|Shepherd181's rating: 1369 → 1389<\/strong> (+20 for winning)\n","uploadtime":1683734428,"views":9,"p1id":"dscnse","p2id":"shepherd181","formatid":"gen9vgc2023regulationc","rating":1356,"private":0,"password":""}