{"id":"gen9vgc2023regulationc-1855168662","p1":"Emberbloom","p2":"Marconeus1991","format":"[Gen 9] VGC 2023 Regulation C","log":"|j|\u2606Emberbloom\n|j|\u2606Marconeus1991\n|t:|1682909766\n|gametype|doubles\n|player|p1|Emberbloom|flannery|1370\n|player|p2|Marconeus1991|2|1286\n|teamsize|p1|6\n|teamsize|p2|6\n|gen|9\n|tier|[Gen 9] VGC 2023 Regulation C\n|rated|\n|rule|Species Clause: Limit one of each Pok\u00e9mon\n|rule|Item Clause: Limit one of each item\n|clearpoke\n|poke|p1|Corviknight, L50, F|\n|poke|p1|Tyranitar, L50, F|\n|poke|p1|Garchomp, L50, F|\n|poke|p1|Amoonguss, L50, F|\n|poke|p1|Arcanine, L50, F|\n|poke|p1|Iron Bundle, L50|\n|poke|p2|Arcanine, L50, F|\n|poke|p2|Corviknight, L50, F|\n|poke|p2|Scream Tail, L50|\n|poke|p2|Palafin, L50, F|\n|poke|p2|Tatsugiri, L50, M|\n|poke|p2|Dondozo, L50, F|\n|teampreview|4\n|inactive|Battle timer is ON: inactive players will automatically lose when time's up. (requested by Marconeus1991)\nMarconeus1991 rejected open team sheets.\n|\n|t:|1682909802\n|start\n|switch|p1a: Corviknight|Corviknight, L50, F, shiny|100\/100\n|switch|p1b: Arcanine|Arcanine, L50, F|100\/100\n|switch|p2a: Corviknight|Corviknight, L50, F, shiny|100\/100\n|switch|p2b: Palafin|Palafin, L50, F|100\/100\n|-ability|p1b: Arcanine|Intimidate|boost\n|-ability|p2a: Corviknight|Mirror Armor\n|-unboost|p1b: Arcanine|atk|1\n|-unboost|p2b: Palafin|atk|1\n|turn|1\n|inactive|Marconeus1991 has 30 seconds left.\n|\n|t:|1682909835\n|-terastallize|p2a: Corviknight|Fire\n|move|p2b: Palafin|Protect|p2b: Palafin\n|-singleturn|p2b: Palafin|Protect\n|move|p1b: Arcanine|Howl|p1b: Arcanine|[spread] p1a,p1b\n|-boost|p1a: Corviknight|atk|1\n|-boost|p1b: Arcanine|atk|1\n|move|p1a: Corviknight|Taunt|p2a: Corviknight\n|-start|p2a: Corviknight|move: Taunt\n|move|p2a: Corviknight|Tera Blast|p1a: Corviknight\n|-supereffective|p1a: Corviknight\n|-damage|p1a: Corviknight|12\/100\n|\n|upkeep\n|turn|2\n|inactive|Emberbloom has 30 seconds left.\n|\n|t:|1682909860\n|detailschange|p2b: Palafin|Palafin-Hero, L50, F\n|switch|p2b: Tatsugiri|Tatsugiri, L50, M|100\/100\n|switch|p2a: Dondozo|Dondozo, L50, F|100\/100\n|-activate|p2b: Tatsugiri|ability: Commander|[of] p2a: Dondozo\n|-boost|p2a: Dondozo|atk|2\n|-boost|p2a: Dondozo|spa|2\n|-boost|p2a: Dondozo|spe|2\n|-boost|p2a: Dondozo|def|2\n|-boost|p2a: Dondozo|spd|2\n|move|p1b: Arcanine|Will-O-Wisp|p2b: Tatsugiri|[miss]\n|-miss|p1b: Arcanine|p2b: Tatsugiri\n|move|p1a: Corviknight|Tailwind|p1a: Corviknight\n|-sidestart|p1: Emberbloom|move: Tailwind\n|\n|upkeep\n|turn|3\n|\n|t:|1682909873\n|move|p1b: Arcanine|Will-O-Wisp|p2a: Dondozo\n|-status|p2a: Dondozo|brn\n|move|p1a: Corviknight|Taunt|p2a: Dondozo\n|-start|p2a: Dondozo|move: Taunt\n|move|p2a: Dondozo|Order Up|p1a: Corviknight\n|-resisted|p1a: Corviknight\n|-damage|p1a: Corviknight|3\/100\n|-boost|p2a: Dondozo|atk|1\n|\n|-damage|p2a: Dondozo|94\/100 brn|[from] brn\n|upkeep\n|turn|4\n|\n|t:|1682909891\n|move|p1b: Arcanine|Howl|p1b: Arcanine|[spread] p1a,p1b\n|-boost|p1a: Corviknight|atk|1\n|-boost|p1b: Arcanine|atk|1\n|move|p1a: Corviknight|Brave Bird|p2a: Dondozo\n|-damage|p2a: Dondozo|81\/100 brn\n|-damage|p1a: Corviknight|0 fnt|[from] Recoil\n|faint|p1a: Corviknight\n|move|p2a: Dondozo|Order Up|p1b: Arcanine\n|-crit|p1b: Arcanine\n|-damage|p1b: Arcanine|56\/100\n|-boost|p2a: Dondozo|atk|1\n|\n|-heal|p2a: Dondozo|87\/100 brn|[from] item: Leftovers\n|-damage|p2a: Dondozo|81\/100 brn|[from] brn\n|upkeep\n|\n|t:|1682909894\n|switch|p1a: Iron Bundle|Iron Bundle, L50|100\/100\n|-enditem|p1a: Iron Bundle|Booster Energy\n|-activate|p1a: Iron Bundle|ability: Quark Drive|[fromitem]\n|-start|p1a: Iron Bundle|quarkdrivespe\n|turn|5\n|\n|t:|1682909911\n|move|p1b: Arcanine|Extreme Speed|p2a: Dondozo\n|-damage|p2a: Dondozo|74\/100 brn\n|move|p1a: Iron Bundle|Freeze-Dry|p2a: Dondozo\n|-supereffective|p2a: Dondozo\n|-damage|p2a: Dondozo|47\/100 brn\n|move|p2a: Dondozo|Waterfall|p1b: Arcanine\n|-supereffective|p1b: Arcanine\n|-damage|p1b: Arcanine|0 fnt\n|faint|p1b: Arcanine\n|\n|-heal|p2a: Dondozo|53\/100 brn|[from] item: Leftovers\n|-damage|p2a: Dondozo|47\/100 brn|[from] brn\n|-end|p2a: Dondozo|move: Taunt\n|-sideend|p1: Emberbloom|move: Tailwind\n|upkeep\n|\n|t:|1682909916\n|switch|p1b: Amoonguss|Amoonguss, L50, F|100\/100\n|turn|6\n|\n|t:|1682909933\n|move|p1a: Iron Bundle|Freeze-Dry|p2a: Dondozo\n|-supereffective|p2a: Dondozo\n|-damage|p2a: Dondozo|17\/100 brn\n|move|p2a: Dondozo|Order Up|p1a: Iron Bundle\n|-damage|p1a: Iron Bundle|68\/100\n|-boost|p2a: Dondozo|atk|1\n|move|p1b: Amoonguss|Spore||[still]\n|-fail|p1b: Amoonguss\n|\n|-heal|p2a: Dondozo|24\/100 brn|[from] item: Leftovers\n|-damage|p2a: Dondozo|17\/100 brn|[from] brn\n|upkeep\n|turn|7\n|\n|t:|1682909955\n|move|p1b: Amoonguss|Rage Powder|p1b: Amoonguss\n|-singleturn|p1b: Amoonguss|move: Rage Powder\n|move|p1a: Iron Bundle|Freeze-Dry|p2a: Dondozo\n|-supereffective|p2a: Dondozo\n|-damage|p2a: Dondozo|0 fnt\n|faint|p2a: Dondozo\n|\n|upkeep\n|\n|t:|1682909965\n|switch|p2a: Corviknight|Corviknight, L50, F, shiny, tera:Fire|100\/100\n|turn|8\n|\n|t:|1682909977\n|-terastallize|p1b: Amoonguss|Water\n|move|p1a: Iron Bundle|Protect|p1a: Iron Bundle\n|-singleturn|p1a: Iron Bundle|Protect\n|move|p2b: Tatsugiri|Draco Meteor|p1a: Iron Bundle\n|-activate|p1a: Iron Bundle|move: Protect\n|move|p2a: Corviknight|Brave Bird|p1b: Amoonguss\n|-damage|p1b: Amoonguss|37\/100\n|-enditem|p1b: Amoonguss|Sitrus Berry|[eat]\n|-heal|p1b: Amoonguss|62\/100|[from] item: Sitrus Berry\n|-damage|p2a: Corviknight|76\/100|[from] Recoil\n|move|p1b: Amoonguss|Spore|p2a: Corviknight\n|-status|p2a: Corviknight|slp|[from] move: Spore\n|\n|upkeep\n|turn|9\n|inactive|Marconeus1991 has 30 seconds left.\n|\n|t:|1682910003\n|move|p1a: Iron Bundle|Freeze-Dry|p2b: Tatsugiri\n|-supereffective|p2b: Tatsugiri\n|-crit|p2b: Tatsugiri\n|-damage|p2b: Tatsugiri|0 fnt\n|faint|p2b: Tatsugiri\n|cant|p2a: Corviknight|slp\n|move|p1b: Amoonguss|Pollen Puff|p1a: Iron Bundle\n|-heal|p1a: Iron Bundle|100\/100\n|\n|upkeep\n|\n|t:|1682910012\n|switch|p2b: Palafin|Palafin-Hero, L50, F|100\/100\n|-activate|p2b: Palafin|ability: Zero to Hero\n|turn|10\n|\n|t:|1682910020\n|move|p2b: Palafin|Protect|p2b: Palafin\n|-singleturn|p2b: Palafin|Protect\n|move|p1b: Amoonguss|Rage Powder|p1b: Amoonguss\n|-singleturn|p1b: Amoonguss|move: Rage Powder\n|move|p1a: Iron Bundle|Freeze-Dry|p2b: Palafin\n|-activate|p2b: Palafin|move: Protect\n|-curestatus|p2a: Corviknight|slp|[msg]\n|move|p2a: Corviknight|Brave Bird|p1b: Amoonguss\n|-damage|p1b: Amoonguss|0 fnt\n|faint|p1b: Amoonguss\n|-damage|p2a: Corviknight|52\/100|[from] Recoil\n|\n|upkeep\n|turn|11\n|\n|t:|1682910037\n|move|p1a: Iron Bundle|Freeze-Dry|p2b: Palafin\n|-supereffective|p2b: Palafin\n|-damage|p2b: Palafin|39\/100\n|move|p2b: Palafin|Drain Punch|p1a: Iron Bundle\n|-supereffective|p1a: Iron Bundle\n|-damage|p1a: Iron Bundle|22\/100\n|-heal|p2b: Palafin|68\/100|[from] drain|[of] p1a: Iron Bundle\n|move|p2a: Corviknight|Brave Bird|p1a: Iron Bundle\n|-damage|p1a: Iron Bundle|0 fnt\n|faint|p1a: Iron Bundle\n|-end|p1a: Iron Bundle|Quark Drive|[silent]\n|-damage|p2a: Corviknight|46\/100|[from] Recoil\n|\n|win|Marconeus1991\n|raw|Emberbloom's rating: 1370 → 1345<\/strong> (-25 for losing)\n|raw|Marconeus1991's rating: 1286 → 1317<\/strong> (+31 for winning)\n","uploadtime":1682910046,"views":24,"p1id":"emberbloom","p2id":"marconeus1991","formatid":"gen9vgc2023regulationc","rating":1317,"private":0,"password":""}