{"id":"gen9vgc2023regulationc-1859440926","p1":"RobyKenobi","p2":"Tamejo","format":"[Gen 9] VGC 2023 Regulation C","log":"|j|\u2606RobyKenobi\n|j|\u2606Tamejo\n|t:|1683468430\n|gametype|doubles\n|player|p1|RobyKenobi|silver|\n|player|p2|Tamejo|rood|\n|teamsize|p1|6\n|teamsize|p2|6\n|gen|9\n|tier|[Gen 9] VGC 2023 Regulation C\n|rule|Species Clause: Limit one of each Pok\u00e9mon\n|rule|Item Clause: Limit one of each item\n|clearpoke\n|poke|p1|Chi-Yu, L50|\n|poke|p1|Abomasnow, L50, M|\n|poke|p1|Flutter Mane, L50|\n|poke|p1|Great Tusk, L50|\n|poke|p1|Iron Bundle, L50|\n|poke|p1|Iron Hands, L50|\n|poke|p2|Murkrow, L50, F|\n|poke|p2|Great Tusk, L50|\n|poke|p2|Iron Bundle, L50|\n|poke|p2|Chi-Yu, L50|\n|poke|p2|Iron Hands, L50|\n|poke|p2|Amoonguss, L50, M|\n|teampreview|4\nRobyKenobi has agreed to open team sheets.\nTamejo has agreed to open team sheets.\n|\n|t:|1683468502\n|start\n|switch|p1a: Capellone|Flutter Mane, L50|100\/100\n|switch|p1b: Saccone|Iron Bundle, L50|100\/100\n|switch|p2a: Iron Bundle|Iron Bundle, L50|100\/100\n|switch|p2b: Iron Hands|Iron Hands, L50|100\/100\n|-enditem|p2a: Iron Bundle|Booster Energy\n|-activate|p2a: Iron Bundle|ability: Quark Drive|[fromitem]\n|-start|p2a: Iron Bundle|quarkdrivespe\n|-enditem|p1a: Capellone|Booster Energy\n|-activate|p1a: Capellone|ability: Protosynthesis|[fromitem]\n|-start|p1a: Capellone|protosynthesisspe\n|turn|1\n|\n|t:|1683468529\n|-terastallize|p1a: Capellone|Water\n|move|p2b: Iron Hands|Fake Out|p1b: Saccone\n|-damage|p1b: Saccone|82\/100\n|move|p2a: Iron Bundle|Icy Wind|p1a: Capellone|[spread] p1a,p1b\n|-resisted|p1a: Capellone\n|-resisted|p1b: Saccone\n|-damage|p1a: Capellone|91\/100\n|-damage|p1b: Saccone|74\/100\n|-unboost|p1a: Capellone|spe|1\n|-unboost|p1b: Saccone|spe|1\n|move|p1a: Capellone|Moonblast|p2a: Iron Bundle\n|-damage|p2a: Iron Bundle|8\/100\n|-unboost|p2a: Iron Bundle|spa|1\n|cant|p1b: Saccone|flinch\n|\n|upkeep\n|turn|2\n|\n|t:|1683468550\n|move|p2a: Iron Bundle|Protect|p2a: Iron Bundle\n|-singleturn|p2a: Iron Bundle|Protect\n|move|p1a: Capellone|Protect|p1a: Capellone\n|-singleturn|p1a: Capellone|Protect\n|move|p1b: Saccone|Icy Wind|p2a: Iron Bundle|[spread] p2b\n|-activate|p2a: Iron Bundle|move: Protect\n|-damage|p2b: Iron Hands|90\/100\n|-unboost|p2b: Iron Hands|spe|1\n|move|p2b: Iron Hands|Wild Charge|p1a: Capellone\n|-activate|p1a: Capellone|move: Protect\n|\n|upkeep\n|turn|3\n|c|\u2606RobyKenobi|non so manco io perch\u00e8 ho terato\n|j| lucarioex555\n|\n|t:|1683468618\n|-end|p1a: Capellone|Protosynthesis|[silent]\n|switch|p1a: Tascone|Great Tusk, L50|100\/100\n|move|p2a: Iron Bundle|Freeze-Dry|p1a: Tascone\n|-supereffective|p1a: Tascone\n|-crit|p1a: Tascone\n|-damage|p1a: Tascone|0 fnt\n|faint|p1a: Tascone\n|-end|p1a: Tascone|Protosynthesis|[silent]\n|move|p1b: Saccone|Freeze-Dry|p2a: Iron Bundle\n|-damage|p2a: Iron Bundle|0 fnt\n|faint|p2a: Iron Bundle\n|-end|p2a: Iron Bundle|Quark Drive|[silent]\n|move|p2b: Iron Hands|Drain Punch|p1b: Saccone\n|-supereffective|p1b: Saccone\n|-damage|p1b: Saccone|0 fnt\n|-heal|p2b: Iron Hands|100\/100|[from] drain|[of] p1b: Saccone\n|faint|p1b: Saccone\n|-end|p1b: Saccone|Quark Drive|[silent]\n|\n|upkeep\n|c|\u2606RobyKenobi|gg\n|\n|t:|1683468632\n|switch|p2a: Great Tusk|Great Tusk, L50|100\/100\n|switch|p1b: Pescione|Chi-Yu, L50|100\/100\n|switch|p1a: Capellone|Flutter Mane, L50, tera:Water|91\/100\n|-ability|p1b: Pescione|Beads of Ruin\n|turn|4\n|c|\u2606Tamejo|Non \u00e8 finita\n|c|\u2606RobyKenobi|sisi \u00e8 finita\n|c|\u2606RobyKenobi|\u00e8 finita luka\n|j| Nash12\n|c|\u2606RobyKenobi|lol\n|\n|t:|1683468702\n|move|p2a: Great Tusk|Protect|p2a: Great Tusk\n|-singleturn|p2a: Great Tusk|Protect\n|move|p1a: Capellone|Icy Wind|p2a: Great Tusk|[spread] \n|-activate|p2a: Great Tusk|move: Protect\n|-miss|p1a: Capellone|p2b: Iron Hands\n|move|p1b: Pescione|Heat Wave|p2b: Iron Hands|[spread] p2b\n|-activate|p2a: Great Tusk|move: Protect\n|-damage|p2b: Iron Hands|65\/100\n|-status|p2b: Iron Hands|brn\n|move|p2b: Iron Hands|Volt Switch|p1a: Capellone\n|-supereffective|p1a: Capellone\n|-damage|p1a: Capellone|59\/100\n|\n|t:|1683468717\n|-end|p2b: Iron Hands|Quark Drive|[silent]\n|switch|p2b: Chi-Yu|Chi-Yu, L50|100\/100|[from] Volt Switch\n|-ability|p2b: Chi-Yu|Beads of Ruin\n|\n|upkeep\n|turn|5\n|\n|t:|1683468812\n|-terastallize|p2a: Great Tusk|Rock\n|move|p1a: Capellone|Moonblast|p2b: Chi-Yu\n|-damage|p2b: Chi-Yu|43\/100\n|move|p1b: Pescione|Heat Wave|p2b: Chi-Yu|[spread] p2a,p2b\n|-resisted|p2a: Great Tusk\n|-resisted|p2b: Chi-Yu\n|-damage|p2a: Great Tusk|50\/100\n|-damage|p2b: Chi-Yu|13\/100\n|move|p2b: Chi-Yu|Dark Pulse|p1a: Capellone\n|-damage|p1a: Capellone|0 fnt\n|faint|p1a: Capellone\n|-end|p1a: Capellone|Protosynthesis|[silent]\n|move|p2a: Great Tusk|Headlong Rush|p1b: Pescione\n|-supereffective|p1b: Pescione\n|-damage|p1b: Pescione|0 fnt\n|-unboost|p2a: Great Tusk|def|1\n|-unboost|p2a: Great Tusk|spd|1\n|faint|p1b: Pescione\n|\n|win|Tamejo\n|c|\u2606Tamejo|Gg\n|c|\u2606RobyKenobi|gg\n|l| lucarioex555\n|l|\u2606RobyKenobi\n","uploadtime":1683469055,"views":10,"p1id":"robykenobi","p2id":"tamejo","formatid":"gen9vgc2023regulationc","rating":0,"private":0,"password":""}