{"id":"gen9vgc2023regulationc-1847487915","p1":"GB Seraphix","p2":"Drop a Dunsparce","format":"[Gen 9] VGC 2023 Regulation C","log":"|j|\u2606GB Seraphix\n|j|\u2606Drop a Dunsparce\n|t:|1681961407\n|gametype|doubles\n|player|p1|GB Seraphix|rosa|1302\n|player|p2|Drop a Dunsparce|swimmer|1320\n|teamsize|p1|6\n|teamsize|p2|6\n|gen|9\n|tier|[Gen 9] VGC 2023 Regulation C\n|rated|\n|rule|Species Clause: Limit one of each Pok\u00e9mon\n|rule|Item Clause: Limit one of each item\n|clearpoke\n|poke|p1|Chi-Yu, L50|\n|poke|p1|Dachsbun, L50, F|\n|poke|p1|Flutter Mane, L50|\n|poke|p1|Baxcalibur, L50, M|\n|poke|p1|Amoonguss, L50, M|\n|poke|p1|Rotom-Wash, L50|\n|poke|p2|Chi-Yu, L50|\n|poke|p2|Gyarados, L50, M|\n|poke|p2|Talonflame, L50, M|\n|poke|p2|Iron Treads, L50|\n|poke|p2|Flutter Mane, L50|\n|poke|p2|Baxcalibur, L50, F|\n|teampreview|4\n|\n|t:|1681961442\n|start\n|switch|p1a: Nemo|Chi-Yu, L50|100\/100\n|switch|p1b: Gardenia|Dachsbun, L50, F|100\/100\n|switch|p2a: Talonflame|Talonflame, L50, M|100\/100\n|switch|p2b: Iron Treads|Iron Treads, L50|100\/100\n|-ability|p1a: Nemo|Beads of Ruin\n|-enditem|p2b: Iron Treads|Booster Energy\n|-activate|p2b: Iron Treads|ability: Quark Drive|[fromitem]\n|-start|p2b: Iron Treads|quarkdriveatk\n|turn|1\n|\n|t:|1681961463\n|-terastallize|p2b: Iron Treads|Ground\n|move|p2a: Talonflame|Tailwind|p2a: Talonflame\n|-sidestart|p2: Drop a Dunsparce|move: Tailwind\n|move|p2b: Iron Treads|Earthquake|p1a: Nemo|[spread] p1a,p1b\n|-immune|p2a: Talonflame\n|-supereffective|p1a: Nemo\n|-damage|p1a: Nemo|0 fnt\n|-damage|p1b: Gardenia|44\/100\n|faint|p1a: Nemo\n|move|p1b: Gardenia|Body Press|p2b: Iron Treads\n|-damage|p2b: Iron Treads|82\/100\n|\n|-heal|p1b: Gardenia|50\/100|[from] item: Leftovers\n|upkeep\n|\n|t:|1681961475\n|switch|p1a: Hanabishi|Rotom-Wash, L50|100\/100\n|turn|2\n|\n|t:|1681961488\n|move|p1b: Gardenia|Protect|p1b: Gardenia\n|-singleturn|p1b: Gardenia|Protect\n|move|p2a: Talonflame|Brave Bird|p1a: Hanabishi\n|-resisted|p1a: Hanabishi\n|-damage|p1a: Hanabishi|78\/100\n|-damage|p2a: Talonflame|93\/100|[from] Recoil\n|move|p2b: Iron Treads|Heavy Slam|p1b: Gardenia\n|-activate|p1b: Gardenia|move: Protect\n|move|p1a: Hanabishi|Hydro Pump|p2b: Iron Treads\n|-supereffective|p2b: Iron Treads\n|-damage|p2b: Iron Treads|0 fnt\n|faint|p2b: Iron Treads\n|-end|p2b: Iron Treads|Quark Drive|[silent]\n|\n|-heal|p1b: Gardenia|57\/100|[from] item: Leftovers\n|upkeep\n|\n|t:|1681961493\n|switch|p2b: Flutter Mane|Flutter Mane, L50|100\/100\n|turn|3\n|\n|t:|1681961518\n|switch|p2a: Chi-Yu|Chi-Yu, L50|100\/100\n|-ability|p2a: Chi-Yu|Beads of Ruin\n|-terastallize|p1b: Gardenia|Steel\n|move|p2b: Flutter Mane|Thunderbolt|p1a: Hanabishi\n|-damage|p1a: Hanabishi|13\/100\n|-enditem|p1a: Hanabishi|Sitrus Berry|[eat]\n|-heal|p1a: Hanabishi|38\/100|[from] item: Sitrus Berry\n|-damage|p2b: Flutter Mane|90\/100|[from] item: Life Orb\n|move|p1a: Hanabishi|Hydro Pump|p2a: Chi-Yu\n|-supereffective|p2a: Chi-Yu\n|-damage|p2a: Chi-Yu|0 fnt\n|faint|p2a: Chi-Yu\n|move|p1b: Gardenia|Substitute|p1b: Gardenia\n|-start|p1b: Gardenia|Substitute\n|-damage|p1b: Gardenia|32\/100\n|\n|-heal|p1b: Gardenia|38\/100|[from] item: Leftovers\n|upkeep\n|\n|t:|1681961527\n|switch|p2a: Talonflame|Talonflame, L50, M|93\/100\n|turn|4\n|l|\u2606GB Seraphix\n|player|p1|\n|j|\u2606GB Seraphix\n|player|p1|GB Seraphix|rosa\n|\n|t:|1681961573\n|move|p1b: Gardenia|Protect|p1b: Gardenia\n|-singleturn|p1b: Gardenia|Protect\n|move|p1a: Hanabishi|Protect|p1a: Hanabishi\n|-singleturn|p1a: Hanabishi|Protect\n|move|p2b: Flutter Mane|Shadow Ball|p1b: Gardenia\n|-activate|p1b: Gardenia|move: Protect\n|move|p2a: Talonflame|Brave Bird|p1b: Gardenia\n|-activate|p1b: Gardenia|move: Protect\n|\n|-heal|p1b: Gardenia|44\/100|[from] item: Leftovers\n|-sideend|p2: Drop a Dunsparce|move: Tailwind\n|upkeep\n|turn|5\n|\n|t:|1681961589\n|move|p2b: Flutter Mane|Shadow Ball|p1b: Gardenia\n|-end|p1b: Gardenia|Substitute\n|-damage|p2b: Flutter Mane|80\/100|[from] item: Life Orb\n|move|p2a: Talonflame|Brave Bird|p1b: Gardenia\n|-resisted|p1b: Gardenia\n|-damage|p1b: Gardenia|24\/100\n|-damage|p2a: Talonflame|86\/100|[from] Recoil\n|move|p1a: Hanabishi|Hydro Pump|p2a: Talonflame\n|-supereffective|p2a: Talonflame\n|-damage|p2a: Talonflame|0 fnt\n|faint|p2a: Talonflame\n|move|p1b: Gardenia|Yawn|p2b: Flutter Mane\n|-start|p2b: Flutter Mane|move: Yawn|[of] p1b: Gardenia\n|\n|-heal|p1b: Gardenia|30\/100|[from] item: Leftovers\n|upkeep\n|turn|6\n|\n|t:|1681961606\n|move|p1a: Hanabishi|Protect|p1a: Hanabishi\n|-singleturn|p1a: Hanabishi|Protect\n|move|p1b: Gardenia|Protect|p1b: Gardenia\n|-singleturn|p1b: Gardenia|Protect\n|move|p2b: Flutter Mane|Dazzling Gleam|p1a: Hanabishi|[spread] \n|-activate|p1a: Hanabishi|move: Protect\n|-activate|p1b: Gardenia|move: Protect\n|\n|-heal|p1b: Gardenia|36\/100|[from] item: Leftovers\n|-end|p2b: Flutter Mane|move: Yawn|[silent]\n|-status|p2b: Flutter Mane|slp\n|upkeep\n|turn|7\n|-message|Drop a Dunsparce forfeited.\n|\n|win|GB Seraphix\n|raw|GB Seraphix's rating: 1302 → 1323<\/strong> (+21 for winning)\n|raw|Drop a Dunsparce's rating: 1320 → 1299<\/strong> (-21 for losing)\n|l|\u2606Drop a Dunsparce\n","uploadtime":1681961623,"views":10,"p1id":"gbseraphix","p2id":"dropadunsparce","formatid":"gen9vgc2023regulationc","rating":1299,"private":0,"password":""}