{"id":"gen9vgc2023regulationc-1845858939","p1":"Sqqueaks","p2":"Kiriziio","format":"[Gen 9] VGC 2023 Regulation C","log":"|j|\u2606Sqqueaks\n|j|\u2606Kiriziio\n|t:|1681772229\n|gametype|doubles\n|player|p1|Sqqueaks|lance|1172\n|player|p2|Kiriziio|lance|1171\n|teamsize|p1|6\n|teamsize|p2|6\n|gen|9\n|tier|[Gen 9] VGC 2023 Regulation C\n|rated|\n|rule|Species Clause: Limit one of each Pok\u00e9mon\n|rule|Item Clause: Limit one of each item\n|clearpoke\n|poke|p1|Flutter Mane, L50|\n|poke|p1|Chi-Yu, L50|\n|poke|p1|Amoonguss, L50, F|\n|poke|p1|Arcanine, L50, F|\n|poke|p1|Palafin, L50, M|\n|poke|p1|Murkrow, L50, M|\n|poke|p2|Dondozo, L50, F|\n|poke|p2|Tatsugiri-Stretchy, L50, F|\n|poke|p2|Chi-Yu, L50|\n|poke|p2|Flutter Mane, L50|\n|poke|p2|Dragonite, L50, M|\n|poke|p2|Glimmora, L50, M|\n|teampreview|4\n|inactive|Battle timer is ON: inactive players will automatically lose when time's up. (requested by Sqqueaks)\n|inactive|Sqqueaks has 60 seconds left.\n|inactive|Kiriziio has 60 seconds left.\n|inactive|Kiriziio has 30 seconds left.\n|inactive|Kiriziio has 20 seconds left.\n|inactive|Kiriziio has 15 seconds left.\n|inactive|Kiriziio has 10 seconds left.\n|\n|t:|1681772313\n|start\n|switch|p1a: Palafin|Palafin, L50, M|100\/100\n|switch|p1b: Flutter Mane|Flutter Mane, L50|100\/100\n|switch|p2a: Dondozo|Dondozo, L50, F|100\/100\n|switch|p2b: Dragonite|Dragonite, L50, M|100\/100\n|turn|1\n|inactive|Sqqueaks has 30 seconds left.\n|\n|t:|1681772346\n|move|p1a: Palafin|Protect|p1a: Palafin\n|-singleturn|p1a: Palafin|Protect\n|move|p2b: Dragonite|Protect|p2b: Dragonite\n|-singleturn|p2b: Dragonite|Protect\n|move|p1b: Flutter Mane|Moonblast|p2b: Dragonite\n|-activate|p2b: Dragonite|move: Protect\n|move|p2a: Dondozo|Bulldoze|p1b: Flutter Mane|[spread] p1b\n|-activate|p2b: Dragonite|move: Protect\n|-activate|p1a: Palafin|move: Protect\n|-damage|p1b: Flutter Mane|76\/100\n|-unboost|p1b: Flutter Mane|spe|1\n|\n|upkeep\n|turn|2\n|inactive|Kiriziio has 30 seconds left.\n|inactive|Kiriziio has 20 seconds left.\n|inactive|Kiriziio has 15 seconds left.\n|inactive|Kiriziio has 10 seconds left.\n|\n|t:|1681772391\n|move|p2b: Dragonite|Extreme Speed|p1a: Palafin\n|-damage|p1a: Palafin|69\/100\n|move|p1a: Palafin|Jet Punch|p2b: Dragonite\n|-resisted|p2b: Dragonite\n|-damage|p2b: Dragonite|94\/100\n|move|p1b: Flutter Mane|Moonblast|p2b: Dragonite\n|-supereffective|p2b: Dragonite\n|-damage|p2b: Dragonite|0 fnt\n|faint|p2b: Dragonite\n|-damage|p1b: Flutter Mane|66\/100|[from] item: Life Orb\n|move|p2a: Dondozo|Bulldoze|p1a: Palafin|[spread] p1a,p1b\n|-crit|p1a: Palafin\n|-damage|p1a: Palafin|50\/100\n|-damage|p1b: Flutter Mane|43\/100\n|-unboost|p1a: Palafin|spe|1\n|-unboost|p1b: Flutter Mane|spe|1\n|\n|upkeep\n|\n|t:|1681772404\n|switch|p2b: Chi-Yu|Chi-Yu, L50|100\/100\n|-ability|p2b: Chi-Yu|Beads of Ruin\n|turn|3\n|\n|t:|1681772419\n|-end|p1b: Flutter Mane|Protosynthesis|[silent]\n|switch|p1b: Amoonguss|Amoonguss, L50, F|100\/100\n|move|p1a: Palafin|Protect|p1a: Palafin\n|-singleturn|p1a: Palafin|Protect\n|move|p2b: Chi-Yu|Flamethrower|p1b: Amoonguss\n|-supereffective|p1b: Amoonguss\n|-damage|p1b: Amoonguss|0 fnt\n|faint|p1b: Amoonguss\n|move|p2a: Dondozo|Wave Crash|p1a: Palafin\n|-activate|p1a: Palafin|move: Protect\n|\n|upkeep\n|\n|t:|1681772427\n|switch|p1b: Flutter Mane|Flutter Mane, L50|43\/100\n|turn|4\n|\n|t:|1681772435\n|switch|p2b: Tatsugiri|Tatsugiri-Stretchy, L50, F|100\/100\n|-terastallize|p1a: Palafin|Water\n|move|p1a: Palafin|Jet Punch|p2b: Tatsugiri\n|-ability|p2b: Tatsugiri|Storm Drain|boost\n|-boost|p2b: Tatsugiri|spa|1\n|move|p1b: Flutter Mane|Dazzling Gleam|p2b: Tatsugiri|[spread] p2a,p2b\n|-supereffective|p2b: Tatsugiri\n|-damage|p2a: Dondozo|73\/100\n|-damage|p2b: Tatsugiri|6\/100\n|-damage|p1b: Flutter Mane|33\/100|[from] item: Life Orb\n|move|p2a: Dondozo|Wave Crash|p2b: Tatsugiri\n|-activate|p2b: Tatsugiri|ability: Storm Drain\n|-ability|p2b: Tatsugiri|Storm Drain|boost\n|-boost|p2b: Tatsugiri|spa|1\n|\n|upkeep\n|turn|5\n|inactive|Kiriziio has 30 seconds left.\n|\n|t:|1681772465\n|detailschange|p1a: Palafin|Palafin-Hero, L50, M, tera:Water\n|switch|p1a: Arcanine|Arcanine, L50, F|100\/100\n|-ability|p1a: Arcanine|Intimidate|boost\n|-unboost|p2a: Dondozo|atk|1\n|-unboost|p2b: Tatsugiri|atk|1\n|move|p1b: Flutter Mane|Dazzling Gleam|p2a: Dondozo|[spread] p2a,p2b\n|-supereffective|p2b: Tatsugiri\n|-damage|p2a: Dondozo|46\/100\n|-damage|p2b: Tatsugiri|0 fnt\n|-enditem|p2a: Dondozo|Sitrus Berry|[eat]\n|-heal|p2a: Dondozo|71\/100|[from] item: Sitrus Berry\n|faint|p2b: Tatsugiri\n|-damage|p1b: Flutter Mane|23\/100|[from] item: Life Orb\n|move|p2a: Dondozo|Bulldoze|p1a: Arcanine|[spread] p1a,p1b\n|-supereffective|p1a: Arcanine\n|-damage|p1a: Arcanine|82\/100\n|-damage|p1b: Flutter Mane|7\/100\n|-unboost|p1a: Arcanine|spe|1\n|-unboost|p1b: Flutter Mane|spe|1\n|\n|upkeep\n|\n|t:|1681772479\n|switch|p2b: Chi-Yu|Chi-Yu, L50|100\/100\n|-ability|p2b: Chi-Yu|Beads of Ruin\n|turn|6\n|\n|t:|1681772495\n|move|p1b: Flutter Mane|Protect|p1b: Flutter Mane\n|-singleturn|p1b: Flutter Mane|Protect\n|move|p2b: Chi-Yu|Dark Pulse|p1b: Flutter Mane\n|-activate|p1b: Flutter Mane|move: Protect\n|move|p1a: Arcanine|Will-O-Wisp|p2a: Dondozo\n|-status|p2a: Dondozo|brn\n|move|p2a: Dondozo|Wave Crash|p1a: Arcanine\n|-supereffective|p1a: Arcanine\n|-damage|p1a: Arcanine|48\/100\n|-damage|p2a: Dondozo|63\/100 brn|[from] Recoil\n|\n|-damage|p2a: Dondozo|57\/100 brn|[from] brn\n|upkeep\n|turn|7\n|\n|t:|1681772514\n|move|p2b: Chi-Yu|Protect|p2b: Chi-Yu\n|-singleturn|p2b: Chi-Yu|Protect\n|move|p1a: Arcanine|Extreme Speed|p2b: Chi-Yu\n|-activate|p2b: Chi-Yu|move: Protect\n|move|p1b: Flutter Mane|Dazzling Gleam|p2a: Dondozo|[spread] p2a\n|-activate|p2b: Chi-Yu|move: Protect\n|-damage|p2a: Dondozo|19\/100 brn\n|-damage|p1b: Flutter Mane|0 fnt|[from] item: Life Orb\n|faint|p1b: Flutter Mane\n|-end|p1b: Flutter Mane|Protosynthesis|[silent]\n|move|p2a: Dondozo|Bulldoze|p1a: Arcanine|[spread] p1a\n|-activate|p2b: Chi-Yu|move: Protect\n|-supereffective|p1a: Arcanine\n|-damage|p1a: Arcanine|40\/100\n|-unboost|p1a: Arcanine|spe|1\n|\n|-damage|p2a: Dondozo|13\/100 brn|[from] brn\n|upkeep\n|\n|t:|1681772519\n|switch|p1b: Palafin|Palafin-Hero, L50, M, tera:Water|50\/100\n|-activate|p1b: Palafin|ability: Zero to Hero\n|turn|8\n|\n|t:|1681772535\n|-terastallize|p2b: Chi-Yu|Grass\n|move|p1a: Arcanine|Extreme Speed|p2a: Dondozo\n|-damage|p2a: Dondozo|0 fnt\n|faint|p2a: Dondozo\n|move|p1b: Palafin|Jet Punch|p2b: Chi-Yu\n|-resisted|p2b: Chi-Yu\n|-damage|p2b: Chi-Yu|60\/100\n|move|p2b: Chi-Yu|Tera Blast|p1b: Palafin\n|-supereffective|p1b: Palafin\n|-damage|p1b: Palafin|0 fnt\n|faint|p1b: Palafin\n|\n|upkeep\n|turn|9\n|\n|t:|1681772547\n|move|p2b: Chi-Yu|Dark Pulse|p1a: Arcanine\n|-damage|p1a: Arcanine|0 fnt\n|faint|p1a: Arcanine\n|\n|win|Kiriziio\n|raw|Sqqueaks's rating: 1172 → 1147<\/strong> (-25 for losing)\n|raw|Kiriziio's rating: 1171 → 1196<\/strong> (+25 for winning)\n|c|\u2606Sqqueaks|gg\n|c|\u2606Kiriziio|gg\n|l|\u2606Sqqueaks\n","uploadtime":1681772556,"views":6,"p1id":"sqqueaks","p2id":"kiriziio","formatid":"gen9vgc2023regulationc","rating":1147,"private":0,"password":""}