{"id":"gen9vgc2023regulationc-1861597591","p1":"Lefties Chi-Yu","p2":"AndrwApple","format":"[Gen 9] VGC 2023 Regulation C","log":"|j|\u2606Lefties Chi-Yu\n|j|\u2606AndrwApple\n|t:|1683778843\n|gametype|doubles\n|player|p1|Lefties Chi-Yu|acetrainer-gen6xy|\n|player|p2|AndrwApple|whitney-masters|\n|teamsize|p1|6\n|teamsize|p2|6\n|gen|9\n|tier|[Gen 9] VGC 2023 Regulation C\n|rule|Species Clause: Limit one of each Pok\u00e9mon\n|rule|Item Clause: Limit one of each item\n|clearpoke\n|poke|p1|Arcanine, L50, F|\n|poke|p1|Amoonguss, L50, M|\n|poke|p1|Dragonite, L50, F|\n|poke|p1|Kingambit, L50, F|\n|poke|p1|Flutter Mane, L50|\n|poke|p1|Iron Bundle, L50|\n|poke|p2|Baxcalibur, L50, M|\n|poke|p2|Iron Bundle, L50|\n|poke|p2|Flutter Mane, L50|\n|poke|p2|Annihilape, L50, M|\n|poke|p2|Arcanine, L50, M|\n|poke|p2|Abomasnow, L50, F|\n|teampreview|4\nLefties Chi-Yu has agreed to open team sheets.\nAndrwApple has agreed to open team sheets.\n|c|\u2606AndrwApple|I was thinking i could change flutter for gholdengo\n|c|\u2606AndrwApple|Not sure thought\n|c|\u2606AndrwApple|Probably not worth it\n|c|\u2606AndrwApple|I alr destroy balance\n|c|\u2606Lefties Chi-Yu|yeah\n|c|\u2606Lefties Chi-Yu|what do u classify ur team as\n|c|\u2606AndrwApple|But this 4 are so insane, i literally never picked arcanine and flutter like once\n|c|\u2606Lefties Chi-Yu|if you pick arc or flutter you lose against me\n|c|\u2606AndrwApple|Yeaj\n|c|\u2606AndrwApple|Yeah*\n|c|\u2606AndrwApple|Or well\n|c|\u2606AndrwApple|I could pick arcanine\n|c|\u2606AndrwApple|Instead of bax\n|c|\u2606AndrwApple|And howl up the ape\n|\n|t:|1683778964\n|start\n|switch|p1a: Iron Bundle|Iron Bundle, L50|100\/100\n|switch|p1b: Flutter Mane|Flutter Mane, L50|100\/100\n|switch|p2a: Eskimo|Iron Bundle, L50|100\/100\n|switch|p2b: Santa|Abomasnow, L50, F|100\/100\n|-weather|Snow|[from] ability: Snow Warning|[of] p2b: Santa\n|-enditem|p1a: Iron Bundle|Booster Energy\n|-activate|p1a: Iron Bundle|ability: Quark Drive|[fromitem]\n|-start|p1a: Iron Bundle|quarkdrivespe\n|turn|1\n|c|\u2606Lefties Chi-Yu|i welcome all arcanine\n|\n|t:|1683779003\n|-end|p2a: Eskimo|Quark Drive|[silent]\n|switch|p2a: He's Back|Baxcalibur, L50, M|100\/100\n|-terastallize|p1b: Flutter Mane|Fairy\n|move|p1a: Iron Bundle|Icy Wind|p2a: He's Back|[spread] p2a,p2b\n|-damage|p2a: He's Back|87\/100\n|-damage|p2b: Santa|78\/100\n|-unboost|p2a: He's Back|spe|1\n|-unboost|p2b: Santa|spe|1\n|move|p1b: Flutter Mane|Dazzling Gleam|p2a: He's Back|[spread] p2a,p2b\n|-supereffective|p2a: He's Back\n|-damage|p2a: He's Back|8\/100\n|-damage|p2b: Santa|14\/100\n|move|p2b: Santa|Leaf Storm|p1a: Iron Bundle\n|-supereffective|p1a: Iron Bundle\n|-damage|p1a: Iron Bundle|0 fnt\n|-unboost|p2b: Santa|spa|2\n|faint|p1a: Iron Bundle\n|-end|p1a: Iron Bundle|Quark Drive|[silent]\n|\n|-weather|Snow|[upkeep]\n|upkeep\n|c|\u2606Lefties Chi-Yu|insane\n|c|\u2606AndrwApple|Maybe\n|\n|t:|1683779024\n|switch|p1a: Kingambit|Kingambit, L50, F|100\/100\n|turn|2\n|\n|t:|1683779029\n|move|p2a: He's Back|Ice Shard|p1b: Flutter Mane\n|-damage|p1b: Flutter Mane|55\/100\n|move|p1b: Flutter Mane|Dazzling Gleam|p2b: Santa|[spread] p2a,p2b\n|-supereffective|p2a: He's Back\n|-damage|p2a: He's Back|0 fnt\n|-damage|p2b: Santa|0 fnt\n|faint|p2a: He's Back\n|faint|p2b: Santa\n|move|p1a: Kingambit|Swords Dance|p1a: Kingambit\n|-boost|p1a: Kingambit|atk|2\n|\n|-weather|Snow|[upkeep]\n|upkeep\n|\n|t:|1683779032\n|switch|p2a: Eskimo|Iron Bundle, L50|100\/100\n|switch|p2b: Annihilape|Annihilape, L50, M, shiny|100\/100\n|turn|3\n|\n|t:|1683779104\n|-end|p1b: Flutter Mane|Protosynthesis|[silent]\n|switch|p1b: Amoonguss|Amoonguss, L50, M|100\/100\n|-terastallize|p2b: Annihilape|Fire\n|move|p1a: Kingambit|Protect|p1a: Kingambit\n|-singleturn|p1a: Kingambit|Protect\n|move|p2a: Eskimo|Blizzard|p1a: Kingambit|[spread] p1b\n|-activate|p1a: Kingambit|move: Protect\n|-supereffective|p1b: Amoonguss\n|-damage|p1b: Amoonguss|0 fnt\n|faint|p1b: Amoonguss\n|move|p2b: Annihilape|Drain Punch|p1a: Kingambit\n|-activate|p1a: Kingambit|move: Protect\n|\n|-weather|Snow|[upkeep]\n|upkeep\n|\n|t:|1683779110\n|switch|p1b: Flutter Mane|Flutter Mane, L50, tera:Fairy|55\/100\n|turn|4\n|c|\u2606Lefties Chi-Yu|interesting\n|\n|t:|1683779127\n|move|p1a: Kingambit|Sucker Punch|p2a: Eskimo\n|-damage|p2a: Eskimo|20\/100\n|move|p2a: Eskimo|Blizzard|p1a: Kingambit|[spread] p1a,p1b\n|-resisted|p1a: Kingambit\n|-damage|p1a: Kingambit|71\/100\n|-damage|p1b: Flutter Mane|0 fnt\n|-status|p1a: Kingambit|frz\n|faint|p1b: Flutter Mane\n|-end|p1b: Flutter Mane|Protosynthesis|[silent]\n|move|p2b: Annihilape|Bulk Up|p2b: Annihilape\n|-boost|p2b: Annihilape|atk|1\n|-boost|p2b: Annihilape|def|1\n|\n|-weather|Snow|[upkeep]\n|upkeep\n|turn|5\n|c|\u2606Lefties Chi-Yu|yeah\n|c|\u2606AndrwApple|ggs\n|c|\u2606Lefties Chi-Yu|tjis is strong\n|c|\u2606AndrwApple|Even without freeze but still\n|c|\u2606Lefties Chi-Yu|the snow boost is insane\n|c|\u2606AndrwApple|Bundle specs\n|c|\u2606AndrwApple|Is so\n|c|\u2606AndrwApple|Yikes\n|c|\u2606Lefties Chi-Yu|it\u2019s braindead\n|c|\u2606Lefties Chi-Yu|gg\n|c|\u2606AndrwApple|Agree\n|c|\u2606AndrwApple|Ggs\n|c|\u2606Lefties Chi-Yu|need to figure out lines into this\n|c|\u2606Lefties Chi-Yu|ttyl\n|-message|Lefties Chi-Yu forfeited.\n|\n|win|AndrwApple\n|player|p1|Lefties Chi-Yu|acetrainer-gen6xy\n|l|\u2606AndrwApple\n","uploadtime":1683779182,"views":19,"p1id":"leftieschiyu","p2id":"andrwapple","formatid":"gen9vgc2023regulationc","rating":0,"private":0,"password":""}