{"id":"gen9vgc2023regulationc-1845389541","p1":"Snap en Crackle","p2":"Bukan226","format":"[Gen 9] VGC 2023 Regulation C","log":"|j|\u2606Snap en Crackle\n|j|\u203dBukan226\n|t:|1681726348\n|gametype|doubles\n|player|p1|Snap en Crackle|pokemonbreeder-gen4|1094\n|player|p2|Bukan226|2|1123\n|teamsize|p1|6\n|teamsize|p2|6\n|gen|9\n|tier|[Gen 9] VGC 2023 Regulation C\n|rated|\n|rule|Species Clause: Limit one of each Pok\u00e9mon\n|rule|Item Clause: Limit one of each item\n|clearpoke\n|poke|p1|Wo-Chien, L50|\n|poke|p1|Abomasnow, L50, M|\n|poke|p1|Glimmora, L50, F|\n|poke|p1|Iron Bundle, L50|\n|poke|p1|Iron Thorns, L50|\n|poke|p1|Tauros-Paldea-Blaze, L50, M|\n|poke|p2|Talonflame, L50, F|\n|poke|p2|Roaring Moon, L50|\n|poke|p2|Flutter Mane, L50|\n|poke|p2|Great Tusk, L50|\n|poke|p2|Gothitelle, L50, M|\n|poke|p2|Palafin, L50, F|\n|teampreview|4\nBukan226 rejected open team sheets.\n|inactive|Battle timer is ON: inactive players will automatically lose when time's up. (requested by Bukan226)\n|inactive|Bukan226 has 60 seconds left.\n|\n|t:|1681726386\n|start\n|switch|p1a: Abomasnow|Abomasnow, L50, M|100\/100\n|switch|p1b: Iron Bundle|Iron Bundle, L50|100\/100\n|switch|p2a: Flutter Mane|Flutter Mane, L50|100\/100\n|switch|p2b: Gothitelle|Gothitelle, L50, M|100\/100\n|-weather|Snow|[from] ability: Snow Warning|[of] p1a: Abomasnow\n|-enditem|p1b: Iron Bundle|Booster Energy\n|-activate|p1b: Iron Bundle|ability: Quark Drive|[fromitem]\n|-start|p1b: Iron Bundle|quarkdrivespe\n|turn|1\n|inactive|Snap en Crackle has 30 seconds left.\n|\n|t:|1681726417\n|move|p2b: Gothitelle|Fake Out|p1b: Iron Bundle\n|-damage|p1b: Iron Bundle|96\/100\n|cant|p1b: Iron Bundle|flinch\n|move|p2a: Flutter Mane|Perish Song|p2a: Flutter Mane\n|-start|p1a: Abomasnow|perish3|[silent]\n|-start|p1b: Iron Bundle|perish3|[silent]\n|-start|p2a: Flutter Mane|perish3|[silent]\n|-start|p2b: Gothitelle|perish3|[silent]\n|-fieldactivate|move: Perish Song\n|move|p1a: Abomasnow|Aurora Veil|p1a: Abomasnow\n|-sidestart|p1: Snap en Crackle|move: Aurora Veil\n|\n|-weather|Snow|[upkeep]\n|-start|p1b: Iron Bundle|perish3\n|-start|p2a: Flutter Mane|perish3\n|-start|p2b: Gothitelle|perish3\n|-start|p1a: Abomasnow|perish3\n|upkeep\n|turn|2\n|inactive|Bukan226 has 30 seconds left.\n|inactive|Bukan226 has 20 seconds left.\n|\n|t:|1681726454\n|move|p2a: Flutter Mane|Protect|p2a: Flutter Mane\n|-singleturn|p2a: Flutter Mane|Protect\n|move|p1b: Iron Bundle|Icy Wind|p2b: Gothitelle|[spread] p2b\n|-activate|p2a: Flutter Mane|move: Protect\n|-damage|p2b: Gothitelle|85\/100\n|-unboost|p2b: Gothitelle|spe|1\n|move|p1a: Abomasnow|Blizzard|p2a: Flutter Mane|[spread] p2b\n|-activate|p2a: Flutter Mane|move: Protect\n|-damage|p2b: Gothitelle|57\/100\n|move|p2b: Gothitelle|Psychic|p1a: Abomasnow\n|-crit|p1a: Abomasnow\n|-damage|p1a: Abomasnow|54\/100\n|-unboost|p1a: Abomasnow|spd|1\n|\n|-weather|Snow|[upkeep]\n|-heal|p2b: Gothitelle|63\/100|[from] item: Leftovers\n|-start|p1b: Iron Bundle|perish2\n|-start|p2a: Flutter Mane|perish2\n|-start|p1a: Abomasnow|perish2\n|-start|p2b: Gothitelle|perish2\n|upkeep\n|turn|3\n|inactive|Snap en Crackle has 30 seconds left.\n|\n|t:|1681726480\n|-end|p2a: Flutter Mane|Protosynthesis|[silent]\n|switch|p2a: Palafin|Palafin, L50, F|100\/100\n|move|p2b: Gothitelle|Protect|p2b: Gothitelle\n|-singleturn|p2b: Gothitelle|Protect\n|move|p1b: Iron Bundle|Icy Wind|p2a: Palafin|[spread] p2a\n|-activate|p2b: Gothitelle|move: Protect\n|-resisted|p2a: Palafin\n|-damage|p2a: Palafin|85\/100\n|-unboost|p2a: Palafin|spe|1\n|move|p1a: Abomasnow|Blizzard|p2b: Gothitelle|[spread] p2a\n|-activate|p2b: Gothitelle|move: Protect\n|-resisted|p2a: Palafin\n|-damage|p2a: Palafin|56\/100\n|\n|-weather|Snow|[upkeep]\n|-heal|p2b: Gothitelle|69\/100|[from] item: Leftovers\n|-start|p1b: Iron Bundle|perish1\n|-start|p1a: Abomasnow|perish1\n|-start|p2b: Gothitelle|perish1\n|upkeep\n|turn|4\n|inactive|Snap en Crackle has 30 seconds left.\n|\n|t:|1681726507\n|switch|p2b: Great Tusk|Great Tusk, L50|100\/100\n|move|p2a: Palafin|Protect|p2a: Palafin\n|-singleturn|p2a: Palafin|Protect\n|move|p1b: Iron Bundle|Hydro Pump|p2b: Great Tusk\n|-supereffective|p2b: Great Tusk\n|-damage|p2b: Great Tusk|0 fnt\n|faint|p2b: Great Tusk\n|-end|p2b: Great Tusk|Protosynthesis|[silent]\n|move|p1a: Abomasnow|Giga Drain|p2a: Palafin\n|-activate|p2a: Palafin|move: Protect\n|\n|-weather|Snow|[upkeep]\n|-start|p1b: Iron Bundle|perish0\n|-start|p1a: Abomasnow|perish0\n|faint|p1b: Iron Bundle\n|-end|p1b: Iron Bundle|Quark Drive|[silent]\n|faint|p1a: Abomasnow\n|upkeep\n|\n|t:|1681726523\n|switch|p1b: Tauros|Tauros-Paldea-Blaze, L50, M|100\/100\n|switch|p2b: Flutter Mane|Flutter Mane, L50|100\/100\n|switch|p1a: Iron Thorns|Iron Thorns, L50|100\/100\n|-ability|p1b: Tauros|Intimidate|boost\n|-unboost|p2a: Palafin|atk|1\n|-unboost|p2b: Flutter Mane|atk|1\n|turn|5\n|\n|t:|1681726545\n|detailschange|p2a: Palafin|Palafin-Hero, L50, F\n|switch|p2a: Gothitelle|Gothitelle, L50, M|69\/100\n|move|p2b: Flutter Mane|Perish Song|p2b: Flutter Mane\n|-start|p1a: Iron Thorns|perish3|[silent]\n|-start|p1b: Tauros|perish3|[silent]\n|-start|p2a: Gothitelle|perish3|[silent]\n|-start|p2b: Flutter Mane|perish3|[silent]\n|-fieldactivate|move: Perish Song\n|move|p1b: Tauros|Raging Bull|p2b: Flutter Mane\n|-damage|p2b: Flutter Mane|26\/100\n|move|p1a: Iron Thorns|Rock Blast|p2b: Flutter Mane\n|-damage|p2b: Flutter Mane|0 fnt\n|faint|p2b: Flutter Mane\n|-end|p2b: Flutter Mane|Protosynthesis|[silent]\n|-hitcount|p2: Flutter Mane|1\n|\n|-weather|Snow|[upkeep]\n|-heal|p2a: Gothitelle|75\/100|[from] item: Leftovers\n|-start|p1b: Tauros|perish3\n|-start|p1a: Iron Thorns|perish3\n|-start|p2a: Gothitelle|perish3\n|-sideend|p1: Snap en Crackle|move: Aurora Veil\n|upkeep\n|\n|t:|1681726567\n|switch|p2b: Palafin|Palafin-Hero, L50, F|56\/100\n|-activate|p2b: Palafin|ability: Zero to Hero\n|turn|6\n|\n|t:|1681726581\n|move|p2a: Gothitelle|Fake Out|p1a: Iron Thorns\n|-resisted|p1a: Iron Thorns\n|-damage|p1a: Iron Thorns|99\/100\n|move|p2b: Palafin|Jet Punch|p1b: Tauros\n|-supereffective|p1b: Tauros\n|-damage|p1b: Tauros|10\/100\n|-enditem|p1b: Tauros|Sitrus Berry|[eat]\n|-heal|p1b: Tauros|35\/100|[from] item: Sitrus Berry\n|move|p1b: Tauros|Close Combat|p2b: Palafin\n|-damage|p2b: Palafin|8\/100\n|-unboost|p1b: Tauros|def|1\n|-unboost|p1b: Tauros|spd|1\n|cant|p1a: Iron Thorns|flinch\n|\n|-weather|Snow|[upkeep]\n|-heal|p2a: Gothitelle|82\/100|[from] item: Leftovers\n|-start|p1b: Tauros|perish2\n|-start|p1a: Iron Thorns|perish2\n|-start|p2a: Gothitelle|perish2\n|upkeep\n|turn|7\n|inactive|Snap en Crackle has 30 seconds left.\n|\n|t:|1681726609\n|-terastallize|p1a: Iron Thorns|Water\n|move|p2b: Palafin|Protect|p2b: Palafin\n|-singleturn|p2b: Palafin|Protect\n|move|p1b: Tauros|Protect|p1b: Tauros\n|-singleturn|p1b: Tauros|Protect\n|move|p2a: Gothitelle|Protect|p2a: Gothitelle\n|-singleturn|p2a: Gothitelle|Protect\n|move|p1a: Iron Thorns|Pin Missile|p2a: Gothitelle\n|-activate|p2a: Gothitelle|move: Protect\n|\n|-weather|Snow|[upkeep]\n|-heal|p2a: Gothitelle|88\/100|[from] item: Leftovers\n|-start|p1b: Tauros|perish1\n|-start|p1a: Iron Thorns|perish1\n|-start|p2a: Gothitelle|perish1\n|upkeep\n|turn|8\n|inactive|Bukan226 has 30 seconds left.\n|\n|t:|1681726635\n|-terastallize|p2a: Gothitelle|Steel\n|move|p2b: Palafin|Jet Punch|p1b: Tauros\n|-supereffective|p1b: Tauros\n|-damage|p1b: Tauros|0 fnt\n|faint|p1b: Tauros\n|move|p1a: Iron Thorns|Pin Missile|p2a: Gothitelle\n|-resisted|p2a: Gothitelle\n|-damage|p2a: Gothitelle|83\/100\n|-resisted|p2a: Gothitelle\n|-damage|p2a: Gothitelle|79\/100\n|-resisted|p2a: Gothitelle\n|-damage|p2a: Gothitelle|74\/100\n|-resisted|p2a: Gothitelle\n|-damage|p2a: Gothitelle|70\/100\n|-resisted|p2a: Gothitelle\n|-damage|p2a: Gothitelle|66\/100\n|-hitcount|p2a: Gothitelle|5\n|move|p2a: Gothitelle|Heal Pulse|p2b: Palafin\n|-heal|p2b: Palafin|58\/100\n|\n|-weather|none\n|-heal|p2a: Gothitelle|72\/100|[from] item: Leftovers\n|-start|p1a: Iron Thorns|perish0\n|-start|p2a: Gothitelle|perish0\n|upkeep\n|faint|p1a: Iron Thorns\n|-end|p1a: Iron Thorns|Quark Drive|[silent]\n|faint|p2a: Gothitelle\n|\n|win|Bukan226\n|raw|Snap en Crackle's rating: 1094 → 1072<\/strong> (-22 for losing)\n|raw|Bukan226's rating: 1123 → 1146<\/strong> (+23 for winning)\n|c|\u2606Snap en Crackle|gay\n|l|\u2606Snap en Crackle\n","uploadtime":1681726660,"views":12,"p1id":"snapencrackle","p2id":"bukan226","formatid":"gen9vgc2023regulationc","rating":1072,"private":0,"password":""}