{"id":"gen9vgc2023regulationc-1846254627","p1":"adrigame96","p2":"LeafeonLou12","format":"[Gen 9] VGC 2023 Regulation C","log":"|j|\u2606adrigame96\n|j|\u2606LeafeonLou12\n|t:|1681825857\n|gametype|doubles\n|player|p1|adrigame96|ethan|1350\n|player|p2|LeafeonLou12|1|1296\n|teamsize|p1|6\n|teamsize|p2|6\n|gen|9\n|tier|[Gen 9] VGC 2023 Regulation C\n|rated|\n|rule|Species Clause: Limit one of each Pok\u00e9mon\n|rule|Item Clause: Limit one of each item\n|clearpoke\n|poke|p1|Corviknight, L50, M|\n|poke|p1|Ting-Lu, L50|\n|poke|p1|Gyarados, L50, M|\n|poke|p1|Flutter Mane, L50|\n|poke|p1|Ceruledge, L50, M|\n|poke|p1|Amoonguss, L50, F|\n|poke|p2|Rotom-Fan, L50|\n|poke|p2|Torkoal, L50, F|\n|poke|p2|Indeedee, L50, M|\n|poke|p2|Drifblim, L50, F|\n|poke|p2|Chi-Yu, L50|\n|poke|p2|Great Tusk, L50|\n|teampreview|4\n|inactive|Battle timer is ON: inactive players will automatically lose when time's up. (requested by adrigame96)\n|inactive|LeafeonLou12 has 60 seconds left.\n|\n|t:|1681825902\n|start\n|switch|p1a: Ceruledge|Ceruledge, L50, M|100\/100\n|switch|p1b: Gyarados|Gyarados, L50, M|100\/100\n|switch|p2a: Rotom|Rotom-Fan, L50|100\/100\n|switch|p2b: Great Tusk|Great Tusk, L50|100\/100\n|-ability|p1b: Gyarados|Intimidate|boost\n|-unboost|p2a: Rotom|atk|1\n|-unboost|p2b: Great Tusk|atk|1\n|turn|1\n|\n|t:|1681825918\n|switch|p1b: Ting-Lu|Ting-Lu, L50|100\/100\n|-ability|p1b: Ting-Lu|Vessel of Ruin\n|move|p1a: Ceruledge|Protect|p1a: Ceruledge\n|-singleturn|p1a: Ceruledge|Protect\n|move|p2a: Rotom|Air Slash|p1a: Ceruledge\n|-activate|p1a: Ceruledge|move: Protect\n|move|p2b: Great Tusk|Earthquake|p1b: Ting-Lu|[spread] p1b\n|-activate|p1a: Ceruledge|move: Protect\n|-immune|p2a: Rotom\n|-damage|p1b: Ting-Lu|84\/100\n|\n|upkeep\n|turn|2\n|\n|t:|1681825933\n|-end|p2b: Great Tusk|Protosynthesis|[silent]\n|switch|p2b: Indeedee|Indeedee, L50, M|100\/100\n|-fieldstart|move: Psychic Terrain|[from] ability: Psychic Surge|[of] p2b: Indeedee\n|switch|p1a: Gyarados|Gyarados, L50, M|100\/100\n|-ability|p1a: Gyarados|Intimidate|boost\n|-unboost|p2a: Rotom|atk|1\n|-unboost|p2b: Indeedee|atk|1\n|move|p2a: Rotom|Air Slash|p1a: Gyarados\n|-damage|p1a: Gyarados|81\/100\n|move|p1b: Ting-Lu|Throat Chop|p2a: Rotom\n|-damage|p2a: Rotom|62\/100\n|-start|p2a: Rotom|Throat Chop|[silent]\n|\n|upkeep\n|turn|3\n|inactive|adrigame96 has 30 seconds left.\n|\n|t:|1681825959\n|move|p1a: Gyarados|Protect|p1a: Gyarados\n|-singleturn|p1a: Gyarados|Protect\n|move|p2b: Indeedee|Trick|p1b: Ting-Lu\n|-activate|p2b: Indeedee|move: Trick|[of] p1b: Ting-Lu\n|-item|p1b: Ting-Lu|Choice Scarf|[from] move: Trick\n|-item|p2b: Indeedee|Assault Vest|[from] move: Trick\n|move|p1b: Ting-Lu|Throat Chop|p2b: Indeedee\n|-supereffective|p2b: Indeedee\n|-damage|p2b: Indeedee|0 fnt\n|faint|p2b: Indeedee\n|move|p2a: Rotom|Volt Switch|p1a: Gyarados\n|-activate|p1a: Gyarados|move: Protect\n|\n|-end|p2a: Rotom|Throat Chop|[silent]\n|upkeep\n|\n|t:|1681825969\n|switch|p2b: Great Tusk|Great Tusk, L50|100\/100\n|turn|4\n|\n|t:|1681825982\n|switch|p1a: Flutter Mane|Flutter Mane, L50|100\/100\n|-enditem|p1a: Flutter Mane|Booster Energy\n|-activate|p1a: Flutter Mane|ability: Protosynthesis|[fromitem]\n|-start|p1a: Flutter Mane|protosynthesisspa\n|move|p1b: Ting-Lu|Throat Chop|p2a: Rotom\n|-damage|p2a: Rotom|25\/100\n|-start|p2a: Rotom|Throat Chop|[silent]\n|-enditem|p2a: Rotom|Sitrus Berry|[eat]\n|-heal|p2a: Rotom|50\/100|[from] item: Sitrus Berry\n|move|p2a: Rotom|Volt Switch|p1a: Flutter Mane\n|-damage|p1a: Flutter Mane|77\/100\n|\n|t:|1681825994\n|switch|p2a: Torkoal|Torkoal, L50, F|100\/100|[from] Volt Switch\n|-weather|SunnyDay|[from] ability: Drought|[of] p2a: Torkoal\n|-activate|p2b: Great Tusk|ability: Protosynthesis\n|-start|p2b: Great Tusk|protosynthesisatk\n|move|p2b: Great Tusk|Close Combat|p1b: Ting-Lu\n|-supereffective|p1b: Ting-Lu\n|-damage|p1b: Ting-Lu|0 fnt\n|-unboost|p2b: Great Tusk|def|1\n|-unboost|p2b: Great Tusk|spd|1\n|faint|p1b: Ting-Lu\n|\n|-weather|SunnyDay|[upkeep]\n|upkeep\n|\n|t:|1681826003\n|switch|p1b: Ceruledge|Ceruledge, L50, M|100\/100\n|turn|5\n|\n|t:|1681826014\n|-end|p2b: Great Tusk|Protosynthesis|[silent]\n|switch|p2b: Rotom|Rotom-Fan, L50|50\/100\n|move|p1a: Flutter Mane|Power Gem|p2a: Torkoal\n|-supereffective|p2a: Torkoal\n|-damage|p2a: Torkoal|8\/100\n|move|p1b: Ceruledge|Bitter Blade|p2a: Torkoal\n|-resisted|p2a: Torkoal\n|-damage|p2a: Torkoal|0 fnt\n|faint|p2a: Torkoal\n|\n|-weather|SunnyDay|[upkeep]\n|upkeep\n|\n|t:|1681826022\n|switch|p2a: Great Tusk|Great Tusk, L50|100\/100\n|-activate|p2a: Great Tusk|ability: Protosynthesis\n|-start|p2a: Great Tusk|protosynthesisatk\n|turn|6\n|\n|t:|1681826037\n|-terastallize|p2a: Great Tusk|Ground\n|move|p2b: Rotom|Protect|p2b: Rotom\n|-singleturn|p2b: Rotom|Protect\n|move|p1b: Ceruledge|Shadow Sneak|p2b: Rotom\n|-hint|Psychic Terrain doesn't affect Pok\u00e9mon immune to Ground.\n|-activate|p2b: Rotom|move: Protect\n|move|p1a: Flutter Mane|Shadow Ball|p2b: Rotom\n|-activate|p2b: Rotom|move: Protect\n|move|p2a: Great Tusk|Iron Head|p1a: Flutter Mane\n|-supereffective|p1a: Flutter Mane\n|-damage|p1a: Flutter Mane|0 fnt\n|faint|p1a: Flutter Mane\n|-end|p1a: Flutter Mane|Protosynthesis|[silent]\n|\n|-weather|SunnyDay|[upkeep]\n|-fieldend|move: Psychic Terrain\n|upkeep\n|\n|t:|1681826042\n|switch|p1a: Gyarados|Gyarados, L50, M|81\/100\n|-ability|p1a: Gyarados|Intimidate|boost\n|-unboost|p2a: Great Tusk|atk|1\n|-unboost|p2b: Rotom|atk|1\n|turn|7\n|\n|t:|1681826051\n|move|p1a: Gyarados|Protect|p1a: Gyarados\n|-singleturn|p1a: Gyarados|Protect\n|move|p2b: Rotom|Air Slash|p1b: Ceruledge\n|-damage|p1b: Ceruledge|69\/100\n|move|p2a: Great Tusk|Earthquake|p1a: Gyarados|[spread] p1b\n|-activate|p1a: Gyarados|move: Protect\n|-immune|p2b: Rotom\n|-supereffective|p1b: Ceruledge\n|-damage|p1b: Ceruledge|0 fnt\n|faint|p1b: Ceruledge\n|\n|-weather|SunnyDay|[upkeep]\n|upkeep\n|turn|8\n|\n|t:|1681826075\n|-terastallize|p1a: Gyarados|Ground\n|move|p2b: Rotom|Volt Switch|p1a: Gyarados\n|-immune|p1a: Gyarados\n|move|p2a: Great Tusk|Ice Spinner|p1a: Gyarados\n|-supereffective|p1a: Gyarados\n|-damage|p1a: Gyarados|35\/100\n|-enditem|p1a: Gyarados|Sitrus Berry|[eat]\n|-heal|p1a: Gyarados|60\/100|[from] item: Sitrus Berry\n|move|p1a: Gyarados|Waterfall|p2b: Rotom\n|-damage|p2b: Rotom|34\/100\n|\n|-weather|none\n|-end|p2a: Great Tusk|Protosynthesis\n|upkeep\n|turn|9\n|\n|t:|1681826093\n|move|p2b: Rotom|Protect|p2b: Rotom\n|-singleturn|p2b: Rotom|Protect\n|move|p2a: Great Tusk|Ice Spinner|p1a: Gyarados\n|-supereffective|p1a: Gyarados\n|-damage|p1a: Gyarados|24\/100\n|move|p1a: Gyarados|Waterfall|p2a: Great Tusk\n|-supereffective|p2a: Great Tusk\n|-damage|p2a: Great Tusk|56\/100\n|\n|upkeep\n|turn|10\n|-message|adrigame96 forfeited.\n|\n|win|LeafeonLou12\n|raw|adrigame96's rating: 1350 → 1327<\/strong> (-23 for losing)\n|raw|LeafeonLou12's rating: 1296 → 1325<\/strong> (+29 for winning)\n|l|\u2606adrigame96\n|c|\u2606LeafeonLou12|That was some good defense ngl\n","uploadtime":1681826103,"views":9,"p1id":"adrigame96","p2id":"leafeonlou12","formatid":"gen9vgc2023regulationc","rating":1325,"private":0,"password":""}