{"id":"gen9vgc2023regulationc-1860355091","p1":"McPborn","p2":"CbuttyVGC","format":"[Gen 9] VGC 2023 Regulation C","log":"|j|\u2606McPborn\n|j|\u2606CbuttyVGC\n|t:|1683636492\n|gametype|doubles\n|player|p1|McPborn|bruno|1370\n|player|p2|CbuttyVGC|acetrainer-gen4dp|1320\n|teamsize|p1|6\n|teamsize|p2|6\n|gen|9\n|tier|[Gen 9] VGC 2023 Regulation C\n|rated|\n|rule|Species Clause: Limit one of each Pok\u00e9mon\n|rule|Item Clause: Limit one of each item\n|clearpoke\n|poke|p1|Ceruledge, L50, F|\n|poke|p1|Scream Tail, L50|\n|poke|p1|Slither Wing, L50|\n|poke|p1|Scizor, L50, M|\n|poke|p1|Dragonite, L50, M|\n|poke|p1|Chien-Pao, L50|\n|poke|p2|Tyranitar, L50, M|\n|poke|p2|Houndstone, L50, F|\n|poke|p2|Flutter Mane, L50|\n|poke|p2|Palafin, L50, M|\n|poke|p2|Brute Bonnet, L50|\n|poke|p2|Chi-Yu, L50|\n|teampreview|4\n|inactive|Battle timer is ON: inactive players will automatically lose when time's up. (requested by CbuttyVGC)\n|inactive|McPborn has 60 seconds left.\n|inactive|CbuttyVGC has 60 seconds left.\n|\n|t:|1683636526\n|start\n|switch|p1a: Scizor|Scizor, L50, M|100\/100\n|switch|p1b: Scream Tail|Scream Tail, L50, shiny|100\/100\n|switch|p2a: Joundstone|Houndstone, L50, F|100\/100\n|switch|p2b: Jyranitar|Tyranitar, L50, M|100\/100\n|-weather|Sandstorm|[from] ability: Sand Stream|[of] p2b: Jyranitar\n|-enditem|p1b: Scream Tail|Booster Energy\n|-activate|p1b: Scream Tail|ability: Protosynthesis|[fromitem]\n|-start|p1b: Scream Tail|protosynthesisspe\n|turn|1\n|inactive|McPborn has 30 seconds left.\n|inactive|McPborn has 20 seconds left.\n|\n|t:|1683636562\n|-terastallize|p2b: Jyranitar|Flying\n|move|p1b: Scream Tail|Protect|p1b: Scream Tail\n|-singleturn|p1b: Scream Tail|Protect\n|move|p1a: Scizor|Bullet Punch|p2b: Jyranitar\n|-damage|p2b: Jyranitar|73\/100\n|move|p2a: Joundstone|Will-O-Wisp|p1a: Scizor\n|-status|p1a: Scizor|brn\n|move|p2b: Jyranitar|Rock Slide|p1a: Scizor|[spread] p1a\n|-activate|p1b: Scream Tail|move: Protect\n|-damage|p1a: Scizor|65\/100 brn\n|\n|-weather|Sandstorm|[upkeep]\n|-damage|p1b: Scream Tail|95\/100|[from] Sandstorm\n|-damage|p2b: Jyranitar|67\/100|[from] Sandstorm\n|-damage|p1a: Scizor|59\/100 brn|[from] brn\n|upkeep\n|turn|2\n|inactive|McPborn has 30 seconds left.\n|\n|t:|1683636597\n|move|p2a: Joundstone|Scary Face|p1b: Scream Tail\n|-unboost|p1b: Scream Tail|spe|2\n|move|p1b: Scream Tail|Encore|p2a: Joundstone\n|-start|p2a: Joundstone|Encore\n|move|p1a: Scizor|X-Scissor|p2a: Joundstone\n|-resisted|p2a: Joundstone\n|-crit|p2a: Joundstone\n|-damage|p2a: Joundstone|83\/100\n|move|p2b: Jyranitar|Rock Slide|p1a: Scizor|[spread] p1a,p1b\n|-damage|p1a: Scizor|24\/100 brn\n|-damage|p1b: Scream Tail|68\/100\n|\n|-weather|Sandstorm|[upkeep]\n|-damage|p1b: Scream Tail|62\/100|[from] Sandstorm\n|-damage|p2b: Jyranitar|61\/100|[from] Sandstorm\n|-damage|p1a: Scizor|18\/100 brn|[from] brn\n|upkeep\n|turn|3\n|\n|t:|1683636620\n|move|p1a: Scizor|Bullet Punch|p2a: Joundstone\n|-damage|p2a: Joundstone|66\/100\n|move|p2a: Joundstone|Scary Face|p1b: Scream Tail\n|-unboost|p1b: Scream Tail|spe|2\n|move|p2b: Jyranitar|Rock Slide|p1a: Scizor|[spread] p1a,p1b\n|-damage|p1a: Scizor|0 fnt\n|-damage|p1b: Scream Tail|38\/100\n|faint|p1a: Scizor\n|cant|p1b: Scream Tail|flinch\n|\n|-weather|Sandstorm|[upkeep]\n|-damage|p2b: Jyranitar|56\/100|[from] Sandstorm\n|-damage|p1b: Scream Tail|32\/100|[from] Sandstorm\n|upkeep\n|c|\u2606CbuttyVGC|Congratulations, you played yourself\n|\n|t:|1683636635\n|switch|p1a: Chien-Pao|Chien-Pao, L50|100\/100\n|-ability|p1a: Chien-Pao|Sword of Ruin\n|turn|4\n|\n|t:|1683636652\n|switch|p2b: Jhi-Ju|Chi-Yu, L50|100\/100\n|-ability|p2b: Jhi-Ju|Beads of Ruin\n|move|p2a: Joundstone|Scary Face|p1a: Chien-Pao\n|-unboost|p1a: Chien-Pao|spe|2\n|move|p1a: Chien-Pao|Ice Spinner|p2b: Jhi-Ju\n|-resisted|p2b: Jhi-Ju\n|-damage|p2b: Jhi-Ju|67\/100\n|move|p1b: Scream Tail|Dazzling Gleam|p2a: Joundstone|[spread] p2a,p2b\n|-damage|p2a: Joundstone|47\/100\n|-damage|p2b: Jhi-Ju|54\/100\n|-enditem|p2a: Joundstone|Sitrus Berry|[eat]\n|-heal|p2a: Joundstone|72\/100|[from] item: Sitrus Berry\n|\n|-weather|Sandstorm|[upkeep]\n|-damage|p1a: Chien-Pao|95\/100|[from] Sandstorm\n|-damage|p1b: Scream Tail|26\/100|[from] Sandstorm\n|upkeep\n|turn|5\n|inactive|McPborn has 30 seconds left.\n|\n|t:|1683636681\n|-terastallize|p1a: Chien-Pao|Dark\n|move|p1b: Scream Tail|Protect|p1b: Scream Tail\n|-singleturn|p1b: Scream Tail|Protect\n|move|p1a: Chien-Pao|Sucker Punch|p2b: Jhi-Ju\n|-resisted|p2b: Jhi-Ju\n|-damage|p2b: Jhi-Ju|13\/100\n|move|p2a: Joundstone|Scary Face|p1a: Chien-Pao\n|-unboost|p1a: Chien-Pao|spe|2\n|move|p2b: Jhi-Ju|Heat Wave|p1b: Scream Tail|[spread] \n|-activate|p1b: Scream Tail|move: Protect\n|-miss|p2b: Jhi-Ju|p1a: Chien-Pao\n|\n|-weather|none\n|-end|p2a: Joundstone|Encore\n|upkeep\n|turn|6\n|inactive|McPborn has 30 seconds left.\n|\n|t:|1683636709\n|move|p2b: Jhi-Ju|Protect|p2b: Jhi-Ju\n|-singleturn|p2b: Jhi-Ju|Protect\n|move|p1a: Chien-Pao|Protect|p1a: Chien-Pao\n|-singleturn|p1a: Chien-Pao|Protect\n|move|p2a: Joundstone|Will-O-Wisp|p1a: Chien-Pao\n|-activate|p1a: Chien-Pao|move: Protect\n|move|p1b: Scream Tail|Dazzling Gleam|p2b: Jhi-Ju|[spread] p2a\n|-activate|p2b: Jhi-Ju|move: Protect\n|-damage|p2a: Joundstone|52\/100\n|\n|upkeep\n|turn|7\n|\n|t:|1683636728\n|switch|p2b: Jyranitar|Tyranitar, L50, M, tera:Flying|56\/100\n|-weather|Sandstorm|[from] ability: Sand Stream|[of] p2b: Jyranitar\n|move|p1a: Chien-Pao|Sucker Punch||[still]\n|-fail|p1a: Chien-Pao\n|move|p2a: Joundstone|Will-O-Wisp|p1a: Chien-Pao\n|-status|p1a: Chien-Pao|brn\n|move|p1b: Scream Tail|Disable|p2a: Joundstone\n|-start|p2a: Joundstone|Disable|Will-O-Wisp\n|\n|-weather|Sandstorm|[upkeep]\n|-damage|p2b: Jyranitar|50\/100|[from] Sandstorm\n|-damage|p1b: Scream Tail|20\/100|[from] Sandstorm\n|-damage|p1a: Chien-Pao|89\/100 brn|[from] Sandstorm\n|-damage|p1a: Chien-Pao|83\/100 brn|[from] brn\n|upkeep\n|turn|8\n|\n|t:|1683636753\n|switch|p1a: Bamm|Slither Wing, L50|100\/100\n|move|p2a: Joundstone|Howl|p2a: Joundstone|[spread] p2a,p2b\n|-boost|p2a: Joundstone|atk|1\n|-boost|p2b: Jyranitar|atk|1\n|move|p2b: Jyranitar|Rock Slide|p1b: Scream Tail|[spread] p1a,p1b\n|-damage|p1a: Bamm|46\/100\n|-damage|p1b: Scream Tail|0 fnt\n|faint|p1b: Scream Tail\n|-end|p1b: Scream Tail|Protosynthesis|[silent]\n|\n|-weather|Sandstorm|[upkeep]\n|-damage|p1a: Bamm|40\/100|[from] Sandstorm\n|-damage|p2b: Jyranitar|44\/100|[from] Sandstorm\n|upkeep\n|\n|t:|1683636766\n|switch|p1b: Chien-Pao|Chien-Pao, L50, tera:Dark|83\/100 brn\n|-ability|p1b: Chien-Pao|Sword of Ruin\n|turn|9\n|\n|t:|1683636783\n|move|p1a: Bamm|First Impression|p2a: Joundstone\n|-resisted|p2a: Joundstone\n|-damage|p2a: Joundstone|17\/100\n|move|p2a: Joundstone|Last Respects|p1a: Bamm\n|-damage|p1a: Bamm|0 fnt\n|faint|p1a: Bamm\n|-end|p1a: Bamm|Protosynthesis|[silent]\n|move|p1b: Chien-Pao|Ice Spinner|p2b: Jyranitar\n|-supereffective|p2b: Jyranitar\n|-damage|p2b: Jyranitar|0 fnt\n|faint|p2b: Jyranitar\n|\n|-weather|Sandstorm|[upkeep]\n|-damage|p1b: Chien-Pao|77\/100 brn|[from] Sandstorm\n|-damage|p1b: Chien-Pao|72\/100 brn|[from] brn\n|upkeep\n|\n|t:|1683636797\n|switch|p2b: Jhi-Ju|Chi-Yu, L50|13\/100\n|-ability|p2b: Jhi-Ju|Beads of Ruin\n|turn|10\n|\n|t:|1683636803\n|move|p1b: Chien-Pao|Sucker Punch||[still]\n|-fail|p1b: Chien-Pao\n|move|p2a: Joundstone|Scary Face|p1b: Chien-Pao\n|-unboost|p1b: Chien-Pao|spe|2\n|move|p2b: Jhi-Ju|Nasty Plot|p2b: Jhi-Ju\n|-boost|p2b: Jhi-Ju|spa|2\n|\n|-weather|Sandstorm|[upkeep]\n|-damage|p1b: Chien-Pao|66\/100 brn|[from] Sandstorm\n|-damage|p1b: Chien-Pao|60\/100 brn|[from] brn\n|upkeep\n|turn|11\n|-message|McPborn forfeited.\n|\n|win|CbuttyVGC\n|raw|McPborn's rating: 1370 → 1347<\/strong> (-23 for losing)\n|raw|CbuttyVGC's rating: 1320 → 1343<\/strong> (+23 for winning)\n|l|\u2606McPborn\n","uploadtime":1683636820,"views":17,"p1id":"mcpborn","p2id":"cbuttyvgc","formatid":"gen9vgc2023regulationc","rating":1343,"private":0,"password":""}