{"id":"gen9vgc2023regulationc-1847468127","p1":"foiledfeline","p2":"Galuk","format":"[Gen 9] VGC 2023 Regulation C","log":"|j|\u2606foiledfeline\n|j|\u2606Galuk\n|t:|1681958805\n|gametype|doubles\n|player|p1|foiledfeline|steven|1294\n|player|p2|Galuk|norman|1383\n|teamsize|p1|6\n|teamsize|p2|6\n|gen|9\n|tier|[Gen 9] VGC 2023 Regulation C\n|rated|\n|rule|Species Clause: Limit one of each Pok\u00e9mon\n|rule|Item Clause: Limit one of each item\n|clearpoke\n|poke|p1|Flutter Mane, L50|\n|poke|p1|Talonflame, L50, M|\n|poke|p1|Baxcalibur, L50, F|\n|poke|p1|Ting-Lu, L50|\n|poke|p1|Gyarados, L50, F|\n|poke|p1|Breloom, L50, F|\n|poke|p2|Amoonguss, L50, M|\n|poke|p2|Arcanine, L50, F|\n|poke|p2|Azumarill, L50, F|\n|poke|p2|Dragonite, L50, M|\n|poke|p2|Palafin, L50, M|\n|poke|p2|Chien-Pao, L50|\n|teampreview|4\nfoiledfeline has agreed to open team sheets.\nGaluk has agreed to open team sheets.\n|\n|t:|1681958864\n|start\n|switch|p1a: Gyarados|Gyarados, L50, F|100\/100\n|switch|p1b: Baxcalibur|Baxcalibur, L50, F|100\/100\n|switch|p2a: Sabueso de Lava|Arcanine, L50, F|100\/100\n|switch|p2b: Droganite|Dragonite, L50, M, shiny|100\/100\n|-ability|p2a: Sabueso de Lava|Intimidate|boost\n|-unboost|p1a: Gyarados|atk|1\n|-unboost|p1b: Baxcalibur|atk|1\n|-ability|p1a: Gyarados|Intimidate|boost\n|-unboost|p2a: Sabueso de Lava|atk|1\n|-unboost|p2b: Droganite|atk|1\n|turn|1\n|\n|t:|1681958894\n|switch|p1b: Ting-Lu|Ting-Lu, L50|100\/100\n|-ability|p1b: Ting-Lu|Vessel of Ruin\n|-terastallize|p2b: Droganite|Normal\n|move|p2a: Sabueso de Lava|Howl|p2a: Sabueso de Lava|[spread] p2a,p2b\n|-boost|p2a: Sabueso de Lava|atk|1\n|-boost|p2b: Droganite|atk|1\n|move|p2b: Droganite|Iron Head|p1b: Ting-Lu\n|-damage|p1b: Ting-Lu|81\/100\n|move|p1a: Gyarados|Thunder Wave|p2a: Sabueso de Lava\n|-status|p2a: Sabueso de Lava|par\n|\n|-heal|p1b: Ting-Lu|87\/100|[from] item: Leftovers\n|upkeep\n|turn|2\n|\n|t:|1681958915\n|move|p2b: Droganite|Extreme Speed|p1a: Gyarados\n|-damage|p1a: Gyarados|66\/100\n|move|p2a: Sabueso de Lava|Extreme Speed|p1a: Gyarados\n|-damage|p1a: Gyarados|47\/100\n|-enditem|p1a: Gyarados|Sitrus Berry|[eat]\n|-heal|p1a: Gyarados|71\/100|[from] item: Sitrus Berry\n|move|p1a: Gyarados|Taunt|p2a: Sabueso de Lava\n|-start|p2a: Sabueso de Lava|move: Taunt\n|move|p1b: Ting-Lu|Earthquake|p2b: Droganite|[spread] p2a,p2b\n|-immune|p1a: Gyarados\n|-supereffective|p2a: Sabueso de Lava\n|-damage|p2a: Sabueso de Lava|14\/100 par\n|-damage|p2b: Droganite|81\/100\n|\n|-heal|p1b: Ting-Lu|93\/100|[from] item: Leftovers\n|upkeep\n|turn|3\n|\n|t:|1681958951\n|switch|p1a: Flutter Mane|Flutter Mane, L50|100\/100\n|-enditem|p1a: Flutter Mane|Booster Energy\n|-activate|p1a: Flutter Mane|ability: Protosynthesis|[fromitem]\n|-start|p1a: Flutter Mane|protosynthesisspa\n|move|p2a: Sabueso de Lava|Extreme Speed|p1b: Ting-Lu\n|-damage|p1b: Ting-Lu|78\/100\n|move|p2b: Droganite|Low Kick|p1b: Ting-Lu\n|-supereffective|p1b: Ting-Lu\n|-damage|p1b: Ting-Lu|27\/100\n|move|p1b: Ting-Lu|Heavy Slam|p2b: Droganite\n|-damage|p2b: Droganite|56\/100\n|\n|-heal|p1b: Ting-Lu|33\/100|[from] item: Leftovers\n|upkeep\n|turn|4\n|\n|t:|1681958973\n|switch|p1b: Gyarados|Gyarados, L50, F|71\/100\n|-ability|p1b: Gyarados|Intimidate|boost\n|-unboost|p2a: Sabueso de Lava|atk|1\n|-unboost|p2b: Droganite|atk|1\n|move|p2b: Droganite|Extreme Speed|p1b: Gyarados\n|-damage|p1b: Gyarados|46\/100\n|move|p2a: Sabueso de Lava|Extreme Speed|p1b: Gyarados\n|-damage|p1b: Gyarados|32\/100\n|move|p1a: Flutter Mane|Dazzling Gleam|p2a: Sabueso de Lava|[spread] p2a,p2b\n|-resisted|p2a: Sabueso de Lava\n|-damage|p2a: Sabueso de Lava|0 fnt\n|-damage|p2b: Droganite|33\/100\n|faint|p2a: Sabueso de Lava\n|\n|upkeep\n|\n|t:|1681958989\n|switch|p2a: Deku|Palafin, L50, M|100\/100\n|turn|5\n|\n|t:|1681959013\n|detailschange|p2a: Deku|Palafin-Hero, L50, M\n|switch|p2a: Chien-Pao|Chien-Pao, L50|100\/100\n|-ability|p2a: Chien-Pao|Sword of Ruin\n|move|p1a: Flutter Mane|Moonblast|p2b: Droganite\n|-damage|p2b: Droganite|0 fnt\n|faint|p2b: Droganite\n|move|p1b: Gyarados|Thunder Wave|p2a: Chien-Pao\n|-status|p2a: Chien-Pao|par\n|\n|upkeep\n|\n|t:|1681959022\n|switch|p2b: Deku|Palafin-Hero, L50, M|100\/100\n|-activate|p2b: Deku|ability: Zero to Hero\n|turn|6\n|\n|t:|1681959034\n|move|p1a: Flutter Mane|Protect|p1a: Flutter Mane\n|-singleturn|p1a: Flutter Mane|Protect\n|move|p2b: Deku|Jet Punch|p1a: Flutter Mane\n|-activate|p1a: Flutter Mane|move: Protect\n|move|p1b: Gyarados|Thunder Wave|p2b: Deku\n|-status|p2b: Deku|par\n|cant|p2a: Chien-Pao|par\n|\n|upkeep\n|turn|7\n|\n|t:|1681959064\n|move|p2b: Deku|Jet Punch|p1a: Flutter Mane\n|-damage|p1a: Flutter Mane|16\/100\n|move|p1a: Flutter Mane|Dazzling Gleam|p2a: Chien-Pao|[spread] p2a,p2b\n|-supereffective|p2a: Chien-Pao\n|-enditem|p2a: Chien-Pao|Focus Sash\n|-damage|p2a: Chien-Pao|1\/100 par\n|-damage|p2b: Deku|63\/100 par\n|move|p1b: Gyarados|Waterfall|p2a: Chien-Pao\n|-damage|p2a: Chien-Pao|0 fnt\n|faint|p2a: Chien-Pao\n|\n|upkeep\n|turn|8\n|\n|t:|1681959076\n|move|p1a: Flutter Mane|Protect|p1a: Flutter Mane\n|-singleturn|p1a: Flutter Mane|Protect\n|move|p2b: Deku|Jet Punch|p1a: Flutter Mane\n|-activate|p1a: Flutter Mane|move: Protect\n|move|p1b: Gyarados|Waterfall|p2b: Deku\n|-resisted|p2b: Deku\n|-damage|p2b: Deku|48\/100 par\n|\n|upkeep\n|turn|9\n|\n|t:|1681959087\n|move|p2b: Deku|Jet Punch|p1a: Flutter Mane\n|-damage|p1a: Flutter Mane|0 fnt\n|faint|p1a: Flutter Mane\n|-end|p1a: Flutter Mane|Protosynthesis|[silent]\n|move|p1b: Gyarados|Waterfall|p2b: Deku\n|-resisted|p2b: Deku\n|-crit|p2b: Deku\n|-damage|p2b: Deku|26\/100 par\n|\n|upkeep\n|\n|t:|1681959100\n|switch|p1a: Baxcalibur|Baxcalibur, L50, F|100\/100\n|turn|10\n|\n|t:|1681959105\n|move|p2b: Deku|Protect|p2b: Deku\n|-singleturn|p2b: Deku|Protect\n|move|p1a: Baxcalibur|Glaive Rush|p2b: Deku\n|-activate|p2b: Deku|move: Protect\n|move|p1b: Gyarados|Waterfall|p2b: Deku\n|-activate|p2b: Deku|move: Protect\n|\n|upkeep\n|turn|11\n|\n|t:|1681959116\n|move|p2b: Deku|Jet Punch|p1a: Baxcalibur\n|-resisted|p1a: Baxcalibur\n|-damage|p1a: Baxcalibur|78\/100\n|move|p1a: Baxcalibur|Glaive Rush|p2b: Deku\n|-damage|p2b: Deku|0 fnt\n|-singlemove|p1a: Baxcalibur|Glaive Rush|[silent]\n|faint|p2b: Deku\n|\n|win|foiledfeline\n|raw|foiledfeline's rating: 1294 → 1325<\/strong> (+31 for winning)\n|raw|Galuk's rating: 1383 → 1358<\/strong> (-25 for losing)\n","uploadtime":1681959128,"views":10,"p1id":"foiledfeline","p2id":"galuk","formatid":"gen9vgc2023regulationc","rating":1325,"private":0,"password":""}