{"id":"gen9vgc2023regulationc-1860893732","p1":"windowsstartup","p2":"LoopyJ55","format":"[Gen 9] VGC 2023 Regulation C","log":"|j|\u2606windowsstartup\n|j|\u2606LoopyJ55\n|t:|1683691664\n|gametype|doubles\n|player|p1|windowsstartup|102|1267\n|player|p2|LoopyJ55|1|1195\n|teamsize|p1|6\n|teamsize|p2|6\n|gen|9\n|tier|[Gen 9] VGC 2023 Regulation C\n|rated|\n|rule|Species Clause: Limit one of each Pok\u00e9mon\n|rule|Item Clause: Limit one of each item\n|clearpoke\n|poke|p1|Torkoal, L50, M|\n|poke|p1|Lilligant, L50, F|\n|poke|p1|Great Tusk, L50|\n|poke|p1|Flutter Mane, L50|\n|poke|p1|Talonflame, L50, M|\n|poke|p1|Chien-Pao, L50|\n|poke|p2|Iron Bundle, L50|\n|poke|p2|Iron Moth, L50|\n|poke|p2|Roaring Moon, L50|\n|poke|p2|Corviknight, L50, F|\n|poke|p2|Indeedee-F, L50, F|\n|poke|p2|Luxray, L50, M|\n|teampreview|4\n|inactive|Battle timer is ON: inactive players will automatically lose when time's up. (requested by LoopyJ55)\n|inactive|LoopyJ55 has 60 seconds left.\nwindowsstartup has agreed to open team sheets.\n|inactive|LoopyJ55 has 30 seconds left.\n|\n|t:|1683691728\n|start\n|switch|p1a: Great Tusk|Great Tusk, L50|100\/100\n|switch|p1b: Talonflame|Talonflame, L50, M|100\/100\n|switch|p2a: Corviknight|Corviknight, L50, F|100\/100\n|switch|p2b: Roaring Moon|Roaring Moon, L50|100\/100\n|turn|1\n|\n|t:|1683691753\n|move|p1b: Talonflame|Tailwind|p1b: Talonflame\n|-sidestart|p1: windowsstartup|move: Tailwind\n|move|p1a: Great Tusk|Rock Slide|p2b: Roaring Moon|[spread] p2a,p2b\n|-damage|p2a: Corviknight|80\/100\n|-damage|p2b: Roaring Moon|82\/100\n|move|p2b: Roaring Moon|Dragon Dance|p2b: Roaring Moon\n|-boost|p2b: Roaring Moon|atk|1\n|-boost|p2b: Roaring Moon|spe|1\n|move|p2a: Corviknight|Bulk Up|p2a: Corviknight\n|-boost|p2a: Corviknight|atk|1\n|-boost|p2a: Corviknight|def|1\n|\n|upkeep\n|turn|2\n|\n|t:|1683691770\n|move|p2b: Roaring Moon|Protect|p2b: Roaring Moon\n|-singleturn|p2b: Roaring Moon|Protect\n|move|p1a: Great Tusk|Rock Slide|p2a: Corviknight|[spread] p2a\n|-activate|p2b: Roaring Moon|move: Protect\n|-damage|p2a: Corviknight|66\/100\n|move|p1b: Talonflame|Will-O-Wisp|p2b: Roaring Moon\n|-activate|p2b: Roaring Moon|move: Protect\n|move|p2a: Corviknight|Tailwind|p2a: Corviknight\n|-sidestart|p2: LoopyJ55|move: Tailwind\n|\n|upkeep\n|turn|3\n|inactive|LoopyJ55 has 30 seconds left.\n|inactive|LoopyJ55 has 20 seconds left.\n|inactive|LoopyJ55 has 15 seconds left.\n|\n|t:|1683691812\n|-terastallize|p2b: Roaring Moon|Fairy\n|move|p2b: Roaring Moon|Tera Blast|p1a: Great Tusk\n|-supereffective|p1a: Great Tusk\n|-damage|p1a: Great Tusk|18\/100\n|move|p1a: Great Tusk|Rock Slide|p2b: Roaring Moon|[spread] p2a,p2b\n|-damage|p2a: Corviknight|52\/100\n|-damage|p2b: Roaring Moon|64\/100\n|move|p1b: Talonflame|Will-O-Wisp|p2b: Roaring Moon\n|-status|p2b: Roaring Moon|brn\n|-enditem|p2b: Roaring Moon|Lum Berry|[eat]\n|-curestatus|p2b: Roaring Moon|brn|[msg]\n|move|p2a: Corviknight|Brave Bird|p1a: Great Tusk\n|-supereffective|p1a: Great Tusk\n|-damage|p1a: Great Tusk|0 fnt\n|faint|p1a: Great Tusk\n|-end|p1a: Great Tusk|Protosynthesis|[silent]\n|-damage|p2a: Corviknight|46\/100|[from] Recoil\n|\n|upkeep\n|\n|t:|1683691828\n|switch|p1a: Torkoal|Torkoal, L50, M|100\/100\n|-weather|SunnyDay|[from] ability: Drought|[of] p1a: Torkoal\n|-activate|p2b: Roaring Moon|ability: Protosynthesis\n|-start|p2b: Roaring Moon|protosynthesisatk\n|turn|4\n|\n|t:|1683691847\n|move|p1a: Torkoal|Protect|p1a: Torkoal\n|-singleturn|p1a: Torkoal|Protect\n|move|p2b: Roaring Moon|Throat Chop|p1a: Torkoal\n|-activate|p1a: Torkoal|move: Protect\n|move|p1b: Talonflame|Will-O-Wisp|p2a: Corviknight\n|-status|p2a: Corviknight|brn\n|move|p2a: Corviknight|Brave Bird|p1b: Talonflame\n|-damage|p1b: Talonflame|50\/100\n|-damage|p2a: Corviknight|28\/100 brn|[from] Recoil\n|\n|-weather|SunnyDay|[upkeep]\n|-damage|p2a: Corviknight|22\/100 brn|[from] brn\n|-sideend|p1: windowsstartup|move: Tailwind\n|upkeep\n|turn|5\n|inactive|windowsstartup has 30 seconds left.\n|inactive|LoopyJ55 has 30 seconds left.\n|\n|t:|1683691878\n|move|p2b: Roaring Moon|Throat Chop|p1a: Torkoal\n|-damage|p1a: Torkoal|38\/100\n|-start|p1a: Torkoal|Throat Chop|[silent]\n|move|p2a: Corviknight|Brave Bird|p1b: Talonflame\n|-damage|p1b: Talonflame|3\/100\n|-damage|p2a: Corviknight|6\/100 brn|[from] Recoil\n|move|p1b: Talonflame|Taunt|p2a: Corviknight\n|-start|p2a: Corviknight|move: Taunt\n|move|p1a: Torkoal|Eruption|p2a: Corviknight|[spread] p2a,p2b\n|-supereffective|p2a: Corviknight\n|-damage|p2a: Corviknight|0 fnt\n|-damage|p2b: Roaring Moon|36\/100\n|faint|p2a: Corviknight\n|\n|-weather|SunnyDay|[upkeep]\n|-sideend|p2: LoopyJ55|move: Tailwind\n|upkeep\n|\n|t:|1683691897\n|switch|p2a: Iron Bundle|Iron Bundle, L50|100\/100\n|-enditem|p2a: Iron Bundle|Booster Energy\n|-activate|p2a: Iron Bundle|ability: Quark Drive|[fromitem]\n|-start|p2a: Iron Bundle|quarkdrivespe\n|turn|6\n|\n|t:|1683691904\n|move|p2a: Iron Bundle|Icy Wind|p1a: Torkoal|[spread] p1b\n|-miss|p2a: Iron Bundle|p1a: Torkoal\n|-damage|p1b: Talonflame|0 fnt\n|faint|p1b: Talonflame\n|move|p2b: Roaring Moon|Throat Chop|p1a: Torkoal\n|-damage|p1a: Torkoal|0 fnt\n|faint|p1a: Torkoal\n|\n|-weather|SunnyDay|[upkeep]\n|upkeep\n|\n|t:|1683691907\n|switch|p1a: Flutter Mane|Flutter Mane, L50|100\/100\n|-activate|p1a: Flutter Mane|ability: Protosynthesis\n|-start|p1a: Flutter Mane|protosynthesisspa\n|turn|7\n|\n|t:|1683691924\n|-terastallize|p1a: Flutter Mane|Fairy\n|move|p2a: Iron Bundle|Freeze-Dry|p1a: Flutter Mane\n|-damage|p1a: Flutter Mane|66\/100\n|move|p2b: Roaring Moon|Throat Chop|p1a: Flutter Mane\n|-resisted|p1a: Flutter Mane\n|-damage|p1a: Flutter Mane|0 fnt\n|faint|p1a: Flutter Mane\n|-end|p1a: Flutter Mane|Protosynthesis|[silent]\n|\n|win|LoopyJ55\n|raw|windowsstartup's rating: 1267 → 1237<\/strong> (-30 for losing)\n|raw|LoopyJ55's rating: 1195 → 1225<\/strong> (+30 for winning)\n","uploadtime":1683691933,"views":27,"p1id":"windowsstartup","p2id":"loopyj55","formatid":"gen9vgc2023regulationc","rating":1225,"private":0,"password":""}