{"id":"gen9vgc2023regulationc-1861744996","p1":"CharyVGC","p2":"Jscoot12","format":"[Gen 9] VGC 2023 Regulation C","log":"|j|\u2606CharyVGC\n|j|\u2606Jscoot12\n|t:|1683803461\n|gametype|doubles\n|player|p1|CharyVGC|2|1249\n|player|p2|Jscoot12|2|1321\n|teamsize|p1|6\n|teamsize|p2|6\n|gen|9\n|tier|[Gen 9] VGC 2023 Regulation C\n|rated|\n|rule|Species Clause: Limit one of each Pok\u00e9mon\n|rule|Item Clause: Limit one of each item\n|clearpoke\n|poke|p1|Dragapult, L50, M|\n|poke|p1|Arcanine, L50, F|\n|poke|p1|Staraptor, L50, M|\n|poke|p1|Flutter Mane, L50|\n|poke|p1|Azumarill, L50, M|\n|poke|p1|Iron Hands, L50|\n|poke|p2|Orthworm, L50, M|\n|poke|p2|Gyarados, L50, M|\n|poke|p2|Dragonite, L50, F|\n|poke|p2|Flutter Mane, L50|\n|poke|p2|Ting-Lu, L50|\n|poke|p2|Ceruledge, L50, F|\n|teampreview|4\n|\n|t:|1683803508\n|start\n|switch|p1a: Dragapult|Dragapult, L50, M|100\/100\n|switch|p1b: Staraptor|Staraptor, L50, M|100\/100\n|switch|p2a: Flutter Mane|Flutter Mane, L50|100\/100\n|switch|p2b: Dragonite|Dragonite, L50, F|100\/100\n|-ability|p1b: Staraptor|Intimidate|boost\n|-unboost|p2a: Flutter Mane|atk|1\n|-unboost|p2b: Dragonite|atk|1\n|-enditem|p2a: Flutter Mane|Booster Energy\n|-activate|p2a: Flutter Mane|ability: Protosynthesis|[fromitem]\n|-start|p2a: Flutter Mane|protosynthesisspe\n|turn|1\n|\n|t:|1683803534\n|-terastallize|p1a: Dragapult|Steel\n|move|p2b: Dragonite|Extreme Speed|p1b: Staraptor\n|-damage|p1b: Staraptor|69\/100\n|move|p2a: Flutter Mane|Thunderbolt|p1b: Staraptor\n|-supereffective|p1b: Staraptor\n|-damage|p1b: Staraptor|0 fnt\n|faint|p1b: Staraptor\n|move|p1a: Dragapult|Dragon Dance|p1a: Dragapult\n|-boost|p1a: Dragapult|atk|1\n|-boost|p1a: Dragapult|spe|1\n|\n|upkeep\n|\n|t:|1683803549\n|switch|p1b: Flutter Mane|Flutter Mane, L50|100\/100\n|-enditem|p1b: Flutter Mane|Booster Energy\n|-activate|p1b: Flutter Mane|ability: Protosynthesis|[fromitem]\n|-start|p1b: Flutter Mane|protosynthesisspa\n|turn|2\n|\n|t:|1683803567\n|-terastallize|p2b: Dragonite|Normal\n|move|p2b: Dragonite|Extreme Speed|p1a: Dragapult\n|-resisted|p1a: Dragapult\n|-damage|p1a: Dragapult|80\/100\n|move|p1a: Dragapult|Tera Blast|p2a: Flutter Mane\n|-supereffective|p2a: Flutter Mane\n|-damage|p2a: Flutter Mane|0 fnt\n|faint|p2a: Flutter Mane\n|-end|p2a: Flutter Mane|Protosynthesis|[silent]\n|-damage|p1a: Dragapult|70\/100|[from] item: Life Orb\n|move|p1b: Flutter Mane|Moonblast|p2b: Dragonite\n|-damage|p2b: Dragonite|72\/100\n|\n|upkeep\n|\n|t:|1683803582\n|switch|p2a: Ting-Lu|Ting-Lu, L50|100\/100\n|-ability|p2a: Ting-Lu|Vessel of Ruin\n|turn|3\n|\n|t:|1683803601\n|move|p2b: Dragonite|Extreme Speed|p1a: Dragapult\n|-resisted|p1a: Dragapult\n|-damage|p1a: Dragapult|49\/100\n|move|p1a: Dragapult|Dragon Darts|p2b: Dragonite\n|-damage|p2b: Dragonite|24\/100\n|-anim|p1a: Dragapult|Dragon Darts|p2a: Ting-Lu\n|-damage|p2a: Ting-Lu|68\/100\n|-damage|p1a: Dragapult|39\/100|[from] item: Life Orb\n|move|p1b: Flutter Mane|Moonblast|p2a: Ting-Lu\n|-supereffective|p2a: Ting-Lu\n|-damage|p2a: Ting-Lu|23\/100\n|-unboost|p2a: Ting-Lu|spa|1\n|move|p2a: Ting-Lu|Earthquake|p1a: Dragapult|[spread] p2b,p1a,p1b\n|-supereffective|p1a: Dragapult\n|-damage|p2b: Dragonite|0 fnt\n|-damage|p1a: Dragapult|0 fnt\n|-damage|p1b: Flutter Mane|34\/100\n|faint|p2b: Dragonite\n|faint|p1a: Dragapult\n|\n|upkeep\n|\n|t:|1683803620\n|switch|p1a: Azumarill|Azumarill, L50, M|100\/100\n|switch|p2b: Orthworm|Orthworm, L50, M|100\/100\n|turn|4\n|\n|t:|1683803643\n|move|p1b: Flutter Mane|Protect|p1b: Flutter Mane\n|-singleturn|p1b: Flutter Mane|Protect\n|move|p2b: Orthworm|Iron Defense|p2b: Orthworm\n|-boost|p2b: Orthworm|def|2\n|move|p1a: Azumarill|Liquidation|p2b: Orthworm\n|-damage|p2b: Orthworm|81\/100\n|-unboost|p2b: Orthworm|def|1\n|move|p2a: Ting-Lu|Earthquake|p1a: Azumarill|[spread] p1a\n|-activate|p1b: Flutter Mane|move: Protect\n|-heal|p2b: Orthworm|100\/100|[from] ability: Earth Eater|[of] p2a: Ting-Lu\n|-damage|p1a: Azumarill|58\/100\n|\n|upkeep\n|turn|5\n|\n|t:|1683803669\n|move|p1b: Flutter Mane|Dazzling Gleam|p2b: Orthworm|[spread] p2a,p2b\n|-supereffective|p2a: Ting-Lu\n|-resisted|p2b: Orthworm\n|-damage|p2a: Ting-Lu|0 fnt\n|-damage|p2b: Orthworm|84\/100\n|faint|p2a: Ting-Lu\n|move|p2b: Orthworm|Body Press|p1a: Azumarill\n|-resisted|p1a: Azumarill\n|-damage|p1a: Azumarill|36\/100\n|move|p1a: Azumarill|Liquidation|p2b: Orthworm\n|-damage|p2b: Orthworm|63\/100\n|-unboost|p2b: Orthworm|def|1\n|\n|upkeep\n|turn|6\n|\n|t:|1683803686\n|move|p1b: Flutter Mane|Shadow Ball|p2b: Orthworm\n|-damage|p2b: Orthworm|0 fnt\n|faint|p2b: Orthworm\n|\n|win|CharyVGC\n|raw|CharyVGC's rating: 1249 → 1279<\/strong> (+30 for winning)\n|raw|Jscoot12's rating: 1321 → 1297<\/strong> (-24 for losing)\n|l|\u2606CharyVGC\n","uploadtime":1683803702,"views":17,"p1id":"charyvgc","p2id":"jscoot12","formatid":"gen9vgc2023regulationc","rating":1279,"private":0,"password":""}