{"id":"gen9vgc2023regulationc-1849654007","p1":"dotcubus","p2":"ErPaoletto","format":"[Gen 9] VGC 2023 Regulation C","log":"|j|\u2606dotcubus\n|j|\u2606ErPaoletto\n|t:|1682226347\n|gametype|doubles\n|player|p1|dotcubus|skyla|1059\n|player|p2|ErPaoletto|102|1119\n|teamsize|p1|6\n|teamsize|p2|6\n|gen|9\n|tier|[Gen 9] VGC 2023 Regulation C\n|rated|\n|rule|Species Clause: Limit one of each Pok\u00e9mon\n|rule|Item Clause: Limit one of each item\n|clearpoke\n|poke|p1|Annihilape, L50, F|\n|poke|p1|Maushold-Four, L50|\n|poke|p1|Brute Bonnet, L50|\n|poke|p1|Armarouge, L50, F|\n|poke|p1|Indeedee-F, L50, F|\n|poke|p1|Roaring Moon, L50|\n|poke|p2|Abomasnow, L50, F|\n|poke|p2|Hydreigon, L50, M|\n|poke|p2|Cetitan, L50, F|\n|poke|p2|Tauros-Paldea-Aqua, L50, M|\n|poke|p2|Gothorita, L50, F|\n|poke|p2|Rotom-Heat, L50|\n|teampreview|4\n|inactive|Battle timer is ON: inactive players will automatically lose when time's up. (requested by ErPaoletto)\ndotcubus has agreed to open team sheets.\nErPaoletto has agreed to open team sheets.\n|inactive|dotcubus has 60 seconds left.\n|inactive|ErPaoletto has 60 seconds left.\n|\n|t:|1682226397\n|start\n|switch|p1a: Indeedee|Indeedee-F, L50, F|100\/100\n|switch|p1b: Armarouge|Armarouge, L50, F|100\/100\n|switch|p2a: Gothorita|Gothorita, L50, F|100\/100\n|switch|p2b: Rotom|Rotom-Heat, L50|100\/100\n|-fieldstart|move: Psychic Terrain|[from] ability: Psychic Surge|[of] p1a: Indeedee\n|-enditem|p1a: Indeedee|Psychic Seed\n|-boost|p1a: Indeedee|spd|1|[from] item: Psychic Seed\n|turn|1\n|inactive|dotcubus has 30 seconds left.\n|inactive|ErPaoletto has 30 seconds left.\n|\n|t:|1682226430\n|-terastallize|p2a: Gothorita|Dark\n|move|p1a: Indeedee|Helping Hand|p1b: Armarouge\n|-singleturn|p1b: Armarouge|Helping Hand|[of] p1a: Indeedee\n|move|p2b: Rotom|Trick|p1b: Armarouge\n|-activate|p2b: Rotom|move: Trick|[of] p1b: Armarouge\n|-item|p1b: Armarouge|Flame Orb|[from] move: Trick\n|-item|p2b: Rotom|Twisted Spoon|[from] move: Trick\n|move|p1b: Armarouge|Expanding Force|p2b: Rotom|[spread] p2b\n|-immune|p2a: Gothorita\n|-damage|p2b: Rotom|0 fnt\n|faint|p2b: Rotom\n|move|p2a: Gothorita|Foul Play|p1b: Armarouge\n|-supereffective|p1b: Armarouge\n|-damage|p1b: Armarouge|66\/100\n|\n|upkeep\n|\n|t:|1682226444\n|switch|p2b: Abomasnow|Abomasnow, L50, F|100\/100\n|-weather|Snow|[from] ability: Snow Warning|[of] p2b: Abomasnow\n|turn|2\n|\n|t:|1682226463\n|-terastallize|p1a: Indeedee|Fairy\n|move|p2b: Abomasnow|Protect|p2b: Abomasnow\n|-singleturn|p2b: Abomasnow|Protect\n|move|p1a: Indeedee|Dazzling Gleam|p2a: Gothorita|[spread] p2a\n|-activate|p2b: Abomasnow|move: Protect\n|-supereffective|p2a: Gothorita\n|-damage|p2a: Gothorita|71\/100\n|move|p1b: Armarouge|Armor Cannon|p2b: Abomasnow\n|-activate|p2b: Abomasnow|move: Protect\n|move|p2a: Gothorita|Foul Play|p1b: Armarouge\n|-supereffective|p1b: Armarouge\n|-damage|p1b: Armarouge|34\/100\n|\n|-weather|Snow|[upkeep]\n|upkeep\n|turn|3\n|inactive|ErPaoletto has 30 seconds left.\n|\n|t:|1682226489\n|move|p1a: Indeedee|Follow Me|p1a: Indeedee\n|-singleturn|p1a: Indeedee|move: Follow Me\n|move|p2b: Abomasnow|Aurora Veil|p2b: Abomasnow\n|-sidestart|p2: ErPaoletto|move: Aurora Veil\n|move|p1b: Armarouge|Armor Cannon|p2b: Abomasnow\n|-supereffective|p2b: Abomasnow\n|-enditem|p2b: Abomasnow|Focus Sash\n|-damage|p2b: Abomasnow|1\/100\n|-unboost|p1b: Armarouge|def|1\n|-unboost|p1b: Armarouge|spd|1\n|move|p2a: Gothorita|Foul Play|p1a: Indeedee\n|-resisted|p1a: Indeedee\n|-damage|p1a: Indeedee|89\/100\n|\n|-weather|Snow|[upkeep]\n|upkeep\n|turn|4\n|inactive|dotcubus has 30 seconds left.\n|\n|t:|1682226518\n|switch|p2a: Cetitan|Cetitan, L50, F|100\/100\n|move|p2b: Abomasnow|Protect|p2b: Abomasnow\n|-singleturn|p2b: Abomasnow|Protect\n|move|p1a: Indeedee|Dazzling Gleam|p2a: Cetitan|[spread] p2a\n|-activate|p2b: Abomasnow|move: Protect\n|-damage|p2a: Cetitan|92\/100\n|move|p1b: Armarouge|Armor Cannon|p2a: Cetitan\n|-supereffective|p2a: Cetitan\n|-damage|p2a: Cetitan|33\/100\n|-unboost|p1b: Armarouge|def|1\n|-unboost|p1b: Armarouge|spd|1\n|\n|-weather|Snow|[upkeep]\n|upkeep\n|turn|5\n|\n|t:|1682226542\n|move|p1b: Armarouge|Protect|p1b: Armarouge\n|-singleturn|p1b: Armarouge|Protect\n|move|p2a: Cetitan|Ice Shard|p1b: Armarouge\n|-activate|p1b: Armarouge|move: Psychic Terrain\n|move|p1a: Indeedee|Dazzling Gleam|p2b: Abomasnow|[spread] p2a,p2b\n|-damage|p2a: Cetitan|23\/100\n|-damage|p2b: Abomasnow|0 fnt\n|faint|p2b: Abomasnow\n|\n|-weather|Snow|[upkeep]\n|-fieldend|move: Psychic Terrain\n|upkeep\n|\n|t:|1682226551\n|switch|p2b: Gothorita|Gothorita, L50, F, tera:Dark|71\/100\n|turn|6\n|\n|t:|1682226568\n|move|p2b: Gothorita|Fake Out|p1b: Armarouge\n|-damage|p1b: Armarouge|24\/100\n|move|p1a: Indeedee|Follow Me|p1a: Indeedee\n|-singleturn|p1a: Indeedee|move: Follow Me\n|move|p2a: Cetitan|Ice Spinner|p1a: Indeedee\n|-damage|p1a: Indeedee|30\/100\n|cant|p1b: Armarouge|flinch\n|\n|-weather|none\n|upkeep\n|turn|7\n|\n|t:|1682226586\n|move|p1a: Indeedee|Follow Me|p1a: Indeedee\n|-singleturn|p1a: Indeedee|move: Follow Me\n|move|p2a: Cetitan|Ice Shard|p1a: Indeedee\n|-damage|p1a: Indeedee|0 fnt\n|faint|p1a: Indeedee\n|move|p1b: Armarouge|Armor Cannon|p2a: Cetitan\n|-supereffective|p2a: Cetitan\n|-damage|p2a: Cetitan|0 fnt\n|-unboost|p1b: Armarouge|def|1\n|-unboost|p1b: Armarouge|spd|1\n|faint|p2a: Cetitan\n|move|p2b: Gothorita|Foul Play|p1b: Armarouge\n|-supereffective|p1b: Armarouge\n|-damage|p1b: Armarouge|0 fnt\n|faint|p1b: Armarouge\n|\n|-sideend|p2: ErPaoletto|move: Aurora Veil\n|upkeep\n|\n|t:|1682226603\n|switch|p1a: Brute Bonnet|Brute Bonnet, L50|100\/100\n|switch|p1b: Annihilape|Annihilape, L50, F|100\/100\n|turn|8\n|\n|t:|1682226619\n|move|p1b: Annihilape|Drain Punch|p2b: Gothorita\n|-supereffective|p2b: Gothorita\n|-damage|p2b: Gothorita|16\/100\n|move|p1a: Brute Bonnet|Spore|p2b: Gothorita\n|-status|p2b: Gothorita|slp|[from] move: Spore\n|cant|p2b: Gothorita|slp\n|\n|upkeep\n|turn|9\n|-message|ErPaoletto forfeited.\n|\n|win|dotcubus\n|raw|dotcubus's rating: 1059 → 1095<\/strong> (+36 for winning)\n|raw|ErPaoletto's rating: 1119 → 1090<\/strong> (-29 for losing)\n|l|\u2606ErPaoletto\n","uploadtime":1682226646,"views":21,"p1id":"dotcubus","p2id":"erpaoletto","formatid":"gen9vgc2023regulationc","rating":1090,"private":0,"password":""}