{"id":"gen9vgc2023regulationc-1855748888","p1":"SpadesHS","p2":"Team Star Firelix","format":"[Gen 9] VGC 2023 Regulation C","log":"|j|\u2606SpadesHS\n|j|\u2606Team Star Firelix\n|t:|1682979658\n|gametype|doubles\n|player|p1|SpadesHS|n|\n|player|p2|Team Star Firelix|flannery|\n|teamsize|p1|6\n|teamsize|p2|6\n|gen|9\n|tier|[Gen 9] VGC 2023 Regulation C\n|rule|Species Clause: Limit one of each Pok\u00e9mon\n|rule|Item Clause: Limit one of each item\n|clearpoke\n|poke|p1|Amoonguss, L50, M|\n|poke|p1|Palafin, L50, F|\n|poke|p1|Arcanine, L50, M|\n|poke|p1|Ting-Lu, L50|\n|poke|p1|Kingambit, L50, M|\n|poke|p1|Flutter Mane, L50|\n|poke|p2|Medicham, L50, M|\n|poke|p2|Iron Moth, L50|\n|poke|p2|Grafaiai, L50, F|\n|poke|p2|Lokix, L50, M|\n|poke|p2|Pawmot, L50, F|\n|poke|p2|Espathra, L50, M|\n|teampreview|4\n|c|\u2606Team Star Firelix|Gl hf\n|c|\u2606SpadesHS|Gl\n|\n|t:|1682979714\n|start\n|switch|p1a: Marino|Palafin, L50, F|100\/100\n|switch|p1b: Fun Police|Arcanine, L50, M|100\/100\n|switch|p2a: Ruchbah|Medicham, L50, M|100\/100\n|switch|p2b: Schedar|Iron Moth, L50|100\/100\n|-ability|p1b: Fun Police|Intimidate|boost\n|-unboost|p2a: Ruchbah|atk|1\n|-unboost|p2b: Schedar|atk|1\n|-enditem|p2b: Schedar|Booster Energy\n|-activate|p2b: Schedar|ability: Quark Drive|[fromitem]\n|-start|p2b: Schedar|quarkdrivespa\n|turn|1\n|\n|t:|1682979749\n|detailschange|p1a: Marino|Palafin-Hero, L50, F\n|switch|p1a: Tiki|Ting-Lu, L50|100\/100\n|-ability|p1a: Tiki|Vessel of Ruin\n|move|p2a: Ruchbah|Fake Out|p1b: Fun Police\n|-damage|p1b: Fun Police|90\/100\n|move|p2b: Schedar|Energy Ball|p1a: Tiki\n|-supereffective|p1a: Tiki\n|-damage|p1a: Tiki|70\/100\n|cant|p1b: Fun Police|flinch\n|\n|upkeep\n|turn|2\n|\n|t:|1682979775\n|-terastallize|p1a: Tiki|Poison\n|move|p2b: Schedar|Protect|p2b: Schedar\n|-singleturn|p2b: Schedar|Protect\n|move|p2a: Ruchbah|Brick Break|p1a: Tiki\n|-resisted|p1a: Tiki\n|-crit|p1a: Tiki\n|-damage|p1a: Tiki|49\/100\n|move|p1b: Fun Police|Flare Blitz|p2b: Schedar\n|-activate|p2b: Schedar|move: Protect\n|move|p1a: Tiki|Stomping Tantrum|p2b: Schedar\n|-activate|p2b: Schedar|move: Protect\n|\n|upkeep\n|turn|3\n|\n|t:|1682979819\n|move|p2b: Schedar|Fiery Dance|p1a: Tiki\n|-damage|p1a: Tiki|29\/100\n|-boost|p2b: Schedar|spa|1\n|move|p2a: Ruchbah|Psycho Cut|p1a: Tiki\n|-supereffective|p1a: Tiki\n|-damage|p1a: Tiki|0 fnt\n|faint|p1a: Tiki\n|move|p1b: Fun Police|Flare Blitz|p2b: Schedar\n|-resisted|p2b: Schedar\n|-damage|p2b: Schedar|55\/100\n|-damage|p1b: Fun Police|78\/100|[from] Recoil\n|\n|upkeep\n|\n|t:|1682979828\n|switch|p1a: Marino|Palafin-Hero, L50, F|100\/100\n|-activate|p1a: Marino|ability: Zero to Hero\n|turn|4\n|\n|t:|1682979841\n|move|p2b: Schedar|Protect|p2b: Schedar\n|-singleturn|p2b: Schedar|Protect\n|move|p1a: Marino|Protect|p1a: Marino\n|-singleturn|p1a: Marino|Protect\n|move|p2a: Ruchbah|Psycho Cut|p1a: Marino\n|-activate|p1a: Marino|move: Protect\n|move|p1b: Fun Police|Flare Blitz|p2a: Ruchbah\n|-damage|p2a: Ruchbah|11\/100\n|-status|p2a: Ruchbah|brn\n|-damage|p1b: Fun Police|58\/100|[from] Recoil\n|\n|-damage|p2a: Ruchbah|5\/100 brn|[from] brn\n|upkeep\n|turn|5\n|\n|t:|1682979869\n|move|p2b: Schedar|Protect||[still]\n|-fail|p2b: Schedar\n|move|p1b: Fun Police|Extreme Speed|p2a: Ruchbah\n|-damage|p2a: Ruchbah|0 fnt\n|faint|p2a: Ruchbah\n|move|p1a: Marino|Jet Punch|p2b: Schedar\n|-supereffective|p2b: Schedar\n|-damage|p2b: Schedar|0 fnt\n|faint|p2b: Schedar\n|-end|p2b: Schedar|Quark Drive|[silent]\n|\n|upkeep\n|\n|t:|1682979881\n|switch|p2b: Cassiopeia|Espathra, L50, M|100\/100\n|switch|p2a: Segin|Lokix, L50, M|100\/100\n|turn|6\n|\n|t:|1682979893\n|move|p1a: Marino|Protect|p1a: Marino\n|-singleturn|p1a: Marino|Protect\n|move|p2a: Segin|First Impression|p1b: Fun Police\n|-resisted|p1b: Fun Police\n|-damage|p1b: Fun Police|7\/100\n|-damage|p2a: Segin|91\/100|[from] item: Life Orb\n|move|p2b: Cassiopeia|Energy Ball|p1a: Marino\n|-activate|p1a: Marino|move: Protect\n|move|p1b: Fun Police|Flare Blitz|p2a: Segin\n|-supereffective|p2a: Segin\n|-damage|p2a: Segin|0 fnt\n|faint|p2a: Segin\n|-damage|p1b: Fun Police|0 fnt|[from] Recoil\n|faint|p1b: Fun Police\n|\n|-ability|p2b: Cassiopeia|Speed Boost|boost\n|-boost|p2b: Cassiopeia|spe|1\n|upkeep\n|\n|t:|1682979904\n|switch|p1b: Timeline|Flutter Mane, L50|100\/100\n|turn|7\n|\n|t:|1682979916\n|move|p2b: Cassiopeia|Energy Ball|p1a: Marino\n|-supereffective|p1a: Marino\n|-damage|p1a: Marino|15\/100\n|-unboost|p1a: Marino|spd|1\n|move|p1b: Timeline|Moonblast|p2b: Cassiopeia\n|-crit|p2b: Cassiopeia\n|-damage|p2b: Cassiopeia|0 fnt\n|faint|p2b: Cassiopeia\n|\n|win|SpadesHS\n|c|\u2606Team Star Firelix|Gg\n","uploadtime":1682979929,"views":19,"p1id":"spadeshs","p2id":"teamstarfirelix","formatid":"gen9vgc2023regulationc","rating":0,"private":0,"password":""}