{"id":"gen9vgc2023regulationc-1857409683","p1":"rainfallbeats","p2":"VEXEDZEBRA10","format":"[Gen 9] VGC 2023 Regulation C","log":"|j|\u2606rainfallbeats\n|j|\u2606VEXEDZEBRA10\n|t:|1683188540\n|gametype|doubles\n|player|p1|rainfallbeats|hilbert-wonderlauncher|1078\n|player|p2|VEXEDZEBRA10|2|1176\n|teamsize|p1|6\n|teamsize|p2|6\n|gen|9\n|tier|[Gen 9] VGC 2023 Regulation C\n|rated|\n|rule|Species Clause: Limit one of each Pok\u00e9mon\n|rule|Item Clause: Limit one of each item\n|clearpoke\n|poke|p1|Noivern, L50, F|\n|poke|p1|Toxtricity, L50, F|\n|poke|p1|Forretress, L50, M|\n|poke|p1|Amoonguss, L50, F|\n|poke|p1|Flutter Mane, L50|\n|poke|p1|Great Tusk, L50|\n|poke|p2|Flutter Mane, L50|\n|poke|p2|Chi-Yu, L50|\n|poke|p2|Palafin, L50, F|\n|poke|p2|Scream Tail, L50|\n|poke|p2|Gothitelle, L50, F|\n|poke|p2|Wo-Chien, L50|\n|teampreview|4\n|\n|t:|1683188559\n|start\n|switch|p1a: Noivern|Noivern, L50, F, shiny|100\/100\n|switch|p1b: Flutter Mane|Flutter Mane, L50, shiny|100\/100\n|switch|p2a: Flutter Mane|Flutter Mane, L50|100\/100\n|switch|p2b: Chi-Yu|Chi-Yu, L50|100\/100\n|-ability|p2b: Chi-Yu|Beads of Ruin\n|turn|1\n|\n|t:|1683188583\n|switch|p1a: Forretress|Forretress, L50, M, shiny|100\/100\n|move|p2b: Chi-Yu|Snarl|p1b: Flutter Mane|[spread] p1a,p1b\n|-damage|p1a: Forretress|74\/100\n|-damage|p1b: Flutter Mane|68\/100\n|-unboost|p1a: Forretress|spa|1\n|-unboost|p1b: Flutter Mane|spa|1\n|move|p1b: Flutter Mane|Shadow Ball|p2a: Flutter Mane\n|-supereffective|p2a: Flutter Mane\n|-damage|p2a: Flutter Mane|0 fnt\n|faint|p2a: Flutter Mane\n|-end|p2a: Flutter Mane|Protosynthesis|[silent]\n|\n|upkeep\n|\n|t:|1683188596\n|switch|p2a: Wo-Chien|Wo-Chien, L50|100\/100\n|-ability|p2a: Wo-Chien|Tablets of Ruin\n|turn|2\n|\n|t:|1683188625\n|-end|p1b: Flutter Mane|Protosynthesis|[silent]\n|switch|p1b: Noivern|Noivern, L50, F, shiny|100\/100\n|-terastallize|p2a: Wo-Chien|Water\n|move|p2b: Chi-Yu|Snarl|p1b: Noivern|[spread] p1a,p1b\n|-damage|p1a: Forretress|42\/100\n|-damage|p1b: Noivern|61\/100\n|-unboost|p1a: Forretress|spa|1\n|-unboost|p1b: Noivern|spa|1\n|move|p2a: Wo-Chien|Leech Seed|p1b: Noivern\n|-start|p1b: Noivern|move: Leech Seed\n|move|p1a: Forretress|Explosion|p2b: Chi-Yu|[spread] p2a,p2b\n|-activate|p1b: Noivern|ability: Telepathy\n|-damage|p2a: Wo-Chien|59\/100\n|-damage|p2b: Chi-Yu|27\/100\n|faint|p1a: Forretress\n|\n|-heal|p2a: Wo-Chien|65\/100|[from] item: Leftovers\n|-damage|p1b: Noivern|48\/100|[from] Leech Seed|[of] p2a: Wo-Chien\n|-heal|p2a: Wo-Chien|75\/100|[silent]\n|upkeep\n|\n|t:|1683188640\n|switch|p1a: Toxtricity|Toxtricity, L50, F, shiny|100\/100\n|turn|3\n|\n|t:|1683188654\n|-terastallize|p1a: Toxtricity|Normal\n|move|p2a: Wo-Chien|Protect|p2a: Wo-Chien\n|-singleturn|p2a: Wo-Chien|Protect\n|move|p2b: Chi-Yu|Snarl|p1a: Toxtricity|[spread] p1a,p1b\n|-damage|p1a: Toxtricity|81\/100\n|-damage|p1b: Noivern|9\/100\n|-unboost|p1a: Toxtricity|spa|1\n|-unboost|p1b: Noivern|spa|1\n|move|p1b: Noivern|Taunt|p2a: Wo-Chien\n|-activate|p2a: Wo-Chien|move: Protect\n|move|p1a: Toxtricity|Boomburst|p2b: Chi-Yu|[spread] p2b\n|-activate|p2a: Wo-Chien|move: Protect\n|-activate|p1b: Noivern|ability: Telepathy\n|-damage|p2b: Chi-Yu|0 fnt\n|faint|p2b: Chi-Yu\n|\n|-heal|p2a: Wo-Chien|82\/100|[from] item: Leftovers\n|-damage|p1b: Noivern|0 fnt|[from] Leech Seed|[of] p2a: Wo-Chien\n|-heal|p2a: Wo-Chien|89\/100|[silent]\n|faint|p1b: Noivern\n|upkeep\n|\n|t:|1683188678\n|switch|p1b: Flutter Mane|Flutter Mane, L50, shiny|68\/100\n|switch|p2b: Scream Tail|Scream Tail, L50|100\/100\n|-enditem|p2b: Scream Tail|Booster Energy\n|-activate|p2b: Scream Tail|ability: Protosynthesis|[fromitem]\n|-start|p2b: Scream Tail|protosynthesisspe\n|turn|4\n|inactive|Battle timer is ON: inactive players will automatically lose when time's up. (requested by VEXEDZEBRA10)\n|\n|t:|1683188705\n|move|p2b: Scream Tail|Disable|p1a: Toxtricity\n|-start|p1a: Toxtricity|Disable|Boomburst\n|move|p1b: Flutter Mane|Moonblast|p2a: Wo-Chien\n|-damage|p2a: Wo-Chien|45\/100\n|move|p1a: Toxtricity|Nuzzle|p2b: Scream Tail\n|-damage|p2b: Scream Tail|96\/100\n|-status|p2b: Scream Tail|par\n|move|p2a: Wo-Chien|Leech Seed|p1b: Flutter Mane\n|-start|p1b: Flutter Mane|move: Leech Seed\n|\n|-heal|p2a: Wo-Chien|51\/100|[from] item: Leftovers\n|-damage|p1b: Flutter Mane|56\/100|[from] Leech Seed|[of] p2a: Wo-Chien\n|-heal|p2a: Wo-Chien|59\/100|[silent]\n|upkeep\n|turn|5\n|\n|t:|1683188728\n|move|p2a: Wo-Chien|Protect|p2a: Wo-Chien\n|-singleturn|p2a: Wo-Chien|Protect\n|move|p1b: Flutter Mane|Moonblast|p2a: Wo-Chien\n|-activate|p2a: Wo-Chien|move: Protect\n|cant|p2b: Scream Tail|par\n|move|p1a: Toxtricity|Sludge Bomb|p2a: Wo-Chien\n|-activate|p2a: Wo-Chien|move: Protect\n|\n|-heal|p2a: Wo-Chien|66\/100|[from] item: Leftovers\n|-damage|p1b: Flutter Mane|44\/100|[from] Leech Seed|[of] p2a: Wo-Chien\n|-heal|p2a: Wo-Chien|74\/100|[silent]\n|upkeep\n|turn|6\n|inactive|rainfallbeats has 30 seconds left.\n|\n|t:|1683188753\n|move|p1b: Flutter Mane|Moonblast|p2a: Wo-Chien\n|-crit|p2a: Wo-Chien\n|-damage|p2a: Wo-Chien|11\/100\n|move|p2b: Scream Tail|Disable||[still]\n|-fail|p2b: Scream Tail\n|move|p1a: Toxtricity|Nuzzle|p2a: Wo-Chien\n|-supereffective|p2a: Wo-Chien\n|-damage|p2a: Wo-Chien|2\/100\n|-status|p2a: Wo-Chien|par\n|move|p2a: Wo-Chien|Snarl|p1a: Toxtricity|[spread] p1a,p1b\n|-damage|p1a: Toxtricity|73\/100\n|-damage|p1b: Flutter Mane|29\/100\n|-unboost|p1a: Toxtricity|spa|1\n|-unboost|p1b: Flutter Mane|spa|1\n|\n|-heal|p2a: Wo-Chien|8\/100 par|[from] item: Leftovers\n|-damage|p1b: Flutter Mane|17\/100|[from] Leech Seed|[of] p2a: Wo-Chien\n|-heal|p2a: Wo-Chien|17\/100 par|[silent]\n|upkeep\n|turn|7\n|\n|t:|1683188770\n|move|p2a: Wo-Chien|Protect|p2a: Wo-Chien\n|-singleturn|p2a: Wo-Chien|Protect\n|move|p1b: Flutter Mane|Moonblast|p2a: Wo-Chien\n|-activate|p2a: Wo-Chien|move: Protect\n|cant|p2b: Scream Tail|par\n|move|p1a: Toxtricity|Sludge Bomb|p2b: Scream Tail\n|-supereffective|p2b: Scream Tail\n|-damage|p2b: Scream Tail|64\/100 par\n|\n|-heal|p2a: Wo-Chien|23\/100 par|[from] item: Leftovers\n|-damage|p1b: Flutter Mane|4\/100|[from] Leech Seed|[of] p2a: Wo-Chien\n|-heal|p2a: Wo-Chien|31\/100 par|[silent]\n|-end|p1a: Toxtricity|Disable\n|upkeep\n|turn|8\n|\n|t:|1683188792\n|cant|p2a: Wo-Chien|par\n|move|p1b: Flutter Mane|Moonblast|p2a: Wo-Chien\n|-damage|p2a: Wo-Chien|3\/100 par\n|move|p2b: Scream Tail|Dazzling Gleam|p1a: Toxtricity|[spread] p1a,p1b\n|-damage|p1a: Toxtricity|52\/100\n|-damage|p1b: Flutter Mane|0 fnt\n|faint|p1b: Flutter Mane\n|-end|p1b: Flutter Mane|Protosynthesis|[silent]\n|move|p1a: Toxtricity|Boomburst|p2b: Scream Tail|[spread] p2a,p2b\n|-damage|p2a: Wo-Chien|0 fnt\n|-damage|p2b: Scream Tail|41\/100 par\n|faint|p2a: Wo-Chien\n|\n|upkeep\n|turn|9\n|\n|t:|1683188811\n|move|p2b: Scream Tail|Dazzling Gleam|p1a: Toxtricity\n|-damage|p1a: Toxtricity|26\/100\n|move|p1a: Toxtricity|Boomburst|p2b: Scream Tail\n|-damage|p2b: Scream Tail|9\/100 par\n|\n|upkeep\n|turn|10\n|\n|t:|1683188818\n|move|p2b: Scream Tail|Dazzling Gleam|p1a: Toxtricity\n|-damage|p1a: Toxtricity|2\/100\n|move|p1a: Toxtricity|Boomburst|p2b: Scream Tail\n|-damage|p2b: Scream Tail|0 fnt\n|faint|p2b: Scream Tail\n|-end|p2b: Scream Tail|Protosynthesis|[silent]\n|\n|win|rainfallbeats\n|raw|rainfallbeats's rating: 1078 → 1114<\/strong> (+36 for winning)\n|raw|VEXEDZEBRA10's rating: 1176 → 1144<\/strong> (-32 for losing)\n|l|\u2606VEXEDZEBRA10\n","uploadtime":1683188825,"views":13,"p1id":"rainfallbeats","p2id":"vexedzebra10","formatid":"gen9vgc2023regulationc","rating":1114,"private":0,"password":""}