{"id":"gen9vgc2023regulationc-1849936336","p1":"r2vgc","p2":"unduetrequattro","format":"[Gen 9] VGC 2023 Regulation C","log":"|j|\u2606r2vgc\n|j|\u2606unduetrequattro\n|t:|1682269908\n|gametype|doubles\n|player|p1|r2vgc|170|1308\n|player|p2|unduetrequattro|101|1235\n|teamsize|p1|6\n|teamsize|p2|6\n|gen|9\n|tier|[Gen 9] VGC 2023 Regulation C\n|rated|\n|rule|Species Clause: Limit one of each Pok\u00e9mon\n|rule|Item Clause: Limit one of each item\n|clearpoke\n|poke|p1|Flutter Mane, L50|\n|poke|p1|Garganacl, L50, M|\n|poke|p1|Amoonguss, L50, M|\n|poke|p1|Palafin, L50, F|\n|poke|p1|Arcanine, L50, M|\n|poke|p1|Ting-Lu, L50|\n|poke|p2|Roaring Moon, L50|\n|poke|p2|Flutter Mane, L50|\n|poke|p2|Iron Hands, L50|\n|poke|p2|Arcanine, L50, M|\n|poke|p2|Amoonguss, L50, F|\n|poke|p2|Palafin, L50, M|\n|teampreview|4\n|j| rredshift\n|\n|t:|1682269950\n|start\n|switch|p1a: Garganacl|Garganacl, L50, M|100\/100\n|switch|p1b: Palafin|Palafin, L50, F|100\/100\n|switch|p2a: Palafin|Palafin, L50, M|100\/100\n|switch|p2b: Flutter Mane|Flutter Mane, L50|100\/100\n|turn|1\n|inactive|Battle timer is ON: inactive players will automatically lose when time's up. (requested by unduetrequattro)\n|\n|t:|1682269973\n|detailschange|p1b: Palafin|Palafin-Hero, L50, F\n|switch|p1b: Amoonguss|Amoonguss, L50, M|100\/100\n|-terastallize|p2a: Palafin|Water\n|move|p2b: Flutter Mane|Moonblast|p1a: Garganacl\n|-damage|p1a: Garganacl|48\/100\n|move|p2a: Palafin|Wave Crash|p1a: Garganacl\n|-supereffective|p1a: Garganacl\n|-damage|p1a: Garganacl|0 fnt\n|faint|p1a: Garganacl\n|-damage|p2a: Palafin|85\/100|[from] Recoil\n|\n|upkeep\n|\n|t:|1682269988\n|switch|p1a: Palafin|Palafin-Hero, L50, F|100\/100\n|-activate|p1a: Palafin|ability: Zero to Hero\n|turn|2\n|\n|t:|1682270004\n|-end|p2b: Flutter Mane|Protosynthesis|[silent]\n|switch|p2b: Amoonguss|Amoonguss, L50, F|100\/100\n|detailschange|p2a: Palafin|Palafin-Hero, L50, M, tera:Water\n|switch|p2a: Arcanine|Arcanine, L50, M|100\/100\n|-ability|p2a: Arcanine|Intimidate|boost\n|-unboost|p1a: Palafin|atk|1\n|-unboost|p1b: Amoonguss|atk|1\n|move|p1b: Amoonguss|Rage Powder|p1b: Amoonguss\n|-singleturn|p1b: Amoonguss|move: Rage Powder\n|move|p1a: Palafin|Bulk Up|p1a: Palafin\n|-boost|p1a: Palafin|atk|1\n|-boost|p1a: Palafin|def|1\n|\n|upkeep\n|turn|3\n|\n|t:|1682270027\n|move|p1b: Amoonguss|Rage Powder|p1b: Amoonguss\n|-singleturn|p1b: Amoonguss|move: Rage Powder\n|move|p1a: Palafin|Jet Punch|p2a: Arcanine\n|-supereffective|p2a: Arcanine\n|-damage|p2a: Arcanine|7\/100\n|move|p2a: Arcanine|Flare Blitz|p1b: Amoonguss\n|-supereffective|p1b: Amoonguss\n|-damage|p1b: Amoonguss|2\/100\n|-damage|p2a: Arcanine|0 fnt|[from] item: Rocky Helmet|[of] p1b: Amoonguss\n|faint|p2a: Arcanine\n|move|p2b: Amoonguss|Spore|p1a: Palafin\n|-status|p1a: Palafin|slp|[from] move: Spore\n|\n|upkeep\n|inactive|unduetrequattro has 30 seconds left.\n|\n|t:|1682270052\n|switch|p2a: Flutter Mane|Flutter Mane, L50|100\/100\n|turn|4\n|\n|t:|1682270062\n|switch|p1b: Arcanine|Arcanine, L50, M|100\/100\n|-ability|p1b: Arcanine|Intimidate|boost\n|-unboost|p2a: Flutter Mane|atk|1\n|-unboost|p2b: Amoonguss|atk|1\n|cant|p1a: Palafin|slp\n|move|p2a: Flutter Mane|Dazzling Gleam|p1b: Arcanine|[spread] p1a,p1b\n|-resisted|p1b: Arcanine\n|-damage|p1a: Palafin|51\/100 slp\n|-damage|p1b: Arcanine|75\/100\n|move|p2b: Amoonguss|Spore|p1b: Arcanine\n|-activate|p1b: Arcanine|item: Safety Goggles|Spore\n|\n|upkeep\n|turn|5\n|inactive|unduetrequattro has 30 seconds left.\n|inactive|r2vgc has 30 seconds left.\n|inactive|unduetrequattro has 20 seconds left.\n|\n|t:|1682270102\n|-end|p2a: Flutter Mane|Protosynthesis|[silent]\n|switch|p2a: Palafin|Palafin-Hero, L50, M, tera:Water|85\/100\n|-activate|p2a: Palafin|ability: Zero to Hero\n|cant|p1a: Palafin|slp\n|move|p1b: Arcanine|Flare Blitz|p2a: Palafin\n|-resisted|p2a: Palafin\n|-damage|p2a: Palafin|61\/100\n|-damage|p1b: Arcanine|67\/100|[from] Recoil\n|move|p2b: Amoonguss|Pollen Puff|p2a: Palafin\n|-heal|p2a: Palafin|100\/100\n|\n|upkeep\n|turn|6\n|inactive|unduetrequattro has 30 seconds left.\n|inactive|unduetrequattro has 20 seconds left.\n|inactive|unduetrequattro has 15 seconds left.\n|inactive|unduetrequattro has 10 seconds left.\n|inactive|unduetrequattro has 5 seconds left.\n|\n|t:|1682270154\n|switch|p1b: Amoonguss|Amoonguss, L50, M|35\/100\n|move|p2a: Palafin|Jet Punch|p1b: Amoonguss\n|-resisted|p1b: Amoonguss\n|-damage|p1b: Amoonguss|7\/100\n|-damage|p2a: Palafin|84\/100|[from] item: Rocky Helmet|[of] p1b: Amoonguss\n|cant|p1a: Palafin|slp\n|move|p2b: Amoonguss|Spore|p1a: Palafin\n|-fail|p1a: Palafin|slp\n|\n|upkeep\n|turn|7\n|inactive|r2vgc has 30 seconds left.\n|inactive|unduetrequattro has 30 seconds left.\n|inactive|r2vgc has 20 seconds left.\n|inactive|r2vgc has 15 seconds left.\n|inactive|r2vgc has 10 seconds left.\n|\n|t:|1682270202\n|move|p2a: Palafin|Jet Punch|p1b: Amoonguss\n|-resisted|p1b: Amoonguss\n|-damage|p1b: Amoonguss|0 fnt\n|-damage|p2a: Palafin|68\/100|[from] item: Rocky Helmet|[of] p1b: Amoonguss\n|faint|p1b: Amoonguss\n|-curestatus|p1a: Palafin|slp|[msg]\n|move|p1a: Palafin|Bulk Up|p1a: Palafin\n|-boost|p1a: Palafin|atk|1\n|-boost|p1a: Palafin|def|1\n|move|p2b: Amoonguss|Spore|p1a: Palafin\n|-status|p1a: Palafin|slp|[from] move: Spore\n|\n|upkeep\n|\n|t:|1682270216\n|switch|p1b: Arcanine|Arcanine, L50, M|67\/100\n|-ability|p1b: Arcanine|Intimidate|boost\n|-unboost|p2a: Palafin|atk|1\n|-unboost|p2b: Amoonguss|atk|1\n|turn|8\n|inactive|unduetrequattro has 30 seconds left.\n|\n|t:|1682270246\n|-terastallize|p1b: Arcanine|Flying\n|move|p2a: Palafin|Haze|p2a: Palafin\n|-clearallboost\n|move|p1b: Arcanine|Flare Blitz|p2b: Amoonguss\n|-supereffective|p2b: Amoonguss\n|-damage|p2b: Amoonguss|13\/100\n|-enditem|p2b: Amoonguss|Sitrus Berry|[eat]\n|-heal|p2b: Amoonguss|38\/100|[from] item: Sitrus Berry\n|-damage|p1b: Arcanine|35\/100|[from] Recoil\n|cant|p1a: Palafin|slp\n|move|p2b: Amoonguss|Pollen Puff|p2a: Palafin\n|-heal|p2a: Palafin|100\/100\n|\n|upkeep\n|turn|9\n|l| rredshift\n|inactive|r2vgc has 30 seconds left.\n|\n|t:|1682270271\n|move|p2b: Amoonguss|Rage Powder|p2b: Amoonguss\n|-singleturn|p2b: Amoonguss|move: Rage Powder\n|move|p2a: Palafin|Jet Punch|p1b: Arcanine\n|-damage|p1b: Arcanine|0 fnt\n|faint|p1b: Arcanine\n|cant|p1a: Palafin|slp\n|\n|upkeep\n|turn|10\n|\n|t:|1682270282\n|move|p2b: Amoonguss|Rage Powder|p2b: Amoonguss\n|-singleturn|p2b: Amoonguss|move: Rage Powder\n|move|p2a: Palafin|Wave Crash|p1a: Palafin\n|-resisted|p1a: Palafin\n|-damage|p1a: Palafin|0 fnt\n|faint|p1a: Palafin\n|-damage|p2a: Palafin|84\/100|[from] Recoil\n|\n|win|unduetrequattro\n|raw|r2vgc's rating: 1308 → 1284<\/strong> (-24 for losing)\n|raw|unduetrequattro's rating: 1235 → 1265<\/strong> (+30 for winning)\n","uploadtime":1682270293,"views":15,"p1id":"r2vgc","p2id":"unduetrequattro","formatid":"gen9vgc2023regulationc","rating":1265,"private":0,"password":""}