{"id":"gen9vgc2023regulationc-1847589099","p1":"ultramandyna","p2":"Xyerend","format":"[Gen 9] VGC 2023 Regulation C","log":"|j|\u2606ultramandyna\n|j|\u2606Xyerend\n|t:|1681978242\n|gametype|doubles\n|player|p1|ultramandyna|2|1074\n|player|p2|Xyerend|cynthia|1011\n|teamsize|p1|6\n|teamsize|p2|6\n|gen|9\n|tier|[Gen 9] VGC 2023 Regulation C\n|rated|\n|rule|Species Clause: Limit one of each Pok\u00e9mon\n|rule|Item Clause: Limit one of each item\n|clearpoke\n|poke|p1|Palafin, L50, M|\n|poke|p1|Skeledirge, L50, F|\n|poke|p1|Flutter Mane, L50|\n|poke|p1|Chi-Yu, L50|\n|poke|p1|Amoonguss, L50, M|\n|poke|p1|Iron Bundle, L50|\n|poke|p2|Scream Tail, L50|\n|poke|p2|Flutter Mane, L50|\n|poke|p2|Gothitelle, L50, F|\n|poke|p2|Arcanine, L50, F|\n|poke|p2|Amoonguss, L50, F|\n|poke|p2|Palafin, L50, M|\n|teampreview|4\n|\n|t:|1681978292\n|start\n|switch|p1a: Palafin|Palafin, L50, M|100\/100\n|switch|p1b: Flutter Mane|Flutter Mane, L50|100\/100\n|switch|p2a: Scream Tail|Scream Tail, L50|100\/100\n|switch|p2b: Gothitelle|Gothitelle, L50, F|100\/100\n|turn|1\n|\n|t:|1681978311\n|-terastallize|p1a: Palafin|Water\n|move|p2b: Gothitelle|Fake Out|p1b: Flutter Mane\n|-immune|p1b: Flutter Mane\n|move|p1a: Palafin|Jet Punch|p2b: Gothitelle\n|-damage|p2b: Gothitelle|70\/100\n|move|p1b: Flutter Mane|Shadow Ball|p2b: Gothitelle\n|-supereffective|p2b: Gothitelle\n|-damage|p2b: Gothitelle|0 fnt\n|faint|p2b: Gothitelle\n|move|p2a: Scream Tail|Perish Song|p2a: Scream Tail\n|-start|p1a: Palafin|perish3|[silent]\n|-start|p1b: Flutter Mane|perish3|[silent]\n|-start|p2a: Scream Tail|perish3|[silent]\n|-fieldactivate|move: Perish Song\n|\n|-start|p1b: Flutter Mane|perish3\n|-start|p2a: Scream Tail|perish3\n|-start|p1a: Palafin|perish3\n|upkeep\n|\n|t:|1681978328\n|switch|p2b: Amoonguss|Amoonguss, L50, F|100\/100\n|turn|2\n|\n|t:|1681978335\n|detailschange|p1a: Palafin|Palafin-Hero, L50, M, tera:Water\n|switch|p1a: Chi-Yu|Chi-Yu, L50|100\/100\n|-ability|p1a: Chi-Yu|Beads of Ruin\n|move|p2b: Amoonguss|Rage Powder|p2b: Amoonguss\n|-singleturn|p2b: Amoonguss|move: Rage Powder\n|move|p1b: Flutter Mane|Shadow Ball|p2b: Amoonguss\n|-damage|p2b: Amoonguss|45\/100\n|move|p2a: Scream Tail|Disable||[still]\n|-fail|p2a: Scream Tail\n|\n|-heal|p2b: Amoonguss|51\/100|[from] item: Leftovers\n|-start|p1b: Flutter Mane|perish2\n|-start|p2a: Scream Tail|perish2\n|upkeep\n|turn|3\n|\n|t:|1681978357\n|-end|p1b: Flutter Mane|Protosynthesis|[silent]\n|switch|p1b: Amoonguss|Amoonguss, L50, M|100\/100\n|-end|p2a: Scream Tail|Protosynthesis|[silent]\n|switch|p2a: Palafin|Palafin, L50, M|100\/100\n|move|p2b: Amoonguss|Rage Powder|p2b: Amoonguss\n|-singleturn|p2b: Amoonguss|move: Rage Powder\n|move|p1a: Chi-Yu|Heat Wave|p2b: Amoonguss|[spread] p2a,p2b\n|-resisted|p2a: Palafin\n|-supereffective|p2b: Amoonguss\n|-damage|p2a: Palafin|53\/100\n|-damage|p2b: Amoonguss|0 fnt\n|faint|p2b: Amoonguss\n|-damage|p1a: Chi-Yu|91\/100|[from] item: Life Orb\n|\n|upkeep\n|\n|t:|1681978369\n|switch|p2b: Scream Tail|Scream Tail, L50|100\/100\n|turn|4\n|\n|t:|1681978380\n|-terastallize|p2a: Palafin|Water\n|move|p1b: Amoonguss|Rage Powder|p1b: Amoonguss\n|-singleturn|p1b: Amoonguss|move: Rage Powder\n|move|p2a: Palafin|Jet Punch|p1b: Amoonguss\n|-resisted|p1b: Amoonguss\n|-damage|p1b: Amoonguss|83\/100\n|move|p2b: Scream Tail|Play Rough|p1b: Amoonguss\n|-resisted|p1b: Amoonguss\n|-damage|p1b: Amoonguss|72\/100\n|move|p1a: Chi-Yu|Will-O-Wisp|p2a: Palafin\n|-status|p2a: Palafin|brn\n|\n|-damage|p2a: Palafin|47\/100 brn|[from] brn\n|upkeep\n|turn|5\n|-message|Xyerend forfeited.\n|\n|win|ultramandyna\n|raw|ultramandyna's rating: 1074 → 1098<\/strong> (+24 for winning)\n|raw|Xyerend's rating: 1011 → 1001<\/strong> (-10 for losing)\n|l|\u2606Xyerend\n","uploadtime":1681978402,"views":7,"p1id":"ultramandyna","p2id":"xyerend","formatid":"gen9vgc2023regulationc","rating":1001,"private":0,"password":""}