{"id":"gen9vgc2023regulationc-1864187439","p1":"revocolombia","p2":"DonDozedOff","format":"[Gen 9] VGC 2023 Regulation C","log":"|j|\u2606revocolombia\n|j|\u2606DonDozedOff\n|t:|1684132784\n|gametype|doubles\n|player|p1|revocolombia|pokemonranger-gen4|1271\n|player|p2|DonDozedOff|169|1329\n|teamsize|p1|6\n|teamsize|p2|6\n|gen|9\n|tier|[Gen 9] VGC 2023 Regulation C\n|rated|\n|rule|Species Clause: Limit one of each Pok\u00e9mon\n|rule|Item Clause: Limit one of each item\n|clearpoke\n|poke|p1|Flutter Mane, L50|\n|poke|p1|Annihilape, L50, M|\n|poke|p1|Dragonite, L50, F|\n|poke|p1|Chien-Pao, L50|\n|poke|p1|Murkrow, L50, F|\n|poke|p1|Rotom-Wash, L50|\n|poke|p2|Flutter Mane, L50|\n|poke|p2|Chi-Yu, L50|\n|poke|p2|Amoonguss, L50, F|\n|poke|p2|Iron Hands, L50|\n|poke|p2|Scream Tail, L50|\n|poke|p2|Iron Bundle, L50|\n|teampreview|4\nDonDozedOff has agreed to open team sheets.\n|\n|t:|1684132835\n|start\n|switch|p1a: Murkrow|Murkrow, L50, F|100\/100\n|switch|p1b: Annihilape|Annihilape, L50, M, shiny|100\/100\n|switch|p2a: Chi-Yu|Chi-Yu, L50|100\/100\n|switch|p2b: Iron Bundle|Iron Bundle, L50|100\/100\n|-ability|p2a: Chi-Yu|Beads of Ruin\n|turn|1\n|\n|t:|1684132872\n|-terastallize|p1b: Annihilape|Fire\n|move|p2b: Iron Bundle|Protect|p2b: Iron Bundle\n|-singleturn|p2b: Iron Bundle|Protect\n|move|p1a: Murkrow|Tailwind|p1a: Murkrow\n|-sidestart|p1: revocolombia|move: Tailwind\n|move|p1b: Annihilape|Bulk Up|p1b: Annihilape\n|-boost|p1b: Annihilape|atk|1\n|-boost|p1b: Annihilape|def|1\n|move|p2a: Chi-Yu|Heat Wave|p1b: Annihilape|[spread] p1a,p1b\n|-resisted|p1b: Annihilape\n|-damage|p1a: Murkrow|47\/100\n|-damage|p1b: Annihilape|78\/100\n|\n|-heal|p1b: Annihilape|85\/100|[from] item: Leftovers\n|upkeep\n|turn|2\n|\n|t:|1684132908\n|switch|p1a: Rotom|Rotom-Wash, L50|100\/100\n|-terastallize|p2b: Iron Bundle|Ghost\n|move|p1b: Annihilape|Drain Punch|p2b: Iron Bundle\n|-immune|p2b: Iron Bundle\n|move|p2b: Iron Bundle|Hydro Pump|p1b: Annihilape|[miss]\n|-miss|p2b: Iron Bundle|p1b: Annihilape\n|move|p2a: Chi-Yu|Heat Wave|p1a: Rotom|[spread] p1a,p1b\n|-resisted|p1a: Rotom\n|-resisted|p1b: Annihilape\n|-damage|p1a: Rotom|70\/100\n|-damage|p1b: Annihilape|62\/100\n|\n|-heal|p1b: Annihilape|68\/100|[from] item: Leftovers\n|upkeep\n|turn|3\n|\n|t:|1684132942\n|move|p2b: Iron Bundle|Protect|p2b: Iron Bundle\n|-singleturn|p2b: Iron Bundle|Protect\n|move|p2a: Chi-Yu|Protect|p2a: Chi-Yu\n|-singleturn|p2a: Chi-Yu|Protect\n|move|p1b: Annihilape|Rage Fist|p2b: Iron Bundle\n|-activate|p2b: Iron Bundle|move: Protect\n|move|p1a: Rotom|Hydro Pump|p2a: Chi-Yu\n|-activate|p2a: Chi-Yu|move: Protect\n|\n|-heal|p1b: Annihilape|74\/100|[from] item: Leftovers\n|upkeep\n|turn|4\n|\n|t:|1684132962\n|switch|p1a: Murkrow|Murkrow, L50, F|47\/100\n|move|p1b: Annihilape|Rage Fist|p2b: Iron Bundle\n|-supereffective|p2b: Iron Bundle\n|-damage|p2b: Iron Bundle|0 fnt\n|faint|p2b: Iron Bundle\n|-end|p2b: Iron Bundle|Quark Drive|[silent]\n|move|p2a: Chi-Yu|Dark Pulse|p1a: Murkrow\n|-resisted|p1a: Murkrow\n|-crit|p1a: Murkrow\n|-damage|p1a: Murkrow|0 fnt\n|faint|p1a: Murkrow\n|\n|-heal|p1b: Annihilape|80\/100|[from] item: Leftovers\n|-sideend|p1: revocolombia|move: Tailwind\n|upkeep\n|\n|t:|1684132980\n|switch|p2b: Scream Tail|Scream Tail, L50|100\/100\n|switch|p1a: Rotom|Rotom-Wash, L50|70\/100\n|-enditem|p2b: Scream Tail|Booster Energy\n|-activate|p2b: Scream Tail|ability: Protosynthesis|[fromitem]\n|-start|p2b: Scream Tail|protosynthesisspe\n|turn|5\n|\n|t:|1684133009\n|move|p1b: Annihilape|Protect|p1b: Annihilape\n|-singleturn|p1b: Annihilape|Protect\n|move|p2b: Scream Tail|Disable|p1b: Annihilape\n|-activate|p1b: Annihilape|move: Protect\n|move|p2a: Chi-Yu|Nasty Plot|p2a: Chi-Yu\n|-boost|p2a: Chi-Yu|spa|2\n|move|p1a: Rotom|Trick|p2b: Scream Tail\n|-activate|p1a: Rotom|move: Trick|[of] p2b: Scream Tail\n|-item|p2b: Scream Tail|Choice Specs|[from] move: Trick\n|-enditem|p1a: Rotom|Choice Specs|[silent]|[from] move: Trick\n|\n|-heal|p1b: Annihilape|87\/100|[from] item: Leftovers\n|upkeep\n|turn|6\n|\n|t:|1684133035\n|move|p2b: Scream Tail|Encore|p1b: Annihilape\n|-start|p1b: Annihilape|Encore\n|move|p2a: Chi-Yu|Dark Pulse|p1a: Rotom\n|-damage|p1a: Rotom|0 fnt\n|faint|p1a: Rotom\n|move|p1b: Annihilape|Protect|p1b: Annihilape\n|-singleturn|p1b: Annihilape|Protect\n|\n|-heal|p1b: Annihilape|93\/100|[from] item: Leftovers\n|upkeep\n|\n|t:|1684133046\n|switch|p1a: Flutter Mane|Flutter Mane, L50|100\/100\n|-enditem|p1a: Flutter Mane|Booster Energy\n|-activate|p1a: Flutter Mane|ability: Protosynthesis|[fromitem]\n|-start|p1a: Flutter Mane|protosynthesisspe\n|turn|7\n|\n|t:|1684133056\n|-end|p2b: Scream Tail|Protosynthesis|[silent]\n|switch|p2b: Flutter Mane|Flutter Mane, L50|100\/100\n|move|p1b: Annihilape|Protect||[still]\n|-fail|p1b: Annihilape\n|move|p1a: Flutter Mane|Dazzling Gleam|p2a: Chi-Yu|[spread] p2a,p2b\n|-damage|p2a: Chi-Yu|61\/100\n|-damage|p2b: Flutter Mane|57\/100\n|move|p2a: Chi-Yu|Dark Pulse|p1a: Flutter Mane\n|-damage|p1a: Flutter Mane|0 fnt\n|faint|p1a: Flutter Mane\n|-end|p1a: Flutter Mane|Protosynthesis|[silent]\n|\n|-heal|p1b: Annihilape|99\/100|[from] item: Leftovers\n|upkeep\n|turn|8\n|\n|t:|1684133086\n|move|p1b: Annihilape|Protect|p1b: Annihilape\n|-singleturn|p1b: Annihilape|Protect\n|move|p2b: Flutter Mane|Power Gem|p1b: Annihilape\n|-activate|p1b: Annihilape|move: Protect\n|move|p2a: Chi-Yu|Dark Pulse|p1b: Annihilape\n|-activate|p1b: Annihilape|move: Protect\n|\n|-heal|p1b: Annihilape|100\/100|[from] item: Leftovers\n|-end|p1b: Annihilape|Encore\n|upkeep\n|turn|9\n|\n|t:|1684133099\n|move|p2b: Flutter Mane|Power Gem|p1b: Annihilape\n|-supereffective|p1b: Annihilape\n|-damage|p1b: Annihilape|3\/100\n|move|p2a: Chi-Yu|Dark Pulse|p1b: Annihilape\n|-damage|p1b: Annihilape|0 fnt\n|faint|p1b: Annihilape\n|\n|win|DonDozedOff\n|raw|revocolombia's rating: 1271 → 1250<\/strong> (-21 for losing)\n|raw|DonDozedOff's rating: 1329 → 1346<\/strong> (+17 for winning)\n","uploadtime":1684133109,"views":9,"p1id":"revocolombia","p2id":"dondozedoff","formatid":"gen9vgc2023regulationc","rating":1250,"private":0,"password":""}