{"id":"gen9vgc2023regulationc-1846788621","p1":"Chi U R Dead","p2":"2whitefl","format":"[Gen 9] VGC 2023 Regulation C","log":"|j|\u2606Chi U R Dead\n|j|\u26062whitefl\n|t:|1681879502\n|gametype|doubles\n|player|p1|Chi U R Dead|marley|1607\n|player|p2|2whitefl|1|1537\n|teamsize|p1|6\n|teamsize|p2|6\n|gen|9\n|tier|[Gen 9] VGC 2023 Regulation C\n|rated|\n|rule|Species Clause: Limit one of each Pok\u00e9mon\n|rule|Item Clause: Limit one of each item\n|clearpoke\n|poke|p1|Dondozo, L50, M|\n|poke|p1|Tatsugiri, L50, M|\n|poke|p1|Dragonite, L50, M|\n|poke|p1|Iron Bundle, L50|\n|poke|p1|Chi-Yu, L50|\n|poke|p1|Glimmora, L50, M|\n|poke|p2|Chien-Pao, L50|\n|poke|p2|Chi-Yu, L50|\n|poke|p2|Talonflame, L50, F|\n|poke|p2|Dragonite, L50, F|\n|poke|p2|Meowscarada, L50, F|\n|poke|p2|Flutter Mane, L50|\n|teampreview|4\n|inactive|Battle timer is ON: inactive players will automatically lose when time's up. (requested by Chi U R Dead)\n|\n|t:|1681879534\n|start\n|switch|p1a: Dragonite|Dragonite, L50, M|100\/100\n|switch|p1b: Glimmora|Glimmora, L50, M|100\/100\n|switch|p2a: Meowscarada|Meowscarada, L50, F|100\/100\n|switch|p2b: Chi-Yu|Chi-Yu, L50|100\/100\n|-ability|p2b: Chi-Yu|Beads of Ruin\n|turn|1\n|j| asianafollie\n|j| shamansam\n|inactive|2whitefl has 30 seconds left.\n|\n|t:|1681879566\n|-terastallize|p2b: Chi-Yu|Grass\n|move|p1a: Dragonite|Protect|p1a: Dragonite\n|-singleturn|p1a: Dragonite|Protect\n|move|p2a: Meowscarada|Knock Off|p1a: Dragonite\n|-start|p2a: Meowscarada|typechange|Dark|[from] ability: Protean\n|-activate|p1a: Dragonite|move: Protect\n|move|p2b: Chi-Yu|Dark Pulse|p1a: Dragonite\n|-activate|p1a: Dragonite|move: Protect\n|move|p1b: Glimmora|Power Gem|p2b: Chi-Yu\n|-damage|p2b: Chi-Yu|63\/100\n|\n|upkeep\n|turn|2\n|l| shamansam\n|\n|t:|1681879589\n|-terastallize|p1a: Dragonite|Flying\n|move|p2b: Chi-Yu|Protect|p2b: Chi-Yu\n|-singleturn|p2b: Chi-Yu|Protect\n|move|p2a: Meowscarada|Knock Off|p1a: Dragonite\n|-damage|p1a: Dragonite|76\/100\n|-enditem|p1a: Dragonite|Lum Berry|[from] move: Knock Off|[of] p2a: Meowscarada\n|move|p1a: Dragonite|Tera Blast|p2a: Meowscarada\n|-damage|p2a: Meowscarada|9\/100\n|move|p1b: Glimmora|Mortal Spin|p2a: Meowscarada|[spread] p2a\n|-activate|p2b: Chi-Yu|move: Protect\n|-damage|p2a: Meowscarada|3\/100\n|-status|p2a: Meowscarada|psn\n|\n|-damage|p2a: Meowscarada|0 fnt|[from] psn\n|faint|p2a: Meowscarada\n|upkeep\n|\n|t:|1681879610\n|switch|p2a: Dragonite|Dragonite, L50, F|100\/100\n|turn|3\n|inactive|Chi U R Dead has 30 seconds left.\n|inactive|Chi U R Dead has 20 seconds left.\n|inactive|Chi U R Dead has 15 seconds left.\n|inactive|Chi U R Dead has 10 seconds left.\n|inactive|Chi U R Dead has 5 seconds left.\n|\n|t:|1681879664\n|move|p1a: Dragonite|Protect|p1a: Dragonite\n|-singleturn|p1a: Dragonite|Protect\n|move|p2b: Chi-Yu|Dark Pulse|p1a: Dragonite\n|-activate|p1a: Dragonite|move: Protect\n|move|p2a: Dragonite|Outrage|p1b: Glimmora\n|-damage|p1b: Glimmora|0 fnt\n|-activate|p1b: Glimmora|ability: Toxic Debris\n|-sidestart|p2: 2whitefl|move: Toxic Spikes\n|faint|p1b: Glimmora\n|\n|upkeep\n|\n|t:|1681879674\n|switch|p1b: Iron Bundle|Iron Bundle, L50|100\/100\n|-enditem|p1b: Iron Bundle|Booster Energy\n|-activate|p1b: Iron Bundle|ability: Quark Drive|[fromitem]\n|-start|p1b: Iron Bundle|quarkdrivespe\n|turn|4\n|\n|t:|1681879688\n|move|p1b: Iron Bundle|Icy Wind|p2a: Dragonite|[spread] p2a,p2b\n|-supereffective|p2a: Dragonite\n|-supereffective|p2b: Chi-Yu\n|-damage|p2a: Dragonite|6\/100\n|-damage|p2b: Chi-Yu|22\/100\n|-unboost|p2a: Dragonite|spe|1\n|-unboost|p2b: Chi-Yu|spe|1\n|move|p1a: Dragonite|Tera Blast|p2a: Dragonite\n|-damage|p2a: Dragonite|0 fnt\n|faint|p2a: Dragonite\n|move|p2b: Chi-Yu|Heat Wave|p1b: Iron Bundle|[spread] p1a,p1b\n|-damage|p1a: Dragonite|12\/100\n|-damage|p1b: Iron Bundle|0 fnt\n|faint|p1b: Iron Bundle\n|-end|p1b: Iron Bundle|Quark Drive|[silent]\n|-damage|p2b: Chi-Yu|12\/100|[from] item: Life Orb\n|\n|upkeep\n|\n|t:|1681879703\n|switch|p1b: Chi-Yu|Chi-Yu, L50|100\/100\n|switch|p2a: Chien-Pao|Chien-Pao, L50|100\/100\n|-status|p2a: Chien-Pao|psn\n|-ability|p2a: Chien-Pao|Sword of Ruin\n|-ability|p1b: Chi-Yu|Beads of Ruin\n|turn|5\n|\n|t:|1681879729\n|move|p1a: Dragonite|Extreme Speed|p2b: Chi-Yu\n|-damage|p2b: Chi-Yu|0 fnt\n|faint|p2b: Chi-Yu\n|move|p2a: Chien-Pao|Sucker Punch|p1b: Chi-Yu\n|-resisted|p1b: Chi-Yu\n|-damage|p1b: Chi-Yu|59\/100\n|move|p1b: Chi-Yu|Heat Wave|p2a: Chien-Pao\n|-supereffective|p2a: Chien-Pao\n|-enditem|p2a: Chien-Pao|Focus Sash\n|-damage|p2a: Chien-Pao|1\/100 psn\n|\n|-damage|p2a: Chien-Pao|0 fnt|[from] psn\n|faint|p2a: Chien-Pao\n|\n|win|Chi U R Dead\n|upkeep\n|raw|Chi U R Dead's rating: 1607 → 1623<\/strong> (+16 for winning)\n|raw|2whitefl's rating: 1537 → 1521<\/strong> (-16 for losing)\n|l|\u26062whitefl\n","uploadtime":1681879738,"views":8,"p1id":"chiurdead","p2id":"2whitefl","formatid":"gen9vgc2023regulationc","rating":1521,"private":0,"password":""}