{"id":"gen9vgc2023regulationc-1848090314","p1":"Shankyou2620","p2":"DaRayquazaKingdom","format":"[Gen 9] VGC 2023 Regulation C","log":"|j|\u2606Shankyou2620\n|j|\u2606DaRayquazaKingdom\n|t:|1682028547\n|gametype|doubles\n|player|p1|Shankyou2620|102|1184\n|player|p2|DaRayquazaKingdom|skyla|1123\n|teamsize|p1|6\n|teamsize|p2|6\n|gen|9\n|tier|[Gen 9] VGC 2023 Regulation C\n|rated|\n|rule|Species Clause: Limit one of each Pok\u00e9mon\n|rule|Item Clause: Limit one of each item\n|clearpoke\n|poke|p1|Lilligant, L50, F|\n|poke|p1|Torkoal, L50, M|\n|poke|p1|Flutter Mane, L50|\n|poke|p1|Chi-Yu, L50|\n|poke|p1|Great Tusk, L50|\n|poke|p1|Roaring Moon, L50|\n|poke|p2|Palafin, L50, M|\n|poke|p2|Arcanine, L50, M|\n|poke|p2|Amoonguss, L50, M|\n|poke|p2|Kingambit, L50, M|\n|poke|p2|Flutter Mane, L50|\n|poke|p2|Dragonite, L50, F|\n|teampreview|4\n|inactive|Battle timer is ON: inactive players will automatically lose when time's up. (requested by Shankyou2620)\n|inactive|DaRayquazaKingdom has 60 seconds left.\n|\n|t:|1682028579\n|start\n|switch|p1a: Lilligant|Lilligant, L50, F|100\/100\n|switch|p1b: Torkoal|Torkoal, L50, M|100\/100\n|switch|p2a: Auggie|Arcanine, L50, M, shiny|100\/100\n|switch|p2b: NovemberRain|Palafin, L50, M, shiny|100\/100\n|-ability|p2a: Auggie|Intimidate|boost\n|-unboost|p1a: Lilligant|atk|1\n|-unboost|p1b: Torkoal|atk|1\n|-weather|SunnyDay|[from] ability: Drought|[of] p1b: Torkoal\n|turn|1\n|inactive|DaRayquazaKingdom has 30 seconds left.\n|\n|t:|1682028608\n|detailschange|p2b: NovemberRain|Palafin-Hero, L50, M, shiny\n|switch|p2b: Dragona|Dragonite, L50, F, shiny|100\/100\n|move|p1a: Lilligant|Sleep Powder|p2a: Auggie\n|-activate|p2a: Auggie|item: Safety Goggles|Sleep Powder\n|move|p2a: Auggie|Howl|p2a: Auggie|[spread] p2a,p2b\n|-boost|p2a: Auggie|atk|1\n|-boost|p2b: Dragona|atk|1\n|move|p1b: Torkoal|Earth Power|p2a: Auggie\n|-supereffective|p2a: Auggie\n|-damage|p2a: Auggie|43\/100\n|\n|-weather|SunnyDay|[upkeep]\n|upkeep\n|turn|2\n|inactive|DaRayquazaKingdom has 30 seconds left.\n|\n|t:|1682028641\n|move|p2a: Auggie|Extreme Speed|p1a: Lilligant\n|-damage|p1a: Lilligant|64\/100\n|move|p2b: Dragona|Extreme Speed|p1a: Lilligant\n|-damage|p1a: Lilligant|2\/100\n|move|p1a: Lilligant|Sleep Powder|p2b: Dragona\n|-status|p2b: Dragona|slp|[from] move: Sleep Powder\n|move|p1b: Torkoal|Earth Power|p2a: Auggie\n|-supereffective|p2a: Auggie\n|-damage|p2a: Auggie|0 fnt\n|faint|p2a: Auggie\n|\n|-weather|SunnyDay|[upkeep]\n|upkeep\n|\n|t:|1682028654\n|switch|p2a: NovemberRain|Palafin-Hero, L50, M, shiny|100\/100\n|-activate|p2a: NovemberRain|ability: Zero to Hero\n|turn|3\n|\n|t:|1682028673\n|-terastallize|p2a: NovemberRain|Water\n|cant|p2b: Dragona|slp\n|move|p1a: Lilligant|Leaf Storm|p2a: NovemberRain\n|-supereffective|p2a: NovemberRain\n|-damage|p2a: NovemberRain|9\/100\n|-unboost|p1a: Lilligant|spa|2\n|move|p2a: NovemberRain|Wave Crash|p1b: Torkoal\n|-supereffective|p1b: Torkoal\n|-damage|p1b: Torkoal|0 fnt\n|faint|p1b: Torkoal\n|-damage|p2a: NovemberRain|0 fnt|[from] Recoil\n|faint|p2a: NovemberRain\n|\n|-weather|SunnyDay|[upkeep]\n|upkeep\n|\n|t:|1682028695\n|switch|p2a: Wonder of U|Flutter Mane, L50|100\/100\n|switch|p1b: Great Tusk|Great Tusk, L50|100\/100\n|-activate|p2a: Wonder of U|ability: Protosynthesis\n|-start|p2a: Wonder of U|protosynthesisspa\n|-activate|p1b: Great Tusk|ability: Protosynthesis\n|-start|p1b: Great Tusk|protosynthesisatk\n|turn|4\n|inactive|Shankyou2620 has 30 seconds left.\n|inactive|Shankyou2620 has 20 seconds left.\n|\n|t:|1682028734\n|move|p2a: Wonder of U|Protect|p2a: Wonder of U\n|-singleturn|p2a: Wonder of U|Protect\n|-curestatus|p2b: Dragona|slp|[msg]\n|move|p2b: Dragona|Extreme Speed|p1a: Lilligant\n|-damage|p1a: Lilligant|0 fnt\n|faint|p1a: Lilligant\n|move|p1b: Great Tusk|Earthquake|p2b: Dragona|[spread] \n|-activate|p2a: Wonder of U|move: Protect\n|-immune|p2b: Dragona\n|\n|-weather|SunnyDay|[upkeep]\n|upkeep\n|\n|t:|1682028736\n|switch|p1a: Flutter Mane|Flutter Mane, L50|100\/100\n|-activate|p1a: Flutter Mane|ability: Protosynthesis\n|-start|p1a: Flutter Mane|protosynthesisspe\n|turn|5\n|inactive|DaRayquazaKingdom has 30 seconds left.\n|c|\u2606Shankyou2620|Gg either way man\n|inactive|DaRayquazaKingdom has 20 seconds left.\n|c|\u2606DaRayquazaKingdom|gg\n|\n|t:|1682028774\n|move|p1a: Flutter Mane|Moonblast|p2b: Dragona\n|-supereffective|p2b: Dragona\n|-damage|p2b: Dragona|49\/100\n|move|p2a: Wonder of U|Moonblast|p1b: Great Tusk\n|-supereffective|p1b: Great Tusk\n|-damage|p1b: Great Tusk|0 fnt\n|faint|p1b: Great Tusk\n|-end|p1b: Great Tusk|Protosynthesis|[silent]\n|move|p2b: Dragona|Stomping Tantrum|p1a: Flutter Mane\n|-damage|p1a: Flutter Mane|5\/100\n|\n|-weather|SunnyDay|[upkeep]\n|upkeep\n|turn|6\n|\n|t:|1682028790\n|move|p1a: Flutter Mane|Moonblast|p2b: Dragona\n|-supereffective|p2b: Dragona\n|-damage|p2b: Dragona|0 fnt\n|faint|p2b: Dragona\n|move|p2a: Wonder of U|Moonblast|p1a: Flutter Mane\n|-damage|p1a: Flutter Mane|0 fnt\n|faint|p1a: Flutter Mane\n|-end|p1a: Flutter Mane|Protosynthesis|[silent]\n|\n|win|DaRayquazaKingdom\n|raw|Shankyou2620's rating: 1184 → 1155<\/strong> (-29 for losing)\n|raw|DaRayquazaKingdom's rating: 1123 → 1152<\/strong> (+29 for winning)\n|c|\u2606Shankyou2620|Multiscale?\n|c|\u2606DaRayquazaKingdom|yep\n|c|\u2606Shankyou2620|Ah\n|c|\u2606Shankyou2620|Most go woth inner focus\n|c|\u2606Shankyou2620|I was specs so i was pretty surprised you lived\n|c|\u2606DaRayquazaKingdom|i didt build this team\n","uploadtime":1682028808,"views":6,"p1id":"shankyou2620","p2id":"darayquazakingdom","formatid":"gen9vgc2023regulationc","rating":1152,"private":0,"password":""}