{"id":"gen9vgc2023regulationc-1855805067","p1":"Justdemian","p2":"Ashster64","format":"[Gen 9] VGC 2023 Regulation C","log":"|j|\u2606Justdemian\n|j|\u2606Ashster64\n|t:|1682986227\n|gametype|doubles\n|player|p1|Justdemian|1|1113\n|player|p2|Ashster64|hilbert|1140\n|teamsize|p1|6\n|teamsize|p2|6\n|gen|9\n|tier|[Gen 9] VGC 2023 Regulation C\n|rated|\n|rule|Species Clause: Limit one of each Pok\u00e9mon\n|rule|Item Clause: Limit one of each item\n|clearpoke\n|poke|p1|Palafin, L50, M|\n|poke|p1|Flutter Mane, L50|\n|poke|p1|Arcanine, L50, F|\n|poke|p1|Ting-Lu, L50|\n|poke|p1|Amoonguss, L50, M|\n|poke|p1|Kingambit, L50, F|\n|poke|p2|Lycanroc, L50, M|\n|poke|p2|Tyranitar, L50, F|\n|poke|p2|Amoonguss, L50, M|\n|poke|p2|Flutter Mane, L50|\n|poke|p2|Gyarados, L50, M|\n|poke|p2|Chien-Pao, L50|\n|teampreview|4\n|inactive|Battle timer is ON: inactive players will automatically lose when time's up. (requested by Justdemian)\nAshster64 has agreed to open team sheets.\nJustdemian has agreed to open team sheets.\n|c|\u2606Ashster64|glhf\n|inactive|Justdemian has 60 seconds left.\n|inactive|Ashster64 has 60 seconds left.\n|inactive|Justdemian has 30 seconds left.\n|\n|t:|1682986298\n|start\n|switch|p1a: Arcanine|Arcanine, L50, F|100\/100\n|switch|p1b: Palafin|Palafin, L50, M|100\/100\n|switch|p2a: Gyarados|Gyarados, L50, M, shiny|100\/100\n|switch|p2b: Flutter Mane|Flutter Mane, L50|100\/100\n|-ability|p1a: Arcanine|Intimidate|boost\n|-unboost|p2a: Gyarados|atk|1\n|-unboost|p2b: Flutter Mane|atk|1\n|-ability|p2a: Gyarados|Intimidate|boost\n|-unboost|p1a: Arcanine|atk|1\n|-unboost|p1b: Palafin|atk|1\n|-enditem|p2b: Flutter Mane|Booster Energy\n|-activate|p2b: Flutter Mane|ability: Protosynthesis|[fromitem]\n|-start|p2b: Flutter Mane|protosynthesisspa\n|turn|1\n|inactive|Justdemian has 30 seconds left.\n|inactive|Justdemian has 20 seconds left.\n|inactive|Justdemian has 15 seconds left.\n|\n|t:|1682986339\n|detailschange|p1b: Palafin|Palafin-Hero, L50, M\n|switch|p1b: Kingambit|Kingambit, L50, F|100\/100\n|move|p2b: Flutter Mane|Thunderbolt|p1b: Kingambit\n|-damage|p1b: Kingambit|62\/100\n|move|p1a: Arcanine|Howl|p1a: Arcanine|[spread] p1a,p1b\n|-boost|p1a: Arcanine|atk|1\n|-boost|p1b: Kingambit|atk|1\n|move|p2a: Gyarados|Taunt|p1a: Arcanine\n|-start|p1a: Arcanine|move: Taunt\n|\n|upkeep\n|turn|2\n|inactive|Justdemian has 30 seconds left.\n|\n|t:|1682986367\n|switch|p1a: Palafin|Palafin-Hero, L50, M|100\/100\n|-activate|p1a: Palafin|ability: Zero to Hero\n|move|p2a: Gyarados|Helping Hand|p2b: Flutter Mane\n|-singleturn|p2b: Flutter Mane|Helping Hand|[of] p2a: Gyarados\n|move|p1b: Kingambit|Sucker Punch|p2b: Flutter Mane\n|-damage|p2b: Flutter Mane|0 fnt\n|faint|p2b: Flutter Mane\n|-end|p2b: Flutter Mane|Protosynthesis|[silent]\n|\n|upkeep\n|\n|t:|1682986378\n|switch|p2b: Amoonguss|Amoonguss, L50, M|100\/100\n|turn|3\n|\n|t:|1682986398\n|switch|p1a: Arcanine|Arcanine, L50, F|100\/100\n|-ability|p1a: Arcanine|Intimidate|boost\n|-unboost|p2a: Gyarados|atk|1\n|-unboost|p2b: Amoonguss|atk|1\n|-terastallize|p1b: Kingambit|Dark\n|move|p2a: Gyarados|Waterfall|p1b: Kingambit\n|-damage|p1b: Kingambit|48\/100\n|move|p1b: Kingambit|Kowtow Cleave|p2b: Amoonguss\n|-damage|p2b: Amoonguss|6\/100\n|-damage|p1b: Kingambit|31\/100|[from] item: Rocky Helmet|[of] p2b: Amoonguss\n|move|p2b: Amoonguss|Spore|p1a: Arcanine\n|-activate|p1a: Arcanine|item: Safety Goggles|Spore\n|\n|upkeep\n|turn|4\n|\n|t:|1682986419\n|switch|p2b: Tyranitar|Tyranitar, L50, F|100\/100\n|-weather|Sandstorm|[from] ability: Sand Stream|[of] p2b: Tyranitar\n|move|p1a: Arcanine|Extreme Speed|p2b: Tyranitar\n|-resisted|p2b: Tyranitar\n|-damage|p2b: Tyranitar|91\/100\n|move|p1b: Kingambit|Sucker Punch|p2a: Gyarados\n|-damage|p2a: Gyarados|0 fnt\n|faint|p2a: Gyarados\n|\n|-weather|Sandstorm|[upkeep]\n|-damage|p1b: Kingambit|26\/100|[from] Sandstorm\n|upkeep\n|\n|t:|1682986431\n|switch|p2a: Amoonguss|Amoonguss, L50, M|39\/100\n|turn|5\n|inactive|Ashster64 has 30 seconds left.\n|\n|t:|1682986461\n|switch|p1a: Ting-Lu|Ting-Lu, L50|100\/100\n|-ability|p1a: Ting-Lu|Vessel of Ruin\n|-terastallize|p2b: Tyranitar|Flying\n|move|p1b: Kingambit|Protect|p1b: Kingambit\n|-singleturn|p1b: Kingambit|Protect\n|move|p2b: Tyranitar|Rock Slide|p1a: Ting-Lu|[spread] p1a\n|-activate|p1b: Kingambit|move: Protect\n|-resisted|p1a: Ting-Lu\n|-damage|p1a: Ting-Lu|90\/100\n|move|p2a: Amoonguss|Spore|p1b: Kingambit\n|-activate|p1b: Kingambit|move: Protect\n|\n|-weather|Sandstorm|[upkeep]\n|-damage|p2b: Tyranitar|85\/100|[from] Sandstorm\n|-damage|p1b: Kingambit|20\/100|[from] Sandstorm\n|-damage|p2a: Amoonguss|34\/100|[from] Sandstorm\n|upkeep\n|turn|6\n|inactive|Justdemian has 30 seconds left.\n|\n|t:|1682986491\n|switch|p1a: Arcanine|Arcanine, L50, F|100\/100\n|-ability|p1a: Arcanine|Intimidate|boost\n|-unboost|p2a: Amoonguss|atk|1\n|-unboost|p2b: Tyranitar|atk|1\n|move|p1b: Kingambit|Sucker Punch|p2b: Tyranitar\n|-damage|p2b: Tyranitar|8\/100\n|move|p2b: Tyranitar|Brick Break|p1a: Arcanine\n|-damage|p1a: Arcanine|83\/100\n|move|p2a: Amoonguss|Spore|p1a: Arcanine\n|-activate|p1a: Arcanine|item: Safety Goggles|Spore\n|\n|-weather|Sandstorm|[upkeep]\n|-damage|p2b: Tyranitar|2\/100|[from] Sandstorm\n|-damage|p1b: Kingambit|14\/100|[from] Sandstorm\n|-damage|p2a: Amoonguss|28\/100|[from] Sandstorm\n|upkeep\n|turn|7\n|-message|Ashster64 forfeited.\n|\n|win|Justdemian\n|raw|Justdemian's rating: 1113 → 1140<\/strong> (+27 for winning)\n|raw|Ashster64's rating: 1140 → 1113<\/strong> (-27 for losing)\n|l|\u2606Ashster64\n","uploadtime":1682986615,"views":15,"p1id":"justdemian","p2id":"ashster64","formatid":"gen9vgc2023regulationc","rating":1113,"private":0,"password":""}