{"id":"gen9vgc2023regulationc-1852945243","p1":"SpikeMike","p2":"SweetSerenityGrace","format":"[Gen 9] VGC 2023 Regulation C","log":"|j|\u2606SpikeMike\n|j|\u2606SweetSerenityGrace\n|t:|1682619474\n|gametype|doubles\n|player|p1|SpikeMike|molayne|1084\n|player|p2|SweetSerenityGrace|iris-gen5bw2|1138\n|teamsize|p1|6\n|teamsize|p2|6\n|gen|9\n|tier|[Gen 9] VGC 2023 Regulation C\n|rated|\n|rule|Species Clause: Limit one of each Pok\u00e9mon\n|rule|Item Clause: Limit one of each item\n|clearpoke\n|poke|p1|Grafaiai, L50, M|\n|poke|p1|Slaking, L50, M|\n|poke|p1|Dragonite, L50, F|\n|poke|p1|Chien-Pao, L50|\n|poke|p1|Iron Hands, L50|\n|poke|p1|Amoonguss, L50, M|\n|poke|p2|Flutter Mane, L50|\n|poke|p2|Chi-Yu, L50|\n|poke|p2|Chien-Pao, L50|\n|poke|p2|Dragonite, L50, F|\n|poke|p2|Grimmsnarl, L50, M|\n|poke|p2|Amoonguss, L50, F|\n|teampreview|4\n|inactive|Battle timer is ON: inactive players will automatically lose when time's up. (requested by SpikeMike)\n|inactive|SweetSerenityGrace has 60 seconds left.\nSweetSerenityGrace rejected open team sheets.\n|inactive|SpikeMike has 60 seconds left.\n|\n|t:|1682619520\n|start\n|switch|p1a: Charlie Puth|Chien-Pao, L50|100\/100\n|switch|p1b: Lewis Capaldi|Iron Hands, L50|100\/100\n|switch|p2a: Big Missy|Flutter Mane, L50|100\/100\n|switch|p2b: Chi-Yu|Chi-Yu, L50|100\/100\n|-ability|p1a: Charlie Puth|Sword of Ruin\n|-ability|p2b: Chi-Yu|Beads of Ruin\n|-enditem|p2a: Big Missy|Booster Energy\n|-activate|p2a: Big Missy|ability: Protosynthesis|[fromitem]\n|-start|p2a: Big Missy|protosynthesisspe\n|-enditem|p1b: Lewis Capaldi|Booster Energy\n|-activate|p1b: Lewis Capaldi|ability: Quark Drive|[fromitem]\n|-start|p1b: Lewis Capaldi|quarkdriveatk\n|turn|1\n|\n|t:|1682619543\n|move|p2a: Big Missy|Protect|p2a: Big Missy\n|-singleturn|p2a: Big Missy|Protect\n|move|p2b: Chi-Yu|Protect|p2b: Chi-Yu\n|-singleturn|p2b: Chi-Yu|Protect\n|move|p1b: Lewis Capaldi|Fake Out|p2b: Chi-Yu\n|-activate|p2b: Chi-Yu|move: Protect\n|move|p1a: Charlie Puth|Ice Spinner|p2a: Big Missy\n|-activate|p2a: Big Missy|move: Protect\n|\n|upkeep\n|turn|2\n|\n|t:|1682619563\n|-terastallize|p2a: Big Missy|Fairy\n|move|p1a: Charlie Puth|Sucker Punch|p2a: Big Missy\n|-resisted|p2a: Big Missy\n|-damage|p2a: Big Missy|44\/100\n|move|p2a: Big Missy|Dazzling Gleam|p1b: Lewis Capaldi|[spread] p1a,p1b\n|-supereffective|p1a: Charlie Puth\n|-supereffective|p1b: Lewis Capaldi\n|-enditem|p1a: Charlie Puth|Focus Sash\n|-damage|p1a: Charlie Puth|1\/100\n|-damage|p1b: Lewis Capaldi|0 fnt\n|faint|p1b: Lewis Capaldi\n|-end|p1b: Lewis Capaldi|Quark Drive|[silent]\n|move|p2b: Chi-Yu|Will-O-Wisp|p1a: Charlie Puth\n|-status|p1a: Charlie Puth|brn\n|\n|-damage|p1a: Charlie Puth|0 fnt|[from] brn\n|faint|p1a: Charlie Puth\n|upkeep\n|c|\u2606SpikeMike|jesus\n|\n|t:|1682619577\n|switch|p1a: Bruno Mars|Dragonite, L50, F|100\/100\n|switch|p1b: Ed Sheeran|Amoonguss, L50, M|100\/100\n|turn|3\n|\n|t:|1682619590\n|-terastallize|p1a: Bruno Mars|Normal\n|move|p2a: Big Missy|Protect|p2a: Big Missy\n|-singleturn|p2a: Big Missy|Protect\n|move|p1a: Bruno Mars|Extreme Speed|p2a: Big Missy\n|-activate|p2a: Big Missy|move: Protect\n|move|p1b: Ed Sheeran|Rage Powder|p1b: Ed Sheeran\n|-singleturn|p1b: Ed Sheeran|move: Rage Powder\n|move|p2b: Chi-Yu|Will-O-Wisp|p1b: Ed Sheeran\n|-status|p1b: Ed Sheeran|brn\n|\n|-damage|p1b: Ed Sheeran|95\/100 brn|[from] brn\n|upkeep\n|turn|4\n|\n|t:|1682619608\n|-end|p2a: Big Missy|Protosynthesis|[silent]\n|switch|p2a: Shroomie|Amoonguss, L50, F|100\/100\n|move|p1a: Bruno Mars|Extreme Speed|p2a: Shroomie\n|-damage|p2a: Shroomie|63\/100\n|-damage|p1a: Bruno Mars|84\/100|[from] item: Rocky Helmet|[of] p2a: Shroomie\n|move|p1b: Ed Sheeran|Rage Powder|p1b: Ed Sheeran\n|-singleturn|p1b: Ed Sheeran|move: Rage Powder\n|move|p2b: Chi-Yu|Heat Wave|p1a: Bruno Mars|[spread] p1a\n|-miss|p2b: Chi-Yu|p1b: Ed Sheeran\n|-damage|p1a: Bruno Mars|57\/100\n|\n|-damage|p1b: Ed Sheeran|89\/100 brn|[from] brn\n|upkeep\n|turn|5\n|\n|t:|1682619632\n|move|p2b: Chi-Yu|Protect|p2b: Chi-Yu\n|-singleturn|p2b: Chi-Yu|Protect\n|move|p1a: Bruno Mars|Fire Punch|p2a: Shroomie\n|-supereffective|p2a: Shroomie\n|-damage|p2a: Shroomie|19\/100\n|-damage|p1a: Bruno Mars|41\/100|[from] item: Rocky Helmet|[of] p2a: Shroomie\n|move|p2a: Shroomie|Spore|p1a: Bruno Mars\n|-status|p1a: Bruno Mars|slp|[from] move: Spore\n|move|p1b: Ed Sheeran|Pollen Puff|p1a: Bruno Mars\n|-heal|p1a: Bruno Mars|90\/100 slp\n|\n|-damage|p1b: Ed Sheeran|83\/100 brn|[from] brn\n|upkeep\n|turn|6\n|inactive|SweetSerenityGrace has 30 seconds left.\n|\n|t:|1682619659\n|switch|p2a: Dragonite|Dragonite, L50, F|100\/100\n|cant|p1a: Bruno Mars|slp\n|move|p2b: Chi-Yu|Heat Wave|p1a: Bruno Mars|[spread] p1a\n|-miss|p2b: Chi-Yu|p1b: Ed Sheeran\n|-damage|p1a: Bruno Mars|58\/100 slp\n|move|p1b: Ed Sheeran|Pollen Puff|p2b: Chi-Yu\n|-damage|p2b: Chi-Yu|83\/100\n|\n|-heal|p2b: Chi-Yu|89\/100|[from] item: Leftovers\n|-damage|p1b: Ed Sheeran|77\/100 brn|[from] brn\n|upkeep\n|turn|7\n|\n|t:|1682619679\n|cant|p1a: Bruno Mars|slp\n|move|p2b: Chi-Yu|Heat Wave|p1b: Ed Sheeran|[spread] p1a,p1b\n|-supereffective|p1b: Ed Sheeran\n|-damage|p1a: Bruno Mars|26\/100 slp\n|-damage|p1b: Ed Sheeran|0 fnt\n|faint|p1b: Ed Sheeran\n|move|p2a: Dragonite|Dragon Dance|p2a: Dragonite\n|-boost|p2a: Dragonite|atk|1\n|-boost|p2a: Dragonite|spe|1\n|\n|-heal|p2b: Chi-Yu|95\/100|[from] item: Leftovers\n|upkeep\n|turn|8\n|\n|t:|1682619692\n|move|p2a: Dragonite|Outrage|p1a: Bruno Mars\n|-damage|p1a: Bruno Mars|0 fnt\n|faint|p1a: Bruno Mars\n|\n|win|SweetSerenityGrace\n|raw|SpikeMike's rating: 1084 → 1065<\/strong> (-19 for losing)\n|raw|SweetSerenityGrace's rating: 1138 → 1159<\/strong> (+21 for winning)\n|l|\u2606SpikeMike\n","uploadtime":1682619708,"views":5,"p1id":"spikemike","p2id":"sweetserenitygrace","formatid":"gen9vgc2023regulationc","rating":1065,"private":0,"password":""}