{"id":"gen9vgc2023regulationc-1845518620","p1":"JustRadAlex","p2":"Brummes","format":"[Gen 9] VGC 2023 Regulation C","log":"|j|\u2606JustRadAlex\n|j|\u2606Brummes\n|t:|1681741459\n|gametype|doubles\n|player|p1|JustRadAlex|archer|1041\n|player|p2|Brummes|102|1043\n|teamsize|p1|6\n|teamsize|p2|6\n|gen|9\n|tier|[Gen 9] VGC 2023 Regulation C\n|rated|\n|rule|Species Clause: Limit one of each Pok\u00e9mon\n|rule|Item Clause: Limit one of each item\n|clearpoke\n|poke|p1|Ceruledge, L50, M|\n|poke|p1|Garganacl, L50, F|\n|poke|p1|Amoonguss, L50, F|\n|poke|p1|Grimmsnarl, L50, M|\n|poke|p1|Rotom-Wash, L50|\n|poke|p1|Palafin, L50, F|\n|poke|p2|Palafin, L50, M|\n|poke|p2|Tauros-Paldea-Blaze, L50, M|\n|poke|p2|Rotom-Mow, L50|\n|poke|p2|Scream Tail, L50|\n|poke|p2|Lokix, L50, F|\n|poke|p2|Gholdengo, L50|\n|teampreview|4\nBrummes has agreed to open team sheets.\nJustRadAlex has agreed to open team sheets.\n|\n|t:|1681741560\n|start\n|switch|p1a: TrickSnarl|Grimmsnarl, L50, M, shiny|100\/100\n|switch|p1b: Blues|Ceruledge, L50, M|100\/100\n|switch|p2a: Rotom|Rotom-Mow, L50|100\/100\n|switch|p2b: Scream Tail|Scream Tail, L50|100\/100\n|-enditem|p2b: Scream Tail|Booster Energy\n|-activate|p2b: Scream Tail|ability: Protosynthesis|[fromitem]\n|-start|p2b: Scream Tail|protosynthesisspe\n|turn|1\n|\n|t:|1681741592\n|move|p1a: TrickSnarl|Fake Out|p2b: Scream Tail\n|-damage|p2b: Scream Tail|90\/100\n|cant|p2b: Scream Tail|flinch\n|move|p2a: Rotom|Volt Switch|p1a: TrickSnarl\n|-damage|p1a: TrickSnarl|73\/100\n|\n|t:|1681741603\n|switch|p2a: Tauros|Tauros-Paldea-Blaze, L50, M|100\/100|[from] Volt Switch\n|-ability|p2a: Tauros|Intimidate|boost\n|-unboost|p1a: TrickSnarl|atk|1\n|-unboost|p1b: Blues|atk|1\n|move|p1b: Blues|Bitter Blade|p2a: Tauros\n|-resisted|p2a: Tauros\n|-damage|p2a: Tauros|88\/100\n|\n|upkeep\n|turn|2\n|\n|t:|1681741627\n|switch|p1a: Wishy Washy|Rotom-Wash, L50|100\/100\n|move|p2b: Scream Tail|Encore|p1b: Blues\n|-start|p1b: Blues|Encore\n|move|p2a: Tauros|Flame Charge|p1a: Wishy Washy\n|-resisted|p1a: Wishy Washy\n|-damage|p1a: Wishy Washy|85\/100\n|-boost|p2a: Tauros|spe|1\n|move|p1b: Blues|Bitter Blade|p2b: Scream Tail\n|-damage|p2b: Scream Tail|68\/100\n|\n|upkeep\n|turn|3\n|\n|t:|1681741653\n|switch|p1b: Amoonguss|Amoonguss, L50, F|100\/100\n|move|p2a: Tauros|Close Combat|p1a: Wishy Washy\n|-damage|p1a: Wishy Washy|8\/100\n|-unboost|p2a: Tauros|def|1\n|-unboost|p2a: Tauros|spd|1\n|move|p2b: Scream Tail|Play Rough|p1a: Wishy Washy\n|-damage|p1a: Wishy Washy|0 fnt\n|faint|p1a: Wishy Washy\n|\n|upkeep\n|\n|t:|1681741666\n|switch|p1a: TrickSnarl|Grimmsnarl, L50, M, shiny|73\/100\n|turn|4\n|\n|t:|1681741702\n|switch|p1b: Blues|Ceruledge, L50, M|100\/100\n|move|p1a: TrickSnarl|Fake Out|p2b: Scream Tail\n|-damage|p2b: Scream Tail|58\/100\n|move|p2a: Tauros|Raging Bull|p1b: Blues\n|-start|p1b: Blues|ability: Flash Fire\n|cant|p2b: Scream Tail|flinch\n|\n|upkeep\n|turn|5\n|\n|t:|1681741723\n|move|p1a: TrickSnarl|Thunder Wave|p2a: Tauros\n|-status|p2a: Tauros|par\n|move|p2b: Scream Tail|Thunder Wave|p1b: Blues\n|-status|p1b: Blues|par\n|move|p2a: Tauros|Raging Bull|p1a: TrickSnarl\n|-crit|p1a: TrickSnarl\n|-damage|p1a: TrickSnarl|3\/100\n|move|p1b: Blues|Bitter Blade|p2b: Scream Tail\n|-damage|p2b: Scream Tail|11\/100\n|\n|upkeep\n|turn|6\n|\n|t:|1681741740\n|switch|p2a: Rotom|Rotom-Mow, L50|100\/100\n|move|p1b: Blues|Shadow Sneak|p2b: Scream Tail\n|-supereffective|p2b: Scream Tail\n|-damage|p2b: Scream Tail|0 fnt\n|faint|p2b: Scream Tail\n|-end|p2b: Scream Tail|Protosynthesis|[silent]\n|move|p1a: TrickSnarl|Spirit Break|p2a: Rotom\n|-damage|p2a: Rotom|66\/100\n|-unboost|p2a: Rotom|spa|1\n|\n|upkeep\n|\n|t:|1681741749\n|switch|p2b: Tauros|Tauros-Paldea-Blaze, L50, M|88\/100 par\n|-ability|p2b: Tauros|Intimidate|boost\n|-unboost|p1a: TrickSnarl|atk|1\n|-unboost|p1b: Blues|atk|1\n|turn|7\n|\n|t:|1681741765\n|switch|p1a: Amoonguss|Amoonguss, L50, F|100\/100\n|switch|p2b: Gholdengo|Gholdengo, L50|100\/100\n|-item|p2b: Gholdengo|Air Balloon\n|move|p2a: Rotom|Volt Switch|p1a: Amoonguss\n|-resisted|p1a: Amoonguss\n|-damage|p1a: Amoonguss|91\/100\n|\n|t:|1681741774\n|switch|p2a: Tauros|Tauros-Paldea-Blaze, L50, M|88\/100 par|[from] Volt Switch\n|-ability|p2a: Tauros|Intimidate|boost\n|-unboost|p1a: Amoonguss|atk|1\n|-unboost|p1b: Blues|atk|1\n|move|p1b: Blues|Bitter Blade|p2a: Tauros\n|-resisted|p2a: Tauros\n|-damage|p2a: Tauros|72\/100 par\n|\n|-heal|p1a: Amoonguss|97\/100|[from] item: Black Sludge\n|upkeep\n|turn|8\n|\n|t:|1681741794\n|-terastallize|p1b: Blues|Grass\n|move|p1a: Amoonguss|Protect|p1a: Amoonguss\n|-singleturn|p1a: Amoonguss|Protect\n|move|p2b: Gholdengo|Shadow Ball|p1b: Blues\n|-damage|p1b: Blues|74\/100 par\n|cant|p2a: Tauros|par\n|move|p1b: Blues|Bitter Blade|p2b: Gholdengo\n|-supereffective|p2b: Gholdengo\n|-damage|p2b: Gholdengo|39\/100\n|-heal|p1b: Blues|100\/100 par|[from] drain|[of] p2b: Gholdengo\n|-enditem|p2b: Gholdengo|Air Balloon\n|\n|-heal|p1a: Amoonguss|100\/100|[from] item: Black Sludge\n|upkeep\n|turn|9\n|\n|t:|1681741815\n|move|p2b: Gholdengo|Protect|p2b: Gholdengo\n|-singleturn|p2b: Gholdengo|Protect\n|move|p2a: Tauros|Raging Bull|p1b: Blues\n|-immune|p1b: Blues|[from] ability: Flash Fire\n|cant|p1b: Blues|par\n|move|p1a: Amoonguss|Spore||[still]\n|-fail|p1a: Amoonguss\n|\n|upkeep\n|turn|10\n|\n|t:|1681741837\n|move|p1a: Amoonguss|Protect|p1a: Amoonguss\n|-singleturn|p1a: Amoonguss|Protect\n|move|p2b: Gholdengo|Shadow Ball|p1b: Blues\n|-damage|p1b: Blues|71\/100 par\n|move|p2a: Tauros|Raging Bull|p1a: Amoonguss\n|-activate|p1a: Amoonguss|move: Protect\n|move|p1b: Blues|Bitter Blade|p2b: Gholdengo\n|-supereffective|p2b: Gholdengo\n|-damage|p2b: Gholdengo|0 fnt\n|-heal|p1b: Blues|92\/100 par|[from] drain|[of] p2b: Gholdengo\n|faint|p2b: Gholdengo\n|\n|upkeep\n|\n|t:|1681741849\n|switch|p2b: Rotom|Rotom-Mow, L50|66\/100\n|turn|11\n|\n|t:|1681741890\n|-terastallize|p2b: Rotom|Electric\n|move|p2b: Rotom|Thunderbolt|p1b: Blues\n|-resisted|p1b: Blues\n|-damage|p1b: Blues|73\/100 par\n|move|p2a: Tauros|Raging Bull|p1a: Amoonguss\n|-supereffective|p1a: Amoonguss\n|-damage|p1a: Amoonguss|27\/100\n|cant|p1b: Blues|par\n|move|p1a: Amoonguss|Pollen Puff|p2b: Rotom\n|-damage|p2b: Rotom|46\/100\n|\n|-heal|p1a: Amoonguss|33\/100|[from] item: Black Sludge\n|upkeep\n|turn|12\n|\n|t:|1681741915\n|move|p1a: Amoonguss|Protect|p1a: Amoonguss\n|-singleturn|p1a: Amoonguss|Protect\n|move|p2b: Rotom|Thunderbolt|p1b: Blues\n|-resisted|p1b: Blues\n|-damage|p1b: Blues|53\/100 par\n|move|p2a: Tauros|Raging Bull|p1a: Amoonguss\n|-activate|p1a: Amoonguss|move: Protect\n|move|p1b: Blues|Bitter Blade|p2b: Rotom\n|-damage|p2b: Rotom|11\/100\n|-heal|p1b: Blues|70\/100 par|[from] drain|[of] p2b: Rotom\n|\n|-heal|p1a: Amoonguss|39\/100|[from] item: Black Sludge\n|upkeep\n|turn|13\n|\n|t:|1681741935\n|move|p1b: Blues|Shadow Sneak|p2b: Rotom\n|-damage|p2b: Rotom|1\/100\n|move|p2b: Rotom|Thunderbolt|p1b: Blues\n|-resisted|p1b: Blues\n|-damage|p1b: Blues|49\/100 par\n|cant|p2a: Tauros|par\n|move|p1a: Amoonguss|Pollen Puff|p1b: Blues\n|-heal|p1b: Blues|99\/100 par\n|\n|-heal|p1a: Amoonguss|45\/100|[from] item: Black Sludge\n|upkeep\n|turn|14\n|-message|Brummes forfeited.\n|\n|win|JustRadAlex\n|raw|JustRadAlex's rating: 1041 → 1075<\/strong> (+34 for winning)\n|raw|Brummes's rating: 1043 → 1026<\/strong> (-17 for losing)\n|l|\u2606Brummes\n","uploadtime":1681741961,"views":9,"p1id":"justradalex","p2id":"brummes","formatid":"gen9vgc2023regulationc","rating":1026,"private":0,"password":""}