{"id":"gen9vgc2023regulationc-1860780798","p1":"RonJohn","p2":"GreenMidoriVerde","format":"[Gen 9] VGC 2023 Regulation C","log":"|j|\u2606RonJohn\n|j|\u2606GreenMidoriVerde\n|t:|1683677100\n|gametype|doubles\n|player|p1|RonJohn|169|1138\n|player|p2|GreenMidoriVerde|pokemaniac|1192\n|teamsize|p1|6\n|teamsize|p2|6\n|gen|9\n|tier|[Gen 9] VGC 2023 Regulation C\n|rated|\n|rule|Species Clause: Limit one of each Pok\u00e9mon\n|rule|Item Clause: Limit one of each item\n|clearpoke\n|poke|p1|Flutter Mane, L50|\n|poke|p1|Orthworm, L50, M|\n|poke|p1|Dragonite, L50, M|\n|poke|p1|Amoonguss, L50, M|\n|poke|p1|Gyarados, L50, F|\n|poke|p1|Ting-Lu, L50|\n|poke|p2|Chi-Yu, L50|\n|poke|p2|Flutter Mane, L50|\n|poke|p2|Roaring Moon, L50|\n|poke|p2|Lilligant, L50, F|\n|poke|p2|Torkoal, L50, F|\n|poke|p2|Iron Valiant, L50|\n|teampreview|4\n|inactive|Battle timer is ON: inactive players will automatically lose when time's up. (requested by GreenMidoriVerde)\nRonJohn has agreed to open team sheets.\n|inactive|GreenMidoriVerde has 60 seconds left.\n|c|\u2606RonJohn|glhf. Would gladly do open team sheets\/best of 3 if you want!\n|inactive|GreenMidoriVerde has 30 seconds left.\n|\n|t:|1683677168\n|start\n|switch|p1a: Ting-Lu|Ting-Lu, L50|100\/100\n|switch|p1b: Gyarados|Gyarados, L50, F|100\/100\n|switch|p2a: Rua|Torkoal, L50, F, shiny|100\/100\n|switch|p2b: Lilligant|Lilligant, L50, F|100\/100\n|-ability|p1b: Gyarados|Intimidate|boost\n|-unboost|p2a: Rua|atk|1\n|-unboost|p2b: Lilligant|atk|1\n|-ability|p1a: Ting-Lu|Vessel of Ruin\n|-weather|SunnyDay|[from] ability: Drought|[of] p2a: Rua\n|turn|1\n|inactive|RonJohn has 30 seconds left.\n|\n|t:|1683677202\n|move|p2a: Rua|Protect|p2a: Rua\n|-singleturn|p2a: Rua|Protect\n|move|p2b: Lilligant|Sleep Powder|p1a: Ting-Lu|[miss]\n|-miss|p2b: Lilligant|p1a: Ting-Lu\n|move|p1b: Gyarados|Rain Dance|p1b: Gyarados\n|-weather|RainDance\n|move|p1a: Ting-Lu|Earthquake|p2b: Lilligant|[spread] p2b\n|-activate|p2a: Rua|move: Protect\n|-immune|p1b: Gyarados\n|-resisted|p2b: Lilligant\n|-damage|p2b: Lilligant|74\/100\n|\n|-weather|RainDance|[upkeep]\n|upkeep\n|turn|2\n|inactive|RonJohn has 30 seconds left.\n|inactive|RonJohn has 20 seconds left.\n|\n|t:|1683677239\n|switch|p1b: Orthworm|Orthworm, L50, M|100\/100\n|switch|p2a: Meidoraigon|Roaring Moon, L50, shiny|100\/100\n|move|p2b: Lilligant|Sleep Powder|p1b: Orthworm\n|-status|p1b: Orthworm|slp|[from] move: Sleep Powder\n|move|p1a: Ting-Lu|Earthquake|p2a: Meidoraigon|[spread] p2a,p2b\n|-immune|p1b: Orthworm|[from] ability: Earth Eater\n|-resisted|p2b: Lilligant\n|-damage|p2a: Meidoraigon|55\/100\n|-damage|p2b: Lilligant|48\/100\n|\n|-weather|RainDance|[upkeep]\n|upkeep\n|turn|3\n|\n|t:|1683677264\n|-end|p2a: Meidoraigon|Protosynthesis|[silent]\n|switch|p2a: Rua|Torkoal, L50, F, shiny|100\/100\n|-weather|SunnyDay|[from] ability: Drought|[of] p2a: Rua\n|move|p2b: Lilligant|Sleep Powder|p1a: Ting-Lu\n|-status|p1a: Ting-Lu|slp|[from] move: Sleep Powder\n|cant|p1b: Orthworm|slp\n|cant|p1a: Ting-Lu|slp\n|\n|-weather|SunnyDay|[upkeep]\n|upkeep\n|turn|4\n|\n|t:|1683677283\n|switch|p1a: Gyarados|Gyarados, L50, F|100\/100\n|-ability|p1a: Gyarados|Intimidate|boost\n|-unboost|p2a: Rua|atk|1\n|-unboost|p2b: Lilligant|atk|1\n|move|p2b: Lilligant|Pollen Puff|p1a: Gyarados\n|-resisted|p1a: Gyarados\n|-damage|p1a: Gyarados|91\/100\n|-curestatus|p1b: Orthworm|slp|[msg]\n|move|p1b: Orthworm|Shed Tail|p1b: Orthworm\n|-start|p1b: Orthworm|Substitute|[from] move: Shed Tail\n|-damage|p1b: Orthworm|50\/100\n|\n|t:|1683677298\n|switch|p1b: Dragonite|Dragonite, L50, M|100\/100|[from] Shed Tail\n|move|p2a: Rua|Heat Wave|p1b: Dragonite|[spread] p1a,p1b\n|-resisted|p1b: Dragonite\n|-activate|p1b: Dragonite|move: Substitute|[damage]\n|-resisted|p1a: Gyarados\n|-damage|p1a: Gyarados|81\/100\n|-status|p1a: Gyarados|brn\n|\n|-weather|SunnyDay|[upkeep]\n|-damage|p1a: Gyarados|75\/100 brn|[from] brn\n|upkeep\n|turn|5\n|inactive|GreenMidoriVerde has 30 seconds left.\n|\n|t:|1683677329\n|move|p2b: Lilligant|After You|p2a: Rua\n|-activate|p2a: Rua|move: After You\n|move|p2a: Rua|Heat Wave|p1a: Gyarados|[spread] p1b\n|-miss|p2a: Rua|p1a: Gyarados\n|-resisted|p1b: Dragonite\n|-activate|p1b: Dragonite|move: Substitute|[damage]\n|move|p1b: Dragonite|Dragon Dance|p1b: Dragonite\n|-boost|p1b: Dragonite|atk|1\n|-boost|p1b: Dragonite|spe|1\n|move|p1a: Gyarados|Rain Dance|p1a: Gyarados\n|-weather|RainDance\n|\n|-weather|RainDance|[upkeep]\n|-damage|p1a: Gyarados|69\/100 brn|[from] brn\n|upkeep\n|turn|6\n|inactive|RonJohn has 30 seconds left.\n|inactive|GreenMidoriVerde has 30 seconds left.\n|\n|t:|1683677360\n|move|p1b: Dragonite|Earthquake|p2b: Lilligant|[spread] p2a,p2b\n|-immune|p1a: Gyarados\n|-supereffective|p2a: Rua\n|-resisted|p2b: Lilligant\n|-damage|p2a: Rua|37\/100\n|-damage|p2b: Lilligant|17\/100\n|move|p2b: Lilligant|Pollen Puff|p1b: Dragonite\n|-resisted|p1b: Dragonite\n|-activate|p1b: Dragonite|move: Substitute|[damage]\n|move|p1a: Gyarados|Taunt|p2b: Lilligant\n|-start|p2b: Lilligant|move: Taunt\n|move|p2a: Rua|Heat Wave|p1a: Gyarados|[spread] p1a,p1b\n|-resisted|p1b: Dragonite\n|-end|p1b: Dragonite|Substitute\n|-resisted|p1a: Gyarados\n|-damage|p1a: Gyarados|66\/100 brn\n|\n|-weather|RainDance|[upkeep]\n|-damage|p1a: Gyarados|60\/100 brn|[from] brn\n|upkeep\n|turn|7\n|inactive|RonJohn has 30 seconds left.\n|inactive|GreenMidoriVerde has 30 seconds left.\n|\n|t:|1683677394\n|move|p1b: Dragonite|Earthquake|p2a: Rua|[spread] p2a,p2b\n|-immune|p1a: Gyarados\n|-supereffective|p2a: Rua\n|-resisted|p2b: Lilligant\n|-damage|p2a: Rua|0 fnt\n|-damage|p2b: Lilligant|0 fnt\n|faint|p2a: Rua\n|faint|p2b: Lilligant\n|move|p1a: Gyarados|Thunder Wave|p2: Rua|[notarget]\n|-fail|p1a: Gyarados\n|\n|-weather|RainDance|[upkeep]\n|-damage|p1a: Gyarados|54\/100 brn|[from] brn\n|upkeep\n|\n|t:|1683677400\n|switch|p2b: Pepperjack|Chi-Yu, L50|100\/100\n|switch|p2a: Meidoraigon|Roaring Moon, L50, shiny|55\/100\n|-ability|p2b: Pepperjack|Beads of Ruin\n|turn|8\n|inactive|RonJohn has 30 seconds left.\n|\n|t:|1683677428\n|switch|p1a: Orthworm|Orthworm, L50, M|50\/100\n|-terastallize|p2b: Pepperjack|Grass\n|move|p1b: Dragonite|Earthquake|p2a: Meidoraigon|[spread] p2a,p2b\n|-heal|p1a: Orthworm|75\/100|[from] ability: Earth Eater|[of] p1b: Dragonite\n|-resisted|p2b: Pepperjack\n|-damage|p2a: Meidoraigon|0 fnt\n|-damage|p2b: Pepperjack|66\/100\n|faint|p2a: Meidoraigon\n|-end|p2a: Meidoraigon|Protosynthesis|[silent]\n|move|p2b: Pepperjack|Nasty Plot|p2b: Pepperjack\n|-boost|p2b: Pepperjack|spa|2\n|\n|-weather|RainDance|[upkeep]\n|-heal|p1a: Orthworm|82\/100|[from] item: Leftovers\n|upkeep\n|turn|9\n|inactive|RonJohn has 30 seconds left.\n|inactive|RonJohn has 20 seconds left.\n|inactive|RonJohn has 15 seconds left.\n|\n|t:|1683677470\n|switch|p1a: Ting-Lu|Ting-Lu, L50|100\/100 slp\n|-ability|p1a: Ting-Lu|Vessel of Ruin\n|move|p1b: Dragonite|Ice Spinner|p2b: Pepperjack\n|-supereffective|p2b: Pepperjack\n|-damage|p2b: Pepperjack|0 fnt\n|faint|p2b: Pepperjack\n|\n|win|RonJohn\n|raw|RonJohn's rating: 1138 → 1167<\/strong> (+29 for winning)\n|raw|GreenMidoriVerde's rating: 1192 → 1163<\/strong> (-29 for losing)\n|l|\u2606GreenMidoriVerde\n","uploadtime":1683677490,"views":15,"p1id":"ronjohn","p2id":"greenmidoriverde","formatid":"gen9vgc2023regulationc","rating":1163,"private":0,"password":""}