{"id":"gen9vgc2023regulationc-1850624233","p1":"iPikari","p2":"Jimmynutron1","format":"[Gen 9] VGC 2023 Regulation C","log":"|j|\u2606iPikari\n|j|\u2606Jimmynutron1\n|t:|1682353971\n|gametype|doubles\n|player|p1|iPikari|cheren-gen5bw2|1199\n|player|p2|Jimmynutron1|2|1152\n|teamsize|p1|6\n|teamsize|p2|6\n|gen|9\n|tier|[Gen 9] VGC 2023 Regulation C\n|rated|\n|rule|Species Clause: Limit one of each Pok\u00e9mon\n|rule|Item Clause: Limit one of each item\n|clearpoke\n|poke|p1|Baxcalibur, L50, F|\n|poke|p1|Palafin, L50, F|\n|poke|p1|Volcarona, L50, M|\n|poke|p1|Annihilape, L50, M|\n|poke|p1|Farigiraf, L50, M|\n|poke|p1|Glimmora, L50, F|\n|poke|p2|Ting-Lu, L50|\n|poke|p2|Arcanine, L50, M|\n|poke|p2|Scizor, L50, M|\n|poke|p2|Palafin, L50, F|\n|poke|p2|Pelipper, L50, M|\n|poke|p2|Tsareena, L50, F|\n|teampreview|4\niPikari has agreed to open team sheets.\n|\n|t:|1682354019\n|start\n|switch|p1a: Glimmora|Glimmora, L50, F|100\/100\n|switch|p1b: Palafin|Palafin, L50, F|100\/100\n|switch|p2a: Scizor|Scizor, L50, M|100\/100\n|switch|p2b: Palafin|Palafin, L50, F|100\/100\n|turn|1\n|inactive|Battle timer is ON: inactive players will automatically lose when time's up. (requested by Jimmynutron1)\n|\n|t:|1682354033\n|detailschange|p1b: Palafin|Palafin-Hero, L50, F\n|switch|p1b: Annihilape|Annihilape, L50, M|100\/100\n|detailschange|p2b: Palafin|Palafin-Hero, L50, F\n|switch|p2b: Tsareena|Tsareena, L50, F|100\/100\n|-terastallize|p1a: Glimmora|Grass\n|move|p2a: Scizor|Bullet Punch|p1a: Glimmora\n|-damage|p1a: Glimmora|70\/100\n|-activate|p1a: Glimmora|ability: Toxic Debris\n|-sidestart|p2: Jimmynutron1|move: Toxic Spikes\n|move|p1a: Glimmora|Energy Ball|p2b: Tsareena\n|-resisted|p2b: Tsareena\n|-damage|p2b: Tsareena|79\/100\n|\n|upkeep\n|turn|2\n|inactive|Jimmynutron1 has 30 seconds left.\n|inactive|Jimmynutron1 has 20 seconds left.\n|inactive|Jimmynutron1 has 15 seconds left.\n|\n|t:|1682354076\n|move|p2b: Tsareena|Protect|p2b: Tsareena\n|-singleturn|p2b: Tsareena|Protect\n|move|p1b: Annihilape|Bulk Up|p1b: Annihilape\n|-boost|p1b: Annihilape|atk|1\n|-boost|p1b: Annihilape|def|1\n|move|p1a: Glimmora|Sludge Bomb|p2b: Tsareena\n|-activate|p2b: Tsareena|move: Protect\n|move|p2a: Scizor|U-turn|p1a: Glimmora\n|-supereffective|p1a: Glimmora\n|-damage|p1a: Glimmora|0 fnt\n|-activate|p1a: Glimmora|ability: Toxic Debris\n|-sidestart|p2: Jimmynutron1|move: Toxic Spikes\n|faint|p1a: Glimmora\n|\n|t:|1682354095\n|switch|p2a: Palafin|Palafin-Hero, L50, F|100\/100|[from] U-turn\n|-status|p2a: Palafin|tox\n|-activate|p2a: Palafin|ability: Zero to Hero\n|\n|-damage|p2a: Palafin|95\/100 tox|[from] psn\n|upkeep\n|\n|t:|1682354116\n|switch|p1a: Baxcalibur|Baxcalibur, L50, F|100\/100\n|turn|3\n|\n|t:|1682354126\n|-terastallize|p2a: Palafin|Water\n|move|p1a: Baxcalibur|Protect|p1a: Baxcalibur\n|-singleturn|p1a: Baxcalibur|Protect\n|move|p1b: Annihilape|Drain Punch|p2b: Tsareena\n|-damage|p2b: Tsareena|41\/100\n|move|p2a: Palafin|Wave Crash|p1b: Annihilape\n|-damage|p1b: Annihilape|15\/100\n|-damage|p2a: Palafin|65\/100 tox|[from] Recoil\n|move|p2b: Tsareena|Power Whip|p1b: Annihilape\n|-damage|p1b: Annihilape|0 fnt\n|faint|p1b: Annihilape\n|\n|-damage|p2a: Palafin|54\/100 tox|[from] psn\n|upkeep\n|\n|t:|1682354140\n|switch|p1b: Palafin|Palafin-Hero, L50, F|100\/100\n|-activate|p1b: Palafin|ability: Zero to Hero\n|turn|4\n|\n|t:|1682354154\n|move|p1b: Palafin|Protect|p1b: Palafin\n|-singleturn|p1b: Palafin|Protect\n|move|p2a: Palafin|Jet Punch|p1a: Baxcalibur\n|-resisted|p1a: Baxcalibur\n|-damage|p1a: Baxcalibur|71\/100\n|move|p1a: Baxcalibur|Dragon Dance|p1a: Baxcalibur\n|-boost|p1a: Baxcalibur|atk|1\n|-boost|p1a: Baxcalibur|spe|1\n|move|p2b: Tsareena|Power Whip|p1b: Palafin\n|-activate|p1b: Palafin|move: Protect\n|\n|-damage|p2a: Palafin|36\/100 tox|[from] psn\n|upkeep\n|turn|5\n|inactive|iPikari has 30 seconds left.\n|\n|t:|1682354179\n|move|p2b: Tsareena|Protect|p2b: Tsareena\n|-singleturn|p2b: Tsareena|Protect\n|move|p1b: Palafin|Jet Punch||[still]\n|cant|p2b: Tsareena|ability: Queenly Majesty|Jet Punch|[of] p1b: Palafin\n|move|p1a: Baxcalibur|Icicle Spear|p2b: Tsareena\n|-activate|p2b: Tsareena|move: Protect\n|move|p2a: Palafin|Wave Crash|p1a: Baxcalibur\n|-resisted|p1a: Baxcalibur\n|-damage|p1a: Baxcalibur|8\/100\n|-damage|p2a: Palafin|16\/100 tox|[from] Recoil\n|\n|-damage|p2a: Palafin|0 fnt|[from] psn\n|faint|p2a: Palafin\n|upkeep\n|\n|t:|1682354192\n|switch|p2a: Scizor|Scizor, L50, M|100\/100\n|turn|6\n|\n|t:|1682354198\n|move|p1a: Baxcalibur|Protect|p1a: Baxcalibur\n|-singleturn|p1a: Baxcalibur|Protect\n|move|p2a: Scizor|Bullet Punch|p1a: Baxcalibur\n|-activate|p1a: Baxcalibur|move: Protect\n|move|p1b: Palafin|Wave Crash|p2a: Scizor\n|-damage|p2a: Scizor|5\/100\n|-damage|p1b: Palafin|69\/100|[from] Recoil\n|move|p2b: Tsareena|Power Whip|p1b: Palafin\n|-supereffective|p1b: Palafin\n|-damage|p1b: Palafin|0 fnt\n|faint|p1b: Palafin\n|\n|upkeep\n|turn|7\n|\n|t:|1682354211\n|move|p2b: Tsareena|Protect|p2b: Tsareena\n|-singleturn|p2b: Tsareena|Protect\n|move|p2a: Scizor|Bullet Punch|p1a: Baxcalibur\n|-supereffective|p1a: Baxcalibur\n|-damage|p1a: Baxcalibur|0 fnt\n|faint|p1a: Baxcalibur\n|\n|win|Jimmynutron1\n|raw|iPikari's rating: 1199 → 1171<\/strong> (-28 for losing)\n|raw|Jimmynutron1's rating: 1152 → 1180<\/strong> (+28 for winning)\n|l|\u2606iPikari\n","uploadtime":1682354217,"views":19,"p1id":"ipikari","p2id":"jimmynutron1","formatid":"gen9vgc2023regulationc","rating":1171,"private":0,"password":""}