{"id":"gen9vgc2023regulationc-1851606351","p1":"JayP_won","p2":"MLGmushroom","format":"[Gen 9] VGC 2023 Regulation C","log":"|j|\u2606JayP_won\n|j|\u2606MLGmushroom\n|t:|1682460496\n|gametype|doubles\n|player|p1|JayP_won|102|1213\n|player|p2|MLGmushroom|blue|1178\n|teamsize|p1|6\n|teamsize|p2|6\n|gen|9\n|tier|[Gen 9] VGC 2023 Regulation C\n|rated|\n|rule|Species Clause: Limit one of each Pok\u00e9mon\n|rule|Item Clause: Limit one of each item\n|clearpoke\n|poke|p1|Amoonguss, L50, M|\n|poke|p1|Gothitelle, L50, F|\n|poke|p1|Arcanine, L50, M|\n|poke|p1|Scream Tail, L50|\n|poke|p1|Flutter Mane, L50|\n|poke|p1|Palafin, L50, M|\n|poke|p2|Chien-Pao, L50|\n|poke|p2|Roaring Moon, L50|\n|poke|p2|Flutter Mane, L50|\n|poke|p2|Amoonguss, L50, F|\n|poke|p2|Gyarados, L50, M|\n|poke|p2|Scizor, L50, F|\n|teampreview|4\nJayP_won has agreed to open team sheets.\nMLGmushroom has agreed to open team sheets.\n|inactive|Battle timer is ON: inactive players will automatically lose when time's up. (requested by JayP_won)\n|\n|t:|1682460535\n|start\n|switch|p1a: Arcanine|Arcanine, L50, M|100\/100\n|switch|p1b: Gothitelle|Gothitelle, L50, F|100\/100\n|switch|p2a: Chien-Pao|Chien-Pao, L50|100\/100\n|switch|p2b: Scizor|Scizor, L50, F|100\/100\n|-ability|p2a: Chien-Pao|Sword of Ruin\n|-ability|p1a: Arcanine|Intimidate|boost\n|-unboost|p2a: Chien-Pao|atk|1\n|-fail|p2b: Scizor|unboost|[from] item: Clear Amulet|[of] p2b: Scizor\n|turn|1\n|inactive|MLGmushroom has 30 seconds left.\n|\n|t:|1682460567\n|-terastallize|p2b: Scizor|Fire\n|move|p2a: Chien-Pao|Protect|p2a: Chien-Pao\n|-singleturn|p2a: Chien-Pao|Protect\n|move|p1b: Gothitelle|Fake Out|p2a: Chien-Pao\n|-activate|p2a: Chien-Pao|move: Protect\n|move|p1a: Arcanine|Flare Blitz|p2b: Scizor\n|-resisted|p2b: Scizor\n|-damage|p2b: Scizor|54\/100\n|-damage|p1a: Arcanine|84\/100|[from] Recoil\n|move|p2b: Scizor|U-turn|p1b: Gothitelle\n|-supereffective|p1b: Gothitelle\n|-damage|p1b: Gothitelle|0 fnt\n|faint|p1b: Gothitelle\n|\n|t:|1682460581\n|switch|p2b: Roaring Moon|Roaring Moon, L50|100\/100|[from] U-turn\n|-enditem|p2b: Roaring Moon|Booster Energy\n|-activate|p2b: Roaring Moon|ability: Protosynthesis|[fromitem]\n|-start|p2b: Roaring Moon|protosynthesisatk\n|\n|upkeep\n|\n|t:|1682460586\n|switch|p1b: Scream Tail|Scream Tail, L50|100\/100\n|turn|2\n|\n|t:|1682460608\n|-terastallize|p1b: Scream Tail|Dark\n|move|p1a: Arcanine|Protect|p1a: Arcanine\n|-singleturn|p1a: Arcanine|Protect\n|move|p2a: Chien-Pao|Sucker Punch||[still]\n|-fail|p2a: Chien-Pao\n|move|p2b: Roaring Moon|Acrobatics|p1b: Scream Tail\n|-damage|p1b: Scream Tail|52\/100\n|move|p1b: Scream Tail|Play Rough|p2b: Roaring Moon\n|-supereffective|p2b: Roaring Moon\n|-damage|p2b: Roaring Moon|0 fnt\n|faint|p2b: Roaring Moon\n|-end|p2b: Roaring Moon|Protosynthesis|[silent]\n|\n|-heal|p1b: Scream Tail|57\/100|[from] item: Leftovers\n|upkeep\n|\n|t:|1682460613\n|switch|p2b: Scizor|Scizor, L50, F, tera:Fire|54\/100\n|turn|3\n|inactive|JayP_won has 30 seconds left.\n|\n|t:|1682460639\n|move|p1b: Scream Tail|Protect|p1b: Scream Tail\n|-singleturn|p1b: Scream Tail|Protect\n|move|p2a: Chien-Pao|Sacred Sword|p1b: Scream Tail\n|-activate|p1b: Scream Tail|move: Protect\n|move|p1a: Arcanine|Close Combat|p2a: Chien-Pao\n|-supereffective|p2a: Chien-Pao\n|-enditem|p2a: Chien-Pao|Focus Sash\n|-damage|p2a: Chien-Pao|1\/100\n|-unboost|p1a: Arcanine|def|1\n|-unboost|p1a: Arcanine|spd|1\n|move|p2b: Scizor|Close Combat|p1a: Arcanine\n|-damage|p1a: Arcanine|0 fnt\n|-unboost|p2b: Scizor|def|1\n|-unboost|p2b: Scizor|spd|1\n|faint|p1a: Arcanine\n|\n|-heal|p1b: Scream Tail|63\/100|[from] item: Leftovers\n|upkeep\n|\n|t:|1682460656\n|switch|p1a: Flutter Mane|Flutter Mane, L50|100\/100\n|turn|4\n|\n|t:|1682460668\n|move|p1a: Flutter Mane|Protect|p1a: Flutter Mane\n|-singleturn|p1a: Flutter Mane|Protect\n|move|p2b: Scizor|Protect|p2b: Scizor\n|-singleturn|p2b: Scizor|Protect\n|move|p2a: Chien-Pao|Sacred Sword|p1b: Scream Tail\n|-supereffective|p1b: Scream Tail\n|-damage|p1b: Scream Tail|16\/100\n|move|p1b: Scream Tail|Play Rough|p2b: Scizor\n|-activate|p2b: Scizor|move: Protect\n|\n|-heal|p1b: Scream Tail|22\/100|[from] item: Leftovers\n|upkeep\n|turn|5\n|\n|t:|1682460688\n|move|p2b: Scizor|Bullet Punch|p1a: Flutter Mane\n|-supereffective|p1a: Flutter Mane\n|-damage|p1a: Flutter Mane|0 fnt\n|faint|p1a: Flutter Mane\n|-end|p1a: Flutter Mane|Protosynthesis|[silent]\n|move|p2a: Chien-Pao|Sacred Sword|p1b: Scream Tail\n|-supereffective|p1b: Scream Tail\n|-damage|p1b: Scream Tail|0 fnt\n|faint|p1b: Scream Tail\n|-end|p1b: Scream Tail|Protosynthesis|[silent]\n|\n|win|MLGmushroom\n|raw|JayP_won's rating: 1213 → 1185<\/strong> (-28 for losing)\n|raw|MLGmushroom's rating: 1178 → 1206<\/strong> (+28 for winning)\n","uploadtime":1682460696,"views":19,"p1id":"jaypwon","p2id":"mlgmushroom","formatid":"gen9vgc2023regulationc","rating":1185,"private":0,"password":""}