{"id":"gen9vgc2023regulationc-1862094598","p1":"norbie7","p2":"lpelpe","format":"[Gen 9] VGC 2023 Regulation C","log":"|j|\u2606norbie7\n|j|\u2606lpelpe\n|t:|1683836390\n|gametype|doubles\n|player|p1|norbie7|ballguy|1298\n|player|p2|lpelpe|102|1301\n|teamsize|p1|6\n|teamsize|p2|6\n|gen|9\n|tier|[Gen 9] VGC 2023 Regulation C\n|rated|\n|rule|Species Clause: Limit one of each Pok\u00e9mon\n|rule|Item Clause: Limit one of each item\n|clearpoke\n|poke|p1|Annihilape, L50, F|\n|poke|p1|Iron Bundle, L50|\n|poke|p1|Abomasnow, L50, F|\n|poke|p1|Flutter Mane, L50|\n|poke|p1|Great Tusk, L50|\n|poke|p1|Dragonite, L50, F|\n|poke|p2|Ting-Lu, L50|\n|poke|p2|Glimmora, L50, F|\n|poke|p2|Scream Tail, L50|\n|poke|p2|Corviknight, L50, M|\n|poke|p2|Maushold-Four, L50|\n|poke|p2|Baxcalibur, L50, F|\n|teampreview|4\n|inactive|Battle timer is ON: inactive players will automatically lose when time's up. (requested by lpelpe)\n|\n|t:|1683836410\n|start\n|switch|p1a: Annihilape|Annihilape, L50, F|100\/100\n|switch|p1b: Iron Bundle|Iron Bundle, L50|100\/100\n|switch|p2a: Scream Tail|Scream Tail, L50|100\/100\n|switch|p2b: Glimmora|Glimmora, L50, F|100\/100\n|turn|1\n|\n|t:|1683836423\n|-terastallize|p1a: Annihilape|Ghost\n|move|p1b: Iron Bundle|Fling|p1a: Annihilape\n|-supereffective|p1a: Annihilape\n|-damage|p1a: Annihilape|96\/100\n|-boost|p1a: Annihilape|spe|1|[from] item: Salac Berry\n|-enditem|p1a: Annihilape|Weakness Policy\n|-boost|p1a: Annihilape|atk|2|[from] item: Weakness Policy\n|-boost|p1a: Annihilape|spa|2|[from] item: Weakness Policy\n|-enditem|p1b: Iron Bundle|Salac Berry|[from] move: Fling\n|move|p1a: Annihilape|Rage Fist|p2a: Scream Tail\n|-supereffective|p2a: Scream Tail\n|-damage|p2a: Scream Tail|0 fnt\n|faint|p2a: Scream Tail\n|-end|p2a: Scream Tail|Protosynthesis|[silent]\n|move|p2b: Glimmora|Mortal Spin|p1b: Iron Bundle|[spread] p1a,p1b\n|-resisted|p1a: Annihilape\n|-crit|p1b: Iron Bundle\n|-damage|p1a: Annihilape|94\/100\n|-damage|p1b: Iron Bundle|91\/100\n|-status|p1a: Annihilape|psn\n|-status|p1b: Iron Bundle|psn\n|\n|-damage|p1a: Annihilape|81\/100 psn|[from] psn\n|-damage|p1b: Iron Bundle|79\/100 psn|[from] psn\n|upkeep\n|c|\u2606lpelpe|Wow good one\n|inactive|lpelpe has 30 seconds left.\n|c|\u2606norbie7|thank u!\n|\n|t:|1683836453\n|switch|p2a: Corviknight|Corviknight, L50, M|100\/100\n|turn|2\n|\n|t:|1683836468\n|move|p1a: Annihilape|Rage Fist|p2a: Corviknight\n|-damage|p2a: Corviknight|0 fnt\n|faint|p2a: Corviknight\n|move|p1b: Iron Bundle|Freeze-Dry|p2b: Glimmora\n|-damage|p2b: Glimmora|80\/100\n|move|p2b: Glimmora|Sludge Bomb|p1b: Iron Bundle\n|-damage|p1b: Iron Bundle|10\/100 psn\n|\n|-damage|p1a: Annihilape|69\/100 psn|[from] psn\n|-damage|p1b: Iron Bundle|0 fnt|[from] psn\n|faint|p1b: Iron Bundle\n|-end|p1b: Iron Bundle|Quark Drive|[silent]\n|upkeep\n|c|\u2606norbie7|with adamant, my speed is now 213 rivaling dragapult\n|inactive|norbie7 has 30 seconds left.\n|c|\u2606norbie7|debating making it jolly\n|inactive|norbie7 has 20 seconds left.\n|\n|t:|1683836508\n|switch|p1b: Flutter Mane|Flutter Mane, L50, shiny|100\/100\n|switch|p2a: Baxcalibur|Baxcalibur, L50, F|100\/100\n|turn|3\n|c|\u2606lpelpe|Ive mainly been playing trick room only so dont n\n|c|\u2606norbie7|makes sense\n|c|\u2606lpelpe|Know hoe relvant that increase will be\n|c|\u2606norbie7|i assume thats what the scream wanted to do\n|inactive|lpelpe has 30 seconds left.\n|inactive|lpelpe has 20 seconds left.\n|c|\u2606lpelpe|But seems really cool for bo1\n|inactive|lpelpe has 15 seconds left.\n|c|\u2606norbie7|ye!\n|inactive|lpelpe has 10 seconds left.\n|\n|t:|1683836557\n|move|p2a: Baxcalibur|Protect|p2a: Baxcalibur\n|-singleturn|p2a: Baxcalibur|Protect\n|move|p1a: Annihilape|Rage Fist|p2a: Baxcalibur\n|-activate|p2a: Baxcalibur|move: Protect\n|move|p1b: Flutter Mane|Shadow Ball|p2a: Baxcalibur\n|-activate|p2a: Baxcalibur|move: Protect\n|move|p2b: Glimmora|Sludge Bomb|p1b: Flutter Mane\n|-damage|p1b: Flutter Mane|52\/100\n|\n|-damage|p1a: Annihilape|56\/100 psn|[from] psn\n|upkeep\n|turn|4\n|c|\u2606norbie7|This team has other lines too just not for best of 1\n|c|\u2606norbie7|its more of, if y ou dont respect the ape, you get ran down\n|\n|t:|1683836575\n|move|p2a: Baxcalibur|Protect||[still]\n|-fail|p2a: Baxcalibur\n|move|p1a: Annihilape|Rage Fist|p2a: Baxcalibur\n|-damage|p2a: Baxcalibur|0 fnt\n|faint|p2a: Baxcalibur\n|move|p1b: Flutter Mane|Shadow Ball|p2b: Glimmora\n|-damage|p2b: Glimmora|37\/100\n|move|p2b: Glimmora|Sludge Bomb|p1b: Flutter Mane\n|-damage|p1b: Flutter Mane|3\/100\n|\n|-damage|p1a: Annihilape|44\/100 psn|[from] psn\n|upkeep\n|turn|5\n|c|\u2606norbie7|ggwp!\n|c|\u2606lpelpe|Gg\n|inactive|lpelpe has 30 seconds left.\n|c|\u2606lpelpe|I might try this combo\n|inactive|lpelpe has 20 seconds left.\n|l|\u2606lpelpe\n|inactive|lpelpe disconnected and has a minute to reconnect!\n|player|p2|\n|inactive|lpelpe has 15 seconds left.\n|inactive|lpelpe has 10 seconds left.\n|inactive|lpelpe has 5 seconds left.\n|-message|lpelpe lost due to inactivity.\n|\n|win|norbie7\n|raw|norbie7's rating: 1298 → 1323<\/strong> (+25 for winning)\n|raw|lpelpe's rating: 1301 → 1281<\/strong> (-20 for losing)\n|j|\u2606lpelpe\n|player|p2|lpelpe|102\n","uploadtime":1683836636,"views":14,"p1id":"norbie7","p2id":"lpelpe","formatid":"gen9vgc2023regulationc","rating":1281,"private":0,"password":""}