{"id":"gen9vgc2023regulationc-1857494984","p1":"sheevp","p2":"klatuu","format":"[Gen 9] VGC 2023 Regulation C","log":"|j|\u2606sheevp\n|j|\u2606klatuu\n|t:|1683201435\n|gametype|doubles\n|player|p1|sheevp|1|1435\n|player|p2|klatuu|roark|1508\n|teamsize|p1|6\n|teamsize|p2|6\n|gen|9\n|tier|[Gen 9] VGC 2023 Regulation C\n|rated|\n|rule|Species Clause: Limit one of each Pok\u00e9mon\n|rule|Item Clause: Limit one of each item\n|clearpoke\n|poke|p1|Flutter Mane, L50|\n|poke|p1|Chi-Yu, L50|\n|poke|p1|Garchomp, L50, M|\n|poke|p1|Gyarados, L50, M|\n|poke|p1|Iron Hands, L50|\n|poke|p1|Murkrow, L50, F|\n|poke|p2|Klefki, L50, F|\n|poke|p2|Flutter Mane, L50|\n|poke|p2|Gyarados, L50, F|\n|poke|p2|Iron Hands, L50|\n|poke|p2|Ting-Lu, L50|\n|poke|p2|Chi-Yu, L50|\n|teampreview|4\nklatuu has agreed to open team sheets.\n|inactive|Battle timer is ON: inactive players will automatically lose when time's up. (requested by sheevp)\nsheevp has agreed to open team sheets.\n|\n|t:|1683201513\n|start\n|switch|p1a: Iron Hands|Iron Hands, L50|100\/100\n|switch|p1b: Gyarados|Gyarados, L50, M|100\/100\n|switch|p2a: Klefki|Klefki, L50, F|100\/100\n|switch|p2b: Flutter Mane|Flutter Mane, L50|100\/100\n|-ability|p1b: Gyarados|Intimidate|boost\n|-unboost|p2a: Klefki|atk|1\n|-unboost|p2b: Flutter Mane|atk|1\n|turn|1\n|\n|t:|1683201533\n|-end|p2b: Flutter Mane|Protosynthesis|[silent]\n|switch|p2b: Iron Hands|Iron Hands, L50|100\/100\n|-terastallize|p1b: Gyarados|Steel\n|move|p2a: Klefki|Reflect|p2a: Klefki\n|-sidestart|p2: klatuu|Reflect\n|move|p1b: Gyarados|Taunt|p2a: Klefki\n|-start|p2a: Klefki|move: Taunt\n|move|p1a: Iron Hands|Heavy Slam|p2b: Iron Hands\n|-resisted|p2b: Iron Hands\n|-damage|p2b: Iron Hands|97\/100\n|\n|upkeep\n|turn|2\n|inactive|sheevp has 30 seconds left.\n|inactive|klatuu has 30 seconds left.\n|\n|t:|1683201562\n|switch|p1b: Flutter Mane|Flutter Mane, L50|100\/100\n|move|p1a: Iron Hands|Fake Out||[still]\n|-hint|Fake Out only works on your first turn out.\n|-fail|p1a: Iron Hands\n|move|p2a: Klefki|Dazzling Gleam|p1b: Flutter Mane|[spread] p1a,p1b\n|-supereffective|p1a: Iron Hands\n|-damage|p1a: Iron Hands|82\/100\n|-damage|p1b: Flutter Mane|85\/100\n|move|p2b: Iron Hands|Drain Punch|p1a: Iron Hands\n|-damage|p1a: Iron Hands|47\/100\n|-heal|p2b: Iron Hands|100\/100|[from] drain|[of] p1a: Iron Hands\n|\n|upkeep\n|turn|3\n|inactive|klatuu has 30 seconds left.\n|inactive|sheevp has 30 seconds left.\n|inactive|klatuu has 20 seconds left.\n|inactive|sheevp has 20 seconds left.\n|inactive|sheevp has 15 seconds left.\n|inactive|sheevp has 10 seconds left.\n|\n|t:|1683201612\n|-end|p1b: Flutter Mane|Protosynthesis|[silent]\n|switch|p1b: Gyarados|Gyarados, L50, M, tera:Steel|100\/100\n|-ability|p1b: Gyarados|Intimidate|boost\n|-unboost|p2a: Klefki|atk|1\n|-fail|p2b: Iron Hands|unboost|[from] item: Clear Amulet|[of] p2b: Iron Hands\n|-terastallize|p2b: Iron Hands|Fire\n|move|p2a: Klefki|Dazzling Gleam|p1b: Gyarados|[spread] p1a,p1b\n|-supereffective|p1a: Iron Hands\n|-resisted|p1b: Gyarados\n|-damage|p1a: Iron Hands|27\/100\n|-damage|p1b: Gyarados|94\/100\n|move|p2b: Iron Hands|Wild Charge|p1b: Gyarados\n|-damage|p1b: Gyarados|45\/100\n|-damage|p2b: Iron Hands|90\/100|[from] Recoil\n|move|p1a: Iron Hands|Drain Punch|p2a: Klefki\n|-damage|p2a: Klefki|69\/100\n|-heal|p1a: Iron Hands|39\/100|[from] drain|[of] p2a: Klefki\n|\n|upkeep\n|turn|4\n|j| A Borygon\n|\n|t:|1683201634\n|move|p2b: Iron Hands|Protect|p2b: Iron Hands\n|-singleturn|p2b: Iron Hands|Protect\n|move|p2a: Klefki|Dazzling Gleam|p1b: Gyarados|[spread] p1a,p1b\n|-supereffective|p1a: Iron Hands\n|-resisted|p1b: Gyarados\n|-damage|p1a: Iron Hands|20\/100\n|-damage|p1b: Gyarados|39\/100\n|move|p1b: Gyarados|Waterfall|p2b: Iron Hands\n|-activate|p2b: Iron Hands|move: Protect\n|move|p1a: Iron Hands|Drain Punch|p2b: Iron Hands\n|-activate|p2b: Iron Hands|move: Protect\n|\n|-end|p2a: Klefki|move: Taunt\n|upkeep\n|turn|5\n|\n|t:|1683201654\n|-end|p2b: Iron Hands|Quark Drive|[silent]\n|switch|p2b: Gyarados|Gyarados, L50, F|100\/100\n|-ability|p2b: Gyarados|Intimidate|boost\n|-unboost|p1a: Iron Hands|atk|1\n|-unboost|p1b: Gyarados|atk|1\n|move|p2a: Klefki|Thunder Wave|p1b: Gyarados\n|-status|p1b: Gyarados|par\n|move|p1a: Iron Hands|Drain Punch|p2a: Klefki\n|-damage|p2a: Klefki|47\/100\n|-heal|p1a: Iron Hands|27\/100|[from] drain|[of] p2a: Klefki\n|cant|p1b: Gyarados|par\n|\n|upkeep\n|turn|6\n|\n|t:|1683201674\n|move|p2a: Klefki|Dazzling Gleam|p1b: Gyarados|[spread] p1a,p1b\n|-supereffective|p1a: Iron Hands\n|-resisted|p1b: Gyarados\n|-damage|p1a: Iron Hands|8\/100\n|-damage|p1b: Gyarados|33\/100 par\n|move|p2b: Gyarados|Waterfall|p1a: Iron Hands\n|-damage|p1a: Iron Hands|0 fnt\n|faint|p1a: Iron Hands\n|-end|p1a: Iron Hands|Quark Drive|[silent]\n|move|p1b: Gyarados|Thunder Wave|p2b: Gyarados\n|-status|p2b: Gyarados|par\n|\n|upkeep\n|\n|t:|1683201681\n|switch|p1a: Flutter Mane|Flutter Mane, L50|85\/100\n|turn|7\n|\n|t:|1683201693\n|-end|p1a: Flutter Mane|Protosynthesis|[silent]\n|switch|p1a: Murkrow|Murkrow, L50, F|100\/100\n|cant|p2b: Gyarados|par\n|move|p2a: Klefki|Light Screen|p2a: Klefki\n|-sidestart|p2: klatuu|move: Light Screen\n|move|p1b: Gyarados|Taunt|p2a: Klefki\n|-start|p2a: Klefki|move: Taunt\n|\n|upkeep\n|turn|8\n|\n|t:|1683201707\n|move|p1a: Murkrow|Tailwind|p1a: Murkrow\n|-sidestart|p1: sheevp|move: Tailwind\n|move|p2a: Klefki|Dazzling Gleam|p1b: Gyarados|[spread] p1a,p1b\n|-supereffective|p1a: Murkrow\n|-resisted|p1b: Gyarados\n|-damage|p1a: Murkrow|72\/100\n|-damage|p1b: Gyarados|27\/100 par\n|move|p1b: Gyarados|Waterfall|p2a: Klefki\n|-damage|p2a: Klefki|32\/100\n|move|p2b: Gyarados|Waterfall|p1a: Murkrow\n|-damage|p1a: Murkrow|23\/100\n|\n|-sideend|p2: klatuu|Reflect\n|upkeep\n|turn|9\n|\n|t:|1683201725\n|move|p1a: Murkrow|Foul Play|p2b: Gyarados\n|-damage|p2b: Gyarados|60\/100 par\n|move|p2a: Klefki|Dazzling Gleam|p1b: Gyarados|[spread] p1a,p1b\n|-supereffective|p1a: Murkrow\n|-resisted|p1b: Gyarados\n|-damage|p1a: Murkrow|0 fnt\n|-damage|p1b: Gyarados|20\/100 par\n|faint|p1a: Murkrow\n|cant|p1b: Gyarados|par\n|move|p2b: Gyarados|Waterfall|p1b: Gyarados\n|-damage|p1b: Gyarados|0 fnt\n|faint|p1b: Gyarados\n|\n|upkeep\n|\n|t:|1683201732\n|switch|p1b: Flutter Mane|Flutter Mane, L50|85\/100\n|turn|10\n|\n|t:|1683201747\n|move|p1b: Flutter Mane|Dazzling Gleam|p2a: Klefki|[spread] p2a,p2b\n|-resisted|p2a: Klefki\n|-damage|p2a: Klefki|15\/100\n|-damage|p2b: Gyarados|35\/100 par\n|move|p2a: Klefki|Dazzling Gleam|p1b: Flutter Mane\n|-damage|p1b: Flutter Mane|63\/100\n|move|p2b: Gyarados|Waterfall|p1b: Flutter Mane\n|-damage|p1b: Flutter Mane|0 fnt\n|faint|p1b: Flutter Mane\n|-end|p1b: Flutter Mane|Protosynthesis|[silent]\n|\n|win|klatuu\n|raw|sheevp's rating: 1435 → 1419<\/strong> (-16 for losing)\n|raw|klatuu's rating: 1508 → 1524<\/strong> (+16 for winning)\n|l|\u2606sheevp\n","uploadtime":1683201762,"views":7,"p1id":"sheevp","p2id":"klatuu","formatid":"gen9vgc2023regulationc","rating":1419,"private":0,"password":""}