{"id":"gen9vgc2023regulationc-1848979202","p1":"Kirizoaro","p2":"Luxiox5","format":"[Gen 9] VGC 2023 Regulation C","log":"|j|\u2606Kirizoaro\n|j|\u2606Luxiox5\n|t:|1682133914\n|gametype|doubles\n|player|p1|Kirizoaro|lance|1000\n|player|p2|Luxiox5|265|1038\n|teamsize|p1|6\n|teamsize|p2|6\n|gen|9\n|tier|[Gen 9] VGC 2023 Regulation C\n|rated|\n|rule|Species Clause: Limit one of each Pok\u00e9mon\n|rule|Item Clause: Limit one of each item\n|clearpoke\n|poke|p1|Dondozo, L50, M|\n|poke|p1|Tatsugiri-Stretchy, L50, M|\n|poke|p1|Chi-Yu, L50|\n|poke|p1|Flutter Mane, L50|\n|poke|p1|Dragonite, L50, F|\n|poke|p1|Glimmora, L50, M|\n|poke|p2|Pelipper, L50, M|\n|poke|p2|Barraskewda, L50, M|\n|poke|p2|Dragapult, L50, M|\n|poke|p2|Abomasnow, L50, M|\n|poke|p2|Gengar, L50, F|\n|poke|p2|Corviknight, L50, F|\n|teampreview|4\n|\n|t:|1682133948\n|start\n|switch|p1a: Glimmora|Glimmora, L50, M|100\/100\n|switch|p1b: Tatsugiri|Tatsugiri-Stretchy, L50, M|100\/100\n|switch|p2a: Abomasnow|Abomasnow, L50, M|100\/100\n|switch|p2b: Gengar|Gengar, L50, F|100\/100\n|-weather|Snow|[from] ability: Snow Warning|[of] p2a: Abomasnow\n|turn|1\n|\n|t:|1682133965\n|move|p2b: Gengar|Icy Wind|p1a: Glimmora|[spread] p1a,p1b\n|-damage|p1a: Glimmora|81\/100\n|-damage|p1b: Tatsugiri|82\/100\n|-unboost|p1a: Glimmora|spe|1\n|-unboost|p1b: Tatsugiri|spe|1\n|move|p1a: Glimmora|Toxic|p2a: Abomasnow\n|-status|p2a: Abomasnow|tox\n|move|p2a: Abomasnow|Aurora Veil|p2a: Abomasnow\n|-sidestart|p2: Luxiox5|move: Aurora Veil\n|move|p1b: Tatsugiri|Muddy Water|p2a: Abomasnow|[spread] p2a,p2b\n|-resisted|p2a: Abomasnow\n|-damage|p2a: Abomasnow|82\/100 tox\n|-damage|p2b: Gengar|39\/100\n|-unboost|p2a: Abomasnow|accuracy|1\n|\n|-weather|Snow|[upkeep]\n|-damage|p2a: Abomasnow|76\/100 tox|[from] psn\n|upkeep\n|turn|2\n|\n|t:|1682134008\n|switch|p2b: Barraskewda|Barraskewda, L50, M|100\/100\n|switch|p1b: Dondozo|Dondozo, L50, M|100\/100\n|move|p1a: Glimmora|Spiky Shield|p1a: Glimmora\n|-singleturn|p1a: Glimmora|move: Protect\n|move|p2a: Abomasnow|Blizzard|p1b: Dondozo|[spread] p1b\n|-activate|p1a: Glimmora|move: Protect\n|-resisted|p1b: Dondozo\n|-damage|p1b: Dondozo|92\/100\n|\n|-weather|Snow|[upkeep]\n|-damage|p2a: Abomasnow|64\/100 tox|[from] psn\n|upkeep\n|turn|3\n|\n|t:|1682134043\n|switch|p2b: Gengar|Gengar, L50, F|39\/100\n|switch|p1a: Tatsugiri|Tatsugiri-Stretchy, L50, M|82\/100\n|move|p2a: Abomasnow|Blizzard|p1a: Tatsugiri|[spread] p1a,p1b\n|-resisted|p1b: Dondozo\n|-damage|p1a: Tatsugiri|56\/100\n|-damage|p1b: Dondozo|84\/100\n|-status|p1b: Dondozo|frz\n|cant|p1b: Dondozo|frz\n|\n|-weather|Snow|[upkeep]\n|-damage|p2a: Abomasnow|46\/100 tox|[from] psn\n|upkeep\n|turn|4\n|\n|t:|1682134067\n|move|p2b: Gengar|Shadow Ball|p1a: Tatsugiri\n|-damage|p1a: Tatsugiri|8\/100\n|move|p1a: Tatsugiri|Muddy Water|p2b: Gengar|[spread] p2a,p2b\n|-resisted|p2a: Abomasnow\n|-damage|p2a: Abomasnow|29\/100 tox\n|-damage|p2b: Gengar|0 fnt\n|faint|p2b: Gengar\n|move|p2a: Abomasnow|Energy Ball|p1a: Tatsugiri\n|-damage|p1a: Tatsugiri|0 fnt\n|faint|p1a: Tatsugiri\n|cant|p1b: Dondozo|frz\n|\n|-weather|Snow|[upkeep]\n|-damage|p2a: Abomasnow|5\/100 tox|[from] psn\n|upkeep\n|\n|t:|1682134081\n|switch|p2b: Pelipper|Pelipper, L50, M|100\/100\n|switch|p1a: Glimmora|Glimmora, L50, M|81\/100\n|-weather|RainDance|[from] ability: Drizzle|[of] p2b: Pelipper\n|turn|5\n|\n|t:|1682134100\n|move|p1a: Glimmora|Spiky Shield|p1a: Glimmora\n|-singleturn|p1a: Glimmora|move: Protect\n|move|p2b: Pelipper|Tailwind|p2b: Pelipper\n|-sidestart|p2: Luxiox5|move: Tailwind\n|move|p2a: Abomasnow|Energy Ball|p1a: Glimmora\n|-activate|p1a: Glimmora|move: Protect\n|-curestatus|p1b: Dondozo|frz|[msg]\n|move|p1b: Dondozo|Yawn|p2b: Pelipper\n|-start|p2b: Pelipper|move: Yawn|[of] p1b: Dondozo\n|\n|-weather|RainDance|[upkeep]\n|-damage|p2a: Abomasnow|0 fnt|[from] psn\n|faint|p2a: Abomasnow\n|-sideend|p2: Luxiox5|move: Aurora Veil\n|upkeep\n|\n|t:|1682134113\n|switch|p2a: Barraskewda|Barraskewda, L50, M|100\/100\n|turn|6\n|\n|t:|1682134123\n|-terastallize|p2a: Barraskewda|Dragon\n|move|p2b: Pelipper|Wide Guard|p2b: Pelipper\n|-singleturn|p2b: Pelipper|Wide Guard\n|move|p2a: Barraskewda|Liquidation|p1a: Glimmora\n|-supereffective|p1a: Glimmora\n|-damage|p1a: Glimmora|0 fnt\n|-activate|p1a: Glimmora|ability: Toxic Debris\n|-sidestart|p2: Luxiox5|move: Toxic Spikes\n|faint|p1a: Glimmora\n|-damage|p2a: Barraskewda|91\/100|[from] item: Life Orb\n|move|p1b: Dondozo|Yawn|p2a: Barraskewda\n|-start|p2a: Barraskewda|move: Yawn|[of] p1b: Dondozo\n|\n|-weather|RainDance|[upkeep]\n|-end|p2b: Pelipper|move: Yawn|[silent]\n|-status|p2b: Pelipper|slp\n|upkeep\n|\n|t:|1682134134\n|switch|p1a: Flutter Mane|Flutter Mane, L50|100\/100\n|-enditem|p1a: Flutter Mane|Booster Energy\n|-activate|p1a: Flutter Mane|ability: Protosynthesis|[fromitem]\n|-start|p1a: Flutter Mane|protosynthesisspe\n|turn|7\n|\n|t:|1682134151\n|move|p1a: Flutter Mane|Protect|p1a: Flutter Mane\n|-singleturn|p1a: Flutter Mane|Protect\n|move|p2a: Barraskewda|Liquidation|p1a: Flutter Mane\n|-activate|p1a: Flutter Mane|move: Protect\n|cant|p2b: Pelipper|slp\n|move|p1b: Dondozo|Bulldoze|p2b: Pelipper|[spread] p2a\n|-activate|p1a: Flutter Mane|move: Protect\n|-immune|p2b: Pelipper\n|-damage|p2a: Barraskewda|70\/100\n|-unboost|p2a: Barraskewda|spe|1\n|\n|-weather|RainDance|[upkeep]\n|-end|p2a: Barraskewda|move: Yawn|[silent]\n|-status|p2a: Barraskewda|slp\n|upkeep\n|turn|8\n|\n|t:|1682134186\n|-terastallize|p1a: Flutter Mane|Steel\n|cant|p2a: Barraskewda|slp\n|move|p1a: Flutter Mane|Hex|p2a: Barraskewda\n|-damage|p2a: Barraskewda|0 fnt\n|faint|p2a: Barraskewda\n|cant|p2b: Pelipper|slp\n|move|p1b: Dondozo|Yawn||[still]\n|-fail|p1b: Dondozo\n|\n|-weather|RainDance|[upkeep]\n|-sideend|p2: Luxiox5|move: Tailwind\n|upkeep\n|turn|9\n|\n|t:|1682134199\n|move|p1a: Flutter Mane|Substitute|p1a: Flutter Mane\n|-start|p1a: Flutter Mane|Substitute\n|-damage|p1a: Flutter Mane|76\/100\n|cant|p2b: Pelipper|slp\n|move|p1b: Dondozo|Yawn||[still]\n|-fail|p1b: Dondozo\n|\n|-weather|RainDance|[upkeep]\n|upkeep\n|turn|10\n|-message|Luxiox5 forfeited.\n|\n|win|Kirizoaro\n|raw|Kirizoaro's rating: 1000 → 1044<\/strong> (+44 for winning)\n|raw|Luxiox5's rating: 1038 → 1021<\/strong> (-17 for losing)\n|l|\u2606Luxiox5\n","uploadtime":1682134208,"views":11,"p1id":"kirizoaro","p2id":"luxiox5","formatid":"gen9vgc2023regulationc","rating":1021,"private":0,"password":""}