{"id":"gen9vgc2023regulationc-1845559617","p1":"FreeHenry","p2":"Daviron1","format":"[Gen 9] VGC 2023 Regulation C","log":"|j|\u2606FreeHenry\n|j|\u203dDaviron1\n|t:|1681745004\n|gametype|doubles\n|player|p1|FreeHenry|steven|1203\n|player|p2|Daviron1|volkner|1215\n|teamsize|p1|6\n|teamsize|p2|6\n|gen|9\n|tier|[Gen 9] VGC 2023 Regulation C\n|rated|\n|rule|Species Clause: Limit one of each Pok\u00e9mon\n|rule|Item Clause: Limit one of each item\n|clearpoke\n|poke|p1|Annihilape, L50, M|\n|poke|p1|Amoonguss, L50, F|\n|poke|p1|Arcanine, L50, F|\n|poke|p1|Flutter Mane, L50|\n|poke|p1|Palafin, L50, F|\n|poke|p1|Roaring Moon, L50|\n|poke|p2|Amoonguss, L50, M|\n|poke|p2|Ting-Lu, L50|\n|poke|p2|Flutter Mane, L50|\n|poke|p2|Palafin, L50, M|\n|poke|p2|Annihilape, L50, M|\n|poke|p2|Roaring Moon, L50|\n|teampreview|4\nFreeHenry has agreed to open team sheets.\nDaviron1 has agreed to open team sheets.\n|inactive|Battle timer is ON: inactive players will automatically lose when time's up. (requested by Daviron1)\n|\n|t:|1681745091\n|start\n|switch|p1a: Flutter Mane|Flutter Mane, L50|100\/100\n|switch|p1b: Roaring Moon|Roaring Moon, L50|100\/100\n|switch|p2a: Annihilape|Annihilape, L50, M|100\/100\n|switch|p2b: Roaring Moon|Roaring Moon, L50|100\/100\n|-enditem|p2b: Roaring Moon|Booster Energy\n|-activate|p2b: Roaring Moon|ability: Protosynthesis|[fromitem]\n|-start|p2b: Roaring Moon|protosynthesisatk\n|-enditem|p1b: Roaring Moon|Booster Energy\n|-activate|p1b: Roaring Moon|ability: Protosynthesis|[fromitem]\n|-start|p1b: Roaring Moon|protosynthesisatk\n|turn|1\n|inactive|Daviron1 has 30 seconds left.\n|inactive|FreeHenry has 30 seconds left.\n|\n|t:|1681745123\n|-terastallize|p2a: Annihilape|Fire\n|move|p1a: Flutter Mane|Protect|p1a: Flutter Mane\n|-singleturn|p1a: Flutter Mane|Protect\n|move|p2b: Roaring Moon|Protect|p2b: Roaring Moon\n|-singleturn|p2b: Roaring Moon|Protect\n|move|p1b: Roaring Moon|Tailwind|p1b: Roaring Moon\n|-sidestart|p1: FreeHenry|move: Tailwind\n|move|p2a: Annihilape|Bulk Up|p2a: Annihilape\n|-boost|p2a: Annihilape|atk|1\n|-boost|p2a: Annihilape|def|1\n|\n|upkeep\n|turn|2\n|inactive|FreeHenry has 30 seconds left.\n|inactive|Daviron1 has 30 seconds left.\n|inactive|FreeHenry has 20 seconds left.\n|inactive|FreeHenry has 15 seconds left.\n|inactive|FreeHenry has 10 seconds left.\n|inactive|FreeHenry has 5 seconds left.\n|\n|t:|1681745174\n|-end|p1b: Roaring Moon|Protosynthesis|[silent]\n|switch|p1b: Amoonguss|Amoonguss, L50, F|100\/100\n|-end|p2b: Roaring Moon|Protosynthesis|[silent]\n|switch|p2b: Amoonguss|Amoonguss, L50, M|100\/100\n|move|p1a: Flutter Mane|Moonblast|p2b: Amoonguss\n|-resisted|p2b: Amoonguss\n|-damage|p2b: Amoonguss|79\/100\n|-unboost|p2b: Amoonguss|spa|1\n|move|p2a: Annihilape|Rage Fist|p1a: Flutter Mane\n|-supereffective|p1a: Flutter Mane\n|-enditem|p1a: Flutter Mane|Focus Sash\n|-damage|p1a: Flutter Mane|1\/100\n|\n|upkeep\n|turn|3\n|inactive|Daviron1 has 30 seconds left.\n|\n|t:|1681745203\n|move|p2b: Amoonguss|Rage Powder|p2b: Amoonguss\n|-singleturn|p2b: Amoonguss|move: Rage Powder\n|move|p1a: Flutter Mane|Shadow Ball|p2b: Amoonguss\n|-damage|p2b: Amoonguss|40\/100\n|-enditem|p2b: Amoonguss|Sitrus Berry|[eat]\n|-heal|p2b: Amoonguss|64\/100|[from] item: Sitrus Berry\n|move|p2a: Annihilape|Rage Fist|p1a: Flutter Mane\n|-supereffective|p1a: Flutter Mane\n|-damage|p1a: Flutter Mane|0 fnt\n|faint|p1a: Flutter Mane\n|-end|p1a: Flutter Mane|Protosynthesis|[silent]\n|move|p1b: Amoonguss|Spore|p2a: Annihilape\n|-status|p2a: Annihilape|slp|[from] move: Spore\n|\n|upkeep\n|\n|t:|1681745217\n|switch|p1a: Annihilape|Annihilape, L50, M|100\/100\n|turn|4\n|\n|t:|1681745226\n|switch|p1b: Roaring Moon|Roaring Moon, L50|100\/100\n|move|p1a: Annihilape|Bulk Up|p1a: Annihilape\n|-boost|p1a: Annihilape|atk|1\n|-boost|p1a: Annihilape|def|1\n|cant|p2a: Annihilape|slp\n|move|p2b: Amoonguss|Spore|p1a: Annihilape\n|-activate|p1a: Annihilape|item: Safety Goggles|Spore\n|\n|-sideend|p1: FreeHenry|move: Tailwind\n|upkeep\n|turn|5\n|inactive|FreeHenry has 30 seconds left.\n|\n|t:|1681745256\n|-terastallize|p1a: Annihilape|Fire\n|move|p2b: Amoonguss|Protect|p2b: Amoonguss\n|-singleturn|p2b: Amoonguss|Protect\n|move|p1b: Roaring Moon|Acrobatics|p2b: Amoonguss\n|-activate|p2b: Amoonguss|move: Protect\n|-curestatus|p2a: Annihilape|slp|[msg]\n|move|p2a: Annihilape|Drain Punch|p1b: Roaring Moon\n|-supereffective|p1b: Roaring Moon\n|-damage|p1b: Roaring Moon|7\/100\n|move|p1a: Annihilape|Bulk Up|p1a: Annihilape\n|-boost|p1a: Annihilape|atk|1\n|-boost|p1a: Annihilape|def|1\n|\n|upkeep\n|turn|6\n|inactive|FreeHenry has 30 seconds left.\n|inactive|FreeHenry has 20 seconds left.\n|\n|t:|1681745294\n|move|p1b: Roaring Moon|Acrobatics|p2a: Annihilape\n|-damage|p2a: Annihilape|72\/100\n|move|p2a: Annihilape|Drain Punch|p1b: Roaring Moon\n|-supereffective|p1b: Roaring Moon\n|-damage|p1b: Roaring Moon|0 fnt\n|-heal|p2a: Annihilape|75\/100|[from] drain|[of] p1b: Roaring Moon\n|faint|p1b: Roaring Moon\n|-end|p1b: Roaring Moon|Protosynthesis|[silent]\n|move|p1a: Annihilape|Drain Punch|p2a: Annihilape\n|-damage|p2a: Annihilape|28\/100\n|move|p2b: Amoonguss|Pollen Puff|p2a: Annihilape\n|-heal|p2a: Annihilape|78\/100\n|\n|-heal|p2a: Annihilape|84\/100|[from] item: Leftovers\n|upkeep\n|\n|t:|1681745306\n|switch|p1b: Amoonguss|Amoonguss, L50, F|100\/100\n|turn|7\n|\n|t:|1681745327\n|switch|p2b: Roaring Moon|Roaring Moon, L50|100\/100\n|move|p2a: Annihilape|Protect|p2a: Annihilape\n|-singleturn|p2a: Annihilape|Protect\n|move|p1b: Amoonguss|Protect|p1b: Amoonguss\n|-singleturn|p1b: Amoonguss|Protect\n|move|p1a: Annihilape|Rage Fist|p2b: Roaring Moon\n|-resisted|p2b: Roaring Moon\n|-damage|p2b: Roaring Moon|70\/100\n|\n|-heal|p2a: Annihilape|89\/100|[from] item: Leftovers\n|upkeep\n|turn|8\n|inactive|FreeHenry has 30 seconds left.\n|\n|t:|1681745355\n|move|p1b: Amoonguss|Protect|p1b: Amoonguss\n|-singleturn|p1b: Amoonguss|Protect\n|move|p2b: Roaring Moon|Acrobatics|p1b: Amoonguss\n|-activate|p1b: Amoonguss|move: Protect\n|move|p2a: Annihilape|Bulk Up|p2a: Annihilape\n|-boost|p2a: Annihilape|atk|1\n|-boost|p2a: Annihilape|def|1\n|move|p1a: Annihilape|Drain Punch|p2b: Roaring Moon\n|-supereffective|p2b: Roaring Moon\n|-damage|p2b: Roaring Moon|0 fnt\n|faint|p2b: Roaring Moon\n|-end|p2b: Roaring Moon|Protosynthesis|[silent]\n|\n|-heal|p2a: Annihilape|95\/100|[from] item: Leftovers\n|upkeep\n|\n|t:|1681745372\n|switch|p2b: Amoonguss|Amoonguss, L50, M|97\/100\n|turn|9\n|\n|t:|1681745387\n|move|p2a: Annihilape|Bulk Up|p2a: Annihilape\n|-boost|p2a: Annihilape|atk|1\n|-boost|p2a: Annihilape|def|1\n|move|p1a: Annihilape|Rage Fist|p2b: Amoonguss\n|-damage|p2b: Amoonguss|65\/100\n|move|p1b: Amoonguss|Spore|p2a: Annihilape\n|-status|p2a: Annihilape|slp|[from] move: Spore\n|move|p2b: Amoonguss|Pollen Puff|p2a: Annihilape\n|-heal|p2a: Annihilape|100\/100 slp\n|\n|upkeep\n|turn|10\n|\n|t:|1681745412\n|switch|p2b: Ting-Lu|Ting-Lu, L50|100\/100\n|-ability|p2b: Ting-Lu|Vessel of Ruin\n|cant|p2a: Annihilape|slp\n|move|p1a: Annihilape|Bulk Up|p1a: Annihilape\n|-boost|p1a: Annihilape|atk|1\n|-boost|p1a: Annihilape|def|1\n|move|p1b: Amoonguss|Pollen Puff|p2b: Ting-Lu\n|-supereffective|p2b: Ting-Lu\n|-damage|p2b: Ting-Lu|85\/100\n|\n|upkeep\n|turn|11\n|\n|t:|1681745432\n|switch|p2b: Amoonguss|Amoonguss, L50, M|98\/100\n|-curestatus|p2a: Annihilape|slp|[msg]\n|move|p2a: Annihilape|Bulk Up|p2a: Annihilape\n|-boost|p2a: Annihilape|atk|1\n|-boost|p2a: Annihilape|def|1\n|move|p1a: Annihilape|Bulk Up|p1a: Annihilape\n|-boost|p1a: Annihilape|atk|1\n|-boost|p1a: Annihilape|def|1\n|move|p1b: Amoonguss|Spore|p2b: Amoonguss\n|-immune|p2b: Amoonguss\n|\n|upkeep\n|turn|12\n|\n|t:|1681745456\n|move|p1b: Amoonguss|Protect|p1b: Amoonguss\n|-singleturn|p1b: Amoonguss|Protect\n|move|p2b: Amoonguss|Protect|p2b: Amoonguss\n|-singleturn|p2b: Amoonguss|Protect\n|move|p2a: Annihilape|Rage Fist|p1b: Amoonguss\n|-activate|p1b: Amoonguss|move: Protect\n|move|p1a: Annihilape|Drain Punch|p2a: Annihilape\n|-crit|p2a: Annihilape\n|-damage|p2a: Annihilape|0 fnt\n|faint|p2a: Annihilape\n|\n|upkeep\n|c|\u2606FreeHenry|oof\n|\n|t:|1681745471\n|switch|p2a: Ting-Lu|Ting-Lu, L50|85\/100\n|-ability|p2a: Ting-Lu|Vessel of Ruin\n|turn|13\n|c|\u2606FreeHenry|sry\n|inactive|FreeHenry has 30 seconds left.\n|\n|t:|1681745497\n|move|p1b: Amoonguss|Rage Powder|p1b: Amoonguss\n|-singleturn|p1b: Amoonguss|move: Rage Powder\n|move|p1a: Annihilape|Drain Punch|p2a: Ting-Lu\n|-supereffective|p2a: Ting-Lu\n|-damage|p2a: Ting-Lu|0 fnt\n|faint|p2a: Ting-Lu\n|move|p2b: Amoonguss|Pollen Puff|p2: Ting-Lu|[notarget]\n|-fail|p2b: Amoonguss\n|\n|upkeep\n|turn|14\n|-message|Daviron1 forfeited.\n|\n|win|FreeHenry\n|raw|FreeHenry's rating: 1203 → 1229<\/strong> (+26 for winning)\n|raw|Daviron1's rating: 1215 → 1189<\/strong> (-26 for losing)\n|l|\u203dDaviron1\n","uploadtime":1681746598,"views":15,"p1id":"freehenry","p2id":"daviron1","formatid":"gen9vgc2023regulationc","rating":1189,"private":0,"password":""}