{"id":"gen9vgc2023regulationc-1851482592","p1":"jeffman323","p2":"pokemon_and_beer","format":"[Gen 9] VGC 2023 Regulation C","log":"|j|\u2606jeffman323\n|j|\u2606pokemon_and_beer\n|t:|1682448774\n|gametype|doubles\n|player|p1|jeffman323|steven|1612\n|player|p2|pokemon_and_beer|norman|1546\n|teamsize|p1|6\n|teamsize|p2|6\n|gen|9\n|tier|[Gen 9] VGC 2023 Regulation C\n|rated|\n|rule|Species Clause: Limit one of each Pok\u00e9mon\n|rule|Item Clause: Limit one of each item\n|clearpoke\n|poke|p1|Hatterene, L50, F|\n|poke|p1|Azumarill, L50, F|\n|poke|p1|Torkoal, L50, M|\n|poke|p1|Kingambit, L50, F|\n|poke|p1|Iron Hands, L50|\n|poke|p1|Stantler, L50, M|\n|poke|p2|Flutter Mane, L50|\n|poke|p2|Iron Bundle, L50|\n|poke|p2|Amoonguss, L50, F|\n|poke|p2|Kingambit, L50, M|\n|poke|p2|Dragonite, L50, F|\n|poke|p2|Arcanine, L50, M|\n|teampreview|4\njeffman323 has agreed to open team sheets.\n|c|\u2606pokemon_and_beer|gl hf\npokemon_and_beer has agreed to open team sheets.\n|j| BigGooner\n|l| BigGooner\n|j| Withoutexcuse\n|inactive|Battle timer is ON: inactive players will automatically lose when time's up. (requested by pokemon_and_beer)\n|inactive|pokemon_and_beer has 60 seconds left.\n|\n|t:|1682448874\n|start\n|switch|p1a: Iron Hands|Iron Hands, L50|100\/100\n|switch|p1b: Stantler|Stantler, L50, M|100\/100\n|switch|p2a: Amoonguss|Amoonguss, L50, F|100\/100\n|switch|p2b: Flutter Mane|Flutter Mane, L50|100\/100\n|-ability|p1b: Stantler|Intimidate|boost\n|-unboost|p2a: Amoonguss|atk|1\n|-unboost|p2b: Flutter Mane|atk|1\n|turn|1\n|\n|t:|1682448896\n|-terastallize|p2b: Flutter Mane|Fairy\n|move|p1a: Iron Hands|Fake Out|p2a: Amoonguss\n|-damage|p2a: Amoonguss|88\/100\n|move|p2b: Flutter Mane|Moonblast|p1a: Iron Hands\n|-supereffective|p1a: Iron Hands\n|-damage|p1a: Iron Hands|18\/100\n|cant|p2a: Amoonguss|flinch\n|move|p1b: Stantler|Trick Room|p1b: Stantler\n|-fieldstart|move: Trick Room|[of] p1b: Stantler\n|\n|upkeep\n|turn|2\n|\n|t:|1682448914\n|-end|p1a: Iron Hands|Quark Drive|[silent]\n|switch|p1a: Hatterene|Hatterene, L50, F|100\/100\n|move|p2b: Flutter Mane|Protect|p2b: Flutter Mane\n|-singleturn|p2b: Flutter Mane|Protect\n|move|p2a: Amoonguss|Spore|p1a: Hatterene\n|move|p1a: Hatterene|Spore|p2a: Amoonguss|[from]ability: Magic Bounce\n|-immune|p2a: Amoonguss\n|move|p1b: Stantler|Light Screen|p1b: Stantler\n|-sidestart|p1: jeffman323|move: Light Screen\n|\n|upkeep\n|turn|3\n|\n|t:|1682448930\n|-end|p2b: Flutter Mane|Protosynthesis|[silent]\n|switch|p2b: Arcanine|Arcanine, L50, M|100\/100\n|-ability|p2b: Arcanine|Intimidate|boost\n|-unboost|p1a: Hatterene|atk|1\n|-unboost|p1b: Stantler|atk|1\n|move|p1b: Stantler|Helping Hand|p1a: Hatterene\n|-singleturn|p1a: Hatterene|Helping Hand|[of] p1b: Stantler\n|move|p1a: Hatterene|Psychic|p2a: Amoonguss\n|-supereffective|p2a: Amoonguss\n|-damage|p2a: Amoonguss|0 fnt\n|faint|p2a: Amoonguss\n|\n|upkeep\n|\n|t:|1682448943\n|switch|p2a: Dragonite|Dragonite, L50, F|100\/100\n|turn|4\n|\n|t:|1682448962\n|move|p2a: Dragonite|Extreme Speed|p1a: Hatterene\n|-damage|p1a: Hatterene|68\/100\n|move|p2b: Arcanine|Extreme Speed|p1a: Hatterene\n|-damage|p1a: Hatterene|46\/100\n|move|p1a: Hatterene|Dazzling Gleam|p2a: Dragonite|[spread] p2a,p2b\n|-supereffective|p2a: Dragonite\n|-resisted|p2b: Arcanine\n|-damage|p2a: Dragonite|70\/100\n|-damage|p2b: Arcanine|82\/100\n|move|p1b: Stantler|Reflect|p1b: Stantler\n|-sidestart|p1: jeffman323|Reflect\n|\n|upkeep\n|turn|5\n|\n|t:|1682448984\n|move|p1b: Stantler|Helping Hand|p1a: Hatterene\n|-singleturn|p1a: Hatterene|Helping Hand|[of] p1b: Stantler\n|move|p2a: Dragonite|Extreme Speed|p1a: Hatterene\n|-damage|p1a: Hatterene|23\/100\n|move|p1a: Hatterene|Dazzling Gleam|p2a: Dragonite|[spread] p2a,p2b\n|-supereffective|p2a: Dragonite\n|-resisted|p2b: Arcanine\n|-damage|p2a: Dragonite|0 fnt\n|-damage|p2b: Arcanine|53\/100\n|faint|p2a: Dragonite\n|move|p2b: Arcanine|Howl|p2b: Arcanine\n|-boost|p2b: Arcanine|atk|1\n|\n|-fieldend|move: Trick Room\n|upkeep\n|\n|t:|1682448995\n|switch|p2a: Flutter Mane|Flutter Mane, L50, tera:Fairy|100\/100\n|turn|6\n|\n|t:|1682449014\n|move|p2a: Flutter Mane|Dazzling Gleam|p1a: Hatterene|[spread] p1a,p1b\n|-damage|p1a: Hatterene|0 fnt\n|-damage|p1b: Stantler|83\/100\n|faint|p1a: Hatterene\n|move|p2b: Arcanine|Flare Blitz|p1b: Stantler\n|-damage|p1b: Stantler|37\/100\n|-damage|p2b: Arcanine|40\/100|[from] Recoil\n|move|p1b: Stantler|Trick Room|p1b: Stantler\n|-fieldstart|move: Trick Room|[of] p1b: Stantler\n|\n|-sideend|p1: jeffman323|move: Light Screen\n|upkeep\n|\n|t:|1682449025\n|switch|p1a: Torkoal|Torkoal, L50, M|100\/100\n|-weather|SunnyDay|[from] ability: Drought|[of] p1a: Torkoal\n|-activate|p2a: Flutter Mane|ability: Protosynthesis\n|-start|p2a: Flutter Mane|protosynthesisspe\n|turn|7\n|\n|t:|1682449032\n|-terastallize|p1a: Torkoal|Fire\n|move|p1b: Stantler|Helping Hand|p1a: Torkoal\n|-singleturn|p1a: Torkoal|Helping Hand|[of] p1b: Stantler\n|move|p2a: Flutter Mane|Protect|p2a: Flutter Mane\n|-singleturn|p2a: Flutter Mane|Protect\n|move|p2b: Arcanine|Extreme Speed|p1a: Torkoal\n|-damage|p1a: Torkoal|85\/100\n|move|p1a: Torkoal|Eruption|p2b: Arcanine|[spread] p2b\n|-activate|p2a: Flutter Mane|move: Protect\n|-resisted|p2b: Arcanine\n|-damage|p2b: Arcanine|0 fnt\n|faint|p2b: Arcanine\n|\n|-weather|SunnyDay|[upkeep]\n|upkeep\n|turn|8\n|-message|pokemon_and_beer forfeited.\n|\n|win|jeffman323\n|raw|jeffman323's rating: 1612 → 1628<\/strong> (+16 for winning)\n|raw|pokemon_and_beer's rating: 1546 → 1530<\/strong> (-16 for losing)\n|l|\u2606pokemon_and_beer\n","uploadtime":1682449043,"views":10,"p1id":"jeffman323","p2id":"pokemonandbeer","formatid":"gen9vgc2023regulationc","rating":1530,"private":0,"password":""}