{"id":"gen9vgc2023regulationc-1856131341","p1":"haha you rage quit","p2":"VeeGey","format":"[Gen 9] VGC 2023 Regulation C","log":"|j|\u2606haha you rage quit\n|j|\u2606VeeGey\n|t:|1683033448\n|gametype|doubles\n|player|p1|haha you rage quit|pokemaniac|1055\n|player|p2|VeeGey|170|1116\n|teamsize|p1|6\n|teamsize|p2|6\n|gen|9\n|tier|[Gen 9] VGC 2023 Regulation C\n|rated|\n|rule|Species Clause: Limit one of each Pok\u00e9mon\n|rule|Item Clause: Limit one of each item\n|clearpoke\n|poke|p1|Hariyama, L50, F|\n|poke|p1|Slowpoke, L50, M|\n|poke|p1|Indeedee-F, L50, F|\n|poke|p1|Torkoal, L50, F|\n|poke|p1|Arboliva, L50, M|\n|poke|p1|Gastrodon, L50, F|\n|poke|p2|Golduck, L50, M|\n|poke|p2|Pelipper, L50, M|\n|poke|p2|Barraskewda, L50, F|\n|poke|p2|Qwilfish, L50, F|\n|poke|p2|Gastrodon, L50, F|\n|poke|p2|Tsareena, L50, F|\n|teampreview|4\n|inactive|Battle timer is ON: inactive players will automatically lose when time's up. (requested by VeeGey)\n|inactive|haha you rage quit has 60 seconds left.\n|inactive|VeeGey has 60 seconds left.\n|\n|t:|1683033493\n|start\n|switch|p1a: Hariyama|Hariyama, L50, F, shiny|100\/100\n|switch|p1b: Slowpoke|Slowpoke, L50, M, shiny|100\/100\n|switch|p2a: Golduck|Golduck, L50, M, shiny|100\/100\n|switch|p2b: Barraskewda|Barraskewda, L50, F|100\/100\n|turn|1\n|inactive|haha you rage quit has 30 seconds left.\n|inactive|VeeGey has 30 seconds left.\n|inactive|VeeGey has 20 seconds left.\n|\n|t:|1683033529\n|switch|p2a: Tsareena|Tsareena, L50, F|100\/100\n|-terastallize|p2b: Barraskewda|Water\n|move|p1a: Hariyama|Fake Out||[still]\n|cant|p2a: Tsareena|ability: Queenly Majesty|Fake Out|[of] p1a: Hariyama\n|move|p2b: Barraskewda|Liquidation|p1a: Hariyama\n|-damage|p1a: Hariyama|12\/100\n|move|p1b: Slowpoke|Trick Room|p1b: Slowpoke\n|-fieldstart|move: Trick Room|[of] p1b: Slowpoke\n|\n|-status|p1a: Hariyama|brn|[from] item: Flame Orb\n|upkeep\n|turn|2\n|inactive|haha you rage quit has 30 seconds left.\n|\n|t:|1683033556\n|move|p1b: Slowpoke|Heal Pulse|p1a: Hariyama\n|-heal|p1a: Hariyama|62\/100 brn\n|move|p1a: Hariyama|Knock Off|p2b: Barraskewda\n|-damage|p2b: Barraskewda|10\/100\n|-enditem|p2b: Barraskewda|Choice Band|[from] move: Knock Off|[of] p1a: Hariyama\n|move|p2a: Tsareena|Trop Kick|p1b: Slowpoke\n|-supereffective|p1b: Slowpoke\n|-damage|p1b: Slowpoke|49\/100\n|-unboost|p1b: Slowpoke|atk|1\n|move|p2b: Barraskewda|Liquidation|p1a: Hariyama\n|-damage|p1a: Hariyama|7\/100 brn\n|\n|-damage|p1a: Hariyama|1\/100 brn|[from] brn\n|upkeep\n|turn|3\n|\n|t:|1683033581\n|move|p1b: Slowpoke|Heal Pulse|p1a: Hariyama\n|-heal|p1a: Hariyama|52\/100 brn\n|move|p1a: Hariyama|Knock Off|p2a: Tsareena\n|-damage|p2a: Tsareena|53\/100\n|-enditem|p2a: Tsareena|Assault Vest|[from] move: Knock Off|[of] p1a: Hariyama\n|move|p2a: Tsareena|Trop Kick|p1b: Slowpoke\n|-supereffective|p1b: Slowpoke\n|-damage|p1b: Slowpoke|0 fnt\n|faint|p1b: Slowpoke\n|move|p2b: Barraskewda|Liquidation|p1a: Hariyama\n|-damage|p1a: Hariyama|0 fnt\n|faint|p1a: Hariyama\n|\n|upkeep\n|\n|t:|1683033594\n|switch|p1b: Gastrodon|Gastrodon, L50, F, shiny|100\/100\n|switch|p1a: Torkoal|Torkoal, L50, F, shiny|100\/100\n|-weather|SunnyDay|[from] ability: Drought|[of] p1a: Torkoal\n|turn|4\n|\n|t:|1683033612\n|switch|p2a: Pelipper|Pelipper, L50, M|100\/100\n|-weather|RainDance|[from] ability: Drizzle|[of] p2a: Pelipper\n|-terastallize|p1a: Torkoal|Fire\n|move|p1a: Torkoal|Eruption|p2a: Pelipper|[spread] p2a,p2b\n|-resisted|p2a: Pelipper\n|-resisted|p2b: Barraskewda\n|-damage|p2a: Pelipper|84\/100\n|-damage|p2b: Barraskewda|0 fnt\n|faint|p2b: Barraskewda\n|move|p1b: Gastrodon|Muddy Water|p2a: Pelipper\n|-resisted|p2a: Pelipper\n|-crit|p2a: Pelipper\n|-damage|p2a: Pelipper|27\/100\n|-damage|p1b: Gastrodon|91\/100|[from] item: Life Orb\n|\n|-weather|RainDance|[upkeep]\n|upkeep\n|\n|t:|1683033623\n|switch|p2b: Tsareena|Tsareena, L50, F|53\/100\n|turn|5\n|\n|t:|1683033632\n|move|p2a: Pelipper|Wide Guard|p2a: Pelipper\n|-singleturn|p2a: Pelipper|Wide Guard\n|move|p1a: Torkoal|Eruption|p2b: Tsareena|[spread] \n|-activate|p2a: Pelipper|move: Wide Guard\n|-activate|p2b: Tsareena|move: Wide Guard\n|move|p1b: Gastrodon|Ice Beam|p2b: Tsareena\n|-supereffective|p2b: Tsareena\n|-damage|p2b: Tsareena|0 fnt\n|faint|p2b: Tsareena\n|-damage|p1b: Gastrodon|81\/100|[from] item: Life Orb\n|\n|-weather|RainDance|[upkeep]\n|-fieldend|move: Trick Room\n|upkeep\n|\n|t:|1683033642\n|switch|p2b: Golduck|Golduck, L50, M, shiny|100\/100\n|turn|6\n|\n|t:|1683033650\n|move|p2b: Golduck|Grass Knot|p1b: Gastrodon\n|-supereffective|p1b: Gastrodon\n|-damage|p1b: Gastrodon|0 fnt\n|faint|p1b: Gastrodon\n|-damage|p2b: Golduck|91\/100|[from] item: Life Orb\n|move|p2a: Pelipper|Hurricane|p1a: Torkoal\n|-damage|p1a: Torkoal|53\/100\n|-start|p1a: Torkoal|confusion\n|-activate|p1a: Torkoal|confusion\n|move|p1a: Torkoal|Earth Power|p2b: Golduck\n|-damage|p2b: Golduck|55\/100\n|\n|-weather|RainDance|[upkeep]\n|upkeep\n|turn|7\n|-message|haha you rage quit forfeited.\n|\n|win|VeeGey\n|raw|haha you rage quit's rating: 1055 → 1040<\/strong> (-15 for losing)\n|raw|VeeGey's rating: 1116 → 1137<\/strong> (+21 for winning)\n|l|\u2606haha you rage quit\n|c|\u2606VeeGey|Gg\n","uploadtime":1683033669,"views":4,"p1id":"hahayouragequit","p2id":"veegey","formatid":"gen9vgc2023regulationc","rating":1040,"private":0,"password":""}