{"id":"gen9vgc2023regulationc-1846147749","p1":"LT.Sentury","p2":"Karajony","format":"[Gen 9] VGC 2023 Regulation C","log":"|j|\u2606LT.Sentury\n|j|\u2606Karajony\n|t:|1681813671\n|gametype|doubles\n|player|p1|LT.Sentury|baker|1156\n|player|p2|Karajony|worker-gen4|1197\n|teamsize|p1|6\n|teamsize|p2|6\n|gen|9\n|tier|[Gen 9] VGC 2023 Regulation C\n|rated|\n|rule|Species Clause: Limit one of each Pok\u00e9mon\n|rule|Item Clause: Limit one of each item\n|clearpoke\n|poke|p1|Palafin, L50, M|\n|poke|p1|Amoonguss, L50, M|\n|poke|p1|Arcanine, L50, M|\n|poke|p1|Ting-Lu, L50|\n|poke|p1|Flutter Mane, L50|\n|poke|p1|Baxcalibur, L50, M|\n|poke|p2|Gyarados, L50, F|\n|poke|p2|Flutter Mane, L50|\n|poke|p2|Iron Hands, L50|\n|poke|p2|Baxcalibur, L50, F|\n|poke|p2|Scream Tail, L50|\n|poke|p2|Chi-Yu, L50|\n|teampreview|4\n|inactive|Battle timer is ON: inactive players will automatically lose when time's up. (requested by Karajony)\nLT.Sentury has agreed to open team sheets.\n|inactive|LT.Sentury has 60 seconds left.\n|inactive|LT.Sentury has 30 seconds left.\n|\n|t:|1681813738\n|start\n|switch|p1a: Palafin|Palafin, L50, M|100\/100\n|switch|p1b: Baxcalibur|Baxcalibur, L50, M|100\/100\n|switch|p2a: Iron Hands|Iron Hands, L50|100\/100\n|switch|p2b: Scream Tail|Scream Tail, L50|100\/100\n|turn|1\n|\n|t:|1681813761\n|detailschange|p1a: Palafin|Palafin-Hero, L50, M\n|switch|p1a: Arcanine|Arcanine, L50, M|100\/100\n|-ability|p1a: Arcanine|Intimidate|boost\n|-unboost|p2a: Iron Hands|atk|1\n|-unboost|p2b: Scream Tail|atk|1\n|move|p1b: Baxcalibur|Protect|p1b: Baxcalibur\n|-singleturn|p1b: Baxcalibur|Protect\n|move|p2b: Scream Tail|Play Rough|p1b: Baxcalibur\n|-activate|p1b: Baxcalibur|move: Protect\n|move|p2a: Iron Hands|Swords Dance|p2a: Iron Hands\n|-boost|p2a: Iron Hands|atk|2\n|\n|upkeep\n|turn|2\n|inactive|LT.Sentury has 30 seconds left.\n|inactive|Karajony has 30 seconds left.\n|\n|t:|1681813791\n|-terastallize|p1b: Baxcalibur|Poison\n|move|p2a: Iron Hands|Detect|p2a: Iron Hands\n|-singleturn|p2a: Iron Hands|Protect\n|move|p2b: Scream Tail|Encore|p1b: Baxcalibur\n|-start|p1b: Baxcalibur|Encore\n|move|p1b: Baxcalibur|Protect||[still]\n|-fail|p1b: Baxcalibur\n|move|p1a: Arcanine|Will-O-Wisp|p2a: Iron Hands\n|-activate|p2a: Iron Hands|move: Protect\n|\n|upkeep\n|turn|3\n|\n|t:|1681813807\n|switch|p1b: Ting-Lu|Ting-Lu, L50|100\/100\n|-ability|p1b: Ting-Lu|Vessel of Ruin\n|move|p2b: Scream Tail|Disable|p1a: Arcanine\n|-start|p1a: Arcanine|Disable|Will-O-Wisp\n|cant|p1a: Arcanine|Disable|Will-O-Wisp\n|move|p2a: Iron Hands|Drain Punch|p1a: Arcanine\n|-damage|p1a: Arcanine|33\/100\n|\n|upkeep\n|turn|4\n|\n|t:|1681813827\n|move|p2b: Scream Tail|Encore|p1a: Arcanine\n|-start|p1a: Arcanine|Encore\n|cant|p1a: Arcanine|Disable|Will-O-Wisp\n|move|p2a: Iron Hands|Drain Punch|p1b: Ting-Lu\n|-supereffective|p1b: Ting-Lu\n|-damage|p1b: Ting-Lu|30\/100\n|move|p1b: Ting-Lu|Heavy Slam|p2b: Scream Tail\n|-supereffective|p2b: Scream Tail\n|-damage|p2b: Scream Tail|48\/100\n|\n|upkeep\n|turn|5\n|inactive|Karajony has 30 seconds left.\n|\n|t:|1681813855\n|-end|p2b: Scream Tail|Protosynthesis|[silent]\n|switch|p2b: Gyarados|Gyarados, L50, F|100\/100\n|-ability|p2b: Gyarados|Intimidate|boost\n|-unboost|p1a: Arcanine|atk|1\n|-unboost|p1b: Ting-Lu|atk|1\n|switch|p1a: Palafin|Palafin-Hero, L50, M|100\/100\n|-activate|p1a: Palafin|ability: Zero to Hero\n|switch|p1b: Baxcalibur|Baxcalibur, L50, M, tera:Poison|100\/100\n|move|p2a: Iron Hands|Wild Charge|p1a: Palafin\n|-supereffective|p1a: Palafin\n|-damage|p1a: Palafin|0 fnt\n|faint|p1a: Palafin\n|-damage|p2a: Iron Hands|79\/100|[from] Recoil\n|\n|-heal|p2a: Iron Hands|85\/100|[from] item: Leftovers\n|upkeep\n|\n|t:|1681813872\n|switch|p1a: Arcanine|Arcanine, L50, M|33\/100\n|-ability|p1a: Arcanine|Intimidate|boost\n|-unboost|p2a: Iron Hands|atk|1\n|-unboost|p2b: Gyarados|atk|1\n|turn|6\n|\n|t:|1681813889\n|switch|p2b: Scream Tail|Scream Tail, L50|48\/100\n|move|p2a: Iron Hands|Detect|p2a: Iron Hands\n|-singleturn|p2a: Iron Hands|Protect\n|move|p1b: Baxcalibur|Glaive Rush|p2b: Scream Tail\n|-immune|p2b: Scream Tail\n|move|p1a: Arcanine|Howl|p1a: Arcanine|[spread] p1a,p1b\n|-boost|p1a: Arcanine|atk|1\n|-boost|p1b: Baxcalibur|atk|1\n|\n|-heal|p2a: Iron Hands|91\/100|[from] item: Leftovers\n|upkeep\n|turn|7\n|inactive|Karajony has 30 seconds left.\n|\n|t:|1681813918\n|-end|p2a: Iron Hands|Quark Drive|[silent]\n|switch|p2a: Gyarados|Gyarados, L50, F|100\/100\n|-ability|p2a: Gyarados|Intimidate|boost\n|-unboost|p1a: Arcanine|atk|1\n|-fail|p1b: Baxcalibur|unboost|[from] item: Clear Amulet|[of] p1b: Baxcalibur\n|move|p1a: Arcanine|Extreme Speed|p2b: Scream Tail\n|-damage|p2b: Scream Tail|34\/100\n|move|p2b: Scream Tail|Encore|p1b: Baxcalibur\n|-start|p1b: Baxcalibur|Encore\n|move|p1b: Baxcalibur|Glaive Rush|p2a: Gyarados\n|-damage|p2a: Gyarados|0 fnt\n|-singlemove|p1b: Baxcalibur|Glaive Rush|[silent]\n|faint|p2a: Gyarados\n|\n|upkeep\n|\n|t:|1681813932\n|switch|p2a: Flutter Mane|Flutter Mane, L50|100\/100\n|-enditem|p2a: Flutter Mane|Booster Energy\n|-activate|p2a: Flutter Mane|ability: Protosynthesis|[fromitem]\n|-start|p2a: Flutter Mane|protosynthesisspe\n|turn|8\n|inactive|LT.Sentury has 30 seconds left.\n|inactive|Karajony has 30 seconds left.\n|inactive|LT.Sentury has 20 seconds left.\n|\n|t:|1681813969\n|-end|p2b: Scream Tail|Protosynthesis|[silent]\n|switch|p2b: Iron Hands|Iron Hands, L50|91\/100\n|switch|p1b: Ting-Lu|Ting-Lu, L50|30\/100\n|-ability|p1b: Ting-Lu|Vessel of Ruin\n|move|p2a: Flutter Mane|Shadow Ball|p1a: Arcanine\n|-damage|p1a: Arcanine|5\/100\n|move|p1a: Arcanine|Flare Blitz|p2b: Iron Hands\n|-damage|p2b: Iron Hands|58\/100\n|-damage|p1a: Arcanine|0 fnt|[from] Recoil\n|faint|p1a: Arcanine\n|\n|-heal|p2b: Iron Hands|65\/100|[from] item: Leftovers\n|upkeep\n|\n|t:|1681813983\n|switch|p1a: Baxcalibur|Baxcalibur, L50, M, tera:Poison|100\/100\n|turn|9\n|\n|t:|1681814003\n|move|p2a: Flutter Mane|Moonblast|p1b: Ting-Lu\n|-supereffective|p1b: Ting-Lu\n|-damage|p1b: Ting-Lu|0 fnt\n|faint|p1b: Ting-Lu\n|move|p1a: Baxcalibur|Icicle Crash|p2b: Iron Hands\n|-crit|p2b: Iron Hands\n|-damage|p2b: Iron Hands|8\/100\n|move|p2b: Iron Hands|Swords Dance|p2b: Iron Hands\n|-boost|p2b: Iron Hands|atk|2\n|\n|-heal|p2b: Iron Hands|15\/100|[from] item: Leftovers\n|upkeep\n|turn|10\n|\n|t:|1681814023\n|move|p1a: Baxcalibur|Protect|p1a: Baxcalibur\n|-singleturn|p1a: Baxcalibur|Protect\n|move|p2b: Iron Hands|Detect|p2b: Iron Hands\n|-singleturn|p2b: Iron Hands|Protect\n|move|p2a: Flutter Mane|Shadow Ball|p1a: Baxcalibur\n|-activate|p1a: Baxcalibur|move: Protect\n|\n|-heal|p2b: Iron Hands|21\/100|[from] item: Leftovers\n|upkeep\n|turn|11\n|inactive|Karajony has 30 seconds left.\n|\n|t:|1681814053\n|move|p2a: Flutter Mane|Shadow Ball|p1a: Baxcalibur\n|-damage|p1a: Baxcalibur|61\/100\n|move|p1a: Baxcalibur|Icicle Crash|p2b: Iron Hands\n|-damage|p2b: Iron Hands|0 fnt\n|faint|p2b: Iron Hands\n|-end|p2b: Iron Hands|Quark Drive|[silent]\n|\n|upkeep\n|\n|t:|1681814060\n|switch|p2b: Scream Tail|Scream Tail, L50|34\/100\n|turn|12\n|\n|t:|1681814085\n|move|p1a: Baxcalibur|Ice Shard|p2b: Scream Tail\n|-damage|p2b: Scream Tail|17\/100\n|move|p2a: Flutter Mane|Shadow Ball|p1a: Baxcalibur\n|-damage|p1a: Baxcalibur|23\/100\n|move|p2b: Scream Tail|Disable|p1a: Baxcalibur\n|-start|p1a: Baxcalibur|Disable|Ice Shard\n|\n|upkeep\n|turn|13\n|\n|t:|1681814100\n|move|p2a: Flutter Mane|Shadow Ball|p1a: Baxcalibur\n|-crit|p1a: Baxcalibur\n|-damage|p1a: Baxcalibur|0 fnt\n|faint|p1a: Baxcalibur\n|\n|win|Karajony\n|raw|LT.Sentury's rating: 1156 → 1134<\/strong> (-22 for losing)\n|raw|Karajony's rating: 1197 → 1219<\/strong> (+22 for winning)\n","uploadtime":1681814111,"views":15,"p1id":"ltsentury","p2id":"karajony","formatid":"gen9vgc2023regulationc","rating":1134,"private":0,"password":""}