{"id":"gen9vgc2023regulationc-1852363952","p1":"bananahammer74","p2":"b(R)2","format":"[Gen 9] VGC 2023 Regulation C","log":"|j|\u2606bananahammer74\n|j|\u2606b(R)2\n|t:|1682548537\n|gametype|doubles\n|player|p1|bananahammer74|swimmer-gen4dp|1235\n|player|p2|b(R)2|266|1194\n|teamsize|p1|6\n|teamsize|p2|6\n|gen|9\n|tier|[Gen 9] VGC 2023 Regulation C\n|rated|\n|rule|Species Clause: Limit one of each Pok\u00e9mon\n|rule|Item Clause: Limit one of each item\n|clearpoke\n|poke|p1|Corviknight, L50, F|\n|poke|p1|Palafin, L50, M|\n|poke|p1|Flutter Mane, L50|\n|poke|p1|Ting-Lu, L50|\n|poke|p1|Amoonguss, L50, M|\n|poke|p1|Chi-Yu, L50|\n|poke|p2|Ting-Lu, L50|\n|poke|p2|Amoonguss, L50, M|\n|poke|p2|Garganacl, L50, F|\n|poke|p2|Arcanine, L50, F|\n|poke|p2|Roaring Moon, L50|\n|poke|p2|Iron Bundle, L50|\n|teampreview|4\nb(R)2 has agreed to open team sheets.\n|inactive|Battle timer is ON: inactive players will automatically lose when time's up. (requested by bananahammer74)\nbananahammer74 has agreed to open team sheets.\n|inactive|bananahammer74 has 60 seconds left.\n|\n|t:|1682548596\n|start\n|switch|p1a: Corviknight|Corviknight, L50, F|100\/100\n|switch|p1b: Flutter Mane|Flutter Mane, L50|100\/100\n|switch|p2a: Garganacl|Garganacl, L50, F|100\/100\n|switch|p2b: Arcanine|Arcanine, L50, F|100\/100\n|-ability|p2b: Arcanine|Intimidate|boost\n|-ability|p1a: Corviknight|Mirror Armor\n|-unboost|p2b: Arcanine|atk|1\n|-unboost|p1b: Flutter Mane|atk|1\n|-enditem|p1b: Flutter Mane|Booster Energy\n|-activate|p1b: Flutter Mane|ability: Protosynthesis|[fromitem]\n|-start|p1b: Flutter Mane|protosynthesisspa\n|turn|1\n|inactive|bananahammer74 has 30 seconds left.\n|inactive|b(R)2 has 30 seconds left.\n|inactive|b(R)2 has 20 seconds left.\n|\n|t:|1682548634\n|switch|p1a: Chi-Yu|Chi-Yu, L50|100\/100\n|-ability|p1a: Chi-Yu|Beads of Ruin\n|move|p1b: Flutter Mane|Shadow Ball|p2a: Garganacl\n|-damage|p2a: Garganacl|74\/100\n|move|p2b: Arcanine|Will-O-Wisp|p1a: Chi-Yu\n|-immune|p1a: Chi-Yu\n|move|p2a: Garganacl|Stealth Rock|p1b: Flutter Mane\n|-sidestart|p1: bananahammer74|move: Stealth Rock\n|\n|-heal|p2a: Garganacl|80\/100|[from] item: Leftovers\n|upkeep\n|turn|2\n|inactive|bananahammer74 has 30 seconds left.\n|\n|t:|1682548667\n|-terastallize|p1b: Flutter Mane|Fairy\n|move|p1b: Flutter Mane|Dazzling Gleam|p2b: Arcanine|[spread] p2a,p2b\n|-crit|p2a: Garganacl\n|-resisted|p2b: Arcanine\n|-damage|p2a: Garganacl|10\/100\n|-damage|p2b: Arcanine|61\/100\n|move|p1a: Chi-Yu|Nasty Plot|p1a: Chi-Yu\n|-boost|p1a: Chi-Yu|spa|2\n|move|p2b: Arcanine|Flare Blitz|p1b: Flutter Mane\n|-damage|p1b: Flutter Mane|34\/100\n|-damage|p2b: Arcanine|43\/100|[from] Recoil\n|move|p2a: Garganacl|Salt Cure|p1a: Chi-Yu\n|-supereffective|p1a: Chi-Yu\n|-damage|p1a: Chi-Yu|63\/100\n|-start|p1a: Chi-Yu|Salt Cure\n|\n|-heal|p1a: Chi-Yu|70\/100|[from] item: Leftovers\n|-heal|p2a: Garganacl|16\/100|[from] item: Leftovers\n|-damage|p1a: Chi-Yu|57\/100|[from] Salt Cure\n|upkeep\n|turn|3\n|inactive|b(R)2 has 30 seconds left.\n|\n|t:|1682548699\n|move|p2a: Garganacl|Protect|p2a: Garganacl\n|-singleturn|p2a: Garganacl|Protect\n|move|p2b: Arcanine|Extreme Speed|p1b: Flutter Mane\n|-damage|p1b: Flutter Mane|9\/100\n|move|p1b: Flutter Mane|Dazzling Gleam|p2b: Arcanine|[spread] p2b\n|-activate|p2a: Garganacl|move: Protect\n|-resisted|p2b: Arcanine\n|-damage|p2b: Arcanine|6\/100\n|-enditem|p2b: Arcanine|Iapapa Berry|[eat]\n|-heal|p2b: Arcanine|39\/100|[from] item: Iapapa Berry\n|move|p1a: Chi-Yu|Heat Wave|p2a: Garganacl|[spread] p2b\n|-activate|p2a: Garganacl|move: Protect\n|-resisted|p2b: Arcanine\n|-damage|p2b: Arcanine|0 fnt\n|faint|p2b: Arcanine\n|\n|-heal|p1a: Chi-Yu|63\/100|[from] item: Leftovers\n|-heal|p2a: Garganacl|22\/100|[from] item: Leftovers\n|-damage|p1a: Chi-Yu|51\/100|[from] Salt Cure\n|upkeep\n|\n|t:|1682548719\n|switch|p2b: Ting-Lu|Ting-Lu, L50|100\/100\n|-ability|p2b: Ting-Lu|Vessel of Ruin\n|turn|4\n|inactive|b(R)2 has 30 seconds left.\n|inactive|b(R)2 has 20 seconds left.\n|\n|t:|1682548758\n|-terastallize|p2b: Ting-Lu|Poison\n|move|p1b: Flutter Mane|Moonblast|p2b: Ting-Lu\n|-resisted|p2b: Ting-Lu\n|-damage|p2b: Ting-Lu|80\/100\n|move|p1a: Chi-Yu|Heat Wave|p2b: Ting-Lu|[spread] p2b\n|-miss|p1a: Chi-Yu|p2a: Garganacl\n|-damage|p2b: Ting-Lu|50\/100\n|move|p2b: Ting-Lu|Heavy Slam|p1b: Flutter Mane\n|-supereffective|p1b: Flutter Mane\n|-damage|p1b: Flutter Mane|0 fnt\n|faint|p1b: Flutter Mane\n|-end|p1b: Flutter Mane|Protosynthesis|[silent]\n|move|p2a: Garganacl|Salt Cure|p1a: Chi-Yu\n|-supereffective|p1a: Chi-Yu\n|-crit|p1a: Chi-Yu\n|-damage|p1a: Chi-Yu|0 fnt\n|faint|p1a: Chi-Yu\n|\n|-heal|p2a: Garganacl|28\/100|[from] item: Leftovers\n|upkeep\n|\n|t:|1682548775\n|switch|p1b: Corviknight|Corviknight, L50, F|100\/100\n|switch|p1a: Ting-Lu|Ting-Lu, L50|100\/100\n|-damage|p1b: Corviknight|88\/100|[from] Stealth Rock\n|-damage|p1a: Ting-Lu|94\/100|[from] Stealth Rock\n|-ability|p1a: Ting-Lu|Vessel of Ruin\n|turn|5\n|inactive|b(R)2 has 30 seconds left.\n|\n|t:|1682548804\n|move|p1b: Corviknight|Tailwind|p1b: Corviknight\n|-sidestart|p1: bananahammer74|move: Tailwind\n|move|p1a: Ting-Lu|Earthquake|p2a: Garganacl|[spread] p2a,p2b\n|-immune|p1b: Corviknight\n|-supereffective|p2a: Garganacl\n|-supereffective|p2b: Ting-Lu\n|-damage|p2a: Garganacl|0 fnt\n|-damage|p2b: Ting-Lu|10\/100\n|faint|p2a: Garganacl\n|move|p2b: Ting-Lu|Sand Tomb|p1a: Ting-Lu\n|-crit|p1a: Ting-Lu\n|-damage|p1a: Ting-Lu|80\/100\n|-activate|p1a: Ting-Lu|move: Sand Tomb|[of] p2b: Ting-Lu\n|\n|-damage|p1a: Ting-Lu|67\/100|[from] move: Sand Tomb|[partiallytrapped]\n|upkeep\n|\n|t:|1682548828\n|switch|p2a: Amoonguss|Amoonguss, L50, M|100\/100\n|turn|6\n|\n|t:|1682548850\n|move|p1b: Corviknight|Brave Bird|p2a: Amoonguss\n|-supereffective|p2a: Amoonguss\n|-damage|p2a: Amoonguss|40\/100\n|-enditem|p2a: Amoonguss|Sitrus Berry|[eat]\n|-heal|p2a: Amoonguss|65\/100|[from] item: Sitrus Berry\n|-damage|p1b: Corviknight|67\/100|[from] Recoil\n|move|p1a: Ting-Lu|Earthquake|p2b: Ting-Lu|[spread] p2a,p2b\n|-immune|p1b: Corviknight\n|-supereffective|p2b: Ting-Lu\n|-damage|p2a: Amoonguss|41\/100\n|-damage|p2b: Ting-Lu|0 fnt\n|faint|p2b: Ting-Lu\n|move|p2a: Amoonguss|Spore|p1a: Ting-Lu\n|-status|p1a: Ting-Lu|slp|[from] move: Spore\n|\n|-end|p1a: Ting-Lu|Sand Tomb|[partiallytrapped]|[silent]\n|upkeep\n|turn|7\n|inactive|b(R)2 has 30 seconds left.\n|\n|t:|1682548877\n|move|p1b: Corviknight|Brave Bird|p2a: Amoonguss\n|-supereffective|p2a: Amoonguss\n|-damage|p2a: Amoonguss|0 fnt\n|faint|p2a: Amoonguss\n|-damage|p1b: Corviknight|52\/100|[from] Recoil\n|\n|win|bananahammer74\n|raw|bananahammer74's rating: 1235 → 1257<\/strong> (+22 for winning)\n|raw|b(R)2's rating: 1194 → 1172<\/strong> (-22 for losing)\n|c|\u2606bananahammer74|gg wp\n|c|\u2606b(R)2|gg\n","uploadtime":1682548885,"views":25,"p1id":"bananahammer74","p2id":"br2","formatid":"gen9vgc2023regulationc","rating":1172,"private":0,"password":""}