{"id":"gen9vgc2023regulationc-1858490506","p1":"LeafeonLou12","p2":"therealrumpleman","format":"[Gen 9] VGC 2023 Regulation C","log":"|j|\u2606LeafeonLou12\n|j|\u2606therealrumpleman\n|t:|1683317527\n|gametype|doubles\n|player|p1|LeafeonLou12|1|1339\n|player|p2|therealrumpleman|koga|1397\n|teamsize|p1|6\n|teamsize|p2|6\n|gen|9\n|tier|[Gen 9] VGC 2023 Regulation C\n|rated|\n|rule|Species Clause: Limit one of each Pok\u00e9mon\n|rule|Item Clause: Limit one of each item\n|clearpoke\n|poke|p1|Rotom-Fan, L50|\n|poke|p1|Torkoal, L50, M|\n|poke|p1|Indeedee, L50, M|\n|poke|p1|Drifblim, L50, F|\n|poke|p1|Chi-Yu, L50|\n|poke|p1|Great Tusk, L50|\n|poke|p2|Rotom-Wash, L50|\n|poke|p2|Chien-Pao, L50|\n|poke|p2|Flutter Mane, L50|\n|poke|p2|Amoonguss, L50, M|\n|poke|p2|Talonflame, L50, F|\n|poke|p2|Great Tusk, L50|\n|teampreview|4\n|inactive|Battle timer is ON: inactive players will automatically lose when time's up. (requested by therealrumpleman)\ntherealrumpleman rejected open team sheets.\n|inactive|therealrumpleman has 60 seconds left.\n|inactive|therealrumpleman has 30 seconds left.\n|inactive|therealrumpleman has 20 seconds left.\n|inactive|therealrumpleman has 15 seconds left.\n|inactive|therealrumpleman has 10 seconds left.\n|inactive|therealrumpleman has 5 seconds left.\n|\n|t:|1683317625\n|start\n|switch|p1a: Drifblim|Drifblim, L50, F|100\/100\n|switch|p1b: Indeedee|Indeedee, L50, M|100\/100\n|switch|p2a: Talonflame|Talonflame, L50, F|100\/100\n|switch|p2b: Flutter Mane|Flutter Mane, L50|100\/100\n|-fieldstart|move: Psychic Terrain|[from] ability: Psychic Surge|[of] p1b: Indeedee\n|-enditem|p1a: Drifblim|Psychic Seed\n|-boost|p1a: Drifblim|spd|1|[from] item: Psychic Seed\n|turn|1\n|\n|t:|1683317646\n|move|p1a: Drifblim|Acrobatics|p2b: Flutter Mane\n|-damage|p2b: Flutter Mane|37\/100\n|move|p1b: Indeedee|Psychic|p2b: Flutter Mane\n|-damage|p2b: Flutter Mane|0 fnt\n|faint|p2b: Flutter Mane\n|-end|p2b: Flutter Mane|Protosynthesis|[silent]\n|move|p2a: Talonflame|Taunt|p1a: Drifblim\n|-start|p1a: Drifblim|move: Taunt\n|\n|upkeep\n|\n|t:|1683317671\n|switch|p2b: Rotom|Rotom-Wash, L50|100\/100\n|turn|2\n|\n|t:|1683317684\n|-terastallize|p1a: Drifblim|Normal\n|-terastallize|p2b: Rotom|Electric\n|move|p1a: Drifblim|Acrobatics|p2a: Talonflame\n|-crit|p2a: Talonflame\n|-damage|p2a: Talonflame|7\/100\n|move|p1b: Indeedee|Psychic|p2a: Talonflame\n|-damage|p2a: Talonflame|0 fnt\n|faint|p2a: Talonflame\n|move|p2b: Rotom|Thunderbolt|p1a: Drifblim\n|-damage|p1a: Drifblim|52\/100\n|-status|p1a: Drifblim|par\n|\n|upkeep\n|\n|t:|1683317690\n|switch|p2a: Great Tusk|Great Tusk, L50|100\/100\n|turn|3\n|\n|t:|1683317707\n|move|p1b: Indeedee|Psychic|p2a: Great Tusk\n|-supereffective|p2a: Great Tusk\n|-crit|p2a: Great Tusk\n|-damage|p2a: Great Tusk|0 fnt\n|faint|p2a: Great Tusk\n|-end|p2a: Great Tusk|Protosynthesis|[silent]\n|move|p1a: Drifblim|Acrobatics|p2b: Rotom\n|-resisted|p2b: Rotom\n|-damage|p2b: Rotom|79\/100\n|move|p2b: Rotom|Thunderbolt|p1b: Indeedee\n|-damage|p1b: Indeedee|33\/100\n|\n|upkeep\n|turn|4\n|\n|t:|1683317717\n|switch|p1b: Great Tusk|Great Tusk, L50|100\/100\n|move|p1a: Drifblim|Acrobatics|p2b: Rotom\n|-resisted|p2b: Rotom\n|-damage|p2b: Rotom|58\/100\n|move|p2b: Rotom|Thunderbolt|p1b: Great Tusk\n|-immune|p1b: Great Tusk\n|\n|-end|p1a: Drifblim|move: Taunt\n|upkeep\n|turn|5\n|\n|t:|1683317728\n|move|p1a: Drifblim|Tailwind|p1a: Drifblim\n|-sidestart|p1: LeafeonLou12|move: Tailwind\n|move|p1b: Great Tusk|Close Combat|p2b: Rotom\n|-damage|p2b: Rotom|0 fnt\n|-unboost|p1b: Great Tusk|def|1\n|-unboost|p1b: Great Tusk|spd|1\n|faint|p2b: Rotom\n|\n|win|LeafeonLou12\n|raw|LeafeonLou12's rating: 1339 → 1362<\/strong> (+23 for winning)\n|raw|therealrumpleman's rating: 1397 → 1374<\/strong> (-23 for losing)\n","uploadtime":1683317733,"views":8,"p1id":"leafeonlou12","p2id":"therealrumpleman","formatid":"gen9vgc2023regulationc","rating":1362,"private":0,"password":""}