{"id":"gen9vgc2023regulationc-1848933484","p1":"Spler","p2":"atuma","format":"[Gen 9] VGC 2023 Regulation C","log":"|j|\u2606Spler\n|j|\u2606atuma\n|t:|1682127956\n|gametype|doubles\n|player|p1|Spler|169|1160\n|player|p2|atuma|170|1258\n|teamsize|p1|6\n|teamsize|p2|6\n|gen|9\n|tier|[Gen 9] VGC 2023 Regulation C\n|rated|\n|rule|Species Clause: Limit one of each Pok\u00e9mon\n|rule|Item Clause: Limit one of each item\n|clearpoke\n|poke|p1|Farigiraf, L50, M|\n|poke|p1|Scizor, L50, F|\n|poke|p1|Iron Bundle, L50|\n|poke|p1|Chi-Yu, L50|\n|poke|p1|Flutter Mane, L50|\n|poke|p1|Iron Hands, L50|\n|poke|p2|Chien-Pao, L50|\n|poke|p2|Dragonite, L50, F|\n|poke|p2|Talonflame, L50, F|\n|poke|p2|Annihilape, L50, F|\n|poke|p2|Maushold-Four, L50|\n|poke|p2|Sandy Shocks, L50|\n|teampreview|4\nSpler rejected open team sheets.\n|\n|t:|1682127986\n|start\n|switch|p1a: Flutter Mane|Flutter Mane, L50|100\/100\n|switch|p1b: Iron Bundle|Iron Bundle, L50|100\/100\n|switch|p2a: Annihilape|Annihilape, L50, F|100\/100\n|switch|p2b: Maushold|Maushold-Four, L50|100\/100\n|-enditem|p1b: Iron Bundle|Booster Energy\n|-activate|p1b: Iron Bundle|ability: Quark Drive|[fromitem]\n|-start|p1b: Iron Bundle|quarkdrivespe\n|turn|1\n|inactive|Battle timer is ON: inactive players will automatically lose when time's up. (requested by Spler)\n|inactive|atuma has 60 seconds left.\n|\n|t:|1682128042\n|-terastallize|p2a: Annihilape|Fire\n|move|p1b: Iron Bundle|Hydro Pump|p2a: Annihilape\n|-supereffective|p2a: Annihilape\n|-damage|p2a: Annihilape|36\/100\n|move|p1a: Flutter Mane|Dazzling Gleam|p2b: Maushold|[spread] p2a,p2b\n|-resisted|p2a: Annihilape\n|-damage|p2a: Annihilape|26\/100\n|-damage|p2b: Maushold|58\/100\n|move|p2b: Maushold|Beat Up|p2a: Annihilape\n|-damage|p2a: Annihilape|24\/100\n|-damage|p2a: Annihilape|22\/100\n|-damage|p2a: Annihilape|19\/100\n|-damage|p2a: Annihilape|16\/100\n|-hitcount|p2a: Annihilape|4\n|move|p2a: Annihilape|Rage Fist|p1a: Flutter Mane\n|-supereffective|p1a: Flutter Mane\n|-enditem|p1a: Flutter Mane|Focus Sash\n|-damage|p1a: Flutter Mane|1\/100\n|\n|-heal|p2a: Annihilape|22\/100|[from] item: Leftovers\n|upkeep\n|turn|2\n|inactive|Spler has 30 seconds left.\n|inactive|atuma has 30 seconds left.\n|inactive|atuma has 20 seconds left.\n|\n|t:|1682128078\n|move|p2a: Annihilape|Protect|p2a: Annihilape\n|-singleturn|p2a: Annihilape|Protect\n|move|p1b: Iron Bundle|Hydro Pump|p2a: Annihilape\n|-activate|p2a: Annihilape|move: Protect\n|move|p1a: Flutter Mane|Dazzling Gleam|p2a: Annihilape|[spread] p2b\n|-activate|p2a: Annihilape|move: Protect\n|-damage|p2b: Maushold|18\/100\n|move|p2b: Maushold|Beat Up|p1a: Flutter Mane\n|-damage|p1a: Flutter Mane|0 fnt\n|faint|p1a: Flutter Mane\n|-end|p1a: Flutter Mane|Protosynthesis|[silent]\n|-hitcount|p1: Flutter Mane|1\n|\n|-heal|p2a: Annihilape|28\/100|[from] item: Leftovers\n|upkeep\n|\n|t:|1682128097\n|switch|p1a: Farigiraf|Farigiraf, L50, M|100\/100\n|turn|3\n|inactive|atuma has 30 seconds left.\n|\n|t:|1682128127\n|move|p1b: Iron Bundle|Protect|p1b: Iron Bundle\n|-singleturn|p1b: Iron Bundle|Protect\n|move|p2b: Maushold|Follow Me|p2b: Maushold\n|-singleturn|p2b: Maushold|move: Follow Me\n|move|p2a: Annihilape|Rage Fist|p1b: Iron Bundle\n|-activate|p1b: Iron Bundle|move: Protect\n|move|p1a: Farigiraf|Hyper Voice|p2b: Maushold|[spread] p2a,p2b\n|-damage|p2a: Annihilape|9\/100\n|-damage|p2b: Maushold|0 fnt\n|faint|p2b: Maushold\n|-enditem|p1a: Farigiraf|Throat Spray\n|-boost|p1a: Farigiraf|spa|1|[from] item: Throat Spray\n|\n|-heal|p2a: Annihilape|15\/100|[from] item: Leftovers\n|upkeep\n|inactive|atuma has 30 seconds left.\n|\n|t:|1682128155\n|switch|p2b: Chien-Pao|Chien-Pao, L50|100\/100\n|-ability|p2b: Chien-Pao|Sword of Ruin\n|turn|4\n|\n|t:|1682128168\n|-terastallize|p1a: Farigiraf|Normal\n|move|p1b: Iron Bundle|Freeze-Dry|p2a: Annihilape\n|-resisted|p2a: Annihilape\n|-damage|p2a: Annihilape|0 fnt\n|faint|p2a: Annihilape\n|move|p2b: Chien-Pao|Ice Spinner|p1a: Farigiraf\n|-crit|p1a: Farigiraf\n|-damage|p1a: Farigiraf|33\/100\n|move|p1a: Farigiraf|Hyper Voice|p2b: Chien-Pao\n|-enditem|p2b: Chien-Pao|Focus Sash\n|-damage|p2b: Chien-Pao|1\/100\n|\n|upkeep\n|\n|t:|1682128180\n|switch|p2a: Dragonite|Dragonite, L50, F|100\/100\n|turn|5\n|\n|t:|1682128198\n|move|p1a: Farigiraf|Protect|p1a: Farigiraf\n|-singleturn|p1a: Farigiraf|Protect\n|move|p2a: Dragonite|Extreme Speed||[still]\n|cant|p1a: Farigiraf|ability: Armor Tail|Extreme Speed|[of] p2a: Dragonite\n|move|p1b: Iron Bundle|Icy Wind|p2a: Dragonite|[spread] p2a,p2b\n|-supereffective|p2a: Dragonite\n|-resisted|p2b: Chien-Pao\n|-damage|p2a: Dragonite|27\/100\n|-damage|p2b: Chien-Pao|0 fnt\n|-unboost|p2a: Dragonite|spe|1\n|faint|p2b: Chien-Pao\n|\n|upkeep\n|turn|6\n|-message|atuma forfeited.\n|\n|win|Spler\n|raw|Spler's rating: 1160 → 1192<\/strong> (+32 for winning)\n|raw|atuma's rating: 1258 → 1226<\/strong> (-32 for losing)\n|l|\u2606atuma\n","uploadtime":1682128220,"views":7,"p1id":"spler","p2id":"atuma","formatid":"gen9vgc2023regulationc","rating":1192,"private":0,"password":""}