{"id":"gen9vgc2023regulationc-1847678774","p1":"MatRod","p2":"xdfgdfgh","format":"[Gen 9] VGC 2023 Regulation C","log":"|j|\u2606MatRod\n|j|\u2606xdfgdfgh\n|t:|1681991450\n|gametype|doubles\n|player|p1|MatRod|veteran|1128\n|player|p2|xdfgdfgh|2|1220\n|teamsize|p1|6\n|teamsize|p2|6\n|gen|9\n|tier|[Gen 9] VGC 2023 Regulation C\n|rated|\n|rule|Species Clause: Limit one of each Pok\u00e9mon\n|rule|Item Clause: Limit one of each item\n|clearpoke\n|poke|p1|Torkoal, L50, M|\n|poke|p1|Amoonguss, L50, M|\n|poke|p1|Ceruledge, L50, M|\n|poke|p1|Gallade, L50, M|\n|poke|p1|Palafin, L50, F|\n|poke|p1|Mimikyu, L50, F|\n|poke|p2|Torkoal, L50, F|\n|poke|p2|Chi-Yu, L50|\n|poke|p2|Bronzong, L50|\n|poke|p2|Gastrodon, L50, F|\n|poke|p2|Grimmsnarl, L50, M|\n|poke|p2|Skeledirge, L50, F|\n|teampreview|4\n|inactive|Battle timer is ON: inactive players will automatically lose when time's up. (requested by xdfgdfgh)\n|\n|t:|1681991490\n|start\n|switch|p1a: Ceruledge|Ceruledge, L50, M|100\/100\n|switch|p1b: Palafin|Palafin, L50, F|100\/100\n|switch|p2a: Grimmsnarl|Grimmsnarl, L50, M|100\/100\n|switch|p2b: Chi-Yu|Chi-Yu, L50|100\/100\n|-ability|p2b: Chi-Yu|Beads of Ruin\n|turn|1\n|inactive|MatRod has 30 seconds left.\n|inactive|xdfgdfgh has 30 seconds left.\n|inactive|MatRod has 20 seconds left.\n|inactive|MatRod has 15 seconds left.\n|\n|t:|1681991533\n|detailschange|p1b: Palafin|Palafin-Hero, L50, F\n|switch|p1b: Torkoal|Torkoal, L50, M|100\/100\n|-weather|SunnyDay|[from] ability: Drought|[of] p1b: Torkoal\n|move|p2a: Grimmsnarl|Trick|p1a: Ceruledge\n|-activate|p2a: Grimmsnarl|move: Trick|[of] p1a: Ceruledge\n|-item|p1a: Ceruledge|Lagging Tail|[from] move: Trick\n|-item|p2a: Grimmsnarl|Expert Belt|[from] move: Trick\n|move|p2b: Chi-Yu|Substitute|p2b: Chi-Yu\n|-start|p2b: Chi-Yu|Substitute\n|-damage|p2b: Chi-Yu|76\/100\n|move|p1a: Ceruledge|Bitter Blade|p2a: Grimmsnarl\n|-damage|p2a: Grimmsnarl|18\/100\n|\n|-weather|SunnyDay|[upkeep]\n|upkeep\n|turn|2\n|inactive|MatRod has 30 seconds left.\n|inactive|MatRod has 20 seconds left.\n|\n|t:|1681991570\n|move|p2b: Chi-Yu|Snarl|p1b: Torkoal|[spread] p1b\n|-miss|p2b: Chi-Yu|p1a: Ceruledge\n|-damage|p1b: Torkoal|76\/100\n|-unboost|p1b: Torkoal|spa|1\n|move|p2a: Grimmsnarl|Spirit Break|p1b: Torkoal\n|-resisted|p1b: Torkoal\n|-damage|p1b: Torkoal|63\/100\n|-unboost|p1b: Torkoal|spa|1\n|move|p1b: Torkoal|Earth Power|p2b: Chi-Yu\n|-supereffective|p2b: Chi-Yu\n|-activate|p2b: Chi-Yu|move: Substitute|[damage]\n|move|p1a: Ceruledge|Brick Break|p2b: Chi-Yu\n|-supereffective|p2b: Chi-Yu\n|-end|p2b: Chi-Yu|Substitute\n|\n|-weather|SunnyDay|[upkeep]\n|upkeep\n|turn|3\n|\n|t:|1681991593\n|move|p2b: Chi-Yu|Protect|p2b: Chi-Yu\n|-singleturn|p2b: Chi-Yu|Protect\n|move|p2a: Grimmsnarl|Sucker Punch|p1a: Ceruledge\n|-supereffective|p1a: Ceruledge\n|-damage|p1a: Ceruledge|0 fnt\n|faint|p1a: Ceruledge\n|move|p1b: Torkoal|Iron Defense|p1b: Torkoal\n|-boost|p1b: Torkoal|def|2\n|\n|-weather|SunnyDay|[upkeep]\n|upkeep\n|\n|t:|1681991607\n|switch|p1a: Palafin|Palafin-Hero, L50, F|100\/100\n|-activate|p1a: Palafin|ability: Zero to Hero\n|turn|4\n|\n|t:|1681991630\n|switch|p2a: Gastrodon|Gastrodon, L50, F|100\/100\n|-terastallize|p2b: Chi-Yu|Ghost\n|move|p1a: Palafin|Jet Punch|p2a: Gastrodon\n|-ability|p2a: Gastrodon|Storm Drain|boost\n|-boost|p2a: Gastrodon|spa|1\n|move|p2b: Chi-Yu|Substitute|p2b: Chi-Yu\n|-start|p2b: Chi-Yu|Substitute\n|-damage|p2b: Chi-Yu|51\/100\n|move|p1b: Torkoal|Iron Defense|p1b: Torkoal\n|-boost|p1b: Torkoal|def|2\n|\n|-weather|SunnyDay|[upkeep]\n|upkeep\n|turn|5\n|inactive|MatRod has 30 seconds left.\n|\n|t:|1681991660\n|-terastallize|p1b: Torkoal|Fighting\n|move|p2b: Chi-Yu|Tera Blast|p1b: Torkoal\n|-damage|p1b: Torkoal|17\/100\n|move|p1a: Palafin|Close Combat|p2a: Gastrodon\n|-damage|p2a: Gastrodon|37\/100\n|-unboost|p1a: Palafin|def|1\n|-unboost|p1a: Palafin|spd|1\n|move|p2a: Gastrodon|Earth Power|p1b: Torkoal\n|-damage|p1b: Torkoal|0 fnt\n|faint|p1b: Torkoal\n|\n|-weather|none\n|upkeep\n|inactive|MatRod has 30 seconds left.\n|\n|t:|1681991690\n|switch|p1b: Gallade|Gallade, L50, M|100\/100\n|turn|6\n|\n|t:|1681991714\n|move|p2a: Gastrodon|Protect|p2a: Gastrodon\n|-singleturn|p2a: Gastrodon|Protect\n|move|p2b: Chi-Yu|Tera Blast|p1b: Gallade\n|-supereffective|p1b: Gallade\n|-damage|p1b: Gallade|0 fnt\n|faint|p1b: Gallade\n|move|p1a: Palafin|Acrobatics|p2b: Chi-Yu\n|-end|p2b: Chi-Yu|Substitute\n|\n|upkeep\n|turn|7\n|\n|t:|1681991729\n|switch|p2a: Grimmsnarl|Grimmsnarl, L50, M|18\/100\n|move|p2b: Chi-Yu|Substitute|p2b: Chi-Yu\n|-start|p2b: Chi-Yu|Substitute\n|-damage|p2b: Chi-Yu|27\/100\n|move|p1a: Palafin|Acrobatics|p2a: Grimmsnarl\n|-damage|p2a: Grimmsnarl|0 fnt\n|faint|p2a: Grimmsnarl\n|\n|upkeep\n|\n|t:|1681991736\n|switch|p2a: Gastrodon|Gastrodon, L50, F|37\/100\n|turn|8\n|\n|t:|1681991744\n|move|p2b: Chi-Yu|Tera Blast|p1a: Palafin\n|-damage|p1a: Palafin|34\/100\n|-enditem|p1a: Palafin|Sitrus Berry|[eat]\n|-heal|p1a: Palafin|58\/100|[from] item: Sitrus Berry\n|move|p1a: Palafin|Acrobatics|p2a: Gastrodon\n|-damage|p2a: Gastrodon|0 fnt\n|faint|p2a: Gastrodon\n|\n|upkeep\n|\n|t:|1681991751\n|switch|p2a: Skeledirge|Skeledirge, L50, F|100\/100\n|turn|9\n|inactive|MatRod has 30 seconds left.\n|inactive|MatRod has 20 seconds left.\n|inactive|MatRod has 15 seconds left.\n|inactive|MatRod has 10 seconds left.\n|inactive|MatRod has 5 seconds left.\n|\n|t:|1681991806\n|move|p2a: Skeledirge|Protect|p2a: Skeledirge\n|-singleturn|p2a: Skeledirge|Protect\n|move|p1a: Palafin|Jet Punch|p2a: Skeledirge\n|-activate|p2a: Skeledirge|move: Protect\n|move|p2b: Chi-Yu|Tera Blast|p1a: Palafin\n|-damage|p1a: Palafin|0 fnt\n|faint|p1a: Palafin\n|\n|win|xdfgdfgh\n|raw|MatRod's rating: 1128 → 1109<\/strong> (-19 for losing)\n|raw|xdfgdfgh's rating: 1220 → 1239<\/strong> (+19 for winning)\n|l|\u2606xdfgdfgh\n","uploadtime":1681991912,"views":11,"p1id":"matrod","p2id":"xdfgdfgh","formatid":"gen9vgc2023regulationc","rating":1109,"private":0,"password":""}