{"id":"gen9vgc2023regulationc-1845013373","p1":"CbuttyVGC","p2":"Jeremysa78","format":"[Gen 9] VGC 2023 Regulation C","log":"|j|\u2606CbuttyVGC\n|j|\u2606Jeremysa78\n|t:|1681674036\n|gametype|doubles\n|player|p1|CbuttyVGC|acetrainer-gen4dp|1235\n|player|p2|Jeremysa78|169|1283\n|teamsize|p1|6\n|teamsize|p2|6\n|gen|9\n|tier|[Gen 9] VGC 2023 Regulation C\n|rated|\n|rule|Species Clause: Limit one of each Pok\u00e9mon\n|rule|Item Clause: Limit one of each item\n|clearpoke\n|poke|p1|Stonjourner, L50, M|\n|poke|p1|Chi-Yu, L50|\n|poke|p1|Flutter Mane, L50|\n|poke|p1|Farigiraf, L50, F|\n|poke|p1|Gyarados, L50, F|\n|poke|p1|Dragonite, L50, M|\n|poke|p2|Murkrow, L50, M|\n|poke|p2|Ceruledge, L50, M|\n|poke|p2|Flutter Mane, L50|\n|poke|p2|Garchomp, L50, M|\n|poke|p2|Annihilape, L50, M|\n|poke|p2|Scizor, L50, M|\n|teampreview|4\n|inactive|Battle timer is ON: inactive players will automatically lose when time's up. (requested by CbuttyVGC)\n|inactive|CbuttyVGC has 60 seconds left.\n|inactive|Jeremysa78 has 60 seconds left.\n|\n|t:|1681674082\n|start\n|switch|p1a: Gyarados|Gyarados, L50, F|100\/100\n|switch|p1b: Flutter Mane|Flutter Mane, L50|100\/100\n|switch|p2a: Annihilape|Annihilape, L50, M, shiny|100\/100\n|switch|p2b: Murkrow|Murkrow, L50, M, shiny|100\/100\n|-ability|p1a: Gyarados|Intimidate|boost\n|-unboost|p2a: Annihilape|atk|1\n|-ability|p2a: Annihilape|Defiant|boost\n|-boost|p2a: Annihilape|atk|2\n|-unboost|p2b: Murkrow|atk|1\n|-enditem|p1b: Flutter Mane|Booster Energy\n|-activate|p1b: Flutter Mane|ability: Protosynthesis|[fromitem]\n|-start|p1b: Flutter Mane|protosynthesisspa\n|turn|1\n|\n|t:|1681674096\n|move|p1b: Flutter Mane|Protect|p1b: Flutter Mane\n|-singleturn|p1b: Flutter Mane|Protect\n|move|p2a: Annihilape|Shadow Claw|p1b: Flutter Mane\n|-activate|p1b: Flutter Mane|move: Protect\n|move|p2b: Murkrow|Icy Wind|p1b: Flutter Mane|[spread] p1a\n|-activate|p1b: Flutter Mane|move: Protect\n|-damage|p1a: Gyarados|90\/100\n|-unboost|p1a: Gyarados|spe|1\n|move|p1a: Gyarados|Taunt|p2b: Murkrow\n|-start|p2b: Murkrow|move: Taunt\n|\n|upkeep\n|turn|2\n|\n|t:|1681674118\n|-end|p1b: Flutter Mane|Protosynthesis|[silent]\n|switch|p1b: Chi-Yu|Chi-Yu, L50|100\/100\n|-ability|p1b: Chi-Yu|Beads of Ruin\n|move|p2a: Annihilape|Shadow Claw|p1b: Chi-Yu\n|-resisted|p1b: Chi-Yu\n|-damage|p1b: Chi-Yu|65\/100\n|move|p2b: Murkrow|Icy Wind|p1b: Chi-Yu|[spread] p1a,p1b\n|-resisted|p1b: Chi-Yu\n|-damage|p1a: Gyarados|76\/100\n|-damage|p1b: Chi-Yu|58\/100\n|-unboost|p1a: Gyarados|spe|1\n|-unboost|p1b: Chi-Yu|spe|1\n|move|p1a: Gyarados|Thunder Wave|p2a: Annihilape\n|-status|p2a: Annihilape|par\n|\n|upkeep\n|turn|3\n|\n|t:|1681674137\n|switch|p1a: Stonjourner|Stonjourner, L50, M|100\/100\n|move|p2b: Murkrow|Icy Wind|p1b: Chi-Yu|[spread] p1a,p1b\n|-resisted|p1b: Chi-Yu\n|-damage|p1a: Stonjourner|60\/100\n|-damage|p1b: Chi-Yu|51\/100\n|-unboost|p1a: Stonjourner|spe|1\n|-unboost|p1b: Chi-Yu|spe|1\n|cant|p2a: Annihilape|par\n|move|p1b: Chi-Yu|Overheat|p2a: Annihilape\n|-damage|p2a: Annihilape|0 fnt\n|-unboost|p1b: Chi-Yu|spa|2\n|faint|p2a: Annihilape\n|\n|upkeep\n|\n|t:|1681674157\n|switch|p2a: Garchomp|Garchomp, L50, M, shiny|100\/100\n|turn|4\n|\n|t:|1681674166\n|switch|p1b: Flutter Mane|Flutter Mane, L50|100\/100\n|move|p1a: Stonjourner|Wide Guard|p1a: Stonjourner\n|-singleturn|p1a: Stonjourner|Wide Guard\n|move|p2b: Murkrow|Icy Wind|p1a: Stonjourner|[spread] \n|-activate|p1a: Stonjourner|move: Wide Guard\n|-activate|p1b: Flutter Mane|move: Wide Guard\n|move|p2a: Garchomp|Dragon Claw|p1b: Flutter Mane\n|-immune|p1b: Flutter Mane\n|\n|-end|p2b: Murkrow|move: Taunt\n|upkeep\n|turn|5\n|\n|t:|1681674178\n|switch|p2a: Flutter Mane|Flutter Mane, L50|100\/100\n|-enditem|p2a: Flutter Mane|Booster Energy\n|-activate|p2a: Flutter Mane|ability: Protosynthesis|[fromitem]\n|-start|p2a: Flutter Mane|protosynthesisspa\n|-terastallize|p1b: Flutter Mane|Fairy\n|move|p1a: Stonjourner|Wide Guard|p1a: Stonjourner\n|-singleturn|p1a: Stonjourner|Wide Guard\n|move|p1b: Flutter Mane|Dazzling Gleam|p2a: Flutter Mane|[spread] p2a,p2b\n|-supereffective|p2b: Murkrow\n|-damage|p2a: Flutter Mane|46\/100\n|-enditem|p2b: Murkrow|Focus Sash\n|-damage|p2b: Murkrow|1\/100\n|move|p2b: Murkrow|Icy Wind|p1b: Flutter Mane|[spread] \n|-activate|p1a: Stonjourner|move: Wide Guard\n|-activate|p1b: Flutter Mane|move: Wide Guard\n|\n|upkeep\n|turn|6\n|\n|t:|1681674197\n|move|p2b: Murkrow|Tailwind|p2b: Murkrow\n|-sidestart|p2: Jeremysa78|move: Tailwind\n|move|p2a: Flutter Mane|Shadow Ball|p1a: Stonjourner\n|-damage|p1a: Stonjourner|0 fnt\n|faint|p1a: Stonjourner\n|move|p1b: Flutter Mane|Dazzling Gleam|p2b: Murkrow|[spread] p2a,p2b\n|-supereffective|p2b: Murkrow\n|-damage|p2a: Flutter Mane|0 fnt\n|-damage|p2b: Murkrow|0 fnt\n|faint|p2a: Flutter Mane\n|-end|p2a: Flutter Mane|Protosynthesis|[silent]\n|faint|p2b: Murkrow\n|\n|upkeep\n|\n|t:|1681674203\n|switch|p2b: Garchomp|Garchomp, L50, M, shiny|100\/100\n|switch|p1a: Gyarados|Gyarados, L50, F|76\/100\n|-ability|p1a: Gyarados|Intimidate|boost\n|-unboost|p2b: Garchomp|atk|1\n|turn|7\n|\n|t:|1681674208\n|move|p2b: Garchomp|Rock Slide|p1b: Flutter Mane|[spread] p1a,p1b\n|-supereffective|p1a: Gyarados\n|-damage|p1a: Gyarados|32\/100\n|-damage|p1b: Flutter Mane|65\/100\n|cant|p1b: Flutter Mane|flinch\n|move|p1a: Gyarados|Waterfall|p2b: Garchomp\n|-damage|p2b: Garchomp|53\/100\n|\n|upkeep\n|turn|8\n|\n|t:|1681674216\n|switch|p1a: Chi-Yu|Chi-Yu, L50|51\/100\n|-ability|p1a: Chi-Yu|Beads of Ruin\n|move|p2b: Garchomp|Rock Slide|p1b: Flutter Mane|[spread] p1a,p1b\n|-supereffective|p1a: Chi-Yu\n|-damage|p1a: Chi-Yu|0 fnt\n|-damage|p1b: Flutter Mane|27\/100\n|faint|p1a: Chi-Yu\n|move|p1b: Flutter Mane|Moonblast|p2b: Garchomp\n|-supereffective|p2b: Garchomp\n|-damage|p2b: Garchomp|0 fnt\n|faint|p2b: Garchomp\n|\n|win|CbuttyVGC\n|raw|CbuttyVGC's rating: 1235 → 1263<\/strong> (+28 for winning)\n|raw|Jeremysa78's rating: 1283 → 1255<\/strong> (-28 for losing)\n|l|\u2606Jeremysa78\n","uploadtime":1681674223,"views":6,"p1id":"cbuttyvgc","p2id":"jeremysa78","formatid":"gen9vgc2023regulationc","rating":1255,"private":0,"password":""}