{"id":"gen9vgc2023regulationc-1846216995","p1":"sspark","p2":"Il Mule","format":"[Gen 9] VGC 2023 Regulation C","log":"|j|\u2606sspark\n|j|\u2606Il Mule\n|t:|1681822260\n|gametype|doubles\n|player|p1|sspark|170|1556\n|player|p2|Il Mule|youngster-gen4dp|1669\n|teamsize|p1|6\n|teamsize|p2|6\n|gen|9\n|tier|[Gen 9] VGC 2023 Regulation C\n|rated|\n|rule|Species Clause: Limit one of each Pok\u00e9mon\n|rule|Item Clause: Limit one of each item\n|clearpoke\n|poke|p1|Chi-Yu, L50|\n|poke|p1|Flutter Mane, L50|\n|poke|p1|Gyarados, L50, M|\n|poke|p1|Glimmora, L50, F|\n|poke|p1|Amoonguss, L50, M|\n|poke|p1|Scizor, L50, F|\n|poke|p2|Great Tusk, L50|\n|poke|p2|Azumarill, L50, F|\n|poke|p2|Chi-Yu, L50|\n|poke|p2|Iron Bundle, L50|\n|poke|p2|Brute Bonnet, L50|\n|poke|p2|Flutter Mane, L50|\n|teampreview|4\nIl Mule has agreed to open team sheets.\n|j| MondayXyz\n|j| Giompy\n|\n|t:|1681822305\n|start\n|switch|p1a: Chi-Yu|Chi-Yu, L50|100\/100\n|switch|p1b: Flutter Mane|Flutter Mane, L50|100\/100\n|switch|p2a: Occhialoni|Flutter Mane, L50|100\/100\n|switch|p2b: Dentoni|Chi-Yu, L50|100\/100\n|-ability|p1a: Chi-Yu|Beads of Ruin\n|-ability|p2b: Dentoni|Beads of Ruin\n|-enditem|p1b: Flutter Mane|Booster Energy\n|-activate|p1b: Flutter Mane|ability: Protosynthesis|[fromitem]\n|-start|p1b: Flutter Mane|protosynthesisspe\n|turn|1\n|j| rovesciaporci\n|c|\u2606Il Mule|monday tuesday happy days\n|\n|t:|1681822328\n|-terastallize|p2a: Occhialoni|Fairy\n|move|p1b: Flutter Mane|Dazzling Gleam|p2a: Occhialoni|[spread] p2a,p2b\n|-damage|p2a: Occhialoni|61\/100\n|-damage|p2b: Dentoni|67\/100\n|move|p1a: Chi-Yu|Heat Wave|p2b: Dentoni|[spread] p2a,p2b\n|-crit|p2a: Occhialoni\n|-resisted|p2b: Dentoni\n|-damage|p2a: Occhialoni|0 fnt\n|-damage|p2b: Dentoni|48\/100\n|faint|p2a: Occhialoni\n|-end|p2a: Occhialoni|Protosynthesis|[silent]\n|move|p2b: Dentoni|Heat Wave|p1a: Chi-Yu|[spread] p1a,p1b\n|-resisted|p1a: Chi-Yu\n|-damage|p1a: Chi-Yu|81\/100\n|-damage|p1b: Flutter Mane|54\/100\n|\n|upkeep\n|c|\u2606Il Mule|ricordatemi cosa ho fatto di male\n|\n|t:|1681822350\n|switch|p2a: Bando|Iron Bundle, L50|100\/100\n|-enditem|p2a: Bando|Booster Energy\n|-activate|p2a: Bando|ability: Quark Drive|[fromitem]\n|-start|p2a: Bando|quarkdrivespe\n|turn|2\n|c| rovesciaporci|che ridere\n|c| rovesciaporci|ridere ridere ridere ancora ora la guerra paura non fa\n|c|\u2606Il Mule|io temo la guerra\n|c| rovesciaporci|brucian le divise dentro al fuoco la sera\n|\n|t:|1681822406\n|switch|p1a: Gyarados|Gyarados, L50, M|100\/100\n|-ability|p1a: Gyarados|Intimidate|boost\n|-unboost|p2a: Bando|atk|1\n|-unboost|p2b: Dentoni|atk|1\n|move|p2a: Bando|Protect|p2a: Bando\n|-singleturn|p2a: Bando|Protect\n|move|p1b: Flutter Mane|Dazzling Gleam|p2a: Bando|[spread] p2b\n|-activate|p2a: Bando|move: Protect\n|-damage|p2b: Dentoni|17\/100\n|move|p2b: Dentoni|Dark Pulse|p1b: Flutter Mane\n|-damage|p1b: Flutter Mane|0 fnt\n|faint|p1b: Flutter Mane\n|-end|p1b: Flutter Mane|Protosynthesis|[silent]\n|\n|upkeep\n|\n|t:|1681822426\n|switch|p1b: Scizor|Scizor, L50, F|100\/100\n|turn|3\n|c|\u2606Il Mule|persa oltre ogni ragionevole\n|c| rovesciaporci|musica di tamburelli fino all'aurora\n|\n|t:|1681822437\n|move|p1a: Gyarados|Protect|p1a: Gyarados\n|-singleturn|p1a: Gyarados|Protect\n|move|p1b: Scizor|Bullet Punch|p2b: Dentoni\n|-resisted|p2b: Dentoni\n|-damage|p2b: Dentoni|0 fnt\n|faint|p2b: Dentoni\n|move|p2a: Bando|Freeze-Dry|p1a: Gyarados\n|-activate|p1a: Gyarados|move: Protect\n|\n|upkeep\n|\n|t:|1681822441\n|switch|p2b: Tasconi|Great Tusk, L50|100\/100\n|turn|4\n|c|\u2606Il Mule|e non \u00e8\n|c|\u2606Il Mule|un'invenzione\n|c|\u2606Il Mule|e nemmeno\n|\n|t:|1681822466\n|move|p1b: Scizor|Bullet Punch|p2a: Bando\n|-damage|p2a: Bando|40\/100\n|move|p2a: Bando|Freeze-Dry|p1a: Gyarados\n|-supereffective|p1a: Gyarados\n|-damage|p1a: Gyarados|0 fnt\n|faint|p1a: Gyarados\n|move|p2b: Tasconi|Headlong Rush|p1b: Scizor\n|-damage|p1b: Scizor|29\/100\n|-unboost|p2b: Tasconi|def|1\n|-unboost|p2b: Tasconi|spd|1\n|\n|upkeep\n|\n|t:|1681822475\n|switch|p1a: Chi-Yu|Chi-Yu, L50|81\/100\n|-ability|p1a: Chi-Yu|Beads of Ruin\n|turn|5\n|c|\u2606Il Mule|ma \u00e8 cb\n|c|\u2606Il Mule|50\/50 signori\n|j| Crudo de fava\n|c|\u2606Il Mule|devo capire dove tira il bullo\n|c| rovesciaporci|lui non sa che hai il nastro\n|c|\u2606Il Mule|dici che non sa?\n|c| rovesciaporci|non ne \u00e8 sicuro ecco\n|inactive|Battle timer is ON: inactive players will automatically lose when time's up. (requested by sspark)\n|l| Crudo de fava\n|\n|t:|1681822527\n|-terastallize|p1a: Chi-Yu|Grass\n|move|p2b: Tasconi|Protect|p2b: Tasconi\n|-singleturn|p2b: Tasconi|Protect\n|move|p1b: Scizor|Bullet Punch|p2a: Bando\n|-damage|p2a: Bando|0 fnt\n|faint|p2a: Bando\n|-end|p2a: Bando|Quark Drive|[silent]\n|move|p1a: Chi-Yu|Tera Blast|p2b: Tasconi\n|-activate|p2b: Tasconi|move: Protect\n|\n|upkeep\n|turn|6\n|c| rovesciaporci|e neanche\n|c|\u2606Il Mule|la mia vita\n|c| rovesciaporci|un gioco di paroke\n|c|\u2606sspark|gg\n|\n|t:|1681822546\n|move|p1b: Scizor|Bullet Punch|p2b: Tasconi\n|-damage|p2b: Tasconi|45\/100\n|move|p1a: Chi-Yu|Tera Blast|p2b: Tasconi\n|-supereffective|p2b: Tasconi\n|-damage|p2b: Tasconi|0 fnt\n|faint|p2b: Tasconi\n|-end|p2b: Tasconi|Protosynthesis|[silent]\n|\n|win|sspark\n|raw|sspark's rating: 1556 → 1582<\/strong> (+26 for winning)\n|raw|Il Mule's rating: 1669 → 1643<\/strong> (-26 for losing)\n","uploadtime":1681822561,"views":7,"p1id":"sspark","p2id":"ilmule","formatid":"gen9vgc2023regulationc","rating":1582,"private":0,"password":""}