{"id":"gen9vgc2023regulationc-1859440427","p1":"Ciemmelle","p2":"snow-pokepoke","format":"[Gen 9] VGC 2023 Regulation C","log":"|j|\u2606Ciemmelle\n|j|\u2606snow-pokepoke\n|t:|1683468319\n|gametype|doubles\n|player|p1|Ciemmelle|musician|\n|player|p2|snow-pokepoke|#vgcwliikilowattrels|\n|teamsize|p1|6\n|teamsize|p2|6\n|gen|9\n|tier|[Gen 9] VGC 2023 Regulation C\n|rule|Species Clause: Limit one of each Pok\u00e9mon\n|rule|Item Clause: Limit one of each item\n|clearpoke\n|poke|p1|Annihilape, L50, M|\n|poke|p1|Iron Bundle, L50|\n|poke|p1|Arcanine, L50, M|\n|poke|p1|Roaring Moon, L50|\n|poke|p1|Gholdengo, L50|\n|poke|p1|Maushold-Four, L50|\n|poke|p2|Iron Bundle, L50|\n|poke|p2|Flutter Mane, L50|\n|poke|p2|Chien-Pao, L50|\n|poke|p2|Volcarona, L50, M|\n|poke|p2|Orthworm, L50, M|\n|poke|p2|Ting-Lu, L50|\n|teampreview|4\n|c|\u2606Ciemmelle|g3\nsnow-pokepoke has agreed to open team sheets.\n|j| Nash12\nCiemmelle has agreed to open team sheets.\n|c|\u2606Ciemmelle|glhf\n|c|\u2606snow-pokepoke|glhf\n|j| JeanMarc\n|j| Svenvgc\n|j| tyo\n|\n|t:|1683469337\n|start\n|switch|p1a: Maushold|Maushold-Four, L50|100\/100\n|switch|p1b: Annihilape|Annihilape, L50, M|100\/100\n|switch|p2a: Flutter Mane|Flutter Mane, L50|100\/100\n|switch|p2b: Volcarona|Volcarona, L50, M|100\/100\n|turn|1\n|\n|t:|1683469438\n|-terastallize|p1b: Annihilape|Water\n|move|p1a: Maushold|Protect|p1a: Maushold\n|-singleturn|p1a: Maushold|Protect\n|move|p2b: Volcarona|Rage Powder|p2b: Volcarona\n|-singleturn|p2b: Volcarona|move: Rage Powder\n|move|p2a: Flutter Mane|Dazzling Gleam|p1a: Maushold|[spread] p1b\n|-activate|p1a: Maushold|move: Protect\n|-damage|p1b: Annihilape|77\/100\n|move|p1b: Annihilape|Bulk Up|p1b: Annihilape\n|-boost|p1b: Annihilape|atk|1\n|-boost|p1b: Annihilape|def|1\n|\n|upkeep\n|turn|2\n|\n|t:|1683469477\n|switch|p1a: Arcanine|Arcanine, L50, M|100\/100\n|-ability|p1a: Arcanine|Intimidate|boost\n|-unboost|p2a: Flutter Mane|atk|1\n|-unboost|p2b: Volcarona|atk|1\n|move|p2b: Volcarona|Rage Powder|p2b: Volcarona\n|-singleturn|p2b: Volcarona|move: Rage Powder\n|move|p2a: Flutter Mane|Dazzling Gleam|p1a: Arcanine|[spread] p1a,p1b\n|-resisted|p1a: Arcanine\n|-damage|p1a: Arcanine|84\/100\n|-damage|p1b: Annihilape|44\/100\n|-enditem|p1b: Annihilape|Sitrus Berry|[eat]\n|-heal|p1b: Annihilape|69\/100|[from] item: Sitrus Berry\n|move|p1b: Annihilape|Rage Fist|p2b: Volcarona\n|-damage|p2b: Volcarona|3\/100\n|\n|upkeep\n|turn|3\n|\n|t:|1683469543\n|switch|p2b: Iron Bundle|Iron Bundle, L50|100\/100\n|-enditem|p2b: Iron Bundle|Booster Energy\n|-activate|p2b: Iron Bundle|ability: Quark Drive|[fromitem]\n|-start|p2b: Iron Bundle|quarkdrivespe\n|move|p1b: Annihilape|Protect|p1b: Annihilape\n|-singleturn|p1b: Annihilape|Protect\n|move|p2a: Flutter Mane|Dazzling Gleam|p1a: Arcanine|[spread] p1a\n|-activate|p1b: Annihilape|move: Protect\n|-resisted|p1a: Arcanine\n|-damage|p1a: Arcanine|68\/100\n|move|p1a: Arcanine|Snarl|p2a: Flutter Mane|[spread] p2a,p2b\n|-damage|p2a: Flutter Mane|93\/100\n|-damage|p2b: Iron Bundle|84\/100\n|-unboost|p2a: Flutter Mane|spa|1\n|-unboost|p2b: Iron Bundle|spa|1\n|\n|upkeep\n|turn|4\n|\n|t:|1683469570\n|switch|p1b: Maushold|Maushold-Four, L50|100\/100\n|-terastallize|p2b: Iron Bundle|Ghost\n|move|p2b: Iron Bundle|Freeze-Dry|p1b: Maushold\n|-damage|p1b: Maushold|80\/100\n|move|p2a: Flutter Mane|Dazzling Gleam|p1b: Maushold|[spread] p1a,p1b\n|-resisted|p1a: Arcanine\n|-damage|p1a: Arcanine|59\/100\n|-damage|p1b: Maushold|54\/100\n|move|p1a: Arcanine|Flare Blitz|p2b: Iron Bundle\n|-damage|p2b: Iron Bundle|16\/100\n|-damage|p1a: Arcanine|41\/100|[from] Recoil\n|\n|upkeep\n|turn|5\n|\n|t:|1683469656\n|move|p2b: Iron Bundle|Protect|p2b: Iron Bundle\n|-singleturn|p2b: Iron Bundle|Protect\n|move|p1b: Maushold|Follow Me|p1b: Maushold\n|-singleturn|p1b: Maushold|move: Follow Me\n|move|p2a: Flutter Mane|Dazzling Gleam|p1a: Arcanine|[spread] p1a,p1b\n|-resisted|p1a: Arcanine\n|-damage|p1a: Arcanine|33\/100\n|-damage|p1b: Maushold|26\/100\n|move|p1a: Arcanine|Snarl|p2b: Iron Bundle|[spread] p2a\n|-activate|p2b: Iron Bundle|move: Protect\n|-damage|p2a: Flutter Mane|85\/100\n|-unboost|p2a: Flutter Mane|spa|1\n|\n|upkeep\n|turn|6\n|\n|t:|1683469710\n|-end|p2b: Iron Bundle|Quark Drive|[silent]\n|switch|p2b: Chien-Pao|Chien-Pao, L50|100\/100\n|-ability|p2b: Chien-Pao|Sword of Ruin\n|-end|p2a: Flutter Mane|Protosynthesis|[silent]\n|switch|p2a: Volcarona|Volcarona, L50, M|3\/100\n|move|p1b: Maushold|Follow Me|p1b: Maushold\n|-singleturn|p1b: Maushold|move: Follow Me\n|move|p1a: Arcanine|Snarl|p2b: Chien-Pao|[spread] p2a,p2b\n|-resisted|p2b: Chien-Pao\n|-damage|p2a: Volcarona|0 fnt\n|-damage|p2b: Chien-Pao|93\/100\n|-unboost|p2b: Chien-Pao|spa|1\n|faint|p2a: Volcarona\n|\n|upkeep\n|\n|t:|1683469729\n|switch|p2a: Flutter Mane|Flutter Mane, L50|85\/100\n|turn|7\n|\n|t:|1683469824\n|move|p1b: Maushold|Follow Me|p1b: Maushold\n|-singleturn|p1b: Maushold|move: Follow Me\n|move|p2b: Chien-Pao|Sacred Sword|p1b: Maushold\n|-supereffective|p1b: Maushold\n|-damage|p1b: Maushold|0 fnt\n|faint|p1b: Maushold\n|move|p2a: Flutter Mane|Moonblast|p1a: Arcanine\n|-resisted|p1a: Arcanine\n|-damage|p1a: Arcanine|5\/100\n|move|p1a: Arcanine|Flare Blitz|p2a: Flutter Mane\n|-damage|p2a: Flutter Mane|0 fnt\n|faint|p2a: Flutter Mane\n|-end|p2a: Flutter Mane|Protosynthesis|[silent]\n|-damage|p1a: Arcanine|0 fnt|[from] Recoil\n|faint|p1a: Arcanine\n|\n|upkeep\n|\n|t:|1683469838\n|switch|p2a: Iron Bundle|Iron Bundle, L50, tera:Ghost|16\/100\n|switch|p1a: Annihilape|Annihilape, L50, M, tera:Water|69\/100\n|switch|p1b: Roaring Moon|Roaring Moon, L50|100\/100\n|-enditem|p1b: Roaring Moon|Booster Energy\n|-activate|p1b: Roaring Moon|ability: Protosynthesis|[fromitem]\n|-start|p1b: Roaring Moon|protosynthesisspe\n|turn|8\n|\n|t:|1683469860\n|move|p2a: Iron Bundle|Protect|p2a: Iron Bundle\n|-singleturn|p2a: Iron Bundle|Protect\n|move|p1b: Roaring Moon|Breaking Swipe|p2a: Iron Bundle|[spread] p2b\n|-activate|p2a: Iron Bundle|move: Protect\n|-damage|p2b: Chien-Pao|62\/100\n|-unboost|p2b: Chien-Pao|atk|1\n|move|p2b: Chien-Pao|Ice Spinner|p1b: Roaring Moon\n|-supereffective|p1b: Roaring Moon\n|-damage|p1b: Roaring Moon|10\/100\n|move|p1a: Annihilape|Drain Punch|p2b: Chien-Pao\n|-supereffective|p2b: Chien-Pao\n|-damage|p2b: Chien-Pao|0 fnt\n|-heal|p1a: Annihilape|91\/100|[from] drain|[of] p2b: Chien-Pao\n|faint|p2b: Chien-Pao\n|\n|upkeep\n|turn|9\n|c|\u2606snow-pokepoke|ggs\n|-message|snow-pokepoke forfeited.\n|\n|win|Ciemmelle\n|c|\u2606Ciemmelle|ggwp\n|c|\u2606snow-pokepoke|u2!\n|l|\u2606Ciemmelle\n|l| Svenvgc\n|l| tyo\n|j|+Zelda\n|l|+Zelda\n","uploadtime":1683469888,"views":20,"p1id":"ciemmelle","p2id":"snowpokepoke","formatid":"gen9vgc2023regulationc","rating":0,"private":0,"password":""}