{"id":"gen9vgc2023regulationc-1846455664","p1":"salvypara","p2":"iron brate","format":"[Gen 9] VGC 2023 Regulation C","log":"|j|\u2606salvypara\n|j|\u2606iron brate\n|t:|1681842285\n|gametype|doubles\n|player|p1|salvypara|170|\n|player|p2|iron brate|1|\n|teamsize|p1|6\n|teamsize|p2|6\n|gen|9\n|tier|[Gen 9] VGC 2023 Regulation C\n|rule|Species Clause: Limit one of each Pok\u00e9mon\n|rule|Item Clause: Limit one of each item\n|clearpoke\n|poke|p1|Baxcalibur, L50, M|\n|poke|p1|Amoonguss, L50, M|\n|poke|p1|Flutter Mane, L50|\n|poke|p1|Iron Hands, L50|\n|poke|p1|Chi-Yu, L50|\n|poke|p1|Gyarados, L50, M|\n|poke|p2|Flutter Mane, L50|\n|poke|p2|Gothitelle, L50, F|\n|poke|p2|Iron Hands, L50|\n|poke|p2|Amoonguss, L50, M|\n|poke|p2|Ting-Lu, L50|\n|poke|p2|Gyarados, L50, M|\n|teampreview|4\n|inactive|Battle timer is ON: inactive players will automatically lose when time's up. (requested by iron brate)\n|c|\u2606iron brate|G2\niron brate has agreed to open team sheets.\n|inactiveoff|Battle timer is now OFF.\nsalvypara has agreed to open team sheets.\n|c|\u2606iron brate|glhf\n|c|\u2606salvypara|glhf\n|\n|t:|1681842739\n|start\n|switch|p1a: Flutter Mane|Flutter Mane, L50|100\/100\n|switch|p1b: Iron Hands|Iron Hands, L50, shiny|100\/100\n|switch|p2a: Gothitelle|Gothitelle, L50, F|100\/100\n|switch|p2b: Iron Hands|Iron Hands, L50|100\/100\n|-enditem|p1a: Flutter Mane|Booster Energy\n|-activate|p1a: Flutter Mane|ability: Protosynthesis|[fromitem]\n|-start|p1a: Flutter Mane|protosynthesisspa\n|turn|1\n|\n|t:|1681842763\n|switch|p2a: Ting-Lu|Ting-Lu, L50|100\/100\n|-ability|p2a: Ting-Lu|Vessel of Ruin\n|-terastallize|p2b: Iron Hands|Fire\n|move|p1b: Iron Hands|Fake Out|p2b: Iron Hands\n|-damage|p2b: Iron Hands|92\/100\n|move|p1a: Flutter Mane|Shadow Ball|p2a: Ting-Lu\n|-resisted|p2a: Ting-Lu\n|-damage|p2a: Ting-Lu|90\/100\n|cant|p2b: Iron Hands|flinch\n|\n|upkeep\n|turn|2\n|\n|t:|1681842804\n|switch|p2a: Amoonguss|Amoonguss, L50, M, shiny|100\/100\n|move|p1a: Flutter Mane|Moonblast|p2a: Amoonguss\n|-resisted|p2a: Amoonguss\n|-damage|p2a: Amoonguss|76\/100\n|move|p1b: Iron Hands|Close Combat|p2a: Amoonguss\n|-resisted|p2a: Amoonguss\n|-damage|p2a: Amoonguss|53\/100\n|-unboost|p1b: Iron Hands|def|1\n|-unboost|p1b: Iron Hands|spd|1\n|move|p2b: Iron Hands|Drain Punch|p1b: Iron Hands\n|-damage|p1b: Iron Hands|67\/100\n|-heal|p2b: Iron Hands|100\/100|[from] drain|[of] p1b: Iron Hands\n|\n|upkeep\n|turn|3\n|\n|t:|1681842847\n|move|p1a: Flutter Mane|Shadow Ball|p2a: Amoonguss\n|-damage|p2a: Amoonguss|5\/100\n|-enditem|p2a: Amoonguss|Wiki Berry|[eat]\n|-heal|p2a: Amoonguss|38\/100|[from] item: Wiki Berry\n|move|p1b: Iron Hands|Volt Switch|p2a: Amoonguss\n|-resisted|p2a: Amoonguss\n|-damage|p2a: Amoonguss|33\/100\n|\n|t:|1681842852\n|-end|p1b: Iron Hands|Quark Drive|[silent]\n|switch|p1b: Gyarados|Gyarados, L50, M, shiny|100\/100|[from] Volt Switch\n|-ability|p1b: Gyarados|Intimidate|boost\n|-unboost|p2a: Amoonguss|atk|1\n|-unboost|p2b: Iron Hands|atk|1\n|move|p2b: Iron Hands|Wild Charge|p1a: Flutter Mane\n|-damage|p1a: Flutter Mane|44\/100\n|-damage|p2b: Iron Hands|92\/100|[from] Recoil\n|move|p2a: Amoonguss|Spore|p1a: Flutter Mane\n|-status|p1a: Flutter Mane|slp|[from] move: Spore\n|\n|upkeep\n|turn|4\n|\n|t:|1681842903\n|switch|p2a: Gothitelle|Gothitelle, L50, F|100\/100\n|-terastallize|p1b: Gyarados|Steel\n|cant|p1a: Flutter Mane|slp\n|move|p1b: Gyarados|Taunt|p2b: Iron Hands\n|-start|p2b: Iron Hands|move: Taunt\n|move|p2b: Iron Hands|Wild Charge|p1a: Flutter Mane\n|-damage|p1a: Flutter Mane|0 fnt\n|faint|p1a: Flutter Mane\n|-end|p1a: Flutter Mane|Protosynthesis|[silent]\n|-damage|p2b: Iron Hands|86\/100|[from] Recoil\n|\n|upkeep\n|\n|t:|1681842912\n|switch|p1a: Chi-Yu|Chi-Yu, L50|100\/100\n|-ability|p1a: Chi-Yu|Beads of Ruin\n|turn|5\n|\n|t:|1681842933\n|move|p2a: Gothitelle|Fake Out|p1a: Chi-Yu\n|-damage|p1a: Chi-Yu|94\/100\n|cant|p1a: Chi-Yu|flinch\n|move|p1b: Gyarados|Taunt|p2a: Gothitelle\n|-start|p2a: Gothitelle|move: Taunt\n|move|p2b: Iron Hands|Drain Punch|p1b: Gyarados\n|-supereffective|p1b: Gyarados\n|-damage|p1b: Gyarados|40\/100\n|-heal|p2b: Iron Hands|100\/100|[from] drain|[of] p1b: Gyarados\n|-enditem|p1b: Gyarados|Sitrus Berry|[eat]\n|-heal|p1b: Gyarados|65\/100|[from] item: Sitrus Berry\n|\n|upkeep\n|turn|6\n|\n|t:|1681842970\n|move|p1a: Chi-Yu|Nasty Plot|p1a: Chi-Yu\n|-boost|p1a: Chi-Yu|spa|2\n|move|p1b: Gyarados|Thunder Wave|p2b: Iron Hands|[miss]\n|-miss|p1b: Gyarados|p2b: Iron Hands\n|move|p2a: Gothitelle|Psychic|p1b: Gyarados\n|-resisted|p1b: Gyarados\n|-crit|p1b: Gyarados\n|-damage|p1b: Gyarados|45\/100\n|move|p2b: Iron Hands|Drain Punch|p1b: Gyarados\n|-supereffective|p1b: Gyarados\n|-damage|p1b: Gyarados|0 fnt\n|faint|p1b: Gyarados\n|\n|-end|p2b: Iron Hands|move: Taunt\n|upkeep\n|\n|t:|1681842977\n|switch|p1b: Iron Hands|Iron Hands, L50, shiny|67\/100\n|turn|7\n|\n|t:|1681843018\n|switch|p2a: Ting-Lu|Ting-Lu, L50|90\/100\n|-ability|p2a: Ting-Lu|Vessel of Ruin\n|move|p2b: Iron Hands|Protect|p2b: Iron Hands\n|-singleturn|p2b: Iron Hands|Protect\n|move|p1b: Iron Hands|Fake Out|p2b: Iron Hands\n|-activate|p2b: Iron Hands|move: Protect\n|move|p1a: Chi-Yu|Heat Wave|p2a: Ting-Lu|[spread] p2a\n|-activate|p2b: Iron Hands|move: Protect\n|-damage|p2a: Ting-Lu|61\/100\n|\n|upkeep\n|turn|8\n|\n|t:|1681843043\n|switch|p2a: Amoonguss|Amoonguss, L50, M, shiny|66\/100\n|move|p1a: Chi-Yu|Protect|p1a: Chi-Yu\n|-singleturn|p1a: Chi-Yu|Protect\n|move|p1b: Iron Hands|Close Combat|p2a: Amoonguss\n|-resisted|p2a: Amoonguss\n|-damage|p2a: Amoonguss|43\/100\n|-unboost|p1b: Iron Hands|def|1\n|-unboost|p1b: Iron Hands|spd|1\n|move|p2b: Iron Hands|Drain Punch|p1a: Chi-Yu\n|-activate|p1a: Chi-Yu|move: Protect\n|\n|upkeep\n|turn|9\n|\n|t:|1681843071\n|switch|p2a: Ting-Lu|Ting-Lu, L50|61\/100\n|-ability|p2a: Ting-Lu|Vessel of Ruin\n|move|p1a: Chi-Yu|Dark Pulse|p2b: Iron Hands\n|-damage|p2b: Iron Hands|47\/100\n|move|p1b: Iron Hands|Close Combat|p2b: Iron Hands\n|-damage|p2b: Iron Hands|7\/100\n|-unboost|p1b: Iron Hands|def|1\n|-unboost|p1b: Iron Hands|spd|1\n|cant|p2b: Iron Hands|flinch\n|\n|upkeep\n|turn|10\n|\n|t:|1681843104\n|move|p2b: Iron Hands|Protect|p2b: Iron Hands\n|-singleturn|p2b: Iron Hands|Protect\n|move|p1a: Chi-Yu|Heat Wave|p2b: Iron Hands|[spread] p2a\n|-activate|p2b: Iron Hands|move: Protect\n|-damage|p2a: Ting-Lu|30\/100\n|move|p1b: Iron Hands|Close Combat|p2a: Ting-Lu\n|-supereffective|p2a: Ting-Lu\n|-crit|p2a: Ting-Lu\n|-damage|p2a: Ting-Lu|0 fnt\n|-unboost|p1b: Iron Hands|def|1\n|-unboost|p1b: Iron Hands|spd|1\n|faint|p2a: Ting-Lu\n|\n|upkeep\n|\n|t:|1681843113\n|switch|p2a: Gothitelle|Gothitelle, L50, F|100\/100\n|turn|11\n|\n|t:|1681843136\n|move|p1a: Chi-Yu|Heat Wave|p2b: Iron Hands|[spread] p2a,p2b\n|-resisted|p2b: Iron Hands\n|-damage|p2a: Gothitelle|24\/100\n|-damage|p2b: Iron Hands|0 fnt\n|-status|p2a: Gothitelle|brn\n|-enditem|p2a: Gothitelle|Sitrus Berry|[eat]\n|-heal|p2a: Gothitelle|49\/100 brn|[from] item: Sitrus Berry\n|faint|p2b: Iron Hands\n|-end|p2b: Iron Hands|Quark Drive|[silent]\n|move|p2a: Gothitelle|Psychic|p1b: Iron Hands\n|-supereffective|p1b: Iron Hands\n|-damage|p1b: Iron Hands|0 fnt\n|faint|p1b: Iron Hands\n|-end|p1b: Iron Hands|Quark Drive|[silent]\n|\n|-damage|p2a: Gothitelle|43\/100 brn|[from] brn\n|upkeep\n|\n|t:|1681843148\n|switch|p2b: Amoonguss|Amoonguss, L50, M, shiny|76\/100\n|turn|12\n|\n|t:|1681843153\n|move|p1a: Chi-Yu|Heat Wave|p2a: Gothitelle|[spread] p2a,p2b\n|-supereffective|p2b: Amoonguss\n|-damage|p2a: Gothitelle|0 fnt\n|-damage|p2b: Amoonguss|0 fnt\n|faint|p2a: Gothitelle\n|faint|p2b: Amoonguss\n|\n|win|salvypara\n|c|\u2606iron brate|gg\n","uploadtime":1681843163,"views":8,"p1id":"salvypara","p2id":"ironbrate","formatid":"gen9vgc2023regulationc","rating":0,"private":0,"password":""}