{"id":"gen9vgc2023regulationc-1861442833","p1":"DogGoRuff","p2":"leaveher","format":"[Gen 9] VGC 2023 Regulation C","log":"|j|\u2606DogGoRuff\n|j|\u2606leaveher\n|t:|1683758457\n|gametype|doubles\n|player|p1|DogGoRuff|cynthia-gen4|1087\n|player|p2|leaveher|1|1180\n|teamsize|p1|6\n|teamsize|p2|6\n|gen|9\n|tier|[Gen 9] VGC 2023 Regulation C\n|rated|\n|rule|Species Clause: Limit one of each Pok\u00e9mon\n|rule|Item Clause: Limit one of each item\n|clearpoke\n|poke|p1|Flutter Mane, L50|\n|poke|p1|Amoonguss, L50, M|\n|poke|p1|Scream Tail, L50|\n|poke|p1|Gothitelle, L50, M|\n|poke|p1|Arcanine, L50, M|\n|poke|p1|Palafin, L50, M|\n|poke|p2|Indeedee-F, L50, F|\n|poke|p2|Armarouge, L50, M|\n|poke|p2|Azumarill, L50, M|\n|poke|p2|Torkoal, L50, M|\n|poke|p2|Hatterene, L50, F|\n|poke|p2|Sylveon, L50, F|\n|teampreview|4\n|inactive|Battle timer is ON: inactive players will automatically lose when time's up. (requested by leaveher)\nDogGoRuff has agreed to open team sheets.\n|inactive|DogGoRuff has 60 seconds left.\n|inactive|leaveher has 60 seconds left.\n|inactive|DogGoRuff has 30 seconds left.\n|inactive|leaveher has 30 seconds left.\n|inactive|DogGoRuff has 20 seconds left.\n|inactive|leaveher has 20 seconds left.\n|\n|t:|1683758529\n|start\n|switch|p1a: Gothitelle|Gothitelle, L50, M|100\/100\n|switch|p1b: Flutter Mane|Flutter Mane, L50|100\/100\n|switch|p2a: Indeedee|Indeedee-F, L50, F|100\/100\n|switch|p2b: Hatterene|Hatterene, L50, F|100\/100\n|-fieldstart|move: Psychic Terrain|[from] ability: Psychic Surge|[of] p2a: Indeedee\n|turn|1\n|\n|t:|1683758548\n|move|p2a: Indeedee|Helping Hand|p2b: Hatterene\n|-singleturn|p2b: Hatterene|Helping Hand|[of] p2a: Indeedee\n|move|p1a: Gothitelle|Fake Out|p2b: Hatterene\n|-activate|p2b: Hatterene|move: Psychic Terrain\n|move|p1b: Flutter Mane|Perish Song|p1b: Flutter Mane\n|-start|p1a: Gothitelle|perish3|[silent]\n|-start|p1b: Flutter Mane|perish3|[silent]\n|-start|p2a: Indeedee|perish3|[silent]\n|-start|p2b: Hatterene|perish3|[silent]\n|-fieldactivate|move: Perish Song\n|move|p2b: Hatterene|Dark Pulse|p1a: Gothitelle\n|-supereffective|p1a: Gothitelle\n|-damage|p1a: Gothitelle|10\/100\n|-enditem|p1a: Gothitelle|Sitrus Berry|[eat]\n|-heal|p1a: Gothitelle|34\/100|[from] item: Sitrus Berry\n|-damage|p2b: Hatterene|91\/100|[from] item: Life Orb\n|\n|-start|p1b: Flutter Mane|perish3\n|-start|p1a: Gothitelle|perish3\n|-start|p2a: Indeedee|perish3\n|-start|p2b: Hatterene|perish3\n|upkeep\n|turn|2\n|inactive|DogGoRuff has 30 seconds left.\n|\n|t:|1683758578\n|move|p1a: Gothitelle|Protect|p1a: Gothitelle\n|-singleturn|p1a: Gothitelle|Protect\n|move|p2a: Indeedee|Follow Me|p2a: Indeedee\n|-singleturn|p2a: Indeedee|move: Follow Me\n|move|p1b: Flutter Mane|Shadow Ball|p2a: Indeedee\n|-immune|p2a: Indeedee\n|move|p2b: Hatterene|Dark Pulse|p1b: Flutter Mane\n|-damage|p1b: Flutter Mane|56\/100\n|-damage|p2b: Hatterene|81\/100|[from] item: Life Orb\n|\n|-start|p1b: Flutter Mane|perish2\n|-start|p1a: Gothitelle|perish2\n|-start|p2a: Indeedee|perish2\n|-start|p2b: Hatterene|perish2\n|upkeep\n|turn|3\n|inactive|DogGoRuff has 30 seconds left.\n|inactive|leaveher has 30 seconds left.\n|inactive|DogGoRuff has 20 seconds left.\n|\n|t:|1683758614\n|move|p1a: Gothitelle|Protect|p1a: Gothitelle\n|-singleturn|p1a: Gothitelle|Protect\n|move|p2a: Indeedee|Follow Me|p2a: Indeedee\n|-singleturn|p2a: Indeedee|move: Follow Me\n|move|p1b: Flutter Mane|Moonblast|p2a: Indeedee\n|-damage|p2a: Indeedee|50\/100\n|move|p2b: Hatterene|Dark Pulse|p1a: Gothitelle\n|-activate|p1a: Gothitelle|move: Protect\n|\n|-start|p1b: Flutter Mane|perish1\n|-start|p1a: Gothitelle|perish1\n|-start|p2a: Indeedee|perish1\n|-start|p2b: Hatterene|perish1\n|upkeep\n|turn|4\n|inactive|leaveher has 30 seconds left.\n|inactive|leaveher has 20 seconds left.\n|\n|t:|1683758650\n|-end|p1b: Flutter Mane|Protosynthesis|[silent]\n|switch|p1b: Palafin|Palafin, L50, M|100\/100\n|switch|p1a: Amoonguss|Amoonguss, L50, M|100\/100\n|move|p2b: Hatterene|Psyshock|p1a: Amoonguss\n|-supereffective|p1a: Amoonguss\n|-damage|p1a: Amoonguss|0 fnt\n|faint|p1a: Amoonguss\n|-damage|p2b: Hatterene|71\/100|[from] item: Life Orb\n|move|p2a: Indeedee|Trick Room|p2a: Indeedee\n|-fieldstart|move: Trick Room|[of] p2a: Indeedee\n|\n|-start|p2b: Hatterene|perish0\n|-start|p2a: Indeedee|perish0\n|faint|p2b: Hatterene\n|faint|p2a: Indeedee\n|upkeep\n|\n|t:|1683758668\n|switch|p2b: Azumarill|Azumarill, L50, M|100\/100\n|switch|p1a: Flutter Mane|Flutter Mane, L50|56\/100\n|switch|p2a: Torkoal|Torkoal, L50, M|100\/100\n|-weather|SunnyDay|[from] ability: Drought|[of] p2a: Torkoal\n|-activate|p1a: Flutter Mane|ability: Protosynthesis\n|-start|p1a: Flutter Mane|protosynthesisspe\n|turn|5\n|inactive|DogGoRuff has 30 seconds left.\n|inactive|leaveher has 30 seconds left.\n|inactive|leaveher has 20 seconds left.\n|\n|t:|1683758704\n|move|p2a: Torkoal|Eruption|p1b: Palafin|[spread] p1a,p1b\n|-resisted|p1b: Palafin\n|-damage|p1a: Flutter Mane|0 fnt\n|-damage|p1b: Palafin|47\/100\n|faint|p1a: Flutter Mane\n|-end|p1a: Flutter Mane|Protosynthesis|[silent]\n|move|p2b: Azumarill|Play Rough|p1b: Palafin|[miss]\n|-miss|p2b: Azumarill|p1b: Palafin\n|move|p1b: Palafin|Wave Crash|p2a: Torkoal\n|-supereffective|p2a: Torkoal\n|-damage|p2a: Torkoal|62\/100\n|-damage|p1b: Palafin|36\/100|[from] Recoil\n|\n|-weather|SunnyDay|[upkeep]\n|-fieldend|move: Psychic Terrain\n|upkeep\n|\n|t:|1683758718\n|switch|p1a: Gothitelle|Gothitelle, L50, M|34\/100\n|turn|6\n|\n|t:|1683758728\n|move|p2a: Torkoal|Protect|p2a: Torkoal\n|-singleturn|p2a: Torkoal|Protect\n|move|p1a: Gothitelle|Fake Out|p2a: Torkoal\n|-activate|p2a: Torkoal|move: Protect\n|move|p2b: Azumarill|Play Rough|p1b: Palafin\n|-damage|p1b: Palafin|0 fnt\n|faint|p1b: Palafin\n|\n|-weather|SunnyDay|[upkeep]\n|upkeep\n|turn|7\n|\n|t:|1683758742\n|-terastallize|p2a: Torkoal|Fire\n|move|p1a: Gothitelle|Protect|p1a: Gothitelle\n|-singleturn|p1a: Gothitelle|Protect\n|move|p2a: Torkoal|Flamethrower|p1a: Gothitelle\n|-activate|p1a: Gothitelle|move: Protect\n|move|p2b: Azumarill|Play Rough|p1a: Gothitelle\n|-activate|p1a: Gothitelle|move: Protect\n|\n|-weather|SunnyDay|[upkeep]\n|upkeep\n|turn|8\n|\n|t:|1683758759\n|-terastallize|p1a: Gothitelle|Water\n|move|p1a: Gothitelle|Protect|p1a: Gothitelle\n|-singleturn|p1a: Gothitelle|Protect\n|move|p2a: Torkoal|Flamethrower|p1a: Gothitelle\n|-activate|p1a: Gothitelle|move: Protect\n|move|p2b: Azumarill|Play Rough|p1a: Gothitelle\n|-activate|p1a: Gothitelle|move: Protect\n|\n|-weather|SunnyDay|[upkeep]\n|-fieldend|move: Trick Room\n|upkeep\n|turn|9\n|\n|t:|1683758773\n|move|p1a: Gothitelle|Protect|p1a: Gothitelle\n|-singleturn|p1a: Gothitelle|Protect\n|move|p2b: Azumarill|Play Rough|p1a: Gothitelle\n|-activate|p1a: Gothitelle|move: Protect\n|move|p2a: Torkoal|Flamethrower|p1a: Gothitelle\n|-activate|p1a: Gothitelle|move: Protect\n|\n|-weather|none\n|upkeep\n|turn|10\n|\n|t:|1683758784\n|move|p1a: Gothitelle|Protect||[still]\n|-fail|p1a: Gothitelle\n|move|p2b: Azumarill|Play Rough|p1a: Gothitelle\n|-damage|p1a: Gothitelle|0 fnt\n|faint|p1a: Gothitelle\n|\n|win|leaveher\n|raw|DogGoRuff's rating: 1087 → 1070<\/strong> (-17 for losing)\n|raw|leaveher's rating: 1180 → 1198<\/strong> (+18 for winning)\n|l|\u2606DogGoRuff\n","uploadtime":1683758805,"views":8,"p1id":"doggoruff","p2id":"leaveher","formatid":"gen9vgc2023regulationc","rating":1070,"private":0,"password":""}