{"id":"gen9vgc2023regulationc-1849655763","p1":"fonzee3000","p2":"eight-clouds","format":"[Gen 9] VGC 2023 Regulation C","log":"|j|\u2606fonzee3000\n|j|\u2606eight-clouds\n|t:|1682226648\n|gametype|doubles\n|player|p1|fonzee3000|steven|1266\n|player|p2|eight-clouds|102|1329\n|teamsize|p1|6\n|teamsize|p2|6\n|gen|9\n|tier|[Gen 9] VGC 2023 Regulation C\n|rated|\n|rule|Species Clause: Limit one of each Pok\u00e9mon\n|rule|Item Clause: Limit one of each item\n|clearpoke\n|poke|p1|Farigiraf, L50, M|\n|poke|p1|Iron Hands, L50|\n|poke|p1|Garchomp, L50, M|\n|poke|p1|Talonflame, L50, F|\n|poke|p1|Flutter Mane, L50|\n|poke|p1|Amoonguss, L50, M|\n|poke|p2|Iron Bundle, L50|\n|poke|p2|Chi-Yu, L50|\n|poke|p2|Dondozo, L50, M|\n|poke|p2|Tatsugiri, L50, M|\n|poke|p2|Glimmora, L50, F|\n|poke|p2|Dragonite, L50, F|\n|teampreview|4\nfonzee3000 has agreed to open team sheets.\n|inactive|Battle timer is ON: inactive players will automatically lose when time's up. (requested by fonzee3000)\n|\n|t:|1682226692\n|start\n|switch|p1a: Talonflame|Talonflame, L50, F, shiny|100\/100\n|switch|p1b: Garchomp|Garchomp, L50, M, shiny|100\/100\n|switch|p2a: Dondozo|Dondozo, L50, M|100\/100\n|switch|p2b: Iron Bundle|Iron Bundle, L50|100\/100\n|-enditem|p2b: Iron Bundle|Booster Energy\n|-activate|p2b: Iron Bundle|ability: Quark Drive|[fromitem]\n|-start|p2b: Iron Bundle|quarkdrivespe\n|turn|1\n|\n|t:|1682226717\n|move|p1b: Garchomp|Protect|p1b: Garchomp\n|-singleturn|p1b: Garchomp|Protect\n|move|p1a: Talonflame|Tailwind|p1a: Talonflame\n|-sidestart|p1: fonzee3000|move: Tailwind\n|move|p2b: Iron Bundle|Hydro Pump|p1a: Talonflame\n|-supereffective|p1a: Talonflame\n|-damage|p1a: Talonflame|0 fnt\n|faint|p1a: Talonflame\n|move|p2a: Dondozo|Wave Crash|p1b: Garchomp\n|-activate|p1b: Garchomp|move: Protect\n|\n|upkeep\n|\n|t:|1682226729\n|switch|p1a: Amoonguss|Amoonguss, L50, M, shiny|100\/100\n|turn|2\n|\n|t:|1682226751\n|move|p2b: Iron Bundle|Protect|p2b: Iron Bundle\n|-singleturn|p2b: Iron Bundle|Protect\n|move|p1b: Garchomp|Stomping Tantrum|p2b: Iron Bundle\n|-activate|p2b: Iron Bundle|move: Protect\n|move|p2a: Dondozo|Earthquake|p1a: Amoonguss|[spread] p1a,p1b\n|-activate|p2b: Iron Bundle|move: Protect\n|-damage|p1a: Amoonguss|81\/100\n|-damage|p1b: Garchomp|77\/100\n|move|p1a: Amoonguss|Spore|p2a: Dondozo\n|-status|p2a: Dondozo|slp|[from] move: Spore\n|\n|upkeep\n|turn|3\n|inactive|eight-clouds has 30 seconds left.\n|inactive|eight-clouds has 20 seconds left.\n|\n|t:|1682226787\n|move|p1b: Garchomp|Stomping Tantrum|p2b: Iron Bundle\n|-damage|p2b: Iron Bundle|50\/100\n|move|p2b: Iron Bundle|Hydro Pump|p1b: Garchomp\n|-damage|p1b: Garchomp|11\/100\n|cant|p2a: Dondozo|slp\n|move|p1a: Amoonguss|Clear Smog|p2a: Dondozo\n|-damage|p2a: Dondozo|86\/100 slp\n|-clearboost|p2a: Dondozo\n|\n|-heal|p2a: Dondozo|92\/100 slp|[from] item: Leftovers\n|upkeep\n|turn|4\n|\n|t:|1682226812\n|move|p1b: Garchomp|Protect|p1b: Garchomp\n|-singleturn|p1b: Garchomp|Protect\n|move|p2b: Iron Bundle|Protect|p2b: Iron Bundle\n|-singleturn|p2b: Iron Bundle|Protect\n|-curestatus|p2a: Dondozo|slp|[msg]\n|move|p2a: Dondozo|Earthquake|p1b: Garchomp|[spread] p1a\n|-activate|p2b: Iron Bundle|move: Protect\n|-activate|p1b: Garchomp|move: Protect\n|-damage|p1a: Amoonguss|62\/100\n|move|p1a: Amoonguss|Spore|p2b: Iron Bundle\n|-activate|p2b: Iron Bundle|move: Protect\n|\n|-heal|p2a: Dondozo|98\/100|[from] item: Leftovers\n|-sideend|p1: fonzee3000|move: Tailwind\n|upkeep\n|turn|5\n|inactive|fonzee3000 has 30 seconds left.\n|inactive|eight-clouds has 30 seconds left.\n|inactive|eight-clouds has 20 seconds left.\n|\n|t:|1682226852\n|move|p1a: Amoonguss|Rage Powder|p1a: Amoonguss\n|-singleturn|p1a: Amoonguss|move: Rage Powder\n|move|p2b: Iron Bundle|Icy Wind|p1a: Amoonguss|[spread] p1a,p1b\n|-supereffective|p1a: Amoonguss\n|-supereffective|p1b: Garchomp\n|-damage|p1a: Amoonguss|28\/100\n|-damage|p1b: Garchomp|0 fnt\n|-unboost|p1a: Amoonguss|spe|1\n|faint|p1b: Garchomp\n|move|p2a: Dondozo|Wave Crash|p1a: Amoonguss\n|-resisted|p1a: Amoonguss\n|-damage|p1a: Amoonguss|4\/100\n|-damage|p2a: Dondozo|82\/100|[from] item: Rocky Helmet|[of] p1a: Amoonguss\n|-damage|p2a: Dondozo|75\/100|[from] Recoil\n|\n|-heal|p2a: Dondozo|81\/100|[from] item: Leftovers\n|upkeep\n|\n|t:|1682226864\n|switch|p1b: Iron Hands|Iron Hands, L50, shiny|100\/100\n|turn|6\n|inactive|fonzee3000 has 30 seconds left.\n|inactive|eight-clouds has 30 seconds left.\n|\n|t:|1682226893\n|move|p1b: Iron Hands|Fake Out|p2b: Iron Bundle\n|-damage|p2b: Iron Bundle|30\/100\n|cant|p2b: Iron Bundle|flinch\n|move|p2a: Dondozo|Wave Crash|p1a: Amoonguss\n|-resisted|p1a: Amoonguss\n|-damage|p1a: Amoonguss|0 fnt\n|-damage|p2a: Dondozo|64\/100|[from] item: Rocky Helmet|[of] p1a: Amoonguss\n|faint|p1a: Amoonguss\n|-damage|p2a: Dondozo|63\/100|[from] Recoil\n|\n|-heal|p2a: Dondozo|69\/100|[from] item: Leftovers\n|upkeep\n|turn|7\n|inactive|eight-clouds has 30 seconds left.\n|\n|t:|1682226921\n|move|p2b: Iron Bundle|Freeze-Dry|p1b: Iron Hands\n|-damage|p1b: Iron Hands|80\/100\n|-status|p1b: Iron Hands|frz\n|move|p2a: Dondozo|Wave Crash|p1b: Iron Hands\n|-damage|p1b: Iron Hands|39\/100 frz\n|-damage|p2a: Dondozo|55\/100|[from] Recoil\n|-curestatus|p1b: Iron Hands|frz|[msg]\n|move|p1b: Iron Hands|Wild Charge|p2b: Iron Bundle\n|-supereffective|p2b: Iron Bundle\n|-damage|p2b: Iron Bundle|0 fnt\n|faint|p2b: Iron Bundle\n|-end|p2b: Iron Bundle|Quark Drive|[silent]\n|-damage|p1b: Iron Hands|35\/100|[from] Recoil\n|\n|-heal|p2a: Dondozo|61\/100|[from] item: Leftovers\n|upkeep\n|-message|fonzee3000 forfeited.\n|\n|win|eight-clouds\n|raw|fonzee3000's rating: 1266 → 1245<\/strong> (-21 for losing)\n|raw|eight-clouds's rating: 1329 → 1345<\/strong> (+16 for winning)\n","uploadtime":1682226941,"views":21,"p1id":"fonzee3000","p2id":"eightclouds","formatid":"gen9vgc2023regulationc","rating":1245,"private":0,"password":""}