{"id":"gen9vgc2023regulationc-1852708363","p1":"Ontision","p2":"Tawn","format":"[Gen 9] VGC 2023 Regulation C","log":"|j|\u2606Ontision\n|j|\u2606Tawn\n|t:|1682598886\n|gametype|doubles\n|player|p1|Ontision|265|1143\n|player|p2|Tawn|red|1164\n|teamsize|p1|6\n|teamsize|p2|6\n|gen|9\n|tier|[Gen 9] VGC 2023 Regulation C\n|rated|\n|rule|Species Clause: Limit one of each Pok\u00e9mon\n|rule|Item Clause: Limit one of each item\n|clearpoke\n|poke|p1|Grimmsnarl, L50, M|\n|poke|p1|Flutter Mane, L50|\n|poke|p1|Chi-Yu, L50|\n|poke|p1|Dondozo, L50, F|\n|poke|p1|Tatsugiri-Stretchy, L50, F|\n|poke|p1|Iron Bundle, L50|\n|poke|p2|Indeedee-F, L50, F|\n|poke|p2|Armarouge, L50, F|\n|poke|p2|Bisharp, L50, F|\n|poke|p2|Quaquaval, L50, F|\n|poke|p2|Chi-Yu, L50|\n|poke|p2|Murkrow, L50, F|\n|teampreview|4\n|\n|t:|1682598906\n|start\n|switch|p1a: Dondozo|Dondozo, L50, F|100\/100\n|switch|p1b: Tatsugiri|Tatsugiri-Stretchy, L50, F|100\/100\n|switch|p2a: Murkrow|Murkrow, L50, F|100\/100\n|switch|p2b: Chi-Yu|Chi-Yu, L50|100\/100\n|-activate|p1b: Tatsugiri|ability: Commander|[of] p1a: Dondozo\n|-boost|p1a: Dondozo|atk|2\n|-boost|p1a: Dondozo|spa|2\n|-boost|p1a: Dondozo|spe|2\n|-boost|p1a: Dondozo|def|2\n|-boost|p1a: Dondozo|spd|2\n|-ability|p2b: Chi-Yu|Beads of Ruin\n|turn|1\n|inactive|Battle timer is ON: inactive players will automatically lose when time's up. (requested by Ontision)\n|\n|t:|1682598920\n|-terastallize|p2b: Chi-Yu|Water\n|move|p2a: Murkrow|Haze|p2a: Murkrow\n|-clearallboost\n|move|p2b: Chi-Yu|Heat Wave|p1a: Dondozo|[spread] p1a\n|-miss|p2b: Chi-Yu|p1b: Tatsugiri\n|-resisted|p1a: Dondozo\n|-damage|p1a: Dondozo|74\/100\n|move|p1a: Dondozo|Wave Crash|p2b: Chi-Yu\n|-resisted|p2b: Chi-Yu\n|-damage|p2b: Chi-Yu|55\/100\n|-damage|p1a: Dondozo|66\/100|[from] Recoil\n|\n|upkeep\n|turn|2\n|\n|t:|1682598939\n|move|p2a: Murkrow|Tailwind|p2a: Murkrow\n|-sidestart|p2: Tawn|move: Tailwind\n|move|p2b: Chi-Yu|Dark Pulse|p1a: Dondozo\n|-damage|p1a: Dondozo|7\/100\n|move|p1a: Dondozo|Order Up|p2b: Chi-Yu\n|-damage|p2b: Chi-Yu|17\/100\n|-boost|p1a: Dondozo|spe|1\n|\n|upkeep\n|turn|3\n|\n|t:|1682598956\n|move|p2b: Chi-Yu|Dark Pulse|p1a: Dondozo\n|-damage|p1a: Dondozo|0 fnt\n|faint|p1a: Dondozo\n|move|p2a: Murkrow|Icy Wind|p1b: Tatsugiri\n|-damage|p1b: Tatsugiri|82\/100\n|-unboost|p1b: Tatsugiri|spe|1\n|\n|upkeep\n|\n|t:|1682598968\n|switch|p1a: Iron Bundle|Iron Bundle, L50|100\/100\n|-enditem|p1a: Iron Bundle|Booster Energy\n|-activate|p1a: Iron Bundle|ability: Quark Drive|[fromitem]\n|-start|p1a: Iron Bundle|quarkdrivespe\n|turn|4\n|\n|t:|1682598979\n|move|p1a: Iron Bundle|Protect|p1a: Iron Bundle\n|-singleturn|p1a: Iron Bundle|Protect\n|move|p2b: Chi-Yu|Heat Wave|p1b: Tatsugiri|[spread] p1b\n|-activate|p1a: Iron Bundle|move: Protect\n|-resisted|p1b: Tatsugiri\n|-damage|p1b: Tatsugiri|67\/100\n|move|p2a: Murkrow|Icy Wind|p1b: Tatsugiri|[spread] p1b\n|-activate|p1a: Iron Bundle|move: Protect\n|-damage|p1b: Tatsugiri|52\/100\n|-unboost|p1b: Tatsugiri|spe|1\n|move|p1b: Tatsugiri|Draco Meteor|p2b: Chi-Yu|[miss]\n|-miss|p1b: Tatsugiri|p2b: Chi-Yu\n|\n|upkeep\n|turn|5\n|inactive|Ontision has 30 seconds left.\n|\n|t:|1682599011\n|move|p2b: Chi-Yu|Heat Wave|p1b: Tatsugiri|[spread] p1a,p1b\n|-resisted|p1b: Tatsugiri\n|-damage|p1a: Iron Bundle|0 fnt\n|-damage|p1b: Tatsugiri|36\/100\n|faint|p1a: Iron Bundle\n|-end|p1a: Iron Bundle|Quark Drive|[silent]\n|move|p2a: Murkrow|Icy Wind|p1b: Tatsugiri\n|-damage|p1b: Tatsugiri|16\/100\n|-unboost|p1b: Tatsugiri|spe|1\n|move|p1b: Tatsugiri|Draco Meteor|p2a: Murkrow\n|-damage|p2a: Murkrow|3\/100\n|-unboost|p1b: Tatsugiri|spa|2\n|\n|-sideend|p2: Tawn|move: Tailwind\n|upkeep\n|\n|t:|1682599023\n|switch|p1a: Grimmsnarl|Grimmsnarl, L50, M|100\/100\n|turn|6\n|\n|t:|1682599036\n|move|p2a: Murkrow|Tailwind|p2a: Murkrow\n|-sidestart|p2: Tawn|move: Tailwind\n|move|p2b: Chi-Yu|Heat Wave|p1a: Grimmsnarl|[spread] p1a,p1b\n|-resisted|p1b: Tatsugiri\n|-damage|p1a: Grimmsnarl|51\/100\n|-damage|p1b: Tatsugiri|0 fnt\n|faint|p1b: Tatsugiri\n|move|p1a: Grimmsnarl|Spirit Break|p2b: Chi-Yu\n|-damage|p2b: Chi-Yu|0 fnt\n|faint|p2b: Chi-Yu\n|\n|upkeep\n|\n|t:|1682599045\n|switch|p2b: Bisharp|Bisharp, L50, F|100\/100\n|turn|7\n|\n|t:|1682599053\n|-terastallize|p1a: Grimmsnarl|Steel\n|move|p2a: Murkrow|Icy Wind|p1a: Grimmsnarl\n|-resisted|p1a: Grimmsnarl\n|-damage|p1a: Grimmsnarl|46\/100\n|-unboost|p1a: Grimmsnarl|spe|1\n|move|p2b: Bisharp|Iron Head|p1a: Grimmsnarl\n|-resisted|p1a: Grimmsnarl\n|-damage|p1a: Grimmsnarl|29\/100\n|move|p1a: Grimmsnarl|Spirit Break|p2b: Bisharp\n|-damage|p2b: Bisharp|85\/100\n|-unboost|p2b: Bisharp|spa|1\n|-ability|p2b: Bisharp|Defiant|boost\n|-boost|p2b: Bisharp|atk|2\n|\n|upkeep\n|turn|8\n|-message|Ontision forfeited.\n|\n|win|Tawn\n|raw|Ontision's rating: 1143 → 1120<\/strong> (-23 for losing)\n|raw|Tawn's rating: 1164 → 1187<\/strong> (+23 for winning)\n|l|\u2606Ontision\n","uploadtime":1682599078,"views":13,"p1id":"ontision","p2id":"tawn","formatid":"gen9vgc2023regulationc","rating":1120,"private":0,"password":""}