{"id":"gen9vgc2023regulationc-1848093142","p1":"DaRayquazaKingdom","p2":"ggwalton","format":"[Gen 9] VGC 2023 Regulation C","log":"|j|\u2606DaRayquazaKingdom\n|j|\u2606ggwalton\n|t:|1682028871\n|gametype|doubles\n|player|p1|DaRayquazaKingdom|skyla|1152\n|player|p2|ggwalton|fisherman|1187\n|teamsize|p1|6\n|teamsize|p2|6\n|gen|9\n|tier|[Gen 9] VGC 2023 Regulation C\n|rated|\n|rule|Species Clause: Limit one of each Pok\u00e9mon\n|rule|Item Clause: Limit one of each item\n|clearpoke\n|poke|p1|Palafin, L50, M|\n|poke|p1|Arcanine, L50, M|\n|poke|p1|Amoonguss, L50, M|\n|poke|p1|Kingambit, L50, M|\n|poke|p1|Flutter Mane, L50|\n|poke|p1|Dragonite, L50, F|\n|poke|p2|Lilligant, L50, F|\n|poke|p2|Torkoal, L50, F|\n|poke|p2|Flutter Mane, L50|\n|poke|p2|Kingambit, L50, F|\n|poke|p2|Dragonite, L50, F|\n|poke|p2|Great Tusk, L50|\n|teampreview|4\n|inactive|Battle timer is ON: inactive players will automatically lose when time's up. (requested by ggwalton)\n|\n|t:|1682028920\n|start\n|switch|p1a: King Crimson|Kingambit, L50, M|100\/100\n|switch|p1b: Dragona|Dragonite, L50, F, shiny|100\/100\n|switch|p2a: Torkoal|Torkoal, L50, F, shiny|100\/100\n|switch|p2b: King|Kingambit, L50, F, shiny|100\/100\n|-weather|SunnyDay|[from] ability: Drought|[of] p2a: Torkoal\n|turn|1\n|\n|t:|1682028942\n|switch|p2a: Flutter|Flutter Mane, L50, shiny|100\/100\n|-activate|p2a: Flutter|ability: Protosynthesis\n|-start|p2a: Flutter|protosynthesisspa\n|move|p1a: King Crimson|Protect|p1a: King Crimson\n|-singleturn|p1a: King Crimson|Protect\n|move|p1b: Dragona|Stomping Tantrum|p2a: Flutter\n|-damage|p2a: Flutter|47\/100\n|move|p2b: King|Kowtow Cleave|p1b: Dragona\n|-damage|p1b: Dragona|77\/100\n|\n|-weather|SunnyDay|[upkeep]\n|upkeep\n|turn|2\n|\n|t:|1682028964\n|move|p1a: King Crimson|Sucker Punch|p2a: Flutter\n|-damage|p2a: Flutter|0 fnt\n|faint|p2a: Flutter\n|-end|p2a: Flutter|Protosynthesis|[silent]\n|move|p2b: King|Sucker Punch||[still]\n|-fail|p2b: King\n|move|p1b: Dragona|Low Kick|p2b: King\n|-supereffective|p2b: King\n|-damage|p2b: King|0 fnt\n|faint|p2b: King\n|\n|-weather|SunnyDay|[upkeep]\n|upkeep\n|\n|t:|1682028977\n|switch|p2a: Torkoal|Torkoal, L50, F, shiny|100\/100\n|switch|p2b: Tusk|Great Tusk, L50, shiny|100\/100\n|-activate|p2b: Tusk|ability: Protosynthesis\n|-start|p2b: Tusk|protosynthesisatk\n|turn|3\n|\n|t:|1682028997\n|move|p2b: Tusk|Rock Slide|p1b: Dragona|[spread] p1a,p1b\n|-resisted|p1a: King Crimson\n|-supereffective|p1b: Dragona\n|-damage|p1a: King Crimson|91\/100\n|-damage|p1b: Dragona|27\/100\n|move|p1b: Dragona|Stomping Tantrum|p2a: Torkoal\n|-supereffective|p2a: Torkoal\n|-damage|p2a: Torkoal|55\/100\n|move|p1a: King Crimson|Swords Dance|p1a: King Crimson\n|-boost|p1a: King Crimson|atk|2\n|move|p2a: Torkoal|Flamethrower|p1a: King Crimson\n|-supereffective|p1a: King Crimson\n|-damage|p1a: King Crimson|0 fnt\n|faint|p1a: King Crimson\n|\n|-weather|SunnyDay|[upkeep]\n|upkeep\n|\n|t:|1682029015\n|switch|p1a: NovemberRain|Palafin, L50, M, shiny|100\/100\n|turn|4\n|\n|t:|1682029035\n|-terastallize|p1a: NovemberRain|Water\n|move|p2a: Torkoal|Protect|p2a: Torkoal\n|-singleturn|p2a: Torkoal|Protect\n|move|p2b: Tusk|Rock Slide|p1a: NovemberRain|[spread] p1a,p1b\n|-supereffective|p1b: Dragona\n|-damage|p1a: NovemberRain|73\/100\n|-damage|p1b: Dragona|0 fnt\n|faint|p1b: Dragona\n|cant|p1a: NovemberRain|flinch\n|\n|-weather|SunnyDay|[upkeep]\n|upkeep\n|\n|t:|1682029045\n|switch|p1b: Wonder of U|Flutter Mane, L50|100\/100\n|-activate|p1b: Wonder of U|ability: Protosynthesis\n|-start|p1b: Wonder of U|protosynthesisspa\n|turn|5\n|\n|t:|1682029057\n|-terastallize|p2b: Tusk|Steel\n|move|p1b: Wonder of U|Protect|p1b: Wonder of U\n|-singleturn|p1b: Wonder of U|Protect\n|move|p1a: NovemberRain|Protect|p1a: NovemberRain\n|-singleturn|p1a: NovemberRain|Protect\n|move|p2b: Tusk|Rock Slide|p1b: Wonder of U|[spread] \n|-activate|p1a: NovemberRain|move: Protect\n|-activate|p1b: Wonder of U|move: Protect\n|move|p2a: Torkoal|Flamethrower|p1b: Wonder of U\n|-activate|p1b: Wonder of U|move: Protect\n|\n|-weather|none\n|-end|p2b: Tusk|Protosynthesis\n|-end|p1b: Wonder of U|Protosynthesis\n|upkeep\n|-enditem|p1b: Wonder of U|Booster Energy\n|-activate|p1b: Wonder of U|ability: Protosynthesis|[fromitem]\n|-start|p1b: Wonder of U|protosynthesisspa\n|turn|6\n|inactive|DaRayquazaKingdom has 30 seconds left.\n|inactive|ggwalton has 30 seconds left.\n|\n|t:|1682029091\n|move|p2b: Tusk|Rock Slide|p1a: NovemberRain|[spread] p1a,p1b\n|-damage|p1a: NovemberRain|53\/100\n|-damage|p1b: Wonder of U|70\/100\n|cant|p1b: Wonder of U|flinch\n|move|p1a: NovemberRain|Drain Punch|p2b: Tusk\n|-supereffective|p2b: Tusk\n|-damage|p2b: Tusk|72\/100\n|-heal|p1a: NovemberRain|66\/100|[from] drain|[of] p2b: Tusk\n|move|p2a: Torkoal|Flamethrower|p1b: Wonder of U\n|-damage|p1b: Wonder of U|30\/100\n|\n|upkeep\n|turn|7\n|\n|t:|1682029114\n|move|p1b: Wonder of U|Protect|p1b: Wonder of U\n|-singleturn|p1b: Wonder of U|Protect\n|move|p1a: NovemberRain|Protect|p1a: NovemberRain\n|-singleturn|p1a: NovemberRain|Protect\n|move|p2b: Tusk|Rock Slide|p1a: NovemberRain|[spread] \n|-activate|p1a: NovemberRain|move: Protect\n|-activate|p1b: Wonder of U|move: Protect\n|move|p2a: Torkoal|Flamethrower|p1b: Wonder of U\n|-activate|p1b: Wonder of U|move: Protect\n|\n|upkeep\n|turn|8\n|\n|t:|1682029135\n|move|p2b: Tusk|Rock Slide|p1b: Wonder of U|[spread] p1b\n|-miss|p2b: Tusk|p1a: NovemberRain\n|-damage|p1b: Wonder of U|0 fnt\n|faint|p1b: Wonder of U\n|-end|p1b: Wonder of U|Protosynthesis|[silent]\n|move|p1a: NovemberRain|Wave Crash|p2b: Tusk\n|-damage|p2b: Tusk|18\/100\n|-damage|p1a: NovemberRain|50\/100|[from] Recoil\n|move|p2a: Torkoal|Flamethrower|p1a: NovemberRain\n|-resisted|p1a: NovemberRain\n|-damage|p1a: NovemberRain|19\/100\n|\n|upkeep\n|turn|9\n|\n|t:|1682029151\n|move|p1a: NovemberRain|Jet Punch|p2a: Torkoal\n|-supereffective|p2a: Torkoal\n|-damage|p2a: Torkoal|8\/100\n|move|p2b: Tusk|Rock Slide|p1a: NovemberRain\n|-damage|p1a: NovemberRain|0 fnt\n|faint|p1a: NovemberRain\n|\n|win|ggwalton\n|raw|DaRayquazaKingdom's rating: 1152 → 1130<\/strong> (-22 for losing)\n|raw|ggwalton's rating: 1187 → 1209<\/strong> (+22 for winning)\n|c|\u2606DaRayquazaKingdom|gg\n|l|\u2606ggwalton\n","uploadtime":1682029170,"views":9,"p1id":"darayquazakingdom","p2id":"ggwalton","formatid":"gen9vgc2023regulationc","rating":1130,"private":0,"password":""}