{"id":"gen9vgc2023regulationc-1860669734","p1":"Destiny03","p2":"Dan22222","format":"[Gen 9] VGC 2023 Regulation C","log":"|j|\u2606Destiny03\n|j|\u2606Dan22222\n|t:|1683664472\n|gametype|doubles\n|player|p1|Destiny03|cynthia|1076\n|player|p2|Dan22222|101|1000\n|teamsize|p1|6\n|teamsize|p2|6\n|gen|9\n|tier|[Gen 9] VGC 2023 Regulation C\n|rated|\n|rule|Species Clause: Limit one of each Pok\u00e9mon\n|rule|Item Clause: Limit one of each item\n|clearpoke\n|poke|p1|Talonflame, L50, M|\n|poke|p1|Gengar, L50, F|\n|poke|p1|Sylveon, L50, F|\n|poke|p1|Baxcalibur, L50, M|\n|poke|p1|Meowscarada, L50, F|\n|poke|p1|Sandy Shocks, L50|\n|poke|p2|Scizor, L50, M|\n|poke|p2|Salamence, L50, M|\n|poke|p2|Palafin, L50, F|\n|poke|p2|Pelipper, L50, M|\n|poke|p2|Raichu, L50, M|\n|poke|p2|Brute Bonnet, L50|\n|teampreview|4\n|\n|t:|1683664520\n|start\n|switch|p1a: Talonflame|Talonflame, L50, M|100\/100\n|switch|p1b: Meowscarada|Meowscarada, L50, F|100\/100\n|switch|p2a: Scizor|Scizor, L50, M|100\/100\n|switch|p2b: Palafin|Palafin, L50, F|100\/100\n|turn|1\n|\n|t:|1683664543\n|move|p2b: Palafin|Jet Punch|p1a: Talonflame\n|-supereffective|p1a: Talonflame\n|-damage|p1a: Talonflame|29\/100\n|move|p1b: Meowscarada|Knock Off|p2b: Palafin\n|-damage|p2b: Palafin|34\/100\n|-enditem|p2b: Palafin|Mystic Water|[from] move: Knock Off|[of] p1b: Meowscarada\n|move|p1a: Talonflame|Tailwind|p1a: Talonflame\n|-sidestart|p1: Destiny03|move: Tailwind\n|move|p2a: Scizor|U-turn|p1b: Meowscarada\n|-supereffective|p1b: Meowscarada\n|-enditem|p1b: Meowscarada|Focus Sash\n|-damage|p1b: Meowscarada|1\/100\n|\n|t:|1683664557\n|switch|p2a: Salamence|Salamence, L50, M|100\/100|[from] U-turn\n|-ability|p2a: Salamence|Intimidate|boost\n|-unboost|p1a: Talonflame|atk|1\n|-unboost|p1b: Meowscarada|atk|1\n|\n|upkeep\n|turn|2\n|\n|t:|1683664576\n|move|p1b: Meowscarada|Sucker Punch|p2b: Palafin\n|-damage|p2b: Palafin|3\/100\n|move|p2b: Palafin|Jet Punch|p1a: Talonflame\n|-supereffective|p1a: Talonflame\n|-damage|p1a: Talonflame|0 fnt\n|faint|p1a: Talonflame\n|move|p2a: Salamence|Focus Energy|p2a: Salamence\n|-start|p2a: Salamence|move: Focus Energy\n|\n|upkeep\n|\n|t:|1683664588\n|switch|p1a: Baxcalibur|Baxcalibur, L50, M|100\/100\n|turn|3\n|\n|t:|1683664600\n|detailschange|p2b: Palafin|Palafin-Hero, L50, F\n|switch|p2b: Brute Bonnet|Brute Bonnet, L50|100\/100\n|move|p1b: Meowscarada|Sucker Punch||[still]\n|-fail|p1b: Meowscarada\n|move|p1a: Baxcalibur|Ice Shard|p2a: Salamence\n|-supereffective|p2a: Salamence\n|-damage|p2a: Salamence|0 fnt\n|faint|p2a: Salamence\n|\n|upkeep\n|\n|t:|1683664625\n|switch|p2a: Scizor|Scizor, L50, M|100\/100\n|turn|4\n|\n|t:|1683664636\n|-terastallize|p2a: Scizor|Steel\n|move|p1b: Meowscarada|Sucker Punch|p2a: Scizor\n|-damage|p2a: Scizor|72\/100\n|move|p1a: Baxcalibur|Ice Shard|p2b: Brute Bonnet\n|-supereffective|p2b: Brute Bonnet\n|-crit|p2b: Brute Bonnet\n|-damage|p2b: Brute Bonnet|12\/100\n|move|p2a: Scizor|Bullet Punch|p1a: Baxcalibur\n|-supereffective|p1a: Baxcalibur\n|-damage|p1a: Baxcalibur|0 fnt\n|faint|p1a: Baxcalibur\n|move|p2b: Brute Bonnet|Sucker Punch||[still]\n|-fail|p2b: Brute Bonnet\n|\n|-sideend|p1: Destiny03|move: Tailwind\n|upkeep\n|\n|t:|1683664651\n|switch|p1a: Sylveon|Sylveon, L50, F|100\/100\n|turn|5\n|\n|t:|1683664664\n|-terastallize|p1a: Sylveon|Fire\n|move|p1b: Meowscarada|Sucker Punch|p2b: Brute Bonnet\n|-resisted|p2b: Brute Bonnet\n|-damage|p2b: Brute Bonnet|1\/100\n|move|p2a: Scizor|Bullet Punch|p1a: Sylveon\n|-resisted|p1a: Sylveon\n|-damage|p1a: Sylveon|61\/100\n|move|p2b: Brute Bonnet|Sucker Punch||[still]\n|-fail|p2b: Brute Bonnet\n|move|p1a: Sylveon|Tera Blast|p2a: Scizor\n|-supereffective|p2a: Scizor\n|-damage|p2a: Scizor|0 fnt\n|faint|p2a: Scizor\n|\n|upkeep\n|\n|t:|1683664679\n|switch|p2a: Palafin|Palafin-Hero, L50, F|3\/100\n|-activate|p2a: Palafin|ability: Zero to Hero\n|turn|6\n|\n|t:|1683664692\n|move|p2b: Brute Bonnet|Rage Powder|p2b: Brute Bonnet\n|-singleturn|p2b: Brute Bonnet|move: Rage Powder\n|move|p1b: Meowscarada|Sucker Punch|p2a: Palafin\n|-damage|p2a: Palafin|0 fnt\n|faint|p2a: Palafin\n|move|p1a: Sylveon|Quick Attack|p2b: Brute Bonnet\n|-supereffective|p2b: Brute Bonnet\n|-damage|p2b: Brute Bonnet|0 fnt\n|faint|p2b: Brute Bonnet\n|-end|p2b: Brute Bonnet|Protosynthesis|[silent]\n|\n|win|Destiny03\n|raw|Destiny03's rating: 1076 → 1098<\/strong> (+22 for winning)\n|raw|Dan22222's rating: 1000 → 1000<\/strong> (+0 for losing)\n|l|\u2606Dan22222\n","uploadtime":1683664712,"views":13,"p1id":"destiny03","p2id":"dan22222","formatid":"gen9vgc2023regulationc","rating":1000,"private":0,"password":""}