{"id":"gen9vgc2023regulationc-1857844099","p1":"Kyogre Canucks","p2":"BenD870","format":"[Gen 9] VGC 2023 Regulation C","log":"|j|\u2606Kyogre Canucks\n|j|\u2606BenD870\n|t:|1683237940\n|gametype|doubles\n|player|p1|Kyogre Canucks|flannery|\n|player|p2|BenD870|170|\n|teamsize|p1|6\n|teamsize|p2|6\n|gen|9\n|tier|[Gen 9] VGC 2023 Regulation C\n|rule|Species Clause: Limit one of each Pok\u00e9mon\n|rule|Item Clause: Limit one of each item\n|clearpoke\n|poke|p1|Sunflora, L50, M|\n|poke|p1|Torkoal, L50, F|\n|poke|p1|Oranguru, L50, F|\n|poke|p1|Toedscool, L50, F|\n|poke|p1|Great Tusk, L50|\n|poke|p1|Umbreon, L50, F|\n|poke|p2|Veluza, L50, M|\n|poke|p2|Vivillon-Fancy, L50, M|\n|poke|p2|Chi-Yu, L50|\n|poke|p2|Iron Bundle, L50|\n|poke|p2|Rotom, L50|\n|poke|p2|Flamigo, L50, M|\n|teampreview|4\n|c|\u2606BenD870|G3\nBenD870 rejected open team sheets.\n|j| thedistortionzone\n|c|\u2606BenD870|Glhf!\n|j| SusJingles\n|j| Memebasedgod\n|j| Toronto 6ix\n|c|\u2606Kyogre Canucks|glhf\n|\n|t:|1683238584\n|start\n|switch|p1a: JIMBO|Umbreon, L50, F|100\/100\n|switch|p1b: Before I Forget|Oranguru, L50, F|100\/100\n|switch|p2a: Flamigo|Flamigo, L50, M|100\/100\n|switch|p2b: Veluza|Veluza, L50, M|100\/100\n|-copyboost|p2a: Flamigo|p2b: Veluza|[from] ability: Costar\n|turn|1\n|\n|t:|1683238624\n|-terastallize|p1b: Before I Forget|Fairy\n|move|p2a: Flamigo|Close Combat|p1b: Before I Forget\n|-resisted|p1b: Before I Forget\n|-damage|p1b: Before I Forget|63\/100\n|-unboost|p2a: Flamigo|def|1\n|-unboost|p2a: Flamigo|spd|1\n|-damage|p2a: Flamigo|91\/100|[from] item: Life Orb\n|move|p2b: Veluza|Aqua Cutter|p1b: Before I Forget\n|-damage|p1b: Before I Forget|11\/100\n|move|p1a: JIMBO|Foul Play|p2b: Veluza\n|-supereffective|p2b: Veluza\n|-damage|p2b: Veluza|0 fnt\n|faint|p2b: Veluza\n|move|p1b: Before I Forget|Trick Room|p1b: Before I Forget\n|-fieldstart|move: Trick Room|[of] p1b: Before I Forget\n|\n|upkeep\n|\n|t:|1683238645\n|switch|p2b: Chi-Yu|Chi-Yu, L50|100\/100\n|-ability|p2b: Chi-Yu|Beads of Ruin\n|turn|2\n|\n|t:|1683238654\n|-terastallize|p2b: Chi-Yu|Fire\n|move|p2a: Flamigo|Protect|p2a: Flamigo\n|-singleturn|p2a: Flamigo|Protect\n|move|p1b: Before I Forget|Instruct|p1a: JIMBO\n|-singleturn|p1a: JIMBO|move: Instruct|[of] p1b: Before I Forget\n|move|p1a: JIMBO|Foul Play|p2b: Chi-Yu\n|-damage|p2b: Chi-Yu|70\/100\n|move|p1a: JIMBO|Snarl|p2b: Chi-Yu|[spread] p2b\n|-activate|p2a: Flamigo|move: Protect\n|-damage|p2b: Chi-Yu|61\/100\n|-unboost|p2b: Chi-Yu|spa|1\n|move|p2b: Chi-Yu|Heat Wave|p1a: JIMBO|[spread] p1a,p1b\n|-damage|p1a: JIMBO|58\/100\n|-damage|p1b: Before I Forget|0 fnt\n|-status|p1a: JIMBO|brn\n|faint|p1b: Before I Forget\n|\n|-damage|p1a: JIMBO|52\/100 brn|[from] brn\n|upkeep\n|l| SusJingles\n|\n|t:|1683238668\n|switch|p1b: Shine Holder|Sunflora, L50, M|100\/100\n|turn|3\n|j| SusJingles\n|\n|t:|1683238705\n|move|p1b: Shine Holder|Dazzling Gleam|p2a: Flamigo|[spread] p2a,p2b\n|-supereffective|p2a: Flamigo\n|-resisted|p2b: Chi-Yu\n|-damage|p2a: Flamigo|0 fnt\n|-damage|p2b: Chi-Yu|47\/100\n|faint|p2a: Flamigo\n|-damage|p1b: Shine Holder|91\/100|[from] item: Life Orb\n|move|p1a: JIMBO|Snarl|p2b: Chi-Yu|[miss]\n|-miss|p1a: JIMBO|p2b: Chi-Yu\n|move|p2b: Chi-Yu|Heat Wave|p1b: Shine Holder|[spread] p1a,p1b\n|-supereffective|p1b: Shine Holder\n|-damage|p1a: JIMBO|10\/100 brn\n|-damage|p1b: Shine Holder|0 fnt\n|-enditem|p1a: JIMBO|Sitrus Berry|[eat]\n|-heal|p1a: JIMBO|35\/100 brn|[from] item: Sitrus Berry\n|faint|p1b: Shine Holder\n|\n|-damage|p1a: JIMBO|29\/100 brn|[from] brn\n|upkeep\n|\n|t:|1683238715\n|switch|p1b: Undefeatable|Torkoal, L50, F|100\/100\n|switch|p2a: Iron Bundle|Iron Bundle, L50|100\/100\n|-weather|SunnyDay|[from] ability: Drought|[of] p1b: Undefeatable\n|-enditem|p2a: Iron Bundle|Booster Energy\n|-activate|p2a: Iron Bundle|ability: Quark Drive|[fromitem]\n|-start|p2a: Iron Bundle|quarkdrivespe\n|turn|4\n|\n|t:|1683238728\n|move|p2a: Iron Bundle|Protect|p2a: Iron Bundle\n|-singleturn|p2a: Iron Bundle|Protect\n|move|p1b: Undefeatable|Eruption|p2a: Iron Bundle|[spread] p2b\n|-activate|p2a: Iron Bundle|move: Protect\n|-resisted|p2b: Chi-Yu\n|-damage|p2b: Chi-Yu|0 fnt\n|faint|p2b: Chi-Yu\n|move|p1a: JIMBO|Moonlight|p1a: JIMBO\n|-heal|p1a: JIMBO|96\/100 brn\n|\n|-weather|SunnyDay|[upkeep]\n|-damage|p1a: JIMBO|90\/100 brn|[from] brn\n|upkeep\n|turn|5\n|c|\u2606BenD870|Gg\n|c|\u2606Kyogre Canucks|gg\n|\n|t:|1683238742\n|move|p1b: Undefeatable|Eruption|p2a: Iron Bundle\n|-damage|p2a: Iron Bundle|0 fnt\n|faint|p2a: Iron Bundle\n|-end|p2a: Iron Bundle|Quark Drive|[silent]\n|\n|win|Kyogre Canucks\n|l| thedistortionzone\n","uploadtime":1683238746,"views":9,"p1id":"kyogrecanucks","p2id":"bend870","formatid":"gen9vgc2023regulationc","rating":0,"private":0,"password":""}