{"id":"gen9vgc2023regulationc-1852754245","p1":"ManciniTheAmazing","p2":"PurpleStyle","format":"[Gen 9] VGC 2023 Regulation C","log":"|j|\u2606ManciniTheAmazing\n|j|\u2606PurpleStyle\n|t:|1682603377\n|gametype|doubles\n|player|p1|ManciniTheAmazing|169|\n|player|p2|PurpleStyle|pokefan|\n|teamsize|p1|6\n|teamsize|p2|6\n|gen|9\n|tier|[Gen 9] VGC 2023 Regulation C\n|rule|Species Clause: Limit one of each Pok\u00e9mon\n|rule|Item Clause: Limit one of each item\n|clearpoke\n|poke|p1|Gholdengo, L50|\n|poke|p1|Tauros-Paldea-Aqua, L50, M|\n|poke|p1|Veluza, L50, M|\n|poke|p1|Grimmsnarl, L50, M|\n|poke|p1|Toxtricity, L50, F|\n|poke|p1|Hoppip, L50, F|\n|poke|p2|Flutter Mane, L50|\n|poke|p2|Crocalor, L50, M|\n|poke|p2|Donphan, L50, M|\n|poke|p2|Hydreigon, L50, F|\n|poke|p2|Azumarill, L50, M|\n|poke|p2|Lumineon, L50, M|\n|teampreview|4\n|c|\u2606PurpleStyle|g2\n|c|\u2606ManciniTheAmazing|g2\nPurpleStyle rejected open team sheets.\n|\n|t:|1682604052\n|start\n|switch|p1a: Yowie|Grimmsnarl, L50, M|100\/100\n|switch|p1b: Platypus|Tauros-Paldea-Aqua, L50, M|100\/100\n|switch|p2a: Lumineon|Lumineon, L50, M|100\/100\n|switch|p2b: Flutter Mane|Flutter Mane, L50|100\/100\n|-ability|p1b: Platypus|Intimidate|boost\n|-unboost|p2a: Lumineon|atk|1\n|-unboost|p2b: Flutter Mane|atk|1\n|turn|1\n|\n|t:|1682604096\n|-terastallize|p1b: Platypus|Electric\n|move|p1a: Yowie|Light Screen|p1a: Yowie\n|-sidestart|p1: ManciniTheAmazing|move: Light Screen\n|move|p2b: Flutter Mane|Substitute|p2b: Flutter Mane\n|-start|p2b: Flutter Mane|Substitute\n|-damage|p2b: Flutter Mane|75\/100\n|move|p1b: Platypus|Wild Charge|p2a: Lumineon\n|-supereffective|p2a: Lumineon\n|-enditem|p2a: Lumineon|Wacan Berry|[eat]\n|-enditem|p2a: Lumineon|Wacan Berry|[weaken]\n|-damage|p2a: Lumineon|50\/100\n|-damage|p1b: Platypus|86\/100|[from] Recoil\n|move|p2a: Lumineon|Tailwind|p2a: Lumineon\n|-sidestart|p2: PurpleStyle|move: Tailwind\n|\n|-heal|p2b: Flutter Mane|82\/100|[from] item: Leftovers\n|upkeep\n|turn|2\n|\n|t:|1682604148\n|switch|p1b: Ute|Gholdengo, L50|100\/100\n|move|p2b: Flutter Mane|Protect|p2b: Flutter Mane\n|-singleturn|p2b: Flutter Mane|Protect\n|move|p2a: Lumineon|Ice Beam|p1b: Ute\n|-resisted|p1b: Ute\n|-damage|p1b: Ute|95\/100\n|move|p1a: Yowie|Dazzling Gleam|p2a: Lumineon|[spread] p2a\n|-activate|p2b: Flutter Mane|move: Protect\n|-damage|p2a: Lumineon|24\/100\n|\n|-heal|p2b: Flutter Mane|88\/100|[from] item: Leftovers\n|upkeep\n|turn|3\n|\n|t:|1682604167\n|-terastallize|p2b: Flutter Mane|Steel\n|move|p2b: Flutter Mane|Shadow Ball|p1b: Ute\n|-supereffective|p1b: Ute\n|-damage|p1b: Ute|39\/100\n|move|p2a: Lumineon|Encore|p1a: Yowie\n|-start|p1a: Yowie|Encore\n|move|p1b: Ute|Substitute|p1b: Ute\n|-start|p1b: Ute|Substitute\n|-damage|p1b: Ute|14\/100\n|move|p1a: Yowie|Dazzling Gleam|p2b: Flutter Mane|[spread] p2a,p2b\n|-resisted|p2b: Flutter Mane\n|-activate|p2b: Flutter Mane|move: Substitute|[damage]\n|-damage|p2a: Lumineon|0 fnt\n|faint|p2a: Lumineon\n|\n|-heal|p2b: Flutter Mane|94\/100|[from] item: Leftovers\n|upkeep\n|\n|t:|1682604185\n|switch|p2a: Hydreigon|Hydreigon, L50, F|100\/100\n|turn|4\n|\n|t:|1682604217\n|move|p2a: Hydreigon|Protect|p2a: Hydreigon\n|-singleturn|p2a: Hydreigon|Protect\n|move|p2b: Flutter Mane|Shadow Ball|p1b: Ute\n|-supereffective|p1b: Ute\n|-end|p1b: Ute|Substitute\n|move|p1b: Ute|Shadow Ball|p2b: Flutter Mane\n|-end|p2b: Flutter Mane|Substitute\n|move|p1a: Yowie|Dazzling Gleam|p2a: Hydreigon|[spread] p2b\n|-activate|p2a: Hydreigon|move: Protect\n|-resisted|p2b: Flutter Mane\n|-damage|p2b: Flutter Mane|84\/100\n|\n|-heal|p2b: Flutter Mane|90\/100|[from] item: Leftovers\n|-sideend|p2: PurpleStyle|move: Tailwind\n|upkeep\n|turn|5\n|\n|t:|1682604244\n|switch|p2a: Donphan|Donphan, L50, M|100\/100\n|move|p2b: Flutter Mane|Shadow Ball|p1b: Ute\n|-supereffective|p1b: Ute\n|-damage|p1b: Ute|0 fnt\n|faint|p1b: Ute\n|move|p1a: Yowie|Dazzling Gleam|p2b: Flutter Mane|[spread] p2a,p2b\n|-resisted|p2b: Flutter Mane\n|-damage|p2a: Donphan|84\/100\n|-damage|p2b: Flutter Mane|79\/100\n|\n|-heal|p2b: Flutter Mane|85\/100|[from] item: Leftovers\n|-end|p1a: Yowie|Encore\n|upkeep\n|\n|t:|1682604258\n|switch|p1b: Platypus|Tauros-Paldea-Aqua, L50, M, tera:Electric|86\/100\n|-ability|p1b: Platypus|Intimidate|boost\n|-unboost|p2a: Donphan|atk|1\n|-unboost|p2b: Flutter Mane|atk|1\n|turn|6\n|\n|t:|1682604276\n|move|p2b: Flutter Mane|Protect|p2b: Flutter Mane\n|-singleturn|p2b: Flutter Mane|Protect\n|move|p1a: Yowie|Thunder Wave|p2b: Flutter Mane\n|-activate|p2b: Flutter Mane|move: Protect\n|move|p1b: Platypus|Wave Crash|p2a: Donphan\n|-supereffective|p2a: Donphan\n|-damage|p2a: Donphan|0 fnt\n|faint|p2a: Donphan\n|-damage|p1b: Platypus|50\/100|[from] Recoil\n|\n|-heal|p2b: Flutter Mane|92\/100|[from] item: Leftovers\n|upkeep\n|\n|t:|1682604283\n|switch|p2a: Hydreigon|Hydreigon, L50, F|100\/100\n|turn|7\n|\n|t:|1682604397\n|switch|p1b: Lamingtons|Toxtricity, L50, F|100\/100\n|move|p2a: Hydreigon|Protect|p2a: Hydreigon\n|-singleturn|p2a: Hydreigon|Protect\n|move|p1a: Yowie|Thunder Wave|p2b: Flutter Mane\n|-status|p2b: Flutter Mane|par\n|move|p2b: Flutter Mane|Moonblast|p1b: Lamingtons\n|-resisted|p1b: Lamingtons\n|-damage|p1b: Lamingtons|82\/100\n|-unboost|p1b: Lamingtons|spa|1\n|\n|-heal|p2b: Flutter Mane|98\/100 par|[from] item: Leftovers\n|upkeep\n|turn|8\n|\n|t:|1682604424\n|move|p2a: Hydreigon|Tailwind|p2a: Hydreigon\n|-sidestart|p2: PurpleStyle|move: Tailwind\n|move|p2b: Flutter Mane|Moonblast|p1a: Yowie\n|-supereffective|p1a: Yowie\n|-damage|p1a: Yowie|44\/100\n|move|p1b: Lamingtons|Wild Charge|p2b: Flutter Mane\n|-damage|p2b: Flutter Mane|36\/100 par\n|-damage|p1b: Lamingtons|68\/100|[from] Recoil\n|move|p1a: Yowie|Dazzling Gleam|p2a: Hydreigon|[spread] p2a,p2b\n|-supereffective|p2a: Hydreigon\n|-resisted|p2b: Flutter Mane\n|-enditem|p2a: Hydreigon|Focus Sash\n|-damage|p2a: Hydreigon|1\/100\n|-damage|p2b: Flutter Mane|25\/100 par\n|\n|-heal|p2b: Flutter Mane|31\/100 par|[from] item: Leftovers\n|-sideend|p1: ManciniTheAmazing|move: Light Screen\n|upkeep\n|turn|9\n|\n|t:|1682604467\n|move|p1a: Yowie|Light Screen|p1a: Yowie\n|-sidestart|p1: ManciniTheAmazing|move: Light Screen\n|move|p2a: Hydreigon|Draco Meteor|p1b: Lamingtons\n|-damage|p1b: Lamingtons|7\/100\n|-unboost|p2a: Hydreigon|spa|2\n|-enditem|p1b: Lamingtons|Sitrus Berry|[eat]\n|-heal|p1b: Lamingtons|31\/100|[from] item: Sitrus Berry\n|move|p2b: Flutter Mane|Moonblast|p1a: Yowie\n|-supereffective|p1a: Yowie\n|-crit|p1a: Yowie\n|-damage|p1a: Yowie|0 fnt\n|faint|p1a: Yowie\n|move|p1b: Lamingtons|Wild Charge|p2b: Flutter Mane\n|-damage|p2b: Flutter Mane|0 fnt\n|faint|p2b: Flutter Mane\n|-end|p2b: Flutter Mane|Protosynthesis|[silent]\n|-damage|p1b: Lamingtons|25\/100|[from] Recoil\n|\n|upkeep\n|\n|t:|1682604479\n|switch|p1a: Platypus|Tauros-Paldea-Aqua, L50, M, tera:Electric|50\/100\n|-ability|p1a: Platypus|Intimidate|boost\n|-unboost|p2a: Hydreigon|atk|1\n|turn|10\n|\n|t:|1682604485\n|move|p1a: Platypus|Aqua Jet|p2a: Hydreigon\n|-resisted|p2a: Hydreigon\n|-damage|p2a: Hydreigon|0 fnt\n|faint|p2a: Hydreigon\n|\n|win|ManciniTheAmazing\n|c|\u2606PurpleStyle|gg\n|c|\u2606ManciniTheAmazing|gg\n","uploadtime":1682606561,"views":5,"p1id":"mancinitheamazing","p2id":"purplestyle","formatid":"gen9vgc2023regulationc","rating":0,"private":0,"password":""}