{"id":"gen9vgc2023regulationc-1854114677","p1":"HoodWNKD","p2":"Alaskan_fisher","format":"[Gen 9] VGC 2023 Regulation C","log":"|j|\u2606HoodWNKD\n|j|\u2606Alaskan_fisher\n|t:|1682771608\n|gametype|doubles\n|player|p1|HoodWNKD|juan|1438\n|player|p2|Alaskan_fisher|fisherman-gen4|1370\n|teamsize|p1|6\n|teamsize|p2|6\n|gen|9\n|tier|[Gen 9] VGC 2023 Regulation C\n|rated|\n|rule|Species Clause: Limit one of each Pok\u00e9mon\n|rule|Item Clause: Limit one of each item\n|clearpoke\n|poke|p1|Amoonguss, L50, F|\n|poke|p1|Arcanine, L50, F|\n|poke|p1|Rotom-Wash, L50|\n|poke|p1|Annihilape, L50, F|\n|poke|p1|Chien-Pao, L50|\n|poke|p1|Ting-Lu, L50|\n|poke|p2|Iron Hands, L50|\n|poke|p2|Palafin, L50, F|\n|poke|p2|Arcanine, L50, M|\n|poke|p2|Flutter Mane, L50|\n|poke|p2|Chi-Yu, L50|\n|poke|p2|Amoonguss, L50, F|\n|teampreview|4\nAlaskan_fisher has agreed to open team sheets.\nHoodWNKD has agreed to open team sheets.\n|\n|t:|1682771687\n|start\n|switch|p1a: Rotom|Rotom-Wash, L50|100\/100\n|switch|p1b: Ting-Lu|Ting-Lu, L50|100\/100\n|switch|p2a: Palafin|Palafin, L50, F|100\/100\n|switch|p2b: Iron Hands|Iron Hands, L50|100\/100\n|-ability|p1b: Ting-Lu|Vessel of Ruin\n|turn|1\n|\n|t:|1682771710\n|detailschange|p2a: Palafin|Palafin-Hero, L50, F\n|switch|p2a: Amoonguss|Amoonguss, L50, F|100\/100\n|switch|p1a: Chien-Pao|Chien-Pao, L50|100\/100\n|-ability|p1a: Chien-Pao|Sword of Ruin\n|move|p2b: Iron Hands|Protect|p2b: Iron Hands\n|-singleturn|p2b: Iron Hands|Protect\n|move|p1b: Ting-Lu|Stomping Tantrum|p2b: Iron Hands\n|-activate|p2b: Iron Hands|move: Protect\n|\n|upkeep\n|turn|2\n|\n|t:|1682771753\n|move|p1a: Chien-Pao|Ice Spinner|p2a: Amoonguss\n|-supereffective|p2a: Amoonguss\n|-damage|p2a: Amoonguss|16\/100\n|-enditem|p2a: Amoonguss|Sitrus Berry|[eat]\n|-heal|p2a: Amoonguss|41\/100|[from] item: Sitrus Berry\n|move|p2b: Iron Hands|Swords Dance|p2b: Iron Hands\n|-boost|p2b: Iron Hands|atk|2\n|move|p2a: Amoonguss|Spore|p1b: Ting-Lu\n|-status|p1b: Ting-Lu|slp|[from] move: Spore\n|cant|p1b: Ting-Lu|slp\n|\n|upkeep\n|turn|3\n|\n|t:|1682771831\n|switch|p2a: Palafin|Palafin-Hero, L50, F|100\/100\n|-activate|p2a: Palafin|ability: Zero to Hero\n|-terastallize|p1a: Chien-Pao|Ghost\n|move|p1a: Chien-Pao|Ice Spinner|p2a: Palafin\n|-resisted|p2a: Palafin\n|-damage|p2a: Palafin|75\/100\n|move|p2b: Iron Hands|Drain Punch|p1b: Ting-Lu\n|-supereffective|p1b: Ting-Lu\n|-damage|p1b: Ting-Lu|0 fnt\n|faint|p1b: Ting-Lu\n|\n|upkeep\n|\n|t:|1682771844\n|switch|p1b: Rotom|Rotom-Wash, L50|100\/100\n|turn|4\n|\n|t:|1682771877\n|switch|p2a: Amoonguss|Amoonguss, L50, F|74\/100\n|move|p1a: Chien-Pao|Protect|p1a: Chien-Pao\n|-singleturn|p1a: Chien-Pao|Protect\n|move|p2b: Iron Hands|Protect|p2b: Iron Hands\n|-singleturn|p2b: Iron Hands|Protect\n|move|p1b: Rotom|Thunderbolt|p2a: Amoonguss\n|-resisted|p2a: Amoonguss\n|-damage|p2a: Amoonguss|48\/100\n|-damage|p1b: Rotom|91\/100|[from] item: Life Orb\n|\n|upkeep\n|turn|5\n|\n|t:|1682771924\n|switch|p1b: Arcanine|Arcanine, L50, F|100\/100\n|-ability|p1b: Arcanine|Intimidate|boost\n|-unboost|p2a: Amoonguss|atk|1\n|-unboost|p2b: Iron Hands|atk|1\n|switch|p2a: Palafin|Palafin-Hero, L50, F|75\/100\n|move|p1a: Chien-Pao|Ice Spinner|p2a: Palafin\n|-resisted|p2a: Palafin\n|-damage|p2a: Palafin|52\/100\n|move|p2b: Iron Hands|Wild Charge|p1b: Arcanine\n|-damage|p1b: Arcanine|0 fnt\n|faint|p1b: Arcanine\n|-damage|p2b: Iron Hands|81\/100|[from] Recoil\n|\n|upkeep\n|\n|t:|1682771934\n|switch|p1b: Rotom|Rotom-Wash, L50|91\/100\n|turn|6\n|\n|t:|1682771954\n|move|p2a: Palafin|Protect|p2a: Palafin\n|-singleturn|p2a: Palafin|Protect\n|move|p1a: Chien-Pao|Sacred Sword|p2a: Palafin\n|-activate|p2a: Palafin|move: Protect\n|move|p1b: Rotom|Hydro Pump|p2b: Iron Hands|[miss]\n|-miss|p1b: Rotom|p2b: Iron Hands\n|move|p2b: Iron Hands|Drain Punch|p1b: Rotom\n|-damage|p1b: Rotom|11\/100\n|-heal|p2b: Iron Hands|100\/100|[from] drain|[of] p1b: Rotom\n|\n|upkeep\n|turn|7\n|inactive|Battle timer is ON: inactive players will automatically lose when time's up. (requested by Alaskan_fisher)\n|\n|t:|1682771991\n|move|p2a: Palafin|Jet Punch|p1b: Rotom\n|-resisted|p1b: Rotom\n|-damage|p1b: Rotom|0 fnt\n|faint|p1b: Rotom\n|move|p1a: Chien-Pao|Sacred Sword|p2a: Palafin\n|-damage|p2a: Palafin|15\/100\n|move|p2b: Iron Hands|Wild Charge|p1a: Chien-Pao\n|-enditem|p1a: Chien-Pao|Focus Sash\n|-damage|p1a: Chien-Pao|1\/100\n|-damage|p2b: Iron Hands|85\/100|[from] Recoil\n|\n|upkeep\n|turn|8\n|\n|t:|1682772003\n|move|p2a: Palafin|Jet Punch|p1a: Chien-Pao\n|-damage|p1a: Chien-Pao|0 fnt\n|faint|p1a: Chien-Pao\n|\n|win|Alaskan_fisher\n|raw|HoodWNKD's rating: 1438 → 1415<\/strong> (-23 for losing)\n|raw|Alaskan_fisher's rating: 1391 → 1414<\/strong> (+23 for winning)\n","uploadtime":1682772028,"views":20,"p1id":"hoodwnkd","p2id":"alaskanfisher","formatid":"gen9vgc2023regulationc","rating":1414,"private":0,"password":""}