{"id":"gen9vgc2023regulationc-1856311577","p1":"Tomyandres6","p2":"H75083804","format":"[Gen 9] VGC 2023 Regulation C","log":"|j|\u2606Tomyandres6\n|j|\u203dH75083804\n|t:|1683049834\n|gametype|doubles\n|player|p1|Tomyandres6|pokemaniac|1365\n|player|p2|H75083804|lady-gen4|1395\n|teamsize|p1|6\n|teamsize|p2|6\n|gen|9\n|tier|[Gen 9] VGC 2023 Regulation C\n|rated|\n|rule|Species Clause: Limit one of each Pok\u00e9mon\n|rule|Item Clause: Limit one of each item\n|clearpoke\n|poke|p1|Baxcalibur, L50, F|\n|poke|p1|Klefki, L50, F|\n|poke|p1|Great Tusk, L50|\n|poke|p1|Amoonguss, L50, F|\n|poke|p1|Vaporeon, L50, M|\n|poke|p1|Gyarados, L50, M|\n|poke|p2|Arcanine, L50, F|\n|poke|p2|Flutter Mane, L50|\n|poke|p2|Pelipper, L50, F|\n|poke|p2|Vaporeon, L50, F|\n|poke|p2|Scizor, L50, F|\n|poke|p2|Chien-Pao, L50|\n|teampreview|4\n|inactive|Battle timer is ON: inactive players will automatically lose when time's up. (requested by H75083804)\n|\n|t:|1683049899\n|start\n|switch|p1a: Great Tusk|Great Tusk, L50, shiny|100\/100\n|switch|p1b: Klefki|Klefki, L50, F|100\/100\n|switch|p2a: Pelipper|Pelipper, L50, F|100\/100\n|switch|p2b: Vaporeon|Vaporeon, L50, F|100\/100\n|-weather|RainDance|[from] ability: Drizzle|[of] p2a: Pelipper\n|turn|1\n|\n|t:|1683049923\n|-end|p1a: Great Tusk|Protosynthesis|[silent]\n|switch|p1a: Vaporeon|Vaporeon, L50, M|100\/100\n|move|p1b: Klefki|Light Screen|p1b: Klefki\n|-sidestart|p1: Tomyandres6|move: Light Screen\n|move|p2a: Pelipper|Surf|p1b: Klefki|[spread] p1b\n|-immune|p2b: Vaporeon|[from] ability: Water Absorb\n|-immune|p1a: Vaporeon|[from] ability: Water Absorb\n|-damage|p1b: Klefki|74\/100\n|move|p2b: Vaporeon|Muddy Water|p1b: Klefki|[spread] p1b\n|-immune|p1a: Vaporeon|[from] ability: Water Absorb\n|-damage|p1b: Klefki|40\/100\n|-unboost|p1b: Klefki|accuracy|1\n|\n|-weather|RainDance|[upkeep]\n|upkeep\n|turn|2\n|inactive|Tomyandres6 has 30 seconds left.\n|\n|t:|1683049948\n|switch|p1b: Amoonguss|Amoonguss, L50, F|100\/100\n|-terastallize|p2b: Vaporeon|Grass\n|move|p2a: Pelipper|Hurricane|p1a: Vaporeon\n|-damage|p1a: Vaporeon|82\/100\n|move|p2b: Vaporeon|Tera Blast|p1a: Vaporeon\n|-supereffective|p1a: Vaporeon\n|-damage|p1a: Vaporeon|41\/100\n|move|p1a: Vaporeon|Icy Wind|p2a: Pelipper|[spread] p2a,p2b\n|-supereffective|p2b: Vaporeon\n|-damage|p2a: Pelipper|89\/100\n|-damage|p2b: Vaporeon|84\/100\n|-unboost|p2a: Pelipper|spe|1\n|-unboost|p2b: Vaporeon|spe|1\n|\n|-weather|RainDance|[upkeep]\n|-heal|p1a: Vaporeon|47\/100|[from] item: Leftovers\n|-heal|p2b: Vaporeon|90\/100|[from] item: Leftovers\n|upkeep\n|turn|3\n|inactive|Tomyandres6 has 30 seconds left.\n|inactive|Tomyandres6 has 20 seconds left.\n|inactive|Tomyandres6 has 15 seconds left.\n|\n|t:|1683049990\n|-terastallize|p1b: Amoonguss|Water\n|move|p1a: Vaporeon|Protect|p1a: Vaporeon\n|-singleturn|p1a: Vaporeon|Protect\n|move|p2a: Pelipper|Hurricane|p1b: Amoonguss\n|-damage|p1b: Amoonguss|78\/100\n|move|p2b: Vaporeon|Tera Blast|p1a: Vaporeon\n|-activate|p1a: Vaporeon|move: Protect\n|move|p1b: Amoonguss|Spore|p2a: Pelipper\n|-activate|p2a: Pelipper|item: Safety Goggles|Spore\n|\n|-weather|RainDance|[upkeep]\n|-heal|p1a: Vaporeon|53\/100|[from] item: Leftovers\n|-heal|p2b: Vaporeon|96\/100|[from] item: Leftovers\n|upkeep\n|turn|4\n|inactive|Tomyandres6 has 30 seconds left.\n|\n|t:|1683050023\n|move|p1a: Vaporeon|Icy Wind|p2a: Pelipper|[spread] p2a,p2b\n|-supereffective|p2b: Vaporeon\n|-damage|p2a: Pelipper|78\/100\n|-damage|p2b: Vaporeon|79\/100\n|-unboost|p2a: Pelipper|spe|1\n|-unboost|p2b: Vaporeon|spe|1\n|move|p2a: Pelipper|Hurricane|p1b: Amoonguss\n|-damage|p1b: Amoonguss|58\/100\n|move|p2b: Vaporeon|Tera Blast|p1b: Amoonguss\n|-supereffective|p1b: Amoonguss\n|-damage|p1b: Amoonguss|16\/100\n|-enditem|p1b: Amoonguss|Sitrus Berry|[eat]\n|-heal|p1b: Amoonguss|40\/100|[from] item: Sitrus Berry\n|move|p1b: Amoonguss|Pollen Puff|p1a: Vaporeon\n|-heal|p1a: Vaporeon|100\/100\n|\n|-weather|RainDance|[upkeep]\n|-heal|p2b: Vaporeon|85\/100|[from] item: Leftovers\n|upkeep\n|turn|5\n|inactive|Tomyandres6 has 30 seconds left.\n|inactive|Tomyandres6 has 20 seconds left.\n|\n|t:|1683050058\n|switch|p1b: Klefki|Klefki, L50, F|40\/100\n|move|p1a: Vaporeon|Icy Wind|p2b: Vaporeon|[spread] p2a,p2b\n|-supereffective|p2b: Vaporeon\n|-damage|p2a: Pelipper|68\/100\n|-damage|p2b: Vaporeon|68\/100\n|-unboost|p2a: Pelipper|spe|1\n|-unboost|p2b: Vaporeon|spe|1\n|move|p2b: Vaporeon|Tera Blast|p1b: Klefki\n|-resisted|p1b: Klefki\n|-damage|p1b: Klefki|26\/100\n|move|p2a: Pelipper|Hurricane|p1b: Klefki\n|-resisted|p1b: Klefki\n|-damage|p1b: Klefki|13\/100\n|-start|p1b: Klefki|confusion\n|\n|-weather|none\n|-heal|p2b: Vaporeon|75\/100|[from] item: Leftovers\n|upkeep\n|turn|6\n|inactive|Tomyandres6 has 30 seconds left.\n|inactive|Tomyandres6 has 20 seconds left.\n|inactive|Tomyandres6 has 15 seconds left.\n|\n|t:|1683050102\n|-activate|p1b: Klefki|confusion\n|-damage|p1b: Klefki|5\/100|[from] confusion\n|move|p1a: Vaporeon|Icy Wind|p2b: Vaporeon|[spread] p2a,p2b\n|-supereffective|p2b: Vaporeon\n|-damage|p2a: Pelipper|57\/100\n|-damage|p2b: Vaporeon|59\/100\n|-unboost|p2a: Pelipper|spe|1\n|-unboost|p2b: Vaporeon|spe|1\n|move|p2a: Pelipper|Surf|p1b: Klefki|[spread] p1b\n|-heal|p2b: Vaporeon|84\/100|[from] ability: Water Absorb|[of] p2a: Pelipper\n|-immune|p1a: Vaporeon|[from] ability: Water Absorb\n|-damage|p1b: Klefki|0 fnt\n|faint|p1b: Klefki\n|move|p2b: Vaporeon|Tera Blast|p1a: Vaporeon\n|-supereffective|p1a: Vaporeon\n|-damage|p1a: Vaporeon|63\/100\n|\n|-heal|p1a: Vaporeon|69\/100|[from] item: Leftovers\n|-heal|p2b: Vaporeon|90\/100|[from] item: Leftovers\n|upkeep\n|\n|t:|1683050120\n|switch|p1b: Great Tusk|Great Tusk, L50, shiny|100\/100\n|turn|7\n|\n|t:|1683050145\n|move|p1b: Great Tusk|Close Combat|p2a: Pelipper\n|-resisted|p2a: Pelipper\n|-damage|p2a: Pelipper|26\/100\n|-unboost|p1b: Great Tusk|def|1\n|-unboost|p1b: Great Tusk|spd|1\n|move|p1a: Vaporeon|Muddy Water|p2a: Pelipper|[spread] p2a\n|-heal|p2b: Vaporeon|100\/100|[from] ability: Water Absorb|[of] p1a: Vaporeon\n|-resisted|p2a: Pelipper\n|-damage|p2a: Pelipper|14\/100\n|-unboost|p2a: Pelipper|accuracy|1\n|move|p2a: Pelipper|Hurricane|p1b: Great Tusk\n|-supereffective|p1b: Great Tusk\n|-damage|p1b: Great Tusk|3\/100\n|move|p2b: Vaporeon|Tera Blast|p1b: Great Tusk\n|-supereffective|p1b: Great Tusk\n|-damage|p1b: Great Tusk|0 fnt\n|faint|p1b: Great Tusk\n|-end|p1b: Great Tusk|Protosynthesis|[silent]\n|\n|-heal|p1a: Vaporeon|75\/100|[from] item: Leftovers\n|upkeep\n|\n|t:|1683050163\n|switch|p1b: Amoonguss|Amoonguss, L50, F, tera:Water|74\/100\n|turn|8\n|\n|t:|1683050176\n|switch|p2a: Scizor|Scizor, L50, F|100\/100\n|move|p1b: Amoonguss|Protect|p1b: Amoonguss\n|-singleturn|p1b: Amoonguss|Protect\n|move|p1a: Vaporeon|Icy Wind|p2a: Scizor|[spread] p2a,p2b\n|-resisted|p2a: Scizor\n|-supereffective|p2b: Vaporeon\n|-damage|p2a: Scizor|94\/100\n|-damage|p2b: Vaporeon|84\/100\n|-unboost|p2b: Vaporeon|spe|1\n|move|p2b: Vaporeon|Tera Blast|p1b: Amoonguss\n|-activate|p1b: Amoonguss|move: Protect\n|\n|-heal|p1a: Vaporeon|81\/100|[from] item: Leftovers\n|-heal|p2b: Vaporeon|91\/100|[from] item: Leftovers\n|-sideend|p1: Tomyandres6|move: Light Screen\n|upkeep\n|turn|9\n|inactive|Tomyandres6 has 30 seconds left.\n|\n|t:|1683050205\n|move|p2a: Scizor|U-turn|p1b: Amoonguss\n|-damage|p1b: Amoonguss|41\/100\n|\n|t:|1683050210\n|switch|p2a: Pelipper|Pelipper, L50, F|14\/100|[from] U-turn\n|-weather|RainDance|[from] ability: Drizzle|[of] p2a: Pelipper\n|move|p1a: Vaporeon|Icy Wind|p2a: Pelipper|[spread] p2b\n|-miss|p1a: Vaporeon|p2a: Pelipper\n|-supereffective|p2b: Vaporeon\n|-damage|p2b: Vaporeon|73\/100\n|-unboost|p2b: Vaporeon|spe|1\n|move|p1b: Amoonguss|Pollen Puff|p2b: Vaporeon\n|-supereffective|p2b: Vaporeon\n|-damage|p2b: Vaporeon|42\/100\n|move|p2b: Vaporeon|Tera Blast|p1b: Amoonguss\n|-supereffective|p1b: Amoonguss\n|-damage|p1b: Amoonguss|0 fnt\n|faint|p1b: Amoonguss\n|\n|-weather|RainDance|[upkeep]\n|-heal|p1a: Vaporeon|87\/100|[from] item: Leftovers\n|-heal|p2b: Vaporeon|48\/100|[from] item: Leftovers\n|upkeep\n|turn|10\n|-message|Tomyandres6 forfeited.\n|\n|win|H75083804\n|raw|Tomyandres6's rating: 1365 → 1347<\/strong> (-18 for losing)\n|raw|H75083804's rating: 1395 → 1413<\/strong> (+18 for winning)\n|l|\u2606Tomyandres6\n","uploadtime":1683050247,"views":12,"p1id":"tomyandres6","p2id":"h75083804","formatid":"gen9vgc2023regulationc","rating":1347,"private":0,"password":""}