{"id":"gen9vgc2023regulationc-1858888141","p1":"F3rrari450","p2":"lucario97","format":"[Gen 9] VGC 2023 Regulation C","log":"|j|\u2606F3rrari450\n|j|\u2606lucario97\n|t:|1683379313\n|gametype|doubles\n|player|p1|F3rrari450|sabi|\n|player|p2|lucario97|lance|\n|teamsize|p1|6\n|teamsize|p2|6\n|gen|9\n|tier|[Gen 9] VGC 2023 Regulation C\n|rated|Tournament battle\n|rule|Species Clause: Limit one of each Pok\u00e9mon\n|rule|Item Clause: Limit one of each item\n|clearpoke\n|poke|p1|Palafin, L50, F|\n|poke|p1|Iron Hands, L50|\n|poke|p1|Amoonguss, L50, F|\n|poke|p1|Dragonite, L50, M|\n|poke|p1|Flutter Mane, L50|\n|poke|p1|Ceruledge, L50, M|\n|poke|p2|Dondozo, L50, M|\n|poke|p2|Tatsugiri-Droopy, L50, M|\n|poke|p2|Pelipper, L50, F|\n|poke|p2|Drednaw, L50, M|\n|poke|p2|Dragonite, L50, M|\n|poke|p2|Chien-Pao, L50|\n|teampreview|4\nF3rrari450 has agreed to open team sheets.\n|inactive|Battle timer is ON: inactive players will automatically lose when time's up. (requested by lucario97)\nlucario97 has agreed to open team sheets.\n|inactive|F3rrari450 has 60 seconds left.\n|inactive|lucario97 has 60 seconds left.\n|inactive|F3rrari450 has 30 seconds left.\n|\n|t:|1683379387\n|start\n|switch|p1a: Iron Hands|Iron Hands, L50|100\/100\n|switch|p1b: Palafin|Palafin, L50, F|100\/100\n|switch|p2a: You want rilla?|Drednaw, L50, M|100\/100\n|switch|p2b: Uragano pellicano|Pelipper, L50, F|100\/100\n|-weather|RainDance|[from] ability: Drizzle|[of] p2b: Uragano pellicano\n|turn|1\n|j| AndreyVGC\n|inactive|F3rrari450 has 30 seconds left.\n|\n|t:|1683379417\n|detailschange|p1b: Palafin|Palafin-Hero, L50, F\n|switch|p1b: Dragonite|Dragonite, L50, M|100\/100\n|-terastallize|p2a: You want rilla?|Grass\n|move|p2b: Uragano pellicano|Protect|p2b: Uragano pellicano\n|-singleturn|p2b: Uragano pellicano|Protect\n|move|p1a: Iron Hands|Fake Out|p2a: You want rilla?\n|-damage|p2a: You want rilla?|84\/100\n|cant|p2a: You want rilla?|flinch\n|\n|-weather|RainDance|[upkeep]\n|upkeep\n|turn|2\n|inactive|lucario97 has 30 seconds left.\n|\n|t:|1683379448\n|move|p2a: You want rilla?|Waterfall|p1a: Iron Hands\n|-damage|p1a: Iron Hands|41\/100\n|move|p1b: Dragonite|Ice Spinner|p2a: You want rilla?\n|-supereffective|p2a: You want rilla?\n|-damage|p2a: You want rilla?|7\/100\n|move|p2b: Uragano pellicano|Hurricane|p1a: Iron Hands\n|-damage|p1a: Iron Hands|14\/100\n|-start|p1a: Iron Hands|confusion\n|-activate|p1a: Iron Hands|confusion\n|move|p1a: Iron Hands|Volt Switch|p2b: Uragano pellicano\n|-supereffective|p2b: Uragano pellicano\n|-damage|p2b: Uragano pellicano|33\/100\n|\n|t:|1683379466\n|-end|p1a: Iron Hands|Quark Drive|[silent]\n|switch|p1a: Flutter Mane|Flutter Mane, L50|100\/100|[from] Volt Switch\n|\n|-weather|RainDance|[upkeep]\n|upkeep\n|turn|3\n|\n|t:|1683379476\n|move|p1b: Dragonite|Extreme Speed|p2a: You want rilla?\n|-damage|p2a: You want rilla?|0 fnt\n|faint|p2a: You want rilla?\n|move|p1a: Flutter Mane|Moonblast|p2b: Uragano pellicano\n|-damage|p2b: Uragano pellicano|0 fnt\n|faint|p2b: Uragano pellicano\n|\n|-weather|RainDance|[upkeep]\n|upkeep\n|\n|t:|1683379486\n|switch|p2a: Don't spore me|Dondozo, L50, M|100\/100\n|switch|p2b: Chien-Pao|Chien-Pao, L50|100\/100\n|-ability|p2b: Chien-Pao|Sword of Ruin\n|turn|4\n|\n|t:|1683379500\n|move|p1a: Flutter Mane|Protect|p1a: Flutter Mane\n|-singleturn|p1a: Flutter Mane|Protect\n|move|p1b: Dragonite|Extreme Speed|p2b: Chien-Pao\n|-damage|p2b: Chien-Pao|60\/100\n|move|p2b: Chien-Pao|Ice Spinner|p1b: Dragonite\n|-supereffective|p1b: Dragonite\n|-damage|p1b: Dragonite|4\/100\n|move|p2a: Don't spore me|Wave Crash|p1a: Flutter Mane\n|-activate|p1a: Flutter Mane|move: Protect\n|\n|-weather|RainDance|[upkeep]\n|upkeep\n|turn|5\n|\n|t:|1683379517\n|move|p2b: Chien-Pao|Protect|p2b: Chien-Pao\n|-singleturn|p2b: Chien-Pao|Protect\n|move|p1b: Dragonite|Extreme Speed|p2a: Don't spore me\n|-damage|p2a: Don't spore me|69\/100\n|move|p1a: Flutter Mane|Dazzling Gleam|p2a: Don't spore me|[spread] p2a\n|-activate|p2b: Chien-Pao|move: Protect\n|-damage|p2a: Don't spore me|29\/100\n|move|p2a: Don't spore me|Surf|p1a: Flutter Mane|[spread] p1a,p1b\n|-activate|p2b: Chien-Pao|move: Protect\n|-resisted|p1b: Dragonite\n|-damage|p1a: Flutter Mane|55\/100\n|-damage|p1b: Dragonite|0 fnt\n|faint|p1b: Dragonite\n|-damage|p2a: Don't spore me|19\/100|[from] item: Life Orb\n|\n|-weather|RainDance|[upkeep]\n|upkeep\n|\n|t:|1683379520\n|switch|p1b: Palafin|Palafin-Hero, L50, F|100\/100\n|-activate|p1b: Palafin|ability: Zero to Hero\n|turn|6\n|j|@Magmar54\u2764\u2661\n|\n|t:|1683379545\n|-terastallize|p1b: Palafin|Water\n|move|p1a: Flutter Mane|Protect|p1a: Flutter Mane\n|-singleturn|p1a: Flutter Mane|Protect\n|move|p2b: Chien-Pao|Sucker Punch||[still]\n|-fail|p2b: Chien-Pao\n|move|p1b: Palafin|Jet Punch|p2b: Chien-Pao\n|-damage|p2b: Chien-Pao|0 fnt\n|faint|p2b: Chien-Pao\n|move|p2a: Don't spore me|Wave Crash|p1b: Palafin\n|-resisted|p1b: Palafin\n|-damage|p1b: Palafin|67\/100\n|-damage|p2a: Don't spore me|9\/100|[from] Recoil\n|-damage|p2a: Don't spore me|0 fnt|[from] item: Life Orb\n|faint|p2a: Don't spore me\n|\n|win|F3rrari450\n|n|\u2606F3rrari450|f3rrari450\n|n|\u2606lucario97|lucario97\n|n| AndreyVGC|andreyvgc\n|n|+Magmar54\u2764\u2661|magmar54\n","uploadtime":1683379546,"views":6,"p1id":"f3rrari450","p2id":"lucario97","formatid":"gen9vgc2023regulationc","rating":0,"private":0,"password":""}