{"id":"gen9vgc2023regulationc-1864050766","p1":"BleachyBoi_426","p2":"Acerola4","format":"[Gen 9] VGC 2023 Regulation C","log":"|j|\u2606BleachyBoi_426\n|j|\u2606Acerola4\n|t:|1684110514\n|gametype|doubles\n|player|p1|BleachyBoi_426|n|\n|player|p2|Acerola4|170|\n|teamsize|p1|6\n|teamsize|p2|6\n|gen|9\n|tier|[Gen 9] VGC 2023 Regulation C\n|rule|Species Clause: Limit one of each Pok\u00e9mon\n|rule|Item Clause: Limit one of each item\n|clearpoke\n|poke|p1|Iron Valiant, L50|\n|poke|p1|Mabosstiff, L50, M|\n|poke|p1|Tinkaton, L50, F|\n|poke|p1|Arboliva, L50, F|\n|poke|p1|Pincurchin, L50, M|\n|poke|p1|Iron Moth, L50|\n|poke|p2|Armarouge, L50, M|\n|poke|p2|Indeedee-F, L50, F|\n|poke|p2|Tyranitar, L50, M|\n|poke|p2|Roaring Moon, L50|\n|poke|p2|Mimikyu, L50, M|\n|poke|p2|Magneton, L50|\n|teampreview|4\n|j| ThatGuyNamedToby\n|c|\u2606BleachyBoi_426|glhf\n|\n|t:|1684111298\n|start\n|switch|p1a: Larry|Pincurchin, L50, M|100\/100\n|switch|p1b: Adaptertio|Mabosstiff, L50, M|100\/100\n|switch|p2a: Roaring Moon|Roaring Moon, L50|100\/100\n|switch|p2b: Indeedee|Indeedee-F, L50, F|100\/100\n|-fieldstart|move: Psychic Terrain|[from] ability: Psychic Surge|[of] p2b: Indeedee\n|-fieldstart|move: Electric Terrain|[from] ability: Electric Surge|[of] p1a: Larry\n|turn|1\n|\n|t:|1684111344\n|move|p2a: Roaring Moon|Dragon Dance|p2a: Roaring Moon\n|-boost|p2a: Roaring Moon|atk|1\n|-boost|p2a: Roaring Moon|spe|1\n|move|p2b: Indeedee|Reflect|p2b: Indeedee\n|-sidestart|p2: Acerola4|Reflect\n|move|p1b: Adaptertio|Play Rough|p2a: Roaring Moon\n|-supereffective|p2a: Roaring Moon\n|-enditem|p2a: Roaring Moon|Focus Sash\n|-damage|p2a: Roaring Moon|1\/100\n|move|p1a: Larry|Thunder Wave|p2b: Indeedee\n|-status|p2b: Indeedee|par\n|\n|upkeep\n|turn|2\n|\n|t:|1684111387\n|move|p2b: Indeedee|Follow Me|p2b: Indeedee\n|-singleturn|p2b: Indeedee|move: Follow Me\n|move|p1a: Larry|Sucker Punch||[still]\n|-fail|p1a: Larry\n|move|p2a: Roaring Moon|Rock Slide|p1b: Adaptertio|[spread] p1a,p1b\n|-damage|p1a: Larry|54\/100\n|-damage|p1b: Adaptertio|64\/100\n|cant|p1b: Adaptertio|flinch\n|\n|upkeep\n|turn|3\n|\n|t:|1684111415\n|move|p1a: Larry|Sucker Punch|p2a: Roaring Moon\n|-resisted|p2a: Roaring Moon\n|-damage|p2a: Roaring Moon|0 fnt\n|faint|p2a: Roaring Moon\n|-end|p2a: Roaring Moon|Protosynthesis|[silent]\n|move|p1b: Adaptertio|Crunch|p2b: Indeedee\n|-supereffective|p2b: Indeedee\n|-damage|p2b: Indeedee|0 fnt\n|faint|p2b: Indeedee\n|\n|upkeep\n|\n|t:|1684111425\n|switch|p2a: Armarouge|Armarouge, L50, M, shiny|100\/100\n|switch|p2b: Mimikyu|Mimikyu, L50, M|100\/100\n|turn|4\n|\n|t:|1684111444\n|move|p1a: Larry|Sucker Punch|p2b: Mimikyu\n|-activate|p2b: Mimikyu|ability: Disguise\n|-damage|p2b: Mimikyu|100\/100\n|detailschange|p2b: Mimikyu|Mimikyu-Busted, L50, M\n|-damage|p2b: Mimikyu|88\/100|[from] pokemon: Mimikyu-Busted\n|move|p2b: Mimikyu|Play Rough|p1b: Adaptertio\n|-supereffective|p1b: Adaptertio\n|-damage|p1b: Adaptertio|0 fnt\n|faint|p1b: Adaptertio\n|-damage|p2b: Mimikyu|78\/100|[from] item: Life Orb\n|move|p2a: Armarouge|Heat Wave|p1a: Larry\n|-damage|p1a: Larry|0 fnt\n|faint|p1a: Larry\n|\n|upkeep\n|\n|t:|1684111462\n|switch|p1b: Happy Days|Arboliva, L50, F|100\/100\n|switch|p1a: Candle Queen|Tinkaton, L50, F|100\/100\n|-ability|p1a: Candle Queen|Mold Breaker\n|turn|5\n|\n|t:|1684111483\n|-terastallize|p2b: Mimikyu|Ghost\n|move|p1a: Candle Queen|Fake Out|p2a: Armarouge\n|-damage|p2a: Armarouge|94\/100\n|-ability|p2a: Armarouge|Weak Armor|boost\n|-unboost|p2a: Armarouge|def|1\n|-boost|p2a: Armarouge|spe|2\n|cant|p2a: Armarouge|flinch\n|move|p2b: Mimikyu|Shadow Claw|p1a: Candle Queen\n|-damage|p1a: Candle Queen|52\/100\n|-damage|p2b: Mimikyu|68\/100|[from] item: Life Orb\n|move|p1b: Happy Days|Energy Ball|p2b: Mimikyu\n|-damage|p2b: Mimikyu|14\/100\n|\n|-sideend|p2: Acerola4|Reflect\n|-fieldend|move: Electric Terrain\n|upkeep\n|turn|6\n|\n|t:|1684111555\n|-terastallize|p1b: Happy Days|Electric\n|move|p2a: Armarouge|Heat Wave|p1b: Happy Days|[spread] p1a,p1b\n|-supereffective|p1a: Candle Queen\n|-damage|p1a: Candle Queen|2\/100\n|-damage|p1b: Happy Days|66\/100\n|move|p2b: Mimikyu|Play Rough|p1b: Happy Days\n|-damage|p1b: Happy Days|26\/100\n|-enditem|p1b: Happy Days|Sitrus Berry|[eat]\n|-heal|p1b: Happy Days|51\/100|[from] item: Sitrus Berry\n|-damage|p2b: Mimikyu|4\/100|[from] item: Life Orb\n|move|p1a: Candle Queen|Knock Off|p2a: Armarouge\n|-supereffective|p2a: Armarouge\n|-damage|p2a: Armarouge|27\/100\n|-ability|p2a: Armarouge|Weak Armor|boost\n|-unboost|p2a: Armarouge|def|1\n|-boost|p2a: Armarouge|spe|2\n|-enditem|p2a: Armarouge|Assault Vest|[from] move: Knock Off|[of] p1a: Candle Queen\n|move|p1b: Happy Days|Leech Seed|p2b: Mimikyu\n|-start|p2b: Mimikyu|move: Leech Seed\n|\n|-damage|p2b: Mimikyu|0 fnt|[from] Leech Seed|[of] p1b: Happy Days\n|-heal|p1b: Happy Days|54\/100|[silent]\n|faint|p2b: Mimikyu\n|-item|p1b: Happy Days|Sitrus Berry|[from] ability: Harvest\n|upkeep\n|turn|7\n|\n|t:|1684111591\n|move|p2a: Armarouge|Heat Wave|p1a: Candle Queen|[spread] \n|-miss|p2a: Armarouge|p1a: Candle Queen\n|-miss|p2a: Armarouge|p1b: Happy Days\n|move|p1a: Candle Queen|Knock Off|p2a: Armarouge\n|-supereffective|p2a: Armarouge\n|-crit|p2a: Armarouge\n|-damage|p2a: Armarouge|0 fnt\n|faint|p2a: Armarouge\n|\n|win|BleachyBoi_426\n|c|\u2606Acerola4|HOW\n|c|\u2606BleachyBoi_426|unfort miss\n|c|\u2606BleachyBoi_426|gg\n|c|\u2606Acerola4|GG\n|c|\u2606Acerola4|gg\n|c|\u2606BleachyBoi_426|heat wave wouldn't kill arb so I think I still won that\n|c|\u2606BleachyBoi_426|you still wanna play game 3 for the fun of it?\n|c|\u2606Acerola4|uhh, sorry im just sorta depressed now, so not this time\n|c|\u2606Acerola4|but wp\n|l| ThatGuyNamedToby\n|c|\u2606BleachyBoi_426|alr its no problem\n|c|\u2606BleachyBoi_426|have a good one man\n|c|\u2606Acerola4|you too\n|c|\u2606BleachyBoi_426|its nice to see more acerola fans around\n","uploadtime":1684111787,"views":21,"p1id":"bleachyboi426","p2id":"acerola4","formatid":"gen9vgc2023regulationc","rating":0,"private":0,"password":""}