{"id":"gen9vgc2023regulationc-1849807561","p1":"iStockphoto","p2":"jelizza","format":"[Gen 9] VGC 2023 Regulation C","log":"|j|\u2606iStockphoto\n|j|\u2606jelizza\n|t:|1682254813\n|gametype|doubles\n|player|p1|iStockphoto|170|1111\n|player|p2|jelizza|101|1091\n|teamsize|p1|6\n|teamsize|p2|6\n|gen|9\n|tier|[Gen 9] VGC 2023 Regulation C\n|rated|\n|rule|Species Clause: Limit one of each Pok\u00e9mon\n|rule|Item Clause: Limit one of each item\n|clearpoke\n|poke|p1|Tatsugiri, L50, F|\n|poke|p1|Dondozo, L50, F|\n|poke|p1|Pelipper, L50, M|\n|poke|p1|Iron Bundle, L50|\n|poke|p1|Palafin, L50, M|\n|poke|p1|Amoonguss, L50, M|\n|poke|p2|Palafin, L50, M|\n|poke|p2|Morgrem, L50, M|\n|poke|p2|Annihilape, L50, F|\n|poke|p2|Hatterene, L50, F|\n|poke|p2|Iron Hands, L50|\n|poke|p2|Flutter Mane, L50|\n|teampreview|4\niStockphoto has agreed to open team sheets.\n|\n|t:|1682254847\n|start\n|switch|p1a: Tatsugiri|Tatsugiri, L50, F|100\/100\n|switch|p1b: Palafin|Palafin, L50, M|100\/100\n|switch|p2a: Morgrem|Morgrem, L50, M|100\/100\n|switch|p2b: Hatterene|Hatterene, L50, F|100\/100\n|turn|1\n|\n|t:|1682254866\n|move|p2a: Morgrem|Fake Out|p1b: Palafin\n|-damage|p1b: Palafin|92\/100\n|move|p1a: Tatsugiri|Muddy Water|p2b: Hatterene|[spread] p2a,p2b\n|-damage|p2a: Morgrem|70\/100\n|-damage|p2b: Hatterene|63\/100\n|-unboost|p2b: Hatterene|accuracy|1\n|cant|p1b: Palafin|flinch\n|move|p2b: Hatterene|Trick Room|p2b: Hatterene\n|-fieldstart|move: Trick Room|[of] p2b: Hatterene\n|\n|upkeep\n|turn|2\n|\n|t:|1682254894\n|detailschange|p1b: Palafin|Palafin-Hero, L50, M\n|switch|p1b: Dondozo|Dondozo, L50, F|100\/100\n|-activate|p1a: Tatsugiri|ability: Commander|[of] p1b: Dondozo\n|-boost|p1b: Dondozo|atk|2\n|-boost|p1b: Dondozo|spa|2\n|-boost|p1b: Dondozo|spe|2\n|-boost|p1b: Dondozo|def|2\n|-boost|p1b: Dondozo|spd|2\n|move|p2a: Morgrem|Misty Terrain|p2a: Morgrem\n|-fieldstart|move: Misty Terrain\n|move|p2b: Hatterene|Dazzling Gleam|p1a: Tatsugiri|[spread] p1b\n|-miss|p2b: Hatterene|p1a: Tatsugiri\n|-damage|p1b: Dondozo|86\/100\n|\n|upkeep\n|turn|3\n|inactive|Battle timer is ON: inactive players will automatically lose when time's up. (requested by jelizza)\n|inactive|jelizza has 60 seconds left.\n|\n|t:|1682254928\n|switch|p2a: Annihilape|Annihilape, L50, F|100\/100\n|move|p2b: Hatterene|Giga Drain|p1b: Dondozo\n|-supereffective|p1b: Dondozo\n|-damage|p1b: Dondozo|60\/100\n|-heal|p2b: Hatterene|83\/100|[from] drain|[of] p1b: Dondozo\n|move|p1b: Dondozo|Wave Crash|p2a: Annihilape\n|-damage|p2a: Annihilape|0 fnt\n|faint|p2a: Annihilape\n|-damage|p1b: Dondozo|37\/100|[from] Recoil\n|\n|upkeep\n|\n|t:|1682254946\n|switch|p2a: Morgrem|Morgrem, L50, M|70\/100\n|turn|4\n|\n|t:|1682254956\n|move|p2a: Morgrem|Fake Out|p1b: Dondozo\n|-damage|p1b: Dondozo|34\/100\n|move|p2b: Hatterene|Giga Drain|p1b: Dondozo\n|-supereffective|p1b: Dondozo\n|-damage|p1b: Dondozo|9\/100\n|-heal|p2b: Hatterene|100\/100|[from] drain|[of] p1b: Dondozo\n|cant|p1b: Dondozo|flinch\n|\n|upkeep\n|turn|5\n|\n|t:|1682254973\n|-terastallize|p1b: Dondozo|Steel\n|move|p2a: Morgrem|Light Screen|p2a: Morgrem\n|-sidestart|p2: jelizza|move: Light Screen\n|move|p2b: Hatterene|Giga Drain|p1b: Dondozo\n|-resisted|p1b: Dondozo\n|-crit|p1b: Dondozo\n|-damage|p1b: Dondozo|0 fnt\n|faint|p1b: Dondozo\n|\n|-fieldend|move: Trick Room\n|upkeep\n|\n|t:|1682254983\n|switch|p1b: Pelipper|Pelipper, L50, M|100\/100\n|-weather|RainDance|[from] ability: Drizzle|[of] p1b: Pelipper\n|turn|6\n|\n|t:|1682255001\n|switch|p2a: Iron Hands|Iron Hands, L50|100\/100\n|move|p1a: Tatsugiri|Muddy Water|p2b: Hatterene|[spread] p2a,p2b\n|-damage|p2a: Iron Hands|75\/100\n|-damage|p2b: Hatterene|67\/100\n|move|p1b: Pelipper|U-turn|p2b: Hatterene\n|-damage|p2b: Hatterene|59\/100\n|\n|t:|1682255010\n|switch|p1b: Palafin|Palafin-Hero, L50, M|92\/100|[from] U-turn\n|-activate|p1b: Palafin|ability: Zero to Hero\n|move|p2b: Hatterene|Trick Room|p2b: Hatterene\n|-fieldstart|move: Trick Room|[of] p2b: Hatterene\n|\n|-weather|RainDance|[upkeep]\n|-fieldend|Misty Terrain\n|upkeep\n|turn|7\n|inactive|jelizza has 30 seconds left.\n|\n|t:|1682255041\n|move|p1b: Palafin|Jet Punch|p2a: Iron Hands\n|-damage|p2a: Iron Hands|11\/100\n|-enditem|p2a: Iron Hands|Sitrus Berry|[eat]\n|-heal|p2a: Iron Hands|36\/100|[from] item: Sitrus Berry\n|move|p2b: Hatterene|Giga Drain|p1b: Palafin\n|-supereffective|p1b: Palafin\n|-damage|p1b: Palafin|31\/100\n|-heal|p2b: Hatterene|92\/100|[from] drain|[of] p1b: Palafin\n|move|p2a: Iron Hands|Belly Drum||[still]\n|-fail|p2a: Iron Hands\n|move|p1a: Tatsugiri|Muddy Water|p2b: Hatterene|[spread] p2a,p2b\n|-damage|p2a: Iron Hands|8\/100\n|-damage|p2b: Hatterene|55\/100\n|-unboost|p2a: Iron Hands|accuracy|1\n|\n|-weather|RainDance|[upkeep]\n|upkeep\n|turn|8\n|\n|t:|1682255061\n|move|p1b: Palafin|Jet Punch|p2b: Hatterene\n|-damage|p2b: Hatterene|0 fnt\n|faint|p2b: Hatterene\n|move|p2a: Iron Hands|Thunder Punch|p1b: Palafin\n|-supereffective|p1b: Palafin\n|-damage|p1b: Palafin|0 fnt\n|faint|p1b: Palafin\n|move|p1a: Tatsugiri|Muddy Water|p2a: Iron Hands\n|-damage|p2a: Iron Hands|0 fnt\n|faint|p2a: Iron Hands\n|-end|p2a: Iron Hands|Quark Drive|[silent]\n|\n|-weather|RainDance|[upkeep]\n|upkeep\n|\n|t:|1682255074\n|switch|p2b: Morgrem|Morgrem, L50, M|70\/100\n|switch|p1b: Pelipper|Pelipper, L50, M|100\/100\n|turn|9\n|-message|jelizza forfeited.\n|\n|win|iStockphoto\n|raw|iStockphoto's rating: 1111 → 1135<\/strong> (+24 for winning)\n|raw|jelizza's rating: 1091 → 1069<\/strong> (-22 for losing)\n|l|\u2606jelizza\n","uploadtime":1682255085,"views":16,"p1id":"istockphoto","p2id":"jelizza","formatid":"gen9vgc2023regulationc","rating":1069,"private":0,"password":""}