{"id":"gen9vgc2023regulationc-1855340499","p1":"maliwlp","p2":"gianlucone","format":"[Gen 9] VGC 2023 Regulation C","log":"|j|\u2606maliwlp\n|j|\u2606gianlucone\n|t:|1682939912\n|gametype|doubles\n|player|p1|maliwlp|dawn|1189\n|player|p2|gianlucone|koga|1217\n|teamsize|p1|6\n|teamsize|p2|6\n|gen|9\n|tier|[Gen 9] VGC 2023 Regulation C\n|rated|\n|rule|Species Clause: Limit one of each Pok\u00e9mon\n|rule|Item Clause: Limit one of each item\n|clearpoke\n|poke|p1|Palafin, L50, M|\n|poke|p1|Amoonguss, L50, F|\n|poke|p1|Baxcalibur, L50, F|\n|poke|p1|Chi-Yu, L50|\n|poke|p1|Flutter Mane, L50|\n|poke|p1|Arcanine, L50, M|\n|poke|p2|Glimmora, L50, M|\n|poke|p2|Wo-Chien, L50|\n|poke|p2|Garganacl, L50, F|\n|poke|p2|Ting-Lu, L50|\n|poke|p2|Toxapex, L50, F|\n|poke|p2|Spiritomb, L50, F|\n|teampreview|4\n|inactive|Battle timer is ON: inactive players will automatically lose when time's up. (requested by gianlucone)\n|\n|t:|1682939941\n|start\n|switch|p1a: Chi-Yu|Chi-Yu, L50|100\/100\n|switch|p1b: Baxcalibur|Baxcalibur, L50, F|100\/100\n|switch|p2a: Ting-Lu|Ting-Lu, L50|100\/100\n|switch|p2b: Spiritomb|Spiritomb, L50, F|100\/100\n|-ability|p1a: Chi-Yu|Beads of Ruin\n|-ability|p2a: Ting-Lu|Vessel of Ruin\n|-ability|p2b: Spiritomb|Pressure\n|turn|1\n|\n|t:|1682939961\n|switch|p1a: Amoonguss|Amoonguss, L50, F, shiny|100\/100\n|move|p1b: Baxcalibur|Icicle Spear|p2a: Ting-Lu\n|-supereffective|p2a: Ting-Lu\n|-crit|p2a: Ting-Lu\n|-damage|p2a: Ting-Lu|73\/100\n|-supereffective|p2a: Ting-Lu\n|-damage|p2a: Ting-Lu|56\/100\n|-supereffective|p2a: Ting-Lu\n|-damage|p2a: Ting-Lu|39\/100\n|-supereffective|p2a: Ting-Lu\n|-damage|p2a: Ting-Lu|23\/100\n|-hitcount|p2a: Ting-Lu|4\n|move|p2a: Ting-Lu|Sand Tomb|p1b: Baxcalibur\n|-damage|p1b: Baxcalibur|85\/100\n|-activate|p1b: Baxcalibur|move: Sand Tomb|[of] p2a: Ting-Lu\n|move|p2b: Spiritomb|Trick Room|p2b: Spiritomb\n|-fieldstart|move: Trick Room|[of] p2b: Spiritomb\n|\n|-damage|p1b: Baxcalibur|72\/100|[from] move: Sand Tomb|[partiallytrapped]\n|upkeep\n|turn|2\n|inactive|maliwlp has 30 seconds left.\n|inactive|gianlucone has 30 seconds left.\n|inactive|gianlucone has 20 seconds left.\n|\n|t:|1682939998\n|move|p1b: Baxcalibur|Ice Shard|p2a: Ting-Lu\n|-supereffective|p2a: Ting-Lu\n|-damage|p2a: Ting-Lu|0 fnt\n|faint|p2a: Ting-Lu\n|move|p2b: Spiritomb|Pain Split|p2: Ting-Lu|[notarget]\n|-fail|p2b: Spiritomb\n|move|p1a: Amoonguss|Spore|p2b: Spiritomb\n|-activate|p2b: Spiritomb|item: Safety Goggles|Spore\n|\n|-end|p1b: Baxcalibur|Sand Tomb|[partiallytrapped]|[silent]\n|upkeep\n|\n|t:|1682940009\n|switch|p2a: Garganacl|Garganacl, L50, F|100\/100\n|turn|3\n|\n|t:|1682940026\n|move|p1a: Amoonguss|Protect|p1a: Amoonguss\n|-singleturn|p1a: Amoonguss|Protect\n|move|p1b: Baxcalibur|Protect|p1b: Baxcalibur\n|-singleturn|p1b: Baxcalibur|Protect\n|move|p2b: Spiritomb|Snarl|p1a: Amoonguss|[spread] \n|-activate|p1a: Amoonguss|move: Protect\n|-activate|p1b: Baxcalibur|move: Protect\n|move|p2a: Garganacl|Salt Cure|p1b: Baxcalibur\n|-activate|p1b: Baxcalibur|move: Protect\n|\n|upkeep\n|turn|4\n|\n|t:|1682940039\n|move|p2b: Spiritomb|Snarl|p1b: Baxcalibur|[spread] p1a,p1b\n|-damage|p1a: Amoonguss|90\/100\n|-damage|p1b: Baxcalibur|58\/100\n|-unboost|p1a: Amoonguss|spa|1\n|-unboost|p1b: Baxcalibur|spa|1\n|move|p1a: Amoonguss|Pollen Puff|p1b: Baxcalibur\n|-heal|p1b: Baxcalibur|100\/100\n|move|p2a: Garganacl|Salt Cure|p1b: Baxcalibur\n|-supereffective|p1b: Baxcalibur\n|-damage|p1b: Baxcalibur|75\/100\n|-start|p1b: Baxcalibur|Salt Cure\n|move|p1b: Baxcalibur|Icicle Spear|p2b: Spiritomb\n|-damage|p2b: Spiritomb|86\/100\n|-damage|p2b: Spiritomb|69\/100\n|-damage|p2b: Spiritomb|55\/100\n|-damage|p2b: Spiritomb|39\/100\n|-hitcount|p2b: Spiritomb|4\n|\n|-damage|p1b: Baxcalibur|63\/100|[from] Salt Cure\n|upkeep\n|turn|5\n|inactive|maliwlp has 30 seconds left.\n|inactive|gianlucone has 30 seconds left.\n|inactive|gianlucone has 20 seconds left.\n|\n|t:|1682940075\n|move|p2b: Spiritomb|Pain Split|p2a: Garganacl\n|-sethp|p2a: Garganacl|68\/100|[from] move: Pain Split|[silent]\n|-sethp|p2b: Spiritomb|76\/100|[from] move: Pain Split\n|move|p1a: Amoonguss|Pollen Puff|p1b: Baxcalibur\n|-heal|p1b: Baxcalibur|100\/100\n|move|p2a: Garganacl|Recover|p2a: Garganacl\n|-heal|p2a: Garganacl|100\/100\n|move|p1b: Baxcalibur|Icicle Spear|p2a: Garganacl\n|-damage|p2a: Garganacl|91\/100\n|-damage|p2a: Garganacl|82\/100\n|-damage|p2a: Garganacl|73\/100\n|-damage|p2a: Garganacl|63\/100\n|-damage|p2a: Garganacl|53\/100\n|-hitcount|p2a: Garganacl|5\n|\n|-damage|p1b: Baxcalibur|88\/100|[from] Salt Cure\n|-fieldend|move: Trick Room\n|upkeep\n|turn|6\n|\n|t:|1682940097\n|move|p1b: Baxcalibur|Icicle Spear|p2b: Spiritomb\n|-damage|p2b: Spiritomb|60\/100\n|-damage|p2b: Spiritomb|44\/100\n|-damage|p2b: Spiritomb|29\/100\n|-damage|p2b: Spiritomb|13\/100\n|-damage|p2b: Spiritomb|0 fnt\n|faint|p2b: Spiritomb\n|-hitcount|p2: Spiritomb|5\n|move|p2a: Garganacl|Salt Cure|p1a: Amoonguss\n|-damage|p1a: Amoonguss|79\/100\n|-start|p1a: Amoonguss|Salt Cure\n|move|p1a: Amoonguss|Pollen Puff|p1b: Baxcalibur\n|-heal|p1b: Baxcalibur|100\/100\n|\n|-damage|p1b: Baxcalibur|88\/100|[from] Salt Cure\n|-damage|p1a: Amoonguss|66\/100|[from] Salt Cure\n|upkeep\n|\n|t:|1682940113\n|switch|p2b: Glimmora|Glimmora, L50, M|100\/100\n|turn|7\n|\n|t:|1682940124\n|switch|p1a: Flutter Mane|Flutter Mane, L50|100\/100\n|move|p2b: Glimmora|Mortal Spin|p1b: Baxcalibur|[spread] p1a,p1b\n|-damage|p1a: Flutter Mane|92\/100\n|-damage|p1b: Baxcalibur|84\/100\n|-status|p1a: Flutter Mane|psn\n|-status|p1b: Baxcalibur|psn\n|move|p1b: Baxcalibur|Icicle Spear|p2b: Glimmora\n|-damage|p2b: Glimmora|82\/100\n|-damage|p2b: Glimmora|62\/100\n|-damage|p2b: Glimmora|45\/100\n|-damage|p2b: Glimmora|28\/100\n|-damage|p2b: Glimmora|11\/100\n|-hitcount|p2b: Glimmora|5\n|move|p2a: Garganacl|Recover|p2a: Garganacl\n|-heal|p2a: Garganacl|100\/100\n|\n|-damage|p1a: Flutter Mane|80\/100 psn|[from] psn\n|-damage|p1b: Baxcalibur|71\/100 psn|[from] psn\n|-damage|p1b: Baxcalibur|59\/100 psn|[from] Salt Cure\n|upkeep\n|turn|8\n|inactive|gianlucone has 30 seconds left.\n|\n|t:|1682940149\n|move|p2b: Glimmora|Spiky Shield|p2b: Glimmora\n|-singleturn|p2b: Glimmora|move: Protect\n|move|p1b: Baxcalibur|Ice Shard|p2b: Glimmora\n|-activate|p2b: Glimmora|move: Protect\n|move|p1a: Flutter Mane|Moonblast|p2a: Garganacl\n|-damage|p2a: Garganacl|34\/100\n|-unboost|p2a: Garganacl|spa|1\n|move|p2a: Garganacl|Salt Cure|p1a: Flutter Mane\n|-damage|p1a: Flutter Mane|57\/100 psn\n|-start|p1a: Flutter Mane|Salt Cure\n|\n|-damage|p1a: Flutter Mane|45\/100 psn|[from] psn\n|-damage|p1b: Baxcalibur|47\/100 psn|[from] psn\n|-damage|p1a: Flutter Mane|33\/100 psn|[from] Salt Cure\n|-damage|p1b: Baxcalibur|34\/100 psn|[from] Salt Cure\n|upkeep\n|turn|9\n|\n|t:|1682940172\n|move|p1b: Baxcalibur|Ice Shard|p2b: Glimmora\n|-damage|p2b: Glimmora|0 fnt\n|faint|p2b: Glimmora\n|move|p1a: Flutter Mane|Moonblast|p2a: Garganacl\n|-damage|p2a: Garganacl|0 fnt\n|faint|p2a: Garganacl\n|\n|win|maliwlp\n|raw|maliwlp's rating: 1189 → 1216<\/strong> (+27 for winning)\n|raw|gianlucone's rating: 1217 → 1190<\/strong> (-27 for losing)\n","uploadtime":1682940189,"views":19,"p1id":"maliwlp","p2id":"gianlucone","formatid":"gen9vgc2023regulationc","rating":1190,"private":0,"password":""}