{"id":"gen9vgc2023regulationc-1859075423","p1":"yato1226","p2":"Autumn0815","format":"[Gen 9] VGC 2023 Regulation C","log":"|j|\u2606yato1226\n|j|\u2606Autumn0815\n|t:|1683401485\n|gametype|doubles\n|player|p1|yato1226|dragontamer|1304\n|player|p2|Autumn0815|lady|1349\n|teamsize|p1|6\n|teamsize|p2|6\n|gen|9\n|tier|[Gen 9] VGC 2023 Regulation C\n|rated|\n|rule|Species Clause: Limit one of each Pok\u00e9mon\n|rule|Item Clause: Limit one of each item\n|clearpoke\n|poke|p1|Roaring Moon, L50|\n|poke|p1|Maushold-Four, L50|\n|poke|p1|Gholdengo, L50|\n|poke|p1|Iron Bundle, L50|\n|poke|p1|Amoonguss, L50, F|\n|poke|p1|Annihilape, L50, F|\n|poke|p2|Indeedee-F, L50, F|\n|poke|p2|Armarouge, L50, F|\n|poke|p2|Farigiraf, L50, F|\n|poke|p2|Iron Hands, L50|\n|poke|p2|Torkoal, L50, F|\n|poke|p2|Slither Wing, L50|\n|teampreview|4\n|inactive|Battle timer is ON: inactive players will automatically lose when time's up. (requested by Autumn0815)\n|inactive|yato1226 has 60 seconds left.\n|c|\u2606Autumn0815|Good luck!\nyato1226 has agreed to open team sheets.\n|\n|t:|1683401537\n|start\n|switch|p1a: Roaring Moon|Roaring Moon, L50|100\/100\n|switch|p1b: Gholdengo|Gholdengo, L50|100\/100\n|switch|p2a: Didi|Indeedee-F, L50, F, shiny|100\/100\n|switch|p2b: Rouge|Armarouge, L50, F, shiny|100\/100\n|-fieldstart|move: Psychic Terrain|[from] ability: Psychic Surge|[of] p2a: Didi\n|-enditem|p2a: Didi|Psychic Seed\n|-boost|p2a: Didi|spd|1|[from] item: Psychic Seed\n|-enditem|p1a: Roaring Moon|Booster Energy\n|-activate|p1a: Roaring Moon|ability: Protosynthesis|[fromitem]\n|-start|p1a: Roaring Moon|protosynthesisatk\n|turn|1\n|\n|t:|1683401555\n|-terastallize|p2a: Didi|Fairy\n|move|p2a: Didi|Follow Me|p2a: Didi\n|-singleturn|p2a: Didi|move: Follow Me\n|move|p1a: Roaring Moon|Throat Chop|p2a: Didi\n|-resisted|p2a: Didi\n|-damage|p2a: Didi|61\/100\n|-start|p2a: Didi|Throat Chop|[silent]\n|move|p1b: Gholdengo|Shadow Ball|p2a: Didi\n|-damage|p2a: Didi|38\/100\n|-damage|p1b: Gholdengo|91\/100|[from] item: Life Orb\n|move|p2b: Rouge|Trick Room|p2b: Rouge\n|-fieldstart|move: Trick Room|[of] p2b: Rouge\n|\n|upkeep\n|turn|2\n|inactive|yato1226 has 30 seconds left.\n|inactive|yato1226 has 20 seconds left.\n|inactive|yato1226 has 15 seconds left.\n|\n|t:|1683401597\n|-terastallize|p1a: Roaring Moon|Flying\n|move|p1b: Gholdengo|Protect|p1b: Gholdengo\n|-singleturn|p1b: Gholdengo|Protect\n|move|p2b: Rouge|Armor Cannon|p1b: Gholdengo\n|-activate|p1b: Gholdengo|move: Protect\n|move|p2a: Didi|Tera Blast|p1a: Roaring Moon\n|-damage|p1a: Roaring Moon|75\/100\n|move|p1a: Roaring Moon|Throat Chop|p2b: Rouge\n|-supereffective|p2b: Rouge\n|-damage|p2b: Rouge|9\/100\n|-start|p2b: Rouge|Throat Chop|[silent]\n|\n|-end|p2a: Didi|Throat Chop|[silent]\n|upkeep\n|turn|3\n|inactive|yato1226 has 30 seconds left.\n|\n|t:|1683401632\n|move|p2a: Didi|Helping Hand|p2b: Rouge\n|-singleturn|p2b: Rouge|Helping Hand|[of] p2a: Didi\n|move|p2b: Rouge|Expanding Force|p1a: Roaring Moon|[spread] p1a,p1b\n|-resisted|p1b: Gholdengo\n|-damage|p1a: Roaring Moon|0 fnt\n|-damage|p1b: Gholdengo|30\/100\n|faint|p1a: Roaring Moon\n|-end|p1a: Roaring Moon|Protosynthesis|[silent]\n|-damage|p2b: Rouge|0 fnt|[from] item: Life Orb\n|faint|p2b: Rouge\n|move|p1b: Gholdengo|Make It Rain|p2a: Didi\n|-supereffective|p2a: Didi\n|-damage|p2a: Didi|0 fnt\n|-unboost|p1b: Gholdengo|spa|1\n|faint|p2a: Didi\n|-damage|p1b: Gholdengo|20\/100|[from] item: Life Orb\n|\n|upkeep\n|inactive|yato1226 has 30 seconds left.\n|\n|t:|1683401658\n|switch|p2b: Slithers|Slither Wing, L50, shiny|100\/100\n|switch|p2a: Tori|Torkoal, L50, F, shiny|100\/100\n|switch|p1a: Annihilape|Annihilape, L50, F|100\/100\n|-weather|SunnyDay|[from] ability: Drought|[of] p2a: Tori\n|-activate|p2b: Slithers|ability: Protosynthesis\n|-start|p2b: Slithers|protosynthesisatk\n|turn|4\n|\n|t:|1683401675\n|move|p1a: Annihilape|Protect|p1a: Annihilape\n|-singleturn|p1a: Annihilape|Protect\n|move|p1b: Gholdengo|Protect|p1b: Gholdengo\n|-singleturn|p1b: Gholdengo|Protect\n|move|p2a: Tori|Eruption|p1a: Annihilape|[spread] \n|-activate|p1a: Annihilape|move: Protect\n|-activate|p1b: Gholdengo|move: Protect\n|move|p2b: Slithers|Flare Blitz|p1a: Annihilape\n|-activate|p1a: Annihilape|move: Protect\n|\n|-weather|SunnyDay|[upkeep]\n|upkeep\n|turn|5\n|\n|t:|1683401687\n|switch|p1a: Amoonguss|Amoonguss, L50, F|100\/100\n|move|p1b: Gholdengo|Protect||[still]\n|-fail|p1b: Gholdengo\n|move|p2a: Tori|Eruption|p1b: Gholdengo|[spread] p1a,p1b\n|-supereffective|p1a: Amoonguss\n|-supereffective|p1b: Gholdengo\n|-damage|p1a: Amoonguss|0 fnt\n|-damage|p1b: Gholdengo|0 fnt\n|faint|p1a: Amoonguss\n|faint|p1b: Gholdengo\n|move|p2b: Slithers|Flare Blitz|p1: Amoonguss|[notarget]\n|-fail|p2b: Slithers\n|\n|-weather|SunnyDay|[upkeep]\n|-fieldend|move: Trick Room\n|-fieldend|move: Psychic Terrain\n|upkeep\n|\n|t:|1683401690\n|switch|p1a: Annihilape|Annihilape, L50, F|100\/100\n|turn|6\n|\n|t:|1683401699\n|move|p1a: Annihilape|Bulk Up|p1a: Annihilape\n|-boost|p1a: Annihilape|atk|1\n|-boost|p1a: Annihilape|def|1\n|move|p2b: Slithers|Flare Blitz|p1a: Annihilape\n|-damage|p1a: Annihilape|40\/100\n|-damage|p2b: Slithers|80\/100|[from] Recoil\n|move|p2a: Tori|Heat Wave|p1a: Annihilape\n|-damage|p1a: Annihilape|0 fnt\n|faint|p1a: Annihilape\n|\n|win|Autumn0815\n|raw|yato1226's rating: 1304 → 1287<\/strong> (-17 for losing)\n|raw|Autumn0815's rating: 1349 → 1366<\/strong> (+17 for winning)\n|l|\u2606yato1226\n|c|\u2606Autumn0815|GG\n","uploadtime":1683401715,"views":14,"p1id":"yato1226","p2id":"autumn0815","formatid":"gen9vgc2023regulationc","rating":1287,"private":0,"password":""}