{"id":"gen9vgc2023regulationc-1854943659","p1":"haha you rage quit","p2":"Om3gaCatches","format":"[Gen 9] VGC 2023 Regulation C","log":"|j|\u2606haha you rage quit\n|j|\u2606Om3gaCatches\n|t:|1682883419\n|gametype|doubles\n|player|p1|haha you rage quit|pokemaniac|1176\n|player|p2|Om3gaCatches|102|1104\n|teamsize|p1|6\n|teamsize|p2|6\n|gen|9\n|tier|[Gen 9] VGC 2023 Regulation C\n|rated|\n|rule|Species Clause: Limit one of each Pok\u00e9mon\n|rule|Item Clause: Limit one of each item\n|clearpoke\n|poke|p1|Pelipper, L50, M|\n|poke|p1|Indeedee-F, L50, F|\n|poke|p1|Armarouge, L50, M|\n|poke|p1|Gastrodon, L50, M|\n|poke|p1|Hatterene, L50, F|\n|poke|p1|Kingambit, L50, M|\n|poke|p2|Flutter Mane, L50|\n|poke|p2|Ting-Lu, L50|\n|poke|p2|Amoonguss, L50, F|\n|poke|p2|Chien-Pao, L50|\n|poke|p2|Torkoal, L50, F|\n|poke|p2|Azumarill, L50, M|\n|teampreview|4\n|inactive|Battle timer is ON: inactive players will automatically lose when time's up. (requested by Om3gaCatches)\nOm3gaCatches has agreed to open team sheets.\n|inactive|haha you rage quit has 60 seconds left.\n|\n|t:|1682883459\n|start\n|switch|p1a: Armarouge|Armarouge, L50, M|100\/100\n|switch|p1b: Kingambit|Kingambit, L50, M, shiny|100\/100\n|switch|p2a: Ting-Lu|Ting-Lu, L50|100\/100\n|switch|p2b: God|Azumarill, L50, M, shiny|100\/100\n|-ability|p2a: Ting-Lu|Vessel of Ruin\n|turn|1\n|inactive|haha you rage quit has 30 seconds left.\n|\n|t:|1682883484\n|switch|p1b: Gastrodon|Gastrodon, L50, M|100\/100\n|-terastallize|p1a: Armarouge|Grass\n|move|p2b: God|Waterfall|p1b: Gastrodon\n|-activate|p1b: Gastrodon|ability: Storm Drain\n|-ability|p1b: Gastrodon|Storm Drain|boost\n|-boost|p1b: Gastrodon|spa|1\n|move|p2a: Ting-Lu|Fissure|p1b: Gastrodon|[miss]\n|-miss|p2a: Ting-Lu|p1b: Gastrodon\n|move|p1a: Armarouge|Trick Room|p1a: Armarouge\n|-fieldstart|move: Trick Room|[of] p1a: Armarouge\n|\n|upkeep\n|turn|2\n|inactive|haha you rage quit has 30 seconds left.\n|\n|t:|1682883514\n|switch|p2b: Flutter Mane|Flutter Mane, L50, shiny|100\/100\n|move|p2a: Ting-Lu|Fissure|p1b: Gastrodon|[miss]\n|-miss|p2a: Ting-Lu|p1b: Gastrodon\n|move|p1b: Gastrodon|Hydro Pump|p2a: Ting-Lu\n|-supereffective|p2a: Ting-Lu\n|-damage|p2a: Ting-Lu|33\/100\n|move|p1a: Armarouge|Aura Sphere|p2a: Ting-Lu\n|-supereffective|p2a: Ting-Lu\n|-damage|p2a: Ting-Lu|13\/100\n|\n|upkeep\n|turn|3\n|inactive|haha you rage quit has 30 seconds left.\n|inactive|haha you rage quit has 20 seconds left.\n|inactive|haha you rage quit has 15 seconds left.\n|inactive|haha you rage quit has 10 seconds left.\n|\n|t:|1682883561\n|move|p2a: Ting-Lu|Fissure|p1b: Gastrodon|[miss]\n|-miss|p2a: Ting-Lu|p1b: Gastrodon\n|move|p1b: Gastrodon|Muddy Water|p2b: Flutter Mane|[spread] p2a,p2b\n|-supereffective|p2a: Ting-Lu\n|-crit|p2a: Ting-Lu\n|-damage|p2a: Ting-Lu|0 fnt\n|-damage|p2b: Flutter Mane|52\/100\n|faint|p2a: Ting-Lu\n|move|p1a: Armarouge|Expanding Force|p2b: Flutter Mane\n|-damage|p2b: Flutter Mane|0 fnt\n|faint|p2b: Flutter Mane\n|-end|p2b: Flutter Mane|Protosynthesis|[silent]\n|\n|upkeep\n|c|\u2606Om3gaCatches|No u\n|\n|t:|1682883568\n|switch|p2a: God|Azumarill, L50, M, shiny|100\/100\n|switch|p2b: Chien-Pao|Chien-Pao, L50|100\/100\n|-ability|p2b: Chien-Pao|Sword of Ruin\n|turn|4\n|inactive|haha you rage quit has 30 seconds left.\n|\n|t:|1682883594\n|-terastallize|p2b: Chien-Pao|Fighting\n|move|p1b: Gastrodon|Sludge Bomb|p2a: God\n|-supereffective|p2a: God\n|-damage|p2a: God|7\/100\n|move|p1a: Armarouge|Aura Sphere|p2b: Chien-Pao\n|-crit|p2b: Chien-Pao\n|-damage|p2b: Chien-Pao|32\/100\n|move|p2a: God|Play Rough|p1a: Armarouge\n|-damage|p1a: Armarouge|38\/100\n|-unboost|p1a: Armarouge|atk|1\n|move|p2b: Chien-Pao|Sacred Sword|p1b: Gastrodon\n|-damage|p1b: Gastrodon|5\/100\n|\n|upkeep\n|turn|5\n|\n|t:|1682883613\n|move|p1b: Gastrodon|Sludge Bomb|p2a: God\n|-supereffective|p2a: God\n|-damage|p2a: God|0 fnt\n|faint|p2a: God\n|move|p1a: Armarouge|Aura Sphere|p2b: Chien-Pao\n|-damage|p2b: Chien-Pao|0 fnt\n|faint|p2b: Chien-Pao\n|\n|win|haha you rage quit\n|raw|haha you rage quit's rating: 1176 → 1196<\/strong> (+20 for winning)\n|raw|Om3gaCatches's rating: 1104 → 1084<\/strong> (-20 for losing)\n|l|\u2606Om3gaCatches\n","uploadtime":1682883633,"views":6,"p1id":"hahayouragequit","p2id":"om3gacatches","formatid":"gen9vgc2023regulationc","rating":1084,"private":0,"password":""}