{"id":"gen9vgc2023regulationc-1860844025","p1":"EV4Ever","p2":"TheBeeps","format":"[Gen 9] VGC 2023 Regulation C","log":"|j|\u2606EV4Ever\n|j|\u2606TheBeeps\n|t:|1683684816\n|gametype|doubles\n|player|p1|EV4Ever|hilbert-wonderlauncher|1178\n|player|p2|TheBeeps|cynthia-gen4|1171\n|teamsize|p1|6\n|teamsize|p2|6\n|gen|9\n|tier|[Gen 9] VGC 2023 Regulation C\n|rated|\n|rule|Species Clause: Limit one of each Pok\u00e9mon\n|rule|Item Clause: Limit one of each item\n|clearpoke\n|poke|p1|Vaporeon, L50, F|\n|poke|p1|Jolteon, L50, M|\n|poke|p1|Pelipper, L50, M|\n|poke|p1|Gardevoir, L50, F|\n|poke|p1|Gastrodon-East, L50, M|\n|poke|p1|Tsareena, L50, F|\n|poke|p2|Flutter Mane, L50|\n|poke|p2|Ting-Lu, L50|\n|poke|p2|Chien-Pao, L50|\n|poke|p2|Arcanine, L50, F|\n|poke|p2|Palafin, L50, F|\n|poke|p2|Amoonguss, L50, M|\n|teampreview|4\nTheBeeps has agreed to open team sheets.\n|\n|t:|1683684859\n|start\n|switch|p1a: Pelipper|Pelipper, L50, M|100\/100\n|switch|p1b: Gastrodon|Gastrodon-East, L50, M|100\/100\n|switch|p2a: Flutter Mane|Flutter Mane, L50|100\/100\n|switch|p2b: Amoonguss|Amoonguss, L50, M|100\/100\n|-weather|RainDance|[from] ability: Drizzle|[of] p1a: Pelipper\n|-enditem|p2a: Flutter Mane|Booster Energy\n|-activate|p2a: Flutter Mane|ability: Protosynthesis|[fromitem]\n|-start|p2a: Flutter Mane|protosynthesisspe\n|turn|1\n|\n|t:|1683684899\n|-terastallize|p1b: Gastrodon|Grass\n|move|p2b: Amoonguss|Protect|p2b: Amoonguss\n|-singleturn|p2b: Amoonguss|Protect\n|move|p2a: Flutter Mane|Substitute|p2a: Flutter Mane\n|-start|p2a: Flutter Mane|Substitute\n|-damage|p2a: Flutter Mane|76\/100\n|move|p1a: Pelipper|Surf|p2a: Flutter Mane|[spread] p2a\n|-activate|p2b: Amoonguss|move: Protect\n|-ability|p1b: Gastrodon|Storm Drain|boost\n|-boost|p1b: Gastrodon|spa|1\n|-end|p2a: Flutter Mane|Substitute\n|move|p1b: Gastrodon|Earth Power|p2b: Amoonguss\n|-activate|p2b: Amoonguss|move: Protect\n|\n|-weather|RainDance|[upkeep]\n|upkeep\n|turn|2\n|\n|t:|1683684939\n|move|p2a: Flutter Mane|Moonblast|p1b: Gastrodon\n|-damage|p1b: Gastrodon|48\/100\n|move|p1a: Pelipper|Surf|p2b: Amoonguss|[spread] p2a,p2b\n|-ability|p1b: Gastrodon|Storm Drain|boost\n|-boost|p1b: Gastrodon|spa|1\n|-resisted|p2b: Amoonguss\n|-damage|p2a: Flutter Mane|23\/100\n|-damage|p2b: Amoonguss|85\/100\n|move|p1b: Gastrodon|Earth Power|p2b: Amoonguss\n|-damage|p2b: Amoonguss|30\/100\n|-enditem|p2b: Amoonguss|Sitrus Berry|[eat]\n|-heal|p2b: Amoonguss|55\/100|[from] item: Sitrus Berry\n|move|p2b: Amoonguss|Spore|p1a: Pelipper\n|-status|p1a: Pelipper|slp|[from] move: Spore\n|\n|-weather|RainDance|[upkeep]\n|upkeep\n|turn|3\n|\n|t:|1683684967\n|move|p2a: Flutter Mane|Moonblast|p1b: Gastrodon\n|-damage|p1b: Gastrodon|0 fnt\n|faint|p1b: Gastrodon\n|cant|p1a: Pelipper|slp\n|move|p2b: Amoonguss|Pollen Puff|p2a: Flutter Mane\n|-heal|p2a: Flutter Mane|72\/100\n|\n|-weather|RainDance|[upkeep]\n|upkeep\n|\n|t:|1683684977\n|switch|p1b: Gardevoir|Gardevoir, L50, F|100\/100\n|turn|4\n|\n|t:|1683684991\n|move|p2b: Amoonguss|Protect|p2b: Amoonguss\n|-singleturn|p2b: Amoonguss|Protect\n|move|p2a: Flutter Mane|Shadow Ball|p1b: Gardevoir\n|-supereffective|p1b: Gardevoir\n|-damage|p1b: Gardevoir|7\/100\n|-unboost|p1b: Gardevoir|spd|1\n|move|p1b: Gardevoir|Psychic|p2b: Amoonguss\n|-activate|p2b: Amoonguss|move: Protect\n|cant|p1a: Pelipper|slp\n|\n|-weather|RainDance|[upkeep]\n|upkeep\n|turn|5\n|-message|EV4Ever forfeited.\n|\n|win|TheBeeps\n|raw|EV4Ever's rating: 1178 → 1152<\/strong> (-26 for losing)\n|raw|TheBeeps's rating: 1171 → 1197<\/strong> (+26 for winning)\n|l|\u2606EV4Ever\n","uploadtime":1683685004,"views":16,"p1id":"ev4ever","p2id":"thebeeps","formatid":"gen9vgc2023regulationc","rating":1152,"private":0,"password":""}