{"id":"gen9vgc2023regulationc-1848203757","p1":"gigggaels","p2":"Felon Degeneres","format":"[Gen 9] VGC 2023 Regulation C","log":"|j|\u2606gigggaels\n|j|\u2606Felon Degeneres\n|t:|1682042066\n|gametype|doubles\n|player|p1|gigggaels|169|1043\n|player|p2|Felon Degeneres|rocketgruntf|1061\n|teamsize|p1|6\n|teamsize|p2|6\n|gen|9\n|tier|[Gen 9] VGC 2023 Regulation C\n|rated|\n|rule|Species Clause: Limit one of each Pok\u00e9mon\n|rule|Item Clause: Limit one of each item\n|clearpoke\n|poke|p1|Orthworm, L50, M|\n|poke|p1|Dragonite, L50, M|\n|poke|p1|Ting-Lu, L50|\n|poke|p1|Gyarados, L50, F|\n|poke|p1|Flutter Mane, L50|\n|poke|p1|Chien-Pao, L50|\n|poke|p2|Hawlucha, L50, F|\n|poke|p2|Grafaiai, L50, F|\n|poke|p2|Chien-Pao, L50|\n|poke|p2|Dragapult, L50, F|\n|poke|p2|Arcanine, L50, F|\n|poke|p2|Amoonguss, L50, F|\n|teampreview|4\n|\n|t:|1682042092\n|start\n|switch|p1a: Orthworm|Orthworm, L50, M|100\/100\n|switch|p1b: Ting-Lu|Ting-Lu, L50|100\/100\n|switch|p2a: Hawlucha|Hawlucha, L50, F|100\/100\n|switch|p2b: Grafaiai|Grafaiai, L50, F|100\/100\n|-ability|p1b: Ting-Lu|Vessel of Ruin\n|turn|1\n|\n|t:|1682042126\n|-terastallize|p1a: Orthworm|Fire\n|move|p2b: Grafaiai|Swagger|p1a: Orthworm\n|-boost|p1a: Orthworm|atk|2\n|-enditem|p2a: Hawlucha|Mirror Herb\n|-boost|p2a: Hawlucha|atk|2|[from] item: Mirror Herb\n|-start|p1a: Orthworm|confusion\n|move|p2a: Hawlucha|Drain Punch|p1b: Ting-Lu\n|-supereffective|p1b: Ting-Lu\n|-damage|p1b: Ting-Lu|17\/100\n|move|p1b: Ting-Lu|Rock Slide|p2b: Grafaiai|[spread] p2a,p2b\n|-damage|p2a: Hawlucha|70\/100\n|-damage|p2b: Grafaiai|71\/100\n|-activate|p1a: Orthworm|confusion\n|move|p1a: Orthworm|Iron Defense|p1a: Orthworm\n|-boost|p1a: Orthworm|def|2\n|\n|upkeep\n|turn|2\n|\n|t:|1682042158\n|move|p2a: Hawlucha|Drain Punch|p1b: Ting-Lu\n|-supereffective|p1b: Ting-Lu\n|-damage|p1b: Ting-Lu|0 fnt\n|-heal|p2a: Hawlucha|81\/100|[from] drain|[of] p1b: Ting-Lu\n|faint|p1b: Ting-Lu\n|move|p2b: Grafaiai|Super Fang|p1a: Orthworm\n|-damage|p1a: Orthworm|50\/100\n|-enditem|p1a: Orthworm|Sitrus Berry|[eat]\n|-heal|p1a: Orthworm|75\/100|[from] item: Sitrus Berry\n|-activate|p1a: Orthworm|confusion\n|-damage|p1a: Orthworm|70\/100|[from] confusion\n|\n|upkeep\n|\n|t:|1682042184\n|switch|p1b: Dragonite|Dragonite, L50, M|100\/100\n|turn|3\n|\n|t:|1682042234\n|-terastallize|p2a: Hawlucha|Steel\n|move|p2a: Hawlucha|Iron Head|p1b: Dragonite\n|-damage|p1b: Dragonite|63\/100\n|cant|p1b: Dragonite|flinch\n|move|p2b: Grafaiai|Super Fang|p1a: Orthworm\n|-damage|p1a: Orthworm|35\/100\n|-end|p1a: Orthworm|confusion\n|move|p1a: Orthworm|Heavy Slam|p2a: Hawlucha\n|-resisted|p2a: Hawlucha\n|-damage|p2a: Hawlucha|33\/100\n|\n|upkeep\n|turn|4\n|\n|t:|1682042272\n|move|p1b: Dragonite|Extreme Speed|p2b: Grafaiai\n|-damage|p2b: Grafaiai|42\/100\n|move|p2b: Grafaiai|Parting Shot|p1b: Dragonite\n|-unboost|p1b: Dragonite|atk|1\n|-unboost|p1b: Dragonite|spa|1\n|\n|t:|1682042280\n|switch|p2b: Chien-Pao|Chien-Pao, L50|100\/100|[from] Parting Shot\n|-ability|p2b: Chien-Pao|Sword of Ruin\n|move|p2a: Hawlucha|Acrobatics|p1a: Orthworm\n|-damage|p1a: Orthworm|0 fnt\n|faint|p1a: Orthworm\n|\n|upkeep\n|\n|t:|1682042288\n|switch|p1a: Flutter Mane|Flutter Mane, L50|100\/100\n|turn|5\n|\n|t:|1682042319\n|move|p2b: Chien-Pao|Protect|p2b: Chien-Pao\n|-singleturn|p2b: Chien-Pao|Protect\n|move|p1b: Dragonite|Extreme Speed|p2a: Hawlucha\n|-resisted|p2a: Hawlucha\n|-damage|p2a: Hawlucha|19\/100\n|move|p2a: Hawlucha|Iron Head|p1a: Flutter Mane\n|-supereffective|p1a: Flutter Mane\n|-damage|p1a: Flutter Mane|0 fnt\n|faint|p1a: Flutter Mane\n|-end|p1a: Flutter Mane|Protosynthesis|[silent]\n|\n|upkeep\n|turn|6\n|-message|gigggaels forfeited.\n|\n|win|Felon Degeneres\n|raw|gigggaels's rating: 1084 → 1060<\/strong> (-24 for losing)\n|raw|Felon Degeneres's rating: 1061 → 1094<\/strong> (+33 for winning)\n|l|\u2606gigggaels\n","uploadtime":1682042352,"views":9,"p1id":"gigggaels","p2id":"felondegeneres","formatid":"gen9vgc2023regulationc","rating":1060,"private":0,"password":""}