{"id":"gen9vgc2023regulationc-1855021788","p1":"Angelowos","p2":"Haseooo","format":"[Gen 9] VGC 2023 Regulation C","log":"|j|\u2606Angelowos\n|j|\u2606Haseooo\n|t:|1682891901\n|gametype|doubles\n|player|p1|Angelowos|red|\n|player|p2|Haseooo|gardenia|\n|teamsize|p1|6\n|teamsize|p2|6\n|gen|9\n|tier|[Gen 9] VGC 2023 Regulation C\n|rule|Species Clause: Limit one of each Pok\u00e9mon\n|rule|Item Clause: Limit one of each item\n|clearpoke\n|poke|p1|Talonflame, L50, M|\n|poke|p1|Great Tusk, L50|\n|poke|p1|Rotom-Wash, L50|\n|poke|p1|Annihilape, L50, F|\n|poke|p1|Krookodile, L50, F|\n|poke|p1|Gengar, L50, F|\n|poke|p2|Talonflame, L50, F|\n|poke|p2|Great Tusk, L50|\n|poke|p2|Annihilape, L50, F|\n|poke|p2|Rotom-Mow, L50|\n|poke|p2|Torkoal, L50, M|\n|poke|p2|Gengar, L50, M|\n|teampreview|4\n|c|\u2606Haseooo|Suerte!\n|c|\u2606Angelowos|Gracias! Igualmente\n|\n|t:|1682891973\n|start\n|switch|p1a: Krookodile|Krookodile, L50, F|100\/100\n|switch|p1b: Gengar|Gengar, L50, F|100\/100\n|switch|p2a: Talonflame|Talonflame, L50, F|100\/100\n|switch|p2b: Annihilape|Annihilape, L50, F|100\/100\n|-ability|p1a: Krookodile|Intimidate|boost\n|-unboost|p2a: Talonflame|atk|1\n|-unboost|p2b: Annihilape|atk|1\n|-ability|p2b: Annihilape|Defiant|boost\n|-boost|p2b: Annihilape|atk|2\n|turn|1\n|\n|t:|1682892096\n|move|p1b: Gengar|Protect|p1b: Gengar\n|-singleturn|p1b: Gengar|Protect\n|move|p2a: Talonflame|Tailwind|p2a: Talonflame\n|-sidestart|p2: Haseooo|move: Tailwind\n|move|p2b: Annihilape|Earthquake|p1b: Gengar|[spread] p1a\n|-activate|p1b: Gengar|move: Protect\n|-immune|p2a: Talonflame\n|-damage|p1a: Krookodile|70\/100\n|move|p1a: Krookodile|Foul Play|p2b: Annihilape\n|-damage|p2b: Annihilape|17\/100\n|\n|upkeep\n|turn|2\n|\n|t:|1682892145\n|-terastallize|p1a: Krookodile|Flying\n|move|p1b: Gengar|Protect||[still]\n|-fail|p1b: Gengar\n|move|p2b: Annihilape|Earthquake|p1a: Krookodile|[spread] p1b\n|-immune|p2a: Talonflame\n|-immune|p1a: Krookodile\n|-supereffective|p1b: Gengar\n|-damage|p1b: Gengar|0 fnt\n|faint|p1b: Gengar\n|move|p2a: Talonflame|Heat Wave|p1a: Krookodile\n|-damage|p1a: Krookodile|47\/100\n|move|p1a: Krookodile|Foul Play|p2b: Annihilape\n|-damage|p2b: Annihilape|0 fnt\n|faint|p2b: Annihilape\n|\n|upkeep\n|\n|t:|1682892169\n|switch|p1b: Talonflame|Talonflame, L50, M|100\/100\n|switch|p2b: Great Tusk|Great Tusk, L50|100\/100\n|-enditem|p2b: Great Tusk|Booster Energy\n|-activate|p2b: Great Tusk|ability: Protosynthesis|[fromitem]\n|-start|p2b: Great Tusk|protosynthesisatk\n|turn|3\n|\n|t:|1682892222\n|switch|p1b: Annihilape|Annihilape, L50, F|100\/100\n|move|p2b: Great Tusk|Protect|p2b: Great Tusk\n|-singleturn|p2b: Great Tusk|Protect\n|move|p1a: Krookodile|Protect|p1a: Krookodile\n|-singleturn|p1a: Krookodile|Protect\n|move|p2a: Talonflame|Will-O-Wisp|p1a: Krookodile\n|-activate|p1a: Krookodile|move: Protect\n|\n|upkeep\n|turn|4\n|\n|t:|1682892273\n|switch|p1a: Talonflame|Talonflame, L50, M|100\/100\n|move|p1b: Annihilape|Protect|p1b: Annihilape\n|-singleturn|p1b: Annihilape|Protect\n|move|p2a: Talonflame|Will-O-Wisp|p1b: Annihilape\n|-activate|p1b: Annihilape|move: Protect\n|move|p2b: Great Tusk|Earthquake|p1b: Annihilape|[spread] \n|-activate|p1b: Annihilape|move: Protect\n|-immune|p2a: Talonflame\n|-immune|p1a: Talonflame\n|\n|-sideend|p2: Haseooo|move: Tailwind\n|upkeep\n|turn|5\n|j| SuperiorPangoro\n|\n|t:|1682892353\n|switch|p1b: Krookodile|Krookodile, L50, F, tera:Flying|47\/100\n|-ability|p1b: Krookodile|Intimidate|boost\n|-unboost|p2a: Talonflame|atk|1\n|-unboost|p2b: Great Tusk|atk|1\n|-terastallize|p2b: Great Tusk|Ground\n|move|p1a: Talonflame|Protect|p1a: Talonflame\n|-singleturn|p1a: Talonflame|Protect\n|move|p2a: Talonflame|Tailwind|p2a: Talonflame\n|-sidestart|p2: Haseooo|move: Tailwind\n|move|p2b: Great Tusk|Headlong Rush|p1b: Krookodile\n|-immune|p1b: Krookodile\n|\n|upkeep\n|turn|6\n|\n|t:|1682892379\n|switch|p1b: Annihilape|Annihilape, L50, F|100\/100\n|move|p2b: Great Tusk|Protect|p2b: Great Tusk\n|-singleturn|p2b: Great Tusk|Protect\n|move|p2a: Talonflame|Heat Wave|p1a: Talonflame|[spread] p1a,p1b\n|-resisted|p1a: Talonflame\n|-damage|p1a: Talonflame|85\/100\n|-damage|p1b: Annihilape|83\/100\n|move|p1a: Talonflame|Will-O-Wisp|p2b: Great Tusk\n|-activate|p2b: Great Tusk|move: Protect\n|\n|-heal|p1b: Annihilape|89\/100|[from] item: Leftovers\n|upkeep\n|turn|7\n|\n|t:|1682892429\n|-end|p2b: Great Tusk|Protosynthesis|[silent]\n|switch|p2b: Rotom|Rotom-Mow, L50|100\/100\n|move|p1b: Annihilape|Protect|p1b: Annihilape\n|-singleturn|p1b: Annihilape|Protect\n|move|p2a: Talonflame|Will-O-Wisp|p1b: Annihilape\n|-activate|p1b: Annihilape|move: Protect\n|move|p1a: Talonflame|Tailwind|p1a: Talonflame\n|-sidestart|p1: Angelowos|move: Tailwind\n|\n|-heal|p1b: Annihilape|95\/100|[from] item: Leftovers\n|upkeep\n|turn|8\n|\n|t:|1682892469\n|move|p1a: Talonflame|Protect|p1a: Talonflame\n|-singleturn|p1a: Talonflame|Protect\n|move|p2a: Talonflame|Will-O-Wisp|p1b: Annihilape\n|-status|p1b: Annihilape|brn\n|move|p1b: Annihilape|Bulk Up|p1b: Annihilape\n|-boost|p1b: Annihilape|atk|1\n|-boost|p1b: Annihilape|def|1\n|move|p2b: Rotom|Thunderbolt|p1a: Talonflame\n|-activate|p1a: Talonflame|move: Protect\n|\n|-heal|p1b: Annihilape|100\/100 brn|[from] item: Leftovers\n|-damage|p1b: Annihilape|94\/100 brn|[from] brn\n|-sideend|p2: Haseooo|move: Tailwind\n|upkeep\n|turn|9\n|\n|t:|1682892520\n|move|p2a: Talonflame|Tailwind|p2a: Talonflame\n|-sidestart|p2: Haseooo|move: Tailwind\n|move|p1a: Talonflame|Brave Bird|p2a: Talonflame\n|-damage|p2a: Talonflame|45\/100\n|-damage|p1a: Talonflame|63\/100|[from] Recoil\n|move|p1b: Annihilape|Rage Fist|p2a: Talonflame\n|-damage|p2a: Talonflame|0 fnt\n|faint|p2a: Talonflame\n|move|p2b: Rotom|Thunderbolt|p1a: Talonflame\n|-supereffective|p1a: Talonflame\n|-damage|p1a: Talonflame|0 fnt\n|faint|p1a: Talonflame\n|\n|-heal|p1b: Annihilape|100\/100 brn|[from] item: Leftovers\n|-damage|p1b: Annihilape|94\/100 brn|[from] brn\n|upkeep\n|\n|t:|1682892537\n|switch|p1a: Krookodile|Krookodile, L50, F, tera:Flying|47\/100\n|switch|p2a: Great Tusk|Great Tusk, L50, tera:Ground|100\/100\n|-ability|p1a: Krookodile|Intimidate|boost\n|-unboost|p2a: Great Tusk|atk|1\n|-unboost|p2b: Rotom|atk|1\n|turn|10\n|\n|t:|1682892596\n|move|p1a: Krookodile|Helping Hand|p1b: Annihilape\n|-singleturn|p1b: Annihilape|Helping Hand|[of] p1a: Krookodile\n|move|p2a: Great Tusk|Headlong Rush|p1b: Annihilape\n|-damage|p1b: Annihilape|58\/100 brn\n|-unboost|p2a: Great Tusk|def|1\n|-unboost|p2a: Great Tusk|spd|1\n|move|p1b: Annihilape|Drain Punch|p2b: Rotom\n|-damage|p2b: Rotom|65\/100\n|-heal|p1b: Annihilape|71\/100 brn|[from] drain|[of] p2b: Rotom\n|move|p2b: Rotom|Thunderbolt|p1a: Krookodile\n|-supereffective|p1a: Krookodile\n|-damage|p1a: Krookodile|0 fnt\n|faint|p1a: Krookodile\n|\n|-heal|p1b: Annihilape|77\/100 brn|[from] item: Leftovers\n|-damage|p1b: Annihilape|71\/100 brn|[from] brn\n|-sideend|p1: Angelowos|move: Tailwind\n|upkeep\n|turn|11\n|\n|t:|1682892618\n|move|p1b: Annihilape|Protect|p1b: Annihilape\n|-singleturn|p1b: Annihilape|Protect\n|move|p2a: Great Tusk|Headlong Rush|p1b: Annihilape\n|-activate|p1b: Annihilape|move: Protect\n|move|p2b: Rotom|Thunderbolt|p1b: Annihilape\n|-activate|p1b: Annihilape|move: Protect\n|\n|-heal|p1b: Annihilape|77\/100 brn|[from] item: Leftovers\n|-damage|p1b: Annihilape|71\/100 brn|[from] brn\n|upkeep\n|turn|12\n|\n|t:|1682892658\n|move|p1b: Annihilape|Protect||[still]\n|-fail|p1b: Annihilape\n|move|p2a: Great Tusk|Headlong Rush|p1b: Annihilape\n|-damage|p1b: Annihilape|30\/100 brn\n|-unboost|p2a: Great Tusk|def|1\n|-unboost|p2a: Great Tusk|spd|1\n|move|p2b: Rotom|Leaf Storm|p1b: Annihilape\n|-damage|p1b: Annihilape|0 fnt\n|-unboost|p2b: Rotom|spa|2\n|faint|p1b: Annihilape\n|\n|win|Haseooo\n|c|\u2606Haseooo|Buen juego\n|c|\u2606Angelowos|Gg\n|c|\u2606Angelowos|Igualmente\n","uploadtime":1682892671,"views":16,"p1id":"angelowos","p2id":"haseooo","formatid":"gen9vgc2023regulationc","rating":0,"private":0,"password":""}