{"id":"gen9vgc2023regulationc-1849082274","p1":"dadarvin","p2":"dusty_quello_faigo","format":"[Gen 9] VGC 2023 Regulation C","log":"|j|\u2606dadarvin\n|j|\u2606dusty_quello_faigo\n|t:|1682151853\n|gametype|doubles\n|player|p1|dadarvin|265|1133\n|player|p2|dusty_quello_faigo|clair|1197\n|teamsize|p1|6\n|teamsize|p2|6\n|gen|9\n|tier|[Gen 9] VGC 2023 Regulation C\n|rated|\n|rule|Species Clause: Limit one of each Pok\u00e9mon\n|rule|Item Clause: Limit one of each item\n|clearpoke\n|poke|p1|Torkoal, L50, M|\n|poke|p1|Armarouge, L50, F|\n|poke|p1|Gothitelle, L50, F|\n|poke|p1|Indeedee, L50, M|\n|poke|p1|Gallade, L50, M|\n|poke|p1|Flutter Mane, L50|\n|poke|p2|Flutter Mane, L50|\n|poke|p2|Chi-Yu, L50|\n|poke|p2|Garchomp, L50, M|\n|poke|p2|Brute Bonnet, L50|\n|poke|p2|Palafin, L50, M|\n|poke|p2|Talonflame, L50, M|\n|teampreview|4\n|inactive|Battle timer is ON: inactive players will automatically lose when time's up. (requested by dadarvin)\n|inactive|dusty_quello_faigo has 60 seconds left.\n|\n|t:|1682151900\n|start\n|switch|p1a: Torkoal|Torkoal, L50, M|100\/100\n|switch|p1b: Armarouge|Armarouge, L50, F|100\/100\n|switch|p2a: Talonflame|Talonflame, L50, M|100\/100\n|switch|p2b: Chi-Yu|Chi-Yu, L50|100\/100\n|-ability|p2b: Chi-Yu|Beads of Ruin\n|-weather|SunnyDay|[from] ability: Drought|[of] p1a: Torkoal\n|turn|1\n|\n|t:|1682151916\n|move|p2a: Talonflame|Taunt|p1b: Armarouge\n|-start|p1b: Armarouge|move: Taunt\n|move|p2b: Chi-Yu|Dark Pulse|p1a: Torkoal\n|-damage|p1a: Torkoal|20\/100\n|move|p1b: Armarouge|Aura Sphere|p2b: Chi-Yu\n|-supereffective|p2b: Chi-Yu\n|-damage|p2b: Chi-Yu|52\/100\n|cant|p1a: Torkoal|flinch\n|\n|-weather|SunnyDay|[upkeep]\n|upkeep\n|turn|2\n|\n|t:|1682151938\n|move|p2a: Talonflame|Tailwind|p2a: Talonflame\n|-sidestart|p2: dusty_quello_faigo|move: Tailwind\n|move|p2b: Chi-Yu|Dark Pulse|p1b: Armarouge\n|-supereffective|p1b: Armarouge\n|-damage|p1b: Armarouge|16\/100\n|-enditem|p1b: Armarouge|Weakness Policy\n|-boost|p1b: Armarouge|atk|2|[from] item: Weakness Policy\n|-boost|p1b: Armarouge|spa|2|[from] item: Weakness Policy\n|move|p1b: Armarouge|Aura Sphere|p2b: Chi-Yu\n|-supereffective|p2b: Chi-Yu\n|-damage|p2b: Chi-Yu|0 fnt\n|faint|p2b: Chi-Yu\n|move|p1a: Torkoal|Earth Power|p2a: Talonflame\n|-immune|p2a: Talonflame\n|\n|-weather|SunnyDay|[upkeep]\n|upkeep\n|\n|t:|1682151953\n|switch|p2b: Garchomp|Garchomp, L50, M, shiny|100\/100\n|turn|3\n|\n|t:|1682151962\n|move|p2a: Talonflame|Brave Bird|p1b: Armarouge\n|-damage|p1b: Armarouge|0 fnt\n|faint|p1b: Armarouge\n|-damage|p2a: Talonflame|95\/100|[from] Recoil\n|move|p2b: Garchomp|Swords Dance|p2b: Garchomp\n|-boost|p2b: Garchomp|atk|2\n|move|p1a: Torkoal|Eruption|p2a: Talonflame|[spread] p2a,p2b\n|-resisted|p2a: Talonflame\n|-resisted|p2b: Garchomp\n|-damage|p2a: Talonflame|84\/100\n|-damage|p2b: Garchomp|91\/100\n|\n|-weather|SunnyDay|[upkeep]\n|upkeep\n|\n|t:|1682151973\n|switch|p1b: Gallade|Gallade, L50, M|100\/100\n|turn|4\n|\n|t:|1682151992\n|-terastallize|p1b: Gallade|Steel\n|move|p1b: Gallade|Wide Guard|p1b: Gallade\n|-singleturn|p1b: Gallade|Wide Guard\n|move|p2a: Talonflame|Will-O-Wisp|p1b: Gallade\n|-status|p1b: Gallade|brn\n|move|p2b: Garchomp|Earthquake|p1a: Torkoal|[spread] \n|-activate|p1a: Torkoal|move: Wide Guard\n|-activate|p1b: Gallade|move: Wide Guard\n|-immune|p2a: Talonflame\n|move|p1a: Torkoal|Solar Beam||[still]\n|-prepare|p1a: Torkoal|Solar Beam\n|-anim|p1a: Torkoal|Solar Beam|p2b: Garchomp\n|-damage|p2b: Garchomp|52\/100\n|\n|-weather|SunnyDay|[upkeep]\n|-damage|p1b: Gallade|95\/100 brn|[from] brn\n|upkeep\n|turn|5\n|inactive|dadarvin has 30 seconds left.\n|inactive|dusty_quello_faigo has 30 seconds left.\n|inactive|dusty_quello_faigo has 20 seconds left.\n|inactive|dusty_quello_faigo has 15 seconds left.\n|inactive|dusty_quello_faigo has 10 seconds left.\n|\n|t:|1682152041\n|switch|p2a: Flutter Mane|Flutter Mane, L50|100\/100\n|-activate|p2a: Flutter Mane|ability: Protosynthesis\n|-start|p2a: Flutter Mane|protosynthesisspe\n|move|p2b: Garchomp|Earthquake|p1a: Torkoal|[spread] p2a,p1a,p1b\n|-supereffective|p1a: Torkoal\n|-supereffective|p1b: Gallade\n|-damage|p2a: Flutter Mane|0 fnt\n|-damage|p1a: Torkoal|0 fnt\n|-damage|p1b: Gallade|0 fnt\n|faint|p2a: Flutter Mane\n|-end|p2a: Flutter Mane|Protosynthesis|[silent]\n|faint|p1a: Torkoal\n|faint|p1b: Gallade\n|\n|-weather|none\n|-sideend|p2: dusty_quello_faigo|move: Tailwind\n|upkeep\n|\n|t:|1682152054\n|switch|p2a: Talonflame|Talonflame, L50, M|84\/100\n|switch|p1b: Indeedee|Indeedee, L50, M|100\/100\n|-fieldstart|move: Psychic Terrain|[from] ability: Psychic Surge|[of] p1b: Indeedee\n|turn|6\n|\n|t:|1682152061\n|move|p1b: Indeedee|Psychic|p2b: Garchomp\n|-damage|p2b: Garchomp|0 fnt\n|faint|p2b: Garchomp\n|move|p2a: Talonflame|Taunt|p1b: Indeedee\n|-start|p1b: Indeedee|move: Taunt\n|\n|upkeep\n|turn|7\n|\n|t:|1682152073\n|move|p1b: Indeedee|Psychic|p2a: Talonflame\n|-damage|p2a: Talonflame|10\/100\n|move|p2a: Talonflame|Brave Bird|p1b: Indeedee\n|-damage|p1b: Indeedee|29\/100\n|-damage|p2a: Talonflame|0 fnt|[from] Recoil\n|faint|p2a: Talonflame\n|\n|win|dadarvin\n|raw|dadarvin's rating: 1133 → 1163<\/strong> (+30 for winning)\n|raw|dusty_quello_faigo's rating: 1197 → 1167<\/strong> (-30 for losing)\n","uploadtime":1682152085,"views":4,"p1id":"dadarvin","p2id":"dustyquellofaigo","formatid":"gen9vgc2023regulationc","rating":1163,"private":0,"password":""}