{"id":"gen9vgc2023regulationc-1850526447","p1":"BlindMagneton","p2":"Beru98","format":"[Gen 9] VGC 2023 Regulation C","log":"|j|\u2606BlindMagneton\n|j|\u2606Beru98\n|t:|1682345796\n|gametype|doubles\n|player|p1|BlindMagneton|wattson|1208\n|player|p2|Beru98|102|1259\n|teamsize|p1|6\n|teamsize|p2|6\n|gen|9\n|tier|[Gen 9] VGC 2023 Regulation C\n|rated|\n|rule|Species Clause: Limit one of each Pok\u00e9mon\n|rule|Item Clause: Limit one of each item\n|clearpoke\n|poke|p1|Iron Valiant, L50|\n|poke|p1|Wo-Chien, L50|\n|poke|p1|Maushold, L50|\n|poke|p1|Grimmsnarl, L50, M|\n|poke|p1|Dragapult, L50, F|\n|poke|p1|Ceruledge, L50, M|\n|poke|p2|Arcanine, L50, M|\n|poke|p2|Amoonguss, L50, F|\n|poke|p2|Palafin, L50, F|\n|poke|p2|Ting-Lu, L50|\n|poke|p2|Flutter Mane, L50|\n|poke|p2|Iron Hands, L50|\n|teampreview|4\n|inactive|Battle timer is ON: inactive players will automatically lose when time's up. (requested by Beru98)\n|\n|t:|1682345844\n|start\n|switch|p1a: Grimmsnarl|Grimmsnarl, L50, M|100\/100\n|switch|p1b: Dragapult|Dragapult, L50, F|100\/100\n|switch|p2a: Flutter Mane|Flutter Mane, L50|100\/100\n|switch|p2b: Amoonguss|Amoonguss, L50, F|100\/100\n|turn|1\n|inactive|BlindMagneton has 30 seconds left.\n|inactive|BlindMagneton has 20 seconds left.\n|\n|t:|1682345882\n|-end|p2a: Flutter Mane|Protosynthesis|[silent]\n|switch|p2a: Iron Hands|Iron Hands, L50|100\/100\n|move|p1a: Grimmsnarl|Swagger|p2a: Iron Hands\n|-boost|p2a: Iron Hands|atk|2\n|-enditem|p1b: Dragapult|Mirror Herb\n|-boost|p1b: Dragapult|atk|2|[from] item: Mirror Herb\n|-start|p2a: Iron Hands|confusion\n|move|p1b: Dragapult|Acrobatics|p2b: Amoonguss\n|-supereffective|p2b: Amoonguss\n|-damage|p2b: Amoonguss|0 fnt\n|faint|p2b: Amoonguss\n|\n|upkeep\n|\n|t:|1682345904\n|switch|p2b: Arcanine|Arcanine, L50, M|100\/100\n|-ability|p2b: Arcanine|Intimidate|boost\n|-unboost|p1a: Grimmsnarl|atk|1\n|-fail|p1b: Dragapult|unboost|[from] ability: Clear Body|[of] p1b: Dragapult\n|turn|2\n|\n|t:|1682345926\n|switch|p1a: Ceruledge|Ceruledge, L50, M|100\/100\n|move|p1b: Dragapult|Phantom Force||[still]\n|-prepare|p1b: Dragapult|Phantom Force\n|move|p2b: Arcanine|Will-O-Wisp|p1b: Dragapult|[miss]\n|-miss|p2b: Arcanine|p1b: Dragapult\n|-activate|p2a: Iron Hands|confusion\n|move|p2a: Iron Hands|Drain Punch|p1a: Ceruledge\n|-immune|p1a: Ceruledge\n|\n|upkeep\n|turn|3\n|\n|t:|1682345946\n|move|p1b: Dragapult|Phantom Force|p2b: Arcanine|[from]lockedmove\n|-damage|p2b: Arcanine|5\/100\n|move|p2b: Arcanine|Will-O-Wisp|p1b: Dragapult\n|-status|p1b: Dragapult|brn\n|move|p1a: Ceruledge|Bulk Up|p1a: Ceruledge\n|-boost|p1a: Ceruledge|atk|1\n|-boost|p1a: Ceruledge|def|1\n|-activate|p2a: Iron Hands|confusion\n|move|p2a: Iron Hands|Thunder Punch|p1a: Ceruledge\n|-damage|p1a: Ceruledge|37\/100\n|\n|-damage|p1b: Dragapult|94\/100 brn|[from] brn\n|upkeep\n|turn|4\n|\n|t:|1682345971\n|move|p1b: Dragapult|Dragon Darts|p2b: Arcanine\n|-damage|p2b: Arcanine|0 fnt\n|-anim|p1b: Dragapult|Dragon Darts|p2a: Iron Hands\n|-damage|p2a: Iron Hands|85\/100\n|faint|p2b: Arcanine\n|move|p1a: Ceruledge|Bitter Blade|p2a: Iron Hands\n|-damage|p2a: Iron Hands|41\/100\n|-heal|p1a: Ceruledge|68\/100|[from] drain|[of] p2a: Iron Hands\n|-end|p2a: Iron Hands|confusion\n|move|p2a: Iron Hands|Thunder Punch|p1a: Ceruledge\n|-damage|p1a: Ceruledge|11\/100\n|\n|-damage|p1b: Dragapult|88\/100 brn|[from] brn\n|upkeep\n|\n|t:|1682345983\n|switch|p2b: Flutter Mane|Flutter Mane, L50|100\/100\n|turn|5\n|\n|t:|1682345999\n|-terastallize|p2b: Flutter Mane|Fairy\n|move|p1a: Ceruledge|Protect|p1a: Ceruledge\n|-singleturn|p1a: Ceruledge|Protect\n|move|p1b: Dragapult|Phantom Force||[still]\n|-prepare|p1b: Dragapult|Phantom Force\n|move|p2b: Flutter Mane|Dazzling Gleam|p1b: Dragapult|[spread] \n|-miss|p2b: Flutter Mane|p1b: Dragapult\n|-activate|p1a: Ceruledge|move: Protect\n|move|p2a: Iron Hands|Thunder Punch|p1b: Dragapult|[miss]\n|-miss|p2a: Iron Hands|p1b: Dragapult\n|\n|-damage|p1b: Dragapult|82\/100 brn|[from] brn\n|upkeep\n|turn|6\n|\n|t:|1682346014\n|move|p1a: Ceruledge|Shadow Sneak|p2b: Flutter Mane\n|-damage|p2b: Flutter Mane|57\/100\n|move|p1b: Dragapult|Phantom Force|p2b: Flutter Mane|[from]lockedmove\n|-damage|p2b: Flutter Mane|0 fnt\n|faint|p2b: Flutter Mane\n|-end|p2b: Flutter Mane|Protosynthesis|[silent]\n|move|p2a: Iron Hands|Thunder Punch|p1b: Dragapult\n|-resisted|p1b: Dragapult\n|-damage|p1b: Dragapult|29\/100 brn\n|\n|-damage|p1b: Dragapult|23\/100 brn|[from] brn\n|upkeep\n|turn|7\n|-message|Beru98 forfeited.\n|\n|win|BlindMagneton\n|raw|BlindMagneton's rating: 1208 → 1237<\/strong> (+29 for winning)\n|raw|Beru98's rating: 1259 → 1230<\/strong> (-29 for losing)\n|l|\u2606Beru98\n","uploadtime":1682346029,"views":23,"p1id":"blindmagneton","p2id":"beru98","formatid":"gen9vgc2023regulationc","rating":1230,"private":0,"password":""}