{"id":"gen9vgc2023regulationc-1856113448","p1":"Hinokami ascension","p2":"sjeufke","format":"[Gen 9] VGC 2023 Regulation C","log":"|j|\u2606Hinokami ascension\n|j|\u2606sjeufke\n|t:|1683031594\n|gametype|doubles\n|player|p1|Hinokami ascension|hilbert-wonderlauncher|1472\n|player|p2|sjeufke|palmer|1501\n|teamsize|p1|6\n|teamsize|p2|6\n|gen|9\n|tier|[Gen 9] VGC 2023 Regulation C\n|rated|\n|rule|Species Clause: Limit one of each Pok\u00e9mon\n|rule|Item Clause: Limit one of each item\n|clearpoke\n|poke|p1|Talonflame, L50, F|\n|poke|p1|Iron Bundle, L50|\n|poke|p1|Torkoal, L50, F|\n|poke|p1|Flutter Mane, L50|\n|poke|p1|Great Tusk, L50|\n|poke|p1|Chi-Yu, L50|\n|poke|p2|Ting-Lu, L50|\n|poke|p2|Abomasnow, L50, F|\n|poke|p2|Flutter Mane, L50|\n|poke|p2|Iron Hands, L50|\n|poke|p2|Bronzong, L50|\n|poke|p2|Arcanine, L50, M|\n|teampreview|4\n|inactive|Battle timer is ON: inactive players will automatically lose when time's up. (requested by sjeufke)\n|inactive|sjeufke has 60 seconds left.\n|inactive|sjeufke has 30 seconds left.\n|\n|t:|1683031658\n|start\n|switch|p1a: Daki|Flutter Mane, L50, shiny|100\/100\n|switch|p1b: Yoriichi|Chi-Yu, L50|100\/100\n|switch|p2a: Bronzong|Bronzong, L50|100\/100\n|switch|p2b: Iron Hands|Iron Hands, L50|100\/100\n|-ability|p1b: Yoriichi|Beads of Ruin\n|turn|1\n|\n|t:|1683031666\n|-terastallize|p1b: Yoriichi|Ghost\n|-terastallize|p2a: Bronzong|Fire\n|move|p2b: Iron Hands|Fake Out|p1b: Yoriichi\n|-immune|p1b: Yoriichi\n|move|p1a: Daki|Shadow Ball|p2a: Bronzong\n|-damage|p2a: Bronzong|38\/100\n|move|p1b: Yoriichi|Dark Pulse|p2a: Bronzong\n|-damage|p2a: Bronzong|0 fnt\n|faint|p2a: Bronzong\n|-damage|p1b: Yoriichi|91\/100|[from] item: Life Orb\n|\n|upkeep\n|\n|t:|1683031679\n|switch|p2a: Ting-Lu|Ting-Lu, L50|100\/100\n|-ability|p2a: Ting-Lu|Vessel of Ruin\n|turn|2\n|\n|t:|1683031695\n|-end|p1a: Daki|Protosynthesis|[silent]\n|switch|p1a: Tanjiro|Torkoal, L50, F, shiny|100\/100\n|-weather|SunnyDay|[from] ability: Drought|[of] p1a: Tanjiro\n|move|p1b: Yoriichi|Overheat|p2b: Iron Hands\n|-damage|p2b: Iron Hands|31\/100\n|-unboost|p1b: Yoriichi|spa|2\n|-damage|p1b: Yoriichi|82\/100|[from] item: Life Orb\n|move|p2b: Iron Hands|Wild Charge|p1a: Tanjiro\n|-damage|p1a: Tanjiro|59\/100\n|-damage|p2b: Iron Hands|24\/100|[from] Recoil\n|move|p2a: Ting-Lu|Throat Chop|p1b: Yoriichi\n|-supereffective|p1b: Yoriichi\n|-damage|p1b: Yoriichi|0 fnt\n|faint|p1b: Yoriichi\n|\n|-weather|SunnyDay|[upkeep]\n|upkeep\n|\n|t:|1683031702\n|switch|p1b: Daki|Flutter Mane, L50, shiny|100\/100\n|-activate|p1b: Daki|ability: Protosynthesis\n|-start|p1b: Daki|protosynthesisspa\n|turn|3\n|\n|t:|1683031714\n|move|p1b: Daki|Dazzling Gleam|p2a: Ting-Lu|[spread] p2a,p2b\n|-supereffective|p2a: Ting-Lu\n|-supereffective|p2b: Iron Hands\n|-damage|p2a: Ting-Lu|36\/100\n|-damage|p2b: Iron Hands|0 fnt\n|faint|p2b: Iron Hands\n|-end|p2b: Iron Hands|Quark Drive|[silent]\n|move|p1a: Tanjiro|Overheat|p2a: Ting-Lu\n|-damage|p2a: Ting-Lu|0 fnt\n|-unboost|p1a: Tanjiro|spa|2\n|faint|p2a: Ting-Lu\n|\n|-weather|SunnyDay|[upkeep]\n|upkeep\n|\n|t:|1683031718\n|switch|p2b: Abomasnow|Abomasnow, L50, F|100\/100\n|-weather|Snow|[from] ability: Snow Warning|[of] p2b: Abomasnow\n|-end|p1b: Daki|Protosynthesis\n|turn|4\n|\n|t:|1683031723\n|switch|p1a: Tomioka|Iron Bundle, L50, shiny|100\/100\n|-enditem|p1a: Tomioka|Booster Energy\n|-activate|p1a: Tomioka|ability: Quark Drive|[fromitem]\n|-start|p1a: Tomioka|quarkdrivespe\n|move|p1b: Daki|Dazzling Gleam|p2b: Abomasnow\n|-damage|p2b: Abomasnow|36\/100\n|move|p2b: Abomasnow|Earth Power|p1a: Tomioka\n|-damage|p1a: Tomioka|54\/100\n|\n|-weather|Snow|[upkeep]\n|upkeep\n|turn|5\n|\n|t:|1683031730\n|move|p1a: Tomioka|Freeze-Dry|p2b: Abomasnow\n|-crit|p2b: Abomasnow\n|-damage|p2b: Abomasnow|0 fnt\n|faint|p2b: Abomasnow\n|\n|win|Hinokami ascension\n|raw|Hinokami ascension's rating: 1472 → 1494<\/strong> (+22 for winning)\n|raw|sjeufke's rating: 1501 → 1479<\/strong> (-22 for losing)\n|l|\u2606sjeufke\n","uploadtime":1683031737,"views":6,"p1id":"hinokamiascension","p2id":"sjeufke","formatid":"gen9vgc2023regulationc","rating":1479,"private":0,"password":""}