{"id":"gen9vgc2023regulationc-1854726485","p1":"Tony2810","p2":"lagodude","format":"[Gen 9] VGC 2023 Regulation C","log":"|j|\u2606Tony2810\n|j|\u2606lagodude\n|t:|1682857507\n|gametype|doubles\n|player|p1|Tony2810|iris-gen5bw2|1135\n|player|p2|lagodude|265|1223\n|teamsize|p1|6\n|teamsize|p2|6\n|gen|9\n|tier|[Gen 9] VGC 2023 Regulation C\n|rated|\n|rule|Species Clause: Limit one of each Pok\u00e9mon\n|rule|Item Clause: Limit one of each item\n|clearpoke\n|poke|p1|Flutter Mane, L50|\n|poke|p1|Chien-Pao, L50|\n|poke|p1|Roaring Moon, L50|\n|poke|p1|Chi-Yu, L50|\n|poke|p1|Torkoal, L50, M|\n|poke|p1|Gyarados, L50, M|\n|poke|p2|Ceruledge, L50, F|\n|poke|p2|Torkoal, L50, F|\n|poke|p2|Talonflame, L50, F|\n|poke|p2|Garchomp, L50, F|\n|poke|p2|Flutter Mane, L50|\n|poke|p2|Quaquaval, L50, M|\n|teampreview|4\n|inactive|Battle timer is ON: inactive players will automatically lose when time's up. (requested by lagodude)\n|inactive|Tony2810 has 60 seconds left.\nlagodude has agreed to open team sheets.\n|\n|t:|1682857556\n|start\n|switch|p1a: Flutter Mane|Flutter Mane, L50|100\/100\n|switch|p1b: Gyarados|Gyarados, L50, M|100\/100\n|switch|p2a: Talonflame|Talonflame, L50, F|100\/100\n|switch|p2b: Flutter Mane|Flutter Mane, L50|100\/100\n|-ability|p1b: Gyarados|Intimidate|boost\n|-unboost|p2a: Talonflame|atk|1\n|-unboost|p2b: Flutter Mane|atk|1\n|-enditem|p1a: Flutter Mane|Booster Energy\n|-activate|p1a: Flutter Mane|ability: Protosynthesis|[fromitem]\n|-start|p1a: Flutter Mane|protosynthesisspe\n|turn|1\n|\n|t:|1682857570\n|move|p1a: Flutter Mane|Protect|p1a: Flutter Mane\n|-singleturn|p1a: Flutter Mane|Protect\n|move|p2a: Talonflame|Protect|p2a: Talonflame\n|-singleturn|p2a: Talonflame|Protect\n|move|p2b: Flutter Mane|Dazzling Gleam|p1b: Gyarados|[spread] p1b\n|-activate|p1a: Flutter Mane|move: Protect\n|-damage|p1b: Gyarados|75\/100\n|move|p1b: Gyarados|Thunder Wave|p2b: Flutter Mane\n|-status|p2b: Flutter Mane|par\n|\n|upkeep\n|turn|2\n|inactive|Tony2810 has 30 seconds left.\n|\n|t:|1682857597\n|move|p1a: Flutter Mane|Psyshock|p2b: Flutter Mane\n|-damage|p2b: Flutter Mane|38\/100 par\n|move|p2a: Talonflame|Taunt|p1b: Gyarados\n|-start|p1b: Gyarados|move: Taunt\n|move|p1b: Gyarados|Waterfall|p2a: Talonflame\n|-supereffective|p2a: Talonflame\n|-damage|p2a: Talonflame|12\/100\n|cant|p2b: Flutter Mane|par\n|\n|upkeep\n|turn|3\n|\n|t:|1682857612\n|switch|p2a: Quaquaval|Quaquaval, L50, M|100\/100\n|move|p1a: Flutter Mane|Psyshock|p2b: Flutter Mane\n|-damage|p2b: Flutter Mane|0 fnt\n|faint|p2b: Flutter Mane\n|-end|p2b: Flutter Mane|Protosynthesis|[silent]\n|move|p1b: Gyarados|Waterfall|p2a: Quaquaval\n|-resisted|p2a: Quaquaval\n|-damage|p2a: Quaquaval|82\/100\n|\n|upkeep\n|\n|t:|1682857624\n|switch|p2b: Garchomp|Garchomp, L50, F|100\/100\n|turn|4\n|\n|t:|1682857632\n|switch|p2a: Talonflame|Talonflame, L50, F|12\/100\n|-terastallize|p2b: Garchomp|Steel\n|move|p1a: Flutter Mane|Protect|p1a: Flutter Mane\n|-singleturn|p1a: Flutter Mane|Protect\n|move|p2b: Garchomp|Rock Slide|p1b: Gyarados|[spread] \n|-activate|p1a: Flutter Mane|move: Protect\n|-miss|p2b: Garchomp|p1b: Gyarados\n|move|p1b: Gyarados|Waterfall|p2b: Garchomp\n|-damage|p2b: Garchomp|66\/100\n|-damage|p1b: Gyarados|63\/100|[from] ability: Rough Skin|[of] p2b: Garchomp\n|\n|-end|p1b: Gyarados|move: Taunt\n|upkeep\n|turn|5\n|-message|lagodude forfeited.\n|\n|win|Tony2810\n|raw|Tony2810's rating: 1135 → 1166<\/strong> (+31 for winning)\n|raw|lagodude's rating: 1223 → 1192<\/strong> (-31 for losing)\n|l|\u2606lagodude\n","uploadtime":1682857671,"views":8,"p1id":"tony2810","p2id":"lagodude","formatid":"gen9vgc2023regulationc","rating":1166,"private":0,"password":""}