{"id":"gen9vgc2023regulationc-1864272935","p1":"pliz let me cook","p2":"FedEx Express","format":"[Gen 9] VGC 2023 Regulation C","log":"|j|\u2606pliz let me cook\n|j|\u2606FedEx Express\n|t:|1684148358\n|gametype|doubles\n|player|p1|pliz let me cook|169|1295\n|player|p2|FedEx Express|170|1395\n|teamsize|p1|6\n|teamsize|p2|6\n|gen|9\n|tier|[Gen 9] VGC 2023 Regulation C\n|rated|\n|rule|Species Clause: Limit one of each Pok\u00e9mon\n|rule|Item Clause: Limit one of each item\n|clearpoke\n|poke|p1|Glimmora, L50, M|\n|poke|p1|Toxapex, L50, F|\n|poke|p1|Grafaiai, L50, M|\n|poke|p1|Palafin, L50, M|\n|poke|p1|Iron Hands, L50|\n|poke|p1|Flutter Mane, L50|\n|poke|p2|Iron Hands, L50|\n|poke|p2|Scream Tail, L50|\n|poke|p2|Torkoal, L50, M|\n|poke|p2|Annihilape, L50, F|\n|poke|p2|Jumpluff, L50, F|\n|poke|p2|Flutter Mane, L50|\n|teampreview|4\n|inactive|Battle timer is ON: inactive players will automatically lose when time's up. (requested by FedEx Express)\nFedEx Express rejected open team sheets.\n|\n|t:|1684148399\n|start\n|switch|p1a: Iron Hands|Iron Hands, L50|100\/100\n|switch|p1b: Palafin|Palafin, L50, M|100\/100\n|switch|p2a: Annihilape|Annihilape, L50, F|100\/100\n|switch|p2b: Scream Tail|Scream Tail, L50|100\/100\n|-enditem|p2b: Scream Tail|Booster Energy\n|-activate|p2b: Scream Tail|ability: Protosynthesis|[fromitem]\n|-start|p2b: Scream Tail|protosynthesisspd\n|turn|1\n|\n|t:|1684148418\n|detailschange|p1b: Palafin|Palafin-Hero, L50, M\n|switch|p1b: Grafaiai|Grafaiai, L50, M|100\/100\n|move|p2a: Annihilape|Final Gambit|p1b: Grafaiai\n|-enditem|p1b: Grafaiai|Focus Sash\n|-damage|p1b: Grafaiai|1\/100\n|faint|p2a: Annihilape\n|move|p1a: Iron Hands|Volt Switch|p2b: Scream Tail\n|-damage|p2b: Scream Tail|94\/100\n|\n|t:|1684148430\n|-end|p1a: Iron Hands|Quark Drive|[silent]\n|switch|p1a: Palafin|Palafin-Hero, L50, M|100\/100|[from] Volt Switch\n|-activate|p1a: Palafin|ability: Zero to Hero\n|move|p2b: Scream Tail|Trick Room|p2b: Scream Tail\n|-fieldstart|move: Trick Room|[of] p2b: Scream Tail\n|\n|upkeep\n|\n|t:|1684148437\n|switch|p2a: Torkoal|Torkoal, L50, M|100\/100\n|-weather|SunnyDay|[from] ability: Drought|[of] p2a: Torkoal\n|turn|2\n|\n|t:|1684148447\n|-terastallize|p2a: Torkoal|Fire\n|-terastallize|p1a: Palafin|Water\n|move|p2b: Scream Tail|Helping Hand|p2a: Torkoal\n|-singleturn|p2a: Torkoal|Helping Hand|[of] p2b: Scream Tail\n|move|p1a: Palafin|Jet Punch|p2a: Torkoal\n|-supereffective|p2a: Torkoal\n|-damage|p2a: Torkoal|60\/100\n|move|p1b: Grafaiai|Swagger|p2b: Scream Tail\n|-boost|p2b: Scream Tail|atk|2\n|-enditem|p1a: Palafin|Mirror Herb\n|-boost|p1a: Palafin|atk|2|[from] item: Mirror Herb\n|-start|p2b: Scream Tail|confusion\n|move|p2a: Torkoal|Eruption|p1a: Palafin|[spread] p1a,p1b\n|-resisted|p1a: Palafin\n|-damage|p1a: Palafin|44\/100\n|-damage|p1b: Grafaiai|0 fnt\n|faint|p1b: Grafaiai\n|\n|-weather|SunnyDay|[upkeep]\n|upkeep\n|inactive|pliz let me cook has 30 seconds left.\n|\n|t:|1684148473\n|switch|p1b: Iron Hands|Iron Hands, L50|100\/100\n|turn|3\n|inactive|pliz let me cook has 30 seconds left.\n|\n|t:|1684148500\n|switch|p2a: Iron Hands|Iron Hands, L50|100\/100\n|move|p1a: Palafin|Jet Punch|p2a: Iron Hands\n|-damage|p2a: Iron Hands|64\/100\n|move|p1b: Iron Hands|Wild Charge|p2b: Scream Tail\n|-damage|p2b: Scream Tail|57\/100\n|-damage|p1b: Iron Hands|92\/100|[from] Recoil\n|-activate|p2b: Scream Tail|confusion\n|-damage|p2b: Scream Tail|50\/100|[from] confusion\n|\n|-weather|SunnyDay|[upkeep]\n|upkeep\n|turn|4\n|\n|t:|1684148521\n|move|p1a: Palafin|Protect|p1a: Palafin\n|-singleturn|p1a: Palafin|Protect\n|move|p2a: Iron Hands|Volt Switch|p1a: Palafin\n|-activate|p1a: Palafin|move: Protect\n|move|p1b: Iron Hands|Earthquake|p2b: Scream Tail|[spread] p2a,p2b\n|-activate|p1a: Palafin|move: Protect\n|-supereffective|p2a: Iron Hands\n|-damage|p2a: Iron Hands|19\/100\n|-damage|p2b: Scream Tail|32\/100\n|-activate|p2b: Scream Tail|confusion\n|-damage|p2b: Scream Tail|25\/100|[from] confusion\n|\n|-weather|SunnyDay|[upkeep]\n|upkeep\n|turn|5\n|inactive|pliz let me cook has 30 seconds left.\n|\n|t:|1684148548\n|move|p1a: Palafin|Jet Punch|p2a: Iron Hands\n|-damage|p2a: Iron Hands|0 fnt\n|faint|p2a: Iron Hands\n|-end|p2a: Iron Hands|Quark Drive|[silent]\n|move|p1b: Iron Hands|Wild Charge|p2b: Scream Tail\n|-damage|p2b: Scream Tail|0 fnt\n|faint|p2b: Scream Tail\n|-end|p2b: Scream Tail|Protosynthesis|[silent]\n|-damage|p1b: Iron Hands|86\/100|[from] Recoil\n|\n|-weather|SunnyDay|[upkeep]\n|-fieldend|move: Trick Room\n|upkeep\n|-message|FedEx Express forfeited.\n|\n|win|pliz let me cook\n|raw|pliz let me cook's rating: 1295 → 1327<\/strong> (+32 for winning)\n|raw|FedEx Express's rating: 1395 → 1369<\/strong> (-26 for losing)\n|l|\u2606FedEx Express\n","uploadtime":1684148576,"views":17,"p1id":"plizletmecook","p2id":"fedexexpress","formatid":"gen9vgc2023regulationc","rating":1327,"private":0,"password":""}