{"id":"gen9vgc2023regulationc-1859839015","p1":"Just Crit And Win","p2":"WhatWasIC00KING","format":"[Gen 9] VGC 2023 Regulation C","log":"|j|\u2606Just Crit And Win\n|j|\u2606WhatWasIC00KING\n|t:|1683568804\n|gametype|doubles\n|player|p1|Just Crit And Win|1|\n|player|p2|WhatWasIC00KING|gambler|\n|teamsize|p1|6\n|teamsize|p2|6\n|gen|9\n|tier|[Gen 9] VGC 2023 Regulation C\n|rule|Species Clause: Limit one of each Pok\u00e9mon\n|rule|Item Clause: Limit one of each item\n|clearpoke\n|poke|p1|Flutter Mane, L50|\n|poke|p1|Arcanine, L50, M|\n|poke|p1|Palafin, L50, F|\n|poke|p1|Chien-Pao, L50|\n|poke|p1|Great Tusk, L50|\n|poke|p1|Amoonguss, L50, M|\n|poke|p2|Iron Hands, L50|\n|poke|p2|Oranguru, L50, M|\n|poke|p2|Hatterene, L50, F|\n|poke|p2|Kingambit, L50, M|\n|poke|p2|Torkoal, L50, M|\n|poke|p2|Indeedee-F, L50, F|\n|teampreview|4\n|inactive|Battle timer is ON: inactive players will automatically lose when time's up. (requested by Just Crit And Win)\nWhatWasIC00KING has agreed to open team sheets.\nJust Crit And Win has agreed to open team sheets.\n|c|\u2606Just Crit And Win|glhf\n|c|\u2606WhatWasIC00KING|u2\n|inactive|Just Crit And Win has 60 seconds left.\n|\n|t:|1683568855\n|start\n|switch|p1a: Chien-Pao|Chien-Pao, L50|100\/100\n|switch|p1b: Flutter Mane|Flutter Mane, L50|100\/100\n|switch|p2a: Iron Hands|Iron Hands, L50|100\/100\n|switch|p2b: Oranguru|Oranguru, L50, M, shiny|100\/100\n|-ability|p1a: Chien-Pao|Sword of Ruin\n|-enditem|p1b: Flutter Mane|Booster Energy\n|-activate|p1b: Flutter Mane|ability: Protosynthesis|[fromitem]\n|-start|p1b: Flutter Mane|protosynthesisspa\n|turn|1\n|c|\u2606Just Crit And Win|oh yeh i swapped amoongus sitrus for ion ball\n|inactive|Just Crit And Win has 30 seconds left.\n|inactive|Just Crit And Win has 20 seconds left.\n|inactive|WhatWasIC00KING has 30 seconds left.\n|inactive|Just Crit And Win has 15 seconds left.\n|\n|t:|1683568896\n|switch|p2b: Hatterene|Hatterene, L50, F|100\/100\n|-end|p2a: Iron Hands|Quark Drive|[silent]\n|switch|p2a: Kingambit|Kingambit, L50, M|100\/100\n|-terastallize|p1a: Chien-Pao|Ghost\n|move|p1a: Chien-Pao|Ice Spinner|p2b: Hatterene\n|-damage|p2b: Hatterene|46\/100\n|move|p1b: Flutter Mane|Moonblast|p2b: Hatterene\n|-damage|p2b: Hatterene|0 fnt\n|faint|p2b: Hatterene\n|\n|upkeep\n|\n|t:|1683568908\n|switch|p2b: Oranguru|Oranguru, L50, M, shiny|100\/100\n|turn|2\n|\n|t:|1683568925\n|switch|p2b: Iron Hands|Iron Hands, L50|100\/100\n|move|p1a: Chien-Pao|Taunt|p2b: Iron Hands\n|-start|p2b: Iron Hands|move: Taunt\n|move|p1b: Flutter Mane|Substitute|p1b: Flutter Mane\n|-start|p1b: Flutter Mane|Substitute\n|-damage|p1b: Flutter Mane|76\/100\n|move|p2a: Kingambit|Kowtow Cleave|p1a: Chien-Pao\n|-supereffective|p1a: Chien-Pao\n|-crit|p1a: Chien-Pao\n|-enditem|p1a: Chien-Pao|Focus Sash\n|-damage|p1a: Chien-Pao|1\/100\n|\n|upkeep\n|turn|3\n|\n|t:|1683568944\n|move|p1b: Flutter Mane|Protect|p1b: Flutter Mane\n|-singleturn|p1b: Flutter Mane|Protect\n|move|p2a: Kingambit|Sucker Punch||[still]\n|-fail|p2a: Kingambit\n|move|p1a: Chien-Pao|Taunt|p2a: Kingambit\n|-start|p2a: Kingambit|move: Taunt\n|move|p2b: Iron Hands|Wild Charge|p1b: Flutter Mane\n|-activate|p1b: Flutter Mane|move: Protect\n|\n|upkeep\n|turn|4\n|\n|t:|1683568963\n|switch|p1a: Amoonguss|Amoonguss, L50, M|100\/100\n|move|p2a: Kingambit|Sucker Punch||[still]\n|-fail|p2a: Kingambit\n|move|p1b: Flutter Mane|Moonblast|p2a: Kingambit\n|-damage|p2a: Kingambit|35\/100\n|move|p2b: Iron Hands|Volt Switch|p1b: Flutter Mane\n|-activate|p1b: Flutter Mane|move: Substitute|[damage]\n|\n|t:|1683568978\n|-end|p2b: Iron Hands|Quark Drive|[silent]\n|switch|p2b: Oranguru|Oranguru, L50, M, shiny|100\/100|[from] Volt Switch\n|\n|upkeep\n|turn|5\n|inactive|Just Crit And Win has 30 seconds left.\n|\n|t:|1683569005\n|move|p2a: Kingambit|Sucker Punch|p1b: Flutter Mane\n|-end|p1b: Flutter Mane|Substitute\n|move|p1b: Flutter Mane|Moonblast|p2a: Kingambit\n|-damage|p2a: Kingambit|0 fnt\n|faint|p2a: Kingambit\n|move|p1a: Amoonguss|Spore|p2b: Oranguru\n|-status|p2b: Oranguru|slp|[from] move: Spore\n|cant|p2b: Oranguru|slp\n|\n|upkeep\n|\n|t:|1683569011\n|switch|p2a: Iron Hands|Iron Hands, L50|100\/100\n|turn|6\n|\n|t:|1683569024\n|switch|p1a: Chien-Pao|Chien-Pao, L50, tera:Ghost|1\/100\n|-ability|p1a: Chien-Pao|Sword of Ruin\n|-terastallize|p2a: Iron Hands|Grass\n|move|p1b: Flutter Mane|Protect|p1b: Flutter Mane\n|-singleturn|p1b: Flutter Mane|Protect\n|move|p2a: Iron Hands|Wild Charge|p1b: Flutter Mane\n|-activate|p1b: Flutter Mane|move: Protect\n|cant|p2b: Oranguru|slp\n|\n|upkeep\n|turn|7\n|\n|t:|1683569037\n|move|p1a: Chien-Pao|Ice Spinner|p2a: Iron Hands\n|-supereffective|p2a: Iron Hands\n|-damage|p2a: Iron Hands|30\/100\n|move|p1b: Flutter Mane|Moonblast|p2a: Iron Hands\n|-damage|p2a: Iron Hands|0 fnt\n|faint|p2a: Iron Hands\n|-end|p2a: Iron Hands|Quark Drive|[silent]\n|-curestatus|p2b: Oranguru|slp|[msg]\n|move|p2b: Oranguru|Trick Room|p2b: Oranguru\n|-fieldstart|move: Trick Room|[of] p2b: Oranguru\n|\n|upkeep\n|turn|8\n|-message|WhatWasIC00KING forfeited.\n|\n|win|Just Crit And Win\n","uploadtime":1683569053,"views":18,"p1id":"justcritandwin","p2id":"whatwasic00king","formatid":"gen9vgc2023regulationc","rating":0,"private":0,"password":""}