{"id":"gen9vgc2023regulationc-1849147288","p1":"Wata97","p2":"Escanor_CS","format":"[Gen 9] VGC 2023 Regulation C","log":"|j|\u2606Wata97\n|j|\u2606Escanor_CS\n|t:|1682164050\n|gametype|doubles\n|player|p1|Wata97|giovanni|1409\n|player|p2|Escanor_CS|170|1398\n|teamsize|p1|6\n|teamsize|p2|6\n|gen|9\n|tier|[Gen 9] VGC 2023 Regulation C\n|rated|\n|rule|Species Clause: Limit one of each Pok\u00e9mon\n|rule|Item Clause: Limit one of each item\n|clearpoke\n|poke|p1|Flutter Mane, L50|\n|poke|p1|Chi-Yu, L50|\n|poke|p1|Talonflame, L50, M|\n|poke|p1|Palafin, L50, F|\n|poke|p1|Wo-Chien, L50|\n|poke|p1|Gholdengo, L50|\n|poke|p2|Dondozo, L50, M|\n|poke|p2|Tatsugiri, L50, M|\n|poke|p2|Chien-Pao, L50|\n|poke|p2|Glimmora, L50, F|\n|poke|p2|Arcanine, L50, M|\n|poke|p2|Corviknight, L50, M|\n|teampreview|4\nWata97 has agreed to open team sheets.\n|inactive|Battle timer is ON: inactive players will automatically lose when time's up. (requested by Wata97)\n|\n|t:|1682164085\n|start\n|switch|p1a: Palafin|Palafin, L50, F|100\/100\n|switch|p1b: Gholdengo|Gholdengo, L50|100\/100\n|switch|p2a: Kaburagi|Glimmora, L50, F, shiny|100\/100\n|switch|p2b: Naruko|Arcanine, L50, M, shiny|100\/100\n|-ability|p2b: Naruko|Intimidate|boost\n|-unboost|p1a: Palafin|atk|1\n|-unboost|p1b: Gholdengo|atk|1\n|turn|1\n|inactive|Wata97 has 30 seconds left.\n|\n|t:|1682164115\n|detailschange|p1a: Palafin|Palafin-Hero, L50, F\n|switch|p1a: Chi-Yu|Chi-Yu, L50|100\/100\n|-ability|p1a: Chi-Yu|Beads of Ruin\n|move|p1b: Gholdengo|Make It Rain|p2b: Naruko|[spread] p2a,p2b\n|-supereffective|p2a: Kaburagi\n|-resisted|p2b: Naruko\n|-damage|p2a: Kaburagi|0 fnt\n|-damage|p2b: Naruko|66\/100\n|-unboost|p1b: Gholdengo|spa|1\n|faint|p2a: Kaburagi\n|move|p2b: Naruko|Flare Blitz|p1b: Gholdengo\n|-supereffective|p1b: Gholdengo\n|-damage|p1b: Gholdengo|0 fnt\n|faint|p1b: Gholdengo\n|-damage|p2b: Naruko|38\/100|[from] Recoil\n|\n|upkeep\n|\n|t:|1682164134\n|switch|p1b: Palafin|Palafin-Hero, L50, F|100\/100\n|switch|p2a: Onoda|Tatsugiri, L50, M, shiny|100\/100\n|-activate|p1b: Palafin|ability: Zero to Hero\n|turn|2\n|\n|t:|1682164152\n|-terastallize|p1a: Chi-Yu|Grass\n|move|p2b: Naruko|Protect|p2b: Naruko\n|-singleturn|p2b: Naruko|Protect\n|move|p1b: Palafin|Jet Punch|p2b: Naruko\n|-activate|p2b: Naruko|move: Protect\n|move|p2a: Onoda|Muddy Water|p1a: Chi-Yu|[spread] p1b\n|-miss|p2a: Onoda|p1a: Chi-Yu\n|-resisted|p1b: Palafin\n|-damage|p1b: Palafin|77\/100\n|move|p1a: Chi-Yu|Tera Blast|p2b: Naruko\n|-activate|p2b: Naruko|move: Protect\n|\n|upkeep\n|turn|3\n|\n|t:|1682164169\n|move|p2b: Naruko|Extreme Speed|p1a: Chi-Yu\n|-damage|p1a: Chi-Yu|67\/100\n|move|p1b: Palafin|Jet Punch|p2b: Naruko\n|-supereffective|p2b: Naruko\n|-damage|p2b: Naruko|0 fnt\n|faint|p2b: Naruko\n|move|p2a: Onoda|Muddy Water|p1b: Palafin|[spread] p1a,p1b\n|-resisted|p1a: Chi-Yu\n|-resisted|p1b: Palafin\n|-damage|p1a: Chi-Yu|49\/100\n|-damage|p1b: Palafin|56\/100\n|move|p1a: Chi-Yu|Tera Blast|p2a: Onoda\n|-damage|p2a: Onoda|21\/100\n|\n|upkeep\n|\n|t:|1682164183\n|switch|p2b: Imaizumi|Dondozo, L50, M, shiny|100\/100\n|-activate|p2a: Onoda|ability: Commander|[of] p2b: Imaizumi\n|-boost|p2b: Imaizumi|atk|2\n|-boost|p2b: Imaizumi|spa|2\n|-boost|p2b: Imaizumi|spe|2\n|-boost|p2b: Imaizumi|def|2\n|-boost|p2b: Imaizumi|spd|2\n|turn|4\n|\n|t:|1682164195\n|-terastallize|p2b: Imaizumi|Grass\n|move|p1a: Chi-Yu|Protect|p1a: Chi-Yu\n|-singleturn|p1a: Chi-Yu|Protect\n|move|p2b: Imaizumi|Tera Blast|p1b: Palafin\n|-supereffective|p1b: Palafin\n|-damage|p1b: Palafin|0 fnt\n|faint|p1b: Palafin\n|\n|upkeep\n|\n|t:|1682164202\n|switch|p1b: Wo-Chien|Wo-Chien, L50|100\/100\n|-ability|p1b: Wo-Chien|Tablets of Ruin\n|turn|5\n|\n|t:|1682164209\n|move|p2b: Imaizumi|Wave Crash|p1a: Chi-Yu\n|-resisted|p1a: Chi-Yu\n|-damage|p1a: Chi-Yu|0 fnt\n|faint|p1a: Chi-Yu\n|-damage|p2b: Imaizumi|91\/100|[from] Recoil\n|move|p1b: Wo-Chien|Foul Play|p2b: Imaizumi\n|-damage|p2b: Imaizumi|76\/100\n|\n|upkeep\n|turn|6\n|\n|t:|1682164221\n|move|p2b: Imaizumi|Tera Blast|p1b: Wo-Chien\n|-resisted|p1b: Wo-Chien\n|-damage|p1b: Wo-Chien|85\/100\n|move|p1b: Wo-Chien|Foul Play|p2b: Imaizumi\n|-damage|p2b: Imaizumi|62\/100\n|\n|-heal|p1b: Wo-Chien|91\/100|[from] item: Leftovers\n|upkeep\n|turn|7\n|\n|t:|1682164232\n|move|p2b: Imaizumi|Wave Crash|p1b: Wo-Chien\n|-resisted|p1b: Wo-Chien\n|-damage|p1b: Wo-Chien|66\/100\n|-damage|p2b: Imaizumi|55\/100|[from] Recoil\n|move|p1b: Wo-Chien|Foul Play|p2b: Imaizumi\n|-damage|p2b: Imaizumi|39\/100\n|\n|-heal|p1b: Wo-Chien|72\/100|[from] item: Leftovers\n|upkeep\n|turn|8\n|\n|t:|1682164243\n|move|p1b: Wo-Chien|Protect|p1b: Wo-Chien\n|-singleturn|p1b: Wo-Chien|Protect\n|move|p2b: Imaizumi|Wave Crash|p1b: Wo-Chien\n|-activate|p1b: Wo-Chien|move: Protect\n|\n|-heal|p1b: Wo-Chien|79\/100|[from] item: Leftovers\n|upkeep\n|turn|9\n|\n|t:|1682164252\n|move|p2b: Imaizumi|Wave Crash|p1b: Wo-Chien\n|-resisted|p1b: Wo-Chien\n|-damage|p1b: Wo-Chien|52\/100\n|-damage|p2b: Imaizumi|32\/100|[from] Recoil\n|move|p1b: Wo-Chien|Foul Play|p2b: Imaizumi\n|-damage|p2b: Imaizumi|18\/100\n|\n|-heal|p1b: Wo-Chien|58\/100|[from] item: Leftovers\n|upkeep\n|turn|10\n|\n|t:|1682164268\n|move|p1b: Wo-Chien|Protect|p1b: Wo-Chien\n|-singleturn|p1b: Wo-Chien|Protect\n|move|p2b: Imaizumi|Tera Blast|p1b: Wo-Chien\n|-activate|p1b: Wo-Chien|move: Protect\n|\n|-heal|p1b: Wo-Chien|65\/100|[from] item: Leftovers\n|upkeep\n|turn|11\n|\n|t:|1682164277\n|move|p2b: Imaizumi|Wave Crash|p1b: Wo-Chien\n|-resisted|p1b: Wo-Chien\n|-damage|p1b: Wo-Chien|41\/100\n|-damage|p2b: Imaizumi|12\/100|[from] Recoil\n|move|p1b: Wo-Chien|Giga Drain|p2b: Imaizumi\n|-resisted|p2b: Imaizumi\n|-damage|p2b: Imaizumi|6\/100\n|-heal|p1b: Wo-Chien|45\/100|[from] drain|[of] p2b: Imaizumi\n|\n|-heal|p1b: Wo-Chien|51\/100|[from] item: Leftovers\n|upkeep\n|turn|12\n|j| THUNDERSND77\n|\n|t:|1682164291\n|move|p1b: Wo-Chien|Protect|p1b: Wo-Chien\n|-singleturn|p1b: Wo-Chien|Protect\n|move|p2b: Imaizumi|Tera Blast|p1b: Wo-Chien\n|-activate|p1b: Wo-Chien|move: Protect\n|\n|-heal|p1b: Wo-Chien|57\/100|[from] item: Leftovers\n|upkeep\n|turn|13\n|\n|t:|1682164301\n|move|p2b: Imaizumi|Tera Blast|p1b: Wo-Chien\n|-resisted|p1b: Wo-Chien\n|-damage|p1b: Wo-Chien|40\/100\n|move|p1b: Wo-Chien|Giga Drain|p2b: Imaizumi\n|-resisted|p2b: Imaizumi\n|-damage|p2b: Imaizumi|0 fnt\n|-heal|p1b: Wo-Chien|43\/100|[from] drain|[of] p2b: Imaizumi\n|faint|p2b: Imaizumi\n|\n|-heal|p1b: Wo-Chien|49\/100|[from] item: Leftovers\n|upkeep\n|turn|14\n|\n|t:|1682164313\n|move|p1b: Wo-Chien|Protect|p1b: Wo-Chien\n|-singleturn|p1b: Wo-Chien|Protect\n|move|p2a: Onoda|Muddy Water|p1b: Wo-Chien\n|-activate|p1b: Wo-Chien|move: Protect\n|\n|-heal|p1b: Wo-Chien|56\/100|[from] item: Leftovers\n|upkeep\n|turn|15\n|-message|Escanor_CS forfeited.\n|\n|win|Wata97\n|raw|Wata97's rating: 1409 → 1428<\/strong> (+19 for winning)\n|raw|Escanor_CS's rating: 1398 → 1379<\/strong> (-19 for losing)\n|l|\u2606Escanor_CS\n","uploadtime":1682164329,"views":11,"p1id":"wata97","p2id":"escanorcs","formatid":"gen9vgc2023regulationc","rating":1379,"private":0,"password":""}