{"id":"gen9vgc2023regulationc-1852970126","p1":"manolynx","p2":"LizardEnjoyer646","format":"[Gen 9] VGC 2023 Regulation C","log":"|j|\u2606manolynx\n|j|\u2606LizardEnjoyer646\n|t:|1682621640\n|gametype|doubles\n|player|p1|manolynx|1|1102\n|player|p2|LizardEnjoyer646|red|1000\n|teamsize|p1|6\n|teamsize|p2|6\n|gen|9\n|tier|[Gen 9] VGC 2023 Regulation C\n|rated|\n|rule|Species Clause: Limit one of each Pok\u00e9mon\n|rule|Item Clause: Limit one of each item\n|clearpoke\n|poke|p1|Roaring Moon, L50|\n|poke|p1|Slither Wing, L50|\n|poke|p1|Torkoal, L50, M|\n|poke|p1|Flutter Mane, L50|\n|poke|p1|Amoonguss, L50, F|\n|poke|p1|Dragonite, L50, F|\n|poke|p2|Brambleghast, L50, M|\n|poke|p2|Kilowattrel, L50, M|\n|poke|p2|Iron Bundle, L50|\n|poke|p2|Garchomp, L50, M|\n|poke|p2|Amoonguss, L50, M|\n|poke|p2|Murkrow, L50, F|\n|teampreview|4\nmanolynx has agreed to open team sheets.\nLizardEnjoyer646 has agreed to open team sheets.\n|inactive|Battle timer is ON: inactive players will automatically lose when time's up. (requested by LizardEnjoyer646)\n|\n|t:|1682621747\n|start\n|switch|p1a: Amoonguss|Amoonguss, L50, F|100\/100\n|switch|p1b: Flutter Mane|Flutter Mane, L50|100\/100\n|switch|p2a: Rumble n Tumble|Brambleghast, L50, M, shiny|100\/100\n|switch|p2b: Skipper|Kilowattrel, L50, M|100\/100\n|turn|1\n|inactive|manolynx has 30 seconds left.\n|inactive|manolynx has 20 seconds left.\n|inactive|manolynx has 15 seconds left.\n|inactive|manolynx has 10 seconds left.\n|\n|t:|1682621794\n|move|p2a: Rumble n Tumble|Shadow Sneak|p1b: Flutter Mane\n|-supereffective|p1b: Flutter Mane\n|-damage|p1b: Flutter Mane|0 fnt\n|faint|p1b: Flutter Mane\n|-end|p1b: Flutter Mane|Protosynthesis|[silent]\n|-damage|p2a: Rumble n Tumble|90\/100|[from] item: Life Orb\n|move|p2b: Skipper|Tailwind|p2b: Skipper\n|-sidestart|p2: LizardEnjoyer646|move: Tailwind\n|-start|p2b: Skipper|Charge|Tailwind|[from] ability: Wind Power\n|-ability|p2a: Rumble n Tumble|Wind Rider|boost\n|-boost|p2a: Rumble n Tumble|atk|1\n|move|p1a: Amoonguss|Pollen Puff|p2a: Rumble n Tumble\n|-damage|p2a: Rumble n Tumble|60\/100\n|\n|upkeep\n|\n|t:|1682621815\n|switch|p1b: Slither Wing|Slither Wing, L50|100\/100\n|turn|2\n|\n|t:|1682621832\n|move|p1a: Amoonguss|Rage Powder|p1a: Amoonguss\n|-singleturn|p1a: Amoonguss|move: Rage Powder\n|move|p2b: Skipper|Hurricane|p1a: Amoonguss|[miss]\n|-miss|p2b: Skipper|p1a: Amoonguss\n|move|p2a: Rumble n Tumble|Phantom Force||[still]\n|-prepare|p2a: Rumble n Tumble|Phantom Force\n|move|p1b: Slither Wing|Bulk Up|p1b: Slither Wing\n|-boost|p1b: Slither Wing|atk|1\n|-boost|p1b: Slither Wing|def|1\n|\n|upkeep\n|turn|3\n|\n|t:|1682621852\n|move|p1b: Slither Wing|Protect|p1b: Slither Wing\n|-singleturn|p1b: Slither Wing|Protect\n|move|p2b: Skipper|Hurricane|p1a: Amoonguss|[miss]\n|-miss|p2b: Skipper|p1a: Amoonguss\n|move|p2a: Rumble n Tumble|Phantom Force|p1a: Amoonguss|[from]lockedmove\n|-damage|p1a: Amoonguss|40\/100\n|-damage|p2a: Rumble n Tumble|44\/100|[from] item: Rocky Helmet|[of] p1a: Amoonguss\n|-damage|p2a: Rumble n Tumble|34\/100|[from] item: Life Orb\n|move|p1a: Amoonguss|Spore|p2b: Skipper\n|-status|p2b: Skipper|slp|[from] move: Spore\n|\n|upkeep\n|turn|4\n|inactive|manolynx has 30 seconds left.\n|inactive|LizardEnjoyer646 has 30 seconds left.\n|inactive|manolynx has 20 seconds left.\n|inactive|manolynx has 15 seconds left.\n|\n|t:|1682621893\n|switch|p1a: Torkoal|Torkoal, L50, M|100\/100\n|-weather|SunnyDay|[from] ability: Drought|[of] p1a: Torkoal\n|-activate|p1b: Slither Wing|ability: Protosynthesis\n|-start|p1b: Slither Wing|protosynthesisatk\n|cant|p2b: Skipper|slp\n|move|p2a: Rumble n Tumble|Leech Seed|p1b: Slither Wing\n|-start|p1b: Slither Wing|move: Leech Seed\n|move|p1b: Slither Wing|Leech Life|p2a: Rumble n Tumble\n|-damage|p2a: Rumble n Tumble|0 fnt\n|faint|p2a: Rumble n Tumble\n|\n|-weather|SunnyDay|[upkeep]\n|-sideend|p2: LizardEnjoyer646|move: Tailwind\n|upkeep\n|\n|t:|1682621908\n|switch|p2a: Private|Iron Bundle, L50|100\/100\n|turn|5\n|inactive|LizardEnjoyer646 has 30 seconds left.\n|\n|t:|1682621938\n|move|p2a: Private|Air Cutter|p1b: Slither Wing|[spread] p1a,p1b\n|-supereffective|p1b: Slither Wing\n|-damage|p1a: Torkoal|79\/100\n|-damage|p1b: Slither Wing|45\/100\n|cant|p2b: Skipper|slp\n|move|p1b: Slither Wing|Leech Life|p2a: Private\n|-crit|p2a: Private\n|-damage|p2a: Private|0 fnt\n|-heal|p1b: Slither Wing|80\/100|[from] drain|[of] p2a: Private\n|faint|p2a: Private\n|-end|p2a: Private|Quark Drive|[silent]\n|move|p1a: Torkoal|Overheat|p2b: Skipper\n|-damage|p2b: Skipper|0 fnt\n|-unboost|p1a: Torkoal|spa|2\n|-enditem|p1a: Torkoal|Eject Pack\n|faint|p2b: Skipper\n|\n|t:|1682621954\n|switch|p1a: Amoonguss|Amoonguss, L50, F|40\/100\n|\n|-weather|SunnyDay|[upkeep]\n|-heal|p1b: Slither Wing|86\/100|[from] item: Leftovers\n|upkeep\n|\n|t:|1682621964\n|switch|p2a: Spores|Amoonguss, L50, M, shiny|100\/100\n|turn|6\n|c|\u2606LizardEnjoyer646|gg\n|\n|t:|1682621980\n|-terastallize|p1b: Slither Wing|Grass\n|move|p1b: Slither Wing|Leech Life|p2a: Spores\n|-damage|p2a: Spores|37\/100\n|-heal|p1b: Slither Wing|100\/100|[from] drain|[of] p2a: Spores\n|move|p2a: Spores|Clear Smog|p1b: Slither Wing\n|-supereffective|p1b: Slither Wing\n|-damage|p1b: Slither Wing|78\/100\n|-clearboost|p1b: Slither Wing\n|move|p1a: Amoonguss|Pollen Puff|p2a: Spores\n|-damage|p2a: Spores|22\/100\n|\n|-weather|SunnyDay|[upkeep]\n|-heal|p1b: Slither Wing|84\/100|[from] item: Leftovers\n|-heal|p2a: Spores|27\/100|[from] item: Leftovers\n|-damage|p1b: Slither Wing|71\/100|[from] Leech Seed|[of] p2a: Spores\n|-heal|p2a: Spores|40\/100|[silent]\n|upkeep\n|turn|7\n|inactive|manolynx has 30 seconds left.\n|inactive|manolynx has 20 seconds left.\n|\n|t:|1682622017\n|move|p1b: Slither Wing|Leech Life|p2a: Spores\n|-damage|p2a: Spores|0 fnt\n|-heal|p1b: Slither Wing|91\/100|[from] drain|[of] p2a: Spores\n|faint|p2a: Spores\n|\n|win|manolynx\n|raw|manolynx's rating: 1102 → 1120<\/strong> (+18 for winning)\n|raw|LizardEnjoyer646's rating: 1000 → 1000<\/strong> (+0 for losing)\n","uploadtime":1682622032,"views":11,"p1id":"manolynx","p2id":"lizardenjoyer646","formatid":"gen9vgc2023regulationc","rating":1000,"private":0,"password":""}