{"id":"gen9vgc2023regulationc-1852110962","p1":"pokemonmasteernico","p2":"jcgualde2","format":"[Gen 9] VGC 2023 Regulation C","log":"|j|\u2606pokemonmasteernico\n|j|\u2606jcgualde2\n|t:|1682525012\n|gametype|doubles\n|player|p1|pokemonmasteernico|veteran|\n|player|p2|jcgualde2|169|\n|teamsize|p1|6\n|teamsize|p2|6\n|gen|9\n|tier|[Gen 9] VGC 2023 Regulation C\n|rule|Species Clause: Limit one of each Pok\u00e9mon\n|rule|Item Clause: Limit one of each item\n|clearpoke\n|poke|p1|Scream Tail, L50|\n|poke|p1|Dragapult, L50, M|\n|poke|p1|Gholdengo, L50|\n|poke|p1|Talonflame, L50, M|\n|poke|p1|Chien-Pao, L50|\n|poke|p1|Azumarill, L50, F|\n|poke|p2|Glimmora, L50, M|\n|poke|p2|Wo-Chien, L50|\n|poke|p2|Palafin, L50, F|\n|poke|p2|Iron Jugulis, L50|\n|poke|p2|Great Tusk, L50|\n|poke|p2|Arcanine, L50, M|\n|teampreview|4\njcgualde2 has agreed to open team sheets.\npokemonmasteernico has agreed to open team sheets.\n|inactive|Battle timer is ON: inactive players will automatically lose when time's up. (requested by jcgualde2)\n|\n|t:|1682525048\n|start\n|switch|p1a: Scream Tail|Scream Tail, L50|100\/100\n|switch|p1b: Dragapult|Dragapult, L50, M, shiny|100\/100\n|switch|p2a: Glimmora|Glimmora, L50, M|100\/100\n|switch|p2b: Wo-Chien|Wo-Chien, L50|100\/100\n|-ability|p2b: Wo-Chien|Tablets of Ruin\n|-enditem|p1a: Scream Tail|Booster Energy\n|-activate|p1a: Scream Tail|ability: Protosynthesis|[fromitem]\n|-start|p1a: Scream Tail|protosynthesisspe\n|turn|1\n|\n|t:|1682525071\n|move|p1a: Scream Tail|Disable||[still]\n|-fail|p1a: Scream Tail\n|move|p1b: Dragapult|Dragon Darts|p2a: Glimmora\n|-damage|p2a: Glimmora|73\/100\n|-activate|p2a: Glimmora|ability: Toxic Debris\n|-sidestart|p1: pokemonmasteernico|move: Toxic Spikes\n|-anim|p1b: Dragapult|Dragon Darts|p2b: Wo-Chien\n|-damage|p2b: Wo-Chien|77\/100\n|move|p2a: Glimmora|Mortal Spin|p1b: Dragapult|[spread] p1a,p1b\n|-supereffective|p1a: Scream Tail\n|-resisted|p1b: Dragapult\n|-damage|p1a: Scream Tail|95\/100\n|-damage|p1b: Dragapult|99\/100\n|-status|p1a: Scream Tail|psn\n|-status|p1b: Dragapult|psn\n|move|p2b: Wo-Chien|Foul Play|p1b: Dragapult\n|-supereffective|p1b: Dragapult\n|-damage|p1b: Dragapult|0 fnt\n|faint|p1b: Dragapult\n|\n|-heal|p2b: Wo-Chien|83\/100|[from] item: Leftovers\n|-damage|p1a: Scream Tail|83\/100 psn|[from] psn\n|upkeep\n|inactive|pokemonmasteernico has 30 seconds left.\n|inactive|pokemonmasteernico has 20 seconds left.\n|\n|t:|1682525108\n|switch|p1b: Gholdengo|Gholdengo, L50|100\/100\n|turn|2\n|inactive|jcgualde2 has 30 seconds left.\n|\n|t:|1682525137\n|move|p1a: Scream Tail|Play Rough|p2b: Wo-Chien\n|-supereffective|p2b: Wo-Chien\n|-damage|p2b: Wo-Chien|57\/100\n|move|p1b: Gholdengo|Make It Rain|p2b: Wo-Chien|[spread] p2a,p2b\n|-supereffective|p2a: Glimmora\n|-damage|p2a: Glimmora|0 fnt\n|-damage|p2b: Wo-Chien|11\/100\n|-unboost|p1b: Gholdengo|spa|1\n|faint|p2a: Glimmora\n|move|p2b: Wo-Chien|Leech Seed|p1a: Scream Tail\n|-start|p1a: Scream Tail|move: Leech Seed\n|\n|-heal|p2b: Wo-Chien|18\/100|[from] item: Leftovers\n|-damage|p1a: Scream Tail|71\/100 psn|[from] Leech Seed|[of] p2b: Wo-Chien\n|-heal|p2b: Wo-Chien|32\/100|[silent]\n|-damage|p1a: Scream Tail|59\/100 psn|[from] psn\n|upkeep\n|\n|t:|1682525150\n|switch|p2a: Iron Jugulis|Iron Jugulis, L50|100\/100\n|-enditem|p2a: Iron Jugulis|Booster Energy\n|-activate|p2a: Iron Jugulis|ability: Quark Drive|[fromitem]\n|-start|p2a: Iron Jugulis|quarkdrivespe\n|turn|3\n|\n|t:|1682525167\n|move|p2b: Wo-Chien|Protect|p2b: Wo-Chien\n|-singleturn|p2b: Wo-Chien|Protect\n|move|p2a: Iron Jugulis|Snarl|p1b: Gholdengo|[spread] p1a,p1b\n|-supereffective|p1b: Gholdengo\n|-damage|p1a: Scream Tail|46\/100 psn\n|-damage|p1b: Gholdengo|60\/100\n|-unboost|p1a: Scream Tail|spa|1\n|-unboost|p1b: Gholdengo|spa|1\n|move|p1a: Scream Tail|Play Rough|p2a: Iron Jugulis\n|-supereffective|p2a: Iron Jugulis\n|-damage|p2a: Iron Jugulis|68\/100\n|move|p1b: Gholdengo|Make It Rain|p2b: Wo-Chien|[spread] p2a\n|-activate|p2b: Wo-Chien|move: Protect\n|-damage|p2a: Iron Jugulis|28\/100\n|-unboost|p1b: Gholdengo|spa|1\n|\n|-heal|p2b: Wo-Chien|38\/100|[from] item: Leftovers\n|-damage|p1a: Scream Tail|34\/100 psn|[from] Leech Seed|[of] p2b: Wo-Chien\n|-heal|p2b: Wo-Chien|52\/100|[silent]\n|-damage|p1a: Scream Tail|22\/100 psn|[from] psn\n|upkeep\n|turn|4\n|inactive|pokemonmasteernico has 30 seconds left.\n|inactive|jcgualde2 has 30 seconds left.\n|\n|t:|1682525200\n|move|p2a: Iron Jugulis|Protect|p2a: Iron Jugulis\n|-singleturn|p2a: Iron Jugulis|Protect\n|move|p1a: Scream Tail|Howl|p1a: Scream Tail|[spread] p1a\n|-immune|p1b: Gholdengo|[from] ability: Good as Gold\n|-boost|p1a: Scream Tail|atk|1\n|move|p1b: Gholdengo|Make It Rain|p2a: Iron Jugulis|[spread] p2b\n|-activate|p2a: Iron Jugulis|move: Protect\n|-damage|p2b: Wo-Chien|35\/100\n|-unboost|p1b: Gholdengo|spa|1\n|move|p2b: Wo-Chien|Foul Play|p1b: Gholdengo\n|-supereffective|p1b: Gholdengo\n|-damage|p1b: Gholdengo|19\/100\n|\n|-heal|p2b: Wo-Chien|41\/100|[from] item: Leftovers\n|-damage|p1a: Scream Tail|10\/100 psn|[from] Leech Seed|[of] p2b: Wo-Chien\n|-heal|p2b: Wo-Chien|55\/100|[silent]\n|-damage|p1a: Scream Tail|0 fnt|[from] psn\n|faint|p1a: Scream Tail\n|-end|p1a: Scream Tail|Protosynthesis|[silent]\n|upkeep\n|\n|t:|1682525219\n|switch|p1a: Azumarill|Azumarill, L50, F|100\/100\n|-status|p1a: Azumarill|psn\n|turn|5\n|inactive|jcgualde2 has 30 seconds left.\n|\n|t:|1682525245\n|-terastallize|p2b: Wo-Chien|Poison\n|move|p2a: Iron Jugulis|Snarl|p1b: Gholdengo|[spread] p1a,p1b\n|-resisted|p1a: Azumarill\n|-supereffective|p1b: Gholdengo\n|-damage|p1a: Azumarill|95\/100 psn\n|-damage|p1b: Gholdengo|0 fnt\n|-unboost|p1a: Azumarill|spa|1\n|faint|p1b: Gholdengo\n|move|p2b: Wo-Chien|Leech Seed|p1a: Azumarill\n|-start|p1a: Azumarill|move: Leech Seed\n|move|p1a: Azumarill|Ice Spinner|p2b: Wo-Chien\n|-damage|p2b: Wo-Chien|37\/100\n|\n|-heal|p2b: Wo-Chien|44\/100|[from] item: Leftovers\n|-damage|p1a: Azumarill|83\/100 psn|[from] Leech Seed|[of] p2b: Wo-Chien\n|-heal|p2b: Wo-Chien|57\/100|[silent]\n|-damage|p1a: Azumarill|71\/100 psn|[from] psn\n|upkeep\n|turn|6\n|\n|t:|1682525265\n|-terastallize|p1a: Azumarill|Water\n|move|p1a: Azumarill|Aqua Jet|p2a: Iron Jugulis\n|-damage|p2a: Iron Jugulis|4\/100\n|move|p2a: Iron Jugulis|Air Slash|p1a: Azumarill\n|-damage|p1a: Azumarill|50\/100 psn\n|move|p2b: Wo-Chien|Foul Play|p1a: Azumarill\n|-damage|p1a: Azumarill|24\/100 psn\n|\n|-heal|p2b: Wo-Chien|63\/100|[from] item: Leftovers\n|-damage|p1a: Azumarill|12\/100 psn|[from] Leech Seed|[of] p2b: Wo-Chien\n|-heal|p2b: Wo-Chien|76\/100|[silent]\n|-damage|p1a: Azumarill|0 fnt|[from] psn\n|faint|p1a: Azumarill\n|\n|win|jcgualde2\n|upkeep\n","uploadtime":1682525340,"views":9,"p1id":"pokemonmasteernico","p2id":"jcgualde2","formatid":"gen9vgc2023regulationc","rating":0,"private":0,"password":""}