{"id":"gen9vgc2023regulationc-1845360525","p1":"Tuesdau","p2":"DayMoth","format":"[Gen 9] VGC 2023 Regulation C","log":"|j|\u2606Tuesdau\n|j|\u2606DayMoth\n|t:|1681721546\n|gametype|doubles\n|player|p1|Tuesdau|1|1085\n|player|p2|DayMoth|waitress-gen4|1000\n|teamsize|p1|6\n|teamsize|p2|6\n|gen|9\n|tier|[Gen 9] VGC 2023 Regulation C\n|rated|\n|rule|Species Clause: Limit one of each Pok\u00e9mon\n|rule|Item Clause: Limit one of each item\n|clearpoke\n|poke|p1|Kingambit, L50, F|\n|poke|p1|Amoonguss, L50, F|\n|poke|p1|Iron Hands, L50|\n|poke|p1|Flutter Mane, L50|\n|poke|p1|Palafin, L50, M|\n|poke|p1|Roaring Moon, L50|\n|poke|p2|Tropius, L50, F|\n|poke|p2|Electrode, L50|\n|poke|p2|Volcarona, L50, M|\n|poke|p2|Alomomola, L50, F|\n|poke|p2|Scizor, L50, M|\n|poke|p2|Frosmoth, L50, M|\n|teampreview|4\n|inactive|Battle timer is ON: inactive players will automatically lose when time's up. (requested by DayMoth)\n|\n|t:|1681721592\n|start\n|switch|p1a: Roaring Moon|Roaring Moon, L50|100\/100\n|switch|p1b: Iron Hands|Iron Hands, L50|100\/100\n|switch|p2a: Electrode|Electrode, L50|100\/100\n|switch|p2b: Alomomola|Alomomola, L50, F|100\/100\n|-enditem|p1a: Roaring Moon|Booster Energy\n|-activate|p1a: Roaring Moon|ability: Protosynthesis|[fromitem]\n|-start|p1a: Roaring Moon|protosynthesisspe\n|turn|1\n|inactive|DayMoth has 30 seconds left.\n|inactive|DayMoth has 20 seconds left.\n|inactive|DayMoth has 15 seconds left.\n|\n|t:|1681721632\n|move|p1b: Iron Hands|Fake Out|p2a: Electrode\n|-damage|p2a: Electrode|77\/100\n|move|p1a: Roaring Moon|Tailwind|p1a: Roaring Moon\n|-sidestart|p1: Tuesdau|move: Tailwind\n|move|p2a: Electrode|Thunder Wave|p1a: Roaring Moon|[miss]\n|-miss|p2a: Electrode|p1a: Roaring Moon\n|move|p2b: Alomomola|Wish|p2b: Alomomola\n|\n|upkeep\n|turn|2\n|inactive|Tuesdau has 30 seconds left.\n|inactive|Tuesdau has 20 seconds left.\n|\n|t:|1681721668\n|switch|p2b: Volcarona|Volcarona, L50, M|100\/100\n|move|p1a: Roaring Moon|Throat Chop|p2a: Electrode\n|-damage|p2a: Electrode|15\/100\n|move|p2a: Electrode|Thunder Wave|p1a: Roaring Moon\n|-status|p1a: Roaring Moon|par\n|move|p1b: Iron Hands|Volt Switch|p2b: Volcarona\n|-damage|p2b: Volcarona|86\/100\n|\n|t:|1681721676\n|-end|p1b: Iron Hands|Quark Drive|[silent]\n|switch|p1b: Palafin|Palafin, L50, M|100\/100|[from] Volt Switch\n|\n|-heal|p2b: Volcarona|100\/100|[from] move: Wish|[wisher] Alomomola\n|upkeep\n|turn|3\n|\n|t:|1681721688\n|move|p1b: Palafin|Protect|p1b: Palafin\n|-singleturn|p1b: Palafin|Protect\n|move|p2a: Electrode|Protect|p2a: Electrode\n|-singleturn|p2a: Electrode|Protect\n|move|p1a: Roaring Moon|Throat Chop|p2a: Electrode\n|-activate|p2a: Electrode|move: Protect\n|move|p2b: Volcarona|Will-O-Wisp|p1b: Palafin\n|-activate|p1b: Palafin|move: Protect\n|\n|upkeep\n|turn|4\n|inactive|DayMoth has 30 seconds left.\n|\n|t:|1681721714\n|detailschange|p1b: Palafin|Palafin-Hero, L50, M\n|switch|p1b: Kingambit|Kingambit, L50, F|100\/100\n|switch|p2a: Alomomola|Alomomola, L50, F|100\/100\n|move|p1a: Roaring Moon|Acrobatics|p2b: Volcarona\n|-supereffective|p2b: Volcarona\n|-damage|p2b: Volcarona|0 fnt\n|faint|p2b: Volcarona\n|\n|-sideend|p1: Tuesdau|move: Tailwind\n|upkeep\n|\n|t:|1681721726\n|switch|p2b: Electrode|Electrode, L50|15\/100\n|turn|5\n|\n|t:|1681721741\n|move|p2b: Electrode|Thunder Wave|p1b: Kingambit\n|-status|p1b: Kingambit|par\n|move|p1a: Roaring Moon|Throat Chop|p2b: Electrode\n|-damage|p2b: Electrode|0 fnt\n|-damage|p1a: Roaring Moon|75\/100 par|[from] ability: Aftermath|[of] p2b: Electrode\n|faint|p2b: Electrode\n|move|p2a: Alomomola|Whirlpool|p1a: Roaring Moon|[miss]\n|-miss|p2a: Alomomola|p1a: Roaring Moon\n|cant|p1b: Kingambit|par\n|\n|upkeep\n|\n|t:|1681721753\n|switch|p2b: Tropius|Tropius, L50, F|100\/100\n|turn|6\n|\n|t:|1681721768\n|move|p1a: Roaring Moon|Throat Chop|p2a: Alomomola\n|-crit|p2a: Alomomola\n|-damage|p2a: Alomomola|56\/100\n|-start|p2a: Alomomola|Throat Chop|[silent]\n|move|p2a: Alomomola|Wish|p2a: Alomomola\n|move|p2b: Tropius|Leech Seed|p1b: Kingambit\n|-start|p1b: Kingambit|move: Leech Seed\n|move|p1b: Kingambit|Iron Head|p2a: Alomomola\n|-resisted|p2a: Alomomola\n|-damage|p2a: Alomomola|40\/100\n|\n|-heal|p2a: Alomomola|46\/100|[from] item: Leftovers\n|-damage|p1b: Kingambit|88\/100 par|[from] Leech Seed|[of] p2b: Tropius\n|upkeep\n|turn|7\n|\n|t:|1681721783\n|move|p2a: Alomomola|Protect|p2a: Alomomola\n|-singleturn|p2a: Alomomola|Protect\n|cant|p1a: Roaring Moon|par\n|move|p2b: Tropius|Leech Seed|p1a: Roaring Moon\n|-start|p1a: Roaring Moon|move: Leech Seed\n|cant|p1b: Kingambit|par\n|\n|-heal|p2a: Alomomola|96\/100|[from] move: Wish|[wisher] Alomomola\n|-heal|p2a: Alomomola|100\/100|[from] item: Leftovers\n|-damage|p1a: Roaring Moon|63\/100 par|[from] Leech Seed|[of] p2b: Tropius\n|-damage|p1b: Kingambit|76\/100 par|[from] Leech Seed|[of] p2b: Tropius\n|-end|p2a: Alomomola|Throat Chop|[silent]\n|upkeep\n|turn|8\n|inactive|DayMoth has 30 seconds left.\n|\n|t:|1681721811\n|move|p1a: Roaring Moon|Tailwind|p1a: Roaring Moon\n|-sidestart|p1: Tuesdau|move: Tailwind\n|move|p2a: Alomomola|Whirlpool|p1b: Kingambit\n|-damage|p1b: Kingambit|71\/100 par\n|-activate|p1b: Kingambit|move: Whirlpool|[of] p2a: Alomomola\n|move|p2b: Tropius|Tailwind|p2b: Tropius\n|-sidestart|p2: DayMoth|move: Tailwind\n|move|p1b: Kingambit|Kowtow Cleave|p2b: Tropius\n|-damage|p2b: Tropius|60\/100\n|\n|-damage|p1a: Roaring Moon|50\/100 par|[from] Leech Seed|[of] p2b: Tropius\n|-heal|p2b: Tropius|74\/100|[silent]\n|-damage|p1b: Kingambit|58\/100 par|[from] Leech Seed|[of] p2b: Tropius\n|-heal|p2b: Tropius|88\/100|[silent]\n|-damage|p1b: Kingambit|46\/100 par|[from] move: Whirlpool|[partiallytrapped]\n|upkeep\n|turn|9\n|inactive|DayMoth has 30 seconds left.\n|\n|t:|1681721837\n|move|p2b: Tropius|Protect|p2b: Tropius\n|-singleturn|p2b: Tropius|Protect\n|cant|p1a: Roaring Moon|par\n|move|p2a: Alomomola|Whirlpool|p1a: Roaring Moon\n|-resisted|p1a: Roaring Moon\n|-damage|p1a: Roaring Moon|48\/100 par\n|-activate|p1a: Roaring Moon|move: Whirlpool|[of] p2a: Alomomola\n|move|p1b: Kingambit|Iron Head|p2a: Alomomola\n|-resisted|p2a: Alomomola\n|-damage|p2a: Alomomola|85\/100\n|\n|-heal|p2a: Alomomola|91\/100|[from] item: Leftovers\n|-damage|p1a: Roaring Moon|35\/100 par|[from] Leech Seed|[of] p2b: Tropius\n|-heal|p2b: Tropius|100\/100|[silent]\n|-damage|p1b: Kingambit|34\/100 par|[from] Leech Seed|[of] p2b: Tropius\n|-damage|p1a: Roaring Moon|23\/100 par|[from] move: Whirlpool|[partiallytrapped]\n|-damage|p1b: Kingambit|22\/100 par|[from] move: Whirlpool|[partiallytrapped]\n|upkeep\n|turn|10\n|inactive|DayMoth has 30 seconds left.\n|\n|t:|1681721868\n|move|p1a: Roaring Moon|Throat Chop|p2b: Tropius\n|-damage|p2b: Tropius|66\/100\n|-start|p2b: Tropius|Throat Chop|[silent]\n|move|p2a: Alomomola|Wish|p2a: Alomomola\n|move|p2b: Tropius|Air Slash|p1a: Roaring Moon\n|-damage|p1a: Roaring Moon|3\/100 par\n|move|p1b: Kingambit|Iron Head|p2b: Tropius\n|-damage|p2b: Tropius|30\/100\n|-enditem|p2b: Tropius|Sitrus Berry|[eat]\n|-heal|p2b: Tropius|54\/100|[from] item: Sitrus Berry\n|\n|-heal|p2a: Alomomola|97\/100|[from] item: Leftovers\n|-damage|p1a: Roaring Moon|0 fnt|[from] Leech Seed|[of] p2b: Tropius\n|-heal|p2b: Tropius|57\/100|[silent]\n|faint|p1a: Roaring Moon\n|-end|p1a: Roaring Moon|Protosynthesis|[silent]\n|-damage|p1b: Kingambit|10\/100 par|[from] Leech Seed|[of] p2b: Tropius\n|-heal|p2b: Tropius|71\/100|[silent]\n|-damage|p1b: Kingambit|0 fnt|[from] move: Whirlpool|[partiallytrapped]\n|faint|p1b: Kingambit\n|upkeep\n|\n|t:|1681721873\n|switch|p1a: Palafin|Palafin-Hero, L50, M|100\/100\n|switch|p1b: Iron Hands|Iron Hands, L50|100\/100\n|-activate|p1a: Palafin|ability: Zero to Hero\n|turn|11\n|inactive|Tuesdau has 30 seconds left.\n|inactive|DayMoth has 30 seconds left.\n|\n|t:|1681721902\n|-terastallize|p2a: Alomomola|Dragon\n|move|p2b: Tropius|Protect|p2b: Tropius\n|-singleturn|p2b: Tropius|Protect\n|move|p1b: Iron Hands|Fake Out|p2b: Tropius\n|-activate|p2b: Tropius|move: Protect\n|move|p1a: Palafin|Jet Punch|p2b: Tropius\n|-activate|p2b: Tropius|move: Protect\n|move|p2a: Alomomola|Whirlpool|p1a: Palafin\n|-resisted|p1a: Palafin\n|-damage|p1a: Palafin|98\/100\n|-activate|p1a: Palafin|move: Whirlpool|[of] p2a: Alomomola\n|\n|-heal|p2a: Alomomola|100\/100|[from] move: Wish|[wisher] Alomomola\n|-damage|p1a: Palafin|86\/100|[from] move: Whirlpool|[partiallytrapped]\n|-end|p2b: Tropius|Throat Chop|[silent]\n|-sideend|p1: Tuesdau|move: Tailwind\n|-sideend|p2: DayMoth|move: Tailwind\n|-item|p2b: Tropius|Sitrus Berry|[from] ability: Harvest\n|upkeep\n|turn|12\n|inactive|Tuesdau has 30 seconds left.\n|\n|t:|1681721935\n|-terastallize|p1a: Palafin|Water\n|move|p1a: Palafin|Jet Punch|p2a: Alomomola\n|-resisted|p2a: Alomomola\n|-damage|p2a: Alomomola|76\/100\n|move|p2a: Alomomola|Wish|p2a: Alomomola\n|move|p2b: Tropius|Leech Seed|p1a: Palafin\n|-start|p1a: Palafin|move: Leech Seed\n|move|p1b: Iron Hands|Wild Charge|p2b: Tropius\n|-damage|p2b: Tropius|27\/100\n|-enditem|p2b: Tropius|Sitrus Berry|[eat]\n|-heal|p2b: Tropius|51\/100|[from] item: Sitrus Berry\n|-damage|p1b: Iron Hands|92\/100|[from] Recoil\n|\n|-heal|p2a: Alomomola|82\/100|[from] item: Leftovers\n|-damage|p1a: Palafin|73\/100|[from] Leech Seed|[of] p2b: Tropius\n|-heal|p2b: Tropius|66\/100|[silent]\n|-damage|p1a: Palafin|61\/100|[from] move: Whirlpool|[partiallytrapped]\n|-item|p2b: Tropius|Sitrus Berry|[from] ability: Harvest\n|upkeep\n|turn|13\n|\n|t:|1681721954\n|move|p2b: Tropius|Protect|p2b: Tropius\n|-singleturn|p2b: Tropius|Protect\n|move|p1a: Palafin|Jet Punch|p2a: Alomomola\n|-resisted|p2a: Alomomola\n|-damage|p2a: Alomomola|60\/100\n|move|p2a: Alomomola|Whirlpool|p1b: Iron Hands\n|-crit|p1b: Iron Hands\n|-damage|p1b: Iron Hands|87\/100\n|-activate|p1b: Iron Hands|move: Whirlpool|[of] p2a: Alomomola\n|move|p1b: Iron Hands|Wild Charge|p2b: Tropius\n|-activate|p2b: Tropius|move: Protect\n|\n|-heal|p2a: Alomomola|100\/100|[from] move: Wish|[wisher] Alomomola\n|-damage|p1a: Palafin|49\/100|[from] Leech Seed|[of] p2b: Tropius\n|-heal|p2b: Tropius|80\/100|[silent]\n|-damage|p1a: Palafin|37\/100|[from] move: Whirlpool|[partiallytrapped]\n|-damage|p1b: Iron Hands|75\/100|[from] move: Whirlpool|[partiallytrapped]\n|upkeep\n|turn|14\n|\n|t:|1681721975\n|move|p1a: Palafin|Jet Punch|p2a: Alomomola\n|-resisted|p2a: Alomomola\n|-damage|p2a: Alomomola|78\/100\n|move|p2a: Alomomola|Wish|p2a: Alomomola\n|move|p2b: Tropius|Leech Seed|p1b: Iron Hands\n|-start|p1b: Iron Hands|move: Leech Seed\n|move|p1b: Iron Hands|Wild Charge|p2a: Alomomola\n|-resisted|p2a: Alomomola\n|-damage|p2a: Alomomola|59\/100\n|-damage|p1b: Iron Hands|70\/100|[from] Recoil\n|\n|-heal|p2a: Alomomola|65\/100|[from] item: Leftovers\n|-damage|p1a: Palafin|25\/100|[from] Leech Seed|[of] p2b: Tropius\n|-heal|p2b: Tropius|94\/100|[silent]\n|-damage|p1b: Iron Hands|57\/100|[from] Leech Seed|[of] p2b: Tropius\n|-heal|p2b: Tropius|100\/100|[silent]\n|-damage|p1a: Palafin|13\/100|[from] move: Whirlpool|[partiallytrapped]\n|-damage|p1b: Iron Hands|45\/100|[from] move: Whirlpool|[partiallytrapped]\n|upkeep\n|turn|15\n|\n|t:|1681721995\n|move|p2a: Alomomola|Protect|p2a: Alomomola\n|-singleturn|p2a: Alomomola|Protect\n|move|p1a: Palafin|Jet Punch|p2a: Alomomola\n|-activate|p2a: Alomomola|move: Protect\n|move|p2b: Tropius|Air Slash|p1b: Iron Hands\n|-damage|p1b: Iron Hands|36\/100\n|move|p1b: Iron Hands|Drain Punch|p2a: Alomomola\n|-activate|p2a: Alomomola|move: Protect\n|\n|-heal|p2a: Alomomola|100\/100|[from] move: Wish|[wisher] Alomomola\n|-damage|p1a: Palafin|1\/100|[from] Leech Seed|[of] p2b: Tropius\n|-damage|p1b: Iron Hands|24\/100|[from] Leech Seed|[of] p2b: Tropius\n|-end|p1a: Palafin|Whirlpool|[partiallytrapped]\n|-damage|p1b: Iron Hands|11\/100|[from] move: Whirlpool|[partiallytrapped]\n|upkeep\n|turn|16\n|\n|t:|1681722014\n|move|p1a: Palafin|Jet Punch|p2b: Tropius\n|-resisted|p2b: Tropius\n|-damage|p2b: Tropius|76\/100\n|move|p2a: Alomomola|Whirlpool|p1b: Iron Hands\n|-damage|p1b: Iron Hands|8\/100\n|move|p2b: Tropius|Air Slash|p1b: Iron Hands\n|-damage|p1b: Iron Hands|0 fnt\n|faint|p1b: Iron Hands\n|-end|p1b: Iron Hands|Quark Drive|[silent]\n|\n|-damage|p1a: Palafin|0 fnt|[from] Leech Seed|[of] p2b: Tropius\n|-heal|p2b: Tropius|76\/100|[silent]\n|faint|p1a: Palafin\n|\n|win|DayMoth\n|upkeep\n|raw|Tuesdau's rating: 1085 → 1057<\/strong> (-28 for losing)\n|raw|DayMoth's rating: 1000 → 1050<\/strong> (+50 for winning)\n|l|\u2606Tuesdau\n","uploadtime":1681722040,"views":13,"p1id":"tuesdau","p2id":"daymoth","formatid":"gen9vgc2023regulationc","rating":1050,"private":0,"password":""}