{"id":"gen9vgc2023regulationc-1847416091","p1":"Zzag","p2":"Botamochiiii","format":"[Gen 9] VGC 2023 Regulation C","log":"|j|\u2606Zzag\n|j|\u2606Botamochiiii\n|t:|1681952511\n|gametype|doubles\n|player|p1|Zzag|steven|1243\n|player|p2|Botamochiiii|101|1217\n|teamsize|p1|6\n|teamsize|p2|6\n|gen|9\n|tier|[Gen 9] VGC 2023 Regulation C\n|rated|\n|rule|Species Clause: Limit one of each Pok\u00e9mon\n|rule|Item Clause: Limit one of each item\n|clearpoke\n|poke|p1|Arcanine, L50, M|\n|poke|p1|Amoonguss, L50, F|\n|poke|p1|Flutter Mane, L50|\n|poke|p1|Palafin, L50, M|\n|poke|p1|Ting-Lu, L50|\n|poke|p1|Kingambit, L50, F|\n|poke|p2|Sableye, L50, M|\n|poke|p2|Volcarona, L50, M|\n|poke|p2|Sylveon, L50, F|\n|poke|p2|Chien-Pao, L50|\n|poke|p2|Dragonite, L50, F|\n|poke|p2|Arboliva, L50, M|\n|teampreview|4\n|inactive|Battle timer is ON: inactive players will automatically lose when time's up. (requested by Botamochiiii)\n|\n|t:|1681952563\n|start\n|switch|p1a: Arcanine|Arcanine, L50, M|100\/100\n|switch|p1b: Flutter Mane|Flutter Mane, L50, shiny|100\/100\n|switch|p2a: Sableye|Sableye, L50, M|100\/100\n|switch|p2b: Sylveon|Sylveon, L50, F|100\/100\n|-ability|p1a: Arcanine|Intimidate|boost\n|-unboost|p2a: Sableye|atk|1\n|-unboost|p2b: Sylveon|atk|1\n|turn|1\n|inactive|Zzag has 30 seconds left.\n|inactive|Zzag has 20 seconds left.\n|\n|t:|1681952600\n|move|p2a: Sableye|Light Screen|p2a: Sableye\n|-sidestart|p2: Botamochiiii|move: Light Screen\n|move|p1b: Flutter Mane|Dazzling Gleam|p2b: Sylveon|[spread] p2a,p2b\n|-supereffective|p2a: Sableye\n|-damage|p2a: Sableye|36\/100\n|-damage|p2b: Sylveon|78\/100\n|move|p1a: Arcanine|Flare Blitz|p2b: Sylveon\n|-damage|p2b: Sylveon|27\/100\n|-damage|p1a: Arcanine|83\/100|[from] Recoil\n|move|p2b: Sylveon|Hyper Voice|p1a: Arcanine|[spread] p1a,p1b\n|-resisted|p1a: Arcanine\n|-damage|p1a: Arcanine|65\/100\n|-damage|p1b: Flutter Mane|68\/100\n|-enditem|p2b: Sylveon|Throat Spray\n|-boost|p2b: Sylveon|spa|1|[from] item: Throat Spray\n|\n|upkeep\n|turn|2\n|\n|t:|1681952622\n|move|p2b: Sylveon|Protect|p2b: Sylveon\n|-singleturn|p2b: Sylveon|Protect\n|move|p2a: Sableye|Reflect|p2a: Sableye\n|-sidestart|p2: Botamochiiii|Reflect\n|move|p1b: Flutter Mane|Dazzling Gleam|p2b: Sylveon|[spread] p2a\n|-activate|p2b: Sylveon|move: Protect\n|-supereffective|p2a: Sableye\n|-damage|p2a: Sableye|0 fnt\n|faint|p2a: Sableye\n|move|p1a: Arcanine|Flare Blitz|p2b: Sylveon\n|-activate|p2b: Sylveon|move: Protect\n|\n|upkeep\n|\n|t:|1681952634\n|switch|p2a: Arboliva|Arboliva, L50, M|100\/100\n|turn|3\n|\n|t:|1681952642\n|switch|p2b: Dragonite|Dragonite, L50, F|100\/100\n|-terastallize|p1b: Flutter Mane|Fairy\n|move|p2a: Arboliva|Protect|p2a: Arboliva\n|-singleturn|p2a: Arboliva|Protect\n|move|p1b: Flutter Mane|Dazzling Gleam|p2a: Arboliva|[spread] p2b\n|-activate|p2a: Arboliva|move: Protect\n|-supereffective|p2b: Dragonite\n|-damage|p2b: Dragonite|64\/100\n|move|p1a: Arcanine|Flare Blitz|p2a: Arboliva\n|-activate|p2a: Arboliva|move: Protect\n|\n|upkeep\n|turn|4\n|inactive|Zzag has 30 seconds left.\n|inactive|Botamochiiii has 30 seconds left.\n|\n|t:|1681952674\n|-end|p1b: Flutter Mane|Protosynthesis|[silent]\n|switch|p1b: Kingambit|Kingambit, L50, F, shiny|100\/100\n|-terastallize|p2a: Arboliva|Water\n|move|p2b: Dragonite|Extreme Speed|p1b: Kingambit\n|-resisted|p1b: Kingambit\n|-damage|p1b: Kingambit|84\/100\n|move|p1a: Arcanine|Howl|p1a: Arcanine|[spread] p1a,p1b\n|-boost|p1a: Arcanine|atk|1\n|-boost|p1b: Kingambit|atk|1\n|move|p2a: Arboliva|Leech Seed|p1a: Arcanine\n|-start|p1a: Arcanine|move: Leech Seed\n|\n|-damage|p1a: Arcanine|53\/100|[from] Leech Seed|[of] p2a: Arboliva\n|upkeep\n|turn|5\n|inactive|Zzag has 30 seconds left.\n|\n|t:|1681952701\n|switch|p2b: Sylveon|Sylveon, L50, F|27\/100\n|move|p1a: Arcanine|Howl|p1a: Arcanine|[spread] p1a,p1b\n|-boost|p1a: Arcanine|atk|1\n|-boost|p1b: Kingambit|atk|1\n|move|p1b: Kingambit|Kowtow Cleave|p2b: Sylveon\n|-resisted|p2b: Sylveon\n|-damage|p2b: Sylveon|0 fnt\n|faint|p2b: Sylveon\n|move|p2a: Arboliva|Leech Seed|p1b: Kingambit\n|-start|p1b: Kingambit|move: Leech Seed\n|\n|-damage|p1a: Arcanine|41\/100|[from] Leech Seed|[of] p2a: Arboliva\n|-damage|p1b: Kingambit|72\/100|[from] Leech Seed|[of] p2a: Arboliva\n|upkeep\n|\n|t:|1681952715\n|switch|p2b: Dragonite|Dragonite, L50, F|64\/100\n|turn|6\n|\n|t:|1681952729\n|move|p1a: Arcanine|Extreme Speed|p2b: Dragonite\n|-damage|p2b: Dragonite|33\/100\n|move|p1b: Kingambit|Sucker Punch|p2b: Dragonite\n|-damage|p2b: Dragonite|0 fnt\n|faint|p2b: Dragonite\n|move|p2a: Arboliva|Pollen Puff|p2: Dragonite|[notarget]\n|-fail|p2a: Arboliva\n|\n|-damage|p1a: Arcanine|28\/100|[from] Leech Seed|[of] p2a: Arboliva\n|-damage|p1b: Kingambit|59\/100|[from] Leech Seed|[of] p2a: Arboliva\n|upkeep\n|turn|7\n|\n|t:|1681952747\n|switch|p1a: Amoonguss|Amoonguss, L50, F, shiny|100\/100\n|move|p2a: Arboliva|Protect|p2a: Arboliva\n|-singleturn|p2a: Arboliva|Protect\n|move|p1b: Kingambit|Kowtow Cleave|p2a: Arboliva\n|-activate|p2a: Arboliva|move: Protect\n|\n|-damage|p1b: Kingambit|47\/100|[from] Leech Seed|[of] p2a: Arboliva\n|upkeep\n|turn|8\n|\n|t:|1681952759\n|move|p1b: Kingambit|Kowtow Cleave|p2a: Arboliva\n|-damage|p2a: Arboliva|57\/100\n|-fieldstart|move: Grassy Terrain|[from] ability: Seed Sower|[of] p2a: Arboliva\n|move|p1a: Amoonguss|Spore|p2a: Arboliva\n|-status|p2a: Arboliva|slp|[from] move: Spore\n|cant|p2a: Arboliva|slp\n|\n|-heal|p1b: Kingambit|53\/100|[from] Grassy Terrain\n|-heal|p2a: Arboliva|63\/100 slp|[from] Grassy Terrain\n|-damage|p1b: Kingambit|41\/100|[from] Leech Seed|[of] p2a: Arboliva\n|-heal|p2a: Arboliva|76\/100 slp|[silent]\n|-sideend|p2: Botamochiiii|move: Light Screen\n|upkeep\n|turn|9\n|-message|Botamochiiii forfeited.\n|\n|win|Zzag\n|raw|Zzag's rating: 1243 → 1266<\/strong> (+23 for winning)\n|raw|Botamochiiii's rating: 1217 → 1194<\/strong> (-23 for losing)\n|l|\u2606Botamochiiii\n","uploadtime":1681952785,"views":8,"p1id":"zzag","p2id":"botamochiiii","formatid":"gen9vgc2023regulationc","rating":1194,"private":0,"password":""}