{"id":"gen9vgc2023regulationc-1863418448","p1":"revocolombia","p2":"Supersuperhero","format":"[Gen 9] VGC 2023 Regulation C","log":"|j|\u2606revocolombia\n|j|\u2606Supersuperhero\n|t:|1684014513\n|gametype|doubles\n|player|p1|revocolombia|pokemonranger-gen4|1492\n|player|p2|Supersuperhero|2|1397\n|teamsize|p1|6\n|teamsize|p2|6\n|gen|9\n|tier|[Gen 9] VGC 2023 Regulation C\n|rated|\n|rule|Species Clause: Limit one of each Pok\u00e9mon\n|rule|Item Clause: Limit one of each item\n|clearpoke\n|poke|p1|Flutter Mane, L50|\n|poke|p1|Annihilape, L50, M|\n|poke|p1|Dragonite, L50, M|\n|poke|p1|Chien-Pao, L50|\n|poke|p1|Murkrow, L50, M|\n|poke|p1|Gholdengo, L50|\n|poke|p2|Flutter Mane, L50|\n|poke|p2|Baxcalibur, L50, M|\n|poke|p2|Abomasnow, L50, M|\n|poke|p2|Arcanine, L50, M|\n|poke|p2|Braviary, L50, M|\n|poke|p2|Palafin, L50, M|\n|teampreview|4\n|\n|t:|1684014548\n|start\n|switch|p1a: Annihilape|Annihilape, L50, M, shiny|100\/100\n|switch|p1b: Murkrow|Murkrow, L50, M|100\/100\n|switch|p2a: Braviary|Braviary, L50, M|100\/100\n|switch|p2b: Flutter Mane|Flutter Mane, L50|100\/100\n|turn|1\n|\n|t:|1684014572\n|-terastallize|p2b: Flutter Mane|Steel\n|-terastallize|p1a: Annihilape|Fire\n|move|p1b: Murkrow|Taunt|p2a: Braviary\n|-start|p2a: Braviary|move: Taunt\n|move|p2b: Flutter Mane|Moonblast|p1a: Annihilape\n|-resisted|p1a: Annihilape\n|-damage|p1a: Annihilape|67\/100\n|-unboost|p1a: Annihilape|spa|1\n|-ability|p1a: Annihilape|Defiant|boost\n|-boost|p1a: Annihilape|atk|2\n|move|p1a: Annihilape|Bulk Up|p1a: Annihilape\n|-boost|p1a: Annihilape|atk|1\n|-boost|p1a: Annihilape|def|1\n|cant|p2a: Braviary|move: Taunt|Tailwind\n|\n|-heal|p1a: Annihilape|73\/100|[from] item: Leftovers\n|upkeep\n|turn|2\n|\n|t:|1684014594\n|-end|p2b: Flutter Mane|Protosynthesis|[silent]\n|switch|p2b: Baxcalibur|Baxcalibur, L50, M|100\/100\n|move|p1b: Murkrow|Tailwind|p1b: Murkrow\n|-sidestart|p1: revocolombia|move: Tailwind\n|move|p1a: Annihilape|Rage Fist|p2b: Baxcalibur\n|-damage|p2b: Baxcalibur|1\/100\n|move|p2a: Braviary|Brave Bird|p1a: Annihilape\n|-damage|p1a: Annihilape|34\/100\n|-damage|p2a: Braviary|87\/100|[from] Recoil\n|\n|-heal|p1a: Annihilape|40\/100|[from] item: Leftovers\n|upkeep\n|turn|3\n|\n|t:|1684014617\n|move|p1a: Annihilape|Rage Fist|p2a: Braviary\n|-immune|p2a: Braviary\n|move|p1b: Murkrow|Foul Play|p2b: Baxcalibur\n|-damage|p2b: Baxcalibur|0 fnt\n|faint|p2b: Baxcalibur\n|move|p2a: Braviary|Brave Bird|p1a: Annihilape\n|-damage|p1a: Annihilape|2\/100\n|-damage|p2a: Braviary|75\/100|[from] Recoil\n|\n|-heal|p1a: Annihilape|9\/100|[from] item: Leftovers\n|-end|p2a: Braviary|move: Taunt\n|upkeep\n|\n|t:|1684014626\n|switch|p2b: Arcanine|Arcanine, L50, M|100\/100\n|-ability|p2b: Arcanine|Intimidate|boost\n|-unboost|p1a: Annihilape|atk|1\n|-ability|p1a: Annihilape|Defiant|boost\n|-boost|p1a: Annihilape|atk|2\n|-unboost|p1b: Murkrow|atk|1\n|turn|4\n|\n|t:|1684014642\n|move|p2b: Arcanine|Extreme Speed|p1a: Annihilape\n|-damage|p1a: Annihilape|0 fnt\n|faint|p1a: Annihilape\n|move|p1b: Murkrow|Foul Play|p2a: Braviary\n|-damage|p2a: Braviary|25\/100\n|-enditem|p2a: Braviary|Sitrus Berry|[eat]\n|-heal|p2a: Braviary|50\/100|[from] item: Sitrus Berry\n|move|p2a: Braviary|Tailwind|p2a: Braviary\n|-sidestart|p2: Supersuperhero|move: Tailwind\n|\n|upkeep\n|\n|t:|1684014654\n|switch|p1a: Dragonite|Dragonite, L50, M|100\/100\n|turn|5\n|\n|t:|1684014667\n|move|p1a: Dragonite|Dragon Dance|p1a: Dragonite\n|-boost|p1a: Dragonite|atk|1\n|-boost|p1a: Dragonite|spe|1\n|move|p2b: Arcanine|Flare Blitz|p1b: Murkrow\n|-damage|p1b: Murkrow|42\/100\n|-damage|p2b: Arcanine|84\/100|[from] Recoil\n|move|p1b: Murkrow|Foul Play|p2a: Braviary\n|-damage|p2a: Braviary|0 fnt\n|faint|p2a: Braviary\n|\n|-sideend|p1: revocolombia|move: Tailwind\n|upkeep\n|\n|t:|1684014674\n|switch|p2a: Flutter Mane|Flutter Mane, L50, tera:Steel|100\/100\n|turn|6\n|\n|t:|1684014703\n|move|p2b: Arcanine|Extreme Speed|p1a: Dragonite\n|-damage|p1a: Dragonite|89\/100\n|move|p1a: Dragonite|Extreme Speed|p2b: Arcanine\n|-damage|p2b: Arcanine|38\/100\n|move|p1b: Murkrow|Tailwind|p1b: Murkrow\n|-sidestart|p1: revocolombia|move: Tailwind\n|move|p2a: Flutter Mane|Dazzling Gleam|p1a: Dragonite|[spread] p1a,p1b\n|-supereffective|p1a: Dragonite\n|-supereffective|p1b: Murkrow\n|-damage|p1a: Dragonite|0 fnt\n|-damage|p1b: Murkrow|0 fnt\n|faint|p1a: Dragonite\n|faint|p1b: Murkrow\n|\n|upkeep\n|\n|t:|1684014718\n|switch|p1b: Flutter Mane|Flutter Mane, L50|100\/100\n|-enditem|p1b: Flutter Mane|Booster Energy\n|-activate|p1b: Flutter Mane|ability: Protosynthesis|[fromitem]\n|-start|p1b: Flutter Mane|protosynthesisspe\n|turn|7\n|\n|t:|1684014725\n|move|p1b: Flutter Mane|Shadow Ball|p2b: Arcanine\n|-damage|p2b: Arcanine|0 fnt\n|faint|p2b: Arcanine\n|move|p2a: Flutter Mane|Dazzling Gleam|p1b: Flutter Mane\n|-damage|p1b: Flutter Mane|30\/100\n|\n|-sideend|p2: Supersuperhero|move: Tailwind\n|upkeep\n|turn|8\n|\n|t:|1684014735\n|move|p1b: Flutter Mane|Shadow Ball|p2a: Flutter Mane\n|-damage|p2a: Flutter Mane|57\/100\n|move|p2a: Flutter Mane|Dazzling Gleam|p1b: Flutter Mane\n|-damage|p1b: Flutter Mane|0 fnt\n|faint|p1b: Flutter Mane\n|-end|p1b: Flutter Mane|Protosynthesis|[silent]\n|\n|win|Supersuperhero\n|raw|revocolombia's rating: 1492 → 1467<\/strong> (-25 for losing)\n|raw|Supersuperhero's rating: 1397 → 1422<\/strong> (+25 for winning)\n","uploadtime":1684014744,"views":10,"p1id":"revocolombia","p2id":"supersuperhero","formatid":"gen9vgc2023regulationc","rating":1422,"private":0,"password":""}