{"id":"gen9vgc2023regulationc-1857131382","p1":"fatherfondler420","p2":"Snacky98","format":"[Gen 9] VGC 2023 Regulation C","log":"|j|\u2606fatherfondler420\n|j|\u2606Snacky98\n|t:|1683149007\n|gametype|doubles\n|player|p1|fatherfondler420|170|1136\n|player|p2|Snacky98|norman|1060\n|teamsize|p1|6\n|teamsize|p2|6\n|gen|9\n|tier|[Gen 9] VGC 2023 Regulation C\n|rated|\n|rule|Species Clause: Limit one of each Pok\u00e9mon\n|rule|Item Clause: Limit one of each item\n|clearpoke\n|poke|p1|Tatsugiri, L50, M|\n|poke|p1|Dondozo, L50, F|\n|poke|p1|Gastrodon, L50, F|\n|poke|p1|Pelipper, L50, M|\n|poke|p1|Drednaw, L50, F|\n|poke|p1|Toxapex, L50, F|\n|poke|p2|Garganacl, L50, M|\n|poke|p2|Dragonite, L50, M|\n|poke|p2|Hatterene, L50, F|\n|poke|p2|Armarouge, L50, F|\n|poke|p2|Brute Bonnet, L50|\n|poke|p2|Iron Bundle, L50|\n|teampreview|4\n|\n|t:|1683149035\n|start\n|switch|p1a: Pelipper|Pelipper, L50, M|100\/100\n|switch|p1b: Dondozo|Dondozo, L50, F|100\/100\n|switch|p2a: Hatterene|Hatterene, L50, F|100\/100\n|switch|p2b: Garganacl|Garganacl, L50, M|100\/100\n|-weather|RainDance|[from] ability: Drizzle|[of] p1a: Pelipper\n|turn|1\n|\n|t:|1683149060\n|-terastallize|p2b: Garganacl|Ghost\n|move|p1a: Pelipper|Hurricane|p2a: Hatterene\n|-damage|p2a: Hatterene|55\/100\n|-start|p2a: Hatterene|confusion\n|move|p1b: Dondozo|Heavy Slam|p2a: Hatterene\n|-supereffective|p2a: Hatterene\n|-damage|p2a: Hatterene|0 fnt\n|faint|p2a: Hatterene\n|move|p2b: Garganacl|Stealth Rock|p1b: Dondozo\n|-sidestart|p1: fatherfondler420|move: Stealth Rock\n|\n|-weather|RainDance|[upkeep]\n|upkeep\n|\n|t:|1683149073\n|switch|p2a: Dragonite|Dragonite, L50, M|100\/100\n|turn|2\n|\n|t:|1683149097\n|move|p1a: Pelipper|Hydro Pump|p2b: Garganacl\n|-damage|p2b: Garganacl|58\/100\n|move|p2a: Dragonite|Ice Spinner|p1a: Pelipper\n|-damage|p1a: Pelipper|67\/100\n|move|p2b: Garganacl|Salt Cure|p1b: Dondozo\n|-crit|p1b: Dondozo\n|-damage|p1b: Dondozo|90\/100\n|-start|p1b: Dondozo|Salt Cure\n|move|p1b: Dondozo|Surf|p2b: Garganacl|[spread] p1a,p2a,p2b\n|-resisted|p1a: Pelipper\n|-crit|p1a: Pelipper\n|-resisted|p2a: Dragonite\n|-damage|p1a: Pelipper|41\/100\n|-damage|p2a: Dragonite|97\/100\n|-damage|p2b: Garganacl|42\/100\n|\n|-weather|RainDance|[upkeep]\n|-heal|p2b: Garganacl|47\/100|[from] item: Leftovers\n|-damage|p1b: Dondozo|65\/100|[from] Salt Cure\n|upkeep\n|turn|3\n|\n|t:|1683149118\n|switch|p1b: Drednaw|Drednaw, L50, F|100\/100\n|-damage|p1b: Drednaw|88\/100|[from] Stealth Rock\n|move|p2b: Garganacl|Protect|p2b: Garganacl\n|-singleturn|p2b: Garganacl|Protect\n|move|p2a: Dragonite|Extreme Speed|p1a: Pelipper\n|-damage|p1a: Pelipper|4\/100\n|move|p1a: Pelipper|Hurricane|p2b: Garganacl\n|-activate|p2b: Garganacl|move: Protect\n|\n|-weather|RainDance|[upkeep]\n|-heal|p2b: Garganacl|53\/100|[from] item: Leftovers\n|upkeep\n|turn|4\n|\n|t:|1683149142\n|move|p1a: Pelipper|Protect|p1a: Pelipper\n|-singleturn|p1a: Pelipper|Protect\n|move|p2a: Dragonite|Extreme Speed|p1a: Pelipper\n|-activate|p1a: Pelipper|move: Protect\n|move|p1b: Drednaw|Rock Slide|p2a: Dragonite|[spread] p2a,p2b\n|-supereffective|p2a: Dragonite\n|-damage|p2a: Dragonite|9\/100\n|-damage|p2b: Garganacl|24\/100\n|move|p2b: Garganacl|Recover|p2b: Garganacl\n|-heal|p2b: Garganacl|74\/100\n|\n|-weather|RainDance|[upkeep]\n|-heal|p2b: Garganacl|80\/100|[from] item: Leftovers\n|upkeep\n|turn|5\n|\n|t:|1683149171\n|switch|p1a: Dondozo|Dondozo, L50, F|65\/100\n|-damage|p1a: Dondozo|53\/100|[from] Stealth Rock\n|move|p2b: Garganacl|Protect|p2b: Garganacl\n|-singleturn|p2b: Garganacl|Protect\n|move|p1b: Drednaw|Rock Slide|p2b: Garganacl|[spread] p2a\n|-activate|p2b: Garganacl|move: Protect\n|-supereffective|p2a: Dragonite\n|-damage|p2a: Dragonite|0 fnt\n|faint|p2a: Dragonite\n|\n|-weather|RainDance|[upkeep]\n|-heal|p2b: Garganacl|86\/100|[from] item: Leftovers\n|upkeep\n|\n|t:|1683149183\n|switch|p2a: Brute Bonnet|Brute Bonnet, L50|100\/100\n|-enditem|p2a: Brute Bonnet|Booster Energy\n|-activate|p2a: Brute Bonnet|ability: Protosynthesis|[fromitem]\n|-start|p2a: Brute Bonnet|protosynthesisatk\n|turn|6\n|inactive|Battle timer is ON: inactive players will automatically lose when time's up. (requested by fatherfondler420)\n|\n|t:|1683149205\n|move|p1b: Drednaw|Rock Slide|p2a: Brute Bonnet|[spread] \n|-miss|p1b: Drednaw|p2a: Brute Bonnet\n|-miss|p1b: Drednaw|p2b: Garganacl\n|move|p2a: Brute Bonnet|Spore|p1b: Drednaw\n|-status|p1b: Drednaw|slp|[from] move: Spore\n|move|p1a: Dondozo|Yawn|p2a: Brute Bonnet\n|-start|p2a: Brute Bonnet|move: Yawn|[of] p1a: Dondozo\n|move|p2b: Garganacl|Salt Cure|p1a: Dondozo\n|-damage|p1a: Dondozo|44\/100\n|-start|p1a: Dondozo|Salt Cure\n|-enditem|p1a: Dondozo|Sitrus Berry|[eat]\n|-heal|p1a: Dondozo|69\/100|[from] item: Sitrus Berry\n|\n|-weather|RainDance|[upkeep]\n|-heal|p2b: Garganacl|92\/100|[from] item: Leftovers\n|-damage|p1a: Dondozo|44\/100|[from] Salt Cure\n|upkeep\n|turn|7\n|inactive|fatherfondler420 has 30 seconds left.\n|\n|t:|1683149235\n|switch|p1b: Tatsugiri|Tatsugiri, L50, M|100\/100\n|-damage|p1b: Tatsugiri|88\/100|[from] Stealth Rock\n|move|p2a: Brute Bonnet|Seed Bomb|p1a: Dondozo\n|-supereffective|p1a: Dondozo\n|-damage|p1a: Dondozo|0 fnt\n|faint|p1a: Dondozo\n|move|p2b: Garganacl|Salt Cure|p1b: Tatsugiri\n|-damage|p1b: Tatsugiri|63\/100\n|-start|p1b: Tatsugiri|Salt Cure\n|\n|-weather|RainDance|[upkeep]\n|-heal|p2b: Garganacl|98\/100|[from] item: Leftovers\n|-damage|p1b: Tatsugiri|38\/100|[from] Salt Cure\n|-end|p2a: Brute Bonnet|move: Yawn|[silent]\n|-status|p2a: Brute Bonnet|slp\n|upkeep\n|\n|t:|1683149254\n|switch|p1a: Drednaw|Drednaw, L50, F|88\/100 slp\n|-damage|p1a: Drednaw|76\/100 slp|[from] Stealth Rock\n|turn|8\n|\n|t:|1683149271\n|move|p2b: Garganacl|Protect|p2b: Garganacl\n|-singleturn|p2b: Garganacl|Protect\n|move|p1b: Tatsugiri|Draco Meteor|p2b: Garganacl\n|-activate|p2b: Garganacl|move: Protect\n|cant|p1a: Drednaw|slp\n|cant|p2a: Brute Bonnet|slp\n|\n|-weather|none\n|-heal|p2b: Garganacl|100\/100|[from] item: Leftovers\n|-damage|p1b: Tatsugiri|13\/100|[from] Salt Cure\n|upkeep\n|turn|9\n|j| Stellari_NEO\n|l| Stellari_NEO\n|\n|t:|1683149290\n|switch|p1b: Pelipper|Pelipper, L50, M|4\/100\n|-damage|p1b: Pelipper|0 fnt|[from] Stealth Rock\n|faint|p1b: Pelipper\n|cant|p2a: Brute Bonnet|slp\n|cant|p1a: Drednaw|slp\n|move|p2b: Garganacl|Recover||[still]\n|-fail|p2b: Garganacl|heal\n|\n|upkeep\n|\n|t:|1683149301\n|switch|p1b: Tatsugiri|Tatsugiri, L50, M|13\/100\n|-damage|p1b: Tatsugiri|0 fnt|[from] Stealth Rock\n|faint|p1b: Tatsugiri\n|turn|10\n|-message|fatherfondler420 forfeited.\n|\n|win|Snacky98\n|raw|fatherfondler420's rating: 1136 → 1106<\/strong> (-30 for losing)\n|raw|Snacky98's rating: 1060 → 1098<\/strong> (+38 for winning)\n|l|\u2606fatherfondler420\n","uploadtime":1683149473,"views":12,"p1id":"fatherfondler420","p2id":"snacky98","formatid":"gen9vgc2023regulationc","rating":1098,"private":0,"password":""}