{"id":"gen9vgc2023regulationc-1857114330","p1":"haha you rage quit","p2":"animal2012","format":"[Gen 9] VGC 2023 Regulation C","log":"|j|\u2606haha you rage quit\n|j|\u2606animal2012\n|t:|1683147210\n|gametype|doubles\n|player|p1|haha you rage quit|pokemaniac|1184\n|player|p2|animal2012|1|1098\n|teamsize|p1|6\n|teamsize|p2|6\n|gen|9\n|tier|[Gen 9] VGC 2023 Regulation C\n|rated|\n|rule|Species Clause: Limit one of each Pok\u00e9mon\n|rule|Item Clause: Limit one of each item\n|clearpoke\n|poke|p1|Flutter Mane, L50|\n|poke|p1|Chi-Yu, L50|\n|poke|p1|Donphan, L50, M|\n|poke|p1|Gholdengo, L50|\n|poke|p1|Talonflame, L50, M|\n|poke|p1|Murkrow, L50, M|\n|poke|p2|Orthworm, L50, F|\n|poke|p2|Garchomp, L50, F|\n|poke|p2|Abomasnow, L50, F|\n|poke|p2|Iron Bundle, L50|\n|poke|p2|Talonflame, L50, F|\n|poke|p2|Flutter Mane, L50|\n|teampreview|4\nanimal2012 has agreed to open team sheets.\n|inactive|Battle timer is ON: inactive players will automatically lose when time's up. (requested by haha you rage quit)\n|\n|t:|1683147264\n|start\n|switch|p1a: Murkrow|Murkrow, L50, M|100\/100\n|switch|p1b: Gholdengo|Gholdengo, L50|100\/100\n|switch|p2a: Talonflame|Talonflame, L50, F|100\/100\n|switch|p2b: Garchomp|Garchomp, L50, F|100\/100\n|turn|1\n|inactive|animal2012 has 30 seconds left.\n|\n|t:|1683147293\n|move|p1b: Gholdengo|Protect|p1b: Gholdengo\n|-singleturn|p1b: Gholdengo|Protect\n|move|p2a: Talonflame|Tailwind|p2a: Talonflame\n|-sidestart|p2: animal2012|move: Tailwind\n|move|p1a: Murkrow|Tailwind|p1a: Murkrow\n|-sidestart|p1: haha you rage quit|move: Tailwind\n|move|p2b: Garchomp|Earthquake|p1b: Gholdengo|[spread] \n|-activate|p1b: Gholdengo|move: Protect\n|-immune|p2a: Talonflame\n|-immune|p1a: Murkrow\n|\n|upkeep\n|turn|2\n|inactive|haha you rage quit has 30 seconds left.\n|inactive|animal2012 has 30 seconds left.\n|inactive|haha you rage quit has 20 seconds left.\n|inactive|animal2012 has 20 seconds left.\n|inactive|haha you rage quit has 15 seconds left.\n|inactive|animal2012 has 15 seconds left.\n|\n|t:|1683147336\n|move|p2a: Talonflame|Brave Bird|p1a: Murkrow\n|-enditem|p1a: Murkrow|Focus Sash\n|-damage|p1a: Murkrow|1\/100\n|-damage|p2a: Talonflame|65\/100|[from] Recoil\n|move|p2b: Garchomp|Earthquake|p1b: Gholdengo|[spread] p1b\n|-immune|p2a: Talonflame\n|-immune|p1a: Murkrow\n|-supereffective|p1b: Gholdengo\n|-damage|p1b: Gholdengo|26\/100\n|-enditem|p1b: Gholdengo|Weakness Policy\n|-boost|p1b: Gholdengo|atk|2|[from] item: Weakness Policy\n|-boost|p1b: Gholdengo|spa|2|[from] item: Weakness Policy\n|move|p1a: Murkrow|Foul Play|p2b: Garchomp\n|-damage|p2b: Garchomp|54\/100\n|-damage|p1a: Murkrow|0 fnt|[from] ability: Rough Skin|[of] p2b: Garchomp\n|faint|p1a: Murkrow\n|move|p1b: Gholdengo|Make It Rain|p2b: Garchomp|[spread] p2a,p2b\n|-resisted|p2a: Talonflame\n|-damage|p2a: Talonflame|0 fnt\n|-damage|p2b: Garchomp|0 fnt\n|-unboost|p1b: Gholdengo|spa|1\n|faint|p2a: Talonflame\n|faint|p2b: Garchomp\n|\n|upkeep\n|\n|t:|1683147359\n|switch|p2a: Flutter Mane|Flutter Mane, L50, shiny|100\/100\n|switch|p2b: Iron Bundle|Iron Bundle, L50|100\/100\n|switch|p1a: Flutter Mane|Flutter Mane, L50, shiny|100\/100\n|-enditem|p2b: Iron Bundle|Booster Energy\n|-activate|p2b: Iron Bundle|ability: Quark Drive|[fromitem]\n|-start|p2b: Iron Bundle|quarkdrivespe\n|-enditem|p1a: Flutter Mane|Booster Energy\n|-activate|p1a: Flutter Mane|ability: Protosynthesis|[fromitem]\n|-start|p1a: Flutter Mane|protosynthesisspe\n|turn|3\n|inactive|animal2012 has 30 seconds left.\n|inactive|animal2012 has 20 seconds left.\n|inactive|animal2012 has 15 seconds left.\n|inactive|animal2012 has 10 seconds left.\n|\n|t:|1683147407\n|-terastallize|p2a: Flutter Mane|Fairy\n|move|p1b: Gholdengo|Protect|p1b: Gholdengo\n|-singleturn|p1b: Gholdengo|Protect\n|move|p2b: Iron Bundle|Icy Wind|p1a: Flutter Mane|[spread] p1a\n|-activate|p1b: Gholdengo|move: Protect\n|-damage|p1a: Flutter Mane|79\/100\n|-unboost|p1a: Flutter Mane|spe|1\n|move|p2a: Flutter Mane|Moonblast|p1b: Gholdengo\n|-activate|p1b: Gholdengo|move: Protect\n|move|p1a: Flutter Mane|Icy Wind|p2b: Iron Bundle|[spread] p2a,p2b\n|-resisted|p2b: Iron Bundle\n|-damage|p2a: Flutter Mane|84\/100\n|-damage|p2b: Iron Bundle|93\/100\n|-unboost|p2a: Flutter Mane|spe|1\n|-unboost|p2b: Iron Bundle|spe|1\n|\n|upkeep\n|turn|4\n|l|\u2606haha you rage quit\n|inactive|haha you rage quit disconnected and has a minute to reconnect!\n|player|p1|\n|j|\u2606haha you rage quit\n|inactive|haha you rage quit reconnected and has 40 seconds left.\n|player|p1|haha you rage quit|pokemaniac\n|inactive|haha you rage quit has 30 seconds left.\n|inactive|animal2012 has 30 seconds left.\n|\n|t:|1683147439\n|move|p2b: Iron Bundle|Icy Wind|p1b: Gholdengo|[spread] p1a,p1b\n|-resisted|p1b: Gholdengo\n|-crit|p1b: Gholdengo\n|-damage|p1a: Flutter Mane|58\/100\n|-damage|p1b: Gholdengo|10\/100\n|-unboost|p1a: Flutter Mane|spe|1\n|-unboost|p1b: Gholdengo|spe|1\n|move|p1a: Flutter Mane|Icy Wind|p2a: Flutter Mane|[spread] p2a,p2b\n|-resisted|p2b: Iron Bundle\n|-damage|p2a: Flutter Mane|68\/100\n|-damage|p2b: Iron Bundle|86\/100\n|-unboost|p2a: Flutter Mane|spe|1\n|-unboost|p2b: Iron Bundle|spe|1\n|move|p2a: Flutter Mane|Moonblast|p1b: Gholdengo\n|-resisted|p1b: Gholdengo\n|-damage|p1b: Gholdengo|0 fnt\n|faint|p1b: Gholdengo\n|\n|-sideend|p1: haha you rage quit|move: Tailwind\n|-sideend|p2: animal2012|move: Tailwind\n|upkeep\n|\n|t:|1683147455\n|switch|p1b: Donphan|Donphan, L50, M|100\/100\n|turn|5\n|l|\u2606haha you rage quit\n|inactive|haha you rage quit disconnected and has a minute to reconnect!\n|player|p1|\n|inactive|haha you rage quit has 30 seconds left.\n|j|\u2606haha you rage quit\n|inactive|haha you rage quit reconnected and has 30 seconds left.\n|player|p1|haha you rage quit|pokemaniac\n|\n|t:|1683147486\n|-terastallize|p1b: Donphan|Steel\n|move|p1a: Flutter Mane|Protect|p1a: Flutter Mane\n|-singleturn|p1a: Flutter Mane|Protect\n|move|p2b: Iron Bundle|Icy Wind|p1a: Flutter Mane|[spread] p1b\n|-activate|p1a: Flutter Mane|move: Protect\n|-resisted|p1b: Donphan\n|-damage|p1b: Donphan|84\/100\n|-unboost|p1b: Donphan|spe|1\n|move|p2a: Flutter Mane|Moonblast|p1a: Flutter Mane\n|-activate|p1a: Flutter Mane|move: Protect\n|move|p1b: Donphan|Earthquake|p2b: Iron Bundle|[spread] p2a,p2b\n|-activate|p1a: Flutter Mane|move: Protect\n|-damage|p2a: Flutter Mane|0 fnt\n|-damage|p2b: Iron Bundle|19\/100\n|faint|p2a: Flutter Mane\n|-end|p2a: Flutter Mane|Protosynthesis|[silent]\n|\n|upkeep\n|turn|6\n|inactive|animal2012 has 30 seconds left.\n|\n|t:|1683147512\n|move|p2b: Iron Bundle|Hydro Pump|p1b: Donphan|[miss]\n|-miss|p2b: Iron Bundle|p1b: Donphan\n|move|p1a: Flutter Mane|Dazzling Gleam|p2b: Iron Bundle\n|-damage|p2b: Iron Bundle|0 fnt\n|faint|p2b: Iron Bundle\n|-end|p2b: Iron Bundle|Quark Drive|[silent]\n|\n|win|haha you rage quit\n|raw|haha you rage quit's rating: 1184 → 1203<\/strong> (+19 for winning)\n|raw|animal2012's rating: 1098 → 1079<\/strong> (-19 for losing)\n","uploadtime":1683147524,"views":6,"p1id":"hahayouragequit","p2id":"animal2012","formatid":"gen9vgc2023regulationc","rating":1079,"private":0,"password":""}