{"id":"gen9vgc2023regulationc-1861506610","p1":"Lapila Chucucu","p2":"Charlisito","format":"[Gen 9] VGC 2023 Regulation C","log":"|j|\u2606Lapila Chucucu\n|j|\u2606Charlisito\n|t:|1683766324\n|gametype|doubles\n|player|p1|Lapila Chucucu|cynthia|1413\n|player|p2|Charlisito|266|1431\n|teamsize|p1|6\n|teamsize|p2|6\n|gen|9\n|tier|[Gen 9] VGC 2023 Regulation C\n|rated|\n|rule|Species Clause: Limit one of each Pok\u00e9mon\n|rule|Item Clause: Limit one of each item\n|clearpoke\n|poke|p1|Lycanroc, L50, M|\n|poke|p1|Corviknight, L50, M|\n|poke|p1|Iron Bundle, L50|\n|poke|p1|Garchomp, L50, M|\n|poke|p1|Tyranitar, L50, F|\n|poke|p1|Flutter Mane, L50|\n|poke|p2|Bellibolt, L50, F|\n|poke|p2|Palafin, L50, M|\n|poke|p2|Arcanine, L50, M|\n|poke|p2|Amoonguss, L50, M|\n|poke|p2|Flutter Mane, L50|\n|poke|p2|Ting-Lu, L50|\n|teampreview|4\n|inactive|Battle timer is ON: inactive players will automatically lose when time's up. (requested by Lapila Chucucu)\nLapila Chucucu has agreed to open team sheets.\nCharlisito has agreed to open team sheets.\n|inactive|Lapila Chucucu has 60 seconds left.\n|inactive|Charlisito has 60 seconds left.\n|\n|t:|1683766384\n|start\n|switch|p1a: Corviknight|Corviknight, L50, M|100\/100\n|switch|p1b: Garchomp|Garchomp, L50, M|100\/100\n|switch|p2a: Bellibolt|Bellibolt, L50, F|100\/100\n|switch|p2b: Palafin|Palafin, L50, M|100\/100\n|turn|1\n|\n|t:|1683766404\n|detailschange|p2b: Palafin|Palafin-Hero, L50, M\n|switch|p2b: Arcanine|Arcanine, L50, M|100\/100\n|-ability|p2b: Arcanine|Intimidate|boost\n|-ability|p1a: Corviknight|Mirror Armor\n|-unboost|p2b: Arcanine|atk|1\n|-unboost|p1b: Garchomp|atk|1\n|move|p1b: Garchomp|Substitute|p1b: Garchomp\n|-start|p1b: Garchomp|Substitute\n|-damage|p1b: Garchomp|76\/100\n|move|p1a: Corviknight|Tailwind|p1a: Corviknight\n|-sidestart|p1: Lapila Chucucu|move: Tailwind\n|move|p2a: Bellibolt|Volt Switch|p1a: Corviknight\n|-supereffective|p1a: Corviknight\n|-damage|p1a: Corviknight|45\/100\n|-enditem|p1a: Corviknight|Sitrus Berry|[eat]\n|-heal|p1a: Corviknight|70\/100|[from] item: Sitrus Berry\n|\n|t:|1683766409\n|switch|p2a: Palafin|Palafin-Hero, L50, M|100\/100|[from] Volt Switch\n|-activate|p2a: Palafin|ability: Zero to Hero\n|\n|-heal|p1b: Garchomp|81\/100|[from] item: Leftovers\n|upkeep\n|turn|2\n|inactive|Lapila Chucucu has 30 seconds left.\n|\n|t:|1683766444\n|switch|p1a: Tyranitar|Tyranitar, L50, F|100\/100\n|-weather|Sandstorm|[from] ability: Sand Stream|[of] p1a: Tyranitar\n|-terastallize|p2b: Arcanine|Water\n|move|p1b: Garchomp|Protect|p1b: Garchomp\n|-singleturn|p1b: Garchomp|Protect\n|move|p2b: Arcanine|Will-O-Wisp|p1a: Tyranitar|[miss]\n|-miss|p2b: Arcanine|p1a: Tyranitar\n|move|p2a: Palafin|Substitute|p2a: Palafin\n|-start|p2a: Palafin|Substitute\n|-damage|p2a: Palafin|75\/100\n|\n|-weather|Sandstorm|[upkeep]\n|-damage|p2a: Palafin|69\/100|[from] Sandstorm\n|-heal|p1b: Garchomp|87\/100|[from] item: Leftovers\n|upkeep\n|turn|3\n|inactive|Lapila Chucucu has 30 seconds left.\n|\n|t:|1683766471\n|-terastallize|p1a: Tyranitar|Flying\n|move|p2a: Palafin|Jet Punch|p1b: Garchomp\n|-end|p1b: Garchomp|Substitute\n|move|p1b: Garchomp|Earthquake|p2a: Palafin|[spread] p2a,p2b\n|-immune|p1a: Tyranitar\n|-activate|p2a: Palafin|move: Substitute|[damage]\n|-damage|p2b: Arcanine|73\/100\n|move|p1a: Tyranitar|Rock Slide|p2a: Palafin|[spread] p2a,p2b\n|-end|p2a: Palafin|Substitute\n|-damage|p2b: Arcanine|39\/100\n|cant|p2b: Arcanine|flinch\n|\n|-weather|Sandstorm|[upkeep]\n|-damage|p1a: Tyranitar|95\/100|[from] Sandstorm\n|-damage|p2a: Palafin|63\/100|[from] Sandstorm\n|-heal|p1b: Garchomp|93\/100|[from] item: Leftovers\n|upkeep\n|turn|4\n|\n|t:|1683766491\n|move|p2b: Arcanine|Protect|p2b: Arcanine\n|-singleturn|p2b: Arcanine|Protect\n|move|p1b: Garchomp|Earthquake|p2a: Palafin|[spread] p2a\n|-activate|p2b: Arcanine|move: Protect\n|-immune|p1a: Tyranitar\n|-damage|p2a: Palafin|39\/100\n|move|p1a: Tyranitar|Rock Slide|p2a: Palafin|[spread] p2a\n|-activate|p2b: Arcanine|move: Protect\n|-damage|p2a: Palafin|12\/100\n|move|p2a: Palafin|Substitute|p2a: Palafin\n|-fail|p2a: Palafin|move: Substitute|[weak]\n|\n|-weather|Sandstorm|[upkeep]\n|-damage|p1a: Tyranitar|89\/100|[from] Sandstorm\n|-damage|p2a: Palafin|6\/100|[from] Sandstorm\n|-heal|p1b: Garchomp|99\/100|[from] item: Leftovers\n|-sideend|p1: Lapila Chucucu|move: Tailwind\n|upkeep\n|turn|5\n|inactive|Lapila Chucucu has 30 seconds left.\n|\n|t:|1683766517\n|switch|p1b: Corviknight|Corviknight, L50, M|70\/100\n|switch|p2b: Flutter Mane|Flutter Mane, L50|100\/100\n|-enditem|p2b: Flutter Mane|Booster Energy\n|-activate|p2b: Flutter Mane|ability: Protosynthesis|[fromitem]\n|-start|p2b: Flutter Mane|protosynthesisspa\n|move|p2a: Palafin|Jet Punch|p1a: Tyranitar\n|-damage|p1a: Tyranitar|50\/100\n|move|p1a: Tyranitar|Rock Slide|p2b: Flutter Mane|[spread] p2a\n|-miss|p1a: Tyranitar|p2b: Flutter Mane\n|-damage|p2a: Palafin|0 fnt\n|faint|p2a: Palafin\n|\n|-weather|Sandstorm|[upkeep]\n|-damage|p2b: Flutter Mane|94\/100|[from] Sandstorm\n|-damage|p1a: Tyranitar|45\/100|[from] Sandstorm\n|upkeep\n|\n|t:|1683766521\n|switch|p2a: Bellibolt|Bellibolt, L50, F|100\/100\n|turn|6\n|inactive|Lapila Chucucu has 30 seconds left.\n|\n|t:|1683766553\n|move|p2b: Flutter Mane|Protect|p2b: Flutter Mane\n|-singleturn|p2b: Flutter Mane|Protect\n|move|p1b: Corviknight|Tailwind|p1b: Corviknight\n|-sidestart|p1: Lapila Chucucu|move: Tailwind\n|move|p1a: Tyranitar|Rock Slide|p2a: Bellibolt|[spread] p2a\n|-activate|p2b: Flutter Mane|move: Protect\n|-damage|p2a: Bellibolt|72\/100\n|-start|p2a: Bellibolt|Charge|Rock Slide|[from] ability: Electromorphosis\n|move|p2a: Bellibolt|Parabolic Charge|p1a: Tyranitar|[spread] p1a,p1b\n|-activate|p2b: Flutter Mane|move: Protect\n|-supereffective|p1a: Tyranitar\n|-supereffective|p1b: Corviknight\n|-damage|p1a: Tyranitar|4\/100\n|-heal|p2a: Bellibolt|92\/100|[from] drain|[of] p1a: Tyranitar\n|-damage|p1b: Corviknight|0 fnt\n|-heal|p2a: Bellibolt|100\/100|[from] drain|[of] p1b: Corviknight\n|faint|p1b: Corviknight\n|-end|p2a: Bellibolt|Charge|[silent]\n|\n|-weather|none\n|upkeep\n|\n|t:|1683766573\n|switch|p1b: Garchomp|Garchomp, L50, M|99\/100\n|turn|7\n|inactive|Lapila Chucucu has 30 seconds left.\n|\n|t:|1683766599\n|switch|p2a: Arcanine|Arcanine, L50, M, tera:Water|39\/100\n|-ability|p2a: Arcanine|Intimidate|boost\n|-unboost|p1a: Tyranitar|atk|1\n|-unboost|p1b: Garchomp|atk|1\n|move|p1b: Garchomp|Earthquake|p2b: Flutter Mane|[spread] p2a,p2b\n|-immune|p1a: Tyranitar\n|-damage|p2a: Arcanine|11\/100\n|-damage|p2b: Flutter Mane|50\/100\n|move|p1a: Tyranitar|Rock Slide|p2b: Flutter Mane|[spread] p2b\n|-miss|p1a: Tyranitar|p2a: Arcanine\n|-damage|p2b: Flutter Mane|11\/100\n|move|p2b: Flutter Mane|Dazzling Gleam|p1a: Tyranitar|[spread] p1a,p1b\n|-supereffective|p1b: Garchomp\n|-damage|p1a: Tyranitar|0 fnt\n|-damage|p1b: Garchomp|0 fnt\n|faint|p1a: Tyranitar\n|faint|p1b: Garchomp\n|\n|upkeep\n|\n|t:|1683766616\n|switch|p1b: Lycanroc|Lycanroc, L50, M|100\/100\n|turn|8\n|\n|t:|1683766629\n|move|p2b: Flutter Mane|Protect|p2b: Flutter Mane\n|-singleturn|p2b: Flutter Mane|Protect\n|move|p2a: Arcanine|Extreme Speed|p1b: Lycanroc\n|-resisted|p1b: Lycanroc\n|-damage|p1b: Lycanroc|84\/100\n|move|p1b: Lycanroc|Rock Slide|p2a: Arcanine|[spread] p2a\n|-activate|p2b: Flutter Mane|move: Protect\n|-damage|p2a: Arcanine|0 fnt\n|faint|p2a: Arcanine\n|\n|upkeep\n|\n|t:|1683766633\n|switch|p2a: Bellibolt|Bellibolt, L50, F|100\/100\n|turn|9\n|\n|t:|1683766652\n|move|p1b: Lycanroc|Rock Slide|p2a: Bellibolt|[spread] p2a,p2b\n|-crit|p2b: Flutter Mane\n|-damage|p2a: Bellibolt|78\/100\n|-damage|p2b: Flutter Mane|0 fnt\n|-start|p2a: Bellibolt|Charge|Rock Slide|[from] ability: Electromorphosis\n|faint|p2b: Flutter Mane\n|-end|p2b: Flutter Mane|Protosynthesis|[silent]\n|move|p2a: Bellibolt|Muddy Water|p1b: Lycanroc\n|-supereffective|p1b: Lycanroc\n|-damage|p1b: Lycanroc|9\/100\n|\n|-sideend|p1: Lapila Chucucu|move: Tailwind\n|upkeep\n|turn|10\n|\n|t:|1683766668\n|move|p1b: Lycanroc|Close Combat|p2a: Bellibolt\n|-damage|p2a: Bellibolt|45\/100\n|-unboost|p1b: Lycanroc|def|1\n|-unboost|p1b: Lycanroc|spd|1\n|-start|p2a: Bellibolt|Charge|Close Combat|[from] ability: Electromorphosis\n|move|p2a: Bellibolt|Parabolic Charge|p1b: Lycanroc\n|-damage|p1b: Lycanroc|0 fnt\n|-heal|p2a: Bellibolt|48\/100|[from] drain|[of] p1b: Lycanroc\n|faint|p1b: Lycanroc\n|-end|p2a: Bellibolt|Charge|[silent]\n|\n|win|Charlisito\n|raw|Lapila Chucucu's rating: 1413 → 1394<\/strong> (-19 for losing)\n|raw|Charlisito's rating: 1431 → 1450<\/strong> (+19 for winning)\n|l|\u2606Lapila Chucucu\n","uploadtime":1683766672,"views":12,"p1id":"lapilachucucu","p2id":"charlisito","formatid":"gen9vgc2023regulationc","rating":1394,"private":0,"password":""}