{"id":"gen9vgc2023regulationc-1854790933","p1":"DevasterMAT","p2":"ih8harleyjarvis","format":"[Gen 9] VGC 2023 Regulation C","log":"|j|\u2606DevasterMAT\n|j|\u2606ih8harleyjarvis\n|t:|1682866427\n|gametype|doubles\n|player|p1|DevasterMAT|skyla|1634\n|player|p2|ih8harleyjarvis|266|1538\n|teamsize|p1|6\n|teamsize|p2|6\n|gen|9\n|tier|[Gen 9] VGC 2023 Regulation C\n|rated|\n|rule|Species Clause: Limit one of each Pok\u00e9mon\n|rule|Item Clause: Limit one of each item\n|clearpoke\n|poke|p1|Iron Bundle, L50|\n|poke|p1|Abomasnow, L50, F|\n|poke|p1|Ting-Lu, L50|\n|poke|p1|Annihilape, L50, F|\n|poke|p1|Glimmora, L50, M|\n|poke|p1|Arcanine, L50, F|\n|poke|p2|Skeledirge, L50, M|\n|poke|p2|Wo-Chien, L50|\n|poke|p2|Flutter Mane, L50|\n|poke|p2|Dragonite, L50, F|\n|poke|p2|Glimmora, L50, M|\n|poke|p2|Palafin, L50, M|\n|teampreview|4\n|inactive|Battle timer is ON: inactive players will automatically lose when time's up. (requested by DevasterMAT)\n|inactive|ih8harleyjarvis has 60 seconds left.\n|\n|t:|1682866475\n|start\n|switch|p1a: Ting-Lu|Ting-Lu, L50|100\/100\n|switch|p1b: Annihilape|Annihilape, L50, F|100\/100\n|switch|p2a: Glimmora|Glimmora, L50, M|100\/100\n|switch|p2b: Palafin|Palafin, L50, M|100\/100\n|-ability|p1a: Ting-Lu|Vessel of Ruin\n|turn|1\n|\n|t:|1682866497\n|switch|p2a: Dragonite|Dragonite, L50, F|100\/100\n|detailschange|p2b: Palafin|Palafin-Hero, L50, M\n|switch|p2b: Wo-Chien|Wo-Chien, L50|100\/100\n|-ability|p2b: Wo-Chien|Tablets of Ruin\n|move|p1b: Annihilape|Protect|p1b: Annihilape\n|-singleturn|p1b: Annihilape|Protect\n|move|p1a: Ting-Lu|Stomping Tantrum|p2a: Dragonite\n|-immune|p2a: Dragonite\n|\n|upkeep\n|turn|2\n|\n|t:|1682866519\n|switch|p1b: Glimmora|Glimmora, L50, M, shiny|100\/100\n|move|p2a: Dragonite|Low Kick|p1a: Ting-Lu\n|-supereffective|p1a: Ting-Lu\n|-damage|p1a: Ting-Lu|62\/100\n|move|p2b: Wo-Chien|Leech Seed|p1b: Glimmora\n|-start|p1b: Glimmora|move: Leech Seed\n|move|p1a: Ting-Lu|Fissure|p2b: Wo-Chien|[miss]\n|-miss|p1a: Ting-Lu|p2b: Wo-Chien\n|\n|-damage|p1b: Glimmora|89\/100|[from] Leech Seed|[of] p2b: Wo-Chien\n|upkeep\n|turn|3\n|inactive|ih8harleyjarvis has 30 seconds left.\n|\n|t:|1682866551\n|move|p2b: Wo-Chien|Protect|p2b: Wo-Chien\n|-singleturn|p2b: Wo-Chien|Protect\n|move|p1b: Glimmora|Mortal Spin|p2a: Dragonite|[spread] p2a\n|-activate|p2b: Wo-Chien|move: Protect\n|-crit|p2a: Dragonite\n|-damage|p2a: Dragonite|98\/100\n|-status|p2a: Dragonite|psn\n|-end|p1b: Glimmora|Leech Seed|[from] move: Mortal Spin|[of] p1b: Glimmora\n|move|p2a: Dragonite|Low Kick|p1a: Ting-Lu\n|-supereffective|p1a: Ting-Lu\n|-damage|p1a: Ting-Lu|27\/100\n|move|p1a: Ting-Lu|Fissure|p2b: Wo-Chien\n|-activate|p2b: Wo-Chien|move: Protect\n|\n|-damage|p2a: Dragonite|86\/100 psn|[from] psn\n|upkeep\n|turn|4\n|\n|t:|1682866575\n|switch|p1a: Annihilape|Annihilape, L50, F|100\/100\n|move|p1b: Glimmora|Mortal Spin|p2a: Dragonite|[spread] p2a,p2b\n|-supereffective|p2b: Wo-Chien\n|-damage|p2a: Dragonite|83\/100 psn\n|-damage|p2b: Wo-Chien|96\/100\n|-status|p2b: Wo-Chien|psn\n|move|p2a: Dragonite|Low Kick|p1a: Annihilape\n|-immune|p1a: Annihilape\n|move|p2b: Wo-Chien|Pollen Puff|p2a: Dragonite\n|-heal|p2a: Dragonite|100\/100 psn\n|\n|-heal|p2b: Wo-Chien|100\/100 psn|[from] item: Leftovers\n|-damage|p2a: Dragonite|88\/100 psn|[from] psn\n|-damage|p2b: Wo-Chien|88\/100 psn|[from] psn\n|upkeep\n|turn|5\n|\n|t:|1682866598\n|-terastallize|p2a: Dragonite|Flying\n|move|p1b: Glimmora|Venoshock|p2b: Wo-Chien\n|-supereffective|p2b: Wo-Chien\n|-damage|p2b: Wo-Chien|3\/100 psn\n|move|p1a: Annihilape|Bulk Up|p1a: Annihilape\n|-boost|p1a: Annihilape|atk|1\n|-boost|p1a: Annihilape|def|1\n|move|p2a: Dragonite|Tera Blast|p1a: Annihilape\n|-supereffective|p1a: Annihilape\n|-damage|p1a: Annihilape|41\/100\n|move|p2b: Wo-Chien|Leech Seed|p1b: Glimmora\n|-start|p1b: Glimmora|move: Leech Seed\n|\n|-heal|p1a: Annihilape|47\/100|[from] item: Leftovers\n|-heal|p2b: Wo-Chien|9\/100 psn|[from] item: Leftovers\n|-damage|p1b: Glimmora|77\/100|[from] Leech Seed|[of] p2b: Wo-Chien\n|-heal|p2b: Wo-Chien|19\/100 psn|[silent]\n|-damage|p2a: Dragonite|76\/100 psn|[from] psn\n|-damage|p2b: Wo-Chien|7\/100 psn|[from] psn\n|upkeep\n|turn|6\n|inactive|ih8harleyjarvis has 30 seconds left.\n|inactive|ih8harleyjarvis has 20 seconds left.\n|inactive|ih8harleyjarvis has 15 seconds left.\n|\n|t:|1682866638\n|move|p1a: Annihilape|Protect|p1a: Annihilape\n|-singleturn|p1a: Annihilape|Protect\n|move|p1b: Glimmora|Mortal Spin|p2b: Wo-Chien|[spread] p2a,p2b\n|-supereffective|p2b: Wo-Chien\n|-damage|p2a: Dragonite|73\/100 psn\n|-damage|p2b: Wo-Chien|3\/100 psn\n|-end|p1b: Glimmora|Leech Seed|[from] move: Mortal Spin|[of] p1b: Glimmora\n|move|p2a: Dragonite|Tera Blast|p1a: Annihilape\n|-activate|p1a: Annihilape|move: Protect\n|move|p2b: Wo-Chien|Pollen Puff|p2a: Dragonite\n|-heal|p2a: Dragonite|100\/100 psn\n|\n|-heal|p1a: Annihilape|53\/100|[from] item: Leftovers\n|-heal|p2b: Wo-Chien|8\/100 psn|[from] item: Leftovers\n|-damage|p2a: Dragonite|88\/100 psn|[from] psn\n|-damage|p2b: Wo-Chien|0 fnt|[from] psn\n|faint|p2b: Wo-Chien\n|upkeep\n|\n|t:|1682866661\n|switch|p2b: Palafin|Palafin-Hero, L50, M|100\/100\n|-activate|p2b: Palafin|ability: Zero to Hero\n|turn|7\n|\n|t:|1682866685\n|-terastallize|p1b: Glimmora|Grass\n|move|p2b: Palafin|Protect|p2b: Palafin\n|-singleturn|p2b: Palafin|Protect\n|move|p1b: Glimmora|Power Gem|p2a: Dragonite\n|-supereffective|p2a: Dragonite\n|-damage|p2a: Dragonite|45\/100 psn\n|move|p1a: Annihilape|Rage Fist|p2a: Dragonite\n|-damage|p2a: Dragonite|0 fnt\n|faint|p2a: Dragonite\n|\n|-heal|p1a: Annihilape|59\/100|[from] item: Leftovers\n|upkeep\n|\n|t:|1682866694\n|switch|p2a: Glimmora|Glimmora, L50, M|100\/100\n|turn|8\n|j| Buddymayhem\n|inactive|DevasterMAT has 30 seconds left.\n|\n|t:|1682866725\n|move|p1a: Annihilape|Protect|p1a: Annihilape\n|-singleturn|p1a: Annihilape|Protect\n|move|p2a: Glimmora|Mortal Spin|p1a: Annihilape|[spread] p1b\n|-activate|p1a: Annihilape|move: Protect\n|-supereffective|p1b: Glimmora\n|-damage|p1b: Glimmora|65\/100\n|-status|p1b: Glimmora|psn\n|-activate|p1b: Glimmora|ability: Toxic Debris\n|-sidestart|p2: ih8harleyjarvis|move: Toxic Spikes\n|-sideend|p2: ih8harleyjarvis|Toxic Spikes|[from] move: Mortal Spin|[of] p2a: Glimmora\n|move|p1b: Glimmora|Mortal Spin|p2a: Glimmora|[spread] p2a,p2b\n|-resisted|p2a: Glimmora\n|-damage|p2a: Glimmora|99\/100\n|-damage|p2b: Palafin|97\/100\n|-status|p2b: Palafin|psn\n|-activate|p2a: Glimmora|ability: Toxic Debris\n|-sidestart|p1: DevasterMAT|move: Toxic Spikes\n|-sideend|p1: DevasterMAT|Toxic Spikes|[from] move: Mortal Spin|[of] p1b: Glimmora\n|move|p2b: Palafin|Bulk Up|p2b: Palafin\n|-boost|p2b: Palafin|atk|1\n|-boost|p2b: Palafin|def|1\n|\n|-heal|p1a: Annihilape|65\/100|[from] item: Leftovers\n|-damage|p1b: Glimmora|53\/100 psn|[from] psn\n|-damage|p2b: Palafin|85\/100 psn|[from] psn\n|upkeep\n|turn|9\n|inactive|ih8harleyjarvis has 30 seconds left.\n|\n|t:|1682866759\n|move|p2b: Palafin|Jet Punch|p1a: Annihilape\n|-crit|p1a: Annihilape\n|-damage|p1a: Annihilape|0 fnt\n|faint|p1a: Annihilape\n|move|p2a: Glimmora|Earth Power|p1b: Glimmora\n|-resisted|p1b: Glimmora\n|-damage|p1b: Glimmora|33\/100 psn\n|move|p1b: Glimmora|Venoshock|p2b: Palafin\n|-damage|p2b: Palafin|27\/100 psn\n|\n|-damage|p1b: Glimmora|21\/100 psn|[from] psn\n|-damage|p2b: Palafin|15\/100 psn|[from] psn\n|upkeep\n|\n|t:|1682866770\n|switch|p1a: Iron Bundle|Iron Bundle, L50, shiny|100\/100\n|-enditem|p1a: Iron Bundle|Booster Energy\n|-activate|p1a: Iron Bundle|ability: Quark Drive|[fromitem]\n|-start|p1a: Iron Bundle|quarkdrivespe\n|turn|10\n|\n|t:|1682866783\n|move|p1a: Iron Bundle|Protect|p1a: Iron Bundle\n|-singleturn|p1a: Iron Bundle|Protect\n|move|p1b: Glimmora|Spiky Shield|p1b: Glimmora\n|-singleturn|p1b: Glimmora|move: Protect\n|move|p2b: Palafin|Protect|p2b: Palafin\n|-singleturn|p2b: Palafin|Protect\n|move|p2a: Glimmora|Power Gem|p1a: Iron Bundle\n|-activate|p1a: Iron Bundle|move: Protect\n|\n|-damage|p1b: Glimmora|9\/100 psn|[from] psn\n|-damage|p2b: Palafin|3\/100 psn|[from] psn\n|upkeep\n|turn|11\n|\n|t:|1682866802\n|move|p1b: Glimmora|Spiky Shield||[still]\n|-fail|p1b: Glimmora\n|move|p2b: Palafin|Jet Punch|p1b: Glimmora\n|-resisted|p1b: Glimmora\n|-crit|p1b: Glimmora\n|-damage|p1b: Glimmora|0 fnt\n|-activate|p1b: Glimmora|ability: Toxic Debris\n|-sidestart|p2: ih8harleyjarvis|move: Toxic Spikes\n|faint|p1b: Glimmora\n|move|p1a: Iron Bundle|Hydro Pump|p2a: Glimmora\n|-supereffective|p2a: Glimmora\n|-damage|p2a: Glimmora|0 fnt\n|faint|p2a: Glimmora\n|\n|-damage|p2b: Palafin|0 fnt|[from] psn\n|faint|p2b: Palafin\n|\n|win|DevasterMAT\n|upkeep\n|raw|DevasterMAT's rating: 1634 → 1649<\/strong> (+15 for winning)\n|raw|ih8harleyjarvis's rating: 1538 → 1523<\/strong> (-15 for losing)\n|l|\u2606DevasterMAT\n|l|\u2606ih8harleyjarvis\n","uploadtime":1682866851,"views":12,"p1id":"devastermat","p2id":"ih8harleyjarvis","formatid":"gen9vgc2023regulationc","rating":1523,"private":0,"password":""}