{"id":"gen9vgc2023regulationc-1862121689","p1":"QuaxLink","p2":"Greedent Enjoyer","format":"[Gen 9] VGC 2023 Regulation C","log":"|j|\u2606QuaxLink\n|j|\u2606Greedent Enjoyer\n|t:|1683839212\n|gametype|doubles\n|player|p1|QuaxLink|blackbelt-gen4dp|\n|player|p2|Greedent Enjoyer|artist|\n|teamsize|p1|6\n|teamsize|p2|6\n|gen|9\n|tier|[Gen 9] VGC 2023 Regulation C\n|rule|Species Clause: Limit one of each Pok\u00e9mon\n|rule|Item Clause: Limit one of each item\n|clearpoke\n|poke|p1|Flutter Mane, L50|\n|poke|p1|Grafaiai, L50, M|\n|poke|p1|Dragonite, L50, M|\n|poke|p1|Tauros-Paldea-Blaze, L50, M|\n|poke|p1|Vivillon, L50, M|\n|poke|p1|Clawitzer, L50, F|\n|poke|p2|Forretress, L50, M|\n|poke|p2|Mabosstiff, L50, F|\n|poke|p2|Iron Thorns, L50|\n|poke|p2|Iron Jugulis, L50|\n|poke|p2|Pincurchin, L50, F|\n|poke|p2|Scovillain, L50, M|\n|teampreview|4\n|\n|t:|1683839323\n|start\n|switch|p1a: Grafaiai|Grafaiai, L50, M|100\/100\n|switch|p1b: Dragonite|Dragonite, L50, M|100\/100\n|switch|p2a: Suneater|Scovillain, L50, M|100\/100\n|switch|p2b: Tsukuyomi|Iron Jugulis, L50|100\/100\n|turn|1\n|j| PorygonTheBot\n|c| PorygonTheBot|This game looks fun!\n|\n|t:|1683839375\n|switch|p2a: Gigantomachia|Iron Thorns, L50, shiny|100\/100\n|move|p1a: Grafaiai|Taunt|p2a: Gigantomachia\n|-start|p2a: Gigantomachia|move: Taunt\n|move|p2b: Tsukuyomi|Tailwind|p2b: Tsukuyomi\n|-sidestart|p2: Greedent Enjoyer|move: Tailwind\n|move|p1b: Dragonite|Dragon Dance|p1b: Dragonite\n|-boost|p1b: Dragonite|atk|1\n|-boost|p1b: Dragonite|spe|1\n|\n|upkeep\n|turn|2\n|j| xMissingName\n|\n|t:|1683839439\n|-end|p2b: Tsukuyomi|Quark Drive|[silent]\n|switch|p2b: Chargebolt|Pincurchin, L50, F|100\/100\n|-fieldstart|move: Electric Terrain|[from] ability: Electric Surge|[of] p2b: Chargebolt\n|-activate|p2a: Gigantomachia|ability: Quark Drive\n|-start|p2a: Gigantomachia|quarkdriveatk\n|switch|p1a: Tauros|Tauros-Paldea-Blaze, L50, M, shiny|100\/100\n|-ability|p1a: Tauros|Intimidate|boost\n|-fail|p2a: Gigantomachia|unboost|[from] item: Clear Amulet|[of] p2a: Gigantomachia\n|-unboost|p2b: Chargebolt|atk|1\n|-terastallize|p1b: Dragonite|Normal\n|move|p1b: Dragonite|Extreme Speed|p2b: Chargebolt\n|-damage|p2b: Chargebolt|20\/100\n|move|p2a: Gigantomachia|Rock Slide|p1b: Dragonite|[spread] p1a\n|-miss|p2a: Gigantomachia|p1b: Dragonite\n|-damage|p1a: Tauros|62\/100\n|\n|upkeep\n|turn|3\n|\n|t:|1683839494\n|-terastallize|p2a: Gigantomachia|Grass\n|move|p1b: Dragonite|Protect|p1b: Dragonite\n|-singleturn|p1b: Dragonite|Protect\n|move|p2a: Gigantomachia|Wild Charge|p1a: Tauros\n|-damage|p1a: Tauros|0 fnt\n|faint|p1a: Tauros\n|-damage|p2a: Gigantomachia|86\/100|[from] Recoil\n|move|p2b: Chargebolt|Zing Zap|p1b: Dragonite\n|-activate|p1b: Dragonite|move: Protect\n|\n|-end|p2a: Gigantomachia|move: Taunt\n|upkeep\n|\n|t:|1683839514\n|switch|p1a: Flutter Mane|Flutter Mane, L50|100\/100\n|turn|4\n|\n|t:|1683839576\n|move|p2a: Gigantomachia|Protect|p2a: Gigantomachia\n|-singleturn|p2a: Gigantomachia|Protect\n|move|p1a: Flutter Mane|Protect|p1a: Flutter Mane\n|-singleturn|p1a: Flutter Mane|Protect\n|move|p1b: Dragonite|Extreme Speed|p2a: Gigantomachia\n|-activate|p2a: Gigantomachia|move: Protect\n|move|p2b: Chargebolt|Thunder Wave|p1b: Dragonite|[miss]\n|-miss|p2b: Chargebolt|p1b: Dragonite\n|\n|-sideend|p2: Greedent Enjoyer|move: Tailwind\n|upkeep\n|turn|5\n|c|\u2606Greedent Enjoyer|DIESES FUCKING GAME\n|c|\u2606Greedent Enjoyer|AOGOIJHSGOHPIAPOJHGSJIHAGS\n|\n|t:|1683839761\n|move|p1b: Dragonite|Extreme Speed|p2b: Chargebolt\n|-damage|p2b: Chargebolt|0 fnt\n|faint|p2b: Chargebolt\n|move|p1a: Flutter Mane|Moonblast|p2a: Gigantomachia\n|-damage|p2a: Gigantomachia|14\/100\n|-damage|p1a: Flutter Mane|91\/100|[from] item: Life Orb\n|move|p2a: Gigantomachia|Wild Charge|p1a: Flutter Mane\n|-damage|p1a: Flutter Mane|0 fnt\n|faint|p1a: Flutter Mane\n|-end|p1a: Flutter Mane|Protosynthesis|[silent]\n|-damage|p2a: Gigantomachia|0 fnt|[from] Recoil\n|faint|p2a: Gigantomachia\n|-end|p2a: Gigantomachia|Quark Drive|[silent]\n|\n|upkeep\n|\n|t:|1683839773\n|switch|p1a: Grafaiai|Grafaiai, L50, M|100\/100\n|switch|p2a: Suneater|Scovillain, L50, M|100\/100\n|switch|p2b: Tsukuyomi|Iron Jugulis, L50|100\/100\n|-activate|p2b: Tsukuyomi|ability: Quark Drive\n|-start|p2b: Tsukuyomi|quarkdrivespe\n|turn|6\n|j| lebendige Qual\n|l|lebendigequal\n|\n|t:|1683839800\n|move|p1b: Dragonite|Extreme Speed|p2b: Tsukuyomi\n|-damage|p2b: Tsukuyomi|24\/100\n|move|p2b: Tsukuyomi|Tailwind|p2b: Tsukuyomi\n|-sidestart|p2: Greedent Enjoyer|move: Tailwind\n|move|p2a: Suneater|Flamethrower|p1b: Dragonite\n|-damage|p1b: Dragonite|85\/100\n|move|p1a: Grafaiai|Poison Jab|p2a: Suneater\n|-supereffective|p2a: Suneater\n|-damage|p2a: Suneater|13\/100\n|-status|p2a: Suneater|psn\n|\n|-heal|p2a: Suneater|19\/100 psn|[from] item: Leftovers\n|-damage|p2a: Suneater|7\/100 psn|[from] psn\n|-fieldend|move: Electric Terrain\n|-end|p2b: Tsukuyomi|Quark Drive\n|-ability|p2a: Suneater|Moody|boost\n|-boost|p2a: Suneater|spe|2\n|-unboost|p2a: Suneater|def|1\n|upkeep\n|turn|7\n|j| IceJJKech\n|c| IceJJKech|GO ESVEE\n|c|\u2606Greedent Enjoyer|alles scheise\n|c| IceJJKech|du machst das noch\n|\n|t:|1683839903\n|move|p1b: Dragonite|Extreme Speed|p2b: Tsukuyomi\n|-damage|p2b: Tsukuyomi|0 fnt\n|faint|p2b: Tsukuyomi\n|-end|p2b: Tsukuyomi|Quark Drive|[silent]\n|move|p2a: Suneater|Flamethrower|p1b: Dragonite\n|-damage|p1b: Dragonite|53\/100\n|move|p1a: Grafaiai|Poison Jab|p2a: Suneater\n|-supereffective|p2a: Suneater\n|-damage|p2a: Suneater|0 fnt\n|faint|p2a: Suneater\n|\n|win|QuaxLink\n|l| PorygonTheBot\n|c|\u2606Greedent Enjoyer|geges :(\n","uploadtime":1683839904,"views":18,"p1id":"quaxlink","p2id":"greedentenjoyer","formatid":"gen9vgc2023regulationc","rating":0,"private":0,"password":""}