{"id":"gen9vgc2023regulationc-1856862190","p1":"tumes92","p2":"Petuniaveloz58","format":"[Gen 9] VGC 2023 Regulation C","log":"|j|\u2606tumes92\n|j|\u203dPetuniaveloz58\n|t:|1683120466\n|gametype|doubles\n|player|p1|tumes92|red|1536\n|player|p2|Petuniaveloz58|101|1653\n|teamsize|p1|6\n|teamsize|p2|6\n|gen|9\n|tier|[Gen 9] VGC 2023 Regulation C\n|rated|\n|rule|Species Clause: Limit one of each Pok\u00e9mon\n|rule|Item Clause: Limit one of each item\n|clearpoke\n|poke|p1|Chien-Pao, L50|\n|poke|p1|Palafin, L50, F|\n|poke|p1|Amoonguss, L50, M|\n|poke|p1|Dragapult, L50, F|\n|poke|p1|Maushold, L50|\n|poke|p1|Annihilape, L50, M|\n|poke|p2|Palafin, L50, F|\n|poke|p2|Arcanine, L50, M|\n|poke|p2|Amoonguss, L50, M|\n|poke|p2|Ting-Lu, L50|\n|poke|p2|Baxcalibur, L50, M|\n|poke|p2|Flutter Mane, L50|\n|teampreview|4\n|inactive|Battle timer is ON: inactive players will automatically lose when time's up. (requested by tumes92)\n|inactive|Petuniaveloz58 has 60 seconds left.\n|\n|t:|1683120512\n|start\n|switch|p1a: Maushold|Maushold, L50|100\/100\n|switch|p1b: Annihilape|Annihilape, L50, M|100\/100\n|switch|p2a: Arcanine|Arcanine, L50, M|100\/100\n|switch|p2b: Flutter Mane|Flutter Mane, L50|100\/100\n|-ability|p2a: Arcanine|Intimidate|boost\n|-unboost|p1a: Maushold|atk|1\n|-unboost|p1b: Annihilape|atk|1\n|turn|1\n|\n|t:|1683120527\n|-terastallize|p2b: Flutter Mane|Fairy\n|-terastallize|p1b: Annihilape|Fire\n|move|p1a: Maushold|Population Bomb|p2a: Arcanine\n|-damage|p2a: Arcanine|93\/100\n|-damage|p2a: Arcanine|85\/100\n|-damage|p2a: Arcanine|77\/100\n|-damage|p2a: Arcanine|69\/100\n|-damage|p2a: Arcanine|60\/100\n|-damage|p2a: Arcanine|53\/100\n|-damage|p2a: Arcanine|44\/100\n|-damage|p2a: Arcanine|36\/100\n|-damage|p2a: Arcanine|28\/100\n|-damage|p2a: Arcanine|20\/100\n|-hitcount|p2a: Arcanine|10\n|move|p2b: Flutter Mane|Moonblast|p1a: Maushold\n|-damage|p1a: Maushold|0 fnt\n|faint|p1a: Maushold\n|move|p1b: Annihilape|Rage Fist|p2b: Flutter Mane\n|-crit|p2b: Flutter Mane\n|-damage|p2b: Flutter Mane|50\/100\n|move|p2a: Arcanine|Will-O-Wisp|p1b: Annihilape|[miss]\n|-miss|p2a: Arcanine|p1b: Annihilape\n|\n|upkeep\n|inactive|tumes92 has 30 seconds left.\n|\n|t:|1683120553\n|switch|p1a: Palafin|Palafin, L50, F|100\/100\n|turn|2\n|\n|t:|1683120565\n|switch|p2a: Amoonguss|Amoonguss, L50, M|100\/100\n|move|p1a: Palafin|Jet Punch|p2b: Flutter Mane\n|-damage|p2b: Flutter Mane|5\/100\n|move|p2b: Flutter Mane|Moonblast|p1a: Palafin\n|-damage|p1a: Palafin|0 fnt\n|faint|p1a: Palafin\n|move|p1b: Annihilape|Rage Fist|p2a: Amoonguss\n|-damage|p2a: Amoonguss|88\/100\n|\n|upkeep\n|j| Shine Like a Gem\n|\n|t:|1683120576\n|switch|p1a: Amoonguss|Amoonguss, L50, M|100\/100\n|turn|3\n|\n|t:|1683120590\n|-end|p2b: Flutter Mane|Protosynthesis|[silent]\n|switch|p2b: Arcanine|Arcanine, L50, M|20\/100\n|-ability|p2b: Arcanine|Intimidate|boost\n|-unboost|p1a: Amoonguss|atk|1\n|-unboost|p1b: Annihilape|atk|1\n|move|p1b: Annihilape|Bulk Up|p1b: Annihilape\n|-boost|p1b: Annihilape|atk|1\n|-boost|p1b: Annihilape|def|1\n|move|p1a: Amoonguss|Pollen Puff|p2b: Arcanine\n|-resisted|p2b: Arcanine\n|-damage|p2b: Arcanine|11\/100\n|move|p2a: Amoonguss|Spore|p1b: Annihilape\n|-immune|p1b: Annihilape|[from] ability: Vital Spirit\n|\n|upkeep\n|turn|4\n|inactive|Petuniaveloz58 has 30 seconds left.\n|inactive|Petuniaveloz58 has 20 seconds left.\n|\n|t:|1683120630\n|move|p2a: Amoonguss|Rage Powder|p2a: Amoonguss\n|-singleturn|p2a: Amoonguss|move: Rage Powder\n|move|p1b: Annihilape|Rage Fist|p2a: Amoonguss\n|-damage|p2a: Amoonguss|75\/100\n|move|p2b: Arcanine|Howl|p2b: Arcanine|[spread] p2a,p2b\n|-boost|p2a: Amoonguss|atk|1\n|-boost|p2b: Arcanine|atk|1\n|move|p1a: Amoonguss|Pollen Puff|p1b: Annihilape\n|-immune|p1b: Annihilape\n|\n|upkeep\n|turn|5\n|\n|t:|1683120647\n|move|p2a: Amoonguss|Rage Powder|p2a: Amoonguss\n|-singleturn|p2a: Amoonguss|move: Rage Powder\n|move|p1b: Annihilape|Bulk Up|p1b: Annihilape\n|-boost|p1b: Annihilape|atk|1\n|-boost|p1b: Annihilape|def|1\n|move|p2b: Arcanine|Flare Blitz|p1a: Amoonguss\n|-supereffective|p1a: Amoonguss\n|-damage|p1a: Amoonguss|0 fnt\n|faint|p1a: Amoonguss\n|-damage|p2b: Arcanine|0 fnt|[from] Recoil\n|faint|p2b: Arcanine\n|\n|upkeep\n|\n|t:|1683120657\n|switch|p2b: Flutter Mane|Flutter Mane, L50, tera:Fairy|5\/100\n|turn|6\n|\n|t:|1683120667\n|move|p2b: Flutter Mane|Shadow Ball|p1b: Annihilape\n|-damage|p1b: Annihilape|49\/100\n|move|p1b: Annihilape|Rage Fist|p2b: Flutter Mane\n|-damage|p2b: Flutter Mane|0 fnt\n|faint|p2b: Flutter Mane\n|-end|p2b: Flutter Mane|Protosynthesis|[silent]\n|move|p2a: Amoonguss|Clear Smog|p1b: Annihilape\n|-damage|p1b: Annihilape|36\/100\n|-clearboost|p1b: Annihilape\n|\n|-heal|p1b: Annihilape|42\/100|[from] item: Leftovers\n|upkeep\n|\n|t:|1683120672\n|switch|p2b: Baxcalibur|Baxcalibur, L50, M|100\/100\n|turn|7\n|\n|t:|1683120683\n|move|p1b: Annihilape|Protect|p1b: Annihilape\n|-singleturn|p1b: Annihilape|Protect\n|move|p2a: Amoonguss|Rage Powder|p2a: Amoonguss\n|-singleturn|p2a: Amoonguss|move: Rage Powder\n|move|p2b: Baxcalibur|Glaive Rush|p1b: Annihilape\n|-activate|p1b: Annihilape|move: Protect\n|\n|-heal|p1b: Annihilape|48\/100|[from] item: Leftovers\n|upkeep\n|turn|8\n|\n|t:|1683120695\n|move|p2a: Amoonguss|Rage Powder|p2a: Amoonguss\n|-singleturn|p2a: Amoonguss|move: Rage Powder\n|move|p1b: Annihilape|Rage Fist|p2a: Amoonguss\n|-damage|p2a: Amoonguss|19\/100\n|-enditem|p2a: Amoonguss|Sitrus Berry|[eat]\n|-heal|p2a: Amoonguss|44\/100|[from] item: Sitrus Berry\n|move|p2b: Baxcalibur|Glaive Rush|p1b: Annihilape\n|-damage|p1b: Annihilape|0 fnt\n|-singlemove|p2b: Baxcalibur|Glaive Rush|[silent]\n|faint|p1b: Annihilape\n|\n|win|Petuniaveloz58\n|raw|tumes92's rating: 1536 → 1522<\/strong> (-14 for losing)\n|raw|Petuniaveloz58's rating: 1653 → 1667<\/strong> (+14 for winning)\n|l|\u203dPetuniaveloz58\n|l|\u2606tumes92\n","uploadtime":1683120856,"views":7,"p1id":"tumes92","p2id":"petuniaveloz58","formatid":"gen9vgc2023regulationc","rating":1522,"private":0,"password":""}