{"id":"gen9vgc2023regulationc-1856656344","p1":"Ijustwantagarchomp","p2":"1Skyler0","format":"[Gen 9] VGC 2023 Regulation C","log":"|j|\u2606Ijustwantagarchomp\n|j|\u26061Skyler0\n|t:|1683089078\n|gametype|doubles\n|player|p1|Ijustwantagarchomp|266|1117\n|player|p2|1Skyler0|guitarist|1213\n|teamsize|p1|6\n|teamsize|p2|6\n|gen|9\n|tier|[Gen 9] VGC 2023 Regulation C\n|rated|\n|rule|Species Clause: Limit one of each Pok\u00e9mon\n|rule|Item Clause: Limit one of each item\n|clearpoke\n|poke|p1|Bisharp, L50, M|\n|poke|p1|Talonflame, L50, F|\n|poke|p1|Baxcalibur, L50, M|\n|poke|p1|Flutter Mane, L50|\n|poke|p1|Amoonguss, L50, M|\n|poke|p1|Gastrodon, L50, F|\n|poke|p2|Ting-Lu, L50|\n|poke|p2|Flutter Mane, L50|\n|poke|p2|Amoonguss, L50, M|\n|poke|p2|Gyarados, L50, F|\n|poke|p2|Glimmora, L50, M|\n|poke|p2|Baxcalibur, L50, M|\n|teampreview|4\nIjustwantagarchomp rejected open team sheets.\n|\n|t:|1683089150\n|start\n|switch|p1a: Flutter Mane|Flutter Mane, L50|100\/100\n|switch|p1b: Amoonguss|Amoonguss, L50, M|100\/100\n|switch|p2a: Glimmora|Glimmora, L50, M|100\/100\n|switch|p2b: Gyarados|Gyarados, L50, F|100\/100\n|-ability|p2b: Gyarados|Intimidate|boost\n|-unboost|p1a: Flutter Mane|atk|1\n|-unboost|p1b: Amoonguss|atk|1\n|-enditem|p1a: Flutter Mane|Booster Energy\n|-activate|p1a: Flutter Mane|ability: Protosynthesis|[fromitem]\n|-start|p1a: Flutter Mane|protosynthesisspa\n|turn|1\n|\n|t:|1683089210\n|move|p1a: Flutter Mane|Substitute|p1a: Flutter Mane\n|-start|p1a: Flutter Mane|Substitute\n|-damage|p1a: Flutter Mane|75\/100\n|move|p2a: Glimmora|Power Gem|p1a: Flutter Mane\n|-end|p1a: Flutter Mane|Substitute\n|move|p2b: Gyarados|Taunt|p1b: Amoonguss\n|-start|p1b: Amoonguss|move: Taunt\n|move|p1b: Amoonguss|Pollen Puff|p1a: Flutter Mane\n|-heal|p1a: Flutter Mane|100\/100\n|\n|upkeep\n|turn|2\n|\n|t:|1683089259\n|-end|p1a: Flutter Mane|Protosynthesis|[silent]\n|switch|p1a: Gastrodon|Gastrodon, L50, F, shiny|100\/100\n|switch|p1b: Bisharp|Bisharp, L50, M|100\/100\n|move|p2a: Glimmora|Power Gem|p1a: Gastrodon\n|-resisted|p1a: Gastrodon\n|-damage|p1a: Gastrodon|81\/100\n|move|p2b: Gyarados|Thunder Wave|p1a: Gastrodon\n|-immune|p1a: Gastrodon\n|\n|-heal|p1a: Gastrodon|87\/100|[from] item: Leftovers\n|upkeep\n|turn|3\n|\n|t:|1683089307\n|move|p2a: Glimmora|Spiky Shield|p2a: Glimmora\n|-singleturn|p2a: Glimmora|move: Protect\n|move|p1a: Gastrodon|Protect|p1a: Gastrodon\n|-singleturn|p1a: Gastrodon|Protect\n|move|p2b: Gyarados|Thunder Wave|p1b: Bisharp\n|-status|p1b: Bisharp|par\n|cant|p1b: Bisharp|par\n|\n|-heal|p1a: Gastrodon|93\/100|[from] item: Leftovers\n|upkeep\n|turn|4\n|\n|t:|1683089343\n|switch|p2a: amoongus|Amoonguss, L50, M|100\/100\n|move|p2b: Gyarados|Taunt|p1a: Gastrodon\n|-start|p1a: Gastrodon|move: Taunt\n|cant|p1a: Gastrodon|move: Taunt|Yawn\n|move|p1b: Bisharp|Swords Dance|p1b: Bisharp\n|-boost|p1b: Bisharp|atk|2\n|\n|-heal|p1a: Gastrodon|99\/100|[from] item: Leftovers\n|upkeep\n|turn|5\n|\n|t:|1683089374\n|switch|p2b: Glimmora|Glimmora, L50, M|100\/100\n|move|p1a: Gastrodon|Muddy Water|p2a: amoongus|[spread] p2a,p2b\n|-resisted|p2a: amoongus\n|-supereffective|p2b: Glimmora\n|-damage|p2a: amoongus|88\/100\n|-damage|p2b: Glimmora|12\/100\n|-unboost|p2b: Glimmora|accuracy|1\n|move|p1b: Bisharp|Swords Dance|p1b: Bisharp\n|-boost|p1b: Bisharp|atk|2\n|move|p2a: amoongus|Spore|p1a: Gastrodon\n|-status|p1a: Gastrodon|slp|[from] move: Spore\n|\n|-heal|p1a: Gastrodon|100\/100 slp|[from] item: Leftovers\n|upkeep\n|turn|6\n|\n|t:|1683089405\n|move|p2b: Glimmora|Earth Power|p1b: Bisharp\n|-supereffective|p1b: Bisharp\n|-damage|p1b: Bisharp|51\/100 par\n|cant|p1a: Gastrodon|slp\n|move|p1b: Bisharp|Night Slash|p2a: amoongus\n|-damage|p2a: amoongus|9\/100\n|-damage|p1b: Bisharp|35\/100 par|[from] item: Rocky Helmet|[of] p2a: amoongus\n|move|p2a: amoongus|Pollen Puff|p1b: Bisharp\n|-damage|p1b: Bisharp|21\/100 par\n|\n|-end|p1a: Gastrodon|move: Taunt\n|upkeep\n|turn|7\n|\n|t:|1683089426\n|switch|p2a: flutermane|Flutter Mane, L50|100\/100\n|move|p1b: Bisharp|Protect|p1b: Bisharp\n|-singleturn|p1b: Bisharp|Protect\n|move|p2b: Glimmora|Earth Power|p1b: Bisharp\n|-activate|p1b: Bisharp|move: Protect\n|-curestatus|p1a: Gastrodon|slp|[msg]\n|move|p1a: Gastrodon|Muddy Water|p2a: flutermane|[spread] p2a,p2b\n|-supereffective|p2b: Glimmora\n|-damage|p2a: flutermane|68\/100\n|-damage|p2b: Glimmora|0 fnt\n|faint|p2b: Glimmora\n|\n|upkeep\n|\n|t:|1683089436\n|switch|p2b: amoongus|Amoonguss, L50, M|42\/100\n|turn|8\n|\n|t:|1683089484\n|switch|p2b: Gyarados|Gyarados, L50, F|100\/100\n|-ability|p2b: Gyarados|Intimidate|boost\n|-unboost|p1a: Gastrodon|atk|1\n|-unboost|p1b: Bisharp|atk|1\n|-ability|p1b: Bisharp|Defiant|boost\n|-boost|p1b: Bisharp|atk|2\n|move|p2a: flutermane|Shadow Ball|p1b: Bisharp\n|-resisted|p1b: Bisharp\n|-damage|p1b: Bisharp|0 fnt\n|faint|p1b: Bisharp\n|move|p1a: Gastrodon|Earth Power|p2b: Gyarados\n|-immune|p2b: Gyarados\n|\n|upkeep\n|\n|t:|1683089498\n|switch|p1b: Amoonguss|Amoonguss, L50, M|100\/100\n|turn|9\n|\n|t:|1683089552\n|move|p1a: Gastrodon|Protect|p1a: Gastrodon\n|-singleturn|p1a: Gastrodon|Protect\n|move|p2a: flutermane|Shadow Ball|p1b: Amoonguss\n|-damage|p1b: Amoonguss|47\/100\n|move|p2b: Gyarados|Thunder Wave|p1a: Gastrodon\n|-activate|p1a: Gastrodon|move: Protect\n|move|p1b: Amoonguss|Spore|p2a: flutermane\n|-status|p2a: flutermane|slp|[from] move: Spore\n|\n|upkeep\n|turn|10\n|\n|t:|1683089601\n|cant|p2a: flutermane|slp\n|move|p2b: Gyarados|Taunt|p1b: Amoonguss\n|-start|p1b: Amoonguss|move: Taunt\n|move|p1a: Gastrodon|Muddy Water|p2a: flutermane|[spread] p2a,p2b\n|-resisted|p2b: Gyarados\n|-damage|p2a: flutermane|40\/100 slp\n|-damage|p2b: Gyarados|89\/100\n|-unboost|p2a: flutermane|accuracy|1\n|-unboost|p2b: Gyarados|accuracy|1\n|move|p1b: Amoonguss|Pollen Puff|p2a: flutermane\n|-resisted|p2a: flutermane\n|-damage|p2a: flutermane|36\/100 slp\n|\n|upkeep\n|turn|11\n|inactive|Battle timer is ON: inactive players will automatically lose when time's up. (requested by 1Skyler0)\n|\n|t:|1683089646\n|switch|p2b: amoongus|Amoonguss, L50, M|75\/100\n|cant|p2a: flutermane|slp\n|move|p1a: Gastrodon|Muddy Water|p2a: flutermane|[spread] p2a\n|-miss|p1a: Gastrodon|p2b: amoongus\n|-damage|p2a: flutermane|4\/100 slp\n|move|p1b: Amoonguss|Pollen Puff|p1a: Gastrodon\n|-immune|p1a: Gastrodon\n|\n|upkeep\n|turn|12\n|\n|t:|1683089663\n|-end|p2a: flutermane|Protosynthesis|[silent]\n|switch|p2a: Gyarados|Gyarados, L50, F|89\/100\n|-ability|p2a: Gyarados|Intimidate|boost\n|-unboost|p1a: Gastrodon|atk|1\n|-unboost|p1b: Amoonguss|atk|1\n|move|p1a: Gastrodon|Protect|p1a: Gastrodon\n|-singleturn|p1a: Gastrodon|Protect\n|move|p2b: amoongus|Spore|p1a: Gastrodon\n|-activate|p1a: Gastrodon|move: Protect\n|move|p1b: Amoonguss|Pollen Puff|p2a: Gyarados\n|-resisted|p2a: Gyarados\n|-damage|p2a: Gyarados|82\/100\n|\n|-end|p1b: Amoonguss|move: Taunt\n|upkeep\n|turn|13\n|inactive|Ijustwantagarchomp has 30 seconds left.\n|inactive|Ijustwantagarchomp has 20 seconds left.\n|inactive|Ijustwantagarchomp has 15 seconds left.\n|inactive|Ijustwantagarchomp has 10 seconds left.\n|inactive|Ijustwantagarchomp has 5 seconds left.\n|\n|t:|1683089716\n|move|p2a: Gyarados|Taunt|p1b: Amoonguss\n|-start|p1b: Amoonguss|move: Taunt\n|move|p1a: Gastrodon|Muddy Water|p2b: amoongus|[spread] p2b\n|-miss|p1a: Gastrodon|p2a: Gyarados\n|-resisted|p2b: amoongus\n|-damage|p2b: amoongus|62\/100\n|cant|p1b: Amoonguss|move: Taunt|Spore\n|move|p2b: amoongus|Spore|p1a: Gastrodon\n|-status|p1a: Gastrodon|slp|[from] move: Spore\n|\n|upkeep\n|turn|14\n|inactive|1Skyler0 has 30 seconds left.\n|\n|t:|1683089745\n|move|p2a: Gyarados|Thunder Wave|p1b: Amoonguss\n|-status|p1b: Amoonguss|par\n|cant|p1a: Gastrodon|slp\n|move|p2b: amoongus|Clear Smog|p1b: Amoonguss\n|-damage|p1b: Amoonguss|34\/100 par\n|-clearboost|p1b: Amoonguss\n|move|p1b: Amoonguss|Pollen Puff|p1a: Gastrodon\n|-immune|p1a: Gastrodon\n|\n|upkeep\n|turn|15\n|\n|t:|1683089766\n|switch|p2a: flutermane|Flutter Mane, L50|4\/100 slp\n|-curestatus|p1a: Gastrodon|slp|[msg]\n|move|p1a: Gastrodon|Muddy Water|p2a: flutermane|[spread] p2a\n|-miss|p1a: Gastrodon|p2b: amoongus\n|-damage|p2a: flutermane|0 fnt\n|faint|p2a: flutermane\n|-end|p2a: flutermane|Protosynthesis|[silent]\n|move|p2b: amoongus|Pollen Puff|p2: flutermane|[notarget]\n|-fail|p2b: amoongus\n|cant|p1b: Amoonguss|par\n|\n|-end|p1b: Amoonguss|move: Taunt\n|upkeep\n|c|\u26061Skyler0|welp\n|\n|t:|1683089778\n|switch|p2a: Gyarados|Gyarados, L50, F|82\/100\n|-ability|p2a: Gyarados|Intimidate|boost\n|-unboost|p1a: Gastrodon|atk|1\n|-unboost|p1b: Amoonguss|atk|1\n|turn|16\n|inactive|Ijustwantagarchomp has 30 seconds left.\n|inactive|Ijustwantagarchomp has 20 seconds left.\n|inactive|Ijustwantagarchomp has 15 seconds left.\n|\n|t:|1683089822\n|move|p2a: Gyarados|Protect|p2a: Gyarados\n|-singleturn|p2a: Gyarados|Protect\n|move|p1a: Gastrodon|Protect|p1a: Gastrodon\n|-singleturn|p1a: Gastrodon|Protect\n|move|p2b: amoongus|Spore|p1a: Gastrodon\n|-activate|p1a: Gastrodon|move: Protect\n|move|p1b: Amoonguss|Pollen Puff|p2a: Gyarados\n|-activate|p2a: Gyarados|move: Protect\n|\n|upkeep\n|turn|17\n|inactive|Ijustwantagarchomp has 30 seconds left.\n|inactive|1Skyler0 has 30 seconds left.\n|inactive|1Skyler0 has 20 seconds left.\n|\n|t:|1683089859\n|move|p2a: Gyarados|Taunt|p1b: Amoonguss\n|-start|p1b: Amoonguss|move: Taunt\n|move|p1a: Gastrodon|Muddy Water|p2b: amoongus|[spread] p2a,p2b\n|-resisted|p2a: Gyarados\n|-resisted|p2b: amoongus\n|-damage|p2a: Gyarados|71\/100\n|-damage|p2b: amoongus|50\/100\n|-unboost|p2a: Gyarados|accuracy|1\n|move|p2b: amoongus|Spore|p1a: Gastrodon\n|-status|p1a: Gastrodon|slp|[from] move: Spore\n|cant|p1b: Amoonguss|par\n|\n|upkeep\n|turn|18\n|\n|t:|1683089879\n|move|p2a: Gyarados|Protect|p2a: Gyarados\n|-singleturn|p2a: Gyarados|Protect\n|cant|p1a: Gastrodon|slp\n|move|p2b: amoongus|Clear Smog|p1a: Gastrodon\n|-resisted|p1a: Gastrodon\n|-damage|p1a: Gastrodon|94\/100 slp\n|-clearboost|p1a: Gastrodon\n|move|p1b: Amoonguss|Clear Smog|p2b: amoongus\n|-damage|p2b: amoongus|37\/100\n|-clearboost|p2b: amoongus\n|\n|-heal|p1a: Gastrodon|99\/100 slp|[from] item: Leftovers\n|upkeep\n|turn|19\n|-message|1Skyler0 forfeited.\n|\n|win|Ijustwantagarchomp\n|raw|Ijustwantagarchomp's rating: 1117 → 1149<\/strong> (+32 for winning)\n|raw|1Skyler0's rating: 1213 → 1181<\/strong> (-32 for losing)\n|l|\u26061Skyler0\n","uploadtime":1683089918,"views":8,"p1id":"ijustwantagarchomp","p2id":"1skyler0","formatid":"gen9vgc2023regulationc","rating":1149,"private":0,"password":""}